timestamp,time,exchange,symbol,bid1_price,bid1_volume,bid2_price,bid2_volume,ask1_price,ask1_volume,ask2_price,ask2_volume
1753591902281,04:51:42.281,mexc,ADA/USDT:USDT,0.8319,820962.0,0.8318,757320.0,0.832,906088.0,0.8321,1157830
1753591902605,04:51:42.605,mexc,ADA/USDT:USDT,0.8319,820962.0,0.8318,757320.0,0.832,906088.0,0.8321,1157830
1753591902889,04:51:42.889,mexc,ADA/USDT:USDT,0.8319,820962.0,0.8318,757320.0,0.832,906088.0,0.8321,979250
1753591902890,04:51:42.890,mexc,ADA/USDT:USDT,0.8319,820962.0,0.8318,757320.0,0.832,906088.0,0.8321,1250022
1753591903292,04:51:43.292,mexc,ADA/USDT:USDT,0.8319,820962.0,0.8318,757320.0,0.832,906088.0,0.8321,1250022
1753591903483,04:51:43.483,mexc,ADA/USDT:USDT,0.8319,820962.0,0.8318,1123703,0.832,906088.0,0.8321,1056354
1753591903794,04:51:43.794,mexc,ADA/USDT:USDT,0.8321,791776,0.832,852289,0.8322,937379,0.8323,743153
1753591903946,04:51:43.946,mexc,ADA/USDT:USDT,0.8321,791776,0.832,1326574,0.8322,937081,0.8323,743153
1753591904251,04:51:44.251,mexc,ADA/USDT:USDT,0.8321,791776,0.832,1326574,0.8322,937081,0.8323,743153
1753591904392,04:51:44.392,mexc,ADA/USDT:USDT,0.8321,791776,0.832,1050658,0.8322,937081,0.8323,1016277
1753591904585,04:51:44.585,mexc,ADA/USDT:USDT,0.8321,791776,0.832,1050658,0.8322,937081,0.8323,1016277
1753591904892,04:51:44.892,mexc,ADA/USDT:USDT,0.8321,791776,0.832,1083918,0.8322,937081,0.8323,743153
1753591905134,04:51:45.134,mexc,ADA/USDT:USDT,0.8321,791776,0.832,1083918,0.8322,937081,0.8323,743153
1753591905471,04:51:45.471,mexc,ADA/USDT:USDT,0.832,852289,0.8319,820962,0.8321,953692,0.8322,931071
1753591905796,04:51:45.796,mexc,ADA/USDT:USDT,0.832,852289,0.8319,820962,0.8321,953692,0.8322,931071
1753591905894,04:51:45.894,mexc,ADA/USDT:USDT,0.832,852289,0.8319,1246233,0.8321,953692,0.8322,1047389
1753591906210,04:51:46.210,mexc,ADA/USDT:USDT,0.832,852289,0.8319,1246233,0.8321,953692,0.8322,1047389
1753591906393,04:51:46.393,mexc,ADA/USDT:USDT,0.832,852289,0.8319,820962,0.8321,953692,0.8322,931071
1753591906499,04:51:46.499,mexc,ADA/USDT:USDT,0.832,852289,0.8319,820962,0.8321,953692,0.8322,931071
1753591906893,04:51:46.893,mexc,ADA/USDT:USDT,0.832,852289,0.8319,820962,0.8321,953692,0.8322,1382187
1753591907294,04:51:47.294,mexc,ADA/USDT:USDT,0.832,852289,0.8319,820962,0.8321,953692,0.8322,1382187
1753591907393,04:51:47.393,mexc,ADA/USDT:USDT,0.832,852289,0.8319,1350078,0.8321,953692,0.8322,1194469
1753591907709,04:51:47.709,mexc,ADA/USDT:USDT,0.832,852289,0.8319,1350078,0.8321,953692,0.8322,1194469
1753591907940,04:51:47.940,mexc,ADA/USDT:USDT,0.832,852289,0.8319,820962,0.8321,953692,0.8322,931071
1753591908297,04:51:48.297,mexc,ADA/USDT:USDT,0.832,852289,0.8319,820962,0.8321,953692,0.8322,931071
1753591908481,04:51:48.481,mexc,ADA/USDT:USDT,0.832,852289,0.8319,1203039,0.8321,950809,0.8322,1724279
1753591908715,04:51:48.715,mexc,ADA/USDT:USDT,0.832,852289,0.8319,1203039,0.8321,950809,0.8322,1724279
1753591908894,04:51:48.894,mexc,ADA/USDT:USDT,0.832,852289,0.8319,820962,0.8321,950809,0.8322,931071
1753591909298,04:51:49.298,mexc,ADA/USDT:USDT,0.832,852289,0.8319,820962,0.8321,950809,0.8322,931071
1753591909484,04:51:49.484,mexc,ADA/USDT:USDT,0.832,852289,0.8319,820962,0.8321,950809,0.8322,1283547
1753591909796,04:51:49.796,mexc,ADA/USDT:USDT,0.832,852289,0.8319,820962,0.8321,950809,0.8322,1283547
1753591909894,04:51:49.894,mexc,ADA/USDT:USDT,0.832,852289,0.8319,1030091,0.8321,950809,0.8322,1271905
1753591910102,04:51:50.102,mexc,ADA/USDT:USDT,0.832,852289,0.8319,1030091,0.8321,950809,0.8322,1271905
1753591910430,04:51:50.430,mexc,ADA/USDT:USDT,0.832,877600,0.8319,753213,0.8321,840960,0.8322,736287
1753591910789,04:51:50.789,mexc,ADA/USDT:USDT,0.832,877600,0.8319,753213,0.8321,840960,0.8322,736287
1753591910974,04:51:50.974,mexc,ADA/USDT:USDT,0.832,877600,0.8319,1059305,0.8321,840960,0.8322,736287
1753591911298,04:51:51.298,mexc,ADA/USDT:USDT,0.832,877600,0.8319,753213,0.8321,840960,0.8322,736287
1753591911399,04:51:51.399,mexc,ADA/USDT:USDT,0.832,877600,0.8319,984936,0.8321,840960,0.8322,736287
1753591911697,04:51:51.697,mexc,ADA/USDT:USDT,0.8319,753213,0.8318,931261,0.832,749827,0.8321,840960
1753591911897,04:51:51.897,mexc,ADA/USDT:USDT,0.8319,753213,0.8318,931261,0.832,749827,0.8321,967369
1753591912142,04:51:52.142,mexc,ADA/USDT:USDT,0.832,845442,0.8319,753213,0.8321,840960,0.8322,736287
1753591912360,04:51:52.360,mexc,ADA/USDT:USDT,0.832,845442,0.8319,753213,0.8321,840960,0.8322,736287
1753591912465,04:51:52.465,mexc,ADA/USDT:USDT,0.832,845442,0.8319,753213,0.8321,840960,0.8322,1135266
1753591912760,04:51:52.760,mexc,ADA/USDT:USDT,0.832,845442,0.8319,753213,0.8321,840960,0.8322,1135266
1753591912898,04:51:52.898,mexc,ADA/USDT:USDT,0.832,845442,0.8319,861310,0.8321,840960,0.8322,736287
1753591913298,04:51:53.298,mexc,ADA/USDT:USDT,0.832,845442,0.8319,861310,0.8321,840960,0.8322,736287
1753591913399,04:51:53.399,mexc,ADA/USDT:USDT,0.832,845442,0.8319,753213,0.8321,840960,0.8322,1139314
1753591913640,04:51:53.640,mexc,ADA/USDT:USDT,0.832,845442,0.8319,753213,0.8321,840960,0.8322,1139314
1753591913898,04:51:53.898,mexc,ADA/USDT:USDT,0.832,845442,0.8319,753213,0.8321,840960,0.8322,857551
1753591914301,04:51:54.301,mexc,ADA/USDT:USDT,0.832,845442,0.8319,753213,0.8321,840960,0.8322,857551
1753591914483,04:51:54.483,mexc,ADA/USDT:USDT,0.832,845442,0.8319,753213,0.8321,840960,0.8322,992135
1753591914719,04:51:54.719,mexc,ADA/USDT:USDT,0.832,845442,0.8319,753213,0.8321,840960,0.8322,992135
1753591914967,04:51:54.967,mexc,ADA/USDT:USDT,0.832,845442,0.8319,963216,0.8321,840960,0.8322,1038635
1753591915002,04:51:55.002,mexc,ADA/USDT:USDT,0.832,845442,0.8319,963216,0.8321,840960,0.8322,1038635
1753591915421,04:51:55.421,mexc,ADA/USDT:USDT,0.832,845442,0.8319,753213,0.8321,840960,0.8322,914933
1753591915421,04:51:55.421,mexc,ADA/USDT:USDT,0.832,845442,0.8319,753213,0.8321,840960,0.8322,914933
1753591915897,04:51:55.897,mexc,ADA/USDT:USDT,0.832,845442,0.8319,1222792,0.8321,840960,0.8322,736287
1753591915898,04:51:55.898,mexc,ADA/USDT:USDT,0.832,845442,0.8319,1222792,0.8321,840960,0.8322,736287
1753591916302,04:51:56.302,mexc,ADA/USDT:USDT,0.832,845442,0.8319,753213,0.8321,840960,0.8322,736287
1753591916436,04:51:56.436,mexc,ADA/USDT:USDT,0.832,845442,0.8319,753213,0.8321,840960,0.8322,1181441
1753591916664,04:51:56.664,mexc,ADA/USDT:USDT,0.8319,753213,0.8318,931261,0.832,716625,0.8321,840960
1753591916930,04:51:56.930,mexc,ADA/USDT:USDT,0.8319,753213,0.8318,931261,0.832,716625,0.8321,840960
1753591917304,04:51:57.304,mexc,ADA/USDT:USDT,0.8319,753213,0.8318,931261,0.832,716625,0.8321,840960
1753591917412,04:51:57.412,mexc,ADA/USDT:USDT,0.8319,753213,0.8318,931261,0.832,716565,0.8321,958738
1753591917802,04:51:57.802,mexc,ADA/USDT:USDT,0.8319,753213,0.8318,931261,0.832,716565,0.8321,958738
1753591917977,04:51:57.977,mexc,ADA/USDT:USDT,0.8319,753213,0.8318,931261,0.832,716565,0.8321,840960
1753591918102,04:51:58.102,mexc,ADA/USDT:USDT,0.8319,753213,0.8318,931261,0.832,716565,0.8321,840960
1753591918402,04:51:58.402,mexc,ADA/USDT:USDT,0.8319,753213,0.8318,1369139,0.832,716565,0.8321,840960
1753591918666,04:51:58.666,mexc,ADA/USDT:USDT,0.8319,753213,0.8318,1369139,0.832,716565,0.8321,840960
1753591918926,04:51:58.926,mexc,ADA/USDT:USDT,0.8319,753213,0.8318,931261,0.832,716565,0.8321,840960
1753591919009,04:51:59.009,mexc,ADA/USDT:USDT,0.8319,753213,0.8318,931261,0.832,716565,0.8321,840960
1753591919331,04:51:59.331,mexc,ADA/USDT:USDT,0.8319,753213,0.8318,931261,0.832,716565,0.8321,840960
1753591919402,04:51:59.402,mexc,ADA/USDT:USDT,0.8319,753213,0.8318,931261,0.832,716565,0.8321,1041401
1753591919626,04:51:59.626,mexc,ADA/USDT:USDT,0.8319,753213,0.8318,931261,0.832,716565,0.8321,1041401
1753591919953,04:51:59.953,mexc,ADA/USDT:USDT,0.8319,753213,0.8318,931261,0.832,716565,0.8321,1166496
1753591920297,04:52:00.297,mexc,ADA/USDT:USDT,0.8319,753213,0.8318,931261,0.832,716565,0.8321,1166496
1753591920488,04:52:00.488,mexc,ADA/USDT:USDT,0.8318,931261,0.8317,845951,0.8319,850182,0.832,716565
1753591920755,04:52:00.755,mexc,ADA/USDT:USDT,0.8318,931261,0.8317,845951,0.8319,850182,0.832,716565
1753591920972,04:52:00.972,mexc,ADA/USDT:USDT,0.8318,931261,0.8317,1246213,0.8319,850182,0.832,716565
1753591921230,04:52:01.230,mexc,ADA/USDT:USDT,0.8318,931261,0.8317,1246213,0.8319,850182,0.832,716565
1753591921404,04:52:01.404,mexc,ADA/USDT:USDT,0.8318,931261,0.8317,1135236,0.8319,850182,0.832,931433
1753591921603,04:52:01.603,mexc,ADA/USDT:USDT,0.832,957933,0.8319,978096,0.8321,840960,0.8322,736287
1753591921902,04:52:01.902,mexc,ADA/USDT:USDT,0.832,957933,0.8319,1317479,0.8321,840960,0.8322,736287
1753591922013,04:52:02.013,mexc,ADA/USDT:USDT,0.8321,752866,0.832,957933,0.8322,736287,0.8323,692812
1753591922216,04:52:02.216,mexc,ADA/USDT:USDT,0.8321,752866,0.832,957933,0.8322,736287,0.8323,692812
1753591922487,04:52:02.487,mexc,ADA/USDT:USDT,0.832,957933,0.8319,978096,0.8321,987201,0.8322,736287
1753591922901,04:52:02.901,mexc,ADA/USDT:USDT,0.832,957933,0.8319,1375544,0.8321,987201,0.8322,736287
1753591922903,04:52:02.903,mexc,ADA/USDT:USDT,0.832,957933,0.8319,1596995,0.8321,987201,0.8322,736287
1753591923306,04:52:03.306,mexc,ADA/USDT:USDT,0.832,957933,0.8319,1199547,0.8321,987201,0.8322,736287
1753591923405,04:52:03.405,mexc,ADA/USDT:USDT,0.832,957933,0.8319,978096,0.8321,987201,0.8322,978823
1753591923530,04:52:03.530,mexc,ADA/USDT:USDT,0.832,957933,0.8319,978096,0.8321,987201,0.8322,978823
1753591923936,04:52:03.936,mexc,ADA/USDT:USDT,0.832,957933,0.8319,1558640,0.8321,984823,0.8322,736287
1753591924173,04:52:04.173,mexc,ADA/USDT:USDT,0.832,957933,0.8319,1558640,0.8321,984823,0.8322,736287
1753591924184,04:52:04.184,mexc,ADA/USDT:USDT,0.8321,912751,0.832,957933,0.8322,736287,0.8323,692812
1753591924427,04:52:04.427,mexc,ADA/USDT:USDT,0.8321,912751,0.832,1202128,0.8322,736287,0.8323,1479700
1753591924808,04:52:04.808,mexc,ADA/USDT:USDT,0.8321,912751,0.832,1202128,0.8322,736287,0.8323,1109128
1753591924907,04:52:04.907,mexc,ADA/USDT:USDT,0.8321,912751,0.832,957933,0.8322,736287,0.8323,692812
1753591925308,04:52:05.308,mexc,ADA/USDT:USDT,0.8321,912751,0.832,957933,0.8322,736287,0.8323,692812
1753591925499,04:52:05.499,mexc,ADA/USDT:USDT,0.8321,912751,0.832,957933,0.8322,736287,0.8323,692812
1753591925741,04:52:05.741,mexc,ADA/USDT:USDT,0.8321,912751,0.832,957933,0.8322,736287,0.8323,692812
1753591925905,04:52:05.905,mexc,ADA/USDT:USDT,0.8321,912751,0.832,957933,0.8322,736287,0.8323,957254
1753591926260,04:52:06.260,mexc,ADA/USDT:USDT,0.8321,911636,0.832,957933,0.8322,736287,0.8323,957254
1753591926476,04:52:06.476,mexc,ADA/USDT:USDT,0.8321,911636,0.832,957933,0.8322,736287,0.8323,692812
1753591926663,04:52:06.663,mexc,ADA/USDT:USDT,0.8321,911636,0.832,957933,0.8322,736287,0.8323,692812
1753591926906,04:52:06.906,mexc,ADA/USDT:USDT,0.8321,911636,0.832,957933,0.8322,736287,0.8323,692812
1753591926908,04:52:06.908,mexc,ADA/USDT:USDT,0.8321,911636,0.832,957933,0.8322,736287,0.8323,994419
1753591927309,04:52:07.309,mexc,ADA/USDT:USDT,0.8321,911636,0.832,957933,0.8322,736287,0.8323,994419
1753591927408,04:52:07.408,mexc,ADA/USDT:USDT,0.8321,911636,0.832,957933,0.8322,736287,0.8323,692812
1753591927701,04:52:07.701,mexc,ADA/USDT:USDT,0.8321,911636,0.832,957933,0.8322,736287,0.8323,692812
1753591927911,04:52:07.911,mexc,ADA/USDT:USDT,0.8321,911636,0.832,1199060,0.8322,736287,0.8323,888291
1753591928037,04:52:08.037,mexc,ADA/USDT:USDT,0.8321,911636,0.832,1199060,0.8322,736287,0.8323,888291
1753591928410,04:52:08.410,mexc,ADA/USDT:USDT,0.8322,957980,0.8321,911636,0.8323,692812,0.8324,1089157
1753591928548,04:52:08.548,mexc,ADA/USDT:USDT,0.8322,957980,0.8321,911636,0.8323,692812,0.8324,1089157
1753591928910,04:52:08.910,mexc,ADA/USDT:USDT,0.8322,957980,0.8321,1168396,0.8323,692812,0.8324,755471
1753591929018,04:52:09.018,mexc,ADA/USDT:USDT,0.8322,957980,0.8321,1168396,0.8323,692812,0.8324,755471
1753591929477,04:52:09.477,mexc,ADA/USDT:USDT,0.8322,957980,0.8321,1049110,0.8323,692812,0.8324,755471
1753591929762,04:52:09.762,mexc,ADA/USDT:USDT,0.8322,957980,0.8321,1049110,0.8323,692812,0.8324,755471
1753591929912,04:52:09.912,mexc,ADA/USDT:USDT,0.8322,957980,0.8321,1120250,0.8323,692812,0.8324,888537
1753591930198,04:52:10.198,mexc,ADA/USDT:USDT,0.8322,957980,0.8321,1120250,0.8323,692812,0.8324,888537
1753591930314,04:52:10.314,mexc,ADA/USDT:USDT,0.8322,957980,0.8321,911636,0.8323,692812,0.8324,755471
1753591930521,04:52:10.521,mexc,ADA/USDT:USDT,0.8322,957980,0.8321,911636,0.8323,692812,0.8324,755471
1753591930812,04:52:10.812,mexc,ADA/USDT:USDT,0.8322,957980,0.8321,911636,0.8323,692812,0.8324,755471
1753591931006,04:52:11.006,mexc,ADA/USDT:USDT,0.8322,957980,0.8321,911636,0.8323,692812,0.8324,892300
1753591931314,04:52:11.314,mexc,ADA/USDT:USDT,0.8322,957980,0.8321,911636,0.8323,692812,0.8324,892300
1753591931443,04:52:11.443,mexc,ADA/USDT:USDT,0.8322,957980,0.8321,911636,0.8323,692812,0.8324,755471
1753591931733,04:52:11.733,mexc,ADA/USDT:USDT,0.8322,957980,0.8321,911636,0.8323,684706,0.8324,755471
1753591931912,04:52:11.912,mexc,ADA/USDT:USDT,0.8322,957980,0.8321,1250838,0.8323,684706,0.8324,843302
1753591932314,04:52:12.314,mexc,ADA/USDT:USDT,0.8322,957980,0.8321,911636,0.8323,684706,0.8324,843302
1753591932504,04:52:12.504,mexc,ADA/USDT:USDT,0.8322,955980,0.8321,911636,0.8323,684706,0.8324,755471
1753591932662,04:52:12.662,mexc,ADA/USDT:USDT,0.8322,955980,0.8321,911636,0.8323,684706,0.8324,755471
1753591932913,04:52:12.913,mexc,ADA/USDT:USDT,0.8322,955980,0.8321,911636,0.8323,684706,0.8324,755471
1753591933283,04:52:13.283,mexc,ADA/USDT:USDT,0.8322,955980,0.8321,911636,0.8323,684706,0.8324,755471
1753591933433,04:52:13.433,mexc,ADA/USDT:USDT,0.8322,891711,0.8321,805194,0.8323,967998,0.8324,680690
1753591933641,04:52:13.641,mexc,ADA/USDT:USDT,0.8322,891711,0.8321,805194,0.8323,967998,0.8324,680690
1753591933957,04:52:13.957,mexc,ADA/USDT:USDT,0.8322,891711,0.8321,805194,0.8323,967998,0.8324,992803
1753591934270,04:52:14.270,mexc,ADA/USDT:USDT,0.8322,891711,0.8321,805194,0.8323,967998,0.8324,992803
1753591934415,04:52:14.415,mexc,ADA/USDT:USDT,0.8322,891711,0.8321,805194,0.8323,967998,0.8324,680690
1753591934570,04:52:14.570,mexc,ADA/USDT:USDT,0.8322,891711,0.8321,805194,0.8323,967998,0.8324,680690
1753591934913,04:52:14.913,mexc,ADA/USDT:USDT,0.8322,891711,0.8321,1180011,0.8323,967998,0.8324,680690
1753591935315,04:52:15.315,mexc,ADA/USDT:USDT,0.8322,891711,0.8321,1180011,0.8323,967998,0.8324,680690
1753591935416,04:52:15.416,mexc,ADA/USDT:USDT,0.8322,891711,0.8321,805194,0.8323,967998,0.8324,789872
1753591935526,04:52:15.526,mexc,ADA/USDT:USDT,0.8322,891711,0.8321,805194,0.8323,967998,0.8324,789872
1753591935915,04:52:15.915,mexc,ADA/USDT:USDT,0.8322,891711,0.8321,805194,0.8323,967998,0.8324,680690
1753591936316,04:52:16.316,mexc,ADA/USDT:USDT,0.8322,891711,0.8321,805194,0.8323,967998,0.8324,680690
1753591936414,04:52:16.414,mexc,ADA/USDT:USDT,0.8322,891711,0.8321,1090062,0.8323,967998,0.8324,680690
1753591936817,04:52:16.817,mexc,ADA/USDT:USDT,0.8322,891711,0.8321,1090062,0.8323,967998,0.8324,680690
1753591936918,04:52:16.918,mexc,ADA/USDT:USDT,0.8322,891711,0.8321,936701,0.8323,967998,0.8324,680690
1753591937318,04:52:17.318,mexc,ADA/USDT:USDT,0.8322,891711,0.8321,936701,0.8323,967998,0.8324,680690
1753591937495,04:52:17.495,mexc,ADA/USDT:USDT,0.8322,891711,0.8321,1114091,0.8323,967998,0.8324,863469
1753591937526,04:52:17.526,mexc,ADA/USDT:USDT,0.8322,891711,0.8321,1114091,0.8323,967998,0.8324,863469
1753591937918,04:52:17.918,mexc,ADA/USDT:USDT,0.8322,891711,0.8321,805194,0.8323,967998,0.8324,1119472
1753591938261,04:52:18.261,mexc,ADA/USDT:USDT,0.8322,891711,0.8321,805194,0.8323,967998,0.8324,1119472
1753591938417,04:52:18.417,mexc,ADA/USDT:USDT,0.8322,891711,0.8321,805194,0.8323,967998,0.8324,680690
1753591938579,04:52:18.579,mexc,ADA/USDT:USDT,0.8322,891711,0.8321,805194,0.8323,967998,0.8324,680690
1753591938918,04:52:18.918,mexc,ADA/USDT:USDT,0.8322,891711,0.8321,805194,0.8323,967998,0.8324,680690
1753591938931,04:52:18.931,mexc,ADA/USDT:USDT,0.8322,891711,0.8321,1038548,0.8323,967998,0.8324,898562
1753591939319,04:52:19.319,mexc,ADA/USDT:USDT,0.8322,891711,0.8321,1038548,0.8323,967998,0.8324,898562
1753591939491,04:52:19.491,mexc,ADA/USDT:USDT,0.8322,713110,0.8321,758745,0.8323,844720,0.8324,680904
1753591939722,04:52:19.722,mexc,ADA/USDT:USDT,0.8322,713110,0.8321,758745,0.8323,844720,0.8324,680904
1753591939825,04:52:19.825,mexc,ADA/USDT:USDT,0.8322,713110,0.8321,758745,0.8323,844600,0.8324,680904
1753591940109,04:52:20.109,mexc,ADA/USDT:USDT,0.8322,713110,0.8321,1163618,0.8323,844600,0.8324,680904
1753591940416,04:52:20.416,mexc,ADA/USDT:USDT,0.8322,713110,0.8321,758745,0.8323,844600,0.8324,680904
1753591940441,04:52:20.441,mexc,ADA/USDT:USDT,0.8322,713110,0.8321,758745,0.8323,844600,0.8324,680904
1753591940820,04:52:20.820,mexc,ADA/USDT:USDT,0.8322,713110,0.8321,758745,0.8323,844600,0.8324,680904
1753591940920,04:52:20.920,mexc,ADA/USDT:USDT,0.8322,713110,0.8321,1079237,0.8323,844600,0.8324,922484
1753591941160,04:52:21.160,mexc,ADA/USDT:USDT,0.8322,713110,0.8321,1079237,0.8323,844600,0.8324,922484
1753591941420,04:52:21.420,mexc,ADA/USDT:USDT,0.8322,713110,0.8321,758745,0.8323,844600,0.8324,958413
1753591941820,04:52:21.820,mexc,ADA/USDT:USDT,0.8322,713110,0.8321,758745,0.8323,844600,0.8324,958413
1753591941920,04:52:21.920,mexc,ADA/USDT:USDT,0.8322,713110,0.8321,875106,0.8323,844600,0.8324,680904
1753591942084,04:52:22.084,mexc,ADA/USDT:USDT,0.8322,713110,0.8321,875106,0.8323,844600,0.8324,680904
1753591942420,04:52:22.420,mexc,ADA/USDT:USDT,0.8322,713110,0.8321,1434732,0.8323,844600,0.8324,680904
1753591942669,04:52:22.669,mexc,ADA/USDT:USDT,0.8322,713110,0.8321,1434732,0.8323,844600,0.8324,680904
1753591942921,04:52:22.921,mexc,ADA/USDT:USDT,0.8322,713110,0.8321,959611,0.8323,844600,0.8324,890466
1753591943147,04:52:23.147,mexc,ADA/USDT:USDT,0.8323,884954,0.8322,713110,0.8324,680904,0.8325,971546
1753591943418,04:52:23.418,mexc,ADA/USDT:USDT,0.8323,884954,0.8322,713110,0.8324,680904,0.8325,1229380
1753591943822,04:52:23.822,mexc,ADA/USDT:USDT,0.8323,884954,0.8322,713110,0.8324,679669,0.8325,1229380
1753591943982,04:52:23.982,mexc,ADA/USDT:USDT,0.8323,884954,0.8322,713110,0.8324,679669,0.8325,971546
1753591944209,04:52:24.209,mexc,ADA/USDT:USDT,0.8323,884954,0.8322,713110,0.8324,679669,0.8325,971546
1753591944423,04:52:24.423,mexc,ADA/USDT:USDT,0.8323,884954,0.8322,886429,0.8324,679669,0.8325,1090446
1753591944665,04:52:24.665,mexc,ADA/USDT:USDT,0.8323,884954,0.8322,886429,0.8324,679669,0.8325,1090446
1753591944823,04:52:24.823,mexc,ADA/USDT:USDT,0.8323,884954,0.8322,713110,0.8324,679669,0.8325,971546
1753591945070,04:52:25.070,mexc,ADA/USDT:USDT,0.8324,707403,0.8323,1096899,0.8325,971546,0.8326,1166315
1753591945070,04:52:25.070,mexc,ADA/USDT:USDT,0.8324,707403,0.8323,1096899,0.8325,971546,0.8326,1166315
1753591945467,04:52:25.467,mexc,ADA/USDT:USDT,0.8324,707403,0.8323,884954,0.8325,971546,0.8326,1110249
1753591945744,04:52:25.744,mexc,ADA/USDT:USDT,0.8324,707403,0.8323,884954,0.8325,971546,0.8326,1110249
1753591945924,04:52:25.924,mexc,ADA/USDT:USDT,0.8324,707403,0.8323,1247241,0.8325,971546,0.8326,820374
1753591946062,04:52:26.062,mexc,ADA/USDT:USDT,0.8324,707403,0.8323,1247241,0.8325,971546,0.8326,820374
1753591946424,04:52:26.424,mexc,ADA/USDT:USDT,0.8324,707403,0.8323,884954,0.8325,971546,0.8326,820374
1753591946505,04:52:26.505,mexc,ADA/USDT:USDT,0.8322,713110,0.8321,758745,0.8323,693640,0.8324,1006499
1753591946904,04:52:26.904,mexc,ADA/USDT:USDT,0.8322,713110,0.8321,758745,0.8323,693640,0.8324,1006499
1753591946920,04:52:26.920,mexc,ADA/USDT:USDT,0.8322,713110,0.8321,758745,0.8323,693640,0.8324,1125005
1753591947314,04:52:27.314,mexc,ADA/USDT:USDT,0.8322,713110,0.8321,758745,0.8323,693640,0.8324,1125005
1753591947428,04:52:27.428,mexc,ADA/USDT:USDT,0.8322,713110,0.8321,933182,0.8323,693640,0.8324,1171304
1753591947823,04:52:27.823,mexc,ADA/USDT:USDT,0.8322,713110,0.8321,933182,0.8323,693640,0.8324,1171304
1753591948005,04:52:28.005,mexc,ADA/USDT:USDT,0.8322,713110,0.8321,999273,0.8323,693640,0.8324,1006499
1753591948325,04:52:28.325,mexc,ADA/USDT:USDT,0.8322,713110,0.8321,999273,0.8323,693640,0.8324,1006499
1753591948423,04:52:28.423,mexc,ADA/USDT:USDT,0.8322,713110,0.8321,758745,0.8323,693640,0.8324,1254210
1753591948823,04:52:28.823,mexc,ADA/USDT:USDT,0.8322,713110,0.8321,758745,0.8323,693640,0.8324,1006499
1753591948957,04:52:28.957,mexc,ADA/USDT:USDT,0.8322,713110,0.8321,758745,0.8323,692640,0.8324,1293808
1753591949284,04:52:29.284,mexc,ADA/USDT:USDT,0.8322,713110,0.8321,758745,0.8323,692640,0.8324,1293808
1753591949435,04:52:29.435,mexc,ADA/USDT:USDT,0.8322,713110,0.8321,870444,0.8323,692640,0.8324,1006499
1753591949748,04:52:29.748,mexc,ADA/USDT:USDT,0.8322,713110,0.8321,870444,0.8323,692640,0.8324,1006499
1753591949943,04:52:29.943,mexc,ADA/USDT:USDT,0.832,675163,0.8319,877359,0.8321,780079,0.8322,833038
1753591950316,04:52:30.316,mexc,ADA/USDT:USDT,0.832,675163,0.8319,877359,0.8321,780079,0.8322,833038
1753591950511,04:52:30.511,mexc,ADA/USDT:USDT,0.8321,725942,0.832,675163,0.8322,833038,0.8323,692640
1753591950601,04:52:30.601,mexc,ADA/USDT:USDT,0.8321,725942,0.832,675163,0.8322,833038,0.8323,692640
1753591950927,04:52:30.927,mexc,ADA/USDT:USDT,0.8321,725942,0.832,884556,0.8322,833038,0.8323,692640
1753591951062,04:52:31.062,mexc,ADA/USDT:USDT,0.8321,725942,0.832,884556,0.8322,833038,0.8323,692640
1753591951423,04:52:31.423,mexc,ADA/USDT:USDT,0.8321,725942,0.832,675163,0.8322,833038,0.8323,981411
1753591951600,04:52:31.600,mexc,ADA/USDT:USDT,0.8321,725942,0.832,675163,0.8322,833038,0.8323,981411
1753591951954,04:52:31.954,mexc,ADA/USDT:USDT,0.8321,725942,0.832,675163,0.8322,833038,0.8323,692640
1753591951978,04:52:31.978,mexc,ADA/USDT:USDT,0.8321,725942,0.832,1281974,0.8322,833038,0.8323,692640
1753591952380,04:52:32.380,mexc,ADA/USDT:USDT,0.8321,725942,0.832,1021554,0.8322,833038,0.8323,692640
1753591952574,04:52:32.574,mexc,ADA/USDT:USDT,0.8321,725723,0.832,675163,0.8322,833038,0.8323,692640
1753591952879,04:52:32.879,mexc,ADA/USDT:USDT,0.8321,725723,0.832,675163,0.8322,833038,0.8323,692640
1753591952978,04:52:32.978,mexc,ADA/USDT:USDT,0.8321,725723,0.832,675163,0.8322,833038,0.8323,1053988
1753591953380,04:52:33.380,mexc,ADA/USDT:USDT,0.8321,725723,0.832,675163,0.8322,833038,0.8323,1053988
1753591953551,04:52:33.551,mexc,ADA/USDT:USDT,0.8321,725723,0.832,675163,0.8322,832918,0.8323,692640
1753591953885,04:52:33.885,mexc,ADA/USDT:USDT,0.8321,725723,0.832,675163,0.8322,832918,0.8323,692640
1753591953983,04:52:33.983,mexc,ADA/USDT:USDT,0.8321,725723,0.832,1251542,0.8322,832918,0.8323,1095279
1753591954383,04:52:34.383,mexc,ADA/USDT:USDT,0.8321,725723,0.832,882247,0.8322,832918,0.8323,1095279
1753591954482,04:52:34.482,mexc,ADA/USDT:USDT,0.8321,725723,0.832,965116,0.8322,832918,0.8323,692640
1753591954859,04:52:34.859,mexc,ADA/USDT:USDT,0.8321,725723,0.832,965116,0.8322,832918,0.8323,692640
1753591954995,04:52:34.995,mexc,ADA/USDT:USDT,0.8321,725723,0.832,1038228,0.8322,832918,0.8323,692640
1753591955084,04:52:35.084,mexc,ADA/USDT:USDT,0.8321,725723,0.832,1038228,0.8322,832918,0.8323,692640
1753591955528,04:52:35.528,mexc,ADA/USDT:USDT,0.8321,747822,0.832,1121913,0.8322,754127,0.8323,876596
1753591955624,04:52:35.624,mexc,ADA/USDT:USDT,0.8321,747822,0.832,1121913,0.8322,754127,0.8323,876596
1753591955983,04:52:35.983,mexc,ADA/USDT:USDT,0.8321,747822,0.832,1375233,0.8322,754127,0.8323,876596
1753591955983,04:52:35.983,mexc,ADA/USDT:USDT,0.8321,747822,0.832,1375233,0.8322,754127,0.8323,1309376
1753591956387,04:52:36.387,mexc,ADA/USDT:USDT,0.8321,747822,0.832,934678,0.8322,754127,0.8323,1309376
1753591956483,04:52:36.483,mexc,ADA/USDT:USDT,0.8321,747822,0.832,934678,0.8322,754127,0.8323,1192767
1753591956883,04:52:36.883,mexc,ADA/USDT:USDT,0.8321,747822,0.832,934678,0.8322,754127,0.8323,1192767
1753591957066,04:52:37.066,mexc,ADA/USDT:USDT,0.8321,747822,0.832,1371095,0.8322,754127,0.8323,1144314
1753591957333,04:52:37.333,mexc,ADA/USDT:USDT,0.8321,747822,0.832,1371095,0.8322,754127,0.8323,1144314
1753591957491,04:52:37.491,mexc,ADA/USDT:USDT,0.8321,747822,0.832,1051083,0.8322,754127,0.8323,876596
1753591957888,04:52:37.888,mexc,ADA/USDT:USDT,0.8321,747822,0.832,934678,0.8322,754127,0.8323,876596
1753591958037,04:52:38.037,mexc,ADA/USDT:USDT,0.8321,746682,0.832,934678,0.8322,754127,0.8323,876596
1753591958360,04:52:38.360,mexc,ADA/USDT:USDT,0.8321,746682,0.832,934678,0.8322,754127,0.8323,876596
1753591958485,04:52:38.485,mexc,ADA/USDT:USDT,0.8321,746682,0.832,934678,0.8322,754127,0.8323,1215058
1753591958886,04:52:38.886,mexc,ADA/USDT:USDT,0.8321,745638,0.832,934678,0.8322,754127,0.8323,1215058
1753591958984,04:52:38.984,mexc,ADA/USDT:USDT,0.8321,745638,0.832,934678,0.8322,754127,0.8323,876596
1753591959318,04:52:39.318,mexc,ADA/USDT:USDT,0.8321,745638,0.832,934678,0.8322,754127,0.8323,876596
1753591959485,04:52:39.485,mexc,ADA/USDT:USDT,0.8321,745638,0.832,1097321,0.8322,754127,0.8323,1038832
1753591959758,04:52:39.758,mexc,ADA/USDT:USDT,0.8322,853675,0.8321,745638,0.8323,876476,0.8324,891516
1753591959983,04:52:39.983,mexc,ADA/USDT:USDT,0.8322,853675,0.8321,745638,0.8323,876476,0.8324,891516
1753591960151,04:52:40.151,mexc,ADA/USDT:USDT,0.8322,853675,0.8321,745638,0.8323,876476,0.8324,891516
1753591960386,04:52:40.386,mexc,ADA/USDT:USDT,0.8322,853675,0.8321,745638,0.8323,876476,0.8324,891516
1753591960486,04:52:40.486,mexc,ADA/USDT:USDT,0.8322,853675,0.8321,1021772,0.8323,876476,0.8324,891516
1753591960886,04:52:40.886,mexc,ADA/USDT:USDT,0.8322,853675,0.8321,745638,0.8323,876476,0.8324,891516
1753591960987,04:52:40.987,mexc,ADA/USDT:USDT,0.8322,853675,0.8321,1036485,0.8323,876476,0.8324,1248217
1753591961297,04:52:41.297,mexc,ADA/USDT:USDT,0.8322,853675,0.8321,1036485,0.8323,876476,0.8324,1248217
1753591961568,04:52:41.568,mexc,ADA/USDT:USDT,0.8322,853675,0.8321,745638,0.8323,876476,0.8324,891516
1753591961662,04:52:41.662,mexc,ADA/USDT:USDT,0.8322,853675,0.8321,745638,0.8323,876476,0.8324,891516
1753591961985,04:52:41.985,mexc,ADA/USDT:USDT,0.8322,853675,0.8321,745638,0.8323,876416,0.8324,891516
1753591961986,04:52:41.986,mexc,ADA/USDT:USDT,0.8322,853675,0.8321,745638,0.8323,876416,0.8324,1086186
1753591962387,04:52:42.387,mexc,ADA/USDT:USDT,0.8322,853675,0.8321,745638,0.8323,876416,0.8324,1086186
1753591962486,04:52:42.486,mexc,ADA/USDT:USDT,0.8322,853675,0.8321,1088863,0.8323,876416,0.8324,891516
1753591962653,04:52:42.653,mexc,ADA/USDT:USDT,0.8322,853675,0.8321,1088863,0.8323,876416,0.8324,891516
1753591962987,04:52:42.987,mexc,ADA/USDT:USDT,0.8322,853675,0.8321,968803,0.8323,873903,0.8324,891516
1753591963292,04:52:43.292,mexc,ADA/USDT:USDT,0.8322,853675,0.8321,968803,0.8323,873903,0.8324,891516
1753591963494,04:52:43.494,mexc,ADA/USDT:USDT,0.8322,853675,0.8321,745638,0.8323,873903,0.8324,891516
1753591963597,04:52:43.597,mexc,ADA/USDT:USDT,0.8322,853675,0.8321,745638,0.8323,873903,0.8324,891516
1753591963985,04:52:43.985,mexc,ADA/USDT:USDT,0.8322,853675,0.8321,745638,0.8323,873903,0.8324,891516
1753591963989,04:52:43.989,mexc,ADA/USDT:USDT,0.8322,853675,0.8321,1081658,0.8323,873903,0.8324,891516
1753591964388,04:52:44.388,mexc,ADA/USDT:USDT,0.8322,853675,0.8321,1081658,0.8323,873903,0.8324,891516
1753591964581,04:52:44.581,mexc,ADA/USDT:USDT,0.8322,853675,0.8321,915302,0.8323,873903,0.8324,891516
1753591964662,04:52:44.662,mexc,ADA/USDT:USDT,0.8322,853675,0.8321,915302,0.8323,873903,0.8324,891516
1753591965078,04:52:45.078,mexc,ADA/USDT:USDT,0.8322,853675,0.8321,1055528,0.8323,873903,0.8324,1277957
1753591965236,04:52:45.236,mexc,ADA/USDT:USDT,0.8322,853675,0.8321,1055528,0.8323,873903,0.8324,1277957
1753591965485,04:52:45.485,mexc,ADA/USDT:USDT,0.8322,785527,0.8321,769343,0.8323,840300,0.8324,848464
1753591965487,04:52:45.487,mexc,ADA/USDT:USDT,0.8322,785527,0.8321,769343,0.8323,840300,0.8324,848464
1753591965887,04:52:45.887,mexc,ADA/USDT:USDT,0.8322,785527,0.8321,769343,0.8323,840300,0.8324,848464
1753591965991,04:52:45.991,mexc,ADA/USDT:USDT,0.8322,785527,0.8321,769343,0.8323,840300,0.8324,848464
1753591966213,04:52:46.213,mexc,ADA/USDT:USDT,0.8322,785527,0.8321,769343,0.8323,840300,0.8324,848464
1753591966552,04:52:46.552,mexc,ADA/USDT:USDT,0.8322,785527,0.8321,769343,0.8323,840300,0.8324,848464
1753591966816,04:52:46.816,mexc,ADA/USDT:USDT,0.8322,785527,0.8321,769343,0.8323,840300,0.8324,848464
1753591966993,04:52:46.993,mexc,ADA/USDT:USDT,0.8323,928416,0.8322,996480,0.8324,848464,0.8325,1179187
1753591967308,04:52:47.308,mexc,ADA/USDT:USDT,0.8323,928416,0.8322,996480,0.8324,848464,0.8325,1179187
1753591967488,04:52:47.488,mexc,ADA/USDT:USDT,0.8323,928416,0.8322,998722,0.8324,848464,0.8325,715757
1753591967595,04:52:47.595,mexc,ADA/USDT:USDT,0.8323,928416,0.8322,998722,0.8324,848464,0.8325,715757
1753591967988,04:52:47.988,mexc,ADA/USDT:USDT,0.8323,928416,0.8322,785527,0.8324,848464,0.8325,715757
1753591967993,04:52:47.993,mexc,ADA/USDT:USDT,0.8323,928416,0.8322,785527,0.8324,848464,0.8325,715757
1753591968392,04:52:48.392,mexc,ADA/USDT:USDT,0.8323,928416,0.8322,785527,0.8324,848464,0.8325,715757
1753591968517,04:52:48.517,mexc,ADA/USDT:USDT,0.8324,868498,0.8323,928416,0.8325,715757,0.8326,1002846
1753591968831,04:52:48.831,mexc,ADA/USDT:USDT,0.8324,868498,0.8323,928416,0.8325,714237,0.8326,1002846
1753591968991,04:52:48.991,mexc,ADA/USDT:USDT,0.8324,868498,0.8323,928416,0.8325,714237,0.8326,1543266
1753591969181,04:52:49.181,mexc,ADA/USDT:USDT,0.8324,868498,0.8323,928416,0.8325,714237,0.8326,1543266
1753591969489,04:52:49.489,mexc,ADA/USDT:USDT,0.8324,868498,0.8323,1161139,0.8325,714237,0.8326,1002846
1753591969490,04:52:49.490,mexc,ADA/USDT:USDT,0.8324,868498,0.8323,1161139,0.8325,714237,0.8326,1126258
1753591969892,04:52:49.892,mexc,ADA/USDT:USDT,0.8324,868498,0.8323,928416,0.8325,714237,0.8326,1126258
1753591969994,04:52:49.994,mexc,ADA/USDT:USDT,0.8324,868498,0.8323,928416,0.8325,714237,0.8326,1002846
1753591970285,04:52:50.285,mexc,ADA/USDT:USDT,0.8324,868498,0.8323,928416,0.8325,714237,0.8326,1002846
1753591970506,04:52:50.506,mexc,ADA/USDT:USDT,0.8324,868498,0.8323,928416,0.8325,714237,0.8326,1002846
1753591970892,04:52:50.892,mexc,ADA/USDT:USDT,0.8324,868498,0.8323,928416,0.8325,714237,0.8326,1002846
1753591970992,04:52:50.992,mexc,ADA/USDT:USDT,0.8324,868498,0.8323,1289352,0.8325,714237,0.8326,1002846
1753591971111,04:52:51.111,mexc,ADA/USDT:USDT,0.8324,868498,0.8323,1289352,0.8325,714237,0.8326,1002846
1753591971491,04:52:51.491,mexc,ADA/USDT:USDT,0.8324,868498,0.8323,1300173,0.8325,714237,0.8326,1002846
1753591971858,04:52:51.858,mexc,ADA/USDT:USDT,0.8324,868498,0.8323,1301297,0.8325,714237,0.8326,1002846
1753591971993,04:52:51.993,mexc,ADA/USDT:USDT,0.8324,868498,0.8323,929540,0.8325,714237,0.8326,1002846
1753591972131,04:52:52.131,mexc,ADA/USDT:USDT,0.8324,868498,0.8323,929540,0.8325,714237,0.8326,1002846
1753591972493,04:52:52.493,mexc,ADA/USDT:USDT,0.8324,868498,0.8323,1639858,0.8325,714237,0.8326,1002846
1753591972751,04:52:52.751,mexc,ADA/USDT:USDT,0.8324,868498,0.8323,1639858,0.8325,714237,0.8326,1002846
1753591972896,04:52:52.896,mexc,ADA/USDT:USDT,0.8324,868498,0.8323,929540,0.8325,714237,0.8326,1002846
1753591973153,04:52:53.153,mexc,ADA/USDT:USDT,0.8326,813881,0.8325,769859,0.8327,894201,0.8328,758410
1753591973228,04:52:53.228,mexc,ADA/USDT:USDT,0.8325,767346,0.8324,868498,0.8326,886360,0.8327,892055
1753591973571,04:52:53.571,mexc,ADA/USDT:USDT,0.8325,767346,0.8324,1137402,0.8326,886358,0.8327,1044275
1753591973672,04:52:53.672,mexc,ADA/USDT:USDT,0.8325,767346,0.8324,1137402,0.8326,886358,0.8327,1044275
1753591973897,04:52:53.897,mexc,ADA/USDT:USDT,0.8325,767346,0.8324,868498,0.8326,886358,0.8327,892055
1753591974087,04:52:54.087,mexc,ADA/USDT:USDT,0.8326,982502,0.8325,767346,0.8327,892055,0.8328,758410
1753591974452,04:52:54.452,mexc,ADA/USDT:USDT,0.8326,982502,0.8325,767346,0.8327,892055,0.8328,758410
1753591974494,04:52:54.494,mexc,ADA/USDT:USDT,0.8326,982502,0.8325,1003648,0.8327,892055,0.8328,758410
1753591974897,04:52:54.897,mexc,ADA/USDT:USDT,0.8326,982502,0.8325,1003648,0.8327,892055,0.8328,758410
1753591975081,04:52:55.081,mexc,ADA/USDT:USDT,0.8326,982502,0.8325,1044134,0.8327,892055,0.8328,900411
1753591975327,04:52:55.327,mexc,ADA/USDT:USDT,0.8326,982502,0.8325,1044134,0.8327,892055,0.8328,900411
1753591975495,04:52:55.495,mexc,ADA/USDT:USDT,0.8326,982502,0.8325,767346,0.8327,892055,0.8328,758410
1753591975896,04:52:55.896,mexc,ADA/USDT:USDT,0.8326,982502,0.8325,767346,0.8327,892055,0.8328,758410
1753591976048,04:52:56.048,mexc,ADA/USDT:USDT,0.8325,767346,0.8324,868498,0.8326,737247,0.8327,892055
1753591976357,04:52:56.357,mexc,ADA/USDT:USDT,0.8325,767346,0.8324,868498,0.8326,737247,0.8327,892055
1753591976495,04:52:56.495,mexc,ADA/USDT:USDT,0.8325,768470,0.8324,868498,0.8326,737247,0.8327,892055
1753591976899,04:52:56.899,mexc,ADA/USDT:USDT,0.8325,768470,0.8324,868498,0.8326,737247,0.8327,892055
1753591977025,04:52:57.025,mexc,ADA/USDT:USDT,0.8325,768470,0.8324,1607353,0.8326,737247,0.8327,1089268
1753591977397,04:52:57.397,mexc,ADA/USDT:USDT,0.8325,768470,0.8324,1607353,0.8326,737247,0.8327,1089268
1753591977495,04:52:57.495,mexc,ADA/USDT:USDT,0.8325,768470,0.8324,1344061,0.8326,737247,0.8327,1007898
1753591977676,04:52:57.676,mexc,ADA/USDT:USDT,0.8325,768470,0.8324,1344061,0.8326,737247,0.8327,1007898
1753591978087,04:52:58.087,mexc,ADA/USDT:USDT,0.8325,768470,0.8324,868498,0.8326,737247,0.8327,1232805
1753591978087,04:52:58.087,mexc,ADA/USDT:USDT,0.8325,768470,0.8324,868498,0.8326,737247,0.8327,1232805
1753591978498,04:52:58.498,mexc,ADA/USDT:USDT,0.8325,768470,0.8324,868498,0.8326,737247,0.8327,892055
1753591978661,04:52:58.661,mexc,ADA/USDT:USDT,0.8325,768470,0.8324,868498,0.8326,737247,0.8327,1221526
1753591978898,04:52:58.898,mexc,ADA/USDT:USDT,0.8325,768470,0.8324,868498,0.8326,737247,0.8327,892055
1753591979002,04:52:59.002,mexc,ADA/USDT:USDT,0.8326,679351,0.8325,768470,0.8327,892055,0.8328,758410
1753591979310,04:52:59.310,mexc,ADA/USDT:USDT,0.8326,679351,0.8325,768470,0.8327,892055,0.8328,758410
1753591979577,04:52:59.577,mexc,ADA/USDT:USDT,0.8326,679351,0.8325,768470,0.8327,892055,0.8328,938819
1753591979631,04:52:59.631,mexc,ADA/USDT:USDT,0.8326,679351,0.8325,768470,0.8327,892055,0.8328,938819
1753591979999,04:52:59.999,mexc,ADA/USDT:USDT,0.8326,680475,0.8325,767346,0.8327,892055,0.8328,758410
1753591980185,04:53:00.185,mexc,ADA/USDT:USDT,0.8328,950563,0.8327,807850,0.8329,761737,0.833,825288
1753591980402,04:53:00.402,mexc,ADA/USDT:USDT,0.8328,943509,0.8327,807850,0.8329,685405,0.833,825288
1753591980637,04:53:00.637,mexc,ADA/USDT:USDT,0.8328,943509,0.8327,977288,0.8329,685405,0.833,825288
1753591980752,04:53:00.752,mexc,ADA/USDT:USDT,0.8328,943509,0.8327,977288,0.8329,685405,0.833,825288
1753591981021,04:53:01.021,mexc,ADA/USDT:USDT,0.8328,943509,0.8327,1099204,0.8329,685405,0.833,1204743
1753591981399,04:53:01.399,mexc,ADA/USDT:USDT,0.8328,943509,0.8327,807850,0.8329,685405,0.833,1204743
1753591981586,04:53:01.586,mexc,ADA/USDT:USDT,0.8328,943509,0.8327,807850,0.8329,685405,0.833,1142652
1753591981900,04:53:01.900,mexc,ADA/USDT:USDT,0.8328,943509,0.8327,807850,0.8329,685405,0.833,1142652
1753591982051,04:53:02.051,mexc,ADA/USDT:USDT,0.8328,943509,0.8327,807850,0.8329,685405,0.833,825288
1753591982355,04:53:02.355,mexc,ADA/USDT:USDT,0.8328,943509,0.8327,807850,0.8329,685405,0.833,825288
1753591982499,04:53:02.499,mexc,ADA/USDT:USDT,0.8329,827622,0.8328,1172801,0.833,825288,0.8331,865256
1753591982901,04:53:02.901,mexc,ADA/USDT:USDT,0.8329,827622,0.8328,1172801,0.833,825288,0.8331,865256
1753591982999,04:53:02.999,mexc,ADA/USDT:USDT,0.8329,827622,0.8328,1369819,0.833,825288,0.8331,865256
1753591983199,04:53:03.199,mexc,ADA/USDT:USDT,0.8329,827622,0.8328,1369819,0.833,825288,0.8331,865256
1753591983505,04:53:03.505,mexc,ADA/USDT:USDT,0.8328,943251,0.8327,807850,0.8329,837769,0.833,825288
1753591983689,04:53:03.689,mexc,ADA/USDT:USDT,0.8328,943251,0.8327,807850,0.8329,837769,0.833,825288
1753591984000,04:53:04.000,mexc,ADA/USDT:USDT,0.8328,943251,0.8327,807850,0.8329,837769,0.833,1126280
1753591984126,04:53:04.126,mexc,ADA/USDT:USDT,0.8327,807850,0.8326,680535,0.8328,905175,0.8329,837769
1753591984639,04:53:04.639,mexc,ADA/USDT:USDT,0.8327,807850,0.8326,913142,0.8328,905175,0.8329,837769
1753591984874,04:53:04.874,mexc,ADA/USDT:USDT,0.8327,807850,0.8326,913142,0.8328,905175,0.8329,837769
1753591985075,04:53:05.075,mexc,ADA/USDT:USDT,0.8327,807850,0.8326,680535,0.8328,905175,0.8329,837769
1753591985326,04:53:05.326,mexc,ADA/USDT:USDT,0.8327,807850,0.8326,680535,0.8328,903676,0.8329,837769
1753591985584,04:53:05.584,mexc,ADA/USDT:USDT,0.8327,807850,0.8326,1141080,0.8328,903676,0.8329,837769
1753591985597,04:53:05.597,mexc,ADA/USDT:USDT,0.8327,807850,0.8326,1141080,0.8328,903676,0.8329,837769
1753591985902,04:53:05.902,mexc,ADA/USDT:USDT,0.8327,807850,0.8326,680535,0.8328,903676,0.8329,837769
1753591986073,04:53:06.073,mexc,ADA/USDT:USDT,0.8327,807850,0.8326,680535,0.8328,903676,0.8329,837769
1753591986403,04:53:06.403,mexc,ADA/USDT:USDT,0.8327,807850,0.8326,680535,0.8328,903676,0.8329,837769
1753591986502,04:53:06.502,mexc,ADA/USDT:USDT,0.8326,680535,0.8325,903017,0.8327,952938,0.8328,903676
1753591986658,04:53:06.658,mexc,ADA/USDT:USDT,0.8326,680535,0.8325,903017,0.8327,952938,0.8328,903676
1753591987003,04:53:07.003,mexc,ADA/USDT:USDT,0.8325,767346,0.8324,868498,0.8326,833187,0.8327,1316548
1753591987271,04:53:07.271,mexc,ADA/USDT:USDT,0.8324,868498,0.8323,928416,0.8325,709295,0.8326,833187
1753591987502,04:53:07.502,mexc,ADA/USDT:USDT,0.8324,868498,0.8323,1076027,0.8325,709295,0.8326,1144880
1753591987904,04:53:07.904,mexc,ADA/USDT:USDT,0.8324,868498,0.8323,928416,0.8325,709295,0.8326,1144880
1753591988003,04:53:08.003,mexc,ADA/USDT:USDT,0.8324,868498,0.8323,928416,0.8325,709295,0.8326,1110619
1753591988404,04:53:08.404,mexc,ADA/USDT:USDT,0.8324,868498,0.8323,928416,0.8325,709295,0.8326,1110619
1753591988586,04:53:08.586,mexc,ADA/USDT:USDT,0.8324,868498,0.8323,928416,0.8325,709295,0.8326,833187
1753591988864,04:53:08.864,mexc,ADA/USDT:USDT,0.8324,868498,0.8323,928416,0.8325,709295,0.8326,833187
1753591989030,04:53:09.030,mexc,ADA/USDT:USDT,0.8324,851625,0.8323,928416,0.8325,709295,0.8326,833187
1753591989076,04:53:09.076,mexc,ADA/USDT:USDT,0.8324,851625,0.8323,928416,0.8325,709295,0.8326,833187
1753591989480,04:53:09.480,mexc,ADA/USDT:USDT,0.8324,851625,0.8323,928416,0.8325,709295,0.8326,833187
1753591989577,04:53:09.577,mexc,ADA/USDT:USDT,0.8324,851625,0.8323,1144503,0.8325,709295,0.8326,833187
1753591989990,04:53:09.990,mexc,ADA/USDT:USDT,0.8324,851625,0.8323,1144503,0.8325,709295,0.8326,833187
1753591990175,04:53:10.175,mexc,ADA/USDT:USDT,0.8324,851625,0.8323,928416,0.8325,709295,0.8326,833187
1753591990222,04:53:10.222,mexc,ADA/USDT:USDT,0.8324,851625,0.8323,928416,0.8325,709295,0.8326,833187
1753591990588,04:53:10.588,mexc,ADA/USDT:USDT,0.8324,851625,0.8323,1227841,0.8325,709295,0.8326,953094
1753591990979,04:53:10.979,mexc,ADA/USDT:USDT,0.8324,851625,0.8323,1227841,0.8325,709295,0.8326,833187
1753591991078,04:53:11.078,mexc,ADA/USDT:USDT,0.8324,851625,0.8323,1044278,0.8325,709295,0.8326,950098
1753591991209,04:53:11.209,mexc,ADA/USDT:USDT,0.8324,851625,0.8323,1044278,0.8325,709295,0.8326,950098
1753591991664,04:53:11.664,mexc,ADA/USDT:USDT,0.8324,851625,0.8323,1203570,0.8325,709295,0.8326,833187
1753591991813,04:53:11.813,mexc,ADA/USDT:USDT,0.8324,851625,0.8323,1203570,0.8325,709295,0.8326,833187
1753591992076,04:53:12.076,mexc,ADA/USDT:USDT,0.8324,851625,0.8323,928416,0.8325,709295,0.8326,833187
1753591992246,04:53:12.246,mexc,ADA/USDT:USDT,0.8324,851625,0.8323,1186478,0.8325,709295,0.8326,833187
1753591992453,04:53:12.453,mexc,ADA/USDT:USDT,0.8324,755471,0.8323,709384,0.8325,981343,0.8326,726445
1753591992746,04:53:12.746,mexc,ADA/USDT:USDT,0.8324,755471,0.8323,709384,0.8325,981343,0.8326,866087
1753591992782,04:53:12.782,mexc,ADA/USDT:USDT,0.8323,709384,0.8322,897597,0.8324,949232,0.8325,981343
1753591993077,04:53:13.077,mexc,ADA/USDT:USDT,0.8323,709384,0.8322,897597,0.8324,949232,0.8325,1326923
1753591993483,04:53:13.483,mexc,ADA/USDT:USDT,0.8323,709384,0.8322,897597,0.8324,942652,0.8325,1326923
1753591993676,04:53:13.676,mexc,ADA/USDT:USDT,0.8323,709384,0.8322,1137018,0.8324,942652,0.8325,1231549
1753591993827,04:53:13.827,mexc,ADA/USDT:USDT,0.8322,897597,0.8321,945912,0.8323,779049,0.8324,942652
1753591994079,04:53:14.079,mexc,ADA/USDT:USDT,0.8322,897597,0.8321,945912,0.8323,779049,0.8324,942652
1753591994481,04:53:14.481,mexc,ADA/USDT:USDT,0.8322,897597,0.8321,945912,0.8323,779049,0.8324,942652
1753591994580,04:53:14.580,mexc,ADA/USDT:USDT,0.8322,897597,0.8321,1046738,0.8323,779049,0.8324,1308172
1753591994945,04:53:14.945,mexc,ADA/USDT:USDT,0.8322,897597,0.8321,1046738,0.8323,779049,0.8324,1308172
1753591995124,04:53:15.124,mexc,ADA/USDT:USDT,0.8322,897597,0.8321,1314250,0.8323,779049,0.8324,1345783
1753591995423,04:53:15.423,mexc,ADA/USDT:USDT,0.8322,897597,0.8321,1314250,0.8323,779049,0.8324,1345783
1753591995579,04:53:15.579,mexc,ADA/USDT:USDT,0.8322,897597,0.8321,1102345,0.8323,779049,0.8324,1449939
1753591995981,04:53:15.981,mexc,ADA/USDT:USDT,0.8322,897597,0.8321,945912,0.8323,779049,0.8324,1449939
1753591996081,04:53:16.081,mexc,ADA/USDT:USDT,0.8322,897597,0.8321,945912,0.8323,779049,0.8324,942652
1753591996485,04:53:16.485,mexc,ADA/USDT:USDT,0.8322,897597,0.8321,945912,0.8323,779049,0.8324,942652
1753591996588,04:53:16.588,mexc,ADA/USDT:USDT,0.8322,897597,0.8321,945912,0.8323,779049,0.8324,1117798
1753591996914,04:53:16.914,mexc,ADA/USDT:USDT,0.8322,897597,0.8321,945912,0.8323,779049,0.8324,1117798
1753591997081,04:53:17.081,mexc,ADA/USDT:USDT,0.8322,837683,0.8321,945912,0.8323,779049,0.8324,942652
1753591997484,04:53:17.484,mexc,ADA/USDT:USDT,0.8322,837683,0.8321,945912,0.8323,779049,0.8324,942652
1753591997681,04:53:17.681,mexc,ADA/USDT:USDT,0.8322,837683,0.8321,945912,0.8323,779049,0.8324,942652
1753591997765,04:53:17.765,mexc,ADA/USDT:USDT,0.8322,837683,0.8321,945912,0.8323,779049,0.8324,942652
1753591998082,04:53:18.082,mexc,ADA/USDT:USDT,0.8322,837683,0.8321,945912,0.8323,779049,0.8324,1048717
1753591998385,04:53:18.385,mexc,ADA/USDT:USDT,0.8322,837683,0.8321,945912,0.8323,779049,0.8324,1048717
1753591998487,04:53:18.487,mexc,ADA/USDT:USDT,0.8322,837683,0.8321,945912,0.8323,779049,0.8324,942652
1753591998764,04:53:18.764,mexc,ADA/USDT:USDT,0.8322,837683,0.8321,1190644,0.8323,779049,0.8324,942652
1753591999024,04:53:19.024,mexc,ADA/USDT:USDT,0.8322,837683,0.8321,945912,0.8323,779049,0.8324,942652
1753591999244,04:53:19.244,mexc,ADA/USDT:USDT,0.8322,837683,0.8321,945912,0.8323,779049,0.8324,942652
1753591999418,04:53:19.418,mexc,ADA/USDT:USDT,0.8324,838886,0.8323,695652,0.8325,981343,0.8326,726445
1753591999582,04:53:19.582,mexc,ADA/USDT:USDT,0.8324,838766,0.8323,836738,0.8325,981343,0.8326,726445
1753591999985,04:53:19.985,mexc,ADA/USDT:USDT,0.8324,838766,0.8323,695652,0.8325,981343,0.8326,726445
1753592000082,04:53:20.082,mexc,ADA/USDT:USDT,0.8324,838766,0.8323,770650,0.8325,981343,0.8326,726445
1753592000385,04:53:20.385,mexc,ADA/USDT:USDT,0.8324,838766,0.8323,770650,0.8325,981343,0.8326,726445
1753592000583,04:53:20.583,mexc,ADA/USDT:USDT,0.8324,838766,0.8323,695652,0.8325,981343,0.8326,726445
1753592000716,04:53:20.716,mexc,ADA/USDT:USDT,0.8324,838766,0.8323,695652,0.8325,981343,0.8326,726445
1753592001082,04:53:21.082,mexc,ADA/USDT:USDT,0.8324,838766,0.8323,695652,0.8325,981343,0.8326,726445
1753592001082,04:53:21.082,mexc,ADA/USDT:USDT,0.8324,838766,0.8323,695652,0.8325,981343,0.8326,890747
1753592001486,04:53:21.486,mexc,ADA/USDT:USDT,0.8324,838766,0.8323,695652,0.8325,981343,0.8326,890747
1753592001583,04:53:21.583,mexc,ADA/USDT:USDT,0.8324,838766,0.8323,891843,0.8325,981343,0.8326,726445
1753592001706,04:53:21.706,mexc,ADA/USDT:USDT,0.8324,838766,0.8323,891843,0.8325,981319,0.8326,726445
1753592002085,04:53:22.085,mexc,ADA/USDT:USDT,0.8324,838766,0.8323,695652,0.8325,981319,0.8326,726445
1753592002279,04:53:22.279,mexc,ADA/USDT:USDT,0.8324,838766,0.8323,695652,0.8325,981319,0.8326,726445
1753592002603,04:53:22.603,mexc,ADA/USDT:USDT,0.8324,838766,0.8323,1003829,0.8325,981319,0.8326,726445
1753592002779,04:53:22.779,mexc,ADA/USDT:USDT,0.8324,838766,0.8323,1003829,0.8325,981319,0.8326,726445
1753592003084,04:53:23.084,mexc,ADA/USDT:USDT,0.8324,838766,0.8323,695652,0.8325,981319,0.8326,726445
1753592003490,04:53:23.490,mexc,ADA/USDT:USDT,0.8324,838766,0.8323,695652,0.8325,981319,0.8326,726445
1753592003671,04:53:23.671,mexc,ADA/USDT:USDT,0.8326,770336,0.8325,1001680,0.8327,878461,0.8328,1621813
1753592003896,04:53:23.896,mexc,ADA/USDT:USDT,0.8326,770336,0.8325,1001680,0.8327,878461,0.8328,1621813
1753592004087,04:53:24.087,mexc,ADA/USDT:USDT,0.8325,903512,0.8324,1160559,0.8326,840215,0.8327,878461
1753592004347,04:53:24.347,mexc,ADA/USDT:USDT,0.8325,903512,0.8324,1160559,0.8326,840215,0.8327,878461
1753592004512,04:53:24.512,mexc,ADA/USDT:USDT,0.8325,903512,0.8324,838766,0.8326,840215,0.8327,878461
1753592004588,04:53:24.588,mexc,ADA/USDT:USDT,0.8325,903512,0.8324,1226548,0.8326,840215,0.8327,1068482
1753592004888,04:53:24.888,mexc,ADA/USDT:USDT,0.8326,965845,0.8325,903512,0.8327,878461,0.8328,904770
1753592005206,04:53:25.206,mexc,ADA/USDT:USDT,0.8326,965845,0.8325,1113697,0.8327,878461,0.8328,904770
1753592005372,04:53:25.372,mexc,ADA/USDT:USDT,0.8326,965264,0.8325,1113697,0.8327,875257,0.8328,904770
1753592005585,04:53:25.585,mexc,ADA/USDT:USDT,0.8326,965264,0.8325,903512,0.8327,875257,0.8328,904770
1753592005955,04:53:25.955,mexc,ADA/USDT:USDT,0.8326,965264,0.8325,903512,0.8327,875257,0.8328,904770
1753592006086,04:53:26.086,mexc,ADA/USDT:USDT,0.8326,965264,0.8325,1016565,0.8327,875257,0.8328,1269998
1753592006421,04:53:26.421,mexc,ADA/USDT:USDT,0.8326,963559,0.8325,1016565,0.8327,875257,0.8328,1269998
1753592006587,04:53:26.587,mexc,ADA/USDT:USDT,0.8326,963559,0.8325,1069004,0.8327,875257,0.8328,904770
1753592006849,04:53:26.849,mexc,ADA/USDT:USDT,0.8326,963559,0.8325,1069004,0.8327,875257,0.8328,904770
1753592007067,04:53:27.067,mexc,ADA/USDT:USDT,0.8326,963559,0.8325,903512,0.8327,857036,0.8328,904770
1753592007185,04:53:27.185,mexc,ADA/USDT:USDT,0.8326,963559,0.8325,1143249,0.8327,857036,0.8328,904770
1753592007489,04:53:27.489,mexc,ADA/USDT:USDT,0.8326,963559,0.8325,1143249,0.8327,849771,0.8328,904770
1753592007647,04:53:27.647,mexc,ADA/USDT:USDT,0.8326,963559,0.8325,903512,0.8327,849771,0.8328,904770
1753592007989,04:53:27.989,mexc,ADA/USDT:USDT,0.8326,963559,0.8325,903512,0.8327,849771,0.8328,904770
1753592008086,04:53:28.086,mexc,ADA/USDT:USDT,0.8326,963559,0.8325,903512,0.8327,849171,0.8328,904770
1753592008245,04:53:28.245,mexc,ADA/USDT:USDT,0.8326,963559,0.8325,903512,0.8327,849171,0.8328,904770
1753592008589,04:53:28.589,mexc,ADA/USDT:USDT,0.8326,963559,0.8325,1133893,0.8327,849171,0.8328,904770
1753592008783,04:53:28.783,mexc,ADA/USDT:USDT,0.8326,963559,0.8325,1133893,0.8327,849171,0.8328,904770
1753592009087,04:53:29.087,mexc,ADA/USDT:USDT,0.8325,903512,0.8324,1049187,0.8326,882661,0.8327,1197877
1753592009457,04:53:29.457,mexc,ADA/USDT:USDT,0.8325,903512,0.8324,1049187,0.8326,882661,0.8327,1197877
1753592009689,04:53:29.689,mexc,ADA/USDT:USDT,0.8325,903512,0.8324,1378153,0.8326,882661,0.8327,849171
1753592009991,04:53:29.991,mexc,ADA/USDT:USDT,0.8325,903512,0.8324,1132968,0.8326,882661,0.8327,849171
1753592010179,04:53:30.179,mexc,ADA/USDT:USDT,0.8325,903512,0.8324,838766,0.8326,882661,0.8327,960938
1753592010491,04:53:30.491,mexc,ADA/USDT:USDT,0.8325,903512,0.8324,838766,0.8326,882661,0.8327,849171
1753592010588,04:53:30.588,mexc,ADA/USDT:USDT,0.8325,903512,0.8324,936890,0.8326,882661,0.8327,849171
1753592010990,04:53:30.990,mexc,ADA/USDT:USDT,0.8325,903512,0.8324,936890,0.8326,882661,0.8327,849171
1753592011141,04:53:31.141,mexc,ADA/USDT:USDT,0.8325,903512,0.8324,838766,0.8326,882661,0.8327,983802
1753592011491,04:53:31.491,mexc,ADA/USDT:USDT,0.8325,903512,0.8324,838766,0.8326,882661,0.8327,983802
1753592011590,04:53:31.590,mexc,ADA/USDT:USDT,0.8325,903512,0.8324,838766,0.8326,882541,0.8327,849171
1753592011993,04:53:31.993,mexc,ADA/USDT:USDT,0.8325,903512,0.8324,838766,0.8326,882541,0.8327,849171
1753592012186,04:53:32.186,mexc,ADA/USDT:USDT,0.8325,903512,0.8324,1043155,0.8326,882541,0.8327,1212376
1753592012434,04:53:32.434,mexc,ADA/USDT:USDT,0.8325,903512,0.8324,1043155,0.8326,882541,0.8327,1212376
1753592012589,04:53:32.589,mexc,ADA/USDT:USDT,0.8325,903512,0.8324,1105219,0.8326,882541,0.8327,1185258
1753592012871,04:53:32.871,mexc,ADA/USDT:USDT,0.8325,903512,0.8324,1105219,0.8326,880541,0.8327,1185258
1753592013088,04:53:33.088,mexc,ADA/USDT:USDT,0.8325,903512,0.8324,838766,0.8326,880541,0.8327,1138647
1753592013089,04:53:33.089,mexc,ADA/USDT:USDT,0.8325,903512,0.8324,838766,0.8326,880541,0.8327,1138647
1753592013491,04:53:33.491,mexc,ADA/USDT:USDT,0.8325,903512,0.8324,838766,0.8326,880541,0.8327,849171
1753592013591,04:53:33.591,mexc,ADA/USDT:USDT,0.8325,903512,0.8324,1023442,0.8326,880541,0.8327,849171
1753592013993,04:53:33.993,mexc,ADA/USDT:USDT,0.8325,903512,0.8324,1023442,0.8326,880541,0.8327,849171
1753592014149,04:53:34.149,mexc,ADA/USDT:USDT,0.8325,903512,0.8324,980159,0.8326,880541,0.8327,849171
1753592014447,04:53:34.447,mexc,ADA/USDT:USDT,0.8325,903512,0.8324,980159,0.8326,1797783,0.8327,849171
1753592014631,04:53:34.631,mexc,ADA/USDT:USDT,0.8325,728927,0.8324,942723,0.8326,917242,0.8327,819034
1753592014791,04:53:34.791,mexc,ADA/USDT:USDT,0.8325,728927,0.8324,942723,0.8326,917242,0.8327,819034
1753592015092,04:53:35.092,mexc,ADA/USDT:USDT,0.8325,728927,0.8324,800013,0.8326,917242,0.8327,819034
1753592015458,04:53:35.458,mexc,ADA/USDT:USDT,0.8325,728927,0.8324,800013,0.8326,917242,0.8327,819034
1753592015594,04:53:35.594,mexc,ADA/USDT:USDT,0.8325,728927,0.8324,800013,0.8326,917242,0.8327,819034
1753592015822,04:53:35.822,mexc,ADA/USDT:USDT,0.8325,728927,0.8324,800013,0.8326,917242,0.8327,819034
1753592016164,04:53:36.164,mexc,ADA/USDT:USDT,0.8325,728927,0.8324,950020,0.8326,917242,0.8327,819034
1753592016415,04:53:36.415,mexc,ADA/USDT:USDT,0.8325,728927,0.8324,950020,0.8326,917242,0.8327,819034
1753592016593,04:53:36.593,mexc,ADA/USDT:USDT,0.8325,728927,0.8324,800013,0.8326,917242,0.8327,819034
1753592016892,04:53:36.892,mexc,ADA/USDT:USDT,0.8325,728927,0.8324,800013,0.8326,917242,0.8327,819034
1753592017092,04:53:37.092,mexc,ADA/USDT:USDT,0.8325,728927,0.8324,800013,0.8326,917242,0.8327,819034
1753592017171,04:53:37.171,mexc,ADA/USDT:USDT,0.8325,728927,0.8324,800013,0.8326,917242,0.8327,819034
1753592017496,04:53:37.496,mexc,ADA/USDT:USDT,0.8325,728927,0.8324,800013,0.8326,917242,0.8327,819034
1753592017593,04:53:37.593,mexc,ADA/USDT:USDT,0.8325,728927,0.8324,1077230,0.8326,917242,0.8327,819034
1753592017996,04:53:37.996,mexc,ADA/USDT:USDT,0.8325,728927,0.8324,1077230,0.8326,917242,0.8327,819034
1753592018170,04:53:38.170,mexc,ADA/USDT:USDT,0.8325,728927,0.8324,1220701,0.8326,917242,0.8327,819034
1753592018497,04:53:38.497,mexc,ADA/USDT:USDT,0.8325,728927,0.8324,971237,0.8326,917242,0.8327,819034
1753592018639,04:53:38.639,mexc,ADA/USDT:USDT,0.8325,728927,0.8324,800013,0.8326,917242,0.8327,1253564
1753592018961,04:53:38.961,mexc,ADA/USDT:USDT,0.8325,728927,0.8324,812469,0.8326,917242,0.8327,1253564
1753592019096,04:53:39.096,mexc,ADA/USDT:USDT,0.8325,728927,0.8324,812469,0.8326,917242,0.8327,1064847
1753592019209,04:53:39.209,mexc,ADA/USDT:USDT,0.8325,728673,0.8324,812469,0.8326,917242,0.8327,1064847
1753592019621,04:53:39.621,mexc,ADA/USDT:USDT,0.8325,728673,0.8324,812469,0.8326,917242,0.8327,819034
1753592019827,04:53:39.827,mexc,ADA/USDT:USDT,0.8325,728673,0.8324,812469,0.8326,917242,0.8327,819034
1753592019997,04:53:39.997,mexc,ADA/USDT:USDT,0.8325,728673,0.8324,812469,0.8326,917242,0.8327,819034
1753592020270,04:53:40.270,mexc,ADA/USDT:USDT,0.8325,728673,0.8324,1147682,0.8326,917242,0.8327,1004635
1753592020402,04:53:40.402,mexc,ADA/USDT:USDT,0.8326,786070,0.8325,728673,0.8327,819034,0.8328,918219
1753592020602,04:53:40.602,mexc,ADA/USDT:USDT,0.8326,786070,0.8325,1402314,0.8327,819034,0.8328,918219
1753592020997,04:53:40.997,mexc,ADA/USDT:USDT,0.8326,786070,0.8325,1402314,0.8327,819034,0.8328,918219
1753592021094,04:53:41.094,mexc,ADA/USDT:USDT,0.8326,786070,0.8325,728673,0.8327,819034,0.8328,1135617
1753592021460,04:53:41.460,mexc,ADA/USDT:USDT,0.8326,786070,0.8325,728673,0.8327,819034,0.8328,1135617
1753592021596,04:53:41.596,mexc,ADA/USDT:USDT,0.8326,786070,0.8325,995518,0.8327,819034,0.8328,918219
1753592021835,04:53:41.835,mexc,ADA/USDT:USDT,0.8326,786070,0.8325,995518,0.8327,819034,0.8328,918219
1753592022096,04:53:42.096,mexc,ADA/USDT:USDT,0.8326,786070,0.8325,860804,0.8327,819034,0.8328,918219
1753592022359,04:53:42.359,mexc,ADA/USDT:USDT,0.8326,786070,0.8325,860804,0.8327,819034,0.8328,918219
1753592022654,04:53:42.654,mexc,ADA/USDT:USDT,0.8326,786070,0.8325,728673,0.8327,819034,0.8328,918219
1753592022699,04:53:42.699,mexc,ADA/USDT:USDT,0.8326,786070,0.8325,728673,0.8327,819034,0.8328,918219
1753592023097,04:53:43.097,mexc,ADA/USDT:USDT,0.8326,786070,0.8325,728673,0.8327,819034,0.8328,918219
1753592023114,04:53:43.114,mexc,ADA/USDT:USDT,0.8326,786070,0.8325,876600,0.8327,819034,0.8328,918219
1753592023500,04:53:43.500,mexc,ADA/USDT:USDT,0.8326,786070,0.8325,876600,0.8327,819034,0.8328,918219
1753592023597,04:53:43.597,mexc,ADA/USDT:USDT,0.8326,786070,0.8325,728673,0.8327,819034,0.8328,1117956
1753592023906,04:53:43.906,mexc,ADA/USDT:USDT,0.8326,786070,0.8325,728673,0.8327,819034,0.8328,1117956
1753592024098,04:53:44.098,mexc,ADA/USDT:USDT,0.8326,786070,0.8325,728673,0.8327,819034,0.8328,1246710
1753592024259,04:53:44.259,mexc,ADA/USDT:USDT,0.8326,786070,0.8325,728673,0.8327,819034,0.8328,1246710
1753592024598,04:53:44.598,mexc,ADA/USDT:USDT,0.8326,786070,0.8325,728673,0.8327,819034,0.8328,918219
1753592024598,04:53:44.598,mexc,ADA/USDT:USDT,0.8326,786070,0.8325,728673,0.8327,819034,0.8328,918219
1753592025001,04:53:45.001,mexc,ADA/USDT:USDT,0.8326,786070,0.8325,728673,0.8327,819034,0.8328,918219
1753592025102,04:53:45.102,mexc,ADA/USDT:USDT,0.8326,786070,0.8325,728673,0.8327,819034,0.8328,1151236
1753592025448,04:53:45.448,mexc,ADA/USDT:USDT,0.8326,786070,0.8325,728673,0.8327,1807852,0.8328,1151236
1753592025599,04:53:45.599,mexc,ADA/USDT:USDT,0.8326,706575,0.8325,1237200,0.8327,988818,0.8328,748867
1753592025867,04:53:45.867,mexc,ADA/USDT:USDT,0.8326,706575,0.8325,1237200,0.8327,988818,0.8328,748867
1753592026066,04:53:46.066,mexc,ADA/USDT:USDT,0.8326,706575,0.8325,875152,0.8327,988818,0.8328,748867
1753592026100,04:53:46.100,mexc,ADA/USDT:USDT,0.8326,706575,0.8325,875152,0.8327,988818,0.8328,748867
1753592026428,04:53:46.428,mexc,ADA/USDT:USDT,0.8327,785926,0.8326,706295,0.8328,748867,0.8329,703061
1753592026745,04:53:46.745,mexc,ADA/USDT:USDT,0.8327,785926,0.8326,706295,0.8328,748816,0.8329,703061
1753592027002,04:53:47.002,mexc,ADA/USDT:USDT,0.8327,785926,0.8326,706295,0.8328,748816,0.8329,703061
1753592027100,04:53:47.100,mexc,ADA/USDT:USDT,0.8327,785926,0.8326,706295,0.8328,748816,0.8329,703061
1753592027284,04:53:47.284,mexc,ADA/USDT:USDT,0.8327,785575,0.8326,706295,0.8328,748816,0.8329,703061
1753592027600,04:53:47.600,mexc,ADA/USDT:USDT,0.8327,785575,0.8326,875533,0.8328,748816,0.8329,937809
1753592027974,04:53:47.974,mexc,ADA/USDT:USDT,0.8327,785575,0.8326,875533,0.8328,748816,0.8329,937809
1753592028101,04:53:48.101,mexc,ADA/USDT:USDT,0.8328,720655,0.8327,1091392,0.8329,703061,0.833,814355
1753592028504,04:53:48.504,mexc,ADA/USDT:USDT,0.8328,720655,0.8327,1091392,0.8329,703061,0.833,814355
1753592028600,04:53:48.600,mexc,ADA/USDT:USDT,0.8328,720655,0.8327,785575,0.8329,703061,0.833,985198
1753592029003,04:53:49.003,mexc,ADA/USDT:USDT,0.8328,720655,0.8327,785575,0.8329,703061,0.833,985198
1753592029103,04:53:49.103,mexc,ADA/USDT:USDT,0.8328,720655,0.8327,1116518,0.8329,703061,0.833,1241171
1753592029503,04:53:49.503,mexc,ADA/USDT:USDT,0.8328,720655,0.8327,1116518,0.8329,703061,0.833,1241171
1753592029663,04:53:49.663,mexc,ADA/USDT:USDT,0.8328,720655,0.8327,984976,0.8329,703061,0.833,814355
1753592029771,04:53:49.771,mexc,ADA/USDT:USDT,0.8328,720655,0.8327,984976,0.8329,703061,0.833,814355
1753592030135,04:53:50.135,mexc,ADA/USDT:USDT,0.8328,720655,0.8327,785575,0.8329,703061,0.833,814355
1753592030393,04:53:50.393,mexc,ADA/USDT:USDT,0.8328,720655,0.8327,785575,0.8329,703061,0.833,814355
1753592030506,04:53:50.506,mexc,ADA/USDT:USDT,0.8328,720655,0.8327,785575,0.8329,703061,0.833,814355
1753592030603,04:53:50.603,mexc,ADA/USDT:USDT,0.8328,720655,0.8327,1522703,0.8329,703061,0.833,1001324
1753592031005,04:53:51.005,mexc,ADA/USDT:USDT,0.8328,720655,0.8327,1522703,0.8329,703061,0.833,814355
1753592031105,04:53:51.105,mexc,ADA/USDT:USDT,0.8328,720655,0.8327,785575,0.8329,703061,0.833,814355
1753592031211,04:53:51.211,mexc,ADA/USDT:USDT,0.8328,720655,0.8327,785575,0.8329,703061,0.833,814355
1753592031603,04:53:51.603,mexc,ADA/USDT:USDT,0.8328,720655,0.8327,785575,0.8329,703061,0.833,814355
1753592031871,04:53:51.871,mexc,ADA/USDT:USDT,0.8328,720655,0.8327,785575,0.8329,703061,0.833,814355
1753592032066,04:53:52.066,mexc,ADA/USDT:USDT,0.8328,720655,0.8327,785575,0.8329,703061,0.833,814355
1753592032104,04:53:52.104,mexc,ADA/USDT:USDT,0.8328,720655,0.8327,1082622,0.8329,703061,0.833,814355
1753592032510,04:53:52.510,mexc,ADA/USDT:USDT,0.8328,720655,0.8327,785575,0.8329,703061,0.833,814355
1753592032658,04:53:52.658,mexc,ADA/USDT:USDT,0.8329,863243,0.8328,720655,0.833,814355,0.8331,708000
1753592033055,04:53:53.055,mexc,ADA/USDT:USDT,0.8329,863243,0.8328,720655,0.833,814355,0.8331,708000
1753592033210,04:53:53.210,mexc,ADA/USDT:USDT,0.8328,720655,0.8327,1428459,0.8329,687007,0.833,897986
1753592033510,04:53:53.510,mexc,ADA/USDT:USDT,0.8328,720655,0.8327,1114015,0.8329,687007,0.833,897986
1753592033605,04:53:53.605,mexc,ADA/USDT:USDT,0.8328,720655,0.8327,785575,0.8329,687007,0.833,814355
1753592033928,04:53:53.928,mexc,ADA/USDT:USDT,0.8328,720655,0.8327,785575,0.8329,686931,0.833,814355
1753592034107,04:53:54.107,mexc,ADA/USDT:USDT,0.8328,720655,0.8327,904933,0.8329,686931,0.833,1056439
1753592034354,04:53:54.354,mexc,ADA/USDT:USDT,0.8328,720655,0.8327,904933,0.8329,686931,0.833,1056439
1753592034607,04:53:54.607,mexc,ADA/USDT:USDT,0.8328,720655,0.8327,785575,0.8329,686931,0.833,1045365
1753592035009,04:53:55.009,mexc,ADA/USDT:USDT,0.8328,720655,0.8327,785575,0.8329,686931,0.833,1045365
1753592035106,04:53:55.106,mexc,ADA/USDT:USDT,0.8328,720655,0.8327,1253928,0.8329,686931,0.833,1096837
1753592035412,04:53:55.412,mexc,ADA/USDT:USDT,0.8328,720655,0.8327,1253928,0.8329,686931,0.833,1096837
1753592035607,04:53:55.607,mexc,ADA/USDT:USDT,0.8328,720655,0.8327,785575,0.8329,686931,0.833,814355
1753592035731,04:53:55.731,mexc,ADA/USDT:USDT,0.8328,720655,0.8327,785575,0.8329,686931,0.833,814355
1753592036110,04:53:56.110,mexc,ADA/USDT:USDT,0.8328,720655,0.8327,785575,0.8329,686931,0.833,814355
1753592036139,04:53:56.139,mexc,ADA/USDT:USDT,0.8328,720655,0.8327,785575,0.8329,686931,0.833,814355
1753592036515,04:53:56.515,mexc,ADA/USDT:USDT,0.8328,720655,0.8327,785575,0.8329,686446,0.833,814355
1753592036606,04:53:56.606,mexc,ADA/USDT:USDT,0.8328,720655,0.8327,1055636,0.8329,686446,0.833,814355
1753592036937,04:53:56.937,mexc,ADA/USDT:USDT,0.8328,720655,0.8327,1055636,0.8329,686446,0.833,814355
1753592037109,04:53:57.109,mexc,ADA/USDT:USDT,0.8328,720655,0.8327,785575,0.8329,686446,0.833,814355
1753592037311,04:53:57.311,mexc,ADA/USDT:USDT,0.8328,720655,0.8327,785575,0.8329,686446,0.833,814355
1753592037511,04:53:57.511,mexc,ADA/USDT:USDT,0.8328,720655,0.8327,785575,0.8329,686446,0.833,814355
1753592037632,04:53:57.632,mexc,ADA/USDT:USDT,0.8328,720655,0.8327,785575,0.8329,686446,0.833,814355
1753592038011,04:53:58.011,mexc,ADA/USDT:USDT,0.8328,720655,0.8327,785575,0.8329,686446,0.833,814355
1753592038108,04:53:58.108,mexc,ADA/USDT:USDT,0.8328,720655,0.8327,910441,0.8329,686446,0.833,814355
1753592038488,04:53:58.488,mexc,ADA/USDT:USDT,0.8328,720655,0.8327,910441,0.8329,1649582,0.833,814355
1753592038681,04:53:58.681,mexc,ADA/USDT:USDT,0.8328,747456,0.8327,920490,0.8329,963136,0.833,1057352
1753592039008,04:53:59.008,mexc,ADA/USDT:USDT,0.8328,747456,0.8327,920490,0.8329,963136,0.833,1057352
1753592039172,04:53:59.172,mexc,ADA/USDT:USDT,0.8328,747456,0.8327,905586,0.8329,963136,0.833,818781
1753592039484,04:53:59.484,mexc,ADA/USDT:USDT,0.8328,747456,0.8327,905586,0.8329,963136,0.833,818781
1753592039610,04:53:59.610,mexc,ADA/USDT:USDT,0.8328,747456,0.8327,761440,0.8329,963136,0.833,1322182
1753592039787,04:53:59.787,mexc,ADA/USDT:USDT,0.8328,747456,0.8327,761440,0.8329,963136,0.833,1322182
1753592040111,04:54:00.111,mexc,ADA/USDT:USDT,0.8328,747456,0.8327,761440,0.8329,963136,0.833,818781
1753592040520,04:54:00.520,mexc,ADA/USDT:USDT,0.8328,747456,0.8327,761440,0.8329,963136,0.833,818781
1753592040609,04:54:00.609,mexc,ADA/USDT:USDT,0.8328,747456,0.8327,868730,0.8329,963136,0.833,818781
1753592040750,04:54:00.750,mexc,ADA/USDT:USDT,0.8328,747456,0.8327,868730,0.8329,963136,0.833,818781
1753592041212,04:54:01.212,mexc,ADA/USDT:USDT,0.8328,747456,0.8327,761440,0.8329,963136,0.833,1135027
1753592041382,04:54:01.382,mexc,ADA/USDT:USDT,0.8328,747456,0.8327,761440,0.8329,950688,0.833,1135027
1753592041613,04:54:01.613,mexc,ADA/USDT:USDT,0.8328,747456,0.8327,761440,0.8329,950688,0.833,1290251
1753592042017,04:54:02.017,mexc,ADA/USDT:USDT,0.8328,747456,0.8327,761440,0.8329,950688,0.833,1290251
1753592042113,04:54:02.113,mexc,ADA/USDT:USDT,0.8328,747456,0.8327,1059500,0.8329,950688,0.833,818781
1753592042514,04:54:02.514,mexc,ADA/USDT:USDT,0.8328,747456,0.8327,1059500,0.8329,950688,0.833,818781
1753592042612,04:54:02.612,mexc,ADA/USDT:USDT,0.8328,747456,0.8327,761440,0.8329,950688,0.833,1089563
1753592043002,04:54:03.002,mexc,ADA/USDT:USDT,0.8328,747456,0.8327,761440,0.8329,950688,0.833,1089563
1753592043112,04:54:03.112,mexc,ADA/USDT:USDT,0.8328,747456,0.8327,1110514,0.8329,950688,0.833,983530
1753592043412,04:54:03.412,mexc,ADA/USDT:USDT,0.8328,747456,0.8327,1110514,0.8329,950688,0.833,983530
1753592043709,04:54:03.709,mexc,ADA/USDT:USDT,0.8328,747456,0.8327,761440,0.8329,950688,0.833,1138948
1753592044015,04:54:04.015,mexc,ADA/USDT:USDT,0.8328,747456,0.8327,761440,0.8329,950688,0.833,1138948
1753592044113,04:54:04.113,mexc,ADA/USDT:USDT,0.8328,747456,0.8327,1130655,0.8329,950688,0.833,818781
1753592044379,04:54:04.379,mexc,ADA/USDT:USDT,0.8328,747456,0.8327,1130655,0.8329,950688,0.833,818781
1753592044613,04:54:04.613,mexc,ADA/USDT:USDT,0.8328,828868,0.8327,1143402,0.8329,847513,0.833,1275290
1753592044706,04:54:04.706,mexc,ADA/USDT:USDT,0.8328,828868,0.8327,1143402,0.8329,847513,0.833,1275290
1753592045113,04:54:05.113,mexc,ADA/USDT:USDT,0.8328,828868,0.8327,751074,0.8329,847513,0.833,944690
1753592045115,04:54:05.115,mexc,ADA/USDT:USDT,0.8328,828868,0.8327,751074,0.8329,847513,0.833,944690
1753592045517,04:54:05.517,mexc,ADA/USDT:USDT,0.8328,828868,0.8327,751074,0.8329,847513,0.833,944690
1753592045654,04:54:05.654,mexc,ADA/USDT:USDT,0.8328,828868,0.8327,828380,0.8329,847513,0.833,944690
1753592046014,04:54:06.014,mexc,ADA/USDT:USDT,0.8328,828868,0.8327,828380,0.8329,847513,0.833,944690
1753592046116,04:54:06.116,mexc,ADA/USDT:USDT,0.8328,828868,0.8327,928841,0.8329,847513,0.833,944690
1753592046372,04:54:06.372,mexc,ADA/USDT:USDT,0.8328,828868,0.8327,928841,0.8329,847513,0.833,944690
1753592046616,04:54:06.616,mexc,ADA/USDT:USDT,0.8328,828849,0.8327,751074,0.8329,847513,0.833,1096997
1753592046943,04:54:06.943,mexc,ADA/USDT:USDT,0.8328,828849,0.8327,751074,0.8329,847513,0.833,1096997
1753592047117,04:54:07.117,mexc,ADA/USDT:USDT,0.8329,734615,0.8328,828849,0.833,944690,0.8331,807020
1753592047519,04:54:07.519,mexc,ADA/USDT:USDT,0.8329,734615,0.8328,828849,0.833,944690,0.8331,807020
1753592047617,04:54:07.617,mexc,ADA/USDT:USDT,0.8329,734615,0.8328,828849,0.833,944690,0.8331,807020
1753592048020,04:54:08.020,mexc,ADA/USDT:USDT,0.8329,734615,0.8328,828849,0.833,944690,0.8331,807020
1753592048118,04:54:08.118,mexc,ADA/USDT:USDT,0.8329,734615,0.8328,828849,0.833,944690,0.8331,807020
1753592048229,04:54:08.229,mexc,ADA/USDT:USDT,0.8329,734615,0.8328,828849,0.833,944690,0.8331,807020
1753592048616,04:54:08.616,mexc,ADA/USDT:USDT,0.8329,734615,0.8328,828849,0.833,944690,0.8331,807020
1753592048753,04:54:08.753,mexc,ADA/USDT:USDT,0.8329,734615,0.8328,828849,0.833,944690,0.8331,807020
1753592049165,04:54:09.165,mexc,ADA/USDT:USDT,0.8329,734615,0.8328,828849,0.833,944690,0.8331,1282678
1753592049214,04:54:09.214,mexc,ADA/USDT:USDT,0.8329,734615,0.8328,828849,0.833,944690,0.8331,1282678
1753592049618,04:54:09.618,mexc,ADA/USDT:USDT,0.8329,734615,0.8328,828849,0.833,944690,0.8331,807020
1753592049620,04:54:09.620,mexc,ADA/USDT:USDT,0.8329,734615,0.8328,828849,0.833,944690,0.8331,807020
1753592050022,04:54:10.022,mexc,ADA/USDT:USDT,0.8329,734615,0.8328,828849,0.833,944690,0.8331,807020
1753592050196,04:54:10.196,mexc,ADA/USDT:USDT,0.8329,734615,0.8328,828849,0.833,944690,0.8331,990600
1753592050460,04:54:10.460,mexc,ADA/USDT:USDT,0.8329,734615,0.8328,828849,0.833,944690,0.8331,990600
1753592050640,04:54:10.640,mexc,ADA/USDT:USDT,0.833,855862,0.8329,734615,0.8331,703039,0.8332,997830
1753592050965,04:54:10.965,mexc,ADA/USDT:USDT,0.833,855862,0.8329,734615,0.8331,703039,0.8332,997830
1753592051121,04:54:11.121,mexc,ADA/USDT:USDT,0.833,855862,0.8329,918881,0.8331,703039,0.8332,1336812
1753592051399,04:54:11.399,mexc,ADA/USDT:USDT,0.833,855862,0.8329,918881,0.8331,703039,0.8332,1336812
1753592051620,04:54:11.620,mexc,ADA/USDT:USDT,0.833,855862,0.8329,734615,0.8331,703039,0.8332,997830
1753592051624,04:54:11.624,mexc,ADA/USDT:USDT,0.833,855862,0.8329,1033539,0.8331,703039,0.8332,1362756
1753592052022,04:54:12.022,mexc,ADA/USDT:USDT,0.833,855862,0.8329,1033539,0.8331,703039,0.8332,1362756
1753592052120,04:54:12.120,mexc,ADA/USDT:USDT,0.833,855862,0.8329,734615,0.8331,703039,0.8332,1391229
1753592052245,04:54:12.245,mexc,ADA/USDT:USDT,0.833,855862,0.8329,734615,0.8331,703039,0.8332,1391229
1753592052622,04:54:12.622,mexc,ADA/USDT:USDT,0.833,855862,0.8329,912293,0.8331,703039,0.8332,1225723
1753592053023,04:54:13.023,mexc,ADA/USDT:USDT,0.833,855862,0.8329,912293,0.8331,703039,0.8332,997830
1753592053126,04:54:13.126,mexc,ADA/USDT:USDT,0.833,855862,0.8329,734615,0.8331,703039,0.8332,1577628
1753592053228,04:54:13.228,mexc,ADA/USDT:USDT,0.833,855862,0.8329,734615,0.8331,703039,0.8332,1577628
1753592053622,04:54:13.622,mexc,ADA/USDT:USDT,0.833,855862,0.8329,734615,0.8331,703039,0.8332,1572411
1753592054022,04:54:14.022,mexc,ADA/USDT:USDT,0.833,855862,0.8329,734615,0.8331,703039,0.8332,1572411
1753592054122,04:54:14.122,mexc,ADA/USDT:USDT,0.833,855862,0.8329,893192,0.8331,703039,0.8332,997830
1753592054523,04:54:14.523,mexc,ADA/USDT:USDT,0.833,855862,0.8329,893192,0.8331,703039,0.8332,997830
1753592054643,04:54:14.643,mexc,ADA/USDT:USDT,0.833,846828,0.8329,1003049,0.8331,703039,0.8332,997830
1753592055024,04:54:15.024,mexc,ADA/USDT:USDT,0.833,846828,0.8329,1003049,0.8331,703039,0.8332,997830
1753592055208,04:54:15.208,mexc,ADA/USDT:USDT,0.833,846828,0.8329,734615,0.8331,703039,0.8332,1386549
1753592055494,04:54:15.494,mexc,ADA/USDT:USDT,0.833,846828,0.8329,734615,0.8331,1425129,0.8332,1386549
1753592055622,04:54:15.622,mexc,ADA/USDT:USDT,0.833,1005940,0.8329,1304051,0.8331,722090,0.8332,1030814
1753592055898,04:54:15.898,mexc,ADA/USDT:USDT,0.833,1005940,0.8329,1304051,0.8331,722090,0.8332,1030814
1753592056025,04:54:16.025,mexc,ADA/USDT:USDT,0.833,1005940,0.8329,939733,0.8331,722090,0.8332,703922
1753592056238,04:54:16.238,mexc,ADA/USDT:USDT,0.833,1005940,0.8329,1220295,0.8331,722090,0.8332,703922
1753592056525,04:54:16.525,mexc,ADA/USDT:USDT,0.833,1005940,0.8329,939733,0.8331,722090,0.8332,703922
1753592056722,04:54:16.722,mexc,ADA/USDT:USDT,0.833,1005940,0.8329,1371419,0.8331,722090,0.8332,703922
1753592057025,04:54:17.025,mexc,ADA/USDT:USDT,0.833,1005940,0.8329,939733,0.8331,722090,0.8332,703922
1753592057170,04:54:17.170,mexc,ADA/USDT:USDT,0.833,1005940,0.8329,1316965,0.8331,722090,0.8332,703922
1753592057446,04:54:17.446,mexc,ADA/USDT:USDT,0.833,1005940,0.8329,1316965,0.8331,722090,0.8332,703922
1753592057624,04:54:17.624,mexc,ADA/USDT:USDT,0.833,1005940,0.8329,939733,0.8331,722090,0.8332,703922
1753592057715,04:54:17.715,mexc,ADA/USDT:USDT,0.833,1005940,0.8329,939733,0.8331,722090,0.8332,703922
1753592058045,04:54:18.045,mexc,ADA/USDT:USDT,0.833,1005940,0.8329,939733,0.8331,722090,0.8332,703922
1753592058125,04:54:18.125,mexc,ADA/USDT:USDT,0.833,1005940,0.8329,939733,0.8331,722090,0.8332,703922
1753592058530,04:54:18.530,mexc,ADA/USDT:USDT,0.833,1005940,0.8329,939733,0.8331,722090,0.8332,703922
1753592058626,04:54:18.626,mexc,ADA/USDT:USDT,0.833,1005940,0.8329,939733,0.8331,722090,0.8332,703922
1753592059028,04:54:19.028,mexc,ADA/USDT:USDT,0.833,1005940,0.8329,939733,0.8331,722090,0.8332,703922
1753592059126,04:54:19.126,mexc,ADA/USDT:USDT,0.833,1005940,0.8329,1140494,0.8331,722090,0.8332,703922
1753592059528,04:54:19.528,mexc,ADA/USDT:USDT,0.833,1005940,0.8329,939733,0.8331,722090,0.8332,703922
1753592059688,04:54:19.688,mexc,ADA/USDT:USDT,0.833,1005940,0.8329,1291012,0.8331,722090,0.8332,703922
1753592060028,04:54:20.028,mexc,ADA/USDT:USDT,0.833,1005940,0.8329,1291012,0.8331,722090,0.8332,703922
1753592060225,04:54:20.225,mexc,ADA/USDT:USDT,0.833,1005940,0.8329,939733,0.8331,722090,0.8332,782763
1753592060327,04:54:20.327,mexc,ADA/USDT:USDT,0.833,1005940,0.8329,939733,0.8331,722090,0.8332,782763
1753592060628,04:54:20.628,mexc,ADA/USDT:USDT,0.833,1005940,0.8329,939733,0.8331,722090,0.8332,703922
1753592060966,04:54:20.966,mexc,ADA/USDT:USDT,0.833,1005940,0.8329,939733,0.8331,722090,0.8332,703922
1753592061128,04:54:21.128,mexc,ADA/USDT:USDT,0.833,1005940,0.8329,1267686,0.8331,722090,0.8332,1005029
1753592061494,04:54:21.494,mexc,ADA/USDT:USDT,0.833,1005940,0.8329,1267686,0.8331,1455932,0.8332,1005029
1753592061628,04:54:21.628,mexc,ADA/USDT:USDT,0.833,803700,0.8329,1186966,0.8331,733842,0.8332,930117
1753592061959,04:54:21.959,mexc,ADA/USDT:USDT,0.833,803700,0.8329,1186966,0.8331,733842,0.8332,930117
1753592062128,04:54:22.128,mexc,ADA/USDT:USDT,0.8331,827620,0.833,1326142,0.8332,930117,0.8333,878908
1753592062387,04:54:22.387,mexc,ADA/USDT:USDT,0.8331,827620,0.833,1326142,0.8332,929961,0.8333,878908
1753592062577,04:54:22.577,mexc,ADA/USDT:USDT,0.833,803700,0.8329,956339,0.8331,975168,0.8332,878153
1753592062654,04:54:22.654,mexc,ADA/USDT:USDT,0.833,803700,0.8329,1027091,0.8331,975168,0.8332,1170538
1753592063031,04:54:23.031,mexc,ADA/USDT:USDT,0.833,803700,0.8329,1027091,0.8331,975168,0.8332,1170538
1753592063205,04:54:23.205,mexc,ADA/USDT:USDT,0.8331,810681,0.833,803700,0.8332,878153,0.8333,878908
1753592063421,04:54:23.421,mexc,ADA/USDT:USDT,0.8331,810681,0.833,803700,0.8332,878153,0.8333,878908
1753592063629,04:54:23.629,mexc,ADA/USDT:USDT,0.8331,810681,0.833,1118476,0.8332,878153,0.8333,878908
1753592064009,04:54:24.009,mexc,ADA/USDT:USDT,0.8331,810681,0.833,1118476,0.8332,878153,0.8333,878908
1753592064130,04:54:24.130,mexc,ADA/USDT:USDT,0.8331,810681,0.833,803700,0.8332,878153,0.8333,878908
1753592064531,04:54:24.531,mexc,ADA/USDT:USDT,0.8331,810681,0.833,803700,0.8332,878153,0.8333,878908
1753592064676,04:54:24.676,mexc,ADA/USDT:USDT,0.8331,810681,0.833,1446268,0.8332,878153,0.8333,1616220
1753592064912,04:54:24.912,mexc,ADA/USDT:USDT,0.8331,810681,0.833,1446268,0.8332,878153,0.8333,1616220
1753592065177,04:54:25.177,mexc,ADA/USDT:USDT,0.8331,810681,0.833,912682,0.8332,878153,0.8333,1732414
1753592065580,04:54:25.580,mexc,ADA/USDT:USDT,0.8331,810681,0.833,912682,0.8332,878153,0.8333,1333856
1753592065678,04:54:25.678,mexc,ADA/USDT:USDT,0.8331,810681,0.833,1147282,0.8332,878153,0.8333,878908
1753592065988,04:54:25.988,mexc,ADA/USDT:USDT,0.8331,810681,0.833,1147282,0.8332,878153,0.8333,878908
1753592066176,04:54:26.176,mexc,ADA/USDT:USDT,0.8331,810681,0.833,803700,0.8332,878153,0.8333,1529805
1753592066237,04:54:26.237,mexc,ADA/USDT:USDT,0.8331,810681,0.833,803700,0.8332,878153,0.8333,1529805
1753592066678,04:54:26.678,mexc,ADA/USDT:USDT,0.8331,810681,0.833,803700,0.8332,878153,0.8333,878908
1753592066679,04:54:26.679,mexc,ADA/USDT:USDT,0.8331,810681,0.833,803700,0.8332,878153,0.8333,1328393
1753592067080,04:54:27.080,mexc,ADA/USDT:USDT,0.8331,810681,0.833,803700,0.8332,878153,0.8333,1328393
1753592067235,04:54:27.235,mexc,ADA/USDT:USDT,0.8331,810681,0.833,803700,0.8332,876722,0.8333,992000
1753592067308,04:54:27.308,mexc,ADA/USDT:USDT,0.8331,810681,0.833,803700,0.8332,876722,0.8333,992000
1753592067680,04:54:27.680,mexc,ADA/USDT:USDT,0.8331,810681,0.833,803700,0.8332,876722,0.8333,878908
1753592067871,04:54:27.871,mexc,ADA/USDT:USDT,0.8331,810681,0.833,803700,0.8332,876722,0.8333,878908
1753592068182,04:54:28.182,mexc,ADA/USDT:USDT,0.8331,810681,0.833,803700,0.8332,876722,0.8333,878908
1753592068494,04:54:28.494,mexc,ADA/USDT:USDT,0.8331,810681,0.833,803700,0.8332,1744708,0.8333,878908
1753592068680,04:54:28.680,mexc,ADA/USDT:USDT,0.8331,939816,0.833,929783,0.8332,868204,0.8333,822439
1753592068946,04:54:28.946,mexc,ADA/USDT:USDT,0.8331,939816,0.833,929783,0.8332,868204,0.8333,822439
1753592069083,04:54:29.083,mexc,ADA/USDT:USDT,0.8331,939816,0.833,929783,0.8332,868204,0.8333,822439
1753592069271,04:54:29.271,mexc,ADA/USDT:USDT,0.8331,939816,0.833,1380924,0.8332,868204,0.8333,822439
1753592069575,04:54:29.575,mexc,ADA/USDT:USDT,0.8331,939816,0.833,1380924,0.8332,868204,0.8333,822439
1753592069737,04:54:29.737,mexc,ADA/USDT:USDT,0.8331,939816,0.833,1049974,0.8332,868204,0.8333,1339484
1753592070082,04:54:30.082,mexc,ADA/USDT:USDT,0.8331,939816,0.833,1049974,0.8332,868204,0.8333,1339484
1753592070178,04:54:30.178,mexc,ADA/USDT:USDT,0.8331,939816,0.833,1038700,0.8332,868204,0.8333,1028225
1753592070373,04:54:30.373,mexc,ADA/USDT:USDT,0.8331,939816,0.833,1038700,0.8332,868204,0.8333,1028225
1753592070682,04:54:30.682,mexc,ADA/USDT:USDT,0.8331,939816,0.833,929783,0.8332,868204,0.8333,1224486
1753592071052,04:54:31.052,mexc,ADA/USDT:USDT,0.8331,939816,0.833,929783,0.8332,868204,0.8333,1224486
1753592071205,04:54:31.205,mexc,ADA/USDT:USDT,0.8331,939816,0.833,1237302,0.8332,868204,0.8333,1035684
1753592071374,04:54:31.374,mexc,ADA/USDT:USDT,0.8331,939816,0.833,1237302,0.8332,864136,0.8333,1035684
1753592071681,04:54:31.681,mexc,ADA/USDT:USDT,0.8331,939816,0.833,929783,0.8332,864136,0.8333,822439
1753592071809,04:54:31.809,mexc,ADA/USDT:USDT,0.8331,939816,0.833,929783,0.8332,864136,0.8333,1164587
1753592072084,04:54:32.084,mexc,ADA/USDT:USDT,0.8331,939816,0.833,929783,0.8332,864136,0.8333,1164587
1753592072182,04:54:32.182,mexc,ADA/USDT:USDT,0.8331,939816,0.833,1044643,0.8332,864136,0.8333,822439
1753592072584,04:54:32.584,mexc,ADA/USDT:USDT,0.8331,939816,0.833,1044643,0.8332,864136,0.8333,822439
1753592072682,04:54:32.682,mexc,ADA/USDT:USDT,0.8331,939816,0.833,929783,0.8332,864136,0.8333,822439
1753592072986,04:54:32.986,mexc,ADA/USDT:USDT,0.8331,939816,0.833,929783,0.8332,864136,0.8333,822439
1753592073183,04:54:33.183,mexc,ADA/USDT:USDT,0.8331,939816,0.833,929783,0.8332,864136,0.8333,994320
1753592073243,04:54:33.243,mexc,ADA/USDT:USDT,0.8331,939816,0.833,929783,0.8332,864136,0.8333,994320
1753592073585,04:54:33.585,mexc,ADA/USDT:USDT,0.8331,939816,0.833,929783,0.8332,864136,0.8333,822439
1753592073683,04:54:33.683,mexc,ADA/USDT:USDT,0.8331,939816,0.833,1277636,0.8332,864136,0.8333,822439
1753592074084,04:54:34.084,mexc,ADA/USDT:USDT,0.8331,939816,0.833,929783,0.8332,864136,0.8333,822439
1753592074184,04:54:34.184,mexc,ADA/USDT:USDT,0.8331,939816,0.833,1241378,0.8332,864136,0.8333,822439
1753592074498,04:54:34.498,mexc,ADA/USDT:USDT,0.8331,939816,0.833,1241378,0.8332,1706079,0.8333,822439
1753592074699,04:54:34.699,mexc,ADA/USDT:USDT,0.8331,673124,0.833,704641,0.8332,841943,0.8333,941157
1753592074915,04:54:34.915,mexc,ADA/USDT:USDT,0.8331,673124,0.833,704641,0.8332,841943,0.8333,941157
1753592075128,04:54:35.128,mexc,ADA/USDT:USDT,0.8331,673124,0.833,704641,0.8332,841943,0.8333,780330
1753592075322,04:54:35.322,mexc,ADA/USDT:USDT,0.8331,673124,0.833,704641,0.8332,841943,0.8333,780330
1753592075390,04:54:35.390,mexc,ADA/USDT:USDT,0.8332,866561,0.8331,673124,0.8333,930507,0.8334,958517
1753592075686,04:54:35.686,mexc,ADA/USDT:USDT,0.8332,866561,0.8331,673124,0.8333,930507,0.8334,958517
1753592075976,04:54:35.976,mexc,ADA/USDT:USDT,0.8332,866561,0.8331,673124,0.8333,930507,0.8334,958517
1753592076120,04:54:36.120,mexc,ADA/USDT:USDT,0.8331,673124,0.833,704641,0.8332,808008,0.8333,930507
1753592076384,04:54:36.384,mexc,ADA/USDT:USDT,0.8331,673124,0.833,704641,0.8332,808008,0.8333,930507
1753592076614,04:54:36.614,mexc,ADA/USDT:USDT,0.833,704641,0.8329,719558,0.8331,720873,0.8332,808008
1753592076764,04:54:36.764,mexc,ADA/USDT:USDT,0.8329,719558,0.8328,958201,0.833,788889,0.8331,720873
1753592077183,04:54:37.183,mexc,ADA/USDT:USDT,0.8329,719558,0.8328,958201,0.833,788889,0.8331,720873
1753592077185,04:54:37.185,mexc,ADA/USDT:USDT,0.8329,719558,0.8328,1343916,0.833,788889,0.8331,847277
1753592077586,04:54:37.586,mexc,ADA/USDT:USDT,0.8329,719558,0.8328,1343916,0.833,788889,0.8331,847277
1753592077685,04:54:37.685,mexc,ADA/USDT:USDT,0.8329,719558,0.8328,958201,0.833,788889,0.8331,720873
1753592077925,04:54:37.925,mexc,ADA/USDT:USDT,0.8329,719558,0.8328,958201,0.833,788889,0.8331,720873
1753592078186,04:54:38.186,mexc,ADA/USDT:USDT,0.8329,719558,0.8328,1281728,0.833,788889,0.8331,1054452
1753592078588,04:54:38.588,mexc,ADA/USDT:USDT,0.8329,719558,0.8328,1281728,0.833,788889,0.8331,1054452
1753592078687,04:54:38.687,mexc,ADA/USDT:USDT,0.8329,719558,0.8328,958201,0.833,788889,0.8331,720873
1753592078988,04:54:38.988,mexc,ADA/USDT:USDT,0.8328,958201,0.8327,689588,0.8329,909203,0.833,788889
1753592079187,04:54:39.187,mexc,ADA/USDT:USDT,0.8328,958201,0.8327,860760,0.8329,909203,0.833,1100319
1753592079588,04:54:39.588,mexc,ADA/USDT:USDT,0.8328,958201,0.8327,860760,0.8329,909203,0.833,1100319
1753592079716,04:54:39.716,mexc,ADA/USDT:USDT,0.8328,958201,0.8327,1000336,0.8329,909203,0.833,788889
1753592080007,04:54:40.007,mexc,ADA/USDT:USDT,0.8328,958201,0.8327,1000336,0.8329,909203,0.833,788889
1753592080187,04:54:40.187,mexc,ADA/USDT:USDT,0.8328,958201,0.8327,689588,0.8329,909203,0.833,1087947
1753592080304,04:54:40.304,mexc,ADA/USDT:USDT,0.8328,958201,0.8327,830036,0.8329,909203,0.833,1087947
1753592080622,04:54:40.622,mexc,ADA/USDT:USDT,0.8328,958201,0.8327,830036,0.8329,909203,0.833,788889
1753592080687,04:54:40.687,mexc,ADA/USDT:USDT,0.8328,958201,0.8327,797496,0.8329,909203,0.833,1095929
1753592081000,04:54:41.000,mexc,ADA/USDT:USDT,0.8328,958201,0.8327,797496,0.8329,909203,0.833,1095929
1753592081231,04:54:41.231,mexc,ADA/USDT:USDT,0.8328,958201,0.8327,689588,0.8329,909203,0.833,788889
1753592081590,04:54:41.590,mexc,ADA/USDT:USDT,0.8328,958201,0.8327,689588,0.8329,909203,0.833,788889
1753592081690,04:54:41.690,mexc,ADA/USDT:USDT,0.8328,958201,0.8327,689588,0.8329,909203,0.833,788889
1753592081789,04:54:41.789,mexc,ADA/USDT:USDT,0.8328,958201,0.8327,689588,0.8329,909203,0.833,788889
1753592082187,04:54:42.187,mexc,ADA/USDT:USDT,0.8328,958201,0.8327,689588,0.8329,909203,0.833,788889
1753592082304,04:54:42.304,mexc,ADA/USDT:USDT,0.8328,958201,0.8327,689588,0.8329,909203,0.833,788889
1753592082706,04:54:42.706,mexc,ADA/USDT:USDT,0.8326,995495,0.8325,713118,0.8327,911689,0.8328,902329
1753592082871,04:54:42.871,mexc,ADA/USDT:USDT,0.8326,995495,0.8325,713118,0.8327,911689,0.8328,902329
1753592083187,04:54:43.187,mexc,ADA/USDT:USDT,0.8326,995495,0.8325,713118,0.8327,911689,0.8328,902329
1753592083188,04:54:43.188,mexc,ADA/USDT:USDT,0.8326,995495,0.8325,713118,0.8327,911689,0.8328,902329
1753592083589,04:54:43.589,mexc,ADA/USDT:USDT,0.8326,995495,0.8325,713118,0.8327,911689,0.8328,902329
1753592083737,04:54:43.737,mexc,ADA/USDT:USDT,0.8326,995495,0.8325,1119135,0.8327,911689,0.8328,902329
1753592084091,04:54:44.091,mexc,ADA/USDT:USDT,0.8326,995495,0.8325,1119135,0.8327,911689,0.8328,902329
1753592084190,04:54:44.190,mexc,ADA/USDT:USDT,0.8326,995495,0.8325,713118,0.8327,911689,0.8328,1199983
1753592084590,04:54:44.590,mexc,ADA/USDT:USDT,0.8326,995495,0.8325,713118,0.8327,911689,0.8328,1199983
1753592084743,04:54:44.743,mexc,ADA/USDT:USDT,0.8326,995495,0.8325,713118,0.8327,911689,0.8328,902329
1753592084991,04:54:44.991,mexc,ADA/USDT:USDT,0.8326,938326,0.8325,713118,0.8327,911689,0.8328,902329
1753592085187,04:54:45.187,mexc,ADA/USDT:USDT,0.8326,938326,0.8325,713118,0.8327,911689,0.8328,902329
1753592085190,04:54:45.190,mexc,ADA/USDT:USDT,0.8326,938326,0.8325,713118,0.8327,911689,0.8328,902329
1753592085591,04:54:45.591,mexc,ADA/USDT:USDT,0.8326,938326,0.8325,713118,0.8327,911689,0.8328,902329
1753592085690,04:54:45.690,mexc,ADA/USDT:USDT,0.8326,938326,0.8325,713118,0.8327,911689,0.8328,902329
1753592086095,04:54:46.095,mexc,ADA/USDT:USDT,0.8326,938326,0.8325,713118,0.8327,911689,0.8328,902329
1753592086261,04:54:46.261,mexc,ADA/USDT:USDT,0.8326,938326,0.8325,1102040,0.8327,911689,0.8328,1156966
1753592086557,04:54:46.557,mexc,ADA/USDT:USDT,0.8326,938326,0.8325,1102040,0.8327,911689,0.8328,1156966
1753592086707,04:54:46.707,mexc,ADA/USDT:USDT,0.8326,938326,0.8325,1075787,0.8327,910915,0.8328,902329
1753592087039,04:54:47.039,mexc,ADA/USDT:USDT,0.8326,938326,0.8325,1075787,0.8327,910915,0.8328,902329
1753592087190,04:54:47.190,mexc,ADA/USDT:USDT,0.8326,938326,0.8325,938497,0.8327,910915,0.8328,1201966
1753592087327,04:54:47.327,mexc,ADA/USDT:USDT,0.8327,727435,0.8326,938326,0.8328,902329,0.8329,909203
1753592087877,04:54:47.877,mexc,ADA/USDT:USDT,0.8327,727435,0.8326,938326,0.8328,902329,0.8329,1081807
1753592088095,04:54:48.095,mexc,ADA/USDT:USDT,0.8327,727435,0.8326,938326,0.8328,902329,0.8329,1081807
1753592088206,04:54:48.206,mexc,ADA/USDT:USDT,0.8327,727435,0.8326,938326,0.8328,902329,0.8329,1097758
1753592088555,04:54:48.555,mexc,ADA/USDT:USDT,0.8327,727435,0.8326,938326,0.8328,902329,0.8329,1097758
1753592088697,04:54:48.697,mexc,ADA/USDT:USDT,0.8327,727435,0.8326,1357008,0.8328,902329,0.8329,1107260
1753592089098,04:54:49.098,mexc,ADA/USDT:USDT,0.8327,727435,0.8326,1357008,0.8328,902329,0.8329,1107260
1753592089193,04:54:49.193,mexc,ADA/USDT:USDT,0.8327,727435,0.8326,1354476,0.8328,902329,0.8329,1288116
1753592089515,04:54:49.515,mexc,ADA/USDT:USDT,0.8327,727435,0.8326,1354476,0.8328,902329,0.8329,1288116
1753592089742,04:54:49.742,mexc,ADA/USDT:USDT,0.8327,727435,0.8326,1062689,0.8328,902329,0.8329,909203
1753592089990,04:54:49.990,mexc,ADA/USDT:USDT,0.8327,727435,0.8326,1062689,0.8328,902329,0.8329,909203
1753592090097,04:54:50.097,mexc,ADA/USDT:USDT,0.8327,727435,0.8326,938326,0.8328,902329,0.8329,909203
1753592090194,04:54:50.194,mexc,ADA/USDT:USDT,0.8327,727435,0.8326,1316582,0.8328,902329,0.8329,1011702
1753592090596,04:54:50.596,mexc,ADA/USDT:USDT,0.8328,851773,0.8327,727435,0.8329,900169,0.833,788889
1753592090794,04:54:50.794,mexc,ADA/USDT:USDT,0.8328,851773,0.8327,1050205,0.8329,900169,0.833,878911
1753592091098,04:54:51.098,mexc,ADA/USDT:USDT,0.8328,851773,0.8327,1050205,0.8329,900169,0.833,788889
1753592091195,04:54:51.195,mexc,ADA/USDT:USDT,0.8328,851773,0.8327,1100340,0.8329,900169,0.833,788889
1753592091380,04:54:51.380,mexc,ADA/USDT:USDT,0.8328,851773,0.8327,1100340,0.8329,900169,0.833,788889
1753592091697,04:54:51.697,mexc,ADA/USDT:USDT,0.8328,851773,0.8327,727435,0.8329,900169,0.833,1228398
1753592091998,04:54:51.998,mexc,ADA/USDT:USDT,0.8328,851773,0.8327,727435,0.8329,900169,0.833,1228398
1753592092196,04:54:52.196,mexc,ADA/USDT:USDT,0.833,782808,0.8329,900834,0.8331,720873,0.8332,945796
1753592092598,04:54:52.598,mexc,ADA/USDT:USDT,0.833,782808,0.8329,900834,0.8331,720873,0.8332,945796
1753592092698,04:54:52.698,mexc,ADA/USDT:USDT,0.833,782808,0.8329,1187226,0.8331,720873,0.8332,808008
1753592093022,04:54:53.022,mexc,ADA/USDT:USDT,0.833,782808,0.8329,1187226,0.8331,720873,0.8332,808008
1753592093197,04:54:53.197,mexc,ADA/USDT:USDT,0.833,782808,0.8329,900834,0.8331,720873,0.8332,943897
1753592093303,04:54:53.303,mexc,ADA/USDT:USDT,0.833,782808,0.8329,900834,0.8331,720873,0.8332,943897
1753592093700,04:54:53.700,mexc,ADA/USDT:USDT,0.833,782808,0.8329,1256616,0.8331,720873,0.8332,1027223
1753592094098,04:54:54.098,mexc,ADA/USDT:USDT,0.833,782808,0.8329,1256616,0.8331,720873,0.8332,1027223
1753592094198,04:54:54.198,mexc,ADA/USDT:USDT,0.833,782808,0.8329,900834,0.8331,720873,0.8332,1136770
1753592094336,04:54:54.336,mexc,ADA/USDT:USDT,0.833,782808,0.8329,900834,0.8331,720873,0.8332,1136770
1753592094698,04:54:54.698,mexc,ADA/USDT:USDT,0.833,782808,0.8329,900834,0.8331,720873,0.8332,808008
1753592095100,04:54:55.100,mexc,ADA/USDT:USDT,0.833,782808,0.8329,900834,0.8331,720872,0.8332,808008
1753592095230,04:54:55.230,mexc,ADA/USDT:USDT,0.833,782808,0.8329,900834,0.8331,720872,0.8332,808008
1753592095426,04:54:55.426,mexc,ADA/USDT:USDT,0.833,782807,0.8329,900834,0.8331,720872,0.8332,808008
1753592095700,04:54:55.700,mexc,ADA/USDT:USDT,0.833,782807,0.8329,900834,0.8331,720872,0.8332,808008
1753592095885,04:54:55.885,mexc,ADA/USDT:USDT,0.833,782807,0.8329,900834,0.8331,720872,0.8332,808008
1753592096207,04:54:56.207,mexc,ADA/USDT:USDT,0.833,782807,0.8329,900834,0.8331,720872,0.8332,944806
1753592096540,04:54:56.540,mexc,ADA/USDT:USDT,0.833,782807,0.8329,900834,0.8331,720872,0.8332,944806
1753592096700,04:54:56.700,mexc,ADA/USDT:USDT,0.833,782807,0.8329,1122513,0.8331,720872,0.8332,925210
1753592096985,04:54:56.985,mexc,ADA/USDT:USDT,0.833,782807,0.8329,1122513,0.8331,720872,0.8332,925210
1753592097108,04:54:57.108,mexc,ADA/USDT:USDT,0.833,782807,0.8329,900834,0.8331,720872,0.8332,808008
1753592097313,04:54:57.313,mexc,ADA/USDT:USDT,0.833,782807,0.8329,900834,0.8331,720872,0.8332,918418
1753592097698,04:54:57.698,mexc,ADA/USDT:USDT,0.833,747883,0.8329,978561,0.8331,752754,0.8332,969380
1753592097856,04:54:57.856,mexc,ADA/USDT:USDT,0.833,747883,0.8329,1385539,0.8331,752754,0.8332,1124956
1753592098157,04:54:58.157,mexc,ADA/USDT:USDT,0.8331,722736,0.833,747883,0.8332,969380,0.8333,909572
1753592098308,04:54:58.308,mexc,ADA/USDT:USDT,0.8331,722736,0.833,854554,0.8332,969380,0.8333,1345082
1753592098604,04:54:58.604,mexc,ADA/USDT:USDT,0.8331,722736,0.833,854554,0.8332,969380,0.8333,1345082
1753592098703,04:54:58.703,mexc,ADA/USDT:USDT,0.8331,722736,0.833,747883,0.8332,969380,0.8333,909572
1753592098831,04:54:58.831,mexc,ADA/USDT:USDT,0.8331,722736,0.833,747883,0.8332,969380,0.8333,909572
1753592099201,04:54:59.201,mexc,ADA/USDT:USDT,0.8331,722736,0.833,747883,0.8332,969380,0.8333,1328538
1753592099524,04:54:59.524,mexc,ADA/USDT:USDT,0.8331,722736,0.833,747883,0.8332,969380,0.8333,1328538
1753592099739,04:54:59.739,mexc,ADA/USDT:USDT,0.8331,722736,0.833,747883,0.8332,969380,0.8333,909572
1753592099828,04:54:59.828,mexc,ADA/USDT:USDT,0.8331,722736,0.833,747883,0.8332,969380,0.8333,909572
1753592100200,04:55:00.200,mexc,ADA/USDT:USDT,0.8331,722736,0.833,747883,0.8332,969380,0.8333,909572
1753592100601,04:55:00.601,mexc,ADA/USDT:USDT,0.8331,722736,0.833,747883,0.8332,969380,0.8333,909572
1753592100702,04:55:00.702,mexc,ADA/USDT:USDT,0.8331,722736,0.833,747883,0.8332,969380,0.8333,909572
1753592101006,04:55:01.006,mexc,ADA/USDT:USDT,0.8331,722736,0.833,747883,0.8332,969380,0.8333,909572
1753592101200,04:55:01.200,mexc,ADA/USDT:USDT,0.8331,722736,0.833,908941,0.8332,944380,0.8333,909572
1753592101463,04:55:01.463,mexc,ADA/USDT:USDT,0.8331,722736,0.833,908941,0.8332,944380,0.8333,909572
1753592101788,04:55:01.788,mexc,ADA/USDT:USDT,0.8331,722736,0.833,1016143,0.8332,944380,0.8333,1246012
1753592102112,04:55:02.112,mexc,ADA/USDT:USDT,0.8331,722736,0.833,1016143,0.8332,944380,0.8333,1246012
1753592102201,04:55:02.201,mexc,ADA/USDT:USDT,0.8331,722736,0.833,747883,0.8332,944380,0.8333,1366947
1753592102390,04:55:02.390,mexc,ADA/USDT:USDT,0.8332,677505,0.8331,722736,0.8333,909572,0.8334,741221
1753592102702,04:55:02.702,mexc,ADA/USDT:USDT,0.8332,677505,0.8331,1268863,0.8333,909572,0.8334,741221
1753592103068,04:55:03.068,mexc,ADA/USDT:USDT,0.8332,677505,0.8331,1268863,0.8333,909572,0.8334,741221
1753592103202,04:55:03.202,mexc,ADA/USDT:USDT,0.8332,677505,0.8331,722736,0.8333,909572,0.8334,741221
1753592103433,04:55:03.433,mexc,ADA/USDT:USDT,0.8332,677505,0.8331,722736,0.8333,909572,0.8334,741221
1753592103702,04:55:03.702,mexc,ADA/USDT:USDT,0.8332,677505,0.8331,722736,0.8333,909572,0.8334,1296838
1753592103828,04:55:03.828,mexc,ADA/USDT:USDT,0.8332,677505,0.8331,722736,0.8333,909572,0.8334,1296838
1753592104201,04:55:04.201,mexc,ADA/USDT:USDT,0.8332,677505,0.8331,722736,0.8333,909572,0.8334,741221
1753592104452,04:55:04.452,mexc,ADA/USDT:USDT,0.8332,677505,0.8331,722736,0.8333,909572,0.8334,741221
1753592104611,04:55:04.611,mexc,ADA/USDT:USDT,0.8332,677505,0.8331,722736,0.8333,909572,0.8334,741221
1753592104761,04:55:04.761,mexc,ADA/USDT:USDT,0.8332,677505,0.8331,1109040,0.8333,909572,0.8334,969109
1753592105105,04:55:05.105,mexc,ADA/USDT:USDT,0.8332,677505,0.8331,1109040,0.8333,909572,0.8334,839898
1753592105203,04:55:05.203,mexc,ADA/USDT:USDT,0.8332,677505,0.8331,722736,0.8333,909572,0.8334,741221
1753592105384,04:55:05.384,mexc,ADA/USDT:USDT,0.8332,677505,0.8331,722736,0.8333,909572,0.8334,741221
1753592105702,04:55:05.702,mexc,ADA/USDT:USDT,0.8332,677505,0.8331,1104150,0.8333,909572,0.8334,741221
1753592106104,04:55:06.104,mexc,ADA/USDT:USDT,0.8332,677505,0.8331,1104150,0.8333,909572,0.8334,741221
1753592106203,04:55:06.203,mexc,ADA/USDT:USDT,0.8332,677505,0.8331,1059812,0.8333,909572,0.8334,1035979
1753592106402,04:55:06.402,mexc,ADA/USDT:USDT,0.8332,677505,0.8331,1059812,0.8333,895599,0.8334,1035979
1753592106745,04:55:06.745,mexc,ADA/USDT:USDT,0.8332,677505,0.8331,1046181,0.8333,895599,0.8334,741221
1753592106939,04:55:06.939,mexc,ADA/USDT:USDT,0.8333,932188,0.8332,677505,0.8334,741221,0.8335,831251
1753592107228,04:55:07.228,mexc,ADA/USDT:USDT,0.8333,932188,0.8332,996305,0.8334,741221,0.8335,831251
1753592107605,04:55:07.605,mexc,ADA/USDT:USDT,0.8333,932188,0.8332,996305,0.8334,741221,0.8335,831251
1753592107788,04:55:07.788,mexc,ADA/USDT:USDT,0.8333,932188,0.8332,677505,0.8334,741221,0.8335,1043648
1753592108107,04:55:08.107,mexc,ADA/USDT:USDT,0.8333,932188,0.8332,677505,0.8334,741221,0.8335,1043648
1753592108203,04:55:08.203,mexc,ADA/USDT:USDT,0.8333,932188,0.8332,898422,0.8334,741221,0.8335,912025
1753592108539,04:55:08.539,mexc,ADA/USDT:USDT,0.8333,932188,0.8332,898422,0.8334,741221,0.8335,912025
1753592108764,04:55:08.764,mexc,ADA/USDT:USDT,0.8333,932188,0.8332,771416,0.8334,741221,0.8335,831251
1753592108960,04:55:08.960,mexc,ADA/USDT:USDT,0.8334,825049,0.8333,932188,0.8335,830585,0.8336,996542
1753592109163,04:55:09.163,mexc,ADA/USDT:USDT,0.8334,821594,0.8333,932188,0.8335,830585,0.8336,996542
1753592109332,04:55:09.332,mexc,ADA/USDT:USDT,0.8334,821594,0.8333,1069127,0.8335,830585,0.8336,1296888
1753592109589,04:55:09.589,mexc,ADA/USDT:USDT,0.8334,821594,0.8333,1069127,0.8335,830585,0.8336,1296888
1753592109785,04:55:09.785,mexc,ADA/USDT:USDT,0.8334,821594,0.8333,932188,0.8335,830585,0.8336,996542
1753592110077,04:55:10.077,mexc,ADA/USDT:USDT,0.8334,821594,0.8333,932188,0.8335,830585,0.8336,996542
1753592110205,04:55:10.205,mexc,ADA/USDT:USDT,0.8335,857987,0.8334,1389577,0.8336,996542,0.8337,1113409
1753592110518,04:55:10.518,mexc,ADA/USDT:USDT,0.8335,857987,0.8334,1389577,0.8336,988503,0.8337,1113409
1753592110715,04:55:10.715,mexc,ADA/USDT:USDT,0.8335,857987,0.8334,821594,0.8336,938599,0.8337,824732
1753592111001,04:55:11.001,mexc,ADA/USDT:USDT,0.8335,857987,0.8334,821594,0.8336,938599,0.8337,824732
1753592111110,04:55:11.110,mexc,ADA/USDT:USDT,0.8335,857987,0.8334,821594,0.8336,938599,0.8337,824732
1753592111262,04:55:11.262,mexc,ADA/USDT:USDT,0.8335,857987,0.8334,821594,0.8336,938599,0.8337,824732
1753592111606,04:55:11.606,mexc,ADA/USDT:USDT,0.8335,857987,0.8334,821594,0.8336,938599,0.8337,824732
1753592111712,04:55:11.712,mexc,ADA/USDT:USDT,0.8335,857987,0.8334,821594,0.8336,938599,0.8337,824732
1753592112107,04:55:12.107,mexc,ADA/USDT:USDT,0.8335,857987,0.8334,821594,0.8336,938599,0.8337,824732
1753592112206,04:55:12.206,mexc,ADA/USDT:USDT,0.8335,857987,0.8334,821594,0.8336,938599,0.8337,1177833
1753592112438,04:55:12.438,mexc,ADA/USDT:USDT,0.8335,857987,0.8334,821594,0.8336,938599,0.8337,1177833
1753592112706,04:55:12.706,mexc,ADA/USDT:USDT,0.8335,857987,0.8334,1084323,0.8336,938599,0.8337,1126789
1753592112899,04:55:12.899,mexc,ADA/USDT:USDT,0.8335,857987,0.8334,1084323,0.8336,938599,0.8337,1126789
1753592113229,04:55:13.229,mexc,ADA/USDT:USDT,0.8335,857987,0.8334,821594,0.8336,938599,0.8337,824732
1753592113610,04:55:13.610,mexc,ADA/USDT:USDT,0.8335,857987,0.8334,821594,0.8336,938599,0.8337,824732
1753592113707,04:55:13.707,mexc,ADA/USDT:USDT,0.8335,857987,0.8334,972136,0.8336,938599,0.8337,1030478
1753592113971,04:55:13.971,mexc,ADA/USDT:USDT,0.8335,857987,0.8334,972136,0.8336,938599,0.8337,1030478
1753592114226,04:55:14.226,mexc,ADA/USDT:USDT,0.8335,857987,0.8334,1074718,0.8336,938599,0.8337,1001189
1753592114306,04:55:14.306,mexc,ADA/USDT:USDT,0.8335,857987,0.8334,1074718,0.8336,938599,0.8337,1001189
1753592114708,04:55:14.708,mexc,ADA/USDT:USDT,0.8335,857987,0.8334,821594,0.8336,937146,0.8337,1062965
1753592114864,04:55:14.864,mexc,ADA/USDT:USDT,0.8335,857987,0.8334,1198927,0.8336,937146,0.8337,1062965
1753592115110,04:55:15.110,mexc,ADA/USDT:USDT,0.8335,857987,0.8334,1198927,0.8336,937146,0.8337,824732
1753592115301,04:55:15.301,mexc,ADA/USDT:USDT,0.8335,857987,0.8334,821594,0.8336,937146,0.8337,1118998
1753592115521,04:55:15.521,mexc,ADA/USDT:USDT,0.8335,857987,0.8334,821594,0.8336,1933019,0.8337,1118998
1753592115708,04:55:15.708,mexc,ADA/USDT:USDT,0.8335,727551,0.8334,889519,0.8336,995873,0.8337,870569
1753592115937,04:55:15.937,mexc,ADA/USDT:USDT,0.8335,727551,0.8334,889519,0.8336,995873,0.8337,870569
1753592116111,04:55:16.111,mexc,ADA/USDT:USDT,0.8335,727551,0.8334,758582,0.8336,995873,0.8337,870569
1753592116252,04:55:16.252,mexc,ADA/USDT:USDT,0.8335,727551,0.8334,1075396,0.8336,995873,0.8337,870569
1753592116610,04:55:16.610,mexc,ADA/USDT:USDT,0.8335,727551,0.8334,1075396,0.8336,995873,0.8337,870569
1753592116804,04:55:16.804,mexc,ADA/USDT:USDT,0.8335,727551,0.8334,758582,0.8336,995873,0.8337,870569
1753592117068,04:55:17.068,mexc,ADA/USDT:USDT,0.8335,727551,0.8334,758582,0.8336,995873,0.8337,870569
1753592117256,04:55:17.256,mexc,ADA/USDT:USDT,0.8335,727551,0.8334,758582,0.8336,995873,0.8337,1291963
1753592117585,04:55:17.585,mexc,ADA/USDT:USDT,0.8335,727551,0.8334,758582,0.8336,995873,0.8337,1291963
1753592117714,04:55:17.714,mexc,ADA/USDT:USDT,0.8335,727551,0.8334,891620,0.8336,995873,0.8337,870569
1753592117818,04:55:17.818,mexc,ADA/USDT:USDT,0.8335,727551,0.8334,891620,0.8336,995873,0.8337,870569
1753592118209,04:55:18.209,mexc,ADA/USDT:USDT,0.8335,727551,0.8334,941977,0.8336,995873,0.8337,870569
1753592118610,04:55:18.610,mexc,ADA/USDT:USDT,0.8335,727551,0.8334,758582,0.8336,995873,0.8337,870569
1753592118708,04:55:18.708,mexc,ADA/USDT:USDT,0.8335,727551,0.8334,1125905,0.8336,995873,0.8337,958242
1753592118897,04:55:18.897,mexc,ADA/USDT:USDT,0.8335,727551,0.8334,1125905,0.8336,995873,0.8337,958242
1753592119217,04:55:19.217,mexc,ADA/USDT:USDT,0.8335,727551,0.8334,758582,0.8336,995873,0.8337,1093103
1753592119376,04:55:19.376,mexc,ADA/USDT:USDT,0.8335,727551,0.8334,758582,0.8336,991675,0.8337,1093103
1753592119709,04:55:19.709,mexc,ADA/USDT:USDT,0.8335,727551,0.8334,758582,0.8336,991675,0.8337,870569
1753592120113,04:55:20.113,mexc,ADA/USDT:USDT,0.8335,727551,0.8334,758582,0.8336,991675,0.8337,870569
1753592120210,04:55:20.210,mexc,ADA/USDT:USDT,0.8335,727551,0.8334,864051,0.8336,991675,0.8337,1300701
1753592120530,04:55:20.530,mexc,ADA/USDT:USDT,0.8335,727551,0.8334,864051,0.8336,991675,0.8337,1300701
1753592120708,04:55:20.708,mexc,ADA/USDT:USDT,0.8335,727551,0.8334,959201,0.8336,991675,0.8337,1283932
1753592121002,04:55:21.002,mexc,ADA/USDT:USDT,0.8335,727551,0.8334,959201,0.8336,991675,0.8337,1283932
1753592121176,04:55:21.176,mexc,ADA/USDT:USDT,0.8334,758582,0.8333,943139,0.8335,942015,0.8336,991675
1753592121317,04:55:21.317,mexc,ADA/USDT:USDT,0.8334,758582,0.8333,943139,0.8335,942015,0.8336,1272421
1753592121612,04:55:21.612,mexc,ADA/USDT:USDT,0.8334,758582,0.8333,943139,0.8335,942015,0.8336,1272421
1753592121713,04:55:21.713,mexc,ADA/USDT:USDT,0.8334,758582,0.8333,1028246,0.8335,942015,0.8336,991675
1753592121934,04:55:21.934,mexc,ADA/USDT:USDT,0.8334,758582,0.8333,1028246,0.8335,942015,0.8336,991675
1753592122210,04:55:22.210,mexc,ADA/USDT:USDT,0.8334,758582,0.8333,1132232,0.8335,942015,0.8336,1271178
1753592122612,04:55:22.612,mexc,ADA/USDT:USDT,0.8334,758582,0.8333,943139,0.8335,942015,0.8336,1271178
1753592122812,04:55:22.812,mexc,ADA/USDT:USDT,0.8333,943139,0.8332,837620,0.8334,770870,0.8335,942015
1753592123033,04:55:23.033,mexc,ADA/USDT:USDT,0.8333,943139,0.8332,837620,0.8334,770870,0.8335,942015
1753592123208,04:55:23.208,mexc,ADA/USDT:USDT,0.8334,912355,0.8333,738242,0.8335,942015,0.8336,991675
1753592123249,04:55:23.249,mexc,ADA/USDT:USDT,0.8334,912355,0.8333,738242,0.8335,942015,0.8336,991675
1753592123651,04:55:23.651,mexc,ADA/USDT:USDT,0.8333,738242,0.8332,837620,0.8334,829648,0.8335,942015
1753592123715,04:55:23.715,mexc,ADA/USDT:USDT,0.8333,738242,0.8332,1116778,0.8334,829648,0.8335,942015
1753592124113,04:55:24.113,mexc,ADA/USDT:USDT,0.8333,738242,0.8332,1116778,0.8334,829648,0.8335,942015
1753592124216,04:55:24.216,mexc,ADA/USDT:USDT,0.8334,844502,0.8333,738242,0.8335,942015,0.8336,991675
1753592124448,04:55:24.448,mexc,ADA/USDT:USDT,0.8334,844502,0.8333,738242,0.8335,942015,0.8336,991675
1753592124788,04:55:24.788,mexc,ADA/USDT:USDT,0.8334,844502,0.8333,738242,0.8335,942015,0.8336,991675
1753592125014,04:55:25.014,mexc,ADA/USDT:USDT,0.8334,844502,0.8333,738242,0.8335,942015,0.8336,991675
1753592125211,04:55:25.211,mexc,ADA/USDT:USDT,0.8334,844502,0.8333,738242,0.8335,942015,0.8336,991675
1753592125215,04:55:25.215,mexc,ADA/USDT:USDT,0.8334,844502,0.8333,738242,0.8335,942015,0.8336,991675
1753592125615,04:55:25.615,mexc,ADA/USDT:USDT,0.8334,844502,0.8333,738242,0.8335,942015,0.8336,991675
1753592125777,04:55:25.777,mexc,ADA/USDT:USDT,0.8334,844502,0.8333,738242,0.8335,942015,0.8336,1170781
1753592126088,04:55:26.088,mexc,ADA/USDT:USDT,0.8334,844502,0.8333,738242,0.8335,942015,0.8336,1170781
1753592126216,04:55:26.216,mexc,ADA/USDT:USDT,0.8334,844502,0.8333,738242,0.8335,942015,0.8336,1137316
1753592126331,04:55:26.331,mexc,ADA/USDT:USDT,0.8334,844502,0.8333,738242,0.8335,942015,0.8336,1137316
1753592126714,04:55:26.714,mexc,ADA/USDT:USDT,0.8334,844502,0.8333,738242,0.8335,942015,0.8336,991675
1753592127085,04:55:27.085,mexc,ADA/USDT:USDT,0.8334,844502,0.8333,738242,0.8335,942015,0.8336,991675
1753592127269,04:55:27.269,mexc,ADA/USDT:USDT,0.8334,844502,0.8333,1061668,0.8335,942015,0.8336,991675
1753592127425,04:55:27.425,mexc,ADA/USDT:USDT,0.8334,844502,0.8333,1061668,0.8335,942015,0.8336,991675
1753592127723,04:55:27.723,mexc,ADA/USDT:USDT,0.8334,844502,0.8333,1010383,0.8335,942015,0.8336,1362768
