timestamp,time,exchange,symbol,bid1_price,bid1_volume,bid2_price,bid2_volume,ask1_price,ask1_volume,ask2_price,ask2_volume
1753591892318,04:51:32.318,phemex,A/USDT:USDT,0.5755,542.0,0.5754,1396.0,0.5757,215.0,0.5758,676.0
1753591899546,04:51:39.546,phemex,A/USDT:USDT,0.5756,212.0,0.5755,542.0,0.5757,215.0,0.5758,676.0
1753591911662,04:51:51.662,phemex,A/USDT:USDT,0.5755,542.0,0.5754,1396.0,0.5757,215.0,0.5758,676.0
1753591911683,04:51:51.683,phemex,A/USDT:USDT,0.5755,542.0,0.5754,1396.0,0.5757,215.0,0.5758,676.0
1753591912075,04:51:52.075,phemex,A/USDT:USDT,0.5756,214.0,0.5755,542.0,0.5757,215.0,0.5758,676.0
1753591921563,04:52:01.563,phemex,A/USDT:USDT,0.5756,214.0,0.5755,542.0,0.5758,676.0,0.5759,572.0
1753591921666,04:52:01.666,phemex,A/USDT:USDT,0.5756,214.0,0.5755,542.0,0.5758,676.0,0.5759,572.0
1753591921784,04:52:01.784,phemex,A/USDT:USDT,0.5756,438.0,0.5755,681.0,0.5757,332.0,0.5758,372.0
1753591921901,04:52:01.901,phemex,A/USDT:USDT,0.5756,438.0,0.5755,681.0,0.5758,759.0,0.5759,213.0
1753591921932,04:52:01.932,phemex,A/USDT:USDT,0.5756,438.0,0.5755,681.0,0.5758,546.0,0.5759,213.0
1753591921989,04:52:01.989,phemex,A/USDT:USDT,0.5756,438.0,0.5755,681.0,0.5759,696.0,0.576,212.0
1753591922012,04:52:02.012,phemex,A/USDT:USDT,0.5757,220.0,0.5756,438.0,0.5759,696.0,0.576,212.0
1753591922048,04:52:02.048,phemex,A/USDT:USDT,0.5757,220.0,0.5756,438.0,0.5759,696.0,0.576,212.0
1753591922108,04:52:02.108,phemex,A/USDT:USDT,0.5757,220.0,0.5756,438.0,0.5759,483.0,0.576,212.0
1753591922294,04:52:02.294,phemex,A/USDT:USDT,0.5757,220.0,0.5756,438.0,0.5759,483.0,0.576,212.0
1753591922854,04:52:02.854,phemex,A/USDT:USDT,0.5757,220.0,0.5756,438.0,0.5759,483.0,0.576,212.0
1753591922886,04:52:02.886,phemex,A/USDT:USDT,0.5757,220.0,0.5756,438.0,0.5759,483.0,0.576,212.0
1753591924377,04:52:04.377,phemex,A/USDT:USDT,0.5757,220.0,0.5756,438.0,0.576,544.0,0.5761,214.0
1753591924389,04:52:04.389,phemex,A/USDT:USDT,0.5757,220.0,0.5756,438.0,0.576,544.0,0.5761,214.0
1753591924515,04:52:04.515,phemex,A/USDT:USDT,0.5757,220.0,0.5756,438.0,0.5759,220.0,0.576,544.0
1753591925414,04:52:05.414,phemex,A/USDT:USDT,0.5757,220.0,0.5756,438.0,0.5759,220.0,0.576,544.0
1753591929311,04:52:09.311,phemex,A/USDT:USDT,0.5758,516.0,0.5757,610.0,0.5759,220.0,0.576,544.0
1753591929465,04:52:09.465,phemex,A/USDT:USDT,0.5758,516.0,0.5757,610.0,0.576,544.0,0.5761,214.0
1753591929505,04:52:09.505,phemex,A/USDT:USDT,0.5758,516.0,0.5757,610.0,0.576,544.0,0.5761,214.0
1753591929735,04:52:09.735,phemex,A/USDT:USDT,0.5758,516.0,0.5757,610.0,0.5759,245.0,0.576,697.0
1753591930215,04:52:10.215,phemex,A/USDT:USDT,0.5758,516.0,0.5757,610.0,0.5759,245.0,0.576,697.0
1753591932434,04:52:12.434,phemex,A/USDT:USDT,0.5758,516.0,0.5757,610.0,0.5759,463.0,0.576,697.0
1753591933208,04:52:13.208,phemex,A/USDT:USDT,0.5757,610.0,0.5756,721.0,0.5759,463.0,0.576,697.0
1753591933243,04:52:13.243,phemex,A/USDT:USDT,0.5758,218.0,0.5757,610.0,0.5759,463.0,0.576,697.0
1753591934767,04:52:14.767,phemex,A/USDT:USDT,0.5758,218.0,0.5757,610.0,0.5759,245.0,0.576,697.0
1753591935008,04:52:15.008,phemex,A/USDT:USDT,0.5758,218.0,0.5757,610.0,0.5759,245.0,0.576,697.0
1753591935015,04:52:15.015,phemex,A/USDT:USDT,0.5758,218.0,0.5757,610.0,0.5759,245.0,0.576,697.0
1753591938541,04:52:18.541,phemex,A/USDT:USDT,0.5758,218.0,0.5757,610.0,0.5759,127.0,0.576,697.0
1753591938541,04:52:18.541,phemex,A/USDT:USDT,0.5758,218.0,0.5757,610.0,0.5759,127.0,0.576,697.0
1753591939814,04:52:19.814,phemex,A/USDT:USDT,0.5758,218.0,0.5757,610.0,0.5759,127.0,0.576,697.0
1753591944607,04:52:24.607,phemex,A/USDT:USDT,0.5758,218.0,0.5757,610.0,0.5759,127.0,0.576,697.0
1753591944615,04:52:24.615,phemex,A/USDT:USDT,0.5758,218.0,0.5757,610.0,0.5759,127.0,0.576,697.0
1753591947327,04:52:27.327,phemex,A/USDT:USDT,0.5758,218.0,0.5757,610.0,0.5759,112.0,0.576,697.0
1753591949353,04:52:29.353,phemex,A/USDT:USDT,0.5758,218.0,0.5757,610.0,0.5759,327.0,0.576,697.0
1753591951047,04:52:31.047,phemex,A/USDT:USDT,0.5758,218.0,0.5757,610.0,0.5759,112.0,0.576,697.0
1753591951110,04:52:31.110,phemex,A/USDT:USDT,0.5758,218.0,0.5757,610.0,0.5759,327.0,0.576,697.0
1753591951160,04:52:31.160,phemex,A/USDT:USDT,0.5758,218.0,0.5757,610.0,0.5759,112.0,0.576,697.0
1753591951189,04:52:31.189,phemex,A/USDT:USDT,0.5758,218.0,0.5757,610.0,0.5759,112.0,0.576,697.0
1753591951262,04:52:31.262,phemex,A/USDT:USDT,0.5758,218.0,0.5757,610.0,0.5759,327.0,0.576,697.0
1753591951876,04:52:31.876,phemex,A/USDT:USDT,0.5758,218.0,0.5757,610.0,0.5759,312.0,0.576,697.0
1753591951995,04:52:31.995,phemex,A/USDT:USDT,0.5758,218.0,0.5757,610.0,0.5759,97.0,0.576,697.0
1753591954169,04:52:34.169,phemex,A/USDT:USDT,0.5758,218.0,0.5757,610.0,0.5759,312.0,0.576,697.0
1753591955608,04:52:35.608,phemex,A/USDT:USDT,0.5758,218.0,0.5757,610.0,0.5759,312.0,0.576,697.0
1753591955782,04:52:35.782,phemex,A/USDT:USDT,0.5758,218.0,0.5757,610.0,0.5759,312.0,0.576,697.0
1753591959701,04:52:39.701,phemex,A/USDT:USDT,0.5758,218.0,0.5757,610.0,0.5759,97.0,0.576,697.0
1753591961577,04:52:41.577,phemex,A/USDT:USDT,0.5758,218.0,0.5757,610.0,0.5759,318.0,0.576,697.0
1753591961919,04:52:41.919,phemex,A/USDT:USDT,0.5758,218.0,0.5757,610.0,0.5759,97.0,0.576,697.0
1753591979301,04:52:59.301,phemex,A/USDT:USDT,0.5758,218.0,0.5757,610.0,0.5759,312.0,0.576,697.0
1753591979771,04:52:59.771,phemex,A/USDT:USDT,0.5758,218.0,0.5757,610.0,0.5759,97.0,0.576,401.0
1753591979772,04:52:59.772,phemex,A/USDT:USDT,0.5758,462.0,0.5757,856.0,0.576,212.0,0.5761,355.0
1753591979828,04:52:59.828,phemex,A/USDT:USDT,0.5759,215.0,0.5758,462.0,0.5761,355.0,0.5762,766.0
1753591979844,04:52:59.844,phemex,A/USDT:USDT,0.5759,215.0,0.5758,462.0,0.5761,355.0,0.5762,220.0
1753591979851,04:52:59.851,phemex,A/USDT:USDT,0.5759,215.0,0.5758,462.0,0.5761,355.0,0.5762,220.0
1753591979976,04:52:59.976,phemex,A/USDT:USDT,0.5759,215.0,0.5758,462.0,0.5761,355.0,0.5762,220.0
1753591979983,04:52:59.983,phemex,A/USDT:USDT,0.5759,215.0,0.5758,462.0,0.5761,355.0,0.5762,220.0
1753591984514,04:53:04.514,phemex,A/USDT:USDT,0.5759,215.0,0.5758,462.0,0.576,215.0,0.5761,355.0
1753591984747,04:53:04.747,phemex,A/USDT:USDT,0.5759,215.0,0.5758,462.0,0.5761,355.0,0.5762,220.0
1753591984796,04:53:04.796,phemex,A/USDT:USDT,0.5759,215.0,0.5758,462.0,0.5761,355.0,0.5762,220.0
1753591984901,04:53:04.901,phemex,A/USDT:USDT,0.5759,364.0,0.5758,863.0,0.576,421.0,0.5761,580.0
1753591991367,04:53:11.367,phemex,A/USDT:USDT,0.5759,364.0,0.5758,863.0,0.576,417.0,0.5761,580.0
1753591992840,04:53:12.840,phemex,A/USDT:USDT,0.5758,218.0,0.5757,220.0,0.576,417.0,0.5761,580.0
1753591992922,04:53:12.922,phemex,A/USDT:USDT,0.5757,220.0,0.5756,1796.0,0.576,417.0,0.5761,580.0
1753591992946,04:53:12.946,phemex,A/USDT:USDT,0.5757,220.0,0.5756,1796.0,0.5759,220.0,0.576,417.0
1753591993009,04:53:13.009,phemex,A/USDT:USDT,0.5757,220.0,0.5756,1796.0,0.5759,220.0,0.576,637.0
1753591993122,04:53:13.122,phemex,A/USDT:USDT,0.5757,220.0,0.5756,1796.0,0.5759,393.0,0.576,871.0
1753591993176,04:53:13.176,phemex,A/USDT:USDT,0.5757,220.0,0.5756,1796.0,0.5759,393.0,0.576,871.0
1753591993312,04:53:13.312,phemex,A/USDT:USDT,0.5757,220.0,0.5756,1796.0,0.5759,393.0,0.576,871.0
1753591993400,04:53:13.400,phemex,A/USDT:USDT,0.5757,220.0,0.5756,1796.0,0.5758,220.0,0.5759,393.0
1753591993451,04:53:13.451,phemex,A/USDT:USDT,0.5757,220.0,0.5756,1796.0,0.5758,220.0,0.5759,393.0
1753591993918,04:53:13.918,phemex,A/USDT:USDT,0.5757,426.0,0.5756,467.0,0.5759,393.0,0.576,871.0
1753591993934,04:53:13.934,phemex,A/USDT:USDT,0.5757,426.0,0.5756,467.0,0.5759,393.0,0.576,871.0
1753591995286,04:53:15.286,phemex,A/USDT:USDT,0.5758,220.0,0.5757,426.0,0.5759,220.0,0.576,220.0
1753591995295,04:53:15.295,phemex,A/USDT:USDT,0.5758,220.0,0.5757,426.0,0.576,220.0,0.5761,760.0
1753591995317,04:53:15.317,phemex,A/USDT:USDT,0.5758,220.0,0.5757,426.0,0.576,220.0,0.5761,214.0
1753591995379,04:53:15.379,phemex,A/USDT:USDT,0.5758,220.0,0.5757,426.0,0.5761,214.0,0.5762,2430.0
1753591995379,04:53:15.379,phemex,A/USDT:USDT,0.5758,220.0,0.5757,426.0,0.5761,214.0,0.5762,2430.0
1753591999216,04:53:19.216,phemex,A/USDT:USDT,0.5758,697.0,0.5757,656.0,0.5761,214.0,0.5762,2430.0
1753592000856,04:53:20.856,phemex,A/USDT:USDT,0.5758,697.0,0.5757,656.0,0.5761,214.0,0.5762,2430.0
1753592001168,04:53:21.168,phemex,A/USDT:USDT,0.5758,697.0,0.5757,656.0,0.5761,214.0,0.5762,1884.0
1753592001655,04:53:21.655,phemex,A/USDT:USDT,0.5759,222.0,0.5758,697.0,0.5761,214.0,0.5762,1884.0
1753592015412,04:53:35.412,phemex,A/USDT:USDT,0.5759,222.0,0.5758,697.0,0.5761,214.0,0.5762,1884.0
1753592015453,04:53:35.453,phemex,A/USDT:USDT,0.5759,222.0,0.5758,697.0,0.5761,214.0,0.5762,1884.0
1753592018117,04:53:38.117,phemex,A/USDT:USDT,0.5758,697.0,0.5757,656.0,0.5761,214.0,0.5762,1884.0
1753592018151,04:53:38.151,phemex,A/USDT:USDT,0.5758,697.0,0.5757,656.0,0.5759,207.0,0.576,552.0
1753592022165,04:53:42.165,phemex,A/USDT:USDT,0.5758,697.0,0.5757,656.0,0.5759,207.0,0.576,552.0
1753592022169,04:53:42.169,phemex,A/USDT:USDT,0.5758,697.0,0.5757,656.0,0.5759,207.0,0.576,552.0
1753592022299,04:53:42.299,phemex,A/USDT:USDT,0.5758,697.0,0.5757,656.0,0.5759,207.0,0.576,768.0
1753592024293,04:53:44.293,phemex,A/USDT:USDT,0.5758,697.0,0.5757,656.0,0.5759,207.0,0.576,768.0
1753592027420,04:53:47.420,phemex,A/USDT:USDT,0.5758,697.0,0.5757,656.0,0.5759,178.0,0.576,768.0
1753592028014,04:53:48.014,phemex,A/USDT:USDT,0.5758,697.0,0.5757,656.0,0.5759,178.0,0.576,768.0
1753592028021,04:53:48.021,phemex,A/USDT:USDT,0.5758,697.0,0.5757,656.0,0.5759,178.0,0.576,768.0
1753592029401,04:53:49.401,phemex,A/USDT:USDT,0.5758,697.0,0.5757,656.0,0.576,362.0,0.5761,760.0
1753592029416,04:53:49.416,phemex,A/USDT:USDT,0.5759,220.0,0.5758,697.0,0.576,362.0,0.5761,760.0
1753592030612,04:53:50.612,phemex,A/USDT:USDT,0.5759,220.0,0.5758,697.0,0.576,582.0,0.5761,760.0
1753592031170,04:53:51.170,phemex,A/USDT:USDT,0.5759,220.0,0.5758,697.0,0.576,582.0,0.5761,214.0
1753592032221,04:53:52.221,phemex,A/USDT:USDT,0.5759,220.0,0.5758,697.0,0.576,362.0,0.5761,214.0
1753592034260,04:53:54.260,phemex,A/USDT:USDT,0.5759,220.0,0.5758,697.0,0.576,337.0,0.5761,214.0
1753592037234,04:53:57.234,phemex,A/USDT:USDT,0.5759,220.0,0.5758,697.0,0.576,331.0,0.5761,214.0
1753592048864,04:54:08.864,phemex,A/USDT:USDT,0.5759,220.0,0.5758,697.0,0.576,327.0,0.5761,214.0
1753592049140,04:54:09.140,phemex,A/USDT:USDT,0.5759,220.0,0.5758,697.0,0.576,542.0,0.5761,214.0
1753592050019,04:54:10.019,phemex,A/USDT:USDT,0.5759,220.0,0.5758,697.0,0.576,327.0,0.5761,214.0
1753592050157,04:54:10.157,phemex,A/USDT:USDT,0.5759,588.0,0.5758,697.0,0.576,327.0,0.5761,214.0
1753592050335,04:54:10.335,phemex,A/USDT:USDT,0.5759,588.0,0.5758,697.0,0.576,327.0,0.5761,214.0
1753592050346,04:54:10.346,phemex,A/USDT:USDT,0.5759,588.0,0.5758,697.0,0.576,327.0,0.5761,214.0
1753592050864,04:54:10.864,phemex,A/USDT:USDT,0.5759,588.0,0.5758,697.0,0.576,322.0,0.5761,214.0
1753592050864,04:54:10.864,phemex,A/USDT:USDT,0.5759,588.0,0.5758,697.0,0.576,322.0,0.5761,214.0
1753592062752,04:54:22.752,phemex,A/USDT:USDT,0.5759,588.0,0.5758,697.0,0.576,540.0,0.5761,214.0
1753592064046,04:54:24.046,phemex,A/USDT:USDT,0.5759,588.0,0.5758,697.0,0.576,322.0,0.5761,214.0
1753592066602,04:54:26.602,phemex,A/USDT:USDT,0.5759,588.0,0.5758,697.0,0.576,537.0,0.5761,214.0
1753592070070,04:54:30.070,phemex,A/USDT:USDT,0.5759,588.0,0.5758,697.0,0.576,437.0,0.5761,214.0
1753592076553,04:54:36.553,phemex,A/USDT:USDT,0.5759,368.0,0.5758,697.0,0.576,437.0,0.5761,214.0
1753592076615,04:54:36.615,phemex,A/USDT:USDT,0.5759,348.0,0.5758,697.0,0.576,437.0,0.5761,214.0
1753592076691,04:54:36.691,phemex,A/USDT:USDT,0.5758,220.0,0.5757,220.0,0.576,437.0,0.5761,214.0
1753592076746,04:54:36.746,phemex,A/USDT:USDT,0.5758,220.0,0.5757,220.0,0.5759,157.0,0.576,860.0
1753592076884,04:54:36.884,phemex,A/USDT:USDT,0.5757,220.0,0.5756,1348.0,0.5759,157.0,0.576,860.0
1753592076918,04:54:36.918,phemex,A/USDT:USDT,0.5757,220.0,0.5756,1348.0,0.5759,377.0,0.576,860.0
1753592076959,04:54:36.959,phemex,A/USDT:USDT,0.5758,220.0,0.5757,220.0,0.5759,377.0,0.576,860.0
1753592077106,04:54:37.106,phemex,A/USDT:USDT,0.5757,220.0,0.5756,1348.0,0.5759,377.0,0.576,860.0
1753592077109,04:54:37.109,phemex,A/USDT:USDT,0.5757,220.0,0.5756,1348.0,0.5759,377.0,0.576,860.0
1753592077219,04:54:37.219,phemex,A/USDT:USDT,0.5757,220.0,0.5756,1348.0,0.5759,377.0,0.576,860.0
1753592078697,04:54:38.697,phemex,A/USDT:USDT,0.5757,220.0,0.5756,1348.0,0.5759,220.0,0.576,215.0
1753592078713,04:54:38.713,phemex,A/USDT:USDT,0.5757,220.0,0.5756,1348.0,0.576,215.0,0.5761,214.0
1753592078737,04:54:38.737,phemex,A/USDT:USDT,0.5757,220.0,0.5756,1348.0,0.5761,214.0,0.5762,2011.0
1753592078757,04:54:38.757,phemex,A/USDT:USDT,0.5757,220.0,0.5756,1348.0,0.5761,214.0,0.5762,2011.0
1753592079166,04:54:39.166,phemex,A/USDT:USDT,0.5757,220.0,0.5756,1348.0,0.5761,214.0,0.5762,1465.0
1753592079174,04:54:39.174,phemex,A/USDT:USDT,0.5757,220.0,0.5756,1348.0,0.5761,214.0,0.5762,1465.0
1753592080794,04:54:40.794,phemex,A/USDT:USDT,0.5757,220.0,0.5756,1348.0,0.5761,214.0,0.5762,1465.0
1753592082654,04:54:42.654,phemex,A/USDT:USDT,0.5757,413.0,0.5756,435.0,0.5761,214.0,0.5762,1465.0
1753592082664,04:54:42.664,phemex,A/USDT:USDT,0.5757,193.0,0.5756,435.0,0.5761,214.0,0.5762,1465.0
1753592082700,04:54:42.700,phemex,A/USDT:USDT,0.5757,193.0,0.5756,435.0,0.5761,214.0,0.5762,1465.0
1753592082730,04:54:42.730,phemex,A/USDT:USDT,0.5757,193.0,0.5756,435.0,0.5761,214.0,0.5762,1465.0
1753592083452,04:54:43.452,phemex,A/USDT:USDT,0.5757,73.0,0.5756,435.0,0.5761,214.0,0.5762,1465.0
1753592083660,04:54:43.660,phemex,A/USDT:USDT,0.5757,293.0,0.5756,435.0,0.5761,214.0,0.5762,1465.0
1753592084214,04:54:44.214,phemex,A/USDT:USDT,0.5757,293.0,0.5756,435.0,0.5761,214.0,0.5762,1465.0
1753592084222,04:54:44.222,phemex,A/USDT:USDT,0.5757,293.0,0.5756,435.0,0.5761,214.0,0.5762,1465.0
1753592084763,04:54:44.763,phemex,A/USDT:USDT,0.5757,73.0,0.5756,435.0,0.5758,841.0,0.576,1783.0
1753592084793,04:54:44.793,phemex,A/USDT:USDT,0.5757,73.0,0.5756,435.0,0.5758,841.0,0.5759,220.0
1753592085606,04:54:45.606,phemex,A/USDT:USDT,0.5757,73.0,0.5756,435.0,0.5758,841.0,0.5759,220.0
1753592085638,04:54:45.638,phemex,A/USDT:USDT,0.5757,73.0,0.5756,435.0,0.5758,841.0,0.5759,220.0
1753592086048,04:54:46.048,phemex,A/USDT:USDT,0.5757,293.0,0.5756,435.0,0.5758,841.0,0.5759,220.0
1753592087208,04:54:47.208,phemex,A/USDT:USDT,0.5757,245.0,0.5756,435.0,0.5758,841.0,0.5759,220.0
1753592089022,04:54:49.022,phemex,A/USDT:USDT,0.5757,245.0,0.5756,435.0,0.5758,841.0,0.5759,220.0
1753592089434,04:54:49.434,phemex,A/USDT:USDT,0.5757,228.0,0.5756,435.0,0.5758,841.0,0.5759,220.0
1753592091170,04:54:51.170,phemex,A/USDT:USDT,0.5757,228.0,0.5756,435.0,0.5758,841.0,0.5759,220.0
1753592091268,04:54:51.268,phemex,A/USDT:USDT,0.5757,228.0,0.5756,435.0,0.5758,841.0,0.5759,220.0
1753592093605,04:54:53.605,phemex,A/USDT:USDT,0.5757,220.0,0.5756,435.0,0.5758,841.0,0.5759,220.0
1753592100168,04:55:00.168,phemex,A/USDT:USDT,0.5757,220.0,0.5756,435.0,0.5758,841.0,0.5759,220.0
1753592100184,04:55:00.184,phemex,A/USDT:USDT,0.5757,220.0,0.5756,435.0,0.5758,841.0,0.5759,220.0
1753592106172,04:55:06.172,phemex,A/USDT:USDT,0.5757,220.0,0.5756,435.0,0.5758,841.0,0.5759,220.0
1753592112878,04:55:12.878,phemex,A/USDT:USDT,0.5756,435.0,0.5755,2287.0,0.5758,841.0,0.5759,220.0
1753592112919,04:55:12.919,phemex,A/USDT:USDT,0.5756,435.0,0.5755,2287.0,0.5758,841.0,0.5759,220.0
1753592113784,04:55:13.784,phemex,A/USDT:USDT,0.5757,221.0,0.5756,435.0,0.5758,841.0,0.5759,220.0
1753592113790,04:55:13.790,phemex,A/USDT:USDT,0.5757,221.0,0.5756,435.0,0.5758,841.0,0.5759,220.0
1753592121192,04:55:21.192,phemex,A/USDT:USDT,0.5756,214.0,0.5755,410.0,0.5758,400.0,0.5759,1227.0
1753592121206,04:55:21.206,phemex,A/USDT:USDT,0.5756,214.0,0.5755,410.0,0.5757,217.0,0.5758,400.0
1753592121264,04:55:21.264,phemex,A/USDT:USDT,0.5756,214.0,0.5755,410.0,0.5757,217.0,0.5758,617.0
1753592121292,04:55:21.292,phemex,A/USDT:USDT,0.5756,214.0,0.5755,410.0,0.5757,217.0,0.5758,617.0
1753592122726,04:55:22.726,phemex,A/USDT:USDT,0.5755,410.0,0.5753,1279.0,0.5757,217.0,0.5758,617.0
1753592122825,04:55:22.825,phemex,A/USDT:USDT,0.5755,410.0,0.5753,1279.0,0.5757,217.0,0.5758,617.0
1753592123138,04:55:23.138,phemex,A/USDT:USDT,0.5755,197.0,0.5754,217.0,0.5757,217.0,0.5758,617.0
1753592123160,04:55:23.160,phemex,A/USDT:USDT,0.5754,217.0,0.5753,379.0,0.5757,217.0,0.5758,617.0
1753592123165,04:55:23.165,phemex,A/USDT:USDT,0.5754,217.0,0.5753,379.0,0.5757,217.0,0.5758,617.0
1753592123217,04:55:23.217,phemex,A/USDT:USDT,0.5754,217.0,0.5753,379.0,0.5757,217.0,0.5758,617.0
1753592124400,04:55:24.400,phemex,A/USDT:USDT,0.5754,217.0,0.5753,379.0,0.5757,217.0,0.5758,617.0
1753592124449,04:55:24.449,phemex,A/USDT:USDT,0.5754,217.0,0.5753,379.0,0.5757,217.0,0.5758,617.0
1753592124615,04:55:24.615,phemex,A/USDT:USDT,0.5754,217.0,0.5753,379.0,0.5757,217.0,0.5758,617.0
1753592124624,04:55:24.624,phemex,A/USDT:USDT,0.5754,217.0,0.5753,379.0,0.5757,217.0,0.5758,617.0
1753592129425,04:55:29.425,phemex,A/USDT:USDT,0.5754,217.0,0.5753,379.0,0.5757,217.0,0.5758,617.0
1753592132074,04:55:32.074,phemex,A/USDT:USDT,0.5754,838.0,0.5753,379.0,0.5756,361.0,0.5757,623.0
1753592132095,04:55:32.095,phemex,A/USDT:USDT,0.5754,838.0,0.5753,379.0,0.5756,574.0,0.5757,623.0
1753592134753,04:55:34.753,phemex,A/USDT:USDT,0.5754,838.0,0.5753,379.0,0.5755,213.0,0.5756,574.0
1753592134770,04:55:34.770,phemex,A/USDT:USDT,0.5754,838.0,0.5753,379.0,0.5755,213.0,0.5756,574.0
1753592134780,04:55:34.780,phemex,A/USDT:USDT,0.5754,838.0,0.5753,379.0,0.5755,213.0,0.5756,574.0
1753592136826,04:55:36.826,phemex,A/USDT:USDT,0.5754,838.0,0.5753,379.0,0.5755,213.0,0.5756,574.0
1753592136841,04:55:36.841,phemex,A/USDT:USDT,0.5754,838.0,0.5753,379.0,0.5755,213.0,0.5756,574.0
1753592136988,04:55:36.988,phemex,A/USDT:USDT,0.5754,838.0,0.5753,379.0,0.5755,213.0,0.5756,574.0
1753592137458,04:55:37.458,phemex,A/USDT:USDT,0.5754,838.0,0.5753,379.0,0.5755,366.0,0.5756,754.0
1753592137567,04:55:37.567,phemex,A/USDT:USDT,0.5754,621.0,0.5753,379.0,0.5755,366.0,0.5756,754.0
1753592139960,04:55:39.960,phemex,A/USDT:USDT,0.5754,621.0,0.5753,379.0,0.5755,366.0,0.5756,754.0
1753592139989,04:55:39.989,phemex,A/USDT:USDT,0.5754,621.0,0.5753,379.0,0.5755,366.0,0.5756,754.0
1753592143879,04:55:43.879,phemex,A/USDT:USDT,0.5754,421.0,0.5753,379.0,0.5755,366.0,0.5756,754.0
1753592145424,04:55:45.424,phemex,A/USDT:USDT,0.5754,356.0,0.5753,379.0,0.5755,366.0,0.5756,754.0
1753592146357,04:55:46.357,phemex,A/USDT:USDT,0.5754,568.0,0.5753,379.0,0.5755,366.0,0.5756,754.0
1753592148860,04:55:48.860,phemex,A/USDT:USDT,0.5754,558.0,0.5753,379.0,0.5755,366.0,0.5756,754.0
1753592155801,04:55:55.801,phemex,A/USDT:USDT,0.5754,558.0,0.5753,379.0,0.5755,153.0,0.5756,754.0
1753592156381,04:55:56.381,phemex,A/USDT:USDT,0.5754,558.0,0.5753,609.0,0.5756,213.0,0.5757,217.0
1753592156422,04:55:56.422,phemex,A/USDT:USDT,0.5755,219.0,0.5754,558.0,0.5757,217.0,0.5758,2054.0
1753592156457,04:55:56.457,phemex,A/USDT:USDT,0.5755,219.0,0.5754,558.0,0.5757,217.0,0.5758,2054.0
1753592156915,04:55:56.915,phemex,A/USDT:USDT,0.5755,219.0,0.5754,558.0,0.5757,217.0,0.5758,2054.0
1753592156923,04:55:56.923,phemex,A/USDT:USDT,0.5755,219.0,0.5754,558.0,0.5757,217.0,0.5758,2054.0
1753592160224,04:56:00.224,phemex,A/USDT:USDT,0.5755,219.0,0.5754,558.0,0.5757,217.0,0.5758,2054.0
1753592160224,04:56:00.224,phemex,A/USDT:USDT,0.5755,219.0,0.5754,558.0,0.5757,217.0,0.5758,2054.0
1753592182751,04:56:22.751,phemex,A/USDT:USDT,0.5755,219.0,0.5754,421.0,0.5756,437.0,0.5757,621.0
1753592182752,04:56:22.752,phemex,A/USDT:USDT,0.5755,219.0,0.5754,771.0,0.5756,437.0,0.5757,621.0
1753592185903,04:56:25.903,phemex,A/USDT:USDT,0.5755,219.0,0.5754,771.0,0.5756,355.0,0.5757,621.0
1753592190565,04:56:30.565,phemex,A/USDT:USDT,0.5755,219.0,0.5754,851.0,0.5757,217.0,0.5758,217.0
1753592190601,04:56:30.601,phemex,A/USDT:USDT,0.5755,219.0,0.5754,851.0,0.5758,217.0,0.576,2500.0
1753592190822,04:56:30.822,phemex,A/USDT:USDT,0.5755,219.0,0.5754,851.0,0.5758,217.0,0.576,2500.0
1753592191813,04:56:31.813,phemex,A/USDT:USDT,0.5755,219.0,0.5754,851.0,0.5758,217.0,0.576,2500.0
1753592191850,04:56:31.850,phemex,A/USDT:USDT,0.5755,219.0,0.5754,851.0,0.5758,217.0,0.576,2500.0
1753592194218,04:56:34.218,phemex,A/USDT:USDT,0.5755,219.0,0.5754,851.0,0.5758,217.0,0.576,2500.0
1753592194226,04:56:34.226,phemex,A/USDT:USDT,0.5755,219.0,0.5754,851.0,0.5758,217.0,0.576,2500.0
1753592195695,04:56:35.695,phemex,A/USDT:USDT,0.5756,546.0,0.5755,431.0,0.5757,506.0,0.5758,412.0
1753592196140,04:56:36.140,phemex,A/USDT:USDT,0.5756,509.0,0.5755,431.0,0.5757,506.0,0.5758,412.0
1753592197464,04:56:37.464,phemex,A/USDT:USDT,0.5756,502.0,0.5755,431.0,0.5757,506.0,0.5758,412.0
1753592199325,04:56:39.325,phemex,A/USDT:USDT,0.5756,502.0,0.5755,431.0,0.5758,209.0,0.5759,143.0
1753592199353,04:56:39.353,phemex,A/USDT:USDT,0.5757,221.0,0.5756,502.0,0.5758,209.0,0.5759,143.0
1753592199366,04:56:39.366,phemex,A/USDT:USDT,0.5757,221.0,0.5756,723.0,0.5758,209.0,0.5759,143.0
1753592200506,04:56:40.506,phemex,A/USDT:USDT,0.5757,221.0,0.5756,723.0,0.5758,209.0,0.5759,364.0
1753592200517,04:56:40.517,phemex,A/USDT:USDT,0.5757,221.0,0.5756,723.0,0.5758,209.0,0.5759,364.0
1753592200696,04:56:40.696,phemex,A/USDT:USDT,0.5757,221.0,0.5756,723.0,0.5758,430.0,0.5759,364.0
1753592201487,04:56:41.487,phemex,A/USDT:USDT,0.5757,221.0,0.5756,723.0,0.5758,430.0,0.5759,364.0
1753592205618,04:56:45.618,phemex,A/USDT:USDT,0.5757,221.0,0.5756,723.0,0.5758,430.0,0.5759,364.0
1753592205625,04:56:45.625,phemex,A/USDT:USDT,0.5757,221.0,0.5756,723.0,0.5758,430.0,0.5759,364.0
1753592205721,04:56:45.721,phemex,A/USDT:USDT,0.5757,221.0,0.5756,723.0,0.5758,209.0,0.5759,364.0
1753592206277,04:56:46.277,phemex,A/USDT:USDT,0.5757,555.0,0.5756,433.0,0.5758,453.0,0.5759,567.0
1753592206305,04:56:46.305,phemex,A/USDT:USDT,0.5757,555.0,0.5756,433.0,0.5758,453.0,0.5759,567.0
1753592210419,04:56:50.419,phemex,A/USDT:USDT,0.5757,555.0,0.5756,433.0,0.5758,453.0,0.5759,567.0
1753592210426,04:56:50.426,phemex,A/USDT:USDT,0.5757,555.0,0.5756,433.0,0.5758,453.0,0.5759,567.0
1753592211180,04:56:51.180,phemex,A/USDT:USDT,0.5757,555.0,0.5756,433.0,0.5758,453.0,0.5759,567.0
1753592212239,04:56:52.239,phemex,A/USDT:USDT,0.5757,555.0,0.5756,433.0,0.5758,453.0,0.5759,567.0
1753592212293,04:56:52.293,phemex,A/USDT:USDT,0.5757,555.0,0.5756,433.0,0.5758,453.0,0.5759,567.0
1753592214492,04:56:54.492,phemex,A/USDT:USDT,0.5757,334.0,0.5756,433.0,0.5758,453.0,0.5759,567.0
1753592217456,04:56:57.456,phemex,A/USDT:USDT,0.5757,547.0,0.5756,433.0,0.5758,453.0,0.5759,567.0
1753592219597,04:56:59.597,phemex,A/USDT:USDT,0.5757,334.0,0.5756,433.0,0.5758,453.0,0.5759,567.0
1753592222972,04:57:02.972,phemex,A/USDT:USDT,0.5756,176.0,0.5755,400.0,0.5757,565.0,0.5758,666.0
1753592223679,04:57:03.679,phemex,A/USDT:USDT,0.5755,409.0,0.5754,433.0,0.5757,565.0,0.5758,666.0
1753592223680,04:57:03.680,phemex,A/USDT:USDT,0.5755,409.0,0.5754,433.0,0.5757,565.0,0.5758,666.0
1753592223699,04:57:03.699,phemex,A/USDT:USDT,0.5755,409.0,0.5754,433.0,0.5757,565.0,0.5758,666.0
1753592223765,04:57:03.765,phemex,A/USDT:USDT,0.5755,409.0,0.5754,433.0,0.5756,213.0,0.5757,565.0
1753592223939,04:57:03.939,phemex,A/USDT:USDT,0.5755,409.0,0.5754,433.0,0.5757,565.0,0.5758,666.0
1753592223990,04:57:03.990,phemex,A/USDT:USDT,0.5755,409.0,0.5754,433.0,0.5757,565.0,0.5758,666.0
1753592224441,04:57:04.441,phemex,A/USDT:USDT,0.5755,409.0,0.5754,433.0,0.5757,550.0,0.5758,666.0
1753592224511,04:57:04.511,phemex,A/USDT:USDT,0.5755,409.0,0.5754,433.0,0.5756,213.0,0.5757,550.0
1753592224629,04:57:04.629,phemex,A/USDT:USDT,0.5755,409.0,0.5754,433.0,0.5757,550.0,0.5758,666.0
1753592224685,04:57:04.685,phemex,A/USDT:USDT,0.5755,409.0,0.5754,433.0,0.5757,550.0,0.5758,666.0
1753592226388,04:57:06.388,phemex,A/USDT:USDT,0.5756,213.0,0.5755,409.0,0.5757,550.0,0.5758,666.0
1753592228504,04:57:08.504,phemex,A/USDT:USDT,0.5755,409.0,0.5754,433.0,0.5757,550.0,0.5758,666.0
1753592228537,04:57:08.537,phemex,A/USDT:USDT,0.5755,409.0,0.5754,433.0,0.5757,550.0,0.5758,666.0
1753592228779,04:57:08.779,phemex,A/USDT:USDT,0.5755,409.0,0.5754,433.0,0.5757,550.0,0.5758,666.0
1753592228788,04:57:08.788,phemex,A/USDT:USDT,0.5755,409.0,0.5754,433.0,0.5757,550.0,0.5758,666.0
1753592229172,04:57:09.172,phemex,A/USDT:USDT,0.5755,409.0,0.5754,433.0,0.5757,550.0,0.5758,666.0
1753592229193,04:57:09.193,phemex,A/USDT:USDT,0.5755,409.0,0.5754,433.0,0.5757,550.0,0.5758,666.0
1753592230027,04:57:10.027,phemex,A/USDT:USDT,0.5755,409.0,0.5754,601.0,0.5756,465.0,0.5757,550.0
1753592233970,04:57:13.970,phemex,A/USDT:USDT,0.5755,409.0,0.5754,601.0,0.5756,465.0,0.5757,550.0
1753592234016,04:57:14.016,phemex,A/USDT:USDT,0.5755,409.0,0.5754,601.0,0.5756,465.0,0.5757,550.0
1753592234016,04:57:14.016,phemex,A/USDT:USDT,0.5755,409.0,0.5754,601.0,0.5756,465.0,0.5757,550.0
1753592239315,04:57:19.315,phemex,A/USDT:USDT,0.5755,409.0,0.5754,601.0,0.5756,460.0,0.5757,550.0
1753592250174,04:57:30.174,phemex,A/USDT:USDT,0.5755,409.0,0.5754,601.0,0.5756,460.0,0.5757,550.0
1753592250205,04:57:30.205,phemex,A/USDT:USDT,0.5755,409.0,0.5754,601.0,0.5756,460.0,0.5757,550.0
1753592250572,04:57:30.572,phemex,A/USDT:USDT,0.5755,409.0,0.5754,601.0,0.5756,456.0,0.5757,550.0
1753592258166,04:57:38.166,phemex,A/USDT:USDT,0.5755,409.0,0.5754,601.0,0.5756,452.0,0.5757,550.0
1753592268664,04:57:48.664,phemex,A/USDT:USDT,0.5754,424.0,0.5753,214.0,0.5756,452.0,0.5757,550.0
1753592268673,04:57:48.673,phemex,A/USDT:USDT,0.5754,424.0,0.5753,214.0,0.5755,221.0,0.5756,452.0
1753592268698,04:57:48.698,phemex,A/USDT:USDT,0.5754,424.0,0.5753,214.0,0.5755,221.0,0.5756,673.0
1753592268757,04:57:48.757,phemex,A/USDT:USDT,0.5754,424.0,0.5753,214.0,0.5755,478.0,0.5756,885.0
1753592268780,04:57:48.780,phemex,A/USDT:USDT,0.5754,424.0,0.5753,214.0,0.5755,478.0,0.5756,885.0
1753592271029,04:57:51.029,phemex,A/USDT:USDT,0.5754,424.0,0.5753,214.0,0.5755,257.0,0.5756,885.0
1753592272688,04:57:52.688,phemex,A/USDT:USDT,0.5754,424.0,0.5753,214.0,0.5755,478.0,0.5756,885.0
1753592273337,04:57:53.337,phemex,A/USDT:USDT,0.5754,424.0,0.5753,214.0,0.5755,469.0,0.5756,885.0
1753592275792,04:57:55.792,phemex,A/USDT:USDT,0.5754,424.0,0.5753,214.0,0.5755,248.0,0.5756,885.0
1753592280422,04:58:00.422,phemex,A/USDT:USDT,0.5754,424.0,0.5753,214.0,0.5755,460.0,0.5756,885.0
1753592281493,04:58:01.493,phemex,A/USDT:USDT,0.5754,212.0,0.5753,214.0,0.5755,460.0,0.5756,885.0
1753592281793,04:58:01.793,phemex,A/USDT:USDT,0.5754,212.0,0.5753,214.0,0.5755,460.0,0.5756,885.0
1753592282167,04:58:02.167,phemex,A/USDT:USDT,0.5754,212.0,0.5753,214.0,0.5755,460.0,0.5756,885.0
1753592282324,04:58:02.324,phemex,A/USDT:USDT,0.5754,212.0,0.5753,214.0,0.5755,460.0,0.5756,885.0
1753592282480,04:58:02.480,phemex,A/USDT:USDT,0.5754,424.0,0.5753,214.0,0.5755,460.0,0.5756,885.0
1753592282487,04:58:02.487,phemex,A/USDT:USDT,0.5754,212.0,0.5753,214.0,0.5755,460.0,0.5756,885.0
1753592282643,04:58:02.643,phemex,A/USDT:USDT,0.5754,212.0,0.5753,214.0,0.5755,460.0,0.5756,885.0
1753592282791,04:58:02.791,phemex,A/USDT:USDT,0.5754,212.0,0.5753,214.0,0.5755,460.0,0.5756,885.0
1753592282946,04:58:02.946,phemex,A/USDT:USDT,0.5754,212.0,0.5753,214.0,0.5755,460.0,0.5756,885.0
1753592283642,04:58:03.642,phemex,A/USDT:USDT,0.5754,212.0,0.5753,214.0,0.5755,460.0,0.5756,885.0
1753592283861,04:58:03.861,phemex,A/USDT:USDT,0.5754,212.0,0.5753,214.0,0.5755,460.0,0.5756,885.0
1753592284013,04:58:04.013,phemex,A/USDT:USDT,0.5754,212.0,0.5753,214.0,0.5755,460.0,0.5756,885.0
1753592284168,04:58:04.168,phemex,A/USDT:USDT,0.5754,212.0,0.5753,214.0,0.5755,460.0,0.5756,885.0
1753592284323,04:58:04.323,phemex,A/USDT:USDT,0.5754,212.0,0.5753,214.0,0.5755,460.0,0.5756,885.0
1753592284476,04:58:04.476,phemex,A/USDT:USDT,0.5754,212.0,0.5753,214.0,0.5755,460.0,0.5756,885.0
1753592284634,04:58:04.634,phemex,A/USDT:USDT,0.5754,212.0,0.5753,214.0,0.5755,460.0,0.5756,885.0
1753592284788,04:58:04.788,phemex,A/USDT:USDT,0.5754,212.0,0.5753,214.0,0.5755,460.0,0.5756,885.0
1753592284954,04:58:04.954,phemex,A/USDT:USDT,0.5754,212.0,0.5753,214.0,0.5755,460.0,0.5756,885.0
1753592285354,04:58:05.354,phemex,A/USDT:USDT,0.5754,212.0,0.5753,214.0,0.5755,460.0,0.5756,885.0
1753592285591,04:58:05.591,phemex,A/USDT:USDT,0.5754,212.0,0.5753,214.0,0.5755,460.0,0.5756,885.0
1753592285761,04:58:05.761,phemex,A/USDT:USDT,0.5754,212.0,0.5753,214.0,0.5755,460.0,0.5756,885.0
1753592285915,04:58:05.915,phemex,A/USDT:USDT,0.5754,212.0,0.5753,214.0,0.5755,460.0,0.5756,885.0
1753592286063,04:58:06.063,phemex,A/USDT:USDT,0.5754,212.0,0.5753,214.0,0.5755,460.0,0.5756,885.0
1753592286242,04:58:06.242,phemex,A/USDT:USDT,0.5754,212.0,0.5753,214.0,0.5755,460.0,0.5756,885.0
1753592286389,04:58:06.389,phemex,A/USDT:USDT,0.5754,424.0,0.5753,214.0,0.5755,460.0,0.5756,885.0
1753592286395,04:58:06.395,phemex,A/USDT:USDT,0.5754,212.0,0.5753,214.0,0.5755,460.0,0.5756,885.0
1753592286544,04:58:06.544,phemex,A/USDT:USDT,0.5754,212.0,0.5753,214.0,0.5755,460.0,0.5756,885.0
1753592286703,04:58:06.703,phemex,A/USDT:USDT,0.5754,212.0,0.5753,214.0,0.5755,460.0,0.5756,885.0
1753592286858,04:58:06.858,phemex,A/USDT:USDT,0.5754,212.0,0.5753,214.0,0.5755,460.0,0.5756,885.0
1753592287004,04:58:07.004,phemex,A/USDT:USDT,0.5754,430.0,0.5753,214.0,0.5755,460.0,0.5756,885.0
1753592287096,04:58:07.096,phemex,A/USDT:USDT,0.5754,632.0,0.5753,371.0,0.5756,221.0,0.5757,213.0
1753592287116,04:58:07.116,phemex,A/USDT:USDT,0.5754,632.0,0.5753,371.0,0.5757,213.0,0.5758,1794.0
1753592287133,04:58:07.133,phemex,A/USDT:USDT,0.5754,632.0,0.5753,371.0,0.5757,213.0,0.5758,1794.0
1753592292611,04:58:12.611,phemex,A/USDT:USDT,0.5754,632.0,0.5753,371.0,0.5756,816.0,0.5757,711.0
1753592292638,04:58:12.638,phemex,A/USDT:USDT,0.5754,632.0,0.5753,371.0,0.5755,218.0,0.5756,816.0
1753592292658,04:58:12.658,phemex,A/USDT:USDT,0.5754,632.0,0.5753,371.0,0.5755,218.0,0.5756,1034.0
1753592292974,04:58:12.974,phemex,A/USDT:USDT,0.5754,632.0,0.5753,371.0,0.5756,1034.0,0.5757,711.0
1753592292993,04:58:12.993,phemex,A/USDT:USDT,0.5754,632.0,0.5753,371.0,0.5756,1034.0,0.5757,711.0
1753592295029,04:58:15.029,phemex,A/USDT:USDT,0.5755,218.0,0.5754,632.0,0.5756,1034.0,0.5757,711.0
1753592295223,04:58:15.223,phemex,A/USDT:USDT,0.5755,218.0,0.5754,632.0,0.5756,437.0,0.5757,213.0
1753592295689,04:58:15.689,phemex,A/USDT:USDT,0.5755,218.0,0.5754,632.0,0.5756,437.0,0.5758,213.0
1753592295720,04:58:15.720,phemex,A/USDT:USDT,0.5755,218.0,0.5754,632.0,0.5756,437.0,0.5758,213.0
1753592297253,04:58:17.253,phemex,A/USDT:USDT,0.5754,632.0,0.5753,371.0,0.5756,437.0,0.5758,213.0
1753592297303,04:58:17.303,phemex,A/USDT:USDT,0.5754,632.0,0.5753,371.0,0.5756,437.0,0.5758,213.0
1753592298514,04:58:18.514,phemex,A/USDT:USDT,0.5755,215.0,0.5754,632.0,0.5756,437.0,0.5758,213.0
1753592298527,04:58:18.527,phemex,A/USDT:USDT,0.5755,215.0,0.5754,632.0,0.5756,437.0,0.5758,213.0
1753592299312,04:58:19.312,phemex,A/USDT:USDT,0.5754,632.0,0.5753,371.0,0.5756,437.0,0.5758,213.0
1753592299355,04:58:19.355,phemex,A/USDT:USDT,0.5754,632.0,0.5753,371.0,0.5756,437.0,0.5758,213.0
1753592300410,04:58:20.410,phemex,A/USDT:USDT,0.5754,632.0,0.5753,371.0,0.5755,186.0,0.5756,893.0
1753592300436,04:58:20.436,phemex,A/USDT:USDT,0.5754,632.0,0.5753,371.0,0.5755,186.0,0.5756,893.0
1753592304395,04:58:24.395,phemex,A/USDT:USDT,0.5754,632.0,0.5753,371.0,0.5755,186.0,0.5756,893.0
1753592304415,04:58:24.415,phemex,A/USDT:USDT,0.5754,632.0,0.5753,371.0,0.5755,186.0,0.5756,893.0
1753592304540,04:58:24.540,phemex,A/USDT:USDT,0.5754,632.0,0.5753,371.0,0.5755,186.0,0.5756,893.0
1753592304800,04:58:24.800,phemex,A/USDT:USDT,0.5754,632.0,0.5753,371.0,0.5755,401.0,0.5756,893.0
1753592307236,04:58:27.236,phemex,A/USDT:USDT,0.5754,632.0,0.5753,371.0,0.5755,186.0,0.5756,893.0
1753592322065,04:58:42.065,phemex,A/USDT:USDT,0.5754,632.0,0.5753,371.0,0.5757,215.0,0.5758,1751.0
1753592322084,04:58:42.084,phemex,A/USDT:USDT,0.5755,216.0,0.5754,632.0,0.5757,215.0,0.5758,1751.0
1753592322106,04:58:42.106,phemex,A/USDT:USDT,0.5755,216.0,0.5754,632.0,0.5757,215.0,0.5758,1751.0
1753592322298,04:58:42.298,phemex,A/USDT:USDT,0.5755,216.0,0.5754,632.0,0.5757,215.0,0.5758,1751.0
1753592324565,04:58:44.565,phemex,A/USDT:USDT,0.5755,424.0,0.5754,886.0,0.5757,215.0,0.5758,1751.0
1753592327624,04:58:47.624,phemex,A/USDT:USDT,0.5756,221.0,0.5755,424.0,0.5757,215.0,0.5758,1751.0
1753592327885,04:58:47.885,phemex,A/USDT:USDT,0.5755,424.0,0.5754,886.0,0.5757,215.0,0.5758,1751.0
1753592327912,04:58:47.912,phemex,A/USDT:USDT,0.5755,424.0,0.5754,886.0,0.5757,215.0,0.5758,1751.0
1753592328749,04:58:48.749,phemex,A/USDT:USDT,0.5756,221.0,0.5755,424.0,0.5757,215.0,0.5758,1751.0
1753592329996,04:58:49.996,phemex,A/USDT:USDT,0.5756,221.0,0.5755,424.0,0.5757,215.0,0.5758,1751.0
1753592330004,04:58:50.004,phemex,A/USDT:USDT,0.5756,221.0,0.5755,424.0,0.5757,215.0,0.5758,1751.0
1753592332966,04:58:52.966,phemex,A/USDT:USDT,0.5756,221.0,0.5755,424.0,0.5757,215.0,0.5758,1751.0
1753592332986,04:58:52.986,phemex,A/USDT:USDT,0.5756,221.0,0.5755,424.0,0.5757,215.0,0.5758,1751.0
1753592332990,04:58:52.990,phemex,A/USDT:USDT,0.5756,221.0,0.5755,424.0,0.5757,215.0,0.5758,1751.0
1753592333033,04:58:53.033,phemex,A/USDT:USDT,0.5756,221.0,0.5755,424.0,0.5757,215.0,0.5758,1751.0
1753592340267,04:59:00.267,phemex,A/USDT:USDT,0.5756,221.0,0.5755,424.0,0.5757,475.0,0.5758,359.0
1753592340419,04:59:00.419,phemex,A/USDT:USDT,0.5756,221.0,0.5755,424.0,0.5757,260.0,0.5758,359.0
1753592340823,04:59:00.823,phemex,A/USDT:USDT,0.5756,221.0,0.5755,424.0,0.5757,260.0,0.5758,359.0
1753592340873,04:59:00.873,phemex,A/USDT:USDT,0.5756,221.0,0.5755,424.0,0.5757,260.0,0.5758,359.0
1753592342042,04:59:02.042,phemex,A/USDT:USDT,0.5756,221.0,0.5755,424.0,0.5757,482.0,0.5758,359.0
1753592342654,04:59:02.654,phemex,A/USDT:USDT,0.5756,221.0,0.5755,424.0,0.5757,422.0,0.5758,359.0
1753592347520,04:59:07.520,phemex,A/USDT:USDT,0.5756,221.0,0.5755,424.0,0.5757,412.0,0.5758,359.0
1753592355553,04:59:15.553,phemex,A/USDT:USDT,0.5756,221.0,0.5755,424.0,0.5757,190.0,0.5758,359.0
1753592357205,04:59:17.205,phemex,A/USDT:USDT,0.5756,221.0,0.5755,424.0,0.5757,359.0,0.5758,359.0
1753592357205,04:59:17.205,phemex,A/USDT:USDT,0.5756,221.0,0.5755,1071.0,0.5757,359.0,0.5758,359.0
1753592357205,04:59:17.205,phemex,A/USDT:USDT,0.5756,221.0,0.5755,1071.0,0.5757,359.0,0.5758,359.0
1753592361159,04:59:21.159,phemex,A/USDT:USDT,0.5756,221.0,0.5755,1071.0,0.5757,572.0,0.5758,359.0
1753592368496,04:59:28.496,phemex,A/USDT:USDT,0.5756,221.0,0.5755,1071.0,0.5757,359.0,0.5758,359.0
1753592403193,05:00:03.193,phemex,A/USDT:USDT,0.5756,440.0,0.5755,468.0,0.5759,221.0,0.576,221.0
1753592403193,05:00:03.193,phemex,A/USDT:USDT,0.5756,440.0,0.5755,461.0,0.5759,221.0,0.576,221.0
1753592403211,05:00:03.211,phemex,A/USDT:USDT,0.5757,220.0,0.5756,440.0,0.576,221.0,0.5761,1279.0
1753592403267,05:00:03.267,phemex,A/USDT:USDT,0.5757,220.0,0.5756,440.0,0.576,221.0,0.5761,1279.0
1753592403354,05:00:03.354,phemex,A/USDT:USDT,0.5757,220.0,0.5756,440.0,0.576,221.0,0.5761,515.0
1753592403359,05:00:03.359,phemex,A/USDT:USDT,0.5757,220.0,0.5756,440.0,0.576,221.0,0.5761,515.0
1753592403453,05:00:03.453,phemex,A/USDT:USDT,0.5757,220.0,0.5756,440.0,0.576,221.0,0.5761,515.0
1753592404920,05:00:04.920,phemex,A/USDT:USDT,0.5757,220.0,0.5756,440.0,0.576,221.0,0.5761,214.0
1753592404926,05:00:04.926,phemex,A/USDT:USDT,0.5757,220.0,0.5756,440.0,0.576,221.0,0.5761,214.0
1753592404934,05:00:04.934,phemex,A/USDT:USDT,0.5757,220.0,0.5756,440.0,0.5761,214.0,0.5762,368.0
1753592404993,05:00:04.993,phemex,A/USDT:USDT,0.5757,220.0,0.5756,440.0,0.5761,214.0,0.5762,368.0
1753592406831,05:00:06.831,phemex,A/USDT:USDT,0.5757,220.0,0.5756,440.0,0.5761,214.0,0.5762,368.0
1753592410267,05:00:10.267,phemex,A/USDT:USDT,0.5758,236.0,0.5757,727.0,0.576,674.0,0.5761,214.0
1753592410311,05:00:10.311,phemex,A/USDT:USDT,0.5759,220.0,0.5758,456.0,0.576,674.0,0.5761,214.0
1753592411191,05:00:11.191,phemex,A/USDT:USDT,0.5758,456.0,0.5757,727.0,0.576,674.0,0.5761,214.0
1753592411265,05:00:11.265,phemex,A/USDT:USDT,0.5758,456.0,0.5757,727.0,0.576,674.0,0.5761,214.0
1753592411640,05:00:11.640,phemex,A/USDT:USDT,0.5758,456.0,0.5757,727.0,0.576,674.0,0.5761,214.0
1753592411654,05:00:11.654,phemex,A/USDT:USDT,0.5758,456.0,0.5757,727.0,0.576,674.0,0.5761,214.0
1753592412834,05:00:12.834,phemex,A/USDT:USDT,0.5758,456.0,0.5757,727.0,0.5759,220.0,0.576,674.0
1753592415257,05:00:15.257,phemex,A/USDT:USDT,0.5758,220.0,0.5757,727.0,0.576,674.0,0.5761,214.0
1753592415284,05:00:15.284,phemex,A/USDT:USDT,0.5758,220.0,0.5757,727.0,0.576,674.0,0.5761,214.0
1753592415500,05:00:15.500,phemex,A/USDT:USDT,0.5758,220.0,0.5757,727.0,0.5759,220.0,0.576,674.0
1753592416196,05:00:16.196,phemex,A/USDT:USDT,0.5758,554.0,0.5757,368.0,0.5759,402.0,0.576,222.0
1753592416219,05:00:16.219,phemex,A/USDT:USDT,0.5758,554.0,0.5757,368.0,0.5759,402.0,0.576,442.0
1753592417002,05:00:17.002,phemex,A/USDT:USDT,0.5758,554.0,0.5757,368.0,0.5759,402.0,0.576,442.0
1753592417050,05:00:17.050,phemex,A/USDT:USDT,0.5758,554.0,0.5757,368.0,0.5759,402.0,0.576,442.0
1753592418178,05:00:18.178,phemex,A/USDT:USDT,0.5758,554.0,0.5757,368.0,0.5759,402.0,0.576,442.0
1753592418210,05:00:18.210,phemex,A/USDT:USDT,0.5758,554.0,0.5757,368.0,0.5759,402.0,0.576,442.0
1753592420052,05:00:20.052,phemex,A/USDT:USDT,0.5758,554.0,0.5757,368.0,0.5759,402.0,0.576,442.0
1753592420098,05:00:20.098,phemex,A/USDT:USDT,0.5758,554.0,0.5757,368.0,0.5759,402.0,0.576,442.0
1753592423160,05:00:23.160,phemex,A/USDT:USDT,0.5758,554.0,0.5757,368.0,0.5759,182.0,0.576,442.0
1753592423188,05:00:23.188,phemex,A/USDT:USDT,0.5758,554.0,0.5757,368.0,0.5759,182.0,0.576,442.0
1753592423189,05:00:23.189,phemex,A/USDT:USDT,0.5758,554.0,0.5757,368.0,0.576,442.0,0.5761,214.0
1753592423222,05:00:23.222,phemex,A/USDT:USDT,0.5758,554.0,0.5757,368.0,0.576,442.0,0.5761,214.0
1753592426522,05:00:26.522,phemex,A/USDT:USDT,0.5759,212.0,0.5758,554.0,0.576,442.0,0.5761,214.0
1753592426557,05:00:26.557,phemex,A/USDT:USDT,0.5759,212.0,0.5758,372.0,0.576,442.0,0.5761,214.0
1753592428354,05:00:28.354,phemex,A/USDT:USDT,0.5759,212.0,0.5758,372.0,0.576,632.0,0.5761,362.0
1753592429017,05:00:29.017,phemex,A/USDT:USDT,0.5759,212.0,0.5758,372.0,0.576,410.0,0.5761,362.0
1753592429094,05:00:29.094,phemex,A/USDT:USDT,0.5759,212.0,0.5758,372.0,0.576,433.0,0.5761,581.0
1753592429264,05:00:29.264,phemex,A/USDT:USDT,0.5759,212.0,0.5758,372.0,0.576,433.0,0.5761,581.0
1753592429291,05:00:29.291,phemex,A/USDT:USDT,0.5759,212.0,0.5758,372.0,0.576,433.0,0.5761,581.0
1753592429346,05:00:29.346,phemex,A/USDT:USDT,0.5759,212.0,0.5758,372.0,0.576,433.0,0.5761,581.0
1753592429388,05:00:29.388,phemex,A/USDT:USDT,0.5759,212.0,0.5758,372.0,0.576,433.0,0.5761,581.0
1753592431558,05:00:31.558,phemex,A/USDT:USDT,0.5759,519.0,0.5758,523.0,0.576,433.0,0.5761,581.0
1753592431585,05:00:31.585,phemex,A/USDT:USDT,0.5759,519.0,0.5758,523.0,0.576,433.0,0.5761,581.0
1753592434253,05:00:34.253,phemex,A/USDT:USDT,0.5759,519.0,0.5758,523.0,0.576,433.0,0.5761,581.0
1753592434261,05:00:34.261,phemex,A/USDT:USDT,0.5759,519.0,0.5758,523.0,0.576,433.0,0.5761,581.0
1753592436703,05:00:36.703,phemex,A/USDT:USDT,0.5759,519.0,0.5758,523.0,0.576,83.0,0.5761,581.0
1753592440839,05:00:40.839,phemex,A/USDT:USDT,0.5759,519.0,0.5758,523.0,0.576,13.0,0.5761,581.0
1753592440966,05:00:40.966,phemex,A/USDT:USDT,0.5759,519.0,0.5758,523.0,0.576,230.0,0.5761,581.0
1753592449766,05:00:49.766,phemex,A/USDT:USDT,0.5759,519.0,0.5758,523.0,0.576,224.0,0.5761,581.0
1753592466128,05:01:06.128,phemex,A/USDT:USDT,0.5759,519.0,0.5758,523.0,0.576,220.0,0.5761,581.0
1753592476704,05:01:16.704,phemex,A/USDT:USDT,0.5759,519.0,0.5758,523.0,0.576,217.0,0.5761,581.0
1753592478619,05:01:18.619,phemex,A/USDT:USDT,0.5759,519.0,0.5758,523.0,0.5761,581.0,0.5762,677.0
1753592478642,05:01:18.642,phemex,A/USDT:USDT,0.576,219.0,0.5759,519.0,0.5761,581.0,0.5762,677.0
1753592478675,05:01:18.675,phemex,A/USDT:USDT,0.576,219.0,0.5759,714.0,0.5761,755.0,0.5762,220.0
1753592478696,05:01:18.696,phemex,A/USDT:USDT,0.576,219.0,0.5759,407.0,0.5761,755.0,0.5762,220.0
1753592478696,05:01:18.696,phemex,A/USDT:USDT,0.576,219.0,0.5759,564.0,0.5761,755.0,0.5762,220.0
1753592478722,05:01:18.722,phemex,A/USDT:USDT,0.576,219.0,0.5759,564.0,0.5761,541.0,0.5762,220.0
1753592478841,05:01:18.841,phemex,A/USDT:USDT,0.576,219.0,0.5759,564.0,0.5761,541.0,0.5762,220.0
1753592478841,05:01:18.841,phemex,A/USDT:USDT,0.576,219.0,0.5759,564.0,0.5761,541.0,0.5762,220.0
1753592478908,05:01:18.908,phemex,A/USDT:USDT,0.576,219.0,0.5759,564.0,0.5761,541.0,0.5762,220.0
1753592478908,05:01:18.908,phemex,A/USDT:USDT,0.576,219.0,0.5759,564.0,0.5761,541.0,0.5762,220.0
1753592482234,05:01:22.234,phemex,A/USDT:USDT,0.576,219.0,0.5759,564.0,0.5761,541.0,0.5762,220.0
1753592483801,05:01:23.801,phemex,A/USDT:USDT,0.576,219.0,0.5759,713.0,0.5761,541.0,0.5762,220.0
1753592484171,05:01:24.171,phemex,A/USDT:USDT,0.576,219.0,0.5759,913.0,0.5761,541.0,0.5762,220.0
1753592484678,05:01:24.678,phemex,A/USDT:USDT,0.576,219.0,0.5759,913.0,0.5761,521.0,0.5762,220.0
1753592492438,05:01:32.438,phemex,A/USDT:USDT,0.576,440.0,0.5759,460.0,0.5762,541.0,0.5763,759.0
1753592492445,05:01:32.445,phemex,A/USDT:USDT,0.576,440.0,0.5759,460.0,0.5762,541.0,0.5763,213.0
1753592492453,05:01:32.453,phemex,A/USDT:USDT,0.5761,220.0,0.576,440.0,0.5762,541.0,0.5763,213.0
1753592494852,05:01:34.852,phemex,A/USDT:USDT,0.5761,220.0,0.576,440.0,0.5762,321.0,0.5763,213.0
1753592497209,05:01:37.209,phemex,A/USDT:USDT,0.5761,220.0,0.576,440.0,0.5762,537.0,0.5763,213.0
1753592498684,05:01:38.684,phemex,A/USDT:USDT,0.5761,575.0,0.576,604.0,0.5762,537.0,0.5763,213.0
1753592498981,05:01:38.981,phemex,A/USDT:USDT,0.5761,575.0,0.576,604.0,0.5762,321.0,0.5763,213.0
1753592499324,05:01:39.324,phemex,A/USDT:USDT,0.5761,575.0,0.576,604.0,0.5762,321.0,0.5763,213.0
1753592502680,05:01:42.680,phemex,A/USDT:USDT,0.5761,575.0,0.576,604.0,0.5762,321.0,0.5763,213.0
1753592502727,05:01:42.727,phemex,A/USDT:USDT,0.5761,575.0,0.576,604.0,0.5762,321.0,0.5763,213.0
1753592502858,05:01:42.858,phemex,A/USDT:USDT,0.5761,575.0,0.576,604.0,0.5763,213.0,0.5764,220.0
1753592502860,05:01:42.860,phemex,A/USDT:USDT,0.5761,575.0,0.576,604.0,0.5763,213.0,0.5764,220.0
1753592502874,05:01:42.874,phemex,A/USDT:USDT,0.5762,216.0,0.5761,575.0,0.5764,220.0,0.5765,1055.0
1753592502934,05:01:42.934,phemex,A/USDT:USDT,0.5762,216.0,0.5761,575.0,0.5764,220.0,0.5765,1055.0
1753592502952,05:01:42.952,phemex,A/USDT:USDT,0.5762,216.0,0.5761,575.0,0.5764,220.0,0.5765,1055.0
1753592502989,05:01:42.989,phemex,A/USDT:USDT,0.5762,216.0,0.5761,575.0,0.5764,220.0,0.5765,1055.0
1753592503058,05:01:43.058,phemex,A/USDT:USDT,0.5762,216.0,0.5761,575.0,0.5764,220.0,0.5765,1055.0
1753592503730,05:01:43.730,phemex,A/USDT:USDT,0.5762,377.0,0.5761,615.0,0.5764,220.0,0.5765,1055.0
1753592504361,05:01:44.361,phemex,A/USDT:USDT,0.5762,377.0,0.5761,615.0,0.5764,220.0,0.5765,1055.0
1753592504390,05:01:44.390,phemex,A/USDT:USDT,0.5762,377.0,0.5761,615.0,0.5764,220.0,0.5765,1055.0
1753592505635,05:01:45.635,phemex,A/USDT:USDT,0.5763,216.0,0.5762,377.0,0.5764,220.0,0.5765,1055.0
1753592505679,05:01:45.679,phemex,A/USDT:USDT,0.5763,216.0,0.5762,377.0,0.5764,451.0,0.5765,620.0
1753592505684,05:01:45.684,phemex,A/USDT:USDT,0.5763,216.0,0.5762,377.0,0.5764,451.0,0.5765,457.0
1753592505733,05:01:45.733,phemex,A/USDT:USDT,0.5763,216.0,0.5762,377.0,0.5764,451.0,0.5765,457.0
1753592507193,05:01:47.193,phemex,A/USDT:USDT,0.5763,216.0,0.5762,377.0,0.5764,451.0,0.5765,457.0
1753592507231,05:01:47.231,phemex,A/USDT:USDT,0.5763,216.0,0.5762,377.0,0.5764,451.0,0.5765,457.0
1753592507451,05:01:47.451,phemex,A/USDT:USDT,0.5763,216.0,0.5762,377.0,0.5764,451.0,0.5765,457.0
1753592507472,05:01:47.472,phemex,A/USDT:USDT,0.5763,216.0,0.5762,377.0,0.5764,451.0,0.5765,457.0
1753592508157,05:01:48.157,phemex,A/USDT:USDT,0.5763,216.0,0.5762,377.0,0.5764,231.0,0.5765,457.0
1753592508270,05:01:48.270,phemex,A/USDT:USDT,0.5763,216.0,0.5762,377.0,0.5764,231.0,0.5765,457.0
1753592509062,05:01:49.062,phemex,A/USDT:USDT,0.5763,467.0,0.5762,787.0,0.5764,231.0,0.5765,457.0
1753592509234,05:01:49.234,phemex,A/USDT:USDT,0.5763,467.0,0.5762,787.0,0.5764,443.0,0.5765,457.0
1753592509496,05:01:49.496,phemex,A/USDT:USDT,0.5763,216.0,0.5762,216.0,0.5764,443.0,0.5765,457.0
1753592509552,05:01:49.552,phemex,A/USDT:USDT,0.5762,216.0,0.5761,220.0,0.5764,443.0,0.5765,457.0
1753592509599,05:01:49.599,phemex,A/USDT:USDT,0.5762,216.0,0.5761,220.0,0.5763,212.0,0.5764,443.0
1753592509642,05:01:49.642,phemex,A/USDT:USDT,0.5761,220.0,0.576,1412.0,0.5763,212.0,0.5764,443.0
1753592510655,05:01:50.655,phemex,A/USDT:USDT,0.5761,478.0,0.576,426.0,0.5763,212.0,0.5764,443.0
1753592510672,05:01:50.672,phemex,A/USDT:USDT,0.5761,258.0,0.576,426.0,0.5763,212.0,0.5764,443.0
1753592510704,05:01:50.704,phemex,A/USDT:USDT,0.5761,258.0,0.576,426.0,0.5762,320.0,0.5763,642.0
1753592510778,05:01:50.778,phemex,A/USDT:USDT,0.5761,258.0,0.576,426.0,0.5762,532.0,0.5763,642.0
1753592511006,05:01:51.006,phemex,A/USDT:USDT,0.5761,258.0,0.576,426.0,0.5762,532.0,0.5763,642.0
1753592511042,05:01:51.042,phemex,A/USDT:USDT,0.5761,258.0,0.576,426.0,0.5762,532.0,0.5763,642.0
1753592511386,05:01:51.386,phemex,A/USDT:USDT,0.576,426.0,0.5759,212.0,0.5762,532.0,0.5763,642.0
1753592511447,05:01:51.447,phemex,A/USDT:USDT,0.576,426.0,0.5759,212.0,0.5761,212.0,0.5762,532.0
1753592511470,05:01:51.470,phemex,A/USDT:USDT,0.576,426.0,0.5759,212.0,0.5761,212.0,0.5762,532.0
1753592511974,05:01:51.974,phemex,A/USDT:USDT,0.576,426.0,0.5759,212.0,0.5762,532.0,0.5763,642.0
1753592511987,05:01:51.987,phemex,A/USDT:USDT,0.576,426.0,0.5759,212.0,0.5762,532.0,0.5763,642.0
1753592512293,05:01:52.293,phemex,A/USDT:USDT,0.576,426.0,0.5759,212.0,0.5762,532.0,0.5763,642.0
1753592513381,05:01:53.381,phemex,A/USDT:USDT,0.576,426.0,0.5759,212.0,0.5762,462.0,0.5763,642.0
1753592514196,05:01:54.196,phemex,A/USDT:USDT,0.576,426.0,0.5759,212.0,0.5761,212.0,0.5762,462.0
1753592515786,05:01:55.786,phemex,A/USDT:USDT,0.576,426.0,0.5759,212.0,0.5761,411.0,0.5762,793.0
1753592515889,05:01:55.889,phemex,A/USDT:USDT,0.576,426.0,0.5759,212.0,0.5761,212.0,0.5762,430.0
1753592515936,05:01:55.936,phemex,A/USDT:USDT,0.576,207.0,0.5759,212.0,0.5761,212.0,0.5762,430.0
1753592516395,05:01:56.395,phemex,A/USDT:USDT,0.576,441.0,0.5759,453.0,0.5761,212.0,0.5762,430.0
1753592517044,05:01:57.044,phemex,A/USDT:USDT,0.576,441.0,0.5759,453.0,0.5761,212.0,0.5762,430.0
1753592517051,05:01:57.051,phemex,A/USDT:USDT,0.576,441.0,0.5759,453.0,0.5761,212.0,0.5762,430.0
1753592517178,05:01:57.178,phemex,A/USDT:USDT,0.576,441.0,0.5759,453.0,0.5761,212.0,0.5762,430.0
1753592521021,05:02:01.021,phemex,A/USDT:USDT,0.576,441.0,0.5759,453.0,0.5761,581.0,0.5762,628.0
1753592521907,05:02:01.907,phemex,A/USDT:USDT,0.5758,220.0,0.5757,1066.0,0.5761,581.0,0.5762,628.0
1753592522026,05:02:02.026,phemex,A/USDT:USDT,0.5758,220.0,0.5757,1066.0,0.5761,581.0,0.5762,628.0
1753592522080,05:02:02.080,phemex,A/USDT:USDT,0.5758,220.0,0.5757,1066.0,0.5761,581.0,0.5762,628.0
1753592522106,05:02:02.106,phemex,A/USDT:USDT,0.5758,477.0,0.5757,365.0,0.576,218.0,0.5761,581.0
1753592522210,05:02:02.210,phemex,A/USDT:USDT,0.5758,257.0,0.5757,365.0,0.576,218.0,0.5761,581.0
1753592522247,05:02:02.247,phemex,A/USDT:USDT,0.5758,257.0,0.5757,365.0,0.576,218.0,0.5761,581.0
1753592523022,05:02:03.022,phemex,A/USDT:USDT,0.5758,154.0,0.5757,365.0,0.576,218.0,0.5761,581.0
1753592523696,05:02:03.696,phemex,A/USDT:USDT,0.5757,153.0,0.5756,221.0,0.576,218.0,0.5761,581.0
1753592525270,05:02:05.270,phemex,A/USDT:USDT,0.5757,153.0,0.5756,221.0,0.576,218.0,0.5761,581.0
1753592525419,05:02:05.419,phemex,A/USDT:USDT,0.5757,153.0,0.5756,221.0,0.576,218.0,0.5761,581.0
1753592525505,05:02:05.505,phemex,A/USDT:USDT,0.5757,153.0,0.5756,221.0,0.576,218.0,0.5761,581.0
1753592525514,05:02:05.514,phemex,A/USDT:USDT,0.5757,153.0,0.5756,221.0,0.576,218.0,0.5761,581.0
1753592525573,05:02:05.573,phemex,A/USDT:USDT,0.5757,153.0,0.5756,221.0,0.576,218.0,0.5761,581.0
1753592525729,05:02:05.729,phemex,A/USDT:USDT,0.5757,153.0,0.5756,221.0,0.576,218.0,0.5761,581.0
1753592525884,05:02:05.884,phemex,A/USDT:USDT,0.5757,153.0,0.5756,221.0,0.576,218.0,0.5761,581.0
1753592526038,05:02:06.038,phemex,A/USDT:USDT,0.5757,371.0,0.5756,221.0,0.576,218.0,0.5761,581.0
1753592526048,05:02:06.048,phemex,A/USDT:USDT,0.5757,153.0,0.5756,221.0,0.576,218.0,0.5761,581.0
1753592526189,05:02:06.189,phemex,A/USDT:USDT,0.5757,153.0,0.5756,221.0,0.576,218.0,0.5761,581.0
1753592526394,05:02:06.394,phemex,A/USDT:USDT,0.5757,153.0,0.5756,221.0,0.5758,403.0,0.5759,616.0
1753592526498,05:02:06.498,phemex,A/USDT:USDT,0.5757,371.0,0.5756,221.0,0.5758,403.0,0.5759,616.0
1753592526504,05:02:06.504,phemex,A/USDT:USDT,0.5757,153.0,0.5756,221.0,0.5758,403.0,0.5759,616.0
1753592526644,05:02:06.644,phemex,A/USDT:USDT,0.5757,153.0,0.5756,221.0,0.5758,403.0,0.5759,616.0
1753592526654,05:02:06.654,phemex,A/USDT:USDT,0.5757,153.0,0.5756,221.0,0.5758,403.0,0.5759,616.0
1753592526814,05:02:06.814,phemex,A/USDT:USDT,0.5757,153.0,0.5756,221.0,0.5758,403.0,0.5759,616.0
1753592526962,05:02:06.962,phemex,A/USDT:USDT,0.5757,153.0,0.5756,221.0,0.5758,403.0,0.5759,616.0
1753592527118,05:02:07.118,phemex,A/USDT:USDT,0.5757,153.0,0.5756,221.0,0.5758,403.0,0.5759,616.0
1753592527269,05:02:07.269,phemex,A/USDT:USDT,0.5757,153.0,0.5756,221.0,0.5758,403.0,0.5759,616.0
1753592527577,05:02:07.577,phemex,A/USDT:USDT,0.5757,371.0,0.5756,221.0,0.5758,403.0,0.5759,616.0
1753592527582,05:02:07.582,phemex,A/USDT:USDT,0.5757,153.0,0.5756,221.0,0.5758,403.0,0.5759,616.0
1753592527742,05:02:07.742,phemex,A/USDT:USDT,0.5757,153.0,0.5756,221.0,0.5758,403.0,0.5759,616.0
1753592527895,05:02:07.895,phemex,A/USDT:USDT,0.5757,371.0,0.5756,221.0,0.5758,403.0,0.5759,616.0
1753592527901,05:02:07.901,phemex,A/USDT:USDT,0.5757,153.0,0.5756,221.0,0.5758,403.0,0.5759,616.0
1753592527983,05:02:07.983,phemex,A/USDT:USDT,0.5757,121.0,0.5756,221.0,0.5758,403.0,0.5759,616.0
1753592528051,05:02:08.051,phemex,A/USDT:USDT,0.5757,121.0,0.5756,221.0,0.5758,403.0,0.5759,616.0
1753592528207,05:02:08.207,phemex,A/USDT:USDT,0.5757,121.0,0.5756,221.0,0.5758,403.0,0.5759,616.0
1753592531445,05:02:11.445,phemex,A/USDT:USDT,0.5757,121.0,0.5756,221.0,0.5758,403.0,0.5759,616.0
1753592531675,05:02:11.675,phemex,A/USDT:USDT,0.5757,121.0,0.5756,221.0,0.5758,403.0,0.5759,616.0
1753592532673,05:02:12.673,phemex,A/USDT:USDT,0.5757,121.0,0.5755,1220.0,0.5758,403.0,0.5759,616.0
1753592533348,05:02:13.348,phemex,A/USDT:USDT,0.5757,112.0,0.5755,1220.0,0.5758,403.0,0.5759,616.0
1753592534354,05:02:14.354,phemex,A/USDT:USDT,0.5756,222.0,0.5755,216.0,0.5757,607.0,0.5758,403.0
1753592534372,05:02:14.372,phemex,A/USDT:USDT,0.5756,222.0,0.5755,216.0,0.5757,607.0,0.5758,621.0
1753592536245,05:02:16.245,phemex,A/USDT:USDT,0.5756,222.0,0.5755,216.0,0.5757,607.0,0.5758,621.0
1753592536251,05:02:16.251,phemex,A/USDT:USDT,0.5756,222.0,0.5755,216.0,0.5757,607.0,0.5758,621.0
1753592536750,05:02:16.750,phemex,A/USDT:USDT,0.5756,441.0,0.5755,216.0,0.5757,607.0,0.5758,621.0
1753592536812,05:02:16.812,phemex,A/USDT:USDT,0.5756,441.0,0.5755,216.0,0.5757,218.0,0.5758,218.0
1753592536828,05:02:16.828,phemex,A/USDT:USDT,0.5756,441.0,0.5755,216.0,0.5758,218.0,0.5759,218.0
1753592536853,05:02:16.853,phemex,A/USDT:USDT,0.5756,441.0,0.5755,216.0,0.5759,218.0,0.576,785.0
1753592536853,05:02:16.853,phemex,A/USDT:USDT,0.5756,441.0,0.5755,216.0,0.5759,218.0,0.576,785.0
1753592540144,05:02:20.144,phemex,A/USDT:USDT,0.5756,687.0,0.5755,386.0,0.5759,218.0,0.576,785.0
1753592541044,05:02:21.044,phemex,A/USDT:USDT,0.5756,687.0,0.5755,386.0,0.5759,218.0,0.576,785.0
1753592541052,05:02:21.052,phemex,A/USDT:USDT,0.5756,687.0,0.5755,386.0,0.5759,218.0,0.576,785.0
1753592541406,05:02:21.406,phemex,A/USDT:USDT,0.5756,680.0,0.5755,386.0,0.5759,218.0,0.576,785.0
1753592544236,05:02:24.236,phemex,A/USDT:USDT,0.5757,219.0,0.5756,680.0,0.5759,218.0,0.576,785.0
1753592545851,05:02:25.851,phemex,A/USDT:USDT,0.5757,219.0,0.5756,680.0,0.5759,218.0,0.576,785.0
1753592546794,05:02:26.794,phemex,A/USDT:USDT,0.5756,680.0,0.5755,386.0,0.5759,218.0,0.576,785.0
1753592546829,05:02:26.829,phemex,A/USDT:USDT,0.5756,680.0,0.5755,386.0,0.5759,218.0,0.576,785.0
1753592548870,05:02:28.870,phemex,A/USDT:USDT,0.5756,680.0,0.5755,386.0,0.5757,241.0,0.5758,563.0
1753592548920,05:02:28.920,phemex,A/USDT:USDT,0.5756,680.0,0.5755,386.0,0.5757,455.0,0.5758,777.0
1753592549432,05:02:29.432,phemex,A/USDT:USDT,0.5756,680.0,0.5755,386.0,0.5757,214.0,0.5758,214.0
1753592549451,05:02:29.451,phemex,A/USDT:USDT,0.5756,680.0,0.5755,386.0,0.5758,214.0,0.5759,361.0
1753592549472,05:02:29.472,phemex,A/USDT:USDT,0.5756,680.0,0.5755,386.0,0.5758,214.0,0.5759,361.0
1753592549660,05:02:29.660,phemex,A/USDT:USDT,0.5757,214.0,0.5756,680.0,0.5758,214.0,0.5759,361.0
1753592553655,05:02:33.655,phemex,A/USDT:USDT,0.5757,214.0,0.5756,680.0,0.5759,361.0,0.576,860.0
1753592553682,05:02:33.682,phemex,A/USDT:USDT,0.5757,214.0,0.5756,906.0,0.5759,361.0,0.576,860.0
1753592553682,05:02:33.682,phemex,A/USDT:USDT,0.5757,366.0,0.5756,906.0,0.5759,361.0,0.576,860.0
1753592553758,05:02:33.758,phemex,A/USDT:USDT,0.5757,366.0,0.5756,906.0,0.5759,361.0,0.576,860.0
1753592553847,05:02:33.847,phemex,A/USDT:USDT,0.5757,366.0,0.5756,906.0,0.5759,361.0,0.576,860.0
1753592553889,05:02:33.889,phemex,A/USDT:USDT,0.5757,366.0,0.5756,906.0,0.5759,361.0,0.576,860.0
1753592553941,05:02:33.941,phemex,A/USDT:USDT,0.5758,214.0,0.5757,366.0,0.5759,361.0,0.576,860.0
1753592554055,05:02:34.055,phemex,A/USDT:USDT,0.5758,214.0,0.5757,366.0,0.5759,525.0,0.576,860.0
1753592554056,05:02:34.056,phemex,A/USDT:USDT,0.5758,214.0,0.5757,366.0,0.5759,525.0,0.576,412.0
1753592556816,05:02:36.816,phemex,A/USDT:USDT,0.5757,366.0,0.5756,906.0,0.5759,525.0,0.576,412.0
1753592556836,05:02:36.836,phemex,A/USDT:USDT,0.5757,366.0,0.5756,906.0,0.5759,525.0,0.576,412.0
1753592557017,05:02:37.017,phemex,A/USDT:USDT,0.5758,217.0,0.5757,366.0,0.5759,525.0,0.576,412.0
1753592557262,05:02:37.262,phemex,A/USDT:USDT,0.5757,366.0,0.5756,906.0,0.5759,525.0,0.576,412.0
1753592557568,05:02:37.568,phemex,A/USDT:USDT,0.5755,216.0,0.5754,1237.0,0.5758,217.0,0.5759,525.0
1753592557857,05:02:37.857,phemex,A/USDT:USDT,0.5755,216.0,0.5754,1237.0,0.5758,217.0,0.5759,525.0
1753592559397,05:02:39.397,phemex,A/USDT:USDT,0.5755,216.0,0.5754,1237.0,0.5757,736.0,0.5758,217.0
1753592562653,05:02:42.653,phemex,A/USDT:USDT,0.5755,216.0,0.5754,1237.0,0.5757,736.0,0.5758,217.0
1753592564065,05:02:44.065,phemex,A/USDT:USDT,0.5755,216.0,0.5754,1237.0,0.5757,729.0,0.5758,217.0
1753592564688,05:02:44.688,phemex,A/USDT:USDT,0.5755,216.0,0.5754,1237.0,0.5756,217.0,0.5757,729.0
1753592564739,05:02:44.739,phemex,A/USDT:USDT,0.5755,605.0,0.5754,218.0,0.5756,217.0,0.5757,729.0
1753592567445,05:02:47.445,phemex,A/USDT:USDT,0.5755,605.0,0.5754,218.0,0.5756,217.0,0.5757,729.0
1753592567574,05:02:47.574,phemex,A/USDT:USDT,0.5755,605.0,0.5754,218.0,0.5756,217.0,0.5757,729.0
1753592569581,05:02:49.581,phemex,A/USDT:USDT,0.5755,605.0,0.5754,218.0,0.5757,729.0,0.5758,217.0
1753592569629,05:02:49.629,phemex,A/USDT:USDT,0.5755,605.0,0.5754,218.0,0.5757,729.0,0.5758,217.0
1753592569672,05:02:49.672,phemex,A/USDT:USDT,0.5756,214.0,0.5755,605.0,0.5757,729.0,0.5758,217.0
1753592571501,05:02:51.501,phemex,A/USDT:USDT,0.5755,605.0,0.5754,218.0,0.5757,724.0,0.5758,217.0
1753592571518,05:02:51.518,phemex,A/USDT:USDT,0.5755,605.0,0.5754,218.0,0.5757,724.0,0.5758,217.0
1753592572254,05:02:52.254,phemex,A/USDT:USDT,0.5755,605.0,0.5754,218.0,0.5757,724.0,0.5758,217.0
1753592573777,05:02:53.777,phemex,A/USDT:USDT,0.5755,605.0,0.5754,218.0,0.5756,214.0,0.5757,724.0
1753592576685,05:02:56.685,phemex,A/USDT:USDT,0.5755,605.0,0.5754,218.0,0.5756,214.0,0.5757,724.0
1753592576705,05:02:56.705,phemex,A/USDT:USDT,0.5755,605.0,0.5754,218.0,0.5756,214.0,0.5757,724.0
1753592576762,05:02:56.762,phemex,A/USDT:USDT,0.5755,605.0,0.5754,218.0,0.5756,214.0,0.5757,724.0
1753592579699,05:02:59.699,phemex,A/USDT:USDT,0.5755,389.0,0.5754,218.0,0.5756,426.0,0.5757,229.0
1753592579721,05:02:59.721,phemex,A/USDT:USDT,0.5755,389.0,0.5754,218.0,0.5756,426.0,0.5757,442.0
1753592579802,05:02:59.802,phemex,A/USDT:USDT,0.5755,389.0,0.5754,218.0,0.5756,426.0,0.5757,442.0
1753592580931,05:03:00.931,phemex,A/USDT:USDT,0.5755,389.0,0.5754,218.0,0.5756,214.0,0.5757,631.0
1753592581043,05:03:01.043,phemex,A/USDT:USDT,0.5755,389.0,0.5754,218.0,0.5757,631.0,0.5758,467.0
1753592581088,05:03:01.088,phemex,A/USDT:USDT,0.5756,213.0,0.5755,389.0,0.5757,631.0,0.5758,467.0
1753592582665,05:03:02.665,phemex,A/USDT:USDT,0.5756,624.0,0.5755,389.0,0.5757,631.0,0.5758,467.0
1753592582690,05:03:02.690,phemex,A/USDT:USDT,0.5756,624.0,0.5755,602.0,0.5757,631.0,0.5758,467.0
1753592584445,05:03:04.445,phemex,A/USDT:USDT,0.5756,624.0,0.5755,602.0,0.5757,631.0,0.5758,467.0
1753592584452,05:03:04.452,phemex,A/USDT:USDT,0.5756,624.0,0.5755,602.0,0.5757,631.0,0.5758,467.0
1753592586908,05:03:06.908,phemex,A/USDT:USDT,0.5756,411.0,0.5755,602.0,0.5757,631.0,0.5758,467.0
1753592587063,05:03:07.063,phemex,A/USDT:USDT,0.5755,213.0,0.5754,218.0,0.5757,631.0,0.5758,467.0
1753592587077,05:03:07.077,phemex,A/USDT:USDT,0.5754,218.0,0.5753,1786.0,0.5757,631.0,0.5758,467.0
1753592587116,05:03:07.116,phemex,A/USDT:USDT,0.5754,218.0,0.5753,1786.0,0.5757,631.0,0.5758,467.0
1753592587357,05:03:07.357,phemex,A/USDT:USDT,0.5754,218.0,0.5753,1786.0,0.5756,219.0,0.5757,631.0
1753592588818,05:03:08.818,phemex,A/USDT:USDT,0.5754,218.0,0.5753,1786.0,0.5756,219.0,0.5757,631.0
1753592588840,05:03:08.840,phemex,A/USDT:USDT,0.5754,218.0,0.5753,1786.0,0.5756,219.0,0.5757,631.0
1753592589245,05:03:09.245,phemex,A/USDT:USDT,0.5754,218.0,0.5753,1786.0,0.5756,219.0,0.5757,631.0
1753592589254,05:03:09.254,phemex,A/USDT:USDT,0.5754,218.0,0.5753,1786.0,0.5756,219.0,0.5757,631.0
1753592589770,05:03:09.770,phemex,A/USDT:USDT,0.5754,218.0,0.5753,1786.0,0.5756,640.0,0.5757,631.0
1753592589957,05:03:09.957,phemex,A/USDT:USDT,0.5754,218.0,0.5753,1786.0,0.5755,219.0,0.5756,640.0
1753592589988,05:03:09.988,phemex,A/USDT:USDT,0.5754,218.0,0.5753,604.0,0.5755,219.0,0.5756,640.0
1753592590034,05:03:10.034,phemex,A/USDT:USDT,0.5754,218.0,0.5753,604.0,0.5756,219.0,0.5757,378.0
1753592590064,05:03:10.064,phemex,A/USDT:USDT,0.5754,218.0,0.5753,604.0,0.5756,219.0,0.5757,378.0
1753592591669,05:03:11.669,phemex,A/USDT:USDT,0.5754,218.0,0.5753,604.0,0.5756,219.0,0.5757,378.0
1753592591688,05:03:11.688,phemex,A/USDT:USDT,0.5754,218.0,0.5753,604.0,0.5756,219.0,0.5757,378.0
1753592594068,05:03:14.068,phemex,A/USDT:USDT,0.5754,218.0,0.5753,604.0,0.5756,219.0,0.5757,378.0
1753592594994,05:03:14.994,phemex,A/USDT:USDT,0.5755,589.0,0.5754,359.0,0.5756,219.0,0.5757,378.0
1753592595137,05:03:15.137,phemex,A/USDT:USDT,0.5755,589.0,0.5754,359.0,0.5757,378.0,0.5758,217.0
1753592595181,05:03:15.181,phemex,A/USDT:USDT,0.5756,219.0,0.5755,589.0,0.5757,672.0,0.5758,217.0
1753592595550,05:03:15.550,phemex,A/USDT:USDT,0.5755,589.0,0.5754,359.0,0.5756,219.0,0.5757,672.0
1753592598847,05:03:18.847,phemex,A/USDT:USDT,0.5755,589.0,0.5754,359.0,0.5756,219.0,0.5757,672.0
1753592598847,05:03:18.847,phemex,A/USDT:USDT,0.5755,589.0,0.5754,359.0,0.5756,219.0,0.5757,672.0
1753592598855,05:03:18.855,phemex,A/USDT:USDT,0.5755,589.0,0.5754,359.0,0.5756,219.0,0.5757,672.0
1753592600967,05:03:20.967,phemex,A/USDT:USDT,0.5755,589.0,0.5754,359.0,0.5756,362.0,0.5757,636.0
1753592602271,05:03:22.271,phemex,A/USDT:USDT,0.5755,585.0,0.5754,359.0,0.5756,362.0,0.5757,636.0
1753592602346,05:03:22.346,phemex,A/USDT:USDT,0.5755,585.0,0.5754,359.0,0.5756,219.0,0.5757,683.0
1753592602413,05:03:22.413,phemex,A/USDT:USDT,0.5755,585.0,0.5754,359.0,0.5757,683.0,0.5758,379.0
1753592602435,05:03:22.435,phemex,A/USDT:USDT,0.5755,585.0,0.5754,359.0,0.5757,683.0,0.5758,379.0
1753592602623,05:03:22.623,phemex,A/USDT:USDT,0.5755,585.0,0.5754,359.0,0.5756,215.0,0.5757,683.0
1753592603652,05:03:23.652,phemex,A/USDT:USDT,0.5755,585.0,0.5754,359.0,0.5756,215.0,0.5757,683.0
1753592604152,05:03:24.152,phemex,A/USDT:USDT,0.5755,585.0,0.5754,359.0,0.5757,683.0,0.5758,379.0
1753592604236,05:03:24.236,phemex,A/USDT:USDT,0.5755,585.0,0.5754,359.0,0.5757,683.0,0.5758,379.0
1753592604558,05:03:24.558,phemex,A/USDT:USDT,0.5756,215.0,0.5755,585.0,0.5757,683.0,0.5758,379.0
1753592604696,05:03:24.696,phemex,A/USDT:USDT,0.5755,585.0,0.5754,359.0,0.5757,683.0,0.5758,379.0
1753592604721,05:03:24.721,phemex,A/USDT:USDT,0.5755,585.0,0.5754,359.0,0.5757,683.0,0.5758,379.0
1753592605068,05:03:25.068,phemex,A/USDT:USDT,0.5756,215.0,0.5755,585.0,0.5757,683.0,0.5758,379.0
1753592605139,05:03:25.139,phemex,A/USDT:USDT,0.5755,585.0,0.5754,359.0,0.5756,215.0,0.5757,683.0
1753592605165,05:03:25.165,phemex,A/USDT:USDT,0.5755,585.0,0.5754,359.0,0.5756,215.0,0.5757,683.0
1753592608607,05:03:28.607,phemex,A/USDT:USDT,0.5755,585.0,0.5754,359.0,0.5756,707.0,0.5757,440.0
1753592609755,05:03:29.755,phemex,A/USDT:USDT,0.5755,585.0,0.5754,359.0,0.5756,707.0,0.5757,440.0
1753592609840,05:03:29.840,phemex,A/USDT:USDT,0.5755,585.0,0.5754,359.0,0.5756,707.0,0.5757,440.0
1753592612653,05:03:32.653,phemex,A/USDT:USDT,0.5755,585.0,0.5754,359.0,0.5756,707.0,0.5757,440.0
1753592612674,05:03:32.674,phemex,A/USDT:USDT,0.5755,585.0,0.5754,359.0,0.5756,707.0,0.5757,440.0
1753592622684,05:03:42.684,phemex,A/USDT:USDT,0.5755,585.0,0.5754,359.0,0.5756,707.0,0.5757,440.0
1753592624468,05:03:44.468,phemex,A/USDT:USDT,0.5755,567.0,0.5754,359.0,0.5756,707.0,0.5757,440.0
1753592625422,05:03:45.422,phemex,A/USDT:USDT,0.5755,558.0,0.5754,359.0,0.5756,707.0,0.5757,440.0
1753592627230,05:03:47.230,phemex,A/USDT:USDT,0.5755,558.0,0.5754,359.0,0.5756,215.0,0.5757,440.0
1753592627230,05:03:47.230,phemex,A/USDT:USDT,0.5755,558.0,0.5754,359.0,0.5756,215.0,0.5757,640.0
1753592629243,05:03:49.243,phemex,A/USDT:USDT,0.5755,554.0,0.5754,359.0,0.5756,215.0,0.5757,640.0
1753592629883,05:03:49.883,phemex,A/USDT:USDT,0.5755,554.0,0.5754,359.0,0.5757,640.0,0.5758,217.0
1753592629931,05:03:49.931,phemex,A/USDT:USDT,0.5755,554.0,0.5754,359.0,0.5757,640.0,0.5758,217.0
1753592629977,05:03:49.977,phemex,A/USDT:USDT,0.5756,199.0,0.5755,389.0,0.5757,640.0,0.5758,217.0
1753592630004,05:03:50.004,phemex,A/USDT:USDT,0.5756,199.0,0.5755,601.0,0.5757,640.0,0.5758,217.0
1753592632291,05:03:52.291,phemex,A/USDT:USDT,0.5756,199.0,0.5755,601.0,0.5757,640.0,0.5758,217.0
1753592638288,05:03:58.288,phemex,A/USDT:USDT,0.5755,647.0,0.5754,218.0,0.5757,640.0,0.5758,217.0
1753592638354,05:03:58.354,phemex,A/USDT:USDT,0.5755,647.0,0.5754,218.0,0.5756,221.0,0.5757,640.0
1753592638391,05:03:58.391,phemex,A/USDT:USDT,0.5755,647.0,0.5754,218.0,0.5756,655.0,0.5757,640.0
1753592638441,05:03:58.441,phemex,A/USDT:USDT,0.5755,647.0,0.5754,218.0,0.5756,221.0,0.5757,640.0
1753592638441,05:03:58.441,phemex,A/USDT:USDT,0.5755,647.0,0.5754,218.0,0.5756,221.0,0.5757,444.0
1753592638608,05:03:58.608,phemex,A/USDT:USDT,0.5755,647.0,0.5754,218.0,0.5756,221.0,0.5757,444.0
1753592639868,05:03:59.868,phemex,A/USDT:USDT,0.5755,435.0,0.5754,218.0,0.5756,221.0,0.5757,444.0
1753592642863,05:04:02.863,phemex,A/USDT:USDT,0.5755,435.0,0.5754,218.0,0.5756,221.0,0.5757,444.0
1753592642877,05:04:02.877,phemex,A/USDT:USDT,0.5755,435.0,0.5754,218.0,0.5756,221.0,0.5757,444.0
1753592643967,05:04:03.967,phemex,A/USDT:USDT,0.5755,644.0,0.5754,450.0,0.5756,660.0,0.5757,601.0
1753592647656,05:04:07.656,phemex,A/USDT:USDT,0.5755,644.0,0.5754,450.0,0.5756,660.0,0.5757,601.0
1753592647666,05:04:07.666,phemex,A/USDT:USDT,0.5755,644.0,0.5754,450.0,0.5756,660.0,0.5757,601.0
1753592650429,05:04:10.429,phemex,A/USDT:USDT,0.5755,644.0,0.5754,450.0,0.5756,439.0,0.5757,601.0
1753592655478,05:04:15.478,phemex,A/USDT:USDT,0.5755,644.0,0.5754,450.0,0.5756,429.0,0.5757,601.0
1753592656061,05:04:16.061,phemex,A/USDT:USDT,0.5755,644.0,0.5754,450.0,0.5756,424.0,0.5757,601.0
1753592656136,05:04:16.136,phemex,A/USDT:USDT,0.5755,644.0,0.5754,450.0,0.5756,424.0,0.5757,601.0
1753592656159,05:04:16.159,phemex,A/USDT:USDT,0.5755,644.0,0.5754,450.0,0.5756,424.0,0.5757,601.0
1753592656159,05:04:16.159,phemex,A/USDT:USDT,0.5755,644.0,0.5754,450.0,0.5756,424.0,0.5757,601.0
1753592660634,05:04:20.634,phemex,A/USDT:USDT,0.5755,644.0,0.5754,450.0,0.5756,424.0,0.5757,601.0
1753592693755,05:04:53.755,phemex,A/USDT:USDT,0.5755,644.0,0.5754,450.0,0.5756,404.0,0.5757,601.0
1753592698776,05:04:58.776,phemex,A/USDT:USDT,0.5755,629.0,0.5754,450.0,0.5756,404.0,0.5757,601.0
1753592701378,05:05:01.378,phemex,A/USDT:USDT,0.5755,629.0,0.5754,450.0,0.5756,620.0,0.5757,601.0
1753592704968,05:05:04.968,phemex,A/USDT:USDT,0.5755,209.0,0.5754,450.0,0.5756,620.0,0.5757,601.0
1753592704985,05:05:04.985,phemex,A/USDT:USDT,0.5755,425.0,0.5754,599.0,0.5756,620.0,0.5757,601.0
1753592707103,05:05:07.103,phemex,A/USDT:USDT,0.5755,209.0,0.5754,599.0,0.5756,620.0,0.5757,601.0
1753592707258,05:05:07.258,phemex,A/USDT:USDT,0.5755,205.0,0.5754,599.0,0.5756,620.0,0.5757,601.0
1753592709574,05:05:09.574,phemex,A/USDT:USDT,0.5755,418.0,0.5754,599.0,0.5756,620.0,0.5757,601.0
1753592713162,05:05:13.162,phemex,A/USDT:USDT,0.5755,205.0,0.5754,599.0,0.5756,620.0,0.5757,601.0
1753592714916,05:05:14.916,phemex,A/USDT:USDT,0.5755,418.0,0.5754,599.0,0.5756,620.0,0.5757,601.0
1753592714916,05:05:14.916,phemex,A/USDT:USDT,0.5755,418.0,0.5754,599.0,0.5756,620.0,0.5757,601.0
1753592726499,05:05:26.499,phemex,A/USDT:USDT,0.5755,205.0,0.5754,599.0,0.5756,620.0,0.5757,601.0
1753592733464,05:05:33.464,phemex,A/USDT:USDT,0.5755,200.0,0.5754,599.0,0.5756,620.0,0.5757,601.0
1753592733831,05:05:33.831,phemex,A/USDT:USDT,0.5755,200.0,0.5754,599.0,0.5756,620.0,0.5757,601.0
1753592733852,05:05:33.852,phemex,A/USDT:USDT,0.5755,200.0,0.5754,599.0,0.5756,620.0,0.5757,601.0
1753592734477,05:05:34.477,phemex,A/USDT:USDT,0.5755,644.0,0.5754,599.0,0.5756,216.0,0.5757,213.0
1753592734499,05:05:34.499,phemex,A/USDT:USDT,0.5755,644.0,0.5754,599.0,0.5757,213.0,0.5758,217.0
1753592734523,05:05:34.523,phemex,A/USDT:USDT,0.5755,644.0,0.5754,599.0,0.5758,217.0,0.5759,2509.0
1753592734565,05:05:34.565,phemex,A/USDT:USDT,0.5755,644.0,0.5754,599.0,0.5758,217.0,0.5759,2509.0
1753592736212,05:05:36.212,phemex,A/USDT:USDT,0.5756,219.0,0.5755,644.0,0.5758,217.0,0.5759,2509.0
1753592736483,05:05:36.483,phemex,A/USDT:USDT,0.5755,644.0,0.5754,599.0,0.5758,217.0,0.5759,2509.0
1753592736533,05:05:36.533,phemex,A/USDT:USDT,0.5755,644.0,0.5754,599.0,0.5758,217.0,0.5759,2509.0
1753592737266,05:05:37.266,phemex,A/USDT:USDT,0.5755,644.0,0.5754,599.0,0.5758,217.0,0.5759,2509.0
1753592738782,05:05:38.782,phemex,A/USDT:USDT,0.5755,444.0,0.5754,367.0,0.5758,217.0,0.5759,2509.0
1753592739966,05:05:39.966,phemex,A/USDT:USDT,0.5755,444.0,0.5754,367.0,0.5756,202.0,0.5758,217.0
1753592739986,05:05:39.986,phemex,A/USDT:USDT,0.5755,444.0,0.5754,367.0,0.5756,434.0,0.5757,331.0
1753592740005,05:05:40.005,phemex,A/USDT:USDT,0.5755,444.0,0.5754,367.0,0.5756,434.0,0.5757,552.0
1753592740067,05:05:40.067,phemex,A/USDT:USDT,0.5755,444.0,0.5754,367.0,0.5757,221.0,0.5758,396.0
1753592740085,05:05:40.085,phemex,A/USDT:USDT,0.5755,444.0,0.5754,367.0,0.5757,221.0,0.5758,396.0
1753592740103,05:05:40.103,phemex,A/USDT:USDT,0.5755,219.0,0.5754,218.0,0.5757,221.0,0.5758,396.0
1753592740123,05:05:40.123,phemex,A/USDT:USDT,0.5754,218.0,0.5753,1477.0,0.5757,221.0,0.5758,396.0
1753592740144,05:05:40.144,phemex,A/USDT:USDT,0.5754,218.0,0.5753,1477.0,0.5757,221.0,0.5758,396.0
1753592742392,05:05:42.392,phemex,A/USDT:USDT,0.5754,218.0,0.5753,1477.0,0.5757,221.0,0.5758,396.0
1753592745376,05:05:45.376,phemex,A/USDT:USDT,0.5756,315.0,0.5755,427.0,0.5757,361.0,0.5758,755.0
1753592746318,05:05:46.318,phemex,A/USDT:USDT,0.5754,859.0,0.5753,214.0,0.5757,361.0,0.5758,755.0
1753592746335,05:05:46.335,phemex,A/USDT:USDT,0.5755,221.0,0.5754,859.0,0.5757,361.0,0.5758,755.0
1753592746354,05:05:46.354,phemex,A/USDT:USDT,0.5755,221.0,0.5754,859.0,0.5757,361.0,0.5758,755.0
1753592750757,05:05:50.757,phemex,A/USDT:USDT,0.5755,221.0,0.5754,859.0,0.5756,203.0,0.5757,767.0
1753592752726,05:05:52.726,phemex,A/USDT:USDT,0.5755,221.0,0.5754,859.0,0.5756,203.0,0.5757,767.0
1753592753961,05:05:53.961,phemex,A/USDT:USDT,0.5755,221.0,0.5754,859.0,0.5756,187.0,0.5757,767.0
1753592754810,05:05:54.810,phemex,A/USDT:USDT,0.5755,221.0,0.5754,859.0,0.5756,179.0,0.5757,767.0
1753592757013,05:05:57.013,phemex,A/USDT:USDT,0.5755,221.0,0.5754,859.0,0.5756,173.0,0.5757,767.0
1753592766926,05:06:06.926,phemex,A/USDT:USDT,0.5755,414.0,0.5754,708.0,0.5758,217.0,0.5759,1742.0
1753592766936,05:06:06.936,phemex,A/USDT:USDT,0.5755,414.0,0.5754,708.0,0.5758,428.0,0.5759,379.0
1753592766942,05:06:06.942,phemex,A/USDT:USDT,0.5756,222.0,0.5755,414.0,0.5758,428.0,0.5759,379.0
1753592767042,05:06:07.042,phemex,A/USDT:USDT,0.5756,222.0,0.5755,414.0,0.5758,428.0,0.5759,379.0
1753592767796,05:06:07.796,phemex,A/USDT:USDT,0.5756,222.0,0.5755,414.0,0.5758,428.0,0.5759,379.0
1753592767818,05:06:07.818,phemex,A/USDT:USDT,0.5756,222.0,0.5755,414.0,0.5758,428.0,0.5759,379.0
1753592770671,05:06:10.671,phemex,A/USDT:USDT,0.5756,222.0,0.5755,414.0,0.5758,428.0,0.5759,379.0
1753592770699,05:06:10.699,phemex,A/USDT:USDT,0.5756,222.0,0.5755,414.0,0.5758,428.0,0.5759,379.0
1753592770713,05:06:10.713,phemex,A/USDT:USDT,0.5756,222.0,0.5755,414.0,0.5758,428.0,0.5759,379.0
1753592773941,05:06:13.941,phemex,A/USDT:USDT,0.5756,456.0,0.5755,414.0,0.5758,428.0,0.5759,379.0
1753592773949,05:06:13.949,phemex,A/USDT:USDT,0.5757,457.0,0.5756,892.0,0.5758,580.0,0.5759,379.0
1753592778318,05:06:18.318,phemex,A/USDT:USDT,0.5757,457.0,0.5756,892.0,0.5758,580.0,0.5759,379.0
1753592778327,05:06:18.327,phemex,A/USDT:USDT,0.5757,457.0,0.5756,892.0,0.5758,580.0,0.5759,379.0
1753592778327,05:06:18.327,phemex,A/USDT:USDT,0.5757,457.0,0.5756,892.0,0.5758,580.0,0.5759,379.0
1753592780201,05:06:20.201,phemex,A/USDT:USDT,0.5757,457.0,0.5756,892.0,0.5758,363.0,0.5759,379.0
1753592780552,05:06:20.552,phemex,A/USDT:USDT,0.5757,457.0,0.5756,892.0,0.5758,329.0,0.5759,379.0
1753592781798,05:06:21.798,phemex,A/USDT:USDT,0.5757,457.0,0.5756,630.0,0.5759,592.0,0.576,218.0
1753592781802,05:06:21.802,phemex,A/USDT:USDT,0.5757,457.0,0.5756,630.0,0.5759,374.0,0.576,218.0
1753592781816,05:06:21.816,phemex,A/USDT:USDT,0.5758,212.0,0.5757,457.0,0.5759,374.0,0.576,218.0
1753592782074,05:06:22.074,phemex,A/USDT:USDT,0.5758,369.0,0.5757,457.0,0.5759,374.0,0.576,218.0
1753592782459,05:06:22.459,phemex,A/USDT:USDT,0.5758,369.0,0.5757,457.0,0.5759,374.0,0.576,218.0
1753592782470,05:06:22.470,phemex,A/USDT:USDT,0.5758,369.0,0.5757,457.0,0.5759,374.0,0.576,218.0
1753592782493,05:06:22.493,phemex,A/USDT:USDT,0.5758,369.0,0.5757,457.0,0.5759,354.0,0.576,218.0
1753592783128,05:06:23.128,phemex,A/USDT:USDT,0.5758,369.0,0.5757,457.0,0.5759,566.0,0.576,218.0
1753592787047,05:06:27.047,phemex,A/USDT:USDT,0.5758,581.0,0.5757,689.0,0.5759,566.0,0.576,218.0
1753592787270,05:06:27.270,phemex,A/USDT:USDT,0.5758,581.0,0.5757,689.0,0.5759,566.0,0.576,218.0
1753592788208,05:06:28.208,phemex,A/USDT:USDT,0.5758,581.0,0.5757,689.0,0.5759,556.0,0.576,218.0
1753592788867,05:06:28.867,phemex,A/USDT:USDT,0.5758,581.0,0.5757,689.0,0.5759,556.0,0.576,218.0
1753592788944,05:06:28.944,phemex,A/USDT:USDT,0.5758,581.0,0.5757,689.0,0.5759,556.0,0.576,218.0
1753592791842,05:06:31.842,phemex,A/USDT:USDT,0.5758,581.0,0.5757,689.0,0.5759,548.0,0.576,218.0
1753592792069,05:06:32.069,phemex,A/USDT:USDT,0.5758,581.0,0.5757,689.0,0.5759,548.0,0.576,218.0
1753592795371,05:06:35.371,phemex,A/USDT:USDT,0.5758,369.0,0.5757,689.0,0.5759,548.0,0.576,218.0
1753592800305,05:06:40.305,phemex,A/USDT:USDT,0.5758,369.0,0.5757,689.0,0.5759,548.0,0.576,218.0
1753592800326,05:06:40.326,phemex,A/USDT:USDT,0.5758,369.0,0.5757,689.0,0.5759,548.0,0.576,218.0
1753592803010,05:06:43.010,phemex,A/USDT:USDT,0.5757,222.0,0.5756,222.0,0.5759,548.0,0.576,218.0
1753592803050,05:06:43.050,phemex,A/USDT:USDT,0.5757,222.0,0.5756,222.0,0.5758,202.0,0.5759,875.0
1753592803089,05:06:43.089,phemex,A/USDT:USDT,0.5756,222.0,0.5755,2436.0,0.5758,414.0,0.5759,875.0
1753592803258,05:06:43.258,phemex,A/USDT:USDT,0.5756,222.0,0.5755,2436.0,0.5758,414.0,0.5759,875.0
1753592803281,05:06:43.281,phemex,A/USDT:USDT,0.5756,222.0,0.5755,2436.0,0.5757,212.0,0.5758,414.0
1753592803488,05:06:43.488,phemex,A/USDT:USDT,0.5756,222.0,0.5755,605.0,0.5757,212.0,0.5758,414.0
1753592803520,05:06:43.520,phemex,A/USDT:USDT,0.5756,222.0,0.5755,605.0,0.5757,212.0,0.5758,414.0
1753592803848,05:06:43.848,phemex,A/USDT:USDT,0.5756,222.0,0.5755,605.0,0.5758,414.0,0.5759,875.0
1753592803917,05:06:43.917,phemex,A/USDT:USDT,0.5756,222.0,0.5755,605.0,0.5758,414.0,0.5759,875.0
1753592803981,05:06:43.981,phemex,A/USDT:USDT,0.5756,222.0,0.5755,605.0,0.5758,407.0,0.5759,875.0
1753592804268,05:06:44.268,phemex,A/USDT:USDT,0.5756,222.0,0.5755,605.0,0.5758,407.0,0.5759,875.0
1753592804287,05:06:44.287,phemex,A/USDT:USDT,0.5756,222.0,0.5755,605.0,0.576,218.0,0.5761,212.0
1753592804307,05:06:44.307,phemex,A/USDT:USDT,0.5756,222.0,0.5755,605.0,0.5761,212.0,0.5762,1561.0
1753592804328,05:06:44.328,phemex,A/USDT:USDT,0.5756,222.0,0.5755,605.0,0.5761,212.0,0.5762,1561.0
1753592808175,05:06:48.175,phemex,A/USDT:USDT,0.5756,222.0,0.5755,605.0,0.5761,212.0,0.5762,1561.0
1753592809067,05:06:49.067,phemex,A/USDT:USDT,0.5756,222.0,0.5755,605.0,0.5761,212.0,0.5762,1561.0
1753592812692,05:06:52.692,phemex,A/USDT:USDT,0.5758,477.0,0.5757,403.0,0.576,341.0,0.5761,699.0
1753592812707,05:06:52.707,phemex,A/USDT:USDT,0.5759,219.0,0.5758,477.0,0.576,341.0,0.5761,699.0
1753592812732,05:06:52.732,phemex,A/USDT:USDT,0.5759,219.0,0.5758,696.0,0.576,341.0,0.5761,699.0
1753592812822,05:06:52.822,phemex,A/USDT:USDT,0.5759,219.0,0.5758,696.0,0.576,286.0,0.5761,699.0
1753592812871,05:06:52.871,phemex,A/USDT:USDT,0.5759,219.0,0.5758,696.0,0.576,286.0,0.5761,699.0
1753592813599,05:06:53.599,phemex,A/USDT:USDT,0.5759,219.0,0.5758,696.0,0.576,505.0,0.5761,699.0
1753592813867,05:06:53.867,phemex,A/USDT:USDT,0.5759,219.0,0.5758,696.0,0.576,505.0,0.5761,699.0
1753592824390,05:07:04.390,phemex,A/USDT:USDT,0.5758,696.0,0.5757,622.0,0.576,505.0,0.5761,699.0
1753592824443,05:07:04.443,phemex,A/USDT:USDT,0.5758,696.0,0.5757,622.0,0.576,505.0,0.5761,699.0
1753592824749,05:07:04.749,phemex,A/USDT:USDT,0.5759,212.0,0.5758,696.0,0.576,505.0,0.5761,699.0
1753592825447,05:07:05.447,phemex,A/USDT:USDT,0.5758,696.0,0.5757,622.0,0.576,505.0,0.5761,699.0
1753592825477,05:07:05.477,phemex,A/USDT:USDT,0.5758,696.0,0.5757,622.0,0.576,505.0,0.5761,699.0
1753592827257,05:07:07.257,phemex,A/USDT:USDT,0.5759,216.0,0.5758,696.0,0.576,505.0,0.5761,699.0
1753592828666,05:07:08.666,phemex,A/USDT:USDT,0.5758,696.0,0.5757,622.0,0.576,505.0,0.5761,699.0
1753592828693,05:07:08.693,phemex,A/USDT:USDT,0.5758,696.0,0.5757,622.0,0.576,505.0,0.5761,699.0
1753592831028,05:07:11.028,phemex,A/USDT:USDT,0.5758,696.0,0.5757,622.0,0.5759,216.0,0.576,505.0
1753592831619,05:07:11.619,phemex,A/USDT:USDT,0.5758,696.0,0.5757,622.0,0.5759,216.0,0.576,505.0
1753592831627,05:07:11.627,phemex,A/USDT:USDT,0.5758,696.0,0.5757,622.0,0.5759,216.0,0.576,505.0
1753592832092,05:07:12.092,phemex,A/USDT:USDT,0.5758,696.0,0.5757,622.0,0.5759,216.0,0.576,647.0
1753592833153,05:07:13.153,phemex,A/USDT:USDT,0.5758,696.0,0.5757,622.0,0.576,647.0,0.5761,212.0
1753592833183,05:07:13.183,phemex,A/USDT:USDT,0.5759,216.0,0.5758,696.0,0.576,647.0,0.5761,212.0
1753592834065,05:07:14.065,phemex,A/USDT:USDT,0.5758,696.0,0.5757,622.0,0.576,647.0,0.5761,212.0
1753592834127,05:07:14.127,phemex,A/USDT:USDT,0.5758,696.0,0.5757,622.0,0.576,647.0,0.5761,212.0
1753592834155,05:07:14.155,phemex,A/USDT:USDT,0.5758,696.0,0.5757,622.0,0.5759,216.0,0.576,647.0
1753592835903,05:07:15.903,phemex,A/USDT:USDT,0.5758,696.0,0.5757,622.0,0.576,647.0,0.5761,212.0
1753592835934,05:07:15.934,phemex,A/USDT:USDT,0.5758,696.0,0.5757,622.0,0.576,647.0,0.5761,212.0
1753592836538,05:07:16.538,phemex,A/USDT:USDT,0.5758,219.0,0.5757,219.0,0.576,647.0,0.5761,212.0
1753592836559,05:07:16.559,phemex,A/USDT:USDT,0.5759,214.0,0.5758,219.0,0.576,647.0,0.5761,212.0
1753592836622,05:07:16.622,phemex,A/USDT:USDT,0.5757,219.0,0.5756,1036.0,0.576,647.0,0.5761,212.0
1753592836649,05:07:16.649,phemex,A/USDT:USDT,0.5757,219.0,0.5756,1036.0,0.576,647.0,0.5761,212.0
1753592837150,05:07:17.150,phemex,A/USDT:USDT,0.5757,219.0,0.5756,1036.0,0.576,647.0,0.5761,212.0
1753592837172,05:07:17.172,phemex,A/USDT:USDT,0.5757,219.0,0.5756,1036.0,0.576,647.0,0.5761,212.0
1753592837172,05:07:17.172,phemex,A/USDT:USDT,0.5757,219.0,0.5756,1036.0,0.576,647.0,0.5761,212.0
1753592840983,05:07:20.983,phemex,A/USDT:USDT,0.5757,219.0,0.5756,1036.0,0.576,647.0,0.5761,212.0
1753592841012,05:07:21.012,phemex,A/USDT:USDT,0.5757,219.0,0.5756,1036.0,0.576,647.0,0.5761,212.0
1753592843785,05:07:23.785,phemex,A/USDT:USDT,0.5757,219.0,0.5756,1036.0,0.5759,214.0,0.576,647.0
1753592844206,05:07:24.206,phemex,A/USDT:USDT,0.5758,181.0,0.5757,451.0,0.5759,607.0,0.576,386.0
1753592844222,05:07:24.222,phemex,A/USDT:USDT,0.5757,219.0,0.5756,222.0,0.5759,607.0,0.576,386.0
1753592844240,05:07:24.240,phemex,A/USDT:USDT,0.5756,222.0,0.5755,1084.0,0.5758,214.0,0.5759,607.0
1753592844261,05:07:24.261,phemex,A/USDT:USDT,0.5756,222.0,0.5755,1298.0,0.5758,214.0,0.5759,607.0
1753592844869,05:07:24.869,phemex,A/USDT:USDT,0.5756,222.0,0.5755,1298.0,0.5758,214.0,0.5759,607.0
1753592849660,05:07:29.660,phemex,A/USDT:USDT,0.5756,222.0,0.5755,1298.0,0.5758,214.0,0.5759,607.0
1753592849668,05:07:29.668,phemex,A/USDT:USDT,0.5756,222.0,0.5755,1298.0,0.5758,214.0,0.5759,607.0
1753592851442,05:07:31.442,phemex,A/USDT:USDT,0.5757,900.0,0.5756,222.0,0.5758,425.0,0.5759,770.0
1753592854461,05:07:34.461,phemex,A/USDT:USDT,0.5757,900.0,0.5756,222.0,0.5758,425.0,0.5759,770.0
1753592854469,05:07:34.469,phemex,A/USDT:USDT,0.5757,900.0,0.5756,222.0,0.5758,425.0,0.5759,770.0
1753592855758,05:07:35.758,phemex,A/USDT:USDT,0.5757,875.0,0.5756,222.0,0.5758,425.0,0.5759,770.0
1753592863741,05:07:43.741,phemex,A/USDT:USDT,0.5757,875.0,0.5756,222.0,0.5758,425.0,0.5759,770.0
1753592863782,05:07:43.782,phemex,A/USDT:USDT,0.5757,875.0,0.5756,222.0,0.5758,425.0,0.5759,770.0
1753592867461,05:07:47.461,phemex,A/USDT:USDT,0.5757,875.0,0.5756,222.0,0.5758,425.0,0.5759,770.0
1753592867470,05:07:47.470,phemex,A/USDT:USDT,0.5757,875.0,0.5756,222.0,0.5758,425.0,0.5759,770.0
1753592872262,05:07:52.262,phemex,A/USDT:USDT,0.5757,875.0,0.5756,222.0,0.5758,425.0,0.5759,770.0
1753592872294,05:07:52.294,phemex,A/USDT:USDT,0.5757,875.0,0.5756,222.0,0.5758,425.0,0.5759,770.0
1753592875771,05:07:55.771,phemex,A/USDT:USDT,0.5756,222.0,0.5755,214.0,0.5758,612.0,0.5759,381.0
1753592875782,05:07:55.782,phemex,A/USDT:USDT,0.5756,222.0,0.5755,214.0,0.5757,218.0,0.5758,612.0
1753592875804,05:07:55.804,phemex,A/USDT:USDT,0.5755,214.0,0.5754,1958.0,0.5757,218.0,0.5758,612.0
1753592875844,05:07:55.844,phemex,A/USDT:USDT,0.5755,214.0,0.5754,1958.0,0.5757,218.0,0.5758,612.0
1753592876061,05:07:56.061,phemex,A/USDT:USDT,0.5755,214.0,0.5754,1958.0,0.5757,218.0,0.5758,858.0
1753592877769,05:07:57.769,phemex,A/USDT:USDT,0.5755,214.0,0.5754,1958.0,0.5757,218.0,0.5758,401.0
1753592878422,05:07:58.422,phemex,A/USDT:USDT,0.5755,214.0,0.5754,1958.0,0.5758,401.0,0.5759,214.0
1753592878481,05:07:58.481,phemex,A/USDT:USDT,0.5755,214.0,0.5754,1958.0,0.5758,401.0,0.5759,214.0
1753592878587,05:07:58.587,phemex,A/USDT:USDT,0.5755,214.0,0.5754,1958.0,0.5757,215.0,0.5758,401.0
1753592878804,05:07:58.804,phemex,A/USDT:USDT,0.5755,214.0,0.5754,1958.0,0.5758,401.0,0.5759,214.0
1753592878831,05:07:58.831,phemex,A/USDT:USDT,0.5755,214.0,0.5754,1958.0,0.5758,401.0,0.5759,214.0
1753592879904,05:07:59.904,phemex,A/USDT:USDT,0.5755,214.0,0.5754,1958.0,0.5757,215.0,0.5758,401.0
1753592880529,05:08:00.529,phemex,A/USDT:USDT,0.5755,214.0,0.5754,1958.0,0.5757,215.0,0.5758,401.0
1753592888573,05:08:08.573,phemex,A/USDT:USDT,0.5755,214.0,0.5754,1958.0,0.5757,215.0,0.5758,401.0
1753592888618,05:08:08.618,phemex,A/USDT:USDT,0.5755,214.0,0.5754,1958.0,0.5757,215.0,0.5758,401.0
1753592894519,05:08:14.519,phemex,A/USDT:USDT,0.5755,214.0,0.5754,1958.0,0.5758,401.0,0.5759,214.0
1753592894616,05:08:14.616,phemex,A/USDT:USDT,0.5755,214.0,0.5754,1958.0,0.5758,401.0,0.5759,214.0
1753592894974,05:08:14.974,phemex,A/USDT:USDT,0.5757,438.0,0.5756,380.0,0.5758,549.0,0.5759,440.0
1753592895067,05:08:15.067,phemex,A/USDT:USDT,0.5757,438.0,0.5756,601.0,0.5758,549.0,0.5759,440.0
1753592895183,05:08:15.183,phemex,A/USDT:USDT,0.5757,438.0,0.5756,601.0,0.5758,549.0,0.5759,440.0
1753592895329,05:08:15.329,phemex,A/USDT:USDT,0.5757,438.0,0.5756,601.0,0.5758,549.0,0.5759,440.0
1753592895362,05:08:15.362,phemex,A/USDT:USDT,0.5757,438.0,0.5756,601.0,0.5758,549.0,0.5759,440.0
1753592904694,05:08:24.694,phemex,A/USDT:USDT,0.5757,438.0,0.5756,601.0,0.5758,549.0,0.5759,440.0
1753592904716,05:08:24.716,phemex,A/USDT:USDT,0.5757,438.0,0.5756,601.0,0.5758,549.0,0.5759,440.0
1753592910713,05:08:30.713,phemex,A/USDT:USDT,0.5757,438.0,0.5756,601.0,0.5758,549.0,0.5759,440.0
1753592914862,05:08:34.862,phemex,A/USDT:USDT,0.5757,438.0,0.5756,601.0,0.5758,549.0,0.5759,440.0
1753592914882,05:08:34.882,phemex,A/USDT:USDT,0.5757,438.0,0.5756,601.0,0.5758,549.0,0.5759,440.0
1753592920746,05:08:40.746,phemex,A/USDT:USDT,0.5757,438.0,0.5756,601.0,0.5758,549.0,0.5759,440.0
1753592920754,05:08:40.754,phemex,A/USDT:USDT,0.5757,438.0,0.5756,601.0,0.5758,549.0,0.5759,440.0
1753592925081,05:08:45.081,phemex,A/USDT:USDT,0.5757,438.0,0.5756,601.0,0.5758,549.0,0.5759,440.0
1753592925110,05:08:45.110,phemex,A/USDT:USDT,0.5757,438.0,0.5756,601.0,0.5758,549.0,0.5759,440.0
1753592929893,05:08:49.893,phemex,A/USDT:USDT,0.5757,217.0,0.5756,218.0,0.5758,549.0,0.5759,440.0
1753592929895,05:08:49.895,phemex,A/USDT:USDT,0.5755,419.0,0.5754,1019.0,0.5758,549.0,0.5759,440.0
1753592929922,05:08:49.922,phemex,A/USDT:USDT,0.5756,218.0,0.5755,419.0,0.5757,218.0,0.5758,549.0
1753592929942,05:08:49.942,phemex,A/USDT:USDT,0.5756,218.0,0.5755,419.0,0.5757,218.0,0.5758,549.0
1753592933687,05:08:53.687,phemex,A/USDT:USDT,0.5756,218.0,0.5755,419.0,0.5757,461.0,0.5758,549.0
1753592933688,05:08:53.688,phemex,A/USDT:USDT,0.5756,218.0,0.5755,419.0,0.5757,461.0,0.5758,720.0
1753592933688,05:08:53.688,phemex,A/USDT:USDT,0.5756,218.0,0.5755,419.0,0.5757,461.0,0.5758,720.0
1753592934674,05:08:54.674,phemex,A/USDT:USDT,0.5755,419.0,0.5754,1237.0,0.5757,461.0,0.5758,720.0
1753592934752,05:08:54.752,phemex,A/USDT:USDT,0.5755,419.0,0.5754,1237.0,0.5757,461.0,0.5758,720.0
1753592936337,05:08:56.337,phemex,A/USDT:USDT,0.5755,205.0,0.5754,1237.0,0.5756,218.0,0.5757,461.0
1753592936364,05:08:56.364,phemex,A/USDT:USDT,0.5755,345.0,0.5754,402.0,0.5756,218.0,0.5757,461.0
1753592936376,05:08:56.376,phemex,A/USDT:USDT,0.5754,452.0,0.5753,411.0,0.5756,218.0,0.5757,461.0
1753592936415,05:08:56.415,phemex,A/USDT:USDT,0.5752,218.0,0.5751,217.0,0.5756,218.0,0.5757,461.0
1753592936443,05:08:56.443,phemex,A/USDT:USDT,0.5751,217.0,0.575,756.0,0.5756,218.0,0.5757,461.0
1753592936450,05:08:56.450,phemex,A/USDT:USDT,0.5751,412.0,0.575,756.0,0.5756,218.0,0.5757,461.0
1753592936476,05:08:56.476,phemex,A/USDT:USDT,0.5752,218.0,0.5751,412.0,0.5756,218.0,0.5757,461.0
1753592936541,05:08:56.541,phemex,A/USDT:USDT,0.5752,218.0,0.5751,412.0,0.5756,218.0,0.5757,461.0
1753592936561,05:08:56.561,phemex,A/USDT:USDT,0.5752,218.0,0.5751,412.0,0.5756,218.0,0.5757,461.0
1753592937498,05:08:57.498,phemex,A/USDT:USDT,0.5752,218.0,0.5751,412.0,0.5756,218.0,0.5757,461.0
1753592937516,05:08:57.516,phemex,A/USDT:USDT,0.5752,218.0,0.5751,412.0,0.5756,218.0,0.5757,461.0
1753592938696,05:08:58.696,phemex,A/USDT:USDT,0.5752,218.0,0.5751,412.0,0.5756,591.0,0.5757,461.0
1753592938709,05:08:58.709,phemex,A/USDT:USDT,0.5752,218.0,0.5751,412.0,0.5755,216.0,0.5756,1030.0
1753592940116,05:09:00.116,phemex,A/USDT:USDT,0.5752,218.0,0.5751,412.0,0.5755,216.0,0.5756,1030.0
1753592940141,05:09:00.141,phemex,A/USDT:USDT,0.5752,218.0,0.5751,412.0,0.5755,216.0,0.5756,1030.0
1753592941700,05:09:01.700,phemex,A/USDT:USDT,0.5752,218.0,0.5751,412.0,0.5755,216.0,0.5756,1030.0
1753592941702,05:09:01.702,phemex,A/USDT:USDT,0.5752,218.0,0.5751,412.0,0.5755,216.0,0.5756,1030.0
1753592941766,05:09:01.766,phemex,A/USDT:USDT,0.5754,372.0,0.5753,379.0,0.5755,216.0,0.5756,1030.0
1753592941781,05:09:01.781,phemex,A/USDT:USDT,0.5754,372.0,0.5753,379.0,0.5755,216.0,0.5756,1030.0
1753592941807,05:09:01.807,phemex,A/USDT:USDT,0.5754,588.0,0.5753,595.0,0.5755,216.0,0.5756,1030.0
1753592942665,05:09:02.665,phemex,A/USDT:USDT,0.5754,216.0,0.5753,595.0,0.5755,216.0,0.5756,1030.0
1753592943006,05:09:03.006,phemex,A/USDT:USDT,0.5754,216.0,0.5753,595.0,0.5755,216.0,0.5756,1030.0
1753592943018,05:09:03.018,phemex,A/USDT:USDT,0.5754,216.0,0.5753,595.0,0.5755,216.0,0.5756,1030.0
1753592943121,05:09:03.121,phemex,A/USDT:USDT,0.5753,595.0,0.5752,646.0,0.5755,216.0,0.5756,1030.0
1753592943192,05:09:03.192,phemex,A/USDT:USDT,0.5753,595.0,0.5752,646.0,0.5755,216.0,0.5756,1030.0
1753592944877,05:09:04.877,phemex,A/USDT:USDT,0.5753,595.0,0.5752,646.0,0.5755,216.0,0.5756,1030.0
1753592944890,05:09:04.890,phemex,A/USDT:USDT,0.5753,595.0,0.5752,646.0,0.5755,216.0,0.5756,1030.0
1753592945892,05:09:05.892,phemex,A/USDT:USDT,0.5753,595.0,0.5752,646.0,0.5755,216.0,0.5756,1030.0
1753592945922,05:09:05.922,phemex,A/USDT:USDT,0.5753,595.0,0.5752,646.0,0.5755,216.0,0.5756,1030.0
1753592948856,05:09:08.856,phemex,A/USDT:USDT,0.5753,216.0,0.5752,646.0,0.5755,216.0,0.5756,1030.0
1753592949677,05:09:09.677,phemex,A/USDT:USDT,0.5753,216.0,0.5752,646.0,0.5755,216.0,0.5756,1030.0
1753592949684,05:09:09.684,phemex,A/USDT:USDT,0.5753,216.0,0.5752,646.0,0.5755,216.0,0.5756,1030.0
1753592954480,05:09:14.480,phemex,A/USDT:USDT,0.5753,216.0,0.5752,646.0,0.5755,216.0,0.5756,1030.0
1753592954480,05:09:14.480,phemex,A/USDT:USDT,0.5753,216.0,0.5752,646.0,0.5755,216.0,0.5756,1030.0
1753592961237,05:09:21.237,phemex,A/USDT:USDT,0.5753,216.0,0.5752,646.0,0.5755,216.0,0.5756,1030.0
1753592995424,05:09:55.424,phemex,A/USDT:USDT,0.5753,216.0,0.5752,646.0,0.5755,216.0,0.5756,1030.0
1753592999917,05:09:59.917,phemex,A/USDT:USDT,0.5752,646.0,0.5751,1532.0,0.5755,216.0,0.5756,1030.0
1753593000224,05:10:00.224,phemex,A/USDT:USDT,0.5752,646.0,0.5751,1532.0,0.5755,216.0,0.5756,1030.0
1753593000370,05:10:00.370,phemex,A/USDT:USDT,0.5752,646.0,0.5751,1532.0,0.5755,216.0,0.5756,1030.0
1753593000702,05:10:00.702,phemex,A/USDT:USDT,0.5753,217.0,0.5752,646.0,0.5755,216.0,0.5756,1030.0
1753593002500,05:10:02.500,phemex,A/USDT:USDT,0.5753,308.0,0.5752,375.0,0.5755,468.0,0.5756,401.0
1753593002510,05:10:02.510,phemex,A/USDT:USDT,0.5753,308.0,0.5752,375.0,0.5754,217.0,0.5755,468.0
1753593003948,05:10:03.948,phemex,A/USDT:USDT,0.5753,308.0,0.5752,375.0,0.5754,217.0,0.5755,468.0
1753593004053,05:10:04.053,phemex,A/USDT:USDT,0.5753,308.0,0.5752,375.0,0.5754,217.0,0.5755,468.0
1753593005270,05:10:05.270,phemex,A/USDT:USDT,0.5752,375.0,0.5751,641.0,0.5754,217.0,0.5755,468.0
1753593005324,05:10:05.324,phemex,A/USDT:USDT,0.5753,217.0,0.5752,375.0,0.5754,217.0,0.5755,468.0
1753593008341,05:10:08.341,phemex,A/USDT:USDT,0.5753,827.0,0.5752,375.0,0.5754,217.0,0.5755,1073.0
1753593008597,05:10:08.597,phemex,A/USDT:USDT,0.5753,827.0,0.5752,375.0,0.5754,217.0,0.5755,1073.0
1753593010601,05:10:10.601,phemex,A/USDT:USDT,0.5753,827.0,0.5752,375.0,0.5755,1073.0,0.5756,702.0
1753593010650,05:10:10.650,phemex,A/USDT:USDT,0.5753,827.0,0.5752,375.0,0.5755,1073.0,0.5756,702.0
1753593011756,05:10:11.756,phemex,A/USDT:USDT,0.5753,827.0,0.5752,375.0,0.5754,217.0,0.5755,1073.0
1753593014618,05:10:14.618,phemex,A/USDT:USDT,0.5753,827.0,0.5752,375.0,0.5754,217.0,0.5755,1073.0
1753593016254,05:10:16.254,phemex,A/USDT:USDT,0.5753,827.0,0.5752,375.0,0.5755,1073.0,0.5756,702.0
1753593016312,05:10:16.312,phemex,A/USDT:USDT,0.5753,827.0,0.5752,375.0,0.5755,1073.0,0.5756,702.0
1753593018886,05:10:18.886,phemex,A/USDT:USDT,0.5754,217.0,0.5753,827.0,0.5755,1073.0,0.5756,702.0
1753593018886,05:10:18.886,phemex,A/USDT:USDT,0.5754,217.0,0.5753,827.0,0.5755,1073.0,0.5756,702.0
1753593018944,05:10:18.944,phemex,A/USDT:USDT,0.5753,827.0,0.5752,375.0,0.5755,216.0,0.5756,400.0
1753593018955,05:10:18.955,phemex,A/USDT:USDT,0.5753,827.0,0.5752,375.0,0.5755,216.0,0.5756,400.0
1753593026216,05:10:26.216,phemex,A/USDT:USDT,0.5753,827.0,0.5752,375.0,0.5754,417.0,0.5755,393.0
1753593026239,05:10:26.239,phemex,A/USDT:USDT,0.5753,827.0,0.5752,375.0,0.5754,569.0,0.5755,393.0
1753593026798,05:10:26.798,phemex,A/USDT:USDT,0.5753,827.0,0.5752,375.0,0.5755,393.0,0.5756,760.0
1753593026826,05:10:26.826,phemex,A/USDT:USDT,0.5753,827.0,0.5752,375.0,0.5755,393.0,0.5756,760.0
1753593027536,05:10:27.536,phemex,A/USDT:USDT,0.5753,827.0,0.5752,375.0,0.5754,219.0,0.5755,393.0
1753593029805,05:10:29.805,phemex,A/USDT:USDT,0.5753,827.0,0.5752,375.0,0.5754,219.0,0.5755,393.0
1753593030699,05:10:30.699,phemex,A/USDT:USDT,0.5753,827.0,0.5752,375.0,0.5755,393.0,0.5756,760.0
1753593030777,05:10:30.777,phemex,A/USDT:USDT,0.5753,827.0,0.5752,375.0,0.5755,393.0,0.5756,760.0
1753593031359,05:10:31.359,phemex,A/USDT:USDT,0.5754,219.0,0.5753,827.0,0.5755,393.0,0.5756,760.0
1753593031860,05:10:31.860,phemex,A/USDT:USDT,0.5754,219.0,0.5753,827.0,0.5755,608.0,0.5756,440.0
1753593032993,05:10:32.993,phemex,A/USDT:USDT,0.5754,627.0,0.5753,465.0,0.5755,392.0,0.5756,440.0
1753593033675,05:10:33.675,phemex,A/USDT:USDT,0.5754,627.0,0.5753,465.0,0.5755,392.0,0.5756,440.0
1753593033682,05:10:33.682,phemex,A/USDT:USDT,0.5754,627.0,0.5753,465.0,0.5755,392.0,0.5756,440.0
1753593036150,05:10:36.150,phemex,A/USDT:USDT,0.5754,627.0,0.5753,465.0,0.5756,440.0,0.5757,1256.0
1753593036599,05:10:36.599,phemex,A/USDT:USDT,0.5754,627.0,0.5753,465.0,0.5755,217.0,0.5756,440.0
1753593038404,05:10:38.404,phemex,A/USDT:USDT,0.5754,627.0,0.5753,465.0,0.5756,440.0,0.5757,1256.0
1753593038460,05:10:38.460,phemex,A/USDT:USDT,0.5755,462.0,0.5754,797.0,0.5756,641.0,0.5757,433.0
1753593038460,05:10:38.460,phemex,A/USDT:USDT,0.5755,462.0,0.5754,797.0,0.5756,641.0,0.5757,433.0
1753593038541,05:10:38.541,phemex,A/USDT:USDT,0.5755,462.0,0.5754,797.0,0.5756,641.0,0.5757,433.0
1753593039186,05:10:39.186,phemex,A/USDT:USDT,0.5755,462.0,0.5754,797.0,0.5756,423.0,0.5757,433.0
1753593041647,05:10:41.647,phemex,A/USDT:USDT,0.5755,462.0,0.5754,797.0,0.5757,675.0,0.5758,214.0
1753593041660,05:10:41.660,phemex,A/USDT:USDT,0.5755,462.0,0.5754,797.0,0.5757,675.0,0.5758,214.0
1753593041777,05:10:41.777,phemex,A/USDT:USDT,0.5755,462.0,0.5754,797.0,0.5756,217.0,0.5757,675.0
1753593043114,05:10:43.114,phemex,A/USDT:USDT,0.5755,462.0,0.5754,797.0,0.5757,675.0,0.5758,214.0
1753593043170,05:10:43.170,phemex,A/USDT:USDT,0.5755,462.0,0.5754,797.0,0.5757,675.0,0.5758,214.0
1753593043282,05:10:43.282,phemex,A/USDT:USDT,0.5755,462.0,0.5754,797.0,0.5757,675.0,0.5758,214.0
1753593043880,05:10:43.880,phemex,A/USDT:USDT,0.5756,481.0,0.5755,631.0,0.5757,675.0,0.5758,214.0
1753593043885,05:10:43.885,phemex,A/USDT:USDT,0.5756,698.0,0.5755,631.0,0.5757,675.0,0.5758,214.0
1753593044073,05:10:44.073,phemex,A/USDT:USDT,0.5756,698.0,0.5755,631.0,0.5757,457.0,0.5758,214.0
1753593045738,05:10:45.738,phemex,A/USDT:USDT,0.5756,698.0,0.5755,631.0,0.5758,214.0,0.5759,1441.0
1753593045764,05:10:45.764,phemex,A/USDT:USDT,0.5756,698.0,0.5755,631.0,0.5758,214.0,0.5759,1441.0
1753593048083,05:10:48.083,phemex,A/USDT:USDT,0.5756,698.0,0.5755,631.0,0.5758,214.0,0.5759,1441.0
1753593052883,05:10:52.883,phemex,A/USDT:USDT,0.5756,698.0,0.5755,631.0,0.5758,214.0,0.5759,1441.0
1753593052906,05:10:52.906,phemex,A/USDT:USDT,0.5756,698.0,0.5755,631.0,0.5758,214.0,0.5759,1441.0
1753593054350,05:10:54.350,phemex,A/USDT:USDT,0.5756,217.0,0.5755,631.0,0.5758,214.0,0.5759,1441.0
1753593064831,05:11:04.831,phemex,A/USDT:USDT,0.5755,631.0,0.5754,219.0,0.5757,833.0,0.5758,214.0
1753593064840,05:11:04.840,phemex,A/USDT:USDT,0.5755,631.0,0.5754,219.0,0.5756,220.0,0.5757,833.0
1753593064860,05:11:04.860,phemex,A/USDT:USDT,0.5755,631.0,0.5754,219.0,0.5756,220.0,0.5757,833.0
1753593064888,05:11:04.888,phemex,A/USDT:USDT,0.5755,631.0,0.5754,219.0,0.5757,833.0,0.5758,214.0
1753593064949,05:11:04.949,phemex,A/USDT:USDT,0.5755,631.0,0.5754,219.0,0.5757,833.0,0.5758,214.0
1753593065110,05:11:05.110,phemex,A/USDT:USDT,0.5755,631.0,0.5754,219.0,0.5757,833.0,0.5758,214.0
1753593065120,05:11:05.120,phemex,A/USDT:USDT,0.5755,631.0,0.5754,219.0,0.5757,833.0,0.5758,214.0
1753593065182,05:11:05.182,phemex,A/USDT:USDT,0.5756,220.0,0.5755,631.0,0.5757,833.0,0.5758,214.0
1753593066072,05:11:06.072,phemex,A/USDT:USDT,0.5755,631.0,0.5754,219.0,0.5757,833.0,0.5758,214.0
1753593066135,05:11:06.135,phemex,A/USDT:USDT,0.5755,631.0,0.5754,219.0,0.5757,833.0,0.5758,214.0
1753593066722,05:11:06.722,phemex,A/USDT:USDT,0.5756,216.0,0.5755,631.0,0.5757,833.0,0.5758,214.0
1753593066987,05:11:06.987,phemex,A/USDT:USDT,0.5756,216.0,0.5755,631.0,0.5757,833.0,0.5758,214.0
1753593067014,05:11:07.014,phemex,A/USDT:USDT,0.5756,216.0,0.5755,631.0,0.5757,833.0,0.5758,214.0
1753593068677,05:11:08.677,phemex,A/USDT:USDT,0.5756,216.0,0.5755,631.0,0.5757,833.0,0.5758,214.0
1753593068703,05:11:08.703,phemex,A/USDT:USDT,0.5756,216.0,0.5755,631.0,0.5757,833.0,0.5758,214.0
1753593069896,05:11:09.896,phemex,A/USDT:USDT,0.5756,216.0,0.5755,875.0,0.5757,833.0,0.5758,214.0
1753593069896,05:11:09.896,phemex,A/USDT:USDT,0.5756,440.0,0.5755,875.0,0.5757,833.0,0.5758,214.0
1753593069961,05:11:09.961,phemex,A/USDT:USDT,0.5756,440.0,0.5755,875.0,0.5757,833.0,0.5758,214.0
1753593070519,05:11:10.519,phemex,A/USDT:USDT,0.5756,440.0,0.5755,875.0,0.5758,642.0,0.5759,366.0
1753593070546,05:11:10.546,phemex,A/USDT:USDT,0.5757,216.0,0.5756,440.0,0.5758,642.0,0.5759,366.0
1753593072636,05:11:12.636,phemex,A/USDT:USDT,0.5756,440.0,0.5755,875.0,0.5758,642.0,0.5759,366.0
1753593072663,05:11:12.663,phemex,A/USDT:USDT,0.5756,440.0,0.5755,875.0,0.5758,642.0,0.5759,366.0
1753593073476,05:11:13.476,phemex,A/USDT:USDT,0.5756,440.0,0.5755,875.0,0.5758,642.0,0.5759,366.0
1753593073488,05:11:13.488,phemex,A/USDT:USDT,0.5756,440.0,0.5755,875.0,0.5758,642.0,0.5759,366.0
1753593073621,05:11:13.621,phemex,A/USDT:USDT,0.5757,216.0,0.5756,440.0,0.5758,642.0,0.5759,366.0
1753593074937,05:11:14.937,phemex,A/USDT:USDT,0.5757,630.0,0.5756,636.0,0.5758,642.0,0.5759,366.0
1753593076236,05:11:16.236,phemex,A/USDT:USDT,0.5757,630.0,0.5756,636.0,0.5758,642.0,0.5759,366.0
1753593076272,05:11:16.272,phemex,A/USDT:USDT,0.5757,630.0,0.5756,636.0,0.5758,642.0,0.5759,366.0
1753593077155,05:11:17.155,phemex,A/USDT:USDT,0.5757,216.0,0.5756,216.0,0.5758,642.0,0.5759,366.0
1753593077167,05:11:17.167,phemex,A/USDT:USDT,0.5756,216.0,0.5755,217.0,0.5758,642.0,0.5759,366.0
1753593077186,05:11:17.186,phemex,A/USDT:USDT,0.5755,217.0,0.5754,1656.0,0.5758,642.0,0.5759,366.0
1753593077204,05:11:17.204,phemex,A/USDT:USDT,0.5755,217.0,0.5754,1656.0,0.5758,642.0,0.5759,366.0
1753593077891,05:11:17.891,phemex,A/USDT:USDT,0.5755,217.0,0.5754,1656.0,0.5757,222.0,0.5758,642.0
1753593077922,05:11:17.922,phemex,A/USDT:USDT,0.5755,217.0,0.5754,1656.0,0.5757,222.0,0.5758,642.0
1753593079300,05:11:19.300,phemex,A/USDT:USDT,0.5755,217.0,0.5754,1656.0,0.5758,642.0,0.5759,366.0
1753593079354,05:11:19.354,phemex,A/USDT:USDT,0.5755,217.0,0.5754,1656.0,0.5758,642.0,0.5759,366.0
1753593082211,05:11:22.211,phemex,A/USDT:USDT,0.5755,217.0,0.5754,1656.0,0.5758,642.0,0.5759,366.0
1753593082296,05:11:22.296,phemex,A/USDT:USDT,0.5757,376.0,0.5755,772.0,0.5758,642.0,0.5759,366.0
1753593082321,05:11:22.321,phemex,A/USDT:USDT,0.5757,823.0,0.5756,222.0,0.5758,642.0,0.5759,366.0
1753593086289,05:11:26.289,phemex,A/USDT:USDT,0.5757,823.0,0.5756,222.0,0.5758,642.0,0.5759,366.0
1753593087913,05:11:27.913,phemex,A/USDT:USDT,0.5756,222.0,0.5755,1269.0,0.5758,642.0,0.5759,366.0
1753593088008,05:11:28.008,phemex,A/USDT:USDT,0.5756,222.0,0.5755,1269.0,0.5758,642.0,0.5759,366.0
1753593089993,05:11:29.993,phemex,A/USDT:USDT,0.5756,222.0,0.5755,1269.0,0.5758,428.0,0.5759,366.0
1753593090053,05:11:30.053,phemex,A/USDT:USDT,0.5757,312.0,0.5756,572.0,0.5759,433.0,0.576,457.0
1753593090122,05:11:30.122,phemex,A/USDT:USDT,0.5758,220.0,0.5757,312.0,0.5759,433.0,0.576,457.0
1753593090150,05:11:30.150,phemex,A/USDT:USDT,0.5758,220.0,0.5757,312.0,0.5759,433.0,0.576,457.0
1753593090211,05:11:30.211,phemex,A/USDT:USDT,0.5758,220.0,0.5757,532.0,0.5759,433.0,0.576,457.0
1753593090244,05:11:30.244,phemex,A/USDT:USDT,0.5757,532.0,0.5756,572.0,0.5759,433.0,0.576,457.0
1753593090300,05:11:30.300,phemex,A/USDT:USDT,0.5757,532.0,0.5756,572.0,0.5759,433.0,0.576,457.0
1753593090339,05:11:30.339,phemex,A/USDT:USDT,0.5757,532.0,0.5756,572.0,0.5758,220.0,0.5759,433.0
1753593091086,05:11:31.086,phemex,A/USDT:USDT,0.5757,532.0,0.5756,572.0,0.5758,220.0,0.5759,433.0
1753593093092,05:11:33.092,phemex,A/USDT:USDT,0.5757,220.0,0.5756,572.0,0.5758,220.0,0.5759,433.0
1753593093508,05:11:33.508,phemex,A/USDT:USDT,0.5757,220.0,0.5756,572.0,0.5759,433.0,0.576,457.0
1753593093546,05:11:33.546,phemex,A/USDT:USDT,0.5757,220.0,0.5756,572.0,0.5759,433.0,0.576,457.0
1753593093572,05:11:33.572,phemex,A/USDT:USDT,0.5757,220.0,0.5756,572.0,0.5758,220.0,0.5759,433.0
1753593095884,05:11:35.884,phemex,A/USDT:USDT,0.5757,220.0,0.5756,572.0,0.5758,220.0,0.5759,433.0
1753593096840,05:11:36.840,phemex,A/USDT:USDT,0.5757,220.0,0.5756,572.0,0.5759,433.0,0.576,457.0
1753593096876,05:11:36.876,phemex,A/USDT:USDT,0.5758,452.0,0.5757,637.0,0.5759,433.0,0.576,653.0
1753593096998,05:11:36.998,phemex,A/USDT:USDT,0.5758,452.0,0.5757,637.0,0.5759,433.0,0.576,653.0
1753593103535,05:11:43.535,phemex,A/USDT:USDT,0.5758,452.0,0.5757,637.0,0.5759,214.0,0.576,379.0
1753593103540,05:11:43.540,phemex,A/USDT:USDT,0.5758,452.0,0.5757,637.0,0.576,379.0,0.5761,212.0
1753593103577,05:11:43.577,phemex,A/USDT:USDT,0.5758,452.0,0.5757,637.0,0.5759,214.0,0.576,379.0
1753593103668,05:11:43.668,phemex,A/USDT:USDT,0.5758,452.0,0.5757,637.0,0.576,379.0,0.5761,212.0
1753593103698,05:11:43.698,phemex,A/USDT:USDT,0.5758,452.0,0.5757,637.0,0.576,379.0,0.5761,212.0
1753593104240,05:11:44.240,phemex,A/USDT:USDT,0.5758,856.0,0.5757,1171.0,0.576,379.0,0.5761,212.0
1753593105468,05:11:45.468,phemex,A/USDT:USDT,0.5759,214.0,0.5758,856.0,0.576,379.0,0.5761,212.0
1753593105525,05:11:45.525,phemex,A/USDT:USDT,0.5758,1070.0,0.5757,1171.0,0.576,379.0,0.5761,212.0
1753593105555,05:11:45.555,phemex,A/USDT:USDT,0.5758,1070.0,0.5757,1171.0,0.576,379.0,0.5761,212.0
1753593105642,05:11:45.642,phemex,A/USDT:USDT,0.5758,214.0,0.5757,1171.0,0.576,379.0,0.5761,212.0
1753593107685,05:11:47.685,phemex,A/USDT:USDT,0.5758,214.0,0.5757,1171.0,0.576,379.0,0.5761,212.0
1753593107729,05:11:47.729,phemex,A/USDT:USDT,0.5758,214.0,0.5757,1171.0,0.576,379.0,0.5761,212.0
1753593110735,05:11:50.735,phemex,A/USDT:USDT,0.5758,214.0,0.5757,1171.0,0.5759,213.0,0.576,379.0
1753593111420,05:11:51.420,phemex,A/USDT:USDT,0.5758,445.0,0.5757,400.0,0.5759,213.0,0.576,539.0
1753593119804,05:11:59.804,phemex,A/USDT:USDT,0.5758,231.0,0.5757,400.0,0.5759,213.0,0.576,539.0
1753593120922,05:12:00.922,phemex,A/USDT:USDT,0.5757,400.0,0.5756,1065.0,0.5759,213.0,0.576,539.0
1753593120962,05:12:00.962,phemex,A/USDT:USDT,0.5757,400.0,0.5756,1065.0,0.5759,213.0,0.576,539.0
1753593122537,05:12:02.537,phemex,A/USDT:USDT,0.5758,220.0,0.5757,400.0,0.5759,213.0,0.576,539.0
1753593124066,05:12:04.066,phemex,A/USDT:USDT,0.5757,400.0,0.5756,1065.0,0.5759,213.0,0.576,539.0
