timestamp,time,exchange,symbol,bid1_price,bid1_volume,bid2_price,bid2_volume,ask1_price,ask1_volume,ask2_price,ask2_volume
1753591881193,04:51:21.193,huobi,A/USDT:USDT,0.5758,42.0,0.5757,289.0,0.5759,42.0,0.5761,56.0
1753591901331,04:51:41.331,huobi,A/USDT:USDT,0.5758,42.0,0.5757,289.0,0.5759,42.0,0.5761,56.0
1753591901349,04:51:41.349,huobi,A/USDT:USDT,0.5758,42.0,0.5757,289.0,0.5759,42.0,0.5761,56.0
1753591913386,04:51:53.386,huobi,A/USDT:USDT,0.5758,42.0,0.5757,289.0,0.5759,42.0,0.5761,56.0
1753591913405,04:51:53.405,huobi,A/USDT:USDT,0.5758,42.0,0.5757,289.0,0.5759,42.0,0.5761,56.0
1753591921832,04:52:01.832,huobi,A/USDT:USDT,0.5758,42.0,0.5757,289.0,0.5761,56.0,0.5762,42.0
1753591921851,04:52:01.851,huobi,A/USDT:USDT,0.5758,42.0,0.5757,289.0,0.5761,42.0,0.5762,42.0
1753591921876,04:52:01.876,huobi,A/USDT:USDT,0.5758,42.0,0.5757,289.0,0.5762,42.0,0.5763,16.0
1753591921924,04:52:01.924,huobi,A/USDT:USDT,0.5758,42.0,0.5757,289.0,0.5762,42.0,0.5763,16.0
1753591921925,04:52:01.925,huobi,A/USDT:USDT,0.5758,42.0,0.5757,289.0,0.5762,42.0,0.5765,103.0
1753591921981,04:52:01.981,huobi,A/USDT:USDT,0.5758,42.0,0.5757,289.0,0.5762,42.0,0.5763,16.0
1753591921984,04:52:01.984,huobi,A/USDT:USDT,0.5758,42.0,0.5757,289.0,0.5762,42.0,0.5763,16.0
1753591922018,04:52:02.018,huobi,A/USDT:USDT,0.5758,289.0,0.5757,289.0,0.5762,42.0,0.5763,16.0
1753591922100,04:52:02.100,huobi,A/USDT:USDT,0.5759,43.0,0.5758,42.0,0.5762,42.0,0.5763,16.0
1753591922105,04:52:02.105,huobi,A/USDT:USDT,0.5759,290.0,0.5758,42.0,0.5762,42.0,0.5763,16.0
1753591922150,04:52:02.150,huobi,A/USDT:USDT,0.576,43.0,0.5759,290.0,0.5762,42.0,0.5763,16.0
1753591922178,04:52:02.178,huobi,A/USDT:USDT,0.576,43.0,0.5759,43.0,0.5762,42.0,0.5763,16.0
1753591922217,04:52:02.217,huobi,A/USDT:USDT,0.576,43.0,0.5759,43.0,0.5762,42.0,0.5763,16.0
1753591922251,04:52:02.251,huobi,A/USDT:USDT,0.576,43.0,0.5759,43.0,0.5762,42.0,0.5763,16.0
1753591922259,04:52:02.259,huobi,A/USDT:USDT,0.576,43.0,0.5759,43.0,0.5762,42.0,0.5763,16.0
1753591922325,04:52:02.325,huobi,A/USDT:USDT,0.5759,43.0,0.5758,289.0,0.5762,42.0,0.5763,16.0
1753591922670,04:52:02.670,huobi,A/USDT:USDT,0.5759,43.0,0.5758,289.0,0.5762,42.0,0.5763,16.0
1753591922677,04:52:02.677,huobi,A/USDT:USDT,0.5759,43.0,0.5758,289.0,0.5762,42.0,0.5763,16.0
1753591922910,04:52:02.910,huobi,A/USDT:USDT,0.5759,43.0,0.5758,289.0,0.5762,42.0,0.5763,16.0
1753591922985,04:52:02.985,huobi,A/USDT:USDT,0.5759,43.0,0.5758,289.0,0.5762,42.0,0.5763,16.0
1753591923252,04:52:03.252,huobi,A/USDT:USDT,0.5759,43.0,0.5758,289.0,0.5762,42.0,0.5765,42.0
1753591923278,04:52:03.278,huobi,A/USDT:USDT,0.5759,43.0,0.5758,289.0,0.5765,289.0,0.5766,410.0
1753591923309,04:52:03.309,huobi,A/USDT:USDT,0.5759,43.0,0.5758,289.0,0.5763,43.0,0.5764,57.0
1753591924347,04:52:04.347,huobi,A/USDT:USDT,0.5759,43.0,0.5758,289.0,0.5763,43.0,0.5764,57.0
1753591931816,04:52:11.816,huobi,A/USDT:USDT,0.5759,43.0,0.5758,289.0,0.5763,43.0,0.5764,57.0
1753591931833,04:52:11.833,huobi,A/USDT:USDT,0.5759,43.0,0.5758,289.0,0.5763,43.0,0.5764,57.0
1753591936618,04:52:16.618,huobi,A/USDT:USDT,0.5759,43.0,0.5758,289.0,0.5763,43.0,0.5764,57.0
1753591936634,04:52:16.634,huobi,A/USDT:USDT,0.5759,43.0,0.5758,289.0,0.5763,43.0,0.5764,57.0
1753591937847,04:52:17.847,huobi,A/USDT:USDT,0.5759,43.0,0.5758,289.0,0.5763,43.0,0.5764,57.0
1753591940025,04:52:20.025,huobi,A/USDT:USDT,0.5759,43.0,0.5758,289.0,0.5763,43.0,0.5764,57.0
1753591941040,04:52:21.040,huobi,A/USDT:USDT,0.5759,290.0,0.5758,289.0,0.5763,43.0,0.5764,57.0
1753591941076,04:52:21.076,huobi,A/USDT:USDT,0.576,43.0,0.5759,290.0,0.5763,43.0,0.5764,57.0
1753591941148,04:52:21.148,huobi,A/USDT:USDT,0.576,43.0,0.5759,290.0,0.5763,43.0,0.5764,57.0
1753591941160,04:52:21.160,huobi,A/USDT:USDT,0.576,290.0,0.5759,290.0,0.5763,43.0,0.5764,57.0
1753591941186,04:52:21.186,huobi,A/USDT:USDT,0.5761,43.0,0.576,43.0,0.5763,43.0,0.5764,57.0
1753591941233,04:52:21.233,huobi,A/USDT:USDT,0.5761,43.0,0.576,290.0,0.5763,43.0,0.5764,57.0
1753591941268,04:52:21.268,huobi,A/USDT:USDT,0.5761,43.0,0.576,43.0,0.5763,43.0,0.5764,57.0
1753591941323,04:52:21.323,huobi,A/USDT:USDT,0.5761,43.0,0.576,43.0,0.5763,43.0,0.5764,57.0
1753591941326,04:52:21.326,huobi,A/USDT:USDT,0.5761,43.0,0.576,290.0,0.5763,43.0,0.5764,57.0
1753591941334,04:52:21.334,huobi,A/USDT:USDT,0.5761,43.0,0.576,43.0,0.5763,43.0,0.5764,57.0
1753591941367,04:52:21.367,huobi,A/USDT:USDT,0.5761,43.0,0.576,290.0,0.5763,43.0,0.5764,57.0
1753591941417,04:52:21.417,huobi,A/USDT:USDT,0.5761,43.0,0.576,43.0,0.5763,43.0,0.5764,57.0
1753591941428,04:52:21.428,huobi,A/USDT:USDT,0.5761,43.0,0.576,290.0,0.5763,43.0,0.5764,57.0
1753591942197,04:52:22.197,huobi,A/USDT:USDT,0.5761,43.0,0.576,43.0,0.5763,43.0,0.5764,57.0
1753591942209,04:52:22.209,huobi,A/USDT:USDT,0.576,43.0,0.5759,43.0,0.5763,43.0,0.5764,57.0
1753591942412,04:52:22.412,huobi,A/USDT:USDT,0.5759,43.0,0.5758,247.0,0.5763,43.0,0.5764,57.0
1753591946217,04:52:26.217,huobi,A/USDT:USDT,0.5759,43.0,0.5758,247.0,0.5763,43.0,0.5764,57.0
1753591946231,04:52:26.231,huobi,A/USDT:USDT,0.5759,43.0,0.5758,247.0,0.5763,43.0,0.5764,57.0
1753591946440,04:52:26.440,huobi,A/USDT:USDT,0.5759,43.0,0.5757,42.0,0.5763,43.0,0.5764,57.0
1753591946527,04:52:26.527,huobi,A/USDT:USDT,0.5757,42.0,0.5756,14.0,0.5763,43.0,0.5764,57.0
1753591951043,04:52:31.043,huobi,A/USDT:USDT,0.5757,42.0,0.5756,14.0,0.5763,43.0,0.5764,57.0
1753591951044,04:52:31.044,huobi,A/USDT:USDT,0.5757,42.0,0.5756,14.0,0.5763,43.0,0.5764,57.0
1753591951246,04:52:31.246,huobi,A/USDT:USDT,0.5757,42.0,0.5756,14.0,0.5763,43.0,0.5764,57.0
1753591951297,04:52:31.297,huobi,A/USDT:USDT,0.5757,42.0,0.5756,14.0,0.5763,43.0,0.5764,57.0
1753591953027,04:52:33.027,huobi,A/USDT:USDT,0.5757,42.0,0.5756,14.0,0.5763,43.0,0.5764,57.0
1753591953047,04:52:33.047,huobi,A/USDT:USDT,0.5757,42.0,0.5756,14.0,0.5763,43.0,0.5764,57.0
1753591959828,04:52:39.828,huobi,A/USDT:USDT,0.5757,42.0,0.5756,14.0,0.5763,43.0,0.5764,57.0
1753591959884,04:52:39.884,huobi,A/USDT:USDT,0.5757,42.0,0.5756,14.0,0.5763,43.0,0.5764,57.0
1753591965722,04:52:45.722,huobi,A/USDT:USDT,0.5757,42.0,0.5756,14.0,0.5759,7.0,0.5763,43.0
1753591965731,04:52:45.731,huobi,A/USDT:USDT,0.5757,42.0,0.5756,14.0,0.5763,43.0,0.5764,57.0
1753591979791,04:52:59.791,huobi,A/USDT:USDT,0.5757,42.0,0.5756,14.0,0.5763,43.0,0.5764,43.0
1753591979804,04:52:59.804,huobi,A/USDT:USDT,0.5757,42.0,0.5756,14.0,0.5764,43.0,0.5765,42.0
1753591979831,04:52:59.831,huobi,A/USDT:USDT,0.5757,42.0,0.5755,247.0,0.5765,289.0,0.5766,410.0
1753591979857,04:52:59.857,huobi,A/USDT:USDT,0.5757,42.0,0.5755,247.0,0.5764,43.0,0.5765,57.0
1753591979896,04:52:59.896,huobi,A/USDT:USDT,0.5758,290.0,0.5757,56.0,0.5764,43.0,0.5765,57.0
1753591979919,04:52:59.919,huobi,A/USDT:USDT,0.5758,290.0,0.5757,56.0,0.5764,43.0,0.5765,57.0
1753591979953,04:52:59.953,huobi,A/USDT:USDT,0.5759,43.0,0.5758,290.0,0.5764,43.0,0.5765,57.0
1753591980003,04:53:00.003,huobi,A/USDT:USDT,0.5759,43.0,0.5758,290.0,0.5764,43.0,0.5765,57.0
1753591980035,04:53:00.035,huobi,A/USDT:USDT,0.5759,290.0,0.5758,290.0,0.5764,43.0,0.5765,57.0
1753591980078,04:53:00.078,huobi,A/USDT:USDT,0.576,43.0,0.5759,290.0,0.5764,43.0,0.5765,57.0
1753591980144,04:53:00.144,huobi,A/USDT:USDT,0.576,43.0,0.5759,290.0,0.5764,43.0,0.5765,57.0
1753591980160,04:53:00.160,huobi,A/USDT:USDT,0.576,290.0,0.5759,290.0,0.5764,43.0,0.5765,57.0
1753591980189,04:53:00.189,huobi,A/USDT:USDT,0.5761,43.0,0.576,43.0,0.5764,43.0,0.5765,57.0
1753591980235,04:53:00.235,huobi,A/USDT:USDT,0.5761,43.0,0.576,290.0,0.5764,43.0,0.5765,57.0
1753591980246,04:53:00.246,huobi,A/USDT:USDT,0.5761,43.0,0.576,43.0,0.5764,43.0,0.5765,57.0
1753591980279,04:53:00.279,huobi,A/USDT:USDT,0.5761,43.0,0.576,43.0,0.5764,43.0,0.5765,57.0
1753591980338,04:53:00.338,huobi,A/USDT:USDT,0.576,290.0,0.5759,43.0,0.5764,43.0,0.5765,57.0
1753591980363,04:53:00.363,huobi,A/USDT:USDT,0.5761,43.0,0.576,290.0,0.5764,43.0,0.5765,57.0
1753591981255,04:53:01.255,huobi,A/USDT:USDT,0.5761,43.0,0.576,290.0,0.5764,43.0,0.5765,304.0
1753591981315,04:53:01.315,huobi,A/USDT:USDT,0.5761,43.0,0.576,290.0,0.5764,43.0,0.5765,304.0
1753591983449,04:53:03.449,huobi,A/USDT:USDT,0.5761,43.0,0.576,290.0,0.5764,43.0,0.5765,304.0
1753591983460,04:53:03.460,huobi,A/USDT:USDT,0.5761,43.0,0.576,290.0,0.5764,43.0,0.5765,57.0
1753591983495,04:53:03.495,huobi,A/USDT:USDT,0.5761,43.0,0.576,290.0,0.5764,43.0,0.5765,304.0
1753591983525,04:53:03.525,huobi,A/USDT:USDT,0.5761,43.0,0.576,290.0,0.5764,43.0,0.5765,304.0
1753591983620,04:53:03.620,huobi,A/USDT:USDT,0.5761,43.0,0.576,290.0,0.5764,43.0,0.5765,304.0
1753591983636,04:53:03.636,huobi,A/USDT:USDT,0.5761,43.0,0.576,290.0,0.5764,43.0,0.5765,304.0
1753591985626,04:53:05.626,huobi,A/USDT:USDT,0.5761,43.0,0.576,290.0,0.5764,43.0,0.5765,304.0
1753591988419,04:53:08.419,huobi,A/USDT:USDT,0.5761,43.0,0.576,290.0,0.5764,43.0,0.5765,304.0
1753591988437,04:53:08.437,huobi,A/USDT:USDT,0.5761,43.0,0.576,290.0,0.5764,43.0,0.5765,304.0
1753591992825,04:53:12.825,huobi,A/USDT:USDT,0.5761,43.0,0.576,290.0,0.5764,43.0,0.5765,304.0
1753591992876,04:53:12.876,huobi,A/USDT:USDT,0.5761,43.0,0.576,290.0,0.5764,43.0,0.5765,304.0
1753591992933,04:53:12.933,huobi,A/USDT:USDT,0.5761,43.0,0.576,290.0,0.5764,43.0,0.5765,289.0
1753591992939,04:53:12.939,huobi,A/USDT:USDT,0.5761,43.0,0.576,290.0,0.5764,58.0,0.5765,289.0
1753591993271,04:53:13.271,huobi,A/USDT:USDT,0.5761,43.0,0.576,290.0,0.5763,42.0,0.5764,58.0
1753591993323,04:53:13.323,huobi,A/USDT:USDT,0.5761,43.0,0.576,290.0,0.5763,42.0,0.5764,58.0
1753591993337,04:53:13.337,huobi,A/USDT:USDT,0.5761,43.0,0.576,290.0,0.5763,42.0,0.5764,58.0
1753591993374,04:53:13.374,huobi,A/USDT:USDT,0.576,290.0,0.5758,43.0,0.5763,42.0,0.5764,58.0
1753591993391,04:53:13.391,huobi,A/USDT:USDT,0.576,43.0,0.5758,43.0,0.5763,42.0,0.5764,58.0
1753591993418,04:53:13.418,huobi,A/USDT:USDT,0.5757,42.0,0.5756,16.0,0.5763,42.0,0.5764,58.0
1753592002820,04:53:22.820,huobi,A/USDT:USDT,0.5757,42.0,0.5756,16.0,0.5763,42.0,0.5764,58.0
1753592002835,04:53:22.835,huobi,A/USDT:USDT,0.5757,42.0,0.5756,16.0,0.5763,42.0,0.5764,58.0
1753592007619,04:53:27.619,huobi,A/USDT:USDT,0.5757,42.0,0.5756,16.0,0.5763,42.0,0.5764,58.0
1753592018906,04:53:38.906,huobi,A/USDT:USDT,0.5757,42.0,0.5756,16.0,0.5761,3.0,0.5763,42.0
1753592018920,04:53:38.920,huobi,A/USDT:USDT,0.5757,42.0,0.5756,16.0,0.5761,42.0,0.5763,42.0
1753592029376,04:53:49.376,huobi,A/USDT:USDT,0.5757,42.0,0.5756,16.0,0.5763,42.0,0.5764,58.0
1753592029473,04:53:49.473,huobi,A/USDT:USDT,0.5757,42.0,0.5756,16.0,0.5763,42.0,0.5764,58.0
1753592029489,04:53:49.489,huobi,A/USDT:USDT,0.5757,42.0,0.5756,16.0,0.5763,42.0,0.5764,58.0
1753592033620,04:53:53.620,huobi,A/USDT:USDT,0.5757,42.0,0.5756,16.0,0.5763,42.0,0.5764,58.0
1753592038420,04:53:58.420,huobi,A/USDT:USDT,0.5757,42.0,0.5756,16.0,0.5763,42.0,0.5764,58.0
1753592043220,04:54:03.220,huobi,A/USDT:USDT,0.5757,42.0,0.5756,16.0,0.5763,42.0,0.5764,58.0
1753592043575,04:54:03.575,huobi,A/USDT:USDT,0.5757,42.0,0.5755,247.0,0.5763,42.0,0.5764,58.0
1753592043618,04:54:03.618,huobi,A/USDT:USDT,0.5757,56.0,0.5755,247.0,0.5763,42.0,0.5764,58.0
1753592043643,04:54:03.643,huobi,A/USDT:USDT,0.5758,290.0,0.5757,56.0,0.5763,42.0,0.5764,58.0
1753592043751,04:54:03.751,huobi,A/USDT:USDT,0.5759,43.0,0.5758,290.0,0.5763,42.0,0.5764,58.0
1753592048020,04:54:08.020,huobi,A/USDT:USDT,0.5759,43.0,0.5758,290.0,0.5763,42.0,0.5764,58.0
1753592049997,04:54:09.997,huobi,A/USDT:USDT,0.5759,290.0,0.5758,290.0,0.5763,42.0,0.5764,58.0
1753592050078,04:54:10.078,huobi,A/USDT:USDT,0.576,43.0,0.5759,290.0,0.5763,42.0,0.5764,43.0
1753592050091,04:54:10.091,huobi,A/USDT:USDT,0.576,43.0,0.5759,290.0,0.5764,43.0,0.5765,42.0
1753592050122,04:54:10.122,huobi,A/USDT:USDT,0.576,290.0,0.5759,290.0,0.5765,42.0,0.5766,410.0
1753592050150,04:54:10.150,huobi,A/USDT:USDT,0.5761,43.0,0.576,43.0,0.5765,59.0,0.5766,410.0
1753592050178,04:54:10.178,huobi,A/USDT:USDT,0.5761,43.0,0.576,43.0,0.5764,43.0,0.5765,59.0
1753592050229,04:54:10.229,huobi,A/USDT:USDT,0.5761,43.0,0.576,43.0,0.5764,43.0,0.5765,59.0
1753592050243,04:54:10.243,huobi,A/USDT:USDT,0.5761,43.0,0.576,43.0,0.5764,43.0,0.5765,59.0
1753592050283,04:54:10.283,huobi,A/USDT:USDT,0.5761,43.0,0.576,43.0,0.5764,43.0,0.5765,59.0
1753592050296,04:54:10.296,huobi,A/USDT:USDT,0.576,43.0,0.5759,290.0,0.5764,43.0,0.5765,59.0
1753592050366,04:54:10.366,huobi,A/USDT:USDT,0.576,43.0,0.5759,290.0,0.5764,43.0,0.5765,59.0
1753592050994,04:54:10.994,huobi,A/USDT:USDT,0.576,43.0,0.5759,290.0,0.5764,43.0,0.5765,59.0
1753592051091,04:54:11.091,huobi,A/USDT:USDT,0.576,43.0,0.5759,290.0,0.5764,43.0,0.5765,59.0
1753592051196,04:54:11.196,huobi,A/USDT:USDT,0.576,43.0,0.5759,290.0,0.5764,43.0,0.5765,59.0
1753592051224,04:54:11.224,huobi,A/USDT:USDT,0.5761,43.0,0.576,290.0,0.5764,43.0,0.5765,59.0
1753592051317,04:54:11.317,huobi,A/USDT:USDT,0.5761,43.0,0.576,43.0,0.5764,43.0,0.5765,59.0
1753592051382,04:54:11.382,huobi,A/USDT:USDT,0.576,43.0,0.5759,43.0,0.5764,43.0,0.5765,59.0
1753592057621,04:54:17.621,huobi,A/USDT:USDT,0.5759,43.0,0.5758,290.0,0.5764,43.0,0.5765,59.0
1753592062421,04:54:22.421,huobi,A/USDT:USDT,0.5759,43.0,0.5758,290.0,0.5764,43.0,0.5765,59.0
1753592062720,04:54:22.720,huobi,A/USDT:USDT,0.5759,290.0,0.5758,290.0,0.5764,43.0,0.5765,59.0
1753592062827,04:54:22.827,huobi,A/USDT:USDT,0.576,42.0,0.5759,290.0,0.5764,43.0,0.5765,59.0
1753592062840,04:54:22.840,huobi,A/USDT:USDT,0.576,289.0,0.5759,290.0,0.5764,43.0,0.5765,59.0
1753592062869,04:54:22.869,huobi,A/USDT:USDT,0.5761,42.0,0.576,42.0,0.5764,43.0,0.5765,59.0
1753592062947,04:54:22.947,huobi,A/USDT:USDT,0.5761,42.0,0.576,289.0,0.5764,43.0,0.5765,59.0
1753592062958,04:54:22.958,huobi,A/USDT:USDT,0.5761,42.0,0.576,42.0,0.5764,43.0,0.5765,59.0
1753592063017,04:54:23.017,huobi,A/USDT:USDT,0.576,42.0,0.5759,290.0,0.5764,43.0,0.5765,59.0
1753592063047,04:54:23.047,huobi,A/USDT:USDT,0.576,42.0,0.5759,290.0,0.5764,43.0,0.5765,59.0
1753592065574,04:54:25.574,huobi,A/USDT:USDT,0.576,42.0,0.5759,290.0,0.5764,43.0,0.5765,59.0
1753592065627,04:54:25.627,huobi,A/USDT:USDT,0.576,42.0,0.5759,290.0,0.5764,43.0,0.5765,59.0
1753592066487,04:54:26.487,huobi,A/USDT:USDT,0.576,42.0,0.5759,290.0,0.5764,43.0,0.5765,59.0
1753592066535,04:54:26.535,huobi,A/USDT:USDT,0.576,42.0,0.5759,290.0,0.5764,43.0,0.5765,59.0
1753592068331,04:54:28.331,huobi,A/USDT:USDT,0.576,42.0,0.5759,290.0,0.5764,43.0,0.5765,59.0
1753592073205,04:54:33.205,huobi,A/USDT:USDT,0.576,289.0,0.5759,290.0,0.5764,43.0,0.5765,59.0
1753592073218,04:54:33.218,huobi,A/USDT:USDT,0.5761,42.0,0.576,289.0,0.5764,43.0,0.5765,59.0
1753592073312,04:54:33.312,huobi,A/USDT:USDT,0.5761,42.0,0.576,289.0,0.5764,43.0,0.5765,59.0
1753592073342,04:54:33.342,huobi,A/USDT:USDT,0.5762,42.0,0.5761,289.0,0.5764,43.0,0.5765,59.0
1753592073479,04:54:33.479,huobi,A/USDT:USDT,0.5762,42.0,0.5761,42.0,0.5764,43.0,0.5765,59.0
1753592073499,04:54:33.499,huobi,A/USDT:USDT,0.5762,42.0,0.5761,289.0,0.5764,43.0,0.5765,59.0
1753592073523,04:54:33.523,huobi,A/USDT:USDT,0.5762,42.0,0.5761,289.0,0.5764,43.0,0.5765,59.0
1753592074932,04:54:34.932,huobi,A/USDT:USDT,0.5762,42.0,0.5761,289.0,0.5764,43.0,0.5765,59.0
1753592076671,04:54:36.671,huobi,A/USDT:USDT,0.5762,42.0,0.5761,42.0,0.5764,43.0,0.5765,59.0
1753592076728,04:54:36.728,huobi,A/USDT:USDT,0.5761,42.0,0.5759,43.0,0.5764,43.0,0.5765,59.0
1753592076768,04:54:36.768,huobi,A/USDT:USDT,0.5759,247.0,0.5758,43.0,0.5764,43.0,0.5765,59.0
1753592076791,04:54:36.791,huobi,A/USDT:USDT,0.5759,247.0,0.5758,43.0,0.5764,43.0,0.5765,42.0
1753592076827,04:54:36.827,huobi,A/USDT:USDT,0.5759,247.0,0.5758,43.0,0.5765,289.0,0.5766,410.0
1753592076876,04:54:36.876,huobi,A/USDT:USDT,0.5759,247.0,0.5758,43.0,0.5764,58.0,0.5765,289.0
1753592076919,04:54:36.919,huobi,A/USDT:USDT,0.576,42.0,0.5759,247.0,0.5764,58.0,0.5765,289.0
1753592076985,04:54:36.985,huobi,A/USDT:USDT,0.576,42.0,0.5759,247.0,0.5763,42.0,0.5764,58.0
1753592076998,04:54:36.998,huobi,A/USDT:USDT,0.576,42.0,0.5759,247.0,0.5763,42.0,0.5764,58.0
1753592077122,04:54:37.122,huobi,A/USDT:USDT,0.576,42.0,0.5759,247.0,0.5763,42.0,0.5764,58.0
1753592078673,04:54:38.673,huobi,A/USDT:USDT,0.576,42.0,0.5758,247.0,0.5763,42.0,0.5764,58.0
1753592078751,04:54:38.751,huobi,A/USDT:USDT,0.576,42.0,0.5758,247.0,0.5763,42.0,0.5764,58.0
1753592078859,04:54:38.859,huobi,A/USDT:USDT,0.576,42.0,0.5758,247.0,0.5763,42.0,0.5764,58.0
1753592078991,04:54:38.991,huobi,A/USDT:USDT,0.576,42.0,0.5759,247.0,0.5763,42.0,0.5764,58.0
1753592080624,04:54:40.624,huobi,A/USDT:USDT,0.576,42.0,0.5759,247.0,0.5763,42.0,0.5764,58.0
1753592080638,04:54:40.638,huobi,A/USDT:USDT,0.576,42.0,0.5759,247.0,0.5763,42.0,0.5764,58.0
1753592080693,04:54:40.693,huobi,A/USDT:USDT,0.576,42.0,0.5759,247.0,0.5763,42.0,0.5764,58.0
1753592080748,04:54:40.748,huobi,A/USDT:USDT,0.576,42.0,0.5759,247.0,0.5763,42.0,0.5764,58.0
1753592082090,04:54:42.090,huobi,A/USDT:USDT,0.576,42.0,0.5759,247.0,0.5763,42.0,0.5764,58.0
1753592082113,04:54:42.113,huobi,A/USDT:USDT,0.576,42.0,0.5759,247.0,0.5763,42.0,0.5764,58.0
1753592082142,04:54:42.142,huobi,A/USDT:USDT,0.576,42.0,0.5759,247.0,0.5763,42.0,0.5764,58.0
1753592082158,04:54:42.158,huobi,A/USDT:USDT,0.576,42.0,0.5759,247.0,0.5763,42.0,0.5764,58.0
1753592082628,04:54:42.628,huobi,A/USDT:USDT,0.576,42.0,0.5757,42.0,0.5763,42.0,0.5764,58.0
1753592082641,04:54:42.641,huobi,A/USDT:USDT,0.5757,42.0,0.5756,16.0,0.5763,42.0,0.5764,58.0
1753592082698,04:54:42.698,huobi,A/USDT:USDT,0.5757,42.0,0.5756,16.0,0.5763,42.0,0.5764,58.0
1753592082752,04:54:42.752,huobi,A/USDT:USDT,0.5757,42.0,0.5754,42.0,0.5763,42.0,0.5764,42.0
1753592082755,04:54:42.755,huobi,A/USDT:USDT,0.5757,42.0,0.5754,42.0,0.5763,42.0,0.5764,42.0
1753592082798,04:54:42.798,huobi,A/USDT:USDT,0.5755,16.0,0.5754,42.0,0.5763,263.0,0.5764,42.0
1753592082832,04:54:42.832,huobi,A/USDT:USDT,0.5756,42.0,0.5755,16.0,0.5763,263.0,0.5764,42.0
1753592082930,04:54:42.930,huobi,A/USDT:USDT,0.5756,42.0,0.5755,263.0,0.5763,263.0,0.5764,42.0
1753592082944,04:54:42.944,huobi,A/USDT:USDT,0.5756,42.0,0.5755,263.0,0.5762,42.0,0.5763,263.0
1753592083170,04:54:43.170,huobi,A/USDT:USDT,0.576,1.0,0.5756,42.0,0.5762,42.0,0.5763,263.0
1753592083213,04:54:43.213,huobi,A/USDT:USDT,0.5758,42.0,0.5756,42.0,0.5762,42.0,0.5763,263.0
1753592083291,04:54:43.291,huobi,A/USDT:USDT,0.5758,42.0,0.5756,42.0,0.5762,42.0,0.5763,263.0
1753592083299,04:54:43.299,huobi,A/USDT:USDT,0.5756,42.0,0.5755,263.0,0.5762,42.0,0.5763,263.0
1753592083326,04:54:43.326,huobi,A/USDT:USDT,0.5758,42.0,0.5756,42.0,0.5762,42.0,0.5763,263.0
1753592083477,04:54:43.477,huobi,A/USDT:USDT,0.5757,247.0,0.5756,42.0,0.5762,42.0,0.5763,263.0
1753592083577,04:54:43.577,huobi,A/USDT:USDT,0.5758,42.0,0.5757,247.0,0.5762,42.0,0.5763,263.0
1753592085759,04:54:45.759,huobi,A/USDT:USDT,0.5758,42.0,0.5757,247.0,0.5762,42.0,0.5763,263.0
1753592086022,04:54:46.022,huobi,A/USDT:USDT,0.5758,42.0,0.5757,247.0,0.5762,42.0,0.5763,16.0
1753592086104,04:54:46.104,huobi,A/USDT:USDT,0.5758,42.0,0.5757,247.0,0.5762,42.0,0.5763,16.0
1753592086121,04:54:46.121,huobi,A/USDT:USDT,0.5758,42.0,0.5757,247.0,0.5762,42.0,0.5763,16.0
1753592086228,04:54:46.228,huobi,A/USDT:USDT,0.5758,42.0,0.5757,247.0,0.5762,42.0,0.5763,16.0
1753592090220,04:54:50.220,huobi,A/USDT:USDT,0.5758,42.0,0.5757,247.0,0.5762,42.0,0.5763,16.0
1753592090234,04:54:50.234,huobi,A/USDT:USDT,0.5758,42.0,0.5757,247.0,0.5762,42.0,0.5763,16.0
1753592092308,04:54:52.308,huobi,A/USDT:USDT,0.5758,42.0,0.5757,247.0,0.5762,42.0,0.5763,16.0
1753592092329,04:54:52.329,huobi,A/USDT:USDT,0.5758,42.0,0.5757,247.0,0.5762,42.0,0.5763,16.0
1753592094866,04:54:54.866,huobi,A/USDT:USDT,0.5758,42.0,0.5757,247.0,0.5762,42.0,0.5763,16.0
1753592094875,04:54:54.875,huobi,A/USDT:USDT,0.5758,42.0,0.5757,247.0,0.5762,42.0,0.5763,16.0
1753592094991,04:54:54.991,huobi,A/USDT:USDT,0.5758,42.0,0.5757,247.0,0.5762,42.0,0.5763,16.0
1753592095023,04:54:55.023,huobi,A/USDT:USDT,0.5758,42.0,0.5757,247.0,0.5762,42.0,0.5763,16.0
1753592095038,04:54:55.038,huobi,A/USDT:USDT,0.5758,42.0,0.5757,247.0,0.5762,42.0,0.5763,16.0
1753592095096,04:54:55.096,huobi,A/USDT:USDT,0.5758,42.0,0.5757,247.0,0.5762,42.0,0.5763,16.0
1753592098104,04:54:58.104,huobi,A/USDT:USDT,0.5758,42.0,0.5757,247.0,0.5762,42.0,0.5763,16.0
1753592098116,04:54:58.116,huobi,A/USDT:USDT,0.5758,42.0,0.5757,247.0,0.5762,42.0,0.5763,16.0
1753592114224,04:55:14.224,huobi,A/USDT:USDT,0.5758,42.0,0.5757,247.0,0.5762,42.0,0.5763,16.0
1753592114241,04:55:14.241,huobi,A/USDT:USDT,0.5758,42.0,0.5757,247.0,0.5762,42.0,0.5763,16.0
1753592114256,04:55:14.256,huobi,A/USDT:USDT,0.5758,42.0,0.5757,247.0,0.5762,42.0,0.5763,16.0
1753592119020,04:55:19.020,huobi,A/USDT:USDT,0.5758,42.0,0.5757,247.0,0.5762,42.0,0.5763,16.0
1753592119039,04:55:19.039,huobi,A/USDT:USDT,0.5758,42.0,0.5757,247.0,0.5762,42.0,0.5763,16.0
1753592119053,04:55:19.053,huobi,A/USDT:USDT,0.5758,42.0,0.5757,247.0,0.5762,42.0,0.5763,16.0
1753592121156,04:55:21.156,huobi,A/USDT:USDT,0.5758,42.0,0.5756,42.0,0.5762,42.0,0.5763,16.0
1753592121245,04:55:21.245,huobi,A/USDT:USDT,0.5756,42.0,0.5754,42.0,0.5762,42.0,0.5763,16.0
1753592121274,04:55:21.274,huobi,A/USDT:USDT,0.5753,42.0,0.5752,43.0,0.5762,42.0,0.5763,16.0
1753592121327,04:55:21.327,huobi,A/USDT:USDT,0.5754,14.0,0.5753,394.0,0.5762,42.0,0.5764,247.0
1753592121337,04:55:21.337,huobi,A/USDT:USDT,0.5754,14.0,0.5753,394.0,0.5762,57.0,0.5764,247.0
1753592121483,04:55:21.483,huobi,A/USDT:USDT,0.5755,43.0,0.5754,14.0,0.5761,43.0,0.5762,57.0
1753592121489,04:55:21.489,huobi,A/USDT:USDT,0.5755,43.0,0.5754,261.0,0.5761,43.0,0.5762,57.0
1753592122746,04:55:22.746,huobi,A/USDT:USDT,0.5755,43.0,0.5754,261.0,0.5761,43.0,0.5762,57.0
1753592122784,04:55:22.784,huobi,A/USDT:USDT,0.5755,43.0,0.5754,261.0,0.5761,43.0,0.5762,57.0
1753592122806,04:55:22.806,huobi,A/USDT:USDT,0.5755,43.0,0.5754,261.0,0.5761,43.0,0.5762,57.0
1753592122865,04:55:22.865,huobi,A/USDT:USDT,0.5755,43.0,0.5754,261.0,0.5761,43.0,0.5762,57.0
1753592122876,04:55:22.876,huobi,A/USDT:USDT,0.5755,43.0,0.5754,261.0,0.5761,43.0,0.5762,57.0
1753592123024,04:55:23.024,huobi,A/USDT:USDT,0.5755,43.0,0.5754,261.0,0.5761,43.0,0.5762,57.0
1753592123071,04:55:23.071,huobi,A/USDT:USDT,0.5755,43.0,0.5754,261.0,0.5761,43.0,0.5762,57.0
1753592123090,04:55:23.090,huobi,A/USDT:USDT,0.5755,43.0,0.5754,14.0,0.5761,43.0,0.5762,57.0
1753592123112,04:55:23.112,huobi,A/USDT:USDT,0.5755,43.0,0.5754,14.0,0.5761,43.0,0.5762,57.0
1753592123146,04:55:23.146,huobi,A/USDT:USDT,0.5755,43.0,0.5753,394.0,0.576,43.0,0.5761,290.0
1753592123167,04:55:23.167,huobi,A/USDT:USDT,0.5755,43.0,0.5753,394.0,0.576,43.0,0.5761,59.0
1753592123204,04:55:23.204,huobi,A/USDT:USDT,0.5755,43.0,0.5753,394.0,0.576,43.0,0.5761,59.0
1753592123229,04:55:23.229,huobi,A/USDT:USDT,0.5755,43.0,0.5753,410.0,0.576,43.0,0.5761,59.0
1753592123389,04:55:23.389,huobi,A/USDT:USDT,0.5755,43.0,0.5754,247.0,0.576,43.0,0.5761,306.0
1753592124889,04:55:24.889,huobi,A/USDT:USDT,0.5755,43.0,0.5754,247.0,0.576,43.0,0.5761,306.0
1753592127973,04:55:27.973,huobi,A/USDT:USDT,0.5757,9.0,0.5755,43.0,0.576,43.0,0.5761,306.0
1753592127995,04:55:27.995,huobi,A/USDT:USDT,0.5757,9.0,0.5755,43.0,0.576,43.0,0.5761,306.0
1753592133424,04:55:33.424,huobi,A/USDT:USDT,0.5755,43.0,0.5754,247.0,0.576,43.0,0.5761,306.0
1753592133565,04:55:33.565,huobi,A/USDT:USDT,0.5755,43.0,0.5754,247.0,0.576,43.0,0.5761,306.0
1753592133577,04:55:33.577,huobi,A/USDT:USDT,0.5755,43.0,0.5754,247.0,0.576,43.0,0.5761,306.0
1753592137439,04:55:37.439,huobi,A/USDT:USDT,0.5755,43.0,0.5754,247.0,0.576,290.0,0.5761,306.0
1753592137446,04:55:37.446,huobi,A/USDT:USDT,0.5755,43.0,0.5754,247.0,0.576,43.0,0.5761,306.0
1753592137545,04:55:37.545,huobi,A/USDT:USDT,0.5755,43.0,0.5754,247.0,0.576,43.0,0.5761,59.0
1753592138224,04:55:38.224,huobi,A/USDT:USDT,0.5755,43.0,0.5754,247.0,0.576,43.0,0.5761,306.0
1753592138251,04:55:38.251,huobi,A/USDT:USDT,0.5755,43.0,0.5754,247.0,0.576,43.0,0.5761,306.0
1753592138265,04:55:38.265,huobi,A/USDT:USDT,0.5755,43.0,0.5754,247.0,0.576,43.0,0.5761,306.0
1753592143024,04:55:43.024,huobi,A/USDT:USDT,0.5755,43.0,0.5754,247.0,0.576,43.0,0.5761,306.0
1753592144420,04:55:44.420,huobi,A/USDT:USDT,0.5755,43.0,0.5754,247.0,0.576,43.0,0.5761,306.0
1753592147823,04:55:47.823,huobi,A/USDT:USDT,0.5755,43.0,0.5754,247.0,0.576,43.0,0.5761,306.0
1753592147838,04:55:47.838,huobi,A/USDT:USDT,0.5755,43.0,0.5754,247.0,0.576,43.0,0.5761,306.0
1753592152410,04:55:52.410,huobi,A/USDT:USDT,0.5755,43.0,0.5754,247.0,0.576,290.0,0.5761,306.0
1753592152447,04:55:52.447,huobi,A/USDT:USDT,0.5755,43.0,0.5754,247.0,0.5759,43.0,0.576,290.0
1753592152517,04:55:52.517,huobi,A/USDT:USDT,0.5755,43.0,0.5754,247.0,0.5759,43.0,0.576,43.0
1753592152606,04:55:52.606,huobi,A/USDT:USDT,0.5755,43.0,0.5754,247.0,0.576,290.0,0.5761,59.0
1753592152627,04:55:52.627,huobi,A/USDT:USDT,0.5755,43.0,0.5754,247.0,0.5759,43.0,0.576,290.0
1753592156373,04:55:56.373,huobi,A/USDT:USDT,0.5755,43.0,0.5754,247.0,0.5759,43.0,0.576,43.0
1753592156487,04:55:56.487,huobi,A/USDT:USDT,0.5755,43.0,0.5754,247.0,0.576,43.0,0.5761,306.0
1753592156500,04:55:56.500,huobi,A/USDT:USDT,0.5755,43.0,0.5754,247.0,0.576,43.0,0.5761,59.0
1753592167024,04:56:07.024,huobi,A/USDT:USDT,0.5755,43.0,0.5754,247.0,0.576,43.0,0.5761,59.0
1753592171824,04:56:11.824,huobi,A/USDT:USDT,0.5755,43.0,0.5754,247.0,0.576,43.0,0.5761,59.0
1753592176623,04:56:16.623,huobi,A/USDT:USDT,0.5755,43.0,0.5754,247.0,0.576,43.0,0.5761,59.0
1753592176638,04:56:16.638,huobi,A/USDT:USDT,0.5755,43.0,0.5754,247.0,0.576,43.0,0.5761,59.0
1753592181424,04:56:21.424,huobi,A/USDT:USDT,0.5755,43.0,0.5754,247.0,0.576,43.0,0.5761,59.0
1753592190573,04:56:30.573,huobi,A/USDT:USDT,0.5755,43.0,0.5754,247.0,0.576,43.0,0.5761,43.0
1753592190575,04:56:30.575,huobi,A/USDT:USDT,0.5755,43.0,0.5754,247.0,0.576,43.0,0.5761,43.0
1753592190610,04:56:30.610,huobi,A/USDT:USDT,0.5755,43.0,0.5754,247.0,0.5761,43.0,0.5762,436.0
1753592190648,04:56:30.648,huobi,A/USDT:USDT,0.5755,43.0,0.5754,262.0,0.5761,43.0,0.5762,451.0
1753592190673,04:56:30.673,huobi,A/USDT:USDT,0.5755,43.0,0.5754,262.0,0.5761,43.0,0.5762,451.0
1753592190697,04:56:30.697,huobi,A/USDT:USDT,0.5755,43.0,0.5754,262.0,0.5761,43.0,0.5762,451.0
1753592190727,04:56:30.727,huobi,A/USDT:USDT,0.5755,43.0,0.5754,262.0,0.5761,43.0,0.5762,451.0
1753592191397,04:56:31.397,huobi,A/USDT:USDT,0.5755,43.0,0.5754,262.0,0.5761,43.0,0.5762,451.0
1753592191462,04:56:31.462,huobi,A/USDT:USDT,0.5755,43.0,0.5754,262.0,0.5761,43.0,0.5762,451.0
1753592192047,04:56:32.047,huobi,A/USDT:USDT,0.5755,43.0,0.5754,262.0,0.5761,43.0,0.5762,451.0
1753592193807,04:56:33.807,huobi,A/USDT:USDT,0.5755,43.0,0.5754,262.0,0.5761,43.0,0.5762,436.0
1753592193831,04:56:33.831,huobi,A/USDT:USDT,0.5755,43.0,0.5754,247.0,0.5761,43.0,0.5762,436.0
1753592193849,04:56:33.849,huobi,A/USDT:USDT,0.5755,43.0,0.5754,247.0,0.5761,43.0,0.5762,436.0
1753592193876,04:56:33.876,huobi,A/USDT:USDT,0.5755,57.0,0.5754,247.0,0.5761,43.0,0.5762,436.0
1753592193915,04:56:33.915,huobi,A/USDT:USDT,0.5757,42.0,0.5756,289.0,0.5761,43.0,0.5762,436.0
1753592194010,04:56:34.010,huobi,A/USDT:USDT,0.5757,42.0,0.5756,289.0,0.5761,43.0,0.5762,436.0
1753592194030,04:56:34.030,huobi,A/USDT:USDT,0.5757,289.0,0.5756,289.0,0.5761,43.0,0.5762,436.0
1753592194056,04:56:34.056,huobi,A/USDT:USDT,0.5758,42.0,0.5757,42.0,0.5761,43.0,0.5762,436.0
1753592194137,04:56:34.137,huobi,A/USDT:USDT,0.5758,42.0,0.5757,289.0,0.5761,43.0,0.5762,436.0
1753592195823,04:56:35.823,huobi,A/USDT:USDT,0.5758,42.0,0.5757,289.0,0.5761,43.0,0.5762,436.0
1753592195837,04:56:35.837,huobi,A/USDT:USDT,0.5758,42.0,0.5757,289.0,0.5761,43.0,0.5762,436.0
1753592199351,04:56:39.351,huobi,A/USDT:USDT,0.5758,42.0,0.5757,289.0,0.5761,43.0,0.5762,436.0
1753592199372,04:56:39.372,huobi,A/USDT:USDT,0.5759,42.0,0.5758,289.0,0.5761,43.0,0.5762,436.0
1753592199419,04:56:39.419,huobi,A/USDT:USDT,0.5759,42.0,0.5758,42.0,0.5761,43.0,0.5762,436.0
1753592199428,04:56:39.428,huobi,A/USDT:USDT,0.5759,42.0,0.5758,42.0,0.5761,43.0,0.5762,436.0
1753592199465,04:56:39.465,huobi,A/USDT:USDT,0.5759,42.0,0.5758,289.0,0.5761,43.0,0.5762,436.0
1753592200574,04:56:40.574,huobi,A/USDT:USDT,0.5759,42.0,0.5758,289.0,0.5761,43.0,0.5762,436.0
1753592201868,04:56:41.868,huobi,A/USDT:USDT,0.5759,42.0,0.5758,42.0,0.5761,43.0,0.5762,436.0
1753592201892,04:56:41.892,huobi,A/USDT:USDT,0.5756,289.0,0.5755,57.0,0.5761,43.0,0.5762,436.0
1753592201922,04:56:41.922,huobi,A/USDT:USDT,0.5757,42.0,0.5756,289.0,0.5761,43.0,0.5762,436.0
1753592201966,04:56:41.966,huobi,A/USDT:USDT,0.5758,42.0,0.5757,289.0,0.5761,43.0,0.5762,436.0
1753592202042,04:56:42.042,huobi,A/USDT:USDT,0.5758,42.0,0.5757,289.0,0.5761,43.0,0.5762,436.0
1753592202320,04:56:42.320,huobi,A/USDT:USDT,0.5758,42.0,0.5757,42.0,0.5761,43.0,0.5762,436.0
1753592202344,04:56:42.344,huobi,A/USDT:USDT,0.5756,289.0,0.5755,57.0,0.5761,43.0,0.5762,436.0
1753592202365,04:56:42.365,huobi,A/USDT:USDT,0.5757,42.0,0.5756,289.0,0.5761,43.0,0.5762,436.0
1753592205425,04:56:45.425,huobi,A/USDT:USDT,0.5757,42.0,0.5756,289.0,0.5761,43.0,0.5762,436.0
1753592205839,04:56:45.839,huobi,A/USDT:USDT,0.5757,42.0,0.5756,289.0,0.5761,43.0,0.5762,436.0
1753592205865,04:56:45.865,huobi,A/USDT:USDT,0.5757,42.0,0.5756,289.0,0.5761,43.0,0.5762,436.0
1753592205924,04:56:45.924,huobi,A/USDT:USDT,0.5757,42.0,0.5756,289.0,0.5761,43.0,0.5762,436.0
1753592205948,04:56:45.948,huobi,A/USDT:USDT,0.5757,42.0,0.5756,289.0,0.5761,43.0,0.5762,436.0
1753592206879,04:56:46.879,huobi,A/USDT:USDT,0.5757,42.0,0.5756,289.0,0.5761,43.0,0.5762,436.0
1753592206921,04:56:46.921,huobi,A/USDT:USDT,0.5757,42.0,0.5756,289.0,0.5761,43.0,0.5762,436.0
1753592207067,04:56:47.067,huobi,A/USDT:USDT,0.5757,42.0,0.5756,289.0,0.5761,43.0,0.5762,436.0
1753592210225,04:56:50.225,huobi,A/USDT:USDT,0.5757,42.0,0.5756,289.0,0.5761,43.0,0.5762,436.0
1753592211358,04:56:51.358,huobi,A/USDT:USDT,0.5757,42.0,0.5756,289.0,0.5761,43.0,0.5762,436.0
1753592215024,04:56:55.024,huobi,A/USDT:USDT,0.5757,42.0,0.5756,289.0,0.5761,43.0,0.5762,436.0
1753592215148,04:56:55.148,huobi,A/USDT:USDT,0.5758,42.0,0.5757,289.0,0.5761,43.0,0.5762,436.0
1753592215176,04:56:55.176,huobi,A/USDT:USDT,0.5759,42.0,0.5758,289.0,0.5761,43.0,0.5762,436.0
1753592215268,04:56:55.268,huobi,A/USDT:USDT,0.5759,42.0,0.5758,42.0,0.5761,43.0,0.5762,436.0
1753592215334,04:56:55.334,huobi,A/USDT:USDT,0.5758,42.0,0.5757,289.0,0.5761,43.0,0.5762,436.0
1753592219844,04:56:59.844,huobi,A/USDT:USDT,0.5758,42.0,0.5757,289.0,0.5761,43.0,0.5762,436.0
1753592222886,04:57:02.886,huobi,A/USDT:USDT,0.5758,42.0,0.5757,289.0,0.5761,43.0,0.5762,436.0
1753592222979,04:57:02.979,huobi,A/USDT:USDT,0.5758,42.0,0.5757,289.0,0.5761,43.0,0.5762,436.0
1753592223005,04:57:03.005,huobi,A/USDT:USDT,0.5758,42.0,0.5757,42.0,0.5761,43.0,0.5762,436.0
1753592223045,04:57:03.045,huobi,A/USDT:USDT,0.5756,42.0,0.5755,43.0,0.5761,43.0,0.5762,450.0
1753592223097,04:57:03.097,huobi,A/USDT:USDT,0.5755,43.0,0.5754,14.0,0.5761,43.0,0.5762,450.0
1753592223143,04:57:03.143,huobi,A/USDT:USDT,0.5756,247.0,0.5755,43.0,0.5761,43.0,0.5762,450.0
1753592223232,04:57:03.232,huobi,A/USDT:USDT,0.5757,42.0,0.5756,247.0,0.5761,43.0,0.5762,450.0
1753592223654,04:57:03.654,huobi,A/USDT:USDT,0.5757,42.0,0.5755,43.0,0.5761,43.0,0.5762,450.0
1753592223667,04:57:03.667,huobi,A/USDT:USDT,0.5755,43.0,0.5754,14.0,0.5761,43.0,0.5762,450.0
1753592223705,04:57:03.705,huobi,A/USDT:USDT,0.5755,43.0,0.5754,14.0,0.5761,43.0,0.5762,450.0
1753592223746,04:57:03.746,huobi,A/USDT:USDT,0.5755,43.0,0.5754,14.0,0.5761,43.0,0.5762,450.0
1753592223759,04:57:03.759,huobi,A/USDT:USDT,0.5755,43.0,0.5754,14.0,0.5761,43.0,0.5762,450.0
1753592223799,04:57:03.799,huobi,A/USDT:USDT,0.5755,43.0,0.5754,14.0,0.5761,43.0,0.5762,450.0
1753592223959,04:57:03.959,huobi,A/USDT:USDT,0.5755,43.0,0.5754,261.0,0.5761,43.0,0.5762,450.0
1753592224237,04:57:04.237,huobi,A/USDT:USDT,0.5755,43.0,0.5754,261.0,0.5761,43.0,0.5762,450.0
1753592229427,04:57:09.427,huobi,A/USDT:USDT,0.5755,43.0,0.5754,261.0,0.5761,43.0,0.5762,450.0
1753592233894,04:57:13.894,huobi,A/USDT:USDT,0.5755,43.0,0.5754,261.0,0.5761,43.0,0.5762,450.0
1753592233938,04:57:13.938,huobi,A/USDT:USDT,0.5755,43.0,0.5754,261.0,0.5761,43.0,0.5762,450.0
1753592233980,04:57:13.980,huobi,A/USDT:USDT,0.5755,43.0,0.5754,247.0,0.5761,43.0,0.5762,450.0
1753592233986,04:57:13.986,huobi,A/USDT:USDT,0.5755,43.0,0.5754,247.0,0.5761,43.0,0.5762,450.0
1753592234037,04:57:14.037,huobi,A/USDT:USDT,0.5755,43.0,0.5754,247.0,0.5761,43.0,0.5762,450.0
1753592234224,04:57:14.224,huobi,A/USDT:USDT,0.5755,43.0,0.5754,247.0,0.5761,43.0,0.5762,450.0
1753592239024,04:57:19.024,huobi,A/USDT:USDT,0.5755,43.0,0.5754,247.0,0.5761,43.0,0.5762,450.0
1753592253432,04:57:33.432,huobi,A/USDT:USDT,0.5755,43.0,0.5754,247.0,0.5761,43.0,0.5762,450.0
1753592254418,04:57:34.418,huobi,A/USDT:USDT,0.5755,43.0,0.5754,247.0,0.5761,43.0,0.5762,450.0
1753592258264,04:57:38.264,huobi,A/USDT:USDT,0.5755,43.0,0.5754,247.0,0.5761,43.0,0.5762,450.0
1753592260177,04:57:40.177,huobi,A/USDT:USDT,0.5755,43.0,0.5754,247.0,0.5761,43.0,0.5762,450.0
1753592260240,04:57:40.240,huobi,A/USDT:USDT,0.5755,43.0,0.5754,263.0,0.5761,43.0,0.5762,450.0
1753592268650,04:57:48.650,huobi,A/USDT:USDT,0.5755,43.0,0.5754,263.0,0.5761,290.0,0.5762,450.0
1753592268674,04:57:48.674,huobi,A/USDT:USDT,0.5755,43.0,0.5754,247.0,0.576,43.0,0.5761,290.0
1753592268699,04:57:48.699,huobi,A/USDT:USDT,0.5755,43.0,0.5754,247.0,0.576,43.0,0.5761,290.0
1753592268768,04:57:48.768,huobi,A/USDT:USDT,0.5755,43.0,0.5754,247.0,0.576,43.0,0.5761,304.0
1753592268876,04:57:48.876,huobi,A/USDT:USDT,0.5755,43.0,0.5754,247.0,0.5757,9.0,0.576,43.0
1753592268904,04:57:48.904,huobi,A/USDT:USDT,0.5755,43.0,0.5754,247.0,0.576,43.0,0.5761,57.0
1753592269554,04:57:49.554,huobi,A/USDT:USDT,0.5755,43.0,0.5754,247.0,0.576,43.0,0.5761,57.0
1753592277425,04:57:57.425,huobi,A/USDT:USDT,0.5755,43.0,0.5754,247.0,0.576,43.0,0.5761,57.0
1753592282226,04:58:02.226,huobi,A/USDT:USDT,0.5755,43.0,0.5754,247.0,0.576,43.0,0.5761,57.0
1753592282523,04:58:02.523,huobi,A/USDT:USDT,0.5755,43.0,0.5754,247.0,0.576,43.0,0.5761,57.0
1753592282538,04:58:02.538,huobi,A/USDT:USDT,0.5755,43.0,0.5754,247.0,0.576,43.0,0.5761,57.0
1753592287026,04:58:07.026,huobi,A/USDT:USDT,0.5755,43.0,0.5754,247.0,0.576,43.0,0.5761,57.0
1753592323627,04:58:43.627,huobi,A/USDT:USDT,0.5755,43.0,0.5754,247.0,0.576,43.0,0.5761,57.0
1753592328427,04:58:48.427,huobi,A/USDT:USDT,0.5755,43.0,0.5754,247.0,0.576,43.0,0.5761,57.0
1753592329870,04:58:49.870,huobi,A/USDT:USDT,0.5755,43.0,0.5754,247.0,0.576,43.0,0.5761,57.0
1753592329908,04:58:49.908,huobi,A/USDT:USDT,0.5755,43.0,0.5754,264.0,0.576,43.0,0.5761,57.0
1753592329948,04:58:49.948,huobi,A/USDT:USDT,0.5755,43.0,0.5754,264.0,0.576,43.0,0.5761,43.0
1753592329960,04:58:49.960,huobi,A/USDT:USDT,0.5755,43.0,0.5754,264.0,0.5761,43.0,0.5762,436.0
1753592330025,04:58:50.025,huobi,A/USDT:USDT,0.5755,43.0,0.5754,264.0,0.5761,43.0,0.5762,450.0
1753592338027,04:58:58.027,huobi,A/USDT:USDT,0.5755,43.0,0.5754,264.0,0.5761,43.0,0.5762,450.0
1753592338065,04:58:58.065,huobi,A/USDT:USDT,0.5755,43.0,0.5754,264.0,0.5761,43.0,0.5762,450.0
1753592339851,04:58:59.851,huobi,A/USDT:USDT,0.5759,7.0,0.5755,43.0,0.5761,43.0,0.5762,450.0
1753592339860,04:58:59.860,huobi,A/USDT:USDT,0.5755,43.0,0.5754,264.0,0.5761,43.0,0.5762,450.0
1753592339973,04:58:59.973,huobi,A/USDT:USDT,0.5755,43.0,0.5754,17.0,0.5761,43.0,0.5762,450.0
1753592339986,04:58:59.986,huobi,A/USDT:USDT,0.5755,43.0,0.5754,264.0,0.5761,43.0,0.5762,450.0
1753592340586,04:59:00.586,huobi,A/USDT:USDT,0.5755,43.0,0.5754,264.0,0.5761,43.0,0.5762,450.0
1753592340627,04:59:00.627,huobi,A/USDT:USDT,0.5755,43.0,0.5754,264.0,0.5761,43.0,0.5762,450.0
1753592342840,04:59:02.840,huobi,A/USDT:USDT,0.5755,43.0,0.5754,264.0,0.5761,43.0,0.5762,450.0
1753592347641,04:59:07.641,huobi,A/USDT:USDT,0.5755,43.0,0.5754,264.0,0.5761,43.0,0.5762,450.0
1753592362028,04:59:22.028,huobi,A/USDT:USDT,0.5755,43.0,0.5754,264.0,0.5761,43.0,0.5762,450.0
1753592363176,04:59:23.176,huobi,A/USDT:USDT,0.5755,43.0,0.5754,264.0,0.5761,43.0,0.5762,450.0
1753592366829,04:59:26.829,huobi,A/USDT:USDT,0.5755,43.0,0.5754,264.0,0.5761,43.0,0.5762,450.0
1753592385314,04:59:45.314,huobi,A/USDT:USDT,0.5759,7.0,0.5755,43.0,0.5761,43.0,0.5762,450.0
1753592385336,04:59:45.336,huobi,A/USDT:USDT,0.5755,290.0,0.5754,264.0,0.5761,43.0,0.5762,450.0
1753592385435,04:59:45.435,huobi,A/USDT:USDT,0.5755,43.0,0.5754,17.0,0.5761,43.0,0.5762,450.0
1753592385674,04:59:45.674,huobi,A/USDT:USDT,0.5755,43.0,0.5754,264.0,0.5761,43.0,0.5762,450.0
1753592385765,04:59:45.765,huobi,A/USDT:USDT,0.5755,43.0,0.5754,247.0,0.5761,43.0,0.5762,450.0
1753592385794,04:59:45.794,huobi,A/USDT:USDT,0.5755,59.0,0.5754,247.0,0.5761,43.0,0.5762,450.0
1753592402485,05:00:02.485,huobi,A/USDT:USDT,0.5756,289.0,0.5755,59.0,0.5761,43.0,0.5762,450.0
1753592402537,05:00:02.537,huobi,A/USDT:USDT,0.5757,42.0,0.5756,289.0,0.5761,43.0,0.5762,450.0
1753592402597,05:00:02.597,huobi,A/USDT:USDT,0.5757,42.0,0.5756,289.0,0.5761,43.0,0.5762,450.0
1753592402640,05:00:02.640,huobi,A/USDT:USDT,0.5757,289.0,0.5756,289.0,0.5761,43.0,0.5762,450.0
1753592402656,05:00:02.656,huobi,A/USDT:USDT,0.5758,42.0,0.5757,289.0,0.5761,43.0,0.5762,450.0
1753592402748,05:00:02.748,huobi,A/USDT:USDT,0.5758,42.0,0.5757,42.0,0.5761,43.0,0.5762,450.0
1753592402815,05:00:02.815,huobi,A/USDT:USDT,0.5757,42.0,0.5756,289.0,0.5761,43.0,0.5762,450.0
1753592403173,05:00:03.173,huobi,A/USDT:USDT,0.5757,42.0,0.5756,289.0,0.5761,43.0,0.5762,56.0
1753592403206,05:00:03.206,huobi,A/USDT:USDT,0.5757,42.0,0.5756,289.0,0.5761,43.0,0.5762,42.0
1753592403219,05:00:03.219,huobi,A/USDT:USDT,0.5757,42.0,0.5756,289.0,0.5762,42.0,0.5764,16.0
1753592403271,05:00:03.271,huobi,A/USDT:USDT,0.5757,42.0,0.5756,289.0,0.5762,42.0,0.5764,410.0
1753592403282,05:00:03.282,huobi,A/USDT:USDT,0.5757,42.0,0.5756,289.0,0.5762,42.0,0.5763,16.0
1753592403319,05:00:03.319,huobi,A/USDT:USDT,0.5757,42.0,0.5756,289.0,0.5762,42.0,0.5763,16.0
1753592403339,05:00:03.339,huobi,A/USDT:USDT,0.5757,42.0,0.5756,289.0,0.5762,42.0,0.5763,16.0
1753592403395,05:00:03.395,huobi,A/USDT:USDT,0.5757,42.0,0.5756,289.0,0.5762,42.0,0.5763,16.0
1753592403460,05:00:03.460,huobi,A/USDT:USDT,0.5757,42.0,0.5756,289.0,0.5762,42.0,0.5765,436.0
1753592403490,05:00:03.490,huobi,A/USDT:USDT,0.5757,42.0,0.5756,289.0,0.5762,42.0,0.5765,436.0
1753592403514,05:00:03.514,huobi,A/USDT:USDT,0.5757,42.0,0.5756,289.0,0.5762,42.0,0.5764,15.0
1753592403547,05:00:03.547,huobi,A/USDT:USDT,0.5757,42.0,0.5756,304.0,0.5762,42.0,0.5764,15.0
1753592403578,05:00:03.578,huobi,A/USDT:USDT,0.5757,42.0,0.5756,304.0,0.5762,42.0,0.5764,15.0
1753592403919,05:00:03.919,huobi,A/USDT:USDT,0.5757,42.0,0.5756,304.0,0.5762,42.0,0.5764,15.0
1753592403943,05:00:03.943,huobi,A/USDT:USDT,0.5757,42.0,0.5756,304.0,0.5762,42.0,0.5764,15.0
1753592403966,05:00:03.966,huobi,A/USDT:USDT,0.5757,42.0,0.5756,304.0,0.5762,42.0,0.5764,15.0
1753592404049,05:00:04.049,huobi,A/USDT:USDT,0.5757,42.0,0.5756,304.0,0.5762,42.0,0.5764,15.0
1753592404066,05:00:04.066,huobi,A/USDT:USDT,0.5757,42.0,0.5756,304.0,0.5762,42.0,0.5764,15.0
1753592404441,05:00:04.441,huobi,A/USDT:USDT,0.5757,42.0,0.5756,304.0,0.5762,42.0,0.5764,15.0
1753592404495,05:00:04.495,huobi,A/USDT:USDT,0.5757,42.0,0.5756,304.0,0.5762,42.0,0.5764,15.0
1753592404694,05:00:04.694,huobi,A/USDT:USDT,0.5757,42.0,0.5756,304.0,0.5762,42.0,0.5764,15.0
1753592404800,05:00:04.800,huobi,A/USDT:USDT,0.5757,42.0,0.5756,304.0,0.5762,42.0,0.5764,262.0
1753592404838,05:00:04.838,huobi,A/USDT:USDT,0.5757,42.0,0.5756,304.0,0.5762,42.0,0.5764,15.0
1753592404893,05:00:04.893,huobi,A/USDT:USDT,0.5757,42.0,0.5756,304.0,0.5762,42.0,0.5764,15.0
1753592405043,05:00:05.043,huobi,A/USDT:USDT,0.5757,42.0,0.5756,304.0,0.5762,42.0,0.5764,15.0
1753592405052,05:00:05.052,huobi,A/USDT:USDT,0.5757,42.0,0.5756,304.0,0.5762,42.0,0.5765,42.0
1753592405074,05:00:05.074,huobi,A/USDT:USDT,0.5757,42.0,0.5756,289.0,0.5765,42.0,0.5766,437.0
1753592405108,05:00:05.108,huobi,A/USDT:USDT,0.5757,42.0,0.5756,289.0,0.5764,42.0,0.5765,58.0
1753592405148,05:00:05.148,huobi,A/USDT:USDT,0.5757,42.0,0.5756,289.0,0.5764,42.0,0.5765,58.0
1753592405171,05:00:05.171,huobi,A/USDT:USDT,0.5758,42.0,0.5757,58.0,0.5764,42.0,0.5765,58.0
1753592405210,05:00:05.210,huobi,A/USDT:USDT,0.5758,42.0,0.5757,305.0,0.5764,42.0,0.5765,58.0
1753592405294,05:00:05.294,huobi,A/USDT:USDT,0.5758,42.0,0.5757,305.0,0.5764,42.0,0.5765,58.0
1753592405322,05:00:05.322,huobi,A/USDT:USDT,0.5759,42.0,0.5758,289.0,0.5764,42.0,0.5765,58.0
1753592405351,05:00:05.351,huobi,A/USDT:USDT,0.5759,42.0,0.5758,289.0,0.5764,42.0,0.5765,58.0
1753592405415,05:00:05.415,huobi,A/USDT:USDT,0.5759,42.0,0.5758,289.0,0.5764,42.0,0.5765,58.0
1753592405437,05:00:05.437,huobi,A/USDT:USDT,0.5759,289.0,0.5758,289.0,0.5764,42.0,0.5765,58.0
1753592405544,05:00:05.544,huobi,A/USDT:USDT,0.576,42.0,0.5759,42.0,0.5764,42.0,0.5765,58.0
1753592405557,05:00:05.557,huobi,A/USDT:USDT,0.576,42.0,0.5759,42.0,0.5764,42.0,0.5765,58.0
1753592405609,05:00:05.609,huobi,A/USDT:USDT,0.5759,42.0,0.5758,289.0,0.5764,42.0,0.5765,58.0
1753592405678,05:00:05.678,huobi,A/USDT:USDT,0.5759,42.0,0.5758,289.0,0.5764,42.0,0.5765,58.0
1753592406629,05:00:06.629,huobi,A/USDT:USDT,0.5759,42.0,0.5758,289.0,0.5764,42.0,0.5765,58.0
1753592406645,05:00:06.645,huobi,A/USDT:USDT,0.5759,42.0,0.5758,289.0,0.5764,42.0,0.5765,58.0
1753592406838,05:00:06.838,huobi,A/USDT:USDT,0.5759,42.0,0.5758,289.0,0.5764,42.0,0.5765,58.0
1753592406844,05:00:06.844,huobi,A/USDT:USDT,0.5759,42.0,0.5758,289.0,0.5764,42.0,0.5765,58.0
1753592407190,05:00:07.190,huobi,A/USDT:USDT,0.5759,42.0,0.5758,42.0,0.5764,42.0,0.5765,58.0
1753592407241,05:00:07.241,huobi,A/USDT:USDT,0.5758,42.0,0.5757,58.0,0.5764,42.0,0.5765,58.0
1753592410073,05:00:10.073,huobi,A/USDT:USDT,0.5758,42.0,0.5757,58.0,0.5764,42.0,0.5765,58.0
1753592410130,05:00:10.130,huobi,A/USDT:USDT,0.5758,42.0,0.5757,58.0,0.5764,42.0,0.5765,58.0
1753592411242,05:00:11.242,huobi,A/USDT:USDT,0.5758,42.0,0.5757,58.0,0.5764,42.0,0.5765,305.0
1753592411260,05:00:11.260,huobi,A/USDT:USDT,0.5758,42.0,0.5757,58.0,0.5764,42.0,0.5765,58.0
1753592411430,05:00:11.430,huobi,A/USDT:USDT,0.5758,42.0,0.5757,58.0,0.5764,42.0,0.5765,58.0
1753592411445,05:00:11.445,huobi,A/USDT:USDT,0.5758,42.0,0.5757,58.0,0.5764,42.0,0.5765,58.0
1753592413338,05:00:13.338,huobi,A/USDT:USDT,0.5758,42.0,0.5757,58.0,0.5764,42.0,0.5765,58.0
1753592416229,05:00:16.229,huobi,A/USDT:USDT,0.5758,42.0,0.5757,58.0,0.5764,42.0,0.5765,58.0
1753592416245,05:00:16.245,huobi,A/USDT:USDT,0.5758,42.0,0.5757,58.0,0.5764,42.0,0.5765,58.0
1753592420866,05:00:20.866,huobi,A/USDT:USDT,0.5758,289.0,0.5757,58.0,0.5764,42.0,0.5765,58.0
1753592420973,05:00:20.973,huobi,A/USDT:USDT,0.5759,43.0,0.5758,289.0,0.5764,42.0,0.5765,305.0
1753592420986,05:00:20.986,huobi,A/USDT:USDT,0.5759,290.0,0.5758,289.0,0.5764,42.0,0.5765,305.0
1753592421010,05:00:21.010,huobi,A/USDT:USDT,0.576,43.0,0.5759,43.0,0.5764,42.0,0.5765,305.0
1753592421095,05:00:21.095,huobi,A/USDT:USDT,0.576,43.0,0.5759,290.0,0.5764,42.0,0.5765,305.0
1753592421299,05:00:21.299,huobi,A/USDT:USDT,0.576,43.0,0.5759,290.0,0.5764,42.0,0.5765,58.0
1753592421321,05:00:21.321,huobi,A/USDT:USDT,0.576,43.0,0.5759,290.0,0.5764,42.0,0.5765,305.0
1753592421441,05:00:21.441,huobi,A/USDT:USDT,0.576,43.0,0.5759,290.0,0.5764,42.0,0.5765,305.0
1753592421482,05:00:21.482,huobi,A/USDT:USDT,0.576,43.0,0.5759,290.0,0.5764,42.0,0.5765,305.0
1753592421945,05:00:21.945,huobi,A/USDT:USDT,0.576,43.0,0.5759,290.0,0.5764,42.0,0.5765,305.0
1753592422008,05:00:22.008,huobi,A/USDT:USDT,0.576,43.0,0.5759,290.0,0.5764,42.0,0.5765,58.0
1753592422110,05:00:22.110,huobi,A/USDT:USDT,0.576,43.0,0.5759,290.0,0.5764,42.0,0.5765,305.0
1753592423134,05:00:23.134,huobi,A/USDT:USDT,0.576,43.0,0.5759,290.0,0.5764,42.0,0.5765,58.0
1753592423176,05:00:23.176,huobi,A/USDT:USDT,0.576,290.0,0.5759,290.0,0.5764,42.0,0.5765,58.0
1753592423199,05:00:23.199,huobi,A/USDT:USDT,0.5761,43.0,0.576,290.0,0.5764,42.0,0.5765,58.0
1753592423247,05:00:23.247,huobi,A/USDT:USDT,0.5761,43.0,0.576,43.0,0.5764,42.0,0.5765,58.0
1753592423261,05:00:23.261,huobi,A/USDT:USDT,0.5761,43.0,0.576,290.0,0.5764,42.0,0.5765,58.0
1753592425841,05:00:25.841,huobi,A/USDT:USDT,0.576,43.0,0.5759,43.0,0.5764,42.0,0.5765,58.0
1753592426611,05:00:26.611,huobi,A/USDT:USDT,0.5759,43.0,0.5758,247.0,0.5764,42.0,0.5765,58.0
1753592426657,05:00:26.657,huobi,A/USDT:USDT,0.5759,43.0,0.5758,247.0,0.5764,42.0,0.5765,58.0
1753592428427,05:00:28.427,huobi,A/USDT:USDT,0.5759,43.0,0.5758,247.0,0.5764,42.0,0.5765,58.0
1753592430678,05:00:30.678,huobi,A/USDT:USDT,0.5759,43.0,0.5758,247.0,0.5764,42.0,0.5765,58.0
1753592430728,05:00:30.728,huobi,A/USDT:USDT,0.5759,43.0,0.5758,247.0,0.5764,42.0,0.5765,58.0
1753592435433,05:00:35.433,huobi,A/USDT:USDT,0.5759,43.0,0.5758,247.0,0.5764,42.0,0.5765,58.0
1753592435458,05:00:35.458,huobi,A/USDT:USDT,0.5759,43.0,0.5758,247.0,0.5764,42.0,0.5765,58.0
1753592435471,05:00:35.471,huobi,A/USDT:USDT,0.5759,43.0,0.5758,247.0,0.5764,42.0,0.5765,58.0
1753592456316,05:00:56.316,huobi,A/USDT:USDT,0.5759,43.0,0.5758,247.0,0.5764,42.0,0.5765,58.0
1753592478375,05:01:18.375,huobi,A/USDT:USDT,0.5759,43.0,0.5758,247.0,0.5764,42.0,0.5765,58.0
1753592478669,05:01:18.669,huobi,A/USDT:USDT,0.5759,43.0,0.5758,247.0,0.5764,42.0,0.5765,58.0
1753592478707,05:01:18.707,huobi,A/USDT:USDT,0.5759,43.0,0.5758,247.0,0.5764,42.0,0.5765,58.0
1753592478732,05:01:18.732,huobi,A/USDT:USDT,0.5759,43.0,0.5758,247.0,0.5764,42.0,0.5765,58.0
1753592478753,05:01:18.753,huobi,A/USDT:USDT,0.5759,43.0,0.5758,261.0,0.5764,42.0,0.5765,42.0
1753592478800,05:01:18.800,huobi,A/USDT:USDT,0.5759,43.0,0.5758,261.0,0.5765,42.0,0.5766,453.0
1753592478813,05:01:18.813,huobi,A/USDT:USDT,0.5759,43.0,0.5758,261.0,0.5765,42.0,0.5766,453.0
1753592478866,05:01:18.866,huobi,A/USDT:USDT,0.5759,43.0,0.5758,261.0,0.5765,42.0,0.5766,453.0
1753592478890,05:01:18.890,huobi,A/USDT:USDT,0.5759,43.0,0.5758,261.0,0.5765,42.0,0.5766,453.0
1753592480365,05:01:20.365,huobi,A/USDT:USDT,0.5759,43.0,0.5758,261.0,0.5765,42.0,0.5766,453.0
1753592480377,05:01:20.377,huobi,A/USDT:USDT,0.5759,43.0,0.5758,261.0,0.5765,42.0,0.5766,453.0
1753592482160,05:01:22.160,huobi,A/USDT:USDT,0.5759,43.0,0.5758,261.0,0.5765,42.0,0.5766,453.0
1753592482208,05:01:22.208,huobi,A/USDT:USDT,0.5759,43.0,0.5758,261.0,0.5765,42.0,0.5766,453.0
1753592482525,05:01:22.525,huobi,A/USDT:USDT,0.5759,43.0,0.5758,261.0,0.5765,42.0,0.5766,453.0
1753592484701,05:01:24.701,huobi,A/USDT:USDT,0.5759,43.0,0.5758,261.0,0.5765,42.0,0.5766,453.0
1753592484745,05:01:24.745,huobi,A/USDT:USDT,0.5759,43.0,0.5758,261.0,0.5765,42.0,0.5766,453.0
1753592484768,05:01:24.768,huobi,A/USDT:USDT,0.5759,43.0,0.5758,261.0,0.5765,42.0,0.5766,453.0
1753592491448,05:01:31.448,huobi,A/USDT:USDT,0.5759,43.0,0.5758,261.0,0.5765,42.0,0.5766,453.0
1753592493058,05:01:33.058,huobi,A/USDT:USDT,0.5759,43.0,0.5758,261.0,0.5765,42.0,0.5766,437.0
1753592493072,05:01:33.072,huobi,A/USDT:USDT,0.5759,43.0,0.5758,261.0,0.5765,42.0,0.5766,437.0
1753592493100,05:01:33.100,huobi,A/USDT:USDT,0.5759,43.0,0.5758,247.0,0.5765,42.0,0.5766,437.0
1753592493125,05:01:33.125,huobi,A/USDT:USDT,0.576,43.0,0.5759,60.0,0.5765,42.0,0.5766,437.0
1753592493156,05:01:33.156,huobi,A/USDT:USDT,0.576,290.0,0.5759,60.0,0.5765,42.0,0.5766,437.0
1753592493251,05:01:33.251,huobi,A/USDT:USDT,0.5761,43.0,0.576,290.0,0.5765,42.0,0.5766,437.0
1753592493286,05:01:33.286,huobi,A/USDT:USDT,0.5762,43.0,0.5761,290.0,0.5765,42.0,0.5766,437.0
1753592493362,05:01:33.362,huobi,A/USDT:USDT,0.5762,43.0,0.5761,290.0,0.5765,42.0,0.5766,437.0
1753592493372,05:01:33.372,huobi,A/USDT:USDT,0.5762,43.0,0.5761,290.0,0.5765,42.0,0.5766,437.0
1753592495381,05:01:35.381,huobi,A/USDT:USDT,0.5762,43.0,0.5761,290.0,0.5765,42.0,0.5766,437.0
1753592495409,05:01:35.409,huobi,A/USDT:USDT,0.5763,43.0,0.5762,290.0,0.5765,42.0,0.5766,437.0
1753592495502,05:01:35.502,huobi,A/USDT:USDT,0.5763,43.0,0.5762,43.0,0.5765,42.0,0.5766,437.0
1753592495570,05:01:35.570,huobi,A/USDT:USDT,0.5762,43.0,0.5761,290.0,0.5765,42.0,0.5766,437.0
1753592496250,05:01:36.250,huobi,A/USDT:USDT,0.5762,43.0,0.5761,290.0,0.5765,42.0,0.5766,437.0
1753592498772,05:01:38.772,huobi,A/USDT:USDT,0.5762,43.0,0.5761,290.0,0.5765,42.0,0.5766,437.0
1753592498820,05:01:38.820,huobi,A/USDT:USDT,0.5762,43.0,0.5761,290.0,0.5765,42.0,0.5766,437.0
1753592498987,05:01:38.987,huobi,A/USDT:USDT,0.5762,43.0,0.5761,290.0,0.5765,42.0,0.5766,437.0
1753592499037,05:01:39.037,huobi,A/USDT:USDT,0.5762,43.0,0.5761,290.0,0.5765,42.0,0.5766,437.0
1753592499067,05:01:39.067,huobi,A/USDT:USDT,0.5762,43.0,0.5761,290.0,0.5765,42.0,0.5766,437.0
1753592499570,05:01:39.570,huobi,A/USDT:USDT,0.5762,43.0,0.5761,290.0,0.5765,42.0,0.5766,437.0
1753592499610,05:01:39.610,huobi,A/USDT:USDT,0.5762,43.0,0.5761,290.0,0.5765,42.0,0.5766,437.0
1753592499683,05:01:39.683,huobi,A/USDT:USDT,0.5762,43.0,0.5761,290.0,0.5765,42.0,0.5766,437.0
1753592499743,05:01:39.743,huobi,A/USDT:USDT,0.5762,43.0,0.5761,290.0,0.5765,42.0,0.5766,437.0
1753592499756,05:01:39.756,huobi,A/USDT:USDT,0.5762,43.0,0.5761,43.0,0.5765,42.0,0.5766,437.0
1753592501048,05:01:41.048,huobi,A/USDT:USDT,0.5761,43.0,0.576,262.0,0.5765,42.0,0.5766,437.0
1753592502436,05:01:42.436,huobi,A/USDT:USDT,0.5761,43.0,0.576,15.0,0.5765,42.0,0.5766,43.0
1753592502474,05:01:42.474,huobi,A/USDT:USDT,0.5761,43.0,0.576,15.0,0.5767,42.0,0.5768,409.0
1753592502492,05:01:42.492,huobi,A/USDT:USDT,0.5761,43.0,0.576,15.0,0.5767,42.0,0.5768,656.0
1753592502532,05:01:42.532,huobi,A/USDT:USDT,0.5761,43.0,0.576,262.0,0.5767,42.0,0.5768,656.0
1753592502640,05:01:42.640,huobi,A/USDT:USDT,0.5761,43.0,0.576,262.0,0.5767,42.0,0.5768,656.0
1753592502830,05:01:42.830,huobi,A/USDT:USDT,0.5761,43.0,0.576,262.0,0.5767,42.0,0.5768,409.0
1753592502952,05:01:42.952,huobi,A/USDT:USDT,0.5761,43.0,0.576,262.0,0.5767,42.0,0.5768,409.0
1753592502972,05:01:42.972,huobi,A/USDT:USDT,0.5761,43.0,0.576,262.0,0.5767,42.0,0.5768,409.0
1753592503013,05:01:43.013,huobi,A/USDT:USDT,0.5761,43.0,0.576,262.0,0.5767,42.0,0.5768,409.0
1753592503031,05:01:43.031,huobi,A/USDT:USDT,0.5761,43.0,0.576,262.0,0.5767,42.0,0.5768,409.0
1753592503084,05:01:43.084,huobi,A/USDT:USDT,0.5761,43.0,0.576,262.0,0.5767,42.0,0.5768,409.0
1753592504460,05:01:44.460,huobi,A/USDT:USDT,0.5761,43.0,0.576,262.0,0.5767,42.0,0.5768,409.0
1753592504475,05:01:44.475,huobi,A/USDT:USDT,0.5761,43.0,0.576,262.0,0.5767,42.0,0.5768,409.0
1753592505686,05:01:45.686,huobi,A/USDT:USDT,0.5761,43.0,0.576,262.0,0.5767,42.0,0.5768,409.0
1753592505695,05:01:45.695,huobi,A/USDT:USDT,0.5761,43.0,0.576,262.0,0.5767,42.0,0.5768,409.0
1753592505736,05:01:45.736,huobi,A/USDT:USDT,0.5761,43.0,0.576,262.0,0.5767,42.0,0.5768,409.0
1753592505753,05:01:45.753,huobi,A/USDT:USDT,0.5761,43.0,0.576,262.0,0.5767,42.0,0.5768,409.0
1753592505849,05:01:45.849,huobi,A/USDT:USDT,0.5761,43.0,0.576,262.0,0.5767,42.0,0.5768,409.0
1753592506072,05:01:46.072,huobi,A/USDT:USDT,0.5761,43.0,0.576,262.0,0.5767,42.0,0.5768,409.0
1753592506086,05:01:46.086,huobi,A/USDT:USDT,0.5761,43.0,0.576,262.0,0.5767,42.0,0.5768,409.0
1753592508188,05:01:48.188,huobi,A/USDT:USDT,0.5761,43.0,0.576,262.0,0.5767,42.0,0.5768,409.0
1753592508218,05:01:48.218,huobi,A/USDT:USDT,0.5761,43.0,0.576,247.0,0.5767,42.0,0.5768,394.0
1753592508255,05:01:48.255,huobi,A/USDT:USDT,0.5761,43.0,0.576,247.0,0.5767,42.0,0.5768,394.0
1753592508277,05:01:48.277,huobi,A/USDT:USDT,0.5761,43.0,0.576,247.0,0.5767,42.0,0.5768,394.0
1753592508305,05:01:48.305,huobi,A/USDT:USDT,0.5761,60.0,0.576,247.0,0.5767,42.0,0.5768,394.0
1753592508339,05:01:48.339,huobi,A/USDT:USDT,0.5762,41.0,0.5761,307.0,0.5767,42.0,0.5768,394.0
1753592508438,05:01:48.438,huobi,A/USDT:USDT,0.5762,41.0,0.5761,307.0,0.5767,42.0,0.5768,394.0
1753592508461,05:01:48.461,huobi,A/USDT:USDT,0.5762,288.0,0.5761,307.0,0.5767,42.0,0.5768,394.0
1753592508485,05:01:48.485,huobi,A/USDT:USDT,0.5763,41.0,0.5762,288.0,0.5767,42.0,0.5768,394.0
1753592508532,05:01:48.532,huobi,A/USDT:USDT,0.5763,41.0,0.5762,288.0,0.5767,42.0,0.5769,17.0
1753592508552,05:01:48.552,huobi,A/USDT:USDT,0.5763,41.0,0.5762,288.0,0.5767,42.0,0.5769,17.0
1753592508576,05:01:48.576,huobi,A/USDT:USDT,0.5763,41.0,0.5762,288.0,0.5767,42.0,0.5769,17.0
1753592508613,05:01:48.613,huobi,A/USDT:USDT,0.5764,41.0,0.5763,288.0,0.5767,42.0,0.5769,17.0
1753592508708,05:01:48.708,huobi,A/USDT:USDT,0.5764,41.0,0.5763,288.0,0.5767,42.0,0.5769,17.0
1753592508751,05:01:48.751,huobi,A/USDT:USDT,0.5764,288.0,0.5763,288.0,0.5767,42.0,0.5769,17.0
1753592508771,05:01:48.771,huobi,A/USDT:USDT,0.5765,41.0,0.5764,288.0,0.5767,42.0,0.5769,17.0
1753592508790,05:01:48.790,huobi,A/USDT:USDT,0.5765,41.0,0.5764,41.0,0.5767,42.0,0.5769,17.0
1753592508864,05:01:48.864,huobi,A/USDT:USDT,0.5765,41.0,0.5764,41.0,0.5767,42.0,0.5769,17.0
1753592508883,05:01:48.883,huobi,A/USDT:USDT,0.5765,41.0,0.5764,288.0,0.5767,42.0,0.5769,17.0
1753592509504,05:01:49.504,huobi,A/USDT:USDT,0.5765,41.0,0.5764,41.0,0.5767,42.0,0.5769,17.0
1753592509524,05:01:49.524,huobi,A/USDT:USDT,0.5764,41.0,0.5763,41.0,0.5767,42.0,0.5769,17.0
1753592509544,05:01:49.544,huobi,A/USDT:USDT,0.5764,41.0,0.5763,41.0,0.5767,42.0,0.5769,17.0
1753592509568,05:01:49.568,huobi,A/USDT:USDT,0.5763,41.0,0.5762,41.0,0.5767,42.0,0.5769,264.0
1753592509602,05:01:49.602,huobi,A/USDT:USDT,0.5762,41.0,0.5761,60.0,0.5767,42.0,0.5769,264.0
1753592509649,05:01:49.649,huobi,A/USDT:USDT,0.5762,288.0,0.5761,60.0,0.5767,42.0,0.5769,17.0
1753592509728,05:01:49.728,huobi,A/USDT:USDT,0.5762,288.0,0.5761,60.0,0.5767,42.0,0.5769,17.0
1753592509767,05:01:49.767,huobi,A/USDT:USDT,0.5762,288.0,0.5761,60.0,0.5767,42.0,0.5769,264.0
1753592509971,05:01:49.971,huobi,A/USDT:USDT,0.5763,41.0,0.5762,288.0,0.5767,42.0,0.5769,264.0
1753592510003,05:01:50.003,huobi,A/USDT:USDT,0.5763,288.0,0.5762,288.0,0.5767,42.0,0.5769,264.0
1753592510024,05:01:50.024,huobi,A/USDT:USDT,0.5764,41.0,0.5763,288.0,0.5767,42.0,0.5769,264.0
1753592510048,05:01:50.048,huobi,A/USDT:USDT,0.5764,41.0,0.5763,41.0,0.5767,42.0,0.5769,264.0
1753592510082,05:01:50.082,huobi,A/USDT:USDT,0.5764,41.0,0.5763,41.0,0.5767,42.0,0.5769,264.0
1753592510121,05:01:50.121,huobi,A/USDT:USDT,0.5764,41.0,0.5763,41.0,0.5767,42.0,0.5769,264.0
1753592510138,05:01:50.138,huobi,A/USDT:USDT,0.5764,41.0,0.5763,41.0,0.5767,42.0,0.5769,264.0
1753592510190,05:01:50.190,huobi,A/USDT:USDT,0.5763,288.0,0.5762,288.0,0.5767,42.0,0.5769,264.0
1753592510220,05:01:50.220,huobi,A/USDT:USDT,0.5764,41.0,0.5763,288.0,0.5767,42.0,0.5769,264.0
1753592510227,05:01:50.227,huobi,A/USDT:USDT,0.5764,41.0,0.5763,288.0,0.5767,42.0,0.5769,264.0
1753592510270,05:01:50.270,huobi,A/USDT:USDT,0.5764,41.0,0.5763,41.0,0.5767,42.0,0.5769,264.0
1753592510287,05:01:50.287,huobi,A/USDT:USDT,0.5764,41.0,0.5763,41.0,0.5767,42.0,0.5769,264.0
1753592510380,05:01:50.380,huobi,A/USDT:USDT,0.5763,288.0,0.5762,288.0,0.5767,42.0,0.5769,264.0
1753592510413,05:01:50.413,huobi,A/USDT:USDT,0.5763,288.0,0.5762,41.0,0.5767,42.0,0.5769,264.0
1753592510460,05:01:50.460,huobi,A/USDT:USDT,0.5764,41.0,0.5763,288.0,0.5767,42.0,0.5769,264.0
1753592510565,05:01:50.565,huobi,A/USDT:USDT,0.5764,41.0,0.5763,288.0,0.5767,42.0,0.5769,247.0
1753592510593,05:01:50.593,huobi,A/USDT:USDT,0.5764,41.0,0.5763,288.0,0.5767,42.0,0.5768,15.0
1753592510630,05:01:50.630,huobi,A/USDT:USDT,0.5764,41.0,0.5763,41.0,0.5767,42.0,0.5768,15.0
1753592510645,05:01:50.645,huobi,A/USDT:USDT,0.5763,41.0,0.5762,41.0,0.5767,42.0,0.5768,15.0
1753592510692,05:01:50.692,huobi,A/USDT:USDT,0.5761,43.0,0.576,14.0,0.5767,42.0,0.5768,15.0
1753592510765,05:01:50.765,huobi,A/USDT:USDT,0.5761,43.0,0.5759,43.0,0.5767,42.0,0.5768,15.0
1753592510799,05:01:50.799,huobi,A/USDT:USDT,0.5759,43.0,0.5757,436.0,0.5767,42.0,0.5768,15.0
1753592510840,05:01:50.840,huobi,A/USDT:USDT,0.576,41.0,0.5759,59.0,0.5767,42.0,0.5768,15.0
1753592510992,05:01:50.992,huobi,A/USDT:USDT,0.576,41.0,0.5759,59.0,0.5767,42.0,0.5768,15.0
1753592511015,05:01:51.015,huobi,A/USDT:USDT,0.576,288.0,0.5759,59.0,0.5767,42.0,0.5768,15.0
1753592511123,05:01:51.123,huobi,A/USDT:USDT,0.5761,41.0,0.576,288.0,0.5767,42.0,0.5768,15.0
1753592511138,05:01:51.138,huobi,A/USDT:USDT,0.5761,288.0,0.576,288.0,0.5767,42.0,0.5768,15.0
1753592511245,05:01:51.245,huobi,A/USDT:USDT,0.5762,41.0,0.5761,288.0,0.5767,42.0,0.5768,15.0
1753592511274,05:01:51.274,huobi,A/USDT:USDT,0.5763,41.0,0.5762,288.0,0.5767,42.0,0.5768,15.0
1753592511333,05:01:51.333,huobi,A/USDT:USDT,0.5763,41.0,0.5762,41.0,0.5767,42.0,0.5768,15.0
1753592511348,05:01:51.348,huobi,A/USDT:USDT,0.5763,41.0,0.5762,41.0,0.5767,42.0,0.5769,247.0
1753592511369,05:01:51.369,huobi,A/USDT:USDT,0.5763,41.0,0.5762,41.0,0.5767,42.0,0.5769,247.0
1753592511400,05:01:51.400,huobi,A/USDT:USDT,0.5763,41.0,0.5762,41.0,0.5766,41.0,0.5767,57.0
1753592511428,05:01:51.428,huobi,A/USDT:USDT,0.5763,41.0,0.5762,41.0,0.5766,41.0,0.5767,57.0
1753592511459,05:01:51.459,huobi,A/USDT:USDT,0.5762,41.0,0.5761,41.0,0.5766,41.0,0.5767,57.0
1753592511498,05:01:51.498,huobi,A/USDT:USDT,0.576,41.0,0.5759,59.0,0.5766,41.0,0.5767,57.0
1753592511561,05:01:51.561,huobi,A/USDT:USDT,0.576,41.0,0.5759,59.0,0.5766,41.0,0.5767,57.0
1753592511658,05:01:51.658,huobi,A/USDT:USDT,0.576,41.0,0.5759,59.0,0.5766,41.0,0.5767,57.0
1753592511676,05:01:51.676,huobi,A/USDT:USDT,0.576,288.0,0.5759,59.0,0.5766,41.0,0.5767,57.0
1753592511782,05:01:51.782,huobi,A/USDT:USDT,0.5761,41.0,0.576,288.0,0.5766,41.0,0.5767,57.0
1753592511817,05:01:51.817,huobi,A/USDT:USDT,0.5762,41.0,0.5761,288.0,0.5766,41.0,0.5767,57.0
1753592511880,05:01:51.880,huobi,A/USDT:USDT,0.5762,41.0,0.5761,288.0,0.5766,41.0,0.5767,57.0
1753592511936,05:01:51.936,huobi,A/USDT:USDT,0.5763,41.0,0.5762,288.0,0.5766,41.0,0.5767,57.0
1753592512032,05:01:52.032,huobi,A/USDT:USDT,0.5763,41.0,0.5762,41.0,0.5766,41.0,0.5767,57.0
1753592512092,05:01:52.092,huobi,A/USDT:USDT,0.5762,41.0,0.5761,41.0,0.5766,41.0,0.5767,57.0
1753592512515,05:01:52.515,huobi,A/USDT:USDT,0.5761,41.0,0.576,288.0,0.5766,41.0,0.5767,57.0
1753592515968,05:01:55.968,huobi,A/USDT:USDT,0.5761,41.0,0.576,288.0,0.5766,41.0,0.5767,57.0
1753592516014,05:01:56.014,huobi,A/USDT:USDT,0.5761,41.0,0.576,288.0,0.5766,41.0,0.5767,57.0
1753592516666,05:01:56.666,huobi,A/USDT:USDT,0.5761,41.0,0.576,288.0,0.5766,41.0,0.5767,57.0
1753592516681,05:01:56.681,huobi,A/USDT:USDT,0.5761,41.0,0.576,288.0,0.5766,41.0,0.5767,57.0
1753592519273,05:01:59.273,huobi,A/USDT:USDT,0.5761,41.0,0.576,288.0,0.5766,41.0,0.5767,57.0
1753592519286,05:01:59.286,huobi,A/USDT:USDT,0.5761,41.0,0.576,288.0,0.5766,41.0,0.5767,57.0
1753592519318,05:01:59.318,huobi,A/USDT:USDT,0.5761,41.0,0.576,288.0,0.5766,41.0,0.5767,57.0
1753592519345,05:01:59.345,huobi,A/USDT:USDT,0.5761,41.0,0.576,288.0,0.5766,41.0,0.5767,57.0
1753592521031,05:02:01.031,huobi,A/USDT:USDT,0.5761,41.0,0.576,288.0,0.5766,288.0,0.5767,57.0
1753592521130,05:02:01.130,huobi,A/USDT:USDT,0.5761,41.0,0.576,288.0,0.5765,43.0,0.5766,288.0
1753592521226,05:02:01.226,huobi,A/USDT:USDT,0.5761,41.0,0.576,288.0,0.5765,43.0,0.5766,304.0
1753592521311,05:02:01.311,huobi,A/USDT:USDT,0.5761,41.0,0.576,288.0,0.5765,43.0,0.5766,304.0
1753592521557,05:02:01.557,huobi,A/USDT:USDT,0.5761,41.0,0.576,288.0,0.5765,43.0,0.5766,304.0
1753592521875,05:02:01.875,huobi,A/USDT:USDT,0.5761,41.0,0.576,41.0,0.5765,43.0,0.5766,304.0
1753592521900,05:02:01.900,huobi,A/USDT:USDT,0.5761,41.0,0.576,41.0,0.5765,43.0,0.5766,304.0
1753592521940,05:02:01.940,huobi,A/USDT:USDT,0.576,41.0,0.5759,43.0,0.5765,43.0,0.5766,304.0
1753592521966,05:02:01.966,huobi,A/USDT:USDT,0.576,41.0,0.5759,43.0,0.5765,43.0,0.5766,304.0
1753592521993,05:02:01.993,huobi,A/USDT:USDT,0.576,41.0,0.5759,43.0,0.5765,43.0,0.5766,304.0
1753592522025,05:02:02.025,huobi,A/USDT:USDT,0.576,41.0,0.5759,43.0,0.5765,43.0,0.5766,304.0
1753592522051,05:02:02.051,huobi,A/USDT:USDT,0.576,41.0,0.5759,43.0,0.5765,43.0,0.5766,304.0
1753592522079,05:02:02.079,huobi,A/USDT:USDT,0.5759,43.0,0.5757,436.0,0.5765,43.0,0.5766,304.0
1753592522105,05:02:02.105,huobi,A/USDT:USDT,0.5759,43.0,0.5757,436.0,0.5765,290.0,0.5766,288.0
1753592522153,05:02:02.153,huobi,A/USDT:USDT,0.5759,43.0,0.5757,450.0,0.5765,290.0,0.5766,288.0
1753592522176,05:02:02.176,huobi,A/USDT:USDT,0.5759,43.0,0.5757,450.0,0.5764,43.0,0.5765,59.0
1753592522213,05:02:02.213,huobi,A/USDT:USDT,0.5759,43.0,0.5757,436.0,0.5764,43.0,0.5765,306.0
1753592522228,05:02:02.228,huobi,A/USDT:USDT,0.5759,43.0,0.5757,436.0,0.5764,43.0,0.5765,59.0
1753592522258,05:02:02.258,huobi,A/USDT:USDT,0.5759,43.0,0.5757,436.0,0.5764,43.0,0.5765,306.0
1753592522295,05:02:02.295,huobi,A/USDT:USDT,0.5759,43.0,0.5757,436.0,0.5764,43.0,0.5765,59.0
1753592522358,05:02:02.358,huobi,A/USDT:USDT,0.5759,43.0,0.5757,436.0,0.5764,43.0,0.5765,306.0
1753592522381,05:02:02.381,huobi,A/USDT:USDT,0.5759,43.0,0.5757,436.0,0.5764,43.0,0.5765,290.0
1753592522408,05:02:02.408,huobi,A/USDT:USDT,0.5759,43.0,0.5757,42.0,0.5764,43.0,0.5765,290.0
1753592522437,05:02:02.437,huobi,A/USDT:USDT,0.5759,43.0,0.5757,42.0,0.5763,43.0,0.5764,57.0
1753592522471,05:02:02.471,huobi,A/USDT:USDT,0.5757,42.0,0.5756,59.0,0.5763,43.0,0.5764,57.0
1753592522551,05:02:02.551,huobi,A/USDT:USDT,0.5757,289.0,0.5756,59.0,0.5763,43.0,0.5764,57.0
1753592522569,05:02:02.569,huobi,A/USDT:USDT,0.5758,43.0,0.5757,289.0,0.5763,43.0,0.5764,57.0
1753592523144,05:02:03.144,huobi,A/USDT:USDT,0.5758,43.0,0.5757,289.0,0.5763,43.0,0.5764,57.0
1753592523212,05:02:03.212,huobi,A/USDT:USDT,0.5758,43.0,0.5757,289.0,0.5763,43.0,0.5764,57.0
1753592523225,05:02:03.225,huobi,A/USDT:USDT,0.5758,43.0,0.5757,289.0,0.5763,43.0,0.5764,57.0
1753592523332,05:02:03.332,huobi,A/USDT:USDT,0.5758,43.0,0.5757,289.0,0.5763,43.0,0.5764,57.0
1753592523353,05:02:03.353,huobi,A/USDT:USDT,0.5758,43.0,0.5757,289.0,0.5763,43.0,0.5764,57.0
1753592523637,05:02:03.637,huobi,A/USDT:USDT,0.5758,43.0,0.5757,42.0,0.5763,43.0,0.5764,57.0
1753592523673,05:02:03.673,huobi,A/USDT:USDT,0.5757,42.0,0.5756,59.0,0.5763,43.0,0.5764,304.0
1753592523698,05:02:03.698,huobi,A/USDT:USDT,0.5757,42.0,0.5756,42.0,0.5763,290.0,0.5764,57.0
1753592523733,05:02:03.733,huobi,A/USDT:USDT,0.5756,42.0,0.5755,400.0,0.5763,290.0,0.5764,57.0
1753592523758,05:02:03.758,huobi,A/USDT:USDT,0.5756,42.0,0.5755,400.0,0.5763,290.0,0.5764,57.0
1753592523812,05:02:03.812,huobi,A/USDT:USDT,0.5756,42.0,0.5755,416.0,0.5763,43.0,0.5764,43.0
1753592523822,05:02:03.822,huobi,A/USDT:USDT,0.5756,42.0,0.5755,416.0,0.5762,43.0,0.5763,43.0
1753592523859,05:02:03.859,huobi,A/USDT:USDT,0.5756,42.0,0.5755,416.0,0.5763,15.0,0.5764,290.0
1753592523955,05:02:03.955,huobi,A/USDT:USDT,0.5756,289.0,0.5755,416.0,0.5763,15.0,0.5764,290.0
1753592523973,05:02:03.973,huobi,A/USDT:USDT,0.5757,43.0,0.5756,289.0,0.5763,15.0,0.5764,290.0
1753592524127,05:02:04.127,huobi,A/USDT:USDT,0.5757,43.0,0.5756,289.0,0.5762,43.0,0.5763,15.0
1753592524157,05:02:04.157,huobi,A/USDT:USDT,0.5757,43.0,0.5756,289.0,0.5762,43.0,0.5763,15.0
1753592525265,05:02:05.265,huobi,A/USDT:USDT,0.5757,43.0,0.5756,289.0,0.5762,43.0,0.5763,15.0
1753592526267,05:02:06.267,huobi,A/USDT:USDT,0.5757,43.0,0.5756,289.0,0.5762,43.0,0.5763,15.0
1753592527386,05:02:07.386,huobi,A/USDT:USDT,0.5757,43.0,0.5756,289.0,0.5762,43.0,0.5763,15.0
1753592531067,05:02:11.067,huobi,A/USDT:USDT,0.5757,43.0,0.5756,289.0,0.5762,43.0,0.5763,15.0
1753592531082,05:02:11.082,huobi,A/USDT:USDT,0.5757,43.0,0.5756,289.0,0.5762,43.0,0.5763,15.0
1753592534279,05:02:14.279,huobi,A/USDT:USDT,0.5757,43.0,0.5756,42.0,0.5762,43.0,0.5763,15.0
1753592534293,05:02:14.293,huobi,A/USDT:USDT,0.5757,43.0,0.5756,42.0,0.5762,43.0,0.5763,262.0
1753592534353,05:02:14.353,huobi,A/USDT:USDT,0.5756,289.0,0.5755,400.0,0.5762,43.0,0.5763,262.0
1753592534378,05:02:14.378,huobi,A/USDT:USDT,0.5757,42.0,0.5756,289.0,0.5762,43.0,0.5763,262.0
1753592534439,05:02:14.439,huobi,A/USDT:USDT,0.5757,289.0,0.5756,289.0,0.5762,43.0,0.5763,262.0
1753592534475,05:02:14.475,huobi,A/USDT:USDT,0.5758,42.0,0.5757,289.0,0.5762,43.0,0.5763,262.0
1753592534498,05:02:14.498,huobi,A/USDT:USDT,0.5758,42.0,0.5757,42.0,0.5762,43.0,0.5763,262.0
1753592534531,05:02:14.531,huobi,A/USDT:USDT,0.5758,42.0,0.5757,42.0,0.5762,43.0,0.5763,262.0
1753592534635,05:02:14.635,huobi,A/USDT:USDT,0.5757,289.0,0.5756,289.0,0.5762,43.0,0.5763,262.0
1753592534658,05:02:14.658,huobi,A/USDT:USDT,0.5757,289.0,0.5756,42.0,0.5762,43.0,0.5763,262.0
1753592536788,05:02:16.788,huobi,A/USDT:USDT,0.5758,42.0,0.5757,289.0,0.5762,43.0,0.5763,15.0
1753592536911,05:02:16.911,huobi,A/USDT:USDT,0.5758,42.0,0.5757,289.0,0.5762,43.0,0.5763,262.0
1753592537000,05:02:17.000,huobi,A/USDT:USDT,0.5758,42.0,0.5757,289.0,0.5762,43.0,0.5763,262.0
1753592537265,05:02:17.265,huobi,A/USDT:USDT,0.5758,42.0,0.5757,289.0,0.5762,43.0,0.5763,262.0
1753592537284,05:02:17.284,huobi,A/USDT:USDT,0.5758,42.0,0.5757,289.0,0.5762,43.0,0.5763,262.0
1753592537992,05:02:17.992,huobi,A/USDT:USDT,0.5758,42.0,0.5757,289.0,0.5762,43.0,0.5763,262.0
1753592540123,05:02:20.123,huobi,A/USDT:USDT,0.5758,42.0,0.5757,289.0,0.5762,43.0,0.5763,15.0
1753592540291,05:02:20.291,huobi,A/USDT:USDT,0.5758,42.0,0.5757,289.0,0.5762,43.0,0.5763,262.0
1753592544241,05:02:24.241,huobi,A/USDT:USDT,0.5758,289.0,0.5757,289.0,0.5762,43.0,0.5763,262.0
1753592544257,05:02:24.257,huobi,A/USDT:USDT,0.5759,43.0,0.5758,289.0,0.5762,43.0,0.5763,262.0
1753592544277,05:02:24.277,huobi,A/USDT:USDT,0.5759,43.0,0.5758,42.0,0.5762,43.0,0.5763,262.0
1753592544350,05:02:24.350,huobi,A/USDT:USDT,0.5759,43.0,0.5758,42.0,0.5762,43.0,0.5763,15.0
1753592544376,05:02:24.376,huobi,A/USDT:USDT,0.5759,43.0,0.5757,42.0,0.5762,43.0,0.5763,15.0
1753592544415,05:02:24.415,huobi,A/USDT:USDT,0.5757,42.0,0.5756,42.0,0.5762,43.0,0.5763,15.0
1753592544430,05:02:24.430,huobi,A/USDT:USDT,0.5756,42.0,0.5755,400.0,0.5762,43.0,0.5763,15.0
1753592546187,05:02:26.187,huobi,A/USDT:USDT,0.5757,290.0,0.5756,289.0,0.5762,43.0,0.5763,15.0
1753592546202,05:02:26.202,huobi,A/USDT:USDT,0.5758,43.0,0.5757,290.0,0.5762,43.0,0.5763,15.0
1753592546298,05:02:26.298,huobi,A/USDT:USDT,0.5758,43.0,0.5757,290.0,0.5762,43.0,0.5763,15.0
1753592546500,05:02:26.500,huobi,A/USDT:USDT,0.5758,43.0,0.5757,43.0,0.5762,43.0,0.5763,15.0
1753592546525,05:02:26.525,huobi,A/USDT:USDT,0.5756,289.0,0.5755,400.0,0.5762,43.0,0.5763,15.0
1753592546806,05:02:26.806,huobi,A/USDT:USDT,0.5757,43.0,0.5756,289.0,0.5762,43.0,0.5763,262.0
1753592546866,05:02:26.866,huobi,A/USDT:USDT,0.5757,43.0,0.5756,289.0,0.5762,43.0,0.5763,262.0
1753592548656,05:02:28.656,huobi,A/USDT:USDT,0.5757,43.0,0.5756,289.0,0.5762,43.0,0.5763,262.0
1753592548839,05:02:28.839,huobi,A/USDT:USDT,0.5757,43.0,0.5756,289.0,0.5762,43.0,0.5763,15.0
1753592549405,05:02:29.405,huobi,A/USDT:USDT,0.5757,43.0,0.5756,289.0,0.5762,43.0,0.5763,15.0
1753592551666,05:02:31.666,huobi,A/USDT:USDT,0.5757,43.0,0.5756,289.0,0.5762,43.0,0.5763,15.0
1753592553698,05:02:33.698,huobi,A/USDT:USDT,0.5757,43.0,0.5756,289.0,0.5762,43.0,0.5763,262.0
1753592553732,05:02:33.732,huobi,A/USDT:USDT,0.5757,43.0,0.5756,289.0,0.5762,43.0,0.5763,262.0
1753592553766,05:02:33.766,huobi,A/USDT:USDT,0.5757,43.0,0.5756,289.0,0.5762,43.0,0.5763,262.0
1753592553796,05:02:33.796,huobi,A/USDT:USDT,0.5757,43.0,0.5756,289.0,0.5762,43.0,0.5763,15.0
1753592553969,05:02:33.969,huobi,A/USDT:USDT,0.5757,43.0,0.5756,289.0,0.5762,43.0,0.5763,15.0
1753592554031,05:02:34.031,huobi,A/USDT:USDT,0.5757,43.0,0.5756,289.0,0.5762,43.0,0.5763,15.0
1753592555054,05:02:35.054,huobi,A/USDT:USDT,0.5757,43.0,0.5756,289.0,0.5762,43.0,0.5763,15.0
1753592556438,05:02:36.438,huobi,A/USDT:USDT,0.576,1.0,0.5757,43.0,0.5762,43.0,0.5763,15.0
1753592556460,05:02:36.460,huobi,A/USDT:USDT,0.5757,290.0,0.5756,289.0,0.5762,43.0,0.5763,15.0
1753592556485,05:02:36.485,huobi,A/USDT:USDT,0.5758,42.0,0.5757,290.0,0.5762,43.0,0.5763,15.0
1753592556558,05:02:36.558,huobi,A/USDT:USDT,0.5758,42.0,0.5757,290.0,0.5762,43.0,0.5763,15.0
1753592557069,05:02:37.069,huobi,A/USDT:USDT,0.5758,289.0,0.5757,290.0,0.5762,43.0,0.5763,15.0
1753592557084,05:02:37.084,huobi,A/USDT:USDT,0.5759,42.0,0.5758,289.0,0.5762,43.0,0.5763,15.0
1753592557179,05:02:37.179,huobi,A/USDT:USDT,0.5759,42.0,0.5758,42.0,0.5762,43.0,0.5763,15.0
1753592557429,05:02:37.429,huobi,A/USDT:USDT,0.5759,42.0,0.5758,247.0,0.5762,43.0,0.5763,15.0
1753592557518,05:02:37.518,huobi,A/USDT:USDT,0.5759,42.0,0.5758,247.0,0.5762,43.0,0.5763,262.0
1753592557538,05:02:37.538,huobi,A/USDT:USDT,0.5759,42.0,0.5757,290.0,0.5762,43.0,0.5763,15.0
1753592561279,05:02:41.279,huobi,A/USDT:USDT,0.5757,43.0,0.5756,42.0,0.5762,43.0,0.5763,15.0
1753592561291,05:02:41.291,huobi,A/USDT:USDT,0.5756,42.0,0.5755,415.0,0.5762,43.0,0.5763,15.0
1753592562831,05:02:42.831,huobi,A/USDT:USDT,0.5757,42.0,0.5756,289.0,0.5762,43.0,0.5763,262.0
1753592562867,05:02:42.867,huobi,A/USDT:USDT,0.5757,42.0,0.5756,289.0,0.5762,43.0,0.5763,262.0
1753592562906,05:02:42.906,huobi,A/USDT:USDT,0.5757,42.0,0.5756,289.0,0.5762,43.0,0.5763,262.0
1753592563556,05:02:43.556,huobi,A/USDT:USDT,0.5757,42.0,0.5756,289.0,0.5762,43.0,0.5763,262.0
1753592563594,05:02:43.594,huobi,A/USDT:USDT,0.5757,42.0,0.5756,289.0,0.5762,43.0,0.5763,262.0
1753592563956,05:02:43.956,huobi,A/USDT:USDT,0.5757,42.0,0.5756,289.0,0.5762,43.0,0.5763,15.0
1753592564081,05:02:44.081,huobi,A/USDT:USDT,0.5757,42.0,0.5756,289.0,0.5762,43.0,0.5763,262.0
1753592564687,05:02:44.687,huobi,A/USDT:USDT,0.5757,42.0,0.5756,289.0,0.5762,43.0,0.5763,247.0
1753592564717,05:02:44.717,huobi,A/USDT:USDT,0.5757,42.0,0.5756,289.0,0.5762,58.0,0.5763,247.0
1753592564741,05:02:44.741,huobi,A/USDT:USDT,0.5757,42.0,0.5756,289.0,0.5761,42.0,0.5762,58.0
1753592564771,05:02:44.771,huobi,A/USDT:USDT,0.5757,42.0,0.5756,289.0,0.5761,42.0,0.5762,58.0
1753592564812,05:02:44.812,huobi,A/USDT:USDT,0.5757,42.0,0.5756,289.0,0.5761,42.0,0.5762,58.0
1753592564838,05:02:44.838,huobi,A/USDT:USDT,0.5757,42.0,0.5756,289.0,0.5761,42.0,0.5762,58.0
1753592564874,05:02:44.874,huobi,A/USDT:USDT,0.5757,42.0,0.5756,289.0,0.5761,42.0,0.5762,58.0
1753592564925,05:02:44.925,huobi,A/USDT:USDT,0.5757,42.0,0.5756,289.0,0.5761,42.0,0.5762,58.0
1753592564944,05:02:44.944,huobi,A/USDT:USDT,0.5757,42.0,0.5756,289.0,0.5761,42.0,0.5762,58.0
1753592565792,05:02:45.792,huobi,A/USDT:USDT,0.5757,42.0,0.5756,289.0,0.5761,42.0,0.5762,58.0
1753592566066,05:02:46.066,huobi,A/USDT:USDT,0.5757,42.0,0.5756,289.0,0.5761,42.0,0.5762,58.0
1753592569692,05:02:49.692,huobi,A/USDT:USDT,0.5757,42.0,0.5756,289.0,0.5761,42.0,0.5762,58.0
1753592569720,05:02:49.720,huobi,A/USDT:USDT,0.5758,43.0,0.5757,289.0,0.5761,42.0,0.5762,58.0
1753592569813,05:02:49.813,huobi,A/USDT:USDT,0.5758,43.0,0.5757,42.0,0.5761,42.0,0.5762,58.0
1753592569878,05:02:49.878,huobi,A/USDT:USDT,0.5757,42.0,0.5756,289.0,0.5761,42.0,0.5762,58.0
1753592575668,05:02:55.668,huobi,A/USDT:USDT,0.5757,42.0,0.5756,289.0,0.5761,42.0,0.5762,58.0
1753592577368,05:02:57.368,huobi,A/USDT:USDT,0.5757,42.0,0.5756,289.0,0.5761,42.0,0.5762,58.0
1753592577408,05:02:57.408,huobi,A/USDT:USDT,0.5757,42.0,0.5756,289.0,0.5761,42.0,0.5762,58.0
1753592581006,05:03:01.006,huobi,A/USDT:USDT,0.5757,289.0,0.5756,289.0,0.5761,42.0,0.5762,58.0
1753592581050,05:03:01.050,huobi,A/USDT:USDT,0.5758,42.0,0.5757,42.0,0.5761,42.0,0.5762,58.0
1753592581065,05:03:01.065,huobi,A/USDT:USDT,0.5758,42.0,0.5757,289.0,0.5761,42.0,0.5762,58.0
1753592581115,05:03:01.115,huobi,A/USDT:USDT,0.5758,42.0,0.5757,42.0,0.5761,42.0,0.5762,58.0
1753592581170,05:03:01.170,huobi,A/USDT:USDT,0.5758,42.0,0.5757,289.0,0.5761,42.0,0.5762,58.0
1753592581180,05:03:01.180,huobi,A/USDT:USDT,0.5757,289.0,0.5756,42.0,0.5761,42.0,0.5762,58.0
1753592581211,05:03:01.211,huobi,A/USDT:USDT,0.5758,42.0,0.5757,289.0,0.5761,42.0,0.5762,58.0
1753592589526,05:03:09.526,huobi,A/USDT:USDT,0.5758,42.0,0.5757,289.0,0.5761,42.0,0.5762,58.0
1753592589744,05:03:09.744,huobi,A/USDT:USDT,0.5758,42.0,0.5757,42.0,0.5761,42.0,0.5762,58.0
1753592589771,05:03:09.771,huobi,A/USDT:USDT,0.5757,42.0,0.5756,42.0,0.5761,42.0,0.5762,58.0
1753592589786,05:03:09.786,huobi,A/USDT:USDT,0.5756,42.0,0.5755,400.0,0.5761,42.0,0.5762,58.0
1753592589828,05:03:09.828,huobi,A/USDT:USDT,0.5757,42.0,0.5756,289.0,0.5761,42.0,0.5762,58.0
1753592589889,05:03:09.889,huobi,A/USDT:USDT,0.5757,42.0,0.5756,289.0,0.5761,42.0,0.5762,58.0
1753592591737,05:03:11.737,huobi,A/USDT:USDT,0.5757,42.0,0.5756,289.0,0.5761,42.0,0.5762,58.0
1753592591788,05:03:11.788,huobi,A/USDT:USDT,0.5757,42.0,0.5756,289.0,0.5761,42.0,0.5762,58.0
1753592591804,05:03:11.804,huobi,A/USDT:USDT,0.5757,42.0,0.5756,289.0,0.5761,42.0,0.5762,58.0
1753592593653,05:03:13.653,huobi,A/USDT:USDT,0.5757,42.0,0.5756,289.0,0.5761,42.0,0.5762,58.0
1753592594867,05:03:14.867,huobi,A/USDT:USDT,0.5757,42.0,0.5756,289.0,0.5761,42.0,0.5762,58.0
1753592594991,05:03:14.991,huobi,A/USDT:USDT,0.5757,289.0,0.5756,289.0,0.5761,42.0,0.5762,58.0
1753592595017,05:03:15.017,huobi,A/USDT:USDT,0.5758,42.0,0.5757,42.0,0.5761,42.0,0.5762,58.0
1753592595090,05:03:15.090,huobi,A/USDT:USDT,0.5758,42.0,0.5757,289.0,0.5761,42.0,0.5762,58.0
1753592595096,05:03:15.096,huobi,A/USDT:USDT,0.5758,42.0,0.5757,289.0,0.5761,42.0,0.5762,58.0
1753592595140,05:03:15.140,huobi,A/USDT:USDT,0.5758,42.0,0.5757,42.0,0.5761,42.0,0.5762,58.0
1753592595164,05:03:15.164,huobi,A/USDT:USDT,0.5757,42.0,0.5756,42.0,0.5761,42.0,0.5762,58.0
1753592595207,05:03:15.207,huobi,A/USDT:USDT,0.5757,42.0,0.5756,289.0,0.5761,42.0,0.5762,58.0
1753592598259,05:03:18.259,huobi,A/USDT:USDT,0.5757,42.0,0.5756,289.0,0.5761,42.0,0.5762,58.0
1753592598293,05:03:18.293,huobi,A/USDT:USDT,0.5757,42.0,0.5756,289.0,0.5761,42.0,0.5762,58.0
1753592598446,05:03:18.446,huobi,A/USDT:USDT,0.5757,42.0,0.5756,289.0,0.5761,42.0,0.5762,58.0
1753592602470,05:03:22.470,huobi,A/USDT:USDT,0.5757,42.0,0.5756,289.0,0.5761,42.0,0.5762,58.0
1753592602509,05:03:22.509,huobi,A/USDT:USDT,0.5757,42.0,0.5756,289.0,0.5761,42.0,0.5762,58.0
1753592604469,05:03:24.469,huobi,A/USDT:USDT,0.5757,42.0,0.5756,289.0,0.5761,42.0,0.5762,58.0
1753592606386,05:03:26.386,huobi,A/USDT:USDT,0.5757,42.0,0.5756,289.0,0.5761,42.0,0.5762,58.0
1753592606442,05:03:26.442,huobi,A/USDT:USDT,0.5757,42.0,0.5756,289.0,0.5761,42.0,0.5762,58.0
1753592606566,05:03:26.566,huobi,A/USDT:USDT,0.5757,42.0,0.5756,289.0,0.5761,42.0,0.5762,58.0
1753592606607,05:03:26.607,huobi,A/USDT:USDT,0.5757,42.0,0.5756,289.0,0.5761,42.0,0.5762,58.0
1753592606622,05:03:26.622,huobi,A/USDT:USDT,0.5757,42.0,0.5756,289.0,0.5761,42.0,0.5762,58.0
1753592610668,05:03:30.668,huobi,A/USDT:USDT,0.5757,42.0,0.5756,289.0,0.5761,42.0,0.5762,58.0
1753592610709,05:03:30.709,huobi,A/USDT:USDT,0.5757,42.0,0.5756,289.0,0.5761,42.0,0.5762,58.0
1753592610802,05:03:30.802,huobi,A/USDT:USDT,0.5757,42.0,0.5756,289.0,0.5761,42.0,0.5762,58.0
1753592622784,05:03:42.784,huobi,A/USDT:USDT,0.5757,42.0,0.5756,42.0,0.5761,42.0,0.5762,58.0
1753592622847,05:03:42.847,huobi,A/USDT:USDT,0.5756,42.0,0.5754,247.0,0.5761,42.0,0.5762,58.0
1753592623669,05:03:43.669,huobi,A/USDT:USDT,0.5756,42.0,0.5754,247.0,0.5761,42.0,0.5762,58.0
1753592623683,05:03:43.683,huobi,A/USDT:USDT,0.5756,42.0,0.5754,247.0,0.5761,42.0,0.5762,58.0
1753592628469,05:03:48.469,huobi,A/USDT:USDT,0.5756,42.0,0.5754,247.0,0.5761,42.0,0.5762,58.0
1753592630066,05:03:50.066,huobi,A/USDT:USDT,0.5756,42.0,0.5754,247.0,0.5761,42.0,0.5762,58.0
1753592630083,05:03:50.083,huobi,A/USDT:USDT,0.5756,42.0,0.5754,247.0,0.5761,42.0,0.5762,58.0
1753592630109,05:03:50.109,huobi,A/USDT:USDT,0.5756,42.0,0.5754,262.0,0.5761,42.0,0.5762,58.0
1753592638068,05:03:58.068,huobi,A/USDT:USDT,0.5756,42.0,0.5754,262.0,0.5761,42.0,0.5762,58.0
1753592638084,05:03:58.084,huobi,A/USDT:USDT,0.5756,42.0,0.5754,262.0,0.5761,42.0,0.5762,58.0
1753592638483,05:03:58.483,huobi,A/USDT:USDT,0.5756,42.0,0.5754,247.0,0.5761,42.0,0.5762,58.0
1753592638521,05:03:58.521,huobi,A/USDT:USDT,0.5756,42.0,0.5754,247.0,0.5761,42.0,0.5762,58.0
1753592639861,05:03:59.861,huobi,A/USDT:USDT,0.5756,42.0,0.5754,247.0,0.5761,289.0,0.5762,58.0
1753592639968,05:03:59.968,huobi,A/USDT:USDT,0.5756,42.0,0.5754,247.0,0.5761,42.0,0.5762,58.0
1753592639983,05:03:59.983,huobi,A/USDT:USDT,0.5756,42.0,0.5754,247.0,0.5761,42.0,0.5762,58.0
1753592647667,05:04:07.667,huobi,A/USDT:USDT,0.5756,42.0,0.5754,247.0,0.5761,42.0,0.5762,58.0
1753592652468,05:04:12.468,huobi,A/USDT:USDT,0.5756,42.0,0.5754,247.0,0.5761,42.0,0.5762,58.0
1753592652499,05:04:12.499,huobi,A/USDT:USDT,0.5756,42.0,0.5754,247.0,0.5761,42.0,0.5762,58.0
1753592657269,05:04:17.269,huobi,A/USDT:USDT,0.5756,42.0,0.5754,247.0,0.5761,42.0,0.5762,58.0
1753592657283,05:04:17.283,huobi,A/USDT:USDT,0.5756,42.0,0.5754,247.0,0.5761,42.0,0.5762,58.0
1753592662068,05:04:22.068,huobi,A/USDT:USDT,0.5756,42.0,0.5754,247.0,0.5761,42.0,0.5762,58.0
1753592662083,05:04:22.083,huobi,A/USDT:USDT,0.5756,42.0,0.5754,247.0,0.5761,42.0,0.5762,58.0
1753592662722,05:04:22.722,huobi,A/USDT:USDT,0.5756,42.0,0.5754,247.0,0.5761,42.0,0.5762,58.0
1753592666869,05:04:26.869,huobi,A/USDT:USDT,0.5756,42.0,0.5754,247.0,0.5761,42.0,0.5762,58.0
1753592671668,05:04:31.668,huobi,A/USDT:USDT,0.5756,42.0,0.5754,247.0,0.5761,42.0,0.5762,58.0
1753592685080,05:04:45.080,huobi,A/USDT:USDT,0.5756,42.0,0.5754,247.0,0.5761,42.0,0.5762,43.0
1753592685104,05:04:45.104,huobi,A/USDT:USDT,0.5756,42.0,0.5754,247.0,0.5762,43.0,0.5763,247.0
1753592685131,05:04:45.131,huobi,A/USDT:USDT,0.5756,42.0,0.5754,247.0,0.5761,16.0,0.5762,43.0
1753592685201,05:04:45.201,huobi,A/USDT:USDT,0.5756,42.0,0.5754,247.0,0.5761,16.0,0.5762,43.0
1753592685221,05:04:45.221,huobi,A/USDT:USDT,0.5756,42.0,0.5754,247.0,0.5761,16.0,0.5762,43.0
1753592685277,05:04:45.277,huobi,A/USDT:USDT,0.5756,42.0,0.5754,247.0,0.576,43.0,0.5761,16.0
1753592685399,05:04:45.399,huobi,A/USDT:USDT,0.5756,42.0,0.5754,247.0,0.576,43.0,0.5761,263.0
1753592686739,05:04:46.739,huobi,A/USDT:USDT,0.5756,42.0,0.5754,247.0,0.576,43.0,0.5761,263.0
1753592686749,05:04:46.749,huobi,A/USDT:USDT,0.5756,42.0,0.5754,247.0,0.576,43.0,0.5761,16.0
1753592693703,05:04:53.703,huobi,A/USDT:USDT,0.5756,42.0,0.5754,247.0,0.576,43.0,0.5761,16.0
1753592693718,05:04:53.718,huobi,A/USDT:USDT,0.5756,42.0,0.5754,247.0,0.576,43.0,0.5761,16.0
1753592693885,05:04:53.885,huobi,A/USDT:USDT,0.5756,42.0,0.5754,247.0,0.576,43.0,0.5761,16.0
1753592693930,05:04:53.930,huobi,A/USDT:USDT,0.5756,42.0,0.5754,263.0,0.576,43.0,0.5761,16.0
1753592698070,05:04:58.070,huobi,A/USDT:USDT,0.5756,42.0,0.5754,263.0,0.576,43.0,0.5761,16.0
1753592698086,05:04:58.086,huobi,A/USDT:USDT,0.5756,42.0,0.5754,263.0,0.576,43.0,0.5761,16.0
1753592713070,05:05:13.070,huobi,A/USDT:USDT,0.5756,42.0,0.5754,263.0,0.576,43.0,0.5761,16.0
1753592713088,05:05:13.088,huobi,A/USDT:USDT,0.5756,42.0,0.5754,263.0,0.576,43.0,0.5761,16.0
1753592713828,05:05:13.828,huobi,A/USDT:USDT,0.5756,42.0,0.5754,247.0,0.576,43.0,0.5761,16.0
1753592713859,05:05:13.859,huobi,A/USDT:USDT,0.5756,42.0,0.5754,247.0,0.576,43.0,0.5761,16.0
1753592717871,05:05:17.871,huobi,A/USDT:USDT,0.5756,42.0,0.5754,247.0,0.576,43.0,0.5761,16.0
1753592717899,05:05:17.899,huobi,A/USDT:USDT,0.5756,42.0,0.5754,247.0,0.576,43.0,0.5761,16.0
1753592727513,05:05:27.513,huobi,A/USDT:USDT,0.5756,42.0,0.5754,247.0,0.576,43.0,0.5761,16.0
1753592727528,05:05:27.528,huobi,A/USDT:USDT,0.5756,42.0,0.5754,247.0,0.576,43.0,0.5761,16.0
1753592727624,05:05:27.624,huobi,A/USDT:USDT,0.5756,42.0,0.5754,247.0,0.576,43.0,0.5761,16.0
1753592727683,05:05:27.683,huobi,A/USDT:USDT,0.5756,42.0,0.5754,247.0,0.576,43.0,0.5761,16.0
1753592735068,05:05:35.068,huobi,A/USDT:USDT,0.5756,42.0,0.5754,247.0,0.576,43.0,0.5761,16.0
1753592735082,05:05:35.082,huobi,A/USDT:USDT,0.5756,42.0,0.5754,247.0,0.576,43.0,0.5761,16.0
1753592740163,05:05:40.163,huobi,A/USDT:USDT,0.5756,42.0,0.5754,247.0,0.576,43.0,0.5761,16.0
1753592740199,05:05:40.199,huobi,A/USDT:USDT,0.5756,42.0,0.5754,262.0,0.576,43.0,0.5761,16.0
1753592740326,05:05:40.326,huobi,A/USDT:USDT,0.5756,42.0,0.5754,262.0,0.576,43.0,0.5763,247.0
1753592740362,05:05:40.362,huobi,A/USDT:USDT,0.5756,42.0,0.5754,262.0,0.576,43.0,0.5762,15.0
1753592742568,05:05:42.568,huobi,A/USDT:USDT,0.5756,42.0,0.5754,262.0,0.576,43.0,0.5762,15.0
1753592742634,05:05:42.634,huobi,A/USDT:USDT,0.5756,42.0,0.5754,262.0,0.576,43.0,0.5762,15.0
1753592744071,05:05:44.071,huobi,A/USDT:USDT,0.5756,42.0,0.5754,262.0,0.576,43.0,0.5762,15.0
1753592744088,05:05:44.088,huobi,A/USDT:USDT,0.5756,42.0,0.5754,262.0,0.576,43.0,0.5762,15.0
1753592748873,05:05:48.873,huobi,A/USDT:USDT,0.5756,42.0,0.5754,262.0,0.576,43.0,0.5762,15.0
1753592748889,05:05:48.889,huobi,A/USDT:USDT,0.5756,42.0,0.5754,262.0,0.576,43.0,0.5762,15.0
1753592753671,05:05:53.671,huobi,A/USDT:USDT,0.5756,42.0,0.5754,262.0,0.576,43.0,0.5762,15.0
1753592753685,05:05:53.685,huobi,A/USDT:USDT,0.5756,42.0,0.5754,262.0,0.576,43.0,0.5762,15.0
1753592758472,05:05:58.472,huobi,A/USDT:USDT,0.5756,42.0,0.5754,262.0,0.576,43.0,0.5762,15.0
1753592758487,05:05:58.487,huobi,A/USDT:USDT,0.5756,42.0,0.5754,262.0,0.576,43.0,0.5762,15.0
1753592766901,05:06:06.901,huobi,A/USDT:USDT,0.5756,42.0,0.5754,262.0,0.576,43.0,0.5762,15.0
1753592766914,05:06:06.914,huobi,A/USDT:USDT,0.5756,42.0,0.5754,262.0,0.576,43.0,0.5762,15.0
1753592766934,05:06:06.934,huobi,A/USDT:USDT,0.5756,42.0,0.5754,262.0,0.576,43.0,0.5762,15.0
1753592766973,05:06:06.973,huobi,A/USDT:USDT,0.5756,42.0,0.5754,262.0,0.576,43.0,0.5762,15.0
1753592767015,05:06:07.015,huobi,A/USDT:USDT,0.5756,42.0,0.5754,262.0,0.576,43.0,0.5762,15.0
1753592767029,05:06:07.029,huobi,A/USDT:USDT,0.5756,42.0,0.5754,262.0,0.576,43.0,0.5764,43.0
1753592767063,05:06:07.063,huobi,A/USDT:USDT,0.5756,42.0,0.5754,247.0,0.5764,43.0,0.5765,454.0
1753592767091,05:06:07.091,huobi,A/USDT:USDT,0.5756,42.0,0.5755,15.0,0.5763,15.0,0.5764,43.0
1753592767133,05:06:07.133,huobi,A/USDT:USDT,0.5756,42.0,0.5755,15.0,0.5762,42.0,0.5763,15.0
1753592768919,05:06:08.919,huobi,A/USDT:USDT,0.5756,42.0,0.5755,15.0,0.5762,42.0,0.5763,15.0
1753592770224,05:06:10.224,huobi,A/USDT:USDT,0.5756,42.0,0.5755,15.0,0.5762,42.0,0.5763,262.0
1753592770328,05:06:10.328,huobi,A/USDT:USDT,0.5756,42.0,0.5755,15.0,0.5762,42.0,0.5763,262.0
1753592772874,05:06:12.874,huobi,A/USDT:USDT,0.5756,42.0,0.5755,15.0,0.5762,42.0,0.5763,262.0
1753592773187,05:06:13.187,huobi,A/USDT:USDT,0.5756,42.0,0.5755,15.0,0.5762,42.0,0.5763,262.0
1753592780224,05:06:20.224,huobi,A/USDT:USDT,0.5756,42.0,0.5755,15.0,0.5762,42.0,0.5763,15.0
1753592780256,05:06:20.256,huobi,A/USDT:USDT,0.5756,42.0,0.5755,15.0,0.5762,42.0,0.5763,15.0
1753592780293,05:06:20.293,huobi,A/USDT:USDT,0.5756,42.0,0.5755,15.0,0.5762,42.0,0.5763,15.0
1753592781165,05:06:21.165,huobi,A/USDT:USDT,0.5756,42.0,0.5755,15.0,0.5762,42.0,0.5763,15.0
1753592781202,05:06:21.202,huobi,A/USDT:USDT,0.5756,42.0,0.5755,15.0,0.5762,42.0,0.5763,15.0
1753592781615,05:06:21.615,huobi,A/USDT:USDT,0.5756,42.0,0.5755,15.0,0.5762,42.0,0.5763,15.0
1753592781798,05:06:21.798,huobi,A/USDT:USDT,0.5756,42.0,0.5754,289.0,0.5762,42.0,0.5763,15.0
1753592781819,05:06:21.819,huobi,A/USDT:USDT,0.5756,42.0,0.5754,289.0,0.5762,42.0,0.5764,43.0
1753592781852,05:06:21.852,huobi,A/USDT:USDT,0.5756,42.0,0.5754,289.0,0.5764,57.0,0.5765,454.0
1753592781877,05:06:21.877,huobi,A/USDT:USDT,0.5756,58.0,0.5754,289.0,0.5763,42.0,0.5764,57.0
1753592781914,05:06:21.914,huobi,A/USDT:USDT,0.5757,42.0,0.5756,58.0,0.5763,42.0,0.5764,57.0
1753592781946,05:06:21.946,huobi,A/USDT:USDT,0.5758,42.0,0.5757,289.0,0.5763,42.0,0.5764,57.0
1753592782039,05:06:22.039,huobi,A/USDT:USDT,0.5758,42.0,0.5757,289.0,0.5763,42.0,0.5764,57.0
1753592782070,05:06:22.070,huobi,A/USDT:USDT,0.5759,42.0,0.5758,289.0,0.5763,42.0,0.5764,57.0
1753592782167,05:06:22.167,huobi,A/USDT:USDT,0.5759,42.0,0.5758,289.0,0.5763,42.0,0.5764,57.0
1753592782180,05:06:22.180,huobi,A/USDT:USDT,0.5759,289.0,0.5758,289.0,0.5763,42.0,0.5764,57.0
1753592782209,05:06:22.209,huobi,A/USDT:USDT,0.576,42.0,0.5759,289.0,0.5763,42.0,0.5764,57.0
1753592782289,05:06:22.289,huobi,A/USDT:USDT,0.576,42.0,0.5759,42.0,0.5763,42.0,0.5764,57.0
1753592782318,05:06:22.318,huobi,A/USDT:USDT,0.576,42.0,0.5759,42.0,0.5763,42.0,0.5764,57.0
1753592782334,05:06:22.334,huobi,A/USDT:USDT,0.576,42.0,0.5759,289.0,0.5763,42.0,0.5764,57.0
1753592782444,05:06:22.444,huobi,A/USDT:USDT,0.576,42.0,0.5759,42.0,0.5763,42.0,0.5764,57.0
1753592782463,05:06:22.463,huobi,A/USDT:USDT,0.5759,42.0,0.5758,42.0,0.5763,42.0,0.5764,57.0
1753592782481,05:06:22.481,huobi,A/USDT:USDT,0.5758,289.0,0.5757,42.0,0.5763,42.0,0.5764,57.0
1753592782505,05:06:22.505,huobi,A/USDT:USDT,0.5759,42.0,0.5758,289.0,0.5763,42.0,0.5764,57.0
1753592787273,05:06:27.273,huobi,A/USDT:USDT,0.5759,42.0,0.5758,289.0,0.5763,42.0,0.5764,57.0
1753592787293,05:06:27.293,huobi,A/USDT:USDT,0.5759,42.0,0.5758,289.0,0.5763,42.0,0.5764,57.0
1753592792072,05:06:32.072,huobi,A/USDT:USDT,0.5759,42.0,0.5758,289.0,0.5763,42.0,0.5764,57.0
1753592792085,05:06:32.085,huobi,A/USDT:USDT,0.5759,42.0,0.5758,289.0,0.5763,42.0,0.5764,57.0
1753592792120,05:06:32.120,huobi,A/USDT:USDT,0.5759,42.0,0.5758,289.0,0.5763,42.0,0.5764,57.0
1753592794323,05:06:34.323,huobi,A/USDT:USDT,0.5759,42.0,0.5758,289.0,0.5763,42.0,0.5764,57.0
1753592794338,05:06:34.338,huobi,A/USDT:USDT,0.5759,289.0,0.5758,289.0,0.5763,42.0,0.5764,57.0
1753592794365,05:06:34.365,huobi,A/USDT:USDT,0.576,43.0,0.5759,289.0,0.5763,42.0,0.5764,57.0
1753592794446,05:06:34.446,huobi,A/USDT:USDT,0.576,43.0,0.5759,42.0,0.5763,42.0,0.5764,57.0
1753592794523,05:06:34.523,huobi,A/USDT:USDT,0.5759,289.0,0.5758,42.0,0.5763,42.0,0.5764,57.0
1753592794545,05:06:34.545,huobi,A/USDT:USDT,0.576,43.0,0.5759,289.0,0.5763,42.0,0.5764,57.0
1753592794777,05:06:34.777,huobi,A/USDT:USDT,0.576,43.0,0.5759,289.0,0.5763,42.0,0.5764,57.0
1753592795334,05:06:35.334,huobi,A/USDT:USDT,0.576,43.0,0.5759,42.0,0.5763,42.0,0.5764,57.0
1753592795349,05:06:35.349,huobi,A/USDT:USDT,0.5759,42.0,0.5757,42.0,0.5763,42.0,0.5764,57.0
1753592795401,05:06:35.401,huobi,A/USDT:USDT,0.5759,43.0,0.5758,247.0,0.5763,42.0,0.5764,57.0
1753592796438,05:06:36.438,huobi,A/USDT:USDT,0.5759,43.0,0.5758,247.0,0.5761,1.0,0.5763,42.0
1753592796457,05:06:36.457,huobi,A/USDT:USDT,0.5759,43.0,0.5757,289.0,0.5761,43.0,0.5763,42.0
1753592796874,05:06:36.874,huobi,A/USDT:USDT,0.5759,43.0,0.5757,289.0,0.5763,42.0,0.5764,57.0
1753592796917,05:06:36.917,huobi,A/USDT:USDT,0.5759,43.0,0.5757,289.0,0.5763,42.0,0.5764,57.0
1753592801673,05:06:41.673,huobi,A/USDT:USDT,0.5759,43.0,0.5757,289.0,0.5763,42.0,0.5764,57.0
1753592801692,05:06:41.692,huobi,A/USDT:USDT,0.5759,43.0,0.5757,289.0,0.5763,42.0,0.5764,57.0
1753592803062,05:06:43.062,huobi,A/USDT:USDT,0.5759,43.0,0.5757,289.0,0.5763,42.0,0.5764,57.0
1753592803113,05:06:43.113,huobi,A/USDT:USDT,0.5759,43.0,0.5757,289.0,0.5763,42.0,0.5764,43.0
1753592803130,05:06:43.130,huobi,A/USDT:USDT,0.5759,43.0,0.5757,289.0,0.5764,43.0,0.5765,454.0
1753592803184,05:06:43.184,huobi,A/USDT:USDT,0.5759,43.0,0.5757,289.0,0.5763,247.0,0.5764,43.0
1753592803352,05:06:43.352,huobi,A/USDT:USDT,0.5759,43.0,0.5757,289.0,0.5762,44.0,0.5763,263.0
1753592803828,05:06:43.828,huobi,A/USDT:USDT,0.5759,43.0,0.5757,289.0,0.5762,44.0,0.5763,16.0
1753592804322,05:06:44.322,huobi,A/USDT:USDT,0.5759,43.0,0.5757,289.0,0.5762,44.0,0.5764,43.0
1753592804364,05:06:44.364,huobi,A/USDT:USDT,0.5759,43.0,0.5757,289.0,0.5764,57.0,0.5765,454.0
1753592804378,05:06:44.378,huobi,A/USDT:USDT,0.5759,43.0,0.5757,289.0,0.5764,57.0,0.5765,454.0
1753592804406,05:06:44.406,huobi,A/USDT:USDT,0.5759,43.0,0.5757,289.0,0.5764,57.0,0.5765,438.0
1753592804442,05:06:44.442,huobi,A/USDT:USDT,0.5759,43.0,0.5757,289.0,0.5763,44.0,0.5764,57.0
1753592804497,05:06:44.497,huobi,A/USDT:USDT,0.5759,43.0,0.5757,289.0,0.5763,44.0,0.5764,57.0
1753592804619,05:06:44.619,huobi,A/USDT:USDT,0.5759,43.0,0.5758,247.0,0.5763,44.0,0.5764,57.0
1753592805520,05:06:45.520,huobi,A/USDT:USDT,0.5759,43.0,0.5758,247.0,0.5763,44.0,0.5764,57.0
1753592806474,05:06:46.474,huobi,A/USDT:USDT,0.5759,43.0,0.5758,247.0,0.5763,44.0,0.5764,57.0
1753592806488,05:06:46.488,huobi,A/USDT:USDT,0.5759,43.0,0.5758,247.0,0.5763,44.0,0.5764,57.0
1753592816073,05:06:56.073,huobi,A/USDT:USDT,0.5759,43.0,0.5758,247.0,0.5763,44.0,0.5764,57.0
1753592816087,05:06:56.087,huobi,A/USDT:USDT,0.5759,43.0,0.5758,247.0,0.5763,44.0,0.5764,57.0
1753592816343,05:06:56.343,huobi,A/USDT:USDT,0.5759,43.0,0.5758,247.0,0.5763,44.0,0.5764,57.0
1753592825674,05:07:05.674,huobi,A/USDT:USDT,0.5759,43.0,0.5758,247.0,0.5763,44.0,0.5764,57.0
1753592825688,05:07:05.688,huobi,A/USDT:USDT,0.5759,43.0,0.5758,247.0,0.5763,44.0,0.5764,57.0
1753592830473,05:07:10.473,huobi,A/USDT:USDT,0.5759,43.0,0.5758,247.0,0.5763,44.0,0.5764,57.0
1753592830502,05:07:10.502,huobi,A/USDT:USDT,0.5759,43.0,0.5758,247.0,0.5763,44.0,0.5764,57.0
1753592835274,05:07:15.274,huobi,A/USDT:USDT,0.5759,43.0,0.5758,247.0,0.5763,44.0,0.5764,57.0
1753592835291,05:07:15.291,huobi,A/USDT:USDT,0.5759,43.0,0.5758,247.0,0.5763,44.0,0.5764,57.0
1753592840073,05:07:20.073,huobi,A/USDT:USDT,0.5759,43.0,0.5758,247.0,0.5763,44.0,0.5764,57.0
1753592840094,05:07:20.094,huobi,A/USDT:USDT,0.5759,43.0,0.5758,247.0,0.5763,44.0,0.5764,57.0
1753592843798,05:07:23.798,huobi,A/USDT:USDT,0.5759,43.0,0.5758,247.0,0.5763,44.0,0.5764,57.0
1753592844183,05:07:24.183,huobi,A/USDT:USDT,0.5759,43.0,0.5757,42.0,0.5763,44.0,0.5764,43.0
1753592844196,05:07:24.196,huobi,A/USDT:USDT,0.5759,43.0,0.5757,42.0,0.5764,43.0,0.5765,438.0
1753592844219,05:07:24.219,huobi,A/USDT:USDT,0.5754,42.0,0.5753,397.0,0.5763,247.0,0.5764,43.0
1753592844404,05:07:24.404,huobi,A/USDT:USDT,0.5754,42.0,0.5753,397.0,0.5763,247.0,0.5764,43.0
1753592844490,05:07:24.490,huobi,A/USDT:USDT,0.5754,289.0,0.5753,397.0,0.5762,42.0,0.5763,247.0
1753592844515,05:07:24.515,huobi,A/USDT:USDT,0.5755,289.0,0.5754,289.0,0.5762,42.0,0.5763,247.0
1753592844622,05:07:24.622,huobi,A/USDT:USDT,0.5756,42.0,0.5755,289.0,0.5762,42.0,0.5763,247.0
1753592844635,05:07:24.635,huobi,A/USDT:USDT,0.5756,289.0,0.5755,289.0,0.5762,42.0,0.5763,247.0
1753592844741,05:07:24.741,huobi,A/USDT:USDT,0.5757,42.0,0.5756,289.0,0.5762,42.0,0.5763,247.0
1753592844765,05:07:24.765,huobi,A/USDT:USDT,0.5757,289.0,0.5756,289.0,0.5762,42.0,0.5763,247.0
1753592844872,05:07:24.872,huobi,A/USDT:USDT,0.5758,42.0,0.5757,289.0,0.5762,42.0,0.5763,247.0
1753592844875,05:07:24.875,huobi,A/USDT:USDT,0.5758,42.0,0.5757,289.0,0.5762,42.0,0.5763,247.0
1753592844908,05:07:24.908,huobi,A/USDT:USDT,0.5759,42.0,0.5758,42.0,0.5762,42.0,0.5763,247.0
1753592844991,05:07:24.991,huobi,A/USDT:USDT,0.5759,42.0,0.5758,289.0,0.5762,42.0,0.5763,247.0
1753592845003,05:07:25.003,huobi,A/USDT:USDT,0.5759,42.0,0.5758,42.0,0.5762,42.0,0.5763,247.0
1753592845058,05:07:25.058,huobi,A/USDT:USDT,0.5758,42.0,0.5757,42.0,0.5762,42.0,0.5763,247.0
1753592845102,05:07:25.102,huobi,A/USDT:USDT,0.5757,42.0,0.5756,289.0,0.5762,42.0,0.5763,247.0
1753592845190,05:07:25.190,huobi,A/USDT:USDT,0.5757,42.0,0.5756,289.0,0.5762,42.0,0.5763,247.0
1753592845311,05:07:25.311,huobi,A/USDT:USDT,0.5757,289.0,0.5756,42.0,0.5762,42.0,0.5763,247.0
1753592845325,05:07:25.325,huobi,A/USDT:USDT,0.5758,42.0,0.5757,289.0,0.5762,42.0,0.5763,247.0
1753592845365,05:07:25.365,huobi,A/USDT:USDT,0.5758,289.0,0.5757,289.0,0.5762,42.0,0.5764,43.0
1753592845398,05:07:25.398,huobi,A/USDT:USDT,0.5759,42.0,0.5758,289.0,0.5764,43.0,0.5765,438.0
1753592845418,05:07:25.418,huobi,A/USDT:USDT,0.5759,42.0,0.5758,42.0,0.5763,42.0,0.5764,290.0
1753592845473,05:07:25.473,huobi,A/USDT:USDT,0.5759,42.0,0.5758,289.0,0.5763,42.0,0.5764,290.0
1753592846585,05:07:26.585,huobi,A/USDT:USDT,0.5759,42.0,0.5758,289.0,0.5763,42.0,0.5764,290.0
1753592848746,05:07:28.746,huobi,A/USDT:USDT,0.5759,42.0,0.5758,289.0,0.5763,42.0,0.5764,290.0
1753592849066,05:07:29.066,huobi,A/USDT:USDT,0.5759,42.0,0.5758,289.0,0.5763,42.0,0.5764,290.0
1753592849075,05:07:29.075,huobi,A/USDT:USDT,0.5759,42.0,0.5758,289.0,0.5763,42.0,0.5764,290.0
1753592849111,05:07:29.111,huobi,A/USDT:USDT,0.5759,42.0,0.5758,289.0,0.5763,57.0,0.5764,290.0
1753592849138,05:07:29.138,huobi,A/USDT:USDT,0.5759,42.0,0.5758,289.0,0.5762,43.0,0.5763,57.0
1753592850903,05:07:30.903,huobi,A/USDT:USDT,0.5759,42.0,0.5758,289.0,0.5762,43.0,0.5763,57.0
1753592859272,05:07:39.272,huobi,A/USDT:USDT,0.5759,42.0,0.5758,289.0,0.5762,43.0,0.5763,57.0
1753592859291,05:07:39.291,huobi,A/USDT:USDT,0.5759,42.0,0.5758,289.0,0.5762,43.0,0.5763,57.0
1753592859871,05:07:39.871,huobi,A/USDT:USDT,0.5759,289.0,0.5758,289.0,0.5762,43.0,0.5763,57.0
1753592859878,05:07:39.878,huobi,A/USDT:USDT,0.5759,42.0,0.5758,289.0,0.5762,43.0,0.5763,57.0
1753592859978,05:07:39.978,huobi,A/USDT:USDT,0.5759,42.0,0.5758,42.0,0.5762,43.0,0.5763,57.0
1753592864074,05:07:44.074,huobi,A/USDT:USDT,0.5758,42.0,0.5756,247.0,0.5762,43.0,0.5763,57.0
1753592865978,05:07:45.978,huobi,A/USDT:USDT,0.5758,42.0,0.5756,247.0,0.5762,43.0,0.5763,57.0
1753592868874,05:07:48.874,huobi,A/USDT:USDT,0.5758,42.0,0.5756,247.0,0.5762,43.0,0.5763,57.0
1753592873674,05:07:53.674,huobi,A/USDT:USDT,0.5758,42.0,0.5756,247.0,0.5762,43.0,0.5763,57.0
1753592875744,05:07:55.744,huobi,A/USDT:USDT,0.5758,42.0,0.5755,57.0,0.5762,43.0,0.5763,57.0
1753592876050,05:07:56.050,huobi,A/USDT:USDT,0.5758,42.0,0.5756,247.0,0.5762,43.0,0.5763,57.0
1753592878477,05:07:58.477,huobi,A/USDT:USDT,0.5758,42.0,0.5756,247.0,0.5762,43.0,0.5763,57.0
1753592883275,05:08:03.275,huobi,A/USDT:USDT,0.5758,42.0,0.5756,247.0,0.5762,43.0,0.5763,57.0
1753592888542,05:08:08.542,huobi,A/USDT:USDT,0.5758,42.0,0.5756,247.0,0.5762,43.0,0.5763,57.0
1753592888557,05:08:08.557,huobi,A/USDT:USDT,0.5758,42.0,0.5756,247.0,0.5762,43.0,0.5763,57.0
1753592896570,05:08:16.570,huobi,A/USDT:USDT,0.5758,42.0,0.5756,247.0,0.5762,43.0,0.5763,57.0
1753592904603,05:08:24.603,huobi,A/USDT:USDT,0.5758,42.0,0.5756,247.0,0.5762,43.0,0.5763,57.0
1753592904619,05:08:24.619,huobi,A/USDT:USDT,0.5758,42.0,0.5756,247.0,0.5762,43.0,0.5763,57.0
1753592910612,05:08:30.612,huobi,A/USDT:USDT,0.5758,42.0,0.5756,247.0,0.5762,43.0,0.5763,57.0
1753592914876,05:08:34.876,huobi,A/USDT:USDT,0.5758,42.0,0.5756,247.0,0.5762,43.0,0.5763,57.0
1753592920650,05:08:40.650,huobi,A/USDT:USDT,0.5758,42.0,0.5756,247.0,0.5762,43.0,0.5763,57.0
1753592920666,05:08:40.666,huobi,A/USDT:USDT,0.5758,42.0,0.5756,247.0,0.5762,43.0,0.5763,57.0
1753592929876,05:08:49.876,huobi,A/USDT:USDT,0.5758,42.0,0.5756,247.0,0.5762,43.0,0.5763,57.0
1753592934678,05:08:54.678,huobi,A/USDT:USDT,0.5758,42.0,0.5756,247.0,0.5762,43.0,0.5763,57.0
1753592934696,05:08:54.696,huobi,A/USDT:USDT,0.5758,42.0,0.5756,247.0,0.5762,43.0,0.5763,57.0
1753592936320,05:08:56.320,huobi,A/USDT:USDT,0.5758,42.0,0.5756,247.0,0.5762,290.0,0.5763,57.0
1753592936348,05:08:56.348,huobi,A/USDT:USDT,0.5755,57.0,0.5754,42.0,0.5761,43.0,0.5762,43.0
1753592936386,05:08:56.386,huobi,A/USDT:USDT,0.5756,43.0,0.5755,42.0,0.5761,43.0,0.5762,290.0
1753592936407,05:08:56.407,huobi,A/USDT:USDT,0.5754,58.0,0.5752,43.0,0.5761,43.0,0.5762,700.0
1753592936433,05:08:56.433,huobi,A/USDT:USDT,0.5755,43.0,0.5754,58.0,0.5761,43.0,0.5762,700.0
1753592936482,05:08:56.482,huobi,A/USDT:USDT,0.5755,43.0,0.5754,42.0,0.5761,43.0,0.5762,437.0
1753592936497,05:08:56.497,huobi,A/USDT:USDT,0.5755,43.0,0.5754,42.0,0.5761,43.0,0.5762,437.0
1753592936524,05:08:56.524,huobi,A/USDT:USDT,0.5755,43.0,0.5754,42.0,0.5759,43.0,0.576,16.0
1753592936555,05:08:56.555,huobi,A/USDT:USDT,0.5755,43.0,0.5754,42.0,0.5759,437.0,0.576,263.0
1753592936582,05:08:56.582,huobi,A/USDT:USDT,0.5755,43.0,0.5754,42.0,0.5758,43.0,0.5759,437.0
1753592936615,05:08:56.615,huobi,A/USDT:USDT,0.5755,43.0,0.5754,42.0,0.5758,43.0,0.5759,437.0
1753592936645,05:08:56.645,huobi,A/USDT:USDT,0.5752,43.0,0.5751,43.0,0.5758,59.0,0.5759,437.0
1753592936675,05:08:56.675,huobi,A/USDT:USDT,0.5751,43.0,0.575,16.0,0.5757,43.0,0.5758,59.0
1753592936837,05:08:56.837,huobi,A/USDT:USDT,0.5751,43.0,0.575,16.0,0.5757,43.0,0.5758,59.0
1753592937045,05:08:57.045,huobi,A/USDT:USDT,0.5751,43.0,0.575,16.0,0.5757,43.0,0.5758,59.0
1753592937203,05:08:57.203,huobi,A/USDT:USDT,0.5751,43.0,0.575,16.0,0.5757,43.0,0.5758,59.0
1753592937518,05:08:57.518,huobi,A/USDT:USDT,0.5751,43.0,0.575,16.0,0.5757,43.0,0.5758,59.0
1753592937544,05:08:57.544,huobi,A/USDT:USDT,0.5751,43.0,0.575,16.0,0.5757,43.0,0.5758,43.0
1753592937588,05:08:57.588,huobi,A/USDT:USDT,0.5751,43.0,0.575,16.0,0.5759,57.0,0.5761,58.0
1753592937612,05:08:57.612,huobi,A/USDT:USDT,0.5751,43.0,0.575,16.0,0.5758,43.0,0.5759,57.0
1753592937664,05:08:57.664,huobi,A/USDT:USDT,0.5751,43.0,0.575,16.0,0.5758,43.0,0.5759,57.0
1753592937667,05:08:57.667,huobi,A/USDT:USDT,0.5751,43.0,0.575,16.0,0.5758,43.0,0.5759,57.0
1753592937714,05:08:57.714,huobi,A/USDT:USDT,0.5751,43.0,0.5749,290.0,0.5758,43.0,0.5759,451.0
1753592937724,05:08:57.724,huobi,A/USDT:USDT,0.5751,58.0,0.5749,290.0,0.5758,43.0,0.5759,451.0
1753592937772,05:08:57.772,huobi,A/USDT:USDT,0.5752,290.0,0.5751,58.0,0.5758,43.0,0.5759,451.0
1753592937814,05:08:57.814,huobi,A/USDT:USDT,0.5753,43.0,0.5752,290.0,0.5758,43.0,0.5759,451.0
1753592937881,05:08:57.881,huobi,A/USDT:USDT,0.5753,43.0,0.5752,290.0,0.5758,43.0,0.5759,451.0
1753592937960,05:08:57.960,huobi,A/USDT:USDT,0.5754,43.0,0.5753,290.0,0.5758,43.0,0.5759,451.0
1753592938008,05:08:58.008,huobi,A/USDT:USDT,0.5754,43.0,0.5753,290.0,0.5758,43.0,0.5759,451.0
1753592938023,05:08:58.023,huobi,A/USDT:USDT,0.5754,290.0,0.5753,290.0,0.5758,43.0,0.5759,451.0
1753592938130,05:08:58.130,huobi,A/USDT:USDT,0.5755,43.0,0.5754,43.0,0.5758,43.0,0.5759,451.0
1753592938146,05:08:58.146,huobi,A/USDT:USDT,0.5755,43.0,0.5754,290.0,0.5758,43.0,0.5759,451.0
1753592938371,05:08:58.371,huobi,A/USDT:USDT,0.5755,43.0,0.5754,290.0,0.5758,43.0,0.5759,437.0
1753592938423,05:08:58.423,huobi,A/USDT:USDT,0.5755,43.0,0.5754,290.0,0.5758,43.0,0.5759,437.0
1753592939172,05:08:59.172,huobi,A/USDT:USDT,0.5755,43.0,0.5754,290.0,0.5758,43.0,0.5759,437.0
1753592941302,05:09:01.302,huobi,A/USDT:USDT,0.5755,43.0,0.5754,290.0,0.5758,43.0,0.5759,437.0
1753592941541,05:09:01.541,huobi,A/USDT:USDT,0.5755,43.0,0.5754,290.0,0.5758,43.0,0.5759,437.0
1753592941618,05:09:01.618,huobi,A/USDT:USDT,0.5755,43.0,0.5754,290.0,0.5758,43.0,0.5759,437.0
1753592941746,05:09:01.746,huobi,A/USDT:USDT,0.5755,290.0,0.5754,290.0,0.5758,43.0,0.5759,437.0
1753592941784,05:09:01.784,huobi,A/USDT:USDT,0.5756,42.0,0.5755,43.0,0.5758,43.0,0.5759,437.0
1753592941815,05:09:01.815,huobi,A/USDT:USDT,0.5756,42.0,0.5755,290.0,0.5758,43.0,0.5759,437.0
1753592941854,05:09:01.854,huobi,A/USDT:USDT,0.5756,42.0,0.5755,43.0,0.5758,43.0,0.5759,437.0
1753592941868,05:09:01.868,huobi,A/USDT:USDT,0.5756,42.0,0.5755,43.0,0.5758,43.0,0.5759,437.0
1753592941919,05:09:01.919,huobi,A/USDT:USDT,0.5756,42.0,0.5755,43.0,0.5758,43.0,0.5759,437.0
1753592941929,05:09:01.929,huobi,A/USDT:USDT,0.5755,43.0,0.5754,43.0,0.5758,43.0,0.5759,437.0
1753592942445,05:09:02.445,huobi,A/USDT:USDT,0.5754,43.0,0.5752,43.0,0.5758,43.0,0.5759,437.0
1753592942475,05:09:02.475,huobi,A/USDT:USDT,0.5753,42.0,0.5752,290.0,0.5758,43.0,0.5759,437.0
1753592942584,05:09:02.584,huobi,A/USDT:USDT,0.5753,289.0,0.5752,290.0,0.5758,43.0,0.5759,437.0
1753592942693,05:09:02.693,huobi,A/USDT:USDT,0.5754,42.0,0.5753,289.0,0.5758,43.0,0.5759,437.0
1753592942709,05:09:02.709,huobi,A/USDT:USDT,0.5754,289.0,0.5753,289.0,0.5758,43.0,0.5759,437.0
1753592942816,05:09:02.816,huobi,A/USDT:USDT,0.5755,42.0,0.5754,289.0,0.5758,43.0,0.5759,437.0
1753592942831,05:09:02.831,huobi,A/USDT:USDT,0.5755,289.0,0.5754,289.0,0.5758,43.0,0.5759,437.0
1753592942854,05:09:02.854,huobi,A/USDT:USDT,0.5756,42.0,0.5755,42.0,0.5758,43.0,0.5759,437.0
1753592942936,05:09:02.936,huobi,A/USDT:USDT,0.5756,42.0,0.5755,289.0,0.5758,43.0,0.5759,437.0
