timestamp,time,exchange,symbol,bid1_price,bid1_volume,bid2_price,bid2_volume,ask1_price,ask1_volume,ask2_price,ask2_volume
1753591901954,04:51:41.954,mexc,AAVE/USDT:USDT,296.51,18561.0,296.5,6978.0,296.52,9913.0,296.53,6936
1753591902616,04:51:42.616,mexc,AAVE/USDT:USDT,296.51,18561.0,296.5,6978.0,296.52,9913.0,296.53,11277
1753591902630,04:51:42.630,mexc,AAVE/USDT:USDT,296.51,18561.0,296.5,6978.0,296.52,9913.0,296.53,11277
1753591903016,04:51:43.016,mexc,AAVE/USDT:USDT,296.51,18561.0,296.5,6978.0,296.52,9913.0,296.53,6936
1753591903428,04:51:43.428,mexc,AAVE/USDT:USDT,296.51,18561.0,296.5,6978.0,296.52,9913.0,296.53,6936
1753591903624,04:51:43.624,mexc,AAVE/USDT:USDT,296.51,18561.0,296.5,6978.0,296.52,9913.0,296.53,6936
1753591903814,04:51:43.814,mexc,AAVE/USDT:USDT,296.56,44512,296.55,21520,296.57,2586,296.58,327
1753591904217,04:51:44.217,mexc,AAVE/USDT:USDT,296.56,44512,296.55,21520,296.57,2586,296.58,327
1753591904217,04:51:44.217,mexc,AAVE/USDT:USDT,296.56,44512,296.55,21520,296.57,2586,296.58,327
1753591904627,04:51:44.627,mexc,AAVE/USDT:USDT,296.56,44512,296.55,21520,296.57,2586,296.58,327
1753591904627,04:51:44.627,mexc,AAVE/USDT:USDT,296.56,44512,296.55,21520,296.57,2586,296.58,327
1753591905031,04:51:45.031,mexc,AAVE/USDT:USDT,296.56,44512,296.55,21520,296.57,2586,296.58,327
1753591905031,04:51:45.031,mexc,AAVE/USDT:USDT,296.56,44512,296.55,21520,296.57,2586,296.58,327
1753591905418,04:51:45.418,mexc,AAVE/USDT:USDT,296.56,44512,296.55,21520,296.57,2586,296.58,327
1753591905827,04:51:45.827,mexc,AAVE/USDT:USDT,296.56,44512,296.55,21520,296.57,2586,296.58,327
1753591905827,04:51:45.827,mexc,AAVE/USDT:USDT,296.56,44512,296.55,21520,296.57,2586,296.58,327
1753591906227,04:51:46.227,mexc,AAVE/USDT:USDT,296.56,44512,296.55,21520,296.57,2586,296.58,327
1753591906233,04:51:46.233,mexc,AAVE/USDT:USDT,296.56,44512,296.55,21520,296.57,2586,296.58,327
1753591906620,04:51:46.620,mexc,AAVE/USDT:USDT,296.56,44512,296.55,21520,296.57,2586,296.58,327
1753591907027,04:51:47.027,mexc,AAVE/USDT:USDT,296.56,44512,296.55,25174,296.57,2586,296.58,327
1753591907027,04:51:47.027,mexc,AAVE/USDT:USDT,296.56,44512,296.55,25174,296.57,2586,296.58,327
1753591907431,04:51:47.431,mexc,AAVE/USDT:USDT,296.56,44512,296.55,21520,296.57,2586,296.58,432
1753591907611,04:51:47.611,mexc,AAVE/USDT:USDT,296.56,44512,296.55,21520,296.57,2586,296.58,432
1753591907819,04:51:47.819,mexc,AAVE/USDT:USDT,296.56,44512,296.55,21520,296.57,2586,296.58,327
1753591908228,04:51:48.228,mexc,AAVE/USDT:USDT,296.56,44512,296.55,21520,296.57,2586,296.58,327
1753591908228,04:51:48.228,mexc,AAVE/USDT:USDT,296.56,44512,296.55,21520,296.57,2586,296.58,327
1753591908629,04:51:48.629,mexc,AAVE/USDT:USDT,296.56,44512,296.55,21520,296.57,2586,296.58,517
1753591909019,04:51:49.019,mexc,AAVE/USDT:USDT,296.56,44512,296.55,21520,296.57,2586,296.58,483
1753591909019,04:51:49.019,mexc,AAVE/USDT:USDT,296.56,44512,296.55,21520,296.57,2586,296.58,327
1753591909429,04:51:49.429,mexc,AAVE/USDT:USDT,296.56,44512,296.55,21520,296.57,2586,296.58,327
1753591909629,04:51:49.629,mexc,AAVE/USDT:USDT,296.56,44512,296.55,21520,296.57,2586,296.58,327
1753591909818,04:51:49.818,mexc,AAVE/USDT:USDT,296.6,25083,296.59,9670,296.61,11285,296.62,4402
1753591909872,04:51:49.872,mexc,AAVE/USDT:USDT,296.6,24944,296.59,9670,296.61,11285,296.62,4402
1753591910222,04:51:50.222,mexc,AAVE/USDT:USDT,296.6,24944,296.59,9670,296.61,11285,296.62,4402
1753591910628,04:51:50.628,mexc,AAVE/USDT:USDT,296.6,24944,296.59,11251,296.61,11285,296.62,4402
1753591910628,04:51:50.628,mexc,AAVE/USDT:USDT,296.6,24944,296.59,13443,296.61,11285,296.62,4402
1753591911032,04:51:51.032,mexc,AAVE/USDT:USDT,296.6,24944,296.59,11862,296.61,11285,296.62,5749
1753591911032,04:51:51.032,mexc,AAVE/USDT:USDT,296.6,24944,296.59,9670,296.61,11285,296.62,5749
1753591911421,04:51:51.421,mexc,AAVE/USDT:USDT,296.6,24944,296.59,9670,296.61,11285,296.62,4402
1753591911830,04:51:51.830,mexc,AAVE/USDT:USDT,296.6,24944,296.59,9670,296.61,11285,296.62,4402
1753591911830,04:51:51.830,mexc,AAVE/USDT:USDT,296.6,24944,296.59,9670,296.61,11285,296.62,4402
1753591912233,04:51:52.233,mexc,AAVE/USDT:USDT,296.6,24944,296.59,9670,296.61,11285,296.62,4402
1753591912327,04:51:52.327,mexc,AAVE/USDT:USDT,296.6,24944,296.59,9670,296.61,11285,296.62,4402
1753591912622,04:51:52.622,mexc,AAVE/USDT:USDT,296.6,24944,296.59,9670,296.61,11285,296.62,4402
1753591913028,04:51:53.028,mexc,AAVE/USDT:USDT,296.6,24944,296.59,9670,296.61,11285,296.62,4402
1753591913028,04:51:53.028,mexc,AAVE/USDT:USDT,296.6,24944,296.59,9670,296.61,11285,296.62,4402
1753591913430,04:51:53.430,mexc,AAVE/USDT:USDT,296.6,24944,296.59,9670,296.61,11285,296.62,4402
1753591913530,04:51:53.530,mexc,AAVE/USDT:USDT,296.6,24944,296.59,9670,296.61,11285,296.62,4402
1753591913969,04:51:53.969,mexc,AAVE/USDT:USDT,296.6,24911,296.59,9670,296.61,11285,296.62,4402
1753591914229,04:51:54.229,mexc,AAVE/USDT:USDT,296.6,24911,296.59,9670,296.61,11285,296.62,4402
1753591914229,04:51:54.229,mexc,AAVE/USDT:USDT,296.6,24911,296.59,9670,296.61,11285,296.62,4402
1753591914631,04:51:54.631,mexc,AAVE/USDT:USDT,296.6,24911,296.59,9670,296.61,11285,296.62,4402
1753591914631,04:51:54.631,mexc,AAVE/USDT:USDT,296.6,24911,296.59,9670,296.61,11285,296.62,4402
1753591915021,04:51:55.021,mexc,AAVE/USDT:USDT,296.6,24911,296.59,9670,296.61,11285,296.62,4402
1753591915428,04:51:55.428,mexc,AAVE/USDT:USDT,296.6,24911,296.59,9670,296.61,11285,296.62,4402
1753591915428,04:51:55.428,mexc,AAVE/USDT:USDT,296.6,24911,296.59,9670,296.61,11285,296.62,4402
1753591915819,04:51:55.819,mexc,AAVE/USDT:USDT,296.6,24831,296.59,655,296.61,9708,296.62,240
1753591916223,04:51:56.223,mexc,AAVE/USDT:USDT,296.6,24831,296.59,655,296.61,9708,296.62,240
1753591916223,04:51:56.223,mexc,AAVE/USDT:USDT,296.6,24831,296.59,655,296.61,9708,296.62,185
1753591916629,04:51:56.629,mexc,AAVE/USDT:USDT,296.6,24831,296.59,655,296.61,9708,296.62,185
1753591916629,04:51:56.629,mexc,AAVE/USDT:USDT,296.6,24831,296.59,917,296.61,9708,296.62,185
1753591917032,04:51:57.032,mexc,AAVE/USDT:USDT,296.6,24831,296.59,917,296.61,9708,296.62,235
1753591917032,04:51:57.032,mexc,AAVE/USDT:USDT,296.6,24831,296.59,655,296.61,9708,296.62,235
1753591917423,04:51:57.423,mexc,AAVE/USDT:USDT,296.6,24831,296.59,655,296.61,9708,296.62,185
1753591917828,04:51:57.828,mexc,AAVE/USDT:USDT,296.6,24831,296.59,893,296.61,9708,296.62,185
1753591917828,04:51:57.828,mexc,AAVE/USDT:USDT,296.6,24831,296.59,1099,296.61,9708,296.62,185
1753591918233,04:51:58.233,mexc,AAVE/USDT:USDT,296.6,24831,296.59,861,296.61,9708,296.62,212
1753591918329,04:51:58.329,mexc,AAVE/USDT:USDT,296.6,24831,296.59,655,296.61,9708,296.62,212
1753591918624,04:51:58.624,mexc,AAVE/USDT:USDT,296.6,24831,296.59,655,296.61,9708,296.62,185
1753591919028,04:51:59.028,mexc,AAVE/USDT:USDT,296.6,24831,296.59,655,296.61,9708,296.62,185
1753591919028,04:51:59.028,mexc,AAVE/USDT:USDT,296.6,24831,296.59,776,296.61,9708,296.62,185
1753591919432,04:51:59.432,mexc,AAVE/USDT:USDT,296.6,24831,296.59,776,296.61,9708,296.62,243
1753591919531,04:51:59.531,mexc,AAVE/USDT:USDT,296.6,24831,296.59,655,296.61,9708,296.62,243
1753591919824,04:51:59.824,mexc,AAVE/USDT:USDT,296.6,24831,296.59,655,296.61,9708,296.62,185
1753591920230,04:52:00.230,mexc,AAVE/USDT:USDT,296.6,24831,296.59,925,296.61,9708,296.62,185
1753591920230,04:52:00.230,mexc,AAVE/USDT:USDT,296.6,24831,296.59,925,296.61,9708,296.62,185
1753591920634,04:52:00.634,mexc,AAVE/USDT:USDT,296.6,24831,296.59,655,296.61,9708,296.62,185
1753591920634,04:52:00.634,mexc,AAVE/USDT:USDT,296.6,24831,296.59,655,296.61,9708,296.62,185
1753591921023,04:52:01.023,mexc,AAVE/USDT:USDT,296.6,24831,296.59,655,296.61,9708,296.62,185
1753591921429,04:52:01.429,mexc,AAVE/USDT:USDT,296.6,24831,296.59,655,296.61,9708,296.62,185
1753591921429,04:52:01.429,mexc,AAVE/USDT:USDT,296.6,24831,296.59,655,296.61,9708,296.62,185
1753591921822,04:52:01.822,mexc,AAVE/USDT:USDT,296.64,23292,296.63,47102,296.65,3442,296.66,2161
1753591922224,04:52:02.224,mexc,AAVE/USDT:USDT,296.64,23292,296.63,47102,296.65,3442,296.66,2161
1753591922224,04:52:02.224,mexc,AAVE/USDT:USDT,296.64,23292,296.63,47102,296.65,3442,296.66,2161
1753591922633,04:52:02.633,mexc,AAVE/USDT:USDT,296.64,23292,296.63,59403,296.65,3442,296.66,2161
1753591922633,04:52:02.633,mexc,AAVE/USDT:USDT,296.64,23292,296.63,76243,296.65,3442,296.66,2161
1753591923033,04:52:03.033,mexc,AAVE/USDT:USDT,296.64,23292,296.63,63942,296.65,3442,296.66,3284
1753591923033,04:52:03.033,mexc,AAVE/USDT:USDT,296.64,23292,296.63,47102,296.65,3442,296.66,3284
1753591923424,04:52:03.424,mexc,AAVE/USDT:USDT,296.64,23292,296.63,47102,296.65,3442,296.66,2161
1753591923830,04:52:03.830,mexc,AAVE/USDT:USDT,296.64,23292,296.63,47102,296.65,3442,296.66,2161
1753591923830,04:52:03.830,mexc,AAVE/USDT:USDT,296.64,23292,296.63,47102,296.65,3442,296.66,2161
1753591924235,04:52:04.235,mexc,AAVE/USDT:USDT,296.64,23292,296.63,47102,296.65,3442,296.66,2426
1753591924331,04:52:04.331,mexc,AAVE/USDT:USDT,296.64,23292,296.63,47102,296.65,3442,296.66,2426
1753591924646,04:52:04.646,mexc,AAVE/USDT:USDT,296.64,23292,296.63,47102,296.65,3442,296.66,2161
1753591925030,04:52:05.030,mexc,AAVE/USDT:USDT,296.64,23292,296.63,47102,296.65,3442,296.66,2161
1753591925030,04:52:05.030,mexc,AAVE/USDT:USDT,296.64,23292,296.63,47102,296.65,3442,296.66,2161
1753591925434,04:52:05.434,mexc,AAVE/USDT:USDT,296.64,23292,296.63,47102,296.65,3442,296.66,2764
1753591925537,04:52:05.537,mexc,AAVE/USDT:USDT,296.64,23292,296.63,47102,296.65,3442,296.66,2764
1753591925824,04:52:05.824,mexc,AAVE/USDT:USDT,296.64,23292,296.63,47102,296.65,3442,296.66,2161
1753591926230,04:52:06.230,mexc,AAVE/USDT:USDT,296.64,23292,296.63,60061,296.65,3442,296.66,2161
1753591926230,04:52:06.230,mexc,AAVE/USDT:USDT,296.64,23292,296.63,60061,296.65,3442,296.66,2161
1753591926633,04:52:06.633,mexc,AAVE/USDT:USDT,296.64,23292,296.63,47102,296.65,3442,296.66,2835
1753591926821,04:52:06.821,mexc,AAVE/USDT:USDT,296.64,22948,296.63,47102,296.65,3442,296.66,2835
1753591927026,04:52:07.026,mexc,AAVE/USDT:USDT,296.64,22948,296.63,47102,296.65,3442,296.66,2161
1753591927432,04:52:07.432,mexc,AAVE/USDT:USDT,296.64,22948,296.63,47102,296.65,3303,296.66,2161
1753591927631,04:52:07.631,mexc,AAVE/USDT:USDT,296.64,22948,296.63,47102,296.65,3303,296.66,2161
1753591927822,04:52:07.822,mexc,AAVE/USDT:USDT,296.66,5473,296.65,6846,296.67,10487,296.68,9177
1753591928227,04:52:08.227,mexc,AAVE/USDT:USDT,296.66,5473,296.65,6846,296.67,10487,296.68,9177
1753591928227,04:52:08.227,mexc,AAVE/USDT:USDT,296.66,5473,296.65,6846,296.67,10487,296.68,9177
1753591928632,04:52:08.632,mexc,AAVE/USDT:USDT,296.66,5473,296.65,6846,296.67,10487,296.68,9177
1753591928632,04:52:08.632,mexc,AAVE/USDT:USDT,296.66,5473,296.65,6846,296.67,10487,296.68,9177
1753591929034,04:52:09.034,mexc,AAVE/USDT:USDT,296.66,5473,296.65,6846,296.67,10487,296.68,13666
1753591929034,04:52:09.034,mexc,AAVE/USDT:USDT,296.66,5473,296.65,6846,296.67,10487,296.68,13666
1753591929427,04:52:09.427,mexc,AAVE/USDT:USDT,296.66,5473,296.65,6846,296.67,10487,296.68,9177
1753591929831,04:52:09.831,mexc,AAVE/USDT:USDT,296.66,5473,296.65,8768,296.67,10487,296.68,9177
1753591929831,04:52:09.831,mexc,AAVE/USDT:USDT,296.66,5473,296.65,11115,296.67,10487,296.68,9177
1753591930236,04:52:10.236,mexc,AAVE/USDT:USDT,296.66,5473,296.65,9193,296.67,10487,296.68,9177
1753591930336,04:52:10.336,mexc,AAVE/USDT:USDT,296.66,5473,296.65,6846,296.67,10487,296.68,9177
1753591930627,04:52:10.627,mexc,AAVE/USDT:USDT,296.66,5473,296.65,6846,296.67,10487,296.68,9177
1753591931032,04:52:11.032,mexc,AAVE/USDT:USDT,296.66,5473,296.65,6846,296.67,10487,296.68,9177
1753591931032,04:52:11.032,mexc,AAVE/USDT:USDT,296.66,5473,296.65,6846,296.67,10487,296.68,9177
1753591931514,04:52:11.514,mexc,AAVE/USDT:USDT,296.66,5473,296.65,6846,296.67,10487,296.68,9177
1753591931542,04:52:11.542,mexc,AAVE/USDT:USDT,296.66,5473,296.65,6846,296.67,10487,296.68,9177
1753591931914,04:52:11.914,mexc,AAVE/USDT:USDT,296.66,5473,296.65,6846,296.67,10487,296.68,9177
1753591932233,04:52:12.233,mexc,AAVE/USDT:USDT,296.66,5473,296.65,6846,296.67,10487,296.68,9177
1753591932635,04:52:12.635,mexc,AAVE/USDT:USDT,296.66,5473,296.65,6846,296.67,10487,296.68,9177
1753591932743,04:52:12.743,mexc,AAVE/USDT:USDT,296.66,5473,296.65,6846,296.67,9930,296.68,9177
1753591933028,04:52:13.028,mexc,AAVE/USDT:USDT,296.66,5473,296.65,6846,296.67,9930,296.68,9177
1753591933433,04:52:13.433,mexc,AAVE/USDT:USDT,296.66,5473,296.65,6846,296.67,9930,296.68,9177
1753591933433,04:52:13.433,mexc,AAVE/USDT:USDT,296.66,5473,296.65,6846,296.67,9930,296.68,9177
1753591933824,04:52:13.824,mexc,AAVE/USDT:USDT,296.68,5632,296.67,14471,296.69,11563,296.7,5421
1753591934227,04:52:14.227,mexc,AAVE/USDT:USDT,296.68,5632,296.67,14471,296.69,11563,296.7,5421
1753591934227,04:52:14.227,mexc,AAVE/USDT:USDT,296.68,5632,296.67,14471,296.69,11563,296.7,4834
1753591934632,04:52:14.632,mexc,AAVE/USDT:USDT,296.68,5632,296.67,17717,296.69,11563,296.7,4834
1753591934632,04:52:14.632,mexc,AAVE/USDT:USDT,296.68,5632,296.67,17717,296.69,11563,296.7,4834
1753591935035,04:52:15.035,mexc,AAVE/USDT:USDT,296.68,5632,296.67,14471,296.69,11563,296.7,4834
1753591935035,04:52:15.035,mexc,AAVE/USDT:USDT,296.68,5632,296.67,14471,296.69,11563,296.7,4834
1753591935427,04:52:15.427,mexc,AAVE/USDT:USDT,296.68,5632,296.67,14471,296.69,11563,296.7,4834
1753591935832,04:52:15.832,mexc,AAVE/USDT:USDT,296.68,5632,296.67,14471,296.69,11563,296.7,4834
1753591935832,04:52:15.832,mexc,AAVE/USDT:USDT,296.68,5632,296.67,14471,296.69,11563,296.7,4834
1753591936238,04:52:16.238,mexc,AAVE/USDT:USDT,296.68,5632,296.67,14471,296.69,11563,296.7,5689
1753591936337,04:52:16.337,mexc,AAVE/USDT:USDT,296.68,5632,296.67,14471,296.69,11563,296.7,5689
1753591936627,04:52:16.627,mexc,AAVE/USDT:USDT,296.68,5632,296.67,14471,296.69,11563,296.7,4834
1753591937033,04:52:17.033,mexc,AAVE/USDT:USDT,296.68,5632,296.67,14471,296.69,11563,296.7,4834
1753591937033,04:52:17.033,mexc,AAVE/USDT:USDT,296.68,5632,296.67,14471,296.69,11563,296.7,4834
1753591937436,04:52:17.436,mexc,AAVE/USDT:USDT,296.68,5632,296.67,14471,296.69,11563,296.7,4834
1753591937544,04:52:17.544,mexc,AAVE/USDT:USDT,296.68,5632,296.67,14471,296.69,11563,296.7,4834
1753591937827,04:52:17.827,mexc,AAVE/USDT:USDT,296.68,5632,296.67,14471,296.69,11563,296.7,4834
1753591938234,04:52:18.234,mexc,AAVE/USDT:USDT,296.68,5632,296.67,18147,296.69,11563,296.7,4834
1753591938234,04:52:18.234,mexc,AAVE/USDT:USDT,296.68,5632,296.67,18147,296.69,11563,296.7,4834
1753591938638,04:52:18.638,mexc,AAVE/USDT:USDT,296.68,5632,296.67,14471,296.69,11563,296.7,4834
1753591938638,04:52:18.638,mexc,AAVE/USDT:USDT,296.68,5632,296.67,14471,296.69,11563,296.7,4834
1753591939030,04:52:19.030,mexc,AAVE/USDT:USDT,296.68,5632,296.67,14471,296.69,11563,296.7,4834
1753591939435,04:52:19.435,mexc,AAVE/USDT:USDT,296.68,5632,296.67,14471,296.69,11563,296.7,4834
1753591939435,04:52:19.435,mexc,AAVE/USDT:USDT,296.68,5632,296.67,19194,296.69,11563,296.7,4834
1753591939826,04:52:19.826,mexc,AAVE/USDT:USDT,296.68,17308,296.67,14593,296.69,9749,296.7,873
1753591940229,04:52:20.229,mexc,AAVE/USDT:USDT,296.68,17308,296.67,14593,296.69,9749,296.7,873
1753591940229,04:52:20.229,mexc,AAVE/USDT:USDT,296.68,17308,296.67,14593,296.69,9749,296.7,873
1753591940634,04:52:20.634,mexc,AAVE/USDT:USDT,296.68,17308,296.67,17210,296.69,9749,296.7,873
1753591940634,04:52:20.634,mexc,AAVE/USDT:USDT,296.68,17308,296.67,17210,296.69,9749,296.7,873
1753591941037,04:52:21.037,mexc,AAVE/USDT:USDT,296.68,17308,296.67,14593,296.69,9749,296.7,873
1753591941037,04:52:21.037,mexc,AAVE/USDT:USDT,296.68,17308,296.67,14593,296.69,9749,296.7,873
1753591941430,04:52:21.430,mexc,AAVE/USDT:USDT,296.68,17308,296.67,14593,296.69,9749,296.7,873
1753591941833,04:52:21.833,mexc,AAVE/USDT:USDT,296.68,17308,296.67,14593,296.69,9749,296.7,873
1753591941833,04:52:21.833,mexc,AAVE/USDT:USDT,296.68,17308,296.67,14593,296.69,9749,296.7,873
1753591942236,04:52:22.236,mexc,AAVE/USDT:USDT,296.68,17308,296.67,14593,296.69,9749,296.7,873
1753591942340,04:52:22.340,mexc,AAVE/USDT:USDT,296.68,17308,296.67,14593,296.69,9749,296.7,873
1753591942629,04:52:22.629,mexc,AAVE/USDT:USDT,296.68,17308,296.67,14593,296.69,9749,296.7,873
1753591943032,04:52:23.032,mexc,AAVE/USDT:USDT,296.68,17308,296.67,14593,296.69,9749,296.7,873
1753591943032,04:52:23.032,mexc,AAVE/USDT:USDT,296.68,17308,296.67,19740,296.69,9749,296.7,873
1753591943437,04:52:23.437,mexc,AAVE/USDT:USDT,296.68,17308,296.67,19740,296.69,9749,296.7,873
1753591943552,04:52:23.552,mexc,AAVE/USDT:USDT,296.68,17308,296.67,14593,296.69,9749,296.7,873
1753591943829,04:52:23.829,mexc,AAVE/USDT:USDT,296.68,17308,296.67,14593,296.69,9749,296.7,873
1753591944233,04:52:24.233,mexc,AAVE/USDT:USDT,296.68,17308,296.67,14593,296.69,9749,296.7,873
1753591944233,04:52:24.233,mexc,AAVE/USDT:USDT,296.68,17308,296.67,14593,296.69,9749,296.7,873
1753591944636,04:52:24.636,mexc,AAVE/USDT:USDT,296.68,17308,296.67,14593,296.69,9749,296.7,873
1753591944636,04:52:24.636,mexc,AAVE/USDT:USDT,296.68,17308,296.67,14593,296.69,9749,296.7,873
1753591945207,04:52:25.207,mexc,AAVE/USDT:USDT,296.68,17308,296.67,14593,296.69,9749,296.7,873
1753591945222,04:52:25.222,mexc,AAVE/USDT:USDT,296.74,37278,296.73,28856,296.75,2605,296.76,11629
1753591945443,04:52:25.443,mexc,AAVE/USDT:USDT,296.74,37278,296.73,28856,296.75,2605,296.76,11629
1753591945841,04:52:25.841,mexc,AAVE/USDT:USDT,296.74,37278,296.73,28856,296.75,2605,296.76,11629
1753591945841,04:52:25.841,mexc,AAVE/USDT:USDT,296.74,37278,296.73,28856,296.75,2605,296.76,11629
1753591946229,04:52:26.229,mexc,AAVE/USDT:USDT,296.74,37278,296.73,28856,296.75,2605,296.76,11629
1753591946634,04:52:26.634,mexc,AAVE/USDT:USDT,296.74,37278,296.73,28856,296.75,2605,296.76,11629
1753591946634,04:52:26.634,mexc,AAVE/USDT:USDT,296.74,37278,296.73,34622,296.75,2605,296.76,11629
1753591947037,04:52:27.037,mexc,AAVE/USDT:USDT,296.74,37278,296.73,34622,296.75,2605,296.76,11629
1753591947037,04:52:27.037,mexc,AAVE/USDT:USDT,296.74,37278,296.73,28856,296.75,2605,296.76,11629
1753591947433,04:52:27.433,mexc,AAVE/USDT:USDT,296.74,37278,296.73,28856,296.75,2605,296.76,11629
1753591947834,04:52:27.834,mexc,AAVE/USDT:USDT,296.74,37278,296.73,34220,296.75,2605,296.76,11629
1753591947835,04:52:27.835,mexc,AAVE/USDT:USDT,296.74,37278,296.73,34220,296.75,2605,296.76,11629
1753591948237,04:52:28.237,mexc,AAVE/USDT:USDT,296.74,37278,296.73,28856,296.75,2605,296.76,11629
1753591948237,04:52:28.237,mexc,AAVE/USDT:USDT,296.74,37278,296.73,28856,296.75,2605,296.76,11629
1753591948630,04:52:28.630,mexc,AAVE/USDT:USDT,296.74,37278,296.73,28856,296.75,2605,296.76,11629
1753591949035,04:52:29.035,mexc,AAVE/USDT:USDT,296.74,37278,296.73,28856,296.75,2605,296.76,11629
1753591949035,04:52:29.035,mexc,AAVE/USDT:USDT,296.74,37278,296.73,28856,296.75,2605,296.76,11629
1753591949439,04:52:29.439,mexc,AAVE/USDT:USDT,296.74,37278,296.73,28856,296.75,2605,296.76,11629
1753591949554,04:52:29.554,mexc,AAVE/USDT:USDT,296.74,37278,296.73,28856,296.75,2605,296.76,11629
1753591949831,04:52:29.831,mexc,AAVE/USDT:USDT,296.74,37278,296.73,28856,296.75,2605,296.76,11629
1753591950235,04:52:30.235,mexc,AAVE/USDT:USDT,296.74,37278,296.73,28856,296.75,2605,296.76,11629
1753591950235,04:52:30.235,mexc,AAVE/USDT:USDT,296.74,37278,296.73,28856,296.75,2605,296.76,11629
1753591950637,04:52:30.637,mexc,AAVE/USDT:USDT,296.74,37278,296.73,28856,296.75,10809,296.76,11629
1753591950651,04:52:30.651,mexc,AAVE/USDT:USDT,296.74,17475,296.73,4975,296.75,8204,296.76,5001
1753591951436,04:52:31.436,mexc,AAVE/USDT:USDT,296.74,17475,296.73,4975,296.75,8204,296.76,5001
1753591951436,04:52:31.436,mexc,AAVE/USDT:USDT,296.74,17475,296.73,7070,296.75,8204,296.76,5001
1753591951839,04:52:31.839,mexc,AAVE/USDT:USDT,296.74,17475,296.73,7070,296.75,8204,296.76,5001
1753591951839,04:52:31.839,mexc,AAVE/USDT:USDT,296.74,17475,296.73,4975,296.75,8204,296.76,5001
1753591952231,04:52:32.231,mexc,AAVE/USDT:USDT,296.74,17475,296.73,4975,296.75,8204,296.76,5001
1753591952636,04:52:32.636,mexc,AAVE/USDT:USDT,296.74,17475,296.73,4975,296.75,8204,296.76,5001
1753591952636,04:52:32.636,mexc,AAVE/USDT:USDT,296.74,17475,296.73,5853,296.75,8204,296.76,5001
1753591953040,04:52:33.040,mexc,AAVE/USDT:USDT,296.74,17475,296.73,5853,296.75,8204,296.76,5001
1753591953040,04:52:33.040,mexc,AAVE/USDT:USDT,296.74,17475,296.73,4975,296.75,8204,296.76,5001
1753591953434,04:52:33.434,mexc,AAVE/USDT:USDT,296.74,17475,296.73,4975,296.75,8204,296.76,5001
1753591953836,04:52:33.836,mexc,AAVE/USDT:USDT,296.74,17475,296.73,4975,296.75,8204,296.76,5001
1753591953836,04:52:33.836,mexc,AAVE/USDT:USDT,296.74,17475,296.73,7320,296.75,8204,296.76,5001
1753591954240,04:52:34.240,mexc,AAVE/USDT:USDT,296.74,17475,296.73,7320,296.75,8204,296.76,5001
1753591954240,04:52:34.240,mexc,AAVE/USDT:USDT,296.74,17475,296.73,4975,296.75,8204,296.76,5001
1753591954633,04:52:34.633,mexc,AAVE/USDT:USDT,296.74,17475,296.73,4975,296.75,8204,296.76,5001
1753591955037,04:52:35.037,mexc,AAVE/USDT:USDT,296.74,17475,296.73,6647,296.75,8204,296.76,5001
1753591955037,04:52:35.037,mexc,AAVE/USDT:USDT,296.74,17475,296.73,6647,296.75,8204,296.76,5001
1753591955441,04:52:35.441,mexc,AAVE/USDT:USDT,296.74,17475,296.73,4975,296.75,8204,296.76,5001
1753591955561,04:52:35.561,mexc,AAVE/USDT:USDT,296.74,17475,296.73,4975,296.75,8204,296.76,5001
1753591955832,04:52:35.832,mexc,AAVE/USDT:USDT,296.74,17475,296.73,4975,296.75,8204,296.76,5001
1753591956238,04:52:36.238,mexc,AAVE/USDT:USDT,296.74,17475,296.73,4975,296.75,8204,296.76,5001
1753591956238,04:52:36.238,mexc,AAVE/USDT:USDT,296.74,17475,296.73,4975,296.75,8204,296.76,5001
1753591956640,04:52:36.640,mexc,AAVE/USDT:USDT,296.74,17475,296.73,4975,296.75,8204,296.76,5001
1753591956654,04:52:36.654,mexc,AAVE/USDT:USDT,296.71,764,296.7,402,296.72,32961,296.73,22390
1753591957442,04:52:37.442,mexc,AAVE/USDT:USDT,296.71,764,296.7,495,296.72,32961,296.73,22390
1753591957442,04:52:37.442,mexc,AAVE/USDT:USDT,296.71,764,296.7,495,296.72,32961,296.73,22390
1753591957841,04:52:37.841,mexc,AAVE/USDT:USDT,296.71,764,296.7,402,296.72,32961,296.73,22390
1753591957841,04:52:37.841,mexc,AAVE/USDT:USDT,296.71,764,296.7,402,296.72,32961,296.73,22390
1753591958232,04:52:38.232,mexc,AAVE/USDT:USDT,296.71,764,296.7,402,296.72,32961,296.73,22390
1753591958640,04:52:38.640,mexc,AAVE/USDT:USDT,296.71,764,296.7,402,296.72,32961,296.73,22390
1753591958640,04:52:38.640,mexc,AAVE/USDT:USDT,296.71,764,296.7,402,296.72,32961,296.73,22390
1753591959043,04:52:39.043,mexc,AAVE/USDT:USDT,296.71,764,296.7,402,296.72,32961,296.73,22390
1753591959043,04:52:39.043,mexc,AAVE/USDT:USDT,296.71,764,296.7,402,296.72,32961,296.73,22390
1753591959435,04:52:39.435,mexc,AAVE/USDT:USDT,296.71,764,296.7,402,296.72,32961,296.73,22390
1753591959838,04:52:39.838,mexc,AAVE/USDT:USDT,296.71,764,296.7,402,296.72,32961,296.73,22390
1753591959838,04:52:39.838,mexc,AAVE/USDT:USDT,296.71,764,296.7,402,296.72,32961,296.73,22390
1753591960241,04:52:40.241,mexc,AAVE/USDT:USDT,296.71,764,296.7,402,296.72,32961,296.73,22390
1753591960241,04:52:40.241,mexc,AAVE/USDT:USDT,296.71,764,296.7,402,296.72,32961,296.73,22390
1753591960633,04:52:40.633,mexc,AAVE/USDT:USDT,296.71,764,296.7,402,296.72,32961,296.73,22390
1753591961039,04:52:41.039,mexc,AAVE/USDT:USDT,296.71,764,296.7,402,296.72,32961,296.73,22390
1753591961039,04:52:41.039,mexc,AAVE/USDT:USDT,296.71,764,296.7,402,296.72,32961,296.73,22390
1753591961443,04:52:41.443,mexc,AAVE/USDT:USDT,296.71,764,296.7,402,296.72,32961,296.73,22390
1753591961444,04:52:41.444,mexc,AAVE/USDT:USDT,296.71,764,296.7,402,296.72,32961,296.73,22390
1753591961833,04:52:41.833,mexc,AAVE/USDT:USDT,296.71,764,296.7,402,296.72,32961,296.73,22390
1753591962238,04:52:42.238,mexc,AAVE/USDT:USDT,296.71,764,296.7,402,296.72,32961,296.73,22390
1753591962238,04:52:42.238,mexc,AAVE/USDT:USDT,296.71,764,296.7,402,296.72,32961,296.73,22390
1753591962641,04:52:42.641,mexc,AAVE/USDT:USDT,296.71,764,296.7,402,296.72,32961,296.73,22390
1753591962654,04:52:42.654,mexc,AAVE/USDT:USDT,296.69,21859,296.68,5183,296.7,5941,296.71,15165
1753591963445,04:52:43.445,mexc,AAVE/USDT:USDT,296.69,21859,296.68,5183,296.7,5941,296.71,15165
1753591963445,04:52:43.445,mexc,AAVE/USDT:USDT,296.69,21859,296.68,5183,296.7,5941,296.71,15165
1753591963842,04:52:43.842,mexc,AAVE/USDT:USDT,296.69,21859,296.68,5183,296.7,5941,296.71,18701
1753591964234,04:52:44.234,mexc,AAVE/USDT:USDT,296.69,21859,296.68,5183,296.7,5941,296.71,15165
1753591964234,04:52:44.234,mexc,AAVE/USDT:USDT,296.69,21859,296.68,5183,296.7,5941,296.71,15165
1753591964638,04:52:44.638,mexc,AAVE/USDT:USDT,296.69,21859,296.68,5183,296.7,5941,296.71,15165
1753591964638,04:52:44.638,mexc,AAVE/USDT:USDT,296.69,21859,296.68,5183,296.7,5941,296.71,15165
1753591965042,04:52:45.042,mexc,AAVE/USDT:USDT,296.69,21859,296.68,5183,296.7,5941,296.71,15165
1753591965042,04:52:45.042,mexc,AAVE/USDT:USDT,296.69,21859,296.68,5183,296.7,5941,296.71,15165
1753591965441,04:52:45.441,mexc,AAVE/USDT:USDT,296.69,21859,296.68,5183,296.7,5941,296.71,15165
1753591965839,04:52:45.839,mexc,AAVE/USDT:USDT,296.69,21859,296.68,6899,296.7,5941,296.71,15165
1753591965839,04:52:45.839,mexc,AAVE/USDT:USDT,296.69,21859,296.68,6899,296.7,5941,296.71,15165
1753591966242,04:52:46.242,mexc,AAVE/USDT:USDT,296.69,21859,296.68,5183,296.7,5941,296.71,22058
1753591966242,04:52:46.242,mexc,AAVE/USDT:USDT,296.69,21859,296.68,5183,296.7,5941,296.71,22058
1753591966636,04:52:46.636,mexc,AAVE/USDT:USDT,296.69,21859,296.68,5183,296.7,5941,296.71,15165
1753591967039,04:52:47.039,mexc,AAVE/USDT:USDT,296.69,21859,296.68,5183,296.7,5941,296.71,15165
1753591967039,04:52:47.039,mexc,AAVE/USDT:USDT,296.69,21859,296.68,5183,296.7,5941,296.71,15165
1753591967446,04:52:47.446,mexc,AAVE/USDT:USDT,296.69,21859,296.68,5183,296.7,5941,296.71,21384
1753591967446,04:52:47.446,mexc,AAVE/USDT:USDT,296.69,21859,296.68,5183,296.7,5941,296.71,21384
1753591967835,04:52:47.835,mexc,AAVE/USDT:USDT,296.69,21859,296.68,5183,296.7,5941,296.71,15165
1753591968239,04:52:48.239,mexc,AAVE/USDT:USDT,296.69,21859,296.68,5183,296.7,5941,296.71,15165
1753591968239,04:52:48.239,mexc,AAVE/USDT:USDT,296.69,21859,296.68,5183,296.7,5941,296.71,15165
1753591968641,04:52:48.641,mexc,AAVE/USDT:USDT,296.69,21859,296.68,5183,296.7,5941,296.71,15165
1753591968655,04:52:48.655,mexc,AAVE/USDT:USDT,296.74,49978,296.73,21538,296.75,1068,296.76,1129
1753591969440,04:52:49.440,mexc,AAVE/USDT:USDT,296.74,49978,296.73,27312,296.75,1068,296.76,1129
1753591969440,04:52:49.440,mexc,AAVE/USDT:USDT,296.74,49978,296.73,37248,296.75,1068,296.76,1129
1753591969844,04:52:49.844,mexc,AAVE/USDT:USDT,296.74,49978,296.73,31474,296.75,1068,296.76,1129
1753591969844,04:52:49.844,mexc,AAVE/USDT:USDT,296.74,49978,296.73,21538,296.75,1068,296.76,1129
1753591970235,04:52:50.235,mexc,AAVE/USDT:USDT,296.74,49978,296.73,21538,296.75,1068,296.76,1129
1753591970640,04:52:50.640,mexc,AAVE/USDT:USDT,296.74,49978,296.73,21538,296.75,1068,296.76,1129
1753591970640,04:52:50.640,mexc,AAVE/USDT:USDT,296.74,49978,296.73,21538,296.75,1068,296.76,1129
1753591971043,04:52:51.043,mexc,AAVE/USDT:USDT,296.74,49978,296.73,21538,296.75,1068,296.76,1684
1753591971044,04:52:51.044,mexc,AAVE/USDT:USDT,296.74,49978,296.73,21538,296.75,1068,296.76,1684
1753591971446,04:52:51.446,mexc,AAVE/USDT:USDT,296.74,49978,296.73,21538,296.75,1068,296.76,1129
1753591971446,04:52:51.446,mexc,AAVE/USDT:USDT,296.74,49978,296.73,21538,296.75,1068,296.76,1129
1753591971838,04:52:51.838,mexc,AAVE/USDT:USDT,296.74,49978,296.73,30317,296.75,1068,296.76,1129
1753591972243,04:52:52.243,mexc,AAVE/USDT:USDT,296.74,49978,296.73,21538,296.75,1068,296.76,1497
1753591972244,04:52:52.244,mexc,AAVE/USDT:USDT,296.74,49978,296.73,21538,296.75,1068,296.76,1497
1753591972710,04:52:52.710,mexc,AAVE/USDT:USDT,296.74,49978,296.73,21538,296.75,1068,296.76,1129
1753591972719,04:52:52.719,mexc,AAVE/USDT:USDT,296.74,49978,296.73,21538,296.75,1068,296.76,1129
1753591973040,04:52:53.040,mexc,AAVE/USDT:USDT,296.74,49978,296.73,30610,296.75,1068,296.76,1129
1753591973443,04:52:53.443,mexc,AAVE/USDT:USDT,296.74,49978,296.73,30610,296.75,1068,296.76,1129
1753591973443,04:52:53.443,mexc,AAVE/USDT:USDT,296.74,49978,296.73,21538,296.75,1068,296.76,1129
1753591973837,04:52:53.837,mexc,AAVE/USDT:USDT,296.74,49978,296.73,21538,296.75,1068,296.76,1129
1753591974240,04:52:54.240,mexc,AAVE/USDT:USDT,296.74,49978,296.73,21538,296.75,1068,296.76,1129
1753591974240,04:52:54.240,mexc,AAVE/USDT:USDT,296.74,49978,296.73,25880,296.75,1068,296.76,1129
1753591974641,04:52:54.641,mexc,AAVE/USDT:USDT,296.74,49978,296.73,25880,296.75,4922,296.76,1335
1753591974654,04:52:54.654,mexc,AAVE/USDT:USDT,296.74,21863,296.73,22459,296.75,3854,296.76,1186
1753591975441,04:52:55.441,mexc,AAVE/USDT:USDT,296.74,21863,296.73,27126,296.75,3854,296.76,1186
1753591975441,04:52:55.441,mexc,AAVE/USDT:USDT,296.74,21863,296.73,27126,296.75,3854,296.76,1186
1753591975843,04:52:55.843,mexc,AAVE/USDT:USDT,296.74,21863,296.73,22459,296.75,3854,296.76,1998
1753591975843,04:52:55.843,mexc,AAVE/USDT:USDT,296.74,21863,296.73,22459,296.75,3854,296.76,1998
1753591976237,04:52:56.237,mexc,AAVE/USDT:USDT,296.74,21863,296.73,22459,296.75,3854,296.76,1186
1753591976643,04:52:56.643,mexc,AAVE/USDT:USDT,296.74,21863,296.73,27578,296.75,3854,296.76,1186
1753591976643,04:52:56.643,mexc,AAVE/USDT:USDT,296.74,21863,296.73,27578,296.75,3854,296.76,1186
1753591977045,04:52:57.045,mexc,AAVE/USDT:USDT,296.74,21863,296.73,22459,296.75,3854,296.76,1186
1753591977045,04:52:57.045,mexc,AAVE/USDT:USDT,296.74,21863,296.73,22459,296.75,3854,296.76,1186
1753591977444,04:52:57.444,mexc,AAVE/USDT:USDT,296.74,21863,296.73,22459,296.75,3854,296.76,1186
1753591977841,04:52:57.841,mexc,AAVE/USDT:USDT,296.74,21863,296.73,32345,296.75,3854,296.76,1186
1753591977841,04:52:57.841,mexc,AAVE/USDT:USDT,296.74,21863,296.73,41875,296.75,3854,296.76,1186
1753591978244,04:52:58.244,mexc,AAVE/USDT:USDT,296.74,21863,296.73,31989,296.75,3854,296.76,1871
1753591978244,04:52:58.244,mexc,AAVE/USDT:USDT,296.74,21863,296.73,22459,296.75,3854,296.76,1871
1753591978640,04:52:58.640,mexc,AAVE/USDT:USDT,296.74,21863,296.73,22459,296.75,3854,296.76,1186
1753591979040,04:52:59.040,mexc,AAVE/USDT:USDT,296.74,21863,296.73,22459,296.75,3854,296.76,1186
1753591979129,04:52:59.129,mexc,AAVE/USDT:USDT,296.74,21863,296.73,22459,296.75,3854,296.76,1186
1753591979445,04:52:59.445,mexc,AAVE/USDT:USDT,296.74,21863,296.73,22459,296.75,3854,296.76,1186
1753591979445,04:52:59.445,mexc,AAVE/USDT:USDT,296.74,21863,296.73,22459,296.75,3854,296.76,1186
1753591979837,04:52:59.837,mexc,AAVE/USDT:USDT,296.74,21863,296.73,22459,296.75,3854,296.76,1186
1753591980241,04:53:00.241,mexc,AAVE/USDT:USDT,296.74,21863,296.73,22459,296.75,3854,296.76,1186
1753591980427,04:53:00.427,mexc,AAVE/USDT:USDT,296.74,21863,296.73,22459,296.75,3827,296.76,1186
1753591980645,04:53:00.645,mexc,AAVE/USDT:USDT,296.74,21863,296.73,22459,296.75,3827,296.76,1186
1753591980658,04:53:00.658,mexc,AAVE/USDT:USDT,296.77,31055,296.76,25745,296.78,209,296.79,458
1753591981443,04:53:01.443,mexc,AAVE/USDT:USDT,296.77,31055,296.76,35253,296.78,209,296.79,458
1753591981443,04:53:01.443,mexc,AAVE/USDT:USDT,296.77,31055,296.76,35253,296.78,209,296.79,458
1753591981845,04:53:01.845,mexc,AAVE/USDT:USDT,296.77,31055,296.76,25745,296.78,209,296.79,458
1753591982238,04:53:02.238,mexc,AAVE/USDT:USDT,296.77,31055,296.76,25745,296.78,209,296.79,458
1753591982238,04:53:02.238,mexc,AAVE/USDT:USDT,296.77,31055,296.76,25745,296.78,209,296.79,458
1753591982642,04:53:02.642,mexc,AAVE/USDT:USDT,296.77,31055,296.76,25745,296.78,209,296.79,458
1753591982642,04:53:02.642,mexc,AAVE/USDT:USDT,296.77,31055,296.76,25745,296.78,209,296.79,458
1753591983045,04:53:03.045,mexc,AAVE/USDT:USDT,296.77,31055,296.76,25745,296.78,209,296.79,458
1753591983045,04:53:03.045,mexc,AAVE/USDT:USDT,296.77,31055,296.76,25745,296.78,209,296.79,458
1753591983442,04:53:03.442,mexc,AAVE/USDT:USDT,296.77,31055,296.76,25745,296.78,209,296.79,458
1753591983446,04:53:03.446,mexc,AAVE/USDT:USDT,296.77,31055,296.76,25745,296.78,209,296.79,458
1753591983841,04:53:03.841,mexc,AAVE/USDT:USDT,296.77,31055,296.76,25745,296.78,209,296.79,458
1753591984245,04:53:04.245,mexc,AAVE/USDT:USDT,296.77,22574,296.76,25745,296.78,209,296.79,708
1753591984245,04:53:04.245,mexc,AAVE/USDT:USDT,296.77,22574,296.76,25745,296.78,209,296.79,708
1753591984642,04:53:04.642,mexc,AAVE/USDT:USDT,296.77,22574,296.76,25745,296.78,209,296.79,708
1753591984714,04:53:04.714,mexc,AAVE/USDT:USDT,296.77,22574,296.76,25745,296.78,209,296.79,458
1753591985042,04:53:05.042,mexc,AAVE/USDT:USDT,296.77,22574,296.76,25745,296.78,209,296.79,458
1753591985446,04:53:05.446,mexc,AAVE/USDT:USDT,296.77,22574,296.76,25745,296.78,209,296.79,563
1753591985446,04:53:05.446,mexc,AAVE/USDT:USDT,296.77,22574,296.76,25745,296.78,209,296.79,563
1753591985728,04:53:05.728,mexc,AAVE/USDT:USDT,296.76,4419,296.75,490,296.77,36938,296.78,21781
1753591986242,04:53:06.242,mexc,AAVE/USDT:USDT,296.76,4419,296.75,643,296.77,36938,296.78,21781
1753591986242,04:53:06.242,mexc,AAVE/USDT:USDT,296.76,4419,296.75,643,296.77,36938,296.78,21781
1753591986645,04:53:06.645,mexc,AAVE/USDT:USDT,296.76,4419,296.75,490,296.77,36938,296.78,21781
1753591986645,04:53:06.645,mexc,AAVE/USDT:USDT,296.76,4419,296.75,490,296.77,36938,296.78,21781
1753591987040,04:53:07.040,mexc,AAVE/USDT:USDT,296.76,4419,296.75,490,296.77,36938,296.78,21781
1753591987445,04:53:07.445,mexc,AAVE/USDT:USDT,296.76,4419,296.75,691,296.77,36938,296.78,21781
1753591987445,04:53:07.445,mexc,AAVE/USDT:USDT,296.76,4419,296.75,882,296.77,36938,296.78,21781
1753591987846,04:53:07.846,mexc,AAVE/USDT:USDT,296.76,4419,296.75,490,296.77,36938,296.78,32525
1753591988240,04:53:08.240,mexc,AAVE/USDT:USDT,296.76,4419,296.75,490,296.77,36938,296.78,21781
1753591988241,04:53:08.241,mexc,AAVE/USDT:USDT,296.76,4419,296.75,490,296.77,36938,296.78,21781
1753591988642,04:53:08.642,mexc,AAVE/USDT:USDT,296.76,4419,296.75,651,296.77,36938,296.78,21781
1753591988642,04:53:08.642,mexc,AAVE/USDT:USDT,296.76,4419,296.75,651,296.77,36938,296.78,21781
1753591989046,04:53:09.046,mexc,AAVE/USDT:USDT,296.76,4419,296.75,490,296.77,36938,296.78,32504
1753591989046,04:53:09.046,mexc,AAVE/USDT:USDT,296.76,4419,296.75,490,296.77,36938,296.78,32504
1753591989451,04:53:09.451,mexc,AAVE/USDT:USDT,296.76,4419,296.75,490,296.77,36938,296.78,21781
1753591989453,04:53:09.453,mexc,AAVE/USDT:USDT,296.76,4419,296.75,490,296.77,36938,296.78,21781
1753591989843,04:53:09.843,mexc,AAVE/USDT:USDT,296.76,4419,296.75,490,296.77,36938,296.78,21781
1753591990246,04:53:10.246,mexc,AAVE/USDT:USDT,296.76,4419,296.75,490,296.77,36938,296.78,21781
1753591990246,04:53:10.246,mexc,AAVE/USDT:USDT,296.76,4419,296.75,490,296.77,36938,296.78,21781
1753591990643,04:53:10.643,mexc,AAVE/USDT:USDT,296.76,4419,296.75,490,296.77,36938,296.78,21781
1753591991043,04:53:11.043,mexc,AAVE/USDT:USDT,296.76,4392,296.75,490,296.77,36938,296.78,21781
1753591991043,04:53:11.043,mexc,AAVE/USDT:USDT,296.76,4392,296.75,490,296.77,36938,296.78,21781
1753591991446,04:53:11.446,mexc,AAVE/USDT:USDT,296.76,4392,296.75,490,296.77,36938,296.78,21781
1753591991446,04:53:11.446,mexc,AAVE/USDT:USDT,296.76,4392,296.75,490,296.77,36938,296.78,21781
1753591991734,04:53:11.734,mexc,AAVE/USDT:USDT,296.74,16461,296.73,772,296.75,14515,296.76,19780
1753591992244,04:53:12.244,mexc,AAVE/USDT:USDT,296.74,16461,296.73,772,296.75,14515,296.76,19780
1753591992244,04:53:12.244,mexc,AAVE/USDT:USDT,296.74,16461,296.73,772,296.75,14515,296.76,19780
1753591992646,04:53:12.646,mexc,AAVE/USDT:USDT,296.74,16461,296.73,772,296.75,14515,296.76,27558
1753591992647,04:53:12.647,mexc,AAVE/USDT:USDT,296.74,16461,296.73,772,296.75,14515,296.76,27558
1753591993039,04:53:13.039,mexc,AAVE/USDT:USDT,296.74,16461,296.73,772,296.75,14515,296.76,19780
1753591993446,04:53:13.446,mexc,AAVE/USDT:USDT,296.67,41168,296.66,15859,296.68,35385,296.69,23114
1753591993446,04:53:13.446,mexc,AAVE/USDT:USDT,296.67,41168,296.66,16160,296.68,35385,296.69,23114
1753591993855,04:53:13.855,mexc,AAVE/USDT:USDT,296.67,41168,296.66,15970,296.68,35385,296.69,23114
1753591993855,04:53:13.855,mexc,AAVE/USDT:USDT,296.67,41168,296.66,15669,296.68,35385,296.69,23114
1753591994240,04:53:14.240,mexc,AAVE/USDT:USDT,296.67,41168,296.66,15669,296.68,35385,296.69,23114
1753591994643,04:53:14.643,mexc,AAVE/USDT:USDT,296.67,41168,296.66,15669,296.68,35385,296.69,23114
1753591994643,04:53:14.643,mexc,AAVE/USDT:USDT,296.67,41168,296.66,15669,296.68,35385,296.69,23114
1753591995047,04:53:15.047,mexc,AAVE/USDT:USDT,296.67,41168,296.66,15669,296.68,35385,296.69,23114
1753591995047,04:53:15.047,mexc,AAVE/USDT:USDT,296.67,41168,296.66,15669,296.68,35385,296.69,23114
1753591995449,04:53:15.449,mexc,AAVE/USDT:USDT,296.67,41168,296.66,15669,296.68,35385,296.69,23114
1753591995453,04:53:15.453,mexc,AAVE/USDT:USDT,296.67,41168,296.66,15669,296.68,35385,296.69,23114
1753591995843,04:53:15.843,mexc,AAVE/USDT:USDT,296.67,41168,296.66,15669,296.68,35385,296.69,23114
1753591996246,04:53:16.246,mexc,AAVE/USDT:USDT,296.67,41168,296.66,15669,296.68,35385,296.69,23114
1753591996246,04:53:16.246,mexc,AAVE/USDT:USDT,296.67,41168,296.66,15669,296.68,35385,296.69,23114
1753591996645,04:53:16.645,mexc,AAVE/USDT:USDT,296.67,41168,296.66,15669,296.68,35385,296.69,23114
1753591996649,04:53:16.649,mexc,AAVE/USDT:USDT,296.67,41168,296.66,15669,296.68,35385,296.69,23114
1753591997044,04:53:17.044,mexc,AAVE/USDT:USDT,296.67,41168,296.66,15669,296.68,35385,296.69,23114
1753591997447,04:53:17.447,mexc,AAVE/USDT:USDT,296.67,41168,296.66,15669,296.68,35385,296.69,23114
1753591997447,04:53:17.447,mexc,AAVE/USDT:USDT,296.67,41168,296.66,15669,296.68,35385,296.69,23114
1753591997841,04:53:17.841,mexc,AAVE/USDT:USDT,296.67,41168,296.66,15669,296.68,35385,296.69,23114
1753591998242,04:53:18.242,mexc,AAVE/USDT:USDT,296.67,41168,296.66,15669,296.68,35385,296.69,23114
1753591998242,04:53:18.242,mexc,AAVE/USDT:USDT,296.67,41168,296.66,15669,296.68,35385,296.69,23114
1753591998640,04:53:18.640,mexc,AAVE/USDT:USDT,296.67,41168,296.66,15669,296.68,35385,296.69,33107
1753591998739,04:53:18.739,mexc,AAVE/USDT:USDT,296.68,4286,296.67,18629,296.69,27734,296.7,12486
1753591999445,04:53:19.445,mexc,AAVE/USDT:USDT,296.68,4286,296.67,18629,296.69,27734,296.7,12486
1753591999445,04:53:19.445,mexc,AAVE/USDT:USDT,296.68,4286,296.67,18629,296.69,27734,296.7,12486
1753591999847,04:53:19.847,mexc,AAVE/USDT:USDT,296.68,4286,296.67,18629,296.69,27734,296.7,12486
1753591999847,04:53:19.847,mexc,AAVE/USDT:USDT,296.68,4286,296.67,18629,296.69,27734,296.7,12486
1753592000241,04:53:20.241,mexc,AAVE/USDT:USDT,296.68,4286,296.67,18629,296.69,27734,296.7,12486
1753592000644,04:53:20.644,mexc,AAVE/USDT:USDT,296.68,4286,296.67,18629,296.69,27734,296.7,12486
1753592000644,04:53:20.644,mexc,AAVE/USDT:USDT,296.68,4286,296.67,23936,296.69,27734,296.7,12486
1753592001048,04:53:21.048,mexc,AAVE/USDT:USDT,296.68,4286,296.67,23936,296.69,27734,296.7,12486
1753592001048,04:53:21.048,mexc,AAVE/USDT:USDT,296.68,4286,296.67,18629,296.69,27734,296.7,12486
1753592001442,04:53:21.442,mexc,AAVE/USDT:USDT,296.68,4286,296.67,18629,296.69,27734,296.7,12486
1753592001844,04:53:21.844,mexc,AAVE/USDT:USDT,296.68,4286,296.67,18629,296.69,27734,296.7,12486
1753592001844,04:53:21.844,mexc,AAVE/USDT:USDT,296.68,4286,296.67,18629,296.69,27734,296.7,12486
1753592002247,04:53:22.247,mexc,AAVE/USDT:USDT,296.68,4286,296.67,18629,296.69,27734,296.7,12486
1753592002247,04:53:22.247,mexc,AAVE/USDT:USDT,296.68,4286,296.67,18629,296.69,27734,296.7,12486
1753592002648,04:53:22.648,mexc,AAVE/USDT:USDT,296.68,4286,296.67,18629,296.69,27734,296.7,12486
1753592003044,04:53:23.044,mexc,AAVE/USDT:USDT,296.68,4286,296.67,23562,296.69,27734,296.7,12486
1753592003044,04:53:23.044,mexc,AAVE/USDT:USDT,296.68,4286,296.67,23562,296.69,27734,296.7,12486
1753592003449,04:53:23.449,mexc,AAVE/USDT:USDT,296.68,4286,296.67,18629,296.69,27734,296.7,12486
1753592003449,04:53:23.449,mexc,AAVE/USDT:USDT,296.68,4286,296.67,18629,296.69,27734,296.7,12486
1753592003844,04:53:23.844,mexc,AAVE/USDT:USDT,296.68,4286,296.67,18629,296.69,27734,296.7,12486
1753592004244,04:53:24.244,mexc,AAVE/USDT:USDT,296.68,4286,296.67,18629,296.69,27734,296.7,12486
1753592004244,04:53:24.244,mexc,AAVE/USDT:USDT,296.68,4286,296.67,18629,296.69,27734,296.7,12486
1753592004644,04:53:24.644,mexc,AAVE/USDT:USDT,296.68,4286,296.67,18629,296.69,27734,296.7,12486
1753592004736,04:53:24.736,mexc,AAVE/USDT:USDT,296.73,41102,296.72,9491,296.74,3906,296.75,652
1753592005445,04:53:25.445,mexc,AAVE/USDT:USDT,296.73,41102,296.72,9491,296.74,3906,296.75,652
1753592005445,04:53:25.445,mexc,AAVE/USDT:USDT,296.73,41102,296.72,9491,296.74,3906,296.75,652
1753592005848,04:53:25.848,mexc,AAVE/USDT:USDT,296.73,41102,296.72,9491,296.74,3906,296.75,652
1753592005848,04:53:25.848,mexc,AAVE/USDT:USDT,296.73,41102,296.72,9491,296.74,3906,296.75,652
1753592006243,04:53:26.243,mexc,AAVE/USDT:USDT,296.73,41102,296.72,9491,296.74,3906,296.75,652
1753592006645,04:53:26.645,mexc,AAVE/USDT:USDT,296.73,41102,296.72,13188,296.74,3906,296.75,652
1753592007038,04:53:27.038,mexc,AAVE/USDT:USDT,296.73,41102,296.72,13188,296.74,3906,296.75,863
1753592007048,04:53:27.048,mexc,AAVE/USDT:USDT,296.73,41102,296.72,9491,296.74,3906,296.75,863
1753592007444,04:53:27.444,mexc,AAVE/USDT:USDT,296.73,41102,296.72,9491,296.74,3906,296.75,652
1753592007444,04:53:27.444,mexc,AAVE/USDT:USDT,296.73,41102,296.72,9491,296.74,3906,296.75,652
1753592007845,04:53:27.845,mexc,AAVE/USDT:USDT,296.73,41102,296.72,9491,296.74,3906,296.75,652
1753592007845,04:53:27.845,mexc,AAVE/USDT:USDT,296.73,41102,296.72,9491,296.74,3906,296.75,652
1753592008249,04:53:28.249,mexc,AAVE/USDT:USDT,296.73,41102,296.72,9491,296.74,3906,296.75,652
1753592008249,04:53:28.249,mexc,AAVE/USDT:USDT,296.73,41102,296.72,9491,296.74,3906,296.75,652
1753592008650,04:53:28.650,mexc,AAVE/USDT:USDT,296.73,41102,296.72,9491,296.74,3906,296.75,652
1753592008650,04:53:28.650,mexc,AAVE/USDT:USDT,296.73,41102,296.72,9491,296.74,3906,296.75,652
1753592009046,04:53:29.046,mexc,AAVE/USDT:USDT,296.73,41102,296.72,9491,296.74,3906,296.75,652
1753592009449,04:53:29.449,mexc,AAVE/USDT:USDT,296.73,41102,296.72,9491,296.74,3906,296.75,652
1753592009449,04:53:29.449,mexc,AAVE/USDT:USDT,296.73,41102,296.72,9491,296.74,3906,296.75,652
1753592009843,04:53:29.843,mexc,AAVE/USDT:USDT,296.73,41102,296.72,9491,296.74,3906,296.75,652
1753592010245,04:53:30.245,mexc,AAVE/USDT:USDT,296.73,41102,296.72,9491,296.74,3906,296.75,652
1753592010245,04:53:30.245,mexc,AAVE/USDT:USDT,296.73,41102,296.72,9491,296.74,3906,296.75,652
1753592010645,04:53:30.645,mexc,AAVE/USDT:USDT,296.73,41102,296.72,9491,296.74,3906,296.75,652
1753592010737,04:53:30.737,mexc,AAVE/USDT:USDT,296.73,13316,296.72,5300,296.74,11436,296.75,1308
1753592011446,04:53:31.446,mexc,AAVE/USDT:USDT,296.73,13316,296.72,5300,296.74,11436,296.75,1308
1753592011446,04:53:31.446,mexc,AAVE/USDT:USDT,296.73,13316,296.72,5300,296.74,11436,296.75,1308
1753592011849,04:53:31.849,mexc,AAVE/USDT:USDT,296.73,13316,296.72,5300,296.74,11436,296.75,1308
1753592011849,04:53:31.849,mexc,AAVE/USDT:USDT,296.73,13316,296.72,5300,296.74,11436,296.75,1308
1753592012244,04:53:32.244,mexc,AAVE/USDT:USDT,296.73,13316,296.72,5300,296.74,11436,296.75,1308
1753592012647,04:53:32.647,mexc,AAVE/USDT:USDT,296.73,13316,296.72,5300,296.74,11436,296.75,1308
1753592012647,04:53:32.647,mexc,AAVE/USDT:USDT,296.73,13316,296.72,5300,296.74,11436,296.75,1308
1753592013049,04:53:33.049,mexc,AAVE/USDT:USDT,296.73,13316,296.72,5300,296.74,11436,296.75,1650
1753592013049,04:53:33.049,mexc,AAVE/USDT:USDT,296.73,13316,296.72,5300,296.74,11436,296.75,1650
1753592013446,04:53:33.446,mexc,AAVE/USDT:USDT,296.73,13316,296.72,5300,296.74,11436,296.75,1308
1753592013845,04:53:33.845,mexc,AAVE/USDT:USDT,296.73,13316,296.72,6556,296.74,11436,296.75,1308
1753592013845,04:53:33.845,mexc,AAVE/USDT:USDT,296.73,13316,296.72,7587,296.74,11436,296.75,1308
1753592014249,04:53:34.249,mexc,AAVE/USDT:USDT,296.73,13316,296.72,6331,296.74,11436,296.75,1308
1753592014249,04:53:34.249,mexc,AAVE/USDT:USDT,296.73,13316,296.72,5300,296.74,11436,296.75,1308
1753592014646,04:53:34.646,mexc,AAVE/USDT:USDT,296.73,13316,296.72,5300,296.74,11436,296.75,1308
1753592014654,04:53:34.654,mexc,AAVE/USDT:USDT,296.73,13316,296.72,5300,296.74,11436,296.75,1308
1753592015046,04:53:35.046,mexc,AAVE/USDT:USDT,296.73,13316,296.72,5300,296.74,11436,296.75,1308
1753592015449,04:53:35.449,mexc,AAVE/USDT:USDT,296.73,13316,296.72,5300,296.74,11436,296.75,1308
1753592015449,04:53:35.449,mexc,AAVE/USDT:USDT,296.73,13316,296.72,5300,296.74,11436,296.75,1308
1753592015844,04:53:35.844,mexc,AAVE/USDT:USDT,296.73,13316,296.72,5300,296.74,11436,296.75,1308
1753592016246,04:53:36.246,mexc,AAVE/USDT:USDT,296.73,13316,296.72,5300,296.74,11436,296.75,1308
1753592016246,04:53:36.246,mexc,AAVE/USDT:USDT,296.73,13316,296.72,5300,296.74,11436,296.75,1308
1753592016650,04:53:36.650,mexc,AAVE/USDT:USDT,296.73,13316,296.72,5300,296.74,11436,296.75,1465
1753592016741,04:53:36.741,mexc,AAVE/USDT:USDT,296.75,35599,296.74,36114,296.76,5099,296.77,414
1753592017447,04:53:37.447,mexc,AAVE/USDT:USDT,296.75,35599,296.74,36114,296.76,5099,296.77,414
1753592017447,04:53:37.447,mexc,AAVE/USDT:USDT,296.75,35599,296.74,40548,296.76,5099,296.77,414
1753592017851,04:53:37.851,mexc,AAVE/USDT:USDT,296.75,35599,296.74,40548,296.76,5099,296.77,614
1753592017851,04:53:37.851,mexc,AAVE/USDT:USDT,296.75,35599,296.74,36114,296.76,5099,296.77,614
1753592018245,04:53:38.245,mexc,AAVE/USDT:USDT,296.75,35599,296.74,36114,296.76,5099,296.77,414
1753592018647,04:53:38.647,mexc,AAVE/USDT:USDT,296.75,35599,296.74,36114,296.76,5099,296.77,414
1753592018647,04:53:38.647,mexc,AAVE/USDT:USDT,296.75,35599,296.74,53252,296.76,5099,296.77,414
1753592019049,04:53:39.049,mexc,AAVE/USDT:USDT,296.75,35599,296.74,53252,296.76,5099,296.77,414
1753592019050,04:53:39.050,mexc,AAVE/USDT:USDT,296.75,35599,296.74,36114,296.76,5099,296.77,414
1753592019444,04:53:39.444,mexc,AAVE/USDT:USDT,296.75,35599,296.74,36114,296.76,5099,296.77,414
1753592019848,04:53:39.848,mexc,AAVE/USDT:USDT,296.75,35599,296.74,46729,296.76,5099,296.77,414
1753592019849,04:53:39.849,mexc,AAVE/USDT:USDT,296.75,35599,296.74,46729,296.76,5099,296.77,414
1753592020252,04:53:40.252,mexc,AAVE/USDT:USDT,296.75,35599,296.74,36114,296.76,5099,296.77,488
1753592020252,04:53:40.252,mexc,AAVE/USDT:USDT,296.75,35599,296.74,36114,296.76,5099,296.77,488
1753592020645,04:53:40.645,mexc,AAVE/USDT:USDT,296.75,35599,296.74,36114,296.76,5099,296.77,414
1753592021048,04:53:41.048,mexc,AAVE/USDT:USDT,296.75,35599,296.74,36114,296.76,5099,296.77,414
1753592021048,04:53:41.048,mexc,AAVE/USDT:USDT,296.75,35599,296.74,50828,296.76,5099,296.77,414
1753592021451,04:53:41.451,mexc,AAVE/USDT:USDT,296.75,35599,296.74,50828,296.76,5099,296.77,661
1753592021451,04:53:41.451,mexc,AAVE/USDT:USDT,296.75,35599,296.74,36114,296.76,5099,296.77,661
1753592021848,04:53:41.848,mexc,AAVE/USDT:USDT,296.75,35599,296.74,36114,296.76,5099,296.77,414
1753592022248,04:53:42.248,mexc,AAVE/USDT:USDT,296.75,35599,296.74,36114,296.76,5099,296.77,414
1753592022248,04:53:42.248,mexc,AAVE/USDT:USDT,296.75,35599,296.74,36114,296.76,5099,296.77,414
1753592022652,04:53:42.652,mexc,AAVE/USDT:USDT,296.75,35599,296.74,36114,296.76,5099,296.77,583
1753592022743,04:53:42.743,mexc,AAVE/USDT:USDT,296.79,14173,296.78,9383,296.8,6143,296.81,173
1753592023448,04:53:43.448,mexc,AAVE/USDT:USDT,296.79,14173,296.78,9383,296.8,6143,296.81,173
1753592023448,04:53:43.448,mexc,AAVE/USDT:USDT,296.79,14173,296.78,9383,296.8,6143,296.81,173
1753592023851,04:53:43.851,mexc,AAVE/USDT:USDT,296.79,14173,296.78,9383,296.8,6143,296.81,173
1753592023851,04:53:43.851,mexc,AAVE/USDT:USDT,296.79,14173,296.78,9383,296.8,6143,296.81,173
1753592024245,04:53:44.245,mexc,AAVE/USDT:USDT,296.79,14173,296.78,9383,296.8,6143,296.81,173
1753592024649,04:53:44.649,mexc,AAVE/USDT:USDT,296.79,14173,296.78,9383,296.8,6143,296.81,173
1753592024649,04:53:44.649,mexc,AAVE/USDT:USDT,296.79,14173,296.78,9383,296.8,6143,296.81,173
1753592025051,04:53:45.051,mexc,AAVE/USDT:USDT,296.79,14173,296.78,9383,296.8,6143,296.81,236
1753592025051,04:53:45.051,mexc,AAVE/USDT:USDT,296.79,14173,296.78,9383,296.8,6143,296.81,236
1753592025447,04:53:45.447,mexc,AAVE/USDT:USDT,296.79,14173,296.78,9383,296.8,6143,296.81,173
1753592025848,04:53:45.848,mexc,AAVE/USDT:USDT,296.79,14173,296.78,9383,296.8,6143,296.81,173
1753592025848,04:53:45.848,mexc,AAVE/USDT:USDT,296.79,14173,296.78,9383,296.8,6143,296.81,173
1753592026253,04:53:46.253,mexc,AAVE/USDT:USDT,296.79,14173,296.78,9383,296.8,6143,296.81,173
1753592026253,04:53:46.253,mexc,AAVE/USDT:USDT,296.79,14173,296.78,9383,296.8,6143,296.81,173
1753592026646,04:53:46.646,mexc,AAVE/USDT:USDT,296.79,14173,296.78,9383,296.8,6143,296.81,173
1753592027117,04:53:47.117,mexc,AAVE/USDT:USDT,296.79,14173,296.78,9383,296.8,6143,296.81,173
1753592027117,04:53:47.117,mexc,AAVE/USDT:USDT,296.79,14173,296.78,9383,296.8,6143,296.81,173
1753592027520,04:53:47.520,mexc,AAVE/USDT:USDT,296.79,14173,296.78,9383,296.8,6143,296.81,227
1753592027520,04:53:47.520,mexc,AAVE/USDT:USDT,296.79,14173,296.78,9383,296.8,6143,296.81,227
1753592027845,04:53:47.845,mexc,AAVE/USDT:USDT,296.79,14173,296.78,9383,296.8,6143,296.81,173
1753592028315,04:53:48.315,mexc,AAVE/USDT:USDT,296.79,14173,296.78,11978,296.8,6143,296.81,173
1753592028315,04:53:48.315,mexc,AAVE/USDT:USDT,296.79,14173,296.78,14954,296.8,6143,296.81,173
1753592028732,04:53:48.732,mexc,AAVE/USDT:USDT,296.79,14173,296.78,9383,296.8,6143,296.81,173
1753592028762,04:53:48.762,mexc,AAVE/USDT:USDT,296.84,31511,296.83,24293,296.85,116,296.86,80
1753592029515,04:53:49.515,mexc,AAVE/USDT:USDT,296.84,31511,296.83,29116,296.85,116,296.86,80
1753592029515,04:53:49.515,mexc,AAVE/USDT:USDT,296.84,31511,296.83,29116,296.85,116,296.86,80
1753592029919,04:53:49.919,mexc,AAVE/USDT:USDT,296.84,31511,296.83,24293,296.85,116,296.86,80
1753592029919,04:53:49.919,mexc,AAVE/USDT:USDT,296.84,31511,296.83,24293,296.85,116,296.86,80
1753592030243,04:53:50.243,mexc,AAVE/USDT:USDT,296.84,31511,296.83,24293,296.85,116,296.86,80
1753592030715,04:53:50.715,mexc,AAVE/USDT:USDT,296.84,31511,296.83,28056,296.85,116,296.86,80
1753592030827,04:53:50.827,mexc,AAVE/USDT:USDT,296.84,31511,296.83,35224,296.85,12,296.86,80
1753592031119,04:53:51.119,mexc,AAVE/USDT:USDT,296.84,31511,296.83,31461,296.85,12,296.86,103
1753592031119,04:53:51.119,mexc,AAVE/USDT:USDT,296.84,31511,296.83,24293,296.85,12,296.86,103
1753592031445,04:53:51.445,mexc,AAVE/USDT:USDT,296.84,31511,296.83,24293,296.85,12,296.86,80
1753592031915,04:53:51.915,mexc,AAVE/USDT:USDT,296.84,31511,296.83,24293,296.85,12,296.86,80
1753592031915,04:53:51.915,mexc,AAVE/USDT:USDT,296.84,31511,296.83,24293,296.85,12,296.86,80
1753592032320,04:53:52.320,mexc,AAVE/USDT:USDT,296.84,31511,296.83,24293,296.85,12,296.86,80
1753592032320,04:53:52.320,mexc,AAVE/USDT:USDT,296.84,31511,296.83,24293,296.85,12,296.86,80
1753592032648,04:53:52.648,mexc,AAVE/USDT:USDT,296.84,31511,296.83,24293,296.85,12,296.86,80
1753592033114,04:53:53.114,mexc,AAVE/USDT:USDT,296.84,31511,296.83,30152,296.85,12,296.86,80
1753592033114,04:53:53.114,mexc,AAVE/USDT:USDT,296.84,31511,296.83,30152,296.85,12,296.86,80
1753592033517,04:53:53.517,mexc,AAVE/USDT:USDT,296.84,31511,296.83,24293,296.85,12,296.86,117
1753592033517,04:53:53.517,mexc,AAVE/USDT:USDT,296.84,31511,296.83,24293,296.85,12,296.86,117
1753592033848,04:53:53.848,mexc,AAVE/USDT:USDT,296.84,31511,296.83,24293,296.85,12,296.86,80
1753592034319,04:53:54.319,mexc,AAVE/USDT:USDT,296.84,31511,296.83,24293,296.85,12,296.86,80
1753592034319,04:53:54.319,mexc,AAVE/USDT:USDT,296.84,31511,296.83,36367,296.85,12,296.86,80
1753592034719,04:53:54.719,mexc,AAVE/USDT:USDT,296.84,31511,296.83,36367,296.85,12,296.86,108
1753592034746,04:53:54.746,mexc,AAVE/USDT:USDT,296.86,21707,296.85,24173,296.87,9695,296.88,671
1753592035515,04:53:55.515,mexc,AAVE/USDT:USDT,296.86,21707,296.85,24173,296.87,9695,296.88,671
1753592035516,04:53:55.516,mexc,AAVE/USDT:USDT,296.86,21707,296.85,24173,296.87,9695,296.88,671
1753592035920,04:53:55.920,mexc,AAVE/USDT:USDT,296.86,21707,296.85,24173,296.87,9695,296.88,920
1753592035920,04:53:55.920,mexc,AAVE/USDT:USDT,296.86,21707,296.85,24173,296.87,9695,296.88,920
1753592036247,04:53:56.247,mexc,AAVE/USDT:USDT,296.86,21707,296.85,24173,296.87,9695,296.88,671
1753592036717,04:53:56.717,mexc,AAVE/USDT:USDT,296.86,21707,296.85,30076,296.87,9695,296.88,671
1753592036717,04:53:56.717,mexc,AAVE/USDT:USDT,296.86,21707,296.85,30076,296.87,9695,296.88,671
1753592037122,04:53:57.122,mexc,AAVE/USDT:USDT,296.86,21707,296.85,24173,296.87,9695,296.88,671
1753592037122,04:53:57.122,mexc,AAVE/USDT:USDT,296.86,21707,296.85,24173,296.87,9695,296.88,671
1753592037447,04:53:57.447,mexc,AAVE/USDT:USDT,296.86,21707,296.85,24173,296.87,9695,296.88,671
1753592037917,04:53:57.917,mexc,AAVE/USDT:USDT,296.86,21707,296.85,24173,296.87,9695,296.88,671
1753592037917,04:53:57.917,mexc,AAVE/USDT:USDT,296.86,21707,296.85,24173,296.87,9695,296.88,671
1753592038321,04:53:58.321,mexc,AAVE/USDT:USDT,296.86,21707,296.85,24173,296.87,9695,296.88,893
1753592038321,04:53:58.321,mexc,AAVE/USDT:USDT,296.86,21707,296.85,24173,296.87,9695,296.88,893
1753592038651,04:53:58.651,mexc,AAVE/USDT:USDT,296.86,21707,296.85,24173,296.87,9695,296.88,671
1753592039118,04:53:59.118,mexc,AAVE/USDT:USDT,296.86,21707,296.85,24173,296.87,9695,296.88,671
1753592039118,04:53:59.118,mexc,AAVE/USDT:USDT,296.86,21707,296.85,24173,296.87,9695,296.88,671
1753592039522,04:53:59.522,mexc,AAVE/USDT:USDT,296.86,21707,296.85,24173,296.87,9695,296.88,761
1753592039522,04:53:59.522,mexc,AAVE/USDT:USDT,296.86,21707,296.85,24173,296.87,9695,296.88,761
1753592039848,04:53:59.848,mexc,AAVE/USDT:USDT,296.86,21707,296.85,24173,296.87,9695,296.88,671
1753592040320,04:54:00.320,mexc,AAVE/USDT:USDT,296.86,21707,296.85,30975,296.87,9695,296.88,671
1753592040320,04:54:00.320,mexc,AAVE/USDT:USDT,296.86,21707,296.85,30975,296.87,9695,296.88,671
1753592040721,04:54:00.721,mexc,AAVE/USDT:USDT,296.86,21707,296.85,24173,296.87,9695,296.88,671
1753592040748,04:54:00.748,mexc,AAVE/USDT:USDT,296.86,16096,296.85,5090,296.87,25953,296.88,593
1753592041518,04:54:01.518,mexc,AAVE/USDT:USDT,296.86,16096,296.85,6301,296.87,25953,296.88,593
1753592041629,04:54:01.629,mexc,AAVE/USDT:USDT,296.86,16096,296.85,7745,296.87,25953,296.88,593
1753592041922,04:54:01.922,mexc,AAVE/USDT:USDT,296.86,16096,296.85,6534,296.87,25953,296.88,664
1753592041922,04:54:01.922,mexc,AAVE/USDT:USDT,296.86,16096,296.85,5090,296.87,25953,296.88,664
1753592042264,04:54:02.264,mexc,AAVE/USDT:USDT,296.86,15992,296.85,5090,296.87,25953,296.88,593
1753592042719,04:54:02.719,mexc,AAVE/USDT:USDT,296.86,15992,296.85,5090,296.87,25953,296.88,593
1753592042719,04:54:02.719,mexc,AAVE/USDT:USDT,296.86,15992,296.85,5090,296.87,25953,296.88,593
1753592043122,04:54:03.122,mexc,AAVE/USDT:USDT,296.86,15992,296.85,5090,296.87,25953,296.88,593
1753592043122,04:54:03.122,mexc,AAVE/USDT:USDT,296.86,15992,296.85,5090,296.87,25953,296.88,593
1753592043448,04:54:03.448,mexc,AAVE/USDT:USDT,296.86,15992,296.85,5090,296.87,25953,296.88,593
1753592043919,04:54:03.919,mexc,AAVE/USDT:USDT,296.86,15992,296.85,7326,296.87,25953,296.88,593
1753592043919,04:54:03.919,mexc,AAVE/USDT:USDT,296.86,15992,296.85,9832,296.87,25953,296.88,593
1753592044323,04:54:04.323,mexc,AAVE/USDT:USDT,296.86,15992,296.85,7596,296.87,25953,296.88,799
1753592044323,04:54:04.323,mexc,AAVE/USDT:USDT,296.86,15992,296.85,5090,296.87,25953,296.88,799
1753592044647,04:54:04.647,mexc,AAVE/USDT:USDT,296.86,15992,296.85,5090,296.87,25953,296.88,593
1753592045119,04:54:05.119,mexc,AAVE/USDT:USDT,296.86,15992,296.85,5090,296.87,25953,296.88,593
1753592045119,04:54:05.119,mexc,AAVE/USDT:USDT,296.86,15992,296.85,5090,296.87,25953,296.88,593
1753592045522,04:54:05.522,mexc,AAVE/USDT:USDT,296.86,15992,296.85,5090,296.87,25953,296.88,593
1753592045522,04:54:05.522,mexc,AAVE/USDT:USDT,296.86,15992,296.85,5090,296.87,25953,296.88,593
1753592045849,04:54:05.849,mexc,AAVE/USDT:USDT,296.86,15992,296.85,5090,296.87,25953,296.88,593
1753592046320,04:54:06.320,mexc,AAVE/USDT:USDT,296.86,15992,296.85,5090,296.87,25953,296.88,593
1753592046320,04:54:06.320,mexc,AAVE/USDT:USDT,296.86,15992,296.85,5090,296.87,25953,296.88,593
1753592046723,04:54:06.723,mexc,AAVE/USDT:USDT,296.86,15992,296.85,5090,296.87,25953,296.88,675
1753592046764,04:54:06.764,mexc,AAVE/USDT:USDT,296.9,27162,296.89,28279,296.91,6802,296.92,178
1753592047520,04:54:07.520,mexc,AAVE/USDT:USDT,296.9,27162,296.89,28279,296.91,6802,296.92,178
1753592047631,04:54:07.631,mexc,AAVE/USDT:USDT,296.9,27162,296.89,28279,296.91,6802,296.92,178
1753592047924,04:54:07.924,mexc,AAVE/USDT:USDT,296.9,27162,296.89,28279,296.91,6802,296.92,202
1753592047924,04:54:07.924,mexc,AAVE/USDT:USDT,296.9,27162,296.89,28279,296.91,6802,296.92,202
1753592048249,04:54:08.249,mexc,AAVE/USDT:USDT,296.9,27162,296.89,28279,296.91,6802,296.92,178
1753592048721,04:54:08.721,mexc,AAVE/USDT:USDT,296.9,27162,296.89,42172,296.91,6802,296.92,178
1753592048721,04:54:08.721,mexc,AAVE/USDT:USDT,296.9,27162,296.89,42172,296.91,6802,296.92,178
1753592049124,04:54:09.124,mexc,AAVE/USDT:USDT,296.9,27162,296.89,28279,296.91,6802,296.92,201
1753592049124,04:54:09.124,mexc,AAVE/USDT:USDT,296.9,27162,296.89,28279,296.91,6802,296.92,201
1753592049450,04:54:09.450,mexc,AAVE/USDT:USDT,296.9,27162,296.89,28279,296.91,6802,296.92,178
1753592049920,04:54:09.920,mexc,AAVE/USDT:USDT,296.9,27162,296.89,28279,296.91,6802,296.92,178
1753592049920,04:54:09.920,mexc,AAVE/USDT:USDT,296.9,27162,296.89,28279,296.91,6802,296.92,178
1753592050324,04:54:10.324,mexc,AAVE/USDT:USDT,296.9,27162,296.89,28279,296.91,6802,296.92,178
1753592050324,04:54:10.324,mexc,AAVE/USDT:USDT,296.9,27162,296.89,28279,296.91,6802,296.92,178
1753592050650,04:54:10.650,mexc,AAVE/USDT:USDT,296.9,27162,296.89,28279,296.91,6802,296.92,178
1753592051121,04:54:11.121,mexc,AAVE/USDT:USDT,296.9,27162,296.89,28279,296.91,6802,296.92,178
1753592051121,04:54:11.121,mexc,AAVE/USDT:USDT,296.9,27162,296.89,28279,296.91,6802,296.92,178
1753592051525,04:54:11.525,mexc,AAVE/USDT:USDT,296.9,27162,296.89,28279,296.91,6802,296.92,248
1753592051525,04:54:11.525,mexc,AAVE/USDT:USDT,296.9,27162,296.89,28279,296.91,6802,296.92,248
1753592051850,04:54:11.850,mexc,AAVE/USDT:USDT,296.9,27162,296.89,28279,296.91,6802,296.92,178
1753592052321,04:54:12.321,mexc,AAVE/USDT:USDT,296.9,27162,296.89,28279,296.91,6802,296.92,178
1753592052321,04:54:12.321,mexc,AAVE/USDT:USDT,296.9,27162,296.89,28279,296.91,6802,296.92,178
1753592052721,04:54:12.721,mexc,AAVE/USDT:USDT,296.9,27162,296.89,28279,296.91,6802,296.92,178
1753592052825,04:54:12.825,mexc,AAVE/USDT:USDT,296.95,27441,296.94,14743,296.96,860,296.97,2043
1753592053521,04:54:13.521,mexc,AAVE/USDT:USDT,296.95,27441,296.94,14743,296.96,860,296.97,2043
1753592053521,04:54:13.521,mexc,AAVE/USDT:USDT,296.95,27441,296.94,16721,296.96,860,296.97,2043
1753592053924,04:54:13.924,mexc,AAVE/USDT:USDT,296.95,27441,296.94,16721,296.96,860,296.97,2417
1753592053924,04:54:13.924,mexc,AAVE/USDT:USDT,296.95,27441,296.94,14743,296.96,860,296.97,2417
1753592054367,04:54:14.367,mexc,AAVE/USDT:USDT,296.95,27441,296.94,14743,296.96,822,296.97,2043
1753592054724,04:54:14.724,mexc,AAVE/USDT:USDT,296.95,27441,296.94,14743,296.96,822,296.97,2043
1753592054724,04:54:14.724,mexc,AAVE/USDT:USDT,296.95,27441,296.94,14743,296.96,822,296.97,2043
1753592055126,04:54:15.126,mexc,AAVE/USDT:USDT,296.95,27441,296.94,14743,296.96,822,296.97,2043
1753592055126,04:54:15.126,mexc,AAVE/USDT:USDT,296.95,27441,296.94,14743,296.96,822,296.97,2043
1753592055451,04:54:15.451,mexc,AAVE/USDT:USDT,296.95,27441,296.94,14743,296.96,822,296.97,2043
1753592055921,04:54:15.921,mexc,AAVE/USDT:USDT,296.95,27441,296.94,14743,296.96,822,296.97,2043
1753592055921,04:54:15.921,mexc,AAVE/USDT:USDT,296.95,27441,296.94,14743,296.96,822,296.97,2043
1753592056325,04:54:16.325,mexc,AAVE/USDT:USDT,296.95,27441,296.94,14743,296.96,822,296.97,2043
1753592056325,04:54:16.325,mexc,AAVE/USDT:USDT,296.95,27441,296.94,14743,296.96,822,296.97,2043
1753592056650,04:54:16.650,mexc,AAVE/USDT:USDT,296.95,27441,296.94,14743,296.96,822,296.97,2043
1753592057121,04:54:17.121,mexc,AAVE/USDT:USDT,296.95,27441,296.94,14743,296.96,822,296.97,2043
1753592057121,04:54:17.121,mexc,AAVE/USDT:USDT,296.95,27441,296.94,14743,296.96,822,296.97,2043
1753592057525,04:54:17.525,mexc,AAVE/USDT:USDT,296.95,27441,296.94,14743,296.96,822,296.97,2043
1753592057525,04:54:17.525,mexc,AAVE/USDT:USDT,296.95,27441,296.94,14743,296.96,822,296.97,2043
1753592057850,04:54:17.850,mexc,AAVE/USDT:USDT,296.95,27441,296.94,14743,296.96,822,296.97,2043
1753592058322,04:54:18.322,mexc,AAVE/USDT:USDT,296.95,27441,296.94,18536,296.96,822,296.97,2043
1753592058322,04:54:18.322,mexc,AAVE/USDT:USDT,296.95,27441,296.94,18536,296.96,822,296.97,2043
1753592058722,04:54:18.722,mexc,AAVE/USDT:USDT,296.95,27441,296.94,18536,296.96,822,296.97,2866
1753592058750,04:54:18.750,mexc,AAVE/USDT:USDT,296.97,30698,296.96,26283,296.98,1799,296.99,104
1753592059521,04:54:19.521,mexc,AAVE/USDT:USDT,296.97,30698,296.96,26283,296.98,1799,296.99,104
1753592059521,04:54:19.521,mexc,AAVE/USDT:USDT,296.97,30698,296.96,26283,296.98,1799,296.99,104
1753592059924,04:54:19.924,mexc,AAVE/USDT:USDT,296.97,30698,296.96,26283,296.98,1799,296.99,131
1753592059924,04:54:19.924,mexc,AAVE/USDT:USDT,296.97,30698,296.96,26283,296.98,1799,296.99,131
1753592060250,04:54:20.250,mexc,AAVE/USDT:USDT,296.97,30698,296.96,26283,296.98,1799,296.99,104
1753592060723,04:54:20.723,mexc,AAVE/USDT:USDT,296.97,30698,296.96,26283,296.98,1799,296.99,104
1753592060723,04:54:20.723,mexc,AAVE/USDT:USDT,296.97,30698,296.96,26283,296.98,1799,296.99,104
1753592061126,04:54:21.126,mexc,AAVE/USDT:USDT,296.97,30698,296.96,26283,296.98,1799,296.99,104
1753592061126,04:54:21.126,mexc,AAVE/USDT:USDT,296.97,30698,296.96,26283,296.98,1799,296.99,104
1753592061452,04:54:21.452,mexc,AAVE/USDT:USDT,296.97,30698,296.96,26283,296.98,1799,296.99,104
1753592061922,04:54:21.922,mexc,AAVE/USDT:USDT,296.97,30698,296.96,26283,296.98,1799,296.99,104
1753592061922,04:54:21.922,mexc,AAVE/USDT:USDT,296.97,30698,296.96,33775,296.98,1799,296.99,104
1753592062326,04:54:22.326,mexc,AAVE/USDT:USDT,296.97,30698,296.96,33775,296.98,1799,296.99,175
1753592062326,04:54:22.326,mexc,AAVE/USDT:USDT,296.97,30698,296.96,26283,296.98,1799,296.99,175
1753592062651,04:54:22.651,mexc,AAVE/USDT:USDT,296.97,30698,296.96,26283,296.98,1799,296.99,104
1753592063122,04:54:23.122,mexc,AAVE/USDT:USDT,296.97,30698,296.96,26283,296.98,1799,296.99,104
1753592063122,04:54:23.122,mexc,AAVE/USDT:USDT,296.97,30698,296.96,26283,296.98,1799,296.99,104
1753592063529,04:54:23.529,mexc,AAVE/USDT:USDT,296.97,30698,296.96,26283,296.98,1799,296.99,104
1753592063529,04:54:23.529,mexc,AAVE/USDT:USDT,296.97,30698,296.96,26283,296.98,1799,296.99,104
1753592063851,04:54:23.851,mexc,AAVE/USDT:USDT,296.97,30698,296.96,26283,296.98,1799,296.99,104
1753592064320,04:54:24.320,mexc,AAVE/USDT:USDT,296.97,30698,296.96,26283,296.98,1717,296.99,104
1753592064323,04:54:24.323,mexc,AAVE/USDT:USDT,296.97,30698,296.96,29824,296.98,1717,296.99,104
1753592064723,04:54:24.723,mexc,AAVE/USDT:USDT,296.97,30698,296.96,29824,296.98,1717,296.99,146
1753592064752,04:54:24.752,mexc,AAVE/USDT:USDT,296.99,53669,296.98,35221,297.0,10914,297.01,549
1753592065523,04:54:25.523,mexc,AAVE/USDT:USDT,296.99,53669,296.98,47820,297.0,10914,297.01,549
1753592065523,04:54:25.523,mexc,AAVE/USDT:USDT,296.99,53669,296.98,47820,297.0,10914,297.01,549
1753592065926,04:54:25.926,mexc,AAVE/USDT:USDT,296.99,53669,296.98,35221,297.0,10914,297.01,549
1753592065926,04:54:25.926,mexc,AAVE/USDT:USDT,296.99,53669,296.98,35221,297.0,10914,297.01,549
1753592066399,04:54:26.399,mexc,AAVE/USDT:USDT,296.99,53669,296.98,35221,297.0,10900,297.01,549
1753592066425,04:54:26.425,mexc,AAVE/USDT:USDT,296.99,53669,296.98,35221,297.0,10900,297.01,549
1753592066724,04:54:26.724,mexc,AAVE/USDT:USDT,296.99,53669,296.98,35221,297.0,10900,297.01,549
1753592067128,04:54:27.128,mexc,AAVE/USDT:USDT,296.99,53669,296.98,35221,297.0,10900,297.01,549
1753592067128,04:54:27.128,mexc,AAVE/USDT:USDT,296.99,53669,296.98,35221,297.0,10900,297.01,549
1753592067453,04:54:27.453,mexc,AAVE/USDT:USDT,296.99,53669,296.98,35221,297.0,10900,297.01,549
1753592067926,04:54:27.926,mexc,AAVE/USDT:USDT,296.99,53669,296.98,49005,297.0,10900,297.01,549
1753592067926,04:54:27.926,mexc,AAVE/USDT:USDT,296.99,53669,296.98,49005,297.0,10900,297.01,549
1753592068328,04:54:28.328,mexc,AAVE/USDT:USDT,296.99,53669,296.98,35221,297.0,10900,297.01,549
1753592068328,04:54:28.328,mexc,AAVE/USDT:USDT,296.99,53669,296.98,35221,297.0,10900,297.01,549
1753592068700,04:54:28.700,mexc,AAVE/USDT:USDT,296.99,53669,296.98,35221,297.0,10877,297.01,549
1753592069125,04:54:29.125,mexc,AAVE/USDT:USDT,296.99,53669,296.98,35221,297.0,10877,297.01,549
1753592069125,04:54:29.125,mexc,AAVE/USDT:USDT,296.99,53669,296.98,35221,297.0,10877,297.01,549
1753592069527,04:54:29.527,mexc,AAVE/USDT:USDT,296.99,53669,296.98,35221,297.0,10877,297.01,549
1753592069528,04:54:29.528,mexc,AAVE/USDT:USDT,296.99,53669,296.98,35221,297.0,10877,297.01,549
1753592069853,04:54:29.853,mexc,AAVE/USDT:USDT,296.99,53669,296.98,35221,297.0,10877,297.01,549
1753592070324,04:54:30.324,mexc,AAVE/USDT:USDT,296.99,53669,296.98,35221,297.0,10877,297.01,549
1753592070324,04:54:30.324,mexc,AAVE/USDT:USDT,296.99,53669,296.98,35221,297.0,10877,297.01,549
1753592070728,04:54:30.728,mexc,AAVE/USDT:USDT,296.99,53669,296.98,35221,297.0,10877,297.01,549
1753592070757,04:54:30.757,mexc,AAVE/USDT:USDT,296.98,11447,296.97,6108,296.99,7606,297.0,12521
1753592071524,04:54:31.524,mexc,AAVE/USDT:USDT,296.98,11447,296.97,6108,296.99,7606,297.0,12521
1753592071525,04:54:31.525,mexc,AAVE/USDT:USDT,296.98,11447,296.97,8212,296.99,7606,297.0,12521
1753592071928,04:54:31.928,mexc,AAVE/USDT:USDT,296.98,11447,296.97,8212,296.99,7606,297.0,16774
1753592071928,04:54:31.928,mexc,AAVE/USDT:USDT,296.98,11447,296.97,6108,296.99,7606,297.0,16774
1753592072253,04:54:32.253,mexc,AAVE/USDT:USDT,296.98,11447,296.97,6108,296.99,7606,297.0,12521
1753592072726,04:54:32.726,mexc,AAVE/USDT:USDT,296.98,11447,296.97,6108,296.99,7606,297.0,12521
1753592072829,04:54:32.829,mexc,AAVE/USDT:USDT,296.98,11447,296.97,6108,296.99,7606,297.0,12521
1753592073128,04:54:33.128,mexc,AAVE/USDT:USDT,296.98,11447,296.97,6108,296.99,7606,297.0,12521
1753592073128,04:54:33.128,mexc,AAVE/USDT:USDT,296.98,11447,296.97,6108,296.99,7606,297.0,12521
1753592073455,04:54:33.455,mexc,AAVE/USDT:USDT,296.98,11447,296.97,6108,296.99,7606,297.0,12521
1753592073925,04:54:33.925,mexc,AAVE/USDT:USDT,296.98,11447,296.97,6108,296.99,7606,297.0,12521
1753592073925,04:54:33.925,mexc,AAVE/USDT:USDT,296.98,11447,296.97,6108,296.99,7606,297.0,12521
1753592074329,04:54:34.329,mexc,AAVE/USDT:USDT,296.98,11447,296.97,6108,296.99,7606,297.0,12521
1753592074329,04:54:34.329,mexc,AAVE/USDT:USDT,296.98,11447,296.97,6108,296.99,7606,297.0,12521
1753592074655,04:54:34.655,mexc,AAVE/USDT:USDT,296.98,11447,296.97,6108,296.99,7606,297.0,12521
1753592075125,04:54:35.125,mexc,AAVE/USDT:USDT,296.98,11447,296.97,6108,296.99,7542,297.0,12521
1753592075125,04:54:35.125,mexc,AAVE/USDT:USDT,296.98,11447,296.97,6108,296.99,7542,297.0,12521
1753592075529,04:54:35.529,mexc,AAVE/USDT:USDT,296.98,11447,296.97,6108,296.99,7542,297.0,12521
1753592075529,04:54:35.529,mexc,AAVE/USDT:USDT,296.98,11447,296.97,6108,296.99,7542,297.0,12521
1753592075854,04:54:35.854,mexc,AAVE/USDT:USDT,296.98,11447,296.97,6108,296.99,7542,297.0,12521
1753592076326,04:54:36.326,mexc,AAVE/USDT:USDT,296.98,11447,296.97,8867,296.99,7542,297.0,12521
1753592076326,04:54:36.326,mexc,AAVE/USDT:USDT,296.98,11447,296.97,8867,296.99,7542,297.0,12521
1753592076680,04:54:36.680,mexc,AAVE/USDT:USDT,296.91,10706,296.9,33040,296.94,1723,296.95,33512
1753592077527,04:54:37.527,mexc,AAVE/USDT:USDT,296.91,10706,296.9,34362,296.94,1723,296.95,33512
1753592077527,04:54:37.527,mexc,AAVE/USDT:USDT,296.91,10706,296.9,34362,296.94,1723,296.95,33512
1753592077929,04:54:37.929,mexc,AAVE/USDT:USDT,296.91,10706,296.9,33040,296.94,1723,296.95,33512
1753592077929,04:54:37.929,mexc,AAVE/USDT:USDT,296.91,10706,296.9,33040,296.94,1723,296.95,33512
1753592078254,04:54:38.254,mexc,AAVE/USDT:USDT,296.91,10706,296.9,33040,296.94,1723,296.95,33512
1753592078727,04:54:38.727,mexc,AAVE/USDT:USDT,296.91,10706,296.9,33040,296.94,1723,296.95,33512
1753592078827,04:54:38.827,mexc,AAVE/USDT:USDT,296.91,10706,296.9,33040,296.94,1723,296.95,33512
1753592079246,04:54:39.246,mexc,AAVE/USDT:USDT,296.91,10706,296.9,33040,296.94,1687,296.95,38106
1753592079455,04:54:39.455,mexc,AAVE/USDT:USDT,296.91,10706,296.9,33040,296.94,1687,296.95,33512
1753592079455,04:54:39.455,mexc,AAVE/USDT:USDT,296.91,10706,296.9,33040,296.94,1687,296.95,33512
1753592079927,04:54:39.927,mexc,AAVE/USDT:USDT,296.91,10706,296.9,38473,296.94,1687,296.95,33512
1753592079927,04:54:39.927,mexc,AAVE/USDT:USDT,296.91,10706,296.9,38473,296.94,1687,296.95,33512
1753592080331,04:54:40.331,mexc,AAVE/USDT:USDT,296.91,10706,296.9,33040,296.94,1687,296.95,45132
1753592080331,04:54:40.331,mexc,AAVE/USDT:USDT,296.91,10706,296.9,33040,296.94,1687,296.95,45132
1753592080655,04:54:40.655,mexc,AAVE/USDT:USDT,296.91,10706,296.9,33040,296.94,1687,296.95,33512
1753592081128,04:54:41.128,mexc,AAVE/USDT:USDT,296.91,10706,296.9,33040,296.94,1687,296.95,33512
1753592081128,04:54:41.128,mexc,AAVE/USDT:USDT,296.91,10706,296.9,33040,296.94,1687,296.95,33512
1753592081531,04:54:41.531,mexc,AAVE/USDT:USDT,296.91,10706,296.9,33040,296.94,1687,296.95,33512
1753592081532,04:54:41.532,mexc,AAVE/USDT:USDT,296.91,10706,296.9,33040,296.94,1687,296.95,33512
1753592081834,04:54:41.834,mexc,AAVE/USDT:USDT,296.87,273,296.86,2189,296.88,51932,296.89,19285
1753592082329,04:54:42.329,mexc,AAVE/USDT:USDT,296.87,273,296.86,2189,296.88,51932,296.89,19285
1753592082329,04:54:42.329,mexc,AAVE/USDT:USDT,296.87,273,296.86,2189,296.88,51932,296.89,19285
1753592082656,04:54:42.656,mexc,AAVE/USDT:USDT,296.81,12239,296.8,13322,296.82,50328,296.83,20577
1753592083060,04:54:43.060,mexc,AAVE/USDT:USDT,296.81,12239,296.8,13322,296.82,50328,296.83,20577
1753592083060,04:54:43.060,mexc,AAVE/USDT:USDT,296.81,12239,296.8,13322,296.82,50328,296.83,20577
1753592083529,04:54:43.529,mexc,AAVE/USDT:USDT,296.81,12239,296.8,13322,296.82,50328,296.83,20577
1753592083529,04:54:43.529,mexc,AAVE/USDT:USDT,296.81,12239,296.8,13322,296.82,50328,296.83,20577
1753592083932,04:54:43.932,mexc,AAVE/USDT:USDT,296.81,12239,296.8,13322,296.82,50328,296.83,20577
1753592083932,04:54:43.932,mexc,AAVE/USDT:USDT,296.81,12239,296.8,13322,296.82,50328,296.83,20577
1753592084255,04:54:44.255,mexc,AAVE/USDT:USDT,296.81,12239,296.8,13322,296.82,50328,296.83,20577
1753592084729,04:54:44.729,mexc,AAVE/USDT:USDT,296.81,12239,296.8,13322,296.82,50328,296.83,20577
1753592084836,04:54:44.836,mexc,AAVE/USDT:USDT,296.81,12239,296.8,13322,296.82,50328,296.83,20577
1753592085135,04:54:45.135,mexc,AAVE/USDT:USDT,296.81,12239,296.8,13322,296.82,50328,296.83,29154
1753592085135,04:54:45.135,mexc,AAVE/USDT:USDT,296.81,12239,296.8,13322,296.82,50328,296.83,29154
1753592085455,04:54:45.455,mexc,AAVE/USDT:USDT,296.81,12239,296.8,13322,296.82,50328,296.83,20577
1753592085929,04:54:45.929,mexc,AAVE/USDT:USDT,296.81,12239,296.8,13322,296.82,50328,296.83,20577
1753592085929,04:54:45.929,mexc,AAVE/USDT:USDT,296.81,12239,296.8,13322,296.82,50328,296.83,20577
1753592086333,04:54:46.333,mexc,AAVE/USDT:USDT,296.81,12239,296.8,13322,296.82,50328,296.83,27088
1753592086333,04:54:46.333,mexc,AAVE/USDT:USDT,296.81,12239,296.8,13322,296.82,50328,296.83,27088
1753592086656,04:54:46.656,mexc,AAVE/USDT:USDT,296.81,12239,296.8,13322,296.82,50328,296.83,20577
1753592087130,04:54:47.130,mexc,AAVE/USDT:USDT,296.81,12239,296.8,13364,296.82,50328,296.83,20577
1753592087130,04:54:47.130,mexc,AAVE/USDT:USDT,296.81,12239,296.8,13364,296.82,50328,296.83,20577
1753592087534,04:54:47.534,mexc,AAVE/USDT:USDT,296.81,12239,296.8,13322,296.82,50328,296.83,29914
1753592087534,04:54:47.534,mexc,AAVE/USDT:USDT,296.81,12239,296.8,13322,296.82,50328,296.83,29914
1753592087918,04:54:47.918,mexc,AAVE/USDT:USDT,296.82,51880,296.81,36855,296.83,94,296.84,210
1753592088330,04:54:48.330,mexc,AAVE/USDT:USDT,296.82,51880,296.81,43011,296.83,94,296.84,210
1753592088331,04:54:48.331,mexc,AAVE/USDT:USDT,296.82,51880,296.81,43011,296.83,94,296.84,210
1753592088733,04:54:48.733,mexc,AAVE/USDT:USDT,296.82,51880,296.81,36855,296.83,94,296.84,210
1753592089057,04:54:49.057,mexc,AAVE/USDT:USDT,296.82,51880,296.81,36855,296.83,94,296.84,210
1753592089531,04:54:49.531,mexc,AAVE/USDT:USDT,296.82,51880,296.81,36855,296.83,94,296.84,210
1753592089531,04:54:49.531,mexc,AAVE/USDT:USDT,296.82,51880,296.81,44025,296.83,94,296.84,210
1753592089934,04:54:49.934,mexc,AAVE/USDT:USDT,296.82,51880,296.81,44025,296.83,94,296.84,210
1753592089934,04:54:49.934,mexc,AAVE/USDT:USDT,296.82,51880,296.81,36855,296.83,94,296.84,210
1753592090257,04:54:50.257,mexc,AAVE/USDT:USDT,296.82,51880,296.81,36855,296.83,94,296.84,210
1753592090818,04:54:50.818,mexc,AAVE/USDT:USDT,296.82,51880,296.81,36855,296.83,94,296.84,210
1753592090910,04:54:50.910,mexc,AAVE/USDT:USDT,296.82,51880,296.81,36855,296.83,94,296.84,210
1753592091218,04:54:51.218,mexc,AAVE/USDT:USDT,296.82,51880,296.81,36855,296.83,94,296.84,245
1753592091457,04:54:51.457,mexc,AAVE/USDT:USDT,296.82,51880,296.81,36855,296.83,94,296.84,245
1753592091457,04:54:51.457,mexc,AAVE/USDT:USDT,296.82,51880,296.81,36855,296.83,94,296.84,210
1753592091933,04:54:51.933,mexc,AAVE/USDT:USDT,296.82,51880,296.81,36855,296.83,94,296.84,210
1753592091933,04:54:51.933,mexc,AAVE/USDT:USDT,296.82,51880,296.81,36855,296.83,94,296.84,210
1753592092415,04:54:52.415,mexc,AAVE/USDT:USDT,296.82,51880,296.81,36855,296.83,94,296.84,262
1753592092415,04:54:52.415,mexc,AAVE/USDT:USDT,296.82,51880,296.81,36855,296.83,94,296.84,262
1753592092815,04:54:52.815,mexc,AAVE/USDT:USDT,296.82,51880,296.81,36855,296.83,481,296.84,210
1753592092836,04:54:52.836,mexc,AAVE/USDT:USDT,296.82,24069,296.81,23298,296.83,387,296.84,87
1753592093133,04:54:53.133,mexc,AAVE/USDT:USDT,296.82,24069,296.81,32875,296.83,387,296.84,87
1753592093537,04:54:53.537,mexc,AAVE/USDT:USDT,296.82,24069,296.81,23298,296.83,387,296.84,127
1753592093537,04:54:53.537,mexc,AAVE/USDT:USDT,296.82,24069,296.81,23298,296.83,387,296.84,127
1753592093914,04:54:53.914,mexc,AAVE/USDT:USDT,296.82,24069,296.81,23298,296.83,387,296.84,87
1753592094335,04:54:54.335,mexc,AAVE/USDT:USDT,296.82,24069,296.81,23298,296.83,387,296.84,87
1753592094335,04:54:54.335,mexc,AAVE/USDT:USDT,296.82,24069,296.81,23298,296.83,387,296.84,87
1753592094737,04:54:54.737,mexc,AAVE/USDT:USDT,296.82,24069,296.81,23298,296.83,248,296.84,87
1753592094737,04:54:54.737,mexc,AAVE/USDT:USDT,296.82,24069,296.81,23298,296.83,248,296.84,87
1753592095059,04:54:55.059,mexc,AAVE/USDT:USDT,296.82,24069,296.81,23298,296.83,248,296.84,87
1753592095534,04:54:55.534,mexc,AAVE/USDT:USDT,296.82,24069,296.81,23298,296.83,248,296.84,87
1753592095534,04:54:55.534,mexc,AAVE/USDT:USDT,296.82,24069,296.81,30565,296.83,248,296.84,87
1753592095938,04:54:55.938,mexc,AAVE/USDT:USDT,296.82,24069,296.81,30565,296.83,248,296.84,87
1753592095938,04:54:55.938,mexc,AAVE/USDT:USDT,296.82,24069,296.81,23298,296.83,248,296.84,87
1753592096258,04:54:56.258,mexc,AAVE/USDT:USDT,296.82,24069,296.81,23298,296.83,248,296.84,87
1753592096735,04:54:56.735,mexc,AAVE/USDT:USDT,296.82,24069,296.81,23298,296.83,248,296.84,87
1753592096842,04:54:56.842,mexc,AAVE/USDT:USDT,296.82,24069,296.81,23298,296.83,248,296.84,87
1753592097137,04:54:57.137,mexc,AAVE/USDT:USDT,296.82,24069,296.81,23298,296.83,248,296.84,87
1753592097137,04:54:57.137,mexc,AAVE/USDT:USDT,296.82,24069,296.81,23298,296.83,248,296.84,87
1753592097460,04:54:57.460,mexc,AAVE/USDT:USDT,296.82,24069,296.81,23298,296.83,248,296.84,87
1753592097935,04:54:57.935,mexc,AAVE/USDT:USDT,296.82,24069,296.81,23298,296.83,248,296.84,87
1753592098119,04:54:58.119,mexc,AAVE/USDT:USDT,296.89,48124,296.88,29316,296.9,15469,296.91,20577
1753592098256,04:54:58.256,mexc,AAVE/USDT:USDT,296.89,48124,296.88,29316,296.9,15469,296.91,20577
1753592098661,04:54:58.661,mexc,AAVE/USDT:USDT,296.89,47985,296.88,29316,296.9,15469,296.91,20577
1753592098661,04:54:58.661,mexc,AAVE/USDT:USDT,296.89,47985,296.88,29316,296.9,15469,296.91,20577
1753592099135,04:54:59.135,mexc,AAVE/USDT:USDT,296.89,47985,296.88,29316,296.9,15469,296.91,20577
1753592099135,04:54:59.135,mexc,AAVE/USDT:USDT,296.89,47985,296.88,29316,296.9,15469,296.91,20577
1753592099540,04:54:59.540,mexc,AAVE/USDT:USDT,296.89,47985,296.88,29316,296.9,15469,296.91,21139
1753592099540,04:54:59.540,mexc,AAVE/USDT:USDT,296.89,47985,296.88,29316,296.9,15469,296.91,21139
1753592099860,04:54:59.860,mexc,AAVE/USDT:USDT,296.89,47985,296.88,29316,296.9,15469,296.91,20577
1753592100335,04:55:00.335,mexc,AAVE/USDT:USDT,296.89,47985,296.88,29316,296.9,15469,296.91,20577
1753592100335,04:55:00.335,mexc,AAVE/USDT:USDT,296.89,47985,296.88,29316,296.9,15469,296.91,20577
1753592100738,04:55:00.738,mexc,AAVE/USDT:USDT,296.89,47985,296.88,29316,296.9,15469,296.91,20711
1753592100738,04:55:00.738,mexc,AAVE/USDT:USDT,296.89,47985,296.88,29316,296.9,15469,296.91,20711
1753592101243,04:55:01.243,mexc,AAVE/USDT:USDT,296.89,47985,296.88,29316,296.9,15455,296.91,20577
1753592101535,04:55:01.535,mexc,AAVE/USDT:USDT,296.89,47985,296.88,38377,296.9,15455,296.91,20577
1753592101535,04:55:01.535,mexc,AAVE/USDT:USDT,296.89,47985,296.88,38377,296.9,15455,296.91,20577
1753592101935,04:55:01.935,mexc,AAVE/USDT:USDT,296.89,47985,296.88,38377,296.9,15455,296.91,20577
1753592101938,04:55:01.938,mexc,AAVE/USDT:USDT,296.89,47985,296.88,29316,296.9,15455,296.91,21034
1753592102340,04:55:02.340,mexc,AAVE/USDT:USDT,296.89,47985,296.88,29316,296.9,15455,296.91,20577
1753592102737,04:55:02.737,mexc,AAVE/USDT:USDT,296.89,47985,296.88,29316,296.9,15455,296.91,20577
1753592102846,04:55:02.846,mexc,AAVE/USDT:USDT,296.89,47985,296.88,37413,296.9,15455,296.91,20577
1753592103138,04:55:03.138,mexc,AAVE/USDT:USDT,296.89,47985,296.88,29316,296.9,15455,296.91,20577
1753592103518,04:55:03.518,mexc,AAVE/USDT:USDT,296.89,47985,296.88,29316,296.9,15455,296.91,20577
1753592103518,04:55:03.518,mexc,AAVE/USDT:USDT,296.89,47985,296.88,29316,296.9,15455,296.91,20577
1753592103935,04:55:03.935,mexc,AAVE/USDT:USDT,296.9,9312,296.89,479,296.91,9248,296.92,4148
1753592103935,04:55:03.935,mexc,AAVE/USDT:USDT,296.9,9312,296.89,479,296.91,9248,296.92,4148
1753592104340,04:55:04.340,mexc,AAVE/USDT:USDT,296.9,9312,296.89,321,296.91,9248,296.92,4614
1753592104340,04:55:04.340,mexc,AAVE/USDT:USDT,296.9,9312,296.89,321,296.91,9248,296.92,4614
1753592104719,04:55:04.719,mexc,AAVE/USDT:USDT,296.9,9312,296.89,321,296.91,9248,296.92,4148
1753592105136,04:55:05.136,mexc,AAVE/USDT:USDT,296.9,9312,296.89,321,296.91,9248,296.92,4148
1753592105136,04:55:05.136,mexc,AAVE/USDT:USDT,296.9,9312,296.89,321,296.91,9248,296.92,4148
1753592105540,04:55:05.540,mexc,AAVE/USDT:USDT,296.9,9312,296.89,321,296.91,9248,296.92,4741
1753592105540,04:55:05.540,mexc,AAVE/USDT:USDT,296.9,9312,296.89,321,296.91,9248,296.92,4741
1753592105926,04:55:05.926,mexc,AAVE/USDT:USDT,296.9,9312,296.89,321,296.91,9248,296.92,4148
1753592106336,04:55:06.336,mexc,AAVE/USDT:USDT,296.9,9312,296.89,321,296.91,9248,296.92,4148
1753592106336,04:55:06.336,mexc,AAVE/USDT:USDT,296.9,9312,296.89,321,296.91,9248,296.92,4148
1753592106740,04:55:06.740,mexc,AAVE/USDT:USDT,296.9,9312,296.89,321,296.91,9248,296.92,4707
1753592106740,04:55:06.740,mexc,AAVE/USDT:USDT,296.9,9312,296.89,321,296.91,9248,296.92,4707
1753592107118,04:55:07.118,mexc,AAVE/USDT:USDT,296.9,9312,296.89,321,296.91,9248,296.92,4148
1753592107536,04:55:07.536,mexc,AAVE/USDT:USDT,296.9,9312,296.89,321,296.91,9248,296.92,4148
1753592107536,04:55:07.536,mexc,AAVE/USDT:USDT,296.9,9312,296.89,321,296.91,9248,296.92,4148
1753592107940,04:55:07.940,mexc,AAVE/USDT:USDT,296.9,9312,296.89,321,296.91,9248,296.92,4148
1753592108319,04:55:08.319,mexc,AAVE/USDT:USDT,296.9,9312,296.89,321,296.91,9248,296.92,4148
1753592108319,04:55:08.319,mexc,AAVE/USDT:USDT,296.9,9312,296.89,321,296.91,9248,296.92,4148
1753592108736,04:55:08.736,mexc,AAVE/USDT:USDT,296.9,9312,296.89,358,296.91,9248,296.92,4148
1753592108875,04:55:08.875,mexc,AAVE/USDT:USDT,296.9,9312,296.89,358,296.91,9248,296.92,4148
1753592109143,04:55:09.143,mexc,AAVE/USDT:USDT,296.9,9312,296.89,321,296.91,9248,296.92,4148
1753592109143,04:55:09.143,mexc,AAVE/USDT:USDT,296.9,9312,296.89,321,296.91,9248,296.92,4148
1753592109523,04:55:09.523,mexc,AAVE/USDT:USDT,296.9,9312,296.89,321,296.91,9248,296.92,4148
1753592109937,04:55:09.937,mexc,AAVE/USDT:USDT,296.91,17972,296.9,9518,296.92,1220,296.93,236
1753592109937,04:55:09.937,mexc,AAVE/USDT:USDT,296.91,17972,296.9,9518,296.92,1220,296.93,236
1753592110340,04:55:10.340,mexc,AAVE/USDT:USDT,296.91,17972,296.9,9518,296.92,1220,296.93,236
1753592110340,04:55:10.340,mexc,AAVE/USDT:USDT,296.91,17972,296.9,9518,296.92,1220,296.93,236
1753592110915,04:55:10.915,mexc,AAVE/USDT:USDT,296.91,17972,296.9,9518,296.92,1220,296.93,236
1753592110940,04:55:10.940,mexc,AAVE/USDT:USDT,296.91,17972,296.9,9518,296.92,1220,296.93,236
1753592111137,04:55:11.137,mexc,AAVE/USDT:USDT,296.91,17972,296.9,9518,296.92,1220,296.93,236
1753592111540,04:55:11.540,mexc,AAVE/USDT:USDT,296.91,17972,296.9,9518,296.92,1220,296.93,301
1753592111540,04:55:11.540,mexc,AAVE/USDT:USDT,296.91,17972,296.9,9518,296.92,1220,296.93,301
1753592111917,04:55:11.917,mexc,AAVE/USDT:USDT,296.91,17972,296.9,9518,296.92,1220,296.93,236
1753592112337,04:55:12.337,mexc,AAVE/USDT:USDT,296.91,17972,296.9,9518,296.92,1220,296.93,236
1753592112337,04:55:12.337,mexc,AAVE/USDT:USDT,296.91,17972,296.9,9518,296.92,1220,296.93,236
1753592112741,04:55:12.741,mexc,AAVE/USDT:USDT,296.91,17972,296.9,9518,296.92,1220,296.93,236
1753592112741,04:55:12.741,mexc,AAVE/USDT:USDT,296.91,17972,296.9,9518,296.92,1220,296.93,236
1753592113120,04:55:13.120,mexc,AAVE/USDT:USDT,296.91,17972,296.9,9518,296.92,1220,296.93,236
1753592113537,04:55:13.537,mexc,AAVE/USDT:USDT,296.91,17972,296.9,9518,296.92,1220,296.93,236
1753592113537,04:55:13.537,mexc,AAVE/USDT:USDT,296.91,17972,296.9,11247,296.92,1220,296.93,236
1753592113943,04:55:13.943,mexc,AAVE/USDT:USDT,296.91,17972,296.9,11247,296.92,1220,296.93,236
1753592113943,04:55:13.943,mexc,AAVE/USDT:USDT,296.91,17972,296.9,9518,296.92,1220,296.93,236
1753592114321,04:55:14.321,mexc,AAVE/USDT:USDT,296.91,17972,296.9,9518,296.92,1220,296.93,236
1753592114738,04:55:14.738,mexc,AAVE/USDT:USDT,296.91,17972,296.9,9518,296.92,1220,296.93,236
1753592114850,04:55:14.850,mexc,AAVE/USDT:USDT,296.91,17972,296.9,10513,296.92,1220,296.93,236
1753592115140,04:55:15.140,mexc,AAVE/USDT:USDT,296.91,17972,296.9,10513,296.92,1220,296.93,236
1753592115331,04:55:15.331,mexc,AAVE/USDT:USDT,296.84,27482,296.83,14508,296.86,33566,296.87,8354
1753592115938,04:55:15.938,mexc,AAVE/USDT:USDT,296.84,27482,296.83,14585,296.86,33566,296.87,8354
1753592115938,04:55:15.938,mexc,AAVE/USDT:USDT,296.84,27482,296.83,14585,296.86,33566,296.87,8354
1753592116342,04:55:16.342,mexc,AAVE/USDT:USDT,296.84,27482,296.83,14508,296.86,33566,296.87,8354
1753592116342,04:55:16.342,mexc,AAVE/USDT:USDT,296.84,27482,296.83,14508,296.86,33566,296.87,8354
1753592116922,04:55:16.922,mexc,AAVE/USDT:USDT,296.84,27482,296.83,14508,296.86,33566,296.87,8354
1753592116947,04:55:16.947,mexc,AAVE/USDT:USDT,296.84,27482,296.83,14508,296.86,33566,296.87,8354
1753592117138,04:55:17.138,mexc,AAVE/USDT:USDT,296.84,27482,296.83,14508,296.86,33566,296.87,8354
1753592117541,04:55:17.541,mexc,AAVE/USDT:USDT,296.84,27482,296.83,14508,296.86,33566,296.87,13719
1753592117541,04:55:17.541,mexc,AAVE/USDT:USDT,296.84,27482,296.83,14508,296.86,33566,296.87,13719
1753592117924,04:55:17.924,mexc,AAVE/USDT:USDT,296.84,27482,296.83,14508,296.86,33566,296.87,8354
1753592118338,04:55:18.338,mexc,AAVE/USDT:USDT,296.84,27482,296.83,14556,296.86,33566,296.87,8354
1753592118338,04:55:18.338,mexc,AAVE/USDT:USDT,296.84,27482,296.83,14556,296.86,33566,296.87,8354
1753592118741,04:55:18.741,mexc,AAVE/USDT:USDT,296.84,27482,296.83,14508,296.86,33566,296.87,8354
1753592118741,04:55:18.741,mexc,AAVE/USDT:USDT,296.84,27482,296.83,14508,296.86,33566,296.87,8354
1753592119122,04:55:19.122,mexc,AAVE/USDT:USDT,296.84,27482,296.83,14508,296.86,33566,296.87,8354
1753592119538,04:55:19.538,mexc,AAVE/USDT:USDT,296.84,27482,296.83,14508,296.86,33566,296.87,8354
1753592119538,04:55:19.538,mexc,AAVE/USDT:USDT,296.84,27482,296.83,14582,296.86,33566,296.87,8354
1753592119942,04:55:19.942,mexc,AAVE/USDT:USDT,296.84,27482,296.83,14582,296.86,33566,296.87,8354
1753592119942,04:55:19.942,mexc,AAVE/USDT:USDT,296.84,27482,296.83,14508,296.86,33566,296.87,8354
1753592120321,04:55:20.321,mexc,AAVE/USDT:USDT,296.84,27482,296.83,14508,296.86,33566,296.87,8354
1753592120739,04:55:20.739,mexc,AAVE/USDT:USDT,296.84,27482,296.83,14508,296.86,33566,296.87,8354
1753592120850,04:55:20.850,mexc,AAVE/USDT:USDT,296.81,17306,296.8,2017,296.82,29889,296.83,9557
1753592121119,04:55:21.119,mexc,AAVE/USDT:USDT,296.81,17306,296.8,2017,296.82,29889,296.83,12658
1753592121523,04:55:21.523,mexc,AAVE/USDT:USDT,296.81,17306,296.8,2017,296.82,29889,296.83,12658
1753592121523,04:55:21.523,mexc,AAVE/USDT:USDT,296.81,17306,296.8,2017,296.82,29889,296.83,9557
1753592121938,04:55:21.938,mexc,AAVE/USDT:USDT,296.81,17306,296.8,2017,296.82,29889,296.83,9557
1753592121938,04:55:21.938,mexc,AAVE/USDT:USDT,296.81,17306,296.8,2017,296.82,29889,296.83,9557
1753592122343,04:55:22.343,mexc,AAVE/USDT:USDT,296.81,17306,296.8,2017,296.82,29889,296.83,9557
1753592122343,04:55:22.343,mexc,AAVE/USDT:USDT,296.81,17306,296.8,2017,296.82,29889,296.83,9557
1753592122811,04:55:22.811,mexc,AAVE/USDT:USDT,296.81,17306,296.8,2017,296.82,29889,296.83,9557
1753592122945,04:55:22.945,mexc,AAVE/USDT:USDT,296.75,21054,296.74,4988,296.76,11375,296.77,39270
1753592123139,04:55:23.139,mexc,AAVE/USDT:USDT,296.75,21054,296.74,4988,296.76,11375,296.77,39270
1753592123522,04:55:23.522,mexc,AAVE/USDT:USDT,296.75,21054,296.74,4988,296.76,11375,296.77,53588
1753592123558,04:55:23.558,mexc,AAVE/USDT:USDT,296.67,50103,296.66,81536,296.7,42003,296.71,34349
1753592124340,04:55:24.340,mexc,AAVE/USDT:USDT,296.67,50103,296.66,81536,296.7,42003,296.71,34349
1753592124340,04:55:24.340,mexc,AAVE/USDT:USDT,296.67,50103,296.66,81656,296.7,42003,296.71,34349
1753592124744,04:55:24.744,mexc,AAVE/USDT:USDT,296.67,50103,296.66,81656,296.7,42003,296.71,38419
1753592124744,04:55:24.744,mexc,AAVE/USDT:USDT,296.67,50103,296.66,81536,296.7,42003,296.71,38419
1753592125126,04:55:25.126,mexc,AAVE/USDT:USDT,296.67,50103,296.66,81536,296.7,42003,296.71,34349
1753592125539,04:55:25.539,mexc,AAVE/USDT:USDT,296.67,50103,296.66,81536,296.7,42003,296.71,34349
1753592125539,04:55:25.539,mexc,AAVE/USDT:USDT,296.67,50103,296.66,81536,296.7,42003,296.71,34349
1753592125941,04:55:25.941,mexc,AAVE/USDT:USDT,296.67,50103,296.66,81536,296.7,42003,296.71,34349
1753592125941,04:55:25.941,mexc,AAVE/USDT:USDT,296.67,50103,296.66,81536,296.7,42003,296.71,34349
1753592126323,04:55:26.323,mexc,AAVE/USDT:USDT,296.67,50103,296.66,81536,296.7,41912,296.71,34349
1753592126740,04:55:26.740,mexc,AAVE/USDT:USDT,296.67,50103,296.66,81536,296.7,41912,296.71,34349
1753592126855,04:55:26.855,mexc,AAVE/USDT:USDT,296.67,50103,296.66,81536,296.7,41912,296.71,34349
1753592127143,04:55:27.143,mexc,AAVE/USDT:USDT,296.67,50103,296.66,81536,296.7,41912,296.71,34349
1753592127143,04:55:27.143,mexc,AAVE/USDT:USDT,296.67,50103,296.66,81536,296.7,41912,296.71,34349
1753592127525,04:55:27.525,mexc,AAVE/USDT:USDT,296.67,50103,296.66,81536,296.7,41912,296.71,34349
1753592127939,04:55:27.939,mexc,AAVE/USDT:USDT,296.67,50103,296.66,81536,296.7,41912,296.71,34349
1753592127939,04:55:27.939,mexc,AAVE/USDT:USDT,296.67,50103,296.66,81536,296.7,41912,296.71,34349
1753592128344,04:55:28.344,mexc,AAVE/USDT:USDT,296.67,50103,296.66,81536,296.7,41912,296.71,43882
1753592128345,04:55:28.345,mexc,AAVE/USDT:USDT,296.67,50103,296.66,81536,296.7,41912,296.71,43882
1753592128829,04:55:28.829,mexc,AAVE/USDT:USDT,296.67,50103,296.66,81536,296.7,41912,296.71,34349
1753592128954,04:55:28.954,mexc,AAVE/USDT:USDT,296.73,614,296.72,102,296.74,14300,296.75,21393
1753592129139,04:55:29.139,mexc,AAVE/USDT:USDT,296.73,614,296.72,124,296.74,14300,296.75,21393
1753592129543,04:55:29.543,mexc,AAVE/USDT:USDT,296.73,523,296.72,102,296.74,14300,296.75,30841
1753592129543,04:55:29.543,mexc,AAVE/USDT:USDT,296.73,523,296.72,102,296.74,14300,296.75,30841
1753592129928,04:55:29.928,mexc,AAVE/USDT:USDT,296.73,523,296.72,102,296.74,14300,296.75,21393
1753592130340,04:55:30.340,mexc,AAVE/USDT:USDT,296.73,523,296.72,102,296.74,14300,296.75,21393
1753592130340,04:55:30.340,mexc,AAVE/USDT:USDT,296.73,523,296.72,102,296.74,14300,296.75,21393
1753592130744,04:55:30.744,mexc,AAVE/USDT:USDT,296.73,523,296.72,102,296.74,14300,296.75,25329
1753592130744,04:55:30.744,mexc,AAVE/USDT:USDT,296.73,523,296.72,102,296.74,14300,296.75,25329
1753592131126,04:55:31.126,mexc,AAVE/USDT:USDT,296.73,523,296.72,102,296.74,14300,296.75,21393
1753592131540,04:55:31.540,mexc,AAVE/USDT:USDT,296.73,523,296.72,102,296.74,14300,296.75,21393
1753592131540,04:55:31.540,mexc,AAVE/USDT:USDT,296.73,523,296.72,144,296.74,14300,296.75,21393
1753592131944,04:55:31.944,mexc,AAVE/USDT:USDT,296.73,523,296.72,144,296.74,14300,296.75,30861
1753592131944,04:55:31.944,mexc,AAVE/USDT:USDT,296.73,523,296.72,102,296.74,14300,296.75,30861
1753592132324,04:55:32.324,mexc,AAVE/USDT:USDT,296.73,523,296.72,102,296.74,14300,296.75,21393
1753592132739,04:55:32.739,mexc,AAVE/USDT:USDT,296.73,523,296.72,102,296.74,14300,296.75,21393
1753592132739,04:55:32.739,mexc,AAVE/USDT:USDT,296.73,523,296.72,102,296.74,14300,296.75,21393
1753592133143,04:55:33.143,mexc,AAVE/USDT:USDT,296.73,523,296.72,102,296.74,14300,296.75,21393
1753592133143,04:55:33.143,mexc,AAVE/USDT:USDT,296.73,523,296.72,102,296.74,14300,296.75,21393
1753592133526,04:55:33.526,mexc,AAVE/USDT:USDT,296.73,523,296.72,102,296.74,14300,296.75,21393
1753592133940,04:55:33.940,mexc,AAVE/USDT:USDT,296.73,523,296.72,102,296.74,14300,296.75,21393
1753592133940,04:55:33.940,mexc,AAVE/USDT:USDT,296.73,523,296.72,102,296.74,14300,296.75,21393
1753592134342,04:55:34.342,mexc,AAVE/USDT:USDT,296.73,523,296.72,102,296.74,14300,296.75,29755
1753592134342,04:55:34.342,mexc,AAVE/USDT:USDT,296.73,523,296.72,102,296.74,14300,296.75,29755
1753592134833,04:55:34.833,mexc,AAVE/USDT:USDT,296.73,523,296.72,102,296.74,21886,296.75,21393
1753592135019,04:55:35.019,mexc,AAVE/USDT:USDT,296.73,587,296.72,86,296.74,7586,296.75,8191
1753592135139,04:55:35.139,mexc,AAVE/USDT:USDT,296.73,587,296.72,86,296.74,7586,296.75,8191
1753592135544,04:55:35.544,mexc,AAVE/USDT:USDT,296.73,587,296.72,86,296.74,7586,296.75,8191
1753592135558,04:55:35.558,mexc,AAVE/USDT:USDT,296.73,587,296.72,86,296.74,7586,296.75,8191
1753592135942,04:55:35.942,mexc,AAVE/USDT:USDT,296.67,7753,296.66,8227,296.68,14631,296.69,9399
1753592136340,04:55:36.340,mexc,AAVE/USDT:USDT,296.67,7753,296.66,8227,296.68,14631,296.69,9399
1753592136340,04:55:36.340,mexc,AAVE/USDT:USDT,296.67,7753,296.66,8227,296.68,14631,296.69,9399
1753592136744,04:55:36.744,mexc,AAVE/USDT:USDT,296.67,7753,296.66,8227,296.68,14631,296.69,9399
1753592136744,04:55:36.744,mexc,AAVE/USDT:USDT,296.67,7753,296.66,8227,296.68,14631,296.69,9399
1753592137126,04:55:37.126,mexc,AAVE/USDT:USDT,296.67,7753,296.66,8227,296.68,14631,296.69,9399
1753592137540,04:55:37.540,mexc,AAVE/USDT:USDT,296.67,7753,296.66,8227,296.68,14631,296.69,9399
1753592137540,04:55:37.540,mexc,AAVE/USDT:USDT,296.67,7753,296.66,8227,296.68,14631,296.69,9399
1753592137943,04:55:37.943,mexc,AAVE/USDT:USDT,296.67,7753,296.66,8227,296.68,14631,296.69,13789
1753592137943,04:55:37.943,mexc,AAVE/USDT:USDT,296.67,7753,296.66,8227,296.68,14631,296.69,13789
1753592138328,04:55:38.328,mexc,AAVE/USDT:USDT,296.67,7753,296.66,8227,296.68,14631,296.69,9399
1753592138740,04:55:38.740,mexc,AAVE/USDT:USDT,296.67,7753,296.66,8227,296.68,14631,296.69,9399
1753592138740,04:55:38.740,mexc,AAVE/USDT:USDT,296.67,7753,296.66,8227,296.68,14631,296.69,9399
1753592139143,04:55:39.143,mexc,AAVE/USDT:USDT,296.67,7753,296.66,8227,296.68,14631,296.69,11749
1753592139143,04:55:39.143,mexc,AAVE/USDT:USDT,296.67,7753,296.66,8227,296.68,14631,296.69,11749
1753592139529,04:55:39.529,mexc,AAVE/USDT:USDT,296.67,7753,296.66,8227,296.68,14631,296.69,9399
1753592139942,04:55:39.942,mexc,AAVE/USDT:USDT,296.67,7753,296.66,8259,296.68,14631,296.69,9399
1753592139942,04:55:39.942,mexc,AAVE/USDT:USDT,296.67,7753,296.66,8259,296.68,14631,296.69,9399
1753592140344,04:55:40.344,mexc,AAVE/USDT:USDT,296.67,7753,296.66,8227,296.68,14631,296.69,9399
1753592140345,04:55:40.345,mexc,AAVE/USDT:USDT,296.67,7753,296.66,8227,296.68,14631,296.69,9399
1753592140727,04:55:40.727,mexc,AAVE/USDT:USDT,296.67,7753,296.66,8227,296.68,14631,296.69,9399
1753592141141,04:55:41.141,mexc,AAVE/USDT:USDT,296.67,7753,296.66,8269,296.68,14631,296.69,9399
1753592141141,04:55:41.141,mexc,AAVE/USDT:USDT,296.67,7753,296.66,8269,296.68,14631,296.69,9399
1753592141551,04:55:41.551,mexc,AAVE/USDT:USDT,296.67,7753,296.66,8227,296.68,14631,296.69,9399
1753592141551,04:55:41.551,mexc,AAVE/USDT:USDT,296.67,7753,296.66,8227,296.68,14631,296.69,9399
1753592141847,04:55:41.847,mexc,AAVE/USDT:USDT,296.68,31166,296.67,25210,296.69,115,296.7,400
1753592142340,04:55:42.340,mexc,AAVE/USDT:USDT,296.68,31166,296.67,25210,296.69,115,296.7,400
1753592142340,04:55:42.340,mexc,AAVE/USDT:USDT,296.68,31166,296.67,35864,296.69,115,296.7,400
1753592142743,04:55:42.743,mexc,AAVE/USDT:USDT,296.68,31166,296.67,35864,296.69,115,296.7,400
1753592142744,04:55:42.744,mexc,AAVE/USDT:USDT,296.68,31166,296.67,25210,296.69,115,296.7,400
1753592143131,04:55:43.131,mexc,AAVE/USDT:USDT,296.68,31166,296.67,25210,296.69,115,296.7,400
1753592143540,04:55:43.540,mexc,AAVE/USDT:USDT,296.68,31166,296.67,35598,296.69,115,296.7,400
1753592143540,04:55:43.540,mexc,AAVE/USDT:USDT,296.68,31166,296.67,35598,296.69,115,296.7,400
1753592143944,04:55:43.944,mexc,AAVE/USDT:USDT,296.68,31166,296.67,25210,296.69,115,296.7,400
1753592143944,04:55:43.944,mexc,AAVE/USDT:USDT,296.68,31166,296.67,25210,296.69,115,296.7,400
1753592144329,04:55:44.329,mexc,AAVE/USDT:USDT,296.68,31166,296.67,25210,296.69,115,296.7,400
1753592144740,04:55:44.740,mexc,AAVE/USDT:USDT,296.68,31166,296.67,25210,296.69,115,296.7,400
1753592144740,04:55:44.740,mexc,AAVE/USDT:USDT,296.68,31166,296.67,25210,296.69,115,296.7,400
1753592145146,04:55:45.146,mexc,AAVE/USDT:USDT,296.68,31166,296.67,25210,296.69,115,296.7,497
1753592145146,04:55:45.146,mexc,AAVE/USDT:USDT,296.68,31166,296.67,25210,296.69,115,296.7,497
1753592145532,04:55:45.532,mexc,AAVE/USDT:USDT,296.68,31166,296.67,25210,296.69,115,296.7,400
1753592145945,04:55:45.945,mexc,AAVE/USDT:USDT,296.68,31166,296.67,25210,296.69,115,296.7,400
1753592145945,04:55:45.945,mexc,AAVE/USDT:USDT,296.68,31166,296.67,25210,296.69,115,296.7,400
1753592146345,04:55:46.345,mexc,AAVE/USDT:USDT,296.68,31166,296.67,25210,296.69,115,296.7,522
1753592146732,04:55:46.732,mexc,AAVE/USDT:USDT,296.68,31166,296.67,25210,296.69,115,296.7,522
1753592146732,04:55:46.732,mexc,AAVE/USDT:USDT,296.68,31166,296.67,25210,296.69,115,296.7,400
1753592147145,04:55:47.145,mexc,AAVE/USDT:USDT,296.68,31166,296.67,25210,296.69,115,296.7,400
1753592147145,04:55:47.145,mexc,AAVE/USDT:USDT,296.68,31166,296.67,25210,296.69,115,296.7,400
1753592147548,04:55:47.548,mexc,AAVE/USDT:USDT,296.68,31166,296.67,25210,296.69,115,296.7,577
1753592147548,04:55:47.548,mexc,AAVE/USDT:USDT,296.68,31166,296.67,25210,296.69,115,296.7,577
1753592147924,04:55:47.924,mexc,AAVE/USDT:USDT,296.7,10685,296.69,11809,296.71,8047,296.72,179
1753592148341,04:55:48.341,mexc,AAVE/USDT:USDT,296.7,10685,296.69,11809,296.71,8047,296.72,179
1753592148341,04:55:48.341,mexc,AAVE/USDT:USDT,296.7,10685,296.69,17035,296.71,8047,296.72,179
1753592148744,04:55:48.744,mexc,AAVE/USDT:USDT,296.7,10685,296.69,17035,296.71,8047,296.72,179
1753592148744,04:55:48.744,mexc,AAVE/USDT:USDT,296.7,10685,296.69,11809,296.71,8047,296.72,179
1753592149132,04:55:49.132,mexc,AAVE/USDT:USDT,296.7,10685,296.69,11809,296.71,8047,296.72,179
1753592149541,04:55:49.541,mexc,AAVE/USDT:USDT,296.7,10685,296.69,16679,296.71,8047,296.72,179
1753592149541,04:55:49.541,mexc,AAVE/USDT:USDT,296.7,10685,296.69,16679,296.71,8047,296.72,179
1753592149944,04:55:49.944,mexc,AAVE/USDT:USDT,296.7,10685,296.69,11809,296.71,8047,296.72,316
1753592149944,04:55:49.944,mexc,AAVE/USDT:USDT,296.7,10685,296.69,11809,296.71,8047,296.72,316
1753592150331,04:55:50.331,mexc,AAVE/USDT:USDT,296.7,10685,296.69,11809,296.71,8047,296.72,179
1753592150741,04:55:50.741,mexc,AAVE/USDT:USDT,296.7,10685,296.69,14337,296.71,8047,296.72,179
1753592150741,04:55:50.741,mexc,AAVE/USDT:USDT,296.7,10685,296.69,16872,296.71,8047,296.72,179
1753592151148,04:55:51.148,mexc,AAVE/USDT:USDT,296.7,10685,296.69,14344,296.71,8047,296.72,179
1753592151148,04:55:51.148,mexc,AAVE/USDT:USDT,296.7,10685,296.69,11809,296.71,8047,296.72,179
1753592151531,04:55:51.531,mexc,AAVE/USDT:USDT,296.7,10685,296.69,11809,296.71,8047,296.72,179
1753592151943,04:55:51.943,mexc,AAVE/USDT:USDT,296.7,10685,296.69,11809,296.71,8047,296.72,179
1753592151943,04:55:51.943,mexc,AAVE/USDT:USDT,296.7,10685,296.69,11809,296.71,8047,296.72,179
1753592152346,04:55:52.346,mexc,AAVE/USDT:USDT,296.7,10685,296.69,11809,296.71,8047,296.72,179
1753592152346,04:55:52.346,mexc,AAVE/USDT:USDT,296.7,10685,296.69,11809,296.71,8047,296.72,179
1753592152732,04:55:52.732,mexc,AAVE/USDT:USDT,296.7,10685,296.69,11809,296.71,8047,296.72,179
1753592153144,04:55:53.144,mexc,AAVE/USDT:USDT,296.7,10685,296.69,11809,296.71,8047,296.72,179
1753592153144,04:55:53.144,mexc,AAVE/USDT:USDT,296.7,10685,296.69,13568,296.71,8047,296.72,179
1753592153550,04:55:53.550,mexc,AAVE/USDT:USDT,296.7,10685,296.69,13568,296.71,8047,296.72,231
1753592153550,04:55:53.550,mexc,AAVE/USDT:USDT,296.7,10685,296.69,11809,296.71,8047,296.72,231
1753592153850,04:55:53.850,mexc,AAVE/USDT:USDT,296.71,21101,296.7,7418,296.72,9666,296.73,541
1753592154087,04:55:54.087,mexc,AAVE/USDT:USDT,296.71,21101,296.7,7418,296.72,9666,296.73,541
1753592154342,04:55:54.342,mexc,AAVE/USDT:USDT,296.71,21101,296.7,8313,296.72,9666,296.73,541
1753592154746,04:55:54.746,mexc,AAVE/USDT:USDT,296.71,21101,296.7,8313,296.72,9666,296.73,787
1753592154746,04:55:54.746,mexc,AAVE/USDT:USDT,296.71,21101,296.7,7418,296.72,9666,296.73,787
1753592155134,04:55:55.134,mexc,AAVE/USDT:USDT,296.71,21101,296.7,7418,296.72,9666,296.73,541
1753592155542,04:55:55.542,mexc,AAVE/USDT:USDT,296.71,21101,296.7,7418,296.72,9666,296.73,541
1753592155542,04:55:55.542,mexc,AAVE/USDT:USDT,296.71,21101,296.7,7418,296.72,9666,296.73,541
