timestamp,time,exchange,symbol,bid1_price,bid1_volume,bid2_price,bid2_volume,ask1_price,ask1_volume,ask2_price,ask2_volume
1753591889116,04:51:29.116,huobi,AAVE/USDT:USDT,296.433,8.0,296.419,25.0,296.517,8.0,296.553,25.0
1753591890023,04:51:30.023,huobi,AAVE/USDT:USDT,296.433,8.0,296.419,25.0,296.517,8.0,296.553,25.0
1753591890051,04:51:30.051,huobi,AAVE/USDT:USDT,296.433,8.0,296.419,25.0,296.517,8.0,296.553,25.0
1753591890108,04:51:30.108,huobi,AAVE/USDT:USDT,296.433,8.0,296.419,25.0,296.517,8.0,296.553,25.0
1753591890135,04:51:30.135,huobi,AAVE/USDT:USDT,296.433,8.0,296.419,25.0,296.517,8.0,296.553,25.0
1753591890168,04:51:30.168,huobi,AAVE/USDT:USDT,296.433,8.0,296.419,25.0,296.517,8.0,296.553,25.0
1753591890253,04:51:30.253,huobi,AAVE/USDT:USDT,296.433,8.0,296.419,25.0,296.517,8.0,296.553,25.0
1753591890500,04:51:30.500,huobi,AAVE/USDT:USDT,296.433,8.0,296.419,25.0,296.517,8.0,296.553,25.0
1753591890525,04:51:30.525,huobi,AAVE/USDT:USDT,296.433,8.0,296.419,25.0,296.517,8.0,296.553,25.0
1753591890598,04:51:30.598,huobi,AAVE/USDT:USDT,296.433,8.0,296.419,25.0,296.517,8.0,296.553,25.0
1753591890635,04:51:30.635,huobi,AAVE/USDT:USDT,296.433,8.0,296.419,25.0,296.517,8.0,296.553,25.0
1753591890761,04:51:30.761,huobi,AAVE/USDT:USDT,296.433,8.0,296.419,25.0,296.517,8.0,296.553,25.0
1753591890823,04:51:30.823,huobi,AAVE/USDT:USDT,296.433,8.0,296.419,25.0,296.517,8.0,296.553,25.0
1753591890915,04:51:30.915,huobi,AAVE/USDT:USDT,296.433,8.0,296.419,25.0,296.517,8.0,296.553,25.0
1753591891051,04:51:31.051,huobi,AAVE/USDT:USDT,296.433,8.0,296.419,25.0,296.517,8.0,296.553,25.0
1753591891079,04:51:31.079,huobi,AAVE/USDT:USDT,296.433,8.0,296.419,25.0,296.517,8.0,296.553,25.0
1753591891344,04:51:31.344,huobi,AAVE/USDT:USDT,296.433,8.0,296.419,25.0,296.517,8.0,296.553,25.0
1753591891377,04:51:31.377,huobi,AAVE/USDT:USDT,296.433,8.0,296.419,25.0,296.517,8.0,296.553,25.0
1753591891408,04:51:31.408,huobi,AAVE/USDT:USDT,296.433,8.0,296.419,25.0,296.517,8.0,296.553,25.0
1753591891491,04:51:31.491,huobi,AAVE/USDT:USDT,296.433,8.0,296.419,25.0,296.517,8.0,296.553,25.0
1753591891560,04:51:31.560,huobi,AAVE/USDT:USDT,296.433,8.0,296.419,25.0,296.517,8.0,296.553,25.0
1753591891565,04:51:31.565,huobi,AAVE/USDT:USDT,296.433,8.0,296.419,25.0,296.517,8.0,296.553,25.0
1753591891599,04:51:31.599,huobi,AAVE/USDT:USDT,296.433,8.0,296.419,25.0,296.517,8.0,296.553,25.0
1753591891665,04:51:31.665,huobi,AAVE/USDT:USDT,296.433,8.0,296.419,25.0,296.517,8.0,296.553,25.0
1753591891857,04:51:31.857,huobi,AAVE/USDT:USDT,296.433,8.0,296.419,25.0,296.517,8.0,296.553,25.0
1753591891995,04:51:31.995,huobi,AAVE/USDT:USDT,296.433,8.0,296.419,25.0,296.517,8.0,296.553,25.0
1753591892051,04:51:32.051,huobi,AAVE/USDT:USDT,296.433,8.0,296.419,25.0,296.517,8.0,296.553,25.0
1753591892080,04:51:32.080,huobi,AAVE/USDT:USDT,296.433,8.0,296.419,25.0,296.517,8.0,296.553,25.0
1753591892181,04:51:32.181,huobi,AAVE/USDT:USDT,296.433,8.0,296.419,25.0,296.517,8.0,296.553,25.0
1753591892208,04:51:32.208,huobi,AAVE/USDT:USDT,296.433,8.0,296.419,25.0,296.517,8.0,296.553,25.0
1753591892287,04:51:32.287,huobi,AAVE/USDT:USDT,296.433,8.0,296.419,25.0,296.517,8.0,296.553,25.0
1753591892340,04:51:32.340,huobi,AAVE/USDT:USDT,296.433,8.0,296.419,25.0,296.517,8.0,296.553,25.0
1753591892391,04:51:32.391,huobi,AAVE/USDT:USDT,296.433,8.0,296.419,25.0,296.517,8.0,296.553,25.0
1753591892416,04:51:32.416,huobi,AAVE/USDT:USDT,296.433,8.0,296.419,25.0,296.517,8.0,296.553,25.0
1753591892440,04:51:32.440,huobi,AAVE/USDT:USDT,296.433,8.0,296.419,25.0,296.517,8.0,296.553,25.0
1753591892471,04:51:32.471,huobi,AAVE/USDT:USDT,296.433,8.0,296.419,25.0,296.517,8.0,296.553,25.0
1753591892498,04:51:32.498,huobi,AAVE/USDT:USDT,296.433,8.0,296.419,25.0,296.517,8.0,296.553,25.0
1753591892541,04:51:32.541,huobi,AAVE/USDT:USDT,296.433,8.0,296.419,25.0,296.517,8.0,296.553,25.0
1753591892697,04:51:32.697,huobi,AAVE/USDT:USDT,296.433,8.0,296.419,25.0,296.517,8.0,296.553,25.0
1753591892754,04:51:32.754,huobi,AAVE/USDT:USDT,296.433,8.0,296.419,25.0,296.517,8.0,296.553,25.0
1753591892789,04:51:32.789,huobi,AAVE/USDT:USDT,296.433,8.0,296.419,25.0,296.517,8.0,296.553,25.0
1753591892796,04:51:32.796,huobi,AAVE/USDT:USDT,296.433,8.0,296.419,25.0,296.517,8.0,296.553,25.0
1753591892838,04:51:32.838,huobi,AAVE/USDT:USDT,296.433,8.0,296.419,25.0,296.517,8.0,296.553,25.0
1753591892871,04:51:32.871,huobi,AAVE/USDT:USDT,296.433,8.0,296.419,25.0,296.517,8.0,296.553,25.0
1753591892900,04:51:32.900,huobi,AAVE/USDT:USDT,296.433,8.0,296.419,25.0,296.517,8.0,296.553,25.0
1753591892921,04:51:32.921,huobi,AAVE/USDT:USDT,296.433,8.0,296.419,25.0,296.517,8.0,296.553,25.0
1753591893010,04:51:33.010,huobi,AAVE/USDT:USDT,296.433,8.0,296.419,25.0,296.517,8.0,296.553,25.0
1753591893140,04:51:33.140,huobi,AAVE/USDT:USDT,296.433,8.0,296.419,25.0,296.517,8.0,296.553,25.0
1753591893181,04:51:33.181,huobi,AAVE/USDT:USDT,296.433,8.0,296.419,25.0,296.517,8.0,296.553,25.0
1753591893184,04:51:33.184,huobi,AAVE/USDT:USDT,296.433,8.0,296.419,25.0,296.517,8.0,296.553,25.0
1753591893219,04:51:33.219,huobi,AAVE/USDT:USDT,296.433,8.0,296.419,25.0,296.517,8.0,296.553,25.0
1753591893270,04:51:33.270,huobi,AAVE/USDT:USDT,296.433,8.0,296.419,25.0,296.517,8.0,296.553,25.0
1753591893370,04:51:33.370,huobi,AAVE/USDT:USDT,296.433,8.0,296.419,25.0,296.517,8.0,296.553,25.0
1753591893420,04:51:33.420,huobi,AAVE/USDT:USDT,296.433,8.0,296.419,25.0,296.517,8.0,296.553,25.0
1753591893530,04:51:33.530,huobi,AAVE/USDT:USDT,296.433,8.0,296.419,25.0,296.517,8.0,296.553,25.0
1753591893547,04:51:33.547,huobi,AAVE/USDT:USDT,296.433,8.0,296.419,25.0,296.517,8.0,296.553,25.0
1753591893592,04:51:33.592,huobi,AAVE/USDT:USDT,296.433,8.0,296.419,25.0,296.517,8.0,296.553,25.0
1753591893633,04:51:33.633,huobi,AAVE/USDT:USDT,296.433,8.0,296.419,25.0,296.517,8.0,296.553,25.0
1753591893634,04:51:33.634,huobi,AAVE/USDT:USDT,296.433,8.0,296.419,25.0,296.517,8.0,296.553,25.0
1753591893828,04:51:33.828,huobi,AAVE/USDT:USDT,296.433,8.0,296.419,25.0,296.517,8.0,296.553,25.0
1753591893854,04:51:33.854,huobi,AAVE/USDT:USDT,296.433,8.0,296.419,25.0,296.517,8.0,296.553,25.0
1753591893890,04:51:33.890,huobi,AAVE/USDT:USDT,296.433,8.0,296.419,25.0,296.517,8.0,296.553,25.0
1753591894160,04:51:34.160,huobi,AAVE/USDT:USDT,296.433,8.0,296.419,25.0,296.517,8.0,296.553,25.0
1753591894200,04:51:34.200,huobi,AAVE/USDT:USDT,296.433,8.0,296.419,25.0,296.517,8.0,296.553,25.0
1753591894280,04:51:34.280,huobi,AAVE/USDT:USDT,296.433,8.0,296.419,25.0,296.517,8.0,296.553,25.0
1753591894307,04:51:34.307,huobi,AAVE/USDT:USDT,296.433,8.0,296.419,25.0,296.517,8.0,296.553,25.0
1753591894458,04:51:34.458,huobi,AAVE/USDT:USDT,296.433,8.0,296.419,25.0,296.517,8.0,296.553,25.0
1753591894487,04:51:34.487,huobi,AAVE/USDT:USDT,296.433,8.0,296.419,25.0,296.517,8.0,296.553,25.0
1753591894509,04:51:34.509,huobi,AAVE/USDT:USDT,296.433,8.0,296.419,25.0,296.517,8.0,296.553,25.0
1753591894661,04:51:34.661,huobi,AAVE/USDT:USDT,296.433,8.0,296.419,25.0,296.517,8.0,296.553,25.0
1753591894720,04:51:34.720,huobi,AAVE/USDT:USDT,296.433,8.0,296.419,25.0,296.517,8.0,296.553,25.0
1753591894752,04:51:34.752,huobi,AAVE/USDT:USDT,296.433,8.0,296.419,25.0,296.517,8.0,296.553,25.0
1753591894780,04:51:34.780,huobi,AAVE/USDT:USDT,296.433,8.0,296.419,25.0,296.517,8.0,296.553,25.0
1753591894852,04:51:34.852,huobi,AAVE/USDT:USDT,296.433,8.0,296.419,25.0,296.517,8.0,296.553,25.0
1753591895121,04:51:35.121,huobi,AAVE/USDT:USDT,296.433,8.0,296.419,25.0,296.517,8.0,296.553,25.0
1753591895150,04:51:35.150,huobi,AAVE/USDT:USDT,296.433,8.0,296.419,25.0,296.517,8.0,296.553,25.0
1753591895190,04:51:35.190,huobi,AAVE/USDT:USDT,296.433,8.0,296.419,25.0,296.517,8.0,296.553,25.0
1753591895292,04:51:35.292,huobi,AAVE/USDT:USDT,296.433,8.0,296.419,25.0,296.517,8.0,296.553,25.0
1753591895327,04:51:35.327,huobi,AAVE/USDT:USDT,296.433,8.0,296.419,25.0,296.517,8.0,296.553,25.0
1753591895349,04:51:35.349,huobi,AAVE/USDT:USDT,296.433,8.0,296.419,25.0,296.517,8.0,296.553,25.0
1753591895580,04:51:35.580,huobi,AAVE/USDT:USDT,296.433,8.0,296.419,25.0,296.517,8.0,296.553,25.0
1753591895601,04:51:35.601,huobi,AAVE/USDT:USDT,296.433,8.0,296.419,25.0,296.517,8.0,296.553,25.0
1753591896068,04:51:36.068,huobi,AAVE/USDT:USDT,296.433,8.0,296.419,25.0,296.517,8.0,296.553,25.0
1753591896141,04:51:36.141,huobi,AAVE/USDT:USDT,296.433,8.0,296.419,25.0,296.517,8.0,296.553,25.0
1753591896172,04:51:36.172,huobi,AAVE/USDT:USDT,296.433,8.0,296.419,25.0,296.517,8.0,296.553,25.0
1753591896199,04:51:36.199,huobi,AAVE/USDT:USDT,296.433,8.0,296.419,25.0,296.517,8.0,296.553,25.0
1753591896225,04:51:36.225,huobi,AAVE/USDT:USDT,296.433,8.0,296.419,25.0,296.517,8.0,296.553,25.0
1753591896291,04:51:36.291,huobi,AAVE/USDT:USDT,296.433,8.0,296.419,25.0,296.517,8.0,296.553,25.0
1753591896370,04:51:36.370,huobi,AAVE/USDT:USDT,296.433,8.0,296.419,25.0,296.517,8.0,296.553,25.0
1753591896876,04:51:36.876,huobi,AAVE/USDT:USDT,296.433,8.0,296.419,25.0,296.517,8.0,296.553,25.0
1753591896912,04:51:36.912,huobi,AAVE/USDT:USDT,296.433,8.0,296.419,25.0,296.517,8.0,296.553,25.0
1753591897030,04:51:37.030,huobi,AAVE/USDT:USDT,296.433,8.0,296.419,25.0,296.517,8.0,296.553,25.0
1753591897061,04:51:37.061,huobi,AAVE/USDT:USDT,296.433,8.0,296.419,25.0,296.517,8.0,296.553,25.0
1753591897201,04:51:37.201,huobi,AAVE/USDT:USDT,296.433,8.0,296.419,25.0,296.517,8.0,296.553,25.0
1753591897289,04:51:37.289,huobi,AAVE/USDT:USDT,296.433,8.0,296.419,25.0,296.517,8.0,296.553,25.0
1753591897297,04:51:37.297,huobi,AAVE/USDT:USDT,296.433,8.0,296.419,25.0,296.517,8.0,296.553,25.0
1753591897330,04:51:37.330,huobi,AAVE/USDT:USDT,296.433,8.0,296.419,25.0,296.517,8.0,296.553,25.0
1753591897386,04:51:37.386,huobi,AAVE/USDT:USDT,296.433,8.0,296.419,25.0,296.517,8.0,296.553,25.0
1753591897414,04:51:37.414,huobi,AAVE/USDT:USDT,296.433,8.0,296.419,25.0,296.517,8.0,296.553,25.0
1753591897549,04:51:37.549,huobi,AAVE/USDT:USDT,296.433,8.0,296.419,25.0,296.517,8.0,296.553,25.0
1753591897719,04:51:37.719,huobi,AAVE/USDT:USDT,296.433,8.0,296.419,25.0,296.517,8.0,296.553,25.0
1753591897760,04:51:37.760,huobi,AAVE/USDT:USDT,296.433,8.0,296.419,25.0,296.517,8.0,296.553,25.0
1753591898041,04:51:38.041,huobi,AAVE/USDT:USDT,296.433,8.0,296.419,25.0,296.517,8.0,296.553,25.0
1753591898048,04:51:38.048,huobi,AAVE/USDT:USDT,296.433,8.0,296.419,25.0,296.517,8.0,296.553,25.0
1753591898230,04:51:38.230,huobi,AAVE/USDT:USDT,296.433,8.0,296.419,25.0,296.517,8.0,296.553,25.0
1753591898265,04:51:38.265,huobi,AAVE/USDT:USDT,296.433,8.0,296.419,25.0,296.517,8.0,296.553,25.0
1753591898337,04:51:38.337,huobi,AAVE/USDT:USDT,296.433,8.0,296.419,25.0,296.517,8.0,296.553,25.0
1753591898458,04:51:38.458,huobi,AAVE/USDT:USDT,296.433,8.0,296.419,25.0,296.517,8.0,296.553,25.0
1753591898519,04:51:38.519,huobi,AAVE/USDT:USDT,296.433,8.0,296.419,25.0,296.517,8.0,296.553,25.0
1753591898543,04:51:38.543,huobi,AAVE/USDT:USDT,296.433,8.0,296.419,25.0,296.517,8.0,296.553,25.0
1753591898572,04:51:38.572,huobi,AAVE/USDT:USDT,296.433,8.0,296.419,25.0,296.517,8.0,296.553,25.0
1753591898670,04:51:38.670,huobi,AAVE/USDT:USDT,296.433,8.0,296.419,25.0,296.517,8.0,296.553,25.0
1753591898675,04:51:38.675,huobi,AAVE/USDT:USDT,296.433,8.0,296.419,25.0,296.517,8.0,296.553,25.0
1753591898779,04:51:38.779,huobi,AAVE/USDT:USDT,296.433,8.0,296.419,25.0,296.517,8.0,296.553,25.0
1753591898859,04:51:38.859,huobi,AAVE/USDT:USDT,296.433,8.0,296.419,25.0,296.517,8.0,296.553,25.0
1753591898888,04:51:38.888,huobi,AAVE/USDT:USDT,296.433,8.0,296.419,25.0,296.517,8.0,296.553,25.0
1753591899053,04:51:39.053,huobi,AAVE/USDT:USDT,296.433,8.0,296.419,25.0,296.517,8.0,296.553,25.0
1753591899209,04:51:39.209,huobi,AAVE/USDT:USDT,296.433,8.0,296.419,25.0,296.517,8.0,296.553,25.0
1753591899240,04:51:39.240,huobi,AAVE/USDT:USDT,296.433,8.0,296.419,25.0,296.517,8.0,296.553,25.0
1753591899442,04:51:39.442,huobi,AAVE/USDT:USDT,296.433,8.0,296.419,25.0,296.517,8.0,296.553,25.0
1753591899468,04:51:39.468,huobi,AAVE/USDT:USDT,296.433,8.0,296.419,25.0,296.517,8.0,296.553,25.0
1753591899523,04:51:39.523,huobi,AAVE/USDT:USDT,296.433,8.0,296.419,25.0,296.517,8.0,296.553,25.0
1753591899550,04:51:39.550,huobi,AAVE/USDT:USDT,296.45,8.0,296.436,8.0,296.517,8.0,296.553,25.0
1753591899582,04:51:39.582,huobi,AAVE/USDT:USDT,296.45,8.0,296.436,8.0,296.517,8.0,296.553,25.0
1753591899619,04:51:39.619,huobi,AAVE/USDT:USDT,296.45,8.0,296.436,8.0,296.517,8.0,296.553,25.0
1753591899639,04:51:39.639,huobi,AAVE/USDT:USDT,296.451,8.0,296.45,8.0,296.517,8.0,296.553,25.0
1753591899669,04:51:39.669,huobi,AAVE/USDT:USDT,296.465,8.0,296.451,8.0,296.517,8.0,296.553,25.0
1753591899695,04:51:39.695,huobi,AAVE/USDT:USDT,296.465,8.0,296.451,8.0,296.517,8.0,296.559,25.0
1753591899731,04:51:39.731,huobi,AAVE/USDT:USDT,296.482,8.0,296.468,8.0,296.517,8.0,296.559,25.0
1753591899757,04:51:39.757,huobi,AAVE/USDT:USDT,296.484,8.0,296.482,8.0,296.517,8.0,296.559,25.0
1753591899791,04:51:39.791,huobi,AAVE/USDT:USDT,296.498,8.0,296.484,8.0,296.517,8.0,296.559,25.0
1753591899824,04:51:39.824,huobi,AAVE/USDT:USDT,296.498,8.0,296.484,8.0,296.517,8.0,296.559,25.0
1753591899861,04:51:39.861,huobi,AAVE/USDT:USDT,296.498,8.0,296.484,8.0,296.517,8.0,296.559,25.0
1753591899899,04:51:39.899,huobi,AAVE/USDT:USDT,296.498,8.0,296.484,8.0,296.517,8.0,296.559,25.0
1753591899915,04:51:39.915,huobi,AAVE/USDT:USDT,296.498,8.0,296.484,8.0,296.517,8.0,296.559,25.0
1753591900043,04:51:40.043,huobi,AAVE/USDT:USDT,296.498,8.0,296.484,8.0,296.517,8.0,296.559,25.0
1753591900069,04:51:40.069,huobi,AAVE/USDT:USDT,296.498,8.0,296.484,8.0,296.517,8.0,296.559,25.0
1753591900125,04:51:40.125,huobi,AAVE/USDT:USDT,296.498,8.0,296.484,8.0,296.517,8.0,296.559,25.0
1753591900144,04:51:40.144,huobi,AAVE/USDT:USDT,296.498,8.0,296.484,8.0,296.517,8.0,296.559,25.0
1753591900200,04:51:40.200,huobi,AAVE/USDT:USDT,296.498,8.0,296.484,8.0,296.517,8.0,296.559,25.0
1753591900246,04:51:40.246,huobi,AAVE/USDT:USDT,296.498,8.0,296.484,8.0,296.517,8.0,296.559,25.0
1753591900272,04:51:40.272,huobi,AAVE/USDT:USDT,296.498,8.0,296.484,8.0,296.517,8.0,296.559,25.0
1753591900301,04:51:40.301,huobi,AAVE/USDT:USDT,296.498,8.0,296.484,8.0,296.517,8.0,296.559,25.0
1753591900421,04:51:40.421,huobi,AAVE/USDT:USDT,296.498,8.0,296.484,8.0,296.517,8.0,296.559,25.0
1753591900460,04:51:40.460,huobi,AAVE/USDT:USDT,296.498,8.0,296.484,8.0,296.517,8.0,296.559,25.0
1753591900513,04:51:40.513,huobi,AAVE/USDT:USDT,296.498,8.0,296.484,8.0,296.517,8.0,296.559,25.0
1753591900537,04:51:40.537,huobi,AAVE/USDT:USDT,296.498,8.0,296.484,8.0,296.517,8.0,296.559,25.0
1753591900578,04:51:40.578,huobi,AAVE/USDT:USDT,296.498,8.0,296.484,8.0,296.559,25.0,296.561,7.0
1753591900602,04:51:40.602,huobi,AAVE/USDT:USDT,296.498,8.0,296.484,8.0,296.559,25.0,296.561,7.0
1753591900642,04:51:40.642,huobi,AAVE/USDT:USDT,296.498,8.0,296.484,8.0,296.545,8.0,296.559,25.0
1753591900664,04:51:40.664,huobi,AAVE/USDT:USDT,296.498,8.0,296.484,8.0,296.545,8.0,296.559,25.0
1753591900729,04:51:40.729,huobi,AAVE/USDT:USDT,296.498,8.0,296.484,8.0,296.545,8.0,296.559,25.0
1753591900745,04:51:40.745,huobi,AAVE/USDT:USDT,296.498,8.0,296.484,8.0,296.545,8.0,296.559,25.0
1753591900778,04:51:40.778,huobi,AAVE/USDT:USDT,296.498,8.0,296.484,8.0,296.545,8.0,296.559,25.0
1753591900827,04:51:40.827,huobi,AAVE/USDT:USDT,296.498,8.0,296.484,8.0,296.545,8.0,296.559,25.0
1753591900870,04:51:40.870,huobi,AAVE/USDT:USDT,296.498,8.0,296.484,8.0,296.545,8.0,296.559,25.0
1753591900952,04:51:40.952,huobi,AAVE/USDT:USDT,296.498,8.0,296.484,8.0,296.545,8.0,296.559,25.0
1753591901015,04:51:41.015,huobi,AAVE/USDT:USDT,296.498,8.0,296.484,8.0,296.545,8.0,296.561,7.0
1753591901047,04:51:41.047,huobi,AAVE/USDT:USDT,296.498,8.0,296.484,8.0,296.609,8.0,296.616,7.0
1753591901078,04:51:41.078,huobi,AAVE/USDT:USDT,296.498,8.0,296.484,8.0,296.594,8.0,296.608,8.0
1753591901107,04:51:41.107,huobi,AAVE/USDT:USDT,296.498,8.0,296.484,8.0,296.594,8.0,296.608,8.0
1753591901152,04:51:41.152,huobi,AAVE/USDT:USDT,296.498,8.0,296.484,8.0,296.594,8.0,296.608,8.0
1753591901217,04:51:41.217,huobi,AAVE/USDT:USDT,296.498,8.0,296.484,8.0,296.594,8.0,296.608,8.0
1753591901254,04:51:41.254,huobi,AAVE/USDT:USDT,296.498,8.0,296.484,8.0,296.594,8.0,296.608,8.0
1753591901258,04:51:41.258,huobi,AAVE/USDT:USDT,296.498,8.0,296.484,8.0,296.594,8.0,296.608,8.0
1753591901325,04:51:41.325,huobi,AAVE/USDT:USDT,296.498,8.0,296.484,8.0,296.594,8.0,296.608,8.0
1753591901371,04:51:41.371,huobi,AAVE/USDT:USDT,296.498,8.0,296.484,8.0,296.594,8.0,296.608,8.0
1753591901381,04:51:41.381,huobi,AAVE/USDT:USDT,296.498,8.0,296.484,8.0,296.594,8.0,296.608,8.0
1753591901449,04:51:41.449,huobi,AAVE/USDT:USDT,296.498,8.0,296.484,8.0,296.594,8.0,296.609,8.0
1753591901452,04:51:41.452,huobi,AAVE/USDT:USDT,296.498,8.0,296.484,8.0,296.579,8.0,296.593,8.0
1753591901550,04:51:41.550,huobi,AAVE/USDT:USDT,296.498,8.0,296.484,8.0,296.579,8.0,296.593,8.0
1753591901565,04:51:41.565,huobi,AAVE/USDT:USDT,296.498,8.0,296.484,8.0,296.579,8.0,296.593,8.0
1753591901626,04:51:41.626,huobi,AAVE/USDT:USDT,296.498,8.0,296.484,8.0,296.579,8.0,296.593,8.0
1753591901680,04:51:41.680,huobi,AAVE/USDT:USDT,296.498,8.0,296.484,8.0,296.579,8.0,296.593,8.0
1753591901790,04:51:41.790,huobi,AAVE/USDT:USDT,296.498,8.0,296.484,8.0,296.579,8.0,296.593,8.0
1753591901940,04:51:41.940,huobi,AAVE/USDT:USDT,296.498,8.0,296.484,8.0,296.579,8.0,296.593,8.0
1753591901946,04:51:41.946,huobi,AAVE/USDT:USDT,296.498,8.0,296.484,8.0,296.579,8.0,296.593,8.0
1753591901997,04:51:41.997,huobi,AAVE/USDT:USDT,296.498,8.0,296.484,8.0,296.579,8.0,296.593,8.0
1753591902126,04:51:42.126,huobi,AAVE/USDT:USDT,296.498,8.0,296.484,8.0,296.579,8.0,296.593,8.0
1753591902183,04:51:42.183,huobi,AAVE/USDT:USDT,296.498,8.0,296.484,8.0,296.579,8.0,296.593,8.0
1753591902187,04:51:42.187,huobi,AAVE/USDT:USDT,296.498,8.0,296.484,8.0,296.579,8.0,296.593,8.0
1753591902323,04:51:42.323,huobi,AAVE/USDT:USDT,296.498,8.0,296.484,8.0,296.579,8.0,296.593,8.0
1753591902348,04:51:42.348,huobi,AAVE/USDT:USDT,296.498,8.0,296.484,8.0,296.579,8.0,296.593,8.0
1753591902366,04:51:42.366,huobi,AAVE/USDT:USDT,296.498,8.0,296.484,8.0,296.579,8.0,296.593,8.0
1753591902435,04:51:42.435,huobi,AAVE/USDT:USDT,296.498,8.0,296.484,8.0,296.579,8.0,296.593,8.0
1753591902487,04:51:42.487,huobi,AAVE/USDT:USDT,296.498,8.0,296.484,8.0,296.579,8.0,296.593,8.0
1753591902551,04:51:42.551,huobi,AAVE/USDT:USDT,296.498,8.0,296.484,8.0,296.579,8.0,296.593,8.0
1753591902602,04:51:42.602,huobi,AAVE/USDT:USDT,296.498,8.0,296.484,8.0,296.579,8.0,296.593,8.0
1753591902865,04:51:42.865,huobi,AAVE/USDT:USDT,296.498,8.0,296.484,8.0,296.579,8.0,296.593,8.0
1753591902913,04:51:42.913,huobi,AAVE/USDT:USDT,296.498,8.0,296.484,8.0,296.579,8.0,296.593,8.0
1753591902965,04:51:42.965,huobi,AAVE/USDT:USDT,296.498,8.0,296.484,8.0,296.579,8.0,296.593,8.0
1753591903013,04:51:43.013,huobi,AAVE/USDT:USDT,296.498,8.0,296.484,8.0,296.579,8.0,296.593,8.0
1753591903035,04:51:43.035,huobi,AAVE/USDT:USDT,296.498,8.0,296.484,8.0,296.579,8.0,296.593,8.0
1753591903056,04:51:43.056,huobi,AAVE/USDT:USDT,296.498,8.0,296.484,8.0,296.579,8.0,296.593,8.0
1753591903101,04:51:43.101,huobi,AAVE/USDT:USDT,296.498,8.0,296.484,8.0,296.579,8.0,296.593,8.0
1753591903128,04:51:43.128,huobi,AAVE/USDT:USDT,296.498,8.0,296.484,8.0,296.579,8.0,296.593,8.0
1753591903182,04:51:43.182,huobi,AAVE/USDT:USDT,296.498,8.0,296.484,8.0,296.579,8.0,296.593,8.0
1753591903226,04:51:43.226,huobi,AAVE/USDT:USDT,296.498,8.0,296.484,8.0,296.579,8.0,296.593,8.0
1753591903273,04:51:43.273,huobi,AAVE/USDT:USDT,296.498,8.0,296.484,8.0,296.579,8.0,296.593,8.0
1753591903324,04:51:43.324,huobi,AAVE/USDT:USDT,296.498,8.0,296.484,8.0,296.579,8.0,296.593,8.0
1753591903563,04:51:43.563,huobi,AAVE/USDT:USDT,296.498,8.0,296.484,8.0,296.579,8.0,296.593,8.0
1753591903567,04:51:43.567,huobi,AAVE/USDT:USDT,296.498,8.0,296.484,8.0,296.579,8.0,296.593,8.0
1753591903644,04:51:43.644,huobi,AAVE/USDT:USDT,296.498,8.0,296.484,8.0,296.579,8.0,296.593,8.0
1753591903660,04:51:43.660,huobi,AAVE/USDT:USDT,296.498,8.0,296.484,8.0,296.579,8.0,296.593,8.0
1753591903772,04:51:43.772,huobi,AAVE/USDT:USDT,296.498,8.0,296.487,25.0,296.579,8.0,296.593,8.0
1753591903773,04:51:43.773,huobi,AAVE/USDT:USDT,296.498,8.0,296.487,25.0,296.579,8.0,296.593,8.0
1753591903807,04:51:43.807,huobi,AAVE/USDT:USDT,296.498,8.0,296.487,25.0,296.579,8.0,296.609,8.0
1753591903839,04:51:43.839,huobi,AAVE/USDT:USDT,296.498,8.0,296.487,25.0,296.624,8.0,296.634,25.0
1753591903871,04:51:43.871,huobi,AAVE/USDT:USDT,296.498,8.0,296.487,25.0,296.616,8.0,296.624,8.0
1753591903899,04:51:43.899,huobi,AAVE/USDT:USDT,296.512,8.0,296.498,8.0,296.602,8.0,296.616,8.0
1753591903933,04:51:43.933,huobi,AAVE/USDT:USDT,296.512,8.0,296.498,8.0,296.602,8.0,296.616,8.0
1753591903962,04:51:43.962,huobi,AAVE/USDT:USDT,296.512,8.0,296.498,8.0,296.602,8.0,296.616,8.0
1753591903999,04:51:43.999,huobi,AAVE/USDT:USDT,296.512,8.0,296.498,8.0,296.602,8.0,296.616,8.0
1753591904024,04:51:44.024,huobi,AAVE/USDT:USDT,296.512,8.0,296.498,8.0,296.602,8.0,296.616,8.0
1753591904059,04:51:44.059,huobi,AAVE/USDT:USDT,296.512,8.0,296.498,8.0,296.602,8.0,296.616,8.0
1753591904086,04:51:44.086,huobi,AAVE/USDT:USDT,296.512,8.0,296.498,8.0,296.602,8.0,296.616,8.0
1753591904103,04:51:44.103,huobi,AAVE/USDT:USDT,296.512,8.0,296.498,8.0,296.602,8.0,296.616,8.0
1753591904139,04:51:44.139,huobi,AAVE/USDT:USDT,296.512,8.0,296.498,8.0,296.602,8.0,296.616,8.0
1753591904245,04:51:44.245,huobi,AAVE/USDT:USDT,296.512,8.0,296.498,8.0,296.602,8.0,296.616,8.0
1753591904260,04:51:44.260,huobi,AAVE/USDT:USDT,296.512,8.0,296.498,8.0,296.602,8.0,296.616,8.0
1753591904314,04:51:44.314,huobi,AAVE/USDT:USDT,296.512,8.0,296.487,25.0,296.602,8.0,296.624,8.0
1753591904322,04:51:44.322,huobi,AAVE/USDT:USDT,296.513,8.0,296.512,8.0,296.602,8.0,296.624,8.0
1753591904451,04:51:44.451,huobi,AAVE/USDT:USDT,296.527,8.0,296.513,8.0,296.624,8.0,296.634,25.0
1753591904467,04:51:44.467,huobi,AAVE/USDT:USDT,296.527,8.0,296.513,8.0,296.624,8.0,296.634,25.0
1753591904499,04:51:44.499,huobi,AAVE/USDT:USDT,296.527,8.0,296.513,8.0,296.624,8.0,296.634,25.0
1753591904531,04:51:44.531,huobi,AAVE/USDT:USDT,296.527,8.0,296.513,8.0,296.624,8.0,296.634,25.0
1753591904554,04:51:44.554,huobi,AAVE/USDT:USDT,296.527,8.0,296.513,8.0,296.61,8.0,296.624,8.0
1753591904780,04:51:44.780,huobi,AAVE/USDT:USDT,296.527,8.0,296.513,8.0,296.61,8.0,296.624,8.0
1753591904796,04:51:44.796,huobi,AAVE/USDT:USDT,296.527,8.0,296.513,8.0,296.61,8.0,296.624,8.0
1753591904941,04:51:44.941,huobi,AAVE/USDT:USDT,296.527,8.0,296.513,8.0,296.61,8.0,296.624,8.0
1753591904948,04:51:44.948,huobi,AAVE/USDT:USDT,296.527,8.0,296.513,8.0,296.61,8.0,296.624,8.0
1753591904981,04:51:44.981,huobi,AAVE/USDT:USDT,296.527,8.0,296.513,8.0,296.61,8.0,296.624,8.0
1753591905105,04:51:45.105,huobi,AAVE/USDT:USDT,296.527,8.0,296.513,8.0,296.61,8.0,296.624,8.0
1753591905134,04:51:45.134,huobi,AAVE/USDT:USDT,296.527,8.0,296.512,8.0,296.61,8.0,296.624,8.0
1753591905161,04:51:45.161,huobi,AAVE/USDT:USDT,296.512,8.0,296.487,25.0,296.593,8.0,296.607,8.0
1753591905204,04:51:45.204,huobi,AAVE/USDT:USDT,296.512,8.0,296.487,25.0,296.593,8.0,296.607,8.0
1753591905251,04:51:45.251,huobi,AAVE/USDT:USDT,296.512,8.0,296.487,25.0,296.593,8.0,296.607,8.0
1753591905291,04:51:45.291,huobi,AAVE/USDT:USDT,296.512,8.0,296.487,25.0,296.593,8.0,296.61,8.0
1753591905318,04:51:45.318,huobi,AAVE/USDT:USDT,296.512,8.0,296.487,25.0,296.61,8.0,296.634,25.0
1753591905345,04:51:45.345,huobi,AAVE/USDT:USDT,296.512,8.0,296.487,25.0,296.61,8.0,296.634,25.0
1753591905408,04:51:45.408,huobi,AAVE/USDT:USDT,296.512,8.0,296.487,25.0,296.61,8.0,296.634,25.0
1753591905464,04:51:45.464,huobi,AAVE/USDT:USDT,296.512,8.0,296.487,25.0,296.61,8.0,296.634,25.0
1753591905492,04:51:45.492,huobi,AAVE/USDT:USDT,296.512,8.0,296.487,25.0,296.61,8.0,296.634,25.0
1753591905536,04:51:45.536,huobi,AAVE/USDT:USDT,296.512,8.0,296.487,25.0,296.61,8.0,296.634,25.0
1753591905570,04:51:45.570,huobi,AAVE/USDT:USDT,296.512,8.0,296.487,25.0,296.61,8.0,296.634,25.0
1753591905632,04:51:45.632,huobi,AAVE/USDT:USDT,296.512,8.0,296.487,25.0,296.61,8.0,296.634,25.0
1753591905676,04:51:45.676,huobi,AAVE/USDT:USDT,296.512,8.0,296.487,25.0,296.61,8.0,296.634,25.0
1753591905720,04:51:45.720,huobi,AAVE/USDT:USDT,296.512,8.0,296.487,25.0,296.61,8.0,296.634,25.0
1753591905742,04:51:45.742,huobi,AAVE/USDT:USDT,296.512,8.0,296.487,25.0,296.61,8.0,296.634,25.0
1753591905858,04:51:45.858,huobi,AAVE/USDT:USDT,296.512,8.0,296.487,25.0,296.61,8.0,296.634,25.0
1753591905918,04:51:45.918,huobi,AAVE/USDT:USDT,296.512,8.0,296.487,25.0,296.61,8.0,296.634,25.0
1753591906100,04:51:46.100,huobi,AAVE/USDT:USDT,296.512,8.0,296.487,25.0,296.61,8.0,296.634,25.0
1753591906115,04:51:46.115,huobi,AAVE/USDT:USDT,296.512,8.0,296.487,25.0,296.61,8.0,296.634,25.0
1753591906149,04:51:46.149,huobi,AAVE/USDT:USDT,296.512,8.0,296.487,25.0,296.61,8.0,296.634,25.0
1753591906218,04:51:46.218,huobi,AAVE/USDT:USDT,296.512,8.0,296.487,25.0,296.61,8.0,296.634,25.0
1753591906260,04:51:46.260,huobi,AAVE/USDT:USDT,296.512,8.0,296.487,25.0,296.61,8.0,296.634,25.0
1753591906319,04:51:46.319,huobi,AAVE/USDT:USDT,296.512,8.0,296.487,25.0,296.61,8.0,296.634,25.0
1753591906420,04:51:46.420,huobi,AAVE/USDT:USDT,296.512,8.0,296.487,25.0,296.61,8.0,296.634,25.0
1753591906472,04:51:46.472,huobi,AAVE/USDT:USDT,296.512,8.0,296.487,25.0,296.61,8.0,296.634,25.0
1753591906605,04:51:46.605,huobi,AAVE/USDT:USDT,296.512,8.0,296.487,25.0,296.61,8.0,296.634,25.0
1753591906651,04:51:46.651,huobi,AAVE/USDT:USDT,296.512,8.0,296.487,25.0,296.61,8.0,296.634,25.0
1753591906655,04:51:46.655,huobi,AAVE/USDT:USDT,296.512,8.0,296.487,25.0,296.61,8.0,296.634,25.0
1753591906711,04:51:46.711,huobi,AAVE/USDT:USDT,296.512,8.0,296.487,25.0,296.61,8.0,296.634,25.0
1753591906715,04:51:46.715,huobi,AAVE/USDT:USDT,296.512,8.0,296.487,25.0,296.61,8.0,296.634,25.0
1753591906759,04:51:46.759,huobi,AAVE/USDT:USDT,296.512,8.0,296.487,25.0,296.61,8.0,296.634,25.0
1753591906910,04:51:46.910,huobi,AAVE/USDT:USDT,296.512,8.0,296.487,25.0,296.61,8.0,296.634,25.0
1753591907002,04:51:47.002,huobi,AAVE/USDT:USDT,296.512,8.0,296.487,25.0,296.61,8.0,296.634,25.0
1753591907082,04:51:47.082,huobi,AAVE/USDT:USDT,296.512,8.0,296.487,25.0,296.61,8.0,296.634,25.0
1753591907170,04:51:47.170,huobi,AAVE/USDT:USDT,296.512,8.0,296.487,25.0,296.61,8.0,296.634,25.0
1753591907348,04:51:47.348,huobi,AAVE/USDT:USDT,296.512,8.0,296.487,25.0,296.61,8.0,296.634,25.0
1753591907562,04:51:47.562,huobi,AAVE/USDT:USDT,296.512,8.0,296.487,25.0,296.61,8.0,296.634,25.0
1753591907587,04:51:47.587,huobi,AAVE/USDT:USDT,296.512,8.0,296.487,25.0,296.61,8.0,296.634,25.0
1753591907644,04:51:47.644,huobi,AAVE/USDT:USDT,296.512,8.0,296.487,25.0,296.61,8.0,296.634,25.0
1753591907648,04:51:47.648,huobi,AAVE/USDT:USDT,296.512,8.0,296.487,25.0,296.61,8.0,296.634,25.0
1753591907674,04:51:47.674,huobi,AAVE/USDT:USDT,296.512,8.0,296.487,25.0,296.61,8.0,296.634,25.0
1753591907747,04:51:47.747,huobi,AAVE/USDT:USDT,296.512,8.0,296.487,25.0,296.61,8.0,296.634,25.0
1753591907857,04:51:47.857,huobi,AAVE/USDT:USDT,296.512,8.0,296.487,25.0,296.61,8.0,296.634,25.0
1753591907897,04:51:47.897,huobi,AAVE/USDT:USDT,296.512,8.0,296.487,25.0,296.61,8.0,296.634,25.0
1753591907970,04:51:47.970,huobi,AAVE/USDT:USDT,296.512,8.0,296.487,25.0,296.61,8.0,296.634,25.0
1753591908024,04:51:48.024,huobi,AAVE/USDT:USDT,296.512,8.0,296.487,25.0,296.61,8.0,296.634,25.0
1753591908073,04:51:48.073,huobi,AAVE/USDT:USDT,296.512,8.0,296.487,25.0,296.61,8.0,296.634,25.0
1753591908175,04:51:48.175,huobi,AAVE/USDT:USDT,296.512,8.0,296.487,25.0,296.61,8.0,296.634,25.0
1753591908326,04:51:48.326,huobi,AAVE/USDT:USDT,296.512,8.0,296.487,25.0,296.61,8.0,296.634,25.0
1753591908347,04:51:48.347,huobi,AAVE/USDT:USDT,296.512,8.0,296.487,25.0,296.61,8.0,296.634,25.0
1753591908421,04:51:48.421,huobi,AAVE/USDT:USDT,296.512,8.0,296.487,25.0,296.61,8.0,296.634,25.0
1753591908429,04:51:48.429,huobi,AAVE/USDT:USDT,296.512,8.0,296.487,25.0,296.61,8.0,296.634,25.0
1753591908471,04:51:48.471,huobi,AAVE/USDT:USDT,296.512,8.0,296.487,25.0,296.61,8.0,296.634,25.0
1753591908538,04:51:48.538,huobi,AAVE/USDT:USDT,296.512,8.0,296.487,25.0,296.61,8.0,296.634,25.0
1753591908545,04:51:48.545,huobi,AAVE/USDT:USDT,296.512,8.0,296.487,25.0,296.61,8.0,296.634,25.0
1753591908645,04:51:48.645,huobi,AAVE/USDT:USDT,296.512,8.0,296.487,25.0,296.61,8.0,296.634,25.0
1753591908671,04:51:48.671,huobi,AAVE/USDT:USDT,296.512,8.0,296.487,25.0,296.61,8.0,296.634,25.0
1753591908693,04:51:48.693,huobi,AAVE/USDT:USDT,296.512,8.0,296.487,25.0,296.61,8.0,296.634,25.0
1753591908960,04:51:48.960,huobi,AAVE/USDT:USDT,296.512,8.0,296.487,25.0,296.61,8.0,296.634,25.0
1753591909011,04:51:49.011,huobi,AAVE/USDT:USDT,296.512,8.0,296.487,25.0,296.61,8.0,296.634,25.0
1753591909062,04:51:49.062,huobi,AAVE/USDT:USDT,296.512,8.0,296.487,25.0,296.61,8.0,296.634,25.0
1753591909090,04:51:49.090,huobi,AAVE/USDT:USDT,296.512,8.0,296.487,25.0,296.61,8.0,296.634,25.0
1753591909121,04:51:49.121,huobi,AAVE/USDT:USDT,296.512,8.0,296.487,25.0,296.61,8.0,296.634,25.0
1753591909151,04:51:49.151,huobi,AAVE/USDT:USDT,296.512,8.0,296.487,25.0,296.61,8.0,296.634,25.0
1753591909261,04:51:49.261,huobi,AAVE/USDT:USDT,296.512,8.0,296.487,25.0,296.61,8.0,296.634,25.0
1753591909293,04:51:49.293,huobi,AAVE/USDT:USDT,296.512,8.0,296.487,25.0,296.61,8.0,296.634,25.0
1753591909298,04:51:49.298,huobi,AAVE/USDT:USDT,296.512,8.0,296.487,25.0,296.61,8.0,296.634,25.0
1753591909339,04:51:49.339,huobi,AAVE/USDT:USDT,296.512,8.0,296.487,25.0,296.61,8.0,296.634,25.0
1753591909467,04:51:49.467,huobi,AAVE/USDT:USDT,296.512,8.0,296.487,25.0,296.61,8.0,296.634,25.0
1753591909483,04:51:49.483,huobi,AAVE/USDT:USDT,296.512,8.0,296.487,25.0,296.61,8.0,296.634,25.0
1753591909538,04:51:49.538,huobi,AAVE/USDT:USDT,296.512,8.0,296.487,25.0,296.61,8.0,296.634,25.0
1753591909678,04:51:49.678,huobi,AAVE/USDT:USDT,296.512,8.0,296.487,25.0,296.61,8.0,296.634,25.0
1753591909744,04:51:49.744,huobi,AAVE/USDT:USDT,296.512,8.0,296.487,25.0,296.61,8.0,296.634,25.0
1753591909747,04:51:49.747,huobi,AAVE/USDT:USDT,296.512,8.0,296.487,25.0,296.61,8.0,296.634,25.0
1753591909790,04:51:49.790,huobi,AAVE/USDT:USDT,296.512,8.0,296.487,25.0,296.61,8.0,296.634,25.0
1753591909840,04:51:49.840,huobi,AAVE/USDT:USDT,296.512,8.0,296.487,25.0,296.61,8.0,296.634,25.0
1753591909962,04:51:49.962,huobi,AAVE/USDT:USDT,296.512,8.0,296.487,25.0,296.61,8.0,296.634,25.0
1753591910127,04:51:50.127,huobi,AAVE/USDT:USDT,296.512,8.0,296.487,25.0,296.61,8.0,296.634,25.0
1753591910300,04:51:50.300,huobi,AAVE/USDT:USDT,296.512,8.0,296.487,25.0,296.61,8.0,296.634,25.0
1753591910322,04:51:50.322,huobi,AAVE/USDT:USDT,296.512,8.0,296.487,25.0,296.61,8.0,296.634,25.0
1753591910352,04:51:50.352,huobi,AAVE/USDT:USDT,296.512,8.0,296.487,25.0,296.61,8.0,296.634,25.0
1753591910433,04:51:50.433,huobi,AAVE/USDT:USDT,296.512,8.0,296.487,25.0,296.61,8.0,296.634,25.0
1753591910433,04:51:50.433,huobi,AAVE/USDT:USDT,296.512,8.0,296.487,25.0,296.61,8.0,296.634,25.0
1753591910505,04:51:50.505,huobi,AAVE/USDT:USDT,296.512,8.0,296.487,25.0,296.61,8.0,296.634,25.0
1753591910530,04:51:50.530,huobi,AAVE/USDT:USDT,296.512,8.0,296.487,25.0,296.61,8.0,296.634,25.0
1753591910562,04:51:50.562,huobi,AAVE/USDT:USDT,296.512,8.0,296.487,25.0,296.61,8.0,296.634,25.0
1753591910620,04:51:50.620,huobi,AAVE/USDT:USDT,296.512,8.0,296.487,25.0,296.61,8.0,296.634,25.0
1753591910657,04:51:50.657,huobi,AAVE/USDT:USDT,296.512,8.0,296.487,25.0,296.61,8.0,296.634,25.0
1753591910770,04:51:50.770,huobi,AAVE/USDT:USDT,296.512,8.0,296.487,25.0,296.61,8.0,296.634,25.0
1753591910833,04:51:50.833,huobi,AAVE/USDT:USDT,296.512,8.0,296.487,25.0,296.61,8.0,296.634,25.0
1753591911298,04:51:51.298,huobi,AAVE/USDT:USDT,296.512,8.0,296.487,25.0,296.61,8.0,296.634,25.0
1753591911304,04:51:51.304,huobi,AAVE/USDT:USDT,296.512,8.0,296.487,25.0,296.61,8.0,296.634,25.0
1753591911341,04:51:51.341,huobi,AAVE/USDT:USDT,296.512,8.0,296.487,25.0,296.61,8.0,296.634,25.0
1753591911420,04:51:51.420,huobi,AAVE/USDT:USDT,296.512,8.0,296.487,25.0,296.61,8.0,296.634,25.0
1753591911446,04:51:51.446,huobi,AAVE/USDT:USDT,296.512,8.0,296.487,25.0,296.61,8.0,296.634,25.0
1753591911455,04:51:51.455,huobi,AAVE/USDT:USDT,296.512,8.0,296.487,25.0,296.61,8.0,296.634,25.0
1753591911542,04:51:51.542,huobi,AAVE/USDT:USDT,296.512,8.0,296.487,25.0,296.61,8.0,296.634,25.0
1753591911545,04:51:51.545,huobi,AAVE/USDT:USDT,296.512,8.0,296.487,25.0,296.61,8.0,296.634,25.0
1753591911676,04:51:51.676,huobi,AAVE/USDT:USDT,296.512,8.0,296.487,25.0,296.61,8.0,296.634,25.0
1753591911701,04:51:51.701,huobi,AAVE/USDT:USDT,296.512,8.0,296.487,25.0,296.608,8.0,296.61,8.0
1753591911726,04:51:51.726,huobi,AAVE/USDT:USDT,296.512,8.0,296.487,25.0,296.594,7.0,296.608,8.0
1753591911771,04:51:51.771,huobi,AAVE/USDT:USDT,296.512,8.0,296.487,25.0,296.594,7.0,296.608,8.0
1753591911842,04:51:51.842,huobi,AAVE/USDT:USDT,296.512,8.0,296.487,25.0,296.594,7.0,296.608,8.0
1753591911842,04:51:51.842,huobi,AAVE/USDT:USDT,296.512,8.0,296.487,25.0,296.594,7.0,296.608,8.0
1753591911848,04:51:51.848,huobi,AAVE/USDT:USDT,296.512,8.0,296.487,25.0,296.594,7.0,296.608,8.0
1753591911886,04:51:51.886,huobi,AAVE/USDT:USDT,296.512,8.0,296.487,25.0,296.594,7.0,296.608,8.0
1753591911914,04:51:51.914,huobi,AAVE/USDT:USDT,296.512,8.0,296.487,25.0,296.594,7.0,296.608,8.0
1753591911951,04:51:51.951,huobi,AAVE/USDT:USDT,296.512,8.0,296.487,25.0,296.594,7.0,296.608,8.0
1753591911980,04:51:51.980,huobi,AAVE/USDT:USDT,296.512,8.0,296.487,25.0,296.594,7.0,296.608,8.0
1753591912024,04:51:52.024,huobi,AAVE/USDT:USDT,296.512,8.0,296.487,25.0,296.594,7.0,296.608,8.0
1753591912025,04:51:52.025,huobi,AAVE/USDT:USDT,296.512,8.0,296.487,25.0,296.594,7.0,296.608,8.0
1753591912070,04:51:52.070,huobi,AAVE/USDT:USDT,296.512,8.0,296.487,25.0,296.594,7.0,296.61,8.0
1753591912098,04:51:52.098,huobi,AAVE/USDT:USDT,296.512,16.0,296.487,25.0,296.61,8.0,296.634,25.0
1753591912115,04:51:52.115,huobi,AAVE/USDT:USDT,296.526,7.0,296.514,8.0,296.61,8.0,296.634,25.0
1753591912143,04:51:52.143,huobi,AAVE/USDT:USDT,296.526,7.0,296.514,8.0,296.61,8.0,296.634,25.0
1753591912224,04:51:52.224,huobi,AAVE/USDT:USDT,296.526,7.0,296.514,8.0,296.61,8.0,296.634,25.0
1753591912796,04:51:52.796,huobi,AAVE/USDT:USDT,296.526,7.0,296.514,8.0,296.61,8.0,296.634,25.0
1753591912817,04:51:52.817,huobi,AAVE/USDT:USDT,296.526,7.0,296.514,8.0,296.61,8.0,296.634,25.0
1753591912868,04:51:52.868,huobi,AAVE/USDT:USDT,296.526,7.0,296.514,8.0,296.61,8.0,296.634,25.0
1753591912905,04:51:52.905,huobi,AAVE/USDT:USDT,296.526,7.0,296.514,8.0,296.61,8.0,296.634,25.0
1753591912989,04:51:52.989,huobi,AAVE/USDT:USDT,296.526,7.0,296.514,8.0,296.61,8.0,296.634,25.0
1753591913412,04:51:53.412,huobi,AAVE/USDT:USDT,296.526,7.0,296.514,8.0,296.61,8.0,296.634,25.0
1753591913442,04:51:53.442,huobi,AAVE/USDT:USDT,296.526,7.0,296.514,8.0,296.61,8.0,296.634,25.0
1753591913478,04:51:53.478,huobi,AAVE/USDT:USDT,296.526,7.0,296.514,8.0,296.61,8.0,296.634,25.0
1753591913500,04:51:53.500,huobi,AAVE/USDT:USDT,296.526,7.0,296.514,8.0,296.61,8.0,296.634,25.0
1753591913530,04:51:53.530,huobi,AAVE/USDT:USDT,296.526,7.0,296.514,8.0,296.61,8.0,296.634,25.0
1753591913590,04:51:53.590,huobi,AAVE/USDT:USDT,296.526,7.0,296.514,8.0,296.61,8.0,296.634,25.0
1753591913648,04:51:53.648,huobi,AAVE/USDT:USDT,296.526,7.0,296.514,8.0,296.61,8.0,296.634,25.0
1753591913702,04:51:53.702,huobi,AAVE/USDT:USDT,296.526,7.0,296.514,8.0,296.61,8.0,296.634,25.0
1753591913791,04:51:53.791,huobi,AAVE/USDT:USDT,296.526,7.0,296.514,8.0,296.61,8.0,296.634,25.0
1753591913817,04:51:53.817,huobi,AAVE/USDT:USDT,296.526,7.0,296.514,8.0,296.61,8.0,296.634,25.0
1753591913844,04:51:53.844,huobi,AAVE/USDT:USDT,296.526,7.0,296.514,8.0,296.61,8.0,296.634,25.0
1753591913879,04:51:53.879,huobi,AAVE/USDT:USDT,296.526,7.0,296.514,8.0,296.61,8.0,296.634,25.0
1753591913886,04:51:53.886,huobi,AAVE/USDT:USDT,296.526,7.0,296.514,8.0,296.61,8.0,296.634,25.0
1753591913931,04:51:53.931,huobi,AAVE/USDT:USDT,296.526,7.0,296.514,8.0,296.61,8.0,296.634,25.0
1753591914050,04:51:54.050,huobi,AAVE/USDT:USDT,296.526,7.0,296.514,8.0,296.61,8.0,296.634,25.0
1753591914101,04:51:54.101,huobi,AAVE/USDT:USDT,296.526,7.0,296.514,8.0,296.61,8.0,296.634,25.0
1753591914163,04:51:54.163,huobi,AAVE/USDT:USDT,296.526,7.0,296.514,8.0,296.61,8.0,296.634,25.0
1753591914215,04:51:54.215,huobi,AAVE/USDT:USDT,296.526,7.0,296.514,8.0,296.61,8.0,296.634,25.0
1753591914221,04:51:54.221,huobi,AAVE/USDT:USDT,296.526,7.0,296.514,8.0,296.61,8.0,296.634,25.0
1753591914292,04:51:54.292,huobi,AAVE/USDT:USDT,296.526,7.0,296.514,8.0,296.61,8.0,296.634,25.0
1753591914829,04:51:54.829,huobi,AAVE/USDT:USDT,296.526,7.0,296.514,8.0,296.61,8.0,296.634,25.0
1753591914859,04:51:54.859,huobi,AAVE/USDT:USDT,296.526,7.0,296.511,7.0,296.61,8.0,296.634,25.0
1753591915085,04:51:55.085,huobi,AAVE/USDT:USDT,296.511,7.0,296.487,25.0,296.61,8.0,296.634,25.0
1753591915220,04:51:55.220,huobi,AAVE/USDT:USDT,296.511,7.0,296.487,25.0,296.61,8.0,296.634,25.0
1753591915642,04:51:55.642,huobi,AAVE/USDT:USDT,296.511,7.0,296.487,25.0,296.61,8.0,296.634,25.0
1753591915770,04:51:55.770,huobi,AAVE/USDT:USDT,296.511,7.0,296.487,25.0,296.61,8.0,296.634,25.0
1753591915774,04:51:55.774,huobi,AAVE/USDT:USDT,296.511,7.0,296.487,25.0,296.61,8.0,296.634,25.0
1753591915816,04:51:55.816,huobi,AAVE/USDT:USDT,296.511,7.0,296.487,25.0,296.61,8.0,296.634,25.0
1753591915899,04:51:55.899,huobi,AAVE/USDT:USDT,296.511,7.0,296.487,25.0,296.61,8.0,296.634,25.0
1753591916132,04:51:56.132,huobi,AAVE/USDT:USDT,296.511,7.0,296.487,25.0,296.61,8.0,296.634,25.0
1753591916558,04:51:56.558,huobi,AAVE/USDT:USDT,296.511,7.0,296.487,25.0,296.61,8.0,296.634,25.0
1753591916779,04:51:56.779,huobi,AAVE/USDT:USDT,296.511,7.0,296.487,25.0,296.61,8.0,296.634,25.0
1753591916799,04:51:56.799,huobi,AAVE/USDT:USDT,296.511,7.0,296.487,25.0,296.61,8.0,296.634,25.0
1753591916907,04:51:56.907,huobi,AAVE/USDT:USDT,296.511,7.0,296.487,25.0,296.61,8.0,296.634,25.0
1753591916909,04:51:56.909,huobi,AAVE/USDT:USDT,296.511,7.0,296.487,25.0,296.61,8.0,296.634,25.0
1753591916985,04:51:56.985,huobi,AAVE/USDT:USDT,296.511,7.0,296.487,25.0,296.61,8.0,296.634,25.0
1753591917011,04:51:57.011,huobi,AAVE/USDT:USDT,296.511,7.0,296.487,25.0,296.61,8.0,296.634,25.0
1753591917035,04:51:57.035,huobi,AAVE/USDT:USDT,296.511,7.0,296.487,25.0,296.61,8.0,296.634,25.0
1753591917180,04:51:57.180,huobi,AAVE/USDT:USDT,296.511,7.0,296.487,25.0,296.61,8.0,296.634,25.0
1753591917187,04:51:57.187,huobi,AAVE/USDT:USDT,296.511,7.0,296.487,25.0,296.61,8.0,296.634,25.0
1753591917229,04:51:57.229,huobi,AAVE/USDT:USDT,296.511,7.0,296.487,25.0,296.61,8.0,296.634,25.0
1753591917479,04:51:57.479,huobi,AAVE/USDT:USDT,296.511,7.0,296.487,25.0,296.61,8.0,296.634,25.0
1753591917512,04:51:57.512,huobi,AAVE/USDT:USDT,296.511,7.0,296.487,25.0,296.61,8.0,296.634,25.0
1753591917560,04:51:57.560,huobi,AAVE/USDT:USDT,296.511,7.0,296.487,25.0,296.61,8.0,296.634,25.0
1753591917600,04:51:57.600,huobi,AAVE/USDT:USDT,296.511,7.0,296.487,25.0,296.61,8.0,296.634,25.0
1753591917646,04:51:57.646,huobi,AAVE/USDT:USDT,296.511,7.0,296.487,25.0,296.61,8.0,296.634,25.0
1753591917679,04:51:57.679,huobi,AAVE/USDT:USDT,296.511,7.0,296.487,25.0,296.61,8.0,296.634,25.0
1753591917707,04:51:57.707,huobi,AAVE/USDT:USDT,296.511,7.0,296.487,25.0,296.61,8.0,296.634,25.0
1753591917724,04:51:57.724,huobi,AAVE/USDT:USDT,296.511,7.0,296.487,25.0,296.61,8.0,296.634,25.0
1753591917760,04:51:57.760,huobi,AAVE/USDT:USDT,296.525,8.0,296.511,8.0,296.61,8.0,296.634,25.0
1753591917810,04:51:57.810,huobi,AAVE/USDT:USDT,296.525,8.0,296.511,8.0,296.61,8.0,296.634,25.0
1753591917869,04:51:57.869,huobi,AAVE/USDT:USDT,296.525,8.0,296.511,8.0,296.61,8.0,296.634,25.0
1753591918038,04:51:58.038,huobi,AAVE/USDT:USDT,296.525,8.0,296.511,8.0,296.61,8.0,296.634,25.0
1753591918182,04:51:58.182,huobi,AAVE/USDT:USDT,296.525,8.0,296.511,8.0,296.61,8.0,296.634,25.0
1753591918331,04:51:58.331,huobi,AAVE/USDT:USDT,296.525,8.0,296.511,8.0,296.61,8.0,296.634,25.0
1753591918379,04:51:58.379,huobi,AAVE/USDT:USDT,296.525,8.0,296.511,8.0,296.61,8.0,296.634,25.0
1753591918386,04:51:58.386,huobi,AAVE/USDT:USDT,296.525,8.0,296.511,8.0,296.61,8.0,296.634,25.0
1753591918433,04:51:58.433,huobi,AAVE/USDT:USDT,296.525,8.0,296.511,8.0,296.61,8.0,296.634,25.0
1753591918480,04:51:58.480,huobi,AAVE/USDT:USDT,296.525,8.0,296.511,8.0,296.61,8.0,296.634,25.0
1753591918527,04:51:58.527,huobi,AAVE/USDT:USDT,296.525,8.0,296.511,8.0,296.61,8.0,296.634,25.0
1753591918781,04:51:58.781,huobi,AAVE/USDT:USDT,296.525,8.0,296.511,8.0,296.61,8.0,296.634,25.0
1753591919972,04:51:59.972,huobi,AAVE/USDT:USDT,296.525,8.0,296.511,8.0,296.61,8.0,296.634,25.0
1753591919999,04:51:59.999,huobi,AAVE/USDT:USDT,296.525,8.0,296.511,8.0,296.61,8.0,296.634,25.0
1753591920112,04:52:00.112,huobi,AAVE/USDT:USDT,296.525,8.0,296.511,8.0,296.61,8.0,296.634,25.0
1753591920140,04:52:00.140,huobi,AAVE/USDT:USDT,296.525,8.0,296.511,8.0,296.61,8.0,296.634,25.0
1753591920213,04:52:00.213,huobi,AAVE/USDT:USDT,296.525,8.0,296.511,8.0,296.61,8.0,296.634,25.0
1753591920219,04:52:00.219,huobi,AAVE/USDT:USDT,296.525,8.0,296.511,8.0,296.61,8.0,296.634,25.0
1753591920302,04:52:00.302,huobi,AAVE/USDT:USDT,296.525,8.0,296.511,8.0,296.61,8.0,296.634,25.0
1753591920305,04:52:00.305,huobi,AAVE/USDT:USDT,296.525,8.0,296.511,8.0,296.61,8.0,296.634,25.0
1753591920343,04:52:00.343,huobi,AAVE/USDT:USDT,296.525,8.0,296.511,8.0,296.61,8.0,296.634,25.0
1753591920392,04:52:00.392,huobi,AAVE/USDT:USDT,296.525,8.0,296.511,8.0,296.61,8.0,296.634,25.0
1753591920393,04:52:00.393,huobi,AAVE/USDT:USDT,296.525,8.0,296.511,8.0,296.61,8.0,296.634,25.0
1753591920598,04:52:00.598,huobi,AAVE/USDT:USDT,296.525,8.0,296.511,8.0,296.61,8.0,296.634,25.0
1753591920807,04:52:00.807,huobi,AAVE/USDT:USDT,296.525,8.0,296.511,8.0,296.61,8.0,296.634,25.0
1753591920847,04:52:00.847,huobi,AAVE/USDT:USDT,296.525,8.0,296.511,8.0,296.61,8.0,296.634,25.0
1753591920900,04:52:00.900,huobi,AAVE/USDT:USDT,296.525,8.0,296.511,8.0,296.61,8.0,296.634,25.0
1753591920910,04:52:00.910,huobi,AAVE/USDT:USDT,296.525,8.0,296.511,8.0,296.61,8.0,296.634,25.0
1753591921023,04:52:01.023,huobi,AAVE/USDT:USDT,296.525,8.0,296.511,8.0,296.61,8.0,296.634,25.0
1753591921189,04:52:01.189,huobi,AAVE/USDT:USDT,296.525,8.0,296.511,8.0,296.61,8.0,296.634,25.0
1753591921292,04:52:01.292,huobi,AAVE/USDT:USDT,296.525,8.0,296.511,8.0,296.61,8.0,296.634,25.0
1753591921450,04:52:01.450,huobi,AAVE/USDT:USDT,296.525,8.0,296.511,8.0,296.61,8.0,296.634,25.0
1753591921475,04:52:01.475,huobi,AAVE/USDT:USDT,296.525,8.0,296.51,8.0,296.61,8.0,296.634,25.0
1753591921508,04:52:01.508,huobi,AAVE/USDT:USDT,296.54,8.0,296.526,8.0,296.61,8.0,296.634,25.0
1753591921539,04:52:01.539,huobi,AAVE/USDT:USDT,296.54,8.0,296.526,8.0,296.639,8.0,296.642,25.0
1753591921565,04:52:01.565,huobi,AAVE/USDT:USDT,296.542,8.0,296.54,8.0,296.639,8.0,296.699,7.0
1753591921594,04:52:01.594,huobi,AAVE/USDT:USDT,296.542,8.0,296.54,8.0,296.699,7.0,296.715,41.0
1753591921628,04:52:01.628,huobi,AAVE/USDT:USDT,296.557,8.0,296.556,8.0,296.699,7.0,296.715,41.0
1753591921660,04:52:01.660,huobi,AAVE/USDT:USDT,296.571,8.0,296.557,8.0,296.69,8.0,296.699,7.0
1753591921689,04:52:01.689,huobi,AAVE/USDT:USDT,296.571,8.0,296.557,8.0,296.676,8.0,296.69,8.0
1753591921718,04:52:01.718,huobi,AAVE/USDT:USDT,296.571,8.0,296.557,8.0,296.676,8.0,296.69,8.0
1753591921747,04:52:01.747,huobi,AAVE/USDT:USDT,296.571,8.0,296.557,8.0,296.676,8.0,296.69,8.0
1753591921782,04:52:01.782,huobi,AAVE/USDT:USDT,296.572,8.0,296.571,8.0,296.676,8.0,296.69,8.0
1753591921833,04:52:01.833,huobi,AAVE/USDT:USDT,296.586,8.0,296.572,8.0,296.676,8.0,296.69,8.0
1753591921838,04:52:01.838,huobi,AAVE/USDT:USDT,296.586,8.0,296.572,8.0,296.676,8.0,296.69,8.0
1753591921911,04:52:01.911,huobi,AAVE/USDT:USDT,296.586,8.0,296.572,8.0,296.676,8.0,296.699,7.0
1753591921929,04:52:01.929,huobi,AAVE/USDT:USDT,296.589,8.0,296.586,8.0,296.699,7.0,296.715,41.0
1753591921966,04:52:01.966,huobi,AAVE/USDT:USDT,296.603,8.0,296.589,8.0,296.699,7.0,296.715,41.0
1753591922001,04:52:02.001,huobi,AAVE/USDT:USDT,296.603,8.0,296.589,8.0,296.699,7.0,296.715,41.0
1753591922017,04:52:02.017,huobi,AAVE/USDT:USDT,296.603,8.0,296.589,8.0,296.699,7.0,296.715,41.0
1753591922111,04:52:02.111,huobi,AAVE/USDT:USDT,296.603,8.0,296.589,8.0,296.699,7.0,296.715,41.0
1753591922157,04:52:02.157,huobi,AAVE/USDT:USDT,296.603,8.0,296.589,8.0,296.699,15.0,296.715,41.0
1753591922172,04:52:02.172,huobi,AAVE/USDT:USDT,296.603,8.0,296.589,8.0,296.699,8.0,296.715,41.0
1753591922197,04:52:02.197,huobi,AAVE/USDT:USDT,296.603,8.0,296.589,8.0,296.685,8.0,296.699,8.0
1753591922295,04:52:02.295,huobi,AAVE/USDT:USDT,296.603,8.0,296.589,8.0,296.685,8.0,296.699,8.0
1753591922326,04:52:02.326,huobi,AAVE/USDT:USDT,296.603,8.0,296.589,8.0,296.685,8.0,296.699,8.0
1753591922383,04:52:02.383,huobi,AAVE/USDT:USDT,296.603,8.0,296.589,8.0,296.685,8.0,296.699,8.0
1753591922410,04:52:02.410,huobi,AAVE/USDT:USDT,296.603,8.0,296.589,8.0,296.685,8.0,296.699,8.0
1753591922439,04:52:02.439,huobi,AAVE/USDT:USDT,296.603,8.0,296.586,8.0,296.682,8.0,296.685,8.0
1753591922471,04:52:02.471,huobi,AAVE/USDT:USDT,296.525,8.0,296.51,8.0,296.659,8.0,296.668,8.0
1753591922494,04:52:02.494,huobi,AAVE/USDT:USDT,296.526,8.0,296.495,8.0,296.604,13.0,296.645,8.0
1753591922536,04:52:02.536,huobi,AAVE/USDT:USDT,296.54,8.0,296.518,25.0,296.59,8.0,296.604,13.0
1753591922554,04:52:02.554,huobi,AAVE/USDT:USDT,296.54,8.0,296.518,25.0,296.59,8.0,296.604,13.0
1753591922591,04:52:02.591,huobi,AAVE/USDT:USDT,296.54,8.0,296.518,25.0,296.59,8.0,296.604,13.0
1753591922615,04:52:02.615,huobi,AAVE/USDT:USDT,296.54,8.0,296.518,25.0,296.59,8.0,296.604,13.0
1753591922659,04:52:02.659,huobi,AAVE/USDT:USDT,296.54,8.0,296.518,25.0,296.59,8.0,296.604,13.0
1753591922690,04:52:02.690,huobi,AAVE/USDT:USDT,296.54,8.0,296.518,25.0,296.59,8.0,296.604,13.0
1753591922724,04:52:02.724,huobi,AAVE/USDT:USDT,296.54,8.0,296.518,25.0,296.59,8.0,296.604,13.0
1753591922740,04:52:02.740,huobi,AAVE/USDT:USDT,296.54,8.0,296.518,25.0,296.59,8.0,296.604,13.0
1753591922807,04:52:02.807,huobi,AAVE/USDT:USDT,296.54,8.0,296.518,25.0,296.59,8.0,296.604,13.0
1753591922860,04:52:02.860,huobi,AAVE/USDT:USDT,296.54,8.0,296.518,25.0,296.59,8.0,296.604,13.0
1753591922887,04:52:02.887,huobi,AAVE/USDT:USDT,296.54,8.0,296.518,25.0,296.59,8.0,296.604,13.0
1753591922918,04:52:02.918,huobi,AAVE/USDT:USDT,296.54,8.0,296.518,25.0,296.59,8.0,296.604,13.0
1753591922960,04:52:02.960,huobi,AAVE/USDT:USDT,296.54,8.0,296.518,25.0,296.59,8.0,296.604,13.0
1753591922976,04:52:02.976,huobi,AAVE/USDT:USDT,296.54,8.0,296.518,25.0,296.59,8.0,296.604,13.0
1753591923026,04:52:03.026,huobi,AAVE/USDT:USDT,296.54,8.0,296.518,25.0,296.59,8.0,296.604,13.0
1753591923039,04:52:03.039,huobi,AAVE/USDT:USDT,296.54,16.0,296.518,25.0,296.59,8.0,296.604,13.0
1753591923077,04:52:03.077,huobi,AAVE/USDT:USDT,296.554,8.0,296.54,8.0,296.59,8.0,296.604,13.0
1753591923124,04:52:03.124,huobi,AAVE/USDT:USDT,296.554,8.0,296.54,8.0,296.59,8.0,296.604,13.0
1753591923125,04:52:03.125,huobi,AAVE/USDT:USDT,296.554,8.0,296.54,8.0,296.59,8.0,296.604,13.0
1753591923256,04:52:03.256,huobi,AAVE/USDT:USDT,296.554,8.0,296.54,8.0,296.59,8.0,296.604,13.0
1753591923274,04:52:03.274,huobi,AAVE/USDT:USDT,296.554,8.0,296.539,8.0,296.59,8.0,296.604,13.0
1753591923331,04:52:03.331,huobi,AAVE/USDT:USDT,296.539,8.0,296.526,25.0,296.59,8.0,296.604,13.0
1753591923481,04:52:03.481,huobi,AAVE/USDT:USDT,296.539,8.0,296.526,25.0,296.59,8.0,296.604,13.0
1753591923487,04:52:03.487,huobi,AAVE/USDT:USDT,296.539,8.0,296.526,25.0,296.59,8.0,296.604,13.0
1753591923517,04:52:03.517,huobi,AAVE/USDT:USDT,296.539,8.0,296.526,25.0,296.59,8.0,296.604,13.0
1753591923590,04:52:03.590,huobi,AAVE/USDT:USDT,296.539,8.0,296.526,25.0,296.59,8.0,296.604,13.0
1753591923613,04:52:03.613,huobi,AAVE/USDT:USDT,296.539,8.0,296.526,25.0,296.59,8.0,296.604,13.0
1753591923650,04:52:03.650,huobi,AAVE/USDT:USDT,296.539,8.0,296.526,25.0,296.59,8.0,296.604,13.0
1753591923756,04:52:03.756,huobi,AAVE/USDT:USDT,296.539,8.0,296.526,25.0,296.59,8.0,296.604,13.0
1753591923796,04:52:03.796,huobi,AAVE/USDT:USDT,296.539,8.0,296.526,25.0,296.59,8.0,296.604,13.0
1753591923817,04:52:03.817,huobi,AAVE/USDT:USDT,296.54,8.0,296.539,8.0,296.59,8.0,296.604,13.0
1753591923848,04:52:03.848,huobi,AAVE/USDT:USDT,296.554,8.0,296.54,8.0,296.59,8.0,296.645,8.0
1753591923895,04:52:03.895,huobi,AAVE/USDT:USDT,296.554,8.0,296.54,8.0,296.645,8.0,296.685,8.0
1753591923908,04:52:03.908,huobi,AAVE/USDT:USDT,296.554,8.0,296.54,8.0,296.685,8.0,296.7,8.0
1753591923937,04:52:03.937,huobi,AAVE/USDT:USDT,296.554,8.0,296.54,8.0,296.662,8.0,296.676,8.0
1753591924076,04:52:04.076,huobi,AAVE/USDT:USDT,296.554,8.0,296.54,8.0,296.644,8.0,296.658,8.0
1753591924085,04:52:04.085,huobi,AAVE/USDT:USDT,296.554,8.0,296.54,8.0,296.644,8.0,296.658,8.0
1753591924222,04:52:04.222,huobi,AAVE/USDT:USDT,296.554,8.0,296.54,8.0,296.644,8.0,296.658,8.0
1753591924237,04:52:04.237,huobi,AAVE/USDT:USDT,296.554,8.0,296.54,8.0,296.644,8.0,296.658,8.0
1753591924284,04:52:04.284,huobi,AAVE/USDT:USDT,296.554,8.0,296.54,8.0,296.644,8.0,296.658,8.0
1753591924293,04:52:04.293,huobi,AAVE/USDT:USDT,296.555,8.0,296.554,8.0,296.644,8.0,296.662,8.0
1753591924327,04:52:04.327,huobi,AAVE/USDT:USDT,296.569,8.0,296.555,8.0,296.7,8.0,296.715,66.0
1753591924362,04:52:04.362,huobi,AAVE/USDT:USDT,296.569,8.0,296.555,8.0,296.677,8.0,296.691,8.0
1753591924390,04:52:04.390,huobi,AAVE/USDT:USDT,296.569,8.0,296.555,8.0,296.677,8.0,296.691,8.0
1753591924418,04:52:04.418,huobi,AAVE/USDT:USDT,296.569,8.0,296.555,8.0,296.677,8.0,296.691,8.0
1753591924459,04:52:04.459,huobi,AAVE/USDT:USDT,296.569,8.0,296.555,8.0,296.677,8.0,296.691,8.0
1753591924473,04:52:04.473,huobi,AAVE/USDT:USDT,296.57,8.0,296.569,8.0,296.677,8.0,296.691,8.0
1753591924510,04:52:04.510,huobi,AAVE/USDT:USDT,296.57,8.0,296.569,8.0,296.677,8.0,296.691,8.0
1753591924539,04:52:04.539,huobi,AAVE/USDT:USDT,296.584,8.0,296.57,8.0,296.677,8.0,296.691,8.0
1753591924573,04:52:04.573,huobi,AAVE/USDT:USDT,296.584,8.0,296.57,8.0,296.677,8.0,296.691,8.0
1753591924599,04:52:04.599,huobi,AAVE/USDT:USDT,296.584,8.0,296.57,8.0,296.677,8.0,296.691,8.0
1753591924628,04:52:04.628,huobi,AAVE/USDT:USDT,296.584,8.0,296.57,8.0,296.677,8.0,296.691,8.0
1753591924761,04:52:04.761,huobi,AAVE/USDT:USDT,296.584,8.0,296.57,8.0,296.677,8.0,296.691,8.0
1753591924775,04:52:04.775,huobi,AAVE/USDT:USDT,296.584,8.0,296.57,8.0,296.677,8.0,296.691,8.0
1753591924810,04:52:04.810,huobi,AAVE/USDT:USDT,296.584,8.0,296.57,8.0,296.677,8.0,296.691,8.0
1753591924911,04:52:04.911,huobi,AAVE/USDT:USDT,296.584,8.0,296.57,8.0,296.677,8.0,296.691,8.0
1753591924937,04:52:04.937,huobi,AAVE/USDT:USDT,296.584,8.0,296.57,8.0,296.677,8.0,296.691,8.0
1753591924995,04:52:04.995,huobi,AAVE/USDT:USDT,296.584,8.0,296.57,8.0,296.677,8.0,296.691,8.0
1753591925085,04:52:05.085,huobi,AAVE/USDT:USDT,296.584,8.0,296.57,8.0,296.677,8.0,296.691,8.0
1753591925117,04:52:05.117,huobi,AAVE/USDT:USDT,296.584,8.0,296.57,8.0,296.677,8.0,296.691,8.0
1753591925142,04:52:05.142,huobi,AAVE/USDT:USDT,296.584,8.0,296.57,8.0,296.677,8.0,296.691,8.0
1753591925167,04:52:05.167,huobi,AAVE/USDT:USDT,296.584,8.0,296.57,8.0,296.677,8.0,296.691,8.0
1753591925241,04:52:05.241,huobi,AAVE/USDT:USDT,296.584,8.0,296.57,8.0,296.677,8.0,296.691,8.0
1753591925309,04:52:05.309,huobi,AAVE/USDT:USDT,296.584,8.0,296.57,8.0,296.677,8.0,296.691,8.0
1753591925400,04:52:05.400,huobi,AAVE/USDT:USDT,296.584,8.0,296.57,8.0,296.677,8.0,296.691,8.0
1753591925483,04:52:05.483,huobi,AAVE/USDT:USDT,296.584,8.0,296.57,8.0,296.677,8.0,296.691,8.0
1753591925525,04:52:05.525,huobi,AAVE/USDT:USDT,296.584,8.0,296.57,8.0,296.677,8.0,296.691,8.0
1753591925569,04:52:05.569,huobi,AAVE/USDT:USDT,296.584,8.0,296.57,8.0,296.677,8.0,296.691,8.0
1753591925587,04:52:05.587,huobi,AAVE/USDT:USDT,296.584,8.0,296.57,8.0,296.677,8.0,296.691,8.0
1753591925617,04:52:05.617,huobi,AAVE/USDT:USDT,296.584,8.0,296.57,8.0,296.677,8.0,296.691,8.0
1753591925731,04:52:05.731,huobi,AAVE/USDT:USDT,296.584,8.0,296.57,8.0,296.677,8.0,296.691,8.0
1753591925765,04:52:05.765,huobi,AAVE/USDT:USDT,296.584,8.0,296.57,8.0,296.677,8.0,296.691,8.0
1753591925999,04:52:05.999,huobi,AAVE/USDT:USDT,296.584,8.0,296.57,8.0,296.677,8.0,296.691,8.0
1753591926007,04:52:06.007,huobi,AAVE/USDT:USDT,296.584,8.0,296.57,8.0,296.677,8.0,296.691,8.0
1753591926050,04:52:06.050,huobi,AAVE/USDT:USDT,296.584,8.0,296.57,8.0,296.677,8.0,296.691,8.0
1753591926131,04:52:06.131,huobi,AAVE/USDT:USDT,296.584,8.0,296.57,8.0,296.677,8.0,296.691,8.0
1753591926137,04:52:06.137,huobi,AAVE/USDT:USDT,296.584,8.0,296.57,8.0,296.677,8.0,296.691,8.0
1753591926157,04:52:06.157,huobi,AAVE/USDT:USDT,296.584,8.0,296.57,8.0,296.662,8.0,296.676,8.0
1753591926189,04:52:06.189,huobi,AAVE/USDT:USDT,296.584,8.0,296.554,8.0,296.662,8.0,296.676,8.0
1753591926216,04:52:06.216,huobi,AAVE/USDT:USDT,296.554,8.0,296.539,8.0,296.662,8.0,296.676,8.0
1753591926247,04:52:06.247,huobi,AAVE/USDT:USDT,296.54,47.0,296.539,8.0,296.647,8.0,296.661,8.0
1753591926326,04:52:06.326,huobi,AAVE/USDT:USDT,296.554,8.0,296.547,8.0,296.647,8.0,296.661,8.0
1753591926334,04:52:06.334,huobi,AAVE/USDT:USDT,296.555,8.0,296.554,8.0,296.647,8.0,296.662,8.0
1753591926372,04:52:06.372,huobi,AAVE/USDT:USDT,296.569,8.0,296.555,8.0,296.647,8.0,296.662,8.0
1753591926396,04:52:06.396,huobi,AAVE/USDT:USDT,296.569,8.0,296.555,8.0,296.647,8.0,296.662,8.0
1753591926431,04:52:06.431,huobi,AAVE/USDT:USDT,296.569,8.0,296.555,8.0,296.7,8.0,296.715,66.0
1753591926455,04:52:06.455,huobi,AAVE/USDT:USDT,296.569,8.0,296.555,8.0,296.658,8.0,296.691,8.0
1753591926498,04:52:06.498,huobi,AAVE/USDT:USDT,296.569,8.0,296.555,8.0,296.658,8.0,296.691,8.0
1753591926537,04:52:06.537,huobi,AAVE/USDT:USDT,296.569,8.0,296.555,8.0,296.658,8.0,296.691,8.0
1753591926583,04:52:06.583,huobi,AAVE/USDT:USDT,296.569,8.0,296.555,8.0,296.658,8.0,296.691,8.0
1753591926651,04:52:06.651,huobi,AAVE/USDT:USDT,296.569,8.0,296.555,8.0,296.658,8.0,296.691,8.0
1753591926703,04:52:06.703,huobi,AAVE/USDT:USDT,296.569,8.0,296.555,8.0,296.658,8.0,296.691,8.0
1753591926748,04:52:06.748,huobi,AAVE/USDT:USDT,296.569,8.0,296.555,8.0,296.658,8.0,296.691,8.0
1753591926764,04:52:06.764,huobi,AAVE/USDT:USDT,296.569,8.0,296.555,8.0,296.658,8.0,296.691,8.0
1753591926967,04:52:06.967,huobi,AAVE/USDT:USDT,296.569,8.0,296.555,8.0,296.658,8.0,296.691,8.0
1753591927342,04:52:07.342,huobi,AAVE/USDT:USDT,296.569,8.0,296.555,8.0,296.658,8.0,296.691,8.0
1753591927372,04:52:07.372,huobi,AAVE/USDT:USDT,296.569,8.0,296.555,8.0,296.658,8.0,296.691,8.0
1753591927431,04:52:07.431,huobi,AAVE/USDT:USDT,296.569,8.0,296.555,8.0,296.658,8.0,296.691,8.0
1753591927466,04:52:07.466,huobi,AAVE/USDT:USDT,296.569,8.0,296.555,8.0,296.658,8.0,296.691,8.0
1753591927495,04:52:07.495,huobi,AAVE/USDT:USDT,296.569,8.0,296.555,8.0,296.658,8.0,296.691,8.0
1753591927534,04:52:07.534,huobi,AAVE/USDT:USDT,296.569,8.0,296.554,8.0,296.658,8.0,296.691,8.0
1753591927576,04:52:07.576,huobi,AAVE/USDT:USDT,296.587,7.0,296.573,8.0,296.658,8.0,296.691,8.0
1753591927759,04:52:07.759,huobi,AAVE/USDT:USDT,296.587,7.0,296.573,8.0,296.658,8.0,296.691,8.0
1753591927805,04:52:07.805,huobi,AAVE/USDT:USDT,296.587,7.0,296.573,8.0,296.658,8.0,296.691,8.0
1753591927805,04:52:07.805,huobi,AAVE/USDT:USDT,296.587,7.0,296.573,8.0,296.658,8.0,296.691,8.0
1753591928211,04:52:08.211,huobi,AAVE/USDT:USDT,296.587,7.0,296.573,8.0,296.658,8.0,296.691,8.0
1753591928269,04:52:08.269,huobi,AAVE/USDT:USDT,296.587,7.0,296.573,8.0,296.658,8.0,296.691,8.0
1753591928488,04:52:08.488,huobi,AAVE/USDT:USDT,296.587,7.0,296.573,8.0,296.658,8.0,296.691,8.0
1753591929012,04:52:09.012,huobi,AAVE/USDT:USDT,296.587,7.0,296.573,8.0,296.658,8.0,296.7,8.0
1753591929056,04:52:09.056,huobi,AAVE/USDT:USDT,296.603,7.0,296.589,8.0,296.7,8.0,296.715,66.0
1753591929153,04:52:09.153,huobi,AAVE/USDT:USDT,296.603,7.0,296.589,8.0,296.7,8.0,296.715,66.0
1753591929158,04:52:09.158,huobi,AAVE/USDT:USDT,296.603,7.0,296.589,8.0,296.7,8.0,296.715,66.0
1753591929403,04:52:09.403,huobi,AAVE/USDT:USDT,296.603,7.0,296.589,8.0,296.7,8.0,296.715,66.0
1753591929459,04:52:09.459,huobi,AAVE/USDT:USDT,296.603,7.0,296.589,8.0,296.7,8.0,296.715,66.0
1753591929485,04:52:09.485,huobi,AAVE/USDT:USDT,296.603,7.0,296.589,8.0,296.685,7.0,296.699,8.0
1753591929558,04:52:09.558,huobi,AAVE/USDT:USDT,296.603,7.0,296.589,8.0,296.685,7.0,296.699,8.0
1753591929615,04:52:09.615,huobi,AAVE/USDT:USDT,296.603,7.0,296.589,8.0,296.685,7.0,296.699,8.0
1753591929721,04:52:09.721,huobi,AAVE/USDT:USDT,296.603,7.0,296.589,8.0,296.685,7.0,296.699,8.0
1753591929727,04:52:09.727,huobi,AAVE/USDT:USDT,296.603,7.0,296.589,8.0,296.685,7.0,296.699,8.0
1753591929772,04:52:09.772,huobi,AAVE/USDT:USDT,296.603,7.0,296.589,8.0,296.685,7.0,296.699,8.0
1753591929798,04:52:09.798,huobi,AAVE/USDT:USDT,296.603,7.0,296.589,8.0,296.685,7.0,296.699,8.0
1753591929832,04:52:09.832,huobi,AAVE/USDT:USDT,296.603,7.0,296.587,7.0,296.685,7.0,296.699,8.0
1753591929846,04:52:09.846,huobi,AAVE/USDT:USDT,296.587,7.0,296.554,8.0,296.685,7.0,296.699,8.0
1753591929872,04:52:09.872,huobi,AAVE/USDT:USDT,296.563,8.0,296.554,8.0,296.685,7.0,296.699,8.0
1753591929912,04:52:09.912,huobi,AAVE/USDT:USDT,296.574,8.0,296.569,7.0,296.685,7.0,296.699,8.0
1753591929969,04:52:09.969,huobi,AAVE/USDT:USDT,296.588,7.0,296.574,8.0,296.685,7.0,296.699,8.0
1753591929996,04:52:09.996,huobi,AAVE/USDT:USDT,296.588,7.0,296.574,8.0,296.685,7.0,296.699,8.0
1753591930047,04:52:10.047,huobi,AAVE/USDT:USDT,296.588,7.0,296.574,8.0,296.685,7.0,296.699,8.0
1753591930079,04:52:10.079,huobi,AAVE/USDT:USDT,296.588,7.0,296.574,8.0,296.685,7.0,296.699,8.0
1753591930111,04:52:10.111,huobi,AAVE/USDT:USDT,296.588,7.0,296.574,8.0,296.685,7.0,296.699,8.0
1753591930115,04:52:10.115,huobi,AAVE/USDT:USDT,296.588,7.0,296.574,8.0,296.685,7.0,296.699,8.0
1753591930388,04:52:10.388,huobi,AAVE/USDT:USDT,296.588,7.0,296.574,8.0,296.685,7.0,296.699,8.0
1753591930652,04:52:10.652,huobi,AAVE/USDT:USDT,296.588,7.0,296.574,8.0,296.685,7.0,296.699,8.0
1753591930940,04:52:10.940,huobi,AAVE/USDT:USDT,296.588,7.0,296.574,8.0,296.685,7.0,296.699,8.0
1753591930955,04:52:10.955,huobi,AAVE/USDT:USDT,296.588,7.0,296.574,8.0,296.685,7.0,296.699,8.0
1753591931074,04:52:11.074,huobi,AAVE/USDT:USDT,296.588,7.0,296.554,8.0,296.685,7.0,296.699,8.0
1753591931082,04:52:11.082,huobi,AAVE/USDT:USDT,296.589,8.0,296.588,7.0,296.685,7.0,296.699,8.0
1753591931105,04:52:11.105,huobi,AAVE/USDT:USDT,296.603,7.0,296.589,8.0,296.685,7.0,296.699,8.0
1753591931140,04:52:11.140,huobi,AAVE/USDT:USDT,296.603,7.0,296.588,7.0,296.685,7.0,296.699,8.0
1753591931193,04:52:11.193,huobi,AAVE/USDT:USDT,296.603,7.0,296.588,7.0,296.685,7.0,296.699,8.0
1753591931267,04:52:11.267,huobi,AAVE/USDT:USDT,296.588,7.0,296.555,47.0,296.685,7.0,296.699,8.0
1753591931379,04:52:11.379,huobi,AAVE/USDT:USDT,296.588,7.0,296.555,47.0,296.685,7.0,296.699,8.0
1753591931448,04:52:11.448,huobi,AAVE/USDT:USDT,296.588,7.0,296.555,47.0,296.685,7.0,296.699,8.0
1753591931464,04:52:11.464,huobi,AAVE/USDT:USDT,296.588,7.0,296.555,47.0,296.685,7.0,296.699,8.0
1753591931465,04:52:11.465,huobi,AAVE/USDT:USDT,296.588,7.0,296.555,47.0,296.685,7.0,296.699,8.0
1753591931561,04:52:11.561,huobi,AAVE/USDT:USDT,296.588,7.0,296.555,47.0,296.685,7.0,296.699,8.0
1753591931585,04:52:11.585,huobi,AAVE/USDT:USDT,296.588,7.0,296.555,47.0,296.685,7.0,296.699,8.0
1753591931619,04:52:11.619,huobi,AAVE/USDT:USDT,296.588,7.0,296.555,47.0,296.685,7.0,296.699,8.0
1753591931651,04:52:11.651,huobi,AAVE/USDT:USDT,296.588,7.0,296.555,47.0,296.685,7.0,296.699,8.0
1753591931715,04:52:11.715,huobi,AAVE/USDT:USDT,296.588,7.0,296.555,47.0,296.685,7.0,296.699,8.0
1753591931753,04:52:11.753,huobi,AAVE/USDT:USDT,296.588,7.0,296.555,47.0,296.685,7.0,296.699,8.0
1753591931785,04:52:11.785,huobi,AAVE/USDT:USDT,296.588,7.0,296.555,47.0,296.685,7.0,296.699,8.0
1753591931819,04:52:11.819,huobi,AAVE/USDT:USDT,296.588,7.0,296.555,47.0,296.685,7.0,296.699,8.0
1753591931825,04:52:11.825,huobi,AAVE/USDT:USDT,296.588,7.0,296.555,47.0,296.685,7.0,296.699,8.0
1753591931859,04:52:11.859,huobi,AAVE/USDT:USDT,296.588,7.0,296.555,47.0,296.685,7.0,296.699,8.0
1753591931947,04:52:11.947,huobi,AAVE/USDT:USDT,296.588,7.0,296.555,47.0,296.685,7.0,296.699,8.0
1753591931986,04:52:11.986,huobi,AAVE/USDT:USDT,296.588,7.0,296.555,47.0,296.685,7.0,296.699,8.0
1753591932022,04:52:12.022,huobi,AAVE/USDT:USDT,296.588,7.0,296.555,47.0,296.685,7.0,296.699,8.0
1753591932055,04:52:12.055,huobi,AAVE/USDT:USDT,296.588,7.0,296.555,47.0,296.685,7.0,296.699,8.0
1753591932091,04:52:12.091,huobi,AAVE/USDT:USDT,296.588,7.0,296.555,47.0,296.685,7.0,296.699,8.0
1753591932095,04:52:12.095,huobi,AAVE/USDT:USDT,296.588,7.0,296.555,47.0,296.685,7.0,296.699,8.0
1753591932130,04:52:12.130,huobi,AAVE/USDT:USDT,296.588,7.0,296.555,47.0,296.685,7.0,296.699,8.0
1753591932203,04:52:12.203,huobi,AAVE/USDT:USDT,296.588,7.0,296.555,47.0,296.685,7.0,296.699,8.0
1753591932269,04:52:12.269,huobi,AAVE/USDT:USDT,296.588,7.0,296.555,47.0,296.685,7.0,296.699,8.0
1753591932322,04:52:12.322,huobi,AAVE/USDT:USDT,296.588,7.0,296.555,47.0,296.685,7.0,296.699,8.0
1753591932391,04:52:12.391,huobi,AAVE/USDT:USDT,296.588,7.0,296.555,47.0,296.685,7.0,296.699,8.0
1753591932421,04:52:12.421,huobi,AAVE/USDT:USDT,296.588,7.0,296.555,47.0,296.685,7.0,296.699,8.0
1753591932510,04:52:12.510,huobi,AAVE/USDT:USDT,296.588,7.0,296.555,47.0,296.685,7.0,296.699,8.0
1753591932532,04:52:12.532,huobi,AAVE/USDT:USDT,296.588,7.0,296.555,47.0,296.685,7.0,296.699,8.0
1753591932559,04:52:12.559,huobi,AAVE/USDT:USDT,296.588,7.0,296.555,47.0,296.685,7.0,296.699,8.0
1753591932585,04:52:12.585,huobi,AAVE/USDT:USDT,296.588,7.0,296.54,47.0,296.685,7.0,296.699,8.0
1753591932629,04:52:12.629,huobi,AAVE/USDT:USDT,296.588,7.0,296.54,47.0,296.685,7.0,296.699,8.0
1753591932709,04:52:12.709,huobi,AAVE/USDT:USDT,296.588,7.0,296.54,47.0,296.685,7.0,296.699,8.0
1753591932943,04:52:12.943,huobi,AAVE/USDT:USDT,296.588,7.0,296.54,47.0,296.685,7.0,296.699,8.0
1753591932995,04:52:12.995,huobi,AAVE/USDT:USDT,296.588,7.0,296.54,47.0,296.685,7.0,296.699,8.0
1753591933224,04:52:13.224,huobi,AAVE/USDT:USDT,296.588,7.0,296.54,47.0,296.685,7.0,296.699,8.0
1753591933256,04:52:13.256,huobi,AAVE/USDT:USDT,296.588,7.0,296.54,47.0,296.685,7.0,296.699,8.0
1753591933584,04:52:13.584,huobi,AAVE/USDT:USDT,296.588,7.0,296.54,47.0,296.685,7.0,296.699,8.0
1753591933618,04:52:13.618,huobi,AAVE/USDT:USDT,296.588,7.0,296.54,47.0,296.685,7.0,296.699,8.0
1753591933815,04:52:13.815,huobi,AAVE/USDT:USDT,296.588,7.0,296.54,47.0,296.685,7.0,296.699,8.0
1753591934063,04:52:14.063,huobi,AAVE/USDT:USDT,296.588,7.0,296.54,47.0,296.685,7.0,296.699,8.0
1753591934281,04:52:14.281,huobi,AAVE/USDT:USDT,296.588,7.0,296.54,47.0,296.685,7.0,296.699,8.0
1753591934286,04:52:14.286,huobi,AAVE/USDT:USDT,296.588,7.0,296.54,47.0,296.685,7.0,296.699,8.0
1753591934366,04:52:14.366,huobi,AAVE/USDT:USDT,296.588,7.0,296.54,47.0,296.685,7.0,296.699,8.0
1753591934519,04:52:14.519,huobi,AAVE/USDT:USDT,296.588,7.0,296.54,47.0,296.685,7.0,296.699,8.0
1753591934528,04:52:14.528,huobi,AAVE/USDT:USDT,296.588,7.0,296.54,47.0,296.685,7.0,296.699,8.0
1753591934568,04:52:14.568,huobi,AAVE/USDT:USDT,296.588,7.0,296.54,47.0,296.685,7.0,296.699,8.0
1753591934665,04:52:14.665,huobi,AAVE/USDT:USDT,296.588,7.0,296.54,47.0,296.685,7.0,296.699,8.0
1753591934683,04:52:14.683,huobi,AAVE/USDT:USDT,296.588,7.0,296.54,47.0,296.685,7.0,296.699,8.0
1753591934704,04:52:14.704,huobi,AAVE/USDT:USDT,296.588,7.0,296.54,47.0,296.685,7.0,296.699,8.0
1753591934764,04:52:14.764,huobi,AAVE/USDT:USDT,296.588,7.0,296.54,47.0,296.685,7.0,296.699,8.0
1753591934770,04:52:14.770,huobi,AAVE/USDT:USDT,296.588,7.0,296.54,47.0,296.685,7.0,296.699,8.0
1753591934841,04:52:14.841,huobi,AAVE/USDT:USDT,296.588,7.0,296.54,47.0,296.685,7.0,296.699,8.0
1753591934879,04:52:14.879,huobi,AAVE/USDT:USDT,296.588,7.0,296.54,47.0,296.685,7.0,296.699,8.0
1753591934931,04:52:14.931,huobi,AAVE/USDT:USDT,296.588,7.0,296.54,47.0,296.685,7.0,296.699,8.0
1753591935156,04:52:15.156,huobi,AAVE/USDT:USDT,296.588,7.0,296.54,47.0,296.685,7.0,296.699,8.0
1753591935270,04:52:15.270,huobi,AAVE/USDT:USDT,296.588,7.0,296.54,47.0,296.685,7.0,296.699,8.0
1753591935306,04:52:15.306,huobi,AAVE/USDT:USDT,296.592,8.0,296.588,7.0,296.685,7.0,296.699,8.0
1753591935336,04:52:15.336,huobi,AAVE/USDT:USDT,296.606,7.0,296.592,8.0,296.685,7.0,296.699,8.0
1753591935382,04:52:15.382,huobi,AAVE/USDT:USDT,296.606,7.0,296.592,8.0,296.685,7.0,296.699,8.0
1753591935418,04:52:15.418,huobi,AAVE/USDT:USDT,296.606,7.0,296.592,8.0,296.685,7.0,296.699,8.0
1753591935435,04:52:15.435,huobi,AAVE/USDT:USDT,296.606,7.0,296.592,8.0,296.685,7.0,296.699,8.0
1753591935485,04:52:15.485,huobi,AAVE/USDT:USDT,296.606,7.0,296.592,8.0,296.685,7.0,296.699,8.0
1753591935525,04:52:15.525,huobi,AAVE/USDT:USDT,296.606,7.0,296.592,8.0,296.685,7.0,296.699,8.0
1753591935553,04:52:15.553,huobi,AAVE/USDT:USDT,296.606,7.0,296.592,8.0,296.685,7.0,296.699,8.0
1753591935603,04:52:15.603,huobi,AAVE/USDT:USDT,296.606,7.0,296.592,8.0,296.685,7.0,296.699,8.0
1753591935643,04:52:15.643,huobi,AAVE/USDT:USDT,296.606,7.0,296.592,8.0,296.685,7.0,296.699,8.0
1753591935664,04:52:15.664,huobi,AAVE/USDT:USDT,296.606,7.0,296.592,8.0,296.685,7.0,296.699,8.0
1753591935711,04:52:15.711,huobi,AAVE/USDT:USDT,296.606,7.0,296.592,8.0,296.685,7.0,296.699,8.0
1753591935763,04:52:15.763,huobi,AAVE/USDT:USDT,296.606,7.0,296.592,8.0,296.685,7.0,296.699,8.0
1753591935819,04:52:15.819,huobi,AAVE/USDT:USDT,296.606,7.0,296.592,8.0,296.685,7.0,296.699,8.0
1753591935989,04:52:15.989,huobi,AAVE/USDT:USDT,296.606,7.0,296.592,8.0,296.685,7.0,296.699,8.0
1753591936106,04:52:16.106,huobi,AAVE/USDT:USDT,296.606,7.0,296.592,8.0,296.685,7.0,296.699,8.0
1753591936109,04:52:16.109,huobi,AAVE/USDT:USDT,296.606,7.0,296.592,8.0,296.685,7.0,296.699,8.0
1753591936153,04:52:16.153,huobi,AAVE/USDT:USDT,296.606,7.0,296.592,8.0,296.685,7.0,296.699,8.0
1753591936209,04:52:16.209,huobi,AAVE/USDT:USDT,296.606,7.0,296.592,8.0,296.685,7.0,296.699,8.0
1753591936692,04:52:16.692,huobi,AAVE/USDT:USDT,296.606,7.0,296.592,8.0,296.685,7.0,296.699,8.0
1753591936740,04:52:16.740,huobi,AAVE/USDT:USDT,296.606,7.0,296.592,8.0,296.685,7.0,296.699,8.0
1753591936979,04:52:16.979,huobi,AAVE/USDT:USDT,296.606,7.0,296.592,8.0,296.685,7.0,296.699,8.0
1753591937008,04:52:17.008,huobi,AAVE/USDT:USDT,296.606,7.0,296.592,8.0,296.685,7.0,296.699,8.0
1753591937021,04:52:17.021,huobi,AAVE/USDT:USDT,296.606,7.0,296.592,8.0,296.685,7.0,296.699,8.0
1753591937115,04:52:17.115,huobi,AAVE/USDT:USDT,296.606,7.0,296.592,8.0,296.685,7.0,296.699,8.0
1753591939208,04:52:19.208,huobi,AAVE/USDT:USDT,296.606,7.0,296.592,8.0,296.685,7.0,296.699,8.0
1753591939750,04:52:19.750,huobi,AAVE/USDT:USDT,296.606,7.0,296.588,7.0,296.685,7.0,296.699,8.0
1753591941419,04:52:21.419,huobi,AAVE/USDT:USDT,296.588,7.0,296.54,47.0,296.685,7.0,296.699,8.0
1753591941592,04:52:21.592,huobi,AAVE/USDT:USDT,296.588,7.0,296.54,47.0,296.685,7.0,296.699,8.0
1753591941643,04:52:21.643,huobi,AAVE/USDT:USDT,296.588,7.0,296.54,47.0,296.685,7.0,296.699,8.0
1753591941674,04:52:21.674,huobi,AAVE/USDT:USDT,296.588,7.0,296.54,47.0,296.685,7.0,296.699,8.0
1753591941751,04:52:21.751,huobi,AAVE/USDT:USDT,296.588,7.0,296.54,47.0,296.685,7.0,296.699,8.0
1753591942757,04:52:22.757,huobi,AAVE/USDT:USDT,296.588,7.0,296.54,47.0,296.685,7.0,296.699,8.0
1753591942781,04:52:22.781,huobi,AAVE/USDT:USDT,296.604,8.0,296.59,8.0,296.685,7.0,296.699,8.0
1753591942878,04:52:22.878,huobi,AAVE/USDT:USDT,296.604,8.0,296.59,8.0,296.685,7.0,296.699,8.0
1753591942915,04:52:22.915,huobi,AAVE/USDT:USDT,296.604,8.0,296.59,8.0,296.7,8.0,296.715,66.0
1753591943077,04:52:23.077,huobi,AAVE/USDT:USDT,296.604,8.0,296.59,8.0,296.7,8.0,296.715,66.0
1753591943104,04:52:23.104,huobi,AAVE/USDT:USDT,296.604,8.0,296.59,8.0,296.7,8.0,296.715,66.0
1753591943168,04:52:23.168,huobi,AAVE/USDT:USDT,296.604,8.0,296.59,8.0,296.7,8.0,296.715,66.0
1753591943199,04:52:23.199,huobi,AAVE/USDT:USDT,296.619,8.0,296.605,8.0,296.7,8.0,296.715,25.0
1753591943229,04:52:23.229,huobi,AAVE/USDT:USDT,296.62,8.0,296.619,8.0,296.7,8.0,296.715,25.0
1753591943258,04:52:23.258,huobi,AAVE/USDT:USDT,296.634,8.0,296.62,8.0,296.7,8.0,296.715,25.0
1753591943292,04:52:23.292,huobi,AAVE/USDT:USDT,296.634,8.0,296.62,8.0,296.7,8.0,296.715,25.0
1753591943315,04:52:23.315,huobi,AAVE/USDT:USDT,296.634,8.0,296.62,8.0,296.7,8.0,296.715,25.0
1753591943359,04:52:23.359,huobi,AAVE/USDT:USDT,296.634,8.0,296.62,8.0,296.7,8.0,296.715,25.0
1753591943378,04:52:23.378,huobi,AAVE/USDT:USDT,296.634,8.0,296.62,8.0,296.7,8.0,296.715,25.0
1753591943404,04:52:23.404,huobi,AAVE/USDT:USDT,296.635,8.0,296.634,8.0,296.7,8.0,296.723,7.0
1753591943439,04:52:23.439,huobi,AAVE/USDT:USDT,296.649,8.0,296.635,8.0,296.738,8.0,296.765,41.0
1753591943475,04:52:23.475,huobi,AAVE/USDT:USDT,296.649,8.0,296.635,8.0,296.738,8.0,296.765,41.0
1753591943495,04:52:23.495,huobi,AAVE/USDT:USDT,296.649,8.0,296.635,8.0,296.738,8.0,296.765,41.0
1753591943561,04:52:23.561,huobi,AAVE/USDT:USDT,296.649,8.0,296.635,8.0,296.738,8.0,296.765,41.0
1753591943617,04:52:23.617,huobi,AAVE/USDT:USDT,296.649,8.0,296.635,8.0,296.738,8.0,296.765,41.0
1753591943690,04:52:23.690,huobi,AAVE/USDT:USDT,296.649,8.0,296.635,8.0,296.738,8.0,296.765,41.0
1753591943772,04:52:23.772,huobi,AAVE/USDT:USDT,296.649,8.0,296.635,8.0,296.738,8.0,296.765,41.0
1753591943832,04:52:23.832,huobi,AAVE/USDT:USDT,296.649,8.0,296.635,8.0,296.738,8.0,296.765,41.0
1753591943893,04:52:23.893,huobi,AAVE/USDT:USDT,296.649,8.0,296.635,8.0,296.738,8.0,296.765,41.0
1753591943923,04:52:23.923,huobi,AAVE/USDT:USDT,296.649,8.0,296.635,8.0,296.738,8.0,296.765,41.0
1753591944038,04:52:24.038,huobi,AAVE/USDT:USDT,296.649,8.0,296.64,25.0,296.738,8.0,296.765,41.0
1753591944089,04:52:24.089,huobi,AAVE/USDT:USDT,296.663,8.0,296.649,8.0,296.738,8.0,296.765,41.0
1753591944103,04:52:24.103,huobi,AAVE/USDT:USDT,296.663,8.0,296.649,8.0,296.738,8.0,296.765,41.0
1753591944147,04:52:24.147,huobi,AAVE/USDT:USDT,296.663,8.0,296.648,8.0,296.738,8.0,296.765,41.0
1753591944162,04:52:24.162,huobi,AAVE/USDT:USDT,296.663,8.0,296.648,8.0,296.738,8.0,296.765,41.0
1753591944220,04:52:24.220,huobi,AAVE/USDT:USDT,296.648,8.0,296.64,25.0,296.738,8.0,296.765,41.0
1753591944252,04:52:24.252,huobi,AAVE/USDT:USDT,296.648,8.0,296.64,25.0,296.738,8.0,296.765,41.0
1753591944281,04:52:24.281,huobi,AAVE/USDT:USDT,296.648,8.0,296.64,25.0,296.738,8.0,296.765,41.0
1753591944306,04:52:24.306,huobi,AAVE/USDT:USDT,296.664,8.0,296.65,8.0,296.738,8.0,296.765,41.0
1753591944369,04:52:24.369,huobi,AAVE/USDT:USDT,296.664,8.0,296.65,8.0,296.738,8.0,296.765,41.0
1753591944408,04:52:24.408,huobi,AAVE/USDT:USDT,296.664,8.0,296.65,8.0,296.738,8.0,296.765,41.0
1753591944550,04:52:24.550,huobi,AAVE/USDT:USDT,296.664,8.0,296.65,8.0,296.738,8.0,296.765,41.0
1753591944588,04:52:24.588,huobi,AAVE/USDT:USDT,296.664,8.0,296.65,8.0,296.738,8.0,296.765,41.0
1753591944625,04:52:24.625,huobi,AAVE/USDT:USDT,296.664,8.0,296.65,8.0,296.738,8.0,296.765,41.0
1753591944650,04:52:24.650,huobi,AAVE/USDT:USDT,296.664,8.0,296.65,8.0,296.738,8.0,296.765,41.0
1753591944665,04:52:24.665,huobi,AAVE/USDT:USDT,296.664,8.0,296.65,8.0,296.738,8.0,296.765,41.0
1753591944713,04:52:24.713,huobi,AAVE/USDT:USDT,296.664,8.0,296.65,8.0,296.738,8.0,296.765,41.0
1753591944756,04:52:24.756,huobi,AAVE/USDT:USDT,296.664,8.0,296.65,8.0,296.738,8.0,296.765,41.0
1753591945113,04:52:25.113,huobi,AAVE/USDT:USDT,296.664,8.0,296.65,8.0,296.738,8.0,296.765,41.0
1753591945213,04:52:25.213,huobi,AAVE/USDT:USDT,296.664,8.0,296.65,8.0,296.738,8.0,296.765,41.0
1753591945237,04:52:25.237,huobi,AAVE/USDT:USDT,296.664,8.0,296.65,8.0,296.738,8.0,296.765,41.0
1753591945279,04:52:25.279,huobi,AAVE/USDT:USDT,296.664,8.0,296.65,8.0,296.738,8.0,296.765,41.0
1753591945299,04:52:25.299,huobi,AAVE/USDT:USDT,296.664,8.0,296.65,8.0,296.738,8.0,296.765,41.0
1753591945327,04:52:25.327,huobi,AAVE/USDT:USDT,296.664,8.0,296.65,8.0,296.738,8.0,296.765,41.0
1753591945354,04:52:25.354,huobi,AAVE/USDT:USDT,296.664,8.0,296.65,8.0,296.738,8.0,296.765,41.0
1753591945423,04:52:25.423,huobi,AAVE/USDT:USDT,296.664,8.0,296.65,8.0,296.738,8.0,296.765,41.0
1753591945454,04:52:25.454,huobi,AAVE/USDT:USDT,296.664,8.0,296.65,8.0,296.738,8.0,296.765,41.0
1753591945480,04:52:25.480,huobi,AAVE/USDT:USDT,296.664,8.0,296.65,8.0,296.738,8.0,296.765,41.0
1753591945661,04:52:25.661,huobi,AAVE/USDT:USDT,296.664,8.0,296.65,8.0,296.738,8.0,296.765,41.0
1753591945780,04:52:25.780,huobi,AAVE/USDT:USDT,296.664,8.0,296.65,8.0,296.738,8.0,296.765,41.0
1753591945808,04:52:25.808,huobi,AAVE/USDT:USDT,296.664,8.0,296.65,8.0,296.738,8.0,296.765,41.0
1753591945836,04:52:25.836,huobi,AAVE/USDT:USDT,296.664,8.0,296.65,8.0,296.738,8.0,296.765,41.0
1753591945949,04:52:25.949,huobi,AAVE/USDT:USDT,296.664,8.0,296.65,8.0,296.738,8.0,296.765,41.0
1753591945967,04:52:25.967,huobi,AAVE/USDT:USDT,296.664,8.0,296.65,8.0,296.738,8.0,296.765,41.0
1753591946010,04:52:26.010,huobi,AAVE/USDT:USDT,296.664,8.0,296.65,8.0,296.738,8.0,296.765,41.0
1753591946013,04:52:26.013,huobi,AAVE/USDT:USDT,296.664,8.0,296.65,8.0,296.738,8.0,296.765,41.0
1753591946056,04:52:26.056,huobi,AAVE/USDT:USDT,296.664,8.0,296.65,8.0,296.738,8.0,296.765,41.0
1753591946081,04:52:26.081,huobi,AAVE/USDT:USDT,296.664,8.0,296.65,8.0,296.738,8.0,296.765,41.0
1753591946107,04:52:26.107,huobi,AAVE/USDT:USDT,296.664,8.0,296.65,8.0,296.738,8.0,296.765,41.0
1753591946186,04:52:26.186,huobi,AAVE/USDT:USDT,296.664,8.0,296.65,8.0,296.738,8.0,296.765,41.0
1753591946202,04:52:26.202,huobi,AAVE/USDT:USDT,296.664,8.0,296.65,8.0,296.738,8.0,296.765,41.0
1753591946223,04:52:26.223,huobi,AAVE/USDT:USDT,296.664,8.0,296.65,8.0,296.738,8.0,296.765,41.0
1753591946300,04:52:26.300,huobi,AAVE/USDT:USDT,296.664,8.0,296.65,8.0,296.738,8.0,296.765,41.0
1753591946326,04:52:26.326,huobi,AAVE/USDT:USDT,296.664,8.0,296.65,8.0,296.738,8.0,296.765,41.0
1753591946343,04:52:26.343,huobi,AAVE/USDT:USDT,296.664,8.0,296.65,8.0,296.738,8.0,296.765,41.0
1753591946452,04:52:26.452,huobi,AAVE/USDT:USDT,296.664,8.0,296.65,8.0,296.738,8.0,296.765,41.0
1753591946505,04:52:26.505,huobi,AAVE/USDT:USDT,296.664,8.0,296.65,8.0,296.738,8.0,296.765,41.0
1753591946525,04:52:26.525,huobi,AAVE/USDT:USDT,296.664,8.0,296.65,8.0,296.738,8.0,296.765,41.0
1753591946556,04:52:26.556,huobi,AAVE/USDT:USDT,296.664,8.0,296.65,8.0,296.738,8.0,296.765,41.0
1753591946606,04:52:26.606,huobi,AAVE/USDT:USDT,296.664,8.0,296.65,8.0,296.738,8.0,296.765,41.0
1753591946615,04:52:26.615,huobi,AAVE/USDT:USDT,296.664,8.0,296.65,8.0,296.738,8.0,296.765,41.0
1753591946657,04:52:26.657,huobi,AAVE/USDT:USDT,296.664,8.0,296.65,8.0,296.738,8.0,296.765,41.0
1753591946702,04:52:26.702,huobi,AAVE/USDT:USDT,296.664,8.0,296.65,8.0,296.738,8.0,296.765,41.0
1753591946706,04:52:26.706,huobi,AAVE/USDT:USDT,296.664,8.0,296.65,8.0,296.738,8.0,296.765,41.0
1753591946759,04:52:26.759,huobi,AAVE/USDT:USDT,296.664,8.0,296.65,8.0,296.738,8.0,296.765,41.0
1753591946763,04:52:26.763,huobi,AAVE/USDT:USDT,296.664,8.0,296.65,8.0,296.738,8.0,296.765,41.0
1753591946887,04:52:26.887,huobi,AAVE/USDT:USDT,296.664,8.0,296.65,8.0,296.738,8.0,296.765,41.0
1753591946916,04:52:26.916,huobi,AAVE/USDT:USDT,296.664,8.0,296.65,8.0,296.738,8.0,296.765,41.0
1753591946955,04:52:26.955,huobi,AAVE/USDT:USDT,296.664,8.0,296.65,8.0,296.738,8.0,296.765,41.0
1753591947031,04:52:27.031,huobi,AAVE/USDT:USDT,296.664,8.0,296.65,8.0,296.738,8.0,296.765,41.0
1753591947039,04:52:27.039,huobi,AAVE/USDT:USDT,296.664,8.0,296.65,8.0,296.738,8.0,296.765,41.0
1753591947160,04:52:27.160,huobi,AAVE/USDT:USDT,296.664,8.0,296.65,8.0,296.738,8.0,296.765,41.0
1753591947189,04:52:27.189,huobi,AAVE/USDT:USDT,296.664,8.0,296.65,8.0,296.738,8.0,296.765,41.0
1753591947235,04:52:27.235,huobi,AAVE/USDT:USDT,296.664,8.0,296.65,8.0,296.738,8.0,296.765,41.0
1753591947245,04:52:27.245,huobi,AAVE/USDT:USDT,296.664,8.0,296.65,8.0,296.738,8.0,296.765,41.0
1753591947281,04:52:27.281,huobi,AAVE/USDT:USDT,296.664,8.0,296.65,8.0,296.738,8.0,296.765,41.0
1753591947307,04:52:27.307,huobi,AAVE/USDT:USDT,296.664,8.0,296.65,8.0,296.738,8.0,296.765,41.0
1753591947341,04:52:27.341,huobi,AAVE/USDT:USDT,296.664,8.0,296.65,8.0,296.738,8.0,296.765,41.0
1753591947542,04:52:27.542,huobi,AAVE/USDT:USDT,296.664,8.0,296.65,8.0,296.738,8.0,296.765,41.0
1753591947546,04:52:27.546,huobi,AAVE/USDT:USDT,296.664,8.0,296.65,8.0,296.738,8.0,296.765,41.0
1753591947670,04:52:27.670,huobi,AAVE/USDT:USDT,296.664,8.0,296.65,8.0,296.738,8.0,296.765,41.0
1753591947695,04:52:27.695,huobi,AAVE/USDT:USDT,296.664,8.0,296.65,8.0,296.738,8.0,296.765,41.0
1753591947738,04:52:27.738,huobi,AAVE/USDT:USDT,296.664,8.0,296.65,8.0,296.738,8.0,296.765,41.0
1753591947828,04:52:27.828,huobi,AAVE/USDT:USDT,296.664,8.0,296.65,8.0,296.738,8.0,296.765,41.0
1753591947875,04:52:27.875,huobi,AAVE/USDT:USDT,296.664,8.0,296.65,8.0,296.738,8.0,296.765,41.0
1753591947929,04:52:27.929,huobi,AAVE/USDT:USDT,296.664,8.0,296.65,8.0,296.738,8.0,296.765,41.0
1753591947963,04:52:27.963,huobi,AAVE/USDT:USDT,296.664,8.0,296.65,8.0,296.738,8.0,296.765,41.0
1753591948015,04:52:28.015,huobi,AAVE/USDT:USDT,296.664,8.0,296.65,8.0,296.738,8.0,296.765,41.0
1753591948029,04:52:28.029,huobi,AAVE/USDT:USDT,296.664,8.0,296.65,8.0,296.738,8.0,296.765,41.0
1753591948076,04:52:28.076,huobi,AAVE/USDT:USDT,296.664,8.0,296.65,8.0,296.738,8.0,296.765,41.0
1753591948089,04:52:28.089,huobi,AAVE/USDT:USDT,296.664,8.0,296.65,8.0,296.738,8.0,296.765,41.0
1753591948150,04:52:28.150,huobi,AAVE/USDT:USDT,296.664,8.0,296.65,8.0,296.738,8.0,296.765,41.0
1753591948219,04:52:28.219,huobi,AAVE/USDT:USDT,296.664,8.0,296.65,8.0,296.738,8.0,296.765,41.0
1753591948265,04:52:28.265,huobi,AAVE/USDT:USDT,296.664,8.0,296.648,8.0,296.738,8.0,296.765,41.0
1753591948298,04:52:28.298,huobi,AAVE/USDT:USDT,296.648,8.0,296.64,25.0,296.738,16.0,296.765,41.0
1753591948328,04:52:28.328,huobi,AAVE/USDT:USDT,296.648,8.0,296.64,25.0,296.724,7.0,296.738,8.0
1753591948357,04:52:28.357,huobi,AAVE/USDT:USDT,296.648,8.0,296.64,25.0,296.724,7.0,296.739,7.0
1753591948392,04:52:28.392,huobi,AAVE/USDT:USDT,296.648,8.0,296.64,25.0,296.724,7.0,296.739,7.0
1753591948433,04:52:28.433,huobi,AAVE/USDT:USDT,296.648,8.0,296.64,25.0,296.724,7.0,296.739,7.0
1753591948473,04:52:28.473,huobi,AAVE/USDT:USDT,296.648,8.0,296.64,25.0,296.739,7.0,296.798,8.0
1753591948478,04:52:28.478,huobi,AAVE/USDT:USDT,296.648,8.0,296.64,25.0,296.739,7.0,296.798,8.0
1753591948516,04:52:28.516,huobi,AAVE/USDT:USDT,296.648,8.0,296.64,25.0,296.789,8.0,296.798,8.0
1753591948535,04:52:28.535,huobi,AAVE/USDT:USDT,296.648,8.0,296.64,25.0,296.775,7.0,296.789,8.0
1753591948564,04:52:28.564,huobi,AAVE/USDT:USDT,296.648,8.0,296.64,25.0,296.752,7.0,296.766,8.0
1753591948620,04:52:28.620,huobi,AAVE/USDT:USDT,296.648,8.0,296.64,25.0,296.734,7.0,296.748,8.0
1753591948633,04:52:28.633,huobi,AAVE/USDT:USDT,296.648,8.0,296.64,25.0,296.734,7.0,296.748,8.0
1753591948656,04:52:28.656,huobi,AAVE/USDT:USDT,296.648,8.0,296.64,25.0,296.734,7.0,296.748,8.0
1753591948700,04:52:28.700,huobi,AAVE/USDT:USDT,296.648,8.0,296.64,25.0,296.734,7.0,296.748,8.0
1753591948715,04:52:28.715,huobi,AAVE/USDT:USDT,296.648,8.0,296.64,25.0,296.734,7.0,296.748,8.0
1753591948749,04:52:28.749,huobi,AAVE/USDT:USDT,296.648,8.0,296.64,25.0,296.694,1.0,296.734,7.0
1753591948781,04:52:28.781,huobi,AAVE/USDT:USDT,296.648,8.0,296.64,25.0,296.734,7.0,296.748,8.0
1753591948803,04:52:28.803,huobi,AAVE/USDT:USDT,296.648,8.0,296.64,25.0,296.734,7.0,296.748,8.0
1753591948839,04:52:28.839,huobi,AAVE/USDT:USDT,296.648,8.0,296.64,25.0,296.734,7.0,296.748,8.0
1753591948864,04:52:28.864,huobi,AAVE/USDT:USDT,296.648,8.0,296.64,25.0,296.734,7.0,296.748,8.0
1753591948905,04:52:28.905,huobi,AAVE/USDT:USDT,296.648,8.0,296.64,25.0,296.734,7.0,296.748,8.0
1753591948986,04:52:28.986,huobi,AAVE/USDT:USDT,296.648,8.0,296.64,25.0,296.734,7.0,296.748,8.0
1753591949035,04:52:29.035,huobi,AAVE/USDT:USDT,296.648,8.0,296.64,25.0,296.734,7.0,296.748,8.0
1753591949161,04:52:29.161,huobi,AAVE/USDT:USDT,296.648,8.0,296.64,25.0,296.734,7.0,296.748,8.0
1753591949175,04:52:29.175,huobi,AAVE/USDT:USDT,296.648,8.0,296.64,25.0,296.734,7.0,296.748,8.0
1753591949200,04:52:29.200,huobi,AAVE/USDT:USDT,296.648,8.0,296.64,25.0,296.734,7.0,296.748,8.0
1753591949242,04:52:29.242,huobi,AAVE/USDT:USDT,296.648,8.0,296.64,25.0,296.734,7.0,296.748,8.0
1753591949259,04:52:29.259,huobi,AAVE/USDT:USDT,296.648,8.0,296.64,25.0,296.734,7.0,296.748,8.0
1753591949285,04:52:29.285,huobi,AAVE/USDT:USDT,296.648,8.0,296.64,25.0,296.734,7.0,296.748,8.0
1753591949327,04:52:29.327,huobi,AAVE/USDT:USDT,296.648,8.0,296.64,25.0,296.734,7.0,296.748,8.0
1753591949353,04:52:29.353,huobi,AAVE/USDT:USDT,296.648,8.0,296.64,25.0,296.734,7.0,296.748,8.0
1753591949392,04:52:29.392,huobi,AAVE/USDT:USDT,296.648,8.0,296.64,25.0,296.719,7.0,296.733,8.0
1753591949406,04:52:29.406,huobi,AAVE/USDT:USDT,296.648,8.0,296.64,25.0,296.719,7.0,296.733,8.0
1753591949441,04:52:29.441,huobi,AAVE/USDT:USDT,296.648,8.0,296.64,25.0,296.719,7.0,296.733,8.0
1753591949495,04:52:29.495,huobi,AAVE/USDT:USDT,296.648,8.0,296.64,25.0,296.719,7.0,296.733,8.0
1753591949535,04:52:29.535,huobi,AAVE/USDT:USDT,296.648,8.0,296.64,25.0,296.719,7.0,296.733,8.0
1753591949557,04:52:29.557,huobi,AAVE/USDT:USDT,296.648,8.0,296.64,25.0,296.719,7.0,296.733,8.0
1753591949603,04:52:29.603,huobi,AAVE/USDT:USDT,296.648,8.0,296.64,25.0,296.719,7.0,296.734,7.0
1753591949617,04:52:29.617,huobi,AAVE/USDT:USDT,296.648,8.0,296.64,25.0,296.719,7.0,296.734,7.0
1753591949657,04:52:29.657,huobi,AAVE/USDT:USDT,296.648,8.0,296.64,25.0,296.752,7.0,296.775,7.0
1753591949678,04:52:29.678,huobi,AAVE/USDT:USDT,296.648,8.0,296.64,25.0,296.735,7.0,296.749,8.0
1753591949707,04:52:29.707,huobi,AAVE/USDT:USDT,296.648,8.0,296.64,25.0,296.735,7.0,296.775,7.0
1753591949752,04:52:29.752,huobi,AAVE/USDT:USDT,296.648,8.0,296.64,25.0,296.735,7.0,296.775,7.0
1753591949768,04:52:29.768,huobi,AAVE/USDT:USDT,296.648,8.0,296.64,25.0,296.735,7.0,296.775,7.0
1753591949844,04:52:29.844,huobi,AAVE/USDT:USDT,296.648,8.0,296.64,25.0,296.775,7.0,296.794,57.0
1753591949860,04:52:29.860,huobi,AAVE/USDT:USDT,296.648,8.0,296.64,25.0,296.766,8.0,296.775,7.0
1753591949890,04:52:29.890,huobi,AAVE/USDT:USDT,296.648,8.0,296.64,25.0,296.752,7.0,296.775,7.0
1753591949916,04:52:29.916,huobi,AAVE/USDT:USDT,296.648,8.0,296.64,25.0,296.733,7.0,296.747,8.0
1753591949953,04:52:29.953,huobi,AAVE/USDT:USDT,296.648,8.0,296.64,25.0,296.733,7.0,296.747,8.0
1753591949990,04:52:29.990,huobi,AAVE/USDT:USDT,296.648,8.0,296.64,25.0,296.733,7.0,296.747,8.0
1753591950074,04:52:30.074,huobi,AAVE/USDT:USDT,296.648,8.0,296.64,25.0,296.733,7.0,296.747,8.0
1753591950099,04:52:30.099,huobi,AAVE/USDT:USDT,296.648,8.0,296.64,25.0,296.733,7.0,296.747,8.0
1753591950203,04:52:30.203,huobi,AAVE/USDT:USDT,296.648,8.0,296.64,25.0,296.733,7.0,296.747,8.0
1753591950234,04:52:30.234,huobi,AAVE/USDT:USDT,296.648,8.0,296.64,25.0,296.733,7.0,296.747,8.0
1753591950265,04:52:30.265,huobi,AAVE/USDT:USDT,296.648,8.0,296.64,25.0,296.733,7.0,296.747,8.0
1753591950287,04:52:30.287,huobi,AAVE/USDT:USDT,296.648,8.0,296.64,25.0,296.733,7.0,296.747,8.0
1753591950339,04:52:30.339,huobi,AAVE/USDT:USDT,296.648,8.0,296.64,25.0,296.733,7.0,296.747,8.0
1753591950377,04:52:30.377,huobi,AAVE/USDT:USDT,296.648,8.0,296.64,25.0,296.733,7.0,296.747,8.0
1753591950403,04:52:30.403,huobi,AAVE/USDT:USDT,296.648,8.0,296.64,25.0,296.733,7.0,296.747,8.0
1753591950425,04:52:30.425,huobi,AAVE/USDT:USDT,296.648,8.0,296.64,25.0,296.733,7.0,296.747,8.0
1753591950484,04:52:30.484,huobi,AAVE/USDT:USDT,296.648,8.0,296.64,25.0,296.733,7.0,296.747,8.0
1753591950515,04:52:30.515,huobi,AAVE/USDT:USDT,296.648,8.0,296.64,25.0,296.733,7.0,296.747,8.0
1753591950640,04:52:30.640,huobi,AAVE/USDT:USDT,296.648,8.0,296.64,25.0,296.733,7.0,296.747,8.0
1753591950673,04:52:30.673,huobi,AAVE/USDT:USDT,296.648,8.0,296.64,25.0,296.733,7.0,296.747,8.0
1753591950729,04:52:30.729,huobi,AAVE/USDT:USDT,296.648,8.0,296.64,25.0,296.733,7.0,296.747,8.0
1753591950821,04:52:30.821,huobi,AAVE/USDT:USDT,296.648,8.0,296.64,25.0,296.733,7.0,296.747,8.0
1753591950849,04:52:30.849,huobi,AAVE/USDT:USDT,296.648,8.0,296.64,25.0,296.733,7.0,296.747,8.0
1753591950876,04:52:30.876,huobi,AAVE/USDT:USDT,296.648,8.0,296.64,25.0,296.733,7.0,296.747,8.0
1753591950921,04:52:30.921,huobi,AAVE/USDT:USDT,296.648,8.0,296.64,25.0,296.733,7.0,296.747,8.0
1753591950935,04:52:30.935,huobi,AAVE/USDT:USDT,296.648,8.0,296.64,25.0,296.733,7.0,296.747,8.0
1753591950992,04:52:30.992,huobi,AAVE/USDT:USDT,296.648,8.0,296.64,25.0,296.733,7.0,296.747,8.0
1753591950995,04:52:30.995,huobi,AAVE/USDT:USDT,296.648,8.0,296.64,25.0,296.733,7.0,296.747,8.0
1753591951065,04:52:31.065,huobi,AAVE/USDT:USDT,296.648,8.0,296.64,25.0,296.733,7.0,296.747,8.0
1753591951092,04:52:31.092,huobi,AAVE/USDT:USDT,296.648,8.0,296.64,25.0,296.733,7.0,296.747,8.0
1753591951135,04:52:31.135,huobi,AAVE/USDT:USDT,296.648,8.0,296.64,25.0,296.748,7.0,296.775,7.0
1753591951150,04:52:31.150,huobi,AAVE/USDT:USDT,296.648,8.0,296.64,25.0,296.775,7.0,296.794,57.0
1753591951179,04:52:31.179,huobi,AAVE/USDT:USDT,296.648,8.0,296.64,25.0,296.766,8.0,296.775,7.0
1753591951208,04:52:31.208,huobi,AAVE/USDT:USDT,296.648,8.0,296.64,25.0,296.745,8.0,296.752,7.0
1753591951236,04:52:31.236,huobi,AAVE/USDT:USDT,296.648,8.0,296.64,25.0,296.731,7.0,296.745,8.0
1753591951280,04:52:31.280,huobi,AAVE/USDT:USDT,296.648,8.0,296.64,25.0,296.731,7.0,296.745,8.0
1753591951302,04:52:31.302,huobi,AAVE/USDT:USDT,296.648,8.0,296.64,25.0,296.731,7.0,296.745,8.0
1753591951352,04:52:31.352,huobi,AAVE/USDT:USDT,296.648,8.0,296.64,25.0,296.731,7.0,296.745,8.0
1753591951362,04:52:31.362,huobi,AAVE/USDT:USDT,296.648,8.0,296.64,25.0,296.731,7.0,296.745,8.0
1753591951392,04:52:31.392,huobi,AAVE/USDT:USDT,296.648,8.0,296.64,25.0,296.731,7.0,296.745,8.0
1753591951414,04:52:31.414,huobi,AAVE/USDT:USDT,296.648,8.0,296.64,25.0,296.731,7.0,296.745,8.0
1753591951495,04:52:31.495,huobi,AAVE/USDT:USDT,296.648,8.0,296.64,25.0,296.731,7.0,296.745,8.0
1753591951530,04:52:31.530,huobi,AAVE/USDT:USDT,296.648,8.0,296.64,25.0,296.731,7.0,296.745,8.0
1753591951541,04:52:31.541,huobi,AAVE/USDT:USDT,296.648,8.0,296.64,25.0,296.731,7.0,296.745,8.0
1753591951571,04:52:31.571,huobi,AAVE/USDT:USDT,296.648,8.0,296.64,25.0,296.731,7.0,296.745,8.0
1753591951598,04:52:31.598,huobi,AAVE/USDT:USDT,296.648,8.0,296.64,25.0,296.731,7.0,296.745,8.0
1753591951623,04:52:31.623,huobi,AAVE/USDT:USDT,296.648,8.0,296.64,25.0,296.731,7.0,296.745,8.0
1753591951660,04:52:31.660,huobi,AAVE/USDT:USDT,296.648,8.0,296.64,25.0,296.731,7.0,296.745,8.0
1753591951691,04:52:31.691,huobi,AAVE/USDT:USDT,296.648,8.0,296.64,25.0,296.731,7.0,296.745,8.0
1753591951716,04:52:31.716,huobi,AAVE/USDT:USDT,296.648,8.0,296.64,25.0,296.731,7.0,296.745,8.0
1753591951749,04:52:31.749,huobi,AAVE/USDT:USDT,296.648,8.0,296.64,25.0,296.731,7.0,296.745,8.0
1753591951881,04:52:31.881,huobi,AAVE/USDT:USDT,296.648,8.0,296.64,25.0,296.731,7.0,296.745,8.0
1753591951898,04:52:31.898,huobi,AAVE/USDT:USDT,296.648,8.0,296.64,25.0,296.731,7.0,296.745,8.0
1753591951936,04:52:31.936,huobi,AAVE/USDT:USDT,296.648,8.0,296.64,25.0,296.731,7.0,296.745,8.0
1753591951972,04:52:31.972,huobi,AAVE/USDT:USDT,296.648,8.0,296.64,25.0,296.731,7.0,296.745,8.0
1753591951985,04:52:31.985,huobi,AAVE/USDT:USDT,296.648,8.0,296.64,25.0,296.731,7.0,296.745,8.0
1753591952015,04:52:32.015,huobi,AAVE/USDT:USDT,296.648,8.0,296.64,25.0,296.731,7.0,296.745,8.0
1753591952046,04:52:32.046,huobi,AAVE/USDT:USDT,296.648,8.0,296.64,25.0,296.731,7.0,296.752,7.0
1753591952073,04:52:32.073,huobi,AAVE/USDT:USDT,296.648,8.0,296.64,25.0,296.775,7.0,296.794,57.0
1753591952105,04:52:32.105,huobi,AAVE/USDT:USDT,296.648,8.0,296.64,25.0,296.752,7.0,296.766,8.0
1753591952142,04:52:32.142,huobi,AAVE/USDT:USDT,296.648,8.0,296.64,25.0,296.752,7.0,296.766,8.0
1753591952256,04:52:32.256,huobi,AAVE/USDT:USDT,296.648,8.0,296.64,25.0,296.752,7.0,296.766,8.0
1753591952285,04:52:32.285,huobi,AAVE/USDT:USDT,296.648,8.0,296.64,25.0,296.734,7.0,296.748,8.0
1753591952326,04:52:32.326,huobi,AAVE/USDT:USDT,296.648,8.0,296.64,25.0,296.734,7.0,296.748,8.0
1753591952364,04:52:32.364,huobi,AAVE/USDT:USDT,296.648,8.0,296.64,25.0,296.734,7.0,296.748,8.0
1753591952378,04:52:32.378,huobi,AAVE/USDT:USDT,296.648,8.0,296.64,25.0,296.734,7.0,296.748,8.0
1753591952410,04:52:32.410,huobi,AAVE/USDT:USDT,296.648,8.0,296.64,25.0,296.734,7.0,296.748,8.0
1753591952617,04:52:32.617,huobi,AAVE/USDT:USDT,296.648,8.0,296.64,25.0,296.734,7.0,296.748,8.0
1753591952691,04:52:32.691,huobi,AAVE/USDT:USDT,296.648,8.0,296.64,25.0,296.734,7.0,296.748,8.0
1753591952709,04:52:32.709,huobi,AAVE/USDT:USDT,296.648,8.0,296.64,25.0,296.734,7.0,296.748,8.0
1753591952739,04:52:32.739,huobi,AAVE/USDT:USDT,296.648,8.0,296.64,25.0,296.734,7.0,296.748,8.0
1753591952770,04:52:32.770,huobi,AAVE/USDT:USDT,296.648,8.0,296.64,25.0,296.734,7.0,296.748,8.0
1753591952820,04:52:32.820,huobi,AAVE/USDT:USDT,296.648,8.0,296.64,25.0,296.734,7.0,296.748,8.0
1753591952824,04:52:32.824,huobi,AAVE/USDT:USDT,296.648,8.0,296.64,25.0,296.734,7.0,296.748,8.0
1753591952880,04:52:32.880,huobi,AAVE/USDT:USDT,296.648,8.0,296.64,25.0,296.734,7.0,296.748,8.0
1753591952887,04:52:32.887,huobi,AAVE/USDT:USDT,296.648,8.0,296.64,25.0,296.734,7.0,296.748,8.0
1753591953086,04:52:33.086,huobi,AAVE/USDT:USDT,296.648,8.0,296.64,25.0,296.734,7.0,296.748,8.0
1753591953100,04:52:33.100,huobi,AAVE/USDT:USDT,296.648,8.0,296.64,25.0,296.734,7.0,296.748,8.0
1753591953130,04:52:33.130,huobi,AAVE/USDT:USDT,296.648,8.0,296.64,25.0,296.734,7.0,296.748,8.0
1753591953181,04:52:33.181,huobi,AAVE/USDT:USDT,296.648,8.0,296.64,25.0,296.734,7.0,296.748,8.0
1753591953186,04:52:33.186,huobi,AAVE/USDT:USDT,296.648,8.0,296.64,25.0,296.734,7.0,296.748,8.0
1753591953237,04:52:33.237,huobi,AAVE/USDT:USDT,296.648,8.0,296.64,25.0,296.734,7.0,296.748,8.0
1753591953264,04:52:33.264,huobi,AAVE/USDT:USDT,296.648,8.0,296.64,25.0,296.734,7.0,296.748,8.0
1753591953310,04:52:33.310,huobi,AAVE/USDT:USDT,296.648,8.0,296.64,25.0,296.734,7.0,296.748,8.0
1753591953337,04:52:33.337,huobi,AAVE/USDT:USDT,296.648,8.0,296.64,25.0,296.734,7.0,296.748,8.0
1753591953366,04:52:33.366,huobi,AAVE/USDT:USDT,296.648,8.0,296.64,25.0,296.734,7.0,296.748,8.0
1753591953411,04:52:33.411,huobi,AAVE/USDT:USDT,296.648,8.0,296.64,25.0,296.734,7.0,296.748,8.0
1753591953455,04:52:33.455,huobi,AAVE/USDT:USDT,296.648,8.0,296.64,25.0,296.734,7.0,296.748,8.0
1753591953470,04:52:33.470,huobi,AAVE/USDT:USDT,296.648,8.0,296.64,25.0,296.734,7.0,296.748,8.0
1753591953488,04:52:33.488,huobi,AAVE/USDT:USDT,296.648,8.0,296.64,25.0,296.734,7.0,296.748,8.0
1753591953515,04:52:33.515,huobi,AAVE/USDT:USDT,296.648,8.0,296.64,25.0,296.734,7.0,296.748,8.0
1753591953550,04:52:33.550,huobi,AAVE/USDT:USDT,296.648,8.0,296.64,25.0,296.734,7.0,296.748,8.0
1753591953580,04:52:33.580,huobi,AAVE/USDT:USDT,296.648,8.0,296.64,25.0,296.734,7.0,296.748,8.0
1753591953666,04:52:33.666,huobi,AAVE/USDT:USDT,296.648,8.0,296.64,25.0,296.734,7.0,296.748,8.0
1753591953769,04:52:33.769,huobi,AAVE/USDT:USDT,296.648,8.0,296.64,25.0,296.734,7.0,296.748,8.0
1753591953817,04:52:33.817,huobi,AAVE/USDT:USDT,296.648,8.0,296.64,25.0,296.734,7.0,296.748,8.0
1753591953856,04:52:33.856,huobi,AAVE/USDT:USDT,296.648,8.0,296.64,25.0,296.734,7.0,296.748,8.0
1753591953880,04:52:33.880,huobi,AAVE/USDT:USDT,296.648,8.0,296.64,25.0,296.734,7.0,296.748,8.0
1753591954300,04:52:34.300,huobi,AAVE/USDT:USDT,296.648,8.0,296.64,25.0,296.734,7.0,296.748,8.0
1753591954400,04:52:34.400,huobi,AAVE/USDT:USDT,296.648,8.0,296.64,25.0,296.734,7.0,296.748,8.0
1753591954416,04:52:34.416,huobi,AAVE/USDT:USDT,296.648,8.0,296.64,25.0,296.734,7.0,296.748,8.0
1753591954609,04:52:34.609,huobi,AAVE/USDT:USDT,296.648,8.0,296.64,25.0,296.734,7.0,296.748,8.0
1753591954652,04:52:34.652,huobi,AAVE/USDT:USDT,296.648,8.0,296.64,25.0,296.734,7.0,296.748,8.0
1753591954653,04:52:34.653,huobi,AAVE/USDT:USDT,296.648,8.0,296.64,25.0,296.734,7.0,296.748,8.0
1753591954730,04:52:34.730,huobi,AAVE/USDT:USDT,296.648,8.0,296.64,25.0,296.734,7.0,296.748,8.0
1753591954756,04:52:34.756,huobi,AAVE/USDT:USDT,296.648,8.0,296.64,25.0,296.734,7.0,296.775,7.0
1753591954775,04:52:34.775,huobi,AAVE/USDT:USDT,296.648,8.0,296.64,25.0,296.775,7.0,296.794,57.0
1753591954816,04:52:34.816,huobi,AAVE/USDT:USDT,296.648,8.0,296.64,25.0,296.752,7.0,296.775,7.0
1753591955048,04:52:35.048,huobi,AAVE/USDT:USDT,296.648,8.0,296.64,25.0,296.729,7.0,296.743,8.0
1753591955076,04:52:35.076,huobi,AAVE/USDT:USDT,296.648,8.0,296.64,25.0,296.729,7.0,296.743,8.0
1753591955260,04:52:35.260,huobi,AAVE/USDT:USDT,296.648,8.0,296.64,25.0,296.729,7.0,296.743,8.0
1753591955311,04:52:35.311,huobi,AAVE/USDT:USDT,296.648,8.0,296.64,25.0,296.729,7.0,296.743,8.0
1753591955315,04:52:35.315,huobi,AAVE/USDT:USDT,296.648,8.0,296.64,25.0,296.729,7.0,296.743,8.0
1753591955363,04:52:35.363,huobi,AAVE/USDT:USDT,296.648,8.0,296.64,25.0,296.729,7.0,296.743,8.0
1753591955378,04:52:35.378,huobi,AAVE/USDT:USDT,296.64,25.0,296.634,25.0,296.727,8.0,296.729,7.0
1753591955419,04:52:35.419,huobi,AAVE/USDT:USDT,296.64,25.0,296.634,25.0,296.704,8.0,296.713,7.0
1753591955440,04:52:35.440,huobi,AAVE/USDT:USDT,296.652,7.0,296.64,25.0,296.704,8.0,296.713,7.0
1753591955467,04:52:35.467,huobi,AAVE/USDT:USDT,296.64,25.0,296.637,7.0,296.704,8.0,296.713,7.0
1753591955497,04:52:35.497,huobi,AAVE/USDT:USDT,296.649,7.0,296.64,25.0,296.69,7.0,296.704,8.0
1753591955532,04:52:35.532,huobi,AAVE/USDT:USDT,296.649,7.0,296.64,25.0,296.69,7.0,296.713,7.0
1753591955580,04:52:35.580,huobi,AAVE/USDT:USDT,296.649,7.0,296.64,25.0,296.675,7.0,296.689,8.0
1753591955606,04:52:35.606,huobi,AAVE/USDT:USDT,296.649,7.0,296.64,25.0,296.675,7.0,296.689,8.0
1753591955631,04:52:35.631,huobi,AAVE/USDT:USDT,296.649,7.0,296.64,25.0,296.675,7.0,296.689,8.0
1753591955659,04:52:35.659,huobi,AAVE/USDT:USDT,296.649,7.0,296.64,25.0,296.675,7.0,296.689,8.0
1753591955720,04:52:35.720,huobi,AAVE/USDT:USDT,296.649,7.0,296.64,25.0,296.675,7.0,296.689,8.0
1753591955762,04:52:35.762,huobi,AAVE/USDT:USDT,296.649,7.0,296.64,25.0,296.675,7.0,296.689,8.0
1753591955796,04:52:35.796,huobi,AAVE/USDT:USDT,296.649,7.0,296.64,25.0,296.675,7.0,296.689,8.0
1753591955830,04:52:35.830,huobi,AAVE/USDT:USDT,296.649,7.0,296.64,25.0,296.675,7.0,296.69,7.0
1753591955870,04:52:35.870,huobi,AAVE/USDT:USDT,296.649,7.0,296.64,25.0,296.713,7.0,296.729,7.0
1753591955892,04:52:35.892,huobi,AAVE/USDT:USDT,296.649,7.0,296.64,25.0,296.69,7.0,296.704,8.0
1753591955925,04:52:35.925,huobi,AAVE/USDT:USDT,296.649,7.0,296.64,25.0,296.69,7.0,296.72,7.0
1753591955961,04:52:35.961,huobi,AAVE/USDT:USDT,296.649,7.0,296.64,25.0,296.69,7.0,296.72,7.0
1753591956022,04:52:36.022,huobi,AAVE/USDT:USDT,296.649,7.0,296.64,25.0,296.69,7.0,296.72,7.0
1753591956050,04:52:36.050,huobi,AAVE/USDT:USDT,296.649,7.0,296.64,25.0,296.72,7.0,296.752,7.0
1753591956066,04:52:36.066,huobi,AAVE/USDT:USDT,296.649,7.0,296.64,25.0,296.711,8.0,296.72,7.0
1753591956098,04:52:36.098,huobi,AAVE/USDT:USDT,296.649,7.0,296.64,25.0,296.697,7.0,296.711,8.0
1753591956164,04:52:36.164,huobi,AAVE/USDT:USDT,296.649,7.0,296.64,25.0,296.697,7.0,296.711,8.0
1753591956211,04:52:36.211,huobi,AAVE/USDT:USDT,296.649,7.0,296.64,25.0,296.697,7.0,296.711,8.0
1753591956212,04:52:36.212,huobi,AAVE/USDT:USDT,296.649,7.0,296.64,25.0,296.697,7.0,296.711,8.0
1753591956258,04:52:36.258,huobi,AAVE/USDT:USDT,296.649,7.0,296.64,25.0,296.697,7.0,296.712,7.0
1753591956281,04:52:36.281,huobi,AAVE/USDT:USDT,296.649,7.0,296.64,25.0,296.682,7.0,296.696,8.0
1753591956319,04:52:36.319,huobi,AAVE/USDT:USDT,296.649,7.0,296.64,25.0,296.682,7.0,296.696,8.0
1753591956341,04:52:36.341,huobi,AAVE/USDT:USDT,296.649,7.0,296.64,25.0,296.682,7.0,296.696,8.0
1753591956370,04:52:36.370,huobi,AAVE/USDT:USDT,296.649,7.0,296.64,25.0,296.682,7.0,296.696,8.0
1753591956762,04:52:36.762,huobi,AAVE/USDT:USDT,296.649,7.0,296.64,25.0,296.682,7.0,296.696,8.0
1753591956824,04:52:36.824,huobi,AAVE/USDT:USDT,296.649,7.0,296.64,25.0,296.682,7.0,296.696,8.0
1753591956854,04:52:36.854,huobi,AAVE/USDT:USDT,296.649,7.0,296.64,25.0,296.682,7.0,296.696,8.0
1753591957201,04:52:37.201,huobi,AAVE/USDT:USDT,296.64,25.0,296.634,25.0,296.682,7.0,296.696,8.0
1753591957225,04:52:37.225,huobi,AAVE/USDT:USDT,296.641,8.0,296.64,25.0,296.682,7.0,296.696,8.0
1753591958260,04:52:38.260,huobi,AAVE/USDT:USDT,296.641,8.0,296.64,25.0,296.682,7.0,296.696,8.0
1753591958290,04:52:38.290,huobi,AAVE/USDT:USDT,296.556,8.0,296.542,50.0,296.682,7.0,296.696,8.0
1753591958317,04:52:38.317,huobi,AAVE/USDT:USDT,296.565,8.0,296.556,8.0,296.682,7.0,296.696,8.0
1753591958402,04:52:38.402,huobi,AAVE/USDT:USDT,296.579,8.0,296.565,8.0,296.682,7.0,296.696,8.0
1753591958440,04:52:38.440,huobi,AAVE/USDT:USDT,296.579,8.0,296.556,8.0,296.682,7.0,296.696,8.0
1753591958556,04:52:38.556,huobi,AAVE/USDT:USDT,296.594,8.0,296.58,8.0,296.682,7.0,296.696,8.0
1753591958791,04:52:38.791,huobi,AAVE/USDT:USDT,296.594,8.0,296.58,8.0,296.682,7.0,296.696,8.0
1753591958861,04:52:38.861,huobi,AAVE/USDT:USDT,296.594,8.0,296.58,8.0,296.682,7.0,296.697,8.0
1753591958887,04:52:38.887,huobi,AAVE/USDT:USDT,296.594,8.0,296.581,47.0,296.752,7.0,296.774,7.0
1753591958922,04:52:38.922,huobi,AAVE/USDT:USDT,296.594,8.0,296.581,47.0,296.729,8.0,296.743,8.0
1753591958946,04:52:38.946,huobi,AAVE/USDT:USDT,296.594,8.0,296.581,47.0,296.729,8.0,296.752,7.0
1753591958975,04:52:38.975,huobi,AAVE/USDT:USDT,296.596,8.0,296.594,8.0,296.706,8.0,296.72,8.0
1753591959019,04:52:39.019,huobi,AAVE/USDT:USDT,296.61,8.0,296.596,8.0,296.706,8.0,296.72,8.0
1753591959651,04:52:39.651,huobi,AAVE/USDT:USDT,296.61,8.0,296.596,8.0,296.706,8.0,296.72,8.0
1753591959692,04:52:39.692,huobi,AAVE/USDT:USDT,296.61,8.0,296.594,8.0,296.706,8.0,296.72,8.0
1753591959694,04:52:39.694,huobi,AAVE/USDT:USDT,296.612,8.0,296.61,8.0,296.706,8.0,296.729,8.0
1753591959726,04:52:39.726,huobi,AAVE/USDT:USDT,296.612,8.0,296.594,8.0,296.752,7.0,296.774,7.0
1753591959756,04:52:39.756,huobi,AAVE/USDT:USDT,296.626,8.0,296.612,8.0,296.752,7.0,296.774,7.0
1753591959784,04:52:39.784,huobi,AAVE/USDT:USDT,296.628,8.0,296.626,8.0,296.752,7.0,296.774,7.0
1753591959821,04:52:39.821,huobi,AAVE/USDT:USDT,296.642,8.0,296.628,8.0,296.752,7.0,296.774,7.0
1753591959849,04:52:39.849,huobi,AAVE/USDT:USDT,296.642,8.0,296.628,8.0,296.751,8.0,296.752,7.0
1753591959887,04:52:39.887,huobi,AAVE/USDT:USDT,296.642,8.0,296.626,8.0,296.737,8.0,296.752,7.0
1753591959918,04:52:39.918,huobi,AAVE/USDT:USDT,296.642,8.0,296.626,8.0,296.714,8.0,296.737,8.0
1753591959940,04:52:39.940,huobi,AAVE/USDT:USDT,296.642,8.0,296.626,8.0,296.691,8.0,296.705,8.0
1753591959965,04:52:39.965,huobi,AAVE/USDT:USDT,296.594,8.0,296.556,8.0,296.691,8.0,296.705,8.0
1753591960004,04:52:40.004,huobi,AAVE/USDT:USDT,296.571,8.0,296.565,8.0,296.691,8.0,296.705,8.0
1753591960046,04:52:40.046,huobi,AAVE/USDT:USDT,296.594,8.0,296.58,8.0,296.691,8.0,296.705,8.0
1753591960057,04:52:40.057,huobi,AAVE/USDT:USDT,296.594,8.0,296.58,8.0,296.691,8.0,296.714,8.0
1753591960129,04:52:40.129,huobi,AAVE/USDT:USDT,296.594,8.0,296.58,8.0,296.676,8.0,296.691,8.0
