timestamp,time,exchange,symbol,bid1_price,bid1_volume,bid2_price,bid2_volume,ask1_price,ask1_volume,ask2_price,ask2_volume
1753591892000,04:51:32.000,gateio,1INCH/USDT:USDT,0.2846,213.0,0.2845,2542.0,0.2849,214.0,0.285,940.0
1753591894166,04:51:34.166,gateio,1INCH/USDT:USDT,0.2846,213.0,0.2845,2542.0,0.2849,214.0,0.285,940.0
1753591894950,04:51:34.950,gateio,1INCH/USDT:USDT,0.2846,213.0,0.2845,2542.0,0.2849,214.0,0.285,940.0
1753591895445,04:51:35.445,gateio,1INCH/USDT:USDT,0.2846,213.0,0.2845,2542.0,0.2849,214.0,0.285,940.0
1753591897619,04:51:37.619,gateio,1INCH/USDT:USDT,0.2846,213.0,0.2845,2542.0,0.2849,214.0,0.285,940.0
1753591899557,04:51:39.557,gateio,1INCH/USDT:USDT,0.2846,213.0,0.2845,2542.0,0.285,213.0,0.2851,420.0
1753591900338,04:51:40.338,gateio,1INCH/USDT:USDT,0.2847,212.0,0.2846,214.0,0.285,213.0,0.2851,420.0
1753591900436,04:51:40.436,gateio,1INCH/USDT:USDT,0.2847,212.0,0.2846,213.0,0.285,213.0,0.2851,420.0
1753591900490,04:51:40.490,gateio,1INCH/USDT:USDT,0.2846,213.0,0.2845,2542.0,0.285,213.0,0.2851,420.0
1753591901191,04:51:41.191,gateio,1INCH/USDT:USDT,0.2848,221.0,0.2847,727.0,0.285,213.0,0.2851,420.0
1753591901340,04:51:41.340,gateio,1INCH/USDT:USDT,0.2848,221.0,0.2847,727.0,0.285,213.0,0.2851,420.0
1753591902422,04:51:42.422,gateio,1INCH/USDT:USDT,0.2848,221.0,0.2847,727.0,0.285,213.0,0.2851,420.0
1753591904468,04:51:44.468,gateio,1INCH/USDT:USDT,0.2848,221.0,0.2847,727.0,0.285,213.0,0.2851,420.0
1753591904489,04:51:44.489,gateio,1INCH/USDT:USDT,0.2848,221.0,0.2847,727.0,0.285,213.0,0.2851,420.0
1753591905250,04:51:45.250,gateio,1INCH/USDT:USDT,0.2848,221.0,0.2847,727.0,0.285,213.0,0.2851,420.0
1753591907218,04:51:47.218,gateio,1INCH/USDT:USDT,0.2848,221.0,0.2847,727.0,0.285,213.0,0.2851,420.0
1753591911771,04:51:51.771,gateio,1INCH/USDT:USDT,0.2847,727.0,0.2846,213.0,0.285,213.0,0.2851,420.0
1753591911811,04:51:51.811,gateio,1INCH/USDT:USDT,0.2848,218.0,0.2847,727.0,0.285,213.0,0.2851,420.0
1753591912018,04:51:52.018,gateio,1INCH/USDT:USDT,0.2848,218.0,0.2847,727.0,0.285,213.0,0.2851,420.0
1753591916818,04:51:56.818,gateio,1INCH/USDT:USDT,0.2848,218.0,0.2847,727.0,0.285,213.0,0.2851,420.0
1753591917053,04:51:57.053,gateio,1INCH/USDT:USDT,0.2848,218.0,0.2847,727.0,0.285,213.0,0.2851,420.0
1753591919073,04:51:59.073,gateio,1INCH/USDT:USDT,0.2847,727.0,0.2846,213.0,0.285,213.0,0.2851,420.0
1753591919148,04:51:59.148,gateio,1INCH/USDT:USDT,0.2848,218.0,0.2847,727.0,0.285,213.0,0.2851,420.0
1753591919488,04:51:59.488,gateio,1INCH/USDT:USDT,0.2848,218.0,0.2847,727.0,0.285,213.0,0.2851,420.0
1753591919916,04:51:59.916,gateio,1INCH/USDT:USDT,0.2846,213.0,0.2845,2542.0,0.285,213.0,0.2851,420.0
1753591920152,04:52:00.152,gateio,1INCH/USDT:USDT,0.2846,213.0,0.2845,2542.0,0.2849,218.0,0.285,1335.0
1753591920539,04:52:00.539,gateio,1INCH/USDT:USDT,0.2846,213.0,0.2845,2542.0,0.285,213.0,0.2851,420.0
1753591920648,04:52:00.648,gateio,1INCH/USDT:USDT,0.2846,213.0,0.2845,2542.0,0.2849,218.0,0.285,2220.0
1753591921542,04:52:01.542,gateio,1INCH/USDT:USDT,0.2846,213.0,0.2845,2542.0,0.285,213.0,0.2851,420.0
1753591921660,04:52:01.660,gateio,1INCH/USDT:USDT,0.2848,221.0,0.2847,727.0,0.285,213.0,0.2851,420.0
1753591921925,04:52:01.925,gateio,1INCH/USDT:USDT,0.2848,221.0,0.2847,727.0,0.285,213.0,0.2851,420.0
1753591922426,04:52:02.426,gateio,1INCH/USDT:USDT,0.2846,213.0,0.2845,2542.0,0.285,213.0,0.2851,420.0
1753591922502,04:52:02.502,gateio,1INCH/USDT:USDT,0.2846,213.0,0.2845,2542.0,0.285,213.0,0.2851,420.0
1753591922821,04:52:02.821,gateio,1INCH/USDT:USDT,0.2848,221.0,0.2847,727.0,0.285,213.0,0.2851,420.0
1753591923147,04:52:03.147,gateio,1INCH/USDT:USDT,0.2848,221.0,0.2847,727.0,0.285,213.0,0.2851,420.0
1753591926420,04:52:06.420,gateio,1INCH/USDT:USDT,0.2848,221.0,0.2847,727.0,0.285,213.0,0.2851,420.0
1753591928776,04:52:08.776,gateio,1INCH/USDT:USDT,0.2848,221.0,0.2847,727.0,0.285,213.0,0.2851,420.0
1753591930050,04:52:10.050,gateio,1INCH/USDT:USDT,0.2848,221.0,0.2847,727.0,0.285,213.0,0.2851,420.0
1753591931218,04:52:11.218,gateio,1INCH/USDT:USDT,0.2848,221.0,0.2847,727.0,0.285,213.0,0.2851,420.0
1753591932223,04:52:12.223,gateio,1INCH/USDT:USDT,0.2846,213.0,0.2845,2542.0,0.285,213.0,0.2851,420.0
1753591932369,04:52:12.369,gateio,1INCH/USDT:USDT,0.2846,213.0,0.2845,2542.0,0.2849,217.0,0.285,213.0
1753591932471,04:52:12.471,gateio,1INCH/USDT:USDT,0.2847,217.0,0.2846,214.0,0.285,213.0,0.2851,420.0
1753591932535,04:52:12.535,gateio,1INCH/USDT:USDT,0.2847,217.0,0.2846,213.0,0.285,213.0,0.2851,420.0
1753591932663,04:52:12.663,gateio,1INCH/USDT:USDT,0.2846,213.0,0.2845,2542.0,0.2849,217.0,0.285,213.0
1753591932714,04:52:12.714,gateio,1INCH/USDT:USDT,0.2846,213.0,0.2845,2542.0,0.2849,217.0,0.285,213.0
1753591932833,04:52:12.833,gateio,1INCH/USDT:USDT,0.2846,213.0,0.2845,2542.0,0.285,213.0,0.2851,420.0
1753591932936,04:52:12.936,gateio,1INCH/USDT:USDT,0.2847,217.0,0.2846,214.0,0.285,213.0,0.2851,420.0
1753591933055,04:52:13.055,gateio,1INCH/USDT:USDT,0.2847,217.0,0.2846,213.0,0.285,213.0,0.2851,420.0
1753591933136,04:52:13.136,gateio,1INCH/USDT:USDT,0.2846,213.0,0.2845,2542.0,0.285,213.0,0.2851,420.0
1753591933247,04:52:13.247,gateio,1INCH/USDT:USDT,0.2846,213.0,0.2845,2542.0,0.285,213.0,0.2851,420.0
1753591933286,04:52:13.286,gateio,1INCH/USDT:USDT,0.2846,213.0,0.2845,2542.0,0.285,213.0,0.2851,420.0
1753591933450,04:52:13.450,gateio,1INCH/USDT:USDT,0.2847,217.0,0.2846,214.0,0.2849,217.0,0.285,940.0
1753591933540,04:52:13.540,gateio,1INCH/USDT:USDT,0.2847,217.0,0.2846,213.0,0.2849,217.0,0.285,940.0
1753591933669,04:52:13.669,gateio,1INCH/USDT:USDT,0.2846,213.0,0.2845,2542.0,0.2849,217.0,0.285,940.0
1753591933942,04:52:13.942,gateio,1INCH/USDT:USDT,0.2847,217.0,0.2846,214.0,0.2849,217.0,0.285,940.0
1753591934073,04:52:14.073,gateio,1INCH/USDT:USDT,0.2847,217.0,0.2846,213.0,0.2849,217.0,0.285,940.0
1753591934112,04:52:14.112,gateio,1INCH/USDT:USDT,0.2846,213.0,0.2845,2542.0,0.2849,217.0,0.285,940.0
1753591934267,04:52:14.267,gateio,1INCH/USDT:USDT,0.2847,217.0,0.2846,214.0,0.2849,217.0,0.285,940.0
1753591934334,04:52:14.334,gateio,1INCH/USDT:USDT,0.2847,217.0,0.2846,213.0,0.2849,217.0,0.285,940.0
1753591934446,04:52:14.446,gateio,1INCH/USDT:USDT,0.2846,213.0,0.2845,2542.0,0.2849,217.0,0.285,940.0
1753591934538,04:52:14.538,gateio,1INCH/USDT:USDT,0.2847,217.0,0.2846,214.0,0.2849,217.0,0.285,940.0
1753591934646,04:52:14.646,gateio,1INCH/USDT:USDT,0.2847,217.0,0.2846,213.0,0.2849,217.0,0.285,940.0
1753591934724,04:52:14.724,gateio,1INCH/USDT:USDT,0.2846,213.0,0.2845,2542.0,0.285,213.0,0.2851,420.0
1753591934862,04:52:14.862,gateio,1INCH/USDT:USDT,0.2847,217.0,0.2846,214.0,0.285,213.0,0.2851,420.0
1753591934966,04:52:14.966,gateio,1INCH/USDT:USDT,0.2847,217.0,0.2846,213.0,0.285,213.0,0.2851,420.0
1753591935059,04:52:15.059,gateio,1INCH/USDT:USDT,0.2847,727.0,0.2846,213.0,0.285,213.0,0.2851,420.0
1753591935081,04:52:15.081,gateio,1INCH/USDT:USDT,0.2847,727.0,0.2846,213.0,0.285,213.0,0.2851,420.0
1753591935295,04:52:15.295,gateio,1INCH/USDT:USDT,0.2848,217.0,0.2847,727.0,0.285,213.0,0.2851,420.0
1753591935706,04:52:15.706,gateio,1INCH/USDT:USDT,0.2848,217.0,0.2847,727.0,0.285,213.0,0.2851,420.0
1753591936026,04:52:16.026,gateio,1INCH/USDT:USDT,0.2848,217.0,0.2847,727.0,0.285,213.0,0.2851,420.0
1753591940819,04:52:20.819,gateio,1INCH/USDT:USDT,0.2848,217.0,0.2847,727.0,0.285,213.0,0.2851,420.0
1753591940889,04:52:20.889,gateio,1INCH/USDT:USDT,0.2848,217.0,0.2847,727.0,0.285,213.0,0.2851,420.0
1753591941349,04:52:21.349,gateio,1INCH/USDT:USDT,0.2848,217.0,0.2847,727.0,0.285,213.0,0.2851,420.0
1753591944865,04:52:24.865,gateio,1INCH/USDT:USDT,0.2848,217.0,0.2847,2542.0,0.2851,420.0,0.2852,417.0
1753591944951,04:52:24.951,gateio,1INCH/USDT:USDT,0.2848,217.0,0.2847,2542.0,0.2851,420.0,0.2852,417.0
1753591944979,04:52:24.979,gateio,1INCH/USDT:USDT,0.2848,217.0,0.2847,2542.0,0.2851,420.0,0.2852,417.0
1753591945480,04:52:25.480,gateio,1INCH/USDT:USDT,0.2848,217.0,0.2847,2542.0,0.2851,420.0,0.2852,417.0
1753591945619,04:52:25.619,gateio,1INCH/USDT:USDT,0.2848,217.0,0.2847,2542.0,0.2851,420.0,0.2852,417.0
1753591948246,04:52:28.246,gateio,1INCH/USDT:USDT,0.2848,217.0,0.2847,2542.0,0.285,220.0,0.2851,420.0
1753591950419,04:52:30.419,gateio,1INCH/USDT:USDT,0.2848,217.0,0.2847,2542.0,0.285,220.0,0.2851,420.0
1753591951072,04:52:31.072,gateio,1INCH/USDT:USDT,0.2848,217.0,0.2847,2542.0,0.2851,420.0,0.2852,417.0
1753591951099,04:52:31.099,gateio,1INCH/USDT:USDT,0.2848,217.0,0.2847,2542.0,0.285,215.0,0.2851,420.0
1753591955221,04:52:35.221,gateio,1INCH/USDT:USDT,0.2848,217.0,0.2847,2542.0,0.285,215.0,0.2851,420.0
1753591956471,04:52:36.471,gateio,1INCH/USDT:USDT,0.2848,217.0,0.2847,2542.0,0.285,215.0,0.2851,420.0
1753591959669,04:52:39.669,gateio,1INCH/USDT:USDT,0.2848,217.0,0.2847,2542.0,0.2851,420.0,0.2852,417.0
1753591960019,04:52:40.019,gateio,1INCH/USDT:USDT,0.2848,217.0,0.2847,2542.0,0.2851,420.0,0.2852,417.0
1753591961199,04:52:41.199,gateio,1INCH/USDT:USDT,0.2848,217.0,0.2847,2542.0,0.285,211.0,0.2851,420.0
1753591964819,04:52:44.819,gateio,1INCH/USDT:USDT,0.2848,217.0,0.2847,2542.0,0.285,211.0,0.2851,420.0
1753591968058,04:52:48.058,gateio,1INCH/USDT:USDT,0.2848,217.0,0.2847,2542.0,0.2851,420.0,0.2852,417.0
1753591969619,04:52:49.619,gateio,1INCH/USDT:USDT,0.2848,217.0,0.2847,2542.0,0.2851,420.0,0.2852,417.0
1753591969852,04:52:49.852,gateio,1INCH/USDT:USDT,0.2848,211.0,0.2846,213.0,0.2849,1815.0,0.285,211.0
1753591969970,04:52:49.970,gateio,1INCH/USDT:USDT,0.2846,213.0,0.2845,727.0,0.2849,1815.0,0.285,211.0
1753591970050,04:52:50.050,gateio,1INCH/USDT:USDT,0.2846,213.0,0.2845,727.0,0.2849,1815.0,0.285,211.0
1753591970145,04:52:50.145,gateio,1INCH/USDT:USDT,0.2846,213.0,0.2845,727.0,0.2849,1815.0,0.285,211.0
1753591970340,04:52:50.340,gateio,1INCH/USDT:USDT,0.2846,213.0,0.2845,727.0,0.2849,1815.0,0.285,211.0
1753591971367,04:52:51.367,gateio,1INCH/USDT:USDT,0.2847,727.0,0.2846,213.0,0.2849,1815.0,0.285,211.0
1753591971558,04:52:51.558,gateio,1INCH/USDT:USDT,0.2847,727.0,0.2846,213.0,0.2849,1815.0,0.285,211.0
1753591971640,04:52:51.640,gateio,1INCH/USDT:USDT,0.2846,213.0,0.2845,727.0,0.2849,1815.0,0.285,211.0
1753591971978,04:52:51.978,gateio,1INCH/USDT:USDT,0.2846,213.0,0.2845,727.0,0.2849,1815.0,0.285,211.0
1753591973634,04:52:53.634,gateio,1INCH/USDT:USDT,0.2848,217.0,0.2847,727.0,0.2849,1815.0,0.285,211.0
1753591974001,04:52:54.001,gateio,1INCH/USDT:USDT,0.2848,217.0,0.2847,727.0,0.2849,1815.0,0.285,211.0
1753591974419,04:52:54.419,gateio,1INCH/USDT:USDT,0.2848,217.0,0.2847,727.0,0.2849,1815.0,0.285,211.0
1753591978841,04:52:58.841,gateio,1INCH/USDT:USDT,0.2848,217.0,0.2847,727.0,0.285,211.0,0.2851,420.0
1753591978947,04:52:58.947,gateio,1INCH/USDT:USDT,0.2848,217.0,0.2847,944.0,0.285,211.0,0.2851,420.0
1753591979256,04:52:59.256,gateio,1INCH/USDT:USDT,0.2848,217.0,0.2847,944.0,0.285,211.0,0.2851,420.0
1753591979340,04:52:59.340,gateio,1INCH/USDT:USDT,0.2847,217.0,0.2846,1267.0,0.285,211.0,0.2851,420.0
1753591979451,04:52:59.451,gateio,1INCH/USDT:USDT,0.2848,217.0,0.2847,944.0,0.285,211.0,0.2851,420.0
1753591979818,04:52:59.818,gateio,1INCH/USDT:USDT,0.2847,217.0,0.2846,1267.0,0.285,211.0,0.2851,420.0
1753591979973,04:52:59.973,gateio,1INCH/USDT:USDT,0.2848,217.0,0.2847,944.0,0.285,211.0,0.2851,420.0
1753591980073,04:53:00.073,gateio,1INCH/USDT:USDT,0.2848,217.0,0.2847,944.0,0.285,211.0,0.2851,420.0
1753591980267,04:53:00.267,gateio,1INCH/USDT:USDT,0.2848,217.0,0.2847,217.0,0.285,211.0,0.2851,420.0
1753591980308,04:53:00.308,gateio,1INCH/USDT:USDT,0.2848,217.0,0.2847,944.0,0.285,211.0,0.2851,420.0
1753591981707,04:53:01.707,gateio,1INCH/USDT:USDT,0.2848,217.0,0.2847,944.0,0.285,211.0,0.2851,420.0
1753591982639,04:53:02.639,gateio,1INCH/USDT:USDT,0.2848,217.0,0.2847,944.0,0.285,211.0,0.2851,420.0
1753591984044,04:53:04.044,gateio,1INCH/USDT:USDT,0.2847,217.0,0.2846,1267.0,0.285,211.0,0.2851,420.0
1753591984110,04:53:04.110,gateio,1INCH/USDT:USDT,0.2847,217.0,0.2846,1267.0,0.285,211.0,0.2851,420.0
1753591985219,04:53:05.219,gateio,1INCH/USDT:USDT,0.2848,213.0,0.2847,944.0,0.285,211.0,0.2851,420.0
1753591985339,04:53:05.339,gateio,1INCH/USDT:USDT,0.2848,213.0,0.2847,944.0,0.285,211.0,0.2851,420.0
1753591986218,04:53:06.218,gateio,1INCH/USDT:USDT,0.2847,217.0,0.2846,1267.0,0.285,211.0,0.2851,420.0
1753591986561,04:53:06.561,gateio,1INCH/USDT:USDT,0.2847,217.0,0.2846,1267.0,0.285,211.0,0.2851,420.0
1753591988821,04:53:08.821,gateio,1INCH/USDT:USDT,0.2847,217.0,0.2846,1267.0,0.285,211.0,0.2851,420.0
1753591992369,04:53:12.369,gateio,1INCH/USDT:USDT,0.2846,213.0,0.2845,727.0,0.2849,217.0,0.285,938.0
1753591992610,04:53:12.610,gateio,1INCH/USDT:USDT,0.2846,213.0,0.2845,727.0,0.2849,217.0,0.285,938.0
1753591993626,04:53:13.626,gateio,1INCH/USDT:USDT,0.2846,213.0,0.2845,727.0,0.2849,217.0,0.285,2753.0
1753591993843,04:53:13.843,gateio,1INCH/USDT:USDT,0.2846,213.0,0.2845,727.0,0.2849,217.0,0.285,2753.0
1753591995649,04:53:15.649,gateio,1INCH/USDT:USDT,0.2846,213.0,0.2845,727.0,0.2849,217.0,0.285,2753.0
1753591996194,04:53:16.194,gateio,1INCH/USDT:USDT,0.2846,213.0,0.2845,727.0,0.2849,217.0,0.285,2753.0
1753591997978,04:53:17.978,gateio,1INCH/USDT:USDT,0.2846,213.0,0.2845,727.0,0.2849,217.0,0.285,2753.0
1753591998421,04:53:18.421,gateio,1INCH/USDT:USDT,0.2846,213.0,0.2845,727.0,0.2849,217.0,0.285,2753.0
1753592000637,04:53:20.637,gateio,1INCH/USDT:USDT,0.2846,213.0,0.2845,727.0,0.2849,217.0,0.285,2753.0
1753592003118,04:53:23.118,gateio,1INCH/USDT:USDT,0.2846,213.0,0.2845,727.0,0.2849,217.0,0.285,2753.0
1753592003220,04:53:23.220,gateio,1INCH/USDT:USDT,0.2846,213.0,0.2845,727.0,0.2849,217.0,0.285,2753.0
1753592003350,04:53:23.350,gateio,1INCH/USDT:USDT,0.2846,213.0,0.2845,727.0,0.2849,217.0,0.285,2753.0
1753592003517,04:53:23.517,gateio,1INCH/USDT:USDT,0.2846,213.0,0.2845,727.0,0.2849,217.0,0.285,2753.0
1753592008020,04:53:28.020,gateio,1INCH/USDT:USDT,0.2846,213.0,0.2845,727.0,0.2849,217.0,0.285,2753.0
1753592012821,04:53:32.821,gateio,1INCH/USDT:USDT,0.2846,213.0,0.2845,727.0,0.2849,217.0,0.285,2753.0
1753592015547,04:53:35.547,gateio,1INCH/USDT:USDT,0.2846,213.0,0.2845,727.0,0.2849,217.0,0.285,2753.0
1753592015664,04:53:35.664,gateio,1INCH/USDT:USDT,0.2846,213.0,0.2845,727.0,0.2849,217.0,0.285,2026.0
1753592015771,04:53:35.771,gateio,1INCH/USDT:USDT,0.2847,727.0,0.2846,213.0,0.285,2026.0,0.2851,420.0
1753592015790,04:53:35.790,gateio,1INCH/USDT:USDT,0.2848,216.0,0.2847,727.0,0.285,2026.0,0.2851,420.0
1753592016087,04:53:36.087,gateio,1INCH/USDT:USDT,0.2848,216.0,0.2847,727.0,0.285,2026.0,0.2851,420.0
1753592016298,04:53:36.298,gateio,1INCH/USDT:USDT,0.2846,213.0,0.2845,727.0,0.285,2026.0,0.2851,420.0
1753592016392,04:53:36.392,gateio,1INCH/USDT:USDT,0.2846,213.0,0.2845,727.0,0.2849,216.0,0.285,2026.0
1753592016504,04:53:36.504,gateio,1INCH/USDT:USDT,0.2846,213.0,0.2845,727.0,0.2849,216.0,0.285,2026.0
1753592016617,04:53:36.617,gateio,1INCH/USDT:USDT,0.2848,216.0,0.2847,727.0,0.285,2026.0,0.2851,420.0
1753592016773,04:53:36.773,gateio,1INCH/USDT:USDT,0.2848,216.0,0.2847,727.0,0.2849,216.0,0.285,2026.0
1753592016796,04:53:36.796,gateio,1INCH/USDT:USDT,0.2848,216.0,0.2847,727.0,0.2849,216.0,0.285,2026.0
1753592016924,04:53:36.924,gateio,1INCH/USDT:USDT,0.2846,213.0,0.2845,727.0,0.2849,216.0,0.285,2026.0
1753592017643,04:53:37.643,gateio,1INCH/USDT:USDT,0.2846,213.0,0.2845,727.0,0.2849,216.0,0.285,2026.0
1753592017754,04:53:37.754,gateio,1INCH/USDT:USDT,0.2846,213.0,0.2845,727.0,0.2849,216.0,0.285,2026.0
1753592018771,04:53:38.771,gateio,1INCH/USDT:USDT,0.2847,727.0,0.2846,213.0,0.2849,216.0,0.285,2026.0
1753592018971,04:53:38.971,gateio,1INCH/USDT:USDT,0.2847,727.0,0.2846,213.0,0.2849,216.0,0.285,2026.0
1753592020398,04:53:40.398,gateio,1INCH/USDT:USDT,0.2848,216.0,0.2847,727.0,0.285,2026.0,0.2851,420.0
1753592020681,04:53:40.681,gateio,1INCH/USDT:USDT,0.2848,216.0,0.2847,727.0,0.2849,216.0,0.285,2026.0
1753592020992,04:53:40.992,gateio,1INCH/USDT:USDT,0.2848,216.0,0.2847,727.0,0.2849,216.0,0.285,2026.0
1753592021436,04:53:41.436,gateio,1INCH/USDT:USDT,0.2848,216.0,0.2847,727.0,0.285,2026.0,0.2851,420.0
1753592021665,04:53:41.665,gateio,1INCH/USDT:USDT,0.2848,216.0,0.2847,727.0,0.285,2026.0,0.2851,420.0
1753592021808,04:53:41.808,gateio,1INCH/USDT:USDT,0.2848,216.0,0.2847,727.0,0.285,2026.0,0.2851,420.0
1753592022363,04:53:42.363,gateio,1INCH/USDT:USDT,0.2848,216.0,0.2847,727.0,0.2849,213.0,0.285,2026.0
1753592022420,04:53:42.420,gateio,1INCH/USDT:USDT,0.2848,216.0,0.2847,727.0,0.2849,213.0,0.285,2026.0
1753592022623,04:53:42.623,gateio,1INCH/USDT:USDT,0.2848,216.0,0.2847,727.0,0.2849,213.0,0.285,2026.0
1753592023038,04:53:43.038,gateio,1INCH/USDT:USDT,0.2848,216.0,0.2847,727.0,0.285,2026.0,0.2851,420.0
1753592026744,04:53:46.744,gateio,1INCH/USDT:USDT,0.2846,213.0,0.2845,727.0,0.2849,213.0,0.285,2026.0
1753592026902,04:53:46.902,gateio,1INCH/USDT:USDT,0.2846,213.0,0.2845,727.0,0.285,2026.0,0.2851,420.0
1753592027071,04:53:47.071,gateio,1INCH/USDT:USDT,0.2846,213.0,0.2845,727.0,0.2849,213.0,0.285,2026.0
1753592027138,04:53:47.138,gateio,1INCH/USDT:USDT,0.2847,213.0,0.2846,215.0,0.2849,213.0,0.285,2026.0
1753592027234,04:53:47.234,gateio,1INCH/USDT:USDT,0.2847,213.0,0.2846,213.0,0.2849,213.0,0.285,2026.0
1753592027290,04:53:47.290,gateio,1INCH/USDT:USDT,0.2846,213.0,0.2845,727.0,0.2849,213.0,0.285,2026.0
1753592027438,04:53:47.438,gateio,1INCH/USDT:USDT,0.2847,213.0,0.2846,215.0,0.2849,213.0,0.285,2026.0
1753592027535,04:53:47.535,gateio,1INCH/USDT:USDT,0.2847,213.0,0.2846,213.0,0.2849,213.0,0.285,2026.0
1753592027591,04:53:47.591,gateio,1INCH/USDT:USDT,0.2846,213.0,0.2845,727.0,0.2849,213.0,0.285,2026.0
1753592027737,04:53:47.737,gateio,1INCH/USDT:USDT,0.2847,213.0,0.2846,215.0,0.2849,213.0,0.285,2026.0
1753592027835,04:53:47.835,gateio,1INCH/USDT:USDT,0.2847,213.0,0.2846,213.0,0.2849,213.0,0.285,2026.0
1753592027890,04:53:47.890,gateio,1INCH/USDT:USDT,0.2846,213.0,0.2845,727.0,0.2849,213.0,0.285,2026.0
1753592028043,04:53:48.043,gateio,1INCH/USDT:USDT,0.2848,213.0,0.2847,727.0,0.285,2026.0,0.2851,420.0
1753592028135,04:53:48.135,gateio,1INCH/USDT:USDT,0.2848,213.0,0.2847,727.0,0.2849,213.0,0.285,2026.0
1753592028300,04:53:48.300,gateio,1INCH/USDT:USDT,0.2848,213.0,0.2847,727.0,0.2849,213.0,0.285,2026.0
1753592028539,04:53:48.539,gateio,1INCH/USDT:USDT,0.2848,213.0,0.2847,727.0,0.285,2026.0,0.2851,420.0
1753592028714,04:53:48.714,gateio,1INCH/USDT:USDT,0.2848,213.0,0.2847,727.0,0.285,2026.0,0.2851,420.0
1753592032021,04:53:52.021,gateio,1INCH/USDT:USDT,0.2848,213.0,0.2847,727.0,0.285,2026.0,0.2851,420.0
1753592032149,04:53:52.149,gateio,1INCH/USDT:USDT,0.2848,213.0,0.2847,727.0,0.285,211.0,0.2851,420.0
1753592032348,04:53:52.348,gateio,1INCH/USDT:USDT,0.2848,213.0,0.2847,727.0,0.285,211.0,0.2851,420.0
1753592034680,04:53:54.680,gateio,1INCH/USDT:USDT,0.2848,213.0,0.2847,727.0,0.285,211.0,0.2851,420.0
1753592035181,04:53:55.181,gateio,1INCH/USDT:USDT,0.2848,213.0,0.2847,727.0,0.285,211.0,0.2851,420.0
1753592036820,04:53:56.820,gateio,1INCH/USDT:USDT,0.2848,213.0,0.2847,727.0,0.285,211.0,0.2851,420.0
1753592036892,04:53:56.892,gateio,1INCH/USDT:USDT,0.2848,213.0,0.2847,727.0,0.285,211.0,0.2851,420.0
1753592037153,04:53:57.153,gateio,1INCH/USDT:USDT,0.2848,213.0,0.2847,727.0,0.285,211.0,0.2851,420.0
1753592041621,04:54:01.621,gateio,1INCH/USDT:USDT,0.2848,213.0,0.2847,727.0,0.285,211.0,0.2851,420.0
1753592046421,04:54:06.421,gateio,1INCH/USDT:USDT,0.2848,213.0,0.2847,727.0,0.285,211.0,0.2851,420.0
1753592049972,04:54:09.972,gateio,1INCH/USDT:USDT,0.2848,213.0,0.2847,727.0,0.2851,420.0,0.2852,2959.0
1753592050065,04:54:10.065,gateio,1INCH/USDT:USDT,0.2848,213.0,0.2847,727.0,0.2851,420.0,0.2852,2959.0
1753592050614,04:54:10.614,gateio,1INCH/USDT:USDT,0.2848,213.0,0.2847,727.0,0.285,216.0,0.2851,420.0
1753592050880,04:54:10.880,gateio,1INCH/USDT:USDT,0.2848,213.0,0.2847,727.0,0.285,216.0,0.2851,420.0
1753592051221,04:54:11.221,gateio,1INCH/USDT:USDT,0.2848,213.0,0.2847,727.0,0.285,216.0,0.2851,420.0
1753592051365,04:54:11.365,gateio,1INCH/USDT:USDT,0.2848,213.0,0.2847,727.0,0.285,211.0,0.2851,420.0
1753592051446,04:54:11.446,gateio,1INCH/USDT:USDT,0.2848,213.0,0.2847,727.0,0.285,211.0,0.2851,420.0
1753592051708,04:54:11.708,gateio,1INCH/USDT:USDT,0.2848,213.0,0.2847,727.0,0.285,211.0,0.2851,420.0
1753592056021,04:54:16.021,gateio,1INCH/USDT:USDT,0.2848,213.0,0.2847,727.0,0.285,211.0,0.2851,420.0
1753592056106,04:54:16.106,gateio,1INCH/USDT:USDT,0.2848,213.0,0.2847,9439.0,0.285,211.0,0.2851,420.0
1753592056723,04:54:16.723,gateio,1INCH/USDT:USDT,0.2848,213.0,0.2847,9439.0,0.285,211.0,0.2851,420.0
1753592057331,04:54:17.331,gateio,1INCH/USDT:USDT,0.2848,213.0,0.2847,9439.0,0.285,211.0,0.2851,420.0
1753592057743,04:54:17.743,gateio,1INCH/USDT:USDT,0.2848,213.0,0.2847,9439.0,0.285,211.0,0.2851,420.0
1753592060821,04:54:20.821,gateio,1INCH/USDT:USDT,0.2848,213.0,0.2847,9439.0,0.285,211.0,0.2851,420.0
1753592061022,04:54:21.022,gateio,1INCH/USDT:USDT,0.2848,213.0,0.2847,9439.0,0.285,211.0,0.2851,420.0
1753592061374,04:54:21.374,gateio,1INCH/USDT:USDT,0.2848,213.0,0.2847,9439.0,0.285,211.0,0.2851,420.0
1753592065621,04:54:25.621,gateio,1INCH/USDT:USDT,0.2848,213.0,0.2847,9439.0,0.285,211.0,0.2851,420.0
1753592065806,04:54:25.806,gateio,1INCH/USDT:USDT,0.2848,213.0,0.2847,9439.0,0.285,211.0,0.2851,420.0
1753592066453,04:54:26.453,gateio,1INCH/USDT:USDT,0.2848,213.0,0.2847,9439.0,0.285,211.0,0.2851,420.0
1753592066481,04:54:26.481,gateio,1INCH/USDT:USDT,0.2848,213.0,0.2847,9439.0,0.285,211.0,0.2851,420.0
1753592067456,04:54:27.456,gateio,1INCH/USDT:USDT,0.2848,213.0,0.2847,9439.0,0.285,211.0,0.2851,420.0
1753592067520,04:54:27.520,gateio,1INCH/USDT:USDT,0.2848,213.0,0.2847,9439.0,0.285,211.0,0.2851,420.0
1753592070422,04:54:30.422,gateio,1INCH/USDT:USDT,0.2848,213.0,0.2847,9439.0,0.285,211.0,0.2851,420.0
1753592072435,04:54:32.435,gateio,1INCH/USDT:USDT,0.2848,213.0,0.2847,9439.0,0.285,211.0,0.2851,420.0
1753592072500,04:54:32.500,gateio,1INCH/USDT:USDT,0.2848,213.0,0.2847,9439.0,0.285,211.0,0.2851,420.0
1753592074006,04:54:34.006,gateio,1INCH/USDT:USDT,0.2848,213.0,0.2847,9439.0,0.285,211.0,0.2851,420.0
1753592075222,04:54:35.222,gateio,1INCH/USDT:USDT,0.2848,213.0,0.2847,9439.0,0.285,211.0,0.2851,420.0
1753592075849,04:54:35.849,gateio,1INCH/USDT:USDT,0.2848,213.0,0.2847,9439.0,0.285,211.0,0.2851,420.0
1753592076645,04:54:36.645,gateio,1INCH/USDT:USDT,0.2847,9439.0,0.2846,213.0,0.285,211.0,0.2851,420.0
1753592076775,04:54:36.775,gateio,1INCH/USDT:USDT,0.2846,213.0,0.2845,727.0,0.285,211.0,0.2851,1147.0
1753592076850,04:54:36.850,gateio,1INCH/USDT:USDT,0.2848,212.0,0.2847,727.0,0.285,211.0,0.2851,1147.0
1753592076950,04:54:36.950,gateio,1INCH/USDT:USDT,0.2848,212.0,0.2847,727.0,0.285,211.0,0.2851,1147.0
1753592077052,04:54:37.052,gateio,1INCH/USDT:USDT,0.2848,212.0,0.2847,727.0,0.285,211.0,0.2851,1147.0
1753592077121,04:54:37.121,gateio,1INCH/USDT:USDT,0.2848,212.0,0.2847,727.0,0.285,211.0,0.2851,1147.0
1753592077588,04:54:37.588,gateio,1INCH/USDT:USDT,0.2848,212.0,0.2847,727.0,0.285,211.0,0.2851,1147.0
1753592080036,04:54:40.036,gateio,1INCH/USDT:USDT,0.2848,212.0,0.2847,727.0,0.285,211.0,0.2851,1147.0
1753592080353,04:54:40.353,gateio,1INCH/USDT:USDT,0.2848,212.0,0.2847,727.0,0.285,211.0,0.2851,1147.0
1753592080434,04:54:40.434,gateio,1INCH/USDT:USDT,0.2848,212.0,0.2847,727.0,0.285,211.0,0.2851,1147.0
1753592080535,04:54:40.535,gateio,1INCH/USDT:USDT,0.2848,212.0,0.2847,727.0,0.285,211.0,0.2851,1147.0
1753592080714,04:54:40.714,gateio,1INCH/USDT:USDT,0.2848,212.0,0.2847,727.0,0.285,211.0,0.2851,1147.0
1753592081870,04:54:41.870,gateio,1INCH/USDT:USDT,0.2848,213.0,0.2847,727.0,0.285,211.0,0.2851,1147.0
1753592081934,04:54:41.934,gateio,1INCH/USDT:USDT,0.2846,213.0,0.2845,9433.0,0.285,211.0,0.2851,1147.0
1753592082027,04:54:42.027,gateio,1INCH/USDT:USDT,0.2846,213.0,0.2845,9433.0,0.285,211.0,0.2851,1147.0
1753592082149,04:54:42.149,gateio,1INCH/USDT:USDT,0.2846,213.0,0.2845,9433.0,0.2849,213.0,0.285,211.0
1753592082247,04:54:42.247,gateio,1INCH/USDT:USDT,0.2846,213.0,0.2845,9433.0,0.2849,213.0,0.285,211.0
1753592082302,04:54:42.302,gateio,1INCH/USDT:USDT,0.2846,213.0,0.2845,9433.0,0.285,211.0,0.2851,1147.0
1753592082467,04:54:42.467,gateio,1INCH/USDT:USDT,0.2846,213.0,0.2845,9433.0,0.285,211.0,0.2851,1147.0
1753592082644,04:54:42.644,gateio,1INCH/USDT:USDT,0.2846,213.0,0.2845,9433.0,0.2849,213.0,0.285,2026.0
1753592082783,04:54:42.783,gateio,1INCH/USDT:USDT,0.2846,213.0,0.2845,9433.0,0.2849,213.0,0.285,2026.0
1753592083365,04:54:43.365,gateio,1INCH/USDT:USDT,0.2846,213.0,0.2845,9433.0,0.2849,213.0,0.285,2026.0
1753592083441,04:54:43.441,gateio,1INCH/USDT:USDT,0.2846,213.0,0.2845,9433.0,0.2849,213.0,0.285,2026.0
1753592083674,04:54:43.674,gateio,1INCH/USDT:USDT,0.2846,213.0,0.2845,9433.0,0.2849,213.0,0.285,2026.0
1753592084822,04:54:44.822,gateio,1INCH/USDT:USDT,0.2846,213.0,0.2845,9433.0,0.2849,213.0,0.285,2026.0
1753592085572,04:54:45.572,gateio,1INCH/USDT:USDT,0.2846,213.0,0.2845,9433.0,0.2849,213.0,0.285,2026.0
1753592085651,04:54:45.651,gateio,1INCH/USDT:USDT,0.2846,213.0,0.2845,9433.0,0.2849,213.0,0.285,2026.0
1753592085974,04:54:45.974,gateio,1INCH/USDT:USDT,0.2846,213.0,0.2845,9433.0,0.285,2026.0,0.2851,1147.0
1753592085978,04:54:45.978,gateio,1INCH/USDT:USDT,0.2846,213.0,0.2845,9433.0,0.2849,213.0,0.285,2026.0
1753592086704,04:54:46.704,gateio,1INCH/USDT:USDT,0.2846,213.0,0.2845,9433.0,0.2849,213.0,0.285,2026.0
1753592089623,04:54:49.623,gateio,1INCH/USDT:USDT,0.2846,213.0,0.2845,9433.0,0.2849,213.0,0.285,2026.0
1753592094428,04:54:54.428,gateio,1INCH/USDT:USDT,0.2846,213.0,0.2845,9433.0,0.2849,213.0,0.285,2026.0
1753592098074,04:54:58.074,gateio,1INCH/USDT:USDT,0.2848,212.0,0.2847,727.0,0.285,211.0,0.2851,1147.0
1753592098156,04:54:58.156,gateio,1INCH/USDT:USDT,0.2848,212.0,0.2847,727.0,0.285,211.0,0.2851,1147.0
1753592099222,04:54:59.222,gateio,1INCH/USDT:USDT,0.2848,212.0,0.2847,727.0,0.285,211.0,0.2851,1147.0
1753592099715,04:54:59.715,gateio,1INCH/USDT:USDT,0.2848,212.0,0.2847,727.0,0.285,211.0,0.2851,1147.0
1753592104022,04:55:04.022,gateio,1INCH/USDT:USDT,0.2848,212.0,0.2847,727.0,0.285,211.0,0.2851,1147.0
1753592108827,04:55:08.827,gateio,1INCH/USDT:USDT,0.2848,212.0,0.2847,727.0,0.285,211.0,0.2851,1147.0
1753592108893,04:55:08.893,gateio,1INCH/USDT:USDT,0.2848,212.0,0.2847,727.0,0.285,211.0,0.2851,1147.0
1753592110750,04:55:10.750,gateio,1INCH/USDT:USDT,0.2848,212.0,0.2847,727.0,0.285,211.0,0.2851,1147.0
1753592111435,04:55:11.435,gateio,1INCH/USDT:USDT,0.2848,212.0,0.2847,727.0,0.285,211.0,0.2851,1147.0
1753592112921,04:55:12.921,gateio,1INCH/USDT:USDT,0.2846,213.0,0.2845,9433.0,0.285,211.0,0.2851,1147.0
1753592113049,04:55:13.049,gateio,1INCH/USDT:USDT,0.2846,213.0,0.2845,9433.0,0.285,211.0,0.2851,1147.0
1753592113140,04:55:13.140,gateio,1INCH/USDT:USDT,0.2847,218.0,0.2846,214.0,0.285,211.0,0.2851,1147.0
1753592113236,04:55:13.236,gateio,1INCH/USDT:USDT,0.2847,218.0,0.2846,213.0,0.285,211.0,0.2851,1147.0
1753592113292,04:55:13.292,gateio,1INCH/USDT:USDT,0.2846,213.0,0.2845,9433.0,0.285,211.0,0.2851,1147.0
1753592113538,04:55:13.538,gateio,1INCH/USDT:USDT,0.2847,218.0,0.2846,214.0,0.285,211.0,0.2851,1147.0
1753592113638,04:55:13.638,gateio,1INCH/USDT:USDT,0.2847,218.0,0.2846,213.0,0.285,211.0,0.2851,1147.0
1753592113692,04:55:13.692,gateio,1INCH/USDT:USDT,0.2846,213.0,0.2845,9433.0,0.285,211.0,0.2851,1147.0
1753592115427,04:55:15.427,gateio,1INCH/USDT:USDT,0.2846,213.0,0.2845,9433.0,0.285,211.0,0.2851,1147.0
1753592120248,04:55:20.248,gateio,1INCH/USDT:USDT,0.2846,213.0,0.2845,9433.0,0.285,211.0,0.2851,1147.0
1753592121690,04:55:21.690,gateio,1INCH/USDT:USDT,0.2848,220.0,0.2847,727.0,0.285,211.0,0.2851,1147.0
1753592121965,04:55:21.965,gateio,1INCH/USDT:USDT,0.2848,220.0,0.2846,213.0,0.285,211.0,0.2851,1147.0
1753592121978,04:55:21.978,gateio,1INCH/USDT:USDT,0.2846,213.0,0.2845,9433.0,0.285,211.0,0.2851,1147.0
1753592122332,04:55:22.332,gateio,1INCH/USDT:USDT,0.2846,213.0,0.2845,9433.0,0.285,211.0,0.2851,1147.0
1753592122384,04:55:22.384,gateio,1INCH/USDT:USDT,0.2848,220.0,0.2847,727.0,0.285,211.0,0.2851,1147.0
1753592122673,04:55:22.673,gateio,1INCH/USDT:USDT,0.2848,220.0,0.2846,213.0,0.285,211.0,0.2851,1147.0
1753592122754,04:55:22.754,gateio,1INCH/USDT:USDT,0.2846,213.0,0.2845,9433.0,0.285,211.0,0.2851,1147.0
1753592122838,04:55:22.838,gateio,1INCH/USDT:USDT,0.2847,220.0,0.2846,214.0,0.285,211.0,0.2851,1147.0
1753592122966,04:55:22.966,gateio,1INCH/USDT:USDT,0.2847,220.0,0.2846,213.0,0.2849,220.0,0.285,2026.0
1753592122989,04:55:22.989,gateio,1INCH/USDT:USDT,0.2846,213.0,0.2845,9433.0,0.2849,220.0,0.285,2026.0
1753592123172,04:55:23.172,gateio,1INCH/USDT:USDT,0.2846,213.0,0.2845,9433.0,0.2849,220.0,0.285,211.0
1753592123180,04:55:23.180,gateio,1INCH/USDT:USDT,0.2846,213.0,0.2845,9433.0,0.285,211.0,0.2851,1147.0
1753592123568,04:55:23.568,gateio,1INCH/USDT:USDT,0.2846,213.0,0.2845,9433.0,0.2849,220.0,0.285,2026.0
1753592125027,04:55:25.027,gateio,1INCH/USDT:USDT,0.2846,213.0,0.2845,9433.0,0.2849,220.0,0.285,2026.0
1753592125079,04:55:25.079,gateio,1INCH/USDT:USDT,0.2846,213.0,0.2845,9433.0,0.2849,220.0,0.285,2026.0
1753592125206,04:55:25.206,gateio,1INCH/USDT:USDT,0.2846,213.0,0.2845,9433.0,0.2849,220.0,0.285,2026.0
1753592125729,04:55:25.729,gateio,1INCH/USDT:USDT,0.2846,213.0,0.2845,9433.0,0.2849,220.0,0.285,2026.0
1753592129827,04:55:29.827,gateio,1INCH/USDT:USDT,0.2846,213.0,0.2845,9433.0,0.2849,220.0,0.285,2026.0
1753592134649,04:55:34.649,gateio,1INCH/USDT:USDT,0.2846,213.0,0.2845,9433.0,0.2849,220.0,0.285,2026.0
1753592139427,04:55:39.427,gateio,1INCH/USDT:USDT,0.2846,213.0,0.2845,9433.0,0.2849,220.0,0.285,2026.0
1753592143081,04:55:43.081,gateio,1INCH/USDT:USDT,0.2846,213.0,0.2845,9433.0,0.2849,220.0,0.285,2026.0
1753592143198,04:55:43.198,gateio,1INCH/USDT:USDT,0.2846,213.0,0.2845,9433.0,0.2849,220.0,0.285,2026.0
1753592143342,04:55:43.342,gateio,1INCH/USDT:USDT,0.2846,213.0,0.2845,9433.0,0.2849,220.0,0.285,2026.0
1753592143444,04:55:43.444,gateio,1INCH/USDT:USDT,0.2846,213.0,0.2845,9433.0,0.2849,220.0,0.285,2026.0
1753592143747,04:55:43.747,gateio,1INCH/USDT:USDT,0.2846,213.0,0.2845,9433.0,0.2849,220.0,0.285,2026.0
1753592143790,04:55:43.790,gateio,1INCH/USDT:USDT,0.2846,213.0,0.2845,9433.0,0.2849,220.0,0.285,2026.0
1753592144229,04:55:44.229,gateio,1INCH/USDT:USDT,0.2846,213.0,0.2845,9433.0,0.2849,220.0,0.285,2026.0
1753592144276,04:55:44.276,gateio,1INCH/USDT:USDT,0.2846,213.0,0.2845,9433.0,0.2849,220.0,0.285,2026.0
1753592144378,04:55:44.378,gateio,1INCH/USDT:USDT,0.2846,213.0,0.2845,9433.0,0.2849,220.0,0.285,2026.0
1753592146057,04:55:46.057,gateio,1INCH/USDT:USDT,0.2846,213.0,0.2845,9433.0,0.2849,220.0,0.285,2026.0
1753592146172,04:55:46.172,gateio,1INCH/USDT:USDT,0.2846,213.0,0.2845,9433.0,0.2849,220.0,0.285,2026.0
1753592146214,04:55:46.214,gateio,1INCH/USDT:USDT,0.2846,213.0,0.2845,9433.0,0.2849,220.0,0.285,2026.0
1753592146344,04:55:46.344,gateio,1INCH/USDT:USDT,0.2848,220.0,0.2847,727.0,0.285,211.0,0.2851,1147.0
1753592146590,04:55:46.590,gateio,1INCH/USDT:USDT,0.2848,220.0,0.2847,727.0,0.285,211.0,0.2851,1147.0
1753592146869,04:55:46.869,gateio,1INCH/USDT:USDT,0.2848,220.0,0.2846,213.0,0.285,2026.0,0.2851,1147.0
1753592146892,04:55:46.892,gateio,1INCH/USDT:USDT,0.2846,213.0,0.2845,9433.0,0.2849,220.0,0.285,211.0
1753592147040,04:55:47.040,gateio,1INCH/USDT:USDT,0.2846,213.0,0.2845,9433.0,0.285,211.0,0.2851,1147.0
1753592147440,04:55:47.440,gateio,1INCH/USDT:USDT,0.2847,220.0,0.2846,214.0,0.285,211.0,0.2851,1147.0
1753592147533,04:55:47.533,gateio,1INCH/USDT:USDT,0.2847,220.0,0.2846,213.0,0.285,211.0,0.2851,1147.0
1753592147615,04:55:47.615,gateio,1INCH/USDT:USDT,0.2846,213.0,0.2845,9433.0,0.285,211.0,0.2851,1147.0
1753592147738,04:55:47.738,gateio,1INCH/USDT:USDT,0.2847,220.0,0.2846,214.0,0.285,211.0,0.2851,1147.0
1753592147841,04:55:47.841,gateio,1INCH/USDT:USDT,0.2847,220.0,0.2846,213.0,0.285,211.0,0.2851,1147.0
1753592147968,04:55:47.968,gateio,1INCH/USDT:USDT,0.2846,213.0,0.2845,9433.0,0.285,211.0,0.2851,1147.0
1753592148570,04:55:48.570,gateio,1INCH/USDT:USDT,0.2847,220.0,0.2846,214.0,0.285,211.0,0.2851,1147.0
1753592148644,04:55:48.644,gateio,1INCH/USDT:USDT,0.2847,220.0,0.2846,213.0,0.285,211.0,0.2851,1147.0
1753592148709,04:55:48.709,gateio,1INCH/USDT:USDT,0.2846,213.0,0.2845,9433.0,0.285,211.0,0.2851,1147.0
1753592149073,04:55:49.073,gateio,1INCH/USDT:USDT,0.2846,213.0,0.2845,9433.0,0.285,211.0,0.2851,1147.0
1753592149080,04:55:49.080,gateio,1INCH/USDT:USDT,0.2846,213.0,0.2845,9433.0,0.285,211.0,0.2851,1147.0
1753592149775,04:55:49.775,gateio,1INCH/USDT:USDT,0.2847,220.0,0.2846,214.0,0.285,211.0,0.2851,1147.0
1753592149834,04:55:49.834,gateio,1INCH/USDT:USDT,0.2847,220.0,0.2846,213.0,0.285,211.0,0.2851,1147.0
1753592149891,04:55:49.891,gateio,1INCH/USDT:USDT,0.2846,213.0,0.2845,9433.0,0.285,211.0,0.2851,1147.0
1753592150269,04:55:50.269,gateio,1INCH/USDT:USDT,0.2846,213.0,0.2845,9433.0,0.285,211.0,0.2851,1147.0
1753592150319,04:55:50.319,gateio,1INCH/USDT:USDT,0.2846,213.0,0.2845,9433.0,0.285,211.0,0.2851,1147.0
1753592150383,04:55:50.383,gateio,1INCH/USDT:USDT,0.2846,213.0,0.2845,9433.0,0.285,211.0,0.2851,1147.0
1753592150941,04:55:50.941,gateio,1INCH/USDT:USDT,0.2847,220.0,0.2846,214.0,0.285,211.0,0.2851,1147.0
1753592151052,04:55:51.052,gateio,1INCH/USDT:USDT,0.2847,220.0,0.2846,213.0,0.285,211.0,0.2851,1147.0
1753592151142,04:55:51.142,gateio,1INCH/USDT:USDT,0.2846,213.0,0.2845,9433.0,0.285,211.0,0.2851,1147.0
1753592151751,04:55:51.751,gateio,1INCH/USDT:USDT,0.2846,213.0,0.2845,9433.0,0.285,211.0,0.2851,1147.0
1753592151972,04:55:51.972,gateio,1INCH/USDT:USDT,0.2846,213.0,0.2845,9433.0,0.285,211.0,0.2851,1147.0
1753592152070,04:55:52.070,gateio,1INCH/USDT:USDT,0.2847,217.0,0.2846,214.0,0.285,211.0,0.2851,1147.0
1753592152169,04:55:52.169,gateio,1INCH/USDT:USDT,0.2847,217.0,0.2846,213.0,0.285,211.0,0.2851,1147.0
1753592152237,04:55:52.237,gateio,1INCH/USDT:USDT,0.2846,213.0,0.2845,9433.0,0.285,211.0,0.2851,1147.0
1753592153045,04:55:53.045,gateio,1INCH/USDT:USDT,0.2847,217.0,0.2846,214.0,0.285,211.0,0.2851,1147.0
1753592153162,04:55:53.162,gateio,1INCH/USDT:USDT,0.2847,217.0,0.2846,213.0,0.285,211.0,0.2851,1147.0
1753592153200,04:55:53.200,gateio,1INCH/USDT:USDT,0.2846,213.0,0.2845,9433.0,0.285,211.0,0.2851,1147.0
1753592153574,04:55:53.574,gateio,1INCH/USDT:USDT,0.2846,213.0,0.2845,9433.0,0.285,211.0,0.2851,1147.0
1753592153601,04:55:53.601,gateio,1INCH/USDT:USDT,0.2846,213.0,0.2845,9433.0,0.285,211.0,0.2851,1147.0
1753592153830,04:55:53.830,gateio,1INCH/USDT:USDT,0.2846,213.0,0.2845,9433.0,0.285,211.0,0.2851,1147.0
1753592153881,04:55:53.881,gateio,1INCH/USDT:USDT,0.2846,213.0,0.2845,9433.0,0.285,211.0,0.2851,1147.0
1753592154023,04:55:54.023,gateio,1INCH/USDT:USDT,0.2846,213.0,0.2845,9433.0,0.285,211.0,0.2851,1147.0
1753592154272,04:55:54.272,gateio,1INCH/USDT:USDT,0.2847,217.0,0.2846,214.0,0.285,211.0,0.2851,1147.0
1753592154335,04:55:54.335,gateio,1INCH/USDT:USDT,0.2847,217.0,0.2846,213.0,0.285,211.0,0.2851,1147.0
1753592154474,04:55:54.474,gateio,1INCH/USDT:USDT,0.2846,213.0,0.2845,9433.0,0.285,211.0,0.2851,1147.0
1753592155345,04:55:55.345,gateio,1INCH/USDT:USDT,0.2847,217.0,0.2846,214.0,0.285,211.0,0.2851,1147.0
1753592155436,04:55:55.436,gateio,1INCH/USDT:USDT,0.2847,217.0,0.2846,213.0,0.285,211.0,0.2851,1147.0
1753592155492,04:55:55.492,gateio,1INCH/USDT:USDT,0.2846,213.0,0.2845,9433.0,0.285,211.0,0.2851,1147.0
1753592155648,04:55:55.648,gateio,1INCH/USDT:USDT,0.2848,217.0,0.2847,727.0,0.285,211.0,0.2851,1147.0
1753592155737,04:55:55.737,gateio,1INCH/USDT:USDT,0.2848,217.0,0.2847,727.0,0.285,211.0,0.2851,1147.0
1753592158656,04:55:58.656,gateio,1INCH/USDT:USDT,0.2848,217.0,0.2847,727.0,0.285,211.0,0.2851,1147.0
1753592158715,04:55:58.715,gateio,1INCH/USDT:USDT,0.2848,217.0,0.2847,727.0,0.285,211.0,0.2851,420.0
1753592158830,04:55:58.830,gateio,1INCH/USDT:USDT,0.2848,217.0,0.2847,727.0,0.285,211.0,0.2851,420.0
1753592159037,04:55:59.037,gateio,1INCH/USDT:USDT,0.2848,217.0,0.2847,727.0,0.285,211.0,0.2851,1147.0
1753592161875,04:56:01.875,gateio,1INCH/USDT:USDT,0.2848,217.0,0.2847,727.0,0.285,211.0,0.2851,420.0
1753592161953,04:56:01.953,gateio,1INCH/USDT:USDT,0.2848,217.0,0.2847,727.0,0.2851,420.0,0.2852,2232.0
1753592162050,04:56:02.050,gateio,1INCH/USDT:USDT,0.2848,217.0,0.2847,727.0,0.2851,420.0,0.2852,2232.0
1753592162238,04:56:02.238,gateio,1INCH/USDT:USDT,0.2848,217.0,0.2847,727.0,0.285,214.0,0.2851,420.0
1753592163428,04:56:03.428,gateio,1INCH/USDT:USDT,0.2848,217.0,0.2847,727.0,0.285,214.0,0.2851,420.0
1753592164754,04:56:04.754,gateio,1INCH/USDT:USDT,0.2848,217.0,0.2847,727.0,0.285,214.0,0.2851,420.0
1753592168228,04:56:08.228,gateio,1INCH/USDT:USDT,0.2848,217.0,0.2847,727.0,0.285,214.0,0.2851,420.0
1753592168279,04:56:08.279,gateio,1INCH/USDT:USDT,0.2848,217.0,0.2847,727.0,0.285,214.0,0.2851,420.0
1753592173030,04:56:13.030,gateio,1INCH/USDT:USDT,0.2848,217.0,0.2847,727.0,0.285,214.0,0.2851,420.0
1753592177828,04:56:17.828,gateio,1INCH/USDT:USDT,0.2848,217.0,0.2847,727.0,0.285,214.0,0.2851,420.0
1753592180948,04:56:20.948,gateio,1INCH/USDT:USDT,0.2848,217.0,0.2847,727.0,0.2851,420.0,0.2852,2232.0
1753592181069,04:56:21.069,gateio,1INCH/USDT:USDT,0.2848,217.0,0.2847,727.0,0.285,216.0,0.2851,420.0
1753592182629,04:56:22.629,gateio,1INCH/USDT:USDT,0.2848,217.0,0.2847,727.0,0.285,216.0,0.2851,420.0
1753592182741,04:56:22.741,gateio,1INCH/USDT:USDT,0.2848,217.0,0.2847,727.0,0.285,216.0,0.2851,420.0
1753592187428,04:56:27.428,gateio,1INCH/USDT:USDT,0.2848,217.0,0.2847,727.0,0.285,216.0,0.2851,420.0
1753592191762,04:56:31.762,gateio,1INCH/USDT:USDT,0.2848,217.0,0.2847,727.0,0.2851,420.0,0.2852,2232.0
1753592191786,04:56:31.786,gateio,1INCH/USDT:USDT,0.2848,217.0,0.2847,727.0,0.285,219.0,0.2851,420.0
1753592192228,04:56:32.228,gateio,1INCH/USDT:USDT,0.2848,217.0,0.2847,727.0,0.285,219.0,0.2851,420.0
1753592193094,04:56:33.094,gateio,1INCH/USDT:USDT,0.2848,217.0,0.2847,727.0,0.2851,420.0,0.2852,2232.0
1753592193263,04:56:33.263,gateio,1INCH/USDT:USDT,0.2848,217.0,0.2847,727.0,0.285,219.0,0.2851,420.0
1753592193681,04:56:33.681,gateio,1INCH/USDT:USDT,0.2848,217.0,0.2847,727.0,0.2851,420.0,0.2852,2232.0
1753592194102,04:56:34.102,gateio,1INCH/USDT:USDT,0.2848,217.0,0.2847,727.0,0.285,219.0,0.2851,420.0
1753592194621,04:56:34.621,gateio,1INCH/USDT:USDT,0.2848,217.0,0.2847,727.0,0.2851,420.0,0.2852,2232.0
1753592194694,04:56:34.694,gateio,1INCH/USDT:USDT,0.2848,217.0,0.2847,727.0,0.285,219.0,0.2851,420.0
1753592197028,04:56:37.028,gateio,1INCH/USDT:USDT,0.2848,217.0,0.2847,727.0,0.285,219.0,0.2851,420.0
1753592198342,04:56:38.342,gateio,1INCH/USDT:USDT,0.2848,217.0,0.2847,727.0,0.2851,420.0,0.2852,2232.0
1753592198450,04:56:38.450,gateio,1INCH/USDT:USDT,0.2848,217.0,0.2847,727.0,0.2851,420.0,0.2852,2232.0
1753592198535,04:56:38.535,gateio,1INCH/USDT:USDT,0.2848,217.0,0.2847,727.0,0.2851,420.0,0.2852,417.0
1753592198820,04:56:38.820,gateio,1INCH/USDT:USDT,0.2848,217.0,0.2847,727.0,0.2851,420.0,0.2852,417.0
1753592201829,04:56:41.829,gateio,1INCH/USDT:USDT,0.2848,217.0,0.2847,727.0,0.2851,420.0,0.2852,417.0
1753592204050,04:56:44.050,gateio,1INCH/USDT:USDT,0.2848,217.0,0.2847,727.0,0.2851,420.0,0.2852,417.0
1753592205766,04:56:45.766,gateio,1INCH/USDT:USDT,0.2848,217.0,0.2847,727.0,0.2851,215.0,0.2852,417.0
1753592205869,04:56:45.869,gateio,1INCH/USDT:USDT,0.285,215.0,0.2849,727.0,0.2852,417.0,0.2853,421.0
1753592205965,04:56:45.965,gateio,1INCH/USDT:USDT,0.285,215.0,0.2849,727.0,0.2852,417.0,0.2853,421.0
1753592206068,04:56:46.068,gateio,1INCH/USDT:USDT,0.285,215.0,0.2849,727.0,0.2852,417.0,0.2853,421.0
1753592206167,04:56:46.167,gateio,1INCH/USDT:USDT,0.285,215.0,0.2849,727.0,0.2852,417.0,0.2853,421.0
1753592206183,04:56:46.183,gateio,1INCH/USDT:USDT,0.285,215.0,0.2849,727.0,0.2852,417.0,0.2853,421.0
1753592206503,04:56:46.503,gateio,1INCH/USDT:USDT,0.285,215.0,0.2849,727.0,0.2852,417.0,0.2853,421.0
1753592206629,04:56:46.629,gateio,1INCH/USDT:USDT,0.285,215.0,0.2849,727.0,0.2852,417.0,0.2853,421.0
1753592211429,04:56:51.429,gateio,1INCH/USDT:USDT,0.285,215.0,0.2849,727.0,0.2852,417.0,0.2853,421.0
1753592211669,04:56:51.669,gateio,1INCH/USDT:USDT,0.285,215.0,0.2849,727.0,0.2851,211.0,0.2852,417.0
1753592211854,04:56:51.854,gateio,1INCH/USDT:USDT,0.285,215.0,0.2849,727.0,0.2852,417.0,0.2853,421.0
1753592212370,04:56:52.370,gateio,1INCH/USDT:USDT,0.2849,938.0,0.2848,8917.0,0.2851,211.0,0.2852,417.0
1753592212421,04:56:52.421,gateio,1INCH/USDT:USDT,0.2849,211.0,0.2848,8917.0,0.2851,211.0,0.2852,417.0
1753592216229,04:56:56.229,gateio,1INCH/USDT:USDT,0.2849,211.0,0.2848,8917.0,0.2851,211.0,0.2852,417.0
1753592216438,04:56:56.438,gateio,1INCH/USDT:USDT,0.2849,211.0,0.2848,8917.0,0.2851,211.0,0.2852,417.0
1753592216839,04:56:56.839,gateio,1INCH/USDT:USDT,0.2849,211.0,0.2848,8917.0,0.2851,211.0,0.2852,417.0
1753592218575,04:56:58.575,gateio,1INCH/USDT:USDT,0.2849,938.0,0.2848,8917.0,0.2851,211.0,0.2852,417.0
1753592218575,04:56:58.575,gateio,1INCH/USDT:USDT,0.2849,938.0,0.2848,8917.0,0.2851,211.0,0.2852,417.0
1753592219709,04:56:59.709,gateio,1INCH/USDT:USDT,0.2849,211.0,0.2848,8917.0,0.2851,211.0,0.2852,417.0
1753592220635,04:57:00.635,gateio,1INCH/USDT:USDT,0.2849,211.0,0.2848,8917.0,0.2851,211.0,0.2852,417.0
1753592221032,04:57:01.032,gateio,1INCH/USDT:USDT,0.2849,211.0,0.2848,8917.0,0.2851,211.0,0.2852,417.0
1753592221345,04:57:01.345,gateio,1INCH/USDT:USDT,0.2849,211.0,0.2848,8917.0,0.2851,211.0,0.2852,417.0
1753592222133,04:57:02.133,gateio,1INCH/USDT:USDT,0.2849,213.0,0.2848,8917.0,0.2851,211.0,0.2852,417.0
1753592222233,04:57:02.233,gateio,1INCH/USDT:USDT,0.2849,213.0,0.2848,8917.0,0.2851,211.0,0.2852,417.0
1753592222672,04:57:02.672,gateio,1INCH/USDT:USDT,0.2848,8917.0,0.2847,727.0,0.2851,211.0,0.2852,417.0
1753592222857,04:57:02.857,gateio,1INCH/USDT:USDT,0.2848,217.0,0.2847,727.0,0.2851,211.0,0.2852,417.0
1753592222964,04:57:02.964,gateio,1INCH/USDT:USDT,0.2848,217.0,0.2847,727.0,0.285,213.0,0.2851,938.0
1753592223174,04:57:03.174,gateio,1INCH/USDT:USDT,0.2847,940.0,0.2846,8909.0,0.285,213.0,0.2851,938.0
1753592223204,04:57:03.204,gateio,1INCH/USDT:USDT,0.2847,213.0,0.2846,8909.0,0.285,213.0,0.2851,938.0
1753592223302,04:57:03.302,gateio,1INCH/USDT:USDT,0.2847,940.0,0.2846,8909.0,0.285,213.0,0.2851,938.0
1753592223440,04:57:03.440,gateio,1INCH/USDT:USDT,0.2847,213.0,0.2846,8909.0,0.285,213.0,0.2851,938.0
1753592225830,04:57:05.830,gateio,1INCH/USDT:USDT,0.2847,213.0,0.2846,8909.0,0.285,213.0,0.2851,938.0
1753592229848,04:57:09.848,gateio,1INCH/USDT:USDT,0.2847,213.0,0.2846,8909.0,0.285,213.0,0.2851,938.0
1753592230629,04:57:10.629,gateio,1INCH/USDT:USDT,0.2847,213.0,0.2846,8909.0,0.285,213.0,0.2851,938.0
1753592232348,04:57:12.348,gateio,1INCH/USDT:USDT,0.2847,213.0,0.2846,8909.0,0.285,213.0,0.2851,938.0
1753592232390,04:57:12.390,gateio,1INCH/USDT:USDT,0.2847,213.0,0.2846,8909.0,0.285,213.0,0.2851,938.0
1753592232953,04:57:12.953,gateio,1INCH/USDT:USDT,0.2847,213.0,0.2846,8909.0,0.285,213.0,0.2851,938.0
1753592235429,04:57:15.429,gateio,1INCH/USDT:USDT,0.2847,213.0,0.2846,8909.0,0.285,213.0,0.2851,938.0
1753592239324,04:57:19.324,gateio,1INCH/USDT:USDT,0.2846,213.0,0.2845,727.0,0.285,213.0,0.2851,938.0
1753592239430,04:57:19.430,gateio,1INCH/USDT:USDT,0.2846,213.0,0.2845,727.0,0.285,213.0,0.2851,938.0
1753592241829,04:57:21.829,gateio,1INCH/USDT:USDT,0.2846,213.0,0.2845,727.0,0.285,213.0,0.2851,938.0
1753592244368,04:57:24.368,gateio,1INCH/USDT:USDT,0.2846,213.0,0.2845,727.0,0.285,213.0,0.2851,938.0
1753592246630,04:57:26.630,gateio,1INCH/USDT:USDT,0.2846,213.0,0.2845,727.0,0.285,213.0,0.2851,938.0
1753592250971,04:57:30.971,gateio,1INCH/USDT:USDT,0.2846,213.0,0.2845,727.0,0.285,213.0,0.2851,938.0
1753592251137,04:57:31.137,gateio,1INCH/USDT:USDT,0.2846,213.0,0.2845,727.0,0.285,213.0,0.2851,938.0
1753592251198,04:57:31.198,gateio,1INCH/USDT:USDT,0.2846,213.0,0.2845,727.0,0.285,213.0,0.2851,938.0
1753592251442,04:57:31.442,gateio,1INCH/USDT:USDT,0.2846,213.0,0.2845,727.0,0.285,213.0,0.2851,938.0
1753592251564,04:57:31.564,gateio,1INCH/USDT:USDT,0.2846,213.0,0.2845,727.0,0.285,213.0,0.2851,938.0
1753592251583,04:57:31.583,gateio,1INCH/USDT:USDT,0.2846,213.0,0.2845,727.0,0.285,213.0,0.2851,938.0
1753592251729,04:57:31.729,gateio,1INCH/USDT:USDT,0.2846,213.0,0.2845,727.0,0.285,213.0,0.2851,938.0
1753592251785,04:57:31.785,gateio,1INCH/USDT:USDT,0.2846,213.0,0.2845,727.0,0.285,213.0,0.2851,938.0
1753592251985,04:57:31.985,gateio,1INCH/USDT:USDT,0.2846,213.0,0.2845,727.0,0.285,213.0,0.2851,938.0
1753592252152,04:57:32.152,gateio,1INCH/USDT:USDT,0.2846,213.0,0.2845,727.0,0.285,213.0,0.2851,938.0
1753592252373,04:57:32.373,gateio,1INCH/USDT:USDT,0.2846,213.0,0.2845,727.0,0.285,213.0,0.2851,938.0
1753592252410,04:57:32.410,gateio,1INCH/USDT:USDT,0.2846,213.0,0.2845,727.0,0.285,213.0,0.2851,938.0
1753592252548,04:57:32.548,gateio,1INCH/USDT:USDT,0.2846,213.0,0.2845,727.0,0.285,213.0,0.2851,938.0
1753592252848,04:57:32.848,gateio,1INCH/USDT:USDT,0.2846,213.0,0.2845,727.0,0.285,213.0,0.2851,938.0
1753592252882,04:57:32.882,gateio,1INCH/USDT:USDT,0.2846,213.0,0.2845,727.0,0.285,213.0,0.2851,938.0
1753592254451,04:57:34.451,gateio,1INCH/USDT:USDT,0.2848,217.0,0.2847,727.0,0.285,213.0,0.2851,938.0
1753592254853,04:57:34.853,gateio,1INCH/USDT:USDT,0.2848,217.0,0.2847,727.0,0.285,213.0,0.2851,938.0
1753592255058,04:57:35.058,gateio,1INCH/USDT:USDT,0.2846,213.0,0.2845,727.0,0.285,213.0,0.2851,938.0
1753592255089,04:57:35.089,gateio,1INCH/USDT:USDT,0.2846,213.0,0.2845,727.0,0.285,213.0,0.2851,938.0
1753592255643,04:57:35.643,gateio,1INCH/USDT:USDT,0.2847,217.0,0.2846,214.0,0.285,213.0,0.2851,938.0
1753592255735,04:57:35.735,gateio,1INCH/USDT:USDT,0.2847,217.0,0.2846,213.0,0.285,213.0,0.2851,938.0
1753592255790,04:57:35.790,gateio,1INCH/USDT:USDT,0.2846,213.0,0.2845,727.0,0.285,213.0,0.2851,938.0
1753592255956,04:57:35.956,gateio,1INCH/USDT:USDT,0.2847,217.0,0.2846,214.0,0.285,213.0,0.2851,938.0
1753592256063,04:57:36.063,gateio,1INCH/USDT:USDT,0.2847,217.0,0.2846,213.0,0.285,213.0,0.2851,938.0
1753592256152,04:57:36.152,gateio,1INCH/USDT:USDT,0.2846,213.0,0.2845,727.0,0.285,213.0,0.2851,938.0
1753592256254,04:57:36.254,gateio,1INCH/USDT:USDT,0.2846,213.0,0.2845,727.0,0.285,213.0,0.2851,938.0
1753592256458,04:57:36.458,gateio,1INCH/USDT:USDT,0.2846,213.0,0.2845,727.0,0.285,213.0,0.2851,938.0
1753592256741,04:57:36.741,gateio,1INCH/USDT:USDT,0.2847,217.0,0.2846,214.0,0.285,213.0,0.2851,938.0
1753592256835,04:57:36.835,gateio,1INCH/USDT:USDT,0.2847,217.0,0.2846,213.0,0.285,213.0,0.2851,938.0
1753592256893,04:57:36.893,gateio,1INCH/USDT:USDT,0.2846,213.0,0.2845,727.0,0.285,213.0,0.2851,938.0
1753592257297,04:57:37.297,gateio,1INCH/USDT:USDT,0.2846,213.0,0.2845,727.0,0.285,213.0,0.2851,938.0
1753592257782,04:57:37.782,gateio,1INCH/USDT:USDT,0.2848,217.0,0.2847,727.0,0.285,213.0,0.2851,938.0
1753592257886,04:57:37.886,gateio,1INCH/USDT:USDT,0.2848,217.0,0.2847,727.0,0.285,213.0,0.2851,938.0
1753592258115,04:57:38.115,gateio,1INCH/USDT:USDT,0.2848,217.0,0.2847,727.0,0.285,213.0,0.2851,938.0
1753592261030,04:57:41.030,gateio,1INCH/USDT:USDT,0.2848,217.0,0.2847,727.0,0.285,213.0,0.2851,938.0
1753592265860,04:57:45.860,gateio,1INCH/USDT:USDT,0.2846,213.0,0.2845,727.0,0.285,213.0,0.2851,938.0
1753592265970,04:57:45.970,gateio,1INCH/USDT:USDT,0.2848,212.0,0.2847,727.0,0.285,212.0,0.2851,938.0
1753592266188,04:57:46.188,gateio,1INCH/USDT:USDT,0.2848,212.0,0.2847,727.0,0.285,212.0,0.2851,938.0
1753592268563,04:57:48.563,gateio,1INCH/USDT:USDT,0.2848,212.0,0.2847,727.0,0.285,212.0,0.2851,938.0
1753592268724,04:57:48.724,gateio,1INCH/USDT:USDT,0.2847,212.0,0.2846,1267.0,0.285,212.0,0.2851,938.0
1753592269017,04:57:49.017,gateio,1INCH/USDT:USDT,0.2847,212.0,0.2846,1267.0,0.285,212.0,0.2851,938.0
1753592270630,04:57:50.630,gateio,1INCH/USDT:USDT,0.2847,212.0,0.2846,1267.0,0.285,212.0,0.2851,938.0
1753592275431,04:57:55.431,gateio,1INCH/USDT:USDT,0.2847,212.0,0.2846,1267.0,0.285,212.0,0.2851,938.0
1753592275759,04:57:55.759,gateio,1INCH/USDT:USDT,0.2848,219.0,0.2847,939.0,0.285,212.0,0.2851,938.0
1753592275868,04:57:55.868,gateio,1INCH/USDT:USDT,0.2848,219.0,0.2847,939.0,0.285,212.0,0.2851,938.0
1753592280232,04:58:00.232,gateio,1INCH/USDT:USDT,0.2848,219.0,0.2847,939.0,0.285,212.0,0.2851,938.0
1753592280539,04:58:00.539,gateio,1INCH/USDT:USDT,0.2847,212.0,0.2846,1267.0,0.285,212.0,0.2851,938.0
1753592280718,04:58:00.718,gateio,1INCH/USDT:USDT,0.2847,212.0,0.2846,1267.0,0.285,212.0,0.2851,938.0
1753592285034,04:58:05.034,gateio,1INCH/USDT:USDT,0.2847,212.0,0.2846,1267.0,0.285,212.0,0.2851,938.0
1753592289831,04:58:09.831,gateio,1INCH/USDT:USDT,0.2847,212.0,0.2846,1267.0,0.285,212.0,0.2851,938.0
1753592294632,04:58:14.632,gateio,1INCH/USDT:USDT,0.2847,212.0,0.2846,1267.0,0.285,212.0,0.2851,938.0
1753592299085,04:58:19.085,gateio,1INCH/USDT:USDT,0.2848,217.0,0.2847,939.0,0.285,212.0,0.2851,938.0
1753592299222,04:58:19.222,gateio,1INCH/USDT:USDT,0.2848,217.0,0.2847,939.0,0.285,212.0,0.2851,938.0
1753592299430,04:58:19.430,gateio,1INCH/USDT:USDT,0.2848,217.0,0.2847,939.0,0.285,212.0,0.2851,938.0
1753592301099,04:58:21.099,gateio,1INCH/USDT:USDT,0.2847,212.0,0.2846,1267.0,0.285,212.0,0.2851,938.0
1753592301245,04:58:21.245,gateio,1INCH/USDT:USDT,0.2847,212.0,0.2846,1267.0,0.285,212.0,0.2851,938.0
1753592301310,04:58:21.310,gateio,1INCH/USDT:USDT,0.2848,219.0,0.2847,939.0,0.285,212.0,0.2851,938.0
1753592301659,04:58:21.659,gateio,1INCH/USDT:USDT,0.2848,219.0,0.2847,939.0,0.285,212.0,0.2851,938.0
1753592302171,04:58:22.171,gateio,1INCH/USDT:USDT,0.2848,219.0,0.2847,939.0,0.285,212.0,0.2851,938.0
1753592302485,04:58:22.485,gateio,1INCH/USDT:USDT,0.2848,219.0,0.2847,939.0,0.285,212.0,0.2851,938.0
1753592302862,04:58:22.862,gateio,1INCH/USDT:USDT,0.2848,219.0,0.2847,939.0,0.285,212.0,0.2851,938.0
1753592304253,04:58:24.253,gateio,1INCH/USDT:USDT,0.2847,212.0,0.2846,1267.0,0.285,212.0,0.2851,938.0
1753592304311,04:58:24.311,gateio,1INCH/USDT:USDT,0.2847,212.0,0.2846,1267.0,0.285,212.0,0.2851,938.0
1753592304512,04:58:24.512,gateio,1INCH/USDT:USDT,0.2847,212.0,0.2846,1267.0,0.285,212.0,0.2851,938.0
1753592304958,04:58:24.958,gateio,1INCH/USDT:USDT,0.2847,212.0,0.2846,1267.0,0.285,212.0,0.2851,938.0
1753592305372,04:58:25.372,gateio,1INCH/USDT:USDT,0.2847,212.0,0.2846,1267.0,0.285,212.0,0.2851,938.0
1753592305748,04:58:25.748,gateio,1INCH/USDT:USDT,0.2847,212.0,0.2846,1267.0,0.285,212.0,0.2851,938.0
1753592305858,04:58:25.858,gateio,1INCH/USDT:USDT,0.2847,212.0,0.2846,1267.0,0.285,212.0,0.2851,938.0
1753592307744,04:58:27.744,gateio,1INCH/USDT:USDT,0.2848,219.0,0.2847,939.0,0.285,212.0,0.2851,938.0
1753592307781,04:58:27.781,gateio,1INCH/USDT:USDT,0.2848,219.0,0.2847,939.0,0.285,212.0,0.2851,938.0
1753592308199,04:58:28.199,gateio,1INCH/USDT:USDT,0.2848,219.0,0.2847,939.0,0.285,212.0,0.2851,938.0
1753592308301,04:58:28.301,gateio,1INCH/USDT:USDT,0.2848,219.0,0.2847,939.0,0.285,212.0,0.2851,938.0
1753592309050,04:58:29.050,gateio,1INCH/USDT:USDT,0.2848,219.0,0.2847,939.0,0.285,212.0,0.2851,938.0
1753592309445,04:58:29.445,gateio,1INCH/USDT:USDT,0.2848,219.0,0.2847,939.0,0.285,212.0,0.2851,938.0
1753592309506,04:58:29.506,gateio,1INCH/USDT:USDT,0.2848,219.0,0.2847,939.0,0.285,212.0,0.2851,938.0
1753592310146,04:58:30.146,gateio,1INCH/USDT:USDT,0.2847,212.0,0.2846,1267.0,0.285,212.0,0.2851,938.0
1753592310265,04:58:30.265,gateio,1INCH/USDT:USDT,0.2847,212.0,0.2846,1267.0,0.285,212.0,0.2851,938.0
1753592310650,04:58:30.650,gateio,1INCH/USDT:USDT,0.2847,212.0,0.2846,1267.0,0.285,212.0,0.2851,938.0
1753592310693,04:58:30.693,gateio,1INCH/USDT:USDT,0.2847,212.0,0.2846,1267.0,0.285,212.0,0.2851,938.0
1753592311127,04:58:31.127,gateio,1INCH/USDT:USDT,0.2848,220.0,0.2847,939.0,0.285,212.0,0.2851,938.0
1753592313839,04:58:33.839,gateio,1INCH/USDT:USDT,0.2848,220.0,0.2847,939.0,0.285,212.0,0.2851,938.0
1753592318658,04:58:38.658,gateio,1INCH/USDT:USDT,0.2848,220.0,0.2847,939.0,0.285,212.0,0.2851,938.0
1753592318745,04:58:38.745,gateio,1INCH/USDT:USDT,0.2848,220.0,0.2847,939.0,0.285,212.0,0.2851,938.0
1753592318799,04:58:38.799,gateio,1INCH/USDT:USDT,0.2848,220.0,0.2847,939.0,0.285,212.0,0.2851,938.0
1753592320364,04:58:40.364,gateio,1INCH/USDT:USDT,0.2848,220.0,0.2847,939.0,0.2851,211.0,0.2852,2232.0
1753592320893,04:58:40.893,gateio,1INCH/USDT:USDT,0.2848,220.0,0.2847,939.0,0.2851,211.0,0.2852,2232.0
1753592321147,04:58:41.147,gateio,1INCH/USDT:USDT,0.2848,220.0,0.2847,939.0,0.2851,211.0,0.2852,2232.0
1753592323432,04:58:43.432,gateio,1INCH/USDT:USDT,0.2848,220.0,0.2847,939.0,0.2851,211.0,0.2852,2232.0
1753592325432,04:58:45.432,gateio,1INCH/USDT:USDT,0.2848,220.0,0.2847,939.0,0.2851,211.0,0.2852,2232.0
1753592328248,04:58:48.248,gateio,1INCH/USDT:USDT,0.2848,220.0,0.2847,939.0,0.2851,211.0,0.2852,2232.0
1753592330172,04:58:50.172,gateio,1INCH/USDT:USDT,0.285,212.0,0.2849,727.0,0.2851,211.0,0.2852,2232.0
1753592330185,04:58:50.185,gateio,1INCH/USDT:USDT,0.285,212.0,0.2849,727.0,0.2851,211.0,0.2852,2232.0
1753592330286,04:58:50.286,gateio,1INCH/USDT:USDT,0.285,212.0,0.2849,727.0,0.2851,211.0,0.2852,2232.0
1753592330474,04:58:50.474,gateio,1INCH/USDT:USDT,0.285,212.0,0.2849,727.0,0.2852,217.0,0.2853,421.0
1753592330523,04:58:50.523,gateio,1INCH/USDT:USDT,0.285,212.0,0.2849,727.0,0.2852,217.0,0.2853,421.0
1753592330808,04:58:50.808,gateio,1INCH/USDT:USDT,0.285,212.0,0.2849,727.0,0.2852,217.0,0.2853,421.0
1753592333048,04:58:53.048,gateio,1INCH/USDT:USDT,0.285,212.0,0.2849,727.0,0.2852,217.0,0.2853,421.0
1753592333236,04:58:53.236,gateio,1INCH/USDT:USDT,0.285,212.0,0.2849,727.0,0.2852,217.0,0.2853,421.0
1753592333895,04:58:53.895,gateio,1INCH/USDT:USDT,0.285,212.0,0.2849,727.0,0.2852,217.0,0.2853,421.0
1753592333991,04:58:53.991,gateio,1INCH/USDT:USDT,0.285,212.0,0.2849,727.0,0.2852,217.0,0.2853,421.0
1753592334252,04:58:54.252,gateio,1INCH/USDT:USDT,0.285,212.0,0.2849,727.0,0.2852,217.0,0.2853,421.0
1753592336829,04:58:56.829,gateio,1INCH/USDT:USDT,0.285,212.0,0.2849,727.0,0.2852,217.0,0.2853,421.0
1753592336898,04:58:56.898,gateio,1INCH/USDT:USDT,0.285,212.0,0.2849,727.0,0.2852,217.0,0.2853,421.0
1753592337550,04:58:57.550,gateio,1INCH/USDT:USDT,0.285,212.0,0.2849,727.0,0.2852,217.0,0.2853,421.0
1753592337831,04:58:57.831,gateio,1INCH/USDT:USDT,0.285,212.0,0.2849,727.0,0.2852,217.0,0.2853,421.0
1753592340971,04:59:00.971,gateio,1INCH/USDT:USDT,0.2851,1815.0,0.285,212.0,0.2853,221.0,0.2854,414.0
1753592341063,04:59:01.063,gateio,1INCH/USDT:USDT,0.285,212.0,0.2849,727.0,0.2853,221.0,0.2854,414.0
1753592341151,04:59:01.151,gateio,1INCH/USDT:USDT,0.285,212.0,0.2849,727.0,0.2853,221.0,0.2854,414.0
1753592341307,04:59:01.307,gateio,1INCH/USDT:USDT,0.285,212.0,0.2849,727.0,0.2853,221.0,0.2854,414.0
1753592344047,04:59:04.047,gateio,1INCH/USDT:USDT,0.285,212.0,0.2849,727.0,0.2853,221.0,0.2854,414.0
1753592344133,04:59:04.133,gateio,1INCH/USDT:USDT,0.285,212.0,0.2849,727.0,0.2853,221.0,0.2854,414.0
1753592346905,04:59:06.905,gateio,1INCH/USDT:USDT,0.285,212.0,0.2849,727.0,0.2853,221.0,0.2854,414.0
1753592348832,04:59:08.832,gateio,1INCH/USDT:USDT,0.285,212.0,0.2849,727.0,0.2853,221.0,0.2854,414.0
1753592349586,04:59:09.586,gateio,1INCH/USDT:USDT,0.2851,727.0,0.285,212.0,0.2853,221.0,0.2854,414.0
1753592349775,04:59:09.775,gateio,1INCH/USDT:USDT,0.2851,727.0,0.285,212.0,0.2853,221.0,0.2854,414.0
1753592349914,04:59:09.914,gateio,1INCH/USDT:USDT,0.2851,727.0,0.285,212.0,0.2853,221.0,0.2854,414.0
1753592350191,04:59:10.191,gateio,1INCH/USDT:USDT,0.2851,727.0,0.285,212.0,0.2853,221.0,0.2854,414.0
1753592350650,04:59:10.650,gateio,1INCH/USDT:USDT,0.285,212.0,0.2849,727.0,0.2853,221.0,0.2854,414.0
1753592350703,04:59:10.703,gateio,1INCH/USDT:USDT,0.285,212.0,0.2849,727.0,0.2853,221.0,0.2854,414.0
1753592351007,04:59:11.007,gateio,1INCH/USDT:USDT,0.285,212.0,0.2849,727.0,0.2853,221.0,0.2854,414.0
1753592351423,04:59:11.423,gateio,1INCH/USDT:USDT,0.285,212.0,0.2849,727.0,0.2853,221.0,0.2854,414.0
1753592353632,04:59:13.632,gateio,1INCH/USDT:USDT,0.285,212.0,0.2849,727.0,0.2853,221.0,0.2854,414.0
1753592355566,04:59:15.566,gateio,1INCH/USDT:USDT,0.2851,727.0,0.285,212.0,0.2853,221.0,0.2854,414.0
1753592355609,04:59:15.609,gateio,1INCH/USDT:USDT,0.2851,727.0,0.285,212.0,0.2853,221.0,0.2854,414.0
1753592355856,04:59:15.856,gateio,1INCH/USDT:USDT,0.285,212.0,0.2849,727.0,0.2853,221.0,0.2854,414.0
1753592355933,04:59:15.933,gateio,1INCH/USDT:USDT,0.285,212.0,0.2849,727.0,0.2853,221.0,0.2854,414.0
1753592356270,04:59:16.270,gateio,1INCH/USDT:USDT,0.2851,727.0,0.285,212.0,0.2853,221.0,0.2854,414.0
1753592358432,04:59:18.432,gateio,1INCH/USDT:USDT,0.2852,211.0,0.2851,727.0,0.2853,221.0,0.2854,414.0
1753592358697,04:59:18.697,gateio,1INCH/USDT:USDT,0.2852,211.0,0.2851,727.0,0.2853,221.0,0.2854,414.0
1753592359752,04:59:19.752,gateio,1INCH/USDT:USDT,0.2851,727.0,0.285,212.0,0.2853,221.0,0.2854,414.0
1753592359916,04:59:19.916,gateio,1INCH/USDT:USDT,0.2851,727.0,0.285,212.0,0.2853,221.0,0.2854,414.0
1753592361761,04:59:21.761,gateio,1INCH/USDT:USDT,0.2852,218.0,0.2851,727.0,0.2853,221.0,0.2854,414.0
1753592361941,04:59:21.941,gateio,1INCH/USDT:USDT,0.2852,218.0,0.2851,727.0,0.2853,221.0,0.2854,414.0
1753592362534,04:59:22.534,gateio,1INCH/USDT:USDT,0.2852,218.0,0.2851,727.0,0.2853,221.0,0.2854,414.0
1753592363232,04:59:23.232,gateio,1INCH/USDT:USDT,0.2852,218.0,0.2851,727.0,0.2853,221.0,0.2854,414.0
1753592363563,04:59:23.563,gateio,1INCH/USDT:USDT,0.2852,218.0,0.2851,727.0,0.2853,221.0,0.2854,414.0
1753592365368,04:59:25.368,gateio,1INCH/USDT:USDT,0.2851,727.0,0.285,2027.0,0.2853,221.0,0.2854,414.0
1753592365580,04:59:25.580,gateio,1INCH/USDT:USDT,0.2851,727.0,0.285,2027.0,0.2853,221.0,0.2854,414.0
1753592366163,04:59:26.163,gateio,1INCH/USDT:USDT,0.2851,218.0,0.285,2027.0,0.2853,221.0,0.2854,414.0
1753592368033,04:59:28.033,gateio,1INCH/USDT:USDT,0.2851,218.0,0.285,2027.0,0.2853,221.0,0.2854,414.0
1753592368454,04:59:28.454,gateio,1INCH/USDT:USDT,0.2852,218.0,0.2851,945.0,0.2853,221.0,0.2854,414.0
1753592372833,04:59:32.833,gateio,1INCH/USDT:USDT,0.2852,218.0,0.2851,945.0,0.2853,221.0,0.2854,414.0
1753592373161,04:59:33.161,gateio,1INCH/USDT:USDT,0.2852,218.0,0.2851,945.0,0.2853,221.0,0.2854,414.0
1753592373229,04:59:33.229,gateio,1INCH/USDT:USDT,0.2852,218.0,0.2851,945.0,0.2853,221.0,0.2854,414.0
1753592374610,04:59:34.610,gateio,1INCH/USDT:USDT,0.2852,218.0,0.2851,945.0,0.2853,221.0,0.2854,414.0
1753592375074,04:59:35.074,gateio,1INCH/USDT:USDT,0.2852,218.0,0.2851,945.0,0.2854,414.0,0.2855,418.0
1753592375086,04:59:35.086,gateio,1INCH/USDT:USDT,0.2852,218.0,0.2851,945.0,0.2854,414.0,0.2855,418.0
1753592375254,04:59:35.254,gateio,1INCH/USDT:USDT,0.2852,218.0,0.2851,945.0,0.2854,414.0,0.2855,418.0
1753592375645,04:59:35.645,gateio,1INCH/USDT:USDT,0.2852,218.0,0.2851,945.0,0.2854,414.0,0.2855,418.0
1753592375698,04:59:35.698,gateio,1INCH/USDT:USDT,0.2852,218.0,0.2851,945.0,0.2854,414.0,0.2855,418.0
1753592375790,04:59:35.790,gateio,1INCH/USDT:USDT,0.2852,218.0,0.2851,945.0,0.2854,414.0,0.2855,418.0
1753592376074,04:59:36.074,gateio,1INCH/USDT:USDT,0.2852,218.0,0.2851,945.0,0.2854,414.0,0.2855,418.0
1753592376076,04:59:36.076,gateio,1INCH/USDT:USDT,0.2852,218.0,0.2851,945.0,0.2854,414.0,0.2855,418.0
1753592381307,04:59:41.307,gateio,1INCH/USDT:USDT,0.2852,218.0,0.2851,945.0,0.2854,414.0,0.2855,418.0
1753592381388,04:59:41.388,gateio,1INCH/USDT:USDT,0.2852,218.0,0.2851,945.0,0.2854,414.0,0.2855,418.0
1753592385083,04:59:45.083,gateio,1INCH/USDT:USDT,0.2852,218.0,0.2851,945.0,0.2854,414.0,0.2855,418.0
1753592385843,04:59:45.843,gateio,1INCH/USDT:USDT,0.2852,218.0,0.2851,945.0,0.2854,414.0,0.2855,418.0
1753592385966,04:59:45.966,gateio,1INCH/USDT:USDT,0.2852,218.0,0.2851,945.0,0.2854,414.0,0.2855,418.0
1753592390526,04:59:50.526,gateio,1INCH/USDT:USDT,0.2852,218.0,0.2851,945.0,0.2853,218.0,0.2854,414.0
1753592390643,04:59:50.643,gateio,1INCH/USDT:USDT,0.2852,218.0,0.2851,945.0,0.2853,218.0,0.2854,414.0
1753592392034,04:59:52.034,gateio,1INCH/USDT:USDT,0.2851,945.0,0.285,2027.0,0.2853,218.0,0.2854,414.0
1753592392211,04:59:52.211,gateio,1INCH/USDT:USDT,0.2852,214.0,0.2851,945.0,0.2853,218.0,0.2854,414.0
1753592392658,04:59:52.658,gateio,1INCH/USDT:USDT,0.2851,945.0,0.285,2027.0,0.2853,218.0,0.2854,414.0
1753592393042,04:59:53.042,gateio,1INCH/USDT:USDT,0.2852,214.0,0.2851,945.0,0.2853,218.0,0.2854,414.0
1753592393427,04:59:53.427,gateio,1INCH/USDT:USDT,0.2852,214.0,0.2851,945.0,0.2853,218.0,0.2854,414.0
1753592394786,04:59:54.786,gateio,1INCH/USDT:USDT,0.2852,214.0,0.2851,945.0,0.2853,218.0,0.2854,414.0
1753592395443,04:59:55.443,gateio,1INCH/USDT:USDT,0.2852,214.0,0.2851,945.0,0.2853,218.0,0.2854,414.0
1753592397089,04:59:57.089,gateio,1INCH/USDT:USDT,0.2852,214.0,0.2851,945.0,0.2853,218.0,0.2854,414.0
1753592398792,04:59:58.792,gateio,1INCH/USDT:USDT,0.2852,214.0,0.2851,945.0,0.2854,414.0,0.2855,418.0
1753592399026,04:59:59.026,gateio,1INCH/USDT:USDT,0.2852,214.0,0.2851,945.0,0.2854,414.0,0.2855,418.0
1753592399131,04:59:59.131,gateio,1INCH/USDT:USDT,0.2852,214.0,0.2851,945.0,0.2853,214.0,0.2854,414.0
1753592400260,05:00:00.260,gateio,1INCH/USDT:USDT,0.2852,214.0,0.2851,945.0,0.2853,214.0,0.2854,414.0
1753592400280,05:00:00.280,gateio,1INCH/USDT:USDT,0.2852,214.0,0.2851,945.0,0.2853,214.0,0.2854,414.0
1753592401273,05:00:01.273,gateio,1INCH/USDT:USDT,0.2852,214.0,0.2851,945.0,0.2854,414.0,0.2855,418.0
1753592402341,05:00:02.341,gateio,1INCH/USDT:USDT,0.2852,214.0,0.2851,945.0,0.2854,416.0,0.2855,418.0
1753592402568,05:00:02.568,gateio,1INCH/USDT:USDT,0.2852,214.0,0.2851,945.0,0.2853,216.0,0.2854,416.0
1753592405043,05:00:05.043,gateio,1INCH/USDT:USDT,0.2852,214.0,0.2851,945.0,0.2853,216.0,0.2854,416.0
1753592405352,05:00:05.352,gateio,1INCH/USDT:USDT,0.2852,214.0,0.2851,945.0,0.2854,416.0,0.2855,418.0
1753592409844,05:00:09.844,gateio,1INCH/USDT:USDT,0.2852,214.0,0.2851,945.0,0.2854,416.0,0.2855,418.0
1753592411138,05:00:11.138,gateio,1INCH/USDT:USDT,0.2851,945.0,0.285,2027.0,0.2853,211.0,0.2854,416.0
1753592411447,05:00:11.447,gateio,1INCH/USDT:USDT,0.2852,211.0,0.2851,945.0,0.2853,211.0,0.2854,416.0
1753592411525,05:00:11.525,gateio,1INCH/USDT:USDT,0.2852,211.0,0.2851,945.0,0.2853,211.0,0.2854,416.0
1753592412784,05:00:12.784,gateio,1INCH/USDT:USDT,0.2851,945.0,0.285,2027.0,0.2853,211.0,0.2854,416.0
1753592414537,05:00:14.537,gateio,1INCH/USDT:USDT,0.2851,218.0,0.285,2027.0,0.2853,211.0,0.2854,416.0
1753592414652,05:00:14.652,gateio,1INCH/USDT:USDT,0.2851,945.0,0.285,2027.0,0.2853,211.0,0.2854,416.0
1753592415234,05:00:15.234,gateio,1INCH/USDT:USDT,0.2852,211.0,0.2851,945.0,0.2853,211.0,0.2854,416.0
1753592416069,05:00:16.069,gateio,1INCH/USDT:USDT,0.2851,945.0,0.285,2027.0,0.2853,211.0,0.2854,416.0
1753592420060,05:00:20.060,gateio,1INCH/USDT:USDT,0.2851,218.0,0.285,2027.0,0.2853,211.0,0.2854,416.0
1753592420306,05:00:20.306,gateio,1INCH/USDT:USDT,0.2851,945.0,0.285,2027.0,0.2853,211.0,0.2854,416.0
1753592425182,05:00:25.182,gateio,1INCH/USDT:USDT,0.2852,214.0,0.2851,945.0,0.2853,211.0,0.2854,416.0
1753592425334,05:00:25.334,gateio,1INCH/USDT:USDT,0.2851,945.0,0.285,2027.0,0.2853,211.0,0.2854,416.0
1753592425629,05:00:25.629,gateio,1INCH/USDT:USDT,0.2851,945.0,0.285,2027.0,0.2853,211.0,0.2854,416.0
1753592426462,05:00:26.462,gateio,1INCH/USDT:USDT,0.2852,214.0,0.2851,945.0,0.2854,416.0,0.2855,418.0
1753592426608,05:00:26.608,gateio,1INCH/USDT:USDT,0.2852,214.0,0.2851,945.0,0.2854,416.0,0.2855,418.0
1753592426855,05:00:26.855,gateio,1INCH/USDT:USDT,0.2852,214.0,0.2851,945.0,0.2854,416.0,0.2855,418.0
1753592427053,05:00:27.053,gateio,1INCH/USDT:USDT,0.2852,214.0,0.2851,945.0,0.2853,214.0,0.2854,416.0
1753592427872,05:00:27.872,gateio,1INCH/USDT:USDT,0.2852,214.0,0.2851,945.0,0.2854,416.0,0.2855,418.0
1753592430260,05:00:30.260,gateio,1INCH/USDT:USDT,0.2851,945.0,0.285,2027.0,0.2854,416.0,0.2855,418.0
1753592430279,05:00:30.279,gateio,1INCH/USDT:USDT,0.2852,214.0,0.2851,945.0,0.2854,416.0,0.2855,418.0
1753592430463,05:00:30.463,gateio,1INCH/USDT:USDT,0.2852,214.0,0.2851,945.0,0.2854,416.0,0.2855,418.0
1753592430485,05:00:30.485,gateio,1INCH/USDT:USDT,0.2852,214.0,0.2851,945.0,0.2854,416.0,0.2855,418.0
1753592430950,05:00:30.950,gateio,1INCH/USDT:USDT,0.2852,214.0,0.2851,945.0,0.2854,416.0,0.2855,418.0
1753592431050,05:00:31.050,gateio,1INCH/USDT:USDT,0.2852,214.0,0.2851,945.0,0.2854,416.0,0.2855,418.0
1753592435045,05:00:35.045,gateio,1INCH/USDT:USDT,0.2852,214.0,0.2851,945.0,0.2854,416.0,0.2855,418.0
1753592435332,05:00:35.332,gateio,1INCH/USDT:USDT,0.2852,214.0,0.2851,945.0,0.2854,416.0,0.2855,418.0
1753592439844,05:00:39.844,gateio,1INCH/USDT:USDT,0.2852,214.0,0.2851,945.0,0.2854,416.0,0.2855,418.0
1753592445316,05:00:45.316,gateio,1INCH/USDT:USDT,0.2852,214.0,0.2851,945.0,0.2853,217.0,0.2854,416.0
1753592445482,05:00:45.482,gateio,1INCH/USDT:USDT,0.2852,214.0,0.2851,945.0,0.2853,217.0,0.2854,416.0
1753592451282,05:00:51.282,gateio,1INCH/USDT:USDT,0.2852,214.0,0.2851,945.0,0.2854,416.0,0.2855,418.0
1753592451483,05:00:51.483,gateio,1INCH/USDT:USDT,0.2852,214.0,0.2851,945.0,0.2854,416.0,0.2855,418.0
1753592455844,05:00:55.844,gateio,1INCH/USDT:USDT,0.2852,214.0,0.2851,945.0,0.2854,416.0,0.2855,418.0
1753592467014,05:01:07.014,gateio,1INCH/USDT:USDT,0.2852,214.0,0.2851,945.0,0.2854,416.0,0.2855,418.0
1753592467156,05:01:07.156,gateio,1INCH/USDT:USDT,0.2852,214.0,0.2851,945.0,0.2854,416.0,0.2855,418.0
1753592467949,05:01:07.949,gateio,1INCH/USDT:USDT,0.2852,214.0,0.2851,945.0,0.2854,416.0,0.2855,418.0
1753592470111,05:01:10.111,gateio,1INCH/USDT:USDT,0.2852,214.0,0.2851,945.0,0.2854,416.0,0.2855,418.0
1753592470549,05:01:10.549,gateio,1INCH/USDT:USDT,0.2852,214.0,0.2851,945.0,0.2854,416.0,0.2855,418.0
1753592471366,05:01:11.366,gateio,1INCH/USDT:USDT,0.2852,214.0,0.2851,945.0,0.2854,416.0,0.2855,418.0
1753592471386,05:01:11.386,gateio,1INCH/USDT:USDT,0.2852,214.0,0.2851,945.0,0.2854,416.0,0.2855,418.0
1753592474047,05:01:14.047,gateio,1INCH/USDT:USDT,0.2852,214.0,0.2851,945.0,0.2854,416.0,0.2855,418.0
1753592476322,05:01:16.322,gateio,1INCH/USDT:USDT,0.2852,214.0,0.2851,945.0,0.2854,416.0,0.2855,418.0
1753592478788,05:01:18.788,gateio,1INCH/USDT:USDT,0.2852,214.0,0.2851,945.0,0.2855,418.0,0.2856,1148.0
1753592478943,05:01:18.943,gateio,1INCH/USDT:USDT,0.2852,214.0,0.2851,945.0,0.2855,418.0,0.2856,1148.0
1753592479071,05:01:19.071,gateio,1INCH/USDT:USDT,0.2852,214.0,0.2851,945.0,0.2855,418.0,0.2856,1148.0
1753592479151,05:01:19.151,gateio,1INCH/USDT:USDT,0.2852,214.0,0.2851,945.0,0.2855,418.0,0.2856,1148.0
1753592479276,05:01:19.276,gateio,1INCH/USDT:USDT,0.2852,214.0,0.2851,945.0,0.2854,220.0,0.2855,418.0
1753592480708,05:01:20.708,gateio,1INCH/USDT:USDT,0.2852,214.0,0.2851,945.0,0.2854,220.0,0.2855,418.0
1753592481207,05:01:21.207,gateio,1INCH/USDT:USDT,0.2852,214.0,0.2851,945.0,0.2854,220.0,0.2855,418.0
1753592482106,05:01:22.106,gateio,1INCH/USDT:USDT,0.2852,214.0,0.2851,945.0,0.2854,220.0,0.2855,418.0
1753592484570,05:01:24.570,gateio,1INCH/USDT:USDT,0.2852,214.0,0.2851,945.0,0.2855,418.0,0.2856,1148.0
1753592484657,05:01:24.657,gateio,1INCH/USDT:USDT,0.2852,214.0,0.2851,945.0,0.2854,211.0,0.2855,418.0
1753592486007,05:01:26.007,gateio,1INCH/USDT:USDT,0.2852,214.0,0.2851,945.0,0.2854,211.0,0.2855,418.0
1753592490073,05:01:30.073,gateio,1INCH/USDT:USDT,0.2852,214.0,0.2851,945.0,0.2854,211.0,0.2855,418.0
1753592490809,05:01:30.809,gateio,1INCH/USDT:USDT,0.2852,214.0,0.2851,945.0,0.2854,211.0,0.2855,418.0
1753592491270,05:01:31.270,gateio,1INCH/USDT:USDT,0.2852,214.0,0.2851,945.0,0.2855,418.0,0.2856,1148.0
1753592491387,05:01:31.387,gateio,1INCH/USDT:USDT,0.2852,214.0,0.2851,945.0,0.2854,216.0,0.2855,418.0
1753592491675,05:01:31.675,gateio,1INCH/USDT:USDT,0.2852,214.0,0.2851,945.0,0.2855,418.0,0.2856,1148.0
1753592491686,05:01:31.686,gateio,1INCH/USDT:USDT,0.2852,214.0,0.2851,945.0,0.2854,216.0,0.2855,418.0
1753592492274,05:01:32.274,gateio,1INCH/USDT:USDT,0.2852,214.0,0.2851,945.0,0.2855,418.0,0.2856,1148.0
1753592492340,05:01:32.340,gateio,1INCH/USDT:USDT,0.2852,214.0,0.2851,945.0,0.2854,216.0,0.2855,418.0
1753592493060,05:01:33.060,gateio,1INCH/USDT:USDT,0.2852,214.0,0.2851,945.0,0.2854,216.0,0.2855,418.0
1753592494106,05:01:34.106,gateio,1INCH/USDT:USDT,0.2852,214.0,0.2851,945.0,0.2854,216.0,0.2855,418.0
1753592495607,05:01:35.607,gateio,1INCH/USDT:USDT,0.2852,214.0,0.2851,945.0,0.2854,216.0,0.2855,418.0
1753592498960,05:01:38.960,gateio,1INCH/USDT:USDT,0.2852,214.0,0.2851,945.0,0.2855,418.0,0.2856,421.0
1753592499164,05:01:39.164,gateio,1INCH/USDT:USDT,0.2853,943.0,0.2852,2029.0,0.2855,218.0,0.2856,421.0
1753592499184,05:01:39.184,gateio,1INCH/USDT:USDT,0.2853,943.0,0.2852,2029.0,0.2855,218.0,0.2856,421.0
1753592499309,05:01:39.309,gateio,1INCH/USDT:USDT,0.2853,943.0,0.2852,2029.0,0.2855,218.0,0.2856,421.0
1753592500159,05:01:40.159,gateio,1INCH/USDT:USDT,0.2854,216.0,0.2853,943.0,0.2855,218.0,0.2856,421.0
1753592500231,05:01:40.231,gateio,1INCH/USDT:USDT,0.2853,943.0,0.2852,2029.0,0.2855,218.0,0.2856,421.0
1753592500440,05:01:40.440,gateio,1INCH/USDT:USDT,0.2854,216.0,0.2853,943.0,0.2855,218.0,0.2856,421.0
1753592500525,05:01:40.525,gateio,1INCH/USDT:USDT,0.2853,943.0,0.2852,2029.0,0.2855,218.0,0.2856,421.0
1753592500934,05:01:40.934,gateio,1INCH/USDT:USDT,0.2853,943.0,0.2852,2029.0,0.2855,218.0,0.2856,421.0
1753592501650,05:01:41.650,gateio,1INCH/USDT:USDT,0.2853,216.0,0.2852,2029.0,0.2855,218.0,0.2856,421.0
1753592501762,05:01:41.762,gateio,1INCH/USDT:USDT,0.2852,214.0,0.2851,9621.0,0.2855,218.0,0.2856,421.0
1753592501837,05:01:41.837,gateio,1INCH/USDT:USDT,0.2852,2029.0,0.2851,9621.0,0.2855,218.0,0.2856,421.0
1753592501952,05:01:41.952,gateio,1INCH/USDT:USDT,0.2853,220.0,0.2852,2029.0,0.2855,218.0,0.2856,421.0
1753592502604,05:01:42.604,gateio,1INCH/USDT:USDT,0.2853,947.0,0.2852,2029.0,0.2855,218.0,0.2856,421.0
1753592503085,05:01:43.085,gateio,1INCH/USDT:USDT,0.2853,947.0,0.2852,2029.0,0.2855,218.0,0.2856,421.0
1753592505208,05:01:45.208,gateio,1INCH/USDT:USDT,0.2853,947.0,0.2852,2029.0,0.2855,218.0,0.2856,421.0
1753592505573,05:01:45.573,gateio,1INCH/USDT:USDT,0.2854,220.0,0.2853,947.0,0.2856,421.0,0.2857,419.0
1753592505799,05:01:45.799,gateio,1INCH/USDT:USDT,0.2854,220.0,0.2853,947.0,0.2856,421.0,0.2857,419.0
1753592506107,05:01:46.107,gateio,1INCH/USDT:USDT,0.2854,220.0,0.2853,947.0,0.2856,421.0,0.2857,419.0
1753592507867,05:01:47.867,gateio,1INCH/USDT:USDT,0.2854,220.0,0.2853,947.0,0.2855,220.0,0.2856,421.0
1753592508091,05:01:48.091,gateio,1INCH/USDT:USDT,0.2854,220.0,0.2853,947.0,0.2856,421.0,0.2857,419.0
1753592508225,05:01:48.225,gateio,1INCH/USDT:USDT,0.2854,220.0,0.2853,947.0,0.2856,421.0,0.2857,419.0
1753592508465,05:01:48.465,gateio,1INCH/USDT:USDT,0.2854,220.0,0.2853,947.0,0.2856,421.0,0.2857,419.0
1753592509067,05:01:49.067,gateio,1INCH/USDT:USDT,0.2854,220.0,0.2853,947.0,0.2856,220.0,0.2857,419.0
1753592509159,05:01:49.159,gateio,1INCH/USDT:USDT,0.2854,220.0,0.2853,947.0,0.2856,220.0,0.2857,419.0
1753592509539,05:01:49.539,gateio,1INCH/USDT:USDT,0.2854,220.0,0.2853,947.0,0.2856,220.0,0.2857,419.0
1753592509962,05:01:49.962,gateio,1INCH/USDT:USDT,0.2853,947.0,0.2852,2029.0,0.2856,220.0,0.2857,419.0
1753592510049,05:01:50.049,gateio,1INCH/USDT:USDT,0.2853,947.0,0.2852,2029.0,0.2856,220.0,0.2857,419.0
1753592510149,05:01:50.149,gateio,1INCH/USDT:USDT,0.2853,947.0,0.2852,2029.0,0.2856,220.0,0.2857,419.0
1753592510349,05:01:50.349,gateio,1INCH/USDT:USDT,0.2853,947.0,0.2852,2029.0,0.2856,220.0,0.2857,419.0
1753592510377,05:01:50.377,gateio,1INCH/USDT:USDT,0.2853,947.0,0.2852,2029.0,0.2856,220.0,0.2857,419.0
1753592510670,05:01:50.670,gateio,1INCH/USDT:USDT,0.2853,220.0,0.2852,2029.0,0.2856,220.0,0.2857,419.0
1753592510757,05:01:50.757,gateio,1INCH/USDT:USDT,0.2852,214.0,0.2851,9621.0,0.2855,220.0,0.2856,947.0
1753592510867,05:01:50.867,gateio,1INCH/USDT:USDT,0.2852,214.0,0.2851,945.0,0.2855,220.0,0.2856,947.0
1753592510979,05:01:50.979,gateio,1INCH/USDT:USDT,0.2852,214.0,0.2851,945.0,0.2855,220.0,0.2856,947.0
1753592511237,05:01:51.237,gateio,1INCH/USDT:USDT,0.2852,214.0,0.2851,945.0,0.2855,220.0,0.2856,947.0
1753592511659,05:01:51.659,gateio,1INCH/USDT:USDT,0.2852,214.0,0.2851,945.0,0.2855,220.0,0.2856,947.0
1753592511698,05:01:51.698,gateio,1INCH/USDT:USDT,0.2852,214.0,0.2851,945.0,0.2854,216.0,0.2855,220.0
1753592511874,05:01:51.874,gateio,1INCH/USDT:USDT,0.2852,214.0,0.2851,945.0,0.2854,216.0,0.2855,461.0
1753592511885,05:01:51.885,gateio,1INCH/USDT:USDT,0.2852,214.0,0.2851,945.0,0.2854,216.0,0.2855,220.0
1753592512025,05:01:52.025,gateio,1INCH/USDT:USDT,0.2852,214.0,0.2851,945.0,0.2855,220.0,0.2856,947.0
1753592514881,05:01:54.881,gateio,1INCH/USDT:USDT,0.2852,214.0,0.2851,945.0,0.2855,220.0,0.2856,947.0
1753592515497,05:01:55.497,gateio,1INCH/USDT:USDT,0.2851,945.0,0.285,2027.0,0.2855,220.0,0.2856,947.0
1753592515975,05:01:55.975,gateio,1INCH/USDT:USDT,0.2851,218.0,0.285,2027.0,0.2853,216.0,0.2854,727.0
1753592516049,05:01:56.049,gateio,1INCH/USDT:USDT,0.2851,218.0,0.285,2027.0,0.2853,216.0,0.2855,220.0
1753592516129,05:01:56.129,gateio,1INCH/USDT:USDT,0.2851,218.0,0.285,2027.0,0.2855,220.0,0.2856,947.0
1753592516439,05:01:56.439,gateio,1INCH/USDT:USDT,0.2851,218.0,0.285,2027.0,0.2855,220.0,0.2856,947.0
1753592516542,05:01:56.542,gateio,1INCH/USDT:USDT,0.2851,218.0,0.285,2027.0,0.2855,220.0,0.2856,947.0
1753592516840,05:01:56.840,gateio,1INCH/USDT:USDT,0.2851,218.0,0.285,2027.0,0.2854,216.0,0.2855,221.0
1753592516962,05:01:56.962,gateio,1INCH/USDT:USDT,0.2851,218.0,0.285,2027.0,0.2854,216.0,0.2855,220.0
1753592517020,05:01:57.020,gateio,1INCH/USDT:USDT,0.2851,945.0,0.285,2027.0,0.2855,220.0,0.2856,947.0
1753592517201,05:01:57.201,gateio,1INCH/USDT:USDT,0.2852,216.0,0.2851,945.0,0.2855,220.0,0.2856,947.0
1753592517340,05:01:57.340,gateio,1INCH/USDT:USDT,0.2852,216.0,0.2851,945.0,0.2854,216.0,0.2855,221.0
1753592517435,05:01:57.435,gateio,1INCH/USDT:USDT,0.2852,216.0,0.2851,945.0,0.2854,216.0,0.2855,220.0
1753592517492,05:01:57.492,gateio,1INCH/USDT:USDT,0.2852,216.0,0.2851,945.0,0.2855,220.0,0.2856,947.0
1753592517839,05:01:57.839,gateio,1INCH/USDT:USDT,0.2851,218.0,0.285,2027.0,0.2854,216.0,0.2855,221.0
1753592517938,05:01:57.938,gateio,1INCH/USDT:USDT,0.2851,218.0,0.285,2027.0,0.2854,216.0,0.2855,220.0
1753592518009,05:01:58.009,gateio,1INCH/USDT:USDT,0.2852,216.0,0.2851,945.0,0.2855,220.0,0.2856,947.0
1753592518139,05:01:58.139,gateio,1INCH/USDT:USDT,0.2852,216.0,0.2851,945.0,0.2854,216.0,0.2855,221.0
1753592518236,05:01:58.236,gateio,1INCH/USDT:USDT,0.2852,216.0,0.2851,945.0,0.2854,216.0,0.2855,220.0
1753592518296,05:01:58.296,gateio,1INCH/USDT:USDT,0.2852,216.0,0.2851,945.0,0.2855,220.0,0.2856,947.0
1753592518440,05:01:58.440,gateio,1INCH/USDT:USDT,0.2852,216.0,0.2851,945.0,0.2854,216.0,0.2855,221.0
1753592518535,05:01:58.535,gateio,1INCH/USDT:USDT,0.2852,216.0,0.2851,945.0,0.2854,216.0,0.2855,220.0
1753592518657,05:01:58.657,gateio,1INCH/USDT:USDT,0.2852,216.0,0.2851,218.0,0.2854,216.0,0.2855,2039.0
1753592518682,05:01:58.682,gateio,1INCH/USDT:USDT,0.2851,218.0,0.285,2027.0,0.2854,216.0,0.2855,220.0
1753592518815,05:01:58.815,gateio,1INCH/USDT:USDT,0.2852,216.0,0.2851,945.0,0.2854,216.0,0.2855,2039.0
1753592519166,05:01:59.166,gateio,1INCH/USDT:USDT,0.2851,945.0,0.285,2027.0,0.2854,216.0,0.2855,2039.0
1753592519198,05:01:59.198,gateio,1INCH/USDT:USDT,0.2852,216.0,0.2851,945.0,0.2855,220.0,0.2856,947.0
1753592519340,05:01:59.340,gateio,1INCH/USDT:USDT,0.2852,216.0,0.2851,945.0,0.2854,216.0,0.2855,221.0
1753592519437,05:01:59.437,gateio,1INCH/USDT:USDT,0.2852,216.0,0.2851,945.0,0.2854,216.0,0.2855,220.0
1753592519498,05:01:59.498,gateio,1INCH/USDT:USDT,0.2852,216.0,0.2851,945.0,0.2855,220.0,0.2856,947.0
1753592519866,05:01:59.866,gateio,1INCH/USDT:USDT,0.2852,216.0,0.2851,945.0,0.2855,220.0,0.2856,947.0
1753592519938,05:01:59.938,gateio,1INCH/USDT:USDT,0.2852,216.0,0.2851,945.0,0.2854,216.0,0.2855,221.0
1753592520037,05:02:00.037,gateio,1INCH/USDT:USDT,0.2852,216.0,0.2851,945.0,0.2854,216.0,0.2855,220.0
1753592520090,05:02:00.090,gateio,1INCH/USDT:USDT,0.2852,216.0,0.2851,945.0,0.2855,220.0,0.2856,947.0
1753592520458,05:02:00.458,gateio,1INCH/USDT:USDT,0.2851,218.0,0.285,2027.0,0.2854,216.0,0.2855,2119.0
1753592520562,05:02:00.562,gateio,1INCH/USDT:USDT,0.2852,216.0,0.2851,945.0,0.2854,216.0,0.2855,220.0
1753592520606,05:02:00.606,gateio,1INCH/USDT:USDT,0.2852,216.0,0.2851,945.0,0.2855,220.0,0.2856,947.0
1753592521235,05:02:01.235,gateio,1INCH/USDT:USDT,0.2852,216.0,0.2851,945.0,0.2854,214.0,0.2855,220.0
1753592521372,05:02:01.372,gateio,1INCH/USDT:USDT,0.2852,216.0,0.2851,945.0,0.2855,220.0,0.2856,947.0
1753592521592,05:02:01.592,gateio,1INCH/USDT:USDT,0.2852,216.0,0.2851,945.0,0.2855,220.0,0.2856,947.0
1753592521742,05:02:01.742,gateio,1INCH/USDT:USDT,0.2852,216.0,0.2851,945.0,0.2854,214.0,0.2855,221.0
1753592521873,05:02:01.873,gateio,1INCH/USDT:USDT,0.2851,218.0,0.285,2027.0,0.2854,214.0,0.2855,220.0
1753592521970,05:02:01.970,gateio,1INCH/USDT:USDT,0.2851,218.0,0.285,2027.0,0.2854,727.0,0.2855,220.0
1753592522045,05:02:02.045,gateio,1INCH/USDT:USDT,0.2851,218.0,0.285,2027.0,0.2853,214.0,0.2854,727.0
1753592522077,05:02:02.077,gateio,1INCH/USDT:USDT,0.2851,218.0,0.285,2027.0,0.2853,214.0,0.2854,727.0
1753592522451,05:02:02.451,gateio,1INCH/USDT:USDT,0.2851,218.0,0.285,2027.0,0.2853,214.0,0.2854,727.0
1753592523635,05:02:03.635,gateio,1INCH/USDT:USDT,0.285,2027.0,0.2849,8739.0,0.2853,214.0,0.2854,727.0
1753592523775,05:02:03.775,gateio,1INCH/USDT:USDT,0.2851,214.0,0.285,2027.0,0.2853,214.0,0.2854,727.0
1753592523899,05:02:03.899,gateio,1INCH/USDT:USDT,0.2851,214.0,0.285,2027.0,0.2853,214.0,0.2854,727.0
1753592524133,05:02:04.133,gateio,1INCH/USDT:USDT,0.2851,214.0,0.285,2027.0,0.2853,214.0,0.2854,727.0
1753592524626,05:02:04.626,gateio,1INCH/USDT:USDT,0.2851,214.0,0.285,2027.0,0.2853,214.0,0.2854,727.0
1753592524725,05:02:04.725,gateio,1INCH/USDT:USDT,0.2851,214.0,0.285,2027.0,0.2853,214.0,0.2854,727.0
1753592524961,05:02:04.961,gateio,1INCH/USDT:USDT,0.2851,214.0,0.285,2027.0,0.2853,214.0,0.2854,727.0
1753592526027,05:02:06.027,gateio,1INCH/USDT:USDT,0.2851,214.0,0.285,2027.0,0.2853,214.0,0.2854,727.0
1753592527842,05:02:07.842,gateio,1INCH/USDT:USDT,0.2851,214.0,0.285,2027.0,0.2853,214.0,0.2854,727.0
1753592528360,05:02:08.360,gateio,1INCH/USDT:USDT,0.2851,214.0,0.285,2027.0,0.2853,214.0,0.2854,727.0
1753592528482,05:02:08.482,gateio,1INCH/USDT:USDT,0.2851,214.0,0.285,2027.0,0.2853,214.0,0.2854,727.0
1753592528723,05:02:08.723,gateio,1INCH/USDT:USDT,0.2851,214.0,0.285,2027.0,0.2853,214.0,0.2854,727.0
1753592529106,05:02:09.106,gateio,1INCH/USDT:USDT,0.2851,214.0,0.285,2027.0,0.2853,214.0,0.2854,727.0
1753592530808,05:02:10.808,gateio,1INCH/USDT:USDT,0.2851,214.0,0.285,2027.0,0.2853,214.0,0.2854,727.0
1753592531116,05:02:11.116,gateio,1INCH/USDT:USDT,0.285,2027.0,0.2849,9466.0,0.2853,214.0,0.2854,727.0
1753592531406,05:02:11.406,gateio,1INCH/USDT:USDT,0.285,2027.0,0.2849,9466.0,0.2853,214.0,0.2854,727.0
1753592531659,05:02:11.659,gateio,1INCH/USDT:USDT,0.2851,220.0,0.285,2027.0,0.2853,214.0,0.2854,727.0
1753592531769,05:02:11.769,gateio,1INCH/USDT:USDT,0.285,212.0,0.2849,8739.0,0.2852,220.0,0.2853,214.0
1753592531874,05:02:11.874,gateio,1INCH/USDT:USDT,0.285,212.0,0.2848,2035.0,0.2853,214.0,0.2854,727.0
1753592531914,05:02:11.914,gateio,1INCH/USDT:USDT,0.285,212.0,0.2848,10830.0,0.2852,727.0,0.2853,214.0
1753592531985,05:02:11.985,gateio,1INCH/USDT:USDT,0.285,212.0,0.2848,10830.0,0.2852,727.0,0.2853,214.0
1753592532470,05:02:12.470,gateio,1INCH/USDT:USDT,0.2848,10830.0,0.2847,939.0,0.2851,220.0,0.2852,727.0
1753592532570,05:02:12.570,gateio,1INCH/USDT:USDT,0.2849,220.0,0.2848,10830.0,0.2851,220.0,0.2852,727.0
1753592532642,05:02:12.642,gateio,1INCH/USDT:USDT,0.2849,220.0,0.2848,10830.0,0.2851,220.0,0.2852,727.0
1753592532764,05:02:12.764,gateio,1INCH/USDT:USDT,0.2849,220.0,0.2848,10830.0,0.2851,220.0,0.2852,727.0
1753592532849,05:02:12.849,gateio,1INCH/USDT:USDT,0.2849,220.0,0.2848,10830.0,0.2851,220.0,0.2852,727.0
1753592534541,05:02:14.541,gateio,1INCH/USDT:USDT,0.2849,220.0,0.2848,10830.0,0.2851,220.0,0.2852,727.0
1753592534669,05:02:14.669,gateio,1INCH/USDT:USDT,0.2849,220.0,0.2848,9015.0,0.2851,220.0,0.2852,727.0
1753592535035,05:02:15.035,gateio,1INCH/USDT:USDT,0.2849,220.0,0.2848,9015.0,0.2851,220.0,0.2852,727.0
1753592535217,05:02:15.217,gateio,1INCH/USDT:USDT,0.2848,1815.0,0.2847,212.0,0.2851,220.0,0.2852,727.0
1753592535357,05:02:15.357,gateio,1INCH/USDT:USDT,0.2849,220.0,0.2848,1815.0,0.2851,220.0,0.2852,727.0
1753592535486,05:02:15.486,gateio,1INCH/USDT:USDT,0.2849,220.0,0.2848,1815.0,0.2851,220.0,0.2852,727.0
1753592538009,05:02:18.009,gateio,1INCH/USDT:USDT,0.2849,220.0,0.2848,1815.0,0.2851,220.0,0.2852,727.0
1753592538316,05:02:18.316,gateio,1INCH/USDT:USDT,0.2849,220.0,0.2848,1815.0,0.2851,220.0,0.2852,727.0
1753592538534,05:02:18.534,gateio,1INCH/USDT:USDT,0.2849,220.0,0.2848,1815.0,0.2851,220.0,0.2852,727.0
1753592538968,05:02:18.968,gateio,1INCH/USDT:USDT,0.2849,220.0,0.2848,1815.0,0.2851,220.0,0.2852,727.0
1753592541934,05:02:21.934,gateio,1INCH/USDT:USDT,0.2849,220.0,0.2848,1815.0,0.2851,220.0,0.2852,727.0
1753592542134,05:02:22.134,gateio,1INCH/USDT:USDT,0.2849,220.0,0.2848,1815.0,0.2851,220.0,0.2852,727.0
1753592542809,05:02:22.809,gateio,1INCH/USDT:USDT,0.2849,220.0,0.2848,1815.0,0.2851,220.0,0.2852,727.0
1753592544276,05:02:24.276,gateio,1INCH/USDT:USDT,0.2849,220.0,0.2848,1815.0,0.2851,220.0,0.2852,727.0
1753592544771,05:02:24.771,gateio,1INCH/USDT:USDT,0.2849,220.0,0.2848,1815.0,0.2851,220.0,0.2852,727.0
1753592544803,05:02:24.803,gateio,1INCH/USDT:USDT,0.2849,220.0,0.2848,1815.0,0.2851,220.0,0.2852,727.0
1753592545252,05:02:25.252,gateio,1INCH/USDT:USDT,0.2849,220.0,0.2847,939.0,0.2851,220.0,0.2852,727.0
1753592545665,05:02:25.665,gateio,1INCH/USDT:USDT,0.2849,220.0,0.2847,939.0,0.2851,220.0,0.2852,727.0
1753592546012,05:02:26.012,gateio,1INCH/USDT:USDT,0.2849,220.0,0.2847,939.0,0.2851,220.0,0.2852,727.0
1753592546129,05:02:26.129,gateio,1INCH/USDT:USDT,0.2849,220.0,0.2847,939.0,0.2851,220.0,0.2852,727.0
1753592546448,05:02:26.448,gateio,1INCH/USDT:USDT,0.2849,220.0,0.2847,939.0,0.2851,220.0,0.2852,727.0
1753592546497,05:02:26.497,gateio,1INCH/USDT:USDT,0.2849,220.0,0.2847,939.0,0.2851,220.0,0.2852,727.0
1753592546772,05:02:26.772,gateio,1INCH/USDT:USDT,0.2848,2033.0,0.2847,939.0,0.2851,220.0,0.2852,727.0
1753592546843,05:02:26.843,gateio,1INCH/USDT:USDT,0.2848,2033.0,0.2847,212.0,0.2851,220.0,0.2852,727.0
1753592546954,05:02:26.954,gateio,1INCH/USDT:USDT,0.2849,218.0,0.2848,2033.0,0.2851,220.0,0.2852,727.0
1753592547266,05:02:27.266,gateio,1INCH/USDT:USDT,0.2849,218.0,0.2848,2033.0,0.2851,220.0,0.2852,727.0
1753592547283,05:02:27.283,gateio,1INCH/USDT:USDT,0.2849,218.0,0.2848,2033.0,0.2851,220.0,0.2852,727.0
1753592547639,05:02:27.639,gateio,1INCH/USDT:USDT,0.2849,218.0,0.2848,2033.0,0.2851,220.0,0.2852,727.0
1753592547680,05:02:27.680,gateio,1INCH/USDT:USDT,0.2849,218.0,0.2848,2033.0,0.2851,220.0,0.2852,727.0
1753592548115,05:02:28.115,gateio,1INCH/USDT:USDT,0.2849,218.0,0.2848,2033.0,0.2851,220.0,0.2852,727.0
1753592548569,05:02:28.569,gateio,1INCH/USDT:USDT,0.2849,218.0,0.2848,2033.0,0.2851,220.0,0.2852,727.0
1753592548973,05:02:28.973,gateio,1INCH/USDT:USDT,0.2849,218.0,0.2848,2033.0,0.2851,220.0,0.2852,727.0
1753592549135,05:02:29.135,gateio,1INCH/USDT:USDT,0.2848,2033.0,0.2847,212.0,0.2851,220.0,0.2852,727.0
1753592549261,05:02:29.261,gateio,1INCH/USDT:USDT,0.2849,218.0,0.2848,2033.0,0.2851,220.0,0.2852,727.0
1753592549351,05:02:29.351,gateio,1INCH/USDT:USDT,0.2849,218.0,0.2848,2033.0,0.2851,220.0,0.2852,727.0
1753592549415,05:02:29.415,gateio,1INCH/USDT:USDT,0.2849,218.0,0.2848,2033.0,0.2851,220.0,0.2852,727.0
1753592549566,05:02:29.566,gateio,1INCH/USDT:USDT,0.2849,218.0,0.2848,2033.0,0.2851,220.0,0.2852,727.0
1753592549750,05:02:29.750,gateio,1INCH/USDT:USDT,0.2849,218.0,0.2848,2033.0,0.2851,220.0,0.2852,727.0
1753592549785,05:02:29.785,gateio,1INCH/USDT:USDT,0.2849,218.0,0.2848,2033.0,0.2851,220.0,0.2852,727.0
1753592550156,05:02:30.156,gateio,1INCH/USDT:USDT,0.2849,218.0,0.2848,2033.0,0.2851,220.0,0.2852,727.0
1753592550354,05:02:30.354,gateio,1INCH/USDT:USDT,0.2849,218.0,0.2848,2033.0,0.2851,220.0,0.2852,727.0
1753592550569,05:02:30.569,gateio,1INCH/USDT:USDT,0.2849,218.0,0.2848,2033.0,0.2851,220.0,0.2852,727.0
1753592550629,05:02:30.629,gateio,1INCH/USDT:USDT,0.2849,218.0,0.2848,2033.0,0.2851,220.0,0.2852,727.0
1753592550736,05:02:30.736,gateio,1INCH/USDT:USDT,0.2849,218.0,0.2848,2033.0,0.2851,220.0,0.2852,727.0
1753592552467,05:02:32.467,gateio,1INCH/USDT:USDT,0.2849,218.0,0.2848,2033.0,0.2851,220.0,0.2852,727.0
1753592552624,05:02:32.624,gateio,1INCH/USDT:USDT,0.2849,218.0,0.2848,2033.0,0.2851,220.0,0.2852,727.0
1753592553074,05:02:33.074,gateio,1INCH/USDT:USDT,0.2849,218.0,0.2848,2033.0,0.2851,220.0,0.2852,727.0
1753592553074,05:02:33.074,gateio,1INCH/USDT:USDT,0.2849,218.0,0.2848,2033.0,0.2851,220.0,0.2852,727.0
1753592553432,05:02:33.432,gateio,1INCH/USDT:USDT,0.2849,218.0,0.2848,2033.0,0.2851,220.0,0.2852,727.0
1753592553510,05:02:33.510,gateio,1INCH/USDT:USDT,0.2849,218.0,0.2848,2033.0,0.2851,220.0,0.2852,727.0
1753592553658,05:02:33.658,gateio,1INCH/USDT:USDT,0.2849,218.0,0.2848,2033.0,0.2851,220.0,0.2852,727.0
1753592553697,05:02:33.697,gateio,1INCH/USDT:USDT,0.2849,218.0,0.2848,2033.0,0.2852,727.0,0.2853,414.0
1753592553867,05:02:33.867,gateio,1INCH/USDT:USDT,0.2849,218.0,0.2848,2033.0,0.2852,727.0,0.2853,414.0
1753592554275,05:02:34.275,gateio,1INCH/USDT:USDT,0.2849,218.0,0.2848,2033.0,0.2852,727.0,0.2853,414.0
1753592554303,05:02:34.303,gateio,1INCH/USDT:USDT,0.2849,218.0,0.2848,2033.0,0.2852,727.0,0.2853,414.0
1753592554674,05:02:34.674,gateio,1INCH/USDT:USDT,0.2849,218.0,0.2848,2033.0,0.2852,727.0,0.2853,414.0
1753592554762,05:02:34.762,gateio,1INCH/USDT:USDT,0.2849,218.0,0.2848,2033.0,0.2852,727.0,0.2853,414.0
1753592554822,05:02:34.822,gateio,1INCH/USDT:USDT,0.2849,218.0,0.2848,2033.0,0.2852,727.0,0.2853,414.0
1753592555149,05:02:35.149,gateio,1INCH/USDT:USDT,0.2849,218.0,0.2848,2033.0,0.2852,727.0,0.2853,414.0
1753592555213,05:02:35.213,gateio,1INCH/USDT:USDT,0.2849,218.0,0.2848,2033.0,0.2852,727.0,0.2853,414.0
1753592556851,05:02:36.851,gateio,1INCH/USDT:USDT,0.2849,218.0,0.2848,2033.0,0.2851,219.0,0.2852,727.0
1753592557167,05:02:37.167,gateio,1INCH/USDT:USDT,0.2849,218.0,0.2848,2033.0,0.2851,219.0,0.2852,727.0
1753592557215,05:02:37.215,gateio,1INCH/USDT:USDT,0.2849,218.0,0.2848,2033.0,0.2852,727.0,0.2853,414.0
1753592557475,05:02:37.475,gateio,1INCH/USDT:USDT,0.2849,218.0,0.2848,2033.0,0.2851,219.0,0.2852,727.0
1753592557573,05:02:37.573,gateio,1INCH/USDT:USDT,0.2849,218.0,0.2848,2033.0,0.2851,219.0,0.2852,727.0
1753592557612,05:02:37.612,gateio,1INCH/USDT:USDT,0.2849,218.0,0.2848,2033.0,0.2851,219.0,0.2852,727.0
1753592557944,05:02:37.944,gateio,1INCH/USDT:USDT,0.2849,218.0,0.2848,2033.0,0.2851,219.0,0.2852,727.0
1753592557992,05:02:37.992,gateio,1INCH/USDT:USDT,0.2849,218.0,0.2848,2033.0,0.2851,219.0,0.2852,727.0
1753592558079,05:02:38.079,gateio,1INCH/USDT:USDT,0.2849,218.0,0.2848,2033.0,0.2851,219.0,0.2852,727.0
1753592558358,05:02:38.358,gateio,1INCH/USDT:USDT,0.2849,218.0,0.2848,2033.0,0.2851,219.0,0.2852,727.0
1753592558450,05:02:38.450,gateio,1INCH/USDT:USDT,0.2849,218.0,0.2848,2033.0,0.2851,219.0,0.2852,727.0
1753592558771,05:02:38.771,gateio,1INCH/USDT:USDT,0.2849,218.0,0.2848,2033.0,0.2851,219.0,0.2852,727.0
1753592558830,05:02:38.830,gateio,1INCH/USDT:USDT,0.2849,218.0,0.2848,2033.0,0.2851,219.0,0.2852,727.0
1753592559191,05:02:39.191,gateio,1INCH/USDT:USDT,0.2849,218.0,0.2848,2033.0,0.2851,219.0,0.2852,727.0
1753592559348,05:02:39.348,gateio,1INCH/USDT:USDT,0.2849,218.0,0.2848,2033.0,0.2851,219.0,0.2852,727.0
1753592559643,05:02:39.643,gateio,1INCH/USDT:USDT,0.2849,218.0,0.2848,2033.0,0.2851,219.0,0.2852,727.0
1753592559714,05:02:39.714,gateio,1INCH/USDT:USDT,0.2849,218.0,0.2848,2033.0,0.2851,219.0,0.2852,727.0
1753592561754,05:02:41.754,gateio,1INCH/USDT:USDT,0.2849,218.0,0.2848,2033.0,0.2851,219.0,0.2852,727.0
1753592562054,05:02:42.054,gateio,1INCH/USDT:USDT,0.2849,218.0,0.2848,2033.0,0.2851,219.0,0.2852,727.0
1753592562466,05:02:42.466,gateio,1INCH/USDT:USDT,0.2849,218.0,0.2848,2033.0,0.2851,219.0,0.2852,727.0
1753592562477,05:02:42.477,gateio,1INCH/USDT:USDT,0.2849,218.0,0.2848,2033.0,0.2851,219.0,0.2852,727.0
1753592562671,05:02:42.671,gateio,1INCH/USDT:USDT,0.2849,218.0,0.2848,2033.0,0.2851,219.0,0.2852,727.0
1753592563573,05:02:43.573,gateio,1INCH/USDT:USDT,0.2849,218.0,0.2848,218.0,0.2851,219.0,0.2852,727.0
1753592563660,05:02:43.660,gateio,1INCH/USDT:USDT,0.2848,211.0,0.2847,939.0,0.2851,219.0,0.2852,727.0
1753592563771,05:02:43.771,gateio,1INCH/USDT:USDT,0.2848,211.0,0.2847,939.0,0.2851,219.0,0.2852,727.0
1753592563779,05:02:43.779,gateio,1INCH/USDT:USDT,0.2848,211.0,0.2847,939.0,0.2851,219.0,0.2852,727.0
1753592563949,05:02:43.949,gateio,1INCH/USDT:USDT,0.2849,211.0,0.2848,2026.0,0.2851,219.0,0.2852,727.0
1753592564070,05:02:44.070,gateio,1INCH/USDT:USDT,0.2849,211.0,0.2848,211.0,0.2851,219.0,0.2852,727.0
1753592564118,05:02:44.118,gateio,1INCH/USDT:USDT,0.2848,211.0,0.2847,939.0,0.2851,219.0,0.2852,727.0
1753592564220,05:02:44.220,gateio,1INCH/USDT:USDT,0.2848,211.0,0.2847,939.0,0.2851,219.0,0.2852,727.0
1753592564519,05:02:44.519,gateio,1INCH/USDT:USDT,0.2848,211.0,0.2847,939.0,0.2851,219.0,0.2852,727.0
1753592564958,05:02:44.958,gateio,1INCH/USDT:USDT,0.2848,211.0,0.2847,939.0,0.2851,219.0,0.2852,727.0
1753592565363,05:02:45.363,gateio,1INCH/USDT:USDT,0.2848,211.0,0.2847,939.0,0.2851,219.0,0.2852,727.0
1753592565380,05:02:45.380,gateio,1INCH/USDT:USDT,0.2848,211.0,0.2847,939.0,0.2851,219.0,0.2852,727.0
1753592565730,05:02:45.730,gateio,1INCH/USDT:USDT,0.2848,211.0,0.2847,939.0,0.2851,219.0,0.2852,727.0
1753592565795,05:02:45.795,gateio,1INCH/USDT:USDT,0.2848,211.0,0.2847,939.0,0.2851,219.0,0.2852,727.0
1753592566139,05:02:46.139,gateio,1INCH/USDT:USDT,0.2847,212.0,0.2846,11876.0,0.2851,219.0,0.2852,727.0
1753592566204,05:02:46.204,gateio,1INCH/USDT:USDT,0.2847,212.0,0.2846,11876.0,0.2851,219.0,0.2852,727.0
1753592566374,05:02:46.374,gateio,1INCH/USDT:USDT,0.2848,211.0,0.2847,939.0,0.2851,219.0,0.2852,727.0
1753592566550,05:02:46.550,gateio,1INCH/USDT:USDT,0.2848,211.0,0.2847,939.0,0.2851,219.0,0.2852,727.0
1753592566589,05:02:46.589,gateio,1INCH/USDT:USDT,0.2848,211.0,0.2847,939.0,0.2851,219.0,0.2852,727.0
1753592566815,05:02:46.815,gateio,1INCH/USDT:USDT,0.2848,211.0,0.2847,939.0,0.2851,219.0,0.2852,727.0
1753592566974,05:02:46.974,gateio,1INCH/USDT:USDT,0.2848,211.0,0.2847,939.0,0.2851,219.0,0.2852,727.0
1753592567027,05:02:47.027,gateio,1INCH/USDT:USDT,0.2848,211.0,0.2847,939.0,0.2851,219.0,0.2852,727.0
1753592567135,05:02:47.135,gateio,1INCH/USDT:USDT,0.2848,211.0,0.2847,939.0,0.2851,219.0,0.2852,727.0
1753592567443,05:02:47.443,gateio,1INCH/USDT:USDT,0.2848,211.0,0.2847,939.0,0.2851,219.0,0.2852,727.0
1753592567817,05:02:47.817,gateio,1INCH/USDT:USDT,0.2848,211.0,0.2847,939.0,0.2851,219.0,0.2852,727.0
1753592567921,05:02:47.921,gateio,1INCH/USDT:USDT,0.2848,211.0,0.2847,939.0,0.2851,219.0,0.2852,727.0
1753592568150,05:02:48.150,gateio,1INCH/USDT:USDT,0.2848,211.0,0.2847,939.0,0.2851,219.0,0.2852,727.0
1753592568228,05:02:48.228,gateio,1INCH/USDT:USDT,0.2848,211.0,0.2847,939.0,0.2851,219.0,0.2852,727.0
1753592568470,05:02:48.470,gateio,1INCH/USDT:USDT,0.2848,211.0,0.2847,212.0,0.2851,219.0,0.2852,727.0
1753592568479,05:02:48.479,gateio,1INCH/USDT:USDT,0.2847,212.0,0.2846,11876.0,0.2851,219.0,0.2852,727.0
1753592568650,05:02:48.650,gateio,1INCH/USDT:USDT,0.2848,211.0,0.2847,939.0,0.2851,219.0,0.2852,727.0
1753592569067,05:02:49.067,gateio,1INCH/USDT:USDT,0.2848,211.0,0.2847,939.0,0.2851,219.0,0.2852,727.0
1753592569080,05:02:49.080,gateio,1INCH/USDT:USDT,0.2848,211.0,0.2847,939.0,0.2851,219.0,0.2852,727.0
1753592569211,05:02:49.211,gateio,1INCH/USDT:USDT,0.2848,211.0,0.2847,939.0,0.2851,219.0,0.2852,727.0
1753592569302,05:02:49.302,gateio,1INCH/USDT:USDT,0.2848,211.0,0.2847,939.0,0.2851,219.0,0.2852,727.0
1753592569494,05:02:49.494,gateio,1INCH/USDT:USDT,0.2848,211.0,0.2847,939.0,0.2851,219.0,0.2852,727.0
1753592569943,05:02:49.943,gateio,1INCH/USDT:USDT,0.2848,211.0,0.2847,939.0,0.2851,219.0,0.2852,727.0
1753592570054,05:02:50.054,gateio,1INCH/USDT:USDT,0.2848,211.0,0.2847,939.0,0.2851,219.0,0.2852,727.0
1753592570341,05:02:50.341,gateio,1INCH/USDT:USDT,0.2848,211.0,0.2847,939.0,0.2851,219.0,0.2852,727.0
1753592570446,05:02:50.446,gateio,1INCH/USDT:USDT,0.2848,211.0,0.2847,939.0,0.2851,219.0,0.2852,727.0
1753592571633,05:02:51.633,gateio,1INCH/USDT:USDT,0.2848,211.0,0.2847,939.0,0.2851,219.0,0.2852,727.0
1753592571690,05:02:51.690,gateio,1INCH/USDT:USDT,0.2848,211.0,0.2847,939.0,0.2851,219.0,0.2852,727.0
1753592571926,05:02:51.926,gateio,1INCH/USDT:USDT,0.2847,212.0,0.2846,11876.0,0.2851,219.0,0.2852,727.0
1753592572059,05:02:52.059,gateio,1INCH/USDT:USDT,0.2848,1815.0,0.2847,939.0,0.2851,219.0,0.2852,727.0
1753592572170,05:02:52.170,gateio,1INCH/USDT:USDT,0.2848,217.0,0.2847,939.0,0.2851,219.0,0.2852,727.0
1753592572232,05:02:52.232,gateio,1INCH/USDT:USDT,0.2848,217.0,0.2847,939.0,0.2851,219.0,0.2852,727.0
1753592572855,05:02:52.855,gateio,1INCH/USDT:USDT,0.2848,217.0,0.2847,212.0,0.2851,219.0,0.2852,727.0
1753592572925,05:02:52.925,gateio,1INCH/USDT:USDT,0.2847,212.0,0.2846,11876.0,0.2851,219.0,0.2852,727.0
1753592573070,05:02:53.070,gateio,1INCH/USDT:USDT,0.2848,217.0,0.2847,939.0,0.2851,219.0,0.2852,727.0
1753592573168,05:02:53.168,gateio,1INCH/USDT:USDT,0.2848,217.0,0.2847,939.0,0.2851,219.0,0.2852,727.0
1753592573209,05:02:53.209,gateio,1INCH/USDT:USDT,0.2848,217.0,0.2847,939.0,0.2851,219.0,0.2852,727.0
1753592573326,05:02:53.326,gateio,1INCH/USDT:USDT,0.2848,217.0,0.2847,939.0,0.2851,219.0,0.2852,727.0
1753592573574,05:02:53.574,gateio,1INCH/USDT:USDT,0.2847,212.0,0.2846,11876.0,0.2851,219.0,0.2852,727.0
1753592573584,05:02:53.584,gateio,1INCH/USDT:USDT,0.2847,212.0,0.2846,11876.0,0.2851,219.0,0.2852,727.0
1753592576431,05:02:56.431,gateio,1INCH/USDT:USDT,0.2847,212.0,0.2846,11876.0,0.2851,219.0,0.2852,727.0
1753592576846,05:02:56.846,gateio,1INCH/USDT:USDT,0.2847,212.0,0.2846,11876.0,0.2851,219.0,0.2852,727.0
1753592577175,05:02:57.175,gateio,1INCH/USDT:USDT,0.2844,1272.0,0.2843,947.0,0.2849,217.0,0.285,2542.0
1753592577266,05:02:57.266,gateio,1INCH/USDT:USDT,0.2846,217.0,0.2845,218.0,0.2849,217.0,0.285,2542.0
1753592577355,05:02:57.355,gateio,1INCH/USDT:USDT,0.2846,217.0,0.2845,944.0,0.2849,217.0,0.285,2542.0
1753592577475,05:02:57.475,gateio,1INCH/USDT:USDT,0.2846,217.0,0.2845,944.0,0.2849,217.0,0.285,2542.0
1753592577507,05:02:57.507,gateio,1INCH/USDT:USDT,0.2846,217.0,0.2845,944.0,0.2849,217.0,0.285,2542.0
1753592577646,05:02:57.646,gateio,1INCH/USDT:USDT,0.2846,217.0,0.2845,944.0,0.2849,217.0,0.285,2542.0
1753592577837,05:02:57.837,gateio,1INCH/USDT:USDT,0.2846,217.0,0.2845,944.0,0.2849,217.0,0.285,2542.0
1753592578169,05:02:58.169,gateio,1INCH/USDT:USDT,0.2845,217.0,0.2844,10046.0,0.2849,217.0,0.285,2542.0
1753592578239,05:02:58.239,gateio,1INCH/USDT:USDT,0.2845,217.0,0.2844,10042.0,0.2849,217.0,0.285,2542.0
1753592578468,05:02:58.468,gateio,1INCH/USDT:USDT,0.2846,217.0,0.2845,218.0,0.2849,217.0,0.285,2542.0
1753592578548,05:02:58.548,gateio,1INCH/USDT:USDT,0.2846,217.0,0.2845,217.0,0.2849,217.0,0.285,2542.0
1753592578592,05:02:58.592,gateio,1INCH/USDT:USDT,0.2845,217.0,0.2844,10042.0,0.2849,217.0,0.285,2542.0
1753592579278,05:02:59.278,gateio,1INCH/USDT:USDT,0.2845,217.0,0.2844,10042.0,0.2849,217.0,0.285,2542.0
1753592579440,05:02:59.440,gateio,1INCH/USDT:USDT,0.2846,217.0,0.2845,218.0,0.2849,217.0,0.285,2542.0
1753592579535,05:02:59.535,gateio,1INCH/USDT:USDT,0.2846,217.0,0.2845,217.0,0.2849,217.0,0.285,2542.0
1753592579592,05:02:59.592,gateio,1INCH/USDT:USDT,0.2845,217.0,0.2844,10042.0,0.2849,217.0,0.285,2542.0
1753592580754,05:03:00.754,gateio,1INCH/USDT:USDT,0.2846,217.0,0.2845,944.0,0.2849,217.0,0.285,2542.0
1753592580898,05:03:00.898,gateio,1INCH/USDT:USDT,0.2846,217.0,0.2845,944.0,0.2849,217.0,0.285,2542.0
1753592581150,05:03:01.150,gateio,1INCH/USDT:USDT,0.2846,217.0,0.2845,944.0,0.2849,217.0,0.285,2542.0
1753592581298,05:03:01.298,gateio,1INCH/USDT:USDT,0.2846,217.0,0.2845,944.0,0.2849,217.0,0.285,2542.0
1753592582011,05:03:02.011,gateio,1INCH/USDT:USDT,0.2846,217.0,0.2845,944.0,0.2849,217.0,0.285,2542.0
1753592583864,05:03:03.864,gateio,1INCH/USDT:USDT,0.2845,217.0,0.2844,10042.0,0.2849,217.0,0.285,2542.0
1753592583938,05:03:03.938,gateio,1INCH/USDT:USDT,0.2846,219.0,0.2845,945.0,0.2849,217.0,0.285,2542.0
1753592584036,05:03:04.036,gateio,1INCH/USDT:USDT,0.2846,219.0,0.2845,944.0,0.2849,217.0,0.285,2542.0
1753592584129,05:03:04.129,gateio,1INCH/USDT:USDT,0.2846,219.0,0.2845,944.0,0.2849,217.0,0.285,2542.0
1753592585603,05:03:05.603,gateio,1INCH/USDT:USDT,0.2846,219.0,0.2845,944.0,0.2849,217.0,0.285,2542.0
1753592585752,05:03:05.752,gateio,1INCH/USDT:USDT,0.2846,219.0,0.2845,944.0,0.2849,217.0,0.285,2542.0
1753592586809,05:03:06.809,gateio,1INCH/USDT:USDT,0.2846,219.0,0.2845,944.0,0.2849,217.0,0.285,2542.0
1753592587203,05:03:07.203,gateio,1INCH/USDT:USDT,0.2845,217.0,0.2844,10042.0,0.2849,217.0,0.285,2542.0
1753592587439,05:03:07.439,gateio,1INCH/USDT:USDT,0.2846,219.0,0.2845,218.0,0.2849,217.0,0.285,2542.0
1753592587536,05:03:07.536,gateio,1INCH/USDT:USDT,0.2846,219.0,0.2845,944.0,0.2849,217.0,0.285,2542.0
1753592587794,05:03:07.794,gateio,1INCH/USDT:USDT,0.2846,219.0,0.2845,944.0,0.2849,217.0,0.285,2542.0
1753592589698,05:03:09.698,gateio,1INCH/USDT:USDT,0.2845,217.0,0.2844,10042.0,0.2849,217.0,0.285,2542.0
1753592589818,05:03:09.818,gateio,1INCH/USDT:USDT,0.2845,217.0,0.2844,10042.0,0.2849,217.0,0.285,2542.0
1753592589947,05:03:09.947,gateio,1INCH/USDT:USDT,0.2845,217.0,0.2844,10042.0,0.2849,217.0,0.285,2542.0
1753592591609,05:03:11.609,gateio,1INCH/USDT:USDT,0.2845,217.0,0.2844,10042.0,0.2849,217.0,0.285,2542.0
1753592594522,05:03:14.522,gateio,1INCH/USDT:USDT,0.2846,214.0,0.2845,944.0,0.2849,217.0,0.285,2542.0
1753592596410,05:03:16.410,gateio,1INCH/USDT:USDT,0.2846,214.0,0.2845,944.0,0.2849,217.0,0.285,2542.0
1753592601214,05:03:21.214,gateio,1INCH/USDT:USDT,0.2846,214.0,0.2845,944.0,0.2849,217.0,0.285,2542.0
1753592603329,05:03:23.329,gateio,1INCH/USDT:USDT,0.2846,214.0,0.2845,2759.0,0.2849,217.0,0.285,727.0
1753592603497,05:03:23.497,gateio,1INCH/USDT:USDT,0.2846,214.0,0.2845,2759.0,0.2849,217.0,0.285,727.0
1753592604053,05:03:24.053,gateio,1INCH/USDT:USDT,0.2846,214.0,0.2845,2759.0,0.285,727.0,0.2851,219.0
1753592604082,05:03:24.082,gateio,1INCH/USDT:USDT,0.2846,214.0,0.2845,2759.0,0.285,727.0,0.2851,219.0
1753592605064,05:03:25.064,gateio,1INCH/USDT:USDT,0.2846,214.0,0.2845,2759.0,0.2849,217.0,0.285,727.0
1753592605341,05:03:25.341,gateio,1INCH/USDT:USDT,0.2846,214.0,0.2845,2759.0,0.2849,217.0,0.285,727.0
1753592605501,05:03:25.501,gateio,1INCH/USDT:USDT,0.2846,214.0,0.2845,2759.0,0.2849,217.0,0.285,727.0
1753592606010,05:03:26.010,gateio,1INCH/USDT:USDT,0.2846,214.0,0.2845,2759.0,0.2849,217.0,0.285,727.0
1753592610810,05:03:30.810,gateio,1INCH/USDT:USDT,0.2846,214.0,0.2845,2759.0,0.2849,217.0,0.285,727.0
1753592615610,05:03:35.610,gateio,1INCH/USDT:USDT,0.2846,214.0,0.2845,2759.0,0.2849,217.0,0.285,727.0
1753592615713,05:03:35.713,gateio,1INCH/USDT:USDT,0.2846,214.0,0.2845,2759.0,0.2849,217.0,0.285,727.0
1753592615852,05:03:35.852,gateio,1INCH/USDT:USDT,0.2846,214.0,0.2845,2759.0,0.2849,217.0,0.285,727.0
