timestamp,time,exchange,symbol,bid1_price,bid1_volume,bid2_price,bid2_volume,ask1_price,ask1_volume,ask2_price,ask2_volume
1753591902225,04:51:42.225,mexc,A/USDT:USDT,0.5756,18225.0,0.5755,20996,0.5757,21764.0,0.5758,35200
1753591902819,04:51:42.819,mexc,A/USDT:USDT,0.5756,18225.0,0.5755,14905,0.5757,21764.0,0.5758,30257
1753591903221,04:51:43.221,mexc,A/USDT:USDT,0.5756,18225.0,0.5755,14905,0.5757,21764.0,0.5758,24940
1753591903319,04:51:43.319,mexc,A/USDT:USDT,0.5756,18225.0,0.5755,21924,0.5757,21764.0,0.5758,24940
1753591903722,04:51:43.722,mexc,A/USDT:USDT,0.5756,18225.0,0.5755,21924,0.5757,21764.0,0.5758,24940
1753591903862,04:51:43.862,mexc,A/USDT:USDT,0.5756,18225.0,0.5755,14905,0.5757,21764.0,0.5758,28027
1753591904118,04:51:44.118,mexc,A/USDT:USDT,0.5756,34149,0.5755,14905,0.5757,22031,0.5758,23701
1753591904320,04:51:44.320,mexc,A/USDT:USDT,0.5756,15924,0.5755,18903,0.5757,22031,0.5758,23701
1753591904724,04:51:44.724,mexc,A/USDT:USDT,0.5756,15924,0.5755,18903,0.5757,22031,0.5758,23701
1753591904867,04:51:44.867,mexc,A/USDT:USDT,0.5756,15924,0.5755,18903,0.5757,22031,0.5758,31453
1753591905223,04:51:45.223,mexc,A/USDT:USDT,0.5756,15924,0.5755,18903,0.5757,22031,0.5758,31453
1753591905321,04:51:45.321,mexc,A/USDT:USDT,0.5756,15924,0.5755,18903,0.5757,22031,0.5758,23701
1753591905724,04:51:45.724,mexc,A/USDT:USDT,0.5756,15924,0.5755,18903,0.5757,22031,0.5758,23701
1753591905822,04:51:45.822,mexc,A/USDT:USDT,0.5756,15924,0.5755,18903,0.5757,22031,0.5758,32744
1753591906227,04:51:46.227,mexc,A/USDT:USDT,0.5756,15924,0.5755,18903,0.5757,22031,0.5758,32744
1753591906322,04:51:46.322,mexc,A/USDT:USDT,0.5756,15924,0.5755,18903,0.5757,22031,0.5758,23701
1753591906728,04:51:46.728,mexc,A/USDT:USDT,0.5756,15924,0.5755,18903,0.5757,22031,0.5758,23701
1753591906822,04:51:46.822,mexc,A/USDT:USDT,0.5756,15924,0.5755,18903,0.5757,22031,0.5758,23701
1753591907224,04:51:47.224,mexc,A/USDT:USDT,0.5756,15924,0.5755,18903,0.5757,22031,0.5758,23701
1753591907322,04:51:47.322,mexc,A/USDT:USDT,0.5756,15924,0.5755,24220,0.5757,22031,0.5758,30474
1753591907781,04:51:47.781,mexc,A/USDT:USDT,0.5756,15924,0.5755,18903,0.5757,22031,0.5758,30474
1753591907822,04:51:47.822,mexc,A/USDT:USDT,0.5756,15924,0.5755,26618,0.5757,22031,0.5758,23701
1753591908225,04:51:48.225,mexc,A/USDT:USDT,0.5756,15924,0.5755,26618,0.5757,22031,0.5758,23701
1753591908322,04:51:48.322,mexc,A/USDT:USDT,0.5756,15924,0.5755,23335,0.5757,22031,0.5758,30193
1753591908725,04:51:48.725,mexc,A/USDT:USDT,0.5756,15924,0.5755,23335,0.5757,22031,0.5758,30193
1753591908823,04:51:48.823,mexc,A/USDT:USDT,0.5756,15924,0.5755,18903,0.5757,22031,0.5758,28769
1753591909225,04:51:49.225,mexc,A/USDT:USDT,0.5756,15924,0.5755,18903,0.5757,22031,0.5758,28769
1753591909323,04:51:49.323,mexc,A/USDT:USDT,0.5756,15924,0.5755,18903,0.5757,22031,0.5758,23701
1753591909726,04:51:49.726,mexc,A/USDT:USDT,0.5756,15924,0.5755,18903,0.5757,22031,0.5758,23701
1753591909824,04:51:49.824,mexc,A/USDT:USDT,0.5756,15924,0.5755,21959,0.5757,22031,0.5758,23701
1753591910124,04:51:50.124,mexc,A/USDT:USDT,0.5756,15468,0.5755,26221,0.5757,22653,0.5758,16493
1753591910324,04:51:50.324,mexc,A/USDT:USDT,0.5756,15468,0.5755,26221,0.5757,22653,0.5758,16493
1753591910728,04:51:50.728,mexc,A/USDT:USDT,0.5756,15468,0.5755,26221,0.5757,22653,0.5758,16493
1753591910873,04:51:50.873,mexc,A/USDT:USDT,0.5756,15468,0.5755,47957,0.5757,22653,0.5758,16493
1753591911227,04:51:51.227,mexc,A/USDT:USDT,0.5756,15468,0.5755,47957,0.5757,22653,0.5758,16493
1753591911323,04:51:51.323,mexc,A/USDT:USDT,0.5756,15468,0.5755,44457,0.5757,22653,0.5758,22494
1753591911726,04:51:51.726,mexc,A/USDT:USDT,0.5756,15468,0.5755,38195,0.5757,22653,0.5758,22494
1753591911825,04:51:51.825,mexc,A/USDT:USDT,0.5756,15468,0.5755,26221,0.5757,22653,0.5758,21632
1753591912226,04:51:52.226,mexc,A/USDT:USDT,0.5756,15468,0.5755,26221,0.5757,22653,0.5758,21632
1753591912324,04:51:52.324,mexc,A/USDT:USDT,0.5756,15468,0.5755,28984,0.5757,22653,0.5758,21240
1753591912730,04:51:52.730,mexc,A/USDT:USDT,0.5756,15468,0.5755,28984,0.5757,22653,0.5758,21240
1753591912824,04:51:52.824,mexc,A/USDT:USDT,0.5756,15468,0.5755,26221,0.5757,22653,0.5758,16493
1753591913227,04:51:53.227,mexc,A/USDT:USDT,0.5756,15468,0.5755,26221,0.5757,22653,0.5758,16493
1753591913325,04:51:53.325,mexc,A/USDT:USDT,0.5756,15468,0.5755,38336,0.5757,22653,0.5758,16493
1753591913729,04:51:53.729,mexc,A/USDT:USDT,0.5756,15468,0.5755,38336,0.5757,22653,0.5758,16493
1753591913835,04:51:53.835,mexc,A/USDT:USDT,0.5756,15468,0.5755,26221,0.5757,22653,0.5758,22177
1753591914228,04:51:54.228,mexc,A/USDT:USDT,0.5756,15468,0.5755,26221,0.5757,22653,0.5758,16493
1753591914326,04:51:54.326,mexc,A/USDT:USDT,0.5756,15468,0.5755,26221,0.5757,22653,0.5758,21499
1753591914728,04:51:54.728,mexc,A/USDT:USDT,0.5756,15468,0.5755,26221,0.5757,22653,0.5758,16493
1753591914826,04:51:54.826,mexc,A/USDT:USDT,0.5756,15468,0.5755,35631,0.5757,22653,0.5758,16493
1753591915228,04:51:55.228,mexc,A/USDT:USDT,0.5756,15468,0.5755,35631,0.5757,22653,0.5758,16493
1753591915325,04:51:55.325,mexc,A/USDT:USDT,0.5756,15468,0.5755,35025,0.5757,22653,0.5758,16493
1753591915729,04:51:55.729,mexc,A/USDT:USDT,0.5756,15468,0.5755,35025,0.5757,22653,0.5758,16493
1753591915827,04:51:55.827,mexc,A/USDT:USDT,0.5756,15468,0.5755,26221,0.5757,22653,0.5758,19163
1753591916125,04:51:56.125,mexc,A/USDT:USDT,0.5756,24425,0.5755,17956,0.5757,21070,0.5758,24435
1753591916328,04:51:56.328,mexc,A/USDT:USDT,0.5756,24425,0.5755,17956,0.5757,21070,0.5758,24435
1753591916730,04:51:56.730,mexc,A/USDT:USDT,0.5756,24425,0.5755,17956,0.5757,21070,0.5758,24435
1753591916873,04:51:56.873,mexc,A/USDT:USDT,0.5756,24425,0.5755,17956,0.5757,21070,0.5758,24435
1753591917232,04:51:57.232,mexc,A/USDT:USDT,0.5756,24425,0.5755,17956,0.5757,21070,0.5758,24435
1753591917328,04:51:57.328,mexc,A/USDT:USDT,0.5756,24425,0.5755,22048,0.5757,21070,0.5758,24435
1753591917730,04:51:57.730,mexc,A/USDT:USDT,0.5756,24425,0.5755,22048,0.5757,21070,0.5758,24435
1753591917828,04:51:57.828,mexc,A/USDT:USDT,0.5756,24425,0.5755,17956,0.5757,21070,0.5758,32228
1753591918230,04:51:58.230,mexc,A/USDT:USDT,0.5756,24425,0.5755,17956,0.5757,21070,0.5758,24435
1753591918329,04:51:58.329,mexc,A/USDT:USDT,0.5756,24425,0.5755,21996,0.5757,21070,0.5758,24435
1753591918732,04:51:58.732,mexc,A/USDT:USDT,0.5756,24425,0.5755,17956,0.5757,21070,0.5758,24435
1753591918828,04:51:58.828,mexc,A/USDT:USDT,0.5756,24425,0.5755,17956,0.5757,21070,0.5758,34079
1753591919231,04:51:59.231,mexc,A/USDT:USDT,0.5756,24425,0.5755,17956,0.5757,21070,0.5758,34079
1753591919329,04:51:59.329,mexc,A/USDT:USDT,0.5756,24425,0.5755,22981,0.5757,21070,0.5758,24435
1753591919730,04:51:59.730,mexc,A/USDT:USDT,0.5756,24425,0.5755,17956,0.5757,21070,0.5758,24435
1753591919829,04:51:59.829,mexc,A/USDT:USDT,0.5756,24425,0.5755,20355,0.5757,21070,0.5758,24435
1753591920232,04:52:00.232,mexc,A/USDT:USDT,0.5756,24425,0.5755,20355,0.5757,21070,0.5758,24435
1753591920329,04:52:00.329,mexc,A/USDT:USDT,0.5756,24425,0.5755,26204,0.5757,21070,0.5758,29699
1753591920731,04:52:00.731,mexc,A/USDT:USDT,0.5756,24425,0.5755,26204,0.5757,21070,0.5758,24435
1753591920829,04:52:00.829,mexc,A/USDT:USDT,0.5756,24425,0.5755,28832,0.5757,21070,0.5758,24435
1753591921232,04:52:01.232,mexc,A/USDT:USDT,0.5756,24425,0.5755,25758,0.5757,21070,0.5758,24435
1753591921330,04:52:01.330,mexc,A/USDT:USDT,0.5756,24425,0.5755,33841,0.5757,21070,0.5758,35390
1753591921735,04:52:01.735,mexc,A/USDT:USDT,0.5756,24425,0.5755,33841,0.5757,21070,0.5758,35390
1753591921829,04:52:01.829,mexc,A/USDT:USDT,0.5756,24425,0.5755,17956,0.5757,21070,0.5758,35195
1753591922133,04:52:02.133,mexc,A/USDT:USDT,0.5758,20545,0.5757,26518,0.5759,18428,0.576,24073
1753591922337,04:52:02.337,mexc,A/USDT:USDT,0.5758,20545,0.5757,29635,0.5759,18428,0.576,24073
1753591922737,04:52:02.737,mexc,A/USDT:USDT,0.5758,20545,0.5757,26518,0.5759,18428,0.576,24073
1753591922878,04:52:02.878,mexc,A/USDT:USDT,0.5758,20545,0.5757,36346,0.5759,18428,0.576,32583
1753591923237,04:52:03.237,mexc,A/USDT:USDT,0.5758,20545,0.5757,36346,0.5759,18428,0.576,32583
1753591923332,04:52:03.332,mexc,A/USDT:USDT,0.5758,20545,0.5757,38327,0.5759,18428,0.576,30222
1753591923735,04:52:03.735,mexc,A/USDT:USDT,0.5758,20545,0.5757,26518,0.5759,18428,0.576,30222
1753591923834,04:52:03.834,mexc,A/USDT:USDT,0.5758,20545,0.5757,34009,0.5759,18428,0.576,24073
1753591924236,04:52:04.236,mexc,A/USDT:USDT,0.5758,20545,0.5757,34009,0.5759,18428,0.576,24073
1753591924365,04:52:04.365,mexc,A/USDT:USDT,0.5758,20545,0.5757,26518,0.5759,18428,0.576,32500
1753591924736,04:52:04.736,mexc,A/USDT:USDT,0.5758,20545,0.5757,26518,0.5759,18428,0.576,32500
1753591924833,04:52:04.833,mexc,A/USDT:USDT,0.5758,20545,0.5757,29804,0.5759,18428,0.576,24073
1753591925235,04:52:05.235,mexc,A/USDT:USDT,0.5758,20545,0.5757,29804,0.5759,18428,0.576,24073
1753591925333,04:52:05.333,mexc,A/USDT:USDT,0.5758,20545,0.5757,26518,0.5759,18428,0.576,24073
1753591925736,04:52:05.736,mexc,A/USDT:USDT,0.5758,20545,0.5757,26518,0.5759,18428,0.576,24073
1753591925833,04:52:05.833,mexc,A/USDT:USDT,0.5758,20545,0.5757,39620,0.5759,18428,0.576,24073
1753591926235,04:52:06.235,mexc,A/USDT:USDT,0.5758,20545,0.5757,39620,0.5759,18428,0.576,24073
1753591926332,04:52:06.332,mexc,A/USDT:USDT,0.5758,20545,0.5757,29202,0.5759,18428,0.576,24073
1753591926736,04:52:06.736,mexc,A/USDT:USDT,0.5758,20545,0.5757,29202,0.5759,18428,0.576,24073
1753591926832,04:52:06.832,mexc,A/USDT:USDT,0.5758,20545,0.5757,26518,0.5759,18428,0.576,24073
1753591927239,04:52:07.239,mexc,A/USDT:USDT,0.5758,20545,0.5757,26518,0.5759,18428,0.576,24073
1753591927335,04:52:07.335,mexc,A/USDT:USDT,0.5758,20545,0.5757,39352,0.5759,18428,0.576,24073
1753591927743,04:52:07.743,mexc,A/USDT:USDT,0.5758,20545,0.5757,39352,0.5759,18428,0.576,24073
1753591927835,04:52:07.835,mexc,A/USDT:USDT,0.5758,20545,0.5757,34291,0.5759,18428,0.576,24073
1753591928133,04:52:08.133,mexc,A/USDT:USDT,0.5758,18356,0.5757,16081,0.5759,17111,0.576,23145
1753591928340,04:52:08.340,mexc,A/USDT:USDT,0.5758,18356,0.5757,16081,0.5759,17111,0.576,39261
1753591928834,04:52:08.834,mexc,A/USDT:USDT,0.5758,18356,0.5757,16081,0.5759,17111,0.576,31585
1753591928913,04:52:08.913,mexc,A/USDT:USDT,0.5758,18356,0.5757,16081,0.5759,17111,0.576,31585
1753591929237,04:52:09.237,mexc,A/USDT:USDT,0.5758,18356,0.5757,16081,0.5759,17111,0.576,23145
1753591929336,04:52:09.336,mexc,A/USDT:USDT,0.5758,18356,0.5757,16081,0.5759,17111,0.576,23145
1753591929739,04:52:09.739,mexc,A/USDT:USDT,0.5758,18356,0.5757,16081,0.5759,17111,0.576,23145
1753591929881,04:52:09.881,mexc,A/USDT:USDT,0.5758,18356,0.5757,16081,0.5759,17111,0.576,31760
1753591930284,04:52:10.284,mexc,A/USDT:USDT,0.5758,18356,0.5757,16081,0.5759,17111,0.576,31760
1753591930382,04:52:10.382,mexc,A/USDT:USDT,0.5758,18356,0.5757,19108,0.5759,17111,0.576,34207
1753591930784,04:52:10.784,mexc,A/USDT:USDT,0.5758,18356,0.5757,16081,0.5759,17111,0.576,34207
1753591930882,04:52:10.882,mexc,A/USDT:USDT,0.5758,18356,0.5757,16081,0.5759,17111,0.576,26215
1753591931283,04:52:11.283,mexc,A/USDT:USDT,0.5758,18356,0.5757,16081,0.5759,17111,0.576,23145
1753591931381,04:52:11.381,mexc,A/USDT:USDT,0.5758,18356,0.5757,16081,0.5759,17111,0.576,32594
1753591931783,04:52:11.783,mexc,A/USDT:USDT,0.5758,18356,0.5757,16081,0.5759,17111,0.576,23145
1753591931882,04:52:11.882,mexc,A/USDT:USDT,0.5758,18356,0.5757,20350,0.5759,17111,0.576,32617
1753591932283,04:52:12.283,mexc,A/USDT:USDT,0.5758,18356,0.5757,20350,0.5759,17111,0.576,32617
1753591932381,04:52:12.381,mexc,A/USDT:USDT,0.5758,18356,0.5757,21026,0.5759,17111,0.576,28245
1753591932784,04:52:12.784,mexc,A/USDT:USDT,0.5758,18356,0.5757,21026,0.5759,17111,0.576,28245
1753591932882,04:52:12.882,mexc,A/USDT:USDT,0.5758,18356,0.5757,16081,0.5759,17111,0.576,23145
1753591933285,04:52:13.285,mexc,A/USDT:USDT,0.5758,18356,0.5757,16081,0.5759,17111,0.576,23145
1753591933382,04:52:13.382,mexc,A/USDT:USDT,0.5758,18356,0.5757,16081,0.5759,17111,0.576,26886
1753591933776,04:52:13.776,mexc,A/USDT:USDT,0.5758,18356,0.5757,16081,0.5759,17111,0.576,26886
1753591933884,04:52:13.884,mexc,A/USDT:USDT,0.5758,18356,0.5757,20230,0.5759,17111,0.576,23145
1753591934134,04:52:14.134,mexc,A/USDT:USDT,0.5758,17872,0.5757,23972,0.5759,26561,0.576,20822
1753591934383,04:52:14.383,mexc,A/USDT:USDT,0.5758,17872,0.5757,31563,0.5759,26561,0.576,30964
1753591934786,04:52:14.786,mexc,A/USDT:USDT,0.5758,17872,0.5757,23972,0.5759,26561,0.576,28781
1753591934886,04:52:14.886,mexc,A/USDT:USDT,0.5758,17872,0.5757,31008,0.5759,26561,0.576,20822
1753591935287,04:52:15.287,mexc,A/USDT:USDT,0.5758,17872,0.5757,26496,0.5759,26561,0.576,20822
1753591935383,04:52:15.383,mexc,A/USDT:USDT,0.5758,17872,0.5757,27889,0.5759,26561,0.576,23821
1753591935787,04:52:15.787,mexc,A/USDT:USDT,0.5758,17872,0.5757,27889,0.5759,26561,0.576,23821
1753591935884,04:52:15.884,mexc,A/USDT:USDT,0.5758,17872,0.5757,23972,0.5759,26561,0.576,26360
1753591936286,04:52:16.286,mexc,A/USDT:USDT,0.5758,17872,0.5757,23972,0.5759,26561,0.576,26360
1753591936384,04:52:16.384,mexc,A/USDT:USDT,0.5758,17872,0.5757,35916,0.5759,26561,0.576,24799
1753591936786,04:52:16.786,mexc,A/USDT:USDT,0.5758,17872,0.5757,23972,0.5759,26561,0.576,24799
1753591936887,04:52:16.887,mexc,A/USDT:USDT,0.5758,17872,0.5757,23972,0.5759,26561,0.576,20822
1753591937286,04:52:17.286,mexc,A/USDT:USDT,0.5758,17872,0.5757,23972,0.5759,26561,0.576,20822
1753591937386,04:52:17.386,mexc,A/USDT:USDT,0.5758,17872,0.5757,23972,0.5759,26561,0.576,20822
1753591937788,04:52:17.788,mexc,A/USDT:USDT,0.5758,17872,0.5757,23972,0.5759,26561,0.576,20822
1753591937886,04:52:17.886,mexc,A/USDT:USDT,0.5758,17872,0.5757,37419,0.5759,26561,0.576,20822
1753591938287,04:52:18.287,mexc,A/USDT:USDT,0.5758,17872,0.5757,31898,0.5759,26561,0.576,20822
1753591938387,04:52:18.387,mexc,A/USDT:USDT,0.5758,17872,0.5757,23972,0.5759,26561,0.576,20822
1753591938788,04:52:18.788,mexc,A/USDT:USDT,0.5758,17872,0.5757,23972,0.5759,26561,0.576,20822
1753591938889,04:52:18.889,mexc,A/USDT:USDT,0.5758,17872,0.5757,23972,0.5759,26561,0.576,22952
1753591939289,04:52:19.289,mexc,A/USDT:USDT,0.5758,17872,0.5757,23972,0.5759,26561,0.576,20822
1753591939385,04:52:19.385,mexc,A/USDT:USDT,0.5758,17872,0.5757,23972,0.5759,26561,0.576,26917
1753591939788,04:52:19.788,mexc,A/USDT:USDT,0.5758,17872,0.5757,23972,0.5759,26561,0.576,26917
1753591939948,04:52:19.948,mexc,A/USDT:USDT,0.5758,17872,0.5757,23972,0.5759,26561,0.576,20822
1753591940134,04:52:20.134,mexc,A/USDT:USDT,0.5758,20684,0.5757,17161,0.5759,22016,0.576,16050
1753591940388,04:52:20.388,mexc,A/USDT:USDT,0.5758,20684,0.5757,17161,0.5759,22016,0.576,16050
1753591940790,04:52:20.790,mexc,A/USDT:USDT,0.5758,20684,0.5757,17161,0.5759,22016,0.576,16050
1753591940887,04:52:20.887,mexc,A/USDT:USDT,0.5758,20684,0.5757,22523,0.5759,22016,0.576,16050
1753591941292,04:52:21.292,mexc,A/USDT:USDT,0.5758,20684,0.5757,22523,0.5759,22016,0.576,16050
1753591941388,04:52:21.388,mexc,A/USDT:USDT,0.5758,20684,0.5757,17161,0.5759,22016,0.576,19985
1753591941789,04:52:21.789,mexc,A/USDT:USDT,0.5758,20684,0.5757,17161,0.5759,22016,0.576,16050
1753591941888,04:52:21.888,mexc,A/USDT:USDT,0.5758,20684,0.5757,23621,0.5759,22016,0.576,16050
1753591942289,04:52:22.289,mexc,A/USDT:USDT,0.5758,20684,0.5757,17161,0.5759,22016,0.576,16050
1753591942387,04:52:22.387,mexc,A/USDT:USDT,0.5758,20684,0.5757,20947,0.5759,22016,0.576,16050
1753591942789,04:52:22.789,mexc,A/USDT:USDT,0.5758,20684,0.5757,20947,0.5759,22016,0.576,16050
1753591942886,04:52:22.886,mexc,A/USDT:USDT,0.5758,20684,0.5757,17161,0.5759,22016,0.576,16050
1753591943290,04:52:23.290,mexc,A/USDT:USDT,0.5758,20684,0.5757,17161,0.5759,22016,0.576,16050
1753591943392,04:52:23.392,mexc,A/USDT:USDT,0.5758,20684,0.5757,17161,0.5759,22016,0.576,16050
1753591943797,04:52:23.797,mexc,A/USDT:USDT,0.5758,20684,0.5757,17161,0.5759,22016,0.576,16050
1753591943889,04:52:23.889,mexc,A/USDT:USDT,0.5758,20684,0.5757,17161,0.5759,22016,0.576,24805
1753591944292,04:52:24.292,mexc,A/USDT:USDT,0.5758,20684,0.5757,17161,0.5759,22016,0.576,24805
1753591944392,04:52:24.392,mexc,A/USDT:USDT,0.5758,20684,0.5757,24654,0.5759,22016,0.576,16050
1753591944791,04:52:24.791,mexc,A/USDT:USDT,0.5758,20684,0.5757,17161,0.5759,22016,0.576,16050
1753591944889,04:52:24.889,mexc,A/USDT:USDT,0.5758,20684,0.5757,17161,0.5759,22016,0.576,16050
1753591945134,04:52:25.134,mexc,A/USDT:USDT,0.5758,20684,0.5757,17161,0.5759,22016,0.576,16050
1753591945389,04:52:25.389,mexc,A/USDT:USDT,0.5758,20684,0.5757,19187,0.5759,22016,0.576,19815
1753591945792,04:52:25.792,mexc,A/USDT:USDT,0.5758,20684,0.5757,19187,0.5759,22016,0.576,19815
1753591945891,04:52:25.891,mexc,A/USDT:USDT,0.5758,20684,0.5757,27629,0.5759,22016,0.576,18882
1753591946135,04:52:26.135,mexc,A/USDT:USDT,0.5758,17018,0.5757,24976,0.5759,14883,0.576,26681
1753591946391,04:52:26.391,mexc,A/USDT:USDT,0.5758,17018,0.5757,32820,0.5759,14883,0.576,26681
1753591946792,04:52:26.792,mexc,A/USDT:USDT,0.5758,17018,0.5757,32820,0.5759,14883,0.576,26681
1753591946890,04:52:26.890,mexc,A/USDT:USDT,0.5758,17018,0.5757,34874,0.5759,14883,0.576,33811
1753591947293,04:52:27.293,mexc,A/USDT:USDT,0.5758,17018,0.5757,34874,0.5759,14883,0.576,33811
1753591947392,04:52:27.392,mexc,A/USDT:USDT,0.5758,17018,0.5757,30787,0.5759,14883,0.576,26681
1753591947797,04:52:27.797,mexc,A/USDT:USDT,0.5758,17018,0.5757,30787,0.5759,14883,0.576,26681
1753591947892,04:52:27.892,mexc,A/USDT:USDT,0.5758,17018,0.5757,43157,0.5759,14883,0.576,26681
1753591948294,04:52:28.294,mexc,A/USDT:USDT,0.5758,17018,0.5757,43157,0.5759,14883,0.576,26681
1753591948391,04:52:28.391,mexc,A/USDT:USDT,0.5758,17018,0.5757,24976,0.5759,14883,0.576,26681
1753591948794,04:52:28.794,mexc,A/USDT:USDT,0.5758,17018,0.5757,24976,0.5759,14883,0.576,26681
1753591948893,04:52:28.893,mexc,A/USDT:USDT,0.5758,17018,0.5757,24976,0.5759,14883,0.576,26681
1753591949295,04:52:29.295,mexc,A/USDT:USDT,0.5758,17018,0.5757,24976,0.5759,14883,0.576,26681
1753591949393,04:52:29.393,mexc,A/USDT:USDT,0.5758,17018,0.5757,24976,0.5759,14883,0.576,26681
1753591949796,04:52:29.796,mexc,A/USDT:USDT,0.5758,17018,0.5757,24976,0.5759,14883,0.576,26681
1753591949894,04:52:29.894,mexc,A/USDT:USDT,0.5758,17018,0.5757,24976,0.5759,14883,0.576,26681
1753591950295,04:52:30.295,mexc,A/USDT:USDT,0.5758,17018,0.5757,24976,0.5759,14883,0.576,26681
1753591950394,04:52:30.394,mexc,A/USDT:USDT,0.5758,17018,0.5757,32909,0.5759,14883,0.576,26681
1753591950797,04:52:30.797,mexc,A/USDT:USDT,0.5758,17018,0.5757,32909,0.5759,14883,0.576,26681
1753591950894,04:52:30.894,mexc,A/USDT:USDT,0.5758,17018,0.5757,28286,0.5759,14883,0.576,26681
1753591951048,04:52:31.048,mexc,A/USDT:USDT,0.5758,17018,0.5757,28286,0.5759,14883,0.576,26681
1753591951393,04:52:31.393,mexc,A/USDT:USDT,0.5758,17018,0.5757,33816,0.5759,14883,0.576,36083
1753591951797,04:52:31.797,mexc,A/USDT:USDT,0.5758,17018,0.5757,24976,0.5759,14883,0.576,36083
1753591951895,04:52:31.895,mexc,A/USDT:USDT,0.5758,17018,0.5757,24976,0.5759,14883,0.576,26681
1753591952138,04:52:32.138,mexc,A/USDT:USDT,0.5758,18370,0.5757,23988,0.5759,20507,0.576,17154
1753591952395,04:52:32.395,mexc,A/USDT:USDT,0.5758,18370,0.5757,32446,0.5759,20507,0.576,20490
1753591952796,04:52:32.796,mexc,A/USDT:USDT,0.5758,18370,0.5757,32446,0.5759,20507,0.576,17154
1753591952894,04:52:32.894,mexc,A/USDT:USDT,0.5758,18370,0.5757,32978,0.5759,20507,0.576,17154
1753591953297,04:52:33.297,mexc,A/USDT:USDT,0.5758,18370,0.5757,32978,0.5759,20507,0.576,17154
1753591953395,04:52:33.395,mexc,A/USDT:USDT,0.5758,18370,0.5757,23988,0.5759,20507,0.576,17154
1753591953796,04:52:33.796,mexc,A/USDT:USDT,0.5758,18370,0.5757,23988,0.5759,20507,0.576,17154
1753591953894,04:52:33.894,mexc,A/USDT:USDT,0.5758,18370,0.5757,33646,0.5759,20507,0.576,17154
1753591954297,04:52:34.297,mexc,A/USDT:USDT,0.5758,18370,0.5757,33646,0.5759,20507,0.576,17154
1753591954397,04:52:34.397,mexc,A/USDT:USDT,0.5758,18370,0.5757,35108,0.5759,20507,0.576,17154
1753591954799,04:52:34.799,mexc,A/USDT:USDT,0.5758,18370,0.5757,27629,0.5759,20507,0.576,17154
1753591954894,04:52:34.894,mexc,A/USDT:USDT,0.5758,18370,0.5757,29453,0.5759,20507,0.576,17154
1753591955299,04:52:35.299,mexc,A/USDT:USDT,0.5758,18370,0.5757,29453,0.5759,20507,0.576,17154
1753591955395,04:52:35.395,mexc,A/USDT:USDT,0.5758,18370,0.5757,27857,0.5759,20507,0.576,20008
1753591955797,04:52:35.797,mexc,A/USDT:USDT,0.5758,18370,0.5757,27857,0.5759,20507,0.576,20008
1753591955896,04:52:35.896,mexc,A/USDT:USDT,0.5758,18370,0.5757,33824,0.5759,20507,0.576,17154
1753591956298,04:52:36.298,mexc,A/USDT:USDT,0.5758,18370,0.5757,33824,0.5759,20507,0.576,17154
1753591956395,04:52:36.395,mexc,A/USDT:USDT,0.5758,18370,0.5757,33467,0.5759,20507,0.576,21720
1753591956797,04:52:36.797,mexc,A/USDT:USDT,0.5758,18370,0.5757,33467,0.5759,20507,0.576,21720
1753591956896,04:52:36.896,mexc,A/USDT:USDT,0.5758,18370,0.5757,35615,0.5759,20507,0.576,29839
1753591957050,04:52:37.050,mexc,A/USDT:USDT,0.5758,18370,0.5757,35615,0.5759,20507,0.576,29839
1753591957397,04:52:37.397,mexc,A/USDT:USDT,0.5758,18370,0.5757,35309,0.5759,20507,0.576,17154
1753591957803,04:52:37.803,mexc,A/USDT:USDT,0.5758,18370,0.5757,35309,0.5759,20507,0.576,17154
1753591957896,04:52:37.896,mexc,A/USDT:USDT,0.5758,18370,0.5757,23988,0.5759,20507,0.576,19462
1753591958147,04:52:38.147,mexc,A/USDT:USDT,0.5758,16782,0.5757,19899,0.5759,25308,0.576,14925
1753591958398,04:52:38.398,mexc,A/USDT:USDT,0.5758,16782,0.5757,26616,0.5759,25308,0.576,19063
1753591958799,04:52:38.799,mexc,A/USDT:USDT,0.5758,16782,0.5757,26616,0.5759,25308,0.576,14925
1753591958897,04:52:38.897,mexc,A/USDT:USDT,0.5758,16782,0.5757,28815,0.5759,25308,0.576,21327
1753591959299,04:52:39.299,mexc,A/USDT:USDT,0.5758,16782,0.5757,25417,0.5759,25308,0.576,21327
1753591959398,04:52:39.398,mexc,A/USDT:USDT,0.5758,16782,0.5757,28473,0.5759,25308,0.576,21061
1753591959800,04:52:39.800,mexc,A/USDT:USDT,0.5758,16782,0.5757,19899,0.5759,25308,0.576,21061
1753591959896,04:52:39.896,mexc,A/USDT:USDT,0.5758,16782,0.5757,23938,0.5759,25308,0.576,14925
1753591960299,04:52:40.299,mexc,A/USDT:USDT,0.5758,16782,0.5757,19899,0.5759,25308,0.576,14925
1753591960398,04:52:40.398,mexc,A/USDT:USDT,0.5758,16782,0.5757,19899,0.5759,25308,0.576,18683
1753591960800,04:52:40.800,mexc,A/USDT:USDT,0.5758,16782,0.5757,19899,0.5759,25308,0.576,14925
1753591960898,04:52:40.898,mexc,A/USDT:USDT,0.5758,16782,0.5757,19899,0.5759,25308,0.576,21361
1753591961299,04:52:41.299,mexc,A/USDT:USDT,0.5758,16782,0.5757,19899,0.5759,25308,0.576,21361
1753591961398,04:52:41.398,mexc,A/USDT:USDT,0.5758,16782,0.5757,27948,0.5759,25308,0.576,14925
1753591961800,04:52:41.800,mexc,A/USDT:USDT,0.5758,16782,0.5757,19899,0.5759,25308,0.576,14925
1753591961898,04:52:41.898,mexc,A/USDT:USDT,0.5758,16782,0.5757,27918,0.5759,25308,0.576,14925
1753591962301,04:52:42.301,mexc,A/USDT:USDT,0.5758,16782,0.5757,27918,0.5759,25308,0.576,14925
1753591962399,04:52:42.399,mexc,A/USDT:USDT,0.5758,16782,0.5757,26579,0.5759,25308,0.576,14925
1753591962801,04:52:42.801,mexc,A/USDT:USDT,0.5758,16782,0.5757,19899,0.5759,25308,0.576,14925
1753591962898,04:52:42.898,mexc,A/USDT:USDT,0.5758,16782,0.5757,19899,0.5759,25308,0.576,21876
1753591963057,04:52:43.057,mexc,A/USDT:USDT,0.5758,16782,0.5757,19899,0.5759,25308,0.576,21876
1753591963400,04:52:43.400,mexc,A/USDT:USDT,0.5758,16782,0.5757,24294,0.5759,25308,0.576,14925
1753591963802,04:52:43.802,mexc,A/USDT:USDT,0.5758,16782,0.5757,24294,0.5759,25308,0.576,14925
1753591963901,04:52:43.901,mexc,A/USDT:USDT,0.5758,16782,0.5757,19899,0.5759,25308,0.576,14925
1753591964148,04:52:44.148,mexc,A/USDT:USDT,0.5758,22510,0.5757,21570,0.5759,15823,0.576,20334
1753591964398,04:52:44.398,mexc,A/USDT:USDT,0.5758,22510,0.5757,33535,0.5759,15823,0.576,28159
1753591964803,04:52:44.803,mexc,A/USDT:USDT,0.5758,22510,0.5757,33535,0.5759,15823,0.576,20334
1753591964897,04:52:44.897,mexc,A/USDT:USDT,0.5758,22510,0.5757,26523,0.5759,15823,0.576,27852
1753591965301,04:52:45.301,mexc,A/USDT:USDT,0.5758,22510,0.5757,26523,0.5759,15823,0.576,27852
1753591965398,04:52:45.398,mexc,A/USDT:USDT,0.5758,22510,0.5757,21570,0.5759,15823,0.576,29255
1753591965800,04:52:45.800,mexc,A/USDT:USDT,0.5758,22510,0.5757,21570,0.5759,15823,0.576,20334
1753591965898,04:52:45.898,mexc,A/USDT:USDT,0.5758,22510,0.5757,21570,0.5759,15823,0.576,20334
1753591966300,04:52:46.300,mexc,A/USDT:USDT,0.5758,22510,0.5757,21570,0.5759,15823,0.576,20334
1753591966399,04:52:46.399,mexc,A/USDT:USDT,0.5758,22510,0.5757,29829,0.5759,15823,0.576,30264
1753591966801,04:52:46.801,mexc,A/USDT:USDT,0.5758,22510,0.5757,21570,0.5759,15823,0.576,30264
1753591966901,04:52:46.901,mexc,A/USDT:USDT,0.5758,22510,0.5757,21570,0.5759,15823,0.576,20334
1753591967302,04:52:47.302,mexc,A/USDT:USDT,0.5758,22510,0.5757,21570,0.5759,15823,0.576,20334
1753591967399,04:52:47.399,mexc,A/USDT:USDT,0.5758,22510,0.5757,29292,0.5759,15823,0.576,23394
1753591967802,04:52:47.802,mexc,A/USDT:USDT,0.5758,22510,0.5757,21570,0.5759,15823,0.576,23394
1753591967899,04:52:47.899,mexc,A/USDT:USDT,0.5758,22510,0.5757,27284,0.5759,15823,0.576,20334
1753591968301,04:52:48.301,mexc,A/USDT:USDT,0.5758,22510,0.5757,27284,0.5759,15823,0.576,20334
1753591968399,04:52:48.399,mexc,A/USDT:USDT,0.5758,22510,0.5757,21570,0.5759,15823,0.576,20334
1753591968801,04:52:48.801,mexc,A/USDT:USDT,0.5758,22510,0.5757,21570,0.5759,15823,0.576,20334
1753591968899,04:52:48.899,mexc,A/USDT:USDT,0.5758,22510,0.5757,27814,0.5759,15823,0.576,24564
1753591969303,04:52:49.303,mexc,A/USDT:USDT,0.5758,22510,0.5757,27814,0.5759,15823,0.576,20334
1753591969400,04:52:49.400,mexc,A/USDT:USDT,0.5758,22510,0.5757,21570,0.5759,15823,0.576,25426
1753591969800,04:52:49.800,mexc,A/USDT:USDT,0.5758,22510,0.5757,21570,0.5759,15823,0.576,25426
1753591969900,04:52:49.900,mexc,A/USDT:USDT,0.5758,22510,0.5757,29645,0.5759,15823,0.576,20334
1753591970152,04:52:50.152,mexc,A/USDT:USDT,0.5758,22852,0.5757,26753,0.5759,15298,0.576,23523
1753591970399,04:52:50.399,mexc,A/USDT:USDT,0.5758,22852,0.5757,26753,0.5759,15298,0.576,23523
1753591970901,04:52:50.901,mexc,A/USDT:USDT,0.5758,22852,0.5757,26753,0.5759,15298,0.576,23523
1753591970901,04:52:50.901,mexc,A/USDT:USDT,0.5758,22852,0.5757,33692,0.5759,15298,0.576,23523
1753591971302,04:52:51.302,mexc,A/USDT:USDT,0.5758,22852,0.5757,33692,0.5759,15298,0.576,23523
1753591971400,04:52:51.400,mexc,A/USDT:USDT,0.5758,22852,0.5757,26753,0.5759,15298,0.576,28809
1753591971802,04:52:51.802,mexc,A/USDT:USDT,0.5758,22852,0.5757,26753,0.5759,15298,0.576,23523
1753591971900,04:52:51.900,mexc,A/USDT:USDT,0.5758,22852,0.5757,26753,0.5759,15298,0.576,23523
1753591972303,04:52:52.303,mexc,A/USDT:USDT,0.5758,22852,0.5757,26753,0.5759,15298,0.576,23523
1753591972401,04:52:52.401,mexc,A/USDT:USDT,0.5758,22852,0.5757,26753,0.5759,15298,0.576,23523
1753591972803,04:52:52.803,mexc,A/USDT:USDT,0.5758,22852,0.5757,26753,0.5759,15298,0.576,23523
1753591972900,04:52:52.900,mexc,A/USDT:USDT,0.5758,22852,0.5757,30617,0.5759,15298,0.576,35060
1753591973302,04:52:53.302,mexc,A/USDT:USDT,0.5758,22852,0.5757,26753,0.5759,15298,0.576,35060
1753591973401,04:52:53.401,mexc,A/USDT:USDT,0.5758,22852,0.5757,26753,0.5759,15298,0.576,27634
1753591973803,04:52:53.803,mexc,A/USDT:USDT,0.5758,22852,0.5757,26753,0.5759,15298,0.576,27634
1753591973901,04:52:53.901,mexc,A/USDT:USDT,0.5758,22852,0.5757,33798,0.5759,15298,0.576,23523
1753591974303,04:52:54.303,mexc,A/USDT:USDT,0.5758,22852,0.5757,33798,0.5759,15298,0.576,23523
1753591974401,04:52:54.401,mexc,A/USDT:USDT,0.5758,22852,0.5757,26753,0.5759,15298,0.576,34675
1753591974802,04:52:54.802,mexc,A/USDT:USDT,0.5758,22852,0.5757,26753,0.5759,15298,0.576,34675
1753591974901,04:52:54.901,mexc,A/USDT:USDT,0.5758,22852,0.5757,37973,0.5759,15298,0.576,23523
1753591975305,04:52:55.305,mexc,A/USDT:USDT,0.5758,22852,0.5757,33789,0.5759,15298,0.576,23523
1753591975401,04:52:55.401,mexc,A/USDT:USDT,0.5758,22852,0.5757,36846,0.5759,15298,0.576,23523
1753591975804,04:52:55.804,mexc,A/USDT:USDT,0.5758,22852,0.5757,36846,0.5759,15298,0.576,23523
1753591975901,04:52:55.901,mexc,A/USDT:USDT,0.5758,22852,0.5757,26753,0.5759,15298,0.576,23523
1753591976153,04:52:56.153,mexc,A/USDT:USDT,0.5758,23747,0.5757,17872,0.5759,26043,0.576,14835
1753591976402,04:52:56.402,mexc,A/USDT:USDT,0.5758,23747,0.5757,17872,0.5759,26043,0.576,14835
1753591976803,04:52:56.803,mexc,A/USDT:USDT,0.5758,23747,0.5757,17872,0.5759,26043,0.576,14835
1753591976903,04:52:56.903,mexc,A/USDT:USDT,0.5758,23747,0.5757,17872,0.5759,26043,0.576,14835
1753591977304,04:52:57.304,mexc,A/USDT:USDT,0.5758,23747,0.5757,17872,0.5759,26043,0.576,14835
1753591977403,04:52:57.403,mexc,A/USDT:USDT,0.5758,23747,0.5757,17872,0.5759,26043,0.576,14835
1753591977805,04:52:57.805,mexc,A/USDT:USDT,0.5758,23747,0.5757,17872,0.5759,26043,0.576,14835
1753591977903,04:52:57.903,mexc,A/USDT:USDT,0.5758,23747,0.5757,25653,0.5759,26043,0.576,20487
1753591978306,04:52:58.306,mexc,A/USDT:USDT,0.5758,23747,0.5757,25653,0.5759,26043,0.576,14835
1753591978404,04:52:58.404,mexc,A/USDT:USDT,0.5758,23747,0.5757,17872,0.5759,26043,0.576,17605
1753591978805,04:52:58.805,mexc,A/USDT:USDT,0.5758,23747,0.5757,17872,0.5759,26043,0.576,17605
1753591978904,04:52:58.904,mexc,A/USDT:USDT,0.5758,23747,0.5757,17872,0.5759,26043,0.576,23474
1753591979306,04:52:59.306,mexc,A/USDT:USDT,0.5758,23747,0.5757,17872,0.5759,26043,0.576,18589
1753591979405,04:52:59.405,mexc,A/USDT:USDT,0.5758,23747,0.5757,17872,0.5759,26043,0.576,17354
1753591979805,04:52:59.805,mexc,A/USDT:USDT,0.5758,23747,0.5757,17872,0.5759,26043,0.576,17354
1753591979904,04:52:59.904,mexc,A/USDT:USDT,0.5758,23747,0.5757,22992,0.5759,26043,0.576,22210
1753591980306,04:53:00.306,mexc,A/USDT:USDT,0.5758,23747,0.5757,22992,0.5759,26043,0.576,22210
1753591980404,04:53:00.404,mexc,A/USDT:USDT,0.5758,23747,0.5757,19921,0.5759,26043,0.576,14835
1753591980806,04:53:00.806,mexc,A/USDT:USDT,0.5758,23747,0.5757,19921,0.5759,26043,0.576,14835
1753591980904,04:53:00.904,mexc,A/USDT:USDT,0.5758,23747,0.5757,21477,0.5759,26043,0.576,14835
1753591981308,04:53:01.308,mexc,A/USDT:USDT,0.5758,23747,0.5757,17872,0.5759,26043,0.576,14835
1753591981405,04:53:01.405,mexc,A/USDT:USDT,0.5758,23747,0.5757,17872,0.5759,26043,0.576,20075
1753591981809,04:53:01.809,mexc,A/USDT:USDT,0.5758,23747,0.5757,17872,0.5759,26043,0.576,20075
1753591981905,04:53:01.905,mexc,A/USDT:USDT,0.5758,23747,0.5757,25139,0.5759,26043,0.576,14835
1753591982155,04:53:02.155,mexc,A/USDT:USDT,0.5759,21702,0.5758,27015,0.576,23278,0.5761,16323
1753591982405,04:53:02.405,mexc,A/USDT:USDT,0.5759,21702,0.5758,27015,0.576,23278,0.5761,22019
1753591982806,04:53:02.806,mexc,A/USDT:USDT,0.5759,21702,0.5758,27015,0.576,23278,0.5761,22019
1753591982906,04:53:02.906,mexc,A/USDT:USDT,0.5759,21702,0.5758,27015,0.576,23278,0.5761,16323
1753591983306,04:53:03.306,mexc,A/USDT:USDT,0.5759,21702,0.5758,27015,0.576,23278,0.5761,16323
1753591983404,04:53:03.404,mexc,A/USDT:USDT,0.5759,21702,0.5758,35312,0.576,23278,0.5761,16323
1753591983806,04:53:03.806,mexc,A/USDT:USDT,0.5759,21702,0.5758,35312,0.576,23278,0.5761,16323
1753591983904,04:53:03.904,mexc,A/USDT:USDT,0.5759,21702,0.5758,39965,0.576,23278,0.5761,23276
1753591984307,04:53:04.307,mexc,A/USDT:USDT,0.5759,21702,0.5758,39965,0.576,23278,0.5761,16323
1753591984405,04:53:04.405,mexc,A/USDT:USDT,0.5759,21702,0.5758,27015,0.576,23278,0.5761,16323
1753591984809,04:53:04.809,mexc,A/USDT:USDT,0.5759,21702,0.5758,27015,0.576,23278,0.5761,16323
1753591984907,04:53:04.907,mexc,A/USDT:USDT,0.5759,21702,0.5758,27015,0.576,23278,0.5761,16323
1753591985309,04:53:05.309,mexc,A/USDT:USDT,0.5759,21702,0.5758,27015,0.576,23278,0.5761,16323
1753591985408,04:53:05.408,mexc,A/USDT:USDT,0.5759,21702,0.5758,50425,0.576,23278,0.5761,16323
1753591985810,04:53:05.810,mexc,A/USDT:USDT,0.5759,21702,0.5758,37477,0.576,23278,0.5761,16323
1753591985907,04:53:05.907,mexc,A/USDT:USDT,0.5759,21702,0.5758,27015,0.576,23278,0.5761,16323
1753591986310,04:53:06.310,mexc,A/USDT:USDT,0.5759,21702,0.5758,27015,0.576,23278,0.5761,16323
1753591986407,04:53:06.407,mexc,A/USDT:USDT,0.5759,21702,0.5758,31124,0.576,23278,0.5761,23246
1753591986811,04:53:06.811,mexc,A/USDT:USDT,0.5759,21702,0.5758,27015,0.576,23278,0.5761,23246
1753591986908,04:53:06.908,mexc,A/USDT:USDT,0.5759,21702,0.5758,27015,0.576,23278,0.5761,16323
1753591987312,04:53:07.312,mexc,A/USDT:USDT,0.5759,21702,0.5758,27015,0.576,23278,0.5761,16323
1753591987410,04:53:07.410,mexc,A/USDT:USDT,0.5759,21702,0.5758,27015,0.576,23278,0.5761,23063
1753591987818,04:53:07.818,mexc,A/USDT:USDT,0.5759,21702,0.5758,27015,0.576,23278,0.5761,23063
1753591987909,04:53:07.909,mexc,A/USDT:USDT,0.5759,21702,0.5758,47527,0.576,23278,0.5761,16323
1753591988156,04:53:08.156,mexc,A/USDT:USDT,0.5759,22171,0.5758,16371,0.576,16278,0.5761,23862
1753591988411,04:53:08.411,mexc,A/USDT:USDT,0.5759,22171,0.5758,16371,0.576,16278,0.5761,23862
1753591988813,04:53:08.813,mexc,A/USDT:USDT,0.5759,22171,0.5758,16371,0.576,16278,0.5761,23862
1753591988910,04:53:08.910,mexc,A/USDT:USDT,0.5759,22171,0.5758,16371,0.576,16278,0.5761,27155
1753591989313,04:53:09.313,mexc,A/USDT:USDT,0.5759,22171,0.5758,16371,0.576,16278,0.5761,27155
1753591989411,04:53:09.411,mexc,A/USDT:USDT,0.5759,22171,0.5758,16371,0.576,16278,0.5761,23862
1753591989814,04:53:09.814,mexc,A/USDT:USDT,0.5759,22171,0.5758,16371,0.576,16278,0.5761,23862
1753591989915,04:53:09.915,mexc,A/USDT:USDT,0.5759,22171,0.5758,18237,0.576,16278,0.5761,30825
1753591990312,04:53:10.312,mexc,A/USDT:USDT,0.5759,22171,0.5758,18237,0.576,16278,0.5761,30825
1753591990410,04:53:10.410,mexc,A/USDT:USDT,0.5759,22171,0.5758,23394,0.576,16278,0.5761,28688
1753591990815,04:53:10.815,mexc,A/USDT:USDT,0.5759,22171,0.5758,23394,0.576,16278,0.5761,23862
1753591990911,04:53:10.911,mexc,A/USDT:USDT,0.5759,22171,0.5758,16371,0.576,16278,0.5761,23862
1753591991314,04:53:11.314,mexc,A/USDT:USDT,0.5759,22171,0.5758,16371,0.576,16278,0.5761,23862
1753591991413,04:53:11.413,mexc,A/USDT:USDT,0.5759,22171,0.5758,16371,0.576,16278,0.5761,31234
1753591991816,04:53:11.816,mexc,A/USDT:USDT,0.5759,22171,0.5758,16371,0.576,16278,0.5761,23862
1753591991913,04:53:11.913,mexc,A/USDT:USDT,0.5759,22171,0.5758,16371,0.576,16278,0.5761,23862
1753591992317,04:53:12.317,mexc,A/USDT:USDT,0.5759,22171,0.5758,16371,0.576,16278,0.5761,23862
1753591992418,04:53:12.418,mexc,A/USDT:USDT,0.5759,22171,0.5758,16371,0.576,16278,0.5761,23862
1753591992820,04:53:12.820,mexc,A/USDT:USDT,0.5759,22171,0.5758,16371,0.576,16278,0.5761,23862
1753591992913,04:53:12.913,mexc,A/USDT:USDT,0.5759,22171,0.5758,16371,0.576,16278,0.5761,23862
1753591993314,04:53:13.314,mexc,A/USDT:USDT,0.5759,22171,0.5758,16371,0.576,16278,0.5761,23862
1753591993414,04:53:13.414,mexc,A/USDT:USDT,0.5759,22171,0.5758,16371,0.576,16278,0.5761,23862
1753591993816,04:53:13.816,mexc,A/USDT:USDT,0.5759,22171,0.5758,16371,0.576,16278,0.5761,23862
1753591993918,04:53:13.918,mexc,A/USDT:USDT,0.5759,22171,0.5758,24428,0.576,16278,0.5761,23862
1753591994159,04:53:14.159,mexc,A/USDT:USDT,0.5758,22845,0.5757,24236,0.5759,25185,0.576,25581
1753591994415,04:53:14.415,mexc,A/USDT:USDT,0.5758,22845,0.5757,26812,0.5759,25185,0.576,25581
1753591994813,04:53:14.813,mexc,A/USDT:USDT,0.5758,22845,0.5757,26812,0.5759,25185,0.576,25581
1753591994914,04:53:14.914,mexc,A/USDT:USDT,0.5758,22845,0.5757,33045,0.5759,25185,0.576,25581
1753591995314,04:53:15.314,mexc,A/USDT:USDT,0.5758,22845,0.5757,24236,0.5759,25185,0.576,25581
1753591995415,04:53:15.415,mexc,A/USDT:USDT,0.5758,22845,0.5757,27421,0.5759,25185,0.576,32379
1753591995816,04:53:15.816,mexc,A/USDT:USDT,0.5758,22845,0.5757,24236,0.5759,25185,0.576,32379
1753591995914,04:53:15.914,mexc,A/USDT:USDT,0.5758,22845,0.5757,33470,0.5759,25185,0.576,25581
1753591996316,04:53:16.316,mexc,A/USDT:USDT,0.5758,22845,0.5757,29910,0.5759,25185,0.576,25581
1753591996415,04:53:16.415,mexc,A/USDT:USDT,0.5758,22845,0.5757,24236,0.5759,25185,0.576,25581
1753591996817,04:53:16.817,mexc,A/USDT:USDT,0.5758,22845,0.5757,24236,0.5759,25185,0.576,25581
1753591996915,04:53:16.915,mexc,A/USDT:USDT,0.5758,22845,0.5757,44204,0.5759,25185,0.576,25581
1753591997318,04:53:17.318,mexc,A/USDT:USDT,0.5758,22845,0.5757,32666,0.5759,25185,0.576,25581
1753591997417,04:53:17.417,mexc,A/USDT:USDT,0.5758,22845,0.5757,24236,0.5759,25185,0.576,35624
1753591997817,04:53:17.817,mexc,A/USDT:USDT,0.5758,22845,0.5757,24236,0.5759,25185,0.576,35624
1753591997916,04:53:17.916,mexc,A/USDT:USDT,0.5758,22845,0.5757,24236,0.5759,25185,0.576,25581
1753591998319,04:53:18.319,mexc,A/USDT:USDT,0.5758,22845,0.5757,24236,0.5759,25185,0.576,25581
1753591998417,04:53:18.417,mexc,A/USDT:USDT,0.5758,22845,0.5757,31777,0.5759,25185,0.576,25581
1753591998820,04:53:18.820,mexc,A/USDT:USDT,0.5758,22845,0.5757,31777,0.5759,25185,0.576,25581
1753591998917,04:53:18.917,mexc,A/USDT:USDT,0.5758,22845,0.5757,36152,0.5759,25185,0.576,25581
1753591999317,04:53:19.317,mexc,A/USDT:USDT,0.5758,22845,0.5757,24236,0.5759,25185,0.576,25581
1753591999417,04:53:19.417,mexc,A/USDT:USDT,0.5758,22845,0.5757,24236,0.5759,25185,0.576,25581
1753591999821,04:53:19.821,mexc,A/USDT:USDT,0.5758,22845,0.5757,24236,0.5759,25185,0.576,25581
1753591999917,04:53:19.917,mexc,A/USDT:USDT,0.5758,22845,0.5757,35836,0.5759,25185,0.576,30386
1753592000159,04:53:20.159,mexc,A/USDT:USDT,0.5758,24202,0.5757,15761,0.5759,18513,0.576,15073
1753592000417,04:53:20.417,mexc,A/USDT:USDT,0.5758,24202,0.5757,22984,0.5759,18513,0.576,15073
1753592000820,04:53:20.820,mexc,A/USDT:USDT,0.5758,24202,0.5757,22984,0.5759,18513,0.576,15073
1753592000917,04:53:20.917,mexc,A/USDT:USDT,0.5758,24202,0.5757,17781,0.5759,18513,0.576,22374
1753592001321,04:53:21.321,mexc,A/USDT:USDT,0.5758,24202,0.5757,17781,0.5759,18513,0.576,22374
1753592001419,04:53:21.419,mexc,A/USDT:USDT,0.5758,24202,0.5757,15761,0.5759,18513,0.576,15073
1753592001821,04:53:21.821,mexc,A/USDT:USDT,0.5758,24202,0.5757,15761,0.5759,18513,0.576,15073
1753592001933,04:53:21.933,mexc,A/USDT:USDT,0.5758,24202,0.5757,20338,0.5759,18513,0.576,16654
1753592002322,04:53:22.322,mexc,A/USDT:USDT,0.5758,24202,0.5757,20338,0.5759,18513,0.576,16654
1753592002419,04:53:22.419,mexc,A/USDT:USDT,0.5758,24202,0.5757,23574,0.5759,18513,0.576,20484
1753592002823,04:53:22.823,mexc,A/USDT:USDT,0.5758,24202,0.5757,23574,0.5759,18513,0.576,20484
1753592002919,04:53:22.919,mexc,A/USDT:USDT,0.5758,24202,0.5757,20005,0.5759,18513,0.576,15073
1753592003233,04:53:23.233,mexc,A/USDT:USDT,0.5758,24202,0.5757,20005,0.5759,18513,0.576,15073
1753592003420,04:53:23.420,mexc,A/USDT:USDT,0.5758,24202,0.5757,23281,0.5759,18513,0.576,15073
1753592003822,04:53:23.822,mexc,A/USDT:USDT,0.5758,24202,0.5757,15761,0.5759,18513,0.576,15073
1753592003918,04:53:23.918,mexc,A/USDT:USDT,0.5758,24202,0.5757,15761,0.5759,18513,0.576,20036
1753592004322,04:53:24.322,mexc,A/USDT:USDT,0.5758,24202,0.5757,15761,0.5759,18513,0.576,20036
1753592004418,04:53:24.418,mexc,A/USDT:USDT,0.5758,24202,0.5757,15761,0.5759,18513,0.576,22028
1753592004822,04:53:24.822,mexc,A/USDT:USDT,0.5758,24202,0.5757,15761,0.5759,18513,0.576,15073
1753592004970,04:53:24.970,mexc,A/USDT:USDT,0.5758,24202,0.5757,19166,0.5759,18513,0.576,16801
1753592005322,04:53:25.322,mexc,A/USDT:USDT,0.5758,24202,0.5757,19166,0.5759,18513,0.576,15073
1753592005420,04:53:25.420,mexc,A/USDT:USDT,0.5758,24202,0.5757,15761,0.5759,18513,0.576,15073
1753592005822,04:53:25.822,mexc,A/USDT:USDT,0.5758,24202,0.5757,15761,0.5759,18513,0.576,15073
1753592005919,04:53:25.919,mexc,A/USDT:USDT,0.5758,24202,0.5757,15761,0.5759,18513,0.576,21706
1753592006158,04:53:26.158,mexc,A/USDT:USDT,0.5758,18560,0.5757,22207,0.5759,26434,0.576,23745
1753592006420,04:53:26.420,mexc,A/USDT:USDT,0.5758,18560,0.5757,22207,0.5759,26434,0.576,30625
1753592006822,04:53:26.822,mexc,A/USDT:USDT,0.5758,18560,0.5757,22207,0.5759,26434,0.576,30625
1753592006921,04:53:26.921,mexc,A/USDT:USDT,0.5758,18560,0.5757,27104,0.5759,26434,0.576,33241
1753592007323,04:53:27.323,mexc,A/USDT:USDT,0.5758,18560,0.5757,27104,0.5759,26434,0.576,33241
1753592007421,04:53:27.421,mexc,A/USDT:USDT,0.5758,18560,0.5757,29302,0.5759,26434,0.576,34443
1753592007824,04:53:27.824,mexc,A/USDT:USDT,0.5758,18560,0.5757,29302,0.5759,26434,0.576,23745
1753592007921,04:53:27.921,mexc,A/USDT:USDT,0.5758,18560,0.5757,25813,0.5759,26434,0.576,28634
1753592008325,04:53:28.325,mexc,A/USDT:USDT,0.5758,18560,0.5757,25813,0.5759,26434,0.576,23745
1753592008423,04:53:28.423,mexc,A/USDT:USDT,0.5758,18560,0.5757,27862,0.5759,26434,0.576,23745
1753592008827,04:53:28.827,mexc,A/USDT:USDT,0.5758,18560,0.5757,27862,0.5759,26434,0.576,23745
1753592008922,04:53:28.922,mexc,A/USDT:USDT,0.5758,18560,0.5757,26978,0.5759,26434,0.576,23745
1753592009237,04:53:29.237,mexc,A/USDT:USDT,0.5758,18560,0.5757,26978,0.5759,26434,0.576,23745
1753592009424,04:53:29.424,mexc,A/USDT:USDT,0.5758,18560,0.5757,22207,0.5759,26434,0.576,23745
1753592009879,04:53:29.879,mexc,A/USDT:USDT,0.5758,18560,0.5757,22207,0.5759,26434,0.576,23745
1753592009931,04:53:29.931,mexc,A/USDT:USDT,0.5758,18560,0.5757,27095,0.5759,26434,0.576,32825
1753592010326,04:53:30.326,mexc,A/USDT:USDT,0.5758,18560,0.5757,27095,0.5759,26434,0.576,32825
1753592010424,04:53:30.424,mexc,A/USDT:USDT,0.5758,18560,0.5757,22207,0.5759,26434,0.576,23745
1753592010827,04:53:30.827,mexc,A/USDT:USDT,0.5758,18560,0.5757,22207,0.5759,26434,0.576,23745
1753592010970,04:53:30.970,mexc,A/USDT:USDT,0.5758,18560,0.5757,22207,0.5759,26434,0.576,30707
1753592011329,04:53:31.329,mexc,A/USDT:USDT,0.5758,18560,0.5757,22207,0.5759,26434,0.576,30707
1753592011426,04:53:31.426,mexc,A/USDT:USDT,0.5758,18560,0.5757,33069,0.5759,26434,0.576,23745
1753592011828,04:53:31.828,mexc,A/USDT:USDT,0.5758,18560,0.5757,33069,0.5759,26434,0.576,23745
1753592011925,04:53:31.925,mexc,A/USDT:USDT,0.5758,18560,0.5757,29301,0.5759,26434,0.576,23745
1753592012163,04:53:32.163,mexc,A/USDT:USDT,0.5758,17048,0.5757,16534,0.5759,24060,0.576,17971
1753592012425,04:53:32.425,mexc,A/USDT:USDT,0.5758,17048,0.5757,21854,0.5759,24060,0.576,17971
1753592012831,04:53:32.831,mexc,A/USDT:USDT,0.5758,17048,0.5757,21854,0.5759,24060,0.576,17971
1753592012925,04:53:32.925,mexc,A/USDT:USDT,0.5758,17048,0.5757,22364,0.5759,24060,0.576,28737
1753592013328,04:53:33.328,mexc,A/USDT:USDT,0.5758,17048,0.5757,22364,0.5759,24060,0.576,28737
1753592013427,04:53:33.427,mexc,A/USDT:USDT,0.5758,17048,0.5757,22385,0.5759,24060,0.576,17971
1753592013828,04:53:33.828,mexc,A/USDT:USDT,0.5758,17048,0.5757,22385,0.5759,24060,0.576,17971
1753592013927,04:53:33.927,mexc,A/USDT:USDT,0.5758,17048,0.5757,16534,0.5759,24060,0.576,26864
1753592014329,04:53:34.329,mexc,A/USDT:USDT,0.5758,17048,0.5757,16534,0.5759,24060,0.576,17971
1753592014427,04:53:34.427,mexc,A/USDT:USDT,0.5758,17048,0.5757,16534,0.5759,24060,0.576,17971
1753592014833,04:53:34.833,mexc,A/USDT:USDT,0.5758,17048,0.5757,16534,0.5759,24060,0.576,17971
1753592014927,04:53:34.927,mexc,A/USDT:USDT,0.5758,17048,0.5757,16534,0.5759,24060,0.576,21741
1753592015246,04:53:35.246,mexc,A/USDT:USDT,0.5758,17048,0.5757,16534,0.5759,24060,0.576,21741
1753592015427,04:53:35.427,mexc,A/USDT:USDT,0.5758,17048,0.5757,16534,0.5759,24060,0.576,17971
1753592015830,04:53:35.830,mexc,A/USDT:USDT,0.5758,17048,0.5757,16534,0.5759,24060,0.576,17971
1753592015928,04:53:35.928,mexc,A/USDT:USDT,0.5758,17048,0.5757,22394,0.5759,24060,0.576,23169
1753592016331,04:53:36.331,mexc,A/USDT:USDT,0.5758,17048,0.5757,22394,0.5759,24060,0.576,23169
1753592016428,04:53:36.428,mexc,A/USDT:USDT,0.5758,17048,0.5757,16534,0.5759,24060,0.576,17971
1753592016832,04:53:36.832,mexc,A/USDT:USDT,0.5758,17048,0.5757,16534,0.5759,24060,0.576,17971
1753592016975,04:53:36.975,mexc,A/USDT:USDT,0.5758,17048,0.5757,21369,0.5759,24060,0.576,20935
1753592017382,04:53:37.382,mexc,A/USDT:USDT,0.5758,17048,0.5757,21369,0.5759,24060,0.576,20935
1753592017428,04:53:37.428,mexc,A/USDT:USDT,0.5758,17048,0.5757,21536,0.5759,24060,0.576,22699
1753592017831,04:53:37.831,mexc,A/USDT:USDT,0.5758,17048,0.5757,16534,0.5759,24060,0.576,22699
1753592017928,04:53:37.928,mexc,A/USDT:USDT,0.5758,17048,0.5757,16534,0.5759,24060,0.576,25016
1753592018165,04:53:38.165,mexc,A/USDT:USDT,0.5758,25693,0.5757,20443,0.5759,19682,0.576,26989
1753592018428,04:53:38.428,mexc,A/USDT:USDT,0.5758,25693,0.5757,20443,0.5759,19682,0.576,26989
1753592018833,04:53:38.833,mexc,A/USDT:USDT,0.5758,25693,0.5757,20443,0.5759,19682,0.576,26989
1753592018928,04:53:38.928,mexc,A/USDT:USDT,0.5758,25693,0.5757,20443,0.5759,19682,0.576,26989
1753592019332,04:53:39.332,mexc,A/USDT:USDT,0.5758,25693,0.5757,20443,0.5759,19682,0.576,26989
1753592019430,04:53:39.430,mexc,A/USDT:USDT,0.5758,25693,0.5757,20443,0.5759,19682,0.576,26989
1753592019832,04:53:39.832,mexc,A/USDT:USDT,0.5758,25693,0.5757,20443,0.5759,19682,0.576,26989
1753592019928,04:53:39.928,mexc,A/USDT:USDT,0.5758,25693,0.5757,26688,0.5759,19682,0.576,26989
1753592020332,04:53:40.332,mexc,A/USDT:USDT,0.5758,25693,0.5757,26688,0.5759,19682,0.576,26989
1753592020429,04:53:40.429,mexc,A/USDT:USDT,0.5758,25693,0.5757,20443,0.5759,19682,0.576,31154
1753592020833,04:53:40.833,mexc,A/USDT:USDT,0.5758,25693,0.5757,20443,0.5759,19682,0.576,31154
1753592020931,04:53:40.931,mexc,A/USDT:USDT,0.5758,25693,0.5757,24874,0.5759,19682,0.576,26989
1753592021245,04:53:41.245,mexc,A/USDT:USDT,0.5758,25693,0.5757,24874,0.5759,19682,0.576,26989
1753592021431,04:53:41.431,mexc,A/USDT:USDT,0.5758,25693,0.5757,24497,0.5759,19682,0.576,26989
1753592021835,04:53:41.835,mexc,A/USDT:USDT,0.5758,25693,0.5757,20443,0.5759,19682,0.576,26989
1753592021931,04:53:41.931,mexc,A/USDT:USDT,0.5758,25693,0.5757,22676,0.5759,19682,0.576,30312
1753592022334,04:53:42.334,mexc,A/USDT:USDT,0.5758,25693,0.5757,20443,0.5759,19682,0.576,30312
1753592022431,04:53:42.431,mexc,A/USDT:USDT,0.5758,25693,0.5757,20443,0.5759,19682,0.576,38852
1753592022834,04:53:42.834,mexc,A/USDT:USDT,0.5758,25693,0.5757,20443,0.5759,19682,0.576,26989
1753592022979,04:53:42.979,mexc,A/USDT:USDT,0.5758,25693,0.5757,20443,0.5759,19682,0.576,26989
1753592023335,04:53:43.335,mexc,A/USDT:USDT,0.5758,25693,0.5757,20443,0.5759,19682,0.576,26989
1753592023433,04:53:43.433,mexc,A/USDT:USDT,0.5758,25693,0.5757,20443,0.5759,19682,0.576,38952
1753592023835,04:53:43.835,mexc,A/USDT:USDT,0.5758,25693,0.5757,20443,0.5759,19682,0.576,26989
1753592023932,04:53:43.932,mexc,A/USDT:USDT,0.5758,25693,0.5757,20443,0.5759,19682,0.576,30340
1753592024166,04:53:44.166,mexc,A/USDT:USDT,0.5758,27087,0.5757,19188,0.5759,21146,0.576,25005
1753592024431,04:53:44.431,mexc,A/USDT:USDT,0.5758,27087,0.5757,22190,0.5759,21146,0.576,25005
1753592024834,04:53:44.834,mexc,A/USDT:USDT,0.5758,27087,0.5757,22190,0.5759,21146,0.576,25005
1753592024933,04:53:44.933,mexc,A/USDT:USDT,0.5758,27087,0.5757,19188,0.5759,21146,0.576,25005
1753592025335,04:53:45.335,mexc,A/USDT:USDT,0.5758,27087,0.5757,19188,0.5759,21146,0.576,25005
1753592025433,04:53:45.433,mexc,A/USDT:USDT,0.5758,27087,0.5757,19188,0.5759,21146,0.576,25005
1753592025835,04:53:45.835,mexc,A/USDT:USDT,0.5758,27087,0.5757,19188,0.5759,21146,0.576,25005
1753592025933,04:53:45.933,mexc,A/USDT:USDT,0.5758,27087,0.5757,19188,0.5759,21146,0.576,25005
1753592026336,04:53:46.336,mexc,A/USDT:USDT,0.5758,27087,0.5757,19188,0.5759,21146,0.576,25005
1753592026434,04:53:46.434,mexc,A/USDT:USDT,0.5758,27087,0.5757,26218,0.5759,21146,0.576,34477
1753592026837,04:53:46.837,mexc,A/USDT:USDT,0.5758,27087,0.5757,26218,0.5759,21146,0.576,34477
1753592026934,04:53:46.934,mexc,A/USDT:USDT,0.5758,27087,0.5757,19188,0.5759,21146,0.576,42517
1753592027251,04:53:47.251,mexc,A/USDT:USDT,0.5758,27087,0.5757,19188,0.5759,21146,0.576,42517
1753592027435,04:53:47.435,mexc,A/USDT:USDT,0.5758,27087,0.5757,35362,0.5759,21146,0.576,30961
1753592027838,04:53:47.838,mexc,A/USDT:USDT,0.5758,27087,0.5757,25983,0.5759,21146,0.576,30961
1753592027935,04:53:47.935,mexc,A/USDT:USDT,0.5758,27087,0.5757,19188,0.5759,21146,0.576,25005
1753592028339,04:53:48.339,mexc,A/USDT:USDT,0.5758,27087,0.5757,19188,0.5759,21146,0.576,25005
1753592028435,04:53:48.435,mexc,A/USDT:USDT,0.5758,27087,0.5757,19188,0.5759,21146,0.576,36335
1753592028839,04:53:48.839,mexc,A/USDT:USDT,0.5758,27087,0.5757,19188,0.5759,21146,0.576,25005
1753592028986,04:53:48.986,mexc,A/USDT:USDT,0.5758,27087,0.5757,26014,0.5759,21146,0.576,39025
1753592029197,04:53:49.197,mexc,A/USDT:USDT,0.5758,26938,0.5757,23780,0.5759,21572,0.576,25490
1753592029436,04:53:49.436,mexc,A/USDT:USDT,0.5758,26938,0.5757,23780,0.5759,21572,0.576,25490
1753592029839,04:53:49.839,mexc,A/USDT:USDT,0.5758,26938,0.5757,23780,0.5759,21572,0.576,25490
1753592029937,04:53:49.937,mexc,A/USDT:USDT,0.5758,26938,0.5757,23780,0.5759,21572,0.576,30085
1753592030338,04:53:50.338,mexc,A/USDT:USDT,0.5758,26938,0.5757,23780,0.5759,21572,0.576,30085
1753592030453,04:53:50.453,mexc,A/USDT:USDT,0.5758,26938,0.5757,23780,0.5759,21572,0.576,33866
1753592030839,04:53:50.839,mexc,A/USDT:USDT,0.5758,26938,0.5757,23780,0.5759,21572,0.576,25490
1753592030936,04:53:50.936,mexc,A/USDT:USDT,0.5758,26938,0.5757,37522,0.5759,21572,0.576,34168
1753592031339,04:53:51.339,mexc,A/USDT:USDT,0.5758,26938,0.5757,37522,0.5759,21572,0.576,25490
1753592031437,04:53:51.437,mexc,A/USDT:USDT,0.5758,26938,0.5757,23780,0.5759,21572,0.576,25490
1753592031838,04:53:51.838,mexc,A/USDT:USDT,0.5758,26938,0.5757,23780,0.5759,21572,0.576,25490
1753592031937,04:53:51.937,mexc,A/USDT:USDT,0.5758,26938,0.5757,30004,0.5759,21572,0.576,25490
1753592032339,04:53:52.339,mexc,A/USDT:USDT,0.5758,26938,0.5757,23780,0.5759,21572,0.576,25490
1753592032439,04:53:52.439,mexc,A/USDT:USDT,0.5758,26938,0.5757,23780,0.5759,21572,0.576,25490
1753592032842,04:53:52.842,mexc,A/USDT:USDT,0.5758,26938,0.5757,23780,0.5759,21572,0.576,25490
1753592032938,04:53:52.938,mexc,A/USDT:USDT,0.5758,26938,0.5757,23780,0.5759,21572,0.576,25490
1753592033254,04:53:53.254,mexc,A/USDT:USDT,0.5758,26938,0.5757,23780,0.5759,21572,0.576,25490
1753592033440,04:53:53.440,mexc,A/USDT:USDT,0.5758,26938,0.5757,23780,0.5759,21572,0.576,36333
1753592033846,04:53:53.846,mexc,A/USDT:USDT,0.5758,26938,0.5757,23780,0.5759,21572,0.576,36333
1753592033939,04:53:53.939,mexc,A/USDT:USDT,0.5758,26938,0.5757,23780,0.5759,21572,0.576,32828
1753592034341,04:53:54.341,mexc,A/USDT:USDT,0.5758,26938,0.5757,23780,0.5759,21572,0.576,32828
1753592034442,04:53:54.442,mexc,A/USDT:USDT,0.5758,26938,0.5757,23780,0.5759,21572,0.576,25490
1753592034845,04:53:54.845,mexc,A/USDT:USDT,0.5758,26938,0.5757,23780,0.5759,21572,0.576,25490
1753592034984,04:53:54.984,mexc,A/USDT:USDT,0.5758,26938,0.5757,23780,0.5759,21572,0.576,32126
1753592035200,04:53:55.200,mexc,A/USDT:USDT,0.5758,26892,0.5757,23144,0.576,26901,0.5761,15134
1753592035451,04:53:55.451,mexc,A/USDT:USDT,0.5758,26892,0.5757,23144,0.576,26901,0.5761,21723
1753592035854,04:53:55.854,mexc,A/USDT:USDT,0.5758,26892,0.5757,23144,0.576,26901,0.5761,21723
1753592035941,04:53:55.941,mexc,A/USDT:USDT,0.5758,26892,0.5757,23144,0.576,26901,0.5761,26057
1753592036343,04:53:56.343,mexc,A/USDT:USDT,0.5758,26892,0.5757,23144,0.576,26901,0.5761,20104
1753592036440,04:53:56.440,mexc,A/USDT:USDT,0.5758,26892,0.5757,23144,0.576,26901,0.5761,15134
1753592036843,04:53:56.843,mexc,A/USDT:USDT,0.5758,26892,0.5757,23144,0.576,26901,0.5761,15134
1753592036939,04:53:56.939,mexc,A/USDT:USDT,0.5758,26892,0.5757,34242,0.576,26901,0.5761,15134
1753592037343,04:53:57.343,mexc,A/USDT:USDT,0.5758,26892,0.5757,34242,0.576,26901,0.5761,15134
1753592037441,04:53:57.441,mexc,A/USDT:USDT,0.5758,26892,0.5757,34306,0.576,26901,0.5761,15134
1753592037843,04:53:57.843,mexc,A/USDT:USDT,0.5758,26892,0.5757,34306,0.576,26901,0.5761,15134
1753592037941,04:53:57.941,mexc,A/USDT:USDT,0.5758,26892,0.5757,23144,0.576,26901,0.5761,15134
1753592038343,04:53:58.343,mexc,A/USDT:USDT,0.5758,26892,0.5757,23144,0.576,26901,0.5761,15134
1753592038441,04:53:58.441,mexc,A/USDT:USDT,0.5758,26892,0.5757,29774,0.576,26901,0.5761,15134
1753592038845,04:53:58.845,mexc,A/USDT:USDT,0.5758,26892,0.5757,23144,0.576,26901,0.5761,15134
1753592038941,04:53:58.941,mexc,A/USDT:USDT,0.5758,26892,0.5757,31334,0.576,26901,0.5761,15134
1753592039257,04:53:59.257,mexc,A/USDT:USDT,0.5758,26892,0.5757,31334,0.576,26901,0.5761,15134
1753592039441,04:53:59.441,mexc,A/USDT:USDT,0.5758,26892,0.5757,23144,0.576,26901,0.5761,15134
1753592039845,04:53:59.845,mexc,A/USDT:USDT,0.5758,26892,0.5757,23144,0.576,26901,0.5761,15134
1753592039942,04:53:59.942,mexc,A/USDT:USDT,0.5758,26892,0.5757,23144,0.576,26901,0.5761,22248
1753592040158,04:54:00.158,mexc,A/USDT:USDT,0.5758,26892,0.5757,23144,0.576,26901,0.5761,22248
1753592040441,04:54:00.441,mexc,A/USDT:USDT,0.5758,26892,0.5757,28836,0.576,26901,0.5761,15134
1753592040846,04:54:00.846,mexc,A/USDT:USDT,0.5758,26892,0.5757,23144,0.576,26901,0.5761,15134
1753592040942,04:54:00.942,mexc,A/USDT:USDT,0.5758,26892,0.5757,31276,0.576,26901,0.5761,15134
1753592041282,04:54:01.282,mexc,A/USDT:USDT,0.5758,52853,0.5757,31276,0.576,25555,0.5761,20223
1753592041442,04:54:01.442,mexc,A/USDT:USDT,0.5758,25961,0.5757,15124,0.576,25555,0.5761,20223
1753592041845,04:54:01.845,mexc,A/USDT:USDT,0.5758,25961,0.5757,15124,0.576,25555,0.5761,20223
1753592041943,04:54:01.943,mexc,A/USDT:USDT,0.5758,25961,0.5757,23335,0.576,25555,0.5761,20223
1753592042344,04:54:02.344,mexc,A/USDT:USDT,0.5758,25961,0.5757,20195,0.576,25555,0.5761,20223
1753592042447,04:54:02.447,mexc,A/USDT:USDT,0.5758,25961,0.5757,15124,0.576,25555,0.5761,20223
1753592042850,04:54:02.850,mexc,A/USDT:USDT,0.5758,25961,0.5757,15124,0.576,25555,0.5761,20223
1753592042949,04:54:02.949,mexc,A/USDT:USDT,0.5758,25961,0.5757,15124,0.576,25555,0.5761,20223
1753592043350,04:54:03.350,mexc,A/USDT:USDT,0.5758,25961,0.5757,15124,0.576,25555,0.5761,20223
1753592043448,04:54:03.448,mexc,A/USDT:USDT,0.5758,25961,0.5757,15124,0.576,25555,0.5761,29864
1753592043851,04:54:03.851,mexc,A/USDT:USDT,0.5758,25961,0.5757,15124,0.576,25555,0.5761,29864
1753592043946,04:54:03.946,mexc,A/USDT:USDT,0.5758,25961,0.5757,20466,0.576,25555,0.5761,20223
1753592044350,04:54:04.350,mexc,A/USDT:USDT,0.5758,25961,0.5757,15124,0.576,25555,0.5761,20223
1753592044447,04:54:04.447,mexc,A/USDT:USDT,0.5758,25961,0.5757,21633,0.576,25555,0.5761,20223
1753592044850,04:54:04.850,mexc,A/USDT:USDT,0.5758,25961,0.5757,21633,0.576,25555,0.5761,20223
1753592044947,04:54:04.947,mexc,A/USDT:USDT,0.5758,25961,0.5757,15124,0.576,25555,0.5761,23918
1753592045297,04:54:05.297,mexc,A/USDT:USDT,0.5758,25961,0.5757,15124,0.576,25555,0.5761,23918
1753592045447,04:54:05.447,mexc,A/USDT:USDT,0.5758,25961,0.5757,15124,0.576,25555,0.5761,22590
1753592045851,04:54:05.851,mexc,A/USDT:USDT,0.5758,25961,0.5757,15124,0.576,25555,0.5761,22590
1753592045947,04:54:05.947,mexc,A/USDT:USDT,0.5758,25961,0.5757,20179,0.576,25555,0.5761,28773
1753592046073,04:54:06.073,mexc,A/USDT:USDT,0.5758,25961,0.5757,20179,0.576,25555,0.5761,28773
1753592046448,04:54:06.448,mexc,A/USDT:USDT,0.5758,25961,0.5757,23208,0.576,25555,0.5761,20223
1753592046851,04:54:06.851,mexc,A/USDT:USDT,0.5758,25961,0.5757,21341,0.576,25555,0.5761,20223
1753592046948,04:54:06.948,mexc,A/USDT:USDT,0.5758,25961,0.5757,18570,0.576,25555,0.5761,20223
1753592047205,04:54:07.205,mexc,A/USDT:USDT,0.5758,26469,0.5757,23892,0.576,23289,0.5761,22505
1753592047475,04:54:07.475,mexc,A/USDT:USDT,0.5758,26469,0.5757,30417,0.576,23289,0.5761,37274
1753592047878,04:54:07.878,mexc,A/USDT:USDT,0.5758,26469,0.5757,23892,0.576,23289,0.5761,37274
1753592047949,04:54:07.949,mexc,A/USDT:USDT,0.5758,26469,0.5757,32032,0.576,23289,0.5761,22505
1753592048351,04:54:08.351,mexc,A/USDT:USDT,0.5758,26469,0.5757,32032,0.576,23289,0.5761,22505
1753592048449,04:54:08.449,mexc,A/USDT:USDT,0.5758,26469,0.5757,23892,0.576,23289,0.5761,22505
1753592048853,04:54:08.853,mexc,A/USDT:USDT,0.5758,26469,0.5757,23892,0.576,23289,0.5761,22505
1753592048949,04:54:08.949,mexc,A/USDT:USDT,0.5758,26469,0.5757,33507,0.576,23289,0.5761,27960
1753592049351,04:54:09.351,mexc,A/USDT:USDT,0.5758,26469,0.5757,23892,0.576,23289,0.5761,27960
1753592049450,04:54:09.450,mexc,A/USDT:USDT,0.5758,26469,0.5757,23892,0.576,23289,0.5761,22505
1753592049851,04:54:09.851,mexc,A/USDT:USDT,0.5758,26469,0.5757,23892,0.576,23289,0.5761,22505
1753592049949,04:54:09.949,mexc,A/USDT:USDT,0.5758,26469,0.5757,23892,0.576,23289,0.5761,22505
1753592050352,04:54:10.352,mexc,A/USDT:USDT,0.5758,26469,0.5757,23892,0.576,23289,0.5761,22505
1753592050450,04:54:10.450,mexc,A/USDT:USDT,0.5758,26469,0.5757,23892,0.576,23289,0.5761,22505
1753592050856,04:54:10.856,mexc,A/USDT:USDT,0.5758,26469,0.5757,23892,0.576,23289,0.5761,22505
1753592050951,04:54:10.951,mexc,A/USDT:USDT,0.5758,26469,0.5757,23892,0.576,23289,0.5761,32628
1753592051264,04:54:11.264,mexc,A/USDT:USDT,0.5758,26469,0.5757,23892,0.576,23289,0.5761,32628
1753592051451,04:54:11.451,mexc,A/USDT:USDT,0.5758,26469,0.5757,23892,0.576,23289,0.5761,22505
1753592051853,04:54:11.853,mexc,A/USDT:USDT,0.5758,26469,0.5757,23892,0.576,23289,0.5761,22505
1753592051954,04:54:11.954,mexc,A/USDT:USDT,0.5758,26469,0.5757,31916,0.576,23289,0.5761,22505
1753592052076,04:54:12.076,mexc,A/USDT:USDT,0.5758,26469,0.5757,31916,0.576,23289,0.5761,22505
1753592052453,04:54:12.453,mexc,A/USDT:USDT,0.5758,26469,0.5757,23892,0.576,23289,0.5761,22505
1753592052855,04:54:12.855,mexc,A/USDT:USDT,0.5758,26469,0.5757,23892,0.576,23289,0.5761,22505
1753592052953,04:54:12.953,mexc,A/USDT:USDT,0.5758,26469,0.5757,27165,0.576,23289,0.5761,30477
1753592053207,04:54:13.207,mexc,A/USDT:USDT,0.5759,16438,0.5758,17014,0.576,23040,0.5761,20525
1753592053453,04:54:13.453,mexc,A/USDT:USDT,0.5759,16438,0.5758,25325,0.576,23040,0.5761,27491
1753592053856,04:54:13.856,mexc,A/USDT:USDT,0.5759,16438,0.5758,25325,0.576,23040,0.5761,27491
1753592053954,04:54:13.954,mexc,A/USDT:USDT,0.5759,16438,0.5758,17014,0.576,23040,0.5761,30288
1753592054356,04:54:14.356,mexc,A/USDT:USDT,0.5759,16438,0.5758,17014,0.576,23040,0.5761,30288
1753592054454,04:54:14.454,mexc,A/USDT:USDT,0.5759,16438,0.5758,17014,0.576,23040,0.5761,28854
1753592054857,04:54:14.857,mexc,A/USDT:USDT,0.5759,16438,0.5758,17014,0.576,23040,0.5761,28854
1753592054955,04:54:14.955,mexc,A/USDT:USDT,0.5759,16438,0.5758,27947,0.576,23040,0.5761,29485
1753592055357,04:54:15.357,mexc,A/USDT:USDT,0.5759,16438,0.5758,24823,0.576,23040,0.5761,29485
1753592055456,04:54:15.456,mexc,A/USDT:USDT,0.5759,16438,0.5758,17014,0.576,23040,0.5761,20525
1753592055857,04:54:15.857,mexc,A/USDT:USDT,0.5759,16438,0.5758,17014,0.576,23040,0.5761,20525
1753592055956,04:54:15.956,mexc,A/USDT:USDT,0.5759,16438,0.5758,22741,0.576,23040,0.5761,27400
1753592056334,04:54:16.334,mexc,A/USDT:USDT,0.5759,16438,0.5758,22741,0.576,23040,0.5761,27400
1753592056455,04:54:16.455,mexc,A/USDT:USDT,0.5759,16438,0.5758,20963,0.576,23040,0.5761,20525
1753592056861,04:54:16.861,mexc,A/USDT:USDT,0.5759,16438,0.5758,20963,0.576,23040,0.5761,20525
1753592056956,04:54:16.956,mexc,A/USDT:USDT,0.5759,16438,0.5758,25047,0.576,23040,0.5761,20525
1753592057358,04:54:17.358,mexc,A/USDT:USDT,0.5759,16438,0.5758,25047,0.576,23040,0.5761,20525
1753592057456,04:54:17.456,mexc,A/USDT:USDT,0.5759,16438,0.5758,23128,0.576,23040,0.5761,25028
1753592057859,04:54:17.859,mexc,A/USDT:USDT,0.5759,16438,0.5758,23128,0.576,23040,0.5761,25028
1753592057957,04:54:17.957,mexc,A/USDT:USDT,0.5759,16438,0.5758,23222,0.576,23040,0.5761,23856
1753592058076,04:54:18.076,mexc,A/USDT:USDT,0.5759,16438,0.5758,23222,0.576,23040,0.5761,23856
1753592058457,04:54:18.457,mexc,A/USDT:USDT,0.5759,16438,0.5758,20297,0.576,23040,0.5761,20525
1753592058861,04:54:18.861,mexc,A/USDT:USDT,0.5759,16438,0.5758,20297,0.576,23040,0.5761,20525
1753592058957,04:54:18.957,mexc,A/USDT:USDT,0.5759,16438,0.5758,17014,0.576,23040,0.5761,20525
1753592059206,04:54:19.206,mexc,A/USDT:USDT,0.5759,18686,0.5758,18848,0.576,21917,0.5761,17527
1753592059457,04:54:19.457,mexc,A/USDT:USDT,0.5759,18686,0.5758,18848,0.576,21917,0.5761,17527
1753592059861,04:54:19.861,mexc,A/USDT:USDT,0.5759,18686,0.5758,18848,0.576,21917,0.5761,17527
1753592059956,04:54:19.956,mexc,A/USDT:USDT,0.5759,18686,0.5758,18848,0.576,21917,0.5761,17527
1753592060359,04:54:20.359,mexc,A/USDT:USDT,0.5759,18686,0.5758,18848,0.576,21917,0.5761,17527
1753592060462,04:54:20.462,mexc,A/USDT:USDT,0.5759,18686,0.5758,18848,0.576,21917,0.5761,20333
1753592060860,04:54:20.860,mexc,A/USDT:USDT,0.5759,18686,0.5758,18848,0.576,21917,0.5761,20333
1753592060957,04:54:20.957,mexc,A/USDT:USDT,0.5759,18686,0.5758,18848,0.576,21917,0.5761,17527
1753592061361,04:54:21.361,mexc,A/USDT:USDT,0.5759,18686,0.5758,18848,0.576,21917,0.5761,17527
1753592061457,04:54:21.457,mexc,A/USDT:USDT,0.5759,18686,0.5758,18848,0.576,21917,0.5761,17527
1753592061860,04:54:21.860,mexc,A/USDT:USDT,0.5759,18686,0.5758,18848,0.576,21917,0.5761,17527
1753592061959,04:54:21.959,mexc,A/USDT:USDT,0.5759,18686,0.5758,25558,0.576,21917,0.5761,17527
1753592062336,04:54:22.336,mexc,A/USDT:USDT,0.5759,18686,0.5758,25558,0.576,21917,0.5761,17527
1753592062460,04:54:22.460,mexc,A/USDT:USDT,0.5759,18686,0.5758,18848,0.576,21917,0.5761,17527
1753592062879,04:54:22.879,mexc,A/USDT:USDT,0.5759,18686,0.5758,18848,0.576,21917,0.5761,17527
1753592062959,04:54:22.959,mexc,A/USDT:USDT,0.5759,18686,0.5758,24758,0.576,21917,0.5761,17527
1753592063361,04:54:23.361,mexc,A/USDT:USDT,0.5759,18686,0.5758,18848,0.576,21917,0.5761,17527
1753592063461,04:54:23.461,mexc,A/USDT:USDT,0.5759,18686,0.5758,27207,0.576,21917,0.5761,20315
1753592063862,04:54:23.862,mexc,A/USDT:USDT,0.5759,18686,0.5758,27207,0.576,21917,0.5761,17527
1753592063959,04:54:23.959,mexc,A/USDT:USDT,0.5759,18686,0.5758,24367,0.576,21917,0.5761,24000
1753592064080,04:54:24.080,mexc,A/USDT:USDT,0.5759,18686,0.5758,24367,0.576,21917,0.5761,24000
1753592064461,04:54:24.461,mexc,A/USDT:USDT,0.5759,18686,0.5758,18848,0.576,21917,0.5761,17527
1753592064862,04:54:24.862,mexc,A/USDT:USDT,0.5759,18686,0.5758,18848,0.576,21917,0.5761,17527
1753592064960,04:54:24.960,mexc,A/USDT:USDT,0.5759,18686,0.5758,18848,0.576,21917,0.5761,17527
1753592065208,04:54:25.208,mexc,A/USDT:USDT,0.5759,24688,0.5758,25656,0.576,26394,0.5761,15446
1753592065461,04:54:25.461,mexc,A/USDT:USDT,0.5759,24688,0.5758,35931,0.576,26394,0.5761,15446
1753592065862,04:54:25.862,mexc,A/USDT:USDT,0.5759,24688,0.5758,35931,0.576,26394,0.5761,15446
1753592065959,04:54:25.959,mexc,A/USDT:USDT,0.5759,24688,0.5758,28496,0.576,26394,0.5761,15446
1753592066379,04:54:26.379,mexc,A/USDT:USDT,0.5759,24688,0.5758,28496,0.576,26394,0.5761,15446
1753592066480,04:54:26.480,mexc,A/USDT:USDT,0.5759,24688,0.5758,25656,0.576,26394,0.5761,22254
1753592066884,04:54:26.884,mexc,A/USDT:USDT,0.5759,24688,0.5758,25656,0.576,26394,0.5761,15446
1753592066982,04:54:26.982,mexc,A/USDT:USDT,0.5759,24688,0.5758,34614,0.576,26394,0.5761,19475
1753592067385,04:54:27.385,mexc,A/USDT:USDT,0.5759,24688,0.5758,34614,0.576,26394,0.5761,19475
1753592067488,04:54:27.488,mexc,A/USDT:USDT,0.5759,24688,0.5758,25656,0.576,26394,0.5761,15446
1753592067884,04:54:27.884,mexc,A/USDT:USDT,0.5759,24688,0.5758,25656,0.576,26394,0.5761,15446
1753592067986,04:54:27.986,mexc,A/USDT:USDT,0.5759,24688,0.5758,37692,0.576,26394,0.5761,20728
1753592068340,04:54:28.340,mexc,A/USDT:USDT,0.5759,24688,0.5758,37692,0.576,26394,0.5761,20728
1753592068484,04:54:28.484,mexc,A/USDT:USDT,0.5759,24688,0.5758,25656,0.576,26394,0.5761,18534
1753592068885,04:54:28.885,mexc,A/USDT:USDT,0.5759,24688,0.5758,25656,0.576,26394,0.5761,18534
1753592068987,04:54:28.987,mexc,A/USDT:USDT,0.5759,24688,0.5758,30273,0.576,26394,0.5761,15446
1753592069385,04:54:29.385,mexc,A/USDT:USDT,0.5759,24688,0.5758,30273,0.576,26394,0.5761,15446
1753592069485,04:54:29.485,mexc,A/USDT:USDT,0.5759,24688,0.5758,25656,0.576,26394,0.5761,15446
1753592069886,04:54:29.886,mexc,A/USDT:USDT,0.5759,24688,0.5758,25656,0.576,26394,0.5761,15446
1753592070081,04:54:30.081,mexc,A/USDT:USDT,0.5759,24688,0.5758,28705,0.576,26394,0.5761,21078
1753592070086,04:54:30.086,mexc,A/USDT:USDT,0.5759,24688,0.5758,28705,0.576,26394,0.5761,21078
1753592070486,04:54:30.486,mexc,A/USDT:USDT,0.5759,24688,0.5758,29150,0.576,26394,0.5761,15446
1753592070888,04:54:30.888,mexc,A/USDT:USDT,0.5759,24688,0.5758,29150,0.576,26394,0.5761,15446
1753592070984,04:54:30.984,mexc,A/USDT:USDT,0.5759,24688,0.5758,25656,0.576,26394,0.5761,30240
1753592071214,04:54:31.214,mexc,A/USDT:USDT,0.5759,26471,0.5758,26789,0.576,26949,0.5761,26525
1753592071485,04:54:31.485,mexc,A/USDT:USDT,0.5759,26471,0.5758,33249,0.576,26949,0.5761,31728
1753592071887,04:54:31.887,mexc,A/USDT:USDT,0.5759,26471,0.5758,26789,0.576,26949,0.5761,31728
1753592071985,04:54:31.985,mexc,A/USDT:USDT,0.5759,26471,0.5758,50191,0.576,26949,0.5761,26525
1753592072388,04:54:32.388,mexc,A/USDT:USDT,0.5759,26471,0.5758,39233,0.576,26949,0.5761,26525
1753592072489,04:54:32.489,mexc,A/USDT:USDT,0.5759,26471,0.5758,37414,0.576,26949,0.5761,26525
1753592072894,04:54:32.894,mexc,A/USDT:USDT,0.5759,26471,0.5758,37414,0.576,26949,0.5761,26525
1753592072992,04:54:32.992,mexc,A/USDT:USDT,0.5759,26471,0.5758,26789,0.576,26949,0.5761,31667
1753592073397,04:54:33.397,mexc,A/USDT:USDT,0.5759,26471,0.5758,26789,0.576,26949,0.5761,31667
1753592073487,04:54:33.487,mexc,A/USDT:USDT,0.5759,26471,0.5758,26789,0.576,26949,0.5761,36775
1753592073890,04:54:33.890,mexc,A/USDT:USDT,0.5759,26471,0.5758,26789,0.576,26949,0.5761,29264
1753592073990,04:54:33.990,mexc,A/USDT:USDT,0.5759,26471,0.5758,26789,0.576,26949,0.5761,26525
1753592074343,04:54:34.343,mexc,A/USDT:USDT,0.5759,26471,0.5758,26789,0.576,26949,0.5761,26525
1753592074488,04:54:34.488,mexc,A/USDT:USDT,0.5759,26471,0.5758,39161,0.576,26949,0.5761,34054
1753592074887,04:54:34.887,mexc,A/USDT:USDT,0.5759,26471,0.5758,39161,0.576,26949,0.5761,26525
1753592074987,04:54:34.987,mexc,A/USDT:USDT,0.5759,26471,0.5758,47438,0.576,26949,0.5761,30778
1753592075389,04:54:35.389,mexc,A/USDT:USDT,0.5759,26471,0.5758,47438,0.576,26949,0.5761,26525
1753592075489,04:54:35.489,mexc,A/USDT:USDT,0.5759,26471,0.5758,26789,0.576,26949,0.5761,33033
1753592075891,04:54:35.891,mexc,A/USDT:USDT,0.5759,26471,0.5758,26789,0.576,26949,0.5761,33033
1753592076090,04:54:36.090,mexc,A/USDT:USDT,0.5759,26471,0.5758,26789,0.576,26949,0.5761,26525
1753592076390,04:54:36.390,mexc,A/USDT:USDT,0.5759,26471,0.5758,26789,0.576,26949,0.5761,26525
1753592076491,04:54:36.491,mexc,A/USDT:USDT,0.5759,26471,0.5758,26789,0.576,26949,0.5761,41706
1753592076893,04:54:36.893,mexc,A/USDT:USDT,0.5759,26471,0.5758,26789,0.576,26949,0.5761,30019
1753592076988,04:54:36.988,mexc,A/USDT:USDT,0.5759,26471,0.5758,26789,0.576,26949,0.5761,26525
1753592077247,04:54:37.247,mexc,A/USDT:USDT,0.5758,15235,0.5757,22377,0.5759,17588,0.576,15971
1753592077489,04:54:37.489,mexc,A/USDT:USDT,0.5758,15235,0.5757,22377,0.5759,17588,0.576,15971
1753592077891,04:54:37.891,mexc,A/USDT:USDT,0.5758,15235,0.5757,22377,0.5759,17588,0.576,15971
1753592077989,04:54:37.989,mexc,A/USDT:USDT,0.5758,15235,0.5757,25201,0.5759,17588,0.576,23682
1753592078392,04:54:38.392,mexc,A/USDT:USDT,0.5758,15235,0.5757,25201,0.5759,17588,0.576,23682
1753592078488,04:54:38.488,mexc,A/USDT:USDT,0.5758,15235,0.5757,27365,0.5759,17588,0.576,20320
1753592078892,04:54:38.892,mexc,A/USDT:USDT,0.5758,15235,0.5757,27365,0.5759,17588,0.576,20320
1753592078989,04:54:38.989,mexc,A/USDT:USDT,0.5758,15235,0.5757,22377,0.5759,17588,0.576,15971
1753592079391,04:54:39.391,mexc,A/USDT:USDT,0.5758,15235,0.5757,22377,0.5759,17588,0.576,15971
1753592079491,04:54:39.491,mexc,A/USDT:USDT,0.5758,15235,0.5757,27801,0.5759,17588,0.576,15971
1753592079892,04:54:39.892,mexc,A/USDT:USDT,0.5758,15235,0.5757,27801,0.5759,17588,0.576,15971
1753592079996,04:54:39.996,mexc,A/USDT:USDT,0.5758,15235,0.5757,22377,0.5759,17588,0.576,18753
1753592080348,04:54:40.348,mexc,A/USDT:USDT,0.5758,15235,0.5757,22377,0.5759,17588,0.576,18753
1753592080490,04:54:40.490,mexc,A/USDT:USDT,0.5758,15235,0.5757,22377,0.5759,17588,0.576,15971
1753592080893,04:54:40.893,mexc,A/USDT:USDT,0.5758,15235,0.5757,22377,0.5759,17588,0.576,15971
1753592080991,04:54:40.991,mexc,A/USDT:USDT,0.5758,15235,0.5757,22377,0.5759,17588,0.576,15971
1753592081393,04:54:41.393,mexc,A/USDT:USDT,0.5758,15235,0.5757,22377,0.5759,17588,0.576,15971
1753592081493,04:54:41.493,mexc,A/USDT:USDT,0.5758,15235,0.5757,22377,0.5759,17588,0.576,20483
1753592081893,04:54:41.893,mexc,A/USDT:USDT,0.5758,15235,0.5757,22377,0.5759,17588,0.576,20483
1753592082091,04:54:42.091,mexc,A/USDT:USDT,0.5758,15235,0.5757,22377,0.5759,17588,0.576,26636
1753592082094,04:54:42.094,mexc,A/USDT:USDT,0.5758,15235,0.5757,22377,0.5759,17588,0.576,26636
1753592082492,04:54:42.492,mexc,A/USDT:USDT,0.5758,15235,0.5757,22377,0.5759,17588,0.576,18771
1753592082894,04:54:42.894,mexc,A/USDT:USDT,0.5758,15235,0.5757,22377,0.5759,17588,0.576,18771
1753592082993,04:54:42.993,mexc,A/USDT:USDT,0.5758,15235,0.5757,31768,0.5759,17588,0.576,25109
1753592083214,04:54:43.214,mexc,A/USDT:USDT,0.5757,15257,0.5756,19075,0.5758,18894,0.5759,17672
1753592083494,04:54:43.494,mexc,A/USDT:USDT,0.5757,15257,0.5756,19075,0.5758,18894,0.5759,17672
1753592083897,04:54:43.897,mexc,A/USDT:USDT,0.5757,15257,0.5756,19075,0.5758,18894,0.5759,17672
1753592083992,04:54:43.992,mexc,A/USDT:USDT,0.5757,15257,0.5756,19075,0.5758,18894,0.5759,17672
1753592084399,04:54:44.399,mexc,A/USDT:USDT,0.5757,15257,0.5756,19075,0.5758,18894,0.5759,17672
1753592084494,04:54:44.494,mexc,A/USDT:USDT,0.5757,15257,0.5756,24079,0.5758,18894,0.5759,17672
1753592084895,04:54:44.895,mexc,A/USDT:USDT,0.5757,15257,0.5756,19075,0.5758,18894,0.5759,17672
1753592084994,04:54:44.994,mexc,A/USDT:USDT,0.5757,15257,0.5756,19075,0.5758,18894,0.5759,17672
1753592085396,04:54:45.396,mexc,A/USDT:USDT,0.5757,15257,0.5756,19075,0.5758,18894,0.5759,17672
1753592085493,04:54:45.493,mexc,A/USDT:USDT,0.5757,15257,0.5756,19075,0.5758,18894,0.5759,26116
1753592085894,04:54:45.894,mexc,A/USDT:USDT,0.5757,15257,0.5756,19075,0.5758,18894,0.5759,26116
1753592085993,04:54:45.993,mexc,A/USDT:USDT,0.5757,15257,0.5756,19075,0.5758,18894,0.5759,24478
1753592086395,04:54:46.395,mexc,A/USDT:USDT,0.5757,15257,0.5756,19075,0.5758,18894,0.5759,17672
1753592086496,04:54:46.496,mexc,A/USDT:USDT,0.5757,15257,0.5756,19075,0.5758,18894,0.5759,17672
1753592086895,04:54:46.895,mexc,A/USDT:USDT,0.5757,15257,0.5756,19075,0.5758,18894,0.5759,17672
1753592086995,04:54:46.995,mexc,A/USDT:USDT,0.5757,15257,0.5756,19075,0.5758,18894,0.5759,22870
1753592087395,04:54:47.395,mexc,A/USDT:USDT,0.5757,15257,0.5756,19075,0.5758,18894,0.5759,22870
1753592087495,04:54:47.495,mexc,A/USDT:USDT,0.5757,15257,0.5756,19075,0.5758,18894,0.5759,17672
1753592087896,04:54:47.896,mexc,A/USDT:USDT,0.5757,15257,0.5756,19075,0.5758,18894,0.5759,17672
1753592088095,04:54:48.095,mexc,A/USDT:USDT,0.5757,15257,0.5756,19075,0.5758,18894,0.5759,23416
1753592088097,04:54:48.097,mexc,A/USDT:USDT,0.5757,15257,0.5756,19075,0.5758,18894,0.5759,23416
1753592088497,04:54:48.497,mexc,A/USDT:USDT,0.5757,15257,0.5756,19075,0.5758,18894,0.5759,17672
1753592088897,04:54:48.897,mexc,A/USDT:USDT,0.5757,15257,0.5756,19075,0.5758,18894,0.5759,17672
1753592088993,04:54:48.993,mexc,A/USDT:USDT,0.5757,15257,0.5756,19075,0.5758,18894,0.5759,25594
1753592089214,04:54:49.214,mexc,A/USDT:USDT,0.5757,17835,0.5756,21562,0.5758,26460,0.5759,22418
1753592089499,04:54:49.499,mexc,A/USDT:USDT,0.5757,17835,0.5756,26122,0.5758,26460,0.5759,32290
1753592089995,04:54:49.995,mexc,A/USDT:USDT,0.5757,17835,0.5756,21562,0.5758,26460,0.5759,22418
1753592089995,04:54:49.995,mexc,A/USDT:USDT,0.5757,17835,0.5756,21562,0.5758,26460,0.5759,32311
1753592090398,04:54:50.398,mexc,A/USDT:USDT,0.5757,17835,0.5756,21562,0.5758,26460,0.5759,32311
1753592090497,04:54:50.497,mexc,A/USDT:USDT,0.5757,17835,0.5756,28128,0.5758,26460,0.5759,22418
1753592090898,04:54:50.898,mexc,A/USDT:USDT,0.5757,17835,0.5756,28128,0.5758,26460,0.5759,22418
1753592090997,04:54:50.997,mexc,A/USDT:USDT,0.5757,17835,0.5756,21562,0.5758,26460,0.5759,22418
1753592091398,04:54:51.398,mexc,A/USDT:USDT,0.5757,17835,0.5756,21562,0.5758,26460,0.5759,22418
1753592091498,04:54:51.498,mexc,A/USDT:USDT,0.5757,17835,0.5756,35475,0.5758,26460,0.5759,22418
1753592091898,04:54:51.898,mexc,A/USDT:USDT,0.5757,17835,0.5756,30830,0.5758,26460,0.5759,22418
1753592091998,04:54:51.998,mexc,A/USDT:USDT,0.5757,17835,0.5756,21562,0.5758,26460,0.5759,22418
1753592092397,04:54:52.397,mexc,A/USDT:USDT,0.5757,17835,0.5756,21562,0.5758,26460,0.5759,22418
1753592092499,04:54:52.499,mexc,A/USDT:USDT,0.5757,17835,0.5756,24711,0.5758,26460,0.5759,31273
1753592092898,04:54:52.898,mexc,A/USDT:USDT,0.5757,17835,0.5756,24711,0.5758,26460,0.5759,22418
1753592092997,04:54:52.997,mexc,A/USDT:USDT,0.5757,17835,0.5756,21562,0.5758,26460,0.5759,22418
1753592093398,04:54:53.398,mexc,A/USDT:USDT,0.5757,17835,0.5756,21562,0.5758,26460,0.5759,22418
1753592093498,04:54:53.498,mexc,A/USDT:USDT,0.5757,17835,0.5756,21562,0.5758,26460,0.5759,22418
1753592093899,04:54:53.899,mexc,A/USDT:USDT,0.5757,17835,0.5756,21562,0.5758,26460,0.5759,22418
1753592094096,04:54:54.096,mexc,A/USDT:USDT,0.5757,17835,0.5756,21562,0.5758,26460,0.5759,25529
1753592094099,04:54:54.099,mexc,A/USDT:USDT,0.5757,17835,0.5756,21562,0.5758,26460,0.5759,25529
1753592094499,04:54:54.499,mexc,A/USDT:USDT,0.5757,17835,0.5756,21562,0.5758,26460,0.5759,22418
1753592094899,04:54:54.899,mexc,A/USDT:USDT,0.5757,17835,0.5756,21562,0.5758,26460,0.5759,22418
1753592094997,04:54:54.997,mexc,A/USDT:USDT,0.5757,17835,0.5756,30822,0.5758,26460,0.5759,22418
1753592095216,04:54:55.216,mexc,A/USDT:USDT,0.5757,24820,0.5756,16278,0.5758,15821,0.5759,21448
1753592095500,04:54:55.500,mexc,A/USDT:USDT,0.5757,24820,0.5756,24134,0.5758,15821,0.5759,21448
1753592095898,04:54:55.898,mexc,A/USDT:USDT,0.5757,24820,0.5756,24134,0.5758,15821,0.5759,21448
1753592095998,04:54:55.998,mexc,A/USDT:USDT,0.5757,24820,0.5756,16278,0.5758,15821,0.5759,21448
1753592096399,04:54:56.399,mexc,A/USDT:USDT,0.5757,24820,0.5756,16278,0.5758,15821,0.5759,21448
1753592096500,04:54:56.500,mexc,A/USDT:USDT,0.5757,24820,0.5756,17915,0.5758,15821,0.5759,26589
1753592096899,04:54:56.899,mexc,A/USDT:USDT,0.5757,24820,0.5756,16278,0.5758,15821,0.5759,26589
1753592097000,04:54:57.000,mexc,A/USDT:USDT,0.5757,24820,0.5756,16278,0.5758,15821,0.5759,21448
1753592097402,04:54:57.402,mexc,A/USDT:USDT,0.5757,24820,0.5756,16278,0.5758,15821,0.5759,21448
1753592097499,04:54:57.499,mexc,A/USDT:USDT,0.5757,24820,0.5756,16278,0.5758,15821,0.5759,21448
1753592097900,04:54:57.900,mexc,A/USDT:USDT,0.5757,24820,0.5756,16278,0.5758,15821,0.5759,21448
1753592098000,04:54:58.000,mexc,A/USDT:USDT,0.5757,24820,0.5756,19688,0.5758,15821,0.5759,21448
1753592098402,04:54:58.402,mexc,A/USDT:USDT,0.5757,24820,0.5756,19688,0.5758,15821,0.5759,21448
1753592098500,04:54:58.500,mexc,A/USDT:USDT,0.5757,24820,0.5756,16278,0.5758,15821,0.5759,21448
1753592098903,04:54:58.903,mexc,A/USDT:USDT,0.5757,24820,0.5756,16278,0.5758,15821,0.5759,21448
1753592099001,04:54:59.001,mexc,A/USDT:USDT,0.5757,24820,0.5756,18484,0.5758,15821,0.5759,21448
1753592099402,04:54:59.402,mexc,A/USDT:USDT,0.5757,24820,0.5756,16278,0.5758,15821,0.5759,21448
1753592099504,04:54:59.504,mexc,A/USDT:USDT,0.5757,24820,0.5756,16278,0.5758,15821,0.5759,21448
1753592099909,04:54:59.909,mexc,A/USDT:USDT,0.5757,24820,0.5756,16278,0.5758,15821,0.5759,21448
1753592100103,04:55:00.103,mexc,A/USDT:USDT,0.5757,24820,0.5756,16278,0.5758,15821,0.5759,30754
1753592100103,04:55:00.103,mexc,A/USDT:USDT,0.5757,24820,0.5756,16278,0.5758,15821,0.5759,30754
1753592100501,04:55:00.501,mexc,A/USDT:USDT,0.5757,24820,0.5756,23946,0.5758,15821,0.5759,21448
1753592100903,04:55:00.903,mexc,A/USDT:USDT,0.5757,24820,0.5756,21721,0.5758,15821,0.5759,21448
1753592101001,04:55:01.001,mexc,A/USDT:USDT,0.5757,24820,0.5756,16278,0.5758,15821,0.5759,29901
1753592101217,04:55:01.217,mexc,A/USDT:USDT,0.5757,22347,0.5756,26781,0.5758,21450,0.5759,17194
1753592101501,04:55:01.501,mexc,A/USDT:USDT,0.5757,22347,0.5756,26781,0.5758,21450,0.5759,17194
1753592101904,04:55:01.904,mexc,A/USDT:USDT,0.5757,22347,0.5756,26781,0.5758,21450,0.5759,17194
1753592102002,04:55:02.002,mexc,A/USDT:USDT,0.5757,22347,0.5756,26781,0.5758,21450,0.5759,17194
1753592102405,04:55:02.405,mexc,A/USDT:USDT,0.5757,22347,0.5756,26781,0.5758,21450,0.5759,17194
1753592102502,04:55:02.502,mexc,A/USDT:USDT,0.5757,22347,0.5756,33407,0.5758,21450,0.5759,17194
1753592102904,04:55:02.904,mexc,A/USDT:USDT,0.5757,22347,0.5756,30281,0.5758,21450,0.5759,17194
1753592103003,04:55:03.003,mexc,A/USDT:USDT,0.5757,22347,0.5756,35915,0.5758,21450,0.5759,17194
1753592103404,04:55:03.404,mexc,A/USDT:USDT,0.5757,22347,0.5756,35915,0.5758,21450,0.5759,17194
1753592103502,04:55:03.502,mexc,A/USDT:USDT,0.5757,22347,0.5756,30719,0.5758,21450,0.5759,17194
1753592103903,04:55:03.903,mexc,A/USDT:USDT,0.5757,22347,0.5756,30719,0.5758,21450,0.5759,17194
1753592104005,04:55:04.005,mexc,A/USDT:USDT,0.5757,22347,0.5756,26781,0.5758,21450,0.5759,21298
1753592104408,04:55:04.408,mexc,A/USDT:USDT,0.5757,22347,0.5756,26781,0.5758,21450,0.5759,21298
1753592104506,04:55:04.506,mexc,A/USDT:USDT,0.5757,22347,0.5756,35316,0.5758,21450,0.5759,23989
1753592104905,04:55:04.905,mexc,A/USDT:USDT,0.5757,22347,0.5756,35316,0.5758,21450,0.5759,23989
1753592105004,04:55:05.004,mexc,A/USDT:USDT,0.5757,22347,0.5756,37592,0.5758,21450,0.5759,17194
1753592105406,04:55:05.406,mexc,A/USDT:USDT,0.5757,22347,0.5756,26781,0.5758,21450,0.5759,17194
1753592105511,04:55:05.511,mexc,A/USDT:USDT,0.5757,22347,0.5756,29623,0.5758,21450,0.5759,27147
1753592105906,04:55:05.906,mexc,A/USDT:USDT,0.5757,22347,0.5756,26781,0.5758,21450,0.5759,27147
1753592106107,04:55:06.107,mexc,A/USDT:USDT,0.5757,22347,0.5756,26781,0.5758,21450,0.5759,17194
1753592106107,04:55:06.107,mexc,A/USDT:USDT,0.5757,22347,0.5756,26781,0.5758,21450,0.5759,17194
1753592106507,04:55:06.507,mexc,A/USDT:USDT,0.5757,22347,0.5756,38032,0.5758,21450,0.5759,17194
1753592106507,04:55:06.507,mexc,A/USDT:USDT,0.5757,22347,0.5756,38032,0.5758,21450,0.5759,25139
1753592106909,04:55:06.909,mexc,A/USDT:USDT,0.5757,22347,0.5756,38032,0.5758,21450,0.5759,25139
1753592107005,04:55:07.005,mexc,A/USDT:USDT,0.5757,22347,0.5756,26781,0.5758,21450,0.5759,17194
1753592107220,04:55:07.220,mexc,A/USDT:USDT,0.5757,25456,0.5756,22105,0.5758,15651,0.5759,15766
1753592107508,04:55:07.508,mexc,A/USDT:USDT,0.5757,25456,0.5756,22105,0.5758,15651,0.5759,15766
1753592107908,04:55:07.908,mexc,A/USDT:USDT,0.5757,25456,0.5756,22105,0.5758,15651,0.5759,15766
1753592108008,04:55:08.008,mexc,A/USDT:USDT,0.5757,25456,0.5756,32305,0.5758,15651,0.5759,18788
1753592108408,04:55:08.408,mexc,A/USDT:USDT,0.5757,25456,0.5756,32305,0.5758,15651,0.5759,18788
1753592108508,04:55:08.508,mexc,A/USDT:USDT,0.5757,25456,0.5756,22105,0.5758,15651,0.5759,20817
1753592108910,04:55:08.910,mexc,A/USDT:USDT,0.5757,25456,0.5756,22105,0.5758,15651,0.5759,20817
1753592109008,04:55:09.008,mexc,A/USDT:USDT,0.5757,25456,0.5756,26138,0.5758,15651,0.5759,15766
1753592109409,04:55:09.409,mexc,A/USDT:USDT,0.5757,25456,0.5756,26138,0.5758,15651,0.5759,15766
1753592109513,04:55:09.513,mexc,A/USDT:USDT,0.5757,25456,0.5756,25171,0.5758,15651,0.5759,15766
1753592109911,04:55:09.911,mexc,A/USDT:USDT,0.5757,25456,0.5756,25171,0.5758,15651,0.5759,15766
1753592110008,04:55:10.008,mexc,A/USDT:USDT,0.5757,25456,0.5756,32246,0.5758,15651,0.5759,15766
1753592110411,04:55:10.411,mexc,A/USDT:USDT,0.5757,25456,0.5756,22105,0.5758,15651,0.5759,15766
1753592110515,04:55:10.515,mexc,A/USDT:USDT,0.5757,25456,0.5756,29034,0.5758,15651,0.5759,15766
1753592110910,04:55:10.910,mexc,A/USDT:USDT,0.5757,25456,0.5756,29034,0.5758,15651,0.5759,15766
1753592111011,04:55:11.011,mexc,A/USDT:USDT,0.5757,25456,0.5756,32311,0.5758,15651,0.5759,22424
1753592111412,04:55:11.412,mexc,A/USDT:USDT,0.5757,25456,0.5756,32311,0.5758,15651,0.5759,15766
1753592111512,04:55:11.512,mexc,A/USDT:USDT,0.5757,25456,0.5756,27166,0.5758,15651,0.5759,24780
1753592111912,04:55:11.912,mexc,A/USDT:USDT,0.5757,25456,0.5756,27166,0.5758,15651,0.5759,19368
1753592112109,04:55:12.109,mexc,A/USDT:USDT,0.5757,25456,0.5756,29162,0.5758,15651,0.5759,21515
1753592112411,04:55:12.411,mexc,A/USDT:USDT,0.5757,25456,0.5756,24541,0.5758,15651,0.5759,21515
1753592112512,04:55:12.512,mexc,A/USDT:USDT,0.5757,25456,0.5756,32905,0.5758,15651,0.5759,15766
1753592112912,04:55:12.912,mexc,A/USDT:USDT,0.5757,25456,0.5756,32905,0.5758,15651,0.5759,15766
1753592113010,04:55:13.010,mexc,A/USDT:USDT,0.5757,25456,0.5756,22105,0.5758,15651,0.5759,15766
1753592113222,04:55:13.222,mexc,A/USDT:USDT,0.5757,25418,0.5756,21038,0.5758,15163,0.5759,20707
1753592113512,04:55:13.512,mexc,A/USDT:USDT,0.5757,25418,0.5756,21038,0.5758,15163,0.5759,25555
1753592113915,04:55:13.915,mexc,A/USDT:USDT,0.5757,25418,0.5756,21038,0.5758,15163,0.5759,20707
1753592114012,04:55:14.012,mexc,A/USDT:USDT,0.5757,25418,0.5756,27517,0.5758,15163,0.5759,20707
1753592114414,04:55:14.414,mexc,A/USDT:USDT,0.5757,25418,0.5756,27517,0.5758,15163,0.5759,20707
1753592114513,04:55:14.513,mexc,A/USDT:USDT,0.5757,25418,0.5756,21038,0.5758,15163,0.5759,26113
1753592114914,04:55:14.914,mexc,A/USDT:USDT,0.5757,25418,0.5756,21038,0.5758,15163,0.5759,20707
1753592115013,04:55:15.013,mexc,A/USDT:USDT,0.5757,25418,0.5756,28277,0.5758,15163,0.5759,25475
1753592115415,04:55:15.415,mexc,A/USDT:USDT,0.5757,25418,0.5756,28277,0.5758,15163,0.5759,25475
1753592115516,04:55:15.516,mexc,A/USDT:USDT,0.5757,25418,0.5756,31656,0.5758,15163,0.5759,20707
1753592115915,04:55:15.915,mexc,A/USDT:USDT,0.5757,25418,0.5756,31656,0.5758,15163,0.5759,20707
1753592116016,04:55:16.016,mexc,A/USDT:USDT,0.5757,25418,0.5756,21038,0.5758,15163,0.5759,23418
1753592116416,04:55:16.416,mexc,A/USDT:USDT,0.5757,25418,0.5756,21038,0.5758,15163,0.5759,20707
1753592116523,04:55:16.523,mexc,A/USDT:USDT,0.5757,25418,0.5756,21038,0.5758,15163,0.5759,20707
1753592116920,04:55:16.920,mexc,A/USDT:USDT,0.5757,25418,0.5756,21038,0.5758,15163,0.5759,20707
1753592117014,04:55:17.014,mexc,A/USDT:USDT,0.5757,25418,0.5756,27953,0.5758,15163,0.5759,20707
1753592117172,04:55:17.172,mexc,A/USDT:USDT,0.5757,25418,0.5756,27953,0.5758,15163,0.5759,20707
1753592117521,04:55:17.521,mexc,A/USDT:USDT,0.5757,25418,0.5756,21038,0.5758,15163,0.5759,20707
1753592117916,04:55:17.916,mexc,A/USDT:USDT,0.5757,25418,0.5756,21038,0.5758,15163,0.5759,20707
1753592118015,04:55:18.015,mexc,A/USDT:USDT,0.5757,25418,0.5756,28418,0.5758,15163,0.5759,27280
1753592118417,04:55:18.417,mexc,A/USDT:USDT,0.5757,25418,0.5756,28418,0.5758,15163,0.5759,27280
1753592118517,04:55:18.517,mexc,A/USDT:USDT,0.5757,25418,0.5756,21038,0.5758,15163,0.5759,36651
1753592118928,04:55:18.928,mexc,A/USDT:USDT,0.5757,25418,0.5756,21038,0.5758,15163,0.5759,26822
1753592119080,04:55:19.080,mexc,A/USDT:USDT,0.5757,25418,0.5756,27466,0.5758,15163,0.5759,20707
1753592119224,04:55:19.224,mexc,A/USDT:USDT,0.5757,16404,0.5756,14865,0.5758,16518,0.5759,26297
1753592119581,04:55:19.581,mexc,A/USDT:USDT,0.5757,16404,0.5756,17644,0.5758,16518,0.5759,26297
1753592119982,04:55:19.982,mexc,A/USDT:USDT,0.5757,16404,0.5756,17644,0.5758,16518,0.5759,26297
1753592120084,04:55:20.084,mexc,A/USDT:USDT,0.5757,16404,0.5756,14865,0.5758,16518,0.5759,26297
1753592120485,04:55:20.485,mexc,A/USDT:USDT,0.5757,16404,0.5756,14865,0.5758,16518,0.5759,26297
1753592120583,04:55:20.583,mexc,A/USDT:USDT,0.5757,16404,0.5756,20360,0.5758,16518,0.5759,26297
1753592120985,04:55:20.985,mexc,A/USDT:USDT,0.5757,16404,0.5756,20360,0.5758,16518,0.5759,26297
1753592121085,04:55:21.085,mexc,A/USDT:USDT,0.5757,16404,0.5756,14865,0.5758,16518,0.5759,26297
1753592121455,04:55:21.455,mexc,A/USDT:USDT,0.5757,16404,0.5756,14865,0.5758,16518,0.5759,26297
1753592121584,04:55:21.584,mexc,A/USDT:USDT,0.5757,16404,0.5756,20379,0.5758,16518,0.5759,26297
1753592121985,04:55:21.985,mexc,A/USDT:USDT,0.5757,16404,0.5756,20379,0.5758,16518,0.5759,26297
1753592122085,04:55:22.085,mexc,A/USDT:USDT,0.5757,16404,0.5756,20121,0.5758,16518,0.5759,26297
1753592122486,04:55:22.486,mexc,A/USDT:USDT,0.5757,16404,0.5756,20121,0.5758,16518,0.5759,26297
1753592122585,04:55:22.585,mexc,A/USDT:USDT,0.5757,16404,0.5756,21577,0.5758,16518,0.5759,26297
1753592122987,04:55:22.987,mexc,A/USDT:USDT,0.5757,16404,0.5756,14865,0.5758,16518,0.5759,26297
1753592123173,04:55:23.173,mexc,A/USDT:USDT,0.5757,16404,0.5756,18122,0.5758,16518,0.5759,35032
1753592123486,04:55:23.486,mexc,A/USDT:USDT,0.5757,16404,0.5756,18122,0.5758,16518,0.5759,35032
1753592123587,04:55:23.587,mexc,A/USDT:USDT,0.5757,16404,0.5756,20371,0.5758,16518,0.5759,26297
1753592123985,04:55:23.985,mexc,A/USDT:USDT,0.5757,16404,0.5756,14865,0.5758,16518,0.5759,26297
1753592124085,04:55:24.085,mexc,A/USDT:USDT,0.5757,16404,0.5756,14865,0.5758,16518,0.5759,26297
1753592124488,04:55:24.488,mexc,A/USDT:USDT,0.5757,16404,0.5756,14865,0.5758,16518,0.5759,26297
1753592124584,04:55:24.584,mexc,A/USDT:USDT,0.5757,16404,0.5756,16712,0.5758,16518,0.5759,26297
1753592124986,04:55:24.986,mexc,A/USDT:USDT,0.5757,16404,0.5756,14865,0.5758,16518,0.5759,26297
1753592125083,04:55:25.083,mexc,A/USDT:USDT,0.5757,16404,0.5756,21058,0.5758,16518,0.5759,26297
1753592125228,04:55:25.228,mexc,A/USDT:USDT,0.5754,16461,0.5753,20843,0.5756,17341,0.5757,18259
1753592125589,04:55:25.589,mexc,A/USDT:USDT,0.5754,16461,0.5753,30591,0.5756,17341,0.5757,18259
1753592125986,04:55:25.986,mexc,A/USDT:USDT,0.5754,16461,0.5753,30591,0.5756,17341,0.5757,18259
1753592126086,04:55:26.086,mexc,A/USDT:USDT,0.5754,16461,0.5753,20843,0.5756,17341,0.5757,18259
1753592126487,04:55:26.487,mexc,A/USDT:USDT,0.5754,16461,0.5753,20843,0.5756,17341,0.5757,18259
1753592126586,04:55:26.586,mexc,A/USDT:USDT,0.5754,16461,0.5753,20843,0.5756,17341,0.5757,23819
1753592126992,04:55:26.992,mexc,A/USDT:USDT,0.5754,16461,0.5753,20843,0.5756,17341,0.5757,18259
1753592127093,04:55:27.093,mexc,A/USDT:USDT,0.5754,16461,0.5753,20843,0.5756,17341,0.5757,26221
1753592127455,04:55:27.455,mexc,A/USDT:USDT,0.5754,16461,0.5753,20843,0.5756,17341,0.5757,26221
1753592127589,04:55:27.589,mexc,A/USDT:USDT,0.5754,16461,0.5753,20843,0.5756,17341,0.5757,18259
1753592127993,04:55:27.993,mexc,A/USDT:USDT,0.5754,16461,0.5753,20843,0.5756,17341,0.5757,18259
1753592128089,04:55:28.089,mexc,A/USDT:USDT,0.5754,16461,0.5753,20843,0.5756,17341,0.5757,23095
1753592128490,04:55:28.490,mexc,A/USDT:USDT,0.5754,16461,0.5753,20843,0.5756,17341,0.5757,23095
1753592128588,04:55:28.588,mexc,A/USDT:USDT,0.5754,16461,0.5753,20843,0.5756,17341,0.5757,18259
1753592128989,04:55:28.989,mexc,A/USDT:USDT,0.5754,16461,0.5753,20843,0.5756,17341,0.5757,18259
1753592129175,04:55:29.175,mexc,A/USDT:USDT,0.5754,16461,0.5753,27974,0.5756,17341,0.5757,25198
1753592129492,04:55:29.492,mexc,A/USDT:USDT,0.5754,16461,0.5753,27974,0.5756,17341,0.5757,18259
1753592129590,04:55:29.590,mexc,A/USDT:USDT,0.5754,16461,0.5753,20843,0.5756,17341,0.5757,18259
1753592129990,04:55:29.990,mexc,A/USDT:USDT,0.5754,16461,0.5753,20843,0.5756,17341,0.5757,18259
1753592130089,04:55:30.089,mexc,A/USDT:USDT,0.5754,16461,0.5753,32762,0.5756,17341,0.5757,18259
1753592130491,04:55:30.491,mexc,A/USDT:USDT,0.5754,16461,0.5753,25420,0.5756,17341,0.5757,18259
1753592130589,04:55:30.589,mexc,A/USDT:USDT,0.5754,16461,0.5753,20843,0.5756,17341,0.5757,18259
1753592130992,04:55:30.992,mexc,A/USDT:USDT,0.5754,16461,0.5753,20843,0.5756,17341,0.5757,18259
1753592131091,04:55:31.091,mexc,A/USDT:USDT,0.5754,16461,0.5753,23627,0.5756,17341,0.5757,18259
1753592131227,04:55:31.227,mexc,A/USDT:USDT,0.5754,15654,0.5753,17178,0.5756,22886,0.5757,18504
1753592131591,04:55:31.591,mexc,A/USDT:USDT,0.5754,15654,0.5753,23201,0.5756,22886,0.5757,18504
1753592131993,04:55:31.993,mexc,A/USDT:USDT,0.5754,15654,0.5753,23201,0.5756,22886,0.5757,18504
1753592132089,04:55:32.089,mexc,A/USDT:USDT,0.5754,15654,0.5753,17178,0.5756,22886,0.5757,18504
1753592132493,04:55:32.493,mexc,A/USDT:USDT,0.5754,15654,0.5753,17178,0.5756,22886,0.5757,18504
1753592132590,04:55:32.590,mexc,A/USDT:USDT,0.5754,15654,0.5753,17178,0.5756,22886,0.5757,25097
1753592132995,04:55:32.995,mexc,A/USDT:USDT,0.5754,15654,0.5753,17178,0.5756,22886,0.5757,18504
1753592133095,04:55:33.095,mexc,A/USDT:USDT,0.5754,15654,0.5753,17178,0.5756,22886,0.5757,22664
1753592133458,04:55:33.458,mexc,A/USDT:USDT,0.5754,15654,0.5753,17178,0.5756,22886,0.5757,22664
1753592133589,04:55:33.589,mexc,A/USDT:USDT,0.5754,15654,0.5753,20759,0.5756,22886,0.5757,22280
1753592133993,04:55:33.993,mexc,A/USDT:USDT,0.5754,15654,0.5753,17178,0.5756,22886,0.5757,22280
1753592134093,04:55:34.093,mexc,A/USDT:USDT,0.5754,15654,0.5753,23708,0.5756,22886,0.5757,18504
1753592134491,04:55:34.491,mexc,A/USDT:USDT,0.5754,15654,0.5753,23708,0.5756,22886,0.5757,18504
1753592134592,04:55:34.592,mexc,A/USDT:USDT,0.5754,15654,0.5753,17178,0.5756,22886,0.5757,21018
1753592134992,04:55:34.992,mexc,A/USDT:USDT,0.5754,15654,0.5753,17178,0.5756,22886,0.5757,21018
1753592135178,04:55:35.178,mexc,A/USDT:USDT,0.5754,15654,0.5753,28053,0.5756,22886,0.5757,18504
1753592135494,04:55:35.494,mexc,A/USDT:USDT,0.5754,15654,0.5753,28053,0.5756,22886,0.5757,18504
1753592135592,04:55:35.592,mexc,A/USDT:USDT,0.5754,15654,0.5753,25524,0.5756,22886,0.5757,18504
1753592135995,04:55:35.995,mexc,A/USDT:USDT,0.5754,15654,0.5753,25524,0.5756,22886,0.5757,18504
1753592136093,04:55:36.093,mexc,A/USDT:USDT,0.5754,15654,0.5753,17178,0.5756,22886,0.5757,27045
1753592136496,04:55:36.496,mexc,A/USDT:USDT,0.5754,15654,0.5753,17178,0.5756,22886,0.5757,27045
1753592136593,04:55:36.593,mexc,A/USDT:USDT,0.5754,15654,0.5753,17178,0.5756,22886,0.5757,18504
1753592136994,04:55:36.994,mexc,A/USDT:USDT,0.5754,15654,0.5753,17178,0.5756,22886,0.5757,18504
1753592137093,04:55:37.093,mexc,A/USDT:USDT,0.5754,15654,0.5753,24900,0.5756,22886,0.5757,22481
1753592137230,04:55:37.230,mexc,A/USDT:USDT,0.5754,16817,0.5753,23395,0.5755,17847,0.5756,26464
1753592137593,04:55:37.593,mexc,A/USDT:USDT,0.5754,16817,0.5753,23395,0.5755,17847,0.5756,30301
1753592137996,04:55:37.996,mexc,A/USDT:USDT,0.5754,16817,0.5753,23395,0.5755,17847,0.5756,30301
1753592138092,04:55:38.092,mexc,A/USDT:USDT,0.5754,16817,0.5753,28302,0.5755,17847,0.5756,26464
1753592138495,04:55:38.495,mexc,A/USDT:USDT,0.5754,16817,0.5753,28302,0.5755,17847,0.5756,26464
1753592138593,04:55:38.593,mexc,A/USDT:USDT,0.5754,16817,0.5753,29543,0.5755,17847,0.5756,31476
1753592138996,04:55:38.996,mexc,A/USDT:USDT,0.5754,16817,0.5753,29543,0.5755,17847,0.5756,31476
1753592139100,04:55:39.100,mexc,A/USDT:USDT,0.5754,16817,0.5753,29905,0.5755,17847,0.5756,33158
1753592139498,04:55:39.498,mexc,A/USDT:USDT,0.5754,16817,0.5753,29905,0.5755,17847,0.5756,26464
1753592139594,04:55:39.594,mexc,A/USDT:USDT,0.5754,16817,0.5753,23395,0.5755,17847,0.5756,26464
1753592139996,04:55:39.996,mexc,A/USDT:USDT,0.5754,16817,0.5753,23395,0.5755,17847,0.5756,26464
1753592140095,04:55:40.095,mexc,A/USDT:USDT,0.5754,16817,0.5753,23395,0.5755,17847,0.5756,30193
1753592140497,04:55:40.497,mexc,A/USDT:USDT,0.5754,16817,0.5753,23395,0.5755,17847,0.5756,30193
1753592140596,04:55:40.596,mexc,A/USDT:USDT,0.5754,16817,0.5753,23395,0.5755,17847,0.5756,50313
1753592140999,04:55:40.999,mexc,A/USDT:USDT,0.5754,16817,0.5753,23395,0.5755,17847,0.5756,38074
1753592141181,04:55:41.181,mexc,A/USDT:USDT,0.5754,16817,0.5753,23395,0.5755,17847,0.5756,33456
1753592141498,04:55:41.498,mexc,A/USDT:USDT,0.5754,16817,0.5753,23395,0.5755,17847,0.5756,26464
1753592141598,04:55:41.598,mexc,A/USDT:USDT,0.5754,16817,0.5753,23395,0.5755,17847,0.5756,26464
1753592141998,04:55:41.998,mexc,A/USDT:USDT,0.5754,16817,0.5753,23395,0.5755,17847,0.5756,26464
1753592142100,04:55:42.100,mexc,A/USDT:USDT,0.5754,16817,0.5753,23395,0.5755,17847,0.5756,26464
1753592142499,04:55:42.499,mexc,A/USDT:USDT,0.5754,16817,0.5753,23395,0.5755,17847,0.5756,26464
1753592142596,04:55:42.596,mexc,A/USDT:USDT,0.5754,16817,0.5753,23395,0.5755,17847,0.5756,26464
1753592142999,04:55:42.999,mexc,A/USDT:USDT,0.5754,16817,0.5753,23395,0.5755,17847,0.5756,26464
1753592143100,04:55:43.100,mexc,A/USDT:USDT,0.5754,16817,0.5753,29638,0.5755,17847,0.5756,26464
1753592143232,04:55:43.232,mexc,A/USDT:USDT,0.5754,14851,0.5753,22892,0.5755,16459,0.5756,24081
1753592143600,04:55:43.600,mexc,A/USDT:USDT,0.5754,14851,0.5753,35200,0.5755,16459,0.5756,30658
1753592144001,04:55:44.001,mexc,A/USDT:USDT,0.5754,14851,0.5753,25508,0.5755,16459,0.5756,30658
1753592144101,04:55:44.101,mexc,A/USDT:USDT,0.5754,14851,0.5753,22892,0.5755,16459,0.5756,27688
1753592144503,04:55:44.503,mexc,A/USDT:USDT,0.5754,14851,0.5753,22892,0.5755,16459,0.5756,27688
1753592144600,04:55:44.600,mexc,A/USDT:USDT,0.5754,14851,0.5753,22892,0.5755,16459,0.5756,31086
1753592145001,04:55:45.001,mexc,A/USDT:USDT,0.5754,14851,0.5753,22892,0.5755,16459,0.5756,24081
1753592145108,04:55:45.108,mexc,A/USDT:USDT,0.5754,14851,0.5753,39797,0.5755,16459,0.5756,31691
1753592145502,04:55:45.502,mexc,A/USDT:USDT,0.5754,14851,0.5753,39797,0.5755,16459,0.5756,31691
1753592145600,04:55:45.600,mexc,A/USDT:USDT,0.5754,14851,0.5753,25380,0.5755,16459,0.5756,30652
1753592146004,04:55:46.004,mexc,A/USDT:USDT,0.5754,14851,0.5753,22892,0.5755,16459,0.5756,30652
1753592146101,04:55:46.101,mexc,A/USDT:USDT,0.5754,14851,0.5753,22892,0.5755,16459,0.5756,24081
1753592146502,04:55:46.502,mexc,A/USDT:USDT,0.5754,14851,0.5753,22892,0.5755,16459,0.5756,24081
1753592146600,04:55:46.600,mexc,A/USDT:USDT,0.5754,14851,0.5753,37207,0.5755,16459,0.5756,24081
1753592147003,04:55:47.003,mexc,A/USDT:USDT,0.5754,14851,0.5753,37207,0.5755,16459,0.5756,24081
1753592147183,04:55:47.183,mexc,A/USDT:USDT,0.5754,14851,0.5753,22892,0.5755,16459,0.5756,24081
1753592147503,04:55:47.503,mexc,A/USDT:USDT,0.5754,14851,0.5753,22892,0.5755,16459,0.5756,24081
1753592147600,04:55:47.600,mexc,A/USDT:USDT,0.5754,14851,0.5753,22892,0.5755,16459,0.5756,24081
1753592148002,04:55:48.002,mexc,A/USDT:USDT,0.5754,14851,0.5753,22892,0.5755,16459,0.5756,24081
1753592148102,04:55:48.102,mexc,A/USDT:USDT,0.5754,14851,0.5753,22892,0.5755,16459,0.5756,31377
1753592148502,04:55:48.502,mexc,A/USDT:USDT,0.5754,14851,0.5753,22892,0.5755,16459,0.5756,31377
1753592148602,04:55:48.602,mexc,A/USDT:USDT,0.5754,14851,0.5753,34127,0.5755,16459,0.5756,30136
1753592149002,04:55:49.002,mexc,A/USDT:USDT,0.5754,14851,0.5753,34127,0.5755,16459,0.5756,30136
1753592149103,04:55:49.103,mexc,A/USDT:USDT,0.5754,14851,0.5753,28296,0.5755,16459,0.5756,24081
1753592149235,04:55:49.235,mexc,A/USDT:USDT,0.5754,15738,0.5753,24666,0.5755,24097,0.5756,21252
1753592149601,04:55:49.601,mexc,A/USDT:USDT,0.5754,15738,0.5753,35766,0.5755,24097,0.5756,28506
1753592150003,04:55:50.003,mexc,A/USDT:USDT,0.5754,15738,0.5753,35766,0.5755,24097,0.5756,28506
1753592150100,04:55:50.100,mexc,A/USDT:USDT,0.5754,15738,0.5753,29293,0.5755,24097,0.5756,21252
1753592150502,04:55:50.502,mexc,A/USDT:USDT,0.5754,15738,0.5753,29293,0.5755,24097,0.5756,21252
1753592150602,04:55:50.602,mexc,A/USDT:USDT,0.5754,15738,0.5753,24666,0.5755,24097,0.5756,28885
1753592151004,04:55:51.004,mexc,A/USDT:USDT,0.5754,15738,0.5753,24666,0.5755,24097,0.5756,28885
1753592151102,04:55:51.102,mexc,A/USDT:USDT,0.5754,15738,0.5753,24666,0.5755,24097,0.5756,21252
1753592151503,04:55:51.503,mexc,A/USDT:USDT,0.5754,15738,0.5753,24666,0.5755,24097,0.5756,21252
1753592151601,04:55:51.601,mexc,A/USDT:USDT,0.5754,15738,0.5753,31038,0.5755,24097,0.5756,28499
1753592152005,04:55:52.005,mexc,A/USDT:USDT,0.5754,15738,0.5753,31038,0.5755,24097,0.5756,28499
1753592152103,04:55:52.103,mexc,A/USDT:USDT,0.5754,15738,0.5753,31672,0.5755,24097,0.5756,21252
1753592152503,04:55:52.503,mexc,A/USDT:USDT,0.5754,15738,0.5753,31672,0.5755,24097,0.5756,21252
1753592152603,04:55:52.603,mexc,A/USDT:USDT,0.5754,15738,0.5753,27980,0.5755,24097,0.5756,21252
1753592153004,04:55:53.004,mexc,A/USDT:USDT,0.5754,15738,0.5753,27980,0.5755,24097,0.5756,21252
1753592153184,04:55:53.184,mexc,A/USDT:USDT,0.5754,15738,0.5753,24666,0.5755,24097,0.5756,27209
1753592153504,04:55:53.504,mexc,A/USDT:USDT,0.5754,15738,0.5753,24666,0.5755,24097,0.5756,27209
1753592153602,04:55:53.602,mexc,A/USDT:USDT,0.5754,15738,0.5753,32152,0.5755,24097,0.5756,24703
1753592154004,04:55:54.004,mexc,A/USDT:USDT,0.5754,15738,0.5753,32152,0.5755,24097,0.5756,24703
1753592154103,04:55:54.103,mexc,A/USDT:USDT,0.5754,15738,0.5753,32841,0.5755,24097,0.5756,21252
1753592154505,04:55:54.505,mexc,A/USDT:USDT,0.5754,15738,0.5753,32841,0.5755,24097,0.5756,21252
1753592154603,04:55:54.603,mexc,A/USDT:USDT,0.5754,15738,0.5753,37477,0.5755,24097,0.5756,37593
1753592155005,04:55:55.005,mexc,A/USDT:USDT,0.5754,15738,0.5753,29614,0.5755,24097,0.5756,37593
1753592155104,04:55:55.104,mexc,A/USDT:USDT,0.5754,15738,0.5753,31927,0.5755,24097,0.5756,21252
1753592155235,04:55:55.235,mexc,A/USDT:USDT,0.5754,16497,0.5753,20723,0.5755,26627,0.5756,14634
1753592155603,04:55:55.603,mexc,A/USDT:USDT,0.5754,16497,0.5753,30705,0.5755,26627,0.5756,21182
1753592156005,04:55:56.005,mexc,A/USDT:USDT,0.5754,16497,0.5753,20723,0.5755,26627,0.5756,21182
1753592156103,04:55:56.103,mexc,A/USDT:USDT,0.5754,16497,0.5753,20723,0.5755,26627,0.5756,14634
1753592156505,04:55:56.505,mexc,A/USDT:USDT,0.5754,16497,0.5753,20723,0.5755,26627,0.5756,14634
1753592156605,04:55:56.605,mexc,A/USDT:USDT,0.5754,16497,0.5753,20723,0.5755,26627,0.5756,14634
1753592157006,04:55:57.006,mexc,A/USDT:USDT,0.5754,16497,0.5753,20723,0.5755,26627,0.5756,14634
1753592157104,04:55:57.104,mexc,A/USDT:USDT,0.5754,16497,0.5753,20723,0.5755,26627,0.5756,14634
1753592157505,04:55:57.505,mexc,A/USDT:USDT,0.5754,16497,0.5753,20723,0.5755,26627,0.5756,14634
1753592157606,04:55:57.606,mexc,A/USDT:USDT,0.5754,16497,0.5753,26365,0.5755,26627,0.5756,14634
1753592158007,04:55:58.007,mexc,A/USDT:USDT,0.5754,16497,0.5753,26365,0.5755,26627,0.5756,14634
1753592158107,04:55:58.107,mexc,A/USDT:USDT,0.5754,16497,0.5753,20723,0.5755,26627,0.5756,14634
1753592158510,04:55:58.510,mexc,A/USDT:USDT,0.5754,16497,0.5753,20723,0.5755,26627,0.5756,14634
1753592158607,04:55:58.607,mexc,A/USDT:USDT,0.5754,16497,0.5753,24246,0.5755,26627,0.5756,14634
1753592159008,04:55:59.008,mexc,A/USDT:USDT,0.5754,16497,0.5753,24246,0.5755,26627,0.5756,14634
1753592159194,04:55:59.194,mexc,A/USDT:USDT,0.5754,16497,0.5753,30658,0.5755,26627,0.5756,14634
1753592159507,04:55:59.507,mexc,A/USDT:USDT,0.5754,16497,0.5753,30658,0.5755,26627,0.5756,14634
1753592159606,04:55:59.606,mexc,A/USDT:USDT,0.5754,16497,0.5753,30552,0.5755,26627,0.5756,14634
1753592160007,04:56:00.007,mexc,A/USDT:USDT,0.5754,16497,0.5753,30552,0.5755,26627,0.5756,14634
1753592160106,04:56:00.106,mexc,A/USDT:USDT,0.5754,16497,0.5753,20723,0.5755,26627,0.5756,14634
1753592160508,04:56:00.508,mexc,A/USDT:USDT,0.5754,16497,0.5753,20723,0.5755,26627,0.5756,14634
1753592160606,04:56:00.606,mexc,A/USDT:USDT,0.5754,16497,0.5753,20723,0.5755,26627,0.5756,14634
1753592161008,04:56:01.008,mexc,A/USDT:USDT,0.5754,16497,0.5753,20723,0.5755,26627,0.5756,14634
1753592161108,04:56:01.108,mexc,A/USDT:USDT,0.5754,16497,0.5753,20723,0.5755,26627,0.5756,22504
1753592161239,04:56:01.239,mexc,A/USDT:USDT,0.5754,26173,0.5753,17134,0.5756,23473,0.5757,20894
