timestamp,time,symbol,bid1_price,bid1_volume,bid2_price,bid2_volume,ask1_price,ask1_volume,ask2_price,ask2_volume
1753549171032,16:59:31.032,AEVO/USDT:USDT,0.1065,93985.0,0.1064,376028.4,0.1076,232234.1,0.1077,113939.3
1753549171226,16:59:31.226,AEVO/USDT:USDT,0.1065,93985.0,0.1064,281955.0,0.1074,116279.1,0.1075,116171.0
1753549171604,16:59:31.604,AEVO/USDT:USDT,0.1065,93985.0,0.1064,375940.0,0.1074,116279.1,0.1075,116171.0
1753549172030,16:59:32.030,AEVO/USDT:USDT,0.1066,93896.7,0.1065,93985.0,0.1075,116171.0,0.1076,232342.0
1753549172233,16:59:32.233,AEVO/USDT:USDT,0.1066,93896.7,0.1065,93985.0,0.1075,116171.0,0.1076,232342.0
1753549172650,16:59:32.650,AEVO/USDT:USDT,0.1066,93896.7,0.1065,93985.0,0.1075,116171.0,0.1076,232342.0
1753549173023,16:59:33.023,AEVO/USDT:USDT,0.1066,93896.7,0.1065,93985.0,0.1075,116171.0,0.1076,116171.0
1753549173252,16:59:33.252,AEVO/USDT:USDT,0.1066,93896.7,0.1065,93985.0,0.1075,116171.0,0.1076,232342.0
1753549173458,16:59:33.458,AEVO/USDT:USDT,0.1066,93896.7,0.1065,93985.0,0.1075,116171.0,0.1076,232342.0
1753549173868,16:59:33.868,AEVO/USDT:USDT,0.1066,93896.7,0.1065,93985.0,0.1075,116171.0,0.1076,232342.0
1753549174271,16:59:34.271,AEVO/USDT:USDT,0.1066,93896.7,0.1065,93985.0,0.1075,116171.0,0.1076,232342.0
1753549174494,16:59:34.494,AEVO/USDT:USDT,0.1066,93896.7,0.1065,93985.0,0.1075,116171.0,0.1076,232342.0
1753549174888,16:59:34.888,AEVO/USDT:USDT,0.1066,93896.7,0.1065,93985.0,0.1075,116171.0,0.1076,232342.0
1753549175111,16:59:35.111,AEVO/USDT:USDT,0.1066,93896.7,0.1065,93985.0,0.1075,116171.0,0.1076,232342.0
1753549175509,16:59:35.509,AEVO/USDT:USDT,0.1066,93896.7,0.1065,93985.0,0.1075,116171.0,0.1076,232342.0
1753549175717,16:59:35.717,AEVO/USDT:USDT,0.1066,93896.7,0.1065,93985.0,0.1075,116171.0,0.1076,232342.0
1753549176120,16:59:36.120,AEVO/USDT:USDT,0.1066,93896.7,0.1065,93985.0,0.1075,116171.0,0.1076,232342.0
1753549176503,16:59:36.503,AEVO/USDT:USDT,0.1066,93896.7,0.1065,93985.0,0.1075,116171.0,0.1076,116171.0
1753549176737,16:59:36.737,AEVO/USDT:USDT,0.1066,93896.7,0.1065,93985.0,0.1075,116171.0,0.1076,232342.0
1753549177108,16:59:37.108,AEVO/USDT:USDT,0.1066,93896.7,0.1065,93985.0,0.1075,116171.0,0.1076,116171.0
1753549177343,16:59:37.343,AEVO/USDT:USDT,0.1066,93896.7,0.1065,93985.0,0.1075,116171.0,0.1076,232342.0
1753549177725,16:59:37.725,AEVO/USDT:USDT,0.1066,93896.7,0.1065,93985.0,0.1075,116171.0,0.1076,116171.0
1753549177992,16:59:37.992,AEVO/USDT:USDT,0.1066,93896.7,0.1065,93985.0,0.1075,116171.0,0.1076,232342.0
1753549178444,16:59:38.444,AEVO/USDT:USDT,0.1066,93896.7,0.1065,93985.0,0.1075,116171.0,0.1076,232342.0
1753549178754,16:59:38.754,AEVO/USDT:USDT,0.1066,93896.7,0.1065,93985.0,0.1075,116171.0,0.1076,116171.0
1753549179077,16:59:39.077,AEVO/USDT:USDT,0.1066,93896.7,0.1065,93985.0,0.1075,116171.0,0.1076,232342.0
1753549179410,16:59:39.410,AEVO/USDT:USDT,0.1066,93896.7,0.1065,93985.0,0.1075,116171.0,0.1076,116171.0
1753549179681,16:59:39.681,AEVO/USDT:USDT,0.1066,93896.7,0.1065,93985.0,0.1075,116171.0,0.1076,232342.0
1753549179984,16:59:39.984,AEVO/USDT:USDT,0.1066,93896.7,0.1065,93985.0,0.1075,116171.0,0.1076,116171.0
1753549180307,16:59:40.307,AEVO/USDT:USDT,0.1066,93896.7,0.1065,93985.0,0.1075,116171.0,0.1076,232342.0
1753549180585,16:59:40.585,AEVO/USDT:USDT,0.1066,93896.7,0.1065,93985.0,0.1075,116171.0,0.1076,116171.0
1753549180917,16:59:40.917,AEVO/USDT:USDT,0.1066,93896.7,0.1065,93985.0,0.1075,116171.0,0.1076,232342.0
1753549181212,16:59:41.212,AEVO/USDT:USDT,0.1066,93896.7,0.1065,93985.0,0.1075,116171.0,0.1076,116171.0
1753549181536,16:59:41.536,AEVO/USDT:USDT,0.1066,93896.7,0.1065,93985.0,0.1075,116171.0,0.1076,232342.0
1753549181829,16:59:41.829,AEVO/USDT:USDT,0.1066,93896.7,0.1065,93985.0,0.1075,116171.0,0.1076,116171.0
1753549182182,16:59:42.182,AEVO/USDT:USDT,0.1066,93896.7,0.1065,93985.0,0.1075,116171.0,0.1076,232342.0
1753549182566,16:59:42.566,AEVO/USDT:USDT,0.1066,93896.7,0.1065,93985.0,0.1075,116171.0,0.1076,232342.0
1753549182837,16:59:42.837,AEVO/USDT:USDT,0.1066,93896.7,0.1065,93985.0,0.1075,116171.0,0.1076,116171.0
1753549183182,16:59:43.182,AEVO/USDT:USDT,0.1066,93896.7,0.1065,93985.0,0.1075,116171.0,0.1076,232342.0
1753549183483,16:59:43.483,AEVO/USDT:USDT,0.1066,93896.7,0.1065,93985.0,0.1075,116171.0,0.1076,116171.0
1753549183794,16:59:43.794,AEVO/USDT:USDT,0.1066,93896.7,0.1065,93985.0,0.1075,116171.0,0.1076,222405.6
1753549184070,16:59:44.070,AEVO/USDT:USDT,0.1066,93896.7,0.1065,93985.0,0.1075,116171.0,0.1076,116171.0
1753549184438,16:59:44.438,AEVO/USDT:USDT,0.1066,93896.7,0.1065,93985.0,0.1075,116171.0,0.1076,222338.5
1753549184709,16:59:44.709,AEVO/USDT:USDT,0.1066,93896.7,0.1065,93985.0,0.1075,116171.0,0.1076,116171.0
1753549185021,16:59:45.021,AEVO/USDT:USDT,0.1066,93896.7,0.1065,93985.0,0.1075,116171.0,0.1076,315217.0
1753549185091,16:59:45.091,AEVO/USDT:USDT,0.1066,93896.7,0.1065,93985.0,0.1075,116171.0,0.1076,215280.2
1753549185716,16:59:45.716,AEVO/USDT:USDT,0.1066,93896.7,0.1065,93985.0,0.1075,116171.0,0.1076,215280.2
1753549186031,16:59:46.031,AEVO/USDT:USDT,0.1066,93896.7,0.1065,93985.0,0.1075,116171.0,0.1076,288111.0
1753549186335,16:59:46.335,AEVO/USDT:USDT,0.1066,93896.7,0.1065,93985.0,0.1075,116171.0,0.1076,215280.2
1753549186638,16:59:46.638,AEVO/USDT:USDT,0.1066,93896.7,0.1065,93985.0,0.1075,116171.0,0.1076,299932.2
1753549186855,16:59:46.855,AEVO/USDT:USDT,0.1066,93896.7,0.1065,93985.0,0.1075,116171.0,0.1076,317808.6
1753549187007,16:59:47.007,AEVO/USDT:USDT,0.1066,93896.7,0.1065,93985.0,0.1075,116171.0,0.1076,215280.2
1753549187620,16:59:47.620,AEVO/USDT:USDT,0.1066,93896.7,0.1065,93985.0,0.1075,116171.0,0.1076,215280.2
1753549188092,16:59:48.092,AEVO/USDT:USDT,0.1066,93896.7,0.1065,93985.0,0.1075,116171.0,0.1076,315922.5
1753549188238,16:59:48.238,AEVO/USDT:USDT,0.1066,93896.7,0.1065,93985.0,0.1075,116171.0,0.1076,215280.2
1753549188845,16:59:48.845,AEVO/USDT:USDT,0.1066,93896.7,0.1065,93985.0,0.1075,116171.0,0.1076,215280.2
1753549189445,16:59:49.445,AEVO/USDT:USDT,0.1066,93896.7,0.1065,93985.0,0.1075,116171.0,0.1076,215280.2
1753549190063,16:59:50.063,AEVO/USDT:USDT,0.1066,93896.7,0.1065,93985.0,0.1075,116171.0,0.1076,215280.2
1753549190735,16:59:50.735,AEVO/USDT:USDT,0.1066,93896.7,0.1065,93985.0,0.1075,116171.0,0.1076,294959.2
1753549191072,16:59:51.072,AEVO/USDT:USDT,0.1066,93896.7,0.1065,93985.0,0.1075,116171.0,0.1076,215280.2
1753549191691,16:59:51.691,AEVO/USDT:USDT,0.1066,93896.7,0.1065,93985.0,0.1075,116171.0,0.1076,215280.2
1753549192285,16:59:52.285,AEVO/USDT:USDT,0.1066,93896.7,0.1065,93985.0,0.1075,116171.0,0.1076,215280.2
1753549192917,16:59:52.917,AEVO/USDT:USDT,0.1066,93896.7,0.1065,93985.0,0.1075,116171.0,0.1076,215280.2
1753549193135,16:59:53.135,AEVO/USDT:USDT,0.1066,281602.0,0.1065,93985.0,0.1076,215280.2,0.1077,115955.5
1753549193558,16:59:53.558,AEVO/USDT:USDT,0.1066,281602.0,0.1065,93985.0,0.1076,215280.2,0.1077,115955.5
1753549193927,16:59:53.927,AEVO/USDT:USDT,0.1066,187793.4,0.1065,93985.0,0.1076,215280.2,0.1077,115955.5
1753549194132,16:59:54.132,AEVO/USDT:USDT,0.1066,187793.4,0.1065,93985.0,0.1076,215280.2,0.1077,115955.5
1753549194283,16:59:54.283,AEVO/USDT:USDT,0.1066,187793.4,0.1065,93985.0,0.1076,215280.2,0.1077,115955.5
1753549194717,16:59:54.717,AEVO/USDT:USDT,0.1066,187793.4,0.1065,93985.0,0.1076,215280.2,0.1077,115955.5
1753549195149,16:59:55.149,AEVO/USDT:USDT,0.1066,281602.0,0.1065,93985.0,0.1076,215280.2,0.1077,115955.5
1753549195366,16:59:55.366,AEVO/USDT:USDT,0.1066,281602.0,0.1065,93985.0,0.1076,215280.2,0.1077,115955.5
1753549195757,16:59:55.757,AEVO/USDT:USDT,0.1066,281602.0,0.1065,93985.0,0.1076,215280.2,0.1077,115955.5
1753549195962,16:59:55.962,AEVO/USDT:USDT,0.1066,281602.0,0.1065,93985.0,0.1076,215280.2,0.1077,115955.5
1753549196369,16:59:56.369,AEVO/USDT:USDT,0.1066,187793.4,0.1065,93985.0,0.1076,215280.2,0.1077,115955.5
1753549196959,16:59:56.959,AEVO/USDT:USDT,0.1066,187793.4,0.1065,93985.0,0.1076,215280.2,0.1077,115955.5
1753549197561,16:59:57.561,AEVO/USDT:USDT,0.1066,187793.4,0.1065,93985.0,0.1076,215280.2,0.1077,115955.5
1753549197998,16:59:57.998,AEVO/USDT:USDT,0.1066,281602.0,0.1065,93985.0,0.1076,215280.2,0.1077,115955.5
1753549198283,16:59:58.283,AEVO/USDT:USDT,0.1066,187793.4,0.1065,93985.0,0.1076,215280.2,0.1077,115955.5
1753549198599,16:59:58.599,AEVO/USDT:USDT,0.1066,281602.0,0.1065,93985.0,0.1076,215280.2,0.1077,115955.5
