timestamp,time,exchange,symbol,bid1_price,bid1_volume,bid2_price,bid2_volume,ask1_price,ask1_volume,ask2_price,ask2_volume
1753591892000,04:51:32.000,gateio,ACT/USDT:USDT,0.04579,130.0,0.04578,1235.0,0.0458,82.0,0.04581,189.0
1753591895538,04:51:35.538,gateio,ACT/USDT:USDT,0.04579,130.0,0.04578,1235.0,0.0458,82.0,0.04581,189.0
1753591896839,04:51:36.839,gateio,ACT/USDT:USDT,0.04579,22.0,0.04578,1235.0,0.0458,82.0,0.04581,189.0
1753591897698,04:51:37.698,gateio,ACT/USDT:USDT,0.04579,130.0,0.04578,1235.0,0.0458,82.0,0.04581,189.0
1753591898056,04:51:38.056,gateio,ACT/USDT:USDT,0.04579,130.0,0.04578,1235.0,0.0458,82.0,0.04581,189.0
1753591899604,04:51:39.604,gateio,ACT/USDT:USDT,0.04579,130.0,0.04578,1235.0,0.0458,82.0,0.04581,1.0
1753591899682,04:51:39.682,gateio,ACT/USDT:USDT,0.04579,130.0,0.04578,1235.0,0.0458,76.0,0.04581,7.0
1753591902999,04:51:42.999,gateio,ACT/USDT:USDT,0.04579,1201.0,0.04578,1034.0,0.0458,76.0,0.04581,7.0
1753591903125,04:51:43.125,gateio,ACT/USDT:USDT,0.04579,1201.0,0.04578,1034.0,0.0458,76.0,0.04581,7.0
1753591911772,04:51:51.772,gateio,ACT/USDT:USDT,0.04579,1201.0,0.04578,851.0,0.0458,76.0,0.04581,188.0
1753591911779,04:51:51.779,gateio,ACT/USDT:USDT,0.04579,1190.0,0.04578,851.0,0.0458,76.0,0.04581,188.0
1753591912018,04:51:52.018,gateio,ACT/USDT:USDT,0.04579,1201.0,0.04578,851.0,0.0458,76.0,0.04581,188.0
1753591920456,04:52:00.456,gateio,ACT/USDT:USDT,0.04579,1201.0,0.04578,108.0,0.0458,76.0,0.04581,244.0
1753591921521,04:52:01.521,gateio,ACT/USDT:USDT,0.04579,1201.0,0.04578,294.0,0.0458,76.0,0.04581,244.0
1753591921672,04:52:01.672,gateio,ACT/USDT:USDT,0.04579,1201.0,0.04578,350.0,0.0458,76.0,0.04581,63.0
1753591921682,04:52:01.682,gateio,ACT/USDT:USDT,0.04579,1201.0,0.04578,350.0,0.0458,76.0,0.04581,7.0
1753591922399,04:52:02.399,gateio,ACT/USDT:USDT,0.04579,1201.0,0.04578,350.0,0.0458,76.0,0.04581,193.0
1753591923657,04:52:03.657,gateio,ACT/USDT:USDT,0.04579,1179.0,0.04578,350.0,0.0458,76.0,0.04581,193.0
1753591924505,04:52:04.505,gateio,ACT/USDT:USDT,0.04579,1201.0,0.04578,350.0,0.0458,76.0,0.04581,193.0
1753591924640,04:52:04.640,gateio,ACT/USDT:USDT,0.04579,1201.0,0.04578,350.0,0.0458,76.0,0.04581,193.0
1753591929657,04:52:09.657,gateio,ACT/USDT:USDT,0.04579,1190.0,0.04578,350.0,0.0458,76.0,0.04581,193.0
1753591930504,04:52:10.504,gateio,ACT/USDT:USDT,0.04579,1201.0,0.04578,350.0,0.0458,76.0,0.04581,193.0
1753591931097,04:52:11.097,gateio,ACT/USDT:USDT,0.04579,1201.0,0.04578,350.0,0.0458,76.0,0.04581,7.0
1753591939439,04:52:19.439,gateio,ACT/USDT:USDT,0.04579,1190.0,0.04578,350.0,0.0458,76.0,0.04581,7.0
1753591940338,04:52:20.338,gateio,ACT/USDT:USDT,0.04579,1201.0,0.04578,350.0,0.0458,76.0,0.04581,7.0
1753591943159,04:52:23.159,gateio,ACT/USDT:USDT,0.04579,312.0,0.04578,1911.0,0.0458,76.0,0.04581,7.0
1753591943192,04:52:23.192,gateio,ACT/USDT:USDT,0.04579,312.0,0.04578,1911.0,0.0458,76.0,0.04581,7.0
1753591943358,04:52:23.358,gateio,ACT/USDT:USDT,0.04579,368.0,0.04578,1855.0,0.04581,7.0,0.04583,620.0
1753591943391,04:52:23.391,gateio,ACT/USDT:USDT,0.04579,368.0,0.04578,1855.0,0.04581,1.0,0.04582,6.0
1753591946426,04:52:26.426,gateio,ACT/USDT:USDT,0.04579,1439.0,0.04578,1855.0,0.04581,1.0,0.04582,6.0
1753591946828,04:52:26.828,gateio,ACT/USDT:USDT,0.04579,1439.0,0.04578,1855.0,0.04581,1.0,0.04582,6.0
1753591948354,04:52:28.354,gateio,ACT/USDT:USDT,0.04579,1417.0,0.04578,1855.0,0.04581,12.0,0.04582,6.0
1753591949362,04:52:29.362,gateio,ACT/USDT:USDT,0.0458,108.0,0.04579,1417.0,0.04581,1.0,0.04582,6.0
1753591949398,04:52:29.398,gateio,ACT/USDT:USDT,0.0458,164.0,0.04579,1179.0,0.04581,1.0,0.04582,6.0
1753591949655,04:52:29.655,gateio,ACT/USDT:USDT,0.0458,164.0,0.04579,1179.0,0.04581,1.0,0.04582,6.0
1753591949688,04:52:29.688,gateio,ACT/USDT:USDT,0.0458,164.0,0.04579,1179.0,0.04581,1.0,0.04582,6.0
1753591949944,04:52:29.944,gateio,ACT/USDT:USDT,0.0458,108.0,0.04579,1235.0,0.04581,203.0,0.04582,6.0
1753591949981,04:52:29.981,gateio,ACT/USDT:USDT,0.04579,1235.0,0.04578,1561.0,0.04581,192.0,0.04582,6.0
1753591950165,04:52:30.165,gateio,ACT/USDT:USDT,0.04579,1179.0,0.04578,1785.0,0.04581,192.0,0.04582,56.0
1753591950499,04:52:30.499,gateio,ACT/USDT:USDT,0.04579,1179.0,0.04578,1785.0,0.04581,192.0,0.04582,56.0
1753591950916,04:52:30.916,gateio,ACT/USDT:USDT,0.04579,1179.0,0.04578,1785.0,0.04581,192.0,0.04582,56.0
1753591951068,04:52:31.068,gateio,ACT/USDT:USDT,0.04579,1179.0,0.04578,1785.0,0.04581,12.0,0.04582,56.0
1753591951119,04:52:31.119,gateio,ACT/USDT:USDT,0.04579,1257.0,0.04578,1729.0,0.04581,7.0,0.04582,180.0
1753591951190,04:52:31.190,gateio,ACT/USDT:USDT,0.04579,1235.0,0.04578,1729.0,0.04581,18.0,0.04582,180.0
1753591951360,04:52:31.360,gateio,ACT/USDT:USDT,0.04579,1179.0,0.04578,1785.0,0.04581,18.0,0.04582,236.0
1753591951517,04:52:31.517,gateio,ACT/USDT:USDT,0.04579,1179.0,0.04578,1785.0,0.04581,209.0,0.04582,236.0
1753591951582,04:52:31.582,gateio,ACT/USDT:USDT,0.04579,1179.0,0.04578,1785.0,0.04581,203.0,0.04582,236.0
1753591952219,04:52:32.219,gateio,ACT/USDT:USDT,0.04579,821.0,0.04578,2375.0,0.04581,203.0,0.04582,236.0
1753591952278,04:52:32.278,gateio,ACT/USDT:USDT,0.04579,821.0,0.04578,2375.0,0.04581,203.0,0.04582,236.0
1753591955406,04:52:35.406,gateio,ACT/USDT:USDT,0.0458,108.0,0.04579,877.0,0.04581,181.0,0.04582,180.0
1753591955484,04:52:35.484,gateio,ACT/USDT:USDT,0.0458,108.0,0.04579,877.0,0.04581,187.0,0.04582,180.0
1753591955764,04:52:35.764,gateio,ACT/USDT:USDT,0.0458,108.0,0.04579,877.0,0.04581,187.0,0.04582,180.0
1753591956185,04:52:36.185,gateio,ACT/USDT:USDT,0.0458,108.0,0.04579,877.0,0.04581,187.0,0.04582,180.0
1753591958112,04:52:38.112,gateio,ACT/USDT:USDT,0.0458,108.0,0.04579,877.0,0.04581,187.0,0.04582,180.0
1753591959668,04:52:39.668,gateio,ACT/USDT:USDT,0.0458,108.0,0.04579,877.0,0.04581,7.0,0.04582,180.0
1753591959709,04:52:39.709,gateio,ACT/USDT:USDT,0.0458,130.0,0.04579,1061.0,0.04581,7.0,0.04583,620.0
1753591959853,04:52:39.853,gateio,ACT/USDT:USDT,0.0458,130.0,0.04579,1061.0,0.04581,1.0,0.04582,6.0
1753591959880,04:52:39.880,gateio,ACT/USDT:USDT,0.0458,108.0,0.04579,1061.0,0.04581,1.0,0.04582,6.0
1753591959982,04:52:39.982,gateio,ACT/USDT:USDT,0.0458,164.0,0.04579,1005.0,0.04581,1.0,0.04582,6.0
1753591960095,04:52:40.095,gateio,ACT/USDT:USDT,0.0458,164.0,0.04579,1005.0,0.04581,1.0,0.04582,6.0
1753591961080,04:52:41.080,gateio,ACT/USDT:USDT,0.0458,164.0,0.04579,1005.0,0.04581,1.0,0.04582,6.0
1753591961458,04:52:41.458,gateio,ACT/USDT:USDT,0.0458,164.0,0.04579,821.0,0.04581,185.0,0.04582,6.0
1753591961497,04:52:41.497,gateio,ACT/USDT:USDT,0.0458,108.0,0.04579,877.0,0.04581,185.0,0.04582,6.0
1753591961753,04:52:41.753,gateio,ACT/USDT:USDT,0.0458,108.0,0.04579,877.0,0.04581,1.0,0.04582,6.0
1753591961777,04:52:41.777,gateio,ACT/USDT:USDT,0.0458,164.0,0.04579,821.0,0.04581,1.0,0.04582,6.0
1753591961914,04:52:41.914,gateio,ACT/USDT:USDT,0.0458,164.0,0.04579,821.0,0.04581,1.0,0.04582,6.0
1753591962057,04:52:42.057,gateio,ACT/USDT:USDT,0.0458,175.0,0.04579,821.0,0.04581,1.0,0.04582,6.0
1753591962656,04:52:42.656,gateio,ACT/USDT:USDT,0.0458,164.0,0.04579,821.0,0.04581,1.0,0.04582,6.0
1753591962737,04:52:42.737,gateio,ACT/USDT:USDT,0.0458,164.0,0.04579,821.0,0.04581,1.0,0.04582,6.0
1753591963168,04:52:43.168,gateio,ACT/USDT:USDT,0.0458,164.0,0.04579,821.0,0.04581,1.0,0.04582,6.0
1753591966463,04:52:46.463,gateio,ACT/USDT:USDT,0.0458,175.0,0.04579,821.0,0.04581,1.0,0.04582,6.0
1753591966502,04:52:46.502,gateio,ACT/USDT:USDT,0.0458,164.0,0.04579,821.0,0.04581,1.0,0.04582,6.0
1753591966580,04:52:46.580,gateio,ACT/USDT:USDT,0.0458,175.0,0.04579,821.0,0.04581,1.0,0.04582,6.0
1753591967732,04:52:47.732,gateio,ACT/USDT:USDT,0.0458,164.0,0.04579,821.0,0.04581,1.0,0.04582,6.0
1753591968066,04:52:48.066,gateio,ACT/USDT:USDT,0.0458,186.0,0.04579,821.0,0.04581,1.0,0.04582,6.0
1753591968822,04:52:48.822,gateio,ACT/USDT:USDT,0.0458,186.0,0.04579,1007.0,0.04581,1.0,0.04582,6.0
1753591969227,04:52:49.227,gateio,ACT/USDT:USDT,0.0458,186.0,0.04579,1007.0,0.04581,1.0,0.04582,6.0
1753591969604,04:52:49.604,gateio,ACT/USDT:USDT,0.0458,186.0,0.04579,1365.0,0.04581,1.0,0.04582,6.0
