timestamp,time,exchange,symbol,bid1_price,bid1_volume,bid2_price,bid2_volume,ask1_price,ask1_volume,ask2_price,ask2_volume
1753591902281,04:51:42.281,mexc,ADA/USDT:USDT,0.8319,820962.0,0.8318,757320.0,0.832,906088.0,0.8321,1157830
1753591902605,04:51:42.605,mexc,ADA/USDT:USDT,0.8319,820962.0,0.8318,757320.0,0.832,906088.0,0.8321,1157830
1753591902889,04:51:42.889,mexc,ADA/USDT:USDT,0.8319,820962.0,0.8318,757320.0,0.832,906088.0,0.8321,979250
1753591902890,04:51:42.890,mexc,ADA/USDT:USDT,0.8319,820962.0,0.8318,757320.0,0.832,906088.0,0.8321,1250022
1753591903292,04:51:43.292,mexc,ADA/USDT:USDT,0.8319,820962.0,0.8318,757320.0,0.832,906088.0,0.8321,1250022
1753591903483,04:51:43.483,mexc,ADA/USDT:USDT,0.8319,820962.0,0.8318,1123703,0.832,906088.0,0.8321,1056354
1753591903794,04:51:43.794,mexc,ADA/USDT:USDT,0.8321,791776,0.832,852289,0.8322,937379,0.8323,743153
1753591903946,04:51:43.946,mexc,ADA/USDT:USDT,0.8321,791776,0.832,1326574,0.8322,937081,0.8323,743153
1753591904251,04:51:44.251,mexc,ADA/USDT:USDT,0.8321,791776,0.832,1326574,0.8322,937081,0.8323,743153
1753591904392,04:51:44.392,mexc,ADA/USDT:USDT,0.8321,791776,0.832,1050658,0.8322,937081,0.8323,1016277
1753591904585,04:51:44.585,mexc,ADA/USDT:USDT,0.8321,791776,0.832,1050658,0.8322,937081,0.8323,1016277
1753591904892,04:51:44.892,mexc,ADA/USDT:USDT,0.8321,791776,0.832,1083918,0.8322,937081,0.8323,743153
1753591905134,04:51:45.134,mexc,ADA/USDT:USDT,0.8321,791776,0.832,1083918,0.8322,937081,0.8323,743153
1753591905471,04:51:45.471,mexc,ADA/USDT:USDT,0.832,852289,0.8319,820962,0.8321,953692,0.8322,931071
1753591905796,04:51:45.796,mexc,ADA/USDT:USDT,0.832,852289,0.8319,820962,0.8321,953692,0.8322,931071
1753591905894,04:51:45.894,mexc,ADA/USDT:USDT,0.832,852289,0.8319,1246233,0.8321,953692,0.8322,1047389
1753591906210,04:51:46.210,mexc,ADA/USDT:USDT,0.832,852289,0.8319,1246233,0.8321,953692,0.8322,1047389
1753591906393,04:51:46.393,mexc,ADA/USDT:USDT,0.832,852289,0.8319,820962,0.8321,953692,0.8322,931071
1753591906499,04:51:46.499,mexc,ADA/USDT:USDT,0.832,852289,0.8319,820962,0.8321,953692,0.8322,931071
1753591906893,04:51:46.893,mexc,ADA/USDT:USDT,0.832,852289,0.8319,820962,0.8321,953692,0.8322,1382187
1753591907294,04:51:47.294,mexc,ADA/USDT:USDT,0.832,852289,0.8319,820962,0.8321,953692,0.8322,1382187
1753591907393,04:51:47.393,mexc,ADA/USDT:USDT,0.832,852289,0.8319,1350078,0.8321,953692,0.8322,1194469
1753591907709,04:51:47.709,mexc,ADA/USDT:USDT,0.832,852289,0.8319,1350078,0.8321,953692,0.8322,1194469
1753591907940,04:51:47.940,mexc,ADA/USDT:USDT,0.832,852289,0.8319,820962,0.8321,953692,0.8322,931071
1753591908297,04:51:48.297,mexc,ADA/USDT:USDT,0.832,852289,0.8319,820962,0.8321,953692,0.8322,931071
1753591908481,04:51:48.481,mexc,ADA/USDT:USDT,0.832,852289,0.8319,1203039,0.8321,950809,0.8322,1724279
1753591908715,04:51:48.715,mexc,ADA/USDT:USDT,0.832,852289,0.8319,1203039,0.8321,950809,0.8322,1724279
1753591908894,04:51:48.894,mexc,ADA/USDT:USDT,0.832,852289,0.8319,820962,0.8321,950809,0.8322,931071
1753591909298,04:51:49.298,mexc,ADA/USDT:USDT,0.832,852289,0.8319,820962,0.8321,950809,0.8322,931071
1753591909484,04:51:49.484,mexc,ADA/USDT:USDT,0.832,852289,0.8319,820962,0.8321,950809,0.8322,1283547
1753591909796,04:51:49.796,mexc,ADA/USDT:USDT,0.832,852289,0.8319,820962,0.8321,950809,0.8322,1283547
1753591909894,04:51:49.894,mexc,ADA/USDT:USDT,0.832,852289,0.8319,1030091,0.8321,950809,0.8322,1271905
1753591910102,04:51:50.102,mexc,ADA/USDT:USDT,0.832,852289,0.8319,1030091,0.8321,950809,0.8322,1271905
1753591910430,04:51:50.430,mexc,ADA/USDT:USDT,0.832,877600,0.8319,753213,0.8321,840960,0.8322,736287
1753591910789,04:51:50.789,mexc,ADA/USDT:USDT,0.832,877600,0.8319,753213,0.8321,840960,0.8322,736287
1753591910974,04:51:50.974,mexc,ADA/USDT:USDT,0.832,877600,0.8319,1059305,0.8321,840960,0.8322,736287
1753591911298,04:51:51.298,mexc,ADA/USDT:USDT,0.832,877600,0.8319,753213,0.8321,840960,0.8322,736287
1753591911399,04:51:51.399,mexc,ADA/USDT:USDT,0.832,877600,0.8319,984936,0.8321,840960,0.8322,736287
1753591911697,04:51:51.697,mexc,ADA/USDT:USDT,0.8319,753213,0.8318,931261,0.832,749827,0.8321,840960
1753591911897,04:51:51.897,mexc,ADA/USDT:USDT,0.8319,753213,0.8318,931261,0.832,749827,0.8321,967369
1753591912142,04:51:52.142,mexc,ADA/USDT:USDT,0.832,845442,0.8319,753213,0.8321,840960,0.8322,736287
1753591912360,04:51:52.360,mexc,ADA/USDT:USDT,0.832,845442,0.8319,753213,0.8321,840960,0.8322,736287
1753591912465,04:51:52.465,mexc,ADA/USDT:USDT,0.832,845442,0.8319,753213,0.8321,840960,0.8322,1135266
1753591912760,04:51:52.760,mexc,ADA/USDT:USDT,0.832,845442,0.8319,753213,0.8321,840960,0.8322,1135266
1753591912898,04:51:52.898,mexc,ADA/USDT:USDT,0.832,845442,0.8319,861310,0.8321,840960,0.8322,736287
1753591913298,04:51:53.298,mexc,ADA/USDT:USDT,0.832,845442,0.8319,861310,0.8321,840960,0.8322,736287
1753591913399,04:51:53.399,mexc,ADA/USDT:USDT,0.832,845442,0.8319,753213,0.8321,840960,0.8322,1139314
1753591913640,04:51:53.640,mexc,ADA/USDT:USDT,0.832,845442,0.8319,753213,0.8321,840960,0.8322,1139314
1753591913898,04:51:53.898,mexc,ADA/USDT:USDT,0.832,845442,0.8319,753213,0.8321,840960,0.8322,857551
1753591914301,04:51:54.301,mexc,ADA/USDT:USDT,0.832,845442,0.8319,753213,0.8321,840960,0.8322,857551
1753591914483,04:51:54.483,mexc,ADA/USDT:USDT,0.832,845442,0.8319,753213,0.8321,840960,0.8322,992135
1753591914719,04:51:54.719,mexc,ADA/USDT:USDT,0.832,845442,0.8319,753213,0.8321,840960,0.8322,992135
1753591914967,04:51:54.967,mexc,ADA/USDT:USDT,0.832,845442,0.8319,963216,0.8321,840960,0.8322,1038635
1753591915002,04:51:55.002,mexc,ADA/USDT:USDT,0.832,845442,0.8319,963216,0.8321,840960,0.8322,1038635
1753591915421,04:51:55.421,mexc,ADA/USDT:USDT,0.832,845442,0.8319,753213,0.8321,840960,0.8322,914933
1753591915421,04:51:55.421,mexc,ADA/USDT:USDT,0.832,845442,0.8319,753213,0.8321,840960,0.8322,914933
1753591915897,04:51:55.897,mexc,ADA/USDT:USDT,0.832,845442,0.8319,1222792,0.8321,840960,0.8322,736287
1753591915898,04:51:55.898,mexc,ADA/USDT:USDT,0.832,845442,0.8319,1222792,0.8321,840960,0.8322,736287
1753591916302,04:51:56.302,mexc,ADA/USDT:USDT,0.832,845442,0.8319,753213,0.8321,840960,0.8322,736287
1753591916436,04:51:56.436,mexc,ADA/USDT:USDT,0.832,845442,0.8319,753213,0.8321,840960,0.8322,1181441
1753591916664,04:51:56.664,mexc,ADA/USDT:USDT,0.8319,753213,0.8318,931261,0.832,716625,0.8321,840960
1753591916930,04:51:56.930,mexc,ADA/USDT:USDT,0.8319,753213,0.8318,931261,0.832,716625,0.8321,840960
1753591917304,04:51:57.304,mexc,ADA/USDT:USDT,0.8319,753213,0.8318,931261,0.832,716625,0.8321,840960
1753591917412,04:51:57.412,mexc,ADA/USDT:USDT,0.8319,753213,0.8318,931261,0.832,716565,0.8321,958738
1753591917802,04:51:57.802,mexc,ADA/USDT:USDT,0.8319,753213,0.8318,931261,0.832,716565,0.8321,958738
1753591917977,04:51:57.977,mexc,ADA/USDT:USDT,0.8319,753213,0.8318,931261,0.832,716565,0.8321,840960
1753591918102,04:51:58.102,mexc,ADA/USDT:USDT,0.8319,753213,0.8318,931261,0.832,716565,0.8321,840960
1753591918402,04:51:58.402,mexc,ADA/USDT:USDT,0.8319,753213,0.8318,1369139,0.832,716565,0.8321,840960
1753591918666,04:51:58.666,mexc,ADA/USDT:USDT,0.8319,753213,0.8318,1369139,0.832,716565,0.8321,840960
1753591918926,04:51:58.926,mexc,ADA/USDT:USDT,0.8319,753213,0.8318,931261,0.832,716565,0.8321,840960
1753591919009,04:51:59.009,mexc,ADA/USDT:USDT,0.8319,753213,0.8318,931261,0.832,716565,0.8321,840960
1753591919331,04:51:59.331,mexc,ADA/USDT:USDT,0.8319,753213,0.8318,931261,0.832,716565,0.8321,840960
1753591919402,04:51:59.402,mexc,ADA/USDT:USDT,0.8319,753213,0.8318,931261,0.832,716565,0.8321,1041401
1753591919626,04:51:59.626,mexc,ADA/USDT:USDT,0.8319,753213,0.8318,931261,0.832,716565,0.8321,1041401
1753591919953,04:51:59.953,mexc,ADA/USDT:USDT,0.8319,753213,0.8318,931261,0.832,716565,0.8321,1166496
1753591920297,04:52:00.297,mexc,ADA/USDT:USDT,0.8319,753213,0.8318,931261,0.832,716565,0.8321,1166496
1753591920488,04:52:00.488,mexc,ADA/USDT:USDT,0.8318,931261,0.8317,845951,0.8319,850182,0.832,716565
1753591920755,04:52:00.755,mexc,ADA/USDT:USDT,0.8318,931261,0.8317,845951,0.8319,850182,0.832,716565
1753591920972,04:52:00.972,mexc,ADA/USDT:USDT,0.8318,931261,0.8317,1246213,0.8319,850182,0.832,716565
1753591921230,04:52:01.230,mexc,ADA/USDT:USDT,0.8318,931261,0.8317,1246213,0.8319,850182,0.832,716565
1753591921404,04:52:01.404,mexc,ADA/USDT:USDT,0.8318,931261,0.8317,1135236,0.8319,850182,0.832,931433
1753591921603,04:52:01.603,mexc,ADA/USDT:USDT,0.832,957933,0.8319,978096,0.8321,840960,0.8322,736287
1753591921902,04:52:01.902,mexc,ADA/USDT:USDT,0.832,957933,0.8319,1317479,0.8321,840960,0.8322,736287
1753591922013,04:52:02.013,mexc,ADA/USDT:USDT,0.8321,752866,0.832,957933,0.8322,736287,0.8323,692812
1753591922216,04:52:02.216,mexc,ADA/USDT:USDT,0.8321,752866,0.832,957933,0.8322,736287,0.8323,692812
1753591922487,04:52:02.487,mexc,ADA/USDT:USDT,0.832,957933,0.8319,978096,0.8321,987201,0.8322,736287
1753591922901,04:52:02.901,mexc,ADA/USDT:USDT,0.832,957933,0.8319,1375544,0.8321,987201,0.8322,736287
1753591922903,04:52:02.903,mexc,ADA/USDT:USDT,0.832,957933,0.8319,1596995,0.8321,987201,0.8322,736287
1753591923306,04:52:03.306,mexc,ADA/USDT:USDT,0.832,957933,0.8319,1199547,0.8321,987201,0.8322,736287
1753591923405,04:52:03.405,mexc,ADA/USDT:USDT,0.832,957933,0.8319,978096,0.8321,987201,0.8322,978823
1753591923530,04:52:03.530,mexc,ADA/USDT:USDT,0.832,957933,0.8319,978096,0.8321,987201,0.8322,978823
1753591923936,04:52:03.936,mexc,ADA/USDT:USDT,0.832,957933,0.8319,1558640,0.8321,984823,0.8322,736287
1753591924173,04:52:04.173,mexc,ADA/USDT:USDT,0.832,957933,0.8319,1558640,0.8321,984823,0.8322,736287
1753591924184,04:52:04.184,mexc,ADA/USDT:USDT,0.8321,912751,0.832,957933,0.8322,736287,0.8323,692812
1753591924427,04:52:04.427,mexc,ADA/USDT:USDT,0.8321,912751,0.832,1202128,0.8322,736287,0.8323,1479700
1753591924808,04:52:04.808,mexc,ADA/USDT:USDT,0.8321,912751,0.832,1202128,0.8322,736287,0.8323,1109128
1753591924907,04:52:04.907,mexc,ADA/USDT:USDT,0.8321,912751,0.832,957933,0.8322,736287,0.8323,692812
1753591925308,04:52:05.308,mexc,ADA/USDT:USDT,0.8321,912751,0.832,957933,0.8322,736287,0.8323,692812
1753591925499,04:52:05.499,mexc,ADA/USDT:USDT,0.8321,912751,0.832,957933,0.8322,736287,0.8323,692812
1753591925741,04:52:05.741,mexc,ADA/USDT:USDT,0.8321,912751,0.832,957933,0.8322,736287,0.8323,692812
1753591925905,04:52:05.905,mexc,ADA/USDT:USDT,0.8321,912751,0.832,957933,0.8322,736287,0.8323,957254
1753591926260,04:52:06.260,mexc,ADA/USDT:USDT,0.8321,911636,0.832,957933,0.8322,736287,0.8323,957254
1753591926476,04:52:06.476,mexc,ADA/USDT:USDT,0.8321,911636,0.832,957933,0.8322,736287,0.8323,692812
1753591926663,04:52:06.663,mexc,ADA/USDT:USDT,0.8321,911636,0.832,957933,0.8322,736287,0.8323,692812
1753591926906,04:52:06.906,mexc,ADA/USDT:USDT,0.8321,911636,0.832,957933,0.8322,736287,0.8323,692812
1753591926908,04:52:06.908,mexc,ADA/USDT:USDT,0.8321,911636,0.832,957933,0.8322,736287,0.8323,994419
1753591927309,04:52:07.309,mexc,ADA/USDT:USDT,0.8321,911636,0.832,957933,0.8322,736287,0.8323,994419
1753591927408,04:52:07.408,mexc,ADA/USDT:USDT,0.8321,911636,0.832,957933,0.8322,736287,0.8323,692812
1753591927701,04:52:07.701,mexc,ADA/USDT:USDT,0.8321,911636,0.832,957933,0.8322,736287,0.8323,692812
1753591927911,04:52:07.911,mexc,ADA/USDT:USDT,0.8321,911636,0.832,1199060,0.8322,736287,0.8323,888291
1753591928037,04:52:08.037,mexc,ADA/USDT:USDT,0.8321,911636,0.832,1199060,0.8322,736287,0.8323,888291
1753591928410,04:52:08.410,mexc,ADA/USDT:USDT,0.8322,957980,0.8321,911636,0.8323,692812,0.8324,1089157
1753591928548,04:52:08.548,mexc,ADA/USDT:USDT,0.8322,957980,0.8321,911636,0.8323,692812,0.8324,1089157
1753591928910,04:52:08.910,mexc,ADA/USDT:USDT,0.8322,957980,0.8321,1168396,0.8323,692812,0.8324,755471
1753591929018,04:52:09.018,mexc,ADA/USDT:USDT,0.8322,957980,0.8321,1168396,0.8323,692812,0.8324,755471
1753591929477,04:52:09.477,mexc,ADA/USDT:USDT,0.8322,957980,0.8321,1049110,0.8323,692812,0.8324,755471
1753591929762,04:52:09.762,mexc,ADA/USDT:USDT,0.8322,957980,0.8321,1049110,0.8323,692812,0.8324,755471
1753591929912,04:52:09.912,mexc,ADA/USDT:USDT,0.8322,957980,0.8321,1120250,0.8323,692812,0.8324,888537
1753591930198,04:52:10.198,mexc,ADA/USDT:USDT,0.8322,957980,0.8321,1120250,0.8323,692812,0.8324,888537
1753591930314,04:52:10.314,mexc,ADA/USDT:USDT,0.8322,957980,0.8321,911636,0.8323,692812,0.8324,755471
1753591930521,04:52:10.521,mexc,ADA/USDT:USDT,0.8322,957980,0.8321,911636,0.8323,692812,0.8324,755471
1753591930812,04:52:10.812,mexc,ADA/USDT:USDT,0.8322,957980,0.8321,911636,0.8323,692812,0.8324,755471
1753591931006,04:52:11.006,mexc,ADA/USDT:USDT,0.8322,957980,0.8321,911636,0.8323,692812,0.8324,892300
1753591931314,04:52:11.314,mexc,ADA/USDT:USDT,0.8322,957980,0.8321,911636,0.8323,692812,0.8324,892300
1753591931443,04:52:11.443,mexc,ADA/USDT:USDT,0.8322,957980,0.8321,911636,0.8323,692812,0.8324,755471
1753591931733,04:52:11.733,mexc,ADA/USDT:USDT,0.8322,957980,0.8321,911636,0.8323,684706,0.8324,755471
1753591931912,04:52:11.912,mexc,ADA/USDT:USDT,0.8322,957980,0.8321,1250838,0.8323,684706,0.8324,843302
1753591932314,04:52:12.314,mexc,ADA/USDT:USDT,0.8322,957980,0.8321,911636,0.8323,684706,0.8324,843302
1753591932504,04:52:12.504,mexc,ADA/USDT:USDT,0.8322,955980,0.8321,911636,0.8323,684706,0.8324,755471
1753591932662,04:52:12.662,mexc,ADA/USDT:USDT,0.8322,955980,0.8321,911636,0.8323,684706,0.8324,755471
1753591932913,04:52:12.913,mexc,ADA/USDT:USDT,0.8322,955980,0.8321,911636,0.8323,684706,0.8324,755471
1753591933283,04:52:13.283,mexc,ADA/USDT:USDT,0.8322,955980,0.8321,911636,0.8323,684706,0.8324,755471
1753591933433,04:52:13.433,mexc,ADA/USDT:USDT,0.8322,891711,0.8321,805194,0.8323,967998,0.8324,680690
1753591933641,04:52:13.641,mexc,ADA/USDT:USDT,0.8322,891711,0.8321,805194,0.8323,967998,0.8324,680690
1753591933957,04:52:13.957,mexc,ADA/USDT:USDT,0.8322,891711,0.8321,805194,0.8323,967998,0.8324,992803
1753591934270,04:52:14.270,mexc,ADA/USDT:USDT,0.8322,891711,0.8321,805194,0.8323,967998,0.8324,992803
1753591934415,04:52:14.415,mexc,ADA/USDT:USDT,0.8322,891711,0.8321,805194,0.8323,967998,0.8324,680690
1753591934570,04:52:14.570,mexc,ADA/USDT:USDT,0.8322,891711,0.8321,805194,0.8323,967998,0.8324,680690
1753591934913,04:52:14.913,mexc,ADA/USDT:USDT,0.8322,891711,0.8321,1180011,0.8323,967998,0.8324,680690
1753591935315,04:52:15.315,mexc,ADA/USDT:USDT,0.8322,891711,0.8321,1180011,0.8323,967998,0.8324,680690
1753591935416,04:52:15.416,mexc,ADA/USDT:USDT,0.8322,891711,0.8321,805194,0.8323,967998,0.8324,789872
1753591935526,04:52:15.526,mexc,ADA/USDT:USDT,0.8322,891711,0.8321,805194,0.8323,967998,0.8324,789872
1753591935915,04:52:15.915,mexc,ADA/USDT:USDT,0.8322,891711,0.8321,805194,0.8323,967998,0.8324,680690
1753591936316,04:52:16.316,mexc,ADA/USDT:USDT,0.8322,891711,0.8321,805194,0.8323,967998,0.8324,680690
1753591936414,04:52:16.414,mexc,ADA/USDT:USDT,0.8322,891711,0.8321,1090062,0.8323,967998,0.8324,680690
1753591936817,04:52:16.817,mexc,ADA/USDT:USDT,0.8322,891711,0.8321,1090062,0.8323,967998,0.8324,680690
1753591936918,04:52:16.918,mexc,ADA/USDT:USDT,0.8322,891711,0.8321,936701,0.8323,967998,0.8324,680690
1753591937318,04:52:17.318,mexc,ADA/USDT:USDT,0.8322,891711,0.8321,936701,0.8323,967998,0.8324,680690
1753591937495,04:52:17.495,mexc,ADA/USDT:USDT,0.8322,891711,0.8321,1114091,0.8323,967998,0.8324,863469
1753591937526,04:52:17.526,mexc,ADA/USDT:USDT,0.8322,891711,0.8321,1114091,0.8323,967998,0.8324,863469
1753591937918,04:52:17.918,mexc,ADA/USDT:USDT,0.8322,891711,0.8321,805194,0.8323,967998,0.8324,1119472
1753591938261,04:52:18.261,mexc,ADA/USDT:USDT,0.8322,891711,0.8321,805194,0.8323,967998,0.8324,1119472
1753591938417,04:52:18.417,mexc,ADA/USDT:USDT,0.8322,891711,0.8321,805194,0.8323,967998,0.8324,680690
1753591938579,04:52:18.579,mexc,ADA/USDT:USDT,0.8322,891711,0.8321,805194,0.8323,967998,0.8324,680690
1753591938918,04:52:18.918,mexc,ADA/USDT:USDT,0.8322,891711,0.8321,805194,0.8323,967998,0.8324,680690
1753591938931,04:52:18.931,mexc,ADA/USDT:USDT,0.8322,891711,0.8321,1038548,0.8323,967998,0.8324,898562
1753591939319,04:52:19.319,mexc,ADA/USDT:USDT,0.8322,891711,0.8321,1038548,0.8323,967998,0.8324,898562
1753591939491,04:52:19.491,mexc,ADA/USDT:USDT,0.8322,713110,0.8321,758745,0.8323,844720,0.8324,680904
1753591939722,04:52:19.722,mexc,ADA/USDT:USDT,0.8322,713110,0.8321,758745,0.8323,844720,0.8324,680904
1753591939825,04:52:19.825,mexc,ADA/USDT:USDT,0.8322,713110,0.8321,758745,0.8323,844600,0.8324,680904
1753591940109,04:52:20.109,mexc,ADA/USDT:USDT,0.8322,713110,0.8321,1163618,0.8323,844600,0.8324,680904
1753591940416,04:52:20.416,mexc,ADA/USDT:USDT,0.8322,713110,0.8321,758745,0.8323,844600,0.8324,680904
1753591940441,04:52:20.441,mexc,ADA/USDT:USDT,0.8322,713110,0.8321,758745,0.8323,844600,0.8324,680904
1753591940820,04:52:20.820,mexc,ADA/USDT:USDT,0.8322,713110,0.8321,758745,0.8323,844600,0.8324,680904
1753591940920,04:52:20.920,mexc,ADA/USDT:USDT,0.8322,713110,0.8321,1079237,0.8323,844600,0.8324,922484
1753591941160,04:52:21.160,mexc,ADA/USDT:USDT,0.8322,713110,0.8321,1079237,0.8323,844600,0.8324,922484
1753591941420,04:52:21.420,mexc,ADA/USDT:USDT,0.8322,713110,0.8321,758745,0.8323,844600,0.8324,958413
1753591941820,04:52:21.820,mexc,ADA/USDT:USDT,0.8322,713110,0.8321,758745,0.8323,844600,0.8324,958413
1753591941920,04:52:21.920,mexc,ADA/USDT:USDT,0.8322,713110,0.8321,875106,0.8323,844600,0.8324,680904
1753591942084,04:52:22.084,mexc,ADA/USDT:USDT,0.8322,713110,0.8321,875106,0.8323,844600,0.8324,680904
1753591942420,04:52:22.420,mexc,ADA/USDT:USDT,0.8322,713110,0.8321,1434732,0.8323,844600,0.8324,680904
1753591942669,04:52:22.669,mexc,ADA/USDT:USDT,0.8322,713110,0.8321,1434732,0.8323,844600,0.8324,680904
1753591942921,04:52:22.921,mexc,ADA/USDT:USDT,0.8322,713110,0.8321,959611,0.8323,844600,0.8324,890466
1753591943147,04:52:23.147,mexc,ADA/USDT:USDT,0.8323,884954,0.8322,713110,0.8324,680904,0.8325,971546
1753591943418,04:52:23.418,mexc,ADA/USDT:USDT,0.8323,884954,0.8322,713110,0.8324,680904,0.8325,1229380
1753591943822,04:52:23.822,mexc,ADA/USDT:USDT,0.8323,884954,0.8322,713110,0.8324,679669,0.8325,1229380
1753591943982,04:52:23.982,mexc,ADA/USDT:USDT,0.8323,884954,0.8322,713110,0.8324,679669,0.8325,971546
1753591944209,04:52:24.209,mexc,ADA/USDT:USDT,0.8323,884954,0.8322,713110,0.8324,679669,0.8325,971546
1753591944423,04:52:24.423,mexc,ADA/USDT:USDT,0.8323,884954,0.8322,886429,0.8324,679669,0.8325,1090446
1753591944665,04:52:24.665,mexc,ADA/USDT:USDT,0.8323,884954,0.8322,886429,0.8324,679669,0.8325,1090446
1753591944823,04:52:24.823,mexc,ADA/USDT:USDT,0.8323,884954,0.8322,713110,0.8324,679669,0.8325,971546
1753591945070,04:52:25.070,mexc,ADA/USDT:USDT,0.8324,707403,0.8323,1096899,0.8325,971546,0.8326,1166315
1753591945070,04:52:25.070,mexc,ADA/USDT:USDT,0.8324,707403,0.8323,1096899,0.8325,971546,0.8326,1166315
1753591945467,04:52:25.467,mexc,ADA/USDT:USDT,0.8324,707403,0.8323,884954,0.8325,971546,0.8326,1110249
1753591945744,04:52:25.744,mexc,ADA/USDT:USDT,0.8324,707403,0.8323,884954,0.8325,971546,0.8326,1110249
1753591945924,04:52:25.924,mexc,ADA/USDT:USDT,0.8324,707403,0.8323,1247241,0.8325,971546,0.8326,820374
1753591946062,04:52:26.062,mexc,ADA/USDT:USDT,0.8324,707403,0.8323,1247241,0.8325,971546,0.8326,820374
1753591946424,04:52:26.424,mexc,ADA/USDT:USDT,0.8324,707403,0.8323,884954,0.8325,971546,0.8326,820374
1753591946505,04:52:26.505,mexc,ADA/USDT:USDT,0.8322,713110,0.8321,758745,0.8323,693640,0.8324,1006499
1753591946904,04:52:26.904,mexc,ADA/USDT:USDT,0.8322,713110,0.8321,758745,0.8323,693640,0.8324,1006499
1753591946920,04:52:26.920,mexc,ADA/USDT:USDT,0.8322,713110,0.8321,758745,0.8323,693640,0.8324,1125005
1753591947314,04:52:27.314,mexc,ADA/USDT:USDT,0.8322,713110,0.8321,758745,0.8323,693640,0.8324,1125005
1753591947428,04:52:27.428,mexc,ADA/USDT:USDT,0.8322,713110,0.8321,933182,0.8323,693640,0.8324,1171304
1753591947823,04:52:27.823,mexc,ADA/USDT:USDT,0.8322,713110,0.8321,933182,0.8323,693640,0.8324,1171304
1753591948005,04:52:28.005,mexc,ADA/USDT:USDT,0.8322,713110,0.8321,999273,0.8323,693640,0.8324,1006499
1753591948325,04:52:28.325,mexc,ADA/USDT:USDT,0.8322,713110,0.8321,999273,0.8323,693640,0.8324,1006499
1753591948423,04:52:28.423,mexc,ADA/USDT:USDT,0.8322,713110,0.8321,758745,0.8323,693640,0.8324,1254210
1753591948823,04:52:28.823,mexc,ADA/USDT:USDT,0.8322,713110,0.8321,758745,0.8323,693640,0.8324,1006499
1753591948957,04:52:28.957,mexc,ADA/USDT:USDT,0.8322,713110,0.8321,758745,0.8323,692640,0.8324,1293808
1753591949284,04:52:29.284,mexc,ADA/USDT:USDT,0.8322,713110,0.8321,758745,0.8323,692640,0.8324,1293808
1753591949435,04:52:29.435,mexc,ADA/USDT:USDT,0.8322,713110,0.8321,870444,0.8323,692640,0.8324,1006499
1753591949748,04:52:29.748,mexc,ADA/USDT:USDT,0.8322,713110,0.8321,870444,0.8323,692640,0.8324,1006499
1753591949943,04:52:29.943,mexc,ADA/USDT:USDT,0.832,675163,0.8319,877359,0.8321,780079,0.8322,833038
1753591950316,04:52:30.316,mexc,ADA/USDT:USDT,0.832,675163,0.8319,877359,0.8321,780079,0.8322,833038
1753591950511,04:52:30.511,mexc,ADA/USDT:USDT,0.8321,725942,0.832,675163,0.8322,833038,0.8323,692640
1753591950601,04:52:30.601,mexc,ADA/USDT:USDT,0.8321,725942,0.832,675163,0.8322,833038,0.8323,692640
1753591950927,04:52:30.927,mexc,ADA/USDT:USDT,0.8321,725942,0.832,884556,0.8322,833038,0.8323,692640
1753591951062,04:52:31.062,mexc,ADA/USDT:USDT,0.8321,725942,0.832,884556,0.8322,833038,0.8323,692640
1753591951423,04:52:31.423,mexc,ADA/USDT:USDT,0.8321,725942,0.832,675163,0.8322,833038,0.8323,981411
1753591951600,04:52:31.600,mexc,ADA/USDT:USDT,0.8321,725942,0.832,675163,0.8322,833038,0.8323,981411
1753591951954,04:52:31.954,mexc,ADA/USDT:USDT,0.8321,725942,0.832,675163,0.8322,833038,0.8323,692640
1753591951978,04:52:31.978,mexc,ADA/USDT:USDT,0.8321,725942,0.832,1281974,0.8322,833038,0.8323,692640
1753591952380,04:52:32.380,mexc,ADA/USDT:USDT,0.8321,725942,0.832,1021554,0.8322,833038,0.8323,692640
1753591952574,04:52:32.574,mexc,ADA/USDT:USDT,0.8321,725723,0.832,675163,0.8322,833038,0.8323,692640
1753591952879,04:52:32.879,mexc,ADA/USDT:USDT,0.8321,725723,0.832,675163,0.8322,833038,0.8323,692640
1753591952978,04:52:32.978,mexc,ADA/USDT:USDT,0.8321,725723,0.832,675163,0.8322,833038,0.8323,1053988
1753591953380,04:52:33.380,mexc,ADA/USDT:USDT,0.8321,725723,0.832,675163,0.8322,833038,0.8323,1053988
1753591953551,04:52:33.551,mexc,ADA/USDT:USDT,0.8321,725723,0.832,675163,0.8322,832918,0.8323,692640
1753591953885,04:52:33.885,mexc,ADA/USDT:USDT,0.8321,725723,0.832,675163,0.8322,832918,0.8323,692640
1753591953983,04:52:33.983,mexc,ADA/USDT:USDT,0.8321,725723,0.832,1251542,0.8322,832918,0.8323,1095279
1753591954383,04:52:34.383,mexc,ADA/USDT:USDT,0.8321,725723,0.832,882247,0.8322,832918,0.8323,1095279
1753591954482,04:52:34.482,mexc,ADA/USDT:USDT,0.8321,725723,0.832,965116,0.8322,832918,0.8323,692640
1753591954859,04:52:34.859,mexc,ADA/USDT:USDT,0.8321,725723,0.832,965116,0.8322,832918,0.8323,692640
1753591954995,04:52:34.995,mexc,ADA/USDT:USDT,0.8321,725723,0.832,1038228,0.8322,832918,0.8323,692640
1753591955084,04:52:35.084,mexc,ADA/USDT:USDT,0.8321,725723,0.832,1038228,0.8322,832918,0.8323,692640
1753591955528,04:52:35.528,mexc,ADA/USDT:USDT,0.8321,747822,0.832,1121913,0.8322,754127,0.8323,876596
1753591955624,04:52:35.624,mexc,ADA/USDT:USDT,0.8321,747822,0.832,1121913,0.8322,754127,0.8323,876596
1753591955983,04:52:35.983,mexc,ADA/USDT:USDT,0.8321,747822,0.832,1375233,0.8322,754127,0.8323,876596
1753591955983,04:52:35.983,mexc,ADA/USDT:USDT,0.8321,747822,0.832,1375233,0.8322,754127,0.8323,1309376
1753591956387,04:52:36.387,mexc,ADA/USDT:USDT,0.8321,747822,0.832,934678,0.8322,754127,0.8323,1309376
1753591956483,04:52:36.483,mexc,ADA/USDT:USDT,0.8321,747822,0.832,934678,0.8322,754127,0.8323,1192767
1753591956883,04:52:36.883,mexc,ADA/USDT:USDT,0.8321,747822,0.832,934678,0.8322,754127,0.8323,1192767
1753591957066,04:52:37.066,mexc,ADA/USDT:USDT,0.8321,747822,0.832,1371095,0.8322,754127,0.8323,1144314
1753591957333,04:52:37.333,mexc,ADA/USDT:USDT,0.8321,747822,0.832,1371095,0.8322,754127,0.8323,1144314
1753591957491,04:52:37.491,mexc,ADA/USDT:USDT,0.8321,747822,0.832,1051083,0.8322,754127,0.8323,876596
1753591957888,04:52:37.888,mexc,ADA/USDT:USDT,0.8321,747822,0.832,934678,0.8322,754127,0.8323,876596
1753591958037,04:52:38.037,mexc,ADA/USDT:USDT,0.8321,746682,0.832,934678,0.8322,754127,0.8323,876596
1753591958360,04:52:38.360,mexc,ADA/USDT:USDT,0.8321,746682,0.832,934678,0.8322,754127,0.8323,876596
1753591958485,04:52:38.485,mexc,ADA/USDT:USDT,0.8321,746682,0.832,934678,0.8322,754127,0.8323,1215058
1753591958886,04:52:38.886,mexc,ADA/USDT:USDT,0.8321,745638,0.832,934678,0.8322,754127,0.8323,1215058
1753591958984,04:52:38.984,mexc,ADA/USDT:USDT,0.8321,745638,0.832,934678,0.8322,754127,0.8323,876596
1753591959318,04:52:39.318,mexc,ADA/USDT:USDT,0.8321,745638,0.832,934678,0.8322,754127,0.8323,876596
1753591959485,04:52:39.485,mexc,ADA/USDT:USDT,0.8321,745638,0.832,1097321,0.8322,754127,0.8323,1038832
1753591959758,04:52:39.758,mexc,ADA/USDT:USDT,0.8322,853675,0.8321,745638,0.8323,876476,0.8324,891516
1753591959983,04:52:39.983,mexc,ADA/USDT:USDT,0.8322,853675,0.8321,745638,0.8323,876476,0.8324,891516
1753591960151,04:52:40.151,mexc,ADA/USDT:USDT,0.8322,853675,0.8321,745638,0.8323,876476,0.8324,891516
1753591960386,04:52:40.386,mexc,ADA/USDT:USDT,0.8322,853675,0.8321,745638,0.8323,876476,0.8324,891516
1753591960486,04:52:40.486,mexc,ADA/USDT:USDT,0.8322,853675,0.8321,1021772,0.8323,876476,0.8324,891516
1753591960886,04:52:40.886,mexc,ADA/USDT:USDT,0.8322,853675,0.8321,745638,0.8323,876476,0.8324,891516
1753591960987,04:52:40.987,mexc,ADA/USDT:USDT,0.8322,853675,0.8321,1036485,0.8323,876476,0.8324,1248217
1753591961297,04:52:41.297,mexc,ADA/USDT:USDT,0.8322,853675,0.8321,1036485,0.8323,876476,0.8324,1248217
1753591961568,04:52:41.568,mexc,ADA/USDT:USDT,0.8322,853675,0.8321,745638,0.8323,876476,0.8324,891516
1753591961662,04:52:41.662,mexc,ADA/USDT:USDT,0.8322,853675,0.8321,745638,0.8323,876476,0.8324,891516
1753591961985,04:52:41.985,mexc,ADA/USDT:USDT,0.8322,853675,0.8321,745638,0.8323,876416,0.8324,891516
1753591961986,04:52:41.986,mexc,ADA/USDT:USDT,0.8322,853675,0.8321,745638,0.8323,876416,0.8324,1086186
1753591962387,04:52:42.387,mexc,ADA/USDT:USDT,0.8322,853675,0.8321,745638,0.8323,876416,0.8324,1086186
1753591962486,04:52:42.486,mexc,ADA/USDT:USDT,0.8322,853675,0.8321,1088863,0.8323,876416,0.8324,891516
1753591962653,04:52:42.653,mexc,ADA/USDT:USDT,0.8322,853675,0.8321,1088863,0.8323,876416,0.8324,891516
1753591962987,04:52:42.987,mexc,ADA/USDT:USDT,0.8322,853675,0.8321,968803,0.8323,873903,0.8324,891516
1753591963292,04:52:43.292,mexc,ADA/USDT:USDT,0.8322,853675,0.8321,968803,0.8323,873903,0.8324,891516
1753591963494,04:52:43.494,mexc,ADA/USDT:USDT,0.8322,853675,0.8321,745638,0.8323,873903,0.8324,891516
1753591963597,04:52:43.597,mexc,ADA/USDT:USDT,0.8322,853675,0.8321,745638,0.8323,873903,0.8324,891516
1753591963985,04:52:43.985,mexc,ADA/USDT:USDT,0.8322,853675,0.8321,745638,0.8323,873903,0.8324,891516
1753591963989,04:52:43.989,mexc,ADA/USDT:USDT,0.8322,853675,0.8321,1081658,0.8323,873903,0.8324,891516
1753591964388,04:52:44.388,mexc,ADA/USDT:USDT,0.8322,853675,0.8321,1081658,0.8323,873903,0.8324,891516
1753591964581,04:52:44.581,mexc,ADA/USDT:USDT,0.8322,853675,0.8321,915302,0.8323,873903,0.8324,891516
1753591964662,04:52:44.662,mexc,ADA/USDT:USDT,0.8322,853675,0.8321,915302,0.8323,873903,0.8324,891516
1753591965078,04:52:45.078,mexc,ADA/USDT:USDT,0.8322,853675,0.8321,1055528,0.8323,873903,0.8324,1277957
1753591965236,04:52:45.236,mexc,ADA/USDT:USDT,0.8322,853675,0.8321,1055528,0.8323,873903,0.8324,1277957
1753591965485,04:52:45.485,mexc,ADA/USDT:USDT,0.8322,785527,0.8321,769343,0.8323,840300,0.8324,848464
1753591965487,04:52:45.487,mexc,ADA/USDT:USDT,0.8322,785527,0.8321,769343,0.8323,840300,0.8324,848464
1753591965887,04:52:45.887,mexc,ADA/USDT:USDT,0.8322,785527,0.8321,769343,0.8323,840300,0.8324,848464
1753591965991,04:52:45.991,mexc,ADA/USDT:USDT,0.8322,785527,0.8321,769343,0.8323,840300,0.8324,848464
1753591966213,04:52:46.213,mexc,ADA/USDT:USDT,0.8322,785527,0.8321,769343,0.8323,840300,0.8324,848464
1753591966552,04:52:46.552,mexc,ADA/USDT:USDT,0.8322,785527,0.8321,769343,0.8323,840300,0.8324,848464
1753591966816,04:52:46.816,mexc,ADA/USDT:USDT,0.8322,785527,0.8321,769343,0.8323,840300,0.8324,848464
1753591966993,04:52:46.993,mexc,ADA/USDT:USDT,0.8323,928416,0.8322,996480,0.8324,848464,0.8325,1179187
1753591967308,04:52:47.308,mexc,ADA/USDT:USDT,0.8323,928416,0.8322,996480,0.8324,848464,0.8325,1179187
1753591967488,04:52:47.488,mexc,ADA/USDT:USDT,0.8323,928416,0.8322,998722,0.8324,848464,0.8325,715757
1753591967595,04:52:47.595,mexc,ADA/USDT:USDT,0.8323,928416,0.8322,998722,0.8324,848464,0.8325,715757
1753591967988,04:52:47.988,mexc,ADA/USDT:USDT,0.8323,928416,0.8322,785527,0.8324,848464,0.8325,715757
1753591967993,04:52:47.993,mexc,ADA/USDT:USDT,0.8323,928416,0.8322,785527,0.8324,848464,0.8325,715757
1753591968392,04:52:48.392,mexc,ADA/USDT:USDT,0.8323,928416,0.8322,785527,0.8324,848464,0.8325,715757
1753591968517,04:52:48.517,mexc,ADA/USDT:USDT,0.8324,868498,0.8323,928416,0.8325,715757,0.8326,1002846
1753591968831,04:52:48.831,mexc,ADA/USDT:USDT,0.8324,868498,0.8323,928416,0.8325,714237,0.8326,1002846
1753591968991,04:52:48.991,mexc,ADA/USDT:USDT,0.8324,868498,0.8323,928416,0.8325,714237,0.8326,1543266
1753591969181,04:52:49.181,mexc,ADA/USDT:USDT,0.8324,868498,0.8323,928416,0.8325,714237,0.8326,1543266
1753591969489,04:52:49.489,mexc,ADA/USDT:USDT,0.8324,868498,0.8323,1161139,0.8325,714237,0.8326,1002846
1753591969490,04:52:49.490,mexc,ADA/USDT:USDT,0.8324,868498,0.8323,1161139,0.8325,714237,0.8326,1126258
1753591969892,04:52:49.892,mexc,ADA/USDT:USDT,0.8324,868498,0.8323,928416,0.8325,714237,0.8326,1126258
1753591969994,04:52:49.994,mexc,ADA/USDT:USDT,0.8324,868498,0.8323,928416,0.8325,714237,0.8326,1002846
1753591970285,04:52:50.285,mexc,ADA/USDT:USDT,0.8324,868498,0.8323,928416,0.8325,714237,0.8326,1002846
1753591970506,04:52:50.506,mexc,ADA/USDT:USDT,0.8324,868498,0.8323,928416,0.8325,714237,0.8326,1002846
1753591970892,04:52:50.892,mexc,ADA/USDT:USDT,0.8324,868498,0.8323,928416,0.8325,714237,0.8326,1002846
1753591970992,04:52:50.992,mexc,ADA/USDT:USDT,0.8324,868498,0.8323,1289352,0.8325,714237,0.8326,1002846
1753591971111,04:52:51.111,mexc,ADA/USDT:USDT,0.8324,868498,0.8323,1289352,0.8325,714237,0.8326,1002846
1753591971491,04:52:51.491,mexc,ADA/USDT:USDT,0.8324,868498,0.8323,1300173,0.8325,714237,0.8326,1002846
1753591971858,04:52:51.858,mexc,ADA/USDT:USDT,0.8324,868498,0.8323,1301297,0.8325,714237,0.8326,1002846
1753591971993,04:52:51.993,mexc,ADA/USDT:USDT,0.8324,868498,0.8323,929540,0.8325,714237,0.8326,1002846
