timestamp,time,exchange,symbol,bid1_price,bid1_volume,bid2_price,bid2_volume,ask1_price,ask1_volume,ask2_price,ask2_volume
1753591896712,04:51:36.712,phemex,AERGO/USDT:USDT,0.13298,180.0,0.13297,679.0,0.13301,930.0,0.13303,1059.0
1753591898205,04:51:38.205,phemex,AERGO/USDT:USDT,0.13298,180.0,0.13297,679.0,0.13304,1023.0,0.13305,878.0
1753591898226,04:51:38.226,phemex,AERGO/USDT:USDT,0.13298,180.0,0.13297,679.0,0.13304,1023.0,0.13305,878.0
1753591899278,04:51:39.278,phemex,AERGO/USDT:USDT,0.13298,180.0,0.13297,679.0,0.13304,1023.0,0.13305,878.0
1753591902047,04:51:42.047,phemex,AERGO/USDT:USDT,0.13298,180.0,0.13297,679.0,0.13304,1023.0,0.13305,878.0
1753591902087,04:51:42.087,phemex,AERGO/USDT:USDT,0.13298,180.0,0.13297,679.0,0.13304,1023.0,0.13305,878.0
1753591906223,04:51:46.223,phemex,AERGO/USDT:USDT,0.133,2140.0,0.13298,180.0,0.13305,878.0,0.13306,655.0
1753591906240,04:51:46.240,phemex,AERGO/USDT:USDT,0.13301,186.0,0.133,2140.0,0.13305,878.0,0.13306,655.0
1753591906523,04:51:46.523,phemex,AERGO/USDT:USDT,0.13301,186.0,0.133,2140.0,0.13304,186.0,0.13305,878.0
1753591906571,04:51:46.571,phemex,AERGO/USDT:USDT,0.13301,186.0,0.133,2140.0,0.13304,186.0,0.13305,878.0
1753591907647,04:51:47.647,phemex,AERGO/USDT:USDT,0.133,2140.0,0.13297,679.0,0.13304,186.0,0.13305,878.0
1753591907693,04:51:47.693,phemex,AERGO/USDT:USDT,0.133,2140.0,0.13298,186.0,0.13304,186.0,0.13305,878.0
1753591908054,04:51:48.054,phemex,AERGO/USDT:USDT,0.133,2140.0,0.13298,186.0,0.13304,186.0,0.13305,878.0
1753591908073,04:51:48.073,phemex,AERGO/USDT:USDT,0.133,2140.0,0.13298,186.0,0.13304,186.0,0.13305,878.0
1753591909206,04:51:49.206,phemex,AERGO/USDT:USDT,0.133,1490.0,0.13298,186.0,0.13304,186.0,0.13305,878.0
1753591909853,04:51:49.853,phemex,AERGO/USDT:USDT,0.133,1442.0,0.13298,186.0,0.13304,186.0,0.13305,878.0
1753591911219,04:51:51.219,phemex,AERGO/USDT:USDT,0.133,1427.0,0.13298,186.0,0.13304,186.0,0.13305,878.0
1753591912260,04:51:52.260,phemex,AERGO/USDT:USDT,0.13301,186.0,0.133,1427.0,0.13304,186.0,0.13305,878.0
1753591912389,04:51:52.389,phemex,AERGO/USDT:USDT,0.13301,186.0,0.133,1810.0,0.13303,639.0,0.13304,186.0
1753591912407,04:51:52.407,phemex,AERGO/USDT:USDT,0.13301,186.0,0.133,1810.0,0.13303,639.0,0.13304,186.0
1753591914648,04:51:54.648,phemex,AERGO/USDT:USDT,0.133,1810.0,0.13298,186.0,0.13303,639.0,0.13304,186.0
1753591919467,04:51:59.467,phemex,AERGO/USDT:USDT,0.13301,186.0,0.133,1810.0,0.13303,639.0,0.13304,186.0
1753591921690,04:52:01.690,phemex,AERGO/USDT:USDT,0.13301,186.0,0.133,1810.0,0.13303,639.0,0.13305,1728.0
1753591924141,04:52:04.141,phemex,AERGO/USDT:USDT,0.133,1810.0,0.13298,186.0,0.13303,639.0,0.13305,1728.0
1753591924159,04:52:04.159,phemex,AERGO/USDT:USDT,0.13301,182.0,0.133,1810.0,0.13303,639.0,0.13305,1728.0
1753591925159,04:52:05.159,phemex,AERGO/USDT:USDT,0.133,1810.0,0.13298,186.0,0.13303,639.0,0.13305,1728.0
1753591925505,04:52:05.505,phemex,AERGO/USDT:USDT,0.13301,182.0,0.133,1810.0,0.13303,639.0,0.13305,1728.0
1753591925939,04:52:05.939,phemex,AERGO/USDT:USDT,0.133,1810.0,0.13298,186.0,0.13303,639.0,0.13305,1728.0
1753591926142,04:52:06.142,phemex,AERGO/USDT:USDT,0.13301,182.0,0.133,1810.0,0.13303,639.0,0.13305,1728.0
1753591926168,04:52:06.168,phemex,AERGO/USDT:USDT,0.133,1810.0,0.13298,186.0,0.13303,639.0,0.13305,1728.0
1753591926697,04:52:06.697,phemex,AERGO/USDT:USDT,0.13301,182.0,0.133,1810.0,0.13303,639.0,0.13305,1728.0
1753591927145,04:52:07.145,phemex,AERGO/USDT:USDT,0.13301,182.0,0.133,1810.0,0.13303,639.0,0.13305,1728.0
1753591927216,04:52:07.216,phemex,AERGO/USDT:USDT,0.13301,182.0,0.133,1810.0,0.1331,186.0,0.13312,181.0
1753591927225,04:52:07.225,phemex,AERGO/USDT:USDT,0.13301,182.0,0.133,1810.0,0.1331,186.0,0.13312,181.0
1753591927242,04:52:07.242,phemex,AERGO/USDT:USDT,0.13301,182.0,0.133,1810.0,0.13312,181.0,0.13316,2402.0
1753591931218,04:52:11.218,phemex,AERGO/USDT:USDT,0.13301,182.0,0.133,1810.0,0.13312,181.0,0.13316,2402.0
1753591932010,04:52:12.010,phemex,AERGO/USDT:USDT,0.13301,182.0,0.133,1810.0,0.13312,181.0,0.13316,2402.0
1753591938450,04:52:18.450,phemex,AERGO/USDT:USDT,0.13304,691.0,0.13301,1046.0,0.13308,1020.0,0.1331,861.0
1753591938462,04:52:18.462,phemex,AERGO/USDT:USDT,0.13305,183.0,0.13304,691.0,0.13308,1020.0,0.1331,861.0
1753591938504,04:52:18.504,phemex,AERGO/USDT:USDT,0.13305,183.0,0.13304,691.0,0.13308,1020.0,0.1331,861.0
1753591938959,04:52:18.959,phemex,AERGO/USDT:USDT,0.13304,691.0,0.13303,183.0,0.13307,183.0,0.1331,861.0
1753591938983,04:52:18.983,phemex,AERGO/USDT:USDT,0.13304,691.0,0.13303,183.0,0.13307,183.0,0.1331,861.0
1753591939130,04:52:19.130,phemex,AERGO/USDT:USDT,0.13305,183.0,0.13304,691.0,0.13307,183.0,0.1331,861.0
1753591939148,04:52:19.148,phemex,AERGO/USDT:USDT,0.13305,183.0,0.13304,691.0,0.1331,861.0,0.13312,181.0
1753591939185,04:52:19.185,phemex,AERGO/USDT:USDT,0.13305,183.0,0.13304,691.0,0.13309,183.0,0.1331,861.0
1753591939800,04:52:19.800,phemex,AERGO/USDT:USDT,0.13303,183.0,0.13301,1046.0,0.13309,183.0,0.1331,861.0
1753591939809,04:52:19.809,phemex,AERGO/USDT:USDT,0.13303,183.0,0.13301,1046.0,0.13309,183.0,0.1331,861.0
1753591939948,04:52:19.948,phemex,AERGO/USDT:USDT,0.13303,183.0,0.13301,1046.0,0.13309,183.0,0.1331,861.0
1753591943140,04:52:23.140,phemex,AERGO/USDT:USDT,0.13303,183.0,0.13301,1046.0,0.13309,183.0,0.1331,861.0
1753591943150,04:52:23.150,phemex,AERGO/USDT:USDT,0.13303,183.0,0.13301,1046.0,0.13309,183.0,0.1331,861.0
1753591943213,04:52:23.213,phemex,AERGO/USDT:USDT,0.13301,182.0,0.133,1810.0,0.13309,183.0,0.1331,861.0
1753591943235,04:52:23.235,phemex,AERGO/USDT:USDT,0.13301,182.0,0.133,1810.0,0.13309,183.0,0.1331,861.0
1753591944033,04:52:24.033,phemex,AERGO/USDT:USDT,0.13301,182.0,0.133,1810.0,0.13305,770.0,0.13306,1118.0
1753591944062,04:52:24.062,phemex,AERGO/USDT:USDT,0.13301,182.0,0.133,1810.0,0.13305,770.0,0.13306,1118.0
1753591945770,04:52:25.770,phemex,AERGO/USDT:USDT,0.13301,182.0,0.133,1810.0,0.13305,770.0,0.13306,1118.0
1753591945771,04:52:25.771,phemex,AERGO/USDT:USDT,0.13301,182.0,0.133,1810.0,0.13305,770.0,0.13306,1118.0
1753591946787,04:52:26.787,phemex,AERGO/USDT:USDT,0.13301,182.0,0.133,1810.0,0.13305,660.0,0.13306,1118.0
1753591947590,04:52:27.590,phemex,AERGO/USDT:USDT,0.133,1810.0,0.13297,996.0,0.13304,185.0,0.13305,660.0
1753591947605,04:52:27.605,phemex,AERGO/USDT:USDT,0.133,1810.0,0.13298,185.0,0.13304,185.0,0.13305,660.0
1753591947609,04:52:27.609,phemex,AERGO/USDT:USDT,0.133,1810.0,0.13298,185.0,0.13304,185.0,0.13305,660.0
1753591948741,04:52:28.741,phemex,AERGO/USDT:USDT,0.133,1810.0,0.13298,185.0,0.13304,185.0,0.13305,660.0
1753591948741,04:52:28.741,phemex,AERGO/USDT:USDT,0.133,1810.0,0.13298,185.0,0.13304,185.0,0.13305,660.0
1753591950432,04:52:30.432,phemex,AERGO/USDT:USDT,0.13301,185.0,0.133,1810.0,0.13304,185.0,0.13305,660.0
1753591950519,04:52:30.519,phemex,AERGO/USDT:USDT,0.133,1810.0,0.13298,185.0,0.13304,185.0,0.13305,660.0
1753591950566,04:52:30.566,phemex,AERGO/USDT:USDT,0.13301,185.0,0.133,1810.0,0.13304,185.0,0.13305,660.0
1753591950970,04:52:30.970,phemex,AERGO/USDT:USDT,0.13301,185.0,0.133,1810.0,0.13304,185.0,0.13305,660.0
1753591951109,04:52:31.109,phemex,AERGO/USDT:USDT,0.13301,185.0,0.133,1810.0,0.13305,660.0,0.13306,1118.0
1753591951118,04:52:31.118,phemex,AERGO/USDT:USDT,0.13301,185.0,0.133,1810.0,0.13306,1118.0,0.13307,1161.0
1753591951221,04:52:31.221,phemex,AERGO/USDT:USDT,0.13301,185.0,0.133,1810.0,0.13305,185.0,0.13306,1118.0
1753591951248,04:52:31.248,phemex,AERGO/USDT:USDT,0.13301,185.0,0.133,1810.0,0.13305,185.0,0.13306,1118.0
1753591951490,04:52:31.490,phemex,AERGO/USDT:USDT,0.13301,185.0,0.133,1810.0,0.13305,185.0,0.13306,1118.0
1753591956007,04:52:36.007,phemex,AERGO/USDT:USDT,0.13301,185.0,0.133,1810.0,0.13305,185.0,0.13306,1118.0
1753591956013,04:52:36.013,phemex,AERGO/USDT:USDT,0.13301,185.0,0.133,1810.0,0.13305,185.0,0.13306,1118.0
1753591959703,04:52:39.703,phemex,AERGO/USDT:USDT,0.13301,185.0,0.133,1810.0,0.13305,185.0,0.13306,1118.0
1753591959733,04:52:39.733,phemex,AERGO/USDT:USDT,0.13301,185.0,0.133,1810.0,0.13306,1118.0,0.13307,1161.0
1753591959743,04:52:39.743,phemex,AERGO/USDT:USDT,0.13301,185.0,0.133,1810.0,0.13306,1118.0,0.13307,1161.0
1753591959800,04:52:39.800,phemex,AERGO/USDT:USDT,0.13301,185.0,0.133,1810.0,0.13306,1118.0,0.13307,1161.0
1753591959851,04:52:39.851,phemex,AERGO/USDT:USDT,0.13301,185.0,0.133,1810.0,0.13305,185.0,0.13306,1118.0
1753591968103,04:52:48.103,phemex,AERGO/USDT:USDT,0.13301,185.0,0.133,1810.0,0.13306,1118.0,0.13307,1161.0
1753591968163,04:52:48.163,phemex,AERGO/USDT:USDT,0.13301,185.0,0.133,1810.0,0.13306,1118.0,0.13307,1161.0
1753591968678,04:52:48.678,phemex,AERGO/USDT:USDT,0.13301,185.0,0.133,1810.0,0.13305,182.0,0.13306,1118.0
1753591968856,04:52:48.856,phemex,AERGO/USDT:USDT,0.13301,185.0,0.133,1810.0,0.13306,1118.0,0.13307,1161.0
1753591968887,04:52:48.887,phemex,AERGO/USDT:USDT,0.13301,185.0,0.133,1810.0,0.13306,1118.0,0.13307,1161.0
1753591968910,04:52:48.910,phemex,AERGO/USDT:USDT,0.13301,185.0,0.133,1810.0,0.13306,1118.0,0.13307,1161.0
1753591970450,04:52:50.450,phemex,AERGO/USDT:USDT,0.13301,185.0,0.133,1810.0,0.13306,858.0,0.13307,1161.0
1753591972996,04:52:52.996,phemex,AERGO/USDT:USDT,0.13301,185.0,0.133,1810.0,0.13305,183.0,0.13306,858.0
1753591973030,04:52:53.030,phemex,AERGO/USDT:USDT,0.13301,185.0,0.133,1810.0,0.13306,858.0,0.13307,1161.0
1753591973041,04:52:53.041,phemex,AERGO/USDT:USDT,0.13301,185.0,0.133,1810.0,0.13306,858.0,0.13307,1161.0
1753591973775,04:52:53.775,phemex,AERGO/USDT:USDT,0.13301,185.0,0.133,1810.0,0.13306,798.0,0.13307,1161.0
1753591975151,04:52:55.151,phemex,AERGO/USDT:USDT,0.13301,185.0,0.133,1810.0,0.13305,183.0,0.13306,798.0
1753591975275,04:52:55.275,phemex,AERGO/USDT:USDT,0.13301,185.0,0.133,1810.0,0.13305,183.0,0.13306,798.0
1753591975816,04:52:55.816,phemex,AERGO/USDT:USDT,0.13301,185.0,0.133,1810.0,0.13306,798.0,0.13307,1161.0
1753591976041,04:52:56.041,phemex,AERGO/USDT:USDT,0.13301,185.0,0.133,1810.0,0.13305,183.0,0.13306,798.0
1753591979683,04:52:59.683,phemex,AERGO/USDT:USDT,0.13301,185.0,0.133,1810.0,0.13306,798.0,0.13307,1161.0
1753591980663,04:53:00.663,phemex,AERGO/USDT:USDT,0.13301,185.0,0.133,1810.0,0.13306,785.0,0.13307,1161.0
1753591982116,04:53:02.116,phemex,AERGO/USDT:USDT,0.13301,185.0,0.133,1810.0,0.13305,180.0,0.13306,785.0
1753591982160,04:53:02.160,phemex,AERGO/USDT:USDT,0.13301,185.0,0.133,1810.0,0.13306,785.0,0.13307,1161.0
1753591982272,04:53:02.272,phemex,AERGO/USDT:USDT,0.13301,185.0,0.133,1810.0,0.13305,180.0,0.13306,785.0
1753591982437,04:53:02.437,phemex,AERGO/USDT:USDT,0.13301,185.0,0.133,1810.0,0.13305,180.0,0.13306,785.0
1753591984576,04:53:04.576,phemex,AERGO/USDT:USDT,0.133,1810.0,0.13298,839.0,0.13305,180.0,0.13306,785.0
1753591984619,04:53:04.619,phemex,AERGO/USDT:USDT,0.133,1810.0,0.13298,839.0,0.13305,180.0,0.13306,785.0
1753591984686,04:53:04.686,phemex,AERGO/USDT:USDT,0.13301,180.0,0.133,1810.0,0.13305,180.0,0.13306,785.0
1753591986017,04:53:06.017,phemex,AERGO/USDT:USDT,0.133,1810.0,0.13298,839.0,0.13305,180.0,0.13306,785.0
1753591986062,04:53:06.062,phemex,AERGO/USDT:USDT,0.133,1810.0,0.13298,839.0,0.13305,180.0,0.13306,785.0
1753591989789,04:53:09.789,phemex,AERGO/USDT:USDT,0.13301,180.0,0.133,1810.0,0.13305,180.0,0.13306,785.0
1753591991839,04:53:11.839,phemex,AERGO/USDT:USDT,0.133,1810.0,0.13298,839.0,0.13305,180.0,0.13306,785.0
1753591991885,04:53:11.885,phemex,AERGO/USDT:USDT,0.133,1810.0,0.13298,839.0,0.13305,180.0,0.13306,785.0
1753591992793,04:53:12.793,phemex,AERGO/USDT:USDT,0.133,1810.0,0.13298,839.0,0.13305,952.0,0.13306,785.0
1753591992868,04:53:12.868,phemex,AERGO/USDT:USDT,0.133,1810.0,0.13298,839.0,0.13304,184.0,0.13305,952.0
1753591992994,04:53:12.994,phemex,AERGO/USDT:USDT,0.133,1810.0,0.13298,839.0,0.13304,184.0,0.13305,772.0
1753591994193,04:53:14.193,phemex,AERGO/USDT:USDT,0.133,1779.0,0.13298,839.0,0.13304,184.0,0.13305,772.0
1753591998912,04:53:18.912,phemex,AERGO/USDT:USDT,0.13301,184.0,0.133,1779.0,0.13304,184.0,0.13305,772.0
1753592004757,04:53:24.757,phemex,AERGO/USDT:USDT,0.13301,184.0,0.133,1779.0,0.13305,772.0,0.13306,785.0
1753592004780,04:53:24.780,phemex,AERGO/USDT:USDT,0.13301,184.0,0.133,1779.0,0.13305,772.0,0.13306,785.0
1753592004936,04:53:24.936,phemex,AERGO/USDT:USDT,0.13301,184.0,0.133,1779.0,0.13304,181.0,0.13305,772.0
1753592007297,04:53:27.297,phemex,AERGO/USDT:USDT,0.133,687.0,0.13298,839.0,0.13304,181.0,0.13305,772.0
1753592007297,04:53:27.297,phemex,AERGO/USDT:USDT,0.133,687.0,0.13298,839.0,0.13304,181.0,0.13305,772.0
1753592009591,04:53:29.591,phemex,AERGO/USDT:USDT,0.133,687.0,0.13298,839.0,0.13304,181.0,0.13305,772.0
1753592009608,04:53:29.608,phemex,AERGO/USDT:USDT,0.133,687.0,0.13298,839.0,0.13304,181.0,0.13305,772.0
1753592014675,04:53:34.675,phemex,AERGO/USDT:USDT,0.133,1352.0,0.13298,839.0,0.13304,181.0,0.13305,772.0
1753592014696,04:53:34.696,phemex,AERGO/USDT:USDT,0.133,1352.0,0.13298,839.0,0.13304,181.0,0.13305,772.0
1753592015212,04:53:35.212,phemex,AERGO/USDT:USDT,0.133,1282.0,0.13298,839.0,0.13304,181.0,0.13305,772.0
1753592015570,04:53:35.570,phemex,AERGO/USDT:USDT,0.13301,185.0,0.133,1282.0,0.13304,181.0,0.13305,772.0
1753592015643,04:53:35.643,phemex,AERGO/USDT:USDT,0.13301,185.0,0.133,1282.0,0.13304,181.0,0.13305,772.0
1753592017510,04:53:37.510,phemex,AERGO/USDT:USDT,0.133,1282.0,0.13298,839.0,0.13304,181.0,0.13305,772.0
1753592017551,04:53:37.551,phemex,AERGO/USDT:USDT,0.133,1282.0,0.13298,839.0,0.13304,181.0,0.13305,772.0
1753592020379,04:53:40.379,phemex,AERGO/USDT:USDT,0.13301,185.0,0.133,1282.0,0.13304,181.0,0.13305,772.0
1753592020416,04:53:40.416,phemex,AERGO/USDT:USDT,0.133,1282.0,0.13298,839.0,0.13304,181.0,0.13305,772.0
1753592020444,04:53:40.444,phemex,AERGO/USDT:USDT,0.133,1282.0,0.13298,839.0,0.13304,181.0,0.13305,772.0
1753592020460,04:53:40.460,phemex,AERGO/USDT:USDT,0.13301,185.0,0.133,1282.0,0.13304,181.0,0.13305,772.0
1753592021541,04:53:41.541,phemex,AERGO/USDT:USDT,0.13301,185.0,0.133,1282.0,0.13305,772.0,0.13306,785.0
1753592021609,04:53:41.609,phemex,AERGO/USDT:USDT,0.13301,185.0,0.133,1282.0,0.13304,185.0,0.13305,772.0
1753592023317,04:53:43.317,phemex,AERGO/USDT:USDT,0.13301,185.0,0.133,1282.0,0.13305,772.0,0.13306,785.0
1753592023348,04:53:43.348,phemex,AERGO/USDT:USDT,0.13301,185.0,0.133,1282.0,0.13305,772.0,0.13306,785.0
1753592025681,04:53:45.681,phemex,AERGO/USDT:USDT,0.13301,185.0,0.133,1282.0,0.13304,185.0,0.13305,772.0
1753592026946,04:53:46.946,phemex,AERGO/USDT:USDT,0.13301,185.0,0.133,1282.0,0.13305,772.0,0.13306,785.0
1753592027047,04:53:47.047,phemex,AERGO/USDT:USDT,0.13301,185.0,0.133,1282.0,0.13305,772.0,0.13306,785.0
1753592027091,04:53:47.091,phemex,AERGO/USDT:USDT,0.13301,185.0,0.133,1282.0,0.13304,185.0,0.13305,772.0
1753592028084,04:53:48.084,phemex,AERGO/USDT:USDT,0.13301,185.0,0.133,1282.0,0.13305,772.0,0.13306,785.0
1753592028175,04:53:48.175,phemex,AERGO/USDT:USDT,0.13301,185.0,0.133,1282.0,0.13305,772.0,0.13306,785.0
1753592028282,04:53:48.282,phemex,AERGO/USDT:USDT,0.13301,185.0,0.133,1282.0,0.13304,185.0,0.13305,772.0
1753592028560,04:53:48.560,phemex,AERGO/USDT:USDT,0.13301,185.0,0.133,1282.0,0.13305,772.0,0.13306,785.0
1753592048078,04:54:08.078,phemex,AERGO/USDT:USDT,0.13301,185.0,0.133,1282.0,0.13304,189.0,0.13305,772.0
1753592048095,04:54:08.095,phemex,AERGO/USDT:USDT,0.13301,185.0,0.133,1282.0,0.13305,772.0,0.13306,785.0
1753592048136,04:54:08.136,phemex,AERGO/USDT:USDT,0.13301,185.0,0.133,1282.0,0.13305,772.0,0.13306,785.0
1753592060308,04:54:20.308,phemex,AERGO/USDT:USDT,0.13301,185.0,0.133,1282.0,0.13305,772.0,0.13306,785.0
1753592068985,04:54:28.985,phemex,AERGO/USDT:USDT,0.13301,185.0,0.133,1282.0,0.13305,772.0,0.13306,785.0
1753592069128,04:54:29.128,phemex,AERGO/USDT:USDT,0.13301,185.0,0.133,1282.0,0.13305,772.0,0.13306,785.0
1753592074636,04:54:34.636,phemex,AERGO/USDT:USDT,0.13301,185.0,0.133,1282.0,0.13304,182.0,0.13305,772.0
1753592074688,04:54:34.688,phemex,AERGO/USDT:USDT,0.13301,185.0,0.133,1282.0,0.13305,772.0,0.13306,785.0
1753592074721,04:54:34.721,phemex,AERGO/USDT:USDT,0.13301,185.0,0.133,1282.0,0.13305,772.0,0.13306,785.0
1753592076544,04:54:36.544,phemex,AERGO/USDT:USDT,0.13301,185.0,0.133,1282.0,0.13304,182.0,0.13305,772.0
1753592076596,04:54:36.596,phemex,AERGO/USDT:USDT,0.13301,185.0,0.133,1282.0,0.13304,182.0,0.13305,772.0
1753592078555,04:54:38.555,phemex,AERGO/USDT:USDT,0.13301,185.0,0.133,1282.0,0.13305,772.0,0.13306,785.0
1753592078588,04:54:38.588,phemex,AERGO/USDT:USDT,0.13301,185.0,0.133,1282.0,0.13305,772.0,0.13306,785.0
1753592078799,04:54:38.799,phemex,AERGO/USDT:USDT,0.13301,185.0,0.133,1282.0,0.13304,182.0,0.13305,772.0
1753592081423,04:54:41.423,phemex,AERGO/USDT:USDT,0.13301,185.0,0.133,1282.0,0.13305,772.0,0.13306,785.0
1753592081448,04:54:41.448,phemex,AERGO/USDT:USDT,0.13301,185.0,0.133,1282.0,0.13305,772.0,0.13306,785.0
1753592081861,04:54:41.861,phemex,AERGO/USDT:USDT,0.13301,185.0,0.133,1282.0,0.13304,189.0,0.13305,772.0
1753592084602,04:54:44.602,phemex,AERGO/USDT:USDT,0.13301,185.0,0.133,1282.0,0.13304,189.0,0.13305,772.0
1753592084630,04:54:44.630,phemex,AERGO/USDT:USDT,0.13301,185.0,0.133,1282.0,0.13304,189.0,0.13305,772.0
1753592086171,04:54:46.171,phemex,AERGO/USDT:USDT,0.13301,185.0,0.133,1282.0,0.13305,772.0,0.13306,785.0
1753592086197,04:54:46.197,phemex,AERGO/USDT:USDT,0.13301,185.0,0.133,1282.0,0.13305,772.0,0.13306,785.0
1753592087039,04:54:47.039,phemex,AERGO/USDT:USDT,0.13301,185.0,0.133,1282.0,0.13306,785.0,0.13307,1861.0
1753592094008,04:54:54.008,phemex,AERGO/USDT:USDT,0.13301,185.0,0.133,1282.0,0.13306,785.0,0.13307,1861.0
1753592096089,04:54:56.089,phemex,AERGO/USDT:USDT,0.13301,185.0,0.133,1282.0,0.13306,765.0,0.13307,1861.0
1753592098361,04:54:58.361,phemex,AERGO/USDT:USDT,0.13305,944.0,0.13301,185.0,0.13307,1603.0,0.13309,183.0
1753592098373,04:54:58.373,phemex,AERGO/USDT:USDT,0.13306,188.0,0.13305,944.0,0.13309,183.0,0.13312,181.0
1753592098391,04:54:58.391,phemex,AERGO/USDT:USDT,0.13306,188.0,0.13305,944.0,0.13312,181.0,0.13313,2024.0
1753592098415,04:54:58.415,phemex,AERGO/USDT:USDT,0.13306,188.0,0.13305,944.0,0.13312,181.0,0.13313,2024.0
1753592099528,04:54:59.528,phemex,AERGO/USDT:USDT,0.13306,188.0,0.13305,944.0,0.13312,181.0,0.13313,2024.0
1753592100162,04:55:00.162,phemex,AERGO/USDT:USDT,0.13305,944.0,0.13301,185.0,0.13312,181.0,0.13313,2024.0
1753592100202,04:55:00.202,phemex,AERGO/USDT:USDT,0.13305,944.0,0.13301,185.0,0.13312,181.0,0.13313,2024.0
1753592100280,04:55:00.280,phemex,AERGO/USDT:USDT,0.13305,944.0,0.13301,185.0,0.13312,181.0,0.13313,2024.0
1753592100308,04:55:00.308,phemex,AERGO/USDT:USDT,0.13306,188.0,0.13305,944.0,0.13312,181.0,0.13313,2024.0
1753592102146,04:55:02.146,phemex,AERGO/USDT:USDT,0.13306,188.0,0.13305,944.0,0.13312,181.0,0.13314,188.0
1753592102159,04:55:02.159,phemex,AERGO/USDT:USDT,0.13306,188.0,0.13305,944.0,0.13314,188.0,0.13317,1644.0
1753592102216,04:55:02.216,phemex,AERGO/USDT:USDT,0.13306,188.0,0.13305,944.0,0.13314,188.0,0.13317,1644.0
1753592103389,04:55:03.389,phemex,AERGO/USDT:USDT,0.13306,832.0,0.13305,944.0,0.13314,188.0,0.13317,1644.0
1753592103411,04:55:03.411,phemex,AERGO/USDT:USDT,0.13307,187.0,0.13306,644.0,0.13314,188.0,0.13317,1644.0
1753592106010,04:55:06.010,phemex,AERGO/USDT:USDT,0.13307,187.0,0.13306,644.0,0.13314,188.0,0.13317,1644.0
1753592107457,04:55:07.457,phemex,AERGO/USDT:USDT,0.13307,187.0,0.13306,644.0,0.1332,4068.0,0.13322,2715.0
1753592107469,04:55:07.469,phemex,AERGO/USDT:USDT,0.13307,187.0,0.13306,644.0,0.13319,187.0,0.13323,2707.0
1753592107492,04:55:07.492,phemex,AERGO/USDT:USDT,0.13307,187.0,0.13306,644.0,0.13319,187.0,0.13323,2894.0
1753592107609,04:55:07.609,phemex,AERGO/USDT:USDT,0.13307,187.0,0.13306,644.0,0.13319,187.0,0.13323,2894.0
1753592107789,04:55:07.789,phemex,AERGO/USDT:USDT,0.13307,187.0,0.13306,644.0,0.13319,187.0,0.13323,2894.0
1753592107811,04:55:07.811,phemex,AERGO/USDT:USDT,0.13307,187.0,0.13306,644.0,0.13319,187.0,0.13323,2894.0
1753592107871,04:55:07.871,phemex,AERGO/USDT:USDT,0.13307,187.0,0.13306,644.0,0.13319,187.0,0.13323,2894.0
1753592107872,04:55:07.872,phemex,AERGO/USDT:USDT,0.13307,187.0,0.13306,644.0,0.13319,187.0,0.13323,2894.0
1753592108470,04:55:08.470,phemex,AERGO/USDT:USDT,0.13312,2046.0,0.13307,1892.0,0.13319,187.0,0.13323,2894.0
1753592108495,04:55:08.495,phemex,AERGO/USDT:USDT,0.13313,187.0,0.13312,2046.0,0.13319,187.0,0.13323,2894.0
1753592110757,04:55:10.757,phemex,AERGO/USDT:USDT,0.13313,187.0,0.13312,2046.0,0.13319,187.0,0.13323,2894.0
1753592110790,04:55:10.790,phemex,AERGO/USDT:USDT,0.13313,187.0,0.13312,2046.0,0.13319,187.0,0.13323,2894.0
1753592114679,04:55:14.679,phemex,AERGO/USDT:USDT,0.13313,940.0,0.13312,1723.0,0.13319,187.0,0.1332,1588.0
1753592114690,04:55:14.690,phemex,AERGO/USDT:USDT,0.13314,185.0,0.13313,940.0,0.13319,187.0,0.1332,1588.0
1753592114712,04:55:14.712,phemex,AERGO/USDT:USDT,0.13314,185.0,0.13313,753.0,0.13319,187.0,0.1332,1588.0
1753592122704,04:55:22.704,phemex,AERGO/USDT:USDT,0.13314,185.0,0.13313,753.0,0.13319,187.0,0.1332,1588.0
1753592122723,04:55:22.723,phemex,AERGO/USDT:USDT,0.13314,185.0,0.13313,753.0,0.13319,187.0,0.1332,1588.0
1753592122766,04:55:22.766,phemex,AERGO/USDT:USDT,0.13313,753.0,0.13312,1723.0,0.13319,187.0,0.1332,1588.0
1753592122799,04:55:22.799,phemex,AERGO/USDT:USDT,0.13313,753.0,0.13312,1723.0,0.13319,187.0,0.1332,1588.0
1753592125264,04:55:25.264,phemex,AERGO/USDT:USDT,0.13313,753.0,0.13312,1723.0,0.13319,187.0,0.1332,1588.0
1753592125332,04:55:25.332,phemex,AERGO/USDT:USDT,0.13314,182.0,0.13313,753.0,0.13319,187.0,0.1332,1588.0
1753592125332,04:55:25.332,phemex,AERGO/USDT:USDT,0.13314,182.0,0.13313,753.0,0.13319,187.0,0.1332,1588.0
1753592128983,04:55:28.983,phemex,AERGO/USDT:USDT,0.13314,182.0,0.13313,753.0,0.13319,187.0,0.1332,1588.0
1753592129053,04:55:29.053,phemex,AERGO/USDT:USDT,0.13314,182.0,0.13313,753.0,0.13319,187.0,0.1332,1588.0
1753592129112,04:55:29.112,phemex,AERGO/USDT:USDT,0.13314,182.0,0.13313,753.0,0.13319,187.0,0.1332,1588.0
1753592135421,04:55:35.421,phemex,AERGO/USDT:USDT,0.13313,753.0,0.13312,1723.0,0.13319,187.0,0.1332,1588.0
1753592135470,04:55:35.470,phemex,AERGO/USDT:USDT,0.13313,753.0,0.13312,1723.0,0.13319,187.0,0.1332,1588.0
1753592135583,04:55:35.583,phemex,AERGO/USDT:USDT,0.13314,187.0,0.13313,753.0,0.13319,187.0,0.1332,1588.0
1753592135898,04:55:35.898,phemex,AERGO/USDT:USDT,0.13313,753.0,0.13312,1723.0,0.13319,187.0,0.1332,1588.0
1753592135910,04:55:35.910,phemex,AERGO/USDT:USDT,0.13313,753.0,0.13312,1723.0,0.13319,187.0,0.1332,1588.0
1753592138931,04:55:38.931,phemex,AERGO/USDT:USDT,0.13312,1723.0,0.13309,187.0,0.13319,187.0,0.1332,1588.0
1753592141128,04:55:41.128,phemex,AERGO/USDT:USDT,0.13313,187.0,0.13312,1723.0,0.13319,187.0,0.1332,1588.0
1753592145227,04:55:45.227,phemex,AERGO/USDT:USDT,0.13315,701.0,0.13314,1045.0,0.13319,187.0,0.1332,1588.0
1753592145592,04:55:45.592,phemex,AERGO/USDT:USDT,0.13314,1045.0,0.13313,187.0,0.13319,187.0,0.1332,1588.0
1753592145625,04:55:45.625,phemex,AERGO/USDT:USDT,0.13314,1045.0,0.13313,187.0,0.13319,187.0,0.1332,1588.0
1753592147889,04:55:47.889,phemex,AERGO/USDT:USDT,0.13315,184.0,0.13314,1045.0,0.13319,187.0,0.1332,1588.0
1753592153908,04:55:53.908,phemex,AERGO/USDT:USDT,0.13315,184.0,0.13314,1045.0,0.13319,812.0,0.1332,1588.0
1753592153930,04:55:53.930,phemex,AERGO/USDT:USDT,0.13315,184.0,0.13314,1045.0,0.13318,189.0,0.13319,625.0
1753592156378,04:55:56.378,phemex,AERGO/USDT:USDT,0.13315,184.0,0.13314,1045.0,0.13319,625.0,0.1332,1588.0
1753592156428,04:55:56.428,phemex,AERGO/USDT:USDT,0.13315,184.0,0.13314,1045.0,0.13319,625.0,0.1332,1588.0
1753592158400,04:55:58.400,phemex,AERGO/USDT:USDT,0.13315,184.0,0.13314,1045.0,0.13318,189.0,0.13319,625.0
1753592158612,04:55:58.612,phemex,AERGO/USDT:USDT,0.13315,184.0,0.13314,1045.0,0.13319,625.0,0.1332,1588.0
1753592158654,04:55:58.654,phemex,AERGO/USDT:USDT,0.13315,184.0,0.13314,1045.0,0.13319,625.0,0.1332,1588.0
1753592159937,04:55:59.937,phemex,AERGO/USDT:USDT,0.13315,184.0,0.13314,1740.0,0.13319,625.0,0.1332,1588.0
1753592159989,04:55:59.989,phemex,AERGO/USDT:USDT,0.13314,1740.0,0.13313,187.0,0.13318,189.0,0.13319,625.0
1753592160166,04:56:00.166,phemex,AERGO/USDT:USDT,0.13314,1740.0,0.13313,187.0,0.13318,189.0,0.13319,625.0
1753592160166,04:56:00.166,phemex,AERGO/USDT:USDT,0.13314,1740.0,0.13313,187.0,0.13318,189.0,0.13319,625.0
1753592160207,04:56:00.207,phemex,AERGO/USDT:USDT,0.13314,1740.0,0.13313,187.0,0.13318,189.0,0.13319,625.0
1753592160732,04:56:00.732,phemex,AERGO/USDT:USDT,0.13314,1740.0,0.13313,187.0,0.13318,189.0,0.13319,625.0
1753592161896,04:56:01.896,phemex,AERGO/USDT:USDT,0.13315,185.0,0.13314,1740.0,0.13318,189.0,0.13319,625.0
1753592161934,04:56:01.934,phemex,AERGO/USDT:USDT,0.13314,1740.0,0.13313,187.0,0.13318,189.0,0.13319,625.0
1753592161975,04:56:01.975,phemex,AERGO/USDT:USDT,0.13315,185.0,0.13314,1740.0,0.13318,189.0,0.13319,625.0
1753592163135,04:56:03.135,phemex,AERGO/USDT:USDT,0.13314,1740.0,0.13313,187.0,0.13318,189.0,0.13319,625.0
1753592163168,04:56:03.168,phemex,AERGO/USDT:USDT,0.13315,185.0,0.13314,1740.0,0.13318,189.0,0.13319,625.0
1753592163493,04:56:03.493,phemex,AERGO/USDT:USDT,0.13315,185.0,0.13314,1740.0,0.13318,189.0,0.13319,625.0
1753592164341,04:56:04.341,phemex,AERGO/USDT:USDT,0.13314,1740.0,0.13313,187.0,0.13318,189.0,0.13319,625.0
1753592164359,04:56:04.359,phemex,AERGO/USDT:USDT,0.13315,185.0,0.13314,1740.0,0.13318,189.0,0.13319,625.0
1753592173359,04:56:13.359,phemex,AERGO/USDT:USDT,0.13315,185.0,0.13314,1740.0,0.13318,189.0,0.13319,625.0
1753592181008,04:56:21.008,phemex,AERGO/USDT:USDT,0.13315,185.0,0.13314,1740.0,0.13319,625.0,0.1332,1588.0
1753592181073,04:56:21.073,phemex,AERGO/USDT:USDT,0.13315,185.0,0.13314,1740.0,0.13319,625.0,0.1332,1588.0
1753592182579,04:56:22.579,phemex,AERGO/USDT:USDT,0.13315,185.0,0.13314,1740.0,0.13318,181.0,0.13319,625.0
1753592182779,04:56:22.779,phemex,AERGO/USDT:USDT,0.13315,185.0,0.13314,1740.0,0.13319,625.0,0.1332,1588.0
1753592182827,04:56:22.827,phemex,AERGO/USDT:USDT,0.13315,185.0,0.13314,1740.0,0.13319,625.0,0.1332,1588.0
1753592183819,04:56:23.819,phemex,AERGO/USDT:USDT,0.13315,185.0,0.13314,1740.0,0.13319,625.0,0.1332,929.0
1753592184130,04:56:24.130,phemex,AERGO/USDT:USDT,0.13315,185.0,0.13314,1740.0,0.13319,625.0,0.1332,929.0
1753592184153,04:56:24.153,phemex,AERGO/USDT:USDT,0.13315,185.0,0.13314,1740.0,0.13319,625.0,0.1332,929.0
1753592184924,04:56:24.924,phemex,AERGO/USDT:USDT,0.13315,185.0,0.13314,1740.0,0.13319,205.0,0.1332,929.0
1753592185171,04:56:25.171,phemex,AERGO/USDT:USDT,0.13315,185.0,0.13314,1740.0,0.13319,386.0,0.1332,929.0
1753592186016,04:56:26.016,phemex,AERGO/USDT:USDT,0.13315,185.0,0.13314,1740.0,0.13319,244.0,0.1332,929.0
1753592186487,04:56:26.487,phemex,AERGO/USDT:USDT,0.13315,185.0,0.13314,1740.0,0.13319,63.0,0.1332,929.0
1753592186505,04:56:26.505,phemex,AERGO/USDT:USDT,0.13315,185.0,0.13314,1740.0,0.13319,244.0,0.1332,929.0
1753592188629,04:56:28.629,phemex,AERGO/USDT:USDT,0.13315,185.0,0.13314,1740.0,0.13319,181.0,0.1332,929.0
1753592188629,04:56:28.629,phemex,AERGO/USDT:USDT,0.13315,185.0,0.13314,1740.0,0.13319,181.0,0.1332,929.0
1753592189166,04:56:29.166,phemex,AERGO/USDT:USDT,0.13315,185.0,0.13314,1740.0,0.1332,929.0,0.13321,1155.0
1753592189182,04:56:29.182,phemex,AERGO/USDT:USDT,0.13315,185.0,0.13314,1740.0,0.1332,2797.0,0.13321,1155.0
1753592190729,04:56:30.729,phemex,AERGO/USDT:USDT,0.13315,185.0,0.13314,1740.0,0.13326,188.0,0.13328,2548.0
1753592192717,04:56:32.717,phemex,AERGO/USDT:USDT,0.13315,185.0,0.13314,1740.0,0.13326,188.0,0.13328,2548.0
1753592195501,04:56:35.501,phemex,AERGO/USDT:USDT,0.13315,185.0,0.13314,1740.0,0.13326,188.0,0.13328,2548.0
1753592196008,04:56:36.008,phemex,AERGO/USDT:USDT,0.13315,185.0,0.13314,1740.0,0.13326,188.0,0.13328,2548.0
1753592196040,04:56:36.040,phemex,AERGO/USDT:USDT,0.13315,185.0,0.13314,1740.0,0.13326,188.0,0.13328,2548.0
1753592198370,04:56:38.370,phemex,AERGO/USDT:USDT,0.13315,185.0,0.13314,1740.0,0.13326,188.0,0.13328,2548.0
1753592198694,04:56:38.694,phemex,AERGO/USDT:USDT,0.13318,1584.0,0.13317,783.0,0.1333,187.0,0.13334,188.0
1753592198710,04:56:38.710,phemex,AERGO/USDT:USDT,0.13319,189.0,0.13318,1584.0,0.13334,188.0,0.13336,185.0
1753592198726,04:56:38.726,phemex,AERGO/USDT:USDT,0.13319,189.0,0.13318,1584.0,0.13336,185.0,0.13338,2191.0
1753592198754,04:56:38.754,phemex,AERGO/USDT:USDT,0.13319,189.0,0.13318,1584.0,0.13335,43.0,0.13336,185.0
1753592198762,04:56:38.762,phemex,AERGO/USDT:USDT,0.13319,189.0,0.13318,1584.0,0.13334,189.0,0.13335,43.0
1753592198795,04:56:38.795,phemex,AERGO/USDT:USDT,0.13319,189.0,0.13318,1584.0,0.13334,232.0,0.13336,185.0
1753592198823,04:56:38.823,phemex,AERGO/USDT:USDT,0.13319,189.0,0.13318,1584.0,0.13334,232.0,0.13336,185.0
1753592198875,04:56:38.875,phemex,AERGO/USDT:USDT,0.13319,189.0,0.13318,1584.0,0.13333,189.0,0.13334,43.0
1753592198928,04:56:38.928,phemex,AERGO/USDT:USDT,0.13319,189.0,0.13318,1584.0,0.13333,631.0,0.13336,185.0
1753592198969,04:56:38.969,phemex,AERGO/USDT:USDT,0.13319,189.0,0.13318,1584.0,0.13332,189.0,0.13333,442.0
1753592201034,04:56:41.034,phemex,AERGO/USDT:USDT,0.13319,189.0,0.13318,1584.0,0.13332,189.0,0.13333,442.0
1753592201078,04:56:41.078,phemex,AERGO/USDT:USDT,0.13319,189.0,0.13318,1584.0,0.13332,189.0,0.13333,442.0
1753592202703,04:56:42.703,phemex,AERGO/USDT:USDT,0.13319,189.0,0.13318,1584.0,0.13332,189.0,0.13333,442.0
1753592203801,04:56:43.801,phemex,AERGO/USDT:USDT,0.13319,189.0,0.13318,1584.0,0.1333,898.0,0.13331,1483.0
1753592203824,04:56:43.824,phemex,AERGO/USDT:USDT,0.13319,189.0,0.13317,2078.0,0.13329,180.0,0.1333,898.0
1753592203842,04:56:43.842,phemex,AERGO/USDT:USDT,0.13319,189.0,0.13317,2078.0,0.13329,180.0,0.1333,898.0
1753592203944,04:56:43.944,phemex,AERGO/USDT:USDT,0.13319,189.0,0.13317,2078.0,0.13329,180.0,0.1333,898.0
1753592205582,04:56:45.582,phemex,AERGO/USDT:USDT,0.13319,189.0,0.13317,2078.0,0.13329,180.0,0.1333,898.0
1753592206747,04:56:46.747,phemex,AERGO/USDT:USDT,0.13319,189.0,0.13317,2078.0,0.13329,180.0,0.1333,898.0
1753592206778,04:56:46.778,phemex,AERGO/USDT:USDT,0.13319,189.0,0.13317,2078.0,0.13329,180.0,0.1333,898.0
1753592207098,04:56:47.098,phemex,AERGO/USDT:USDT,0.1332,930.0,0.13319,189.0,0.13329,180.0,0.1333,898.0
1753592207138,04:56:47.138,phemex,AERGO/USDT:USDT,0.13321,180.0,0.1332,930.0,0.13329,180.0,0.1333,898.0
1753592207183,04:56:47.183,phemex,AERGO/USDT:USDT,0.13321,180.0,0.13319,189.0,0.13329,180.0,0.1333,898.0
1753592207197,04:56:47.197,phemex,AERGO/USDT:USDT,0.13321,180.0,0.13319,189.0,0.13329,180.0,0.1333,898.0
1753592207288,04:56:47.288,phemex,AERGO/USDT:USDT,0.13319,189.0,0.13317,1295.0,0.13329,180.0,0.1333,898.0
1753592211460,04:56:51.460,phemex,AERGO/USDT:USDT,0.13319,189.0,0.13317,1295.0,0.13326,915.0,0.13328,1093.0
1753592211493,04:56:51.493,phemex,AERGO/USDT:USDT,0.13319,189.0,0.13317,1295.0,0.13325,181.0,0.13326,915.0
1753592211510,04:56:51.510,phemex,AERGO/USDT:USDT,0.13319,189.0,0.13317,1295.0,0.13325,181.0,0.13326,915.0
1753592212469,04:56:52.469,phemex,AERGO/USDT:USDT,0.13319,189.0,0.13317,2985.0,0.13325,181.0,0.13326,915.0
1753592219420,04:56:59.420,phemex,AERGO/USDT:USDT,0.13323,837.0,0.13322,651.0,0.13325,181.0,0.13326,915.0
1753592219466,04:56:59.466,phemex,AERGO/USDT:USDT,0.13323,837.0,0.13322,651.0,0.13325,181.0,0.13326,915.0
1753592220015,04:57:00.015,phemex,AERGO/USDT:USDT,0.13323,837.0,0.13322,651.0,0.13325,181.0,0.13326,915.0
1753592220400,04:57:00.400,phemex,AERGO/USDT:USDT,0.13323,837.0,0.13322,651.0,0.13325,181.0,0.13326,915.0
1753592220418,04:57:00.418,phemex,AERGO/USDT:USDT,0.13323,837.0,0.13322,651.0,0.13325,181.0,0.13326,915.0
1753592220766,04:57:00.766,phemex,AERGO/USDT:USDT,0.13323,837.0,0.13322,651.0,0.13326,915.0,0.13327,181.0
1753592220918,04:57:00.918,phemex,AERGO/USDT:USDT,0.13323,837.0,0.13322,651.0,0.13325,181.0,0.13326,915.0
1753592220957,04:57:00.957,phemex,AERGO/USDT:USDT,0.13323,837.0,0.13322,651.0,0.13325,181.0,0.13326,915.0
1753592222707,04:57:02.707,phemex,AERGO/USDT:USDT,0.13323,837.0,0.13322,651.0,0.13325,181.0,0.13326,915.0
1753592223318,04:57:03.318,phemex,AERGO/USDT:USDT,0.13323,837.0,0.13322,651.0,0.13325,181.0,0.13326,915.0
1753592223423,04:57:03.423,phemex,AERGO/USDT:USDT,0.13321,793.0,0.13319,923.0,0.13325,181.0,0.13326,915.0
1753592223460,04:57:03.460,phemex,AERGO/USDT:USDT,0.13321,793.0,0.13319,923.0,0.13325,181.0,0.13326,2014.0
1753592223580,04:57:03.580,phemex,AERGO/USDT:USDT,0.13321,793.0,0.13319,923.0,0.13325,181.0,0.13326,2014.0
1753592224200,04:57:04.200,phemex,AERGO/USDT:USDT,0.13319,923.0,0.13317,189.0,0.13325,181.0,0.13326,2014.0
1753592224304,04:57:04.304,phemex,AERGO/USDT:USDT,0.1332,185.0,0.13319,923.0,0.13325,181.0,0.13326,2014.0
1753592224328,04:57:04.328,phemex,AERGO/USDT:USDT,0.13319,923.0,0.13317,189.0,0.13325,181.0,0.13326,2014.0
1753592225448,04:57:05.448,phemex,AERGO/USDT:USDT,0.13319,923.0,0.13317,189.0,0.13325,181.0,0.13326,2014.0
1753592226384,04:57:06.384,phemex,AERGO/USDT:USDT,0.13319,923.0,0.13317,189.0,0.13325,1043.0,0.13326,2014.0
1753592226401,04:57:06.401,phemex,AERGO/USDT:USDT,0.1332,185.0,0.13319,923.0,0.13325,862.0,0.13326,2014.0
1753592226406,04:57:06.406,phemex,AERGO/USDT:USDT,0.1332,185.0,0.13319,923.0,0.13324,185.0,0.13325,862.0
1753592230349,04:57:10.349,phemex,AERGO/USDT:USDT,0.13319,923.0,0.13317,189.0,0.13324,185.0,0.13325,862.0
1753592230471,04:57:10.471,phemex,AERGO/USDT:USDT,0.1332,185.0,0.13319,923.0,0.13324,185.0,0.13325,862.0
1753592232273,04:57:12.273,phemex,AERGO/USDT:USDT,0.13319,923.0,0.13317,189.0,0.13324,185.0,0.13325,862.0
1753592232660,04:57:12.660,phemex,AERGO/USDT:USDT,0.13317,189.0,0.13315,2711.0,0.13324,185.0,0.13325,862.0
1753592232715,04:57:12.715,phemex,AERGO/USDT:USDT,0.13317,189.0,0.13315,2711.0,0.13324,185.0,0.13325,862.0
1753592243046,04:57:23.046,phemex,AERGO/USDT:USDT,0.13322,1065.0,0.1332,1119.0,0.13323,920.0,0.13324,185.0
1753592243048,04:57:23.048,phemex,AERGO/USDT:USDT,0.13322,1065.0,0.13321,824.0,0.13323,920.0,0.13324,185.0
1753592243163,04:57:23.163,phemex,AERGO/USDT:USDT,0.13317,1744.0,0.13315,185.0,0.13323,920.0,0.13324,185.0
1753592243174,04:57:23.174,phemex,AERGO/USDT:USDT,0.13317,1744.0,0.13315,185.0,0.13322,184.0,0.13323,920.0
1753592243215,04:57:23.215,phemex,AERGO/USDT:USDT,0.13317,1744.0,0.13315,185.0,0.13322,184.0,0.13323,920.0
1753592244302,04:57:24.302,phemex,AERGO/USDT:USDT,0.13318,184.0,0.13317,1555.0,0.13322,184.0,0.13323,920.0
1753592245101,04:57:25.101,phemex,AERGO/USDT:USDT,0.13317,1555.0,0.13315,185.0,0.13322,184.0,0.13323,920.0
1753592245444,04:57:25.444,phemex,AERGO/USDT:USDT,0.13317,1555.0,0.13313,187.0,0.13322,184.0,0.13323,920.0
1753592246260,04:57:26.260,phemex,AERGO/USDT:USDT,0.13318,184.0,0.13317,1555.0,0.13322,184.0,0.13323,920.0
1753592246336,04:57:26.336,phemex,AERGO/USDT:USDT,0.13318,184.0,0.13317,1555.0,0.13322,184.0,0.13323,920.0
1753592246398,04:57:26.398,phemex,AERGO/USDT:USDT,0.13318,184.0,0.13317,1555.0,0.13322,184.0,0.13323,920.0
1753592248323,04:57:28.323,phemex,AERGO/USDT:USDT,0.13318,184.0,0.13317,1555.0,0.13322,184.0,0.13323,920.0
1753592248664,04:57:28.664,phemex,AERGO/USDT:USDT,0.1332,680.0,0.13318,184.0,0.13322,184.0,0.13323,1938.0
1753592248664,04:57:28.664,phemex,AERGO/USDT:USDT,0.1332,680.0,0.13318,184.0,0.13322,184.0,0.13323,1938.0
1753592249396,04:57:29.396,phemex,AERGO/USDT:USDT,0.13318,184.0,0.13317,1555.0,0.13322,184.0,0.13323,1938.0
1753592250108,04:57:30.108,phemex,AERGO/USDT:USDT,0.13313,187.0,0.13311,184.0,0.13322,184.0,0.13323,1938.0
1753592250132,04:57:30.132,phemex,AERGO/USDT:USDT,0.13311,184.0,0.1331,2123.0,0.13322,184.0,0.13323,1938.0
1753592250397,04:57:30.397,phemex,AERGO/USDT:USDT,0.1331,2123.0,0.13308,3938.0,0.13322,184.0,0.13323,1938.0
1753592250436,04:57:30.436,phemex,AERGO/USDT:USDT,0.13311,1119.0,0.1331,2123.0,0.13322,184.0,0.13323,1938.0
1753592250444,04:57:30.444,phemex,AERGO/USDT:USDT,0.13309,629.0,0.13307,982.0,0.13322,184.0,0.13323,1938.0
1753592250451,04:57:30.451,phemex,AERGO/USDT:USDT,0.13309,813.0,0.13307,982.0,0.13322,184.0,0.13323,1938.0
1753592250481,04:57:30.481,phemex,AERGO/USDT:USDT,0.13307,982.0,0.13306,935.0,0.13322,184.0,0.13323,1938.0
1753592250505,04:57:30.505,phemex,AERGO/USDT:USDT,0.13308,184.0,0.13307,795.0,0.13322,184.0,0.13323,1938.0
1753592250554,04:57:30.554,phemex,AERGO/USDT:USDT,0.13308,184.0,0.13307,795.0,0.13322,705.0,0.13323,1938.0
1753592250607,04:57:30.607,phemex,AERGO/USDT:USDT,0.13308,184.0,0.13307,795.0,0.13321,184.0,0.13322,521.0
1753592250646,04:57:30.646,phemex,AERGO/USDT:USDT,0.13308,184.0,0.13307,795.0,0.13321,184.0,0.13322,521.0
1753592250666,04:57:30.666,phemex,AERGO/USDT:USDT,0.13308,184.0,0.13307,795.0,0.13321,709.0,0.13323,1938.0
1753592250690,04:57:30.690,phemex,AERGO/USDT:USDT,0.13308,184.0,0.13307,795.0,0.1332,184.0,0.13321,525.0
1753592250732,04:57:30.732,phemex,AERGO/USDT:USDT,0.13307,795.0,0.13306,935.0,0.1332,184.0,0.13321,525.0
1753592250746,04:57:30.746,phemex,AERGO/USDT:USDT,0.13307,795.0,0.13306,935.0,0.1332,184.0,0.13321,525.0
1753592250814,04:57:30.814,phemex,AERGO/USDT:USDT,0.13307,795.0,0.13306,935.0,0.1332,184.0,0.13321,525.0
1753592251064,04:57:31.064,phemex,AERGO/USDT:USDT,0.13307,795.0,0.13306,935.0,0.1332,184.0,0.13321,525.0
1753592251205,04:57:31.205,phemex,AERGO/USDT:USDT,0.13307,795.0,0.13306,935.0,0.1332,184.0,0.13321,525.0
1753592254069,04:57:34.069,phemex,AERGO/USDT:USDT,0.13307,795.0,0.13306,935.0,0.1332,184.0,0.13321,525.0
1753592254088,04:57:34.088,phemex,AERGO/USDT:USDT,0.13307,795.0,0.13306,935.0,0.1332,184.0,0.13321,525.0
1753592254339,04:57:34.339,phemex,AERGO/USDT:USDT,0.13308,181.0,0.13307,795.0,0.1332,184.0,0.13321,525.0
1753592256837,04:57:36.837,phemex,AERGO/USDT:USDT,0.13308,181.0,0.13307,795.0,0.1332,184.0,0.13321,525.0
1753592256886,04:57:36.886,phemex,AERGO/USDT:USDT,0.13308,181.0,0.13307,795.0,0.1332,184.0,0.13321,525.0
1753592257314,04:57:37.314,phemex,AERGO/USDT:USDT,0.13308,181.0,0.13307,1627.0,0.13314,757.0,0.13316,977.0
1753592257337,04:57:37.337,phemex,AERGO/USDT:USDT,0.13308,181.0,0.13307,1627.0,0.13313,181.0,0.13314,757.0
1753592257352,04:57:37.352,phemex,AERGO/USDT:USDT,0.13308,181.0,0.13307,1627.0,0.13313,181.0,0.13314,757.0
1753592259826,04:57:39.826,phemex,AERGO/USDT:USDT,0.13308,181.0,0.13307,1627.0,0.13313,181.0,0.13314,757.0
1753592264414,04:57:44.414,phemex,AERGO/USDT:USDT,0.13308,181.0,0.13307,1627.0,0.13313,181.0,0.13314,757.0
1753592266615,04:57:46.615,phemex,AERGO/USDT:USDT,0.13304,187.0,0.13302,184.0,0.13313,181.0,0.13314,757.0
1753592266619,04:57:46.619,phemex,AERGO/USDT:USDT,0.13302,184.0,0.133,181.0,0.13313,181.0,0.13314,757.0
1753592266654,04:57:46.654,phemex,AERGO/USDT:USDT,0.13295,3883.0,0.13292,183.0,0.13313,181.0,0.13314,757.0
1753592266696,04:57:46.696,phemex,AERGO/USDT:USDT,0.13298,188.0,0.13294,1701.0,0.13313,181.0,0.13314,757.0
1753592266708,04:57:46.708,phemex,AERGO/USDT:USDT,0.13298,188.0,0.13294,852.0,0.13313,181.0,0.13314,757.0
1753592266745,04:57:46.745,phemex,AERGO/USDT:USDT,0.13298,188.0,0.13294,1040.0,0.13313,181.0,0.13314,757.0
1753592266793,04:57:46.793,phemex,AERGO/USDT:USDT,0.13294,188.0,0.13292,970.0,0.13313,181.0,0.13314,757.0
1753592266802,04:57:46.802,phemex,AERGO/USDT:USDT,0.13294,188.0,0.13292,970.0,0.13313,181.0,0.13314,757.0
1753592266813,04:57:46.813,phemex,AERGO/USDT:USDT,0.13294,188.0,0.13292,970.0,0.13313,181.0,0.13314,757.0
1753592266871,04:57:46.871,phemex,AERGO/USDT:USDT,0.13294,188.0,0.13292,970.0,0.13313,181.0,0.13314,757.0
1753592266874,04:57:46.874,phemex,AERGO/USDT:USDT,0.13294,188.0,0.13292,970.0,0.13313,181.0,0.13314,757.0
1753592268774,04:57:48.774,phemex,AERGO/USDT:USDT,0.13294,188.0,0.13292,970.0,0.13313,181.0,0.13314,757.0
1753592268802,04:57:48.802,phemex,AERGO/USDT:USDT,0.13294,188.0,0.13292,970.0,0.13313,181.0,0.13314,757.0
1753592271865,04:57:51.865,phemex,AERGO/USDT:USDT,0.13295,1002.0,0.13294,188.0,0.13301,1776.0,0.13303,1531.0
1753592271877,04:57:51.877,phemex,AERGO/USDT:USDT,0.13295,1002.0,0.13294,188.0,0.133,188.0,0.13301,1776.0
1753592271896,04:57:51.896,phemex,AERGO/USDT:USDT,0.13296,188.0,0.13295,1002.0,0.133,188.0,0.13301,1776.0
1753592272028,04:57:52.028,phemex,AERGO/USDT:USDT,0.13294,188.0,0.13293,866.0,0.133,188.0,0.13301,1776.0
1753592272184,04:57:52.184,phemex,AERGO/USDT:USDT,0.13293,866.0,0.13292,1193.0,0.133,188.0,0.13301,1776.0
1753592272271,04:57:52.271,phemex,AERGO/USDT:USDT,0.13293,866.0,0.13292,1193.0,0.133,188.0,0.13301,1776.0
1753592272307,04:57:52.307,phemex,AERGO/USDT:USDT,0.13294,188.0,0.13293,866.0,0.133,188.0,0.13301,1776.0
1753592272694,04:57:52.694,phemex,AERGO/USDT:USDT,0.13293,866.0,0.13292,1193.0,0.133,188.0,0.13301,1776.0
1753592273633,04:57:53.633,phemex,AERGO/USDT:USDT,0.13292,1193.0,0.13291,1067.0,0.133,188.0,0.13301,1776.0
1753592273697,04:57:53.697,phemex,AERGO/USDT:USDT,0.13293,188.0,0.13292,1010.0,0.133,188.0,0.13301,1776.0
1753592274660,04:57:54.660,phemex,AERGO/USDT:USDT,0.13293,188.0,0.13292,1010.0,0.133,188.0,0.13301,1776.0
1753592277148,04:57:57.148,phemex,AERGO/USDT:USDT,0.13293,188.0,0.13292,1010.0,0.13297,896.0,0.13298,944.0
1753592277170,04:57:57.170,phemex,AERGO/USDT:USDT,0.13293,1259.0,0.13292,1010.0,0.13296,188.0,0.13297,896.0
1753592277538,04:57:57.538,phemex,AERGO/USDT:USDT,0.13293,1259.0,0.13292,1010.0,0.13296,188.0,0.13297,896.0
1753592277573,04:57:57.573,phemex,AERGO/USDT:USDT,0.13293,1259.0,0.13292,1010.0,0.13296,188.0,0.13297,896.0
1753592277806,04:57:57.806,phemex,AERGO/USDT:USDT,0.13294,188.0,0.13293,1071.0,0.13296,188.0,0.13297,896.0
1753592277839,04:57:57.839,phemex,AERGO/USDT:USDT,0.13294,188.0,0.13293,1071.0,0.13297,896.0,0.13298,944.0
1753592280009,04:58:00.009,phemex,AERGO/USDT:USDT,0.13294,188.0,0.13293,1071.0,0.13297,896.0,0.13298,944.0
1753592280328,04:58:00.328,phemex,AERGO/USDT:USDT,0.13294,188.0,0.13293,1071.0,0.13301,1776.0,0.13304,188.0
1753592280352,04:58:00.352,phemex,AERGO/USDT:USDT,0.13294,188.0,0.13293,1071.0,0.13301,1776.0,0.13304,188.0
1753592280380,04:58:00.380,phemex,AERGO/USDT:USDT,0.13294,188.0,0.13293,1071.0,0.13304,1255.0,0.13306,188.0
1753592280383,04:58:00.383,phemex,AERGO/USDT:USDT,0.13294,188.0,0.13293,1071.0,0.13304,1255.0,0.13306,188.0
1753592280472,04:58:00.472,phemex,AERGO/USDT:USDT,0.13294,188.0,0.13293,1071.0,0.13304,1067.0,0.13308,188.0
1753592280494,04:58:00.494,phemex,AERGO/USDT:USDT,0.13294,188.0,0.13293,1071.0,0.13304,1067.0,0.13308,188.0
1753592280792,04:58:00.792,phemex,AERGO/USDT:USDT,0.13294,188.0,0.13293,1071.0,0.13304,1067.0,0.13308,188.0
1753592281786,04:58:01.786,phemex,AERGO/USDT:USDT,0.13294,188.0,0.13293,1071.0,0.13308,188.0,0.1331,2436.0
1753592282671,04:58:02.671,phemex,AERGO/USDT:USDT,0.133,184.0,0.13299,652.0,0.13308,188.0,0.1331,2436.0
1753592283177,04:58:03.177,phemex,AERGO/USDT:USDT,0.133,184.0,0.13299,652.0,0.13308,188.0,0.1331,2436.0
1753592283194,04:58:03.194,phemex,AERGO/USDT:USDT,0.133,184.0,0.13299,652.0,0.13308,188.0,0.1331,2436.0
1753592283248,04:58:03.248,phemex,AERGO/USDT:USDT,0.133,184.0,0.13299,652.0,0.13308,188.0,0.1331,2436.0
1753592285060,04:58:05.060,phemex,AERGO/USDT:USDT,0.133,184.0,0.13299,652.0,0.13308,188.0,0.1331,2436.0
1753592285138,04:58:05.138,phemex,AERGO/USDT:USDT,0.133,184.0,0.13299,652.0,0.13308,188.0,0.1331,2436.0
1753592295393,04:58:15.393,phemex,AERGO/USDT:USDT,0.13301,2008.0,0.133,184.0,0.13304,795.0,0.13305,697.0
1753592295418,04:58:15.418,phemex,AERGO/USDT:USDT,0.13302,187.0,0.13301,2008.0,0.13304,795.0,0.13305,697.0
1753592295429,04:58:15.429,phemex,AERGO/USDT:USDT,0.13302,187.0,0.13301,2008.0,0.13304,795.0,0.13305,697.0
1753592295876,04:58:15.876,phemex,AERGO/USDT:USDT,0.13302,187.0,0.13301,2008.0,0.13308,1110.0,0.13309,688.0
1753592295911,04:58:15.911,phemex,AERGO/USDT:USDT,0.13302,187.0,0.13301,2008.0,0.13307,187.0,0.13308,922.0
1753592297219,04:58:17.219,phemex,AERGO/USDT:USDT,0.13302,187.0,0.13301,2008.0,0.13307,187.0,0.13308,922.0
1753592297234,04:58:17.234,phemex,AERGO/USDT:USDT,0.13302,187.0,0.13301,2008.0,0.13307,187.0,0.13308,922.0
1753592297435,04:58:17.435,phemex,AERGO/USDT:USDT,0.13302,187.0,0.13301,2008.0,0.13308,922.0,0.13309,688.0
1753592298009,04:58:18.009,phemex,AERGO/USDT:USDT,0.13302,187.0,0.13301,2008.0,0.13308,922.0,0.13309,688.0
1753592298059,04:58:18.059,phemex,AERGO/USDT:USDT,0.13302,187.0,0.13301,2008.0,0.13308,922.0,0.13309,688.0
1753592298088,04:58:18.088,phemex,AERGO/USDT:USDT,0.13302,187.0,0.13301,2008.0,0.13308,922.0,0.13309,688.0
1753592298256,04:58:18.256,phemex,AERGO/USDT:USDT,0.13302,187.0,0.13301,2008.0,0.13308,922.0,0.13309,688.0
1753592298259,04:58:18.259,phemex,AERGO/USDT:USDT,0.13302,187.0,0.13301,2008.0,0.13308,922.0,0.13309,688.0
1753592298299,04:58:18.299,phemex,AERGO/USDT:USDT,0.13302,187.0,0.13301,2008.0,0.13308,922.0,0.13309,688.0
1753592298486,04:58:18.486,phemex,AERGO/USDT:USDT,0.13302,187.0,0.13301,2008.0,0.13308,922.0,0.13309,688.0
1753592298525,04:58:18.525,phemex,AERGO/USDT:USDT,0.13302,187.0,0.13301,2008.0,0.13308,922.0,0.13309,688.0
1753592299399,04:58:19.399,phemex,AERGO/USDT:USDT,0.13302,187.0,0.13301,2008.0,0.13308,922.0,0.13309,688.0
1753592301072,04:58:21.072,phemex,AERGO/USDT:USDT,0.13302,187.0,0.13301,2008.0,0.13308,922.0,0.13309,688.0
1753592301262,04:58:21.262,phemex,AERGO/USDT:USDT,0.13302,187.0,0.13301,2008.0,0.13308,922.0,0.13309,688.0
1753592301281,04:58:21.281,phemex,AERGO/USDT:USDT,0.13302,187.0,0.13301,2008.0,0.13308,922.0,0.13309,688.0
1753592302613,04:58:22.613,phemex,AERGO/USDT:USDT,0.13302,187.0,0.13301,2008.0,0.13307,189.0,0.13308,922.0
1753592304014,04:58:24.014,phemex,AERGO/USDT:USDT,0.13302,187.0,0.13301,2008.0,0.13307,189.0,0.13308,922.0
1753592304241,04:58:24.241,phemex,AERGO/USDT:USDT,0.13302,187.0,0.13301,2008.0,0.13307,189.0,0.13308,922.0
1753592304274,04:58:24.274,phemex,AERGO/USDT:USDT,0.13302,187.0,0.13301,2008.0,0.13307,189.0,0.13308,922.0
1753592304332,04:58:24.332,phemex,AERGO/USDT:USDT,0.13302,187.0,0.13301,2008.0,0.13307,189.0,0.13308,922.0
1753592304345,04:58:24.345,phemex,AERGO/USDT:USDT,0.13302,187.0,0.13301,2008.0,0.13307,189.0,0.13308,922.0
1753592307798,04:58:27.798,phemex,AERGO/USDT:USDT,0.13302,187.0,0.13301,2008.0,0.13308,922.0,0.13309,688.0
1753592307798,04:58:27.798,phemex,AERGO/USDT:USDT,0.13302,187.0,0.13301,2008.0,0.13308,922.0,0.13309,688.0
1753592309581,04:58:29.581,phemex,AERGO/USDT:USDT,0.13302,187.0,0.13301,2008.0,0.13309,688.0,0.13313,181.0
1753592309596,04:58:29.596,phemex,AERGO/USDT:USDT,0.13302,187.0,0.13301,2008.0,0.13308,189.0,0.13309,688.0
1753592310016,04:58:30.016,phemex,AERGO/USDT:USDT,0.13302,187.0,0.13301,2008.0,0.13308,189.0,0.13309,688.0
1753592310063,04:58:30.063,phemex,AERGO/USDT:USDT,0.13302,187.0,0.13301,2008.0,0.13308,189.0,0.13309,688.0
1753592310148,04:58:30.148,phemex,AERGO/USDT:USDT,0.13302,187.0,0.13301,2008.0,0.13308,189.0,0.13309,688.0
1753592310360,04:58:30.360,phemex,AERGO/USDT:USDT,0.13302,187.0,0.13301,2008.0,0.13309,688.0,0.13313,181.0
1753592310383,04:58:30.383,phemex,AERGO/USDT:USDT,0.13302,187.0,0.13301,2008.0,0.13309,688.0,0.13313,181.0
1753592312719,04:58:32.719,phemex,AERGO/USDT:USDT,0.13305,1493.0,0.13302,187.0,0.13309,688.0,0.1331,1046.0
1753592312738,04:58:32.738,phemex,AERGO/USDT:USDT,0.13306,186.0,0.13305,1493.0,0.13309,688.0,0.1331,1046.0
1753592312879,04:58:32.879,phemex,AERGO/USDT:USDT,0.13306,186.0,0.13305,1493.0,0.13311,1734.0,0.13313,181.0
1753592312904,04:58:32.904,phemex,AERGO/USDT:USDT,0.13306,186.0,0.13305,1493.0,0.13311,1734.0,0.13313,181.0
1753592313270,04:58:33.270,phemex,AERGO/USDT:USDT,0.13306,186.0,0.13305,1493.0,0.13311,1734.0,0.13315,181.0
1753592313306,04:58:33.306,phemex,AERGO/USDT:USDT,0.13306,186.0,0.13305,1493.0,0.13311,1734.0,0.13315,181.0
1753592314039,04:58:34.039,phemex,AERGO/USDT:USDT,0.13306,186.0,0.13305,1493.0,0.1331,186.0,0.13311,1734.0
1753592314496,04:58:34.496,phemex,AERGO/USDT:USDT,0.13306,186.0,0.13305,1493.0,0.13311,1734.0,0.13315,181.0
1753592314531,04:58:34.531,phemex,AERGO/USDT:USDT,0.13306,186.0,0.13305,1493.0,0.13311,1734.0,0.13315,181.0
1753592315645,04:58:35.645,phemex,AERGO/USDT:USDT,0.13306,186.0,0.13305,1493.0,0.13315,181.0,0.13316,2208.0
1753592315678,04:58:35.678,phemex,AERGO/USDT:USDT,0.13306,186.0,0.13305,1493.0,0.13314,186.0,0.13316,2208.0
1753592323381,04:58:43.381,phemex,AERGO/USDT:USDT,0.13306,863.0,0.13305,1493.0,0.1331,749.0,0.13312,616.0
1753592323403,04:58:43.403,phemex,AERGO/USDT:USDT,0.13307,186.0,0.13306,677.0,0.1331,749.0,0.13312,616.0
1753592323433,04:58:43.433,phemex,AERGO/USDT:USDT,0.13307,186.0,0.13306,677.0,0.1331,749.0,0.13312,616.0
1753592326020,04:58:46.020,phemex,AERGO/USDT:USDT,0.13307,186.0,0.13306,677.0,0.13312,616.0,0.13314,1178.0
1753592328758,04:58:48.758,phemex,AERGO/USDT:USDT,0.13307,186.0,0.13306,677.0,0.13314,1178.0,0.13315,944.0
1753592328793,04:58:48.793,phemex,AERGO/USDT:USDT,0.13307,186.0,0.13306,677.0,0.13313,186.0,0.13314,992.0
1753592328851,04:58:48.851,phemex,AERGO/USDT:USDT,0.13307,186.0,0.13306,677.0,0.13313,186.0,0.13314,992.0
1753592338944,04:58:58.944,phemex,AERGO/USDT:USDT,0.13307,186.0,0.13306,677.0,0.13311,731.0,0.13312,794.0
1753592338976,04:58:58.976,phemex,AERGO/USDT:USDT,0.13307,186.0,0.13306,677.0,0.13311,731.0,0.13312,794.0
1753592339425,04:58:59.425,phemex,AERGO/USDT:USDT,0.13307,186.0,0.13306,677.0,0.13311,731.0,0.13312,794.0
1753592342507,04:59:02.507,phemex,AERGO/USDT:USDT,0.13307,186.0,0.13306,677.0,0.13312,794.0,0.13313,186.0
1753592342532,04:59:02.532,phemex,AERGO/USDT:USDT,0.13307,186.0,0.13306,677.0,0.13312,794.0,0.13313,186.0
1753592342894,04:59:02.894,phemex,AERGO/USDT:USDT,0.13307,186.0,0.13306,677.0,0.13313,186.0,0.13314,992.0
1753592342935,04:59:02.935,phemex,AERGO/USDT:USDT,0.13307,186.0,0.13306,677.0,0.13313,186.0,0.13314,992.0
1753592349810,04:59:09.810,phemex,AERGO/USDT:USDT,0.13307,186.0,0.13306,677.0,0.13313,1724.0,0.13314,992.0
1753592349854,04:59:09.854,phemex,AERGO/USDT:USDT,0.13307,186.0,0.13306,677.0,0.13312,187.0,0.13313,1538.0
1753592351197,04:59:11.197,phemex,AERGO/USDT:USDT,0.13307,186.0,0.13306,677.0,0.13312,187.0,0.13313,1538.0
1753592351223,04:59:11.223,phemex,AERGO/USDT:USDT,0.13307,186.0,0.13306,677.0,0.13312,187.0,0.13313,1538.0
1753592368519,04:59:28.519,phemex,AERGO/USDT:USDT,0.13307,186.0,0.13306,677.0,0.13313,1538.0,0.13314,992.0
1753592368662,04:59:28.662,phemex,AERGO/USDT:USDT,0.13307,186.0,0.13306,677.0,0.13313,1538.0,0.13314,992.0
1753592368662,04:59:28.662,phemex,AERGO/USDT:USDT,0.13307,186.0,0.13306,677.0,0.13313,1538.0,0.13314,992.0
1753592369556,04:59:29.556,phemex,AERGO/USDT:USDT,0.13307,186.0,0.13306,677.0,0.13312,185.0,0.13313,1538.0
1753592370315,04:59:30.315,phemex,AERGO/USDT:USDT,0.13307,186.0,0.13306,677.0,0.13312,185.0,0.13313,1538.0
1753592370316,04:59:30.316,phemex,AERGO/USDT:USDT,0.13307,186.0,0.13306,677.0,0.13313,1538.0,0.13314,992.0
1753592370374,04:59:30.374,phemex,AERGO/USDT:USDT,0.13307,186.0,0.13306,677.0,0.13313,1538.0,0.13314,992.0
1753592371014,04:59:31.014,phemex,AERGO/USDT:USDT,0.13307,186.0,0.13306,677.0,0.13313,353.0,0.13314,992.0
1753592371036,04:59:31.036,phemex,AERGO/USDT:USDT,0.13307,186.0,0.13306,677.0,0.13313,538.0,0.13314,992.0
1753592372785,04:59:32.785,phemex,AERGO/USDT:USDT,0.13307,186.0,0.13306,677.0,0.13313,185.0,0.13314,992.0
1753592376658,04:59:36.658,phemex,AERGO/USDT:USDT,0.13308,814.0,0.13307,186.0,0.13313,990.0,0.13314,1689.0
1753592376678,04:59:36.678,phemex,AERGO/USDT:USDT,0.13309,183.0,0.13308,814.0,0.13313,990.0,0.13314,1689.0
1753592376978,04:59:36.978,phemex,AERGO/USDT:USDT,0.13307,186.0,0.13306,677.0,0.13312,183.0,0.13313,805.0
1753592377001,04:59:37.001,phemex,AERGO/USDT:USDT,0.13307,186.0,0.13306,677.0,0.13312,183.0,0.13313,805.0
1753592379062,04:59:39.062,phemex,AERGO/USDT:USDT,0.13307,186.0,0.13306,677.0,0.13312,183.0,0.13313,805.0
1753592380247,04:59:40.247,phemex,AERGO/USDT:USDT,0.13307,186.0,0.13306,677.0,0.13313,805.0,0.13314,1689.0
1753592380280,04:59:40.280,phemex,AERGO/USDT:USDT,0.13307,186.0,0.13306,677.0,0.13313,805.0,0.13314,1689.0
1753592380328,04:59:40.328,phemex,AERGO/USDT:USDT,0.13307,186.0,0.13306,677.0,0.13312,183.0,0.13313,805.0
1753592381506,04:59:41.506,phemex,AERGO/USDT:USDT,0.13307,186.0,0.13306,677.0,0.13315,944.0,0.13317,186.0
1753592382011,04:59:42.011,phemex,AERGO/USDT:USDT,0.13307,186.0,0.13306,677.0,0.13315,944.0,0.13317,186.0
1753592382138,04:59:42.138,phemex,AERGO/USDT:USDT,0.13308,2057.0,0.13307,186.0,0.13315,944.0,0.13317,186.0
1753592382153,04:59:42.153,phemex,AERGO/USDT:USDT,0.13309,183.0,0.13308,2057.0,0.13315,944.0,0.13317,186.0
1753592384166,04:59:44.166,phemex,AERGO/USDT:USDT,0.13309,183.0,0.13308,2057.0,0.13315,194.0,0.13317,186.0
1753592384839,04:59:44.839,phemex,AERGO/USDT:USDT,0.13309,183.0,0.13308,2057.0,0.13315,194.0,0.13317,186.0
1753592388009,04:59:48.009,phemex,AERGO/USDT:USDT,0.13309,183.0,0.13308,2057.0,0.13315,194.0,0.13317,186.0
1753592388042,04:59:48.042,phemex,AERGO/USDT:USDT,0.13309,183.0,0.13308,2057.0,0.13315,194.0,0.13317,186.0
1753592388119,04:59:48.119,phemex,AERGO/USDT:USDT,0.13309,183.0,0.13308,2057.0,0.13315,4.0,0.13317,186.0
1753592392067,04:59:52.067,phemex,AERGO/USDT:USDT,0.13309,183.0,0.13308,2057.0,0.13315,185.0,0.13317,186.0
1753592392093,04:59:52.093,phemex,AERGO/USDT:USDT,0.13309,183.0,0.13308,2057.0,0.13315,4.0,0.13317,186.0
1753592394330,04:59:54.330,phemex,AERGO/USDT:USDT,0.13309,183.0,0.13307,186.0,0.13315,4.0,0.13316,931.0
1753592394355,04:59:54.355,phemex,AERGO/USDT:USDT,0.13309,873.0,0.13307,186.0,0.13315,4.0,0.13316,931.0
1753592394515,04:59:54.515,phemex,AERGO/USDT:USDT,0.1331,181.0,0.13309,873.0,0.13315,4.0,0.13316,931.0
1753592394588,04:59:54.588,phemex,AERGO/USDT:USDT,0.1331,181.0,0.13309,873.0,0.13315,4.0,0.13316,931.0
1753592394611,04:59:54.611,phemex,AERGO/USDT:USDT,0.1331,181.0,0.13309,873.0,0.13315,4.0,0.13316,931.0
1753592395557,04:59:55.557,phemex,AERGO/USDT:USDT,0.1331,181.0,0.13309,873.0,0.13315,185.0,0.13316,931.0
1753592395588,04:59:55.588,phemex,AERGO/USDT:USDT,0.1331,181.0,0.13309,873.0,0.13315,4.0,0.13316,931.0
1753592396775,04:59:56.775,phemex,AERGO/USDT:USDT,0.1331,181.0,0.13309,873.0,0.13315,4.0,0.13316,931.0
1753592399134,04:59:59.134,phemex,AERGO/USDT:USDT,0.1331,181.0,0.13309,873.0,0.13315,185.0,0.13316,931.0
1753592399498,04:59:59.498,phemex,AERGO/USDT:USDT,0.13313,664.0,0.13312,694.0,0.13315,185.0,0.13316,1790.0
1753592399516,04:59:59.516,phemex,AERGO/USDT:USDT,0.13313,664.0,0.13312,694.0,0.13315,4.0,0.13316,1790.0
1753592399966,04:59:59.966,phemex,AERGO/USDT:USDT,0.13313,664.0,0.13312,694.0,0.13315,185.0,0.13316,1790.0
1753592400159,05:00:00.159,phemex,AERGO/USDT:USDT,0.13313,664.0,0.13312,694.0,0.13315,185.0,0.13316,1790.0
1753592400164,05:00:00.164,phemex,AERGO/USDT:USDT,0.13313,664.0,0.13312,694.0,0.13315,185.0,0.13316,1790.0
1753592400247,05:00:00.247,phemex,AERGO/USDT:USDT,0.13313,664.0,0.13312,694.0,0.13315,4.0,0.13316,1790.0
1753592401710,05:00:01.710,phemex,AERGO/USDT:USDT,0.13314,189.0,0.13313,664.0,0.13315,4.0,0.13316,1790.0
1753592401772,05:00:01.772,phemex,AERGO/USDT:USDT,0.13314,189.0,0.13313,664.0,0.13315,4.0,0.13316,1790.0
1753592402393,05:00:02.393,phemex,AERGO/USDT:USDT,0.13314,189.0,0.13313,664.0,0.13315,4.0,0.13316,1790.0
1753592402447,05:00:02.447,phemex,AERGO/USDT:USDT,0.13314,189.0,0.13313,664.0,0.13315,4.0,0.13316,1790.0
1753592402509,05:00:02.509,phemex,AERGO/USDT:USDT,0.13313,664.0,0.13312,883.0,0.13315,4.0,0.13316,1790.0
1753592402713,05:00:02.713,phemex,AERGO/USDT:USDT,0.13313,664.0,0.13312,883.0,0.13315,193.0,0.13316,1790.0
1753592402799,05:00:02.799,phemex,AERGO/USDT:USDT,0.13313,664.0,0.13312,883.0,0.13315,193.0,0.13316,1790.0
1753592404235,05:00:04.235,phemex,AERGO/USDT:USDT,0.13313,664.0,0.13312,883.0,0.13315,4.0,0.13316,1790.0
1753592404763,05:00:04.763,phemex,AERGO/USDT:USDT,0.13313,504.0,0.13312,883.0,0.13315,4.0,0.13316,1790.0
1753592405477,05:00:05.477,phemex,AERGO/USDT:USDT,0.13313,504.0,0.13312,883.0,0.13315,193.0,0.13316,1790.0
1753592405868,05:00:05.868,phemex,AERGO/USDT:USDT,0.13314,189.0,0.13313,504.0,0.13315,193.0,0.13317,189.0
1753592405871,05:00:05.871,phemex,AERGO/USDT:USDT,0.13314,189.0,0.13313,504.0,0.13316,662.0,0.13317,189.0
1753592405879,05:00:05.879,phemex,AERGO/USDT:USDT,0.13313,504.0,0.13312,883.0,0.13316,662.0,0.13317,189.0
1753592405942,05:00:05.942,phemex,AERGO/USDT:USDT,0.13313,504.0,0.13312,883.0,0.13316,662.0,0.13317,189.0
1753592407029,05:00:07.029,phemex,AERGO/USDT:USDT,0.13314,189.0,0.13313,504.0,0.13316,662.0,0.13317,189.0
1753592408101,05:00:08.101,phemex,AERGO/USDT:USDT,0.13314,189.0,0.13313,504.0,0.13316,662.0,0.13317,189.0
1753592408133,05:00:08.133,phemex,AERGO/USDT:USDT,0.13314,189.0,0.13313,504.0,0.13316,662.0,0.13317,189.0
1753592408338,05:00:08.338,phemex,AERGO/USDT:USDT,0.13314,189.0,0.13313,504.0,0.13317,838.0,0.13318,2667.0
1753592408899,05:00:08.899,phemex,AERGO/USDT:USDT,0.13314,189.0,0.13313,504.0,0.13317,739.0,0.13318,2667.0
1753592409059,05:00:09.059,phemex,AERGO/USDT:USDT,0.13314,189.0,0.13313,504.0,0.13318,1042.0,0.13322,184.0
1753592409076,05:00:09.076,phemex,AERGO/USDT:USDT,0.13314,189.0,0.13313,504.0,0.13318,1042.0,0.13322,1071.0
1753592409100,05:00:09.100,phemex,AERGO/USDT:USDT,0.13314,189.0,0.13313,504.0,0.13318,1042.0,0.1332,189.0
1753592410261,05:00:10.261,phemex,AERGO/USDT:USDT,0.13314,189.0,0.13313,504.0,0.13317,189.0,0.13318,1042.0
1753592410468,05:00:10.468,phemex,AERGO/USDT:USDT,0.13313,504.0,0.13312,883.0,0.13317,189.0,0.13318,1042.0
1753592410474,05:00:10.474,phemex,AERGO/USDT:USDT,0.13313,474.0,0.13312,883.0,0.13317,189.0,0.13318,1042.0
1753592410558,05:00:10.558,phemex,AERGO/USDT:USDT,0.13314,189.0,0.13313,474.0,0.13317,189.0,0.13318,1042.0
1753592411183,05:00:11.183,phemex,AERGO/USDT:USDT,0.13313,474.0,0.13312,883.0,0.13317,189.0,0.13318,1042.0
1753592411204,05:00:11.204,phemex,AERGO/USDT:USDT,0.13313,474.0,0.13312,883.0,0.13317,189.0,0.13318,1042.0
1753592411511,05:00:11.511,phemex,AERGO/USDT:USDT,0.13313,937.0,0.13312,883.0,0.13317,189.0,0.13318,1042.0
1753592411511,05:00:11.511,phemex,AERGO/USDT:USDT,0.13313,937.0,0.13312,883.0,0.13317,189.0,0.13318,1042.0
1753592411633,05:00:11.633,phemex,AERGO/USDT:USDT,0.13313,937.0,0.13312,883.0,0.13317,189.0,0.13318,1042.0
1753592414252,05:00:14.252,phemex,AERGO/USDT:USDT,0.13313,937.0,0.13312,883.0,0.13317,189.0,0.13318,1042.0
1753592414335,05:00:14.335,phemex,AERGO/USDT:USDT,0.13312,883.0,0.1331,1926.0,0.13317,189.0,0.13318,1042.0
1753592414358,05:00:14.358,phemex,AERGO/USDT:USDT,0.13312,883.0,0.1331,1926.0,0.13317,189.0,0.13318,1042.0
1753592414384,05:00:14.384,phemex,AERGO/USDT:USDT,0.13313,187.0,0.13312,694.0,0.13317,189.0,0.13318,1042.0
1753592414473,05:00:14.473,phemex,AERGO/USDT:USDT,0.13312,694.0,0.1331,1926.0,0.13317,189.0,0.13318,1042.0
1753592415237,05:00:15.237,phemex,AERGO/USDT:USDT,0.13313,187.0,0.13312,694.0,0.13317,189.0,0.13318,1042.0
1753592416589,05:00:16.589,phemex,AERGO/USDT:USDT,0.13312,694.0,0.1331,1926.0,0.13317,189.0,0.13318,1042.0
1753592418012,05:00:18.012,phemex,AERGO/USDT:USDT,0.13312,694.0,0.1331,1926.0,0.13317,189.0,0.13318,1042.0
1753592418050,05:00:18.050,phemex,AERGO/USDT:USDT,0.13312,694.0,0.1331,1926.0,0.13317,189.0,0.13318,1042.0
1753592418178,05:00:18.178,phemex,AERGO/USDT:USDT,0.13312,694.0,0.1331,1926.0,0.13317,189.0,0.13318,1042.0
1753592418204,05:00:18.204,phemex,AERGO/USDT:USDT,0.13312,694.0,0.1331,1926.0,0.13317,189.0,0.13318,1042.0
1753592421118,05:00:21.118,phemex,AERGO/USDT:USDT,0.13312,694.0,0.1331,1926.0,0.13317,189.0,0.13318,1042.0
1753592426457,05:00:26.457,phemex,AERGO/USDT:USDT,0.13313,183.0,0.13312,694.0,0.13317,189.0,0.13318,1042.0
1753592426490,05:00:26.490,phemex,AERGO/USDT:USDT,0.13312,694.0,0.1331,1926.0,0.13317,189.0,0.13318,1042.0
1753592426561,05:00:26.561,phemex,AERGO/USDT:USDT,0.13313,183.0,0.13312,694.0,0.13317,189.0,0.13318,1042.0
1753592426630,05:00:26.630,phemex,AERGO/USDT:USDT,0.13313,183.0,0.13312,694.0,0.13317,189.0,0.13318,1042.0
1753592432249,05:00:32.249,phemex,AERGO/USDT:USDT,0.13312,694.0,0.1331,1926.0,0.13315,612.0,0.13317,189.0
1753592432261,05:00:32.261,phemex,AERGO/USDT:USDT,0.13312,694.0,0.1331,1926.0,0.13315,612.0,0.13317,189.0
1753592432339,05:00:32.339,phemex,AERGO/USDT:USDT,0.1331,999.0,0.13309,694.0,0.13314,189.0,0.13315,612.0
1753592432362,05:00:32.362,phemex,AERGO/USDT:USDT,0.1331,818.0,0.13309,694.0,0.13314,189.0,0.13315,612.0
1753592432561,05:00:32.561,phemex,AERGO/USDT:USDT,0.1331,703.0,0.13309,694.0,0.13314,189.0,0.13315,612.0
1753592434284,05:00:34.284,phemex,AERGO/USDT:USDT,0.13311,189.0,0.1331,703.0,0.13314,189.0,0.13315,612.0
1753592434301,05:00:34.301,phemex,AERGO/USDT:USDT,0.13311,189.0,0.1331,703.0,0.13314,189.0,0.13315,612.0
1753592435610,05:00:35.610,phemex,AERGO/USDT:USDT,0.1331,703.0,0.13309,883.0,0.13314,189.0,0.13315,612.0
1753592435644,05:00:35.644,phemex,AERGO/USDT:USDT,0.1331,703.0,0.13309,883.0,0.13314,189.0,0.13315,612.0
1753592436474,05:00:36.474,phemex,AERGO/USDT:USDT,0.133,184.0,0.13299,2315.0,0.13314,189.0,0.13315,612.0
1753592436714,05:00:36.714,phemex,AERGO/USDT:USDT,0.133,184.0,0.13299,2315.0,0.13314,189.0,0.13315,612.0
1753592437021,05:00:37.021,phemex,AERGO/USDT:USDT,0.133,184.0,0.13299,2315.0,0.13314,189.0,0.13315,612.0
1753592438124,05:00:38.124,phemex,AERGO/USDT:USDT,0.133,184.0,0.13299,2315.0,0.13309,660.0,0.1331,1038.0
1753592438148,05:00:38.148,phemex,AERGO/USDT:USDT,0.133,184.0,0.13299,2315.0,0.13309,660.0,0.1331,1038.0
1753592439698,05:00:39.698,phemex,AERGO/USDT:USDT,0.133,184.0,0.13299,2315.0,0.13309,660.0,0.1331,1038.0
1753592439997,05:00:39.997,phemex,AERGO/USDT:USDT,0.133,184.0,0.13299,2315.0,0.13309,660.0,0.1331,1038.0
1753592440014,05:00:40.014,phemex,AERGO/USDT:USDT,0.133,184.0,0.13299,2315.0,0.13309,660.0,0.1331,1038.0
1753592440468,05:00:40.468,phemex,AERGO/USDT:USDT,0.133,184.0,0.13299,2315.0,0.13309,333.0,0.1331,1038.0
1753592442010,05:00:42.010,phemex,AERGO/USDT:USDT,0.133,184.0,0.13299,2315.0,0.13309,333.0,0.1331,1038.0
1753592444265,05:00:44.265,phemex,AERGO/USDT:USDT,0.13307,624.0,0.13305,641.0,0.13309,333.0,0.1331,1038.0
1753592444288,05:00:44.288,phemex,AERGO/USDT:USDT,0.13307,624.0,0.13305,826.0,0.13309,333.0,0.1331,1038.0
1753592451765,05:00:51.765,phemex,AERGO/USDT:USDT,0.13308,183.0,0.13307,624.0,0.13309,333.0,0.1331,1038.0
1753592452152,05:00:52.152,phemex,AERGO/USDT:USDT,0.13307,624.0,0.13305,826.0,0.13309,516.0,0.1331,1038.0
1753592452161,05:00:52.161,phemex,AERGO/USDT:USDT,0.13307,624.0,0.13305,826.0,0.13309,333.0,0.1331,1038.0
1753592452756,05:00:52.756,phemex,AERGO/USDT:USDT,0.13308,183.0,0.13307,624.0,0.13309,333.0,0.1331,1038.0
1753592454377,05:00:54.377,phemex,AERGO/USDT:USDT,0.13308,183.0,0.13307,624.0,0.13309,257.0,0.1331,1038.0
1753592455507,05:00:55.507,phemex,AERGO/USDT:USDT,0.13307,624.0,0.13305,826.0,0.13309,257.0,0.1331,1038.0
1753592456970,05:00:56.970,phemex,AERGO/USDT:USDT,0.13308,183.0,0.13307,624.0,0.13309,257.0,0.1331,1038.0
1753592457087,05:00:57.087,phemex,AERGO/USDT:USDT,0.13307,624.0,0.13305,826.0,0.13309,257.0,0.1331,1038.0
1753592457167,05:00:57.167,phemex,AERGO/USDT:USDT,0.13305,826.0,0.13304,686.0,0.13309,943.0,0.1331,1933.0
1753592457189,05:00:57.189,phemex,AERGO/USDT:USDT,0.13306,183.0,0.13305,641.0,0.13309,943.0,0.1331,1933.0
1753592457825,05:00:57.825,phemex,AERGO/USDT:USDT,0.13306,183.0,0.13305,641.0,0.13309,943.0,0.1331,1933.0
1753592459212,05:00:59.212,phemex,AERGO/USDT:USDT,0.13306,183.0,0.13305,641.0,0.13309,903.0,0.1331,1933.0
1753592462856,05:01:02.856,phemex,AERGO/USDT:USDT,0.13306,183.0,0.13305,641.0,0.13309,1878.0,0.13311,884.0
1753592462888,05:01:02.888,phemex,AERGO/USDT:USDT,0.13306,183.0,0.13305,641.0,0.13309,1878.0,0.13311,884.0
1753592462890,05:01:02.890,phemex,AERGO/USDT:USDT,0.13306,183.0,0.13305,641.0,0.13309,1878.0,0.13311,884.0
1753592463532,05:01:03.532,phemex,AERGO/USDT:USDT,0.13306,183.0,0.13305,641.0,0.13309,1878.0,0.13311,884.0
1753592463550,05:01:03.550,phemex,AERGO/USDT:USDT,0.13306,183.0,0.13305,641.0,0.13309,1878.0,0.13311,884.0
1753592468391,05:01:08.391,phemex,AERGO/USDT:USDT,0.13306,183.0,0.13305,641.0,0.13309,1878.0,0.13311,1523.0
1753592468545,05:01:08.545,phemex,AERGO/USDT:USDT,0.13306,183.0,0.13305,641.0,0.13309,1878.0,0.13311,1523.0
1753592468867,05:01:08.867,phemex,AERGO/USDT:USDT,0.13305,641.0,0.13304,686.0,0.13308,187.0,0.13309,1878.0
1753592468934,05:01:08.934,phemex,AERGO/USDT:USDT,0.13305,641.0,0.13304,686.0,0.13308,187.0,0.13309,1878.0
1753592469846,05:01:09.846,phemex,AERGO/USDT:USDT,0.13305,491.0,0.13304,686.0,0.13308,187.0,0.13309,1878.0
1753592469920,05:01:09.920,phemex,AERGO/USDT:USDT,0.13305,491.0,0.13304,686.0,0.13308,187.0,0.13309,1878.0
1753592469921,05:01:09.921,phemex,AERGO/USDT:USDT,0.13305,876.0,0.13304,686.0,0.13308,187.0,0.13309,1878.0
1753592472728,05:01:12.728,phemex,AERGO/USDT:USDT,0.13305,876.0,0.13304,686.0,0.13308,187.0,0.13309,1878.0
1753592472754,05:01:12.754,phemex,AERGO/USDT:USDT,0.13305,876.0,0.13304,686.0,0.13308,187.0,0.13309,1878.0
1753592473482,05:01:13.482,phemex,AERGO/USDT:USDT,0.13305,876.0,0.13304,686.0,0.13308,187.0,0.13309,1878.0
1753592476645,05:01:16.645,phemex,AERGO/USDT:USDT,0.13305,876.0,0.13304,686.0,0.13308,187.0,0.13309,1878.0
1753592476712,05:01:16.712,phemex,AERGO/USDT:USDT,0.133,184.0,0.13298,187.0,0.13308,187.0,0.13309,1878.0
1753592476722,05:01:16.722,phemex,AERGO/USDT:USDT,0.13298,187.0,0.13296,187.0,0.13308,187.0,0.13309,1878.0
1753592476767,05:01:16.767,phemex,AERGO/USDT:USDT,0.13296,187.0,0.13294,2158.0,0.13308,187.0,0.13309,1878.0
1753592478010,05:01:18.010,phemex,AERGO/USDT:USDT,0.13296,187.0,0.13294,2158.0,0.13308,187.0,0.13309,1878.0
1753592478036,05:01:18.036,phemex,AERGO/USDT:USDT,0.13296,187.0,0.13294,2158.0,0.13308,187.0,0.13309,1878.0
1753592478051,05:01:18.051,phemex,AERGO/USDT:USDT,0.13296,187.0,0.13294,2158.0,0.13308,187.0,0.13309,1878.0
1753592478574,05:01:18.574,phemex,AERGO/USDT:USDT,0.13296,187.0,0.13294,2158.0,0.13305,1923.0,0.13307,935.0
1753592478842,05:01:18.842,phemex,AERGO/USDT:USDT,0.13296,187.0,0.13294,2158.0,0.13305,1923.0,0.13307,935.0
1753592478907,05:01:18.907,phemex,AERGO/USDT:USDT,0.13296,187.0,0.13294,2158.0,0.13305,1923.0,0.13307,935.0
1753592478998,05:01:18.998,phemex,AERGO/USDT:USDT,0.13296,187.0,0.13294,2158.0,0.13305,1923.0,0.13307,935.0
1753592479846,05:01:19.846,phemex,AERGO/USDT:USDT,0.133,189.0,0.13299,661.0,0.13304,189.0,0.13305,1923.0
1753592479972,05:01:19.972,phemex,AERGO/USDT:USDT,0.133,189.0,0.13299,661.0,0.13304,189.0,0.13305,1923.0
1753592482110,05:01:22.110,phemex,AERGO/USDT:USDT,0.133,189.0,0.13299,661.0,0.13305,1923.0,0.13307,935.0
1753592482114,05:01:22.114,phemex,AERGO/USDT:USDT,0.133,189.0,0.13299,661.0,0.13307,935.0,0.13308,939.0
1753592482140,05:01:22.140,phemex,AERGO/USDT:USDT,0.133,189.0,0.13299,661.0,0.13308,939.0,0.13309,1051.0
1753592482267,05:01:22.267,phemex,AERGO/USDT:USDT,0.133,189.0,0.13299,661.0,0.13308,939.0,0.13309,1051.0
1753592484007,05:01:24.007,phemex,AERGO/USDT:USDT,0.133,189.0,0.13299,661.0,0.13308,939.0,0.13309,1051.0
1753592484007,05:01:24.007,phemex,AERGO/USDT:USDT,0.133,189.0,0.13299,661.0,0.13308,939.0,0.13309,1051.0
1753592484072,05:01:24.072,phemex,AERGO/USDT:USDT,0.133,189.0,0.13299,661.0,0.13308,939.0,0.13309,1051.0
1753592484483,05:01:24.483,phemex,AERGO/USDT:USDT,0.133,189.0,0.13299,661.0,0.13307,185.0,0.13308,939.0
1753592484533,05:01:24.533,phemex,AERGO/USDT:USDT,0.133,189.0,0.13299,661.0,0.13308,939.0,0.13309,1051.0
1753592484598,05:01:24.598,phemex,AERGO/USDT:USDT,0.133,189.0,0.13299,661.0,0.13308,939.0,0.13309,1051.0
1753592484989,05:01:24.989,phemex,AERGO/USDT:USDT,0.133,1224.0,0.13299,661.0,0.13308,939.0,0.13309,1051.0
1753592485001,05:01:25.001,phemex,AERGO/USDT:USDT,0.13301,185.0,0.133,1035.0,0.13308,939.0,0.13309,1051.0
1753592485020,05:01:25.020,phemex,AERGO/USDT:USDT,0.13301,185.0,0.133,1035.0,0.13308,939.0,0.13309,1051.0
1753592486307,05:01:26.307,phemex,AERGO/USDT:USDT,0.13301,185.0,0.133,1035.0,0.13309,1051.0,0.1331,666.0
1753592486739,05:01:26.739,phemex,AERGO/USDT:USDT,0.13301,185.0,0.133,1035.0,0.13308,185.0,0.13309,866.0
1753592487191,05:01:27.191,phemex,AERGO/USDT:USDT,0.13301,185.0,0.133,1035.0,0.13308,185.0,0.13309,866.0
1753592487470,05:01:27.470,phemex,AERGO/USDT:USDT,0.13301,185.0,0.133,1035.0,0.13309,866.0,0.1331,666.0
1753592487593,05:01:27.593,phemex,AERGO/USDT:USDT,0.13301,185.0,0.133,1035.0,0.13308,185.0,0.13309,866.0
1753592488300,05:01:28.300,phemex,AERGO/USDT:USDT,0.13301,185.0,0.133,1035.0,0.13309,866.0,0.1331,666.0
1753592488424,05:01:28.424,phemex,AERGO/USDT:USDT,0.13301,185.0,0.133,1035.0,0.13308,185.0,0.13309,866.0
1753592488424,05:01:28.424,phemex,AERGO/USDT:USDT,0.13301,185.0,0.133,1035.0,0.13308,185.0,0.13309,866.0
1753592491668,05:01:31.668,phemex,AERGO/USDT:USDT,0.13301,185.0,0.133,1035.0,0.13309,866.0,0.1331,666.0
1753592491712,05:01:31.712,phemex,AERGO/USDT:USDT,0.13301,185.0,0.133,1035.0,0.13308,184.0,0.13309,866.0
1753592492292,05:01:32.292,phemex,AERGO/USDT:USDT,0.13301,185.0,0.133,1035.0,0.13309,866.0,0.1331,666.0
1753592492742,05:01:32.742,phemex,AERGO/USDT:USDT,0.13301,185.0,0.133,1035.0,0.13308,184.0,0.13309,866.0
1753592493104,05:01:33.104,phemex,AERGO/USDT:USDT,0.13301,185.0,0.133,1035.0,0.13309,866.0,0.1331,666.0
1753592493160,05:01:33.160,phemex,AERGO/USDT:USDT,0.13301,185.0,0.133,1035.0,0.1331,666.0,0.13311,189.0
1753592493221,05:01:33.221,phemex,AERGO/USDT:USDT,0.13301,185.0,0.133,1035.0,0.13309,184.0,0.1331,666.0
1753592498948,05:01:38.948,phemex,AERGO/USDT:USDT,0.13301,185.0,0.133,1035.0,0.1331,666.0,0.13311,189.0
1753592500910,05:01:40.910,phemex,AERGO/USDT:USDT,0.13301,185.0,0.133,1035.0,0.13309,184.0,0.1331,666.0
1753592508096,05:01:48.096,phemex,AERGO/USDT:USDT,0.13301,185.0,0.133,1035.0,0.13309,184.0,0.1331,666.0
1753592508150,05:01:48.150,phemex,AERGO/USDT:USDT,0.13301,185.0,0.133,1035.0,0.1331,666.0,0.13311,189.0
1753592508216,05:01:48.216,phemex,AERGO/USDT:USDT,0.13301,185.0,0.133,1035.0,0.1331,666.0,0.13311,189.0
1753592508312,05:01:48.312,phemex,AERGO/USDT:USDT,0.13301,185.0,0.133,1035.0,0.13309,185.0,0.1331,666.0
1753592509056,05:01:49.056,phemex,AERGO/USDT:USDT,0.13301,185.0,0.133,1035.0,0.1331,666.0,0.13311,189.0
1753592509301,05:01:49.301,phemex,AERGO/USDT:USDT,0.13301,185.0,0.133,1035.0,0.13309,185.0,0.1331,666.0
1753592510974,05:01:50.974,phemex,AERGO/USDT:USDT,0.13301,185.0,0.133,1035.0,0.13306,673.0,0.13309,1075.0
1753592511310,05:01:51.310,phemex,AERGO/USDT:USDT,0.13301,185.0,0.133,1035.0,0.13305,185.0,0.13306,673.0
1753592511355,05:01:51.355,phemex,AERGO/USDT:USDT,0.13301,185.0,0.133,1035.0,0.13306,673.0,0.13309,1075.0
1753592511426,05:01:51.426,phemex,AERGO/USDT:USDT,0.13301,185.0,0.133,1035.0,0.13305,183.0,0.13306,673.0
1753592511543,05:01:51.543,phemex,AERGO/USDT:USDT,0.13301,185.0,0.133,1035.0,0.13306,673.0,0.13307,185.0
1753592514775,05:01:54.775,phemex,AERGO/USDT:USDT,0.13301,185.0,0.133,1035.0,0.13307,185.0,0.13309,1075.0
1753592514795,05:01:54.795,phemex,AERGO/USDT:USDT,0.13301,185.0,0.133,1035.0,0.13307,185.0,0.13309,1075.0
1753592517937,05:01:57.937,phemex,AERGO/USDT:USDT,0.133,1035.0,0.13299,846.0,0.13307,185.0,0.13308,670.0
1753592518237,05:01:58.237,phemex,AERGO/USDT:USDT,0.13301,183.0,0.133,1035.0,0.13307,185.0,0.13308,670.0
1753592518259,05:01:58.259,phemex,AERGO/USDT:USDT,0.133,1035.0,0.13299,846.0,0.13307,185.0,0.13308,670.0
1753592518527,05:01:58.527,phemex,AERGO/USDT:USDT,0.13301,183.0,0.133,1035.0,0.13307,185.0,0.13308,670.0
1753592518687,05:01:58.687,phemex,AERGO/USDT:USDT,0.133,1035.0,0.13299,846.0,0.13307,185.0,0.13308,670.0
1753592520023,05:02:00.023,phemex,AERGO/USDT:USDT,0.133,1035.0,0.13299,846.0,0.13307,185.0,0.13308,670.0
1753592520024,05:02:00.024,phemex,AERGO/USDT:USDT,0.133,1035.0,0.13299,846.0,0.13307,185.0,0.13308,670.0
1753592520109,05:02:00.109,phemex,AERGO/USDT:USDT,0.13301,183.0,0.133,1035.0,0.13307,185.0,0.13308,670.0
1753592521028,05:02:01.028,phemex,AERGO/USDT:USDT,0.133,1035.0,0.13299,846.0,0.13307,185.0,0.13308,670.0
1753592521431,05:02:01.431,phemex,AERGO/USDT:USDT,0.13299,846.0,0.13298,1917.0,0.13307,185.0,0.13308,670.0
1753592521447,05:02:01.447,phemex,AERGO/USDT:USDT,0.133,184.0,0.13299,661.0,0.13307,185.0,0.13308,670.0
1753592521969,05:02:01.969,phemex,AERGO/USDT:USDT,0.13299,661.0,0.13298,1917.0,0.13307,185.0,0.13308,670.0
1753592522173,05:02:02.173,phemex,AERGO/USDT:USDT,0.13299,661.0,0.13298,1917.0,0.13307,185.0,0.13308,670.0
1753592522241,05:02:02.241,phemex,AERGO/USDT:USDT,0.13299,661.0,0.13298,1039.0,0.13307,185.0,0.13308,670.0
1753592522252,05:02:02.252,phemex,AERGO/USDT:USDT,0.13294,189.0,0.13292,189.0,0.13307,185.0,0.13308,670.0
1753592522354,05:02:02.354,phemex,AERGO/USDT:USDT,0.13294,1721.0,0.13292,189.0,0.13307,185.0,0.13308,670.0
1753592522453,05:02:02.453,phemex,AERGO/USDT:USDT,0.133,184.0,0.13294,1721.0,0.13307,185.0,0.13308,670.0
1753592522667,05:02:02.667,phemex,AERGO/USDT:USDT,0.133,184.0,0.13294,189.0,0.13307,185.0,0.13308,670.0
1753592522807,05:02:02.807,phemex,AERGO/USDT:USDT,0.133,184.0,0.13294,189.0,0.13307,185.0,0.13308,670.0
1753592522868,05:02:02.868,phemex,AERGO/USDT:USDT,0.133,184.0,0.13292,938.0,0.13307,185.0,0.13308,670.0
1753592522887,05:02:02.887,phemex,AERGO/USDT:USDT,0.13292,938.0,0.13291,867.0,0.13307,185.0,0.13308,670.0
1753592522973,05:02:02.973,phemex,AERGO/USDT:USDT,0.13293,184.0,0.13292,938.0,0.13307,185.0,0.13308,670.0
1753592523051,05:02:03.051,phemex,AERGO/USDT:USDT,0.13293,184.0,0.13292,938.0,0.13299,804.0,0.133,1038.0
1753592523057,05:02:03.057,phemex,AERGO/USDT:USDT,0.13293,184.0,0.13292,938.0,0.13298,735.0,0.13299,804.0
1753592523078,05:02:03.078,phemex,AERGO/USDT:USDT,0.13293,184.0,0.13292,938.0,0.13297,184.0,0.13298,735.0
1753592523254,05:02:03.254,phemex,AERGO/USDT:USDT,0.13293,184.0,0.13292,749.0,0.13297,184.0,0.13298,919.0
1753592523347,05:02:03.347,phemex,AERGO/USDT:USDT,0.13293,184.0,0.13292,749.0,0.13297,184.0,0.13298,919.0
1753592523511,05:02:03.511,phemex,AERGO/USDT:USDT,0.13293,184.0,0.13292,749.0,0.13297,184.0,0.13298,735.0
1753592523610,05:02:03.610,phemex,AERGO/USDT:USDT,0.13293,184.0,0.13292,749.0,0.13297,184.0,0.13298,735.0
1753592523916,05:02:03.916,phemex,AERGO/USDT:USDT,0.13293,184.0,0.13292,749.0,0.13297,184.0,0.13298,735.0
1753592525683,05:02:05.683,phemex,AERGO/USDT:USDT,0.13293,184.0,0.13292,749.0,0.13297,184.0,0.13298,735.0
1753592525723,05:02:05.723,phemex,AERGO/USDT:USDT,0.13293,184.0,0.13292,749.0,0.13297,184.0,0.13298,735.0
1753592526019,05:02:06.019,phemex,AERGO/USDT:USDT,0.13293,184.0,0.13292,749.0,0.13297,184.0,0.13298,735.0
1753592526022,05:02:06.022,phemex,AERGO/USDT:USDT,0.13293,184.0,0.13292,749.0,0.13297,184.0,0.13298,735.0
1753592526533,05:02:06.533,phemex,AERGO/USDT:USDT,0.13293,184.0,0.13292,749.0,0.13297,184.0,0.13298,735.0
1753592526587,05:02:06.587,phemex,AERGO/USDT:USDT,0.13293,184.0,0.13292,749.0,0.13297,184.0,0.13298,735.0
1753592528738,05:02:08.738,phemex,AERGO/USDT:USDT,0.13292,749.0,0.13291,867.0,0.13297,184.0,0.13298,735.0
1753592528773,05:02:08.773,phemex,AERGO/USDT:USDT,0.13292,749.0,0.13291,867.0,0.13297,184.0,0.13298,735.0
1753592529245,05:02:09.245,phemex,AERGO/USDT:USDT,0.13293,184.0,0.13292,749.0,0.13297,184.0,0.13298,735.0
1753592529285,05:02:09.285,phemex,AERGO/USDT:USDT,0.13293,184.0,0.13292,749.0,0.13297,184.0,0.13298,735.0
1753592531167,05:02:11.167,phemex,AERGO/USDT:USDT,0.13292,749.0,0.13291,867.0,0.13297,184.0,0.13298,735.0
1753592532656,05:02:12.656,phemex,AERGO/USDT:USDT,0.13292,749.0,0.13291,867.0,0.13297,184.0,0.13298,735.0
1753592533853,05:02:13.853,phemex,AERGO/USDT:USDT,0.13292,749.0,0.13291,867.0,0.13297,184.0,0.13298,735.0
1753592533949,05:02:13.949,phemex,AERGO/USDT:USDT,0.13292,749.0,0.13291,867.0,0.13297,184.0,0.13298,735.0
1753592536309,05:02:16.309,phemex,AERGO/USDT:USDT,0.13291,867.0,0.1329,1028.0,0.13297,184.0,0.13298,735.0
1753592536401,05:02:16.401,phemex,AERGO/USDT:USDT,0.13292,181.0,0.13291,867.0,0.13297,184.0,0.13298,735.0
1753592537354,05:02:17.354,phemex,AERGO/USDT:USDT,0.13292,181.0,0.13291,867.0,0.13297,184.0,0.13298,735.0
1753592537953,05:02:17.953,phemex,AERGO/USDT:USDT,0.13292,181.0,0.13291,1857.0,0.13297,184.0,0.13298,735.0
1753592539880,05:02:19.880,phemex,AERGO/USDT:USDT,0.13292,181.0,0.13291,1857.0,0.13297,184.0,0.13298,735.0
1753592543351,05:02:23.351,phemex,AERGO/USDT:USDT,0.13292,181.0,0.1329,1985.0,0.13297,184.0,0.13298,1406.0
1753592546768,05:02:26.768,phemex,AERGO/USDT:USDT,0.1329,1985.0,0.13289,788.0,0.13297,184.0,0.13298,1406.0
1753592546810,05:02:26.810,phemex,AERGO/USDT:USDT,0.13291,186.0,0.1329,1801.0,0.13297,184.0,0.13298,1406.0
1753592546810,05:02:26.810,phemex,AERGO/USDT:USDT,0.13291,186.0,0.1329,1801.0,0.13297,184.0,0.13298,1406.0
1753592550014,05:02:30.014,phemex,AERGO/USDT:USDT,0.13291,186.0,0.1329,1801.0,0.13297,184.0,0.13298,1406.0
1753592563817,05:02:43.817,phemex,AERGO/USDT:USDT,0.1329,1801.0,0.13289,788.0,0.13297,184.0,0.13298,1406.0
1753592563896,05:02:43.896,phemex,AERGO/USDT:USDT,0.13291,183.0,0.1329,1801.0,0.13297,184.0,0.13298,1406.0
1753592573822,05:02:53.822,phemex,AERGO/USDT:USDT,0.1329,1801.0,0.13289,788.0,0.13297,184.0,0.13298,1406.0
1753592573947,05:02:53.947,phemex,AERGO/USDT:USDT,0.1329,276.0,0.13289,788.0,0.13297,184.0,0.13298,1406.0
1753592573978,05:02:53.978,phemex,AERGO/USDT:USDT,0.1329,458.0,0.13289,788.0,0.13297,184.0,0.13298,1406.0
1753592574325,05:02:54.325,phemex,AERGO/USDT:USDT,0.13291,182.0,0.1329,276.0,0.13297,184.0,0.13298,1406.0
1753592577000,05:02:57.000,phemex,AERGO/USDT:USDT,0.1329,1669.0,0.13289,788.0,0.13295,667.0,0.13296,1660.0
1753592577048,05:02:57.048,phemex,AERGO/USDT:USDT,0.1329,1669.0,0.13289,788.0,0.13294,182.0,0.13295,667.0
1753592577293,05:02:57.293,phemex,AERGO/USDT:USDT,0.1329,1816.0,0.13289,788.0,0.13294,182.0,0.13295,667.0
1753592578188,05:02:58.188,phemex,AERGO/USDT:USDT,0.1329,1816.0,0.13289,788.0,0.13294,182.0,0.13295,667.0
1753592578770,05:02:58.770,phemex,AERGO/USDT:USDT,0.1329,1081.0,0.13289,788.0,0.13294,182.0,0.13295,667.0
1753592580033,05:03:00.033,phemex,AERGO/USDT:USDT,0.1329,1081.0,0.13289,788.0,0.13294,182.0,0.13295,667.0
1753592581061,05:03:01.061,phemex,AERGO/USDT:USDT,0.13291,182.0,0.1329,1081.0,0.13294,182.0,0.13295,667.0
1753592581139,05:03:01.139,phemex,AERGO/USDT:USDT,0.1329,1081.0,0.13289,788.0,0.13294,182.0,0.13295,667.0
1753592581266,05:03:01.266,phemex,AERGO/USDT:USDT,0.13291,182.0,0.1329,1081.0,0.13294,182.0,0.13295,667.0
1753592581871,05:03:01.871,phemex,AERGO/USDT:USDT,0.13291,182.0,0.1329,1081.0,0.13302,944.0,0.13303,1058.0
1753592581895,05:03:01.895,phemex,AERGO/USDT:USDT,0.13291,182.0,0.1329,1081.0,0.13303,1058.0,0.13304,184.0
1753592581953,05:03:01.953,phemex,AERGO/USDT:USDT,0.13291,182.0,0.1329,1081.0,0.13303,1822.0,0.13304,184.0
1753592581970,05:03:01.970,phemex,AERGO/USDT:USDT,0.13291,182.0,0.1329,1081.0,0.13303,1822.0,0.13304,184.0
1753592582230,05:03:02.230,phemex,AERGO/USDT:USDT,0.13291,585.0,0.1329,1081.0,0.13303,1822.0,0.13304,184.0
1753592582246,05:03:02.246,phemex,AERGO/USDT:USDT,0.13292,184.0,0.13291,403.0,0.13303,1822.0,0.13304,184.0
1753592582273,05:03:02.273,phemex,AERGO/USDT:USDT,0.13292,184.0,0.13291,403.0,0.13303,1822.0,0.13304,184.0
1753592582374,05:03:02.374,phemex,AERGO/USDT:USDT,0.13292,184.0,0.13291,403.0,0.13303,1822.0,0.13304,184.0
1753592582410,05:03:02.410,phemex,AERGO/USDT:USDT,0.13292,184.0,0.13291,403.0,0.13303,1822.0,0.13304,184.0
1753592582824,05:03:02.824,phemex,AERGO/USDT:USDT,0.13301,1455.0,0.13298,1064.0,0.13303,1822.0,0.13304,184.0
1753592582838,05:03:02.838,phemex,AERGO/USDT:USDT,0.13301,1455.0,0.13299,184.0,0.13303,1822.0,0.13304,184.0
1753592582854,05:03:02.854,phemex,AERGO/USDT:USDT,0.13301,1455.0,0.13299,184.0,0.13303,1822.0,0.13304,184.0
1753592583242,05:03:03.242,phemex,AERGO/USDT:USDT,0.13301,1455.0,0.13299,184.0,0.13303,1822.0,0.13304,184.0
1753592583277,05:03:03.277,phemex,AERGO/USDT:USDT,0.13301,1455.0,0.13299,184.0,0.13303,1822.0,0.13304,184.0
1753592586017,05:03:06.017,phemex,AERGO/USDT:USDT,0.13301,1455.0,0.13299,184.0,0.13303,1822.0,0.13304,184.0
1753592587635,05:03:07.635,phemex,AERGO/USDT:USDT,0.13299,184.0,0.13298,1064.0,0.13303,1822.0,0.13304,184.0
1753592589697,05:03:09.697,phemex,AERGO/USDT:USDT,0.13299,184.0,0.13298,1064.0,0.13302,184.0,0.13303,1822.0
1753592589768,05:03:09.768,phemex,AERGO/USDT:USDT,0.13299,184.0,0.13298,1064.0,0.13302,184.0,0.13303,1822.0
1753592589788,05:03:09.788,phemex,AERGO/USDT:USDT,0.13299,184.0,0.13297,184.0,0.13302,184.0,0.13303,1822.0
1753592589845,05:03:09.845,phemex,AERGO/USDT:USDT,0.13297,184.0,0.13295,184.0,0.13302,184.0,0.13303,1822.0
1753592589885,05:03:09.885,phemex,AERGO/USDT:USDT,0.13295,184.0,0.13292,184.0,0.13302,184.0,0.13303,1822.0
1753592589937,05:03:09.937,phemex,AERGO/USDT:USDT,0.13292,184.0,0.1329,184.0,0.13302,184.0,0.13303,1822.0
1753592589957,05:03:09.957,phemex,AERGO/USDT:USDT,0.1329,184.0,0.13288,3810.0,0.13302,184.0,0.13303,1822.0
1753592590026,05:03:10.026,phemex,AERGO/USDT:USDT,0.13291,10.0,0.1329,184.0,0.13302,184.0,0.13303,1822.0
1753592590045,05:03:10.045,phemex,AERGO/USDT:USDT,0.13292,184.0,0.13291,10.0,0.13302,184.0,0.13303,1822.0
1753592590212,05:03:10.212,phemex,AERGO/USDT:USDT,0.13292,184.0,0.13291,10.0,0.13302,184.0,0.13303,1822.0
1753592591284,05:03:11.284,phemex,AERGO/USDT:USDT,0.13292,184.0,0.1329,184.0,0.13302,184.0,0.13303,1822.0
1753592591337,05:03:11.337,phemex,AERGO/USDT:USDT,0.1329,184.0,0.13288,3810.0,0.13302,184.0,0.13303,1822.0
1753592591484,05:03:11.484,phemex,AERGO/USDT:USDT,0.13294,1060.0,0.13291,786.0,0.13302,184.0,0.13303,1822.0
1753592591518,05:03:11.518,phemex,AERGO/USDT:USDT,0.13294,1060.0,0.13292,185.0,0.13302,184.0,0.13303,1822.0
1753592593350,05:03:13.350,phemex,AERGO/USDT:USDT,0.13292,185.0,0.1329,1290.0,0.13302,184.0,0.13303,1822.0
1753592593393,05:03:13.393,phemex,AERGO/USDT:USDT,0.13292,185.0,0.1329,1290.0,0.13302,184.0,0.13303,1822.0
1753592595256,05:03:15.256,phemex,AERGO/USDT:USDT,0.13292,185.0,0.1329,1290.0,0.13299,1455.0,0.13302,184.0
1753592595256,05:03:15.256,phemex,AERGO/USDT:USDT,0.13292,185.0,0.1329,1290.0,0.13299,1455.0,0.13302,184.0
1753592595378,05:03:15.378,phemex,AERGO/USDT:USDT,0.13292,185.0,0.1329,1290.0,0.13298,185.0,0.13299,1455.0
1753592595510,05:03:15.510,phemex,AERGO/USDT:USDT,0.13292,185.0,0.1329,1290.0,0.13298,185.0,0.13299,1455.0
1753592603053,05:03:23.053,phemex,AERGO/USDT:USDT,0.13292,185.0,0.1329,1290.0,0.13295,752.0,0.13298,185.0
1753592603054,05:03:23.054,phemex,AERGO/USDT:USDT,0.13293,849.0,0.13292,185.0,0.13295,1861.0,0.13298,185.0
1753592603098,05:03:23.098,phemex,AERGO/USDT:USDT,0.13294,187.0,0.13293,849.0,0.13295,1861.0,0.13298,185.0
1753592604598,05:03:24.598,phemex,AERGO/USDT:USDT,0.13294,187.0,0.13293,849.0,0.13295,1861.0,0.13299,1455.0
1753592604725,05:03:24.725,phemex,AERGO/USDT:USDT,0.13294,187.0,0.13293,849.0,0.13299,1455.0,0.13302,184.0
1753592604752,05:03:24.752,phemex,AERGO/USDT:USDT,0.13294,187.0,0.13293,849.0,0.13299,1455.0,0.13302,184.0
1753592605081,05:03:25.081,phemex,AERGO/USDT:USDT,0.13294,187.0,0.13293,849.0,0.13299,703.0,0.13302,184.0
1753592606094,05:03:26.094,phemex,AERGO/USDT:USDT,0.13294,187.0,0.13293,849.0,0.13298,187.0,0.13299,703.0
1753592606670,05:03:26.670,phemex,AERGO/USDT:USDT,0.13294,187.0,0.13293,849.0,0.13298,187.0,0.13299,703.0
1753592606684,05:03:26.684,phemex,AERGO/USDT:USDT,0.13294,187.0,0.13293,849.0,0.13298,187.0,0.13299,703.0
1753592606684,05:03:26.684,phemex,AERGO/USDT:USDT,0.13294,187.0,0.13293,849.0,0.13298,187.0,0.13299,703.0
1753592616015,05:03:36.015,phemex,AERGO/USDT:USDT,0.13294,187.0,0.13293,849.0,0.13298,187.0,0.13299,703.0
1753592616152,05:03:36.152,phemex,AERGO/USDT:USDT,0.13293,849.0,0.13292,185.0,0.13298,187.0,0.13299,703.0
1753592616398,05:03:36.398,phemex,AERGO/USDT:USDT,0.13294,180.0,0.13293,849.0,0.13298,187.0,0.13299,703.0
1753592618182,05:03:38.182,phemex,AERGO/USDT:USDT,0.13294,180.0,0.13293,849.0,0.13298,187.0,0.13299,703.0
1753592618205,05:03:38.205,phemex,AERGO/USDT:USDT,0.13294,810.0,0.13293,849.0,0.13298,187.0,0.13299,1461.0
1753592618219,05:03:38.219,phemex,AERGO/USDT:USDT,0.13295,180.0,0.13294,810.0,0.13298,187.0,0.13299,1461.0
1753592618273,05:03:38.273,phemex,AERGO/USDT:USDT,0.13294,630.0,0.13293,849.0,0.13298,187.0,0.13299,1461.0
1753592618657,05:03:38.657,phemex,AERGO/USDT:USDT,0.13295,180.0,0.13294,630.0,0.13298,187.0,0.13299,1461.0
1753592618693,05:03:38.693,phemex,AERGO/USDT:USDT,0.13295,180.0,0.13294,630.0,0.13299,1461.0,0.133,180.0
1753592619444,05:03:39.444,phemex,AERGO/USDT:USDT,0.13295,180.0,0.13294,630.0,0.13298,180.0,0.13299,1461.0
1753592620662,05:03:40.662,phemex,AERGO/USDT:USDT,0.13294,630.0,0.13293,849.0,0.13298,180.0,0.13299,1461.0
1753592620806,05:03:40.806,phemex,AERGO/USDT:USDT,0.13295,180.0,0.13294,630.0,0.13298,180.0,0.13299,1461.0
1753592621054,05:03:41.054,phemex,AERGO/USDT:USDT,0.13294,630.0,0.13293,849.0,0.13298,180.0,0.13299,1461.0
1753592621238,05:03:41.238,phemex,AERGO/USDT:USDT,0.13295,180.0,0.13294,630.0,0.13298,180.0,0.13299,1461.0
1753592622006,05:03:42.006,phemex,AERGO/USDT:USDT,0.13295,180.0,0.13294,630.0,0.13298,180.0,0.13299,1461.0
1753592623177,05:03:43.177,phemex,AERGO/USDT:USDT,0.13295,180.0,0.13294,630.0,0.13299,1461.0,0.133,180.0
1753592623196,05:03:43.196,phemex,AERGO/USDT:USDT,0.13295,180.0,0.13294,630.0,0.13299,1461.0,0.133,180.0
1753592625871,05:03:45.871,phemex,AERGO/USDT:USDT,0.13295,180.0,0.13294,630.0,0.13298,180.0,0.13299,1461.0
1753592627186,05:03:47.186,phemex,AERGO/USDT:USDT,0.13295,180.0,0.13294,630.0,0.13299,1461.0,0.133,180.0
1753592627212,05:03:47.212,phemex,AERGO/USDT:USDT,0.13295,180.0,0.13294,630.0,0.13299,1461.0,0.133,180.0
1753592627255,05:03:47.255,phemex,AERGO/USDT:USDT,0.13295,180.0,0.13294,630.0,0.13299,1461.0,0.133,180.0
1753592627256,05:03:47.256,phemex,AERGO/USDT:USDT,0.13296,1026.0,0.13295,180.0,0.13299,1461.0,0.133,180.0
1753592627317,05:03:47.317,phemex,AERGO/USDT:USDT,0.13297,180.0,0.13296,1026.0,0.13299,1461.0,0.133,180.0
1753592629535,05:03:49.535,phemex,AERGO/USDT:USDT,0.13297,180.0,0.13296,1026.0,0.13299,1461.0,0.133,180.0
1753592629784,05:03:49.784,phemex,AERGO/USDT:USDT,0.13297,180.0,0.13296,1026.0,0.13299,1461.0,0.13302,994.0
1753592631590,05:03:51.590,phemex,AERGO/USDT:USDT,0.13297,180.0,0.13296,1026.0,0.13299,309.0,0.13302,994.0
1753592638336,05:03:58.336,phemex,AERGO/USDT:USDT,0.13296,1026.0,0.13295,180.0,0.13299,309.0,0.13302,994.0
1753592638416,05:03:58.416,phemex,AERGO/USDT:USDT,0.13296,1026.0,0.13295,180.0,0.13298,186.0,0.13299,495.0
1753592638497,05:03:58.497,phemex,AERGO/USDT:USDT,0.13296,1026.0,0.13295,180.0,0.13298,186.0,0.13299,309.0
1753592638515,05:03:58.515,phemex,AERGO/USDT:USDT,0.13296,1026.0,0.13295,180.0,0.13298,186.0,0.13299,309.0
1753592639000,05:03:59.000,phemex,AERGO/USDT:USDT,0.13296,1026.0,0.13295,180.0,0.13299,309.0,0.133,186.0
1753592639018,05:03:59.018,phemex,AERGO/USDT:USDT,0.13296,1026.0,0.13295,180.0,0.13299,309.0,0.133,186.0
1753592639452,05:03:59.452,phemex,AERGO/USDT:USDT,0.13296,639.0,0.13295,180.0,0.13299,309.0,0.133,186.0
1753592639639,05:03:59.639,phemex,AERGO/USDT:USDT,0.13297,186.0,0.13296,639.0,0.13299,309.0,0.133,186.0
1753592639680,05:03:59.680,phemex,AERGO/USDT:USDT,0.13296,639.0,0.13295,180.0,0.13299,309.0,0.133,186.0
1753592640093,05:04:00.093,phemex,AERGO/USDT:USDT,0.13297,186.0,0.13296,639.0,0.13299,309.0,0.133,186.0
1753592640305,05:04:00.305,phemex,AERGO/USDT:USDT,0.13297,186.0,0.13296,639.0,0.13299,109.0,0.133,186.0
1753592641579,05:04:01.579,phemex,AERGO/USDT:USDT,0.13296,639.0,0.13295,180.0,0.13299,294.0,0.13302,994.0
1753592645992,05:04:05.992,phemex,AERGO/USDT:USDT,0.13296,639.0,0.13295,180.0,0.13299,272.0,0.13302,994.0
1753592647594,05:04:07.594,phemex,AERGO/USDT:USDT,0.13297,185.0,0.13296,639.0,0.13299,272.0,0.13302,994.0
1753592647630,05:04:07.630,phemex,AERGO/USDT:USDT,0.13297,185.0,0.13296,639.0,0.13299,87.0,0.13302,994.0
1753592649801,05:04:09.801,phemex,AERGO/USDT:USDT,0.13296,639.0,0.13295,180.0,0.13299,87.0,0.13302,994.0
1753592649847,05:04:09.847,phemex,AERGO/USDT:USDT,0.13296,639.0,0.13295,180.0,0.13299,272.0,0.13302,994.0
1753592649967,05:04:09.967,phemex,AERGO/USDT:USDT,0.13297,185.0,0.13296,639.0,0.13299,272.0,0.13302,994.0
1753592649970,05:04:09.970,phemex,AERGO/USDT:USDT,0.13297,185.0,0.13296,639.0,0.13299,87.0,0.13302,994.0
1753592653019,05:04:13.019,phemex,AERGO/USDT:USDT,0.13297,185.0,0.13296,639.0,0.13299,68.0,0.13302,994.0
1753592661386,05:04:21.386,phemex,AERGO/USDT:USDT,0.13296,639.0,0.13295,180.0,0.13299,253.0,0.13302,994.0
1753592661596,05:04:21.596,phemex,AERGO/USDT:USDT,0.13297,185.0,0.13296,639.0,0.13299,68.0,0.13302,994.0
1753592661596,05:04:21.596,phemex,AERGO/USDT:USDT,0.13297,185.0,0.13296,639.0,0.13299,68.0,0.13302,994.0
1753592668991,05:04:28.991,phemex,AERGO/USDT:USDT,0.13297,185.0,0.13296,639.0,0.13299,68.0,0.13302,994.0
1753592669064,05:04:29.064,phemex,AERGO/USDT:USDT,0.13297,185.0,0.13296,639.0,0.13299,68.0,0.13302,994.0
1753592669121,05:04:29.121,phemex,AERGO/USDT:USDT,0.13297,185.0,0.13296,639.0,0.13299,68.0,0.13302,994.0
1753592688372,05:04:48.372,phemex,AERGO/USDT:USDT,0.13297,185.0,0.13296,639.0,0.13299,1033.0,0.13302,1611.0
1753592694894,05:04:54.894,phemex,AERGO/USDT:USDT,0.13297,185.0,0.13296,639.0,0.13306,184.0,0.13307,673.0
1753592694911,05:04:54.911,phemex,AERGO/USDT:USDT,0.13297,185.0,0.13296,639.0,0.13306,184.0,0.13307,673.0
1753592694935,05:04:54.935,phemex,AERGO/USDT:USDT,0.13297,185.0,0.13296,639.0,0.13306,184.0,0.13307,673.0
1753592695038,05:04:55.038,phemex,AERGO/USDT:USDT,0.13297,185.0,0.13296,639.0,0.13306,184.0,0.13307,673.0
1753592700019,05:05:00.019,phemex,AERGO/USDT:USDT,0.13297,185.0,0.13296,639.0,0.13306,184.0,0.13307,673.0
1753592700363,05:05:00.363,phemex,AERGO/USDT:USDT,0.13299,1940.0,0.13297,1967.0,0.13304,740.0,0.13306,1863.0
1753592700391,05:05:00.391,phemex,AERGO/USDT:USDT,0.133,183.0,0.13299,1940.0,0.13304,740.0,0.13306,1863.0
1753592701040,05:05:01.040,phemex,AERGO/USDT:USDT,0.133,183.0,0.13299,1940.0,0.13303,183.0,0.13304,740.0
1753592701086,05:05:01.086,phemex,AERGO/USDT:USDT,0.133,183.0,0.13299,1940.0,0.13304,740.0,0.13306,1863.0
1753592704474,05:05:04.474,phemex,AERGO/USDT:USDT,0.133,183.0,0.13299,1940.0,0.13303,180.0,0.13304,740.0
1753592704954,05:05:04.954,phemex,AERGO/USDT:USDT,0.133,183.0,0.13299,1940.0,0.13304,740.0,0.13306,1863.0
1753592706434,05:05:06.434,phemex,AERGO/USDT:USDT,0.133,183.0,0.13299,1940.0,0.13303,180.0,0.13304,740.0
1753592706482,05:05:06.482,phemex,AERGO/USDT:USDT,0.133,183.0,0.13299,1940.0,0.13304,740.0,0.13306,1863.0
1753592706904,05:05:06.904,phemex,AERGO/USDT:USDT,0.133,183.0,0.13299,1940.0,0.13303,180.0,0.13304,740.0
1753592709654,05:05:09.654,phemex,AERGO/USDT:USDT,0.133,183.0,0.13299,1940.0,0.13304,740.0,0.13306,1863.0
1753592709941,05:05:09.941,phemex,AERGO/USDT:USDT,0.133,183.0,0.13299,1940.0,0.13303,180.0,0.13304,740.0
1753592710838,05:05:10.838,phemex,AERGO/USDT:USDT,0.133,183.0,0.13299,1940.0,0.13304,740.0,0.13306,1863.0
1753592713085,05:05:13.085,phemex,AERGO/USDT:USDT,0.133,183.0,0.13299,1940.0,0.13303,188.0,0.13304,740.0
1753592713212,05:05:13.212,phemex,AERGO/USDT:USDT,0.13299,1940.0,0.13297,1967.0,0.13303,188.0,0.13304,740.0
1753592714570,05:05:14.570,phemex,AERGO/USDT:USDT,0.133,188.0,0.13299,1940.0,0.13303,188.0,0.13304,740.0
1753592715103,05:05:15.103,phemex,AERGO/USDT:USDT,0.133,188.0,0.13299,1940.0,0.13304,740.0,0.13306,1863.0
1753592718864,05:05:18.864,phemex,AERGO/USDT:USDT,0.133,188.0,0.13299,1940.0,0.13306,1863.0,0.13307,673.0
1753592718880,05:05:18.880,phemex,AERGO/USDT:USDT,0.133,188.0,0.13299,1940.0,0.13305,188.0,0.13306,1679.0
1753592726988,05:05:26.988,phemex,AERGO/USDT:USDT,0.13299,1940.0,0.13297,1967.0,0.13305,188.0,0.13306,1679.0
1753592727842,05:05:27.842,phemex,AERGO/USDT:USDT,0.133,182.0,0.13299,1940.0,0.13305,188.0,0.13306,1679.0
1753592727842,05:05:27.842,phemex,AERGO/USDT:USDT,0.133,182.0,0.13299,1940.0,0.13305,188.0,0.13306,1679.0
1753592753016,05:05:53.016,phemex,AERGO/USDT:USDT,0.13302,607.0,0.133,182.0,0.13306,792.0,0.13307,673.0
1753592753026,05:05:53.026,phemex,AERGO/USDT:USDT,0.13304,740.0,0.13303,188.0,0.13306,792.0,0.13307,673.0
1753592753838,05:05:53.838,phemex,AERGO/USDT:USDT,0.13304,740.0,0.13303,188.0,0.13305,188.0,0.13306,792.0
1753592753887,05:05:53.887,phemex,AERGO/USDT:USDT,0.13304,740.0,0.13302,607.0,0.13305,188.0,0.13306,792.0
1753592754073,05:05:54.073,phemex,AERGO/USDT:USDT,0.13304,740.0,0.13302,607.0,0.13305,188.0,0.13306,792.0
1753592757236,05:05:57.236,phemex,AERGO/USDT:USDT,0.13304,647.0,0.13302,607.0,0.13305,188.0,0.13306,792.0
1753592759755,05:05:59.755,phemex,AERGO/USDT:USDT,0.13304,647.0,0.13302,607.0,0.13306,792.0,0.13307,673.0
1753592764323,05:06:04.323,phemex,AERGO/USDT:USDT,0.13304,647.0,0.13302,607.0,0.13306,792.0,0.13307,673.0
1753592764454,05:06:04.454,phemex,AERGO/USDT:USDT,0.13305,187.0,0.13304,647.0,0.13308,183.0,0.13309,823.0
1753592764608,05:06:04.608,phemex,AERGO/USDT:USDT,0.13304,647.0,0.13303,187.0,0.13308,183.0,0.13309,823.0
1753592764652,05:06:04.652,phemex,AERGO/USDT:USDT,0.13304,617.0,0.13303,187.0,0.13308,183.0,0.13309,823.0
1753592766829,05:06:06.829,phemex,AERGO/USDT:USDT,0.13305,187.0,0.13304,617.0,0.13308,183.0,0.13309,823.0
1753592767433,05:06:07.433,phemex,AERGO/USDT:USDT,0.13305,1131.0,0.13304,617.0,0.13308,183.0,0.13309,823.0
1753592768093,05:06:08.093,phemex,AERGO/USDT:USDT,0.13305,944.0,0.13304,617.0,0.13308,187.0,0.13309,823.0
1753592769769,05:06:09.769,phemex,AERGO/USDT:USDT,0.13306,187.0,0.13305,944.0,0.13309,823.0,0.1331,183.0
1753592769905,05:06:09.905,phemex,AERGO/USDT:USDT,0.13306,187.0,0.13305,944.0,0.13308,187.0,0.13309,823.0
1753592769977,05:06:09.977,phemex,AERGO/USDT:USDT,0.13305,944.0,0.13304,617.0,0.13308,187.0,0.13309,823.0
1753592770510,05:06:10.510,phemex,AERGO/USDT:USDT,0.13306,187.0,0.13305,944.0,0.13308,187.0,0.13309,823.0
1753592770530,05:06:10.530,phemex,AERGO/USDT:USDT,0.13306,187.0,0.13305,944.0,0.13309,823.0,0.1331,183.0
1753592771397,05:06:11.397,phemex,AERGO/USDT:USDT,0.13306,187.0,0.13305,1914.0,0.13309,823.0,0.1331,183.0
1753592773193,05:06:13.193,phemex,AERGO/USDT:USDT,0.13306,187.0,0.13305,1914.0,0.13309,823.0,0.1331,183.0
1753592782052,05:06:22.052,phemex,AERGO/USDT:USDT,0.13306,187.0,0.13305,1914.0,0.13309,823.0,0.1331,183.0
1753592782116,05:06:22.116,phemex,AERGO/USDT:USDT,0.13306,187.0,0.13305,1914.0,0.13309,823.0,0.1331,183.0
1753592782145,05:06:22.145,phemex,AERGO/USDT:USDT,0.13306,187.0,0.13305,1914.0,0.13309,823.0,0.1331,183.0
1753592782195,05:06:22.195,phemex,AERGO/USDT:USDT,0.13306,187.0,0.13305,1914.0,0.13309,823.0,0.1331,183.0
1753592784112,05:06:24.112,phemex,AERGO/USDT:USDT,0.13306,187.0,0.13305,1914.0,0.13309,823.0,0.13311,1005.0
1753592784112,05:06:24.112,phemex,AERGO/USDT:USDT,0.13306,187.0,0.13305,1914.0,0.13309,823.0,0.13311,1005.0
1753592789023,05:06:29.023,phemex,AERGO/USDT:USDT,0.13306,187.0,0.13305,1914.0,0.13309,823.0,0.13311,1005.0
1753592789090,05:06:29.090,phemex,AERGO/USDT:USDT,0.13306,187.0,0.13305,1914.0,0.13309,823.0,0.13311,1005.0
1753592789161,05:06:29.161,phemex,AERGO/USDT:USDT,0.13306,187.0,0.13305,1914.0,0.13309,823.0,0.13311,1005.0
1753592795302,05:06:35.302,phemex,AERGO/USDT:USDT,0.13306,187.0,0.13305,1914.0,0.13308,189.0,0.13309,823.0
1753592795339,05:06:35.339,phemex,AERGO/USDT:USDT,0.13306,187.0,0.13305,1914.0,0.13309,823.0,0.1331,189.0
1753592795408,05:06:35.408,phemex,AERGO/USDT:USDT,0.13305,1914.0,0.13304,617.0,0.13308,189.0,0.13309,823.0
1753592798357,05:06:38.357,phemex,AERGO/USDT:USDT,0.13305,1914.0,0.13304,617.0,0.13308,189.0,0.13309,823.0
1753592798416,05:06:38.416,phemex,AERGO/USDT:USDT,0.13305,1914.0,0.13304,617.0,0.13308,189.0,0.13309,823.0
1753592803269,05:06:43.269,phemex,AERGO/USDT:USDT,0.13305,1914.0,0.13304,617.0,0.13308,189.0,0.13309,823.0
1753592803568,05:06:43.568,phemex,AERGO/USDT:USDT,0.13305,1914.0,0.13304,617.0,0.13308,189.0,0.13309,823.0
1753592803692,05:06:43.692,phemex,AERGO/USDT:USDT,0.13305,1914.0,0.13304,617.0,0.13308,189.0,0.13309,823.0
1753592805527,05:06:45.527,phemex,AERGO/USDT:USDT,0.13306,184.0,0.13305,1914.0,0.13309,823.0,0.1331,189.0
1753592805617,05:06:45.617,phemex,AERGO/USDT:USDT,0.13306,184.0,0.13305,1914.0,0.13309,823.0,0.1331,189.0
1753592805835,05:06:45.835,phemex,AERGO/USDT:USDT,0.13306,184.0,0.13305,1914.0,0.13309,747.0,0.1331,189.0
1753592808063,05:06:48.063,phemex,AERGO/USDT:USDT,0.13306,184.0,0.13305,1914.0,0.13308,184.0,0.13309,747.0
1753592808118,05:06:48.118,phemex,AERGO/USDT:USDT,0.13306,184.0,0.13305,1914.0,0.13309,747.0,0.1331,189.0
1753592808154,05:06:48.154,phemex,AERGO/USDT:USDT,0.13306,184.0,0.13305,1914.0,0.13309,747.0,0.1331,189.0
1753592808412,05:06:48.412,phemex,AERGO/USDT:USDT,0.13306,184.0,0.13305,1914.0,0.13308,184.0,0.13309,747.0
1753592810977,05:06:50.977,phemex,AERGO/USDT:USDT,0.13306,184.0,0.13305,1914.0,0.13309,747.0,0.1331,189.0
1753592810999,05:06:50.999,phemex,AERGO/USDT:USDT,0.13306,184.0,0.13305,1914.0,0.13309,747.0,0.1331,189.0
1753592811484,05:06:51.484,phemex,AERGO/USDT:USDT,0.13306,184.0,0.13305,1914.0,0.13309,747.0,0.13311,2004.0
1753592814074,05:06:54.074,phemex,AERGO/USDT:USDT,0.13306,184.0,0.13305,1914.0,0.13309,657.0,0.13311,2004.0
1753592818862,05:06:58.862,phemex,AERGO/USDT:USDT,0.13306,184.0,0.13305,1914.0,0.13308,188.0,0.13309,657.0
1753592818915,05:06:58.915,phemex,AERGO/USDT:USDT,0.13306,184.0,0.13305,1914.0,0.13309,657.0,0.1331,188.0
1753592819051,05:06:59.051,phemex,AERGO/USDT:USDT,0.13306,184.0,0.13305,1914.0,0.13308,188.0,0.13309,657.0
1753592819071,05:06:59.071,phemex,AERGO/USDT:USDT,0.13306,184.0,0.13305,1914.0,0.13309,657.0,0.1331,188.0
1753592819092,05:06:59.092,phemex,AERGO/USDT:USDT,0.13306,184.0,0.13305,1914.0,0.13309,657.0,0.1331,188.0
1753592822143,05:07:02.143,phemex,AERGO/USDT:USDT,0.13306,184.0,0.13305,1914.0,0.13308,188.0,0.13309,657.0
1753592822148,05:07:02.148,phemex,AERGO/USDT:USDT,0.13305,1914.0,0.13304,617.0,0.13308,188.0,0.13309,657.0
1753592823856,05:07:03.856,phemex,AERGO/USDT:USDT,0.13305,1859.0,0.13304,617.0,0.13308,188.0,0.13309,657.0
1753592825268,05:07:05.268,phemex,AERGO/USDT:USDT,0.13306,188.0,0.13305,1859.0,0.13308,188.0,0.13309,657.0
1753592825335,05:07:05.335,phemex,AERGO/USDT:USDT,0.13305,1859.0,0.13304,617.0,0.13308,188.0,0.13309,657.0
1753592825480,05:07:05.480,phemex,AERGO/USDT:USDT,0.13305,1829.0,0.13304,617.0,0.13308,188.0,0.13309,657.0
1753592835695,05:07:15.695,phemex,AERGO/USDT:USDT,0.13306,183.0,0.13305,1829.0,0.13308,188.0,0.13309,657.0
1753592835714,05:07:15.714,phemex,AERGO/USDT:USDT,0.13305,1829.0,0.13304,617.0,0.13308,188.0,0.13309,657.0
1753592835907,05:07:15.907,phemex,AERGO/USDT:USDT,0.13306,183.0,0.13305,1829.0,0.13308,188.0,0.13309,657.0
1753592835928,05:07:15.928,phemex,AERGO/USDT:USDT,0.13305,1829.0,0.13304,617.0,0.13308,188.0,0.13309,657.0
1753592838479,05:07:18.479,phemex,AERGO/USDT:USDT,0.13306,183.0,0.13305,1829.0,0.13308,188.0,0.13309,657.0
1753592838801,05:07:18.801,phemex,AERGO/USDT:USDT,0.13305,1829.0,0.13304,617.0,0.13308,188.0,0.13309,657.0
1753592840473,05:07:20.473,phemex,AERGO/USDT:USDT,0.13306,183.0,0.13305,1829.0,0.13308,188.0,0.13309,657.0
1753592840491,05:07:20.491,phemex,AERGO/USDT:USDT,0.13305,1829.0,0.13304,617.0,0.13308,188.0,0.13309,657.0
1753592848234,05:07:28.234,phemex,AERGO/USDT:USDT,0.13306,181.0,0.13305,1829.0,0.13308,188.0,0.13309,657.0
1753592848614,05:07:28.614,phemex,AERGO/USDT:USDT,0.13306,181.0,0.13305,1829.0,0.13309,657.0,0.1331,188.0
1753592848661,05:07:28.661,phemex,AERGO/USDT:USDT,0.13306,181.0,0.13305,1829.0,0.13308,181.0,0.13309,657.0
1753592848679,05:07:28.679,phemex,AERGO/USDT:USDT,0.13306,181.0,0.13305,1829.0,0.13309,657.0,0.1331,188.0
1753592848699,05:07:28.699,phemex,AERGO/USDT:USDT,0.13306,181.0,0.13305,1829.0,0.13309,657.0,0.1331,188.0
