timestamp,time,exchange,symbol,bid1_price,bid1_volume,bid2_price,bid2_volume,ask1_price,ask1_volume,ask2_price,ask2_volume
1753591889000,04:51:29.000,gateio,ACE/USDT:USDT,0.5847,139.0,0.5846,551.0,0.5855,5123.0,0.5856,10385.0
1753591890133,04:51:30.133,gateio,ACE/USDT:USDT,0.5847,139.0,0.5846,551.0,0.5854,1000.0,0.5855,5123.0
1753591890138,04:51:30.138,gateio,ACE/USDT:USDT,0.5846,551.0,0.5842,136.0,0.5854,1000.0,0.5855,5123.0
1753591890813,04:51:30.813,gateio,ACE/USDT:USDT,0.5846,551.0,0.5842,136.0,0.5854,1000.0,0.5855,5123.0
1753591891119,04:51:31.119,gateio,ACE/USDT:USDT,0.5846,551.0,0.5842,136.0,0.5854,1000.0,0.5855,5123.0
1753591892317,04:51:32.317,gateio,ACE/USDT:USDT,0.5846,516.0,0.5842,136.0,0.5854,1000.0,0.5855,5123.0
1753591892432,04:51:32.432,gateio,ACE/USDT:USDT,0.5846,516.0,0.5842,136.0,0.5854,11250.0,0.5855,5123.0
1753591892506,04:51:32.506,gateio,ACE/USDT:USDT,0.5846,516.0,0.5842,136.0,0.5854,11250.0,0.5855,5123.0
1753591892984,04:51:32.984,gateio,ACE/USDT:USDT,0.5846,516.0,0.5842,136.0,0.5854,11250.0,0.5855,5123.0
1753591893135,04:51:33.135,gateio,ACE/USDT:USDT,0.5846,516.0,0.5842,136.0,0.5854,1000.0,0.5855,5123.0
1753591893136,04:51:33.136,gateio,ACE/USDT:USDT,0.5846,516.0,0.5842,136.0,0.5854,1000.0,0.5855,5123.0
1753591893730,04:51:33.730,gateio,ACE/USDT:USDT,0.5846,516.0,0.5842,136.0,0.5854,1000.0,0.5855,5123.0
1753591894087,04:51:34.087,gateio,ACE/USDT:USDT,0.5846,516.0,0.5842,136.0,0.5854,1000.0,0.5855,5123.0
1753591895083,04:51:35.083,gateio,ACE/USDT:USDT,0.5846,516.0,0.5842,136.0,0.5854,1000.0,0.5855,5123.0
1753591895352,04:51:35.352,gateio,ACE/USDT:USDT,0.5846,516.0,0.5842,136.0,0.5854,1000.0,0.5855,5123.0
1753591896064,04:51:36.064,gateio,ACE/USDT:USDT,0.5846,516.0,0.5842,136.0,0.5854,1000.0,0.5855,5123.0
1753591896811,04:51:36.811,gateio,ACE/USDT:USDT,0.5846,516.0,0.5842,136.0,0.5854,1000.0,0.5855,5123.0
1753591898821,04:51:38.821,gateio,ACE/USDT:USDT,0.5846,516.0,0.5842,136.0,0.5854,1000.0,0.5855,5123.0
1753591898908,04:51:38.908,gateio,ACE/USDT:USDT,0.5846,516.0,0.5842,136.0,0.5854,11250.0,0.5855,5123.0
1753591899030,04:51:39.030,gateio,ACE/USDT:USDT,0.5846,516.0,0.5842,136.0,0.5854,11250.0,0.5855,5123.0
1753591899719,04:51:39.719,gateio,ACE/USDT:USDT,0.5846,516.0,0.5842,136.0,0.5854,1000.0,0.5855,5123.0
1753591900019,04:51:40.019,gateio,ACE/USDT:USDT,0.5846,516.0,0.5842,136.0,0.5854,1000.0,0.5855,5123.0
1753591900417,04:51:40.417,gateio,ACE/USDT:USDT,0.5846,516.0,0.5842,136.0,0.5854,1000.0,0.5855,5123.0
1753591903937,04:51:43.937,gateio,ACE/USDT:USDT,0.5846,516.0,0.5842,136.0,0.5854,1000.0,0.5855,5123.0
1753591909736,04:51:49.736,gateio,ACE/USDT:USDT,0.5846,516.0,0.5842,136.0,0.5854,1000.0,0.5855,5123.0
1753591911619,04:51:51.619,gateio,ACE/USDT:USDT,0.5846,516.0,0.5842,136.0,0.5854,1000.0,0.5855,5123.0
1753591916205,04:51:56.205,gateio,ACE/USDT:USDT,0.5846,516.0,0.5842,136.0,0.5854,1000.0,0.5855,5123.0
1753591916294,04:51:56.294,gateio,ACE/USDT:USDT,0.5846,516.0,0.5842,136.0,0.5854,1000.0,0.5855,5123.0
1753591917134,04:51:57.134,gateio,ACE/USDT:USDT,0.5846,516.0,0.5842,136.0,0.5854,1000.0,0.5855,5123.0
1753591917137,04:51:57.137,gateio,ACE/USDT:USDT,0.5846,516.0,0.5842,136.0,0.5854,1000.0,0.5855,5123.0
1753591918591,04:51:58.591,gateio,ACE/USDT:USDT,0.5846,516.0,0.5842,136.0,0.5854,11250.0,0.5855,5123.0
1753591918703,04:51:58.703,gateio,ACE/USDT:USDT,0.5846,516.0,0.5842,136.0,0.5854,11250.0,0.5855,5123.0
1753591918811,04:51:58.811,gateio,ACE/USDT:USDT,0.5846,516.0,0.5842,136.0,0.5854,11250.0,0.5855,5123.0
1753591920418,04:52:00.418,gateio,ACE/USDT:USDT,0.5846,516.0,0.5842,136.0,0.5854,1000.0,0.5855,5123.0
1753591920500,04:52:00.500,gateio,ACE/USDT:USDT,0.5846,516.0,0.5842,136.0,0.5854,1000.0,0.5855,5123.0
1753591920539,04:52:00.539,gateio,ACE/USDT:USDT,0.5846,516.0,0.5842,136.0,0.5854,1000.0,0.5855,5123.0
1753591920785,04:52:00.785,gateio,ACE/USDT:USDT,0.5846,516.0,0.5842,136.0,0.5854,1000.0,0.5855,5123.0
1753591921909,04:52:01.909,gateio,ACE/USDT:USDT,0.5847,138.0,0.5846,516.0,0.5854,1000.0,0.5855,5123.0
1753591921976,04:52:01.976,gateio,ACE/USDT:USDT,0.5847,138.0,0.5846,516.0,0.5854,1000.0,0.5855,5123.0
1753591922078,04:52:02.078,gateio,ACE/USDT:USDT,0.5847,138.0,0.5846,516.0,0.5854,1000.0,0.5855,5123.0
1753591922918,04:52:02.918,gateio,ACE/USDT:USDT,0.5847,138.0,0.5846,516.0,0.5854,1000.0,0.5855,5123.0
1753591924278,04:52:04.278,gateio,ACE/USDT:USDT,0.5847,138.0,0.5846,516.0,0.5854,1000.0,0.5855,5123.0
1753591926049,04:52:06.049,gateio,ACE/USDT:USDT,0.5847,138.0,0.5846,516.0,0.5854,1000.0,0.5855,5123.0
1753591930143,04:52:10.143,gateio,ACE/USDT:USDT,0.5847,138.0,0.5846,516.0,0.5854,1000.0,0.5855,5123.0
1753591934819,04:52:14.819,gateio,ACE/USDT:USDT,0.5847,138.0,0.5846,516.0,0.5854,6124.0,0.5868,1139.0
1753591934866,04:52:14.866,gateio,ACE/USDT:USDT,0.5847,138.0,0.5846,516.0,0.5854,16374.0,0.5868,1139.0
1753591935719,04:52:15.719,gateio,ACE/USDT:USDT,0.5847,138.0,0.5846,516.0,0.5854,6124.0,0.5868,1139.0
1753591935807,04:52:15.807,gateio,ACE/USDT:USDT,0.5847,138.0,0.5846,516.0,0.5854,6124.0,0.5868,1139.0
1753591943274,04:52:23.274,gateio,ACE/USDT:USDT,0.5847,138.0,0.5846,516.0,0.5854,6124.0,0.5868,1139.0
1753591943529,04:52:23.529,gateio,ACE/USDT:USDT,0.5847,138.0,0.5846,516.0,0.5854,6124.0,0.5868,1139.0
1753591948310,04:52:28.310,gateio,ACE/USDT:USDT,0.5847,138.0,0.5846,516.0,0.5854,6124.0,0.5868,1139.0
1753591948399,04:52:28.399,gateio,ACE/USDT:USDT,0.5847,138.0,0.5846,516.0,0.5854,6124.0,0.5868,1139.0
1753591948472,04:52:28.472,gateio,ACE/USDT:USDT,0.5847,138.0,0.5846,516.0,0.5854,6124.0,0.5868,1139.0
1753591949394,04:52:29.394,gateio,ACE/USDT:USDT,0.5847,138.0,0.5846,516.0,0.5854,16374.0,0.5868,1139.0
1753591949530,04:52:29.530,gateio,ACE/USDT:USDT,0.5847,138.0,0.5846,516.0,0.5854,16374.0,0.5868,1139.0
1753591950119,04:52:30.119,gateio,ACE/USDT:USDT,0.5846,35.0,0.5843,342.0,0.5854,16374.0,0.5868,1139.0
1753591950354,04:52:30.354,gateio,ACE/USDT:USDT,0.5846,35.0,0.5843,342.0,0.5854,16374.0,0.5868,1139.0
1753591951180,04:52:31.180,gateio,ACE/USDT:USDT,0.5846,35.0,0.5843,342.0,0.5854,6124.0,0.5868,1139.0
1753591951259,04:52:31.259,gateio,ACE/USDT:USDT,0.5846,35.0,0.5843,342.0,0.5854,16374.0,0.5868,1139.0
1753591951379,04:52:31.379,gateio,ACE/USDT:USDT,0.5846,35.0,0.5843,342.0,0.5854,16374.0,0.5868,1139.0
1753591951618,04:52:31.618,gateio,ACE/USDT:USDT,0.5846,35.0,0.5843,342.0,0.5854,16374.0,0.5868,1139.0
1753591952916,04:52:32.916,gateio,ACE/USDT:USDT,0.5846,35.0,0.5843,342.0,0.5854,6124.0,0.5868,1139.0
1753591952999,04:52:32.999,gateio,ACE/USDT:USDT,0.5846,35.0,0.5843,342.0,0.5854,6124.0,0.5868,1139.0
1753591957150,04:52:37.150,gateio,ACE/USDT:USDT,0.5846,35.0,0.5843,342.0,0.5854,6124.0,0.5868,1139.0
1753591958381,04:52:38.381,gateio,ACE/USDT:USDT,0.5846,35.0,0.5843,342.0,0.5854,6124.0,0.5855,137.0
1753591958514,04:52:38.514,gateio,ACE/USDT:USDT,0.5846,35.0,0.5843,342.0,0.5854,6124.0,0.5855,137.0
1753591958929,04:52:38.929,gateio,ACE/USDT:USDT,0.5846,35.0,0.5843,342.0,0.5854,6124.0,0.5855,137.0
1753591959271,04:52:39.271,gateio,ACE/USDT:USDT,0.5846,35.0,0.5843,342.0,0.5854,6124.0,0.5855,137.0
1753591960355,04:52:40.355,gateio,ACE/USDT:USDT,0.5846,35.0,0.5843,342.0,0.5854,6124.0,0.5855,137.0
1753591967058,04:52:47.058,gateio,ACE/USDT:USDT,0.5846,35.0,0.5843,342.0,0.5854,6124.0,0.5855,137.0
1753591967397,04:52:47.397,gateio,ACE/USDT:USDT,0.5846,35.0,0.5843,342.0,0.5854,6124.0,0.5855,137.0
1753591967662,04:52:47.662,gateio,ACE/USDT:USDT,0.5846,35.0,0.5843,342.0,0.5854,6124.0,0.5855,137.0
1753591968131,04:52:48.131,gateio,ACE/USDT:USDT,0.5846,176.0,0.5843,342.0,0.5854,6124.0,0.5855,137.0
1753591968162,04:52:48.162,gateio,ACE/USDT:USDT,0.5847,342.0,0.5846,176.0,0.5854,6124.0,0.5857,141.0
1753591968288,04:52:48.288,gateio,ACE/USDT:USDT,0.5847,342.0,0.5846,176.0,0.5854,5124.0,0.5857,141.0
1753591968676,04:52:48.676,gateio,ACE/USDT:USDT,0.5847,342.0,0.5846,176.0,0.5854,5124.0,0.5857,141.0
1753591969106,04:52:49.106,gateio,ACE/USDT:USDT,0.5847,342.0,0.5846,176.0,0.5854,5124.0,0.5857,141.0
1753591975736,04:52:55.736,gateio,ACE/USDT:USDT,0.5846,141.0,0.5843,342.0,0.5854,15374.0,0.5857,141.0
1753591975819,04:52:55.819,gateio,ACE/USDT:USDT,0.5844,141.0,0.5843,483.0,0.5854,15374.0,0.5857,141.0
1753591975974,04:52:55.974,gateio,ACE/USDT:USDT,0.5844,141.0,0.5843,483.0,0.5854,15374.0,0.5857,141.0
1753591980466,04:53:00.466,gateio,ACE/USDT:USDT,0.5844,141.0,0.5843,483.0,0.5854,15374.0,0.5857,141.0
1753591984534,04:53:04.534,gateio,ACE/USDT:USDT,0.5844,10407.0,0.5843,483.0,0.5854,5124.0,0.5857,141.0
1753591984599,04:53:04.599,gateio,ACE/USDT:USDT,0.5845,137.0,0.5844,141.0,0.5854,15374.0,0.5857,141.0
1753591984654,04:53:04.654,gateio,ACE/USDT:USDT,0.5845,479.0,0.5844,141.0,0.5854,15374.0,0.5857,141.0
1753591984846,04:53:04.846,gateio,ACE/USDT:USDT,0.5845,479.0,0.5844,141.0,0.5854,15374.0,0.5857,141.0
1753591985274,04:53:05.274,gateio,ACE/USDT:USDT,0.5845,479.0,0.5844,141.0,0.5854,15374.0,0.5857,141.0
1753591986655,04:53:06.655,gateio,ACE/USDT:USDT,0.5845,137.0,0.5844,342.0,0.5854,15374.0,0.5857,141.0
1753591986903,04:53:06.903,gateio,ACE/USDT:USDT,0.5845,137.0,0.5844,342.0,0.5854,15374.0,0.5857,141.0
1753591987099,04:53:07.099,gateio,ACE/USDT:USDT,0.5845,137.0,0.5844,342.0,0.5854,15374.0,0.5857,141.0
1753591989715,04:53:09.715,gateio,ACE/USDT:USDT,0.5845,137.0,0.5844,342.0,0.5854,15374.0,0.5857,141.0
1753591990455,04:53:10.455,gateio,ACE/USDT:USDT,0.5845,137.0,0.5843,342.0,0.5854,15374.0,0.5857,141.0
1753591990955,04:53:10.955,gateio,ACE/USDT:USDT,0.5845,137.0,0.5843,342.0,0.5854,15374.0,0.5857,141.0
1753591992824,04:53:12.824,gateio,ACE/USDT:USDT,0.5845,137.0,0.5843,342.0,0.5854,5124.0,0.5857,141.0
1753591993013,04:53:13.013,gateio,ACE/USDT:USDT,0.5845,137.0,0.5843,342.0,0.5854,5124.0,0.5857,141.0
1753591993521,04:53:13.521,gateio,ACE/USDT:USDT,0.5845,137.0,0.5843,342.0,0.5854,15374.0,0.5857,141.0
1753591993638,04:53:13.638,gateio,ACE/USDT:USDT,0.5845,137.0,0.5843,342.0,0.5854,10249.0,0.5857,141.0
1753591993642,04:53:13.642,gateio,ACE/USDT:USDT,0.5845,137.0,0.5843,342.0,0.5854,5124.0,0.5857,141.0
1753592001835,04:53:21.835,gateio,ACE/USDT:USDT,0.5845,137.0,0.5843,342.0,0.5854,5124.0,0.5857,141.0
1753592001860,04:53:21.860,gateio,ACE/USDT:USDT,0.5845,137.0,0.5843,342.0,0.5854,5124.0,0.5857,141.0
1753592009074,04:53:29.074,gateio,ACE/USDT:USDT,0.5845,137.0,0.5843,342.0,0.5854,5124.0,0.5857,141.0
1753592010316,04:53:30.316,gateio,ACE/USDT:USDT,0.5846,481.0,0.5845,137.0,0.5854,5124.0,0.5857,141.0
1753592010352,04:53:30.352,gateio,ACE/USDT:USDT,0.5846,481.0,0.5845,137.0,0.5854,5124.0,0.5857,141.0
1753592011105,04:53:31.105,gateio,ACE/USDT:USDT,0.5846,481.0,0.5845,137.0,0.5854,5124.0,0.5857,141.0
1753592012530,04:53:32.530,gateio,ACE/USDT:USDT,0.5846,481.0,0.5842,136.0,0.5854,5124.0,0.5857,141.0
1753592012577,04:53:32.577,gateio,ACE/USDT:USDT,0.5844,139.0,0.5842,478.0,0.5854,5124.0,0.5857,141.0
1753592014158,04:53:34.158,gateio,ACE/USDT:USDT,0.5844,139.0,0.5842,478.0,0.5854,5124.0,0.5857,141.0
1753592014349,04:53:34.349,gateio,ACE/USDT:USDT,0.5844,139.0,0.5842,478.0,0.5854,5124.0,0.5857,141.0
1753592015198,04:53:35.198,gateio,ACE/USDT:USDT,0.5844,139.0,0.5842,478.0,0.5854,5124.0,0.5857,141.0
1753592015735,04:53:35.735,gateio,ACE/USDT:USDT,0.5844,139.0,0.5842,478.0,0.5854,5124.0,0.5857,141.0
1753592015927,04:53:35.927,gateio,ACE/USDT:USDT,0.5845,139.0,0.5844,10405.0,0.5854,5124.0,0.5857,141.0
1753592016035,04:53:36.035,gateio,ACE/USDT:USDT,0.5846,139.0,0.5845,481.0,0.5854,5124.0,0.5857,141.0
1753592018380,04:53:38.380,gateio,ACE/USDT:USDT,0.5846,139.0,0.5845,481.0,0.5854,5124.0,0.5857,141.0
1753592019571,04:53:39.571,gateio,ACE/USDT:USDT,0.5846,139.0,0.5845,481.0,0.5854,5124.0,0.5857,141.0
1753592020069,04:53:40.069,gateio,ACE/USDT:USDT,0.5846,139.0,0.5845,481.0,0.5854,5124.0,0.5857,141.0
1753592028119,04:53:48.119,gateio,ACE/USDT:USDT,0.5846,139.0,0.5845,481.0,0.5857,141.0,0.5867,1000.0
1753592028187,04:53:48.187,gateio,ACE/USDT:USDT,0.5846,139.0,0.5845,481.0,0.5857,141.0,0.5867,1000.0
1753592028259,04:53:48.259,gateio,ACE/USDT:USDT,0.5846,139.0,0.5845,481.0,0.5857,141.0,0.5867,1000.0
1753592028635,04:53:48.635,gateio,ACE/USDT:USDT,0.5848,342.0,0.5847,1136.0,0.5857,141.0,0.5867,1000.0
1753592028927,04:53:48.927,gateio,ACE/USDT:USDT,0.5848,342.0,0.5847,1136.0,0.5857,141.0,0.5867,1000.0
1753592029364,04:53:49.364,gateio,ACE/USDT:USDT,0.5848,342.0,0.5847,1136.0,0.5857,141.0,0.5867,1000.0
1753592029568,04:53:49.568,gateio,ACE/USDT:USDT,0.5848,342.0,0.5847,1136.0,0.5857,141.0,0.5867,1000.0
1753592029806,04:53:49.806,gateio,ACE/USDT:USDT,0.5848,342.0,0.5847,1136.0,0.5857,141.0,0.5867,1000.0
1753592030257,04:53:50.257,gateio,ACE/USDT:USDT,0.5848,342.0,0.5847,1136.0,0.5857,141.0,0.5867,1000.0
1753592030558,04:53:50.558,gateio,ACE/USDT:USDT,0.5848,342.0,0.5847,1136.0,0.5857,141.0,0.5867,1000.0
1753592031036,04:53:51.036,gateio,ACE/USDT:USDT,0.5848,342.0,0.5847,1136.0,0.5857,141.0,0.5867,1000.0
1753592032058,04:53:52.058,gateio,ACE/USDT:USDT,0.5848,478.0,0.5847,1136.0,0.5857,141.0,0.5867,1000.0
1753592033783,04:53:53.783,gateio,ACE/USDT:USDT,0.5848,478.0,0.5847,1136.0,0.5857,141.0,0.5867,1000.0
1753592034513,04:53:54.513,gateio,ACE/USDT:USDT,0.5848,478.0,0.5847,136.0,0.5857,141.0,0.5867,1000.0
1753592037380,04:53:57.380,gateio,ACE/USDT:USDT,0.5848,136.0,0.5843,342.0,0.5857,141.0,0.5867,1000.0
1753592037496,04:53:57.496,gateio,ACE/USDT:USDT,0.5848,136.0,0.5843,342.0,0.5857,141.0,0.5867,1000.0
1753592044433,04:54:04.433,gateio,ACE/USDT:USDT,0.5849,377.0,0.5848,1136.0,0.5857,141.0,0.5867,1000.0
1753592044439,04:54:04.439,gateio,ACE/USDT:USDT,0.5849,377.0,0.5848,136.0,0.5857,141.0,0.5867,1000.0
1753592044735,04:54:04.735,gateio,ACE/USDT:USDT,0.5849,35.0,0.5843,342.0,0.5857,141.0,0.5867,1000.0
1753592044768,04:54:04.768,gateio,ACE/USDT:USDT,0.5849,35.0,0.5843,342.0,0.5857,141.0,0.5867,1000.0
1753592045185,04:54:05.185,gateio,ACE/USDT:USDT,0.5849,35.0,0.5843,342.0,0.5857,141.0,0.5867,1000.0
1753592046201,04:54:06.201,gateio,ACE/USDT:USDT,0.585,377.0,0.5849,175.0,0.5857,35.0,0.5867,1000.0
1753592046435,04:54:06.435,gateio,ACE/USDT:USDT,0.585,377.0,0.5849,140.0,0.5866,140.0,0.5867,1000.0
1753592046520,04:54:06.520,gateio,ACE/USDT:USDT,0.585,482.0,0.5849,140.0,0.586,5119.0,0.5861,140.0
1753592046587,04:54:06.587,gateio,ACE/USDT:USDT,0.585,482.0,0.5849,140.0,0.5859,5260.0,0.5861,140.0
1753592046724,04:54:06.724,gateio,ACE/USDT:USDT,0.585,482.0,0.5849,140.0,0.5859,5260.0,0.5861,140.0
1753592046892,04:54:06.892,gateio,ACE/USDT:USDT,0.585,482.0,0.5849,140.0,0.5859,5260.0,0.5861,140.0
1753592047320,04:54:07.320,gateio,ACE/USDT:USDT,0.585,482.0,0.5849,140.0,0.5859,5260.0,0.5861,140.0
1753592047762,04:54:07.762,gateio,ACE/USDT:USDT,0.585,482.0,0.5849,140.0,0.5859,5260.0,0.5861,140.0
1753592048435,04:54:08.435,gateio,ACE/USDT:USDT,0.585,140.0,0.5843,342.0,0.5859,5260.0,0.5861,140.0
1753592048440,04:54:08.440,gateio,ACE/USDT:USDT,0.585,140.0,0.5843,342.0,0.5859,5260.0,0.5861,140.0
1753592050195,04:54:10.195,gateio,ACE/USDT:USDT,0.585,140.0,0.5843,342.0,0.5859,5260.0,0.5861,140.0
1753592050272,04:54:10.272,gateio,ACE/USDT:USDT,0.585,140.0,0.5843,342.0,0.5859,15500.0,0.5861,140.0
1753592050381,04:54:10.381,gateio,ACE/USDT:USDT,0.585,140.0,0.5843,342.0,0.5859,15500.0,0.5861,140.0
1753592050530,04:54:10.530,gateio,ACE/USDT:USDT,0.585,140.0,0.5843,342.0,0.5859,5260.0,0.5861,140.0
1753592050636,04:54:10.636,gateio,ACE/USDT:USDT,0.585,5268.0,0.5843,342.0,0.5859,5260.0,0.5861,140.0
1753592050722,04:54:10.722,gateio,ACE/USDT:USDT,0.585,140.0,0.5843,342.0,0.5859,5260.0,0.5861,140.0
1753592050788,04:54:10.788,gateio,ACE/USDT:USDT,0.585,140.0,0.5843,342.0,0.5859,5260.0,0.5861,140.0
1753592051215,04:54:11.215,gateio,ACE/USDT:USDT,0.585,140.0,0.5845,9588.0,0.5859,5260.0,0.5861,140.0
1753592051262,04:54:11.262,gateio,ACE/USDT:USDT,0.585,140.0,0.5846,342.0,0.5859,5260.0,0.5861,140.0
1753592051397,04:54:11.397,gateio,ACE/USDT:USDT,0.585,140.0,0.5846,342.0,0.5859,5260.0,0.5861,140.0
1753592051579,04:54:11.579,gateio,ACE/USDT:USDT,0.585,140.0,0.5846,342.0,0.5859,5260.0,0.5861,140.0
1753592051757,04:54:11.757,gateio,ACE/USDT:USDT,0.585,140.0,0.5846,342.0,0.5859,5260.0,0.5861,140.0
1753592053028,04:54:13.028,gateio,ACE/USDT:USDT,0.585,140.0,0.5846,342.0,0.5859,5260.0,0.5861,140.0
1753592054434,04:54:14.434,gateio,ACE/USDT:USDT,0.5851,342.0,0.585,6293.0,0.5859,5260.0,0.5861,140.0
1753592054515,04:54:14.515,gateio,ACE/USDT:USDT,0.585,140.0,0.5846,342.0,0.5859,5260.0,0.5861,140.0
1753592054643,04:54:14.643,gateio,ACE/USDT:USDT,0.585,140.0,0.5846,342.0,0.5859,5260.0,0.5861,140.0
1753592055190,04:54:15.190,gateio,ACE/USDT:USDT,0.585,140.0,0.5846,342.0,0.5859,5260.0,0.5861,140.0
1753592056535,04:54:16.535,gateio,ACE/USDT:USDT,0.5844,480.0,0.5843,5272.0,0.5857,138.0,0.5858,10380.0
1753592056579,04:54:16.579,gateio,ACE/USDT:USDT,0.5845,138.0,0.5844,480.0,0.5857,138.0,0.5858,138.0
1753592056667,04:54:16.667,gateio,ACE/USDT:USDT,0.5845,138.0,0.5844,480.0,0.5858,138.0,0.5859,5260.0
1753592057085,04:54:17.085,gateio,ACE/USDT:USDT,0.5845,138.0,0.5844,480.0,0.5858,138.0,0.5859,5260.0
1753592058591,04:54:18.591,gateio,ACE/USDT:USDT,0.5845,138.0,0.5844,480.0,0.5858,138.0,0.5859,5260.0
1753592058715,04:54:18.715,gateio,ACE/USDT:USDT,0.5845,138.0,0.5844,480.0,0.5858,138.0,0.5859,5260.0
1753592058804,04:54:18.804,gateio,ACE/USDT:USDT,0.5847,139.0,0.5846,481.0,0.5858,138.0,0.5859,5260.0
1753592058839,04:54:18.839,gateio,ACE/USDT:USDT,0.5847,139.0,0.5846,481.0,0.5858,138.0,0.5859,5260.0
1753592059135,04:54:19.135,gateio,ACE/USDT:USDT,0.5847,139.0,0.5846,481.0,0.5858,138.0,0.5859,5260.0
1753592059235,04:54:19.235,gateio,ACE/USDT:USDT,0.5847,139.0,0.5846,481.0,0.5858,138.0,0.5859,5260.0
1753592062242,04:54:22.242,gateio,ACE/USDT:USDT,0.5847,139.0,0.5846,481.0,0.5858,138.0,0.5859,5260.0
1753592062363,04:54:22.363,gateio,ACE/USDT:USDT,0.5847,139.0,0.5846,481.0,0.5858,138.0,0.5859,5260.0
1753592063189,04:54:23.189,gateio,ACE/USDT:USDT,0.5847,139.0,0.5846,481.0,0.5858,138.0,0.5859,5260.0
1753592063451,04:54:23.451,gateio,ACE/USDT:USDT,0.5847,139.0,0.5846,481.0,0.5858,138.0,0.5859,5260.0
1753592063606,04:54:23.606,gateio,ACE/USDT:USDT,0.5847,139.0,0.5846,481.0,0.5858,138.0,0.5859,5260.0
1753592064114,04:54:24.114,gateio,ACE/USDT:USDT,0.5848,481.0,0.5847,1392.0,0.5858,138.0,0.5859,5260.0
1753592064425,04:54:24.425,gateio,ACE/USDT:USDT,0.5848,481.0,0.5847,1392.0,0.5858,138.0,0.5859,5260.0
1753592064572,04:54:24.572,gateio,ACE/USDT:USDT,0.5849,139.0,0.5848,481.0,0.5858,138.0,0.5859,5260.0
1753592065167,04:54:25.167,gateio,ACE/USDT:USDT,0.5849,139.0,0.5848,481.0,0.5858,138.0,0.5859,5260.0
1753592065248,04:54:25.248,gateio,ACE/USDT:USDT,0.5849,139.0,0.5848,481.0,0.5858,138.0,0.5859,5260.0
1753592065573,04:54:25.573,gateio,ACE/USDT:USDT,0.5849,139.0,0.5848,481.0,0.5858,138.0,0.5859,5260.0
1753592065845,04:54:25.845,gateio,ACE/USDT:USDT,0.5849,139.0,0.5848,481.0,0.5858,138.0,0.5859,5260.0
1753592066085,04:54:26.085,gateio,ACE/USDT:USDT,0.5849,139.0,0.5848,481.0,0.5858,138.0,0.5859,5260.0
1753592066156,04:54:26.156,gateio,ACE/USDT:USDT,0.5849,139.0,0.5848,481.0,0.5858,138.0,0.5859,5260.0
1753592069394,04:54:29.394,gateio,ACE/USDT:USDT,0.5849,139.0,0.5848,481.0,0.5858,138.0,0.5859,5260.0
1753592069718,04:54:29.718,gateio,ACE/USDT:USDT,0.5849,139.0,0.5848,481.0,0.5858,138.0,0.5859,5260.0
1753592070112,04:54:30.112,gateio,ACE/USDT:USDT,0.5849,139.0,0.5848,481.0,0.5858,138.0,0.5859,5260.0
1753592072995,04:54:32.995,gateio,ACE/USDT:USDT,0.5849,139.0,0.5848,481.0,0.5858,138.0,0.5859,5260.0
1753592073078,04:54:33.078,gateio,ACE/USDT:USDT,0.5849,139.0,0.5848,481.0,0.5858,138.0,0.5859,5260.0
1753592073201,04:54:33.201,gateio,ACE/USDT:USDT,0.5849,139.0,0.5848,481.0,0.5858,138.0,0.5859,5260.0
1753592073373,04:54:33.373,gateio,ACE/USDT:USDT,0.5849,139.0,0.5848,481.0,0.5858,138.0,0.5859,5260.0
1753592074591,04:54:34.591,gateio,ACE/USDT:USDT,0.5849,139.0,0.5848,481.0,0.5858,138.0,0.5859,5260.0
1753592075035,04:54:35.035,gateio,ACE/USDT:USDT,0.5849,139.0,0.5848,481.0,0.5858,138.0,0.5859,5260.0
1753592075476,04:54:35.476,gateio,ACE/USDT:USDT,0.5849,139.0,0.5848,481.0,0.5858,138.0,0.5859,5260.0
1753592076415,04:54:36.415,gateio,ACE/USDT:USDT,0.5849,139.0,0.5848,481.0,0.5858,138.0,0.5859,5260.0
1753592076627,04:54:36.627,gateio,ACE/USDT:USDT,0.5846,138.0,0.5845,480.0,0.5857,5122.0,0.5858,10380.0
1753592076716,04:54:36.716,gateio,ACE/USDT:USDT,0.5846,138.0,0.5845,480.0,0.5856,138.0,0.5857,5122.0
1753592076820,04:54:36.820,gateio,ACE/USDT:USDT,0.5846,138.0,0.5845,480.0,0.5856,138.0,0.5857,5122.0
1753592076900,04:54:36.900,gateio,ACE/USDT:USDT,0.5846,138.0,0.5845,480.0,0.5856,138.0,0.5857,5122.0
1753592077201,04:54:37.201,gateio,ACE/USDT:USDT,0.5846,138.0,0.5845,480.0,0.5856,138.0,0.5857,5122.0
1753592078189,04:54:38.189,gateio,ACE/USDT:USDT,0.5846,138.0,0.5845,480.0,0.5856,138.0,0.5857,5122.0
1753592080077,04:54:40.077,gateio,ACE/USDT:USDT,0.5846,138.0,0.5845,480.0,0.5856,138.0,0.5857,5122.0
1753592080622,04:54:40.622,gateio,ACE/USDT:USDT,0.5846,138.0,0.5845,480.0,0.5855,141.0,0.5856,10384.0
1753592080679,04:54:40.679,gateio,ACE/USDT:USDT,0.5845,480.0,0.5844,138.0,0.5855,141.0,0.5856,138.0
1753592080806,04:54:40.806,gateio,ACE/USDT:USDT,0.5845,480.0,0.5844,138.0,0.5855,141.0,0.5856,138.0
1753592080987,04:54:40.987,gateio,ACE/USDT:USDT,0.5845,480.0,0.5844,138.0,0.5855,141.0,0.5856,138.0
1753592081135,04:54:41.135,gateio,ACE/USDT:USDT,0.5845,480.0,0.5844,138.0,0.5856,138.0,0.5857,5122.0
1753592081165,04:54:41.165,gateio,ACE/USDT:USDT,0.5845,480.0,0.5844,138.0,0.5855,141.0,0.5856,138.0
1753592081318,04:54:41.318,gateio,ACE/USDT:USDT,0.5845,480.0,0.5844,138.0,0.5856,10384.0,0.5857,5122.0
1753592081347,04:54:41.347,gateio,ACE/USDT:USDT,0.5845,480.0,0.5844,138.0,0.5855,141.0,0.5856,138.0
1753592081527,04:54:41.527,gateio,ACE/USDT:USDT,0.5845,480.0,0.5844,138.0,0.5855,141.0,0.5856,138.0
1753592081705,04:54:41.705,gateio,ACE/USDT:USDT,0.5845,480.0,0.5844,138.0,0.5855,141.0,0.5856,138.0
1753592081898,04:54:41.898,gateio,ACE/USDT:USDT,0.5845,480.0,0.5844,138.0,0.5855,141.0,0.5856,138.0
1753592082044,04:54:42.044,gateio,ACE/USDT:USDT,0.5845,480.0,0.5844,138.0,0.5856,138.0,0.5857,5122.0
1753592082365,04:54:42.365,gateio,ACE/USDT:USDT,0.5845,480.0,0.5844,138.0,0.5856,138.0,0.5857,5122.0
1753592083048,04:54:43.048,gateio,ACE/USDT:USDT,0.5845,480.0,0.5844,138.0,0.5856,138.0,0.5857,5122.0
1753592083306,04:54:43.306,gateio,ACE/USDT:USDT,0.5845,480.0,0.5844,138.0,0.5856,138.0,0.5857,5122.0
1753592083518,04:54:43.518,gateio,ACE/USDT:USDT,0.5845,480.0,0.5844,138.0,0.5856,138.0,0.5857,5122.0
1753592084137,04:54:44.137,gateio,ACE/USDT:USDT,0.5845,480.0,0.5844,138.0,0.5856,138.0,0.5857,5122.0
1753592086754,04:54:46.754,gateio,ACE/USDT:USDT,0.5845,480.0,0.5844,138.0,0.5856,138.0,0.5857,5122.0
1753592087015,04:54:47.015,gateio,ACE/USDT:USDT,0.5845,480.0,0.5844,138.0,0.5856,138.0,0.5857,5122.0
1753592087146,04:54:47.146,gateio,ACE/USDT:USDT,0.5845,480.0,0.5844,138.0,0.5856,138.0,0.5857,5122.0
1753592087265,04:54:47.265,gateio,ACE/USDT:USDT,0.5846,141.0,0.5845,480.0,0.5856,10384.0,0.5857,5122.0
1753592087971,04:54:47.971,gateio,ACE/USDT:USDT,0.5846,141.0,0.5845,480.0,0.5855,141.0,0.5856,138.0
1753592088120,04:54:48.120,gateio,ACE/USDT:USDT,0.5846,141.0,0.5845,480.0,0.5856,138.0,0.5857,5122.0
1753592088181,04:54:48.181,gateio,ACE/USDT:USDT,0.5846,141.0,0.5845,480.0,0.5856,138.0,0.5857,5122.0
1753592088501,04:54:48.501,gateio,ACE/USDT:USDT,0.5846,141.0,0.5845,480.0,0.5856,138.0,0.5857,5122.0
1753592088603,04:54:48.603,gateio,ACE/USDT:USDT,0.5846,141.0,0.5845,480.0,0.5856,138.0,0.5857,5122.0
1753592088679,04:54:48.679,gateio,ACE/USDT:USDT,0.5846,141.0,0.5845,480.0,0.5856,138.0,0.5857,5122.0
1753592088900,04:54:48.900,gateio,ACE/USDT:USDT,0.5846,141.0,0.5845,480.0,0.5856,138.0,0.5857,5122.0
1753592088998,04:54:48.998,gateio,ACE/USDT:USDT,0.5846,141.0,0.5845,480.0,0.5856,138.0,0.5857,5122.0
1753592089427,04:54:49.427,gateio,ACE/USDT:USDT,0.5846,141.0,0.5845,480.0,0.5856,138.0,0.5857,5122.0
1753592090849,04:54:50.849,gateio,ACE/USDT:USDT,0.5846,141.0,0.5845,480.0,0.5856,138.0,0.5857,5122.0
1753592091466,04:54:51.466,gateio,ACE/USDT:USDT,0.5846,141.0,0.5845,480.0,0.5856,138.0,0.5857,5122.0
1753592094631,04:54:54.631,gateio,ACE/USDT:USDT,0.5846,141.0,0.5845,480.0,0.5856,138.0,0.5857,5122.0
1753592095116,04:54:55.116,gateio,ACE/USDT:USDT,0.5846,141.0,0.5845,480.0,0.5856,138.0,0.5857,5122.0
1753592095633,04:54:55.633,gateio,ACE/USDT:USDT,0.5846,141.0,0.5845,480.0,0.5856,138.0,0.5857,5122.0
1753592096725,04:54:56.725,gateio,ACE/USDT:USDT,0.5846,141.0,0.5845,480.0,0.5855,138.0,0.5856,138.0
1753592096741,04:54:56.741,gateio,ACE/USDT:USDT,0.5846,141.0,0.5845,480.0,0.5855,138.0,0.5856,138.0
1753592096853,04:54:56.853,gateio,ACE/USDT:USDT,0.5846,141.0,0.5845,480.0,0.5856,138.0,0.5857,5122.0
1753592097574,04:54:57.574,gateio,ACE/USDT:USDT,0.5846,141.0,0.5845,480.0,0.5856,138.0,0.5857,5122.0
1753592099032,04:54:59.032,gateio,ACE/USDT:USDT,0.5846,141.0,0.5845,480.0,0.5856,138.0,0.5857,5122.0
1753592099786,04:54:59.786,gateio,ACE/USDT:USDT,0.5846,141.0,0.5845,480.0,0.5856,138.0,0.5857,5122.0
1753592100512,04:55:00.512,gateio,ACE/USDT:USDT,0.5847,479.0,0.5846,141.0,0.5857,5122.0,0.5869,138.0
1753592100591,04:55:00.591,gateio,ACE/USDT:USDT,0.5847,137.0,0.5846,483.0,0.5857,5122.0,0.5869,138.0
1753592100770,04:55:00.770,gateio,ACE/USDT:USDT,0.5847,137.0,0.5846,483.0,0.5857,5122.0,0.5869,138.0
1753592101218,04:55:01.218,gateio,ACE/USDT:USDT,0.5847,137.0,0.5846,483.0,0.5857,5122.0,0.5869,138.0
1753592101752,04:55:01.752,gateio,ACE/USDT:USDT,0.5847,137.0,0.5846,483.0,0.5857,5122.0,0.5869,138.0
1753592102080,04:55:02.080,gateio,ACE/USDT:USDT,0.5847,137.0,0.5846,483.0,0.5857,5122.0,0.5869,138.0
1753592102334,04:55:02.334,gateio,ACE/USDT:USDT,0.5847,479.0,0.5846,141.0,0.5857,5122.0,0.5869,138.0
1753592102460,04:55:02.460,gateio,ACE/USDT:USDT,0.5847,479.0,0.5846,141.0,0.5857,5122.0,0.5869,138.0
1753592102600,04:55:02.600,gateio,ACE/USDT:USDT,0.5847,479.0,0.5846,141.0,0.5856,5259.0,0.5869,138.0
1753592102921,04:55:02.921,gateio,ACE/USDT:USDT,0.5847,479.0,0.5846,141.0,0.5856,5259.0,0.5869,138.0
1753592103343,04:55:03.343,gateio,ACE/USDT:USDT,0.5847,479.0,0.5846,141.0,0.5856,5259.0,0.5869,138.0
1753592105019,04:55:05.019,gateio,ACE/USDT:USDT,0.5847,479.0,0.5846,141.0,0.5856,5259.0,0.5869,138.0
1753592105090,04:55:05.090,gateio,ACE/USDT:USDT,0.5847,479.0,0.5846,141.0,0.5856,5259.0,0.5869,138.0
1753592105200,04:55:05.200,gateio,ACE/USDT:USDT,0.5847,137.0,0.5843,342.0,0.5856,5259.0,0.5869,138.0
1753592105566,04:55:05.566,gateio,ACE/USDT:USDT,0.5847,137.0,0.5843,342.0,0.5856,5259.0,0.5869,138.0
1753592106179,04:55:06.179,gateio,ACE/USDT:USDT,0.5847,137.0,0.5843,342.0,0.5856,5259.0,0.5869,138.0
1753592106593,04:55:06.593,gateio,ACE/USDT:USDT,0.5847,137.0,0.5843,342.0,0.5856,5259.0,0.5869,138.0
1753592106671,04:55:06.671,gateio,ACE/USDT:USDT,0.5847,137.0,0.5843,342.0,0.5856,5259.0,0.5869,138.0
1753592118913,04:55:18.913,gateio,ACE/USDT:USDT,0.5847,137.0,0.5843,342.0,0.5856,5259.0,0.5869,138.0
1753592121068,04:55:21.068,gateio,ACE/USDT:USDT,0.5847,137.0,0.5843,342.0,0.5856,5259.0,0.5869,138.0
1753592122715,04:55:22.715,gateio,ACE/USDT:USDT,0.5847,137.0,0.5843,342.0,0.5856,15505.0,0.5869,138.0
1753592122833,04:55:22.833,gateio,ACE/USDT:USDT,0.5844,141.0,0.5843,342.0,0.5855,6264.0,0.5856,10383.0
1753592122876,04:55:22.876,gateio,ACE/USDT:USDT,0.5844,141.0,0.5843,342.0,0.5854,5124.0,0.5855,1141.0
1753592123135,04:55:23.135,gateio,ACE/USDT:USDT,0.5844,141.0,0.5843,342.0,0.5854,5124.0,0.5855,1141.0
1753592123268,04:55:23.268,gateio,ACE/USDT:USDT,0.5844,141.0,0.5843,342.0,0.5854,5124.0,0.5855,1141.0
1753592123511,04:55:23.511,gateio,ACE/USDT:USDT,0.5844,141.0,0.5843,342.0,0.5854,6124.0,0.5855,1141.0
1753592123598,04:55:23.598,gateio,ACE/USDT:USDT,0.5844,141.0,0.5843,342.0,0.5854,6124.0,0.5855,1141.0
1753592123994,04:55:23.994,gateio,ACE/USDT:USDT,0.5844,141.0,0.5843,342.0,0.5854,6124.0,0.5855,1141.0
1753592124455,04:55:24.455,gateio,ACE/USDT:USDT,0.5844,141.0,0.5843,342.0,0.5854,6124.0,0.5855,1141.0
1753592125935,04:55:25.935,gateio,ACE/USDT:USDT,0.5845,141.0,0.5844,1389.0,0.5854,6124.0,0.5855,1141.0
1753592126001,04:55:26.001,gateio,ACE/USDT:USDT,0.5845,483.0,0.5844,1389.0,0.5854,6124.0,0.5855,1141.0
1753592126082,04:55:26.082,gateio,ACE/USDT:USDT,0.5845,483.0,0.5844,141.0,0.5854,6124.0,0.5855,1141.0
1753592126139,04:55:26.139,gateio,ACE/USDT:USDT,0.5845,483.0,0.5844,141.0,0.5854,6124.0,0.5855,1141.0
1753592126781,04:55:26.781,gateio,ACE/USDT:USDT,0.5845,141.0,0.5843,342.0,0.5854,6124.0,0.5855,1141.0
1753592127305,04:55:27.305,gateio,ACE/USDT:USDT,0.5845,141.0,0.5843,342.0,0.5854,6124.0,0.5855,1141.0
1753592127465,04:55:27.465,gateio,ACE/USDT:USDT,0.5845,141.0,0.5843,342.0,0.5854,6124.0,0.5855,141.0
1753592127718,04:55:27.718,gateio,ACE/USDT:USDT,0.5845,141.0,0.5843,342.0,0.5854,6124.0,0.5855,141.0
1753592128775,04:55:28.775,gateio,ACE/USDT:USDT,0.5845,141.0,0.5843,342.0,0.5854,6124.0,0.5855,141.0
1753592128939,04:55:28.939,gateio,ACE/USDT:USDT,0.5845,141.0,0.5843,342.0,0.5854,6124.0,0.5855,141.0
1753592130422,04:55:30.422,gateio,ACE/USDT:USDT,0.5845,141.0,0.5843,342.0,0.5854,6124.0,0.5869,138.0
1753592131426,04:55:31.426,gateio,ACE/USDT:USDT,0.5845,141.0,0.5843,342.0,0.5854,5124.0,0.5869,138.0
1753592131613,04:55:31.613,gateio,ACE/USDT:USDT,0.5845,141.0,0.5843,342.0,0.5854,5124.0,0.5869,138.0
1753592131787,04:55:31.787,gateio,ACE/USDT:USDT,0.5845,141.0,0.5843,342.0,0.5854,5124.0,0.5869,138.0
1753592132684,04:55:32.684,gateio,ACE/USDT:USDT,0.5845,141.0,0.5843,342.0,0.5854,5124.0,0.5869,138.0
1753592134234,04:55:34.234,gateio,ACE/USDT:USDT,0.5845,141.0,0.5843,342.0,0.5854,5124.0,0.5869,138.0
1753592134905,04:55:34.905,gateio,ACE/USDT:USDT,0.5845,141.0,0.5843,342.0,0.5854,15374.0,0.5869,138.0
1753592134979,04:55:34.979,gateio,ACE/USDT:USDT,0.5845,141.0,0.5843,342.0,0.5854,15374.0,0.5869,138.0
1753592135225,04:55:35.225,gateio,ACE/USDT:USDT,0.5845,141.0,0.5843,342.0,0.5854,15374.0,0.5869,138.0
1753592139835,04:55:39.835,gateio,ACE/USDT:USDT,0.5845,141.0,0.5843,342.0,0.5854,5124.0,0.5869,138.0
1753592139923,04:55:39.923,gateio,ACE/USDT:USDT,0.5845,141.0,0.5843,342.0,0.5854,5124.0,0.5869,138.0
1753592139944,04:55:39.944,gateio,ACE/USDT:USDT,0.5845,141.0,0.5843,342.0,0.5854,5124.0,0.5869,138.0
1753592140239,04:55:40.239,gateio,ACE/USDT:USDT,0.5845,141.0,0.5843,342.0,0.5854,5124.0,0.5869,138.0
1753592140419,04:55:40.419,gateio,ACE/USDT:USDT,0.5845,141.0,0.5843,342.0,0.5854,5124.0,0.5869,138.0
1753592143915,04:55:43.915,gateio,ACE/USDT:USDT,0.5845,141.0,0.5843,342.0,0.5854,5124.0,0.5869,138.0
1753592144277,04:55:44.277,gateio,ACE/USDT:USDT,0.5845,141.0,0.5843,342.0,0.5854,5124.0,0.5869,1138.0
1753592145315,04:55:45.315,gateio,ACE/USDT:USDT,0.5845,141.0,0.5843,342.0,0.5854,5124.0,0.5869,1138.0
1753592145695,04:55:45.695,gateio,ACE/USDT:USDT,0.5845,141.0,0.5843,342.0,0.5854,5124.0,0.5869,1138.0
1753592146263,04:55:46.263,gateio,ACE/USDT:USDT,0.5845,141.0,0.5843,342.0,0.5854,5124.0,0.5855,136.0
1753592146475,04:55:46.475,gateio,ACE/USDT:USDT,0.5845,141.0,0.5843,342.0,0.5854,5124.0,0.5855,136.0
1753592146713,04:55:46.713,gateio,ACE/USDT:USDT,0.5845,141.0,0.5843,342.0,0.5854,5124.0,0.5855,136.0
1753592146930,04:55:46.930,gateio,ACE/USDT:USDT,0.5845,141.0,0.5843,342.0,0.5854,15374.0,0.5855,136.0
1753592147000,04:55:47.000,gateio,ACE/USDT:USDT,0.5845,141.0,0.5843,342.0,0.5854,15374.0,0.5855,136.0
1753592147120,04:55:47.120,gateio,ACE/USDT:USDT,0.5845,141.0,0.5843,342.0,0.5854,15374.0,0.5855,136.0
1753592147243,04:55:47.243,gateio,ACE/USDT:USDT,0.5845,141.0,0.5843,342.0,0.5854,15374.0,0.5855,136.0
1753592147612,04:55:47.612,gateio,ACE/USDT:USDT,0.5845,141.0,0.5843,342.0,0.5854,15374.0,0.5855,136.0
1753592147990,04:55:47.990,gateio,ACE/USDT:USDT,0.5845,141.0,0.5843,342.0,0.5854,5124.0,0.5855,136.0
1753592148120,04:55:48.120,gateio,ACE/USDT:USDT,0.5845,141.0,0.5843,342.0,0.5854,5124.0,0.5855,136.0
1753592148617,04:55:48.617,gateio,ACE/USDT:USDT,0.5845,141.0,0.5843,342.0,0.5854,5124.0,0.5855,136.0
1753592155153,04:55:55.153,gateio,ACE/USDT:USDT,0.5845,141.0,0.5843,342.0,0.5854,5124.0,0.5855,136.0
1753592155624,04:55:55.624,gateio,ACE/USDT:USDT,0.5846,342.0,0.5845,10407.0,0.5854,5124.0,0.5855,136.0
1753592155725,04:55:55.725,gateio,ACE/USDT:USDT,0.5846,342.0,0.5845,10407.0,0.5854,5124.0,0.5855,136.0
1753592156254,04:55:56.254,gateio,ACE/USDT:USDT,0.5846,479.0,0.5845,10407.0,0.5854,5124.0,0.5855,136.0
1753592156535,04:55:56.535,gateio,ACE/USDT:USDT,0.5846,479.0,0.5845,10407.0,0.5854,5124.0,0.5855,136.0
1753592156619,04:55:56.619,gateio,ACE/USDT:USDT,0.5847,137.0,0.5846,479.0,0.5864,137.0,0.5865,5115.0
1753592156656,04:55:56.656,gateio,ACE/USDT:USDT,0.5847,137.0,0.5846,479.0,0.5862,137.0,0.5863,5116.0
1753592156979,04:55:56.979,gateio,ACE/USDT:USDT,0.5847,137.0,0.5846,479.0,0.5858,137.0,0.5859,5120.0
1753592157435,04:55:57.435,gateio,ACE/USDT:USDT,0.5847,137.0,0.5846,479.0,0.5858,5258.0,0.586,10375.0
1753592157477,04:55:57.477,gateio,ACE/USDT:USDT,0.5847,137.0,0.5846,479.0,0.5857,137.0,0.5858,5258.0
1753592157880,04:55:57.880,gateio,ACE/USDT:USDT,0.5847,137.0,0.5846,479.0,0.5857,137.0,0.5858,5258.0
1753592158705,04:55:58.705,gateio,ACE/USDT:USDT,0.5847,137.0,0.5846,479.0,0.5857,137.0,0.5858,5258.0
1753592159114,04:55:59.114,gateio,ACE/USDT:USDT,0.5847,137.0,0.5846,479.0,0.5857,137.0,0.5858,5258.0
1753592159519,04:55:59.519,gateio,ACE/USDT:USDT,0.5847,137.0,0.5846,479.0,0.5857,137.0,0.5858,5258.0
1753592159685,04:55:59.685,gateio,ACE/USDT:USDT,0.5847,137.0,0.5846,479.0,0.5857,137.0,0.5858,5258.0
1753592160740,04:56:00.740,gateio,ACE/USDT:USDT,0.5847,137.0,0.5846,479.0,0.5857,137.0,0.5858,5258.0
1753592163094,04:56:03.094,gateio,ACE/USDT:USDT,0.5847,137.0,0.5846,479.0,0.5857,137.0,0.5858,5258.0
1753592163198,04:56:03.198,gateio,ACE/USDT:USDT,0.5847,137.0,0.5846,479.0,0.5857,137.0,0.5858,5258.0
1753592163620,04:56:03.620,gateio,ACE/USDT:USDT,0.5847,137.0,0.5846,479.0,0.5857,137.0,0.5858,5258.0
1753592164079,04:56:04.079,gateio,ACE/USDT:USDT,0.5848,481.0,0.5847,1137.0,0.5858,5258.0,0.5862,137.0
1753592164141,04:56:04.141,gateio,ACE/USDT:USDT,0.5849,139.0,0.5848,481.0,0.5858,5258.0,0.5862,137.0
1753592164445,04:56:04.445,gateio,ACE/USDT:USDT,0.5849,139.0,0.5848,481.0,0.5858,5258.0,0.5862,137.0
1753592165041,04:56:05.041,gateio,ACE/USDT:USDT,0.5849,139.0,0.5848,481.0,0.5858,5258.0,0.5862,137.0
1753592165225,04:56:05.225,gateio,ACE/USDT:USDT,0.5849,139.0,0.5848,481.0,0.5858,5258.0,0.5862,137.0
1753592165239,04:56:05.239,gateio,ACE/USDT:USDT,0.5849,139.0,0.5848,481.0,0.5858,5258.0,0.5862,137.0
1753592166700,04:56:06.700,gateio,ACE/USDT:USDT,0.585,516.0,0.5849,139.0,0.5858,5293.0,0.5862,137.0
1753592166769,04:56:06.769,gateio,ACE/USDT:USDT,0.585,516.0,0.5848,139.0,0.5858,5293.0,0.5864,137.0
1753592166884,04:56:06.884,gateio,ACE/USDT:USDT,0.585,516.0,0.5848,139.0,0.5858,5293.0,0.5864,137.0
1753592170411,04:56:10.411,gateio,ACE/USDT:USDT,0.585,516.0,0.5848,139.0,0.5858,5293.0,0.5866,137.0
1753592171715,04:56:11.715,gateio,ACE/USDT:USDT,0.585,516.0,0.5848,139.0,0.5858,5293.0,0.5866,137.0
1753592171741,04:56:11.741,gateio,ACE/USDT:USDT,0.585,516.0,0.5848,139.0,0.5858,5293.0,0.5866,137.0
1753592172722,04:56:12.722,gateio,ACE/USDT:USDT,0.585,516.0,0.5848,139.0,0.5858,5293.0,0.5866,137.0
1753592172739,04:56:12.739,gateio,ACE/USDT:USDT,0.585,516.0,0.5848,139.0,0.5858,5293.0,0.5866,137.0
1753592173077,04:56:13.077,gateio,ACE/USDT:USDT,0.585,516.0,0.5848,139.0,0.5858,5293.0,0.5866,137.0
1753592174098,04:56:14.098,gateio,ACE/USDT:USDT,0.585,516.0,0.5848,139.0,0.5858,5293.0,0.5867,137.0
1753592174356,04:56:14.356,gateio,ACE/USDT:USDT,0.585,516.0,0.5848,139.0,0.5858,5293.0,0.5867,137.0
1753592174787,04:56:14.787,gateio,ACE/USDT:USDT,0.585,516.0,0.5848,139.0,0.5858,5293.0,0.5867,137.0
1753592174930,04:56:14.930,gateio,ACE/USDT:USDT,0.585,516.0,0.5848,139.0,0.5858,5293.0,0.5867,137.0
1753592177113,04:56:17.113,gateio,ACE/USDT:USDT,0.585,516.0,0.5848,139.0,0.5858,5293.0,0.5867,137.0
1753592177220,04:56:17.220,gateio,ACE/USDT:USDT,0.585,516.0,0.5848,139.0,0.5858,5293.0,0.5867,137.0
1753592177740,04:56:17.740,gateio,ACE/USDT:USDT,0.585,516.0,0.5848,139.0,0.5858,5293.0,0.5867,137.0
1753592177897,04:56:17.897,gateio,ACE/USDT:USDT,0.585,516.0,0.5848,139.0,0.5858,5293.0,0.5867,137.0
1753592178212,04:56:18.212,gateio,ACE/USDT:USDT,0.585,516.0,0.5848,139.0,0.5858,5293.0,0.5867,137.0
1753592178432,04:56:18.432,gateio,ACE/USDT:USDT,0.585,516.0,0.5848,139.0,0.5858,5293.0,0.5867,137.0
1753592178672,04:56:18.672,gateio,ACE/USDT:USDT,0.585,516.0,0.5848,139.0,0.5858,5293.0,0.5867,137.0
1753592181435,04:56:21.435,gateio,ACE/USDT:USDT,0.5844,140.0,0.5843,342.0,0.5858,5121.0,0.5867,137.0
1753592181520,04:56:21.520,gateio,ACE/USDT:USDT,0.5848,482.0,0.5847,1140.0,0.5858,5121.0,0.5867,137.0
1753592181545,04:56:21.545,gateio,ACE/USDT:USDT,0.5849,140.0,0.5848,482.0,0.5858,5121.0,0.5867,137.0
1753592181677,04:56:21.677,gateio,ACE/USDT:USDT,0.5849,140.0,0.5848,482.0,0.5858,5121.0,0.5867,137.0
1753592182510,04:56:22.510,gateio,ACE/USDT:USDT,0.5849,140.0,0.5848,482.0,0.5858,5121.0,0.5867,137.0
1753592182936,04:56:22.936,gateio,ACE/USDT:USDT,0.5849,140.0,0.5848,482.0,0.5858,5121.0,0.5867,137.0
1753592182936,04:56:22.936,gateio,ACE/USDT:USDT,0.5849,140.0,0.5848,482.0,0.5858,5121.0,0.5867,137.0
1753592188544,04:56:28.544,gateio,ACE/USDT:USDT,0.5849,140.0,0.5848,482.0,0.5858,5121.0,0.5867,137.0
1753592196713,04:56:36.713,gateio,ACE/USDT:USDT,0.5849,140.0,0.5848,482.0,0.5858,5121.0,0.5867,137.0
1753592197077,04:56:37.077,gateio,ACE/USDT:USDT,0.5849,140.0,0.5848,482.0,0.5858,5121.0,0.5867,137.0
1753592197721,04:56:37.721,gateio,ACE/USDT:USDT,0.585,1338.0,0.5849,140.0,0.5858,5121.0,0.5867,137.0
1753592197814,04:56:37.814,gateio,ACE/USDT:USDT,0.5852,342.0,0.5851,176.0,0.5858,5191.0,0.5867,137.0
1753592198219,04:56:38.219,gateio,ACE/USDT:USDT,0.5852,342.0,0.5851,176.0,0.5858,5191.0,0.5867,137.0
1753592198662,04:56:38.662,gateio,ACE/USDT:USDT,0.5852,342.0,0.5851,176.0,0.5858,5191.0,0.5867,137.0
1753592199319,04:56:39.319,gateio,ACE/USDT:USDT,0.5852,377.0,0.5851,176.0,0.5858,5121.0,0.5867,137.0
1753592199467,04:56:39.467,gateio,ACE/USDT:USDT,0.5852,377.0,0.5851,176.0,0.5858,5121.0,0.5867,137.0
1753592200697,04:56:40.697,gateio,ACE/USDT:USDT,0.5852,377.0,0.5851,176.0,0.5858,5156.0,0.5867,137.0
1753592201430,04:56:41.430,gateio,ACE/USDT:USDT,0.5852,377.0,0.5851,176.0,0.5858,5191.0,0.5867,137.0
1753592201591,04:56:41.591,gateio,ACE/USDT:USDT,0.5852,377.0,0.5851,176.0,0.5858,5191.0,0.5867,137.0
1753592201919,04:56:41.919,gateio,ACE/USDT:USDT,0.5852,377.0,0.5851,176.0,0.5858,5191.0,0.5867,137.0
1753592202291,04:56:42.291,gateio,ACE/USDT:USDT,0.5852,342.0,0.5851,176.0,0.5858,5191.0,0.5867,137.0
1753592202340,04:56:42.340,gateio,ACE/USDT:USDT,0.5852,342.0,0.5851,176.0,0.5858,5191.0,0.5867,137.0
1753592202776,04:56:42.776,gateio,ACE/USDT:USDT,0.5852,342.0,0.5851,176.0,0.5858,5191.0,0.5867,137.0
1753592203120,04:56:43.120,gateio,ACE/USDT:USDT,0.5852,342.0,0.5851,176.0,0.5858,5191.0,0.5867,137.0
1753592203605,04:56:43.605,gateio,ACE/USDT:USDT,0.5852,342.0,0.5851,176.0,0.5858,5191.0,0.5867,137.0
1753592204132,04:56:44.132,gateio,ACE/USDT:USDT,0.5852,342.0,0.5851,176.0,0.5858,5191.0,0.5867,137.0
1753592204819,04:56:44.819,gateio,ACE/USDT:USDT,0.5852,342.0,0.5851,176.0,0.5858,5191.0,0.5867,137.0
1753592205585,04:56:45.585,gateio,ACE/USDT:USDT,0.5852,342.0,0.5851,176.0,0.5858,5191.0,0.5867,137.0
1753592205820,04:56:45.820,gateio,ACE/USDT:USDT,0.5852,342.0,0.5851,176.0,0.5858,5156.0,0.5867,137.0
1753592205899,04:56:45.899,gateio,ACE/USDT:USDT,0.5852,342.0,0.5851,176.0,0.5858,5191.0,0.5867,137.0
1753592206620,04:56:46.620,gateio,ACE/USDT:USDT,0.5852,377.0,0.5851,176.0,0.5858,5191.0,0.5867,137.0
1753592206833,04:56:46.833,gateio,ACE/USDT:USDT,0.5852,377.0,0.5851,176.0,0.5858,5191.0,0.5867,137.0
1753592206839,04:56:46.839,gateio,ACE/USDT:USDT,0.5852,377.0,0.5851,176.0,0.5858,5191.0,0.5867,137.0
1753592207563,04:56:47.563,gateio,ACE/USDT:USDT,0.5852,377.0,0.5851,176.0,0.5858,5191.0,0.5867,137.0
1753592208716,04:56:48.716,gateio,ACE/USDT:USDT,0.5852,377.0,0.5851,176.0,0.5858,5191.0,0.5867,137.0
1753592208742,04:56:48.742,gateio,ACE/USDT:USDT,0.5852,377.0,0.5851,176.0,0.5858,5191.0,0.5867,137.0
1753592209093,04:56:49.093,gateio,ACE/USDT:USDT,0.5852,342.0,0.5851,176.0,0.5858,5191.0,0.5867,137.0
1753592209972,04:56:49.972,gateio,ACE/USDT:USDT,0.5852,342.0,0.5851,176.0,0.5858,5191.0,0.5867,137.0
1753592213449,04:56:53.449,gateio,ACE/USDT:USDT,0.5852,342.0,0.5851,176.0,0.5858,5191.0,0.5867,137.0
1753592214897,04:56:54.897,gateio,ACE/USDT:USDT,0.5852,342.0,0.5851,176.0,0.5858,5191.0,0.5867,137.0
1753592216992,04:56:56.992,gateio,ACE/USDT:USDT,0.5852,342.0,0.5851,176.0,0.5858,5191.0,0.5867,137.0
1753592222164,04:57:02.164,gateio,ACE/USDT:USDT,0.5852,342.0,0.5851,35.0,0.5858,5191.0,0.5867,137.0
1753592222284,04:57:02.284,gateio,ACE/USDT:USDT,0.5852,342.0,0.5851,35.0,0.5858,15433.0,0.5867,137.0
1753592222360,04:57:02.360,gateio,ACE/USDT:USDT,0.5852,342.0,0.5851,35.0,0.5858,15433.0,0.5867,137.0
1753592222606,04:57:02.606,gateio,ACE/USDT:USDT,0.5851,35.0,0.5849,342.0,0.5858,15433.0,0.5867,137.0
1753592222714,04:57:02.714,gateio,ACE/USDT:USDT,0.5849,342.0,0.5847,1140.0,0.5857,1142.0,0.5858,15433.0
1753592222803,04:57:02.803,gateio,ACE/USDT:USDT,0.5848,342.0,0.5847,1140.0,0.5857,1142.0,0.5858,15398.0
1753592222914,04:57:02.914,gateio,ACE/USDT:USDT,0.5848,342.0,0.5847,1140.0,0.5857,1142.0,0.5858,10277.0
1753592223031,04:57:03.031,gateio,ACE/USDT:USDT,0.5848,342.0,0.5847,1140.0,0.5857,1142.0,0.5858,10277.0
1753592223076,04:57:03.076,gateio,ACE/USDT:USDT,0.5848,342.0,0.5847,1140.0,0.5856,1142.0,0.5857,1142.0
1753592223159,04:57:03.159,gateio,ACE/USDT:USDT,0.5848,342.0,0.5847,1140.0,0.5856,1142.0,0.5857,1142.0
1753592223315,04:57:03.315,gateio,ACE/USDT:USDT,0.5848,342.0,0.5847,1000.0,0.5855,1142.0,0.5856,1142.0
1753592223413,04:57:03.413,gateio,ACE/USDT:USDT,0.5848,342.0,0.5847,1000.0,0.5855,1142.0,0.5856,1142.0
1753592223546,04:57:03.546,gateio,ACE/USDT:USDT,0.5848,342.0,0.5847,1000.0,0.5855,1142.0,0.5856,1142.0
1753592223771,04:57:03.771,gateio,ACE/USDT:USDT,0.5848,342.0,0.5847,1000.0,0.5855,1142.0,0.5856,1142.0
1753592223920,04:57:03.920,gateio,ACE/USDT:USDT,0.5848,342.0,0.5847,1000.0,0.5855,1142.0,0.5856,1142.0
1753592224373,04:57:04.373,gateio,ACE/USDT:USDT,0.5848,342.0,0.5847,1000.0,0.5855,1142.0,0.5856,1142.0
1753592226963,04:57:06.963,gateio,ACE/USDT:USDT,0.5848,342.0,0.5847,1000.0,0.5855,1142.0,0.5856,1142.0
1753592227339,04:57:07.339,gateio,ACE/USDT:USDT,0.5848,342.0,0.5847,1000.0,0.5855,1142.0,0.5856,1142.0
1753592227995,04:57:07.995,gateio,ACE/USDT:USDT,0.5848,342.0,0.5847,1000.0,0.5855,1142.0,0.5856,1142.0
1753592228504,04:57:08.504,gateio,ACE/USDT:USDT,0.5848,342.0,0.5847,1000.0,0.5855,1142.0,0.5856,1142.0
1753592228821,04:57:08.821,gateio,ACE/USDT:USDT,0.5848,342.0,0.5847,1000.0,0.5855,1142.0,0.5856,1142.0
1753592230501,04:57:10.501,gateio,ACE/USDT:USDT,0.5848,342.0,0.5847,1000.0,0.5855,1142.0,0.5856,1142.0
1753592230896,04:57:10.896,gateio,ACE/USDT:USDT,0.5848,342.0,0.5847,1000.0,0.5855,1142.0,0.5856,1142.0
1753592231321,04:57:11.321,gateio,ACE/USDT:USDT,0.5841,342.0,0.584,140.0,0.5855,1142.0,0.5856,1142.0
1753592231340,04:57:11.340,gateio,ACE/USDT:USDT,0.5842,135.0,0.5841,342.0,0.5855,1142.0,0.5856,1142.0
1753592231729,04:57:11.729,gateio,ACE/USDT:USDT,0.5842,135.0,0.5841,342.0,0.5855,1142.0,0.5856,1142.0
1753592232171,04:57:12.171,gateio,ACE/USDT:USDT,0.5842,135.0,0.5841,342.0,0.5855,1142.0,0.5856,1142.0
1753592233222,04:57:13.222,gateio,ACE/USDT:USDT,0.5844,135.0,0.5843,477.0,0.5855,1142.0,0.5856,1142.0
1753592233407,04:57:13.407,gateio,ACE/USDT:USDT,0.5844,135.0,0.5843,477.0,0.5855,1142.0,0.5856,1142.0
1753592233870,04:57:13.870,gateio,ACE/USDT:USDT,0.5844,135.0,0.5843,477.0,0.5855,1142.0,0.5856,1142.0
1753592234026,04:57:14.026,gateio,ACE/USDT:USDT,0.5844,135.0,0.5843,477.0,0.5855,1142.0,0.5856,1142.0
1753592235556,04:57:15.556,gateio,ACE/USDT:USDT,0.5846,342.0,0.5845,4045.0,0.5855,1142.0,0.5856,1142.0
1753592235928,04:57:15.928,gateio,ACE/USDT:USDT,0.5846,342.0,0.5845,4045.0,0.5855,1142.0,0.5856,1142.0
1753592235987,04:57:15.987,gateio,ACE/USDT:USDT,0.5844,342.0,0.5843,135.0,0.5855,1142.0,0.5856,1142.0
1753592236399,04:57:16.399,gateio,ACE/USDT:USDT,0.5844,135.0,0.5843,477.0,0.5855,1142.0,0.5856,1142.0
1753592236773,04:57:16.773,gateio,ACE/USDT:USDT,0.5844,135.0,0.5843,477.0,0.5855,1142.0,0.5856,1142.0
1753592237690,04:57:17.690,gateio,ACE/USDT:USDT,0.5844,135.0,0.5843,477.0,0.5855,1142.0,0.5856,1142.0
1753592238810,04:57:18.810,gateio,ACE/USDT:USDT,0.5844,135.0,0.5843,477.0,0.5855,1142.0,0.5856,1142.0
1753592241370,04:57:21.370,gateio,ACE/USDT:USDT,0.5844,135.0,0.5843,477.0,0.5855,1142.0,0.5856,1142.0
1753592243161,04:57:23.161,gateio,ACE/USDT:USDT,0.5844,135.0,0.5843,477.0,0.5855,1142.0,0.5856,1142.0
1753592244999,04:57:24.999,gateio,ACE/USDT:USDT,0.5844,135.0,0.5843,477.0,0.5855,1142.0,0.5856,1142.0
1753592253343,04:57:33.343,gateio,ACE/USDT:USDT,0.5844,135.0,0.5843,477.0,0.5855,1142.0,0.5856,1142.0
1753592254125,04:57:34.125,gateio,ACE/USDT:USDT,0.5845,479.0,0.5844,1135.0,0.5855,11388.0,0.5856,1142.0
1753592254159,04:57:34.159,gateio,ACE/USDT:USDT,0.5845,479.0,0.5844,1135.0,0.5855,11388.0,0.5856,1142.0
1753592254530,04:57:34.530,gateio,ACE/USDT:USDT,0.5845,479.0,0.5844,1135.0,0.5855,1142.0,0.5856,1142.0
1753592254613,04:57:34.613,gateio,ACE/USDT:USDT,0.5845,1334.0,0.5844,1135.0,0.5855,1142.0,0.5856,1142.0
1753592254920,04:57:34.920,gateio,ACE/USDT:USDT,0.5846,137.0,0.5845,1334.0,0.5855,1142.0,0.5856,1142.0
1753592255331,04:57:35.331,gateio,ACE/USDT:USDT,0.5846,137.0,0.5845,1334.0,0.5855,1142.0,0.5856,1142.0
1753592255361,04:57:35.361,gateio,ACE/USDT:USDT,0.5846,137.0,0.5845,1334.0,0.5855,1142.0,0.5856,1142.0
1753592255764,04:57:35.764,gateio,ACE/USDT:USDT,0.5846,137.0,0.5845,1334.0,0.5855,1142.0,0.5856,1142.0
1753592257631,04:57:37.631,gateio,ACE/USDT:USDT,0.5846,137.0,0.5845,479.0,0.5855,1142.0,0.5856,1142.0
1753592257639,04:57:37.639,gateio,ACE/USDT:USDT,0.5846,137.0,0.5845,479.0,0.5855,1142.0,0.5856,1142.0
1753592262791,04:57:42.791,gateio,ACE/USDT:USDT,0.5846,137.0,0.5845,479.0,0.5855,1142.0,0.5856,1142.0
1753592264619,04:57:44.619,gateio,ACE/USDT:USDT,0.5846,137.0,0.5845,479.0,0.5855,1142.0,0.5856,1142.0
1753592264917,04:57:44.917,gateio,ACE/USDT:USDT,0.5846,137.0,0.5845,479.0,0.5855,1142.0,0.5856,1142.0
1753592265847,04:57:45.847,gateio,ACE/USDT:USDT,0.5846,137.0,0.5845,479.0,0.5855,1142.0,0.5856,1142.0
1753592269117,04:57:49.117,gateio,ACE/USDT:USDT,0.5846,137.0,0.5845,479.0,0.5855,1142.0,0.5856,1142.0
1753592272827,04:57:52.827,gateio,ACE/USDT:USDT,0.5846,137.0,0.5845,479.0,0.5855,1142.0,0.5856,1142.0
1753592273816,04:57:53.816,gateio,ACE/USDT:USDT,0.5846,137.0,0.5845,479.0,0.5855,1142.0,0.5856,1142.0
1753592275399,04:57:55.399,gateio,ACE/USDT:USDT,0.5846,137.0,0.5845,479.0,0.5855,11388.0,0.5856,1142.0
1753592275479,04:57:55.479,gateio,ACE/USDT:USDT,0.5846,137.0,0.5845,479.0,0.5855,11388.0,0.5856,1142.0
1753592275551,04:57:55.551,gateio,ACE/USDT:USDT,0.5846,137.0,0.5845,479.0,0.5855,11388.0,0.5856,1142.0
1753592278122,04:57:58.122,gateio,ACE/USDT:USDT,0.5846,137.0,0.5845,479.0,0.5855,11388.0,0.5856,1142.0
1753592278232,04:57:58.232,gateio,ACE/USDT:USDT,0.5846,137.0,0.5845,479.0,0.5855,11388.0,0.5856,1142.0
1753592278313,04:57:58.313,gateio,ACE/USDT:USDT,0.5846,137.0,0.5845,479.0,0.5855,1142.0,0.5856,1142.0
1753592278380,04:57:58.380,gateio,ACE/USDT:USDT,0.5846,137.0,0.5845,479.0,0.5855,1142.0,0.5856,1142.0
1753592278824,04:57:58.824,gateio,ACE/USDT:USDT,0.5846,137.0,0.5845,479.0,0.5855,1142.0,0.5856,1142.0
1753592279535,04:57:59.535,gateio,ACE/USDT:USDT,0.5847,342.0,0.5846,992.0,0.5855,1142.0,0.5856,1142.0
1753592279540,04:57:59.540,gateio,ACE/USDT:USDT,0.5847,342.0,0.5846,992.0,0.5855,1000.0,0.5856,1142.0
1753592279733,04:57:59.733,gateio,ACE/USDT:USDT,0.5847,342.0,0.5846,137.0,0.5855,1000.0,0.5856,1142.0
1753592279795,04:57:59.795,gateio,ACE/USDT:USDT,0.5845,479.0,0.5844,1135.0,0.5855,1000.0,0.5856,1142.0
1753592280200,04:58:00.200,gateio,ACE/USDT:USDT,0.5847,377.0,0.5846,1965.0,0.5855,1000.0,0.5856,1142.0
1753592280534,04:58:00.534,gateio,ACE/USDT:USDT,0.5845,479.0,0.5844,1135.0,0.5855,1000.0,0.5856,1142.0
1753592280555,04:58:00.555,gateio,ACE/USDT:USDT,0.5845,479.0,0.5844,1135.0,0.5855,11246.0,0.5856,1142.0
1753592280819,04:58:00.819,gateio,ACE/USDT:USDT,0.5845,479.0,0.5844,1135.0,0.5855,11246.0,0.5856,1142.0
1753592281030,04:58:01.030,gateio,ACE/USDT:USDT,0.5845,479.0,0.5844,1135.0,0.5855,11246.0,0.5856,1142.0
1753592281156,04:58:01.156,gateio,ACE/USDT:USDT,0.5845,479.0,0.5844,1135.0,0.5855,11246.0,0.5856,1142.0
1753592281726,04:58:01.726,gateio,ACE/USDT:USDT,0.5845,479.0,0.5844,1135.0,0.5855,11246.0,0.5856,1142.0
1753592283187,04:58:03.187,gateio,ACE/USDT:USDT,0.5845,479.0,0.5844,1135.0,0.5855,11246.0,0.5856,1142.0
1753592285102,04:58:05.102,gateio,ACE/USDT:USDT,0.5845,342.0,0.5844,1135.0,0.5854,1140.0,0.5855,11246.0
1753592285315,04:58:05.315,gateio,ACE/USDT:USDT,0.5845,342.0,0.5844,1135.0,0.5854,1140.0,0.5855,11246.0
1753592285421,04:58:05.421,gateio,ACE/USDT:USDT,0.5845,342.0,0.5844,1135.0,0.5854,1140.0,0.5855,11246.0
1753592285472,04:58:05.472,gateio,ACE/USDT:USDT,0.5845,342.0,0.5844,1135.0,0.5854,1140.0,0.5855,11246.0
1753592285900,04:58:05.900,gateio,ACE/USDT:USDT,0.5845,342.0,0.5844,1135.0,0.5854,1140.0,0.5855,11246.0
1753592286304,04:58:06.304,gateio,ACE/USDT:USDT,0.5845,342.0,0.5844,1135.0,0.5854,1140.0,0.5855,11246.0
1753592286444,04:58:06.444,gateio,ACE/USDT:USDT,0.5845,342.0,0.5844,1135.0,0.5854,1140.0,0.5855,11246.0
1753592288834,04:58:08.834,gateio,ACE/USDT:USDT,0.5845,478.0,0.5844,1135.0,0.5854,1140.0,0.5855,1000.0
1753592288919,04:58:08.919,gateio,ACE/USDT:USDT,0.5845,478.0,0.5844,1135.0,0.5854,1140.0,0.5855,1000.0
1753592289140,04:58:09.140,gateio,ACE/USDT:USDT,0.5845,478.0,0.5844,1135.0,0.5854,1140.0,0.5855,1000.0
1753592289653,04:58:09.653,gateio,ACE/USDT:USDT,0.5845,478.0,0.5844,1135.0,0.5854,140.0,0.5855,1000.0
1753592292597,04:58:12.597,gateio,ACE/USDT:USDT,0.5845,478.0,0.5844,1135.0,0.5854,140.0,0.5855,1000.0
1753592292735,04:58:12.735,gateio,ACE/USDT:USDT,0.5845,478.0,0.5844,1135.0,0.5854,10390.0,0.5855,1000.0
1753592293595,04:58:13.595,gateio,ACE/USDT:USDT,0.5845,478.0,0.5844,1135.0,0.5854,10390.0,0.5855,1000.0
1753592295725,04:58:15.725,gateio,ACE/USDT:USDT,0.5845,478.0,0.5844,1135.0,0.5854,10390.0,0.5855,1000.0
1753592295739,04:58:15.739,gateio,ACE/USDT:USDT,0.5845,478.0,0.5844,1135.0,0.5854,10390.0,0.5855,1000.0
1753592295985,04:58:15.985,gateio,ACE/USDT:USDT,0.5845,478.0,0.5844,1135.0,0.5854,10390.0,0.5855,1000.0
1753592299190,04:58:19.190,gateio,ACE/USDT:USDT,0.5845,478.0,0.5844,1135.0,0.5854,140.0,0.5855,1000.0
1753592299674,04:58:19.674,gateio,ACE/USDT:USDT,0.5845,478.0,0.5844,1135.0,0.5854,140.0,0.5855,1000.0
1753592306119,04:58:26.119,gateio,ACE/USDT:USDT,0.5847,342.0,0.5846,1018.0,0.5855,1000.0,0.5856,1142.0
1753592306530,04:58:26.530,gateio,ACE/USDT:USDT,0.5847,342.0,0.5846,1018.0,0.5855,1000.0,0.5856,1142.0
1753592306919,04:58:26.919,gateio,ACE/USDT:USDT,0.5847,342.0,0.5845,136.0,0.5855,1000.0,0.5856,1142.0
1753592306962,04:58:26.962,gateio,ACE/USDT:USDT,0.5845,478.0,0.5844,1135.0,0.5855,1000.0,0.5856,1142.0
1753592307050,04:58:27.050,gateio,ACE/USDT:USDT,0.5846,136.0,0.5845,478.0,0.5855,1000.0,0.5856,1142.0
1753592307390,04:58:27.390,gateio,ACE/USDT:USDT,0.5846,136.0,0.5845,478.0,0.5855,1000.0,0.5856,1142.0
1753592307734,04:58:27.734,gateio,ACE/USDT:USDT,0.5847,136.0,0.5846,10400.0,0.5855,1000.0,0.5856,1000.0
1753592307810,04:58:27.810,gateio,ACE/USDT:USDT,0.5847,136.0,0.5846,136.0,0.5855,1000.0,0.5856,1000.0
1753592307909,04:58:27.909,gateio,ACE/USDT:USDT,0.5847,478.0,0.5846,10400.0,0.5855,1000.0,0.5856,1000.0
1753592308425,04:58:28.425,gateio,ACE/USDT:USDT,0.5847,478.0,0.5846,136.0,0.5857,1000.0,0.5858,5121.0
1753592308626,04:58:28.626,gateio,ACE/USDT:USDT,0.5847,478.0,0.5846,136.0,0.5857,1000.0,0.5858,5121.0
1753592308813,04:58:28.813,gateio,ACE/USDT:USDT,0.5848,141.0,0.5847,478.0,0.5857,1000.0,0.5858,5121.0
1753592309048,04:58:29.048,gateio,ACE/USDT:USDT,0.5848,141.0,0.5847,478.0,0.5857,1000.0,0.5858,5121.0
1753592309415,04:58:29.415,gateio,ACE/USDT:USDT,0.5848,141.0,0.5847,478.0,0.5857,1000.0,0.5858,5121.0
1753592309499,04:58:29.499,gateio,ACE/USDT:USDT,0.5848,141.0,0.5847,478.0,0.5857,1000.0,0.5858,5121.0
1753592309872,04:58:29.872,gateio,ACE/USDT:USDT,0.5848,141.0,0.5847,478.0,0.5857,1000.0,0.5858,5121.0
1753592311258,04:58:31.258,gateio,ACE/USDT:USDT,0.5848,141.0,0.5847,478.0,0.5857,1000.0,0.5858,5121.0
1753592313233,04:58:33.233,gateio,ACE/USDT:USDT,0.5848,141.0,0.5847,478.0,0.5857,1000.0,0.5858,5121.0
1753592313258,04:58:33.258,gateio,ACE/USDT:USDT,0.5848,141.0,0.5847,478.0,0.5857,1000.0,0.5858,5121.0
1753592314901,04:58:34.901,gateio,ACE/USDT:USDT,0.5848,141.0,0.5847,478.0,0.5857,1000.0,0.5858,5121.0
1753592323177,04:58:43.177,gateio,ACE/USDT:USDT,0.5849,484.0,0.5848,141.0,0.5857,1000.0,0.5858,5121.0
1753592323546,04:58:43.546,gateio,ACE/USDT:USDT,0.5849,484.0,0.5848,141.0,0.5857,1000.0,0.5858,5121.0
1753592323961,04:58:43.961,gateio,ACE/USDT:USDT,0.5849,484.0,0.5848,141.0,0.5857,1000.0,0.5858,5121.0
1753592325425,04:58:45.425,gateio,ACE/USDT:USDT,0.5849,484.0,0.5848,141.0,0.5857,1000.0,0.5858,5121.0
1753592325595,04:58:45.595,gateio,ACE/USDT:USDT,0.5849,142.0,0.5848,342.0,0.5857,1000.0,0.5858,5121.0
1753592325638,04:58:45.638,gateio,ACE/USDT:USDT,0.5849,142.0,0.5848,342.0,0.5857,1000.0,0.5858,5121.0
1753592326073,04:58:46.073,gateio,ACE/USDT:USDT,0.5849,142.0,0.5848,342.0,0.5857,1000.0,0.5858,5121.0
1753592327719,04:58:47.719,gateio,ACE/USDT:USDT,0.5849,142.0,0.5848,342.0,0.5857,1000.0,0.5858,5121.0
1753592328119,04:58:48.119,gateio,ACE/USDT:USDT,0.5849,142.0,0.5848,342.0,0.5857,1000.0,0.5858,5121.0
1753592328559,04:58:48.559,gateio,ACE/USDT:USDT,0.5849,142.0,0.5848,342.0,0.5857,1000.0,0.5858,5121.0
1753592328864,04:58:48.864,gateio,ACE/USDT:USDT,0.5849,142.0,0.5848,342.0,0.5857,1000.0,0.5858,5121.0
1753592329192,04:58:49.192,gateio,ACE/USDT:USDT,0.5849,142.0,0.5846,342.0,0.5857,1000.0,0.5858,5121.0
1753592330154,04:58:50.154,gateio,ACE/USDT:USDT,0.5849,142.0,0.5846,342.0,0.5857,1000.0,0.5858,5121.0
1753592332686,04:58:52.686,gateio,ACE/USDT:USDT,0.5849,142.0,0.5846,342.0,0.5857,1000.0,0.5858,5121.0
1753592333146,04:58:53.146,gateio,ACE/USDT:USDT,0.5849,142.0,0.5846,342.0,0.5857,1000.0,0.5858,5121.0
1753592337719,04:58:57.719,gateio,ACE/USDT:USDT,0.5849,142.0,0.5846,342.0,0.5857,1000.0,0.5858,5121.0
1753592337740,04:58:57.740,gateio,ACE/USDT:USDT,0.5849,142.0,0.5846,342.0,0.5857,1000.0,0.5858,5121.0
1753592343304,04:59:03.304,gateio,ACE/USDT:USDT,0.5849,142.0,0.5846,342.0,0.5857,1000.0,0.5858,5121.0
1753592364118,04:59:24.118,gateio,ACE/USDT:USDT,0.5849,142.0,0.5846,342.0,0.5857,1000.0,0.5858,5121.0
1753592365187,04:59:25.187,gateio,ACE/USDT:USDT,0.5849,142.0,0.5846,342.0,0.5857,1000.0,0.5858,5121.0
1753592367900,04:59:27.900,gateio,ACE/USDT:USDT,0.5851,377.0,0.585,1523.0,0.5857,1070.0,0.5858,5121.0
1753592368001,04:59:28.001,gateio,ACE/USDT:USDT,0.5851,377.0,0.585,1523.0,0.5857,1070.0,0.5858,5121.0
1753592368540,04:59:28.540,gateio,ACE/USDT:USDT,0.5851,412.0,0.585,1523.0,0.5857,1070.0,0.5858,5121.0
1753592369215,04:59:29.215,gateio,ACE/USDT:USDT,0.5851,35.0,0.5846,342.0,0.5857,1070.0,0.5858,5121.0
1753592369241,04:59:29.241,gateio,ACE/USDT:USDT,0.5851,35.0,0.5846,342.0,0.5857,1070.0,0.5858,5121.0
1753592373329,04:59:33.329,gateio,ACE/USDT:USDT,0.5851,35.0,0.5846,342.0,0.5857,1070.0,0.5858,5121.0
1753592373361,04:59:33.361,gateio,ACE/USDT:USDT,0.5851,35.0,0.5846,342.0,0.5857,1070.0,0.5858,5121.0
1753592379924,04:59:39.924,gateio,ACE/USDT:USDT,0.5851,35.0,0.5846,342.0,0.5857,1070.0,0.5858,5121.0
1753592381758,04:59:41.758,gateio,ACE/USDT:USDT,0.5851,170.0,0.5846,342.0,0.5857,1070.0,0.5858,5121.0
1753592389256,04:59:49.256,gateio,ACE/USDT:USDT,0.5851,170.0,0.5846,342.0,0.5857,1070.0,0.5858,5121.0
1753592391434,04:59:51.434,gateio,ACE/USDT:USDT,0.5851,170.0,0.5846,342.0,0.5857,1070.0,0.5858,5121.0
1753592401542,05:00:01.542,gateio,ACE/USDT:USDT,0.5851,170.0,0.5846,342.0,0.5857,1070.0,0.5858,5121.0
1753592401822,05:00:01.822,gateio,ACE/USDT:USDT,0.5852,342.0,0.5851,10459.0,0.5857,1035.0,0.5858,5121.0
1753592402235,05:00:02.235,gateio,ACE/USDT:USDT,0.5852,342.0,0.5851,10459.0,0.5857,1035.0,0.5858,5121.0
1753592402735,05:00:02.735,gateio,ACE/USDT:USDT,0.5852,342.0,0.5851,170.0,0.5857,1070.0,0.5858,5121.0
1753592402757,05:00:02.757,gateio,ACE/USDT:USDT,0.5851,35.0,0.5846,342.0,0.5857,1070.0,0.5858,5121.0
1753592403070,05:00:03.070,gateio,ACE/USDT:USDT,0.5851,35.0,0.5846,342.0,0.5857,1070.0,0.5858,5121.0
1753592404908,05:00:04.908,gateio,ACE/USDT:USDT,0.5851,35.0,0.5846,342.0,0.5857,1070.0,0.5858,5121.0
1753592405094,05:00:05.094,gateio,ACE/USDT:USDT,0.5851,35.0,0.5846,342.0,0.5857,1070.0,0.5858,5121.0
1753592407135,05:00:07.135,gateio,ACE/USDT:USDT,0.5852,342.0,0.5851,210.0,0.5857,1000.0,0.5866,1000.0
1753592407223,05:00:07.223,gateio,ACE/USDT:USDT,0.5852,342.0,0.5851,10464.0,0.5857,1000.0,0.5866,1000.0
1753592407336,05:00:07.336,gateio,ACE/USDT:USDT,0.5852,342.0,0.5851,10464.0,0.5863,1140.0,0.5864,6255.0
1753592407379,05:00:07.379,gateio,ACE/USDT:USDT,0.5852,342.0,0.5851,10464.0,0.5862,6257.0,0.5863,1140.0
1753592407529,05:00:07.529,gateio,ACE/USDT:USDT,0.5852,342.0,0.5851,10464.0,0.5862,6257.0,0.5863,1140.0
1753592407972,05:00:07.972,gateio,ACE/USDT:USDT,0.5852,342.0,0.5851,10464.0,0.5862,6257.0,0.5863,1140.0
1753592408401,05:00:08.401,gateio,ACE/USDT:USDT,0.5852,342.0,0.5851,10464.0,0.5862,6257.0,0.5863,1140.0
1753592408819,05:00:08.819,gateio,ACE/USDT:USDT,0.5852,342.0,0.5851,10464.0,0.5862,6257.0,0.5863,1140.0
1753592410189,05:00:10.189,gateio,ACE/USDT:USDT,0.5852,478.0,0.5851,210.0,0.5862,6257.0,0.5863,1140.0
1753592410511,05:00:10.511,gateio,ACE/USDT:USDT,0.5852,478.0,0.5851,210.0,0.5862,6257.0,0.5863,1140.0
1753592411160,05:00:11.160,gateio,ACE/USDT:USDT,0.5852,10730.0,0.5851,210.0,0.5861,1136.0,0.5862,6257.0
1753592411355,05:00:11.355,gateio,ACE/USDT:USDT,0.5852,10730.0,0.5851,210.0,0.5861,1136.0,0.5862,6257.0
1753592412178,05:00:12.178,gateio,ACE/USDT:USDT,0.5852,10730.0,0.5851,210.0,0.5861,1136.0,0.5862,6257.0
1753592413790,05:00:13.790,gateio,ACE/USDT:USDT,0.5852,10730.0,0.5851,210.0,0.5861,1136.0,0.5862,6257.0
1753592414231,05:00:14.231,gateio,ACE/USDT:USDT,0.5852,10730.0,0.5851,210.0,0.5861,1136.0,0.5862,6257.0
1753592414256,05:00:14.256,gateio,ACE/USDT:USDT,0.5852,10730.0,0.5851,210.0,0.5861,1136.0,0.5862,6257.0
1753592415080,05:00:15.080,gateio,ACE/USDT:USDT,0.5852,10730.0,0.5851,210.0,0.5861,1136.0,0.5862,6257.0
1753592416714,05:00:16.714,gateio,ACE/USDT:USDT,0.5852,478.0,0.5851,210.0,0.5861,1136.0,0.5862,6257.0
1753592416812,05:00:16.812,gateio,ACE/USDT:USDT,0.5852,478.0,0.5851,210.0,0.5861,1136.0,0.5862,6257.0
1753592418399,05:00:18.399,gateio,ACE/USDT:USDT,0.5851,35.0,0.5846,342.0,0.586,1139.0,0.5861,6254.0
1753592418711,05:00:18.711,gateio,ACE/USDT:USDT,0.5851,35.0,0.5846,342.0,0.586,1139.0,0.5861,6254.0
1753592420045,05:00:20.045,gateio,ACE/USDT:USDT,0.5851,35.0,0.5846,342.0,0.5859,139.0,0.586,1139.0
1753592421145,05:00:21.145,gateio,ACE/USDT:USDT,0.5851,35.0,0.5846,342.0,0.5859,139.0,0.586,1139.0
1753592422150,05:00:22.150,gateio,ACE/USDT:USDT,0.5851,35.0,0.5846,342.0,0.5859,1139.0,0.586,1139.0
1753592424212,05:00:24.212,gateio,ACE/USDT:USDT,0.5851,35.0,0.5846,342.0,0.5859,1139.0,0.586,1139.0
1753592425391,05:00:25.391,gateio,ACE/USDT:USDT,0.5852,481.0,0.5851,35.0,0.5859,1000.0,0.586,1139.0
1753592425491,05:00:25.491,gateio,ACE/USDT:USDT,0.5852,481.0,0.5851,35.0,0.5859,1000.0,0.586,1000.0
1753592425616,05:00:25.616,gateio,ACE/USDT:USDT,0.5854,342.0,0.5853,209.0,0.5859,1000.0,0.586,1000.0
1753592425733,05:00:25.733,gateio,ACE/USDT:USDT,0.5854,377.0,0.5853,174.0,0.5859,1000.0,0.586,1000.0
1753592425763,05:00:25.763,gateio,ACE/USDT:USDT,0.5854,377.0,0.5853,174.0,0.5859,1000.0,0.586,1000.0
1753592426019,05:00:26.019,gateio,ACE/USDT:USDT,0.5854,377.0,0.5853,174.0,0.5859,1000.0,0.586,1000.0
1753592426102,05:00:26.102,gateio,ACE/USDT:USDT,0.5854,377.0,0.5853,174.0,0.5861,1000.0,0.5862,1140.0
1753592426270,05:00:26.270,gateio,ACE/USDT:USDT,0.5854,377.0,0.5853,174.0,0.5861,1000.0,0.5862,1140.0
1753592426504,05:00:26.504,gateio,ACE/USDT:USDT,0.5854,377.0,0.5853,174.0,0.5861,1000.0,0.5862,1140.0
1753592426692,05:00:26.692,gateio,ACE/USDT:USDT,0.5854,377.0,0.5853,174.0,0.5861,1000.0,0.5862,1140.0
1753592426887,05:00:26.887,gateio,ACE/USDT:USDT,0.5854,377.0,0.5853,174.0,0.5861,1000.0,0.5862,1140.0
1753592427088,05:00:27.088,gateio,ACE/USDT:USDT,0.5854,377.0,0.5853,174.0,0.5861,1000.0,0.5862,1140.0
1753592427179,05:00:27.179,gateio,ACE/USDT:USDT,0.5854,377.0,0.5853,174.0,0.5861,1000.0,0.5862,1140.0
1753592427325,05:00:27.325,gateio,ACE/USDT:USDT,0.5854,377.0,0.5853,174.0,0.5861,1000.0,0.5862,1140.0
1753592428063,05:00:28.063,gateio,ACE/USDT:USDT,0.5854,377.0,0.5853,174.0,0.5861,1000.0,0.5862,1140.0
1753592430378,05:00:30.378,gateio,ACE/USDT:USDT,0.5854,377.0,0.5853,174.0,0.5861,1000.0,0.5862,1140.0
1753592430584,05:00:30.584,gateio,ACE/USDT:USDT,0.5854,514.0,0.5853,174.0,0.5861,1000.0,0.5862,1140.0
1753592435817,05:00:35.817,gateio,ACE/USDT:USDT,0.5854,514.0,0.5853,174.0,0.5861,1000.0,0.5862,1140.0
1753592435858,05:00:35.858,gateio,ACE/USDT:USDT,0.5854,10764.0,0.5853,174.0,0.5861,1000.0,0.5862,1140.0
1753592443434,05:00:43.434,gateio,ACE/USDT:USDT,0.5855,138.0,0.5854,514.0,0.5861,1000.0,0.5862,1000.0
1753592443495,05:00:43.495,gateio,ACE/USDT:USDT,0.5854,10764.0,0.5853,174.0,0.5861,1000.0,0.5862,1000.0
1753592443602,05:00:43.602,gateio,ACE/USDT:USDT,0.5854,514.0,0.5853,174.0,0.5861,1000.0,0.5862,1000.0
1753592443830,05:00:43.830,gateio,ACE/USDT:USDT,0.5854,514.0,0.5853,174.0,0.5861,1000.0,0.5862,1000.0
1753592443899,05:00:43.899,gateio,ACE/USDT:USDT,0.5854,514.0,0.5853,174.0,0.5862,1000.0,0.5863,1140.0
1753592444255,05:00:44.255,gateio,ACE/USDT:USDT,0.5854,514.0,0.5853,174.0,0.5862,1000.0,0.5863,1140.0
1753592444887,05:00:44.887,gateio,ACE/USDT:USDT,0.5854,514.0,0.5853,174.0,0.5862,1000.0,0.5863,1140.0
1753592445079,05:00:45.079,gateio,ACE/USDT:USDT,0.5854,514.0,0.5853,174.0,0.5862,1000.0,0.5863,1140.0
1753592447776,05:00:47.776,gateio,ACE/USDT:USDT,0.5854,479.0,0.5853,174.0,0.5862,1000.0,0.5863,1140.0
1753592448073,05:00:48.073,gateio,ACE/USDT:USDT,0.5854,342.0,0.5853,174.0,0.5862,1000.0,0.5863,1140.0
1753592448336,05:00:48.336,gateio,ACE/USDT:USDT,0.5854,342.0,0.5853,174.0,0.5862,1000.0,0.5863,1140.0
1753592448353,05:00:48.353,gateio,ACE/USDT:USDT,0.5854,342.0,0.5853,174.0,0.5862,1000.0,0.5863,1140.0
1753592448932,05:00:48.932,gateio,ACE/USDT:USDT,0.5854,342.0,0.5853,174.0,0.5862,1000.0,0.5863,1140.0
1753592449121,05:00:49.121,gateio,ACE/USDT:USDT,0.5854,342.0,0.5853,174.0,0.5862,1000.0,0.5863,1140.0
1753592449219,05:00:49.219,gateio,ACE/USDT:USDT,0.5854,342.0,0.5853,174.0,0.5862,1000.0,0.5863,1140.0
1753592450081,05:00:50.081,gateio,ACE/USDT:USDT,0.5854,342.0,0.5853,174.0,0.5862,1140.0,0.5863,1140.0
1753592450285,05:00:50.285,gateio,ACE/USDT:USDT,0.5854,342.0,0.5853,174.0,0.5862,11376.0,0.5863,1140.0
1753592451229,05:00:51.229,gateio,ACE/USDT:USDT,0.5852,139.0,0.5847,342.0,0.5862,11376.0,0.5863,1140.0
1753592451299,05:00:51.299,gateio,ACE/USDT:USDT,0.5852,139.0,0.5847,342.0,0.5862,11376.0,0.5863,1140.0
1753592451583,05:00:51.583,gateio,ACE/USDT:USDT,0.5852,139.0,0.5847,342.0,0.5862,11376.0,0.5863,1140.0
1753592452432,05:00:52.432,gateio,ACE/USDT:USDT,0.5852,139.0,0.5847,342.0,0.5862,11376.0,0.5863,1140.0
1753592453593,05:00:53.593,gateio,ACE/USDT:USDT,0.5852,139.0,0.5847,342.0,0.5861,140.0,0.5862,1140.0
1753592453669,05:00:53.669,gateio,ACE/USDT:USDT,0.5852,139.0,0.5847,342.0,0.5861,140.0,0.5862,1140.0
1753592454101,05:00:54.101,gateio,ACE/USDT:USDT,0.5852,139.0,0.5847,342.0,0.5861,140.0,0.5862,1140.0
1753592455015,05:00:55.015,gateio,ACE/USDT:USDT,0.5854,342.0,0.5853,1002.0,0.5862,1140.0,0.5863,1140.0
1753592455325,05:00:55.325,gateio,ACE/USDT:USDT,0.5854,342.0,0.5853,1002.0,0.5862,1140.0,0.5863,1140.0
1753592455435,05:00:55.435,gateio,ACE/USDT:USDT,0.5854,342.0,0.5852,139.0,0.5862,1140.0,0.5863,1140.0
1753592455455,05:00:55.455,gateio,ACE/USDT:USDT,0.5852,139.0,0.5847,342.0,0.5862,1140.0,0.5863,1140.0
1753592455745,05:00:55.745,gateio,ACE/USDT:USDT,0.5852,139.0,0.5847,342.0,0.5862,1140.0,0.5863,1140.0
1753592456166,05:00:56.166,gateio,ACE/USDT:USDT,0.5852,139.0,0.5847,342.0,0.5862,1140.0,0.5863,1140.0
1753592456588,05:00:56.588,gateio,ACE/USDT:USDT,0.5852,139.0,0.5847,342.0,0.5862,1140.0,0.5863,1140.0
1753592470315,05:01:10.315,gateio,ACE/USDT:USDT,0.5848,140.0,0.5847,5472.0,0.5861,140.0,0.5862,1140.0
1753592470420,05:01:10.420,gateio,ACE/USDT:USDT,0.585,140.0,0.5849,482.0,0.5861,140.0,0.5862,1140.0
1753592470674,05:01:10.674,gateio,ACE/USDT:USDT,0.585,140.0,0.5849,482.0,0.5861,140.0,0.5862,1140.0
1753592470758,05:01:10.758,gateio,ACE/USDT:USDT,0.585,140.0,0.5849,482.0,0.5861,140.0,0.5862,1140.0
1753592471200,05:01:11.200,gateio,ACE/USDT:USDT,0.585,140.0,0.5849,482.0,0.5861,140.0,0.5862,1140.0
1753592472295,05:01:12.295,gateio,ACE/USDT:USDT,0.585,140.0,0.5849,482.0,0.5861,140.0,0.5862,1140.0
1753592472461,05:01:12.461,gateio,ACE/USDT:USDT,0.585,140.0,0.5849,482.0,0.5861,140.0,0.5862,1140.0
1753592474875,05:01:14.875,gateio,ACE/USDT:USDT,0.5852,342.0,0.5851,9398.0,0.5861,140.0,0.5862,1140.0
1753592475302,05:01:15.302,gateio,ACE/USDT:USDT,0.5852,342.0,0.5851,9398.0,0.5861,140.0,0.5862,1140.0
1753592475542,05:01:15.542,gateio,ACE/USDT:USDT,0.5852,342.0,0.5851,9398.0,0.5861,140.0,0.5862,1140.0
1753592475802,05:01:15.802,gateio,ACE/USDT:USDT,0.585,1197.0,0.5849,140.0,0.5861,140.0,0.5862,1140.0
1753592475927,05:01:15.927,gateio,ACE/USDT:USDT,0.585,1197.0,0.5848,140.0,0.5861,140.0,0.5862,1140.0
1753592475998,05:01:15.998,gateio,ACE/USDT:USDT,0.585,1337.0,0.5848,140.0,0.5861,140.0,0.5862,1140.0
1753592476122,05:01:16.122,gateio,ACE/USDT:USDT,0.585,1337.0,0.5848,140.0,0.5861,140.0,0.5862,1140.0
1753592477116,05:01:17.116,gateio,ACE/USDT:USDT,0.5852,342.0,0.5851,140.0,0.5861,140.0,0.5862,1140.0
1753592477176,05:01:17.176,gateio,ACE/USDT:USDT,0.5851,10736.0,0.585,140.0,0.5861,140.0,0.5862,1140.0
1753592478236,05:01:18.236,gateio,ACE/USDT:USDT,0.5851,5609.0,0.585,140.0,0.5862,1140.0,0.5863,1140.0
1753592478306,05:01:18.306,gateio,ACE/USDT:USDT,0.5853,70.0,0.5852,342.0,0.5862,1140.0,0.5863,1140.0
1753592478534,05:01:18.534,gateio,ACE/USDT:USDT,0.5855,342.0,0.5854,2358.0,0.5862,1140.0,0.5863,1140.0
1753592478600,05:01:18.600,gateio,ACE/USDT:USDT,0.5855,35.0,0.5852,342.0,0.5862,1035.0,0.5863,1140.0
1753592479436,05:01:19.436,gateio,ACE/USDT:USDT,0.5855,35.0,0.5851,342.0,0.5862,1035.0,0.5863,1140.0
1753592479864,05:01:19.864,gateio,ACE/USDT:USDT,0.5855,35.0,0.5851,342.0,0.5862,1035.0,0.5863,1140.0
1753592480541,05:01:20.541,gateio,ACE/USDT:USDT,0.5855,35.0,0.5851,342.0,0.5862,1070.0,0.5863,1140.0
1753592482948,05:01:22.948,gateio,ACE/USDT:USDT,0.5855,35.0,0.5849,342.0,0.5862,1070.0,0.5863,1140.0
1753592483524,05:01:23.524,gateio,ACE/USDT:USDT,0.5855,35.0,0.5849,342.0,0.5862,1070.0,0.5863,1140.0
1753592483703,05:01:23.703,gateio,ACE/USDT:USDT,0.5855,35.0,0.5849,342.0,0.5862,1070.0,0.5863,1140.0
1753592484042,05:01:24.042,gateio,ACE/USDT:USDT,0.5855,35.0,0.5849,342.0,0.5862,1070.0,0.5863,1140.0
1753592484831,05:01:24.831,gateio,ACE/USDT:USDT,0.5855,35.0,0.5849,342.0,0.5862,1070.0,0.5863,1140.0
1753592484839,05:01:24.839,gateio,ACE/USDT:USDT,0.5855,35.0,0.5849,342.0,0.5862,1070.0,0.5863,1140.0
1753592486494,05:01:26.494,gateio,ACE/USDT:USDT,0.5855,35.0,0.5849,342.0,0.5862,1070.0,0.5863,1140.0
1753592491422,05:01:31.422,gateio,ACE/USDT:USDT,0.5855,70.0,0.5849,342.0,0.5862,1070.0,0.5863,1140.0
1753592491690,05:01:31.690,gateio,ACE/USDT:USDT,0.5855,70.0,0.5849,342.0,0.5862,1000.0,0.5863,1140.0
1753592492424,05:01:32.424,gateio,ACE/USDT:USDT,0.5855,70.0,0.5849,342.0,0.5862,1000.0,0.5863,1140.0
1753592492440,05:01:32.440,gateio,ACE/USDT:USDT,0.5855,70.0,0.5849,342.0,0.5862,1000.0,0.5863,1140.0
1753592492627,05:01:32.627,gateio,ACE/USDT:USDT,0.5855,70.0,0.5849,342.0,0.5862,1000.0,0.5863,1140.0
1753592492834,05:01:32.834,gateio,ACE/USDT:USDT,0.5856,342.0,0.5855,924.0,0.5862,1000.0,0.5863,1140.0
1753592492843,05:01:32.843,gateio,ACE/USDT:USDT,0.5856,342.0,0.5855,924.0,0.5862,1000.0,0.5863,1000.0
1753592493203,05:01:33.203,gateio,ACE/USDT:USDT,0.5856,342.0,0.5855,924.0,0.5862,1000.0,0.5863,1000.0
1753592493372,05:01:33.372,gateio,ACE/USDT:USDT,0.5856,342.0,0.5855,924.0,0.5863,1000.0,0.5864,1140.0
1753592494173,05:01:34.173,gateio,ACE/USDT:USDT,0.5856,342.0,0.5855,924.0,0.5863,1000.0,0.5864,1140.0
1753592494433,05:01:34.433,gateio,ACE/USDT:USDT,0.5856,342.0,0.5855,924.0,0.5863,1000.0,0.5864,1140.0
1753592496120,05:01:36.120,gateio,ACE/USDT:USDT,0.5855,70.0,0.5854,342.0,0.5863,1000.0,0.5864,1140.0
1753592496139,05:01:36.139,gateio,ACE/USDT:USDT,0.5855,70.0,0.5854,342.0,0.5863,1000.0,0.5864,1000.0
1753592496315,05:01:36.315,gateio,ACE/USDT:USDT,0.5855,924.0,0.5854,342.0,0.5864,1000.0,0.5865,140.0
1753592496400,05:01:36.400,gateio,ACE/USDT:USDT,0.5856,342.0,0.5855,924.0,0.5864,1000.0,0.5865,140.0
1753592496511,05:01:36.511,gateio,ACE/USDT:USDT,0.5856,342.0,0.5855,924.0,0.5864,1000.0,0.5865,140.0
1753592496634,05:01:36.634,gateio,ACE/USDT:USDT,0.5856,342.0,0.5855,924.0,0.5864,1000.0,0.5865,140.0
1753592496652,05:01:36.652,gateio,ACE/USDT:USDT,0.5856,342.0,0.5855,924.0,0.5864,1000.0,0.5865,140.0
1753592497008,05:01:37.008,gateio,ACE/USDT:USDT,0.5856,342.0,0.5855,924.0,0.5864,1000.0,0.5865,140.0
1753592497053,05:01:37.053,gateio,ACE/USDT:USDT,0.5856,342.0,0.5855,924.0,0.5864,1000.0,0.5865,140.0
1753592497331,05:01:37.331,gateio,ACE/USDT:USDT,0.5856,342.0,0.5855,924.0,0.5864,1000.0,0.5865,140.0
1753592497752,05:01:37.752,gateio,ACE/USDT:USDT,0.5856,342.0,0.5855,924.0,0.5864,1000.0,0.5865,140.0
1753592498175,05:01:38.175,gateio,ACE/USDT:USDT,0.5856,342.0,0.5855,924.0,0.5864,1000.0,0.5865,140.0
1753592498758,05:01:38.758,gateio,ACE/USDT:USDT,0.5856,342.0,0.5855,924.0,0.5864,1000.0,0.5865,140.0
1753592499091,05:01:39.091,gateio,ACE/USDT:USDT,0.5855,70.0,0.5854,342.0,0.5864,1000.0,0.5865,140.0
1753592499414,05:01:39.414,gateio,ACE/USDT:USDT,0.5855,70.0,0.5854,342.0,0.5864,1000.0,0.5865,140.0
1753592499762,05:01:39.762,gateio,ACE/USDT:USDT,0.5856,342.0,0.5855,210.0,0.5864,1000.0,0.5865,140.0
1753592499859,05:01:39.859,gateio,ACE/USDT:USDT,0.5856,342.0,0.5855,210.0,0.5864,1000.0,0.5865,140.0
1753592500299,05:01:40.299,gateio,ACE/USDT:USDT,0.5856,342.0,0.5855,210.0,0.5864,1000.0,0.5865,140.0
1753592501252,05:01:41.252,gateio,ACE/USDT:USDT,0.5856,342.0,0.5855,210.0,0.5864,1000.0,0.5865,140.0
1753592503366,05:01:43.366,gateio,ACE/USDT:USDT,0.5856,342.0,0.5855,210.0,0.5864,1000.0,0.5865,140.0
1753592503862,05:01:43.862,gateio,ACE/USDT:USDT,0.5856,1196.0,0.5855,210.0,0.5864,1000.0,0.5865,140.0
1753592504321,05:01:44.321,gateio,ACE/USDT:USDT,0.5858,412.0,0.5856,854.0,0.5864,1035.0,0.5866,1000.0
1753592504379,05:01:44.379,gateio,ACE/USDT:USDT,0.5858,70.0,0.5857,342.0,0.5864,1035.0,0.5866,1000.0
1753592504513,05:01:44.513,gateio,ACE/USDT:USDT,0.5858,70.0,0.5857,342.0,0.5864,1035.0,0.5866,1000.0
1753592504795,05:01:44.795,gateio,ACE/USDT:USDT,0.5858,70.0,0.5857,342.0,0.5864,1035.0,0.5866,1000.0
1753592505219,05:01:45.219,gateio,ACE/USDT:USDT,0.5858,70.0,0.5857,342.0,0.5864,35.0,0.5866,1000.0
1753592505592,05:01:45.592,gateio,ACE/USDT:USDT,0.5858,70.0,0.5857,342.0,0.5866,1000.0,0.5867,137.0
1753592505648,05:01:45.648,gateio,ACE/USDT:USDT,0.5858,70.0,0.5857,342.0,0.5866,1000.0,0.5867,137.0
1753592506081,05:01:46.081,gateio,ACE/USDT:USDT,0.5858,70.0,0.5857,342.0,0.5866,1000.0,0.5867,137.0
1753592506196,05:01:46.196,gateio,ACE/USDT:USDT,0.5858,70.0,0.5857,342.0,0.5866,1000.0,0.5867,137.0
1753592506507,05:01:46.507,gateio,ACE/USDT:USDT,0.5858,70.0,0.5857,342.0,0.5866,1000.0,0.5867,137.0
1753592506728,05:01:46.728,gateio,ACE/USDT:USDT,0.5858,70.0,0.5857,342.0,0.5866,1000.0,0.5867,137.0
1753592507334,05:01:47.334,gateio,ACE/USDT:USDT,0.5858,70.0,0.5854,342.0,0.5866,1000.0,0.5867,137.0
1753592508314,05:01:48.314,gateio,ACE/USDT:USDT,0.5858,70.0,0.5854,342.0,0.5866,1000.0,0.5867,137.0
1753592508360,05:01:48.360,gateio,ACE/USDT:USDT,0.5858,70.0,0.5854,342.0,0.5866,1000.0,0.5867,137.0
1753592508554,05:01:48.554,gateio,ACE/USDT:USDT,0.5858,70.0,0.5854,342.0,0.5866,1000.0,0.5867,137.0
1753592509134,05:01:49.134,gateio,ACE/USDT:USDT,0.5858,5191.0,0.5854,342.0,0.5866,1000.0,0.5867,137.0
1753592509149,05:01:49.149,gateio,ACE/USDT:USDT,0.5858,70.0,0.5854,342.0,0.5866,1000.0,0.5867,137.0
1753592509259,05:01:49.259,gateio,ACE/USDT:USDT,0.5859,342.0,0.5858,70.0,0.5866,1000.0,0.5868,1000.0
1753592509370,05:01:49.370,gateio,ACE/USDT:USDT,0.5859,342.0,0.5858,70.0,0.5866,1000.0,0.5868,1000.0
1753592509534,05:01:49.534,gateio,ACE/USDT:USDT,0.5858,70.0,0.5854,342.0,0.5866,1000.0,0.5868,1000.0
1753592509786,05:01:49.786,gateio,ACE/USDT:USDT,0.5858,70.0,0.5854,342.0,0.5866,1000.0,0.5868,1000.0
1753592509836,05:01:49.836,gateio,ACE/USDT:USDT,0.5858,70.0,0.5854,342.0,0.5866,1000.0,0.5868,1000.0
1753592510120,05:01:50.120,gateio,ACE/USDT:USDT,0.5858,5156.0,0.5854,342.0,0.5866,1000.0,0.5868,1000.0
1753592510218,05:01:50.218,gateio,ACE/USDT:USDT,0.5858,35.0,0.5854,342.0,0.5867,138.0,0.5868,1000.0
1753592510398,05:01:50.398,gateio,ACE/USDT:USDT,0.5858,35.0,0.5854,342.0,0.5867,138.0,0.5868,1000.0
1753592510610,05:01:50.610,gateio,ACE/USDT:USDT,0.5854,342.0,0.5853,137.0,0.5867,138.0,0.5868,1000.0
1753592510659,05:01:50.659,gateio,ACE/USDT:USDT,0.5854,342.0,0.5853,137.0,0.5867,138.0,0.5868,1000.0
1753592510791,05:01:50.791,gateio,ACE/USDT:USDT,0.5854,342.0,0.5853,137.0,0.5867,138.0,0.5868,1000.0
1753592510892,05:01:50.892,gateio,ACE/USDT:USDT,0.5853,137.0,0.5852,342.0,0.5866,5114.0,0.5867,138.0
1753592511031,05:01:51.031,gateio,ACE/USDT:USDT,0.5853,137.0,0.5852,342.0,0.5865,138.0,0.5866,5114.0
1753592511101,05:01:51.101,gateio,ACE/USDT:USDT,0.5853,137.0,0.5852,342.0,0.5865,138.0,0.5866,5114.0
1753592511221,05:01:51.221,gateio,ACE/USDT:USDT,0.5855,342.0,0.5853,137.0,0.5865,138.0,0.5866,5114.0
1753592511250,05:01:51.250,gateio,ACE/USDT:USDT,0.5853,137.0,0.5852,342.0,0.5865,138.0,0.5866,5114.0
1753592511526,05:01:51.526,gateio,ACE/USDT:USDT,0.5853,137.0,0.5852,342.0,0.5865,138.0,0.5866,5114.0
1753592511550,05:01:51.550,gateio,ACE/USDT:USDT,0.5853,137.0,0.5852,342.0,0.5865,138.0,0.5866,5114.0
1753592511974,05:01:51.974,gateio,ACE/USDT:USDT,0.5853,137.0,0.5852,342.0,0.5865,138.0,0.5866,5114.0
1753592512631,05:01:52.631,gateio,ACE/USDT:USDT,0.5854,342.0,0.5853,10389.0,0.5865,138.0,0.5866,5114.0
1753592512735,05:01:52.735,gateio,ACE/USDT:USDT,0.5854,480.0,0.5853,137.0,0.5865,138.0,0.5866,5114.0
1753592512762,05:01:52.762,gateio,ACE/USDT:USDT,0.5854,1334.0,0.5853,137.0,0.5865,138.0,0.5866,5114.0
1753592512878,05:01:52.878,gateio,ACE/USDT:USDT,0.5854,1334.0,0.5851,138.0,0.5865,138.0,0.5866,5114.0
1753592513595,05:01:53.595,gateio,ACE/USDT:USDT,0.5854,1334.0,0.5851,138.0,0.5865,138.0,0.5866,5114.0
1753592514820,05:01:54.820,gateio,ACE/USDT:USDT,0.5854,1334.0,0.5851,138.0,0.5865,138.0,0.5866,5114.0
1753592515222,05:01:55.222,gateio,ACE/USDT:USDT,0.5854,1334.0,0.5851,138.0,0.5865,138.0,0.5866,5114.0
1753592516100,05:01:56.100,gateio,ACE/USDT:USDT,0.5854,1334.0,0.5851,138.0,0.5865,138.0,0.5866,5114.0
1753592518888,05:01:58.888,gateio,ACE/USDT:USDT,0.5854,138.0,0.5852,342.0,0.5865,138.0,0.5866,5114.0
1753592519197,05:01:59.197,gateio,ACE/USDT:USDT,0.5854,992.0,0.5852,342.0,0.5865,138.0,0.5866,5114.0
1753592519303,05:01:59.303,gateio,ACE/USDT:USDT,0.5854,138.0,0.5852,342.0,0.5865,138.0,0.5866,5114.0
1753592519379,05:01:59.379,gateio,ACE/USDT:USDT,0.5855,342.0,0.5851,138.0,0.5865,138.0,0.5866,5114.0
1753592519533,05:01:59.533,gateio,ACE/USDT:USDT,0.5852,342.0,0.5851,138.0,0.5864,138.0,0.5865,138.0
1753592519632,05:01:59.632,gateio,ACE/USDT:USDT,0.5852,342.0,0.5851,138.0,0.5865,138.0,0.5866,5114.0
1753592519671,05:01:59.671,gateio,ACE/USDT:USDT,0.5852,342.0,0.5851,138.0,0.5864,138.0,0.5865,138.0
1753592519821,05:01:59.821,gateio,ACE/USDT:USDT,0.5852,1196.0,0.5851,138.0,0.5865,10368.0,0.5866,5114.0
1753592519900,05:01:59.900,gateio,ACE/USDT:USDT,0.5852,1196.0,0.5851,138.0,0.5864,138.0,0.5865,138.0
1753592519992,05:01:59.992,gateio,ACE/USDT:USDT,0.5852,1196.0,0.5851,138.0,0.5865,138.0,0.5866,5114.0
1753592520097,05:02:00.097,gateio,ACE/USDT:USDT,0.5852,1196.0,0.5851,138.0,0.5865,138.0,0.5866,5114.0
1753592520518,05:02:00.518,gateio,ACE/USDT:USDT,0.5852,1196.0,0.5851,138.0,0.5865,138.0,0.5866,5114.0
1753592520884,05:02:00.884,gateio,ACE/USDT:USDT,0.5854,342.0,0.5853,3434.0,0.5864,138.0,0.5865,138.0
1753592521020,05:02:01.020,gateio,ACE/USDT:USDT,0.5854,342.0,0.5852,854.0,0.5864,5253.0,0.5865,138.0
1753592521125,05:02:01.125,gateio,ACE/USDT:USDT,0.5851,10734.0,0.585,2852.0,0.5864,5253.0,0.5865,138.0
1753592521219,05:02:01.219,gateio,ACE/USDT:USDT,0.5851,10734.0,0.585,2852.0,0.5864,5253.0,0.5865,138.0
1753592521333,05:02:01.333,gateio,ACE/USDT:USDT,0.5851,10734.0,0.585,2852.0,0.5864,5253.0,0.5865,138.0
1753592521821,05:02:01.821,gateio,ACE/USDT:USDT,0.5851,10734.0,0.585,2852.0,0.5863,138.0,0.5864,5253.0
1753592521897,05:02:01.897,gateio,ACE/USDT:USDT,0.5851,480.0,0.585,2852.0,0.5862,138.0,0.5863,138.0
1753592522030,05:02:02.030,gateio,ACE/USDT:USDT,0.5851,1335.0,0.585,140.0,0.5862,138.0,0.5863,138.0
1753592522075,05:02:02.075,gateio,ACE/USDT:USDT,0.5851,1335.0,0.585,140.0,0.5863,138.0,0.5864,5253.0
1753592522327,05:02:02.327,gateio,ACE/USDT:USDT,0.5851,1335.0,0.585,140.0,0.5863,138.0,0.5864,5253.0
1753592522808,05:02:02.808,gateio,ACE/USDT:USDT,0.5851,1335.0,0.585,140.0,0.5863,138.0,0.5864,5253.0
1753592523080,05:02:03.080,gateio,ACE/USDT:USDT,0.5851,1335.0,0.585,140.0,0.5863,138.0,0.5864,5253.0
1753592523203,05:02:03.203,gateio,ACE/USDT:USDT,0.5851,1335.0,0.585,140.0,0.5863,138.0,0.5864,5253.0
1753592523712,05:02:03.712,gateio,ACE/USDT:USDT,0.5851,1197.0,0.585,140.0,0.5862,5255.0,0.5863,138.0
1753592523776,05:02:03.776,gateio,ACE/USDT:USDT,0.5851,342.0,0.585,140.0,0.5862,5255.0,0.5863,138.0
1753592523873,05:02:03.873,gateio,ACE/USDT:USDT,0.585,494.0,0.5849,500.0,0.5862,5255.0,0.5863,138.0
1753592524003,05:02:04.003,gateio,ACE/USDT:USDT,0.585,494.0,0.5849,500.0,0.5862,5255.0,0.5863,138.0
1753592524110,05:02:04.110,gateio,ACE/USDT:USDT,0.585,506.0,0.5849,500.0,0.5862,5255.0,0.5863,138.0
1753592524223,05:02:04.223,gateio,ACE/USDT:USDT,0.585,506.0,0.5849,500.0,0.5862,5255.0,0.5863,138.0
1753592524661,05:02:04.661,gateio,ACE/USDT:USDT,0.585,506.0,0.5849,500.0,0.5862,5255.0,0.5863,138.0
1753592525063,05:02:05.063,gateio,ACE/USDT:USDT,0.585,506.0,0.5849,500.0,0.5862,5255.0,0.5863,138.0
1753592525549,05:02:05.549,gateio,ACE/USDT:USDT,0.585,506.0,0.5849,500.0,0.5862,5255.0,0.5864,138.0
1753592526088,05:02:06.088,gateio,ACE/USDT:USDT,0.585,506.0,0.5849,500.0,0.5862,5255.0,0.5864,138.0
1753592526323,05:02:06.323,gateio,ACE/USDT:USDT,0.585,506.0,0.5849,500.0,0.5862,5255.0,0.5864,138.0
1753592526832,05:02:06.832,gateio,ACE/USDT:USDT,0.5851,10392.0,0.585,482.0,0.5862,5255.0,0.5864,138.0
1753592526915,05:02:06.915,gateio,ACE/USDT:USDT,0.5852,342.0,0.5851,138.0,0.5862,5255.0,0.5864,138.0
1753592527083,05:02:07.083,gateio,ACE/USDT:USDT,0.5851,480.0,0.585,140.0,0.5862,5255.0,0.5864,138.0
1753592527179,05:02:07.179,gateio,ACE/USDT:USDT,0.5851,11214.0,0.585,140.0,0.5862,5255.0,0.5864,138.0
1753592527545,05:02:07.545,gateio,ACE/USDT:USDT,0.5851,11214.0,0.585,140.0,0.5862,5255.0,0.5864,138.0
1753592528818,05:02:08.818,gateio,ACE/USDT:USDT,0.5851,10734.0,0.585,140.0,0.5862,5255.0,0.5867,138.0
1753592529574,05:02:09.574,gateio,ACE/USDT:USDT,0.5851,10734.0,0.585,140.0,0.5862,5255.0,0.5867,138.0
1753592531156,05:02:11.156,gateio,ACE/USDT:USDT,0.5851,480.0,0.585,140.0,0.5862,5255.0,0.5867,138.0
1753592532627,05:02:12.627,gateio,ACE/USDT:USDT,0.5851,480.0,0.585,140.0,0.5862,15491.0,0.5867,138.0
1753592532639,05:02:12.639,gateio,ACE/USDT:USDT,0.5851,480.0,0.585,140.0,0.5862,15491.0,0.5867,138.0
1753592533039,05:02:13.039,gateio,ACE/USDT:USDT,0.5851,480.0,0.585,140.0,0.5862,15491.0,0.5867,138.0
1753592534050,05:02:14.050,gateio,ACE/USDT:USDT,0.5851,480.0,0.585,140.0,0.5862,15491.0,0.5867,138.0
1753592534418,05:02:14.418,gateio,ACE/USDT:USDT,0.5851,480.0,0.585,140.0,0.5862,15491.0,0.5867,138.0
1753592534517,05:02:14.517,gateio,ACE/USDT:USDT,0.5851,342.0,0.5849,500.0,0.5861,138.0,0.5862,5255.0
1753592534575,05:02:14.575,gateio,ACE/USDT:USDT,0.585,342.0,0.5849,500.0,0.5861,138.0,0.5862,5255.0
1753592534659,05:02:14.659,gateio,ACE/USDT:USDT,0.585,342.0,0.5849,500.0,0.5861,138.0,0.5862,5255.0
1753592535024,05:02:15.024,gateio,ACE/USDT:USDT,0.585,342.0,0.5849,500.0,0.5861,138.0,0.5862,5255.0
1753592535520,05:02:15.520,gateio,ACE/USDT:USDT,0.585,342.0,0.5849,500.0,0.5861,138.0,0.5862,5255.0
1753592535643,05:02:15.643,gateio,ACE/USDT:USDT,0.585,342.0,0.5849,500.0,0.5861,138.0,0.5862,5255.0
1753592536092,05:02:16.092,gateio,ACE/USDT:USDT,0.585,342.0,0.5849,500.0,0.5861,138.0,0.5862,5255.0
1753592536922,05:02:16.922,gateio,ACE/USDT:USDT,0.585,1197.0,0.5849,500.0,0.5861,138.0,0.5862,5255.0
1753592536939,05:02:16.939,gateio,ACE/USDT:USDT,0.585,1197.0,0.5849,500.0,0.5861,138.0,0.5862,5255.0
1753592540621,05:02:20.621,gateio,ACE/USDT:USDT,0.585,342.0,0.5849,500.0,0.5862,5255.0,0.5867,138.0
1753592540817,05:02:20.817,gateio,ACE/USDT:USDT,0.585,482.0,0.5849,500.0,0.5862,5255.0,0.5867,138.0
1753592541284,05:02:21.284,gateio,ACE/USDT:USDT,0.585,482.0,0.5849,500.0,0.5862,5255.0,0.5867,138.0
1753592542003,05:02:22.003,gateio,ACE/USDT:USDT,0.585,1337.0,0.5849,500.0,0.5862,5255.0,0.5867,138.0
1753592542721,05:02:22.721,gateio,ACE/USDT:USDT,0.585,1337.0,0.5849,500.0,0.5862,5255.0,0.5867,138.0
1753592542800,05:02:22.800,gateio,ACE/USDT:USDT,0.5851,3478.0,0.585,11593.0,0.5862,5255.0,0.5867,138.0
1753592543310,05:02:23.310,gateio,ACE/USDT:USDT,0.5852,342.0,0.5851,3478.0,0.5862,5255.0,0.5867,138.0
1753592545489,05:02:25.489,gateio,ACE/USDT:USDT,0.5852,342.0,0.5851,3478.0,0.5862,5255.0,0.5867,138.0
1753592545683,05:02:25.683,gateio,ACE/USDT:USDT,0.5852,342.0,0.5851,3478.0,0.5862,5255.0,0.5867,138.0
1753592546779,05:02:26.779,gateio,ACE/USDT:USDT,0.5852,342.0,0.585,140.0,0.5862,5255.0,0.5867,138.0
1753592547386,05:02:27.386,gateio,ACE/USDT:USDT,0.585,1337.0,0.5849,500.0,0.5862,5255.0,0.5867,138.0
1753592547731,05:02:27.731,gateio,ACE/USDT:USDT,0.585,1337.0,0.5849,500.0,0.5862,5255.0,0.5867,138.0
1753592549023,05:02:29.023,gateio,ACE/USDT:USDT,0.585,1337.0,0.5849,500.0,0.5862,15491.0,0.5867,138.0
1753592549101,05:02:29.101,gateio,ACE/USDT:USDT,0.585,1337.0,0.5849,500.0,0.5862,5255.0,0.5867,138.0
1753592549509,05:02:29.509,gateio,ACE/USDT:USDT,0.585,1337.0,0.5849,500.0,0.5862,5255.0,0.5867,138.0
1753592551860,05:02:31.860,gateio,ACE/USDT:USDT,0.585,1337.0,0.5849,500.0,0.5862,5255.0,0.5867,138.0
1753592552372,05:02:32.372,gateio,ACE/USDT:USDT,0.585,1337.0,0.5849,500.0,0.5862,5255.0,0.5867,138.0
1753592553154,05:02:33.154,gateio,ACE/USDT:USDT,0.5852,342.0,0.5851,9380.0,0.5862,5255.0,0.5867,138.0
1753592553398,05:02:33.398,gateio,ACE/USDT:USDT,0.5852,342.0,0.5851,9380.0,0.5862,5255.0,0.5867,138.0
1753592553633,05:02:33.633,gateio,ACE/USDT:USDT,0.5852,342.0,0.585,140.0,0.5862,5255.0,0.5867,138.0
1753592553639,05:02:33.639,gateio,ACE/USDT:USDT,0.585,482.0,0.5849,500.0,0.5862,5255.0,0.5867,138.0
1753592553864,05:02:33.864,gateio,ACE/USDT:USDT,0.585,10738.0,0.5849,500.0,0.5862,5255.0,0.5867,138.0
1753592554024,05:02:34.024,gateio,ACE/USDT:USDT,0.585,10738.0,0.5849,500.0,0.5862,5255.0,0.5867,138.0
1753592554276,05:02:34.276,gateio,ACE/USDT:USDT,0.585,10738.0,0.5849,500.0,0.5862,5255.0,0.5867,138.0
1753592554629,05:02:34.629,gateio,ACE/USDT:USDT,0.585,10738.0,0.5849,500.0,0.5862,5255.0,0.5867,138.0
1753592561030,05:02:41.030,gateio,ACE/USDT:USDT,0.585,10738.0,0.5849,500.0,0.5862,5255.0,0.5867,138.0
1753592561765,05:02:41.765,gateio,ACE/USDT:USDT,0.585,10738.0,0.5849,500.0,0.5862,5255.0,0.5867,138.0
1753592562231,05:02:42.231,gateio,ACE/USDT:USDT,0.5852,342.0,0.5851,8697.0,0.5862,5255.0,0.5867,138.0
1753592562690,05:02:42.690,gateio,ACE/USDT:USDT,0.5852,342.0,0.5851,8697.0,0.5862,5255.0,0.5867,138.0
1753592562968,05:02:42.968,gateio,ACE/USDT:USDT,0.585,482.0,0.5849,500.0,0.5862,5255.0,0.5867,138.0
1753592563220,05:02:43.220,gateio,ACE/USDT:USDT,0.585,482.0,0.5849,500.0,0.5862,5255.0,0.5867,138.0
1753592563436,05:02:43.436,gateio,ACE/USDT:USDT,0.585,482.0,0.5849,500.0,0.5862,5255.0,0.5867,138.0
1753592563507,05:02:43.507,gateio,ACE/USDT:USDT,0.585,482.0,0.5849,500.0,0.5862,15491.0,0.5867,138.0
1753592563671,05:02:43.671,gateio,ACE/USDT:USDT,0.585,482.0,0.5849,500.0,0.5862,15491.0,0.5867,138.0
1753592566832,05:02:46.832,gateio,ACE/USDT:USDT,0.5845,341.0,0.5844,2957.0,0.5857,5122.0,0.5858,141.0
1753592566932,05:02:46.932,gateio,ACE/USDT:USDT,0.5841,341.0,0.584,140.0,0.5854,5465.0,0.5856,141.0
1753592567038,05:02:47.038,gateio,ACE/USDT:USDT,0.5841,482.0,0.584,140.0,0.5853,141.0,0.5854,5465.0
1753592567081,05:02:47.081,gateio,ACE/USDT:USDT,0.5842,141.0,0.5841,482.0,0.5854,5465.0,0.5856,141.0
1753592567147,05:02:47.147,gateio,ACE/USDT:USDT,0.5842,141.0,0.5841,482.0,0.5854,5465.0,0.5856,141.0
1753592567318,05:02:47.318,gateio,ACE/USDT:USDT,0.5842,141.0,0.5841,482.0,0.5854,5465.0,0.5856,141.0
1753592567343,05:02:47.343,gateio,ACE/USDT:USDT,0.5842,141.0,0.5841,482.0,0.5854,5465.0,0.5858,141.0
1753592567595,05:02:47.595,gateio,ACE/USDT:USDT,0.5842,141.0,0.5841,482.0,0.5854,5465.0,0.5858,141.0
1753592568438,05:02:48.438,gateio,ACE/USDT:USDT,0.5842,141.0,0.5841,482.0,0.5854,5465.0,0.5858,141.0
1753592568866,05:02:48.866,gateio,ACE/USDT:USDT,0.5842,141.0,0.5841,482.0,0.5854,5465.0,0.5858,141.0
1753592570330,05:02:50.330,gateio,ACE/USDT:USDT,0.5842,141.0,0.5841,482.0,0.5854,5465.0,0.5858,141.0
1753592570362,05:02:50.362,gateio,ACE/USDT:USDT,0.5842,141.0,0.5841,482.0,0.5854,5465.0,0.5858,141.0
1753592571041,05:02:51.041,gateio,ACE/USDT:USDT,0.5842,141.0,0.5841,482.0,0.5854,5465.0,0.5859,141.0
1753592571711,05:02:51.711,gateio,ACE/USDT:USDT,0.5842,141.0,0.5841,482.0,0.5854,5465.0,0.5859,141.0
1753592572043,05:02:52.043,gateio,ACE/USDT:USDT,0.5842,141.0,0.5841,482.0,0.5854,5465.0,0.5859,141.0
1753592574614,05:02:54.614,gateio,ACE/USDT:USDT,0.5842,141.0,0.5841,482.0,0.5854,5465.0,0.586,141.0
1753592575119,05:02:55.119,gateio,ACE/USDT:USDT,0.5842,141.0,0.5841,482.0,0.5854,5465.0,0.586,141.0
1753592575749,05:02:55.749,gateio,ACE/USDT:USDT,0.5842,141.0,0.5841,482.0,0.5854,5465.0,0.586,141.0
1753592577986,05:02:57.986,gateio,ACE/USDT:USDT,0.5842,141.0,0.5841,482.0,0.5854,5465.0,0.586,141.0
1753592578382,05:02:58.382,gateio,ACE/USDT:USDT,0.5842,141.0,0.5841,482.0,0.5854,5465.0,0.586,141.0
1753592578577,05:02:58.577,gateio,ACE/USDT:USDT,0.5842,141.0,0.5841,482.0,0.5854,5465.0,0.586,141.0
1753592578991,05:02:58.991,gateio,ACE/USDT:USDT,0.5842,141.0,0.5841,482.0,0.5854,5465.0,0.586,141.0
1753592579397,05:02:59.397,gateio,ACE/USDT:USDT,0.5842,141.0,0.5841,482.0,0.5854,5465.0,0.586,141.0
1753592580216,05:03:00.216,gateio,ACE/USDT:USDT,0.5842,141.0,0.5841,482.0,0.5854,15715.0,0.586,141.0
1753592580419,05:03:00.419,gateio,ACE/USDT:USDT,0.5842,141.0,0.5841,482.0,0.5854,15715.0,0.586,141.0
1753592580618,05:03:00.618,gateio,ACE/USDT:USDT,0.5842,141.0,0.5841,482.0,0.5854,15715.0,0.586,141.0
1753592581418,05:03:01.418,gateio,ACE/USDT:USDT,0.5842,141.0,0.5841,482.0,0.5854,15715.0,0.5861,141.0
1753592581527,05:03:01.527,gateio,ACE/USDT:USDT,0.5842,141.0,0.5841,482.0,0.5854,15715.0,0.5861,141.0
1753592581652,05:03:01.652,gateio,ACE/USDT:USDT,0.5842,141.0,0.5841,482.0,0.5854,5465.0,0.5861,141.0
1753592582719,05:03:02.719,gateio,ACE/USDT:USDT,0.5842,141.0,0.5841,482.0,0.5854,5465.0,0.5861,141.0
1753592582789,05:03:02.789,gateio,ACE/USDT:USDT,0.5842,141.0,0.5841,482.0,0.5854,5465.0,0.5861,141.0
1753592583091,05:03:03.091,gateio,ACE/USDT:USDT,0.5842,141.0,0.5841,482.0,0.5854,5465.0,0.5861,141.0
1753592583793,05:03:03.793,gateio,ACE/USDT:USDT,0.5842,141.0,0.5841,482.0,0.5854,5465.0,0.5861,141.0
1753592585034,05:03:05.034,gateio,ACE/USDT:USDT,0.5843,341.0,0.5842,10411.0,0.5854,15715.0,0.5867,138.0
1753592585146,05:03:05.146,gateio,ACE/USDT:USDT,0.5843,341.0,0.5842,10411.0,0.5854,15715.0,0.5867,138.0
1753592585564,05:03:05.564,gateio,ACE/USDT:USDT,0.5843,341.0,0.5842,10411.0,0.5854,15715.0,0.5867,138.0
1753592588127,05:03:08.127,gateio,ACE/USDT:USDT,0.5843,341.0,0.5842,10411.0,0.5854,15715.0,0.5867,138.0
1753592588508,05:03:08.508,gateio,ACE/USDT:USDT,0.5843,341.0,0.5842,10411.0,0.5854,15715.0,0.5867,138.0
1753592592114,05:03:12.114,gateio,ACE/USDT:USDT,0.5843,341.0,0.5842,10411.0,0.5854,15715.0,0.5867,138.0
1753592593401,05:03:13.401,gateio,ACE/USDT:USDT,0.5842,141.0,0.5841,341.0,0.5854,15715.0,0.5867,138.0
1753592593615,05:03:13.615,gateio,ACE/USDT:USDT,0.5842,141.0,0.5841,341.0,0.5854,15715.0,0.5867,138.0
1753592594434,05:03:14.434,gateio,ACE/USDT:USDT,0.5842,141.0,0.5841,341.0,0.5854,15715.0,0.5867,138.0
1753592595635,05:03:15.635,gateio,ACE/USDT:USDT,0.5843,341.0,0.5842,141.0,0.5854,15715.0,0.5867,138.0
1753592595679,05:03:15.679,gateio,ACE/USDT:USDT,0.5843,341.0,0.5842,141.0,0.5854,15715.0,0.5867,138.0
1753592595742,05:03:15.742,gateio,ACE/USDT:USDT,0.5843,341.0,0.5842,141.0,0.5854,15715.0,0.5867,138.0
1753592595871,05:03:15.871,gateio,ACE/USDT:USDT,0.5841,341.0,0.584,140.0,0.5854,15715.0,0.5867,138.0
1753592596065,05:03:16.065,gateio,ACE/USDT:USDT,0.5841,341.0,0.584,140.0,0.5854,15715.0,0.5867,138.0
1753592596484,05:03:16.484,gateio,ACE/USDT:USDT,0.5841,341.0,0.584,140.0,0.5854,15715.0,0.5867,138.0
1753592596900,05:03:16.900,gateio,ACE/USDT:USDT,0.5841,341.0,0.584,140.0,0.5854,15715.0,0.5867,138.0
1753592597303,05:03:17.303,gateio,ACE/USDT:USDT,0.5841,341.0,0.584,140.0,0.5854,15715.0,0.5867,138.0
1753592597633,05:03:17.633,gateio,ACE/USDT:USDT,0.5841,341.0,0.584,140.0,0.5854,15715.0,0.5867,138.0
1753592597714,05:03:17.714,gateio,ACE/USDT:USDT,0.584,481.0,0.5839,339.0,0.5852,341.0,0.5853,5125.0
1753592597759,05:03:17.759,gateio,ACE/USDT:USDT,0.584,481.0,0.5839,339.0,0.5852,341.0,0.5853,5125.0
1753592597874,05:03:17.874,gateio,ACE/USDT:USDT,0.584,481.0,0.5839,339.0,0.5852,341.0,0.5853,5125.0
1753592598126,05:03:18.126,gateio,ACE/USDT:USDT,0.584,481.0,0.5839,339.0,0.5852,341.0,0.5853,5125.0
1753592598547,05:03:18.547,gateio,ACE/USDT:USDT,0.584,481.0,0.5839,339.0,0.5852,341.0,0.5853,5125.0
1753592599119,05:03:19.119,gateio,ACE/USDT:USDT,0.584,481.0,0.5839,339.0,0.5852,341.0,0.5853,5125.0
1753592600381,05:03:20.381,gateio,ACE/USDT:USDT,0.584,1337.0,0.5839,339.0,0.5852,341.0,0.5853,5125.0
1753592602814,05:03:22.814,gateio,ACE/USDT:USDT,0.5841,140.0,0.584,2717.0,0.5852,341.0,0.5853,5125.0
1753592604095,05:03:24.095,gateio,ACE/USDT:USDT,0.5841,10412.0,0.584,1861.0,0.5852,341.0,0.5853,5125.0
1753592604197,05:03:24.197,gateio,ACE/USDT:USDT,0.5842,341.0,0.5841,10412.0,0.5852,341.0,0.5853,5125.0
1753592604633,05:03:24.633,gateio,ACE/USDT:USDT,0.5843,3658.0,0.5842,10611.0,0.5852,341.0,0.5853,5125.0
1753592604696,05:03:24.696,gateio,ACE/USDT:USDT,0.5844,70.0,0.5842,341.0,0.5852,376.0,0.5853,5125.0
1753592604973,05:03:24.973,gateio,ACE/USDT:USDT,0.5844,70.0,0.5842,341.0,0.5852,376.0,0.5853,5125.0
1753592605056,05:03:25.056,gateio,ACE/USDT:USDT,0.5844,70.0,0.5842,341.0,0.5852,376.0,0.5853,5125.0
1753592605155,05:03:25.155,gateio,ACE/USDT:USDT,0.5844,70.0,0.5842,341.0,0.5852,411.0,0.5853,5125.0
1753592605469,05:03:25.469,gateio,ACE/USDT:USDT,0.5844,70.0,0.5842,341.0,0.5852,411.0,0.5853,5125.0
1753592606154,05:03:26.154,gateio,ACE/USDT:USDT,0.5844,35.0,0.5841,341.0,0.5852,411.0,0.5853,5125.0
1753592606691,05:03:26.691,gateio,ACE/USDT:USDT,0.5844,35.0,0.5841,341.0,0.5852,411.0,0.5853,5125.0
1753592610026,05:03:30.026,gateio,ACE/USDT:USDT,0.5844,35.0,0.5841,341.0,0.5852,411.0,0.5853,5125.0
1753592610054,05:03:30.054,gateio,ACE/USDT:USDT,0.5844,35.0,0.5841,341.0,0.5852,411.0,0.5853,5125.0
1753592610278,05:03:30.278,gateio,ACE/USDT:USDT,0.5844,35.0,0.5841,341.0,0.5852,411.0,0.5853,5125.0
1753592610338,05:03:30.338,gateio,ACE/USDT:USDT,0.5844,35.0,0.5841,341.0,0.5852,411.0,0.5853,5125.0
1753592610754,05:03:30.754,gateio,ACE/USDT:USDT,0.5844,35.0,0.5841,341.0,0.5852,411.0,0.5853,5125.0
1753592614064,05:03:34.064,gateio,ACE/USDT:USDT,0.5844,35.0,0.5841,341.0,0.5852,411.0,0.5853,5125.0
1753592614407,05:03:34.407,gateio,ACE/USDT:USDT,0.5844,35.0,0.5841,341.0,0.5852,411.0,0.5853,5125.0
1753592614858,05:03:34.858,gateio,ACE/USDT:USDT,0.5844,35.0,0.5841,341.0,0.5852,411.0,0.5853,5125.0
1753592616809,05:03:36.809,gateio,ACE/USDT:USDT,0.5844,35.0,0.5841,341.0,0.5852,15789.0,0.5855,139.0
1753592616879,05:03:36.879,gateio,ACE/USDT:USDT,0.5844,35.0,0.5841,341.0,0.5852,15789.0,0.5855,139.0
1753592617701,05:03:37.701,gateio,ACE/USDT:USDT,0.5844,35.0,0.5841,341.0,0.5852,15789.0,0.5855,139.0
1753592622719,05:03:42.719,gateio,ACE/USDT:USDT,0.5844,35.0,0.5841,341.0,0.5852,15789.0,0.5855,139.0
1753592626895,05:03:46.895,gateio,ACE/USDT:USDT,0.5844,35.0,0.5841,341.0,0.5852,15789.0,0.5855,139.0
1753592626955,05:03:46.955,gateio,ACE/USDT:USDT,0.5844,35.0,0.5841,341.0,0.5852,15789.0,0.5855,139.0
1753592627732,05:03:47.732,gateio,ACE/USDT:USDT,0.5844,35.0,0.5841,341.0,0.5852,15789.0,0.5855,139.0
1753592629780,05:03:49.780,gateio,ACE/USDT:USDT,0.5844,70.0,0.5841,341.0,0.5852,5537.0,0.5855,139.0
1753592630202,05:03:50.202,gateio,ACE/USDT:USDT,0.5844,70.0,0.5841,341.0,0.5852,5537.0,0.5855,139.0
1753592630434,05:03:50.434,gateio,ACE/USDT:USDT,0.5844,70.0,0.5841,341.0,0.5852,5537.0,0.5855,139.0
1753592630439,05:03:50.439,gateio,ACE/USDT:USDT,0.5844,70.0,0.5841,341.0,0.5852,5537.0,0.5855,139.0
1753592634705,05:03:54.705,gateio,ACE/USDT:USDT,0.5844,70.0,0.5841,341.0,0.5852,5537.0,0.5855,139.0
1753592635795,05:03:55.795,gateio,ACE/USDT:USDT,0.5844,70.0,0.5841,341.0,0.5852,5537.0,0.5855,139.0
1753592635867,05:03:55.867,gateio,ACE/USDT:USDT,0.5844,70.0,0.5841,341.0,0.5852,5537.0,0.5855,139.0
1753592636504,05:03:56.504,gateio,ACE/USDT:USDT,0.5844,70.0,0.5841,341.0,0.5852,5537.0,0.5855,139.0
1753592636586,05:03:56.586,gateio,ACE/USDT:USDT,0.5844,70.0,0.5841,341.0,0.5852,5537.0,0.5855,139.0
1753592638350,05:03:58.350,gateio,ACE/USDT:USDT,0.5844,35.0,0.5841,341.0,0.5852,5537.0,0.5855,139.0
1753592638707,05:03:58.707,gateio,ACE/USDT:USDT,0.5844,35.0,0.5841,341.0,0.5852,5537.0,0.5855,139.0
1753592643131,05:04:03.131,gateio,ACE/USDT:USDT,0.584,341.0,0.5839,198.0,0.585,341.0,0.5851,5127.0
1753592643228,05:04:03.228,gateio,ACE/USDT:USDT,0.584,341.0,0.5839,198.0,0.585,15725.0,0.5855,139.0
1753592643258,05:04:03.258,gateio,ACE/USDT:USDT,0.584,341.0,0.5839,198.0,0.585,15725.0,0.5855,139.0
1753592643546,05:04:03.546,gateio,ACE/USDT:USDT,0.584,341.0,0.5839,198.0,0.585,15725.0,0.5855,139.0
1753592644219,05:04:04.219,gateio,ACE/USDT:USDT,0.584,341.0,0.5839,198.0,0.585,15725.0,0.5855,139.0
1753592644691,05:04:04.691,gateio,ACE/USDT:USDT,0.584,341.0,0.5839,198.0,0.585,15725.0,0.5855,139.0
1753592645687,05:04:05.687,gateio,ACE/USDT:USDT,0.584,341.0,0.5839,198.0,0.585,15725.0,0.5855,139.0
1753592645967,05:04:05.967,gateio,ACE/USDT:USDT,0.584,341.0,0.5839,198.0,0.585,15725.0,0.5855,139.0
1753592647931,05:04:07.931,gateio,ACE/USDT:USDT,0.584,341.0,0.5839,198.0,0.585,15725.0,0.5855,139.0
1753592647994,05:04:07.994,gateio,ACE/USDT:USDT,0.584,341.0,0.5839,198.0,0.585,15725.0,0.5855,139.0
1753592648582,05:04:08.582,gateio,ACE/USDT:USDT,0.584,341.0,0.5839,198.0,0.585,15725.0,0.5855,139.0
1753592648937,05:04:08.937,gateio,ACE/USDT:USDT,0.584,341.0,0.5839,198.0,0.585,15725.0,0.5855,139.0
1753592649481,05:04:09.481,gateio,ACE/USDT:USDT,0.584,341.0,0.5839,198.0,0.585,15725.0,0.5855,139.0
1753592649951,05:04:09.951,gateio,ACE/USDT:USDT,0.584,341.0,0.5839,198.0,0.585,15725.0,0.5855,139.0
1753592650408,05:04:10.408,gateio,ACE/USDT:USDT,0.584,341.0,0.5839,198.0,0.585,15725.0,0.5855,139.0
1753592651604,05:04:11.604,gateio,ACE/USDT:USDT,0.584,341.0,0.5839,198.0,0.585,5469.0,0.5855,139.0
1753592654435,05:04:14.435,gateio,ACE/USDT:USDT,0.584,5478.0,0.5839,198.0,0.5855,139.0,0.5865,341.0
1753592654475,05:04:14.475,gateio,ACE/USDT:USDT,0.584,341.0,0.5839,198.0,0.5853,341.0,0.5854,5124.0
1753592654852,05:04:14.852,gateio,ACE/USDT:USDT,0.584,341.0,0.5839,198.0,0.5853,5466.0,0.5855,139.0
1753592655913,05:04:15.913,gateio,ACE/USDT:USDT,0.584,341.0,0.5839,198.0,0.5853,15718.0,0.5855,139.0
1753592655937,05:04:15.937,gateio,ACE/USDT:USDT,0.584,341.0,0.5839,198.0,0.5853,15718.0,0.5855,139.0
1753592656131,05:04:16.131,gateio,ACE/USDT:USDT,0.584,341.0,0.5839,198.0,0.5851,5468.0,0.5853,10252.0
1753592656199,05:04:16.199,gateio,ACE/USDT:USDT,0.584,341.0,0.5839,198.0,0.5851,5468.0,0.5853,10252.0
1753592656546,05:04:16.546,gateio,ACE/USDT:USDT,0.584,341.0,0.5839,198.0,0.5851,5468.0,0.5853,10252.0
1753592656794,05:04:16.794,gateio,ACE/USDT:USDT,0.584,341.0,0.5839,198.0,0.5851,5468.0,0.5853,10252.0
1753592657795,05:04:17.795,gateio,ACE/USDT:USDT,0.584,341.0,0.5839,198.0,0.5851,5468.0,0.5853,10252.0
1753592658166,05:04:18.166,gateio,ACE/USDT:USDT,0.584,341.0,0.5839,198.0,0.5851,5468.0,0.5853,10252.0
1753592662523,05:04:22.523,gateio,ACE/USDT:USDT,0.584,341.0,0.5839,198.0,0.5851,15722.0,0.5855,139.0
1753592662688,05:04:22.688,gateio,ACE/USDT:USDT,0.584,341.0,0.5839,198.0,0.5851,5468.0,0.5855,139.0
1753592662762,05:04:22.762,gateio,ACE/USDT:USDT,0.584,341.0,0.5839,198.0,0.5851,5468.0,0.5855,139.0
1753592663798,05:04:23.798,gateio,ACE/USDT:USDT,0.584,341.0,0.5839,198.0,0.5851,5468.0,0.5855,139.0
1753592664335,05:04:24.335,gateio,ACE/USDT:USDT,0.5847,1.0,0.584,341.0,0.5851,5468.0,0.5852,70.0
1753592664419,05:04:24.419,gateio,ACE/USDT:USDT,0.584,341.0,0.5839,198.0,0.5851,5468.0,0.5852,70.0
1753592664442,05:04:24.442,gateio,ACE/USDT:USDT,0.584,341.0,0.5839,198.0,0.5851,5468.0,0.5852,70.0
1753592664687,05:04:24.687,gateio,ACE/USDT:USDT,0.584,341.0,0.5839,198.0,0.5851,5468.0,0.5852,70.0
1753592664869,05:04:24.869,gateio,ACE/USDT:USDT,0.584,341.0,0.5839,198.0,0.5851,5468.0,0.5852,70.0
1753592665136,05:04:25.136,gateio,ACE/USDT:USDT,0.584,341.0,0.5839,198.0,0.5851,5468.0,0.5852,70.0
1753592665137,05:04:25.137,gateio,ACE/USDT:USDT,0.584,341.0,0.5839,198.0,0.5851,5468.0,0.5852,70.0
1753592665635,05:04:25.635,gateio,ACE/USDT:USDT,0.584,341.0,0.5839,198.0,0.5851,5468.0,0.5852,70.0
1753592665865,05:04:25.865,gateio,ACE/USDT:USDT,0.584,341.0,0.5839,198.0,0.5851,5468.0,0.5852,70.0
1753592666866,05:04:26.866,gateio,ACE/USDT:USDT,0.584,341.0,0.5839,198.0,0.5851,5468.0,0.5852,70.0
1753592667085,05:04:27.085,gateio,ACE/USDT:USDT,0.584,341.0,0.5839,198.0,0.5851,5468.0,0.5852,70.0
1753592667360,05:04:27.360,gateio,ACE/USDT:USDT,0.5842,411.0,0.5841,2397.0,0.5851,5468.0,0.5852,70.0
1753592667626,05:04:27.626,gateio,ACE/USDT:USDT,0.5842,411.0,0.5841,2397.0,0.5851,5468.0,0.5852,70.0
1753592668020,05:04:28.020,gateio,ACE/USDT:USDT,0.5842,2150.0,0.5841,2397.0,0.5851,5468.0,0.5852,70.0
1753592668074,05:04:28.074,gateio,ACE/USDT:USDT,0.5842,2150.0,0.5839,198.0,0.5851,5468.0,0.5852,70.0
1753592668152,05:04:28.152,gateio,ACE/USDT:USDT,0.5842,2150.0,0.5839,198.0,0.5851,5468.0,0.5852,70.0
1753592668369,05:04:28.369,gateio,ACE/USDT:USDT,0.5842,2150.0,0.5839,198.0,0.5851,5468.0,0.5852,70.0
1753592668904,05:04:28.904,gateio,ACE/USDT:USDT,0.5842,2150.0,0.5839,198.0,0.5851,5468.0,0.5852,70.0
1753592671055,05:04:31.055,gateio,ACE/USDT:USDT,0.5842,70.0,0.584,341.0,0.5851,5468.0,0.5852,70.0
1753592671337,05:04:31.337,gateio,ACE/USDT:USDT,0.5842,2921.0,0.584,341.0,0.5851,5468.0,0.5852,70.0
