timestamp,time,exchange,symbol,bid1_price,bid1_volume,bid2_price,bid2_volume,ask1_price,ask1_volume,ask2_price,ask2_volume
1753591902783,04:51:42.783,mexc,ACH/USDT:USDT,0.023032,15668.0,0.023031,9031,0.023033,143037.0,0.023034,1599.0
1753591903240,04:51:43.240,mexc,ACH/USDT:USDT,0.023032,15668.0,0.023031,9031,0.023033,143037.0,0.023034,1599.0
1753591903496,04:51:43.496,mexc,ACH/USDT:USDT,0.023032,15668.0,0.023031,12867,0.023033,143037.0,0.023034,1599.0
1753591903900,04:51:43.900,mexc,ACH/USDT:USDT,0.023032,15668.0,0.023031,12867,0.023033,143037.0,0.023034,1599.0
1753591903901,04:51:43.901,mexc,ACH/USDT:USDT,0.023032,15668.0,0.023031,9031,0.023033,143037.0,0.023034,1599.0
1753591904377,04:51:44.377,mexc,ACH/USDT:USDT,0.023032,15668.0,0.023031,9031,0.023033,143037.0,0.023034,1599.0
1753591904392,04:51:44.392,mexc,ACH/USDT:USDT,0.023036,32363,0.023035,63753,0.023037,14247,0.023038,7382
1753591904697,04:51:44.697,mexc,ACH/USDT:USDT,0.023036,32363,0.023035,78815,0.023037,14247,0.023038,8491
1753591905104,04:51:45.104,mexc,ACH/USDT:USDT,0.023036,32363,0.023035,78815,0.023037,14247,0.023038,8491
1753591905108,04:51:45.108,mexc,ACH/USDT:USDT,0.023036,32363,0.023035,63753,0.023037,14247,0.023038,7382
1753591905896,04:51:45.896,mexc,ACH/USDT:USDT,0.023036,32363,0.023035,63753,0.023037,14247,0.023038,10486
1753591905896,04:51:45.896,mexc,ACH/USDT:USDT,0.023036,32363,0.023035,63753,0.023037,14247,0.023038,10486
1753591906300,04:51:46.300,mexc,ACH/USDT:USDT,0.023036,32363,0.023035,63753,0.023037,14247,0.023038,10486
1753591906300,04:51:46.300,mexc,ACH/USDT:USDT,0.023036,32363,0.023035,63753,0.023037,14247,0.023038,7382
1753591907096,04:51:47.096,mexc,ACH/USDT:USDT,0.023036,32363,0.023035,63753,0.023037,14247,0.023038,9927
1753591907134,04:51:47.134,mexc,ACH/USDT:USDT,0.023036,32363,0.023035,110755,0.023037,14247,0.023038,9927
1753591907499,04:51:47.499,mexc,ACH/USDT:USDT,0.023036,32363,0.023035,110755,0.023037,14247,0.023038,7382
1753591907501,04:51:47.501,mexc,ACH/USDT:USDT,0.023036,32363,0.023035,63753,0.023037,14247,0.023038,7382
1753591908036,04:51:48.036,mexc,ACH/USDT:USDT,0.023036,32363,0.023035,63753,0.023037,14247,0.023038,7382
1753591908047,04:51:48.047,mexc,ACH/USDT:USDT,0.023039,23509,0.023038,2602,0.02305,70,0.023056,159595
1753591908297,04:51:48.297,mexc,ACH/USDT:USDT,0.023039,23509,0.023038,2602,0.02305,70,0.023056,159595
1753591908700,04:51:48.700,mexc,ACH/USDT:USDT,0.023039,23509,0.023038,2602,0.02305,70,0.023056,159595
1753591908700,04:51:48.700,mexc,ACH/USDT:USDT,0.023039,23509,0.023038,2602,0.02305,70,0.023056,159595
1753591909231,04:51:49.231,mexc,ACH/USDT:USDT,0.023039,23509,0.023038,2602,0.02305,70,0.023056,159595
1753591909242,04:51:49.242,mexc,ACH/USDT:USDT,0.023039,23509,0.023038,2602,0.02305,70,0.023056,159595
1753591909497,04:51:49.497,mexc,ACH/USDT:USDT,0.023039,23509,0.023038,3316,0.02305,70,0.023056,159595
1753591909901,04:51:49.901,mexc,ACH/USDT:USDT,0.023039,23509,0.023038,3316,0.02305,70,0.023056,159595
1753591909901,04:51:49.901,mexc,ACH/USDT:USDT,0.023039,23509,0.023038,2602,0.02305,70,0.023056,159595
1753591910697,04:51:50.697,mexc,ACH/USDT:USDT,0.023039,23509,0.023038,2602,0.02305,70,0.023056,159595
1753591910697,04:51:50.697,mexc,ACH/USDT:USDT,0.023039,23509,0.023038,2602,0.02305,70,0.023056,159595
1753591911103,04:51:51.103,mexc,ACH/USDT:USDT,0.023039,23509,0.023038,2602,0.02305,70,0.023056,159595
1753591911103,04:51:51.103,mexc,ACH/USDT:USDT,0.023039,23509,0.023038,2602,0.02305,70,0.023056,159595
1753591911898,04:51:51.898,mexc,ACH/USDT:USDT,0.023039,23509,0.023038,2602,0.02305,70,0.023056,159595
1753591911899,04:51:51.899,mexc,ACH/USDT:USDT,0.023039,23509,0.023038,2602,0.02305,70,0.023056,159595
1753591912302,04:51:52.302,mexc,ACH/USDT:USDT,0.023039,23509,0.023038,2602,0.02305,70,0.023056,159595
1753591912302,04:51:52.302,mexc,ACH/USDT:USDT,0.023039,23509,0.023038,2602,0.02305,70,0.023056,159595
1753591913100,04:51:53.100,mexc,ACH/USDT:USDT,0.023039,23509,0.023038,2602,0.02305,70,0.023056,159595
1753591913100,04:51:53.100,mexc,ACH/USDT:USDT,0.023039,23509,0.023038,2602,0.02305,70,0.023056,159595
1753591913393,04:51:53.393,mexc,ACH/USDT:USDT,0.023045,43936,0.023044,1418,0.023046,2940,0.023047,1924
1753591914300,04:51:54.300,mexc,ACH/USDT:USDT,0.023045,43936,0.023044,1642,0.023046,2940,0.023047,1924
1753591914300,04:51:54.300,mexc,ACH/USDT:USDT,0.023045,43936,0.023044,1980,0.023046,2940,0.023047,1924
1753591914702,04:51:54.702,mexc,ACH/USDT:USDT,0.023045,43936,0.023044,1756,0.023046,2940,0.023047,1924
1753591914702,04:51:54.702,mexc,ACH/USDT:USDT,0.023045,43936,0.023044,1418,0.023046,2940,0.023047,1924
1753591915233,04:51:55.233,mexc,ACH/USDT:USDT,0.023045,43936,0.023044,1418,0.023046,2940,0.023047,1924
1753591915242,04:51:55.242,mexc,ACH/USDT:USDT,0.023045,43936,0.023044,1418,0.023046,2940,0.023047,1924
1753591915499,04:51:55.499,mexc,ACH/USDT:USDT,0.023045,43936,0.023044,1681,0.023046,2940,0.023047,1924
1753591915901,04:51:55.901,mexc,ACH/USDT:USDT,0.023045,43936,0.023044,1681,0.023046,2940,0.023047,1924
1753591915902,04:51:55.902,mexc,ACH/USDT:USDT,0.023045,43936,0.023044,1418,0.023046,2940,0.023047,1924
1753591916699,04:51:56.699,mexc,ACH/USDT:USDT,0.023045,43936,0.023044,1908,0.023046,2940,0.023047,1924
1753591916699,04:51:56.699,mexc,ACH/USDT:USDT,0.023045,43936,0.023044,1908,0.023046,2940,0.023047,2875
1753591917103,04:51:57.103,mexc,ACH/USDT:USDT,0.023045,43936,0.023044,1908,0.023046,2940,0.023047,1924
1753591917105,04:51:57.105,mexc,ACH/USDT:USDT,0.023045,43936,0.023044,1418,0.023046,2940,0.023047,1924
1753591917900,04:51:57.900,mexc,ACH/USDT:USDT,0.023045,43936,0.023044,1418,0.023046,2940,0.023047,1924
1753591917901,04:51:57.901,mexc,ACH/USDT:USDT,0.023045,43936,0.023044,1418,0.023046,2940,0.023047,1924
1753591918305,04:51:58.305,mexc,ACH/USDT:USDT,0.023045,43936,0.023044,1418,0.023046,2940,0.023047,1924
1753591918305,04:51:58.305,mexc,ACH/USDT:USDT,0.023045,43936,0.023044,1418,0.023046,2940,0.023047,1924
1753591919099,04:51:59.099,mexc,ACH/USDT:USDT,0.023045,43936,0.023044,1418,0.023046,2940,0.023047,2442
1753591919099,04:51:59.099,mexc,ACH/USDT:USDT,0.023045,43936,0.023044,1418,0.023046,2940,0.023047,2442
1753591919394,04:51:59.394,mexc,ACH/USDT:USDT,0.023045,33867,0.023044,1246,0.023046,450825,0.023047,1767
1753591920298,04:52:00.298,mexc,ACH/USDT:USDT,0.023045,33867,0.023044,1246,0.023046,450825,0.023047,1767
1753591920299,04:52:00.299,mexc,ACH/USDT:USDT,0.023045,33867,0.023044,1246,0.023046,450825,0.023047,2636
1753591920703,04:52:00.703,mexc,ACH/USDT:USDT,0.023045,33867,0.023044,1246,0.023046,450825,0.023047,2636
1753591920705,04:52:00.705,mexc,ACH/USDT:USDT,0.023045,33867,0.023044,1246,0.023046,450825,0.023047,1767
1753591921233,04:52:01.233,mexc,ACH/USDT:USDT,0.023045,33867,0.023044,1246,0.023046,450825,0.023047,1767
1753591921243,04:52:01.243,mexc,ACH/USDT:USDT,0.023045,33867,0.023044,1246,0.023046,450825,0.023047,1767
1753591921499,04:52:01.499,mexc,ACH/USDT:USDT,0.023045,33867,0.023044,1246,0.023046,450825,0.023047,2124
1753591921902,04:52:01.902,mexc,ACH/USDT:USDT,0.023045,33867,0.023044,1246,0.023046,450825,0.023047,2124
1753591921903,04:52:01.903,mexc,ACH/USDT:USDT,0.023045,33867,0.023044,1246,0.023046,450825,0.023047,1767
1753591922699,04:52:02.699,mexc,ACH/USDT:USDT,0.023045,33867,0.023044,1246,0.023046,450825,0.023047,1767
1753591922699,04:52:02.699,mexc,ACH/USDT:USDT,0.023045,33867,0.023044,1246,0.023046,450825,0.023047,1767
1753591923102,04:52:03.102,mexc,ACH/USDT:USDT,0.023045,33867,0.023044,1246,0.023046,450825,0.023047,1767
1753591923102,04:52:03.102,mexc,ACH/USDT:USDT,0.023045,33867,0.023044,1246,0.023046,450825,0.023047,1767
1753591923898,04:52:03.898,mexc,ACH/USDT:USDT,0.023045,33867,0.023044,1246,0.023046,450825,0.023047,2201
1753591923899,04:52:03.899,mexc,ACH/USDT:USDT,0.023045,33867,0.023044,1246,0.023046,450825,0.023047,2201
1753591924302,04:52:04.302,mexc,ACH/USDT:USDT,0.023045,33867,0.023044,1246,0.023046,450825,0.023047,1767
1753591924303,04:52:04.303,mexc,ACH/USDT:USDT,0.023045,33867,0.023044,1246,0.023046,450825,0.023047,1767
1753591925099,04:52:05.099,mexc,ACH/USDT:USDT,0.023045,33867,0.023044,1246,0.023046,450825,0.023047,1767
1753591925100,04:52:05.100,mexc,ACH/USDT:USDT,0.023045,33867,0.023044,1414,0.023046,450825,0.023047,2191
1753591925398,04:52:05.398,mexc,ACH/USDT:USDT,0.023046,11467,0.023045,43631,0.02305,132221,0.023051,1412
1753591926298,04:52:06.298,mexc,ACH/USDT:USDT,0.023046,11467,0.023045,57383,0.02305,132221,0.023051,1412
1753591926299,04:52:06.299,mexc,ACH/USDT:USDT,0.023046,11467,0.023045,57383,0.02305,132221,0.023051,1412
1753591926703,04:52:06.703,mexc,ACH/USDT:USDT,0.023046,11467,0.023045,57383,0.02305,132221,0.023051,1412
1753591926704,04:52:06.704,mexc,ACH/USDT:USDT,0.023046,11467,0.023045,43631,0.02305,132221,0.023051,1412
1753591927235,04:52:07.235,mexc,ACH/USDT:USDT,0.023046,11467,0.023045,43631,0.02305,132221,0.023051,1412
1753591927245,04:52:07.245,mexc,ACH/USDT:USDT,0.023046,11467,0.023045,43631,0.02305,132221,0.023051,1412
1753591927500,04:52:07.500,mexc,ACH/USDT:USDT,0.023046,11467,0.023045,64908,0.02305,132221,0.023051,1412
1753591927903,04:52:07.903,mexc,ACH/USDT:USDT,0.023046,11467,0.023045,64908,0.02305,132221,0.023051,1412
1753591927904,04:52:07.904,mexc,ACH/USDT:USDT,0.023046,11467,0.023045,43631,0.02305,132221,0.023051,1412
1753591928700,04:52:08.700,mexc,ACH/USDT:USDT,0.023046,11467,0.023045,57643,0.02305,132221,0.023051,1412
1753591928700,04:52:08.700,mexc,ACH/USDT:USDT,0.023046,11467,0.023045,57643,0.02305,132221,0.023051,1412
1753591929106,04:52:09.106,mexc,ACH/USDT:USDT,0.023046,11467,0.023045,57643,0.02305,132221,0.023051,1412
1753591929108,04:52:09.108,mexc,ACH/USDT:USDT,0.023046,11467,0.023045,43631,0.02305,132221,0.023051,1412
1753591929901,04:52:09.901,mexc,ACH/USDT:USDT,0.023046,11467,0.023045,43631,0.02305,132221,0.023051,1412
1753591929901,04:52:09.901,mexc,ACH/USDT:USDT,0.023046,11467,0.023045,43631,0.02305,132221,0.023051,1412
1753591930304,04:52:10.304,mexc,ACH/USDT:USDT,0.023046,11467,0.023045,43631,0.02305,132221,0.023051,1412
1753591930305,04:52:10.305,mexc,ACH/USDT:USDT,0.023046,11467,0.023045,43631,0.02305,132221,0.023051,1412
1753591931100,04:52:11.100,mexc,ACH/USDT:USDT,0.023046,11467,0.023045,43631,0.02305,132221,0.023051,1412
1753591931102,04:52:11.102,mexc,ACH/USDT:USDT,0.023046,11467,0.023045,57987,0.02305,132221,0.023051,1412
1753591931396,04:52:11.396,mexc,ACH/USDT:USDT,0.023047,4980,0.023046,10907,0.023049,42118,0.02305,130801
1753591932301,04:52:12.301,mexc,ACH/USDT:USDT,0.023047,4980,0.023046,16287,0.023049,42118,0.02305,130801
1753591932301,04:52:12.301,mexc,ACH/USDT:USDT,0.023047,4980,0.023046,16287,0.023049,42118,0.02305,130801
1753591932704,04:52:12.704,mexc,ACH/USDT:USDT,0.023047,4980,0.023046,16287,0.023049,42118,0.02305,130801
1753591932705,04:52:12.705,mexc,ACH/USDT:USDT,0.023047,4980,0.023046,10907,0.023049,42118,0.02305,130801
1753591933236,04:52:13.236,mexc,ACH/USDT:USDT,0.023047,4980,0.023046,10907,0.023049,42118,0.02305,130801
1753591933247,04:52:13.247,mexc,ACH/USDT:USDT,0.023047,4980,0.023046,10907,0.023049,42118,0.02305,130801
1753591933501,04:52:13.501,mexc,ACH/USDT:USDT,0.023047,4980,0.023046,10907,0.023049,42118,0.02305,130801
1753591933904,04:52:13.904,mexc,ACH/USDT:USDT,0.023047,4980,0.023046,10907,0.023049,42118,0.02305,130801
1753591933905,04:52:13.905,mexc,ACH/USDT:USDT,0.023047,4980,0.023046,10907,0.023049,42118,0.02305,130801
1753591934700,04:52:14.700,mexc,ACH/USDT:USDT,0.023047,4980,0.023046,10907,0.023049,42118,0.02305,130801
1753591934701,04:52:14.701,mexc,ACH/USDT:USDT,0.023047,4980,0.023046,16165,0.023049,42118,0.02305,130801
1753591935105,04:52:15.105,mexc,ACH/USDT:USDT,0.023047,4980,0.023046,10907,0.023049,42118,0.02305,130801
1753591935105,04:52:15.105,mexc,ACH/USDT:USDT,0.023047,4980,0.023046,10907,0.023049,42118,0.02305,130801
1753591935902,04:52:15.902,mexc,ACH/USDT:USDT,0.023047,4980,0.023046,10907,0.023049,42118,0.02305,130801
1753591935902,04:52:15.902,mexc,ACH/USDT:USDT,0.023047,4980,0.023046,13794,0.023049,42118,0.02305,167412
1753591936305,04:52:16.305,mexc,ACH/USDT:USDT,0.023047,4980,0.023046,13794,0.023049,42118,0.02305,167412
1753591936305,04:52:16.305,mexc,ACH/USDT:USDT,0.023047,4980,0.023046,10907,0.023049,42118,0.02305,130801
1753591937102,04:52:17.102,mexc,ACH/USDT:USDT,0.023047,4980,0.023046,10907,0.023049,42118,0.02305,130801
1753591937103,04:52:17.103,mexc,ACH/USDT:USDT,0.023047,4980,0.023046,10907,0.023049,42118,0.02305,130801
1753591937431,04:52:17.431,mexc,ACH/USDT:USDT,0.023045,28820,0.023044,6672,0.023048,72373,0.023049,13475
1753591938302,04:52:18.302,mexc,ACH/USDT:USDT,0.023045,28820,0.023044,6672,0.023048,72373,0.023049,15218
1753591938499,04:52:18.499,mexc,ACH/USDT:USDT,0.023052,2960,0.023051,35718,0.023054,16460,0.023055,89226
1753591939248,04:52:19.248,mexc,ACH/USDT:USDT,0.023052,2960,0.023051,35718,0.023054,16460,0.023055,89226
1753591939257,04:52:19.257,mexc,ACH/USDT:USDT,0.023052,2960,0.023051,35718,0.023054,16460,0.023055,89226
1753591939503,04:52:19.503,mexc,ACH/USDT:USDT,0.023052,2960,0.023051,35718,0.023054,16460,0.023055,89226
1753591939906,04:52:19.906,mexc,ACH/USDT:USDT,0.023052,2960,0.023051,35718,0.023054,16460,0.023055,89226
1753591939907,04:52:19.907,mexc,ACH/USDT:USDT,0.023052,2960,0.023051,35718,0.023054,16460,0.023055,89226
1753591940702,04:52:20.702,mexc,ACH/USDT:USDT,0.023052,2960,0.023051,35718,0.023054,16460,0.023055,89226
1753591940703,04:52:20.703,mexc,ACH/USDT:USDT,0.023052,2960,0.023051,35718,0.023054,16460,0.023055,90789
1753591941106,04:52:21.106,mexc,ACH/USDT:USDT,0.023052,2960,0.023051,35718,0.023054,16460,0.023055,90789
1753591941106,04:52:21.106,mexc,ACH/USDT:USDT,0.023052,2960,0.023051,35718,0.023054,16460,0.023055,89226
1753591941902,04:52:21.902,mexc,ACH/USDT:USDT,0.023052,2960,0.023051,35718,0.023054,16460,0.023055,89226
1753591941902,04:52:21.902,mexc,ACH/USDT:USDT,0.023052,2960,0.023051,35718,0.023054,16460,0.023055,91890
1753591942306,04:52:22.306,mexc,ACH/USDT:USDT,0.023052,2960,0.023051,35718,0.023054,16460,0.023055,91890
1753591942307,04:52:22.307,mexc,ACH/USDT:USDT,0.023052,2960,0.023051,35718,0.023054,16460,0.023055,89226
1753591943104,04:52:23.104,mexc,ACH/USDT:USDT,0.023052,2960,0.023051,35718,0.023054,16460,0.023055,89226
1753591943105,04:52:23.105,mexc,ACH/USDT:USDT,0.023052,2960,0.023051,35718,0.023054,16460,0.023055,93706
1753591943507,04:52:23.507,mexc,ACH/USDT:USDT,0.023052,2960,0.023051,35718,0.023054,16460,0.023055,93706
1753591943508,04:52:23.508,mexc,ACH/USDT:USDT,0.023052,2960,0.023051,35718,0.023054,16460,0.023055,89226
1753591944305,04:52:24.305,mexc,ACH/USDT:USDT,0.023052,2960,0.023051,47780,0.023054,16460,0.023055,89226
1753591944465,04:52:24.465,mexc,ACH/USDT:USDT,0.023053,9728,0.023052,11386,0.023058,16210,0.023059,19994
1753591945245,04:52:25.245,mexc,ACH/USDT:USDT,0.023053,9728,0.023052,11386,0.023058,16210,0.023059,19994
1753591945252,04:52:25.252,mexc,ACH/USDT:USDT,0.023053,9728,0.023052,11386,0.023058,16210,0.023059,19994
1753591945505,04:52:25.505,mexc,ACH/USDT:USDT,0.023053,9728,0.023052,11386,0.023058,16210,0.023059,19994
1753591945908,04:52:25.908,mexc,ACH/USDT:USDT,0.023053,9728,0.023052,11386,0.023058,16210,0.023059,19994
1753591945908,04:52:25.908,mexc,ACH/USDT:USDT,0.023053,9728,0.023052,11386,0.023058,16210,0.023059,19994
1753591946704,04:52:26.704,mexc,ACH/USDT:USDT,0.023053,9728,0.023052,11386,0.023058,16210,0.023059,19994
1753591946705,04:52:26.705,mexc,ACH/USDT:USDT,0.023053,9728,0.023052,11386,0.023058,16210,0.023059,19994
1753591947107,04:52:27.107,mexc,ACH/USDT:USDT,0.023053,9728,0.023052,11386,0.023058,16210,0.023059,19994
1753591947109,04:52:27.109,mexc,ACH/USDT:USDT,0.023053,9728,0.023052,11386,0.023058,16210,0.023059,19994
1753591947962,04:52:27.962,mexc,ACH/USDT:USDT,0.023053,9728,0.023052,11386,0.023058,16210,0.023059,19994
1753591947962,04:52:27.962,mexc,ACH/USDT:USDT,0.023053,9728,0.023052,11386,0.023058,16210,0.023059,26799
1753591948366,04:52:28.366,mexc,ACH/USDT:USDT,0.023053,9728,0.023052,11386,0.023058,16210,0.023059,26799
1753591948366,04:52:28.366,mexc,ACH/USDT:USDT,0.023053,9728,0.023052,11386,0.023058,16210,0.023059,19994
1753591949162,04:52:29.162,mexc,ACH/USDT:USDT,0.023053,9728,0.023052,11386,0.023058,16210,0.023059,19994
1753591949164,04:52:29.164,mexc,ACH/USDT:USDT,0.023053,9728,0.023052,11386,0.023058,16210,0.023059,19994
1753591949568,04:52:29.568,mexc,ACH/USDT:USDT,0.023053,9728,0.023052,11386,0.023058,16210,0.023059,19994
1753591949568,04:52:29.568,mexc,ACH/USDT:USDT,0.023053,9728,0.023052,11386,0.023058,16210,0.023059,19994
1753591950363,04:52:30.363,mexc,ACH/USDT:USDT,0.023053,9728,0.023052,13553,0.023058,16210,0.023059,19994
1753591950404,04:52:30.404,mexc,ACH/USDT:USDT,0.023056,18475,0.023055,6628,0.023058,26785,0.023059,1401
1753591951239,04:52:31.239,mexc,ACH/USDT:USDT,0.023056,18475,0.023055,6628,0.023058,26785,0.023059,1401
1753591951252,04:52:31.252,mexc,ACH/USDT:USDT,0.023056,18475,0.023055,6628,0.023058,26785,0.023059,1401
1753591951565,04:52:31.565,mexc,ACH/USDT:USDT,0.023056,18475,0.023055,10016,0.023058,26785,0.023059,1401
1753591951967,04:52:31.967,mexc,ACH/USDT:USDT,0.023056,18475,0.023055,10016,0.023058,26785,0.023059,1401
1753591951968,04:52:31.968,mexc,ACH/USDT:USDT,0.023056,18475,0.023055,6628,0.023058,26785,0.023059,1401
1753591952767,04:52:32.767,mexc,ACH/USDT:USDT,0.023056,18475,0.023055,6628,0.023058,26785,0.023059,1611
1753591952768,04:52:32.768,mexc,ACH/USDT:USDT,0.023056,18475,0.023055,6628,0.023058,26785,0.023059,1611
1753591953169,04:52:33.169,mexc,ACH/USDT:USDT,0.023056,18475,0.023055,6628,0.023058,26785,0.023059,1401
1753591953325,04:52:33.325,mexc,ACH/USDT:USDT,0.023056,18475,0.023055,6628,0.023058,26785,0.023059,1401
1753591953967,04:52:33.967,mexc,ACH/USDT:USDT,0.023056,18475,0.023055,7354,0.023058,26785,0.023059,1401
1753591953967,04:52:33.967,mexc,ACH/USDT:USDT,0.023056,18475,0.023055,7354,0.023058,26785,0.023059,1555
1753591954369,04:52:34.369,mexc,ACH/USDT:USDT,0.023056,18475,0.023055,6628,0.023058,26785,0.023059,1555
1753591954370,04:52:34.370,mexc,ACH/USDT:USDT,0.023056,18475,0.023055,6628,0.023058,26785,0.023059,1401
1753591955166,04:52:35.166,mexc,ACH/USDT:USDT,0.023056,18475,0.023055,6628,0.023058,26785,0.023059,1401
1753591955169,04:52:35.169,mexc,ACH/USDT:USDT,0.023056,18475,0.023055,6628,0.023058,26785,0.023059,1401
1753591955576,04:52:35.576,mexc,ACH/USDT:USDT,0.023056,18475,0.023055,6628,0.023058,26785,0.023059,1401
1753591955576,04:52:35.576,mexc,ACH/USDT:USDT,0.023056,18475,0.023055,6628,0.023058,26785,0.023059,1401
1753591956367,04:52:36.367,mexc,ACH/USDT:USDT,0.023056,18475,0.023055,6628,0.023058,26785,0.023059,1401
1753591956405,04:52:36.405,mexc,ACH/USDT:USDT,0.023057,23001,0.023056,13806,0.023058,959,0.023059,1092
1753591957241,04:52:37.241,mexc,ACH/USDT:USDT,0.023057,23001,0.023056,13806,0.023058,959,0.023059,1092
1753591957253,04:52:37.253,mexc,ACH/USDT:USDT,0.023057,23001,0.023056,13806,0.023058,959,0.023059,1092
1753591957567,04:52:37.567,mexc,ACH/USDT:USDT,0.023057,23001,0.023056,13806,0.023058,959,0.023059,1622
1753591957970,04:52:37.970,mexc,ACH/USDT:USDT,0.023057,23001,0.023056,13806,0.023058,959,0.023059,1622
1753591957970,04:52:37.970,mexc,ACH/USDT:USDT,0.023057,23001,0.023056,13806,0.023058,959,0.023059,1092
1753591958768,04:52:38.768,mexc,ACH/USDT:USDT,0.023057,23001,0.023056,13806,0.023058,959,0.023059,1092
1753591958945,04:52:38.945,mexc,ACH/USDT:USDT,0.023062,8266,0.023061,6520,0.023063,60425,0.023064,8705
1753591959314,04:52:39.314,mexc,ACH/USDT:USDT,0.023062,8266,0.023061,6520,0.023063,60425,0.023064,8705
1753591959326,04:52:39.326,mexc,ACH/USDT:USDT,0.023062,8266,0.023061,6520,0.023063,60425,0.023064,8705
1753591959968,04:52:39.968,mexc,ACH/USDT:USDT,0.023062,8266,0.023061,6520,0.023063,60425,0.023064,8705
1753591959968,04:52:39.968,mexc,ACH/USDT:USDT,0.023062,8266,0.023061,9376,0.023063,60425,0.023064,8705
1753591960370,04:52:40.370,mexc,ACH/USDT:USDT,0.023062,8266,0.023061,9376,0.023063,60425,0.023064,8705
1753591960371,04:52:40.371,mexc,ACH/USDT:USDT,0.023062,8266,0.023061,6520,0.023063,60425,0.023064,8705
1753591961167,04:52:41.167,mexc,ACH/USDT:USDT,0.023062,8266,0.023061,9567,0.023063,60425,0.023064,8705
1753591961167,04:52:41.167,mexc,ACH/USDT:USDT,0.023062,8266,0.023061,9567,0.023063,60425,0.023064,8705
1753591961573,04:52:41.573,mexc,ACH/USDT:USDT,0.023062,8266,0.023061,9567,0.023063,60425,0.023064,8705
1753591961576,04:52:41.576,mexc,ACH/USDT:USDT,0.023062,8266,0.023061,6520,0.023063,60425,0.023064,8705
1753591962368,04:52:42.368,mexc,ACH/USDT:USDT,0.023062,8266,0.023061,8660,0.023063,60425,0.023064,8705
1753591962368,04:52:42.368,mexc,ACH/USDT:USDT,0.023062,8266,0.023061,8660,0.023063,60425,0.023064,8705
1753591962772,04:52:42.772,mexc,ACH/USDT:USDT,0.023062,8266,0.023061,8660,0.023063,60425,0.023064,8705
1753591962772,04:52:42.772,mexc,ACH/USDT:USDT,0.023062,8266,0.023061,6520,0.023063,60425,0.023064,8705
1753591963245,04:52:43.245,mexc,ACH/USDT:USDT,0.023062,8266,0.023061,6520,0.023063,60425,0.023064,8705
1753591963306,04:52:43.306,mexc,ACH/USDT:USDT,0.023062,8266,0.023061,6520,0.023063,60425,0.023064,8705
1753591963569,04:52:43.569,mexc,ACH/USDT:USDT,0.023062,8266,0.023061,6520,0.023063,60425,0.023064,9158
1753591963972,04:52:43.972,mexc,ACH/USDT:USDT,0.023062,8266,0.023061,6520,0.023063,60425,0.023064,8705
1753591963973,04:52:43.973,mexc,ACH/USDT:USDT,0.023062,8266,0.023061,6520,0.023063,60425,0.023064,8705
1753591964396,04:52:44.396,mexc,ACH/USDT:USDT,0.023062,8266,0.023061,6520,0.023063,60425,0.023064,8705
1753591964409,04:52:44.409,mexc,ACH/USDT:USDT,0.023064,1200,0.023063,2504,0.023066,96071,0.023067,1259
1753591964768,04:52:44.768,mexc,ACH/USDT:USDT,0.023064,1200,0.023063,2504,0.023066,96071,0.023067,1647
1753591965171,04:52:45.171,mexc,ACH/USDT:USDT,0.023064,1200,0.023063,2504,0.023066,96071,0.023067,1647
1753591965329,04:52:45.329,mexc,ACH/USDT:USDT,0.023064,1200,0.023063,2504,0.023066,96071,0.023067,1259
1753591965970,04:52:45.970,mexc,ACH/USDT:USDT,0.023064,1200,0.023063,2913,0.023066,96071,0.023067,1259
1753591965970,04:52:45.970,mexc,ACH/USDT:USDT,0.023064,1200,0.023063,2913,0.023066,96071,0.023067,1259
1753591966374,04:52:46.374,mexc,ACH/USDT:USDT,0.023064,1200,0.023063,2504,0.023066,96071,0.023067,1259
1753591966374,04:52:46.374,mexc,ACH/USDT:USDT,0.023064,1200,0.023063,2504,0.023066,96071,0.023067,1259
1753591967170,04:52:47.170,mexc,ACH/USDT:USDT,0.023064,1200,0.023063,2504,0.023066,96071,0.023067,1259
1753591967170,04:52:47.170,mexc,ACH/USDT:USDT,0.023064,1200,0.023063,2504,0.023066,96071,0.023067,1259
1753591967576,04:52:47.576,mexc,ACH/USDT:USDT,0.023064,1200,0.023063,2504,0.023066,96071,0.023067,1259
1753591967577,04:52:47.577,mexc,ACH/USDT:USDT,0.023064,1200,0.023063,2504,0.023066,96071,0.023067,1259
1753591968370,04:52:48.370,mexc,ACH/USDT:USDT,0.023064,1200,0.023063,2504,0.023066,96071,0.023067,1259
1753591968370,04:52:48.370,mexc,ACH/USDT:USDT,0.023064,1200,0.023063,2504,0.023066,96071,0.023067,1541
1753591968774,04:52:48.774,mexc,ACH/USDT:USDT,0.023064,1200,0.023063,2504,0.023066,96071,0.023067,1541
1753591968774,04:52:48.774,mexc,ACH/USDT:USDT,0.023064,1200,0.023063,2504,0.023066,96071,0.023067,1259
1753591969247,04:52:49.247,mexc,ACH/USDT:USDT,0.023064,1200,0.023063,2504,0.023066,96071,0.023067,1259
1753591969259,04:52:49.259,mexc,ACH/USDT:USDT,0.023064,1200,0.023063,2504,0.023066,96071,0.023067,1259
1753591969573,04:52:49.573,mexc,ACH/USDT:USDT,0.023064,1200,0.023063,2504,0.023066,96071,0.023067,1259
1753591969976,04:52:49.976,mexc,ACH/USDT:USDT,0.023064,1200,0.023063,2504,0.023066,96071,0.023067,1259
1753591969977,04:52:49.977,mexc,ACH/USDT:USDT,0.023064,1200,0.023063,2504,0.023066,96071,0.023067,1259
1753591970397,04:52:50.397,mexc,ACH/USDT:USDT,0.023064,1200,0.023063,2504,0.023066,154272,0.023067,1259
1753591970409,04:52:50.409,mexc,ACH/USDT:USDT,0.023065,27028,0.023064,1238,0.023066,58201,0.023067,1221
1753591970772,04:52:50.772,mexc,ACH/USDT:USDT,0.023065,27028,0.023064,1238,0.023066,58201,0.023067,1508
1753591971175,04:52:51.175,mexc,ACH/USDT:USDT,0.023065,27028,0.023064,1238,0.023066,58201,0.023067,1221
1753591971331,04:52:51.331,mexc,ACH/USDT:USDT,0.023065,27028,0.023064,1238,0.023066,58201,0.023067,1221
1753591971972,04:52:51.972,mexc,ACH/USDT:USDT,0.023065,27028,0.023064,1238,0.023066,58201,0.023067,1221
1753591972034,04:52:52.034,mexc,ACH/USDT:USDT,0.023065,27028,0.023064,1654,0.023066,43955,0.023067,1221
1753591972375,04:52:52.375,mexc,ACH/USDT:USDT,0.023065,27028,0.023064,1654,0.023066,43955,0.023067,1221
1753591972375,04:52:52.375,mexc,ACH/USDT:USDT,0.023065,27028,0.023064,1238,0.023066,43955,0.023067,1221
1753591973173,04:52:53.173,mexc,ACH/USDT:USDT,0.023065,27028,0.023064,1238,0.023066,43955,0.023067,1221
1753591973173,04:52:53.173,mexc,ACH/USDT:USDT,0.023065,27028,0.023064,1238,0.023066,43955,0.023067,1221
1753591973581,04:52:53.581,mexc,ACH/USDT:USDT,0.023065,27028,0.023064,1238,0.023066,43955,0.023067,1221
1753591973582,04:52:53.582,mexc,ACH/USDT:USDT,0.023065,27028,0.023064,1238,0.023066,43955,0.023067,1221
1753591974372,04:52:54.372,mexc,ACH/USDT:USDT,0.023065,27028,0.023064,1238,0.023066,43955,0.023067,1221
1753591974372,04:52:54.372,mexc,ACH/USDT:USDT,0.023065,27028,0.023064,1732,0.023066,43955,0.023067,1221
1753591974776,04:52:54.776,mexc,ACH/USDT:USDT,0.023065,27028,0.023064,1732,0.023066,43955,0.023067,1221
1753591974776,04:52:54.776,mexc,ACH/USDT:USDT,0.023065,27028,0.023064,1238,0.023066,43955,0.023067,1221
1753591975247,04:52:55.247,mexc,ACH/USDT:USDT,0.023065,27028,0.023064,1238,0.023066,43955,0.023067,1221
1753591975258,04:52:55.258,mexc,ACH/USDT:USDT,0.023065,27028,0.023064,1238,0.023066,43955,0.023067,1221
1753591975574,04:52:55.574,mexc,ACH/USDT:USDT,0.023065,27028,0.023064,1238,0.023066,43955,0.023067,1221
1753591975976,04:52:55.976,mexc,ACH/USDT:USDT,0.023065,27028,0.023064,1238,0.023066,43955,0.023067,1221
1753591975976,04:52:55.976,mexc,ACH/USDT:USDT,0.023065,27028,0.023064,1238,0.023066,43955,0.023067,1221
1753591976398,04:52:56.398,mexc,ACH/USDT:USDT,0.023065,27028,0.023064,1238,0.023066,43955,0.023067,1221
1753591976413,04:52:56.413,mexc,ACH/USDT:USDT,0.023069,3847,0.023068,6789,0.02307,2437,0.023071,36510
1753591976773,04:52:56.773,mexc,ACH/USDT:USDT,0.023069,3847,0.023068,9220,0.02307,2437,0.023071,36510
1753591977177,04:52:57.177,mexc,ACH/USDT:USDT,0.023069,3847,0.023068,9220,0.02307,2437,0.023071,36510
1753591977334,04:52:57.334,mexc,ACH/USDT:USDT,0.023069,3847,0.023068,6789,0.02307,2437,0.023071,36510
1753591977974,04:52:57.974,mexc,ACH/USDT:USDT,0.023069,3847,0.023068,9076,0.02307,2437,0.023071,36510
1753591977974,04:52:57.974,mexc,ACH/USDT:USDT,0.023069,3847,0.023068,9076,0.02307,2437,0.023071,54470
1753591978377,04:52:58.377,mexc,ACH/USDT:USDT,0.023069,3847,0.023068,6789,0.02307,2437,0.023071,36510
1753591979174,04:52:59.174,mexc,ACH/USDT:USDT,0.023069,3847,0.023068,6789,0.02307,2437,0.023071,36510
1753591979174,04:52:59.174,mexc,ACH/USDT:USDT,0.023069,3847,0.023068,6789,0.02307,2437,0.023071,54084
1753591979581,04:52:59.581,mexc,ACH/USDT:USDT,0.023069,3847,0.023068,6789,0.02307,2437,0.023071,54084
1753591979581,04:52:59.581,mexc,ACH/USDT:USDT,0.023069,3847,0.023068,6789,0.02307,2437,0.023071,36510
1753591980373,04:53:00.373,mexc,ACH/USDT:USDT,0.023069,3847,0.023068,6789,0.02307,2437,0.023071,36510
1753591980373,04:53:00.373,mexc,ACH/USDT:USDT,0.023069,3847,0.023068,8163,0.02307,2437,0.023071,40628
1753591980777,04:53:00.777,mexc,ACH/USDT:USDT,0.023069,3847,0.023068,8163,0.02307,2437,0.023071,40628
1753591980777,04:53:00.777,mexc,ACH/USDT:USDT,0.023069,3847,0.023068,6789,0.02307,2437,0.023071,36510
1753591981251,04:53:01.251,mexc,ACH/USDT:USDT,0.023069,3847,0.023068,6789,0.02307,2437,0.023071,36510
1753591981260,04:53:01.260,mexc,ACH/USDT:USDT,0.023069,3847,0.023068,6789,0.02307,2437,0.023071,36510
1753591981576,04:53:01.576,mexc,ACH/USDT:USDT,0.023069,3847,0.023068,9422,0.02307,2437,0.023071,36510
1753591981977,04:53:01.977,mexc,ACH/USDT:USDT,0.023069,3847,0.023068,9422,0.02307,2437,0.023071,36510
1753591981977,04:53:01.977,mexc,ACH/USDT:USDT,0.023069,3847,0.023068,6789,0.02307,2437,0.023071,36510
1753591982402,04:53:02.402,mexc,ACH/USDT:USDT,0.023069,3847,0.023068,6789,0.02307,3732,0.023071,36510
1753591982433,04:53:02.433,mexc,ACH/USDT:USDT,0.023069,29822,0.023068,2330,0.02307,1365,0.023071,6175
1753591982775,04:53:02.775,mexc,ACH/USDT:USDT,0.023069,29822,0.023068,2330,0.02307,1365,0.023071,7750
1753591983180,04:53:03.180,mexc,ACH/USDT:USDT,0.023069,29822,0.023068,2330,0.02307,1365,0.023071,6175
1753591983181,04:53:03.181,mexc,ACH/USDT:USDT,0.023069,29822,0.023068,2330,0.02307,1365,0.023071,6175
1753591983974,04:53:03.974,mexc,ACH/USDT:USDT,0.023069,29822,0.023068,2330,0.02307,1365,0.023071,6175
1753591983974,04:53:03.974,mexc,ACH/USDT:USDT,0.023069,29822,0.023068,2330,0.02307,1365,0.023071,8973
1753591984377,04:53:04.377,mexc,ACH/USDT:USDT,0.023069,29822,0.023068,2330,0.02307,1365,0.023071,8973
1753591984378,04:53:04.378,mexc,ACH/USDT:USDT,0.023069,29822,0.023068,2330,0.02307,1365,0.023071,6175
1753591985174,04:53:05.174,mexc,ACH/USDT:USDT,0.023069,29822,0.023068,2330,0.02307,1365,0.023071,6175
1753591985175,04:53:05.175,mexc,ACH/USDT:USDT,0.023069,29822,0.023068,3126,0.02307,1365,0.023071,6175
1753591985577,04:53:05.577,mexc,ACH/USDT:USDT,0.023069,29822,0.023068,3126,0.02307,1365,0.023071,6175
1753591985579,04:53:05.579,mexc,ACH/USDT:USDT,0.023069,29822,0.023068,2330,0.02307,1365,0.023071,6175
1753591986303,04:53:06.303,mexc,ACH/USDT:USDT,0.023069,29822,0.023068,2330,0.02307,1365,0.023071,6175
1753591986375,04:53:06.375,mexc,ACH/USDT:USDT,0.023069,29822,0.023068,2330,0.02307,1365,0.023071,6175
1753591986779,04:53:06.779,mexc,ACH/USDT:USDT,0.023069,29822,0.023068,2330,0.02307,1365,0.023071,6175
1753591986779,04:53:06.779,mexc,ACH/USDT:USDT,0.023069,29822,0.023068,2330,0.02307,1365,0.023071,6175
1753591987576,04:53:07.576,mexc,ACH/USDT:USDT,0.023069,29822,0.023068,2330,0.02307,1365,0.023071,6175
1753591987576,04:53:07.576,mexc,ACH/USDT:USDT,0.023069,29822,0.023068,3086,0.02307,1365,0.023071,6175
1753591987979,04:53:07.979,mexc,ACH/USDT:USDT,0.023069,29822,0.023068,3086,0.02307,1365,0.023071,6175
1753591987980,04:53:07.980,mexc,ACH/USDT:USDT,0.023069,29822,0.023068,2330,0.02307,1365,0.023071,6175
1753591988401,04:53:08.401,mexc,ACH/USDT:USDT,0.023069,29822,0.023068,2330,0.02307,1365,0.023071,6175
1753591988430,04:53:08.430,mexc,ACH/USDT:USDT,0.023065,37394,0.023064,4639,0.023069,51526,0.02307,104543
1753591988776,04:53:08.776,mexc,ACH/USDT:USDT,0.023065,37394,0.023064,4639,0.023069,51526,0.02307,104543
1753591989178,04:53:09.178,mexc,ACH/USDT:USDT,0.023065,37394,0.023064,4639,0.023069,51526,0.02307,104543
1753591989180,04:53:09.180,mexc,ACH/USDT:USDT,0.023065,37394,0.023064,4639,0.023069,51526,0.02307,104543
1753591989976,04:53:09.976,mexc,ACH/USDT:USDT,0.023065,37394,0.023064,4639,0.023069,51526,0.02307,104543
1753591989976,04:53:09.976,mexc,ACH/USDT:USDT,0.023065,37394,0.023064,6816,0.023069,51526,0.02307,104543
1753591990379,04:53:10.379,mexc,ACH/USDT:USDT,0.023065,37394,0.023064,6816,0.023069,51526,0.02307,104543
1753591990380,04:53:10.380,mexc,ACH/USDT:USDT,0.023065,37394,0.023064,4639,0.023069,51526,0.02307,104543
1753591991177,04:53:11.177,mexc,ACH/USDT:USDT,0.023065,37394,0.023064,4639,0.023069,51526,0.02307,104543
1753591991177,04:53:11.177,mexc,ACH/USDT:USDT,0.023065,37394,0.023064,4639,0.023069,51526,0.02307,104543
1753591991579,04:53:11.579,mexc,ACH/USDT:USDT,0.023065,37394,0.023064,4639,0.023069,51526,0.02307,104543
1753591991579,04:53:11.579,mexc,ACH/USDT:USDT,0.023065,37394,0.023064,4639,0.023069,51526,0.02307,104543
1753591992309,04:53:12.309,mexc,ACH/USDT:USDT,0.023065,37394,0.023064,4639,0.023069,51526,0.02307,104543
1753591992378,04:53:12.378,mexc,ACH/USDT:USDT,0.023065,37394,0.023064,5269,0.023069,51526,0.02307,104543
1753591992780,04:53:12.780,mexc,ACH/USDT:USDT,0.023065,37394,0.023064,5269,0.023069,51526,0.02307,104543
1753591992780,04:53:12.780,mexc,ACH/USDT:USDT,0.023065,37394,0.023064,4639,0.023069,51526,0.02307,104543
1753591993576,04:53:13.576,mexc,ACH/USDT:USDT,0.023065,37394,0.023064,4639,0.023069,51526,0.02307,134822
1753591993577,04:53:13.577,mexc,ACH/USDT:USDT,0.023065,37394,0.023064,6400,0.023069,51526,0.02307,134822
1753591993979,04:53:13.979,mexc,ACH/USDT:USDT,0.023065,37394,0.023064,6400,0.023069,51526,0.02307,104543
1753591993980,04:53:13.980,mexc,ACH/USDT:USDT,0.023065,37394,0.023064,4639,0.023069,51526,0.02307,104543
1753591994402,04:53:14.402,mexc,ACH/USDT:USDT,0.023065,37394,0.023064,4639,0.023068,1193,0.023069,51526
1753591994440,04:53:14.440,mexc,ACH/USDT:USDT,0.023067,18919,0.023066,6652,0.023068,1193,0.023069,90786
1753591994777,04:53:14.777,mexc,ACH/USDT:USDT,0.023067,18919,0.023066,6652,0.023068,1193,0.023069,90786
1753591995180,04:53:15.180,mexc,ACH/USDT:USDT,0.023067,18919,0.023066,6652,0.023068,1193,0.023069,90786
1753591995180,04:53:15.180,mexc,ACH/USDT:USDT,0.023067,18919,0.023066,6652,0.023068,1193,0.023069,90786
1753591995976,04:53:15.976,mexc,ACH/USDT:USDT,0.023067,18919,0.023066,6652,0.023068,1193,0.023069,90786
1753591995977,04:53:15.977,mexc,ACH/USDT:USDT,0.023067,18919,0.023066,8521,0.023068,1193,0.023069,90786
1753591996379,04:53:16.379,mexc,ACH/USDT:USDT,0.023067,18919,0.023066,8521,0.023068,1193,0.023069,90786
1753591996380,04:53:16.380,mexc,ACH/USDT:USDT,0.023067,18919,0.023066,6652,0.023068,1193,0.023069,90786
1753591997175,04:53:17.175,mexc,ACH/USDT:USDT,0.023067,18919,0.023066,6652,0.023068,1193,0.023069,90786
1753591997178,04:53:17.178,mexc,ACH/USDT:USDT,0.023067,18919,0.023066,8170,0.023068,1193,0.023069,134805
1753591997582,04:53:17.582,mexc,ACH/USDT:USDT,0.023067,18919,0.023066,8170,0.023068,1193,0.023069,134805
1753591997582,04:53:17.582,mexc,ACH/USDT:USDT,0.023067,18919,0.023066,6652,0.023068,1193,0.023069,90786
1753591998310,04:53:18.310,mexc,ACH/USDT:USDT,0.023067,18919,0.023066,6652,0.023068,1193,0.023069,90786
1753591998378,04:53:18.378,mexc,ACH/USDT:USDT,0.023067,18919,0.023066,6652,0.023068,1193,0.023069,90786
1753591998782,04:53:18.782,mexc,ACH/USDT:USDT,0.023067,18919,0.023066,6652,0.023068,1193,0.023069,90786
1753591998782,04:53:18.782,mexc,ACH/USDT:USDT,0.023067,18919,0.023066,6652,0.023068,1193,0.023069,90786
1753591999578,04:53:19.578,mexc,ACH/USDT:USDT,0.023067,18919,0.023066,6652,0.023068,1193,0.023069,90786
1753591999578,04:53:19.578,mexc,ACH/USDT:USDT,0.023067,18919,0.023066,6652,0.023068,1193,0.023069,90786
1753591999981,04:53:19.981,mexc,ACH/USDT:USDT,0.023067,18919,0.023066,6652,0.023068,1193,0.023069,90786
1753591999981,04:53:19.981,mexc,ACH/USDT:USDT,0.023067,18919,0.023066,6652,0.023068,1193,0.023069,90786
1753592000422,04:53:20.422,mexc,ACH/USDT:USDT,0.023067,18919,0.023066,6652,0.023068,1193,0.023069,90786
1753592000477,04:53:20.477,mexc,ACH/USDT:USDT,0.023067,19307,0.023066,5784,0.02307,91930,0.023071,19516
1753592000778,04:53:20.778,mexc,ACH/USDT:USDT,0.023067,19307,0.023066,7100,0.02307,91930,0.023071,19516
1753592001181,04:53:21.181,mexc,ACH/USDT:USDT,0.023067,19307,0.023066,5784,0.02307,91930,0.023071,19516
1753592001182,04:53:21.182,mexc,ACH/USDT:USDT,0.023067,19307,0.023066,5784,0.02307,91930,0.023071,19516
1753592001977,04:53:21.977,mexc,ACH/USDT:USDT,0.023067,19307,0.023066,5784,0.02307,91930,0.023071,19516
1753592001978,04:53:21.978,mexc,ACH/USDT:USDT,0.023067,19307,0.023066,5784,0.02307,91930,0.023071,19516
1753592002381,04:53:22.381,mexc,ACH/USDT:USDT,0.023067,19307,0.023066,5784,0.02307,91930,0.023071,19516
1753592002381,04:53:22.381,mexc,ACH/USDT:USDT,0.023067,19307,0.023066,5784,0.02307,91930,0.023071,19516
1753592003179,04:53:23.179,mexc,ACH/USDT:USDT,0.023067,19307,0.023066,5784,0.02307,91930,0.023071,19516
1753592003179,04:53:23.179,mexc,ACH/USDT:USDT,0.023067,19307,0.023066,5784,0.02307,91930,0.023071,19516
1753592003582,04:53:23.582,mexc,ACH/USDT:USDT,0.023067,19307,0.023066,5784,0.02307,91930,0.023071,19516
1753592003582,04:53:23.582,mexc,ACH/USDT:USDT,0.023067,19307,0.023066,5784,0.02307,91930,0.023071,19516
1753592004314,04:53:24.314,mexc,ACH/USDT:USDT,0.023067,19307,0.023066,5784,0.02307,91930,0.023071,19516
1753592004381,04:53:24.381,mexc,ACH/USDT:USDT,0.023067,19307,0.023066,5784,0.02307,91930,0.023071,19516
1753592004782,04:53:24.782,mexc,ACH/USDT:USDT,0.023067,19307,0.023066,5784,0.02307,91930,0.023071,19516
1753592004783,04:53:24.783,mexc,ACH/USDT:USDT,0.023067,19307,0.023066,5784,0.02307,91930,0.023071,19516
1753592005512,04:53:25.512,mexc,ACH/USDT:USDT,0.023067,19307,0.023066,5784,0.02307,91930,0.023071,19516
1753592005579,04:53:25.579,mexc,ACH/USDT:USDT,0.023067,19307,0.023066,5784,0.02307,91930,0.023071,27517
1753592005982,04:53:25.982,mexc,ACH/USDT:USDT,0.023067,19307,0.023066,5784,0.02307,91930,0.023071,27517
1753592005982,04:53:25.982,mexc,ACH/USDT:USDT,0.023067,19307,0.023066,5784,0.02307,91930,0.023071,19516
1753592006466,04:53:26.466,mexc,ACH/USDT:USDT,0.023067,19307,0.023066,5784,0.02307,101941,0.023071,19516
1753592006479,04:53:26.479,mexc,ACH/USDT:USDT,0.023069,5968,0.023068,4343,0.02307,10081,0.023071,31378
1753592006778,04:53:26.778,mexc,ACH/USDT:USDT,0.023069,5968,0.023068,4343,0.02307,10081,0.023071,31378
1753592007181,04:53:27.181,mexc,ACH/USDT:USDT,0.023069,5968,0.023068,4343,0.02307,10081,0.023071,31378
1753592007183,04:53:27.183,mexc,ACH/USDT:USDT,0.023069,5968,0.023068,4343,0.02307,10081,0.023071,31378
1753592007979,04:53:27.979,mexc,ACH/USDT:USDT,0.023069,5968,0.023068,4343,0.02307,10081,0.023071,31378
1753592007979,04:53:27.979,mexc,ACH/USDT:USDT,0.023069,5968,0.023068,6151,0.02307,10081,0.023071,31378
1753592008381,04:53:28.381,mexc,ACH/USDT:USDT,0.023069,5968,0.023068,6151,0.02307,10081,0.023071,31378
1753592008382,04:53:28.382,mexc,ACH/USDT:USDT,0.023069,5968,0.023068,4343,0.02307,10081,0.023071,31378
1753592009179,04:53:29.179,mexc,ACH/USDT:USDT,0.023069,5968,0.023068,4343,0.02307,10081,0.023071,42574
1753592009179,04:53:29.179,mexc,ACH/USDT:USDT,0.023069,5968,0.023068,4343,0.02307,10081,0.023071,42574
1753592009583,04:53:29.583,mexc,ACH/USDT:USDT,0.023069,5968,0.023068,4343,0.02307,10081,0.023071,42574
1753592009583,04:53:29.583,mexc,ACH/USDT:USDT,0.023069,5968,0.023068,4343,0.02307,10081,0.023071,31378
1753592010316,04:53:30.316,mexc,ACH/USDT:USDT,0.023069,5968,0.023068,4343,0.02307,10081,0.023071,31378
1753592010380,04:53:30.380,mexc,ACH/USDT:USDT,0.023069,5968,0.023068,4343,0.02307,10081,0.023071,48910
1753592010782,04:53:30.782,mexc,ACH/USDT:USDT,0.023069,5968,0.023068,4343,0.02307,10081,0.023071,42559
1753592010782,04:53:30.782,mexc,ACH/USDT:USDT,0.023069,5968,0.023068,4343,0.02307,10081,0.023071,31378
1753592011516,04:53:31.516,mexc,ACH/USDT:USDT,0.023069,5968,0.023068,4343,0.02307,10081,0.023071,31378
1753592011579,04:53:31.579,mexc,ACH/USDT:USDT,0.023069,5968,0.023068,4343,0.02307,10081,0.023071,31378
1753592011984,04:53:31.984,mexc,ACH/USDT:USDT,0.023069,5968,0.023068,4343,0.02307,10081,0.023071,31378
1753592011984,04:53:31.984,mexc,ACH/USDT:USDT,0.023069,5968,0.023068,4343,0.02307,10081,0.023071,31378
1753592012471,04:53:32.471,mexc,ACH/USDT:USDT,0.023069,5968,0.023068,4343,0.02307,10081,0.023071,31378
1753592012503,04:53:32.503,mexc,ACH/USDT:USDT,0.023071,7780,0.02307,58932,0.023072,13971,0.023073,1144
1753592012783,04:53:32.783,mexc,ACH/USDT:USDT,0.023071,7780,0.02307,96596,0.023072,13971,0.023073,1144
1753592013186,04:53:33.186,mexc,ACH/USDT:USDT,0.023071,7780,0.02307,96596,0.023072,13971,0.023073,1144
1753592013187,04:53:33.187,mexc,ACH/USDT:USDT,0.023071,7780,0.02307,58932,0.023072,13971,0.023073,1144
1753592013979,04:53:33.979,mexc,ACH/USDT:USDT,0.023071,7780,0.02307,58932,0.023072,13971,0.023073,1144
1753592013981,04:53:33.981,mexc,ACH/USDT:USDT,0.023071,7780,0.02307,76317,0.023072,13971,0.023073,1279
1753592014384,04:53:34.384,mexc,ACH/USDT:USDT,0.023071,7780,0.02307,76317,0.023072,13971,0.023073,1279
1753592014384,04:53:34.384,mexc,ACH/USDT:USDT,0.023071,7780,0.02307,58932,0.023072,13971,0.023073,1144
1753592015180,04:53:35.180,mexc,ACH/USDT:USDT,0.023071,7780,0.02307,58932,0.023072,13971,0.023073,1144
1753592015181,04:53:35.181,mexc,ACH/USDT:USDT,0.023071,7780,0.02307,58932,0.023072,13971,0.023073,1144
1753592015585,04:53:35.585,mexc,ACH/USDT:USDT,0.023071,7780,0.02307,58932,0.023072,13971,0.023073,1144
1753592015586,04:53:35.586,mexc,ACH/USDT:USDT,0.023071,7780,0.02307,58932,0.023072,13971,0.023073,1144
1753592016316,04:53:36.316,mexc,ACH/USDT:USDT,0.023071,7780,0.02307,58932,0.023072,13971,0.023073,1144
1753592016381,04:53:36.381,mexc,ACH/USDT:USDT,0.023071,7780,0.02307,58932,0.023072,13971,0.023073,1144
1753592016782,04:53:36.782,mexc,ACH/USDT:USDT,0.023071,7780,0.02307,58932,0.023072,13971,0.023073,1144
1753592016782,04:53:36.782,mexc,ACH/USDT:USDT,0.023071,7780,0.02307,58932,0.023072,13971,0.023073,1144
1753592017519,04:53:37.519,mexc,ACH/USDT:USDT,0.023071,7780,0.02307,58932,0.023072,13971,0.023073,1144
1753592017580,04:53:37.580,mexc,ACH/USDT:USDT,0.023071,7780,0.02307,84450,0.023072,13971,0.023073,1144
1753592017984,04:53:37.984,mexc,ACH/USDT:USDT,0.023071,7780,0.02307,58932,0.023072,13971,0.023073,1144
1753592017984,04:53:37.984,mexc,ACH/USDT:USDT,0.023071,7780,0.02307,58932,0.023072,13971,0.023073,1144
1753592018472,04:53:38.472,mexc,ACH/USDT:USDT,0.023071,7780,0.02307,58932,0.023072,13971,0.023073,1144
1753592018485,04:53:38.485,mexc,ACH/USDT:USDT,0.023068,3498,0.023067,20208,0.023069,28587,0.02307,48725
1753592018780,04:53:38.780,mexc,ACH/USDT:USDT,0.023068,3498,0.023067,22730,0.023069,28587,0.02307,48725
1753592019185,04:53:39.185,mexc,ACH/USDT:USDT,0.023068,3498,0.023067,22730,0.023069,28587,0.02307,48725
1753592019185,04:53:39.185,mexc,ACH/USDT:USDT,0.023068,3498,0.023067,20208,0.023069,28587,0.02307,48725
1753592019983,04:53:39.983,mexc,ACH/USDT:USDT,0.023068,3498,0.023067,20208,0.023069,28587,0.02307,48725
1753592019983,04:53:39.983,mexc,ACH/USDT:USDT,0.023068,3498,0.023067,27074,0.023069,28587,0.02307,48725
1753592020383,04:53:40.383,mexc,ACH/USDT:USDT,0.023068,3498,0.023067,27074,0.023069,28587,0.02307,48725
1753592020383,04:53:40.383,mexc,ACH/USDT:USDT,0.023068,3498,0.023067,20208,0.023069,28587,0.02307,48725
1753592021180,04:53:41.180,mexc,ACH/USDT:USDT,0.023068,3498,0.023067,20208,0.023069,28587,0.02307,69794
1753592021180,04:53:41.180,mexc,ACH/USDT:USDT,0.023068,3498,0.023067,29371,0.023069,28587,0.02307,69794
1753592021588,04:53:41.588,mexc,ACH/USDT:USDT,0.023068,3498,0.023067,29371,0.023069,28587,0.02307,69794
1753592021588,04:53:41.588,mexc,ACH/USDT:USDT,0.023068,3498,0.023067,20208,0.023069,28587,0.02307,48725
1753592022319,04:53:42.319,mexc,ACH/USDT:USDT,0.023068,3498,0.023067,20208,0.023069,28587,0.02307,48725
1753592022384,04:53:42.384,mexc,ACH/USDT:USDT,0.023068,3498,0.023067,30075,0.023069,28587,0.02307,48725
1753592022784,04:53:42.784,mexc,ACH/USDT:USDT,0.023068,3498,0.023067,30075,0.023069,28587,0.02307,48725
1753592022787,04:53:42.787,mexc,ACH/USDT:USDT,0.023068,3498,0.023067,20208,0.023069,28587,0.02307,48725
1753592023525,04:53:43.525,mexc,ACH/USDT:USDT,0.023068,3498,0.023067,20208,0.023069,28587,0.02307,48725
1753592023584,04:53:43.584,mexc,ACH/USDT:USDT,0.023068,3498,0.023067,20208,0.023069,28587,0.02307,48725
1753592023984,04:53:43.984,mexc,ACH/USDT:USDT,0.023068,3498,0.023067,20208,0.023069,28587,0.02307,48725
1753592023984,04:53:43.984,mexc,ACH/USDT:USDT,0.023068,3498,0.023067,20208,0.023069,28587,0.02307,48725
1753592024477,04:53:44.477,mexc,ACH/USDT:USDT,0.023068,3498,0.023067,20208,0.023069,60132,0.02307,48725
1753592024486,04:53:44.486,mexc,ACH/USDT:USDT,0.023068,14765,0.023067,25534,0.023069,31545,0.02307,1394
1753592024784,04:53:44.784,mexc,ACH/USDT:USDT,0.023068,14765,0.023067,32613,0.023069,31545,0.02307,2090
1753592025184,04:53:45.184,mexc,ACH/USDT:USDT,0.023068,14765,0.023067,25534,0.023069,31545,0.02307,2090
1753592025187,04:53:45.187,mexc,ACH/USDT:USDT,0.023068,14765,0.023067,25534,0.023069,31545,0.02307,1394
1753592025982,04:53:45.982,mexc,ACH/USDT:USDT,0.023068,14765,0.023067,25534,0.023069,31545,0.02307,1394
1753592025982,04:53:45.982,mexc,ACH/USDT:USDT,0.023068,14765,0.023067,25534,0.023069,31545,0.02307,1394
1753592026384,04:53:46.384,mexc,ACH/USDT:USDT,0.023068,14765,0.023067,25534,0.023069,31545,0.02307,1394
1753592026384,04:53:46.384,mexc,ACH/USDT:USDT,0.023068,14765,0.023067,25534,0.023069,31545,0.02307,1394
1753592027180,04:53:47.180,mexc,ACH/USDT:USDT,0.023068,14765,0.023067,25534,0.023069,31545,0.02307,1394
1753592027181,04:53:47.181,mexc,ACH/USDT:USDT,0.023068,14765,0.023067,25534,0.023069,31545,0.02307,1394
1753592027585,04:53:47.585,mexc,ACH/USDT:USDT,0.023068,14765,0.023067,25534,0.023069,31545,0.02307,1394
1753592027585,04:53:47.585,mexc,ACH/USDT:USDT,0.023068,14765,0.023067,25534,0.023069,31545,0.02307,1394
1753592028320,04:53:48.320,mexc,ACH/USDT:USDT,0.023068,14765,0.023067,25534,0.023069,31545,0.02307,1394
1753592028381,04:53:48.381,mexc,ACH/USDT:USDT,0.023068,14765,0.023067,34746,0.023069,31545,0.02307,1941
1753592028786,04:53:48.786,mexc,ACH/USDT:USDT,0.023068,14765,0.023067,34746,0.023069,31545,0.02307,1394
1753592028786,04:53:48.786,mexc,ACH/USDT:USDT,0.023068,14765,0.023067,25534,0.023069,31545,0.02307,1394
1753592029525,04:53:49.525,mexc,ACH/USDT:USDT,0.023068,14765,0.023067,25534,0.023069,31545,0.02307,1394
1753592029581,04:53:49.581,mexc,ACH/USDT:USDT,0.023068,14765,0.023067,25534,0.023069,31545,0.02307,1394
1753592029984,04:53:49.984,mexc,ACH/USDT:USDT,0.023068,14765,0.023067,25534,0.023069,31545,0.02307,1394
1753592029985,04:53:49.985,mexc,ACH/USDT:USDT,0.023068,14765,0.023067,25534,0.023069,31545,0.02307,1394
1753592030477,04:53:50.477,mexc,ACH/USDT:USDT,0.023068,14765,0.023067,25534,0.023069,66717,0.02307,1394
1753592030488,04:53:50.488,mexc,ACH/USDT:USDT,0.023068,13945,0.023067,21199,0.023069,35172,0.02307,1221
1753592030780,04:53:50.780,mexc,ACH/USDT:USDT,0.023068,13945,0.023067,21199,0.023069,35172,0.02307,1221
1753592031184,04:53:51.184,mexc,ACH/USDT:USDT,0.023068,13945,0.023067,21199,0.023069,35172,0.02307,1221
1753592031185,04:53:51.185,mexc,ACH/USDT:USDT,0.023068,13945,0.023067,21199,0.023069,35172,0.02307,1221
1753592031981,04:53:51.981,mexc,ACH/USDT:USDT,0.023068,13945,0.023067,21199,0.023069,35172,0.02307,1221
1753592031982,04:53:51.982,mexc,ACH/USDT:USDT,0.023068,13945,0.023067,26752,0.023069,35172,0.02307,1221
1753592032388,04:53:52.388,mexc,ACH/USDT:USDT,0.023068,13945,0.023067,26752,0.023069,35172,0.02307,1221
1753592032388,04:53:52.388,mexc,ACH/USDT:USDT,0.023068,13945,0.023067,21199,0.023069,35172,0.02307,1221
1753592033182,04:53:53.182,mexc,ACH/USDT:USDT,0.023068,13945,0.023067,21199,0.023069,35172,0.02307,1221
1753592033183,04:53:53.183,mexc,ACH/USDT:USDT,0.023068,13945,0.023067,21199,0.023069,35172,0.02307,1221
1753592033588,04:53:53.588,mexc,ACH/USDT:USDT,0.023068,13945,0.023067,21199,0.023069,35172,0.02307,1221
1753592033588,04:53:53.588,mexc,ACH/USDT:USDT,0.023068,13945,0.023067,21199,0.023069,35172,0.02307,1221
1753592034321,04:53:54.321,mexc,ACH/USDT:USDT,0.023068,13945,0.023067,21199,0.023069,35172,0.02307,1221
1753592034385,04:53:54.385,mexc,ACH/USDT:USDT,0.023068,13945,0.023067,24193,0.023069,35172,0.02307,1945
1753592034784,04:53:54.784,mexc,ACH/USDT:USDT,0.023068,13945,0.023067,24193,0.023069,35172,0.02307,1945
1753592034784,04:53:54.784,mexc,ACH/USDT:USDT,0.023068,13945,0.023067,21199,0.023069,35172,0.02307,1221
1753592035530,04:53:55.530,mexc,ACH/USDT:USDT,0.023068,13945,0.023067,21199,0.023069,35172,0.02307,1221
1753592035582,04:53:55.582,mexc,ACH/USDT:USDT,0.023068,13945,0.023067,27483,0.023069,35172,0.02307,1555
1753592035985,04:53:55.985,mexc,ACH/USDT:USDT,0.023068,13945,0.023067,21199,0.023069,35172,0.02307,1555
1753592035985,04:53:55.985,mexc,ACH/USDT:USDT,0.023068,13945,0.023067,21199,0.023069,35172,0.02307,1221
1753592036476,04:53:56.476,mexc,ACH/USDT:USDT,0.023068,13945,0.023067,21199,0.023069,35172,0.02307,1221
1753592036493,04:53:56.493,mexc,ACH/USDT:USDT,0.023071,30734,0.02307,1121,0.023072,31798,0.023073,1114
1753592036782,04:53:56.782,mexc,ACH/USDT:USDT,0.023071,30734,0.02307,1121,0.023072,31798,0.023073,1304
1753592037187,04:53:57.187,mexc,ACH/USDT:USDT,0.023071,30734,0.02307,1121,0.023072,31798,0.023073,1114
1753592037187,04:53:57.187,mexc,ACH/USDT:USDT,0.023071,30734,0.02307,1121,0.023072,31798,0.023073,1114
1753592037985,04:53:57.985,mexc,ACH/USDT:USDT,0.023071,30734,0.02307,1363,0.023072,31798,0.023073,1114
1753592037985,04:53:57.985,mexc,ACH/USDT:USDT,0.023071,30734,0.02307,1363,0.023072,31798,0.023073,1114
1753592038387,04:53:58.387,mexc,ACH/USDT:USDT,0.023071,30734,0.02307,1121,0.023072,31798,0.023073,1114
1753592038388,04:53:58.388,mexc,ACH/USDT:USDT,0.023071,30734,0.02307,1121,0.023072,31798,0.023073,1114
1753592039181,04:53:59.181,mexc,ACH/USDT:USDT,0.023071,30734,0.02307,1121,0.023072,31798,0.023073,1114
1753592039182,04:53:59.182,mexc,ACH/USDT:USDT,0.023071,30734,0.02307,1239,0.023072,31798,0.023073,1114
1753592039587,04:53:59.587,mexc,ACH/USDT:USDT,0.023071,30734,0.02307,1121,0.023072,31798,0.023073,1114
1753592039587,04:53:59.587,mexc,ACH/USDT:USDT,0.023071,30734,0.02307,1121,0.023072,31798,0.023073,1114
1753592040325,04:54:00.325,mexc,ACH/USDT:USDT,0.023071,30734,0.02307,1121,0.023072,31798,0.023073,1114
1753592040384,04:54:00.384,mexc,ACH/USDT:USDT,0.023071,30734,0.02307,1121,0.023072,31798,0.023073,1114
1753592040785,04:54:00.785,mexc,ACH/USDT:USDT,0.023071,30734,0.02307,1121,0.023072,31798,0.023073,1114
1753592040813,04:54:00.813,mexc,ACH/USDT:USDT,0.023071,30734,0.02307,1121,0.023072,31798,0.023073,1114
1753592041532,04:54:01.532,mexc,ACH/USDT:USDT,0.023071,30734,0.02307,1121,0.023072,31798,0.023073,1114
1753592041583,04:54:01.583,mexc,ACH/USDT:USDT,0.023071,30734,0.02307,1993,0.023072,31798,0.023073,1660
1753592041987,04:54:01.987,mexc,ACH/USDT:USDT,0.023071,30734,0.02307,1606,0.023072,31798,0.023073,1660
1753592041989,04:54:01.989,mexc,ACH/USDT:USDT,0.023071,30734,0.02307,1121,0.023072,31798,0.023073,1114
1753592042480,04:54:02.480,mexc,ACH/USDT:USDT,0.023071,30734,0.02307,1121,0.023072,65940,0.023073,1114
1753592042493,04:54:02.493,mexc,ACH/USDT:USDT,0.023071,26522,0.02307,1564,0.023072,34142,0.023073,1593
1753592042783,04:54:02.783,mexc,ACH/USDT:USDT,0.023071,26522,0.02307,2037,0.023072,34142,0.023073,2590
1753592043187,04:54:03.187,mexc,ACH/USDT:USDT,0.023071,26522,0.02307,2037,0.023072,34142,0.023073,2590
1753592043187,04:54:03.187,mexc,ACH/USDT:USDT,0.023071,26522,0.02307,1564,0.023072,34142,0.023073,1593
1753592043984,04:54:03.984,mexc,ACH/USDT:USDT,0.023071,26522,0.02307,2224,0.023072,34142,0.023073,1593
1753592043984,04:54:03.984,mexc,ACH/USDT:USDT,0.023071,26522,0.02307,2224,0.023072,34142,0.023073,1593
1753592044388,04:54:04.388,mexc,ACH/USDT:USDT,0.023071,26522,0.02307,1564,0.023072,34142,0.023073,1593
1753592044388,04:54:04.388,mexc,ACH/USDT:USDT,0.023071,26522,0.02307,1564,0.023072,34142,0.023073,1593
1753592045183,04:54:05.183,mexc,ACH/USDT:USDT,0.023071,26522,0.02307,1564,0.023072,34142,0.023073,1593
1753592045183,04:54:05.183,mexc,ACH/USDT:USDT,0.023071,26522,0.02307,1564,0.023072,34142,0.023073,2333
1753592045586,04:54:05.586,mexc,ACH/USDT:USDT,0.023071,26522,0.02307,1564,0.023072,34142,0.023073,2333
1753592045586,04:54:05.586,mexc,ACH/USDT:USDT,0.023071,26522,0.02307,1564,0.023072,34142,0.023073,1593
1753592046323,04:54:06.323,mexc,ACH/USDT:USDT,0.023071,26522,0.02307,1564,0.023072,34142,0.023073,1593
1753592046383,04:54:06.383,mexc,ACH/USDT:USDT,0.023071,26522,0.02307,1746,0.023072,34142,0.023073,1593
1753592046788,04:54:06.788,mexc,ACH/USDT:USDT,0.023071,26522,0.02307,1564,0.023072,34142,0.023073,1593
1753592046788,04:54:06.788,mexc,ACH/USDT:USDT,0.023071,26522,0.02307,1564,0.023072,34142,0.023073,1593
1753592047519,04:54:07.519,mexc,ACH/USDT:USDT,0.023071,26522,0.02307,1564,0.023072,34142,0.023073,1593
1753592047585,04:54:07.585,mexc,ACH/USDT:USDT,0.023076,44462,0.023075,23523,0.023077,21617,0.023078,2342
1753592047988,04:54:07.988,mexc,ACH/USDT:USDT,0.023076,44462,0.023075,23523,0.023077,21617,0.023078,2342
1753592047989,04:54:07.989,mexc,ACH/USDT:USDT,0.023076,44462,0.023075,16359,0.023077,21617,0.023078,2342
1753592048785,04:54:08.785,mexc,ACH/USDT:USDT,0.023076,44462,0.023075,16359,0.023077,21617,0.023078,2342
1753592048785,04:54:08.785,mexc,ACH/USDT:USDT,0.023076,44462,0.023075,16359,0.023077,21617,0.023078,2342
1753592049187,04:54:09.187,mexc,ACH/USDT:USDT,0.023076,44462,0.023075,16359,0.023077,21617,0.023078,2342
1753592049187,04:54:09.187,mexc,ACH/USDT:USDT,0.023076,44462,0.023075,16359,0.023077,21617,0.023078,2342
1753592049990,04:54:09.990,mexc,ACH/USDT:USDT,0.023076,44462,0.023075,16359,0.023077,21617,0.023078,2342
1753592049990,04:54:09.990,mexc,ACH/USDT:USDT,0.023076,44462,0.023075,16359,0.023077,21617,0.023078,2625
1753592050395,04:54:10.395,mexc,ACH/USDT:USDT,0.023076,44462,0.023075,16359,0.023077,21617,0.023078,2625
1753592050395,04:54:10.395,mexc,ACH/USDT:USDT,0.023076,44462,0.023075,16359,0.023077,21617,0.023078,2342
1753592051183,04:54:11.183,mexc,ACH/USDT:USDT,0.023076,44462,0.023075,16359,0.023077,21617,0.023078,2342
1753592051184,04:54:11.184,mexc,ACH/USDT:USDT,0.023076,44462,0.023075,29439,0.023077,21617,0.023078,2342
1753592051590,04:54:11.590,mexc,ACH/USDT:USDT,0.023076,44462,0.023075,22162,0.023077,21617,0.023078,2342
1753592051590,04:54:11.590,mexc,ACH/USDT:USDT,0.023076,44462,0.023075,16359,0.023077,21617,0.023078,2342
1753592052324,04:54:12.324,mexc,ACH/USDT:USDT,0.023076,44462,0.023075,16359,0.023077,21617,0.023078,2342
1753592052385,04:54:12.385,mexc,ACH/USDT:USDT,0.023076,44462,0.023075,22322,0.023077,21617,0.023078,2527
1753592052789,04:54:12.789,mexc,ACH/USDT:USDT,0.023076,44462,0.023075,16359,0.023077,21617,0.023078,2527
1753592052789,04:54:12.789,mexc,ACH/USDT:USDT,0.023076,44462,0.023075,16359,0.023077,21617,0.023078,2342
1753592053481,04:54:13.481,mexc,ACH/USDT:USDT,0.023076,44462,0.023075,16359,0.023077,23121,0.023078,2342
1753592053585,04:54:13.585,mexc,ACH/USDT:USDT,0.023076,16069,0.023075,7793,0.023077,1504,0.023078,5767
1753592053989,04:54:13.989,mexc,ACH/USDT:USDT,0.023076,16069,0.023075,7793,0.023077,1504,0.023078,5767
1753592053989,04:54:13.989,mexc,ACH/USDT:USDT,0.023076,16069,0.023075,6650,0.023077,1504,0.023078,3470
1753592054785,04:54:14.785,mexc,ACH/USDT:USDT,0.023076,16069,0.023075,9841,0.023077,1504,0.023078,3470
1753592054786,04:54:14.786,mexc,ACH/USDT:USDT,0.023076,16069,0.023075,9841,0.023077,1504,0.023078,6465
1753592055189,04:54:15.189,mexc,ACH/USDT:USDT,0.023076,16069,0.023075,6650,0.023077,1504,0.023078,6465
1753592055189,04:54:15.189,mexc,ACH/USDT:USDT,0.023076,16069,0.023075,6650,0.023077,1504,0.023078,3470
1753592055987,04:54:15.987,mexc,ACH/USDT:USDT,0.023076,16069,0.023075,6650,0.023077,1504,0.023078,5193
1753592055987,04:54:15.987,mexc,ACH/USDT:USDT,0.023076,16069,0.023075,9849,0.023077,1504,0.023078,5193
1753592056389,04:54:16.389,mexc,ACH/USDT:USDT,0.023076,16069,0.023075,6650,0.023077,1504,0.023078,5193
1753592056390,04:54:16.390,mexc,ACH/USDT:USDT,0.023076,16069,0.023075,6650,0.023077,1504,0.023078,3470
1753592057185,04:54:17.185,mexc,ACH/USDT:USDT,0.023076,16069,0.023075,6650,0.023077,1504,0.023078,3470
1753592057185,04:54:17.185,mexc,ACH/USDT:USDT,0.023076,16069,0.023075,7416,0.023077,1504,0.023078,5122
1753592057598,04:54:17.598,mexc,ACH/USDT:USDT,0.023076,16069,0.023075,7416,0.023077,1504,0.023078,5122
1753592057598,04:54:17.598,mexc,ACH/USDT:USDT,0.023076,16069,0.023075,6650,0.023077,1504,0.023078,3470
1753592058385,04:54:18.385,mexc,ACH/USDT:USDT,0.023076,16069,0.023075,6650,0.023077,1504,0.023078,3470
1753592058411,04:54:18.411,mexc,ACH/USDT:USDT,0.023076,16069,0.023075,6650,0.023077,1504,0.023078,3470
1753592058789,04:54:18.789,mexc,ACH/USDT:USDT,0.023076,16069,0.023075,6650,0.023077,1504,0.023078,3470
1753592058790,04:54:18.790,mexc,ACH/USDT:USDT,0.023076,16069,0.023075,6650,0.023077,1504,0.023078,3470
1753592059485,04:54:19.485,mexc,ACH/USDT:USDT,0.023076,16069,0.023075,6650,0.023077,3249,0.023078,3470
1753592059586,04:54:19.586,mexc,ACH/USDT:USDT,0.023076,20272,0.023075,5064,0.023077,1745,0.023078,3925
1753592059989,04:54:19.989,mexc,ACH/USDT:USDT,0.023076,20272,0.023075,5064,0.023077,1745,0.023078,3925
1753592059989,04:54:19.989,mexc,ACH/USDT:USDT,0.023076,20272,0.023075,5064,0.023077,1745,0.023078,3925
1753592060785,04:54:20.785,mexc,ACH/USDT:USDT,0.023076,20272,0.023075,5064,0.023077,1745,0.023078,3925
1753592060788,04:54:20.788,mexc,ACH/USDT:USDT,0.023076,20272,0.023075,5064,0.023077,1745,0.023078,3925
1753592061189,04:54:21.189,mexc,ACH/USDT:USDT,0.023076,20272,0.023075,5064,0.023077,1745,0.023078,3925
1753592061191,04:54:21.191,mexc,ACH/USDT:USDT,0.023076,20272,0.023075,5064,0.023077,1745,0.023078,3925
1753592061987,04:54:21.987,mexc,ACH/USDT:USDT,0.023076,20272,0.023075,5064,0.023077,1745,0.023078,3925
1753592061987,04:54:21.987,mexc,ACH/USDT:USDT,0.023076,20272,0.023075,5064,0.023077,1745,0.023078,5536
1753592062391,04:54:22.391,mexc,ACH/USDT:USDT,0.023076,20272,0.023075,5064,0.023077,1745,0.023078,5536
1753592062391,04:54:22.391,mexc,ACH/USDT:USDT,0.023076,20272,0.023075,5064,0.023077,1745,0.023078,3925
1753592063186,04:54:23.186,mexc,ACH/USDT:USDT,0.023076,20272,0.023075,5064,0.023077,1745,0.023078,3925
1753592063187,04:54:23.187,mexc,ACH/USDT:USDT,0.023076,20272,0.023075,5064,0.023077,1745,0.023078,3925
1753592063594,04:54:23.594,mexc,ACH/USDT:USDT,0.023076,20272,0.023075,5064,0.023077,1745,0.023078,3925
1753592063594,04:54:23.594,mexc,ACH/USDT:USDT,0.023076,20272,0.023075,5064,0.023077,1745,0.023078,3925
1753592064387,04:54:24.387,mexc,ACH/USDT:USDT,0.023076,20272,0.023075,5064,0.023077,1745,0.023078,3925
1753592064414,04:54:24.414,mexc,ACH/USDT:USDT,0.023076,20272,0.023075,5064,0.023077,1745,0.023078,5530
1753592064791,04:54:24.791,mexc,ACH/USDT:USDT,0.023076,20272,0.023075,5064,0.023077,1745,0.023078,3925
1753592064791,04:54:24.791,mexc,ACH/USDT:USDT,0.023076,20272,0.023075,5064,0.023077,1745,0.023078,3925
1753592065486,04:54:25.486,mexc,ACH/USDT:USDT,0.023076,20272,0.023075,5064,0.023077,6536,0.023078,3925
1753592065589,04:54:25.589,mexc,ACH/USDT:USDT,0.023076,22816,0.023075,4636,0.023077,4791,0.023078,3796
1753592065992,04:54:25.992,mexc,ACH/USDT:USDT,0.023076,22816,0.023075,4636,0.023077,4791,0.023078,3796
1753592065992,04:54:25.992,mexc,ACH/USDT:USDT,0.023076,22816,0.023075,3758,0.023077,4791,0.023078,3796
1753592066788,04:54:26.788,mexc,ACH/USDT:USDT,0.023076,22816,0.023075,3758,0.023077,4791,0.023078,3796
1753592066788,04:54:26.788,mexc,ACH/USDT:USDT,0.023076,22816,0.023075,3758,0.023077,4791,0.023078,4842
1753592067191,04:54:27.191,mexc,ACH/USDT:USDT,0.023076,22816,0.023075,3758,0.023077,4791,0.023078,3796
1753592067193,04:54:27.193,mexc,ACH/USDT:USDT,0.023076,22816,0.023075,3758,0.023077,4791,0.023078,3796
1753592067988,04:54:27.988,mexc,ACH/USDT:USDT,0.023076,22816,0.023075,3758,0.023077,4791,0.023078,3796
1753592067989,04:54:27.989,mexc,ACH/USDT:USDT,0.023076,22816,0.023075,5900,0.023077,4791,0.023078,4971
1753592068392,04:54:28.392,mexc,ACH/USDT:USDT,0.023076,22816,0.023075,5142,0.023077,4791,0.023078,4971
1753592068393,04:54:28.393,mexc,ACH/USDT:USDT,0.023076,22816,0.023075,3758,0.023077,4791,0.023078,3796
1753592069188,04:54:29.188,mexc,ACH/USDT:USDT,0.023076,22816,0.023075,5267,0.023077,4791,0.023078,3796
1753592069188,04:54:29.188,mexc,ACH/USDT:USDT,0.023076,22816,0.023075,5267,0.023077,4791,0.023078,3796
1753592069604,04:54:29.604,mexc,ACH/USDT:USDT,0.023076,22816,0.023075,3758,0.023077,4791,0.023078,3796
1753592069604,04:54:29.604,mexc,ACH/USDT:USDT,0.023076,22816,0.023075,3758,0.023077,4791,0.023078,3796
1753592070388,04:54:30.388,mexc,ACH/USDT:USDT,0.023076,22816,0.023075,5351,0.023077,4791,0.023078,3796
1753592070415,04:54:30.415,mexc,ACH/USDT:USDT,0.023076,22816,0.023075,5351,0.023077,4791,0.023078,3796
1753592070792,04:54:30.792,mexc,ACH/USDT:USDT,0.023076,22816,0.023075,5351,0.023077,4791,0.023078,3796
1753592070792,04:54:30.792,mexc,ACH/USDT:USDT,0.023076,22816,0.023075,3758,0.023077,4791,0.023078,3796
1753592071489,04:54:31.489,mexc,ACH/USDT:USDT,0.023076,22816,0.023075,3758,0.023077,4791,0.023078,3796
1753592071591,04:54:31.591,mexc,ACH/USDT:USDT,0.023078,15406,0.023077,30215,0.023079,1567,0.02308,1167
1753592071993,04:54:31.993,mexc,ACH/USDT:USDT,0.023078,15406,0.023077,30215,0.023079,1567,0.02308,1055
1753592071993,04:54:31.993,mexc,ACH/USDT:USDT,0.023078,15406,0.023077,30215,0.023079,1567,0.02308,1055
1753592072789,04:54:32.789,mexc,ACH/USDT:USDT,0.023078,15406,0.023077,30215,0.023079,1567,0.02308,1055
1753592072790,04:54:32.790,mexc,ACH/USDT:USDT,0.023078,15406,0.023077,42665,0.023079,1567,0.02308,1256
1753592073192,04:54:33.192,mexc,ACH/USDT:USDT,0.023078,15406,0.023077,42665,0.023079,1567,0.02308,1256
1753592073193,04:54:33.193,mexc,ACH/USDT:USDT,0.023078,15406,0.023077,30215,0.023079,1567,0.02308,1055
1753592074061,04:54:34.061,mexc,ACH/USDT:USDT,0.023078,15406,0.023077,30215,0.023079,1567,0.02308,1055
1753592074063,04:54:34.063,mexc,ACH/USDT:USDT,0.023078,15406,0.023077,38738,0.023079,1567,0.02308,1478
1753592074468,04:54:34.468,mexc,ACH/USDT:USDT,0.023078,15406,0.023077,38738,0.023079,1567,0.02308,1478
1753592074469,04:54:34.469,mexc,ACH/USDT:USDT,0.023078,15406,0.023077,30215,0.023079,1567,0.02308,1055
1753592075263,04:54:35.263,mexc,ACH/USDT:USDT,0.023078,15406,0.023077,30215,0.023079,1567,0.02308,1055
1753592075263,04:54:35.263,mexc,ACH/USDT:USDT,0.023078,15406,0.023077,30215,0.023079,1567,0.02308,1055
1753592075667,04:54:35.667,mexc,ACH/USDT:USDT,0.023078,15406,0.023077,30215,0.023079,1567,0.02308,1055
1753592075668,04:54:35.668,mexc,ACH/USDT:USDT,0.023078,15406,0.023077,30215,0.023079,1567,0.02308,1055
1753592076409,04:54:36.409,mexc,ACH/USDT:USDT,0.023078,15406,0.023077,30215,0.023079,1567,0.02308,1055
1753592076463,04:54:36.463,mexc,ACH/USDT:USDT,0.023078,15406,0.023077,37811,0.023079,1567,0.02308,1055
1753592076865,04:54:36.865,mexc,ACH/USDT:USDT,0.023078,15406,0.023077,37811,0.023079,1567,0.02308,1055
1753592076867,04:54:36.867,mexc,ACH/USDT:USDT,0.023078,15406,0.023077,30215,0.023079,1567,0.02308,1055
1753592077490,04:54:37.490,mexc,ACH/USDT:USDT,0.023078,15406,0.023077,35338,0.023079,1567,0.02308,1055
1753592077663,04:54:37.663,mexc,ACH/USDT:USDT,0.023077,5123,0.023076,25435,0.023078,33869,0.023079,21309
1753592078067,04:54:38.067,mexc,ACH/USDT:USDT,0.023077,5123,0.023076,25435,0.023078,33869,0.023079,21309
1753592078067,04:54:38.067,mexc,ACH/USDT:USDT,0.023077,5123,0.023076,25435,0.023078,33869,0.023079,21309
1753592078863,04:54:38.863,mexc,ACH/USDT:USDT,0.023077,5123,0.023076,33099,0.023078,33869,0.023079,21309
1753592078864,04:54:38.864,mexc,ACH/USDT:USDT,0.023077,5123,0.023076,33099,0.023078,33869,0.023079,21309
1753592079266,04:54:39.266,mexc,ACH/USDT:USDT,0.023077,5123,0.023076,25435,0.023078,33869,0.023079,21309
1753592079266,04:54:39.266,mexc,ACH/USDT:USDT,0.023077,5123,0.023076,25435,0.023078,33869,0.023079,21309
1753592080065,04:54:40.065,mexc,ACH/USDT:USDT,0.023077,5123,0.023076,25435,0.023078,33869,0.023079,21309
1753592080065,04:54:40.065,mexc,ACH/USDT:USDT,0.023077,5123,0.023076,25435,0.023078,33869,0.023079,21309
1753592080469,04:54:40.469,mexc,ACH/USDT:USDT,0.023077,5123,0.023076,25435,0.023078,33869,0.023079,21309
1753592080470,04:54:40.470,mexc,ACH/USDT:USDT,0.023077,5123,0.023076,25435,0.023078,33869,0.023079,21309
1753592081264,04:54:41.264,mexc,ACH/USDT:USDT,0.023077,5123,0.023076,25435,0.023078,33869,0.023079,21309
1753592081264,04:54:41.264,mexc,ACH/USDT:USDT,0.023077,5123,0.023076,35733,0.023078,33869,0.023079,31606
1753592081668,04:54:41.668,mexc,ACH/USDT:USDT,0.023077,5123,0.023076,35733,0.023078,33869,0.023079,31606
1753592081668,04:54:41.668,mexc,ACH/USDT:USDT,0.023077,5123,0.023076,25435,0.023078,33869,0.023079,21309
1753592082437,04:54:42.437,mexc,ACH/USDT:USDT,0.023077,5123,0.023076,25435,0.023078,33869,0.023079,21309
1753592082466,04:54:42.466,mexc,ACH/USDT:USDT,0.023077,5123,0.023076,31275,0.023078,33869,0.023079,21309
1753592082708,04:54:42.708,mexc,ACH/USDT:USDT,0.023071,23005,0.02307,3737,0.023074,35132,0.023075,42917
1753592083549,04:54:43.549,mexc,ACH/USDT:USDT,0.023071,23005,0.02307,3737,0.023074,35132,0.023075,42917
1753592083667,04:54:43.667,mexc,ACH/USDT:USDT,0.023071,23005,0.02307,9093,0.023074,35132,0.023075,42917
1753592084068,04:54:44.068,mexc,ACH/USDT:USDT,0.023071,23005,0.02307,9093,0.023074,35132,0.023075,42917
1753592084068,04:54:44.068,mexc,ACH/USDT:USDT,0.023071,23005,0.02307,3737,0.023074,35132,0.023075,42917
1753592084863,04:54:44.863,mexc,ACH/USDT:USDT,0.023071,23005,0.02307,3737,0.023074,35132,0.023075,42917
1753592084864,04:54:44.864,mexc,ACH/USDT:USDT,0.023071,23005,0.02307,3737,0.023074,35132,0.023075,42917
1753592085267,04:54:45.267,mexc,ACH/USDT:USDT,0.023071,23005,0.02307,3737,0.023074,35132,0.023075,42917
1753592085268,04:54:45.268,mexc,ACH/USDT:USDT,0.023071,23005,0.02307,3737,0.023074,35132,0.023075,42917
1753592086068,04:54:46.068,mexc,ACH/USDT:USDT,0.023071,23005,0.02307,3737,0.023074,35132,0.023075,54162
1753592086068,04:54:46.068,mexc,ACH/USDT:USDT,0.023071,23005,0.02307,17728,0.023074,35132,0.023075,54162
1753592086470,04:54:46.470,mexc,ACH/USDT:USDT,0.023071,23005,0.02307,17728,0.023074,35132,0.023075,42917
1753592086470,04:54:46.470,mexc,ACH/USDT:USDT,0.023071,23005,0.02307,3737,0.023074,35132,0.023075,42917
1753592087264,04:54:47.264,mexc,ACH/USDT:USDT,0.023071,23005,0.02307,3737,0.023074,35132,0.023075,42917
1753592087266,04:54:47.266,mexc,ACH/USDT:USDT,0.023071,23005,0.02307,11370,0.023074,35132,0.023075,42917
1753592087669,04:54:47.669,mexc,ACH/USDT:USDT,0.023071,23005,0.02307,11370,0.023074,35132,0.023075,42917
1753592087670,04:54:47.670,mexc,ACH/USDT:USDT,0.023071,23005,0.02307,3737,0.023074,35132,0.023075,42917
1753592088414,04:54:48.414,mexc,ACH/USDT:USDT,0.023071,23005,0.02307,3737,0.023074,35132,0.023075,42917
1753592088614,04:54:48.614,mexc,ACH/USDT:USDT,0.023076,7657,0.023075,4203,0.023077,1303,0.023078,8559
1753592088623,04:54:48.623,mexc,ACH/USDT:USDT,0.023076,7657,0.023075,4203,0.023077,1303,0.023078,8559
1753592089669,04:54:49.669,mexc,ACH/USDT:USDT,0.023076,7657,0.023075,4203,0.023077,1303,0.023078,8559
1753592089669,04:54:49.669,mexc,ACH/USDT:USDT,0.023076,7657,0.023075,4203,0.023077,1303,0.023078,8559
1753592090071,04:54:50.071,mexc,ACH/USDT:USDT,0.023076,7657,0.023075,4203,0.023077,1303,0.023078,8559
1753592090071,04:54:50.071,mexc,ACH/USDT:USDT,0.023076,7657,0.023075,4203,0.023077,1303,0.023078,8559
1753592090867,04:54:50.867,mexc,ACH/USDT:USDT,0.023076,7657,0.023075,4203,0.023077,1303,0.023078,8559
1753592090867,04:54:50.867,mexc,ACH/USDT:USDT,0.023076,7657,0.023075,4203,0.023077,1303,0.023078,8559
1753592091272,04:54:51.272,mexc,ACH/USDT:USDT,0.023076,7657,0.023075,4203,0.023077,1303,0.023078,8559
1753592091272,04:54:51.272,mexc,ACH/USDT:USDT,0.023076,7657,0.023075,4203,0.023077,1303,0.023078,8559
1753592092068,04:54:52.068,mexc,ACH/USDT:USDT,0.023076,7657,0.023075,4203,0.023077,1303,0.023078,8559
1753592092074,04:54:52.074,mexc,ACH/USDT:USDT,0.023076,7657,0.023075,5285,0.023077,1303,0.023078,8559
1753592092472,04:54:52.472,mexc,ACH/USDT:USDT,0.023076,7657,0.023075,5285,0.023077,1303,0.023078,8559
1753592092477,04:54:52.477,mexc,ACH/USDT:USDT,0.023076,7657,0.023075,4203,0.023077,1303,0.023078,8559
1753592093268,04:54:53.268,mexc,ACH/USDT:USDT,0.023076,7657,0.023075,4203,0.023077,1303,0.023078,12705
1753592093268,04:54:53.268,mexc,ACH/USDT:USDT,0.023076,7657,0.023075,4203,0.023077,1303,0.023078,12705
1753592093673,04:54:53.673,mexc,ACH/USDT:USDT,0.023076,7657,0.023075,4203,0.023077,1303,0.023078,8559
1753592093673,04:54:53.673,mexc,ACH/USDT:USDT,0.023076,7657,0.023075,4203,0.023077,1303,0.023078,8559
1753592094413,04:54:54.413,mexc,ACH/USDT:USDT,0.023076,7657,0.023075,4203,0.023077,1303,0.023078,8559
1753592094511,04:54:54.511,mexc,ACH/USDT:USDT,0.023077,8272,0.023076,5033,0.023078,2223,0.023079,1464
1753592094629,04:54:54.629,mexc,ACH/USDT:USDT,0.023077,8272,0.023076,5033,0.023078,2223,0.023079,1464
1753592095668,04:54:55.668,mexc,ACH/USDT:USDT,0.023077,8272,0.023076,6507,0.023078,2223,0.023079,1464
1753592095669,04:54:55.669,mexc,ACH/USDT:USDT,0.023077,8272,0.023076,6507,0.023078,2223,0.023079,1648
1753592096072,04:54:56.072,mexc,ACH/USDT:USDT,0.023077,8272,0.023076,6507,0.023078,2223,0.023079,1648
1753592096072,04:54:56.072,mexc,ACH/USDT:USDT,0.023077,8272,0.023076,5033,0.023078,2223,0.023079,1464
1753592096868,04:54:56.868,mexc,ACH/USDT:USDT,0.023077,8272,0.023076,5033,0.023078,2223,0.023079,1464
1753592096869,04:54:56.869,mexc,ACH/USDT:USDT,0.023077,8272,0.023076,5837,0.023078,2223,0.023079,1464
1753592097272,04:54:57.272,mexc,ACH/USDT:USDT,0.023077,8272,0.023076,5033,0.023078,2223,0.023079,1464
1753592098069,04:54:58.069,mexc,ACH/USDT:USDT,0.023077,8272,0.023076,5033,0.023078,2223,0.023079,1464
1753592098069,04:54:58.069,mexc,ACH/USDT:USDT,0.023077,8272,0.023076,5033,0.023078,2223,0.023079,1464
1753592098473,04:54:58.473,mexc,ACH/USDT:USDT,0.023077,8272,0.023076,5033,0.023078,2223,0.023079,1464
1753592098476,04:54:58.476,mexc,ACH/USDT:USDT,0.023077,8272,0.023076,5033,0.023078,2223,0.023079,1464
1753592099269,04:54:59.269,mexc,ACH/USDT:USDT,0.023077,8272,0.023076,5033,0.023078,2223,0.023079,1464
1753592099270,04:54:59.270,mexc,ACH/USDT:USDT,0.023077,8272,0.023076,5033,0.023078,2223,0.023079,1464
1753592099673,04:54:59.673,mexc,ACH/USDT:USDT,0.023077,8272,0.023076,5033,0.023078,2223,0.023079,1464
1753592099673,04:54:59.673,mexc,ACH/USDT:USDT,0.023077,8272,0.023076,5033,0.023078,2223,0.023079,1464
1753592100417,04:55:00.417,mexc,ACH/USDT:USDT,0.023077,8272,0.023076,5033,0.023078,2223,0.023079,1464
1753592100507,04:55:00.507,mexc,ACH/USDT:USDT,0.023078,19380,0.023077,10577,0.023079,991,0.02308,938
1753592100633,04:55:00.633,mexc,ACH/USDT:USDT,0.023078,19380,0.023077,10577,0.023079,991,0.02308,938
1753592101671,04:55:01.671,mexc,ACH/USDT:USDT,0.023078,19380,0.023077,10577,0.023079,991,0.02308,1213
1753592101672,04:55:01.672,mexc,ACH/USDT:USDT,0.023078,19380,0.023077,10577,0.023079,991,0.02308,1213
1753592102073,04:55:02.073,mexc,ACH/USDT:USDT,0.023078,19380,0.023077,10577,0.023079,991,0.02308,1213
1753592102074,04:55:02.074,mexc,ACH/USDT:USDT,0.023078,19380,0.023077,10577,0.023079,991,0.02308,938
1753592102871,04:55:02.871,mexc,ACH/USDT:USDT,0.023078,19380,0.023077,13490,0.023079,991,0.02308,938
1753592102871,04:55:02.871,mexc,ACH/USDT:USDT,0.023078,19380,0.023077,16610,0.023079,991,0.02308,938
1753592103274,04:55:03.274,mexc,ACH/USDT:USDT,0.023078,19380,0.023077,13697,0.023079,991,0.02308,938
1753592103274,04:55:03.274,mexc,ACH/USDT:USDT,0.023078,19380,0.023077,10577,0.023079,991,0.02308,938
1753592104070,04:55:04.070,mexc,ACH/USDT:USDT,0.023078,19380,0.023077,10577,0.023079,991,0.02308,938
1753592104071,04:55:04.071,mexc,ACH/USDT:USDT,0.023078,19380,0.023077,10577,0.023079,991,0.02308,938
1753592104474,04:55:04.474,mexc,ACH/USDT:USDT,0.023078,19380,0.023077,10577,0.023079,991,0.02308,938
1753592104474,04:55:04.474,mexc,ACH/USDT:USDT,0.023078,19380,0.023077,10577,0.023079,991,0.02308,938
1753592105271,04:55:05.271,mexc,ACH/USDT:USDT,0.023078,19380,0.023077,10577,0.023079,991,0.02308,938
1753592105271,04:55:05.271,mexc,ACH/USDT:USDT,0.023078,19380,0.023077,17015,0.023079,991,0.02308,1388
1753592105675,04:55:05.675,mexc,ACH/USDT:USDT,0.023078,19380,0.023077,15553,0.023079,991,0.02308,1388
1753592105675,04:55:05.675,mexc,ACH/USDT:USDT,0.023078,19380,0.023077,10577,0.023079,991,0.02308,938
1753592106417,04:55:06.417,mexc,ACH/USDT:USDT,0.023078,19380,0.023077,10577,0.023079,991,0.02308,938
1753592106508,04:55:06.508,mexc,ACH/USDT:USDT,0.023078,8265,0.023077,14122,0.023081,59782,0.023082,249658
1753592106636,04:55:06.636,mexc,ACH/USDT:USDT,0.023078,8265,0.023077,14122,0.023081,59782,0.023082,249658
1753592107674,04:55:07.674,mexc,ACH/USDT:USDT,0.023078,8265,0.023077,14122,0.023081,59782,0.023082,249658
1753592107675,04:55:07.675,mexc,ACH/USDT:USDT,0.023078,8265,0.023077,14122,0.023081,59782,0.023082,249658
1753592108075,04:55:08.075,mexc,ACH/USDT:USDT,0.023078,8265,0.023077,14122,0.023081,59782,0.023082,249658
1753592108194,04:55:08.194,mexc,ACH/USDT:USDT,0.023078,8265,0.023077,14122,0.023081,59782,0.023082,249658
1753592108873,04:55:08.873,mexc,ACH/USDT:USDT,0.023078,8265,0.023077,14122,0.023081,59782,0.023082,249658
1753592108873,04:55:08.873,mexc,ACH/USDT:USDT,0.023078,8265,0.023077,21167,0.023081,59782,0.023082,249658
1753592109276,04:55:09.276,mexc,ACH/USDT:USDT,0.023078,8265,0.023077,21167,0.023081,59782,0.023082,249658
1753592109276,04:55:09.276,mexc,ACH/USDT:USDT,0.023078,8265,0.023077,14122,0.023081,59782,0.023082,249658
1753592110073,04:55:10.073,mexc,ACH/USDT:USDT,0.023078,8265,0.023077,14122,0.023081,59782,0.023082,249658
1753592110074,04:55:10.074,mexc,ACH/USDT:USDT,0.023078,8265,0.023077,14122,0.023081,59782,0.023082,330171
1753592110477,04:55:10.477,mexc,ACH/USDT:USDT,0.023078,8265,0.023077,14122,0.023081,59782,0.023082,249658
1753592111273,04:55:11.273,mexc,ACH/USDT:USDT,0.023078,8265,0.023077,14122,0.023081,59782,0.023082,316548
1753592111274,04:55:11.274,mexc,ACH/USDT:USDT,0.023078,8265,0.023077,22440,0.023081,59782,0.023082,417305
1753592111677,04:55:11.677,mexc,ACH/USDT:USDT,0.023078,8265,0.023077,22440,0.023081,59782,0.023082,350415
1753592111677,04:55:11.677,mexc,ACH/USDT:USDT,0.023078,8265,0.023077,14122,0.023081,59782,0.023082,249658
1753592112418,04:55:12.418,mexc,ACH/USDT:USDT,0.023078,8265,0.023077,14122,0.023081,59782,0.023082,249658
1753592112513,04:55:12.513,mexc,ACH/USDT:USDT,0.023079,6497,0.023078,7540,0.023081,89824,0.023082,253030
1753592112640,04:55:12.640,mexc,ACH/USDT:USDT,0.023079,6497,0.023078,7540,0.023081,89824,0.023082,253030
1753592113676,04:55:13.676,mexc,ACH/USDT:USDT,0.023079,6497,0.023078,7540,0.023081,89824,0.023082,253030
1753592113677,04:55:13.677,mexc,ACH/USDT:USDT,0.023079,6497,0.023078,9826,0.023081,89824,0.023082,253030
1753592114077,04:55:14.077,mexc,ACH/USDT:USDT,0.023079,6497,0.023078,9826,0.023081,89824,0.023082,253030
1753592114079,04:55:14.079,mexc,ACH/USDT:USDT,0.023079,6497,0.023078,7540,0.023081,89824,0.023082,253030
1753592114874,04:55:14.874,mexc,ACH/USDT:USDT,0.023079,6497,0.023078,7540,0.023081,89824,0.023082,253030
1753592114874,04:55:14.874,mexc,ACH/USDT:USDT,0.023079,6497,0.023078,7540,0.023081,89824,0.023082,253030
1753592115279,04:55:15.279,mexc,ACH/USDT:USDT,0.023079,6497,0.023078,7540,0.023081,89824,0.023082,253030
1753592115279,04:55:15.279,mexc,ACH/USDT:USDT,0.023079,6497,0.023078,7540,0.023081,89824,0.023082,253030
1753592116074,04:55:16.074,mexc,ACH/USDT:USDT,0.023079,6497,0.023078,7540,0.023081,89824,0.023082,253030
1753592116075,04:55:16.075,mexc,ACH/USDT:USDT,0.023079,6497,0.023078,10925,0.023081,89824,0.023082,253030
1753592116478,04:55:16.478,mexc,ACH/USDT:USDT,0.023079,6497,0.023078,10925,0.023081,89824,0.023082,253030
1753592116479,04:55:16.479,mexc,ACH/USDT:USDT,0.023079,6497,0.023078,7540,0.023081,89824,0.023082,253030
1753592117276,04:55:17.276,mexc,ACH/USDT:USDT,0.023079,6497,0.023078,8851,0.023081,89824,0.023082,253030
1753592117276,04:55:17.276,mexc,ACH/USDT:USDT,0.023079,6497,0.023078,8851,0.023081,89824,0.023082,334332
1753592117679,04:55:17.679,mexc,ACH/USDT:USDT,0.023079,6497,0.023078,7540,0.023081,89824,0.023082,334332
1753592117679,04:55:17.679,mexc,ACH/USDT:USDT,0.023079,6497,0.023078,7540,0.023081,89824,0.023082,253030
1753592118420,04:55:18.420,mexc,ACH/USDT:USDT,0.023079,6497,0.023078,7540,0.023081,89824,0.023082,253030
1753592118515,04:55:18.515,mexc,ACH/USDT:USDT,0.023077,62702,0.023076,2862,0.023078,219624,0.023079,3963
1753592118642,04:55:18.642,mexc,ACH/USDT:USDT,0.023077,62702,0.023076,2862,0.023078,219624,0.023079,3963
1753592119676,04:55:19.676,mexc,ACH/USDT:USDT,0.023077,62702,0.023076,2862,0.023078,219624,0.023079,5857
1753592119677,04:55:19.677,mexc,ACH/USDT:USDT,0.023077,62702,0.023076,3340,0.023078,219624,0.023079,6577
1753592120080,04:55:20.080,mexc,ACH/USDT:USDT,0.023077,62702,0.023076,3340,0.023078,219624,0.023079,6577
1753592120080,04:55:20.080,mexc,ACH/USDT:USDT,0.023077,62702,0.023076,2862,0.023078,219624,0.023079,3963
1753592120875,04:55:20.875,mexc,ACH/USDT:USDT,0.023077,62702,0.023076,2862,0.023078,219624,0.023079,4463
1753592120876,04:55:20.876,mexc,ACH/USDT:USDT,0.023077,62702,0.023076,2862,0.023078,219624,0.023079,4463
1753592121279,04:55:21.279,mexc,ACH/USDT:USDT,0.023077,62702,0.023076,2862,0.023078,219624,0.023079,3963
1753592121279,04:55:21.279,mexc,ACH/USDT:USDT,0.023077,62702,0.023076,2862,0.023078,219624,0.023079,3963
1753592122075,04:55:22.075,mexc,ACH/USDT:USDT,0.023077,62702,0.023076,2862,0.023078,219624,0.023079,3963
1753592122075,04:55:22.075,mexc,ACH/USDT:USDT,0.023077,62702,0.023076,2862,0.023078,219624,0.023079,3963
1753592122480,04:55:22.480,mexc,ACH/USDT:USDT,0.023077,62702,0.023076,2862,0.023078,219624,0.023079,3963
1753592122480,04:55:22.480,mexc,ACH/USDT:USDT,0.023077,62702,0.023076,2862,0.023078,219624,0.023079,3963
1753592123274,04:55:23.274,mexc,ACH/USDT:USDT,0.023077,62702,0.023076,2862,0.023078,219624,0.023079,5639
1753592123277,04:55:23.277,mexc,ACH/USDT:USDT,0.023077,62702,0.023076,2862,0.023078,219624,0.023079,5639
1753592123681,04:55:23.681,mexc,ACH/USDT:USDT,0.023077,62702,0.023076,2862,0.023078,219624,0.023079,5639
1753592123684,04:55:23.684,mexc,ACH/USDT:USDT,0.023077,62702,0.023076,2862,0.023078,219624,0.023079,3963
1753592124423,04:55:24.423,mexc,ACH/USDT:USDT,0.023077,62702,0.023076,2862,0.023078,219624,0.023079,3963
1753592124512,04:55:24.512,mexc,ACH/USDT:USDT,0.023074,9546,0.023073,1226,0.023076,55985,0.023077,258693
1753592124643,04:55:24.643,mexc,ACH/USDT:USDT,0.023074,9546,0.023073,1226,0.023076,55985,0.023077,258693
1753592125676,04:55:25.676,mexc,ACH/USDT:USDT,0.023074,9546,0.023073,1226,0.023076,55985,0.023077,258693
1753592125678,04:55:25.678,mexc,ACH/USDT:USDT,0.023074,9546,0.023073,1226,0.023076,55985,0.023077,258693
1753592126079,04:55:26.079,mexc,ACH/USDT:USDT,0.023074,9546,0.023073,1226,0.023076,55985,0.023077,258693
1753592126080,04:55:26.080,mexc,ACH/USDT:USDT,0.023074,9546,0.023073,1226,0.023076,55985,0.023077,258693
1753592126878,04:55:26.878,mexc,ACH/USDT:USDT,0.023074,9546,0.023073,1226,0.023076,55985,0.023077,258693
1753592126878,04:55:26.878,mexc,ACH/USDT:USDT,0.023074,9546,0.023073,1226,0.023076,55985,0.023077,258693
1753592127279,04:55:27.279,mexc,ACH/USDT:USDT,0.023074,9546,0.023073,1226,0.023076,55985,0.023077,258693
1753592127281,04:55:27.281,mexc,ACH/USDT:USDT,0.023074,9546,0.023073,1226,0.023076,55985,0.023077,258693
1753592128077,04:55:28.077,mexc,ACH/USDT:USDT,0.023074,9546,0.023073,1226,0.023076,55985,0.023077,258693
1753592128077,04:55:28.077,mexc,ACH/USDT:USDT,0.023074,9546,0.023073,1226,0.023076,55985,0.023077,482480
1753592128480,04:55:28.480,mexc,ACH/USDT:USDT,0.023074,9546,0.023073,1226,0.023076,55985,0.023077,482480
1753592128481,04:55:28.481,mexc,ACH/USDT:USDT,0.023074,9546,0.023073,1226,0.023076,55985,0.023077,258693
1753592129278,04:55:29.278,mexc,ACH/USDT:USDT,0.023074,9546,0.023073,1226,0.023076,55985,0.023077,258693
1753592129278,04:55:29.278,mexc,ACH/USDT:USDT,0.023074,9546,0.023073,1226,0.023076,55985,0.023077,258693
1753592129682,04:55:29.682,mexc,ACH/USDT:USDT,0.023074,9546,0.023073,1226,0.023076,55985,0.023077,258693
1753592129682,04:55:29.682,mexc,ACH/USDT:USDT,0.023074,9546,0.023073,1226,0.023076,55985,0.023077,258693
1753592130424,04:55:30.424,mexc,ACH/USDT:USDT,0.023074,9546,0.023073,1226,0.023076,55985,0.023077,258693
1753592130511,04:55:30.511,mexc,ACH/USDT:USDT,0.023074,19589,0.023073,1300,0.023075,32968,0.023076,51145
1753592130648,04:55:30.648,mexc,ACH/USDT:USDT,0.023074,19589,0.023073,1300,0.023075,32968,0.023076,51145
1753592131678,04:55:31.678,mexc,ACH/USDT:USDT,0.023074,19589,0.023073,1300,0.023075,32968,0.023076,51145
1753592131678,04:55:31.678,mexc,ACH/USDT:USDT,0.023074,19589,0.023073,1300,0.023075,32968,0.023076,51145
1753592132081,04:55:32.081,mexc,ACH/USDT:USDT,0.023074,19589,0.023073,1300,0.023075,32968,0.023076,51145
1753592132081,04:55:32.081,mexc,ACH/USDT:USDT,0.023074,19589,0.023073,1300,0.023075,32968,0.023076,51145
1753592132878,04:55:32.878,mexc,ACH/USDT:USDT,0.023074,19589,0.023073,1300,0.023075,32968,0.023076,51145
1753592132878,04:55:32.878,mexc,ACH/USDT:USDT,0.023074,19589,0.023073,1300,0.023075,32968,0.023076,68525
1753592133282,04:55:33.282,mexc,ACH/USDT:USDT,0.023074,19589,0.023073,1300,0.023075,32968,0.023076,51145
1753592133282,04:55:33.282,mexc,ACH/USDT:USDT,0.023074,19589,0.023073,1300,0.023075,32968,0.023076,51145
1753592134081,04:55:34.081,mexc,ACH/USDT:USDT,0.023074,19589,0.023073,1462,0.023075,32968,0.023076,51145
1753592134081,04:55:34.081,mexc,ACH/USDT:USDT,0.023074,19589,0.023073,1462,0.023075,32968,0.023076,69595
1753592134482,04:55:34.482,mexc,ACH/USDT:USDT,0.023074,19589,0.023073,1462,0.023075,32968,0.023076,69595
1753592134482,04:55:34.482,mexc,ACH/USDT:USDT,0.023074,19589,0.023073,1300,0.023075,32968,0.023076,51145
1753592135278,04:55:35.278,mexc,ACH/USDT:USDT,0.023074,19589,0.023073,1300,0.023075,32968,0.023076,51145
1753592135278,04:55:35.278,mexc,ACH/USDT:USDT,0.023074,19589,0.023073,1300,0.023075,32968,0.023076,51145
1753592135682,04:55:35.682,mexc,ACH/USDT:USDT,0.023074,19589,0.023073,1300,0.023075,32968,0.023076,51145
1753592135730,04:55:35.730,mexc,ACH/USDT:USDT,0.023074,19589,0.023073,1300,0.023075,32968,0.023076,51145
1753592136426,04:55:36.426,mexc,ACH/USDT:USDT,0.023074,19589,0.023073,1300,0.023075,32968,0.023076,51145
1753592136515,04:55:36.515,mexc,ACH/USDT:USDT,0.023071,3089,0.02307,1423,0.023072,7753,0.023073,99411
1753592137680,04:55:37.680,mexc,ACH/USDT:USDT,0.023071,3089,0.02307,1423,0.023072,7753,0.023073,99411
1753592137680,04:55:37.680,mexc,ACH/USDT:USDT,0.023071,3089,0.02307,1423,0.023072,7753,0.023073,131584
1753592138083,04:55:38.083,mexc,ACH/USDT:USDT,0.023071,3089,0.02307,1423,0.023072,7753,0.023073,99411
1753592138084,04:55:38.084,mexc,ACH/USDT:USDT,0.023071,3089,0.02307,1423,0.023072,7753,0.023073,99411
1753592138879,04:55:38.879,mexc,ACH/USDT:USDT,0.023071,3089,0.02307,1423,0.023072,7753,0.023073,99411
1753592138880,04:55:38.880,mexc,ACH/USDT:USDT,0.023071,3089,0.02307,1423,0.023072,7753,0.023073,99411
1753592139285,04:55:39.285,mexc,ACH/USDT:USDT,0.023071,3089,0.02307,1423,0.023072,7753,0.023073,99411
1753592139285,04:55:39.285,mexc,ACH/USDT:USDT,0.023071,3089,0.02307,1423,0.023072,7753,0.023073,99411
1753592140080,04:55:40.080,mexc,ACH/USDT:USDT,0.023071,3089,0.02307,1423,0.023072,7753,0.023073,99411
1753592140080,04:55:40.080,mexc,ACH/USDT:USDT,0.023071,3089,0.02307,1423,0.023072,7753,0.023073,99411
1753592140482,04:55:40.482,mexc,ACH/USDT:USDT,0.023071,3089,0.02307,1423,0.023072,7753,0.023073,99411
1753592140484,04:55:40.484,mexc,ACH/USDT:USDT,0.023071,3089,0.02307,1423,0.023072,7753,0.023073,99411
1753592141281,04:55:41.281,mexc,ACH/USDT:USDT,0.023071,3089,0.02307,1423,0.023072,7753,0.023073,99411
1753592141283,04:55:41.283,mexc,ACH/USDT:USDT,0.023071,3089,0.02307,1423,0.023072,7753,0.023073,139325
1753592141684,04:55:41.684,mexc,ACH/USDT:USDT,0.023071,3089,0.02307,1423,0.023072,7753,0.023073,99411
1753592141731,04:55:41.731,mexc,ACH/USDT:USDT,0.023071,3089,0.02307,1423,0.023072,7753,0.023073,99411
1753592142429,04:55:42.429,mexc,ACH/USDT:USDT,0.023071,3089,0.02307,1423,0.023072,7753,0.023073,99411
1753592142515,04:55:42.515,mexc,ACH/USDT:USDT,0.023071,28878,0.02307,2325,0.023072,37020,0.023073,259024
1753592143682,04:55:43.682,mexc,ACH/USDT:USDT,0.023071,28878,0.02307,2325,0.023072,37020,0.023073,259024
1753592143682,04:55:43.682,mexc,ACH/USDT:USDT,0.023071,28878,0.02307,2996,0.023072,37020,0.023073,259024
1753592144084,04:55:44.084,mexc,ACH/USDT:USDT,0.023071,28878,0.02307,2996,0.023072,37020,0.023073,259024
1753592144085,04:55:44.085,mexc,ACH/USDT:USDT,0.023071,28878,0.02307,2325,0.023072,37020,0.023073,259024
1753592144879,04:55:44.879,mexc,ACH/USDT:USDT,0.023071,28878,0.02307,2325,0.023072,37020,0.023073,334221
1753592144881,04:55:44.881,mexc,ACH/USDT:USDT,0.023071,28878,0.02307,2325,0.023072,37020,0.023073,334221
1753592145284,04:55:45.284,mexc,ACH/USDT:USDT,0.023071,28878,0.02307,2325,0.023072,37020,0.023073,259024
1753592145285,04:55:45.285,mexc,ACH/USDT:USDT,0.023071,28878,0.02307,2325,0.023072,37020,0.023073,259024
1753592146081,04:55:46.081,mexc,ACH/USDT:USDT,0.023071,28878,0.02307,2325,0.023072,37020,0.023073,259024
1753592146081,04:55:46.081,mexc,ACH/USDT:USDT,0.023071,28878,0.02307,3092,0.023072,37020,0.023073,293970
1753592146485,04:55:46.485,mexc,ACH/USDT:USDT,0.023071,28878,0.02307,3092,0.023072,37020,0.023073,293970
1753592146485,04:55:46.485,mexc,ACH/USDT:USDT,0.023071,28878,0.02307,2325,0.023072,37020,0.023073,259024
1753592147281,04:55:47.281,mexc,ACH/USDT:USDT,0.023071,28878,0.02307,2325,0.023072,37020,0.023073,259024
1753592147281,04:55:47.281,mexc,ACH/USDT:USDT,0.023071,28878,0.02307,2325,0.023072,37020,0.023073,370184
1753592147686,04:55:47.686,mexc,ACH/USDT:USDT,0.023071,28878,0.02307,2325,0.023072,37020,0.023073,370184
1753592147730,04:55:47.730,mexc,ACH/USDT:USDT,0.023071,28878,0.02307,2325,0.023072,37020,0.023073,259024
1753592148429,04:55:48.429,mexc,ACH/USDT:USDT,0.023071,28878,0.02307,2325,0.023072,37020,0.023073,259024
1753592148518,04:55:48.518,mexc,ACH/USDT:USDT,0.023071,38457,0.02307,44926,0.023072,47409,0.023073,35741
1753592149682,04:55:49.682,mexc,ACH/USDT:USDT,0.023071,38457,0.02307,53038,0.023072,47409,0.023073,35741
1753592149682,04:55:49.682,mexc,ACH/USDT:USDT,0.023071,38457,0.02307,53038,0.023072,47409,0.023073,35741
1753592150085,04:55:50.085,mexc,ACH/USDT:USDT,0.023071,38457,0.02307,44926,0.023072,47409,0.023073,35741
1753592150086,04:55:50.086,mexc,ACH/USDT:USDT,0.023071,38457,0.02307,44926,0.023072,47409,0.023073,35741
1753592150883,04:55:50.883,mexc,ACH/USDT:USDT,0.023071,38457,0.02307,44926,0.023072,47409,0.023073,45052
1753592150883,04:55:50.883,mexc,ACH/USDT:USDT,0.023071,38457,0.02307,44926,0.023072,47409,0.023073,45052
1753592151286,04:55:51.286,mexc,ACH/USDT:USDT,0.023071,38457,0.02307,44926,0.023072,47409,0.023073,35741
1753592151286,04:55:51.286,mexc,ACH/USDT:USDT,0.023071,38457,0.02307,44926,0.023072,47409,0.023073,35741
1753592152083,04:55:52.083,mexc,ACH/USDT:USDT,0.023071,38457,0.02307,44926,0.023072,47409,0.023073,35741
1753592152083,04:55:52.083,mexc,ACH/USDT:USDT,0.023071,38457,0.02307,65033,0.023072,47409,0.023073,35741
1753592152487,04:55:52.487,mexc,ACH/USDT:USDT,0.023071,38457,0.02307,65033,0.023072,47409,0.023073,35741
1753592152487,04:55:52.487,mexc,ACH/USDT:USDT,0.023071,38457,0.02307,44926,0.023072,47409,0.023073,35741
1753592153283,04:55:53.283,mexc,ACH/USDT:USDT,0.023071,38457,0.02307,66888,0.023072,47409,0.023073,35741
1753592153284,04:55:53.284,mexc,ACH/USDT:USDT,0.023071,38457,0.02307,74600,0.023072,47409,0.023073,35741
1753592153687,04:55:53.687,mexc,ACH/USDT:USDT,0.023071,38457,0.02307,74600,0.023072,47409,0.023073,35741
1753592153734,04:55:53.734,mexc,ACH/USDT:USDT,0.023071,38457,0.02307,44926,0.023072,47409,0.023073,35741
1753592154432,04:55:54.432,mexc,ACH/USDT:USDT,0.023071,38457,0.02307,44926,0.023072,47409,0.023073,35741
1753592154519,04:55:54.519,mexc,ACH/USDT:USDT,0.023071,59992,0.02307,6059,0.023072,258492,0.023073,1201
1753592155683,04:55:55.683,mexc,ACH/USDT:USDT,0.023071,59992,0.02307,6059,0.023072,258492,0.023073,1486
1753592155684,04:55:55.684,mexc,ACH/USDT:USDT,0.023071,59992,0.02307,8773,0.023072,258492,0.023073,1486
1753592156087,04:55:56.087,mexc,ACH/USDT:USDT,0.023071,59992,0.02307,8773,0.023072,258492,0.023073,1201
1753592156087,04:55:56.087,mexc,ACH/USDT:USDT,0.023071,59992,0.02307,6059,0.023072,258492,0.023073,1201
1753592156884,04:55:56.884,mexc,ACH/USDT:USDT,0.023071,59992,0.02307,6059,0.023072,258492,0.023073,1201
1753592156884,04:55:56.884,mexc,ACH/USDT:USDT,0.023071,59992,0.02307,6059,0.023072,258492,0.023073,1617
1753592157288,04:55:57.288,mexc,ACH/USDT:USDT,0.023071,59992,0.02307,6059,0.023072,258492,0.023073,1617
1753592157288,04:55:57.288,mexc,ACH/USDT:USDT,0.023071,59992,0.02307,6059,0.023072,258492,0.023073,1201
1753592158095,04:55:58.095,mexc,ACH/USDT:USDT,0.023071,59992,0.02307,8532,0.023072,258492,0.023073,1201
1753592158095,04:55:58.095,mexc,ACH/USDT:USDT,0.023071,59992,0.02307,8532,0.023072,258492,0.023073,1716
1753592158489,04:55:58.489,mexc,ACH/USDT:USDT,0.023071,59992,0.02307,6059,0.023072,258492,0.023073,1201
1753592159286,04:55:59.286,mexc,ACH/USDT:USDT,0.023071,59992,0.02307,6059,0.023072,258492,0.023073,1201
1753592159286,04:55:59.286,mexc,ACH/USDT:USDT,0.023071,59992,0.02307,6059,0.023072,258492,0.023073,1201
1753592159689,04:55:59.689,mexc,ACH/USDT:USDT,0.023071,59992,0.02307,6059,0.023072,258492,0.023073,1201
1753592159735,04:55:59.735,mexc,ACH/USDT:USDT,0.023071,59992,0.02307,6059,0.023072,258492,0.023073,1201
1753592160485,04:56:00.485,mexc,ACH/USDT:USDT,0.023071,59992,0.02307,6059,0.023072,258492,0.023073,1201
1753592160522,04:56:00.522,mexc,ACH/USDT:USDT,0.023074,6897,0.023073,18684,0.023075,76608,0.023076,3307
1753592161687,04:56:01.687,mexc,ACH/USDT:USDT,0.023074,6897,0.023073,18684,0.023075,76608,0.023076,3307
1753592161687,04:56:01.687,mexc,ACH/USDT:USDT,0.023074,6897,0.023073,18684,0.023075,76608,0.023076,4914
1753592162089,04:56:02.089,mexc,ACH/USDT:USDT,0.023074,6897,0.023073,18684,0.023075,76608,0.023076,4914
1753592162090,04:56:02.090,mexc,ACH/USDT:USDT,0.023074,6897,0.023073,18684,0.023075,76608,0.023076,3307
1753592162887,04:56:02.887,mexc,ACH/USDT:USDT,0.023074,6897,0.023073,18684,0.023075,76608,0.023076,3924
1753592162887,04:56:02.887,mexc,ACH/USDT:USDT,0.023074,6897,0.023073,18684,0.023075,76608,0.023076,4887
1753592163289,04:56:03.289,mexc,ACH/USDT:USDT,0.023074,6897,0.023073,18684,0.023075,76608,0.023076,4270
1753592163290,04:56:03.290,mexc,ACH/USDT:USDT,0.023074,6897,0.023073,18684,0.023075,76608,0.023076,3307
1753592164087,04:56:04.087,mexc,ACH/USDT:USDT,0.023074,6897,0.023073,25829,0.023075,76608,0.023076,3307
1753592164087,04:56:04.087,mexc,ACH/USDT:USDT,0.023074,6897,0.023073,25829,0.023075,76608,0.023076,3307
1753592164489,04:56:04.489,mexc,ACH/USDT:USDT,0.023074,6897,0.023073,18684,0.023075,76608,0.023076,3307
1753592164489,04:56:04.489,mexc,ACH/USDT:USDT,0.023074,6897,0.023073,18684,0.023075,76608,0.023076,3307
1753592165286,04:56:05.286,mexc,ACH/USDT:USDT,0.023074,6897,0.023073,18684,0.023075,76608,0.023076,3307
1753592165287,04:56:05.287,mexc,ACH/USDT:USDT,0.023074,6897,0.023073,18684,0.023075,76608,0.023076,3307
1753592165690,04:56:05.690,mexc,ACH/USDT:USDT,0.023074,6897,0.023073,18684,0.023075,76608,0.023076,3307
1753592165890,04:56:05.890,mexc,ACH/USDT:USDT,0.023071,3089,0.023066,157854,0.023072,75177,0.023073,4089
1753592166487,04:56:06.487,mexc,ACH/USDT:USDT,0.023071,3089,0.023066,157854,0.023072,75177,0.023073,4089
1753592166488,04:56:06.488,mexc,ACH/USDT:USDT,0.023071,3089,0.023066,157854,0.023072,75177,0.023073,4089
1753592166890,04:56:06.890,mexc,ACH/USDT:USDT,0.023071,3089,0.023066,157854,0.023072,75177,0.023073,4089
1753592166890,04:56:06.890,mexc,ACH/USDT:USDT,0.023071,3089,0.023066,157854,0.023072,75177,0.023073,4089
1753592167688,04:56:07.688,mexc,ACH/USDT:USDT,0.023071,3089,0.023066,157854,0.023072,75177,0.023073,4089
1753592167688,04:56:07.688,mexc,ACH/USDT:USDT,0.023071,3089,0.023066,157854,0.023072,75177,0.023073,5231
1753592168090,04:56:08.090,mexc,ACH/USDT:USDT,0.023071,3089,0.023066,157854,0.023072,75177,0.023073,5231
1753592168090,04:56:08.090,mexc,ACH/USDT:USDT,0.023071,3089,0.023066,157854,0.023072,75177,0.023073,4089
1753592168888,04:56:08.888,mexc,ACH/USDT:USDT,0.023071,3089,0.023066,157854,0.023072,75177,0.023073,4089
1753592168888,04:56:08.888,mexc,ACH/USDT:USDT,0.023071,3089,0.023066,157854,0.023072,75177,0.023073,5154
1753592169292,04:56:09.292,mexc,ACH/USDT:USDT,0.023071,3089,0.023066,157854,0.023072,75177,0.023073,5154
1753592169292,04:56:09.292,mexc,ACH/USDT:USDT,0.023071,3089,0.023066,157854,0.023072,75177,0.023073,4089
1753592170087,04:56:10.087,mexc,ACH/USDT:USDT,0.023071,3089,0.023066,157854,0.023072,75177,0.023073,5475
1753592170087,04:56:10.087,mexc,ACH/USDT:USDT,0.023071,3089,0.023066,157854,0.023072,75177,0.023073,5475
1753592170490,04:56:10.490,mexc,ACH/USDT:USDT,0.023071,3089,0.023066,157854,0.023072,75177,0.023073,4089
1753592170491,04:56:10.491,mexc,ACH/USDT:USDT,0.023071,3089,0.023066,157854,0.023072,75177,0.023073,4089
1753592171288,04:56:11.288,mexc,ACH/USDT:USDT,0.023071,3089,0.023066,157854,0.023072,75177,0.023073,4089
1753592171289,04:56:11.289,mexc,ACH/USDT:USDT,0.023071,3089,0.023066,157854,0.023072,75177,0.023073,5616
1753592171526,04:56:11.526,mexc,ACH/USDT:USDT,0.023066,26577,0.023065,194587,0.023071,7592,0.023072,10656
1753592171745,04:56:11.745,mexc,ACH/USDT:USDT,0.023066,26577,0.023065,194587,0.023071,7592,0.023072,10656
1753592172490,04:56:12.490,mexc,ACH/USDT:USDT,0.023066,26577,0.023065,194587,0.023071,7592,0.023072,10656
1753592172490,04:56:12.490,mexc,ACH/USDT:USDT,0.023066,26577,0.023065,258929,0.023071,7592,0.023072,10656
1753592172894,04:56:12.894,mexc,ACH/USDT:USDT,0.023066,26577,0.023065,258929,0.023071,7592,0.023072,10656
1753592172895,04:56:12.895,mexc,ACH/USDT:USDT,0.023066,26577,0.023065,194587,0.023071,7592,0.023072,10656
1753592173690,04:56:13.690,mexc,ACH/USDT:USDT,0.023066,26577,0.023065,194587,0.023071,7592,0.023072,14769
1753592173690,04:56:13.690,mexc,ACH/USDT:USDT,0.023066,26577,0.023065,194587,0.023071,7592,0.023072,14769
1753592174093,04:56:14.093,mexc,ACH/USDT:USDT,0.023066,26577,0.023065,194587,0.023071,7592,0.023072,14769
1753592174093,04:56:14.093,mexc,ACH/USDT:USDT,0.023066,26577,0.023065,194587,0.023071,7592,0.023072,10656
1753592174891,04:56:14.891,mexc,ACH/USDT:USDT,0.023066,26577,0.023065,194587,0.023071,7592,0.023072,10656
1753592174893,04:56:14.893,mexc,ACH/USDT:USDT,0.023066,26577,0.023065,194587,0.023071,7592,0.023072,10656
1753592175294,04:56:15.294,mexc,ACH/USDT:USDT,0.023066,26577,0.023065,194587,0.023071,7592,0.023072,10656
1753592175295,04:56:15.295,mexc,ACH/USDT:USDT,0.023066,26577,0.023065,194587,0.023071,7592,0.023072,10656
1753592176089,04:56:16.089,mexc,ACH/USDT:USDT,0.023066,26577,0.023065,276091,0.023071,7592,0.023072,10656
1753592176089,04:56:16.089,mexc,ACH/USDT:USDT,0.023066,26577,0.023065,276091,0.023071,10316,0.023072,10656
1753592176493,04:56:16.493,mexc,ACH/USDT:USDT,0.023066,26577,0.023065,194587,0.023071,10316,0.023072,10656
1753592176493,04:56:16.493,mexc,ACH/USDT:USDT,0.023066,26577,0.023065,194587,0.023071,7592,0.023072,10656
1753592176910,04:56:16.910,mexc,ACH/USDT:USDT,0.023066,26577,0.023065,194587,0.023071,7592,0.023072,10656
1753592176919,04:56:16.919,mexc,ACH/USDT:USDT,0.023066,26577,0.023065,194587,0.023071,7592,0.023072,10656
1753592177292,04:56:17.292,mexc,ACH/USDT:USDT,0.023066,26577,0.023065,242030,0.023071,7592,0.023072,17971
1753592177526,04:56:17.526,mexc,ACH/USDT:USDT,0.023065,234866,0.023064,7516,0.02307,23444,0.023071,17134
1753592178493,04:56:18.493,mexc,ACH/USDT:USDT,0.023065,234866,0.023064,7516,0.02307,23444,0.023071,17134
1753592178493,04:56:18.493,mexc,ACH/USDT:USDT,0.023065,234866,0.023064,7516,0.02307,23444,0.023071,17134
1753592178894,04:56:18.894,mexc,ACH/USDT:USDT,0.023065,234866,0.023064,7516,0.02307,23444,0.023071,17134
1753592178894,04:56:18.894,mexc,ACH/USDT:USDT,0.023065,234866,0.023064,7516,0.02307,23444,0.023071,17134
1753592179690,04:56:19.690,mexc,ACH/USDT:USDT,0.023065,234866,0.023064,7516,0.02307,23444,0.023071,17134
1753592179691,04:56:19.691,mexc,ACH/USDT:USDT,0.023065,234866,0.023064,9676,0.02307,23444,0.023071,17134
1753592180093,04:56:20.093,mexc,ACH/USDT:USDT,0.023065,234866,0.023064,7516,0.02307,23444,0.023071,17134
1753592180095,04:56:20.095,mexc,ACH/USDT:USDT,0.023065,234866,0.023064,7516,0.02307,23444,0.023071,17134
1753592180892,04:56:20.892,mexc,ACH/USDT:USDT,0.023065,234866,0.023064,7516,0.02307,23444,0.023071,17134
1753592180895,04:56:20.895,mexc,ACH/USDT:USDT,0.023065,234866,0.023064,7516,0.02307,23444,0.023071,17134
1753592181295,04:56:21.295,mexc,ACH/USDT:USDT,0.023065,234866,0.023064,7516,0.02307,23444,0.023071,17134
1753592181295,04:56:21.295,mexc,ACH/USDT:USDT,0.023065,234866,0.023064,7516,0.02307,23444,0.023071,17134
1753592182092,04:56:22.092,mexc,ACH/USDT:USDT,0.023065,234866,0.023064,7516,0.02307,23444,0.023071,17134
1753592182093,04:56:22.093,mexc,ACH/USDT:USDT,0.023065,234866,0.023064,7516,0.02307,23444,0.023071,17134
1753592182495,04:56:22.495,mexc,ACH/USDT:USDT,0.023065,234866,0.023064,7516,0.02307,23444,0.023071,17134
1753592182495,04:56:22.495,mexc,ACH/USDT:USDT,0.023065,234866,0.023064,7516,0.02307,23444,0.023071,17134
1753592182830,04:56:22.830,mexc,ACH/USDT:USDT,0.023065,234866,0.023064,7516,0.02307,23444,0.023071,17134
1753592183291,04:56:23.291,mexc,ACH/USDT:USDT,0.023065,234866,0.023064,7516,0.02307,23444,0.023071,17134
1753592183292,04:56:23.292,mexc,ACH/USDT:USDT,0.023065,234866,0.023064,8823,0.02307,23444,0.023071,17134
1753592183528,04:56:23.528,mexc,ACH/USDT:USDT,0.023068,5320,0.023067,35783,0.02307,19555,0.023071,3202
1753592184493,04:56:24.493,mexc,ACH/USDT:USDT,0.023068,5320,0.023067,35783,0.02307,19555,0.023071,3202
1753592184494,04:56:24.494,mexc,ACH/USDT:USDT,0.023068,5320,0.023067,35783,0.02307,19555,0.023071,3202
1753592184895,04:56:24.895,mexc,ACH/USDT:USDT,0.023068,5320,0.023067,35783,0.02307,19555,0.023071,3202
1753592184896,04:56:24.896,mexc,ACH/USDT:USDT,0.023068,5320,0.023067,35783,0.02307,19555,0.023071,3202
1753592185692,04:56:25.692,mexc,ACH/USDT:USDT,0.023068,5320,0.023067,35783,0.02307,19555,0.023071,3202
1753592185692,04:56:25.692,mexc,ACH/USDT:USDT,0.023068,5320,0.023067,35783,0.02307,19555,0.023071,4320
1753592186161,04:56:26.161,mexc,ACH/USDT:USDT,0.023068,5320,0.023067,35783,0.02307,19555,0.023071,4320
1753592186163,04:56:26.163,mexc,ACH/USDT:USDT,0.023068,5320,0.023067,35783,0.02307,19555,0.023071,3202
1753592186892,04:56:26.892,mexc,ACH/USDT:USDT,0.023068,5320,0.023067,35783,0.02307,19555,0.023071,3202
1753592186893,04:56:26.893,mexc,ACH/USDT:USDT,0.023068,5320,0.023067,50083,0.02307,19555,0.023071,3553
1753592187297,04:56:27.297,mexc,ACH/USDT:USDT,0.023068,5320,0.023067,50083,0.02307,19555,0.023071,3553
1753592187297,04:56:27.297,mexc,ACH/USDT:USDT,0.023068,5320,0.023067,35783,0.02307,19555,0.023071,3202
1753592187594,04:56:27.594,mexc,ACH/USDT:USDT,0.023058,104815,0.023057,22578,0.023069,33157,0.02307,19555
1753592188092,04:56:28.092,mexc,ACH/USDT:USDT,0.023058,104815,0.023057,61133,0.023069,33157,0.02307,19555
1753592188092,04:56:28.092,mexc,ACH/USDT:USDT,0.023058,104815,0.023057,61133,0.023069,33157,0.02307,27677
1753592188498,04:56:28.498,mexc,ACH/USDT:USDT,0.023058,104815,0.023057,22578,0.023069,33157,0.02307,27677
1753592188498,04:56:28.498,mexc,ACH/USDT:USDT,0.023058,104815,0.023057,22578,0.023069,33157,0.02307,19555
1753592188831,04:56:28.831,mexc,ACH/USDT:USDT,0.023058,104815,0.023057,22578,0.023069,33157,0.02307,19555
1753592189362,04:56:29.362,mexc,ACH/USDT:USDT,0.023058,104815,0.023057,22578,0.023069,33157,0.02307,19555
1753592189519,04:56:29.519,mexc,ACH/USDT:USDT,0.023068,4880,0.023067,16946,0.023069,33157,0.02307,19555
1753592190562,04:56:30.562,mexc,ACH/USDT:USDT,0.023068,4880,0.023067,16946,0.023069,33157,0.02307,19555
