timestamp,time,exchange,symbol,bid1_price,bid1_volume,bid2_price,bid2_volume,ask1_price,ask1_volume,ask2_price,ask2_volume
1753591889000,04:51:29.000,gateio,AEVO/USDT:USDT,0.10819,5771.0,0.10818,28.0,0.10825,212.0,0.10828,369.0
1753591889553,04:51:29.553,gateio,AEVO/USDT:USDT,0.10819,5771.0,0.10818,28.0,0.10825,44.0,0.10828,168.0
1753591889622,04:51:29.622,gateio,AEVO/USDT:USDT,0.10819,5771.0,0.10818,28.0,0.10826,168.0,0.10827,44.0
1753591889670,04:51:29.670,gateio,AEVO/USDT:USDT,0.10819,5771.0,0.10818,28.0,0.10825,44.0,0.10826,168.0
1753591889897,04:51:29.897,gateio,AEVO/USDT:USDT,0.10819,5771.0,0.10818,28.0,0.10825,44.0,0.10826,168.0
1753591890047,04:51:30.047,gateio,AEVO/USDT:USDT,0.10819,5771.0,0.10818,28.0,0.10825,44.0,0.10826,168.0
1753591890818,04:51:30.818,gateio,AEVO/USDT:USDT,0.10819,5771.0,0.10818,28.0,0.10825,44.0,0.10826,168.0
1753591891006,04:51:31.006,gateio,AEVO/USDT:USDT,0.10819,5771.0,0.10818,28.0,0.10825,44.0,0.10828,168.0
1753591891118,04:51:31.118,gateio,AEVO/USDT:USDT,0.10819,5771.0,0.10818,28.0,0.10827,216.0,0.10836,201.0
1753591891318,04:51:31.318,gateio,AEVO/USDT:USDT,0.10819,5771.0,0.10818,28.0,0.10827,44.0,0.10836,201.0
1753591891461,04:51:31.461,gateio,AEVO/USDT:USDT,0.10819,5771.0,0.10818,28.0,0.10831,201.0,0.10832,172.0
1753591891538,04:51:31.538,gateio,AEVO/USDT:USDT,0.10819,5771.0,0.10818,28.0,0.10829,172.0,0.1083,245.0
1753591891621,04:51:31.621,gateio,AEVO/USDT:USDT,0.10819,5771.0,0.10818,28.0,0.10828,216.0,0.10831,201.0
1753591891726,04:51:31.726,gateio,AEVO/USDT:USDT,0.10819,5771.0,0.10818,28.0,0.10828,44.0,0.10831,201.0
1753591891826,04:51:31.826,gateio,AEVO/USDT:USDT,0.10819,5771.0,0.10818,28.0,0.10828,172.0,0.10829,373.0
1753591891954,04:51:31.954,gateio,AEVO/USDT:USDT,0.10819,5771.0,0.10818,28.0,0.10827,216.0,0.10828,172.0
1753591892062,04:51:32.062,gateio,AEVO/USDT:USDT,0.10819,5771.0,0.10818,28.0,0.10827,216.0,0.10832,172.0
1753591892062,04:51:32.062,gateio,AEVO/USDT:USDT,0.10819,5771.0,0.10818,28.0,0.10827,216.0,0.10831,201.0
1753591892589,04:51:32.589,gateio,AEVO/USDT:USDT,0.10819,5771.0,0.10818,28.0,0.10827,44.0,0.10831,201.0
1753591892702,04:51:32.702,gateio,AEVO/USDT:USDT,0.10819,5771.0,0.10818,28.0,0.10829,373.0,0.1083,44.0
1753591892821,04:51:32.821,gateio,AEVO/USDT:USDT,0.1082,1897.0,0.10819,6324.0,0.10828,216.0,0.10831,201.0
1753591893000,04:51:33.000,gateio,AEVO/USDT:USDT,0.1082,1897.0,0.10819,6324.0,0.10828,216.0,0.10833,201.0
1753591893582,04:51:33.582,gateio,AEVO/USDT:USDT,0.1082,1897.0,0.10819,6324.0,0.10828,216.0,0.10833,201.0
1753591893860,04:51:33.860,gateio,AEVO/USDT:USDT,0.1082,1897.0,0.10819,6324.0,0.10828,216.0,0.10833,201.0
1753591893928,04:51:33.928,gateio,AEVO/USDT:USDT,0.1082,1897.0,0.10819,6324.0,0.10828,216.0,0.10833,201.0
1753591894225,04:51:34.225,gateio,AEVO/USDT:USDT,0.1082,1897.0,0.10819,6324.0,0.10828,44.0,0.10833,201.0
1753591894306,04:51:34.306,gateio,AEVO/USDT:USDT,0.1082,1897.0,0.10819,6324.0,0.10829,172.0,0.1083,201.0
1753591894387,04:51:34.387,gateio,AEVO/USDT:USDT,0.1082,1897.0,0.10819,6324.0,0.10828,216.0,0.1083,201.0
1753591894587,04:51:34.587,gateio,AEVO/USDT:USDT,0.1082,1897.0,0.10819,6324.0,0.10828,172.0,0.10829,44.0
1753591894670,04:51:34.670,gateio,AEVO/USDT:USDT,0.1082,1897.0,0.10819,6324.0,0.10827,44.0,0.10828,172.0
1753591894802,04:51:34.802,gateio,AEVO/USDT:USDT,0.1082,1897.0,0.10819,6324.0,0.10827,216.0,0.1083,201.0
1753591895163,04:51:35.163,gateio,AEVO/USDT:USDT,0.1082,1897.0,0.10819,6324.0,0.10827,216.0,0.10833,201.0
1753591895871,04:51:35.871,gateio,AEVO/USDT:USDT,0.1082,1897.0,0.10819,6324.0,0.10827,216.0,0.10833,201.0
1753591896004,04:51:36.004,gateio,AEVO/USDT:USDT,0.1082,1897.0,0.10819,6324.0,0.10827,216.0,0.10833,201.0
1753591896147,04:51:36.147,gateio,AEVO/USDT:USDT,0.1082,685.0,0.10819,225.0,0.10826,172.0,0.10827,244.0
1753591896247,04:51:36.247,gateio,AEVO/USDT:USDT,0.1082,6231.0,0.10819,225.0,0.10825,44.0,0.10826,172.0
1753591896806,04:51:36.806,gateio,AEVO/USDT:USDT,0.1082,6231.0,0.10819,225.0,0.10827,172.0,0.10831,201.0
1753591896870,04:51:36.870,gateio,AEVO/USDT:USDT,0.1082,6231.0,0.10819,225.0,0.10826,44.0,0.10827,172.0
1753591897022,04:51:37.022,gateio,AEVO/USDT:USDT,0.1082,6231.0,0.10819,225.0,0.10826,44.0,0.10827,172.0
1753591897150,04:51:37.150,gateio,AEVO/USDT:USDT,0.10821,1869.0,0.10819,225.0,0.10826,44.0,0.10833,201.0
1753591897206,04:51:37.206,gateio,AEVO/USDT:USDT,0.1082,1937.0,0.10819,6456.0,0.10829,172.0,0.1083,201.0
1753591897323,04:51:37.323,gateio,AEVO/USDT:USDT,0.1082,1937.0,0.10819,6456.0,0.10827,172.0,0.10828,44.0
1753591897370,04:51:37.370,gateio,AEVO/USDT:USDT,0.1082,1937.0,0.10819,6456.0,0.10826,44.0,0.10827,172.0
1753591897706,04:51:37.706,gateio,AEVO/USDT:USDT,0.1082,1937.0,0.10819,6456.0,0.10826,44.0,0.10827,172.0
1753591898008,04:51:38.008,gateio,AEVO/USDT:USDT,0.1082,1937.0,0.10819,6456.0,0.10826,44.0,0.10827,172.0
1753591898127,04:51:38.127,gateio,AEVO/USDT:USDT,0.1082,1937.0,0.10819,6456.0,0.10826,44.0,0.10827,172.0
1753591898321,04:51:38.321,gateio,AEVO/USDT:USDT,0.1082,1937.0,0.10819,6456.0,0.10826,44.0,0.1083,201.0
1753591898386,04:51:38.386,gateio,AEVO/USDT:USDT,0.1082,1937.0,0.10819,6456.0,0.10828,172.0,0.10829,44.0
1753591898470,04:51:38.470,gateio,AEVO/USDT:USDT,0.1082,1937.0,0.10819,6456.0,0.10827,44.0,0.10828,172.0
1753591898549,04:51:38.549,gateio,AEVO/USDT:USDT,0.1082,1937.0,0.10819,6456.0,0.10827,44.0,0.10828,172.0
1753591898729,04:51:38.729,gateio,AEVO/USDT:USDT,0.1082,1937.0,0.10819,6456.0,0.10827,44.0,0.10828,172.0
1753591898966,04:51:38.966,gateio,AEVO/USDT:USDT,0.1082,1937.0,0.10819,6456.0,0.10827,44.0,0.10828,172.0
1753591899383,04:51:39.383,gateio,AEVO/USDT:USDT,0.1082,1937.0,0.10819,6456.0,0.10827,44.0,0.10828,172.0
1753591899521,04:51:39.521,gateio,AEVO/USDT:USDT,0.1082,1937.0,0.10819,6456.0,0.10827,44.0,0.1083,201.0
1753591899646,04:51:39.646,gateio,AEVO/USDT:USDT,0.10819,910.0,0.10818,4481.0,0.10829,44.0,0.1083,201.0
1753591899705,04:51:39.705,gateio,AEVO/USDT:USDT,0.1082,2822.0,0.10819,9405.0,0.10829,44.0,0.1083,201.0
1753591899816,04:51:39.816,gateio,AEVO/USDT:USDT,0.10824,1936.0,0.10823,56.0,0.10829,44.0,0.10836,201.0
1753591899886,04:51:39.886,gateio,AEVO/USDT:USDT,0.10824,1936.0,0.10823,56.0,0.10834,172.0,0.10835,44.0
1753591900048,04:51:40.048,gateio,AEVO/USDT:USDT,0.10824,1936.0,0.10823,56.0,0.10832,172.0,0.10833,44.0
1753591900087,04:51:40.087,gateio,AEVO/USDT:USDT,0.10824,1936.0,0.10823,56.0,0.10831,216.0,0.10834,172.0
1753591900241,04:51:40.241,gateio,AEVO/USDT:USDT,0.10824,1936.0,0.10823,56.0,0.10831,216.0,0.10833,201.0
1753591900359,04:51:40.359,gateio,AEVO/USDT:USDT,0.10824,1936.0,0.10823,56.0,0.10831,216.0,0.10833,201.0
1753591900370,04:51:40.370,gateio,AEVO/USDT:USDT,0.10824,1936.0,0.10823,56.0,0.10831,216.0,0.10833,201.0
1753591900552,04:51:40.552,gateio,AEVO/USDT:USDT,0.10824,1936.0,0.10823,56.0,0.10831,44.0,0.10833,201.0
1753591900659,04:51:40.659,gateio,AEVO/USDT:USDT,0.10824,1936.0,0.10823,56.0,0.10831,44.0,0.10833,201.0
1753591900946,04:51:40.946,gateio,AEVO/USDT:USDT,0.10824,1936.0,0.10823,56.0,0.10832,44.0,0.10833,201.0
1753591900995,04:51:40.995,gateio,AEVO/USDT:USDT,0.10824,1936.0,0.10823,56.0,0.10831,166.0,0.10832,44.0
1753591901085,04:51:41.085,gateio,AEVO/USDT:USDT,0.10824,1936.0,0.10823,56.0,0.1083,44.0,0.10831,166.0
1753591901490,04:51:41.490,gateio,AEVO/USDT:USDT,0.10824,1936.0,0.10823,56.0,0.1083,44.0,0.10831,166.0
1753591901651,04:51:41.651,gateio,AEVO/USDT:USDT,0.10824,1936.0,0.10823,56.0,0.1083,44.0,0.10831,166.0
1753591901665,04:51:41.665,gateio,AEVO/USDT:USDT,0.10824,1936.0,0.10823,56.0,0.1083,44.0,0.10831,166.0
1753591901918,04:51:41.918,gateio,AEVO/USDT:USDT,0.10824,1936.0,0.10823,56.0,0.1083,44.0,0.10831,166.0
1753591902232,04:51:42.232,gateio,AEVO/USDT:USDT,0.10824,1936.0,0.10823,56.0,0.1083,210.0,0.10831,166.0
1753591902322,04:51:42.322,gateio,AEVO/USDT:USDT,0.10824,1936.0,0.10823,56.0,0.1083,44.0,0.10831,166.0
1753591902587,04:51:42.587,gateio,AEVO/USDT:USDT,0.10824,1936.0,0.10823,56.0,0.1083,44.0,0.10836,201.0
1753591902746,04:51:42.746,gateio,AEVO/USDT:USDT,0.10824,1936.0,0.10823,56.0,0.10833,166.0,0.10834,201.0
1753591902787,04:51:42.787,gateio,AEVO/USDT:USDT,0.10824,1936.0,0.10823,56.0,0.10832,210.0,0.10834,201.0
1753591902977,04:51:42.977,gateio,AEVO/USDT:USDT,0.10824,1936.0,0.10823,56.0,0.10831,166.0,0.10832,44.0
1753591903145,04:51:43.145,gateio,AEVO/USDT:USDT,0.10824,1936.0,0.10823,56.0,0.1083,44.0,0.10836,201.0
1753591903207,04:51:43.207,gateio,AEVO/USDT:USDT,0.10824,1936.0,0.10823,56.0,0.10833,166.0,0.10834,201.0
1753591903290,04:51:43.290,gateio,AEVO/USDT:USDT,0.10824,1936.0,0.10823,56.0,0.10831,166.0,0.10832,210.0
1753591903385,04:51:43.385,gateio,AEVO/USDT:USDT,0.10824,1936.0,0.10823,56.0,0.1083,44.0,0.10832,166.0
1753591903560,04:51:43.560,gateio,AEVO/USDT:USDT,0.10824,1936.0,0.10823,56.0,0.10831,44.0,0.10832,166.0
1753591903601,04:51:43.601,gateio,AEVO/USDT:USDT,0.10824,1936.0,0.10823,56.0,0.10831,44.0,0.10836,201.0
1753591903715,04:51:43.715,gateio,AEVO/USDT:USDT,0.10824,1936.0,0.10823,56.0,0.10833,166.0,0.10835,44.0
1753591903797,04:51:43.797,gateio,AEVO/USDT:USDT,0.10824,1936.0,0.10823,56.0,0.10832,210.0,0.10833,166.0
1753591903952,04:51:43.952,gateio,AEVO/USDT:USDT,0.10824,1936.0,0.10823,56.0,0.10832,210.0,0.10838,201.0
1753591903978,04:51:43.978,gateio,AEVO/USDT:USDT,0.10824,1936.0,0.10823,56.0,0.10832,210.0,0.10838,201.0
1753591904395,04:51:44.395,gateio,AEVO/USDT:USDT,0.10824,1936.0,0.10823,56.0,0.10832,210.0,0.10838,201.0
1753591904959,04:51:44.959,gateio,AEVO/USDT:USDT,0.10824,1936.0,0.10823,56.0,0.10832,210.0,0.10838,201.0
1753591905212,04:51:45.212,gateio,AEVO/USDT:USDT,0.10824,1936.0,0.10823,56.0,0.10832,44.0,0.10838,201.0
1753591905286,04:51:45.286,gateio,AEVO/USDT:USDT,0.10824,1936.0,0.10823,56.0,0.10836,166.0,0.10837,44.0
1753591905386,04:51:45.386,gateio,AEVO/USDT:USDT,0.10824,1936.0,0.10823,56.0,0.10834,166.0,0.10835,245.0
1753591905472,04:51:45.472,gateio,AEVO/USDT:USDT,0.10824,1936.0,0.10823,56.0,0.10832,166.0,0.10833,44.0
1753591905631,04:51:45.631,gateio,AEVO/USDT:USDT,0.10824,1936.0,0.10823,56.0,0.10831,44.0,0.10832,166.0
1753591906046,04:51:46.046,gateio,AEVO/USDT:USDT,0.10824,1936.0,0.10823,56.0,0.10831,44.0,0.10832,166.0
1753591906463,04:51:46.463,gateio,AEVO/USDT:USDT,0.10824,1936.0,0.10823,56.0,0.10831,44.0,0.10832,166.0
1753591907686,04:51:47.686,gateio,AEVO/USDT:USDT,0.10824,1936.0,0.10823,56.0,0.10831,44.0,0.10832,166.0
1753591908156,04:51:48.156,gateio,AEVO/USDT:USDT,0.10824,1936.0,0.10823,56.0,0.10831,44.0,0.10832,166.0
1753591908329,04:51:48.329,gateio,AEVO/USDT:USDT,0.10824,1936.0,0.10823,56.0,0.10831,44.0,0.10832,166.0
1753591909708,04:51:49.708,gateio,AEVO/USDT:USDT,0.10824,1936.0,0.10823,56.0,0.10831,44.0,0.10838,201.0
1753591909853,04:51:49.853,gateio,AEVO/USDT:USDT,0.10825,2244.0,0.10824,1936.0,0.10834,166.0,0.10835,201.0
1753591909945,04:51:49.945,gateio,AEVO/USDT:USDT,0.10824,1936.0,0.10823,56.0,0.10832,166.0,0.10833,245.0
1753591909986,04:51:49.986,gateio,AEVO/USDT:USDT,0.10825,2244.0,0.10824,7480.0,0.10831,44.0,0.10832,166.0
1753591910145,04:51:50.145,gateio,AEVO/USDT:USDT,0.10824,1936.0,0.10823,56.0,0.10831,44.0,0.10832,166.0
1753591910352,04:51:50.352,gateio,AEVO/USDT:USDT,0.10824,7480.0,0.10823,56.0,0.10831,44.0,0.10832,166.0
1753591910451,04:51:50.451,gateio,AEVO/USDT:USDT,0.10825,2244.0,0.10824,1936.0,0.10831,44.0,0.10832,166.0
1753591910555,04:51:50.555,gateio,AEVO/USDT:USDT,0.10824,7480.0,0.10823,56.0,0.10831,44.0,0.10832,166.0
1753591910585,04:51:50.585,gateio,AEVO/USDT:USDT,0.10824,1936.0,0.10823,56.0,0.10831,44.0,0.10832,166.0
1753591910862,04:51:50.862,gateio,AEVO/USDT:USDT,0.10824,7480.0,0.10823,56.0,0.10831,217.0,0.10835,201.0
1753591910960,04:51:50.960,gateio,AEVO/USDT:USDT,0.10824,7480.0,0.10823,56.0,0.10831,44.0,0.10835,201.0
1753591911025,04:51:51.025,gateio,AEVO/USDT:USDT,0.10825,2244.0,0.10824,7480.0,0.10833,173.0,0.10834,245.0
1753591911105,04:51:51.105,gateio,AEVO/USDT:USDT,0.10825,2244.0,0.10824,7480.0,0.10832,217.0,0.10834,201.0
1753591911252,04:51:51.252,gateio,AEVO/USDT:USDT,0.10825,2244.0,0.10824,4708.0,0.10832,44.0,0.10835,201.0
1753591911351,04:51:51.351,gateio,AEVO/USDT:USDT,0.10824,7480.0,0.10823,56.0,0.10833,173.0,0.10834,245.0
1753591911381,04:51:51.381,gateio,AEVO/USDT:USDT,0.10825,2244.0,0.10824,7480.0,0.10832,217.0,0.10834,201.0
1753591911561,04:51:51.561,gateio,AEVO/USDT:USDT,0.10825,2244.0,0.10824,7480.0,0.10831,173.0,0.10832,44.0
1753591911613,04:51:51.613,gateio,AEVO/USDT:USDT,0.10825,2244.0,0.10824,7480.0,0.1083,217.0,0.10836,367.0
1753591911745,04:51:51.745,gateio,AEVO/USDT:USDT,0.10822,172.0,0.10819,169.0,0.10828,173.0,0.10829,28.0
1753591911841,04:51:51.841,gateio,AEVO/USDT:USDT,0.10819,225.0,0.10818,4453.0,0.10827,217.0,0.10835,201.0
1753591911889,04:51:51.889,gateio,AEVO/USDT:USDT,0.10819,225.0,0.10818,4453.0,0.10827,44.0,0.10835,201.0
1753591911986,04:51:51.986,gateio,AEVO/USDT:USDT,0.10819,225.0,0.10818,4453.0,0.10833,173.0,0.10834,44.0
1753591912131,04:51:52.131,gateio,AEVO/USDT:USDT,0.10823,1880.0,0.10821,173.0,0.10831,173.0,0.10832,44.0
1753591912246,04:51:52.246,gateio,AEVO/USDT:USDT,0.10823,1880.0,0.10821,173.0,0.1083,44.0,0.10831,173.0
1753591912355,04:51:52.355,gateio,AEVO/USDT:USDT,0.10823,1908.0,0.10821,173.0,0.1083,44.0,0.10835,201.0
1753591912389,04:51:52.389,gateio,AEVO/USDT:USDT,0.10823,1908.0,0.10821,173.0,0.10833,173.0,0.10834,44.0
1753591912507,04:51:52.507,gateio,AEVO/USDT:USDT,0.10823,1908.0,0.10821,173.0,0.10831,173.0,0.10832,44.0
1753591912570,04:51:52.570,gateio,AEVO/USDT:USDT,0.10823,1936.0,0.10821,173.0,0.1083,44.0,0.10831,173.0
1753591912666,04:51:52.666,gateio,AEVO/USDT:USDT,0.10823,1936.0,0.10821,173.0,0.1083,44.0,0.10831,173.0
1753591913007,04:51:53.007,gateio,AEVO/USDT:USDT,0.10823,1936.0,0.10821,173.0,0.1083,44.0,0.10831,173.0
1753591913129,04:51:53.129,gateio,AEVO/USDT:USDT,0.10823,1936.0,0.10821,173.0,0.1083,44.0,0.10831,173.0
1753591913241,04:51:53.241,gateio,AEVO/USDT:USDT,0.10823,1936.0,0.10821,173.0,0.1083,217.0,0.10833,374.0
1753591913504,04:51:53.504,gateio,AEVO/USDT:USDT,0.10823,1936.0,0.10821,173.0,0.1083,217.0,0.10833,374.0
1753591913873,04:51:53.873,gateio,AEVO/USDT:USDT,0.10823,1936.0,0.10821,173.0,0.1083,217.0,0.10833,374.0
1753591914201,04:51:54.201,gateio,AEVO/USDT:USDT,0.10823,1936.0,0.10821,173.0,0.1083,217.0,0.10833,374.0
1753591914675,04:51:54.675,gateio,AEVO/USDT:USDT,0.10823,1936.0,0.10821,173.0,0.1083,217.0,0.10833,374.0
1753591915514,04:51:55.514,gateio,AEVO/USDT:USDT,0.10823,1936.0,0.10821,173.0,0.1083,217.0,0.10833,374.0
1753591915941,04:51:55.941,gateio,AEVO/USDT:USDT,0.10823,1936.0,0.10821,173.0,0.1083,217.0,0.10833,374.0
1753591916798,04:51:56.798,gateio,AEVO/USDT:USDT,0.10823,1936.0,0.10821,173.0,0.1083,217.0,0.10833,374.0
1753591916871,04:51:56.871,gateio,AEVO/USDT:USDT,0.10823,1936.0,0.10821,173.0,0.1083,217.0,0.10833,374.0
1753591917598,04:51:57.598,gateio,AEVO/USDT:USDT,0.10823,1936.0,0.10821,173.0,0.1083,217.0,0.10833,374.0
1753591917929,04:51:57.929,gateio,AEVO/USDT:USDT,0.10823,1936.0,0.10821,173.0,0.1083,217.0,0.10833,374.0
1753591917998,04:51:57.998,gateio,AEVO/USDT:USDT,0.10823,1936.0,0.10821,173.0,0.1083,44.0,0.10833,374.0
1753591918086,04:51:58.086,gateio,AEVO/USDT:USDT,0.10823,1936.0,0.10821,173.0,0.10831,173.0,0.10832,44.0
1753591918245,04:51:58.245,gateio,AEVO/USDT:USDT,0.10824,2244.0,0.10823,7480.0,0.1083,217.0,0.10831,173.0
1753591918274,04:51:58.274,gateio,AEVO/USDT:USDT,0.10824,2244.0,0.10823,7480.0,0.1083,44.0,0.10831,173.0
1753591918377,04:51:58.377,gateio,AEVO/USDT:USDT,0.10824,2244.0,0.10823,7480.0,0.1083,44.0,0.10831,173.0
1753591918708,04:51:58.708,gateio,AEVO/USDT:USDT,0.10824,2244.0,0.10823,7480.0,0.1083,217.0,0.10833,173.0
1753591919560,04:51:59.560,gateio,AEVO/USDT:USDT,0.10824,2244.0,0.10823,7480.0,0.1083,44.0,0.10833,173.0
1753591919648,04:51:59.648,gateio,AEVO/USDT:USDT,0.10824,2244.0,0.10823,7480.0,0.10831,173.0,0.10832,44.0
1753591919670,04:51:59.670,gateio,AEVO/USDT:USDT,0.10824,2244.0,0.10823,7480.0,0.1083,44.0,0.10831,173.0
1753591920030,04:52:00.030,gateio,AEVO/USDT:USDT,0.10823,1936.0,0.10821,173.0,0.1083,217.0,0.10833,374.0
1753591920229,04:52:00.229,gateio,AEVO/USDT:USDT,0.10824,2244.0,0.10823,7480.0,0.1083,44.0,0.10833,173.0
1753591920293,04:52:00.293,gateio,AEVO/USDT:USDT,0.10824,2244.0,0.10823,7480.0,0.10831,173.0,0.10832,44.0
1753591920417,04:52:00.417,gateio,AEVO/USDT:USDT,0.10824,2244.0,0.10823,7480.0,0.1083,217.0,0.10833,374.0
1753591921003,04:52:01.003,gateio,AEVO/USDT:USDT,0.10824,2244.0,0.10823,7480.0,0.1083,217.0,0.10833,374.0
1753591921239,04:52:01.239,gateio,AEVO/USDT:USDT,0.10824,2244.0,0.10823,7480.0,0.1083,217.0,0.10833,374.0
1753591921440,04:52:01.440,gateio,AEVO/USDT:USDT,0.10824,2244.0,0.10823,7480.0,0.1083,44.0,0.10833,173.0
1753591921513,04:52:01.513,gateio,AEVO/USDT:USDT,0.10824,2244.0,0.10823,7480.0,0.10832,44.0,0.1084,201.0
1753591921659,04:52:01.659,gateio,AEVO/USDT:USDT,0.10824,2244.0,0.10823,7480.0,0.10837,201.0,0.10838,167.0
1753591921734,04:52:01.734,gateio,AEVO/USDT:USDT,0.10824,2244.0,0.10823,7480.0,0.10834,201.0,0.10836,44.0
1753591921851,04:52:01.851,gateio,AEVO/USDT:USDT,0.10824,2244.0,0.10823,7480.0,0.10833,211.0,0.10834,201.0
1753591921878,04:52:01.878,gateio,AEVO/USDT:USDT,0.10824,2244.0,0.10823,7480.0,0.10833,211.0,0.10837,201.0
1753591922040,04:52:02.040,gateio,AEVO/USDT:USDT,0.10826,4478.0,0.10825,14834.0,0.10833,211.0,0.10837,201.0
1753591922096,04:52:02.096,gateio,AEVO/USDT:USDT,0.10826,4478.0,0.10825,14834.0,0.10833,211.0,0.10837,201.0
1753591922203,04:52:02.203,gateio,AEVO/USDT:USDT,0.10826,4478.0,0.10825,14834.0,0.10832,167.0,0.10833,44.0
1753591922304,04:52:02.304,gateio,AEVO/USDT:USDT,0.10826,4478.0,0.10825,14834.0,0.10831,44.0,0.10832,167.0
1753591922412,04:52:02.412,gateio,AEVO/USDT:USDT,0.10826,4478.0,0.10825,14834.0,0.10831,211.0,0.10837,201.0
1753591922498,04:52:02.498,gateio,AEVO/USDT:USDT,0.10826,4506.0,0.10825,14862.0,0.10831,44.0,0.10837,201.0
1753591922642,04:52:02.642,gateio,AEVO/USDT:USDT,0.10826,4506.0,0.10825,14862.0,0.10834,167.0,0.10835,28.0
1753591922746,04:52:02.746,gateio,AEVO/USDT:USDT,0.10826,4506.0,0.10825,14862.0,0.10832,167.0,0.10833,44.0
1753591922858,04:52:02.858,gateio,AEVO/USDT:USDT,0.10826,4506.0,0.10825,14862.0,0.10831,44.0,0.10834,167.0
1753591922918,04:52:02.918,gateio,AEVO/USDT:USDT,0.10826,4506.0,0.10825,14862.0,0.10832,167.0,0.10833,44.0
1753591922987,04:52:02.987,gateio,AEVO/USDT:USDT,0.10826,4506.0,0.10825,14862.0,0.10831,44.0,0.10832,167.0
1753591923337,04:52:03.337,gateio,AEVO/USDT:USDT,0.10826,4506.0,0.10825,14862.0,0.10831,44.0,0.10832,167.0
1753591923385,04:52:03.385,gateio,AEVO/USDT:USDT,0.10826,4506.0,0.10825,14862.0,0.10831,44.0,0.10832,167.0
1753591923750,04:52:03.750,gateio,AEVO/USDT:USDT,0.10826,4506.0,0.10825,14862.0,0.10831,44.0,0.10832,167.0
1753591924003,04:52:04.003,gateio,AEVO/USDT:USDT,0.10826,4506.0,0.10825,14862.0,0.10831,44.0,0.10832,167.0
1753591924175,04:52:04.175,gateio,AEVO/USDT:USDT,0.10826,4506.0,0.10825,14862.0,0.10831,44.0,0.10834,167.0
1753591924306,04:52:04.306,gateio,AEVO/USDT:USDT,0.10826,4506.0,0.10825,14862.0,0.10832,167.0,0.10833,44.0
1753591924370,04:52:04.370,gateio,AEVO/USDT:USDT,0.10826,4506.0,0.10825,14862.0,0.10831,44.0,0.10832,167.0
1753591925014,04:52:05.014,gateio,AEVO/USDT:USDT,0.10826,4506.0,0.10825,14862.0,0.10831,44.0,0.10832,167.0
1753591925742,04:52:05.742,gateio,AEVO/USDT:USDT,0.10826,4506.0,0.10825,14862.0,0.10831,44.0,0.10832,167.0
1753591925906,04:52:05.906,gateio,AEVO/USDT:USDT,0.10826,4506.0,0.10825,14862.0,0.10831,211.0,0.1084,201.0
1753591926115,04:52:06.115,gateio,AEVO/USDT:USDT,0.10826,4506.0,0.10825,14862.0,0.10831,211.0,0.1084,201.0
1753591926312,04:52:06.312,gateio,AEVO/USDT:USDT,0.10826,4506.0,0.10825,14862.0,0.10831,44.0,0.1084,201.0
1753591926386,04:52:06.386,gateio,AEVO/USDT:USDT,0.10826,4506.0,0.10825,14862.0,0.10838,167.0,0.10839,44.0
1753591926488,04:52:06.488,gateio,AEVO/USDT:USDT,0.10826,4506.0,0.10825,14862.0,0.10836,167.0,0.10837,245.0
1753591926586,04:52:06.586,gateio,AEVO/USDT:USDT,0.10826,4506.0,0.10825,14862.0,0.10834,167.0,0.10835,44.0
1753591926690,04:52:06.690,gateio,AEVO/USDT:USDT,0.10826,4506.0,0.10825,14862.0,0.10832,167.0,0.10833,44.0
1753591926769,04:52:06.769,gateio,AEVO/USDT:USDT,0.10826,4506.0,0.10825,14862.0,0.10831,44.0,0.10832,167.0
1753591927005,04:52:07.005,gateio,AEVO/USDT:USDT,0.10826,4506.0,0.10825,14862.0,0.10831,44.0,0.10832,167.0
1753591927645,04:52:07.645,gateio,AEVO/USDT:USDT,0.10826,4506.0,0.10825,14862.0,0.10831,44.0,0.10832,167.0
1753591927723,04:52:07.723,gateio,AEVO/USDT:USDT,0.10826,4506.0,0.10825,14862.0,0.10831,44.0,0.10834,167.0
1753591927816,04:52:07.816,gateio,AEVO/USDT:USDT,0.10826,4506.0,0.10825,14862.0,0.10832,167.0,0.10833,44.0
1753591927876,04:52:07.876,gateio,AEVO/USDT:USDT,0.10826,4506.0,0.10825,14862.0,0.10831,44.0,0.10832,167.0
1753591928230,04:52:08.230,gateio,AEVO/USDT:USDT,0.10826,4506.0,0.10825,14862.0,0.10831,44.0,0.10832,167.0
1753591928279,04:52:08.279,gateio,AEVO/USDT:USDT,0.10826,4506.0,0.10825,14862.0,0.10831,44.0,0.10832,167.0
1753591928389,04:52:08.389,gateio,AEVO/USDT:USDT,0.10826,4506.0,0.10825,14862.0,0.10831,211.0,0.10834,368.0
1753591928660,04:52:08.660,gateio,AEVO/USDT:USDT,0.10826,4506.0,0.10825,14862.0,0.10831,44.0,0.10834,368.0
1753591928687,04:52:08.687,gateio,AEVO/USDT:USDT,0.10826,4506.0,0.10825,14862.0,0.10832,167.0,0.10833,44.0
1753591928772,04:52:08.772,gateio,AEVO/USDT:USDT,0.10826,4506.0,0.10825,14862.0,0.10831,44.0,0.10832,167.0
1753591929009,04:52:09.009,gateio,AEVO/USDT:USDT,0.10826,4506.0,0.10825,14862.0,0.10831,44.0,0.10832,167.0
1753591929449,04:52:09.449,gateio,AEVO/USDT:USDT,0.10826,4506.0,0.10825,14862.0,0.10831,44.0,0.10832,167.0
1753591929908,04:52:09.908,gateio,AEVO/USDT:USDT,0.10826,4506.0,0.10825,14862.0,0.10831,44.0,0.10834,167.0
1753591929982,04:52:09.982,gateio,AEVO/USDT:USDT,0.10826,4506.0,0.10825,14862.0,0.10832,167.0,0.10833,44.0
1753591930070,04:52:10.070,gateio,AEVO/USDT:USDT,0.10826,4506.0,0.10825,14862.0,0.10831,44.0,0.10832,167.0
1753591930665,04:52:10.665,gateio,AEVO/USDT:USDT,0.10826,4506.0,0.10825,14862.0,0.10831,44.0,0.10832,167.0
1753591930947,04:52:10.947,gateio,AEVO/USDT:USDT,0.10826,4506.0,0.10825,14862.0,0.10831,44.0,0.10832,167.0
1753591931042,04:52:11.042,gateio,AEVO/USDT:USDT,0.10826,4506.0,0.10825,14862.0,0.10831,44.0,0.10834,167.0
1753591931087,04:52:11.087,gateio,AEVO/USDT:USDT,0.10826,4506.0,0.10825,14862.0,0.10833,210.0,0.10835,201.0
1753591931194,04:52:11.194,gateio,AEVO/USDT:USDT,0.10826,4506.0,0.10825,14862.0,0.10833,44.0,0.10835,201.0
1753591931286,04:52:11.286,gateio,AEVO/USDT:USDT,0.10826,4506.0,0.10825,14862.0,0.10833,166.0,0.10834,44.0
1753591931388,04:52:11.388,gateio,AEVO/USDT:USDT,0.10826,4506.0,0.10825,14862.0,0.10832,210.0,0.10835,201.0
1753591931688,04:52:11.688,gateio,AEVO/USDT:USDT,0.10826,4506.0,0.10825,14862.0,0.10831,166.0,0.10832,44.0
1753591931780,04:52:11.780,gateio,AEVO/USDT:USDT,0.10826,4506.0,0.10825,14862.0,0.1083,44.0,0.10835,201.0
1753591931935,04:52:11.935,gateio,AEVO/USDT:USDT,0.10826,4506.0,0.10825,14862.0,0.10833,166.0,0.10834,44.0
1753591932056,04:52:12.056,gateio,AEVO/USDT:USDT,0.10826,4506.0,0.10825,14862.0,0.10831,166.0,0.10832,44.0
1753591932070,04:52:12.070,gateio,AEVO/USDT:USDT,0.10826,4506.0,0.10825,14862.0,0.1083,44.0,0.10831,166.0
1753591932330,04:52:12.330,gateio,AEVO/USDT:USDT,0.10826,4506.0,0.10825,14862.0,0.1083,44.0,0.10831,166.0
1753591932790,04:52:12.790,gateio,AEVO/USDT:USDT,0.10826,4506.0,0.10825,14862.0,0.1083,44.0,0.10831,166.0
1753591933004,04:52:13.004,gateio,AEVO/USDT:USDT,0.10826,4506.0,0.10825,14862.0,0.1083,44.0,0.10831,166.0
1753591933629,04:52:13.629,gateio,AEVO/USDT:USDT,0.10826,4506.0,0.10825,14862.0,0.1083,44.0,0.10831,166.0
1753591934238,04:52:14.238,gateio,AEVO/USDT:USDT,0.10826,4506.0,0.10825,14862.0,0.1083,44.0,0.10833,166.0
1753591934317,04:52:14.317,gateio,AEVO/USDT:USDT,0.10826,4506.0,0.10825,14862.0,0.10831,166.0,0.10832,210.0
1753591934376,04:52:14.376,gateio,AEVO/USDT:USDT,0.10826,4506.0,0.10825,14862.0,0.1083,44.0,0.10831,166.0
1753591934484,04:52:14.484,gateio,AEVO/USDT:USDT,0.10826,4506.0,0.10825,14862.0,0.1083,44.0,0.10831,166.0
1753591934745,04:52:14.745,gateio,AEVO/USDT:USDT,0.10826,4506.0,0.10825,14862.0,0.1083,44.0,0.10837,201.0
1753591934786,04:52:14.786,gateio,AEVO/USDT:USDT,0.10826,4506.0,0.10825,14862.0,0.10835,166.0,0.10836,44.0
1753591934944,04:52:14.944,gateio,AEVO/USDT:USDT,0.10826,4506.0,0.10825,14862.0,0.10833,166.0,0.10834,44.0
1753591935009,04:52:15.009,gateio,AEVO/USDT:USDT,0.10826,4506.0,0.10825,14862.0,0.10832,210.0,0.10833,166.0
1753591935140,04:52:15.140,gateio,AEVO/USDT:USDT,0.10826,4506.0,0.10825,14862.0,0.10832,210.0,0.10834,201.0
1753591935255,04:52:15.255,gateio,AEVO/USDT:USDT,0.10826,4506.0,0.10825,14862.0,0.10831,166.0,0.10832,44.0
1753591935295,04:52:15.295,gateio,AEVO/USDT:USDT,0.10826,4506.0,0.10825,14862.0,0.1083,44.0,0.10835,166.0
1753591935391,04:52:15.391,gateio,AEVO/USDT:USDT,0.10826,4506.0,0.10825,14862.0,0.10833,166.0,0.10834,44.0
1753591935529,04:52:15.529,gateio,AEVO/USDT:USDT,0.10826,4506.0,0.10825,14862.0,0.10832,44.0,0.10835,166.0
1753591935576,04:52:15.576,gateio,AEVO/USDT:USDT,0.10826,4506.0,0.10825,14862.0,0.10832,166.0,0.10834,245.0
1753591935702,04:52:15.702,gateio,AEVO/USDT:USDT,0.10827,166.0,0.10826,4506.0,0.10831,44.0,0.10832,166.0
1753591935814,04:52:15.814,gateio,AEVO/USDT:USDT,0.10827,166.0,0.10826,4506.0,0.10831,44.0,0.10832,166.0
1753591935880,04:52:15.880,gateio,AEVO/USDT:USDT,0.10827,166.0,0.10826,4506.0,0.10831,44.0,0.10832,166.0
1753591936091,04:52:16.091,gateio,AEVO/USDT:USDT,0.10827,166.0,0.10826,4506.0,0.10831,44.0,0.10835,166.0
1753591936191,04:52:16.191,gateio,AEVO/USDT:USDT,0.10827,166.0,0.10826,4506.0,0.10833,166.0,0.10834,44.0
1753591936271,04:52:16.271,gateio,AEVO/USDT:USDT,0.10827,166.0,0.10826,4506.0,0.10832,44.0,0.10833,166.0
1753591936400,04:52:16.400,gateio,AEVO/USDT:USDT,0.10827,166.0,0.10826,4506.0,0.10832,210.0,0.10835,367.0
1753591937129,04:52:17.129,gateio,AEVO/USDT:USDT,0.10827,166.0,0.10826,4506.0,0.10832,210.0,0.10835,367.0
1753591937456,04:52:17.456,gateio,AEVO/USDT:USDT,0.10827,166.0,0.10826,4506.0,0.10832,210.0,0.10835,367.0
1753591938566,04:52:18.566,gateio,AEVO/USDT:USDT,0.10827,166.0,0.10826,4506.0,0.10832,210.0,0.10835,367.0
1753591938760,04:52:18.760,gateio,AEVO/USDT:USDT,0.10827,166.0,0.10826,4506.0,0.10832,44.0,0.10835,367.0
1753591938792,04:52:18.792,gateio,AEVO/USDT:USDT,0.10827,166.0,0.10826,4506.0,0.10833,166.0,0.10834,44.0
1753591938932,04:52:18.932,gateio,AEVO/USDT:USDT,0.10827,166.0,0.10826,4506.0,0.10832,210.0,0.10835,367.0
1753591939102,04:52:19.102,gateio,AEVO/USDT:USDT,0.10827,166.0,0.10826,4506.0,0.10832,44.0,0.10835,166.0
1753591939186,04:52:19.186,gateio,AEVO/USDT:USDT,0.10827,166.0,0.10826,4506.0,0.10833,166.0,0.10834,44.0
1753591939335,04:52:19.335,gateio,AEVO/USDT:USDT,0.10827,166.0,0.10826,4506.0,0.10832,210.0,0.10835,367.0
1753591940914,04:52:20.914,gateio,AEVO/USDT:USDT,0.10827,166.0,0.10826,4506.0,0.10832,44.0,0.10835,166.0
1753591941014,04:52:21.014,gateio,AEVO/USDT:USDT,0.10827,166.0,0.10826,4506.0,0.10833,168.0,0.10834,44.0
1753591941094,04:52:21.094,gateio,AEVO/USDT:USDT,0.10827,166.0,0.10826,4506.0,0.10832,44.0,0.10835,166.0
1753591941189,04:52:21.189,gateio,AEVO/USDT:USDT,0.10827,166.0,0.10826,4506.0,0.10833,168.0,0.10834,212.0
1753591941341,04:52:21.341,gateio,AEVO/USDT:USDT,0.10827,166.0,0.10826,4506.0,0.10832,44.0,0.10833,168.0
1753591941515,04:52:21.515,gateio,AEVO/USDT:USDT,0.10827,166.0,0.10826,4506.0,0.10832,44.0,0.10833,168.0
1753591941606,04:52:21.606,gateio,AEVO/USDT:USDT,0.10827,166.0,0.10826,4506.0,0.10832,212.0,0.1084,201.0
1753591941742,04:52:21.742,gateio,AEVO/USDT:USDT,0.10827,166.0,0.10826,4506.0,0.10832,44.0,0.1084,201.0
1753591941807,04:52:21.807,gateio,AEVO/USDT:USDT,0.10827,166.0,0.10826,4506.0,0.10837,168.0,0.10838,201.0
1753591941929,04:52:21.929,gateio,AEVO/USDT:USDT,0.10827,166.0,0.10826,4506.0,0.10835,168.0,0.10836,245.0
1753591942052,04:52:22.052,gateio,AEVO/USDT:USDT,0.10827,166.0,0.10826,4506.0,0.10833,168.0,0.10834,44.0
1753591942076,04:52:22.076,gateio,AEVO/USDT:USDT,0.10827,166.0,0.10826,4506.0,0.10832,44.0,0.10833,168.0
1753591942361,04:52:22.361,gateio,AEVO/USDT:USDT,0.10827,166.0,0.10826,4506.0,0.10832,44.0,0.10833,168.0
1753591942900,04:52:22.900,gateio,AEVO/USDT:USDT,0.10827,166.0,0.10826,4506.0,0.10832,44.0,0.10835,168.0
1753591942986,04:52:22.986,gateio,AEVO/USDT:USDT,0.10827,166.0,0.10826,4506.0,0.10833,168.0,0.10834,44.0
1753591943123,04:52:23.123,gateio,AEVO/USDT:USDT,0.10827,166.0,0.10826,4506.0,0.10832,44.0,0.10835,168.0
1753591943225,04:52:23.225,gateio,AEVO/USDT:USDT,0.10827,166.0,0.10826,4506.0,0.10834,44.0,0.10836,201.0
1753591943361,04:52:23.361,gateio,AEVO/USDT:USDT,0.10827,5708.0,0.10826,4506.0,0.10835,212.0,0.10836,201.0
1753591943428,04:52:23.428,gateio,AEVO/USDT:USDT,0.10828,168.0,0.10826,4506.0,0.10834,168.0,0.10835,72.0
1753591943547,04:52:23.547,gateio,AEVO/USDT:USDT,0.10828,168.0,0.10826,4506.0,0.10833,44.0,0.10834,168.0
1753591943634,04:52:23.634,gateio,AEVO/USDT:USDT,0.10828,168.0,0.10826,4506.0,0.10833,44.0,0.10834,168.0
1753591944054,04:52:24.054,gateio,AEVO/USDT:USDT,0.10828,168.0,0.10826,4506.0,0.10833,212.0,0.10835,28.0
1753591944343,04:52:24.343,gateio,AEVO/USDT:USDT,0.10828,168.0,0.10826,4506.0,0.10833,44.0,0.10835,28.0
1753591944449,04:52:24.449,gateio,AEVO/USDT:USDT,0.10828,168.0,0.10826,4506.0,0.10834,168.0,0.10835,28.0
1753591944470,04:52:24.470,gateio,AEVO/USDT:USDT,0.10828,168.0,0.10826,4506.0,0.10833,44.0,0.10834,168.0
1753591944865,04:52:24.865,gateio,AEVO/USDT:USDT,0.10828,168.0,0.10826,4506.0,0.10833,44.0,0.10834,168.0
1753591945051,04:52:25.051,gateio,AEVO/USDT:USDT,0.10828,168.0,0.10826,4506.0,0.10833,44.0,0.10834,168.0
1753591945923,04:52:25.923,gateio,AEVO/USDT:USDT,0.10828,168.0,0.10826,4506.0,0.10833,212.0,0.10835,28.0
1753591946045,04:52:26.045,gateio,AEVO/USDT:USDT,0.10829,168.0,0.10828,56.0,0.10833,44.0,0.10835,28.0
1753591946091,04:52:26.091,gateio,AEVO/USDT:USDT,0.10829,168.0,0.10828,56.0,0.10834,168.0,0.10835,28.0
1753591946170,04:52:26.170,gateio,AEVO/USDT:USDT,0.10829,168.0,0.10828,56.0,0.10833,44.0,0.10834,168.0
1753591946545,04:52:26.545,gateio,AEVO/USDT:USDT,0.10829,168.0,0.10828,56.0,0.10833,212.0,0.10835,28.0
1753591946730,04:52:26.730,gateio,AEVO/USDT:USDT,0.10829,168.0,0.10828,56.0,0.10833,212.0,0.10835,28.0
1753591947221,04:52:27.221,gateio,AEVO/USDT:USDT,0.10829,168.0,0.10828,56.0,0.10833,212.0,0.10835,28.0
1753591947746,04:52:27.746,gateio,AEVO/USDT:USDT,0.10829,168.0,0.10828,56.0,0.10833,44.0,0.10835,28.0
1753591947785,04:52:27.785,gateio,AEVO/USDT:USDT,0.10829,168.0,0.10828,28.0,0.1084,168.0,0.10841,44.0
1753591947886,04:52:27.886,gateio,AEVO/USDT:USDT,0.10829,168.0,0.10828,28.0,0.10838,168.0,0.10839,44.0
1753591948020,04:52:28.020,gateio,AEVO/USDT:USDT,0.10829,168.0,0.10828,28.0,0.10835,168.0,0.10836,28.0
1753591948153,04:52:28.153,gateio,AEVO/USDT:USDT,0.10829,168.0,0.10828,56.0,0.10834,212.0,0.10836,28.0
1753591948243,04:52:28.243,gateio,AEVO/USDT:USDT,0.10829,168.0,0.10828,56.0,0.10833,168.0,0.10834,212.0
1753591948271,04:52:28.271,gateio,AEVO/USDT:USDT,0.10829,168.0,0.10828,56.0,0.10832,44.0,0.10833,168.0
1753591948397,04:52:28.397,gateio,AEVO/USDT:USDT,0.10829,168.0,0.10828,56.0,0.10832,44.0,0.10833,168.0
1753591949339,04:52:29.339,gateio,AEVO/USDT:USDT,0.10829,168.0,0.10828,56.0,0.10832,212.0,0.10836,229.0
1753591949389,04:52:29.389,gateio,AEVO/USDT:USDT,0.10829,168.0,0.10828,56.0,0.10832,184.0,0.10836,229.0
1753591949545,04:52:29.545,gateio,AEVO/USDT:USDT,0.10829,168.0,0.10828,56.0,0.10832,16.0,0.10836,28.0
1753591949586,04:52:29.586,gateio,AEVO/USDT:USDT,0.10829,168.0,0.10828,56.0,0.10835,168.0,0.10836,56.0
1753591949691,04:52:29.691,gateio,AEVO/USDT:USDT,0.10829,168.0,0.10828,56.0,0.10833,168.0,0.10834,44.0
1753591949779,04:52:29.779,gateio,AEVO/USDT:USDT,0.10829,168.0,0.10828,56.0,0.10832,44.0,0.10833,168.0
1753591949925,04:52:29.925,gateio,AEVO/USDT:USDT,0.10828,224.0,0.10827,28.0,0.10831,168.0,0.10832,44.0
1753591950005,04:52:30.005,gateio,AEVO/USDT:USDT,0.10828,168.0,0.10826,4506.0,0.1083,16.0,0.10831,168.0
1753591950116,04:52:30.116,gateio,AEVO/USDT:USDT,0.10828,168.0,0.10826,4506.0,0.1083,44.0,0.10833,28.0
1753591950182,04:52:30.182,gateio,AEVO/USDT:USDT,0.10828,168.0,0.10826,4506.0,0.10832,168.0,0.10833,28.0
1753591950285,04:52:30.285,gateio,AEVO/USDT:USDT,0.10828,168.0,0.10826,4506.0,0.10831,44.0,0.10833,28.0
1753591950404,04:52:30.404,gateio,AEVO/USDT:USDT,0.10828,168.0,0.10826,4506.0,0.10832,168.0,0.10833,28.0
1753591950470,04:52:30.470,gateio,AEVO/USDT:USDT,0.10828,168.0,0.10826,4506.0,0.10831,44.0,0.10832,168.0
1753591950597,04:52:30.597,gateio,AEVO/USDT:USDT,0.10828,168.0,0.10826,4506.0,0.10831,44.0,0.10832,168.0
1753591951055,04:52:31.055,gateio,AEVO/USDT:USDT,0.10828,168.0,0.10826,4506.0,0.10831,44.0,0.10833,28.0
1753591951097,04:52:31.097,gateio,AEVO/USDT:USDT,0.10829,169.0,0.10828,28.0,0.10837,169.0,0.10838,44.0
1753591951187,04:52:31.187,gateio,AEVO/USDT:USDT,0.10829,169.0,0.10828,28.0,0.10835,169.0,0.10836,44.0
1753591951297,04:52:31.297,gateio,AEVO/USDT:USDT,0.10829,169.0,0.10828,56.0,0.10833,169.0,0.10834,44.0
1753591951410,04:52:31.410,gateio,AEVO/USDT:USDT,0.10829,169.0,0.10828,56.0,0.10832,44.0,0.10833,169.0
1753591951550,04:52:31.550,gateio,AEVO/USDT:USDT,0.10829,169.0,0.10828,56.0,0.10832,44.0,0.10835,169.0
1753591951586,04:52:31.586,gateio,AEVO/USDT:USDT,0.10829,169.0,0.10828,56.0,0.10833,169.0,0.10834,44.0
1753591951686,04:52:31.686,gateio,AEVO/USDT:USDT,0.10829,169.0,0.10828,56.0,0.10832,44.0,0.10833,169.0
1753591951822,04:52:31.822,gateio,AEVO/USDT:USDT,0.10829,169.0,0.10828,56.0,0.10832,44.0,0.10833,169.0
1753591951957,04:52:31.957,gateio,AEVO/USDT:USDT,0.10829,169.0,0.10828,28.0,0.10832,44.0,0.10834,28.0
1753591951986,04:52:31.986,gateio,AEVO/USDT:USDT,0.10829,169.0,0.10828,28.0,0.10833,169.0,0.10834,72.0
1753591952072,04:52:32.072,gateio,AEVO/USDT:USDT,0.10829,169.0,0.10828,28.0,0.10832,44.0,0.10834,197.0
1753591952189,04:52:32.189,gateio,AEVO/USDT:USDT,0.10829,169.0,0.10828,28.0,0.10833,213.0,0.10834,28.0
1753591952626,04:52:32.626,gateio,AEVO/USDT:USDT,0.10829,169.0,0.10828,28.0,0.10833,44.0,0.10834,28.0
1753591952692,04:52:32.692,gateio,AEVO/USDT:USDT,0.10829,169.0,0.10828,28.0,0.10833,169.0,0.10834,28.0
1753591952770,04:52:32.770,gateio,AEVO/USDT:USDT,0.10829,169.0,0.10828,28.0,0.10832,44.0,0.10833,169.0
1753591953710,04:52:33.710,gateio,AEVO/USDT:USDT,0.10829,169.0,0.10828,28.0,0.10832,44.0,0.10833,169.0
1753591954556,04:52:34.556,gateio,AEVO/USDT:USDT,0.10829,169.0,0.10828,28.0,0.10832,213.0,0.10834,28.0
1753591954650,04:52:34.650,gateio,AEVO/USDT:USDT,0.10829,169.0,0.10828,28.0,0.10832,185.0,0.10834,28.0
1753591955126,04:52:35.126,gateio,AEVO/USDT:USDT,0.10829,169.0,0.10828,28.0,0.10832,16.0,0.10834,28.0
1753591955186,04:52:35.186,gateio,AEVO/USDT:USDT,0.10829,169.0,0.10828,28.0,0.10833,169.0,0.10834,56.0
1753591955289,04:52:35.289,gateio,AEVO/USDT:USDT,0.10829,169.0,0.10828,28.0,0.10832,213.0,0.10834,56.0
1753591955369,04:52:35.369,gateio,AEVO/USDT:USDT,0.10829,169.0,0.10828,28.0,0.10832,185.0,0.10834,56.0
1753591955613,04:52:35.613,gateio,AEVO/USDT:USDT,0.10829,169.0,0.10828,28.0,0.10832,16.0,0.10834,28.0
1753591955758,04:52:35.758,gateio,AEVO/USDT:USDT,0.10829,169.0,0.10828,28.0,0.10833,169.0,0.10834,56.0
1753591955861,04:52:35.861,gateio,AEVO/USDT:USDT,0.1083,169.0,0.10829,28.0,0.10832,44.0,0.10839,201.0
1753591955946,04:52:35.946,gateio,AEVO/USDT:USDT,0.1083,169.0,0.10826,4450.0,0.10835,197.0,0.10836,225.0
1753591955992,04:52:35.992,gateio,AEVO/USDT:USDT,0.1083,169.0,0.10828,28.0,0.10833,169.0,0.10834,72.0
1753591956083,04:52:36.083,gateio,AEVO/USDT:USDT,0.1083,169.0,0.10828,56.0,0.10832,16.0,0.10833,169.0
1753591956172,04:52:36.172,gateio,AEVO/USDT:USDT,0.1083,169.0,0.10828,56.0,0.10832,44.0,0.10833,169.0
1753591956330,04:52:36.330,gateio,AEVO/USDT:USDT,0.1083,169.0,0.10828,56.0,0.10832,44.0,0.10833,169.0
1753591957260,04:52:37.260,gateio,AEVO/USDT:USDT,0.10829,169.0,0.10828,56.0,0.10832,213.0,0.10834,28.0
1753591957310,04:52:37.310,gateio,AEVO/USDT:USDT,0.10829,169.0,0.10828,56.0,0.10832,16.0,0.10834,28.0
1753591957411,04:52:37.411,gateio,AEVO/USDT:USDT,0.10829,169.0,0.10828,56.0,0.10833,169.0,0.10834,72.0
1753591957469,04:52:37.469,gateio,AEVO/USDT:USDT,0.10829,169.0,0.10828,56.0,0.10832,44.0,0.10833,169.0
1753591958247,04:52:38.247,gateio,AEVO/USDT:USDT,0.10829,169.0,0.10828,56.0,0.10832,213.0,0.10834,28.0
1753591958327,04:52:38.327,gateio,AEVO/USDT:USDT,0.10829,169.0,0.10828,56.0,0.10832,16.0,0.10834,28.0
1753591958429,04:52:38.429,gateio,AEVO/USDT:USDT,0.10829,169.0,0.10828,56.0,0.10833,169.0,0.10834,72.0
1753591958470,04:52:38.470,gateio,AEVO/USDT:USDT,0.10829,169.0,0.10828,56.0,0.10832,44.0,0.10833,169.0
1753591958716,04:52:38.716,gateio,AEVO/USDT:USDT,0.10829,169.0,0.10828,56.0,0.10832,44.0,0.10842,201.0
1753591958784,04:52:38.784,gateio,AEVO/USDT:USDT,0.10829,169.0,0.10828,28.0,0.1084,169.0,0.10841,44.0
1753591958887,04:52:38.887,gateio,AEVO/USDT:USDT,0.10829,169.0,0.10828,28.0,0.10838,169.0,0.10839,44.0
1753591959007,04:52:39.007,gateio,AEVO/USDT:USDT,0.10829,169.0,0.10828,28.0,0.10835,169.0,0.10836,56.0
1753591959124,04:52:39.124,gateio,AEVO/USDT:USDT,0.10829,169.0,0.10828,56.0,0.10834,213.0,0.10836,56.0
1753591959435,04:52:39.435,gateio,AEVO/USDT:USDT,0.10829,169.0,0.10828,56.0,0.10833,169.0,0.10834,213.0
1753591959547,04:52:39.547,gateio,AEVO/USDT:USDT,0.10829,169.0,0.10828,56.0,0.10832,44.0,0.10834,169.0
1753591959586,04:52:39.586,gateio,AEVO/USDT:USDT,0.10829,169.0,0.10828,56.0,0.10833,44.0,0.10834,197.0
1753591959747,04:52:39.747,gateio,AEVO/USDT:USDT,0.1083,225.0,0.10829,2826.0,0.10833,44.0,0.10836,201.0
1753591959801,04:52:39.801,gateio,AEVO/USDT:USDT,0.10831,169.0,0.1083,56.0,0.10835,44.0,0.10838,370.0
1753591959935,04:52:39.935,gateio,AEVO/USDT:USDT,0.10831,169.0,0.1083,56.0,0.10836,169.0,0.10837,72.0
1753591960011,04:52:40.011,gateio,AEVO/USDT:USDT,0.10831,169.0,0.1083,56.0,0.10835,44.0,0.10836,169.0
1753591960127,04:52:40.127,gateio,AEVO/USDT:USDT,0.10831,169.0,0.1083,56.0,0.10835,44.0,0.10836,169.0
1753591960309,04:52:40.309,gateio,AEVO/USDT:USDT,0.10831,169.0,0.1083,56.0,0.10835,44.0,0.10836,169.0
1753591960394,04:52:40.394,gateio,AEVO/USDT:USDT,0.10831,169.0,0.1083,56.0,0.10835,44.0,0.10836,169.0
1753591961132,04:52:41.132,gateio,AEVO/USDT:USDT,0.10831,169.0,0.1083,28.0,0.10835,44.0,0.10836,169.0
1753591961217,04:52:41.217,gateio,AEVO/USDT:USDT,0.10831,169.0,0.10826,4450.0,0.10835,44.0,0.10837,56.0
1753591961276,04:52:41.276,gateio,AEVO/USDT:USDT,0.10831,169.0,0.10826,4450.0,0.10835,169.0,0.10837,100.0
1753591961462,04:52:41.462,gateio,AEVO/USDT:USDT,0.10831,169.0,0.10829,56.0,0.10834,213.0,0.10835,28.0
1753591961477,04:52:41.477,gateio,AEVO/USDT:USDT,0.10831,169.0,0.10826,4450.0,0.10834,185.0,0.10835,56.0
1753591961643,04:52:41.643,gateio,AEVO/USDT:USDT,0.10831,169.0,0.10826,4450.0,0.10834,16.0,0.10835,56.0
1753591961678,04:52:41.678,gateio,AEVO/USDT:USDT,0.10831,169.0,0.10826,4450.0,0.10835,269.0,0.10836,56.0
1753591962009,04:52:42.009,gateio,AEVO/USDT:USDT,0.10831,169.0,0.10826,4450.0,0.10835,269.0,0.10836,56.0
1753591962315,04:52:42.315,gateio,AEVO/USDT:USDT,0.10831,169.0,0.10826,4450.0,0.10835,100.0,0.10836,56.0
1753591962795,04:52:42.795,gateio,AEVO/USDT:USDT,0.10831,169.0,0.10826,4450.0,0.10835,269.0,0.10836,56.0
1753591963369,04:52:43.369,gateio,AEVO/USDT:USDT,0.10831,169.0,0.10826,4450.0,0.10835,100.0,0.10836,56.0
1753591964096,04:52:44.096,gateio,AEVO/USDT:USDT,0.10831,169.0,0.10826,4450.0,0.10835,269.0,0.10836,56.0
1753591965930,04:52:45.930,gateio,AEVO/USDT:USDT,0.10831,169.0,0.10826,4450.0,0.10835,100.0,0.10836,56.0
1753591966487,04:52:46.487,gateio,AEVO/USDT:USDT,0.10831,169.0,0.10826,4450.0,0.10835,269.0,0.10836,56.0
1753591966581,04:52:46.581,gateio,AEVO/USDT:USDT,0.10831,169.0,0.10826,4450.0,0.10835,269.0,0.10836,56.0
1753591967433,04:52:47.433,gateio,AEVO/USDT:USDT,0.10831,169.0,0.10826,4450.0,0.10835,100.0,0.10836,56.0
1753591967470,04:52:47.470,gateio,AEVO/USDT:USDT,0.10831,169.0,0.10826,4450.0,0.10835,100.0,0.10836,56.0
1753591967679,04:52:47.679,gateio,AEVO/USDT:USDT,0.10831,169.0,0.10826,4450.0,0.10835,100.0,0.10836,56.0
1753591967899,04:52:47.899,gateio,AEVO/USDT:USDT,0.10832,169.0,0.10831,28.0,0.10835,44.0,0.10838,370.0
1753591968061,04:52:48.061,gateio,AEVO/USDT:USDT,0.10832,169.0,0.10831,28.0,0.10837,241.0,0.10842,201.0
1753591968147,04:52:48.147,gateio,AEVO/USDT:USDT,0.10833,197.0,0.10832,28.0,0.10837,213.0,0.10842,201.0
1753591968167,04:52:48.167,gateio,AEVO/USDT:USDT,0.10834,169.0,0.10833,28.0,0.10837,213.0,0.10842,201.0
1753591968269,04:52:48.269,gateio,AEVO/USDT:USDT,0.10834,169.0,0.10833,28.0,0.10837,185.0,0.10842,201.0
1753591968518,04:52:48.518,gateio,AEVO/USDT:USDT,0.10834,169.0,0.10833,28.0,0.10837,185.0,0.10842,201.0
1753591968813,04:52:48.813,gateio,AEVO/USDT:USDT,0.10834,169.0,0.10833,28.0,0.10837,16.0,0.10843,168.0
1753591968931,04:52:48.931,gateio,AEVO/USDT:USDT,0.10834,169.0,0.10833,28.0,0.10841,169.0,0.10842,44.0
1753591968993,04:52:48.993,gateio,AEVO/USDT:USDT,0.10834,169.0,0.10833,28.0,0.10839,169.0,0.1084,72.0
1753591969150,04:52:49.150,gateio,AEVO/USDT:USDT,0.10834,169.0,0.10826,4450.0,0.10837,169.0,0.10838,44.0
1753591969186,04:52:49.186,gateio,AEVO/USDT:USDT,0.10834,169.0,0.10832,56.0,0.10836,16.0,0.10837,169.0
1753591969345,04:52:49.345,gateio,AEVO/USDT:USDT,0.10834,169.0,0.10832,56.0,0.10836,44.0,0.10837,169.0
1753591969431,04:52:49.431,gateio,AEVO/USDT:USDT,0.10834,169.0,0.10832,56.0,0.10836,44.0,0.10837,169.0
1753591970009,04:52:50.009,gateio,AEVO/USDT:USDT,0.10834,169.0,0.10832,56.0,0.10836,44.0,0.10837,169.0
1753591970561,04:52:50.561,gateio,AEVO/USDT:USDT,0.10834,169.0,0.10832,56.0,0.10836,44.0,0.10837,169.0
1753591970746,04:52:50.746,gateio,AEVO/USDT:USDT,0.10834,169.0,0.10832,56.0,0.10836,44.0,0.10837,169.0
1753591972199,04:52:52.199,gateio,AEVO/USDT:USDT,0.10834,169.0,0.10832,56.0,0.10836,44.0,0.1084,28.0
1753591972349,04:52:52.349,gateio,AEVO/USDT:USDT,0.10835,173.0,0.10834,28.0,0.10839,173.0,0.1084,72.0
1753591972463,04:52:52.463,gateio,AEVO/USDT:USDT,0.10835,173.0,0.10834,28.0,0.10838,44.0,0.1084,28.0
1753591972491,04:52:52.491,gateio,AEVO/USDT:USDT,0.10835,173.0,0.10834,28.0,0.10839,173.0,0.1084,72.0
1753591972631,04:52:52.631,gateio,AEVO/USDT:USDT,0.10835,173.0,0.10834,28.0,0.10838,217.0,0.1084,28.0
1753591972669,04:52:52.669,gateio,AEVO/USDT:USDT,0.10835,173.0,0.10834,28.0,0.10838,189.0,0.1084,28.0
1753591973043,04:52:53.043,gateio,AEVO/USDT:USDT,0.10836,173.0,0.10835,28.0,0.10838,16.0,0.1084,28.0
1753591973112,04:52:53.112,gateio,AEVO/USDT:USDT,0.10836,173.0,0.10834,28.0,0.10839,173.0,0.1084,72.0
1753591973191,04:52:53.191,gateio,AEVO/USDT:USDT,0.10835,173.0,0.10834,56.0,0.10838,189.0,0.1084,28.0
1753591973746,04:52:53.746,gateio,AEVO/USDT:USDT,0.10835,173.0,0.10834,56.0,0.10838,189.0,0.1084,28.0
1753591973805,04:52:53.805,gateio,AEVO/USDT:USDT,0.10835,173.0,0.10834,56.0,0.10838,189.0,0.1084,28.0
1753591974461,04:52:54.461,gateio,AEVO/USDT:USDT,0.10835,173.0,0.10834,56.0,0.10838,189.0,0.1084,28.0
1753591974542,04:52:54.542,gateio,AEVO/USDT:USDT,0.10835,173.0,0.10834,56.0,0.10838,16.0,0.10843,168.0
1753591974623,04:52:54.623,gateio,AEVO/USDT:USDT,0.10835,173.0,0.10834,28.0,0.1084,173.0,0.10841,28.0
1753591974687,04:52:54.687,gateio,AEVO/USDT:USDT,0.10835,173.0,0.10834,56.0,0.10839,217.0,0.10841,28.0
1753591974956,04:52:54.956,gateio,AEVO/USDT:USDT,0.10835,173.0,0.10834,56.0,0.10838,173.0,0.10839,44.0
1753591974970,04:52:54.970,gateio,AEVO/USDT:USDT,0.10835,173.0,0.10834,56.0,0.10837,16.0,0.10838,173.0
1753591975070,04:52:55.070,gateio,AEVO/USDT:USDT,0.10835,173.0,0.10834,56.0,0.10837,44.0,0.10838,173.0
1753591975530,04:52:55.530,gateio,AEVO/USDT:USDT,0.10835,173.0,0.10834,56.0,0.10837,44.0,0.10838,173.0
1753591975660,04:52:55.660,gateio,AEVO/USDT:USDT,0.10834,173.0,0.10828,2116.0,0.10837,217.0,0.10838,28.0
1753591975670,04:52:55.670,gateio,AEVO/USDT:USDT,0.10834,173.0,0.10828,2116.0,0.10837,189.0,0.10838,28.0
1753591975834,04:52:55.834,gateio,AEVO/USDT:USDT,0.10834,173.0,0.10828,2116.0,0.10837,189.0,0.10838,28.0
1753591976461,04:52:56.461,gateio,AEVO/USDT:USDT,0.10834,173.0,0.10828,2116.0,0.10837,217.0,0.10838,56.0
1753591976648,04:52:56.648,gateio,AEVO/USDT:USDT,0.10834,173.0,0.10828,2116.0,0.10837,217.0,0.10838,56.0
1753591978070,04:52:58.070,gateio,AEVO/USDT:USDT,0.10834,173.0,0.10828,2116.0,0.10837,44.0,0.10838,56.0
1753591978170,04:52:58.170,gateio,AEVO/USDT:USDT,0.10834,173.0,0.10828,2116.0,0.10837,28.0,0.10838,100.0
1753591978930,04:52:58.930,gateio,AEVO/USDT:USDT,0.10834,173.0,0.10828,2116.0,0.10837,201.0,0.10838,100.0
1753591978991,04:52:58.991,gateio,AEVO/USDT:USDT,0.10834,173.0,0.10833,28.0,0.10836,16.0,0.10837,201.0
1753591979069,04:52:59.069,gateio,AEVO/USDT:USDT,0.10834,173.0,0.10833,28.0,0.10836,44.0,0.10837,201.0
1753591979360,04:52:59.360,gateio,AEVO/USDT:USDT,0.10833,173.0,0.10826,4450.0,0.10836,72.0,0.10837,56.0
1753591979449,04:52:59.449,gateio,AEVO/USDT:USDT,0.10834,173.0,0.10833,28.0,0.10837,44.0,0.10842,201.0
1753591979538,04:52:59.538,gateio,AEVO/USDT:USDT,0.10834,173.0,0.10833,28.0,0.10838,173.0,0.10839,28.0
1753591979662,04:52:59.662,gateio,AEVO/USDT:USDT,0.10835,173.0,0.10834,201.0,0.10837,44.0,0.10843,168.0
1753591979745,04:52:59.745,gateio,AEVO/USDT:USDT,0.10835,173.0,0.10833,28.0,0.10841,173.0,0.10842,44.0
1753591979840,04:52:59.840,gateio,AEVO/USDT:USDT,0.10835,173.0,0.10833,28.0,0.1084,44.0,0.10841,201.0
1753591979945,04:52:59.945,gateio,AEVO/USDT:USDT,0.10835,173.0,0.10833,28.0,0.10839,173.0,0.1084,72.0
1753591979970,04:52:59.970,gateio,AEVO/USDT:USDT,0.10835,173.0,0.10833,28.0,0.10838,44.0,0.10839,173.0
1753591980120,04:53:00.120,gateio,AEVO/USDT:USDT,0.10835,173.0,0.10833,56.0,0.10838,217.0,0.1084,28.0
1753591980237,04:53:00.237,gateio,AEVO/USDT:USDT,0.10835,173.0,0.10833,56.0,0.10838,16.0,0.1084,28.0
1753591980348,04:53:00.348,gateio,AEVO/USDT:USDT,0.10835,201.0,0.10833,28.0,0.1084,217.0,0.10841,28.0
1753591980459,04:53:00.459,gateio,AEVO/USDT:USDT,0.10836,173.0,0.10835,28.0,0.10839,201.0,0.1084,217.0
1753591980477,04:53:00.477,gateio,AEVO/USDT:USDT,0.10836,173.0,0.10835,28.0,0.10838,16.0,0.1084,173.0
1753591980628,04:53:00.628,gateio,AEVO/USDT:USDT,0.10836,173.0,0.10835,28.0,0.10839,217.0,0.10841,28.0
1753591980700,04:53:00.700,gateio,AEVO/USDT:USDT,0.10836,173.0,0.10835,28.0,0.10839,189.0,0.10841,28.0
1753591981105,04:53:01.105,gateio,AEVO/USDT:USDT,0.10836,173.0,0.10835,28.0,0.10839,16.0,0.10841,28.0
1753591981172,04:53:01.172,gateio,AEVO/USDT:USDT,0.10836,173.0,0.10835,28.0,0.1084,173.0,0.10841,28.0
1753591981269,04:53:01.269,gateio,AEVO/USDT:USDT,0.10836,173.0,0.10835,28.0,0.10839,44.0,0.1084,173.0
1753591981421,04:53:01.421,gateio,AEVO/USDT:USDT,0.10836,173.0,0.10835,28.0,0.10839,44.0,0.1084,173.0
1753591981557,04:53:01.557,gateio,AEVO/USDT:USDT,0.10837,173.0,0.10836,28.0,0.10839,44.0,0.10843,168.0
1753591981642,04:53:01.642,gateio,AEVO/USDT:USDT,0.10837,173.0,0.10828,2116.0,0.10842,100.0,0.10845,369.0
1753591981756,04:53:01.756,gateio,AEVO/USDT:USDT,0.10837,173.0,0.10828,2116.0,0.10841,173.0,0.10842,56.0
1753591981837,04:53:01.837,gateio,AEVO/USDT:USDT,0.10837,173.0,0.10828,2116.0,0.1084,44.0,0.10842,56.0
1753591981886,04:53:01.886,gateio,AEVO/USDT:USDT,0.10837,173.0,0.10828,2116.0,0.10841,173.0,0.10842,56.0
1753591982009,04:53:02.009,gateio,AEVO/USDT:USDT,0.10837,173.0,0.10836,28.0,0.1084,44.0,0.10842,56.0
1753591982098,04:53:02.098,gateio,AEVO/USDT:USDT,0.10837,173.0,0.10836,28.0,0.10842,229.0,0.10844,44.0
1753591982190,04:53:02.190,gateio,AEVO/USDT:USDT,0.10837,173.0,0.10836,28.0,0.10841,44.0,0.10842,229.0
1753591982355,04:53:02.355,gateio,AEVO/USDT:USDT,0.10837,173.0,0.10828,2116.0,0.10841,217.0,0.10842,56.0
1753591982459,04:53:02.459,gateio,AEVO/USDT:USDT,0.10837,173.0,0.10828,2116.0,0.10841,44.0,0.10842,56.0
1753591982512,04:53:02.512,gateio,AEVO/USDT:USDT,0.10837,173.0,0.10828,2116.0,0.10842,229.0,0.10846,201.0
1753591982574,04:53:02.574,gateio,AEVO/USDT:USDT,0.10837,173.0,0.10828,2116.0,0.10841,44.0,0.10842,229.0
1753591982879,04:53:02.879,gateio,AEVO/USDT:USDT,0.10837,173.0,0.10828,2116.0,0.10841,217.0,0.10842,56.0
1753591983020,04:53:03.020,gateio,AEVO/USDT:USDT,0.10837,173.0,0.10828,2116.0,0.10841,217.0,0.10842,56.0
1753591983543,04:53:03.543,gateio,AEVO/USDT:USDT,0.10837,173.0,0.10828,2116.0,0.1084,201.0,0.10841,72.0
1753591983606,04:53:03.606,gateio,AEVO/USDT:USDT,0.10835,173.0,0.10834,1908.0,0.10839,16.0,0.10848,201.0
1753591983761,04:53:03.761,gateio,AEVO/USDT:USDT,0.10835,173.0,0.10834,1880.0,0.10846,374.0,0.10847,44.0
1753591983774,04:53:03.774,gateio,AEVO/USDT:USDT,0.10835,173.0,0.10834,1880.0,0.10844,173.0,0.10845,217.0
1753591983955,04:53:03.955,gateio,AEVO/USDT:USDT,0.10835,173.0,0.10834,1880.0,0.10841,173.0,0.10842,56.0
1753591983986,04:53:03.986,gateio,AEVO/USDT:USDT,0.10835,173.0,0.10834,1880.0,0.10839,173.0,0.1084,72.0
1753591984073,04:53:04.073,gateio,AEVO/USDT:USDT,0.10835,173.0,0.10834,1880.0,0.10838,44.0,0.10839,173.0
1753591984360,04:53:04.360,gateio,AEVO/USDT:USDT,0.10835,173.0,0.10834,1880.0,0.10838,44.0,0.10839,173.0
1753591984461,04:53:04.461,gateio,AEVO/USDT:USDT,0.10835,173.0,0.10834,1880.0,0.10838,217.0,0.1084,28.0
1753591984515,04:53:04.515,gateio,AEVO/USDT:USDT,0.10831,173.0,0.1083,1908.0,0.10838,16.0,0.10839,28.0
1753591984644,04:53:04.644,gateio,AEVO/USDT:USDT,0.10831,173.0,0.1083,1908.0,0.10838,173.0,0.10839,28.0
1753591984690,04:53:04.690,gateio,AEVO/USDT:USDT,0.10832,173.0,0.10831,28.0,0.10837,44.0,0.10838,173.0
1753591984772,04:53:04.772,gateio,AEVO/USDT:USDT,0.10832,173.0,0.10831,28.0,0.10837,44.0,0.10838,173.0
1753591985130,04:53:05.130,gateio,AEVO/USDT:USDT,0.10832,173.0,0.10831,28.0,0.10837,44.0,0.10838,173.0
1753591985184,04:53:05.184,gateio,AEVO/USDT:USDT,0.10832,173.0,0.10831,28.0,0.10837,44.0,0.10838,173.0
1753591985539,04:53:05.539,gateio,AEVO/USDT:USDT,0.10832,173.0,0.10831,28.0,0.10837,44.0,0.1084,201.0
1753591985601,04:53:05.601,gateio,AEVO/USDT:USDT,0.10832,173.0,0.10831,28.0,0.10837,44.0,0.10841,173.0
1753591985759,04:53:05.759,gateio,AEVO/USDT:USDT,0.10834,173.0,0.10833,201.0,0.10839,44.0,0.10841,173.0
1753591985839,04:53:05.839,gateio,AEVO/USDT:USDT,0.10835,173.0,0.10834,28.0,0.10839,173.0,0.1084,44.0
1753591985885,04:53:05.885,gateio,AEVO/USDT:USDT,0.10835,173.0,0.10834,28.0,0.10838,44.0,0.1084,173.0
1753591986033,04:53:06.033,gateio,AEVO/USDT:USDT,0.10835,173.0,0.10834,28.0,0.10839,217.0,0.10841,201.0
1753591986126,04:53:06.126,gateio,AEVO/USDT:USDT,0.10835,173.0,0.10833,201.0,0.10838,173.0,0.10839,44.0
1753591986197,04:53:06.197,gateio,AEVO/USDT:USDT,0.10835,173.0,0.10833,229.0,0.10837,16.0,0.10838,173.0
1753591986270,04:53:06.270,gateio,AEVO/USDT:USDT,0.10835,173.0,0.10833,229.0,0.10837,44.0,0.10838,173.0
1753591986411,04:53:06.411,gateio,AEVO/USDT:USDT,0.10835,173.0,0.10833,229.0,0.10837,44.0,0.10838,173.0
1753591986653,04:53:06.653,gateio,AEVO/USDT:USDT,0.10834,173.0,0.10833,28.0,0.10837,217.0,0.10841,430.0
1753591986669,04:53:06.669,gateio,AEVO/USDT:USDT,0.10834,173.0,0.10833,28.0,0.10837,189.0,0.10841,430.0
1753591986850,04:53:06.850,gateio,AEVO/USDT:USDT,0.10834,173.0,0.10833,28.0,0.10836,173.0,0.10837,16.0
1753591986892,04:53:06.892,gateio,AEVO/USDT:USDT,0.10834,173.0,0.1083,1880.0,0.10837,173.0,0.10838,56.0
1753591986974,04:53:06.974,gateio,AEVO/USDT:USDT,0.10834,173.0,0.1083,1880.0,0.10836,16.0,0.10837,173.0
1753591987070,04:53:07.070,gateio,AEVO/USDT:USDT,0.10834,173.0,0.1083,1880.0,0.10836,44.0,0.10837,173.0
1753591987228,04:53:07.228,gateio,AEVO/USDT:USDT,0.10834,173.0,0.10831,28.0,0.10836,44.0,0.10837,173.0
1753591987461,04:53:07.461,gateio,AEVO/USDT:USDT,0.10834,173.0,0.10832,28.0,0.10836,44.0,0.10837,173.0
1753591987660,04:53:07.660,gateio,AEVO/USDT:USDT,0.10834,173.0,0.10832,28.0,0.10836,44.0,0.10841,374.0
1753591987716,04:53:07.716,gateio,AEVO/USDT:USDT,0.10834,173.0,0.10832,28.0,0.10839,173.0,0.1084,72.0
1753591987786,04:53:07.786,gateio,AEVO/USDT:USDT,0.10834,173.0,0.10832,28.0,0.10838,217.0,0.1084,28.0
1753591987925,04:53:07.925,gateio,AEVO/USDT:USDT,0.10834,173.0,0.10832,28.0,0.10837,173.0,0.10838,72.0
1753591988058,04:53:08.058,gateio,AEVO/USDT:USDT,0.10833,173.0,0.10832,28.0,0.10836,189.0,0.10838,28.0
1753591988141,04:53:08.141,gateio,AEVO/USDT:USDT,0.10833,173.0,0.10832,28.0,0.10836,189.0,0.10838,28.0
1753591988236,04:53:08.236,gateio,AEVO/USDT:USDT,0.10833,173.0,0.10832,28.0,0.10836,189.0,0.10838,28.0
1753591988345,04:53:08.345,gateio,AEVO/USDT:USDT,0.10833,173.0,0.10832,28.0,0.10836,16.0,0.1084,28.0
1753591988463,04:53:08.463,gateio,AEVO/USDT:USDT,0.10833,173.0,0.10832,28.0,0.10839,173.0,0.1084,56.0
1753591988486,04:53:08.486,gateio,AEVO/USDT:USDT,0.10833,173.0,0.10832,28.0,0.10837,173.0,0.10838,44.0
1753591988573,04:53:08.573,gateio,AEVO/USDT:USDT,0.10833,173.0,0.10832,28.0,0.10836,44.0,0.10837,173.0
1753591988883,04:53:08.883,gateio,AEVO/USDT:USDT,0.10833,173.0,0.10832,28.0,0.10836,217.0,0.10839,173.0
1753591988975,04:53:08.975,gateio,AEVO/USDT:USDT,0.10833,173.0,0.10832,28.0,0.10836,189.0,0.10839,173.0
1753591989281,04:53:09.281,gateio,AEVO/USDT:USDT,0.10833,173.0,0.10832,28.0,0.10836,16.0,0.10839,173.0
1753591989386,04:53:09.386,gateio,AEVO/USDT:USDT,0.10833,173.0,0.10832,28.0,0.10837,173.0,0.10838,44.0
1753591989474,04:53:09.474,gateio,AEVO/USDT:USDT,0.10833,173.0,0.10832,28.0,0.10836,44.0,0.10837,173.0
1753591989696,04:53:09.696,gateio,AEVO/USDT:USDT,0.10833,173.0,0.10832,28.0,0.10836,44.0,0.10837,173.0
1753591989931,04:53:09.931,gateio,AEVO/USDT:USDT,0.10833,173.0,0.10832,28.0,0.10836,44.0,0.10837,173.0
1753591990009,04:53:10.009,gateio,AEVO/USDT:USDT,0.10833,173.0,0.10832,28.0,0.10836,44.0,0.10837,173.0
1753591990410,04:53:10.410,gateio,AEVO/USDT:USDT,0.10833,173.0,0.10832,28.0,0.10836,44.0,0.10839,173.0
1753591990489,04:53:10.489,gateio,AEVO/USDT:USDT,0.10833,173.0,0.10832,28.0,0.10837,173.0,0.10838,100.0
1753591990570,04:53:10.570,gateio,AEVO/USDT:USDT,0.10833,173.0,0.10832,28.0,0.10836,44.0,0.10837,173.0
1753591990916,04:53:10.916,gateio,AEVO/USDT:USDT,0.10833,173.0,0.10832,28.0,0.10836,44.0,0.10837,173.0
1753591991595,04:53:11.595,gateio,AEVO/USDT:USDT,0.10833,173.0,0.10832,28.0,0.10836,44.0,0.10837,173.0
1753591991845,04:53:11.845,gateio,AEVO/USDT:USDT,0.10832,168.0,0.10829,173.0,0.10835,168.0,0.10836,44.0
1753591991951,04:53:11.951,gateio,AEVO/USDT:USDT,0.10832,168.0,0.10829,173.0,0.10834,16.0,0.10835,168.0
1753591992009,04:53:12.009,gateio,AEVO/USDT:USDT,0.1083,168.0,0.10829,28.0,0.10834,44.0,0.10835,168.0
1753591992133,04:53:12.133,gateio,AEVO/USDT:USDT,0.1083,168.0,0.10829,28.0,0.10834,44.0,0.10835,168.0
1753591992361,04:53:12.361,gateio,AEVO/USDT:USDT,0.1083,168.0,0.10829,28.0,0.10833,168.0,0.10834,44.0
1753591992437,04:53:12.437,gateio,AEVO/USDT:USDT,0.1083,168.0,0.10829,28.0,0.10832,16.0,0.10838,201.0
1753591992550,04:53:12.550,gateio,AEVO/USDT:USDT,0.1083,168.0,0.10829,28.0,0.10836,196.0,0.10837,72.0
1753591992626,04:53:12.626,gateio,AEVO/USDT:USDT,0.1083,168.0,0.10829,28.0,0.10835,44.0,0.10843,201.0
1753591992686,04:53:12.686,gateio,AEVO/USDT:USDT,0.1083,168.0,0.10829,28.0,0.10841,168.0,0.10842,44.0
1753591992792,04:53:12.792,gateio,AEVO/USDT:USDT,0.1083,168.0,0.10829,28.0,0.10839,168.0,0.1084,44.0
1753591992911,04:53:12.911,gateio,AEVO/USDT:USDT,0.1083,168.0,0.10829,28.0,0.10836,168.0,0.10837,28.0
1753591993013,04:53:13.013,gateio,AEVO/USDT:USDT,0.1083,168.0,0.10829,28.0,0.10835,212.0,0.10837,28.0
1753591993140,04:53:13.140,gateio,AEVO/USDT:USDT,0.1083,168.0,0.10829,56.0,0.10835,44.0,0.10837,28.0
1753591993246,04:53:13.246,gateio,AEVO/USDT:USDT,0.1083,168.0,0.10829,56.0,0.10836,168.0,0.10837,28.0
1753591993350,04:53:13.350,gateio,AEVO/USDT:USDT,0.1083,168.0,0.10829,56.0,0.10834,168.0,0.10835,44.0
1753591993413,04:53:13.413,gateio,AEVO/USDT:USDT,0.1083,168.0,0.10829,56.0,0.10833,44.0,0.10837,28.0
1753591993491,04:53:13.491,gateio,AEVO/USDT:USDT,0.1083,168.0,0.10829,28.0,0.10836,168.0,0.10837,72.0
1753591993590,04:53:13.590,gateio,AEVO/USDT:USDT,0.1083,168.0,0.10829,28.0,0.10834,168.0,0.10835,44.0
1753591993674,04:53:13.674,gateio,AEVO/USDT:USDT,0.1083,168.0,0.10829,28.0,0.10833,44.0,0.10834,168.0
1753591993783,04:53:13.783,gateio,AEVO/USDT:USDT,0.1083,168.0,0.10829,28.0,0.10833,44.0,0.10834,168.0
1753591994158,04:53:14.158,gateio,AEVO/USDT:USDT,0.1083,168.0,0.10829,28.0,0.10833,44.0,0.10837,28.0
1753591994186,04:53:14.186,gateio,AEVO/USDT:USDT,0.1083,168.0,0.10829,28.0,0.10836,168.0,0.10837,72.0
1753591994327,04:53:14.327,gateio,AEVO/USDT:USDT,0.1083,168.0,0.10829,28.0,0.10834,168.0,0.10835,44.0
1753591994370,04:53:14.370,gateio,AEVO/USDT:USDT,0.1083,168.0,0.10829,28.0,0.10833,44.0,0.10834,168.0
1753591994547,04:53:14.547,gateio,AEVO/USDT:USDT,0.1083,168.0,0.10829,28.0,0.10833,44.0,0.10837,28.0
1753591994591,04:53:14.591,gateio,AEVO/USDT:USDT,0.1083,168.0,0.10829,28.0,0.10836,168.0,0.10837,72.0
1753591994731,04:53:14.731,gateio,AEVO/USDT:USDT,0.1083,168.0,0.10829,28.0,0.10835,212.0,0.10837,28.0
1753591995001,04:53:15.001,gateio,AEVO/USDT:USDT,0.1083,168.0,0.10829,28.0,0.10835,212.0,0.10837,28.0
1753591995545,04:53:15.545,gateio,AEVO/USDT:USDT,0.1083,168.0,0.10829,28.0,0.10834,168.0,0.10835,44.0
1753591995657,04:53:15.657,gateio,AEVO/USDT:USDT,0.1083,168.0,0.10829,28.0,0.10833,44.0,0.10837,28.0
1753591995686,04:53:15.686,gateio,AEVO/USDT:USDT,0.1083,168.0,0.10829,28.0,0.10836,168.0,0.10837,28.0
1753591995787,04:53:15.787,gateio,AEVO/USDT:USDT,0.1083,168.0,0.10829,28.0,0.10835,212.0,0.10837,28.0
1753591996031,04:53:16.031,gateio,AEVO/USDT:USDT,0.1083,168.0,0.10829,28.0,0.10835,212.0,0.10837,28.0
1753591996241,04:53:16.241,gateio,AEVO/USDT:USDT,0.1083,168.0,0.10829,28.0,0.10835,44.0,0.10837,28.0
1753591996283,04:53:16.283,gateio,AEVO/USDT:USDT,0.1083,168.0,0.10829,28.0,0.10835,168.0,0.10837,28.0
1753591996373,04:53:16.373,gateio,AEVO/USDT:USDT,0.1083,168.0,0.10829,28.0,0.10834,44.0,0.10835,168.0
1753591996480,04:53:16.480,gateio,AEVO/USDT:USDT,0.1083,168.0,0.10829,28.0,0.10834,44.0,0.10837,28.0
1753591996606,04:53:16.606,gateio,AEVO/USDT:USDT,0.1083,168.0,0.10829,28.0,0.10836,168.0,0.10837,56.0
1753591996757,04:53:16.757,gateio,AEVO/USDT:USDT,0.1083,168.0,0.10829,28.0,0.10835,212.0,0.10837,56.0
1753591996859,04:53:16.859,gateio,AEVO/USDT:USDT,0.1083,168.0,0.10829,28.0,0.10835,212.0,0.10837,56.0
1753591997027,04:53:17.027,gateio,AEVO/USDT:USDT,0.1083,168.0,0.10829,28.0,0.10835,212.0,0.10837,56.0
1753591997626,04:53:17.626,gateio,AEVO/USDT:USDT,0.1083,168.0,0.10829,28.0,0.10834,168.0,0.10835,44.0
1753591997708,04:53:17.708,gateio,AEVO/USDT:USDT,0.1083,168.0,0.10829,28.0,0.10833,44.0,0.10834,168.0
1753591997844,04:53:17.844,gateio,AEVO/USDT:USDT,0.1083,168.0,0.10829,28.0,0.10833,44.0,0.10834,168.0
1753591998283,04:53:18.283,gateio,AEVO/USDT:USDT,0.1083,168.0,0.10829,28.0,0.10833,44.0,0.10834,168.0
1753591998658,04:53:18.658,gateio,AEVO/USDT:USDT,0.1083,168.0,0.10829,28.0,0.10833,44.0,0.10837,28.0
1753591998707,04:53:18.707,gateio,AEVO/USDT:USDT,0.1083,168.0,0.10826,4450.0,0.10835,168.0,0.10837,28.0
1753591998861,04:53:18.861,gateio,AEVO/USDT:USDT,0.1083,168.0,0.10829,28.0,0.10834,44.0,0.10843,201.0
1753591998951,04:53:18.951,gateio,AEVO/USDT:USDT,0.1083,5708.0,0.10829,28.0,0.10841,369.0,0.10842,44.0
1753591999026,04:53:19.026,gateio,AEVO/USDT:USDT,0.10831,168.0,0.1083,168.0,0.10838,168.0,0.10839,28.0
1753591999118,04:53:19.118,gateio,AEVO/USDT:USDT,0.10831,168.0,0.1083,28.0,0.10836,168.0,0.10837,44.0
1753591999243,04:53:19.243,gateio,AEVO/USDT:USDT,0.10831,168.0,0.1083,28.0,0.10835,44.0,0.10836,168.0
1753591999319,04:53:19.319,gateio,AEVO/USDT:USDT,0.10831,168.0,0.1083,28.0,0.10835,44.0,0.10838,168.0
1753591999387,04:53:19.387,gateio,AEVO/USDT:USDT,0.10831,168.0,0.1083,28.0,0.10837,212.0,0.10843,201.0
1753591999545,04:53:19.545,gateio,AEVO/USDT:USDT,0.10831,168.0,0.1083,28.0,0.10837,212.0,0.10843,201.0
1753591999903,04:53:19.903,gateio,AEVO/USDT:USDT,0.10831,168.0,0.1083,28.0,0.10837,212.0,0.10843,201.0
1753592001548,04:53:21.548,gateio,AEVO/USDT:USDT,0.10831,168.0,0.1083,28.0,0.10837,44.0,0.10843,201.0
1753592001614,04:53:21.614,gateio,AEVO/USDT:USDT,0.10831,168.0,0.1083,28.0,0.10841,173.0,0.10842,44.0
1753592001757,04:53:21.757,gateio,AEVO/USDT:USDT,0.10831,168.0,0.1083,28.0,0.10839,173.0,0.1084,44.0
1753592001796,04:53:21.796,gateio,AEVO/USDT:USDT,0.10831,168.0,0.1083,28.0,0.10838,217.0,0.10841,374.0
1753592001925,04:53:21.925,gateio,AEVO/USDT:USDT,0.10831,168.0,0.1083,28.0,0.10838,217.0,0.10841,374.0
1753592002036,04:53:22.036,gateio,AEVO/USDT:USDT,0.10831,168.0,0.1083,28.0,0.10837,173.0,0.10838,44.0
1753592002070,04:53:22.070,gateio,AEVO/USDT:USDT,0.10831,168.0,0.1083,28.0,0.10836,44.0,0.10837,173.0
1753592002226,04:53:22.226,gateio,AEVO/USDT:USDT,0.10831,168.0,0.1083,28.0,0.10836,44.0,0.10841,374.0
1753592002339,04:53:22.339,gateio,AEVO/USDT:USDT,0.10831,168.0,0.1083,28.0,0.10839,173.0,0.1084,44.0
1753592002387,04:53:22.387,gateio,AEVO/USDT:USDT,0.10831,168.0,0.1083,28.0,0.10838,217.0,0.10841,374.0
1753592002753,04:53:22.753,gateio,AEVO/USDT:USDT,0.10831,168.0,0.1083,28.0,0.10838,217.0,0.10841,374.0
1753592003167,04:53:23.167,gateio,AEVO/USDT:USDT,0.10831,168.0,0.1083,28.0,0.10838,217.0,0.10841,374.0
1753592003485,04:53:23.485,gateio,AEVO/USDT:USDT,0.10831,168.0,0.1083,28.0,0.10838,44.0,0.10841,374.0
1753592003630,04:53:23.630,gateio,AEVO/USDT:USDT,0.10834,173.0,0.10833,28.0,0.10839,374.0,0.1084,44.0
1753592003674,04:53:23.674,gateio,AEVO/USDT:USDT,0.10834,173.0,0.10833,28.0,0.10838,44.0,0.10839,173.0
1753592004002,04:53:24.002,gateio,AEVO/USDT:USDT,0.10834,173.0,0.10833,28.0,0.10838,44.0,0.10839,173.0
1753592004331,04:53:24.331,gateio,AEVO/USDT:USDT,0.10834,173.0,0.10833,28.0,0.10838,44.0,0.10839,173.0
1753592004420,04:53:24.420,gateio,AEVO/USDT:USDT,0.10834,173.0,0.10833,28.0,0.10838,44.0,0.10839,173.0
1753592004729,04:53:24.729,gateio,AEVO/USDT:USDT,0.10834,173.0,0.10833,28.0,0.10838,44.0,0.10844,173.0
1753592004852,04:53:24.852,gateio,AEVO/USDT:USDT,0.10834,173.0,0.10833,28.0,0.10841,173.0,0.10842,28.0
1753592004886,04:53:24.886,gateio,AEVO/USDT:USDT,0.10834,173.0,0.10833,28.0,0.10839,173.0,0.1084,44.0
1753592004973,04:53:24.973,gateio,AEVO/USDT:USDT,0.10834,173.0,0.10833,28.0,0.10838,44.0,0.10839,173.0
1753592005275,04:53:25.275,gateio,AEVO/USDT:USDT,0.10834,173.0,0.10833,28.0,0.10838,44.0,0.10839,173.0
1753592005573,04:53:25.573,gateio,AEVO/USDT:USDT,0.10834,173.0,0.10833,28.0,0.10838,44.0,0.10841,173.0
1753592005760,04:53:25.760,gateio,AEVO/USDT:USDT,0.10834,173.0,0.10833,28.0,0.10839,173.0,0.1084,44.0
1753592005856,04:53:25.856,gateio,AEVO/USDT:USDT,0.10834,173.0,0.10833,28.0,0.10838,44.0,0.10839,201.0
1753592006043,04:53:26.043,gateio,AEVO/USDT:USDT,0.10834,173.0,0.10833,28.0,0.10838,44.0,0.1084,28.0
1753592006095,04:53:26.095,gateio,AEVO/USDT:USDT,0.10834,173.0,0.10833,28.0,0.10839,173.0,0.1084,44.0
1753592006187,04:53:26.187,gateio,AEVO/USDT:USDT,0.10834,173.0,0.10833,28.0,0.10838,44.0,0.10839,173.0
1753592006442,04:53:26.442,gateio,AEVO/USDT:USDT,0.10834,173.0,0.10833,28.0,0.10838,44.0,0.10839,173.0
1753592006762,04:53:26.762,gateio,AEVO/USDT:USDT,0.10834,173.0,0.10833,28.0,0.10838,44.0,0.10843,201.0
1753592006793,04:53:26.793,gateio,AEVO/USDT:USDT,0.10834,173.0,0.10833,28.0,0.1084,173.0,0.10841,28.0
1753592006902,04:53:26.902,gateio,AEVO/USDT:USDT,0.10834,173.0,0.10833,28.0,0.10839,44.0,0.1084,173.0
1753592006991,04:53:26.991,gateio,AEVO/USDT:USDT,0.10834,173.0,0.10833,28.0,0.10839,217.0,0.10841,28.0
1753592007263,04:53:27.263,gateio,AEVO/USDT:USDT,0.10834,173.0,0.10833,28.0,0.10839,245.0,0.1084,28.0
1753592007334,04:53:27.334,gateio,AEVO/USDT:USDT,0.10834,173.0,0.10833,28.0,0.10839,245.0,0.1084,28.0
1753592007732,04:53:27.732,gateio,AEVO/USDT:USDT,0.10834,173.0,0.10833,28.0,0.10839,245.0,0.1084,28.0
1753592008159,04:53:28.159,gateio,AEVO/USDT:USDT,0.10834,173.0,0.10833,28.0,0.10839,245.0,0.1084,28.0
1753592008205,04:53:28.205,gateio,AEVO/USDT:USDT,0.10835,173.0,0.10834,28.0,0.10839,72.0,0.1084,28.0
1753592008277,04:53:28.277,gateio,AEVO/USDT:USDT,0.10835,173.0,0.10834,28.0,0.10839,173.0,0.1084,44.0
1753592008370,04:53:28.370,gateio,AEVO/USDT:USDT,0.10835,173.0,0.10834,28.0,0.10838,44.0,0.10839,173.0
1753592008478,04:53:28.478,gateio,AEVO/USDT:USDT,0.10835,173.0,0.10834,28.0,0.10838,44.0,0.10839,201.0
1753592008567,04:53:28.567,gateio,AEVO/USDT:USDT,0.10835,173.0,0.10833,28.0,0.10838,44.0,0.10839,201.0
1753592008668,04:53:28.668,gateio,AEVO/USDT:USDT,0.10835,173.0,0.10833,56.0,0.10838,44.0,0.10839,201.0
1753592008922,04:53:28.922,gateio,AEVO/USDT:USDT,0.10835,173.0,0.10833,56.0,0.10838,217.0,0.10839,28.0
1753592009041,04:53:29.041,gateio,AEVO/USDT:USDT,0.10835,173.0,0.10833,56.0,0.10838,189.0,0.10839,28.0
1753592009132,04:53:29.132,gateio,AEVO/USDT:USDT,0.10835,173.0,0.10833,56.0,0.10838,189.0,0.10839,28.0
1753592009259,04:53:29.259,gateio,AEVO/USDT:USDT,0.10835,173.0,0.10833,56.0,0.10838,189.0,0.10839,28.0
1753592009325,04:53:29.325,gateio,AEVO/USDT:USDT,0.10835,173.0,0.10833,56.0,0.10838,16.0,0.10841,28.0
1753592009401,04:53:29.401,gateio,AEVO/USDT:USDT,0.10835,173.0,0.10833,56.0,0.1084,173.0,0.10841,56.0
1753592009486,04:53:29.486,gateio,AEVO/USDT:USDT,0.10835,173.0,0.10833,56.0,0.10839,217.0,0.1084,173.0
1753592009639,04:53:29.639,gateio,AEVO/USDT:USDT,0.10835,173.0,0.10833,56.0,0.10839,217.0,0.10841,56.0
1753592009991,04:53:29.991,gateio,AEVO/USDT:USDT,0.10835,173.0,0.10833,56.0,0.10839,217.0,0.10841,56.0
1753592010243,04:53:30.243,gateio,AEVO/USDT:USDT,0.10835,173.0,0.10833,56.0,0.10839,217.0,0.10841,56.0
1753592010496,04:53:30.496,gateio,AEVO/USDT:USDT,0.10835,173.0,0.10833,56.0,0.10839,217.0,0.10841,56.0
1753592010613,04:53:30.613,gateio,AEVO/USDT:USDT,0.10835,173.0,0.10833,56.0,0.10839,217.0,0.10841,56.0
1753592010666,04:53:30.666,gateio,AEVO/USDT:USDT,0.10835,173.0,0.10833,56.0,0.10839,217.0,0.10841,56.0
1753592010949,04:53:30.949,gateio,AEVO/USDT:USDT,0.10836,165.0,0.10835,28.0,0.10839,44.0,0.10841,56.0
1753592011031,04:53:31.031,gateio,AEVO/USDT:USDT,0.10836,165.0,0.10835,28.0,0.1084,165.0,0.10841,28.0
1753592011070,04:53:31.070,gateio,AEVO/USDT:USDT,0.10836,165.0,0.10835,28.0,0.10839,44.0,0.1084,165.0
1753592011450,04:53:31.450,gateio,AEVO/USDT:USDT,0.10836,165.0,0.10835,28.0,0.10839,44.0,0.1084,165.0
1753592011862,04:53:31.862,gateio,AEVO/USDT:USDT,0.10836,165.0,0.10835,28.0,0.10839,44.0,0.1084,165.0
1753592012317,04:53:32.317,gateio,AEVO/USDT:USDT,0.10836,165.0,0.10831,1847.0,0.10839,44.0,0.1084,165.0
1753592012685,04:53:32.685,gateio,AEVO/USDT:USDT,0.10836,165.0,0.10831,1847.0,0.10839,44.0,0.1084,165.0
1753592013070,04:53:33.070,gateio,AEVO/USDT:USDT,0.10836,165.0,0.10831,1847.0,0.10839,44.0,0.1084,165.0
1753592013436,04:53:33.436,gateio,AEVO/USDT:USDT,0.10836,165.0,0.10834,1847.0,0.10839,44.0,0.1084,165.0
1753592013513,04:53:33.513,gateio,AEVO/USDT:USDT,0.10836,165.0,0.10834,1847.0,0.10839,44.0,0.1084,165.0
1753592013946,04:53:33.946,gateio,AEVO/USDT:USDT,0.10836,165.0,0.10834,1847.0,0.10839,44.0,0.1084,165.0
1753592013987,04:53:33.987,gateio,AEVO/USDT:USDT,0.10836,165.0,0.10834,1847.0,0.10839,44.0,0.1084,165.0
1753592014421,04:53:34.421,gateio,AEVO/USDT:USDT,0.10836,165.0,0.10833,1847.0,0.10839,44.0,0.1084,165.0
1753592015323,04:53:35.323,gateio,AEVO/USDT:USDT,0.10836,165.0,0.10833,1847.0,0.10839,44.0,0.1084,193.0
1753592015441,04:53:35.441,gateio,AEVO/USDT:USDT,0.10836,165.0,0.10834,1847.0,0.10839,44.0,0.10841,28.0
1753592015497,04:53:35.497,gateio,AEVO/USDT:USDT,0.10836,165.0,0.10834,1847.0,0.10841,193.0,0.10843,44.0
1753592015570,04:53:35.570,gateio,AEVO/USDT:USDT,0.10836,165.0,0.10834,1847.0,0.1084,44.0,0.10841,193.0
1753592015822,04:53:35.822,gateio,AEVO/USDT:USDT,0.10836,165.0,0.10834,1847.0,0.1084,44.0,0.10841,221.0
1753592015945,04:53:35.945,gateio,AEVO/USDT:USDT,0.10838,165.0,0.10837,1847.0,0.1084,44.0,0.10841,221.0
1753592015965,04:53:35.965,gateio,AEVO/USDT:USDT,0.10838,165.0,0.10837,1847.0,0.1084,44.0,0.10841,221.0
1753592016723,04:53:36.723,gateio,AEVO/USDT:USDT,0.10838,165.0,0.10837,1847.0,0.1084,44.0,0.10841,193.0
1753592016854,04:53:36.854,gateio,AEVO/USDT:USDT,0.10837,1847.0,0.10836,165.0,0.1084,44.0,0.10841,28.0
1753592016956,04:53:36.956,gateio,AEVO/USDT:USDT,0.10839,1847.0,0.10836,165.0,0.1084,165.0,0.10841,56.0
1753592016977,04:53:36.977,gateio,AEVO/USDT:USDT,0.10839,1847.0,0.10836,165.0,0.1084,165.0,0.10841,28.0
1753592017169,04:53:37.169,gateio,AEVO/USDT:USDT,0.10839,1847.0,0.10836,165.0,0.1084,165.0,0.10841,28.0
1753592017463,04:53:37.463,gateio,AEVO/USDT:USDT,0.10836,165.0,0.10834,1847.0,0.1084,165.0,0.10841,28.0
1753592017562,04:53:37.562,gateio,AEVO/USDT:USDT,0.10836,165.0,0.10835,56.0,0.10839,44.0,0.10844,173.0
1753592017638,04:53:37.638,gateio,AEVO/USDT:USDT,0.10836,165.0,0.10835,1936.0,0.10842,165.0,0.10843,44.0
1753592017711,04:53:37.711,gateio,AEVO/USDT:USDT,0.10836,165.0,0.10835,1936.0,0.10841,72.0,0.10842,165.0
1753592017794,04:53:37.794,gateio,AEVO/USDT:USDT,0.10836,165.0,0.10835,1908.0,0.10841,265.0,0.10844,173.0
1753592017937,04:53:37.937,gateio,AEVO/USDT:USDT,0.10836,165.0,0.10835,3755.0,0.10841,265.0,0.10844,374.0
1753592017998,04:53:37.998,gateio,AEVO/USDT:USDT,0.10836,165.0,0.10835,3755.0,0.10841,265.0,0.10844,374.0
1753592018735,04:53:38.735,gateio,AEVO/USDT:USDT,0.10836,165.0,0.10835,3755.0,0.10841,72.0,0.10844,173.0
1753592018826,04:53:38.826,gateio,AEVO/USDT:USDT,0.10836,165.0,0.10835,3755.0,0.10842,165.0,0.10843,44.0
1753592018871,04:53:38.871,gateio,AEVO/USDT:USDT,0.10836,165.0,0.10835,3755.0,0.10841,44.0,0.10842,193.0
1753592019235,04:53:39.235,gateio,AEVO/USDT:USDT,0.10836,165.0,0.10835,3755.0,0.10841,44.0,0.10842,193.0
1753592019650,04:53:39.650,gateio,AEVO/USDT:USDT,0.10836,165.0,0.10835,3755.0,0.10841,44.0,0.10842,193.0
1753592020450,04:53:40.450,gateio,AEVO/USDT:USDT,0.10838,165.0,0.10837,56.0,0.10841,44.0,0.10844,173.0
1753592020533,04:53:40.533,gateio,AEVO/USDT:USDT,0.1084,165.0,0.10839,28.0,0.10843,209.0,0.1085,201.0
1753592020654,04:53:40.654,gateio,AEVO/USDT:USDT,0.1084,165.0,0.10839,28.0,0.10843,184.0,0.10844,56.0
1753592020722,04:53:40.722,gateio,AEVO/USDT:USDT,0.1084,165.0,0.10838,193.0,0.10843,184.0,0.10844,28.0
1753592020887,04:53:40.887,gateio,AEVO/USDT:USDT,0.1084,165.0,0.10838,193.0,0.10843,184.0,0.10844,28.0
1753592021052,04:53:41.052,gateio,AEVO/USDT:USDT,0.10838,165.0,0.10835,3727.0,0.10842,196.0,0.10843,44.0
1753592021072,04:53:41.072,gateio,AEVO/USDT:USDT,0.10838,165.0,0.10835,3727.0,0.10841,44.0,0.10842,196.0
1753592021305,04:53:41.305,gateio,AEVO/USDT:USDT,0.10838,165.0,0.10835,3727.0,0.10841,44.0,0.10842,196.0
1753592021449,04:53:41.449,gateio,AEVO/USDT:USDT,0.10838,193.0,0.10837,28.0,0.10841,44.0,0.10851,366.0
1753592021488,04:53:41.488,gateio,AEVO/USDT:USDT,0.10839,168.0,0.10835,3727.0,0.10849,168.0,0.1085,44.0
1753592021586,04:53:41.586,gateio,AEVO/USDT:USDT,0.10839,168.0,0.10835,3727.0,0.10847,168.0,0.10848,44.0
1753592021746,04:53:41.746,gateio,AEVO/USDT:USDT,0.10839,168.0,0.10835,3727.0,0.10843,196.0,0.10844,56.0
1753592021775,04:53:41.775,gateio,AEVO/USDT:USDT,0.10839,168.0,0.10835,3727.0,0.10842,44.0,0.10843,196.0
1753592021951,04:53:41.951,gateio,AEVO/USDT:USDT,0.10839,168.0,0.10835,1880.0,0.10842,44.0,0.10843,196.0
1753592022051,04:53:42.051,gateio,AEVO/USDT:USDT,0.10839,168.0,0.10835,1880.0,0.10842,44.0,0.10843,196.0
1753592022140,04:53:42.140,gateio,AEVO/USDT:USDT,0.10839,168.0,0.10835,1880.0,0.10842,72.0,0.10843,224.0
1753592022322,04:53:42.322,gateio,AEVO/USDT:USDT,0.10839,168.0,0.10835,1880.0,0.10842,72.0,0.10843,224.0
1753592022789,04:53:42.789,gateio,AEVO/USDT:USDT,0.10841,1847.0,0.10839,168.0,0.10842,44.0,0.10843,28.0
1753592022958,04:53:42.958,gateio,AEVO/USDT:USDT,0.10841,1847.0,0.10839,168.0,0.10843,28.0,0.10844,100.0
1753592023060,04:53:43.060,gateio,AEVO/USDT:USDT,0.10842,168.0,0.10841,1847.0,0.10844,44.0,0.10847,168.0
1753592023086,04:53:43.086,gateio,AEVO/USDT:USDT,0.10842,168.0,0.10841,1847.0,0.10845,168.0,0.10846,44.0
1753592023199,04:53:43.199,gateio,AEVO/USDT:USDT,0.10842,168.0,0.10841,1847.0,0.10844,16.0,0.10845,168.0
1753592023298,04:53:43.298,gateio,AEVO/USDT:USDT,0.10842,2015.0,0.10839,196.0,0.10844,44.0,0.10845,168.0
1753592023372,04:53:43.372,gateio,AEVO/USDT:USDT,0.10842,2015.0,0.10839,196.0,0.10844,44.0,0.10845,168.0
1753592023533,04:53:43.533,gateio,AEVO/USDT:USDT,0.10842,2015.0,0.10839,196.0,0.10844,44.0,0.10845,168.0
1753592023646,04:53:43.646,gateio,AEVO/USDT:USDT,0.10842,2015.0,0.10839,168.0,0.10844,44.0,0.10845,196.0
1753592023845,04:53:43.845,gateio,AEVO/USDT:USDT,0.10842,1847.0,0.10839,168.0,0.10844,212.0,0.10845,196.0
1753592023869,04:53:43.869,gateio,AEVO/USDT:USDT,0.10842,1847.0,0.10839,168.0,0.10844,168.0,0.10845,196.0
1753592023996,04:53:43.996,gateio,AEVO/USDT:USDT,0.10842,1847.0,0.10839,168.0,0.10844,168.0,0.10845,28.0
1753592024190,04:53:44.190,gateio,AEVO/USDT:USDT,0.10842,1847.0,0.10839,168.0,0.10844,168.0,0.10845,28.0
1753592024486,04:53:44.486,gateio,AEVO/USDT:USDT,0.10842,1847.0,0.10839,168.0,0.10845,168.0,0.10847,168.0
1753592024625,04:53:44.625,gateio,AEVO/USDT:USDT,0.10842,1847.0,0.10839,168.0,0.10844,16.0,0.10845,168.0
1753592024670,04:53:44.670,gateio,AEVO/USDT:USDT,0.10842,1847.0,0.10839,168.0,0.10844,44.0,0.10845,168.0
1753592025008,04:53:45.008,gateio,AEVO/USDT:USDT,0.10842,1847.0,0.10839,168.0,0.10844,44.0,0.10845,168.0
1753592025222,04:53:45.222,gateio,AEVO/USDT:USDT,0.10842,1847.0,0.10839,168.0,0.10844,212.0,0.10846,56.0
1753592025269,04:53:45.269,gateio,AEVO/USDT:USDT,0.10842,1847.0,0.10839,168.0,0.10844,168.0,0.10846,56.0
1753592025424,04:53:45.424,gateio,AEVO/USDT:USDT,0.10842,1847.0,0.10839,168.0,0.10845,168.0,0.10846,28.0
1753592025470,04:53:45.470,gateio,AEVO/USDT:USDT,0.10842,1847.0,0.10839,168.0,0.10844,16.0,0.10845,168.0
1753592025569,04:53:45.569,gateio,AEVO/USDT:USDT,0.10842,1847.0,0.10839,168.0,0.10844,44.0,0.10845,168.0
1753592025827,04:53:45.827,gateio,AEVO/USDT:USDT,0.10842,1847.0,0.10839,168.0,0.10844,212.0,0.10846,28.0
1753592025869,04:53:45.869,gateio,AEVO/USDT:USDT,0.10842,1847.0,0.10839,168.0,0.10844,168.0,0.10846,28.0
1753592026033,04:53:46.033,gateio,AEVO/USDT:USDT,0.10842,1847.0,0.10839,168.0,0.10844,168.0,0.10846,28.0
1753592026352,04:53:46.352,gateio,AEVO/USDT:USDT,0.10842,1847.0,0.10839,168.0,0.10844,168.0,0.10846,56.0
1753592026428,04:53:46.428,gateio,AEVO/USDT:USDT,0.10842,1847.0,0.10839,168.0,0.10845,168.0,0.10846,28.0
1753592026469,04:53:46.469,gateio,AEVO/USDT:USDT,0.10842,1847.0,0.10839,168.0,0.10844,16.0,0.10845,168.0
1753592026645,04:53:46.645,gateio,AEVO/USDT:USDT,0.10842,1847.0,0.10839,168.0,0.10844,44.0,0.10845,168.0
1753592026703,04:53:46.703,gateio,AEVO/USDT:USDT,0.10842,1847.0,0.10839,168.0,0.10844,212.0,0.10846,28.0
1753592026852,04:53:46.852,gateio,AEVO/USDT:USDT,0.10843,1847.0,0.10839,196.0,0.10845,168.0,0.10846,28.0
1753592026959,04:53:46.959,gateio,AEVO/USDT:USDT,0.10843,1847.0,0.10839,196.0,0.10846,168.0,0.10851,165.0
1753592027008,04:53:47.008,gateio,AEVO/USDT:USDT,0.10843,1847.0,0.10839,196.0,0.10846,168.0,0.1085,201.0
1753592027069,04:53:47.069,gateio,AEVO/USDT:USDT,0.10843,1847.0,0.10839,196.0,0.10846,168.0,0.1085,201.0
1753592027241,04:53:47.241,gateio,AEVO/USDT:USDT,0.10843,1847.0,0.10839,196.0,0.10845,16.0,0.10846,168.0
1753592027359,04:53:47.359,gateio,AEVO/USDT:USDT,0.10844,1847.0,0.1084,168.0,0.10845,212.0,0.10847,28.0
1753592027372,04:53:47.372,gateio,AEVO/USDT:USDT,0.10844,1847.0,0.1084,168.0,0.10845,168.0,0.10847,28.0
1753592028033,04:53:48.033,gateio,AEVO/USDT:USDT,0.10844,1847.0,0.1084,168.0,0.10847,168.0,0.10849,44.0
1753592028154,04:53:48.154,gateio,AEVO/USDT:USDT,0.10844,1847.0,0.10842,28.0,0.10846,184.0,0.10847,168.0
1753592028240,04:53:48.240,gateio,AEVO/USDT:USDT,0.10844,1847.0,0.10842,28.0,0.10846,168.0,0.10848,28.0
1753592028346,04:53:48.346,gateio,AEVO/USDT:USDT,0.10844,1847.0,0.10842,28.0,0.10846,168.0,0.10848,28.0
1753592028366,04:53:48.366,gateio,AEVO/USDT:USDT,0.10844,1847.0,0.10842,28.0,0.10846,168.0,0.10848,28.0
1753592028666,04:53:48.666,gateio,AEVO/USDT:USDT,0.10844,1847.0,0.10842,28.0,0.10846,168.0,0.10848,28.0
1753592029181,04:53:49.181,gateio,AEVO/USDT:USDT,0.10844,1847.0,0.10842,28.0,0.10847,168.0,0.10848,28.0
1753592029273,04:53:49.273,gateio,AEVO/USDT:USDT,0.10844,1847.0,0.10842,28.0,0.10846,16.0,0.10847,168.0
1753592029370,04:53:49.370,gateio,AEVO/USDT:USDT,0.10844,1847.0,0.10842,28.0,0.10846,44.0,0.10847,168.0
1753592029561,04:53:49.561,gateio,AEVO/USDT:USDT,0.10844,1847.0,0.10842,28.0,0.10846,212.0,0.10848,28.0
1753592029589,04:53:49.589,gateio,AEVO/USDT:USDT,0.10844,1847.0,0.1084,168.0,0.10847,168.0,0.10848,56.0
1753592029676,04:53:49.676,gateio,AEVO/USDT:USDT,0.10844,1847.0,0.1084,168.0,0.10846,184.0,0.10847,168.0
1753592029828,04:53:49.828,gateio,AEVO/USDT:USDT,0.10844,1847.0,0.1084,168.0,0.10846,168.0,0.10848,56.0
1753592030254,04:53:50.254,gateio,AEVO/USDT:USDT,0.10844,1847.0,0.1084,168.0,0.10846,196.0,0.10847,28.0
1753592030483,04:53:50.483,gateio,AEVO/USDT:USDT,0.10844,1847.0,0.1084,168.0,0.10846,224.0,0.10847,56.0
1753592030649,04:53:50.649,gateio,AEVO/USDT:USDT,0.10844,1847.0,0.1084,168.0,0.10845,168.0,0.10846,56.0
1753592030713,04:53:50.713,gateio,AEVO/USDT:USDT,0.10844,1847.0,0.1084,168.0,0.10845,168.0,0.10846,100.0
1753592030868,04:53:50.868,gateio,AEVO/USDT:USDT,0.10844,1847.0,0.1084,168.0,0.10846,245.0,0.10847,28.0
1753592030969,04:53:50.969,gateio,AEVO/USDT:USDT,0.10844,1847.0,0.1084,168.0,0.10846,201.0,0.10847,28.0
1753592031744,04:53:51.744,gateio,AEVO/USDT:USDT,0.10844,1847.0,0.1084,168.0,0.10846,201.0,0.10847,28.0
1753592032049,04:53:52.049,gateio,AEVO/USDT:USDT,0.10845,1847.0,0.1084,168.0,0.10846,28.0,0.10847,28.0
1753592032070,04:53:52.070,gateio,AEVO/USDT:USDT,0.10845,1847.0,0.1084,168.0,0.10846,28.0,0.10847,28.0
1753592032854,04:53:52.854,gateio,AEVO/USDT:USDT,0.10845,1847.0,0.1084,168.0,0.10846,201.0,0.10847,56.0
1753592033132,04:53:53.132,gateio,AEVO/USDT:USDT,0.10845,1847.0,0.1084,168.0,0.10846,201.0,0.10847,56.0
1753592034763,04:53:54.763,gateio,AEVO/USDT:USDT,0.10845,1847.0,0.1084,168.0,0.10846,28.0,0.10847,56.0
1753592034775,04:53:54.775,gateio,AEVO/USDT:USDT,0.10845,1847.0,0.1084,168.0,0.10846,28.0,0.10847,56.0
1753592035066,04:53:55.066,gateio,AEVO/USDT:USDT,0.10845,1847.0,0.1084,168.0,0.10846,28.0,0.10847,56.0
1753592036183,04:53:56.183,gateio,AEVO/USDT:USDT,0.10845,1847.0,0.1084,168.0,0.10846,201.0,0.10847,56.0
1753592036848,04:53:56.848,gateio,AEVO/USDT:USDT,0.10845,1847.0,0.1084,168.0,0.10847,173.0,0.1085,44.0
1753592036886,04:53:56.886,gateio,AEVO/USDT:USDT,0.10845,1847.0,0.1084,168.0,0.10847,201.0,0.10848,56.0
1753592037085,04:53:57.085,gateio,AEVO/USDT:USDT,0.10845,1847.0,0.1084,168.0,0.10847,28.0,0.10848,56.0
1753592037222,04:53:57.222,gateio,AEVO/USDT:USDT,0.10845,1847.0,0.1084,168.0,0.10847,201.0,0.10848,56.0
1753592037269,04:53:57.269,gateio,AEVO/USDT:USDT,0.10845,1847.0,0.1084,168.0,0.10847,201.0,0.10848,56.0
1753592037755,04:53:57.755,gateio,AEVO/USDT:USDT,0.10846,1848.0,0.10845,1847.0,0.10851,165.0,0.10855,201.0
1753592037848,04:53:57.848,gateio,AEVO/USDT:USDT,0.10846,3695.0,0.1084,168.0,0.10849,173.0,0.1085,100.0
1753592037955,04:53:57.955,gateio,AEVO/USDT:USDT,0.10846,3695.0,0.1084,168.0,0.10847,173.0,0.10848,72.0
1753592037974,04:53:57.974,gateio,AEVO/USDT:USDT,0.10846,3695.0,0.1084,168.0,0.10847,173.0,0.10848,100.0
1753592038159,04:53:58.159,gateio,AEVO/USDT:USDT,0.1084,168.0,0.10835,1880.0,0.10847,173.0,0.10848,100.0
1753592038186,04:53:58.186,gateio,AEVO/USDT:USDT,0.1084,168.0,0.10835,1880.0,0.10846,44.0,0.10847,173.0
1753592038278,04:53:58.278,gateio,AEVO/USDT:USDT,0.1084,168.0,0.10835,1880.0,0.10846,44.0,0.10847,173.0
1753592038370,04:53:58.370,gateio,AEVO/USDT:USDT,0.1084,168.0,0.10835,1880.0,0.10846,44.0,0.10847,173.0
1753592038717,04:53:58.717,gateio,AEVO/USDT:USDT,0.1084,168.0,0.10835,1880.0,0.10846,44.0,0.10847,173.0
1753592038806,04:53:58.806,gateio,AEVO/USDT:USDT,0.1084,168.0,0.10835,1880.0,0.10846,44.0,0.10847,173.0
1753592038976,04:53:58.976,gateio,AEVO/USDT:USDT,0.1084,168.0,0.10835,1880.0,0.10846,217.0,0.1085,201.0
1753592039067,04:53:59.067,gateio,AEVO/USDT:USDT,0.1084,168.0,0.10835,1880.0,0.10846,245.0,0.1085,201.0
1753592039257,04:53:59.257,gateio,AEVO/USDT:USDT,0.10845,1856.0,0.1084,168.0,0.10846,44.0,0.10847,28.0
1753592039286,04:53:59.286,gateio,AEVO/USDT:USDT,0.10845,1856.0,0.1084,168.0,0.10847,201.0,0.10848,56.0
1753592039370,04:53:59.370,gateio,AEVO/USDT:USDT,0.10845,1856.0,0.1084,168.0,0.10847,201.0,0.10848,56.0
1753592039645,04:53:59.645,gateio,AEVO/USDT:USDT,0.10846,173.0,0.10845,1856.0,0.10851,165.0,0.10855,201.0
1753592039756,04:53:59.756,gateio,AEVO/USDT:USDT,0.10846,173.0,0.10845,5551.0,0.10849,173.0,0.1085,44.0
1753592039846,04:53:59.846,gateio,AEVO/USDT:USDT,0.10846,173.0,0.10845,5551.0,0.10848,16.0,0.10849,173.0
1753592039870,04:53:59.870,gateio,AEVO/USDT:USDT,0.10846,173.0,0.10845,5551.0,0.10848,44.0,0.10849,173.0
1753592040022,04:54:00.022,gateio,AEVO/USDT:USDT,0.10846,173.0,0.10845,5551.0,0.10848,44.0,0.10849,173.0
1753592040163,04:54:00.163,gateio,AEVO/USDT:USDT,0.10845,1847.0,0.10844,56.0,0.10848,217.0,0.10851,28.0
1753592040195,04:54:00.195,gateio,AEVO/USDT:USDT,0.10846,173.0,0.10845,1847.0,0.10848,16.0,0.10849,28.0
1753592040347,04:54:00.347,gateio,AEVO/USDT:USDT,0.10846,173.0,0.10845,1847.0,0.10849,201.0,0.1085,28.0
1753592040436,04:54:00.436,gateio,AEVO/USDT:USDT,0.10845,1847.0,0.10844,56.0,0.10848,189.0,0.10849,28.0
1753592040480,04:54:00.480,gateio,AEVO/USDT:USDT,0.10847,1848.0,0.10846,173.0,0.10848,16.0,0.10851,28.0
1753592040577,04:54:00.577,gateio,AEVO/USDT:USDT,0.10847,1848.0,0.10846,173.0,0.1085,173.0,0.10851,28.0
1753592040706,04:54:00.706,gateio,AEVO/USDT:USDT,0.10847,1848.0,0.10846,173.0,0.10849,184.0,0.10851,28.0
1753592040863,04:54:00.863,gateio,AEVO/USDT:USDT,0.10847,1848.0,0.10846,173.0,0.10849,168.0,0.10851,28.0
1753592041236,04:54:01.236,gateio,AEVO/USDT:USDT,0.10847,3695.0,0.10846,173.0,0.10849,168.0,0.10851,28.0
1753592041265,04:54:01.265,gateio,AEVO/USDT:USDT,0.10847,3695.0,0.10846,173.0,0.10849,168.0,0.10851,28.0
1753592041622,04:54:01.622,gateio,AEVO/USDT:USDT,0.10847,1847.0,0.10846,173.0,0.10849,168.0,0.10851,28.0
1753592041760,04:54:01.760,gateio,AEVO/USDT:USDT,0.10847,1847.0,0.10846,201.0,0.1085,168.0,0.10855,201.0
1753592041853,04:54:01.853,gateio,AEVO/USDT:USDT,0.10848,168.0,0.10847,1847.0,0.10849,16.0,0.1085,168.0
1753592041905,04:54:01.905,gateio,AEVO/USDT:USDT,0.10847,1847.0,0.10846,201.0,0.10849,16.0,0.10855,201.0
1753592042046,04:54:02.046,gateio,AEVO/USDT:USDT,0.10848,1848.0,0.10847,1847.0,0.10852,168.0,0.10853,28.0
1753592042100,04:54:02.100,gateio,AEVO/USDT:USDT,0.10848,1848.0,0.10847,1847.0,0.1085,168.0,0.10851,44.0
1753592042169,04:54:02.169,gateio,AEVO/USDT:USDT,0.10848,1848.0,0.10847,1847.0,0.1085,168.0,0.10853,28.0
1753592042374,04:54:02.374,gateio,AEVO/USDT:USDT,0.10848,1848.0,0.10846,201.0,0.1085,168.0,0.10853,28.0
1753592042489,04:54:02.489,gateio,AEVO/USDT:USDT,0.10848,1848.0,0.10846,201.0,0.1085,168.0,0.10853,28.0
1753592042747,04:54:02.747,gateio,AEVO/USDT:USDT,0.10848,1848.0,0.10846,201.0,0.10852,168.0,0.10853,28.0
1753592042903,04:54:02.903,gateio,AEVO/USDT:USDT,0.10848,1848.0,0.10846,201.0,0.1085,168.0,0.10851,44.0
1753592042970,04:54:02.970,gateio,AEVO/USDT:USDT,0.10848,1848.0,0.10846,201.0,0.1085,168.0,0.10853,28.0
1753592043213,04:54:03.213,gateio,AEVO/USDT:USDT,0.10848,1848.0,0.10846,201.0,0.10852,168.0,0.10853,28.0
1753592043287,04:54:03.287,gateio,AEVO/USDT:USDT,0.10848,1848.0,0.10846,201.0,0.1085,168.0,0.10851,44.0
1753592043373,04:54:03.373,gateio,AEVO/USDT:USDT,0.10848,1848.0,0.10846,201.0,0.1085,168.0,0.10851,28.0
1753592043552,04:54:03.552,gateio,AEVO/USDT:USDT,0.10849,1848.0,0.10847,168.0,0.1085,168.0,0.10852,28.0
1753592043625,04:54:03.625,gateio,AEVO/USDT:USDT,0.10849,1848.0,0.10847,168.0,0.1085,168.0,0.10852,28.0
1753592043757,04:54:03.757,gateio,AEVO/USDT:USDT,0.10849,1848.0,0.10847,168.0,0.10851,168.0,0.10852,28.0
1753592043769,04:54:03.769,gateio,AEVO/USDT:USDT,0.10849,1848.0,0.10847,168.0,0.10851,168.0,0.10852,28.0
1753592043903,04:54:03.903,gateio,AEVO/USDT:USDT,0.10849,1848.0,0.10847,168.0,0.10851,168.0,0.10852,28.0
1753592044007,04:54:04.007,gateio,AEVO/USDT:USDT,0.10849,3695.0,0.10847,168.0,0.10851,168.0,0.10852,28.0
1753592044354,04:54:04.354,gateio,AEVO/USDT:USDT,0.1085,196.0,0.10849,3695.0,0.10855,168.0,0.10856,28.0
1753592044424,04:54:04.424,gateio,AEVO/USDT:USDT,0.10849,1847.0,0.10848,28.0,0.10853,168.0,0.10854,100.0
1753592044555,04:54:04.555,gateio,AEVO/USDT:USDT,0.1085,1847.0,0.10849,168.0,0.10852,212.0,0.10854,28.0
1753592044580,04:54:04.580,gateio,AEVO/USDT:USDT,0.1085,1847.0,0.10849,196.0,0.10852,168.0,0.10854,28.0
1753592044757,04:54:04.757,gateio,AEVO/USDT:USDT,0.1085,3723.0,0.10849,224.0,0.10853,168.0,0.10855,168.0
1753592044793,04:54:04.793,gateio,AEVO/USDT:USDT,0.1085,3723.0,0.10849,224.0,0.10852,16.0,0.10853,168.0
1753592044960,04:54:04.960,gateio,AEVO/USDT:USDT,0.10851,168.0,0.1085,3723.0,0.10852,44.0,0.10853,168.0
1753592045007,04:54:05.007,gateio,AEVO/USDT:USDT,0.1085,3723.0,0.10849,224.0,0.10852,16.0,0.10855,168.0
1753592045146,04:54:05.146,gateio,AEVO/USDT:USDT,0.10851,1847.0,0.1085,28.0,0.10853,168.0,0.10854,44.0
1753592045169,04:54:05.169,gateio,AEVO/USDT:USDT,0.10851,1847.0,0.1085,28.0,0.10853,168.0,0.10855,196.0
1753592045355,04:54:05.355,gateio,AEVO/USDT:USDT,0.10851,1847.0,0.1085,28.0,0.10853,168.0,0.10855,196.0
1753592045769,04:54:05.769,gateio,AEVO/USDT:USDT,0.10851,1847.0,0.1085,28.0,0.10853,168.0,0.10855,196.0
1753592046031,04:54:06.031,gateio,AEVO/USDT:USDT,0.10851,1847.0,0.1085,28.0,0.10853,168.0,0.10855,196.0
1753592046186,04:54:06.186,gateio,AEVO/USDT:USDT,0.10851,1847.0,0.1085,28.0,0.10853,168.0,0.10855,196.0
1753592046551,04:54:06.551,gateio,AEVO/USDT:USDT,0.10852,1856.0,0.10851,1847.0,0.10853,168.0,0.10855,196.0
1753592046615,04:54:06.615,gateio,AEVO/USDT:USDT,0.10852,3703.0,0.1085,28.0,0.10853,168.0,0.10854,44.0
1753592046802,04:54:06.802,gateio,AEVO/USDT:USDT,0.10852,5551.0,0.1085,28.0,0.10854,212.0,0.10855,28.0
1753592046946,04:54:06.946,gateio,AEVO/USDT:USDT,0.10852,1848.0,0.1085,28.0,0.10854,168.0,0.10855,28.0
1753592046999,04:54:06.999,gateio,AEVO/USDT:USDT,0.10852,1848.0,0.1085,28.0,0.10854,168.0,0.10855,28.0
1753592047179,04:54:07.179,gateio,AEVO/USDT:USDT,0.1085,168.0,0.1084,168.0,0.10854,168.0,0.10855,56.0
1753592047346,04:54:07.346,gateio,AEVO/USDT:USDT,0.10847,168.0,0.10846,1936.0,0.10852,201.0,0.10853,212.0
1753592047374,04:54:07.374,gateio,AEVO/USDT:USDT,0.10847,168.0,0.10846,1936.0,0.10851,44.0,0.10853,168.0
1753592047545,04:54:07.545,gateio,AEVO/USDT:USDT,0.10847,168.0,0.10846,1936.0,0.10852,44.0,0.10853,168.0
1753592048047,04:54:08.047,gateio,AEVO/USDT:USDT,0.10847,168.0,0.10846,1936.0,0.10852,44.0,0.10853,168.0
1753592048093,04:54:08.093,gateio,AEVO/USDT:USDT,0.10847,168.0,0.10846,1936.0,0.10852,44.0,0.10853,168.0
1753592048345,04:54:08.345,gateio,AEVO/USDT:USDT,0.10851,168.0,0.1085,3703.0,0.10852,44.0,0.10857,201.0
1753592048386,04:54:08.386,gateio,AEVO/USDT:USDT,0.10851,168.0,0.1085,3703.0,0.10855,168.0,0.10856,44.0
1753592048506,04:54:08.506,gateio,AEVO/USDT:USDT,0.10851,168.0,0.1085,3703.0,0.10854,212.0,0.10857,28.0
1753592048619,04:54:08.619,gateio,AEVO/USDT:USDT,0.10851,168.0,0.1085,3703.0,0.10854,184.0,0.10857,28.0
1753592048679,04:54:08.679,gateio,AEVO/USDT:USDT,0.10851,168.0,0.1085,1847.0,0.10854,184.0,0.10857,28.0
1753592048846,04:54:08.846,gateio,AEVO/USDT:USDT,0.10851,168.0,0.10849,28.0,0.10854,184.0,0.10855,28.0
1753592049047,04:54:09.047,gateio,AEVO/USDT:USDT,0.10851,168.0,0.10849,28.0,0.10853,168.0,0.10854,184.0
1753592049155,04:54:09.155,gateio,AEVO/USDT:USDT,0.1085,168.0,0.10849,28.0,0.10853,168.0,0.10854,184.0
1753592049198,04:54:09.198,gateio,AEVO/USDT:USDT,0.1085,168.0,0.10849,28.0,0.10853,168.0,0.10854,16.0
1753592049333,04:54:09.333,gateio,AEVO/USDT:USDT,0.1085,168.0,0.10849,28.0,0.10852,16.0,0.10853,168.0
1753592049463,04:54:09.463,gateio,AEVO/USDT:USDT,0.1085,168.0,0.10849,28.0,0.10852,44.0,0.10855,28.0
1753592049490,04:54:09.490,gateio,AEVO/USDT:USDT,0.1085,168.0,0.10849,28.0,0.10854,168.0,0.10855,28.0
1753592049628,04:54:09.628,gateio,AEVO/USDT:USDT,0.1085,168.0,0.10849,28.0,0.10853,212.0,0.10855,28.0
1753592049669,04:54:09.669,gateio,AEVO/USDT:USDT,0.1085,168.0,0.10849,28.0,0.10853,184.0,0.10855,28.0
1753592049844,04:54:09.844,gateio,AEVO/USDT:USDT,0.1085,168.0,0.10849,28.0,0.10853,16.0,0.10855,28.0
1753592049959,04:54:09.959,gateio,AEVO/USDT:USDT,0.1085,168.0,0.10849,28.0,0.10854,168.0,0.10855,28.0
1753592050051,04:54:10.051,gateio,AEVO/USDT:USDT,0.10852,168.0,0.10851,28.0,0.10853,44.0,0.1086,167.0
1753592050122,04:54:10.122,gateio,AEVO/USDT:USDT,0.10852,168.0,0.10851,28.0,0.10858,168.0,0.10859,72.0
1753592050218,04:54:10.218,gateio,AEVO/USDT:USDT,0.10852,168.0,0.10851,28.0,0.10856,168.0,0.10857,44.0
1753592050327,04:54:10.327,gateio,AEVO/USDT:USDT,0.10853,1847.0,0.10852,168.0,0.10855,212.0,0.10858,168.0
1753592050443,04:54:10.443,gateio,AEVO/USDT:USDT,0.10853,1847.0,0.10852,168.0,0.10858,168.0,0.10859,28.0
1753592050524,04:54:10.524,gateio,AEVO/USDT:USDT,0.10853,1847.0,0.10852,168.0,0.10856,168.0,0.10857,44.0
1753592050625,04:54:10.625,gateio,AEVO/USDT:USDT,0.10853,1847.0,0.10851,56.0,0.10855,16.0,0.10857,28.0
1753592050727,04:54:10.727,gateio,AEVO/USDT:USDT,0.10853,1847.0,0.10851,28.0,0.10856,172.0,0.10857,72.0
1753592050814,04:54:10.814,gateio,AEVO/USDT:USDT,0.10853,1847.0,0.10851,28.0,0.10855,188.0,0.10857,28.0
1753592050869,04:54:10.869,gateio,AEVO/USDT:USDT,0.10853,1847.0,0.10851,28.0,0.10855,172.0,0.10857,28.0
1753592051051,04:54:11.051,gateio,AEVO/USDT:USDT,0.10853,1847.0,0.10851,28.0,0.10855,172.0,0.10857,28.0
1753592051140,04:54:11.140,gateio,AEVO/USDT:USDT,0.10853,1847.0,0.10851,28.0,0.10855,172.0,0.10857,28.0
1753592051334,04:54:11.334,gateio,AEVO/USDT:USDT,0.10853,1847.0,0.10851,28.0,0.10855,172.0,0.10857,28.0
1753592052104,04:54:12.104,gateio,AEVO/USDT:USDT,0.10854,1848.0,0.10853,1847.0,0.10855,172.0,0.10857,28.0
1753592052170,04:54:12.170,gateio,AEVO/USDT:USDT,0.10854,1848.0,0.10853,1847.0,0.10855,172.0,0.10857,72.0
1753592052360,04:54:12.360,gateio,AEVO/USDT:USDT,0.10854,1848.0,0.10853,1847.0,0.10855,172.0,0.10857,72.0
1753592052467,04:54:12.467,gateio,AEVO/USDT:USDT,0.10854,1848.0,0.10851,28.0,0.10855,172.0,0.10857,72.0
1753592052646,04:54:12.646,gateio,AEVO/USDT:USDT,0.10854,3695.0,0.10851,28.0,0.10856,172.0,0.10857,72.0
1753592052759,04:54:12.759,gateio,AEVO/USDT:USDT,0.10854,3695.0,0.10851,28.0,0.10856,172.0,0.10857,28.0
1753592052775,04:54:12.775,gateio,AEVO/USDT:USDT,0.10854,3695.0,0.10851,28.0,0.10856,172.0,0.10857,28.0
1753592052948,04:54:12.948,gateio,AEVO/USDT:USDT,0.10854,1847.0,0.10851,28.0,0.10856,172.0,0.10857,28.0
1753592053381,04:54:13.381,gateio,AEVO/USDT:USDT,0.10855,1856.0,0.10854,1847.0,0.10856,172.0,0.10857,28.0
1753592053502,04:54:13.502,gateio,AEVO/USDT:USDT,0.10855,1856.0,0.10854,1847.0,0.10856,172.0,0.10857,72.0
1753592053601,04:54:13.601,gateio,AEVO/USDT:USDT,0.10855,1856.0,0.10854,1847.0,0.10856,172.0,0.10857,72.0
1753592053720,04:54:13.720,gateio,AEVO/USDT:USDT,0.10855,1856.0,0.10851,28.0,0.10856,172.0,0.10857,72.0
1753592053883,04:54:13.883,gateio,AEVO/USDT:USDT,0.10855,3703.0,0.10851,28.0,0.10856,172.0,0.10857,72.0
1753592054004,04:54:14.004,gateio,AEVO/USDT:USDT,0.10855,3703.0,0.10851,28.0,0.10856,172.0,0.10857,72.0
1753592054069,04:54:14.069,gateio,AEVO/USDT:USDT,0.10855,3703.0,0.10853,28.0,0.10856,172.0,0.10857,44.0
1753592054213,04:54:14.213,gateio,AEVO/USDT:USDT,0.10855,1847.0,0.10853,28.0,0.10856,172.0,0.10857,44.0
1753592054510,04:54:14.510,gateio,AEVO/USDT:USDT,0.10855,1847.0,0.10853,28.0,0.10856,172.0,0.10857,44.0
1753592054600,04:54:14.600,gateio,AEVO/USDT:USDT,0.10855,1847.0,0.10853,28.0,0.10856,172.0,0.10857,44.0
1753592054821,04:54:14.821,gateio,AEVO/USDT:USDT,0.10855,1847.0,0.10853,28.0,0.10856,172.0,0.10857,44.0
1753592055537,04:54:15.537,gateio,AEVO/USDT:USDT,0.10847,168.0,0.10846,1880.0,0.10856,172.0,0.10857,245.0
1753592055640,04:54:15.640,gateio,AEVO/USDT:USDT,0.10847,168.0,0.10846,1880.0,0.10856,172.0,0.10857,201.0
1753592055836,04:54:15.836,gateio,AEVO/USDT:USDT,0.10847,168.0,0.10846,1880.0,0.10856,172.0,0.10857,201.0
1753592055954,04:54:15.954,gateio,AEVO/USDT:USDT,0.10847,168.0,0.10846,1880.0,0.10856,172.0,0.10857,201.0
1753592056006,04:54:16.006,gateio,AEVO/USDT:USDT,0.10847,168.0,0.10846,1880.0,0.10856,172.0,0.10857,201.0
1753592056078,04:54:16.078,gateio,AEVO/USDT:USDT,0.10847,168.0,0.10846,1880.0,0.10856,172.0,0.10857,201.0
1753592056206,04:54:16.206,gateio,AEVO/USDT:USDT,0.10847,168.0,0.10846,1880.0,0.10855,172.0,0.10856,28.0
1753592056283,04:54:16.283,gateio,AEVO/USDT:USDT,0.10847,168.0,0.10846,1880.0,0.10855,172.0,0.10856,28.0
1753592056408,04:54:16.408,gateio,AEVO/USDT:USDT,0.10847,168.0,0.10846,1880.0,0.10855,172.0,0.10856,28.0
1753592056505,04:54:16.505,gateio,AEVO/USDT:USDT,0.10847,168.0,0.10846,1880.0,0.10855,172.0,0.10856,28.0
1753592056690,04:54:16.690,gateio,AEVO/USDT:USDT,0.10847,168.0,0.10846,1880.0,0.10855,172.0,0.10856,28.0
1753592056934,04:54:16.934,gateio,AEVO/USDT:USDT,0.10847,168.0,0.10846,1880.0,0.10855,172.0,0.10856,28.0
1753592057006,04:54:17.006,gateio,AEVO/USDT:USDT,0.10847,168.0,0.10846,1880.0,0.10855,172.0,0.10856,28.0
1753592057127,04:54:17.127,gateio,AEVO/USDT:USDT,0.10851,1.0,0.10847,168.0,0.10854,172.0,0.10855,28.0
1753592057246,04:54:17.246,gateio,AEVO/USDT:USDT,0.10851,1.0,0.10847,168.0,0.10854,200.0,0.10855,56.0
1753592057341,04:54:17.341,gateio,AEVO/USDT:USDT,0.10847,168.0,0.10846,1880.0,0.10853,28.0,0.10854,200.0
1753592057479,04:54:17.479,gateio,AEVO/USDT:USDT,0.10847,168.0,0.10846,1880.0,0.10852,172.0,0.10853,28.0
1753592057934,04:54:17.934,gateio,AEVO/USDT:USDT,0.10847,168.0,0.10846,1880.0,0.10852,172.0,0.10853,28.0
1753592058150,04:54:18.150,gateio,AEVO/USDT:USDT,0.10847,168.0,0.10846,1880.0,0.10852,172.0,0.10853,28.0
1753592058269,04:54:18.269,gateio,AEVO/USDT:USDT,0.10847,168.0,0.10846,1880.0,0.10852,172.0,0.10853,28.0
1753592058714,04:54:18.714,gateio,AEVO/USDT:USDT,0.10847,168.0,0.10846,1880.0,0.10852,172.0,0.10853,28.0
1753592058764,04:54:18.764,gateio,AEVO/USDT:USDT,0.10847,168.0,0.10846,1908.0,0.10852,172.0,0.10853,28.0
1753592059006,04:54:19.006,gateio,AEVO/USDT:USDT,0.10851,1856.0,0.10847,168.0,0.10852,172.0,0.10853,28.0
1753592059099,04:54:19.099,gateio,AEVO/USDT:USDT,0.10851,1856.0,0.10847,168.0,0.10852,172.0,0.10854,200.0
1753592059268,04:54:19.268,gateio,AEVO/USDT:USDT,0.10851,1856.0,0.10847,168.0,0.10852,172.0,0.10854,200.0
1753592060394,04:54:20.394,gateio,AEVO/USDT:USDT,0.10851,1856.0,0.10847,168.0,0.10853,172.0,0.10855,28.0
1753592060607,04:54:20.607,gateio,AEVO/USDT:USDT,0.10847,168.0,0.10846,28.0,0.10852,172.0,0.10853,28.0
1753592061225,04:54:21.225,gateio,AEVO/USDT:USDT,0.10847,168.0,0.10846,28.0,0.10852,172.0,0.10853,28.0
1753592061542,04:54:21.542,gateio,AEVO/USDT:USDT,0.10847,168.0,0.10846,56.0,0.10852,172.0,0.10853,28.0
1753592061567,04:54:21.567,gateio,AEVO/USDT:USDT,0.10847,168.0,0.10846,56.0,0.10852,172.0,0.10857,201.0
1753592061761,04:54:21.761,gateio,AEVO/USDT:USDT,0.10847,168.0,0.10846,56.0,0.10852,172.0,0.10857,201.0
1753592062004,04:54:22.004,gateio,AEVO/USDT:USDT,0.10847,168.0,0.10846,56.0,0.10852,172.0,0.10857,201.0
1753592062488,04:54:22.488,gateio,AEVO/USDT:USDT,0.10847,168.0,0.10846,56.0,0.10852,172.0,0.10853,28.0
1753592062733,04:54:22.733,gateio,AEVO/USDT:USDT,0.10847,168.0,0.10846,28.0,0.10851,170.0,0.10852,28.0
1753592063004,04:54:23.004,gateio,AEVO/USDT:USDT,0.10847,168.0,0.10846,28.0,0.10851,170.0,0.10852,28.0
1753592063468,04:54:23.468,gateio,AEVO/USDT:USDT,0.10847,168.0,0.10846,28.0,0.10851,170.0,0.10852,28.0
1753592063826,04:54:23.826,gateio,AEVO/USDT:USDT,0.10847,168.0,0.10846,28.0,0.10851,170.0,0.10852,28.0
1753592064046,04:54:24.046,gateio,AEVO/USDT:USDT,0.10848,198.0,0.10847,56.0,0.10852,170.0,0.10857,201.0
1753592064090,04:54:24.090,gateio,AEVO/USDT:USDT,0.10849,170.0,0.10848,198.0,0.10852,170.0,0.10857,201.0
1753592064244,04:54:24.244,gateio,AEVO/USDT:USDT,0.10848,198.0,0.10847,56.0,0.10852,170.0,0.10853,28.0
1753592064286,04:54:24.286,gateio,AEVO/USDT:USDT,0.10848,198.0,0.10847,56.0,0.10852,170.0,0.10853,56.0
1753592064450,04:54:24.450,gateio,AEVO/USDT:USDT,0.10847,170.0,0.10846,1936.0,0.10851,170.0,0.10857,201.0
1753592064657,04:54:24.657,gateio,AEVO/USDT:USDT,0.10847,170.0,0.10846,1936.0,0.10851,170.0,0.10857,201.0
1753592065069,04:54:25.069,gateio,AEVO/USDT:USDT,0.10847,170.0,0.10846,1936.0,0.10851,170.0,0.10857,201.0
1753592065189,04:54:25.189,gateio,AEVO/USDT:USDT,0.10847,170.0,0.10846,1908.0,0.10856,170.0,0.10858,369.0
1753592065355,04:54:25.355,gateio,AEVO/USDT:USDT,0.10847,170.0,0.10846,1908.0,0.10856,170.0,0.10857,201.0
1753592065482,04:54:25.482,gateio,AEVO/USDT:USDT,0.10847,170.0,0.10846,1908.0,0.10856,170.0,0.10857,201.0
1753592065897,04:54:25.897,gateio,AEVO/USDT:USDT,0.10847,170.0,0.10846,1908.0,0.10856,170.0,0.10857,201.0
1753592066787,04:54:26.787,gateio,AEVO/USDT:USDT,0.10847,170.0,0.10846,1908.0,0.10856,170.0,0.10857,201.0
1753592067032,04:54:27.032,gateio,AEVO/USDT:USDT,0.10847,170.0,0.10846,1908.0,0.10856,170.0,0.10857,201.0
1753592067113,04:54:27.113,gateio,AEVO/USDT:USDT,0.10847,170.0,0.10846,1908.0,0.10856,170.0,0.10857,201.0
1753592067335,04:54:27.335,gateio,AEVO/USDT:USDT,0.10847,170.0,0.10846,1908.0,0.10856,170.0,0.10857,201.0
1753592067461,04:54:27.461,gateio,AEVO/USDT:USDT,0.10854,170.0,0.10853,1936.0,0.10858,170.0,0.1086,167.0
1753592067558,04:54:27.558,gateio,AEVO/USDT:USDT,0.10854,170.0,0.10853,1936.0,0.10857,271.0,0.10858,170.0
1753592067628,04:54:27.628,gateio,AEVO/USDT:USDT,0.10854,170.0,0.10853,1936.0,0.10857,271.0,0.10859,28.0
1753592067745,04:54:27.745,gateio,AEVO/USDT:USDT,0.10854,170.0,0.10853,1936.0,0.10857,271.0,0.10859,28.0
1753592067850,04:54:27.850,gateio,AEVO/USDT:USDT,0.10854,170.0,0.10853,56.0,0.10857,271.0,0.10859,28.0
1753592067930,04:54:27.930,gateio,AEVO/USDT:USDT,0.10854,170.0,0.10853,56.0,0.10857,271.0,0.10859,28.0
1753592068049,04:54:28.049,gateio,AEVO/USDT:USDT,0.10854,170.0,0.10853,56.0,0.10857,271.0,0.10859,28.0
1753592068144,04:54:28.144,gateio,AEVO/USDT:USDT,0.10854,170.0,0.10853,56.0,0.10857,271.0,0.10859,28.0
1753592068303,04:54:28.303,gateio,AEVO/USDT:USDT,0.10854,170.0,0.10853,56.0,0.10857,271.0,0.10859,28.0
1753592068583,04:54:28.583,gateio,AEVO/USDT:USDT,0.10854,170.0,0.10853,56.0,0.10857,271.0,0.10859,28.0
1753592068744,04:54:28.744,gateio,AEVO/USDT:USDT,0.10854,170.0,0.10853,56.0,0.10857,271.0,0.10859,28.0
1753592068826,04:54:28.826,gateio,AEVO/USDT:USDT,0.10854,170.0,0.10853,56.0,0.10857,101.0,0.1086,167.0
1753592069960,04:54:29.960,gateio,AEVO/USDT:USDT,0.10854,170.0,0.10853,56.0,0.10857,101.0,0.1086,167.0
1753592070606,04:54:30.606,gateio,AEVO/USDT:USDT,0.10854,170.0,0.10853,56.0,0.10857,101.0,0.1086,167.0
1753592070857,04:54:30.857,gateio,AEVO/USDT:USDT,0.10854,170.0,0.10853,56.0,0.10857,101.0,0.1086,167.0
1753592071080,04:54:31.080,gateio,AEVO/USDT:USDT,0.10854,170.0,0.10853,56.0,0.10857,101.0,0.1086,167.0
1753592071536,04:54:31.536,gateio,AEVO/USDT:USDT,0.10854,170.0,0.10853,56.0,0.10857,101.0,0.1086,167.0
1753592071850,04:54:31.850,gateio,AEVO/USDT:USDT,0.10854,170.0,0.10853,56.0,0.10857,101.0,0.1086,167.0
1753592072003,04:54:32.003,gateio,AEVO/USDT:USDT,0.10854,170.0,0.10853,56.0,0.10857,101.0,0.1086,167.0
1753592072095,04:54:32.095,gateio,AEVO/USDT:USDT,0.10854,170.0,0.10853,56.0,0.10857,101.0,0.1086,167.0
1753592072334,04:54:32.334,gateio,AEVO/USDT:USDT,0.10854,170.0,0.10853,56.0,0.10857,101.0,0.1086,167.0
