timestamp,time,exchange,symbol,bid1_price,bid1_volume,bid2_price,bid2_volume,ask1_price,ask1_volume,ask2_price,ask2_volume
1753591902608,04:51:42.608,mexc,AERGO/USDT:USDT,0.133,3408.0,0.13299,1550,0.13301,76.0,0.13302,101.0
1753591903007,04:51:43.007,mexc,AERGO/USDT:USDT,0.133,3408.0,0.13299,1550,0.13301,76.0,0.13302,101.0
1753591903108,04:51:43.108,mexc,AERGO/USDT:USDT,0.133,3408.0,0.13299,1392,0.13301,76.0,0.13302,101.0
1753591903243,04:51:43.243,mexc,AERGO/USDT:USDT,0.13301,3770,0.133,43,0.13302,63,0.13303,137
1753591903607,04:51:43.607,mexc,AERGO/USDT:USDT,0.13301,3770,0.133,43,0.13302,63,0.13303,151
1753591904008,04:51:44.008,mexc,AERGO/USDT:USDT,0.13301,3770,0.133,43,0.13302,63,0.13303,137
1753591904107,04:51:44.107,mexc,AERGO/USDT:USDT,0.13301,3770,0.133,43,0.13302,63,0.13303,192
1753591904508,04:51:44.508,mexc,AERGO/USDT:USDT,0.13301,3770,0.133,43,0.13302,63,0.13303,166
1753591904606,04:51:44.606,mexc,AERGO/USDT:USDT,0.13301,3770,0.133,51,0.13302,63,0.13303,190
1753591905009,04:51:45.009,mexc,AERGO/USDT:USDT,0.13301,3770,0.133,51,0.13302,63,0.13303,137
1753591905127,04:51:45.127,mexc,AERGO/USDT:USDT,0.13301,3770,0.133,60,0.13302,63,0.13303,176
1753591905510,04:51:45.510,mexc,AERGO/USDT:USDT,0.13301,3770,0.133,60,0.13302,63,0.13303,176
1753591905607,04:51:45.607,mexc,AERGO/USDT:USDT,0.13301,3770,0.133,59,0.13302,63,0.13303,137
1753591906009,04:51:46.009,mexc,AERGO/USDT:USDT,0.13301,3770,0.133,59,0.13302,63,0.13303,137
1753591906109,04:51:46.109,mexc,AERGO/USDT:USDT,0.13301,3770,0.133,43,0.13302,63,0.13303,163
1753591906510,04:51:46.510,mexc,AERGO/USDT:USDT,0.13301,3770,0.133,43,0.13302,63,0.13303,163
1753591906609,04:51:46.609,mexc,AERGO/USDT:USDT,0.13301,3770,0.133,59,0.13302,63,0.13303,179
1753591907009,04:51:47.009,mexc,AERGO/USDT:USDT,0.13301,3770,0.133,59,0.13302,63,0.13303,179
1753591907109,04:51:47.109,mexc,AERGO/USDT:USDT,0.13301,3770,0.133,51,0.13302,63,0.13303,137
1753591907511,04:51:47.511,mexc,AERGO/USDT:USDT,0.13301,3770,0.133,51,0.13302,63,0.13303,137
1753591907609,04:51:47.609,mexc,AERGO/USDT:USDT,0.13301,3770,0.133,54,0.13302,63,0.13303,253
1753591908010,04:51:48.010,mexc,AERGO/USDT:USDT,0.13301,3770,0.133,54,0.13302,63,0.13303,200
1753591908110,04:51:48.110,mexc,AERGO/USDT:USDT,0.13301,3770,0.133,43,0.13302,63,0.13303,156
1753591908511,04:51:48.511,mexc,AERGO/USDT:USDT,0.13301,3770,0.133,43,0.13302,63,0.13303,156
1753591908610,04:51:48.610,mexc,AERGO/USDT:USDT,0.13301,3770,0.133,63,0.13302,63,0.13303,215
1753591909010,04:51:49.010,mexc,AERGO/USDT:USDT,0.13301,3770,0.133,63,0.13302,63,0.13303,167
1753591909107,04:51:49.107,mexc,AERGO/USDT:USDT,0.13301,3770,0.133,43,0.13302,63,0.13303,241
1753591909243,04:51:49.243,mexc,AERGO/USDT:USDT,0.13302,155,0.13301,43,0.13303,1243,0.13304,855
1753591909611,04:51:49.611,mexc,AERGO/USDT:USDT,0.13302,155,0.13301,58,0.13303,1243,0.13304,1280
1753591910012,04:51:50.012,mexc,AERGO/USDT:USDT,0.13302,155,0.13301,58,0.13303,1243,0.13304,1280
1753591910111,04:51:50.111,mexc,AERGO/USDT:USDT,0.13302,155,0.13301,59,0.13303,1243,0.13304,1020
1753591910515,04:51:50.515,mexc,AERGO/USDT:USDT,0.13302,155,0.13301,43,0.13303,1243,0.13304,1020
1753591910612,04:51:50.612,mexc,AERGO/USDT:USDT,0.13302,155,0.13301,57,0.13303,1243,0.13304,855
1753591911013,04:51:51.013,mexc,AERGO/USDT:USDT,0.13302,155,0.13301,57,0.13303,1243,0.13304,855
1753591911191,04:51:51.191,mexc,AERGO/USDT:USDT,0.13302,155,0.13301,69,0.13303,1243,0.13304,855
1753591911513,04:51:51.513,mexc,AERGO/USDT:USDT,0.13302,155,0.13301,69,0.13303,1243,0.13304,855
1753591911611,04:51:51.611,mexc,AERGO/USDT:USDT,0.13302,155,0.13301,43,0.13303,1243,0.13304,855
1753591912013,04:51:52.013,mexc,AERGO/USDT:USDT,0.13302,155,0.13301,43,0.13303,1243,0.13304,855
1753591912112,04:51:52.112,mexc,AERGO/USDT:USDT,0.13302,155,0.13301,52,0.13303,1243,0.13304,855
1753591912513,04:51:52.513,mexc,AERGO/USDT:USDT,0.13302,155,0.13301,52,0.13303,1243,0.13304,855
1753591912613,04:51:52.613,mexc,AERGO/USDT:USDT,0.13302,155,0.13301,61,0.13303,1243,0.13304,991
1753591913100,04:51:53.100,mexc,AERGO/USDT:USDT,0.13302,155,0.13301,61,0.13303,1243,0.13304,991
1753591913114,04:51:53.114,mexc,AERGO/USDT:USDT,0.13302,155,0.13301,43,0.13303,1243,0.13304,855
1753591913514,04:51:53.514,mexc,AERGO/USDT:USDT,0.13302,155,0.13301,43,0.13303,1243,0.13304,855
1753591913611,04:51:53.611,mexc,AERGO/USDT:USDT,0.13302,155,0.13301,43,0.13303,1243,0.13304,855
1753591914016,04:51:54.016,mexc,AERGO/USDT:USDT,0.13302,155,0.13301,43,0.13303,1243,0.13304,855
1753591914115,04:51:54.115,mexc,AERGO/USDT:USDT,0.13302,155,0.13301,43,0.13303,1243,0.13304,855
1753591914516,04:51:54.516,mexc,AERGO/USDT:USDT,0.13302,155,0.13301,43,0.13303,1243,0.13304,855
1753591914612,04:51:54.612,mexc,AERGO/USDT:USDT,0.13302,155,0.13301,43,0.13303,1243,0.13304,855
1753591915014,04:51:55.014,mexc,AERGO/USDT:USDT,0.13302,155,0.13301,43,0.13303,1243,0.13304,855
1753591915112,04:51:55.112,mexc,AERGO/USDT:USDT,0.13302,155,0.13301,43,0.13303,1243,0.13304,855
1753591915245,04:51:55.245,mexc,AERGO/USDT:USDT,0.13301,164,0.133,48,0.13302,46,0.13303,46
1753591915612,04:51:55.612,mexc,AERGO/USDT:USDT,0.13301,164,0.133,48,0.13302,46,0.13303,46
1753591916013,04:51:56.013,mexc,AERGO/USDT:USDT,0.13301,164,0.133,48,0.13302,46,0.13303,46
1753591916113,04:51:56.113,mexc,AERGO/USDT:USDT,0.13301,164,0.133,48,0.13302,46,0.13303,46
1753591916516,04:51:56.516,mexc,AERGO/USDT:USDT,0.13301,164,0.133,48,0.13302,46,0.13303,46
1753591916613,04:51:56.613,mexc,AERGO/USDT:USDT,0.13301,164,0.133,48,0.13302,46,0.13303,46
1753591917014,04:51:57.014,mexc,AERGO/USDT:USDT,0.13301,164,0.133,48,0.13302,46,0.13303,46
1753591917119,04:51:57.119,mexc,AERGO/USDT:USDT,0.13301,164,0.133,48,0.13302,46,0.13303,54
1753591917514,04:51:57.514,mexc,AERGO/USDT:USDT,0.13301,164,0.133,48,0.13302,46,0.13303,54
1753591917613,04:51:57.613,mexc,AERGO/USDT:USDT,0.13301,164,0.133,61,0.13302,46,0.13303,62
1753591918014,04:51:58.014,mexc,AERGO/USDT:USDT,0.13301,164,0.133,48,0.13302,46,0.13303,62
1753591918119,04:51:58.119,mexc,AERGO/USDT:USDT,0.13301,164,0.133,48,0.13302,46,0.13303,46
1753591918514,04:51:58.514,mexc,AERGO/USDT:USDT,0.13301,164,0.133,48,0.13302,46,0.13303,46
1753591918612,04:51:58.612,mexc,AERGO/USDT:USDT,0.13301,164,0.133,48,0.13302,46,0.13303,46
1753591919015,04:51:59.015,mexc,AERGO/USDT:USDT,0.13301,164,0.133,48,0.13302,46,0.13303,46
1753591919116,04:51:59.116,mexc,AERGO/USDT:USDT,0.13301,164,0.133,48,0.13302,46,0.13303,46
1753591919516,04:51:59.516,mexc,AERGO/USDT:USDT,0.13301,164,0.133,48,0.13302,46,0.13303,46
1753591919613,04:51:59.613,mexc,AERGO/USDT:USDT,0.13301,164,0.133,48,0.13302,46,0.13303,46
1753591920015,04:52:00.015,mexc,AERGO/USDT:USDT,0.13301,164,0.133,48,0.13302,46,0.13303,46
1753591920117,04:52:00.117,mexc,AERGO/USDT:USDT,0.13301,164,0.133,68,0.13302,46,0.13303,46
1753591920515,04:52:00.515,mexc,AERGO/USDT:USDT,0.13301,164,0.133,68,0.13302,46,0.13303,46
1753591920614,04:52:00.614,mexc,AERGO/USDT:USDT,0.13301,164,0.133,48,0.13302,46,0.13303,46
1753591921016,04:52:01.016,mexc,AERGO/USDT:USDT,0.13301,164,0.133,48,0.13302,46,0.13303,46
1753591921115,04:52:01.115,mexc,AERGO/USDT:USDT,0.13301,164,0.133,48,0.13302,46,0.13303,63
1753591921245,04:52:01.245,mexc,AERGO/USDT:USDT,0.13301,191,0.133,60,0.13302,47,0.13303,57
1753591921614,04:52:01.614,mexc,AERGO/USDT:USDT,0.13301,191,0.133,67,0.13302,47,0.13303,57
1753591922015,04:52:02.015,mexc,AERGO/USDT:USDT,0.13301,191,0.133,67,0.13302,47,0.13303,57
1753591922116,04:52:02.116,mexc,AERGO/USDT:USDT,0.13301,191,0.133,103,0.13302,47,0.13303,57
1753591922522,04:52:02.522,mexc,AERGO/USDT:USDT,0.13301,191,0.133,103,0.13302,47,0.13303,57
1753591922615,04:52:02.615,mexc,AERGO/USDT:USDT,0.13301,191,0.133,60,0.13302,47,0.13303,71
1753591923016,04:52:03.016,mexc,AERGO/USDT:USDT,0.13301,191,0.133,60,0.13302,47,0.13303,71
1753591923120,04:52:03.120,mexc,AERGO/USDT:USDT,0.13301,191,0.133,81,0.13302,47,0.13303,57
1753591923517,04:52:03.517,mexc,AERGO/USDT:USDT,0.13301,191,0.133,81,0.13302,47,0.13303,57
1753591923615,04:52:03.615,mexc,AERGO/USDT:USDT,0.13301,191,0.133,80,0.13302,47,0.13303,57
1753591924016,04:52:04.016,mexc,AERGO/USDT:USDT,0.13301,191,0.133,60,0.13302,47,0.13303,57
1753591924117,04:52:04.117,mexc,AERGO/USDT:USDT,0.13301,191,0.133,60,0.13302,47,0.13303,57
1753591924517,04:52:04.517,mexc,AERGO/USDT:USDT,0.13301,191,0.133,60,0.13302,47,0.13303,57
1753591924616,04:52:04.616,mexc,AERGO/USDT:USDT,0.13301,191,0.133,73,0.13302,47,0.13303,78
1753591925018,04:52:05.018,mexc,AERGO/USDT:USDT,0.13301,191,0.133,73,0.13302,47,0.13303,57
1753591925119,04:52:05.119,mexc,AERGO/USDT:USDT,0.13301,191,0.133,85,0.13302,47,0.13303,57
1753591925521,04:52:05.521,mexc,AERGO/USDT:USDT,0.13301,191,0.133,60,0.13302,47,0.13303,57
1753591925618,04:52:05.618,mexc,AERGO/USDT:USDT,0.13301,191,0.133,60,0.13302,47,0.13303,70
1753591926019,04:52:06.019,mexc,AERGO/USDT:USDT,0.13301,191,0.133,60,0.13302,47,0.13303,57
1753591926118,04:52:06.118,mexc,AERGO/USDT:USDT,0.13301,191,0.133,60,0.13302,47,0.13303,57
1753591926520,04:52:06.520,mexc,AERGO/USDT:USDT,0.13301,191,0.133,60,0.13302,47,0.13303,57
1753591926617,04:52:06.617,mexc,AERGO/USDT:USDT,0.13301,191,0.133,98,0.13302,47,0.13303,57
1753591927018,04:52:07.018,mexc,AERGO/USDT:USDT,0.13301,191,0.133,89,0.13302,47,0.13303,57
1753591927118,04:52:07.118,mexc,AERGO/USDT:USDT,0.13301,191,0.133,60,0.13302,47,0.13303,74
1753591927251,04:52:07.251,mexc,AERGO/USDT:USDT,0.13306,158,0.13305,45,0.13307,48,0.13308,42
1753591927617,04:52:07.617,mexc,AERGO/USDT:USDT,0.13306,158,0.13305,58,0.13307,48,0.13308,42
1753591928020,04:52:08.020,mexc,AERGO/USDT:USDT,0.13306,158,0.13305,58,0.13307,48,0.13308,42
1753591928194,04:52:08.194,mexc,AERGO/USDT:USDT,0.13306,158,0.13305,45,0.13307,48,0.13308,55
1753591928520,04:52:08.520,mexc,AERGO/USDT:USDT,0.13306,158,0.13305,45,0.13307,48,0.13308,55
1753591928617,04:52:08.617,mexc,AERGO/USDT:USDT,0.13306,158,0.13305,51,0.13307,48,0.13308,53
1753591929021,04:52:09.021,mexc,AERGO/USDT:USDT,0.13306,158,0.13305,51,0.13307,48,0.13308,53
1753591929120,04:52:09.120,mexc,AERGO/USDT:USDT,0.13306,158,0.13305,52,0.13307,48,0.13308,42
1753591929521,04:52:09.521,mexc,AERGO/USDT:USDT,0.13306,158,0.13305,52,0.13307,48,0.13308,42
1753591929618,04:52:09.618,mexc,AERGO/USDT:USDT,0.13306,158,0.13305,45,0.13307,48,0.13308,53
1753591930020,04:52:10.020,mexc,AERGO/USDT:USDT,0.13306,158,0.13305,45,0.13307,48,0.13308,53
1753591930119,04:52:10.119,mexc,AERGO/USDT:USDT,0.13306,158,0.13305,45,0.13307,48,0.13308,42
1753591930520,04:52:10.520,mexc,AERGO/USDT:USDT,0.13306,158,0.13305,45,0.13307,48,0.13308,42
1753591930619,04:52:10.619,mexc,AERGO/USDT:USDT,0.13306,158,0.13305,63,0.13307,48,0.13308,42
1753591931019,04:52:11.019,mexc,AERGO/USDT:USDT,0.13306,158,0.13305,63,0.13307,48,0.13308,42
1753591931118,04:52:11.118,mexc,AERGO/USDT:USDT,0.13306,158,0.13305,65,0.13307,48,0.13308,50
1753591931520,04:52:11.520,mexc,AERGO/USDT:USDT,0.13306,158,0.13305,65,0.13307,48,0.13308,50
1753591931619,04:52:11.619,mexc,AERGO/USDT:USDT,0.13306,158,0.13305,50,0.13307,48,0.13308,60
1753591932021,04:52:12.021,mexc,AERGO/USDT:USDT,0.13306,158,0.13305,50,0.13307,48,0.13308,60
1753591932120,04:52:12.120,mexc,AERGO/USDT:USDT,0.13306,158,0.13305,61,0.13307,48,0.13308,42
1753591932520,04:52:12.520,mexc,AERGO/USDT:USDT,0.13306,158,0.13305,45,0.13307,48,0.13308,42
1753591932619,04:52:12.619,mexc,AERGO/USDT:USDT,0.13306,158,0.13305,45,0.13307,48,0.13308,46
1753591933021,04:52:13.021,mexc,AERGO/USDT:USDT,0.13306,158,0.13305,45,0.13307,48,0.13308,46
1753591933122,04:52:13.122,mexc,AERGO/USDT:USDT,0.13306,158,0.13305,45,0.13307,48,0.13308,61
1753591933249,04:52:13.249,mexc,AERGO/USDT:USDT,0.13307,103,0.13306,83,0.13308,1663,0.13309,277
1753591933621,04:52:13.621,mexc,AERGO/USDT:USDT,0.13307,103,0.13306,83,0.13308,1663,0.13309,277
1753591934021,04:52:14.021,mexc,AERGO/USDT:USDT,0.13307,103,0.13306,83,0.13308,1663,0.13309,277
1753591934195,04:52:14.195,mexc,AERGO/USDT:USDT,0.13307,103,0.13306,100,0.13308,1663,0.13309,277
1753591934524,04:52:14.524,mexc,AERGO/USDT:USDT,0.13307,103,0.13306,83,0.13308,1663,0.13309,277
1753591934621,04:52:14.621,mexc,AERGO/USDT:USDT,0.13307,103,0.13306,83,0.13308,1663,0.13309,363
1753591935023,04:52:15.023,mexc,AERGO/USDT:USDT,0.13307,103,0.13306,83,0.13308,1663,0.13309,277
1753591935125,04:52:15.125,mexc,AERGO/USDT:USDT,0.13307,103,0.13306,92,0.13308,1663,0.13309,356
1753591935523,04:52:15.523,mexc,AERGO/USDT:USDT,0.13307,103,0.13306,92,0.13308,1663,0.13309,356
1753591935621,04:52:15.621,mexc,AERGO/USDT:USDT,0.13307,103,0.13306,94,0.13308,1663,0.13309,277
1753591936024,04:52:16.024,mexc,AERGO/USDT:USDT,0.13307,103,0.13306,94,0.13308,1663,0.13309,277
1753591936122,04:52:16.122,mexc,AERGO/USDT:USDT,0.13307,103,0.13306,83,0.13308,1663,0.13309,408
1753591936523,04:52:16.523,mexc,AERGO/USDT:USDT,0.13307,103,0.13306,83,0.13308,1663,0.13309,408
1753591936623,04:52:16.623,mexc,AERGO/USDT:USDT,0.13307,103,0.13306,83,0.13308,1663,0.13309,277
1753591937027,04:52:17.027,mexc,AERGO/USDT:USDT,0.13307,103,0.13306,83,0.13308,1663,0.13309,277
1753591937125,04:52:17.125,mexc,AERGO/USDT:USDT,0.13307,103,0.13306,104,0.13308,1663,0.13309,366
1753591937527,04:52:17.527,mexc,AERGO/USDT:USDT,0.13307,103,0.13306,104,0.13308,1663,0.13309,366
1753591937624,04:52:17.624,mexc,AERGO/USDT:USDT,0.13307,103,0.13306,112,0.13308,1663,0.13309,344
1753591938023,04:52:18.023,mexc,AERGO/USDT:USDT,0.13307,103,0.13306,83,0.13308,1663,0.13309,344
1753591938123,04:52:18.123,mexc,AERGO/USDT:USDT,0.13307,103,0.13306,103,0.13308,1663,0.13309,277
1753591938526,04:52:18.526,mexc,AERGO/USDT:USDT,0.13307,103,0.13306,103,0.13308,1663,0.13309,277
1753591938625,04:52:18.625,mexc,AERGO/USDT:USDT,0.13307,103,0.13306,93,0.13308,1663,0.13309,277
1753591939025,04:52:19.025,mexc,AERGO/USDT:USDT,0.13307,103,0.13306,83,0.13308,1663,0.13309,277
1753591939124,04:52:19.124,mexc,AERGO/USDT:USDT,0.13307,103,0.13306,123,0.13308,1663,0.13309,277
1753591939258,04:52:19.258,mexc,AERGO/USDT:USDT,0.13305,66,0.13304,79,0.13306,1583,0.13307,57
1753591939626,04:52:19.626,mexc,AERGO/USDT:USDT,0.13305,66,0.13304,79,0.13306,1583,0.13307,57
1753591940024,04:52:20.024,mexc,AERGO/USDT:USDT,0.13305,66,0.13304,79,0.13306,1583,0.13307,57
1753591940199,04:52:20.199,mexc,AERGO/USDT:USDT,0.13305,66,0.13304,104,0.13306,1583,0.13307,57
1753591940525,04:52:20.525,mexc,AERGO/USDT:USDT,0.13305,66,0.13304,104,0.13306,1583,0.13307,57
1753591940625,04:52:20.625,mexc,AERGO/USDT:USDT,0.13305,66,0.13304,105,0.13306,1583,0.13307,57
1753591941027,04:52:21.027,mexc,AERGO/USDT:USDT,0.13305,66,0.13304,105,0.13306,1583,0.13307,57
1753591941129,04:52:21.129,mexc,AERGO/USDT:USDT,0.13305,66,0.13304,79,0.13306,1583,0.13307,72
1753591941527,04:52:21.527,mexc,AERGO/USDT:USDT,0.13305,66,0.13304,79,0.13306,1583,0.13307,57
1753591941627,04:52:21.627,mexc,AERGO/USDT:USDT,0.13305,66,0.13304,79,0.13306,1583,0.13307,57
1753591942032,04:52:22.032,mexc,AERGO/USDT:USDT,0.13305,66,0.13304,79,0.13306,1583,0.13307,57
1753591942128,04:52:22.128,mexc,AERGO/USDT:USDT,0.13305,66,0.13304,79,0.13306,1583,0.13307,69
1753591942528,04:52:22.528,mexc,AERGO/USDT:USDT,0.13305,66,0.13304,79,0.13306,1583,0.13307,69
1753591942624,04:52:22.624,mexc,AERGO/USDT:USDT,0.13305,66,0.13304,79,0.13306,1583,0.13307,57
1753591943026,04:52:23.026,mexc,AERGO/USDT:USDT,0.13305,66,0.13304,79,0.13306,1583,0.13307,57
1753591943125,04:52:23.125,mexc,AERGO/USDT:USDT,0.13305,66,0.13304,79,0.13306,1583,0.13307,75
1753591943527,04:52:23.527,mexc,AERGO/USDT:USDT,0.13305,66,0.13304,79,0.13306,1583,0.13307,75
1753591943626,04:52:23.626,mexc,AERGO/USDT:USDT,0.13305,66,0.13304,79,0.13306,1583,0.13307,57
1753591944027,04:52:24.027,mexc,AERGO/USDT:USDT,0.13305,66,0.13304,79,0.13306,1583,0.13307,57
1753591944127,04:52:24.127,mexc,AERGO/USDT:USDT,0.13305,66,0.13304,79,0.13306,1583,0.13307,68
1753591944529,04:52:24.529,mexc,AERGO/USDT:USDT,0.13305,66,0.13304,79,0.13306,1583,0.13307,57
1753591944631,04:52:24.631,mexc,AERGO/USDT:USDT,0.13305,66,0.13304,90,0.13306,1583,0.13307,80
1753591945038,04:52:25.038,mexc,AERGO/USDT:USDT,0.13305,66,0.13304,90,0.13306,1583,0.13307,57
1753591945126,04:52:25.126,mexc,AERGO/USDT:USDT,0.13305,66,0.13304,98,0.13306,1583,0.13307,80
1753591945254,04:52:25.254,mexc,AERGO/USDT:USDT,0.13302,1111,0.13301,601,0.13303,39,0.13304,238
1753591945626,04:52:25.626,mexc,AERGO/USDT:USDT,0.13302,1111,0.13301,601,0.13303,39,0.13304,238
1753591946031,04:52:26.031,mexc,AERGO/USDT:USDT,0.13302,1111,0.13301,601,0.13303,39,0.13304,238
1753591946203,04:52:26.203,mexc,AERGO/USDT:USDT,0.13302,1111,0.13301,969,0.13303,39,0.13304,238
1753591946529,04:52:26.529,mexc,AERGO/USDT:USDT,0.13302,1111,0.13301,762,0.13303,39,0.13304,238
1753591946627,04:52:26.627,mexc,AERGO/USDT:USDT,0.13302,1111,0.13301,601,0.13303,39,0.13304,238
1753591947030,04:52:27.030,mexc,AERGO/USDT:USDT,0.13302,1111,0.13301,601,0.13303,39,0.13304,238
1753591947131,04:52:27.131,mexc,AERGO/USDT:USDT,0.13302,1111,0.13301,838,0.13303,39,0.13304,238
1753591947530,04:52:27.530,mexc,AERGO/USDT:USDT,0.13302,1111,0.13301,838,0.13303,39,0.13304,238
1753591947628,04:52:27.628,mexc,AERGO/USDT:USDT,0.13302,1111,0.13301,601,0.13303,39,0.13304,238
1753591948030,04:52:28.030,mexc,AERGO/USDT:USDT,0.13302,1111,0.13301,601,0.13303,39,0.13304,238
1753591948129,04:52:28.129,mexc,AERGO/USDT:USDT,0.13302,1111,0.13301,718,0.13303,39,0.13304,238
1753591948531,04:52:28.531,mexc,AERGO/USDT:USDT,0.13302,1111,0.13301,601,0.13303,39,0.13304,238
1753591948630,04:52:28.630,mexc,AERGO/USDT:USDT,0.13302,1111,0.13301,1077,0.13303,39,0.13304,238
1753591949032,04:52:29.032,mexc,AERGO/USDT:USDT,0.13302,1111,0.13301,1077,0.13303,39,0.13304,238
1753591949130,04:52:29.130,mexc,AERGO/USDT:USDT,0.13302,1111,0.13301,884,0.13303,39,0.13304,289
1753591949531,04:52:29.531,mexc,AERGO/USDT:USDT,0.13302,1111,0.13301,884,0.13303,39,0.13304,289
1753591949629,04:52:29.629,mexc,AERGO/USDT:USDT,0.13302,1111,0.13301,868,0.13303,39,0.13304,238
1753591950032,04:52:30.032,mexc,AERGO/USDT:USDT,0.13302,1111,0.13301,868,0.13303,39,0.13304,238
1753591950128,04:52:30.128,mexc,AERGO/USDT:USDT,0.13302,1111,0.13301,601,0.13303,39,0.13304,238
1753591950532,04:52:30.532,mexc,AERGO/USDT:USDT,0.13302,1111,0.13301,601,0.13303,39,0.13304,238
1753591950629,04:52:30.629,mexc,AERGO/USDT:USDT,0.13302,1111,0.13301,601,0.13303,39,0.13304,297
1753591951032,04:52:31.032,mexc,AERGO/USDT:USDT,0.13302,1111,0.13301,601,0.13303,39,0.13304,238
1753591951131,04:52:31.131,mexc,AERGO/USDT:USDT,0.13302,1111,0.13301,601,0.13303,39,0.13304,332
1753591951289,04:52:31.289,mexc,AERGO/USDT:USDT,0.13303,51,0.13302,58,0.13304,1281,0.13305,126
1753591951631,04:52:31.631,mexc,AERGO/USDT:USDT,0.13303,51,0.13302,66,0.13304,1281,0.13305,172
1753591952033,04:52:32.033,mexc,AERGO/USDT:USDT,0.13303,51,0.13302,66,0.13304,1281,0.13305,172
1753591952197,04:52:32.197,mexc,AERGO/USDT:USDT,0.13303,51,0.13302,79,0.13304,1281,0.13305,126
1753591952597,04:52:32.597,mexc,AERGO/USDT:USDT,0.13303,51,0.13302,79,0.13304,1281,0.13305,126
1753591952698,04:52:32.698,mexc,AERGO/USDT:USDT,0.13303,51,0.13302,91,0.13304,1281,0.13305,198
1753591953033,04:52:33.033,mexc,AERGO/USDT:USDT,0.13303,51,0.13302,91,0.13304,1281,0.13305,144
1753591953198,04:52:33.198,mexc,AERGO/USDT:USDT,0.13303,51,0.13302,74,0.13304,1281,0.13305,126
1753591953533,04:52:33.533,mexc,AERGO/USDT:USDT,0.13303,51,0.13302,74,0.13304,1281,0.13305,126
1753591953701,04:52:33.701,mexc,AERGO/USDT:USDT,0.13303,51,0.13302,81,0.13304,1281,0.13305,126
1753591954034,04:52:34.034,mexc,AERGO/USDT:USDT,0.13303,51,0.13302,81,0.13304,1281,0.13305,126
1753591954199,04:52:34.199,mexc,AERGO/USDT:USDT,0.13303,51,0.13302,58,0.13304,1281,0.13305,126
1753591954535,04:52:34.535,mexc,AERGO/USDT:USDT,0.13303,51,0.13302,58,0.13304,1281,0.13305,126
1753591954700,04:52:34.700,mexc,AERGO/USDT:USDT,0.13303,51,0.13302,58,0.13304,1281,0.13305,126
1753591955036,04:52:35.036,mexc,AERGO/USDT:USDT,0.13303,51,0.13302,58,0.13304,1281,0.13305,126
1753591955200,04:52:35.200,mexc,AERGO/USDT:USDT,0.13303,51,0.13302,58,0.13304,1281,0.13305,126
1753591955535,04:52:35.535,mexc,AERGO/USDT:USDT,0.13303,51,0.13302,58,0.13304,1281,0.13305,126
1753591955700,04:52:35.700,mexc,AERGO/USDT:USDT,0.13303,51,0.13302,58,0.13304,1281,0.13305,139
1753591956036,04:52:36.036,mexc,AERGO/USDT:USDT,0.13303,51,0.13302,58,0.13304,1281,0.13305,139
1753591956200,04:52:36.200,mexc,AERGO/USDT:USDT,0.13303,51,0.13302,58,0.13304,1281,0.13305,126
1753591956535,04:52:36.535,mexc,AERGO/USDT:USDT,0.13303,51,0.13302,58,0.13304,1281,0.13305,126
1753591956701,04:52:36.701,mexc,AERGO/USDT:USDT,0.13303,51,0.13302,58,0.13304,1281,0.13305,157
1753591957102,04:52:37.102,mexc,AERGO/USDT:USDT,0.13303,51,0.13302,58,0.13304,1281,0.13305,126
1753591957293,04:52:37.293,mexc,AERGO/USDT:USDT,0.13303,89,0.13302,49,0.13304,1098,0.13305,144
1753591957697,04:52:37.697,mexc,AERGO/USDT:USDT,0.13303,89,0.13302,49,0.13304,1098,0.13305,144
1753591957700,04:52:37.700,mexc,AERGO/USDT:USDT,0.13303,89,0.13302,65,0.13304,1098,0.13305,159
1753591958101,04:52:38.101,mexc,AERGO/USDT:USDT,0.13303,89,0.13302,65,0.13304,1098,0.13305,159
1753591958200,04:52:38.200,mexc,AERGO/USDT:USDT,0.13303,89,0.13302,49,0.13304,1098,0.13305,144
1753591958603,04:52:38.603,mexc,AERGO/USDT:USDT,0.13303,89,0.13302,49,0.13304,1098,0.13305,144
1753591958702,04:52:38.702,mexc,AERGO/USDT:USDT,0.13303,89,0.13302,49,0.13304,1098,0.13305,144
1753591959101,04:52:39.101,mexc,AERGO/USDT:USDT,0.13303,89,0.13302,49,0.13304,1098,0.13305,144
1753591959203,04:52:39.203,mexc,AERGO/USDT:USDT,0.13303,89,0.13302,58,0.13304,1098,0.13305,194
1753591959607,04:52:39.607,mexc,AERGO/USDT:USDT,0.13303,89,0.13302,58,0.13304,1098,0.13305,144
1753591959702,04:52:39.702,mexc,AERGO/USDT:USDT,0.13303,89,0.13302,49,0.13304,1098,0.13305,197
1753591960102,04:52:40.102,mexc,AERGO/USDT:USDT,0.13303,89,0.13302,49,0.13304,1098,0.13305,197
1753591960201,04:52:40.201,mexc,AERGO/USDT:USDT,0.13303,89,0.13302,49,0.13304,1098,0.13305,248
1753591960601,04:52:40.601,mexc,AERGO/USDT:USDT,0.13303,89,0.13302,49,0.13304,1098,0.13305,212
1753591960701,04:52:40.701,mexc,AERGO/USDT:USDT,0.13303,89,0.13302,49,0.13304,1098,0.13305,144
1753591961103,04:52:41.103,mexc,AERGO/USDT:USDT,0.13303,89,0.13302,49,0.13304,1098,0.13305,144
1753591961209,04:52:41.209,mexc,AERGO/USDT:USDT,0.13303,89,0.13302,60,0.13304,1098,0.13305,144
1753591961605,04:52:41.605,mexc,AERGO/USDT:USDT,0.13303,89,0.13302,60,0.13304,1098,0.13305,144
1753591961701,04:52:41.701,mexc,AERGO/USDT:USDT,0.13303,89,0.13302,61,0.13304,1098,0.13305,144
1753591962104,04:52:42.104,mexc,AERGO/USDT:USDT,0.13303,89,0.13302,61,0.13304,1098,0.13305,144
1753591962202,04:52:42.202,mexc,AERGO/USDT:USDT,0.13303,89,0.13302,49,0.13304,1098,0.13305,181
1753591962604,04:52:42.604,mexc,AERGO/USDT:USDT,0.13303,89,0.13302,49,0.13304,1098,0.13305,144
1753591962703,04:52:42.703,mexc,AERGO/USDT:USDT,0.13303,89,0.13302,49,0.13304,1098,0.13305,144
1753591963105,04:52:43.105,mexc,AERGO/USDT:USDT,0.13303,89,0.13302,49,0.13304,1098,0.13305,144
1753591963300,04:52:43.300,mexc,AERGO/USDT:USDT,0.13303,89,0.13302,55,0.13304,1343,0.13305,100
1753591963315,04:52:43.315,mexc,AERGO/USDT:USDT,0.13303,68,0.13302,61,0.13304,1343,0.13305,100
1753591963703,04:52:43.703,mexc,AERGO/USDT:USDT,0.13303,68,0.13302,83,0.13304,1343,0.13305,100
1753591964106,04:52:44.106,mexc,AERGO/USDT:USDT,0.13303,68,0.13302,83,0.13304,1343,0.13305,100
1753591964204,04:52:44.204,mexc,AERGO/USDT:USDT,0.13303,68,0.13302,61,0.13304,1343,0.13305,100
1753591964607,04:52:44.607,mexc,AERGO/USDT:USDT,0.13303,68,0.13302,61,0.13304,1343,0.13305,100
1753591964704,04:52:44.704,mexc,AERGO/USDT:USDT,0.13303,68,0.13302,71,0.13304,1343,0.13305,132
1753591965105,04:52:45.105,mexc,AERGO/USDT:USDT,0.13303,68,0.13302,71,0.13304,1343,0.13305,132
1753591965203,04:52:45.203,mexc,AERGO/USDT:USDT,0.13303,68,0.13302,77,0.13304,1343,0.13305,100
1753591965606,04:52:45.606,mexc,AERGO/USDT:USDT,0.13303,68,0.13302,61,0.13304,1343,0.13305,100
1753591965703,04:52:45.703,mexc,AERGO/USDT:USDT,0.13303,68,0.13302,116,0.13304,1343,0.13305,138
1753591966107,04:52:46.107,mexc,AERGO/USDT:USDT,0.13303,68,0.13302,116,0.13304,1343,0.13305,100
1753591966204,04:52:46.204,mexc,AERGO/USDT:USDT,0.13303,68,0.13302,87,0.13304,1343,0.13305,111
1753591966606,04:52:46.606,mexc,AERGO/USDT:USDT,0.13303,68,0.13302,87,0.13304,1343,0.13305,100
1753591966705,04:52:46.705,mexc,AERGO/USDT:USDT,0.13303,68,0.13302,61,0.13304,1343,0.13305,100
1753591967107,04:52:47.107,mexc,AERGO/USDT:USDT,0.13303,68,0.13302,61,0.13304,1343,0.13305,100
1753591967205,04:52:47.205,mexc,AERGO/USDT:USDT,0.13303,68,0.13302,61,0.13304,1343,0.13305,100
1753591967607,04:52:47.607,mexc,AERGO/USDT:USDT,0.13303,68,0.13302,61,0.13304,1343,0.13305,100
1753591967705,04:52:47.705,mexc,AERGO/USDT:USDT,0.13303,68,0.13302,69,0.13304,1343,0.13305,154
1753591968108,04:52:48.108,mexc,AERGO/USDT:USDT,0.13303,68,0.13302,61,0.13304,1343,0.13305,154
1753591968205,04:52:48.205,mexc,AERGO/USDT:USDT,0.13303,68,0.13302,90,0.13304,1343,0.13305,119
1753591968608,04:52:48.608,mexc,AERGO/USDT:USDT,0.13303,68,0.13302,61,0.13304,1343,0.13305,119
1753591968714,04:52:48.714,mexc,AERGO/USDT:USDT,0.13303,68,0.13302,61,0.13304,1343,0.13305,145
1753591969108,04:52:49.108,mexc,AERGO/USDT:USDT,0.13303,68,0.13302,61,0.13304,1343,0.13305,145
1753591969298,04:52:49.298,mexc,AERGO/USDT:USDT,0.13303,78,0.13302,61,0.13304,1227,0.13305,126
1753591969706,04:52:49.706,mexc,AERGO/USDT:USDT,0.13303,78,0.13302,61,0.13304,1227,0.13305,126
1753591969707,04:52:49.707,mexc,AERGO/USDT:USDT,0.13303,78,0.13302,61,0.13304,1227,0.13305,209
1753591970109,04:52:50.109,mexc,AERGO/USDT:USDT,0.13303,78,0.13302,61,0.13304,1227,0.13305,171
1753591970206,04:52:50.206,mexc,AERGO/USDT:USDT,0.13303,78,0.13302,61,0.13304,1227,0.13305,154
1753591970613,04:52:50.613,mexc,AERGO/USDT:USDT,0.13303,78,0.13302,61,0.13304,1227,0.13305,154
1753591970706,04:52:50.706,mexc,AERGO/USDT:USDT,0.13303,78,0.13302,77,0.13304,1227,0.13305,146
1753591971109,04:52:51.109,mexc,AERGO/USDT:USDT,0.13303,78,0.13302,77,0.13304,1227,0.13305,146
1753591971211,04:52:51.211,mexc,AERGO/USDT:USDT,0.13303,78,0.13302,61,0.13304,1227,0.13305,126
1753591971619,04:52:51.619,mexc,AERGO/USDT:USDT,0.13303,78,0.13302,61,0.13304,1227,0.13305,126
1753591971708,04:52:51.708,mexc,AERGO/USDT:USDT,0.13303,78,0.13302,88,0.13304,1227,0.13305,166
1753591972110,04:52:52.110,mexc,AERGO/USDT:USDT,0.13303,78,0.13302,61,0.13304,1227,0.13305,166
1753591972207,04:52:52.207,mexc,AERGO/USDT:USDT,0.13303,78,0.13302,75,0.13304,1227,0.13305,126
1753591972611,04:52:52.611,mexc,AERGO/USDT:USDT,0.13303,78,0.13302,75,0.13304,1227,0.13305,126
1753591972706,04:52:52.706,mexc,AERGO/USDT:USDT,0.13303,78,0.13302,77,0.13304,1227,0.13305,126
1753591973109,04:52:53.109,mexc,AERGO/USDT:USDT,0.13303,78,0.13302,61,0.13304,1227,0.13305,126
1753591973208,04:52:53.208,mexc,AERGO/USDT:USDT,0.13303,78,0.13302,61,0.13304,1227,0.13305,126
1753591973612,04:52:53.612,mexc,AERGO/USDT:USDT,0.13303,78,0.13302,61,0.13304,1227,0.13305,126
1753591973708,04:52:53.708,mexc,AERGO/USDT:USDT,0.13303,78,0.13302,61,0.13304,1227,0.13305,126
1753591974110,04:52:54.110,mexc,AERGO/USDT:USDT,0.13303,78,0.13302,61,0.13304,1227,0.13305,126
1753591974208,04:52:54.208,mexc,AERGO/USDT:USDT,0.13303,78,0.13302,61,0.13304,1227,0.13305,126
1753591974610,04:52:54.610,mexc,AERGO/USDT:USDT,0.13303,78,0.13302,61,0.13304,1227,0.13305,126
1753591974709,04:52:54.709,mexc,AERGO/USDT:USDT,0.13303,78,0.13302,61,0.13304,1227,0.13305,160
1753591975111,04:52:55.111,mexc,AERGO/USDT:USDT,0.13303,78,0.13302,61,0.13304,1227,0.13305,160
1753591975301,04:52:55.301,mexc,AERGO/USDT:USDT,0.13303,75,0.13302,52,0.13304,82,0.13305,105
1753591975709,04:52:55.709,mexc,AERGO/USDT:USDT,0.13303,75,0.13302,60,0.13304,82,0.13305,105
1753591975710,04:52:55.710,mexc,AERGO/USDT:USDT,0.13303,75,0.13302,60,0.13304,82,0.13305,105
1753591976112,04:52:56.112,mexc,AERGO/USDT:USDT,0.13303,75,0.13302,52,0.13304,82,0.13305,105
1753591976209,04:52:56.209,mexc,AERGO/USDT:USDT,0.13303,75,0.13302,75,0.13304,82,0.13305,127
1753591976613,04:52:56.613,mexc,AERGO/USDT:USDT,0.13303,75,0.13302,75,0.13304,82,0.13305,105
1753591976710,04:52:56.710,mexc,AERGO/USDT:USDT,0.13303,75,0.13302,52,0.13304,82,0.13305,152
1753591977112,04:52:57.112,mexc,AERGO/USDT:USDT,0.13303,75,0.13302,52,0.13304,82,0.13305,152
1753591977210,04:52:57.210,mexc,AERGO/USDT:USDT,0.13303,75,0.13302,63,0.13304,82,0.13305,105
1753591977612,04:52:57.612,mexc,AERGO/USDT:USDT,0.13303,75,0.13302,63,0.13304,82,0.13305,105
1753591977711,04:52:57.711,mexc,AERGO/USDT:USDT,0.13303,75,0.13302,52,0.13304,82,0.13305,140
1753591978113,04:52:58.113,mexc,AERGO/USDT:USDT,0.13303,75,0.13302,52,0.13304,82,0.13305,140
1753591978210,04:52:58.210,mexc,AERGO/USDT:USDT,0.13303,75,0.13302,65,0.13304,82,0.13305,105
1753591978612,04:52:58.612,mexc,AERGO/USDT:USDT,0.13303,75,0.13302,65,0.13304,82,0.13305,105
1753591978712,04:52:58.712,mexc,AERGO/USDT:USDT,0.13303,75,0.13302,52,0.13304,82,0.13305,120
1753591979113,04:52:59.113,mexc,AERGO/USDT:USDT,0.13303,75,0.13302,52,0.13304,82,0.13305,105
1753591979210,04:52:59.210,mexc,AERGO/USDT:USDT,0.13303,75,0.13302,52,0.13304,82,0.13305,153
1753591979613,04:52:59.613,mexc,AERGO/USDT:USDT,0.13303,75,0.13302,52,0.13304,82,0.13305,153
1753591979711,04:52:59.711,mexc,AERGO/USDT:USDT,0.13303,75,0.13302,52,0.13304,82,0.13305,105
1753591980117,04:53:00.117,mexc,AERGO/USDT:USDT,0.13303,75,0.13302,52,0.13304,82,0.13305,105
1753591980212,04:53:00.212,mexc,AERGO/USDT:USDT,0.13303,75,0.13302,77,0.13304,82,0.13305,135
1753591980613,04:53:00.613,mexc,AERGO/USDT:USDT,0.13303,75,0.13302,77,0.13304,82,0.13305,135
1753591980711,04:53:00.711,mexc,AERGO/USDT:USDT,0.13303,75,0.13302,86,0.13304,82,0.13305,155
1753591981114,04:53:01.114,mexc,AERGO/USDT:USDT,0.13303,75,0.13302,86,0.13304,82,0.13305,155
1753591981303,04:53:01.303,mexc,AERGO/USDT:USDT,0.13303,197,0.13302,50,0.13304,70,0.13305,113
1753591981711,04:53:01.711,mexc,AERGO/USDT:USDT,0.13303,197,0.13302,50,0.13304,70,0.13305,113
1753591981713,04:53:01.713,mexc,AERGO/USDT:USDT,0.13303,197,0.13302,50,0.13304,70,0.13305,113
1753591982113,04:53:02.113,mexc,AERGO/USDT:USDT,0.13303,197,0.13302,50,0.13304,70,0.13305,113
1753591982212,04:53:02.212,mexc,AERGO/USDT:USDT,0.13303,197,0.13302,67,0.13304,70,0.13305,156
1753591982614,04:53:02.614,mexc,AERGO/USDT:USDT,0.13303,197,0.13302,50,0.13304,70,0.13305,156
1753591982712,04:53:02.712,mexc,AERGO/USDT:USDT,0.13303,197,0.13302,68,0.13304,70,0.13305,140
1753591983115,04:53:03.115,mexc,AERGO/USDT:USDT,0.13303,197,0.13302,50,0.13304,70,0.13305,140
1753591983214,04:53:03.214,mexc,AERGO/USDT:USDT,0.13303,197,0.13302,56,0.13304,70,0.13305,113
1753591983616,04:53:03.616,mexc,AERGO/USDT:USDT,0.13303,197,0.13302,56,0.13304,70,0.13305,113
1753591983712,04:53:03.712,mexc,AERGO/USDT:USDT,0.13303,197,0.13302,50,0.13304,70,0.13305,143
1753591984115,04:53:04.115,mexc,AERGO/USDT:USDT,0.13303,197,0.13302,50,0.13304,70,0.13305,113
1753591984213,04:53:04.213,mexc,AERGO/USDT:USDT,0.13303,197,0.13302,50,0.13304,70,0.13305,113
1753591984615,04:53:04.615,mexc,AERGO/USDT:USDT,0.13303,197,0.13302,50,0.13304,70,0.13305,113
1753591984713,04:53:04.713,mexc,AERGO/USDT:USDT,0.13303,197,0.13302,73,0.13304,70,0.13305,132
1753591985116,04:53:05.116,mexc,AERGO/USDT:USDT,0.13303,197,0.13302,73,0.13304,70,0.13305,132
1753591985214,04:53:05.214,mexc,AERGO/USDT:USDT,0.13303,197,0.13302,50,0.13304,70,0.13305,127
1753591985615,04:53:05.615,mexc,AERGO/USDT:USDT,0.13303,197,0.13302,50,0.13304,70,0.13305,127
1753591985714,04:53:05.714,mexc,AERGO/USDT:USDT,0.13303,197,0.13302,50,0.13304,70,0.13305,166
1753591986117,04:53:06.117,mexc,AERGO/USDT:USDT,0.13303,197,0.13302,50,0.13304,70,0.13305,166
1753591986314,04:53:06.314,mexc,AERGO/USDT:USDT,0.13302,160,0.13301,60,0.13303,48,0.13304,303
1753591986317,04:53:06.317,mexc,AERGO/USDT:USDT,0.13302,160,0.13301,60,0.13303,48,0.13304,233
1753591986718,04:53:06.718,mexc,AERGO/USDT:USDT,0.13302,160,0.13301,60,0.13303,48,0.13304,233
1753591986719,04:53:06.719,mexc,AERGO/USDT:USDT,0.13302,160,0.13301,60,0.13303,48,0.13304,233
1753591987213,04:53:07.213,mexc,AERGO/USDT:USDT,0.13302,160,0.13301,60,0.13303,48,0.13304,233
1753591987304,04:53:07.304,mexc,AERGO/USDT:USDT,0.13302,160,0.13301,60,0.13303,48,0.13304,330
1753591987618,04:53:07.618,mexc,AERGO/USDT:USDT,0.13302,160,0.13301,60,0.13303,48,0.13304,306
1753591987716,04:53:07.716,mexc,AERGO/USDT:USDT,0.13302,160,0.13301,60,0.13303,48,0.13304,348
1753591988123,04:53:08.123,mexc,AERGO/USDT:USDT,0.13302,160,0.13301,60,0.13303,48,0.13304,348
1753591988216,04:53:08.216,mexc,AERGO/USDT:USDT,0.13302,160,0.13301,60,0.13303,48,0.13304,346
1753591988617,04:53:08.617,mexc,AERGO/USDT:USDT,0.13302,160,0.13301,60,0.13303,48,0.13304,233
1753591988716,04:53:08.716,mexc,AERGO/USDT:USDT,0.13302,160,0.13301,89,0.13303,48,0.13304,233
1753591989117,04:53:09.117,mexc,AERGO/USDT:USDT,0.13302,160,0.13301,89,0.13303,48,0.13304,233
1753591989214,04:53:09.214,mexc,AERGO/USDT:USDT,0.13302,160,0.13301,72,0.13303,48,0.13304,305
1753591989618,04:53:09.618,mexc,AERGO/USDT:USDT,0.13302,160,0.13301,72,0.13303,48,0.13304,305
1753591989718,04:53:09.718,mexc,AERGO/USDT:USDT,0.13302,160,0.13301,60,0.13303,48,0.13304,233
1753591990118,04:53:10.118,mexc,AERGO/USDT:USDT,0.13302,160,0.13301,60,0.13303,48,0.13304,233
1753591990215,04:53:10.215,mexc,AERGO/USDT:USDT,0.13302,160,0.13301,87,0.13303,48,0.13304,322
1753591990618,04:53:10.618,mexc,AERGO/USDT:USDT,0.13302,160,0.13301,60,0.13303,48,0.13304,322
1753591990717,04:53:10.717,mexc,AERGO/USDT:USDT,0.13302,160,0.13301,73,0.13303,48,0.13304,233
1753591991121,04:53:11.121,mexc,AERGO/USDT:USDT,0.13302,160,0.13301,73,0.13303,48,0.13304,233
1753591991220,04:53:11.220,mexc,AERGO/USDT:USDT,0.13302,160,0.13301,60,0.13303,48,0.13304,299
1753591991619,04:53:11.619,mexc,AERGO/USDT:USDT,0.13302,160,0.13301,60,0.13303,48,0.13304,299
1753591991718,04:53:11.718,mexc,AERGO/USDT:USDT,0.13302,160,0.13301,60,0.13303,48,0.13304,233
1753591992120,04:53:12.120,mexc,AERGO/USDT:USDT,0.13302,160,0.13301,60,0.13303,48,0.13304,233
1753591992321,04:53:12.321,mexc,AERGO/USDT:USDT,0.13302,202,0.13301,71,0.13303,46,0.13304,259
1753591992719,04:53:12.719,mexc,AERGO/USDT:USDT,0.13302,202,0.13301,71,0.13303,46,0.13304,259
1753591992719,04:53:12.719,mexc,AERGO/USDT:USDT,0.13302,202,0.13301,78,0.13303,46,0.13304,292
1753591993121,04:53:13.121,mexc,AERGO/USDT:USDT,0.13302,202,0.13301,78,0.13303,46,0.13304,292
1753591993309,04:53:13.309,mexc,AERGO/USDT:USDT,0.13302,202,0.13301,71,0.13303,46,0.13304,380
1753591993621,04:53:13.621,mexc,AERGO/USDT:USDT,0.13302,202,0.13301,71,0.13303,46,0.13304,380
1753591993722,04:53:13.722,mexc,AERGO/USDT:USDT,0.13302,202,0.13301,104,0.13303,46,0.13304,259
1753591994122,04:53:14.122,mexc,AERGO/USDT:USDT,0.13302,202,0.13301,104,0.13303,46,0.13304,259
1753591994220,04:53:14.220,mexc,AERGO/USDT:USDT,0.13302,202,0.13301,104,0.13303,46,0.13304,345
1753591994621,04:53:14.621,mexc,AERGO/USDT:USDT,0.13302,202,0.13301,104,0.13303,46,0.13304,259
1753591994721,04:53:14.721,mexc,AERGO/USDT:USDT,0.13302,202,0.13301,71,0.13303,46,0.13304,259
1753591995120,04:53:15.120,mexc,AERGO/USDT:USDT,0.13302,202,0.13301,71,0.13303,46,0.13304,259
1753591995221,04:53:15.221,mexc,AERGO/USDT:USDT,0.13302,202,0.13301,71,0.13303,46,0.13304,259
1753591995622,04:53:15.622,mexc,AERGO/USDT:USDT,0.13302,202,0.13301,71,0.13303,46,0.13304,259
1753591995724,04:53:15.724,mexc,AERGO/USDT:USDT,0.13302,202,0.13301,92,0.13303,46,0.13304,259
1753591996122,04:53:16.122,mexc,AERGO/USDT:USDT,0.13302,202,0.13301,92,0.13303,46,0.13304,259
1753591996219,04:53:16.219,mexc,AERGO/USDT:USDT,0.13302,202,0.13301,119,0.13303,46,0.13304,347
1753591996624,04:53:16.624,mexc,AERGO/USDT:USDT,0.13302,202,0.13301,119,0.13303,46,0.13304,259
1753591996724,04:53:16.724,mexc,AERGO/USDT:USDT,0.13302,202,0.13301,71,0.13303,46,0.13304,259
1753591997125,04:53:17.125,mexc,AERGO/USDT:USDT,0.13302,202,0.13301,71,0.13303,46,0.13304,259
1753591997221,04:53:17.221,mexc,AERGO/USDT:USDT,0.13302,202,0.13301,107,0.13303,46,0.13304,321
1753591997621,04:53:17.621,mexc,AERGO/USDT:USDT,0.13302,202,0.13301,92,0.13303,46,0.13304,321
1753591997723,04:53:17.723,mexc,AERGO/USDT:USDT,0.13302,202,0.13301,85,0.13303,46,0.13304,285
1753591998123,04:53:18.123,mexc,AERGO/USDT:USDT,0.13302,202,0.13301,71,0.13303,46,0.13304,285
1753591998321,04:53:18.321,mexc,AERGO/USDT:USDT,0.13302,260,0.13301,88,0.13303,1256,0.13304,339
1753591998477,04:53:18.477,mexc,AERGO/USDT:USDT,0.13302,58,0.13301,68,0.13303,1256,0.13304,339
1753591998728,04:53:18.728,mexc,AERGO/USDT:USDT,0.13302,58,0.13301,68,0.13303,1256,0.13304,339
1753591998728,04:53:18.728,mexc,AERGO/USDT:USDT,0.13302,58,0.13301,68,0.13303,1256,0.13304,492
1753591999222,04:53:19.222,mexc,AERGO/USDT:USDT,0.13302,58,0.13301,68,0.13303,1256,0.13304,339
1753591999222,04:53:19.222,mexc,AERGO/USDT:USDT,0.13302,58,0.13301,98,0.13303,1256,0.13304,339
1753591999624,04:53:19.624,mexc,AERGO/USDT:USDT,0.13302,58,0.13301,98,0.13303,1256,0.13304,339
1753591999724,04:53:19.724,mexc,AERGO/USDT:USDT,0.13302,58,0.13301,68,0.13303,1256,0.13304,339
1753592000129,04:53:20.129,mexc,AERGO/USDT:USDT,0.13302,58,0.13301,68,0.13303,1256,0.13304,339
1753592000223,04:53:20.223,mexc,AERGO/USDT:USDT,0.13302,58,0.13301,68,0.13303,1256,0.13304,339
1753592000625,04:53:20.625,mexc,AERGO/USDT:USDT,0.13302,58,0.13301,68,0.13303,1256,0.13304,339
1753592000725,04:53:20.725,mexc,AERGO/USDT:USDT,0.13302,58,0.13301,68,0.13303,1256,0.13304,339
1753592001125,04:53:21.125,mexc,AERGO/USDT:USDT,0.13302,58,0.13301,68,0.13303,1256,0.13304,339
1753592001224,04:53:21.224,mexc,AERGO/USDT:USDT,0.13302,58,0.13301,68,0.13303,1256,0.13304,339
1753592001626,04:53:21.626,mexc,AERGO/USDT:USDT,0.13302,58,0.13301,68,0.13303,1256,0.13304,339
1753592001722,04:53:21.722,mexc,AERGO/USDT:USDT,0.13302,58,0.13301,100,0.13303,1256,0.13304,339
1753592002125,04:53:22.125,mexc,AERGO/USDT:USDT,0.13302,58,0.13301,68,0.13303,1256,0.13304,339
1753592002224,04:53:22.224,mexc,AERGO/USDT:USDT,0.13302,58,0.13301,68,0.13303,1256,0.13304,339
1753592002625,04:53:22.625,mexc,AERGO/USDT:USDT,0.13302,58,0.13301,68,0.13303,1256,0.13304,339
1753592002724,04:53:22.724,mexc,AERGO/USDT:USDT,0.13302,58,0.13301,79,0.13303,1256,0.13304,384
1753592003127,04:53:23.127,mexc,AERGO/USDT:USDT,0.13302,58,0.13301,79,0.13303,1256,0.13304,384
1753592003225,04:53:23.225,mexc,AERGO/USDT:USDT,0.13302,58,0.13301,68,0.13303,1256,0.13304,339
1753592003629,04:53:23.629,mexc,AERGO/USDT:USDT,0.13302,58,0.13301,68,0.13303,1256,0.13304,339
1753592003728,04:53:23.728,mexc,AERGO/USDT:USDT,0.13302,58,0.13301,88,0.13303,1256,0.13304,339
1753592004126,04:53:24.126,mexc,AERGO/USDT:USDT,0.13302,58,0.13301,88,0.13303,1256,0.13304,339
1753592004328,04:53:24.328,mexc,AERGO/USDT:USDT,0.13302,117,0.13301,187,0.13303,50,0.13304,270
1753592004393,04:53:24.393,mexc,AERGO/USDT:USDT,0.13302,59,0.13301,70,0.13303,50,0.13304,270
1753592004726,04:53:24.726,mexc,AERGO/USDT:USDT,0.13302,59,0.13301,70,0.13303,50,0.13304,348
1753592005126,04:53:25.126,mexc,AERGO/USDT:USDT,0.13302,59,0.13301,70,0.13303,50,0.13304,348
1753592005226,04:53:25.226,mexc,AERGO/USDT:USDT,0.13302,59,0.13301,70,0.13303,50,0.13304,270
1753592005626,04:53:25.626,mexc,AERGO/USDT:USDT,0.13302,59,0.13301,70,0.13303,50,0.13304,270
1753592005725,04:53:25.725,mexc,AERGO/USDT:USDT,0.13302,59,0.13301,95,0.13303,50,0.13304,334
1753592006128,04:53:26.128,mexc,AERGO/USDT:USDT,0.13302,59,0.13301,95,0.13303,50,0.13304,334
1753592006225,04:53:26.225,mexc,AERGO/USDT:USDT,0.13302,59,0.13301,94,0.13303,50,0.13304,313
1753592006625,04:53:26.625,mexc,AERGO/USDT:USDT,0.13302,59,0.13301,94,0.13303,50,0.13304,313
1753592006726,04:53:26.726,mexc,AERGO/USDT:USDT,0.13302,59,0.13301,70,0.13303,50,0.13304,270
1753592007127,04:53:27.127,mexc,AERGO/USDT:USDT,0.13302,59,0.13301,70,0.13303,50,0.13304,270
1753592007225,04:53:27.225,mexc,AERGO/USDT:USDT,0.13302,59,0.13301,70,0.13303,50,0.13304,270
1753592007627,04:53:27.627,mexc,AERGO/USDT:USDT,0.13302,59,0.13301,70,0.13303,50,0.13304,270
1753592007727,04:53:27.727,mexc,AERGO/USDT:USDT,0.13302,59,0.13301,100,0.13303,50,0.13304,384
1753592008129,04:53:28.129,mexc,AERGO/USDT:USDT,0.13302,59,0.13301,100,0.13303,50,0.13304,384
1753592008226,04:53:28.226,mexc,AERGO/USDT:USDT,0.13302,59,0.13301,70,0.13303,50,0.13304,270
1753592008629,04:53:28.629,mexc,AERGO/USDT:USDT,0.13302,59,0.13301,70,0.13303,50,0.13304,270
1753592008729,04:53:28.729,mexc,AERGO/USDT:USDT,0.13302,59,0.13301,70,0.13303,50,0.13304,300
1753592009128,04:53:29.128,mexc,AERGO/USDT:USDT,0.13302,59,0.13301,70,0.13303,50,0.13304,300
1753592009227,04:53:29.227,mexc,AERGO/USDT:USDT,0.13302,59,0.13301,96,0.13303,50,0.13304,270
1753592009634,04:53:29.634,mexc,AERGO/USDT:USDT,0.13302,59,0.13301,70,0.13303,50,0.13304,270
1753592009728,04:53:29.728,mexc,AERGO/USDT:USDT,0.13302,59,0.13301,70,0.13303,50,0.13304,270
1753592010131,04:53:30.131,mexc,AERGO/USDT:USDT,0.13302,59,0.13301,70,0.13303,50,0.13304,270
1753592010328,04:53:30.328,mexc,AERGO/USDT:USDT,0.13301,365,0.133,69,0.13302,246,0.13303,345
1753592010394,04:53:30.394,mexc,AERGO/USDT:USDT,0.13301,365,0.133,69,0.13302,246,0.13303,345
1753592010797,04:53:30.797,mexc,AERGO/USDT:USDT,0.13301,365,0.133,69,0.13302,246,0.13303,345
1753592010801,04:53:30.801,mexc,AERGO/USDT:USDT,0.13301,365,0.133,69,0.13302,246,0.13303,345
1753592011201,04:53:31.201,mexc,AERGO/USDT:USDT,0.13301,365,0.133,69,0.13302,246,0.13303,345
1753592011304,04:53:31.304,mexc,AERGO/USDT:USDT,0.13301,365,0.133,69,0.13302,246,0.13303,345
1753592011701,04:53:31.701,mexc,AERGO/USDT:USDT,0.13301,365,0.133,69,0.13302,246,0.13303,345
1753592011801,04:53:31.801,mexc,AERGO/USDT:USDT,0.13301,365,0.133,69,0.13302,246,0.13303,419
1753592012202,04:53:32.202,mexc,AERGO/USDT:USDT,0.13301,365,0.133,69,0.13302,246,0.13303,419
1753592012304,04:53:32.304,mexc,AERGO/USDT:USDT,0.13301,365,0.133,69,0.13302,246,0.13303,549
1753592012701,04:53:32.701,mexc,AERGO/USDT:USDT,0.13301,365,0.133,69,0.13302,246,0.13303,440
1753592012801,04:53:32.801,mexc,AERGO/USDT:USDT,0.13301,365,0.133,98,0.13302,246,0.13303,515
1753592013182,04:53:33.182,mexc,AERGO/USDT:USDT,0.13301,365,0.133,98,0.13302,246,0.13303,515
1753592013301,04:53:33.301,mexc,AERGO/USDT:USDT,0.13301,365,0.133,81,0.13302,246,0.13303,345
1753592013702,04:53:33.702,mexc,AERGO/USDT:USDT,0.13301,365,0.133,81,0.13302,246,0.13303,345
1753592013800,04:53:33.800,mexc,AERGO/USDT:USDT,0.13301,365,0.133,98,0.13302,246,0.13303,384
1753592014202,04:53:34.202,mexc,AERGO/USDT:USDT,0.13301,365,0.133,98,0.13302,246,0.13303,345
1753592014300,04:53:34.300,mexc,AERGO/USDT:USDT,0.13301,365,0.133,69,0.13302,246,0.13303,345
1753592014702,04:53:34.702,mexc,AERGO/USDT:USDT,0.13301,365,0.133,69,0.13302,246,0.13303,345
1753592014804,04:53:34.804,mexc,AERGO/USDT:USDT,0.13301,365,0.133,92,0.13302,246,0.13303,499
1753592015203,04:53:35.203,mexc,AERGO/USDT:USDT,0.13301,365,0.133,92,0.13302,246,0.13303,499
1753592015300,04:53:35.300,mexc,AERGO/USDT:USDT,0.13301,365,0.133,69,0.13302,246,0.13303,434
1753592015703,04:53:35.703,mexc,AERGO/USDT:USDT,0.13301,365,0.133,69,0.13302,246,0.13303,345
1753592015803,04:53:35.803,mexc,AERGO/USDT:USDT,0.13301,365,0.133,69,0.13302,246,0.13303,345
1753592016204,04:53:36.204,mexc,AERGO/USDT:USDT,0.13301,365,0.133,69,0.13302,246,0.13303,345
1753592016397,04:53:36.397,mexc,AERGO/USDT:USDT,0.13301,300,0.133,82,0.13302,263,0.13303,475
1753592016806,04:53:36.806,mexc,AERGO/USDT:USDT,0.13301,300,0.133,82,0.13302,263,0.13303,475
1753592016809,04:53:36.809,mexc,AERGO/USDT:USDT,0.13301,300,0.133,97,0.13302,263,0.13303,678
1753592017210,04:53:37.210,mexc,AERGO/USDT:USDT,0.13301,300,0.133,97,0.13302,263,0.13303,678
1753592017309,04:53:37.309,mexc,AERGO/USDT:USDT,0.13301,300,0.133,82,0.13302,263,0.13303,662
1753592017707,04:53:37.707,mexc,AERGO/USDT:USDT,0.13301,300,0.133,82,0.13302,263,0.13303,662
1753592017809,04:53:37.809,mexc,AERGO/USDT:USDT,0.13301,300,0.133,115,0.13302,263,0.13303,475
1753592018209,04:53:38.209,mexc,AERGO/USDT:USDT,0.13301,300,0.133,115,0.13302,263,0.13303,475
1753592018308,04:53:38.308,mexc,AERGO/USDT:USDT,0.13301,300,0.133,120,0.13302,263,0.13303,475
1753592018708,04:53:38.708,mexc,AERGO/USDT:USDT,0.13301,300,0.133,120,0.13302,263,0.13303,475
1753592018808,04:53:38.808,mexc,AERGO/USDT:USDT,0.13301,300,0.133,82,0.13302,263,0.13303,475
1753592019182,04:53:39.182,mexc,AERGO/USDT:USDT,0.13301,300,0.133,82,0.13302,263,0.13303,475
1753592019307,04:53:39.307,mexc,AERGO/USDT:USDT,0.13301,300,0.133,109,0.13302,263,0.13303,475
1753592019709,04:53:39.709,mexc,AERGO/USDT:USDT,0.13301,300,0.133,109,0.13302,263,0.13303,475
1753592019806,04:53:39.806,mexc,AERGO/USDT:USDT,0.13301,300,0.133,82,0.13302,263,0.13303,475
1753592020211,04:53:40.211,mexc,AERGO/USDT:USDT,0.13301,300,0.133,82,0.13302,263,0.13303,475
1753592020308,04:53:40.308,mexc,AERGO/USDT:USDT,0.13301,300,0.133,91,0.13302,263,0.13303,475
1753592020709,04:53:40.709,mexc,AERGO/USDT:USDT,0.13301,300,0.133,91,0.13302,263,0.13303,475
1753592020811,04:53:40.811,mexc,AERGO/USDT:USDT,0.13301,300,0.133,106,0.13302,263,0.13303,475
1753592021211,04:53:41.211,mexc,AERGO/USDT:USDT,0.13301,300,0.133,106,0.13302,263,0.13303,475
1753592021309,04:53:41.309,mexc,AERGO/USDT:USDT,0.13301,300,0.133,113,0.13302,263,0.13303,693
1753592021710,04:53:41.710,mexc,AERGO/USDT:USDT,0.13301,300,0.133,113,0.13302,263,0.13303,475
1753592021808,04:53:41.808,mexc,AERGO/USDT:USDT,0.13301,300,0.133,144,0.13302,263,0.13303,475
1753592022210,04:53:42.210,mexc,AERGO/USDT:USDT,0.13301,300,0.133,119,0.13302,263,0.13303,475
1753592022400,04:53:42.400,mexc,AERGO/USDT:USDT,0.13301,378,0.133,133,0.13302,514,0.13303,57
1753592022808,04:53:42.808,mexc,AERGO/USDT:USDT,0.13301,378,0.133,133,0.13302,514,0.13303,57
1753592022809,04:53:42.809,mexc,AERGO/USDT:USDT,0.13301,378,0.133,133,0.13302,514,0.13303,57
1753592023210,04:53:43.210,mexc,AERGO/USDT:USDT,0.13301,378,0.133,133,0.13302,514,0.13303,57
1753592023307,04:53:43.307,mexc,AERGO/USDT:USDT,0.13301,378,0.133,159,0.13302,514,0.13303,57
1753592023710,04:53:43.710,mexc,AERGO/USDT:USDT,0.13301,378,0.133,159,0.13302,514,0.13303,57
1753592023809,04:53:43.809,mexc,AERGO/USDT:USDT,0.13301,378,0.133,167,0.13302,514,0.13303,57
1753592024211,04:53:44.211,mexc,AERGO/USDT:USDT,0.13301,378,0.133,133,0.13302,514,0.13303,57
1753592024308,04:53:44.308,mexc,AERGO/USDT:USDT,0.13301,378,0.133,133,0.13302,514,0.13303,57
1753592024711,04:53:44.711,mexc,AERGO/USDT:USDT,0.13301,378,0.133,133,0.13302,514,0.13303,57
1753592024812,04:53:44.812,mexc,AERGO/USDT:USDT,0.13301,378,0.133,133,0.13302,514,0.13303,86
1753592025186,04:53:45.186,mexc,AERGO/USDT:USDT,0.13301,378,0.133,133,0.13302,514,0.13303,86
1753592025312,04:53:45.312,mexc,AERGO/USDT:USDT,0.13301,378,0.133,174,0.13302,514,0.13303,57
1753592025713,04:53:45.713,mexc,AERGO/USDT:USDT,0.13301,378,0.133,174,0.13302,514,0.13303,57
1753592025810,04:53:45.810,mexc,AERGO/USDT:USDT,0.13301,378,0.133,133,0.13302,514,0.13303,80
1753592026212,04:53:46.212,mexc,AERGO/USDT:USDT,0.13301,378,0.133,133,0.13302,514,0.13303,80
1753592026314,04:53:46.314,mexc,AERGO/USDT:USDT,0.13301,378,0.133,188,0.13302,514,0.13303,80
1753592026713,04:53:46.713,mexc,AERGO/USDT:USDT,0.13301,378,0.133,188,0.13302,514,0.13303,80
1753592026814,04:53:46.814,mexc,AERGO/USDT:USDT,0.13301,378,0.133,133,0.13302,514,0.13303,66
1753592027213,04:53:47.213,mexc,AERGO/USDT:USDT,0.13301,378,0.133,133,0.13302,514,0.13303,66
1753592027313,04:53:47.313,mexc,AERGO/USDT:USDT,0.13301,378,0.133,133,0.13302,514,0.13303,57
1753592027492,04:53:47.492,mexc,AERGO/USDT:USDT,0.13301,378,0.133,133,0.13302,514,0.13303,57
1753592027814,04:53:47.814,mexc,AERGO/USDT:USDT,0.13301,378,0.133,133,0.13302,514,0.13303,79
1753592028214,04:53:48.214,mexc,AERGO/USDT:USDT,0.13301,378,0.133,133,0.13302,514,0.13303,79
1753592028331,04:53:48.331,mexc,AERGO/USDT:USDT,0.13301,42,0.133,387,0.13302,613,0.13303,93
1753592028810,04:53:48.810,mexc,AERGO/USDT:USDT,0.13301,42,0.133,515,0.13302,613,0.13303,93
1753592028815,04:53:48.815,mexc,AERGO/USDT:USDT,0.13301,42,0.133,515,0.13302,613,0.13303,93
1753592029218,04:53:49.218,mexc,AERGO/USDT:USDT,0.13301,42,0.133,387,0.13302,613,0.13303,93
1753592029320,04:53:49.320,mexc,AERGO/USDT:USDT,0.13301,42,0.133,387,0.13302,613,0.13303,102
1753592029714,04:53:49.714,mexc,AERGO/USDT:USDT,0.13301,42,0.133,387,0.13302,613,0.13303,93
1753592029812,04:53:49.812,mexc,AERGO/USDT:USDT,0.13301,42,0.133,434,0.13302,613,0.13303,93
1753592030216,04:53:50.216,mexc,AERGO/USDT:USDT,0.13301,42,0.133,434,0.13302,613,0.13303,93
1753592030314,04:53:50.314,mexc,AERGO/USDT:USDT,0.13301,42,0.133,387,0.13302,613,0.13303,93
1753592030715,04:53:50.715,mexc,AERGO/USDT:USDT,0.13301,42,0.133,387,0.13302,613,0.13303,93
1753592030813,04:53:50.813,mexc,AERGO/USDT:USDT,0.13301,42,0.133,533,0.13302,613,0.13303,93
1753592031185,04:53:51.185,mexc,AERGO/USDT:USDT,0.13301,42,0.133,533,0.13302,613,0.13303,93
1753592031315,04:53:51.315,mexc,AERGO/USDT:USDT,0.13301,42,0.133,387,0.13302,613,0.13303,93
1753592031715,04:53:51.715,mexc,AERGO/USDT:USDT,0.13301,42,0.133,387,0.13302,613,0.13303,93
1753592031814,04:53:51.814,mexc,AERGO/USDT:USDT,0.13301,42,0.133,387,0.13302,613,0.13303,126
1753592032216,04:53:52.216,mexc,AERGO/USDT:USDT,0.13301,42,0.133,387,0.13302,613,0.13303,126
1753592032315,04:53:52.315,mexc,AERGO/USDT:USDT,0.13301,42,0.133,387,0.13302,613,0.13303,93
1753592032716,04:53:52.716,mexc,AERGO/USDT:USDT,0.13301,42,0.133,387,0.13302,613,0.13303,93
1753592032816,04:53:52.816,mexc,AERGO/USDT:USDT,0.13301,42,0.133,387,0.13302,613,0.13303,146
1753592033217,04:53:53.217,mexc,AERGO/USDT:USDT,0.13301,42,0.133,387,0.13302,613,0.13303,146
1753592033316,04:53:53.316,mexc,AERGO/USDT:USDT,0.13301,42,0.133,579,0.13302,613,0.13303,133
1753592033503,04:53:53.503,mexc,AERGO/USDT:USDT,0.13301,42,0.133,579,0.13302,613,0.13303,133
1753592033818,04:53:53.818,mexc,AERGO/USDT:USDT,0.13301,42,0.133,453,0.13302,613,0.13303,105
1753592034217,04:53:54.217,mexc,AERGO/USDT:USDT,0.13301,42,0.133,453,0.13302,613,0.13303,105
1753592034332,04:53:54.332,mexc,AERGO/USDT:USDT,0.13301,1485,0.133,336,0.13302,568,0.13303,102
1753592034815,04:53:54.815,mexc,AERGO/USDT:USDT,0.13301,1485,0.133,336,0.13302,568,0.13303,102
1753592034816,04:53:54.816,mexc,AERGO/USDT:USDT,0.13301,1485,0.133,336,0.13302,568,0.13303,102
1753592035219,04:53:55.219,mexc,AERGO/USDT:USDT,0.13301,1485,0.133,336,0.13302,568,0.13303,102
1753592035315,04:53:55.315,mexc,AERGO/USDT:USDT,0.13301,1485,0.133,336,0.13302,568,0.13303,102
1753592035716,04:53:55.716,mexc,AERGO/USDT:USDT,0.13301,1485,0.133,336,0.13302,568,0.13303,102
1753592035817,04:53:55.817,mexc,AERGO/USDT:USDT,0.13301,1485,0.133,398,0.13302,568,0.13303,102
1753592036217,04:53:56.217,mexc,AERGO/USDT:USDT,0.13301,1485,0.133,398,0.13302,568,0.13303,102
1753592036315,04:53:56.315,mexc,AERGO/USDT:USDT,0.13301,1485,0.133,336,0.13302,568,0.13303,150
1753592036717,04:53:56.717,mexc,AERGO/USDT:USDT,0.13301,1485,0.133,336,0.13302,568,0.13303,102
1753592036816,04:53:56.816,mexc,AERGO/USDT:USDT,0.13301,1485,0.133,587,0.13302,568,0.13303,102
1753592037187,04:53:57.187,mexc,AERGO/USDT:USDT,0.13301,1485,0.133,587,0.13302,568,0.13303,102
1753592037316,04:53:57.316,mexc,AERGO/USDT:USDT,0.13301,1485,0.133,419,0.13302,568,0.13303,102
1753592037721,04:53:57.721,mexc,AERGO/USDT:USDT,0.13301,1485,0.133,336,0.13302,568,0.13303,102
1753592037820,04:53:57.820,mexc,AERGO/USDT:USDT,0.13301,1485,0.133,336,0.13302,568,0.13303,102
1753592038221,04:53:58.221,mexc,AERGO/USDT:USDT,0.13301,1485,0.133,336,0.13302,568,0.13303,102
1753592038317,04:53:58.317,mexc,AERGO/USDT:USDT,0.13301,1485,0.133,411,0.13302,568,0.13303,102
1753592038719,04:53:58.719,mexc,AERGO/USDT:USDT,0.13301,1485,0.133,411,0.13302,568,0.13303,102
1753592038817,04:53:58.817,mexc,AERGO/USDT:USDT,0.13301,1485,0.133,336,0.13302,568,0.13303,102
1753592039218,04:53:59.218,mexc,AERGO/USDT:USDT,0.13301,1485,0.133,336,0.13302,568,0.13303,102
1753592039317,04:53:59.317,mexc,AERGO/USDT:USDT,0.13301,1485,0.133,336,0.13302,568,0.13303,166
1753592039505,04:53:59.505,mexc,AERGO/USDT:USDT,0.13301,1485,0.133,336,0.13302,568,0.13303,166
1753592039817,04:53:59.817,mexc,AERGO/USDT:USDT,0.13301,1485,0.133,336,0.13302,568,0.13303,102
1753592040219,04:54:00.219,mexc,AERGO/USDT:USDT,0.13301,1485,0.133,336,0.13302,568,0.13303,102
1753592040333,04:54:00.333,mexc,AERGO/USDT:USDT,0.13301,1684,0.133,313,0.13302,450,0.13303,128
1753592040817,04:54:00.817,mexc,AERGO/USDT:USDT,0.13301,1684,0.133,313,0.13302,450,0.13303,128
1753592040819,04:54:00.819,mexc,AERGO/USDT:USDT,0.13301,1684,0.133,313,0.13302,450,0.13303,142
1753592041222,04:54:01.222,mexc,AERGO/USDT:USDT,0.13301,1684,0.133,313,0.13302,450,0.13303,142
1753592041316,04:54:01.316,mexc,AERGO/USDT:USDT,0.13301,1684,0.133,356,0.13302,450,0.13303,128
1753592041718,04:54:01.718,mexc,AERGO/USDT:USDT,0.13301,1684,0.133,313,0.13302,450,0.13303,128
1753592041818,04:54:01.818,mexc,AERGO/USDT:USDT,0.13301,1684,0.133,313,0.13302,450,0.13303,168
1753592042219,04:54:02.219,mexc,AERGO/USDT:USDT,0.13301,1684,0.133,313,0.13302,450,0.13303,168
1753592042317,04:54:02.317,mexc,AERGO/USDT:USDT,0.13301,1684,0.133,426,0.13302,450,0.13303,128
1753592042719,04:54:02.719,mexc,AERGO/USDT:USDT,0.13301,1684,0.133,426,0.13302,450,0.13303,128
1753592042818,04:54:02.818,mexc,AERGO/USDT:USDT,0.13301,1684,0.133,448,0.13302,450,0.13303,128
1753592043190,04:54:03.190,mexc,AERGO/USDT:USDT,0.13301,1684,0.133,448,0.13302,450,0.13303,128
1753592043317,04:54:03.317,mexc,AERGO/USDT:USDT,0.13301,1684,0.133,467,0.13302,450,0.13303,128
1753592043719,04:54:03.719,mexc,AERGO/USDT:USDT,0.13301,1684,0.133,313,0.13302,450,0.13303,128
1753592043818,04:54:03.818,mexc,AERGO/USDT:USDT,0.13301,1684,0.133,313,0.13302,450,0.13303,128
1753592044221,04:54:04.221,mexc,AERGO/USDT:USDT,0.13301,1684,0.133,313,0.13302,450,0.13303,128
1753592044317,04:54:04.317,mexc,AERGO/USDT:USDT,0.13301,1684,0.133,313,0.13302,450,0.13303,158
1753592044720,04:54:04.720,mexc,AERGO/USDT:USDT,0.13301,1684,0.133,313,0.13302,450,0.13303,158
1753592044819,04:54:04.819,mexc,AERGO/USDT:USDT,0.13301,1684,0.133,313,0.13302,450,0.13303,153
1753592045222,04:54:05.222,mexc,AERGO/USDT:USDT,0.13301,1684,0.133,313,0.13302,450,0.13303,153
1753592045319,04:54:05.319,mexc,AERGO/USDT:USDT,0.13301,1684,0.133,313,0.13302,450,0.13303,179
1753592045509,04:54:05.509,mexc,AERGO/USDT:USDT,0.13301,1684,0.133,313,0.13302,450,0.13303,179
1753592045819,04:54:05.819,mexc,AERGO/USDT:USDT,0.13301,1684,0.133,352,0.13302,450,0.13303,128
1753592046220,04:54:06.220,mexc,AERGO/USDT:USDT,0.13301,1684,0.133,313,0.13302,450,0.13303,128
1753592046335,04:54:06.335,mexc,AERGO/USDT:USDT,0.13301,1379,0.133,266,0.13302,573,0.13303,118
1753592046819,04:54:06.819,mexc,AERGO/USDT:USDT,0.13301,1379,0.133,266,0.13302,573,0.13303,134
1753592046819,04:54:06.819,mexc,AERGO/USDT:USDT,0.13301,1379,0.133,266,0.13302,573,0.13303,171
1753592047221,04:54:07.221,mexc,AERGO/USDT:USDT,0.13301,1379,0.133,266,0.13302,573,0.13303,155
1753592047320,04:54:07.320,mexc,AERGO/USDT:USDT,0.13301,1379,0.133,266,0.13302,573,0.13303,183
1753592047721,04:54:07.721,mexc,AERGO/USDT:USDT,0.13301,1379,0.133,266,0.13302,573,0.13303,134
1753592047820,04:54:07.820,mexc,AERGO/USDT:USDT,0.13301,1379,0.133,266,0.13302,573,0.13303,150
1753592048225,04:54:08.225,mexc,AERGO/USDT:USDT,0.13301,1379,0.133,266,0.13302,573,0.13303,150
1753592048321,04:54:08.321,mexc,AERGO/USDT:USDT,0.13301,1379,0.133,266,0.13302,573,0.13303,132
1753592048720,04:54:08.720,mexc,AERGO/USDT:USDT,0.13301,1379,0.133,266,0.13302,573,0.13303,132
1753592048820,04:54:08.820,mexc,AERGO/USDT:USDT,0.13301,1379,0.133,374,0.13302,573,0.13303,161
1753592049191,04:54:09.191,mexc,AERGO/USDT:USDT,0.13301,1379,0.133,374,0.13302,573,0.13303,161
1753592049320,04:54:09.320,mexc,AERGO/USDT:USDT,0.13301,1379,0.133,298,0.13302,573,0.13303,154
1753592049722,04:54:09.722,mexc,AERGO/USDT:USDT,0.13301,1379,0.133,298,0.13302,573,0.13303,154
1753592049820,04:54:09.820,mexc,AERGO/USDT:USDT,0.13301,1379,0.133,266,0.13302,573,0.13303,118
1753592050223,04:54:10.223,mexc,AERGO/USDT:USDT,0.13301,1379,0.133,266,0.13302,573,0.13303,118
1753592050320,04:54:10.320,mexc,AERGO/USDT:USDT,0.13301,1379,0.133,266,0.13302,573,0.13303,175
1753592050722,04:54:10.722,mexc,AERGO/USDT:USDT,0.13301,1379,0.133,266,0.13302,573,0.13303,118
1753592050822,04:54:10.822,mexc,AERGO/USDT:USDT,0.13301,1379,0.133,381,0.13302,573,0.13303,166
1753592051223,04:54:11.223,mexc,AERGO/USDT:USDT,0.13301,1379,0.133,381,0.13302,573,0.13303,166
1753592051321,04:54:11.321,mexc,AERGO/USDT:USDT,0.13301,1379,0.133,328,0.13302,573,0.13303,118
1753592051678,04:54:11.678,mexc,AERGO/USDT:USDT,0.13301,1379,0.133,328,0.13302,573,0.13303,118
1753592051825,04:54:11.825,mexc,AERGO/USDT:USDT,0.13301,1379,0.133,266,0.13302,573,0.13303,118
1753592052223,04:54:12.223,mexc,AERGO/USDT:USDT,0.13301,1379,0.133,266,0.13302,573,0.13303,118
1753592052341,04:54:12.341,mexc,AERGO/USDT:USDT,0.13301,2026,0.133,342,0.13302,543,0.13303,48
1753592052822,04:54:12.822,mexc,AERGO/USDT:USDT,0.13301,2026,0.133,342,0.13302,543,0.13303,48
1753592052826,04:54:12.826,mexc,AERGO/USDT:USDT,0.13301,2026,0.133,342,0.13302,543,0.13303,57
1753592053225,04:54:13.225,mexc,AERGO/USDT:USDT,0.13301,2026,0.133,342,0.13302,543,0.13303,57
1753592053322,04:54:13.322,mexc,AERGO/USDT:USDT,0.13301,2026,0.133,430,0.13302,543,0.13303,70
1753592053726,04:54:13.726,mexc,AERGO/USDT:USDT,0.13301,2026,0.133,430,0.13302,543,0.13303,70
1753592053822,04:54:13.822,mexc,AERGO/USDT:USDT,0.13301,2026,0.133,398,0.13302,543,0.13303,61
1753592054223,04:54:14.223,mexc,AERGO/USDT:USDT,0.13301,2026,0.133,398,0.13302,543,0.13303,61
1753592054322,04:54:14.322,mexc,AERGO/USDT:USDT,0.13301,2026,0.133,459,0.13302,543,0.13303,65
1753592054725,04:54:14.725,mexc,AERGO/USDT:USDT,0.13301,2026,0.133,459,0.13302,543,0.13303,65
1753592054823,04:54:14.823,mexc,AERGO/USDT:USDT,0.13301,2026,0.133,342,0.13302,543,0.13303,48
1753592055196,04:54:15.196,mexc,AERGO/USDT:USDT,0.13301,2026,0.133,342,0.13302,543,0.13303,48
1753592055323,04:54:15.323,mexc,AERGO/USDT:USDT,0.13301,2026,0.133,342,0.13302,543,0.13303,48
1753592055727,04:54:15.727,mexc,AERGO/USDT:USDT,0.13301,2026,0.133,342,0.13302,543,0.13303,48
1753592055822,04:54:15.822,mexc,AERGO/USDT:USDT,0.13301,2026,0.133,502,0.13302,543,0.13303,48
1753592056225,04:54:16.225,mexc,AERGO/USDT:USDT,0.13301,2026,0.133,502,0.13302,543,0.13303,48
1753592056323,04:54:16.323,mexc,AERGO/USDT:USDT,0.13301,2026,0.133,342,0.13302,543,0.13303,64
1753592056728,04:54:16.728,mexc,AERGO/USDT:USDT,0.13301,2026,0.133,342,0.13302,543,0.13303,64
1753592056825,04:54:16.825,mexc,AERGO/USDT:USDT,0.13301,2026,0.133,342,0.13302,543,0.13303,48
1753592057226,04:54:17.226,mexc,AERGO/USDT:USDT,0.13301,2026,0.133,342,0.13302,543,0.13303,48
1753592057324,04:54:17.324,mexc,AERGO/USDT:USDT,0.13301,2026,0.133,342,0.13302,543,0.13303,69
1753592057675,04:54:17.675,mexc,AERGO/USDT:USDT,0.13301,2026,0.133,342,0.13302,543,0.13303,69
1753592057825,04:54:17.825,mexc,AERGO/USDT:USDT,0.13301,2026,0.133,455,0.13302,543,0.13303,48
1753592058225,04:54:18.225,mexc,AERGO/USDT:USDT,0.13301,2026,0.133,455,0.13302,543,0.13303,48
1753592058413,04:54:18.413,mexc,AERGO/USDT:USDT,0.13301,1881,0.133,319,0.13302,580,0.13303,96
1753592058907,04:54:18.907,mexc,AERGO/USDT:USDT,0.13301,1881,0.133,319,0.13302,580,0.13303,96
1753592058908,04:54:18.908,mexc,AERGO/USDT:USDT,0.13301,1881,0.133,319,0.13302,580,0.13303,128
1753592059405,04:54:19.405,mexc,AERGO/USDT:USDT,0.13301,1881,0.133,319,0.13302,580,0.13303,96
1753592059405,04:54:19.405,mexc,AERGO/USDT:USDT,0.13301,1881,0.133,319,0.13302,580,0.13303,134
1753592059901,04:54:19.901,mexc,AERGO/USDT:USDT,0.13301,1881,0.133,319,0.13302,580,0.13303,96
1753592059904,04:54:19.904,mexc,AERGO/USDT:USDT,0.13301,1881,0.133,319,0.13302,580,0.13303,109
1753592060305,04:54:20.305,mexc,AERGO/USDT:USDT,0.13301,1881,0.133,319,0.13302,580,0.13303,109
1753592060401,04:54:20.401,mexc,AERGO/USDT:USDT,0.13301,1881,0.133,319,0.13302,580,0.13303,96
1753592060803,04:54:20.803,mexc,AERGO/USDT:USDT,0.13301,1881,0.133,319,0.13302,580,0.13303,96
1753592060903,04:54:20.903,mexc,AERGO/USDT:USDT,0.13301,1881,0.133,319,0.13302,580,0.13303,138
1753592061207,04:54:21.207,mexc,AERGO/USDT:USDT,0.13301,1881,0.133,319,0.13302,580,0.13303,138
1753592061403,04:54:21.403,mexc,AERGO/USDT:USDT,0.13301,1881,0.133,319,0.13302,580,0.13303,96
1753592061803,04:54:21.803,mexc,AERGO/USDT:USDT,0.13301,1881,0.133,319,0.13302,580,0.13303,96
1753592061905,04:54:21.905,mexc,AERGO/USDT:USDT,0.13301,1881,0.133,451,0.13302,580,0.13303,96
1753592062305,04:54:22.305,mexc,AERGO/USDT:USDT,0.13301,1881,0.133,451,0.13302,580,0.13303,96
1753592062403,04:54:22.403,mexc,AERGO/USDT:USDT,0.13301,1881,0.133,319,0.13302,580,0.13303,96
1753592062803,04:54:22.803,mexc,AERGO/USDT:USDT,0.13301,1881,0.133,319,0.13302,580,0.13303,96
1753592062902,04:54:22.902,mexc,AERGO/USDT:USDT,0.13301,1881,0.133,319,0.13302,580,0.13303,96
1753592063303,04:54:23.303,mexc,AERGO/USDT:USDT,0.13301,1881,0.133,319,0.13302,580,0.13303,96
1753592063402,04:54:23.402,mexc,AERGO/USDT:USDT,0.13301,1881,0.133,319,0.13302,580,0.13303,96
1753592063682,04:54:23.682,mexc,AERGO/USDT:USDT,0.13301,1881,0.133,319,0.13302,580,0.13303,96
1753592063903,04:54:23.903,mexc,AERGO/USDT:USDT,0.13301,1881,0.133,403,0.13302,580,0.13303,136
1753592064305,04:54:24.305,mexc,AERGO/USDT:USDT,0.13301,1881,0.133,403,0.13302,580,0.13303,136
1753592064417,04:54:24.417,mexc,AERGO/USDT:USDT,0.13301,1846,0.133,286,0.13302,446,0.13303,123
1753592064907,04:54:24.907,mexc,AERGO/USDT:USDT,0.13301,1846,0.133,396,0.13302,446,0.13303,123
1753592064907,04:54:24.907,mexc,AERGO/USDT:USDT,0.13301,1846,0.133,396,0.13302,446,0.13303,123
1753592065308,04:54:25.308,mexc,AERGO/USDT:USDT,0.13301,1846,0.133,286,0.13302,446,0.13303,123
1753592065405,04:54:25.405,mexc,AERGO/USDT:USDT,0.13301,1846,0.133,346,0.13302,446,0.13303,159
1753592065818,04:54:25.818,mexc,AERGO/USDT:USDT,0.13301,1846,0.133,346,0.13302,446,0.13303,159
1753592065906,04:54:25.906,mexc,AERGO/USDT:USDT,0.13301,1846,0.133,286,0.13302,446,0.13303,123
1753592066306,04:54:26.306,mexc,AERGO/USDT:USDT,0.13301,1846,0.133,286,0.13302,446,0.13303,123
1753592066407,04:54:26.407,mexc,AERGO/USDT:USDT,0.13301,1846,0.133,286,0.13302,446,0.13303,123
1753592066806,04:54:26.806,mexc,AERGO/USDT:USDT,0.13301,1846,0.133,286,0.13302,446,0.13303,123
1753592066910,04:54:26.910,mexc,AERGO/USDT:USDT,0.13301,1846,0.133,362,0.13302,446,0.13303,141
1753592067206,04:54:27.206,mexc,AERGO/USDT:USDT,0.13301,1846,0.133,362,0.13302,446,0.13303,141
1753592067402,04:54:27.402,mexc,AERGO/USDT:USDT,0.13301,1846,0.133,286,0.13302,446,0.13303,123
1753592067806,04:54:27.806,mexc,AERGO/USDT:USDT,0.13301,1846,0.133,286,0.13302,446,0.13303,123
1753592067905,04:54:27.905,mexc,AERGO/USDT:USDT,0.13301,1846,0.133,286,0.13302,446,0.13303,123
1753592068306,04:54:28.306,mexc,AERGO/USDT:USDT,0.13301,1846,0.133,286,0.13302,446,0.13303,123
1753592068405,04:54:28.405,mexc,AERGO/USDT:USDT,0.13301,1846,0.133,286,0.13302,446,0.13303,159
1753592068804,04:54:28.804,mexc,AERGO/USDT:USDT,0.13301,1846,0.133,286,0.13302,446,0.13303,159
1753592068908,04:54:28.908,mexc,AERGO/USDT:USDT,0.13301,1846,0.133,512,0.13302,446,0.13303,197
1753592069308,04:54:29.308,mexc,AERGO/USDT:USDT,0.13301,1846,0.133,512,0.13302,446,0.13303,168
1753592069408,04:54:29.408,mexc,AERGO/USDT:USDT,0.13301,1846,0.133,286,0.13302,446,0.13303,123
1753592069614,04:54:29.614,mexc,AERGO/USDT:USDT,0.13301,1846,0.133,286,0.13302,446,0.13303,123
1753592069909,04:54:29.909,mexc,AERGO/USDT:USDT,0.13301,1846,0.133,286,0.13302,446,0.13303,163
1753592070309,04:54:30.309,mexc,AERGO/USDT:USDT,0.13301,1846,0.133,286,0.13302,446,0.13303,123
1753592070419,04:54:30.419,mexc,AERGO/USDT:USDT,0.13301,1563,0.133,304,0.13302,188,0.13303,109
1753592070908,04:54:30.908,mexc,AERGO/USDT:USDT,0.13301,1563,0.133,304,0.13302,188,0.13303,145
1753592070908,04:54:30.908,mexc,AERGO/USDT:USDT,0.13301,1563,0.133,438,0.13302,188,0.13303,199
1753592071311,04:54:31.311,mexc,AERGO/USDT:USDT,0.13301,1563,0.133,438,0.13302,188,0.13303,163
1753592071406,04:54:31.406,mexc,AERGO/USDT:USDT,0.13301,1563,0.133,446,0.13302,188,0.13303,109
1753592071809,04:54:31.809,mexc,AERGO/USDT:USDT,0.13301,1563,0.133,446,0.13302,188,0.13303,109
1753592071907,04:54:31.907,mexc,AERGO/USDT:USDT,0.13301,1563,0.133,304,0.13302,188,0.13303,109
1753592072312,04:54:32.312,mexc,AERGO/USDT:USDT,0.13301,1563,0.133,304,0.13302,188,0.13303,109
1753592072407,04:54:32.407,mexc,AERGO/USDT:USDT,0.13301,1563,0.133,304,0.13302,188,0.13303,132
1753592072813,04:54:32.813,mexc,AERGO/USDT:USDT,0.13301,1563,0.133,304,0.13302,188,0.13303,109
1753592072907,04:54:32.907,mexc,AERGO/USDT:USDT,0.13301,1563,0.133,352,0.13302,188,0.13303,125
1753592073213,04:54:33.213,mexc,AERGO/USDT:USDT,0.13301,1563,0.133,352,0.13302,188,0.13303,125
1753592073408,04:54:33.408,mexc,AERGO/USDT:USDT,0.13301,1563,0.133,390,0.13302,188,0.13303,109
1753592073812,04:54:33.812,mexc,AERGO/USDT:USDT,0.13301,1563,0.133,304,0.13302,188,0.13303,109
1753592073909,04:54:33.909,mexc,AERGO/USDT:USDT,0.13301,1563,0.133,304,0.13302,188,0.13303,141
1753592074322,04:54:34.322,mexc,AERGO/USDT:USDT,0.13301,1563,0.133,304,0.13302,188,0.13303,109
1753592074408,04:54:34.408,mexc,AERGO/USDT:USDT,0.13301,1563,0.133,412,0.13302,188,0.13303,128
1753592074812,04:54:34.812,mexc,AERGO/USDT:USDT,0.13301,1563,0.133,304,0.13302,188,0.13303,128
1753592074908,04:54:34.908,mexc,AERGO/USDT:USDT,0.13301,1563,0.133,304,0.13302,188,0.13303,156
1753592075313,04:54:35.313,mexc,AERGO/USDT:USDT,0.13301,1563,0.133,304,0.13302,188,0.13303,156
1753592075472,04:54:35.472,mexc,AERGO/USDT:USDT,0.13301,1563,0.133,304,0.13302,188,0.13303,109
1753592075617,04:54:35.617,mexc,AERGO/USDT:USDT,0.13301,1563,0.133,304,0.13302,188,0.13303,109
1753592075910,04:54:35.910,mexc,AERGO/USDT:USDT,0.13301,1563,0.133,304,0.13302,188,0.13303,109
1753592076314,04:54:36.314,mexc,AERGO/USDT:USDT,0.13301,1563,0.133,304,0.13302,188,0.13303,109
1753592076421,04:54:36.421,mexc,AERGO/USDT:USDT,0.13301,2248,0.133,269,0.13302,233,0.13303,112
1753592076909,04:54:36.909,mexc,AERGO/USDT:USDT,0.13301,2248,0.133,269,0.13302,233,0.13303,148
1753592076910,04:54:36.910,mexc,AERGO/USDT:USDT,0.13301,2248,0.133,269,0.13302,233,0.13303,148
1753592077312,04:54:37.312,mexc,AERGO/USDT:USDT,0.13301,2248,0.133,269,0.13302,233,0.13303,148
1753592077411,04:54:37.411,mexc,AERGO/USDT:USDT,0.13301,2248,0.133,269,0.13302,233,0.13303,112
1753592077811,04:54:37.811,mexc,AERGO/USDT:USDT,0.13301,2248,0.133,269,0.13302,233,0.13303,112
1753592077909,04:54:37.909,mexc,AERGO/USDT:USDT,0.13301,2248,0.133,336,0.13302,233,0.13303,166
1753592078311,04:54:38.311,mexc,AERGO/USDT:USDT,0.13301,2248,0.133,297,0.13302,233,0.13303,166
1753592078410,04:54:38.410,mexc,AERGO/USDT:USDT,0.13301,2248,0.133,269,0.13302,233,0.13303,112
1753592078811,04:54:38.811,mexc,AERGO/USDT:USDT,0.13301,2248,0.133,269,0.13302,233,0.13303,112
1753592078909,04:54:38.909,mexc,AERGO/USDT:USDT,0.13301,2248,0.133,393,0.13302,233,0.13303,112
1753592079212,04:54:39.212,mexc,AERGO/USDT:USDT,0.13301,2248,0.133,393,0.13302,233,0.13303,112
1753592079410,04:54:39.410,mexc,AERGO/USDT:USDT,0.13301,2248,0.133,338,0.13302,233,0.13303,174
1753592079813,04:54:39.813,mexc,AERGO/USDT:USDT,0.13301,2248,0.133,269,0.13302,233,0.13303,174
1753592079911,04:54:39.911,mexc,AERGO/USDT:USDT,0.13301,2248,0.133,348,0.13302,233,0.13303,153
1753592080311,04:54:40.311,mexc,AERGO/USDT:USDT,0.13301,2248,0.133,348,0.13302,233,0.13303,112
1753592080413,04:54:40.413,mexc,AERGO/USDT:USDT,0.13301,2248,0.133,269,0.13302,233,0.13303,163
1753592080811,04:54:40.811,mexc,AERGO/USDT:USDT,0.13301,2248,0.133,269,0.13302,233,0.13303,163
1753592080910,04:54:40.910,mexc,AERGO/USDT:USDT,0.13301,2248,0.133,269,0.13302,233,0.13303,112
1753592081313,04:54:41.313,mexc,AERGO/USDT:USDT,0.13301,2248,0.133,269,0.13302,233,0.13303,112
1753592081411,04:54:41.411,mexc,AERGO/USDT:USDT,0.13301,2248,0.133,335,0.13302,233,0.13303,112
1753592081778,04:54:41.778,mexc,AERGO/USDT:USDT,0.13301,2248,0.133,335,0.13302,233,0.13303,112
1753592081908,04:54:41.908,mexc,AERGO/USDT:USDT,0.13301,2248,0.133,377,0.13302,233,0.13303,112
1753592082312,04:54:42.312,mexc,AERGO/USDT:USDT,0.13301,2248,0.133,377,0.13302,233,0.13303,112
1753592082423,04:54:42.423,mexc,AERGO/USDT:USDT,0.13302,956,0.13301,2132,0.13303,61,0.13304,121
1753592082909,04:54:42.909,mexc,AERGO/USDT:USDT,0.13302,956,0.13301,2132,0.13303,61,0.13304,121
1753592082910,04:54:42.910,mexc,AERGO/USDT:USDT,0.13302,956,0.13301,3185,0.13303,61,0.13304,121
1753592083311,04:54:43.311,mexc,AERGO/USDT:USDT,0.13302,956,0.13301,3185,0.13303,61,0.13304,121
1753592083409,04:54:43.409,mexc,AERGO/USDT:USDT,0.13302,956,0.13301,2899,0.13303,61,0.13304,121
1753592083814,04:54:43.814,mexc,AERGO/USDT:USDT,0.13302,956,0.13301,2899,0.13303,61,0.13304,121
1753592083912,04:54:43.912,mexc,AERGO/USDT:USDT,0.13302,956,0.13301,2894,0.13303,61,0.13304,121
1753592084312,04:54:44.312,mexc,AERGO/USDT:USDT,0.13302,956,0.13301,2132,0.13303,61,0.13304,121
1753592084411,04:54:44.411,mexc,AERGO/USDT:USDT,0.13302,956,0.13301,2764,0.13303,61,0.13304,121
1753592084813,04:54:44.813,mexc,AERGO/USDT:USDT,0.13302,956,0.13301,2132,0.13303,61,0.13304,121
1753592084909,04:54:44.909,mexc,AERGO/USDT:USDT,0.13302,956,0.13301,2780,0.13303,61,0.13304,121
1753592085216,04:54:45.216,mexc,AERGO/USDT:USDT,0.13302,956,0.13301,2780,0.13303,61,0.13304,121
1753592085410,04:54:45.410,mexc,AERGO/USDT:USDT,0.13302,956,0.13301,2132,0.13303,61,0.13304,121
1753592085811,04:54:45.811,mexc,AERGO/USDT:USDT,0.13302,956,0.13301,2132,0.13303,61,0.13304,121
1753592085914,04:54:45.914,mexc,AERGO/USDT:USDT,0.13302,956,0.13301,3656,0.13303,61,0.13304,121
1753592086313,04:54:46.313,mexc,AERGO/USDT:USDT,0.13302,956,0.13301,2619,0.13303,61,0.13304,121
1753592086409,04:54:46.409,mexc,AERGO/USDT:USDT,0.13302,956,0.13301,2132,0.13303,61,0.13304,121
1753592086815,04:54:46.815,mexc,AERGO/USDT:USDT,0.13302,956,0.13301,2132,0.13303,61,0.13304,121
1753592086913,04:54:46.913,mexc,AERGO/USDT:USDT,0.13302,956,0.13301,2132,0.13303,61,0.13304,121
1753592087313,04:54:47.313,mexc,AERGO/USDT:USDT,0.13302,956,0.13301,2132,0.13303,61,0.13304,121
1753592087412,04:54:47.412,mexc,AERGO/USDT:USDT,0.13302,956,0.13301,2132,0.13303,61,0.13304,121
1753592087813,04:54:47.813,mexc,AERGO/USDT:USDT,0.13302,956,0.13301,2132,0.13303,61,0.13304,121
1753592087914,04:54:47.914,mexc,AERGO/USDT:USDT,0.13302,956,0.13301,4084,0.13303,61,0.13304,121
1753592088314,04:54:48.314,mexc,AERGO/USDT:USDT,0.13302,956,0.13301,4084,0.13303,61,0.13304,121
1753592088430,04:54:48.430,mexc,AERGO/USDT:USDT,0.13304,920,0.13303,1910,0.13305,61,0.13306,1643
1753592088910,04:54:48.910,mexc,AERGO/USDT:USDT,0.13304,920,0.13303,1910,0.13305,61,0.13306,1643
1753592088913,04:54:48.913,mexc,AERGO/USDT:USDT,0.13304,920,0.13303,2541,0.13305,61,0.13306,2061
1753592089316,04:54:49.316,mexc,AERGO/USDT:USDT,0.13304,920,0.13303,2541,0.13305,61,0.13306,2061
1753592089413,04:54:49.413,mexc,AERGO/USDT:USDT,0.13304,920,0.13303,1910,0.13305,61,0.13306,2225
1753592089815,04:54:49.815,mexc,AERGO/USDT:USDT,0.13304,920,0.13303,1910,0.13305,61,0.13306,1643
1753592089913,04:54:49.913,mexc,AERGO/USDT:USDT,0.13304,920,0.13303,2303,0.13305,61,0.13306,1643
1753592090316,04:54:50.316,mexc,AERGO/USDT:USDT,0.13304,920,0.13303,1910,0.13305,61,0.13306,1643
1753592090413,04:54:50.413,mexc,AERGO/USDT:USDT,0.13304,920,0.13303,2651,0.13305,61,0.13306,2370
1753592090818,04:54:50.818,mexc,AERGO/USDT:USDT,0.13304,920,0.13303,2651,0.13305,61,0.13306,1643
1753592090913,04:54:50.913,mexc,AERGO/USDT:USDT,0.13304,920,0.13303,2524,0.13305,61,0.13306,2128
1753592091318,04:54:51.318,mexc,AERGO/USDT:USDT,0.13304,920,0.13303,2524,0.13305,61,0.13306,2128
1753592091413,04:54:51.413,mexc,AERGO/USDT:USDT,0.13304,920,0.13303,2326,0.13305,61,0.13306,1643
1753592091814,04:54:51.814,mexc,AERGO/USDT:USDT,0.13304,920,0.13303,2326,0.13305,61,0.13306,1643
1753592091916,04:54:51.916,mexc,AERGO/USDT:USDT,0.13304,920,0.13303,2725,0.13305,61,0.13306,1643
1753592092317,04:54:52.317,mexc,AERGO/USDT:USDT,0.13304,920,0.13303,2725,0.13305,61,0.13306,1643
1753592092414,04:54:52.414,mexc,AERGO/USDT:USDT,0.13304,920,0.13303,2797,0.13305,61,0.13306,1643
1753592092818,04:54:52.818,mexc,AERGO/USDT:USDT,0.13304,920,0.13303,2797,0.13305,61,0.13306,1643
1753592092914,04:54:52.914,mexc,AERGO/USDT:USDT,0.13304,920,0.13303,1910,0.13305,61,0.13306,2029
1753592093317,04:54:53.317,mexc,AERGO/USDT:USDT,0.13304,920,0.13303,1910,0.13305,61,0.13306,1643
1753592093415,04:54:53.415,mexc,AERGO/USDT:USDT,0.13304,920,0.13303,1910,0.13305,61,0.13306,2402
1753592093820,04:54:53.820,mexc,AERGO/USDT:USDT,0.13304,920,0.13303,1910,0.13305,61,0.13306,2402
1753592093917,04:54:53.917,mexc,AERGO/USDT:USDT,0.13304,920,0.13303,2454,0.13305,61,0.13306,1643
1753592094324,04:54:54.324,mexc,AERGO/USDT:USDT,0.13304,920,0.13303,2454,0.13305,61,0.13306,1643
1753592094429,04:54:54.429,mexc,AERGO/USDT:USDT,0.13305,974,0.13304,955,0.13306,83,0.13307,1513
1753592094915,04:54:54.915,mexc,AERGO/USDT:USDT,0.13305,974,0.13304,955,0.13306,83,0.13307,1801
1753592094915,04:54:54.915,mexc,AERGO/USDT:USDT,0.13305,974,0.13304,955,0.13306,83,0.13307,2498
1753592095319,04:54:55.319,mexc,AERGO/USDT:USDT,0.13305,974,0.13304,955,0.13306,83,0.13307,2498
1753592095417,04:54:55.417,mexc,AERGO/USDT:USDT,0.13305,974,0.13304,955,0.13306,83,0.13307,2247
1753592095827,04:54:55.827,mexc,AERGO/USDT:USDT,0.13305,974,0.13304,955,0.13306,83,0.13307,2247
1753592095916,04:54:55.916,mexc,AERGO/USDT:USDT,0.13305,974,0.13304,1425,0.13306,83,0.13307,1513
1753592096263,04:54:56.263,mexc,AERGO/USDT:USDT,0.13305,974,0.13304,1425,0.13306,83,0.13307,1513
1753592096417,04:54:56.417,mexc,AERGO/USDT:USDT,0.13305,974,0.13304,1098,0.13306,83,0.13307,2216
1753592096821,04:54:56.821,mexc,AERGO/USDT:USDT,0.13305,974,0.13304,1098,0.13306,83,0.13307,2216
1753592096917,04:54:56.917,mexc,AERGO/USDT:USDT,0.13305,974,0.13304,1546,0.13306,83,0.13307,2737
1753592097320,04:54:57.320,mexc,AERGO/USDT:USDT,0.13305,974,0.13304,1546,0.13306,83,0.13307,2041
1753592097417,04:54:57.417,mexc,AERGO/USDT:USDT,0.13305,974,0.13304,1164,0.13306,83,0.13307,1513
1753592097822,04:54:57.822,mexc,AERGO/USDT:USDT,0.13305,974,0.13304,1164,0.13306,83,0.13307,1513
1753592097919,04:54:57.919,mexc,AERGO/USDT:USDT,0.13305,974,0.13304,955,0.13306,83,0.13307,1950
1753592098323,04:54:58.323,mexc,AERGO/USDT:USDT,0.13305,974,0.13304,955,0.13306,83,0.13307,1950
1753592098419,04:54:58.419,mexc,AERGO/USDT:USDT,0.13305,974,0.13304,955,0.13306,83,0.13307,2127
1753592098821,04:54:58.821,mexc,AERGO/USDT:USDT,0.13305,974,0.13304,955,0.13306,83,0.13307,2127
1753592098918,04:54:58.918,mexc,AERGO/USDT:USDT,0.13305,974,0.13304,955,0.13306,83,0.13307,1681
1753592099321,04:54:59.321,mexc,AERGO/USDT:USDT,0.13305,974,0.13304,955,0.13306,83,0.13307,1681
1753592099420,04:54:59.420,mexc,AERGO/USDT:USDT,0.13305,974,0.13304,955,0.13306,83,0.13307,2015
1753592099823,04:54:59.823,mexc,AERGO/USDT:USDT,0.13305,974,0.13304,955,0.13306,83,0.13307,2015
1753592099917,04:54:59.917,mexc,AERGO/USDT:USDT,0.13305,974,0.13304,1264,0.13306,83,0.13307,1513
1753592100320,04:55:00.320,mexc,AERGO/USDT:USDT,0.13305,974,0.13304,1264,0.13306,83,0.13307,1513
1753592100430,04:55:00.430,mexc,AERGO/USDT:USDT,0.13305,70,0.13304,882,0.13306,53,0.13307,1293
1753592100919,04:55:00.919,mexc,AERGO/USDT:USDT,0.13305,70,0.13304,882,0.13306,53,0.13307,1753
1753592100921,04:55:00.921,mexc,AERGO/USDT:USDT,0.13305,70,0.13304,882,0.13306,53,0.13307,1753
1753592101324,04:55:01.324,mexc,AERGO/USDT:USDT,0.13305,70,0.13304,882,0.13306,53,0.13307,1753
1753592101424,04:55:01.424,mexc,AERGO/USDT:USDT,0.13305,70,0.13304,1319,0.13306,53,0.13307,1293
1753592101824,04:55:01.824,mexc,AERGO/USDT:USDT,0.13305,70,0.13304,882,0.13306,53,0.13307,1293
1753592101919,04:55:01.919,mexc,AERGO/USDT:USDT,0.13305,70,0.13304,1060,0.13306,53,0.13307,1549
1753592102265,04:55:02.265,mexc,AERGO/USDT:USDT,0.13305,70,0.13304,1060,0.13306,53,0.13307,1549
1753592102426,04:55:02.426,mexc,AERGO/USDT:USDT,0.13305,70,0.13304,882,0.13306,53,0.13307,1293
1753592102825,04:55:02.825,mexc,AERGO/USDT:USDT,0.13305,70,0.13304,882,0.13306,53,0.13307,1293
1753592102923,04:55:02.923,mexc,AERGO/USDT:USDT,0.13305,70,0.13304,882,0.13306,53,0.13307,1293
1753592103326,04:55:03.326,mexc,AERGO/USDT:USDT,0.13305,70,0.13304,882,0.13306,53,0.13307,1293
1753592103420,04:55:03.420,mexc,AERGO/USDT:USDT,0.13305,70,0.13304,1259,0.13306,53,0.13307,1759
1753592103828,04:55:03.828,mexc,AERGO/USDT:USDT,0.13305,70,0.13304,1259,0.13306,53,0.13307,1759
1753592103919,04:55:03.919,mexc,AERGO/USDT:USDT,0.13305,70,0.13304,1280,0.13306,53,0.13307,1293
1753592104328,04:55:04.328,mexc,AERGO/USDT:USDT,0.13305,70,0.13304,1280,0.13306,53,0.13307,1293
1753592104421,04:55:04.421,mexc,AERGO/USDT:USDT,0.13305,70,0.13304,882,0.13306,53,0.13307,1293
1753592104825,04:55:04.825,mexc,AERGO/USDT:USDT,0.13305,70,0.13304,882,0.13306,53,0.13307,1293
1753592104923,04:55:04.923,mexc,AERGO/USDT:USDT,0.13305,70,0.13304,1256,0.13306,53,0.13307,1293
1753592105325,04:55:05.325,mexc,AERGO/USDT:USDT,0.13305,70,0.13304,882,0.13306,53,0.13307,1293
1753592105424,04:55:05.424,mexc,AERGO/USDT:USDT,0.13305,70,0.13304,882,0.13306,53,0.13307,1293
1753592105775,04:55:05.775,mexc,AERGO/USDT:USDT,0.13305,70,0.13304,882,0.13306,53,0.13307,1293
1753592105927,04:55:05.927,mexc,AERGO/USDT:USDT,0.13305,70,0.13304,1212,0.13306,53,0.13307,1293
1753592106331,04:55:06.331,mexc,AERGO/USDT:USDT,0.13305,70,0.13304,996,0.13306,53,0.13307,1293
1753592106435,04:55:06.435,mexc,AERGO/USDT:USDT,0.13307,1233,0.13306,158,0.13308,307,0.13309,47
1753592106922,04:55:06.922,mexc,AERGO/USDT:USDT,0.13307,1233,0.13306,158,0.13308,307,0.13309,47
1753592106927,04:55:06.927,mexc,AERGO/USDT:USDT,0.13307,1233,0.13306,182,0.13308,307,0.13309,52
1753592107326,04:55:07.326,mexc,AERGO/USDT:USDT,0.13307,1233,0.13306,182,0.13308,307,0.13309,52
1753592107491,04:55:07.491,mexc,AERGO/USDT:USDT,0.13314,1337,0.13313,140,0.13315,3225,0.13316,10441
1753592107922,04:55:07.922,mexc,AERGO/USDT:USDT,0.13314,1337,0.13313,140,0.13315,3225,0.13316,10441
1753592107929,04:55:07.929,mexc,AERGO/USDT:USDT,0.13314,1337,0.13313,140,0.13315,3225,0.13316,10448
1753592108324,04:55:08.324,mexc,AERGO/USDT:USDT,0.13314,1337,0.13313,140,0.13315,3225,0.13316,10448
1753592108429,04:55:08.429,mexc,AERGO/USDT:USDT,0.13314,1337,0.13313,173,0.13315,3225,0.13316,10441
1753592108825,04:55:08.825,mexc,AERGO/USDT:USDT,0.13314,1337,0.13313,140,0.13315,3225,0.13316,10441
1753592108927,04:55:08.927,mexc,AERGO/USDT:USDT,0.13314,1337,0.13313,140,0.13315,3225,0.13316,10441
1753592109326,04:55:09.326,mexc,AERGO/USDT:USDT,0.13314,1337,0.13313,140,0.13315,3225,0.13316,10441
1753592109428,04:55:09.428,mexc,AERGO/USDT:USDT,0.13314,1337,0.13313,140,0.13315,3225,0.13316,10441
1753592109826,04:55:09.826,mexc,AERGO/USDT:USDT,0.13314,1337,0.13313,140,0.13315,3225,0.13316,10441
1753592109929,04:55:09.929,mexc,AERGO/USDT:USDT,0.13314,1337,0.13313,140,0.13315,3225,0.13316,10447
1753592110325,04:55:10.325,mexc,AERGO/USDT:USDT,0.13314,1337,0.13313,140,0.13315,3225,0.13316,10447
1753592110428,04:55:10.428,mexc,AERGO/USDT:USDT,0.13314,1337,0.13313,191,0.13315,3225,0.13316,10456
1753592110827,04:55:10.827,mexc,AERGO/USDT:USDT,0.13314,1337,0.13313,191,0.13315,3225,0.13316,10456
1753592110941,04:55:10.941,mexc,AERGO/USDT:USDT,0.13314,1337,0.13313,190,0.13315,3225,0.13316,10441
1753592111327,04:55:11.327,mexc,AERGO/USDT:USDT,0.13314,1337,0.13313,140,0.13315,3225,0.13316,10441
1753592111427,04:55:11.427,mexc,AERGO/USDT:USDT,0.13314,1337,0.13313,140,0.13315,3225,0.13316,10457
1753592111833,04:55:11.833,mexc,AERGO/USDT:USDT,0.13314,1337,0.13313,140,0.13315,3225,0.13316,10457
1753592111929,04:55:11.929,mexc,AERGO/USDT:USDT,0.13314,1337,0.13313,140,0.13315,3225,0.13316,10441
1753592112326,04:55:12.326,mexc,AERGO/USDT:USDT,0.13314,1337,0.13313,140,0.13315,3225,0.13316,10441
1753592112430,04:55:12.430,mexc,AERGO/USDT:USDT,0.13314,1337,0.13313,140,0.13315,3225,0.13316,10441
1753592112826,04:55:12.826,mexc,AERGO/USDT:USDT,0.13314,1337,0.13313,140,0.13315,3225,0.13316,10441
1753592112929,04:55:12.929,mexc,AERGO/USDT:USDT,0.13314,1337,0.13313,140,0.13315,3225,0.13316,10441
1753592113328,04:55:13.328,mexc,AERGO/USDT:USDT,0.13314,1337,0.13313,140,0.13315,3225,0.13316,10441
1753592113428,04:55:13.428,mexc,AERGO/USDT:USDT,0.13314,1610,0.13313,110,0.13315,827,0.13316,110
1753592113925,04:55:13.925,mexc,AERGO/USDT:USDT,0.13314,1610,0.13313,154,0.13315,827,0.13316,110
1753592113929,04:55:13.929,mexc,AERGO/USDT:USDT,0.13314,1610,0.13313,154,0.13315,827,0.13316,110
1753592114330,04:55:14.330,mexc,AERGO/USDT:USDT,0.13314,1610,0.13313,110,0.13315,827,0.13316,110
1753592114429,04:55:14.429,mexc,AERGO/USDT:USDT,0.13314,1610,0.13313,110,0.13315,827,0.13316,110
1753592114829,04:55:14.829,mexc,AERGO/USDT:USDT,0.13314,1610,0.13313,110,0.13315,827,0.13316,110
1753592114932,04:55:14.932,mexc,AERGO/USDT:USDT,0.13314,1610,0.13313,110,0.13315,827,0.13316,132
1753592115328,04:55:15.328,mexc,AERGO/USDT:USDT,0.13314,1610,0.13313,110,0.13315,827,0.13316,132
1753592115429,04:55:15.429,mexc,AERGO/USDT:USDT,0.13314,1610,0.13313,110,0.13315,827,0.13316,127
1753592115828,04:55:15.828,mexc,AERGO/USDT:USDT,0.13314,1610,0.13313,110,0.13315,827,0.13316,127
1753592115929,04:55:15.929,mexc,AERGO/USDT:USDT,0.13314,1610,0.13313,110,0.13315,827,0.13316,149
1753592116330,04:55:16.330,mexc,AERGO/USDT:USDT,0.13314,1610,0.13313,110,0.13315,827,0.13316,149
1753592116429,04:55:16.429,mexc,AERGO/USDT:USDT,0.13314,1610,0.13313,156,0.13315,827,0.13316,110
1753592116832,04:55:16.832,mexc,AERGO/USDT:USDT,0.13314,1610,0.13313,110,0.13315,827,0.13316,110
1753592116946,04:55:16.946,mexc,AERGO/USDT:USDT,0.13314,1610,0.13313,158,0.13315,827,0.13316,134
1753592117331,04:55:17.331,mexc,AERGO/USDT:USDT,0.13314,1610,0.13313,158,0.13315,827,0.13316,134
1753592117430,04:55:17.430,mexc,AERGO/USDT:USDT,0.13314,1610,0.13313,110,0.13315,827,0.13316,138
1753592117834,04:55:17.834,mexc,AERGO/USDT:USDT,0.13314,1610,0.13313,110,0.13315,827,0.13316,138
1753592117933,04:55:17.933,mexc,AERGO/USDT:USDT,0.13314,1610,0.13313,129,0.13315,827,0.13316,110
1753592118333,04:55:18.333,mexc,AERGO/USDT:USDT,0.13314,1610,0.13313,129,0.13315,827,0.13316,110
1753592118432,04:55:18.432,mexc,AERGO/USDT:USDT,0.13314,1610,0.13313,110,0.13315,827,0.13316,110
1753592118831,04:55:18.831,mexc,AERGO/USDT:USDT,0.13314,1610,0.13313,110,0.13315,827,0.13316,110
1753592118931,04:55:18.931,mexc,AERGO/USDT:USDT,0.13314,1610,0.13313,141,0.13315,827,0.13316,110
1753592119332,04:55:19.332,mexc,AERGO/USDT:USDT,0.13314,1610,0.13313,141,0.13315,827,0.13316,110
1753592119432,04:55:19.432,mexc,AERGO/USDT:USDT,0.13315,704,0.13314,1399,0.13316,891,0.13317,104
1753592119928,04:55:19.928,mexc,AERGO/USDT:USDT,0.13315,704,0.13314,1399,0.13316,891,0.13317,104
1753592119930,04:55:19.930,mexc,AERGO/USDT:USDT,0.13315,704,0.13314,1399,0.13316,891,0.13317,104
1753592120330,04:55:20.330,mexc,AERGO/USDT:USDT,0.13315,704,0.13314,1399,0.13316,891,0.13317,104
1753592120429,04:55:20.429,mexc,AERGO/USDT:USDT,0.13315,704,0.13314,1399,0.13316,891,0.13317,146
1753592120831,04:55:20.831,mexc,AERGO/USDT:USDT,0.13315,704,0.13314,1399,0.13316,891,0.13317,146
1753592120932,04:55:20.932,mexc,AERGO/USDT:USDT,0.13315,704,0.13314,1399,0.13316,891,0.13317,104
1753592121331,04:55:21.331,mexc,AERGO/USDT:USDT,0.13315,704,0.13314,1399,0.13316,891,0.13317,104
1753592121430,04:55:21.430,mexc,AERGO/USDT:USDT,0.13315,704,0.13314,1399,0.13316,891,0.13317,140
1753592121831,04:55:21.831,mexc,AERGO/USDT:USDT,0.13315,704,0.13314,1399,0.13316,891,0.13317,140
1753592121930,04:55:21.930,mexc,AERGO/USDT:USDT,0.13315,704,0.13314,1857,0.13316,891,0.13317,104
1753592122336,04:55:22.336,mexc,AERGO/USDT:USDT,0.13315,704,0.13314,1399,0.13316,891,0.13317,104
1753592122433,04:55:22.433,mexc,AERGO/USDT:USDT,0.13315,704,0.13314,2009,0.13316,891,0.13317,121
1753592122831,04:55:22.831,mexc,AERGO/USDT:USDT,0.13315,704,0.13314,2009,0.13316,891,0.13317,121
1753592122944,04:55:22.944,mexc,AERGO/USDT:USDT,0.13315,704,0.13314,1399,0.13316,891,0.13317,104
1753592123332,04:55:23.332,mexc,AERGO/USDT:USDT,0.13315,704,0.13314,1399,0.13316,891,0.13317,104
1753592123431,04:55:23.431,mexc,AERGO/USDT:USDT,0.13315,704,0.13314,1399,0.13316,891,0.13317,114
1753592123775,04:55:23.775,mexc,AERGO/USDT:USDT,0.13315,704,0.13314,1399,0.13316,891,0.13317,114
1753592123933,04:55:23.933,mexc,AERGO/USDT:USDT,0.13315,704,0.13314,2025,0.13316,891,0.13317,104
1753592124333,04:55:24.333,mexc,AERGO/USDT:USDT,0.13315,704,0.13314,2025,0.13316,891,0.13317,104
1753592124432,04:55:24.432,mexc,AERGO/USDT:USDT,0.13315,704,0.13314,1399,0.13316,891,0.13317,148
1753592124835,04:55:24.835,mexc,AERGO/USDT:USDT,0.13315,704,0.13314,1399,0.13316,891,0.13317,148
1753592124935,04:55:24.935,mexc,AERGO/USDT:USDT,0.13315,704,0.13314,1543,0.13316,891,0.13317,104
1753592125335,04:55:25.335,mexc,AERGO/USDT:USDT,0.13315,704,0.13314,1543,0.13316,891,0.13317,104
1753592125435,04:55:25.435,mexc,AERGO/USDT:USDT,0.13315,916,0.13314,386,0.13316,736,0.13317,87
1753592125929,04:55:25.929,mexc,AERGO/USDT:USDT,0.13315,916,0.13314,435,0.13316,736,0.13317,87
1753592125933,04:55:25.933,mexc,AERGO/USDT:USDT,0.13315,916,0.13314,435,0.13316,736,0.13317,87
1753592126333,04:55:26.333,mexc,AERGO/USDT:USDT,0.13315,916,0.13314,386,0.13316,736,0.13317,87
1753592126433,04:55:26.433,mexc,AERGO/USDT:USDT,0.13315,916,0.13314,386,0.13316,736,0.13317,87
1753592126833,04:55:26.833,mexc,AERGO/USDT:USDT,0.13315,916,0.13314,386,0.13316,736,0.13317,87
1753592126934,04:55:26.934,mexc,AERGO/USDT:USDT,0.13315,916,0.13314,386,0.13316,736,0.13317,109
1753592127334,04:55:27.334,mexc,AERGO/USDT:USDT,0.13315,916,0.13314,386,0.13316,736,0.13317,109
1753592127435,04:55:27.435,mexc,AERGO/USDT:USDT,0.13315,916,0.13314,470,0.13316,736,0.13317,87
1753592127834,04:55:27.834,mexc,AERGO/USDT:USDT,0.13315,916,0.13314,386,0.13316,736,0.13317,87
1753592127934,04:55:27.934,mexc,AERGO/USDT:USDT,0.13315,916,0.13314,542,0.13316,736,0.13317,87
1753592128336,04:55:28.336,mexc,AERGO/USDT:USDT,0.13315,916,0.13314,501,0.13316,736,0.13317,87
1753592128436,04:55:28.436,mexc,AERGO/USDT:USDT,0.13315,916,0.13314,638,0.13316,736,0.13317,87
1753592128836,04:55:28.836,mexc,AERGO/USDT:USDT,0.13315,916,0.13314,540,0.13316,736,0.13317,87
1753592128954,04:55:28.954,mexc,AERGO/USDT:USDT,0.13315,916,0.13314,386,0.13316,736,0.13317,95
1753592129335,04:55:29.335,mexc,AERGO/USDT:USDT,0.13315,916,0.13314,386,0.13316,736,0.13317,95
1753592129435,04:55:29.435,mexc,AERGO/USDT:USDT,0.13315,916,0.13314,386,0.13316,736,0.13317,99
1753592129897,04:55:29.897,mexc,AERGO/USDT:USDT,0.13315,916,0.13314,386,0.13316,736,0.13317,99
1753592129934,04:55:29.934,mexc,AERGO/USDT:USDT,0.13315,916,0.13314,386,0.13316,736,0.13317,87
1753592130334,04:55:30.334,mexc,AERGO/USDT:USDT,0.13315,916,0.13314,386,0.13316,736,0.13317,87
1753592130441,04:55:30.441,mexc,AERGO/USDT:USDT,0.13315,916,0.13314,386,0.13316,736,0.13317,126
1753592130837,04:55:30.837,mexc,AERGO/USDT:USDT,0.13315,916,0.13314,386,0.13316,736,0.13317,126
1753592130938,04:55:30.938,mexc,AERGO/USDT:USDT,0.13315,916,0.13314,539,0.13316,736,0.13317,87
1753592131336,04:55:31.336,mexc,AERGO/USDT:USDT,0.13315,916,0.13314,539,0.13316,736,0.13317,87
1753592131437,04:55:31.437,mexc,AERGO/USDT:USDT,0.13315,927,0.13314,484,0.13316,1145,0.13317,97
1753592131932,04:55:31.932,mexc,AERGO/USDT:USDT,0.13315,927,0.13314,484,0.13316,1145,0.13317,97
1753592131936,04:55:31.936,mexc,AERGO/USDT:USDT,0.13315,927,0.13314,722,0.13316,1145,0.13317,97
1753592132334,04:55:32.334,mexc,AERGO/USDT:USDT,0.13315,927,0.13314,722,0.13316,1145,0.13317,97
1753592132436,04:55:32.436,mexc,AERGO/USDT:USDT,0.13315,927,0.13314,484,0.13316,1145,0.13317,97
1753592132835,04:55:32.835,mexc,AERGO/USDT:USDT,0.13315,927,0.13314,484,0.13316,1145,0.13317,97
1753592132938,04:55:32.938,mexc,AERGO/USDT:USDT,0.13315,927,0.13314,484,0.13316,1145,0.13317,97
1753592133336,04:55:33.336,mexc,AERGO/USDT:USDT,0.13315,927,0.13314,484,0.13316,1145,0.13317,97
1753592133436,04:55:33.436,mexc,AERGO/USDT:USDT,0.13315,927,0.13314,484,0.13316,1145,0.13317,97
1753592133836,04:55:33.836,mexc,AERGO/USDT:USDT,0.13315,927,0.13314,484,0.13316,1145,0.13317,97
1753592133939,04:55:33.939,mexc,AERGO/USDT:USDT,0.13315,927,0.13314,585,0.13316,1145,0.13317,97
1753592134335,04:55:34.335,mexc,AERGO/USDT:USDT,0.13315,927,0.13314,484,0.13316,1145,0.13317,97
1753592134439,04:55:34.439,mexc,AERGO/USDT:USDT,0.13315,927,0.13314,484,0.13316,1145,0.13317,138
1753592134839,04:55:34.839,mexc,AERGO/USDT:USDT,0.13315,927,0.13314,484,0.13316,1145,0.13317,138
1753592134953,04:55:34.953,mexc,AERGO/USDT:USDT,0.13315,927,0.13314,484,0.13316,1145,0.13317,112
1753592135337,04:55:35.337,mexc,AERGO/USDT:USDT,0.13315,927,0.13314,484,0.13316,1145,0.13317,112
1753592135440,04:55:35.440,mexc,AERGO/USDT:USDT,0.13315,927,0.13314,484,0.13316,1145,0.13317,114
1753592135838,04:55:35.838,mexc,AERGO/USDT:USDT,0.13315,927,0.13314,484,0.13316,1145,0.13317,114
1753592135940,04:55:35.940,mexc,AERGO/USDT:USDT,0.13315,927,0.13314,549,0.13316,1145,0.13317,107
1753592136338,04:55:36.338,mexc,AERGO/USDT:USDT,0.13315,927,0.13314,484,0.13316,1145,0.13317,107
1753592136440,04:55:36.440,mexc,AERGO/USDT:USDT,0.13315,927,0.13314,674,0.13316,1145,0.13317,97
1753592136838,04:55:36.838,mexc,AERGO/USDT:USDT,0.13315,927,0.13314,484,0.13316,1145,0.13317,97
1753592136939,04:55:36.939,mexc,AERGO/USDT:USDT,0.13315,927,0.13314,674,0.13316,1145,0.13317,97
1753592137339,04:55:37.339,mexc,AERGO/USDT:USDT,0.13315,927,0.13314,674,0.13316,1145,0.13317,97
1753592137439,04:55:37.439,mexc,AERGO/USDT:USDT,0.13315,896,0.13314,411,0.13316,736,0.13317,114
1753592137934,04:55:37.934,mexc,AERGO/USDT:USDT,0.13315,896,0.13314,542,0.13316,736,0.13317,114
1753592137940,04:55:37.940,mexc,AERGO/USDT:USDT,0.13315,896,0.13314,542,0.13316,736,0.13317,114
1753592138341,04:55:38.341,mexc,AERGO/USDT:USDT,0.13315,896,0.13314,411,0.13316,736,0.13317,114
1753592138440,04:55:38.440,mexc,AERGO/USDT:USDT,0.13315,896,0.13314,570,0.13316,736,0.13317,164
1753592138839,04:55:38.839,mexc,AERGO/USDT:USDT,0.13315,896,0.13314,411,0.13316,736,0.13317,164
1753592138945,04:55:38.945,mexc,AERGO/USDT:USDT,0.13315,896,0.13314,486,0.13316,736,0.13317,114
1753592139340,04:55:39.340,mexc,AERGO/USDT:USDT,0.13315,896,0.13314,486,0.13316,736,0.13317,114
1753592139440,04:55:39.440,mexc,AERGO/USDT:USDT,0.13315,896,0.13314,582,0.13316,736,0.13317,114
1753592139845,04:55:39.845,mexc,AERGO/USDT:USDT,0.13315,896,0.13314,582,0.13316,736,0.13317,114
1753592139942,04:55:39.942,mexc,AERGO/USDT:USDT,0.13315,896,0.13314,540,0.13316,736,0.13317,114
1753592140340,04:55:40.340,mexc,AERGO/USDT:USDT,0.13315,896,0.13314,459,0.13316,736,0.13317,114
1753592140440,04:55:40.440,mexc,AERGO/USDT:USDT,0.13315,896,0.13314,411,0.13316,736,0.13317,144
1753592140841,04:55:40.841,mexc,AERGO/USDT:USDT,0.13315,896,0.13314,411,0.13316,736,0.13317,144
1753592140972,04:55:40.972,mexc,AERGO/USDT:USDT,0.13315,896,0.13314,469,0.13316,736,0.13317,114
1753592141341,04:55:41.341,mexc,AERGO/USDT:USDT,0.13315,896,0.13314,411,0.13316,736,0.13317,114
1753592141441,04:55:41.441,mexc,AERGO/USDT:USDT,0.13315,896,0.13314,527,0.13316,736,0.13317,114
1753592141840,04:55:41.840,mexc,AERGO/USDT:USDT,0.13315,896,0.13314,527,0.13316,736,0.13317,114
1753592141940,04:55:41.940,mexc,AERGO/USDT:USDT,0.13315,896,0.13314,411,0.13316,736,0.13317,114
1753592142341,04:55:42.341,mexc,AERGO/USDT:USDT,0.13315,896,0.13314,411,0.13316,736,0.13317,114
1753592142442,04:55:42.442,mexc,AERGO/USDT:USDT,0.13315,896,0.13314,411,0.13316,736,0.13317,114
1753592142842,04:55:42.842,mexc,AERGO/USDT:USDT,0.13315,896,0.13314,411,0.13316,736,0.13317,114
1753592142957,04:55:42.957,mexc,AERGO/USDT:USDT,0.13315,896,0.13314,738,0.13316,736,0.13317,114
1753592143341,04:55:43.341,mexc,AERGO/USDT:USDT,0.13315,896,0.13314,605,0.13316,736,0.13317,114
1753592143469,04:55:43.469,mexc,AERGO/USDT:USDT,0.13315,1135,0.13314,472,0.13316,1152,0.13317,81
1753592143938,04:55:43.938,mexc,AERGO/USDT:USDT,0.13315,1135,0.13314,660,0.13316,1152,0.13317,81
1753592143942,04:55:43.942,mexc,AERGO/USDT:USDT,0.13315,1135,0.13314,717,0.13316,1152,0.13317,90
1753592144344,04:55:44.344,mexc,AERGO/USDT:USDT,0.13315,1135,0.13314,529,0.13316,1152,0.13317,90
1753592144442,04:55:44.442,mexc,AERGO/USDT:USDT,0.13315,1135,0.13314,472,0.13316,1152,0.13317,154
1753592144842,04:55:44.842,mexc,AERGO/USDT:USDT,0.13315,1135,0.13314,472,0.13316,1152,0.13317,154
1753592144943,04:55:44.943,mexc,AERGO/USDT:USDT,0.13315,1135,0.13314,472,0.13316,1152,0.13317,81
1753592145342,04:55:45.342,mexc,AERGO/USDT:USDT,0.13315,1135,0.13314,472,0.13316,1152,0.13317,81
1753592145441,04:55:45.441,mexc,AERGO/USDT:USDT,0.13315,1135,0.13314,528,0.13316,1152,0.13317,98
1753592145841,04:55:45.841,mexc,AERGO/USDT:USDT,0.13315,1135,0.13314,528,0.13316,1152,0.13317,98
1753592145944,04:55:45.944,mexc,AERGO/USDT:USDT,0.13315,1135,0.13314,472,0.13316,1152,0.13317,117
1753592146343,04:55:46.343,mexc,AERGO/USDT:USDT,0.13315,1135,0.13314,472,0.13316,1152,0.13317,117
1753592146442,04:55:46.442,mexc,AERGO/USDT:USDT,0.13315,1135,0.13314,472,0.13316,1152,0.13317,81
1753592146843,04:55:46.843,mexc,AERGO/USDT:USDT,0.13315,1135,0.13314,472,0.13316,1152,0.13317,81
1753592146946,04:55:46.946,mexc,AERGO/USDT:USDT,0.13315,1135,0.13314,472,0.13316,1152,0.13317,103
1753592147343,04:55:47.343,mexc,AERGO/USDT:USDT,0.13315,1135,0.13314,472,0.13316,1152,0.13317,103
1753592147443,04:55:47.443,mexc,AERGO/USDT:USDT,0.13315,1135,0.13314,665,0.13316,1152,0.13317,81
1753592147779,04:55:47.779,mexc,AERGO/USDT:USDT,0.13315,1135,0.13314,665,0.13316,1152,0.13317,81
1753592147942,04:55:47.942,mexc,AERGO/USDT:USDT,0.13315,1135,0.13314,575,0.13316,1152,0.13317,106
1753592148344,04:55:48.344,mexc,AERGO/USDT:USDT,0.13315,1135,0.13314,575,0.13316,1152,0.13317,106
1753592148442,04:55:48.442,mexc,AERGO/USDT:USDT,0.13315,1135,0.13314,691,0.13316,1152,0.13317,81
1753592148846,04:55:48.846,mexc,AERGO/USDT:USDT,0.13315,1135,0.13314,691,0.13316,1152,0.13317,81
1753592148942,04:55:48.942,mexc,AERGO/USDT:USDT,0.13315,1135,0.13314,472,0.13316,1152,0.13317,113
1753592149345,04:55:49.345,mexc,AERGO/USDT:USDT,0.13315,1135,0.13314,472,0.13316,1152,0.13317,81
1753592149444,04:55:49.444,mexc,AERGO/USDT:USDT,0.13314,17283,0.13313,478,0.13315,42,0.13316,51
1753592149940,04:55:49.940,mexc,AERGO/USDT:USDT,0.13314,17283,0.13313,478,0.13315,42,0.13316,51
1753592149942,04:55:49.942,mexc,AERGO/USDT:USDT,0.13314,17283,0.13313,609,0.13315,42,0.13316,75
1753592150344,04:55:50.344,mexc,AERGO/USDT:USDT,0.13314,17283,0.13313,609,0.13315,42,0.13316,75
1753592150441,04:55:50.441,mexc,AERGO/USDT:USDT,0.13314,17283,0.13313,604,0.13315,42,0.13316,51
1753592150846,04:55:50.846,mexc,AERGO/USDT:USDT,0.13314,17283,0.13313,604,0.13315,42,0.13316,51
1753592150942,04:55:50.942,mexc,AERGO/USDT:USDT,0.13314,17283,0.13313,478,0.13315,42,0.13316,51
1753592151399,04:55:51.399,mexc,AERGO/USDT:USDT,0.13314,17283,0.13313,478,0.13315,42,0.13316,51
1753592151444,04:55:51.444,mexc,AERGO/USDT:USDT,0.13314,17283,0.13313,478,0.13315,42,0.13316,51
1753592151850,04:55:51.850,mexc,AERGO/USDT:USDT,0.13314,17283,0.13313,478,0.13315,42,0.13316,51
1753592151944,04:55:51.944,mexc,AERGO/USDT:USDT,0.13314,17283,0.13313,478,0.13315,42,0.13316,51
1753592152346,04:55:52.346,mexc,AERGO/USDT:USDT,0.13314,17283,0.13313,478,0.13315,42,0.13316,51
1753592152444,04:55:52.444,mexc,AERGO/USDT:USDT,0.13314,17283,0.13313,671,0.13315,42,0.13316,75
1753592152846,04:55:52.846,mexc,AERGO/USDT:USDT,0.13314,17283,0.13313,565,0.13315,42,0.13316,75
1753592152946,04:55:52.946,mexc,AERGO/USDT:USDT,0.13314,17283,0.13313,707,0.13315,42,0.13316,51
1753592153346,04:55:53.346,mexc,AERGO/USDT:USDT,0.13314,17283,0.13313,707,0.13315,42,0.13316,51
1753592153444,04:55:53.444,mexc,AERGO/USDT:USDT,0.13314,17283,0.13313,478,0.13315,42,0.13316,69
1753592153781,04:55:53.781,mexc,AERGO/USDT:USDT,0.13314,17283,0.13313,478,0.13315,42,0.13316,69
1753592153944,04:55:53.944,mexc,AERGO/USDT:USDT,0.13314,17283,0.13313,478,0.13315,42,0.13316,56
1753592154345,04:55:54.345,mexc,AERGO/USDT:USDT,0.13314,17283,0.13313,478,0.13315,42,0.13316,56
1753592154445,04:55:54.445,mexc,AERGO/USDT:USDT,0.13314,17283,0.13313,478,0.13315,42,0.13316,70
1753592154846,04:55:54.846,mexc,AERGO/USDT:USDT,0.13314,17283,0.13313,478,0.13315,42,0.13316,70
1753592154943,04:55:54.943,mexc,AERGO/USDT:USDT,0.13314,17283,0.13313,478,0.13315,42,0.13316,51
1753592155345,04:55:55.345,mexc,AERGO/USDT:USDT,0.13314,17283,0.13313,478,0.13315,42,0.13316,51
1753592155447,04:55:55.447,mexc,AERGO/USDT:USDT,0.13314,15245,0.13313,435,0.13315,42,0.13316,50
1753592155943,04:55:55.943,mexc,AERGO/USDT:USDT,0.13314,15245,0.13313,435,0.13315,42,0.13316,50
1753592155945,04:55:55.945,mexc,AERGO/USDT:USDT,0.13314,15245,0.13313,531,0.13315,42,0.13316,58
1753592156346,04:55:56.346,mexc,AERGO/USDT:USDT,0.13314,15245,0.13313,531,0.13315,42,0.13316,58
1753592156445,04:55:56.445,mexc,AERGO/USDT:USDT,0.13314,15245,0.13313,619,0.13315,42,0.13316,64
1753592156845,04:55:56.845,mexc,AERGO/USDT:USDT,0.13314,15245,0.13313,619,0.13315,42,0.13316,50
1753592156944,04:55:56.944,mexc,AERGO/USDT:USDT,0.13314,15245,0.13313,630,0.13315,42,0.13316,50
1753592157348,04:55:57.348,mexc,AERGO/USDT:USDT,0.13314,15245,0.13313,630,0.13315,42,0.13316,50
1753592157447,04:55:57.447,mexc,AERGO/USDT:USDT,0.13314,15245,0.13313,672,0.13315,42,0.13316,50
1753592157846,04:55:57.846,mexc,AERGO/USDT:USDT,0.13314,15245,0.13313,584,0.13315,42,0.13316,50
1753592157946,04:55:57.946,mexc,AERGO/USDT:USDT,0.13314,15245,0.13313,486,0.13315,42,0.13316,74
1753592158348,04:55:58.348,mexc,AERGO/USDT:USDT,0.13314,15245,0.13313,486,0.13315,42,0.13316,74
1753592158500,04:55:58.500,mexc,AERGO/USDT:USDT,0.13314,15245,0.13313,435,0.13315,42,0.13316,66
1753592158901,04:55:58.901,mexc,AERGO/USDT:USDT,0.13314,15245,0.13313,435,0.13315,42,0.13316,66
1753592159006,04:55:59.006,mexc,AERGO/USDT:USDT,0.13314,15245,0.13313,751,0.13315,42,0.13316,50
1753592159402,04:55:59.402,mexc,AERGO/USDT:USDT,0.13314,15245,0.13313,580,0.13315,42,0.13316,50
1753592159524,04:55:59.524,mexc,AERGO/USDT:USDT,0.13314,15245,0.13313,435,0.13315,42,0.13316,50
1753592159874,04:55:59.874,mexc,AERGO/USDT:USDT,0.13314,15245,0.13313,435,0.13315,42,0.13316,50
1753592160000,04:56:00.000,mexc,AERGO/USDT:USDT,0.13314,15245,0.13313,536,0.13315,42,0.13316,57
1753592160405,04:56:00.405,mexc,AERGO/USDT:USDT,0.13314,15245,0.13313,435,0.13315,42,0.13316,57
1753592160514,04:56:00.514,mexc,AERGO/USDT:USDT,0.13315,17209,0.13314,2310,0.13316,51,0.13317,78
1753592161000,04:56:01.000,mexc,AERGO/USDT:USDT,0.13315,17209,0.13314,2310,0.13316,51,0.13317,78
1753592161001,04:56:01.001,mexc,AERGO/USDT:USDT,0.13315,17209,0.13314,2576,0.13316,51,0.13317,78
1753592161404,04:56:01.404,mexc,AERGO/USDT:USDT,0.13315,17209,0.13314,2576,0.13316,51,0.13317,78
1753592161501,04:56:01.501,mexc,AERGO/USDT:USDT,0.13315,17209,0.13314,2310,0.13316,51,0.13317,109
1753592161903,04:56:01.903,mexc,AERGO/USDT:USDT,0.13315,17209,0.13314,2310,0.13316,51,0.13317,109
1753592162003,04:56:02.003,mexc,AERGO/USDT:USDT,0.13315,17209,0.13314,2310,0.13316,51,0.13317,78
1753592162312,04:56:02.312,mexc,AERGO/USDT:USDT,0.13315,17209,0.13314,2310,0.13316,51,0.13317,78
