timestamp,time,exchange,symbol,bid1_price,bid1_volume,bid2_price,bid2_volume,ask1_price,ask1_volume,ask2_price,ask2_volume
1753591889000,04:51:29.000,huobi,ADA/USDT:USDT,0.831991,96.0,0.831988,837.0,0.832021,96.0,0.832034,75.0
1753591889987,04:51:29.987,huobi,ADA/USDT:USDT,0.831996,120.0,0.831991,96.0,0.832021,96.0,0.832034,75.0
1753591890016,04:51:30.016,huobi,ADA/USDT:USDT,0.83202,96.0,0.831988,837.0,0.832021,96.0,0.832034,75.0
1753591890213,04:51:30.213,huobi,ADA/USDT:USDT,0.83202,96.0,0.83195,96.0,0.832021,96.0,0.832034,75.0
1753591890226,04:51:30.226,huobi,ADA/USDT:USDT,0.83195,96.0,0.831903,96.0,0.832021,96.0,0.832034,75.0
1753591890250,04:51:30.250,huobi,ADA/USDT:USDT,0.831903,96.0,0.831863,300.0,0.832021,96.0,0.832034,75.0
1753591890317,04:51:30.317,huobi,ADA/USDT:USDT,0.832,96.0,0.831912,120.0,0.832021,96.0,0.832034,75.0
1753591891068,04:51:31.068,huobi,ADA/USDT:USDT,0.832,96.0,0.831912,120.0,0.832021,96.0,0.832034,27.0
1753591891084,04:51:31.084,huobi,ADA/USDT:USDT,0.832,96.0,0.831904,837.0,0.832034,27.0,0.832053,27.0
1753591891126,04:51:31.126,huobi,ADA/USDT:USDT,0.832044,96.0,0.832003,216.0,0.832095,92.0,0.832137,195.0
1753591891147,04:51:31.147,huobi,ADA/USDT:USDT,0.832044,96.0,0.832003,96.0,0.832095,92.0,0.832137,195.0
1753591891178,04:51:31.178,huobi,ADA/USDT:USDT,0.832091,96.0,0.83205,120.0,0.832306,94.0,0.832332,1502.0
1753591891204,04:51:31.204,huobi,ADA/USDT:USDT,0.832093,120.0,0.832091,96.0,0.832264,195.0,0.832297,120.0
1753591891232,04:51:31.232,huobi,ADA/USDT:USDT,0.832134,96.0,0.832093,120.0,0.832223,96.0,0.832263,48.0
1753591891265,04:51:31.265,huobi,ADA/USDT:USDT,0.832139,120.0,0.832134,96.0,0.832223,96.0,0.832245,120.0
1753591891297,04:51:31.297,huobi,ADA/USDT:USDT,0.83218,96.0,0.832139,120.0,0.832223,96.0,0.832245,120.0
1753591891325,04:51:31.325,huobi,ADA/USDT:USDT,0.83218,96.0,0.832139,120.0,0.832223,96.0,0.832264,291.0
1753591891380,04:51:31.380,huobi,ADA/USDT:USDT,0.832187,216.0,0.832134,96.0,0.832264,291.0,0.832305,27.0
1753591891390,04:51:31.390,huobi,ADA/USDT:USDT,0.832228,96.0,0.832187,216.0,0.832264,291.0,0.832305,27.0
1753591891416,04:51:31.416,huobi,ADA/USDT:USDT,0.83226,96.0,0.832229,120.0,0.832306,94.0,0.832348,96.0
1753591891447,04:51:31.447,huobi,ADA/USDT:USDT,0.83231,96.0,0.832269,120.0,0.832451,155.0,0.832452,195.0
1753591891480,04:51:31.480,huobi,ADA/USDT:USDT,0.83231,96.0,0.832269,96.0,0.83241,96.0,0.832433,120.0
1753591891507,04:51:31.507,huobi,ADA/USDT:USDT,0.83231,96.0,0.832269,96.0,0.832368,96.0,0.8324,128.0
1753591891537,04:51:31.537,huobi,ADA/USDT:USDT,0.83231,96.0,0.832269,96.0,0.832326,96.0,0.832368,96.0
1753591891571,04:51:31.571,huobi,ADA/USDT:USDT,0.83231,96.0,0.832269,96.0,0.832326,96.0,0.832368,96.0
1753591891600,04:51:31.600,huobi,ADA/USDT:USDT,0.83231,96.0,0.832269,96.0,0.832326,96.0,0.832368,96.0
1753591891627,04:51:31.627,huobi,ADA/USDT:USDT,0.832278,120.0,0.832187,96.0,0.832326,96.0,0.832368,96.0
1753591891656,04:51:31.656,huobi,ADA/USDT:USDT,0.832319,96.0,0.832196,120.0,0.832326,96.0,0.832368,96.0
1753591891688,04:51:31.688,huobi,ADA/USDT:USDT,0.832319,96.0,0.832196,120.0,0.832368,96.0,0.832391,120.0
1753591891759,04:51:31.759,huobi,ADA/USDT:USDT,0.832319,96.0,0.832196,120.0,0.832326,96.0,0.832366,48.0
1753591891884,04:51:31.884,huobi,ADA/USDT:USDT,0.832196,120.0,0.832187,96.0,0.832326,96.0,0.832366,48.0
1753591891912,04:51:31.912,huobi,ADA/USDT:USDT,0.832237,96.0,0.832196,120.0,0.832326,96.0,0.832366,48.0
1753591891931,04:51:31.931,huobi,ADA/USDT:USDT,0.832246,120.0,0.832237,96.0,0.832326,123.0,0.832366,48.0
1753591892136,04:51:32.136,huobi,ADA/USDT:USDT,0.832282,96.0,0.832237,96.0,0.832285,96.0,0.832326,123.0
1753591892177,04:51:32.177,huobi,ADA/USDT:USDT,0.832196,120.0,0.832187,96.0,0.832285,96.0,0.832326,123.0
1753591892640,04:51:32.640,huobi,ADA/USDT:USDT,0.832237,96.0,0.832196,120.0,0.832285,96.0,0.832326,123.0
1753591892741,04:51:32.741,huobi,ADA/USDT:USDT,0.832237,96.0,0.832187,96.0,0.832285,96.0,0.832326,123.0
1753591892781,04:51:32.781,huobi,ADA/USDT:USDT,0.832284,96.0,0.832243,120.0,0.832285,96.0,0.832326,123.0
1753591892796,04:51:32.796,huobi,ADA/USDT:USDT,0.832284,96.0,0.832187,96.0,0.832285,96.0,0.832326,123.0
1753591892847,04:51:32.847,huobi,ADA/USDT:USDT,0.832284,96.0,0.832187,96.0,0.832285,96.0,0.832326,123.0
1753591892855,04:51:32.855,huobi,ADA/USDT:USDT,0.832284,96.0,0.832187,96.0,0.832326,123.0,0.832366,48.0
1753591892901,04:51:32.901,huobi,ADA/USDT:USDT,0.832284,96.0,0.832187,96.0,0.832311,96.0,0.832326,27.0
1753591892916,04:51:32.916,huobi,ADA/USDT:USDT,0.832187,96.0,0.832164,837.0,0.832311,96.0,0.832326,27.0
1753591892945,04:51:32.945,huobi,ADA/USDT:USDT,0.832237,96.0,0.832196,120.0,0.832311,96.0,0.832326,27.0
1753591892980,04:51:32.980,huobi,ADA/USDT:USDT,0.832237,96.0,0.832187,96.0,0.832311,96.0,0.832326,27.0
1753591893004,04:51:33.004,huobi,ADA/USDT:USDT,0.832246,120.0,0.832237,96.0,0.832311,96.0,0.832326,27.0
1753591893108,04:51:33.108,huobi,ADA/USDT:USDT,0.832287,96.0,0.832246,120.0,0.832311,96.0,0.832326,27.0
1753591893146,04:51:33.146,huobi,ADA/USDT:USDT,0.832287,96.0,0.832246,120.0,0.832311,96.0,0.832326,27.0
1753591893209,04:51:33.209,huobi,ADA/USDT:USDT,0.832287,96.0,0.832246,120.0,0.832311,96.0,0.832326,27.0
1753591893250,04:51:33.250,huobi,ADA/USDT:USDT,0.832287,96.0,0.832246,120.0,0.832311,96.0,0.832326,27.0
1753591893347,04:51:33.347,huobi,ADA/USDT:USDT,0.832287,96.0,0.832246,120.0,0.832311,96.0,0.832326,27.0
1753591893372,04:51:33.372,huobi,ADA/USDT:USDT,0.832287,96.0,0.832246,120.0,0.832311,96.0,0.832326,27.0
1753591893403,04:51:33.403,huobi,ADA/USDT:USDT,0.832287,96.0,0.832246,120.0,0.832311,96.0,0.832326,27.0
1753591893435,04:51:33.435,huobi,ADA/USDT:USDT,0.832287,96.0,0.832246,120.0,0.832311,96.0,0.832326,27.0
1753591893496,04:51:33.496,huobi,ADA/USDT:USDT,0.832287,96.0,0.832246,120.0,0.832311,96.0,0.832326,27.0
1753591893513,04:51:33.513,huobi,ADA/USDT:USDT,0.83231,96.0,0.83229,120.0,0.832311,96.0,0.832326,27.0
1753591893544,04:51:33.544,huobi,ADA/USDT:USDT,0.83231,96.0,0.83224,837.0,0.832358,96.0,0.832367,27.0
1753591893575,04:51:33.575,huobi,ADA/USDT:USDT,0.832314,120.0,0.83231,139.0,0.832358,96.0,0.832367,27.0
1753591893604,04:51:33.604,huobi,ADA/USDT:USDT,0.83231,139.0,0.83224,837.0,0.832358,96.0,0.832367,27.0
1753591893771,04:51:33.771,huobi,ADA/USDT:USDT,0.832351,96.0,0.83231,139.0,0.832358,96.0,0.832367,27.0
1753591893943,04:51:33.943,huobi,ADA/USDT:USDT,0.832351,96.0,0.83231,139.0,0.832358,96.0,0.832367,27.0
1753591893991,04:51:33.991,huobi,ADA/USDT:USDT,0.832351,96.0,0.83231,139.0,0.832358,96.0,0.832367,27.0
1753591894058,04:51:34.058,huobi,ADA/USDT:USDT,0.832351,96.0,0.83231,139.0,0.832358,96.0,0.832367,27.0
1753591894273,04:51:34.273,huobi,ADA/USDT:USDT,0.832351,96.0,0.83231,139.0,0.832358,96.0,0.832367,27.0
1753591894484,04:51:34.484,huobi,ADA/USDT:USDT,0.832351,96.0,0.83231,139.0,0.832358,96.0,0.832367,27.0
1753591894636,04:51:34.636,huobi,ADA/USDT:USDT,0.832351,96.0,0.83231,139.0,0.832358,96.0,0.832367,27.0
1753591895115,04:51:35.115,huobi,ADA/USDT:USDT,0.832351,96.0,0.83231,139.0,0.832358,96.0,0.832367,27.0
1753591895434,04:51:35.434,huobi,ADA/USDT:USDT,0.832351,96.0,0.83231,139.0,0.832358,96.0,0.832367,27.0
1753591895502,04:51:35.502,huobi,ADA/USDT:USDT,0.832351,96.0,0.83231,139.0,0.832358,96.0,0.832367,27.0
1753591895547,04:51:35.547,huobi,ADA/USDT:USDT,0.832351,96.0,0.83231,139.0,0.832358,96.0,0.832367,27.0
1753591896060,04:51:36.060,huobi,ADA/USDT:USDT,0.832351,96.0,0.83231,139.0,0.832358,96.0,0.832367,27.0
1753591896093,04:51:36.093,huobi,ADA/USDT:USDT,0.832351,96.0,0.83231,139.0,0.832352,48.0,0.832358,96.0
1753591896131,04:51:36.131,huobi,ADA/USDT:USDT,0.832187,96.0,0.832091,96.0,0.832311,256.0,0.832343,120.0
1753591896155,04:51:36.155,huobi,ADA/USDT:USDT,0.832091,96.0,0.83205,300.0,0.83227,96.0,0.832302,120.0
1753591896188,04:51:36.188,huobi,ADA/USDT:USDT,0.832141,96.0,0.832101,120.0,0.832228,96.0,0.83226,48.0
1753591896218,04:51:36.218,huobi,ADA/USDT:USDT,0.832142,837.0,0.832141,96.0,0.832228,96.0,0.83226,48.0
1753591896246,04:51:36.246,huobi,ADA/USDT:USDT,0.832142,837.0,0.832141,96.0,0.832203,96.0,0.832227,27.0
1753591896274,04:51:36.274,huobi,ADA/USDT:USDT,0.832183,96.0,0.832145,120.0,0.832203,96.0,0.832227,27.0
1753591896307,04:51:36.307,huobi,ADA/USDT:USDT,0.832183,96.0,0.832145,120.0,0.832227,27.0,0.83226,48.0
1753591896845,04:51:36.845,huobi,ADA/USDT:USDT,0.832226,96.0,0.83215,120.0,0.832227,27.0,0.83226,48.0
1753591896982,04:51:36.982,huobi,ADA/USDT:USDT,0.832226,96.0,0.83215,120.0,0.832227,27.0,0.83226,48.0
1753591897021,04:51:37.021,huobi,ADA/USDT:USDT,0.832226,96.0,0.83215,120.0,0.832227,27.0,0.83226,48.0
1753591897026,04:51:37.026,huobi,ADA/USDT:USDT,0.832226,96.0,0.83215,120.0,0.832227,27.0,0.83226,48.0
1753591897147,04:51:37.147,huobi,ADA/USDT:USDT,0.832226,96.0,0.83215,120.0,0.832227,27.0,0.83226,48.0
1753591897188,04:51:37.188,huobi,ADA/USDT:USDT,0.832226,96.0,0.83215,120.0,0.832227,27.0,0.83226,48.0
1753591897207,04:51:37.207,huobi,ADA/USDT:USDT,0.832226,96.0,0.83215,120.0,0.832227,27.0,0.83226,48.0
1753591897296,04:51:37.296,huobi,ADA/USDT:USDT,0.832226,96.0,0.83215,120.0,0.832227,27.0,0.83226,48.0
1753591897357,04:51:37.357,huobi,ADA/USDT:USDT,0.832226,96.0,0.83215,120.0,0.832227,27.0,0.83226,48.0
1753591897434,04:51:37.434,huobi,ADA/USDT:USDT,0.832226,96.0,0.83215,120.0,0.832227,27.0,0.83226,48.0
1753591897568,04:51:37.568,huobi,ADA/USDT:USDT,0.832226,96.0,0.83215,120.0,0.832227,27.0,0.83226,48.0
1753591897599,04:51:37.599,huobi,ADA/USDT:USDT,0.832226,96.0,0.83215,120.0,0.832227,27.0,0.83226,48.0
1753591897654,04:51:37.654,huobi,ADA/USDT:USDT,0.832226,96.0,0.83215,120.0,0.832227,27.0,0.83226,48.0
1753591897688,04:51:37.688,huobi,ADA/USDT:USDT,0.832226,96.0,0.83215,120.0,0.832227,27.0,0.83226,48.0
1753591897718,04:51:37.718,huobi,ADA/USDT:USDT,0.832226,96.0,0.83215,120.0,0.832227,27.0,0.83226,48.0
1753591897744,04:51:37.744,huobi,ADA/USDT:USDT,0.832226,96.0,0.83215,120.0,0.832227,27.0,0.83226,48.0
1753591897777,04:51:37.777,huobi,ADA/USDT:USDT,0.832226,96.0,0.83215,120.0,0.832227,27.0,0.83226,48.0
1753591897816,04:51:37.816,huobi,ADA/USDT:USDT,0.832226,96.0,0.83215,120.0,0.832227,27.0,0.83226,48.0
1753591897861,04:51:37.861,huobi,ADA/USDT:USDT,0.832226,96.0,0.83215,120.0,0.832227,27.0,0.83226,48.0
1753591897865,04:51:37.865,huobi,ADA/USDT:USDT,0.832226,96.0,0.83215,120.0,0.832227,27.0,0.83226,48.0
1753591897907,04:51:37.907,huobi,ADA/USDT:USDT,0.832226,96.0,0.83215,120.0,0.832227,27.0,0.83226,48.0
1753591897926,04:51:37.926,huobi,ADA/USDT:USDT,0.832226,96.0,0.83215,120.0,0.832227,27.0,0.83226,48.0
1753591898012,04:51:38.012,huobi,ADA/USDT:USDT,0.832226,96.0,0.83215,120.0,0.832227,27.0,0.83226,48.0
1753591898014,04:51:38.014,huobi,ADA/USDT:USDT,0.832226,96.0,0.83215,120.0,0.832227,27.0,0.83226,48.0
1753591898116,04:51:38.116,huobi,ADA/USDT:USDT,0.832226,96.0,0.83215,120.0,0.832227,27.0,0.83226,48.0
1753591898144,04:51:38.144,huobi,ADA/USDT:USDT,0.832226,96.0,0.83215,120.0,0.832227,123.0,0.83226,48.0
1753591898166,04:51:38.166,huobi,ADA/USDT:USDT,0.832226,96.0,0.83215,120.0,0.832227,123.0,0.83226,48.0
1753591898196,04:51:38.196,huobi,ADA/USDT:USDT,0.832226,96.0,0.83215,120.0,0.832227,123.0,0.83226,48.0
1753591898232,04:51:38.232,huobi,ADA/USDT:USDT,0.832226,96.0,0.83215,120.0,0.832227,123.0,0.83226,48.0
1753591898262,04:51:38.262,huobi,ADA/USDT:USDT,0.832226,96.0,0.83215,120.0,0.832227,123.0,0.83226,48.0
1753591898320,04:51:38.320,huobi,ADA/USDT:USDT,0.832226,96.0,0.83215,120.0,0.832227,123.0,0.83226,48.0
1753591898440,04:51:38.440,huobi,ADA/USDT:USDT,0.832226,96.0,0.83215,120.0,0.832227,123.0,0.83226,48.0
1753591898464,04:51:38.464,huobi,ADA/USDT:USDT,0.832226,96.0,0.83215,120.0,0.832227,27.0,0.83226,48.0
1753591898494,04:51:38.494,huobi,ADA/USDT:USDT,0.832228,120.0,0.832226,96.0,0.83227,96.0,0.83231,27.0
1753591898527,04:51:38.527,huobi,ADA/USDT:USDT,0.832269,96.0,0.832228,120.0,0.83231,27.0,0.832311,96.0
1753591898561,04:51:38.561,huobi,ADA/USDT:USDT,0.832272,120.0,0.832269,96.0,0.83231,27.0,0.832311,96.0
1753591898594,04:51:38.594,huobi,ADA/USDT:USDT,0.832309,96.0,0.832272,120.0,0.83231,27.0,0.832311,96.0
1753591898625,04:51:38.625,huobi,ADA/USDT:USDT,0.832309,96.0,0.832272,120.0,0.83231,27.0,0.832311,96.0
1753591898648,04:51:38.648,huobi,ADA/USDT:USDT,0.832309,96.0,0.832272,120.0,0.83231,27.0,0.832311,96.0
1753591898675,04:51:38.675,huobi,ADA/USDT:USDT,0.832309,96.0,0.832272,120.0,0.83231,27.0,0.832311,96.0
1753591898706,04:51:38.706,huobi,ADA/USDT:USDT,0.832309,96.0,0.832272,120.0,0.83231,27.0,0.832311,96.0
1753591898765,04:51:38.765,huobi,ADA/USDT:USDT,0.832309,96.0,0.832272,120.0,0.83231,27.0,0.832311,96.0
1753591898793,04:51:38.793,huobi,ADA/USDT:USDT,0.832309,96.0,0.832272,120.0,0.83231,27.0,0.832311,96.0
1753591898825,04:51:38.825,huobi,ADA/USDT:USDT,0.832309,96.0,0.832272,120.0,0.83231,27.0,0.832311,96.0
1753591898858,04:51:38.858,huobi,ADA/USDT:USDT,0.832309,96.0,0.832226,96.0,0.83231,27.0,0.832311,96.0
1753591898885,04:51:38.885,huobi,ADA/USDT:USDT,0.832226,96.0,0.832141,96.0,0.83231,27.0,0.832352,123.0
1753591898922,04:51:38.922,huobi,ADA/USDT:USDT,0.832283,120.0,0.832141,96.0,0.83231,123.0,0.832352,123.0
1753591898966,04:51:38.966,huobi,ADA/USDT:USDT,0.832309,96.0,0.832141,96.0,0.83231,123.0,0.832352,123.0
1753591899035,04:51:39.035,huobi,ADA/USDT:USDT,0.832309,96.0,0.832141,96.0,0.83231,123.0,0.832352,123.0
1753591899068,04:51:39.068,huobi,ADA/USDT:USDT,0.832309,96.0,0.832141,96.0,0.83231,123.0,0.832352,123.0
1753591899101,04:51:39.101,huobi,ADA/USDT:USDT,0.832141,96.0,0.832111,837.0,0.83231,123.0,0.832352,123.0
1753591899126,04:51:39.126,huobi,ADA/USDT:USDT,0.832183,96.0,0.832142,300.0,0.832307,96.0,0.83231,27.0
1753591899154,04:51:39.154,huobi,ADA/USDT:USDT,0.832233,96.0,0.832183,96.0,0.832307,96.0,0.83231,27.0
1753591899185,04:51:39.185,huobi,ADA/USDT:USDT,0.832286,120.0,0.832283,96.0,0.832307,96.0,0.83231,27.0
1753591899217,04:51:39.217,huobi,ADA/USDT:USDT,0.832306,96.0,0.832286,120.0,0.832307,96.0,0.83231,27.0
1753591899454,04:51:39.454,huobi,ADA/USDT:USDT,0.832283,96.0,0.832242,120.0,0.832307,96.0,0.83231,27.0
1753591899483,04:51:39.483,huobi,ADA/USDT:USDT,0.832286,120.0,0.832283,96.0,0.83241,96.0,0.832452,195.0
1753591899514,04:51:39.514,huobi,ADA/USDT:USDT,0.832336,120.0,0.832286,96.0,0.832452,195.0,0.832561,95.0
1753591899549,04:51:39.549,huobi,ADA/USDT:USDT,0.832386,120.0,0.832309,43.0,0.832519,96.0,0.83256,80.0
1753591899577,04:51:39.577,huobi,ADA/USDT:USDT,0.832318,120.0,0.832309,43.0,0.832603,96.0,0.832644,195.0
1753591899606,04:51:39.606,huobi,ADA/USDT:USDT,0.832427,94.0,0.83235,120.0,0.832603,96.0,0.832644,195.0
1753591899636,04:51:39.636,huobi,ADA/USDT:USDT,0.832437,300.0,0.832436,120.0,0.832603,96.0,0.832644,195.0
1753591899662,04:51:39.662,huobi,ADA/USDT:USDT,0.832486,96.0,0.832446,120.0,0.832603,96.0,0.832644,195.0
1753591899698,04:51:39.698,huobi,ADA/USDT:USDT,0.832495,216.0,0.832447,300.0,0.832603,96.0,0.832644,195.0
1753591899750,04:51:39.750,huobi,ADA/USDT:USDT,0.832495,216.0,0.832447,300.0,0.832603,96.0,0.832644,195.0
1753591899779,04:51:39.779,huobi,ADA/USDT:USDT,0.832495,216.0,0.832447,300.0,0.832603,96.0,0.832645,96.0
1753591899783,04:51:39.783,huobi,ADA/USDT:USDT,0.832496,300.0,0.832495,216.0,0.832603,96.0,0.832771,92.0
1753591899815,04:51:39.815,huobi,ADA/USDT:USDT,0.832602,43.0,0.832506,300.0,0.832729,96.0,0.832768,80.0
1753591899849,04:51:39.849,huobi,ADA/USDT:USDT,0.832611,216.0,0.832602,139.0,0.832701,96.0,0.832769,147.0
1753591899873,04:51:39.873,huobi,ADA/USDT:USDT,0.832611,216.0,0.832602,43.0,0.832701,96.0,0.832743,96.0
1753591899905,04:51:39.905,huobi,ADA/USDT:USDT,0.832611,216.0,0.832602,43.0,0.832701,96.0,0.832743,96.0
1753591899955,04:51:39.955,huobi,ADA/USDT:USDT,0.832611,216.0,0.832602,43.0,0.832701,96.0,0.832743,96.0
1753591899965,04:51:39.965,huobi,ADA/USDT:USDT,0.832611,216.0,0.832602,43.0,0.832701,96.0,0.832743,96.0
1753591900020,04:51:40.020,huobi,ADA/USDT:USDT,0.832611,216.0,0.832602,43.0,0.832743,96.0,0.832769,147.0
1753591900028,04:51:40.028,huobi,ADA/USDT:USDT,0.832611,216.0,0.832602,43.0,0.832742,128.0,0.832743,96.0
1753591900067,04:51:40.067,huobi,ADA/USDT:USDT,0.832611,216.0,0.832602,43.0,0.832701,96.0,0.832742,75.0
1753591900085,04:51:40.085,huobi,ADA/USDT:USDT,0.832611,216.0,0.832602,43.0,0.832699,27.0,0.8327,80.0
1753591900149,04:51:40.149,huobi,ADA/USDT:USDT,0.832611,96.0,0.832602,43.0,0.832659,96.0,0.832699,27.0
1753591900238,04:51:40.238,huobi,ADA/USDT:USDT,0.832611,96.0,0.832602,43.0,0.832699,27.0,0.832701,96.0
1753591900266,04:51:40.266,huobi,ADA/USDT:USDT,0.832611,96.0,0.832602,43.0,0.832695,96.0,0.832698,80.0
1753591900311,04:51:40.311,huobi,ADA/USDT:USDT,0.832611,96.0,0.832602,43.0,0.832656,96.0,0.832694,80.0
1753591900374,04:51:40.374,huobi,ADA/USDT:USDT,0.832611,96.0,0.832602,43.0,0.832656,96.0,0.832697,27.0
1753591900566,04:51:40.566,huobi,ADA/USDT:USDT,0.832611,96.0,0.832602,43.0,0.832697,27.0,0.832698,96.0
1753591900599,04:51:40.599,huobi,ADA/USDT:USDT,0.832611,96.0,0.832602,43.0,0.832696,92.0,0.832697,27.0
1753591900639,04:51:40.639,huobi,ADA/USDT:USDT,0.832617,120.0,0.832602,43.0,0.832696,92.0,0.832697,27.0
1753591901051,04:51:41.051,huobi,ADA/USDT:USDT,0.832617,212.0,0.832602,43.0,0.832695,80.0,0.832696,92.0
1753591901077,04:51:41.077,huobi,ADA/USDT:USDT,0.832617,212.0,0.832602,43.0,0.832654,92.0,0.832696,92.0
1753591901223,04:51:41.223,huobi,ADA/USDT:USDT,0.832617,212.0,0.832606,120.0,0.832654,92.0,0.832696,92.0
1753591901227,04:51:41.227,huobi,ADA/USDT:USDT,0.832617,212.0,0.832606,120.0,0.832696,92.0,0.832697,27.0
1753591901262,04:51:41.262,huobi,ADA/USDT:USDT,0.832617,92.0,0.832606,120.0,0.832696,92.0,0.832697,27.0
1753591901364,04:51:41.364,huobi,ADA/USDT:USDT,0.832617,92.0,0.832606,120.0,0.832695,80.0,0.832696,92.0
1753591901379,04:51:41.379,huobi,ADA/USDT:USDT,0.832617,92.0,0.832602,43.0,0.832695,107.0,0.832696,92.0
1753591901448,04:51:41.448,huobi,ADA/USDT:USDT,0.832617,92.0,0.832602,43.0,0.832653,27.0,0.832654,92.0
1753591901448,04:51:41.448,huobi,ADA/USDT:USDT,0.832617,92.0,0.832602,43.0,0.832653,107.0,0.832692,48.0
1753591901490,04:51:41.490,huobi,ADA/USDT:USDT,0.832617,135.0,0.832602,43.0,0.832618,92.0,0.832653,27.0
1753591901494,04:51:41.494,huobi,ADA/USDT:USDT,0.832617,135.0,0.832602,43.0,0.832618,92.0,0.832653,27.0
1753591901525,04:51:41.525,huobi,ADA/USDT:USDT,0.832617,135.0,0.832602,43.0,0.832618,92.0,0.832653,27.0
1753591901632,04:51:41.632,huobi,ADA/USDT:USDT,0.832617,135.0,0.832602,43.0,0.832618,172.0,0.832653,27.0
1753591902293,04:51:42.293,huobi,ADA/USDT:USDT,0.832617,135.0,0.832602,43.0,0.832618,172.0,0.832653,27.0
1753591902320,04:51:42.320,huobi,ADA/USDT:USDT,0.832617,135.0,0.832602,43.0,0.832618,172.0,0.832653,27.0
1753591902393,04:51:42.393,huobi,ADA/USDT:USDT,0.832617,135.0,0.832602,43.0,0.832618,172.0,0.832653,27.0
1753591902396,04:51:42.396,huobi,ADA/USDT:USDT,0.832617,135.0,0.832602,43.0,0.832618,172.0,0.832653,27.0
1753591902425,04:51:42.425,huobi,ADA/USDT:USDT,0.832617,135.0,0.832602,43.0,0.832618,172.0,0.832653,27.0
1753591902463,04:51:42.463,huobi,ADA/USDT:USDT,0.832617,135.0,0.832602,43.0,0.832618,172.0,0.832653,27.0
1753591902496,04:51:42.496,huobi,ADA/USDT:USDT,0.832617,135.0,0.832602,43.0,0.832618,172.0,0.832653,27.0
1753591902596,04:51:42.596,huobi,ADA/USDT:USDT,0.832617,135.0,0.832602,43.0,0.832618,80.0,0.832653,27.0
1753591902605,04:51:42.605,huobi,ADA/USDT:USDT,0.832617,135.0,0.832602,43.0,0.832653,27.0,0.832692,48.0
1753591902670,04:51:42.670,huobi,ADA/USDT:USDT,0.832617,135.0,0.832602,43.0,0.832653,119.0,0.832692,48.0
1753591902722,04:51:42.722,huobi,ADA/USDT:USDT,0.832617,135.0,0.832602,43.0,0.832653,27.0,0.832692,48.0
1753591902751,04:51:42.751,huobi,ADA/USDT:USDT,0.832617,135.0,0.832602,43.0,0.832653,27.0,0.832692,48.0
1753591902777,04:51:42.777,huobi,ADA/USDT:USDT,0.832617,255.0,0.832602,43.0,0.832653,27.0,0.832692,48.0
1753591902785,04:51:42.785,huobi,ADA/USDT:USDT,0.832617,135.0,0.832602,43.0,0.832653,27.0,0.832692,48.0
1753591902953,04:51:42.953,huobi,ADA/USDT:USDT,0.832618,212.0,0.832617,43.0,0.832693,92.0,0.832695,27.0
1753591902963,04:51:42.963,huobi,ADA/USDT:USDT,0.832618,212.0,0.832617,43.0,0.832693,92.0,0.832695,27.0
1753591903003,04:51:43.003,huobi,ADA/USDT:USDT,0.832618,92.0,0.832617,43.0,0.832693,92.0,0.832695,27.0
1753591903036,04:51:43.036,huobi,ADA/USDT:USDT,0.832618,92.0,0.832617,43.0,0.832692,80.0,0.832693,92.0
1753591903110,04:51:43.110,huobi,ADA/USDT:USDT,0.832618,92.0,0.832617,43.0,0.832651,92.0,0.832693,92.0
1753591903187,04:51:43.187,huobi,ADA/USDT:USDT,0.832618,92.0,0.832617,43.0,0.832693,92.0,0.832695,27.0
1753591903217,04:51:43.217,huobi,ADA/USDT:USDT,0.832618,212.0,0.832617,43.0,0.832693,92.0,0.832695,27.0
1753591903243,04:51:43.243,huobi,ADA/USDT:USDT,0.832619,212.0,0.832618,92.0,0.832693,92.0,0.832695,27.0
1753591903425,04:51:43.425,huobi,ADA/USDT:USDT,0.832619,212.0,0.832617,43.0,0.832693,92.0,0.832695,27.0
1753591903495,04:51:43.495,huobi,ADA/USDT:USDT,0.832619,212.0,0.832617,43.0,0.832695,27.0,0.832697,27.0
1753591903510,04:51:43.510,huobi,ADA/USDT:USDT,0.832619,212.0,0.832617,43.0,0.832812,48.0,0.832813,96.0
1753591903534,04:51:43.534,huobi,ADA/USDT:USDT,0.832619,212.0,0.832617,43.0,0.832771,92.0,0.832803,48.0
1753591903612,04:51:43.612,huobi,ADA/USDT:USDT,0.832619,212.0,0.832617,43.0,0.832771,92.0,0.832794,120.0
1753591903628,04:51:43.628,huobi,ADA/USDT:USDT,0.83262,300.0,0.832619,120.0,0.832812,27.0,0.832813,96.0
1753591903658,04:51:43.658,huobi,ADA/USDT:USDT,0.83262,300.0,0.832617,43.0,0.832812,119.0,0.832852,195.0
1753591903683,04:51:43.683,huobi,ADA/USDT:USDT,0.832629,120.0,0.83262,392.0,0.832896,95.0,0.83298,96.0
1753591903714,04:51:43.714,huobi,ADA/USDT:USDT,0.832639,120.0,0.83263,392.0,0.832894,80.0,0.832895,27.0
1753591903747,04:51:43.747,huobi,ADA/USDT:USDT,0.83265,300.0,0.832649,120.0,0.832853,92.0,0.832895,27.0
1753591903776,04:51:43.776,huobi,ADA/USDT:USDT,0.832659,120.0,0.83265,300.0,0.832853,92.0,0.832895,27.0
1753591903809,04:51:43.809,huobi,ADA/USDT:USDT,0.832669,120.0,0.83266,300.0,0.832853,92.0,0.832895,27.0
1753591903836,04:51:43.836,huobi,ADA/USDT:USDT,0.83267,836.0,0.832669,212.0,0.832853,92.0,0.832895,27.0
1753591903864,04:51:43.864,huobi,ADA/USDT:USDT,0.832679,120.0,0.83267,1136.0,0.832853,92.0,0.832895,27.0
1753591903894,04:51:43.894,huobi,ADA/USDT:USDT,0.832689,120.0,0.83268,392.0,0.832853,92.0,0.832895,27.0
1753591903942,04:51:43.942,huobi,ADA/USDT:USDT,0.83269,300.0,0.832689,212.0,0.832853,92.0,0.832895,27.0
1753591903955,04:51:43.955,huobi,ADA/USDT:USDT,0.83269,300.0,0.832689,120.0,0.832853,92.0,0.832895,27.0
1753591904044,04:51:44.044,huobi,ADA/USDT:USDT,0.832699,212.0,0.83269,300.0,0.832852,80.0,0.832853,92.0
1753591904081,04:51:44.081,huobi,ADA/USDT:USDT,0.832699,212.0,0.83269,300.0,0.832801,92.0,0.83281,80.0
1753591904291,04:51:44.291,huobi,ADA/USDT:USDT,0.832699,212.0,0.83269,300.0,0.832801,92.0,0.832851,27.0
1753591904376,04:51:44.376,huobi,ADA/USDT:USDT,0.832699,212.0,0.83269,300.0,0.832801,92.0,0.832851,27.0
1753591904741,04:51:44.741,huobi,ADA/USDT:USDT,0.832699,212.0,0.83269,300.0,0.832801,92.0,0.832851,27.0
1753591904764,04:51:44.764,huobi,ADA/USDT:USDT,0.8327,392.0,0.832699,92.0,0.832801,92.0,0.832851,27.0
1753591904807,04:51:44.807,huobi,ADA/USDT:USDT,0.83271,392.0,0.832709,212.0,0.832801,92.0,0.832851,27.0
1753591904823,04:51:44.823,huobi,ADA/USDT:USDT,0.832719,212.0,0.83271,300.0,0.832801,92.0,0.832851,27.0
1753591905101,04:51:45.101,huobi,ADA/USDT:USDT,0.832719,212.0,0.83271,300.0,0.832801,92.0,0.832851,27.0
1753591905124,04:51:45.124,huobi,ADA/USDT:USDT,0.832719,212.0,0.83271,300.0,0.832772,80.0,0.832773,92.0
1753591905182,04:51:45.182,huobi,ADA/USDT:USDT,0.832719,212.0,0.83271,300.0,0.832765,80.0,0.832766,92.0
1753591905206,04:51:45.206,huobi,ADA/USDT:USDT,0.832719,212.0,0.83271,300.0,0.832765,80.0,0.832799,48.0
1753591905217,04:51:45.217,huobi,ADA/USDT:USDT,0.832719,92.0,0.83271,300.0,0.832765,172.0,0.832799,48.0
1753591905313,04:51:45.313,huobi,ADA/USDT:USDT,0.832719,92.0,0.832712,120.0,0.832765,172.0,0.832799,48.0
1753591905337,04:51:45.337,huobi,ADA/USDT:USDT,0.832728,92.0,0.83267,836.0,0.832755,80.0,0.832756,92.0
1753591905380,04:51:45.380,huobi,ADA/USDT:USDT,0.832728,92.0,0.832679,120.0,0.832731,92.0,0.832755,27.0
1753591905402,04:51:45.402,huobi,ADA/USDT:USDT,0.83273,135.0,0.832728,92.0,0.832731,92.0,0.832755,27.0
1753591905441,04:51:45.441,huobi,ADA/USDT:USDT,0.83273,135.0,0.832679,120.0,0.832731,92.0,0.832755,27.0
1753591905457,04:51:45.457,huobi,ADA/USDT:USDT,0.83273,135.0,0.832679,120.0,0.832731,92.0,0.832755,27.0
1753591905485,04:51:45.485,huobi,ADA/USDT:USDT,0.83273,135.0,0.832679,120.0,0.832755,27.0,0.832799,48.0
1753591905635,04:51:45.635,huobi,ADA/USDT:USDT,0.83273,135.0,0.832679,120.0,0.832755,119.0,0.832799,48.0
1753591905665,04:51:45.665,huobi,ADA/USDT:USDT,0.83273,135.0,0.832679,120.0,0.832731,160.0,0.832736,92.0
1753591905985,04:51:45.985,huobi,ADA/USDT:USDT,0.83273,135.0,0.83267,836.0,0.832731,252.0,0.832755,27.0
1753591907199,04:51:47.199,huobi,ADA/USDT:USDT,0.83273,135.0,0.83267,836.0,0.832731,252.0,0.832755,27.0
1753591907275,04:51:47.275,huobi,ADA/USDT:USDT,0.83273,135.0,0.83267,836.0,0.832731,160.0,0.832755,27.0
1753591907304,04:51:47.304,huobi,ADA/USDT:USDT,0.83273,135.0,0.83267,836.0,0.832731,160.0,0.832755,27.0
1753591907390,04:51:47.390,huobi,ADA/USDT:USDT,0.83273,135.0,0.83267,836.0,0.832731,160.0,0.832755,27.0
1753591908052,04:51:48.052,huobi,ADA/USDT:USDT,0.83273,135.0,0.83267,836.0,0.832731,80.0,0.832755,27.0
1753591908173,04:51:48.173,huobi,ADA/USDT:USDT,0.83273,135.0,0.83267,836.0,0.832755,27.0,0.832799,48.0
1753591908996,04:51:48.996,huobi,ADA/USDT:USDT,0.83273,135.0,0.83267,836.0,0.832755,119.0,0.832799,48.0
1753591909024,04:51:49.024,huobi,ADA/USDT:USDT,0.83273,135.0,0.83267,836.0,0.832732,92.0,0.832755,27.0
1753591909633,04:51:49.633,huobi,ADA/USDT:USDT,0.83273,92.0,0.83267,836.0,0.832755,27.0,0.832799,48.0
1753591910525,04:51:50.525,huobi,ADA/USDT:USDT,0.83273,92.0,0.83267,836.0,0.832755,27.0,0.832799,48.0
1753591911268,04:51:51.268,huobi,ADA/USDT:USDT,0.83273,92.0,0.83267,836.0,0.832754,94.0,0.832755,27.0
1753591911615,04:51:51.615,huobi,ADA/USDT:USDT,0.83273,92.0,0.83267,836.0,0.832754,94.0,0.832755,27.0
1753591911690,04:51:51.690,huobi,ADA/USDT:USDT,0.83267,836.0,0.832622,300.0,0.832731,350.0,0.832753,27.0
1753591911697,04:51:51.697,huobi,ADA/USDT:USDT,0.83267,836.0,0.83257,195.0,0.832731,350.0,0.832753,27.0
1753591911724,04:51:51.724,huobi,ADA/USDT:USDT,0.832579,120.0,0.83257,94.0,0.83263,94.0,0.832671,283.0
1753591911753,04:51:51.753,huobi,ADA/USDT:USDT,0.832579,94.0,0.832515,120.0,0.832589,94.0,0.83263,94.0
1753591911789,04:51:51.789,huobi,ADA/USDT:USDT,0.832582,94.0,0.832507,300.0,0.832583,80.0,0.832589,94.0
1753591911841,04:51:51.841,huobi,ADA/USDT:USDT,0.832582,94.0,0.83258,836.0,0.832583,160.0,0.83263,94.0
1753591911854,04:51:51.854,huobi,ADA/USDT:USDT,0.832582,94.0,0.83258,836.0,0.83263,94.0,0.832671,123.0
1753591911883,04:51:51.883,huobi,ADA/USDT:USDT,0.832584,120.0,0.83258,836.0,0.83263,94.0,0.832671,123.0
1753591911906,04:51:51.906,huobi,ADA/USDT:USDT,0.832584,214.0,0.832545,836.0,0.832671,123.0,0.83269,94.0
1753591911938,04:51:51.938,huobi,ADA/USDT:USDT,0.832584,214.0,0.832545,836.0,0.832731,94.0,0.832753,27.0
1753591912013,04:51:52.013,huobi,ADA/USDT:USDT,0.832584,214.0,0.832545,836.0,0.832731,94.0,0.832753,27.0
1753591912028,04:51:52.028,huobi,ADA/USDT:USDT,0.832584,214.0,0.832545,836.0,0.832753,27.0,0.832755,27.0
1753591912055,04:51:52.055,huobi,ADA/USDT:USDT,0.832594,120.0,0.832585,394.0,0.832753,27.0,0.832755,27.0
1753591912085,04:51:52.085,huobi,ADA/USDT:USDT,0.832595,300.0,0.832594,214.0,0.832928,120.0,0.832936,107.0
1753591912114,04:51:52.114,huobi,ADA/USDT:USDT,0.832605,300.0,0.832604,214.0,0.832853,94.0,0.832885,128.0
1753591912147,04:51:52.147,huobi,ADA/USDT:USDT,0.832615,300.0,0.832614,214.0,0.832852,80.0,0.832853,94.0
1753591912177,04:51:52.177,huobi,ADA/USDT:USDT,0.832625,300.0,0.832624,214.0,0.832769,94.0,0.83281,80.0
1753591912204,04:51:52.204,huobi,ADA/USDT:USDT,0.832634,120.0,0.832625,394.0,0.832769,94.0,0.832811,94.0
1753591912238,04:51:52.238,huobi,ADA/USDT:USDT,0.832644,120.0,0.832635,1230.0,0.832769,94.0,0.832811,94.0
1753591912267,04:51:52.267,huobi,ADA/USDT:USDT,0.832654,120.0,0.832645,394.0,0.832769,94.0,0.832811,94.0
1753591912299,04:51:52.299,huobi,ADA/USDT:USDT,0.832664,120.0,0.832655,300.0,0.832769,94.0,0.832811,94.0
1753591912323,04:51:52.323,huobi,ADA/USDT:USDT,0.832665,300.0,0.832664,94.0,0.832769,94.0,0.832811,94.0
1753591912354,04:51:52.354,huobi,ADA/USDT:USDT,0.832675,300.0,0.832674,120.0,0.832811,94.0,0.832851,48.0
1753591912387,04:51:52.387,huobi,ADA/USDT:USDT,0.832685,300.0,0.832684,214.0,0.832811,94.0,0.832851,48.0
1753591912419,04:51:52.419,huobi,ADA/USDT:USDT,0.832694,214.0,0.832685,300.0,0.832811,94.0,0.832851,48.0
1753591912453,04:51:52.453,huobi,ADA/USDT:USDT,0.832704,120.0,0.832695,394.0,0.832811,94.0,0.832851,48.0
1753591912507,04:51:52.507,huobi,ADA/USDT:USDT,0.832704,214.0,0.832695,300.0,0.832811,94.0,0.832851,48.0
1753591912779,04:51:52.779,huobi,ADA/USDT:USDT,0.832704,214.0,0.832695,300.0,0.832811,94.0,0.832851,48.0
1753591913296,04:51:53.296,huobi,ADA/USDT:USDT,0.832704,214.0,0.832695,300.0,0.832811,94.0,0.832851,48.0
1753591913325,04:51:53.325,huobi,ADA/USDT:USDT,0.832704,214.0,0.832695,300.0,0.832811,94.0,0.832851,48.0
1753591914175,04:51:54.175,huobi,ADA/USDT:USDT,0.832704,214.0,0.832695,300.0,0.832811,94.0,0.832851,48.0
1753591914203,04:51:54.203,huobi,ADA/USDT:USDT,0.832704,214.0,0.832695,300.0,0.832811,94.0,0.832851,48.0
1753591914217,04:51:54.217,huobi,ADA/USDT:USDT,0.832704,214.0,0.832695,300.0,0.832811,94.0,0.832851,48.0
1753591914244,04:51:54.244,huobi,ADA/USDT:USDT,0.832704,214.0,0.832695,300.0,0.832811,94.0,0.832851,48.0
1753591914514,04:51:54.514,huobi,ADA/USDT:USDT,0.832704,214.0,0.832695,300.0,0.832811,94.0,0.832851,48.0
1753591914612,04:51:54.612,huobi,ADA/USDT:USDT,0.832704,214.0,0.832695,300.0,0.832811,94.0,0.832851,48.0
1753591914762,04:51:54.762,huobi,ADA/USDT:USDT,0.832704,214.0,0.832695,300.0,0.832811,94.0,0.832851,48.0
1753591914806,04:51:54.806,huobi,ADA/USDT:USDT,0.832704,214.0,0.832695,300.0,0.83281,80.0,0.832811,94.0
1753591914815,04:51:54.815,huobi,ADA/USDT:USDT,0.832704,214.0,0.832685,300.0,0.83281,155.0,0.832811,94.0
1753591914851,04:51:54.851,huobi,ADA/USDT:USDT,0.832704,214.0,0.832662,94.0,0.832727,94.0,0.832769,94.0
1753591914876,04:51:54.876,huobi,ADA/USDT:USDT,0.832662,94.0,0.832635,836.0,0.832726,80.0,0.832727,94.0
1753591915044,04:51:55.044,huobi,ADA/USDT:USDT,0.832671,214.0,0.832635,836.0,0.832769,94.0,0.83281,75.0
1753591915067,04:51:55.067,huobi,ADA/USDT:USDT,0.832671,214.0,0.832635,836.0,0.832727,94.0,0.832768,155.0
1753591915086,04:51:55.086,huobi,ADA/USDT:USDT,0.832671,214.0,0.832635,836.0,0.832727,80.0,0.832768,155.0
1753591915114,04:51:55.114,huobi,ADA/USDT:USDT,0.832671,214.0,0.832635,836.0,0.832716,94.0,0.832722,80.0
1753591915144,04:51:55.144,huobi,ADA/USDT:USDT,0.832671,214.0,0.832635,836.0,0.832714,80.0,0.832715,121.0
1753591915174,04:51:55.174,huobi,ADA/USDT:USDT,0.832671,214.0,0.832635,836.0,0.832709,94.0,0.832714,80.0
1753591915204,04:51:55.204,huobi,ADA/USDT:USDT,0.832671,214.0,0.832635,836.0,0.832709,94.0,0.832713,27.0
1753591915401,04:51:55.401,huobi,ADA/USDT:USDT,0.832671,214.0,0.832635,836.0,0.832709,94.0,0.832713,27.0
1753591915416,04:51:55.416,huobi,ADA/USDT:USDT,0.832671,214.0,0.832635,836.0,0.832708,107.0,0.832713,27.0
1753591915446,04:51:55.446,huobi,ADA/USDT:USDT,0.832671,214.0,0.832635,836.0,0.83269,94.0,0.832708,27.0
1753591915982,04:51:55.982,huobi,ADA/USDT:USDT,0.832671,94.0,0.832644,120.0,0.832689,48.0,0.83269,94.0
1753591915989,04:51:55.989,huobi,ADA/USDT:USDT,0.832671,94.0,0.832644,120.0,0.832672,27.0,0.832689,48.0
1753591916046,04:51:56.046,huobi,ADA/USDT:USDT,0.832671,94.0,0.832635,836.0,0.832672,377.0,0.832708,27.0
1753591916221,04:51:56.221,huobi,ADA/USDT:USDT,0.832671,94.0,0.832635,836.0,0.832672,377.0,0.832708,27.0
1753591916223,04:51:56.223,huobi,ADA/USDT:USDT,0.832671,94.0,0.832635,836.0,0.832672,377.0,0.832708,27.0
1753591916287,04:51:56.287,huobi,ADA/USDT:USDT,0.832671,94.0,0.832635,836.0,0.832672,377.0,0.832708,27.0
1753591916322,04:51:56.322,huobi,ADA/USDT:USDT,0.832671,94.0,0.832635,836.0,0.832672,377.0,0.832708,27.0
1753591916377,04:51:56.377,huobi,ADA/USDT:USDT,0.832671,94.0,0.832629,94.0,0.832672,377.0,0.832708,27.0
1753591916414,04:51:56.414,huobi,ADA/USDT:USDT,0.832629,94.0,0.832611,836.0,0.832631,94.0,0.832672,377.0
1753591916485,04:51:56.485,huobi,ADA/USDT:USDT,0.832629,94.0,0.832611,836.0,0.832631,94.0,0.832672,217.0
1753591916596,04:51:56.596,huobi,ADA/USDT:USDT,0.832629,94.0,0.832611,836.0,0.832631,94.0,0.832672,217.0
1753591916644,04:51:56.644,huobi,ADA/USDT:USDT,0.832629,94.0,0.832611,836.0,0.83263,80.0,0.832631,94.0
1753591916685,04:51:56.685,huobi,ADA/USDT:USDT,0.832629,94.0,0.832611,836.0,0.83263,281.0,0.832672,217.0
1753591916737,04:51:56.737,huobi,ADA/USDT:USDT,0.832629,94.0,0.832611,836.0,0.83263,281.0,0.832672,217.0
1753591916911,04:51:56.911,huobi,ADA/USDT:USDT,0.832629,94.0,0.832505,96.0,0.83263,281.0,0.832672,217.0
1753591916912,04:51:56.912,huobi,ADA/USDT:USDT,0.832505,96.0,0.832446,1500.0,0.83263,281.0,0.832672,217.0
1753591916913,04:51:56.913,huobi,ADA/USDT:USDT,0.832514,120.0,0.832506,836.0,0.832611,94.0,0.83263,27.0
1753591916946,04:51:56.946,huobi,ADA/USDT:USDT,0.832515,120.0,0.832514,94.0,0.832601,94.0,0.83263,27.0
1753591918013,04:51:58.013,huobi,ADA/USDT:USDT,0.832515,214.0,0.832506,836.0,0.83263,27.0,0.832672,217.0
1753591918025,04:51:58.025,huobi,ADA/USDT:USDT,0.832515,214.0,0.832506,836.0,0.83263,27.0,0.832672,217.0
1753591918054,04:51:58.054,huobi,ADA/USDT:USDT,0.832525,120.0,0.832516,300.0,0.83263,27.0,0.832672,217.0
1753591918163,04:51:58.163,huobi,ADA/USDT:USDT,0.832525,214.0,0.832516,300.0,0.83263,121.0,0.832672,217.0
1753591918177,04:51:58.177,huobi,ADA/USDT:USDT,0.832525,214.0,0.832516,300.0,0.83263,27.0,0.832672,217.0
1753591918289,04:51:58.289,huobi,ADA/USDT:USDT,0.832525,214.0,0.832516,300.0,0.832621,94.0,0.83263,27.0
1753591918303,04:51:58.303,huobi,ADA/USDT:USDT,0.832525,214.0,0.832516,300.0,0.832605,94.0,0.83262,107.0
1753591919375,04:51:59.375,huobi,ADA/USDT:USDT,0.832525,214.0,0.832516,300.0,0.832605,94.0,0.83262,27.0
1753591920357,04:52:00.357,huobi,ADA/USDT:USDT,0.832525,214.0,0.832516,300.0,0.832605,94.0,0.83262,27.0
1753591920364,04:52:00.364,huobi,ADA/USDT:USDT,0.832525,214.0,0.832506,836.0,0.832604,107.0,0.832605,94.0
1753591920400,04:52:00.400,huobi,ADA/USDT:USDT,0.832525,214.0,0.832506,836.0,0.832526,94.0,0.832604,27.0
1753591920443,04:52:00.443,huobi,ADA/USDT:USDT,0.832525,94.0,0.832506,836.0,0.832526,94.0,0.832604,27.0
1753591920459,04:52:00.459,huobi,ADA/USDT:USDT,0.832525,94.0,0.832514,120.0,0.832526,94.0,0.832604,27.0
1753591920817,04:52:00.817,huobi,ADA/USDT:USDT,0.832525,94.0,0.832514,120.0,0.832526,94.0,0.832604,27.0
1753591921164,04:52:01.164,huobi,ADA/USDT:USDT,0.832525,94.0,0.832514,120.0,0.832604,27.0,0.832605,94.0
1753591921178,04:52:01.178,huobi,ADA/USDT:USDT,0.832525,94.0,0.832506,836.0,0.832604,27.0,0.832605,94.0
1753591921439,04:52:01.439,huobi,ADA/USDT:USDT,0.832534,215.0,0.832506,836.0,0.832586,95.0,0.832604,27.0
1753591921445,04:52:01.445,huobi,ADA/USDT:USDT,0.832534,215.0,0.832506,836.0,0.832672,94.0,0.832853,94.0
1753591921480,04:52:01.480,huobi,ADA/USDT:USDT,0.832544,120.0,0.832535,395.0,0.832843,128.0,0.832844,120.0
1753591921508,04:52:01.508,huobi,ADA/USDT:USDT,0.832545,395.0,0.832544,95.0,0.83281,80.0,0.832811,95.0
1753591921535,04:52:01.535,huobi,ADA/USDT:USDT,0.832555,300.0,0.832554,215.0,0.832802,120.0,0.832811,95.0
1753591921563,04:52:01.563,huobi,ADA/USDT:USDT,0.832564,120.0,0.832555,300.0,0.832811,95.0,0.832852,27.0
1753591921600,04:52:01.600,huobi,ADA/USDT:USDT,0.832574,120.0,0.832565,395.0,0.832811,95.0,0.832852,27.0
1753591921626,04:52:01.626,huobi,ADA/USDT:USDT,0.832584,120.0,0.832575,395.0,0.83281,80.0,0.832811,95.0
1753591921676,04:52:01.676,huobi,ADA/USDT:USDT,0.832594,120.0,0.832585,300.0,0.832769,95.0,0.832811,95.0
1753591921685,04:52:01.685,huobi,ADA/USDT:USDT,0.832604,120.0,0.832595,395.0,0.832769,95.0,0.832811,95.0
1753591921714,04:52:01.714,huobi,ADA/USDT:USDT,0.832614,120.0,0.832605,395.0,0.832769,95.0,0.832811,95.0
1753591921746,04:52:01.746,huobi,ADA/USDT:USDT,0.832615,300.0,0.832605,300.0,0.832811,95.0,0.832895,94.0
1753591921778,04:52:01.778,huobi,ADA/USDT:USDT,0.832625,300.0,0.832624,215.0,0.832893,48.0,0.832894,107.0
1753591921858,04:52:01.858,huobi,ADA/USDT:USDT,0.832635,300.0,0.832634,215.0,0.832853,95.0,0.832893,48.0
1753591921860,04:52:01.860,huobi,ADA/USDT:USDT,0.832644,215.0,0.832635,300.0,0.832852,80.0,0.832853,95.0
1753591921878,04:52:01.878,huobi,ADA/USDT:USDT,0.832654,120.0,0.832645,395.0,0.832853,95.0,0.832893,48.0
1753591921899,04:52:01.899,huobi,ADA/USDT:USDT,0.832655,300.0,0.832654,215.0,0.832828,95.0,0.832893,48.0
1753591921927,04:52:01.927,huobi,ADA/USDT:USDT,0.832664,120.0,0.832655,395.0,0.832892,107.0,0.832893,48.0
1753591921959,04:52:01.959,huobi,ADA/USDT:USDT,0.832674,120.0,0.832665,300.0,0.832892,27.0,0.832894,27.0
1753591921984,04:52:01.984,huobi,ADA/USDT:USDT,0.832684,120.0,0.832675,395.0,0.832889,95.0,0.832892,27.0
1753591922014,04:52:02.014,huobi,ADA/USDT:USDT,0.832685,300.0,0.832684,215.0,0.832889,95.0,0.832892,27.0
1753591922046,04:52:02.046,huobi,ADA/USDT:USDT,0.832695,300.0,0.832694,120.0,0.832865,95.0,0.832888,80.0
1753591922073,04:52:02.073,huobi,ADA/USDT:USDT,0.832704,120.0,0.832695,395.0,0.832864,80.0,0.832865,95.0
1753591922112,04:52:02.112,huobi,ADA/USDT:USDT,0.832704,215.0,0.832695,300.0,0.832834,80.0,0.832835,95.0
1753591922151,04:52:02.151,huobi,ADA/USDT:USDT,0.832704,215.0,0.832695,300.0,0.8328,95.0,0.832842,95.0
1753591922168,04:52:02.168,huobi,ADA/USDT:USDT,0.832704,215.0,0.832695,300.0,0.8328,95.0,0.832842,95.0
1753591922208,04:52:02.208,huobi,ADA/USDT:USDT,0.832714,120.0,0.832705,300.0,0.8328,95.0,0.832842,95.0
1753591922234,04:52:02.234,huobi,ADA/USDT:USDT,0.832714,215.0,0.832705,300.0,0.832799,107.0,0.832842,95.0
1753591922263,04:52:02.263,huobi,ADA/USDT:USDT,0.832714,215.0,0.832705,300.0,0.832768,95.0,0.832799,27.0
1753591922300,04:52:02.300,huobi,ADA/USDT:USDT,0.832714,215.0,0.832705,300.0,0.832768,95.0,0.832799,27.0
1753591922313,04:52:02.313,huobi,ADA/USDT:USDT,0.832715,836.0,0.832714,215.0,0.832767,80.0,0.832768,95.0
1753591922347,04:52:02.347,huobi,ADA/USDT:USDT,0.832724,215.0,0.832715,836.0,0.832746,95.0,0.832799,27.0
1753591922417,04:52:02.417,huobi,ADA/USDT:USDT,0.832724,215.0,0.832715,836.0,0.832746,95.0,0.832799,27.0
1753591922433,04:52:02.433,huobi,ADA/USDT:USDT,0.832724,215.0,0.832715,836.0,0.832725,160.0,0.832745,75.0
1753591922466,04:52:02.466,huobi,ADA/USDT:USDT,0.832724,95.0,0.832715,836.0,0.832725,255.0,0.832745,75.0
1753591922505,04:52:02.505,huobi,ADA/USDT:USDT,0.832724,95.0,0.832715,836.0,0.832725,255.0,0.832745,75.0
1753591922531,04:52:02.531,huobi,ADA/USDT:USDT,0.832724,95.0,0.832715,836.0,0.832725,255.0,0.832745,75.0
1753591922563,04:52:02.563,huobi,ADA/USDT:USDT,0.832724,95.0,0.832715,836.0,0.832725,255.0,0.832745,75.0
1753591922589,04:52:02.589,huobi,ADA/USDT:USDT,0.832724,95.0,0.832715,836.0,0.832725,255.0,0.832745,75.0
1753591922627,04:52:02.627,huobi,ADA/USDT:USDT,0.832724,95.0,0.832715,836.0,0.832725,255.0,0.832745,75.0
1753591922654,04:52:02.654,huobi,ADA/USDT:USDT,0.832724,95.0,0.832715,836.0,0.832725,255.0,0.832745,75.0
1753591922711,04:52:02.711,huobi,ADA/USDT:USDT,0.832724,95.0,0.832715,836.0,0.832725,255.0,0.832745,75.0
1753591922739,04:52:02.739,huobi,ADA/USDT:USDT,0.832724,95.0,0.832715,836.0,0.832725,255.0,0.832745,75.0
1753591922771,04:52:02.771,huobi,ADA/USDT:USDT,0.832724,95.0,0.832715,836.0,0.832725,255.0,0.832745,75.0
1753591922799,04:52:02.799,huobi,ADA/USDT:USDT,0.832724,95.0,0.832715,836.0,0.832725,160.0,0.832745,75.0
1753591922826,04:52:02.826,huobi,ADA/USDT:USDT,0.832726,120.0,0.832724,95.0,0.83278,95.0,0.832799,27.0
1753591922859,04:52:02.859,huobi,ADA/USDT:USDT,0.832726,95.0,0.832715,836.0,0.83278,95.0,0.832799,27.0
1753591922894,04:52:02.894,huobi,ADA/USDT:USDT,0.832735,215.0,0.832715,836.0,0.83278,95.0,0.832799,27.0
1753591922995,04:52:02.995,huobi,ADA/USDT:USDT,0.832735,215.0,0.832715,836.0,0.83278,95.0,0.832799,27.0
1753591923035,04:52:03.035,huobi,ADA/USDT:USDT,0.832735,215.0,0.832715,836.0,0.83278,95.0,0.832799,27.0
1753591923608,04:52:03.608,huobi,ADA/USDT:USDT,0.832735,215.0,0.832715,836.0,0.83278,95.0,0.832799,27.0
1753591923637,04:52:03.637,huobi,ADA/USDT:USDT,0.832735,215.0,0.832715,836.0,0.83278,95.0,0.832799,27.0
1753591923671,04:52:03.671,huobi,ADA/USDT:USDT,0.832735,215.0,0.832715,836.0,0.83278,95.0,0.832799,27.0
1753591923759,04:52:03.759,huobi,ADA/USDT:USDT,0.832735,215.0,0.832715,836.0,0.83278,95.0,0.832799,27.0
1753591923788,04:52:03.788,huobi,ADA/USDT:USDT,0.832735,215.0,0.832715,836.0,0.83278,95.0,0.832799,27.0
1753591923833,04:52:03.833,huobi,ADA/USDT:USDT,0.832735,215.0,0.832715,836.0,0.83278,95.0,0.832799,27.0
1753591923871,04:52:03.871,huobi,ADA/USDT:USDT,0.832735,215.0,0.832715,836.0,0.83278,95.0,0.832799,27.0
1753591923874,04:52:03.874,huobi,ADA/USDT:USDT,0.832735,215.0,0.832715,836.0,0.83278,95.0,0.832799,27.0
1753591923906,04:52:03.906,huobi,ADA/USDT:USDT,0.832735,215.0,0.832715,836.0,0.83278,95.0,0.832842,95.0
1753591923951,04:52:03.951,huobi,ADA/USDT:USDT,0.832735,215.0,0.832715,836.0,0.832842,95.0,0.832892,27.0
1753591924018,04:52:04.018,huobi,ADA/USDT:USDT,0.832735,215.0,0.832715,836.0,0.832842,95.0,0.832892,27.0
1753591924045,04:52:04.045,huobi,ADA/USDT:USDT,0.832735,215.0,0.832715,836.0,0.832842,95.0,0.832892,27.0
1753591924141,04:52:04.141,huobi,ADA/USDT:USDT,0.832735,215.0,0.832715,836.0,0.832842,95.0,0.832892,27.0
1753591924170,04:52:04.170,huobi,ADA/USDT:USDT,0.832735,215.0,0.832715,836.0,0.832842,95.0,0.832892,27.0
1753591924174,04:52:04.174,huobi,ADA/USDT:USDT,0.832735,215.0,0.832715,836.0,0.832842,95.0,0.832892,27.0
1753591924206,04:52:04.206,huobi,ADA/USDT:USDT,0.832745,120.0,0.832736,395.0,0.832872,95.0,0.832892,27.0
1753591924234,04:52:04.234,huobi,ADA/USDT:USDT,0.832755,120.0,0.832746,395.0,0.832872,95.0,0.832892,27.0
1753591924287,04:52:04.287,huobi,ADA/USDT:USDT,0.832755,215.0,0.832746,300.0,0.832872,95.0,0.832892,27.0
1753591924295,04:52:04.295,huobi,ADA/USDT:USDT,0.832755,215.0,0.832746,300.0,0.832872,95.0,0.832892,27.0
1753591924348,04:52:04.348,huobi,ADA/USDT:USDT,0.832755,215.0,0.832746,300.0,0.832872,95.0,0.832892,27.0
1753591924361,04:52:04.361,huobi,ADA/USDT:USDT,0.832755,215.0,0.832746,300.0,0.832872,95.0,0.832892,27.0
1753591924402,04:52:04.402,huobi,ADA/USDT:USDT,0.832755,215.0,0.832746,300.0,0.832872,95.0,0.832892,27.0
1753591924483,04:52:04.483,huobi,ADA/USDT:USDT,0.832755,215.0,0.832746,300.0,0.832872,95.0,0.832892,27.0
1753591924558,04:52:04.558,huobi,ADA/USDT:USDT,0.832755,215.0,0.832746,300.0,0.832872,95.0,0.832892,27.0
1753591924582,04:52:04.582,huobi,ADA/USDT:USDT,0.832755,215.0,0.832746,300.0,0.832872,95.0,0.832892,27.0
1753591924597,04:52:04.597,huobi,ADA/USDT:USDT,0.832755,215.0,0.832746,300.0,0.832872,95.0,0.832892,27.0
1753591924668,04:52:04.668,huobi,ADA/USDT:USDT,0.832755,215.0,0.832746,300.0,0.832872,95.0,0.832892,27.0
1753591924694,04:52:04.694,huobi,ADA/USDT:USDT,0.832755,215.0,0.832746,300.0,0.832872,95.0,0.832892,27.0
1753591924737,04:52:04.737,huobi,ADA/USDT:USDT,0.832755,215.0,0.832746,300.0,0.832872,95.0,0.832892,27.0
1753591924764,04:52:04.764,huobi,ADA/USDT:USDT,0.832755,215.0,0.832746,300.0,0.832872,95.0,0.832892,27.0
1753591924793,04:52:04.793,huobi,ADA/USDT:USDT,0.832755,215.0,0.832746,300.0,0.832872,95.0,0.832892,27.0
1753591924804,04:52:04.804,huobi,ADA/USDT:USDT,0.832755,215.0,0.832746,300.0,0.832872,95.0,0.832892,27.0
1753591924854,04:52:04.854,huobi,ADA/USDT:USDT,0.832755,215.0,0.832746,300.0,0.832872,95.0,0.832892,27.0
1753591924948,04:52:04.948,huobi,ADA/USDT:USDT,0.832755,215.0,0.832746,300.0,0.832872,95.0,0.832892,27.0
1753591924955,04:52:04.955,huobi,ADA/USDT:USDT,0.832755,215.0,0.832746,300.0,0.832872,95.0,0.832892,27.0
1753591924996,04:52:04.996,huobi,ADA/USDT:USDT,0.832755,215.0,0.832746,300.0,0.832872,95.0,0.832892,27.0
1753591925017,04:52:05.017,huobi,ADA/USDT:USDT,0.832755,215.0,0.832746,300.0,0.832872,95.0,0.832892,27.0
1753591925115,04:52:05.115,huobi,ADA/USDT:USDT,0.832755,215.0,0.832746,300.0,0.832872,95.0,0.832892,27.0
1753591925161,04:52:05.161,huobi,ADA/USDT:USDT,0.832755,215.0,0.832746,300.0,0.832872,95.0,0.832892,27.0
1753591925166,04:52:05.166,huobi,ADA/USDT:USDT,0.832755,215.0,0.832746,300.0,0.832872,95.0,0.832892,27.0
1753591925237,04:52:05.237,huobi,ADA/USDT:USDT,0.832755,215.0,0.832746,300.0,0.832872,95.0,0.832892,27.0
1753591925335,04:52:05.335,huobi,ADA/USDT:USDT,0.832755,215.0,0.832746,300.0,0.832872,95.0,0.832892,27.0
1753591925373,04:52:05.373,huobi,ADA/USDT:USDT,0.832755,215.0,0.832746,300.0,0.832872,95.0,0.832892,27.0
1753591925373,04:52:05.373,huobi,ADA/USDT:USDT,0.832755,215.0,0.832746,300.0,0.832872,95.0,0.832892,27.0
1753591925405,04:52:05.405,huobi,ADA/USDT:USDT,0.832755,215.0,0.832746,300.0,0.832872,95.0,0.832892,27.0
1753591925455,04:52:05.455,huobi,ADA/USDT:USDT,0.832755,215.0,0.832746,300.0,0.832872,95.0,0.832892,27.0
1753591925467,04:52:05.467,huobi,ADA/USDT:USDT,0.832755,215.0,0.832746,300.0,0.832872,95.0,0.832892,27.0
1753591925498,04:52:05.498,huobi,ADA/USDT:USDT,0.832756,300.0,0.832755,215.0,0.832892,27.0,0.832904,195.0
1753591925525,04:52:05.525,huobi,ADA/USDT:USDT,0.832765,215.0,0.832756,395.0,0.832904,195.0,0.833028,96.0
1753591925556,04:52:05.556,huobi,ADA/USDT:USDT,0.832765,215.0,0.832756,300.0,0.83289,95.0,0.833028,96.0
1753591925592,04:52:05.592,huobi,ADA/USDT:USDT,0.832765,215.0,0.832756,300.0,0.83289,95.0,0.833028,96.0
1753591925618,04:52:05.618,huobi,ADA/USDT:USDT,0.832765,215.0,0.832756,300.0,0.83289,95.0,0.833028,96.0
1753591925642,04:52:05.642,huobi,ADA/USDT:USDT,0.832765,215.0,0.832756,300.0,0.83289,95.0,0.833028,96.0
1753591925703,04:52:05.703,huobi,ADA/USDT:USDT,0.832765,215.0,0.832756,300.0,0.833028,96.0,0.833033,1.0
1753591925711,04:52:05.711,huobi,ADA/USDT:USDT,0.832765,215.0,0.832756,300.0,0.833027,48.0,0.833028,96.0
1753591925735,04:52:05.735,huobi,ADA/USDT:USDT,0.832765,215.0,0.832756,300.0,0.832986,95.0,0.833018,48.0
1753591925771,04:52:05.771,huobi,ADA/USDT:USDT,0.832765,215.0,0.832756,300.0,0.832944,80.0,0.832945,95.0
1753591925799,04:52:05.799,huobi,ADA/USDT:USDT,0.832765,215.0,0.832756,300.0,0.832903,95.0,0.832945,95.0
1753591925894,04:52:05.894,huobi,ADA/USDT:USDT,0.832765,215.0,0.832756,300.0,0.832903,95.0,0.832945,95.0
1753591925922,04:52:05.922,huobi,ADA/USDT:USDT,0.832765,215.0,0.832756,300.0,0.832903,95.0,0.832945,95.0
1753591925948,04:52:05.948,huobi,ADA/USDT:USDT,0.832765,215.0,0.832756,300.0,0.832943,80.0,0.832944,75.0
1753591926001,04:52:06.001,huobi,ADA/USDT:USDT,0.832765,215.0,0.832756,300.0,0.832903,95.0,0.832942,48.0
1753591926013,04:52:06.013,huobi,ADA/USDT:USDT,0.832765,215.0,0.832756,300.0,0.832903,95.0,0.832942,48.0
1753591926038,04:52:06.038,huobi,ADA/USDT:USDT,0.832765,215.0,0.832756,300.0,0.832903,95.0,0.832942,48.0
1753591926077,04:52:06.077,huobi,ADA/USDT:USDT,0.832765,215.0,0.832756,300.0,0.832903,95.0,0.832942,48.0
1753591926132,04:52:06.132,huobi,ADA/USDT:USDT,0.832765,215.0,0.832756,300.0,0.832903,95.0,0.832942,48.0
1753591926132,04:52:06.132,huobi,ADA/USDT:USDT,0.832765,215.0,0.832756,300.0,0.832903,95.0,0.832942,48.0
1753591926154,04:52:06.154,huobi,ADA/USDT:USDT,0.832765,215.0,0.832756,300.0,0.832861,95.0,0.832902,75.0
1753591926190,04:52:06.190,huobi,ADA/USDT:USDT,0.832765,215.0,0.832756,300.0,0.832819,95.0,0.832861,95.0
1753591926220,04:52:06.220,huobi,ADA/USDT:USDT,0.832765,215.0,0.832756,300.0,0.832819,95.0,0.832861,95.0
1753591926244,04:52:06.244,huobi,ADA/USDT:USDT,0.832818,145.0,0.832765,215.0,0.832819,95.0,0.832861,95.0
1753591926279,04:52:06.279,huobi,ADA/USDT:USDT,0.832818,145.0,0.83281,836.0,0.832819,95.0,0.832861,95.0
1753591926312,04:52:06.312,huobi,ADA/USDT:USDT,0.832818,145.0,0.83281,836.0,0.832819,95.0,0.832861,95.0
1753591926337,04:52:06.337,huobi,ADA/USDT:USDT,0.832818,145.0,0.83281,836.0,0.832861,95.0,0.832902,75.0
1753591926367,04:52:06.367,huobi,ADA/USDT:USDT,0.832821,120.0,0.832818,50.0,0.832861,95.0,0.832902,75.0
1753591926429,04:52:06.429,huobi,ADA/USDT:USDT,0.832821,215.0,0.832818,50.0,0.832861,95.0,0.832902,75.0
1753591926455,04:52:06.455,huobi,ADA/USDT:USDT,0.832821,215.0,0.832818,50.0,0.832861,95.0,0.832902,75.0
1753591926483,04:52:06.483,huobi,ADA/USDT:USDT,0.832821,215.0,0.832818,50.0,0.832861,95.0,0.832902,75.0
1753591926612,04:52:06.612,huobi,ADA/USDT:USDT,0.832821,215.0,0.832818,50.0,0.832861,95.0,0.832902,75.0
1753591926804,04:52:06.804,huobi,ADA/USDT:USDT,0.832821,215.0,0.832818,50.0,0.832861,95.0,0.832902,75.0
1753591926931,04:52:06.931,huobi,ADA/USDT:USDT,0.832821,215.0,0.832818,50.0,0.832861,95.0,0.832902,75.0
1753591926934,04:52:06.934,huobi,ADA/USDT:USDT,0.832821,215.0,0.832818,50.0,0.832861,95.0,0.832902,75.0
1753591926981,04:52:06.981,huobi,ADA/USDT:USDT,0.832821,215.0,0.832818,50.0,0.832861,95.0,0.832902,75.0
1753591927006,04:52:07.006,huobi,ADA/USDT:USDT,0.832821,215.0,0.832818,50.0,0.832861,95.0,0.832902,75.0
1753591927029,04:52:07.029,huobi,ADA/USDT:USDT,0.832821,215.0,0.832818,50.0,0.832861,95.0,0.832902,75.0
1753591927067,04:52:07.067,huobi,ADA/USDT:USDT,0.832821,215.0,0.832818,50.0,0.832861,95.0,0.832902,75.0
1753591927121,04:52:07.121,huobi,ADA/USDT:USDT,0.832821,215.0,0.832818,50.0,0.832861,95.0,0.832902,75.0
1753591927202,04:52:07.202,huobi,ADA/USDT:USDT,0.832821,215.0,0.832818,50.0,0.832861,95.0,0.832902,75.0
1753591927205,04:52:07.205,huobi,ADA/USDT:USDT,0.832821,215.0,0.832818,50.0,0.832861,95.0,0.832902,75.0
1753591927297,04:52:07.297,huobi,ADA/USDT:USDT,0.832821,215.0,0.832818,50.0,0.832861,95.0,0.832902,75.0
1753591927326,04:52:07.326,huobi,ADA/USDT:USDT,0.832821,215.0,0.832818,50.0,0.832861,95.0,0.832902,75.0
1753591927389,04:52:07.389,huobi,ADA/USDT:USDT,0.832821,215.0,0.832818,50.0,0.832861,95.0,0.832902,75.0
1753591927432,04:52:07.432,huobi,ADA/USDT:USDT,0.832821,215.0,0.832818,50.0,0.832861,95.0,0.832902,75.0
1753591927469,04:52:07.469,huobi,ADA/USDT:USDT,0.832821,215.0,0.832818,50.0,0.832861,95.0,0.832902,75.0
1753591927542,04:52:07.542,huobi,ADA/USDT:USDT,0.832821,215.0,0.832818,50.0,0.832861,95.0,0.832902,75.0
1753591927572,04:52:07.572,huobi,ADA/USDT:USDT,0.832821,215.0,0.832818,50.0,0.832861,95.0,0.832902,75.0
1753591927607,04:52:07.607,huobi,ADA/USDT:USDT,0.832821,215.0,0.832818,50.0,0.832861,95.0,0.832902,75.0
1753591927673,04:52:07.673,huobi,ADA/USDT:USDT,0.832821,215.0,0.832818,50.0,0.832861,95.0,0.832902,75.0
1753591927749,04:52:07.749,huobi,ADA/USDT:USDT,0.832821,215.0,0.832818,50.0,0.832861,95.0,0.832902,75.0
1753591927803,04:52:07.803,huobi,ADA/USDT:USDT,0.832821,215.0,0.832818,50.0,0.832861,95.0,0.832902,75.0
1753591927939,04:52:07.939,huobi,ADA/USDT:USDT,0.832821,215.0,0.832818,50.0,0.832861,95.0,0.832902,75.0
1753591928093,04:52:08.093,huobi,ADA/USDT:USDT,0.832821,215.0,0.832818,50.0,0.832861,95.0,0.832902,75.0
1753591928144,04:52:08.144,huobi,ADA/USDT:USDT,0.832821,215.0,0.832818,50.0,0.832861,95.0,0.832902,75.0
1753591928303,04:52:08.303,huobi,ADA/USDT:USDT,0.832821,215.0,0.832818,50.0,0.832861,95.0,0.832902,27.0
1753591928316,04:52:08.316,huobi,ADA/USDT:USDT,0.832821,215.0,0.832818,50.0,0.832861,95.0,0.832902,27.0
1753591928355,04:52:08.355,huobi,ADA/USDT:USDT,0.832821,215.0,0.832818,50.0,0.832861,95.0,0.832902,27.0
1753591928405,04:52:08.405,huobi,ADA/USDT:USDT,0.832821,215.0,0.832818,50.0,0.832861,95.0,0.832902,27.0
1753591928443,04:52:08.443,huobi,ADA/USDT:USDT,0.832821,215.0,0.832818,50.0,0.832861,95.0,0.832902,27.0
1753591928506,04:52:08.506,huobi,ADA/USDT:USDT,0.832821,215.0,0.832818,50.0,0.832861,95.0,0.832902,27.0
1753591928533,04:52:08.533,huobi,ADA/USDT:USDT,0.832821,215.0,0.832818,50.0,0.832861,95.0,0.832902,27.0
1753591928608,04:52:08.608,huobi,ADA/USDT:USDT,0.832821,215.0,0.832818,50.0,0.832861,95.0,0.832902,27.0
1753591928617,04:52:08.617,huobi,ADA/USDT:USDT,0.832821,215.0,0.832818,50.0,0.832861,95.0,0.832902,27.0
1753591928648,04:52:08.648,huobi,ADA/USDT:USDT,0.832821,215.0,0.832818,50.0,0.832861,95.0,0.832902,27.0
1753591928688,04:52:08.688,huobi,ADA/USDT:USDT,0.832821,215.0,0.832818,50.0,0.832861,95.0,0.832902,27.0
1753591928708,04:52:08.708,huobi,ADA/USDT:USDT,0.832821,215.0,0.832818,50.0,0.832861,95.0,0.832902,27.0
1753591928769,04:52:08.769,huobi,ADA/USDT:USDT,0.832821,215.0,0.832818,50.0,0.832861,95.0,0.832902,27.0
1753591928924,04:52:08.924,huobi,ADA/USDT:USDT,0.832821,215.0,0.832818,50.0,0.832861,95.0,0.832902,27.0
1753591928995,04:52:08.995,huobi,ADA/USDT:USDT,0.832821,215.0,0.832818,50.0,0.832902,27.0,0.832903,95.0
1753591929025,04:52:09.025,huobi,ADA/USDT:USDT,0.832821,215.0,0.832818,50.0,0.832986,95.0,0.833009,120.0
1753591929047,04:52:09.047,huobi,ADA/USDT:USDT,0.832821,215.0,0.832818,50.0,0.832986,95.0,0.833009,120.0
1753591929082,04:52:09.082,huobi,ADA/USDT:USDT,0.832822,300.0,0.832821,215.0,0.832986,95.0,0.833009,120.0
1753591929107,04:52:09.107,huobi,ADA/USDT:USDT,0.832822,395.0,0.832818,50.0,0.832986,95.0,0.833027,27.0
1753591929129,04:52:09.129,huobi,ADA/USDT:USDT,0.832831,120.0,0.832822,395.0,0.832986,95.0,0.833027,27.0
1753591929157,04:52:09.157,huobi,ADA/USDT:USDT,0.832841,120.0,0.832832,395.0,0.832986,95.0,0.833027,27.0
1753591929188,04:52:09.188,huobi,ADA/USDT:USDT,0.832851,120.0,0.832842,395.0,0.832986,95.0,0.833027,27.0
1753591929217,04:52:09.217,huobi,ADA/USDT:USDT,0.832861,120.0,0.832852,300.0,0.832986,95.0,0.833027,27.0
1753591929367,04:52:09.367,huobi,ADA/USDT:USDT,0.832861,215.0,0.832852,300.0,0.832986,95.0,0.833027,27.0
1753591929409,04:52:09.409,huobi,ADA/USDT:USDT,0.832861,215.0,0.832852,300.0,0.832986,95.0,0.833027,27.0
1753591930563,04:52:10.563,huobi,ADA/USDT:USDT,0.832861,215.0,0.832852,300.0,0.832986,95.0,0.833027,27.0
1753591930572,04:52:10.572,huobi,ADA/USDT:USDT,0.832861,215.0,0.832852,300.0,0.832986,95.0,0.833027,27.0
1753591930598,04:52:10.598,huobi,ADA/USDT:USDT,0.832861,215.0,0.832852,300.0,0.832986,95.0,0.833027,27.0
1753591931051,04:52:11.051,huobi,ADA/USDT:USDT,0.832861,215.0,0.832852,300.0,0.832986,95.0,0.833027,27.0
1753591931075,04:52:11.075,huobi,ADA/USDT:USDT,0.832871,120.0,0.832862,396.0,0.833028,96.0,0.833033,1.0
1753591931110,04:52:11.110,huobi,ADA/USDT:USDT,0.832871,216.0,0.832862,300.0,0.833028,96.0,0.833033,1.0
1753591931146,04:52:11.146,huobi,ADA/USDT:USDT,0.832871,216.0,0.832862,300.0,0.833028,96.0,0.833033,1.0
1753591931193,04:52:11.193,huobi,ADA/USDT:USDT,0.832871,216.0,0.832862,300.0,0.833028,96.0,0.833033,1.0
1753591931289,04:52:11.289,huobi,ADA/USDT:USDT,0.832871,216.0,0.832862,300.0,0.833027,80.0,0.833028,96.0
1753591931460,04:52:11.460,huobi,ADA/USDT:USDT,0.832871,216.0,0.832862,300.0,0.833028,96.0,0.833033,1.0
1753591931469,04:52:11.469,huobi,ADA/USDT:USDT,0.832871,216.0,0.832862,300.0,0.833027,80.0,0.833028,96.0
1753591931497,04:52:11.497,huobi,ADA/USDT:USDT,0.832871,216.0,0.832862,300.0,0.832986,96.0,0.833026,75.0
1753591931725,04:52:11.725,huobi,ADA/USDT:USDT,0.832871,216.0,0.832852,300.0,0.832986,96.0,0.833026,75.0
1753591931759,04:52:11.759,huobi,ADA/USDT:USDT,0.832871,216.0,0.832819,96.0,0.832986,96.0,0.833026,75.0
1753591931764,04:52:11.764,huobi,ADA/USDT:USDT,0.832871,216.0,0.832819,96.0,0.832985,107.0,0.832986,96.0
1753591931882,04:52:11.882,huobi,ADA/USDT:USDT,0.832871,216.0,0.832819,96.0,0.832944,96.0,0.832985,75.0
1753591931889,04:52:11.889,huobi,ADA/USDT:USDT,0.832871,216.0,0.832819,96.0,0.832943,27.0,0.832944,96.0
1753591931944,04:52:11.944,huobi,ADA/USDT:USDT,0.832872,836.0,0.832871,96.0,0.832902,96.0,0.832943,75.0
1753591931953,04:52:11.953,huobi,ADA/USDT:USDT,0.832901,50.0,0.832872,836.0,0.832902,96.0,0.832943,75.0
1753591931979,04:52:11.979,huobi,ADA/USDT:USDT,0.832901,146.0,0.832872,836.0,0.832902,96.0,0.832943,27.0
1753591932286,04:52:12.286,huobi,ADA/USDT:USDT,0.832901,146.0,0.832872,836.0,0.832902,144.0,0.832943,27.0
1753591933476,04:52:13.476,huobi,ADA/USDT:USDT,0.832901,146.0,0.832872,836.0,0.832902,144.0,0.832943,27.0
1753591934305,04:52:14.305,huobi,ADA/USDT:USDT,0.832901,146.0,0.832872,836.0,0.832902,144.0,0.832943,27.0
1753591934761,04:52:14.761,huobi,ADA/USDT:USDT,0.832901,96.0,0.832872,836.0,0.832902,48.0,0.832943,27.0
1753591934771,04:52:14.771,huobi,ADA/USDT:USDT,0.832901,96.0,0.832872,836.0,0.832943,27.0,0.832944,96.0
1753591935208,04:52:15.208,huobi,ADA/USDT:USDT,0.832901,96.0,0.832872,836.0,0.832915,96.0,0.832943,27.0
1753591935217,04:52:15.217,huobi,ADA/USDT:USDT,0.832901,96.0,0.832872,836.0,0.832915,96.0,0.832943,27.0
1753591935251,04:52:15.251,huobi,ADA/USDT:USDT,0.832901,96.0,0.832872,836.0,0.832915,96.0,0.832943,27.0
1753591935288,04:52:15.288,huobi,ADA/USDT:USDT,0.832901,96.0,0.832872,836.0,0.832915,96.0,0.832943,27.0
1753591935309,04:52:15.309,huobi,ADA/USDT:USDT,0.832901,96.0,0.832872,836.0,0.832915,96.0,0.832943,27.0
1753591935363,04:52:15.363,huobi,ADA/USDT:USDT,0.832901,96.0,0.832872,836.0,0.832915,96.0,0.832943,27.0
1753591935367,04:52:15.367,huobi,ADA/USDT:USDT,0.832901,96.0,0.832872,836.0,0.832915,96.0,0.832943,27.0
1753591935437,04:52:15.437,huobi,ADA/USDT:USDT,0.832901,96.0,0.832872,836.0,0.832915,96.0,0.832943,27.0
1753591935492,04:52:15.492,huobi,ADA/USDT:USDT,0.832901,96.0,0.832872,836.0,0.832915,96.0,0.832943,27.0
1753591935517,04:52:15.517,huobi,ADA/USDT:USDT,0.832901,96.0,0.832872,836.0,0.832915,96.0,0.832943,27.0
1753591935606,04:52:15.606,huobi,ADA/USDT:USDT,0.832901,96.0,0.832872,836.0,0.832915,96.0,0.832943,27.0
1753591935651,04:52:15.651,huobi,ADA/USDT:USDT,0.832901,96.0,0.832872,836.0,0.832915,96.0,0.832943,27.0
1753591935854,04:52:15.854,huobi,ADA/USDT:USDT,0.832901,96.0,0.832872,836.0,0.832915,96.0,0.832943,27.0
1753591935963,04:52:15.963,huobi,ADA/USDT:USDT,0.832901,96.0,0.832872,836.0,0.832915,96.0,0.832943,27.0
1753591935967,04:52:15.967,huobi,ADA/USDT:USDT,0.832901,96.0,0.832872,836.0,0.832915,96.0,0.832943,27.0
1753591936061,04:52:16.061,huobi,ADA/USDT:USDT,0.832901,96.0,0.832872,836.0,0.832915,96.0,0.832943,27.0
1753591936114,04:52:16.114,huobi,ADA/USDT:USDT,0.832901,96.0,0.832872,836.0,0.832915,96.0,0.832943,27.0
1753591936128,04:52:16.128,huobi,ADA/USDT:USDT,0.832901,96.0,0.832872,836.0,0.832915,96.0,0.832943,27.0
1753591936152,04:52:16.152,huobi,ADA/USDT:USDT,0.832901,96.0,0.832872,836.0,0.832915,96.0,0.832943,27.0
1753591936174,04:52:16.174,huobi,ADA/USDT:USDT,0.832901,96.0,0.832872,836.0,0.832915,96.0,0.832943,27.0
1753591936407,04:52:16.407,huobi,ADA/USDT:USDT,0.832901,96.0,0.832872,836.0,0.832915,96.0,0.832943,27.0
1753591936415,04:52:16.415,huobi,ADA/USDT:USDT,0.832901,96.0,0.832872,836.0,0.832915,96.0,0.832943,27.0
1753591936478,04:52:16.478,huobi,ADA/USDT:USDT,0.832901,96.0,0.832872,836.0,0.832915,96.0,0.832943,27.0
1753591936553,04:52:16.553,huobi,ADA/USDT:USDT,0.832901,96.0,0.832872,836.0,0.832915,96.0,0.832943,27.0
1753591936576,04:52:16.576,huobi,ADA/USDT:USDT,0.832901,96.0,0.832872,836.0,0.832915,96.0,0.832943,27.0
1753591936621,04:52:16.621,huobi,ADA/USDT:USDT,0.832901,96.0,0.832872,836.0,0.832915,96.0,0.832943,27.0
1753591936694,04:52:16.694,huobi,ADA/USDT:USDT,0.832901,96.0,0.832872,836.0,0.832915,96.0,0.832943,27.0
1753591936744,04:52:16.744,huobi,ADA/USDT:USDT,0.832901,96.0,0.832872,836.0,0.832915,96.0,0.832943,27.0
1753591936844,04:52:16.844,huobi,ADA/USDT:USDT,0.832901,96.0,0.832872,836.0,0.832915,96.0,0.832943,27.0
1753591936906,04:52:16.906,huobi,ADA/USDT:USDT,0.832901,96.0,0.832872,836.0,0.832915,96.0,0.832943,27.0
1753591936932,04:52:16.932,huobi,ADA/USDT:USDT,0.832901,96.0,0.832872,836.0,0.832915,96.0,0.832943,27.0
1753591936983,04:52:16.983,huobi,ADA/USDT:USDT,0.832901,96.0,0.832872,836.0,0.832915,96.0,0.832943,27.0
1753591936987,04:52:16.987,huobi,ADA/USDT:USDT,0.832901,96.0,0.832872,836.0,0.832915,96.0,0.832943,27.0
1753591937044,04:52:17.044,huobi,ADA/USDT:USDT,0.832901,96.0,0.832872,836.0,0.832915,96.0,0.832943,27.0
1753591937078,04:52:17.078,huobi,ADA/USDT:USDT,0.832901,96.0,0.832872,836.0,0.832915,96.0,0.832943,27.0
1753591937124,04:52:17.124,huobi,ADA/USDT:USDT,0.832901,96.0,0.832872,836.0,0.832915,96.0,0.832943,27.0
1753591937176,04:52:17.176,huobi,ADA/USDT:USDT,0.832901,96.0,0.832872,836.0,0.832915,96.0,0.832943,27.0
1753591937196,04:52:17.196,huobi,ADA/USDT:USDT,0.832901,96.0,0.832872,836.0,0.832915,96.0,0.832943,27.0
1753591937224,04:52:17.224,huobi,ADA/USDT:USDT,0.832901,96.0,0.832872,836.0,0.832915,96.0,0.832943,27.0
1753591937257,04:52:17.257,huobi,ADA/USDT:USDT,0.832901,96.0,0.832872,836.0,0.832915,96.0,0.832943,27.0
1753591937368,04:52:17.368,huobi,ADA/USDT:USDT,0.832901,96.0,0.832872,836.0,0.832915,96.0,0.832943,27.0
1753591937379,04:52:17.379,huobi,ADA/USDT:USDT,0.832901,96.0,0.832872,836.0,0.832915,96.0,0.832943,27.0
1753591937411,04:52:17.411,huobi,ADA/USDT:USDT,0.832901,96.0,0.832872,836.0,0.832915,96.0,0.832943,27.0
1753591937467,04:52:17.467,huobi,ADA/USDT:USDT,0.832901,96.0,0.832872,836.0,0.832915,96.0,0.832943,27.0
1753591937505,04:52:17.505,huobi,ADA/USDT:USDT,0.832901,96.0,0.832872,836.0,0.832915,96.0,0.832943,27.0
1753591937536,04:52:17.536,huobi,ADA/USDT:USDT,0.832901,96.0,0.832872,836.0,0.832915,96.0,0.832943,27.0
1753591937570,04:52:17.570,huobi,ADA/USDT:USDT,0.832901,96.0,0.832872,836.0,0.832915,96.0,0.832943,27.0
1753591937651,04:52:17.651,huobi,ADA/USDT:USDT,0.832901,96.0,0.832872,836.0,0.832915,96.0,0.832943,27.0
1753591937690,04:52:17.690,huobi,ADA/USDT:USDT,0.832901,96.0,0.832872,836.0,0.832915,96.0,0.832943,27.0
1753591937731,04:52:17.731,huobi,ADA/USDT:USDT,0.832901,96.0,0.832872,836.0,0.832915,96.0,0.832943,27.0
1753591937753,04:52:17.753,huobi,ADA/USDT:USDT,0.832901,96.0,0.832872,836.0,0.832915,96.0,0.832943,27.0
1753591937771,04:52:17.771,huobi,ADA/USDT:USDT,0.832901,96.0,0.832872,836.0,0.832915,96.0,0.832943,27.0
1753591937808,04:52:17.808,huobi,ADA/USDT:USDT,0.832901,96.0,0.832872,836.0,0.832915,96.0,0.832943,27.0
1753591937841,04:52:17.841,huobi,ADA/USDT:USDT,0.832901,96.0,0.832872,836.0,0.832915,96.0,0.832943,27.0
1753591937866,04:52:17.866,huobi,ADA/USDT:USDT,0.832901,96.0,0.832872,836.0,0.832915,96.0,0.832943,27.0
1753591937891,04:52:17.891,huobi,ADA/USDT:USDT,0.832901,96.0,0.832872,836.0,0.832915,96.0,0.832943,27.0
1753591937935,04:52:17.935,huobi,ADA/USDT:USDT,0.832901,96.0,0.832872,836.0,0.832915,96.0,0.832943,27.0
1753591937956,04:52:17.956,huobi,ADA/USDT:USDT,0.832901,96.0,0.832872,836.0,0.832915,96.0,0.832943,27.0
1753591937984,04:52:17.984,huobi,ADA/USDT:USDT,0.832901,96.0,0.832872,836.0,0.832915,96.0,0.832943,27.0
1753591938038,04:52:18.038,huobi,ADA/USDT:USDT,0.832901,96.0,0.832872,836.0,0.832915,96.0,0.832943,27.0
1753591938084,04:52:18.084,huobi,ADA/USDT:USDT,0.832901,96.0,0.832872,836.0,0.832915,96.0,0.832943,27.0
1753591938160,04:52:18.160,huobi,ADA/USDT:USDT,0.832901,96.0,0.832872,836.0,0.832915,96.0,0.832943,27.0
1753591938211,04:52:18.211,huobi,ADA/USDT:USDT,0.832901,96.0,0.832872,836.0,0.832915,96.0,0.832943,27.0
1753591938234,04:52:18.234,huobi,ADA/USDT:USDT,0.832901,96.0,0.832872,836.0,0.832915,96.0,0.832943,27.0
1753591938287,04:52:18.287,huobi,ADA/USDT:USDT,0.832901,96.0,0.832872,836.0,0.832915,96.0,0.832943,27.0
1753591938348,04:52:18.348,huobi,ADA/USDT:USDT,0.832901,96.0,0.832872,836.0,0.832915,96.0,0.832943,27.0
1753591938408,04:52:18.408,huobi,ADA/USDT:USDT,0.832901,96.0,0.832872,836.0,0.832915,96.0,0.832943,27.0
1753591938457,04:52:18.457,huobi,ADA/USDT:USDT,0.832901,96.0,0.832872,836.0,0.832915,96.0,0.832943,27.0
1753591938522,04:52:18.522,huobi,ADA/USDT:USDT,0.832901,96.0,0.832872,836.0,0.832915,96.0,0.832943,27.0
1753591938548,04:52:18.548,huobi,ADA/USDT:USDT,0.832901,96.0,0.832872,836.0,0.832915,96.0,0.832943,27.0
1753591938577,04:52:18.577,huobi,ADA/USDT:USDT,0.832901,96.0,0.832872,836.0,0.832915,96.0,0.832943,27.0
1753591938617,04:52:18.617,huobi,ADA/USDT:USDT,0.832901,96.0,0.832872,836.0,0.832915,96.0,0.832943,27.0
1753591938634,04:52:18.634,huobi,ADA/USDT:USDT,0.832901,96.0,0.832872,836.0,0.832915,96.0,0.832943,27.0
1753591938670,04:52:18.670,huobi,ADA/USDT:USDT,0.832901,96.0,0.832872,836.0,0.832915,96.0,0.832943,27.0
1753591938703,04:52:18.703,huobi,ADA/USDT:USDT,0.832901,96.0,0.832872,836.0,0.832915,96.0,0.832943,27.0
1753591938757,04:52:18.757,huobi,ADA/USDT:USDT,0.832901,96.0,0.832872,836.0,0.832915,96.0,0.832943,27.0
1753591938939,04:52:18.939,huobi,ADA/USDT:USDT,0.832901,96.0,0.832872,836.0,0.832915,96.0,0.832943,27.0
1753591938966,04:52:18.966,huobi,ADA/USDT:USDT,0.832901,96.0,0.832872,836.0,0.832915,96.0,0.832943,27.0
1753591938998,04:52:18.998,huobi,ADA/USDT:USDT,0.832901,96.0,0.832872,836.0,0.832915,96.0,0.832943,27.0
1753591939054,04:52:19.054,huobi,ADA/USDT:USDT,0.832901,96.0,0.832872,836.0,0.832915,96.0,0.832943,27.0
1753591939095,04:52:19.095,huobi,ADA/USDT:USDT,0.832902,120.0,0.832872,836.0,0.832915,96.0,0.832943,27.0
1753591939120,04:52:19.120,huobi,ADA/USDT:USDT,0.832902,96.0,0.832881,120.0,0.832943,27.0,0.832985,27.0
1753591939153,04:52:19.153,huobi,ADA/USDT:USDT,0.832905,120.0,0.832902,96.0,0.832943,27.0,0.832985,27.0
1753591939184,04:52:19.184,huobi,ADA/USDT:USDT,0.832905,216.0,0.832881,120.0,0.832943,27.0,0.832985,27.0
1753591939228,04:52:19.228,huobi,ADA/USDT:USDT,0.832905,216.0,0.832872,836.0,0.832943,27.0,0.832985,27.0
1753591939245,04:52:19.245,huobi,ADA/USDT:USDT,0.832905,216.0,0.832872,836.0,0.832943,27.0,0.832985,27.0
1753591939277,04:52:19.277,huobi,ADA/USDT:USDT,0.832905,96.0,0.832872,836.0,0.832936,96.0,0.832943,27.0
1753591939297,04:52:19.297,huobi,ADA/USDT:USDT,0.832905,96.0,0.832872,836.0,0.832936,96.0,0.832943,27.0
1753591939328,04:52:19.328,huobi,ADA/USDT:USDT,0.832906,216.0,0.832872,836.0,0.832936,96.0,0.832943,27.0
1753591939377,04:52:19.377,huobi,ADA/USDT:USDT,0.832906,96.0,0.832872,836.0,0.832936,96.0,0.832943,27.0
1753591939396,04:52:19.396,huobi,ADA/USDT:USDT,0.832906,96.0,0.832872,836.0,0.832936,96.0,0.832943,27.0
1753591939456,04:52:19.456,huobi,ADA/USDT:USDT,0.832906,96.0,0.832872,836.0,0.832936,96.0,0.832943,27.0
1753591939494,04:52:19.494,huobi,ADA/USDT:USDT,0.832906,96.0,0.832872,836.0,0.832936,96.0,0.832943,27.0
1753591939510,04:52:19.510,huobi,ADA/USDT:USDT,0.832906,96.0,0.832872,836.0,0.832936,96.0,0.832943,27.0
1753591939542,04:52:19.542,huobi,ADA/USDT:USDT,0.832909,216.0,0.832872,836.0,0.832936,96.0,0.832943,27.0
1753591939575,04:52:19.575,huobi,ADA/USDT:USDT,0.832909,216.0,0.832872,836.0,0.832936,96.0,0.832943,27.0
1753591939601,04:52:19.601,huobi,ADA/USDT:USDT,0.832909,96.0,0.832881,120.0,0.832936,96.0,0.832943,27.0
1753591939628,04:52:19.628,huobi,ADA/USDT:USDT,0.832909,96.0,0.832881,120.0,0.832936,96.0,0.832943,27.0
1753591939663,04:52:19.663,huobi,ADA/USDT:USDT,0.832909,96.0,0.832881,120.0,0.832936,96.0,0.832943,27.0
1753591939694,04:52:19.694,huobi,ADA/USDT:USDT,0.832909,96.0,0.832881,120.0,0.832936,96.0,0.832943,27.0
1753591939742,04:52:19.742,huobi,ADA/USDT:USDT,0.832909,96.0,0.832881,120.0,0.832936,96.0,0.832943,27.0
1753591939757,04:52:19.757,huobi,ADA/USDT:USDT,0.832909,96.0,0.832881,120.0,0.832936,96.0,0.832943,27.0
1753591939773,04:52:19.773,huobi,ADA/USDT:USDT,0.832912,120.0,0.832909,96.0,0.832936,96.0,0.832943,27.0
1753591939807,04:52:19.807,huobi,ADA/USDT:USDT,0.832912,216.0,0.832872,836.0,0.832936,96.0,0.832986,96.0
1753591939838,04:52:19.838,huobi,ADA/USDT:USDT,0.832912,216.0,0.832872,836.0,0.832986,96.0,0.833026,27.0
1753591939896,04:52:19.896,huobi,ADA/USDT:USDT,0.832912,216.0,0.832872,836.0,0.832986,96.0,0.833026,27.0
1753591939980,04:52:19.980,huobi,ADA/USDT:USDT,0.832912,216.0,0.832872,836.0,0.832986,96.0,0.833026,27.0
1753591939988,04:52:19.988,huobi,ADA/USDT:USDT,0.832912,216.0,0.832872,836.0,0.832986,96.0,0.833026,27.0
1753591940017,04:52:20.017,huobi,ADA/USDT:USDT,0.832912,216.0,0.832872,836.0,0.832986,96.0,0.833026,27.0
1753591940052,04:52:20.052,huobi,ADA/USDT:USDT,0.832912,216.0,0.832872,836.0,0.832986,96.0,0.833026,27.0
1753591940110,04:52:20.110,huobi,ADA/USDT:USDT,0.832912,216.0,0.832872,836.0,0.832986,96.0,0.833026,27.0
1753591940150,04:52:20.150,huobi,ADA/USDT:USDT,0.832912,216.0,0.832872,836.0,0.832986,96.0,0.833026,27.0
1753591940167,04:52:20.167,huobi,ADA/USDT:USDT,0.832912,216.0,0.832872,836.0,0.832986,96.0,0.833026,27.0
1753591940238,04:52:20.238,huobi,ADA/USDT:USDT,0.832912,216.0,0.832872,836.0,0.832986,96.0,0.833026,27.0
1753591940254,04:52:20.254,huobi,ADA/USDT:USDT,0.832912,216.0,0.832872,836.0,0.832986,96.0,0.833026,27.0
1753591940341,04:52:20.341,huobi,ADA/USDT:USDT,0.832912,216.0,0.832872,836.0,0.832986,96.0,0.833026,27.0
1753591940348,04:52:20.348,huobi,ADA/USDT:USDT,0.832912,216.0,0.832872,836.0,0.832986,96.0,0.833026,27.0
1753591940473,04:52:20.473,huobi,ADA/USDT:USDT,0.832912,216.0,0.832872,836.0,0.832986,96.0,0.833026,27.0
1753591940508,04:52:20.508,huobi,ADA/USDT:USDT,0.832912,216.0,0.832872,836.0,0.832986,96.0,0.833026,27.0
1753591940536,04:52:20.536,huobi,ADA/USDT:USDT,0.832912,216.0,0.832872,836.0,0.832986,96.0,0.833026,27.0
1753591940592,04:52:20.592,huobi,ADA/USDT:USDT,0.832912,216.0,0.832872,836.0,0.832986,96.0,0.833026,27.0
1753591940615,04:52:20.615,huobi,ADA/USDT:USDT,0.832912,216.0,0.832872,836.0,0.832986,96.0,0.833026,27.0
1753591940691,04:52:20.691,huobi,ADA/USDT:USDT,0.832912,216.0,0.832872,836.0,0.832986,96.0,0.833026,27.0
1753591940721,04:52:20.721,huobi,ADA/USDT:USDT,0.832912,216.0,0.832872,836.0,0.832986,96.0,0.833026,27.0
1753591940755,04:52:20.755,huobi,ADA/USDT:USDT,0.832912,216.0,0.832872,836.0,0.832986,96.0,0.833026,27.0
1753591940790,04:52:20.790,huobi,ADA/USDT:USDT,0.832912,216.0,0.832872,836.0,0.832986,96.0,0.833026,27.0
1753591940927,04:52:20.927,huobi,ADA/USDT:USDT,0.832912,216.0,0.832872,836.0,0.832986,96.0,0.833026,27.0
1753591941093,04:52:21.093,huobi,ADA/USDT:USDT,0.832912,216.0,0.832872,836.0,0.832986,96.0,0.833026,27.0
1753591941119,04:52:21.119,huobi,ADA/USDT:USDT,0.832912,216.0,0.832872,836.0,0.832986,96.0,0.833026,27.0
1753591941668,04:52:21.668,huobi,ADA/USDT:USDT,0.832912,216.0,0.832872,836.0,0.832986,96.0,0.833026,27.0
1753591941720,04:52:21.720,huobi,ADA/USDT:USDT,0.832912,216.0,0.832872,836.0,0.832986,96.0,0.833026,27.0
1753591941733,04:52:21.733,huobi,ADA/USDT:USDT,0.832912,216.0,0.832872,836.0,0.832986,96.0,0.833026,27.0
1753591941762,04:52:21.762,huobi,ADA/USDT:USDT,0.832912,216.0,0.832872,836.0,0.832986,96.0,0.833026,27.0
1753591941799,04:52:21.799,huobi,ADA/USDT:USDT,0.832912,216.0,0.832872,836.0,0.832986,96.0,0.833026,27.0
1753591942037,04:52:22.037,huobi,ADA/USDT:USDT,0.832912,216.0,0.832872,836.0,0.832986,96.0,0.833026,27.0
1753591942075,04:52:22.075,huobi,ADA/USDT:USDT,0.832912,216.0,0.832872,836.0,0.832986,96.0,0.833026,27.0
1753591942183,04:52:22.183,huobi,ADA/USDT:USDT,0.832912,216.0,0.832872,836.0,0.832986,96.0,0.833026,27.0
1753591942250,04:52:22.250,huobi,ADA/USDT:USDT,0.832912,216.0,0.832872,836.0,0.832986,96.0,0.833026,27.0
1753591942288,04:52:22.288,huobi,ADA/USDT:USDT,0.832912,216.0,0.832872,836.0,0.832986,96.0,0.833026,27.0
1753591942301,04:52:22.301,huobi,ADA/USDT:USDT,0.832912,216.0,0.832872,836.0,0.832986,96.0,0.833026,27.0
1753591942332,04:52:22.332,huobi,ADA/USDT:USDT,0.832912,216.0,0.832872,836.0,0.832986,96.0,0.833026,27.0
1753591942359,04:52:22.359,huobi,ADA/USDT:USDT,0.832912,216.0,0.832872,836.0,0.832986,96.0,0.833026,27.0
1753591942434,04:52:22.434,huobi,ADA/USDT:USDT,0.832912,216.0,0.832872,836.0,0.832986,96.0,0.833026,27.0
1753591942512,04:52:22.512,huobi,ADA/USDT:USDT,0.832912,216.0,0.832872,836.0,0.832986,96.0,0.833026,27.0
1753591942537,04:52:22.537,huobi,ADA/USDT:USDT,0.832912,216.0,0.832872,836.0,0.832986,96.0,0.833026,27.0
1753591942759,04:52:22.759,huobi,ADA/USDT:USDT,0.832912,216.0,0.832872,836.0,0.832986,96.0,0.833026,27.0
1753591942847,04:52:22.847,huobi,ADA/USDT:USDT,0.832912,216.0,0.832872,836.0,0.832986,96.0,0.833026,27.0
1753591942880,04:52:22.880,huobi,ADA/USDT:USDT,0.832912,216.0,0.832872,836.0,0.832986,96.0,0.833026,27.0
1753591942928,04:52:22.928,huobi,ADA/USDT:USDT,0.832912,216.0,0.832872,836.0,0.832986,96.0,0.833026,27.0
1753591943097,04:52:23.097,huobi,ADA/USDT:USDT,0.832912,216.0,0.832872,836.0,0.832986,96.0,0.833026,27.0
1753591943126,04:52:23.126,huobi,ADA/USDT:USDT,0.832912,216.0,0.832872,836.0,0.832986,96.0,0.833026,27.0
1753591943137,04:52:23.137,huobi,ADA/USDT:USDT,0.832912,216.0,0.832872,836.0,0.832986,96.0,0.833028,96.0
1753591943166,04:52:23.166,huobi,ADA/USDT:USDT,0.832913,300.0,0.832872,836.0,0.833033,1.0,0.833045,1.0
1753591943199,04:52:23.199,huobi,ADA/USDT:USDT,0.832923,300.0,0.832922,213.0,0.833033,1.0,0.833045,1.0
1753591943226,04:52:23.226,huobi,ADA/USDT:USDT,0.833032,143.0,0.832932,120.0,0.833033,1.0,0.833045,1.0
1753591943301,04:52:23.301,huobi,ADA/USDT:USDT,0.833032,143.0,0.832932,120.0,0.833033,1.0,0.833045,1.0
1753591943335,04:52:23.335,huobi,ADA/USDT:USDT,0.833032,143.0,0.832932,120.0,0.833033,1.0,0.833045,1.0
1753591943377,04:52:23.377,huobi,ADA/USDT:USDT,0.833032,143.0,0.832932,120.0,0.833033,1.0,0.833045,1.0
1753591943444,04:52:23.444,huobi,ADA/USDT:USDT,0.833032,143.0,0.832999,835.0,0.833033,1.0,0.833045,1.0
1753591943487,04:52:23.487,huobi,ADA/USDT:USDT,0.833032,263.0,0.832999,835.0,0.833033,1.0,0.833045,1.0
1753591943520,04:52:23.520,huobi,ADA/USDT:USDT,0.833032,263.0,0.832999,835.0,0.833033,1.0,0.833045,1.0
1753591943525,04:52:23.525,huobi,ADA/USDT:USDT,0.833032,263.0,0.832999,835.0,0.833033,1.0,0.833045,1.0
1753591943569,04:52:23.569,huobi,ADA/USDT:USDT,0.833032,263.0,0.832999,835.0,0.833033,1.0,0.833045,1.0
1753591943604,04:52:23.604,huobi,ADA/USDT:USDT,0.833032,263.0,0.832999,835.0,0.833033,1.0,0.833045,1.0
1753591943837,04:52:23.837,huobi,ADA/USDT:USDT,0.833032,263.0,0.832999,835.0,0.833033,1.0,0.833045,1.0
1753591943861,04:52:23.861,huobi,ADA/USDT:USDT,0.833032,263.0,0.832999,835.0,0.833033,1.0,0.833045,1.0
1753591944888,04:52:24.888,huobi,ADA/USDT:USDT,0.833032,263.0,0.832999,835.0,0.833033,1.0,0.833045,1.0
1753591944914,04:52:24.914,huobi,ADA/USDT:USDT,0.833032,563.0,0.832999,835.0,0.833033,1.0,0.833045,1.0
1753591944939,04:52:24.939,huobi,ADA/USDT:USDT,0.833032,563.0,0.832999,835.0,0.833033,1.0,0.833045,1.0
1753591944997,04:52:24.997,huobi,ADA/USDT:USDT,0.833032,563.0,0.832999,835.0,0.833033,1.0,0.833045,1.0
1753591945040,04:52:25.040,huobi,ADA/USDT:USDT,0.833032,563.0,0.832999,835.0,0.833033,1.0,0.833045,1.0
1753591945075,04:52:25.075,huobi,ADA/USDT:USDT,0.833032,563.0,0.832999,835.0,0.833033,1.0,0.833045,1.0
1753591945160,04:52:25.160,huobi,ADA/USDT:USDT,0.833032,563.0,0.832999,835.0,0.833033,1.0,0.833045,1.0
1753591945175,04:52:25.175,huobi,ADA/USDT:USDT,0.833032,563.0,0.832999,835.0,0.833033,1.0,0.833045,1.0
1753591945240,04:52:25.240,huobi,ADA/USDT:USDT,0.833032,563.0,0.832999,835.0,0.833033,1.0,0.833045,1.0
1753591945422,04:52:25.422,huobi,ADA/USDT:USDT,0.833032,563.0,0.832999,835.0,0.833033,1.0,0.833045,1.0
1753591945498,04:52:25.498,huobi,ADA/USDT:USDT,0.833032,563.0,0.832999,835.0,0.833033,1.0,0.833045,1.0
1753591945514,04:52:25.514,huobi,ADA/USDT:USDT,0.833032,563.0,0.832999,835.0,0.833033,1.0,0.833045,1.0
1753591946480,04:52:26.480,huobi,ADA/USDT:USDT,0.833032,563.0,0.832999,835.0,0.833033,81.0,0.833045,1.0
1753591946495,04:52:26.495,huobi,ADA/USDT:USDT,0.833032,50.0,0.832881,195.0,0.833033,222.0,0.833045,1.0
1753591946529,04:52:26.529,huobi,ADA/USDT:USDT,0.832881,93.0,0.832844,120.0,0.832882,27.0,0.833024,120.0
1753591946564,04:52:26.564,huobi,ADA/USDT:USDT,0.832881,213.0,0.832765,95.0,0.832882,107.0,0.832992,93.0
1753591946588,04:52:26.588,huobi,ADA/USDT:USDT,0.832881,213.0,0.83278,300.0,0.832882,107.0,0.832992,93.0
1753591946612,04:52:26.612,huobi,ADA/USDT:USDT,0.832881,1048.0,0.83278,300.0,0.832882,107.0,0.832992,93.0
1753591946676,04:52:26.676,huobi,ADA/USDT:USDT,0.832881,1048.0,0.83278,300.0,0.832882,107.0,0.832992,93.0
1753591946709,04:52:26.709,huobi,ADA/USDT:USDT,0.832881,1048.0,0.83278,300.0,0.832882,107.0,0.832992,93.0
1753591946738,04:52:26.738,huobi,ADA/USDT:USDT,0.832881,1048.0,0.83278,300.0,0.832882,107.0,0.832992,93.0
1753591946783,04:52:26.783,huobi,ADA/USDT:USDT,0.832881,1048.0,0.83278,300.0,0.832882,107.0,0.832992,93.0
1753591946796,04:52:26.796,huobi,ADA/USDT:USDT,0.832881,1048.0,0.83278,300.0,0.832882,200.0,0.832992,93.0
1753591946844,04:52:26.844,huobi,ADA/USDT:USDT,0.832881,1048.0,0.83278,300.0,0.832882,200.0,0.832992,93.0
1753591946895,04:52:26.895,huobi,ADA/USDT:USDT,0.832881,1048.0,0.83278,300.0,0.832882,200.0,0.832992,93.0
1753591946925,04:52:26.925,huobi,ADA/USDT:USDT,0.832881,1048.0,0.83278,300.0,0.832882,200.0,0.832992,93.0
1753591946990,04:52:26.990,huobi,ADA/USDT:USDT,0.832881,1048.0,0.83278,300.0,0.832882,200.0,0.832992,93.0
1753591947042,04:52:27.042,huobi,ADA/USDT:USDT,0.832881,1048.0,0.83278,300.0,0.832882,200.0,0.832992,93.0
1753591947072,04:52:27.072,huobi,ADA/USDT:USDT,0.832881,1048.0,0.83278,300.0,0.832882,200.0,0.832992,93.0
1753591947183,04:52:27.183,huobi,ADA/USDT:USDT,0.832881,1048.0,0.83278,300.0,0.832882,200.0,0.832992,93.0
1753591947187,04:52:27.187,huobi,ADA/USDT:USDT,0.832881,1048.0,0.83278,300.0,0.832882,200.0,0.832992,93.0
1753591947282,04:52:27.282,huobi,ADA/USDT:USDT,0.832881,1048.0,0.83278,300.0,0.832882,200.0,0.832992,93.0
1753591947329,04:52:27.329,huobi,ADA/USDT:USDT,0.832881,1048.0,0.83278,300.0,0.832882,200.0,0.832992,93.0
1753591947337,04:52:27.337,huobi,ADA/USDT:USDT,0.832881,1048.0,0.83278,300.0,0.832882,200.0,0.832992,93.0
1753591947392,04:52:27.392,huobi,ADA/USDT:USDT,0.832881,1048.0,0.83278,300.0,0.832882,200.0,0.832992,93.0
1753591947396,04:52:27.396,huobi,ADA/USDT:USDT,0.832881,1048.0,0.83278,300.0,0.832882,200.0,0.832992,93.0
1753591947426,04:52:27.426,huobi,ADA/USDT:USDT,0.832881,1048.0,0.83278,300.0,0.832882,200.0,0.832992,93.0
1753591947474,04:52:27.474,huobi,ADA/USDT:USDT,0.832881,1048.0,0.83278,300.0,0.832882,200.0,0.832992,93.0
1753591947486,04:52:27.486,huobi,ADA/USDT:USDT,0.832881,1048.0,0.83278,300.0,0.832882,200.0,0.832992,93.0
1753591947523,04:52:27.523,huobi,ADA/USDT:USDT,0.832881,1048.0,0.83278,300.0,0.832882,200.0,0.832992,93.0
1753591947550,04:52:27.550,huobi,ADA/USDT:USDT,0.832881,1048.0,0.83278,300.0,0.832882,200.0,0.832992,93.0
1753591947598,04:52:27.598,huobi,ADA/USDT:USDT,0.832881,1048.0,0.83278,300.0,0.832882,200.0,0.832992,93.0
1753591947612,04:52:27.612,huobi,ADA/USDT:USDT,0.832881,1048.0,0.83278,300.0,0.832882,200.0,0.832992,93.0
1753591947669,04:52:27.669,huobi,ADA/USDT:USDT,0.832881,1048.0,0.83278,300.0,0.832882,200.0,0.832992,93.0
1753591947708,04:52:27.708,huobi,ADA/USDT:USDT,0.832881,1048.0,0.83278,300.0,0.832882,200.0,0.832992,93.0
1753591947762,04:52:27.762,huobi,ADA/USDT:USDT,0.832881,1048.0,0.83278,300.0,0.832882,200.0,0.832992,93.0
1753591947801,04:52:27.801,huobi,ADA/USDT:USDT,0.832881,1048.0,0.83278,300.0,0.832882,200.0,0.832992,93.0
1753591947894,04:52:27.894,huobi,ADA/USDT:USDT,0.832881,1048.0,0.83278,300.0,0.832882,200.0,0.832992,93.0
1753591947920,04:52:27.920,huobi,ADA/USDT:USDT,0.832881,1048.0,0.83278,300.0,0.832882,200.0,0.832992,93.0
1753591947967,04:52:27.967,huobi,ADA/USDT:USDT,0.832881,1048.0,0.83278,300.0,0.832882,200.0,0.832992,93.0
1753591947999,04:52:27.999,huobi,ADA/USDT:USDT,0.832881,1048.0,0.83278,300.0,0.832882,200.0,0.832992,93.0
1753591948024,04:52:28.024,huobi,ADA/USDT:USDT,0.832881,1048.0,0.83278,300.0,0.832882,200.0,0.832992,93.0
1753591948081,04:52:28.081,huobi,ADA/USDT:USDT,0.832881,1048.0,0.83278,300.0,0.832882,200.0,0.832992,93.0
1753591948085,04:52:28.085,huobi,ADA/USDT:USDT,0.832881,1048.0,0.83278,300.0,0.832882,200.0,0.832992,93.0
1753591948203,04:52:28.203,huobi,ADA/USDT:USDT,0.832881,1048.0,0.83278,300.0,0.832882,200.0,0.832992,93.0
1753591948203,04:52:28.203,huobi,ADA/USDT:USDT,0.832881,1048.0,0.83278,300.0,0.832882,200.0,0.832992,93.0
1753591948257,04:52:28.257,huobi,ADA/USDT:USDT,0.832881,1048.0,0.83278,300.0,0.832882,200.0,0.832992,93.0
1753591948268,04:52:28.268,huobi,ADA/USDT:USDT,0.832881,1048.0,0.83278,300.0,0.832882,200.0,0.832992,93.0
1753591948297,04:52:28.297,huobi,ADA/USDT:USDT,0.832881,928.0,0.83278,300.0,0.832882,200.0,0.832992,93.0
1753591948335,04:52:28.335,huobi,ADA/USDT:USDT,0.832881,928.0,0.83278,300.0,0.832882,200.0,0.832992,93.0
1753591948375,04:52:28.375,huobi,ADA/USDT:USDT,0.832881,928.0,0.83278,300.0,0.832882,200.0,0.832992,93.0
1753591948387,04:52:28.387,huobi,ADA/USDT:USDT,0.832881,928.0,0.83278,300.0,0.832882,200.0,0.832992,93.0
1753591948439,04:52:28.439,huobi,ADA/USDT:USDT,0.832881,928.0,0.83278,300.0,0.832882,200.0,0.832992,93.0
1753591948445,04:52:28.445,huobi,ADA/USDT:USDT,0.832881,928.0,0.83278,300.0,0.832882,200.0,0.832992,93.0
1753591948552,04:52:28.552,huobi,ADA/USDT:USDT,0.832881,928.0,0.83278,300.0,0.832882,200.0,0.832992,93.0
1753591948579,04:52:28.579,huobi,ADA/USDT:USDT,0.832881,928.0,0.83278,300.0,0.832882,200.0,0.832992,93.0
1753591948598,04:52:28.598,huobi,ADA/USDT:USDT,0.832881,928.0,0.83278,300.0,0.832882,200.0,0.832992,93.0
1753591948723,04:52:28.723,huobi,ADA/USDT:USDT,0.832881,928.0,0.83278,300.0,0.832882,200.0,0.832992,93.0
1753591948783,04:52:28.783,huobi,ADA/USDT:USDT,0.832881,928.0,0.83278,300.0,0.832882,200.0,0.832992,93.0
1753591948805,04:52:28.805,huobi,ADA/USDT:USDT,0.832881,928.0,0.83278,300.0,0.832882,200.0,0.832992,93.0
1753591948868,04:52:28.868,huobi,ADA/USDT:USDT,0.832881,928.0,0.83278,300.0,0.832882,200.0,0.832992,93.0
1753591948967,04:52:28.967,huobi,ADA/USDT:USDT,0.832881,928.0,0.83278,300.0,0.832882,200.0,0.832992,93.0
1753591949028,04:52:29.028,huobi,ADA/USDT:USDT,0.832881,928.0,0.83278,300.0,0.832882,200.0,0.832992,93.0
1753591949057,04:52:29.057,huobi,ADA/USDT:USDT,0.832881,928.0,0.83278,300.0,0.832882,200.0,0.832992,93.0
1753591949080,04:52:29.080,huobi,ADA/USDT:USDT,0.832881,928.0,0.83278,300.0,0.832882,200.0,0.832992,93.0
1753591949165,04:52:29.165,huobi,ADA/USDT:USDT,0.832881,928.0,0.83278,300.0,0.832882,200.0,0.832992,93.0
1753591949199,04:52:29.199,huobi,ADA/USDT:USDT,0.832881,928.0,0.83278,300.0,0.832882,200.0,0.832992,93.0
1753591949237,04:52:29.237,huobi,ADA/USDT:USDT,0.832881,928.0,0.83278,300.0,0.832882,200.0,0.832992,93.0
1753591949258,04:52:29.258,huobi,ADA/USDT:USDT,0.832881,928.0,0.83278,300.0,0.832882,200.0,0.832992,93.0
1753591949308,04:52:29.308,huobi,ADA/USDT:USDT,0.832881,928.0,0.83278,300.0,0.832882,200.0,0.832992,93.0
1753591949330,04:52:29.330,huobi,ADA/USDT:USDT,0.832881,928.0,0.83278,300.0,0.832882,200.0,0.832992,93.0
1753591949350,04:52:29.350,huobi,ADA/USDT:USDT,0.832881,835.0,0.83278,300.0,0.832882,248.0,0.832992,93.0
1753591949405,04:52:29.405,huobi,ADA/USDT:USDT,0.832881,835.0,0.83278,300.0,0.832882,248.0,0.832992,93.0
1753591949451,04:52:29.451,huobi,ADA/USDT:USDT,0.832881,835.0,0.832839,93.0,0.832882,248.0,0.832992,93.0
1753591949474,04:52:29.474,huobi,ADA/USDT:USDT,0.832881,835.0,0.832839,93.0,0.832882,248.0,0.832992,93.0
1753591949494,04:52:29.494,huobi,ADA/USDT:USDT,0.832881,835.0,0.832839,93.0,0.832882,248.0,0.832992,93.0
1753591949531,04:52:29.531,huobi,ADA/USDT:USDT,0.832881,835.0,0.832839,93.0,0.832882,248.0,0.832992,93.0
1753591949682,04:52:29.682,huobi,ADA/USDT:USDT,0.832881,835.0,0.832839,93.0,0.832882,248.0,0.832992,93.0
1753591949710,04:52:29.710,huobi,ADA/USDT:USDT,0.832881,835.0,0.832839,93.0,0.832882,248.0,0.832992,93.0
1753591949738,04:52:29.738,huobi,ADA/USDT:USDT,0.832881,835.0,0.832839,93.0,0.832882,248.0,0.832992,93.0
1753591949815,04:52:29.815,huobi,ADA/USDT:USDT,0.832881,835.0,0.832839,93.0,0.832882,248.0,0.832992,93.0
1753591949824,04:52:29.824,huobi,ADA/USDT:USDT,0.832881,835.0,0.832839,93.0,0.832882,248.0,0.832992,93.0
1753591949876,04:52:29.876,huobi,ADA/USDT:USDT,0.832881,835.0,0.832765,95.0,0.832882,248.0,0.832992,93.0
1753591949887,04:52:29.887,huobi,ADA/USDT:USDT,0.832765,95.0,0.83273,195.0,0.832882,248.0,0.832992,93.0
1753591949914,04:52:29.914,huobi,ADA/USDT:USDT,0.832774,120.0,0.83273,195.0,0.832775,96.0,0.832841,93.0
1753591949945,04:52:29.945,huobi,ADA/USDT:USDT,0.832774,93.0,0.832739,120.0,0.832775,269.0,0.832841,93.0
1753591949977,04:52:29.977,huobi,ADA/USDT:USDT,0.83269,93.0,0.83264,300.0,0.83274,123.0,0.832775,93.0
1753591950005,04:52:30.005,huobi,ADA/USDT:USDT,0.832695,120.0,0.83269,93.0,0.832733,80.0,0.832734,93.0
1753591950042,04:52:30.042,huobi,ADA/USDT:USDT,0.832695,93.0,0.832691,120.0,0.832731,128.0,0.832732,27.0
1753591950077,04:52:30.077,huobi,ADA/USDT:USDT,0.832657,120.0,0.832606,93.0,0.832696,93.0,0.832731,48.0
1753591950109,04:52:30.109,huobi,ADA/USDT:USDT,0.832657,93.0,0.832615,120.0,0.832696,93.0,0.832731,48.0
1753591950144,04:52:30.144,huobi,ADA/USDT:USDT,0.832657,93.0,0.832606,93.0,0.832696,93.0,0.832731,48.0
1753591950155,04:52:30.155,huobi,ADA/USDT:USDT,0.832666,120.0,0.832657,93.0,0.832696,93.0,0.832731,48.0
1753591950244,04:52:30.244,huobi,ADA/USDT:USDT,0.832666,213.0,0.832658,835.0,0.832731,48.0,0.832732,27.0
1753591950297,04:52:30.297,huobi,ADA/USDT:USDT,0.832666,213.0,0.832658,835.0,0.832731,48.0,0.83274,27.0
1753591950308,04:52:30.308,huobi,ADA/USDT:USDT,0.832666,213.0,0.832658,835.0,0.832775,93.0,0.832841,93.0
1753591950334,04:52:30.334,huobi,ADA/USDT:USDT,0.832667,300.0,0.832666,213.0,0.83284,155.0,0.832882,120.0
1753591950371,04:52:30.371,huobi,ADA/USDT:USDT,0.832677,300.0,0.832676,93.0,0.832824,93.0,0.83284,75.0
1753591950393,04:52:30.393,huobi,ADA/USDT:USDT,0.832686,213.0,0.832677,300.0,0.832782,93.0,0.832823,155.0
1753591950457,04:52:30.457,huobi,ADA/USDT:USDT,0.832686,213.0,0.832677,300.0,0.832782,93.0,0.832823,75.0
1753591950721,04:52:30.721,huobi,ADA/USDT:USDT,0.832686,213.0,0.832677,300.0,0.832782,93.0,0.832823,75.0
1753591950729,04:52:30.729,huobi,ADA/USDT:USDT,0.832686,213.0,0.832677,300.0,0.832782,93.0,0.832823,75.0
1753591950802,04:52:30.802,huobi,ADA/USDT:USDT,0.832686,213.0,0.832677,300.0,0.832782,93.0,0.832823,75.0
1753591951064,04:52:31.064,huobi,ADA/USDT:USDT,0.832686,213.0,0.832677,300.0,0.83269,4.0,0.832782,93.0
1753591951083,04:52:31.083,huobi,ADA/USDT:USDT,0.832687,300.0,0.832686,213.0,0.832882,120.0,0.832903,195.0
1753591951116,04:52:31.116,huobi,ADA/USDT:USDT,0.832696,120.0,0.832687,300.0,0.832845,94.0,0.832882,27.0
1753591951153,04:52:31.153,huobi,ADA/USDT:USDT,0.832697,300.0,0.832696,214.0,0.832844,27.0,0.832845,94.0
1753591951176,04:52:31.176,huobi,ADA/USDT:USDT,0.832706,214.0,0.832697,300.0,0.832803,94.0,0.832843,128.0
1753591951209,04:52:31.209,huobi,ADA/USDT:USDT,0.832706,214.0,0.832697,300.0,0.83276,75.0,0.832761,94.0
1753591951243,04:52:31.243,huobi,ADA/USDT:USDT,0.832716,120.0,0.832707,835.0,0.832719,94.0,0.83276,75.0
1753591951293,04:52:31.293,huobi,ADA/USDT:USDT,0.832716,214.0,0.832707,835.0,0.832719,94.0,0.83276,75.0
1753591951308,04:52:31.308,huobi,ADA/USDT:USDT,0.832716,214.0,0.832707,835.0,0.832719,94.0,0.83276,75.0
1753591951388,04:52:31.388,huobi,ADA/USDT:USDT,0.832716,214.0,0.832707,835.0,0.832719,94.0,0.83276,75.0
1753591951814,04:52:31.814,huobi,ADA/USDT:USDT,0.832716,214.0,0.832707,835.0,0.832719,94.0,0.83276,75.0
1753591951963,04:52:31.963,huobi,ADA/USDT:USDT,0.832716,214.0,0.832707,835.0,0.832719,94.0,0.83276,27.0
1753591952036,04:52:32.036,huobi,ADA/USDT:USDT,0.832716,214.0,0.832707,835.0,0.832803,94.0,0.832844,27.0
1753591952319,04:52:32.319,huobi,ADA/USDT:USDT,0.832716,214.0,0.832707,835.0,0.832803,94.0,0.832844,27.0
1753591952419,04:52:32.419,huobi,ADA/USDT:USDT,0.832716,214.0,0.832707,835.0,0.832803,94.0,0.832844,27.0
1753591952435,04:52:32.435,huobi,ADA/USDT:USDT,0.832716,214.0,0.832707,835.0,0.832803,94.0,0.832844,27.0
1753591952632,04:52:32.632,huobi,ADA/USDT:USDT,0.832716,214.0,0.832707,835.0,0.832802,80.0,0.832803,94.0
1753591952645,04:52:32.645,huobi,ADA/USDT:USDT,0.832716,214.0,0.832707,835.0,0.832761,94.0,0.832802,80.0
1753591952809,04:52:32.809,huobi,ADA/USDT:USDT,0.832716,214.0,0.832707,835.0,0.832803,94.0,0.832844,27.0
1753591952911,04:52:32.911,huobi,ADA/USDT:USDT,0.832716,214.0,0.832707,835.0,0.832803,94.0,0.832844,27.0
1753591953044,04:52:33.044,huobi,ADA/USDT:USDT,0.832716,214.0,0.832707,835.0,0.832802,27.0,0.832803,94.0
1753591953068,04:52:33.068,huobi,ADA/USDT:USDT,0.832716,214.0,0.832707,835.0,0.832761,94.0,0.832802,27.0
1753591953545,04:52:33.545,huobi,ADA/USDT:USDT,0.832716,214.0,0.832707,835.0,0.832761,94.0,0.832802,27.0
1753591954240,04:52:34.240,huobi,ADA/USDT:USDT,0.832716,214.0,0.832707,835.0,0.832761,94.0,0.832802,27.0
1753591954271,04:52:34.271,huobi,ADA/USDT:USDT,0.832716,214.0,0.832707,835.0,0.832719,94.0,0.83276,27.0
1753591954822,04:52:34.822,huobi,ADA/USDT:USDT,0.832716,94.0,0.832707,835.0,0.832719,94.0,0.83276,27.0
1753591954944,04:52:34.944,huobi,ADA/USDT:USDT,0.832717,120.0,0.832716,94.0,0.832719,94.0,0.83276,27.0
1753591954957,04:52:34.957,huobi,ADA/USDT:USDT,0.832717,120.0,0.832707,835.0,0.832719,94.0,0.83276,27.0
1753591955066,04:52:35.066,huobi,ADA/USDT:USDT,0.832717,94.0,0.832707,835.0,0.832719,94.0,0.83276,27.0
1753591955080,04:52:35.080,huobi,ADA/USDT:USDT,0.832718,214.0,0.832717,94.0,0.832719,94.0,0.83276,27.0
1753591955120,04:52:35.120,huobi,ADA/USDT:USDT,0.832718,214.0,0.832707,835.0,0.83276,27.0,0.832761,94.0
1753591955143,04:52:35.143,huobi,ADA/USDT:USDT,0.832718,214.0,0.832707,835.0,0.83276,27.0,0.832802,27.0
1753591955271,04:52:35.271,huobi,ADA/USDT:USDT,0.832718,214.0,0.832707,835.0,0.832757,94.0,0.83276,27.0
1753591955287,04:52:35.287,huobi,ADA/USDT:USDT,0.832718,214.0,0.832707,835.0,0.832719,94.0,0.832756,80.0
1753591955329,04:52:35.329,huobi,ADA/USDT:USDT,0.832718,214.0,0.832707,835.0,0.832719,174.0,0.832756,27.0
1753591955401,04:52:35.401,huobi,ADA/USDT:USDT,0.832718,214.0,0.832707,835.0,0.832719,94.0,0.832756,27.0
1753591955436,04:52:35.436,huobi,ADA/USDT:USDT,0.832718,214.0,0.832707,835.0,0.832719,94.0,0.832756,27.0
1753591955493,04:52:35.493,huobi,ADA/USDT:USDT,0.832718,214.0,0.832707,835.0,0.832719,94.0,0.832756,27.0
1753591955496,04:52:35.496,huobi,ADA/USDT:USDT,0.832718,214.0,0.832707,835.0,0.832719,94.0,0.832756,27.0
1753591955590,04:52:35.590,huobi,ADA/USDT:USDT,0.832718,214.0,0.832707,835.0,0.832719,94.0,0.832756,27.0
1753591955620,04:52:35.620,huobi,ADA/USDT:USDT,0.832718,214.0,0.832707,835.0,0.832719,94.0,0.832756,27.0
1753591955663,04:52:35.663,huobi,ADA/USDT:USDT,0.832718,214.0,0.832707,835.0,0.832719,94.0,0.832756,27.0
1753591955698,04:52:35.698,huobi,ADA/USDT:USDT,0.832718,214.0,0.832707,835.0,0.832719,94.0,0.832756,27.0
1753591955704,04:52:35.704,huobi,ADA/USDT:USDT,0.832718,214.0,0.832707,835.0,0.832719,94.0,0.832756,27.0
1753591955739,04:52:35.739,huobi,ADA/USDT:USDT,0.832718,214.0,0.832707,835.0,0.832719,94.0,0.832756,27.0
1753591955785,04:52:35.785,huobi,ADA/USDT:USDT,0.832718,214.0,0.832707,835.0,0.832719,94.0,0.832756,27.0
1753591955808,04:52:35.808,huobi,ADA/USDT:USDT,0.832718,214.0,0.832707,835.0,0.832801,94.0,0.832802,27.0
1753591955875,04:52:35.875,huobi,ADA/USDT:USDT,0.832718,214.0,0.832707,835.0,0.832801,94.0,0.832802,27.0
1753591955878,04:52:35.878,huobi,ADA/USDT:USDT,0.832718,214.0,0.832707,835.0,0.832801,94.0,0.832802,27.0
1753591955892,04:52:35.892,huobi,ADA/USDT:USDT,0.832718,214.0,0.832707,835.0,0.832801,94.0,0.832802,27.0
1753591955917,04:52:35.917,huobi,ADA/USDT:USDT,0.832718,214.0,0.832707,835.0,0.832801,94.0,0.832802,27.0
1753591955945,04:52:35.945,huobi,ADA/USDT:USDT,0.832718,214.0,0.832707,835.0,0.832845,94.0,0.832903,195.0
1753591955980,04:52:35.980,huobi,ADA/USDT:USDT,0.832718,214.0,0.832707,835.0,0.832845,94.0,0.832903,195.0
1753591956013,04:52:36.013,huobi,ADA/USDT:USDT,0.832718,214.0,0.832707,835.0,0.832845,94.0,0.832903,195.0
1753591956034,04:52:36.034,huobi,ADA/USDT:USDT,0.832718,214.0,0.832707,835.0,0.832844,80.0,0.832903,195.0
1753591956081,04:52:36.081,huobi,ADA/USDT:USDT,0.832718,214.0,0.832707,835.0,0.83281,94.0,0.832903,195.0
1753591956112,04:52:36.112,huobi,ADA/USDT:USDT,0.832718,214.0,0.832707,835.0,0.83281,94.0,0.832903,195.0
1753591956141,04:52:36.141,huobi,ADA/USDT:USDT,0.832718,214.0,0.832707,835.0,0.83281,94.0,0.832903,195.0
1753591956192,04:52:36.192,huobi,ADA/USDT:USDT,0.832718,214.0,0.832707,835.0,0.83281,94.0,0.832903,195.0
1753591956221,04:52:36.221,huobi,ADA/USDT:USDT,0.832718,214.0,0.832707,835.0,0.83281,94.0,0.832903,195.0
1753591956262,04:52:36.262,huobi,ADA/USDT:USDT,0.832718,214.0,0.832707,835.0,0.83281,94.0,0.832903,195.0
1753591956282,04:52:36.282,huobi,ADA/USDT:USDT,0.832718,214.0,0.832707,835.0,0.83281,94.0,0.832903,195.0
1753591956309,04:52:36.309,huobi,ADA/USDT:USDT,0.832718,214.0,0.832707,835.0,0.83281,94.0,0.832903,195.0
1753591956334,04:52:36.334,huobi,ADA/USDT:USDT,0.832718,214.0,0.832707,835.0,0.83281,94.0,0.832903,195.0
1753591956368,04:52:36.368,huobi,ADA/USDT:USDT,0.832718,214.0,0.832707,835.0,0.83281,94.0,0.832903,195.0
1753591956435,04:52:36.435,huobi,ADA/USDT:USDT,0.832718,214.0,0.832707,835.0,0.83281,94.0,0.832903,195.0
1753591956492,04:52:36.492,huobi,ADA/USDT:USDT,0.832718,214.0,0.832707,835.0,0.83281,94.0,0.832903,195.0
1753591956527,04:52:36.527,huobi,ADA/USDT:USDT,0.832718,214.0,0.832707,835.0,0.83281,94.0,0.832903,195.0
1753591956552,04:52:36.552,huobi,ADA/USDT:USDT,0.832718,214.0,0.832707,835.0,0.83281,94.0,0.832903,195.0
1753591956578,04:52:36.578,huobi,ADA/USDT:USDT,0.832718,214.0,0.832707,835.0,0.83281,94.0,0.832903,195.0
1753591956620,04:52:36.620,huobi,ADA/USDT:USDT,0.832718,214.0,0.832707,835.0,0.83281,94.0,0.832903,195.0
1753591956671,04:52:36.671,huobi,ADA/USDT:USDT,0.832718,214.0,0.832707,835.0,0.83281,94.0,0.832903,195.0
1753591956702,04:52:36.702,huobi,ADA/USDT:USDT,0.832718,214.0,0.832707,835.0,0.83281,94.0,0.832903,195.0
1753591956873,04:52:36.873,huobi,ADA/USDT:USDT,0.832718,214.0,0.832707,835.0,0.83281,94.0,0.832903,195.0
1753591956874,04:52:36.874,huobi,ADA/USDT:USDT,0.832718,214.0,0.832707,835.0,0.83281,94.0,0.832903,195.0
1753591956923,04:52:36.923,huobi,ADA/USDT:USDT,0.832718,214.0,0.832707,835.0,0.83281,94.0,0.832903,195.0
1753591956938,04:52:36.938,huobi,ADA/USDT:USDT,0.832718,214.0,0.832707,835.0,0.83281,94.0,0.832903,195.0
1753591956981,04:52:36.981,huobi,ADA/USDT:USDT,0.832718,214.0,0.832707,835.0,0.83281,94.0,0.832903,195.0
1753591956997,04:52:36.997,huobi,ADA/USDT:USDT,0.832718,214.0,0.832707,835.0,0.83281,94.0,0.832903,195.0
1753591957116,04:52:37.116,huobi,ADA/USDT:USDT,0.832718,214.0,0.832707,835.0,0.83281,94.0,0.832903,195.0
1753591957208,04:52:37.208,huobi,ADA/USDT:USDT,0.832718,214.0,0.832707,835.0,0.83281,94.0,0.832903,195.0
1753591957248,04:52:37.248,huobi,ADA/USDT:USDT,0.832718,214.0,0.832707,835.0,0.83281,94.0,0.832903,195.0
1753591957274,04:52:37.274,huobi,ADA/USDT:USDT,0.832718,214.0,0.832707,835.0,0.832809,80.0,0.83281,94.0
1753591957295,04:52:37.295,huobi,ADA/USDT:USDT,0.832718,214.0,0.832707,835.0,0.832768,94.0,0.83281,94.0
1753591957446,04:52:37.446,huobi,ADA/USDT:USDT,0.832718,214.0,0.832707,835.0,0.83281,94.0,0.832903,195.0
1753591957494,04:52:37.494,huobi,ADA/USDT:USDT,0.832718,214.0,0.832707,835.0,0.83281,94.0,0.832903,195.0
1753591957509,04:52:37.509,huobi,ADA/USDT:USDT,0.832718,214.0,0.832707,835.0,0.83281,94.0,0.832903,195.0
1753591957549,04:52:37.549,huobi,ADA/USDT:USDT,0.832718,214.0,0.832707,835.0,0.83281,94.0,0.832903,195.0
1753591957598,04:52:37.598,huobi,ADA/USDT:USDT,0.832718,214.0,0.832707,835.0,0.83281,94.0,0.832903,195.0
1753591957629,04:52:37.629,huobi,ADA/USDT:USDT,0.832718,214.0,0.832707,835.0,0.83281,94.0,0.832903,195.0
1753591957654,04:52:37.654,huobi,ADA/USDT:USDT,0.832718,214.0,0.832707,835.0,0.83281,94.0,0.832903,195.0
1753591957684,04:52:37.684,huobi,ADA/USDT:USDT,0.832718,214.0,0.832707,835.0,0.83281,94.0,0.832903,195.0
1753591958000,04:52:38.000,huobi,ADA/USDT:USDT,0.832718,214.0,0.832707,835.0,0.83281,94.0,0.832903,195.0
1753591958090,04:52:38.090,huobi,ADA/USDT:USDT,0.832718,214.0,0.832707,835.0,0.83281,94.0,0.832903,195.0
1753591958105,04:52:38.105,huobi,ADA/USDT:USDT,0.832718,214.0,0.832707,835.0,0.83281,94.0,0.832903,195.0
1753591958240,04:52:38.240,huobi,ADA/USDT:USDT,0.832718,214.0,0.832707,835.0,0.832809,80.0,0.83281,94.0
1753591958255,04:52:38.255,huobi,ADA/USDT:USDT,0.832718,214.0,0.832707,835.0,0.832768,94.0,0.832808,48.0
1753591958288,04:52:38.288,huobi,ADA/USDT:USDT,0.832718,214.0,0.832707,835.0,0.832767,80.0,0.832808,48.0
1753591958397,04:52:38.397,huobi,ADA/USDT:USDT,0.832718,214.0,0.832707,835.0,0.832741,94.0,0.832808,48.0
1753591958444,04:52:38.444,huobi,ADA/USDT:USDT,0.832718,214.0,0.832707,835.0,0.832741,94.0,0.832808,48.0
1753591958506,04:52:38.506,huobi,ADA/USDT:USDT,0.832718,214.0,0.832707,835.0,0.832741,94.0,0.832808,48.0
1753591958541,04:52:38.541,huobi,ADA/USDT:USDT,0.832718,214.0,0.832707,835.0,0.832741,94.0,0.832808,48.0
1753591958612,04:52:38.612,huobi,ADA/USDT:USDT,0.832718,214.0,0.832707,835.0,0.832741,94.0,0.832808,48.0
1753591958648,04:52:38.648,huobi,ADA/USDT:USDT,0.832718,214.0,0.832707,835.0,0.832808,48.0,0.832809,27.0
1753591958687,04:52:38.687,huobi,ADA/USDT:USDT,0.832718,214.0,0.832707,835.0,0.832778,94.0,0.832808,48.0
1753591958708,04:52:38.708,huobi,ADA/USDT:USDT,0.832718,214.0,0.832707,835.0,0.832778,94.0,0.832809,27.0
1753591958741,04:52:38.741,huobi,ADA/USDT:USDT,0.832718,214.0,0.832707,835.0,0.832809,27.0,0.832903,195.0
1753591958764,04:52:38.764,huobi,ADA/USDT:USDT,0.832718,214.0,0.832707,835.0,0.832809,27.0,0.832903,195.0
1753591958808,04:52:38.808,huobi,ADA/USDT:USDT,0.832718,214.0,0.832707,835.0,0.832798,94.0,0.832809,27.0
1753591958859,04:52:38.859,huobi,ADA/USDT:USDT,0.832718,214.0,0.832707,835.0,0.832798,94.0,0.832809,27.0
1753591959007,04:52:39.007,huobi,ADA/USDT:USDT,0.832718,214.0,0.832707,835.0,0.832798,94.0,0.832809,27.0
1753591959034,04:52:39.034,huobi,ADA/USDT:USDT,0.832718,214.0,0.832707,835.0,0.832798,94.0,0.832809,27.0
1753591959111,04:52:39.111,huobi,ADA/USDT:USDT,0.832718,214.0,0.832707,835.0,0.832798,94.0,0.832809,27.0
1753591959206,04:52:39.206,huobi,ADA/USDT:USDT,0.832718,214.0,0.832707,835.0,0.832798,94.0,0.832809,27.0
1753591959258,04:52:39.258,huobi,ADA/USDT:USDT,0.832718,214.0,0.832707,835.0,0.832798,94.0,0.832809,27.0
1753591959282,04:52:39.282,huobi,ADA/USDT:USDT,0.832718,214.0,0.832707,835.0,0.832798,94.0,0.832809,27.0
1753591959308,04:52:39.308,huobi,ADA/USDT:USDT,0.832718,214.0,0.832707,835.0,0.832798,94.0,0.832809,27.0
1753591959356,04:52:39.356,huobi,ADA/USDT:USDT,0.832718,214.0,0.832707,835.0,0.832798,94.0,0.832809,27.0
1753591959377,04:52:39.377,huobi,ADA/USDT:USDT,0.832718,214.0,0.832707,835.0,0.832798,94.0,0.832809,27.0
1753591959419,04:52:39.419,huobi,ADA/USDT:USDT,0.832718,214.0,0.832707,835.0,0.832798,94.0,0.832809,27.0
1753591959428,04:52:39.428,huobi,ADA/USDT:USDT,0.832718,214.0,0.832707,835.0,0.832798,94.0,0.832809,27.0
1753591959456,04:52:39.456,huobi,ADA/USDT:USDT,0.832718,214.0,0.832707,835.0,0.832798,94.0,0.832809,27.0
1753591959512,04:52:39.512,huobi,ADA/USDT:USDT,0.832718,214.0,0.832707,835.0,0.832798,94.0,0.832809,27.0
1753591959515,04:52:39.515,huobi,ADA/USDT:USDT,0.832718,214.0,0.832707,835.0,0.832798,94.0,0.832809,27.0
1753591959549,04:52:39.549,huobi,ADA/USDT:USDT,0.832718,214.0,0.832707,835.0,0.832798,94.0,0.832809,27.0
1753591959631,04:52:39.631,huobi,ADA/USDT:USDT,0.832759,94.0,0.832718,214.0,0.832798,94.0,0.832809,27.0
1753591959638,04:52:39.638,huobi,ADA/USDT:USDT,0.832759,94.0,0.832718,214.0,0.832798,94.0,0.832903,195.0
1753591959666,04:52:39.666,huobi,ADA/USDT:USDT,0.832797,94.0,0.832768,120.0,0.832798,94.0,0.832903,195.0
1753591959695,04:52:39.695,huobi,ADA/USDT:USDT,0.832797,94.0,0.832768,120.0,0.832991,80.0,0.832992,93.0
