timestamp,time,exchange,symbol,bid1_price,bid1_volume,bid2_price,bid2_volume,ask1_price,ask1_volume,ask2_price,ask2_volume
1753591889000,04:51:29.000,gateio,ACE/USDT:USDT,0.5847,139.0,0.5846,551.0,0.5855,5123.0,0.5856,10385.0
1753591890133,04:51:30.133,gateio,ACE/USDT:USDT,0.5847,139.0,0.5846,551.0,0.5854,1000.0,0.5855,5123.0
1753591890138,04:51:30.138,gateio,ACE/USDT:USDT,0.5846,551.0,0.5842,136.0,0.5854,1000.0,0.5855,5123.0
1753591890813,04:51:30.813,gateio,ACE/USDT:USDT,0.5846,551.0,0.5842,136.0,0.5854,1000.0,0.5855,5123.0
1753591891119,04:51:31.119,gateio,ACE/USDT:USDT,0.5846,551.0,0.5842,136.0,0.5854,1000.0,0.5855,5123.0
1753591892317,04:51:32.317,gateio,ACE/USDT:USDT,0.5846,516.0,0.5842,136.0,0.5854,1000.0,0.5855,5123.0
1753591892432,04:51:32.432,gateio,ACE/USDT:USDT,0.5846,516.0,0.5842,136.0,0.5854,11250.0,0.5855,5123.0
1753591892506,04:51:32.506,gateio,ACE/USDT:USDT,0.5846,516.0,0.5842,136.0,0.5854,11250.0,0.5855,5123.0
1753591892984,04:51:32.984,gateio,ACE/USDT:USDT,0.5846,516.0,0.5842,136.0,0.5854,11250.0,0.5855,5123.0
1753591893135,04:51:33.135,gateio,ACE/USDT:USDT,0.5846,516.0,0.5842,136.0,0.5854,1000.0,0.5855,5123.0
1753591893136,04:51:33.136,gateio,ACE/USDT:USDT,0.5846,516.0,0.5842,136.0,0.5854,1000.0,0.5855,5123.0
1753591893730,04:51:33.730,gateio,ACE/USDT:USDT,0.5846,516.0,0.5842,136.0,0.5854,1000.0,0.5855,5123.0
1753591894087,04:51:34.087,gateio,ACE/USDT:USDT,0.5846,516.0,0.5842,136.0,0.5854,1000.0,0.5855,5123.0
1753591895083,04:51:35.083,gateio,ACE/USDT:USDT,0.5846,516.0,0.5842,136.0,0.5854,1000.0,0.5855,5123.0
1753591895352,04:51:35.352,gateio,ACE/USDT:USDT,0.5846,516.0,0.5842,136.0,0.5854,1000.0,0.5855,5123.0
1753591896064,04:51:36.064,gateio,ACE/USDT:USDT,0.5846,516.0,0.5842,136.0,0.5854,1000.0,0.5855,5123.0
1753591896811,04:51:36.811,gateio,ACE/USDT:USDT,0.5846,516.0,0.5842,136.0,0.5854,1000.0,0.5855,5123.0
1753591898821,04:51:38.821,gateio,ACE/USDT:USDT,0.5846,516.0,0.5842,136.0,0.5854,1000.0,0.5855,5123.0
1753591898908,04:51:38.908,gateio,ACE/USDT:USDT,0.5846,516.0,0.5842,136.0,0.5854,11250.0,0.5855,5123.0
1753591899030,04:51:39.030,gateio,ACE/USDT:USDT,0.5846,516.0,0.5842,136.0,0.5854,11250.0,0.5855,5123.0
1753591899719,04:51:39.719,gateio,ACE/USDT:USDT,0.5846,516.0,0.5842,136.0,0.5854,1000.0,0.5855,5123.0
1753591900019,04:51:40.019,gateio,ACE/USDT:USDT,0.5846,516.0,0.5842,136.0,0.5854,1000.0,0.5855,5123.0
1753591900417,04:51:40.417,gateio,ACE/USDT:USDT,0.5846,516.0,0.5842,136.0,0.5854,1000.0,0.5855,5123.0
1753591903937,04:51:43.937,gateio,ACE/USDT:USDT,0.5846,516.0,0.5842,136.0,0.5854,1000.0,0.5855,5123.0
1753591909736,04:51:49.736,gateio,ACE/USDT:USDT,0.5846,516.0,0.5842,136.0,0.5854,1000.0,0.5855,5123.0
1753591911619,04:51:51.619,gateio,ACE/USDT:USDT,0.5846,516.0,0.5842,136.0,0.5854,1000.0,0.5855,5123.0
1753591916205,04:51:56.205,gateio,ACE/USDT:USDT,0.5846,516.0,0.5842,136.0,0.5854,1000.0,0.5855,5123.0
1753591916294,04:51:56.294,gateio,ACE/USDT:USDT,0.5846,516.0,0.5842,136.0,0.5854,1000.0,0.5855,5123.0
1753591917134,04:51:57.134,gateio,ACE/USDT:USDT,0.5846,516.0,0.5842,136.0,0.5854,1000.0,0.5855,5123.0
1753591917137,04:51:57.137,gateio,ACE/USDT:USDT,0.5846,516.0,0.5842,136.0,0.5854,1000.0,0.5855,5123.0
1753591918591,04:51:58.591,gateio,ACE/USDT:USDT,0.5846,516.0,0.5842,136.0,0.5854,11250.0,0.5855,5123.0
1753591918703,04:51:58.703,gateio,ACE/USDT:USDT,0.5846,516.0,0.5842,136.0,0.5854,11250.0,0.5855,5123.0
1753591918811,04:51:58.811,gateio,ACE/USDT:USDT,0.5846,516.0,0.5842,136.0,0.5854,11250.0,0.5855,5123.0
1753591920418,04:52:00.418,gateio,ACE/USDT:USDT,0.5846,516.0,0.5842,136.0,0.5854,1000.0,0.5855,5123.0
1753591920500,04:52:00.500,gateio,ACE/USDT:USDT,0.5846,516.0,0.5842,136.0,0.5854,1000.0,0.5855,5123.0
1753591920539,04:52:00.539,gateio,ACE/USDT:USDT,0.5846,516.0,0.5842,136.0,0.5854,1000.0,0.5855,5123.0
1753591920785,04:52:00.785,gateio,ACE/USDT:USDT,0.5846,516.0,0.5842,136.0,0.5854,1000.0,0.5855,5123.0
1753591921909,04:52:01.909,gateio,ACE/USDT:USDT,0.5847,138.0,0.5846,516.0,0.5854,1000.0,0.5855,5123.0
1753591921976,04:52:01.976,gateio,ACE/USDT:USDT,0.5847,138.0,0.5846,516.0,0.5854,1000.0,0.5855,5123.0
1753591922078,04:52:02.078,gateio,ACE/USDT:USDT,0.5847,138.0,0.5846,516.0,0.5854,1000.0,0.5855,5123.0
1753591922918,04:52:02.918,gateio,ACE/USDT:USDT,0.5847,138.0,0.5846,516.0,0.5854,1000.0,0.5855,5123.0
1753591924278,04:52:04.278,gateio,ACE/USDT:USDT,0.5847,138.0,0.5846,516.0,0.5854,1000.0,0.5855,5123.0
1753591926049,04:52:06.049,gateio,ACE/USDT:USDT,0.5847,138.0,0.5846,516.0,0.5854,1000.0,0.5855,5123.0
1753591930143,04:52:10.143,gateio,ACE/USDT:USDT,0.5847,138.0,0.5846,516.0,0.5854,1000.0,0.5855,5123.0
1753591934819,04:52:14.819,gateio,ACE/USDT:USDT,0.5847,138.0,0.5846,516.0,0.5854,6124.0,0.5868,1139.0
1753591934866,04:52:14.866,gateio,ACE/USDT:USDT,0.5847,138.0,0.5846,516.0,0.5854,16374.0,0.5868,1139.0
1753591935719,04:52:15.719,gateio,ACE/USDT:USDT,0.5847,138.0,0.5846,516.0,0.5854,6124.0,0.5868,1139.0
1753591935807,04:52:15.807,gateio,ACE/USDT:USDT,0.5847,138.0,0.5846,516.0,0.5854,6124.0,0.5868,1139.0
1753591943274,04:52:23.274,gateio,ACE/USDT:USDT,0.5847,138.0,0.5846,516.0,0.5854,6124.0,0.5868,1139.0
1753591943529,04:52:23.529,gateio,ACE/USDT:USDT,0.5847,138.0,0.5846,516.0,0.5854,6124.0,0.5868,1139.0
1753591948310,04:52:28.310,gateio,ACE/USDT:USDT,0.5847,138.0,0.5846,516.0,0.5854,6124.0,0.5868,1139.0
1753591948399,04:52:28.399,gateio,ACE/USDT:USDT,0.5847,138.0,0.5846,516.0,0.5854,6124.0,0.5868,1139.0
1753591948472,04:52:28.472,gateio,ACE/USDT:USDT,0.5847,138.0,0.5846,516.0,0.5854,6124.0,0.5868,1139.0
1753591949394,04:52:29.394,gateio,ACE/USDT:USDT,0.5847,138.0,0.5846,516.0,0.5854,16374.0,0.5868,1139.0
1753591949530,04:52:29.530,gateio,ACE/USDT:USDT,0.5847,138.0,0.5846,516.0,0.5854,16374.0,0.5868,1139.0
1753591950119,04:52:30.119,gateio,ACE/USDT:USDT,0.5846,35.0,0.5843,342.0,0.5854,16374.0,0.5868,1139.0
1753591950354,04:52:30.354,gateio,ACE/USDT:USDT,0.5846,35.0,0.5843,342.0,0.5854,16374.0,0.5868,1139.0
1753591951180,04:52:31.180,gateio,ACE/USDT:USDT,0.5846,35.0,0.5843,342.0,0.5854,6124.0,0.5868,1139.0
1753591951259,04:52:31.259,gateio,ACE/USDT:USDT,0.5846,35.0,0.5843,342.0,0.5854,16374.0,0.5868,1139.0
1753591951379,04:52:31.379,gateio,ACE/USDT:USDT,0.5846,35.0,0.5843,342.0,0.5854,16374.0,0.5868,1139.0
1753591951618,04:52:31.618,gateio,ACE/USDT:USDT,0.5846,35.0,0.5843,342.0,0.5854,16374.0,0.5868,1139.0
1753591952916,04:52:32.916,gateio,ACE/USDT:USDT,0.5846,35.0,0.5843,342.0,0.5854,6124.0,0.5868,1139.0
1753591952999,04:52:32.999,gateio,ACE/USDT:USDT,0.5846,35.0,0.5843,342.0,0.5854,6124.0,0.5868,1139.0
1753591957150,04:52:37.150,gateio,ACE/USDT:USDT,0.5846,35.0,0.5843,342.0,0.5854,6124.0,0.5868,1139.0
1753591958381,04:52:38.381,gateio,ACE/USDT:USDT,0.5846,35.0,0.5843,342.0,0.5854,6124.0,0.5855,137.0
1753591958514,04:52:38.514,gateio,ACE/USDT:USDT,0.5846,35.0,0.5843,342.0,0.5854,6124.0,0.5855,137.0
1753591958929,04:52:38.929,gateio,ACE/USDT:USDT,0.5846,35.0,0.5843,342.0,0.5854,6124.0,0.5855,137.0
1753591959271,04:52:39.271,gateio,ACE/USDT:USDT,0.5846,35.0,0.5843,342.0,0.5854,6124.0,0.5855,137.0
1753591960355,04:52:40.355,gateio,ACE/USDT:USDT,0.5846,35.0,0.5843,342.0,0.5854,6124.0,0.5855,137.0
1753591967058,04:52:47.058,gateio,ACE/USDT:USDT,0.5846,35.0,0.5843,342.0,0.5854,6124.0,0.5855,137.0
1753591967397,04:52:47.397,gateio,ACE/USDT:USDT,0.5846,35.0,0.5843,342.0,0.5854,6124.0,0.5855,137.0
1753591967662,04:52:47.662,gateio,ACE/USDT:USDT,0.5846,35.0,0.5843,342.0,0.5854,6124.0,0.5855,137.0
1753591968131,04:52:48.131,gateio,ACE/USDT:USDT,0.5846,176.0,0.5843,342.0,0.5854,6124.0,0.5855,137.0
1753591968162,04:52:48.162,gateio,ACE/USDT:USDT,0.5847,342.0,0.5846,176.0,0.5854,6124.0,0.5857,141.0
1753591968288,04:52:48.288,gateio,ACE/USDT:USDT,0.5847,342.0,0.5846,176.0,0.5854,5124.0,0.5857,141.0
1753591968676,04:52:48.676,gateio,ACE/USDT:USDT,0.5847,342.0,0.5846,176.0,0.5854,5124.0,0.5857,141.0
1753591969106,04:52:49.106,gateio,ACE/USDT:USDT,0.5847,342.0,0.5846,176.0,0.5854,5124.0,0.5857,141.0
