timestamp,time,exchange,symbol,bid1_price,bid1_volume,bid2_price,bid2_volume,ask1_price,ask1_volume,ask2_price,ask2_volume
1753591901903,04:51:41.903,mexc,AERO/USDT:USDT,0.8995,172,0.8994,153,0.8996,26,0.8997,26
1753591902119,04:51:42.119,mexc,AERO/USDT:USDT,0.8995,172,0.8994,153,0.8996,26,0.8997,26
1753591902320,04:51:42.320,mexc,AERO/USDT:USDT,0.8995,172,0.8994,153,0.8996,26,0.8997,26
1753591902522,04:51:42.522,mexc,AERO/USDT:USDT,0.8995,172,0.8994,153,0.8996,26,0.8997,26
1753591902617,04:51:42.617,mexc,AERO/USDT:USDT,0.8995,172,0.8994,153,0.8996,26,0.8997,33
1753591902820,04:51:42.820,mexc,AERO/USDT:USDT,0.8995,172,0.8994,153,0.8996,26,0.8997,33
1753591903118,04:51:43.118,mexc,AERO/USDT:USDT,0.8995,172,0.8994,153,0.8996,26,0.8997,26
1753591903319,04:51:43.319,mexc,AERO/USDT:USDT,0.8995,172,0.8994,153,0.8996,26,0.8997,26
1753591903618,04:51:43.618,mexc,AERO/USDT:USDT,0.8995,172,0.8994,153,0.8996,26,0.8997,29
1753591903820,04:51:43.820,mexc,AERO/USDT:USDT,0.8995,172,0.8994,153,0.8996,26,0.8997,29
1753591904117,04:51:44.117,mexc,AERO/USDT:USDT,0.8995,172,0.8994,153,0.8996,26,0.8997,26
1753591904320,04:51:44.320,mexc,AERO/USDT:USDT,0.8995,172,0.8994,153,0.8996,26,0.8997,26
1753591904320,04:51:44.320,mexc,AERO/USDT:USDT,0.8995,172,0.8994,153,0.8996,26,0.8997,26
1753591904620,04:51:44.620,mexc,AERO/USDT:USDT,0.8995,172,0.8994,153,0.8996,26,0.8997,26
1753591904820,04:51:44.820,mexc,AERO/USDT:USDT,0.8995,172,0.8994,153,0.8996,26,0.8997,26
1753591905131,04:51:45.131,mexc,AERO/USDT:USDT,0.8995,172,0.8994,153,0.8996,26,0.8997,26
1753591905321,04:51:45.321,mexc,AERO/USDT:USDT,0.8995,172,0.8994,181,0.8996,26,0.8997,26
1753591905619,04:51:45.619,mexc,AERO/USDT:USDT,0.8995,172,0.8994,181,0.8996,26,0.8997,31
1753591905821,04:51:45.821,mexc,AERO/USDT:USDT,0.8995,172,0.8994,153,0.8996,26,0.8997,31
1753591905821,04:51:45.821,mexc,AERO/USDT:USDT,0.8995,172,0.8994,178,0.8996,26,0.8997,31
1753591906227,04:51:46.227,mexc,AERO/USDT:USDT,0.8995,172,0.8994,178,0.8996,26,0.8997,26
1753591906322,04:51:46.322,mexc,AERO/USDT:USDT,0.8995,172,0.8994,153,0.8996,26,0.8997,26
1753591906620,04:51:46.620,mexc,AERO/USDT:USDT,0.8995,172,0.8994,153,0.8996,26,0.8997,29
1753591906821,04:51:46.821,mexc,AERO/USDT:USDT,0.8995,172,0.8994,153,0.8996,26,0.8997,29
1753591907121,04:51:47.121,mexc,AERO/USDT:USDT,0.8995,172,0.8994,153,0.8996,26,0.8997,31
1753591907326,04:51:47.326,mexc,AERO/USDT:USDT,0.8995,172,0.8994,153,0.8996,26,0.8997,31
1753591907621,04:51:47.621,mexc,AERO/USDT:USDT,0.8995,172,0.8994,153,0.8996,26,0.8997,26
1753591907921,04:51:47.921,mexc,AERO/USDT:USDT,0.8995,171,0.8994,185,0.8996,24,0.8997,25
1753591908322,04:51:48.322,mexc,AERO/USDT:USDT,0.8995,171,0.8994,185,0.8996,24,0.8997,25
1753591908322,04:51:48.322,mexc,AERO/USDT:USDT,0.8995,171,0.8994,185,0.8996,24,0.8997,25
1753591908621,04:51:48.621,mexc,AERO/USDT:USDT,0.8995,171,0.8994,185,0.8996,24,0.8997,35
1753591908822,04:51:48.822,mexc,AERO/USDT:USDT,0.8995,171,0.8994,185,0.8996,24,0.8997,35
1753591909122,04:51:49.122,mexc,AERO/USDT:USDT,0.8995,171,0.8994,185,0.8996,24,0.8997,25
1753591909322,04:51:49.322,mexc,AERO/USDT:USDT,0.8995,171,0.8994,207,0.8996,24,0.8997,25
1753591909622,04:51:49.622,mexc,AERO/USDT:USDT,0.8995,171,0.8994,207,0.8996,24,0.8997,25
1753591909824,04:51:49.824,mexc,AERO/USDT:USDT,0.8995,171,0.8994,272,0.8996,24,0.8997,25
1753591910123,04:51:50.123,mexc,AERO/USDT:USDT,0.8995,171,0.8994,272,0.8996,24,0.8997,25
1753591910324,04:51:50.324,mexc,AERO/USDT:USDT,0.8995,171,0.8994,185,0.8996,24,0.8997,25
1753591910623,04:51:50.623,mexc,AERO/USDT:USDT,0.8995,171,0.8994,185,0.8996,24,0.8997,29
1753591910825,04:51:50.825,mexc,AERO/USDT:USDT,0.8995,171,0.8994,185,0.8996,24,0.8997,29
1753591911128,04:51:51.128,mexc,AERO/USDT:USDT,0.8995,171,0.8994,185,0.8996,24,0.8997,32
1753591911324,04:51:51.324,mexc,AERO/USDT:USDT,0.8995,171,0.8994,253,0.8996,24,0.8997,32
1753591911624,04:51:51.624,mexc,AERO/USDT:USDT,0.8995,171,0.8994,253,0.8996,24,0.8997,25
1753591911825,04:51:51.825,mexc,AERO/USDT:USDT,0.8995,171,0.8994,185,0.8996,24,0.8997,25
1753591912226,04:51:52.226,mexc,AERO/USDT:USDT,0.8995,171,0.8994,185,0.8996,24,0.8997,25
1753591912324,04:51:52.324,mexc,AERO/USDT:USDT,0.8995,171,0.8994,274,0.8996,24,0.8997,25
1753591912626,04:51:52.626,mexc,AERO/USDT:USDT,0.8995,171,0.8994,274,0.8996,24,0.8997,25
1753591912824,04:51:52.824,mexc,AERO/USDT:USDT,0.8995,171,0.8994,226,0.8996,24,0.8997,25
1753591913126,04:51:53.126,mexc,AERO/USDT:USDT,0.8995,171,0.8994,226,0.8996,24,0.8997,25
1753591913323,04:51:53.323,mexc,AERO/USDT:USDT,0.8995,171,0.8994,185,0.8996,24,0.8997,25
1753591913530,04:51:53.530,mexc,AERO/USDT:USDT,0.8995,171,0.8994,185,0.8996,24,0.8997,25
1753591913728,04:51:53.728,mexc,AERO/USDT:USDT,0.8995,171,0.8994,185,0.8996,24,0.8997,25
1753591913921,04:51:53.921,mexc,AERO/USDT:USDT,0.8995,36,0.8994,151,0.8996,25,0.8997,108
1753591914326,04:51:54.326,mexc,AERO/USDT:USDT,0.8995,36,0.8994,182,0.8996,25,0.8997,131
1753591914326,04:51:54.326,mexc,AERO/USDT:USDT,0.8995,36,0.8994,182,0.8996,25,0.8997,131
1753591914728,04:51:54.728,mexc,AERO/USDT:USDT,0.8995,36,0.8994,151,0.8996,25,0.8997,108
1753591914826,04:51:54.826,mexc,AERO/USDT:USDT,0.8995,36,0.8994,151,0.8996,25,0.8997,108
1753591915126,04:51:55.126,mexc,AERO/USDT:USDT,0.8995,36,0.8994,151,0.8996,25,0.8997,108
1753591915325,04:51:55.325,mexc,AERO/USDT:USDT,0.8995,36,0.8994,151,0.8996,25,0.8997,108
1753591915627,04:51:55.627,mexc,AERO/USDT:USDT,0.8995,36,0.8994,151,0.8996,25,0.8997,124
1753591915826,04:51:55.826,mexc,AERO/USDT:USDT,0.8995,36,0.8994,193,0.8996,25,0.8997,124
1753591916229,04:51:56.229,mexc,AERO/USDT:USDT,0.8995,36,0.8994,151,0.8996,25,0.8997,108
1753591916329,04:51:56.329,mexc,AERO/USDT:USDT,0.8995,36,0.8994,171,0.8996,25,0.8997,108
1753591916730,04:51:56.730,mexc,AERO/USDT:USDT,0.8995,36,0.8994,171,0.8996,25,0.8997,108
1753591916827,04:51:56.827,mexc,AERO/USDT:USDT,0.8995,36,0.8994,255,0.8996,25,0.8997,108
1753591917230,04:51:57.230,mexc,AERO/USDT:USDT,0.8995,36,0.8994,192,0.8996,25,0.8997,108
1753591917328,04:51:57.328,mexc,AERO/USDT:USDT,0.8995,36,0.8994,151,0.8996,25,0.8997,108
1753591917630,04:51:57.630,mexc,AERO/USDT:USDT,0.8995,36,0.8994,151,0.8996,25,0.8997,108
1753591917828,04:51:57.828,mexc,AERO/USDT:USDT,0.8995,36,0.8994,176,0.8996,25,0.8997,108
1753591918031,04:51:58.031,mexc,AERO/USDT:USDT,0.8995,36,0.8994,176,0.8996,25,0.8997,108
1753591918127,04:51:58.127,mexc,AERO/USDT:USDT,0.8995,36,0.8994,176,0.8996,25,0.8997,137
1753591918331,04:51:58.331,mexc,AERO/USDT:USDT,0.8995,36,0.8994,151,0.8996,25,0.8997,137
1753591918630,04:51:58.630,mexc,AERO/USDT:USDT,0.8995,36,0.8994,151,0.8996,25,0.8997,157
1753591918828,04:51:58.828,mexc,AERO/USDT:USDT,0.8995,36,0.8994,151,0.8996,25,0.8997,157
1753591919129,04:51:59.129,mexc,AERO/USDT:USDT,0.8995,36,0.8994,151,0.8996,25,0.8997,108
1753591919329,04:51:59.329,mexc,AERO/USDT:USDT,0.8995,36,0.8994,151,0.8996,25,0.8997,108
1753591919731,04:51:59.731,mexc,AERO/USDT:USDT,0.8995,36,0.8994,151,0.8996,25,0.8997,120
1753591919922,04:51:59.922,mexc,AERO/USDT:USDT,0.8995,28,0.8994,94,0.8996,29,0.8997,120
1753591920129,04:52:00.129,mexc,AERO/USDT:USDT,0.8995,28,0.8994,94,0.8996,29,0.8997,120
1753591920129,04:52:00.129,mexc,AERO/USDT:USDT,0.8995,28,0.8994,94,0.8996,29,0.8997,120
1753591920329,04:52:00.329,mexc,AERO/USDT:USDT,0.8995,28,0.8994,94,0.8996,29,0.8997,120
1753591920734,04:52:00.734,mexc,AERO/USDT:USDT,0.8995,28,0.8994,94,0.8996,29,0.8997,120
1753591920829,04:52:00.829,mexc,AERO/USDT:USDT,0.8995,28,0.8994,94,0.8996,29,0.8997,120
1753591921130,04:52:01.130,mexc,AERO/USDT:USDT,0.8995,28,0.8994,94,0.8996,29,0.8997,120
1753591921329,04:52:01.329,mexc,AERO/USDT:USDT,0.8995,28,0.8994,109,0.8996,29,0.8997,120
1753591921631,04:52:01.631,mexc,AERO/USDT:USDT,0.8995,28,0.8994,109,0.8996,29,0.8997,120
1753591921735,04:52:01.735,mexc,AERO/USDT:USDT,0.8995,28,0.8994,94,0.8996,29,0.8997,120
1753591921830,04:52:01.830,mexc,AERO/USDT:USDT,0.8995,28,0.8994,94,0.8996,29,0.8997,120
1753591922233,04:52:02.233,mexc,AERO/USDT:USDT,0.8995,28,0.8994,94,0.8996,29,0.8997,120
1753591922333,04:52:02.333,mexc,AERO/USDT:USDT,0.8995,28,0.8994,94,0.8996,29,0.8997,120
1753591922736,04:52:02.736,mexc,AERO/USDT:USDT,0.8995,28,0.8994,94,0.8996,29,0.8997,120
1753591922831,04:52:02.831,mexc,AERO/USDT:USDT,0.8995,28,0.8994,123,0.8996,29,0.8997,120
1753591923131,04:52:03.131,mexc,AERO/USDT:USDT,0.8995,28,0.8994,123,0.8996,29,0.8997,120
1753591923331,04:52:03.331,mexc,AERO/USDT:USDT,0.8995,28,0.8994,94,0.8996,29,0.8997,120
1753591923630,04:52:03.630,mexc,AERO/USDT:USDT,0.8995,28,0.8994,94,0.8996,29,0.8997,120
1753591923832,04:52:03.832,mexc,AERO/USDT:USDT,0.8995,28,0.8994,109,0.8996,29,0.8997,120
1753591924130,04:52:04.130,mexc,AERO/USDT:USDT,0.8995,28,0.8994,109,0.8996,29,0.8997,120
1753591924332,04:52:04.332,mexc,AERO/USDT:USDT,0.8995,28,0.8994,94,0.8996,29,0.8997,120
1753591924631,04:52:04.631,mexc,AERO/USDT:USDT,0.8995,28,0.8994,94,0.8996,29,0.8997,161
1753591924832,04:52:04.832,mexc,AERO/USDT:USDT,0.8995,28,0.8994,135,0.8996,29,0.8997,161
1753591925132,04:52:05.132,mexc,AERO/USDT:USDT,0.8995,28,0.8994,135,0.8996,29,0.8997,120
1753591925333,04:52:05.333,mexc,AERO/USDT:USDT,0.8995,28,0.8994,114,0.8996,29,0.8997,120
1753591925735,04:52:05.735,mexc,AERO/USDT:USDT,0.8995,28,0.8994,94,0.8996,29,0.8997,150
1753591925925,04:52:05.925,mexc,AERO/USDT:USDT,0.8997,28,0.8996,104,0.8998,26,0.8999,104
1753591926331,04:52:06.331,mexc,AERO/USDT:USDT,0.8997,28,0.8996,114,0.8998,26,0.8999,140
1753591926331,04:52:06.331,mexc,AERO/USDT:USDT,0.8997,28,0.8996,114,0.8998,26,0.8999,140
1753591926735,04:52:06.735,mexc,AERO/USDT:USDT,0.8997,28,0.8996,104,0.8998,26,0.8999,148
1753591926833,04:52:06.833,mexc,AERO/USDT:USDT,0.8997,28,0.8996,131,0.8998,26,0.8999,148
1753591927133,04:52:07.133,mexc,AERO/USDT:USDT,0.8997,28,0.8996,131,0.8998,26,0.8999,104
1753591927335,04:52:07.335,mexc,AERO/USDT:USDT,0.8997,28,0.8996,104,0.8998,26,0.8999,104
1753591927536,04:52:07.536,mexc,AERO/USDT:USDT,0.8997,28,0.8996,104,0.8998,26,0.8999,104
1753591927635,04:52:07.635,mexc,AERO/USDT:USDT,0.8997,28,0.8996,104,0.8998,26,0.8999,139
1753591927834,04:52:07.834,mexc,AERO/USDT:USDT,0.8997,28,0.8996,104,0.8998,26,0.8999,139
1753591928137,04:52:08.137,mexc,AERO/USDT:USDT,0.8997,28,0.8996,104,0.8998,26,0.8999,104
1753591928334,04:52:08.334,mexc,AERO/USDT:USDT,0.8997,28,0.8996,130,0.8998,26,0.8999,104
1753591928738,04:52:08.738,mexc,AERO/USDT:USDT,0.8997,28,0.8996,104,0.8998,26,0.8999,150
1753591928834,04:52:08.834,mexc,AERO/USDT:USDT,0.8997,28,0.8996,104,0.8998,26,0.8999,150
1753591929133,04:52:09.133,mexc,AERO/USDT:USDT,0.8997,28,0.8996,104,0.8998,26,0.8999,104
1753591929334,04:52:09.334,mexc,AERO/USDT:USDT,0.8997,28,0.8996,125,0.8998,26,0.8999,104
1753591929634,04:52:09.634,mexc,AERO/USDT:USDT,0.8997,28,0.8996,125,0.8998,26,0.8999,104
1753591929880,04:52:09.880,mexc,AERO/USDT:USDT,0.8997,28,0.8996,104,0.8998,26,0.8999,104
1753591930134,04:52:10.134,mexc,AERO/USDT:USDT,0.8997,28,0.8996,104,0.8998,26,0.8999,152
1753591930382,04:52:10.382,mexc,AERO/USDT:USDT,0.8997,28,0.8996,104,0.8998,26,0.8999,152
1753591930635,04:52:10.635,mexc,AERO/USDT:USDT,0.8997,28,0.8996,104,0.8998,26,0.8999,151
1753591930881,04:52:10.881,mexc,AERO/USDT:USDT,0.8997,28,0.8996,131,0.8998,26,0.8999,151
1753591931135,04:52:11.135,mexc,AERO/USDT:USDT,0.8997,28,0.8996,131,0.8998,26,0.8999,104
1753591931382,04:52:11.382,mexc,AERO/USDT:USDT,0.8997,28,0.8996,104,0.8998,26,0.8999,104
1753591931633,04:52:11.633,mexc,AERO/USDT:USDT,0.8997,28,0.8996,104,0.8998,26,0.8999,104
1753591931927,04:52:11.927,mexc,AERO/USDT:USDT,0.8997,81,0.8996,97,0.8998,24,0.8999,28
1753591932134,04:52:12.134,mexc,AERO/USDT:USDT,0.8997,81,0.8996,97,0.8998,24,0.8999,38
1753591932541,04:52:12.541,mexc,AERO/USDT:USDT,0.8997,81,0.8996,130,0.8998,24,0.8999,38
1753591932634,04:52:12.634,mexc,AERO/USDT:USDT,0.8997,81,0.8996,130,0.8998,24,0.8999,40
1753591932882,04:52:12.882,mexc,AERO/USDT:USDT,0.8997,81,0.8996,118,0.8998,24,0.8999,40
1753591933136,04:52:13.136,mexc,AERO/USDT:USDT,0.8997,81,0.8996,118,0.8998,24,0.8999,28
1753591933468,04:52:13.468,mexc,AERO/USDT:USDT,0.8997,81,0.8996,122,0.8998,24,0.8999,28
1753591933640,04:52:13.640,mexc,AERO/USDT:USDT,0.8997,81,0.8996,122,0.8998,24,0.8999,28
1753591933884,04:52:13.884,mexc,AERO/USDT:USDT,0.8997,81,0.8996,113,0.8998,24,0.8999,28
1753591934038,04:52:14.038,mexc,AERO/USDT:USDT,0.8997,81,0.8996,113,0.8998,24,0.8999,28
1753591934291,04:52:14.291,mexc,AERO/USDT:USDT,0.8997,81,0.8996,97,0.8998,24,0.8999,28
1753591934384,04:52:14.384,mexc,AERO/USDT:USDT,0.8997,81,0.8996,97,0.8998,24,0.8999,28
1753591934635,04:52:14.635,mexc,AERO/USDT:USDT,0.8997,81,0.8996,97,0.8998,24,0.8999,28
1753591934885,04:52:14.885,mexc,AERO/USDT:USDT,0.8997,81,0.8996,97,0.8998,24,0.8999,28
1753591935134,04:52:15.134,mexc,AERO/USDT:USDT,0.8997,81,0.8996,97,0.8998,24,0.8999,28
1753591935383,04:52:15.383,mexc,AERO/USDT:USDT,0.8997,81,0.8996,97,0.8998,24,0.8999,28
1753591935637,04:52:15.637,mexc,AERO/USDT:USDT,0.8997,81,0.8996,97,0.8998,24,0.8999,28
1753591935884,04:52:15.884,mexc,AERO/USDT:USDT,0.8997,81,0.8996,137,0.8998,24,0.8999,28
1753591936139,04:52:16.139,mexc,AERO/USDT:USDT,0.8997,81,0.8996,137,0.8998,24,0.8999,28
1753591936384,04:52:16.384,mexc,AERO/USDT:USDT,0.8997,81,0.8996,97,0.8998,24,0.8999,28
1753591936637,04:52:16.637,mexc,AERO/USDT:USDT,0.8997,81,0.8996,97,0.8998,24,0.8999,34
1753591936887,04:52:16.887,mexc,AERO/USDT:USDT,0.8997,81,0.8996,137,0.8998,24,0.8999,34
1753591937135,04:52:17.135,mexc,AERO/USDT:USDT,0.8997,81,0.8996,137,0.8998,24,0.8999,48
1753591937386,04:52:17.386,mexc,AERO/USDT:USDT,0.8997,81,0.8996,112,0.8998,24,0.8999,48
1753591937636,04:52:17.636,mexc,AERO/USDT:USDT,0.8997,81,0.8996,112,0.8998,24,0.8999,40
1753591937928,04:52:17.928,mexc,AERO/USDT:USDT,0.8997,120,0.8996,106,0.8998,24,0.8999,25
1753591938137,04:52:18.137,mexc,AERO/USDT:USDT,0.8997,120,0.8996,106,0.8998,24,0.8999,32
1753591938539,04:52:18.539,mexc,AERO/USDT:USDT,0.8997,120,0.8996,139,0.8998,24,0.8999,32
1753591938637,04:52:18.637,mexc,AERO/USDT:USDT,0.8997,120,0.8996,139,0.8998,24,0.8999,25
1753591938888,04:52:18.888,mexc,AERO/USDT:USDT,0.8997,120,0.8996,106,0.8998,24,0.8999,25
1753591939138,04:52:19.138,mexc,AERO/USDT:USDT,0.8997,120,0.8996,106,0.8998,24,0.8999,34
1753591939469,04:52:19.469,mexc,AERO/USDT:USDT,0.8997,120,0.8996,106,0.8998,24,0.8999,34
1753591939637,04:52:19.637,mexc,AERO/USDT:USDT,0.8997,120,0.8996,106,0.8998,24,0.8999,25
1753591939888,04:52:19.888,mexc,AERO/USDT:USDT,0.8997,120,0.8996,149,0.8998,24,0.8999,25
1753591940040,04:52:20.040,mexc,AERO/USDT:USDT,0.8997,120,0.8996,171,0.8998,24,0.8999,25
1753591940297,04:52:20.297,mexc,AERO/USDT:USDT,0.8997,120,0.8996,128,0.8998,24,0.8999,34
1753591940386,04:52:20.386,mexc,AERO/USDT:USDT,0.8997,120,0.8996,106,0.8998,24,0.8999,34
1753591940640,04:52:20.640,mexc,AERO/USDT:USDT,0.8997,120,0.8996,106,0.8998,24,0.8999,25
1753591940887,04:52:20.887,mexc,AERO/USDT:USDT,0.8997,120,0.8996,149,0.8998,24,0.8999,25
1753591941138,04:52:21.138,mexc,AERO/USDT:USDT,0.8997,120,0.8996,149,0.8998,24,0.8999,29
1753591941386,04:52:21.386,mexc,AERO/USDT:USDT,0.8997,120,0.8996,106,0.8998,24,0.8999,29
1753591941644,04:52:21.644,mexc,AERO/USDT:USDT,0.8997,120,0.8996,106,0.8998,24,0.8999,25
1753591941885,04:52:21.885,mexc,AERO/USDT:USDT,0.8997,120,0.8996,106,0.8998,24,0.8999,25
1753591942140,04:52:22.140,mexc,AERO/USDT:USDT,0.8997,120,0.8996,106,0.8998,24,0.8999,35
1753591942387,04:52:22.387,mexc,AERO/USDT:USDT,0.8997,120,0.8996,106,0.8998,24,0.8999,35
1753591942641,04:52:22.641,mexc,AERO/USDT:USDT,0.8997,120,0.8996,106,0.8998,24,0.8999,25
1753591942887,04:52:22.887,mexc,AERO/USDT:USDT,0.8997,120,0.8996,106,0.8998,24,0.8999,25
1753591943139,04:52:23.139,mexc,AERO/USDT:USDT,0.8997,120,0.8996,106,0.8998,24,0.8999,34
1753591943389,04:52:23.389,mexc,AERO/USDT:USDT,0.8997,120,0.8996,106,0.8998,24,0.8999,34
1753591943642,04:52:23.642,mexc,AERO/USDT:USDT,0.8997,120,0.8996,106,0.8998,24,0.8999,31
1753591943931,04:52:23.931,mexc,AERO/USDT:USDT,0.8998,231,0.8997,122,0.8999,25,0.9,36
1753591944140,04:52:24.140,mexc,AERO/USDT:USDT,0.8998,231,0.8997,122,0.8999,25,0.9,49
1753591944543,04:52:24.543,mexc,AERO/USDT:USDT,0.8998,231,0.8997,152,0.8999,25,0.9,36
1753591944640,04:52:24.640,mexc,AERO/USDT:USDT,0.8998,231,0.8997,152,0.8999,25,0.9,36
1753591944889,04:52:24.889,mexc,AERO/USDT:USDT,0.8998,231,0.8997,122,0.8999,25,0.9,36
1753591945140,04:52:25.140,mexc,AERO/USDT:USDT,0.8998,231,0.8997,122,0.8999,25,0.9,36
1753591945472,04:52:25.472,mexc,AERO/USDT:USDT,0.8998,231,0.8997,122,0.8999,25,0.9,36
1753591945641,04:52:25.641,mexc,AERO/USDT:USDT,0.8998,231,0.8997,122,0.8999,25,0.9,39
1753591945892,04:52:25.892,mexc,AERO/USDT:USDT,0.8998,231,0.8997,122,0.8999,25,0.9,39
1753591946043,04:52:26.043,mexc,AERO/USDT:USDT,0.8998,231,0.8997,164,0.8999,25,0.9,36
1753591946296,04:52:26.296,mexc,AERO/USDT:USDT,0.8998,231,0.8997,164,0.8999,25,0.9,40
1753591946391,04:52:26.391,mexc,AERO/USDT:USDT,0.8998,231,0.8997,138,0.8999,25,0.9,40
1753591946642,04:52:26.642,mexc,AERO/USDT:USDT,0.8998,231,0.8997,138,0.8999,25,0.9,36
1753591946890,04:52:26.890,mexc,AERO/USDT:USDT,0.8998,231,0.8997,173,0.8999,25,0.9,36
1753591947139,04:52:27.139,mexc,AERO/USDT:USDT,0.8998,231,0.8997,173,0.8999,25,0.9,42
1753591947389,04:52:27.389,mexc,AERO/USDT:USDT,0.8998,231,0.8997,211,0.8999,25,0.9,42
1753591947644,04:52:27.644,mexc,AERO/USDT:USDT,0.8998,231,0.8997,211,0.8999,25,0.9,36
1753591947892,04:52:27.892,mexc,AERO/USDT:USDT,0.8998,231,0.8997,122,0.8999,25,0.9,36
1753591948140,04:52:28.140,mexc,AERO/USDT:USDT,0.8998,231,0.8997,122,0.8999,25,0.9,40
1753591948392,04:52:28.392,mexc,AERO/USDT:USDT,0.8998,231,0.8997,164,0.8999,25,0.9,40
1753591948644,04:52:28.644,mexc,AERO/USDT:USDT,0.8998,231,0.8997,164,0.8999,25,0.9,45
1753591948892,04:52:28.892,mexc,AERO/USDT:USDT,0.8998,231,0.8997,122,0.8999,25,0.9,45
1753591949140,04:52:29.140,mexc,AERO/USDT:USDT,0.8998,231,0.8997,122,0.8999,25,0.9,36
1753591949392,04:52:29.392,mexc,AERO/USDT:USDT,0.8998,231,0.8997,171,0.8999,25,0.9,36
1753591949642,04:52:29.642,mexc,AERO/USDT:USDT,0.8998,231,0.8997,171,0.8999,25,0.9,36
1753591949932,04:52:29.932,mexc,AERO/USDT:USDT,0.8997,25,0.8996,101,0.8998,91,0.8999,34
1753591950140,04:52:30.140,mexc,AERO/USDT:USDT,0.8997,25,0.8996,101,0.8998,91,0.8999,48
1753591950544,04:52:30.544,mexc,AERO/USDT:USDT,0.8997,25,0.8996,142,0.8998,91,0.8999,34
1753591950797,04:52:30.797,mexc,AERO/USDT:USDT,0.8997,25,0.8996,101,0.8998,91,0.8999,46
1753591950894,04:52:30.894,mexc,AERO/USDT:USDT,0.8997,25,0.8996,101,0.8998,91,0.8999,46
1753591951141,04:52:31.141,mexc,AERO/USDT:USDT,0.8997,25,0.8996,101,0.8998,91,0.8999,43
1753591951473,04:52:31.473,mexc,AERO/USDT:USDT,0.8997,25,0.8996,116,0.8998,91,0.8999,43
1753591951642,04:52:31.642,mexc,AERO/USDT:USDT,0.8997,25,0.8996,116,0.8998,91,0.8999,34
1753591951895,04:52:31.895,mexc,AERO/USDT:USDT,0.8997,25,0.8996,101,0.8998,91,0.8999,34
1753591952045,04:52:32.045,mexc,AERO/USDT:USDT,0.8997,25,0.8996,101,0.8998,91,0.8999,34
1753591952301,04:52:32.301,mexc,AERO/USDT:USDT,0.8997,25,0.8996,101,0.8998,91,0.8999,47
1753591952394,04:52:32.394,mexc,AERO/USDT:USDT,0.8997,25,0.8996,101,0.8998,91,0.8999,47
1753591952643,04:52:32.643,mexc,AERO/USDT:USDT,0.8997,25,0.8996,101,0.8998,91,0.8999,34
1753591952894,04:52:32.894,mexc,AERO/USDT:USDT,0.8997,25,0.8996,101,0.8998,91,0.8999,34
1753591953144,04:52:33.144,mexc,AERO/USDT:USDT,0.8997,25,0.8996,101,0.8998,91,0.8999,38
1753591953394,04:52:33.394,mexc,AERO/USDT:USDT,0.8997,25,0.8996,101,0.8998,91,0.8999,38
1753591953702,04:52:33.702,mexc,AERO/USDT:USDT,0.8997,25,0.8996,101,0.8998,91,0.8999,50
1753591953894,04:52:33.894,mexc,AERO/USDT:USDT,0.8997,25,0.8996,101,0.8998,91,0.8999,50
1753591954142,04:52:34.142,mexc,AERO/USDT:USDT,0.8997,25,0.8996,101,0.8998,91,0.8999,34
1753591954298,04:52:34.298,mexc,AERO/USDT:USDT,0.8997,25,0.8996,101,0.8998,91,0.8999,34
1753591954545,04:52:34.545,mexc,AERO/USDT:USDT,0.8997,25,0.8996,101,0.8998,91,0.8999,34
1753591954644,04:52:34.644,mexc,AERO/USDT:USDT,0.8997,25,0.8996,101,0.8998,91,0.8999,38
1753591954893,04:52:34.893,mexc,AERO/USDT:USDT,0.8997,25,0.8996,101,0.8998,91,0.8999,38
1753591955143,04:52:35.143,mexc,AERO/USDT:USDT,0.8997,25,0.8996,101,0.8998,91,0.8999,60
1753591955397,04:52:35.397,mexc,AERO/USDT:USDT,0.8997,25,0.8996,101,0.8998,91,0.8999,60
1753591955643,04:52:35.643,mexc,AERO/USDT:USDT,0.8997,25,0.8996,101,0.8998,91,0.8999,43
1753591955982,04:52:35.982,mexc,AERO/USDT:USDT,0.8997,25,0.8996,112,0.8998,91,0.8999,189
1753591956146,04:52:36.146,mexc,AERO/USDT:USDT,0.8997,37,0.8996,134,0.8999,146,0.9,207
1753591956395,04:52:36.395,mexc,AERO/USDT:USDT,0.8997,37,0.8996,134,0.8999,146,0.9,207
1753591956547,04:52:36.547,mexc,AERO/USDT:USDT,0.8997,37,0.8996,134,0.8999,146,0.9,133
1753591956797,04:52:36.797,mexc,AERO/USDT:USDT,0.8997,37,0.8996,134,0.8999,146,0.9,133
1753591956895,04:52:36.895,mexc,AERO/USDT:USDT,0.8997,37,0.8996,185,0.8999,146,0.9,133
1753591957145,04:52:37.145,mexc,AERO/USDT:USDT,0.8997,37,0.8996,185,0.8999,146,0.9,133
1753591957476,04:52:37.476,mexc,AERO/USDT:USDT,0.8997,37,0.8996,134,0.8999,146,0.9,133
1753591957645,04:52:37.645,mexc,AERO/USDT:USDT,0.8997,37,0.8996,134,0.8999,146,0.9,240
1753591957895,04:52:37.895,mexc,AERO/USDT:USDT,0.8997,37,0.8996,134,0.8999,146,0.9,240
1753591958048,04:52:38.048,mexc,AERO/USDT:USDT,0.8997,37,0.8996,134,0.8999,146,0.9,133
1753591958300,04:52:38.300,mexc,AERO/USDT:USDT,0.8997,37,0.8996,134,0.8999,146,0.9,182
1753591958395,04:52:38.395,mexc,AERO/USDT:USDT,0.8997,37,0.8996,134,0.8999,146,0.9,182
1753591958644,04:52:38.644,mexc,AERO/USDT:USDT,0.8997,37,0.8996,134,0.8999,146,0.9,163
1753591958897,04:52:38.897,mexc,AERO/USDT:USDT,0.8997,37,0.8996,134,0.8999,146,0.9,163
1753591959147,04:52:39.147,mexc,AERO/USDT:USDT,0.8997,37,0.8996,134,0.8999,146,0.9,133
1753591959398,04:52:39.398,mexc,AERO/USDT:USDT,0.8997,37,0.8996,134,0.8999,146,0.9,133
1753591959647,04:52:39.647,mexc,AERO/USDT:USDT,0.8997,37,0.8996,134,0.8999,146,0.9,158
1753591959896,04:52:39.896,mexc,AERO/USDT:USDT,0.8997,37,0.8996,134,0.8999,146,0.9,158
1753591960146,04:52:40.146,mexc,AERO/USDT:USDT,0.8997,37,0.8996,134,0.8999,146,0.9,133
1753591960396,04:52:40.396,mexc,AERO/USDT:USDT,0.8997,37,0.8996,134,0.8999,146,0.9,133
1753591960648,04:52:40.648,mexc,AERO/USDT:USDT,0.8997,37,0.8996,134,0.8999,146,0.9,179
1753591960898,04:52:40.898,mexc,AERO/USDT:USDT,0.8997,37,0.8996,134,0.8999,146,0.9,179
1753591961147,04:52:41.147,mexc,AERO/USDT:USDT,0.8997,37,0.8996,134,0.8999,146,0.9,133
1753591961398,04:52:41.398,mexc,AERO/USDT:USDT,0.8997,37,0.8996,197,0.8999,146,0.9,133
1753591961648,04:52:41.648,mexc,AERO/USDT:USDT,0.8997,37,0.8996,197,0.8999,146,0.9,183
1753591961983,04:52:41.983,mexc,AERO/USDT:USDT,0.8997,37,0.8996,153,0.8999,281,0.9,183
1753591962148,04:52:42.148,mexc,AERO/USDT:USDT,0.8997,41,0.8996,117,0.8999,135,0.9,116
1753591962399,04:52:42.399,mexc,AERO/USDT:USDT,0.8997,41,0.8996,117,0.8999,135,0.9,116
1753591962580,04:52:42.580,mexc,AERO/USDT:USDT,0.8997,41,0.8996,117,0.8999,135,0.9,116
1753591962801,04:52:42.801,mexc,AERO/USDT:USDT,0.8997,41,0.8996,117,0.8999,135,0.9,116
1753591962898,04:52:42.898,mexc,AERO/USDT:USDT,0.8997,41,0.8996,137,0.8999,135,0.9,116
1753591963149,04:52:43.149,mexc,AERO/USDT:USDT,0.8997,41,0.8996,137,0.8999,135,0.9,116
1753591963473,04:52:43.473,mexc,AERO/USDT:USDT,0.8997,41,0.8996,117,0.8999,135,0.9,116
1753591963649,04:52:43.649,mexc,AERO/USDT:USDT,0.8997,41,0.8996,117,0.8999,135,0.9,116
1753591963901,04:52:43.901,mexc,AERO/USDT:USDT,0.8997,41,0.8996,157,0.8999,135,0.9,116
1753591964050,04:52:44.050,mexc,AERO/USDT:USDT,0.8997,41,0.8996,157,0.8999,135,0.9,116
1753591964302,04:52:44.302,mexc,AERO/USDT:USDT,0.8997,41,0.8996,117,0.8999,135,0.9,116
1753591964396,04:52:44.396,mexc,AERO/USDT:USDT,0.8997,41,0.8996,117,0.8999,135,0.9,116
1753591964649,04:52:44.649,mexc,AERO/USDT:USDT,0.8997,41,0.8996,117,0.8999,135,0.9,116
1753591964897,04:52:44.897,mexc,AERO/USDT:USDT,0.8997,41,0.8996,117,0.8999,135,0.9,116
1753591965149,04:52:45.149,mexc,AERO/USDT:USDT,0.8997,41,0.8996,117,0.8999,135,0.9,137
1753591965397,04:52:45.397,mexc,AERO/USDT:USDT,0.8997,41,0.8996,117,0.8999,135,0.9,137
1753591965649,04:52:45.649,mexc,AERO/USDT:USDT,0.8997,41,0.8996,117,0.8999,135,0.9,116
1753591965898,04:52:45.898,mexc,AERO/USDT:USDT,0.8997,41,0.8996,117,0.8999,135,0.9,116
1753591966149,04:52:46.149,mexc,AERO/USDT:USDT,0.8997,41,0.8996,117,0.8999,135,0.9,116
1753591966399,04:52:46.399,mexc,AERO/USDT:USDT,0.8997,41,0.8996,117,0.8999,135,0.9,116
1753591966649,04:52:46.649,mexc,AERO/USDT:USDT,0.8997,41,0.8996,117,0.8999,135,0.9,116
1753591966899,04:52:46.899,mexc,AERO/USDT:USDT,0.8997,41,0.8996,117,0.8999,135,0.9,116
1753591967150,04:52:47.150,mexc,AERO/USDT:USDT,0.8997,41,0.8996,117,0.8999,135,0.9,137
1753591967399,04:52:47.399,mexc,AERO/USDT:USDT,0.8997,41,0.8996,135,0.8999,135,0.9,137
1753591967651,04:52:47.651,mexc,AERO/USDT:USDT,0.8997,41,0.8996,135,0.8999,135,0.9,116
1753591967991,04:52:47.991,mexc,AERO/USDT:USDT,0.8997,41,0.8996,117,0.8999,160,0.9,116
1753591968151,04:52:48.151,mexc,AERO/USDT:USDT,0.8998,39,0.8997,29,0.8999,25,0.9,151
1753591968399,04:52:48.399,mexc,AERO/USDT:USDT,0.8998,39,0.8997,29,0.8999,25,0.9,151
1753591968553,04:52:48.553,mexc,AERO/USDT:USDT,0.8998,39,0.8997,29,0.8999,25,0.9,134
1753591968801,04:52:48.801,mexc,AERO/USDT:USDT,0.8998,39,0.8997,29,0.8999,25,0.9,156
1753591968899,04:52:48.899,mexc,AERO/USDT:USDT,0.8998,39,0.8997,39,0.8999,25,0.9,156
1753591969150,04:52:49.150,mexc,AERO/USDT:USDT,0.8998,39,0.8997,39,0.8999,25,0.9,134
1753591969479,04:52:49.479,mexc,AERO/USDT:USDT,0.8998,39,0.8997,29,0.8999,25,0.9,134
1753591969652,04:52:49.652,mexc,AERO/USDT:USDT,0.8998,39,0.8997,29,0.8999,25,0.9,168
1753591969900,04:52:49.900,mexc,AERO/USDT:USDT,0.8998,39,0.8997,29,0.8999,25,0.9,168
1753591970052,04:52:50.052,mexc,AERO/USDT:USDT,0.8998,39,0.8997,33,0.8999,25,0.9,134
1753591970302,04:52:50.302,mexc,AERO/USDT:USDT,0.8998,39,0.8997,33,0.8999,25,0.9,134
1753591970399,04:52:50.399,mexc,AERO/USDT:USDT,0.8998,39,0.8997,29,0.8999,25,0.9,134
1753591970652,04:52:50.652,mexc,AERO/USDT:USDT,0.8998,39,0.8997,29,0.8999,25,0.9,134
1753591970901,04:52:50.901,mexc,AERO/USDT:USDT,0.8998,39,0.8997,29,0.8999,25,0.9,134
1753591971152,04:52:51.152,mexc,AERO/USDT:USDT,0.8998,39,0.8997,29,0.8999,25,0.9,134
1753591971399,04:52:51.399,mexc,AERO/USDT:USDT,0.8998,39,0.8997,29,0.8999,25,0.9,134
1753591971652,04:52:51.652,mexc,AERO/USDT:USDT,0.8998,39,0.8997,29,0.8999,25,0.9,201
1753591971900,04:52:51.900,mexc,AERO/USDT:USDT,0.8998,39,0.8997,29,0.8999,25,0.9,201
1753591972152,04:52:52.152,mexc,AERO/USDT:USDT,0.8998,39,0.8997,29,0.8999,25,0.9,180
1753591972399,04:52:52.399,mexc,AERO/USDT:USDT,0.8998,39,0.8997,36,0.8999,25,0.9,180
1753591972653,04:52:52.653,mexc,AERO/USDT:USDT,0.8998,39,0.8997,36,0.8999,25,0.9,134
1753591972901,04:52:52.901,mexc,AERO/USDT:USDT,0.8998,39,0.8997,37,0.8999,25,0.9,134
1753591973152,04:52:53.152,mexc,AERO/USDT:USDT,0.8998,39,0.8997,37,0.8999,25,0.9,134
1753591973400,04:52:53.400,mexc,AERO/USDT:USDT,0.8998,39,0.8997,38,0.8999,25,0.9,134
1753591973652,04:52:53.652,mexc,AERO/USDT:USDT,0.8998,39,0.8997,38,0.8999,25,0.9,171
1753591973990,04:52:53.990,mexc,AERO/USDT:USDT,0.8998,39,0.8997,29,0.8999,50,0.9,171
1753591974153,04:52:54.153,mexc,AERO/USDT:USDT,0.8998,174,0.8997,30,0.8999,25,0.9,25
1753591974401,04:52:54.401,mexc,AERO/USDT:USDT,0.8998,174,0.8997,30,0.8999,25,0.9,25
1753591974556,04:52:54.556,mexc,AERO/USDT:USDT,0.8998,174,0.8997,42,0.8999,25,0.9,25
1753591974803,04:52:54.803,mexc,AERO/USDT:USDT,0.8998,174,0.8997,30,0.8999,25,0.9,25
1753591975055,04:52:55.055,mexc,AERO/USDT:USDT,0.8998,174,0.8997,36,0.8999,25,0.9,25
1753591975154,04:52:55.154,mexc,AERO/USDT:USDT,0.8998,174,0.8997,36,0.8999,25,0.9,34
1753591975477,04:52:55.477,mexc,AERO/USDT:USDT,0.8998,174,0.8997,30,0.8999,25,0.9,34
1753591975655,04:52:55.655,mexc,AERO/USDT:USDT,0.8998,174,0.8997,30,0.8999,25,0.9,32
1753591975900,04:52:55.900,mexc,AERO/USDT:USDT,0.8998,174,0.8997,30,0.8999,25,0.9,32
1753591976057,04:52:56.057,mexc,AERO/USDT:USDT,0.8998,174,0.8997,30,0.8999,25,0.9,25
1753591976303,04:52:56.303,mexc,AERO/USDT:USDT,0.8998,174,0.8997,30,0.8999,25,0.9,25
1753591976402,04:52:56.402,mexc,AERO/USDT:USDT,0.8998,174,0.8997,30,0.8999,25,0.9,25
1753591976656,04:52:56.656,mexc,AERO/USDT:USDT,0.8998,174,0.8997,30,0.8999,25,0.9,25
1753591976903,04:52:56.903,mexc,AERO/USDT:USDT,0.8998,174,0.8997,30,0.8999,25,0.9,25
1753591977154,04:52:57.154,mexc,AERO/USDT:USDT,0.8998,174,0.8997,30,0.8999,25,0.9,25
1753591977401,04:52:57.401,mexc,AERO/USDT:USDT,0.8998,174,0.8997,30,0.8999,25,0.9,25
1753591977703,04:52:57.703,mexc,AERO/USDT:USDT,0.8998,174,0.8997,30,0.8999,25,0.9,25
1753591977901,04:52:57.901,mexc,AERO/USDT:USDT,0.8998,174,0.8997,30,0.8999,25,0.9,25
1753591978153,04:52:58.153,mexc,AERO/USDT:USDT,0.8998,174,0.8997,30,0.8999,25,0.9,25
1753591978304,04:52:58.304,mexc,AERO/USDT:USDT,0.8998,174,0.8997,30,0.8999,25,0.9,25
1753591978558,04:52:58.558,mexc,AERO/USDT:USDT,0.8998,174,0.8997,42,0.8999,25,0.9,25
1753591978656,04:52:58.656,mexc,AERO/USDT:USDT,0.8998,174,0.8997,42,0.8999,25,0.9,25
1753591978903,04:52:58.903,mexc,AERO/USDT:USDT,0.8998,174,0.8997,47,0.8999,25,0.9,25
1753591979156,04:52:59.156,mexc,AERO/USDT:USDT,0.8998,174,0.8997,47,0.8999,25,0.9,28
1753591979405,04:52:59.405,mexc,AERO/USDT:USDT,0.8998,174,0.8997,40,0.8999,25,0.9,28
1753591979655,04:52:59.655,mexc,AERO/USDT:USDT,0.8998,174,0.8997,40,0.8999,25,0.9,25
1753591979996,04:52:59.996,mexc,AERO/USDT:USDT,0.8998,174,0.8997,30,0.8999,25,0.9,49
1753591980156,04:53:00.156,mexc,AERO/USDT:USDT,0.8999,266,0.8998,143,0.9,24,0.9001,24
1753591980403,04:53:00.403,mexc,AERO/USDT:USDT,0.8999,266,0.8998,143,0.9,24,0.9001,24
1753591980558,04:53:00.558,mexc,AERO/USDT:USDT,0.8999,266,0.8998,143,0.9,24,0.9001,24
1753591980807,04:53:00.807,mexc,AERO/USDT:USDT,0.8999,266,0.8998,143,0.9,24,0.9001,24
1753591980903,04:53:00.903,mexc,AERO/USDT:USDT,0.8999,266,0.8998,173,0.9,24,0.9001,24
1753591981156,04:53:01.156,mexc,AERO/USDT:USDT,0.8999,266,0.8998,173,0.9,24,0.9001,24
1753591981489,04:53:01.489,mexc,AERO/USDT:USDT,0.8999,266,0.8998,172,0.9,24,0.9001,24
1753591981657,04:53:01.657,mexc,AERO/USDT:USDT,0.8999,266,0.8998,172,0.9,24,0.9001,29
1753591981904,04:53:01.904,mexc,AERO/USDT:USDT,0.8999,266,0.8998,143,0.9,24,0.9001,29
1753591982058,04:53:02.058,mexc,AERO/USDT:USDT,0.8999,266,0.8998,143,0.9,24,0.9001,24
1753591982310,04:53:02.310,mexc,AERO/USDT:USDT,0.8999,266,0.8998,143,0.9,24,0.9001,24
1753591982404,04:53:02.404,mexc,AERO/USDT:USDT,0.8999,266,0.8998,143,0.9,24,0.9001,24
1753591982657,04:53:02.657,mexc,AERO/USDT:USDT,0.8999,266,0.8998,143,0.9,24,0.9001,24
1753591982905,04:53:02.905,mexc,AERO/USDT:USDT,0.8999,266,0.8998,143,0.9,24,0.9001,24
1753591983157,04:53:03.157,mexc,AERO/USDT:USDT,0.8999,266,0.8998,143,0.9,24,0.9001,27
1753591983405,04:53:03.405,mexc,AERO/USDT:USDT,0.8999,266,0.8998,143,0.9,24,0.9001,27
1753591983657,04:53:03.657,mexc,AERO/USDT:USDT,0.8999,266,0.8998,143,0.9,24,0.9001,24
1753591983904,04:53:03.904,mexc,AERO/USDT:USDT,0.8999,266,0.8998,187,0.9,24,0.9001,24
1753591984158,04:53:04.158,mexc,AERO/USDT:USDT,0.8999,266,0.8998,187,0.9,24,0.9001,24
1753591984405,04:53:04.405,mexc,AERO/USDT:USDT,0.8999,266,0.8998,143,0.9,24,0.9001,24
1753591984657,04:53:04.657,mexc,AERO/USDT:USDT,0.8999,266,0.8998,143,0.9,24,0.9001,30
1753591984906,04:53:04.906,mexc,AERO/USDT:USDT,0.8999,266,0.8998,143,0.9,24,0.9001,30
1753591985157,04:53:05.157,mexc,AERO/USDT:USDT,0.8999,266,0.8998,143,0.9,24,0.9001,34
1753591985406,04:53:05.406,mexc,AERO/USDT:USDT,0.8999,266,0.8998,143,0.9,24,0.9001,34
1753591985658,04:53:05.658,mexc,AERO/USDT:USDT,0.8999,266,0.8998,143,0.9,24,0.9001,24
1753591985993,04:53:05.993,mexc,AERO/USDT:USDT,0.8999,266,0.8998,168,0.9,173,0.9001,24
1753591986158,04:53:06.158,mexc,AERO/USDT:USDT,0.8999,28,0.8998,28,0.9,149,0.9001,131
1753591986409,04:53:06.409,mexc,AERO/USDT:USDT,0.8999,28,0.8998,34,0.9,149,0.9001,131
1753591986562,04:53:06.562,mexc,AERO/USDT:USDT,0.8999,28,0.8998,46,0.9,149,0.9001,131
1753591986811,04:53:06.811,mexc,AERO/USDT:USDT,0.8999,28,0.8998,40,0.9,149,0.9001,177
1753591986909,04:53:06.909,mexc,AERO/USDT:USDT,0.8999,28,0.8998,28,0.9,149,0.9001,177
1753591987159,04:53:07.159,mexc,AERO/USDT:USDT,0.8999,28,0.8998,28,0.9,149,0.9001,131
1753591987481,04:53:07.481,mexc,AERO/USDT:USDT,0.8999,28,0.8998,36,0.9,149,0.9001,131
1753591987659,04:53:07.659,mexc,AERO/USDT:USDT,0.8999,28,0.8998,36,0.9,149,0.9001,131
1753591987909,04:53:07.909,mexc,AERO/USDT:USDT,0.8999,28,0.8998,28,0.9,149,0.9001,131
1753591988063,04:53:08.063,mexc,AERO/USDT:USDT,0.8999,28,0.8998,28,0.9,149,0.9001,131
1753591988313,04:53:08.313,mexc,AERO/USDT:USDT,0.8999,28,0.8998,28,0.9,149,0.9001,195
1753591988408,04:53:08.408,mexc,AERO/USDT:USDT,0.8999,28,0.8998,28,0.9,149,0.9001,195
1753591988712,04:53:08.712,mexc,AERO/USDT:USDT,0.8999,28,0.8998,28,0.9,149,0.9001,131
1753591988910,04:53:08.910,mexc,AERO/USDT:USDT,0.8999,28,0.8998,28,0.9,149,0.9001,131
1753591989161,04:53:09.161,mexc,AERO/USDT:USDT,0.8999,28,0.8998,28,0.9,149,0.9001,131
1753591989411,04:53:09.411,mexc,AERO/USDT:USDT,0.8999,28,0.8998,32,0.9,149,0.9001,131
1753591989680,04:53:09.680,mexc,AERO/USDT:USDT,0.8999,28,0.8998,32,0.9,149,0.9001,178
1753591989912,04:53:09.912,mexc,AERO/USDT:USDT,0.8999,28,0.8998,28,0.9,149,0.9001,178
1753591990180,04:53:10.180,mexc,AERO/USDT:USDT,0.8999,28,0.8998,28,0.9,149,0.9001,159
1753591990410,04:53:10.410,mexc,AERO/USDT:USDT,0.8999,28,0.8998,37,0.9,149,0.9001,159
1753591990684,04:53:10.684,mexc,AERO/USDT:USDT,0.8999,28,0.8998,37,0.9,149,0.9001,131
1753591990909,04:53:10.909,mexc,AERO/USDT:USDT,0.8999,28,0.8998,35,0.9,149,0.9001,131
1753591991182,04:53:11.182,mexc,AERO/USDT:USDT,0.8999,28,0.8998,35,0.9,149,0.9001,131
1753591991412,04:53:11.412,mexc,AERO/USDT:USDT,0.8999,28,0.8998,35,0.9,149,0.9001,131
1753591991682,04:53:11.682,mexc,AERO/USDT:USDT,0.8999,28,0.8998,35,0.9,149,0.9001,180
1753591991996,04:53:11.996,mexc,AERO/USDT:USDT,0.8999,28,0.8998,59,0.9,149,0.9001,180
1753591992182,04:53:12.182,mexc,AERO/USDT:USDT,0.8998,31,0.8997,32,0.8999,103,0.9,122
1753591992413,04:53:12.413,mexc,AERO/USDT:USDT,0.8998,31,0.8997,32,0.8999,103,0.9,122
1753591992585,04:53:12.585,mexc,AERO/USDT:USDT,0.8998,31,0.8997,36,0.8999,103,0.9,122
1753591992820,04:53:12.820,mexc,AERO/USDT:USDT,0.8998,31,0.8997,36,0.8999,103,0.9,176
1753591992912,04:53:12.912,mexc,AERO/USDT:USDT,0.8998,31,0.8997,32,0.8999,103,0.9,176
1753591993183,04:53:13.183,mexc,AERO/USDT:USDT,0.8998,31,0.8997,32,0.8999,103,0.9,165
1753591993485,04:53:13.485,mexc,AERO/USDT:USDT,0.8998,31,0.8997,32,0.8999,103,0.9,165
1753591993682,04:53:13.682,mexc,AERO/USDT:USDT,0.8998,31,0.8997,32,0.8999,103,0.9,122
1753591993912,04:53:13.912,mexc,AERO/USDT:USDT,0.8998,31,0.8997,32,0.8999,103,0.9,122
1753591994086,04:53:14.086,mexc,AERO/USDT:USDT,0.8998,31,0.8997,32,0.8999,103,0.9,122
1753591994316,04:53:14.316,mexc,AERO/USDT:USDT,0.8998,31,0.8997,32,0.8999,103,0.9,122
1753591994412,04:53:14.412,mexc,AERO/USDT:USDT,0.8998,31,0.8997,32,0.8999,103,0.9,122
1753591994718,04:53:14.718,mexc,AERO/USDT:USDT,0.8998,31,0.8997,32,0.8999,103,0.9,122
1753591994912,04:53:14.912,mexc,AERO/USDT:USDT,0.8998,31,0.8997,32,0.8999,103,0.9,122
1753591995184,04:53:15.184,mexc,AERO/USDT:USDT,0.8998,31,0.8997,32,0.8999,103,0.9,122
1753591995313,04:53:15.313,mexc,AERO/USDT:USDT,0.8998,31,0.8997,32,0.8999,103,0.9,122
1753591995586,04:53:15.586,mexc,AERO/USDT:USDT,0.8998,31,0.8997,32,0.8999,103,0.9,122
1753591995683,04:53:15.683,mexc,AERO/USDT:USDT,0.8998,31,0.8997,32,0.8999,103,0.9,173
1753591995913,04:53:15.913,mexc,AERO/USDT:USDT,0.8998,31,0.8997,32,0.8999,103,0.9,173
1753591996184,04:53:16.184,mexc,AERO/USDT:USDT,0.8998,31,0.8997,32,0.8999,103,0.9,122
1753591996414,04:53:16.414,mexc,AERO/USDT:USDT,0.8998,31,0.8997,46,0.8999,103,0.9,122
1753591996683,04:53:16.683,mexc,AERO/USDT:USDT,0.8998,31,0.8997,46,0.8999,103,0.9,122
1753591996914,04:53:16.914,mexc,AERO/USDT:USDT,0.8998,31,0.8997,44,0.8999,103,0.9,122
1753591997238,04:53:17.238,mexc,AERO/USDT:USDT,0.8998,4,0.8997,44,0.8999,103,0.9,148
1753591997416,04:53:17.416,mexc,AERO/USDT:USDT,0.8998,4,0.8997,32,0.8999,103,0.9,148
1753591997696,04:53:17.696,mexc,AERO/USDT:USDT,0.8998,4,0.8997,32,0.8999,103,0.9,165
1753591997997,04:53:17.997,mexc,AERO/USDT:USDT,0.8998,4,0.8997,32,0.8999,103,0.9,165
1753591998185,04:53:18.185,mexc,AERO/USDT:USDT,0.8996,30,0.8995,35,0.8997,167,0.8998,321
1753591998415,04:53:18.415,mexc,AERO/USDT:USDT,0.8996,30,0.8995,35,0.8997,167,0.8998,321
1753591998596,04:53:18.596,mexc,AERO/USDT:USDT,0.8996,30,0.8995,35,0.8997,167,0.8998,321
1753591998820,04:53:18.820,mexc,AERO/USDT:USDT,0.8996,30,0.8995,35,0.8997,167,0.8998,455
1753591998915,04:53:18.915,mexc,AERO/USDT:USDT,0.8996,30,0.8995,46,0.8997,167,0.8998,455
1753591999186,04:53:19.186,mexc,AERO/USDT:USDT,0.8996,30,0.8995,46,0.8997,167,0.8998,321
1753591999486,04:53:19.486,mexc,AERO/USDT:USDT,0.8996,30,0.8995,35,0.8997,167,0.8998,321
1753591999685,04:53:19.685,mexc,AERO/USDT:USDT,0.8996,30,0.8995,35,0.8997,167,0.8998,321
1753591999917,04:53:19.917,mexc,AERO/USDT:USDT,0.8996,30,0.8995,51,0.8997,167,0.8998,321
1753592000089,04:53:20.089,mexc,AERO/USDT:USDT,0.8996,30,0.8995,51,0.8997,167,0.8998,321
1753592000323,04:53:20.323,mexc,AERO/USDT:USDT,0.8996,30,0.8995,35,0.8997,167,0.8998,321
1753592000417,04:53:20.417,mexc,AERO/USDT:USDT,0.8996,30,0.8995,51,0.8997,167,0.8998,321
1753592000720,04:53:20.720,mexc,AERO/USDT:USDT,0.8996,30,0.8995,51,0.8997,167,0.8998,321
1753592000918,04:53:20.918,mexc,AERO/USDT:USDT,0.8996,30,0.8995,39,0.8997,167,0.8998,321
1753592001187,04:53:21.187,mexc,AERO/USDT:USDT,0.8996,30,0.8995,39,0.8997,167,0.8998,321
1753592001322,04:53:21.322,mexc,AERO/USDT:USDT,0.8996,30,0.8995,35,0.8997,167,0.8998,321
1753592001590,04:53:21.590,mexc,AERO/USDT:USDT,0.8996,30,0.8995,46,0.8997,167,0.8998,321
1753592001687,04:53:21.687,mexc,AERO/USDT:USDT,0.8996,30,0.8995,46,0.8997,167,0.8998,321
1753592001917,04:53:21.917,mexc,AERO/USDT:USDT,0.8996,30,0.8995,49,0.8997,167,0.8998,321
1753592002189,04:53:22.189,mexc,AERO/USDT:USDT,0.8996,30,0.8995,49,0.8997,167,0.8998,321
1753592002417,04:53:22.417,mexc,AERO/USDT:USDT,0.8996,30,0.8995,35,0.8997,167,0.8998,321
1753592002687,04:53:22.687,mexc,AERO/USDT:USDT,0.8996,30,0.8995,35,0.8997,167,0.8998,321
1753592002919,04:53:22.919,mexc,AERO/USDT:USDT,0.8996,30,0.8995,35,0.8997,167,0.8998,321
1753592003188,04:53:23.188,mexc,AERO/USDT:USDT,0.8996,30,0.8995,35,0.8997,167,0.8998,521
1753592003420,04:53:23.420,mexc,AERO/USDT:USDT,0.8996,30,0.8995,39,0.8997,167,0.8998,521
1753592003689,04:53:23.689,mexc,AERO/USDT:USDT,0.8996,30,0.8995,39,0.8997,167,0.8998,321
1753592004001,04:53:24.001,mexc,AERO/USDT:USDT,0.8996,30,0.8995,35,0.8997,167,0.8998,451
1753592004189,04:53:24.189,mexc,AERO/USDT:USDT,0.8997,23,0.8996,37,0.8998,130,0.8999,248
1753592004419,04:53:24.419,mexc,AERO/USDT:USDT,0.8997,23,0.8996,37,0.8998,130,0.8999,248
1753592004592,04:53:24.592,mexc,AERO/USDT:USDT,0.8997,23,0.8996,37,0.8998,130,0.8999,130
1753592004822,04:53:24.822,mexc,AERO/USDT:USDT,0.8997,23,0.8996,37,0.8998,130,0.8999,168
1753592004918,04:53:24.918,mexc,AERO/USDT:USDT,0.8997,23,0.8996,37,0.8998,130,0.8999,168
1753592005191,04:53:25.191,mexc,AERO/USDT:USDT,0.8997,23,0.8996,37,0.8998,130,0.8999,148
1753592005418,04:53:25.418,mexc,AERO/USDT:USDT,0.8997,23,0.8996,37,0.8998,130,0.8999,148
1753592005690,04:53:25.690,mexc,AERO/USDT:USDT,0.8997,23,0.8996,37,0.8998,130,0.8999,130
1753592005920,04:53:25.920,mexc,AERO/USDT:USDT,0.8997,23,0.8996,48,0.8998,130,0.8999,130
1753592006190,04:53:26.190,mexc,AERO/USDT:USDT,0.8997,23,0.8996,48,0.8998,130,0.8999,179
1753592006420,04:53:26.420,mexc,AERO/USDT:USDT,0.8997,23,0.8996,44,0.8998,130,0.8999,179
1753592006709,04:53:26.709,mexc,AERO/USDT:USDT,0.8997,23,0.8996,44,0.8998,130,0.8999,211
1753592006919,04:53:26.919,mexc,AERO/USDT:USDT,0.8997,23,0.8996,45,0.8998,130,0.8999,211
1753592007191,04:53:27.191,mexc,AERO/USDT:USDT,0.8997,23,0.8996,45,0.8998,130,0.8999,182
1753592007421,04:53:27.421,mexc,AERO/USDT:USDT,0.8997,23,0.8996,37,0.8998,130,0.8999,182
1753592007691,04:53:27.691,mexc,AERO/USDT:USDT,0.8997,23,0.8996,37,0.8998,130,0.8999,158
1753592007921,04:53:27.921,mexc,AERO/USDT:USDT,0.8997,23,0.8996,40,0.8998,130,0.8999,158
1753592008192,04:53:28.192,mexc,AERO/USDT:USDT,0.8997,23,0.8996,40,0.8998,130,0.8999,130
1753592008423,04:53:28.423,mexc,AERO/USDT:USDT,0.8997,23,0.8996,37,0.8998,130,0.8999,130
1753592008692,04:53:28.692,mexc,AERO/USDT:USDT,0.8997,23,0.8996,37,0.8998,130,0.8999,130
1753592008922,04:53:28.922,mexc,AERO/USDT:USDT,0.8997,23,0.8996,42,0.8998,130,0.8999,130
1753592009194,04:53:29.194,mexc,AERO/USDT:USDT,0.8997,23,0.8996,42,0.8998,130,0.8999,130
1753592009423,04:53:29.423,mexc,AERO/USDT:USDT,0.8997,23,0.8996,37,0.8998,130,0.8999,130
1753592009693,04:53:29.693,mexc,AERO/USDT:USDT,0.8997,23,0.8996,37,0.8998,130,0.8999,130
1753592010003,04:53:30.003,mexc,AERO/USDT:USDT,0.8997,23,0.8996,37,0.8998,247,0.8999,130
1753592010194,04:53:30.194,mexc,AERO/USDT:USDT,0.8997,23,0.8996,22,0.8998,117,0.8999,131
1753592010424,04:53:30.424,mexc,AERO/USDT:USDT,0.8997,23,0.8996,22,0.8998,117,0.8999,131
1753592010597,04:53:30.597,mexc,AERO/USDT:USDT,0.8997,23,0.8996,22,0.8998,117,0.8999,118
1753592010828,04:53:30.828,mexc,AERO/USDT:USDT,0.8997,23,0.8996,22,0.8998,117,0.8999,149
1753592010923,04:53:30.923,mexc,AERO/USDT:USDT,0.8997,23,0.8996,22,0.8998,117,0.8999,149
1753592011193,04:53:31.193,mexc,AERO/USDT:USDT,0.8997,23,0.8996,22,0.8998,117,0.8999,153
1753592011426,04:53:31.426,mexc,AERO/USDT:USDT,0.8997,23,0.8996,22,0.8998,117,0.8999,153
1753592011694,04:53:31.694,mexc,AERO/USDT:USDT,0.8997,23,0.8996,22,0.8998,117,0.8999,197
1753592011924,04:53:31.924,mexc,AERO/USDT:USDT,0.8997,23,0.8996,25,0.8998,117,0.8999,197
1753592012194,04:53:32.194,mexc,AERO/USDT:USDT,0.8997,23,0.8996,25,0.8998,117,0.8999,135
1753592012424,04:53:32.424,mexc,AERO/USDT:USDT,0.8997,23,0.8996,22,0.8998,117,0.8999,135
1753592012725,04:53:32.725,mexc,AERO/USDT:USDT,0.8997,23,0.8996,22,0.8998,117,0.8999,180
1753592012925,04:53:32.925,mexc,AERO/USDT:USDT,0.8997,23,0.8996,22,0.8998,117,0.8999,180
1753592013194,04:53:33.194,mexc,AERO/USDT:USDT,0.8997,23,0.8996,22,0.8998,117,0.8999,167
1753592013424,04:53:33.424,mexc,AERO/USDT:USDT,0.8997,23,0.8996,22,0.8998,117,0.8999,167
1753592013695,04:53:33.695,mexc,AERO/USDT:USDT,0.8997,23,0.8996,22,0.8998,117,0.8999,170
1753592013927,04:53:33.927,mexc,AERO/USDT:USDT,0.8997,23,0.8996,22,0.8998,117,0.8999,170
1753592014198,04:53:34.198,mexc,AERO/USDT:USDT,0.8997,23,0.8996,22,0.8998,117,0.8999,191
1753592014425,04:53:34.425,mexc,AERO/USDT:USDT,0.8997,23,0.8996,30,0.8998,117,0.8999,191
1753592014698,04:53:34.698,mexc,AERO/USDT:USDT,0.8997,23,0.8996,30,0.8998,117,0.8999,118
1753592014926,04:53:34.926,mexc,AERO/USDT:USDT,0.8997,23,0.8996,22,0.8998,117,0.8999,118
1753592015198,04:53:35.198,mexc,AERO/USDT:USDT,0.8997,23,0.8996,22,0.8998,117,0.8999,118
1753592015427,04:53:35.427,mexc,AERO/USDT:USDT,0.8997,23,0.8996,25,0.8998,117,0.8999,118
1753592015697,04:53:35.697,mexc,AERO/USDT:USDT,0.8997,23,0.8996,25,0.8998,117,0.8999,118
1753592016010,04:53:36.010,mexc,AERO/USDT:USDT,0.8997,23,0.8996,22,0.8998,117,0.8999,118
1753592016197,04:53:36.197,mexc,AERO/USDT:USDT,0.8997,25,0.8996,99,0.8998,100,0.8999,140
1753592016427,04:53:36.427,mexc,AERO/USDT:USDT,0.8997,25,0.8996,99,0.8998,100,0.8999,140
1753592016600,04:53:36.600,mexc,AERO/USDT:USDT,0.8997,25,0.8996,99,0.8998,100,0.8999,109
1753592016832,04:53:36.832,mexc,AERO/USDT:USDT,0.8997,25,0.8996,99,0.8998,100,0.8999,109
1753592016927,04:53:36.927,mexc,AERO/USDT:USDT,0.8997,25,0.8996,130,0.8998,100,0.8999,109
1753592017198,04:53:37.198,mexc,AERO/USDT:USDT,0.8997,25,0.8996,130,0.8998,100,0.8999,138
1753592017561,04:53:37.561,mexc,AERO/USDT:USDT,0.8997,25,0.8996,127,0.8998,100,0.8999,138
1753592017698,04:53:37.698,mexc,AERO/USDT:USDT,0.8997,25,0.8996,127,0.8998,100,0.8999,109
1753592017929,04:53:37.929,mexc,AERO/USDT:USDT,0.8997,25,0.8996,99,0.8998,100,0.8999,109
1753592018199,04:53:38.199,mexc,AERO/USDT:USDT,0.8997,25,0.8996,99,0.8998,100,0.8999,141
1753592018429,04:53:38.429,mexc,AERO/USDT:USDT,0.8997,25,0.8996,99,0.8998,100,0.8999,141
1753592018727,04:53:38.727,mexc,AERO/USDT:USDT,0.8997,25,0.8996,99,0.8998,100,0.8999,161
1753592018928,04:53:38.928,mexc,AERO/USDT:USDT,0.8997,25,0.8996,116,0.8998,100,0.8999,161
1753592019200,04:53:39.200,mexc,AERO/USDT:USDT,0.8997,25,0.8996,116,0.8998,100,0.8999,142
1753592019429,04:53:39.429,mexc,AERO/USDT:USDT,0.8997,25,0.8996,99,0.8998,100,0.8999,142
1753592019699,04:53:39.699,mexc,AERO/USDT:USDT,0.8997,25,0.8996,99,0.8998,100,0.8999,109
1753592019928,04:53:39.928,mexc,AERO/USDT:USDT,0.8997,25,0.8996,129,0.8998,100,0.8999,109
1753592020200,04:53:40.200,mexc,AERO/USDT:USDT,0.8997,25,0.8996,129,0.8998,100,0.8999,153
1753592020430,04:53:40.430,mexc,AERO/USDT:USDT,0.8997,25,0.8996,99,0.8998,100,0.8999,153
1753592020698,04:53:40.698,mexc,AERO/USDT:USDT,0.8997,25,0.8996,99,0.8998,100,0.8999,133
1753592020930,04:53:40.930,mexc,AERO/USDT:USDT,0.8997,25,0.8996,114,0.8998,100,0.8999,133
1753592021201,04:53:41.201,mexc,AERO/USDT:USDT,0.8998,24,0.8997,226,0.8999,23,0.9,295
1753592021602,04:53:41.602,mexc,AERO/USDT:USDT,0.8998,24,0.8997,302,0.8999,23,0.9,295
1753592021701,04:53:41.701,mexc,AERO/USDT:USDT,0.8998,24,0.8997,302,0.8999,23,0.9,294
1753592021931,04:53:41.931,mexc,AERO/USDT:USDT,0.8998,24,0.8997,226,0.8999,23,0.9,294
1753592022202,04:53:42.202,mexc,AERO/USDT:USDT,0.8998,24,0.8997,226,0.8999,23,0.9,199
1753592022431,04:53:42.431,mexc,AERO/USDT:USDT,0.8998,24,0.8997,226,0.8999,23,0.9,199
1753592022701,04:53:42.701,mexc,AERO/USDT:USDT,0.8998,24,0.8997,226,0.8999,23,0.9,199
1753592022931,04:53:42.931,mexc,AERO/USDT:USDT,0.8998,24,0.8997,275,0.8999,23,0.9,199
1753592023201,04:53:43.201,mexc,AERO/USDT:USDT,0.8998,24,0.8997,275,0.8999,23,0.9,199
1753592023432,04:53:43.432,mexc,AERO/USDT:USDT,0.8998,24,0.8997,226,0.8999,23,0.9,199
1753592023702,04:53:43.702,mexc,AERO/USDT:USDT,0.8998,24,0.8997,226,0.8999,23,0.9,236
1753592023931,04:53:43.931,mexc,AERO/USDT:USDT,0.8998,24,0.8997,311,0.8999,23,0.9,236
1753592024205,04:53:44.205,mexc,AERO/USDT:USDT,0.8998,24,0.8997,311,0.8999,23,0.9,311
1753592024431,04:53:44.431,mexc,AERO/USDT:USDT,0.8998,24,0.8997,226,0.8999,23,0.9,311
1753592024729,04:53:44.729,mexc,AERO/USDT:USDT,0.8998,24,0.8997,226,0.8999,23,0.9,245
1753592024933,04:53:44.933,mexc,AERO/USDT:USDT,0.8998,24,0.8997,226,0.8999,23,0.9,245
1753592025204,04:53:45.204,mexc,AERO/USDT:USDT,0.8998,24,0.8997,226,0.8999,23,0.9,199
1753592025432,04:53:45.432,mexc,AERO/USDT:USDT,0.8998,24,0.8997,263,0.8999,23,0.9,199
1753592025704,04:53:45.704,mexc,AERO/USDT:USDT,0.8998,24,0.8997,263,0.8999,23,0.9,296
1753592025933,04:53:45.933,mexc,AERO/USDT:USDT,0.8998,24,0.8997,287,0.8999,23,0.9,296
1753592026206,04:53:46.206,mexc,AERO/USDT:USDT,0.8998,24,0.8997,287,0.8999,23,0.9,199
1753592026433,04:53:46.433,mexc,AERO/USDT:USDT,0.8998,24,0.8997,226,0.8999,23,0.9,199
1753592026706,04:53:46.706,mexc,AERO/USDT:USDT,0.8998,24,0.8997,226,0.8999,23,0.9,268
1753592026931,04:53:46.931,mexc,AERO/USDT:USDT,0.8998,24,0.8997,226,0.8999,23,0.9,268
1753592027212,04:53:47.212,mexc,AERO/USDT:USDT,0.8998,95,0.8997,351,0.8999,24,0.9,143
1753592027615,04:53:47.615,mexc,AERO/USDT:USDT,0.8998,95,0.8997,612,0.8999,24,0.9,143
1753592027705,04:53:47.705,mexc,AERO/USDT:USDT,0.8998,95,0.8997,612,0.8999,24,0.9,143
1753592027933,04:53:47.933,mexc,AERO/USDT:USDT,0.8998,95,0.8997,351,0.8999,24,0.9,143
1753592028206,04:53:48.206,mexc,AERO/USDT:USDT,0.8998,95,0.8997,351,0.8999,24,0.9,210
1753592028433,04:53:48.433,mexc,AERO/USDT:USDT,0.8998,95,0.8997,351,0.8999,24,0.9,210
1753592028705,04:53:48.705,mexc,AERO/USDT:USDT,0.8998,95,0.8997,351,0.8999,24,0.9,161
1753592028934,04:53:48.934,mexc,AERO/USDT:USDT,0.8998,95,0.8997,351,0.8999,24,0.9,161
1753592029205,04:53:49.205,mexc,AERO/USDT:USDT,0.8998,95,0.8997,351,0.8999,24,0.9,143
1753592029435,04:53:49.435,mexc,AERO/USDT:USDT,0.8998,95,0.8997,351,0.8999,24,0.9,143
1753592029705,04:53:49.705,mexc,AERO/USDT:USDT,0.8998,95,0.8997,351,0.8999,24,0.9,143
1753592029934,04:53:49.934,mexc,AERO/USDT:USDT,0.8998,95,0.8997,436,0.8999,24,0.9,143
1753592030206,04:53:50.206,mexc,AERO/USDT:USDT,0.8998,95,0.8997,436,0.8999,24,0.9,143
1753592030339,04:53:50.339,mexc,AERO/USDT:USDT,0.8998,95,0.8997,351,0.8999,24,0.9,143
1753592030609,04:53:50.609,mexc,AERO/USDT:USDT,0.8998,95,0.8997,433,0.8999,24,0.9,143
1753592030704,04:53:50.704,mexc,AERO/USDT:USDT,0.8998,95,0.8997,433,0.8999,24,0.9,143
1753592030936,04:53:50.936,mexc,AERO/USDT:USDT,0.8998,95,0.8997,351,0.8999,24,0.9,143
1753592031207,04:53:51.207,mexc,AERO/USDT:USDT,0.8998,95,0.8997,351,0.8999,24,0.9,143
1753592031437,04:53:51.437,mexc,AERO/USDT:USDT,0.8998,95,0.8997,351,0.8999,24,0.9,143
1753592031707,04:53:51.707,mexc,AERO/USDT:USDT,0.8998,95,0.8997,351,0.8999,24,0.9,143
1753592031936,04:53:51.936,mexc,AERO/USDT:USDT,0.8998,95,0.8997,433,0.8999,24,0.9,143
1753592032209,04:53:52.209,mexc,AERO/USDT:USDT,0.8998,95,0.8997,433,0.8999,24,0.9,143
1753592032439,04:53:52.439,mexc,AERO/USDT:USDT,0.8998,95,0.8997,351,0.8999,24,0.9,143
1753592032707,04:53:52.707,mexc,AERO/USDT:USDT,0.8998,95,0.8997,351,0.8999,24,0.9,143
1753592032938,04:53:52.938,mexc,AERO/USDT:USDT,0.8998,95,0.8997,351,0.8999,24,0.9,143
1753592033208,04:53:53.208,mexc,AERO/USDT:USDT,0.8999,155,0.8998,229,0.9,118,0.9001,27
1753592033618,04:53:53.618,mexc,AERO/USDT:USDT,0.8999,155,0.8998,229,0.9,118,0.9001,27
1753592033709,04:53:53.709,mexc,AERO/USDT:USDT,0.8999,155,0.8998,229,0.9,118,0.9001,36
1753592033938,04:53:53.938,mexc,AERO/USDT:USDT,0.8999,155,0.8998,229,0.9,118,0.9001,36
1753592034209,04:53:54.209,mexc,AERO/USDT:USDT,0.8999,155,0.8998,229,0.9,118,0.9001,39
1753592034442,04:53:54.442,mexc,AERO/USDT:USDT,0.8999,155,0.8998,364,0.9,118,0.9001,39
1753592034709,04:53:54.709,mexc,AERO/USDT:USDT,0.8999,155,0.8998,364,0.9,118,0.9001,33
1753592034940,04:53:54.940,mexc,AERO/USDT:USDT,0.8999,155,0.8998,402,0.9,118,0.9001,33
1753592035210,04:53:55.210,mexc,AERO/USDT:USDT,0.8999,155,0.8998,402,0.9,118,0.9001,29
1753592035440,04:53:55.440,mexc,AERO/USDT:USDT,0.8999,155,0.8998,269,0.9,118,0.9001,29
1753592035708,04:53:55.708,mexc,AERO/USDT:USDT,0.8999,155,0.8998,269,0.9,118,0.9001,32
1753592035939,04:53:55.939,mexc,AERO/USDT:USDT,0.8999,155,0.8998,229,0.9,118,0.9001,32
1753592036209,04:53:56.209,mexc,AERO/USDT:USDT,0.8999,155,0.8998,229,0.9,118,0.9001,36
1753592036343,04:53:56.343,mexc,AERO/USDT:USDT,0.8999,155,0.8998,229,0.9,118,0.9001,36
1753592036613,04:53:56.613,mexc,AERO/USDT:USDT,0.8999,155,0.8998,229,0.9,118,0.9001,27
1753592036710,04:53:56.710,mexc,AERO/USDT:USDT,0.8999,155,0.8998,229,0.9,118,0.9001,50
1753592036940,04:53:56.940,mexc,AERO/USDT:USDT,0.8999,155,0.8998,229,0.9,118,0.9001,50
1753592037209,04:53:57.209,mexc,AERO/USDT:USDT,0.8999,155,0.8998,229,0.9,118,0.9001,35
1753592037440,04:53:57.440,mexc,AERO/USDT:USDT,0.8999,155,0.8998,336,0.9,118,0.9001,35
1753592037709,04:53:57.709,mexc,AERO/USDT:USDT,0.8999,155,0.8998,336,0.9,118,0.9001,27
1753592037940,04:53:57.940,mexc,AERO/USDT:USDT,0.8999,155,0.8998,229,0.9,118,0.9001,27
1753592038212,04:53:58.212,mexc,AERO/USDT:USDT,0.8999,155,0.8998,229,0.9,118,0.9001,27
1753592038440,04:53:58.440,mexc,AERO/USDT:USDT,0.8999,155,0.8998,371,0.9,118,0.9001,27
1753592038711,04:53:58.711,mexc,AERO/USDT:USDT,0.8999,155,0.8998,371,0.9,118,0.9001,27
1753592038940,04:53:58.940,mexc,AERO/USDT:USDT,0.8999,155,0.8998,229,0.9,118,0.9001,27
1753592039212,04:53:59.212,mexc,AERO/USDT:USDT,0.9,138,0.8999,120,0.9001,23,0.9002,282
1753592039614,04:53:59.614,mexc,AERO/USDT:USDT,0.9,138,0.8999,120,0.9001,23,0.9002,247
1753592039713,04:53:59.713,mexc,AERO/USDT:USDT,0.9,138,0.8999,120,0.9001,23,0.9002,247
1753592039941,04:53:59.941,mexc,AERO/USDT:USDT,0.9,138,0.8999,120,0.9001,23,0.9002,247
1753592040212,04:54:00.212,mexc,AERO/USDT:USDT,0.9,138,0.8999,120,0.9001,23,0.9002,247
1753592040443,04:54:00.443,mexc,AERO/USDT:USDT,0.9,138,0.8999,120,0.9001,23,0.9002,247
1753592040714,04:54:00.714,mexc,AERO/USDT:USDT,0.9,138,0.8999,120,0.9001,23,0.9002,247
1753592040942,04:54:00.942,mexc,AERO/USDT:USDT,0.9,138,0.8999,120,0.9001,23,0.9002,247
1753592041283,04:54:01.283,mexc,AERO/USDT:USDT,0.9,138,0.8999,120,0.9001,23,0.9002,361
1753592041441,04:54:01.441,mexc,AERO/USDT:USDT,0.9,138,0.8999,175,0.9001,23,0.9002,361
1753592041686,04:54:01.686,mexc,AERO/USDT:USDT,0.9,138,0.8999,175,0.9001,23,0.9002,247
1753592041858,04:54:01.858,mexc,AERO/USDT:USDT,0.9,138,0.8999,120,0.9001,23,0.9002,247
1753592041942,04:54:01.942,mexc,AERO/USDT:USDT,0.9,138,0.8999,147,0.9001,23,0.9002,247
1753592042344,04:54:02.344,mexc,AERO/USDT:USDT,0.9,138,0.8999,120,0.9001,23,0.9002,312
1753592042442,04:54:02.442,mexc,AERO/USDT:USDT,0.9,138,0.8999,120,0.9001,23,0.9002,312
1753592042781,04:54:02.781,mexc,AERO/USDT:USDT,0.9,138,0.8999,120,0.9001,23,0.9002,247
1753592042942,04:54:02.942,mexc,AERO/USDT:USDT,0.9,138,0.8999,145,0.9001,23,0.9002,247
1753592043184,04:54:03.184,mexc,AERO/USDT:USDT,0.9,138,0.8999,145,0.9001,23,0.9002,247
1753592043344,04:54:03.344,mexc,AERO/USDT:USDT,0.9,138,0.8999,120,0.9001,23,0.9002,247
1753592043443,04:54:03.443,mexc,AERO/USDT:USDT,0.9,138,0.8999,120,0.9001,23,0.9002,247
1753592043847,04:54:03.847,mexc,AERO/USDT:USDT,0.9,138,0.8999,120,0.9001,23,0.9002,247
1753592043942,04:54:03.942,mexc,AERO/USDT:USDT,0.9,138,0.8999,137,0.9001,23,0.9002,247
1753592044283,04:54:04.283,mexc,AERO/USDT:USDT,0.9,138,0.8999,137,0.9001,23,0.9002,343
1753592044442,04:54:04.442,mexc,AERO/USDT:USDT,0.9,138,0.8999,163,0.9001,23,0.9002,343
1753592044687,04:54:04.687,mexc,AERO/USDT:USDT,0.9,138,0.8999,163,0.9001,23,0.9002,247
1753592044848,04:54:04.848,mexc,AERO/USDT:USDT,0.9,138,0.8999,120,0.9001,23,0.9002,247
1753592045092,04:54:05.092,mexc,AERO/USDT:USDT,0.9,138,0.8999,120,0.9001,50,0.9002,247
1753592045285,04:54:05.285,mexc,AERO/USDT:USDT,0.9,168,0.8999,108,0.9001,27,0.9002,193
1753592045445,04:54:05.445,mexc,AERO/USDT:USDT,0.9,168,0.8999,108,0.9001,27,0.9002,193
1753592045849,04:54:05.849,mexc,AERO/USDT:USDT,0.9,168,0.8999,108,0.9001,27,0.9002,295
1753592045944,04:54:05.944,mexc,AERO/USDT:USDT,0.9,168,0.8999,108,0.9001,27,0.9002,295
1753592046286,04:54:06.286,mexc,AERO/USDT:USDT,0.9,168,0.8999,108,0.9001,27,0.9002,193
1753592046446,04:54:06.446,mexc,AERO/USDT:USDT,0.9,168,0.8999,108,0.9001,27,0.9002,193
1753592046688,04:54:06.688,mexc,AERO/USDT:USDT,0.9,168,0.8999,108,0.9001,27,0.9002,193
1753592046848,04:54:06.848,mexc,AERO/USDT:USDT,0.9,168,0.8999,108,0.9001,27,0.9002,266
1753592046946,04:54:06.946,mexc,AERO/USDT:USDT,0.9,168,0.8999,108,0.9001,27,0.9002,266
1753592047349,04:54:07.349,mexc,AERO/USDT:USDT,0.9,168,0.8999,108,0.9001,27,0.9002,193
1753592047472,04:54:07.472,mexc,AERO/USDT:USDT,0.9,168,0.8999,155,0.9001,27,0.9002,193
1753592047688,04:54:07.688,mexc,AERO/USDT:USDT,0.9,168,0.8999,155,0.9001,27,0.9002,193
1753592047947,04:54:07.947,mexc,AERO/USDT:USDT,0.9,168,0.8999,108,0.9001,27,0.9002,193
1753592048190,04:54:08.190,mexc,AERO/USDT:USDT,0.9,168,0.8999,108,0.9001,27,0.9002,193
1753592048350,04:54:08.350,mexc,AERO/USDT:USDT,0.9,168,0.8999,108,0.9001,27,0.9002,231
1753592048447,04:54:08.447,mexc,AERO/USDT:USDT,0.9,168,0.8999,147,0.9001,27,0.9002,231
1753592048857,04:54:08.857,mexc,AERO/USDT:USDT,0.9,168,0.8999,108,0.9001,27,0.9002,277
1753592048949,04:54:08.949,mexc,AERO/USDT:USDT,0.9,168,0.8999,144,0.9001,27,0.9002,277
1753592049286,04:54:09.286,mexc,AERO/USDT:USDT,0.9,168,0.8999,144,0.9001,27,0.9002,193
1753592049449,04:54:09.449,mexc,AERO/USDT:USDT,0.9,168,0.8999,108,0.9001,27,0.9002,193
1753592049689,04:54:09.689,mexc,AERO/USDT:USDT,0.9,168,0.8999,108,0.9001,27,0.9002,193
1753592049851,04:54:09.851,mexc,AERO/USDT:USDT,0.9,168,0.8999,108,0.9001,27,0.9002,193
1753592049949,04:54:09.949,mexc,AERO/USDT:USDT,0.9,168,0.8999,124,0.9001,27,0.9002,193
1753592050352,04:54:10.352,mexc,AERO/USDT:USDT,0.9,168,0.8999,108,0.9001,27,0.9002,193
1753592050450,04:54:10.450,mexc,AERO/USDT:USDT,0.9,168,0.8999,108,0.9001,27,0.9002,193
1753592050787,04:54:10.787,mexc,AERO/USDT:USDT,0.9002,250,0.9001,145,0.901,315,0.9011,607
1753592050950,04:54:10.950,mexc,AERO/USDT:USDT,0.9002,250,0.9001,145,0.901,315,0.9011,607
1753592051190,04:54:11.190,mexc,AERO/USDT:USDT,0.9002,250,0.9001,145,0.901,315,0.9011,593
1753592051354,04:54:11.354,mexc,AERO/USDT:USDT,0.9002,250,0.9001,145,0.901,315,0.9011,654
1753592051451,04:54:11.451,mexc,AERO/USDT:USDT,0.9002,250,0.9001,193,0.901,315,0.9011,654
1753592051853,04:54:11.853,mexc,AERO/USDT:USDT,0.9002,250,0.9001,193,0.901,315,0.9011,593
1753592051953,04:54:11.953,mexc,AERO/USDT:USDT,0.9002,250,0.9001,145,0.901,315,0.9011,593
1753592052287,04:54:12.287,mexc,AERO/USDT:USDT,0.9002,250,0.9001,145,0.901,315,0.9011,593
1753592052451,04:54:12.451,mexc,AERO/USDT:USDT,0.9002,250,0.9001,145,0.901,315,0.9011,593
1753592052692,04:54:12.692,mexc,AERO/USDT:USDT,0.9002,250,0.9001,145,0.901,315,0.9011,593
1753592052855,04:54:12.855,mexc,AERO/USDT:USDT,0.9002,250,0.9001,145,0.901,315,0.9011,593
1753592052953,04:54:12.953,mexc,AERO/USDT:USDT,0.9002,250,0.9001,145,0.901,315,0.9011,593
1753592053361,04:54:13.361,mexc,AERO/USDT:USDT,0.9002,250,0.9001,145,0.901,315,0.9011,593
1753592053453,04:54:13.453,mexc,AERO/USDT:USDT,0.9002,250,0.9001,201,0.901,315,0.9011,593
1753592053692,04:54:13.692,mexc,AERO/USDT:USDT,0.9002,250,0.9001,201,0.901,315,0.9011,593
1753592053954,04:54:13.954,mexc,AERO/USDT:USDT,0.9002,250,0.9001,145,0.901,315,0.9011,606
1753592054192,04:54:14.192,mexc,AERO/USDT:USDT,0.9002,250,0.9001,145,0.901,315,0.9011,606
1753592054357,04:54:14.357,mexc,AERO/USDT:USDT,0.9002,250,0.9001,145,0.901,315,0.9011,593
1753592054453,04:54:14.453,mexc,AERO/USDT:USDT,0.9002,250,0.9001,206,0.901,315,0.9011,593
1753592054857,04:54:14.857,mexc,AERO/USDT:USDT,0.9002,250,0.9001,145,0.901,315,0.9011,593
1753592054955,04:54:14.955,mexc,AERO/USDT:USDT,0.9002,250,0.9001,168,0.901,315,0.9011,593
1753592055290,04:54:15.290,mexc,AERO/USDT:USDT,0.9002,250,0.9001,168,0.901,315,0.9011,593
1753592055456,04:54:15.456,mexc,AERO/USDT:USDT,0.9002,250,0.9001,178,0.901,315,0.9011,593
1753592055693,04:54:15.693,mexc,AERO/USDT:USDT,0.9002,250,0.9001,178,0.901,315,0.9011,593
1753592055859,04:54:15.859,mexc,AERO/USDT:USDT,0.9002,250,0.9001,145,0.901,315,0.9011,636
1753592056096,04:54:16.096,mexc,AERO/USDT:USDT,0.9002,250,0.9001,145,0.9004,96,0.901,315
1753592056291,04:54:16.291,mexc,AERO/USDT:USDT,0.9002,24,0.9001,175,0.9004,96,0.9005,134
1753592056455,04:54:16.455,mexc,AERO/USDT:USDT,0.9002,24,0.9001,175,0.9004,96,0.9005,134
1753592056859,04:54:16.859,mexc,AERO/USDT:USDT,0.9002,24,0.9001,175,0.9004,96,0.9005,134
1753592056954,04:54:16.954,mexc,AERO/USDT:USDT,0.9002,24,0.9001,255,0.9004,96,0.9005,134
1753592057293,04:54:17.293,mexc,AERO/USDT:USDT,0.9002,24,0.9001,255,0.9004,96,0.9005,157
1753592057456,04:54:17.456,mexc,AERO/USDT:USDT,0.9002,24,0.9001,175,0.9004,96,0.9005,171
1753592057695,04:54:17.695,mexc,AERO/USDT:USDT,0.9002,24,0.9001,175,0.9004,96,0.9005,148
1753592057858,04:54:17.858,mexc,AERO/USDT:USDT,0.9002,24,0.9001,175,0.9004,96,0.9005,163
1753592057956,04:54:17.956,mexc,AERO/USDT:USDT,0.9002,24,0.9001,175,0.9004,96,0.9005,163
1753592058357,04:54:18.357,mexc,AERO/USDT:USDT,0.9002,24,0.9001,175,0.9004,96,0.9005,134
1753592058457,04:54:18.457,mexc,AERO/USDT:USDT,0.9002,24,0.9001,265,0.9004,96,0.9005,134
1753592058792,04:54:18.792,mexc,AERO/USDT:USDT,0.9002,24,0.9001,265,0.9004,96,0.9005,182
1753592058955,04:54:18.955,mexc,AERO/USDT:USDT,0.9002,24,0.9001,175,0.9004,96,0.9005,212
1753592059198,04:54:19.198,mexc,AERO/USDT:USDT,0.9002,24,0.9001,175,0.9004,96,0.9005,164
1753592059359,04:54:19.359,mexc,AERO/USDT:USDT,0.9002,24,0.9001,175,0.9004,96,0.9005,134
1753592059586,04:54:19.586,mexc,AERO/USDT:USDT,0.9002,24,0.9001,175,0.9004,96,0.9005,134
1753592059861,04:54:19.861,mexc,AERO/USDT:USDT,0.9002,24,0.9001,175,0.9004,96,0.9005,134
1753592059958,04:54:19.958,mexc,AERO/USDT:USDT,0.9002,24,0.9001,283,0.9004,96,0.9005,134
1753592060292,04:54:20.292,mexc,AERO/USDT:USDT,0.9002,24,0.9001,283,0.9004,96,0.9005,134
1753592060457,04:54:20.457,mexc,AERO/USDT:USDT,0.9002,24,0.9001,246,0.9004,96,0.9005,134
1753592060696,04:54:20.696,mexc,AERO/USDT:USDT,0.9002,24,0.9001,246,0.9004,96,0.9005,134
1753592060860,04:54:20.860,mexc,AERO/USDT:USDT,0.9002,24,0.9001,175,0.9004,96,0.9005,134
1753592060956,04:54:20.956,mexc,AERO/USDT:USDT,0.9002,24,0.9001,234,0.9004,96,0.9005,134
1753592061361,04:54:21.361,mexc,AERO/USDT:USDT,0.9002,24,0.9001,234,0.9004,96,0.9005,134
1753592061457,04:54:21.457,mexc,AERO/USDT:USDT,0.9002,24,0.9001,212,0.9004,96,0.9005,134
1753592061793,04:54:21.793,mexc,AERO/USDT:USDT,0.9002,24,0.9001,212,0.9004,96,0.9005,170
1753592061959,04:54:21.959,mexc,AERO/USDT:USDT,0.9002,24,0.9001,175,0.9004,96,0.9005,170
1753592062294,04:54:22.294,mexc,AERO/USDT:USDT,0.9003,24,0.9002,283,0.9004,25,0.9005,107
1753592062460,04:54:22.460,mexc,AERO/USDT:USDT,0.9003,24,0.9002,283,0.9004,25,0.9005,107
1753592062698,04:54:22.698,mexc,AERO/USDT:USDT,0.9003,24,0.9002,283,0.9004,25,0.9005,107
1753592062881,04:54:22.881,mexc,AERO/USDT:USDT,0.9003,24,0.9002,283,0.9004,25,0.9005,107
1753592062958,04:54:22.958,mexc,AERO/USDT:USDT,0.9003,24,0.9002,403,0.9004,25,0.9005,107
1753592063362,04:54:23.362,mexc,AERO/USDT:USDT,0.9003,24,0.9002,283,0.9004,25,0.9005,125
1753592063461,04:54:23.461,mexc,AERO/USDT:USDT,0.9003,24,0.9002,342,0.9004,25,0.9005,125
1753592063793,04:54:23.793,mexc,AERO/USDT:USDT,0.9003,24,0.9002,342,0.9004,25,0.9005,107
1753592063958,04:54:23.958,mexc,AERO/USDT:USDT,0.9003,24,0.9002,283,0.9004,25,0.9005,107
1753592064199,04:54:24.199,mexc,AERO/USDT:USDT,0.9003,24,0.9002,283,0.9004,25,0.9005,107
1753592064363,04:54:24.363,mexc,AERO/USDT:USDT,0.9003,24,0.9002,283,0.9004,25,0.9005,107
1753592064460,04:54:24.460,mexc,AERO/USDT:USDT,0.9003,24,0.9002,458,0.9004,25,0.9005,107
1753592064862,04:54:24.862,mexc,AERO/USDT:USDT,0.9003,24,0.9002,420,0.9004,25,0.9005,107
1753592064958,04:54:24.958,mexc,AERO/USDT:USDT,0.9003,24,0.9002,417,0.9004,25,0.9005,107
1753592065295,04:54:25.295,mexc,AERO/USDT:USDT,0.9003,24,0.9002,417,0.9004,25,0.9005,107
1753592065461,04:54:25.461,mexc,AERO/USDT:USDT,0.9003,24,0.9002,283,0.9004,25,0.9005,107
1753592065700,04:54:25.700,mexc,AERO/USDT:USDT,0.9003,24,0.9002,283,0.9004,25,0.9005,107
1753592065863,04:54:25.863,mexc,AERO/USDT:USDT,0.9003,24,0.9002,283,0.9004,25,0.9005,107
1753592065961,04:54:25.961,mexc,AERO/USDT:USDT,0.9003,24,0.9002,283,0.9004,25,0.9005,107
1753592066379,04:54:26.379,mexc,AERO/USDT:USDT,0.9003,24,0.9002,283,0.9004,25,0.9005,138
1753592066479,04:54:26.479,mexc,AERO/USDT:USDT,0.9003,24,0.9002,283,0.9004,25,0.9005,138
1753592066796,04:54:26.796,mexc,AERO/USDT:USDT,0.9003,24,0.9002,283,0.9004,25,0.9005,107
1753592066982,04:54:26.982,mexc,AERO/USDT:USDT,0.9003,24,0.9002,420,0.9004,25,0.9005,107
1753592067202,04:54:27.202,mexc,AERO/USDT:USDT,0.9003,24,0.9002,420,0.9004,25,0.9005,107
1753592067385,04:54:27.385,mexc,AERO/USDT:USDT,0.9003,24,0.9002,283,0.9004,25,0.9005,159
1753592067483,04:54:27.483,mexc,AERO/USDT:USDT,0.9003,24,0.9002,283,0.9004,25,0.9005,159
1753592067884,04:54:27.884,mexc,AERO/USDT:USDT,0.9003,24,0.9002,283,0.9004,25,0.9005,170
1753592067986,04:54:27.986,mexc,AERO/USDT:USDT,0.9003,24,0.9002,375,0.9004,25,0.9005,170
1753592068301,04:54:28.301,mexc,AERO/USDT:USDT,0.9004,118,0.9003,78,0.9005,23,0.9006,27
1753592068485,04:54:28.485,mexc,AERO/USDT:USDT,0.9004,118,0.9003,107,0.9005,23,0.9006,27
1753592068702,04:54:28.702,mexc,AERO/USDT:USDT,0.9004,118,0.9003,107,0.9005,23,0.9006,27
1753592068885,04:54:28.885,mexc,AERO/USDT:USDT,0.9004,118,0.9003,78,0.9005,23,0.9006,38
1753592068988,04:54:28.988,mexc,AERO/USDT:USDT,0.9004,118,0.9003,110,0.9005,23,0.9006,38
1753592069388,04:54:29.388,mexc,AERO/USDT:USDT,0.9004,118,0.9003,78,0.9005,23,0.9006,27
1753592069485,04:54:29.485,mexc,AERO/USDT:USDT,0.9004,118,0.9003,78,0.9005,23,0.9006,27
1753592069886,04:54:29.886,mexc,AERO/USDT:USDT,0.9004,118,0.9003,78,0.9005,23,0.9006,37
1753592069983,04:54:29.983,mexc,AERO/USDT:USDT,0.9004,118,0.9003,78,0.9005,23,0.9006,37
1753592070300,04:54:30.300,mexc,AERO/USDT:USDT,0.9004,118,0.9003,78,0.9005,23,0.9006,27
1753592070484,04:54:30.484,mexc,AERO/USDT:USDT,0.9004,118,0.9003,78,0.9005,23,0.9006,27
1753592070702,04:54:30.702,mexc,AERO/USDT:USDT,0.9004,118,0.9003,78,0.9005,23,0.9006,27
1753592070888,04:54:30.888,mexc,AERO/USDT:USDT,0.9004,118,0.9003,78,0.9005,23,0.9006,27
1753592070984,04:54:30.984,mexc,AERO/USDT:USDT,0.9004,118,0.9003,92,0.9005,23,0.9006,27
1753592071389,04:54:31.389,mexc,AERO/USDT:USDT,0.9004,118,0.9003,78,0.9005,23,0.9006,27
1753592071588,04:54:31.588,mexc,AERO/USDT:USDT,0.9004,118,0.9003,106,0.9005,23,0.9006,27
1753592071710,04:54:31.710,mexc,AERO/USDT:USDT,0.9004,118,0.9003,106,0.9005,23,0.9006,27
1753592071985,04:54:31.985,mexc,AERO/USDT:USDT,0.9004,118,0.9003,78,0.9005,23,0.9006,27
1753592072205,04:54:32.205,mexc,AERO/USDT:USDT,0.9004,118,0.9003,78,0.9005,23,0.9006,27
1753592072388,04:54:32.388,mexc,AERO/USDT:USDT,0.9004,118,0.9003,78,0.9005,23,0.9006,32
1753592072484,04:54:32.484,mexc,AERO/USDT:USDT,0.9004,118,0.9003,78,0.9005,23,0.9006,32
1753592072889,04:54:32.889,mexc,AERO/USDT:USDT,0.9004,118,0.9003,78,0.9005,23,0.9006,31
1753592072991,04:54:32.991,mexc,AERO/USDT:USDT,0.9004,118,0.9003,111,0.9005,23,0.9006,31
1753592073302,04:54:33.302,mexc,AERO/USDT:USDT,0.9004,118,0.9003,111,0.9005,23,0.9006,27
1753592073487,04:54:33.487,mexc,AERO/USDT:USDT,0.9004,118,0.9003,78,0.9005,23,0.9006,39
1753592073705,04:54:33.705,mexc,AERO/USDT:USDT,0.9004,118,0.9003,78,0.9005,23,0.9006,39
1753592073893,04:54:33.893,mexc,AERO/USDT:USDT,0.9004,118,0.9003,78,0.9005,23,0.9006,27
1753592074107,04:54:34.107,mexc,AERO/USDT:USDT,0.9004,118,0.9002,289,0.9005,23,0.9006,27
1753592074302,04:54:34.302,mexc,AERO/USDT:USDT,0.9002,55,0.9001,162,0.9005,106,0.9006,87
1753592074487,04:54:34.487,mexc,AERO/USDT:USDT,0.9002,55,0.9001,162,0.9005,106,0.9006,87
1753592074889,04:54:34.889,mexc,AERO/USDT:USDT,0.9002,55,0.9001,162,0.9005,106,0.9006,85
1753592074987,04:54:34.987,mexc,AERO/USDT:USDT,0.9002,55,0.9001,162,0.9005,106,0.9006,85
1753592075302,04:54:35.302,mexc,AERO/USDT:USDT,0.9002,55,0.9001,162,0.9005,106,0.9006,69
1753592075489,04:54:35.489,mexc,AERO/USDT:USDT,0.9002,55,0.9001,162,0.9005,106,0.9006,69
1753592075706,04:54:35.706,mexc,AERO/USDT:USDT,0.9002,55,0.9001,162,0.9005,106,0.9006,59
1753592075891,04:54:35.891,mexc,AERO/USDT:USDT,0.9002,55,0.9001,162,0.9005,106,0.9006,59
1753592075987,04:54:35.987,mexc,AERO/USDT:USDT,0.9002,55,0.9001,213,0.9005,106,0.9006,59
1753592076390,04:54:36.390,mexc,AERO/USDT:USDT,0.9002,55,0.9001,162,0.9005,106,0.9006,59
1753592076488,04:54:36.488,mexc,AERO/USDT:USDT,0.9002,55,0.9001,162,0.9005,106,0.9006,59
1753592076806,04:54:36.806,mexc,AERO/USDT:USDT,0.9002,55,0.9001,162,0.9005,106,0.9006,59
1753592076988,04:54:36.988,mexc,AERO/USDT:USDT,0.9002,55,0.9001,162,0.9005,106,0.9006,59
1753592077208,04:54:37.208,mexc,AERO/USDT:USDT,0.9002,55,0.9001,162,0.9005,106,0.9006,59
1753592077392,04:54:37.392,mexc,AERO/USDT:USDT,0.9002,55,0.9001,162,0.9005,106,0.9006,78
1753592077598,04:54:37.598,mexc,AERO/USDT:USDT,0.9002,55,0.9001,162,0.9005,106,0.9006,78
1753592077892,04:54:37.892,mexc,AERO/USDT:USDT,0.9002,55,0.9001,162,0.9005,106,0.9006,79
1753592077989,04:54:37.989,mexc,AERO/USDT:USDT,0.9002,55,0.9001,193,0.9005,106,0.9006,79
1753592078305,04:54:38.305,mexc,AERO/USDT:USDT,0.9002,55,0.9001,193,0.9005,106,0.9006,59
1753592078491,04:54:38.491,mexc,AERO/USDT:USDT,0.9002,55,0.9001,194,0.9005,106,0.9006,59
1753592078707,04:54:38.707,mexc,AERO/USDT:USDT,0.9002,55,0.9001,194,0.9005,106,0.9006,59
1753592078892,04:54:38.892,mexc,AERO/USDT:USDT,0.9002,55,0.9001,162,0.9005,106,0.9006,59
1753592078992,04:54:38.992,mexc,AERO/USDT:USDT,0.9002,55,0.9001,191,0.9005,106,0.9006,59
1753592079394,04:54:39.394,mexc,AERO/USDT:USDT,0.9002,55,0.9001,162,0.9005,106,0.9006,87
1753592079489,04:54:39.489,mexc,AERO/USDT:USDT,0.9002,55,0.9001,241,0.9005,106,0.9006,87
1753592079806,04:54:39.806,mexc,AERO/USDT:USDT,0.9002,55,0.9001,241,0.9005,106,0.9006,85
1753592079993,04:54:39.993,mexc,AERO/USDT:USDT,0.9002,55,0.9001,162,0.9005,106,0.9006,85
1753592080119,04:54:40.119,mexc,AERO/USDT:USDT,0.9001,24,0.9,24,0.9002,181,0.9003,137
1753592080491,04:54:40.491,mexc,AERO/USDT:USDT,0.9001,24,0.9,42,0.9002,181,0.9003,137
1753592080712,04:54:40.712,mexc,AERO/USDT:USDT,0.9001,24,0.9,42,0.9002,181,0.9003,137
1753592080897,04:54:40.897,mexc,AERO/USDT:USDT,0.9001,24,0.9,24,0.9002,181,0.9003,167
1753592080990,04:54:40.990,mexc,AERO/USDT:USDT,0.9001,24,0.9,26,0.9002,181,0.9003,167
1753592081392,04:54:41.392,mexc,AERO/USDT:USDT,0.9001,24,0.9,26,0.9002,181,0.9003,137
1753592081493,04:54:41.493,mexc,AERO/USDT:USDT,0.9001,24,0.9,34,0.9002,181,0.9003,137
1753592081806,04:54:41.806,mexc,AERO/USDT:USDT,0.9001,24,0.9,34,0.9002,181,0.9003,183
1753592081990,04:54:41.990,mexc,AERO/USDT:USDT,0.9001,24,0.9,34,0.9002,181,0.9003,234
1753592082209,04:54:42.209,mexc,AERO/USDT:USDT,0.9001,24,0.9,34,0.9002,181,0.9003,188
1753592082393,04:54:42.393,mexc,AERO/USDT:USDT,0.9001,24,0.9,24,0.9002,181,0.9003,137
1753592082658,04:54:42.658,mexc,AERO/USDT:USDT,0.9001,24,0.9,24,0.9002,181,0.9003,137
1753592082806,04:54:42.806,mexc,AERO/USDT:USDT,0.9001,24,0.9,24,0.9002,181,0.9003,137
1753592082993,04:54:42.993,mexc,AERO/USDT:USDT,0.9001,24,0.9,24,0.9002,181,0.9003,137
1753592083309,04:54:43.309,mexc,AERO/USDT:USDT,0.9001,24,0.9,24,0.9002,181,0.9003,137
1753592083492,04:54:43.492,mexc,AERO/USDT:USDT,0.9001,24,0.9,43,0.9002,181,0.9003,137
1753592083712,04:54:43.712,mexc,AERO/USDT:USDT,0.9001,24,0.9,43,0.9002,181,0.9003,137
1753592083893,04:54:43.893,mexc,AERO/USDT:USDT,0.9001,24,0.9,24,0.9002,181,0.9003,164
1753592083992,04:54:43.992,mexc,AERO/USDT:USDT,0.9001,24,0.9,24,0.9002,181,0.9003,164
1753592084399,04:54:44.399,mexc,AERO/USDT:USDT,0.9001,24,0.9,24,0.9002,181,0.9003,203
1753592084493,04:54:44.493,mexc,AERO/USDT:USDT,0.9001,24,0.9,24,0.9002,181,0.9003,203
1753592084809,04:54:44.809,mexc,AERO/USDT:USDT,0.9001,24,0.9,24,0.9002,181,0.9003,137
1753592084992,04:54:44.992,mexc,AERO/USDT:USDT,0.9001,24,0.9,24,0.9002,181,0.9003,137
1753592085213,04:54:45.213,mexc,AERO/USDT:USDT,0.9001,24,0.9,24,0.9002,181,0.9003,137
1753592085396,04:54:45.396,mexc,AERO/USDT:USDT,0.9001,24,0.9,24,0.9002,181,0.9003,187
1753592085493,04:54:45.493,mexc,AERO/USDT:USDT,0.9001,24,0.9,28,0.9002,181,0.9003,187
1753592085895,04:54:45.895,mexc,AERO/USDT:USDT,0.9001,24,0.9,24,0.9002,181,0.9003,137
1753592085994,04:54:45.994,mexc,AERO/USDT:USDT,0.9001,24,0.9,24,0.9002,181,0.9003,137
1753592086118,04:54:46.118,mexc,AERO/USDT:USDT,0.8999,23,0.8998,77,0.9,93,0.9001,116
1753592086495,04:54:46.495,mexc,AERO/USDT:USDT,0.8999,23,0.8998,95,0.9,93,0.9001,116
1753592086811,04:54:46.811,mexc,AERO/USDT:USDT,0.8999,23,0.8998,95,0.9,93,0.9001,116
1753592086995,04:54:46.995,mexc,AERO/USDT:USDT,0.8999,23,0.8998,87,0.9,93,0.9001,116
1753592087216,04:54:47.216,mexc,AERO/USDT:USDT,0.8999,23,0.8998,87,0.9,93,0.9001,116
1753592087395,04:54:47.395,mexc,AERO/USDT:USDT,0.8999,23,0.8998,77,0.9,93,0.9001,132
1753592087496,04:54:47.496,mexc,AERO/USDT:USDT,0.8999,23,0.8998,108,0.9,93,0.9001,132
1753592087896,04:54:47.896,mexc,AERO/USDT:USDT,0.8999,23,0.8998,108,0.9,93,0.9001,141
1753592087992,04:54:47.992,mexc,AERO/USDT:USDT,0.8999,23,0.8998,77,0.9,93,0.9001,141
1753592088311,04:54:48.311,mexc,AERO/USDT:USDT,0.8999,23,0.8998,77,0.9,93,0.9001,116
1753592088499,04:54:48.499,mexc,AERO/USDT:USDT,0.8999,23,0.8998,102,0.9,93,0.9001,116
1753592088714,04:54:48.714,mexc,AERO/USDT:USDT,0.8999,23,0.8998,102,0.9,93,0.9001,116
1753592088910,04:54:48.910,mexc,AERO/USDT:USDT,0.8999,23,0.8998,77,0.9,93,0.9001,116
1753592088995,04:54:48.995,mexc,AERO/USDT:USDT,0.8999,23,0.8998,77,0.9,93,0.9001,116
1753592089314,04:54:49.314,mexc,AERO/USDT:USDT,0.8999,23,0.8998,77,0.9,93,0.9001,116
1753592089497,04:54:49.497,mexc,AERO/USDT:USDT,0.8999,23,0.8998,114,0.9,93,0.9001,116
1753592089810,04:54:49.810,mexc,AERO/USDT:USDT,0.8999,23,0.8998,114,0.9,93,0.9001,169
1753592089897,04:54:49.897,mexc,AERO/USDT:USDT,0.8999,23,0.8998,77,0.9,93,0.9001,169
1753592090216,04:54:50.216,mexc,AERO/USDT:USDT,0.8999,23,0.8998,77,0.9,93,0.9001,116
1753592090313,04:54:50.313,mexc,AERO/USDT:USDT,0.8999,23,0.8998,77,0.9,93,0.9001,116
1753592090497,04:54:50.497,mexc,AERO/USDT:USDT,0.8999,23,0.8998,77,0.9,93,0.9001,116
1753592090899,04:54:50.899,mexc,AERO/USDT:USDT,0.8999,23,0.8998,77,0.9,93,0.9001,208
1753592090999,04:54:50.999,mexc,AERO/USDT:USDT,0.8999,23,0.8998,77,0.9,93,0.9001,208
1753592091312,04:54:51.312,mexc,AERO/USDT:USDT,0.8999,23,0.8998,77,0.9,93,0.9001,116
1753592091496,04:54:51.496,mexc,AERO/USDT:USDT,0.8999,23,0.8998,77,0.9,93,0.9001,140
1753592091716,04:54:51.716,mexc,AERO/USDT:USDT,0.8999,23,0.8998,77,0.9,93,0.9001,140
1753592091898,04:54:51.898,mexc,AERO/USDT:USDT,0.8999,23,0.8998,77,0.9,93,0.9001,116
1753592092118,04:54:52.118,mexc,AERO/USDT:USDT,0.8999,219,0.8998,507,0.9002,134,0.9003,262
1753592092311,04:54:52.311,mexc,AERO/USDT:USDT,0.8999,196,0.8998,421,0.9002,134,0.9003,324
1753592092499,04:54:52.499,mexc,AERO/USDT:USDT,0.8999,196,0.8998,499,0.9002,134,0.9003,324
1753592092898,04:54:52.898,mexc,AERO/USDT:USDT,0.8999,196,0.8998,421,0.9002,134,0.9003,386
1753592092999,04:54:52.999,mexc,AERO/USDT:USDT,0.8999,196,0.8998,421,0.9002,134,0.9003,386
1753592093313,04:54:53.313,mexc,AERO/USDT:USDT,0.8999,196,0.8998,421,0.9002,134,0.9003,262
1753592093496,04:54:53.496,mexc,AERO/USDT:USDT,0.8999,196,0.8998,421,0.9002,134,0.9003,262
1753592093717,04:54:53.717,mexc,AERO/USDT:USDT,0.8999,196,0.8998,421,0.9002,134,0.9003,262
1753592093899,04:54:53.899,mexc,AERO/USDT:USDT,0.8999,196,0.8998,421,0.9002,134,0.9003,262
1753592093995,04:54:53.995,mexc,AERO/USDT:USDT,0.8999,196,0.8998,597,0.9002,134,0.9003,262
1753592094401,04:54:54.401,mexc,AERO/USDT:USDT,0.8999,196,0.8998,515,0.9002,134,0.9003,262
1753592094499,04:54:54.499,mexc,AERO/USDT:USDT,0.8999,196,0.8998,421,0.9002,134,0.9003,262
1753592094814,04:54:54.814,mexc,AERO/USDT:USDT,0.8999,196,0.8998,421,0.9002,134,0.9003,309
1753592094995,04:54:54.995,mexc,AERO/USDT:USDT,0.8999,196,0.8998,421,0.9002,134,0.9003,378
1753592095217,04:54:55.217,mexc,AERO/USDT:USDT,0.8999,196,0.8998,421,0.9002,134,0.9003,331
1753592095400,04:54:55.400,mexc,AERO/USDT:USDT,0.8999,196,0.8998,421,0.9002,134,0.9003,262
1753592095500,04:54:55.500,mexc,AERO/USDT:USDT,0.8999,196,0.8998,421,0.9002,134,0.9003,262
1753592095900,04:54:55.900,mexc,AERO/USDT:USDT,0.8999,196,0.8998,421,0.9002,134,0.9003,333
1753592095998,04:54:55.998,mexc,AERO/USDT:USDT,0.8999,196,0.8998,421,0.9002,134,0.9003,333
1753592096401,04:54:56.401,mexc,AERO/USDT:USDT,0.8999,196,0.8998,421,0.9002,134,0.9003,262
1753592096499,04:54:56.499,mexc,AERO/USDT:USDT,0.8999,196,0.8998,506,0.9002,134,0.9003,262
1753592096813,04:54:56.813,mexc,AERO/USDT:USDT,0.8999,196,0.8998,506,0.9002,134,0.9003,262
1753592096997,04:54:56.997,mexc,AERO/USDT:USDT,0.8999,196,0.8998,421,0.9002,134,0.9003,262
1753592097217,04:54:57.217,mexc,AERO/USDT:USDT,0.8999,196,0.8998,421,0.9002,134,0.9003,262
1753592097403,04:54:57.403,mexc,AERO/USDT:USDT,0.8999,196,0.8998,421,0.9002,134,0.9003,262
1753592097498,04:54:57.498,mexc,AERO/USDT:USDT,0.8999,196,0.8998,592,0.9002,134,0.9003,262
1753592097901,04:54:57.901,mexc,AERO/USDT:USDT,0.8999,196,0.8998,536,0.9002,134,0.9003,370
1753592098001,04:54:58.001,mexc,AERO/USDT:USDT,0.8999,196,0.8998,602,0.9002,134,0.9003,370
1753592098122,04:54:58.122,mexc,AERO/USDT:USDT,0.9001,35,0.9,106,0.9003,127,0.9004,190
1753592098501,04:54:58.501,mexc,AERO/USDT:USDT,0.9001,35,0.9,106,0.9003,127,0.9004,190
1753592098718,04:54:58.718,mexc,AERO/USDT:USDT,0.9001,35,0.9,106,0.9003,127,0.9004,190
1753592098903,04:54:58.903,mexc,AERO/USDT:USDT,0.9001,35,0.9,106,0.9003,127,0.9004,250
1753592099000,04:54:59.000,mexc,AERO/USDT:USDT,0.9001,35,0.9,106,0.9003,127,0.9004,250
1753592099401,04:54:59.401,mexc,AERO/USDT:USDT,0.9001,35,0.9,106,0.9003,127,0.9004,190
1753592099501,04:54:59.501,mexc,AERO/USDT:USDT,0.9001,35,0.9,106,0.9003,127,0.9004,190
1753592099902,04:54:59.902,mexc,AERO/USDT:USDT,0.9001,35,0.9,106,0.9003,127,0.9004,190
1753592099999,04:54:59.999,mexc,AERO/USDT:USDT,0.9001,35,0.9,173,0.9003,127,0.9004,190
1753592100316,04:55:00.316,mexc,AERO/USDT:USDT,0.9001,35,0.9,173,0.9003,127,0.9004,263
1753592100501,04:55:00.501,mexc,AERO/USDT:USDT,0.9001,35,0.9,130,0.9003,127,0.9004,263
1753592100718,04:55:00.718,mexc,AERO/USDT:USDT,0.9001,35,0.9,130,0.9003,127,0.9004,190
1753592100903,04:55:00.903,mexc,AERO/USDT:USDT,0.9001,35,0.9,106,0.9003,127,0.9004,246
1753592101001,04:55:01.001,mexc,AERO/USDT:USDT,0.9001,35,0.9,106,0.9003,127,0.9004,246
1753592101319,04:55:01.319,mexc,AERO/USDT:USDT,0.9001,35,0.9,106,0.9003,127,0.9004,280
1753592101501,04:55:01.501,mexc,AERO/USDT:USDT,0.9001,35,0.9,106,0.9003,127,0.9004,307
1753592101817,04:55:01.817,mexc,AERO/USDT:USDT,0.9001,35,0.9,106,0.9003,127,0.9004,274
1753592102001,04:55:02.001,mexc,AERO/USDT:USDT,0.9001,35,0.9,106,0.9003,127,0.9004,274
1753592102229,04:55:02.229,mexc,AERO/USDT:USDT,0.9001,35,0.9,106,0.9003,127,0.9004,190
1753592102405,04:55:02.405,mexc,AERO/USDT:USDT,0.9001,35,0.9,106,0.9003,127,0.9004,190
1753592102502,04:55:02.502,mexc,AERO/USDT:USDT,0.9001,35,0.9,118,0.9003,127,0.9004,190
1753592102904,04:55:02.904,mexc,AERO/USDT:USDT,0.9001,35,0.9,106,0.9003,127,0.9004,226
1753592103002,04:55:03.002,mexc,AERO/USDT:USDT,0.9001,35,0.9,155,0.9003,127,0.9004,226
1753592103317,04:55:03.317,mexc,AERO/USDT:USDT,0.9001,35,0.9,155,0.9003,127,0.9004,216
1753592103502,04:55:03.502,mexc,AERO/USDT:USDT,0.9001,35,0.9,143,0.9003,127,0.9004,264
1753592103720,04:55:03.720,mexc,AERO/USDT:USDT,0.9001,35,0.9,143,0.9003,127,0.9004,238
1753592103905,04:55:03.905,mexc,AERO/USDT:USDT,0.9001,35,0.9,106,0.9003,127,0.9004,231
1753592104119,04:55:04.119,mexc,AERO/USDT:USDT,0.9003,97,0.9001,35,0.9004,30,0.9005,39
1753592104123,04:55:04.123,mexc,AERO/USDT:USDT,0.9003,97,0.9002,227,0.9004,30,0.9005,39
1753592104504,04:55:04.504,mexc,AERO/USDT:USDT,0.9003,97,0.9002,227,0.9004,30,0.9005,39
1753592104722,04:55:04.722,mexc,AERO/USDT:USDT,0.9003,97,0.9002,227,0.9004,30,0.9005,39
1753592104906,04:55:04.906,mexc,AERO/USDT:USDT,0.9003,97,0.9002,227,0.9004,30,0.9005,39
1753592105004,04:55:05.004,mexc,AERO/USDT:USDT,0.9003,97,0.9002,323,0.9004,30,0.9005,39
1753592105406,04:55:05.406,mexc,AERO/USDT:USDT,0.9003,97,0.9002,323,0.9004,30,0.9005,39
1753592105508,04:55:05.508,mexc,AERO/USDT:USDT,0.9003,97,0.9002,227,0.9004,30,0.9005,39
1753592105816,04:55:05.816,mexc,AERO/USDT:USDT,0.9003,97,0.9002,227,0.9004,30,0.9005,39
1753592106003,04:55:06.003,mexc,AERO/USDT:USDT,0.9003,97,0.9002,227,0.9004,30,0.9005,39
1753592106220,04:55:06.220,mexc,AERO/USDT:USDT,0.9003,97,0.9002,227,0.9004,30,0.9005,39
1753592106408,04:55:06.408,mexc,AERO/USDT:USDT,0.9003,97,0.9002,227,0.9004,30,0.9005,39
1753592106661,04:55:06.661,mexc,AERO/USDT:USDT,0.9003,97,0.9002,276,0.9004,30,0.9005,39
1753592106817,04:55:06.817,mexc,AERO/USDT:USDT,0.9003,97,0.9002,276,0.9004,30,0.9005,39
1753592107006,04:55:07.006,mexc,AERO/USDT:USDT,0.9003,97,0.9002,227,0.9004,30,0.9005,39
1753592107318,04:55:07.318,mexc,AERO/USDT:USDT,0.9003,97,0.9002,227,0.9004,30,0.9005,58
1753592107505,04:55:07.505,mexc,AERO/USDT:USDT,0.9003,97,0.9002,227,0.9004,30,0.9005,58
1753592107722,04:55:07.722,mexc,AERO/USDT:USDT,0.9003,97,0.9002,227,0.9004,30,0.9005,39
1753592107908,04:55:07.908,mexc,AERO/USDT:USDT,0.9003,97,0.9002,227,0.9004,30,0.9005,39
1753592108008,04:55:08.008,mexc,AERO/USDT:USDT,0.9003,97,0.9002,287,0.9004,30,0.9005,39
1753592108410,04:55:08.410,mexc,AERO/USDT:USDT,0.9003,97,0.9002,258,0.9004,30,0.9005,39
1753592108507,04:55:08.507,mexc,AERO/USDT:USDT,0.9003,97,0.9002,339,0.9004,30,0.9005,39
1753592108816,04:55:08.816,mexc,AERO/USDT:USDT,0.9003,97,0.9002,339,0.9004,30,0.9005,39
1753592109006,04:55:09.006,mexc,AERO/USDT:USDT,0.9003,97,0.9002,273,0.9004,30,0.9005,50
1753592109221,04:55:09.221,mexc,AERO/USDT:USDT,0.9003,97,0.9002,273,0.9004,30,0.9005,50
1753592109411,04:55:09.411,mexc,AERO/USDT:USDT,0.9003,97,0.9002,227,0.9004,30,0.9005,63
1753592109513,04:55:09.513,mexc,AERO/USDT:USDT,0.9003,97,0.9002,227,0.9004,30,0.9005,63
1753592109911,04:55:09.911,mexc,AERO/USDT:USDT,0.9003,97,0.9002,227,0.9004,30,0.9005,43
1753592110119,04:55:10.119,mexc,AERO/USDT:USDT,0.9002,24,0.9001,26,0.9003,92,0.9004,30
1753592110320,04:55:10.320,mexc,AERO/USDT:USDT,0.9002,24,0.9001,26,0.9003,92,0.9004,159
1753592110514,04:55:10.514,mexc,AERO/USDT:USDT,0.9002,24,0.9001,26,0.9003,92,0.9004,159
1753592110912,04:55:10.912,mexc,AERO/USDT:USDT,0.9002,24,0.9001,26,0.9003,92,0.9004,112
1753592111008,04:55:11.008,mexc,AERO/USDT:USDT,0.9002,24,0.9001,26,0.9003,92,0.9004,112
1753592111411,04:55:11.411,mexc,AERO/USDT:USDT,0.9002,24,0.9001,26,0.9003,92,0.9004,130
1753592111512,04:55:11.512,mexc,AERO/USDT:USDT,0.9002,24,0.9001,26,0.9003,92,0.9004,130
1753592111821,04:55:11.821,mexc,AERO/USDT:USDT,0.9002,24,0.9001,26,0.9003,92,0.9004,112
1753592112009,04:55:12.009,mexc,AERO/USDT:USDT,0.9002,24,0.9001,32,0.9003,92,0.9004,112
1753592112224,04:55:12.224,mexc,AERO/USDT:USDT,0.9002,24,0.9001,32,0.9003,92,0.9004,112
1753592112415,04:55:12.415,mexc,AERO/USDT:USDT,0.9002,24,0.9001,26,0.9003,92,0.9004,112
1753592112670,04:55:12.670,mexc,AERO/USDT:USDT,0.9002,24,0.9001,26,0.9003,92,0.9004,112
1753592112822,04:55:12.822,mexc,AERO/USDT:USDT,0.9002,24,0.9001,26,0.9003,92,0.9004,145
1753592113011,04:55:13.011,mexc,AERO/USDT:USDT,0.9002,24,0.9001,26,0.9003,92,0.9004,145
1753592113320,04:55:13.320,mexc,AERO/USDT:USDT,0.9002,24,0.9001,26,0.9003,92,0.9004,112
1753592113510,04:55:13.510,mexc,AERO/USDT:USDT,0.9002,24,0.9001,42,0.9003,92,0.9004,112
1753592113723,04:55:13.723,mexc,AERO/USDT:USDT,0.9002,24,0.9001,42,0.9003,92,0.9004,112
1753592113915,04:55:13.915,mexc,AERO/USDT:USDT,0.9002,24,0.9001,26,0.9003,92,0.9004,112
1753592114012,04:55:14.012,mexc,AERO/USDT:USDT,0.9002,24,0.9001,38,0.9003,92,0.9004,112
1753592114414,04:55:14.414,mexc,AERO/USDT:USDT,0.9002,24,0.9001,38,0.9003,92,0.9004,146
1753592114513,04:55:14.513,mexc,AERO/USDT:USDT,0.9002,24,0.9001,37,0.9003,92,0.9004,146
1753592114821,04:55:14.821,mexc,AERO/USDT:USDT,0.9002,24,0.9001,37,0.9003,92,0.9004,112
1753592115011,04:55:15.011,mexc,AERO/USDT:USDT,0.9002,24,0.9001,26,0.9003,92,0.9004,161
1753592115223,04:55:15.223,mexc,AERO/USDT:USDT,0.9002,24,0.9001,26,0.9003,92,0.9004,161
1753592115415,04:55:15.415,mexc,AERO/USDT:USDT,0.9002,24,0.9001,26,0.9003,92,0.9004,112
1753592115515,04:55:15.515,mexc,AERO/USDT:USDT,0.9002,24,0.9001,26,0.9003,92,0.9004,112
1753592115916,04:55:15.916,mexc,AERO/USDT:USDT,0.9002,24,0.9001,26,0.9003,92,0.9004,152
1753592116115,04:55:16.115,mexc,AERO/USDT:USDT,0.9002,24,0.9001,97,0.9003,92,0.9004,152
1753592116127,04:55:16.127,mexc,AERO/USDT:USDT,0.9001,71,0.9,125,0.9002,22,0.9003,135
1753592116518,04:55:16.518,mexc,AERO/USDT:USDT,0.9001,71,0.9,125,0.9002,22,0.9003,182
1753592116518,04:55:16.518,mexc,AERO/USDT:USDT,0.9001,71,0.9,125,0.9002,22,0.9003,182
1753592116920,04:55:16.920,mexc,AERO/USDT:USDT,0.9001,71,0.9,125,0.9002,22,0.9003,135
1753592117014,04:55:17.014,mexc,AERO/USDT:USDT,0.9001,71,0.9,125,0.9002,22,0.9003,135
1753592117322,04:55:17.322,mexc,AERO/USDT:USDT,0.9001,71,0.9,125,0.9002,22,0.9003,165
1753592117518,04:55:17.518,mexc,AERO/USDT:USDT,0.9001,71,0.9,125,0.9002,22,0.9003,165
1753592117726,04:55:17.726,mexc,AERO/USDT:USDT,0.9001,71,0.9,125,0.9002,22,0.9003,135
1753592117916,04:55:17.916,mexc,AERO/USDT:USDT,0.9001,71,0.9,125,0.9002,22,0.9003,135
1753592118015,04:55:18.015,mexc,AERO/USDT:USDT,0.9001,71,0.9,179,0.9002,22,0.9003,135
1753592118418,04:55:18.418,mexc,AERO/USDT:USDT,0.9001,71,0.9,179,0.9002,22,0.9003,135
1753592118517,04:55:18.517,mexc,AERO/USDT:USDT,0.9001,71,0.9,125,0.9002,22,0.9003,135
1753592118826,04:55:18.826,mexc,AERO/USDT:USDT,0.9001,71,0.9,125,0.9002,22,0.9003,135
1753592118943,04:55:18.943,mexc,AERO/USDT:USDT,0.9001,71,0.9,125,0.9002,22,0.9003,174
1753592119229,04:55:19.229,mexc,AERO/USDT:USDT,0.9001,71,0.9,144,0.9002,22,0.9003,174
1753592119326,04:55:19.326,mexc,AERO/USDT:USDT,0.9001,71,0.9,144,0.9002,22,0.9003,185
1753592119581,04:55:19.581,mexc,AERO/USDT:USDT,0.9001,71,0.9,125,0.9002,22,0.9003,185
1753592119823,04:55:19.823,mexc,AERO/USDT:USDT,0.9001,71,0.9,125,0.9002,22,0.9003,153
1753592120084,04:55:20.084,mexc,AERO/USDT:USDT,0.9001,71,0.9,125,0.9002,22,0.9003,153
1753592120325,04:55:20.325,mexc,AERO/USDT:USDT,0.9001,71,0.9,125,0.9002,22,0.9003,135
1753592120583,04:55:20.583,mexc,AERO/USDT:USDT,0.9001,71,0.9,125,0.9002,22,0.9003,135
1753592120825,04:55:20.825,mexc,AERO/USDT:USDT,0.9001,71,0.9,125,0.9002,22,0.9003,135
1753592121084,04:55:21.084,mexc,AERO/USDT:USDT,0.9001,71,0.9,125,0.9002,22,0.9003,135
1753592121326,04:55:21.326,mexc,AERO/USDT:USDT,0.9001,71,0.9,125,0.9002,22,0.9003,259
1753592121584,04:55:21.584,mexc,AERO/USDT:USDT,0.9001,71,0.9,161,0.9002,22,0.9003,259
1753592121825,04:55:21.825,mexc,AERO/USDT:USDT,0.9001,71,0.9,161,0.9002,22,0.9003,135
1753592122126,04:55:22.126,mexc,AERO/USDT:USDT,0.9001,71,0.9,158,0.9002,22,0.9003,246
1753592122325,04:55:22.325,mexc,AERO/USDT:USDT,0.9001,80,0.9,103,0.9003,111,0.9004,173
1753592122583,04:55:22.583,mexc,AERO/USDT:USDT,0.9001,80,0.9,103,0.9003,111,0.9004,173
1753592122733,04:55:22.733,mexc,AERO/USDT:USDT,0.9001,80,0.9,103,0.9003,111,0.9004,147
1753592122987,04:55:22.987,mexc,AERO/USDT:USDT,0.9001,80,0.9,103,0.9003,111,0.9004,170
1753592123085,04:55:23.085,mexc,AERO/USDT:USDT,0.9001,80,0.9,103,0.9003,111,0.9004,170
1753592123328,04:55:23.328,mexc,AERO/USDT:USDT,0.9001,80,0.9,103,0.9003,111,0.9004,147
1753592123586,04:55:23.586,mexc,AERO/USDT:USDT,0.9001,80,0.9,103,0.9003,111,0.9004,147
1753592123825,04:55:23.825,mexc,AERO/USDT:USDT,0.9001,80,0.9,103,0.9003,111,0.9004,147
1753592124087,04:55:24.087,mexc,AERO/USDT:USDT,0.9001,80,0.9,135,0.9003,111,0.9004,147
1753592124326,04:55:24.326,mexc,AERO/USDT:USDT,0.9001,80,0.9,135,0.9003,111,0.9004,213
1753592124673,04:55:24.673,mexc,AERO/USDT:USDT,0.9001,80,0.9,116,0.9003,111,0.9004,213
1753592124827,04:55:24.827,mexc,AERO/USDT:USDT,0.9001,80,0.9,116,0.9003,111,0.9004,261
1753592125084,04:55:25.084,mexc,AERO/USDT:USDT,0.9001,80,0.9,103,0.9003,111,0.9004,261
1753592125232,04:55:25.232,mexc,AERO/USDT:USDT,0.9001,80,0.9,103,0.9003,111,0.9004,147
1753592125488,04:55:25.488,mexc,AERO/USDT:USDT,0.9001,80,0.9,103,0.9003,111,0.9004,147
1753592125583,04:55:25.583,mexc,AERO/USDT:USDT,0.9001,80,0.9,144,0.9003,111,0.9004,147
1753592125829,04:55:25.829,mexc,AERO/USDT:USDT,0.9001,80,0.9,144,0.9003,111,0.9004,195
1753592126087,04:55:26.087,mexc,AERO/USDT:USDT,0.9001,80,0.9,103,0.9003,111,0.9004,195
1753592126330,04:55:26.330,mexc,AERO/USDT:USDT,0.9001,80,0.9,103,0.9003,111,0.9004,147
1753592126587,04:55:26.587,mexc,AERO/USDT:USDT,0.9001,80,0.9,152,0.9003,111,0.9004,147
1753592126827,04:55:26.827,mexc,AERO/USDT:USDT,0.9001,80,0.9,152,0.9003,111,0.9004,147
1753592127093,04:55:27.093,mexc,AERO/USDT:USDT,0.9001,80,0.9,103,0.9003,111,0.9004,147
1753592127329,04:55:27.329,mexc,AERO/USDT:USDT,0.9001,80,0.9,103,0.9003,111,0.9004,147
1753592127588,04:55:27.588,mexc,AERO/USDT:USDT,0.9001,80,0.9,103,0.9003,111,0.9004,147
1753592127830,04:55:27.830,mexc,AERO/USDT:USDT,0.9001,80,0.9,103,0.9003,111,0.9004,193
1753592128133,04:55:28.133,mexc,AERO/USDT:USDT,0.8999,43,0.8998,88,0.9,22,0.9001,99
1753592128330,04:55:28.330,mexc,AERO/USDT:USDT,0.8999,43,0.8998,88,0.9,22,0.9001,111
1753592128587,04:55:28.587,mexc,AERO/USDT:USDT,0.8999,43,0.8998,88,0.9,22,0.9001,111
1753592128735,04:55:28.735,mexc,AERO/USDT:USDT,0.8999,43,0.8998,119,0.9,22,0.9001,99
1753592128990,04:55:28.990,mexc,AERO/USDT:USDT,0.8999,43,0.8998,119,0.9,22,0.9001,99
1753592129087,04:55:29.087,mexc,AERO/USDT:USDT,0.8999,43,0.8998,110,0.9,22,0.9001,99
1753592129331,04:55:29.331,mexc,AERO/USDT:USDT,0.8999,43,0.8998,110,0.9,22,0.9001,129
1753592129589,04:55:29.589,mexc,AERO/USDT:USDT,0.8999,43,0.8998,119,0.9,22,0.9001,129
1753592129833,04:55:29.833,mexc,AERO/USDT:USDT,0.8999,43,0.8998,119,0.9,22,0.9001,99
1753592130088,04:55:30.088,mexc,AERO/USDT:USDT,0.8999,43,0.8998,101,0.9,22,0.9001,99
1753592130331,04:55:30.331,mexc,AERO/USDT:USDT,0.8999,43,0.8998,101,0.9,22,0.9001,99
1753592130678,04:55:30.678,mexc,AERO/USDT:USDT,0.8999,43,0.8998,121,0.9,22,0.9001,99
1753592130832,04:55:30.832,mexc,AERO/USDT:USDT,0.8999,43,0.8998,121,0.9,22,0.9001,99
1753592131089,04:55:31.089,mexc,AERO/USDT:USDT,0.8999,43,0.8998,88,0.9,22,0.9001,99
1753592131234,04:55:31.234,mexc,AERO/USDT:USDT,0.8999,43,0.8998,88,0.9,22,0.9001,99
1753592131491,04:55:31.491,mexc,AERO/USDT:USDT,0.8999,43,0.8998,88,0.9,22,0.9001,99
1753592131591,04:55:31.591,mexc,AERO/USDT:USDT,0.8999,43,0.8998,88,0.9,22,0.9001,99
1753592131833,04:55:31.833,mexc,AERO/USDT:USDT,0.8999,43,0.8998,88,0.9,22,0.9001,109
1753592132091,04:55:32.091,mexc,AERO/USDT:USDT,0.8999,43,0.8998,88,0.9,22,0.9001,109
1753592132333,04:55:32.333,mexc,AERO/USDT:USDT,0.8999,43,0.8998,88,0.9,22,0.9001,130
1753592132591,04:55:32.591,mexc,AERO/USDT:USDT,0.8999,43,0.8998,88,0.9,22,0.9001,130
1753592132834,04:55:32.834,mexc,AERO/USDT:USDT,0.8999,43,0.8998,88,0.9,22,0.9001,99
1753592133095,04:55:33.095,mexc,AERO/USDT:USDT,0.8999,43,0.8998,88,0.9,22,0.9001,99
1753592133334,04:55:33.334,mexc,AERO/USDT:USDT,0.8999,43,0.8998,88,0.9,22,0.9001,151
1753592133589,04:55:33.589,mexc,AERO/USDT:USDT,0.8999,43,0.8998,157,0.9,22,0.9001,151
1753592133834,04:55:33.834,mexc,AERO/USDT:USDT,0.8999,43,0.8998,157,0.9,22,0.9001,130
1753592134131,04:55:34.131,mexc,AERO/USDT:USDT,0.8999,24,0.8998,89,0.9,27,0.9001,122
1753592134336,04:55:34.336,mexc,AERO/USDT:USDT,0.8999,24,0.8998,89,0.9,27,0.9001,206
1753592134739,04:55:34.739,mexc,AERO/USDT:USDT,0.8999,24,0.8998,117,0.9,27,0.9001,122
1753592134994,04:55:34.994,mexc,AERO/USDT:USDT,0.8999,24,0.8998,89,0.9,27,0.9001,178
1753592135240,04:55:35.240,mexc,AERO/USDT:USDT,0.8999,24,0.8998,89,0.9,27,0.9001,178
1753592135335,04:55:35.335,mexc,AERO/USDT:USDT,0.8999,24,0.8998,89,0.9,27,0.9001,146
1753592135592,04:55:35.592,mexc,AERO/USDT:USDT,0.8999,24,0.8998,89,0.9,27,0.9001,146
1753592135838,04:55:35.838,mexc,AERO/USDT:USDT,0.8999,24,0.8998,89,0.9,27,0.9001,162
1753592136093,04:55:36.093,mexc,AERO/USDT:USDT,0.8999,24,0.8998,89,0.9,27,0.9001,162
1753592136339,04:55:36.339,mexc,AERO/USDT:USDT,0.8999,24,0.8998,89,0.9,27,0.9001,122
1753592136679,04:55:36.679,mexc,AERO/USDT:USDT,0.8999,24,0.8998,113,0.9,27,0.9001,122
1753592136838,04:55:36.838,mexc,AERO/USDT:USDT,0.8999,24,0.8998,113,0.9,27,0.9001,210
1753592137096,04:55:37.096,mexc,AERO/USDT:USDT,0.8999,24,0.8998,89,0.9,27,0.9001,210
1753592137240,04:55:37.240,mexc,AERO/USDT:USDT,0.8999,24,0.8998,89,0.9,27,0.9001,122
1753592137495,04:55:37.495,mexc,AERO/USDT:USDT,0.8999,24,0.8998,89,0.9,27,0.9001,193
1753592137594,04:55:37.594,mexc,AERO/USDT:USDT,0.8999,24,0.8998,89,0.9,27,0.9001,193
1753592137839,04:55:37.839,mexc,AERO/USDT:USDT,0.8999,24,0.8998,89,0.9,27,0.9001,122
1753592138094,04:55:38.094,mexc,AERO/USDT:USDT,0.8999,24,0.8998,89,0.9,27,0.9001,122
1753592138340,04:55:38.340,mexc,AERO/USDT:USDT,0.8999,24,0.8998,89,0.9,27,0.9001,122
1753592138593,04:55:38.593,mexc,AERO/USDT:USDT,0.8999,24,0.8998,89,0.9,27,0.9001,122
1753592138839,04:55:38.839,mexc,AERO/USDT:USDT,0.8999,24,0.8998,89,0.9,27,0.9001,122
1753592139100,04:55:39.100,mexc,AERO/USDT:USDT,0.8999,24,0.8998,89,0.9,27,0.9001,122
1753592139338,04:55:39.338,mexc,AERO/USDT:USDT,0.8999,24,0.8998,89,0.9,27,0.9001,122
1753592139594,04:55:39.594,mexc,AERO/USDT:USDT,0.8999,24,0.8998,127,0.9,27,0.9001,122
1753592139839,04:55:39.839,mexc,AERO/USDT:USDT,0.8999,24,0.8998,127,0.9,27,0.9001,150
1753592140136,04:55:40.136,mexc,AERO/USDT:USDT,0.8999,28,0.8998,79,0.9,51,0.9001,120
1753592140339,04:55:40.339,mexc,AERO/USDT:USDT,0.8999,28,0.8998,79,0.9,51,0.9001,120
1753592140742,04:55:40.742,mexc,AERO/USDT:USDT,0.8999,28,0.8998,79,0.9,51,0.9001,120
1753592140840,04:55:40.840,mexc,AERO/USDT:USDT,0.8999,28,0.8998,79,0.9,51,0.9001,120
1753592141114,04:55:41.114,mexc,AERO/USDT:USDT,0.8999,28,0.8998,79,0.9,51,0.9001,120
1753592141338,04:55:41.338,mexc,AERO/USDT:USDT,0.8999,28,0.8998,79,0.9,51,0.9001,120
1753592141598,04:55:41.598,mexc,AERO/USDT:USDT,0.8999,28,0.8998,79,0.9,51,0.9001,120
1753592141839,04:55:41.839,mexc,AERO/USDT:USDT,0.8999,28,0.8998,79,0.9,51,0.9001,120
1753592142100,04:55:42.100,mexc,AERO/USDT:USDT,0.8999,28,0.8998,99,0.9,51,0.9001,120
1753592142339,04:55:42.339,mexc,AERO/USDT:USDT,0.8999,28,0.8998,99,0.9,51,0.9001,120
1753592142683,04:55:42.683,mexc,AERO/USDT:USDT,0.8999,28,0.8998,101,0.9,51,0.9001,120
1753592142840,04:55:42.840,mexc,AERO/USDT:USDT,0.8999,28,0.8998,101,0.9,51,0.9001,120
1753592143096,04:55:43.096,mexc,AERO/USDT:USDT,0.8999,28,0.8998,110,0.9,51,0.9001,120
1753592143242,04:55:43.242,mexc,AERO/USDT:USDT,0.8999,28,0.8998,110,0.9,51,0.9001,120
1753592143500,04:55:43.500,mexc,AERO/USDT:USDT,0.8999,28,0.8998,79,0.9,51,0.9001,120
1753592143598,04:55:43.598,mexc,AERO/USDT:USDT,0.8999,28,0.8998,79,0.9,51,0.9001,120
1753592143840,04:55:43.840,mexc,AERO/USDT:USDT,0.8999,28,0.8998,79,0.9,51,0.9001,160
1753592144101,04:55:44.101,mexc,AERO/USDT:USDT,0.8999,28,0.8998,79,0.9,51,0.9001,160
1753592144340,04:55:44.340,mexc,AERO/USDT:USDT,0.8999,28,0.8998,79,0.9,51,0.9001,120
1753592144631,04:55:44.631,mexc,AERO/USDT:USDT,0.8999,28,0.8998,142,0.9,51,0.9001,120
1753592144841,04:55:44.841,mexc,AERO/USDT:USDT,0.8999,28,0.8998,142,0.9,51,0.9001,120
1753592145103,04:55:45.103,mexc,AERO/USDT:USDT,0.8999,28,0.8998,111,0.9,51,0.9001,120
1753592145340,04:55:45.340,mexc,AERO/USDT:USDT,0.8999,28,0.8998,111,0.9,51,0.9001,120
1753592145599,04:55:45.599,mexc,AERO/USDT:USDT,0.8999,28,0.8998,114,0.9,51,0.9001,120
1753592145840,04:55:45.840,mexc,AERO/USDT:USDT,0.8999,28,0.8998,114,0.9,51,0.9001,120
1753592146134,04:55:46.134,mexc,AERO/USDT:USDT,0.9002,30,0.9001,118,0.9003,24,0.9004,158
1753592146341,04:55:46.341,mexc,AERO/USDT:USDT,0.9002,30,0.9001,118,0.9003,24,0.9004,177
1753592146743,04:55:46.743,mexc,AERO/USDT:USDT,0.9002,30,0.9001,118,0.9003,24,0.9004,177
1753592146842,04:55:46.842,mexc,AERO/USDT:USDT,0.9002,30,0.9001,118,0.9003,24,0.9004,158
1753592147102,04:55:47.102,mexc,AERO/USDT:USDT,0.9002,30,0.9001,139,0.9003,24,0.9004,158
1753592147342,04:55:47.342,mexc,AERO/USDT:USDT,0.9002,30,0.9001,139,0.9003,24,0.9004,208
1753592147600,04:55:47.600,mexc,AERO/USDT:USDT,0.9002,30,0.9001,138,0.9003,24,0.9004,208
1753592147843,04:55:47.843,mexc,AERO/USDT:USDT,0.9002,30,0.9001,138,0.9003,24,0.9004,158
1753592148102,04:55:48.102,mexc,AERO/USDT:USDT,0.9002,30,0.9001,118,0.9003,24,0.9004,158
1753592148341,04:55:48.341,mexc,AERO/USDT:USDT,0.9002,30,0.9001,118,0.9003,24,0.9004,175
1753592148689,04:55:48.689,mexc,AERO/USDT:USDT,0.9002,30,0.9001,118,0.9003,24,0.9004,175
1753592148841,04:55:48.841,mexc,AERO/USDT:USDT,0.9002,30,0.9001,118,0.9003,24,0.9004,158
1753592149105,04:55:49.105,mexc,AERO/USDT:USDT,0.9002,30,0.9001,150,0.9003,24,0.9004,158
1753592149244,04:55:49.244,mexc,AERO/USDT:USDT,0.9002,30,0.9001,150,0.9003,24,0.9004,158
1753592149508,04:55:49.508,mexc,AERO/USDT:USDT,0.9002,30,0.9001,118,0.9003,24,0.9004,202
1753592149602,04:55:49.602,mexc,AERO/USDT:USDT,0.9002,30,0.9001,118,0.9003,24,0.9004,202
1753592149842,04:55:49.842,mexc,AERO/USDT:USDT,0.9002,30,0.9001,118,0.9003,24,0.9004,158
1753592150100,04:55:50.100,mexc,AERO/USDT:USDT,0.9002,30,0.9001,118,0.9003,24,0.9004,158
1753592150341,04:55:50.341,mexc,AERO/USDT:USDT,0.9002,30,0.9001,118,0.9003,24,0.9004,158
1753592150600,04:55:50.600,mexc,AERO/USDT:USDT,0.9002,30,0.9001,161,0.9003,24,0.9004,158
1753592150843,04:55:50.843,mexc,AERO/USDT:USDT,0.9002,30,0.9001,161,0.9003,24,0.9004,158
1753592151102,04:55:51.102,mexc,AERO/USDT:USDT,0.9002,30,0.9001,118,0.9003,24,0.9004,158
1753592151343,04:55:51.343,mexc,AERO/USDT:USDT,0.9002,30,0.9001,118,0.9003,24,0.9004,188
1753592151601,04:55:51.601,mexc,AERO/USDT:USDT,0.9002,30,0.9001,118,0.9003,24,0.9004,188
1753592151845,04:55:51.845,mexc,AERO/USDT:USDT,0.9002,30,0.9001,118,0.9003,24,0.9004,158
1753592152144,04:55:52.144,mexc,AERO/USDT:USDT,0.9002,62,0.9001,214,0.9003,23,0.9004,175
1753592152343,04:55:52.343,mexc,AERO/USDT:USDT,0.9002,32,0.9001,96,0.9003,23,0.9004,175
1753592152603,04:55:52.603,mexc,AERO/USDT:USDT,0.9002,32,0.9001,137,0.9003,23,0.9004,175
1753592152747,04:55:52.747,mexc,AERO/USDT:USDT,0.9002,32,0.9001,137,0.9003,23,0.9004,175
1753592153005,04:55:53.005,mexc,AERO/USDT:USDT,0.9002,32,0.9001,96,0.9003,23,0.9004,175
1753592153102,04:55:53.102,mexc,AERO/USDT:USDT,0.9002,32,0.9001,96,0.9003,23,0.9004,175
1753592153344,04:55:53.344,mexc,AERO/USDT:USDT,0.9002,32,0.9001,96,0.9003,23,0.9004,175
1753592153602,04:55:53.602,mexc,AERO/USDT:USDT,0.9002,32,0.9001,96,0.9003,23,0.9004,175
1753592153844,04:55:53.844,mexc,AERO/USDT:USDT,0.9002,32,0.9001,96,0.9003,23,0.9004,175
1753592154103,04:55:54.103,mexc,AERO/USDT:USDT,0.9002,32,0.9001,119,0.9003,23,0.9004,175
1753592154344,04:55:54.344,mexc,AERO/USDT:USDT,0.9002,32,0.9001,119,0.9003,23,0.9004,211
1753592154603,04:55:54.603,mexc,AERO/USDT:USDT,0.9002,32,0.9001,96,0.9003,23,0.9004,211
1753592154845,04:55:54.845,mexc,AERO/USDT:USDT,0.9002,32,0.9001,96,0.9003,23,0.9004,248
1753592155104,04:55:55.104,mexc,AERO/USDT:USDT,0.9002,32,0.9001,96,0.9003,23,0.9004,248
1753592155344,04:55:55.344,mexc,AERO/USDT:USDT,0.9002,32,0.9001,96,0.9003,23,0.9004,302
1753592155607,04:55:55.607,mexc,AERO/USDT:USDT,0.9002,32,0.9001,96,0.9003,23,0.9004,302
1753592155845,04:55:55.845,mexc,AERO/USDT:USDT,0.9002,32,0.9001,96,0.9003,23,0.9004,244
1753592156103,04:55:56.103,mexc,AERO/USDT:USDT,0.9002,32,0.9001,115,0.9003,23,0.9004,244
1753592156345,04:55:56.345,mexc,AERO/USDT:USDT,0.9002,32,0.9001,115,0.9003,23,0.9004,175
1753592156605,04:55:56.605,mexc,AERO/USDT:USDT,0.9002,32,0.9001,96,0.9003,23,0.9004,175
1753592156878,04:55:56.878,mexc,AERO/USDT:USDT,0.9002,32,0.9001,96,0.9003,23,0.9004,175
1753592157104,04:55:57.104,mexc,AERO/USDT:USDT,0.9002,32,0.9001,111,0.9003,23,0.9004,175
1753592157381,04:55:57.381,mexc,AERO/USDT:USDT,0.9002,32,0.9001,111,0.9003,23,0.9004,175
1753592157602,04:55:57.602,mexc,AERO/USDT:USDT,0.9002,32,0.9001,96,0.9003,23,0.9004,175
1753592157879,04:55:57.879,mexc,AERO/USDT:USDT,0.9002,32,0.9001,96,0.9003,23,0.9004,222
1753592158144,04:55:58.144,mexc,AERO/USDT:USDT,0.9004,231,0.9003,201,0.9005,23,0.9006,105
1753592158379,04:55:58.379,mexc,AERO/USDT:USDT,0.9004,231,0.9003,201,0.9005,23,0.9006,144
1753592158782,04:55:58.782,mexc,AERO/USDT:USDT,0.9004,231,0.9003,302,0.9005,23,0.9006,105
1753592158880,04:55:58.880,mexc,AERO/USDT:USDT,0.9004,231,0.9003,302,0.9005,23,0.9006,105
1753592159106,04:55:59.106,mexc,AERO/USDT:USDT,0.9004,231,0.9003,201,0.9005,23,0.9006,105
1753592159380,04:55:59.380,mexc,AERO/USDT:USDT,0.9004,231,0.9003,201,0.9005,23,0.9006,137
1753592159606,04:55:59.606,mexc,AERO/USDT:USDT,0.9004,231,0.9003,201,0.9005,23,0.9006,137
1753592159880,04:55:59.880,mexc,AERO/USDT:USDT,0.9004,231,0.9003,201,0.9005,23,0.9006,105
1753592160106,04:56:00.106,mexc,AERO/USDT:USDT,0.9004,231,0.9003,201,0.9005,23,0.9006,105
1753592160381,04:56:00.381,mexc,AERO/USDT:USDT,0.9004,231,0.9003,201,0.9005,23,0.9006,154
