timestamp,time,exchange,symbol,bid1_price,bid1_volume,bid2_price,bid2_volume,ask1_price,ask1_volume,ask2_price,ask2_volume
1753591889652,04:51:29.652,huobi,ACT/USDT:USDT,0.04566,41.0,0.0455,993.0,0.04602,63.0,0.04604,83.0
1753591890614,04:51:30.614,huobi,ACT/USDT:USDT,0.04566,41.0,0.0455,993.0,0.04602,63.0,0.04603,165.0
1753591890683,04:51:30.683,huobi,ACT/USDT:USDT,0.04566,41.0,0.0455,993.0,0.04602,1000.0,0.04603,165.0
1753591890735,04:51:30.735,huobi,ACT/USDT:USDT,0.04566,41.0,0.0455,993.0,0.04602,1000.0,0.04603,165.0
1753591890761,04:51:30.761,huobi,ACT/USDT:USDT,0.04566,41.0,0.0455,993.0,0.04602,1000.0,0.04603,165.0
1753591890897,04:51:30.897,huobi,ACT/USDT:USDT,0.04566,41.0,0.0455,993.0,0.04602,1000.0,0.04603,165.0
1753591891042,04:51:31.042,huobi,ACT/USDT:USDT,0.04566,41.0,0.0455,993.0,0.04602,1000.0,0.04603,165.0
1753591891075,04:51:31.075,huobi,ACT/USDT:USDT,0.04566,41.0,0.0455,993.0,0.04602,1000.0,0.04603,165.0
1753591891158,04:51:31.158,huobi,ACT/USDT:USDT,0.04566,41.0,0.04551,1899.0,0.04602,1000.0,0.04603,165.0
1753591891184,04:51:31.184,huobi,ACT/USDT:USDT,0.04566,41.0,0.04552,993.0,0.04602,1000.0,0.04603,165.0
1753591891288,04:51:31.288,huobi,ACT/USDT:USDT,0.04566,41.0,0.04535,4331.0,0.04602,1000.0,0.04603,165.0
1753591891307,04:51:31.307,huobi,ACT/USDT:USDT,0.04566,41.0,0.0455,993.0,0.04602,1000.0,0.04603,165.0
1753591892192,04:51:32.192,huobi,ACT/USDT:USDT,0.04566,41.0,0.04555,1899.0,0.04602,1000.0,0.04603,165.0
1753591892207,04:51:32.207,huobi,ACT/USDT:USDT,0.04566,41.0,0.04556,993.0,0.04602,1000.0,0.04603,165.0
1753591892314,04:51:32.314,huobi,ACT/USDT:USDT,0.04566,41.0,0.04556,993.0,0.04602,1000.0,0.04603,165.0
1753591892362,04:51:32.362,huobi,ACT/USDT:USDT,0.04566,41.0,0.04556,993.0,0.04602,1000.0,0.04603,165.0
1753591892447,04:51:32.447,huobi,ACT/USDT:USDT,0.04566,41.0,0.04556,993.0,0.04602,1000.0,0.04603,165.0
1753591892755,04:51:32.755,huobi,ACT/USDT:USDT,0.04566,41.0,0.04556,993.0,0.04602,1000.0,0.04603,385.0
1753591893311,04:51:33.311,huobi,ACT/USDT:USDT,0.04566,41.0,0.04556,993.0,0.04602,1000.0,0.04603,220.0
1753591893340,04:51:33.340,huobi,ACT/USDT:USDT,0.04566,41.0,0.0455,993.0,0.04602,993.0,0.04603,220.0
1753591893391,04:51:33.391,huobi,ACT/USDT:USDT,0.04566,41.0,0.0455,993.0,0.04601,63.0,0.04602,993.0
1753591893397,04:51:33.397,huobi,ACT/USDT:USDT,0.04566,41.0,0.0455,993.0,0.04601,63.0,0.04602,993.0
1753591893452,04:51:33.452,huobi,ACT/USDT:USDT,0.04566,41.0,0.0456,1899.0,0.046,83.0,0.04601,63.0
1753591893465,04:51:33.465,huobi,ACT/USDT:USDT,0.04566,41.0,0.04561,993.0,0.046,83.0,0.04601,63.0
1753591893496,04:51:33.496,huobi,ACT/USDT:USDT,0.04566,41.0,0.04561,993.0,0.046,83.0,0.04601,1056.0
1753591893574,04:51:33.574,huobi,ACT/USDT:USDT,0.04566,41.0,0.04524,591.0,0.046,83.0,0.04601,1056.0
1753591893585,04:51:33.585,huobi,ACT/USDT:USDT,0.04566,41.0,0.04524,591.0,0.046,83.0,0.04601,1056.0
1753591893722,04:51:33.722,huobi,ACT/USDT:USDT,0.04566,41.0,0.0455,993.0,0.046,83.0,0.04601,1056.0
1753591893736,04:51:33.736,huobi,ACT/USDT:USDT,0.04566,41.0,0.0455,993.0,0.046,83.0,0.04601,1293.0
1753591893782,04:51:33.782,huobi,ACT/USDT:USDT,0.04566,41.0,0.0455,993.0,0.046,83.0,0.04601,1293.0
1753591893843,04:51:33.843,huobi,ACT/USDT:USDT,0.04566,41.0,0.0455,993.0,0.046,83.0,0.04601,1293.0
1753591893902,04:51:33.902,huobi,ACT/USDT:USDT,0.04566,41.0,0.04559,1899.0,0.046,83.0,0.04601,1293.0
1753591893919,04:51:33.919,huobi,ACT/USDT:USDT,0.04566,41.0,0.0456,993.0,0.046,83.0,0.04601,1293.0
1753591894088,04:51:34.088,huobi,ACT/USDT:USDT,0.04566,41.0,0.0456,993.0,0.046,83.0,0.04601,1293.0
1753591894283,04:51:34.283,huobi,ACT/USDT:USDT,0.04566,41.0,0.0456,993.0,0.046,83.0,0.04601,1293.0
1753591896384,04:51:36.384,huobi,ACT/USDT:USDT,0.04566,41.0,0.0456,993.0,0.046,83.0,0.04601,1293.0
1753591896538,04:51:36.538,huobi,ACT/USDT:USDT,0.04566,41.0,0.0456,993.0,0.046,83.0,0.04601,1230.0
1753591897703,04:51:37.703,huobi,ACT/USDT:USDT,0.04566,41.0,0.0456,993.0,0.046,83.0,0.04601,237.0
1753591897720,04:51:37.720,huobi,ACT/USDT:USDT,0.04566,41.0,0.0456,993.0,0.046,83.0,0.04601,237.0
1753591897785,04:51:37.785,huobi,ACT/USDT:USDT,0.04566,41.0,0.0456,993.0,0.046,83.0,0.04601,237.0
1753591897804,04:51:37.804,huobi,ACT/USDT:USDT,0.04566,41.0,0.04553,993.0,0.046,83.0,0.04601,237.0
1753591897888,04:51:37.888,huobi,ACT/USDT:USDT,0.04566,41.0,0.04553,993.0,0.046,83.0,0.04601,237.0
1753591897903,04:51:37.903,huobi,ACT/USDT:USDT,0.04566,41.0,0.04561,1899.0,0.046,83.0,0.04601,237.0
1753591897989,04:51:37.989,huobi,ACT/USDT:USDT,0.04566,41.0,0.04562,993.0,0.046,83.0,0.04601,237.0
1753591898026,04:51:38.026,huobi,ACT/USDT:USDT,0.04566,41.0,0.04524,591.0,0.046,83.0,0.04601,237.0
1753591898094,04:51:38.094,huobi,ACT/USDT:USDT,0.04566,41.0,0.04551,993.0,0.046,83.0,0.04601,237.0
1753591898291,04:51:38.291,huobi,ACT/USDT:USDT,0.04566,41.0,0.04551,993.0,0.046,83.0,0.04601,237.0
1753591898370,04:51:38.370,huobi,ACT/USDT:USDT,0.04566,41.0,0.04551,993.0,0.046,83.0,0.04601,237.0
1753591898420,04:51:38.420,huobi,ACT/USDT:USDT,0.04566,41.0,0.04551,993.0,0.046,83.0,0.04601,237.0
1753591898495,04:51:38.495,huobi,ACT/USDT:USDT,0.04566,41.0,0.04551,993.0,0.046,83.0,0.04601,237.0
1753591898697,04:51:38.697,huobi,ACT/USDT:USDT,0.04566,41.0,0.04551,993.0,0.046,83.0,0.04601,237.0
1753591899592,04:51:39.592,huobi,ACT/USDT:USDT,0.04566,41.0,0.04551,993.0,0.046,83.0,0.04601,237.0
1753591899690,04:51:39.690,huobi,ACT/USDT:USDT,0.04566,41.0,0.04551,993.0,0.046,83.0,0.04601,237.0
1753591899718,04:51:39.718,huobi,ACT/USDT:USDT,0.04566,41.0,0.04551,993.0,0.046,83.0,0.04601,237.0
1753591900756,04:51:40.756,huobi,ACT/USDT:USDT,0.04566,41.0,0.04551,993.0,0.046,83.0,0.04601,237.0
1753591900788,04:51:40.788,huobi,ACT/USDT:USDT,0.04566,41.0,0.04551,993.0,0.046,83.0,0.04601,237.0
1753591902909,04:51:42.909,huobi,ACT/USDT:USDT,0.04566,41.0,0.04559,1899.0,0.046,83.0,0.04601,237.0
1753591902942,04:51:42.942,huobi,ACT/USDT:USDT,0.04566,41.0,0.0456,993.0,0.046,83.0,0.04607,993.0
1753591902996,04:51:42.996,huobi,ACT/USDT:USDT,0.04566,41.0,0.0456,993.0,0.04606,83.0,0.04607,993.0
1753591903031,04:51:43.031,huobi,ACT/USDT:USDT,0.04566,41.0,0.0456,993.0,0.04606,83.0,0.04607,993.0
1753591903055,04:51:43.055,huobi,ACT/USDT:USDT,0.04566,41.0,0.0456,993.0,0.04606,146.0,0.04607,993.0
1753591903170,04:51:43.170,huobi,ACT/USDT:USDT,0.04566,41.0,0.0456,993.0,0.04606,146.0,0.04607,1134.0
1753591903183,04:51:43.183,huobi,ACT/USDT:USDT,0.04566,55.0,0.0456,993.0,0.04606,146.0,0.04607,1134.0
1753591903290,04:51:43.290,huobi,ACT/USDT:USDT,0.04566,55.0,0.0456,993.0,0.04606,146.0,0.04607,1134.0
1753591904461,04:51:44.461,huobi,ACT/USDT:USDT,0.04566,41.0,0.0456,993.0,0.04606,146.0,0.04607,1134.0
1753591906069,04:51:46.069,huobi,ACT/USDT:USDT,0.04566,41.0,0.0456,993.0,0.04606,146.0,0.04607,993.0
1753591906196,04:51:46.196,huobi,ACT/USDT:USDT,0.04566,41.0,0.0456,993.0,0.04606,146.0,0.04607,1184.0
1753591907652,04:51:47.652,huobi,ACT/USDT:USDT,0.04566,41.0,0.0456,993.0,0.04606,146.0,0.04607,1184.0
1753591907766,04:51:47.766,huobi,ACT/USDT:USDT,0.04566,41.0,0.0456,993.0,0.04606,146.0,0.04607,1184.0
1753591908827,04:51:48.827,huobi,ACT/USDT:USDT,0.04566,41.0,0.0456,993.0,0.04606,146.0,0.04607,1184.0
1753591908960,04:51:48.960,huobi,ACT/USDT:USDT,0.04566,41.0,0.0456,993.0,0.04606,146.0,0.04607,1184.0
1753591908966,04:51:48.966,huobi,ACT/USDT:USDT,0.04566,41.0,0.0456,993.0,0.04606,146.0,0.04607,1184.0
1753591909084,04:51:49.084,huobi,ACT/USDT:USDT,0.04566,41.0,0.0456,993.0,0.04606,146.0,0.04607,1184.0
1753591909191,04:51:49.191,huobi,ACT/USDT:USDT,0.04566,41.0,0.0456,993.0,0.04606,146.0,0.04607,1184.0
1753591909212,04:51:49.212,huobi,ACT/USDT:USDT,0.04566,41.0,0.04551,993.0,0.04606,146.0,0.04607,3080.0
1753591910290,04:51:50.290,huobi,ACT/USDT:USDT,0.04566,41.0,0.04551,993.0,0.04606,146.0,0.04607,3080.0
1753591910388,04:51:50.388,huobi,ACT/USDT:USDT,0.04566,41.0,0.04551,993.0,0.04606,146.0,0.04607,3080.0
1753591910459,04:51:50.459,huobi,ACT/USDT:USDT,0.04566,41.0,0.04559,1896.0,0.04606,146.0,0.04607,3080.0
1753591910471,04:51:50.471,huobi,ACT/USDT:USDT,0.04566,41.0,0.04559,1896.0,0.04606,146.0,0.04607,3080.0
1753591910583,04:51:50.583,huobi,ACT/USDT:USDT,0.04566,41.0,0.0456,993.0,0.04606,146.0,0.04607,3080.0
1753591910693,04:51:50.693,huobi,ACT/USDT:USDT,0.04566,41.0,0.0456,993.0,0.04606,146.0,0.04607,3080.0
1753591910905,04:51:50.905,huobi,ACT/USDT:USDT,0.04566,41.0,0.0456,993.0,0.04606,146.0,0.04607,2889.0
1753591910917,04:51:50.917,huobi,ACT/USDT:USDT,0.04566,41.0,0.04542,1896.0,0.04606,146.0,0.04607,3318.0
1753591911744,04:51:51.744,huobi,ACT/USDT:USDT,0.04566,41.0,0.04551,993.0,0.04606,146.0,0.04607,3318.0
1753591912517,04:51:52.517,huobi,ACT/USDT:USDT,0.04566,41.0,0.04551,993.0,0.04606,146.0,0.04607,3905.0
1753591912868,04:51:52.868,huobi,ACT/USDT:USDT,0.04566,41.0,0.04551,993.0,0.04606,146.0,0.04607,3476.0
1753591912993,04:51:52.993,huobi,ACT/USDT:USDT,0.04566,41.0,0.04551,993.0,0.04606,146.0,0.04607,3476.0
1753591914448,04:51:54.448,huobi,ACT/USDT:USDT,0.04566,41.0,0.04551,993.0,0.04606,146.0,0.04607,3476.0
1753591915513,04:51:55.513,huobi,ACT/USDT:USDT,0.04566,41.0,0.04553,2216.0,0.04606,146.0,0.04607,3476.0
1753591915586,04:51:55.586,huobi,ACT/USDT:USDT,0.04566,41.0,0.04554,993.0,0.04606,146.0,0.04607,1580.0
1753591915635,04:51:55.635,huobi,ACT/USDT:USDT,0.04566,41.0,0.04554,993.0,0.04606,146.0,0.04607,1580.0
1753591915703,04:51:55.703,huobi,ACT/USDT:USDT,0.04566,41.0,0.04554,993.0,0.04606,146.0,0.04607,1580.0
1753591915903,04:51:55.903,huobi,ACT/USDT:USDT,0.04566,41.0,0.04558,1896.0,0.04606,146.0,0.04607,1580.0
1753591915987,04:51:55.987,huobi,ACT/USDT:USDT,0.04566,41.0,0.04559,993.0,0.04606,146.0,0.04607,1580.0
1753591916028,04:51:56.028,huobi,ACT/USDT:USDT,0.04566,41.0,0.04559,993.0,0.04606,146.0,0.04607,1580.0
1753591917822,04:51:57.822,huobi,ACT/USDT:USDT,0.04566,41.0,0.04559,993.0,0.04606,146.0,0.04607,993.0
1753591920287,04:52:00.287,huobi,ACT/USDT:USDT,0.04566,41.0,0.04559,993.0,0.04606,146.0,0.04607,1760.0
1753591920451,04:52:00.451,huobi,ACT/USDT:USDT,0.04566,41.0,0.04559,993.0,0.04606,146.0,0.04607,1760.0
1753591920491,04:52:00.491,huobi,ACT/USDT:USDT,0.04566,41.0,0.04559,993.0,0.04606,146.0,0.04607,1760.0
1753591920651,04:52:00.651,huobi,ACT/USDT:USDT,0.04566,41.0,0.04559,993.0,0.04606,146.0,0.04607,1760.0
1753591920665,04:52:00.665,huobi,ACT/USDT:USDT,0.04566,41.0,0.04524,591.0,0.04606,146.0,0.04607,1760.0
1753591921259,04:52:01.259,huobi,ACT/USDT:USDT,0.04566,41.0,0.04561,1896.0,0.04606,146.0,0.04607,1760.0
1753591921273,04:52:01.273,huobi,ACT/USDT:USDT,0.04566,41.0,0.04562,993.0,0.04606,146.0,0.04607,1760.0
1753591921381,04:52:01.381,huobi,ACT/USDT:USDT,0.04566,41.0,0.04562,993.0,0.04606,146.0,0.04607,1760.0
1753591921504,04:52:01.504,huobi,ACT/USDT:USDT,0.04566,41.0,0.04562,993.0,0.04606,146.0,0.04607,1760.0
1753591921593,04:52:01.593,huobi,ACT/USDT:USDT,0.04566,41.0,0.04562,993.0,0.04606,146.0,0.04607,1760.0
1753591921607,04:52:01.607,huobi,ACT/USDT:USDT,0.04566,41.0,0.04562,993.0,0.04606,146.0,0.04607,1760.0
1753591921632,04:52:01.632,huobi,ACT/USDT:USDT,0.04566,41.0,0.04554,993.0,0.04606,146.0,0.04607,1760.0
1753591921846,04:52:01.846,huobi,ACT/USDT:USDT,0.04566,41.0,0.04554,993.0,0.04606,83.0,0.04607,1760.0
1753591921869,04:52:01.869,huobi,ACT/USDT:USDT,0.04566,41.0,0.04554,993.0,0.04606,146.0,0.04607,1760.0
1753591921953,04:52:01.953,huobi,ACT/USDT:USDT,0.04566,41.0,0.04554,993.0,0.04606,83.0,0.04607,1760.0
1753591922022,04:52:02.022,huobi,ACT/USDT:USDT,0.04566,41.0,0.04554,993.0,0.04606,114.0,0.04607,1760.0
1753591923748,04:52:03.748,huobi,ACT/USDT:USDT,0.0458,76.0,0.04566,41.0,0.04606,114.0,0.04607,1760.0
1753591923755,04:52:03.755,huobi,ACT/USDT:USDT,0.04566,41.0,0.04554,993.0,0.04606,114.0,0.04607,1760.0
1753591923816,04:52:03.816,huobi,ACT/USDT:USDT,0.04566,15.0,0.04554,993.0,0.04606,114.0,0.04607,1760.0
1753591923855,04:52:03.855,huobi,ACT/USDT:USDT,0.04554,993.0,0.04553,2216.0,0.04606,114.0,0.04607,1760.0
1753591923884,04:52:03.884,huobi,ACT/USDT:USDT,0.04554,993.0,0.04553,2216.0,0.04606,114.0,0.04607,1760.0
1753591923911,04:52:03.911,huobi,ACT/USDT:USDT,0.04566,41.0,0.04554,993.0,0.04606,114.0,0.04607,1760.0
1753591923940,04:52:03.940,huobi,ACT/USDT:USDT,0.04566,41.0,0.04554,993.0,0.04606,114.0,0.04607,1760.0
1753591923970,04:52:03.970,huobi,ACT/USDT:USDT,0.04566,41.0,0.04554,993.0,0.04606,114.0,0.04607,1760.0
1753591924142,04:52:04.142,huobi,ACT/USDT:USDT,0.04566,41.0,0.04554,993.0,0.04606,114.0,0.04607,1760.0
1753591924180,04:52:04.180,huobi,ACT/USDT:USDT,0.04566,41.0,0.04554,993.0,0.04606,114.0,0.04607,1760.0
1753591924214,04:52:04.214,huobi,ACT/USDT:USDT,0.04566,41.0,0.04554,993.0,0.04606,114.0,0.04607,1760.0
1753591924246,04:52:04.246,huobi,ACT/USDT:USDT,0.04566,41.0,0.04554,993.0,0.04606,114.0,0.04607,1760.0
1753591924295,04:52:04.295,huobi,ACT/USDT:USDT,0.04566,41.0,0.04554,993.0,0.04606,114.0,0.04607,1760.0
1753591924341,04:52:04.341,huobi,ACT/USDT:USDT,0.04566,41.0,0.04554,993.0,0.04606,114.0,0.04607,1760.0
1753591924896,04:52:04.896,huobi,ACT/USDT:USDT,0.04566,41.0,0.04561,1896.0,0.04606,114.0,0.04607,1760.0
1753591925022,04:52:05.022,huobi,ACT/USDT:USDT,0.04566,41.0,0.04562,993.0,0.04606,114.0,0.04607,1760.0
1753591925082,04:52:05.082,huobi,ACT/USDT:USDT,0.04566,41.0,0.04562,993.0,0.04606,114.0,0.04607,1760.0
1753591925558,04:52:05.558,huobi,ACT/USDT:USDT,0.04566,41.0,0.04562,993.0,0.04606,114.0,0.04607,1760.0
1753591925586,04:52:05.586,huobi,ACT/USDT:USDT,0.04566,41.0,0.04561,993.0,0.04606,114.0,0.04607,1760.0
1753591926395,04:52:06.395,huobi,ACT/USDT:USDT,0.04566,125.0,0.04561,993.0,0.04606,114.0,0.04607,1760.0
1753591930243,04:52:10.243,huobi,ACT/USDT:USDT,0.04566,41.0,0.04561,993.0,0.04606,114.0,0.04607,1760.0
1753591930394,04:52:10.394,huobi,ACT/USDT:USDT,0.04566,41.0,0.04561,993.0,0.04606,114.0,0.04607,1855.0
1753591930460,04:52:10.460,huobi,ACT/USDT:USDT,0.04566,134.0,0.04561,993.0,0.04606,114.0,0.04607,1855.0
1753591930491,04:52:10.491,huobi,ACT/USDT:USDT,0.04566,134.0,0.04561,993.0,0.04606,114.0,0.04607,1855.0
1753591930700,04:52:10.700,huobi,ACT/USDT:USDT,0.04566,134.0,0.04561,993.0,0.04606,114.0,0.04607,1855.0
1753591930722,04:52:10.722,huobi,ACT/USDT:USDT,0.04566,134.0,0.04551,993.0,0.04606,114.0,0.04607,1855.0
1753591930796,04:52:10.796,huobi,ACT/USDT:USDT,0.04566,134.0,0.04551,993.0,0.04606,114.0,0.04607,1855.0
1753591930984,04:52:10.984,huobi,ACT/USDT:USDT,0.04566,134.0,0.04551,993.0,0.04606,114.0,0.04607,1855.0
1753591931130,04:52:11.130,huobi,ACT/USDT:USDT,0.04566,134.0,0.04557,1896.0,0.04606,114.0,0.04607,1855.0
1753591931213,04:52:11.213,huobi,ACT/USDT:USDT,0.04566,134.0,0.04558,993.0,0.04606,114.0,0.04607,1855.0
1753591931283,04:52:11.283,huobi,ACT/USDT:USDT,0.04566,134.0,0.04558,993.0,0.04606,114.0,0.04607,1855.0
1753591931296,04:52:11.296,huobi,ACT/USDT:USDT,0.04566,134.0,0.04551,993.0,0.04606,114.0,0.04607,1855.0
1753591931322,04:52:11.322,huobi,ACT/USDT:USDT,0.04566,134.0,0.04529,228.0,0.04606,114.0,0.04607,1855.0
1753591931400,04:52:11.400,huobi,ACT/USDT:USDT,0.04566,134.0,0.04551,993.0,0.04606,114.0,0.04607,1855.0
1753591931447,04:52:11.447,huobi,ACT/USDT:USDT,0.04566,134.0,0.04551,993.0,0.04606,114.0,0.04607,1855.0
1753591931474,04:52:11.474,huobi,ACT/USDT:USDT,0.04566,134.0,0.04551,993.0,0.04606,114.0,0.04607,1855.0
1753591931687,04:52:11.687,huobi,ACT/USDT:USDT,0.04566,134.0,0.04551,993.0,0.04606,114.0,0.04607,1855.0
1753591931719,04:52:11.719,huobi,ACT/USDT:USDT,0.04566,134.0,0.04551,993.0,0.04606,114.0,0.04607,1855.0
1753591931798,04:52:11.798,huobi,ACT/USDT:USDT,0.04566,134.0,0.04551,993.0,0.04606,114.0,0.04607,1855.0
1753591931859,04:52:11.859,huobi,ACT/USDT:USDT,0.04566,134.0,0.04551,993.0,0.04606,114.0,0.04607,1855.0
1753591932450,04:52:12.450,huobi,ACT/USDT:USDT,0.04566,41.0,0.04551,993.0,0.04606,114.0,0.04607,1855.0
1753591932484,04:52:12.484,huobi,ACT/USDT:USDT,0.04566,41.0,0.04554,1896.0,0.04606,114.0,0.04607,1855.0
1753591932607,04:52:12.607,huobi,ACT/USDT:USDT,0.04566,41.0,0.04555,993.0,0.04606,114.0,0.04607,1855.0
1753591932794,04:52:12.794,huobi,ACT/USDT:USDT,0.04566,41.0,0.04555,993.0,0.04606,114.0,0.04607,1855.0
1753591932882,04:52:12.882,huobi,ACT/USDT:USDT,0.04566,41.0,0.04555,993.0,0.04606,114.0,0.04607,1855.0
1753591935894,04:52:15.894,huobi,ACT/USDT:USDT,0.04566,41.0,0.04555,993.0,0.04606,114.0,0.04607,1855.0
1753591935905,04:52:15.905,huobi,ACT/USDT:USDT,0.04566,41.0,0.04553,1896.0,0.04606,114.0,0.04607,1855.0
1753591936063,04:52:16.063,huobi,ACT/USDT:USDT,0.04566,41.0,0.04554,993.0,0.04606,114.0,0.04607,1855.0
1753591936107,04:52:16.107,huobi,ACT/USDT:USDT,0.04566,41.0,0.04554,993.0,0.04606,114.0,0.04607,1855.0
1753591936185,04:52:16.185,huobi,ACT/USDT:USDT,0.04566,41.0,0.04554,993.0,0.04606,114.0,0.04607,1855.0
1753591939452,04:52:19.452,huobi,ACT/USDT:USDT,0.04566,41.0,0.04554,993.0,0.04606,114.0,0.04607,993.0
1753591939587,04:52:19.587,huobi,ACT/USDT:USDT,0.04566,41.0,0.04554,993.0,0.04606,114.0,0.04607,993.0
1753591939710,04:52:19.710,huobi,ACT/USDT:USDT,0.04566,41.0,0.04554,993.0,0.04606,114.0,0.04607,993.0
1753591939855,04:52:19.855,huobi,ACT/USDT:USDT,0.04566,41.0,0.04554,993.0,0.04606,114.0,0.04607,993.0
1753591940350,04:52:20.350,huobi,ACT/USDT:USDT,0.04566,41.0,0.04554,993.0,0.04606,114.0,0.04607,1811.0
1753591941363,04:52:21.363,huobi,ACT/USDT:USDT,0.04566,41.0,0.04554,993.0,0.04606,114.0,0.04607,1811.0
1753591941377,04:52:21.377,huobi,ACT/USDT:USDT,0.04566,41.0,0.04551,1896.0,0.04606,114.0,0.04607,1811.0
1753591941404,04:52:21.404,huobi,ACT/USDT:USDT,0.04566,41.0,0.04556,908.0,0.04606,114.0,0.04607,1811.0
1753591941483,04:52:21.483,huobi,ACT/USDT:USDT,0.04566,41.0,0.04557,993.0,0.04606,114.0,0.04607,1811.0
1753591941492,04:52:21.492,huobi,ACT/USDT:USDT,0.04566,41.0,0.04557,993.0,0.04606,114.0,0.04607,1811.0
1753591941525,04:52:21.525,huobi,ACT/USDT:USDT,0.04566,41.0,0.04557,993.0,0.04606,114.0,0.04607,3707.0
1753591942256,04:52:22.256,huobi,ACT/USDT:USDT,0.04566,41.0,0.04557,2889.0,0.04606,114.0,0.04607,3707.0
1753591942305,04:52:22.305,huobi,ACT/USDT:USDT,0.04566,41.0,0.04557,2889.0,0.04606,114.0,0.04607,3707.0
1753591942385,04:52:22.385,huobi,ACT/USDT:USDT,0.04566,41.0,0.04557,2889.0,0.04606,114.0,0.04607,1811.0
1753591943200,04:52:23.200,huobi,ACT/USDT:USDT,0.04566,41.0,0.04557,2889.0,0.04606,83.0,0.04607,1811.0
1753591943233,04:52:23.233,huobi,ACT/USDT:USDT,0.04566,41.0,0.04557,2889.0,0.04606,83.0,0.04607,1811.0
1753591943276,04:52:23.276,huobi,ACT/USDT:USDT,0.04566,41.0,0.04557,2889.0,0.04606,146.0,0.04607,1811.0
1753591943465,04:52:23.465,huobi,ACT/USDT:USDT,0.04566,41.0,0.04557,2889.0,0.04606,146.0,0.04607,1811.0
1753591943499,04:52:23.499,huobi,ACT/USDT:USDT,0.04566,41.0,0.04557,993.0,0.04606,146.0,0.04607,1811.0
1753591943697,04:52:23.697,huobi,ACT/USDT:USDT,0.04566,41.0,0.04557,993.0,0.04606,146.0,0.04607,1811.0
1753591946686,04:52:26.686,huobi,ACT/USDT:USDT,0.04566,41.0,0.04557,993.0,0.04606,146.0,0.04607,1811.0
1753591947696,04:52:27.696,huobi,ACT/USDT:USDT,0.04566,41.0,0.04563,1896.0,0.04606,146.0,0.04607,1811.0
1753591947799,04:52:27.799,huobi,ACT/USDT:USDT,0.04566,41.0,0.04564,993.0,0.04606,146.0,0.04607,1811.0
1753591947818,04:52:27.818,huobi,ACT/USDT:USDT,0.04566,41.0,0.04529,228.0,0.04606,146.0,0.04607,1811.0
1753591947896,04:52:27.896,huobi,ACT/USDT:USDT,0.04566,41.0,0.04553,1896.0,0.04606,146.0,0.04607,1811.0
1753591947909,04:52:27.909,huobi,ACT/USDT:USDT,0.04566,41.0,0.04554,993.0,0.04606,146.0,0.04607,1811.0
1753591948017,04:52:28.017,huobi,ACT/USDT:USDT,0.04566,41.0,0.04554,993.0,0.04606,146.0,0.04607,1811.0
1753591948341,04:52:28.341,huobi,ACT/USDT:USDT,0.04566,41.0,0.04554,993.0,0.04606,146.0,0.04607,1811.0
1753591948388,04:52:28.388,huobi,ACT/USDT:USDT,0.04566,41.0,0.04554,993.0,0.04606,146.0,0.04607,1811.0
1753591948476,04:52:28.476,huobi,ACT/USDT:USDT,0.04566,41.0,0.04554,993.0,0.04606,146.0,0.04607,1811.0
1753591949257,04:52:29.257,huobi,ACT/USDT:USDT,0.04566,41.0,0.04561,1896.0,0.04606,146.0,0.04607,1811.0
1753591949379,04:52:29.379,huobi,ACT/USDT:USDT,0.04566,41.0,0.04562,993.0,0.04606,146.0,0.04607,1811.0
1753591950076,04:52:30.076,huobi,ACT/USDT:USDT,0.04566,41.0,0.04562,993.0,0.04606,146.0,0.04607,1811.0
1753591950183,04:52:30.183,huobi,ACT/USDT:USDT,0.04566,41.0,0.04562,993.0,0.04606,146.0,0.04607,1811.0
1753591950195,04:52:30.195,huobi,ACT/USDT:USDT,0.04566,41.0,0.04529,228.0,0.04606,146.0,0.04607,1811.0
1753591950297,04:52:30.297,huobi,ACT/USDT:USDT,0.04566,41.0,0.04551,993.0,0.04606,146.0,0.04607,1811.0
1753591950604,04:52:30.604,huobi,ACT/USDT:USDT,0.04566,41.0,0.04551,993.0,0.04606,146.0,0.04607,1811.0
1753591950714,04:52:30.714,huobi,ACT/USDT:USDT,0.04566,41.0,0.04551,993.0,0.04606,146.0,0.04607,1811.0
1753591950787,04:52:30.787,huobi,ACT/USDT:USDT,0.04566,41.0,0.04551,993.0,0.04606,146.0,0.04607,1811.0
1753591951071,04:52:31.071,huobi,ACT/USDT:USDT,0.04566,41.0,0.04551,993.0,0.04606,146.0,0.04607,1811.0
1753591951125,04:52:31.125,huobi,ACT/USDT:USDT,0.04566,41.0,0.04551,993.0,0.04606,146.0,0.04607,1811.0
1753591951259,04:52:31.259,huobi,ACT/USDT:USDT,0.04566,41.0,0.04559,1896.0,0.04606,146.0,0.04607,1811.0
1753591951346,04:52:31.346,huobi,ACT/USDT:USDT,0.04566,41.0,0.0456,993.0,0.04606,146.0,0.04607,1811.0
1753591951455,04:52:31.455,huobi,ACT/USDT:USDT,0.04566,41.0,0.0456,993.0,0.04606,146.0,0.04607,1811.0
1753591955391,04:52:35.391,huobi,ACT/USDT:USDT,0.04566,41.0,0.0456,993.0,0.04606,146.0,0.04607,993.0
1753591955423,04:52:35.423,huobi,ACT/USDT:USDT,0.04566,41.0,0.0456,993.0,0.04606,146.0,0.04607,1862.0
1753591955563,04:52:35.563,huobi,ACT/USDT:USDT,0.04566,41.0,0.0456,993.0,0.04606,146.0,0.04607,1862.0
1753591955586,04:52:35.586,huobi,ACT/USDT:USDT,0.04566,41.0,0.0456,993.0,0.04606,146.0,0.04607,1862.0
1753591955699,04:52:35.699,huobi,ACT/USDT:USDT,0.04566,41.0,0.04551,993.0,0.04606,146.0,0.04607,1862.0
1753591955746,04:52:35.746,huobi,ACT/USDT:USDT,0.04566,41.0,0.04551,993.0,0.04606,146.0,0.04607,1862.0
1753591955963,04:52:35.963,huobi,ACT/USDT:USDT,0.04566,41.0,0.0456,1896.0,0.04606,146.0,0.04607,1862.0
1753591955977,04:52:35.977,huobi,ACT/USDT:USDT,0.04566,41.0,0.04561,993.0,0.04606,146.0,0.04607,1862.0
1753591956085,04:52:36.085,huobi,ACT/USDT:USDT,0.04566,41.0,0.04561,993.0,0.04606,146.0,0.04607,1862.0
1753591956182,04:52:36.182,huobi,ACT/USDT:USDT,0.04566,41.0,0.04561,993.0,0.04606,146.0,0.04607,1862.0
1753591956192,04:52:36.192,huobi,ACT/USDT:USDT,0.04566,41.0,0.04561,993.0,0.04606,146.0,0.04607,1862.0
1753591956280,04:52:36.280,huobi,ACT/USDT:USDT,0.04566,41.0,0.04561,993.0,0.04606,146.0,0.04607,1862.0
1753591956366,04:52:36.366,huobi,ACT/USDT:USDT,0.04566,41.0,0.04559,1896.0,0.04606,146.0,0.04607,1862.0
1753591956461,04:52:36.461,huobi,ACT/USDT:USDT,0.04566,41.0,0.0456,993.0,0.04606,146.0,0.04607,1862.0
1753591956491,04:52:36.491,huobi,ACT/USDT:USDT,0.04566,41.0,0.0456,993.0,0.04606,146.0,0.04607,1862.0
1753591956663,04:52:36.663,huobi,ACT/USDT:USDT,0.04566,41.0,0.0456,993.0,0.04606,146.0,0.04607,1862.0
1753591956687,04:52:36.687,huobi,ACT/USDT:USDT,0.04566,41.0,0.0456,993.0,0.04606,146.0,0.04607,1862.0
1753591956700,04:52:36.700,huobi,ACT/USDT:USDT,0.04566,41.0,0.04529,228.0,0.04606,146.0,0.04607,1862.0
1753591956784,04:52:36.784,huobi,ACT/USDT:USDT,0.04566,41.0,0.04551,993.0,0.04606,146.0,0.04607,1862.0
1753591956883,04:52:36.883,huobi,ACT/USDT:USDT,0.04566,41.0,0.04551,993.0,0.04606,146.0,0.04607,1862.0
1753591957103,04:52:37.103,huobi,ACT/USDT:USDT,0.04566,41.0,0.04551,993.0,0.04606,146.0,0.04607,1862.0
1753591957232,04:52:37.232,huobi,ACT/USDT:USDT,0.04566,41.0,0.04552,1896.0,0.04606,146.0,0.04607,1862.0
1753591957247,04:52:37.247,huobi,ACT/USDT:USDT,0.04566,41.0,0.04553,993.0,0.04606,146.0,0.04607,1862.0
1753591957354,04:52:37.354,huobi,ACT/USDT:USDT,0.04566,41.0,0.04553,993.0,0.04606,146.0,0.04607,1862.0
1753591957564,04:52:37.564,huobi,ACT/USDT:USDT,0.04566,41.0,0.04559,1896.0,0.04606,146.0,0.04607,1862.0
1753591957579,04:52:37.579,huobi,ACT/USDT:USDT,0.04566,41.0,0.0456,993.0,0.04606,146.0,0.04607,1862.0
1753591957671,04:52:37.671,huobi,ACT/USDT:USDT,0.04566,41.0,0.0456,993.0,0.04606,146.0,0.04607,1862.0
1753591957686,04:52:37.686,huobi,ACT/USDT:USDT,0.04566,41.0,0.0456,993.0,0.04606,146.0,0.04607,1862.0
1753591957784,04:52:37.784,huobi,ACT/USDT:USDT,0.04566,41.0,0.0456,993.0,0.04606,146.0,0.04607,1862.0
1753591958258,04:52:38.258,huobi,ACT/USDT:USDT,0.04566,41.0,0.0456,993.0,0.04606,146.0,0.04607,1862.0
1753591959718,04:52:39.718,huobi,ACT/USDT:USDT,0.04566,41.0,0.04561,993.0,0.04606,146.0,0.04607,1862.0
1753591959752,04:52:39.752,huobi,ACT/USDT:USDT,0.04566,41.0,0.04557,993.0,0.04606,146.0,0.04607,1862.0
1753591959828,04:52:39.828,huobi,ACT/USDT:USDT,0.04566,41.0,0.04556,1896.0,0.04606,146.0,0.04607,1862.0
1753591959869,04:52:39.869,huobi,ACT/USDT:USDT,0.04566,41.0,0.04557,993.0,0.04606,146.0,0.04607,1862.0
1753591961293,04:52:41.293,huobi,ACT/USDT:USDT,0.04566,41.0,0.04557,993.0,0.04606,146.0,0.04607,1862.0
1753591961326,04:52:41.326,huobi,ACT/USDT:USDT,0.04566,41.0,0.04551,993.0,0.04606,146.0,0.04607,1862.0
1753591961397,04:52:41.397,huobi,ACT/USDT:USDT,0.04566,41.0,0.04559,1896.0,0.04606,146.0,0.04607,1862.0
1753591961412,04:52:41.412,huobi,ACT/USDT:USDT,0.04566,41.0,0.0456,993.0,0.04606,146.0,0.04607,1862.0
1753591961462,04:52:41.462,huobi,ACT/USDT:USDT,0.04566,41.0,0.0456,993.0,0.04606,146.0,0.04607,1862.0
1753591961525,04:52:41.525,huobi,ACT/USDT:USDT,0.04566,41.0,0.0456,993.0,0.04606,146.0,0.04607,1862.0
1753591961592,04:52:41.592,huobi,ACT/USDT:USDT,0.04566,41.0,0.0456,993.0,0.04606,146.0,0.04607,1862.0
1753591962386,04:52:42.386,huobi,ACT/USDT:USDT,0.04566,41.0,0.04561,1896.0,0.04606,146.0,0.04607,1862.0
1753591962403,04:52:42.403,huobi,ACT/USDT:USDT,0.04566,41.0,0.04562,993.0,0.04606,146.0,0.04607,1862.0
1753591962508,04:52:42.508,huobi,ACT/USDT:USDT,0.04566,41.0,0.04562,993.0,0.04606,146.0,0.04607,1862.0
1753591962585,04:52:42.585,huobi,ACT/USDT:USDT,0.04566,41.0,0.04562,993.0,0.04606,146.0,0.04607,1862.0
1753591962803,04:52:42.803,huobi,ACT/USDT:USDT,0.04566,41.0,0.04562,993.0,0.04606,146.0,0.04607,1862.0
1753591962815,04:52:42.815,huobi,ACT/USDT:USDT,0.04566,41.0,0.04547,908.0,0.04606,146.0,0.04607,1862.0
1753591963426,04:52:43.426,huobi,ACT/USDT:USDT,0.04566,41.0,0.04559,1896.0,0.04606,146.0,0.04607,1862.0
1753591963487,04:52:43.487,huobi,ACT/USDT:USDT,0.04566,41.0,0.0456,993.0,0.04606,146.0,0.04607,1862.0
1753591963548,04:52:43.548,huobi,ACT/USDT:USDT,0.04566,41.0,0.0456,993.0,0.04606,146.0,0.04607,1862.0
1753591967041,04:52:47.041,huobi,ACT/USDT:USDT,0.04566,41.0,0.0456,993.0,0.04606,146.0,0.04607,993.0
1753591967746,04:52:47.746,huobi,ACT/USDT:USDT,0.04566,41.0,0.0456,993.0,0.04606,146.0,0.04607,1866.0
1753591968599,04:52:48.599,huobi,ACT/USDT:USDT,0.04566,41.0,0.0456,993.0,0.04606,146.0,0.04607,1866.0
1753591968652,04:52:48.652,huobi,ACT/USDT:USDT,0.04566,41.0,0.0456,993.0,0.04606,146.0,0.04607,1866.0
1753591968667,04:52:48.667,huobi,ACT/USDT:USDT,0.04566,41.0,0.04533,3416.0,0.04606,146.0,0.04607,1866.0
1753591968696,04:52:48.696,huobi,ACT/USDT:USDT,0.04566,41.0,0.04554,908.0,0.04606,146.0,0.04607,1866.0
1753591968819,04:52:48.819,huobi,ACT/USDT:USDT,0.04566,41.0,0.04555,993.0,0.04606,146.0,0.04607,1866.0
1753591968859,04:52:48.859,huobi,ACT/USDT:USDT,0.04566,41.0,0.04555,993.0,0.04606,146.0,0.04607,1866.0
1753591968898,04:52:48.898,huobi,ACT/USDT:USDT,0.04566,41.0,0.04555,993.0,0.04606,146.0,0.04607,1866.0
1753591969082,04:52:49.082,huobi,ACT/USDT:USDT,0.04566,41.0,0.04555,993.0,0.04606,146.0,0.04607,1866.0
1753591969092,04:52:49.092,huobi,ACT/USDT:USDT,0.04566,41.0,0.04555,993.0,0.04606,146.0,0.04607,1866.0
1753591969316,04:52:49.316,huobi,ACT/USDT:USDT,0.04566,41.0,0.04555,993.0,0.04606,146.0,0.04607,1866.0
1753591969346,04:52:49.346,huobi,ACT/USDT:USDT,0.04566,41.0,0.04555,993.0,0.04606,146.0,0.04607,1866.0
1753591969374,04:52:49.374,huobi,ACT/USDT:USDT,0.04566,41.0,0.04555,993.0,0.04606,146.0,0.04607,1866.0
1753591969599,04:52:49.599,huobi,ACT/USDT:USDT,0.04566,41.0,0.04555,993.0,0.04606,146.0,0.04607,1866.0
1753591970406,04:52:50.406,huobi,ACT/USDT:USDT,0.04566,41.0,0.04555,993.0,0.04606,146.0,0.04607,1866.0
1753591970499,04:52:50.499,huobi,ACT/USDT:USDT,0.04566,41.0,0.04558,1896.0,0.04606,146.0,0.04607,1866.0
1753591970536,04:52:50.536,huobi,ACT/USDT:USDT,0.04566,41.0,0.04559,993.0,0.04606,146.0,0.04607,1866.0
1753591970646,04:52:50.646,huobi,ACT/USDT:USDT,0.04566,41.0,0.04559,993.0,0.04606,146.0,0.04607,1866.0
1753591972155,04:52:52.155,huobi,ACT/USDT:USDT,0.04566,41.0,0.04559,993.0,0.04606,146.0,0.04607,993.0
1753591972197,04:52:52.197,huobi,ACT/USDT:USDT,0.04566,41.0,0.04559,993.0,0.04606,1004.0,0.04607,993.0
1753591972223,04:52:52.223,huobi,ACT/USDT:USDT,0.04566,41.0,0.04559,993.0,0.04605,993.0,0.04606,1004.0
1753591972291,04:52:52.291,huobi,ACT/USDT:USDT,0.04566,41.0,0.04559,993.0,0.04605,993.0,0.04606,146.0
1753591972294,04:52:52.294,huobi,ACT/USDT:USDT,0.04566,41.0,0.04559,993.0,0.04605,1851.0,0.04606,146.0
1753591972335,04:52:52.335,huobi,ACT/USDT:USDT,0.04566,41.0,0.04559,993.0,0.04605,858.0,0.04606,146.0
1753591975162,04:52:55.162,huobi,ACT/USDT:USDT,0.04566,41.0,0.04559,993.0,0.04605,858.0,0.04606,146.0
1753591975174,04:52:55.174,huobi,ACT/USDT:USDT,0.04566,41.0,0.04554,3124.0,0.04605,858.0,0.04606,146.0
1753591975394,04:52:55.394,huobi,ACT/USDT:USDT,0.04566,41.0,0.04564,1900.0,0.04605,858.0,0.04606,146.0
1753591975521,04:52:55.521,huobi,ACT/USDT:USDT,0.04566,41.0,0.04565,993.0,0.04605,858.0,0.04606,146.0
1753591975610,04:52:55.610,huobi,ACT/USDT:USDT,0.04566,41.0,0.04565,993.0,0.04605,858.0,0.04606,146.0
1753591975684,04:52:55.684,huobi,ACT/USDT:USDT,0.04566,41.0,0.04565,993.0,0.04605,858.0,0.04606,146.0
1753591975965,04:52:55.965,huobi,ACT/USDT:USDT,0.04566,41.0,0.04565,993.0,0.04605,858.0,0.04606,146.0
1753591975987,04:52:55.987,huobi,ACT/USDT:USDT,0.04566,41.0,0.04529,228.0,0.04605,858.0,0.04606,146.0
1753591976172,04:52:56.172,huobi,ACT/USDT:USDT,0.04566,41.0,0.04555,993.0,0.04605,858.0,0.04606,146.0
1753591976303,04:52:56.303,huobi,ACT/USDT:USDT,0.04566,41.0,0.04555,993.0,0.04605,858.0,0.04606,146.0
1753591976474,04:52:56.474,huobi,ACT/USDT:USDT,0.04566,41.0,0.04555,993.0,0.04605,858.0,0.04606,146.0
1753591976558,04:52:56.558,huobi,ACT/USDT:USDT,0.04566,41.0,0.04555,993.0,0.04605,858.0,0.04606,146.0
1753591976600,04:52:56.600,huobi,ACT/USDT:USDT,0.04566,41.0,0.04558,1900.0,0.04605,858.0,0.04606,146.0
1753591976614,04:52:56.614,huobi,ACT/USDT:USDT,0.04566,41.0,0.04559,993.0,0.04605,858.0,0.04606,146.0
1753591976723,04:52:56.723,huobi,ACT/USDT:USDT,0.04566,41.0,0.04559,993.0,0.04605,858.0,0.04606,146.0
1753591976994,04:52:56.994,huobi,ACT/USDT:USDT,0.04566,41.0,0.04559,993.0,0.04581,66.0,0.04605,858.0
1753591977009,04:52:57.009,huobi,ACT/USDT:USDT,0.04566,41.0,0.04559,993.0,0.04605,1851.0,0.04606,146.0
1753591977059,04:52:57.059,huobi,ACT/USDT:USDT,0.04566,41.0,0.04559,993.0,0.04605,1851.0,0.04606,83.0
1753591977071,04:52:57.071,huobi,ACT/USDT:USDT,0.04566,41.0,0.04535,3416.0,0.04605,1851.0,0.04606,83.0
1753591977109,04:52:57.109,huobi,ACT/USDT:USDT,0.04566,41.0,0.04563,1900.0,0.04605,1851.0,0.04606,83.0
1753591977129,04:52:57.129,huobi,ACT/USDT:USDT,0.04566,41.0,0.04563,1900.0,0.04604,63.0,0.04605,1851.0
1753591977187,04:52:57.187,huobi,ACT/USDT:USDT,0.04566,41.0,0.04564,993.0,0.04604,1056.0,0.04605,1851.0
1753591977239,04:52:57.239,huobi,ACT/USDT:USDT,0.04566,41.0,0.04535,3416.0,0.04604,1056.0,0.04605,1851.0
1753591977249,04:52:57.249,huobi,ACT/USDT:USDT,0.04566,41.0,0.04535,3416.0,0.04604,1056.0,0.04605,858.0
1753591977295,04:52:57.295,huobi,ACT/USDT:USDT,0.04566,41.0,0.04555,1900.0,0.04604,1056.0,0.04605,858.0
1753591977309,04:52:57.309,huobi,ACT/USDT:USDT,0.04566,41.0,0.04556,993.0,0.04604,1056.0,0.04605,858.0
1753591977362,04:52:57.362,huobi,ACT/USDT:USDT,0.04566,41.0,0.04556,993.0,0.04604,1056.0,0.04605,858.0
1753591977416,04:52:57.416,huobi,ACT/USDT:USDT,0.04566,41.0,0.04556,993.0,0.04604,1056.0,0.04605,858.0
1753591977482,04:52:57.482,huobi,ACT/USDT:USDT,0.04566,41.0,0.04556,993.0,0.04604,1056.0,0.04605,858.0
1753591977494,04:52:57.494,huobi,ACT/USDT:USDT,0.04566,41.0,0.04556,993.0,0.04604,63.0,0.04605,858.0
1753591977600,04:52:57.600,huobi,ACT/USDT:USDT,0.04566,41.0,0.04556,993.0,0.04604,63.0,0.04605,858.0
1753591978589,04:52:58.589,huobi,ACT/USDT:USDT,0.04566,41.0,0.04556,993.0,0.04604,63.0,0.04605,858.0
1753591978704,04:52:58.704,huobi,ACT/USDT:USDT,0.04566,41.0,0.04556,993.0,0.04604,63.0,0.04605,858.0
1753591978772,04:52:58.772,huobi,ACT/USDT:USDT,0.04566,41.0,0.04556,993.0,0.04604,63.0,0.04605,858.0
1753591978997,04:52:58.997,huobi,ACT/USDT:USDT,0.04566,41.0,0.04557,1900.0,0.04604,63.0,0.04605,858.0
1753591979120,04:52:59.120,huobi,ACT/USDT:USDT,0.04566,41.0,0.04558,993.0,0.04604,63.0,0.04605,858.0
1753591979940,04:52:59.940,huobi,ACT/USDT:USDT,0.04566,41.0,0.04558,993.0,0.04605,858.0,0.04606,83.0
1753591979962,04:52:59.962,huobi,ACT/USDT:USDT,0.04566,41.0,0.04558,993.0,0.04605,858.0,0.04606,83.0
1753591980023,04:53:00.023,huobi,ACT/USDT:USDT,0.04566,41.0,0.04558,993.0,0.04604,63.0,0.04605,858.0
1753591981239,04:53:01.239,huobi,ACT/USDT:USDT,0.04566,41.0,0.04558,993.0,0.04604,63.0,0.04605,858.0
1753591982612,04:53:02.612,huobi,ACT/USDT:USDT,0.04566,41.0,0.04558,993.0,0.04604,63.0,0.04605,858.0
1753591982695,04:53:02.695,huobi,ACT/USDT:USDT,0.04566,41.0,0.04558,993.0,0.04604,63.0,0.04605,858.0
1753591982706,04:53:02.706,huobi,ACT/USDT:USDT,0.04566,41.0,0.04529,228.0,0.04604,63.0,0.04605,858.0
1753591982797,04:53:02.797,huobi,ACT/USDT:USDT,0.04566,41.0,0.04552,993.0,0.04604,63.0,0.04605,858.0
1753591983558,04:53:03.558,huobi,ACT/USDT:USDT,0.04566,41.0,0.04561,1900.0,0.04604,63.0,0.04605,858.0
1753591983574,04:53:03.574,huobi,ACT/USDT:USDT,0.04566,41.0,0.04562,993.0,0.04604,63.0,0.04605,858.0
1753591983683,04:53:03.683,huobi,ACT/USDT:USDT,0.04566,41.0,0.04562,993.0,0.04604,63.0,0.04605,858.0
1753591987246,04:53:07.246,huobi,ACT/USDT:USDT,0.04566,41.0,0.04562,993.0,0.04604,63.0,0.04605,858.0
1753591987279,04:53:07.279,huobi,ACT/USDT:USDT,0.04566,41.0,0.04529,228.0,0.04604,1056.0,0.04605,858.0
1753591987294,04:53:07.294,huobi,ACT/USDT:USDT,0.04566,41.0,0.04552,993.0,0.04604,1056.0,0.04605,858.0
1753591987373,04:53:07.373,huobi,ACT/USDT:USDT,0.04566,41.0,0.04559,1900.0,0.04603,83.0,0.04604,1056.0
1753591987388,04:53:07.388,huobi,ACT/USDT:USDT,0.04566,41.0,0.04559,1900.0,0.04603,83.0,0.04604,1056.0
1753591987420,04:53:07.420,huobi,ACT/USDT:USDT,0.04566,159.0,0.0456,993.0,0.04603,952.0,0.04604,1056.0
1753591987501,04:53:07.501,huobi,ACT/USDT:USDT,0.04566,159.0,0.0456,993.0,0.04602,993.0,0.04603,952.0
1753591987508,04:53:07.508,huobi,ACT/USDT:USDT,0.04566,159.0,0.0456,993.0,0.04602,993.0,0.04603,952.0
1753591987543,04:53:07.543,huobi,ACT/USDT:USDT,0.04566,159.0,0.0456,993.0,0.04602,993.0,0.04603,952.0
1753591987587,04:53:07.587,huobi,ACT/USDT:USDT,0.04566,159.0,0.0456,993.0,0.04602,993.0,0.04603,952.0
1753591987683,04:53:07.683,huobi,ACT/USDT:USDT,0.04566,159.0,0.0456,993.0,0.04602,1862.0,0.04603,952.0
1753591987698,04:53:07.698,huobi,ACT/USDT:USDT,0.04566,159.0,0.04529,228.0,0.04602,1862.0,0.04603,83.0
1753591987764,04:53:07.764,huobi,ACT/USDT:USDT,0.04566,159.0,0.04557,1900.0,0.04602,1862.0,0.04603,83.0
1753591987781,04:53:07.781,huobi,ACT/USDT:USDT,0.04566,159.0,0.04558,993.0,0.04602,1862.0,0.04603,83.0
1753591987888,04:53:07.888,huobi,ACT/USDT:USDT,0.04566,159.0,0.04558,993.0,0.04602,1862.0,0.04603,83.0
1753591988003,04:53:08.003,huobi,ACT/USDT:USDT,0.04566,159.0,0.04558,993.0,0.04602,1862.0,0.04603,83.0
1753591988147,04:53:08.147,huobi,ACT/USDT:USDT,0.04566,159.0,0.04558,993.0,0.04602,1862.0,0.04603,83.0
1753591988169,04:53:08.169,huobi,ACT/USDT:USDT,0.04566,159.0,0.04552,993.0,0.04602,1862.0,0.04603,83.0
1753591988399,04:53:08.399,huobi,ACT/USDT:USDT,0.04566,159.0,0.04552,993.0,0.04602,1862.0,0.04603,83.0
1753591989471,04:53:09.471,huobi,ACT/USDT:USDT,0.04566,159.0,0.04556,1899.0,0.04602,1862.0,0.04603,83.0
1753591989485,04:53:09.485,huobi,ACT/USDT:USDT,0.04566,159.0,0.04557,993.0,0.04602,1862.0,0.04603,83.0
1753591989594,04:53:09.594,huobi,ACT/USDT:USDT,0.04566,159.0,0.04557,993.0,0.04602,1862.0,0.04603,83.0
1753591990711,04:53:10.711,huobi,ACT/USDT:USDT,0.04566,159.0,0.04557,993.0,0.04602,993.0,0.04603,83.0
1753591990716,04:53:10.716,huobi,ACT/USDT:USDT,0.04566,159.0,0.04557,993.0,0.04602,1693.0,0.04603,83.0
1753591990744,04:53:10.744,huobi,ACT/USDT:USDT,0.04566,159.0,0.04557,993.0,0.04602,700.0,0.04603,83.0
1753591990851,04:53:10.851,huobi,ACT/USDT:USDT,0.04566,159.0,0.04557,993.0,0.04602,700.0,0.04603,83.0
1753591990865,04:53:10.865,huobi,ACT/USDT:USDT,0.04566,159.0,0.04557,993.0,0.04602,700.0,0.04603,83.0
1753591991082,04:53:11.082,huobi,ACT/USDT:USDT,0.04566,159.0,0.04557,993.0,0.04602,700.0,0.04603,83.0
1753591991104,04:53:11.104,huobi,ACT/USDT:USDT,0.04566,159.0,0.04557,993.0,0.04602,700.0,0.04603,83.0
1753591992026,04:53:12.026,huobi,ACT/USDT:USDT,0.04566,159.0,0.04557,993.0,0.04602,700.0,0.04603,83.0
1753591992385,04:53:12.385,huobi,ACT/USDT:USDT,0.04566,159.0,0.04557,993.0,0.04601,63.0,0.04602,700.0
1753591992412,04:53:12.412,huobi,ACT/USDT:USDT,0.04566,159.0,0.04557,2892.0,0.04601,63.0,0.04602,564.0
1753591992429,04:53:12.429,huobi,ACT/USDT:USDT,0.04566,159.0,0.04557,2892.0,0.04601,63.0,0.04602,1557.0
1753591992492,04:53:12.492,huobi,ACT/USDT:USDT,0.04566,159.0,0.04557,993.0,0.04601,63.0,0.04602,993.0
1753591992515,04:53:12.515,huobi,ACT/USDT:USDT,0.04566,159.0,0.04551,993.0,0.04601,63.0,0.04602,993.0
1753591992551,04:53:12.551,huobi,ACT/USDT:USDT,0.04566,159.0,0.04551,993.0,0.04601,627.0,0.04602,993.0
1753591992592,04:53:12.592,huobi,ACT/USDT:USDT,0.04566,159.0,0.04551,993.0,0.046,993.0,0.04601,63.0
1753591992614,04:53:12.614,huobi,ACT/USDT:USDT,0.04566,159.0,0.04551,993.0,0.04601,63.0,0.04602,993.0
1753591992639,04:53:12.639,huobi,ACT/USDT:USDT,0.04566,159.0,0.04551,993.0,0.04601,1056.0,0.04602,993.0
1753591992674,04:53:12.674,huobi,ACT/USDT:USDT,0.04566,159.0,0.04551,993.0,0.04599,83.0,0.04601,1056.0
1753591992723,04:53:12.723,huobi,ACT/USDT:USDT,0.04566,159.0,0.04551,993.0,0.04599,83.0,0.04601,993.0
1753591992809,04:53:12.809,huobi,ACT/USDT:USDT,0.04566,159.0,0.04551,993.0,0.04599,569.0,0.04601,993.0
1753591992829,04:53:12.829,huobi,ACT/USDT:USDT,0.04566,159.0,0.04551,993.0,0.04598,993.0,0.04599,569.0
1753591992902,04:53:12.902,huobi,ACT/USDT:USDT,0.04566,159.0,0.04551,993.0,0.04598,993.0,0.04599,569.0
1753591992941,04:53:12.941,huobi,ACT/USDT:USDT,0.04566,159.0,0.04551,993.0,0.04598,993.0,0.04599,569.0
1753591993051,04:53:13.051,huobi,ACT/USDT:USDT,0.04566,159.0,0.04551,993.0,0.04598,993.0,0.04599,83.0
1753591993371,04:53:13.371,huobi,ACT/USDT:USDT,0.04566,159.0,0.04529,228.0,0.04598,1479.0,0.04599,83.0
1753591993449,04:53:13.449,huobi,ACT/USDT:USDT,0.04566,144.0,0.04529,228.0,0.04598,1479.0,0.04599,83.0
1753591993485,04:53:13.485,huobi,ACT/USDT:USDT,0.04566,159.0,0.04529,228.0,0.04598,1479.0,0.04599,83.0
1753591993595,04:53:13.595,huobi,ACT/USDT:USDT,0.04566,133.0,0.04529,228.0,0.04598,1479.0,0.04599,83.0
1753591993664,04:53:13.664,huobi,ACT/USDT:USDT,0.04566,144.0,0.04529,228.0,0.04598,1479.0,0.04599,83.0
1753591994976,04:53:14.976,huobi,ACT/USDT:USDT,0.04566,159.0,0.0455,993.0,0.04598,1479.0,0.04599,83.0
1753591995097,04:53:15.097,huobi,ACT/USDT:USDT,0.04566,159.0,0.0455,993.0,0.04598,1479.0,0.04599,83.0
1753591995185,04:53:15.185,huobi,ACT/USDT:USDT,0.04566,159.0,0.0455,993.0,0.04598,1479.0,0.04599,83.0
1753591995420,04:53:15.420,huobi,ACT/USDT:USDT,0.04566,159.0,0.0455,993.0,0.04598,993.0,0.04599,83.0
1753591995433,04:53:15.433,huobi,ACT/USDT:USDT,0.04566,159.0,0.0455,993.0,0.04599,83.0,0.04608,2852.0
1753591995454,04:53:15.454,huobi,ACT/USDT:USDT,0.04566,159.0,0.0455,993.0,0.04607,993.0,0.04608,2852.0
1753591995488,04:53:15.488,huobi,ACT/USDT:USDT,0.04566,159.0,0.0455,993.0,0.04607,993.0,0.04608,2852.0
1753591995525,04:53:15.525,huobi,ACT/USDT:USDT,0.04566,159.0,0.0455,993.0,0.04606,63.0,0.04607,1076.0
1753591995571,04:53:15.571,huobi,ACT/USDT:USDT,0.04566,159.0,0.0455,993.0,0.04606,63.0,0.04607,1076.0
1753591995578,04:53:15.578,huobi,ACT/USDT:USDT,0.04566,159.0,0.0455,993.0,0.04606,414.0,0.04607,1076.0
1753591995632,04:53:15.632,huobi,ACT/USDT:USDT,0.04566,123.0,0.04557,1900.0,0.04605,993.0,0.04606,349.0
1753591995638,04:53:15.638,huobi,ACT/USDT:USDT,0.04566,123.0,0.04557,1900.0,0.04606,349.0,0.04607,1076.0
1753591995681,04:53:15.681,huobi,ACT/USDT:USDT,0.04566,123.0,0.04558,993.0,0.04605,993.0,0.04606,349.0
1753591995707,04:53:15.707,huobi,ACT/USDT:USDT,0.04566,123.0,0.04558,993.0,0.04605,2893.0,0.04606,349.0
1753591995740,04:53:15.740,huobi,ACT/USDT:USDT,0.04566,123.0,0.0455,993.0,0.04605,993.0,0.04606,349.0
1753591995754,04:53:15.754,huobi,ACT/USDT:USDT,0.04566,123.0,0.0454,912.0,0.04605,993.0,0.04606,349.0
1753591995962,04:53:15.962,huobi,ACT/USDT:USDT,0.04566,123.0,0.0455,993.0,0.04605,993.0,0.04606,63.0
1753591997084,04:53:17.084,huobi,ACT/USDT:USDT,0.04566,123.0,0.0455,993.0,0.04605,1279.0,0.04606,63.0
1753591997218,04:53:17.218,huobi,ACT/USDT:USDT,0.04566,123.0,0.04551,2214.0,0.04605,1279.0,0.04606,63.0
1753591997236,04:53:17.236,huobi,ACT/USDT:USDT,0.04566,123.0,0.04552,993.0,0.04605,1279.0,0.04606,63.0
1753591997347,04:53:17.347,huobi,ACT/USDT:USDT,0.04566,123.0,0.04552,993.0,0.04605,1279.0,0.04606,63.0
1753591997561,04:53:17.561,huobi,ACT/USDT:USDT,0.04566,41.0,0.04552,993.0,0.04605,1279.0,0.04606,63.0
1753591998297,04:53:18.297,huobi,ACT/USDT:USDT,0.04566,91.0,0.04555,1900.0,0.04605,1279.0,0.04606,63.0
1753591998317,04:53:18.317,huobi,ACT/USDT:USDT,0.04566,91.0,0.04556,993.0,0.04605,1279.0,0.04606,63.0
1753591998387,04:53:18.387,huobi,ACT/USDT:USDT,0.04566,91.0,0.04556,993.0,0.04605,1279.0,0.04606,63.0
1753591998430,04:53:18.430,huobi,ACT/USDT:USDT,0.04566,91.0,0.04556,993.0,0.04605,1279.0,0.04606,63.0
1753591998490,04:53:18.490,huobi,ACT/USDT:USDT,0.04566,91.0,0.04556,993.0,0.04605,1279.0,0.04606,63.0
1753591998775,04:53:18.775,huobi,ACT/USDT:USDT,0.04566,91.0,0.04556,993.0,0.04605,1279.0,0.04606,63.0
1753591998787,04:53:18.787,huobi,ACT/USDT:USDT,0.04566,91.0,0.04531,3416.0,0.04605,1279.0,0.04606,63.0
1753592000160,04:53:20.160,huobi,ACT/USDT:USDT,0.04566,91.0,0.04555,1900.0,0.04605,1279.0,0.04606,63.0
1753592000174,04:53:20.174,huobi,ACT/USDT:USDT,0.04566,91.0,0.04556,993.0,0.04605,1279.0,0.04606,63.0
1753592000195,04:53:20.195,huobi,ACT/USDT:USDT,0.04566,91.0,0.04556,993.0,0.04605,1279.0,0.04606,63.0
1753592000283,04:53:20.283,huobi,ACT/USDT:USDT,0.04566,91.0,0.04556,993.0,0.04605,1279.0,0.04606,63.0
1753592001462,04:53:21.462,huobi,ACT/USDT:USDT,0.04566,91.0,0.04556,993.0,0.04605,993.0,0.04606,63.0
1753592001485,04:53:21.485,huobi,ACT/USDT:USDT,0.04566,91.0,0.04556,993.0,0.04605,360.0,0.04606,63.0
1753592001696,04:53:21.696,huobi,ACT/USDT:USDT,0.04566,91.0,0.04556,993.0,0.04605,360.0,0.04607,83.0
1753592001767,04:53:21.767,huobi,ACT/USDT:USDT,0.04566,91.0,0.04556,993.0,0.04603,993.0,0.04604,1900.0
1753592001786,04:53:21.786,huobi,ACT/USDT:USDT,0.04566,91.0,0.04556,993.0,0.04603,993.0,0.04604,1900.0
1753592001822,04:53:21.822,huobi,ACT/USDT:USDT,0.04566,91.0,0.04556,993.0,0.04602,83.0,0.04603,993.0
1753592001890,04:53:21.890,huobi,ACT/USDT:USDT,0.04566,91.0,0.04556,993.0,0.04602,83.0,0.04603,993.0
1753592001951,04:53:21.951,huobi,ACT/USDT:USDT,0.04566,91.0,0.04556,993.0,0.04602,83.0,0.04603,993.0
1753592001967,04:53:21.967,huobi,ACT/USDT:USDT,0.04566,91.0,0.04556,993.0,0.04601,993.0,0.04602,475.0
1753592002076,04:53:22.076,huobi,ACT/USDT:USDT,0.04566,91.0,0.04556,993.0,0.04601,993.0,0.04602,475.0
1753592002088,04:53:22.088,huobi,ACT/USDT:USDT,0.04566,91.0,0.04529,228.0,0.04601,993.0,0.04602,475.0
1753592003355,04:53:23.355,huobi,ACT/USDT:USDT,0.04566,91.0,0.04556,1900.0,0.04601,1398.0,0.04602,115.0
1753592003402,04:53:23.402,huobi,ACT/USDT:USDT,0.04566,91.0,0.04557,993.0,0.04601,1398.0,0.04602,115.0
1753592003509,04:53:23.509,huobi,ACT/USDT:USDT,0.04566,91.0,0.04557,993.0,0.04601,1398.0,0.04602,115.0
1753592003561,04:53:23.561,huobi,ACT/USDT:USDT,0.04566,41.0,0.04557,993.0,0.04601,1398.0,0.04602,115.0
1753592006781,04:53:26.781,huobi,ACT/USDT:USDT,0.04566,41.0,0.04557,993.0,0.04601,993.0,0.04602,115.0
1753592006807,04:53:26.807,huobi,ACT/USDT:USDT,0.04566,41.0,0.04557,993.0,0.04601,513.0,0.04602,115.0
1753592006832,04:53:26.832,huobi,ACT/USDT:USDT,0.04566,41.0,0.04557,993.0,0.04601,513.0,0.04602,115.0
1753592006857,04:53:26.857,huobi,ACT/USDT:USDT,0.04566,41.0,0.04529,228.0,0.04601,513.0,0.04602,115.0
1753592006885,04:53:26.885,huobi,ACT/USDT:USDT,0.04566,41.0,0.0455,993.0,0.04601,513.0,0.04602,115.0
1753592007102,04:53:27.102,huobi,ACT/USDT:USDT,0.04566,41.0,0.0455,993.0,0.04601,513.0,0.04602,115.0
1753592007166,04:53:27.166,huobi,ACT/USDT:USDT,0.04566,41.0,0.0455,993.0,0.04601,513.0,0.04602,115.0
1753592007188,04:53:27.188,huobi,ACT/USDT:USDT,0.04566,41.0,0.0455,993.0,0.04601,513.0,0.04602,115.0
1753592007326,04:53:27.326,huobi,ACT/USDT:USDT,0.04566,41.0,0.0455,993.0,0.04601,513.0,0.04602,115.0
1753592007484,04:53:27.484,huobi,ACT/USDT:USDT,0.04566,41.0,0.0455,993.0,0.04601,513.0,0.04602,115.0
1753592008490,04:53:28.490,huobi,ACT/USDT:USDT,0.04566,41.0,0.0455,993.0,0.04601,513.0,0.04602,115.0
1753592009545,04:53:29.545,huobi,ACT/USDT:USDT,0.04566,41.0,0.0455,993.0,0.04602,115.0,0.04607,993.0
1753592011359,04:53:31.359,huobi,ACT/USDT:USDT,0.04566,41.0,0.04553,1900.0,0.04601,409.0,0.04602,115.0
1753592011463,04:53:31.463,huobi,ACT/USDT:USDT,0.04566,41.0,0.04554,993.0,0.04601,409.0,0.04602,115.0
1753592011480,04:53:31.480,huobi,ACT/USDT:USDT,0.04566,41.0,0.04554,993.0,0.04602,115.0,0.04607,993.0
1753592011694,04:53:31.694,huobi,ACT/USDT:USDT,0.04566,41.0,0.04554,993.0,0.04602,115.0,0.04606,1900.0
1753592011714,04:53:31.714,huobi,ACT/USDT:USDT,0.04566,41.0,0.0455,1900.0,0.04602,115.0,0.04605,993.0
1753592011788,04:53:31.788,huobi,ACT/USDT:USDT,0.04566,41.0,0.04551,993.0,0.04602,115.0,0.04605,993.0
1753592011822,04:53:31.822,huobi,ACT/USDT:USDT,0.04566,41.0,0.04551,993.0,0.04602,115.0,0.04605,993.0
1753592011895,04:53:31.895,huobi,ACT/USDT:USDT,0.04566,41.0,0.04551,993.0,0.04602,115.0,0.04605,993.0
1753592012367,04:53:32.367,huobi,ACT/USDT:USDT,0.04566,41.0,0.04551,993.0,0.04602,429.0,0.04605,993.0
1753592012419,04:53:32.419,huobi,ACT/USDT:USDT,0.04566,41.0,0.04551,993.0,0.04602,397.0,0.04605,993.0
1753592012469,04:53:32.469,huobi,ACT/USDT:USDT,0.04566,41.0,0.04551,993.0,0.04601,993.0,0.04602,397.0
1753592012498,04:53:32.498,huobi,ACT/USDT:USDT,0.04566,41.0,0.04551,993.0,0.04601,1257.0,0.04602,83.0
1753592012532,04:53:32.532,huobi,ACT/USDT:USDT,0.04566,41.0,0.04551,993.0,0.04601,1257.0,0.04602,83.0
1753592012561,04:53:32.561,huobi,ACT/USDT:USDT,0.04566,41.0,0.04551,993.0,0.04601,1257.0,0.04602,83.0
1753592012587,04:53:32.587,huobi,ACT/USDT:USDT,0.04566,41.0,0.04551,993.0,0.04601,1257.0,0.04602,83.0
1753592012655,04:53:32.655,huobi,ACT/USDT:USDT,0.04566,41.0,0.04555,1900.0,0.04601,1257.0,0.04602,83.0
1753592012684,04:53:32.684,huobi,ACT/USDT:USDT,0.04566,41.0,0.04555,1900.0,0.04601,1257.0,0.04602,83.0
1753592012708,04:53:32.708,huobi,ACT/USDT:USDT,0.04566,41.0,0.04556,993.0,0.04601,1257.0,0.04602,83.0
1753592012771,04:53:32.771,huobi,ACT/USDT:USDT,0.04566,41.0,0.04556,993.0,0.04601,1257.0,0.04602,83.0
1753592012818,04:53:32.818,huobi,ACT/USDT:USDT,0.04566,41.0,0.04556,993.0,0.04601,1257.0,0.04602,83.0
1753592014453,04:53:34.453,huobi,ACT/USDT:USDT,0.04566,41.0,0.04556,993.0,0.04601,1257.0,0.04602,83.0
1753592014578,04:53:34.578,huobi,ACT/USDT:USDT,0.04566,41.0,0.04556,993.0,0.04601,1257.0,0.04602,83.0
1753592014697,04:53:34.697,huobi,ACT/USDT:USDT,0.04566,41.0,0.04557,1900.0,0.04601,1257.0,0.04602,83.0
1753592014820,04:53:34.820,huobi,ACT/USDT:USDT,0.04566,41.0,0.04558,993.0,0.04601,1257.0,0.04602,83.0
1753592015711,04:53:35.711,huobi,ACT/USDT:USDT,0.04566,41.0,0.04558,993.0,0.04601,993.0,0.04602,83.0
1753592015733,04:53:35.733,huobi,ACT/USDT:USDT,0.04566,41.0,0.04558,993.0,0.04601,206.0,0.04602,83.0
1753592015768,04:53:35.768,huobi,ACT/USDT:USDT,0.04566,41.0,0.04558,993.0,0.04601,206.0,0.04602,83.0
1753592015801,04:53:35.801,huobi,ACT/USDT:USDT,0.04566,41.0,0.04551,993.0,0.04601,206.0,0.04602,83.0
1753592015882,04:53:35.882,huobi,ACT/USDT:USDT,0.04566,41.0,0.04551,993.0,0.04601,206.0,0.04602,83.0
1753592015896,04:53:35.896,huobi,ACT/USDT:USDT,0.04566,41.0,0.04551,993.0,0.046,993.0,0.04601,206.0
1753592015921,04:53:35.921,huobi,ACT/USDT:USDT,0.04566,41.0,0.04551,993.0,0.046,993.0,0.04602,83.0
1753592016004,04:53:36.004,huobi,ACT/USDT:USDT,0.04566,41.0,0.04551,993.0,0.046,178.0,0.04602,83.0
1753592017422,04:53:37.422,huobi,ACT/USDT:USDT,0.04566,41.0,0.04551,993.0,0.04602,83.0,0.04607,993.0
1753592017448,04:53:37.448,huobi,ACT/USDT:USDT,0.04566,55.0,0.04561,1899.0,0.046,136.0,0.04607,993.0
1753592017475,04:53:37.475,huobi,ACT/USDT:USDT,0.04566,55.0,0.04562,993.0,0.046,136.0,0.04605,1899.0
1753592017535,04:53:37.535,huobi,ACT/USDT:USDT,0.04566,55.0,0.04562,993.0,0.04599,83.0,0.046,136.0
1753592017570,04:53:37.570,huobi,ACT/USDT:USDT,0.04566,55.0,0.04562,993.0,0.04599,83.0,0.046,136.0
1753592017594,04:53:37.594,huobi,ACT/USDT:USDT,0.04566,55.0,0.04562,993.0,0.04599,83.0,0.04604,993.0
1753592017643,04:53:37.643,huobi,ACT/USDT:USDT,0.04566,55.0,0.04562,993.0,0.04599,136.0,0.04603,83.0
1753592017657,04:53:37.657,huobi,ACT/USDT:USDT,0.04566,55.0,0.04562,993.0,0.04599,136.0,0.04602,993.0
1753592017694,04:53:37.694,huobi,ACT/USDT:USDT,0.04566,55.0,0.04562,993.0,0.04598,83.0,0.04599,136.0
1753592017724,04:53:37.724,huobi,ACT/USDT:USDT,0.04566,55.0,0.04562,993.0,0.04598,83.0,0.04599,136.0
1753592017763,04:53:37.763,huobi,ACT/USDT:USDT,0.04566,55.0,0.04562,993.0,0.04598,83.0,0.04599,136.0
1753592017777,04:53:37.777,huobi,ACT/USDT:USDT,0.04566,55.0,0.04562,993.0,0.04598,1076.0,0.04599,136.0
1753592017885,04:53:37.885,huobi,ACT/USDT:USDT,0.04566,55.0,0.04562,993.0,0.04598,1076.0,0.04599,136.0
1753592017982,04:53:37.982,huobi,ACT/USDT:USDT,0.04566,55.0,0.04562,993.0,0.04598,1076.0,0.04599,136.0
1753592017994,04:53:37.994,huobi,ACT/USDT:USDT,0.04566,55.0,0.04529,228.0,0.04598,1076.0,0.04599,136.0
1753592018061,04:53:38.061,huobi,ACT/USDT:USDT,0.04566,55.0,0.04551,993.0,0.04598,1208.0,0.04604,1899.0
1753592018084,04:53:38.084,huobi,ACT/USDT:USDT,0.04566,55.0,0.04551,993.0,0.04598,1208.0,0.04604,1899.0
1753592018298,04:53:38.298,huobi,ACT/USDT:USDT,0.04566,55.0,0.0456,1899.0,0.04598,1208.0,0.04604,1899.0
1753592018362,04:53:38.362,huobi,ACT/USDT:USDT,0.04566,55.0,0.04561,993.0,0.04598,1208.0,0.04604,1899.0
1753592018392,04:53:38.392,huobi,ACT/USDT:USDT,0.04566,55.0,0.04561,993.0,0.04598,1208.0,0.04608,2852.0
1753592018469,04:53:38.469,huobi,ACT/USDT:USDT,0.04566,55.0,0.04561,993.0,0.04598,1208.0,0.04608,2852.0
1753592018594,04:53:38.594,huobi,ACT/USDT:USDT,0.04566,55.0,0.04561,993.0,0.04598,1208.0,0.04608,2852.0
1753592018615,04:53:38.615,huobi,ACT/USDT:USDT,0.04566,55.0,0.04561,993.0,0.04598,1208.0,0.04608,2852.0
1753592018659,04:53:38.659,huobi,ACT/USDT:USDT,0.04566,55.0,0.04561,993.0,0.04598,1208.0,0.04608,2852.0
1753592018681,04:53:38.681,huobi,ACT/USDT:USDT,0.04566,29.0,0.0456,993.0,0.04598,1208.0,0.04608,2852.0
1753592018709,04:53:38.709,huobi,ACT/USDT:USDT,0.04566,29.0,0.0456,993.0,0.04598,1208.0,0.04608,2852.0
1753592018735,04:53:38.735,huobi,ACT/USDT:USDT,0.04566,29.0,0.0456,993.0,0.04598,1208.0,0.04608,2852.0
1753592018769,04:53:38.769,huobi,ACT/USDT:USDT,0.04566,55.0,0.0456,993.0,0.04598,1208.0,0.04608,2852.0
1753592018810,04:53:38.810,huobi,ACT/USDT:USDT,0.04566,55.0,0.0456,993.0,0.04598,1208.0,0.04604,1899.0
1753592018975,04:53:38.975,huobi,ACT/USDT:USDT,0.04566,55.0,0.0456,993.0,0.04598,1208.0,0.04604,1899.0
1753592019007,04:53:39.007,huobi,ACT/USDT:USDT,0.04566,55.0,0.0456,993.0,0.04598,1208.0,0.04604,1899.0
1753592019039,04:53:39.039,huobi,ACT/USDT:USDT,0.04566,55.0,0.0456,993.0,0.04598,1208.0,0.04604,1899.0
1753592019079,04:53:39.079,huobi,ACT/USDT:USDT,0.04566,55.0,0.0456,993.0,0.04598,1208.0,0.04604,1899.0
1753592019114,04:53:39.114,huobi,ACT/USDT:USDT,0.04566,55.0,0.0456,993.0,0.04598,1208.0,0.04604,1899.0
1753592019145,04:53:39.145,huobi,ACT/USDT:USDT,0.04566,55.0,0.0456,993.0,0.04598,1208.0,0.04604,1899.0
1753592021306,04:53:41.306,huobi,ACT/USDT:USDT,0.04566,29.0,0.0456,993.0,0.04598,1208.0,0.04604,1899.0
1753592021375,04:53:41.375,huobi,ACT/USDT:USDT,0.04566,20.0,0.0456,993.0,0.04598,1208.0,0.04604,1899.0
1753592021534,04:53:41.534,huobi,ACT/USDT:USDT,0.04566,26.0,0.0456,993.0,0.04598,1208.0,0.04604,1899.0
1753592021583,04:53:41.583,huobi,ACT/USDT:USDT,0.04566,26.0,0.0456,993.0,0.04598,1208.0,0.04604,1899.0
1753592021587,04:53:41.587,huobi,ACT/USDT:USDT,0.04566,26.0,0.0456,993.0,0.04598,1208.0,0.04608,2852.0
1753592021683,04:53:41.683,huobi,ACT/USDT:USDT,0.04566,26.0,0.04551,993.0,0.04598,1208.0,0.04608,2852.0
1753592021706,04:53:41.706,huobi,ACT/USDT:USDT,0.04566,26.0,0.0456,1900.0,0.04598,1208.0,0.04608,2852.0
1753592021740,04:53:41.740,huobi,ACT/USDT:USDT,0.04566,26.0,0.04561,993.0,0.04598,1208.0,0.04608,2852.0
1753592021782,04:53:41.782,huobi,ACT/USDT:USDT,0.04566,26.0,0.04561,993.0,0.04598,1208.0,0.04608,2852.0
1753592021829,04:53:41.829,huobi,ACT/USDT:USDT,0.04566,26.0,0.04561,993.0,0.04598,1208.0,0.04608,2852.0
1753592021897,04:53:41.897,huobi,ACT/USDT:USDT,0.04566,26.0,0.04561,993.0,0.04598,1208.0,0.04608,2852.0
1753592022356,04:53:42.356,huobi,ACT/USDT:USDT,0.04566,26.0,0.04529,228.0,0.04598,1208.0,0.04608,2852.0
1753592022370,04:53:42.370,huobi,ACT/USDT:USDT,0.04566,26.0,0.04551,993.0,0.04598,1208.0,0.04608,2852.0
1753592022398,04:53:42.398,huobi,ACT/USDT:USDT,0.04566,26.0,0.04551,993.0,0.04598,1208.0,0.04608,2852.0
1753592022454,04:53:42.454,huobi,ACT/USDT:USDT,0.04566,12.0,0.04551,993.0,0.04598,1376.0,0.04608,2852.0
1753592022573,04:53:42.573,huobi,ACT/USDT:USDT,0.04566,12.0,0.04551,993.0,0.04598,1244.0,0.04608,2852.0
1753592022647,04:53:42.647,huobi,ACT/USDT:USDT,0.04566,12.0,0.04551,993.0,0.04598,1244.0,0.04608,2852.0
1753592022700,04:53:42.700,huobi,ACT/USDT:USDT,0.04566,12.0,0.04551,993.0,0.04598,1244.0,0.04604,1900.0
1753592022768,04:53:42.768,huobi,ACT/USDT:USDT,0.04566,12.0,0.04551,993.0,0.04598,1244.0,0.04604,1900.0
1753592022791,04:53:42.791,huobi,ACT/USDT:USDT,0.04566,12.0,0.04551,993.0,0.04598,1244.0,0.04604,1900.0
1753592022948,04:53:42.948,huobi,ACT/USDT:USDT,0.04566,12.0,0.04551,993.0,0.04598,1244.0,0.04608,2852.0
1753592023047,04:53:43.047,huobi,ACT/USDT:USDT,0.04566,12.0,0.04551,993.0,0.04598,1244.0,0.04608,2852.0
1753592023137,04:53:43.137,huobi,ACT/USDT:USDT,0.04566,12.0,0.04551,993.0,0.04598,1244.0,0.04608,2852.0
1753592023563,04:53:43.563,huobi,ACT/USDT:USDT,0.04566,26.0,0.04551,993.0,0.04598,1244.0,0.04608,2852.0
1753592023576,04:53:43.576,huobi,ACT/USDT:USDT,0.04566,12.0,0.04551,993.0,0.04598,1244.0,0.04608,2852.0
1753592024475,04:53:44.475,huobi,ACT/USDT:USDT,0.04566,12.0,0.04551,993.0,0.04598,1244.0,0.04608,2852.0
1753592024597,04:53:44.597,huobi,ACT/USDT:USDT,0.04566,12.0,0.04551,993.0,0.04598,1244.0,0.04608,2852.0
1753592024675,04:53:44.675,huobi,ACT/USDT:USDT,0.04566,12.0,0.04551,993.0,0.04598,1244.0,0.04608,2852.0
1753592024693,04:53:44.693,huobi,ACT/USDT:USDT,0.04566,12.0,0.04551,993.0,0.04598,1244.0,0.04608,2852.0
1753592024755,04:53:44.755,huobi,ACT/USDT:USDT,0.04566,12.0,0.04551,993.0,0.04598,1244.0,0.04608,2852.0
1753592024767,04:53:44.767,huobi,ACT/USDT:USDT,0.04566,12.0,0.04551,993.0,0.04598,1244.0,0.04605,1900.0
1753592024830,04:53:44.830,huobi,ACT/USDT:USDT,0.04566,12.0,0.04551,993.0,0.04598,1244.0,0.04608,2852.0
1753592025785,04:53:45.785,huobi,ACT/USDT:USDT,0.04566,12.0,0.04551,993.0,0.04598,1244.0,0.04608,2852.0
1753592025860,04:53:45.860,huobi,ACT/USDT:USDT,0.04566,12.0,0.04554,1900.0,0.04598,1244.0,0.04608,2852.0
1753592025881,04:53:45.881,huobi,ACT/USDT:USDT,0.04566,12.0,0.04555,993.0,0.04598,1244.0,0.04608,2852.0
1753592025988,04:53:45.988,huobi,ACT/USDT:USDT,0.04566,12.0,0.04555,993.0,0.04598,1244.0,0.04608,2852.0
1753592026106,04:53:46.106,huobi,ACT/USDT:USDT,0.04566,12.0,0.04555,993.0,0.04598,1244.0,0.04608,2852.0
1753592026193,04:53:46.193,huobi,ACT/USDT:USDT,0.04566,12.0,0.04555,993.0,0.04598,1244.0,0.04608,2852.0
1753592026274,04:53:46.274,huobi,ACT/USDT:USDT,0.04566,12.0,0.04555,993.0,0.04598,1244.0,0.04608,2852.0
1753592026653,04:53:46.653,huobi,ACT/USDT:USDT,0.04566,12.0,0.04555,993.0,0.04598,1244.0,0.04608,2852.0
1753592027688,04:53:47.688,huobi,ACT/USDT:USDT,0.04566,12.0,0.04555,993.0,0.04598,1244.0,0.04608,2852.0
1753592030796,04:53:50.796,huobi,ACT/USDT:USDT,0.04566,12.0,0.04555,993.0,0.04598,1244.0,0.04608,2852.0
1753592030896,04:53:50.896,huobi,ACT/USDT:USDT,0.04566,12.0,0.04555,993.0,0.04598,1244.0,0.04608,2852.0
1753592031070,04:53:51.070,huobi,ACT/USDT:USDT,0.04566,12.0,0.04555,993.0,0.04598,1244.0,0.04608,2852.0
1753592031195,04:53:51.195,huobi,ACT/USDT:USDT,0.04566,12.0,0.04555,993.0,0.04598,1244.0,0.04608,2852.0
1753592031283,04:53:51.283,huobi,ACT/USDT:USDT,0.04566,12.0,0.04555,993.0,0.04598,1244.0,0.04608,2852.0
1753592031574,04:53:51.574,huobi,ACT/USDT:USDT,0.04566,12.0,0.04555,993.0,0.04598,1244.0,0.04605,1900.0
1753592031699,04:53:51.699,huobi,ACT/USDT:USDT,0.04566,12.0,0.04555,993.0,0.04598,1244.0,0.04605,1900.0
1753592032684,04:53:52.684,huobi,ACT/USDT:USDT,0.04566,12.0,0.04555,993.0,0.04598,1244.0,0.04605,1900.0
1753592032783,04:53:52.783,huobi,ACT/USDT:USDT,0.04566,12.0,0.04555,993.0,0.04598,1244.0,0.04605,1900.0
1753592032862,04:53:52.862,huobi,ACT/USDT:USDT,0.04566,12.0,0.04555,993.0,0.04598,1244.0,0.04605,1900.0
1753592032891,04:53:52.891,huobi,ACT/USDT:USDT,0.04566,12.0,0.04555,993.0,0.04598,1244.0,0.04605,1900.0
1753592032898,04:53:52.898,huobi,ACT/USDT:USDT,0.04566,12.0,0.04555,993.0,0.04598,1244.0,0.04605,1900.0
1753592033099,04:53:53.099,huobi,ACT/USDT:USDT,0.04566,12.0,0.04555,993.0,0.04598,1244.0,0.04608,2852.0
1753592033179,04:53:53.179,huobi,ACT/USDT:USDT,0.04566,12.0,0.04555,993.0,0.04598,1244.0,0.04608,2852.0
1753592033303,04:53:53.303,huobi,ACT/USDT:USDT,0.04566,12.0,0.04555,993.0,0.04598,1244.0,0.04608,2852.0
1753592033329,04:53:53.329,huobi,ACT/USDT:USDT,0.04566,12.0,0.04553,993.0,0.04598,1244.0,0.04608,2852.0
1753592033465,04:53:53.465,huobi,ACT/USDT:USDT,0.04566,12.0,0.04553,993.0,0.04598,1244.0,0.04608,2852.0
1753592033498,04:53:53.498,huobi,ACT/USDT:USDT,0.04566,12.0,0.04553,993.0,0.04598,1244.0,0.04608,2852.0
1753592034767,04:53:54.767,huobi,ACT/USDT:USDT,0.04566,12.0,0.04553,993.0,0.04598,1244.0,0.04608,2852.0
1753592034785,04:53:54.785,huobi,ACT/USDT:USDT,0.04566,12.0,0.04553,993.0,0.04598,1244.0,0.04608,2852.0
1753592034982,04:53:54.982,huobi,ACT/USDT:USDT,0.04566,12.0,0.04553,993.0,0.04598,1244.0,0.04608,2852.0
1753592035238,04:53:55.238,huobi,ACT/USDT:USDT,0.04566,12.0,0.04556,1900.0,0.04598,1244.0,0.04608,2852.0
1753592035299,04:53:55.299,huobi,ACT/USDT:USDT,0.04566,12.0,0.04557,993.0,0.04598,1244.0,0.04608,2852.0
1753592035360,04:53:55.360,huobi,ACT/USDT:USDT,0.04566,12.0,0.04557,993.0,0.04598,1244.0,0.04608,2852.0
1753592035393,04:53:55.393,huobi,ACT/USDT:USDT,0.04566,12.0,0.04557,993.0,0.04598,1244.0,0.04605,1900.0
1753592035586,04:53:55.586,huobi,ACT/USDT:USDT,0.04566,12.0,0.04557,993.0,0.04598,1244.0,0.04605,1900.0
1753592038250,04:53:58.250,huobi,ACT/USDT:USDT,0.04566,12.0,0.04557,993.0,0.04598,1244.0,0.04605,1900.0
1753592038304,04:53:58.304,huobi,ACT/USDT:USDT,0.04566,12.0,0.04557,993.0,0.04598,1244.0,0.04605,1900.0
1753592038387,04:53:58.387,huobi,ACT/USDT:USDT,0.04566,12.0,0.04557,993.0,0.04598,1244.0,0.04608,2852.0
1753592038585,04:53:58.585,huobi,ACT/USDT:USDT,0.04566,12.0,0.04557,993.0,0.04598,1244.0,0.04608,2852.0
1753592038646,04:53:58.646,huobi,ACT/USDT:USDT,0.04566,12.0,0.04557,993.0,0.04598,1244.0,0.04608,2852.0
1753592038704,04:53:58.704,huobi,ACT/USDT:USDT,0.04566,12.0,0.04557,993.0,0.04598,1244.0,0.04608,2852.0
1753592038718,04:53:58.718,huobi,ACT/USDT:USDT,0.04566,12.0,0.04555,2216.0,0.04598,1244.0,0.04608,2852.0
1753592038777,04:53:58.777,huobi,ACT/USDT:USDT,0.04566,12.0,0.04556,993.0,0.04598,1244.0,0.04608,2852.0
1753592039055,04:53:59.055,huobi,ACT/USDT:USDT,0.04566,12.0,0.04556,993.0,0.04598,1244.0,0.04608,2852.0
1753592039093,04:53:59.093,huobi,ACT/USDT:USDT,0.04566,12.0,0.04556,993.0,0.04598,1244.0,0.04608,2852.0
1753592039282,04:53:59.282,huobi,ACT/USDT:USDT,0.04566,12.0,0.04556,993.0,0.04598,1244.0,0.04608,2852.0
1753592039302,04:53:59.302,huobi,ACT/USDT:USDT,0.04566,12.0,0.04556,993.0,0.04598,1244.0,0.04608,2852.0
1753592039380,04:53:59.380,huobi,ACT/USDT:USDT,0.04566,12.0,0.04556,993.0,0.04598,1244.0,0.04608,2852.0
1753592039667,04:53:59.667,huobi,ACT/USDT:USDT,0.04566,12.0,0.04558,1900.0,0.04598,1244.0,0.04605,1900.0
1753592039700,04:53:59.700,huobi,ACT/USDT:USDT,0.04566,12.0,0.04558,1900.0,0.04598,1244.0,0.04605,1900.0
1753592039796,04:53:59.796,huobi,ACT/USDT:USDT,0.04566,12.0,0.04559,993.0,0.04598,1244.0,0.04605,1900.0
1753592039883,04:53:59.883,huobi,ACT/USDT:USDT,0.04566,12.0,0.04559,993.0,0.04598,1244.0,0.04605,1900.0
1753592039886,04:53:59.886,huobi,ACT/USDT:USDT,0.04566,12.0,0.04559,993.0,0.04598,1244.0,0.04608,2852.0
1753592040072,04:54:00.072,huobi,ACT/USDT:USDT,0.04566,12.0,0.04559,993.0,0.04598,1244.0,0.04608,2852.0
1753592040101,04:54:00.101,huobi,ACT/USDT:USDT,0.04566,12.0,0.04557,1900.0,0.04598,1244.0,0.04608,2852.0
1753592040126,04:54:00.126,huobi,ACT/USDT:USDT,0.04566,12.0,0.04558,993.0,0.04598,1244.0,0.04608,2852.0
1753592040167,04:54:00.167,huobi,ACT/USDT:USDT,0.04566,12.0,0.04558,993.0,0.04598,1244.0,0.04608,2852.0
1753592041294,04:54:01.294,huobi,ACT/USDT:USDT,0.04566,12.0,0.04558,993.0,0.04598,1244.0,0.04608,2852.0
1753592041384,04:54:01.384,huobi,ACT/USDT:USDT,0.04566,12.0,0.04558,993.0,0.04598,1244.0,0.04608,2852.0
1753592041495,04:54:01.495,huobi,ACT/USDT:USDT,0.04566,12.0,0.04552,993.0,0.04598,1244.0,0.04608,2852.0
1753592041514,04:54:01.514,huobi,ACT/USDT:USDT,0.04566,12.0,0.04552,993.0,0.04598,1244.0,0.04608,2852.0
1753592041586,04:54:01.586,huobi,ACT/USDT:USDT,0.04566,12.0,0.04552,993.0,0.04598,1244.0,0.04608,2852.0
1753592041670,04:54:01.670,huobi,ACT/USDT:USDT,0.04566,12.0,0.04552,993.0,0.04598,1244.0,0.04608,2852.0
1753592044169,04:54:04.169,huobi,ACT/USDT:USDT,0.04566,12.0,0.04552,993.0,0.04598,1076.0,0.04608,2852.0
1753592044185,04:54:04.185,huobi,ACT/USDT:USDT,0.04566,12.0,0.04552,993.0,0.04598,83.0,0.04607,188.0
1753592044208,04:54:04.208,huobi,ACT/USDT:USDT,0.04566,12.0,0.04552,993.0,0.04607,188.0,0.04608,2852.0
1753592044255,04:54:04.255,huobi,ACT/USDT:USDT,0.04566,12.0,0.04552,993.0,0.04606,83.0,0.04608,2852.0
1753592044266,04:54:04.266,huobi,ACT/USDT:USDT,0.04566,12.0,0.04552,993.0,0.04606,83.0,0.04608,2852.0
1753592044298,04:54:04.298,huobi,ACT/USDT:USDT,0.04566,12.0,0.04561,912.0,0.04606,83.0,0.04608,2852.0
1753592044343,04:54:04.343,huobi,ACT/USDT:USDT,0.04567,1900.0,0.04566,12.0,0.04608,3040.0,0.04636,3420.0
1753592044369,04:54:04.369,huobi,ACT/USDT:USDT,0.04566,12.0,0.04562,993.0,0.04608,2852.0,0.04636,3420.0
1753592044390,04:54:04.390,huobi,ACT/USDT:USDT,0.04566,12.0,0.04552,993.0,0.04607,83.0,0.04608,2852.0
1753592044421,04:54:04.421,huobi,ACT/USDT:USDT,0.04566,12.0,0.0454,3420.0,0.04607,83.0,0.04608,2852.0
1753592044455,04:54:04.455,huobi,ACT/USDT:USDT,0.04566,12.0,0.04555,993.0,0.04607,83.0,0.04608,2852.0
1753592044478,04:54:04.478,huobi,ACT/USDT:USDT,0.04566,12.0,0.04555,993.0,0.04607,1076.0,0.04608,2852.0
1753592044529,04:54:04.529,huobi,ACT/USDT:USDT,0.04566,12.0,0.04555,993.0,0.04607,1076.0,0.04608,2852.0
1753592044569,04:54:04.569,huobi,ACT/USDT:USDT,0.04566,12.0,0.04555,993.0,0.04607,1076.0,0.04608,2852.0
1753592044640,04:54:04.640,huobi,ACT/USDT:USDT,0.04566,12.0,0.04555,993.0,0.04607,1076.0,0.04608,2852.0
1753592044691,04:54:04.691,huobi,ACT/USDT:USDT,0.04566,12.0,0.04555,993.0,0.04607,1076.0,0.04608,2852.0
1753592044726,04:54:04.726,huobi,ACT/USDT:USDT,0.04566,12.0,0.04555,993.0,0.04607,1076.0,0.04608,2852.0
1753592044748,04:54:04.748,huobi,ACT/USDT:USDT,0.04566,12.0,0.04555,993.0,0.04607,1076.0,0.04608,2852.0
1753592044789,04:54:04.789,huobi,ACT/USDT:USDT,0.04566,83.0,0.04555,993.0,0.04607,1076.0,0.04608,2852.0
1753592044828,04:54:04.828,huobi,ACT/USDT:USDT,0.04566,83.0,0.04555,993.0,0.04607,1076.0,0.04608,2852.0
1753592044885,04:54:04.885,huobi,ACT/USDT:USDT,0.04566,83.0,0.04555,993.0,0.04607,1076.0,0.04608,2852.0
1753592046096,04:54:06.096,huobi,ACT/USDT:USDT,0.04566,83.0,0.04559,1900.0,0.04607,1076.0,0.04608,2852.0
1753592046218,04:54:06.218,huobi,ACT/USDT:USDT,0.04566,83.0,0.0456,993.0,0.04607,1076.0,0.04608,2852.0
1753592046283,04:54:06.283,huobi,ACT/USDT:USDT,0.04566,83.0,0.0456,993.0,0.04607,1076.0,0.04608,2852.0
1753592046562,04:54:06.562,huobi,ACT/USDT:USDT,0.04566,83.0,0.0456,993.0,0.04607,1076.0,0.04608,2852.0
1753592047294,04:54:07.294,huobi,ACT/USDT:USDT,0.04566,83.0,0.0456,2889.0,0.04607,1076.0,0.04608,2852.0
1753592049212,04:54:09.212,huobi,ACT/USDT:USDT,0.04566,83.0,0.0456,2889.0,0.04607,1076.0,0.04608,2852.0
1753592050206,04:54:10.206,huobi,ACT/USDT:USDT,0.04566,83.0,0.0456,2889.0,0.04607,1076.0,0.04612,342.0
1753592050212,04:54:10.212,huobi,ACT/USDT:USDT,0.04566,83.0,0.0456,2889.0,0.04607,83.0,0.04612,342.0
1753592050240,04:54:10.240,huobi,ACT/USDT:USDT,0.04566,83.0,0.0456,993.0,0.04607,83.0,0.04611,993.0
1753592050264,04:54:10.264,huobi,ACT/USDT:USDT,0.04566,83.0,0.0456,993.0,0.04607,83.0,0.04611,993.0
1753592050343,04:54:10.343,huobi,ACT/USDT:USDT,0.04566,83.0,0.0456,993.0,0.04607,83.0,0.04611,993.0
1753592050389,04:54:10.389,huobi,ACT/USDT:USDT,0.04566,83.0,0.0456,993.0,0.04607,83.0,0.0461,384.0
1753592050474,04:54:10.474,huobi,ACT/USDT:USDT,0.04566,83.0,0.04562,1896.0,0.04607,83.0,0.04609,993.0
1753592050515,04:54:10.515,huobi,ACT/USDT:USDT,0.04566,83.0,0.04562,1896.0,0.04607,83.0,0.04609,1417.0
1753592050643,04:54:10.643,huobi,ACT/USDT:USDT,0.04566,83.0,0.04563,993.0,0.04607,83.0,0.04609,1417.0
1753592050665,04:54:10.665,huobi,ACT/USDT:USDT,0.04566,83.0,0.04563,993.0,0.04607,83.0,0.04609,1417.0
1753592050692,04:54:10.692,huobi,ACT/USDT:USDT,0.04566,83.0,0.04563,993.0,0.04607,83.0,0.04609,1417.0
1753592050752,04:54:10.752,huobi,ACT/USDT:USDT,0.04566,83.0,0.04563,993.0,0.04607,83.0,0.04609,1417.0
1753592050791,04:54:10.791,huobi,ACT/USDT:USDT,0.04566,83.0,0.04563,993.0,0.04607,83.0,0.04609,1417.0
1753592050804,04:54:10.804,huobi,ACT/USDT:USDT,0.04566,83.0,0.04529,591.0,0.04607,83.0,0.04609,1417.0
1753592050838,04:54:10.838,huobi,ACT/USDT:USDT,0.04566,83.0,0.04555,993.0,0.04607,83.0,0.04609,1417.0
1753592050882,04:54:10.882,huobi,ACT/USDT:USDT,0.04566,83.0,0.04555,993.0,0.04607,83.0,0.04609,1417.0
1753592053341,04:54:13.341,huobi,ACT/USDT:USDT,0.04566,83.0,0.04564,1896.0,0.04607,83.0,0.04609,1417.0
1753592053356,04:54:13.356,huobi,ACT/USDT:USDT,0.04566,83.0,0.04565,993.0,0.04607,83.0,0.04609,1417.0
1753592053434,04:54:13.434,huobi,ACT/USDT:USDT,0.04566,12.0,0.04565,993.0,0.04607,83.0,0.04609,1417.0
1753592053465,04:54:13.465,huobi,ACT/USDT:USDT,0.04566,101.0,0.04565,993.0,0.04607,83.0,0.04608,1896.0
1753592053516,04:54:13.516,huobi,ACT/USDT:USDT,0.04566,101.0,0.04565,993.0,0.04607,1076.0,0.04608,1896.0
1753592053628,04:54:13.628,huobi,ACT/USDT:USDT,0.04566,101.0,0.04565,993.0,0.04607,1076.0,0.04608,1896.0
1753592054438,04:54:14.438,huobi,ACT/USDT:USDT,0.04566,95.0,0.04565,993.0,0.04607,1076.0,0.04608,1896.0
1753592054446,04:54:14.446,huobi,ACT/USDT:USDT,0.04566,120.0,0.04565,993.0,0.04607,1076.0,0.04608,1896.0
1753592054468,04:54:14.468,huobi,ACT/USDT:USDT,0.04565,1113.0,0.04564,1896.0,0.04607,1076.0,0.04608,1896.0
1753592054493,04:54:14.493,huobi,ACT/USDT:USDT,0.04566,41.0,0.04565,1113.0,0.04607,1076.0,0.04608,1896.0
1753592054551,04:54:14.551,huobi,ACT/USDT:USDT,0.04566,41.0,0.04565,993.0,0.04607,1076.0,0.04608,1896.0
1753592054555,04:54:14.555,huobi,ACT/USDT:USDT,0.04566,161.0,0.04565,993.0,0.04607,1076.0,0.04608,1896.0
1753592055814,04:54:15.814,huobi,ACT/USDT:USDT,0.04566,135.0,0.04565,993.0,0.04607,1076.0,0.04608,1896.0
1753592055883,04:54:15.883,huobi,ACT/USDT:USDT,0.04566,146.0,0.04565,993.0,0.04607,1076.0,0.04608,1896.0
1753592059826,04:54:19.826,huobi,ACT/USDT:USDT,0.04566,161.0,0.04565,993.0,0.04607,1076.0,0.04608,1896.0
1753592059837,04:54:19.837,huobi,ACT/USDT:USDT,0.04566,41.0,0.04565,993.0,0.04607,1076.0,0.04608,1896.0
1753592059979,04:54:19.979,huobi,ACT/USDT:USDT,0.04566,41.0,0.04565,993.0,0.04607,1076.0,0.04608,1896.0
1753592060085,04:54:20.085,huobi,ACT/USDT:USDT,0.04566,161.0,0.04565,993.0,0.04607,1076.0,0.04608,1896.0
1753592060363,04:54:20.363,huobi,ACT/USDT:USDT,0.04566,161.0,0.04565,993.0,0.04607,1076.0,0.04614,420.0
1753592060376,04:54:20.376,huobi,ACT/USDT:USDT,0.04566,161.0,0.04565,993.0,0.04607,83.0,0.04614,420.0
1753592060405,04:54:20.405,huobi,ACT/USDT:USDT,0.04566,161.0,0.04565,993.0,0.04613,993.0,0.04614,420.0
1753592060485,04:54:20.485,huobi,ACT/USDT:USDT,0.04566,161.0,0.04565,993.0,0.04613,1076.0,0.04614,420.0
1753592060497,04:54:20.497,huobi,ACT/USDT:USDT,0.04566,161.0,0.04565,993.0,0.04609,1896.0,0.04613,1076.0
1753592060547,04:54:20.547,huobi,ACT/USDT:USDT,0.04566,161.0,0.04555,993.0,0.04608,1076.0,0.04609,1896.0
1753592060562,04:54:20.562,huobi,ACT/USDT:USDT,0.04566,161.0,0.04555,993.0,0.04608,1076.0,0.04613,993.0
1753592060612,04:54:20.612,huobi,ACT/USDT:USDT,0.04566,161.0,0.04555,993.0,0.04608,83.0,0.04613,993.0
1753592060621,04:54:20.621,huobi,ACT/USDT:USDT,0.04566,161.0,0.04555,993.0,0.04608,83.0,0.04614,420.0
1753592060651,04:54:20.651,huobi,ACT/USDT:USDT,0.04566,161.0,0.04555,993.0,0.04612,993.0,0.04613,993.0
1753592060746,04:54:20.746,huobi,ACT/USDT:USDT,0.04566,161.0,0.04555,993.0,0.04612,993.0,0.04613,1076.0
1753592060887,04:54:20.887,huobi,ACT/USDT:USDT,0.04566,161.0,0.04555,993.0,0.04612,993.0,0.04613,83.0
1753592060963,04:54:20.963,huobi,ACT/USDT:USDT,0.04566,161.0,0.04555,993.0,0.04612,993.0,0.04613,83.0
1753592060976,04:54:20.976,huobi,ACT/USDT:USDT,0.04566,161.0,0.04555,993.0,0.04613,83.0,0.04614,420.0
1753592061022,04:54:21.022,huobi,ACT/USDT:USDT,0.04566,161.0,0.04555,993.0,0.04613,1076.0,0.04615,2848.0
1753592061181,04:54:21.181,huobi,ACT/USDT:USDT,0.04566,161.0,0.04555,993.0,0.04613,1076.0,0.04615,3268.0
1753592064657,04:54:24.657,huobi,ACT/USDT:USDT,0.04566,161.0,0.04555,993.0,0.04613,1076.0,0.04615,2848.0
1753592064670,04:54:24.670,huobi,ACT/USDT:USDT,0.04566,41.0,0.04555,993.0,0.04613,83.0,0.04615,2848.0
1753592064698,04:54:24.698,huobi,ACT/USDT:USDT,0.04566,161.0,0.0456,1896.0,0.04613,83.0,0.04614,993.0
1753592064735,04:54:24.735,huobi,ACT/USDT:USDT,0.04566,161.0,0.04561,993.0,0.04613,83.0,0.04614,993.0
1753592064784,04:54:24.784,huobi,ACT/USDT:USDT,0.04566,161.0,0.04561,993.0,0.04613,83.0,0.04614,993.0
1753592064795,04:54:24.795,huobi,ACT/USDT:USDT,0.04566,161.0,0.04555,993.0,0.04613,83.0,0.04614,993.0
1753592064842,04:54:24.842,huobi,ACT/USDT:USDT,0.04566,161.0,0.04547,3415.0,0.04613,83.0,0.04614,993.0
1753592064857,04:54:24.857,huobi,ACT/USDT:USDT,0.04566,161.0,0.04555,993.0,0.04613,83.0,0.04614,993.0
1753592064896,04:54:24.896,huobi,ACT/USDT:USDT,0.04566,161.0,0.04555,993.0,0.04613,83.0,0.04614,993.0
1753592065103,04:54:25.103,huobi,ACT/USDT:USDT,0.04566,161.0,0.04555,993.0,0.04613,83.0,0.04614,993.0
1753592065370,04:54:25.370,huobi,ACT/USDT:USDT,0.04566,161.0,0.04555,3209.0,0.04613,83.0,0.04614,993.0
1753592065486,04:54:25.486,huobi,ACT/USDT:USDT,0.04566,161.0,0.04555,993.0,0.04613,83.0,0.04614,993.0
1753592065583,04:54:25.583,huobi,ACT/USDT:USDT,0.04566,161.0,0.04555,993.0,0.04613,83.0,0.04614,993.0
1753592065689,04:54:25.689,huobi,ACT/USDT:USDT,0.04566,161.0,0.04555,993.0,0.04613,83.0,0.04614,993.0
1753592065764,04:54:25.764,huobi,ACT/USDT:USDT,0.04566,161.0,0.04555,993.0,0.04613,83.0,0.04614,993.0
1753592066248,04:54:26.248,huobi,ACT/USDT:USDT,0.04566,161.0,0.04555,993.0,0.04613,83.0,0.04614,993.0
1753592066258,04:54:26.258,huobi,ACT/USDT:USDT,0.04566,161.0,0.04555,993.0,0.04609,1896.0,0.04613,83.0
1753592066311,04:54:26.311,huobi,ACT/USDT:USDT,0.04566,161.0,0.04555,993.0,0.04608,1076.0,0.04609,1896.0
1753592066362,04:54:26.362,huobi,ACT/USDT:USDT,0.04566,161.0,0.04565,1896.0,0.04608,1076.0,0.04609,1896.0
1753592066380,04:54:26.380,huobi,ACT/USDT:USDT,0.04566,161.0,0.04565,1896.0,0.04608,1076.0,0.04609,1896.0
1753592066421,04:54:26.421,huobi,ACT/USDT:USDT,0.04566,1154.0,0.04565,1896.0,0.04608,1076.0,0.04609,1896.0
1753592066528,04:54:26.528,huobi,ACT/USDT:USDT,0.04566,1154.0,0.04565,1896.0,0.04608,1076.0,0.04609,1896.0
1753592066556,04:54:26.556,huobi,ACT/USDT:USDT,0.04566,1154.0,0.04565,1896.0,0.04585,76.0,0.04608,1076.0
1753592066588,04:54:26.588,huobi,ACT/USDT:USDT,0.04566,1154.0,0.04565,1896.0,0.04608,1076.0,0.04609,1896.0
1753592066662,04:54:26.662,huobi,ACT/USDT:USDT,0.04566,1154.0,0.04565,1896.0,0.04608,1076.0,0.04609,1896.0
1753592066697,04:54:26.697,huobi,ACT/USDT:USDT,0.04566,1154.0,0.04565,1896.0,0.04608,83.0,0.04609,1896.0
1753592066712,04:54:26.712,huobi,ACT/USDT:USDT,0.04566,1154.0,0.04565,1896.0,0.04608,1076.0,0.04609,1896.0
1753592066835,04:54:26.835,huobi,ACT/USDT:USDT,0.04566,1128.0,0.04565,1896.0,0.04608,1076.0,0.04609,1896.0
1753592066909,04:54:26.909,huobi,ACT/USDT:USDT,0.04566,1114.0,0.04565,1896.0,0.04608,1076.0,0.04609,1896.0
1753592066948,04:54:26.948,huobi,ACT/USDT:USDT,0.04567,1.0,0.04566,1114.0,0.04608,1076.0,0.04609,1896.0
1753592070161,04:54:30.161,huobi,ACT/USDT:USDT,0.04567,1.0,0.04566,1114.0,0.04608,1076.0,0.04609,1896.0
1753592070199,04:54:30.199,huobi,ACT/USDT:USDT,0.04567,1.0,0.04566,1114.0,0.04608,1076.0,0.04609,1896.0
1753592070281,04:54:30.281,huobi,ACT/USDT:USDT,0.04567,1.0,0.04566,1114.0,0.04608,1076.0,0.04609,1896.0
1753592070484,04:54:30.484,huobi,ACT/USDT:USDT,0.04567,1.0,0.04566,121.0,0.04608,1076.0,0.04609,1896.0
1753592070598,04:54:30.598,huobi,ACT/USDT:USDT,0.04567,1.0,0.04566,121.0,0.04608,1076.0,0.04609,1896.0
1753592070858,04:54:30.858,huobi,ACT/USDT:USDT,0.04567,1897.0,0.04566,121.0,0.04608,1076.0,0.04609,1896.0
1753592070890,04:54:30.890,huobi,ACT/USDT:USDT,0.04568,993.0,0.04567,1897.0,0.04608,1076.0,0.04609,1896.0
1753592070980,04:54:30.980,huobi,ACT/USDT:USDT,0.04568,993.0,0.04567,2017.0,0.04608,1076.0,0.04609,1896.0
1753592072091,04:54:32.091,huobi,ACT/USDT:USDT,0.04568,993.0,0.04567,2017.0,0.04608,1076.0,0.04609,1896.0
1753592072183,04:54:32.183,huobi,ACT/USDT:USDT,0.04568,993.0,0.04567,121.0,0.04608,1076.0,0.04609,1896.0
1753592072196,04:54:32.196,huobi,ACT/USDT:USDT,0.04567,121.0,0.04566,1.0,0.04608,1076.0,0.04609,1896.0
1753592072300,04:54:32.300,huobi,ACT/USDT:USDT,0.04567,121.0,0.04566,1.0,0.04608,1076.0,0.04609,1896.0
1753592072493,04:54:32.493,huobi,ACT/USDT:USDT,0.04567,121.0,0.04566,1.0,0.04608,1076.0,0.04609,1896.0
1753592072509,04:54:32.509,huobi,ACT/USDT:USDT,0.04567,121.0,0.04566,1.0,0.04608,1076.0,0.04609,1896.0
1753592072617,04:54:32.617,huobi,ACT/USDT:USDT,0.04567,121.0,0.04566,1.0,0.04608,1076.0,0.04609,1896.0
1753592075983,04:54:35.983,huobi,ACT/USDT:USDT,0.04567,121.0,0.04566,1.0,0.04608,1076.0,0.04609,1896.0
1753592076193,04:54:36.193,huobi,ACT/USDT:USDT,0.04567,1.0,0.04566,1.0,0.04608,1076.0,0.04609,1896.0
1753592076285,04:54:36.285,huobi,ACT/USDT:USDT,0.04567,1.0,0.04566,1.0,0.04608,1076.0,0.04615,2848.0
1753592076305,04:54:36.305,huobi,ACT/USDT:USDT,0.04567,1.0,0.04566,1.0,0.04608,83.0,0.04614,993.0
1753592076364,04:54:36.364,huobi,ACT/USDT:USDT,0.04567,1.0,0.04566,1.0,0.04613,83.0,0.04614,993.0
1753592076594,04:54:36.594,huobi,ACT/USDT:USDT,0.04567,1.0,0.04566,1.0,0.04613,83.0,0.04614,993.0
1753592076611,04:54:36.611,huobi,ACT/USDT:USDT,0.04567,1.0,0.04566,1.0,0.04613,83.0,0.04614,993.0
1753592076641,04:54:36.641,huobi,ACT/USDT:USDT,0.04563,120.0,0.04529,591.0,0.04613,83.0,0.04614,993.0
1753592076668,04:54:36.668,huobi,ACT/USDT:USDT,0.04556,993.0,0.04529,591.0,0.04613,83.0,0.04614,993.0
1753592076702,04:54:36.702,huobi,ACT/USDT:USDT,0.04567,15.0,0.04556,993.0,0.04613,83.0,0.04614,993.0
1753592076768,04:54:36.768,huobi,ACT/USDT:USDT,0.04567,41.0,0.04529,591.0,0.04613,83.0,0.04614,993.0
1753592076790,04:54:36.790,huobi,ACT/USDT:USDT,0.04567,161.0,0.04529,591.0,0.04613,83.0,0.04614,993.0
1753592076916,04:54:36.916,huobi,ACT/USDT:USDT,0.04567,161.0,0.04554,993.0,0.04613,83.0,0.04614,993.0
1753592077831,04:54:37.831,huobi,ACT/USDT:USDT,0.04567,161.0,0.04554,993.0,0.04613,83.0,0.04614,993.0
1753592077898,04:54:37.898,huobi,ACT/USDT:USDT,0.04567,161.0,0.04554,2889.0,0.04613,83.0,0.04614,993.0
1753592077933,04:54:37.933,huobi,ACT/USDT:USDT,0.04567,161.0,0.04554,2889.0,0.04607,993.0,0.04608,1896.0
1753592077998,04:54:37.998,huobi,ACT/USDT:USDT,0.04567,161.0,0.04554,2889.0,0.04606,83.0,0.04607,993.0
1753592078040,04:54:38.040,huobi,ACT/USDT:USDT,0.04567,161.0,0.04554,2889.0,0.04606,83.0,0.04607,993.0
1753592078061,04:54:38.061,huobi,ACT/USDT:USDT,0.04567,161.0,0.04554,2889.0,0.04606,83.0,0.04607,993.0
1753592078077,04:54:38.077,huobi,ACT/USDT:USDT,0.04567,161.0,0.04554,2889.0,0.04606,83.0,0.04607,993.0
1753592079665,04:54:39.665,huobi,ACT/USDT:USDT,0.04567,161.0,0.04554,2889.0,0.04606,83.0,0.04607,993.0
1753592079698,04:54:39.698,huobi,ACT/USDT:USDT,0.04567,161.0,0.04554,2889.0,0.04606,83.0,0.04607,993.0
1753592079884,04:54:39.884,huobi,ACT/USDT:USDT,0.04567,161.0,0.04554,2889.0,0.04606,83.0,0.04607,993.0
1753592079985,04:54:39.985,huobi,ACT/USDT:USDT,0.04567,161.0,0.04554,2889.0,0.04606,83.0,0.04607,993.0
1753592080071,04:54:40.071,huobi,ACT/USDT:USDT,0.04567,161.0,0.04554,2889.0,0.04606,83.0,0.04607,993.0
1753592080345,04:54:40.345,huobi,ACT/USDT:USDT,0.04567,135.0,0.04554,2889.0,0.04606,83.0,0.04607,993.0
1753592080359,04:54:40.359,huobi,ACT/USDT:USDT,0.04567,120.0,0.04554,2889.0,0.04606,83.0,0.04607,993.0
1753592080413,04:54:40.413,huobi,ACT/USDT:USDT,0.04567,146.0,0.04554,2889.0,0.04606,83.0,0.04607,993.0
1753592080782,04:54:40.782,huobi,ACT/USDT:USDT,0.04567,161.0,0.04554,2889.0,0.04606,83.0,0.04607,1050.0
1753592081605,04:54:41.605,huobi,ACT/USDT:USDT,0.04567,161.0,0.04554,2889.0,0.04606,83.0,0.04607,1050.0
1753592081686,04:54:41.686,huobi,ACT/USDT:USDT,0.04567,161.0,0.04554,993.0,0.04606,83.0,0.04607,1050.0
1753592081979,04:54:41.979,huobi,ACT/USDT:USDT,0.04567,135.0,0.04554,993.0,0.04606,83.0,0.04607,1050.0
1753592082047,04:54:42.047,huobi,ACT/USDT:USDT,0.04567,146.0,0.04554,993.0,0.04606,83.0,0.04607,1050.0
1753592082088,04:54:42.088,huobi,ACT/USDT:USDT,0.04567,161.0,0.04554,993.0,0.04606,83.0,0.04607,1050.0
1753592082431,04:54:42.431,huobi,ACT/USDT:USDT,0.04567,41.0,0.04554,993.0,0.04606,83.0,0.04607,1050.0
1753592085292,04:54:45.292,huobi,ACT/USDT:USDT,0.04567,41.0,0.04566,1896.0,0.04606,83.0,0.04607,1050.0
1753592085306,04:54:45.306,huobi,ACT/USDT:USDT,0.04567,1034.0,0.04566,1896.0,0.04606,83.0,0.04607,1050.0
1753592085338,04:54:45.338,huobi,ACT/USDT:USDT,0.04567,1034.0,0.04554,993.0,0.04606,83.0,0.04607,1050.0
1753592085381,04:54:45.381,huobi,ACT/USDT:USDT,0.04554,993.0,0.04551,911.0,0.04606,83.0,0.04607,1050.0
1753592085414,04:54:45.414,huobi,ACT/USDT:USDT,0.04551,911.0,0.04529,591.0,0.04606,83.0,0.04607,1050.0
1753592085428,04:54:45.428,huobi,ACT/USDT:USDT,0.04567,26.0,0.04551,911.0,0.04606,83.0,0.04607,1050.0
1753592085459,04:54:45.459,huobi,ACT/USDT:USDT,0.04567,41.0,0.04552,993.0,0.04606,83.0,0.04607,1050.0
1753592085503,04:54:45.503,huobi,ACT/USDT:USDT,0.04567,41.0,0.04552,993.0,0.04606,83.0,0.04607,1050.0
1753592085519,04:54:45.519,huobi,ACT/USDT:USDT,0.04567,41.0,0.04552,993.0,0.04606,83.0,0.04607,1050.0
1753592085553,04:54:45.553,huobi,ACT/USDT:USDT,0.04567,41.0,0.04552,993.0,0.04606,83.0,0.04607,1050.0
1753592085581,04:54:45.581,huobi,ACT/USDT:USDT,0.04567,41.0,0.04552,993.0,0.04606,83.0,0.04607,1050.0
1753592085612,04:54:45.612,huobi,ACT/USDT:USDT,0.04567,41.0,0.04552,993.0,0.04606,83.0,0.04607,1050.0
1753592085645,04:54:45.645,huobi,ACT/USDT:USDT,0.04567,41.0,0.04552,993.0,0.04606,83.0,0.04607,1050.0
1753592085682,04:54:45.682,huobi,ACT/USDT:USDT,0.04567,41.0,0.04552,993.0,0.04606,83.0,0.04607,1050.0
1753592085799,04:54:45.799,huobi,ACT/USDT:USDT,0.04567,41.0,0.04552,993.0,0.04606,83.0,0.04607,1050.0
1753592085831,04:54:45.831,huobi,ACT/USDT:USDT,0.04567,41.0,0.04552,993.0,0.04606,83.0,0.04607,1050.0
1753592085864,04:54:45.864,huobi,ACT/USDT:USDT,0.04567,41.0,0.04552,993.0,0.04606,83.0,0.04607,1050.0
1753592085896,04:54:45.896,huobi,ACT/USDT:USDT,0.04567,41.0,0.04552,993.0,0.04606,83.0,0.04607,1050.0
1753592085910,04:54:45.910,huobi,ACT/USDT:USDT,0.04567,41.0,0.04552,993.0,0.04606,83.0,0.04607,1050.0
1753592085960,04:54:45.960,huobi,ACT/USDT:USDT,0.04567,41.0,0.04552,993.0,0.04606,83.0,0.04607,1050.0
1753592085990,04:54:45.990,huobi,ACT/USDT:USDT,0.04567,41.0,0.04552,993.0,0.04606,83.0,0.04607,1050.0
1753592086013,04:54:46.013,huobi,ACT/USDT:USDT,0.04567,41.0,0.04552,993.0,0.04606,83.0,0.04607,1050.0
1753592086098,04:54:46.098,huobi,ACT/USDT:USDT,0.04567,41.0,0.04552,993.0,0.04606,83.0,0.04607,1050.0
1753592086150,04:54:46.150,huobi,ACT/USDT:USDT,0.04567,41.0,0.04552,993.0,0.04606,83.0,0.04607,1050.0
1753592086178,04:54:46.178,huobi,ACT/USDT:USDT,0.04567,41.0,0.04552,993.0,0.04606,83.0,0.04607,1050.0
1753592086397,04:54:46.397,huobi,ACT/USDT:USDT,0.04567,41.0,0.04552,993.0,0.04606,83.0,0.04607,1050.0
1753592086415,04:54:46.415,huobi,ACT/USDT:USDT,0.04567,113.0,0.04552,993.0,0.04606,83.0,0.04607,1050.0
1753592090120,04:54:50.120,huobi,ACT/USDT:USDT,0.04567,113.0,0.04552,993.0,0.04606,83.0,0.04607,1050.0
1753592090145,04:54:50.145,huobi,ACT/USDT:USDT,0.04567,108.0,0.04552,993.0,0.04606,83.0,0.04607,57.0
1753592090166,04:54:50.166,huobi,ACT/USDT:USDT,0.04567,108.0,0.04552,993.0,0.04606,83.0,0.04607,57.0
1753592090267,04:54:50.267,huobi,ACT/USDT:USDT,0.04567,108.0,0.04552,993.0,0.04606,83.0,0.04607,57.0
1753592090386,04:54:50.386,huobi,ACT/USDT:USDT,0.04567,108.0,0.04552,993.0,0.04606,83.0,0.04607,57.0
1753592090403,04:54:50.403,huobi,ACT/USDT:USDT,0.04567,108.0,0.04559,2215.0,0.04606,83.0,0.04607,57.0
1753592090463,04:54:50.463,huobi,ACT/USDT:USDT,0.04567,108.0,0.0456,993.0,0.04606,83.0,0.04607,57.0
1753592090493,04:54:50.493,huobi,ACT/USDT:USDT,0.04567,108.0,0.0456,993.0,0.04606,83.0,0.04607,57.0
1753592090524,04:54:50.524,huobi,ACT/USDT:USDT,0.04567,108.0,0.0456,993.0,0.04606,83.0,0.04607,57.0
1753592090591,04:54:50.591,huobi,ACT/USDT:USDT,0.04567,108.0,0.0456,993.0,0.04606,83.0,0.04607,57.0
1753592090782,04:54:50.782,huobi,ACT/USDT:USDT,0.04567,108.0,0.04562,1896.0,0.04606,83.0,0.04607,57.0
1753592090796,04:54:50.796,huobi,ACT/USDT:USDT,0.04567,108.0,0.04563,993.0,0.04606,83.0,0.04607,57.0
1753592090826,04:54:50.826,huobi,ACT/USDT:USDT,0.04567,108.0,0.0456,993.0,0.04606,83.0,0.04607,57.0
1753592090893,04:54:50.893,huobi,ACT/USDT:USDT,0.04567,108.0,0.0456,993.0,0.04606,83.0,0.04607,57.0
1753592090934,04:54:50.934,huobi,ACT/USDT:USDT,0.04567,108.0,0.04529,591.0,0.04606,83.0,0.04607,57.0
1753592090949,04:54:50.949,huobi,ACT/USDT:USDT,0.04567,108.0,0.04552,993.0,0.04606,83.0,0.04607,57.0
1753592091210,04:54:51.210,huobi,ACT/USDT:USDT,0.04567,108.0,0.04552,993.0,0.04606,83.0,0.04607,57.0
1753592091215,04:54:51.215,huobi,ACT/USDT:USDT,0.04567,108.0,0.04552,993.0,0.04606,83.0,0.04607,57.0
1753592093399,04:54:53.399,huobi,ACT/USDT:USDT,0.04567,108.0,0.04561,1896.0,0.04606,83.0,0.04607,57.0
1753592093412,04:54:53.412,huobi,ACT/USDT:USDT,0.04567,108.0,0.04561,1896.0,0.04606,83.0,0.04607,57.0
1753592093483,04:54:53.483,huobi,ACT/USDT:USDT,0.04567,108.0,0.04562,993.0,0.04606,83.0,0.04607,57.0
1753592093495,04:54:53.495,huobi,ACT/USDT:USDT,0.04567,108.0,0.04552,993.0,0.04606,83.0,0.04607,57.0
1753592093532,04:54:53.532,huobi,ACT/USDT:USDT,0.04567,108.0,0.04529,591.0,0.04606,83.0,0.04607,57.0
1753592093594,04:54:53.594,huobi,ACT/USDT:USDT,0.04567,108.0,0.04529,591.0,0.04606,83.0,0.04607,57.0
1753592093636,04:54:53.636,huobi,ACT/USDT:USDT,0.04567,108.0,0.04552,993.0,0.04606,83.0,0.04607,57.0
1753592093697,04:54:53.697,huobi,ACT/USDT:USDT,0.04567,108.0,0.04552,993.0,0.04606,83.0,0.04607,57.0
1753592093801,04:54:53.801,huobi,ACT/USDT:USDT,0.04567,108.0,0.04552,993.0,0.04606,83.0,0.04607,57.0
1753592093883,04:54:53.883,huobi,ACT/USDT:USDT,0.04567,108.0,0.04552,993.0,0.04606,83.0,0.04607,57.0
1753592093897,04:54:53.897,huobi,ACT/USDT:USDT,0.04567,108.0,0.04552,993.0,0.04606,83.0,0.04607,1050.0
1753592094004,04:54:54.004,huobi,ACT/USDT:USDT,0.04567,108.0,0.04552,993.0,0.04606,83.0,0.04607,1050.0
1753592094088,04:54:54.088,huobi,ACT/USDT:USDT,0.04567,108.0,0.04552,993.0,0.04606,83.0,0.04607,1050.0
1753592094101,04:54:54.101,huobi,ACT/USDT:USDT,0.04567,108.0,0.04556,1896.0,0.04606,83.0,0.04607,1050.0
1753592094194,04:54:54.194,huobi,ACT/USDT:USDT,0.04567,108.0,0.04557,993.0,0.04606,83.0,0.04607,1050.0
1753592094222,04:54:54.222,huobi,ACT/USDT:USDT,0.04567,108.0,0.04557,993.0,0.04606,83.0,0.04607,1050.0
1753592094283,04:54:54.283,huobi,ACT/USDT:USDT,0.04567,108.0,0.04557,993.0,0.04606,83.0,0.04607,1050.0
1753592094455,04:54:54.455,huobi,ACT/USDT:USDT,0.04567,108.0,0.04557,2889.0,0.04606,83.0,0.04607,1050.0
1753592095298,04:54:55.298,huobi,ACT/USDT:USDT,0.04567,108.0,0.04557,2889.0,0.04606,83.0,0.04607,1050.0
1753592095383,04:54:55.383,huobi,ACT/USDT:USDT,0.04567,108.0,0.04557,993.0,0.04606,83.0,0.04607,1050.0
1753592095492,04:54:55.492,huobi,ACT/USDT:USDT,0.04567,108.0,0.04557,993.0,0.04606,83.0,0.04607,1050.0
1753592095517,04:54:55.517,huobi,ACT/USDT:USDT,0.04567,108.0,0.04557,993.0,0.04606,83.0,0.04607,57.0
1753592095585,04:54:55.585,huobi,ACT/USDT:USDT,0.04567,108.0,0.04557,993.0,0.04606,83.0,0.04607,1050.0
1753592095639,04:54:55.639,huobi,ACT/USDT:USDT,0.04567,108.0,0.04557,993.0,0.04606,83.0,0.04607,1050.0
1753592095699,04:54:55.699,huobi,ACT/USDT:USDT,0.04567,108.0,0.04557,993.0,0.04606,83.0,0.04607,1050.0
1753592095715,04:54:55.715,huobi,ACT/USDT:USDT,0.04567,108.0,0.04555,1896.0,0.04606,83.0,0.04607,1050.0
1753592095770,04:54:55.770,huobi,ACT/USDT:USDT,0.04567,108.0,0.04556,993.0,0.04606,83.0,0.04607,1050.0
1753592096463,04:54:56.463,huobi,ACT/USDT:USDT,0.04567,41.0,0.04556,993.0,0.04606,83.0,0.04607,1050.0
1753592096464,04:54:56.464,huobi,ACT/USDT:USDT,0.04567,77.0,0.04556,993.0,0.04606,83.0,0.04607,1050.0
1753592097460,04:54:57.460,huobi,ACT/USDT:USDT,0.04567,77.0,0.04556,993.0,0.04606,83.0,0.04607,1050.0
1753592097492,04:54:57.492,huobi,ACT/USDT:USDT,0.04567,77.0,0.04556,993.0,0.04606,83.0,0.04613,993.0
1753592097524,04:54:57.524,huobi,ACT/USDT:USDT,0.04567,77.0,0.04556,993.0,0.04611,993.0,0.04612,1896.0
1753592097546,04:54:57.546,huobi,ACT/USDT:USDT,0.04567,77.0,0.04556,993.0,0.04606,57.0,0.04611,993.0
1753592097623,04:54:57.623,huobi,ACT/USDT:USDT,0.04567,77.0,0.04556,993.0,0.04606,57.0,0.04611,993.0
1753592097636,04:54:57.636,huobi,ACT/USDT:USDT,0.04567,77.0,0.04556,993.0,0.04605,83.0,0.04606,57.0
1753592097751,04:54:57.751,huobi,ACT/USDT:USDT,0.04567,77.0,0.04556,993.0,0.04605,83.0,0.04606,57.0
1753592097765,04:54:57.765,huobi,ACT/USDT:USDT,0.04567,77.0,0.04556,993.0,0.04605,83.0,0.0461,190.0
1753592097825,04:54:57.825,huobi,ACT/USDT:USDT,0.04567,77.0,0.04556,993.0,0.04609,1076.0,0.0461,190.0
1753592097847,04:54:57.847,huobi,ACT/USDT:USDT,0.04567,77.0,0.04556,993.0,0.04606,18.0,0.04609,1076.0
1753592097890,04:54:57.890,huobi,ACT/USDT:USDT,0.04567,77.0,0.04556,993.0,0.04606,18.0,0.04609,1076.0
1753592097915,04:54:57.915,huobi,ACT/USDT:USDT,0.04567,77.0,0.04556,993.0,0.04606,18.0,0.04608,185.0
1753592097976,04:54:57.976,huobi,ACT/USDT:USDT,0.04567,77.0,0.04556,993.0,0.04606,18.0,0.04607,993.0
1753592098037,04:54:58.037,huobi,ACT/USDT:USDT,0.04567,77.0,0.04556,993.0,0.04606,18.0,0.04607,993.0
1753592098542,04:54:58.542,huobi,ACT/USDT:USDT,0.04567,77.0,0.04556,993.0,0.04606,18.0,0.04607,993.0
1753592098565,04:54:58.565,huobi,ACT/USDT:USDT,0.04567,77.0,0.04562,1896.0,0.04607,993.0,0.04608,185.0
1753592098625,04:54:58.625,huobi,ACT/USDT:USDT,0.04567,77.0,0.04563,993.0,0.04606,57.0,0.04607,993.0
1753592098684,04:54:58.684,huobi,ACT/USDT:USDT,0.04567,77.0,0.04563,993.0,0.04606,57.0,0.04609,268.0
1753592098692,04:54:58.692,huobi,ACT/USDT:USDT,0.04567,77.0,0.04563,993.0,0.04606,57.0,0.04609,268.0
1753592100344,04:55:00.344,huobi,ACT/USDT:USDT,0.04567,77.0,0.04563,993.0,0.04606,57.0,0.04609,268.0
1753592100367,04:55:00.367,huobi,ACT/USDT:USDT,0.04567,77.0,0.04563,993.0,0.04606,57.0,0.04609,268.0
1753592100451,04:55:00.451,huobi,ACT/USDT:USDT,0.04567,41.0,0.04563,993.0,0.04606,57.0,0.04609,268.0
1753592100455,04:55:00.455,huobi,ACT/USDT:USDT,0.04567,111.0,0.04563,993.0,0.04606,57.0,0.04609,268.0
1753592101404,04:55:01.404,huobi,ACT/USDT:USDT,0.04567,41.0,0.04563,993.0,0.04606,57.0,0.04609,268.0
1753592101445,04:55:01.445,huobi,ACT/USDT:USDT,0.04567,145.0,0.04563,993.0,0.04606,57.0,0.04609,268.0
1753592101602,04:55:01.602,huobi,ACT/USDT:USDT,0.04567,145.0,0.04563,993.0,0.04606,57.0,0.04609,268.0
1753592101708,04:55:01.708,huobi,ACT/USDT:USDT,0.04567,145.0,0.04563,993.0,0.04609,268.0,0.04613,993.0
1753592101807,04:55:01.807,huobi,ACT/USDT:USDT,0.04567,145.0,0.04563,993.0,0.04609,268.0,0.04613,993.0
1753592101890,04:55:01.890,huobi,ACT/USDT:USDT,0.04567,145.0,0.04563,993.0,0.04609,268.0,0.04613,993.0
1753592101900,04:55:01.900,huobi,ACT/USDT:USDT,0.04567,145.0,0.04563,993.0,0.04609,83.0,0.04613,993.0
1753592101926,04:55:01.926,huobi,ACT/USDT:USDT,0.04567,145.0,0.04554,993.0,0.04609,83.0,0.04612,161.0
1753592104637,04:55:04.637,huobi,ACT/USDT:USDT,0.04567,145.0,0.04554,993.0,0.04609,83.0,0.04612,161.0
1753592104657,04:55:04.657,huobi,ACT/USDT:USDT,0.04567,145.0,0.04554,993.0,0.04609,83.0,0.04611,993.0
1753592104685,04:55:04.685,huobi,ACT/USDT:USDT,0.04567,145.0,0.04554,993.0,0.04609,83.0,0.04611,993.0
1753592104740,04:55:04.740,huobi,ACT/USDT:USDT,0.04567,145.0,0.04554,993.0,0.04609,83.0,0.04611,993.0
1753592104752,04:55:04.752,huobi,ACT/USDT:USDT,0.04567,145.0,0.04554,993.0,0.04609,83.0,0.04614,993.0
1753592104793,04:55:04.793,huobi,ACT/USDT:USDT,0.04567,145.0,0.04554,993.0,0.04609,83.0,0.04611,182.0
1753592104809,04:55:04.809,huobi,ACT/USDT:USDT,0.04567,145.0,0.04554,993.0,0.04609,83.0,0.04611,1175.0
1753592104935,04:55:04.935,huobi,ACT/USDT:USDT,0.04567,145.0,0.04561,1896.0,0.04609,83.0,0.0461,993.0
1753592104969,04:55:04.969,huobi,ACT/USDT:USDT,0.04567,145.0,0.04562,993.0,0.04609,83.0,0.0461,993.0
1753592105058,04:55:05.058,huobi,ACT/USDT:USDT,0.04567,145.0,0.04562,993.0,0.04609,83.0,0.0461,993.0
1753592105084,04:55:05.084,huobi,ACT/USDT:USDT,0.04567,145.0,0.04562,993.0,0.04609,83.0,0.0461,993.0
1753592106339,04:55:06.339,huobi,ACT/USDT:USDT,0.04567,145.0,0.04562,993.0,0.04609,83.0,0.0461,993.0
1753592106385,04:55:06.385,huobi,ACT/USDT:USDT,0.04567,145.0,0.04562,993.0,0.04609,83.0,0.04611,1175.0
1753592106399,04:55:06.399,huobi,ACT/USDT:USDT,0.04567,145.0,0.04562,993.0,0.04609,83.0,0.0461,993.0
1753592106508,04:55:06.508,huobi,ACT/USDT:USDT,0.04567,145.0,0.04562,993.0,0.04609,83.0,0.0461,993.0
1753592107246,04:55:07.246,huobi,ACT/USDT:USDT,0.04567,145.0,0.04562,993.0,0.04609,83.0,0.0461,993.0
1753592107269,04:55:07.269,huobi,ACT/USDT:USDT,0.04567,145.0,0.04543,3414.0,0.04609,83.0,0.04611,182.0
1753592107298,04:55:07.298,huobi,ACT/USDT:USDT,0.04567,145.0,0.04554,993.0,0.04609,83.0,0.0461,993.0
1753592107363,04:55:07.363,huobi,ACT/USDT:USDT,0.04567,145.0,0.04566,1896.0,0.04609,83.0,0.0461,993.0
1753592107433,04:55:07.433,huobi,ACT/USDT:USDT,0.04567,1138.0,0.04566,1896.0,0.04609,83.0,0.0461,993.0
1753592107461,04:55:07.461,huobi,ACT/USDT:USDT,0.04567,1138.0,0.04566,1896.0,0.04609,83.0,0.0461,993.0
1753592107476,04:55:07.476,huobi,ACT/USDT:USDT,0.04567,1138.0,0.04566,1896.0,0.04609,83.0,0.0461,993.0
1753592107686,04:55:07.686,huobi,ACT/USDT:USDT,0.04567,1138.0,0.04566,1896.0,0.04609,83.0,0.0461,993.0
1753592107732,04:55:07.732,huobi,ACT/USDT:USDT,0.04567,1138.0,0.04566,1896.0,0.04609,83.0,0.04611,239.0
1753592107743,04:55:07.743,huobi,ACT/USDT:USDT,0.04567,1138.0,0.04566,1896.0,0.04609,83.0,0.04611,1232.0
1753592107779,04:55:07.779,huobi,ACT/USDT:USDT,0.04567,1138.0,0.04566,1896.0,0.04609,83.0,0.0461,993.0
1753592107887,04:55:07.887,huobi,ACT/USDT:USDT,0.04567,1138.0,0.04566,1896.0,0.04609,83.0,0.0461,993.0
1753592108790,04:55:08.790,huobi,ACT/USDT:USDT,0.04567,1138.0,0.04566,1896.0,0.04609,83.0,0.04611,239.0
1753592108799,04:55:08.799,huobi,ACT/USDT:USDT,0.04567,1138.0,0.04566,1896.0,0.04609,83.0,0.04611,1232.0
1753592108827,04:55:08.827,huobi,ACT/USDT:USDT,0.04567,1138.0,0.04566,1896.0,0.04609,83.0,0.0461,993.0
1753592108935,04:55:08.935,huobi,ACT/USDT:USDT,0.04567,1138.0,0.04566,1896.0,0.04609,83.0,0.0461,993.0
1753592109577,04:55:09.577,huobi,ACT/USDT:USDT,0.04567,1138.0,0.04566,1896.0,0.04609,83.0,0.0461,993.0
1753592110130,04:55:10.130,huobi,ACT/USDT:USDT,0.04567,1138.0,0.04566,1896.0,0.04609,83.0,0.04611,1313.0
1753592111545,04:55:11.545,huobi,ACT/USDT:USDT,0.04567,1138.0,0.04566,1896.0,0.04609,83.0,0.04611,993.0
1753592111613,04:55:11.613,huobi,ACT/USDT:USDT,0.04567,1112.0,0.04566,1896.0,0.04609,83.0,0.04611,993.0
1753592111626,04:55:11.626,huobi,ACT/USDT:USDT,0.04567,1097.0,0.04566,1896.0,0.04609,83.0,0.04611,1421.0
1753592111664,04:55:11.664,huobi,ACT/USDT:USDT,0.04567,1097.0,0.04566,1896.0,0.04609,83.0,0.04611,1421.0
1753592111680,04:55:11.680,huobi,ACT/USDT:USDT,0.04568,26.0,0.04567,1097.0,0.04609,83.0,0.04611,1421.0
1753592111714,04:55:11.714,huobi,ACT/USDT:USDT,0.04568,1019.0,0.04567,1097.0,0.04609,83.0,0.04611,1421.0
1753592111788,04:55:11.788,huobi,ACT/USDT:USDT,0.04568,1019.0,0.04567,1097.0,0.04609,83.0,0.04611,1421.0
1753592111822,04:55:11.822,huobi,ACT/USDT:USDT,0.04568,1019.0,0.04567,104.0,0.04609,83.0,0.04611,1421.0
1753592111915,04:55:11.915,huobi,ACT/USDT:USDT,0.04568,1019.0,0.04567,104.0,0.04609,83.0,0.04611,1421.0
1753592112258,04:55:12.258,huobi,ACT/USDT:USDT,0.04568,1019.0,0.04567,104.0,0.04609,140.0,0.04611,1421.0
1753592112279,04:55:12.279,huobi,ACT/USDT:USDT,0.04568,26.0,0.04567,104.0,0.04609,140.0,0.04611,1421.0
1753592112422,04:55:12.422,huobi,ACT/USDT:USDT,0.04568,26.0,0.04567,104.0,0.04609,140.0,0.04611,1421.0
1753592112444,04:55:12.444,huobi,ACT/USDT:USDT,0.04568,26.0,0.04567,104.0,0.04584,76.0,0.04609,140.0
1753592112456,04:55:12.456,huobi,ACT/USDT:USDT,0.04568,26.0,0.04567,104.0,0.04609,140.0,0.04611,993.0
1753592112482,04:55:12.482,huobi,ACT/USDT:USDT,0.04568,26.0,0.04567,104.0,0.04609,140.0,0.04611,993.0
1753592112517,04:55:12.517,huobi,ACT/USDT:USDT,0.04568,26.0,0.04567,104.0,0.04609,83.0,0.04611,993.0
1753592112582,04:55:12.582,huobi,ACT/USDT:USDT,0.04568,26.0,0.04567,104.0,0.04609,83.0,0.04612,1896.0
1753592112640,04:55:12.640,huobi,ACT/USDT:USDT,0.04568,26.0,0.04567,104.0,0.04609,140.0,0.04611,993.0
1753592112800,04:55:12.800,huobi,ACT/USDT:USDT,0.04568,26.0,0.04567,104.0,0.04609,140.0,0.04611,993.0
1753592113950,04:55:13.950,huobi,ACT/USDT:USDT,0.04568,26.0,0.04567,104.0,0.04609,140.0,0.04611,993.0
1753592113976,04:55:13.976,huobi,ACT/USDT:USDT,0.04568,26.0,0.04567,104.0,0.04609,660.0,0.04611,993.0
1753592113990,04:55:13.990,huobi,ACT/USDT:USDT,0.04568,26.0,0.04567,104.0,0.04608,993.0,0.04609,660.0
1753592114098,04:55:14.098,huobi,ACT/USDT:USDT,0.04568,26.0,0.04567,104.0,0.04608,993.0,0.04609,660.0
1753592114113,04:55:14.113,huobi,ACT/USDT:USDT,0.04568,26.0,0.04567,104.0,0.04608,993.0,0.04609,660.0
1753592114221,04:55:14.221,huobi,ACT/USDT:USDT,0.04568,26.0,0.04567,104.0,0.04608,993.0,0.04609,660.0
1753592114761,04:55:14.761,huobi,ACT/USDT:USDT,0.04568,26.0,0.04564,993.0,0.04608,993.0,0.04609,660.0
1753592114764,04:55:14.764,huobi,ACT/USDT:USDT,0.04568,26.0,0.04564,993.0,0.04608,993.0,0.04609,140.0
1753592114797,04:55:14.797,huobi,ACT/USDT:USDT,0.04568,26.0,0.04564,993.0,0.04608,560.0,0.04609,140.0
1753592114951,04:55:14.951,huobi,ACT/USDT:USDT,0.04568,26.0,0.04567,464.0,0.04609,746.0,0.04611,993.0
1753592114978,04:55:14.978,huobi,ACT/USDT:USDT,0.04568,1019.0,0.04567,464.0,0.04608,993.0,0.04609,746.0
1753592115075,04:55:15.075,huobi,ACT/USDT:USDT,0.04568,1019.0,0.04567,464.0,0.04608,993.0,0.04609,746.0
1753592116181,04:55:16.181,huobi,ACT/USDT:USDT,0.04568,1019.0,0.04567,464.0,0.04608,993.0,0.04609,140.0
1753592116207,04:55:16.207,huobi,ACT/USDT:USDT,0.04568,1019.0,0.04567,464.0,0.04608,606.0,0.04609,140.0
1753592116265,04:55:16.265,huobi,ACT/USDT:USDT,0.04568,1019.0,0.04567,464.0,0.04609,754.0,0.04611,993.0
1753592116388,04:55:16.388,huobi,ACT/USDT:USDT,0.04568,1019.0,0.04567,464.0,0.04608,993.0,0.04609,754.0
1753592116761,04:55:16.761,huobi,ACT/USDT:USDT,0.04568,1019.0,0.04567,464.0,0.04608,993.0,0.04609,140.0
1753592116789,04:55:16.789,huobi,ACT/USDT:USDT,0.04568,1019.0,0.04567,464.0,0.04608,614.0,0.04609,140.0
1753592116877,04:55:16.877,huobi,ACT/USDT:USDT,0.04568,1019.0,0.04567,464.0,0.04608,614.0,0.04609,140.0
1753592116906,04:55:16.906,huobi,ACT/USDT:USDT,0.04568,1019.0,0.04567,464.0,0.04608,614.0,0.04609,140.0
1753592116984,04:55:16.984,huobi,ACT/USDT:USDT,0.04568,1019.0,0.04567,464.0,0.04608,614.0,0.04609,140.0
1753592119203,04:55:19.203,huobi,ACT/USDT:USDT,0.04568,1019.0,0.04567,464.0,0.04608,614.0,0.04609,140.0
1753592119215,04:55:19.215,huobi,ACT/USDT:USDT,0.04568,1019.0,0.04567,464.0,0.04608,614.0,0.04609,140.0
1753592119257,04:55:19.257,huobi,ACT/USDT:USDT,0.04568,1019.0,0.04567,464.0,0.04607,83.0,0.04608,614.0
1753592119290,04:55:19.290,huobi,ACT/USDT:USDT,0.04568,1019.0,0.04567,464.0,0.04607,83.0,0.04608,1607.0
1753592119311,04:55:19.311,huobi,ACT/USDT:USDT,0.04568,1019.0,0.04567,464.0,0.04607,83.0,0.04608,993.0
1753592119392,04:55:19.392,huobi,ACT/USDT:USDT,0.04568,2915.0,0.04567,464.0,0.04606,57.0,0.04607,661.0
1753592119421,04:55:19.421,huobi,ACT/USDT:USDT,0.04568,1019.0,0.04567,464.0,0.04606,1050.0,0.04607,661.0
1753592119532,04:55:19.532,huobi,ACT/USDT:USDT,0.04568,1019.0,0.04567,464.0,0.04606,1050.0,0.04607,661.0
1753592120120,04:55:20.120,huobi,ACT/USDT:USDT,0.04568,1019.0,0.04567,464.0,0.04606,1050.0,0.04607,83.0
1753592120145,04:55:20.145,huobi,ACT/USDT:USDT,0.04568,1019.0,0.04567,464.0,0.04606,57.0,0.04607,83.0
1753592120164,04:55:20.164,huobi,ACT/USDT:USDT,0.04568,1019.0,0.04567,464.0,0.04606,610.0,0.04607,83.0
1753592120239,04:55:20.239,huobi,ACT/USDT:USDT,0.04568,1019.0,0.04567,464.0,0.04606,610.0,0.04607,83.0
1753592120675,04:55:20.675,huobi,ACT/USDT:USDT,0.04568,1019.0,0.04567,464.0,0.04606,553.0,0.04607,83.0
1753592121310,04:55:21.310,huobi,ACT/USDT:USDT,0.04568,1019.0,0.04567,464.0,0.04606,553.0,0.04607,83.0
1753592122590,04:55:22.590,huobi,ACT/USDT:USDT,0.04568,1019.0,0.04567,464.0,0.04607,83.0,0.04614,993.0
1753592122605,04:55:22.605,huobi,ACT/USDT:USDT,0.04568,1019.0,0.04567,464.0,0.04606,440.0,0.04614,993.0
1753592122662,04:55:22.662,huobi,ACT/USDT:USDT,0.04568,1019.0,0.04567,464.0,0.04606,440.0,0.04607,20.0
1753592123174,04:55:23.174,huobi,ACT/USDT:USDT,0.04568,1019.0,0.04567,464.0,0.04606,440.0,0.04607,20.0
1753592123198,04:55:23.198,huobi,ACT/USDT:USDT,0.04568,993.0,0.04567,464.0,0.04606,440.0,0.04607,20.0
1753592123234,04:55:23.234,huobi,ACT/USDT:USDT,0.04568,993.0,0.04567,464.0,0.04605,83.0,0.04606,440.0
1753592123256,04:55:23.256,huobi,ACT/USDT:USDT,0.04568,993.0,0.04567,464.0,0.04605,83.0,0.04607,20.0
1753592123301,04:55:23.301,huobi,ACT/USDT:USDT,0.04569,26.0,0.04568,993.0,0.04605,474.0,0.04609,993.0
1753592123343,04:55:23.343,huobi,ACT/USDT:USDT,0.04569,26.0,0.04568,993.0,0.04605,474.0,0.04609,993.0
1753592123347,04:55:23.347,huobi,ACT/USDT:USDT,0.04569,506.0,0.04568,993.0,0.04605,474.0,0.04609,993.0
1753592123410,04:55:23.410,huobi,ACT/USDT:USDT,0.0457,993.0,0.04569,506.0,0.04604,993.0,0.04605,83.0
1753592123467,04:55:23.467,huobi,ACT/USDT:USDT,0.0457,993.0,0.04569,506.0,0.04604,391.0,0.04605,83.0
1753592123497,04:55:23.497,huobi,ACT/USDT:USDT,0.0457,993.0,0.04569,506.0,0.04604,391.0,0.04605,83.0
