timestamp,time,exchange,symbol,bid1_price,bid1_volume,bid2_price,bid2_volume,ask1_price,ask1_volume,ask2_price,ask2_volume
1753591889652,04:51:29.652,huobi,ACT/USDT:USDT,0.04566,41.0,0.0455,993.0,0.04602,63.0,0.04604,83.0
1753591890614,04:51:30.614,huobi,ACT/USDT:USDT,0.04566,41.0,0.0455,993.0,0.04602,63.0,0.04603,165.0
1753591890683,04:51:30.683,huobi,ACT/USDT:USDT,0.04566,41.0,0.0455,993.0,0.04602,1000.0,0.04603,165.0
1753591890735,04:51:30.735,huobi,ACT/USDT:USDT,0.04566,41.0,0.0455,993.0,0.04602,1000.0,0.04603,165.0
1753591890761,04:51:30.761,huobi,ACT/USDT:USDT,0.04566,41.0,0.0455,993.0,0.04602,1000.0,0.04603,165.0
1753591890897,04:51:30.897,huobi,ACT/USDT:USDT,0.04566,41.0,0.0455,993.0,0.04602,1000.0,0.04603,165.0
1753591891042,04:51:31.042,huobi,ACT/USDT:USDT,0.04566,41.0,0.0455,993.0,0.04602,1000.0,0.04603,165.0
1753591891075,04:51:31.075,huobi,ACT/USDT:USDT,0.04566,41.0,0.0455,993.0,0.04602,1000.0,0.04603,165.0
1753591891158,04:51:31.158,huobi,ACT/USDT:USDT,0.04566,41.0,0.04551,1899.0,0.04602,1000.0,0.04603,165.0
1753591891184,04:51:31.184,huobi,ACT/USDT:USDT,0.04566,41.0,0.04552,993.0,0.04602,1000.0,0.04603,165.0
1753591891288,04:51:31.288,huobi,ACT/USDT:USDT,0.04566,41.0,0.04535,4331.0,0.04602,1000.0,0.04603,165.0
1753591891307,04:51:31.307,huobi,ACT/USDT:USDT,0.04566,41.0,0.0455,993.0,0.04602,1000.0,0.04603,165.0
1753591892192,04:51:32.192,huobi,ACT/USDT:USDT,0.04566,41.0,0.04555,1899.0,0.04602,1000.0,0.04603,165.0
1753591892207,04:51:32.207,huobi,ACT/USDT:USDT,0.04566,41.0,0.04556,993.0,0.04602,1000.0,0.04603,165.0
1753591892314,04:51:32.314,huobi,ACT/USDT:USDT,0.04566,41.0,0.04556,993.0,0.04602,1000.0,0.04603,165.0
1753591892362,04:51:32.362,huobi,ACT/USDT:USDT,0.04566,41.0,0.04556,993.0,0.04602,1000.0,0.04603,165.0
1753591892447,04:51:32.447,huobi,ACT/USDT:USDT,0.04566,41.0,0.04556,993.0,0.04602,1000.0,0.04603,165.0
1753591892755,04:51:32.755,huobi,ACT/USDT:USDT,0.04566,41.0,0.04556,993.0,0.04602,1000.0,0.04603,385.0
1753591893311,04:51:33.311,huobi,ACT/USDT:USDT,0.04566,41.0,0.04556,993.0,0.04602,1000.0,0.04603,220.0
1753591893340,04:51:33.340,huobi,ACT/USDT:USDT,0.04566,41.0,0.0455,993.0,0.04602,993.0,0.04603,220.0
1753591893391,04:51:33.391,huobi,ACT/USDT:USDT,0.04566,41.0,0.0455,993.0,0.04601,63.0,0.04602,993.0
1753591893397,04:51:33.397,huobi,ACT/USDT:USDT,0.04566,41.0,0.0455,993.0,0.04601,63.0,0.04602,993.0
1753591893452,04:51:33.452,huobi,ACT/USDT:USDT,0.04566,41.0,0.0456,1899.0,0.046,83.0,0.04601,63.0
1753591893465,04:51:33.465,huobi,ACT/USDT:USDT,0.04566,41.0,0.04561,993.0,0.046,83.0,0.04601,63.0
1753591893496,04:51:33.496,huobi,ACT/USDT:USDT,0.04566,41.0,0.04561,993.0,0.046,83.0,0.04601,1056.0
1753591893574,04:51:33.574,huobi,ACT/USDT:USDT,0.04566,41.0,0.04524,591.0,0.046,83.0,0.04601,1056.0
1753591893585,04:51:33.585,huobi,ACT/USDT:USDT,0.04566,41.0,0.04524,591.0,0.046,83.0,0.04601,1056.0
1753591893722,04:51:33.722,huobi,ACT/USDT:USDT,0.04566,41.0,0.0455,993.0,0.046,83.0,0.04601,1056.0
1753591893736,04:51:33.736,huobi,ACT/USDT:USDT,0.04566,41.0,0.0455,993.0,0.046,83.0,0.04601,1293.0
1753591893782,04:51:33.782,huobi,ACT/USDT:USDT,0.04566,41.0,0.0455,993.0,0.046,83.0,0.04601,1293.0
1753591893843,04:51:33.843,huobi,ACT/USDT:USDT,0.04566,41.0,0.0455,993.0,0.046,83.0,0.04601,1293.0
1753591893902,04:51:33.902,huobi,ACT/USDT:USDT,0.04566,41.0,0.04559,1899.0,0.046,83.0,0.04601,1293.0
1753591893919,04:51:33.919,huobi,ACT/USDT:USDT,0.04566,41.0,0.0456,993.0,0.046,83.0,0.04601,1293.0
1753591894088,04:51:34.088,huobi,ACT/USDT:USDT,0.04566,41.0,0.0456,993.0,0.046,83.0,0.04601,1293.0
1753591894283,04:51:34.283,huobi,ACT/USDT:USDT,0.04566,41.0,0.0456,993.0,0.046,83.0,0.04601,1293.0
1753591896384,04:51:36.384,huobi,ACT/USDT:USDT,0.04566,41.0,0.0456,993.0,0.046,83.0,0.04601,1293.0
1753591896538,04:51:36.538,huobi,ACT/USDT:USDT,0.04566,41.0,0.0456,993.0,0.046,83.0,0.04601,1230.0
1753591897703,04:51:37.703,huobi,ACT/USDT:USDT,0.04566,41.0,0.0456,993.0,0.046,83.0,0.04601,237.0
1753591897720,04:51:37.720,huobi,ACT/USDT:USDT,0.04566,41.0,0.0456,993.0,0.046,83.0,0.04601,237.0
1753591897785,04:51:37.785,huobi,ACT/USDT:USDT,0.04566,41.0,0.0456,993.0,0.046,83.0,0.04601,237.0
1753591897804,04:51:37.804,huobi,ACT/USDT:USDT,0.04566,41.0,0.04553,993.0,0.046,83.0,0.04601,237.0
1753591897888,04:51:37.888,huobi,ACT/USDT:USDT,0.04566,41.0,0.04553,993.0,0.046,83.0,0.04601,237.0
1753591897903,04:51:37.903,huobi,ACT/USDT:USDT,0.04566,41.0,0.04561,1899.0,0.046,83.0,0.04601,237.0
1753591897989,04:51:37.989,huobi,ACT/USDT:USDT,0.04566,41.0,0.04562,993.0,0.046,83.0,0.04601,237.0
1753591898026,04:51:38.026,huobi,ACT/USDT:USDT,0.04566,41.0,0.04524,591.0,0.046,83.0,0.04601,237.0
1753591898094,04:51:38.094,huobi,ACT/USDT:USDT,0.04566,41.0,0.04551,993.0,0.046,83.0,0.04601,237.0
1753591898291,04:51:38.291,huobi,ACT/USDT:USDT,0.04566,41.0,0.04551,993.0,0.046,83.0,0.04601,237.0
1753591898370,04:51:38.370,huobi,ACT/USDT:USDT,0.04566,41.0,0.04551,993.0,0.046,83.0,0.04601,237.0
1753591898420,04:51:38.420,huobi,ACT/USDT:USDT,0.04566,41.0,0.04551,993.0,0.046,83.0,0.04601,237.0
1753591898495,04:51:38.495,huobi,ACT/USDT:USDT,0.04566,41.0,0.04551,993.0,0.046,83.0,0.04601,237.0
1753591898697,04:51:38.697,huobi,ACT/USDT:USDT,0.04566,41.0,0.04551,993.0,0.046,83.0,0.04601,237.0
1753591899592,04:51:39.592,huobi,ACT/USDT:USDT,0.04566,41.0,0.04551,993.0,0.046,83.0,0.04601,237.0
1753591899690,04:51:39.690,huobi,ACT/USDT:USDT,0.04566,41.0,0.04551,993.0,0.046,83.0,0.04601,237.0
1753591899718,04:51:39.718,huobi,ACT/USDT:USDT,0.04566,41.0,0.04551,993.0,0.046,83.0,0.04601,237.0
1753591900756,04:51:40.756,huobi,ACT/USDT:USDT,0.04566,41.0,0.04551,993.0,0.046,83.0,0.04601,237.0
1753591900788,04:51:40.788,huobi,ACT/USDT:USDT,0.04566,41.0,0.04551,993.0,0.046,83.0,0.04601,237.0
1753591902909,04:51:42.909,huobi,ACT/USDT:USDT,0.04566,41.0,0.04559,1899.0,0.046,83.0,0.04601,237.0
1753591902942,04:51:42.942,huobi,ACT/USDT:USDT,0.04566,41.0,0.0456,993.0,0.046,83.0,0.04607,993.0
1753591902996,04:51:42.996,huobi,ACT/USDT:USDT,0.04566,41.0,0.0456,993.0,0.04606,83.0,0.04607,993.0
1753591903031,04:51:43.031,huobi,ACT/USDT:USDT,0.04566,41.0,0.0456,993.0,0.04606,83.0,0.04607,993.0
1753591903055,04:51:43.055,huobi,ACT/USDT:USDT,0.04566,41.0,0.0456,993.0,0.04606,146.0,0.04607,993.0
1753591903170,04:51:43.170,huobi,ACT/USDT:USDT,0.04566,41.0,0.0456,993.0,0.04606,146.0,0.04607,1134.0
1753591903183,04:51:43.183,huobi,ACT/USDT:USDT,0.04566,55.0,0.0456,993.0,0.04606,146.0,0.04607,1134.0
1753591903290,04:51:43.290,huobi,ACT/USDT:USDT,0.04566,55.0,0.0456,993.0,0.04606,146.0,0.04607,1134.0
1753591904461,04:51:44.461,huobi,ACT/USDT:USDT,0.04566,41.0,0.0456,993.0,0.04606,146.0,0.04607,1134.0
1753591906069,04:51:46.069,huobi,ACT/USDT:USDT,0.04566,41.0,0.0456,993.0,0.04606,146.0,0.04607,993.0
1753591906196,04:51:46.196,huobi,ACT/USDT:USDT,0.04566,41.0,0.0456,993.0,0.04606,146.0,0.04607,1184.0
1753591907652,04:51:47.652,huobi,ACT/USDT:USDT,0.04566,41.0,0.0456,993.0,0.04606,146.0,0.04607,1184.0
1753591907766,04:51:47.766,huobi,ACT/USDT:USDT,0.04566,41.0,0.0456,993.0,0.04606,146.0,0.04607,1184.0
1753591908827,04:51:48.827,huobi,ACT/USDT:USDT,0.04566,41.0,0.0456,993.0,0.04606,146.0,0.04607,1184.0
1753591908960,04:51:48.960,huobi,ACT/USDT:USDT,0.04566,41.0,0.0456,993.0,0.04606,146.0,0.04607,1184.0
1753591908966,04:51:48.966,huobi,ACT/USDT:USDT,0.04566,41.0,0.0456,993.0,0.04606,146.0,0.04607,1184.0
1753591909084,04:51:49.084,huobi,ACT/USDT:USDT,0.04566,41.0,0.0456,993.0,0.04606,146.0,0.04607,1184.0
1753591909191,04:51:49.191,huobi,ACT/USDT:USDT,0.04566,41.0,0.0456,993.0,0.04606,146.0,0.04607,1184.0
1753591909212,04:51:49.212,huobi,ACT/USDT:USDT,0.04566,41.0,0.04551,993.0,0.04606,146.0,0.04607,3080.0
1753591910290,04:51:50.290,huobi,ACT/USDT:USDT,0.04566,41.0,0.04551,993.0,0.04606,146.0,0.04607,3080.0
1753591910388,04:51:50.388,huobi,ACT/USDT:USDT,0.04566,41.0,0.04551,993.0,0.04606,146.0,0.04607,3080.0
1753591910459,04:51:50.459,huobi,ACT/USDT:USDT,0.04566,41.0,0.04559,1896.0,0.04606,146.0,0.04607,3080.0
1753591910471,04:51:50.471,huobi,ACT/USDT:USDT,0.04566,41.0,0.04559,1896.0,0.04606,146.0,0.04607,3080.0
1753591910583,04:51:50.583,huobi,ACT/USDT:USDT,0.04566,41.0,0.0456,993.0,0.04606,146.0,0.04607,3080.0
1753591910693,04:51:50.693,huobi,ACT/USDT:USDT,0.04566,41.0,0.0456,993.0,0.04606,146.0,0.04607,3080.0
1753591910905,04:51:50.905,huobi,ACT/USDT:USDT,0.04566,41.0,0.0456,993.0,0.04606,146.0,0.04607,2889.0
1753591910917,04:51:50.917,huobi,ACT/USDT:USDT,0.04566,41.0,0.04542,1896.0,0.04606,146.0,0.04607,3318.0
1753591911744,04:51:51.744,huobi,ACT/USDT:USDT,0.04566,41.0,0.04551,993.0,0.04606,146.0,0.04607,3318.0
1753591912517,04:51:52.517,huobi,ACT/USDT:USDT,0.04566,41.0,0.04551,993.0,0.04606,146.0,0.04607,3905.0
1753591912868,04:51:52.868,huobi,ACT/USDT:USDT,0.04566,41.0,0.04551,993.0,0.04606,146.0,0.04607,3476.0
1753591912993,04:51:52.993,huobi,ACT/USDT:USDT,0.04566,41.0,0.04551,993.0,0.04606,146.0,0.04607,3476.0
1753591914448,04:51:54.448,huobi,ACT/USDT:USDT,0.04566,41.0,0.04551,993.0,0.04606,146.0,0.04607,3476.0
1753591915513,04:51:55.513,huobi,ACT/USDT:USDT,0.04566,41.0,0.04553,2216.0,0.04606,146.0,0.04607,3476.0
1753591915586,04:51:55.586,huobi,ACT/USDT:USDT,0.04566,41.0,0.04554,993.0,0.04606,146.0,0.04607,1580.0
1753591915635,04:51:55.635,huobi,ACT/USDT:USDT,0.04566,41.0,0.04554,993.0,0.04606,146.0,0.04607,1580.0
1753591915703,04:51:55.703,huobi,ACT/USDT:USDT,0.04566,41.0,0.04554,993.0,0.04606,146.0,0.04607,1580.0
1753591915903,04:51:55.903,huobi,ACT/USDT:USDT,0.04566,41.0,0.04558,1896.0,0.04606,146.0,0.04607,1580.0
1753591915987,04:51:55.987,huobi,ACT/USDT:USDT,0.04566,41.0,0.04559,993.0,0.04606,146.0,0.04607,1580.0
1753591916028,04:51:56.028,huobi,ACT/USDT:USDT,0.04566,41.0,0.04559,993.0,0.04606,146.0,0.04607,1580.0
1753591917822,04:51:57.822,huobi,ACT/USDT:USDT,0.04566,41.0,0.04559,993.0,0.04606,146.0,0.04607,993.0
1753591920287,04:52:00.287,huobi,ACT/USDT:USDT,0.04566,41.0,0.04559,993.0,0.04606,146.0,0.04607,1760.0
1753591920451,04:52:00.451,huobi,ACT/USDT:USDT,0.04566,41.0,0.04559,993.0,0.04606,146.0,0.04607,1760.0
1753591920491,04:52:00.491,huobi,ACT/USDT:USDT,0.04566,41.0,0.04559,993.0,0.04606,146.0,0.04607,1760.0
1753591920651,04:52:00.651,huobi,ACT/USDT:USDT,0.04566,41.0,0.04559,993.0,0.04606,146.0,0.04607,1760.0
1753591920665,04:52:00.665,huobi,ACT/USDT:USDT,0.04566,41.0,0.04524,591.0,0.04606,146.0,0.04607,1760.0
1753591921259,04:52:01.259,huobi,ACT/USDT:USDT,0.04566,41.0,0.04561,1896.0,0.04606,146.0,0.04607,1760.0
1753591921273,04:52:01.273,huobi,ACT/USDT:USDT,0.04566,41.0,0.04562,993.0,0.04606,146.0,0.04607,1760.0
1753591921381,04:52:01.381,huobi,ACT/USDT:USDT,0.04566,41.0,0.04562,993.0,0.04606,146.0,0.04607,1760.0
1753591921504,04:52:01.504,huobi,ACT/USDT:USDT,0.04566,41.0,0.04562,993.0,0.04606,146.0,0.04607,1760.0
1753591921593,04:52:01.593,huobi,ACT/USDT:USDT,0.04566,41.0,0.04562,993.0,0.04606,146.0,0.04607,1760.0
1753591921607,04:52:01.607,huobi,ACT/USDT:USDT,0.04566,41.0,0.04562,993.0,0.04606,146.0,0.04607,1760.0
1753591921632,04:52:01.632,huobi,ACT/USDT:USDT,0.04566,41.0,0.04554,993.0,0.04606,146.0,0.04607,1760.0
1753591921846,04:52:01.846,huobi,ACT/USDT:USDT,0.04566,41.0,0.04554,993.0,0.04606,83.0,0.04607,1760.0
1753591921869,04:52:01.869,huobi,ACT/USDT:USDT,0.04566,41.0,0.04554,993.0,0.04606,146.0,0.04607,1760.0
1753591921953,04:52:01.953,huobi,ACT/USDT:USDT,0.04566,41.0,0.04554,993.0,0.04606,83.0,0.04607,1760.0
1753591922022,04:52:02.022,huobi,ACT/USDT:USDT,0.04566,41.0,0.04554,993.0,0.04606,114.0,0.04607,1760.0
1753591923748,04:52:03.748,huobi,ACT/USDT:USDT,0.0458,76.0,0.04566,41.0,0.04606,114.0,0.04607,1760.0
1753591923755,04:52:03.755,huobi,ACT/USDT:USDT,0.04566,41.0,0.04554,993.0,0.04606,114.0,0.04607,1760.0
1753591923816,04:52:03.816,huobi,ACT/USDT:USDT,0.04566,15.0,0.04554,993.0,0.04606,114.0,0.04607,1760.0
1753591923855,04:52:03.855,huobi,ACT/USDT:USDT,0.04554,993.0,0.04553,2216.0,0.04606,114.0,0.04607,1760.0
1753591923884,04:52:03.884,huobi,ACT/USDT:USDT,0.04554,993.0,0.04553,2216.0,0.04606,114.0,0.04607,1760.0
1753591923911,04:52:03.911,huobi,ACT/USDT:USDT,0.04566,41.0,0.04554,993.0,0.04606,114.0,0.04607,1760.0
1753591923940,04:52:03.940,huobi,ACT/USDT:USDT,0.04566,41.0,0.04554,993.0,0.04606,114.0,0.04607,1760.0
1753591923970,04:52:03.970,huobi,ACT/USDT:USDT,0.04566,41.0,0.04554,993.0,0.04606,114.0,0.04607,1760.0
1753591924142,04:52:04.142,huobi,ACT/USDT:USDT,0.04566,41.0,0.04554,993.0,0.04606,114.0,0.04607,1760.0
1753591924180,04:52:04.180,huobi,ACT/USDT:USDT,0.04566,41.0,0.04554,993.0,0.04606,114.0,0.04607,1760.0
1753591924214,04:52:04.214,huobi,ACT/USDT:USDT,0.04566,41.0,0.04554,993.0,0.04606,114.0,0.04607,1760.0
1753591924246,04:52:04.246,huobi,ACT/USDT:USDT,0.04566,41.0,0.04554,993.0,0.04606,114.0,0.04607,1760.0
1753591924295,04:52:04.295,huobi,ACT/USDT:USDT,0.04566,41.0,0.04554,993.0,0.04606,114.0,0.04607,1760.0
1753591924341,04:52:04.341,huobi,ACT/USDT:USDT,0.04566,41.0,0.04554,993.0,0.04606,114.0,0.04607,1760.0
1753591924896,04:52:04.896,huobi,ACT/USDT:USDT,0.04566,41.0,0.04561,1896.0,0.04606,114.0,0.04607,1760.0
1753591925022,04:52:05.022,huobi,ACT/USDT:USDT,0.04566,41.0,0.04562,993.0,0.04606,114.0,0.04607,1760.0
1753591925082,04:52:05.082,huobi,ACT/USDT:USDT,0.04566,41.0,0.04562,993.0,0.04606,114.0,0.04607,1760.0
1753591925558,04:52:05.558,huobi,ACT/USDT:USDT,0.04566,41.0,0.04562,993.0,0.04606,114.0,0.04607,1760.0
1753591925586,04:52:05.586,huobi,ACT/USDT:USDT,0.04566,41.0,0.04561,993.0,0.04606,114.0,0.04607,1760.0
1753591926395,04:52:06.395,huobi,ACT/USDT:USDT,0.04566,125.0,0.04561,993.0,0.04606,114.0,0.04607,1760.0
1753591930243,04:52:10.243,huobi,ACT/USDT:USDT,0.04566,41.0,0.04561,993.0,0.04606,114.0,0.04607,1760.0
1753591930394,04:52:10.394,huobi,ACT/USDT:USDT,0.04566,41.0,0.04561,993.0,0.04606,114.0,0.04607,1855.0
1753591930460,04:52:10.460,huobi,ACT/USDT:USDT,0.04566,134.0,0.04561,993.0,0.04606,114.0,0.04607,1855.0
1753591930491,04:52:10.491,huobi,ACT/USDT:USDT,0.04566,134.0,0.04561,993.0,0.04606,114.0,0.04607,1855.0
1753591930700,04:52:10.700,huobi,ACT/USDT:USDT,0.04566,134.0,0.04561,993.0,0.04606,114.0,0.04607,1855.0
1753591930722,04:52:10.722,huobi,ACT/USDT:USDT,0.04566,134.0,0.04551,993.0,0.04606,114.0,0.04607,1855.0
1753591930796,04:52:10.796,huobi,ACT/USDT:USDT,0.04566,134.0,0.04551,993.0,0.04606,114.0,0.04607,1855.0
1753591930984,04:52:10.984,huobi,ACT/USDT:USDT,0.04566,134.0,0.04551,993.0,0.04606,114.0,0.04607,1855.0
1753591931130,04:52:11.130,huobi,ACT/USDT:USDT,0.04566,134.0,0.04557,1896.0,0.04606,114.0,0.04607,1855.0
1753591931213,04:52:11.213,huobi,ACT/USDT:USDT,0.04566,134.0,0.04558,993.0,0.04606,114.0,0.04607,1855.0
1753591931283,04:52:11.283,huobi,ACT/USDT:USDT,0.04566,134.0,0.04558,993.0,0.04606,114.0,0.04607,1855.0
1753591931296,04:52:11.296,huobi,ACT/USDT:USDT,0.04566,134.0,0.04551,993.0,0.04606,114.0,0.04607,1855.0
1753591931322,04:52:11.322,huobi,ACT/USDT:USDT,0.04566,134.0,0.04529,228.0,0.04606,114.0,0.04607,1855.0
1753591931400,04:52:11.400,huobi,ACT/USDT:USDT,0.04566,134.0,0.04551,993.0,0.04606,114.0,0.04607,1855.0
1753591931447,04:52:11.447,huobi,ACT/USDT:USDT,0.04566,134.0,0.04551,993.0,0.04606,114.0,0.04607,1855.0
1753591931474,04:52:11.474,huobi,ACT/USDT:USDT,0.04566,134.0,0.04551,993.0,0.04606,114.0,0.04607,1855.0
1753591931687,04:52:11.687,huobi,ACT/USDT:USDT,0.04566,134.0,0.04551,993.0,0.04606,114.0,0.04607,1855.0
1753591931719,04:52:11.719,huobi,ACT/USDT:USDT,0.04566,134.0,0.04551,993.0,0.04606,114.0,0.04607,1855.0
1753591931798,04:52:11.798,huobi,ACT/USDT:USDT,0.04566,134.0,0.04551,993.0,0.04606,114.0,0.04607,1855.0
1753591931859,04:52:11.859,huobi,ACT/USDT:USDT,0.04566,134.0,0.04551,993.0,0.04606,114.0,0.04607,1855.0
1753591932450,04:52:12.450,huobi,ACT/USDT:USDT,0.04566,41.0,0.04551,993.0,0.04606,114.0,0.04607,1855.0
1753591932484,04:52:12.484,huobi,ACT/USDT:USDT,0.04566,41.0,0.04554,1896.0,0.04606,114.0,0.04607,1855.0
1753591932607,04:52:12.607,huobi,ACT/USDT:USDT,0.04566,41.0,0.04555,993.0,0.04606,114.0,0.04607,1855.0
1753591932794,04:52:12.794,huobi,ACT/USDT:USDT,0.04566,41.0,0.04555,993.0,0.04606,114.0,0.04607,1855.0
1753591932882,04:52:12.882,huobi,ACT/USDT:USDT,0.04566,41.0,0.04555,993.0,0.04606,114.0,0.04607,1855.0
1753591935894,04:52:15.894,huobi,ACT/USDT:USDT,0.04566,41.0,0.04555,993.0,0.04606,114.0,0.04607,1855.0
1753591935905,04:52:15.905,huobi,ACT/USDT:USDT,0.04566,41.0,0.04553,1896.0,0.04606,114.0,0.04607,1855.0
1753591936063,04:52:16.063,huobi,ACT/USDT:USDT,0.04566,41.0,0.04554,993.0,0.04606,114.0,0.04607,1855.0
1753591936107,04:52:16.107,huobi,ACT/USDT:USDT,0.04566,41.0,0.04554,993.0,0.04606,114.0,0.04607,1855.0
1753591936185,04:52:16.185,huobi,ACT/USDT:USDT,0.04566,41.0,0.04554,993.0,0.04606,114.0,0.04607,1855.0
1753591939452,04:52:19.452,huobi,ACT/USDT:USDT,0.04566,41.0,0.04554,993.0,0.04606,114.0,0.04607,993.0
1753591939587,04:52:19.587,huobi,ACT/USDT:USDT,0.04566,41.0,0.04554,993.0,0.04606,114.0,0.04607,993.0
1753591939710,04:52:19.710,huobi,ACT/USDT:USDT,0.04566,41.0,0.04554,993.0,0.04606,114.0,0.04607,993.0
1753591939855,04:52:19.855,huobi,ACT/USDT:USDT,0.04566,41.0,0.04554,993.0,0.04606,114.0,0.04607,993.0
1753591940350,04:52:20.350,huobi,ACT/USDT:USDT,0.04566,41.0,0.04554,993.0,0.04606,114.0,0.04607,1811.0
1753591941363,04:52:21.363,huobi,ACT/USDT:USDT,0.04566,41.0,0.04554,993.0,0.04606,114.0,0.04607,1811.0
1753591941377,04:52:21.377,huobi,ACT/USDT:USDT,0.04566,41.0,0.04551,1896.0,0.04606,114.0,0.04607,1811.0
1753591941404,04:52:21.404,huobi,ACT/USDT:USDT,0.04566,41.0,0.04556,908.0,0.04606,114.0,0.04607,1811.0
1753591941483,04:52:21.483,huobi,ACT/USDT:USDT,0.04566,41.0,0.04557,993.0,0.04606,114.0,0.04607,1811.0
1753591941492,04:52:21.492,huobi,ACT/USDT:USDT,0.04566,41.0,0.04557,993.0,0.04606,114.0,0.04607,1811.0
1753591941525,04:52:21.525,huobi,ACT/USDT:USDT,0.04566,41.0,0.04557,993.0,0.04606,114.0,0.04607,3707.0
1753591942256,04:52:22.256,huobi,ACT/USDT:USDT,0.04566,41.0,0.04557,2889.0,0.04606,114.0,0.04607,3707.0
1753591942305,04:52:22.305,huobi,ACT/USDT:USDT,0.04566,41.0,0.04557,2889.0,0.04606,114.0,0.04607,3707.0
1753591942385,04:52:22.385,huobi,ACT/USDT:USDT,0.04566,41.0,0.04557,2889.0,0.04606,114.0,0.04607,1811.0
1753591943200,04:52:23.200,huobi,ACT/USDT:USDT,0.04566,41.0,0.04557,2889.0,0.04606,83.0,0.04607,1811.0
1753591943233,04:52:23.233,huobi,ACT/USDT:USDT,0.04566,41.0,0.04557,2889.0,0.04606,83.0,0.04607,1811.0
1753591943276,04:52:23.276,huobi,ACT/USDT:USDT,0.04566,41.0,0.04557,2889.0,0.04606,146.0,0.04607,1811.0
1753591943465,04:52:23.465,huobi,ACT/USDT:USDT,0.04566,41.0,0.04557,2889.0,0.04606,146.0,0.04607,1811.0
1753591943499,04:52:23.499,huobi,ACT/USDT:USDT,0.04566,41.0,0.04557,993.0,0.04606,146.0,0.04607,1811.0
1753591943697,04:52:23.697,huobi,ACT/USDT:USDT,0.04566,41.0,0.04557,993.0,0.04606,146.0,0.04607,1811.0
1753591946686,04:52:26.686,huobi,ACT/USDT:USDT,0.04566,41.0,0.04557,993.0,0.04606,146.0,0.04607,1811.0
1753591947696,04:52:27.696,huobi,ACT/USDT:USDT,0.04566,41.0,0.04563,1896.0,0.04606,146.0,0.04607,1811.0
1753591947799,04:52:27.799,huobi,ACT/USDT:USDT,0.04566,41.0,0.04564,993.0,0.04606,146.0,0.04607,1811.0
1753591947818,04:52:27.818,huobi,ACT/USDT:USDT,0.04566,41.0,0.04529,228.0,0.04606,146.0,0.04607,1811.0
1753591947896,04:52:27.896,huobi,ACT/USDT:USDT,0.04566,41.0,0.04553,1896.0,0.04606,146.0,0.04607,1811.0
1753591947909,04:52:27.909,huobi,ACT/USDT:USDT,0.04566,41.0,0.04554,993.0,0.04606,146.0,0.04607,1811.0
1753591948017,04:52:28.017,huobi,ACT/USDT:USDT,0.04566,41.0,0.04554,993.0,0.04606,146.0,0.04607,1811.0
1753591948341,04:52:28.341,huobi,ACT/USDT:USDT,0.04566,41.0,0.04554,993.0,0.04606,146.0,0.04607,1811.0
1753591948388,04:52:28.388,huobi,ACT/USDT:USDT,0.04566,41.0,0.04554,993.0,0.04606,146.0,0.04607,1811.0
1753591948476,04:52:28.476,huobi,ACT/USDT:USDT,0.04566,41.0,0.04554,993.0,0.04606,146.0,0.04607,1811.0
1753591949257,04:52:29.257,huobi,ACT/USDT:USDT,0.04566,41.0,0.04561,1896.0,0.04606,146.0,0.04607,1811.0
1753591949379,04:52:29.379,huobi,ACT/USDT:USDT,0.04566,41.0,0.04562,993.0,0.04606,146.0,0.04607,1811.0
1753591950076,04:52:30.076,huobi,ACT/USDT:USDT,0.04566,41.0,0.04562,993.0,0.04606,146.0,0.04607,1811.0
1753591950183,04:52:30.183,huobi,ACT/USDT:USDT,0.04566,41.0,0.04562,993.0,0.04606,146.0,0.04607,1811.0
1753591950195,04:52:30.195,huobi,ACT/USDT:USDT,0.04566,41.0,0.04529,228.0,0.04606,146.0,0.04607,1811.0
1753591950297,04:52:30.297,huobi,ACT/USDT:USDT,0.04566,41.0,0.04551,993.0,0.04606,146.0,0.04607,1811.0
1753591950604,04:52:30.604,huobi,ACT/USDT:USDT,0.04566,41.0,0.04551,993.0,0.04606,146.0,0.04607,1811.0
1753591950714,04:52:30.714,huobi,ACT/USDT:USDT,0.04566,41.0,0.04551,993.0,0.04606,146.0,0.04607,1811.0
1753591950787,04:52:30.787,huobi,ACT/USDT:USDT,0.04566,41.0,0.04551,993.0,0.04606,146.0,0.04607,1811.0
1753591951071,04:52:31.071,huobi,ACT/USDT:USDT,0.04566,41.0,0.04551,993.0,0.04606,146.0,0.04607,1811.0
1753591951125,04:52:31.125,huobi,ACT/USDT:USDT,0.04566,41.0,0.04551,993.0,0.04606,146.0,0.04607,1811.0
1753591951259,04:52:31.259,huobi,ACT/USDT:USDT,0.04566,41.0,0.04559,1896.0,0.04606,146.0,0.04607,1811.0
1753591951346,04:52:31.346,huobi,ACT/USDT:USDT,0.04566,41.0,0.0456,993.0,0.04606,146.0,0.04607,1811.0
1753591951455,04:52:31.455,huobi,ACT/USDT:USDT,0.04566,41.0,0.0456,993.0,0.04606,146.0,0.04607,1811.0
1753591955391,04:52:35.391,huobi,ACT/USDT:USDT,0.04566,41.0,0.0456,993.0,0.04606,146.0,0.04607,993.0
1753591955423,04:52:35.423,huobi,ACT/USDT:USDT,0.04566,41.0,0.0456,993.0,0.04606,146.0,0.04607,1862.0
1753591955563,04:52:35.563,huobi,ACT/USDT:USDT,0.04566,41.0,0.0456,993.0,0.04606,146.0,0.04607,1862.0
1753591955586,04:52:35.586,huobi,ACT/USDT:USDT,0.04566,41.0,0.0456,993.0,0.04606,146.0,0.04607,1862.0
1753591955699,04:52:35.699,huobi,ACT/USDT:USDT,0.04566,41.0,0.04551,993.0,0.04606,146.0,0.04607,1862.0
1753591955746,04:52:35.746,huobi,ACT/USDT:USDT,0.04566,41.0,0.04551,993.0,0.04606,146.0,0.04607,1862.0
1753591955963,04:52:35.963,huobi,ACT/USDT:USDT,0.04566,41.0,0.0456,1896.0,0.04606,146.0,0.04607,1862.0
1753591955977,04:52:35.977,huobi,ACT/USDT:USDT,0.04566,41.0,0.04561,993.0,0.04606,146.0,0.04607,1862.0
1753591956085,04:52:36.085,huobi,ACT/USDT:USDT,0.04566,41.0,0.04561,993.0,0.04606,146.0,0.04607,1862.0
1753591956182,04:52:36.182,huobi,ACT/USDT:USDT,0.04566,41.0,0.04561,993.0,0.04606,146.0,0.04607,1862.0
1753591956192,04:52:36.192,huobi,ACT/USDT:USDT,0.04566,41.0,0.04561,993.0,0.04606,146.0,0.04607,1862.0
1753591956280,04:52:36.280,huobi,ACT/USDT:USDT,0.04566,41.0,0.04561,993.0,0.04606,146.0,0.04607,1862.0
1753591956366,04:52:36.366,huobi,ACT/USDT:USDT,0.04566,41.0,0.04559,1896.0,0.04606,146.0,0.04607,1862.0
1753591956461,04:52:36.461,huobi,ACT/USDT:USDT,0.04566,41.0,0.0456,993.0,0.04606,146.0,0.04607,1862.0
1753591956491,04:52:36.491,huobi,ACT/USDT:USDT,0.04566,41.0,0.0456,993.0,0.04606,146.0,0.04607,1862.0
1753591956663,04:52:36.663,huobi,ACT/USDT:USDT,0.04566,41.0,0.0456,993.0,0.04606,146.0,0.04607,1862.0
1753591956687,04:52:36.687,huobi,ACT/USDT:USDT,0.04566,41.0,0.0456,993.0,0.04606,146.0,0.04607,1862.0
1753591956700,04:52:36.700,huobi,ACT/USDT:USDT,0.04566,41.0,0.04529,228.0,0.04606,146.0,0.04607,1862.0
1753591956784,04:52:36.784,huobi,ACT/USDT:USDT,0.04566,41.0,0.04551,993.0,0.04606,146.0,0.04607,1862.0
1753591956883,04:52:36.883,huobi,ACT/USDT:USDT,0.04566,41.0,0.04551,993.0,0.04606,146.0,0.04607,1862.0
1753591957103,04:52:37.103,huobi,ACT/USDT:USDT,0.04566,41.0,0.04551,993.0,0.04606,146.0,0.04607,1862.0
1753591957232,04:52:37.232,huobi,ACT/USDT:USDT,0.04566,41.0,0.04552,1896.0,0.04606,146.0,0.04607,1862.0
1753591957247,04:52:37.247,huobi,ACT/USDT:USDT,0.04566,41.0,0.04553,993.0,0.04606,146.0,0.04607,1862.0
1753591957354,04:52:37.354,huobi,ACT/USDT:USDT,0.04566,41.0,0.04553,993.0,0.04606,146.0,0.04607,1862.0
1753591957564,04:52:37.564,huobi,ACT/USDT:USDT,0.04566,41.0,0.04559,1896.0,0.04606,146.0,0.04607,1862.0
1753591957579,04:52:37.579,huobi,ACT/USDT:USDT,0.04566,41.0,0.0456,993.0,0.04606,146.0,0.04607,1862.0
1753591957671,04:52:37.671,huobi,ACT/USDT:USDT,0.04566,41.0,0.0456,993.0,0.04606,146.0,0.04607,1862.0
1753591957686,04:52:37.686,huobi,ACT/USDT:USDT,0.04566,41.0,0.0456,993.0,0.04606,146.0,0.04607,1862.0
1753591957784,04:52:37.784,huobi,ACT/USDT:USDT,0.04566,41.0,0.0456,993.0,0.04606,146.0,0.04607,1862.0
1753591958258,04:52:38.258,huobi,ACT/USDT:USDT,0.04566,41.0,0.0456,993.0,0.04606,146.0,0.04607,1862.0
1753591959718,04:52:39.718,huobi,ACT/USDT:USDT,0.04566,41.0,0.04561,993.0,0.04606,146.0,0.04607,1862.0
1753591959752,04:52:39.752,huobi,ACT/USDT:USDT,0.04566,41.0,0.04557,993.0,0.04606,146.0,0.04607,1862.0
1753591959828,04:52:39.828,huobi,ACT/USDT:USDT,0.04566,41.0,0.04556,1896.0,0.04606,146.0,0.04607,1862.0
1753591959869,04:52:39.869,huobi,ACT/USDT:USDT,0.04566,41.0,0.04557,993.0,0.04606,146.0,0.04607,1862.0
1753591961293,04:52:41.293,huobi,ACT/USDT:USDT,0.04566,41.0,0.04557,993.0,0.04606,146.0,0.04607,1862.0
1753591961326,04:52:41.326,huobi,ACT/USDT:USDT,0.04566,41.0,0.04551,993.0,0.04606,146.0,0.04607,1862.0
1753591961397,04:52:41.397,huobi,ACT/USDT:USDT,0.04566,41.0,0.04559,1896.0,0.04606,146.0,0.04607,1862.0
1753591961412,04:52:41.412,huobi,ACT/USDT:USDT,0.04566,41.0,0.0456,993.0,0.04606,146.0,0.04607,1862.0
1753591961462,04:52:41.462,huobi,ACT/USDT:USDT,0.04566,41.0,0.0456,993.0,0.04606,146.0,0.04607,1862.0
1753591961525,04:52:41.525,huobi,ACT/USDT:USDT,0.04566,41.0,0.0456,993.0,0.04606,146.0,0.04607,1862.0
1753591961592,04:52:41.592,huobi,ACT/USDT:USDT,0.04566,41.0,0.0456,993.0,0.04606,146.0,0.04607,1862.0
1753591962386,04:52:42.386,huobi,ACT/USDT:USDT,0.04566,41.0,0.04561,1896.0,0.04606,146.0,0.04607,1862.0
1753591962403,04:52:42.403,huobi,ACT/USDT:USDT,0.04566,41.0,0.04562,993.0,0.04606,146.0,0.04607,1862.0
1753591962508,04:52:42.508,huobi,ACT/USDT:USDT,0.04566,41.0,0.04562,993.0,0.04606,146.0,0.04607,1862.0
1753591962585,04:52:42.585,huobi,ACT/USDT:USDT,0.04566,41.0,0.04562,993.0,0.04606,146.0,0.04607,1862.0
1753591962803,04:52:42.803,huobi,ACT/USDT:USDT,0.04566,41.0,0.04562,993.0,0.04606,146.0,0.04607,1862.0
1753591962815,04:52:42.815,huobi,ACT/USDT:USDT,0.04566,41.0,0.04547,908.0,0.04606,146.0,0.04607,1862.0
1753591963426,04:52:43.426,huobi,ACT/USDT:USDT,0.04566,41.0,0.04559,1896.0,0.04606,146.0,0.04607,1862.0
1753591963487,04:52:43.487,huobi,ACT/USDT:USDT,0.04566,41.0,0.0456,993.0,0.04606,146.0,0.04607,1862.0
1753591963548,04:52:43.548,huobi,ACT/USDT:USDT,0.04566,41.0,0.0456,993.0,0.04606,146.0,0.04607,1862.0
1753591967041,04:52:47.041,huobi,ACT/USDT:USDT,0.04566,41.0,0.0456,993.0,0.04606,146.0,0.04607,993.0
1753591967746,04:52:47.746,huobi,ACT/USDT:USDT,0.04566,41.0,0.0456,993.0,0.04606,146.0,0.04607,1866.0
1753591968599,04:52:48.599,huobi,ACT/USDT:USDT,0.04566,41.0,0.0456,993.0,0.04606,146.0,0.04607,1866.0
1753591968652,04:52:48.652,huobi,ACT/USDT:USDT,0.04566,41.0,0.0456,993.0,0.04606,146.0,0.04607,1866.0
1753591968667,04:52:48.667,huobi,ACT/USDT:USDT,0.04566,41.0,0.04533,3416.0,0.04606,146.0,0.04607,1866.0
1753591968696,04:52:48.696,huobi,ACT/USDT:USDT,0.04566,41.0,0.04554,908.0,0.04606,146.0,0.04607,1866.0
1753591968819,04:52:48.819,huobi,ACT/USDT:USDT,0.04566,41.0,0.04555,993.0,0.04606,146.0,0.04607,1866.0
1753591968859,04:52:48.859,huobi,ACT/USDT:USDT,0.04566,41.0,0.04555,993.0,0.04606,146.0,0.04607,1866.0
1753591968898,04:52:48.898,huobi,ACT/USDT:USDT,0.04566,41.0,0.04555,993.0,0.04606,146.0,0.04607,1866.0
1753591969082,04:52:49.082,huobi,ACT/USDT:USDT,0.04566,41.0,0.04555,993.0,0.04606,146.0,0.04607,1866.0
1753591969092,04:52:49.092,huobi,ACT/USDT:USDT,0.04566,41.0,0.04555,993.0,0.04606,146.0,0.04607,1866.0
1753591969316,04:52:49.316,huobi,ACT/USDT:USDT,0.04566,41.0,0.04555,993.0,0.04606,146.0,0.04607,1866.0
1753591969346,04:52:49.346,huobi,ACT/USDT:USDT,0.04566,41.0,0.04555,993.0,0.04606,146.0,0.04607,1866.0
1753591969374,04:52:49.374,huobi,ACT/USDT:USDT,0.04566,41.0,0.04555,993.0,0.04606,146.0,0.04607,1866.0
1753591969599,04:52:49.599,huobi,ACT/USDT:USDT,0.04566,41.0,0.04555,993.0,0.04606,146.0,0.04607,1866.0
1753591970406,04:52:50.406,huobi,ACT/USDT:USDT,0.04566,41.0,0.04555,993.0,0.04606,146.0,0.04607,1866.0
1753591970499,04:52:50.499,huobi,ACT/USDT:USDT,0.04566,41.0,0.04558,1896.0,0.04606,146.0,0.04607,1866.0
1753591970536,04:52:50.536,huobi,ACT/USDT:USDT,0.04566,41.0,0.04559,993.0,0.04606,146.0,0.04607,1866.0
1753591970646,04:52:50.646,huobi,ACT/USDT:USDT,0.04566,41.0,0.04559,993.0,0.04606,146.0,0.04607,1866.0
1753591972155,04:52:52.155,huobi,ACT/USDT:USDT,0.04566,41.0,0.04559,993.0,0.04606,146.0,0.04607,993.0
