timestamp,time,exchange,symbol,bid1_price,bid1_volume,bid2_price,bid2_volume,ask1_price,ask1_volume,ask2_price,ask2_volume
1753591902335,04:51:42.335,mexc,1INCH/USDT:USDT,0.2848,13819.0,0.2847,23046,0.2849,17598.0,0.285,60892
1753591903008,04:51:43.008,mexc,1INCH/USDT:USDT,0.2848,13819.0,0.2847,23046,0.2849,17598.0,0.285,60892
1753591903108,04:51:43.108,mexc,1INCH/USDT:USDT,0.2848,13819.0,0.2847,23046,0.2849,17598.0,0.285,60892
1753591903509,04:51:43.509,mexc,1INCH/USDT:USDT,0.2848,13819.0,0.2847,23046,0.2849,17598.0,0.285,60892
1753591903635,04:51:43.635,mexc,1INCH/USDT:USDT,0.2848,13819.0,0.2847,31658,0.2849,17598.0,0.285,60892
1753591904009,04:51:44.009,mexc,1INCH/USDT:USDT,0.2848,13819.0,0.2847,23046,0.2849,17598.0,0.285,60892
1753591904107,04:51:44.107,mexc,1INCH/USDT:USDT,0.2848,13819.0,0.2847,26360,0.2849,17598.0,0.285,60892
1753591904509,04:51:44.509,mexc,1INCH/USDT:USDT,0.2848,13819.0,0.2847,23046,0.2849,17598.0,0.285,60892
1753591904607,04:51:44.607,mexc,1INCH/USDT:USDT,0.2848,13819.0,0.2847,23046,0.2849,17598.0,0.285,101856
1753591905009,04:51:45.009,mexc,1INCH/USDT:USDT,0.2848,13819.0,0.2847,23046,0.2849,17598.0,0.285,101856
1753591905112,04:51:45.112,mexc,1INCH/USDT:USDT,0.2848,13819.0,0.2847,26053,0.2849,17598.0,0.285,86279
1753591905510,04:51:45.510,mexc,1INCH/USDT:USDT,0.2848,13819.0,0.2847,26053,0.2849,17598.0,0.285,86279
1753591905607,04:51:45.607,mexc,1INCH/USDT:USDT,0.2848,13819.0,0.2847,23046,0.2849,17598.0,0.285,60892
1753591906009,04:51:46.009,mexc,1INCH/USDT:USDT,0.2848,13819.0,0.2847,23046,0.2849,17598.0,0.285,60892
1753591906110,04:51:46.110,mexc,1INCH/USDT:USDT,0.2848,13819.0,0.2847,23046,0.2849,17598.0,0.285,60892
1753591906242,04:51:46.242,mexc,1INCH/USDT:USDT,0.2848,17533,0.2847,50373,0.2849,7712,0.285,69751
1753591906608,04:51:46.608,mexc,1INCH/USDT:USDT,0.2848,17533,0.2847,85820,0.2849,7712,0.285,98733
1753591907010,04:51:47.010,mexc,1INCH/USDT:USDT,0.2848,17533,0.2847,85820,0.2849,7712,0.285,98733
1753591907109,04:51:47.109,mexc,1INCH/USDT:USDT,0.2848,17533,0.2847,50373,0.2849,7712,0.285,69751
1753591907510,04:51:47.510,mexc,1INCH/USDT:USDT,0.2848,17533,0.2847,50373,0.2849,7712,0.285,69751
1753591907609,04:51:47.609,mexc,1INCH/USDT:USDT,0.2848,17533,0.2847,60247,0.2849,7712,0.285,69751
1753591908010,04:51:48.010,mexc,1INCH/USDT:USDT,0.2848,17533,0.2847,60247,0.2849,7712,0.285,69751
1753591908110,04:51:48.110,mexc,1INCH/USDT:USDT,0.2848,17533,0.2847,50373,0.2849,7712,0.285,69751
1753591908511,04:51:48.511,mexc,1INCH/USDT:USDT,0.2848,17533,0.2847,50373,0.2849,7712,0.285,69751
1753591908609,04:51:48.609,mexc,1INCH/USDT:USDT,0.2848,17533,0.2847,50373,0.2849,7712,0.285,69751
1753591909012,04:51:49.012,mexc,1INCH/USDT:USDT,0.2848,17533,0.2847,50373,0.2849,7712,0.285,69751
1753591909109,04:51:49.109,mexc,1INCH/USDT:USDT,0.2848,17533,0.2847,50373,0.2849,7712,0.285,98286
1753591909511,04:51:49.511,mexc,1INCH/USDT:USDT,0.2848,17533,0.2847,50373,0.2849,7712,0.285,69751
1753591909637,04:51:49.637,mexc,1INCH/USDT:USDT,0.2848,17533,0.2847,72220,0.2849,7712,0.285,69751
1753591910013,04:51:50.013,mexc,1INCH/USDT:USDT,0.2848,17533,0.2847,72220,0.2849,7712,0.285,69751
1753591910112,04:51:50.112,mexc,1INCH/USDT:USDT,0.2848,17533,0.2847,50373,0.2849,7712,0.285,69751
1753591910508,04:51:50.508,mexc,1INCH/USDT:USDT,0.2848,17533,0.2847,50373,0.2849,7712,0.285,69751
1753591910612,04:51:50.612,mexc,1INCH/USDT:USDT,0.2848,17533,0.2847,50373,0.2849,7712,0.285,69751
1753591911011,04:51:51.011,mexc,1INCH/USDT:USDT,0.2848,17533,0.2847,50373,0.2849,7712,0.285,69751
1753591911110,04:51:51.110,mexc,1INCH/USDT:USDT,0.2848,17533,0.2847,50373,0.2849,7712,0.285,89805
1753591911513,04:51:51.513,mexc,1INCH/USDT:USDT,0.2848,17533,0.2847,50373,0.2849,7712,0.285,89805
1753591911611,04:51:51.611,mexc,1INCH/USDT:USDT,0.2848,17533,0.2847,50373,0.2849,7712,0.285,69751
1753591912012,04:51:52.012,mexc,1INCH/USDT:USDT,0.2848,17533,0.2847,50373,0.2849,7712,0.285,69751
1753591912112,04:51:52.112,mexc,1INCH/USDT:USDT,0.2848,17533,0.2847,50373,0.2849,7712,0.285,69751
1753591912243,04:51:52.243,mexc,1INCH/USDT:USDT,0.2848,8130,0.2847,38799,0.2849,14519,0.285,57177
1753591912611,04:51:52.611,mexc,1INCH/USDT:USDT,0.2848,8130,0.2847,38799,0.2849,14519,0.285,57177
1753591913097,04:51:53.097,mexc,1INCH/USDT:USDT,0.2848,8130,0.2847,38799,0.2849,14519,0.285,57177
1753591913112,04:51:53.112,mexc,1INCH/USDT:USDT,0.2848,8130,0.2847,45797,0.2849,14519,0.285,57177
1753591913518,04:51:53.518,mexc,1INCH/USDT:USDT,0.2848,8130,0.2847,45797,0.2849,14519,0.285,57177
1753591913610,04:51:53.610,mexc,1INCH/USDT:USDT,0.2848,8130,0.2847,51605,0.2849,14519,0.285,91516
1753591914013,04:51:54.013,mexc,1INCH/USDT:USDT,0.2848,8130,0.2847,46193,0.2849,14519,0.285,91516
1753591914114,04:51:54.114,mexc,1INCH/USDT:USDT,0.2848,8130,0.2847,49677,0.2849,14519,0.285,57177
1753591914516,04:51:54.516,mexc,1INCH/USDT:USDT,0.2848,8130,0.2847,49677,0.2849,14519,0.285,57177
1753591914611,04:51:54.611,mexc,1INCH/USDT:USDT,0.2848,8130,0.2847,48829,0.2849,14519,0.285,68286
1753591915013,04:51:55.013,mexc,1INCH/USDT:USDT,0.2848,8130,0.2847,48829,0.2849,14519,0.285,57177
1753591915112,04:51:55.112,mexc,1INCH/USDT:USDT,0.2848,8130,0.2847,38799,0.2849,14519,0.285,57177
1753591915512,04:51:55.512,mexc,1INCH/USDT:USDT,0.2848,8130,0.2847,38799,0.2849,14519,0.285,57177
1753591915638,04:51:55.638,mexc,1INCH/USDT:USDT,0.2848,8130,0.2847,38799,0.2849,14519,0.285,57177
1753591916013,04:51:56.013,mexc,1INCH/USDT:USDT,0.2848,8130,0.2847,38799,0.2849,14519,0.285,57177
1753591916112,04:51:56.112,mexc,1INCH/USDT:USDT,0.2848,8130,0.2847,38799,0.2849,14519,0.285,57177
1753591916511,04:51:56.511,mexc,1INCH/USDT:USDT,0.2848,8130,0.2847,38799,0.2849,14519,0.285,57177
1753591916612,04:51:56.612,mexc,1INCH/USDT:USDT,0.2848,8130,0.2847,38799,0.2849,14519,0.285,57177
1753591917014,04:51:57.014,mexc,1INCH/USDT:USDT,0.2848,8130,0.2847,38799,0.2849,14519,0.285,57177
1753591917115,04:51:57.115,mexc,1INCH/USDT:USDT,0.2848,8130,0.2847,51353,0.2849,14519,0.285,57177
1753591917515,04:51:57.515,mexc,1INCH/USDT:USDT,0.2848,8130,0.2847,38799,0.2849,14519,0.285,57177
1753591917613,04:51:57.613,mexc,1INCH/USDT:USDT,0.2848,8130,0.2847,38799,0.2849,14519,0.285,57177
1753591918014,04:51:58.014,mexc,1INCH/USDT:USDT,0.2848,8130,0.2847,38799,0.2849,14519,0.285,57177
1753591918117,04:51:58.117,mexc,1INCH/USDT:USDT,0.2848,8130,0.2847,38799,0.2849,14519,0.285,57177
1753591918245,04:51:58.245,mexc,1INCH/USDT:USDT,0.2848,11238,0.2847,37405,0.2849,15965,0.285,50992
1753591918612,04:51:58.612,mexc,1INCH/USDT:USDT,0.2848,11238,0.2847,37405,0.2849,15965,0.285,50992
1753591919014,04:51:59.014,mexc,1INCH/USDT:USDT,0.2848,11238,0.2847,37405,0.2849,15965,0.285,50992
1753591919115,04:51:59.115,mexc,1INCH/USDT:USDT,0.2848,11238,0.2847,37405,0.2849,15965,0.285,72609
1753591919515,04:51:59.515,mexc,1INCH/USDT:USDT,0.2848,11238,0.2847,37405,0.2849,15965,0.285,72609
1753591919613,04:51:59.613,mexc,1INCH/USDT:USDT,0.2848,11238,0.2847,48812,0.2849,15965,0.285,50992
1753591920015,04:52:00.015,mexc,1INCH/USDT:USDT,0.2848,11238,0.2847,48812,0.2849,15965,0.285,50992
1753591920115,04:52:00.115,mexc,1INCH/USDT:USDT,0.2848,11238,0.2847,44429,0.2849,15965,0.285,74612
1753591920514,04:52:00.514,mexc,1INCH/USDT:USDT,0.2848,11238,0.2847,44429,0.2849,15965,0.285,50992
1753591920612,04:52:00.612,mexc,1INCH/USDT:USDT,0.2848,11238,0.2847,37405,0.2849,15965,0.285,50992
1753591921015,04:52:01.015,mexc,1INCH/USDT:USDT,0.2848,11238,0.2847,37405,0.2849,15965,0.285,50992
1753591921116,04:52:01.116,mexc,1INCH/USDT:USDT,0.2848,11238,0.2847,37405,0.2849,15965,0.285,50992
1753591921517,04:52:01.517,mexc,1INCH/USDT:USDT,0.2848,11238,0.2847,37405,0.2849,15965,0.285,50992
1753591921645,04:52:01.645,mexc,1INCH/USDT:USDT,0.2848,11238,0.2847,37405,0.2849,15965,0.285,50992
1753591922015,04:52:02.015,mexc,1INCH/USDT:USDT,0.2848,11238,0.2847,37405,0.2849,15965,0.285,50992
1753591922116,04:52:02.116,mexc,1INCH/USDT:USDT,0.2848,11238,0.2847,37405,0.2849,15965,0.285,64840
1753591922514,04:52:02.514,mexc,1INCH/USDT:USDT,0.2848,11238,0.2847,37405,0.2849,15965,0.285,64840
1753591922615,04:52:02.615,mexc,1INCH/USDT:USDT,0.2848,11238,0.2847,37405,0.2849,15965,0.285,50992
1753591923015,04:52:03.015,mexc,1INCH/USDT:USDT,0.2848,11238,0.2847,37405,0.2849,15965,0.285,50992
1753591923113,04:52:03.113,mexc,1INCH/USDT:USDT,0.2848,11238,0.2847,41280,0.2849,15965,0.285,50992
1753591923515,04:52:03.515,mexc,1INCH/USDT:USDT,0.2848,11238,0.2847,41280,0.2849,15965,0.285,50992
1753591923615,04:52:03.615,mexc,1INCH/USDT:USDT,0.2848,11238,0.2847,50656,0.2849,15965,0.285,50992
1753591924016,04:52:04.016,mexc,1INCH/USDT:USDT,0.2848,11238,0.2847,37405,0.2849,15965,0.285,50992
1753591924117,04:52:04.117,mexc,1INCH/USDT:USDT,0.2848,11238,0.2847,49247,0.2849,15965,0.285,50992
1753591924247,04:52:04.247,mexc,1INCH/USDT:USDT,0.2848,9279,0.2847,26835,0.2849,13465,0.285,49031
1753591924615,04:52:04.615,mexc,1INCH/USDT:USDT,0.2848,9279,0.2847,26835,0.2849,13465,0.285,49031
1753591925018,04:52:05.018,mexc,1INCH/USDT:USDT,0.2848,9279,0.2847,26835,0.2849,13465,0.285,49031
1753591925119,04:52:05.119,mexc,1INCH/USDT:USDT,0.2848,9279,0.2847,32132,0.2849,13465,0.285,62028
1753591925521,04:52:05.521,mexc,1INCH/USDT:USDT,0.2848,9279,0.2847,32132,0.2849,13465,0.285,62028
1753591925617,04:52:05.617,mexc,1INCH/USDT:USDT,0.2848,9279,0.2847,26835,0.2849,13465,0.285,71151
1753591926017,04:52:06.017,mexc,1INCH/USDT:USDT,0.2848,9279,0.2847,26835,0.2849,13465,0.285,49031
1753591926118,04:52:06.118,mexc,1INCH/USDT:USDT,0.2848,9279,0.2847,26835,0.2849,13465,0.285,70715
1753591926519,04:52:06.519,mexc,1INCH/USDT:USDT,0.2848,9279,0.2847,26835,0.2849,13465,0.285,49031
1753591926618,04:52:06.618,mexc,1INCH/USDT:USDT,0.2848,9279,0.2847,26835,0.2849,13465,0.285,54777
1753591927018,04:52:07.018,mexc,1INCH/USDT:USDT,0.2848,9279,0.2847,26835,0.2849,13465,0.285,54777
1753591927118,04:52:07.118,mexc,1INCH/USDT:USDT,0.2848,9279,0.2847,31129,0.2849,13465,0.285,49031
1753591927517,04:52:07.517,mexc,1INCH/USDT:USDT,0.2848,9279,0.2847,31129,0.2849,13465,0.285,49031
1753591927644,04:52:07.644,mexc,1INCH/USDT:USDT,0.2848,9279,0.2847,26835,0.2849,13465,0.285,78425
1753591928020,04:52:08.020,mexc,1INCH/USDT:USDT,0.2848,9279,0.2847,26835,0.2849,13465,0.285,78425
1753591928115,04:52:08.115,mexc,1INCH/USDT:USDT,0.2848,9279,0.2847,26835,0.2849,13465,0.285,49031
1753591928516,04:52:08.516,mexc,1INCH/USDT:USDT,0.2848,9279,0.2847,26835,0.2849,13465,0.285,49031
1753591928617,04:52:08.617,mexc,1INCH/USDT:USDT,0.2848,9279,0.2847,34875,0.2849,13465,0.285,49031
1753591929018,04:52:09.018,mexc,1INCH/USDT:USDT,0.2848,9279,0.2847,34875,0.2849,13465,0.285,49031
1753591929118,04:52:09.118,mexc,1INCH/USDT:USDT,0.2848,9279,0.2847,34325,0.2849,13465,0.285,49031
1753591929519,04:52:09.519,mexc,1INCH/USDT:USDT,0.2848,9279,0.2847,34325,0.2849,13465,0.285,49031
1753591929618,04:52:09.618,mexc,1INCH/USDT:USDT,0.2848,9279,0.2847,32824,0.2849,13465,0.285,67296
1753591930021,04:52:10.021,mexc,1INCH/USDT:USDT,0.2848,9279,0.2847,32824,0.2849,13465,0.285,49031
1753591930118,04:52:10.118,mexc,1INCH/USDT:USDT,0.2848,9279,0.2847,26835,0.2849,13465,0.285,58890
1753591930250,04:52:10.250,mexc,1INCH/USDT:USDT,0.2848,5704,0.2847,26769,0.2849,15220,0.285,61657
1753591930619,04:52:10.619,mexc,1INCH/USDT:USDT,0.2848,5704,0.2847,29885,0.2849,15220,0.285,104722
1753591931020,04:52:11.020,mexc,1INCH/USDT:USDT,0.2848,5704,0.2847,26769,0.2849,15220,0.285,61657
1753591931118,04:52:11.118,mexc,1INCH/USDT:USDT,0.2848,5704,0.2847,30417,0.2849,15220,0.285,75080
1753591931519,04:52:11.519,mexc,1INCH/USDT:USDT,0.2848,5704,0.2847,30417,0.2849,15220,0.285,61657
1753591931618,04:52:11.618,mexc,1INCH/USDT:USDT,0.2848,5704,0.2847,26769,0.2849,15220,0.285,61657
1753591932020,04:52:12.020,mexc,1INCH/USDT:USDT,0.2848,5704,0.2847,26769,0.2849,15220,0.285,61657
1753591932121,04:52:12.121,mexc,1INCH/USDT:USDT,0.2848,5704,0.2847,26769,0.2849,15220,0.285,61657
1753591932522,04:52:12.522,mexc,1INCH/USDT:USDT,0.2848,5704,0.2847,26769,0.2849,15220,0.285,61657
1753591932619,04:52:12.619,mexc,1INCH/USDT:USDT,0.2848,5704,0.2847,36001,0.2849,15220,0.285,90121
1753591933021,04:52:13.021,mexc,1INCH/USDT:USDT,0.2848,5704,0.2847,26769,0.2849,15220,0.285,90121
1753591933120,04:52:13.120,mexc,1INCH/USDT:USDT,0.2848,5704,0.2847,26769,0.2849,15220,0.285,76831
1753591933521,04:52:13.521,mexc,1INCH/USDT:USDT,0.2848,5704,0.2847,26769,0.2849,15220,0.285,61657
1753591933674,04:52:13.674,mexc,1INCH/USDT:USDT,0.2848,5704,0.2847,26769,0.2849,15220,0.285,61657
1753591934020,04:52:14.020,mexc,1INCH/USDT:USDT,0.2848,5704,0.2847,26769,0.2849,15220,0.285,61657
1753591934121,04:52:14.121,mexc,1INCH/USDT:USDT,0.2848,5704,0.2847,26769,0.2849,15220,0.285,83581
1753591934522,04:52:14.522,mexc,1INCH/USDT:USDT,0.2848,5704,0.2847,26769,0.2849,15220,0.285,83581
1753591934621,04:52:14.621,mexc,1INCH/USDT:USDT,0.2848,5704,0.2847,35464,0.2849,15220,0.285,91144
1753591935022,04:52:15.022,mexc,1INCH/USDT:USDT,0.2848,5704,0.2847,35464,0.2849,15220,0.285,91144
1753591935124,04:52:15.124,mexc,1INCH/USDT:USDT,0.2848,5704,0.2847,35114,0.2849,15220,0.285,61657
1753591935524,04:52:15.524,mexc,1INCH/USDT:USDT,0.2848,5704,0.2847,35114,0.2849,15220,0.285,61657
1753591935621,04:52:15.621,mexc,1INCH/USDT:USDT,0.2848,5704,0.2847,26769,0.2849,15220,0.285,68843
1753591936022,04:52:16.022,mexc,1INCH/USDT:USDT,0.2848,5704,0.2847,26769,0.2849,15220,0.285,68843
1753591936122,04:52:16.122,mexc,1INCH/USDT:USDT,0.2848,5704,0.2847,35919,0.2849,15220,0.285,61657
1753591936249,04:52:16.249,mexc,1INCH/USDT:USDT,0.2848,9149,0.2847,28875,0.2849,13367,0.285,52869
1753591936621,04:52:16.621,mexc,1INCH/USDT:USDT,0.2848,9149,0.2847,28875,0.2849,13367,0.285,52869
1753591937028,04:52:17.028,mexc,1INCH/USDT:USDT,0.2848,9149,0.2847,28875,0.2849,13367,0.285,52869
1753591937122,04:52:17.122,mexc,1INCH/USDT:USDT,0.2848,9149,0.2847,50752,0.2849,13367,0.285,52869
1753591937525,04:52:17.525,mexc,1INCH/USDT:USDT,0.2848,9149,0.2847,39878,0.2849,13367,0.285,52869
1753591937625,04:52:17.625,mexc,1INCH/USDT:USDT,0.2848,9149,0.2847,28875,0.2849,13367,0.285,52869
1753591938024,04:52:18.024,mexc,1INCH/USDT:USDT,0.2848,9149,0.2847,28875,0.2849,13367,0.285,52869
1753591938121,04:52:18.121,mexc,1INCH/USDT:USDT,0.2848,9149,0.2847,36439,0.2849,13367,0.285,52869
1753591938524,04:52:18.524,mexc,1INCH/USDT:USDT,0.2848,9149,0.2847,36439,0.2849,13367,0.285,52869
1753591938625,04:52:18.625,mexc,1INCH/USDT:USDT,0.2848,9149,0.2847,33749,0.2849,13367,0.285,71726
1753591939026,04:52:19.026,mexc,1INCH/USDT:USDT,0.2848,9149,0.2847,28875,0.2849,13367,0.285,71726
1753591939126,04:52:19.126,mexc,1INCH/USDT:USDT,0.2848,9149,0.2847,34513,0.2849,13367,0.285,62468
1753591939525,04:52:19.525,mexc,1INCH/USDT:USDT,0.2848,9149,0.2847,34513,0.2849,13367,0.285,62468
1753591939646,04:52:19.646,mexc,1INCH/USDT:USDT,0.2848,9149,0.2847,28875,0.2849,13367,0.285,69460
1753591940025,04:52:20.025,mexc,1INCH/USDT:USDT,0.2848,9149,0.2847,28875,0.2849,13367,0.285,69460
1753591940129,04:52:20.129,mexc,1INCH/USDT:USDT,0.2848,9149,0.2847,28875,0.2849,13367,0.285,61559
1753591940526,04:52:20.526,mexc,1INCH/USDT:USDT,0.2848,9149,0.2847,28875,0.2849,13367,0.285,61559
1753591940626,04:52:20.626,mexc,1INCH/USDT:USDT,0.2848,9149,0.2847,28875,0.2849,13367,0.285,63932
1753591941025,04:52:21.025,mexc,1INCH/USDT:USDT,0.2848,9149,0.2847,28875,0.2849,13367,0.285,52869
1753591941130,04:52:21.130,mexc,1INCH/USDT:USDT,0.2848,9149,0.2847,28875,0.2849,13367,0.285,52869
1753591941527,04:52:21.527,mexc,1INCH/USDT:USDT,0.2848,9149,0.2847,28875,0.2849,13367,0.285,52869
1753591941626,04:52:21.626,mexc,1INCH/USDT:USDT,0.2848,9149,0.2847,41829,0.2849,13367,0.285,77096
1753591942027,04:52:22.027,mexc,1INCH/USDT:USDT,0.2848,9149,0.2847,41829,0.2849,13367,0.285,77096
1753591942126,04:52:22.126,mexc,1INCH/USDT:USDT,0.2848,9149,0.2847,28875,0.2849,13367,0.285,79099
1753591942250,04:52:22.250,mexc,1INCH/USDT:USDT,0.2848,9372,0.2847,31962,0.2849,15015,0.285,39762
1753591942624,04:52:22.624,mexc,1INCH/USDT:USDT,0.2848,9372,0.2847,31962,0.2849,15015,0.285,39762
1753591943029,04:52:23.029,mexc,1INCH/USDT:USDT,0.2848,9372,0.2847,31962,0.2849,15015,0.285,39762
1753591943125,04:52:23.125,mexc,1INCH/USDT:USDT,0.2848,9372,0.2847,31962,0.2849,15015,0.285,39762
1753591943528,04:52:23.528,mexc,1INCH/USDT:USDT,0.2848,9372,0.2847,31962,0.2849,15015,0.285,39762
1753591943625,04:52:23.625,mexc,1INCH/USDT:USDT,0.2848,9372,0.2847,31962,0.2849,15015,0.285,39762
1753591944028,04:52:24.028,mexc,1INCH/USDT:USDT,0.2848,9372,0.2847,31962,0.2849,15015,0.285,39762
1753591944127,04:52:24.127,mexc,1INCH/USDT:USDT,0.2848,9372,0.2847,42907,0.2849,15015,0.285,39762
1753591944529,04:52:24.529,mexc,1INCH/USDT:USDT,0.2848,9372,0.2847,42907,0.2849,15015,0.285,39762
1753591944625,04:52:24.625,mexc,1INCH/USDT:USDT,0.2848,9372,0.2847,42913,0.2849,15015,0.285,51798
1753591945028,04:52:25.028,mexc,1INCH/USDT:USDT,0.2848,9372,0.2847,42913,0.2849,15015,0.285,39762
1753591945127,04:52:25.127,mexc,1INCH/USDT:USDT,0.2848,9372,0.2847,47824,0.2849,15015,0.285,44810
1753591945529,04:52:25.529,mexc,1INCH/USDT:USDT,0.2848,9372,0.2847,36240,0.2849,15015,0.285,44810
1753591945646,04:52:25.646,mexc,1INCH/USDT:USDT,0.2848,9372,0.2847,31962,0.2849,15015,0.285,55861
1753591946030,04:52:26.030,mexc,1INCH/USDT:USDT,0.2848,9372,0.2847,31962,0.2849,15015,0.285,55861
1753591946129,04:52:26.129,mexc,1INCH/USDT:USDT,0.2848,9372,0.2847,31962,0.2849,15015,0.285,39762
1753591946531,04:52:26.531,mexc,1INCH/USDT:USDT,0.2848,9372,0.2847,31962,0.2849,15015,0.285,39762
1753591946633,04:52:26.633,mexc,1INCH/USDT:USDT,0.2848,9372,0.2847,37109,0.2849,15015,0.285,39762
1753591947033,04:52:27.033,mexc,1INCH/USDT:USDT,0.2848,9372,0.2847,31962,0.2849,15015,0.285,39762
1753591947127,04:52:27.127,mexc,1INCH/USDT:USDT,0.2848,9372,0.2847,31962,0.2849,15015,0.285,39762
1753591947530,04:52:27.530,mexc,1INCH/USDT:USDT,0.2848,9372,0.2847,31962,0.2849,15015,0.285,39762
1753591947628,04:52:27.628,mexc,1INCH/USDT:USDT,0.2848,9372,0.2847,31962,0.2849,15015,0.285,70271
1753591948029,04:52:28.029,mexc,1INCH/USDT:USDT,0.2848,9372,0.2847,31962,0.2849,15015,0.285,70271
1753591948129,04:52:28.129,mexc,1INCH/USDT:USDT,0.2848,9372,0.2847,31962,0.2849,15015,0.285,39762
1753591948253,04:52:28.253,mexc,1INCH/USDT:USDT,0.2849,22049,0.2848,29586,0.285,10057,0.2851,42073
1753591948629,04:52:28.629,mexc,1INCH/USDT:USDT,0.2849,22049,0.2848,29586,0.285,10057,0.2851,42073
1753591949031,04:52:29.031,mexc,1INCH/USDT:USDT,0.2849,22049,0.2848,29586,0.285,10057,0.2851,42073
1753591949128,04:52:29.128,mexc,1INCH/USDT:USDT,0.2849,22049,0.2848,45918,0.285,10057,0.2851,53383
1753591949534,04:52:29.534,mexc,1INCH/USDT:USDT,0.2849,22049,0.2848,45918,0.285,10057,0.2851,53383
1753591949631,04:52:29.631,mexc,1INCH/USDT:USDT,0.2849,22049,0.2848,38041,0.285,10057,0.2851,58788
1753591950032,04:52:30.032,mexc,1INCH/USDT:USDT,0.2849,22049,0.2848,38041,0.285,10057,0.2851,42073
1753591950129,04:52:30.129,mexc,1INCH/USDT:USDT,0.2849,22049,0.2848,36976,0.285,10057,0.2851,42073
1753591950532,04:52:30.532,mexc,1INCH/USDT:USDT,0.2849,22049,0.2848,36976,0.285,10057,0.2851,42073
1753591950630,04:52:30.630,mexc,1INCH/USDT:USDT,0.2849,22049,0.2848,39722,0.285,10057,0.2851,42073
1753591951032,04:52:31.032,mexc,1INCH/USDT:USDT,0.2849,22049,0.2848,39722,0.285,10057,0.2851,42073
1753591951130,04:52:31.130,mexc,1INCH/USDT:USDT,0.2849,22049,0.2848,29586,0.285,10057,0.2851,42073
1753591951532,04:52:31.532,mexc,1INCH/USDT:USDT,0.2849,22049,0.2848,29586,0.285,10057,0.2851,42073
1753591951649,04:52:31.649,mexc,1INCH/USDT:USDT,0.2849,22049,0.2848,29586,0.285,10057,0.2851,55735
1753591952033,04:52:32.033,mexc,1INCH/USDT:USDT,0.2849,22049,0.2848,29586,0.285,10057,0.2851,55735
1753591952198,04:52:32.198,mexc,1INCH/USDT:USDT,0.2849,22049,0.2848,29586,0.285,10057,0.2851,42073
1753591952601,04:52:32.601,mexc,1INCH/USDT:USDT,0.2849,22049,0.2848,29586,0.285,10057,0.2851,42073
1753591952737,04:52:32.737,mexc,1INCH/USDT:USDT,0.2849,22049,0.2848,29586,0.285,10057,0.2851,42073
1753591953102,04:52:33.102,mexc,1INCH/USDT:USDT,0.2849,22049,0.2848,29586,0.285,10057,0.2851,42073
1753591953199,04:52:33.199,mexc,1INCH/USDT:USDT,0.2849,22049,0.2848,29586,0.285,10057,0.2851,49455
1753591953602,04:52:33.602,mexc,1INCH/USDT:USDT,0.2849,22049,0.2848,29586,0.285,10057,0.2851,49455
1753591953701,04:52:33.701,mexc,1INCH/USDT:USDT,0.2849,22049,0.2848,42030,0.285,10057,0.2851,46573
1753591954102,04:52:34.102,mexc,1INCH/USDT:USDT,0.2849,22049,0.2848,42030,0.285,10057,0.2851,46573
1753591954254,04:52:34.254,mexc,1INCH/USDT:USDT,0.2849,15038,0.2848,47512,0.285,9443,0.2851,35528
1753591954699,04:52:34.699,mexc,1INCH/USDT:USDT,0.2849,15038,0.2848,61540,0.285,9443,0.2851,35528
1753591954700,04:52:34.700,mexc,1INCH/USDT:USDT,0.2849,15038,0.2848,74557,0.285,9443,0.2851,35528
1753591955199,04:52:35.199,mexc,1INCH/USDT:USDT,0.2849,15038,0.2848,47512,0.285,9443,0.2851,35528
1753591955199,04:52:35.199,mexc,1INCH/USDT:USDT,0.2849,15038,0.2848,47512,0.285,9443,0.2851,45347
1753591955603,04:52:35.603,mexc,1INCH/USDT:USDT,0.2849,15038,0.2848,47512,0.285,9443,0.2851,45347
1753591955699,04:52:35.699,mexc,1INCH/USDT:USDT,0.2849,15038,0.2848,47512,0.285,9443,0.2851,35528
1753591956104,04:52:36.104,mexc,1INCH/USDT:USDT,0.2849,15038,0.2848,47512,0.285,9443,0.2851,35528
1753591956201,04:52:36.201,mexc,1INCH/USDT:USDT,0.2849,15038,0.2848,58096,0.285,9443,0.2851,44670
1753591956603,04:52:36.603,mexc,1INCH/USDT:USDT,0.2849,15038,0.2848,58096,0.285,9443,0.2851,44670
1753591956701,04:52:36.701,mexc,1INCH/USDT:USDT,0.2849,15038,0.2848,52294,0.285,9443,0.2851,45167
1753591957102,04:52:37.102,mexc,1INCH/USDT:USDT,0.2849,15038,0.2848,52294,0.285,9443,0.2851,35528
1753591957201,04:52:37.201,mexc,1INCH/USDT:USDT,0.2849,15038,0.2848,63552,0.285,9443,0.2851,40949
1753591957592,04:52:37.592,mexc,1INCH/USDT:USDT,0.2849,15038,0.2848,63552,0.285,9443,0.2851,40949
1753591957700,04:52:37.700,mexc,1INCH/USDT:USDT,0.2849,15038,0.2848,47512,0.285,9443,0.2851,35528
1753591958105,04:52:38.105,mexc,1INCH/USDT:USDT,0.2849,15038,0.2848,47512,0.285,9443,0.2851,35528
1753591958201,04:52:38.201,mexc,1INCH/USDT:USDT,0.2849,15038,0.2848,47512,0.285,9443,0.2851,35528
1753591958604,04:52:38.604,mexc,1INCH/USDT:USDT,0.2849,15038,0.2848,47512,0.285,9443,0.2851,35528
1753591958702,04:52:38.702,mexc,1INCH/USDT:USDT,0.2849,15038,0.2848,68321,0.285,9443,0.2851,40817
1753591959103,04:52:39.103,mexc,1INCH/USDT:USDT,0.2849,15038,0.2848,68321,0.285,9443,0.2851,40817
1753591959203,04:52:39.203,mexc,1INCH/USDT:USDT,0.2849,15038,0.2848,47512,0.285,9443,0.2851,51236
1753591959607,04:52:39.607,mexc,1INCH/USDT:USDT,0.2849,15038,0.2848,47512,0.285,9443,0.2851,35528
1753591959702,04:52:39.702,mexc,1INCH/USDT:USDT,0.2849,15038,0.2848,61624,0.285,9443,0.2851,64400
1753591960105,04:52:40.105,mexc,1INCH/USDT:USDT,0.2849,15038,0.2848,61624,0.285,9443,0.2851,52134
1753591960260,04:52:40.260,mexc,1INCH/USDT:USDT,0.2849,26299,0.2848,59438,0.285,616,0.2851,33922
1753591960700,04:52:40.700,mexc,1INCH/USDT:USDT,0.2849,26299,0.2848,59438,0.285,616,0.2851,33922
1753591960701,04:52:40.701,mexc,1INCH/USDT:USDT,0.2849,26299,0.2848,87997,0.285,616,0.2851,40269
1753591961104,04:52:41.104,mexc,1INCH/USDT:USDT,0.2849,26299,0.2848,87997,0.285,616,0.2851,40269
1753591961210,04:52:41.210,mexc,1INCH/USDT:USDT,0.2849,26299,0.2848,81810,0.285,616,0.2851,33922
1753591961606,04:52:41.606,mexc,1INCH/USDT:USDT,0.2849,26299,0.2848,59438,0.285,616,0.2851,33922
1753591961702,04:52:41.702,mexc,1INCH/USDT:USDT,0.2849,26299,0.2848,59438,0.285,616,0.2851,33922
1753591962104,04:52:42.104,mexc,1INCH/USDT:USDT,0.2849,26299,0.2848,59438,0.285,616,0.2851,33922
1753591962203,04:52:42.203,mexc,1INCH/USDT:USDT,0.2849,26299,0.2848,59438,0.285,616,0.2851,38285
1753591962604,04:52:42.604,mexc,1INCH/USDT:USDT,0.2849,26299,0.2848,59438,0.285,616,0.2851,38285
1753591962703,04:52:42.703,mexc,1INCH/USDT:USDT,0.2849,26299,0.2848,105301,0.285,616,0.2851,33922
1753591963105,04:52:43.105,mexc,1INCH/USDT:USDT,0.2849,26299,0.2848,105301,0.285,616,0.2851,33922
1753591963203,04:52:43.203,mexc,1INCH/USDT:USDT,0.2849,26299,0.2848,59438,0.285,616,0.2851,33922
1753591963592,04:52:43.592,mexc,1INCH/USDT:USDT,0.2849,26299,0.2848,59438,0.285,616,0.2851,33922
1753591963703,04:52:43.703,mexc,1INCH/USDT:USDT,0.2849,26299,0.2848,76993,0.285,616,0.2851,33922
1753591964106,04:52:44.106,mexc,1INCH/USDT:USDT,0.2849,26299,0.2848,76993,0.285,616,0.2851,33922
1753591964204,04:52:44.204,mexc,1INCH/USDT:USDT,0.2849,26299,0.2848,59438,0.285,616,0.2851,33922
1753591964607,04:52:44.607,mexc,1INCH/USDT:USDT,0.2849,26299,0.2848,59438,0.285,616,0.2851,33922
1753591964704,04:52:44.704,mexc,1INCH/USDT:USDT,0.2849,26299,0.2848,77840,0.285,616,0.2851,33922
1753591965107,04:52:45.107,mexc,1INCH/USDT:USDT,0.2849,26299,0.2848,77840,0.285,616,0.2851,33922
1753591965304,04:52:45.304,mexc,1INCH/USDT:USDT,0.2849,26299,0.2848,82628,0.285,4902,0.2851,31576
1753591965313,04:52:45.313,mexc,1INCH/USDT:USDT,0.2849,15239,0.2848,30588,0.285,4902,0.2851,31576
1753591965704,04:52:45.704,mexc,1INCH/USDT:USDT,0.2849,15239,0.2848,30588,0.285,4902,0.2851,31576
1753591966107,04:52:46.107,mexc,1INCH/USDT:USDT,0.2849,15239,0.2848,30588,0.285,4902,0.2851,31576
1753591966204,04:52:46.204,mexc,1INCH/USDT:USDT,0.2849,15239,0.2848,30588,0.285,4902,0.2851,35533
1753591966608,04:52:46.608,mexc,1INCH/USDT:USDT,0.2849,15239,0.2848,30588,0.285,4902,0.2851,35533
1753591966705,04:52:46.705,mexc,1INCH/USDT:USDT,0.2849,15239,0.2848,38577,0.285,4902,0.2851,38823
1753591967107,04:52:47.107,mexc,1INCH/USDT:USDT,0.2849,15239,0.2848,30588,0.285,4902,0.2851,38823
1753591967205,04:52:47.205,mexc,1INCH/USDT:USDT,0.2849,15239,0.2848,30588,0.285,4902,0.2851,40938
1753591967609,04:52:47.609,mexc,1INCH/USDT:USDT,0.2849,15239,0.2848,30588,0.285,4902,0.2851,40938
1753591967705,04:52:47.705,mexc,1INCH/USDT:USDT,0.2849,15239,0.2848,41753,0.285,4902,0.2851,37246
1753591968108,04:52:48.108,mexc,1INCH/USDT:USDT,0.2849,15239,0.2848,41753,0.285,4902,0.2851,31576
1753591968205,04:52:48.205,mexc,1INCH/USDT:USDT,0.2849,15239,0.2848,30588,0.285,4902,0.2851,31576
1753591968607,04:52:48.607,mexc,1INCH/USDT:USDT,0.2849,15239,0.2848,30588,0.285,4902,0.2851,31576
1753591968706,04:52:48.706,mexc,1INCH/USDT:USDT,0.2849,15239,0.2848,34308,0.285,4902,0.2851,42668
1753591969109,04:52:49.109,mexc,1INCH/USDT:USDT,0.2849,15239,0.2848,34308,0.285,4902,0.2851,42668
1753591969205,04:52:49.205,mexc,1INCH/USDT:USDT,0.2849,15239,0.2848,30588,0.285,4902,0.2851,31576
1753591969613,04:52:49.613,mexc,1INCH/USDT:USDT,0.2849,15239,0.2848,30588,0.285,4902,0.2851,31576
1753591969807,04:52:49.807,mexc,1INCH/USDT:USDT,0.2849,15239,0.2848,41126,0.285,4902,0.2851,45347
1753591969838,04:52:49.838,mexc,1INCH/USDT:USDT,0.2849,20995,0.2848,46274,0.285,4902,0.2851,31576
1753591970207,04:52:50.207,mexc,1INCH/USDT:USDT,0.2849,20995,0.2848,70134,0.285,4902,0.2851,31576
1753591970613,04:52:50.613,mexc,1INCH/USDT:USDT,0.2849,20995,0.2848,56587,0.285,4902,0.2851,31576
1753591970706,04:52:50.706,mexc,1INCH/USDT:USDT,0.2849,20995,0.2848,46274,0.285,4902,0.2851,42331
1753591971109,04:52:51.109,mexc,1INCH/USDT:USDT,0.2849,20995,0.2848,46274,0.285,4902,0.2851,42331
1753591971211,04:52:51.211,mexc,1INCH/USDT:USDT,0.2849,20995,0.2848,81707,0.285,4902,0.2851,31576
1753591971617,04:52:51.617,mexc,1INCH/USDT:USDT,0.2849,20995,0.2848,64315,0.285,4902,0.2851,31576
1753591971707,04:52:51.707,mexc,1INCH/USDT:USDT,0.2849,20995,0.2848,46274,0.285,4902,0.2851,39566
1753591972108,04:52:52.108,mexc,1INCH/USDT:USDT,0.2849,20995,0.2848,46274,0.285,4902,0.2851,39566
1753591972206,04:52:52.206,mexc,1INCH/USDT:USDT,0.2849,20995,0.2848,82273,0.285,4902,0.2851,31576
1753591972610,04:52:52.610,mexc,1INCH/USDT:USDT,0.2849,20995,0.2848,64682,0.285,4902,0.2851,31576
1753591972706,04:52:52.706,mexc,1INCH/USDT:USDT,0.2849,20995,0.2848,79485,0.285,4902,0.2851,37409
1753591973110,04:52:53.110,mexc,1INCH/USDT:USDT,0.2849,20995,0.2848,58442,0.285,4902,0.2851,37409
1753591973207,04:52:53.207,mexc,1INCH/USDT:USDT,0.2849,20995,0.2848,46274,0.285,4902,0.2851,42061
1753591973611,04:52:53.611,mexc,1INCH/USDT:USDT,0.2849,20995,0.2848,46274,0.285,4902,0.2851,42061
1753591973707,04:52:53.707,mexc,1INCH/USDT:USDT,0.2849,20995,0.2848,46274,0.285,4902,0.2851,31576
1753591974110,04:52:54.110,mexc,1INCH/USDT:USDT,0.2849,20995,0.2848,46274,0.285,4902,0.2851,31576
1753591974208,04:52:54.208,mexc,1INCH/USDT:USDT,0.2849,20995,0.2848,46274,0.285,4902,0.2851,38158
1753591974609,04:52:54.609,mexc,1INCH/USDT:USDT,0.2849,20995,0.2848,46274,0.285,4902,0.2851,31576
1753591974709,04:52:54.709,mexc,1INCH/USDT:USDT,0.2849,20995,0.2848,60940,0.285,4902,0.2851,31576
1753591975109,04:52:55.109,mexc,1INCH/USDT:USDT,0.2849,20995,0.2848,60940,0.285,4902,0.2851,31576
1753591975306,04:52:55.306,mexc,1INCH/USDT:USDT,0.2848,34382,0.2847,32442,0.285,4902,0.2851,42085
1753591975315,04:52:55.315,mexc,1INCH/USDT:USDT,0.2848,34382,0.2847,32442,0.2849,8932,0.285,47303
1753591975710,04:52:55.710,mexc,1INCH/USDT:USDT,0.2848,34382,0.2847,32442,0.2849,8932,0.285,47303
1753591976111,04:52:56.111,mexc,1INCH/USDT:USDT,0.2848,34382,0.2847,32442,0.2849,8932,0.285,47303
1753591976209,04:52:56.209,mexc,1INCH/USDT:USDT,0.2848,34382,0.2847,32442,0.2849,8932,0.285,47303
1753591976613,04:52:56.613,mexc,1INCH/USDT:USDT,0.2848,34382,0.2847,32442,0.2849,8932,0.285,47303
1753591976709,04:52:56.709,mexc,1INCH/USDT:USDT,0.2848,34382,0.2847,44325,0.2849,8932,0.285,47303
1753591977112,04:52:57.112,mexc,1INCH/USDT:USDT,0.2848,34382,0.2847,32442,0.2849,8932,0.285,47303
1753591977211,04:52:57.211,mexc,1INCH/USDT:USDT,0.2848,34382,0.2847,36533,0.2849,8932,0.285,47303
1753591977612,04:52:57.612,mexc,1INCH/USDT:USDT,0.2848,34382,0.2847,36533,0.2849,8932,0.285,47303
1753591977710,04:52:57.710,mexc,1INCH/USDT:USDT,0.2848,34382,0.2847,32442,0.2849,8932,0.285,75886
1753591978112,04:52:58.112,mexc,1INCH/USDT:USDT,0.2848,34382,0.2847,32442,0.2849,8932,0.285,63355
1753591978210,04:52:58.210,mexc,1INCH/USDT:USDT,0.2848,34382,0.2847,32442,0.2849,8932,0.285,73432
1753591978612,04:52:58.612,mexc,1INCH/USDT:USDT,0.2848,34382,0.2847,32442,0.2849,8932,0.285,73432
1753591978711,04:52:58.711,mexc,1INCH/USDT:USDT,0.2848,34382,0.2847,32442,0.2849,8932,0.285,47303
1753591979113,04:52:59.113,mexc,1INCH/USDT:USDT,0.2848,34382,0.2847,32442,0.2849,8932,0.285,47303
1753591979209,04:52:59.209,mexc,1INCH/USDT:USDT,0.2848,34382,0.2847,32442,0.2849,8932,0.285,54981
1753591979613,04:52:59.613,mexc,1INCH/USDT:USDT,0.2848,34382,0.2847,32442,0.2849,8932,0.285,54981
1753591979711,04:52:59.711,mexc,1INCH/USDT:USDT,0.2848,34382,0.2847,41351,0.2849,8932,0.285,47303
1753591980119,04:53:00.119,mexc,1INCH/USDT:USDT,0.2848,34382,0.2847,41351,0.2849,8932,0.285,47303
1753591980212,04:53:00.212,mexc,1INCH/USDT:USDT,0.2848,34382,0.2847,32442,0.2849,8932,0.285,47303
1753591980613,04:53:00.613,mexc,1INCH/USDT:USDT,0.2848,34382,0.2847,32442,0.2849,8932,0.285,47303
1753591980712,04:53:00.712,mexc,1INCH/USDT:USDT,0.2848,34382,0.2847,32442,0.2849,8932,0.285,47303
1753591981113,04:53:01.113,mexc,1INCH/USDT:USDT,0.2848,34382,0.2847,32442,0.2849,8932,0.285,47303
1753591981309,04:53:01.309,mexc,1INCH/USDT:USDT,0.2848,34382,0.2847,32442,0.285,27262,0.2851,53498
1753591981318,04:53:01.318,mexc,1INCH/USDT:USDT,0.2849,7552,0.2848,25801,0.285,27262,0.2851,53498
1753591981713,04:53:01.713,mexc,1INCH/USDT:USDT,0.2849,7552,0.2848,25801,0.285,27262,0.2851,53498
1753591982113,04:53:02.113,mexc,1INCH/USDT:USDT,0.2849,7552,0.2848,25801,0.285,27262,0.2851,53498
1753591982212,04:53:02.212,mexc,1INCH/USDT:USDT,0.2849,7552,0.2848,33708,0.285,27262,0.2851,69918
1753591982613,04:53:02.613,mexc,1INCH/USDT:USDT,0.2849,7552,0.2848,33708,0.285,27262,0.2851,53498
1753591982712,04:53:02.712,mexc,1INCH/USDT:USDT,0.2849,7552,0.2848,25801,0.285,27262,0.2851,53498
1753591983115,04:53:03.115,mexc,1INCH/USDT:USDT,0.2849,7552,0.2848,25801,0.285,27262,0.2851,53498
1753591983212,04:53:03.212,mexc,1INCH/USDT:USDT,0.2849,7552,0.2848,25801,0.285,27262,0.2851,53498
1753591983615,04:53:03.615,mexc,1INCH/USDT:USDT,0.2849,7552,0.2848,25801,0.285,27262,0.2851,53498
1753591983712,04:53:03.712,mexc,1INCH/USDT:USDT,0.2849,7552,0.2848,25801,0.285,27262,0.2851,53498
1753591984114,04:53:04.114,mexc,1INCH/USDT:USDT,0.2849,7552,0.2848,25801,0.285,27262,0.2851,53498
1753591984212,04:53:04.212,mexc,1INCH/USDT:USDT,0.2849,7552,0.2848,25801,0.285,27262,0.2851,53498
1753591984615,04:53:04.615,mexc,1INCH/USDT:USDT,0.2849,7552,0.2848,25801,0.285,27262,0.2851,53498
1753591984714,04:53:04.714,mexc,1INCH/USDT:USDT,0.2849,7552,0.2848,25801,0.285,27262,0.2851,73125
1753591985115,04:53:05.115,mexc,1INCH/USDT:USDT,0.2849,7552,0.2848,25801,0.285,27262,0.2851,73125
1753591985213,04:53:05.213,mexc,1INCH/USDT:USDT,0.2849,7552,0.2848,25801,0.285,27262,0.2851,78609
1753591985616,04:53:05.616,mexc,1INCH/USDT:USDT,0.2849,7552,0.2848,25801,0.285,27262,0.2851,78609
1753591985714,04:53:05.714,mexc,1INCH/USDT:USDT,0.2849,7552,0.2848,25801,0.285,27262,0.2851,53498
1753591986116,04:53:06.116,mexc,1INCH/USDT:USDT,0.2849,7552,0.2848,25801,0.285,27262,0.2851,53498
1753591986214,04:53:06.214,mexc,1INCH/USDT:USDT,0.2849,7552,0.2848,25801,0.285,27262,0.2851,53498
1753591986616,04:53:06.616,mexc,1INCH/USDT:USDT,0.2849,7552,0.2848,25801,0.285,27262,0.2851,53498
1753591986727,04:53:06.727,mexc,1INCH/USDT:USDT,0.2849,7552,0.2848,25801,0.285,27262,0.2851,53498
1753591987116,04:53:07.116,mexc,1INCH/USDT:USDT,0.2849,7552,0.2848,25801,0.285,27262,0.2851,53498
1753591987317,04:53:07.317,mexc,1INCH/USDT:USDT,0.2848,14626,0.2847,29648,0.285,27262,0.2851,73782
1753591987326,04:53:07.326,mexc,1INCH/USDT:USDT,0.2848,14626,0.2847,29648,0.2849,16150,0.285,51855
1753591987716,04:53:07.716,mexc,1INCH/USDT:USDT,0.2848,14626,0.2847,29648,0.2849,16150,0.285,51855
1753591988122,04:53:08.122,mexc,1INCH/USDT:USDT,0.2848,14626,0.2847,29648,0.2849,16150,0.285,51855
1753591988215,04:53:08.215,mexc,1INCH/USDT:USDT,0.2848,14626,0.2847,29648,0.2849,16150,0.285,51855
1753591988618,04:53:08.618,mexc,1INCH/USDT:USDT,0.2848,14626,0.2847,29648,0.2849,16150,0.285,51855
1753591988718,04:53:08.718,mexc,1INCH/USDT:USDT,0.2848,14626,0.2847,29648,0.2849,16150,0.285,51855
1753591989117,04:53:09.117,mexc,1INCH/USDT:USDT,0.2848,14626,0.2847,29648,0.2849,16150,0.285,51855
1753591989215,04:53:09.215,mexc,1INCH/USDT:USDT,0.2848,14626,0.2847,29648,0.2849,16150,0.285,71852
1753591989618,04:53:09.618,mexc,1INCH/USDT:USDT,0.2848,14626,0.2847,29648,0.2849,16150,0.285,71852
1753591989717,04:53:09.717,mexc,1INCH/USDT:USDT,0.2848,14626,0.2847,29648,0.2849,16150,0.285,65243
1753591990117,04:53:10.117,mexc,1INCH/USDT:USDT,0.2848,14626,0.2847,29648,0.2849,16150,0.285,65243
1753591990216,04:53:10.216,mexc,1INCH/USDT:USDT,0.2848,14626,0.2847,29648,0.2849,16150,0.285,51855
1753591990618,04:53:10.618,mexc,1INCH/USDT:USDT,0.2848,14626,0.2847,29648,0.2849,16150,0.285,51855
1753591990718,04:53:10.718,mexc,1INCH/USDT:USDT,0.2848,14626,0.2847,43217,0.2849,16150,0.285,92204
1753591991120,04:53:11.120,mexc,1INCH/USDT:USDT,0.2848,14626,0.2847,29648,0.2849,16150,0.285,92204
1753591991217,04:53:11.217,mexc,1INCH/USDT:USDT,0.2848,14626,0.2847,29648,0.2849,16150,0.285,51855
1753591991618,04:53:11.618,mexc,1INCH/USDT:USDT,0.2848,14626,0.2847,29648,0.2849,16150,0.285,51855
1753591991718,04:53:11.718,mexc,1INCH/USDT:USDT,0.2848,14626,0.2847,29648,0.2849,16150,0.285,60226
1753591992119,04:53:12.119,mexc,1INCH/USDT:USDT,0.2848,14626,0.2847,29648,0.2849,16150,0.285,60226
1753591992217,04:53:12.217,mexc,1INCH/USDT:USDT,0.2848,14626,0.2847,29648,0.2849,16150,0.285,51855
1753591992618,04:53:12.618,mexc,1INCH/USDT:USDT,0.2848,14626,0.2847,29648,0.2849,16150,0.285,51855
1753591992731,04:53:12.731,mexc,1INCH/USDT:USDT,0.2848,14626,0.2847,29648,0.2849,16150,0.285,73042
1753591993122,04:53:13.122,mexc,1INCH/USDT:USDT,0.2848,14626,0.2847,29648,0.2849,16150,0.285,73042
1753591993326,04:53:13.326,mexc,1INCH/USDT:USDT,0.2847,29697,0.2846,18117,0.2848,28058,0.2849,58563
1753591993330,04:53:13.330,mexc,1INCH/USDT:USDT,0.2847,29697,0.2846,18117,0.2848,28058,0.2849,42413
1753591993720,04:53:13.720,mexc,1INCH/USDT:USDT,0.2847,29697,0.2846,21319,0.2848,28058,0.2849,42413
1753591994122,04:53:14.122,mexc,1INCH/USDT:USDT,0.2847,29697,0.2846,18117,0.2848,28058,0.2849,42413
1753591994218,04:53:14.218,mexc,1INCH/USDT:USDT,0.2847,29697,0.2846,18117,0.2848,28058,0.2849,42413
1753591994620,04:53:14.620,mexc,1INCH/USDT:USDT,0.2847,29697,0.2846,18117,0.2848,28058,0.2849,42413
1753591994721,04:53:14.721,mexc,1INCH/USDT:USDT,0.2847,29697,0.2846,22100,0.2848,28058,0.2849,42413
1753591995121,04:53:15.121,mexc,1INCH/USDT:USDT,0.2847,29697,0.2846,22100,0.2848,28058,0.2849,42413
1753591995221,04:53:15.221,mexc,1INCH/USDT:USDT,0.2847,29697,0.2846,18117,0.2848,28058,0.2849,42413
1753591995622,04:53:15.622,mexc,1INCH/USDT:USDT,0.2847,29697,0.2846,18117,0.2848,28058,0.2849,42413
1753591995724,04:53:15.724,mexc,1INCH/USDT:USDT,0.2847,29697,0.2846,24371,0.2848,28058,0.2849,42413
1753591996123,04:53:16.123,mexc,1INCH/USDT:USDT,0.2847,29697,0.2846,24371,0.2848,28058,0.2849,42413
1753591996220,04:53:16.220,mexc,1INCH/USDT:USDT,0.2847,29697,0.2846,18117,0.2848,28058,0.2849,56727
1753591996622,04:53:16.622,mexc,1INCH/USDT:USDT,0.2847,29697,0.2846,18117,0.2848,28058,0.2849,42413
1753591996724,04:53:16.724,mexc,1INCH/USDT:USDT,0.2847,29697,0.2846,18117,0.2848,28058,0.2849,42413
1753591997125,04:53:17.125,mexc,1INCH/USDT:USDT,0.2847,29697,0.2846,18117,0.2848,28058,0.2849,42413
1753591997221,04:53:17.221,mexc,1INCH/USDT:USDT,0.2847,29697,0.2846,18117,0.2848,28058,0.2849,52673
1753591997622,04:53:17.622,mexc,1INCH/USDT:USDT,0.2847,29697,0.2846,18117,0.2848,28058,0.2849,42413
1753591997723,04:53:17.723,mexc,1INCH/USDT:USDT,0.2847,29697,0.2846,18117,0.2848,28058,0.2849,42413
1753591998124,04:53:18.124,mexc,1INCH/USDT:USDT,0.2847,29697,0.2846,18117,0.2848,28058,0.2849,42413
1753591998220,04:53:18.220,mexc,1INCH/USDT:USDT,0.2847,29697,0.2846,18117,0.2848,28058,0.2849,42413
1753591998622,04:53:18.622,mexc,1INCH/USDT:USDT,0.2847,29697,0.2846,18117,0.2848,28058,0.2849,42413
1753591998739,04:53:18.739,mexc,1INCH/USDT:USDT,0.2847,29697,0.2846,22812,0.2848,28058,0.2849,54489
1753591999123,04:53:19.123,mexc,1INCH/USDT:USDT,0.2847,29697,0.2846,22812,0.2848,28058,0.2849,42413
1753591999319,04:53:19.319,mexc,1INCH/USDT:USDT,0.2847,29697,0.2846,18117,0.2848,42228,0.2849,90545
1753591999338,04:53:19.338,mexc,1INCH/USDT:USDT,0.2847,22265,0.2846,31332,0.2848,14170,0.2849,40231
1753591999723,04:53:19.723,mexc,1INCH/USDT:USDT,0.2847,22265,0.2846,39830,0.2848,14170,0.2849,40231
1753592000125,04:53:20.125,mexc,1INCH/USDT:USDT,0.2847,22265,0.2846,31332,0.2848,14170,0.2849,40231
1753592000221,04:53:20.221,mexc,1INCH/USDT:USDT,0.2847,22265,0.2846,31332,0.2848,14170,0.2849,40231
1753592000625,04:53:20.625,mexc,1INCH/USDT:USDT,0.2847,22265,0.2846,31332,0.2848,14170,0.2849,40231
1753592000728,04:53:20.728,mexc,1INCH/USDT:USDT,0.2847,22265,0.2846,37355,0.2848,14170,0.2849,45646
1753592001126,04:53:21.126,mexc,1INCH/USDT:USDT,0.2847,22265,0.2846,31332,0.2848,14170,0.2849,45646
1753592001224,04:53:21.224,mexc,1INCH/USDT:USDT,0.2847,22265,0.2846,31332,0.2848,14170,0.2849,53385
1753592001627,04:53:21.627,mexc,1INCH/USDT:USDT,0.2847,22265,0.2846,31332,0.2848,14170,0.2849,40231
1753592001723,04:53:21.723,mexc,1INCH/USDT:USDT,0.2847,22265,0.2846,31332,0.2848,14170,0.2849,57103
1753592002125,04:53:22.125,mexc,1INCH/USDT:USDT,0.2847,22265,0.2846,31332,0.2848,14170,0.2849,40231
1753592002224,04:53:22.224,mexc,1INCH/USDT:USDT,0.2847,22265,0.2846,31332,0.2848,14170,0.2849,40231
1753592002625,04:53:22.625,mexc,1INCH/USDT:USDT,0.2847,22265,0.2846,31332,0.2848,14170,0.2849,40231
1753592002724,04:53:22.724,mexc,1INCH/USDT:USDT,0.2847,22265,0.2846,31332,0.2848,14170,0.2849,67197
1753592003125,04:53:23.125,mexc,1INCH/USDT:USDT,0.2847,22265,0.2846,31332,0.2848,14170,0.2849,52206
1753592003225,04:53:23.225,mexc,1INCH/USDT:USDT,0.2847,22265,0.2846,42819,0.2848,14170,0.2849,53202
1753592003628,04:53:23.628,mexc,1INCH/USDT:USDT,0.2847,22265,0.2846,42819,0.2848,14170,0.2849,40231
1753592003729,04:53:23.729,mexc,1INCH/USDT:USDT,0.2847,22265,0.2846,36046,0.2848,14170,0.2849,40231
1753592004125,04:53:24.125,mexc,1INCH/USDT:USDT,0.2847,22265,0.2846,36046,0.2848,14170,0.2849,40231
1753592004223,04:53:24.223,mexc,1INCH/USDT:USDT,0.2847,22265,0.2846,31332,0.2848,14170,0.2849,54798
1753592004625,04:53:24.625,mexc,1INCH/USDT:USDT,0.2847,22265,0.2846,31332,0.2848,14170,0.2849,54798
1753592004732,04:53:24.732,mexc,1INCH/USDT:USDT,0.2847,22265,0.2846,58788,0.2848,14170,0.2849,40231
1753592004890,04:53:24.890,mexc,1INCH/USDT:USDT,0.2847,22265,0.2846,58788,0.2848,14170,0.2849,40231
1753592005225,04:53:25.225,mexc,1INCH/USDT:USDT,0.2847,22265,0.2846,31332,0.2848,14170,0.2849,40231
1753592005333,04:53:25.333,mexc,1INCH/USDT:USDT,0.2848,6964,0.2847,30367,0.2849,30828,0.285,60384
1753592005725,04:53:25.725,mexc,1INCH/USDT:USDT,0.2848,6964,0.2847,30367,0.2849,30828,0.285,60384
1753592006127,04:53:26.127,mexc,1INCH/USDT:USDT,0.2848,6964,0.2847,30367,0.2849,30828,0.285,60384
1753592006225,04:53:26.225,mexc,1INCH/USDT:USDT,0.2848,6964,0.2847,30367,0.2849,30828,0.285,60384
1753592006625,04:53:26.625,mexc,1INCH/USDT:USDT,0.2848,6964,0.2847,30367,0.2849,30828,0.285,60384
1753592006726,04:53:26.726,mexc,1INCH/USDT:USDT,0.2848,6964,0.2847,30367,0.2849,30828,0.285,60384
1753592007128,04:53:27.128,mexc,1INCH/USDT:USDT,0.2848,6964,0.2847,30367,0.2849,30828,0.285,60384
1753592007224,04:53:27.224,mexc,1INCH/USDT:USDT,0.2848,6964,0.2847,30367,0.2849,30828,0.285,68287
1753592007629,04:53:27.629,mexc,1INCH/USDT:USDT,0.2848,6964,0.2847,30367,0.2849,30828,0.285,60384
1753592007727,04:53:27.727,mexc,1INCH/USDT:USDT,0.2848,6964,0.2847,30367,0.2849,30828,0.285,60384
1753592008128,04:53:28.128,mexc,1INCH/USDT:USDT,0.2848,6964,0.2847,30367,0.2849,30828,0.285,60384
1753592008226,04:53:28.226,mexc,1INCH/USDT:USDT,0.2848,6964,0.2847,30367,0.2849,30828,0.285,87579
1753592008629,04:53:28.629,mexc,1INCH/USDT:USDT,0.2848,6964,0.2847,30367,0.2849,30828,0.285,87579
1753592008727,04:53:28.727,mexc,1INCH/USDT:USDT,0.2848,6964,0.2847,30367,0.2849,30828,0.285,67937
1753592009128,04:53:29.128,mexc,1INCH/USDT:USDT,0.2848,6964,0.2847,30367,0.2849,30828,0.285,67937
1753592009227,04:53:29.227,mexc,1INCH/USDT:USDT,0.2848,6964,0.2847,40233,0.2849,30828,0.285,86307
1753592009633,04:53:29.633,mexc,1INCH/USDT:USDT,0.2848,6964,0.2847,40233,0.2849,30828,0.285,60384
1753592009728,04:53:29.728,mexc,1INCH/USDT:USDT,0.2848,6964,0.2847,30367,0.2849,30828,0.285,74144
1753592010131,04:53:30.131,mexc,1INCH/USDT:USDT,0.2848,6964,0.2847,30367,0.2849,30828,0.285,60384
1753592010228,04:53:30.228,mexc,1INCH/USDT:USDT,0.2848,6964,0.2847,40238,0.2849,30828,0.285,60384
1753592010630,04:53:30.630,mexc,1INCH/USDT:USDT,0.2848,6964,0.2847,34521,0.2849,30828,0.285,60384
1753592010806,04:53:30.806,mexc,1INCH/USDT:USDT,0.2848,6964,0.2847,35087,0.2849,30828,0.285,75111
1753592010893,04:53:30.893,mexc,1INCH/USDT:USDT,0.2848,6964,0.2847,35087,0.2849,30828,0.285,75111
1753592011301,04:53:31.301,mexc,1INCH/USDT:USDT,0.2848,6964,0.2847,30367,0.2849,30828,0.285,60384
1753592011334,04:53:31.334,mexc,1INCH/USDT:USDT,0.2848,6025,0.2847,20593,0.2849,16741,0.285,57728
1753592011798,04:53:31.798,mexc,1INCH/USDT:USDT,0.2848,6025,0.2847,20593,0.2849,16741,0.285,57728
1753592011802,04:53:31.802,mexc,1INCH/USDT:USDT,0.2848,6025,0.2847,31798,0.2849,16741,0.285,57728
1753592012202,04:53:32.202,mexc,1INCH/USDT:USDT,0.2848,6025,0.2847,29723,0.2849,16741,0.285,57728
1753592012300,04:53:32.300,mexc,1INCH/USDT:USDT,0.2848,6025,0.2847,20593,0.2849,16741,0.285,80425
1753592012701,04:53:32.701,mexc,1INCH/USDT:USDT,0.2848,6025,0.2847,20593,0.2849,16741,0.285,80425
1753592012801,04:53:32.801,mexc,1INCH/USDT:USDT,0.2848,6025,0.2847,26896,0.2849,16741,0.285,57728
1753592013202,04:53:33.202,mexc,1INCH/USDT:USDT,0.2848,6025,0.2847,26896,0.2849,16741,0.285,57728
1753592013301,04:53:33.301,mexc,1INCH/USDT:USDT,0.2848,6025,0.2847,20593,0.2849,16741,0.285,57728
1753592013702,04:53:33.702,mexc,1INCH/USDT:USDT,0.2848,6025,0.2847,20593,0.2849,16741,0.285,57728
1753592013801,04:53:33.801,mexc,1INCH/USDT:USDT,0.2848,6025,0.2847,20593,0.2849,16741,0.285,57728
1753592014203,04:53:34.203,mexc,1INCH/USDT:USDT,0.2848,6025,0.2847,20593,0.2849,16741,0.285,57728
1753592014302,04:53:34.302,mexc,1INCH/USDT:USDT,0.2848,6025,0.2847,31803,0.2849,16741,0.285,57728
1753592014703,04:53:34.703,mexc,1INCH/USDT:USDT,0.2848,6025,0.2847,31803,0.2849,16741,0.285,57728
1753592014804,04:53:34.804,mexc,1INCH/USDT:USDT,0.2848,6025,0.2847,23675,0.2849,16741,0.285,57728
1753592015202,04:53:35.202,mexc,1INCH/USDT:USDT,0.2848,6025,0.2847,23675,0.2849,16741,0.285,57728
1753592015301,04:53:35.301,mexc,1INCH/USDT:USDT,0.2848,6025,0.2847,20593,0.2849,16741,0.285,72961
1753592015702,04:53:35.702,mexc,1INCH/USDT:USDT,0.2848,6025,0.2847,20593,0.2849,16741,0.285,57728
1753592015803,04:53:35.803,mexc,1INCH/USDT:USDT,0.2848,6025,0.2847,20593,0.2849,16741,0.285,72926
1753592016203,04:53:36.203,mexc,1INCH/USDT:USDT,0.2848,6025,0.2847,20593,0.2849,16741,0.285,72926
1753592016302,04:53:36.302,mexc,1INCH/USDT:USDT,0.2848,6025,0.2847,20593,0.2849,16741,0.285,57728
1753592016706,04:53:36.706,mexc,1INCH/USDT:USDT,0.2848,6025,0.2847,20593,0.2849,16741,0.285,57728
1753592016896,04:53:36.896,mexc,1INCH/USDT:USDT,0.2848,6025,0.2847,20593,0.2849,16741,0.285,88904
1753592017216,04:53:37.216,mexc,1INCH/USDT:USDT,0.2848,6025,0.2847,20593,0.2849,16741,0.285,88904
1753592017334,04:53:37.334,mexc,1INCH/USDT:USDT,0.2848,19463,0.2847,26150,0.2849,4254,0.285,43064
1753592017802,04:53:37.802,mexc,1INCH/USDT:USDT,0.2848,19463,0.2847,36530,0.2849,4254,0.285,43064
1753592017809,04:53:37.809,mexc,1INCH/USDT:USDT,0.2848,19463,0.2847,36530,0.2849,4254,0.285,51445
1753592018209,04:53:38.209,mexc,1INCH/USDT:USDT,0.2848,19463,0.2847,26150,0.2849,4254,0.285,51445
1753592018307,04:53:38.307,mexc,1INCH/USDT:USDT,0.2848,19463,0.2847,26150,0.2849,4254,0.285,58532
1753592018705,04:53:38.705,mexc,1INCH/USDT:USDT,0.2848,19463,0.2847,26150,0.2849,4254,0.285,58532
1753592018806,04:53:38.806,mexc,1INCH/USDT:USDT,0.2848,19463,0.2847,26150,0.2849,4254,0.285,43064
1753592019205,04:53:39.205,mexc,1INCH/USDT:USDT,0.2848,19463,0.2847,26150,0.2849,4254,0.285,43064
1753592019306,04:53:39.306,mexc,1INCH/USDT:USDT,0.2848,19463,0.2847,38027,0.2849,4254,0.285,43064
1753592019706,04:53:39.706,mexc,1INCH/USDT:USDT,0.2848,19463,0.2847,38027,0.2849,4254,0.285,43064
1753592019808,04:53:39.808,mexc,1INCH/USDT:USDT,0.2848,19463,0.2847,40304,0.2849,4254,0.285,60747
1753592020206,04:53:40.206,mexc,1INCH/USDT:USDT,0.2848,19463,0.2847,30412,0.2849,4254,0.285,60747
1753592020309,04:53:40.309,mexc,1INCH/USDT:USDT,0.2848,19463,0.2847,26150,0.2849,4254,0.285,48327
1753592020705,04:53:40.705,mexc,1INCH/USDT:USDT,0.2848,19463,0.2847,26150,0.2849,4254,0.285,48327
1753592020809,04:53:40.809,mexc,1INCH/USDT:USDT,0.2848,19463,0.2847,26150,0.2849,4254,0.285,55573
1753592021206,04:53:41.206,mexc,1INCH/USDT:USDT,0.2848,19463,0.2847,26150,0.2849,4254,0.285,55573
1753592021309,04:53:41.309,mexc,1INCH/USDT:USDT,0.2848,19463,0.2847,44065,0.2849,4254,0.285,43064
1753592021706,04:53:41.706,mexc,1INCH/USDT:USDT,0.2848,19463,0.2847,33313,0.2849,4254,0.285,43064
1753592021808,04:53:41.808,mexc,1INCH/USDT:USDT,0.2848,19463,0.2847,36294,0.2849,4254,0.285,52544
1753592022074,04:53:42.074,mexc,1INCH/USDT:USDT,0.2848,19463,0.2847,36294,0.2849,4254,0.285,52544
1753592022307,04:53:42.307,mexc,1INCH/USDT:USDT,0.2848,19463,0.2847,26150,0.2849,4254,0.285,43064
1753592022706,04:53:42.706,mexc,1INCH/USDT:USDT,0.2848,19463,0.2847,26150,0.2849,4254,0.285,43064
1753592022808,04:53:42.808,mexc,1INCH/USDT:USDT,0.2848,19463,0.2847,52010,0.2849,4254,0.285,43064
1753592023206,04:53:43.206,mexc,1INCH/USDT:USDT,0.2848,19463,0.2847,39118,0.2849,4254,0.285,43064
1753592023335,04:53:43.335,mexc,1INCH/USDT:USDT,0.2848,18489,0.2847,24708,0.2849,423,0.285,40273
1753592023804,04:53:43.804,mexc,1INCH/USDT:USDT,0.2848,18489,0.2847,24708,0.2849,423,0.285,40273
1753592023808,04:53:43.808,mexc,1INCH/USDT:USDT,0.2848,18489,0.2847,36719,0.2849,423,0.285,40273
1753592024210,04:53:44.210,mexc,1INCH/USDT:USDT,0.2848,18489,0.2847,24708,0.2849,423,0.285,40273
1753592024308,04:53:44.308,mexc,1INCH/USDT:USDT,0.2848,18489,0.2847,24708,0.2849,423,0.285,40273
1753592024708,04:53:44.708,mexc,1INCH/USDT:USDT,0.2848,18489,0.2847,24708,0.2849,423,0.285,40273
1753592024809,04:53:44.809,mexc,1INCH/USDT:USDT,0.2848,18489,0.2847,39945,0.2849,423,0.285,40273
1753592025207,04:53:45.207,mexc,1INCH/USDT:USDT,0.2848,18489,0.2847,30247,0.2849,423,0.285,40273
1753592025309,04:53:45.309,mexc,1INCH/USDT:USDT,0.2848,18489,0.2847,24708,0.2849,423,0.285,40273
1753592025708,04:53:45.708,mexc,1INCH/USDT:USDT,0.2848,18489,0.2847,24708,0.2849,423,0.285,40273
1753592025810,04:53:45.810,mexc,1INCH/USDT:USDT,0.2848,18489,0.2847,38782,0.2849,423,0.285,40273
1753592026209,04:53:46.209,mexc,1INCH/USDT:USDT,0.2848,18489,0.2847,35304,0.2849,423,0.285,40273
1753592026314,04:53:46.314,mexc,1INCH/USDT:USDT,0.2848,18489,0.2847,24708,0.2849,423,0.285,40273
1753592026710,04:53:46.710,mexc,1INCH/USDT:USDT,0.2848,18489,0.2847,24708,0.2849,423,0.285,40273
1753592026812,04:53:46.812,mexc,1INCH/USDT:USDT,0.2848,18489,0.2847,24708,0.2849,423,0.285,40273
1753592027210,04:53:47.210,mexc,1INCH/USDT:USDT,0.2848,18489,0.2847,24708,0.2849,423,0.285,40273
1753592027313,04:53:47.313,mexc,1INCH/USDT:USDT,0.2848,18489,0.2847,24708,0.2849,423,0.285,52110
1753592027710,04:53:47.710,mexc,1INCH/USDT:USDT,0.2848,18489,0.2847,24708,0.2849,423,0.285,52110
1753592027814,04:53:47.814,mexc,1INCH/USDT:USDT,0.2848,18489,0.2847,34463,0.2849,423,0.285,59724
1753592027994,04:53:47.994,mexc,1INCH/USDT:USDT,0.2848,18489,0.2847,34463,0.2849,423,0.285,59724
1753592028399,04:53:48.399,mexc,1INCH/USDT:USDT,0.2848,18489,0.2847,24708,0.2849,847,0.285,40273
1753592028410,04:53:48.410,mexc,1INCH/USDT:USDT,0.2848,22518,0.2847,29446,0.2849,424,0.285,38622
1753592028808,04:53:48.808,mexc,1INCH/USDT:USDT,0.2848,22518,0.2847,29446,0.2849,424,0.285,38622
1753592028815,04:53:48.815,mexc,1INCH/USDT:USDT,0.2848,22518,0.2847,29446,0.2849,424,0.285,47805
1753592029211,04:53:49.211,mexc,1INCH/USDT:USDT,0.2848,22518,0.2847,29446,0.2849,424,0.285,47805
1753592029319,04:53:49.319,mexc,1INCH/USDT:USDT,0.2848,22518,0.2847,37929,0.2849,424,0.285,38622
1753592029711,04:53:49.711,mexc,1INCH/USDT:USDT,0.2848,22518,0.2847,37929,0.2849,424,0.285,38622
1753592029812,04:53:49.812,mexc,1INCH/USDT:USDT,0.2848,22518,0.2847,29446,0.2849,424,0.285,46998
1753592030212,04:53:50.212,mexc,1INCH/USDT:USDT,0.2848,22518,0.2847,29446,0.2849,424,0.285,46998
1753592030311,04:53:50.311,mexc,1INCH/USDT:USDT,0.2848,22518,0.2847,29446,0.2849,424,0.285,43149
1753592030711,04:53:50.711,mexc,1INCH/USDT:USDT,0.2848,22518,0.2847,29446,0.2849,424,0.285,43149
1753592030810,04:53:50.810,mexc,1INCH/USDT:USDT,0.2848,22518,0.2847,29446,0.2849,424,0.285,38622
1753592031212,04:53:51.212,mexc,1INCH/USDT:USDT,0.2848,22518,0.2847,29446,0.2849,424,0.285,38622
1753592031315,04:53:51.315,mexc,1INCH/USDT:USDT,0.2848,22518,0.2847,32785,0.2849,424,0.285,52964
1753592031713,04:53:51.713,mexc,1INCH/USDT:USDT,0.2848,22518,0.2847,32785,0.2849,424,0.285,52964
1753592031814,04:53:51.814,mexc,1INCH/USDT:USDT,0.2848,22518,0.2847,29446,0.2849,424,0.285,38622
1753592032213,04:53:52.213,mexc,1INCH/USDT:USDT,0.2848,22518,0.2847,29446,0.2849,424,0.285,38622
1753592032313,04:53:52.313,mexc,1INCH/USDT:USDT,0.2848,22518,0.2847,29446,0.2849,424,0.285,38622
1753592032712,04:53:52.712,mexc,1INCH/USDT:USDT,0.2848,22518,0.2847,29446,0.2849,424,0.285,38622
1753592032814,04:53:52.814,mexc,1INCH/USDT:USDT,0.2848,22518,0.2847,35718,0.2849,424,0.285,38622
1753592033213,04:53:53.213,mexc,1INCH/USDT:USDT,0.2848,22518,0.2847,35718,0.2849,424,0.285,38622
1753592033315,04:53:53.315,mexc,1INCH/USDT:USDT,0.2848,22518,0.2847,38689,0.2849,424,0.285,62584
1753592033714,04:53:53.714,mexc,1INCH/USDT:USDT,0.2848,22518,0.2847,38689,0.2849,424,0.285,62584
1753592033818,04:53:53.818,mexc,1INCH/USDT:USDT,0.2848,22518,0.2847,36399,0.2849,424,0.285,57368
1753592034000,04:53:54.000,mexc,1INCH/USDT:USDT,0.2848,22518,0.2847,36399,0.2849,424,0.285,57368
1753592034401,04:53:54.401,mexc,1INCH/USDT:USDT,0.2848,22518,0.2847,29446,0.2849,424,0.285,63337
1753592034421,04:53:54.421,mexc,1INCH/USDT:USDT,0.2849,3326,0.2848,26654,0.285,24715,0.2851,63425
1753592034811,04:53:54.811,mexc,1INCH/USDT:USDT,0.2849,3326,0.2848,26654,0.285,24715,0.2851,63425
1753592034817,04:53:54.817,mexc,1INCH/USDT:USDT,0.2849,3326,0.2848,26654,0.285,24715,0.2851,92035
1753592035217,04:53:55.217,mexc,1INCH/USDT:USDT,0.2849,3326,0.2848,26654,0.285,24715,0.2851,92035
1753592035315,04:53:55.315,mexc,1INCH/USDT:USDT,0.2849,3326,0.2848,37890,0.285,24715,0.2851,95010
1753592035716,04:53:55.716,mexc,1INCH/USDT:USDT,0.2849,3326,0.2848,26654,0.285,24715,0.2851,95010
1753592035815,04:53:55.815,mexc,1INCH/USDT:USDT,0.2849,3326,0.2848,30638,0.285,24715,0.2851,63425
1753592036216,04:53:56.216,mexc,1INCH/USDT:USDT,0.2849,3326,0.2848,30638,0.285,24715,0.2851,63425
1753592036315,04:53:56.315,mexc,1INCH/USDT:USDT,0.2849,3326,0.2848,26654,0.285,24715,0.2851,63425
1753592036717,04:53:56.717,mexc,1INCH/USDT:USDT,0.2849,3326,0.2848,26654,0.285,24715,0.2851,63425
1753592036816,04:53:56.816,mexc,1INCH/USDT:USDT,0.2849,3326,0.2848,26654,0.285,24715,0.2851,80784
1753592037217,04:53:57.217,mexc,1INCH/USDT:USDT,0.2849,3326,0.2848,26654,0.285,24715,0.2851,80784
1753592037316,04:53:57.316,mexc,1INCH/USDT:USDT,0.2849,3326,0.2848,26654,0.285,24715,0.2851,63425
1753592037720,04:53:57.720,mexc,1INCH/USDT:USDT,0.2849,3326,0.2848,26654,0.285,24715,0.2851,63425
1753592037817,04:53:57.817,mexc,1INCH/USDT:USDT,0.2849,3326,0.2848,39688,0.285,24715,0.2851,92780
1753592038217,04:53:58.217,mexc,1INCH/USDT:USDT,0.2849,3326,0.2848,39688,0.285,24715,0.2851,92780
1753592038318,04:53:58.318,mexc,1INCH/USDT:USDT,0.2849,3326,0.2848,26654,0.285,24715,0.2851,100983
1753592038719,04:53:58.719,mexc,1INCH/USDT:USDT,0.2849,3326,0.2848,26654,0.285,24715,0.2851,100983
1753592038815,04:53:58.815,mexc,1INCH/USDT:USDT,0.2849,3326,0.2848,26654,0.285,24715,0.2851,90251
1753592039219,04:53:59.219,mexc,1INCH/USDT:USDT,0.2849,3326,0.2848,26654,0.285,24715,0.2851,90251
1753592039317,04:53:59.317,mexc,1INCH/USDT:USDT,0.2849,3326,0.2848,26654,0.285,24715,0.2851,63425
1753592039718,04:53:59.718,mexc,1INCH/USDT:USDT,0.2849,3326,0.2848,26654,0.285,24715,0.2851,63425
1753592039816,04:53:59.816,mexc,1INCH/USDT:USDT,0.2849,3326,0.2848,36781,0.285,24715,0.2851,63425
1753592040002,04:54:00.002,mexc,1INCH/USDT:USDT,0.2849,3326,0.2848,36781,0.285,24715,0.2851,63425
1753592040411,04:54:00.411,mexc,1INCH/USDT:USDT,0.2849,3326,0.2848,26654,0.285,43391,0.2851,108706
1753592040416,04:54:00.416,mexc,1INCH/USDT:USDT,0.2849,15421,0.2848,20403,0.285,18676,0.2851,39712
1753592040817,04:54:00.817,mexc,1INCH/USDT:USDT,0.2849,15421,0.2848,20403,0.285,18676,0.2851,39712
1753592040817,04:54:00.817,mexc,1INCH/USDT:USDT,0.2849,15421,0.2848,30091,0.285,18676,0.2851,39712
1753592041221,04:54:01.221,mexc,1INCH/USDT:USDT,0.2849,15421,0.2848,30091,0.285,18676,0.2851,39712
1753592041317,04:54:01.317,mexc,1INCH/USDT:USDT,0.2849,15421,0.2848,20403,0.285,18676,0.2851,39712
1753592041718,04:54:01.718,mexc,1INCH/USDT:USDT,0.2849,15421,0.2848,20403,0.285,18676,0.2851,39712
1753592041818,04:54:01.818,mexc,1INCH/USDT:USDT,0.2849,15421,0.2848,20403,0.285,18676,0.2851,39712
1753592042219,04:54:02.219,mexc,1INCH/USDT:USDT,0.2849,15421,0.2848,20403,0.285,18676,0.2851,39712
1753592042323,04:54:02.323,mexc,1INCH/USDT:USDT,0.2849,15421,0.2848,28007,0.285,18676,0.2851,39712
1753592042724,04:54:02.724,mexc,1INCH/USDT:USDT,0.2849,15421,0.2848,28007,0.285,18676,0.2851,39712
1753592042818,04:54:02.818,mexc,1INCH/USDT:USDT,0.2849,15421,0.2848,28954,0.285,18676,0.2851,39712
1753592043218,04:54:03.218,mexc,1INCH/USDT:USDT,0.2849,15421,0.2848,28954,0.285,18676,0.2851,39712
1753592043316,04:54:03.316,mexc,1INCH/USDT:USDT,0.2849,15421,0.2848,28641,0.285,18676,0.2851,45124
1753592043719,04:54:03.719,mexc,1INCH/USDT:USDT,0.2849,15421,0.2848,28641,0.285,18676,0.2851,45124
1753592043818,04:54:03.818,mexc,1INCH/USDT:USDT,0.2849,15421,0.2848,24580,0.285,18676,0.2851,39712
1753592044221,04:54:04.221,mexc,1INCH/USDT:USDT,0.2849,15421,0.2848,20403,0.285,18676,0.2851,39712
1753592044317,04:54:04.317,mexc,1INCH/USDT:USDT,0.2849,15421,0.2848,20403,0.285,18676,0.2851,54396
1753592044720,04:54:04.720,mexc,1INCH/USDT:USDT,0.2849,15421,0.2848,20403,0.285,18676,0.2851,54396
1753592044817,04:54:04.817,mexc,1INCH/USDT:USDT,0.2849,15421,0.2848,20403,0.285,18676,0.2851,39712
1753592045221,04:54:05.221,mexc,1INCH/USDT:USDT,0.2849,15421,0.2848,20403,0.285,18676,0.2851,39712
1753592045319,04:54:05.319,mexc,1INCH/USDT:USDT,0.2849,15421,0.2848,29485,0.285,18676,0.2851,47763
1753592045721,04:54:05.721,mexc,1INCH/USDT:USDT,0.2849,15421,0.2848,29485,0.285,18676,0.2851,47763
1753592045818,04:54:05.818,mexc,1INCH/USDT:USDT,0.2849,15421,0.2848,20403,0.285,18676,0.2851,39712
1753592046220,04:54:06.220,mexc,1INCH/USDT:USDT,0.2849,15421,0.2848,20403,0.285,18676,0.2851,39712
1753592046417,04:54:06.417,mexc,1INCH/USDT:USDT,0.2849,20552,0.2848,27927,0.285,10586,0.2851,52030
1753592046734,04:54:06.734,mexc,1INCH/USDT:USDT,0.2849,20552,0.2848,27927,0.285,10586,0.2851,52030
1753592046819,04:54:06.819,mexc,1INCH/USDT:USDT,0.2849,20552,0.2848,27927,0.285,10586,0.2851,52030
1753592047224,04:54:07.224,mexc,1INCH/USDT:USDT,0.2849,20552,0.2848,27927,0.285,10586,0.2851,52030
1753592047320,04:54:07.320,mexc,1INCH/USDT:USDT,0.2849,20552,0.2848,31242,0.285,10586,0.2851,63259
1753592047722,04:54:07.722,mexc,1INCH/USDT:USDT,0.2849,20552,0.2848,27927,0.285,10586,0.2851,63259
1753592047820,04:54:07.820,mexc,1INCH/USDT:USDT,0.2849,20552,0.2848,27927,0.285,10586,0.2851,74356
1753592048222,04:54:08.222,mexc,1INCH/USDT:USDT,0.2849,20552,0.2848,27927,0.285,10586,0.2851,52030
1753592048321,04:54:08.321,mexc,1INCH/USDT:USDT,0.2849,20552,0.2848,31450,0.285,10586,0.2851,52030
1753592048721,04:54:08.721,mexc,1INCH/USDT:USDT,0.2849,20552,0.2848,31450,0.285,10586,0.2851,52030
1753592048820,04:54:08.820,mexc,1INCH/USDT:USDT,0.2849,20552,0.2848,35806,0.285,10586,0.2851,58277
1753592049223,04:54:09.223,mexc,1INCH/USDT:USDT,0.2849,20552,0.2848,27927,0.285,10586,0.2851,58277
1753592049319,04:54:09.319,mexc,1INCH/USDT:USDT,0.2849,20552,0.2848,41209,0.285,10586,0.2851,52030
1753592049722,04:54:09.722,mexc,1INCH/USDT:USDT,0.2849,20552,0.2848,41209,0.285,10586,0.2851,52030
1753592049820,04:54:09.820,mexc,1INCH/USDT:USDT,0.2849,20552,0.2848,33833,0.285,10586,0.2851,52030
1753592050222,04:54:10.222,mexc,1INCH/USDT:USDT,0.2849,20552,0.2848,33833,0.285,10586,0.2851,52030
1753592050321,04:54:10.321,mexc,1INCH/USDT:USDT,0.2849,20552,0.2848,47032,0.285,10586,0.2851,69639
1753592050723,04:54:10.723,mexc,1INCH/USDT:USDT,0.2849,20552,0.2848,47032,0.285,10586,0.2851,69639
1753592050822,04:54:10.822,mexc,1INCH/USDT:USDT,0.2849,20552,0.2848,27927,0.285,10586,0.2851,74119
1753592051225,04:54:11.225,mexc,1INCH/USDT:USDT,0.2849,20552,0.2848,27927,0.285,10586,0.2851,74119
1753592051321,04:54:11.321,mexc,1INCH/USDT:USDT,0.2849,20552,0.2848,27927,0.285,10586,0.2851,52030
1753592051725,04:54:11.725,mexc,1INCH/USDT:USDT,0.2849,20552,0.2848,27927,0.285,10586,0.2851,52030
1753592051827,04:54:11.827,mexc,1INCH/USDT:USDT,0.2849,20552,0.2848,34109,0.285,10586,0.2851,52030
1753592052223,04:54:12.223,mexc,1INCH/USDT:USDT,0.2849,20552,0.2848,34109,0.285,10586,0.2851,52030
1753592052420,04:54:12.420,mexc,1INCH/USDT:USDT,0.285,3454,0.2849,29219,0.2851,24451,0.2852,73349
1753592052734,04:54:12.734,mexc,1INCH/USDT:USDT,0.285,3454,0.2849,29219,0.2851,24451,0.2852,73349
1753592052824,04:54:12.824,mexc,1INCH/USDT:USDT,0.285,3454,0.2849,39578,0.2851,24451,0.2852,73349
1753592053225,04:54:13.225,mexc,1INCH/USDT:USDT,0.285,3454,0.2849,39578,0.2851,24451,0.2852,73349
1753592053321,04:54:13.321,mexc,1INCH/USDT:USDT,0.285,3454,0.2849,29219,0.2851,24451,0.2852,73349
1753592053724,04:54:13.724,mexc,1INCH/USDT:USDT,0.285,3454,0.2849,29219,0.2851,24451,0.2852,73349
1753592053823,04:54:13.823,mexc,1INCH/USDT:USDT,0.285,3454,0.2849,29219,0.2851,24451,0.2852,73349
1753592054224,04:54:14.224,mexc,1INCH/USDT:USDT,0.285,3454,0.2849,29219,0.2851,24451,0.2852,73349
1753592054323,04:54:14.323,mexc,1INCH/USDT:USDT,0.285,3454,0.2849,29219,0.2851,24451,0.2852,73349
1753592054724,04:54:14.724,mexc,1INCH/USDT:USDT,0.285,3454,0.2849,29219,0.2851,24451,0.2852,73349
1753592054823,04:54:14.823,mexc,1INCH/USDT:USDT,0.285,3454,0.2849,29219,0.2851,24451,0.2852,91627
1753592055224,04:54:15.224,mexc,1INCH/USDT:USDT,0.285,3454,0.2849,29219,0.2851,24451,0.2852,73349
1753592055324,04:54:15.324,mexc,1INCH/USDT:USDT,0.285,3454,0.2849,29219,0.2851,24451,0.2852,73349
1753592055727,04:54:15.727,mexc,1INCH/USDT:USDT,0.285,3454,0.2849,29219,0.2851,24451,0.2852,73349
1753592055822,04:54:15.822,mexc,1INCH/USDT:USDT,0.285,3454,0.2849,29219,0.2851,24451,0.2852,73349
1753592056224,04:54:16.224,mexc,1INCH/USDT:USDT,0.285,3454,0.2849,29219,0.2851,24451,0.2852,73349
1753592056321,04:54:16.321,mexc,1INCH/USDT:USDT,0.285,3454,0.2849,39358,0.2851,24451,0.2852,103025
1753592056725,04:54:16.725,mexc,1INCH/USDT:USDT,0.285,3454,0.2849,39358,0.2851,24451,0.2852,103025
1753592056826,04:54:16.826,mexc,1INCH/USDT:USDT,0.285,3454,0.2849,29219,0.2851,24451,0.2852,73349
1753592057227,04:54:17.227,mexc,1INCH/USDT:USDT,0.285,3454,0.2849,29219,0.2851,24451,0.2852,73349
1753592057324,04:54:17.324,mexc,1INCH/USDT:USDT,0.285,3454,0.2849,29219,0.2851,24451,0.2852,109183
1753592057728,04:54:17.728,mexc,1INCH/USDT:USDT,0.285,3454,0.2849,29219,0.2851,24451,0.2852,73349
1753592057824,04:54:17.824,mexc,1INCH/USDT:USDT,0.285,3454,0.2849,39621,0.2851,24451,0.2852,73349
1753592058225,04:54:18.225,mexc,1INCH/USDT:USDT,0.285,3454,0.2849,39621,0.2851,24451,0.2852,73349
1753592058422,04:54:18.422,mexc,1INCH/USDT:USDT,0.2849,20537,0.2848,33367,0.285,11016,0.2851,89335
1753592058422,04:54:18.422,mexc,1INCH/USDT:USDT,0.2849,20537,0.2848,33367,0.285,11016,0.2851,64884
1753592058903,04:54:18.903,mexc,1INCH/USDT:USDT,0.2849,20537,0.2848,33367,0.285,11016,0.2851,64884
1753592058908,04:54:18.908,mexc,1INCH/USDT:USDT,0.2849,20537,0.2848,33367,0.285,11016,0.2851,64884
1753592059303,04:54:19.303,mexc,1INCH/USDT:USDT,0.2849,20537,0.2848,33367,0.285,11016,0.2851,64884
1753592059405,04:54:19.405,mexc,1INCH/USDT:USDT,0.2849,20537,0.2848,47371,0.285,11016,0.2851,64884
1753592059802,04:54:19.802,mexc,1INCH/USDT:USDT,0.2849,20537,0.2848,47371,0.285,11016,0.2851,64884
1753592059901,04:54:19.901,mexc,1INCH/USDT:USDT,0.2849,20537,0.2848,33367,0.285,11016,0.2851,64884
1753592060305,04:54:20.305,mexc,1INCH/USDT:USDT,0.2849,20537,0.2848,33367,0.285,11016,0.2851,64884
1753592060404,04:54:20.404,mexc,1INCH/USDT:USDT,0.2849,20537,0.2848,33367,0.285,11016,0.2851,88678
1753592060803,04:54:20.803,mexc,1INCH/USDT:USDT,0.2849,20537,0.2848,33367,0.285,11016,0.2851,64884
1753592060903,04:54:20.903,mexc,1INCH/USDT:USDT,0.2849,20537,0.2848,33367,0.285,11016,0.2851,64884
1753592061304,04:54:21.304,mexc,1INCH/USDT:USDT,0.2849,20537,0.2848,33367,0.285,11016,0.2851,64884
1753592061403,04:54:21.403,mexc,1INCH/USDT:USDT,0.2849,20537,0.2848,33367,0.285,11016,0.2851,64884
1753592061803,04:54:21.803,mexc,1INCH/USDT:USDT,0.2849,20537,0.2848,33367,0.285,11016,0.2851,64884
1753592061906,04:54:21.906,mexc,1INCH/USDT:USDT,0.2849,20537,0.2848,33367,0.285,11016,0.2851,64884
1753592062304,04:54:22.304,mexc,1INCH/USDT:USDT,0.2849,20537,0.2848,33367,0.285,11016,0.2851,64884
1753592062403,04:54:22.403,mexc,1INCH/USDT:USDT,0.2849,20537,0.2848,48394,0.285,11016,0.2851,64884
1753592062802,04:54:22.802,mexc,1INCH/USDT:USDT,0.2849,20537,0.2848,33367,0.285,11016,0.2851,64884
1753592062906,04:54:22.906,mexc,1INCH/USDT:USDT,0.2849,20537,0.2848,33367,0.285,11016,0.2851,78249
1753592063103,04:54:23.103,mexc,1INCH/USDT:USDT,0.2849,20537,0.2848,33367,0.285,11016,0.2851,78249
1753592063401,04:54:23.401,mexc,1INCH/USDT:USDT,0.2849,20537,0.2848,33367,0.285,11016,0.2851,81532
1753592063804,04:54:23.804,mexc,1INCH/USDT:USDT,0.2849,20537,0.2848,33367,0.285,11016,0.2851,64884
1753592063905,04:54:23.905,mexc,1INCH/USDT:USDT,0.2849,20537,0.2848,38590,0.285,11016,0.2851,79242
1753592064309,04:54:24.309,mexc,1INCH/USDT:USDT,0.2849,20537,0.2848,38590,0.285,11016,0.2851,79242
1753592064423,04:54:24.423,mexc,1INCH/USDT:USDT,0.2849,12753,0.2848,50308,0.285,16345,0.2851,76556
1753592064739,04:54:24.739,mexc,1INCH/USDT:USDT,0.2849,12753,0.2848,50308,0.285,16345,0.2851,76556
1753592064905,04:54:24.905,mexc,1INCH/USDT:USDT,0.2849,12753,0.2848,66744,0.285,16345,0.2851,86426
1753592065307,04:54:25.307,mexc,1INCH/USDT:USDT,0.2849,12753,0.2848,50308,0.285,16345,0.2851,86426
1753592065404,04:54:25.404,mexc,1INCH/USDT:USDT,0.2849,12753,0.2848,50308,0.285,16345,0.2851,88637
1753592065816,04:54:25.816,mexc,1INCH/USDT:USDT,0.2849,12753,0.2848,50308,0.285,16345,0.2851,88637
1753592065905,04:54:25.905,mexc,1INCH/USDT:USDT,0.2849,12753,0.2848,69566,0.285,16345,0.2851,76556
1753592066307,04:54:26.307,mexc,1INCH/USDT:USDT,0.2849,12753,0.2848,69566,0.285,16345,0.2851,76556
1753592066404,04:54:26.404,mexc,1INCH/USDT:USDT,0.2849,12753,0.2848,67074,0.285,16345,0.2851,76556
1753592066806,04:54:26.806,mexc,1INCH/USDT:USDT,0.2849,12753,0.2848,67074,0.285,16345,0.2851,76556
1753592066902,04:54:26.902,mexc,1INCH/USDT:USDT,0.2849,12753,0.2848,56455,0.285,16345,0.2851,76556
1753592067306,04:54:27.306,mexc,1INCH/USDT:USDT,0.2849,12753,0.2848,56455,0.285,16345,0.2851,76556
1753592067402,04:54:27.402,mexc,1INCH/USDT:USDT,0.2849,12753,0.2848,60894,0.285,16345,0.2851,95026
1753592067809,04:54:27.809,mexc,1INCH/USDT:USDT,0.2849,12753,0.2848,60894,0.285,16345,0.2851,76556
1753592067912,04:54:27.912,mexc,1INCH/USDT:USDT,0.2849,12753,0.2848,58649,0.285,16345,0.2851,76556
1753592068311,04:54:28.311,mexc,1INCH/USDT:USDT,0.2849,12753,0.2848,58649,0.285,16345,0.2851,76556
1753592068407,04:54:28.407,mexc,1INCH/USDT:USDT,0.2849,12753,0.2848,66916,0.285,16345,0.2851,76556
1753592068809,04:54:28.809,mexc,1INCH/USDT:USDT,0.2849,12753,0.2848,66916,0.285,16345,0.2851,76556
1753592068909,04:54:28.909,mexc,1INCH/USDT:USDT,0.2849,12753,0.2848,50308,0.285,16345,0.2851,76556
1753592069105,04:54:29.105,mexc,1INCH/USDT:USDT,0.2849,12753,0.2848,50308,0.285,16345,0.2851,76556
1753592069405,04:54:29.405,mexc,1INCH/USDT:USDT,0.2849,12753,0.2848,50308,0.285,16345,0.2851,76556
1753592069807,04:54:29.807,mexc,1INCH/USDT:USDT,0.2849,12753,0.2848,50308,0.285,16345,0.2851,76556
1753592069910,04:54:29.910,mexc,1INCH/USDT:USDT,0.2849,12753,0.2848,50308,0.285,16345,0.2851,76556
1753592070307,04:54:30.307,mexc,1INCH/USDT:USDT,0.2849,12753,0.2848,50308,0.285,16345,0.2851,76556
1753592070424,04:54:30.424,mexc,1INCH/USDT:USDT,0.2849,18629,0.2848,52760,0.285,15038,0.2851,49498
1753592070746,04:54:30.746,mexc,1INCH/USDT:USDT,0.2849,18629,0.2848,52760,0.285,15038,0.2851,49498
1753592070906,04:54:30.906,mexc,1INCH/USDT:USDT,0.2849,18629,0.2848,76718,0.285,15038,0.2851,67414
1753592071310,04:54:31.310,mexc,1INCH/USDT:USDT,0.2849,18629,0.2848,76718,0.285,15038,0.2851,49498
1753592071406,04:54:31.406,mexc,1INCH/USDT:USDT,0.2849,18629,0.2848,74012,0.285,15038,0.2851,56376
1753592071808,04:54:31.808,mexc,1INCH/USDT:USDT,0.2849,18629,0.2848,52760,0.285,15038,0.2851,56376
1753592071907,04:54:31.907,mexc,1INCH/USDT:USDT,0.2849,18629,0.2848,52760,0.285,15038,0.2851,49498
1753592072314,04:54:32.314,mexc,1INCH/USDT:USDT,0.2849,18629,0.2848,52760,0.285,15038,0.2851,49498
1753592072407,04:54:32.407,mexc,1INCH/USDT:USDT,0.2849,18629,0.2848,52760,0.285,15038,0.2851,49498
1753592072810,04:54:32.810,mexc,1INCH/USDT:USDT,0.2849,18629,0.2848,52760,0.285,15038,0.2851,49498
1753592072907,04:54:32.907,mexc,1INCH/USDT:USDT,0.2849,18629,0.2848,52760,0.285,15038,0.2851,49498
1753592073310,04:54:33.310,mexc,1INCH/USDT:USDT,0.2849,18629,0.2848,52760,0.285,15038,0.2851,49498
1753592073408,04:54:33.408,mexc,1INCH/USDT:USDT,0.2849,18629,0.2848,52760,0.285,15038,0.2851,49498
1753592073810,04:54:33.810,mexc,1INCH/USDT:USDT,0.2849,18629,0.2848,52760,0.285,15038,0.2851,49498
1753592073909,04:54:33.909,mexc,1INCH/USDT:USDT,0.2849,18629,0.2848,52760,0.285,15038,0.2851,49498
1753592074323,04:54:34.323,mexc,1INCH/USDT:USDT,0.2849,18629,0.2848,52760,0.285,15038,0.2851,49498
1753592074408,04:54:34.408,mexc,1INCH/USDT:USDT,0.2849,18629,0.2848,72504,0.285,15038,0.2851,49498
1753592074814,04:54:34.814,mexc,1INCH/USDT:USDT,0.2849,18629,0.2848,72504,0.285,15038,0.2851,49498
1753592074908,04:54:34.908,mexc,1INCH/USDT:USDT,0.2849,18629,0.2848,95713,0.285,15038,0.2851,49498
1753592075275,04:54:35.275,mexc,1INCH/USDT:USDT,0.2849,18629,0.2848,95713,0.285,15038,0.2851,49498
1753592075409,04:54:35.409,mexc,1INCH/USDT:USDT,0.2849,18629,0.2848,71442,0.285,15038,0.2851,49498
1753592075809,04:54:35.809,mexc,1INCH/USDT:USDT,0.2849,18629,0.2848,71442,0.285,15038,0.2851,49498
1753592075910,04:54:35.910,mexc,1INCH/USDT:USDT,0.2849,18629,0.2848,76122,0.285,15038,0.2851,49498
1753592076315,04:54:36.315,mexc,1INCH/USDT:USDT,0.2849,18629,0.2848,76122,0.285,15038,0.2851,49498
1753592076431,04:54:36.431,mexc,1INCH/USDT:USDT,0.2849,13076,0.2848,41812,0.285,16893,0.2851,54208
1753592076747,04:54:36.747,mexc,1INCH/USDT:USDT,0.2849,13076,0.2848,41812,0.285,16893,0.2851,54208
1753592076909,04:54:36.909,mexc,1INCH/USDT:USDT,0.2849,13076,0.2848,41812,0.285,16893,0.2851,54208
1753592077312,04:54:37.312,mexc,1INCH/USDT:USDT,0.2849,13076,0.2848,41812,0.285,16893,0.2851,54208
1753592077410,04:54:37.410,mexc,1INCH/USDT:USDT,0.2849,13076,0.2848,41812,0.285,16893,0.2851,54208
1753592077811,04:54:37.811,mexc,1INCH/USDT:USDT,0.2849,13076,0.2848,41812,0.285,16893,0.2851,54208
1753592077936,04:54:37.936,mexc,1INCH/USDT:USDT,0.2849,13076,0.2848,41812,0.285,16893,0.2851,54208
1753592078311,04:54:38.311,mexc,1INCH/USDT:USDT,0.2849,13076,0.2848,41812,0.285,16893,0.2851,54208
1753592078410,04:54:38.410,mexc,1INCH/USDT:USDT,0.2849,13076,0.2848,41812,0.285,16893,0.2851,54208
1753592078811,04:54:38.811,mexc,1INCH/USDT:USDT,0.2849,13076,0.2848,41812,0.285,16893,0.2851,54208
1753592078907,04:54:38.907,mexc,1INCH/USDT:USDT,0.2849,13076,0.2848,41812,0.285,16893,0.2851,61631
1753592079310,04:54:39.310,mexc,1INCH/USDT:USDT,0.2849,13076,0.2848,41812,0.285,16893,0.2851,61631
1753592079410,04:54:39.410,mexc,1INCH/USDT:USDT,0.2849,13076,0.2848,41812,0.285,16893,0.2851,54208
1753592079812,04:54:39.812,mexc,1INCH/USDT:USDT,0.2849,13076,0.2848,41812,0.285,16893,0.2851,54208
1753592079911,04:54:39.911,mexc,1INCH/USDT:USDT,0.2849,13076,0.2848,41812,0.285,16893,0.2851,54208
1753592080313,04:54:40.313,mexc,1INCH/USDT:USDT,0.2849,13076,0.2848,41812,0.285,16893,0.2851,54208
1753592080410,04:54:40.410,mexc,1INCH/USDT:USDT,0.2849,13076,0.2848,49261,0.285,16893,0.2851,68935
1753592080811,04:54:40.811,mexc,1INCH/USDT:USDT,0.2849,13076,0.2848,49261,0.285,16893,0.2851,68935
1753592080910,04:54:40.910,mexc,1INCH/USDT:USDT,0.2849,13076,0.2848,59050,0.285,16893,0.2851,77636
1753592081313,04:54:41.313,mexc,1INCH/USDT:USDT,0.2849,13076,0.2848,59050,0.285,16893,0.2851,77636
1753592081410,04:54:41.410,mexc,1INCH/USDT:USDT,0.2849,13076,0.2848,41812,0.285,16893,0.2851,66465
1753592081811,04:54:41.811,mexc,1INCH/USDT:USDT,0.2849,13076,0.2848,41812,0.285,16893,0.2851,54208
1753592081911,04:54:41.911,mexc,1INCH/USDT:USDT,0.2849,13076,0.2848,56591,0.285,16893,0.2851,81033
1753592082072,04:54:42.072,mexc,1INCH/USDT:USDT,0.2848,41812,0.2847,68304,0.2849,27885,0.285,16893
1753592082412,04:54:42.412,mexc,1INCH/USDT:USDT,0.2848,41812,0.2847,91863,0.2849,27885,0.285,48069
1753592082811,04:54:42.811,mexc,1INCH/USDT:USDT,0.2848,41812,0.2847,81139,0.2849,27885,0.285,48069
1753592082910,04:54:42.910,mexc,1INCH/USDT:USDT,0.2848,41812,0.2847,68304,0.2849,27885,0.285,16893
1753592083311,04:54:43.311,mexc,1INCH/USDT:USDT,0.2848,41812,0.2847,68304,0.2849,27885,0.285,16893
1753592083410,04:54:43.410,mexc,1INCH/USDT:USDT,0.2848,41812,0.2847,83288,0.2849,27885,0.285,26461
1753592083812,04:54:43.812,mexc,1INCH/USDT:USDT,0.2848,41812,0.2847,83288,0.2849,27885,0.285,16893
1753592083909,04:54:43.909,mexc,1INCH/USDT:USDT,0.2848,41812,0.2847,81412,0.2849,27885,0.285,16893
1753592084312,04:54:44.312,mexc,1INCH/USDT:USDT,0.2848,41812,0.2847,81412,0.2849,27885,0.285,16893
1753592084409,04:54:44.409,mexc,1INCH/USDT:USDT,0.2848,41812,0.2847,72430,0.2849,27885,0.285,16893
1753592084812,04:54:44.812,mexc,1INCH/USDT:USDT,0.2848,41812,0.2847,68304,0.2849,27885,0.285,16893
1753592084910,04:54:44.910,mexc,1INCH/USDT:USDT,0.2848,41812,0.2847,68304,0.2849,27885,0.285,36682
1753592085316,04:54:45.316,mexc,1INCH/USDT:USDT,0.2848,41812,0.2847,68304,0.2849,27885,0.285,36682
1753592085410,04:54:45.410,mexc,1INCH/USDT:USDT,0.2848,41812,0.2847,68304,0.2849,27885,0.285,16893
1753592085813,04:54:45.813,mexc,1INCH/USDT:USDT,0.2848,41812,0.2847,68304,0.2849,27885,0.285,16893
1753592085912,04:54:45.912,mexc,1INCH/USDT:USDT,0.2848,41812,0.2847,81839,0.2849,27885,0.285,16893
1753592086313,04:54:46.313,mexc,1INCH/USDT:USDT,0.2848,41812,0.2847,68304,0.2849,27885,0.285,16893
1753592086410,04:54:46.410,mexc,1INCH/USDT:USDT,0.2848,41812,0.2847,68304,0.2849,27885,0.285,16893
1753592086815,04:54:46.815,mexc,1INCH/USDT:USDT,0.2848,41812,0.2847,68304,0.2849,27885,0.285,16893
1753592086911,04:54:46.911,mexc,1INCH/USDT:USDT,0.2848,41812,0.2847,68304,0.2849,27885,0.285,16893
1753592087313,04:54:47.313,mexc,1INCH/USDT:USDT,0.2848,41812,0.2847,68304,0.2849,27885,0.285,16893
1753592087428,04:54:47.428,mexc,1INCH/USDT:USDT,0.2847,17099,0.2846,43248,0.2848,10968,0.2849,21816
1753592087911,04:54:47.911,mexc,1INCH/USDT:USDT,0.2847,17099,0.2846,43248,0.2848,10968,0.2849,25270
1753592087913,04:54:47.913,mexc,1INCH/USDT:USDT,0.2847,17099,0.2846,56066,0.2848,10968,0.2849,25270
1753592088314,04:54:48.314,mexc,1INCH/USDT:USDT,0.2847,17099,0.2846,43248,0.2848,10968,0.2849,25270
1753592088412,04:54:48.412,mexc,1INCH/USDT:USDT,0.2847,17099,0.2846,55473,0.2848,10968,0.2849,21816
1753592088747,04:54:48.747,mexc,1INCH/USDT:USDT,0.2847,17099,0.2846,55473,0.2848,10968,0.2849,21816
1753592088910,04:54:48.910,mexc,1INCH/USDT:USDT,0.2847,17099,0.2846,43248,0.2848,10968,0.2849,21816
1753592089315,04:54:49.315,mexc,1INCH/USDT:USDT,0.2847,17099,0.2846,43248,0.2848,10968,0.2849,21816
1753592089413,04:54:49.413,mexc,1INCH/USDT:USDT,0.2847,17099,0.2846,64595,0.2848,10968,0.2849,21816
1753592089815,04:54:49.815,mexc,1INCH/USDT:USDT,0.2847,17099,0.2846,43248,0.2848,10968,0.2849,21816
1753592089913,04:54:49.913,mexc,1INCH/USDT:USDT,0.2847,17099,0.2846,64736,0.2848,10968,0.2849,21816
1753592090315,04:54:50.315,mexc,1INCH/USDT:USDT,0.2847,17099,0.2846,64736,0.2848,10968,0.2849,21816
1753592090413,04:54:50.413,mexc,1INCH/USDT:USDT,0.2847,17099,0.2846,43248,0.2848,10968,0.2849,21816
1753592090815,04:54:50.815,mexc,1INCH/USDT:USDT,0.2847,17099,0.2846,43248,0.2848,10968,0.2849,21816
1753592090915,04:54:50.915,mexc,1INCH/USDT:USDT,0.2847,17099,0.2846,43248,0.2848,10968,0.2849,21816
1753592091317,04:54:51.317,mexc,1INCH/USDT:USDT,0.2847,17099,0.2846,43248,0.2848,10968,0.2849,21816
1753592091414,04:54:51.414,mexc,1INCH/USDT:USDT,0.2847,17099,0.2846,43248,0.2848,10968,0.2849,21816
1753592091816,04:54:51.816,mexc,1INCH/USDT:USDT,0.2847,17099,0.2846,43248,0.2848,10968,0.2849,21816
1753592091916,04:54:51.916,mexc,1INCH/USDT:USDT,0.2847,17099,0.2846,43248,0.2848,10968,0.2849,21816
1753592092317,04:54:52.317,mexc,1INCH/USDT:USDT,0.2847,17099,0.2846,43248,0.2848,10968,0.2849,21816
1753592092414,04:54:52.414,mexc,1INCH/USDT:USDT,0.2847,17099,0.2846,51096,0.2848,10968,0.2849,21816
1753592092818,04:54:52.818,mexc,1INCH/USDT:USDT,0.2847,17099,0.2846,51096,0.2848,10968,0.2849,21816
1753592092915,04:54:52.915,mexc,1INCH/USDT:USDT,0.2847,17099,0.2846,43248,0.2848,10968,0.2849,25001
1753592093317,04:54:53.317,mexc,1INCH/USDT:USDT,0.2847,17099,0.2846,43248,0.2848,10968,0.2849,25001
1753592093432,04:54:53.432,mexc,1INCH/USDT:USDT,0.2848,3954,0.2847,27464,0.2849,22083,0.285,35684
1753592093820,04:54:53.820,mexc,1INCH/USDT:USDT,0.2848,3954,0.2847,27464,0.2849,22083,0.285,35684
1753592093917,04:54:53.917,mexc,1INCH/USDT:USDT,0.2848,3954,0.2847,33041,0.2849,22083,0.285,35684
1753592094324,04:54:54.324,mexc,1INCH/USDT:USDT,0.2848,3954,0.2847,33041,0.2849,22083,0.285,35684
1753592094422,04:54:54.422,mexc,1INCH/USDT:USDT,0.2848,3954,0.2847,27464,0.2849,22083,0.285,35684
1753592094817,04:54:54.817,mexc,1INCH/USDT:USDT,0.2848,3954,0.2847,27464,0.2849,22083,0.285,35684
1753592094914,04:54:54.914,mexc,1INCH/USDT:USDT,0.2848,3954,0.2847,27464,0.2849,22083,0.285,58807
1753592095318,04:54:55.318,mexc,1INCH/USDT:USDT,0.2848,3954,0.2847,27464,0.2849,22083,0.285,58807
1753592095416,04:54:55.416,mexc,1INCH/USDT:USDT,0.2848,3954,0.2847,38581,0.2849,22083,0.285,35684
1753592095832,04:54:55.832,mexc,1INCH/USDT:USDT,0.2848,3954,0.2847,27464,0.2849,22083,0.285,35684
1753592095916,04:54:55.916,mexc,1INCH/USDT:USDT,0.2848,3954,0.2847,27464,0.2849,22083,0.285,35684
1753592096319,04:54:56.319,mexc,1INCH/USDT:USDT,0.2848,3954,0.2847,27464,0.2849,22083,0.285,35684
1753592096415,04:54:56.415,mexc,1INCH/USDT:USDT,0.2848,3954,0.2847,27464,0.2849,22083,0.285,35684
1753592096824,04:54:56.824,mexc,1INCH/USDT:USDT,0.2848,3954,0.2847,27464,0.2849,22083,0.285,35684
1753592096918,04:54:56.918,mexc,1INCH/USDT:USDT,0.2848,3954,0.2847,27464,0.2849,22083,0.285,35684
1753592097319,04:54:57.319,mexc,1INCH/USDT:USDT,0.2848,3954,0.2847,27464,0.2849,22083,0.285,35684
1753592097417,04:54:57.417,mexc,1INCH/USDT:USDT,0.2848,3954,0.2847,27464,0.2849,22083,0.285,35684
1753592097822,04:54:57.822,mexc,1INCH/USDT:USDT,0.2848,3954,0.2847,27464,0.2849,22083,0.285,35684
1753592097916,04:54:57.916,mexc,1INCH/USDT:USDT,0.2848,3954,0.2847,27464,0.2849,22083,0.285,35684
1753592098323,04:54:58.323,mexc,1INCH/USDT:USDT,0.2848,3954,0.2847,27464,0.2849,22083,0.285,35684
1753592098419,04:54:58.419,mexc,1INCH/USDT:USDT,0.2848,3954,0.2847,27464,0.2849,22083,0.285,35684
1753592098822,04:54:58.822,mexc,1INCH/USDT:USDT,0.2848,3954,0.2847,27464,0.2849,22083,0.285,35684
1753592098918,04:54:58.918,mexc,1INCH/USDT:USDT,0.2848,3954,0.2847,27464,0.2849,22083,0.285,35684
1753592099320,04:54:59.320,mexc,1INCH/USDT:USDT,0.2848,3954,0.2847,27464,0.2849,22083,0.285,35684
1753592099429,04:54:59.429,mexc,1INCH/USDT:USDT,0.2849,8857,0.2848,12788,0.285,15220,0.2851,49710
1753592099819,04:54:59.819,mexc,1INCH/USDT:USDT,0.2849,8857,0.2848,12788,0.285,15220,0.2851,49710
1753592099919,04:54:59.919,mexc,1INCH/USDT:USDT,0.2849,8857,0.2848,19133,0.285,15220,0.2851,49710
1753592100321,04:55:00.321,mexc,1INCH/USDT:USDT,0.2849,8857,0.2848,19133,0.285,15220,0.2851,49710
1753592100423,04:55:00.423,mexc,1INCH/USDT:USDT,0.2849,8857,0.2848,12788,0.285,15220,0.2851,73582
1753592100822,04:55:00.822,mexc,1INCH/USDT:USDT,0.2849,8857,0.2848,12788,0.285,15220,0.2851,73582
1753592100920,04:55:00.920,mexc,1INCH/USDT:USDT,0.2849,8857,0.2848,15442,0.285,15220,0.2851,49710
1753592101322,04:55:01.322,mexc,1INCH/USDT:USDT,0.2849,8857,0.2848,12788,0.285,15220,0.2851,49710
1753592101423,04:55:01.423,mexc,1INCH/USDT:USDT,0.2849,8857,0.2848,12788,0.285,15220,0.2851,49710
1753592101827,04:55:01.827,mexc,1INCH/USDT:USDT,0.2849,8857,0.2848,12788,0.285,15220,0.2851,49710
1753592101921,04:55:01.921,mexc,1INCH/USDT:USDT,0.2849,8857,0.2848,16365,0.285,15220,0.2851,49710
1753592102324,04:55:02.324,mexc,1INCH/USDT:USDT,0.2849,8857,0.2848,16365,0.285,15220,0.2851,49710
1753592102426,04:55:02.426,mexc,1INCH/USDT:USDT,0.2849,8857,0.2848,12788,0.285,15220,0.2851,49710
1753592102825,04:55:02.825,mexc,1INCH/USDT:USDT,0.2849,8857,0.2848,12788,0.285,15220,0.2851,49710
1753592102923,04:55:02.923,mexc,1INCH/USDT:USDT,0.2849,8857,0.2848,12788,0.285,15220,0.2851,73067
1753592103322,04:55:03.322,mexc,1INCH/USDT:USDT,0.2849,8857,0.2848,12788,0.285,15220,0.2851,73067
1753592103421,04:55:03.421,mexc,1INCH/USDT:USDT,0.2849,8857,0.2848,12788,0.285,15220,0.2851,87174
1753592103832,04:55:03.832,mexc,1INCH/USDT:USDT,0.2849,8857,0.2848,12788,0.285,15220,0.2851,87174
1753592103922,04:55:03.922,mexc,1INCH/USDT:USDT,0.2849,8857,0.2848,12788,0.285,15220,0.2851,49710
1753592104332,04:55:04.332,mexc,1INCH/USDT:USDT,0.2849,8857,0.2848,12788,0.285,15220,0.2851,49710
1753592104421,04:55:04.421,mexc,1INCH/USDT:USDT,0.2849,8857,0.2848,15269,0.285,15220,0.2851,69677
1753592104825,04:55:04.825,mexc,1INCH/USDT:USDT,0.2849,8857,0.2848,15269,0.285,15220,0.2851,69677
1753592104923,04:55:04.923,mexc,1INCH/USDT:USDT,0.2849,8857,0.2848,12788,0.285,15220,0.2851,49710
1753592105325,04:55:05.325,mexc,1INCH/USDT:USDT,0.2849,8857,0.2848,12788,0.285,15220,0.2851,49710
1753592105432,04:55:05.432,mexc,1INCH/USDT:USDT,0.2849,7712,0.2848,21040,0.285,15031,0.2851,72220
1753592105821,04:55:05.821,mexc,1INCH/USDT:USDT,0.2849,7712,0.2848,21040,0.285,15031,0.2851,72220
1753592105927,04:55:05.927,mexc,1INCH/USDT:USDT,0.2849,7712,0.2848,21040,0.285,15031,0.2851,72220
1753592106330,04:55:06.330,mexc,1INCH/USDT:USDT,0.2849,7712,0.2848,21040,0.285,15031,0.2851,72220
1753592106432,04:55:06.432,mexc,1INCH/USDT:USDT,0.2849,7712,0.2848,21040,0.285,15031,0.2851,81774
1753592106832,04:55:06.832,mexc,1INCH/USDT:USDT,0.2849,7712,0.2848,21040,0.285,15031,0.2851,72220
1753592106927,04:55:06.927,mexc,1INCH/USDT:USDT,0.2849,7712,0.2848,21040,0.285,15031,0.2851,101863
1753592107330,04:55:07.330,mexc,1INCH/USDT:USDT,0.2849,7712,0.2848,21040,0.285,15031,0.2851,101863
1753592107429,04:55:07.429,mexc,1INCH/USDT:USDT,0.2849,7712,0.2848,21040,0.285,15031,0.2851,72220
1753592107830,04:55:07.830,mexc,1INCH/USDT:USDT,0.2849,7712,0.2848,21040,0.285,15031,0.2851,72220
1753592107929,04:55:07.929,mexc,1INCH/USDT:USDT,0.2849,7712,0.2848,29509,0.285,15031,0.2851,72220
1753592108330,04:55:08.330,mexc,1INCH/USDT:USDT,0.2849,7712,0.2848,29509,0.285,15031,0.2851,72220
1753592108429,04:55:08.429,mexc,1INCH/USDT:USDT,0.2849,7712,0.2848,21040,0.285,15031,0.2851,72220
1753592108830,04:55:08.830,mexc,1INCH/USDT:USDT,0.2849,7712,0.2848,21040,0.285,15031,0.2851,72220
1753592108928,04:55:08.928,mexc,1INCH/USDT:USDT,0.2849,7712,0.2848,21040,0.285,15031,0.2851,72220
1753592109331,04:55:09.331,mexc,1INCH/USDT:USDT,0.2849,7712,0.2848,21040,0.285,15031,0.2851,72220
1753592109428,04:55:09.428,mexc,1INCH/USDT:USDT,0.2849,7712,0.2848,21040,0.285,15031,0.2851,72220
1753592109832,04:55:09.832,mexc,1INCH/USDT:USDT,0.2849,7712,0.2848,21040,0.285,15031,0.2851,72220
1753592109929,04:55:09.929,mexc,1INCH/USDT:USDT,0.2849,7712,0.2848,24193,0.285,15031,0.2851,81181
1753592110332,04:55:10.332,mexc,1INCH/USDT:USDT,0.2849,7712,0.2848,24193,0.285,15031,0.2851,72220
1753592110429,04:55:10.429,mexc,1INCH/USDT:USDT,0.2849,7712,0.2848,25958,0.285,15031,0.2851,104185
1753592110831,04:55:10.831,mexc,1INCH/USDT:USDT,0.2849,7712,0.2848,25958,0.285,15031,0.2851,72220
1753592110941,04:55:10.941,mexc,1INCH/USDT:USDT,0.2849,7712,0.2848,21040,0.285,15031,0.2851,83496
1753592111330,04:55:11.330,mexc,1INCH/USDT:USDT,0.2849,7712,0.2848,21040,0.285,15031,0.2851,83496
1753592111432,04:55:11.432,mexc,1INCH/USDT:USDT,0.2849,9530,0.2848,20868,0.285,13952,0.2851,68913
1753592111826,04:55:11.826,mexc,1INCH/USDT:USDT,0.2849,9530,0.2848,20868,0.285,13952,0.2851,68913
1753592111929,04:55:11.929,mexc,1INCH/USDT:USDT,0.2849,9530,0.2848,20868,0.285,13952,0.2851,68913
1753592112330,04:55:12.330,mexc,1INCH/USDT:USDT,0.2849,9530,0.2848,20868,0.285,13952,0.2851,68913
1753592112431,04:55:12.431,mexc,1INCH/USDT:USDT,0.2849,9530,0.2848,20868,0.285,13952,0.2851,68913
1753592112830,04:55:12.830,mexc,1INCH/USDT:USDT,0.2849,9530,0.2848,20868,0.285,13952,0.2851,68913
1753592112929,04:55:12.929,mexc,1INCH/USDT:USDT,0.2849,9530,0.2848,34828,0.285,13952,0.2851,85411
1753592113330,04:55:13.330,mexc,1INCH/USDT:USDT,0.2849,9530,0.2848,34828,0.285,13952,0.2851,85411
1753592113428,04:55:13.428,mexc,1INCH/USDT:USDT,0.2849,9530,0.2848,30938,0.285,13952,0.2851,86521
1753592113831,04:55:13.831,mexc,1INCH/USDT:USDT,0.2849,9530,0.2848,30938,0.285,13952,0.2851,79053
1753592113928,04:55:13.928,mexc,1INCH/USDT:USDT,0.2849,9530,0.2848,20868,0.285,13952,0.2851,68913
1753592114331,04:55:14.331,mexc,1INCH/USDT:USDT,0.2849,9530,0.2848,20868,0.285,13952,0.2851,68913
1753592114428,04:55:14.428,mexc,1INCH/USDT:USDT,0.2849,9530,0.2848,26495,0.285,13952,0.2851,68913
1753592114831,04:55:14.831,mexc,1INCH/USDT:USDT,0.2849,9530,0.2848,26495,0.285,13952,0.2851,68913
1753592114933,04:55:14.933,mexc,1INCH/USDT:USDT,0.2849,9530,0.2848,27655,0.285,13952,0.2851,68913
1753592115330,04:55:15.330,mexc,1INCH/USDT:USDT,0.2849,9530,0.2848,27655,0.285,13952,0.2851,68913
1753592115429,04:55:15.429,mexc,1INCH/USDT:USDT,0.2849,9530,0.2848,29159,0.285,13952,0.2851,68913
1753592115832,04:55:15.832,mexc,1INCH/USDT:USDT,0.2849,9530,0.2848,29159,0.285,13952,0.2851,68913
1753592115930,04:55:15.930,mexc,1INCH/USDT:USDT,0.2849,9530,0.2848,31769,0.285,13952,0.2851,83764
1753592116331,04:55:16.331,mexc,1INCH/USDT:USDT,0.2849,9530,0.2848,31769,0.285,13952,0.2851,68913
1753592116429,04:55:16.429,mexc,1INCH/USDT:USDT,0.2849,9530,0.2848,30763,0.285,13952,0.2851,68913
1753592116833,04:55:16.833,mexc,1INCH/USDT:USDT,0.2849,9530,0.2848,30763,0.285,13952,0.2851,68913
1753592116946,04:55:16.946,mexc,1INCH/USDT:USDT,0.2849,9530,0.2848,20868,0.285,13952,0.2851,102599
1753592117275,04:55:17.275,mexc,1INCH/USDT:USDT,0.2849,9530,0.2848,20868,0.285,13952,0.2851,102599
1753592117436,04:55:17.436,mexc,1INCH/USDT:USDT,0.2848,19874,0.2847,48109,0.2849,4843,0.285,65770
1753592117825,04:55:17.825,mexc,1INCH/USDT:USDT,0.2848,19874,0.2847,48109,0.2849,4843,0.285,65770
1753592117933,04:55:17.933,mexc,1INCH/USDT:USDT,0.2848,19874,0.2847,63580,0.2849,4843,0.285,65770
1753592118335,04:55:18.335,mexc,1INCH/USDT:USDT,0.2848,19874,0.2847,63580,0.2849,4843,0.285,65770
1753592118432,04:55:18.432,mexc,1INCH/USDT:USDT,0.2848,19874,0.2847,72038,0.2849,4843,0.285,96709
1753592118834,04:55:18.834,mexc,1INCH/USDT:USDT,0.2848,19874,0.2847,48109,0.2849,4843,0.285,96709
1753592118933,04:55:18.933,mexc,1INCH/USDT:USDT,0.2848,19874,0.2847,48109,0.2849,4843,0.285,95619
1753592119337,04:55:19.337,mexc,1INCH/USDT:USDT,0.2848,19874,0.2847,48109,0.2849,4843,0.285,95619
1753592119431,04:55:19.431,mexc,1INCH/USDT:USDT,0.2848,19874,0.2847,62035,0.2849,4843,0.285,98381
1753592119836,04:55:19.836,mexc,1INCH/USDT:USDT,0.2848,19874,0.2847,48109,0.2849,4843,0.285,98381
1753592119930,04:55:19.930,mexc,1INCH/USDT:USDT,0.2848,19874,0.2847,71571,0.2849,4843,0.285,92115
1753592120332,04:55:20.332,mexc,1INCH/USDT:USDT,0.2848,19874,0.2847,71571,0.2849,4843,0.285,75030
1753592120430,04:55:20.430,mexc,1INCH/USDT:USDT,0.2848,19874,0.2847,48109,0.2849,4843,0.285,74152
1753592120841,04:55:20.841,mexc,1INCH/USDT:USDT,0.2848,19874,0.2847,48109,0.2849,4843,0.285,65770
1753592120932,04:55:20.932,mexc,1INCH/USDT:USDT,0.2848,19874,0.2847,48109,0.2849,4843,0.285,74990
1753592121334,04:55:21.334,mexc,1INCH/USDT:USDT,0.2848,19874,0.2847,48109,0.2849,4843,0.285,74990
1753592121431,04:55:21.431,mexc,1INCH/USDT:USDT,0.2848,19874,0.2847,48109,0.2849,4843,0.285,88076
1753592121835,04:55:21.835,mexc,1INCH/USDT:USDT,0.2848,19874,0.2847,48109,0.2849,4843,0.285,88076
1753592121932,04:55:21.932,mexc,1INCH/USDT:USDT,0.2848,19874,0.2847,48109,0.2849,4843,0.285,74635
1753592122340,04:55:22.340,mexc,1INCH/USDT:USDT,0.2848,19874,0.2847,48109,0.2849,4843,0.285,74635
1753592122433,04:55:22.433,mexc,1INCH/USDT:USDT,0.2848,19874,0.2847,48109,0.2849,4843,0.285,65770
1753592122835,04:55:22.835,mexc,1INCH/USDT:USDT,0.2848,19874,0.2847,48109,0.2849,4843,0.285,65770
1753592122944,04:55:22.944,mexc,1INCH/USDT:USDT,0.2848,19874,0.2847,48109,0.2849,4843,0.285,65770
1753592123339,04:55:23.339,mexc,1INCH/USDT:USDT,0.2848,19874,0.2847,48109,0.2849,4843,0.285,65770
1753592123439,04:55:23.439,mexc,1INCH/USDT:USDT,0.2848,4969,0.2847,37758,0.2849,27232,0.285,67853
1753592123828,04:55:23.828,mexc,1INCH/USDT:USDT,0.2848,4969,0.2847,37758,0.2849,27232,0.285,67853
1753592123934,04:55:23.934,mexc,1INCH/USDT:USDT,0.2848,4969,0.2847,37758,0.2849,27232,0.285,67853
1753592124336,04:55:24.336,mexc,1INCH/USDT:USDT,0.2848,4969,0.2847,37758,0.2849,27232,0.285,67853
1753592124434,04:55:24.434,mexc,1INCH/USDT:USDT,0.2848,4969,0.2847,37758,0.2849,27232,0.285,67853
1753592124838,04:55:24.838,mexc,1INCH/USDT:USDT,0.2848,4969,0.2847,37758,0.2849,27232,0.285,67853
1753592124935,04:55:24.935,mexc,1INCH/USDT:USDT,0.2848,4969,0.2847,37758,0.2849,27232,0.285,67853
1753592125336,04:55:25.336,mexc,1INCH/USDT:USDT,0.2848,4969,0.2847,37758,0.2849,27232,0.285,67853
1753592125433,04:55:25.433,mexc,1INCH/USDT:USDT,0.2848,4969,0.2847,37758,0.2849,27232,0.285,67853
1753592125835,04:55:25.835,mexc,1INCH/USDT:USDT,0.2848,4969,0.2847,37758,0.2849,27232,0.285,67853
1753592125933,04:55:25.933,mexc,1INCH/USDT:USDT,0.2848,4969,0.2847,50169,0.2849,27232,0.285,77541
1753592126336,04:55:26.336,mexc,1INCH/USDT:USDT,0.2848,4969,0.2847,50169,0.2849,27232,0.285,67853
1753592126433,04:55:26.433,mexc,1INCH/USDT:USDT,0.2848,4969,0.2847,57628,0.2849,27232,0.285,67853
1753592126836,04:55:26.836,mexc,1INCH/USDT:USDT,0.2848,4969,0.2847,57628,0.2849,27232,0.285,67853
1753592126934,04:55:26.934,mexc,1INCH/USDT:USDT,0.2848,4969,0.2847,37758,0.2849,27232,0.285,67853
1753592127336,04:55:27.336,mexc,1INCH/USDT:USDT,0.2848,4969,0.2847,37758,0.2849,27232,0.285,67853
1753592127435,04:55:27.435,mexc,1INCH/USDT:USDT,0.2848,4969,0.2847,37758,0.2849,27232,0.285,67853
1753592127839,04:55:27.839,mexc,1INCH/USDT:USDT,0.2848,4969,0.2847,37758,0.2849,27232,0.285,67853
1753592127936,04:55:27.936,mexc,1INCH/USDT:USDT,0.2848,4969,0.2847,56096,0.2849,27232,0.285,67853
1753592128338,04:55:28.338,mexc,1INCH/USDT:USDT,0.2848,4969,0.2847,56096,0.2849,27232,0.285,67853
1753592128436,04:55:28.436,mexc,1INCH/USDT:USDT,0.2848,4969,0.2847,37758,0.2849,27232,0.285,67853
1753592128837,04:55:28.837,mexc,1INCH/USDT:USDT,0.2848,4969,0.2847,37758,0.2849,27232,0.285,67853
1753592128953,04:55:28.953,mexc,1INCH/USDT:USDT,0.2848,4969,0.2847,44312,0.2849,27232,0.285,67853
1753592129337,04:55:29.337,mexc,1INCH/USDT:USDT,0.2848,4969,0.2847,44312,0.2849,27232,0.285,67853
1753592129438,04:55:29.438,mexc,1INCH/USDT:USDT,0.2848,710,0.2847,42374,0.2849,24296,0.285,49350
1753592129829,04:55:29.829,mexc,1INCH/USDT:USDT,0.2848,710,0.2847,42374,0.2849,24296,0.285,49350
1753592129936,04:55:29.936,mexc,1INCH/USDT:USDT,0.2848,710,0.2847,42374,0.2849,24296,0.285,49350
1753592130341,04:55:30.341,mexc,1INCH/USDT:USDT,0.2848,710,0.2847,42374,0.2849,24296,0.285,49350
1753592130436,04:55:30.436,mexc,1INCH/USDT:USDT,0.2848,710,0.2847,42374,0.2849,24296,0.285,49350
1753592130838,04:55:30.838,mexc,1INCH/USDT:USDT,0.2848,710,0.2847,42374,0.2849,24296,0.285,49350
1753592130938,04:55:30.938,mexc,1INCH/USDT:USDT,0.2848,710,0.2847,42374,0.2849,24296,0.285,57019
1753592131339,04:55:31.339,mexc,1INCH/USDT:USDT,0.2848,710,0.2847,42374,0.2849,24296,0.285,49350
1753592131435,04:55:31.435,mexc,1INCH/USDT:USDT,0.2848,710,0.2847,42374,0.2849,24296,0.285,58331
1753592131838,04:55:31.838,mexc,1INCH/USDT:USDT,0.2848,710,0.2847,42374,0.2849,24296,0.285,49350
1753592131936,04:55:31.936,mexc,1INCH/USDT:USDT,0.2848,710,0.2847,42374,0.2849,24296,0.285,49350
1753592132337,04:55:32.337,mexc,1INCH/USDT:USDT,0.2848,710,0.2847,42374,0.2849,24296,0.285,49350
1753592132436,04:55:32.436,mexc,1INCH/USDT:USDT,0.2848,710,0.2847,42374,0.2849,24296,0.285,62812
1753592132838,04:55:32.838,mexc,1INCH/USDT:USDT,0.2848,710,0.2847,42374,0.2849,24296,0.285,49350
1753592132937,04:55:32.937,mexc,1INCH/USDT:USDT,0.2848,710,0.2847,42374,0.2849,24296,0.285,49350
1753592133337,04:55:33.337,mexc,1INCH/USDT:USDT,0.2848,710,0.2847,42374,0.2849,24296,0.285,49350
1753592133435,04:55:33.435,mexc,1INCH/USDT:USDT,0.2848,710,0.2847,42374,0.2849,24296,0.285,49350
1753592133838,04:55:33.838,mexc,1INCH/USDT:USDT,0.2848,710,0.2847,42374,0.2849,24296,0.285,49350
1753592133939,04:55:33.939,mexc,1INCH/USDT:USDT,0.2848,710,0.2847,42374,0.2849,24296,0.285,49350
1753592134341,04:55:34.341,mexc,1INCH/USDT:USDT,0.2848,710,0.2847,42374,0.2849,24296,0.285,49350
1753592134439,04:55:34.439,mexc,1INCH/USDT:USDT,0.2848,710,0.2847,42374,0.2849,24296,0.285,49350
1753592134840,04:55:34.840,mexc,1INCH/USDT:USDT,0.2848,710,0.2847,42374,0.2849,24296,0.285,49350
1753592134953,04:55:34.953,mexc,1INCH/USDT:USDT,0.2848,710,0.2847,49556,0.2849,24296,0.285,49350
1753592135340,04:55:35.340,mexc,1INCH/USDT:USDT,0.2848,710,0.2847,49556,0.2849,24296,0.285,49350
1753592135440,04:55:35.440,mexc,1INCH/USDT:USDT,0.2848,6833,0.2847,32967,0.2849,25953,0.285,60812
1753592135832,04:55:35.832,mexc,1INCH/USDT:USDT,0.2848,6833,0.2847,32967,0.2849,25953,0.285,60812
1753592135942,04:55:35.942,mexc,1INCH/USDT:USDT,0.2848,6833,0.2847,36968,0.2849,25953,0.285,82967
1753592136343,04:55:36.343,mexc,1INCH/USDT:USDT,0.2848,6833,0.2847,36968,0.2849,25953,0.285,60812
1753592136441,04:55:36.441,mexc,1INCH/USDT:USDT,0.2848,6833,0.2847,32967,0.2849,25953,0.285,78262
1753592136841,04:55:36.841,mexc,1INCH/USDT:USDT,0.2848,6833,0.2847,32967,0.2849,25953,0.285,71025
1753592136939,04:55:36.939,mexc,1INCH/USDT:USDT,0.2848,6833,0.2847,32967,0.2849,25953,0.285,60812
1753592137342,04:55:37.342,mexc,1INCH/USDT:USDT,0.2848,6833,0.2847,32967,0.2849,25953,0.285,60812
1753592137440,04:55:37.440,mexc,1INCH/USDT:USDT,0.2848,6833,0.2847,32967,0.2849,25953,0.285,72905
1753592137843,04:55:37.843,mexc,1INCH/USDT:USDT,0.2848,6833,0.2847,32967,0.2849,25953,0.285,72905
1753592137940,04:55:37.940,mexc,1INCH/USDT:USDT,0.2848,6833,0.2847,38939,0.2849,25953,0.285,87691
1753592138342,04:55:38.342,mexc,1INCH/USDT:USDT,0.2848,6833,0.2847,38939,0.2849,25953,0.285,60812
1753592138440,04:55:38.440,mexc,1INCH/USDT:USDT,0.2848,6833,0.2847,32967,0.2849,25953,0.285,92824
1753592138844,04:55:38.844,mexc,1INCH/USDT:USDT,0.2848,6833,0.2847,32967,0.2849,25953,0.285,78213
1753592138945,04:55:38.945,mexc,1INCH/USDT:USDT,0.2848,6833,0.2847,43964,0.2849,25953,0.285,60812
1753592139343,04:55:39.343,mexc,1INCH/USDT:USDT,0.2848,6833,0.2847,43964,0.2849,25953,0.285,60812
1753592139441,04:55:39.441,mexc,1INCH/USDT:USDT,0.2848,6833,0.2847,32967,0.2849,25953,0.285,83782
1753592139847,04:55:39.847,mexc,1INCH/USDT:USDT,0.2848,6833,0.2847,32967,0.2849,25953,0.285,73111
1753592139942,04:55:39.942,mexc,1INCH/USDT:USDT,0.2848,6833,0.2847,32967,0.2849,25953,0.285,67343
1753592140284,04:55:40.284,mexc,1INCH/USDT:USDT,0.2848,6833,0.2847,32967,0.2849,25953,0.285,67343
1753592140474,04:55:40.474,mexc,1INCH/USDT:USDT,0.2848,6833,0.2847,40944,0.2849,25953,0.285,79305
1753592140844,04:55:40.844,mexc,1INCH/USDT:USDT,0.2848,6833,0.2847,40944,0.2849,25953,0.285,79305
1753592140973,04:55:40.973,mexc,1INCH/USDT:USDT,0.2848,6833,0.2847,32967,0.2849,25953,0.285,73358
1753592141342,04:55:41.342,mexc,1INCH/USDT:USDT,0.2848,6833,0.2847,32967,0.2849,25953,0.285,73358
1753592141443,04:55:41.443,mexc,1INCH/USDT:USDT,0.2848,7580,0.2847,43425,0.2849,15216,0.285,56038
1753592141834,04:55:41.834,mexc,1INCH/USDT:USDT,0.2848,7580,0.2847,43425,0.2849,15216,0.285,56038
1753592141942,04:55:41.942,mexc,1INCH/USDT:USDT,0.2848,7580,0.2847,43425,0.2849,15216,0.285,75743
1753592142343,04:55:42.343,mexc,1INCH/USDT:USDT,0.2848,7580,0.2847,43425,0.2849,15216,0.285,56038
1753592142442,04:55:42.442,mexc,1INCH/USDT:USDT,0.2848,7580,0.2847,43425,0.2849,15216,0.285,56038
1753592142844,04:55:42.844,mexc,1INCH/USDT:USDT,0.2848,7580,0.2847,43425,0.2849,15216,0.285,56038
1753592142945,04:55:42.945,mexc,1INCH/USDT:USDT,0.2848,7580,0.2847,64828,0.2849,15216,0.285,56038
1753592143345,04:55:43.345,mexc,1INCH/USDT:USDT,0.2848,7580,0.2847,64828,0.2849,15216,0.285,56038
1753592143441,04:55:43.441,mexc,1INCH/USDT:USDT,0.2848,7580,0.2847,43425,0.2849,15216,0.285,70841
1753592143843,04:55:43.843,mexc,1INCH/USDT:USDT,0.2848,7580,0.2847,43425,0.2849,15216,0.285,70841
1753592143942,04:55:43.942,mexc,1INCH/USDT:USDT,0.2848,7580,0.2847,43425,0.2849,15216,0.285,56038
1753592144344,04:55:44.344,mexc,1INCH/USDT:USDT,0.2848,7580,0.2847,43425,0.2849,15216,0.285,56038
1753592144442,04:55:44.442,mexc,1INCH/USDT:USDT,0.2848,7580,0.2847,43425,0.2849,15216,0.285,56038
1753592144844,04:55:44.844,mexc,1INCH/USDT:USDT,0.2848,7580,0.2847,43425,0.2849,15216,0.285,56038
1753592144942,04:55:44.942,mexc,1INCH/USDT:USDT,0.2848,7580,0.2847,52470,0.2849,15216,0.285,56038
1753592145344,04:55:45.344,mexc,1INCH/USDT:USDT,0.2848,7580,0.2847,52470,0.2849,15216,0.285,56038
1753592145441,04:55:45.441,mexc,1INCH/USDT:USDT,0.2848,7580,0.2847,43425,0.2849,15216,0.285,64754
1753592145844,04:55:45.844,mexc,1INCH/USDT:USDT,0.2848,7580,0.2847,43425,0.2849,15216,0.285,64754
1753592145946,04:55:45.946,mexc,1INCH/USDT:USDT,0.2848,7580,0.2847,43425,0.2849,15216,0.285,56038
1753592146287,04:55:46.287,mexc,1INCH/USDT:USDT,0.2848,7580,0.2847,43425,0.2849,15216,0.285,56038
1753592146443,04:55:46.443,mexc,1INCH/USDT:USDT,0.2848,7580,0.2847,51961,0.2849,15216,0.285,56038
1753592146845,04:55:46.845,mexc,1INCH/USDT:USDT,0.2848,7580,0.2847,43425,0.2849,15216,0.285,56038
1753592146946,04:55:46.946,mexc,1INCH/USDT:USDT,0.2848,7580,0.2847,56730,0.2849,15216,0.285,70467
1753592147351,04:55:47.351,mexc,1INCH/USDT:USDT,0.2848,7580,0.2847,56730,0.2849,15216,0.285,70467
1753592147443,04:55:47.443,mexc,1INCH/USDT:USDT,0.2848,18203,0.2847,34222,0.2849,4782,0.285,58517
1753592147833,04:55:47.833,mexc,1INCH/USDT:USDT,0.2848,18203,0.2847,34222,0.2849,4782,0.285,58517
1753592147942,04:55:47.942,mexc,1INCH/USDT:USDT,0.2848,18203,0.2847,34222,0.2849,4782,0.285,58517
1753592148345,04:55:48.345,mexc,1INCH/USDT:USDT,0.2848,18203,0.2847,34222,0.2849,4782,0.285,58517
1753592148443,04:55:48.443,mexc,1INCH/USDT:USDT,0.2848,18203,0.2847,41486,0.2849,4782,0.285,58517
1753592148845,04:55:48.845,mexc,1INCH/USDT:USDT,0.2848,18203,0.2847,41486,0.2849,4782,0.285,58517
1753592148942,04:55:48.942,mexc,1INCH/USDT:USDT,0.2848,18203,0.2847,34222,0.2849,4782,0.285,83102
1753592149344,04:55:49.344,mexc,1INCH/USDT:USDT,0.2848,18203,0.2847,34222,0.2849,4782,0.285,83102
1753592149441,04:55:49.441,mexc,1INCH/USDT:USDT,0.2848,18203,0.2847,45430,0.2849,4782,0.285,58517
1753592149845,04:55:49.845,mexc,1INCH/USDT:USDT,0.2848,18203,0.2847,45430,0.2849,4782,0.285,58517
1753592149942,04:55:49.942,mexc,1INCH/USDT:USDT,0.2848,18203,0.2847,34222,0.2849,4782,0.285,74172
1753592150345,04:55:50.345,mexc,1INCH/USDT:USDT,0.2848,18203,0.2847,34222,0.2849,4782,0.285,74172
1753592150443,04:55:50.443,mexc,1INCH/USDT:USDT,0.2848,18203,0.2847,37851,0.2849,4782,0.285,58517
1753592150845,04:55:50.845,mexc,1INCH/USDT:USDT,0.2848,18203,0.2847,37851,0.2849,4782,0.285,58517
1753592150944,04:55:50.944,mexc,1INCH/USDT:USDT,0.2848,18203,0.2847,34222,0.2849,4782,0.285,58517
1753592151398,04:55:51.398,mexc,1INCH/USDT:USDT,0.2848,18203,0.2847,34222,0.2849,4782,0.285,58517
1753592151444,04:55:51.444,mexc,1INCH/USDT:USDT,0.2848,18203,0.2847,46140,0.2849,4782,0.285,70775
1753592151847,04:55:51.847,mexc,1INCH/USDT:USDT,0.2848,18203,0.2847,46140,0.2849,4782,0.285,58517
1753592151944,04:55:51.944,mexc,1INCH/USDT:USDT,0.2848,18203,0.2847,34222,0.2849,4782,0.285,74444
1753592152289,04:55:52.289,mexc,1INCH/USDT:USDT,0.2848,18203,0.2847,34222,0.2849,4782,0.285,74444
1753592152444,04:55:52.444,mexc,1INCH/USDT:USDT,0.2848,18203,0.2847,38152,0.2849,4782,0.285,86447
