timestamp,time,exchange,symbol,bid1_price,bid1_volume,bid2_price,bid2_volume,ask1_price,ask1_volume,ask2_price,ask2_volume
1753591881193,04:51:21.193,huobi,A/USDT:USDT,0.5758,42.0,0.5757,289.0,0.5759,42.0,0.5761,56.0
1753591901331,04:51:41.331,huobi,A/USDT:USDT,0.5758,42.0,0.5757,289.0,0.5759,42.0,0.5761,56.0
1753591901349,04:51:41.349,huobi,A/USDT:USDT,0.5758,42.0,0.5757,289.0,0.5759,42.0,0.5761,56.0
1753591913386,04:51:53.386,huobi,A/USDT:USDT,0.5758,42.0,0.5757,289.0,0.5759,42.0,0.5761,56.0
1753591913405,04:51:53.405,huobi,A/USDT:USDT,0.5758,42.0,0.5757,289.0,0.5759,42.0,0.5761,56.0
1753591921832,04:52:01.832,huobi,A/USDT:USDT,0.5758,42.0,0.5757,289.0,0.5761,56.0,0.5762,42.0
1753591921851,04:52:01.851,huobi,A/USDT:USDT,0.5758,42.0,0.5757,289.0,0.5761,42.0,0.5762,42.0
1753591921876,04:52:01.876,huobi,A/USDT:USDT,0.5758,42.0,0.5757,289.0,0.5762,42.0,0.5763,16.0
1753591921924,04:52:01.924,huobi,A/USDT:USDT,0.5758,42.0,0.5757,289.0,0.5762,42.0,0.5763,16.0
1753591921925,04:52:01.925,huobi,A/USDT:USDT,0.5758,42.0,0.5757,289.0,0.5762,42.0,0.5765,103.0
1753591921981,04:52:01.981,huobi,A/USDT:USDT,0.5758,42.0,0.5757,289.0,0.5762,42.0,0.5763,16.0
1753591921984,04:52:01.984,huobi,A/USDT:USDT,0.5758,42.0,0.5757,289.0,0.5762,42.0,0.5763,16.0
1753591922018,04:52:02.018,huobi,A/USDT:USDT,0.5758,289.0,0.5757,289.0,0.5762,42.0,0.5763,16.0
1753591922100,04:52:02.100,huobi,A/USDT:USDT,0.5759,43.0,0.5758,42.0,0.5762,42.0,0.5763,16.0
1753591922105,04:52:02.105,huobi,A/USDT:USDT,0.5759,290.0,0.5758,42.0,0.5762,42.0,0.5763,16.0
1753591922150,04:52:02.150,huobi,A/USDT:USDT,0.576,43.0,0.5759,290.0,0.5762,42.0,0.5763,16.0
1753591922178,04:52:02.178,huobi,A/USDT:USDT,0.576,43.0,0.5759,43.0,0.5762,42.0,0.5763,16.0
1753591922217,04:52:02.217,huobi,A/USDT:USDT,0.576,43.0,0.5759,43.0,0.5762,42.0,0.5763,16.0
1753591922251,04:52:02.251,huobi,A/USDT:USDT,0.576,43.0,0.5759,43.0,0.5762,42.0,0.5763,16.0
1753591922259,04:52:02.259,huobi,A/USDT:USDT,0.576,43.0,0.5759,43.0,0.5762,42.0,0.5763,16.0
1753591922325,04:52:02.325,huobi,A/USDT:USDT,0.5759,43.0,0.5758,289.0,0.5762,42.0,0.5763,16.0
1753591922670,04:52:02.670,huobi,A/USDT:USDT,0.5759,43.0,0.5758,289.0,0.5762,42.0,0.5763,16.0
1753591922677,04:52:02.677,huobi,A/USDT:USDT,0.5759,43.0,0.5758,289.0,0.5762,42.0,0.5763,16.0
1753591922910,04:52:02.910,huobi,A/USDT:USDT,0.5759,43.0,0.5758,289.0,0.5762,42.0,0.5763,16.0
1753591922985,04:52:02.985,huobi,A/USDT:USDT,0.5759,43.0,0.5758,289.0,0.5762,42.0,0.5763,16.0
1753591923252,04:52:03.252,huobi,A/USDT:USDT,0.5759,43.0,0.5758,289.0,0.5762,42.0,0.5765,42.0
1753591923278,04:52:03.278,huobi,A/USDT:USDT,0.5759,43.0,0.5758,289.0,0.5765,289.0,0.5766,410.0
1753591923309,04:52:03.309,huobi,A/USDT:USDT,0.5759,43.0,0.5758,289.0,0.5763,43.0,0.5764,57.0
1753591924347,04:52:04.347,huobi,A/USDT:USDT,0.5759,43.0,0.5758,289.0,0.5763,43.0,0.5764,57.0
1753591931816,04:52:11.816,huobi,A/USDT:USDT,0.5759,43.0,0.5758,289.0,0.5763,43.0,0.5764,57.0
1753591931833,04:52:11.833,huobi,A/USDT:USDT,0.5759,43.0,0.5758,289.0,0.5763,43.0,0.5764,57.0
1753591936618,04:52:16.618,huobi,A/USDT:USDT,0.5759,43.0,0.5758,289.0,0.5763,43.0,0.5764,57.0
1753591936634,04:52:16.634,huobi,A/USDT:USDT,0.5759,43.0,0.5758,289.0,0.5763,43.0,0.5764,57.0
1753591937847,04:52:17.847,huobi,A/USDT:USDT,0.5759,43.0,0.5758,289.0,0.5763,43.0,0.5764,57.0
1753591940025,04:52:20.025,huobi,A/USDT:USDT,0.5759,43.0,0.5758,289.0,0.5763,43.0,0.5764,57.0
1753591941040,04:52:21.040,huobi,A/USDT:USDT,0.5759,290.0,0.5758,289.0,0.5763,43.0,0.5764,57.0
1753591941076,04:52:21.076,huobi,A/USDT:USDT,0.576,43.0,0.5759,290.0,0.5763,43.0,0.5764,57.0
1753591941148,04:52:21.148,huobi,A/USDT:USDT,0.576,43.0,0.5759,290.0,0.5763,43.0,0.5764,57.0
1753591941160,04:52:21.160,huobi,A/USDT:USDT,0.576,290.0,0.5759,290.0,0.5763,43.0,0.5764,57.0
1753591941186,04:52:21.186,huobi,A/USDT:USDT,0.5761,43.0,0.576,43.0,0.5763,43.0,0.5764,57.0
1753591941233,04:52:21.233,huobi,A/USDT:USDT,0.5761,43.0,0.576,290.0,0.5763,43.0,0.5764,57.0
1753591941268,04:52:21.268,huobi,A/USDT:USDT,0.5761,43.0,0.576,43.0,0.5763,43.0,0.5764,57.0
1753591941323,04:52:21.323,huobi,A/USDT:USDT,0.5761,43.0,0.576,43.0,0.5763,43.0,0.5764,57.0
1753591941326,04:52:21.326,huobi,A/USDT:USDT,0.5761,43.0,0.576,290.0,0.5763,43.0,0.5764,57.0
1753591941334,04:52:21.334,huobi,A/USDT:USDT,0.5761,43.0,0.576,43.0,0.5763,43.0,0.5764,57.0
1753591941367,04:52:21.367,huobi,A/USDT:USDT,0.5761,43.0,0.576,290.0,0.5763,43.0,0.5764,57.0
1753591941417,04:52:21.417,huobi,A/USDT:USDT,0.5761,43.0,0.576,43.0,0.5763,43.0,0.5764,57.0
1753591941428,04:52:21.428,huobi,A/USDT:USDT,0.5761,43.0,0.576,290.0,0.5763,43.0,0.5764,57.0
1753591942197,04:52:22.197,huobi,A/USDT:USDT,0.5761,43.0,0.576,43.0,0.5763,43.0,0.5764,57.0
1753591942209,04:52:22.209,huobi,A/USDT:USDT,0.576,43.0,0.5759,43.0,0.5763,43.0,0.5764,57.0
1753591942412,04:52:22.412,huobi,A/USDT:USDT,0.5759,43.0,0.5758,247.0,0.5763,43.0,0.5764,57.0
1753591946217,04:52:26.217,huobi,A/USDT:USDT,0.5759,43.0,0.5758,247.0,0.5763,43.0,0.5764,57.0
1753591946231,04:52:26.231,huobi,A/USDT:USDT,0.5759,43.0,0.5758,247.0,0.5763,43.0,0.5764,57.0
1753591946440,04:52:26.440,huobi,A/USDT:USDT,0.5759,43.0,0.5757,42.0,0.5763,43.0,0.5764,57.0
1753591946527,04:52:26.527,huobi,A/USDT:USDT,0.5757,42.0,0.5756,14.0,0.5763,43.0,0.5764,57.0
1753591951043,04:52:31.043,huobi,A/USDT:USDT,0.5757,42.0,0.5756,14.0,0.5763,43.0,0.5764,57.0
1753591951044,04:52:31.044,huobi,A/USDT:USDT,0.5757,42.0,0.5756,14.0,0.5763,43.0,0.5764,57.0
1753591951246,04:52:31.246,huobi,A/USDT:USDT,0.5757,42.0,0.5756,14.0,0.5763,43.0,0.5764,57.0
1753591951297,04:52:31.297,huobi,A/USDT:USDT,0.5757,42.0,0.5756,14.0,0.5763,43.0,0.5764,57.0
1753591953027,04:52:33.027,huobi,A/USDT:USDT,0.5757,42.0,0.5756,14.0,0.5763,43.0,0.5764,57.0
1753591953047,04:52:33.047,huobi,A/USDT:USDT,0.5757,42.0,0.5756,14.0,0.5763,43.0,0.5764,57.0
1753591959828,04:52:39.828,huobi,A/USDT:USDT,0.5757,42.0,0.5756,14.0,0.5763,43.0,0.5764,57.0
1753591959884,04:52:39.884,huobi,A/USDT:USDT,0.5757,42.0,0.5756,14.0,0.5763,43.0,0.5764,57.0
1753591965722,04:52:45.722,huobi,A/USDT:USDT,0.5757,42.0,0.5756,14.0,0.5759,7.0,0.5763,43.0
1753591965731,04:52:45.731,huobi,A/USDT:USDT,0.5757,42.0,0.5756,14.0,0.5763,43.0,0.5764,57.0
