timestamp,time,exchange,symbol,bid1_price,bid1_volume,bid2_price,bid2_volume,ask1_price,ask1_volume,ask2_price,ask2_volume
1753591889388,04:51:29.388,huobi,AERGO/USDT:USDT,0.13274,121.0,0.13249,37.0,0.13301,120.0,0.13303,960.0
1753591904321,04:51:44.321,huobi,AERGO/USDT:USDT,0.13292,1.0,0.13274,121.0,0.13301,120.0,0.13303,960.0
1753591904346,04:51:44.346,huobi,AERGO/USDT:USDT,0.13275,116.0,0.13249,37.0,0.13301,120.0,0.13303,960.0
1753591921573,04:52:01.573,huobi,AERGO/USDT:USDT,0.13275,116.0,0.13249,37.0,0.13301,120.0,0.13303,960.0
1753591921623,04:52:01.623,huobi,AERGO/USDT:USDT,0.13275,116.0,0.13249,37.0,0.13301,120.0,0.13303,960.0
1753591921628,04:52:01.628,huobi,AERGO/USDT:USDT,0.13275,116.0,0.13249,37.0,0.13301,120.0,0.13303,960.0
1753591921677,04:52:01.677,huobi,AERGO/USDT:USDT,0.13275,116.0,0.13249,37.0,0.13301,120.0,0.13303,960.0
1753591921749,04:52:01.749,huobi,AERGO/USDT:USDT,0.13275,116.0,0.13249,37.0,0.13301,120.0,0.13303,960.0
1753591921857,04:52:01.857,huobi,AERGO/USDT:USDT,0.13275,116.0,0.13249,37.0,0.13301,120.0,0.13303,960.0
1753591921862,04:52:01.862,huobi,AERGO/USDT:USDT,0.13275,116.0,0.13249,37.0,0.13301,120.0,0.13303,960.0
1753591923033,04:52:03.033,huobi,AERGO/USDT:USDT,0.13275,116.0,0.13249,37.0,0.13301,120.0,0.13303,960.0
1753591923091,04:52:03.091,huobi,AERGO/USDT:USDT,0.13275,116.0,0.13249,37.0,0.13301,120.0,0.13303,960.0
1753591927186,04:52:07.186,huobi,AERGO/USDT:USDT,0.13275,116.0,0.13249,37.0,0.13301,120.0,0.13304,116.0
1753591927213,04:52:07.213,huobi,AERGO/USDT:USDT,0.13275,116.0,0.13249,37.0,0.13304,116.0,0.13306,116.0
1753591927494,04:52:07.494,huobi,AERGO/USDT:USDT,0.13275,116.0,0.13249,37.0,0.13306,116.0,0.13315,982.0
1753591927855,04:52:07.855,huobi,AERGO/USDT:USDT,0.13275,116.0,0.13249,37.0,0.13306,116.0,0.13315,982.0
1753591927957,04:52:07.957,huobi,AERGO/USDT:USDT,0.13275,116.0,0.13249,37.0,0.13306,116.0,0.13315,982.0
1753591940731,04:52:20.731,huobi,AERGO/USDT:USDT,0.13275,116.0,0.13249,37.0,0.13306,116.0,0.13315,982.0
1753591942589,04:52:22.589,huobi,AERGO/USDT:USDT,0.13275,116.0,0.13249,37.0,0.13306,116.0,0.13315,982.0
1753591942599,04:52:22.599,huobi,AERGO/USDT:USDT,0.13275,116.0,0.13249,37.0,0.13306,116.0,0.13315,22.0
1753591942771,04:52:22.771,huobi,AERGO/USDT:USDT,0.13275,116.0,0.13249,37.0,0.13306,116.0,0.13312,551.0
1753591942784,04:52:22.784,huobi,AERGO/USDT:USDT,0.13275,116.0,0.13249,37.0,0.13306,116.0,0.13311,960.0
1753591942891,04:52:22.891,huobi,AERGO/USDT:USDT,0.13275,116.0,0.13249,37.0,0.13306,116.0,0.13311,960.0
1753591947484,04:52:27.484,huobi,AERGO/USDT:USDT,0.13275,116.0,0.13249,37.0,0.13306,116.0,0.13311,960.0
1753591947530,04:52:27.530,huobi,AERGO/USDT:USDT,0.13275,116.0,0.13249,37.0,0.13306,116.0,0.13311,960.0
1753591947582,04:52:27.582,huobi,AERGO/USDT:USDT,0.13275,116.0,0.13249,37.0,0.13306,116.0,0.13311,960.0
1753591947610,04:52:27.610,huobi,AERGO/USDT:USDT,0.13275,116.0,0.13249,37.0,0.13306,116.0,0.13311,960.0
1753591947644,04:52:27.644,huobi,AERGO/USDT:USDT,0.13275,116.0,0.13249,37.0,0.13306,116.0,0.13311,960.0
1753591947720,04:52:27.720,huobi,AERGO/USDT:USDT,0.13275,116.0,0.13249,37.0,0.13306,116.0,0.13311,960.0
1753591947761,04:52:27.761,huobi,AERGO/USDT:USDT,0.13275,116.0,0.13249,37.0,0.13306,116.0,0.13311,960.0
1753591950385,04:52:30.385,huobi,AERGO/USDT:USDT,0.13275,116.0,0.13249,37.0,0.13306,116.0,0.13311,960.0
1753591950419,04:52:30.419,huobi,AERGO/USDT:USDT,0.13275,116.0,0.13249,37.0,0.13306,116.0,0.1331,22.0
1753591950575,04:52:30.575,huobi,AERGO/USDT:USDT,0.13275,116.0,0.13249,37.0,0.13306,116.0,0.1331,22.0
1753591951293,04:52:31.293,huobi,AERGO/USDT:USDT,0.13275,116.0,0.13249,37.0,0.13293,38.0,0.13306,116.0
1753591951307,04:52:31.307,huobi,AERGO/USDT:USDT,0.13275,116.0,0.13249,37.0,0.13306,116.0,0.1331,22.0
1753591951354,04:52:31.354,huobi,AERGO/USDT:USDT,0.13275,116.0,0.13249,37.0,0.13292,117.0,0.13306,116.0
1753591951369,04:52:31.369,huobi,AERGO/USDT:USDT,0.13275,116.0,0.13249,37.0,0.13292,117.0,0.13306,116.0
1753591951449,04:52:31.449,huobi,AERGO/USDT:USDT,0.13275,116.0,0.13249,37.0,0.13292,117.0,0.13306,116.0
1753591959696,04:52:39.696,huobi,AERGO/USDT:USDT,0.13275,116.0,0.13248,960.0,0.13306,116.0,0.13309,960.0
1753591959820,04:52:39.820,huobi,AERGO/USDT:USDT,0.13275,116.0,0.13249,37.0,0.13306,116.0,0.13309,960.0
1753591959885,04:52:39.885,huobi,AERGO/USDT:USDT,0.13275,116.0,0.13249,37.0,0.13306,116.0,0.13309,960.0
