timestamp,time,exchange,symbol,bid1_price,bid1_volume,bid2_price,bid2_volume,ask1_price,ask1_volume,ask2_price,ask2_volume
1753591889000,04:51:29.000,gateio,AAVE/USDT:USDT,296.56,66.0,296.54,654.0,296.57,708.0,296.6,141.0
1753591889658,04:51:29.658,gateio,AAVE/USDT:USDT,296.54,654.0,296.52,41.0,296.57,708.0,296.6,141.0
1753591889705,04:51:29.705,gateio,AAVE/USDT:USDT,296.54,654.0,296.52,41.0,296.57,708.0,296.6,137.0
1753591889887,04:51:29.887,gateio,AAVE/USDT:USDT,296.54,654.0,296.52,41.0,296.57,708.0,296.6,137.0
1753591889950,04:51:29.950,gateio,AAVE/USDT:USDT,296.55,25.0,296.54,654.0,296.6,96.0,296.62,227.0
1753591890098,04:51:30.098,gateio,AAVE/USDT:USDT,296.55,66.0,296.54,679.0,296.58,244.0,296.59,853.0
1753591890107,04:51:30.107,gateio,AAVE/USDT:USDT,296.55,66.0,296.54,679.0,296.58,244.0,296.59,853.0
1753591890302,04:51:30.302,gateio,AAVE/USDT:USDT,296.55,66.0,296.54,679.0,296.58,244.0,296.59,853.0
1753591890483,04:51:30.483,gateio,AAVE/USDT:USDT,296.55,66.0,296.54,654.0,296.57,798.0,296.59,41.0
1753591890584,04:51:30.584,gateio,AAVE/USDT:USDT,296.55,66.0,296.54,654.0,296.57,798.0,296.6,96.0
1753591890778,04:51:30.778,gateio,AAVE/USDT:USDT,296.55,91.0,296.54,654.0,296.61,96.0,296.62,131.0
1753591890843,04:51:30.843,gateio,AAVE/USDT:USDT,296.55,66.0,296.54,654.0,296.59,254.0,296.6,982.0
1753591890998,04:51:30.998,gateio,AAVE/USDT:USDT,296.56,671.0,296.55,66.0,296.59,254.0,296.6,982.0
1753591891081,04:51:31.081,gateio,AAVE/USDT:USDT,296.56,671.0,296.52,41.0,296.58,794.0,296.61,96.0
1753591891122,04:51:31.122,gateio,AAVE/USDT:USDT,296.56,671.0,296.52,41.0,296.58,794.0,296.61,96.0
1753591891382,04:51:31.382,gateio,AAVE/USDT:USDT,296.56,696.0,296.55,41.0,296.61,96.0,296.62,131.0
1753591891456,04:51:31.456,gateio,AAVE/USDT:USDT,296.56,671.0,296.55,41.0,296.6,272.0,296.61,906.0
1753591891537,04:51:31.537,gateio,AAVE/USDT:USDT,296.56,671.0,296.55,41.0,296.6,272.0,296.61,902.0
1753591891972,04:51:31.972,gateio,AAVE/USDT:USDT,296.56,671.0,296.52,41.0,296.58,240.0,296.59,800.0
1753591892119,04:51:32.119,gateio,AAVE/USDT:USDT,296.56,671.0,296.52,41.0,296.58,240.0,296.59,800.0
1753591892356,04:51:32.356,gateio,AAVE/USDT:USDT,296.56,671.0,296.52,41.0,296.58,240.0,296.59,800.0
1753591892442,04:51:32.442,gateio,AAVE/USDT:USDT,296.56,671.0,296.54,96.0,296.58,240.0,296.59,800.0
1753591892789,04:51:32.789,gateio,AAVE/USDT:USDT,296.58,66.0,296.56,671.0,296.62,227.0,296.63,878.0
1753591892882,04:51:32.882,gateio,AAVE/USDT:USDT,296.56,671.0,296.54,96.0,296.6,241.0,296.61,803.0
1753591892919,04:51:32.919,gateio,AAVE/USDT:USDT,296.56,671.0,296.54,96.0,296.6,241.0,296.61,803.0
1753591893087,04:51:33.087,gateio,AAVE/USDT:USDT,296.56,671.0,296.54,96.0,296.6,241.0,296.61,803.0
1753591893177,04:51:33.177,gateio,AAVE/USDT:USDT,296.56,671.0,296.54,96.0,296.6,241.0,296.61,803.0
1753591893537,04:51:33.537,gateio,AAVE/USDT:USDT,296.56,671.0,296.54,96.0,296.6,241.0,296.61,803.0
1753591894374,04:51:34.374,gateio,AAVE/USDT:USDT,296.56,671.0,296.54,96.0,296.6,241.0,296.61,803.0
1753591894426,04:51:34.426,gateio,AAVE/USDT:USDT,296.56,671.0,296.54,96.0,296.6,241.0,296.61,803.0
1753591894541,04:51:34.541,gateio,AAVE/USDT:USDT,296.56,671.0,296.53,116.0,296.59,724.0,296.62,265.0
1753591894868,04:51:34.868,gateio,AAVE/USDT:USDT,296.56,671.0,296.54,93.0,296.59,724.0,296.61,41.0
1753591895285,04:51:35.285,gateio,AAVE/USDT:USDT,296.56,671.0,296.54,93.0,296.59,724.0,296.61,41.0
1753591895943,04:51:35.943,gateio,AAVE/USDT:USDT,296.56,671.0,296.54,93.0,296.59,724.0,296.61,41.0
1753591896094,04:51:36.094,gateio,AAVE/USDT:USDT,296.54,66.0,296.53,116.0,296.58,310.0,296.59,724.0
1753591896197,04:51:36.197,gateio,AAVE/USDT:USDT,296.55,66.0,296.52,777.0,296.57,773.0,296.58,217.0
1753591896289,04:51:36.289,gateio,AAVE/USDT:USDT,296.55,66.0,296.54,772.0,296.57,773.0,296.59,41.0
1753591896675,04:51:36.675,gateio,AAVE/USDT:USDT,296.57,66.0,296.56,760.0,296.59,223.0,296.6,742.0
1753591896839,04:51:36.839,gateio,AAVE/USDT:USDT,296.57,66.0,296.56,760.0,296.59,223.0,296.6,742.0
1753591897043,04:51:37.043,gateio,AAVE/USDT:USDT,296.57,66.0,296.56,760.0,296.59,223.0,296.6,742.0
1753591897562,04:51:37.562,gateio,AAVE/USDT:USDT,296.56,760.0,296.53,93.0,296.59,223.0,296.6,742.0
1753591897655,04:51:37.655,gateio,AAVE/USDT:USDT,296.56,760.0,296.53,93.0,296.59,223.0,296.6,742.0
1753591898022,04:51:38.022,gateio,AAVE/USDT:USDT,296.56,760.0,296.53,93.0,296.59,223.0,296.6,742.0
1753591898354,04:51:38.354,gateio,AAVE/USDT:USDT,296.56,760.0,296.54,41.0,296.59,223.0,296.6,742.0
1753591898478,04:51:38.478,gateio,AAVE/USDT:USDT,296.56,760.0,296.54,41.0,296.59,223.0,296.6,742.0
1753591898507,04:51:38.507,gateio,AAVE/USDT:USDT,296.56,760.0,296.54,41.0,296.59,223.0,296.6,742.0
1753591898930,04:51:38.930,gateio,AAVE/USDT:USDT,296.56,760.0,296.54,41.0,296.59,223.0,296.6,742.0
1753591899592,04:51:39.592,gateio,AAVE/USDT:USDT,296.6,66.0,296.57,93.0,296.63,541.0,296.64,1736.0
1753591899692,04:51:39.692,gateio,AAVE/USDT:USDT,296.62,66.0,296.61,699.0,296.64,257.0,296.65,856.0
1753591899779,04:51:39.779,gateio,AAVE/USDT:USDT,296.62,66.0,296.61,699.0,296.64,257.0,296.65,856.0
1753591899861,04:51:39.861,gateio,AAVE/USDT:USDT,296.62,66.0,296.61,699.0,296.64,257.0,296.65,856.0
1753591899999,04:51:39.999,gateio,AAVE/USDT:USDT,296.62,66.0,296.61,699.0,296.64,257.0,296.65,856.0
1753591900023,04:51:40.023,gateio,AAVE/USDT:USDT,296.62,66.0,296.61,699.0,296.64,257.0,296.65,856.0
1753591900129,04:51:40.129,gateio,AAVE/USDT:USDT,296.62,66.0,296.61,699.0,296.64,257.0,296.65,856.0
1753591900247,04:51:40.247,gateio,AAVE/USDT:USDT,296.62,66.0,296.61,699.0,296.64,257.0,296.65,856.0
1753591900446,04:51:40.446,gateio,AAVE/USDT:USDT,296.62,66.0,296.61,699.0,296.64,257.0,296.65,856.0
1753591900588,04:51:40.588,gateio,AAVE/USDT:USDT,296.63,66.0,296.61,740.0,296.67,121.0,296.68,669.0
1753591900691,04:51:40.691,gateio,AAVE/USDT:USDT,296.64,741.0,296.59,210.0,296.67,121.0,296.68,669.0
1753591900796,04:51:40.796,gateio,AAVE/USDT:USDT,296.64,741.0,296.59,210.0,296.66,298.0,296.67,992.0
1753591900897,04:51:40.897,gateio,AAVE/USDT:USDT,296.64,741.0,296.59,210.0,296.66,298.0,296.67,992.0
1753591900975,04:51:40.975,gateio,AAVE/USDT:USDT,296.64,741.0,296.59,210.0,296.66,298.0,296.67,996.0
1753591901013,04:51:41.013,gateio,AAVE/USDT:USDT,296.64,741.0,296.59,210.0,296.66,298.0,296.67,899.0
1753591901153,04:51:41.153,gateio,AAVE/USDT:USDT,296.64,741.0,296.59,210.0,296.66,298.0,296.67,899.0
1753591901221,04:51:41.221,gateio,AAVE/USDT:USDT,296.64,741.0,296.59,210.0,296.66,298.0,296.67,1011.0
1753591901387,04:51:41.387,gateio,AAVE/USDT:USDT,296.59,117.0,296.57,93.0,296.65,93.0,296.66,339.0
1753591901474,04:51:41.474,gateio,AAVE/USDT:USDT,296.59,117.0,296.57,93.0,296.65,97.0,296.66,339.0
1753591901592,04:51:41.592,gateio,AAVE/USDT:USDT,296.62,66.0,296.6,680.0,296.64,229.0,296.65,763.0
1753591901682,04:51:41.682,gateio,AAVE/USDT:USDT,296.62,766.0,296.58,41.0,296.64,229.0,296.65,759.0
1753591901776,04:51:41.776,gateio,AAVE/USDT:USDT,296.62,766.0,296.58,41.0,296.64,229.0,296.65,759.0
1753591901987,04:51:41.987,gateio,AAVE/USDT:USDT,296.62,766.0,296.58,41.0,296.64,229.0,296.65,759.0
1753591902195,04:51:42.195,gateio,AAVE/USDT:USDT,296.62,766.0,296.58,41.0,296.64,229.0,296.65,759.0
1753591902201,04:51:42.201,gateio,AAVE/USDT:USDT,296.62,766.0,296.58,41.0,296.64,229.0,296.65,759.0
1753591902424,04:51:42.424,gateio,AAVE/USDT:USDT,296.62,766.0,296.58,41.0,296.64,229.0,296.65,759.0
1753591902881,04:51:42.881,gateio,AAVE/USDT:USDT,296.62,766.0,296.58,41.0,296.64,229.0,296.65,759.0
1753591903458,04:51:43.458,gateio,AAVE/USDT:USDT,296.62,766.0,296.58,41.0,296.64,229.0,296.65,759.0
1753591903504,04:51:43.504,gateio,AAVE/USDT:USDT,296.62,766.0,296.58,41.0,296.64,229.0,296.65,759.0
1753591903601,04:51:43.601,gateio,AAVE/USDT:USDT,296.62,766.0,296.58,41.0,296.64,229.0,296.65,759.0
1753591903798,04:51:43.798,gateio,AAVE/USDT:USDT,296.66,66.0,296.63,66.0,296.67,124.0,296.68,691.0
1753591903881,04:51:43.881,gateio,AAVE/USDT:USDT,296.66,66.0,296.65,769.0,296.67,53.0,296.68,794.0
1753591903965,04:51:43.965,gateio,AAVE/USDT:USDT,296.66,66.0,296.65,769.0,296.67,53.0,296.68,794.0
1753591904087,04:51:44.087,gateio,AAVE/USDT:USDT,296.66,66.0,296.65,769.0,296.67,53.0,296.68,794.0
1753591904246,04:51:44.246,gateio,AAVE/USDT:USDT,296.66,66.0,296.65,769.0,296.67,53.0,296.68,794.0
1753591904897,04:51:44.897,gateio,AAVE/USDT:USDT,296.65,769.0,296.62,41.0,296.67,53.0,296.68,794.0
1753591904997,04:51:44.997,gateio,AAVE/USDT:USDT,296.65,769.0,296.62,41.0,296.67,53.0,296.68,701.0
1753591905098,04:51:45.098,gateio,AAVE/USDT:USDT,296.65,769.0,296.61,93.0,296.67,766.0,296.68,701.0
1753591905160,04:51:45.160,gateio,AAVE/USDT:USDT,296.6,93.0,296.59,25.0,296.66,230.0,296.67,807.0
1753591905288,04:51:45.288,gateio,AAVE/USDT:USDT,296.64,66.0,296.63,714.0,296.65,4.0,296.66,230.0
1753591905393,04:51:45.393,gateio,AAVE/USDT:USDT,296.65,66.0,296.63,714.0,296.67,766.0,296.68,504.0
1753591905484,04:51:45.484,gateio,AAVE/USDT:USDT,296.65,850.0,296.6,210.0,296.67,766.0,296.68,504.0
1753591905567,04:51:45.567,gateio,AAVE/USDT:USDT,296.65,850.0,296.6,210.0,296.67,766.0,296.68,504.0
1753591905813,04:51:45.813,gateio,AAVE/USDT:USDT,296.65,850.0,296.62,82.0,296.67,766.0,296.68,504.0
1753591905921,04:51:45.921,gateio,AAVE/USDT:USDT,296.65,850.0,296.62,82.0,296.67,766.0,296.68,504.0
1753591906486,04:51:46.486,gateio,AAVE/USDT:USDT,296.65,850.0,296.62,82.0,296.67,766.0,296.68,504.0
1753591906618,04:51:46.618,gateio,AAVE/USDT:USDT,296.65,850.0,296.62,82.0,296.67,53.0,296.68,504.0
1753591906707,04:51:46.707,gateio,AAVE/USDT:USDT,296.65,850.0,296.62,82.0,296.67,53.0,296.68,504.0
1753591906899,04:51:46.899,gateio,AAVE/USDT:USDT,296.65,850.0,296.62,82.0,296.67,53.0,296.68,1346.0
1753591906921,04:51:46.921,gateio,AAVE/USDT:USDT,296.65,850.0,296.62,82.0,296.67,309.0,296.68,1346.0
1753591907002,04:51:47.002,gateio,AAVE/USDT:USDT,296.65,850.0,296.62,82.0,296.67,309.0,296.68,1346.0
1753591907425,04:51:47.425,gateio,AAVE/USDT:USDT,296.65,850.0,296.62,82.0,296.67,309.0,296.68,1346.0
1753591907985,04:51:47.985,gateio,AAVE/USDT:USDT,296.65,850.0,296.62,82.0,296.67,309.0,296.68,1346.0
1753591908084,04:51:48.084,gateio,AAVE/USDT:USDT,296.65,850.0,296.62,82.0,296.67,309.0,296.68,1346.0
1753591908365,04:51:48.365,gateio,AAVE/USDT:USDT,296.65,850.0,296.62,82.0,296.67,309.0,296.68,1346.0
1753591908923,04:51:48.923,gateio,AAVE/USDT:USDT,296.65,850.0,296.62,82.0,296.67,309.0,296.68,1346.0
1753591909002,04:51:49.002,gateio,AAVE/USDT:USDT,296.65,850.0,296.62,82.0,296.67,309.0,296.68,1346.0
1753591909278,04:51:49.278,gateio,AAVE/USDT:USDT,296.65,850.0,296.62,82.0,296.67,309.0,296.68,1346.0
1753591909525,04:51:49.525,gateio,AAVE/USDT:USDT,296.65,850.0,296.62,82.0,296.67,309.0,296.68,1346.0
1753591909741,04:51:49.741,gateio,AAVE/USDT:USDT,296.65,850.0,296.63,93.0,296.67,309.0,296.68,852.0
1753591909801,04:51:49.801,gateio,AAVE/USDT:USDT,296.65,850.0,296.63,93.0,296.67,309.0,296.68,1374.0
1753591909923,04:51:49.923,gateio,AAVE/USDT:USDT,296.65,850.0,296.62,82.0,296.67,309.0,296.68,1374.0
1753591910188,04:51:50.188,gateio,AAVE/USDT:USDT,296.65,850.0,296.62,82.0,296.67,309.0,296.68,1374.0
1753591910217,04:51:50.217,gateio,AAVE/USDT:USDT,296.65,850.0,296.62,82.0,296.67,309.0,296.68,1374.0
1753591910418,04:51:50.418,gateio,AAVE/USDT:USDT,296.65,850.0,296.62,82.0,296.67,309.0,296.68,1374.0
1753591911026,04:51:51.026,gateio,AAVE/USDT:USDT,296.65,850.0,296.62,82.0,296.67,309.0,296.68,1374.0
1753591911554,04:51:51.554,gateio,AAVE/USDT:USDT,296.65,850.0,296.62,82.0,296.67,309.0,296.68,1374.0
1753591911692,04:51:51.692,gateio,AAVE/USDT:USDT,296.62,41.0,296.61,41.0,296.66,93.0,296.67,309.0
1753591911790,04:51:51.790,gateio,AAVE/USDT:USDT,296.6,118.0,296.59,747.0,296.64,287.0,296.65,863.0
1753591911893,04:51:51.893,gateio,AAVE/USDT:USDT,296.61,706.0,296.6,159.0,296.67,53.0,296.68,532.0
1753591911998,04:51:51.998,gateio,AAVE/USDT:USDT,296.63,700.0,296.62,159.0,296.67,57.0,296.68,1336.0
1753591912085,04:51:52.085,gateio,AAVE/USDT:USDT,296.66,66.0,296.65,758.0,296.67,57.0,296.68,532.0
1753591912193,04:51:52.193,gateio,AAVE/USDT:USDT,296.66,66.0,296.65,758.0,296.67,53.0,296.68,532.0
1753591912207,04:51:52.207,gateio,AAVE/USDT:USDT,296.66,66.0,296.65,758.0,296.67,53.0,296.68,1303.0
1753591912392,04:51:52.392,gateio,AAVE/USDT:USDT,296.66,66.0,296.65,758.0,296.67,53.0,296.68,1303.0
1753591912532,04:51:52.532,gateio,AAVE/USDT:USDT,296.66,66.0,296.65,758.0,296.67,53.0,296.68,1303.0
1753591912757,04:51:52.757,gateio,AAVE/USDT:USDT,296.66,66.0,296.65,758.0,296.67,53.0,296.68,1303.0
1753591913076,04:51:53.076,gateio,AAVE/USDT:USDT,296.66,66.0,296.65,758.0,296.67,53.0,296.68,1303.0
1753591913149,04:51:53.149,gateio,AAVE/USDT:USDT,296.65,758.0,296.62,159.0,296.67,287.0,296.68,1303.0
1753591913252,04:51:53.252,gateio,AAVE/USDT:USDT,296.65,758.0,296.62,159.0,296.67,287.0,296.68,1303.0
1753591913675,04:51:53.675,gateio,AAVE/USDT:USDT,296.65,758.0,296.62,159.0,296.67,287.0,296.68,1303.0
1753591914035,04:51:54.035,gateio,AAVE/USDT:USDT,296.65,758.0,296.62,159.0,296.67,287.0,296.68,1303.0
1753591914497,04:51:54.497,gateio,AAVE/USDT:USDT,296.65,758.0,296.62,159.0,296.67,287.0,296.68,1303.0
1753591914799,04:51:54.799,gateio,AAVE/USDT:USDT,296.62,66.0,296.61,82.0,296.67,287.0,296.68,1303.0
1753591914892,04:51:54.892,gateio,AAVE/USDT:USDT,296.64,66.0,296.61,66.0,296.66,2.0,296.67,287.0
1753591914996,04:51:54.996,gateio,AAVE/USDT:USDT,296.65,66.0,296.64,746.0,296.67,287.0,296.68,1344.0
1753591915008,04:51:55.008,gateio,AAVE/USDT:USDT,296.65,66.0,296.64,746.0,296.67,287.0,296.68,1344.0
1753591915328,04:51:55.328,gateio,AAVE/USDT:USDT,296.65,66.0,296.64,746.0,296.67,287.0,296.68,1344.0
1753591915539,04:51:55.539,gateio,AAVE/USDT:USDT,296.65,66.0,296.64,746.0,296.67,287.0,296.68,1344.0
1753591915742,04:51:55.742,gateio,AAVE/USDT:USDT,296.65,66.0,296.64,746.0,296.67,287.0,296.68,1344.0
1753591916112,04:51:56.112,gateio,AAVE/USDT:USDT,296.65,66.0,296.64,746.0,296.67,287.0,296.68,1344.0
1753591916201,04:51:56.201,gateio,AAVE/USDT:USDT,296.65,66.0,296.64,746.0,296.67,287.0,296.68,1344.0
1753591916399,04:51:56.399,gateio,AAVE/USDT:USDT,296.65,66.0,296.64,746.0,296.67,287.0,296.68,1344.0
1753591916975,04:51:56.975,gateio,AAVE/USDT:USDT,296.65,66.0,296.64,746.0,296.67,287.0,296.68,1303.0
1753591917053,04:51:57.053,gateio,AAVE/USDT:USDT,296.65,66.0,296.64,746.0,296.67,287.0,296.68,1303.0
1753591917382,04:51:57.382,gateio,AAVE/USDT:USDT,296.65,66.0,296.64,746.0,296.67,287.0,296.68,1303.0
1753591917448,04:51:57.448,gateio,AAVE/USDT:USDT,296.64,746.0,296.61,107.0,296.67,287.0,296.68,1303.0
1753591917562,04:51:57.562,gateio,AAVE/USDT:USDT,296.64,746.0,296.62,96.0,296.67,287.0,296.68,1303.0
1753591917765,04:51:57.765,gateio,AAVE/USDT:USDT,296.64,746.0,296.62,96.0,296.67,287.0,296.68,1303.0
1753591918554,04:51:58.554,gateio,AAVE/USDT:USDT,296.64,746.0,296.62,96.0,296.67,287.0,296.68,1303.0
1753591919788,04:51:59.788,gateio,AAVE/USDT:USDT,296.64,746.0,296.62,96.0,296.67,287.0,296.68,1303.0
1753591920055,04:52:00.055,gateio,AAVE/USDT:USDT,296.64,746.0,296.62,96.0,296.67,287.0,296.68,1303.0
1753591920482,04:52:00.482,gateio,AAVE/USDT:USDT,296.64,746.0,296.61,107.0,296.66,847.0,296.67,53.0
1753591920585,04:52:00.585,gateio,AAVE/USDT:USDT,296.64,746.0,296.61,107.0,296.66,847.0,296.67,53.0
1753591920801,04:52:00.801,gateio,AAVE/USDT:USDT,296.64,746.0,296.62,96.0,296.66,847.0,296.67,53.0
1753591921497,04:52:01.497,gateio,AAVE/USDT:USDT,296.66,187.0,296.64,828.0,296.67,53.0,296.68,10.0
1753591921585,04:52:01.585,gateio,AAVE/USDT:USDT,296.66,944.0,296.64,82.0,296.67,53.0,296.68,10.0
1753591921682,04:52:01.682,gateio,AAVE/USDT:USDT,296.68,96.0,296.67,206.0,296.69,5.0,296.71,10.0
1753591921796,04:52:01.796,gateio,AAVE/USDT:USDT,296.7,866.0,296.69,66.0,296.71,10.0,296.72,4.0
1753591921890,04:52:01.890,gateio,AAVE/USDT:USDT,296.7,907.0,296.69,66.0,296.71,10.0,296.73,4.0
1753591921998,04:52:01.998,gateio,AAVE/USDT:USDT,296.7,907.0,296.69,66.0,296.71,10.0,296.73,4.0
1753591922093,04:52:02.093,gateio,AAVE/USDT:USDT,296.7,811.0,296.69,66.0,296.71,10.0,296.73,4.0
1753591922198,04:52:02.198,gateio,AAVE/USDT:USDT,296.7,729.0,296.69,25.0,296.71,10.0,296.72,706.0
1753591922298,04:52:02.298,gateio,AAVE/USDT:USDT,296.67,121.0,296.64,94.0,296.71,10.0,296.72,706.0
1753591922398,04:52:02.398,gateio,AAVE/USDT:USDT,296.7,66.0,296.67,803.0,296.71,10.0,296.72,706.0
1753591922484,04:52:02.484,gateio,AAVE/USDT:USDT,296.66,66.0,296.63,25.0,296.69,96.0,296.7,808.0
1753591922562,04:52:02.562,gateio,AAVE/USDT:USDT,296.66,66.0,296.64,787.0,296.68,703.0,296.71,188.0
1753591922612,04:52:02.612,gateio,AAVE/USDT:USDT,296.66,66.0,296.64,787.0,296.68,703.0,296.71,188.0
1753591922774,04:52:02.774,gateio,AAVE/USDT:USDT,296.66,66.0,296.64,787.0,296.68,703.0,296.71,188.0
1753591922899,04:52:02.899,gateio,AAVE/USDT:USDT,296.66,66.0,296.64,787.0,296.68,703.0,296.71,106.0
1753591922980,04:52:02.980,gateio,AAVE/USDT:USDT,296.66,66.0,296.64,787.0,296.68,703.0,296.71,106.0
1753591923060,04:52:03.060,gateio,AAVE/USDT:USDT,296.66,66.0,296.64,787.0,296.68,703.0,296.71,106.0
1753591923164,04:52:03.164,gateio,AAVE/USDT:USDT,296.66,66.0,296.64,787.0,296.68,703.0,296.71,106.0
1753591923797,04:52:03.797,gateio,AAVE/USDT:USDT,296.66,827.0,296.63,41.0,296.71,106.0,296.75,291.0
1753591923891,04:52:03.891,gateio,AAVE/USDT:USDT,296.69,66.0,296.67,25.0,296.7,2.0,296.71,10.0
1753591923999,04:52:03.999,gateio,AAVE/USDT:USDT,296.7,66.0,296.66,736.0,296.71,884.0,296.73,94.0
1753591924077,04:52:04.077,gateio,AAVE/USDT:USDT,296.7,66.0,296.66,736.0,296.71,884.0,296.72,2.0
1753591924294,04:52:04.294,gateio,AAVE/USDT:USDT,296.7,66.0,296.68,725.0,296.71,10.0,296.72,2.0
1753591924384,04:52:04.384,gateio,AAVE/USDT:USDT,296.7,840.0,296.67,41.0,296.71,10.0,296.74,866.0
1753591924421,04:52:04.421,gateio,AAVE/USDT:USDT,296.7,840.0,296.67,41.0,296.71,10.0,296.73,260.0
1753591924589,04:52:04.589,gateio,AAVE/USDT:USDT,296.7,840.0,296.67,41.0,296.71,10.0,296.72,816.0
1753591924605,04:52:04.605,gateio,AAVE/USDT:USDT,296.7,840.0,296.67,41.0,296.71,10.0,296.72,814.0
1753591924786,04:52:04.786,gateio,AAVE/USDT:USDT,296.7,840.0,296.67,41.0,296.71,10.0,296.72,814.0
1753591924802,04:52:04.802,gateio,AAVE/USDT:USDT,296.7,840.0,296.67,41.0,296.71,10.0,296.72,814.0
1753591924985,04:52:04.985,gateio,AAVE/USDT:USDT,296.7,840.0,296.67,41.0,296.71,10.0,296.72,814.0
1753591925108,04:52:05.108,gateio,AAVE/USDT:USDT,296.7,840.0,296.68,41.0,296.71,10.0,296.72,814.0
1753591925243,04:52:05.243,gateio,AAVE/USDT:USDT,296.7,840.0,296.68,41.0,296.71,10.0,296.72,814.0
1753591925490,04:52:05.490,gateio,AAVE/USDT:USDT,296.7,840.0,296.68,135.0,296.71,10.0,296.75,94.0
1753591925505,04:52:05.505,gateio,AAVE/USDT:USDT,296.7,865.0,296.68,135.0,296.71,10.0,296.74,4.0
1753591925642,04:52:05.642,gateio,AAVE/USDT:USDT,296.7,840.0,296.68,135.0,296.71,10.0,296.74,284.0
1753591925709,04:52:05.709,gateio,AAVE/USDT:USDT,296.7,865.0,296.68,135.0,296.71,10.0,296.74,284.0
1753591925924,04:52:05.924,gateio,AAVE/USDT:USDT,296.7,840.0,296.68,135.0,296.71,10.0,296.73,791.0
1753591926067,04:52:06.067,gateio,AAVE/USDT:USDT,296.7,840.0,296.68,135.0,296.71,10.0,296.72,2.0
1753591926178,04:52:06.178,gateio,AAVE/USDT:USDT,296.69,66.0,296.65,119.0,296.71,10.0,296.72,239.0
1753591926250,04:52:06.250,gateio,AAVE/USDT:USDT,296.69,66.0,296.66,812.0,296.7,740.0,296.71,10.0
1753591926306,04:52:06.306,gateio,AAVE/USDT:USDT,296.69,66.0,296.66,812.0,296.7,740.0,296.71,10.0
1753591926470,04:52:06.470,gateio,AAVE/USDT:USDT,296.69,66.0,296.66,812.0,296.7,740.0,296.71,10.0
1753591926593,04:52:06.593,gateio,AAVE/USDT:USDT,296.69,66.0,296.68,788.0,296.7,740.0,296.71,10.0
1753591926699,04:52:06.699,gateio,AAVE/USDT:USDT,296.7,66.0,296.69,25.0,296.71,10.0,296.72,4.0
1753591926782,04:52:06.782,gateio,AAVE/USDT:USDT,296.7,66.0,296.68,829.0,296.71,10.0,296.72,238.0
1753591926894,04:52:06.894,gateio,AAVE/USDT:USDT,296.7,66.0,296.68,829.0,296.71,747.0,296.74,69.0
1753591926982,04:52:06.982,gateio,AAVE/USDT:USDT,296.7,66.0,296.68,829.0,296.71,10.0,296.73,4.0
1753591927093,04:52:07.093,gateio,AAVE/USDT:USDT,296.7,66.0,296.68,829.0,296.71,10.0,296.73,824.0
1753591927106,04:52:07.106,gateio,AAVE/USDT:USDT,296.7,66.0,296.68,829.0,296.71,10.0,296.72,249.0
1753591927205,04:52:07.205,gateio,AAVE/USDT:USDT,296.7,66.0,296.68,829.0,296.71,10.0,296.72,247.0
1753591927370,04:52:07.370,gateio,AAVE/USDT:USDT,296.7,66.0,296.68,788.0,296.71,10.0,296.72,247.0
1753591927569,04:52:07.569,gateio,AAVE/USDT:USDT,296.7,66.0,296.68,788.0,296.71,10.0,296.72,247.0
1753591927696,04:52:07.696,gateio,AAVE/USDT:USDT,296.7,66.0,296.68,788.0,296.71,10.0,296.72,247.0
1753591927794,04:52:07.794,gateio,AAVE/USDT:USDT,296.7,720.0,296.68,41.0,296.71,10.0,296.73,824.0
1753591927805,04:52:07.805,gateio,AAVE/USDT:USDT,296.7,720.0,296.68,135.0,296.71,10.0,296.72,2.0
1753591927944,04:52:07.944,gateio,AAVE/USDT:USDT,296.7,720.0,296.68,176.0,296.71,10.0,296.72,2.0
1753591928001,04:52:08.001,gateio,AAVE/USDT:USDT,296.7,720.0,296.68,176.0,296.71,10.0,296.72,2.0
1753591928267,04:52:08.267,gateio,AAVE/USDT:USDT,296.7,720.0,296.68,176.0,296.71,10.0,296.72,2.0
1753591928538,04:52:08.538,gateio,AAVE/USDT:USDT,296.7,720.0,296.68,176.0,296.71,10.0,296.72,2.0
1753591928686,04:52:08.686,gateio,AAVE/USDT:USDT,296.7,720.0,296.68,176.0,296.71,10.0,296.72,2.0
1753591928997,04:52:08.997,gateio,AAVE/USDT:USDT,296.7,745.0,296.68,176.0,296.71,10.0,296.72,2.0
1753591929078,04:52:09.078,gateio,AAVE/USDT:USDT,296.7,745.0,296.68,176.0,296.71,10.0,296.75,4.0
1753591929141,04:52:09.141,gateio,AAVE/USDT:USDT,296.7,745.0,296.68,176.0,296.71,10.0,296.75,243.0
1753591929388,04:52:09.388,gateio,AAVE/USDT:USDT,296.7,745.0,296.68,176.0,296.71,10.0,296.74,709.0
1753591929407,04:52:09.407,gateio,AAVE/USDT:USDT,296.7,745.0,296.68,176.0,296.71,10.0,296.73,4.0
1753591929764,04:52:09.764,gateio,AAVE/USDT:USDT,296.7,720.0,296.68,135.0,296.71,10.0,296.73,4.0
1753591929896,04:52:09.896,gateio,AAVE/USDT:USDT,296.7,720.0,296.68,135.0,296.71,10.0,296.73,4.0
1753591929941,04:52:09.941,gateio,AAVE/USDT:USDT,296.7,745.0,296.68,135.0,296.71,10.0,296.73,4.0
1753591930041,04:52:10.041,gateio,AAVE/USDT:USDT,296.7,720.0,296.68,135.0,296.71,10.0,296.73,4.0
1753591930360,04:52:10.360,gateio,AAVE/USDT:USDT,296.7,720.0,296.68,135.0,296.71,10.0,296.73,4.0
1753591930578,04:52:10.578,gateio,AAVE/USDT:USDT,296.7,720.0,296.68,135.0,296.71,10.0,296.73,4.0
1753591930742,04:52:10.742,gateio,AAVE/USDT:USDT,296.7,745.0,296.68,135.0,296.71,10.0,296.73,4.0
1753591930932,04:52:10.932,gateio,AAVE/USDT:USDT,296.7,745.0,296.69,41.0,296.71,10.0,296.73,4.0
1753591931062,04:52:11.062,gateio,AAVE/USDT:USDT,296.7,745.0,296.69,41.0,296.71,10.0,296.73,4.0
1753591931178,04:52:11.178,gateio,AAVE/USDT:USDT,296.7,745.0,296.69,41.0,296.71,10.0,296.76,871.0
1753591931206,04:52:11.206,gateio,AAVE/USDT:USDT,296.7,745.0,296.69,41.0,296.71,10.0,296.75,4.0
1753591931302,04:52:11.302,gateio,AAVE/USDT:USDT,296.7,745.0,296.69,41.0,296.71,10.0,296.75,265.0
1753591931494,04:52:11.494,gateio,AAVE/USDT:USDT,296.7,745.0,296.69,41.0,296.71,10.0,296.74,849.0
1753591931589,04:52:11.589,gateio,AAVE/USDT:USDT,296.7,745.0,296.68,135.0,296.71,10.0,296.73,4.0
1753591931998,04:52:11.998,gateio,AAVE/USDT:USDT,296.7,720.0,296.68,94.0,296.71,10.0,296.73,4.0
1753591932097,04:52:12.097,gateio,AAVE/USDT:USDT,296.7,720.0,296.68,94.0,296.71,10.0,296.73,259.0
1753591932105,04:52:12.105,gateio,AAVE/USDT:USDT,296.7,720.0,296.68,94.0,296.71,10.0,296.73,257.0
1753591932202,04:52:12.202,gateio,AAVE/USDT:USDT,296.7,720.0,296.68,94.0,296.71,10.0,296.73,257.0
1753591932561,04:52:12.561,gateio,AAVE/USDT:USDT,296.7,720.0,296.68,94.0,296.71,10.0,296.73,257.0
1753591932662,04:52:12.662,gateio,AAVE/USDT:USDT,296.7,745.0,296.68,94.0,296.71,10.0,296.72,797.0
1753591932705,04:52:12.705,gateio,AAVE/USDT:USDT,296.7,745.0,296.68,94.0,296.71,10.0,296.72,797.0
1753591932996,04:52:12.996,gateio,AAVE/USDT:USDT,296.7,745.0,296.68,94.0,296.71,10.0,296.72,797.0
1753591933002,04:52:13.002,gateio,AAVE/USDT:USDT,296.7,745.0,296.68,94.0,296.71,10.0,296.72,797.0
1753591933588,04:52:13.588,gateio,AAVE/USDT:USDT,296.7,745.0,296.68,94.0,296.71,10.0,296.72,797.0
1753591933606,04:52:13.606,gateio,AAVE/USDT:USDT,296.7,745.0,296.68,94.0,296.71,10.0,296.72,797.0
1753591933941,04:52:13.941,gateio,AAVE/USDT:USDT,296.7,745.0,296.69,41.0,296.71,10.0,296.8,120.0
1753591934036,04:52:14.036,gateio,AAVE/USDT:USDT,296.7,745.0,296.69,41.0,296.71,10.0,296.74,764.0
1753591934188,04:52:14.188,gateio,AAVE/USDT:USDT,296.7,745.0,296.69,82.0,296.71,10.0,296.73,4.0
1753591934216,04:52:14.216,gateio,AAVE/USDT:USDT,296.7,745.0,296.69,82.0,296.71,10.0,296.73,4.0
1753591934696,04:52:14.696,gateio,AAVE/USDT:USDT,296.7,745.0,296.69,82.0,296.71,10.0,296.73,4.0
1753591934712,04:52:14.712,gateio,AAVE/USDT:USDT,296.7,745.0,296.69,82.0,296.71,10.0,296.79,4.0
1753591934861,04:52:14.861,gateio,AAVE/USDT:USDT,296.7,745.0,296.69,82.0,296.71,10.0,296.75,259.0
1753591934906,04:52:14.906,gateio,AAVE/USDT:USDT,296.7,745.0,296.69,82.0,296.71,10.0,296.74,4.0
1753591935091,04:52:15.091,gateio,AAVE/USDT:USDT,296.7,745.0,296.69,82.0,296.71,10.0,296.74,4.0
1753591935661,04:52:15.661,gateio,AAVE/USDT:USDT,296.7,745.0,296.69,82.0,296.71,10.0,296.74,818.0
1753591936081,04:52:16.081,gateio,AAVE/USDT:USDT,296.7,745.0,296.69,82.0,296.71,10.0,296.74,4.0
1753591936119,04:52:16.119,gateio,AAVE/USDT:USDT,296.7,745.0,296.69,82.0,296.71,10.0,296.79,4.0
1753591936281,04:52:16.281,gateio,AAVE/USDT:USDT,296.7,745.0,296.69,82.0,296.71,10.0,296.75,240.0
1753591936306,04:52:16.306,gateio,AAVE/USDT:USDT,296.7,745.0,296.69,82.0,296.71,10.0,296.74,4.0
1753591936593,04:52:16.593,gateio,AAVE/USDT:USDT,296.7,745.0,296.69,82.0,296.71,10.0,296.74,4.0
1753591937098,04:52:17.098,gateio,AAVE/USDT:USDT,296.7,745.0,296.69,82.0,296.71,10.0,296.74,727.0
1753591937102,04:52:17.102,gateio,AAVE/USDT:USDT,296.7,745.0,296.69,82.0,296.71,10.0,296.74,727.0
1753591937541,04:52:17.541,gateio,AAVE/USDT:USDT,296.7,745.0,296.69,82.0,296.71,10.0,296.74,727.0
1753591937855,04:52:17.855,gateio,AAVE/USDT:USDT,296.7,745.0,296.69,82.0,296.71,10.0,296.74,727.0
1753591938092,04:52:18.092,gateio,AAVE/USDT:USDT,296.7,745.0,296.69,82.0,296.71,10.0,296.74,727.0
1753591938122,04:52:18.122,gateio,AAVE/USDT:USDT,296.7,745.0,296.69,82.0,296.71,10.0,296.74,727.0
1753591938989,04:52:18.989,gateio,AAVE/USDT:USDT,296.7,745.0,296.69,82.0,296.71,10.0,296.74,727.0
1753591939002,04:52:19.002,gateio,AAVE/USDT:USDT,296.7,745.0,296.69,82.0,296.71,10.0,296.74,727.0
1753591939121,04:52:19.121,gateio,AAVE/USDT:USDT,296.7,745.0,296.69,82.0,296.71,10.0,296.74,4.0
1753591939243,04:52:19.243,gateio,AAVE/USDT:USDT,296.7,745.0,296.69,82.0,296.71,10.0,296.75,767.0
1753591939306,04:52:19.306,gateio,AAVE/USDT:USDT,296.7,745.0,296.69,82.0,296.71,10.0,296.74,4.0
1753591939698,04:52:19.698,gateio,AAVE/USDT:USDT,296.7,745.0,296.69,41.0,296.71,10.0,296.73,791.0
1753591939706,04:52:19.706,gateio,AAVE/USDT:USDT,296.7,745.0,296.69,41.0,296.71,10.0,296.72,2.0
1753591939802,04:52:19.802,gateio,AAVE/USDT:USDT,296.7,745.0,296.69,41.0,296.71,10.0,296.72,2.0
1753591940434,04:52:20.434,gateio,AAVE/USDT:USDT,296.7,745.0,296.69,82.0,296.71,10.0,296.72,2.0
1753591940526,04:52:20.526,gateio,AAVE/USDT:USDT,296.7,745.0,296.69,82.0,296.71,10.0,296.75,733.0
1753591940684,04:52:20.684,gateio,AAVE/USDT:USDT,296.7,745.0,296.69,82.0,296.71,10.0,296.74,4.0
1753591940887,04:52:20.887,gateio,AAVE/USDT:USDT,296.7,745.0,296.69,82.0,296.71,10.0,296.74,4.0
1753591940903,04:52:20.903,gateio,AAVE/USDT:USDT,296.7,745.0,296.69,82.0,296.71,10.0,296.74,4.0
1753591941132,04:52:21.132,gateio,AAVE/USDT:USDT,296.7,745.0,296.69,82.0,296.71,10.0,296.74,4.0
1753591942642,04:52:22.642,gateio,AAVE/USDT:USDT,296.7,745.0,296.69,82.0,296.71,10.0,296.74,4.0
1753591942761,04:52:22.761,gateio,AAVE/USDT:USDT,296.7,745.0,296.69,82.0,296.71,10.0,296.74,4.0
1753591942888,04:52:22.888,gateio,AAVE/USDT:USDT,296.75,66.0,296.72,676.0,296.76,249.0,296.77,830.0
1753591942965,04:52:22.965,gateio,AAVE/USDT:USDT,296.75,66.0,296.72,676.0,296.77,830.0,296.8,161.0
1753591943026,04:52:23.026,gateio,AAVE/USDT:USDT,296.75,66.0,296.74,781.0,296.77,830.0,296.8,161.0
1753591943195,04:52:23.195,gateio,AAVE/USDT:USDT,296.76,66.0,296.75,119.0,296.8,23.0,296.81,549.0
1753591943287,04:52:23.287,gateio,AAVE/USDT:USDT,296.79,66.0,296.78,766.0,296.8,27.0,296.82,821.0
1753591943385,04:52:23.385,gateio,AAVE/USDT:USDT,296.79,66.0,296.78,766.0,296.8,23.0,296.81,248.0
1753591943490,04:52:23.490,gateio,AAVE/USDT:USDT,296.79,66.0,296.78,766.0,296.8,23.0,296.81,246.0
1753591943557,04:52:23.557,gateio,AAVE/USDT:USDT,296.79,66.0,296.78,766.0,296.8,23.0,296.81,246.0
1753591943681,04:52:23.681,gateio,AAVE/USDT:USDT,296.79,66.0,296.78,766.0,296.8,23.0,296.81,246.0
1753591943763,04:52:23.763,gateio,AAVE/USDT:USDT,296.79,66.0,296.78,766.0,296.8,23.0,296.81,246.0
1753591943801,04:52:23.801,gateio,AAVE/USDT:USDT,296.79,66.0,296.78,766.0,296.8,23.0,296.81,246.0
1753591943984,04:52:23.984,gateio,AAVE/USDT:USDT,296.79,66.0,296.78,766.0,296.8,23.0,296.81,246.0
1753591944088,04:52:24.088,gateio,AAVE/USDT:USDT,296.74,119.0,296.71,95.0,296.8,767.0,296.81,41.0
1753591944191,04:52:24.191,gateio,AAVE/USDT:USDT,296.76,91.0,296.75,719.0,296.8,767.0,296.81,41.0
1753591944291,04:52:24.291,gateio,AAVE/USDT:USDT,296.79,66.0,296.77,803.0,296.8,767.0,296.81,41.0
1753591944321,04:52:24.321,gateio,AAVE/USDT:USDT,296.79,66.0,296.77,803.0,296.8,767.0,296.81,43.0
1753591944428,04:52:24.428,gateio,AAVE/USDT:USDT,296.79,66.0,296.77,803.0,296.8,767.0,296.81,43.0
1753591944583,04:52:24.583,gateio,AAVE/USDT:USDT,296.79,66.0,296.77,803.0,296.8,767.0,296.81,43.0
1753591944661,04:52:24.661,gateio,AAVE/USDT:USDT,296.79,66.0,296.77,803.0,296.8,767.0,296.81,43.0
1753591944782,04:52:24.782,gateio,AAVE/USDT:USDT,296.79,91.0,296.77,803.0,296.8,23.0,296.81,2.0
1753591944896,04:52:24.896,gateio,AAVE/USDT:USDT,296.79,91.0,296.77,803.0,296.8,23.0,296.82,788.0
1753591944907,04:52:24.907,gateio,AAVE/USDT:USDT,296.79,66.0,296.77,803.0,296.8,23.0,296.81,238.0
1753591945005,04:52:25.005,gateio,AAVE/USDT:USDT,296.79,66.0,296.77,803.0,296.8,23.0,296.81,236.0
1753591945295,04:52:25.295,gateio,AAVE/USDT:USDT,296.79,839.0,296.77,94.0,296.8,23.0,296.82,788.0
1753591945394,04:52:25.394,gateio,AAVE/USDT:USDT,296.79,839.0,296.77,94.0,296.8,23.0,296.81,2.0
1753591945497,04:52:25.497,gateio,AAVE/USDT:USDT,296.79,814.0,296.77,94.0,296.8,23.0,296.81,238.0
1753591945505,04:52:25.505,gateio,AAVE/USDT:USDT,296.79,814.0,296.77,94.0,296.8,23.0,296.81,236.0
1753591945697,04:52:25.697,gateio,AAVE/USDT:USDT,296.79,814.0,296.77,94.0,296.8,23.0,296.82,788.0
1753591945782,04:52:25.782,gateio,AAVE/USDT:USDT,296.79,839.0,296.77,94.0,296.8,23.0,296.81,2.0
1753591945891,04:52:25.891,gateio,AAVE/USDT:USDT,296.77,94.0,296.75,117.0,296.8,23.0,296.81,238.0
1753591945993,04:52:25.993,gateio,AAVE/USDT:USDT,296.77,66.0,296.76,25.0,296.8,23.0,296.81,320.0
1753591946041,04:52:26.041,gateio,AAVE/USDT:USDT,296.77,91.0,296.76,764.0,296.8,842.0,296.81,84.0
1753591946136,04:52:26.136,gateio,AAVE/USDT:USDT,296.77,91.0,296.76,764.0,296.8,842.0,296.81,82.0
1753591946282,04:52:26.282,gateio,AAVE/USDT:USDT,296.78,723.0,296.77,25.0,296.8,842.0,296.81,41.0
1753591946385,04:52:26.385,gateio,AAVE/USDT:USDT,296.79,25.0,296.78,723.0,296.8,23.0,296.81,41.0
1753591946496,04:52:26.496,gateio,AAVE/USDT:USDT,296.78,748.0,296.75,94.0,296.8,23.0,296.81,830.0
1753591946558,04:52:26.558,gateio,AAVE/USDT:USDT,296.78,748.0,296.75,94.0,296.8,23.0,296.81,828.0
1753591946646,04:52:26.646,gateio,AAVE/USDT:USDT,296.78,748.0,296.75,94.0,296.8,23.0,296.81,828.0
1753591946780,04:52:26.780,gateio,AAVE/USDT:USDT,296.78,748.0,296.75,94.0,296.8,23.0,296.81,828.0
1753591946949,04:52:26.949,gateio,AAVE/USDT:USDT,296.78,748.0,296.75,94.0,296.8,23.0,296.81,828.0
1753591947150,04:52:27.150,gateio,AAVE/USDT:USDT,296.78,748.0,296.75,94.0,296.8,23.0,296.81,828.0
1753591947520,04:52:27.520,gateio,AAVE/USDT:USDT,296.78,723.0,296.75,94.0,296.8,23.0,296.81,828.0
1753591947630,04:52:27.630,gateio,AAVE/USDT:USDT,296.78,748.0,296.75,94.0,296.8,23.0,296.81,828.0
1753591947702,04:52:27.702,gateio,AAVE/USDT:USDT,296.78,748.0,296.75,94.0,296.8,23.0,296.81,828.0
1753591947862,04:52:27.862,gateio,AAVE/USDT:USDT,296.78,748.0,296.75,94.0,296.8,23.0,296.81,787.0
1753591947969,04:52:27.969,gateio,AAVE/USDT:USDT,296.78,748.0,296.75,94.0,296.8,23.0,296.81,787.0
1753591948046,04:52:28.046,gateio,AAVE/USDT:USDT,296.78,748.0,296.75,94.0,296.8,23.0,296.81,787.0
1753591948298,04:52:28.298,gateio,AAVE/USDT:USDT,296.72,160.0,296.71,41.0,296.8,259.0,296.81,828.0
1753591948373,04:52:28.373,gateio,AAVE/USDT:USDT,296.77,66.0,296.75,736.0,296.79,829.0,296.8,23.0
1753591948482,04:52:28.482,gateio,AAVE/USDT:USDT,296.77,879.0,296.75,41.0,296.79,825.0,296.8,23.0
1753591948594,04:52:28.594,gateio,AAVE/USDT:USDT,296.77,879.0,296.75,41.0,296.79,825.0,296.8,23.0
1753591948681,04:52:28.681,gateio,AAVE/USDT:USDT,296.77,879.0,296.75,135.0,296.79,825.0,296.8,23.0
1753591948782,04:52:28.782,gateio,AAVE/USDT:USDT,296.77,879.0,296.75,135.0,296.79,825.0,296.8,23.0
1753591949006,04:52:29.006,gateio,AAVE/USDT:USDT,296.77,879.0,296.75,41.0,296.79,825.0,296.8,23.0
1753591949183,04:52:29.183,gateio,AAVE/USDT:USDT,296.77,879.0,296.73,135.0,296.79,825.0,296.8,23.0
1753591949263,04:52:29.263,gateio,AAVE/USDT:USDT,296.77,879.0,296.73,176.0,296.79,825.0,296.8,23.0
1753591949386,04:52:29.386,gateio,AAVE/USDT:USDT,296.74,25.0,296.69,94.0,296.79,825.0,296.8,64.0
1753591949487,04:52:29.487,gateio,AAVE/USDT:USDT,296.76,66.0,296.74,749.0,296.78,2.0,296.79,825.0
1753591949597,04:52:29.597,gateio,AAVE/USDT:USDT,296.78,66.0,296.76,676.0,296.79,825.0,296.8,23.0
1753591949681,04:52:29.681,gateio,AAVE/USDT:USDT,296.78,66.0,296.76,676.0,296.79,825.0,296.8,23.0
1753591949841,04:52:29.841,gateio,AAVE/USDT:USDT,296.78,66.0,296.76,676.0,296.79,825.0,296.8,23.0
1753591949996,04:52:29.996,gateio,AAVE/USDT:USDT,296.72,25.0,296.71,94.0,296.78,94.0,296.79,825.0
1753591950087,04:52:30.087,gateio,AAVE/USDT:USDT,296.76,66.0,296.74,719.0,296.77,755.0,296.8,64.0
1753591950197,04:52:30.197,gateio,AAVE/USDT:USDT,296.77,25.0,296.75,216.0,296.8,68.0,296.81,41.0
1753591950295,04:52:30.295,gateio,AAVE/USDT:USDT,296.78,66.0,296.76,746.0,296.8,772.0,296.82,135.0
1753591950342,04:52:30.342,gateio,AAVE/USDT:USDT,296.78,66.0,296.76,746.0,296.8,729.0,296.82,135.0
1753591950408,04:52:30.408,gateio,AAVE/USDT:USDT,296.78,66.0,296.76,746.0,296.8,729.0,296.82,135.0
1753591950678,04:52:30.678,gateio,AAVE/USDT:USDT,296.78,66.0,296.76,746.0,296.8,729.0,296.82,135.0
1753591950714,04:52:30.714,gateio,AAVE/USDT:USDT,296.78,66.0,296.76,746.0,296.8,729.0,296.82,135.0
1753591950986,04:52:30.986,gateio,AAVE/USDT:USDT,296.78,66.0,296.76,746.0,296.8,729.0,296.82,135.0
1753591951086,04:52:31.086,gateio,AAVE/USDT:USDT,296.79,91.0,296.78,820.0,296.8,23.0,296.87,431.0
1753591951185,04:52:31.185,gateio,AAVE/USDT:USDT,296.75,101.0,296.74,118.0,296.8,117.0,296.83,41.0
1753591951282,04:52:31.282,gateio,AAVE/USDT:USDT,296.75,25.0,296.74,94.0,296.79,724.0,296.8,23.0
1753591951343,04:52:31.343,gateio,AAVE/USDT:USDT,296.78,66.0,296.76,207.0,296.79,722.0,296.8,23.0
1753591951406,04:52:31.406,gateio,AAVE/USDT:USDT,296.78,66.0,296.76,207.0,296.79,722.0,296.8,25.0
1753591951551,04:52:31.551,gateio,AAVE/USDT:USDT,296.78,66.0,296.76,207.0,296.79,722.0,296.8,25.0
1753591951660,04:52:31.660,gateio,AAVE/USDT:USDT,296.78,66.0,296.76,207.0,296.79,722.0,296.8,25.0
1753591951986,04:52:31.986,gateio,AAVE/USDT:USDT,296.78,25.0,296.77,715.0,296.8,25.0,296.84,71.0
1753591952083,04:52:32.083,gateio,AAVE/USDT:USDT,296.79,768.0,296.75,129.0,296.8,23.0,296.82,826.0
1753591952130,04:52:32.130,gateio,AAVE/USDT:USDT,296.79,793.0,296.77,94.0,296.8,23.0,296.81,2.0
1753591952290,04:52:32.290,gateio,AAVE/USDT:USDT,296.75,119.0,296.74,135.0,296.8,23.0,296.81,250.0
1753591952396,04:52:32.396,gateio,AAVE/USDT:USDT,296.78,66.0,296.76,253.0,296.79,792.0,296.8,25.0
1753591952448,04:52:32.448,gateio,AAVE/USDT:USDT,296.78,66.0,296.76,253.0,296.79,792.0,296.8,23.0
1753591952502,04:52:32.502,gateio,AAVE/USDT:USDT,296.78,66.0,296.76,253.0,296.79,792.0,296.8,23.0
1753591952621,04:52:32.621,gateio,AAVE/USDT:USDT,296.78,66.0,296.76,253.0,296.79,792.0,296.8,23.0
1753591952788,04:52:32.788,gateio,AAVE/USDT:USDT,296.78,66.0,296.76,253.0,296.79,792.0,296.8,23.0
1753591952865,04:52:32.865,gateio,AAVE/USDT:USDT,296.78,66.0,296.76,253.0,296.79,792.0,296.8,23.0
1753591953158,04:52:33.158,gateio,AAVE/USDT:USDT,296.78,66.0,296.76,253.0,296.79,792.0,296.8,23.0
1753591953201,04:52:33.201,gateio,AAVE/USDT:USDT,296.78,66.0,296.76,253.0,296.79,792.0,296.8,23.0
1753591953302,04:52:33.302,gateio,AAVE/USDT:USDT,296.78,66.0,296.76,253.0,296.79,792.0,296.8,23.0
1753591953462,04:52:33.462,gateio,AAVE/USDT:USDT,296.76,253.0,296.75,749.0,296.79,792.0,296.8,23.0
1753591953506,04:52:33.506,gateio,AAVE/USDT:USDT,296.76,253.0,296.75,749.0,296.79,792.0,296.8,23.0
1753591953623,04:52:33.623,gateio,AAVE/USDT:USDT,296.76,253.0,296.75,749.0,296.79,792.0,296.8,23.0
1753591953761,04:52:33.761,gateio,AAVE/USDT:USDT,296.76,253.0,296.75,749.0,296.79,792.0,296.8,23.0
1753591953801,04:52:33.801,gateio,AAVE/USDT:USDT,296.76,253.0,296.75,749.0,296.79,792.0,296.8,23.0
1753591953941,04:52:33.941,gateio,AAVE/USDT:USDT,296.76,253.0,296.75,749.0,296.79,792.0,296.8,23.0
1753591954263,04:52:34.263,gateio,AAVE/USDT:USDT,296.76,253.0,296.75,749.0,296.79,792.0,296.8,23.0
1753591954303,04:52:34.303,gateio,AAVE/USDT:USDT,296.76,253.0,296.75,749.0,296.79,792.0,296.8,23.0
1753591954430,04:52:34.430,gateio,AAVE/USDT:USDT,296.76,253.0,296.75,749.0,296.79,792.0,296.8,23.0
1753591954589,04:52:34.589,gateio,AAVE/USDT:USDT,296.76,253.0,296.75,749.0,296.79,792.0,296.8,23.0
1753591954662,04:52:34.662,gateio,AAVE/USDT:USDT,296.76,253.0,296.75,749.0,296.79,792.0,296.8,23.0
1753591954990,04:52:34.990,gateio,AAVE/USDT:USDT,296.76,253.0,296.75,749.0,296.79,792.0,296.8,23.0
1753591955283,04:52:35.283,gateio,AAVE/USDT:USDT,296.77,66.0,296.76,253.0,296.79,792.0,296.8,23.0
1753591955393,04:52:35.393,gateio,AAVE/USDT:USDT,296.7,66.0,296.69,25.0,296.76,95.0,296.77,25.0
1753591955484,04:52:35.484,gateio,AAVE/USDT:USDT,296.71,212.0,296.7,708.0,296.74,754.0,296.75,4.0
1753591955589,04:52:35.589,gateio,AAVE/USDT:USDT,296.71,212.0,296.7,708.0,296.74,754.0,296.76,95.0
1753591955653,04:52:35.653,gateio,AAVE/USDT:USDT,296.71,212.0,296.7,708.0,296.74,754.0,296.76,95.0
1753591955791,04:52:35.791,gateio,AAVE/USDT:USDT,296.72,835.0,296.71,212.0,296.78,41.0,296.8,64.0
1753591955894,04:52:35.894,gateio,AAVE/USDT:USDT,296.73,25.0,296.72,835.0,296.77,766.0,296.78,95.0
1753591955977,04:52:35.977,gateio,AAVE/USDT:USDT,296.73,66.0,296.72,860.0,296.76,232.0,296.77,807.0
1753591956069,04:52:36.069,gateio,AAVE/USDT:USDT,296.73,66.0,296.72,835.0,296.76,230.0,296.77,807.0
1753591956161,04:52:36.161,gateio,AAVE/USDT:USDT,296.73,317.0,296.72,835.0,296.76,230.0,296.77,807.0
1753591956281,04:52:36.281,gateio,AAVE/USDT:USDT,296.72,835.0,296.71,41.0,296.75,781.0,296.77,41.0
1753591957190,04:52:37.190,gateio,AAVE/USDT:USDT,296.71,41.0,296.7,41.0,296.74,95.0,296.75,781.0
1753591957295,04:52:37.295,gateio,AAVE/USDT:USDT,296.68,142.0,296.67,136.0,296.74,95.0,296.75,781.0
1753591957379,04:52:37.379,gateio,AAVE/USDT:USDT,296.71,93.0,296.7,244.0,296.73,744.0,296.75,95.0
1753591957498,04:52:37.498,gateio,AAVE/USDT:USDT,296.71,902.0,296.7,244.0,296.73,740.0,296.75,95.0
1753591957522,04:52:37.522,gateio,AAVE/USDT:USDT,296.71,902.0,296.67,136.0,296.73,740.0,296.75,95.0
1753591957675,04:52:37.675,gateio,AAVE/USDT:USDT,296.71,902.0,296.67,136.0,296.73,740.0,296.78,95.0
1753591957709,04:52:37.709,gateio,AAVE/USDT:USDT,296.71,902.0,296.67,136.0,296.73,740.0,296.78,95.0
1753591957853,04:52:37.853,gateio,AAVE/USDT:USDT,296.71,902.0,296.67,136.0,296.73,740.0,296.78,95.0
1753591957901,04:52:37.901,gateio,AAVE/USDT:USDT,296.71,902.0,296.67,136.0,296.73,740.0,296.78,95.0
1753591958087,04:52:38.087,gateio,AAVE/USDT:USDT,296.71,902.0,296.67,136.0,296.73,740.0,296.76,41.0
1753591958197,04:52:38.197,gateio,AAVE/USDT:USDT,296.67,136.0,296.66,117.0,296.73,740.0,296.75,95.0
1753591958281,04:52:38.281,gateio,AAVE/USDT:USDT,296.7,66.0,296.67,66.0,296.72,4.0,296.73,740.0
1753591958352,04:52:38.352,gateio,AAVE/USDT:USDT,296.7,287.0,296.69,736.0,296.72,2.0,296.73,740.0
1753591958403,04:52:38.403,gateio,AAVE/USDT:USDT,296.7,287.0,296.69,736.0,296.72,2.0,296.73,740.0
1753591958530,04:52:38.530,gateio,AAVE/USDT:USDT,296.7,287.0,296.69,736.0,296.72,2.0,296.73,740.0
1753591958691,04:52:38.691,gateio,AAVE/USDT:USDT,296.7,287.0,296.69,736.0,296.72,2.0,296.73,740.0
1753591958768,04:52:38.768,gateio,AAVE/USDT:USDT,296.71,758.0,296.7,136.0,296.72,2.0,296.78,95.0
1753591958882,04:52:38.882,gateio,AAVE/USDT:USDT,296.73,825.0,296.71,120.0,296.76,804.0,296.77,4.0
1753591958977,04:52:38.977,gateio,AAVE/USDT:USDT,296.73,825.0,296.71,120.0,296.76,804.0,296.78,95.0
1753591959177,04:52:39.177,gateio,AAVE/USDT:USDT,296.73,825.0,296.71,120.0,296.76,804.0,296.78,95.0
1753591959230,04:52:39.230,gateio,AAVE/USDT:USDT,296.73,825.0,296.71,25.0,296.76,804.0,296.78,95.0
1753591959370,04:52:39.370,gateio,AAVE/USDT:USDT,296.73,825.0,296.71,25.0,296.76,804.0,296.78,95.0
1753591959494,04:52:39.494,gateio,AAVE/USDT:USDT,296.72,66.0,296.7,66.0,296.76,804.0,296.78,95.0
1753591959581,04:52:39.581,gateio,AAVE/USDT:USDT,296.73,66.0,296.72,211.0,296.75,2.0,296.76,804.0
1753591959696,04:52:39.696,gateio,AAVE/USDT:USDT,296.75,25.0,296.74,404.0,296.8,23.0,296.83,94.0
1753591959796,04:52:39.796,gateio,AAVE/USDT:USDT,296.78,808.0,296.76,72.0,296.8,23.0,296.81,247.0
1753591959887,04:52:39.887,gateio,AAVE/USDT:USDT,296.75,16.0,296.71,95.0,296.77,178.0,296.78,41.0
1753591959981,04:52:39.981,gateio,AAVE/USDT:USDT,296.75,16.0,296.72,740.0,296.76,805.0,296.77,178.0
1753591960087,04:52:40.087,gateio,AAVE/USDT:USDT,296.75,16.0,296.72,740.0,296.76,805.0,296.77,41.0
1753591960236,04:52:40.236,gateio,AAVE/USDT:USDT,296.75,16.0,296.72,740.0,296.76,805.0,296.77,41.0
1753591960364,04:52:40.364,gateio,AAVE/USDT:USDT,296.75,16.0,296.73,222.0,296.76,805.0,296.77,41.0
1753591960447,04:52:40.447,gateio,AAVE/USDT:USDT,296.75,16.0,296.74,2.0,296.76,805.0,296.77,41.0
1753591960505,04:52:40.505,gateio,AAVE/USDT:USDT,296.75,16.0,296.73,2.0,296.76,805.0,296.77,41.0
1753591960683,04:52:40.683,gateio,AAVE/USDT:USDT,296.75,16.0,296.73,2.0,296.76,805.0,296.77,41.0
1753591961194,04:52:41.194,gateio,AAVE/USDT:USDT,296.75,16.0,296.73,2.0,296.76,805.0,296.77,41.0
1753591961208,04:52:41.208,gateio,AAVE/USDT:USDT,296.75,16.0,296.69,2.0,296.76,830.0,296.77,41.0
1753591961341,04:52:41.341,gateio,AAVE/USDT:USDT,296.75,16.0,296.69,2.0,296.76,830.0,296.77,41.0
1753591961488,04:52:41.488,gateio,AAVE/USDT:USDT,296.69,814.0,296.65,135.0,296.72,229.0,296.73,764.0
1753591961559,04:52:41.559,gateio,AAVE/USDT:USDT,296.67,95.0,296.66,25.0,296.73,764.0,296.75,95.0
1753591961696,04:52:41.696,gateio,AAVE/USDT:USDT,296.71,66.0,296.69,233.0,296.72,2.0,296.73,764.0
1753591961787,04:52:41.787,gateio,AAVE/USDT:USDT,296.71,66.0,296.7,766.0,296.73,764.0,296.75,95.0
1753591961806,04:52:41.806,gateio,AAVE/USDT:USDT,296.71,66.0,296.7,764.0,296.73,764.0,296.75,95.0
1753591961918,04:52:41.918,gateio,AAVE/USDT:USDT,296.71,66.0,296.7,764.0,296.73,764.0,296.75,95.0
1753591962042,04:52:42.042,gateio,AAVE/USDT:USDT,296.71,66.0,296.7,764.0,296.73,764.0,296.75,95.0
1753591962184,04:52:42.184,gateio,AAVE/USDT:USDT,296.71,66.0,296.7,764.0,296.73,764.0,296.75,95.0
1753591962295,04:52:42.295,gateio,AAVE/USDT:USDT,296.71,91.0,296.7,764.0,296.77,95.0,296.79,95.0
1753591962398,04:52:42.398,gateio,AAVE/USDT:USDT,296.73,773.0,296.71,231.0,296.76,251.0,296.77,836.0
1753591962481,04:52:42.481,gateio,AAVE/USDT:USDT,296.75,66.0,296.73,773.0,296.77,836.0,296.79,95.0
1753591962534,04:52:42.534,gateio,AAVE/USDT:USDT,296.75,66.0,296.74,2.0,296.77,836.0,296.79,95.0
1753591962645,04:52:42.645,gateio,AAVE/USDT:USDT,296.75,66.0,296.74,2.0,296.77,836.0,296.79,95.0
1753591962793,04:52:42.793,gateio,AAVE/USDT:USDT,296.75,66.0,296.74,2.0,296.77,836.0,296.79,95.0
1753591962883,04:52:42.883,gateio,AAVE/USDT:USDT,296.74,2.0,296.7,76.0,296.76,251.0,296.77,877.0
1753591962946,04:52:42.946,gateio,AAVE/USDT:USDT,296.7,2.0,296.69,95.0,296.76,276.0,296.77,877.0
1753591963061,04:52:43.061,gateio,AAVE/USDT:USDT,296.72,66.0,296.7,810.0,296.74,828.0,296.75,2.0
1753591963183,04:52:43.183,gateio,AAVE/USDT:USDT,296.72,66.0,296.71,2.0,296.74,828.0,296.77,41.0
1753591963286,04:52:43.286,gateio,AAVE/USDT:USDT,296.72,66.0,296.71,2.0,296.74,828.0,296.77,41.0
1753591963364,04:52:43.364,gateio,AAVE/USDT:USDT,296.72,923.0,296.71,2.0,296.78,41.0,296.79,136.0
1753591963472,04:52:43.472,gateio,AAVE/USDT:USDT,296.74,66.0,296.73,2.0,296.76,220.0,296.77,734.0
1753591963596,04:52:43.596,gateio,AAVE/USDT:USDT,296.74,763.0,296.73,2.0,296.76,220.0,296.77,734.0
1753591963684,04:52:43.684,gateio,AAVE/USDT:USDT,296.74,763.0,296.69,95.0,296.76,220.0,296.77,734.0
1753591963702,04:52:43.702,gateio,AAVE/USDT:USDT,296.74,763.0,296.69,95.0,296.76,220.0,296.77,734.0
1753591963918,04:52:43.918,gateio,AAVE/USDT:USDT,296.74,763.0,296.69,95.0,296.76,220.0,296.77,734.0
1753591964188,04:52:44.188,gateio,AAVE/USDT:USDT,296.7,25.0,296.69,95.0,296.76,220.0,296.77,775.0
1753591964281,04:52:44.281,gateio,AAVE/USDT:USDT,296.73,66.0,296.71,777.0,296.75,754.0,296.77,41.0
1753591964397,04:52:44.397,gateio,AAVE/USDT:USDT,296.73,821.0,296.72,2.0,296.75,752.0,296.77,41.0
1753591964405,04:52:44.405,gateio,AAVE/USDT:USDT,296.73,821.0,296.7,92.0,296.75,752.0,296.77,41.0
1753591964589,04:52:44.589,gateio,AAVE/USDT:USDT,296.73,821.0,296.7,92.0,296.75,752.0,296.77,41.0
1753591964820,04:52:44.820,gateio,AAVE/USDT:USDT,296.73,821.0,296.7,92.0,296.75,752.0,296.77,41.0
1753591965021,04:52:45.021,gateio,AAVE/USDT:USDT,296.73,821.0,296.7,92.0,296.75,752.0,296.77,41.0
1753591965186,04:52:45.186,gateio,AAVE/USDT:USDT,296.73,821.0,296.7,92.0,296.75,752.0,296.77,41.0
1753591965362,04:52:45.362,gateio,AAVE/USDT:USDT,296.7,92.0,296.67,136.0,296.75,752.0,296.77,41.0
1753591965442,04:52:45.442,gateio,AAVE/USDT:USDT,296.73,66.0,296.72,765.0,296.74,2.0,296.75,752.0
1753591965562,04:52:45.562,gateio,AAVE/USDT:USDT,296.74,66.0,296.72,765.0,296.75,752.0,296.77,41.0
1753591965640,04:52:45.640,gateio,AAVE/USDT:USDT,296.74,66.0,296.73,2.0,296.75,752.0,296.77,43.0
1753591965874,04:52:45.874,gateio,AAVE/USDT:USDT,296.75,66.0,296.73,94.0,296.77,2.0,296.78,41.0
1753591965980,04:52:45.980,gateio,AAVE/USDT:USDT,296.75,66.0,296.73,2.0,296.78,41.0,296.79,115.0
1753591966055,04:52:46.055,gateio,AAVE/USDT:USDT,296.75,66.0,296.73,2.0,296.78,41.0,296.79,115.0
1753591966193,04:52:46.193,gateio,AAVE/USDT:USDT,296.78,99.0,296.75,806.0,296.79,840.0,296.8,23.0
1753591966263,04:52:46.263,gateio,AAVE/USDT:USDT,296.78,99.0,296.76,2.0,296.79,838.0,296.8,23.0
1753591966301,04:52:46.301,gateio,AAVE/USDT:USDT,296.78,99.0,296.76,2.0,296.79,838.0,296.8,23.0
1753591966472,04:52:46.472,gateio,AAVE/USDT:USDT,296.78,99.0,296.76,2.0,296.79,838.0,296.8,23.0
1753591966695,04:52:46.695,gateio,AAVE/USDT:USDT,296.78,99.0,296.76,2.0,296.79,838.0,296.8,23.0
1753591966891,04:52:46.891,gateio,AAVE/USDT:USDT,296.78,99.0,296.76,2.0,296.79,838.0,296.8,23.0
1753591967042,04:52:47.042,gateio,AAVE/USDT:USDT,296.78,99.0,296.76,2.0,296.79,838.0,296.8,91.0
1753591967197,04:52:47.197,gateio,AAVE/USDT:USDT,296.79,66.0,296.76,244.0,296.8,23.0,296.83,135.0
1753591967292,04:52:47.292,gateio,AAVE/USDT:USDT,296.79,66.0,296.78,830.0,296.8,23.0,296.82,732.0
1753591967321,04:52:47.321,gateio,AAVE/USDT:USDT,296.79,66.0,296.78,830.0,296.8,23.0,296.81,222.0
1753591967466,04:52:47.466,gateio,AAVE/USDT:USDT,296.79,66.0,296.78,830.0,296.8,23.0,296.81,220.0
1753591967502,04:52:47.502,gateio,AAVE/USDT:USDT,296.79,66.0,296.78,830.0,296.8,23.0,296.81,220.0
1753591967657,04:52:47.657,gateio,AAVE/USDT:USDT,296.79,66.0,296.78,830.0,296.8,23.0,296.81,220.0
1753591967722,04:52:47.722,gateio,AAVE/USDT:USDT,296.79,66.0,296.78,830.0,296.8,23.0,296.81,220.0
1753591968093,04:52:48.093,gateio,AAVE/USDT:USDT,296.79,91.0,296.78,830.0,296.8,23.0,296.87,94.0
1753591968196,04:52:48.196,gateio,AAVE/USDT:USDT,296.79,66.0,296.78,830.0,296.8,23.0,296.83,241.0
1753591968230,04:52:48.230,gateio,AAVE/USDT:USDT,296.79,66.0,296.78,830.0,296.8,23.0,296.82,2.0
1753591968807,04:52:48.807,gateio,AAVE/USDT:USDT,296.79,158.0,296.78,830.0,296.8,23.0,296.82,2.0
1753591968952,04:52:48.952,gateio,AAVE/USDT:USDT,296.79,158.0,296.78,830.0,296.8,23.0,296.82,2.0
1753591969389,04:52:49.389,gateio,AAVE/USDT:USDT,296.79,158.0,296.78,830.0,296.8,23.0,296.82,2.0
1753591969402,04:52:49.402,gateio,AAVE/USDT:USDT,296.79,158.0,296.78,830.0,296.8,23.0,296.82,2.0
1753591969581,04:52:49.581,gateio,AAVE/USDT:USDT,296.79,66.0,296.78,830.0,296.8,23.0,296.82,804.0
1753591969695,04:52:49.695,gateio,AAVE/USDT:USDT,296.79,66.0,296.78,830.0,296.8,23.0,296.82,804.0
1753591969702,04:52:49.702,gateio,AAVE/USDT:USDT,296.79,66.0,296.78,830.0,296.8,23.0,296.81,241.0
1753591969806,04:52:49.806,gateio,AAVE/USDT:USDT,296.79,66.0,296.78,830.0,296.8,23.0,296.81,241.0
1753591970022,04:52:50.022,gateio,AAVE/USDT:USDT,296.79,66.0,296.78,830.0,296.8,23.0,296.81,241.0
1753591970176,04:52:50.176,gateio,AAVE/USDT:USDT,296.79,66.0,296.78,830.0,296.8,23.0,296.81,241.0
1753591970290,04:52:50.290,gateio,AAVE/USDT:USDT,296.79,66.0,296.78,830.0,296.8,23.0,296.85,82.0
1753591970394,04:52:50.394,gateio,AAVE/USDT:USDT,296.79,91.0,296.78,830.0,296.8,23.0,296.85,82.0
1753591970442,04:52:50.442,gateio,AAVE/USDT:USDT,296.79,66.0,296.78,830.0,296.8,23.0,296.83,221.0
1753591970505,04:52:50.505,gateio,AAVE/USDT:USDT,296.79,66.0,296.78,830.0,296.8,23.0,296.82,2.0
1753591970787,04:52:50.787,gateio,AAVE/USDT:USDT,296.78,830.0,296.75,66.0,296.8,23.0,296.82,848.0
1753591970803,04:52:50.803,gateio,AAVE/USDT:USDT,296.78,830.0,296.75,66.0,296.8,23.0,296.81,254.0
1753591970991,04:52:50.991,gateio,AAVE/USDT:USDT,296.78,830.0,296.75,66.0,296.8,23.0,296.81,254.0
1753591971022,04:52:51.022,gateio,AAVE/USDT:USDT,296.78,830.0,296.75,66.0,296.8,23.0,296.81,254.0
1753591971195,04:52:51.195,gateio,AAVE/USDT:USDT,296.78,830.0,296.75,66.0,296.8,23.0,296.81,254.0
1753591971207,04:52:51.207,gateio,AAVE/USDT:USDT,296.78,830.0,296.75,66.0,296.8,23.0,296.81,254.0
1753591971391,04:52:51.391,gateio,AAVE/USDT:USDT,296.78,830.0,296.75,66.0,296.8,23.0,296.81,254.0
1753591971422,04:52:51.422,gateio,AAVE/USDT:USDT,296.78,830.0,296.76,92.0,296.8,23.0,296.81,254.0
1753591971721,04:52:51.721,gateio,AAVE/USDT:USDT,296.78,830.0,296.76,92.0,296.8,23.0,296.81,254.0
