timestamp,time,exchange,symbol,bid1_price,bid1_volume,bid2_price,bid2_volume,ask1_price,ask1_volume,ask2_price,ask2_volume
1753591897696,04:51:37.696,phemex,ADA/USDT:USDT,0.8314,1501.41,0.8313,3838.98,0.8317,625.52,0.8318,1703.49
1753591897732,04:51:37.732,phemex,ADA/USDT:USDT,0.8314,1501.41,0.8313,3226.67,0.8317,625.52,0.8318,1703.49
1753591898275,04:51:38.275,phemex,ADA/USDT:USDT,0.8315,514.93,0.8314,1501.41,0.8317,625.52,0.8318,1703.49
1753591899029,04:51:39.029,phemex,ADA/USDT:USDT,0.8315,514.93,0.8314,1501.41,0.8317,625.52,0.8318,2715.97
1753591899502,04:51:39.502,phemex,ADA/USDT:USDT,0.8315,514.93,0.8314,1501.41,0.8317,625.52,0.8318,1538.72
1753591899528,04:51:39.528,phemex,ADA/USDT:USDT,0.8315,514.93,0.8314,1501.41,0.8317,526.85,0.8318,1538.72
1753591899542,04:51:39.542,phemex,ADA/USDT:USDT,0.8316,12500.0,0.8315,514.93,0.8318,1538.72,0.8319,1924.38
1753591899570,04:51:39.570,phemex,ADA/USDT:USDT,0.8315,514.93,0.8314,2113.72,0.8318,1538.72,0.8319,1924.38
1753591899582,04:51:39.582,phemex,ADA/USDT:USDT,0.8315,514.93,0.8314,1501.41,0.8318,1538.72,0.8319,1924.38
1753591899604,04:51:39.604,phemex,ADA/USDT:USDT,0.8317,514.93,0.8315,514.93,0.8319,1484.15,0.832,529.05
1753591899633,04:51:39.633,phemex,ADA/USDT:USDT,0.8317,514.93,0.8315,1127.24,0.8319,1385.48,0.832,529.05
1753591899648,04:51:39.648,phemex,ADA/USDT:USDT,0.8317,514.93,0.8315,1127.24,0.8319,851.8,0.832,529.05
1753591899733,04:51:39.733,phemex,ADA/USDT:USDT,0.8316,514.93,0.8315,587.03,0.8319,851.8,0.832,529.05
1753591899888,04:51:39.888,phemex,ADA/USDT:USDT,0.8316,514.93,0.8315,514.93,0.8321,1968.06,0.8322,1837.0
1753591900002,04:51:40.002,phemex,ADA/USDT:USDT,0.8319,514.93,0.8316,72.1,0.8321,1968.06,0.8322,1837.0
1753591900020,04:51:40.020,phemex,ADA/USDT:USDT,0.8319,514.93,0.8315,1127.16,0.8321,1968.06,0.8322,1837.0
1753591900039,04:51:40.039,phemex,ADA/USDT:USDT,0.8316,612.23,0.8315,1127.16,0.8321,1968.06,0.8322,1837.0
1753591900063,04:51:40.063,phemex,ADA/USDT:USDT,0.8319,514.93,0.8315,514.93,0.8321,1968.06,0.8322,1837.0
1753591900081,04:51:40.081,phemex,ADA/USDT:USDT,0.8319,514.93,0.8316,612.23,0.8321,1968.06,0.8322,1837.0
1753591900099,04:51:40.099,phemex,ADA/USDT:USDT,0.8319,514.93,0.8316,612.23,0.8321,1968.06,0.8322,1837.0
1753591900192,04:51:40.192,phemex,ADA/USDT:USDT,0.8319,514.93,0.8316,612.23,0.8321,1968.06,0.8322,1837.0
1753591900222,04:51:40.222,phemex,ADA/USDT:USDT,0.8319,514.93,0.8316,612.23,0.8321,1968.06,0.8322,1837.0
1753591900323,04:51:40.323,phemex,ADA/USDT:USDT,0.8319,514.93,0.8316,612.23,0.8321,1968.06,0.8322,1837.0
1753591900330,04:51:40.330,phemex,ADA/USDT:USDT,0.8319,514.93,0.8316,612.23,0.8321,1968.06,0.8322,1837.0
1753591901206,04:51:41.206,phemex,ADA/USDT:USDT,0.8319,1795.78,0.8317,1030.64,0.8321,1968.06,0.8322,1837.0
1753591901227,04:51:41.227,phemex,ADA/USDT:USDT,0.8319,1795.78,0.8317,1545.57,0.8321,1968.06,0.8322,1837.0
1753591901307,04:51:41.307,phemex,ADA/USDT:USDT,0.8319,1795.78,0.8317,1545.57,0.8321,1968.06,0.8322,1837.0
1753591901337,04:51:41.337,phemex,ADA/USDT:USDT,0.8319,1795.78,0.8317,1545.57,0.8321,1968.06,0.8322,1837.0
1753591901417,04:51:41.417,phemex,ADA/USDT:USDT,0.8319,1280.85,0.8318,514.93,0.8321,1968.06,0.8322,1837.0
1753591901906,04:51:41.906,phemex,ADA/USDT:USDT,0.8319,1795.78,0.8318,514.93,0.8321,1968.06,0.8322,1837.0
1753591902010,04:51:42.010,phemex,ADA/USDT:USDT,0.8319,1795.78,0.8318,514.93,0.8321,1968.06,0.8322,1837.0
1753591902056,04:51:42.056,phemex,ADA/USDT:USDT,0.8319,1795.78,0.8318,514.93,0.8321,1968.06,0.8322,1837.0
1753591903424,04:51:43.424,phemex,ADA/USDT:USDT,0.832,514.93,0.8319,1795.78,0.8321,1968.06,0.8322,1837.0
1753591903431,04:51:43.431,phemex,ADA/USDT:USDT,0.832,514.93,0.8319,1795.78,0.8321,1968.06,0.8322,1837.0
1753591903457,04:51:43.457,phemex,ADA/USDT:USDT,0.832,514.93,0.8319,1795.78,0.8321,1968.06,0.8322,2851.49
1753591903506,04:51:43.506,phemex,ADA/USDT:USDT,0.832,514.93,0.8319,1795.78,0.8321,1968.06,0.8322,2851.49
1753591903510,04:51:43.510,phemex,ADA/USDT:USDT,0.832,514.93,0.8319,1795.78,0.8321,1968.06,0.8322,2851.49
1753591903644,04:51:43.644,phemex,ADA/USDT:USDT,0.832,514.93,0.8319,1795.78,0.8321,1439.01,0.8322,2851.49
1753591903656,04:51:43.656,phemex,ADA/USDT:USDT,0.832,514.93,0.8319,1795.78,0.8321,1439.01,0.8322,2851.49
1753591903686,04:51:43.686,phemex,ADA/USDT:USDT,0.832,514.93,0.8319,1795.78,0.8322,537.53,0.8323,627.72
1753591903696,04:51:43.696,phemex,ADA/USDT:USDT,0.832,514.93,0.8319,1795.78,0.8322,537.53,0.8323,529.05
1753591903718,04:51:43.718,phemex,ADA/USDT:USDT,0.832,514.93,0.8319,1795.78,0.8322,537.53,0.8323,529.05
1753591904431,04:51:44.431,phemex,ADA/USDT:USDT,0.832,514.93,0.8319,1795.78,0.8322,534.77,0.8323,529.05
1753591904567,04:51:44.567,phemex,ADA/USDT:USDT,0.832,514.93,0.8319,1795.78,0.8322,534.77,0.8323,529.05
1753591904684,04:51:44.684,phemex,ADA/USDT:USDT,0.832,514.93,0.8319,1795.78,0.8322,534.77,0.8323,529.05
1753591904760,04:51:44.760,phemex,ADA/USDT:USDT,0.832,514.93,0.8319,1795.78,0.8322,534.77,0.8323,529.05
1753591904787,04:51:44.787,phemex,ADA/USDT:USDT,0.832,514.93,0.8319,1795.78,0.8322,534.77,0.8323,529.05
1753591904790,04:51:44.790,phemex,ADA/USDT:USDT,0.832,514.93,0.8319,1795.78,0.8322,534.77,0.8323,529.05
1753591905123,04:51:45.123,phemex,ADA/USDT:USDT,0.832,514.93,0.8319,1795.78,0.8322,534.77,0.8323,529.05
1753591905139,04:51:45.139,phemex,ADA/USDT:USDT,0.832,514.93,0.8319,1795.78,0.8322,534.77,0.8323,529.05
1753591905274,04:51:45.274,phemex,ADA/USDT:USDT,0.832,514.93,0.8319,1795.78,0.8322,534.77,0.8323,529.05
1753591905350,04:51:45.350,phemex,ADA/USDT:USDT,0.832,514.93,0.8319,1795.78,0.8322,534.77,0.8323,529.05
1753591905893,04:51:45.893,phemex,ADA/USDT:USDT,0.832,514.93,0.8319,1795.78,0.8322,534.77,0.8323,529.05
1753591905932,04:51:45.932,phemex,ADA/USDT:USDT,0.832,514.93,0.8319,1795.78,0.8322,534.77,0.8323,529.05
1753591906262,04:51:46.262,phemex,ADA/USDT:USDT,0.832,514.93,0.8319,1795.78,0.8322,534.77,0.8323,529.05
1753591906436,04:51:46.436,phemex,ADA/USDT:USDT,0.832,514.93,0.8319,1795.78,0.8322,534.77,0.8323,529.05
1753591906475,04:51:46.475,phemex,ADA/USDT:USDT,0.832,514.93,0.8319,1795.78,0.8322,534.77,0.8323,529.05
1753591906568,04:51:46.568,phemex,ADA/USDT:USDT,0.832,514.93,0.8319,1795.78,0.8322,534.77,0.8323,529.05
1753591906685,04:51:46.685,phemex,ADA/USDT:USDT,0.832,514.93,0.8319,1795.78,0.8322,534.77,0.8323,529.05
1753591908029,04:51:48.029,phemex,ADA/USDT:USDT,0.832,514.93,0.8319,1795.78,0.8322,534.77,0.8323,529.05
1753591908858,04:51:48.858,phemex,ADA/USDT:USDT,0.832,514.93,0.8319,1795.78,0.8322,534.77,0.8323,3937.04
1753591909931,04:51:49.931,phemex,ADA/USDT:USDT,0.832,514.93,0.8319,1795.78,0.8322,534.77,0.8323,3937.04
1753591910122,04:51:50.122,phemex,ADA/USDT:USDT,0.832,514.93,0.8319,1795.78,0.8322,534.77,0.8323,3937.04
1753591910157,04:51:50.157,phemex,ADA/USDT:USDT,0.832,514.93,0.8319,1795.78,0.8322,534.77,0.8323,3937.04
1753591910856,04:51:50.856,phemex,ADA/USDT:USDT,0.832,514.93,0.8319,1795.78,0.8322,534.77,0.8323,3937.04
1753591910883,04:51:50.883,phemex,ADA/USDT:USDT,0.832,514.93,0.8319,1795.78,0.8322,534.77,0.8323,3937.04
1753591911736,04:51:51.736,phemex,ADA/USDT:USDT,0.8319,514.93,0.8318,1825.38,0.8322,633.44,0.8323,3937.04
1753591911754,04:51:51.754,phemex,ADA/USDT:USDT,0.8319,514.93,0.8318,1825.38,0.8322,633.44,0.8323,3937.04
1753591911792,04:51:51.792,phemex,ADA/USDT:USDT,0.8319,514.93,0.8318,1825.38,0.8322,633.44,0.8323,3937.04
1753591911810,04:51:51.810,phemex,ADA/USDT:USDT,0.8319,514.93,0.8318,1825.38,0.8322,633.44,0.8323,3937.04
1753591911825,04:51:51.825,phemex,ADA/USDT:USDT,0.8318,1825.38,0.8317,1545.57,0.8322,633.44,0.8323,3937.04
1753591911880,04:51:51.880,phemex,ADA/USDT:USDT,0.8318,1825.38,0.8317,1545.57,0.8322,633.44,0.8323,3937.04
1753591911951,04:51:51.951,phemex,ADA/USDT:USDT,0.8319,513.27,0.8318,1825.38,0.8322,633.44,0.8323,3937.04
1753591912046,04:51:52.046,phemex,ADA/USDT:USDT,0.8319,513.27,0.8318,1825.38,0.8322,534.77,0.8323,3937.04
1753591912112,04:51:52.112,phemex,ADA/USDT:USDT,0.8319,513.27,0.8318,1825.38,0.8322,534.77,0.8323,3937.04
1753591912242,04:51:52.242,phemex,ADA/USDT:USDT,0.8319,513.27,0.8318,1825.38,0.8322,534.77,0.8323,3937.04
1753591912319,04:51:52.319,phemex,ADA/USDT:USDT,0.8319,513.27,0.8318,1825.38,0.8322,534.77,0.8323,3937.04
1753591912346,04:51:52.346,phemex,ADA/USDT:USDT,0.8319,513.27,0.8318,1825.38,0.8322,534.77,0.8323,3937.04
1753591914048,04:51:54.048,phemex,ADA/USDT:USDT,0.8319,513.27,0.8318,1825.38,0.8321,1017.3,0.8322,1818.62
1753591914126,04:51:54.126,phemex,ADA/USDT:USDT,0.832,12500.0,0.8319,513.27,0.8321,1530.57,0.8322,1818.62
1753591914176,04:51:54.176,phemex,ADA/USDT:USDT,0.832,12500.0,0.8319,513.27,0.8321,1530.57,0.8322,1818.62
1753591914704,04:51:54.704,phemex,ADA/USDT:USDT,0.832,12500.0,0.8319,513.27,0.8321,1530.57,0.8322,1818.62
1753591915198,04:51:55.198,phemex,ADA/USDT:USDT,0.832,12500.0,0.8319,513.27,0.8321,1530.57,0.8322,1818.62
1753591916038,04:51:56.038,phemex,ADA/USDT:USDT,0.8319,513.27,0.8318,1825.38,0.8321,1530.57,0.8322,1818.62
1753591916057,04:51:56.057,phemex,ADA/USDT:USDT,0.8319,513.27,0.8318,1825.38,0.8321,1530.57,0.8322,1818.62
1753591916672,04:51:56.672,phemex,ADA/USDT:USDT,0.8318,1825.38,0.8317,2157.54,0.8321,1530.57,0.8322,1818.62
1753591916691,04:51:56.691,phemex,ADA/USDT:USDT,0.8318,1825.38,0.8317,1545.57,0.8321,1530.57,0.8322,1818.62
1753591916725,04:51:56.725,phemex,ADA/USDT:USDT,0.8318,1825.38,0.8317,1545.57,0.8321,1530.57,0.8322,1818.62
1753591916805,04:51:56.805,phemex,ADA/USDT:USDT,0.8319,513.27,0.8318,1825.38,0.8321,1530.57,0.8322,1818.62
1753591917267,04:51:57.267,phemex,ADA/USDT:USDT,0.8318,1825.38,0.8317,1545.57,0.8321,1530.57,0.8322,1818.62
1753591917289,04:51:57.289,phemex,ADA/USDT:USDT,0.8319,513.27,0.8318,1825.38,0.8321,1530.57,0.8322,1818.62
1753591917391,04:51:57.391,phemex,ADA/USDT:USDT,0.8319,513.26,0.8318,1825.38,0.832,513.27,0.8321,1530.57
1753591917428,04:51:57.428,phemex,ADA/USDT:USDT,0.8319,513.26,0.8318,1825.38,0.832,1184.78,0.8321,1530.57
1753591917428,04:51:57.428,phemex,ADA/USDT:USDT,0.8319,513.26,0.8318,1825.38,0.832,1184.78,0.8321,1530.57
1753591917514,04:51:57.514,phemex,ADA/USDT:USDT,0.8319,513.26,0.8318,1825.38,0.832,1184.78,0.8321,1530.57
1753591917521,04:51:57.521,phemex,ADA/USDT:USDT,0.8319,513.26,0.8318,1825.38,0.832,1184.78,0.8321,1530.57
1753591918043,04:51:58.043,phemex,ADA/USDT:USDT,0.8319,513.26,0.8318,1825.38,0.832,513.27,0.8321,1530.57
1753591918237,04:51:58.237,phemex,ADA/USDT:USDT,0.8318,1825.38,0.8317,1545.57,0.832,513.27,0.8321,1530.57
1753591918622,04:51:58.622,phemex,ADA/USDT:USDT,0.8319,519.5,0.8318,1825.38,0.832,513.27,0.8321,1530.57
1753591918686,04:51:58.686,phemex,ADA/USDT:USDT,0.8318,1825.38,0.8317,1545.57,0.832,513.27,0.8321,1530.57
1753591919132,04:51:59.132,phemex,ADA/USDT:USDT,0.8318,1825.38,0.8317,1545.57,0.832,513.27,0.8321,2504.46
1753591919505,04:51:59.505,phemex,ADA/USDT:USDT,0.8319,519.5,0.8318,1825.38,0.832,513.27,0.8321,2504.46
1753591919535,04:51:59.535,phemex,ADA/USDT:USDT,0.8318,1825.38,0.8317,1545.57,0.832,513.27,0.8321,2504.46
1753591919663,04:51:59.663,phemex,ADA/USDT:USDT,0.8319,519.5,0.8318,1825.38,0.832,513.27,0.8321,2504.46
1753591919686,04:51:59.686,phemex,ADA/USDT:USDT,0.8319,519.5,0.8318,1825.38,0.832,513.27,0.8321,2504.46
1753591919731,04:51:59.731,phemex,ADA/USDT:USDT,0.8319,519.5,0.8318,1825.38,0.832,513.27,0.8321,2504.46
1753591919809,04:51:59.809,phemex,ADA/USDT:USDT,0.8318,1825.38,0.8317,1545.57,0.832,513.27,0.8321,2504.46
1753591920026,04:52:00.026,phemex,ADA/USDT:USDT,0.8318,1825.38,0.8317,1545.57,0.832,513.27,0.8321,2504.46
1753591920029,04:52:00.029,phemex,ADA/USDT:USDT,0.8318,1825.38,0.8317,1545.57,0.832,513.27,0.8321,2504.46
1753591920388,04:52:00.388,phemex,ADA/USDT:USDT,0.8319,519.5,0.8318,1825.38,0.832,513.27,0.8321,2504.46
1753591920398,04:52:00.398,phemex,ADA/USDT:USDT,0.8318,1825.38,0.8317,1545.57,0.832,1184.78,0.8321,2504.46
1753591920427,04:52:00.427,phemex,ADA/USDT:USDT,0.8318,1825.38,0.8317,1545.57,0.8319,519.5,0.832,1184.78
1753591920446,04:52:00.446,phemex,ADA/USDT:USDT,0.8318,14325.38,0.8317,1545.57,0.8319,519.5,0.832,513.27
1753591920459,04:52:00.459,phemex,ADA/USDT:USDT,0.8318,14325.38,0.8317,1545.57,0.8319,519.5,0.832,513.27
1753591920506,04:52:00.506,phemex,ADA/USDT:USDT,0.8318,14325.38,0.8317,1545.57,0.8319,519.5,0.832,513.27
1753591920608,04:52:00.608,phemex,ADA/USDT:USDT,0.8318,14325.38,0.8317,1545.57,0.832,513.27,0.8321,9073.74
1753591920622,04:52:00.622,phemex,ADA/USDT:USDT,0.8318,1825.38,0.8317,1545.57,0.832,513.27,0.8321,2504.46
1753591920638,04:52:00.638,phemex,ADA/USDT:USDT,0.8318,1825.38,0.8317,1545.57,0.832,513.27,0.8321,2504.46
1753591921194,04:52:01.194,phemex,ADA/USDT:USDT,0.8319,519.5,0.8318,1825.38,0.832,513.27,0.8321,2504.46
1753591921261,04:52:01.261,phemex,ADA/USDT:USDT,0.8318,1825.38,0.8317,1545.57,0.832,513.27,0.8321,2504.46
1753591921389,04:52:01.389,phemex,ADA/USDT:USDT,0.8319,519.5,0.8318,1825.38,0.832,513.27,0.8321,2504.46
1753591921473,04:52:01.473,phemex,ADA/USDT:USDT,0.8319,519.5,0.8318,1825.38,0.832,513.27,0.8321,2504.46
1753591921496,04:52:01.496,phemex,ADA/USDT:USDT,0.8319,13019.5,0.8318,1825.38,0.8321,2504.46,0.8322,12567.07
1753591921516,04:52:01.516,phemex,ADA/USDT:USDT,0.8319,519.5,0.8318,1825.38,0.8321,2504.46,0.8322,1917.29
1753591921528,04:52:01.528,phemex,ADA/USDT:USDT,0.8319,519.5,0.8318,1825.38,0.8321,1991.19,0.8322,1917.29
1753591921554,04:52:01.554,phemex,ADA/USDT:USDT,0.8319,519.5,0.8318,1825.38,0.8322,1917.29,0.8323,18713.94
1753591921576,04:52:01.576,phemex,ADA/USDT:USDT,0.8319,519.5,0.8318,1825.38,0.8321,519.5,0.8322,1818.62
1753591921588,04:52:01.588,phemex,ADA/USDT:USDT,0.832,519.5,0.8319,519.5,0.8321,519.5,0.8322,1818.62
1753591921610,04:52:01.610,phemex,ADA/USDT:USDT,0.832,519.5,0.8319,519.5,0.8321,519.5,0.8322,1818.62
1753591921633,04:52:01.633,phemex,ADA/USDT:USDT,0.832,519.5,0.8319,519.5,0.8321,519.5,0.8322,1818.62
1753591921652,04:52:01.652,phemex,ADA/USDT:USDT,0.832,519.5,0.8319,519.5,0.8321,519.5,0.8322,1818.62
1753591921664,04:52:01.664,phemex,ADA/USDT:USDT,0.832,519.5,0.8319,519.5,0.8321,519.5,0.8322,1818.62
1753591921725,04:52:01.725,phemex,ADA/USDT:USDT,0.8319,519.5,0.8318,2437.46,0.8321,519.5,0.8322,1818.62
1753591921750,04:52:01.750,phemex,ADA/USDT:USDT,0.8319,519.5,0.8318,1825.38,0.8322,1818.62,0.8323,18714.05
1753591921771,04:52:01.771,phemex,ADA/USDT:USDT,0.832,519.5,0.8319,519.5,0.8322,1818.62,0.8323,12144.94
1753591921814,04:52:01.814,phemex,ADA/USDT:USDT,0.832,519.5,0.8319,519.5,0.8322,1818.62,0.8323,12144.94
1753591921848,04:52:01.848,phemex,ADA/USDT:USDT,0.8319,519.5,0.8318,1825.38,0.8322,1818.62,0.8323,12144.94
1753591921864,04:52:01.864,phemex,ADA/USDT:USDT,0.8319,519.5,0.8318,2437.46,0.8322,1818.62,0.8323,12144.94
1753591921890,04:52:01.890,phemex,ADA/USDT:USDT,0.8319,519.5,0.8318,2437.46,0.8322,1818.62,0.8323,12144.94
1753591921950,04:52:01.950,phemex,ADA/USDT:USDT,0.8319,519.5,0.8318,1825.38,0.8322,1818.62,0.8323,12144.94
1753591922039,04:52:02.039,phemex,ADA/USDT:USDT,0.8319,591.6,0.8318,1825.38,0.8322,1818.62,0.8323,2886.46
1753591922042,04:52:02.042,phemex,ADA/USDT:USDT,0.8319,591.6,0.8318,1825.38,0.8322,1818.62,0.8323,2886.46
1753591922071,04:52:02.071,phemex,ADA/USDT:USDT,0.8319,591.6,0.8318,1825.38,0.8322,1818.62,0.8323,2886.46
1753591922408,04:52:02.408,phemex,ADA/USDT:USDT,0.832,13019.5,0.8319,519.5,0.8321,519.5,0.8322,1818.62
1753591922659,04:52:02.659,phemex,ADA/USDT:USDT,0.832,12500.0,0.8319,519.5,0.8321,519.5,0.8322,1818.62
1753591922867,04:52:02.867,phemex,ADA/USDT:USDT,0.832,12500.0,0.8319,519.5,0.8322,1818.62,0.8323,9455.46
1753591922892,04:52:02.892,phemex,ADA/USDT:USDT,0.8319,519.5,0.8318,2437.35,0.8322,1818.62,0.8323,2886.46
1753591922911,04:52:02.911,phemex,ADA/USDT:USDT,0.8319,519.5,0.8318,1825.38,0.8321,519.5,0.8322,1818.62
1753591922930,04:52:02.930,phemex,ADA/USDT:USDT,0.832,12500.0,0.8319,519.5,0.8321,519.5,0.8322,1818.62
1753591922949,04:52:02.949,phemex,ADA/USDT:USDT,0.832,12500.0,0.8319,519.5,0.8321,519.5,0.8322,1818.62
1753591923018,04:52:03.018,phemex,ADA/USDT:USDT,0.832,12500.0,0.8319,519.5,0.8321,519.5,0.8322,1818.62
1753591923301,04:52:03.301,phemex,ADA/USDT:USDT,0.832,12500.0,0.8319,519.5,0.8321,519.5,0.8322,1818.62
1753591923354,04:52:03.354,phemex,ADA/USDT:USDT,0.832,12500.0,0.8319,519.5,0.8322,1818.62,0.8323,9455.03
1753591923372,04:52:03.372,phemex,ADA/USDT:USDT,0.8319,519.5,0.8318,2437.35,0.8322,1818.62,0.8323,2886.46
1753591923422,04:52:03.422,phemex,ADA/USDT:USDT,0.8319,519.5,0.8318,1825.38,0.8321,519.5,0.8322,1818.62
1753591923450,04:52:03.450,phemex,ADA/USDT:USDT,0.8319,519.5,0.8318,1825.38,0.8321,519.5,0.8322,1818.62
1753591923479,04:52:03.479,phemex,ADA/USDT:USDT,0.832,12500.0,0.8319,519.5,0.8321,519.5,0.8322,1818.62
1753591923522,04:52:03.522,phemex,ADA/USDT:USDT,0.832,12500.0,0.8319,519.5,0.8321,519.5,0.8322,1818.62
1753591923529,04:52:03.529,phemex,ADA/USDT:USDT,0.832,12500.0,0.8319,519.5,0.8321,519.5,0.8322,1818.62
1753591923806,04:52:03.806,phemex,ADA/USDT:USDT,0.832,12500.0,0.8319,519.5,0.8322,1818.62,0.8323,9455.65
1753591923834,04:52:03.834,phemex,ADA/USDT:USDT,0.8321,519.5,0.8319,519.5,0.8322,1818.62,0.8323,2886.46
1753591923850,04:52:03.850,phemex,ADA/USDT:USDT,0.8321,519.5,0.8319,519.5,0.8322,1818.62,0.8323,2886.46
1753591923881,04:52:03.881,phemex,ADA/USDT:USDT,0.8319,1131.47,0.8318,2437.35,0.8322,1818.62,0.8323,2886.46
1753591923895,04:52:03.895,phemex,ADA/USDT:USDT,0.832,519.5,0.8319,519.5,0.8322,1818.62,0.8323,2886.46
1753591923935,04:52:03.935,phemex,ADA/USDT:USDT,0.832,519.5,0.8319,519.5,0.8321,519.5,0.8322,1818.62
1753591924024,04:52:04.024,phemex,ADA/USDT:USDT,0.832,13019.5,0.8319,519.5,0.8322,1818.62,0.8323,9455.58
1753591924032,04:52:04.032,phemex,ADA/USDT:USDT,0.832,13019.5,0.8319,519.5,0.8322,1818.62,0.8323,2886.46
1753591924051,04:52:04.051,phemex,ADA/USDT:USDT,0.8321,519.5,0.832,519.5,0.8322,1818.62,0.8323,2886.46
1753591924071,04:52:04.071,phemex,ADA/USDT:USDT,0.8321,519.5,0.832,519.5,0.8322,1818.62,0.8323,2886.46
1753591924084,04:52:04.084,phemex,ADA/USDT:USDT,0.832,519.5,0.8319,1131.4,0.8322,1818.62,0.8323,2886.46
1753591924111,04:52:04.111,phemex,ADA/USDT:USDT,0.832,519.5,0.8319,519.5,0.8322,1818.62,0.8323,2886.46
1753591924142,04:52:04.142,phemex,ADA/USDT:USDT,0.8319,519.5,0.8318,2437.28,0.8321,519.5,0.8322,1818.62
1753591924154,04:52:04.154,phemex,ADA/USDT:USDT,0.8319,519.5,0.8318,1825.38,0.8322,1818.62,0.8323,8843.68
1753591924177,04:52:04.177,phemex,ADA/USDT:USDT,0.8319,519.5,0.8318,1825.38,0.8322,1818.62,0.8323,2886.46
1753591924207,04:52:04.207,phemex,ADA/USDT:USDT,0.8319,591.6,0.8318,1825.38,0.8322,1818.62,0.8323,2886.46
1753591924220,04:52:04.220,phemex,ADA/USDT:USDT,0.832,519.5,0.8319,591.6,0.8322,1818.62,0.8323,2886.46
1753591924253,04:52:04.253,phemex,ADA/USDT:USDT,0.832,519.5,0.8319,519.5,0.8322,1818.62,0.8323,2886.46
1753591924286,04:52:04.286,phemex,ADA/USDT:USDT,0.832,519.5,0.8319,519.5,0.8322,1818.62,0.8323,2886.46
1753591924377,04:52:04.377,phemex,ADA/USDT:USDT,0.8319,519.5,0.8318,2437.28,0.8322,1818.62,0.8323,2886.46
1753591924392,04:52:04.392,phemex,ADA/USDT:USDT,0.8319,519.5,0.8318,1825.38,0.8322,1818.62,0.8323,2886.46
1753591924414,04:52:04.414,phemex,ADA/USDT:USDT,0.8319,591.6,0.8318,1825.38,0.8322,1818.62,0.8323,2886.46
1753591924434,04:52:04.434,phemex,ADA/USDT:USDT,0.832,519.5,0.8319,591.6,0.8322,1818.62,0.8323,2886.46
1753591924486,04:52:04.486,phemex,ADA/USDT:USDT,0.832,519.5,0.8319,519.5,0.8322,1818.62,0.8323,2886.46
1753591924545,04:52:04.545,phemex,ADA/USDT:USDT,0.832,519.5,0.8319,519.5,0.8322,1818.62,0.8323,2886.46
1753591924590,04:52:04.590,phemex,ADA/USDT:USDT,0.8319,519.5,0.8318,2437.28,0.8322,1818.62,0.8323,2886.46
1753591924638,04:52:04.638,phemex,ADA/USDT:USDT,0.8319,519.5,0.8318,1825.38,0.8322,1818.62,0.8323,2886.46
1753591924651,04:52:04.651,phemex,ADA/USDT:USDT,0.8319,519.5,0.8318,1825.38,0.8322,1818.62,0.8323,2886.46
1753591924653,04:52:04.653,phemex,ADA/USDT:USDT,0.8319,591.6,0.8318,1825.38,0.8322,1818.62,0.8323,2886.46
1753591924717,04:52:04.717,phemex,ADA/USDT:USDT,0.832,519.5,0.8319,591.6,0.8322,1818.62,0.8323,2886.46
1753591924738,04:52:04.738,phemex,ADA/USDT:USDT,0.832,519.5,0.8319,519.5,0.8322,1818.62,0.8323,2886.46
1753591924894,04:52:04.894,phemex,ADA/USDT:USDT,0.8319,519.5,0.8318,1825.38,0.8322,1818.62,0.8323,2886.46
1753591925095,04:52:05.095,phemex,ADA/USDT:USDT,0.8319,591.6,0.8318,1825.38,0.8322,1818.62,0.8323,2886.46
1753591925118,04:52:05.118,phemex,ADA/USDT:USDT,0.832,519.5,0.8319,591.6,0.8322,1818.62,0.8323,2886.46
1753591925192,04:52:05.192,phemex,ADA/USDT:USDT,0.832,519.5,0.8319,519.5,0.8322,1818.62,0.8323,2886.46
1753591925279,04:52:05.279,phemex,ADA/USDT:USDT,0.8319,519.5,0.8318,2437.32,0.8322,1818.62,0.8323,2886.46
1753591925316,04:52:05.316,phemex,ADA/USDT:USDT,0.8319,591.6,0.8318,1825.38,0.8322,1818.62,0.8323,2886.46
1753591925359,04:52:05.359,phemex,ADA/USDT:USDT,0.832,519.5,0.8319,591.6,0.8322,1818.62,0.8323,2886.46
1753591925375,04:52:05.375,phemex,ADA/USDT:USDT,0.832,519.5,0.8319,591.6,0.8322,1818.62,0.8323,2886.46
1753591925376,04:52:05.376,phemex,ADA/USDT:USDT,0.832,519.5,0.8319,519.5,0.8322,1818.62,0.8323,2886.46
1753591925422,04:52:05.422,phemex,ADA/USDT:USDT,0.832,1476.83,0.8319,519.5,0.8322,1818.62,0.8323,2886.46
1753591925439,04:52:05.439,phemex,ADA/USDT:USDT,0.8321,519.5,0.832,1476.83,0.8322,1818.62,0.8323,2886.46
1753591925476,04:52:05.476,phemex,ADA/USDT:USDT,0.8321,519.5,0.832,1476.83,0.8322,1818.62,0.8323,2886.46
1753591925511,04:52:05.511,phemex,ADA/USDT:USDT,0.8321,519.5,0.832,1476.83,0.8322,1818.62,0.8323,2886.46
1753591925540,04:52:05.540,phemex,ADA/USDT:USDT,0.8321,519.5,0.832,1476.83,0.8322,1818.62,0.8323,2886.46
1753591925829,04:52:05.829,phemex,ADA/USDT:USDT,0.8321,519.5,0.832,1476.83,0.8322,1818.62,0.8323,2886.46
1753591925951,04:52:05.951,phemex,ADA/USDT:USDT,0.8321,519.5,0.832,1476.83,0.8322,1818.62,0.8323,2886.46
1753591926031,04:52:06.031,phemex,ADA/USDT:USDT,0.8321,519.5,0.832,1476.83,0.8322,1818.62,0.8323,2886.46
1753591926163,04:52:06.163,phemex,ADA/USDT:USDT,0.832,1476.83,0.8319,1131.44,0.8322,1818.62,0.8323,2886.46
1753591926180,04:52:06.180,phemex,ADA/USDT:USDT,0.832,1476.83,0.8319,519.5,0.8321,519.5,0.8322,1818.62
1753591926202,04:52:06.202,phemex,ADA/USDT:USDT,0.832,15047.37,0.8319,519.5,0.8321,519.5,0.8322,1818.62
1753591926221,04:52:06.221,phemex,ADA/USDT:USDT,0.832,15047.37,0.8319,519.5,0.8321,519.5,0.8322,1818.62
1753591926234,04:52:06.234,phemex,ADA/USDT:USDT,0.832,15047.37,0.8319,519.5,0.8321,519.5,0.8322,1818.62
1753591926291,04:52:06.291,phemex,ADA/USDT:USDT,0.832,15047.37,0.8319,519.5,0.8322,1818.62,0.8323,9456.51
1753591926299,04:52:06.299,phemex,ADA/USDT:USDT,0.832,15047.37,0.8319,519.5,0.8322,1818.62,0.8323,8844.61
1753591926303,04:52:06.303,phemex,ADA/USDT:USDT,0.8321,519.5,0.832,2547.37,0.8322,1818.62,0.8323,2886.46
1753591926348,04:52:06.348,phemex,ADA/USDT:USDT,0.8321,519.5,0.832,2547.37,0.8322,1818.62,0.8323,2886.46
1753591926385,04:52:06.385,phemex,ADA/USDT:USDT,0.8321,519.5,0.832,2547.37,0.8322,1818.62,0.8323,2886.46
1753591927578,04:52:07.578,phemex,ADA/USDT:USDT,0.832,2547.37,0.8319,1131.4,0.8322,1818.62,0.8323,2886.46
1753591927606,04:52:07.606,phemex,ADA/USDT:USDT,0.832,2547.37,0.8319,519.5,0.8321,519.5,0.8322,1818.62
1753591927656,04:52:07.656,phemex,ADA/USDT:USDT,0.832,15047.37,0.8319,519.5,0.8321,519.5,0.8322,1818.62
1753591927685,04:52:07.685,phemex,ADA/USDT:USDT,0.832,15047.37,0.8319,519.5,0.8322,1818.62,0.8323,9456.18
1753591927736,04:52:07.736,phemex,ADA/USDT:USDT,0.832,2547.37,0.8319,519.5,0.8322,1818.62,0.8323,2886.46
1753591927770,04:52:07.770,phemex,ADA/USDT:USDT,0.832,2547.37,0.8319,519.5,0.8322,1818.62,0.8323,2886.46
1753591927823,04:52:07.823,phemex,ADA/USDT:USDT,0.8321,519.5,0.832,2547.37,0.8322,1818.62,0.8323,2886.46
1753591927845,04:52:07.845,phemex,ADA/USDT:USDT,0.8321,519.5,0.832,2547.37,0.8322,1818.62,0.8323,2886.46
1753591928225,04:52:08.225,phemex,ADA/USDT:USDT,0.8321,519.5,0.832,2547.37,0.8322,1818.62,0.8323,2886.46
1753591928340,04:52:08.340,phemex,ADA/USDT:USDT,0.8321,519.5,0.832,2547.37,0.8322,534.77,0.8323,529.05
1753591928347,04:52:08.347,phemex,ADA/USDT:USDT,0.8321,519.5,0.832,2547.37,0.8322,534.77,0.8323,529.05
1753591928466,04:52:08.466,phemex,ADA/USDT:USDT,0.8321,519.5,0.832,2547.37,0.8322,534.76,0.8323,529.05
1753591928741,04:52:08.741,phemex,ADA/USDT:USDT,0.8321,519.5,0.832,2547.37,0.8322,534.76,0.8323,529.05
1753591928989,04:52:08.989,phemex,ADA/USDT:USDT,0.8321,13019.5,0.832,2547.37,0.8322,5.71,0.8323,529.05
1753591929020,04:52:09.020,phemex,ADA/USDT:USDT,0.8321,13019.5,0.832,2547.37,0.8322,5.71,0.8323,529.05
1753591929029,04:52:09.029,phemex,ADA/USDT:USDT,0.8321,13019.5,0.832,2547.37,0.8322,5.71,0.8323,529.05
1753591929050,04:52:09.050,phemex,ADA/USDT:USDT,0.8321,13019.5,0.832,2547.37,0.8322,5.71,0.8323,529.05
1753591929216,04:52:09.216,phemex,ADA/USDT:USDT,0.8321,13019.5,0.832,2547.37,0.8322,5.71,0.8323,529.05
1753591929248,04:52:09.248,phemex,ADA/USDT:USDT,0.8321,13019.5,0.832,2547.37,0.8322,5.71,0.8323,529.05
1753591929325,04:52:09.325,phemex,ADA/USDT:USDT,0.8321,13019.5,0.832,2547.37,0.8322,5.71,0.8323,529.05
1753591929349,04:52:09.349,phemex,ADA/USDT:USDT,0.8321,13019.5,0.832,2547.37,0.8322,5.71,0.8323,529.05
1753591929396,04:52:09.396,phemex,ADA/USDT:USDT,0.8321,13019.5,0.832,2547.37,0.8322,5.71,0.8323,529.05
1753591929417,04:52:09.417,phemex,ADA/USDT:USDT,0.8321,13019.5,0.832,2547.37,0.8322,5.71,0.8323,529.05
1753591929530,04:52:09.530,phemex,ADA/USDT:USDT,0.8321,13019.5,0.832,2547.37,0.8322,5.71,0.8323,529.05
1753591930293,04:52:10.293,phemex,ADA/USDT:USDT,0.8321,13010.5,0.832,2547.37,0.8322,5.71,0.8323,529.05
1753591930544,04:52:10.544,phemex,ADA/USDT:USDT,0.8321,13010.5,0.832,2547.37,0.8322,5.71,0.8323,529.05
1753591931088,04:52:11.088,phemex,ADA/USDT:USDT,0.8321,13010.5,0.832,2547.37,0.8322,5.71,0.8324,515.24
1753591931108,04:52:11.108,phemex,ADA/USDT:USDT,0.8321,13010.5,0.832,2547.37,0.8322,5.71,0.8324,515.24
1753591931127,04:52:11.127,phemex,ADA/USDT:USDT,0.8321,13010.5,0.832,2547.37,0.8322,5.71,0.8324,515.24
1753591931158,04:52:11.158,phemex,ADA/USDT:USDT,0.8321,13010.5,0.832,2547.37,0.8322,5.71,0.8324,515.24
1753591931264,04:52:11.264,phemex,ADA/USDT:USDT,0.8321,13010.5,0.832,2547.37,0.8322,5.71,0.8324,515.24
1753591931287,04:52:11.287,phemex,ADA/USDT:USDT,0.8321,14488.23,0.832,1852.39,0.8322,5.71,0.8324,515.24
1753591931409,04:52:11.409,phemex,ADA/USDT:USDT,0.8321,14488.23,0.832,1852.39,0.8322,5.71,0.8324,6471.65
1753591931468,04:52:11.468,phemex,ADA/USDT:USDT,0.8321,14488.23,0.832,1852.39,0.8322,5.71,0.8324,515.24
1753591931510,04:52:11.510,phemex,ADA/USDT:USDT,0.8321,14488.23,0.832,1852.39,0.8322,5.71,0.8324,6473.03
1753591931531,04:52:11.531,phemex,ADA/USDT:USDT,0.8321,14488.23,0.832,1852.39,0.8322,5.71,0.8324,7084.93
1753591931741,04:52:11.741,phemex,ADA/USDT:USDT,0.8321,14488.23,0.832,1852.39,0.8322,535.19,0.8324,7084.93
1753591931900,04:52:11.900,phemex,ADA/USDT:USDT,0.8321,14488.23,0.832,1852.39,0.8322,5.71,0.8324,7084.93
1753591931920,04:52:11.920,phemex,ADA/USDT:USDT,0.8321,14488.23,0.832,1852.39,0.8322,535.19,0.8324,7084.93
1753591932020,04:52:12.020,phemex,ADA/USDT:USDT,0.8321,14488.23,0.832,1852.39,0.8322,535.19,0.8324,7084.93
1753591934342,04:52:14.342,phemex,ADA/USDT:USDT,0.8321,14488.23,0.832,1852.39,0.8322,535.19,0.8324,7084.93
1753591934529,04:52:14.529,phemex,ADA/USDT:USDT,0.8321,14488.23,0.832,1852.39,0.8322,535.19,0.8324,7084.93
1753591934554,04:52:14.554,phemex,ADA/USDT:USDT,0.8321,14488.23,0.832,1852.39,0.8322,535.19,0.8324,7084.93
1753591934737,04:52:14.737,phemex,ADA/USDT:USDT,0.8321,14488.23,0.832,1852.39,0.8322,5.71,0.8324,515.24
1753591934749,04:52:14.749,phemex,ADA/USDT:USDT,0.8321,14488.23,0.832,1852.39,0.8322,5.71,0.8324,1127.14
1753591934776,04:52:14.776,phemex,ADA/USDT:USDT,0.8321,14488.23,0.832,1852.39,0.8322,5.71,0.8324,7088.99
1753591934851,04:52:14.851,phemex,ADA/USDT:USDT,0.8321,14488.23,0.832,1852.39,0.8322,535.19,0.8324,7088.99
1753591935168,04:52:15.168,phemex,ADA/USDT:USDT,0.8321,14488.23,0.832,1852.39,0.8322,535.19,0.8324,1127.14
1753591935178,04:52:15.178,phemex,ADA/USDT:USDT,0.8321,14488.23,0.832,1852.39,0.8322,5.71,0.8324,6477.09
1753591935202,04:52:15.202,phemex,ADA/USDT:USDT,0.8321,14488.23,0.832,1852.39,0.8322,5.71,0.8324,7088.99
1753591935270,04:52:15.270,phemex,ADA/USDT:USDT,0.8321,14488.23,0.832,1852.39,0.8322,5.71,0.8324,7088.99
1753591935316,04:52:15.316,phemex,ADA/USDT:USDT,0.8321,14488.23,0.832,1852.39,0.8322,5.71,0.8324,7088.99
1753591935340,04:52:15.340,phemex,ADA/USDT:USDT,0.8321,14488.23,0.832,1852.39,0.8322,535.19,0.8324,7088.99
1753591935505,04:52:15.505,phemex,ADA/USDT:USDT,0.8321,14488.23,0.832,1852.39,0.8322,535.19,0.8324,7088.99
1753591935512,04:52:15.512,phemex,ADA/USDT:USDT,0.8321,14488.23,0.832,1852.39,0.8322,535.19,0.8324,7088.99
1753591935519,04:52:15.519,phemex,ADA/USDT:USDT,0.8321,14488.23,0.832,1852.39,0.8322,535.19,0.8324,7088.99
1753591935558,04:52:15.558,phemex,ADA/USDT:USDT,0.8321,14488.23,0.832,1852.39,0.8322,5.71,0.8324,6477.09
1753591935604,04:52:15.604,phemex,ADA/USDT:USDT,0.8321,14488.23,0.832,1852.39,0.8322,535.19,0.8324,7088.99
1753591936103,04:52:16.103,phemex,ADA/USDT:USDT,0.8321,14488.23,0.832,1852.39,0.8322,5.71,0.8324,7088.99
1753591936126,04:52:16.126,phemex,ADA/USDT:USDT,0.8321,14488.23,0.832,1852.39,0.8322,5.71,0.8324,515.24
1753591936184,04:52:16.184,phemex,ADA/USDT:USDT,0.8321,14488.23,0.832,1852.39,0.8322,5.71,0.8324,515.24
1753591936287,04:52:16.287,phemex,ADA/USDT:USDT,0.8321,14488.23,0.832,1852.39,0.8322,5.71,0.8324,7090.33
1753591936383,04:52:16.383,phemex,ADA/USDT:USDT,0.8321,14488.23,0.832,1852.39,0.8322,5.71,0.8324,7090.33
1753591937060,04:52:17.060,phemex,ADA/USDT:USDT,0.8321,14488.23,0.832,1852.39,0.8322,5.71,0.8324,515.24
1753591937088,04:52:17.088,phemex,ADA/USDT:USDT,0.8321,14488.23,0.832,1852.39,0.8322,5.71,0.8324,6479.77
1753591937118,04:52:17.118,phemex,ADA/USDT:USDT,0.8321,14488.23,0.832,1852.39,0.8322,535.19,0.8324,7091.67
1753591937136,04:52:17.136,phemex,ADA/USDT:USDT,0.8321,14488.23,0.832,1852.39,0.8322,5.71,0.8324,7091.67
1753591937842,04:52:17.842,phemex,ADA/USDT:USDT,0.8321,14488.23,0.832,1852.39,0.8322,535.19,0.8324,7091.67
1753591938013,04:52:18.013,phemex,ADA/USDT:USDT,0.8321,14488.23,0.832,1852.39,0.8322,535.19,0.8324,7091.67
1753591938040,04:52:18.040,phemex,ADA/USDT:USDT,0.8321,14488.23,0.832,1852.39,0.8322,5.71,0.8324,515.24
1753591938091,04:52:18.091,phemex,ADA/USDT:USDT,0.8321,14488.23,0.832,1852.39,0.8322,5.71,0.8324,7093.01
1753591938134,04:52:18.134,phemex,ADA/USDT:USDT,0.8321,14488.23,0.832,1852.39,0.8322,5.71,0.8324,7093.01
1753591938223,04:52:18.223,phemex,ADA/USDT:USDT,0.8321,14488.23,0.832,1852.39,0.8322,533.56,0.8324,7093.01
1753591938479,04:52:18.479,phemex,ADA/USDT:USDT,0.8321,14488.23,0.832,1852.39,0.8322,5.71,0.8324,7093.01
1753591938552,04:52:18.552,phemex,ADA/USDT:USDT,0.8321,14488.23,0.832,1852.39,0.8322,533.56,0.8324,7093.01
1753591938741,04:52:18.741,phemex,ADA/USDT:USDT,0.8321,14488.23,0.832,1852.39,0.8322,5.71,0.8324,7093.01
1753591939139,04:52:19.139,phemex,ADA/USDT:USDT,0.8321,14488.23,0.832,1852.39,0.8322,5.71,0.8324,515.24
1753591939196,04:52:19.196,phemex,ADA/USDT:USDT,0.8321,14488.23,0.832,1852.39,0.8322,5.71,0.8324,7094.34
1753591939297,04:52:19.297,phemex,ADA/USDT:USDT,0.8321,14488.23,0.832,1852.39,0.8322,5.71,0.8324,515.24
1753591939347,04:52:19.347,phemex,ADA/USDT:USDT,0.8321,14488.23,0.832,1852.39,0.8322,5.71,0.8324,6482.44
1753591939377,04:52:19.377,phemex,ADA/USDT:USDT,0.8321,14488.23,0.832,1852.39,0.8322,5.71,0.8324,7094.34
1753591939401,04:52:19.401,phemex,ADA/USDT:USDT,0.8321,14488.23,0.832,1852.39,0.8322,5.71,0.8324,7094.34
1753591939779,04:52:19.779,phemex,ADA/USDT:USDT,0.8321,14488.23,0.832,1852.39,0.8322,5.71,0.8324,515.24
1753591939802,04:52:19.802,phemex,ADA/USDT:USDT,0.8321,14488.23,0.832,1852.39,0.8322,5.71,0.8324,515.24
1753591940050,04:52:20.050,phemex,ADA/USDT:USDT,0.8321,14488.23,0.832,1852.39,0.8322,5.71,0.8324,6483.78
1753591940100,04:52:20.100,phemex,ADA/USDT:USDT,0.8321,14488.23,0.832,1852.39,0.8322,5.71,0.8324,7095.68
1753591940133,04:52:20.133,phemex,ADA/USDT:USDT,0.8321,14488.23,0.832,1852.39,0.8322,5.71,0.8324,515.24
1753591940151,04:52:20.151,phemex,ADA/USDT:USDT,0.8321,14488.23,0.832,1852.39,0.8322,5.71,0.8324,515.24
1753591940949,04:52:20.949,phemex,ADA/USDT:USDT,0.8321,14488.23,0.832,1852.39,0.8322,5.71,0.8324,515.24
1753591940982,04:52:20.982,phemex,ADA/USDT:USDT,0.8321,14488.23,0.832,1852.39,0.8322,5.71,0.8324,515.24
1753591941006,04:52:21.006,phemex,ADA/USDT:USDT,0.8321,14488.23,0.832,1852.39,0.8322,5.71,0.8324,515.24
1753591941494,04:52:21.494,phemex,ADA/USDT:USDT,0.8321,14488.23,0.832,1852.39,0.8322,5.71,0.8324,515.24
1753591941657,04:52:21.657,phemex,ADA/USDT:USDT,0.8321,14488.23,0.832,1852.39,0.8322,5.71,0.8324,7098.33
1753591941718,04:52:21.718,phemex,ADA/USDT:USDT,0.8321,14488.23,0.832,1852.39,0.8322,5.71,0.8324,515.24
1753591941763,04:52:21.763,phemex,ADA/USDT:USDT,0.8321,14488.23,0.832,1852.39,0.8322,5.71,0.8324,515.24
1753591943168,04:52:23.168,phemex,ADA/USDT:USDT,0.8321,14560.33,0.832,1852.39,0.8322,5.71,0.8324,515.24
1753591943187,04:52:23.187,phemex,ADA/USDT:USDT,0.8321,14560.33,0.832,1852.39,0.8322,5.71,0.8324,515.24
1753591943215,04:52:23.215,phemex,ADA/USDT:USDT,0.8321,14560.33,0.832,1852.39,0.8322,5.71,0.8324,515.24
1753591943271,04:52:23.271,phemex,ADA/USDT:USDT,0.8321,14560.33,0.832,1852.39,0.8322,5.71,0.8324,515.24
1753591943311,04:52:23.311,phemex,ADA/USDT:USDT,0.8321,14560.33,0.832,1852.39,0.8322,5.71,0.8324,515.24
1753591943439,04:52:23.439,phemex,ADA/USDT:USDT,0.8321,14560.33,0.832,1852.39,0.8322,5.71,0.8324,515.24
1753591943552,04:52:23.552,phemex,ADA/USDT:USDT,0.8321,14560.33,0.832,1852.39,0.8322,5.71,0.8324,515.24
1753591943553,04:52:23.553,phemex,ADA/USDT:USDT,0.8321,14560.33,0.832,1852.39,0.8322,5.71,0.8324,515.24
1753591943567,04:52:23.567,phemex,ADA/USDT:USDT,0.8321,14560.33,0.832,1852.39,0.8322,5.71,0.8324,515.24
1753591943618,04:52:23.618,phemex,ADA/USDT:USDT,0.8321,14560.33,0.832,1852.39,0.8322,5.71,0.8324,515.24
1753591943619,04:52:23.619,phemex,ADA/USDT:USDT,0.8321,14560.33,0.832,1852.39,0.8322,5.71,0.8324,515.24
1753591943668,04:52:23.668,phemex,ADA/USDT:USDT,0.8321,14560.33,0.832,1852.39,0.8322,5.71,0.8324,515.24
1753591943818,04:52:23.818,phemex,ADA/USDT:USDT,0.8321,14560.33,0.832,1852.39,0.8322,5.71,0.8324,515.24
1753591943918,04:52:23.918,phemex,ADA/USDT:USDT,0.8321,14560.33,0.832,1852.39,0.8322,5.71,0.8324,515.24
1753591944011,04:52:24.011,phemex,ADA/USDT:USDT,0.8321,14560.33,0.832,1852.39,0.8322,5.71,0.8324,515.24
1753591944033,04:52:24.033,phemex,ADA/USDT:USDT,0.8321,14560.33,0.832,1852.39,0.8322,5.71,0.8324,515.24
1753591944036,04:52:24.036,phemex,ADA/USDT:USDT,0.8321,14560.33,0.832,1852.39,0.8322,5.71,0.8324,515.24
1753591944157,04:52:24.157,phemex,ADA/USDT:USDT,0.8321,14560.33,0.832,1852.39,0.8322,5.71,0.8324,515.24
1753591944208,04:52:24.208,phemex,ADA/USDT:USDT,0.8321,14560.33,0.832,1852.39,0.8322,5.71,0.8324,515.24
1753591944667,04:52:24.667,phemex,ADA/USDT:USDT,0.8321,14560.33,0.832,1852.39,0.8322,5.71,0.8324,515.24
1753591944702,04:52:24.702,phemex,ADA/USDT:USDT,0.8321,14560.33,0.832,1852.39,0.8322,5.71,0.8324,515.24
1753591944722,04:52:24.722,phemex,ADA/USDT:USDT,0.8321,14560.33,0.832,1852.39,0.8322,5.71,0.8324,515.24
1753591944916,04:52:24.916,phemex,ADA/USDT:USDT,0.8321,14560.33,0.832,1852.39,0.8322,5.71,0.8324,515.24
1753591944970,04:52:24.970,phemex,ADA/USDT:USDT,0.8321,14560.33,0.832,1852.39,0.8322,5.71,0.8324,515.24
1753591944986,04:52:24.986,phemex,ADA/USDT:USDT,0.8321,14560.33,0.832,1852.39,0.8322,5.71,0.8324,515.24
1753591945095,04:52:25.095,phemex,ADA/USDT:USDT,0.8321,14560.33,0.832,1852.39,0.8322,5.71,0.8324,515.24
1753591945104,04:52:25.104,phemex,ADA/USDT:USDT,0.8321,14560.33,0.832,1852.39,0.8322,5.71,0.8324,2.82
1753591945165,04:52:25.165,phemex,ADA/USDT:USDT,0.8321,14560.33,0.832,1852.39,0.8322,5.71,0.8324,2.82
1753591945217,04:52:25.217,phemex,ADA/USDT:USDT,0.8321,14560.33,0.832,1852.39,0.8322,5.71,0.8324,2.82
1753591945304,04:52:25.304,phemex,ADA/USDT:USDT,0.8321,14560.33,0.832,1852.39,0.8322,5.71,0.8324,2.82
1753591945453,04:52:25.453,phemex,ADA/USDT:USDT,0.8321,14560.33,0.832,1852.39,0.8322,5.71,0.8324,2.82
1753591945934,04:52:25.934,phemex,ADA/USDT:USDT,0.8321,14560.33,0.832,1852.39,0.8322,5.71,0.8324,2.82
1753591945978,04:52:25.978,phemex,ADA/USDT:USDT,0.8321,14560.33,0.832,1852.39,0.8322,5.71,0.8324,2.82
1753591946005,04:52:26.005,phemex,ADA/USDT:USDT,0.8321,14560.33,0.832,1852.39,0.8322,5.71,0.8324,2.82
1753591946029,04:52:26.029,phemex,ADA/USDT:USDT,0.8321,14560.33,0.832,1852.39,0.8322,5.71,0.8324,2.82
1753591946106,04:52:26.106,phemex,ADA/USDT:USDT,0.8321,14560.33,0.832,1852.39,0.8322,5.71,0.8324,2.82
1753591946129,04:52:26.129,phemex,ADA/USDT:USDT,0.8321,14560.33,0.832,1852.39,0.8322,5.71,0.8324,2.82
1753591946180,04:52:26.180,phemex,ADA/USDT:USDT,0.8321,14560.33,0.832,1852.39,0.8322,5.71,0.8324,2.82
1753591946465,04:52:26.465,phemex,ADA/USDT:USDT,0.8321,14560.33,0.832,1852.39,0.8322,5.71,0.8324,2.82
1753591946481,04:52:26.481,phemex,ADA/USDT:USDT,0.8321,14560.33,0.832,1852.39,0.8322,5.71,0.8324,2.82
1753591946517,04:52:26.517,phemex,ADA/USDT:USDT,0.8321,14488.23,0.832,1852.39,0.8322,533.56,0.8324,2.82
1753591946528,04:52:26.528,phemex,ADA/USDT:USDT,0.8321,14488.23,0.832,1852.39,0.8322,533.56,0.8324,2.82
1753591946548,04:52:26.548,phemex,ADA/USDT:USDT,0.8321,14488.23,0.832,1852.39,0.8322,533.56,0.8324,5984.21
1753591946571,04:52:26.571,phemex,ADA/USDT:USDT,0.8321,14488.23,0.832,1852.39,0.8322,533.56,0.8324,7123.96
1753591946618,04:52:26.618,phemex,ADA/USDT:USDT,0.8321,14488.23,0.832,1852.39,0.8322,533.56,0.8324,7123.96
1753591946632,04:52:26.632,phemex,ADA/USDT:USDT,0.8321,14488.23,0.832,1852.39,0.8322,533.56,0.8324,7123.96
1753591946656,04:52:26.656,phemex,ADA/USDT:USDT,0.8321,14488.23,0.832,1852.39,0.8322,5.71,0.8324,7123.96
1753591946689,04:52:26.689,phemex,ADA/USDT:USDT,0.8321,14488.23,0.832,1852.39,0.8322,5.71,0.8324,7123.96
1753591946742,04:52:26.742,phemex,ADA/USDT:USDT,0.8321,14488.23,0.832,1852.39,0.8322,5.71,0.8324,8425.31
1753591946745,04:52:26.745,phemex,ADA/USDT:USDT,0.8321,14488.23,0.832,1852.39,0.8322,533.56,0.8324,8425.31
1753591946791,04:52:26.791,phemex,ADA/USDT:USDT,0.8321,14488.23,0.832,1852.39,0.8322,533.56,0.8324,8425.31
1753591946869,04:52:26.869,phemex,ADA/USDT:USDT,0.8321,14488.23,0.832,1852.39,0.8322,5.71,0.8324,8425.31
1753591947028,04:52:27.028,phemex,ADA/USDT:USDT,0.8321,14488.23,0.832,1852.39,0.8322,533.56,0.8324,8425.31
1753591947053,04:52:27.053,phemex,ADA/USDT:USDT,0.8321,14488.23,0.832,1852.39,0.8322,533.56,0.8324,8425.31
1753591949002,04:52:29.002,phemex,ADA/USDT:USDT,0.8321,14488.23,0.832,1852.39,0.8322,533.56,0.8324,8425.31
1753591949019,04:52:29.019,phemex,ADA/USDT:USDT,0.8321,14488.23,0.832,1852.39,0.8322,533.56,0.8324,8425.31
1753591949351,04:52:29.351,phemex,ADA/USDT:USDT,0.8321,14488.23,0.832,1852.39,0.8322,533.56,0.8324,8425.31
1753591949371,04:52:29.371,phemex,ADA/USDT:USDT,0.8321,14488.23,0.832,1852.39,0.8322,533.56,0.8323,1304.11
1753591949384,04:52:29.384,phemex,ADA/USDT:USDT,0.8321,13977.73,0.832,1852.39,0.8322,533.56,0.8323,1822.89
1753591949396,04:52:29.396,phemex,ADA/USDT:USDT,0.8321,13977.73,0.832,1852.39,0.8322,533.56,0.8323,1822.89
1753591949734,04:52:29.734,phemex,ADA/USDT:USDT,0.8321,13977.73,0.832,1852.39,0.8322,533.56,0.8323,1822.89
1753591949743,04:52:29.743,phemex,ADA/USDT:USDT,0.8321,13977.73,0.832,1852.39,0.8322,533.56,0.8323,1822.89
1753591949842,04:52:29.842,phemex,ADA/USDT:USDT,0.8321,13977.73,0.832,1852.39,0.8322,533.56,0.8323,1822.89
1753591949883,04:52:29.883,phemex,ADA/USDT:USDT,0.8321,13977.73,0.832,1852.39,0.8322,533.56,0.8323,1822.89
1753591949917,04:52:29.917,phemex,ADA/USDT:USDT,0.8321,13977.73,0.832,1852.39,0.8322,1589.79,0.8323,1822.89
1753591949949,04:52:29.949,phemex,ADA/USDT:USDT,0.8321,13977.73,0.832,1852.39,0.8322,1589.79,0.8323,1822.89
1753591949973,04:52:29.973,phemex,ADA/USDT:USDT,0.832,804.82,0.8319,519.5,0.8322,1688.46,0.8323,1822.89
1753591949990,04:52:29.990,phemex,ADA/USDT:USDT,0.832,804.82,0.8319,519.5,0.8322,1688.46,0.8323,1822.89
1753591950009,04:52:30.009,phemex,ADA/USDT:USDT,0.832,804.82,0.8319,519.5,0.8322,1688.46,0.8323,1822.89
1753591950050,04:52:30.050,phemex,ADA/USDT:USDT,0.832,804.82,0.8319,519.5,0.8321,518.78,0.8322,1688.46
1753591950067,04:52:30.067,phemex,ADA/USDT:USDT,0.832,13304.82,0.8319,519.5,0.8321,518.78,0.8322,1688.46
1753591950091,04:52:30.091,phemex,ADA/USDT:USDT,0.832,13304.82,0.8319,519.5,0.8321,1190.29,0.8322,1688.46
1753591950108,04:52:30.108,phemex,ADA/USDT:USDT,0.832,13304.82,0.8319,519.5,0.8321,518.78,0.8322,1688.46
1753591950149,04:52:30.149,phemex,ADA/USDT:USDT,0.832,13304.82,0.8319,519.5,0.8321,518.78,0.8322,1688.46
1753591950174,04:52:30.174,phemex,ADA/USDT:USDT,0.832,13304.82,0.8319,519.5,0.8321,518.78,0.8322,1688.46
1753591950179,04:52:30.179,phemex,ADA/USDT:USDT,0.832,13304.82,0.8319,519.5,0.8321,518.78,0.8322,1688.46
1753591950204,04:52:30.204,phemex,ADA/USDT:USDT,0.832,13304.82,0.8319,519.5,0.8321,1288.96,0.8322,1589.79
1753591950213,04:52:30.213,phemex,ADA/USDT:USDT,0.832,13304.82,0.8319,519.5,0.8321,617.45,0.8322,1589.79
1753591950347,04:52:30.347,phemex,ADA/USDT:USDT,0.832,13304.82,0.8319,519.5,0.8321,518.78,0.8322,1589.79
1753591950401,04:52:30.401,phemex,ADA/USDT:USDT,0.832,13304.82,0.8319,519.5,0.8321,518.78,0.8322,1589.79
1753591950733,04:52:30.733,phemex,ADA/USDT:USDT,0.832,13304.82,0.8319,519.5,0.8321,518.78,0.8322,1589.79
1753591951034,04:52:31.034,phemex,ADA/USDT:USDT,0.832,13304.82,0.8319,519.5,0.8322,1589.79,0.8323,7117.12
1753591951046,04:52:31.046,phemex,ADA/USDT:USDT,0.832,804.82,0.8319,519.5,0.8322,1589.79,0.8323,518.78
1753591951065,04:52:31.065,phemex,ADA/USDT:USDT,0.832,804.82,0.8319,519.5,0.8321,518.78,0.8322,1589.79
1753591951095,04:52:31.095,phemex,ADA/USDT:USDT,0.832,13304.82,0.8319,519.5,0.8321,518.78,0.8322,2882.52
1753591951134,04:52:31.134,phemex,ADA/USDT:USDT,0.832,13823.6,0.8319,519.5,0.8321,518.78,0.8322,2882.52
1753591951220,04:52:31.220,phemex,ADA/USDT:USDT,0.832,13823.6,0.8319,519.5,0.8321,1811.66,0.8322,2882.52
1753591951318,04:52:31.318,phemex,ADA/USDT:USDT,0.832,13304.82,0.8319,519.5,0.8321,1811.66,0.8322,2882.52
1753591951986,04:52:31.986,phemex,ADA/USDT:USDT,0.832,13304.82,0.8319,519.5,0.8321,518.78,0.8322,2882.52
1753591953519,04:52:33.519,phemex,ADA/USDT:USDT,0.832,13304.82,0.8319,519.5,0.8321,518.78,0.8322,2882.52
1753591954164,04:52:34.164,phemex,ADA/USDT:USDT,0.832,13304.82,0.8319,519.5,0.8321,518.78,0.8322,2882.52
1753591954480,04:52:34.480,phemex,ADA/USDT:USDT,0.832,13304.82,0.8319,519.5,0.8321,518.78,0.8322,2882.52
1753591954503,04:52:34.503,phemex,ADA/USDT:USDT,0.832,13304.82,0.8319,519.5,0.8321,518.78,0.8322,2882.52
1753591954885,04:52:34.885,phemex,ADA/USDT:USDT,0.832,13304.82,0.8319,519.5,0.8321,518.78,0.8322,2882.52
1753591954913,04:52:34.913,phemex,ADA/USDT:USDT,0.832,13304.82,0.8319,519.5,0.8321,518.78,0.8322,2882.52
1753591954963,04:52:34.963,phemex,ADA/USDT:USDT,0.832,13304.82,0.8319,519.5,0.8321,518.78,0.8322,2882.52
1753591955533,04:52:35.533,phemex,ADA/USDT:USDT,0.832,13304.82,0.8319,519.5,0.8321,518.78,0.8322,2882.52
1753591955813,04:52:35.813,phemex,ADA/USDT:USDT,0.832,13304.82,0.8319,519.5,0.8321,518.78,0.8322,2882.52
1753591955825,04:52:35.825,phemex,ADA/USDT:USDT,0.832,13304.82,0.8319,519.5,0.8321,518.78,0.8322,2882.52
1753591955841,04:52:35.841,phemex,ADA/USDT:USDT,0.832,13304.82,0.8319,519.5,0.8321,518.78,0.8322,2882.52
1753591955876,04:52:35.876,phemex,ADA/USDT:USDT,0.832,13304.82,0.8319,519.5,0.8321,518.78,0.8322,2882.52
1753591955947,04:52:35.947,phemex,ADA/USDT:USDT,0.832,13304.82,0.8319,519.5,0.8321,518.78,0.8322,2882.52
1753591956087,04:52:36.087,phemex,ADA/USDT:USDT,0.832,13304.82,0.8319,519.5,0.8321,518.78,0.8322,2882.52
1753591956107,04:52:36.107,phemex,ADA/USDT:USDT,0.832,12500.0,0.8319,519.5,0.8321,518.78,0.8322,2882.52
1753591956180,04:52:36.180,phemex,ADA/USDT:USDT,0.832,12500.0,0.8319,519.5,0.8321,518.78,0.8322,2882.52
1753591956519,04:52:36.519,phemex,ADA/USDT:USDT,0.832,12500.0,0.8319,519.5,0.8321,518.78,0.8322,2882.52
1753591956546,04:52:36.546,phemex,ADA/USDT:USDT,0.832,12500.0,0.8319,519.5,0.8321,518.78,0.8322,2882.52
1753591956951,04:52:36.951,phemex,ADA/USDT:USDT,0.832,12500.0,0.8319,519.5,0.8321,518.78,0.8322,2882.52
1753591956986,04:52:36.986,phemex,ADA/USDT:USDT,0.832,12500.0,0.8319,519.5,0.8321,518.78,0.8322,2882.52
1753591957719,04:52:37.719,phemex,ADA/USDT:USDT,0.832,12500.0,0.8319,519.5,0.8321,518.78,0.8322,1589.79
1753591958766,04:52:38.766,phemex,ADA/USDT:USDT,0.832,12500.0,0.8319,519.5,0.8321,518.78,0.8322,1589.79
1753591958791,04:52:38.791,phemex,ADA/USDT:USDT,0.832,12500.0,0.8319,519.5,0.8321,518.78,0.8322,1589.79
1753591958841,04:52:38.841,phemex,ADA/USDT:USDT,0.832,12500.0,0.8319,519.5,0.8321,518.78,0.8322,1589.79
1753591958847,04:52:38.847,phemex,ADA/USDT:USDT,0.832,12500.0,0.8319,519.5,0.8321,518.78,0.8322,1589.79
1753591958891,04:52:38.891,phemex,ADA/USDT:USDT,0.832,12500.0,0.8319,519.5,0.8321,518.78,0.8322,1589.79
1753591959708,04:52:39.708,phemex,ADA/USDT:USDT,0.832,13820.96,0.8319,519.5,0.8322,533.56,0.8323,518.78
1753591959725,04:52:39.725,phemex,ADA/USDT:USDT,0.832,13820.96,0.8319,519.5,0.8322,533.56,0.8323,518.78
1753591959741,04:52:39.741,phemex,ADA/USDT:USDT,0.8321,12500.0,0.832,1320.96,0.8322,5.71,0.8323,518.78
1753591959765,04:52:39.765,phemex,ADA/USDT:USDT,0.8321,12500.0,0.832,1320.96,0.8322,5.71,0.8323,518.78
1753591959783,04:52:39.783,phemex,ADA/USDT:USDT,0.8321,12500.0,0.832,1320.96,0.8322,5.71,0.8323,518.78
1753591959805,04:52:39.805,phemex,ADA/USDT:USDT,0.8321,12500.0,0.832,1320.96,0.8322,5.71,0.8323,518.78
1753591959827,04:52:39.827,phemex,ADA/USDT:USDT,0.8321,12500.0,0.832,1320.96,0.8322,5.71,0.8323,518.78
1753591959843,04:52:39.843,phemex,ADA/USDT:USDT,0.8321,12500.0,0.832,1320.96,0.8322,5.71,0.8323,518.78
1753591959853,04:52:39.853,phemex,ADA/USDT:USDT,0.8321,12500.0,0.832,1320.96,0.8322,5.71,0.8323,518.78
1753591959897,04:52:39.897,phemex,ADA/USDT:USDT,0.8321,12500.0,0.832,1320.96,0.8322,5.71,0.8323,518.78
1753591959964,04:52:39.964,phemex,ADA/USDT:USDT,0.8321,12500.0,0.832,1320.96,0.8322,5.71,0.8323,518.78
1753591960325,04:52:40.325,phemex,ADA/USDT:USDT,0.8321,12500.0,0.832,1320.96,0.8322,5.71,0.8323,518.78
1753591960334,04:52:40.334,phemex,ADA/USDT:USDT,0.8321,12500.0,0.832,1320.96,0.8322,5.71,0.8323,518.78
1753591960457,04:52:40.457,phemex,ADA/USDT:USDT,0.8321,12500.0,0.832,1320.96,0.8322,5.71,0.8323,518.78
1753591960498,04:52:40.498,phemex,ADA/USDT:USDT,0.8321,12500.0,0.832,1320.96,0.8322,5.71,0.8323,518.78
1753591960626,04:52:40.626,phemex,ADA/USDT:USDT,0.8321,12500.0,0.832,1320.96,0.8322,5.71,0.8323,518.78
1753591960650,04:52:40.650,phemex,ADA/USDT:USDT,0.8321,12500.0,0.832,1320.96,0.8322,5.71,0.8323,518.78
1753591960759,04:52:40.759,phemex,ADA/USDT:USDT,0.8321,12500.0,0.832,1320.96,0.8322,5.71,0.8323,518.78
1753591960801,04:52:40.801,phemex,ADA/USDT:USDT,0.8321,12500.0,0.832,1320.96,0.8322,5.71,0.8323,518.78
1753591961012,04:52:41.012,phemex,ADA/USDT:USDT,0.8321,12500.0,0.832,1320.96,0.8322,5.71,0.8323,518.78
1753591961162,04:52:41.162,phemex,ADA/USDT:USDT,0.8321,12500.0,0.832,1320.96,0.8322,5.71,0.8323,518.78
1753591961315,04:52:41.315,phemex,ADA/USDT:USDT,0.8321,12500.0,0.832,1320.96,0.8322,5.71,0.8323,518.78
1753591961467,04:52:41.467,phemex,ADA/USDT:USDT,0.8321,12500.0,0.832,1320.96,0.8322,5.71,0.8323,518.78
1753591961616,04:52:41.616,phemex,ADA/USDT:USDT,0.8321,12500.0,0.832,1320.96,0.8322,528.37,0.8323,518.78
1753591961621,04:52:41.621,phemex,ADA/USDT:USDT,0.8321,12500.0,0.832,1320.96,0.8322,5.71,0.8323,518.78
1753591961773,04:52:41.773,phemex,ADA/USDT:USDT,0.8321,12500.0,0.832,1320.96,0.8322,5.71,0.8323,518.78
1753591961928,04:52:41.928,phemex,ADA/USDT:USDT,0.8321,12500.0,0.832,1320.96,0.8322,5.71,0.8323,518.78
1753591962082,04:52:42.082,phemex,ADA/USDT:USDT,0.8321,12500.0,0.832,1320.96,0.8322,5.71,0.8323,518.78
1753591962230,04:52:42.230,phemex,ADA/USDT:USDT,0.8321,12500.0,0.832,1320.96,0.8322,528.37,0.8323,518.78
1753591962236,04:52:42.236,phemex,ADA/USDT:USDT,0.8321,12500.0,0.832,1320.96,0.8322,5.71,0.8323,518.78
1753591962388,04:52:42.388,phemex,ADA/USDT:USDT,0.8321,12500.0,0.832,1320.96,0.8322,528.37,0.8323,518.78
1753591962393,04:52:42.393,phemex,ADA/USDT:USDT,0.8321,12500.0,0.832,1320.96,0.8322,5.71,0.8323,518.78
1753591962551,04:52:42.551,phemex,ADA/USDT:USDT,0.8321,12500.0,0.832,1320.96,0.8322,5.71,0.8323,518.78
1753591962706,04:52:42.706,phemex,ADA/USDT:USDT,0.8321,12500.0,0.832,1320.96,0.8322,5.71,0.8323,518.78
1753591962742,04:52:42.742,phemex,ADA/USDT:USDT,0.8321,12499.99,0.832,1320.96,0.8322,5.71,0.8323,518.78
1753591962856,04:52:42.856,phemex,ADA/USDT:USDT,0.8321,12499.99,0.832,1320.96,0.8322,5.71,0.8323,518.78
1753591963011,04:52:43.011,phemex,ADA/USDT:USDT,0.8321,12499.99,0.832,1320.96,0.8322,5.71,0.8323,518.78
1753591963160,04:52:43.160,phemex,ADA/USDT:USDT,0.8321,12499.99,0.832,1320.96,0.8322,5.71,0.8323,518.78
1753591963313,04:52:43.313,phemex,ADA/USDT:USDT,0.8321,12499.99,0.832,1320.96,0.8322,5.71,0.8323,518.78
1753591963398,04:52:43.398,phemex,ADA/USDT:USDT,0.8321,12499.99,0.832,1320.96,0.8322,5.71,0.8323,518.78
1753591963413,04:52:43.413,phemex,ADA/USDT:USDT,0.8321,12499.99,0.832,1320.96,0.8322,5.71,0.8323,518.78
1753591963430,04:52:43.430,phemex,ADA/USDT:USDT,0.8321,12499.99,0.832,1320.96,0.8322,5.71,0.8323,518.78
1753591963463,04:52:43.463,phemex,ADA/USDT:USDT,0.8321,12499.99,0.832,1320.96,0.8322,5.71,0.8323,518.78
1753591963514,04:52:43.514,phemex,ADA/USDT:USDT,0.8321,12499.99,0.832,1320.96,0.8322,5.71,0.8323,518.78
1753591963527,04:52:43.527,phemex,ADA/USDT:USDT,0.8321,12499.99,0.832,1320.96,0.8322,5.71,0.8323,518.78
1753591963564,04:52:43.564,phemex,ADA/USDT:USDT,0.8321,12499.99,0.832,1320.96,0.8322,5.71,0.8323,518.78
1753591963882,04:52:43.882,phemex,ADA/USDT:USDT,0.8321,12499.99,0.832,1320.96,0.8322,5.71,0.8323,518.78
1753591963980,04:52:43.980,phemex,ADA/USDT:USDT,0.8321,12499.99,0.832,1320.96,0.8322,5.71,0.8323,518.78
1753591964016,04:52:44.016,phemex,ADA/USDT:USDT,0.8321,12499.99,0.832,1320.96,0.8322,5.71,0.8323,518.78
1753591964202,04:52:44.202,phemex,ADA/USDT:USDT,0.8321,12499.99,0.832,1320.96,0.8322,5.71,0.8323,518.78
1753591964327,04:52:44.327,phemex,ADA/USDT:USDT,0.8321,12499.99,0.832,1320.96,0.8322,5.71,0.8323,518.78
1753591964368,04:52:44.368,phemex,ADA/USDT:USDT,0.8321,12499.99,0.832,1320.96,0.8322,5.71,0.8323,518.78
1753591964713,04:52:44.713,phemex,ADA/USDT:USDT,0.8321,13608.29,0.832,1320.96,0.8322,5.71,0.8323,518.78
1753591964736,04:52:44.736,phemex,ADA/USDT:USDT,0.8321,13608.29,0.832,1320.96,0.8322,5.71,0.8323,518.78
1753591965134,04:52:45.134,phemex,ADA/USDT:USDT,0.8321,13608.29,0.832,1320.96,0.8322,5.71,0.8323,518.78
1753591965248,04:52:45.248,phemex,ADA/USDT:USDT,0.8321,13608.29,0.832,1320.96,0.8322,5.71,0.8323,518.78
1753591965274,04:52:45.274,phemex,ADA/USDT:USDT,0.8321,13608.29,0.832,1320.96,0.8322,5.71,0.8323,518.78
1753591965298,04:52:45.298,phemex,ADA/USDT:USDT,0.8321,13608.29,0.832,1320.96,0.8322,5.71,0.8323,518.78
1753591965343,04:52:45.343,phemex,ADA/USDT:USDT,0.8321,13608.29,0.832,1320.96,0.8322,5.71,0.8323,518.78
1753591965512,04:52:45.512,phemex,ADA/USDT:USDT,0.8321,13608.29,0.832,1320.96,0.8322,5.71,0.8323,518.78
1753591965519,04:52:45.519,phemex,ADA/USDT:USDT,0.8321,13608.29,0.832,1320.96,0.8322,5.71,0.8323,518.78
1753591966845,04:52:46.845,phemex,ADA/USDT:USDT,0.8321,13608.29,0.832,1320.96,0.8322,5.71,0.8323,518.78
1753591966858,04:52:46.858,phemex,ADA/USDT:USDT,0.8321,13608.29,0.832,1320.96,0.8322,5.71,0.8323,518.78
1753591966928,04:52:46.928,phemex,ADA/USDT:USDT,0.8321,13608.29,0.832,1320.96,0.8322,5.71,0.8323,518.78
1753591966984,04:52:46.984,phemex,ADA/USDT:USDT,0.8321,13608.29,0.832,1320.96,0.8322,5.71,0.8323,518.78
1753591967052,04:52:47.052,phemex,ADA/USDT:USDT,0.8321,13608.29,0.832,1320.96,0.8322,5.71,0.8323,518.78
1753591967985,04:52:47.985,phemex,ADA/USDT:USDT,0.8321,13608.29,0.832,1320.96,0.8322,5.71,0.8324,1543.69
1753591968021,04:52:48.021,phemex,ADA/USDT:USDT,0.8321,13608.29,0.832,1320.96,0.8322,5.71,0.8324,1543.69
1753591968062,04:52:48.062,phemex,ADA/USDT:USDT,0.8321,13608.29,0.832,1320.96,0.8322,5.71,0.8324,1543.69
1753591968085,04:52:48.085,phemex,ADA/USDT:USDT,0.8321,13608.29,0.832,1320.96,0.8322,5.71,0.8324,1543.69
1753591968096,04:52:48.096,phemex,ADA/USDT:USDT,0.8321,13608.29,0.832,1320.96,0.8322,5.71,0.8324,1543.69
1753591968255,04:52:48.255,phemex,ADA/USDT:USDT,0.8321,13608.29,0.832,1320.96,0.8322,5.71,0.8324,1543.69
1753591968338,04:52:48.338,phemex,ADA/USDT:USDT,0.8321,13608.29,0.832,1320.96,0.8322,5.71,0.8324,1543.69
1753591968443,04:52:48.443,phemex,ADA/USDT:USDT,0.8321,13608.29,0.832,1320.96,0.8322,5.71,0.8324,1543.69
1753591968513,04:52:48.513,phemex,ADA/USDT:USDT,0.8321,13608.29,0.832,1320.96,0.8322,5.71,0.8324,530.67
1753591968523,04:52:48.523,phemex,ADA/USDT:USDT,0.8321,13680.39,0.832,1320.96,0.8322,5.71,0.8324,530.67
1753591968557,04:52:48.557,phemex,ADA/USDT:USDT,0.8321,13680.39,0.832,1320.96,0.8322,5.71,0.8324,530.67
1753591968588,04:52:48.588,phemex,ADA/USDT:USDT,0.8321,13680.39,0.832,1320.96,0.8322,5.71,0.8324,530.67
1753591968638,04:52:48.638,phemex,ADA/USDT:USDT,0.8321,13680.39,0.832,1320.96,0.8322,5.71,0.8324,530.67
1753591968849,04:52:48.849,phemex,ADA/USDT:USDT,0.8321,13680.39,0.832,1320.96,0.8322,5.71,0.8324,530.67
1753591968860,04:52:48.860,phemex,ADA/USDT:USDT,0.8321,13680.39,0.832,1320.96,0.8322,5.71,0.8324,530.67
1753591968927,04:52:48.927,phemex,ADA/USDT:USDT,0.8321,13680.39,0.832,1843.78,0.8322,5.71,0.8324,530.67
1753591968999,04:52:48.999,phemex,ADA/USDT:USDT,0.8321,13680.39,0.832,1843.78,0.8322,5.71,0.8324,530.67
1753591969002,04:52:49.002,phemex,ADA/USDT:USDT,0.8321,13680.39,0.832,1843.78,0.8322,5.71,0.8324,2.82
1753591969042,04:52:49.042,phemex,ADA/USDT:USDT,0.8321,13680.39,0.832,1843.78,0.8322,5.71,0.8324,2.82
1753591969069,04:52:49.069,phemex,ADA/USDT:USDT,0.8321,13680.39,0.832,1843.78,0.8322,5.71,0.8324,2.82
1753591969418,04:52:49.418,phemex,ADA/USDT:USDT,0.8321,13680.39,0.832,1843.78,0.8322,5.71,0.8324,2.82
1753591969615,04:52:49.615,phemex,ADA/USDT:USDT,0.8321,13680.39,0.832,1843.78,0.8322,5.71,0.8324,2.82
1753591969644,04:52:49.644,phemex,ADA/USDT:USDT,0.8321,13680.39,0.832,1843.78,0.8322,5.71,0.8324,2.82
1753591969714,04:52:49.714,phemex,ADA/USDT:USDT,0.8321,13680.39,0.832,1843.78,0.8322,5.71,0.8324,2.82
1753591969763,04:52:49.763,phemex,ADA/USDT:USDT,0.8321,13680.39,0.832,1843.78,0.8322,5.71,0.8324,2.82
1753591969794,04:52:49.794,phemex,ADA/USDT:USDT,0.8321,13680.39,0.832,1843.78,0.8322,5.71,0.8324,2.82
1753591969927,04:52:49.927,phemex,ADA/USDT:USDT,0.8321,13680.39,0.832,1843.78,0.8322,5.71,0.8324,2.82
1753591969932,04:52:49.932,phemex,ADA/USDT:USDT,0.8321,13680.39,0.832,1843.78,0.8322,5.71,0.8324,2.82
1753591970016,04:52:50.016,phemex,ADA/USDT:USDT,0.8321,13680.39,0.832,1843.78,0.8322,5.71,0.8324,2.82
1753591970046,04:52:50.046,phemex,ADA/USDT:USDT,0.8321,13680.39,0.832,1843.78,0.8322,5.71,0.8324,2.82
1753591970148,04:52:50.148,phemex,ADA/USDT:USDT,0.8321,13680.39,0.832,1843.78,0.8322,5.71,0.8324,2.82
1753591970497,04:52:50.497,phemex,ADA/USDT:USDT,0.8321,13680.39,0.832,1843.78,0.8322,5.71,0.8324,2.82
1753591970526,04:52:50.526,phemex,ADA/USDT:USDT,0.8321,13680.39,0.832,1843.78,0.8322,5.71,0.8324,2.82
1753591970575,04:52:50.575,phemex,ADA/USDT:USDT,0.8321,13680.39,0.832,1843.78,0.8322,5.71,0.8324,2.82
1753591970823,04:52:50.823,phemex,ADA/USDT:USDT,0.8321,13680.39,0.832,1843.78,0.8322,5.71,0.8324,2.82
1753591970852,04:52:50.852,phemex,ADA/USDT:USDT,0.8321,13680.39,0.832,1843.78,0.8322,5.71,0.8324,2.82
