timestamp,time,exchange,symbol,bid1_price,bid1_volume,bid2_price,bid2_volume,ask1_price,ask1_volume,ask2_price,ask2_volume
1753591889000,04:51:29.000,gateio,AAVE/USDT:USDT,296.56,66.0,296.54,654.0,296.57,708.0,296.6,141.0
1753591889658,04:51:29.658,gateio,AAVE/USDT:USDT,296.54,654.0,296.52,41.0,296.57,708.0,296.6,141.0
1753591889705,04:51:29.705,gateio,AAVE/USDT:USDT,296.54,654.0,296.52,41.0,296.57,708.0,296.6,137.0
1753591889887,04:51:29.887,gateio,AAVE/USDT:USDT,296.54,654.0,296.52,41.0,296.57,708.0,296.6,137.0
1753591889950,04:51:29.950,gateio,AAVE/USDT:USDT,296.55,25.0,296.54,654.0,296.6,96.0,296.62,227.0
1753591890098,04:51:30.098,gateio,AAVE/USDT:USDT,296.55,66.0,296.54,679.0,296.58,244.0,296.59,853.0
1753591890107,04:51:30.107,gateio,AAVE/USDT:USDT,296.55,66.0,296.54,679.0,296.58,244.0,296.59,853.0
1753591890302,04:51:30.302,gateio,AAVE/USDT:USDT,296.55,66.0,296.54,679.0,296.58,244.0,296.59,853.0
1753591890483,04:51:30.483,gateio,AAVE/USDT:USDT,296.55,66.0,296.54,654.0,296.57,798.0,296.59,41.0
1753591890584,04:51:30.584,gateio,AAVE/USDT:USDT,296.55,66.0,296.54,654.0,296.57,798.0,296.6,96.0
1753591890778,04:51:30.778,gateio,AAVE/USDT:USDT,296.55,91.0,296.54,654.0,296.61,96.0,296.62,131.0
1753591890843,04:51:30.843,gateio,AAVE/USDT:USDT,296.55,66.0,296.54,654.0,296.59,254.0,296.6,982.0
1753591890998,04:51:30.998,gateio,AAVE/USDT:USDT,296.56,671.0,296.55,66.0,296.59,254.0,296.6,982.0
1753591891081,04:51:31.081,gateio,AAVE/USDT:USDT,296.56,671.0,296.52,41.0,296.58,794.0,296.61,96.0
1753591891122,04:51:31.122,gateio,AAVE/USDT:USDT,296.56,671.0,296.52,41.0,296.58,794.0,296.61,96.0
1753591891382,04:51:31.382,gateio,AAVE/USDT:USDT,296.56,696.0,296.55,41.0,296.61,96.0,296.62,131.0
1753591891456,04:51:31.456,gateio,AAVE/USDT:USDT,296.56,671.0,296.55,41.0,296.6,272.0,296.61,906.0
1753591891537,04:51:31.537,gateio,AAVE/USDT:USDT,296.56,671.0,296.55,41.0,296.6,272.0,296.61,902.0
1753591891972,04:51:31.972,gateio,AAVE/USDT:USDT,296.56,671.0,296.52,41.0,296.58,240.0,296.59,800.0
1753591892119,04:51:32.119,gateio,AAVE/USDT:USDT,296.56,671.0,296.52,41.0,296.58,240.0,296.59,800.0
1753591892356,04:51:32.356,gateio,AAVE/USDT:USDT,296.56,671.0,296.52,41.0,296.58,240.0,296.59,800.0
1753591892442,04:51:32.442,gateio,AAVE/USDT:USDT,296.56,671.0,296.54,96.0,296.58,240.0,296.59,800.0
1753591892789,04:51:32.789,gateio,AAVE/USDT:USDT,296.58,66.0,296.56,671.0,296.62,227.0,296.63,878.0
1753591892882,04:51:32.882,gateio,AAVE/USDT:USDT,296.56,671.0,296.54,96.0,296.6,241.0,296.61,803.0
1753591892919,04:51:32.919,gateio,AAVE/USDT:USDT,296.56,671.0,296.54,96.0,296.6,241.0,296.61,803.0
1753591893087,04:51:33.087,gateio,AAVE/USDT:USDT,296.56,671.0,296.54,96.0,296.6,241.0,296.61,803.0
1753591893177,04:51:33.177,gateio,AAVE/USDT:USDT,296.56,671.0,296.54,96.0,296.6,241.0,296.61,803.0
1753591893537,04:51:33.537,gateio,AAVE/USDT:USDT,296.56,671.0,296.54,96.0,296.6,241.0,296.61,803.0
1753591894374,04:51:34.374,gateio,AAVE/USDT:USDT,296.56,671.0,296.54,96.0,296.6,241.0,296.61,803.0
1753591894426,04:51:34.426,gateio,AAVE/USDT:USDT,296.56,671.0,296.54,96.0,296.6,241.0,296.61,803.0
1753591894541,04:51:34.541,gateio,AAVE/USDT:USDT,296.56,671.0,296.53,116.0,296.59,724.0,296.62,265.0
1753591894868,04:51:34.868,gateio,AAVE/USDT:USDT,296.56,671.0,296.54,93.0,296.59,724.0,296.61,41.0
1753591895285,04:51:35.285,gateio,AAVE/USDT:USDT,296.56,671.0,296.54,93.0,296.59,724.0,296.61,41.0
1753591895943,04:51:35.943,gateio,AAVE/USDT:USDT,296.56,671.0,296.54,93.0,296.59,724.0,296.61,41.0
1753591896094,04:51:36.094,gateio,AAVE/USDT:USDT,296.54,66.0,296.53,116.0,296.58,310.0,296.59,724.0
1753591896197,04:51:36.197,gateio,AAVE/USDT:USDT,296.55,66.0,296.52,777.0,296.57,773.0,296.58,217.0
1753591896289,04:51:36.289,gateio,AAVE/USDT:USDT,296.55,66.0,296.54,772.0,296.57,773.0,296.59,41.0
1753591896675,04:51:36.675,gateio,AAVE/USDT:USDT,296.57,66.0,296.56,760.0,296.59,223.0,296.6,742.0
1753591896839,04:51:36.839,gateio,AAVE/USDT:USDT,296.57,66.0,296.56,760.0,296.59,223.0,296.6,742.0
1753591897043,04:51:37.043,gateio,AAVE/USDT:USDT,296.57,66.0,296.56,760.0,296.59,223.0,296.6,742.0
1753591897562,04:51:37.562,gateio,AAVE/USDT:USDT,296.56,760.0,296.53,93.0,296.59,223.0,296.6,742.0
1753591897655,04:51:37.655,gateio,AAVE/USDT:USDT,296.56,760.0,296.53,93.0,296.59,223.0,296.6,742.0
1753591898022,04:51:38.022,gateio,AAVE/USDT:USDT,296.56,760.0,296.53,93.0,296.59,223.0,296.6,742.0
1753591898354,04:51:38.354,gateio,AAVE/USDT:USDT,296.56,760.0,296.54,41.0,296.59,223.0,296.6,742.0
1753591898478,04:51:38.478,gateio,AAVE/USDT:USDT,296.56,760.0,296.54,41.0,296.59,223.0,296.6,742.0
1753591898507,04:51:38.507,gateio,AAVE/USDT:USDT,296.56,760.0,296.54,41.0,296.59,223.0,296.6,742.0
1753591898930,04:51:38.930,gateio,AAVE/USDT:USDT,296.56,760.0,296.54,41.0,296.59,223.0,296.6,742.0
1753591899592,04:51:39.592,gateio,AAVE/USDT:USDT,296.6,66.0,296.57,93.0,296.63,541.0,296.64,1736.0
1753591899692,04:51:39.692,gateio,AAVE/USDT:USDT,296.62,66.0,296.61,699.0,296.64,257.0,296.65,856.0
1753591899779,04:51:39.779,gateio,AAVE/USDT:USDT,296.62,66.0,296.61,699.0,296.64,257.0,296.65,856.0
1753591899861,04:51:39.861,gateio,AAVE/USDT:USDT,296.62,66.0,296.61,699.0,296.64,257.0,296.65,856.0
1753591899999,04:51:39.999,gateio,AAVE/USDT:USDT,296.62,66.0,296.61,699.0,296.64,257.0,296.65,856.0
1753591900023,04:51:40.023,gateio,AAVE/USDT:USDT,296.62,66.0,296.61,699.0,296.64,257.0,296.65,856.0
1753591900129,04:51:40.129,gateio,AAVE/USDT:USDT,296.62,66.0,296.61,699.0,296.64,257.0,296.65,856.0
1753591900247,04:51:40.247,gateio,AAVE/USDT:USDT,296.62,66.0,296.61,699.0,296.64,257.0,296.65,856.0
1753591900446,04:51:40.446,gateio,AAVE/USDT:USDT,296.62,66.0,296.61,699.0,296.64,257.0,296.65,856.0
1753591900588,04:51:40.588,gateio,AAVE/USDT:USDT,296.63,66.0,296.61,740.0,296.67,121.0,296.68,669.0
1753591900691,04:51:40.691,gateio,AAVE/USDT:USDT,296.64,741.0,296.59,210.0,296.67,121.0,296.68,669.0
1753591900796,04:51:40.796,gateio,AAVE/USDT:USDT,296.64,741.0,296.59,210.0,296.66,298.0,296.67,992.0
1753591900897,04:51:40.897,gateio,AAVE/USDT:USDT,296.64,741.0,296.59,210.0,296.66,298.0,296.67,992.0
1753591900975,04:51:40.975,gateio,AAVE/USDT:USDT,296.64,741.0,296.59,210.0,296.66,298.0,296.67,996.0
1753591901013,04:51:41.013,gateio,AAVE/USDT:USDT,296.64,741.0,296.59,210.0,296.66,298.0,296.67,899.0
1753591901153,04:51:41.153,gateio,AAVE/USDT:USDT,296.64,741.0,296.59,210.0,296.66,298.0,296.67,899.0
1753591901221,04:51:41.221,gateio,AAVE/USDT:USDT,296.64,741.0,296.59,210.0,296.66,298.0,296.67,1011.0
1753591901387,04:51:41.387,gateio,AAVE/USDT:USDT,296.59,117.0,296.57,93.0,296.65,93.0,296.66,339.0
1753591901474,04:51:41.474,gateio,AAVE/USDT:USDT,296.59,117.0,296.57,93.0,296.65,97.0,296.66,339.0
1753591901592,04:51:41.592,gateio,AAVE/USDT:USDT,296.62,66.0,296.6,680.0,296.64,229.0,296.65,763.0
1753591901682,04:51:41.682,gateio,AAVE/USDT:USDT,296.62,766.0,296.58,41.0,296.64,229.0,296.65,759.0
1753591901776,04:51:41.776,gateio,AAVE/USDT:USDT,296.62,766.0,296.58,41.0,296.64,229.0,296.65,759.0
1753591901987,04:51:41.987,gateio,AAVE/USDT:USDT,296.62,766.0,296.58,41.0,296.64,229.0,296.65,759.0
1753591902195,04:51:42.195,gateio,AAVE/USDT:USDT,296.62,766.0,296.58,41.0,296.64,229.0,296.65,759.0
1753591902201,04:51:42.201,gateio,AAVE/USDT:USDT,296.62,766.0,296.58,41.0,296.64,229.0,296.65,759.0
1753591902424,04:51:42.424,gateio,AAVE/USDT:USDT,296.62,766.0,296.58,41.0,296.64,229.0,296.65,759.0
1753591902881,04:51:42.881,gateio,AAVE/USDT:USDT,296.62,766.0,296.58,41.0,296.64,229.0,296.65,759.0
1753591903458,04:51:43.458,gateio,AAVE/USDT:USDT,296.62,766.0,296.58,41.0,296.64,229.0,296.65,759.0
1753591903504,04:51:43.504,gateio,AAVE/USDT:USDT,296.62,766.0,296.58,41.0,296.64,229.0,296.65,759.0
1753591903601,04:51:43.601,gateio,AAVE/USDT:USDT,296.62,766.0,296.58,41.0,296.64,229.0,296.65,759.0
1753591903798,04:51:43.798,gateio,AAVE/USDT:USDT,296.66,66.0,296.63,66.0,296.67,124.0,296.68,691.0
1753591903881,04:51:43.881,gateio,AAVE/USDT:USDT,296.66,66.0,296.65,769.0,296.67,53.0,296.68,794.0
1753591903965,04:51:43.965,gateio,AAVE/USDT:USDT,296.66,66.0,296.65,769.0,296.67,53.0,296.68,794.0
1753591904087,04:51:44.087,gateio,AAVE/USDT:USDT,296.66,66.0,296.65,769.0,296.67,53.0,296.68,794.0
1753591904246,04:51:44.246,gateio,AAVE/USDT:USDT,296.66,66.0,296.65,769.0,296.67,53.0,296.68,794.0
1753591904897,04:51:44.897,gateio,AAVE/USDT:USDT,296.65,769.0,296.62,41.0,296.67,53.0,296.68,794.0
1753591904997,04:51:44.997,gateio,AAVE/USDT:USDT,296.65,769.0,296.62,41.0,296.67,53.0,296.68,701.0
1753591905098,04:51:45.098,gateio,AAVE/USDT:USDT,296.65,769.0,296.61,93.0,296.67,766.0,296.68,701.0
1753591905160,04:51:45.160,gateio,AAVE/USDT:USDT,296.6,93.0,296.59,25.0,296.66,230.0,296.67,807.0
1753591905288,04:51:45.288,gateio,AAVE/USDT:USDT,296.64,66.0,296.63,714.0,296.65,4.0,296.66,230.0
1753591905393,04:51:45.393,gateio,AAVE/USDT:USDT,296.65,66.0,296.63,714.0,296.67,766.0,296.68,504.0
1753591905484,04:51:45.484,gateio,AAVE/USDT:USDT,296.65,850.0,296.6,210.0,296.67,766.0,296.68,504.0
1753591905567,04:51:45.567,gateio,AAVE/USDT:USDT,296.65,850.0,296.6,210.0,296.67,766.0,296.68,504.0
1753591905813,04:51:45.813,gateio,AAVE/USDT:USDT,296.65,850.0,296.62,82.0,296.67,766.0,296.68,504.0
1753591905921,04:51:45.921,gateio,AAVE/USDT:USDT,296.65,850.0,296.62,82.0,296.67,766.0,296.68,504.0
1753591906486,04:51:46.486,gateio,AAVE/USDT:USDT,296.65,850.0,296.62,82.0,296.67,766.0,296.68,504.0
1753591906618,04:51:46.618,gateio,AAVE/USDT:USDT,296.65,850.0,296.62,82.0,296.67,53.0,296.68,504.0
1753591906707,04:51:46.707,gateio,AAVE/USDT:USDT,296.65,850.0,296.62,82.0,296.67,53.0,296.68,504.0
1753591906899,04:51:46.899,gateio,AAVE/USDT:USDT,296.65,850.0,296.62,82.0,296.67,53.0,296.68,1346.0
1753591906921,04:51:46.921,gateio,AAVE/USDT:USDT,296.65,850.0,296.62,82.0,296.67,309.0,296.68,1346.0
1753591907002,04:51:47.002,gateio,AAVE/USDT:USDT,296.65,850.0,296.62,82.0,296.67,309.0,296.68,1346.0
1753591907425,04:51:47.425,gateio,AAVE/USDT:USDT,296.65,850.0,296.62,82.0,296.67,309.0,296.68,1346.0
1753591907985,04:51:47.985,gateio,AAVE/USDT:USDT,296.65,850.0,296.62,82.0,296.67,309.0,296.68,1346.0
1753591908084,04:51:48.084,gateio,AAVE/USDT:USDT,296.65,850.0,296.62,82.0,296.67,309.0,296.68,1346.0
1753591908365,04:51:48.365,gateio,AAVE/USDT:USDT,296.65,850.0,296.62,82.0,296.67,309.0,296.68,1346.0
1753591908923,04:51:48.923,gateio,AAVE/USDT:USDT,296.65,850.0,296.62,82.0,296.67,309.0,296.68,1346.0
1753591909002,04:51:49.002,gateio,AAVE/USDT:USDT,296.65,850.0,296.62,82.0,296.67,309.0,296.68,1346.0
1753591909278,04:51:49.278,gateio,AAVE/USDT:USDT,296.65,850.0,296.62,82.0,296.67,309.0,296.68,1346.0
1753591909525,04:51:49.525,gateio,AAVE/USDT:USDT,296.65,850.0,296.62,82.0,296.67,309.0,296.68,1346.0
1753591909741,04:51:49.741,gateio,AAVE/USDT:USDT,296.65,850.0,296.63,93.0,296.67,309.0,296.68,852.0
1753591909801,04:51:49.801,gateio,AAVE/USDT:USDT,296.65,850.0,296.63,93.0,296.67,309.0,296.68,1374.0
1753591909923,04:51:49.923,gateio,AAVE/USDT:USDT,296.65,850.0,296.62,82.0,296.67,309.0,296.68,1374.0
1753591910188,04:51:50.188,gateio,AAVE/USDT:USDT,296.65,850.0,296.62,82.0,296.67,309.0,296.68,1374.0
1753591910217,04:51:50.217,gateio,AAVE/USDT:USDT,296.65,850.0,296.62,82.0,296.67,309.0,296.68,1374.0
1753591910418,04:51:50.418,gateio,AAVE/USDT:USDT,296.65,850.0,296.62,82.0,296.67,309.0,296.68,1374.0
1753591911026,04:51:51.026,gateio,AAVE/USDT:USDT,296.65,850.0,296.62,82.0,296.67,309.0,296.68,1374.0
1753591911554,04:51:51.554,gateio,AAVE/USDT:USDT,296.65,850.0,296.62,82.0,296.67,309.0,296.68,1374.0
1753591911692,04:51:51.692,gateio,AAVE/USDT:USDT,296.62,41.0,296.61,41.0,296.66,93.0,296.67,309.0
1753591911790,04:51:51.790,gateio,AAVE/USDT:USDT,296.6,118.0,296.59,747.0,296.64,287.0,296.65,863.0
1753591911893,04:51:51.893,gateio,AAVE/USDT:USDT,296.61,706.0,296.6,159.0,296.67,53.0,296.68,532.0
1753591911998,04:51:51.998,gateio,AAVE/USDT:USDT,296.63,700.0,296.62,159.0,296.67,57.0,296.68,1336.0
1753591912085,04:51:52.085,gateio,AAVE/USDT:USDT,296.66,66.0,296.65,758.0,296.67,57.0,296.68,532.0
1753591912193,04:51:52.193,gateio,AAVE/USDT:USDT,296.66,66.0,296.65,758.0,296.67,53.0,296.68,532.0
1753591912207,04:51:52.207,gateio,AAVE/USDT:USDT,296.66,66.0,296.65,758.0,296.67,53.0,296.68,1303.0
1753591912392,04:51:52.392,gateio,AAVE/USDT:USDT,296.66,66.0,296.65,758.0,296.67,53.0,296.68,1303.0
1753591912532,04:51:52.532,gateio,AAVE/USDT:USDT,296.66,66.0,296.65,758.0,296.67,53.0,296.68,1303.0
1753591912757,04:51:52.757,gateio,AAVE/USDT:USDT,296.66,66.0,296.65,758.0,296.67,53.0,296.68,1303.0
1753591913076,04:51:53.076,gateio,AAVE/USDT:USDT,296.66,66.0,296.65,758.0,296.67,53.0,296.68,1303.0
1753591913149,04:51:53.149,gateio,AAVE/USDT:USDT,296.65,758.0,296.62,159.0,296.67,287.0,296.68,1303.0
1753591913252,04:51:53.252,gateio,AAVE/USDT:USDT,296.65,758.0,296.62,159.0,296.67,287.0,296.68,1303.0
1753591913675,04:51:53.675,gateio,AAVE/USDT:USDT,296.65,758.0,296.62,159.0,296.67,287.0,296.68,1303.0
1753591914035,04:51:54.035,gateio,AAVE/USDT:USDT,296.65,758.0,296.62,159.0,296.67,287.0,296.68,1303.0
1753591914497,04:51:54.497,gateio,AAVE/USDT:USDT,296.65,758.0,296.62,159.0,296.67,287.0,296.68,1303.0
1753591914799,04:51:54.799,gateio,AAVE/USDT:USDT,296.62,66.0,296.61,82.0,296.67,287.0,296.68,1303.0
1753591914892,04:51:54.892,gateio,AAVE/USDT:USDT,296.64,66.0,296.61,66.0,296.66,2.0,296.67,287.0
1753591914996,04:51:54.996,gateio,AAVE/USDT:USDT,296.65,66.0,296.64,746.0,296.67,287.0,296.68,1344.0
1753591915008,04:51:55.008,gateio,AAVE/USDT:USDT,296.65,66.0,296.64,746.0,296.67,287.0,296.68,1344.0
1753591915328,04:51:55.328,gateio,AAVE/USDT:USDT,296.65,66.0,296.64,746.0,296.67,287.0,296.68,1344.0
1753591915539,04:51:55.539,gateio,AAVE/USDT:USDT,296.65,66.0,296.64,746.0,296.67,287.0,296.68,1344.0
1753591915742,04:51:55.742,gateio,AAVE/USDT:USDT,296.65,66.0,296.64,746.0,296.67,287.0,296.68,1344.0
1753591916112,04:51:56.112,gateio,AAVE/USDT:USDT,296.65,66.0,296.64,746.0,296.67,287.0,296.68,1344.0
1753591916201,04:51:56.201,gateio,AAVE/USDT:USDT,296.65,66.0,296.64,746.0,296.67,287.0,296.68,1344.0
1753591916399,04:51:56.399,gateio,AAVE/USDT:USDT,296.65,66.0,296.64,746.0,296.67,287.0,296.68,1344.0
1753591916975,04:51:56.975,gateio,AAVE/USDT:USDT,296.65,66.0,296.64,746.0,296.67,287.0,296.68,1303.0
1753591917053,04:51:57.053,gateio,AAVE/USDT:USDT,296.65,66.0,296.64,746.0,296.67,287.0,296.68,1303.0
1753591917382,04:51:57.382,gateio,AAVE/USDT:USDT,296.65,66.0,296.64,746.0,296.67,287.0,296.68,1303.0
1753591917448,04:51:57.448,gateio,AAVE/USDT:USDT,296.64,746.0,296.61,107.0,296.67,287.0,296.68,1303.0
1753591917562,04:51:57.562,gateio,AAVE/USDT:USDT,296.64,746.0,296.62,96.0,296.67,287.0,296.68,1303.0
1753591917765,04:51:57.765,gateio,AAVE/USDT:USDT,296.64,746.0,296.62,96.0,296.67,287.0,296.68,1303.0
1753591918554,04:51:58.554,gateio,AAVE/USDT:USDT,296.64,746.0,296.62,96.0,296.67,287.0,296.68,1303.0
1753591919788,04:51:59.788,gateio,AAVE/USDT:USDT,296.64,746.0,296.62,96.0,296.67,287.0,296.68,1303.0
1753591920055,04:52:00.055,gateio,AAVE/USDT:USDT,296.64,746.0,296.62,96.0,296.67,287.0,296.68,1303.0
1753591920482,04:52:00.482,gateio,AAVE/USDT:USDT,296.64,746.0,296.61,107.0,296.66,847.0,296.67,53.0
1753591920585,04:52:00.585,gateio,AAVE/USDT:USDT,296.64,746.0,296.61,107.0,296.66,847.0,296.67,53.0
1753591920801,04:52:00.801,gateio,AAVE/USDT:USDT,296.64,746.0,296.62,96.0,296.66,847.0,296.67,53.0
1753591921497,04:52:01.497,gateio,AAVE/USDT:USDT,296.66,187.0,296.64,828.0,296.67,53.0,296.68,10.0
1753591921585,04:52:01.585,gateio,AAVE/USDT:USDT,296.66,944.0,296.64,82.0,296.67,53.0,296.68,10.0
1753591921682,04:52:01.682,gateio,AAVE/USDT:USDT,296.68,96.0,296.67,206.0,296.69,5.0,296.71,10.0
1753591921796,04:52:01.796,gateio,AAVE/USDT:USDT,296.7,866.0,296.69,66.0,296.71,10.0,296.72,4.0
1753591921890,04:52:01.890,gateio,AAVE/USDT:USDT,296.7,907.0,296.69,66.0,296.71,10.0,296.73,4.0
1753591921998,04:52:01.998,gateio,AAVE/USDT:USDT,296.7,907.0,296.69,66.0,296.71,10.0,296.73,4.0
1753591922093,04:52:02.093,gateio,AAVE/USDT:USDT,296.7,811.0,296.69,66.0,296.71,10.0,296.73,4.0
1753591922198,04:52:02.198,gateio,AAVE/USDT:USDT,296.7,729.0,296.69,25.0,296.71,10.0,296.72,706.0
1753591922298,04:52:02.298,gateio,AAVE/USDT:USDT,296.67,121.0,296.64,94.0,296.71,10.0,296.72,706.0
1753591922398,04:52:02.398,gateio,AAVE/USDT:USDT,296.7,66.0,296.67,803.0,296.71,10.0,296.72,706.0
1753591922484,04:52:02.484,gateio,AAVE/USDT:USDT,296.66,66.0,296.63,25.0,296.69,96.0,296.7,808.0
1753591922562,04:52:02.562,gateio,AAVE/USDT:USDT,296.66,66.0,296.64,787.0,296.68,703.0,296.71,188.0
1753591922612,04:52:02.612,gateio,AAVE/USDT:USDT,296.66,66.0,296.64,787.0,296.68,703.0,296.71,188.0
1753591922774,04:52:02.774,gateio,AAVE/USDT:USDT,296.66,66.0,296.64,787.0,296.68,703.0,296.71,188.0
1753591922899,04:52:02.899,gateio,AAVE/USDT:USDT,296.66,66.0,296.64,787.0,296.68,703.0,296.71,106.0
1753591922980,04:52:02.980,gateio,AAVE/USDT:USDT,296.66,66.0,296.64,787.0,296.68,703.0,296.71,106.0
1753591923060,04:52:03.060,gateio,AAVE/USDT:USDT,296.66,66.0,296.64,787.0,296.68,703.0,296.71,106.0
1753591923164,04:52:03.164,gateio,AAVE/USDT:USDT,296.66,66.0,296.64,787.0,296.68,703.0,296.71,106.0
1753591923797,04:52:03.797,gateio,AAVE/USDT:USDT,296.66,827.0,296.63,41.0,296.71,106.0,296.75,291.0
1753591923891,04:52:03.891,gateio,AAVE/USDT:USDT,296.69,66.0,296.67,25.0,296.7,2.0,296.71,10.0
1753591923999,04:52:03.999,gateio,AAVE/USDT:USDT,296.7,66.0,296.66,736.0,296.71,884.0,296.73,94.0
1753591924077,04:52:04.077,gateio,AAVE/USDT:USDT,296.7,66.0,296.66,736.0,296.71,884.0,296.72,2.0
1753591924294,04:52:04.294,gateio,AAVE/USDT:USDT,296.7,66.0,296.68,725.0,296.71,10.0,296.72,2.0
1753591924384,04:52:04.384,gateio,AAVE/USDT:USDT,296.7,840.0,296.67,41.0,296.71,10.0,296.74,866.0
1753591924421,04:52:04.421,gateio,AAVE/USDT:USDT,296.7,840.0,296.67,41.0,296.71,10.0,296.73,260.0
1753591924589,04:52:04.589,gateio,AAVE/USDT:USDT,296.7,840.0,296.67,41.0,296.71,10.0,296.72,816.0
1753591924605,04:52:04.605,gateio,AAVE/USDT:USDT,296.7,840.0,296.67,41.0,296.71,10.0,296.72,814.0
1753591924786,04:52:04.786,gateio,AAVE/USDT:USDT,296.7,840.0,296.67,41.0,296.71,10.0,296.72,814.0
1753591924802,04:52:04.802,gateio,AAVE/USDT:USDT,296.7,840.0,296.67,41.0,296.71,10.0,296.72,814.0
1753591924985,04:52:04.985,gateio,AAVE/USDT:USDT,296.7,840.0,296.67,41.0,296.71,10.0,296.72,814.0
1753591925108,04:52:05.108,gateio,AAVE/USDT:USDT,296.7,840.0,296.68,41.0,296.71,10.0,296.72,814.0
1753591925243,04:52:05.243,gateio,AAVE/USDT:USDT,296.7,840.0,296.68,41.0,296.71,10.0,296.72,814.0
1753591925490,04:52:05.490,gateio,AAVE/USDT:USDT,296.7,840.0,296.68,135.0,296.71,10.0,296.75,94.0
1753591925505,04:52:05.505,gateio,AAVE/USDT:USDT,296.7,865.0,296.68,135.0,296.71,10.0,296.74,4.0
1753591925642,04:52:05.642,gateio,AAVE/USDT:USDT,296.7,840.0,296.68,135.0,296.71,10.0,296.74,284.0
1753591925709,04:52:05.709,gateio,AAVE/USDT:USDT,296.7,865.0,296.68,135.0,296.71,10.0,296.74,284.0
1753591925924,04:52:05.924,gateio,AAVE/USDT:USDT,296.7,840.0,296.68,135.0,296.71,10.0,296.73,791.0
1753591926067,04:52:06.067,gateio,AAVE/USDT:USDT,296.7,840.0,296.68,135.0,296.71,10.0,296.72,2.0
1753591926178,04:52:06.178,gateio,AAVE/USDT:USDT,296.69,66.0,296.65,119.0,296.71,10.0,296.72,239.0
1753591926250,04:52:06.250,gateio,AAVE/USDT:USDT,296.69,66.0,296.66,812.0,296.7,740.0,296.71,10.0
1753591926306,04:52:06.306,gateio,AAVE/USDT:USDT,296.69,66.0,296.66,812.0,296.7,740.0,296.71,10.0
1753591926470,04:52:06.470,gateio,AAVE/USDT:USDT,296.69,66.0,296.66,812.0,296.7,740.0,296.71,10.0
1753591926593,04:52:06.593,gateio,AAVE/USDT:USDT,296.69,66.0,296.68,788.0,296.7,740.0,296.71,10.0
1753591926699,04:52:06.699,gateio,AAVE/USDT:USDT,296.7,66.0,296.69,25.0,296.71,10.0,296.72,4.0
1753591926782,04:52:06.782,gateio,AAVE/USDT:USDT,296.7,66.0,296.68,829.0,296.71,10.0,296.72,238.0
1753591926894,04:52:06.894,gateio,AAVE/USDT:USDT,296.7,66.0,296.68,829.0,296.71,747.0,296.74,69.0
1753591926982,04:52:06.982,gateio,AAVE/USDT:USDT,296.7,66.0,296.68,829.0,296.71,10.0,296.73,4.0
1753591927093,04:52:07.093,gateio,AAVE/USDT:USDT,296.7,66.0,296.68,829.0,296.71,10.0,296.73,824.0
1753591927106,04:52:07.106,gateio,AAVE/USDT:USDT,296.7,66.0,296.68,829.0,296.71,10.0,296.72,249.0
1753591927205,04:52:07.205,gateio,AAVE/USDT:USDT,296.7,66.0,296.68,829.0,296.71,10.0,296.72,247.0
1753591927370,04:52:07.370,gateio,AAVE/USDT:USDT,296.7,66.0,296.68,788.0,296.71,10.0,296.72,247.0
1753591927569,04:52:07.569,gateio,AAVE/USDT:USDT,296.7,66.0,296.68,788.0,296.71,10.0,296.72,247.0
1753591927696,04:52:07.696,gateio,AAVE/USDT:USDT,296.7,66.0,296.68,788.0,296.71,10.0,296.72,247.0
1753591927794,04:52:07.794,gateio,AAVE/USDT:USDT,296.7,720.0,296.68,41.0,296.71,10.0,296.73,824.0
1753591927805,04:52:07.805,gateio,AAVE/USDT:USDT,296.7,720.0,296.68,135.0,296.71,10.0,296.72,2.0
1753591927944,04:52:07.944,gateio,AAVE/USDT:USDT,296.7,720.0,296.68,176.0,296.71,10.0,296.72,2.0
1753591928001,04:52:08.001,gateio,AAVE/USDT:USDT,296.7,720.0,296.68,176.0,296.71,10.0,296.72,2.0
1753591928267,04:52:08.267,gateio,AAVE/USDT:USDT,296.7,720.0,296.68,176.0,296.71,10.0,296.72,2.0
1753591928538,04:52:08.538,gateio,AAVE/USDT:USDT,296.7,720.0,296.68,176.0,296.71,10.0,296.72,2.0
1753591928686,04:52:08.686,gateio,AAVE/USDT:USDT,296.7,720.0,296.68,176.0,296.71,10.0,296.72,2.0
1753591928997,04:52:08.997,gateio,AAVE/USDT:USDT,296.7,745.0,296.68,176.0,296.71,10.0,296.72,2.0
1753591929078,04:52:09.078,gateio,AAVE/USDT:USDT,296.7,745.0,296.68,176.0,296.71,10.0,296.75,4.0
1753591929141,04:52:09.141,gateio,AAVE/USDT:USDT,296.7,745.0,296.68,176.0,296.71,10.0,296.75,243.0
1753591929388,04:52:09.388,gateio,AAVE/USDT:USDT,296.7,745.0,296.68,176.0,296.71,10.0,296.74,709.0
1753591929407,04:52:09.407,gateio,AAVE/USDT:USDT,296.7,745.0,296.68,176.0,296.71,10.0,296.73,4.0
1753591929764,04:52:09.764,gateio,AAVE/USDT:USDT,296.7,720.0,296.68,135.0,296.71,10.0,296.73,4.0
1753591929896,04:52:09.896,gateio,AAVE/USDT:USDT,296.7,720.0,296.68,135.0,296.71,10.0,296.73,4.0
1753591929941,04:52:09.941,gateio,AAVE/USDT:USDT,296.7,745.0,296.68,135.0,296.71,10.0,296.73,4.0
1753591930041,04:52:10.041,gateio,AAVE/USDT:USDT,296.7,720.0,296.68,135.0,296.71,10.0,296.73,4.0
1753591930360,04:52:10.360,gateio,AAVE/USDT:USDT,296.7,720.0,296.68,135.0,296.71,10.0,296.73,4.0
1753591930578,04:52:10.578,gateio,AAVE/USDT:USDT,296.7,720.0,296.68,135.0,296.71,10.0,296.73,4.0
1753591930742,04:52:10.742,gateio,AAVE/USDT:USDT,296.7,745.0,296.68,135.0,296.71,10.0,296.73,4.0
1753591930932,04:52:10.932,gateio,AAVE/USDT:USDT,296.7,745.0,296.69,41.0,296.71,10.0,296.73,4.0
1753591931062,04:52:11.062,gateio,AAVE/USDT:USDT,296.7,745.0,296.69,41.0,296.71,10.0,296.73,4.0
1753591931178,04:52:11.178,gateio,AAVE/USDT:USDT,296.7,745.0,296.69,41.0,296.71,10.0,296.76,871.0
1753591931206,04:52:11.206,gateio,AAVE/USDT:USDT,296.7,745.0,296.69,41.0,296.71,10.0,296.75,4.0
1753591931302,04:52:11.302,gateio,AAVE/USDT:USDT,296.7,745.0,296.69,41.0,296.71,10.0,296.75,265.0
1753591931494,04:52:11.494,gateio,AAVE/USDT:USDT,296.7,745.0,296.69,41.0,296.71,10.0,296.74,849.0
1753591931589,04:52:11.589,gateio,AAVE/USDT:USDT,296.7,745.0,296.68,135.0,296.71,10.0,296.73,4.0
1753591931998,04:52:11.998,gateio,AAVE/USDT:USDT,296.7,720.0,296.68,94.0,296.71,10.0,296.73,4.0
1753591932097,04:52:12.097,gateio,AAVE/USDT:USDT,296.7,720.0,296.68,94.0,296.71,10.0,296.73,259.0
1753591932105,04:52:12.105,gateio,AAVE/USDT:USDT,296.7,720.0,296.68,94.0,296.71,10.0,296.73,257.0
1753591932202,04:52:12.202,gateio,AAVE/USDT:USDT,296.7,720.0,296.68,94.0,296.71,10.0,296.73,257.0
1753591932561,04:52:12.561,gateio,AAVE/USDT:USDT,296.7,720.0,296.68,94.0,296.71,10.0,296.73,257.0
1753591932662,04:52:12.662,gateio,AAVE/USDT:USDT,296.7,745.0,296.68,94.0,296.71,10.0,296.72,797.0
1753591932705,04:52:12.705,gateio,AAVE/USDT:USDT,296.7,745.0,296.68,94.0,296.71,10.0,296.72,797.0
1753591932996,04:52:12.996,gateio,AAVE/USDT:USDT,296.7,745.0,296.68,94.0,296.71,10.0,296.72,797.0
1753591933002,04:52:13.002,gateio,AAVE/USDT:USDT,296.7,745.0,296.68,94.0,296.71,10.0,296.72,797.0
1753591933588,04:52:13.588,gateio,AAVE/USDT:USDT,296.7,745.0,296.68,94.0,296.71,10.0,296.72,797.0
1753591933606,04:52:13.606,gateio,AAVE/USDT:USDT,296.7,745.0,296.68,94.0,296.71,10.0,296.72,797.0
1753591933941,04:52:13.941,gateio,AAVE/USDT:USDT,296.7,745.0,296.69,41.0,296.71,10.0,296.8,120.0
1753591934036,04:52:14.036,gateio,AAVE/USDT:USDT,296.7,745.0,296.69,41.0,296.71,10.0,296.74,764.0
1753591934188,04:52:14.188,gateio,AAVE/USDT:USDT,296.7,745.0,296.69,82.0,296.71,10.0,296.73,4.0
1753591934216,04:52:14.216,gateio,AAVE/USDT:USDT,296.7,745.0,296.69,82.0,296.71,10.0,296.73,4.0
1753591934696,04:52:14.696,gateio,AAVE/USDT:USDT,296.7,745.0,296.69,82.0,296.71,10.0,296.73,4.0
1753591934712,04:52:14.712,gateio,AAVE/USDT:USDT,296.7,745.0,296.69,82.0,296.71,10.0,296.79,4.0
1753591934861,04:52:14.861,gateio,AAVE/USDT:USDT,296.7,745.0,296.69,82.0,296.71,10.0,296.75,259.0
1753591934906,04:52:14.906,gateio,AAVE/USDT:USDT,296.7,745.0,296.69,82.0,296.71,10.0,296.74,4.0
1753591935091,04:52:15.091,gateio,AAVE/USDT:USDT,296.7,745.0,296.69,82.0,296.71,10.0,296.74,4.0
1753591935661,04:52:15.661,gateio,AAVE/USDT:USDT,296.7,745.0,296.69,82.0,296.71,10.0,296.74,818.0
1753591936081,04:52:16.081,gateio,AAVE/USDT:USDT,296.7,745.0,296.69,82.0,296.71,10.0,296.74,4.0
1753591936119,04:52:16.119,gateio,AAVE/USDT:USDT,296.7,745.0,296.69,82.0,296.71,10.0,296.79,4.0
1753591936281,04:52:16.281,gateio,AAVE/USDT:USDT,296.7,745.0,296.69,82.0,296.71,10.0,296.75,240.0
1753591936306,04:52:16.306,gateio,AAVE/USDT:USDT,296.7,745.0,296.69,82.0,296.71,10.0,296.74,4.0
1753591936593,04:52:16.593,gateio,AAVE/USDT:USDT,296.7,745.0,296.69,82.0,296.71,10.0,296.74,4.0
1753591937098,04:52:17.098,gateio,AAVE/USDT:USDT,296.7,745.0,296.69,82.0,296.71,10.0,296.74,727.0
1753591937102,04:52:17.102,gateio,AAVE/USDT:USDT,296.7,745.0,296.69,82.0,296.71,10.0,296.74,727.0
1753591937541,04:52:17.541,gateio,AAVE/USDT:USDT,296.7,745.0,296.69,82.0,296.71,10.0,296.74,727.0
1753591937855,04:52:17.855,gateio,AAVE/USDT:USDT,296.7,745.0,296.69,82.0,296.71,10.0,296.74,727.0
1753591938092,04:52:18.092,gateio,AAVE/USDT:USDT,296.7,745.0,296.69,82.0,296.71,10.0,296.74,727.0
1753591938122,04:52:18.122,gateio,AAVE/USDT:USDT,296.7,745.0,296.69,82.0,296.71,10.0,296.74,727.0
1753591938989,04:52:18.989,gateio,AAVE/USDT:USDT,296.7,745.0,296.69,82.0,296.71,10.0,296.74,727.0
1753591939002,04:52:19.002,gateio,AAVE/USDT:USDT,296.7,745.0,296.69,82.0,296.71,10.0,296.74,727.0
1753591939121,04:52:19.121,gateio,AAVE/USDT:USDT,296.7,745.0,296.69,82.0,296.71,10.0,296.74,4.0
1753591939243,04:52:19.243,gateio,AAVE/USDT:USDT,296.7,745.0,296.69,82.0,296.71,10.0,296.75,767.0
1753591939306,04:52:19.306,gateio,AAVE/USDT:USDT,296.7,745.0,296.69,82.0,296.71,10.0,296.74,4.0
1753591939698,04:52:19.698,gateio,AAVE/USDT:USDT,296.7,745.0,296.69,41.0,296.71,10.0,296.73,791.0
1753591939706,04:52:19.706,gateio,AAVE/USDT:USDT,296.7,745.0,296.69,41.0,296.71,10.0,296.72,2.0
1753591939802,04:52:19.802,gateio,AAVE/USDT:USDT,296.7,745.0,296.69,41.0,296.71,10.0,296.72,2.0
1753591940434,04:52:20.434,gateio,AAVE/USDT:USDT,296.7,745.0,296.69,82.0,296.71,10.0,296.72,2.0
1753591940526,04:52:20.526,gateio,AAVE/USDT:USDT,296.7,745.0,296.69,82.0,296.71,10.0,296.75,733.0
1753591940684,04:52:20.684,gateio,AAVE/USDT:USDT,296.7,745.0,296.69,82.0,296.71,10.0,296.74,4.0
1753591940887,04:52:20.887,gateio,AAVE/USDT:USDT,296.7,745.0,296.69,82.0,296.71,10.0,296.74,4.0
1753591940903,04:52:20.903,gateio,AAVE/USDT:USDT,296.7,745.0,296.69,82.0,296.71,10.0,296.74,4.0
1753591941132,04:52:21.132,gateio,AAVE/USDT:USDT,296.7,745.0,296.69,82.0,296.71,10.0,296.74,4.0
1753591942642,04:52:22.642,gateio,AAVE/USDT:USDT,296.7,745.0,296.69,82.0,296.71,10.0,296.74,4.0
1753591942761,04:52:22.761,gateio,AAVE/USDT:USDT,296.7,745.0,296.69,82.0,296.71,10.0,296.74,4.0
1753591942888,04:52:22.888,gateio,AAVE/USDT:USDT,296.75,66.0,296.72,676.0,296.76,249.0,296.77,830.0
1753591942965,04:52:22.965,gateio,AAVE/USDT:USDT,296.75,66.0,296.72,676.0,296.77,830.0,296.8,161.0
1753591943026,04:52:23.026,gateio,AAVE/USDT:USDT,296.75,66.0,296.74,781.0,296.77,830.0,296.8,161.0
1753591943195,04:52:23.195,gateio,AAVE/USDT:USDT,296.76,66.0,296.75,119.0,296.8,23.0,296.81,549.0
1753591943287,04:52:23.287,gateio,AAVE/USDT:USDT,296.79,66.0,296.78,766.0,296.8,27.0,296.82,821.0
1753591943385,04:52:23.385,gateio,AAVE/USDT:USDT,296.79,66.0,296.78,766.0,296.8,23.0,296.81,248.0
1753591943490,04:52:23.490,gateio,AAVE/USDT:USDT,296.79,66.0,296.78,766.0,296.8,23.0,296.81,246.0
1753591943557,04:52:23.557,gateio,AAVE/USDT:USDT,296.79,66.0,296.78,766.0,296.8,23.0,296.81,246.0
1753591943681,04:52:23.681,gateio,AAVE/USDT:USDT,296.79,66.0,296.78,766.0,296.8,23.0,296.81,246.0
1753591943763,04:52:23.763,gateio,AAVE/USDT:USDT,296.79,66.0,296.78,766.0,296.8,23.0,296.81,246.0
1753591943801,04:52:23.801,gateio,AAVE/USDT:USDT,296.79,66.0,296.78,766.0,296.8,23.0,296.81,246.0
1753591943984,04:52:23.984,gateio,AAVE/USDT:USDT,296.79,66.0,296.78,766.0,296.8,23.0,296.81,246.0
1753591944088,04:52:24.088,gateio,AAVE/USDT:USDT,296.74,119.0,296.71,95.0,296.8,767.0,296.81,41.0
1753591944191,04:52:24.191,gateio,AAVE/USDT:USDT,296.76,91.0,296.75,719.0,296.8,767.0,296.81,41.0
1753591944291,04:52:24.291,gateio,AAVE/USDT:USDT,296.79,66.0,296.77,803.0,296.8,767.0,296.81,41.0
1753591944321,04:52:24.321,gateio,AAVE/USDT:USDT,296.79,66.0,296.77,803.0,296.8,767.0,296.81,43.0
1753591944428,04:52:24.428,gateio,AAVE/USDT:USDT,296.79,66.0,296.77,803.0,296.8,767.0,296.81,43.0
1753591944583,04:52:24.583,gateio,AAVE/USDT:USDT,296.79,66.0,296.77,803.0,296.8,767.0,296.81,43.0
1753591944661,04:52:24.661,gateio,AAVE/USDT:USDT,296.79,66.0,296.77,803.0,296.8,767.0,296.81,43.0
1753591944782,04:52:24.782,gateio,AAVE/USDT:USDT,296.79,91.0,296.77,803.0,296.8,23.0,296.81,2.0
1753591944896,04:52:24.896,gateio,AAVE/USDT:USDT,296.79,91.0,296.77,803.0,296.8,23.0,296.82,788.0
1753591944907,04:52:24.907,gateio,AAVE/USDT:USDT,296.79,66.0,296.77,803.0,296.8,23.0,296.81,238.0
1753591945005,04:52:25.005,gateio,AAVE/USDT:USDT,296.79,66.0,296.77,803.0,296.8,23.0,296.81,236.0
1753591945295,04:52:25.295,gateio,AAVE/USDT:USDT,296.79,839.0,296.77,94.0,296.8,23.0,296.82,788.0
1753591945394,04:52:25.394,gateio,AAVE/USDT:USDT,296.79,839.0,296.77,94.0,296.8,23.0,296.81,2.0
1753591945497,04:52:25.497,gateio,AAVE/USDT:USDT,296.79,814.0,296.77,94.0,296.8,23.0,296.81,238.0
1753591945505,04:52:25.505,gateio,AAVE/USDT:USDT,296.79,814.0,296.77,94.0,296.8,23.0,296.81,236.0
1753591945697,04:52:25.697,gateio,AAVE/USDT:USDT,296.79,814.0,296.77,94.0,296.8,23.0,296.82,788.0
1753591945782,04:52:25.782,gateio,AAVE/USDT:USDT,296.79,839.0,296.77,94.0,296.8,23.0,296.81,2.0
1753591945891,04:52:25.891,gateio,AAVE/USDT:USDT,296.77,94.0,296.75,117.0,296.8,23.0,296.81,238.0
1753591945993,04:52:25.993,gateio,AAVE/USDT:USDT,296.77,66.0,296.76,25.0,296.8,23.0,296.81,320.0
1753591946041,04:52:26.041,gateio,AAVE/USDT:USDT,296.77,91.0,296.76,764.0,296.8,842.0,296.81,84.0
1753591946136,04:52:26.136,gateio,AAVE/USDT:USDT,296.77,91.0,296.76,764.0,296.8,842.0,296.81,82.0
1753591946282,04:52:26.282,gateio,AAVE/USDT:USDT,296.78,723.0,296.77,25.0,296.8,842.0,296.81,41.0
1753591946385,04:52:26.385,gateio,AAVE/USDT:USDT,296.79,25.0,296.78,723.0,296.8,23.0,296.81,41.0
1753591946496,04:52:26.496,gateio,AAVE/USDT:USDT,296.78,748.0,296.75,94.0,296.8,23.0,296.81,830.0
1753591946558,04:52:26.558,gateio,AAVE/USDT:USDT,296.78,748.0,296.75,94.0,296.8,23.0,296.81,828.0
1753591946646,04:52:26.646,gateio,AAVE/USDT:USDT,296.78,748.0,296.75,94.0,296.8,23.0,296.81,828.0
1753591946780,04:52:26.780,gateio,AAVE/USDT:USDT,296.78,748.0,296.75,94.0,296.8,23.0,296.81,828.0
1753591946949,04:52:26.949,gateio,AAVE/USDT:USDT,296.78,748.0,296.75,94.0,296.8,23.0,296.81,828.0
1753591947150,04:52:27.150,gateio,AAVE/USDT:USDT,296.78,748.0,296.75,94.0,296.8,23.0,296.81,828.0
1753591947520,04:52:27.520,gateio,AAVE/USDT:USDT,296.78,723.0,296.75,94.0,296.8,23.0,296.81,828.0
1753591947630,04:52:27.630,gateio,AAVE/USDT:USDT,296.78,748.0,296.75,94.0,296.8,23.0,296.81,828.0
1753591947702,04:52:27.702,gateio,AAVE/USDT:USDT,296.78,748.0,296.75,94.0,296.8,23.0,296.81,828.0
1753591947862,04:52:27.862,gateio,AAVE/USDT:USDT,296.78,748.0,296.75,94.0,296.8,23.0,296.81,787.0
1753591947969,04:52:27.969,gateio,AAVE/USDT:USDT,296.78,748.0,296.75,94.0,296.8,23.0,296.81,787.0
1753591948046,04:52:28.046,gateio,AAVE/USDT:USDT,296.78,748.0,296.75,94.0,296.8,23.0,296.81,787.0
1753591948298,04:52:28.298,gateio,AAVE/USDT:USDT,296.72,160.0,296.71,41.0,296.8,259.0,296.81,828.0
1753591948373,04:52:28.373,gateio,AAVE/USDT:USDT,296.77,66.0,296.75,736.0,296.79,829.0,296.8,23.0
1753591948482,04:52:28.482,gateio,AAVE/USDT:USDT,296.77,879.0,296.75,41.0,296.79,825.0,296.8,23.0
1753591948594,04:52:28.594,gateio,AAVE/USDT:USDT,296.77,879.0,296.75,41.0,296.79,825.0,296.8,23.0
1753591948681,04:52:28.681,gateio,AAVE/USDT:USDT,296.77,879.0,296.75,135.0,296.79,825.0,296.8,23.0
1753591948782,04:52:28.782,gateio,AAVE/USDT:USDT,296.77,879.0,296.75,135.0,296.79,825.0,296.8,23.0
1753591949006,04:52:29.006,gateio,AAVE/USDT:USDT,296.77,879.0,296.75,41.0,296.79,825.0,296.8,23.0
1753591949183,04:52:29.183,gateio,AAVE/USDT:USDT,296.77,879.0,296.73,135.0,296.79,825.0,296.8,23.0
1753591949263,04:52:29.263,gateio,AAVE/USDT:USDT,296.77,879.0,296.73,176.0,296.79,825.0,296.8,23.0
1753591949386,04:52:29.386,gateio,AAVE/USDT:USDT,296.74,25.0,296.69,94.0,296.79,825.0,296.8,64.0
1753591949487,04:52:29.487,gateio,AAVE/USDT:USDT,296.76,66.0,296.74,749.0,296.78,2.0,296.79,825.0
1753591949597,04:52:29.597,gateio,AAVE/USDT:USDT,296.78,66.0,296.76,676.0,296.79,825.0,296.8,23.0
1753591949681,04:52:29.681,gateio,AAVE/USDT:USDT,296.78,66.0,296.76,676.0,296.79,825.0,296.8,23.0
1753591949841,04:52:29.841,gateio,AAVE/USDT:USDT,296.78,66.0,296.76,676.0,296.79,825.0,296.8,23.0
1753591949996,04:52:29.996,gateio,AAVE/USDT:USDT,296.72,25.0,296.71,94.0,296.78,94.0,296.79,825.0
1753591950087,04:52:30.087,gateio,AAVE/USDT:USDT,296.76,66.0,296.74,719.0,296.77,755.0,296.8,64.0
1753591950197,04:52:30.197,gateio,AAVE/USDT:USDT,296.77,25.0,296.75,216.0,296.8,68.0,296.81,41.0
1753591950295,04:52:30.295,gateio,AAVE/USDT:USDT,296.78,66.0,296.76,746.0,296.8,772.0,296.82,135.0
1753591950342,04:52:30.342,gateio,AAVE/USDT:USDT,296.78,66.0,296.76,746.0,296.8,729.0,296.82,135.0
1753591950408,04:52:30.408,gateio,AAVE/USDT:USDT,296.78,66.0,296.76,746.0,296.8,729.0,296.82,135.0
1753591950678,04:52:30.678,gateio,AAVE/USDT:USDT,296.78,66.0,296.76,746.0,296.8,729.0,296.82,135.0
1753591950714,04:52:30.714,gateio,AAVE/USDT:USDT,296.78,66.0,296.76,746.0,296.8,729.0,296.82,135.0
1753591950986,04:52:30.986,gateio,AAVE/USDT:USDT,296.78,66.0,296.76,746.0,296.8,729.0,296.82,135.0
1753591951086,04:52:31.086,gateio,AAVE/USDT:USDT,296.79,91.0,296.78,820.0,296.8,23.0,296.87,431.0
1753591951185,04:52:31.185,gateio,AAVE/USDT:USDT,296.75,101.0,296.74,118.0,296.8,117.0,296.83,41.0
1753591951282,04:52:31.282,gateio,AAVE/USDT:USDT,296.75,25.0,296.74,94.0,296.79,724.0,296.8,23.0
1753591951343,04:52:31.343,gateio,AAVE/USDT:USDT,296.78,66.0,296.76,207.0,296.79,722.0,296.8,23.0
1753591951406,04:52:31.406,gateio,AAVE/USDT:USDT,296.78,66.0,296.76,207.0,296.79,722.0,296.8,25.0
1753591951551,04:52:31.551,gateio,AAVE/USDT:USDT,296.78,66.0,296.76,207.0,296.79,722.0,296.8,25.0
1753591951660,04:52:31.660,gateio,AAVE/USDT:USDT,296.78,66.0,296.76,207.0,296.79,722.0,296.8,25.0
1753591951986,04:52:31.986,gateio,AAVE/USDT:USDT,296.78,25.0,296.77,715.0,296.8,25.0,296.84,71.0
1753591952083,04:52:32.083,gateio,AAVE/USDT:USDT,296.79,768.0,296.75,129.0,296.8,23.0,296.82,826.0
1753591952130,04:52:32.130,gateio,AAVE/USDT:USDT,296.79,793.0,296.77,94.0,296.8,23.0,296.81,2.0
1753591952290,04:52:32.290,gateio,AAVE/USDT:USDT,296.75,119.0,296.74,135.0,296.8,23.0,296.81,250.0
1753591952396,04:52:32.396,gateio,AAVE/USDT:USDT,296.78,66.0,296.76,253.0,296.79,792.0,296.8,25.0
1753591952448,04:52:32.448,gateio,AAVE/USDT:USDT,296.78,66.0,296.76,253.0,296.79,792.0,296.8,23.0
1753591952502,04:52:32.502,gateio,AAVE/USDT:USDT,296.78,66.0,296.76,253.0,296.79,792.0,296.8,23.0
1753591952621,04:52:32.621,gateio,AAVE/USDT:USDT,296.78,66.0,296.76,253.0,296.79,792.0,296.8,23.0
1753591952788,04:52:32.788,gateio,AAVE/USDT:USDT,296.78,66.0,296.76,253.0,296.79,792.0,296.8,23.0
1753591952865,04:52:32.865,gateio,AAVE/USDT:USDT,296.78,66.0,296.76,253.0,296.79,792.0,296.8,23.0
1753591953158,04:52:33.158,gateio,AAVE/USDT:USDT,296.78,66.0,296.76,253.0,296.79,792.0,296.8,23.0
1753591953201,04:52:33.201,gateio,AAVE/USDT:USDT,296.78,66.0,296.76,253.0,296.79,792.0,296.8,23.0
1753591953302,04:52:33.302,gateio,AAVE/USDT:USDT,296.78,66.0,296.76,253.0,296.79,792.0,296.8,23.0
1753591953462,04:52:33.462,gateio,AAVE/USDT:USDT,296.76,253.0,296.75,749.0,296.79,792.0,296.8,23.0
1753591953506,04:52:33.506,gateio,AAVE/USDT:USDT,296.76,253.0,296.75,749.0,296.79,792.0,296.8,23.0
1753591953623,04:52:33.623,gateio,AAVE/USDT:USDT,296.76,253.0,296.75,749.0,296.79,792.0,296.8,23.0
1753591953761,04:52:33.761,gateio,AAVE/USDT:USDT,296.76,253.0,296.75,749.0,296.79,792.0,296.8,23.0
1753591953801,04:52:33.801,gateio,AAVE/USDT:USDT,296.76,253.0,296.75,749.0,296.79,792.0,296.8,23.0
1753591953941,04:52:33.941,gateio,AAVE/USDT:USDT,296.76,253.0,296.75,749.0,296.79,792.0,296.8,23.0
1753591954263,04:52:34.263,gateio,AAVE/USDT:USDT,296.76,253.0,296.75,749.0,296.79,792.0,296.8,23.0
1753591954303,04:52:34.303,gateio,AAVE/USDT:USDT,296.76,253.0,296.75,749.0,296.79,792.0,296.8,23.0
1753591954430,04:52:34.430,gateio,AAVE/USDT:USDT,296.76,253.0,296.75,749.0,296.79,792.0,296.8,23.0
1753591954589,04:52:34.589,gateio,AAVE/USDT:USDT,296.76,253.0,296.75,749.0,296.79,792.0,296.8,23.0
1753591954662,04:52:34.662,gateio,AAVE/USDT:USDT,296.76,253.0,296.75,749.0,296.79,792.0,296.8,23.0
1753591954990,04:52:34.990,gateio,AAVE/USDT:USDT,296.76,253.0,296.75,749.0,296.79,792.0,296.8,23.0
1753591955283,04:52:35.283,gateio,AAVE/USDT:USDT,296.77,66.0,296.76,253.0,296.79,792.0,296.8,23.0
1753591955393,04:52:35.393,gateio,AAVE/USDT:USDT,296.7,66.0,296.69,25.0,296.76,95.0,296.77,25.0
1753591955484,04:52:35.484,gateio,AAVE/USDT:USDT,296.71,212.0,296.7,708.0,296.74,754.0,296.75,4.0
1753591955589,04:52:35.589,gateio,AAVE/USDT:USDT,296.71,212.0,296.7,708.0,296.74,754.0,296.76,95.0
1753591955653,04:52:35.653,gateio,AAVE/USDT:USDT,296.71,212.0,296.7,708.0,296.74,754.0,296.76,95.0
1753591955791,04:52:35.791,gateio,AAVE/USDT:USDT,296.72,835.0,296.71,212.0,296.78,41.0,296.8,64.0
1753591955894,04:52:35.894,gateio,AAVE/USDT:USDT,296.73,25.0,296.72,835.0,296.77,766.0,296.78,95.0
1753591955977,04:52:35.977,gateio,AAVE/USDT:USDT,296.73,66.0,296.72,860.0,296.76,232.0,296.77,807.0
1753591956069,04:52:36.069,gateio,AAVE/USDT:USDT,296.73,66.0,296.72,835.0,296.76,230.0,296.77,807.0
1753591956161,04:52:36.161,gateio,AAVE/USDT:USDT,296.73,317.0,296.72,835.0,296.76,230.0,296.77,807.0
1753591956281,04:52:36.281,gateio,AAVE/USDT:USDT,296.72,835.0,296.71,41.0,296.75,781.0,296.77,41.0
1753591957190,04:52:37.190,gateio,AAVE/USDT:USDT,296.71,41.0,296.7,41.0,296.74,95.0,296.75,781.0
1753591957295,04:52:37.295,gateio,AAVE/USDT:USDT,296.68,142.0,296.67,136.0,296.74,95.0,296.75,781.0
1753591957379,04:52:37.379,gateio,AAVE/USDT:USDT,296.71,93.0,296.7,244.0,296.73,744.0,296.75,95.0
1753591957498,04:52:37.498,gateio,AAVE/USDT:USDT,296.71,902.0,296.7,244.0,296.73,740.0,296.75,95.0
1753591957522,04:52:37.522,gateio,AAVE/USDT:USDT,296.71,902.0,296.67,136.0,296.73,740.0,296.75,95.0
1753591957675,04:52:37.675,gateio,AAVE/USDT:USDT,296.71,902.0,296.67,136.0,296.73,740.0,296.78,95.0
1753591957709,04:52:37.709,gateio,AAVE/USDT:USDT,296.71,902.0,296.67,136.0,296.73,740.0,296.78,95.0
1753591957853,04:52:37.853,gateio,AAVE/USDT:USDT,296.71,902.0,296.67,136.0,296.73,740.0,296.78,95.0
1753591957901,04:52:37.901,gateio,AAVE/USDT:USDT,296.71,902.0,296.67,136.0,296.73,740.0,296.78,95.0
1753591958087,04:52:38.087,gateio,AAVE/USDT:USDT,296.71,902.0,296.67,136.0,296.73,740.0,296.76,41.0
1753591958197,04:52:38.197,gateio,AAVE/USDT:USDT,296.67,136.0,296.66,117.0,296.73,740.0,296.75,95.0
1753591958281,04:52:38.281,gateio,AAVE/USDT:USDT,296.7,66.0,296.67,66.0,296.72,4.0,296.73,740.0
1753591958352,04:52:38.352,gateio,AAVE/USDT:USDT,296.7,287.0,296.69,736.0,296.72,2.0,296.73,740.0
1753591958403,04:52:38.403,gateio,AAVE/USDT:USDT,296.7,287.0,296.69,736.0,296.72,2.0,296.73,740.0
1753591958530,04:52:38.530,gateio,AAVE/USDT:USDT,296.7,287.0,296.69,736.0,296.72,2.0,296.73,740.0
1753591958691,04:52:38.691,gateio,AAVE/USDT:USDT,296.7,287.0,296.69,736.0,296.72,2.0,296.73,740.0
1753591958768,04:52:38.768,gateio,AAVE/USDT:USDT,296.71,758.0,296.7,136.0,296.72,2.0,296.78,95.0
1753591958882,04:52:38.882,gateio,AAVE/USDT:USDT,296.73,825.0,296.71,120.0,296.76,804.0,296.77,4.0
1753591958977,04:52:38.977,gateio,AAVE/USDT:USDT,296.73,825.0,296.71,120.0,296.76,804.0,296.78,95.0
1753591959177,04:52:39.177,gateio,AAVE/USDT:USDT,296.73,825.0,296.71,120.0,296.76,804.0,296.78,95.0
1753591959230,04:52:39.230,gateio,AAVE/USDT:USDT,296.73,825.0,296.71,25.0,296.76,804.0,296.78,95.0
1753591959370,04:52:39.370,gateio,AAVE/USDT:USDT,296.73,825.0,296.71,25.0,296.76,804.0,296.78,95.0
1753591959494,04:52:39.494,gateio,AAVE/USDT:USDT,296.72,66.0,296.7,66.0,296.76,804.0,296.78,95.0
1753591959581,04:52:39.581,gateio,AAVE/USDT:USDT,296.73,66.0,296.72,211.0,296.75,2.0,296.76,804.0
1753591959696,04:52:39.696,gateio,AAVE/USDT:USDT,296.75,25.0,296.74,404.0,296.8,23.0,296.83,94.0
1753591959796,04:52:39.796,gateio,AAVE/USDT:USDT,296.78,808.0,296.76,72.0,296.8,23.0,296.81,247.0
1753591959887,04:52:39.887,gateio,AAVE/USDT:USDT,296.75,16.0,296.71,95.0,296.77,178.0,296.78,41.0
1753591959981,04:52:39.981,gateio,AAVE/USDT:USDT,296.75,16.0,296.72,740.0,296.76,805.0,296.77,178.0
1753591960087,04:52:40.087,gateio,AAVE/USDT:USDT,296.75,16.0,296.72,740.0,296.76,805.0,296.77,41.0
1753591960236,04:52:40.236,gateio,AAVE/USDT:USDT,296.75,16.0,296.72,740.0,296.76,805.0,296.77,41.0
1753591960364,04:52:40.364,gateio,AAVE/USDT:USDT,296.75,16.0,296.73,222.0,296.76,805.0,296.77,41.0
1753591960447,04:52:40.447,gateio,AAVE/USDT:USDT,296.75,16.0,296.74,2.0,296.76,805.0,296.77,41.0
1753591960505,04:52:40.505,gateio,AAVE/USDT:USDT,296.75,16.0,296.73,2.0,296.76,805.0,296.77,41.0
1753591960683,04:52:40.683,gateio,AAVE/USDT:USDT,296.75,16.0,296.73,2.0,296.76,805.0,296.77,41.0
1753591961194,04:52:41.194,gateio,AAVE/USDT:USDT,296.75,16.0,296.73,2.0,296.76,805.0,296.77,41.0
1753591961208,04:52:41.208,gateio,AAVE/USDT:USDT,296.75,16.0,296.69,2.0,296.76,830.0,296.77,41.0
1753591961341,04:52:41.341,gateio,AAVE/USDT:USDT,296.75,16.0,296.69,2.0,296.76,830.0,296.77,41.0
1753591961488,04:52:41.488,gateio,AAVE/USDT:USDT,296.69,814.0,296.65,135.0,296.72,229.0,296.73,764.0
1753591961559,04:52:41.559,gateio,AAVE/USDT:USDT,296.67,95.0,296.66,25.0,296.73,764.0,296.75,95.0
1753591961696,04:52:41.696,gateio,AAVE/USDT:USDT,296.71,66.0,296.69,233.0,296.72,2.0,296.73,764.0
1753591961787,04:52:41.787,gateio,AAVE/USDT:USDT,296.71,66.0,296.7,766.0,296.73,764.0,296.75,95.0
1753591961806,04:52:41.806,gateio,AAVE/USDT:USDT,296.71,66.0,296.7,764.0,296.73,764.0,296.75,95.0
1753591961918,04:52:41.918,gateio,AAVE/USDT:USDT,296.71,66.0,296.7,764.0,296.73,764.0,296.75,95.0
1753591962042,04:52:42.042,gateio,AAVE/USDT:USDT,296.71,66.0,296.7,764.0,296.73,764.0,296.75,95.0
1753591962184,04:52:42.184,gateio,AAVE/USDT:USDT,296.71,66.0,296.7,764.0,296.73,764.0,296.75,95.0
1753591962295,04:52:42.295,gateio,AAVE/USDT:USDT,296.71,91.0,296.7,764.0,296.77,95.0,296.79,95.0
1753591962398,04:52:42.398,gateio,AAVE/USDT:USDT,296.73,773.0,296.71,231.0,296.76,251.0,296.77,836.0
1753591962481,04:52:42.481,gateio,AAVE/USDT:USDT,296.75,66.0,296.73,773.0,296.77,836.0,296.79,95.0
1753591962534,04:52:42.534,gateio,AAVE/USDT:USDT,296.75,66.0,296.74,2.0,296.77,836.0,296.79,95.0
1753591962645,04:52:42.645,gateio,AAVE/USDT:USDT,296.75,66.0,296.74,2.0,296.77,836.0,296.79,95.0
1753591962793,04:52:42.793,gateio,AAVE/USDT:USDT,296.75,66.0,296.74,2.0,296.77,836.0,296.79,95.0
1753591962883,04:52:42.883,gateio,AAVE/USDT:USDT,296.74,2.0,296.7,76.0,296.76,251.0,296.77,877.0
1753591962946,04:52:42.946,gateio,AAVE/USDT:USDT,296.7,2.0,296.69,95.0,296.76,276.0,296.77,877.0
1753591963061,04:52:43.061,gateio,AAVE/USDT:USDT,296.72,66.0,296.7,810.0,296.74,828.0,296.75,2.0
1753591963183,04:52:43.183,gateio,AAVE/USDT:USDT,296.72,66.0,296.71,2.0,296.74,828.0,296.77,41.0
1753591963286,04:52:43.286,gateio,AAVE/USDT:USDT,296.72,66.0,296.71,2.0,296.74,828.0,296.77,41.0
1753591963364,04:52:43.364,gateio,AAVE/USDT:USDT,296.72,923.0,296.71,2.0,296.78,41.0,296.79,136.0
1753591963472,04:52:43.472,gateio,AAVE/USDT:USDT,296.74,66.0,296.73,2.0,296.76,220.0,296.77,734.0
1753591963596,04:52:43.596,gateio,AAVE/USDT:USDT,296.74,763.0,296.73,2.0,296.76,220.0,296.77,734.0
1753591963684,04:52:43.684,gateio,AAVE/USDT:USDT,296.74,763.0,296.69,95.0,296.76,220.0,296.77,734.0
1753591963702,04:52:43.702,gateio,AAVE/USDT:USDT,296.74,763.0,296.69,95.0,296.76,220.0,296.77,734.0
1753591963918,04:52:43.918,gateio,AAVE/USDT:USDT,296.74,763.0,296.69,95.0,296.76,220.0,296.77,734.0
1753591964188,04:52:44.188,gateio,AAVE/USDT:USDT,296.7,25.0,296.69,95.0,296.76,220.0,296.77,775.0
1753591964281,04:52:44.281,gateio,AAVE/USDT:USDT,296.73,66.0,296.71,777.0,296.75,754.0,296.77,41.0
1753591964397,04:52:44.397,gateio,AAVE/USDT:USDT,296.73,821.0,296.72,2.0,296.75,752.0,296.77,41.0
1753591964405,04:52:44.405,gateio,AAVE/USDT:USDT,296.73,821.0,296.7,92.0,296.75,752.0,296.77,41.0
1753591964589,04:52:44.589,gateio,AAVE/USDT:USDT,296.73,821.0,296.7,92.0,296.75,752.0,296.77,41.0
1753591964820,04:52:44.820,gateio,AAVE/USDT:USDT,296.73,821.0,296.7,92.0,296.75,752.0,296.77,41.0
1753591965021,04:52:45.021,gateio,AAVE/USDT:USDT,296.73,821.0,296.7,92.0,296.75,752.0,296.77,41.0
1753591965186,04:52:45.186,gateio,AAVE/USDT:USDT,296.73,821.0,296.7,92.0,296.75,752.0,296.77,41.0
1753591965362,04:52:45.362,gateio,AAVE/USDT:USDT,296.7,92.0,296.67,136.0,296.75,752.0,296.77,41.0
1753591965442,04:52:45.442,gateio,AAVE/USDT:USDT,296.73,66.0,296.72,765.0,296.74,2.0,296.75,752.0
1753591965562,04:52:45.562,gateio,AAVE/USDT:USDT,296.74,66.0,296.72,765.0,296.75,752.0,296.77,41.0
1753591965640,04:52:45.640,gateio,AAVE/USDT:USDT,296.74,66.0,296.73,2.0,296.75,752.0,296.77,43.0
1753591965874,04:52:45.874,gateio,AAVE/USDT:USDT,296.75,66.0,296.73,94.0,296.77,2.0,296.78,41.0
1753591965980,04:52:45.980,gateio,AAVE/USDT:USDT,296.75,66.0,296.73,2.0,296.78,41.0,296.79,115.0
1753591966055,04:52:46.055,gateio,AAVE/USDT:USDT,296.75,66.0,296.73,2.0,296.78,41.0,296.79,115.0
1753591966193,04:52:46.193,gateio,AAVE/USDT:USDT,296.78,99.0,296.75,806.0,296.79,840.0,296.8,23.0
1753591966263,04:52:46.263,gateio,AAVE/USDT:USDT,296.78,99.0,296.76,2.0,296.79,838.0,296.8,23.0
1753591966301,04:52:46.301,gateio,AAVE/USDT:USDT,296.78,99.0,296.76,2.0,296.79,838.0,296.8,23.0
1753591966472,04:52:46.472,gateio,AAVE/USDT:USDT,296.78,99.0,296.76,2.0,296.79,838.0,296.8,23.0
1753591966695,04:52:46.695,gateio,AAVE/USDT:USDT,296.78,99.0,296.76,2.0,296.79,838.0,296.8,23.0
1753591966891,04:52:46.891,gateio,AAVE/USDT:USDT,296.78,99.0,296.76,2.0,296.79,838.0,296.8,23.0
1753591967042,04:52:47.042,gateio,AAVE/USDT:USDT,296.78,99.0,296.76,2.0,296.79,838.0,296.8,91.0
1753591967197,04:52:47.197,gateio,AAVE/USDT:USDT,296.79,66.0,296.76,244.0,296.8,23.0,296.83,135.0
1753591967292,04:52:47.292,gateio,AAVE/USDT:USDT,296.79,66.0,296.78,830.0,296.8,23.0,296.82,732.0
1753591967321,04:52:47.321,gateio,AAVE/USDT:USDT,296.79,66.0,296.78,830.0,296.8,23.0,296.81,222.0
1753591967466,04:52:47.466,gateio,AAVE/USDT:USDT,296.79,66.0,296.78,830.0,296.8,23.0,296.81,220.0
1753591967502,04:52:47.502,gateio,AAVE/USDT:USDT,296.79,66.0,296.78,830.0,296.8,23.0,296.81,220.0
1753591967657,04:52:47.657,gateio,AAVE/USDT:USDT,296.79,66.0,296.78,830.0,296.8,23.0,296.81,220.0
1753591967722,04:52:47.722,gateio,AAVE/USDT:USDT,296.79,66.0,296.78,830.0,296.8,23.0,296.81,220.0
1753591968093,04:52:48.093,gateio,AAVE/USDT:USDT,296.79,91.0,296.78,830.0,296.8,23.0,296.87,94.0
1753591968196,04:52:48.196,gateio,AAVE/USDT:USDT,296.79,66.0,296.78,830.0,296.8,23.0,296.83,241.0
1753591968230,04:52:48.230,gateio,AAVE/USDT:USDT,296.79,66.0,296.78,830.0,296.8,23.0,296.82,2.0
1753591968807,04:52:48.807,gateio,AAVE/USDT:USDT,296.79,158.0,296.78,830.0,296.8,23.0,296.82,2.0
1753591968952,04:52:48.952,gateio,AAVE/USDT:USDT,296.79,158.0,296.78,830.0,296.8,23.0,296.82,2.0
1753591969389,04:52:49.389,gateio,AAVE/USDT:USDT,296.79,158.0,296.78,830.0,296.8,23.0,296.82,2.0
1753591969402,04:52:49.402,gateio,AAVE/USDT:USDT,296.79,158.0,296.78,830.0,296.8,23.0,296.82,2.0
1753591969581,04:52:49.581,gateio,AAVE/USDT:USDT,296.79,66.0,296.78,830.0,296.8,23.0,296.82,804.0
1753591969695,04:52:49.695,gateio,AAVE/USDT:USDT,296.79,66.0,296.78,830.0,296.8,23.0,296.82,804.0
1753591969702,04:52:49.702,gateio,AAVE/USDT:USDT,296.79,66.0,296.78,830.0,296.8,23.0,296.81,241.0
1753591969806,04:52:49.806,gateio,AAVE/USDT:USDT,296.79,66.0,296.78,830.0,296.8,23.0,296.81,241.0
1753591970022,04:52:50.022,gateio,AAVE/USDT:USDT,296.79,66.0,296.78,830.0,296.8,23.0,296.81,241.0
1753591970176,04:52:50.176,gateio,AAVE/USDT:USDT,296.79,66.0,296.78,830.0,296.8,23.0,296.81,241.0
1753591970290,04:52:50.290,gateio,AAVE/USDT:USDT,296.79,66.0,296.78,830.0,296.8,23.0,296.85,82.0
1753591970394,04:52:50.394,gateio,AAVE/USDT:USDT,296.79,91.0,296.78,830.0,296.8,23.0,296.85,82.0
1753591970442,04:52:50.442,gateio,AAVE/USDT:USDT,296.79,66.0,296.78,830.0,296.8,23.0,296.83,221.0
1753591970505,04:52:50.505,gateio,AAVE/USDT:USDT,296.79,66.0,296.78,830.0,296.8,23.0,296.82,2.0
1753591970787,04:52:50.787,gateio,AAVE/USDT:USDT,296.78,830.0,296.75,66.0,296.8,23.0,296.82,848.0
1753591970803,04:52:50.803,gateio,AAVE/USDT:USDT,296.78,830.0,296.75,66.0,296.8,23.0,296.81,254.0
1753591970991,04:52:50.991,gateio,AAVE/USDT:USDT,296.78,830.0,296.75,66.0,296.8,23.0,296.81,254.0
1753591971022,04:52:51.022,gateio,AAVE/USDT:USDT,296.78,830.0,296.75,66.0,296.8,23.0,296.81,254.0
1753591971195,04:52:51.195,gateio,AAVE/USDT:USDT,296.78,830.0,296.75,66.0,296.8,23.0,296.81,254.0
1753591971207,04:52:51.207,gateio,AAVE/USDT:USDT,296.78,830.0,296.75,66.0,296.8,23.0,296.81,254.0
1753591971391,04:52:51.391,gateio,AAVE/USDT:USDT,296.78,830.0,296.75,66.0,296.8,23.0,296.81,254.0
1753591971422,04:52:51.422,gateio,AAVE/USDT:USDT,296.78,830.0,296.76,92.0,296.8,23.0,296.81,254.0
1753591971721,04:52:51.721,gateio,AAVE/USDT:USDT,296.78,830.0,296.76,92.0,296.8,23.0,296.81,254.0
1753591972159,04:52:52.159,gateio,AAVE/USDT:USDT,296.78,830.0,296.76,92.0,296.8,23.0,296.81,254.0
1753591972203,04:52:52.203,gateio,AAVE/USDT:USDT,296.78,830.0,296.76,92.0,296.8,23.0,296.81,254.0
1753591972482,04:52:52.482,gateio,AAVE/USDT:USDT,296.78,830.0,296.76,92.0,296.8,23.0,296.81,254.0
1753591972709,04:52:52.709,gateio,AAVE/USDT:USDT,296.78,830.0,296.76,92.0,296.8,23.0,296.81,254.0
1753591972996,04:52:52.996,gateio,AAVE/USDT:USDT,296.79,66.0,296.78,830.0,296.8,23.0,296.82,805.0
1753591973080,04:52:53.080,gateio,AAVE/USDT:USDT,296.79,66.0,296.78,830.0,296.8,23.0,296.81,2.0
1753591973194,04:52:53.194,gateio,AAVE/USDT:USDT,296.79,91.0,296.78,830.0,296.8,23.0,296.84,766.0
1753591973221,04:52:53.221,gateio,AAVE/USDT:USDT,296.79,66.0,296.78,830.0,296.8,23.0,296.82,70.0
1753591973438,04:52:53.438,gateio,AAVE/USDT:USDT,296.79,66.0,296.78,830.0,296.8,23.0,296.82,70.0
1753591973541,04:52:53.541,gateio,AAVE/USDT:USDT,296.79,66.0,296.78,830.0,296.8,23.0,296.82,823.0
1753591973605,04:52:53.605,gateio,AAVE/USDT:USDT,296.79,66.0,296.78,830.0,296.8,23.0,296.81,2.0
1753591974049,04:52:54.049,gateio,AAVE/USDT:USDT,296.79,66.0,296.78,830.0,296.8,23.0,296.81,2.0
1753591974192,04:52:54.192,gateio,AAVE/USDT:USDT,296.79,66.0,296.78,830.0,296.8,23.0,296.81,2.0
1753591974215,04:52:54.215,gateio,AAVE/USDT:USDT,296.79,66.0,296.78,830.0,296.8,23.0,296.81,2.0
1753591975063,04:52:55.063,gateio,AAVE/USDT:USDT,296.79,66.0,296.78,830.0,296.8,23.0,296.81,2.0
1753591975463,04:52:55.463,gateio,AAVE/USDT:USDT,296.79,66.0,296.78,830.0,296.8,23.0,296.81,2.0
1753591975581,04:52:55.581,gateio,AAVE/USDT:USDT,296.78,830.0,296.75,66.0,296.8,778.0,296.81,2.0
1753591975647,04:52:55.647,gateio,AAVE/USDT:USDT,296.75,159.0,296.73,82.0,296.8,778.0,296.81,41.0
1753591975788,04:52:55.788,gateio,AAVE/USDT:USDT,296.78,66.0,296.77,772.0,296.79,2.0,296.8,778.0
1753591975895,04:52:55.895,gateio,AAVE/USDT:USDT,296.78,66.0,296.77,772.0,296.8,778.0,296.81,41.0
1753591975950,04:52:55.950,gateio,AAVE/USDT:USDT,296.78,66.0,296.75,93.0,296.8,778.0,296.81,41.0
1753591976081,04:52:56.081,gateio,AAVE/USDT:USDT,296.78,66.0,296.77,240.0,296.8,778.0,296.81,41.0
1753591976108,04:52:56.108,gateio,AAVE/USDT:USDT,296.78,66.0,296.77,240.0,296.8,778.0,296.84,41.0
1753591976294,04:52:56.294,gateio,AAVE/USDT:USDT,296.78,66.0,296.77,240.0,296.8,778.0,296.84,41.0
1753591976299,04:52:56.299,gateio,AAVE/USDT:USDT,296.78,66.0,296.77,240.0,296.8,778.0,296.84,41.0
1753591976676,04:52:56.676,gateio,AAVE/USDT:USDT,296.79,66.0,296.77,240.0,296.8,778.0,296.84,41.0
1753591976729,04:52:56.729,gateio,AAVE/USDT:USDT,296.79,66.0,296.78,2.0,296.8,778.0,296.84,41.0
1753591977022,04:52:57.022,gateio,AAVE/USDT:USDT,296.79,66.0,296.78,698.0,296.8,778.0,296.84,82.0
1753591977105,04:52:57.105,gateio,AAVE/USDT:USDT,296.79,66.0,296.78,696.0,296.8,778.0,296.84,82.0
1753591977217,04:52:57.217,gateio,AAVE/USDT:USDT,296.79,66.0,296.78,696.0,296.8,778.0,296.84,82.0
1753591977693,04:52:57.693,gateio,AAVE/USDT:USDT,296.74,118.0,296.73,41.0,296.8,778.0,296.81,41.0
1753591977725,04:52:57.725,gateio,AAVE/USDT:USDT,296.74,118.0,296.73,41.0,296.79,2.0,296.8,778.0
1753591977802,04:52:57.802,gateio,AAVE/USDT:USDT,296.74,118.0,296.73,41.0,296.79,2.0,296.8,778.0
1753591977978,04:52:57.978,gateio,AAVE/USDT:USDT,296.78,66.0,296.76,234.0,296.79,2.0,296.8,778.0
1753591978084,04:52:58.084,gateio,AAVE/USDT:USDT,296.78,307.0,296.77,804.0,296.8,778.0,296.81,41.0
1753591978194,04:52:58.194,gateio,AAVE/USDT:USDT,296.78,307.0,296.77,802.0,296.8,778.0,296.81,41.0
1753591978283,04:52:58.283,gateio,AAVE/USDT:USDT,296.79,66.0,296.78,332.0,296.8,23.0,296.84,41.0
1753591978398,04:52:58.398,gateio,AAVE/USDT:USDT,296.79,66.0,296.78,266.0,296.8,23.0,296.84,41.0
1753591978481,04:52:58.481,gateio,AAVE/USDT:USDT,296.79,805.0,296.77,93.0,296.8,23.0,296.82,249.0
1753591978508,04:52:58.508,gateio,AAVE/USDT:USDT,296.79,805.0,296.77,93.0,296.8,23.0,296.81,2.0
1753591978765,04:52:58.765,gateio,AAVE/USDT:USDT,296.79,805.0,296.77,93.0,296.8,23.0,296.81,2.0
1753591978866,04:52:58.866,gateio,AAVE/USDT:USDT,296.79,805.0,296.77,93.0,296.8,23.0,296.81,858.0
1753591978990,04:52:58.990,gateio,AAVE/USDT:USDT,296.79,805.0,296.77,93.0,296.8,23.0,296.81,856.0
1753591979093,04:52:59.093,gateio,AAVE/USDT:USDT,296.79,805.0,296.77,93.0,296.8,23.0,296.84,41.0
1753591979122,04:52:59.122,gateio,AAVE/USDT:USDT,296.79,830.0,296.77,93.0,296.8,23.0,296.84,41.0
1753591979296,04:52:59.296,gateio,AAVE/USDT:USDT,296.79,91.0,296.76,2.0,296.8,23.0,296.82,869.0
1753591979396,04:52:59.396,gateio,AAVE/USDT:USDT,296.78,899.0,296.77,25.0,296.8,23.0,296.81,2.0
1753591979443,04:52:59.443,gateio,AAVE/USDT:USDT,296.79,184.0,296.78,806.0,296.8,23.0,296.81,2.0
1753591979598,04:52:59.598,gateio,AAVE/USDT:USDT,296.84,66.0,296.83,99.0,296.85,742.0,296.87,2.0
1753591979695,04:52:59.695,gateio,AAVE/USDT:USDT,296.84,66.0,296.82,888.0,296.85,742.0,296.88,94.0
1753591979706,04:52:59.706,gateio,AAVE/USDT:USDT,296.84,66.0,296.83,2.0,296.85,742.0,296.88,94.0
1753591979829,04:52:59.829,gateio,AAVE/USDT:USDT,296.84,66.0,296.83,2.0,296.85,742.0,296.88,94.0
1753591980033,04:53:00.033,gateio,AAVE/USDT:USDT,296.84,66.0,296.83,2.0,296.85,742.0,296.88,94.0
1753591980198,04:53:00.198,gateio,AAVE/USDT:USDT,296.83,2.0,296.8,93.0,296.85,742.0,296.87,93.0
1753591980281,04:53:00.281,gateio,AAVE/USDT:USDT,296.81,867.0,296.8,243.0,296.83,855.0,296.87,93.0
1753591980388,04:53:00.388,gateio,AAVE/USDT:USDT,296.84,66.0,296.82,347.0,296.88,94.0,296.89,54.0
1753591980487,04:53:00.487,gateio,AAVE/USDT:USDT,296.84,66.0,296.83,802.0,296.86,241.0,296.87,804.0
1753591980507,04:53:00.507,gateio,AAVE/USDT:USDT,296.84,66.0,296.83,800.0,296.86,241.0,296.87,804.0
1753591980700,04:53:00.700,gateio,AAVE/USDT:USDT,296.79,93.0,296.78,25.0,296.85,744.0,296.87,93.0
1753591980798,04:53:00.798,gateio,AAVE/USDT:USDT,296.83,66.0,296.81,259.0,296.84,2.0,296.85,744.0
1753591980857,04:53:00.857,gateio,AAVE/USDT:USDT,296.83,66.0,296.82,2.0,296.85,744.0,296.87,93.0
1753591980942,04:53:00.942,gateio,AAVE/USDT:USDT,296.83,66.0,296.82,799.0,296.85,744.0,296.87,93.0
1753591981095,04:53:01.095,gateio,AAVE/USDT:USDT,296.83,66.0,296.82,797.0,296.85,744.0,296.87,93.0
1753591981349,04:53:01.349,gateio,AAVE/USDT:USDT,296.83,66.0,296.82,797.0,296.85,744.0,296.87,93.0
1753591981793,04:53:01.793,gateio,AAVE/USDT:USDT,296.78,66.0,296.76,118.0,296.83,93.0,296.84,223.0
1753591981865,04:53:01.865,gateio,AAVE/USDT:USDT,296.78,306.0,296.77,715.0,296.82,753.0,296.83,95.0
1753591981987,04:53:01.987,gateio,AAVE/USDT:USDT,296.8,245.0,296.79,825.0,296.85,41.0,296.86,41.0
1753591982093,04:53:02.093,gateio,AAVE/USDT:USDT,296.81,2.0,296.8,245.0,296.84,710.0,296.85,41.0
1753591982183,04:53:02.183,gateio,AAVE/USDT:USDT,296.81,2.0,296.8,220.0,296.83,213.0,296.84,710.0
1753591982272,04:53:02.272,gateio,AAVE/USDT:USDT,296.81,2.0,296.8,220.0,296.83,213.0,296.84,710.0
1753591982564,04:53:02.564,gateio,AAVE/USDT:USDT,296.81,2.0,296.8,220.0,296.82,871.0,296.85,82.0
1753591982606,04:53:02.606,gateio,AAVE/USDT:USDT,296.8,220.0,296.79,730.0,296.82,871.0,296.85,82.0
1753591982709,04:53:02.709,gateio,AAVE/USDT:USDT,296.8,220.0,296.79,730.0,296.82,871.0,296.85,82.0
1753591982874,04:53:02.874,gateio,AAVE/USDT:USDT,296.8,220.0,296.79,730.0,296.82,871.0,296.84,93.0
1753591983000,04:53:03.000,gateio,AAVE/USDT:USDT,296.76,93.0,296.71,100.0,296.82,871.0,296.84,93.0
1753591983089,04:53:03.089,gateio,AAVE/USDT:USDT,296.77,66.0,296.76,815.0,296.8,747.0,296.81,2.0
1753591983198,04:53:03.198,gateio,AAVE/USDT:USDT,296.78,94.0,296.77,247.0,296.8,747.0,296.84,93.0
1753591983234,04:53:03.234,gateio,AAVE/USDT:USDT,296.78,94.0,296.77,245.0,296.8,747.0,296.84,93.0
1753591983316,04:53:03.316,gateio,AAVE/USDT:USDT,296.78,94.0,296.77,245.0,296.8,747.0,296.84,93.0
1753591983429,04:53:03.429,gateio,AAVE/USDT:USDT,296.79,246.0,296.78,829.0,296.84,93.0,296.85,82.0
1753591983587,04:53:03.587,gateio,AAVE/USDT:USDT,296.8,2.0,296.79,221.0,296.81,759.0,296.82,266.0
1753591983670,04:53:03.670,gateio,AAVE/USDT:USDT,296.79,221.0,296.78,829.0,296.81,759.0,296.84,96.0
1753591983790,04:53:03.790,gateio,AAVE/USDT:USDT,296.79,221.0,296.78,829.0,296.81,759.0,296.84,96.0
1753591983829,04:53:03.829,gateio,AAVE/USDT:USDT,296.79,221.0,296.78,829.0,296.81,759.0,296.84,96.0
1753591984490,04:53:04.490,gateio,AAVE/USDT:USDT,296.74,25.0,296.73,137.0,296.8,96.0,296.81,759.0
1753591984562,04:53:04.562,gateio,AAVE/USDT:USDT,296.76,66.0,296.75,256.0,296.79,797.0,296.8,2.0
1753591984652,04:53:04.652,gateio,AAVE/USDT:USDT,296.76,68.0,296.75,256.0,296.79,797.0,296.84,96.0
1753591984781,04:53:04.781,gateio,AAVE/USDT:USDT,296.77,249.0,296.76,764.0,296.79,797.0,296.84,96.0
1753591984885,04:53:04.885,gateio,AAVE/USDT:USDT,296.77,249.0,296.76,762.0,296.79,797.0,296.84,96.0
1753591985073,04:53:05.073,gateio,AAVE/USDT:USDT,296.77,249.0,296.76,762.0,296.79,797.0,296.84,96.0
1753591985165,04:53:05.165,gateio,AAVE/USDT:USDT,296.78,66.0,296.77,249.0,296.79,797.0,296.84,96.0
1753591985207,04:53:05.207,gateio,AAVE/USDT:USDT,296.78,66.0,296.77,249.0,296.79,797.0,296.84,98.0
1753591985484,04:53:05.484,gateio,AAVE/USDT:USDT,296.78,66.0,296.77,249.0,296.79,797.0,296.84,98.0
1753591986041,04:53:06.041,gateio,AAVE/USDT:USDT,296.78,66.0,296.77,249.0,296.79,797.0,296.84,98.0
1753591986190,04:53:06.190,gateio,AAVE/USDT:USDT,296.72,96.0,296.71,93.0,296.79,797.0,296.81,137.0
1753591986295,04:53:06.295,gateio,AAVE/USDT:USDT,296.75,311.0,296.74,816.0,296.78,2.0,296.79,797.0
1753591986399,04:53:06.399,gateio,AAVE/USDT:USDT,296.76,66.0,296.75,311.0,296.78,2.0,296.79,797.0
1753591986457,04:53:06.457,gateio,AAVE/USDT:USDT,296.75,245.0,296.74,816.0,296.77,739.0,296.81,137.0
1753591986559,04:53:06.559,gateio,AAVE/USDT:USDT,296.75,245.0,296.74,816.0,296.77,739.0,296.81,137.0
1753591986614,04:53:06.614,gateio,AAVE/USDT:USDT,296.75,245.0,296.74,816.0,296.77,739.0,296.81,137.0
1753591986729,04:53:06.729,gateio,AAVE/USDT:USDT,296.75,245.0,296.74,816.0,296.77,739.0,296.81,137.0
1753591986849,04:53:06.849,gateio,AAVE/USDT:USDT,296.75,245.0,296.74,816.0,296.77,739.0,296.81,137.0
1753591986902,04:53:06.902,gateio,AAVE/USDT:USDT,296.75,245.0,296.74,816.0,296.77,739.0,296.81,137.0
1753591987041,04:53:07.041,gateio,AAVE/USDT:USDT,296.75,245.0,296.74,816.0,296.77,739.0,296.81,137.0
1753591987561,04:53:07.561,gateio,AAVE/USDT:USDT,296.76,25.0,296.75,245.0,296.82,96.0,296.83,236.0
1753591987699,04:53:07.699,gateio,AAVE/USDT:USDT,296.76,811.0,296.75,25.0,296.79,259.0,296.8,863.0
1753591987761,04:53:07.761,gateio,AAVE/USDT:USDT,296.77,216.0,296.76,809.0,296.8,863.0,296.82,77.0
1753591987813,04:53:07.813,gateio,AAVE/USDT:USDT,296.77,216.0,296.76,809.0,296.8,863.0,296.82,77.0
1753591987952,04:53:07.952,gateio,AAVE/USDT:USDT,296.77,216.0,296.76,809.0,296.8,863.0,296.82,77.0
1753591988043,04:53:08.043,gateio,AAVE/USDT:USDT,296.76,809.0,296.74,41.0,296.78,833.0,296.81,96.0
1753591988283,04:53:08.283,gateio,AAVE/USDT:USDT,296.74,41.0,296.73,137.0,296.78,833.0,296.81,96.0
1753591988372,04:53:08.372,gateio,AAVE/USDT:USDT,296.74,139.0,296.73,41.0,296.78,833.0,296.81,96.0
1753591988441,04:53:08.441,gateio,AAVE/USDT:USDT,296.75,286.0,296.74,978.0,296.78,833.0,296.81,96.0
1753591988591,04:53:08.591,gateio,AAVE/USDT:USDT,296.75,286.0,296.74,976.0,296.78,833.0,296.81,96.0
1753591988604,04:53:08.604,gateio,AAVE/USDT:USDT,296.75,286.0,296.74,976.0,296.78,833.0,296.81,96.0
1753591988793,04:53:08.793,gateio,AAVE/USDT:USDT,296.75,286.0,296.74,976.0,296.78,833.0,296.81,96.0
1753591988936,04:53:08.936,gateio,AAVE/USDT:USDT,296.75,286.0,296.74,880.0,296.78,833.0,296.81,96.0
1753591989232,04:53:09.232,gateio,AAVE/USDT:USDT,296.75,286.0,296.74,880.0,296.78,833.0,296.81,96.0
1753591989421,04:53:09.421,gateio,AAVE/USDT:USDT,296.75,286.0,296.74,880.0,296.78,833.0,296.81,96.0
1753591989502,04:53:09.502,gateio,AAVE/USDT:USDT,296.75,286.0,296.74,880.0,296.78,833.0,296.81,96.0
1753591990372,04:53:10.372,gateio,AAVE/USDT:USDT,296.75,286.0,296.74,839.0,296.78,833.0,296.81,137.0
1753591990743,04:53:10.743,gateio,AAVE/USDT:USDT,296.75,286.0,296.74,839.0,296.78,833.0,296.81,137.0
1753591991095,04:53:11.095,gateio,AAVE/USDT:USDT,296.75,286.0,296.74,814.0,296.78,833.0,296.81,137.0
1753591991228,04:53:11.228,gateio,AAVE/USDT:USDT,296.75,286.0,296.74,814.0,296.78,833.0,296.81,137.0
1753591991611,04:53:11.611,gateio,AAVE/USDT:USDT,296.75,286.0,296.74,814.0,296.78,833.0,296.81,137.0
1753591991999,04:53:11.999,gateio,AAVE/USDT:USDT,296.71,109.0,296.7,186.0,296.78,833.0,296.81,137.0
1753591992092,04:53:12.092,gateio,AAVE/USDT:USDT,296.71,191.0,296.67,95.0,296.77,2.0,296.78,874.0
1753591992124,04:53:12.124,gateio,AAVE/USDT:USDT,296.72,253.0,296.71,771.0,296.76,877.0,296.77,2.0
1753591992265,04:53:12.265,gateio,AAVE/USDT:USDT,296.73,2.0,296.72,253.0,296.76,877.0,296.78,41.0
1753591992387,04:53:12.387,gateio,AAVE/USDT:USDT,296.73,2.0,296.67,95.0,296.74,162.0,296.75,441.0
1753591992488,04:53:12.488,gateio,AAVE/USDT:USDT,296.7,712.0,296.69,206.0,296.73,903.0,296.75,137.0
1753591992516,04:53:12.516,gateio,AAVE/USDT:USDT,296.7,712.0,296.67,95.0,296.73,903.0,296.75,137.0
1753591992613,04:53:12.613,gateio,AAVE/USDT:USDT,296.7,712.0,296.67,95.0,296.73,766.0,296.75,41.0
1753591992734,04:53:12.734,gateio,AAVE/USDT:USDT,296.7,712.0,296.67,95.0,296.73,766.0,296.75,137.0
1753591992884,04:53:12.884,gateio,AAVE/USDT:USDT,296.67,95.0,296.65,41.0,296.73,766.0,296.75,137.0
1753591992962,04:53:12.962,gateio,AAVE/USDT:USDT,296.69,309.0,296.68,811.0,296.72,2.0,296.73,766.0
1753591993041,04:53:13.041,gateio,AAVE/USDT:USDT,296.69,309.0,296.68,811.0,296.72,2.0,296.73,766.0
1753591993102,04:53:13.102,gateio,AAVE/USDT:USDT,296.69,309.0,296.68,811.0,296.72,2.0,296.73,766.0
1753591993241,04:53:13.241,gateio,AAVE/USDT:USDT,296.7,676.0,296.67,95.0,296.72,2.0,296.73,766.0
1753591993395,04:53:13.395,gateio,AAVE/USDT:USDT,296.66,94.0,296.64,25.0,296.72,349.0,296.73,848.0
1753591993483,04:53:13.483,gateio,AAVE/USDT:USDT,296.67,750.0,296.66,94.0,296.71,813.0,296.72,255.0
1753591993563,04:53:13.563,gateio,AAVE/USDT:USDT,296.68,227.0,296.67,750.0,296.71,811.0,296.73,176.0
1753591993670,04:53:13.670,gateio,AAVE/USDT:USDT,296.68,225.0,296.67,750.0,296.71,811.0,296.73,176.0
1753591993750,04:53:13.750,gateio,AAVE/USDT:USDT,296.68,225.0,296.67,750.0,296.71,811.0,296.73,176.0
1753591993866,04:53:13.866,gateio,AAVE/USDT:USDT,296.68,225.0,296.67,750.0,296.71,811.0,296.73,176.0
1753591993901,04:53:13.901,gateio,AAVE/USDT:USDT,296.68,225.0,296.67,750.0,296.71,811.0,296.73,176.0
1753591994022,04:53:14.022,gateio,AAVE/USDT:USDT,296.68,225.0,296.67,750.0,296.71,811.0,296.73,176.0
1753591994871,04:53:14.871,gateio,AAVE/USDT:USDT,296.7,66.0,296.68,319.0,296.73,82.0,296.74,82.0
1753591994981,04:53:14.981,gateio,AAVE/USDT:USDT,296.7,66.0,296.69,832.0,296.73,950.0,296.74,84.0
1753591995021,04:53:15.021,gateio,AAVE/USDT:USDT,296.7,66.0,296.69,832.0,296.73,950.0,296.74,82.0
1753591995187,04:53:15.187,gateio,AAVE/USDT:USDT,296.71,66.0,296.7,66.0,296.73,868.0,296.77,178.0
1753591995288,04:53:15.288,gateio,AAVE/USDT:USDT,296.72,66.0,296.71,778.0,296.77,137.0,296.78,94.0
1753591995393,04:53:15.393,gateio,AAVE/USDT:USDT,296.72,68.0,296.71,778.0,296.77,139.0,296.78,94.0
1753591995496,04:53:15.496,gateio,AAVE/USDT:USDT,296.72,2.0,296.71,778.0,296.74,833.0,296.77,139.0
1753591995582,04:53:15.582,gateio,AAVE/USDT:USDT,296.72,2.0,296.67,143.0,296.74,858.0,296.75,135.0
1753591995681,04:53:15.681,gateio,AAVE/USDT:USDT,296.71,66.0,296.7,206.0,296.74,833.0,296.75,41.0
1753591995763,04:53:15.763,gateio,AAVE/USDT:USDT,296.71,786.0,296.68,94.0,296.73,250.0,296.74,833.0
1753591995825,04:53:15.825,gateio,AAVE/USDT:USDT,296.71,784.0,296.68,94.0,296.73,250.0,296.74,833.0
1753591996235,04:53:16.235,gateio,AAVE/USDT:USDT,296.71,784.0,296.68,94.0,296.74,833.0,296.76,41.0
1753591996387,04:53:16.387,gateio,AAVE/USDT:USDT,296.71,809.0,296.68,94.0,296.77,137.0,296.78,94.0
1753591996494,04:53:16.494,gateio,AAVE/USDT:USDT,296.73,797.0,296.72,225.0,296.75,233.0,296.76,777.0
1753591996594,04:53:16.594,gateio,AAVE/USDT:USDT,296.75,66.0,296.73,797.0,296.76,777.0,296.78,94.0
1753591996667,04:53:16.667,gateio,AAVE/USDT:USDT,296.75,66.0,296.74,2.0,296.76,777.0,296.78,94.0
1753591996745,04:53:16.745,gateio,AAVE/USDT:USDT,296.75,66.0,296.74,2.0,296.76,777.0,296.78,94.0
1753591997273,04:53:17.273,gateio,AAVE/USDT:USDT,296.74,2.0,296.73,797.0,296.76,777.0,296.78,94.0
1753591997305,04:53:17.305,gateio,AAVE/USDT:USDT,296.74,2.0,296.73,797.0,296.76,777.0,296.78,94.0
1753591997493,04:53:17.493,gateio,AAVE/USDT:USDT,296.74,2.0,296.73,797.0,296.76,777.0,296.78,188.0
1753591997500,04:53:17.500,gateio,AAVE/USDT:USDT,296.74,2.0,296.7,94.0,296.76,777.0,296.78,188.0
1753591997699,04:53:17.699,gateio,AAVE/USDT:USDT,296.7,814.0,296.66,212.0,296.74,914.0,296.76,135.0
1753591997761,04:53:17.761,gateio,AAVE/USDT:USDT,296.7,814.0,296.67,76.0,296.73,274.0,296.74,914.0
1753591997898,04:53:17.898,gateio,AAVE/USDT:USDT,296.7,812.0,296.67,76.0,296.73,274.0,296.74,914.0
1753591997899,04:53:17.899,gateio,AAVE/USDT:USDT,296.7,812.0,296.67,76.0,296.73,274.0,296.74,914.0
1753591998190,04:53:18.190,gateio,AAVE/USDT:USDT,296.7,812.0,296.68,94.0,296.73,274.0,296.74,914.0
1753591998255,04:53:18.255,gateio,AAVE/USDT:USDT,296.7,812.0,296.68,94.0,296.73,274.0,296.74,914.0
1753591998875,04:53:18.875,gateio,AAVE/USDT:USDT,296.71,269.0,296.7,853.0,296.77,94.0,296.78,94.0
1753591998981,04:53:18.981,gateio,AAVE/USDT:USDT,296.72,817.0,296.7,41.0,296.75,224.0,296.76,745.0
1753591999021,04:53:19.021,gateio,AAVE/USDT:USDT,296.72,815.0,296.7,41.0,296.75,224.0,296.76,745.0
1753591999133,04:53:19.133,gateio,AAVE/USDT:USDT,296.72,815.0,296.7,41.0,296.75,224.0,296.76,745.0
1753591999282,04:53:19.282,gateio,AAVE/USDT:USDT,296.72,815.0,296.7,41.0,296.74,770.0,296.77,94.0
1753591999344,04:53:19.344,gateio,AAVE/USDT:USDT,296.72,815.0,296.7,41.0,296.74,770.0,296.77,94.0
1753591999553,04:53:19.553,gateio,AAVE/USDT:USDT,296.72,815.0,296.68,94.0,296.74,770.0,296.77,94.0
1753591999759,04:53:19.759,gateio,AAVE/USDT:USDT,296.72,815.0,296.68,94.0,296.74,770.0,296.77,94.0
1753591999886,04:53:19.886,gateio,AAVE/USDT:USDT,296.72,815.0,296.68,135.0,296.74,770.0,296.77,94.0
1753591999966,04:53:19.966,gateio,AAVE/USDT:USDT,296.72,815.0,296.68,135.0,296.74,770.0,296.76,41.0
1753592000061,04:53:20.061,gateio,AAVE/USDT:USDT,296.72,815.0,296.68,94.0,296.74,770.0,296.76,82.0
1753592000440,04:53:20.440,gateio,AAVE/USDT:USDT,296.72,815.0,296.68,135.0,296.74,770.0,296.76,41.0
1753592000984,04:53:20.984,gateio,AAVE/USDT:USDT,296.74,25.0,296.73,339.0,296.8,94.0,296.83,195.0
1753592001087,04:53:21.087,gateio,AAVE/USDT:USDT,296.78,66.0,296.76,676.0,296.8,747.0,296.81,94.0
1753592001197,04:53:21.197,gateio,AAVE/USDT:USDT,296.78,66.0,296.77,2.0,296.8,747.0,296.81,94.0
1753592001259,04:53:21.259,gateio,AAVE/USDT:USDT,296.78,66.0,296.77,2.0,296.8,747.0,296.81,94.0
1753592001582,04:53:21.582,gateio,AAVE/USDT:USDT,296.8,66.0,296.78,66.0,296.83,234.0,296.84,371.0
1753592001661,04:53:21.661,gateio,AAVE/USDT:USDT,296.78,702.0,296.77,27.0,296.81,266.0,296.82,887.0
1753592001781,04:53:21.781,gateio,AAVE/USDT:USDT,296.72,94.0,296.71,41.0,296.8,798.0,296.82,94.0
1753592001873,04:53:21.873,gateio,AAVE/USDT:USDT,296.73,25.0,296.72,94.0,296.79,241.0,296.8,798.0
1753592001974,04:53:21.974,gateio,AAVE/USDT:USDT,296.77,66.0,296.75,250.0,296.78,743.0,296.79,2.0
1753592002058,04:53:22.058,gateio,AAVE/USDT:USDT,296.76,2.0,296.75,250.0,296.78,743.0,296.82,137.0
1753592002134,04:53:22.134,gateio,AAVE/USDT:USDT,296.76,2.0,296.75,250.0,296.78,743.0,296.82,135.0
1753592002242,04:53:22.242,gateio,AAVE/USDT:USDT,296.76,2.0,296.75,250.0,296.78,743.0,296.82,135.0
1753592002479,04:53:22.479,gateio,AAVE/USDT:USDT,296.76,2.0,296.75,250.0,296.78,743.0,296.82,135.0
1753592002772,04:53:22.772,gateio,AAVE/USDT:USDT,296.77,66.0,296.76,759.0,296.78,743.0,296.82,135.0
1753592002895,04:53:22.895,gateio,AAVE/USDT:USDT,296.77,66.0,296.76,757.0,296.78,743.0,296.82,137.0
1753592002991,04:53:22.991,gateio,AAVE/USDT:USDT,296.77,66.0,296.76,757.0,296.78,743.0,296.82,137.0
1753592003002,04:53:23.002,gateio,AAVE/USDT:USDT,296.77,66.0,296.76,757.0,296.78,743.0,296.82,137.0
1753592003293,04:53:23.293,gateio,AAVE/USDT:USDT,296.77,66.0,296.76,757.0,296.81,92.0,296.82,137.0
1753592003386,04:53:23.386,gateio,AAVE/USDT:USDT,296.78,66.0,296.77,2.0,296.82,137.0,296.83,140.0
1753592003497,04:53:23.497,gateio,AAVE/USDT:USDT,296.78,809.0,296.77,2.0,296.8,869.0,296.82,135.0
1753592003587,04:53:23.587,gateio,AAVE/USDT:USDT,296.8,66.0,296.78,743.0,296.82,92.0,296.83,140.0
1753592003662,04:53:23.662,gateio,AAVE/USDT:USDT,296.8,66.0,296.79,2.0,296.82,225.0,296.83,850.0
1753592003716,04:53:23.716,gateio,AAVE/USDT:USDT,296.8,66.0,296.79,2.0,296.82,225.0,296.83,850.0
1753592004042,04:53:24.042,gateio,AAVE/USDT:USDT,296.8,66.0,296.79,2.0,296.82,225.0,296.83,850.0
1753592004331,04:53:24.331,gateio,AAVE/USDT:USDT,296.8,66.0,296.79,2.0,296.82,225.0,296.83,850.0
1753592004541,04:53:24.541,gateio,AAVE/USDT:USDT,296.8,66.0,296.79,2.0,296.82,225.0,296.83,850.0
1753592004713,04:53:24.713,gateio,AAVE/USDT:USDT,296.8,66.0,296.79,2.0,296.82,225.0,296.83,850.0
1753592004842,04:53:24.842,gateio,AAVE/USDT:USDT,296.8,66.0,296.79,2.0,296.82,225.0,296.83,850.0
1753592004955,04:53:24.955,gateio,AAVE/USDT:USDT,296.8,66.0,296.79,2.0,296.82,225.0,296.83,850.0
1753592005041,04:53:25.041,gateio,AAVE/USDT:USDT,296.8,66.0,296.79,2.0,296.82,225.0,296.83,850.0
1753592005308,04:53:25.308,gateio,AAVE/USDT:USDT,296.79,2.0,296.78,743.0,296.82,225.0,296.83,850.0
1753592005477,04:53:25.477,gateio,AAVE/USDT:USDT,296.79,2.0,296.78,743.0,296.81,750.0,296.83,232.0
1753592005697,04:53:25.697,gateio,AAVE/USDT:USDT,296.79,2.0,296.74,118.0,296.8,92.0,296.81,750.0
1753592005790,04:53:25.790,gateio,AAVE/USDT:USDT,296.76,66.0,296.75,747.0,296.79,805.0,296.8,266.0
1753592005893,04:53:25.893,gateio,AAVE/USDT:USDT,296.77,66.0,296.76,2.0,296.79,805.0,296.8,41.0
1753592005999,04:53:25.999,gateio,AAVE/USDT:USDT,296.77,882.0,296.76,2.0,296.83,191.0,296.84,371.0
1753592006083,04:53:26.083,gateio,AAVE/USDT:USDT,296.81,66.0,296.8,705.0,296.82,2.0,296.83,345.0
1753592006193,04:53:26.193,gateio,AAVE/USDT:USDT,296.81,66.0,296.8,705.0,296.83,345.0,296.84,1192.0
1753592006224,04:53:26.224,gateio,AAVE/USDT:USDT,296.8,705.0,296.76,92.0,296.83,345.0,296.84,1192.0
1753592006562,04:53:26.562,gateio,AAVE/USDT:USDT,296.8,705.0,296.76,92.0,296.83,437.0,296.84,1192.0
1753592006655,04:53:26.655,gateio,AAVE/USDT:USDT,296.8,705.0,296.75,159.0,296.82,859.0,296.83,191.0
1753592006722,04:53:26.722,gateio,AAVE/USDT:USDT,296.8,705.0,296.76,92.0,296.82,859.0,296.83,191.0
1753592006806,04:53:26.806,gateio,AAVE/USDT:USDT,296.8,705.0,296.76,92.0,296.82,859.0,296.83,191.0
1753592007072,04:53:27.072,gateio,AAVE/USDT:USDT,296.8,705.0,296.76,92.0,296.82,859.0,296.83,191.0
1753592007194,04:53:27.194,gateio,AAVE/USDT:USDT,296.76,25.0,296.75,41.0,296.81,258.0,296.82,859.0
1753592007293,04:53:27.293,gateio,AAVE/USDT:USDT,296.78,66.0,296.77,695.0,296.8,2.0,296.81,258.0
1753592007336,04:53:27.336,gateio,AAVE/USDT:USDT,296.78,66.0,296.77,695.0,296.81,258.0,296.82,859.0
1753592007481,04:53:27.481,gateio,AAVE/USDT:USDT,296.78,68.0,296.77,695.0,296.81,258.0,296.82,859.0
1753592007501,04:53:27.501,gateio,AAVE/USDT:USDT,296.78,68.0,296.77,695.0,296.81,258.0,296.82,859.0
1753592007790,04:53:27.790,gateio,AAVE/USDT:USDT,296.78,68.0,296.77,695.0,296.81,258.0,296.82,859.0
1753592007840,04:53:27.840,gateio,AAVE/USDT:USDT,296.78,68.0,296.77,695.0,296.81,258.0,296.82,859.0
1753592008583,04:53:28.583,gateio,AAVE/USDT:USDT,296.78,2.0,296.77,695.0,296.81,258.0,296.82,859.0
1753592008789,04:53:28.789,gateio,AAVE/USDT:USDT,296.78,2.0,296.77,695.0,296.81,258.0,296.82,859.0
1753592008838,04:53:28.838,gateio,AAVE/USDT:USDT,296.78,2.0,296.77,695.0,296.81,258.0,296.82,859.0
1753592008962,04:53:28.962,gateio,AAVE/USDT:USDT,296.78,2.0,296.77,695.0,296.8,755.0,296.83,232.0
1753592009062,04:53:29.062,gateio,AAVE/USDT:USDT,296.78,2.0,296.74,100.0,296.8,755.0,296.82,41.0
1753592009184,04:53:29.184,gateio,AAVE/USDT:USDT,296.77,66.0,296.75,802.0,296.79,227.0,296.8,755.0
1753592009235,04:53:29.235,gateio,AAVE/USDT:USDT,296.77,66.0,296.76,2.0,296.79,227.0,296.8,755.0
1753592009343,04:53:29.343,gateio,AAVE/USDT:USDT,296.77,66.0,296.76,2.0,296.79,227.0,296.8,755.0
1753592009481,04:53:29.481,gateio,AAVE/USDT:USDT,296.77,66.0,296.76,2.0,296.79,227.0,296.8,755.0
1753592010021,04:53:30.021,gateio,AAVE/USDT:USDT,296.77,66.0,296.76,2.0,296.79,227.0,296.8,755.0
1753592010391,04:53:30.391,gateio,AAVE/USDT:USDT,296.77,66.0,296.76,243.0,296.79,227.0,296.8,755.0
1753592010405,04:53:30.405,gateio,AAVE/USDT:USDT,296.77,66.0,296.76,241.0,296.79,227.0,296.8,755.0
1753592010796,04:53:30.796,gateio,AAVE/USDT:USDT,296.77,902.0,296.76,241.0,296.79,227.0,296.8,755.0
1753592010821,04:53:30.821,gateio,AAVE/USDT:USDT,296.77,902.0,296.75,25.0,296.8,755.0,296.81,92.0
1753592010961,04:53:30.961,gateio,AAVE/USDT:USDT,296.77,902.0,296.75,25.0,296.8,755.0,296.81,92.0
1753592011081,04:53:31.081,gateio,AAVE/USDT:USDT,296.77,902.0,296.73,133.0,296.8,755.0,296.81,92.0
1753592011197,04:53:31.197,gateio,AAVE/USDT:USDT,296.77,902.0,296.74,41.0,296.8,755.0,296.82,41.0
1753592011262,04:53:31.262,gateio,AAVE/USDT:USDT,296.77,902.0,296.74,41.0,296.8,755.0,296.82,41.0
1753592011301,04:53:31.301,gateio,AAVE/USDT:USDT,296.77,902.0,296.74,41.0,296.8,755.0,296.82,41.0
1753592011517,04:53:31.517,gateio,AAVE/USDT:USDT,296.77,902.0,296.74,41.0,296.8,755.0,296.82,41.0
1753592011853,04:53:31.853,gateio,AAVE/USDT:USDT,296.77,902.0,296.74,41.0,296.8,755.0,296.82,41.0
1753592011982,04:53:31.982,gateio,AAVE/USDT:USDT,296.77,902.0,296.74,41.0,296.8,755.0,296.82,82.0
1753592012004,04:53:32.004,gateio,AAVE/USDT:USDT,296.77,902.0,296.74,41.0,296.8,755.0,296.82,82.0
1753592012430,04:53:32.430,gateio,AAVE/USDT:USDT,296.77,902.0,296.74,41.0,296.8,755.0,296.82,41.0
1753592012591,04:53:32.591,gateio,AAVE/USDT:USDT,296.77,902.0,296.74,41.0,296.8,755.0,296.82,41.0
1753592013022,04:53:33.022,gateio,AAVE/USDT:USDT,296.77,902.0,296.74,41.0,296.8,755.0,296.82,41.0
1753592013293,04:53:33.293,gateio,AAVE/USDT:USDT,296.77,902.0,296.74,41.0,296.8,755.0,296.82,41.0
1753592013367,04:53:33.367,gateio,AAVE/USDT:USDT,296.77,902.0,296.74,41.0,296.8,755.0,296.82,41.0
1753592013430,04:53:33.430,gateio,AAVE/USDT:USDT,296.77,902.0,296.74,41.0,296.8,755.0,296.82,41.0
1753592013521,04:53:33.521,gateio,AAVE/USDT:USDT,296.77,902.0,296.74,41.0,296.8,755.0,296.82,41.0
1753592014004,04:53:34.004,gateio,AAVE/USDT:USDT,296.77,902.0,296.74,41.0,296.8,755.0,296.82,41.0
1753592014432,04:53:34.432,gateio,AAVE/USDT:USDT,296.77,927.0,296.74,41.0,296.82,41.0,296.83,232.0
1753592014582,04:53:34.582,gateio,AAVE/USDT:USDT,296.78,2.0,296.77,836.0,296.8,255.0,296.81,850.0
1753592014658,04:53:34.658,gateio,AAVE/USDT:USDT,296.78,2.0,296.77,836.0,296.8,255.0,296.81,850.0
1753592014876,04:53:34.876,gateio,AAVE/USDT:USDT,296.78,2.0,296.77,836.0,296.8,255.0,296.81,850.0
1753592014941,04:53:34.941,gateio,AAVE/USDT:USDT,296.78,2.0,296.77,836.0,296.8,255.0,296.81,850.0
1753592015003,04:53:35.003,gateio,AAVE/USDT:USDT,296.78,2.0,296.77,836.0,296.8,255.0,296.81,850.0
1753592015489,04:53:35.489,gateio,AAVE/USDT:USDT,296.79,767.0,296.78,2.0,296.81,850.0,296.82,41.0
1753592015588,04:53:35.588,gateio,AAVE/USDT:USDT,296.82,66.0,296.79,792.0,296.84,330.0,296.85,193.0
1753592015694,04:53:35.694,gateio,AAVE/USDT:USDT,296.82,66.0,296.81,719.0,296.84,1183.0,296.85,92.0
1753592015764,04:53:35.764,gateio,AAVE/USDT:USDT,296.82,66.0,296.81,719.0,296.84,1183.0,296.87,134.0
1753592015806,04:53:35.806,gateio,AAVE/USDT:USDT,296.82,66.0,296.81,719.0,296.84,1183.0,296.87,134.0
1753592015968,04:53:35.968,gateio,AAVE/USDT:USDT,296.82,66.0,296.81,719.0,296.84,1183.0,296.87,134.0
1753592016086,04:53:36.086,gateio,AAVE/USDT:USDT,296.82,66.0,296.81,719.0,296.86,96.0,296.87,41.0
1753592016181,04:53:36.181,gateio,AAVE/USDT:USDT,296.82,68.0,296.81,719.0,296.84,232.0,296.85,774.0
1753592016293,04:53:36.293,gateio,AAVE/USDT:USDT,296.81,719.0,296.78,96.0,296.84,232.0,296.85,774.0
1753592016388,04:53:36.388,gateio,AAVE/USDT:USDT,296.77,96.0,296.76,96.0,296.83,794.0,296.84,41.0
1753592016483,04:53:36.483,gateio,AAVE/USDT:USDT,296.79,286.0,296.78,757.0,296.82,240.0,296.83,794.0
1753592016536,04:53:36.536,gateio,AAVE/USDT:USDT,296.79,286.0,296.78,757.0,296.82,238.0,296.83,794.0
1753592016694,04:53:36.694,gateio,AAVE/USDT:USDT,296.82,66.0,296.8,724.0,296.83,753.0,296.86,137.0
1753592016746,04:53:36.746,gateio,AAVE/USDT:USDT,296.82,66.0,296.81,2.0,296.83,753.0,296.86,139.0
1753592016896,04:53:36.896,gateio,AAVE/USDT:USDT,296.82,66.0,296.81,2.0,296.83,753.0,296.86,139.0
1753592016986,04:53:36.986,gateio,AAVE/USDT:USDT,296.81,2.0,296.8,724.0,296.83,753.0,296.85,41.0
1753592017006,04:53:37.006,gateio,AAVE/USDT:USDT,296.81,2.0,296.8,724.0,296.83,753.0,296.85,41.0
1753592017114,04:53:37.114,gateio,AAVE/USDT:USDT,296.81,2.0,296.8,724.0,296.83,753.0,296.85,41.0
1753592017213,04:53:37.213,gateio,AAVE/USDT:USDT,296.81,2.0,296.8,724.0,296.83,753.0,296.85,41.0
1753592017391,04:53:37.391,gateio,AAVE/USDT:USDT,296.81,2.0,296.8,724.0,296.83,753.0,296.85,41.0
1753592017401,04:53:37.401,gateio,AAVE/USDT:USDT,296.81,2.0,296.8,724.0,296.83,753.0,296.85,41.0
1753592017683,04:53:37.683,gateio,AAVE/USDT:USDT,296.81,2.0,296.8,724.0,296.83,753.0,296.85,41.0
1753592017709,04:53:37.709,gateio,AAVE/USDT:USDT,296.81,2.0,296.8,724.0,296.83,753.0,296.85,41.0
1753592017893,04:53:37.893,gateio,AAVE/USDT:USDT,296.81,2.0,296.8,724.0,296.83,753.0,296.84,96.0
1753592018082,04:53:38.082,gateio,AAVE/USDT:USDT,296.81,2.0,296.75,119.0,296.82,96.0,296.83,753.0
1753592018186,04:53:38.186,gateio,AAVE/USDT:USDT,296.76,715.0,296.75,121.0,296.81,842.0,296.82,226.0
1753592018299,04:53:38.299,gateio,AAVE/USDT:USDT,296.78,66.0,296.77,217.0,296.8,2.0,296.81,842.0
1753592018323,04:53:38.323,gateio,AAVE/USDT:USDT,296.78,66.0,296.77,215.0,296.8,253.0,296.81,842.0
1753592018484,04:53:38.484,gateio,AAVE/USDT:USDT,296.79,66.0,296.77,215.0,296.81,842.0,296.82,41.0
1753592018541,04:53:38.541,gateio,AAVE/USDT:USDT,296.79,66.0,296.78,705.0,296.81,842.0,296.82,41.0
1753592018681,04:53:38.681,gateio,AAVE/USDT:USDT,296.81,66.0,296.79,66.0,296.83,41.0,296.84,96.0
1753592018792,04:53:38.792,gateio,AAVE/USDT:USDT,296.81,827.0,296.79,213.0,296.84,226.0,296.85,848.0
1753592018865,04:53:38.865,gateio,AAVE/USDT:USDT,296.81,827.0,296.77,96.0,296.84,226.0,296.85,846.0
1753592018938,04:53:38.938,gateio,AAVE/USDT:USDT,296.81,827.0,296.77,96.0,296.84,226.0,296.85,846.0
1753592019392,04:53:39.392,gateio,AAVE/USDT:USDT,296.81,827.0,296.77,96.0,296.84,226.0,296.85,846.0
1753592019662,04:53:39.662,gateio,AAVE/USDT:USDT,296.81,827.0,296.77,96.0,296.84,226.0,296.85,846.0
1753592019950,04:53:39.950,gateio,AAVE/USDT:USDT,296.81,827.0,296.77,96.0,296.84,226.0,296.85,846.0
1753592020395,04:53:40.395,gateio,AAVE/USDT:USDT,296.83,66.0,296.81,761.0,296.89,203.0,296.92,621.0
1753592020498,04:53:40.498,gateio,AAVE/USDT:USDT,296.83,66.0,296.82,230.0,296.86,842.0,296.87,256.0
1753592020541,04:53:40.541,gateio,AAVE/USDT:USDT,296.83,819.0,296.82,2.0,296.86,842.0,296.87,256.0
1753592020699,04:53:40.699,gateio,AAVE/USDT:USDT,296.83,819.0,296.81,41.0,296.86,842.0,296.87,256.0
1753592020732,04:53:40.732,gateio,AAVE/USDT:USDT,296.83,819.0,296.81,41.0,296.86,842.0,296.87,256.0
1753592020894,04:53:40.894,gateio,AAVE/USDT:USDT,296.83,819.0,296.81,41.0,296.86,842.0,296.87,256.0
1753592020923,04:53:40.923,gateio,AAVE/USDT:USDT,296.83,819.0,296.81,41.0,296.86,842.0,296.87,256.0
1753592021099,04:53:41.099,gateio,AAVE/USDT:USDT,296.78,119.0,296.77,96.0,296.86,883.0,296.87,297.0
1753592021182,04:53:41.182,gateio,AAVE/USDT:USDT,296.82,66.0,296.81,66.0,296.85,340.0,296.86,883.0
1753592021244,04:53:41.244,gateio,AAVE/USDT:USDT,296.82,66.0,296.81,230.0,296.84,780.0,296.86,214.0
1753592021366,04:53:41.366,gateio,AAVE/USDT:USDT,296.82,66.0,296.81,230.0,296.84,780.0,296.86,214.0
1753592021498,04:53:41.498,gateio,AAVE/USDT:USDT,296.86,66.0,296.83,66.0,296.87,256.0,296.89,109.0
1753592021582,04:53:41.582,gateio,AAVE/USDT:USDT,296.83,212.0,296.82,708.0,296.86,363.0,296.87,1114.0
1753592021687,04:53:41.687,gateio,AAVE/USDT:USDT,296.83,210.0,296.82,708.0,296.86,363.0,296.87,1114.0
1753592021753,04:53:41.753,gateio,AAVE/USDT:USDT,296.83,210.0,296.82,708.0,296.86,363.0,296.87,1114.0
1753592022194,04:53:42.194,gateio,AAVE/USDT:USDT,296.85,66.0,296.83,144.0,296.87,1114.0,296.89,109.0
1753592022282,04:53:42.282,gateio,AAVE/USDT:USDT,296.85,66.0,296.84,2.0,296.87,1114.0,296.89,109.0
1753592022395,04:53:42.395,gateio,AAVE/USDT:USDT,296.85,66.0,296.84,2.0,296.87,1114.0,296.89,109.0
1753592022441,04:53:42.441,gateio,AAVE/USDT:USDT,296.85,66.0,296.84,691.0,296.87,1114.0,296.89,109.0
1753592022567,04:53:42.567,gateio,AAVE/USDT:USDT,296.85,66.0,296.84,689.0,296.87,1114.0,296.89,109.0
1753592022628,04:53:42.628,gateio,AAVE/USDT:USDT,296.85,66.0,296.84,689.0,296.87,1114.0,296.89,109.0
1753592022865,04:53:42.865,gateio,AAVE/USDT:USDT,296.85,66.0,296.84,689.0,296.87,256.0,296.89,109.0
1753592022976,04:53:42.976,gateio,AAVE/USDT:USDT,296.85,66.0,296.84,689.0,296.87,256.0,296.88,247.0
1753592023050,04:53:43.050,gateio,AAVE/USDT:USDT,296.86,794.0,296.82,41.0,296.87,256.0,296.88,247.0
1753592023162,04:53:43.162,gateio,AAVE/USDT:USDT,296.86,794.0,296.84,96.0,296.87,256.0,296.88,247.0
1753592023277,04:53:43.277,gateio,AAVE/USDT:USDT,296.86,794.0,296.84,96.0,296.87,256.0,296.89,728.0
1753592023387,04:53:43.387,gateio,AAVE/USDT:USDT,296.86,794.0,296.84,96.0,296.87,256.0,296.88,220.0
1753592023406,04:53:43.406,gateio,AAVE/USDT:USDT,296.86,794.0,296.82,43.0,296.87,256.0,296.88,218.0
1753592023694,04:53:43.694,gateio,AAVE/USDT:USDT,296.86,794.0,296.82,43.0,296.87,256.0,296.88,218.0
1753592023895,04:53:43.895,gateio,AAVE/USDT:USDT,296.82,98.0,296.81,41.0,296.87,256.0,296.88,218.0
1753592023982,04:53:43.982,gateio,AAVE/USDT:USDT,296.85,66.0,296.84,236.0,296.86,2.0,296.87,1005.0
1753592024060,04:53:44.060,gateio,AAVE/USDT:USDT,296.86,66.0,296.85,810.0,296.87,1005.0,296.89,13.0
1753592024121,04:53:44.121,gateio,AAVE/USDT:USDT,296.86,66.0,296.85,810.0,296.87,1005.0,296.89,13.0
1753592024205,04:53:44.205,gateio,AAVE/USDT:USDT,296.86,66.0,296.85,810.0,296.87,1005.0,296.89,13.0
1753592024461,04:53:44.461,gateio,AAVE/USDT:USDT,296.86,66.0,296.85,810.0,296.87,256.0,296.89,13.0
1753592024582,04:53:44.582,gateio,AAVE/USDT:USDT,296.86,66.0,296.85,810.0,296.87,256.0,296.88,242.0
1753592024618,04:53:44.618,gateio,AAVE/USDT:USDT,296.86,66.0,296.85,810.0,296.87,256.0,296.88,242.0
1753592024961,04:53:44.961,gateio,AAVE/USDT:USDT,296.86,66.0,296.85,810.0,296.87,256.0,296.88,242.0
1753592025001,04:53:45.001,gateio,AAVE/USDT:USDT,296.86,66.0,296.85,810.0,296.87,256.0,296.88,242.0
1753592025399,04:53:45.399,gateio,AAVE/USDT:USDT,296.86,66.0,296.85,810.0,296.87,256.0,296.88,242.0
1753592025441,04:53:45.441,gateio,AAVE/USDT:USDT,296.86,66.0,296.85,810.0,296.87,256.0,296.88,242.0
1753592026085,04:53:46.085,gateio,AAVE/USDT:USDT,296.8,96.0,296.78,25.0,296.87,1065.0,296.88,41.0
1753592026166,04:53:46.166,gateio,AAVE/USDT:USDT,296.84,312.0,296.83,820.0,296.86,2.0,296.87,1065.0
1753592026250,04:53:46.250,gateio,AAVE/USDT:USDT,296.85,66.0,296.84,246.0,296.87,1065.0,296.88,41.0
1753592026355,04:53:46.355,gateio,AAVE/USDT:USDT,296.85,66.0,296.84,246.0,296.87,1065.0,296.88,41.0
1753592026462,04:53:46.462,gateio,AAVE/USDT:USDT,296.85,66.0,296.84,246.0,296.87,256.0,296.89,54.0
1753592026582,04:53:46.582,gateio,AAVE/USDT:USDT,296.85,903.0,296.81,82.0,296.87,256.0,296.88,261.0
1753592026661,04:53:46.661,gateio,AAVE/USDT:USDT,296.85,903.0,296.81,82.0,296.87,256.0,296.88,261.0
1753592026993,04:53:46.993,gateio,AAVE/USDT:USDT,296.85,903.0,296.83,96.0,296.87,256.0,296.89,829.0
1753592027082,04:53:47.082,gateio,AAVE/USDT:USDT,296.85,903.0,296.83,96.0,296.87,256.0,296.89,829.0
1753592027102,04:53:47.102,gateio,AAVE/USDT:USDT,296.85,903.0,296.83,96.0,296.87,256.0,296.89,829.0
1753592027484,04:53:47.484,gateio,AAVE/USDT:USDT,296.85,903.0,296.84,41.0,296.87,256.0,296.89,829.0
1753592027530,04:53:47.530,gateio,AAVE/USDT:USDT,296.85,903.0,296.83,96.0,296.87,256.0,296.89,829.0
1753592027691,04:53:47.691,gateio,AAVE/USDT:USDT,296.85,903.0,296.83,96.0,296.87,256.0,296.89,829.0
1753592028097,04:53:48.097,gateio,AAVE/USDT:USDT,296.88,66.0,296.87,213.0,296.89,13.0,296.95,94.0
1753592028187,04:53:48.187,gateio,AAVE/USDT:USDT,296.88,890.0,296.87,107.0,296.89,13.0,296.91,214.0
1753592028290,04:53:48.290,gateio,AAVE/USDT:USDT,296.88,890.0,296.87,109.0,296.89,13.0,296.92,713.0
1753592028343,04:53:48.343,gateio,AAVE/USDT:USDT,296.88,890.0,296.87,109.0,296.89,13.0,296.91,2.0
1753592028418,04:53:48.418,gateio,AAVE/USDT:USDT,296.88,890.0,296.87,109.0,296.89,13.0,296.91,2.0
1753592028582,04:53:48.582,gateio,AAVE/USDT:USDT,296.88,890.0,296.87,109.0,296.89,13.0,296.91,2.0
1753592029083,04:53:49.083,gateio,AAVE/USDT:USDT,296.88,890.0,296.87,68.0,296.89,13.0,296.91,2.0
1753592029188,04:53:49.188,gateio,AAVE/USDT:USDT,296.88,890.0,296.87,68.0,296.89,13.0,296.91,2.0
1753592029537,04:53:49.537,gateio,AAVE/USDT:USDT,296.88,890.0,296.87,68.0,296.89,13.0,296.91,2.0
1753592029933,04:53:49.933,gateio,AAVE/USDT:USDT,296.88,890.0,296.87,68.0,296.89,13.0,296.91,2.0
1753592030061,04:53:50.061,gateio,AAVE/USDT:USDT,296.88,890.0,296.87,68.0,296.89,13.0,296.91,2.0
1753592030481,04:53:50.481,gateio,AAVE/USDT:USDT,296.88,890.0,296.87,68.0,296.89,13.0,296.91,228.0
1753592030569,04:53:50.569,gateio,AAVE/USDT:USDT,296.88,890.0,296.87,27.0,296.89,13.0,296.91,226.0
1753592030686,04:53:50.686,gateio,AAVE/USDT:USDT,296.88,890.0,296.87,25.0,296.89,13.0,296.91,226.0
1753592030753,04:53:50.753,gateio,AAVE/USDT:USDT,296.88,890.0,296.84,84.0,296.89,13.0,296.91,226.0
1753592030868,04:53:50.868,gateio,AAVE/USDT:USDT,296.88,890.0,296.84,84.0,296.89,13.0,296.92,754.0
1753592030922,04:53:50.922,gateio,AAVE/USDT:USDT,296.88,915.0,296.84,84.0,296.89,13.0,296.91,2.0
1753592031062,04:53:51.062,gateio,AAVE/USDT:USDT,296.88,915.0,296.84,84.0,296.89,13.0,296.91,2.0
1753592031109,04:53:51.109,gateio,AAVE/USDT:USDT,296.88,915.0,296.84,84.0,296.89,13.0,296.91,2.0
1753592031202,04:53:51.202,gateio,AAVE/USDT:USDT,296.88,915.0,296.84,84.0,296.89,13.0,296.91,137.0
1753592031377,04:53:51.377,gateio,AAVE/USDT:USDT,296.88,915.0,296.86,96.0,296.89,13.0,296.91,137.0
1753592031472,04:53:51.472,gateio,AAVE/USDT:USDT,296.88,915.0,296.86,96.0,296.89,13.0,296.91,137.0
1753592031527,04:53:51.527,gateio,AAVE/USDT:USDT,296.88,915.0,296.86,96.0,296.89,13.0,296.91,137.0
1753592031793,04:53:51.793,gateio,AAVE/USDT:USDT,296.88,890.0,296.86,96.0,296.89,13.0,296.91,137.0
1753592031812,04:53:51.812,gateio,AAVE/USDT:USDT,296.88,890.0,296.84,84.0,296.89,13.0,296.91,137.0
1753592031970,04:53:51.970,gateio,AAVE/USDT:USDT,296.88,890.0,296.86,96.0,296.89,13.0,296.91,2.0
1753592032097,04:53:52.097,gateio,AAVE/USDT:USDT,296.88,915.0,296.87,41.0,296.91,2.0,296.95,94.0
1753592032194,04:53:52.194,gateio,AAVE/USDT:USDT,296.91,826.0,296.86,96.0,296.95,379.0,296.96,978.0
1753592032286,04:53:52.286,gateio,AAVE/USDT:USDT,296.92,66.0,296.91,826.0,296.94,845.0,296.96,140.0
1753592032392,04:53:52.392,gateio,AAVE/USDT:USDT,296.93,66.0,296.91,826.0,296.94,845.0,296.96,140.0
1753592032494,04:53:52.494,gateio,AAVE/USDT:USDT,296.93,66.0,296.92,2.0,296.94,845.0,296.96,142.0
1753592032589,04:53:52.589,gateio,AAVE/USDT:USDT,296.93,66.0,296.92,2.0,296.94,845.0,296.96,142.0
1753592032681,04:53:52.681,gateio,AAVE/USDT:USDT,296.93,66.0,296.92,128.0,296.96,142.0,296.97,104.0
1753592032714,04:53:52.714,gateio,AAVE/USDT:USDT,296.93,66.0,296.92,128.0,296.96,140.0,296.97,104.0
1753592032821,04:53:52.821,gateio,AAVE/USDT:USDT,296.93,739.0,296.92,2.0,296.96,353.0,296.97,848.0
1753592032981,04:53:52.981,gateio,AAVE/USDT:USDT,296.93,66.0,296.89,96.0,296.95,837.0,296.96,140.0
1753592033094,04:53:53.094,gateio,AAVE/USDT:USDT,296.9,865.0,296.88,2.0,296.94,251.0,296.95,908.0
1753592033183,04:53:53.183,gateio,AAVE/USDT:USDT,296.92,836.0,296.88,93.0,296.94,251.0,296.95,908.0
1753592033248,04:53:53.248,gateio,AAVE/USDT:USDT,296.92,836.0,296.88,93.0,296.94,251.0,296.95,908.0
1753592033564,04:53:53.564,gateio,AAVE/USDT:USDT,296.92,770.0,296.87,107.0,296.94,344.0,296.95,908.0
1753592033655,04:53:53.655,gateio,AAVE/USDT:USDT,296.92,770.0,296.88,93.0,296.94,251.0,296.95,908.0
1753592033882,04:53:53.882,gateio,AAVE/USDT:USDT,296.87,25.0,296.86,96.0,296.94,251.0,296.95,908.0
1753592033981,04:53:53.981,gateio,AAVE/USDT:USDT,296.89,271.0,296.88,682.0,296.92,744.0,296.93,43.0
1753592034084,04:53:54.084,gateio,AAVE/USDT:USDT,296.89,271.0,296.88,682.0,296.92,744.0,296.93,41.0
1753592034128,04:53:54.128,gateio,AAVE/USDT:USDT,296.89,271.0,296.88,682.0,296.92,744.0,296.93,41.0
1753592034454,04:53:54.454,gateio,AAVE/USDT:USDT,296.89,271.0,296.88,682.0,296.92,744.0,296.93,41.0
1753592034784,04:53:54.784,gateio,AAVE/USDT:USDT,296.9,89.0,296.89,230.0,296.95,112.0,296.96,236.0
1753592034894,04:53:54.894,gateio,AAVE/USDT:USDT,296.91,768.0,296.9,91.0,296.94,300.0,296.95,1000.0
1753592034973,04:53:54.973,gateio,AAVE/USDT:USDT,296.91,768.0,296.87,93.0,296.94,300.0,296.95,998.0
1753592035042,04:53:55.042,gateio,AAVE/USDT:USDT,296.91,768.0,296.87,93.0,296.94,300.0,296.95,998.0
1753592035181,04:53:55.181,gateio,AAVE/USDT:USDT,296.86,118.0,296.85,41.0,296.93,787.0,296.94,41.0
1753592035289,04:53:55.289,gateio,AAVE/USDT:USDT,296.9,66.0,296.89,232.0,296.92,2.0,296.93,787.0
1753592035381,04:53:55.381,gateio,AAVE/USDT:USDT,296.91,66.0,296.9,793.0,296.93,787.0,296.94,41.0
1753592035482,04:53:55.482,gateio,AAVE/USDT:USDT,296.91,66.0,296.9,793.0,296.93,787.0,296.94,41.0
1753592035729,04:53:55.729,gateio,AAVE/USDT:USDT,296.91,66.0,296.9,793.0,296.93,787.0,296.94,41.0
1753592035954,04:53:55.954,gateio,AAVE/USDT:USDT,296.91,66.0,296.9,793.0,296.93,787.0,296.94,41.0
1753592036021,04:53:56.021,gateio,AAVE/USDT:USDT,296.91,66.0,296.9,793.0,296.93,787.0,296.94,41.0
1753592036150,04:53:56.150,gateio,AAVE/USDT:USDT,296.91,66.0,296.9,793.0,296.93,787.0,296.94,41.0
1753592036379,04:53:56.379,gateio,AAVE/USDT:USDT,296.9,793.0,296.87,71.0,296.93,787.0,296.94,41.0
1753592036591,04:53:56.591,gateio,AAVE/USDT:USDT,296.9,793.0,296.87,71.0,296.93,787.0,296.94,41.0
1753592036602,04:53:56.602,gateio,AAVE/USDT:USDT,296.9,793.0,296.87,71.0,296.93,787.0,296.94,41.0
1753592036747,04:53:56.747,gateio,AAVE/USDT:USDT,296.9,793.0,296.87,71.0,296.93,787.0,296.94,41.0
1753592036886,04:53:56.886,gateio,AAVE/USDT:USDT,296.93,66.0,296.91,238.0,296.96,192.0,296.97,63.0
1753592036985,04:53:56.985,gateio,AAVE/USDT:USDT,296.92,2.0,296.91,238.0,296.94,723.0,296.95,93.0
1753592037086,04:53:57.086,gateio,AAVE/USDT:USDT,296.91,238.0,296.9,793.0,296.93,217.0,296.94,723.0
1753592037128,04:53:57.128,gateio,AAVE/USDT:USDT,296.91,238.0,296.9,793.0,296.93,217.0,296.94,723.0
1753592037462,04:53:57.462,gateio,AAVE/USDT:USDT,296.91,238.0,296.9,793.0,296.93,217.0,296.94,723.0
1753592037750,04:53:57.750,gateio,AAVE/USDT:USDT,296.91,238.0,296.9,793.0,296.93,217.0,296.94,723.0
1753592037802,04:53:57.802,gateio,AAVE/USDT:USDT,296.91,238.0,296.9,793.0,296.93,217.0,296.94,723.0
1753592038041,04:53:58.041,gateio,AAVE/USDT:USDT,296.9,793.0,296.87,119.0,296.92,766.0,296.95,134.0
1753592038121,04:53:58.121,gateio,AAVE/USDT:USDT,296.9,793.0,296.87,119.0,296.92,766.0,296.95,134.0
1753592038229,04:53:58.229,gateio,AAVE/USDT:USDT,296.9,793.0,296.87,119.0,296.92,766.0,296.95,134.0
1753592038373,04:53:58.373,gateio,AAVE/USDT:USDT,296.91,121.0,296.9,793.0,296.95,93.0,296.96,99.0
1753592038481,04:53:58.481,gateio,AAVE/USDT:USDT,296.92,66.0,296.91,123.0,296.94,215.0,296.95,717.0
1753592038523,04:53:58.523,gateio,AAVE/USDT:USDT,296.9,793.0,296.87,119.0,296.93,846.0,296.95,93.0
1753592038646,04:53:58.646,gateio,AAVE/USDT:USDT,296.9,793.0,296.87,119.0,296.93,846.0,296.95,134.0
1753592038970,04:53:58.970,gateio,AAVE/USDT:USDT,296.9,793.0,296.87,119.0,296.93,846.0,296.95,175.0
1753592039022,04:53:59.022,gateio,AAVE/USDT:USDT,296.9,793.0,296.87,119.0,296.93,846.0,296.95,175.0
1753592039164,04:53:59.164,gateio,AAVE/USDT:USDT,296.9,793.0,296.87,160.0,296.93,846.0,296.95,175.0
1753592039267,04:53:59.267,gateio,AAVE/USDT:USDT,296.9,818.0,296.88,93.0,296.95,93.0,296.96,99.0
1753592039385,04:53:59.385,gateio,AAVE/USDT:USDT,296.92,66.0,296.91,2.0,296.94,239.0,296.95,797.0
1753592039462,04:53:59.462,gateio,AAVE/USDT:USDT,296.92,66.0,296.91,2.0,296.94,239.0,296.95,795.0
1753592039581,04:53:59.581,gateio,AAVE/USDT:USDT,296.92,66.0,296.91,2.0,296.94,239.0,296.95,795.0
1753592039687,04:53:59.687,gateio,AAVE/USDT:USDT,296.92,66.0,296.91,2.0,296.94,239.0,296.95,795.0
1753592040080,04:54:00.080,gateio,AAVE/USDT:USDT,296.91,2.0,296.9,793.0,296.93,721.0,296.94,239.0
1753592040196,04:54:00.196,gateio,AAVE/USDT:USDT,296.9,793.0,296.87,160.0,296.93,721.0,296.96,192.0
1753592040281,04:54:00.281,gateio,AAVE/USDT:USDT,296.91,66.0,296.9,793.0,296.93,721.0,296.96,192.0
1753592040490,04:54:00.490,gateio,AAVE/USDT:USDT,296.91,66.0,296.9,793.0,296.93,721.0,296.96,192.0
1753592040621,04:54:00.621,gateio,AAVE/USDT:USDT,296.91,66.0,296.9,793.0,296.93,721.0,296.95,111.0
1753592040788,04:54:00.788,gateio,AAVE/USDT:USDT,296.91,66.0,296.9,793.0,296.95,111.0,296.96,233.0
1753592040814,04:54:00.814,gateio,AAVE/USDT:USDT,296.91,68.0,296.9,793.0,296.95,206.0,296.96,233.0
1753592040969,04:54:00.969,gateio,AAVE/USDT:USDT,296.91,68.0,296.9,793.0,296.93,228.0,296.94,761.0
1753592041021,04:54:01.021,gateio,AAVE/USDT:USDT,296.91,66.0,296.9,793.0,296.93,228.0,296.94,761.0
1753592041117,04:54:01.117,gateio,AAVE/USDT:USDT,296.91,66.0,296.9,793.0,296.93,228.0,296.94,761.0
1753592041281,04:54:01.281,gateio,AAVE/USDT:USDT,296.9,793.0,296.87,160.0,296.93,228.0,296.94,761.0
1753592041392,04:54:01.392,gateio,AAVE/USDT:USDT,296.9,793.0,296.87,160.0,296.93,228.0,296.94,761.0
1753592041416,04:54:01.416,gateio,AAVE/USDT:USDT,296.9,793.0,296.87,160.0,296.93,228.0,296.94,761.0
1753592041531,04:54:01.531,gateio,AAVE/USDT:USDT,296.9,793.0,296.87,160.0,296.93,228.0,296.94,761.0
1753592041767,04:54:01.767,gateio,AAVE/USDT:USDT,296.92,66.0,296.91,238.0,296.94,761.0,296.96,192.0
1753592041810,04:54:01.810,gateio,AAVE/USDT:USDT,296.92,66.0,296.91,238.0,296.94,761.0,296.96,192.0
1753592041993,04:54:01.993,gateio,AAVE/USDT:USDT,296.92,66.0,296.9,793.0,296.94,761.0,296.96,192.0
1753592042005,04:54:02.005,gateio,AAVE/USDT:USDT,296.92,66.0,296.91,2.0,296.94,761.0,296.96,192.0
1753592042785,04:54:02.785,gateio,AAVE/USDT:USDT,296.91,88.0,296.9,793.0,296.93,228.0,296.94,761.0
1753592042822,04:54:02.822,gateio,AAVE/USDT:USDT,296.9,793.0,296.87,160.0,296.93,228.0,296.94,761.0
1753592042976,04:54:02.976,gateio,AAVE/USDT:USDT,296.9,793.0,296.87,119.0,296.93,228.0,296.94,802.0
1753592043024,04:54:03.024,gateio,AAVE/USDT:USDT,296.9,793.0,296.87,119.0,296.92,706.0,296.94,134.0
1753592043166,04:54:03.166,gateio,AAVE/USDT:USDT,296.9,793.0,296.87,119.0,296.92,706.0,296.94,134.0
1753592043256,04:54:03.256,gateio,AAVE/USDT:USDT,296.92,66.0,296.9,793.0,296.94,41.0,296.95,152.0
1753592043346,04:54:03.346,gateio,AAVE/USDT:USDT,296.92,66.0,296.91,2.0,296.94,263.0,296.95,878.0
1753592043495,04:54:03.495,gateio,AAVE/USDT:USDT,296.92,66.0,296.91,2.0,296.94,263.0,296.95,878.0
1753592043583,04:54:03.583,gateio,AAVE/USDT:USDT,296.92,66.0,296.91,2.0,296.94,263.0,296.95,878.0
1753592043657,04:54:03.657,gateio,AAVE/USDT:USDT,296.91,2.0,296.9,793.0,296.94,263.0,296.95,878.0
1753592043998,04:54:03.998,gateio,AAVE/USDT:USDT,296.91,2.0,296.9,793.0,296.94,263.0,296.95,878.0
1753592044797,04:54:04.797,gateio,AAVE/USDT:USDT,296.92,762.0,296.91,240.0,296.94,263.0,296.95,878.0
1753592044861,04:54:04.861,gateio,AAVE/USDT:USDT,296.92,762.0,296.88,41.0,296.94,263.0,296.95,878.0
1753592044999,04:54:04.999,gateio,AAVE/USDT:USDT,296.92,762.0,296.88,41.0,296.94,263.0,296.95,878.0
1753592045008,04:54:05.008,gateio,AAVE/USDT:USDT,296.92,762.0,296.88,41.0,296.94,263.0,296.95,878.0
1753592045227,04:54:05.227,gateio,AAVE/USDT:USDT,296.92,762.0,296.88,41.0,296.94,263.0,296.95,878.0
1753592045371,04:54:05.371,gateio,AAVE/USDT:USDT,296.92,762.0,296.88,41.0,296.94,263.0,296.95,878.0
1753592045577,04:54:05.577,gateio,AAVE/USDT:USDT,296.88,41.0,296.83,96.0,296.94,384.0,296.95,878.0
1753592045692,04:54:05.692,gateio,AAVE/USDT:USDT,296.92,66.0,296.91,734.0,296.93,2.0,296.95,70.0
1753592045798,04:54:05.798,gateio,AAVE/USDT:USDT,296.95,66.0,296.93,111.0,296.96,5.0,296.97,63.0
1753592045895,04:54:05.895,gateio,AAVE/USDT:USDT,296.95,66.0,296.94,709.0,296.96,5.0,296.97,308.0
1753592045906,04:54:05.906,gateio,AAVE/USDT:USDT,296.95,66.0,296.94,709.0,296.96,5.0,296.97,308.0
1753592046060,04:54:06.060,gateio,AAVE/USDT:USDT,296.95,66.0,296.94,709.0,296.96,5.0,296.97,308.0
1753592046191,04:54:06.191,gateio,AAVE/USDT:USDT,296.95,66.0,296.94,709.0,296.96,5.0,296.97,308.0
1753592046276,04:54:06.276,gateio,AAVE/USDT:USDT,296.96,66.0,296.95,213.0,296.97,63.0,297.0,95.0
1753592046382,04:54:06.382,gateio,AAVE/USDT:USDT,296.96,66.0,296.95,213.0,296.97,63.0,296.98,242.0
