timestamp,time,exchange,symbol,bid1_price,bid1_volume,bid2_price,bid2_volume,ask1_price,ask1_volume,ask2_price,ask2_volume
1753591902487,04:51:42.487,mexc,ACT/USDT:USDT,0.04579,1671.0,0.04578,4827.0,0.0458,5284.0,0.04581,9448.0
1753591902819,04:51:42.819,mexc,ACT/USDT:USDT,0.04579,1671.0,0.04578,5547,0.0458,5284.0,0.04581,11601
1753591903219,04:51:43.219,mexc,ACT/USDT:USDT,0.04579,1671.0,0.04578,5547,0.0458,5284.0,0.04581,9448
1753591903319,04:51:43.319,mexc,ACT/USDT:USDT,0.04579,1671.0,0.04578,6001,0.0458,5284.0,0.04581,12218
1753591903720,04:51:43.720,mexc,ACT/USDT:USDT,0.04579,1671.0,0.04578,6001,0.0458,5284.0,0.04581,9448
1753591903820,04:51:43.820,mexc,ACT/USDT:USDT,0.04579,1671.0,0.04578,4827,0.0458,5284.0,0.04581,9448
1753591904220,04:51:44.220,mexc,ACT/USDT:USDT,0.04579,1671.0,0.04578,4827,0.0458,5284.0,0.04581,9448
1753591904320,04:51:44.320,mexc,ACT/USDT:USDT,0.04579,1671.0,0.04578,4827,0.0458,5284.0,0.04581,10505
1753591904720,04:51:44.720,mexc,ACT/USDT:USDT,0.04579,1671.0,0.04578,4827,0.0458,5284.0,0.04581,9448
1753591904819,04:51:44.819,mexc,ACT/USDT:USDT,0.04579,1671.0,0.04578,6755,0.0458,5284.0,0.04581,11652
1753591905126,04:51:45.126,mexc,ACT/USDT:USDT,0.04579,1671.0,0.04578,6755,0.0458,7986,0.04581,16649
1753591905320,04:51:45.320,mexc,ACT/USDT:USDT,0.04579,1802,0.04578,3687,0.0458,2702,0.04581,4997
1753591905721,04:51:45.721,mexc,ACT/USDT:USDT,0.04579,1802,0.04578,3687,0.0458,2702,0.04581,4997
1753591905822,04:51:45.822,mexc,ACT/USDT:USDT,0.04579,1802,0.04578,3687,0.0458,2702,0.04581,6629
1753591906225,04:51:46.225,mexc,ACT/USDT:USDT,0.04579,1802,0.04578,3687,0.0458,2702,0.04581,4997
1753591906320,04:51:46.320,mexc,ACT/USDT:USDT,0.04579,1802,0.04578,4173,0.0458,2702,0.04581,7482
1753591906720,04:51:46.720,mexc,ACT/USDT:USDT,0.04579,1802,0.04578,4173,0.0458,2702,0.04581,7482
1753591906860,04:51:46.860,mexc,ACT/USDT:USDT,0.04579,1802,0.04578,3687,0.0458,2702,0.04581,4997
1753591907221,04:51:47.221,mexc,ACT/USDT:USDT,0.04579,1802,0.04578,3687,0.0458,2702,0.04581,4997
1753591907325,04:51:47.325,mexc,ACT/USDT:USDT,0.04579,1802,0.04578,3687,0.0458,2702,0.04581,7144
1753591907781,04:51:47.781,mexc,ACT/USDT:USDT,0.04579,1802,0.04578,3687,0.0458,2702,0.04581,7144
1753591907823,04:51:47.823,mexc,ACT/USDT:USDT,0.04579,1802,0.04578,3687,0.0458,2702,0.04581,4997
1753591908223,04:51:48.223,mexc,ACT/USDT:USDT,0.04579,1802,0.04578,3687,0.0458,2702,0.04581,4997
1753591908322,04:51:48.322,mexc,ACT/USDT:USDT,0.04579,1802,0.04578,3687,0.0458,2702,0.04581,7498
1753591908569,04:51:48.569,mexc,ACT/USDT:USDT,0.04579,1802,0.04578,3687,0.0458,2702,0.04581,7498
1753591908822,04:51:48.822,mexc,ACT/USDT:USDT,0.04579,1802,0.04578,4900,0.0458,2702,0.04581,4997
1753591909223,04:51:49.223,mexc,ACT/USDT:USDT,0.04579,1802,0.04578,4900,0.0458,2702,0.04581,4997
1753591909323,04:51:49.323,mexc,ACT/USDT:USDT,0.04579,1802,0.04578,4123,0.0458,2702,0.04581,6461
1753591909724,04:51:49.724,mexc,ACT/USDT:USDT,0.04579,1802,0.04578,4123,0.0458,2702,0.04581,6461
1753591909824,04:51:49.824,mexc,ACT/USDT:USDT,0.04579,1802,0.04578,3687,0.0458,2702,0.04581,4997
1753591910225,04:51:50.225,mexc,ACT/USDT:USDT,0.04579,1802,0.04578,3687,0.0458,2702,0.04581,4997
1753591910324,04:51:50.324,mexc,ACT/USDT:USDT,0.04579,1802,0.04578,5452,0.0458,2702,0.04581,4997
1753591910725,04:51:50.725,mexc,ACT/USDT:USDT,0.04579,1802,0.04578,5452,0.0458,2702,0.04581,4997
1753591910826,04:51:50.826,mexc,ACT/USDT:USDT,0.04579,1802,0.04578,5601,0.0458,2702,0.04581,9100
1753591911128,04:51:51.128,mexc,ACT/USDT:USDT,0.04579,6354,0.04578,5601,0.0458,2693,0.04581,4881
1753591911323,04:51:51.323,mexc,ACT/USDT:USDT,0.04579,4552,0.04578,1574,0.0458,2693,0.04581,4881
1753591911724,04:51:51.724,mexc,ACT/USDT:USDT,0.04579,4552,0.04578,1574,0.0458,2693,0.04581,4881
1753591911824,04:51:51.824,mexc,ACT/USDT:USDT,0.04579,4552,0.04578,1574,0.0458,2693,0.04581,6317
1753591912225,04:51:52.225,mexc,ACT/USDT:USDT,0.04579,4552,0.04578,1574,0.0458,2693,0.04581,6317
1753591912323,04:51:52.323,mexc,ACT/USDT:USDT,0.04579,4552,0.04578,2303,0.0458,2693,0.04581,4881
1753591912724,04:51:52.724,mexc,ACT/USDT:USDT,0.04579,4552,0.04578,2303,0.0458,2693,0.04581,4881
1753591912864,04:51:52.864,mexc,ACT/USDT:USDT,0.04579,4552,0.04578,2860,0.0458,2693,0.04581,6248
1753591913226,04:51:53.226,mexc,ACT/USDT:USDT,0.04579,4552,0.04578,2860,0.0458,2693,0.04581,4881
1753591913325,04:51:53.325,mexc,ACT/USDT:USDT,0.04579,4552,0.04578,1574,0.0458,2693,0.04581,4881
1753591913726,04:51:53.726,mexc,ACT/USDT:USDT,0.04579,4552,0.04578,1574,0.0458,2693,0.04581,4881
1753591913836,04:51:53.836,mexc,ACT/USDT:USDT,0.04579,4552,0.04578,1574,0.0458,2693,0.04581,4881
1753591914227,04:51:54.227,mexc,ACT/USDT:USDT,0.04579,4552,0.04578,1574,0.0458,2693,0.04581,4881
1753591914325,04:51:54.325,mexc,ACT/USDT:USDT,0.04579,4552,0.04578,1922,0.0458,2693,0.04581,4881
1753591914568,04:51:54.568,mexc,ACT/USDT:USDT,0.04579,4552,0.04578,1922,0.0458,2693,0.04581,4881
1753591914826,04:51:54.826,mexc,ACT/USDT:USDT,0.04579,4552,0.04578,1574,0.0458,2693,0.04581,4881
1753591915226,04:51:55.226,mexc,ACT/USDT:USDT,0.04579,4552,0.04578,1574,0.0458,2693,0.04581,4881
1753591915324,04:51:55.324,mexc,ACT/USDT:USDT,0.04579,4552,0.04578,1574,0.0458,2693,0.04581,6758
1753591915727,04:51:55.727,mexc,ACT/USDT:USDT,0.04579,4552,0.04578,1574,0.0458,2693,0.04581,4881
1753591915827,04:51:55.827,mexc,ACT/USDT:USDT,0.04579,4552,0.04578,2158,0.0458,2693,0.04581,5811
1753591916227,04:51:56.227,mexc,ACT/USDT:USDT,0.04579,4552,0.04578,2158,0.0458,2693,0.04581,4881
1753591916329,04:51:56.329,mexc,ACT/USDT:USDT,0.04579,4552,0.04578,1914,0.0458,2693,0.04581,6297
1753591916729,04:51:56.729,mexc,ACT/USDT:USDT,0.04579,4552,0.04578,1914,0.0458,2693,0.04581,6297
1753591916827,04:51:56.827,mexc,ACT/USDT:USDT,0.04579,4552,0.04578,1962,0.0458,2693,0.04581,7315
1753591917126,04:51:57.126,mexc,ACT/USDT:USDT,0.04579,4019,0.04578,4761,0.0458,2537,0.04581,5822
1753591917328,04:51:57.328,mexc,ACT/USDT:USDT,0.04579,4019,0.04578,4761,0.0458,2537,0.04581,5822
1753591917728,04:51:57.728,mexc,ACT/USDT:USDT,0.04579,4019,0.04578,4761,0.0458,2537,0.04581,5822
1753591917827,04:51:57.827,mexc,ACT/USDT:USDT,0.04579,4019,0.04578,6428,0.0458,2537,0.04581,5822
1753591918229,04:51:58.229,mexc,ACT/USDT:USDT,0.04579,4019,0.04578,6428,0.0458,2537,0.04581,5822
1753591918331,04:51:58.331,mexc,ACT/USDT:USDT,0.04579,4019,0.04578,4761,0.0458,2537,0.04581,5822
1753591918731,04:51:58.731,mexc,ACT/USDT:USDT,0.04579,4019,0.04578,4761,0.0458,2537,0.04581,5822
1753591918865,04:51:58.865,mexc,ACT/USDT:USDT,0.04579,4019,0.04578,4761,0.0458,2537,0.04581,5822
1753591919229,04:51:59.229,mexc,ACT/USDT:USDT,0.04579,4019,0.04578,4761,0.0458,2537,0.04581,5822
1753591919328,04:51:59.328,mexc,ACT/USDT:USDT,0.04579,4019,0.04578,5610,0.0458,2537,0.04581,6933
1753591919729,04:51:59.729,mexc,ACT/USDT:USDT,0.04579,4019,0.04578,5610,0.0458,2537,0.04581,5822
1753591919829,04:51:59.829,mexc,ACT/USDT:USDT,0.04579,4019,0.04578,6408,0.0458,2537,0.04581,5822
1753591920228,04:52:00.228,mexc,ACT/USDT:USDT,0.04579,4019,0.04578,6408,0.0458,2537,0.04581,5822
1753591920329,04:52:00.329,mexc,ACT/USDT:USDT,0.04579,4019,0.04578,4761,0.0458,2537,0.04581,5822
1753591920486,04:52:00.486,mexc,ACT/USDT:USDT,0.04579,4019,0.04578,4761,0.0458,2537,0.04581,5822
1753591920829,04:52:00.829,mexc,ACT/USDT:USDT,0.04579,4019,0.04578,5409,0.0458,2537,0.04581,5822
1753591921229,04:52:01.229,mexc,ACT/USDT:USDT,0.04579,4019,0.04578,5409,0.0458,2537,0.04581,5822
1753591921330,04:52:01.330,mexc,ACT/USDT:USDT,0.04579,4019,0.04578,4761,0.0458,2537,0.04581,5822
1753591921732,04:52:01.732,mexc,ACT/USDT:USDT,0.04579,4019,0.04578,4761,0.0458,2537,0.04581,5822
1753591921830,04:52:01.830,mexc,ACT/USDT:USDT,0.04579,4019,0.04578,6655,0.0458,2537,0.04581,5822
1753591922231,04:52:02.231,mexc,ACT/USDT:USDT,0.04579,4019,0.04578,6655,0.0458,2537,0.04581,5822
1753591922335,04:52:02.335,mexc,ACT/USDT:USDT,0.04579,4019,0.04578,6342,0.0458,2537,0.04581,8406
1753591922736,04:52:02.736,mexc,ACT/USDT:USDT,0.04579,4019,0.04578,6342,0.0458,2537,0.04581,8406
1753591922834,04:52:02.834,mexc,ACT/USDT:USDT,0.04579,4019,0.04578,4761,0.0458,2537,0.04581,5822
1753591923130,04:52:03.130,mexc,ACT/USDT:USDT,0.04579,5814,0.04578,5464,0.0458,2096,0.04581,4014
1753591923333,04:52:03.333,mexc,ACT/USDT:USDT,0.04579,5814,0.04578,7238,0.0458,2096,0.04581,5899
1753591923735,04:52:03.735,mexc,ACT/USDT:USDT,0.04579,5814,0.04578,7238,0.0458,2096,0.04581,5899
1753591923834,04:52:03.834,mexc,ACT/USDT:USDT,0.04579,5814,0.04578,5464,0.0458,2096,0.04581,4647
1753591924237,04:52:04.237,mexc,ACT/USDT:USDT,0.04579,5814,0.04578,5464,0.0458,2096,0.04581,4014
1753591924333,04:52:04.333,mexc,ACT/USDT:USDT,0.04579,5814,0.04578,6626,0.0458,2096,0.04581,4014
1753591924737,04:52:04.737,mexc,ACT/USDT:USDT,0.04579,5814,0.04578,6626,0.0458,2096,0.04581,4014
1753591924872,04:52:04.872,mexc,ACT/USDT:USDT,0.04579,5814,0.04578,5464,0.0458,2096,0.04581,4014
1753591925235,04:52:05.235,mexc,ACT/USDT:USDT,0.04579,5814,0.04578,5464,0.0458,2096,0.04581,4014
1753591925334,04:52:05.334,mexc,ACT/USDT:USDT,0.04579,5814,0.04578,5464,0.0458,2096,0.04581,4014
1753591925737,04:52:05.737,mexc,ACT/USDT:USDT,0.04579,5814,0.04578,5464,0.0458,2096,0.04581,4014
1753591925833,04:52:05.833,mexc,ACT/USDT:USDT,0.04579,5814,0.04578,6675,0.0458,2096,0.04581,7027
1753591926235,04:52:06.235,mexc,ACT/USDT:USDT,0.04579,5814,0.04578,6675,0.0458,2096,0.04581,7027
1753591926334,04:52:06.334,mexc,ACT/USDT:USDT,0.04579,5814,0.04578,5464,0.0458,2096,0.04581,4693
1753591926663,04:52:06.663,mexc,ACT/USDT:USDT,0.04579,5814,0.04578,5464,0.0458,2096,0.04581,4693
1753591926833,04:52:06.833,mexc,ACT/USDT:USDT,0.04579,5814,0.04578,5464,0.0458,2096,0.04581,4014
1753591927239,04:52:07.239,mexc,ACT/USDT:USDT,0.04579,5814,0.04578,5464,0.0458,2096,0.04581,4014
1753591927335,04:52:07.335,mexc,ACT/USDT:USDT,0.04579,5814,0.04578,5464,0.0458,2096,0.04581,4014
1753591927743,04:52:07.743,mexc,ACT/USDT:USDT,0.04579,5814,0.04578,5464,0.0458,2096,0.04581,4014
1753591927835,04:52:07.835,mexc,ACT/USDT:USDT,0.04579,5814,0.04578,5464,0.0458,2096,0.04581,4014
1753591928236,04:52:08.236,mexc,ACT/USDT:USDT,0.04579,5814,0.04578,5464,0.0458,2096,0.04581,4014
1753591928340,04:52:08.340,mexc,ACT/USDT:USDT,0.04579,5814,0.04578,7619,0.0458,2096,0.04581,4494
1753591928737,04:52:08.737,mexc,ACT/USDT:USDT,0.04579,5814,0.04578,7619,0.0458,2096,0.04581,4494
1753591928834,04:52:08.834,mexc,ACT/USDT:USDT,0.04579,5814,0.04578,7130,0.0458,2096,0.04581,4547
1753591929131,04:52:09.131,mexc,ACT/USDT:USDT,0.04579,6199,0.04578,4947,0.0458,1728,0.04581,3879
1753591929335,04:52:09.335,mexc,ACT/USDT:USDT,0.04579,6199,0.04578,8588,0.0458,1728,0.04581,3879
1753591929737,04:52:09.737,mexc,ACT/USDT:USDT,0.04579,6199,0.04578,7047,0.0458,1728,0.04581,3879
1753591929880,04:52:09.880,mexc,ACT/USDT:USDT,0.04579,6199,0.04578,4947,0.0458,1728,0.04581,3879
1753591930284,04:52:10.284,mexc,ACT/USDT:USDT,0.04579,6199,0.04578,4947,0.0458,1728,0.04581,3879
1753591930381,04:52:10.381,mexc,ACT/USDT:USDT,0.04579,6199,0.04578,8765,0.0458,1728,0.04581,4790
1753591930784,04:52:10.784,mexc,ACT/USDT:USDT,0.04579,6199,0.04578,7120,0.0458,1728,0.04581,4790
1753591930881,04:52:10.881,mexc,ACT/USDT:USDT,0.04579,6199,0.04578,7164,0.0458,1728,0.04581,3879
1753591931283,04:52:11.283,mexc,ACT/USDT:USDT,0.04579,6199,0.04578,7164,0.0458,1728,0.04581,3879
1753591931382,04:52:11.382,mexc,ACT/USDT:USDT,0.04579,6199,0.04578,5856,0.0458,1728,0.04581,3879
1753591931784,04:52:11.784,mexc,ACT/USDT:USDT,0.04579,6199,0.04578,5856,0.0458,1728,0.04581,3879
1753591931881,04:52:11.881,mexc,ACT/USDT:USDT,0.04579,6199,0.04578,4947,0.0458,1728,0.04581,5788
1753591932283,04:52:12.283,mexc,ACT/USDT:USDT,0.04579,6199,0.04578,4947,0.0458,1728,0.04581,5788
1753591932482,04:52:12.482,mexc,ACT/USDT:USDT,0.04579,6199,0.04578,4947,0.0458,1728,0.04581,5622
1753591932495,04:52:12.495,mexc,ACT/USDT:USDT,0.04579,6199,0.04578,4947,0.0458,1728,0.04581,5622
1753591932882,04:52:12.882,mexc,ACT/USDT:USDT,0.04579,6199,0.04578,4947,0.0458,1728,0.04581,4330
1753591933285,04:52:13.285,mexc,ACT/USDT:USDT,0.04579,6199,0.04578,4947,0.0458,1728,0.04581,4330
1753591933381,04:52:13.381,mexc,ACT/USDT:USDT,0.04579,6199,0.04578,7326,0.0458,1728,0.04581,3879
1753591933785,04:52:13.785,mexc,ACT/USDT:USDT,0.04579,6199,0.04578,4947,0.0458,1728,0.04581,3879
1753591933884,04:52:13.884,mexc,ACT/USDT:USDT,0.04579,6199,0.04578,4947,0.0458,1728,0.04581,5595
1753591934288,04:52:14.288,mexc,ACT/USDT:USDT,0.04579,6199,0.04578,4947,0.0458,1728,0.04581,5595
1753591934383,04:52:14.383,mexc,ACT/USDT:USDT,0.04579,6199,0.04578,7210,0.0458,1728,0.04581,3879
1753591934787,04:52:14.787,mexc,ACT/USDT:USDT,0.04579,6199,0.04578,7210,0.0458,1728,0.04581,3879
1753591934884,04:52:14.884,mexc,ACT/USDT:USDT,0.04579,6199,0.04578,5798,0.0458,1728,0.04581,5996
1753591935132,04:52:15.132,mexc,ACT/USDT:USDT,0.04579,5069,0.04578,5619,0.0458,527,0.04581,3889
1753591935383,04:52:15.383,mexc,ACT/USDT:USDT,0.04579,5069,0.04578,5619,0.0458,527,0.04581,3889
1753591935787,04:52:15.787,mexc,ACT/USDT:USDT,0.04579,5069,0.04578,5619,0.0458,527,0.04581,3889
1753591935884,04:52:15.884,mexc,ACT/USDT:USDT,0.04579,5069,0.04578,8183,0.0458,527,0.04581,3889
1753591936286,04:52:16.286,mexc,ACT/USDT:USDT,0.04579,5069,0.04578,8183,0.0458,527,0.04581,3889
1753591936384,04:52:16.384,mexc,ACT/USDT:USDT,0.04579,5069,0.04578,5619,0.0458,527,0.04581,3889
1753591936788,04:52:16.788,mexc,ACT/USDT:USDT,0.04579,5069,0.04578,5619,0.0458,527,0.04581,3889
1753591936886,04:52:16.886,mexc,ACT/USDT:USDT,0.04579,5069,0.04578,7086,0.0458,527,0.04581,5427
1753591937287,04:52:17.287,mexc,ACT/USDT:USDT,0.04579,5069,0.04578,7086,0.0458,527,0.04581,3889
1753591937386,04:52:17.386,mexc,ACT/USDT:USDT,0.04579,5069,0.04578,5619,0.0458,527,0.04581,5035
1753591937791,04:52:17.791,mexc,ACT/USDT:USDT,0.04579,5069,0.04578,5619,0.0458,527,0.04581,3889
1753591937886,04:52:17.886,mexc,ACT/USDT:USDT,0.04579,5069,0.04578,5619,0.0458,527,0.04581,3889
1753591938288,04:52:18.288,mexc,ACT/USDT:USDT,0.04579,5069,0.04578,5619,0.0458,527,0.04581,3889
1753591938482,04:52:18.482,mexc,ACT/USDT:USDT,0.04579,5069,0.04578,8992,0.0458,527,0.04581,3889
1753591938498,04:52:18.498,mexc,ACT/USDT:USDT,0.04579,5069,0.04578,8992,0.0458,527,0.04581,3889
1753591938888,04:52:18.888,mexc,ACT/USDT:USDT,0.04579,5069,0.04578,5619,0.0458,527,0.04581,3889
1753591939289,04:52:19.289,mexc,ACT/USDT:USDT,0.04579,5069,0.04578,5619,0.0458,527,0.04581,3889
1753591939386,04:52:19.386,mexc,ACT/USDT:USDT,0.04579,5069,0.04578,5619,0.0458,527,0.04581,3889
1753591939787,04:52:19.787,mexc,ACT/USDT:USDT,0.04579,5069,0.04578,5619,0.0458,527,0.04581,3889
1753591939888,04:52:19.888,mexc,ACT/USDT:USDT,0.04579,5069,0.04578,7047,0.0458,527,0.04581,3889
1753591940294,04:52:20.294,mexc,ACT/USDT:USDT,0.04579,5069,0.04578,7047,0.0458,527,0.04581,3889
1753591940386,04:52:20.386,mexc,ACT/USDT:USDT,0.04579,5069,0.04578,8413,0.0458,527,0.04581,3889
1753591940790,04:52:20.790,mexc,ACT/USDT:USDT,0.04579,5069,0.04578,8413,0.0458,527,0.04581,3889
1753591940887,04:52:20.887,mexc,ACT/USDT:USDT,0.04579,5069,0.04578,5619,0.0458,527,0.04581,3889
1753591941136,04:52:21.136,mexc,ACT/USDT:USDT,0.04579,6354,0.04578,7616,0.0458,460,0.04581,3922
1753591941388,04:52:21.388,mexc,ACT/USDT:USDT,0.04579,6354,0.04578,9525,0.0458,460,0.04581,3922
1753591941789,04:52:21.789,mexc,ACT/USDT:USDT,0.04579,6354,0.04578,9525,0.0458,460,0.04581,3922
1753591941886,04:52:21.886,mexc,ACT/USDT:USDT,0.04579,6354,0.04578,7616,0.0458,460,0.04581,5495
1753591942289,04:52:22.289,mexc,ACT/USDT:USDT,0.04579,6354,0.04578,7616,0.0458,460,0.04581,3922
1753591942386,04:52:22.386,mexc,ACT/USDT:USDT,0.04579,6354,0.04578,7616,0.0458,460,0.04581,3922
1753591942790,04:52:22.790,mexc,ACT/USDT:USDT,0.04579,6354,0.04578,7616,0.0458,460,0.04581,3922
1753591942915,04:52:22.915,mexc,ACT/USDT:USDT,0.04579,6354,0.04578,7616,0.0458,460,0.04581,3922
1753591943291,04:52:23.291,mexc,ACT/USDT:USDT,0.04579,6354,0.04578,7616,0.0458,460,0.04581,3922
1753591943389,04:52:23.389,mexc,ACT/USDT:USDT,0.04579,6354,0.04578,7616,0.0458,460,0.04581,3922
1753591943791,04:52:23.791,mexc,ACT/USDT:USDT,0.04579,6354,0.04578,7616,0.0458,460,0.04581,3922
1753591943888,04:52:23.888,mexc,ACT/USDT:USDT,0.04579,6354,0.04578,10741,0.0458,460,0.04581,3922
1753591944290,04:52:24.290,mexc,ACT/USDT:USDT,0.04579,6354,0.04578,10741,0.0458,460,0.04581,3922
1753591944391,04:52:24.391,mexc,ACT/USDT:USDT,0.04579,6354,0.04578,7616,0.0458,460,0.04581,4327
1753591944664,04:52:24.664,mexc,ACT/USDT:USDT,0.04579,6354,0.04578,7616,0.0458,460,0.04581,4327
1753591944890,04:52:24.890,mexc,ACT/USDT:USDT,0.04579,6354,0.04578,7616,0.0458,460,0.04581,3922
1753591945292,04:52:25.292,mexc,ACT/USDT:USDT,0.04579,6354,0.04578,7616,0.0458,460,0.04581,3922
1753591945389,04:52:25.389,mexc,ACT/USDT:USDT,0.04579,6354,0.04578,9063,0.0458,460,0.04581,3922
1753591945793,04:52:25.793,mexc,ACT/USDT:USDT,0.04579,6354,0.04578,7616,0.0458,460,0.04581,3922
1753591945892,04:52:25.892,mexc,ACT/USDT:USDT,0.04579,6354,0.04578,7616,0.0458,460,0.04581,3922
1753591946294,04:52:26.294,mexc,ACT/USDT:USDT,0.04579,6354,0.04578,7616,0.0458,460,0.04581,3922
1753591946391,04:52:26.391,mexc,ACT/USDT:USDT,0.04579,6354,0.04578,11765,0.0458,460,0.04581,3922
1753591946793,04:52:26.793,mexc,ACT/USDT:USDT,0.04579,6354,0.04578,9906,0.0458,460,0.04581,3922
1753591946890,04:52:26.890,mexc,ACT/USDT:USDT,0.04579,6354,0.04578,7616,0.0458,460,0.04581,4363
1753591947135,04:52:27.135,mexc,ACT/USDT:USDT,0.0458,2835,0.04579,8297,0.04581,155,0.04582,3641
1753591947392,04:52:27.392,mexc,ACT/USDT:USDT,0.0458,2835,0.04579,8297,0.04581,155,0.04582,4231
1753591947797,04:52:27.797,mexc,ACT/USDT:USDT,0.0458,2835,0.04579,8297,0.04581,155,0.04582,4231
1753591947892,04:52:27.892,mexc,ACT/USDT:USDT,0.0458,2835,0.04579,10064,0.04581,155,0.04582,4776
1753591948294,04:52:28.294,mexc,ACT/USDT:USDT,0.0458,2835,0.04579,10064,0.04581,155,0.04582,4776
1753591948391,04:52:28.391,mexc,ACT/USDT:USDT,0.0458,2835,0.04579,8297,0.04581,155,0.04582,5174
1753591948792,04:52:28.792,mexc,ACT/USDT:USDT,0.0458,2835,0.04579,8297,0.04581,155,0.04582,5174
1753591948893,04:52:28.893,mexc,ACT/USDT:USDT,0.0458,2835,0.04579,8297,0.04581,155,0.04582,3641
1753591949295,04:52:29.295,mexc,ACT/USDT:USDT,0.0458,2835,0.04579,8297,0.04581,155,0.04582,3641
1753591949391,04:52:29.391,mexc,ACT/USDT:USDT,0.0458,2835,0.04579,10858,0.04581,155,0.04582,3641
1753591949795,04:52:29.795,mexc,ACT/USDT:USDT,0.0458,2835,0.04579,10858,0.04581,155,0.04582,3641
1753591949893,04:52:29.893,mexc,ACT/USDT:USDT,0.0458,2835,0.04579,9366,0.04581,155,0.04582,3641
1753591950295,04:52:30.295,mexc,ACT/USDT:USDT,0.0458,2835,0.04579,9366,0.04581,155,0.04582,3641
1753591950492,04:52:30.492,mexc,ACT/USDT:USDT,0.0458,2835,0.04579,9470,0.04581,155,0.04582,5070
1753591950508,04:52:30.508,mexc,ACT/USDT:USDT,0.0458,2835,0.04579,9470,0.04581,155,0.04582,5070
1753591950894,04:52:30.894,mexc,ACT/USDT:USDT,0.0458,2835,0.04579,8297,0.04581,155,0.04582,5384
1753591951296,04:52:31.296,mexc,ACT/USDT:USDT,0.0458,2835,0.04579,8297,0.04581,155,0.04582,5384
1753591951394,04:52:31.394,mexc,ACT/USDT:USDT,0.0458,2835,0.04579,8297,0.04581,155,0.04582,3641
1753591951797,04:52:31.797,mexc,ACT/USDT:USDT,0.0458,2835,0.04579,8297,0.04581,155,0.04582,3641
1753591951895,04:52:31.895,mexc,ACT/USDT:USDT,0.0458,2835,0.04579,11706,0.04581,155,0.04582,5629
1753591952300,04:52:32.300,mexc,ACT/USDT:USDT,0.0458,2835,0.04579,11706,0.04581,155,0.04582,5629
1753591952395,04:52:32.395,mexc,ACT/USDT:USDT,0.0458,2835,0.04579,8297,0.04581,155,0.04582,4136
1753591952795,04:52:32.795,mexc,ACT/USDT:USDT,0.0458,2835,0.04579,8297,0.04581,155,0.04582,4136
1753591952896,04:52:32.896,mexc,ACT/USDT:USDT,0.0458,2835,0.04579,8297,0.04581,155,0.04582,3641
1753591953146,04:52:33.146,mexc,ACT/USDT:USDT,0.04579,9851,0.04578,5243,0.0458,3503,0.04581,4807
1753591953393,04:52:33.393,mexc,ACT/USDT:USDT,0.04579,9851,0.04578,5243,0.0458,3503,0.04581,4807
1753591953799,04:52:33.799,mexc,ACT/USDT:USDT,0.04579,9851,0.04578,5243,0.0458,3503,0.04581,4807
1753591953921,04:52:33.921,mexc,ACT/USDT:USDT,0.04579,9851,0.04578,5243,0.0458,3503,0.04581,4807
1753591954009,04:52:34.009,mexc,ACT/USDT:USDT,0.04579,9851,0.04578,5243,0.0458,3503,0.04581,4807
1753591954395,04:52:34.395,mexc,ACT/USDT:USDT,0.04579,9851,0.04578,6242,0.0458,3503,0.04581,4807
1753591954797,04:52:34.797,mexc,ACT/USDT:USDT,0.04579,9851,0.04578,6242,0.0458,3503,0.04581,4807
1753591954894,04:52:34.894,mexc,ACT/USDT:USDT,0.04579,9851,0.04578,7282,0.0458,3503,0.04581,4807
1753591955299,04:52:35.299,mexc,ACT/USDT:USDT,0.04579,9851,0.04578,7282,0.0458,3503,0.04581,4807
1753591955397,04:52:35.397,mexc,ACT/USDT:USDT,0.04579,9851,0.04578,7165,0.0458,3503,0.04581,4807
1753591955580,04:52:35.580,mexc,ACT/USDT:USDT,0.04579,9851,0.04578,7165,0.0458,3503,0.04581,4807
1753591955896,04:52:35.896,mexc,ACT/USDT:USDT,0.04579,9851,0.04578,5243,0.0458,3503,0.04581,4807
1753591956297,04:52:36.297,mexc,ACT/USDT:USDT,0.04579,9851,0.04578,5243,0.0458,3503,0.04581,4807
1753591956395,04:52:36.395,mexc,ACT/USDT:USDT,0.04579,9851,0.04578,6910,0.0458,3503,0.04581,4807
1753591956797,04:52:36.797,mexc,ACT/USDT:USDT,0.04579,9851,0.04578,6910,0.0458,3503,0.04581,4807
1753591956896,04:52:36.896,mexc,ACT/USDT:USDT,0.04579,9851,0.04578,7168,0.0458,3503,0.04581,5457
1753591957297,04:52:37.297,mexc,ACT/USDT:USDT,0.04579,9851,0.04578,6379,0.0458,3503,0.04581,5457
1753591957396,04:52:37.396,mexc,ACT/USDT:USDT,0.04579,9851,0.04578,5243,0.0458,3503,0.04581,4807
1753591957798,04:52:37.798,mexc,ACT/USDT:USDT,0.04579,9851,0.04578,5243,0.0458,3503,0.04581,4807
1753591957897,04:52:37.897,mexc,ACT/USDT:USDT,0.04579,9851,0.04578,7121,0.0458,3503,0.04581,6772
1753591958300,04:52:38.300,mexc,ACT/USDT:USDT,0.04579,9851,0.04578,7121,0.0458,3503,0.04581,6772
1753591958398,04:52:38.398,mexc,ACT/USDT:USDT,0.04579,9851,0.04578,5243,0.0458,3503,0.04581,5561
1753591958797,04:52:38.797,mexc,ACT/USDT:USDT,0.04579,9851,0.04578,5243,0.0458,3503,0.04581,5561
1753591958897,04:52:38.897,mexc,ACT/USDT:USDT,0.04579,9851,0.04578,7776,0.0458,3503,0.04581,4807
1753591959150,04:52:39.150,mexc,ACT/USDT:USDT,0.04579,6759,0.04578,3272,0.0458,2249,0.04581,2800
1753591959397,04:52:39.397,mexc,ACT/USDT:USDT,0.04579,6759,0.04578,3272,0.0458,2249,0.04581,4182
1753591959799,04:52:39.799,mexc,ACT/USDT:USDT,0.04579,6759,0.04578,3272,0.0458,2249,0.04581,4182
1753591959917,04:52:39.917,mexc,ACT/USDT:USDT,0.04579,6759,0.04578,4461,0.0458,2249,0.04581,2800
1753591960014,04:52:40.014,mexc,ACT/USDT:USDT,0.04579,6759,0.04578,4461,0.0458,2249,0.04581,2800
1753591960397,04:52:40.397,mexc,ACT/USDT:USDT,0.04579,6759,0.04578,4143,0.0458,2249,0.04581,2800
1753591960802,04:52:40.802,mexc,ACT/USDT:USDT,0.04579,6759,0.04578,4143,0.0458,2249,0.04581,2800
1753591960898,04:52:40.898,mexc,ACT/USDT:USDT,0.04579,6759,0.04578,3862,0.0458,2249,0.04581,3655
1753591961299,04:52:41.299,mexc,ACT/USDT:USDT,0.04579,6759,0.04578,3272,0.0458,2249,0.04581,3655
1753591961399,04:52:41.399,mexc,ACT/USDT:USDT,0.04579,6759,0.04578,4185,0.0458,2249,0.04581,2800
1753591961581,04:52:41.581,mexc,ACT/USDT:USDT,0.04579,6759,0.04578,4185,0.0458,2249,0.04581,2800
1753591961897,04:52:41.897,mexc,ACT/USDT:USDT,0.04579,6759,0.04578,3272,0.0458,2249,0.04581,2800
1753591962301,04:52:42.301,mexc,ACT/USDT:USDT,0.04579,6759,0.04578,3272,0.0458,2249,0.04581,2800
1753591962399,04:52:42.399,mexc,ACT/USDT:USDT,0.04579,6759,0.04578,3272,0.0458,2249,0.04581,2800
1753591962800,04:52:42.800,mexc,ACT/USDT:USDT,0.04579,6759,0.04578,3272,0.0458,2249,0.04581,2800
1753591962898,04:52:42.898,mexc,ACT/USDT:USDT,0.04579,6759,0.04578,4434,0.0458,2249,0.04581,4528
1753591963302,04:52:43.302,mexc,ACT/USDT:USDT,0.04579,6759,0.04578,4434,0.0458,2249,0.04581,3597
1753591963400,04:52:43.400,mexc,ACT/USDT:USDT,0.04579,6759,0.04578,3906,0.0458,2249,0.04581,2800
1753591963802,04:52:43.802,mexc,ACT/USDT:USDT,0.04579,6759,0.04578,3906,0.0458,2249,0.04581,2800
1753591963901,04:52:43.901,mexc,ACT/USDT:USDT,0.04579,6759,0.04578,3272,0.0458,2249,0.04581,2800
1753591964301,04:52:44.301,mexc,ACT/USDT:USDT,0.04579,6759,0.04578,3272,0.0458,2249,0.04581,2800
1753591964399,04:52:44.399,mexc,ACT/USDT:USDT,0.04579,6759,0.04578,4365,0.0458,2249,0.04581,5007
1753591964802,04:52:44.802,mexc,ACT/USDT:USDT,0.04579,6759,0.04578,4365,0.0458,2249,0.04581,3766
1753591964897,04:52:44.897,mexc,ACT/USDT:USDT,0.04579,6759,0.04578,3272,0.0458,2249,0.04581,2800
1753591965151,04:52:45.151,mexc,ACT/USDT:USDT,0.04579,8797,0.04578,5337,0.04581,3396,0.04582,4413
1753591965398,04:52:45.398,mexc,ACT/USDT:USDT,0.04579,8797,0.04578,6753,0.04581,3396,0.04582,4413
1753591965801,04:52:45.801,mexc,ACT/USDT:USDT,0.04579,8797,0.04578,6753,0.04581,3396,0.04582,4413
1753591965930,04:52:45.930,mexc,ACT/USDT:USDT,0.04579,8797,0.04578,7886,0.04581,3396,0.04582,4413
1753591966301,04:52:46.301,mexc,ACT/USDT:USDT,0.04579,8797,0.04578,7886,0.04581,3396,0.04582,4413
1753591966399,04:52:46.399,mexc,ACT/USDT:USDT,0.04579,8797,0.04578,5337,0.04581,3396,0.04582,4413
1753591966801,04:52:46.801,mexc,ACT/USDT:USDT,0.04579,8797,0.04578,5337,0.04581,3396,0.04582,4413
1753591966901,04:52:46.901,mexc,ACT/USDT:USDT,0.04579,8797,0.04578,6440,0.04581,3396,0.04582,4413
1753591967302,04:52:47.302,mexc,ACT/USDT:USDT,0.04579,8797,0.04578,6440,0.04581,3396,0.04582,4413
1753591967399,04:52:47.399,mexc,ACT/USDT:USDT,0.04579,8797,0.04578,9407,0.04581,3396,0.04582,4413
1753591967588,04:52:47.588,mexc,ACT/USDT:USDT,0.04579,8797,0.04578,9407,0.04581,3396,0.04582,4413
1753591967899,04:52:47.899,mexc,ACT/USDT:USDT,0.04579,8797,0.04578,9405,0.04581,3396,0.04582,5283
1753591968301,04:52:48.301,mexc,ACT/USDT:USDT,0.04579,8797,0.04578,9405,0.04581,3396,0.04582,5283
1753591968399,04:52:48.399,mexc,ACT/USDT:USDT,0.04579,8797,0.04578,7364,0.04581,3396,0.04582,4413
1753591968801,04:52:48.801,mexc,ACT/USDT:USDT,0.04579,8797,0.04578,7364,0.04581,3396,0.04582,4413
1753591968899,04:52:48.899,mexc,ACT/USDT:USDT,0.04579,8797,0.04578,5337,0.04581,3396,0.04582,5487
1753591969302,04:52:49.302,mexc,ACT/USDT:USDT,0.04579,8797,0.04578,5337,0.04581,3396,0.04582,4413
1753591969400,04:52:49.400,mexc,ACT/USDT:USDT,0.04579,8797,0.04578,6444,0.04581,3396,0.04582,4413
1753591969801,04:52:49.801,mexc,ACT/USDT:USDT,0.04579,8797,0.04578,5337,0.04581,3396,0.04582,4413
1753591969902,04:52:49.902,mexc,ACT/USDT:USDT,0.04579,8797,0.04578,6836,0.04581,3396,0.04582,6001
1753591970301,04:52:50.301,mexc,ACT/USDT:USDT,0.04579,8797,0.04578,6836,0.04581,3396,0.04582,6001
1753591970399,04:52:50.399,mexc,ACT/USDT:USDT,0.04579,8797,0.04578,5337,0.04581,3396,0.04582,5874
1753591970801,04:52:50.801,mexc,ACT/USDT:USDT,0.04579,8797,0.04578,5337,0.04581,3396,0.04582,5874
1753591970901,04:52:50.901,mexc,ACT/USDT:USDT,0.04579,8797,0.04578,7725,0.04581,3396,0.04582,5346
1753591971152,04:52:51.152,mexc,ACT/USDT:USDT,0.0458,6737,0.04579,3981,0.04581,953,0.04582,3055
1753591971400,04:52:51.400,mexc,ACT/USDT:USDT,0.0458,6737,0.04579,3981,0.04581,953,0.04582,3055
1753591971802,04:52:51.802,mexc,ACT/USDT:USDT,0.0458,6737,0.04579,3981,0.04581,953,0.04582,3055
1753591971900,04:52:51.900,mexc,ACT/USDT:USDT,0.0458,6737,0.04579,3981,0.04581,953,0.04582,3055
1753591972304,04:52:52.304,mexc,ACT/USDT:USDT,0.0458,6737,0.04579,3981,0.04581,953,0.04582,3055
1753591972401,04:52:52.401,mexc,ACT/USDT:USDT,0.0458,6737,0.04579,3981,0.04581,953,0.04582,3055
1753591972802,04:52:52.802,mexc,ACT/USDT:USDT,0.0458,6737,0.04579,3981,0.04581,953,0.04582,3055
1753591972902,04:52:52.902,mexc,ACT/USDT:USDT,0.0458,6737,0.04579,3981,0.04581,953,0.04582,3055
1753591973302,04:52:53.302,mexc,ACT/USDT:USDT,0.0458,6737,0.04579,3981,0.04581,953,0.04582,3055
1753591973401,04:52:53.401,mexc,ACT/USDT:USDT,0.0458,6737,0.04579,4619,0.04581,953,0.04582,3055
1753591973762,04:52:53.762,mexc,ACT/USDT:USDT,0.0458,6737,0.04579,4619,0.04581,953,0.04582,3055
1753591973901,04:52:53.901,mexc,ACT/USDT:USDT,0.0458,6737,0.04579,3981,0.04581,953,0.04582,3055
1753591974303,04:52:54.303,mexc,ACT/USDT:USDT,0.0458,6737,0.04579,3981,0.04581,953,0.04582,3055
1753591974401,04:52:54.401,mexc,ACT/USDT:USDT,0.0458,6737,0.04579,3981,0.04581,953,0.04582,3676
1753591974803,04:52:54.803,mexc,ACT/USDT:USDT,0.0458,6737,0.04579,3981,0.04581,953,0.04582,3676
1753591974901,04:52:54.901,mexc,ACT/USDT:USDT,0.0458,6737,0.04579,4414,0.04581,953,0.04582,3055
1753591975304,04:52:55.304,mexc,ACT/USDT:USDT,0.0458,6737,0.04579,4414,0.04581,953,0.04582,3055
1753591975400,04:52:55.400,mexc,ACT/USDT:USDT,0.0458,6737,0.04579,3981,0.04581,953,0.04582,3055
1753591975804,04:52:55.804,mexc,ACT/USDT:USDT,0.0458,6737,0.04579,3981,0.04581,953,0.04582,3055
1753591975901,04:52:55.901,mexc,ACT/USDT:USDT,0.0458,6737,0.04579,3981,0.04581,953,0.04582,4214
1753591976303,04:52:56.303,mexc,ACT/USDT:USDT,0.0458,6737,0.04579,3981,0.04581,953,0.04582,4214
1753591976402,04:52:56.402,mexc,ACT/USDT:USDT,0.0458,6737,0.04579,3981,0.04581,953,0.04582,3055
1753591976803,04:52:56.803,mexc,ACT/USDT:USDT,0.0458,6737,0.04579,3981,0.04581,953,0.04582,3055
1753591976903,04:52:56.903,mexc,ACT/USDT:USDT,0.0458,6737,0.04579,3981,0.04581,953,0.04582,3055
1753591977167,04:52:57.167,mexc,ACT/USDT:USDT,0.0458,9643,0.04579,4994,0.04581,157,0.04582,1226
1753591977402,04:52:57.402,mexc,ACT/USDT:USDT,0.0458,9643,0.04579,7449,0.04581,157,0.04582,1226
1753591977803,04:52:57.803,mexc,ACT/USDT:USDT,0.0458,9643,0.04579,7449,0.04581,157,0.04582,1226
1753591977902,04:52:57.902,mexc,ACT/USDT:USDT,0.0458,9643,0.04579,4994,0.04581,157,0.04582,1226
1753591978304,04:52:58.304,mexc,ACT/USDT:USDT,0.0458,9643,0.04579,4994,0.04581,157,0.04582,1226
1753591978404,04:52:58.404,mexc,ACT/USDT:USDT,0.0458,9643,0.04579,4994,0.04581,157,0.04582,1791
1753591978805,04:52:58.805,mexc,ACT/USDT:USDT,0.0458,9643,0.04579,4994,0.04581,157,0.04582,1791
1753591978904,04:52:58.904,mexc,ACT/USDT:USDT,0.0458,9643,0.04579,4994,0.04581,157,0.04582,1226
1753591979307,04:52:59.307,mexc,ACT/USDT:USDT,0.0458,9643,0.04579,4994,0.04581,157,0.04582,1226
1753591979403,04:52:59.403,mexc,ACT/USDT:USDT,0.0458,9643,0.04579,7850,0.04581,157,0.04582,1226
1753591979595,04:52:59.595,mexc,ACT/USDT:USDT,0.0458,9643,0.04579,7850,0.04581,157,0.04582,1226
1753591979904,04:52:59.904,mexc,ACT/USDT:USDT,0.0458,9643,0.04579,7202,0.04581,157,0.04582,1226
1753591980306,04:53:00.306,mexc,ACT/USDT:USDT,0.0458,9643,0.04579,4994,0.04581,157,0.04582,1226
1753591980405,04:53:00.405,mexc,ACT/USDT:USDT,0.0458,9643,0.04579,4994,0.04581,157,0.04582,1226
1753591980806,04:53:00.806,mexc,ACT/USDT:USDT,0.0458,9643,0.04579,4994,0.04581,157,0.04582,1226
1753591980904,04:53:00.904,mexc,ACT/USDT:USDT,0.0458,9643,0.04579,4994,0.04581,157,0.04582,1467
1753591981308,04:53:01.308,mexc,ACT/USDT:USDT,0.0458,9643,0.04579,4994,0.04581,157,0.04582,1467
1753591981405,04:53:01.405,mexc,ACT/USDT:USDT,0.0458,9643,0.04579,4994,0.04581,157,0.04582,1665
1753591981807,04:53:01.807,mexc,ACT/USDT:USDT,0.0458,9643,0.04579,4994,0.04581,157,0.04582,1665
1753591981905,04:53:01.905,mexc,ACT/USDT:USDT,0.0458,9643,0.04579,4994,0.04581,157,0.04582,1226
1753591982307,04:53:02.307,mexc,ACT/USDT:USDT,0.0458,9643,0.04579,4994,0.04581,157,0.04582,1226
1753591982405,04:53:02.405,mexc,ACT/USDT:USDT,0.0458,9643,0.04579,4994,0.04581,157,0.04582,1226
1753591982805,04:53:02.805,mexc,ACT/USDT:USDT,0.0458,9643,0.04579,4994,0.04581,157,0.04582,1226
1753591982906,04:53:02.906,mexc,ACT/USDT:USDT,0.0458,9643,0.04579,4994,0.04581,157,0.04582,1490
1753591983157,04:53:03.157,mexc,ACT/USDT:USDT,0.0458,7165,0.04579,4722,0.04581,310,0.04582,1378
1753591983405,04:53:03.405,mexc,ACT/USDT:USDT,0.0458,7165,0.04579,4722,0.04581,310,0.04582,1378
1753591983806,04:53:03.806,mexc,ACT/USDT:USDT,0.0458,7165,0.04579,4722,0.04581,310,0.04582,1378
1753591983904,04:53:03.904,mexc,ACT/USDT:USDT,0.0458,7165,0.04579,7850,0.04581,310,0.04582,1675
1753591984307,04:53:04.307,mexc,ACT/USDT:USDT,0.0458,7165,0.04579,7850,0.04581,310,0.04582,1378
1753591984405,04:53:04.405,mexc,ACT/USDT:USDT,0.0458,7165,0.04579,6605,0.04581,310,0.04582,1378
1753591984807,04:53:04.807,mexc,ACT/USDT:USDT,0.0458,7165,0.04579,6605,0.04581,310,0.04582,1378
1753591984908,04:53:04.908,mexc,ACT/USDT:USDT,0.0458,7165,0.04579,5873,0.04581,310,0.04582,1378
1753591985309,04:53:05.309,mexc,ACT/USDT:USDT,0.0458,7165,0.04579,5873,0.04581,310,0.04582,1378
1753591985408,04:53:05.408,mexc,ACT/USDT:USDT,0.0458,7165,0.04579,5367,0.04581,310,0.04582,1622
1753591985592,04:53:05.592,mexc,ACT/USDT:USDT,0.0458,7165,0.04579,5367,0.04581,310,0.04582,1622
1753591985907,04:53:05.907,mexc,ACT/USDT:USDT,0.0458,7165,0.04579,6072,0.04581,310,0.04582,1378
1753591986310,04:53:06.310,mexc,ACT/USDT:USDT,0.0458,7165,0.04579,4722,0.04581,310,0.04582,1378
1753591986409,04:53:06.409,mexc,ACT/USDT:USDT,0.0458,7165,0.04579,4722,0.04581,310,0.04582,2031
1753591986814,04:53:06.814,mexc,ACT/USDT:USDT,0.0458,7165,0.04579,4722,0.04581,310,0.04582,2031
1753591986909,04:53:06.909,mexc,ACT/USDT:USDT,0.0458,7165,0.04579,4722,0.04581,310,0.04582,1639
1753591987310,04:53:07.310,mexc,ACT/USDT:USDT,0.0458,7165,0.04579,4722,0.04581,310,0.04582,1378
1753591987410,04:53:07.410,mexc,ACT/USDT:USDT,0.0458,7165,0.04579,4722,0.04581,310,0.04582,1378
1753591987818,04:53:07.818,mexc,ACT/USDT:USDT,0.0458,7165,0.04579,4722,0.04581,310,0.04582,1378
1753591987910,04:53:07.910,mexc,ACT/USDT:USDT,0.0458,7165,0.04579,6317,0.04581,310,0.04582,1886
1753591988314,04:53:08.314,mexc,ACT/USDT:USDT,0.0458,7165,0.04579,6317,0.04581,310,0.04582,1378
1753591988410,04:53:08.410,mexc,ACT/USDT:USDT,0.0458,7165,0.04579,6595,0.04581,310,0.04582,1630
1753591988812,04:53:08.812,mexc,ACT/USDT:USDT,0.0458,7165,0.04579,6595,0.04581,310,0.04582,1630
1753591988910,04:53:08.910,mexc,ACT/USDT:USDT,0.0458,7165,0.04579,4722,0.04581,310,0.04582,1378
1753591989157,04:53:09.157,mexc,ACT/USDT:USDT,0.0458,5242,0.04579,4660,0.04581,2245,0.04582,3973
1753591989411,04:53:09.411,mexc,ACT/USDT:USDT,0.0458,5242,0.04579,4660,0.04581,2245,0.04582,3973
1753591989814,04:53:09.814,mexc,ACT/USDT:USDT,0.0458,5242,0.04579,4660,0.04581,2245,0.04582,3973
1753591989915,04:53:09.915,mexc,ACT/USDT:USDT,0.0458,5242,0.04579,4660,0.04581,2245,0.04582,3973
1753591990314,04:53:10.314,mexc,ACT/USDT:USDT,0.0458,5242,0.04579,4660,0.04581,2245,0.04582,3973
1753591990411,04:53:10.411,mexc,ACT/USDT:USDT,0.0458,5242,0.04579,6318,0.04581,2245,0.04582,3973
1753591990815,04:53:10.815,mexc,ACT/USDT:USDT,0.0458,5242,0.04579,6318,0.04581,2245,0.04582,3973
1753591990911,04:53:10.911,mexc,ACT/USDT:USDT,0.0458,5242,0.04579,4660,0.04581,2245,0.04582,5864
1753591991315,04:53:11.315,mexc,ACT/USDT:USDT,0.0458,5242,0.04579,4660,0.04581,2245,0.04582,5078
1753591991413,04:53:11.413,mexc,ACT/USDT:USDT,0.0458,5242,0.04579,4660,0.04581,2245,0.04582,4736
1753591991766,04:53:11.766,mexc,ACT/USDT:USDT,0.0458,5242,0.04579,4660,0.04581,2245,0.04582,4736
1753591991910,04:53:11.910,mexc,ACT/USDT:USDT,0.0458,5242,0.04579,4660,0.04581,2245,0.04582,6643
1753591992314,04:53:12.314,mexc,ACT/USDT:USDT,0.0458,5242,0.04579,4660,0.04581,2245,0.04582,6643
1753591992413,04:53:12.413,mexc,ACT/USDT:USDT,0.0458,5242,0.04579,4660,0.04581,2245,0.04582,5204
1753591992819,04:53:12.819,mexc,ACT/USDT:USDT,0.0458,5242,0.04579,4660,0.04581,2245,0.04582,5204
1753591992911,04:53:12.911,mexc,ACT/USDT:USDT,0.0458,5242,0.04579,4660,0.04581,2245,0.04582,3973
1753591993313,04:53:13.313,mexc,ACT/USDT:USDT,0.0458,5242,0.04579,4660,0.04581,2245,0.04582,3973
1753591993410,04:53:13.410,mexc,ACT/USDT:USDT,0.0458,5242,0.04579,4660,0.04581,2245,0.04582,4679
1753591993815,04:53:13.815,mexc,ACT/USDT:USDT,0.0458,5242,0.04579,4660,0.04581,2245,0.04582,4679
1753591993911,04:53:13.911,mexc,ACT/USDT:USDT,0.0458,5242,0.04579,6666,0.04581,2245,0.04582,4858
1753591994314,04:53:14.314,mexc,ACT/USDT:USDT,0.0458,5242,0.04579,6666,0.04581,2245,0.04582,3973
1753591994412,04:53:14.412,mexc,ACT/USDT:USDT,0.0458,5242,0.04579,5838,0.04581,2245,0.04582,3973
1753591994812,04:53:14.812,mexc,ACT/USDT:USDT,0.0458,5242,0.04579,4660,0.04581,2245,0.04582,3973
1753591994911,04:53:14.911,mexc,ACT/USDT:USDT,0.0458,5242,0.04579,6386,0.04581,2245,0.04582,3973
1753591995159,04:53:15.159,mexc,ACT/USDT:USDT,0.04578,2096,0.04577,15716,0.04579,1288,0.0458,3561
1753591995413,04:53:15.413,mexc,ACT/USDT:USDT,0.04578,2096,0.04577,15716,0.04579,1288,0.0458,3561
1753591995815,04:53:15.815,mexc,ACT/USDT:USDT,0.04578,2096,0.04577,15716,0.04579,1288,0.0458,3561
1753591995914,04:53:15.914,mexc,ACT/USDT:USDT,0.04578,2096,0.04577,25197,0.04579,1288,0.0458,3561
1753591996315,04:53:16.315,mexc,ACT/USDT:USDT,0.04578,2096,0.04577,19164,0.04579,1288,0.0458,3561
1753591996414,04:53:16.414,mexc,ACT/USDT:USDT,0.04578,2096,0.04577,22554,0.04579,1288,0.0458,3561
1753591996816,04:53:16.816,mexc,ACT/USDT:USDT,0.04578,2096,0.04577,22554,0.04579,1288,0.0458,3561
1753591996915,04:53:16.915,mexc,ACT/USDT:USDT,0.04578,2096,0.04577,15716,0.04579,1288,0.0458,3561
1753591997317,04:53:17.317,mexc,ACT/USDT:USDT,0.04578,2096,0.04577,15716,0.04579,1288,0.0458,3561
1753591997414,04:53:17.414,mexc,ACT/USDT:USDT,0.04578,2096,0.04577,23033,0.04579,1288,0.0458,3561
1753591997816,04:53:17.816,mexc,ACT/USDT:USDT,0.04578,2096,0.04577,23033,0.04579,1288,0.0458,3561
1753591997914,04:53:17.914,mexc,ACT/USDT:USDT,0.04578,2096,0.04577,19093,0.04579,1288,0.0458,3561
1753591998317,04:53:18.317,mexc,ACT/USDT:USDT,0.04578,2096,0.04577,19093,0.04579,1288,0.0458,3561
1753591998416,04:53:18.416,mexc,ACT/USDT:USDT,0.04578,2096,0.04577,15716,0.04579,1288,0.0458,3561
1753591998819,04:53:18.819,mexc,ACT/USDT:USDT,0.04578,2096,0.04577,15716,0.04579,1288,0.0458,3561
1753591998916,04:53:18.916,mexc,ACT/USDT:USDT,0.04578,2096,0.04577,15716,0.04579,1288,0.0458,5752
1753591999318,04:53:19.318,mexc,ACT/USDT:USDT,0.04578,2096,0.04577,15716,0.04579,1288,0.0458,5752
1753591999417,04:53:19.417,mexc,ACT/USDT:USDT,0.04578,2096,0.04577,19083,0.04579,1288,0.0458,3561
1753591999824,04:53:19.824,mexc,ACT/USDT:USDT,0.04578,2096,0.04577,15716,0.04579,1288,0.0458,3561
1753591999917,04:53:19.917,mexc,ACT/USDT:USDT,0.04578,2096,0.04577,15716,0.04579,1288,0.0458,3561
1753592000320,04:53:20.320,mexc,ACT/USDT:USDT,0.04578,2096,0.04577,15716,0.04579,1288,0.0458,3561
1753592000417,04:53:20.417,mexc,ACT/USDT:USDT,0.04578,2096,0.04577,22036,0.04579,1288,0.0458,3561
1753592000825,04:53:20.825,mexc,ACT/USDT:USDT,0.04578,2096,0.04577,22036,0.04579,1288,0.0458,3561
1753592000918,04:53:20.918,mexc,ACT/USDT:USDT,0.04578,2096,0.04577,15716,0.04579,1288,0.0458,5069
1753592001161,04:53:21.161,mexc,ACT/USDT:USDT,0.04578,2013,0.04577,11689,0.04579,130,0.0458,3191
1753592001419,04:53:21.419,mexc,ACT/USDT:USDT,0.04578,2013,0.04577,13046,0.04579,130,0.0458,4092
1753592001821,04:53:21.821,mexc,ACT/USDT:USDT,0.04578,2013,0.04577,13046,0.04579,130,0.0458,3191
1753592001960,04:53:21.960,mexc,ACT/USDT:USDT,0.04578,2013,0.04577,11689,0.04579,130,0.0458,3191
1753592002324,04:53:22.324,mexc,ACT/USDT:USDT,0.04578,2013,0.04577,11689,0.04579,130,0.0458,3191
1753592002419,04:53:22.419,mexc,ACT/USDT:USDT,0.04578,2013,0.04577,11689,0.04579,130,0.0458,5188
1753592002767,04:53:22.767,mexc,ACT/USDT:USDT,0.04578,2013,0.04577,11689,0.04579,130,0.0458,5188
1753592002918,04:53:22.918,mexc,ACT/USDT:USDT,0.04578,2013,0.04577,16004,0.04579,130,0.0458,3191
1753592003322,04:53:23.322,mexc,ACT/USDT:USDT,0.04578,2013,0.04577,11689,0.04579,130,0.0458,3191
1753592003420,04:53:23.420,mexc,ACT/USDT:USDT,0.04578,2013,0.04577,11689,0.04579,130,0.0458,4077
1753592003822,04:53:23.822,mexc,ACT/USDT:USDT,0.04578,2013,0.04577,11689,0.04579,130,0.0458,4077
1753592003919,04:53:23.919,mexc,ACT/USDT:USDT,0.04578,2013,0.04577,11689,0.04579,130,0.0458,3191
1753592004325,04:53:24.325,mexc,ACT/USDT:USDT,0.04578,2013,0.04577,11689,0.04579,130,0.0458,3191
1753592004420,04:53:24.420,mexc,ACT/USDT:USDT,0.04578,2013,0.04577,11689,0.04579,130,0.0458,3607
1753592004822,04:53:24.822,mexc,ACT/USDT:USDT,0.04578,2013,0.04577,11689,0.04579,130,0.0458,3607
1753592004918,04:53:24.918,mexc,ACT/USDT:USDT,0.04578,2013,0.04577,11689,0.04579,130,0.0458,3541
1753592005326,04:53:25.326,mexc,ACT/USDT:USDT,0.04578,2013,0.04577,11689,0.04579,130,0.0458,3541
1753592005419,04:53:25.419,mexc,ACT/USDT:USDT,0.04578,2013,0.04577,11689,0.04579,130,0.0458,4348
1753592005822,04:53:25.822,mexc,ACT/USDT:USDT,0.04578,2013,0.04577,11689,0.04579,130,0.0458,3910
1753592005921,04:53:25.921,mexc,ACT/USDT:USDT,0.04578,2013,0.04577,11689,0.04579,130,0.0458,3191
1753592006133,04:53:26.133,mexc,ACT/USDT:USDT,0.04578,2013,0.04577,11689,0.04579,130,0.0458,3191
1753592006420,04:53:26.420,mexc,ACT/USDT:USDT,0.04578,2013,0.04577,11689,0.04579,130,0.0458,3191
1753592006823,04:53:26.823,mexc,ACT/USDT:USDT,0.04578,2013,0.04577,11689,0.04579,130,0.0458,3191
1753592006920,04:53:26.920,mexc,ACT/USDT:USDT,0.04578,2013,0.04577,17274,0.04579,130,0.0458,4000
1753592007162,04:53:27.162,mexc,ACT/USDT:USDT,0.04578,3237,0.04577,13201,0.04579,115,0.0458,1351
1753592007421,04:53:27.421,mexc,ACT/USDT:USDT,0.04578,3237,0.04577,13201,0.04579,115,0.0458,1982
1753592007823,04:53:27.823,mexc,ACT/USDT:USDT,0.04578,3237,0.04577,13201,0.04579,115,0.0458,1982
1753592007924,04:53:27.924,mexc,ACT/USDT:USDT,0.04578,3237,0.04577,19267,0.04579,115,0.0458,2001
1753592008326,04:53:28.326,mexc,ACT/USDT:USDT,0.04578,3237,0.04577,19267,0.04579,115,0.0458,2001
1753592008423,04:53:28.423,mexc,ACT/USDT:USDT,0.04578,3237,0.04577,18378,0.04579,115,0.0458,1719
1753592008769,04:53:28.769,mexc,ACT/USDT:USDT,0.04578,3237,0.04577,18378,0.04579,115,0.0458,1719
1753592008923,04:53:28.923,mexc,ACT/USDT:USDT,0.04578,3237,0.04577,15633,0.04579,115,0.0458,1351
1753592009327,04:53:29.327,mexc,ACT/USDT:USDT,0.04578,3237,0.04577,15633,0.04579,115,0.0458,1351
1753592009423,04:53:29.423,mexc,ACT/USDT:USDT,0.04578,3237,0.04577,13201,0.04579,115,0.0458,1351
1753592009878,04:53:29.878,mexc,ACT/USDT:USDT,0.04578,3237,0.04577,13201,0.04579,115,0.0458,1351
1753592009931,04:53:29.931,mexc,ACT/USDT:USDT,0.04578,3237,0.04577,13201,0.04579,115,0.0458,1351
1753592010327,04:53:30.327,mexc,ACT/USDT:USDT,0.04578,3237,0.04577,13201,0.04579,115,0.0458,1351
1753592010424,04:53:30.424,mexc,ACT/USDT:USDT,0.04578,3237,0.04577,17778,0.04579,115,0.0458,1649
1753592010828,04:53:30.828,mexc,ACT/USDT:USDT,0.04578,3237,0.04577,13201,0.04579,115,0.0458,1649
1753592010924,04:53:30.924,mexc,ACT/USDT:USDT,0.04578,3237,0.04577,15855,0.04579,115,0.0458,1351
1753592011328,04:53:31.328,mexc,ACT/USDT:USDT,0.04578,3237,0.04577,15855,0.04579,115,0.0458,1351
1753592011426,04:53:31.426,mexc,ACT/USDT:USDT,0.04578,3237,0.04577,13201,0.04579,115,0.0458,1620
1753592011828,04:53:31.828,mexc,ACT/USDT:USDT,0.04578,3237,0.04577,13201,0.04579,115,0.0458,1351
1753592011924,04:53:31.924,mexc,ACT/USDT:USDT,0.04578,3237,0.04577,19362,0.04579,115,0.0458,1351
1753592012142,04:53:32.142,mexc,ACT/USDT:USDT,0.04578,3237,0.04577,19362,0.04579,115,0.0458,1351
1753592012425,04:53:32.425,mexc,ACT/USDT:USDT,0.04578,3237,0.04577,13201,0.04579,115,0.0458,1351
1753592012831,04:53:32.831,mexc,ACT/USDT:USDT,0.04578,3237,0.04577,13201,0.04579,115,0.0458,1351
1753592012925,04:53:32.925,mexc,ACT/USDT:USDT,0.04578,3237,0.04577,13201,0.04579,115,0.0458,1611
1753592013164,04:53:33.164,mexc,ACT/USDT:USDT,0.04579,2928,0.04578,6268,0.0458,1010,0.04581,4760
1753592013427,04:53:33.427,mexc,ACT/USDT:USDT,0.04579,2928,0.04578,6268,0.0458,1010,0.04581,6759
1753592013828,04:53:33.828,mexc,ACT/USDT:USDT,0.04579,2928,0.04578,6268,0.0458,1010,0.04581,4760
1753592013926,04:53:33.926,mexc,ACT/USDT:USDT,0.04579,2928,0.04578,8564,0.0458,1010,0.04581,5464
1753592014329,04:53:34.329,mexc,ACT/USDT:USDT,0.04579,2928,0.04578,8564,0.0458,1010,0.04581,5464
1753592014427,04:53:34.427,mexc,ACT/USDT:USDT,0.04579,2928,0.04578,9097,0.0458,1010,0.04581,4760
1753592014778,04:53:34.778,mexc,ACT/USDT:USDT,0.04579,2928,0.04578,9097,0.0458,1010,0.04581,4760
1753592014927,04:53:34.927,mexc,ACT/USDT:USDT,0.04579,2928,0.04578,6268,0.0458,1010,0.04581,4760
1753592015331,04:53:35.331,mexc,ACT/USDT:USDT,0.04579,2928,0.04578,6268,0.0458,1010,0.04581,4760
1753592015427,04:53:35.427,mexc,ACT/USDT:USDT,0.04579,2928,0.04578,9306,0.0458,1010,0.04581,5603
1753592015830,04:53:35.830,mexc,ACT/USDT:USDT,0.04579,2928,0.04578,9306,0.0458,1010,0.04581,4760
1753592015927,04:53:35.927,mexc,ACT/USDT:USDT,0.04579,2928,0.04578,8276,0.0458,1010,0.04581,4760
1753592016332,04:53:36.332,mexc,ACT/USDT:USDT,0.04579,2928,0.04578,8276,0.0458,1010,0.04581,4760
1753592016426,04:53:36.426,mexc,ACT/USDT:USDT,0.04579,2928,0.04578,8799,0.0458,1010,0.04581,8133
1753592016832,04:53:36.832,mexc,ACT/USDT:USDT,0.04579,2928,0.04578,8799,0.0458,1010,0.04581,6721
1753592016927,04:53:36.927,mexc,ACT/USDT:USDT,0.04579,2928,0.04578,6268,0.0458,1010,0.04581,6378
1753592017382,04:53:37.382,mexc,ACT/USDT:USDT,0.04579,2928,0.04578,6268,0.0458,1010,0.04581,6378
1753592017428,04:53:37.428,mexc,ACT/USDT:USDT,0.04579,2928,0.04578,7977,0.0458,1010,0.04581,4760
1753592017830,04:53:37.830,mexc,ACT/USDT:USDT,0.04579,2928,0.04578,7977,0.0458,1010,0.04581,4760
1753592017929,04:53:37.929,mexc,ACT/USDT:USDT,0.04579,2928,0.04578,6268,0.0458,1010,0.04581,4760
1753592018145,04:53:38.145,mexc,ACT/USDT:USDT,0.04579,2928,0.04578,6268,0.0458,1010,0.04581,4760
1753592018428,04:53:38.428,mexc,ACT/USDT:USDT,0.04579,2928,0.04578,8443,0.0458,1010,0.04581,6175
1753592018833,04:53:38.833,mexc,ACT/USDT:USDT,0.04579,2928,0.04578,8443,0.0458,1010,0.04581,4760
1753592018928,04:53:38.928,mexc,ACT/USDT:USDT,0.04579,2928,0.04578,8469,0.0458,1010,0.04581,4760
1753592019179,04:53:39.179,mexc,ACT/USDT:USDT,0.04579,2657,0.04578,5579,0.04581,3601,0.04582,7581
1753592019429,04:53:39.429,mexc,ACT/USDT:USDT,0.04579,2657,0.04578,5579,0.04581,3601,0.04582,7581
1753592019832,04:53:39.832,mexc,ACT/USDT:USDT,0.04579,2657,0.04578,5579,0.04581,3601,0.04582,7581
1753592019979,04:53:39.979,mexc,ACT/USDT:USDT,0.04579,2657,0.04578,5579,0.04581,3601,0.04582,7581
1753592020333,04:53:40.333,mexc,ACT/USDT:USDT,0.04579,2657,0.04578,5579,0.04581,3601,0.04582,7581
1753592020430,04:53:40.430,mexc,ACT/USDT:USDT,0.04579,2657,0.04578,6568,0.04581,3601,0.04582,10733
1753592020835,04:53:40.835,mexc,ACT/USDT:USDT,0.04579,2657,0.04578,6568,0.04581,3601,0.04582,10733
1753592020931,04:53:40.931,mexc,ACT/USDT:USDT,0.04579,2657,0.04578,5579,0.04581,3601,0.04582,7581
1753592021333,04:53:41.333,mexc,ACT/USDT:USDT,0.04579,2657,0.04578,5579,0.04581,3601,0.04582,7581
1753592021431,04:53:41.431,mexc,ACT/USDT:USDT,0.04579,2657,0.04578,9813,0.04581,3601,0.04582,9313
1753592021835,04:53:41.835,mexc,ACT/USDT:USDT,0.04579,2657,0.04578,9813,0.04581,3601,0.04582,7581
1753592021931,04:53:41.931,mexc,ACT/USDT:USDT,0.04579,2657,0.04578,5579,0.04581,3601,0.04582,7581
1753592022334,04:53:42.334,mexc,ACT/USDT:USDT,0.04579,2657,0.04578,5579,0.04581,3601,0.04582,7581
1753592022431,04:53:42.431,mexc,ACT/USDT:USDT,0.04579,2657,0.04578,8216,0.04581,3601,0.04582,8452
1753592022837,04:53:42.837,mexc,ACT/USDT:USDT,0.04579,2657,0.04578,8216,0.04581,3601,0.04582,7581
1753592022931,04:53:42.931,mexc,ACT/USDT:USDT,0.04579,2657,0.04578,5579,0.04581,3601,0.04582,10083
1753592023335,04:53:43.335,mexc,ACT/USDT:USDT,0.04579,2657,0.04578,5579,0.04581,3601,0.04582,10083
1753592023433,04:53:43.433,mexc,ACT/USDT:USDT,0.04579,2657,0.04578,5579,0.04581,3601,0.04582,7581
1753592023835,04:53:43.835,mexc,ACT/USDT:USDT,0.04579,2657,0.04578,5579,0.04581,3601,0.04582,7581
1753592023931,04:53:43.931,mexc,ACT/USDT:USDT,0.04579,2657,0.04578,7701,0.04581,3601,0.04582,10782
1753592024147,04:53:44.147,mexc,ACT/USDT:USDT,0.04579,2657,0.04578,7701,0.04581,3601,0.04582,10782
1753592024432,04:53:44.432,mexc,ACT/USDT:USDT,0.04579,2657,0.04578,5579,0.04581,3601,0.04582,10611
1753592024834,04:53:44.834,mexc,ACT/USDT:USDT,0.04579,2657,0.04578,5579,0.04581,3601,0.04582,7581
1753592024933,04:53:44.933,mexc,ACT/USDT:USDT,0.04579,2657,0.04578,5579,0.04581,3601,0.04582,11416
1753592025170,04:53:45.170,mexc,ACT/USDT:USDT,0.0458,2695,0.04579,3479,0.04581,975,0.04582,6598
1753592025432,04:53:45.432,mexc,ACT/USDT:USDT,0.0458,2695,0.04579,3479,0.04581,975,0.04582,6598
1753592025835,04:53:45.835,mexc,ACT/USDT:USDT,0.0458,2695,0.04579,3479,0.04581,975,0.04582,6598
1753592025963,04:53:45.963,mexc,ACT/USDT:USDT,0.0458,2695,0.04579,3479,0.04581,975,0.04582,6598
1753592026336,04:53:46.336,mexc,ACT/USDT:USDT,0.0458,2695,0.04579,3479,0.04581,975,0.04582,6598
1753592026433,04:53:46.433,mexc,ACT/USDT:USDT,0.0458,2695,0.04579,3479,0.04581,975,0.04582,6598
1753592026839,04:53:46.839,mexc,ACT/USDT:USDT,0.0458,2695,0.04579,3479,0.04581,975,0.04582,6598
1753592026935,04:53:46.935,mexc,ACT/USDT:USDT,0.0458,2695,0.04579,4894,0.04581,975,0.04582,6598
1753592027336,04:53:47.336,mexc,ACT/USDT:USDT,0.0458,2695,0.04579,3479,0.04581,975,0.04582,6598
1753592027435,04:53:47.435,mexc,ACT/USDT:USDT,0.0458,2695,0.04579,3479,0.04581,975,0.04582,8531
1753592027838,04:53:47.838,mexc,ACT/USDT:USDT,0.0458,2695,0.04579,3479,0.04581,975,0.04582,8531
1753592027935,04:53:47.935,mexc,ACT/USDT:USDT,0.0458,2695,0.04579,3479,0.04581,975,0.04582,9786
1753592028341,04:53:48.341,mexc,ACT/USDT:USDT,0.0458,2695,0.04579,3479,0.04581,975,0.04582,6598
1753592028435,04:53:48.435,mexc,ACT/USDT:USDT,0.0458,2695,0.04579,4023,0.04581,975,0.04582,6598
1753592028838,04:53:48.838,mexc,ACT/USDT:USDT,0.0458,2695,0.04579,3479,0.04581,975,0.04582,6598
1753592028934,04:53:48.934,mexc,ACT/USDT:USDT,0.0458,2695,0.04579,4335,0.04581,975,0.04582,6598
1753592029316,04:53:49.316,mexc,ACT/USDT:USDT,0.0458,2695,0.04579,4335,0.04581,975,0.04582,6598
1753592029436,04:53:49.436,mexc,ACT/USDT:USDT,0.0458,2695,0.04579,3479,0.04581,975,0.04582,6598
1753592029837,04:53:49.837,mexc,ACT/USDT:USDT,0.0458,2695,0.04579,3479,0.04581,975,0.04582,6598
1753592029937,04:53:49.937,mexc,ACT/USDT:USDT,0.0458,2695,0.04579,3479,0.04581,975,0.04582,6598
1753592030198,04:53:50.198,mexc,ACT/USDT:USDT,0.0458,2547,0.04579,3469,0.04581,1233,0.04582,5878
1753592030440,04:53:50.440,mexc,ACT/USDT:USDT,0.0458,2547,0.04579,4903,0.04581,1233,0.04582,7325
1753592030840,04:53:50.840,mexc,ACT/USDT:USDT,0.0458,2547,0.04579,4903,0.04581,1233,0.04582,7325
1753592030936,04:53:50.936,mexc,ACT/USDT:USDT,0.0458,2547,0.04579,3469,0.04581,1233,0.04582,6792
1753592031339,04:53:51.339,mexc,ACT/USDT:USDT,0.0458,2547,0.04579,3469,0.04581,1233,0.04582,5878
1753592031437,04:53:51.437,mexc,ACT/USDT:USDT,0.0458,2547,0.04579,4789,0.04581,1233,0.04582,8025
1753592031839,04:53:51.839,mexc,ACT/USDT:USDT,0.0458,2547,0.04579,3816,0.04581,1233,0.04582,8025
1753592031963,04:53:51.963,mexc,ACT/USDT:USDT,0.0458,2547,0.04579,3469,0.04581,1233,0.04582,5878
1753592032339,04:53:52.339,mexc,ACT/USDT:USDT,0.0458,2547,0.04579,3469,0.04581,1233,0.04582,5878
1753592032439,04:53:52.439,mexc,ACT/USDT:USDT,0.0458,2547,0.04579,4653,0.04581,1233,0.04582,5878
1753592032842,04:53:52.842,mexc,ACT/USDT:USDT,0.0458,2547,0.04579,4653,0.04581,1233,0.04582,5878
1753592032938,04:53:52.938,mexc,ACT/USDT:USDT,0.0458,2547,0.04579,3469,0.04581,1233,0.04582,5878
1753592033341,04:53:53.341,mexc,ACT/USDT:USDT,0.0458,2547,0.04579,3469,0.04581,1233,0.04582,5878
1753592033439,04:53:53.439,mexc,ACT/USDT:USDT,0.0458,2547,0.04579,3469,0.04581,1233,0.04582,5878
1753592033844,04:53:53.844,mexc,ACT/USDT:USDT,0.0458,2547,0.04579,3469,0.04581,1233,0.04582,5878
1753592033938,04:53:53.938,mexc,ACT/USDT:USDT,0.0458,2547,0.04579,4643,0.04581,1233,0.04582,5878
1753592034340,04:53:54.340,mexc,ACT/USDT:USDT,0.0458,2547,0.04579,4643,0.04581,1233,0.04582,5878
1753592034442,04:53:54.442,mexc,ACT/USDT:USDT,0.0458,2547,0.04579,4654,0.04581,1233,0.04582,5878
1753592034844,04:53:54.844,mexc,ACT/USDT:USDT,0.0458,2547,0.04579,4654,0.04581,1233,0.04582,5878
1753592034940,04:53:54.940,mexc,ACT/USDT:USDT,0.0458,2547,0.04579,3469,0.04581,1233,0.04582,8582
1753592035342,04:53:55.342,mexc,ACT/USDT:USDT,0.0458,2547,0.04579,3469,0.04581,1233,0.04582,8582
1753592035440,04:53:55.440,mexc,ACT/USDT:USDT,0.0458,2547,0.04579,3469,0.04581,1233,0.04582,6553
1753592035842,04:53:55.842,mexc,ACT/USDT:USDT,0.0458,2547,0.04579,3469,0.04581,1233,0.04582,6553
1753592035941,04:53:55.941,mexc,ACT/USDT:USDT,0.0458,2547,0.04579,3896,0.04581,1233,0.04582,7363
1753592036200,04:53:56.200,mexc,ACT/USDT:USDT,0.0458,2455,0.04579,3106,0.04581,228,0.04582,5816
1753592036441,04:53:56.441,mexc,ACT/USDT:USDT,0.0458,2455,0.04579,3106,0.04581,228,0.04582,7409
1753592036843,04:53:56.843,mexc,ACT/USDT:USDT,0.0458,2455,0.04579,3106,0.04581,228,0.04582,7409
1753592036939,04:53:56.939,mexc,ACT/USDT:USDT,0.0458,2455,0.04579,3106,0.04581,228,0.04582,5816
1753592037343,04:53:57.343,mexc,ACT/USDT:USDT,0.0458,2455,0.04579,3106,0.04581,228,0.04582,5816
1753592037441,04:53:57.441,mexc,ACT/USDT:USDT,0.0458,2455,0.04579,3106,0.04581,228,0.04582,8253
1753592037843,04:53:57.843,mexc,ACT/USDT:USDT,0.0458,2455,0.04579,3106,0.04581,228,0.04582,8253
1753592037941,04:53:57.941,mexc,ACT/USDT:USDT,0.0458,2455,0.04579,4977,0.04581,228,0.04582,5816
1753592038343,04:53:58.343,mexc,ACT/USDT:USDT,0.0458,2455,0.04579,4017,0.04581,228,0.04582,5816
1753592038441,04:53:58.441,mexc,ACT/USDT:USDT,0.0458,2455,0.04579,3106,0.04581,228,0.04582,5816
1753592038844,04:53:58.844,mexc,ACT/USDT:USDT,0.0458,2455,0.04579,3106,0.04581,228,0.04582,5816
1753592038942,04:53:58.942,mexc,ACT/USDT:USDT,0.0458,2455,0.04579,3106,0.04581,228,0.04582,5816
1753592039344,04:53:59.344,mexc,ACT/USDT:USDT,0.0458,2455,0.04579,3106,0.04581,228,0.04582,5816
1753592039441,04:53:59.441,mexc,ACT/USDT:USDT,0.0458,2455,0.04579,3106,0.04581,228,0.04582,7697
1753592039845,04:53:59.845,mexc,ACT/USDT:USDT,0.0458,2455,0.04579,3106,0.04581,228,0.04582,7697
1753592039942,04:53:59.942,mexc,ACT/USDT:USDT,0.0458,2455,0.04579,3106,0.04581,228,0.04582,6679
1753592040345,04:54:00.345,mexc,ACT/USDT:USDT,0.0458,2455,0.04579,3106,0.04581,228,0.04582,6679
1753592040443,04:54:00.443,mexc,ACT/USDT:USDT,0.0458,2455,0.04579,3517,0.04581,228,0.04582,6694
1753592040845,04:54:00.845,mexc,ACT/USDT:USDT,0.0458,2455,0.04579,3517,0.04581,228,0.04582,5816
1753592040942,04:54:00.942,mexc,ACT/USDT:USDT,0.0458,2455,0.04579,3418,0.04581,228,0.04582,7543
1753592041345,04:54:01.345,mexc,ACT/USDT:USDT,0.0458,2455,0.04579,3106,0.04581,228,0.04582,7543
1753592041442,04:54:01.442,mexc,ACT/USDT:USDT,0.0458,2455,0.04579,3106,0.04581,228,0.04582,8444
1753592041845,04:54:01.845,mexc,ACT/USDT:USDT,0.0458,2455,0.04579,3106,0.04581,228,0.04582,8444
1753592041942,04:54:01.942,mexc,ACT/USDT:USDT,0.0458,2455,0.04579,3106,0.04581,228,0.04582,6611
1753592042201,04:54:02.201,mexc,ACT/USDT:USDT,0.0458,3347,0.04579,4289,0.04581,212,0.04582,5091
1753592042446,04:54:02.446,mexc,ACT/USDT:USDT,0.0458,3347,0.04579,4289,0.04581,212,0.04582,5091
1753592042850,04:54:02.850,mexc,ACT/USDT:USDT,0.0458,3347,0.04579,4289,0.04581,212,0.04582,5091
1753592042949,04:54:02.949,mexc,ACT/USDT:USDT,0.0458,3347,0.04579,5792,0.04581,212,0.04582,5091
1753592043350,04:54:03.350,mexc,ACT/USDT:USDT,0.0458,3347,0.04579,5792,0.04581,212,0.04582,5091
1753592043448,04:54:03.448,mexc,ACT/USDT:USDT,0.0458,3347,0.04579,4289,0.04581,212,0.04582,5630
1753592043851,04:54:03.851,mexc,ACT/USDT:USDT,0.0458,3347,0.04579,4289,0.04581,212,0.04582,5630
1753592043947,04:54:03.947,mexc,ACT/USDT:USDT,0.0458,3347,0.04579,4289,0.04581,212,0.04582,8119
1753592044178,04:54:04.178,mexc,ACT/USDT:USDT,0.04582,3794,0.04581,6151,0.04584,15296,0.04585,10249
1753592044448,04:54:04.448,mexc,ACT/USDT:USDT,0.04582,3794,0.04581,6151,0.04584,15296,0.04585,10249
1753592044851,04:54:04.851,mexc,ACT/USDT:USDT,0.04582,3794,0.04581,6151,0.04584,15296,0.04585,10249
1753592044949,04:54:04.949,mexc,ACT/USDT:USDT,0.04582,3794,0.04581,8028,0.04584,15296,0.04585,10249
1753592045352,04:54:05.352,mexc,ACT/USDT:USDT,0.04582,3794,0.04581,8028,0.04584,15296,0.04585,10249
1753592045450,04:54:05.450,mexc,ACT/USDT:USDT,0.04582,3794,0.04581,6151,0.04584,15296,0.04585,10249
1753592045851,04:54:05.851,mexc,ACT/USDT:USDT,0.04582,3794,0.04581,6151,0.04584,15296,0.04585,10249
1753592045948,04:54:05.948,mexc,ACT/USDT:USDT,0.04582,3794,0.04581,6151,0.04584,15296,0.04585,12178
1753592046351,04:54:06.351,mexc,ACT/USDT:USDT,0.04582,3794,0.04581,6151,0.04584,15296,0.04585,10249
1753592046449,04:54:06.449,mexc,ACT/USDT:USDT,0.04582,3794,0.04581,6151,0.04584,15296,0.04585,13965
1753592046851,04:54:06.851,mexc,ACT/USDT:USDT,0.04582,3794,0.04581,6151,0.04584,15296,0.04585,11561
1753592046949,04:54:06.949,mexc,ACT/USDT:USDT,0.04582,3794,0.04581,6151,0.04584,15296,0.04585,10249
1753592047310,04:54:07.310,mexc,ACT/USDT:USDT,0.04582,3794,0.04581,6151,0.04584,15296,0.04585,10249
1753592047475,04:54:07.475,mexc,ACT/USDT:USDT,0.04582,3794,0.04581,7525,0.04584,15296,0.04585,12989
1753592047879,04:54:07.879,mexc,ACT/USDT:USDT,0.04582,3794,0.04581,6151,0.04584,15296,0.04585,12989
1753592047975,04:54:07.975,mexc,ACT/USDT:USDT,0.04582,3794,0.04581,9381,0.04584,15296,0.04585,11291
1753592048351,04:54:08.351,mexc,ACT/USDT:USDT,0.04582,3794,0.04581,8246,0.04584,15296,0.04585,11291
1753592048449,04:54:08.449,mexc,ACT/USDT:USDT,0.04582,3794,0.04581,6151,0.04584,15296,0.04585,12989
1753592048852,04:54:08.852,mexc,ACT/USDT:USDT,0.04582,3794,0.04581,6151,0.04584,15296,0.04585,12989
1753592048949,04:54:08.949,mexc,ACT/USDT:USDT,0.04582,3794,0.04581,6151,0.04584,15296,0.04585,13434
1753592049214,04:54:09.214,mexc,ACT/USDT:USDT,0.04583,1989,0.04582,9115,0.04584,1905,0.04585,4254
1753592049453,04:54:09.453,mexc,ACT/USDT:USDT,0.04583,1989,0.04582,13331,0.04584,1905,0.04585,4254
1753592049852,04:54:09.852,mexc,ACT/USDT:USDT,0.04583,1989,0.04582,11212,0.04584,1905,0.04585,4254
1753592049949,04:54:09.949,mexc,ACT/USDT:USDT,0.04583,1989,0.04582,10129,0.04584,1905,0.04585,4254
1753592050352,04:54:10.352,mexc,ACT/USDT:USDT,0.04583,1989,0.04582,10129,0.04584,1905,0.04585,4254
1753592050450,04:54:10.450,mexc,ACT/USDT:USDT,0.04583,1989,0.04582,9115,0.04584,1905,0.04585,5111
1753592050855,04:54:10.855,mexc,ACT/USDT:USDT,0.04583,1989,0.04582,9115,0.04584,1905,0.04585,5111
1753592050951,04:54:10.951,mexc,ACT/USDT:USDT,0.04583,1989,0.04582,12188,0.04584,1905,0.04585,6234
1753592051353,04:54:11.353,mexc,ACT/USDT:USDT,0.04583,1989,0.04582,12188,0.04584,1905,0.04585,6234
1753592051451,04:54:11.451,mexc,ACT/USDT:USDT,0.04583,1989,0.04582,9115,0.04584,1905,0.04585,5520
1753592051853,04:54:11.853,mexc,ACT/USDT:USDT,0.04583,1989,0.04582,9115,0.04584,1905,0.04585,5520
1753592051952,04:54:11.952,mexc,ACT/USDT:USDT,0.04583,1989,0.04582,10752,0.04584,1905,0.04585,5575
1753592052354,04:54:12.354,mexc,ACT/USDT:USDT,0.04583,1989,0.04582,10752,0.04584,1905,0.04585,4254
1753592052453,04:54:12.453,mexc,ACT/USDT:USDT,0.04583,1989,0.04582,11558,0.04584,1905,0.04585,4254
1753592052855,04:54:12.855,mexc,ACT/USDT:USDT,0.04583,1989,0.04582,11558,0.04584,1905,0.04585,4254
1753592052953,04:54:12.953,mexc,ACT/USDT:USDT,0.04583,1989,0.04582,12078,0.04584,1905,0.04585,4254
1753592053361,04:54:13.361,mexc,ACT/USDT:USDT,0.04583,1989,0.04582,9115,0.04584,1905,0.04585,4254
1753592053453,04:54:13.453,mexc,ACT/USDT:USDT,0.04583,1989,0.04582,12299,0.04584,1905,0.04585,6158
1753592053857,04:54:13.857,mexc,ACT/USDT:USDT,0.04583,1989,0.04582,9115,0.04584,1905,0.04585,6158
1753592053954,04:54:13.954,mexc,ACT/USDT:USDT,0.04583,1989,0.04582,9115,0.04584,1905,0.04585,6149
1753592054357,04:54:14.357,mexc,ACT/USDT:USDT,0.04583,1989,0.04582,9115,0.04584,1905,0.04585,5637
1753592054454,04:54:14.454,mexc,ACT/USDT:USDT,0.04583,1989,0.04582,9115,0.04584,1905,0.04585,4254
1753592054857,04:54:14.857,mexc,ACT/USDT:USDT,0.04583,1989,0.04582,9115,0.04584,1905,0.04585,4254
1753592054955,04:54:14.955,mexc,ACT/USDT:USDT,0.04583,1989,0.04582,10550,0.04584,1905,0.04585,4254
1753592055206,04:54:15.206,mexc,ACT/USDT:USDT,0.04584,429,0.04583,1586,0.04585,2987,0.04586,5189
1753592055456,04:54:15.456,mexc,ACT/USDT:USDT,0.04584,429,0.04583,1802,0.04585,2987,0.04586,7456
1753592055857,04:54:15.857,mexc,ACT/USDT:USDT,0.04584,429,0.04583,1802,0.04585,2987,0.04586,7456
1753592055955,04:54:15.955,mexc,ACT/USDT:USDT,0.04584,429,0.04583,1586,0.04585,2987,0.04586,5189
1753592056358,04:54:16.358,mexc,ACT/USDT:USDT,0.04584,429,0.04583,1586,0.04585,2987,0.04586,5189
1753592056455,04:54:16.455,mexc,ACT/USDT:USDT,0.04584,429,0.04583,1838,0.04585,2987,0.04586,6837
1753592056859,04:54:16.859,mexc,ACT/USDT:USDT,0.04584,429,0.04583,1838,0.04585,2987,0.04586,6837
1753592056955,04:54:16.955,mexc,ACT/USDT:USDT,0.04584,429,0.04583,1761,0.04585,2987,0.04586,5189
1753592057358,04:54:17.358,mexc,ACT/USDT:USDT,0.04584,429,0.04583,1761,0.04585,2987,0.04586,5189
1753592057455,04:54:17.455,mexc,ACT/USDT:USDT,0.04584,429,0.04583,2274,0.04585,2987,0.04586,7070
1753592057858,04:54:17.858,mexc,ACT/USDT:USDT,0.04584,429,0.04583,2274,0.04585,2987,0.04586,5973
1753592057956,04:54:17.956,mexc,ACT/USDT:USDT,0.04584,429,0.04583,1772,0.04585,2987,0.04586,5189
1753592058359,04:54:18.359,mexc,ACT/USDT:USDT,0.04584,429,0.04583,1772,0.04585,2987,0.04586,5189
1753592058457,04:54:18.457,mexc,ACT/USDT:USDT,0.04584,429,0.04583,1586,0.04585,2987,0.04586,7334
1753592058859,04:54:18.859,mexc,ACT/USDT:USDT,0.04584,429,0.04583,1586,0.04585,2987,0.04586,7334
1753592058957,04:54:18.957,mexc,ACT/USDT:USDT,0.04584,429,0.04583,1586,0.04585,2987,0.04586,5189
1753592059311,04:54:19.311,mexc,ACT/USDT:USDT,0.04584,429,0.04583,1586,0.04585,2987,0.04586,5189
1753592059457,04:54:19.457,mexc,ACT/USDT:USDT,0.04584,429,0.04583,2148,0.04585,2987,0.04586,5189
1753592059862,04:54:19.862,mexc,ACT/USDT:USDT,0.04584,429,0.04583,1586,0.04585,2987,0.04586,5189
1753592059958,04:54:19.958,mexc,ACT/USDT:USDT,0.04584,429,0.04583,1783,0.04585,2987,0.04586,6461
1753592060359,04:54:20.359,mexc,ACT/USDT:USDT,0.04584,429,0.04583,1783,0.04585,2987,0.04586,6461
1753592060457,04:54:20.457,mexc,ACT/USDT:USDT,0.04584,429,0.04583,1586,0.04585,2987,0.04586,8656
1753592060859,04:54:20.859,mexc,ACT/USDT:USDT,0.04584,429,0.04583,1586,0.04585,2987,0.04586,7324
1753592060978,04:54:20.978,mexc,ACT/USDT:USDT,0.04584,429,0.04583,1586,0.04585,2987,0.04586,5189
1753592061204,04:54:21.204,mexc,ACT/USDT:USDT,0.04584,715,0.04583,1735,0.04585,3018,0.04586,5161
1753592061461,04:54:21.461,mexc,ACT/USDT:USDT,0.04584,715,0.04583,2903,0.04585,3018,0.04586,5161
1753592061860,04:54:21.860,mexc,ACT/USDT:USDT,0.04584,715,0.04583,2903,0.04585,3018,0.04586,5161
1753592061959,04:54:21.959,mexc,ACT/USDT:USDT,0.04584,715,0.04583,1735,0.04585,3018,0.04586,6017
1753592062360,04:54:22.360,mexc,ACT/USDT:USDT,0.04584,715,0.04583,1735,0.04585,3018,0.04586,6017
1753592062459,04:54:22.459,mexc,ACT/USDT:USDT,0.04584,715,0.04583,2036,0.04585,3018,0.04586,7346
1753592062880,04:54:22.880,mexc,ACT/USDT:USDT,0.04584,715,0.04583,2036,0.04585,3018,0.04586,7346
1753592062959,04:54:22.959,mexc,ACT/USDT:USDT,0.04584,715,0.04583,1735,0.04585,3018,0.04586,6450
1753592063361,04:54:23.361,mexc,ACT/USDT:USDT,0.04584,715,0.04583,1735,0.04585,3018,0.04586,6450
1753592063461,04:54:23.461,mexc,ACT/USDT:USDT,0.04584,715,0.04583,1735,0.04585,3018,0.04586,6097
1753592063862,04:54:23.862,mexc,ACT/USDT:USDT,0.04584,715,0.04583,1735,0.04585,3018,0.04586,6097
1753592063958,04:54:23.958,mexc,ACT/USDT:USDT,0.04584,715,0.04583,1735,0.04585,3018,0.04586,5161
1753592064362,04:54:24.362,mexc,ACT/USDT:USDT,0.04584,715,0.04583,1735,0.04585,3018,0.04586,5161
1753592064460,04:54:24.460,mexc,ACT/USDT:USDT,0.04584,715,0.04583,1735,0.04585,3018,0.04586,6513
1753592064862,04:54:24.862,mexc,ACT/USDT:USDT,0.04584,715,0.04583,1735,0.04585,3018,0.04586,6513
1753592064959,04:54:24.959,mexc,ACT/USDT:USDT,0.04584,715,0.04583,2143,0.04585,3018,0.04586,6716
1753592065310,04:54:25.310,mexc,ACT/USDT:USDT,0.04584,715,0.04583,2143,0.04585,3018,0.04586,6716
1753592065461,04:54:25.461,mexc,ACT/USDT:USDT,0.04584,715,0.04583,2619,0.04585,3018,0.04586,5161
1753592065862,04:54:25.862,mexc,ACT/USDT:USDT,0.04584,715,0.04583,2020,0.04585,3018,0.04586,5161
1753592065959,04:54:25.959,mexc,ACT/USDT:USDT,0.04584,715,0.04583,1735,0.04585,3018,0.04586,5925
1753592066380,04:54:26.380,mexc,ACT/USDT:USDT,0.04584,715,0.04583,1735,0.04585,3018,0.04586,5161
1753592066480,04:54:26.480,mexc,ACT/USDT:USDT,0.04584,715,0.04583,2333,0.04585,3018,0.04586,5161
1753592066884,04:54:26.884,mexc,ACT/USDT:USDT,0.04584,715,0.04583,2333,0.04585,3018,0.04586,5161
1753592067063,04:54:27.063,mexc,ACT/USDT:USDT,0.04584,715,0.04583,1938,0.04585,3018,0.04586,5161
1753592067209,04:54:27.209,mexc,ACT/USDT:USDT,0.04584,771,0.04583,1714,0.04585,3319,0.04586,3042
1753592067483,04:54:27.483,mexc,ACT/USDT:USDT,0.04584,771,0.04583,1714,0.04585,3319,0.04586,3042
1753592067883,04:54:27.883,mexc,ACT/USDT:USDT,0.04584,771,0.04583,1714,0.04585,3319,0.04586,3042
1753592067984,04:54:27.984,mexc,ACT/USDT:USDT,0.04584,771,0.04583,1714,0.04585,3319,0.04586,4316
1753592068386,04:54:28.386,mexc,ACT/USDT:USDT,0.04584,771,0.04583,1714,0.04585,3319,0.04586,4316
1753592068487,04:54:28.487,mexc,ACT/USDT:USDT,0.04584,771,0.04583,2364,0.04585,3319,0.04586,3042
1753592068885,04:54:28.885,mexc,ACT/USDT:USDT,0.04584,771,0.04583,2364,0.04585,3319,0.04586,3042
1753592068987,04:54:28.987,mexc,ACT/USDT:USDT,0.04584,771,0.04583,1714,0.04585,3319,0.04586,3773
1753592069388,04:54:29.388,mexc,ACT/USDT:USDT,0.04584,771,0.04583,1714,0.04585,3319,0.04586,3773
1753592069485,04:54:29.485,mexc,ACT/USDT:USDT,0.04584,771,0.04583,1714,0.04585,3319,0.04586,3042
1753592069886,04:54:29.886,mexc,ACT/USDT:USDT,0.04584,771,0.04583,1714,0.04585,3319,0.04586,3042
1753592069983,04:54:29.983,mexc,ACT/USDT:USDT,0.04584,771,0.04583,1925,0.04585,3319,0.04586,3042
1753592070386,04:54:30.386,mexc,ACT/USDT:USDT,0.04584,771,0.04583,1714,0.04585,3319,0.04586,3042
1753592070486,04:54:30.486,mexc,ACT/USDT:USDT,0.04584,771,0.04583,1714,0.04585,3319,0.04586,3042
1753592070887,04:54:30.887,mexc,ACT/USDT:USDT,0.04584,771,0.04583,1714,0.04585,3319,0.04586,3042
1753592070984,04:54:30.984,mexc,ACT/USDT:USDT,0.04584,771,0.04583,1714,0.04585,3319,0.04586,3525
1753592071316,04:54:31.316,mexc,ACT/USDT:USDT,0.04584,771,0.04583,1714,0.04585,3319,0.04586,3525
1753592071486,04:54:31.486,mexc,ACT/USDT:USDT,0.04584,771,0.04583,2468,0.04585,3319,0.04586,3572
1753592071886,04:54:31.886,mexc,ACT/USDT:USDT,0.04584,771,0.04583,2468,0.04585,3319,0.04586,3042
1753592071985,04:54:31.985,mexc,ACT/USDT:USDT,0.04584,771,0.04583,2373,0.04585,3319,0.04586,3042
1753592072387,04:54:32.387,mexc,ACT/USDT:USDT,0.04584,771,0.04583,2373,0.04585,3319,0.04586,3042
1753592072486,04:54:32.486,mexc,ACT/USDT:USDT,0.04584,771,0.04583,1714,0.04585,3319,0.04586,3042
1753592072888,04:54:32.888,mexc,ACT/USDT:USDT,0.04584,771,0.04583,1714,0.04585,3319,0.04586,3042
1753592072991,04:54:32.991,mexc,ACT/USDT:USDT,0.04584,771,0.04583,1963,0.04585,3319,0.04586,3465
1753592073211,04:54:33.211,mexc,ACT/USDT:USDT,0.04584,1795,0.04583,1630,0.04585,3473,0.04586,4373
1753592073490,04:54:33.490,mexc,ACT/USDT:USDT,0.04584,1795,0.04583,2272,0.04585,3473,0.04586,4373
1753592073890,04:54:33.890,mexc,ACT/USDT:USDT,0.04584,1795,0.04583,2272,0.04585,3473,0.04586,4373
1753592073990,04:54:33.990,mexc,ACT/USDT:USDT,0.04584,1795,0.04583,1848,0.04585,3473,0.04586,6410
1753592074390,04:54:34.390,mexc,ACT/USDT:USDT,0.04584,1795,0.04583,1848,0.04585,3473,0.04586,6410
1753592074488,04:54:34.488,mexc,ACT/USDT:USDT,0.04584,1795,0.04583,1630,0.04585,3473,0.04586,4373
1753592074889,04:54:34.889,mexc,ACT/USDT:USDT,0.04584,1795,0.04583,1630,0.04585,3473,0.04586,4373
1753592074986,04:54:34.986,mexc,ACT/USDT:USDT,0.04584,1795,0.04583,1630,0.04585,3473,0.04586,4373
1753592075390,04:54:35.390,mexc,ACT/USDT:USDT,0.04584,1795,0.04583,1630,0.04585,3473,0.04586,4373
1753592075489,04:54:35.489,mexc,ACT/USDT:USDT,0.04584,1795,0.04583,2782,0.04585,3473,0.04586,4373
1753592075891,04:54:35.891,mexc,ACT/USDT:USDT,0.04584,1795,0.04583,2782,0.04585,3473,0.04586,4373
1753592075988,04:54:35.988,mexc,ACT/USDT:USDT,0.04584,1795,0.04583,2229,0.04585,3473,0.04586,4373
1753592076388,04:54:36.388,mexc,ACT/USDT:USDT,0.04584,1795,0.04583,2229,0.04585,3473,0.04586,4373
1753592076489,04:54:36.489,mexc,ACT/USDT:USDT,0.04584,1795,0.04583,2575,0.04585,3473,0.04586,6372
1753592076890,04:54:36.890,mexc,ACT/USDT:USDT,0.04584,1795,0.04583,2575,0.04585,3473,0.04586,6372
1753592076987,04:54:36.987,mexc,ACT/USDT:USDT,0.04584,1795,0.04583,1943,0.04585,3473,0.04586,6297
1753592077315,04:54:37.315,mexc,ACT/USDT:USDT,0.04584,1795,0.04583,1943,0.04585,3473,0.04586,6297
1753592077488,04:54:37.488,mexc,ACT/USDT:USDT,0.04584,1795,0.04583,1886,0.04585,3473,0.04586,5483
1753592077891,04:54:37.891,mexc,ACT/USDT:USDT,0.04584,1795,0.04583,1886,0.04585,3473,0.04586,4373
1753592077988,04:54:37.988,mexc,ACT/USDT:USDT,0.04584,1795,0.04583,2059,0.04585,3473,0.04586,4373
1753592078391,04:54:38.391,mexc,ACT/USDT:USDT,0.04584,1795,0.04583,1630,0.04585,3473,0.04586,4373
1753592078491,04:54:38.491,mexc,ACT/USDT:USDT,0.04584,1795,0.04583,2103,0.04585,3473,0.04586,4373
1753592078892,04:54:38.892,mexc,ACT/USDT:USDT,0.04584,1795,0.04583,2103,0.04585,3473,0.04586,4373
1753592079067,04:54:39.067,mexc,ACT/USDT:USDT,0.04584,1795,0.04583,2222,0.04585,3473,0.04586,6517
1753592079212,04:54:39.212,mexc,ACT/USDT:USDT,0.04583,185,0.04582,3061,0.04584,2917,0.04585,5593
1753592079490,04:54:39.490,mexc,ACT/USDT:USDT,0.04583,185,0.04582,3061,0.04584,2917,0.04585,6931
1753592079892,04:54:39.892,mexc,ACT/USDT:USDT,0.04583,185,0.04582,3061,0.04584,2917,0.04585,6931
1753592079993,04:54:39.993,mexc,ACT/USDT:USDT,0.04583,185,0.04582,3061,0.04584,2917,0.04585,5593
1753592080394,04:54:40.394,mexc,ACT/USDT:USDT,0.04583,185,0.04582,3061,0.04584,2917,0.04585,5593
1753592080490,04:54:40.490,mexc,ACT/USDT:USDT,0.04583,185,0.04582,4767,0.04584,2917,0.04585,7848
1753592080894,04:54:40.894,mexc,ACT/USDT:USDT,0.04583,185,0.04582,4168,0.04584,2917,0.04585,7848
1753592080991,04:54:40.991,mexc,ACT/USDT:USDT,0.04583,185,0.04582,3552,0.04584,2917,0.04585,6198
1753592081392,04:54:41.392,mexc,ACT/USDT:USDT,0.04583,185,0.04582,3552,0.04584,2917,0.04585,5593
1753592081493,04:54:41.493,mexc,ACT/USDT:USDT,0.04583,185,0.04582,3061,0.04584,2917,0.04585,5593
1753592081893,04:54:41.893,mexc,ACT/USDT:USDT,0.04583,185,0.04582,3061,0.04584,2917,0.04585,5593
1753592081992,04:54:41.992,mexc,ACT/USDT:USDT,0.04583,185,0.04582,4485,0.04584,2917,0.04585,7947
1753592082393,04:54:42.393,mexc,ACT/USDT:USDT,0.04583,185,0.04582,4485,0.04584,2917,0.04585,7947
1753592082524,04:54:42.524,mexc,ACT/USDT:USDT,0.04583,185,0.04582,3061,0.04584,2917,0.04585,5593
1753592082894,04:54:42.894,mexc,ACT/USDT:USDT,0.04583,185,0.04582,3061,0.04584,2917,0.04585,5593
1753592082993,04:54:42.993,mexc,ACT/USDT:USDT,0.04583,185,0.04582,3061,0.04584,2917,0.04585,7282
1753592083319,04:54:43.319,mexc,ACT/USDT:USDT,0.04583,185,0.04582,3061,0.04584,2917,0.04585,7282
1753592083494,04:54:43.494,mexc,ACT/USDT:USDT,0.04583,185,0.04582,3061,0.04584,2917,0.04585,5593
1753592083893,04:54:43.893,mexc,ACT/USDT:USDT,0.04583,185,0.04582,3061,0.04584,2917,0.04585,5593
1753592083991,04:54:43.991,mexc,ACT/USDT:USDT,0.04583,185,0.04582,4208,0.04584,2917,0.04585,7241
1753592084399,04:54:44.399,mexc,ACT/USDT:USDT,0.04583,185,0.04582,3061,0.04584,2917,0.04585,7241
1753592084494,04:54:44.494,mexc,ACT/USDT:USDT,0.04583,185,0.04582,3061,0.04584,2917,0.04585,7218
1753592084895,04:54:44.895,mexc,ACT/USDT:USDT,0.04583,185,0.04582,3061,0.04584,2917,0.04585,7218
1753592084994,04:54:44.994,mexc,ACT/USDT:USDT,0.04583,185,0.04582,3501,0.04584,2917,0.04585,5593
1753592085215,04:54:45.215,mexc,ACT/USDT:USDT,0.04581,594,0.0458,3408,0.04582,2503,0.04583,3836
1753592085493,04:54:45.493,mexc,ACT/USDT:USDT,0.04581,594,0.0458,4306,0.04582,2503,0.04583,4454
1753592085894,04:54:45.894,mexc,ACT/USDT:USDT,0.04581,594,0.0458,4306,0.04582,2503,0.04583,4454
1753592085993,04:54:45.993,mexc,ACT/USDT:USDT,0.04581,594,0.0458,5037,0.04582,2503,0.04583,4502
1753592086394,04:54:46.394,mexc,ACT/USDT:USDT,0.04581,594,0.0458,3408,0.04582,2503,0.04583,4502
1753592086496,04:54:46.496,mexc,ACT/USDT:USDT,0.04581,594,0.0458,4381,0.04582,2503,0.04583,3836
1753592086896,04:54:46.896,mexc,ACT/USDT:USDT,0.04581,594,0.0458,3408,0.04582,2503,0.04583,3836
1753592086995,04:54:46.995,mexc,ACT/USDT:USDT,0.04581,594,0.0458,3408,0.04582,2503,0.04583,3836
1753592087396,04:54:47.396,mexc,ACT/USDT:USDT,0.04581,594,0.0458,3408,0.04582,2503,0.04583,3836
1753592087496,04:54:47.496,mexc,ACT/USDT:USDT,0.04581,594,0.0458,3408,0.04582,2503,0.04583,3836
1753592087896,04:54:47.896,mexc,ACT/USDT:USDT,0.04581,594,0.0458,3408,0.04582,2503,0.04583,3836
1753592087994,04:54:47.994,mexc,ACT/USDT:USDT,0.04581,594,0.0458,3408,0.04582,2503,0.04583,4536
1753592088395,04:54:48.395,mexc,ACT/USDT:USDT,0.04581,594,0.0458,3408,0.04582,2503,0.04583,3836
1753592088497,04:54:48.497,mexc,ACT/USDT:USDT,0.04581,594,0.0458,4661,0.04582,2503,0.04583,3836
1753592088897,04:54:48.897,mexc,ACT/USDT:USDT,0.04581,594,0.0458,4661,0.04582,2503,0.04583,3836
1753592088995,04:54:48.995,mexc,ACT/USDT:USDT,0.04581,594,0.0458,5027,0.04582,2503,0.04583,3836
1753592089324,04:54:49.324,mexc,ACT/USDT:USDT,0.04581,594,0.0458,5027,0.04582,2503,0.04583,3836
1753592089499,04:54:49.499,mexc,ACT/USDT:USDT,0.04581,594,0.0458,3408,0.04582,2503,0.04583,4831
1753592089897,04:54:49.897,mexc,ACT/USDT:USDT,0.04581,594,0.0458,3408,0.04582,2503,0.04583,4831
1753592089996,04:54:49.996,mexc,ACT/USDT:USDT,0.04581,594,0.0458,3408,0.04582,2503,0.04583,4251
1753592090398,04:54:50.398,mexc,ACT/USDT:USDT,0.04581,594,0.0458,3408,0.04582,2503,0.04583,3836
1753592090497,04:54:50.497,mexc,ACT/USDT:USDT,0.04581,594,0.0458,3408,0.04582,2503,0.04583,3836
1753592090899,04:54:50.899,mexc,ACT/USDT:USDT,0.04581,594,0.0458,3408,0.04582,2503,0.04583,3836
1753592091002,04:54:51.002,mexc,ACT/USDT:USDT,0.04581,594,0.0458,3408,0.04582,2503,0.04583,5055
1753592091213,04:54:51.213,mexc,ACT/USDT:USDT,0.04581,452,0.0458,3811,0.04582,2514,0.04583,4680
1753592091498,04:54:51.498,mexc,ACT/USDT:USDT,0.04581,452,0.0458,5341,0.04582,2514,0.04583,5462
1753592091898,04:54:51.898,mexc,ACT/USDT:USDT,0.04581,452,0.0458,5341,0.04582,2514,0.04583,4680
1753592091994,04:54:51.994,mexc,ACT/USDT:USDT,0.04581,452,0.0458,5045,0.04582,2514,0.04583,4680
1753592092398,04:54:52.398,mexc,ACT/USDT:USDT,0.04581,452,0.0458,3811,0.04582,2514,0.04583,4680
1753592092499,04:54:52.499,mexc,ACT/USDT:USDT,0.04581,452,0.0458,3811,0.04582,2514,0.04583,4680
1753592092898,04:54:52.898,mexc,ACT/USDT:USDT,0.04581,452,0.0458,3811,0.04582,2514,0.04583,4680
1753592092999,04:54:52.999,mexc,ACT/USDT:USDT,0.04581,452,0.0458,6589,0.04582,2514,0.04583,4680
1753592093398,04:54:53.398,mexc,ACT/USDT:USDT,0.04581,452,0.0458,5339,0.04582,2514,0.04583,4680
1753592093497,04:54:53.497,mexc,ACT/USDT:USDT,0.04581,452,0.0458,4554,0.04582,2514,0.04583,4680
1753592093899,04:54:53.899,mexc,ACT/USDT:USDT,0.04581,452,0.0458,3811,0.04582,2514,0.04583,4680
1753592093999,04:54:53.999,mexc,ACT/USDT:USDT,0.04581,452,0.0458,5417,0.04582,2514,0.04583,6767
1753592094401,04:54:54.401,mexc,ACT/USDT:USDT,0.04581,452,0.0458,3811,0.04582,2514,0.04583,6767
1753592094500,04:54:54.500,mexc,ACT/USDT:USDT,0.04581,452,0.0458,4610,0.04582,2514,0.04583,6833
1753592094899,04:54:54.899,mexc,ACT/USDT:USDT,0.04581,452,0.0458,4610,0.04582,2514,0.04583,6833
1753592094997,04:54:54.997,mexc,ACT/USDT:USDT,0.04581,452,0.0458,5023,0.04582,2514,0.04583,4680
1753592095329,04:54:55.329,mexc,ACT/USDT:USDT,0.04581,452,0.0458,5023,0.04582,2514,0.04583,4680
1753592095501,04:54:55.501,mexc,ACT/USDT:USDT,0.04581,452,0.0458,4473,0.04582,2514,0.04583,4680
1753592095899,04:54:55.899,mexc,ACT/USDT:USDT,0.04581,452,0.0458,4473,0.04582,2514,0.04583,4680
1753592095997,04:54:55.997,mexc,ACT/USDT:USDT,0.04581,452,0.0458,5436,0.04582,2514,0.04583,4680
1753592096399,04:54:56.399,mexc,ACT/USDT:USDT,0.04581,452,0.0458,5436,0.04582,2514,0.04583,4680
1753592096499,04:54:56.499,mexc,ACT/USDT:USDT,0.04581,452,0.0458,5071,0.04582,2514,0.04583,4680
1753592096901,04:54:56.901,mexc,ACT/USDT:USDT,0.04581,452,0.0458,5071,0.04582,2514,0.04583,4680
1753592097003,04:54:57.003,mexc,ACT/USDT:USDT,0.04581,452,0.0458,3811,0.04582,2514,0.04583,4680
1753592097218,04:54:57.218,mexc,ACT/USDT:USDT,0.04581,503,0.0458,3659,0.04582,1824,0.04583,4294
1753592097503,04:54:57.503,mexc,ACT/USDT:USDT,0.04581,503,0.0458,3659,0.04582,1824,0.04583,6024
1753592097906,04:54:57.906,mexc,ACT/USDT:USDT,0.04581,503,0.0458,3659,0.04582,1824,0.04583,4294
1753592098005,04:54:58.005,mexc,ACT/USDT:USDT,0.04581,503,0.0458,4880,0.04582,1824,0.04583,4294
1753592098406,04:54:58.406,mexc,ACT/USDT:USDT,0.04581,503,0.0458,4880,0.04582,1824,0.04583,4294
1753592098505,04:54:58.505,mexc,ACT/USDT:USDT,0.04581,503,0.0458,3659,0.04582,1824,0.04583,4294
1753592098903,04:54:58.903,mexc,ACT/USDT:USDT,0.04581,503,0.0458,3659,0.04582,1824,0.04583,4294
1753592099004,04:54:59.004,mexc,ACT/USDT:USDT,0.04581,503,0.0458,4452,0.04582,1824,0.04583,4294
1753592099403,04:54:59.403,mexc,ACT/USDT:USDT,0.04581,503,0.0458,3659,0.04582,1824,0.04583,4294
1753592099504,04:54:59.504,mexc,ACT/USDT:USDT,0.04581,503,0.0458,3659,0.04582,1824,0.04583,4294
1753592099902,04:54:59.902,mexc,ACT/USDT:USDT,0.04581,503,0.0458,3659,0.04582,1824,0.04583,4294
1753592100004,04:55:00.004,mexc,ACT/USDT:USDT,0.04581,503,0.0458,5419,0.04582,1824,0.04583,4294
1753592100402,04:55:00.402,mexc,ACT/USDT:USDT,0.04581,503,0.0458,5419,0.04582,1824,0.04583,4294
1753592100505,04:55:00.505,mexc,ACT/USDT:USDT,0.04581,503,0.0458,4687,0.04582,1824,0.04583,5876
1753592100903,04:55:00.903,mexc,ACT/USDT:USDT,0.04581,503,0.0458,4687,0.04582,1824,0.04583,5876
1753592101004,04:55:01.004,mexc,ACT/USDT:USDT,0.04581,503,0.0458,3659,0.04582,1824,0.04583,4294
1753592101403,04:55:01.403,mexc,ACT/USDT:USDT,0.04581,503,0.0458,3659,0.04582,1824,0.04583,4294
1753592101506,04:55:01.506,mexc,ACT/USDT:USDT,0.04581,503,0.0458,4982,0.04582,1824,0.04583,4294
1753592101905,04:55:01.905,mexc,ACT/USDT:USDT,0.04581,503,0.0458,4982,0.04582,1824,0.04583,4294
1753592102077,04:55:02.077,mexc,ACT/USDT:USDT,0.04581,503,0.0458,4832,0.04582,1824,0.04583,6133
1753592102405,04:55:02.405,mexc,ACT/USDT:USDT,0.04581,503,0.0458,4832,0.04582,1824,0.04583,6133
1753592102506,04:55:02.506,mexc,ACT/USDT:USDT,0.04581,503,0.0458,4555,0.04582,1824,0.04583,6264
1753592102905,04:55:02.905,mexc,ACT/USDT:USDT,0.04581,503,0.0458,4555,0.04582,1824,0.04583,6264
1753592103005,04:55:03.005,mexc,ACT/USDT:USDT,0.04581,503,0.0458,5409,0.04582,1824,0.04583,4294
1753592103217,04:55:03.217,mexc,ACT/USDT:USDT,0.04582,251,0.04581,3340,0.04583,1683,0.04584,5191
1753592103505,04:55:03.505,mexc,ACT/USDT:USDT,0.04582,251,0.04581,3340,0.04583,1683,0.04584,9771
1753592103905,04:55:03.905,mexc,ACT/USDT:USDT,0.04582,251,0.04581,3340,0.04583,1683,0.04584,9771
1753592104007,04:55:04.007,mexc,ACT/USDT:USDT,0.04582,251,0.04581,3340,0.04583,1683,0.04584,8708
1753592104409,04:55:04.409,mexc,ACT/USDT:USDT,0.04582,251,0.04581,3340,0.04583,1683,0.04584,8708
1753592104508,04:55:04.508,mexc,ACT/USDT:USDT,0.04582,251,0.04581,3340,0.04583,1683,0.04584,5191
1753592104906,04:55:04.906,mexc,ACT/USDT:USDT,0.04582,251,0.04581,3340,0.04583,1683,0.04584,5191
1753592105004,04:55:05.004,mexc,ACT/USDT:USDT,0.04582,251,0.04581,5053,0.04583,1683,0.04584,9074
1753592105407,04:55:05.407,mexc,ACT/USDT:USDT,0.04582,251,0.04581,4427,0.04583,1683,0.04584,9074
1753592105512,04:55:05.512,mexc,ACT/USDT:USDT,0.04582,251,0.04581,3340,0.04583,1683,0.04584,6495
1753592105905,04:55:05.905,mexc,ACT/USDT:USDT,0.04582,251,0.04581,3340,0.04583,1683,0.04584,6495
1753592106006,04:55:06.006,mexc,ACT/USDT:USDT,0.04582,251,0.04581,3340,0.04583,1683,0.04584,5191
1753592106407,04:55:06.407,mexc,ACT/USDT:USDT,0.04582,251,0.04581,3340,0.04583,1683,0.04584,5191
1753592106508,04:55:06.508,mexc,ACT/USDT:USDT,0.04582,251,0.04581,3800,0.04583,1683,0.04584,6091
1753592106909,04:55:06.909,mexc,ACT/USDT:USDT,0.04582,251,0.04581,3800,0.04583,1683,0.04584,6091
1753592107006,04:55:07.006,mexc,ACT/USDT:USDT,0.04582,251,0.04581,4586,0.04583,1683,0.04584,5929
1753592107410,04:55:07.410,mexc,ACT/USDT:USDT,0.04582,251,0.04581,3755,0.04583,1683,0.04584,5929
1753592107508,04:55:07.508,mexc,ACT/USDT:USDT,0.04582,251,0.04581,3340,0.04583,1683,0.04584,5952
1753592107908,04:55:07.908,mexc,ACT/USDT:USDT,0.04582,251,0.04581,3340,0.04583,1683,0.04584,5952
1753592108081,04:55:08.081,mexc,ACT/USDT:USDT,0.04582,251,0.04581,3340,0.04583,1683,0.04584,6398
1753592108409,04:55:08.409,mexc,ACT/USDT:USDT,0.04582,251,0.04581,3340,0.04583,1683,0.04584,6398
1753592108508,04:55:08.508,mexc,ACT/USDT:USDT,0.04582,251,0.04581,4146,0.04583,1683,0.04584,5191
1753592108909,04:55:08.909,mexc,ACT/USDT:USDT,0.04582,251,0.04581,4146,0.04583,1683,0.04584,5191
1753592109007,04:55:09.007,mexc,ACT/USDT:USDT,0.04582,251,0.04581,3340,0.04583,1683,0.04584,5191
1753592109220,04:55:09.220,mexc,ACT/USDT:USDT,0.04583,3120,0.04582,5436,0.04584,123,0.04585,3565
1753592109510,04:55:09.510,mexc,ACT/USDT:USDT,0.04583,3120,0.04582,5436,0.04584,123,0.04585,3565
1753592109911,04:55:09.911,mexc,ACT/USDT:USDT,0.04583,3120,0.04582,5436,0.04584,123,0.04585,3565
1753592110007,04:55:10.007,mexc,ACT/USDT:USDT,0.04583,3120,0.04582,7687,0.04584,123,0.04585,3565
1753592110411,04:55:10.411,mexc,ACT/USDT:USDT,0.04583,3120,0.04582,7687,0.04584,123,0.04585,3565
1753592110514,04:55:10.514,mexc,ACT/USDT:USDT,0.04583,3120,0.04582,5436,0.04584,123,0.04585,3565
1753592110912,04:55:10.912,mexc,ACT/USDT:USDT,0.04583,3120,0.04582,5436,0.04584,123,0.04585,3565
1753592111011,04:55:11.011,mexc,ACT/USDT:USDT,0.04583,3120,0.04582,5436,0.04584,123,0.04585,5119
1753592111411,04:55:11.411,mexc,ACT/USDT:USDT,0.04583,3120,0.04582,5436,0.04584,123,0.04585,3565
1753592111511,04:55:11.511,mexc,ACT/USDT:USDT,0.04583,3120,0.04582,5436,0.04584,123,0.04585,5051
1753592111912,04:55:11.912,mexc,ACT/USDT:USDT,0.04583,3120,0.04582,5436,0.04584,123,0.04585,5051
1753592112009,04:55:12.009,mexc,ACT/USDT:USDT,0.04583,3120,0.04582,5436,0.04584,123,0.04585,3565
1753592112413,04:55:12.413,mexc,ACT/USDT:USDT,0.04583,3120,0.04582,5436,0.04584,123,0.04585,3565
1753592112512,04:55:12.512,mexc,ACT/USDT:USDT,0.04583,3120,0.04582,9101,0.04584,123,0.04585,5325
1753592112912,04:55:12.912,mexc,ACT/USDT:USDT,0.04583,3120,0.04582,9101,0.04584,123,0.04585,5325
1753592113010,04:55:13.010,mexc,ACT/USDT:USDT,0.04583,3120,0.04582,6222,0.04584,123,0.04585,4563
1753592113413,04:55:13.413,mexc,ACT/USDT:USDT,0.04583,3120,0.04582,6222,0.04584,123,0.04585,4563
1753592113510,04:55:13.510,mexc,ACT/USDT:USDT,0.04583,3120,0.04582,5436,0.04584,123,0.04585,3565
1753592113912,04:55:13.912,mexc,ACT/USDT:USDT,0.04583,3120,0.04582,5436,0.04584,123,0.04585,3565
1753592114082,04:55:14.082,mexc,ACT/USDT:USDT,0.04583,3120,0.04582,5436,0.04584,123,0.04585,4673
1753592114413,04:55:14.413,mexc,ACT/USDT:USDT,0.04583,3120,0.04582,5436,0.04584,123,0.04585,3565
1753592114513,04:55:14.513,mexc,ACT/USDT:USDT,0.04583,3120,0.04582,6380,0.04584,123,0.04585,3565
1753592114913,04:55:14.913,mexc,ACT/USDT:USDT,0.04583,3120,0.04582,5436,0.04584,123,0.04585,3565
1753592115013,04:55:15.013,mexc,ACT/USDT:USDT,0.04583,3120,0.04582,5436,0.04584,123,0.04585,4369
1753592115222,04:55:15.222,mexc,ACT/USDT:USDT,0.04583,458,0.04582,5989,0.04584,1826,0.04585,4997
1753592115520,04:55:15.520,mexc,ACT/USDT:USDT,0.04583,458,0.04582,5989,0.04584,1826,0.04585,7430
1753592115916,04:55:15.916,mexc,ACT/USDT:USDT,0.04583,458,0.04582,5989,0.04584,1826,0.04585,4997
1753592116016,04:55:16.016,mexc,ACT/USDT:USDT,0.04583,458,0.04582,5989,0.04584,1826,0.04585,6961
1753592116416,04:55:16.416,mexc,ACT/USDT:USDT,0.04583,458,0.04582,5989,0.04584,1826,0.04585,6961
1753592116518,04:55:16.518,mexc,ACT/USDT:USDT,0.04583,458,0.04582,8099,0.04584,1826,0.04585,6129
1753592116919,04:55:16.919,mexc,ACT/USDT:USDT,0.04583,458,0.04582,8099,0.04584,1826,0.04585,4997
1753592117014,04:55:17.014,mexc,ACT/USDT:USDT,0.04583,458,0.04582,8930,0.04584,1826,0.04585,4997
1753592117415,04:55:17.415,mexc,ACT/USDT:USDT,0.04583,458,0.04582,8930,0.04584,1826,0.04585,4997
1753592117526,04:55:17.526,mexc,ACT/USDT:USDT,0.04583,458,0.04582,5989,0.04584,1826,0.04585,4997
1753592117916,04:55:17.916,mexc,ACT/USDT:USDT,0.04583,458,0.04582,5989,0.04584,1826,0.04585,4997
1753592118015,04:55:18.015,mexc,ACT/USDT:USDT,0.04583,458,0.04582,6640,0.04584,1826,0.04585,7037
1753592118416,04:55:18.416,mexc,ACT/USDT:USDT,0.04583,458,0.04582,6640,0.04584,1826,0.04585,7037
1753592118517,04:55:18.517,mexc,ACT/USDT:USDT,0.04583,458,0.04582,5989,0.04584,1826,0.04585,4997
1753592118919,04:55:18.919,mexc,ACT/USDT:USDT,0.04583,458,0.04582,5989,0.04584,1826,0.04585,4997
1753592119082,04:55:19.082,mexc,ACT/USDT:USDT,0.04583,458,0.04582,5989,0.04584,1826,0.04585,4997
1753592119484,04:55:19.484,mexc,ACT/USDT:USDT,0.04583,458,0.04582,5989,0.04584,1826,0.04585,4997
1753592119582,04:55:19.582,mexc,ACT/USDT:USDT,0.04583,458,0.04582,7734,0.04584,1826,0.04585,7388
1753592119983,04:55:19.983,mexc,ACT/USDT:USDT,0.04583,458,0.04582,7734,0.04584,1826,0.04585,7388
1753592120088,04:55:20.088,mexc,ACT/USDT:USDT,0.04583,458,0.04582,5989,0.04584,1826,0.04585,4997
1753592120485,04:55:20.485,mexc,ACT/USDT:USDT,0.04583,458,0.04582,5989,0.04584,1826,0.04585,4997
1753592120584,04:55:20.584,mexc,ACT/USDT:USDT,0.04583,458,0.04582,5989,0.04584,1826,0.04585,4997
1753592120985,04:55:20.985,mexc,ACT/USDT:USDT,0.04583,458,0.04582,5989,0.04584,1826,0.04585,4997
1753592121085,04:55:21.085,mexc,ACT/USDT:USDT,0.04583,458,0.04582,5989,0.04584,1826,0.04585,4997
1753592121285,04:55:21.285,mexc,ACT/USDT:USDT,0.04583,528,0.04582,5585,0.04584,1981,0.04585,5436
1753592121583,04:55:21.583,mexc,ACT/USDT:USDT,0.04583,528,0.04582,5585,0.04584,1981,0.04585,5436
1753592121985,04:55:21.985,mexc,ACT/USDT:USDT,0.04583,528,0.04582,5585,0.04584,1981,0.04585,5436
1753592122085,04:55:22.085,mexc,ACT/USDT:USDT,0.04583,528,0.04582,7289,0.04584,1981,0.04585,7849
1753592122487,04:55:22.487,mexc,ACT/USDT:USDT,0.04583,528,0.04582,7289,0.04584,1981,0.04585,7849
1753592122585,04:55:22.585,mexc,ACT/USDT:USDT,0.04583,528,0.04582,5585,0.04584,1981,0.04585,5436
1753592122986,04:55:22.986,mexc,ACT/USDT:USDT,0.04583,528,0.04582,5585,0.04584,1981,0.04585,5436
1753592123087,04:55:23.087,mexc,ACT/USDT:USDT,0.04583,528,0.04582,8549,0.04584,1981,0.04585,5436
1753592123486,04:55:23.486,mexc,ACT/USDT:USDT,0.04583,528,0.04582,8549,0.04584,1981,0.04585,5436
1753592123584,04:55:23.584,mexc,ACT/USDT:USDT,0.04583,528,0.04582,7779,0.04584,1981,0.04585,6211
1753592123984,04:55:23.984,mexc,ACT/USDT:USDT,0.04583,528,0.04582,7779,0.04584,1981,0.04585,6211
1753592124085,04:55:24.085,mexc,ACT/USDT:USDT,0.04583,528,0.04582,6301,0.04584,1981,0.04585,6310
1753592124488,04:55:24.488,mexc,ACT/USDT:USDT,0.04583,528,0.04582,6301,0.04584,1981,0.04585,5436
1753592124585,04:55:24.585,mexc,ACT/USDT:USDT,0.04583,528,0.04582,6314,0.04584,1981,0.04585,5436
1753592124986,04:55:24.986,mexc,ACT/USDT:USDT,0.04583,528,0.04582,6314,0.04584,1981,0.04585,5436
1753592125086,04:55:25.086,mexc,ACT/USDT:USDT,0.04583,528,0.04582,7134,0.04584,1981,0.04585,5436
1753592125487,04:55:25.487,mexc,ACT/USDT:USDT,0.04583,528,0.04582,5585,0.04584,1981,0.04585,5436
1753592125586,04:55:25.586,mexc,ACT/USDT:USDT,0.04583,528,0.04582,5585,0.04584,1981,0.04585,6056
1753592125986,04:55:25.986,mexc,ACT/USDT:USDT,0.04583,528,0.04582,5585,0.04584,1981,0.04585,5436
1753592126091,04:55:26.091,mexc,ACT/USDT:USDT,0.04583,528,0.04582,5585,0.04584,1981,0.04585,5436
1753592126488,04:55:26.488,mexc,ACT/USDT:USDT,0.04583,528,0.04582,5585,0.04584,1981,0.04585,5436
1753592126587,04:55:26.587,mexc,ACT/USDT:USDT,0.04583,528,0.04582,5585,0.04584,1981,0.04585,5436
1753592126988,04:55:26.988,mexc,ACT/USDT:USDT,0.04583,528,0.04582,5585,0.04584,1981,0.04585,5436
1753592127093,04:55:27.093,mexc,ACT/USDT:USDT,0.04583,528,0.04582,7883,0.04584,1981,0.04585,7353
1753592127225,04:55:27.225,mexc,ACT/USDT:USDT,0.04582,1729,0.04581,7698,0.04583,2613,0.04584,2986
1753592127588,04:55:27.588,mexc,ACT/USDT:USDT,0.04582,1729,0.04581,7698,0.04583,2613,0.04584,2986
1753592127989,04:55:27.989,mexc,ACT/USDT:USDT,0.04582,1729,0.04581,7698,0.04583,2613,0.04584,2986
1753592128088,04:55:28.088,mexc,ACT/USDT:USDT,0.04582,1729,0.04581,7698,0.04583,2613,0.04584,2986
1753592128488,04:55:28.488,mexc,ACT/USDT:USDT,0.04582,1729,0.04581,7698,0.04583,2613,0.04584,2986
1753592128588,04:55:28.588,mexc,ACT/USDT:USDT,0.04582,1729,0.04581,7698,0.04583,2613,0.04584,2986
1753592128989,04:55:28.989,mexc,ACT/USDT:USDT,0.04582,1729,0.04581,7698,0.04583,2613,0.04584,2986
1753592129090,04:55:29.090,mexc,ACT/USDT:USDT,0.04582,1729,0.04581,7698,0.04583,2613,0.04584,2986
1753592129493,04:55:29.493,mexc,ACT/USDT:USDT,0.04582,1729,0.04581,7698,0.04583,2613,0.04584,2986
1753592129590,04:55:29.590,mexc,ACT/USDT:USDT,0.04582,1729,0.04581,7698,0.04583,2613,0.04584,2986
1753592129990,04:55:29.990,mexc,ACT/USDT:USDT,0.04582,1729,0.04581,7698,0.04583,2613,0.04584,2986
1753592130088,04:55:30.088,mexc,ACT/USDT:USDT,0.04582,1729,0.04581,7698,0.04583,2613,0.04584,2986
1753592130492,04:55:30.492,mexc,ACT/USDT:USDT,0.04582,1729,0.04581,7698,0.04583,2613,0.04584,2986
1753592130590,04:55:30.590,mexc,ACT/USDT:USDT,0.04582,1729,0.04581,7698,0.04583,2613,0.04584,3885
1753592130992,04:55:30.992,mexc,ACT/USDT:USDT,0.04582,1729,0.04581,7698,0.04583,2613,0.04584,3885
1753592131089,04:55:31.089,mexc,ACT/USDT:USDT,0.04582,1729,0.04581,8892,0.04583,2613,0.04584,2986
1753592131492,04:55:31.492,mexc,ACT/USDT:USDT,0.04582,1729,0.04581,8892,0.04583,2613,0.04584,2986
1753592131591,04:55:31.591,mexc,ACT/USDT:USDT,0.04582,1729,0.04581,8636,0.04583,2613,0.04584,2986
1753592131994,04:55:31.994,mexc,ACT/USDT:USDT,0.04582,1729,0.04581,8636,0.04583,2613,0.04584,2986
1753592132095,04:55:32.095,mexc,ACT/USDT:USDT,0.04582,1729,0.04581,7698,0.04583,2613,0.04584,2986
1753592132492,04:55:32.492,mexc,ACT/USDT:USDT,0.04582,1729,0.04581,7698,0.04583,2613,0.04584,2986
1753592132590,04:55:32.590,mexc,ACT/USDT:USDT,0.04582,1729,0.04581,10698,0.04583,2613,0.04584,3539
1753592132990,04:55:32.990,mexc,ACT/USDT:USDT,0.04582,1729,0.04581,10698,0.04583,2613,0.04584,3539
1753592133096,04:55:33.096,mexc,ACT/USDT:USDT,0.04582,1729,0.04581,9886,0.04583,2613,0.04584,2986
1753592133228,04:55:33.228,mexc,ACT/USDT:USDT,0.04582,2115,0.04581,8910,0.04583,2866,0.04584,2900
1753592133590,04:55:33.590,mexc,ACT/USDT:USDT,0.04582,2115,0.04581,8910,0.04583,2866,0.04584,3703
1753592133993,04:55:33.993,mexc,ACT/USDT:USDT,0.04582,2115,0.04581,8910,0.04583,2866,0.04584,3703
1753592134090,04:55:34.090,mexc,ACT/USDT:USDT,0.04582,2115,0.04581,13228,0.04583,2866,0.04584,2900
1753592134492,04:55:34.492,mexc,ACT/USDT:USDT,0.04582,2115,0.04581,13228,0.04583,2866,0.04584,2900
1753592134593,04:55:34.593,mexc,ACT/USDT:USDT,0.04582,2115,0.04581,8910,0.04583,2866,0.04584,5160
1753592134994,04:55:34.994,mexc,ACT/USDT:USDT,0.04582,2115,0.04581,8910,0.04583,2866,0.04584,4057
1753592135092,04:55:35.092,mexc,ACT/USDT:USDT,0.04582,2115,0.04581,8910,0.04583,2866,0.04584,4233
1753592135494,04:55:35.494,mexc,ACT/USDT:USDT,0.04582,2115,0.04581,8910,0.04583,2866,0.04584,2900
1753592135592,04:55:35.592,mexc,ACT/USDT:USDT,0.04582,2115,0.04581,13162,0.04583,2866,0.04584,2900
1753592135993,04:55:35.993,mexc,ACT/USDT:USDT,0.04582,2115,0.04581,13162,0.04583,2866,0.04584,2900
1753592136093,04:55:36.093,mexc,ACT/USDT:USDT,0.04582,2115,0.04581,8910,0.04583,2866,0.04584,4332
1753592136494,04:55:36.494,mexc,ACT/USDT:USDT,0.04582,2115,0.04581,8910,0.04583,2866,0.04584,4332
1753592136594,04:55:36.594,mexc,ACT/USDT:USDT,0.04582,2115,0.04581,9991,0.04583,2866,0.04584,2900
1753592136994,04:55:36.994,mexc,ACT/USDT:USDT,0.04582,2115,0.04581,9991,0.04583,2866,0.04584,2900
1753592137096,04:55:37.096,mexc,ACT/USDT:USDT,0.04582,2115,0.04581,8910,0.04583,2866,0.04584,2900
1753592137494,04:55:37.494,mexc,ACT/USDT:USDT,0.04582,2115,0.04581,8910,0.04583,2866,0.04584,2900
1753592137593,04:55:37.593,mexc,ACT/USDT:USDT,0.04582,2115,0.04581,11393,0.04583,2866,0.04584,2900
1753592137996,04:55:37.996,mexc,ACT/USDT:USDT,0.04582,2115,0.04581,11393,0.04583,2866,0.04584,2900
1753592138096,04:55:38.096,mexc,ACT/USDT:USDT,0.04582,2115,0.04581,13330,0.04583,2866,0.04584,3247
1753592138494,04:55:38.494,mexc,ACT/USDT:USDT,0.04582,2115,0.04581,13330,0.04583,2866,0.04584,3247
1753592138619,04:55:38.619,mexc,ACT/USDT:USDT,0.04582,2115,0.04581,13211,0.04583,2866,0.04584,4415
1753592138996,04:55:38.996,mexc,ACT/USDT:USDT,0.04582,2115,0.04581,8910,0.04583,2866,0.04584,4415
1753592139100,04:55:39.100,mexc,ACT/USDT:USDT,0.04582,2115,0.04581,11191,0.04583,2866,0.04584,2900
1753592139229,04:55:39.229,mexc,ACT/USDT:USDT,0.04582,2172,0.04581,7736,0.04583,3348,0.04584,3401
1753592139595,04:55:39.595,mexc,ACT/USDT:USDT,0.04582,2172,0.04581,9102,0.04583,3348,0.04584,3401
1753592139996,04:55:39.996,mexc,ACT/USDT:USDT,0.04582,2172,0.04581,9102,0.04583,3348,0.04584,3401
1753592140093,04:55:40.093,mexc,ACT/USDT:USDT,0.04582,2172,0.04581,7736,0.04583,3348,0.04584,4899
1753592140496,04:55:40.496,mexc,ACT/USDT:USDT,0.04582,2172,0.04581,7736,0.04583,3348,0.04584,4899
1753592140596,04:55:40.596,mexc,ACT/USDT:USDT,0.04582,2172,0.04581,7736,0.04583,3348,0.04584,3401
1753592140998,04:55:40.998,mexc,ACT/USDT:USDT,0.04582,2172,0.04581,7736,0.04583,3348,0.04584,3401
1753592141114,04:55:41.114,mexc,ACT/USDT:USDT,0.04582,2172,0.04581,8649,0.04583,3348,0.04584,6061
1753592141499,04:55:41.499,mexc,ACT/USDT:USDT,0.04582,2172,0.04581,8649,0.04583,3348,0.04584,4578
1753592141598,04:55:41.598,mexc,ACT/USDT:USDT,0.04582,2172,0.04581,7736,0.04583,3348,0.04584,3401
1753592142000,04:55:42.000,mexc,ACT/USDT:USDT,0.04582,2172,0.04581,7736,0.04583,3348,0.04584,3401
1753592142101,04:55:42.101,mexc,ACT/USDT:USDT,0.04582,2172,0.04581,7736,0.04583,3348,0.04584,4878
1753592142505,04:55:42.505,mexc,ACT/USDT:USDT,0.04582,2172,0.04581,7736,0.04583,3348,0.04584,4878
1753592142598,04:55:42.598,mexc,ACT/USDT:USDT,0.04582,2172,0.04581,7736,0.04583,3348,0.04584,5015
1753592143004,04:55:43.004,mexc,ACT/USDT:USDT,0.04582,2172,0.04581,7736,0.04583,3348,0.04584,5015
1753592143101,04:55:43.101,mexc,ACT/USDT:USDT,0.04582,2172,0.04581,9931,0.04583,3348,0.04584,3401
1753592143500,04:55:43.500,mexc,ACT/USDT:USDT,0.04582,2172,0.04581,9931,0.04583,3348,0.04584,3401
1753592143599,04:55:43.599,mexc,ACT/USDT:USDT,0.04582,2172,0.04581,7736,0.04583,3348,0.04584,3401
1753592144001,04:55:44.001,mexc,ACT/USDT:USDT,0.04582,2172,0.04581,7736,0.04583,3348,0.04584,3401
1753592144101,04:55:44.101,mexc,ACT/USDT:USDT,0.04582,2172,0.04581,9256,0.04583,3348,0.04584,4996
1753592144501,04:55:44.501,mexc,ACT/USDT:USDT,0.04582,2172,0.04581,9256,0.04583,3348,0.04584,4996
1753592144600,04:55:44.600,mexc,ACT/USDT:USDT,0.04582,2172,0.04581,9148,0.04583,3348,0.04584,4058
1753592145002,04:55:45.002,mexc,ACT/USDT:USDT,0.04582,2172,0.04581,9148,0.04583,3348,0.04584,3401
1753592145103,04:55:45.103,mexc,ACT/USDT:USDT,0.04582,2172,0.04581,7736,0.04583,3348,0.04584,3401
1753592145232,04:55:45.232,mexc,ACT/USDT:USDT,0.04582,1989,0.04581,3559,0.04583,2761,0.04584,4313
1753592145600,04:55:45.600,mexc,ACT/USDT:USDT,0.04582,1989,0.04581,3559,0.04583,2761,0.04584,6318
1753592146002,04:55:46.002,mexc,ACT/USDT:USDT,0.04582,1989,0.04581,3559,0.04583,2761,0.04584,4313
1753592146101,04:55:46.101,mexc,ACT/USDT:USDT,0.04582,1989,0.04581,3559,0.04583,2761,0.04584,4313
1753592146503,04:55:46.503,mexc,ACT/USDT:USDT,0.04582,1989,0.04581,3559,0.04583,2761,0.04584,4313
1753592146599,04:55:46.599,mexc,ACT/USDT:USDT,0.04582,1989,0.04581,3559,0.04583,2761,0.04584,4313
1753592147005,04:55:47.005,mexc,ACT/USDT:USDT,0.04582,1989,0.04581,3559,0.04583,2761,0.04584,4313
1753592147104,04:55:47.104,mexc,ACT/USDT:USDT,0.04582,1989,0.04581,3559,0.04583,2761,0.04584,4313
1753592147503,04:55:47.503,mexc,ACT/USDT:USDT,0.04582,1989,0.04581,3559,0.04583,2761,0.04584,4313
1753592147600,04:55:47.600,mexc,ACT/USDT:USDT,0.04582,1989,0.04581,5233,0.04583,2761,0.04584,4313
1753592148002,04:55:48.002,mexc,ACT/USDT:USDT,0.04582,1989,0.04581,3559,0.04583,2761,0.04584,4313
1753592148102,04:55:48.102,mexc,ACT/USDT:USDT,0.04582,1989,0.04581,3559,0.04583,2761,0.04584,6118
1753592148502,04:55:48.502,mexc,ACT/USDT:USDT,0.04582,1989,0.04581,3559,0.04583,2761,0.04584,4313
1753592148602,04:55:48.602,mexc,ACT/USDT:USDT,0.04582,1989,0.04581,5244,0.04583,2761,0.04584,6122
1753592149002,04:55:49.002,mexc,ACT/USDT:USDT,0.04582,1989,0.04581,5244,0.04583,2761,0.04584,6122
1753592149176,04:55:49.176,mexc,ACT/USDT:USDT,0.04582,1989,0.04581,4348,0.04583,2761,0.04584,5259
1753592149508,04:55:49.508,mexc,ACT/USDT:USDT,0.04582,1989,0.04581,4348,0.04583,2761,0.04584,4313
1753592149603,04:55:49.603,mexc,ACT/USDT:USDT,0.04582,1989,0.04581,3559,0.04583,2761,0.04584,4313
1753592150004,04:55:50.004,mexc,ACT/USDT:USDT,0.04582,1989,0.04581,3559,0.04583,2761,0.04584,4313
1753592150100,04:55:50.100,mexc,ACT/USDT:USDT,0.04582,1989,0.04581,3559,0.04583,2761,0.04584,4313
1753592150502,04:55:50.502,mexc,ACT/USDT:USDT,0.04582,1989,0.04581,3559,0.04583,2761,0.04584,4313
1753592150600,04:55:50.600,mexc,ACT/USDT:USDT,0.04582,1989,0.04581,3559,0.04583,2761,0.04584,4313
1753592151003,04:55:51.003,mexc,ACT/USDT:USDT,0.04582,1989,0.04581,3559,0.04583,2761,0.04584,4313
1753592151102,04:55:51.102,mexc,ACT/USDT:USDT,0.04582,1989,0.04581,4323,0.04583,2761,0.04584,5959
1753592151235,04:55:51.235,mexc,ACT/USDT:USDT,0.04582,2031,0.04581,3981,0.04583,2052,0.04584,4488
1753592151601,04:55:51.601,mexc,ACT/USDT:USDT,0.04582,2031,0.04581,4635,0.04583,2052,0.04584,6666
1753592152005,04:55:52.005,mexc,ACT/USDT:USDT,0.04582,2031,0.04581,4635,0.04583,2052,0.04584,6666
1753592152102,04:55:52.102,mexc,ACT/USDT:USDT,0.04582,2031,0.04581,4754,0.04583,2052,0.04584,4488
1753592152508,04:55:52.508,mexc,ACT/USDT:USDT,0.04582,2031,0.04581,3981,0.04583,2052,0.04584,4488
1753592152603,04:55:52.603,mexc,ACT/USDT:USDT,0.04582,2031,0.04581,3981,0.04583,2052,0.04584,5366
1753592153005,04:55:53.005,mexc,ACT/USDT:USDT,0.04582,2031,0.04581,3981,0.04583,2052,0.04584,5366
1753592153102,04:55:53.102,mexc,ACT/USDT:USDT,0.04582,2031,0.04581,6348,0.04583,2052,0.04584,8799
1753592153507,04:55:53.507,mexc,ACT/USDT:USDT,0.04582,2031,0.04581,6348,0.04583,2052,0.04584,6586
1753592153603,04:55:53.603,mexc,ACT/USDT:USDT,0.04582,2031,0.04581,3981,0.04583,2052,0.04584,4488
1753592154005,04:55:54.005,mexc,ACT/USDT:USDT,0.04582,2031,0.04581,3981,0.04583,2052,0.04584,4488
1753592154102,04:55:54.102,mexc,ACT/USDT:USDT,0.04582,2031,0.04581,5454,0.04583,2052,0.04584,4488
1753592154505,04:55:54.505,mexc,ACT/USDT:USDT,0.04582,2031,0.04581,5454,0.04583,2052,0.04584,4488
1753592154603,04:55:54.603,mexc,ACT/USDT:USDT,0.04582,2031,0.04581,3981,0.04583,2052,0.04584,8654
1753592155005,04:55:55.005,mexc,ACT/USDT:USDT,0.04582,2031,0.04581,3981,0.04583,2052,0.04584,8654
1753592155170,04:55:55.170,mexc,ACT/USDT:USDT,0.04582,2031,0.04581,5795,0.04583,2052,0.04584,8294
1753592155362,04:55:55.362,mexc,ACT/USDT:USDT,0.04582,2031,0.04581,5795,0.04583,2052,0.04584,8294
1753592155607,04:55:55.607,mexc,ACT/USDT:USDT,0.04584,2039,0.04583,5645,0.04586,17361,0.04587,11594
1753592156008,04:55:56.008,mexc,ACT/USDT:USDT,0.04584,2039,0.04583,5645,0.04586,17361,0.04587,11594
1753592156101,04:55:56.101,mexc,ACT/USDT:USDT,0.04584,2039,0.04583,6882,0.04586,17361,0.04587,9666
1753592156506,04:55:56.506,mexc,ACT/USDT:USDT,0.04584,2039,0.04583,6882,0.04586,17361,0.04587,9666
1753592156605,04:55:56.605,mexc,ACT/USDT:USDT,0.04584,2039,0.04583,5645,0.04586,17361,0.04587,13295
1753592157005,04:55:57.005,mexc,ACT/USDT:USDT,0.04584,2039,0.04583,5645,0.04586,17361,0.04587,13295
