timestamp,time,exchange,symbol,bid1_price,bid1_volume,bid2_price,bid2_volume,ask1_price,ask1_volume,ask2_price,ask2_volume
1753591889000,04:51:29.000,gateio,AERO/USDT:USDT,0.8992,20.0,0.8991,219.0,0.9004,219.0,0.9005,603.0
1753591891428,04:51:31.428,gateio,AERO/USDT:USDT,0.8992,20.0,0.8991,219.0,0.9004,219.0,0.9005,603.0
1753591891580,04:51:31.580,gateio,AERO/USDT:USDT,0.8992,20.0,0.8991,219.0,0.9004,219.0,0.9005,603.0
1753591892961,04:51:32.961,gateio,AERO/USDT:USDT,0.8992,20.0,0.8991,219.0,0.9005,603.0,0.9006,50.0
1753591894222,04:51:34.222,gateio,AERO/USDT:USDT,0.8992,20.0,0.8991,219.0,0.9004,274.0,0.9005,603.0
1753591896222,04:51:36.222,gateio,AERO/USDT:USDT,0.8992,20.0,0.8991,219.0,0.9004,274.0,0.9005,603.0
1753591898755,04:51:38.755,gateio,AERO/USDT:USDT,0.8992,20.0,0.8991,219.0,0.9004,493.0,0.9005,603.0
1753591899516,04:51:39.516,gateio,AERO/USDT:USDT,0.8993,274.0,0.8992,20.0,0.9004,274.0,0.9005,603.0
1753591899624,04:51:39.624,gateio,AERO/USDT:USDT,0.8994,20.0,0.8993,274.0,0.9004,274.0,0.9005,603.0
1753591899660,04:51:39.660,gateio,AERO/USDT:USDT,0.8994,20.0,0.8993,274.0,0.9004,274.0,0.9005,603.0
1753591900086,04:51:40.086,gateio,AERO/USDT:USDT,0.8994,20.0,0.8993,274.0,0.9004,274.0,0.9005,603.0
1753591900298,04:51:40.298,gateio,AERO/USDT:USDT,0.8994,20.0,0.8993,274.0,0.9004,274.0,0.9005,603.0
1753591900501,04:51:40.501,gateio,AERO/USDT:USDT,0.8994,20.0,0.8993,274.0,0.9004,274.0,0.9005,603.0
1753591900641,04:51:40.641,gateio,AERO/USDT:USDT,0.8995,274.0,0.8994,20.0,0.9006,50.0,0.9007,847.0
1753591900668,04:51:40.668,gateio,AERO/USDT:USDT,0.8995,274.0,0.8994,20.0,0.9006,50.0,0.9007,847.0
1753591900838,04:51:40.838,gateio,AERO/USDT:USDT,0.8995,274.0,0.8994,20.0,0.9006,50.0,0.9007,847.0
1753591900945,04:51:40.945,gateio,AERO/USDT:USDT,0.8996,20.0,0.8995,274.0,0.9006,50.0,0.9007,847.0
1753591901028,04:51:41.028,gateio,AERO/USDT:USDT,0.8996,20.0,0.8995,274.0,0.9006,50.0,0.9007,847.0
1753591901122,04:51:41.122,gateio,AERO/USDT:USDT,0.8996,20.0,0.8995,274.0,0.9006,380.0,0.9007,847.0
1753591901339,04:51:41.339,gateio,AERO/USDT:USDT,0.8996,20.0,0.8995,274.0,0.9006,380.0,0.9007,847.0
1753591902442,04:51:42.442,gateio,AERO/USDT:USDT,0.8996,20.0,0.8995,274.0,0.9006,380.0,0.9007,847.0
1753591902475,04:51:42.475,gateio,AERO/USDT:USDT,0.8996,20.0,0.8995,274.0,0.9006,380.0,0.9007,847.0
1753591902648,04:51:42.648,gateio,AERO/USDT:USDT,0.8996,20.0,0.8993,274.0,0.9006,380.0,0.9007,847.0
1753591902845,04:51:42.845,gateio,AERO/USDT:USDT,0.8994,20.0,0.8993,274.0,0.9006,380.0,0.9007,847.0
1753591902988,04:51:42.988,gateio,AERO/USDT:USDT,0.8994,20.0,0.8993,274.0,0.9006,380.0,0.9007,847.0
1753591903623,04:51:43.623,gateio,AERO/USDT:USDT,0.8994,20.0,0.8993,274.0,0.9006,380.0,0.9007,847.0
1753591903816,04:51:43.816,gateio,AERO/USDT:USDT,0.8994,20.0,0.8993,274.0,0.9006,380.0,0.9007,847.0
1753591904519,04:51:44.519,gateio,AERO/USDT:USDT,0.8995,219.0,0.8994,20.0,0.9006,380.0,0.9007,847.0
1753591904631,04:51:44.631,gateio,AERO/USDT:USDT,0.8996,20.0,0.8995,219.0,0.9006,380.0,0.9007,847.0
1753591904660,04:51:44.660,gateio,AERO/USDT:USDT,0.8996,20.0,0.8995,219.0,0.9006,380.0,0.9007,847.0
1753591905108,04:51:45.108,gateio,AERO/USDT:USDT,0.8996,20.0,0.8995,219.0,0.9006,380.0,0.9007,847.0
1753591905823,04:51:45.823,gateio,AERO/USDT:USDT,0.8996,20.0,0.8995,219.0,0.9006,380.0,0.9007,847.0
1753591906175,04:51:46.175,gateio,AERO/USDT:USDT,0.8996,20.0,0.8993,274.0,0.9006,380.0,0.9007,847.0
1753591906257,04:51:46.257,gateio,AERO/USDT:USDT,0.8994,20.0,0.8993,274.0,0.9006,380.0,0.9007,847.0
1753591906608,04:51:46.608,gateio,AERO/USDT:USDT,0.8994,20.0,0.8993,274.0,0.9006,380.0,0.9007,847.0
1753591906742,04:51:46.742,gateio,AERO/USDT:USDT,0.8994,20.0,0.8993,274.0,0.9006,380.0,0.9007,847.0
1753591909324,04:51:49.324,gateio,AERO/USDT:USDT,0.8995,219.0,0.8994,20.0,0.9006,380.0,0.9007,847.0
1753591909384,04:51:49.384,gateio,AERO/USDT:USDT,0.8996,20.0,0.8993,274.0,0.9006,380.0,0.9007,847.0
1753591909456,04:51:49.456,gateio,AERO/USDT:USDT,0.8994,20.0,0.8993,274.0,0.9006,380.0,0.9007,847.0
1753591909572,04:51:49.572,gateio,AERO/USDT:USDT,0.8994,20.0,0.8993,274.0,0.9006,380.0,0.9007,847.0
1753591910623,04:51:50.623,gateio,AERO/USDT:USDT,0.8994,20.0,0.8993,274.0,0.9006,380.0,0.9007,847.0
1753591910791,04:51:50.791,gateio,AERO/USDT:USDT,0.8994,20.0,0.8993,274.0,0.9006,380.0,0.9007,847.0
1753591911692,04:51:51.692,gateio,AERO/USDT:USDT,0.8994,20.0,0.8993,274.0,0.9005,276.0,0.9006,380.0
1753591914343,04:51:54.343,gateio,AERO/USDT:USDT,0.8994,20.0,0.8993,274.0,0.9005,276.0,0.9006,380.0
1753591914373,04:51:54.373,gateio,AERO/USDT:USDT,0.8994,20.0,0.8993,274.0,0.9005,276.0,0.9006,380.0
1753591915423,04:51:55.423,gateio,AERO/USDT:USDT,0.8994,20.0,0.8993,274.0,0.9005,276.0,0.9006,380.0
1753591917004,04:51:57.004,gateio,AERO/USDT:USDT,0.8994,20.0,0.8993,274.0,0.9005,276.0,0.9006,380.0
1753591920223,04:52:00.223,gateio,AERO/USDT:USDT,0.8994,20.0,0.8993,274.0,0.9005,276.0,0.9006,380.0
1753591921528,04:52:01.528,gateio,AERO/USDT:USDT,0.8995,279.0,0.8994,20.0,0.9006,380.0,0.9007,276.0
1753591921621,04:52:01.621,gateio,AERO/USDT:USDT,0.8996,20.0,0.8995,279.0,0.9006,380.0,0.9007,276.0
1753591921741,04:52:01.741,gateio,AERO/USDT:USDT,0.8997,279.0,0.8996,20.0,0.9006,380.0,0.9008,412.0
1753591921842,04:52:01.842,gateio,AERO/USDT:USDT,0.8998,20.0,0.8997,279.0,0.9006,380.0,0.9008,219.0
1753591921941,04:52:01.941,gateio,AERO/USDT:USDT,0.8998,20.0,0.8997,279.0,0.9006,380.0,0.9008,219.0
1753591922041,04:52:02.041,gateio,AERO/USDT:USDT,0.8998,20.0,0.8997,279.0,0.9006,380.0,0.9008,219.0
1753591922200,04:52:02.200,gateio,AERO/USDT:USDT,0.8998,20.0,0.8997,279.0,0.9006,380.0,0.9008,219.0
1753591922268,04:52:02.268,gateio,AERO/USDT:USDT,0.8998,20.0,0.8996,219.0,0.9006,380.0,0.9008,219.0
1753591922430,04:52:02.430,gateio,AERO/USDT:USDT,0.8997,20.0,0.8996,219.0,0.9006,380.0,0.9007,279.0
1753591922504,04:52:02.504,gateio,AERO/USDT:USDT,0.8997,20.0,0.8995,279.0,0.9006,380.0,0.9007,279.0
1753591922624,04:52:02.624,gateio,AERO/USDT:USDT,0.8996,20.0,0.8995,279.0,0.9006,380.0,0.9007,279.0
1753591922680,04:52:02.680,gateio,AERO/USDT:USDT,0.8996,20.0,0.8995,279.0,0.9006,380.0,0.9007,279.0
1753591922759,04:52:02.759,gateio,AERO/USDT:USDT,0.8996,20.0,0.8995,279.0,0.9006,380.0,0.9007,279.0
1753591923004,04:52:03.004,gateio,AERO/USDT:USDT,0.8996,20.0,0.8995,279.0,0.9006,380.0,0.9007,279.0
1753591923052,04:52:03.052,gateio,AERO/USDT:USDT,0.8996,20.0,0.8995,279.0,0.9006,380.0,0.9007,279.0
1753591923734,04:52:03.734,gateio,AERO/USDT:USDT,0.8996,20.0,0.8995,279.0,0.9006,380.0,0.9007,279.0
1753591923887,04:52:03.887,gateio,AERO/USDT:USDT,0.8996,20.0,0.8995,279.0,0.9006,380.0,0.9007,279.0
1753591924229,04:52:04.229,gateio,AERO/USDT:USDT,0.8996,20.0,0.8995,279.0,0.9006,380.0,0.9007,279.0
1753591924292,04:52:04.292,gateio,AERO/USDT:USDT,0.8996,20.0,0.8995,279.0,0.9006,380.0,0.9007,279.0
1753591924391,04:52:04.391,gateio,AERO/USDT:USDT,0.8996,239.0,0.8993,274.0,0.9006,380.0,0.9007,279.0
1753591925022,04:52:05.022,gateio,AERO/USDT:USDT,0.8996,239.0,0.8993,274.0,0.9006,380.0,0.9007,279.0
1753591925124,04:52:05.124,gateio,AERO/USDT:USDT,0.8996,239.0,0.8993,274.0,0.9006,380.0,0.9007,279.0
1753591926135,04:52:06.135,gateio,AERO/USDT:USDT,0.8996,239.0,0.8993,274.0,0.9006,380.0,0.9007,279.0
1753591926602,04:52:06.602,gateio,AERO/USDT:USDT,0.8996,20.0,0.8993,274.0,0.9006,380.0,0.9007,279.0
1753591926744,04:52:06.744,gateio,AERO/USDT:USDT,0.8995,279.0,0.8994,20.0,0.9006,380.0,0.9007,279.0
1753591926752,04:52:06.752,gateio,AERO/USDT:USDT,0.8996,20.0,0.8995,279.0,0.9006,380.0,0.9007,279.0
1753591927159,04:52:07.159,gateio,AERO/USDT:USDT,0.8996,20.0,0.8995,279.0,0.9006,380.0,0.9007,279.0
1753591927573,04:52:07.573,gateio,AERO/USDT:USDT,0.8996,20.0,0.8995,279.0,0.9006,380.0,0.9007,279.0
1753591928756,04:52:08.756,gateio,AERO/USDT:USDT,0.8996,20.0,0.8993,274.0,0.9006,380.0,0.9007,279.0
1753591928859,04:52:08.859,gateio,AERO/USDT:USDT,0.8995,219.0,0.8994,20.0,0.9006,380.0,0.9007,279.0
1753591928952,04:52:08.952,gateio,AERO/USDT:USDT,0.8996,20.0,0.8995,219.0,0.9006,380.0,0.9007,279.0
1753591929194,04:52:09.194,gateio,AERO/USDT:USDT,0.8996,20.0,0.8995,219.0,0.9006,380.0,0.9007,279.0
1753591929524,04:52:09.524,gateio,AERO/USDT:USDT,0.8997,279.0,0.8996,20.0,0.9006,380.0,0.9007,279.0
1753591929627,04:52:09.627,gateio,AERO/USDT:USDT,0.8998,20.0,0.8997,279.0,0.9006,380.0,0.9007,279.0
1753591929823,04:52:09.823,gateio,AERO/USDT:USDT,0.8998,20.0,0.8997,279.0,0.9006,380.0,0.9007,279.0
1753591930042,04:52:10.042,gateio,AERO/USDT:USDT,0.8998,20.0,0.8997,279.0,0.9006,380.0,0.9007,279.0
1753591930837,04:52:10.837,gateio,AERO/USDT:USDT,0.8998,20.0,0.8997,279.0,0.9006,380.0,0.9007,279.0
1753591931337,04:52:11.337,gateio,AERO/USDT:USDT,0.8998,20.0,0.8997,279.0,0.9006,380.0,0.9007,279.0
1753591931348,04:52:11.348,gateio,AERO/USDT:USDT,0.8998,20.0,0.8997,279.0,0.9006,380.0,0.9007,279.0
1753591932622,04:52:12.622,gateio,AERO/USDT:USDT,0.8998,20.0,0.8997,279.0,0.9006,380.0,0.9007,279.0
1753591934623,04:52:14.623,gateio,AERO/USDT:USDT,0.8998,20.0,0.8997,279.0,0.9006,380.0,0.9007,279.0
1753591935598,04:52:15.598,gateio,AERO/USDT:USDT,0.8998,20.0,0.8997,279.0,0.9006,380.0,0.9007,279.0
1753591935707,04:52:15.707,gateio,AERO/USDT:USDT,0.8998,20.0,0.8997,279.0,0.9006,380.0,0.9007,279.0
1753591935871,04:52:15.871,gateio,AERO/USDT:USDT,0.8998,20.0,0.8997,279.0,0.9006,380.0,0.9007,279.0
1753591935978,04:52:15.978,gateio,AERO/USDT:USDT,0.8998,20.0,0.8997,279.0,0.9006,380.0,0.9007,279.0
1753591936132,04:52:16.132,gateio,AERO/USDT:USDT,0.8998,20.0,0.8997,279.0,0.9006,380.0,0.9007,279.0
1753591939127,04:52:19.127,gateio,AERO/USDT:USDT,0.8998,20.0,0.8997,279.0,0.9006,380.0,0.9007,279.0
1753591939327,04:52:19.327,gateio,AERO/USDT:USDT,0.8998,20.0,0.8997,279.0,0.9006,380.0,0.9007,279.0
1753591939427,04:52:19.427,gateio,AERO/USDT:USDT,0.8998,20.0,0.8997,279.0,0.9006,380.0,0.9007,279.0
1753591940737,04:52:20.737,gateio,AERO/USDT:USDT,0.8998,20.0,0.8997,279.0,0.9006,380.0,0.9007,279.0
1753591941435,04:52:21.435,gateio,AERO/USDT:USDT,0.8998,20.0,0.8997,279.0,0.9006,380.0,0.9007,279.0
1753591941749,04:52:21.749,gateio,AERO/USDT:USDT,0.8998,20.0,0.8997,279.0,0.9006,380.0,0.9008,279.0
1753591943243,04:52:23.243,gateio,AERO/USDT:USDT,0.8998,20.0,0.8997,279.0,0.9006,50.0,0.9008,279.0
1753591944108,04:52:24.108,gateio,AERO/USDT:USDT,0.8998,20.0,0.8997,279.0,0.9006,50.0,0.9008,279.0
1753591944223,04:52:24.223,gateio,AERO/USDT:USDT,0.8998,20.0,0.8997,279.0,0.9006,50.0,0.9008,279.0
1753591945035,04:52:25.035,gateio,AERO/USDT:USDT,0.8998,20.0,0.8997,279.0,0.9006,50.0,0.9008,279.0
1753591945063,04:52:25.063,gateio,AERO/USDT:USDT,0.8998,20.0,0.8997,279.0,0.9006,50.0,0.9008,279.0
1753591946736,04:52:26.736,gateio,AERO/USDT:USDT,0.8998,20.0,0.8997,279.0,0.9006,50.0,0.9007,338.0
1753591949023,04:52:29.023,gateio,AERO/USDT:USDT,0.8998,20.0,0.8997,279.0,0.9006,50.0,0.9007,338.0
1753591950231,04:52:30.231,gateio,AERO/USDT:USDT,0.8998,20.0,0.8997,279.0,0.9006,50.0,0.9007,338.0
1753591951092,04:52:31.092,gateio,AERO/USDT:USDT,0.8998,20.0,0.8997,279.0,0.9006,50.0,0.9007,338.0
1753591953828,04:52:33.828,gateio,AERO/USDT:USDT,0.8998,20.0,0.8997,279.0,0.9006,50.0,0.9007,338.0
1753591953859,04:52:33.859,gateio,AERO/USDT:USDT,0.8998,20.0,0.8997,279.0,0.9006,50.0,0.9007,338.0
1753591956460,04:52:36.460,gateio,AERO/USDT:USDT,0.8998,20.0,0.8997,279.0,0.9006,50.0,0.9007,338.0
1753591958625,04:52:38.625,gateio,AERO/USDT:USDT,0.8998,20.0,0.8997,279.0,0.9006,50.0,0.9007,338.0
1753591960721,04:52:40.721,gateio,AERO/USDT:USDT,0.8998,20.0,0.8997,279.0,0.9006,50.0,0.9007,338.0
1753591960759,04:52:40.759,gateio,AERO/USDT:USDT,0.8998,20.0,0.8997,279.0,0.9006,50.0,0.9007,338.0
1753591962399,04:52:42.399,gateio,AERO/USDT:USDT,0.8998,20.0,0.8997,279.0,0.9006,50.0,0.9007,338.0
1753591963424,04:52:43.424,gateio,AERO/USDT:USDT,0.8998,20.0,0.8997,279.0,0.9006,50.0,0.9007,338.0
1753591965127,04:52:45.127,gateio,AERO/USDT:USDT,0.8998,20.0,0.8997,279.0,0.9006,50.0,0.9007,338.0
1753591968224,04:52:48.224,gateio,AERO/USDT:USDT,0.8998,20.0,0.8997,279.0,0.9006,50.0,0.9007,338.0
1753591973040,04:52:53.040,gateio,AERO/USDT:USDT,0.8998,20.0,0.8997,279.0,0.9006,50.0,0.9007,338.0
1753591973048,04:52:53.048,gateio,AERO/USDT:USDT,0.8998,20.0,0.8997,279.0,0.9006,50.0,0.9007,338.0
1753591975221,04:52:55.221,gateio,AERO/USDT:USDT,0.8998,20.0,0.8997,279.0,0.9006,50.0,0.9007,338.0
1753591975286,04:52:55.286,gateio,AERO/USDT:USDT,0.8998,20.0,0.8997,279.0,0.9006,50.0,0.9007,338.0
1753591975543,04:52:55.543,gateio,AERO/USDT:USDT,0.8998,20.0,0.8997,279.0,0.9006,50.0,0.9007,338.0
1753591975547,04:52:55.547,gateio,AERO/USDT:USDT,0.8998,20.0,0.8997,279.0,0.9006,50.0,0.9007,338.0
1753591977824,04:52:57.824,gateio,AERO/USDT:USDT,0.8998,20.0,0.8997,279.0,0.9006,50.0,0.9007,338.0
1753591979844,04:52:59.844,gateio,AERO/USDT:USDT,0.8998,20.0,0.8997,279.0,0.9006,50.0,0.9008,279.0
1753591980008,04:53:00.008,gateio,AERO/USDT:USDT,0.8998,20.0,0.8997,279.0,0.9006,50.0,0.9008,279.0
1753591980113,04:53:00.113,gateio,AERO/USDT:USDT,0.8998,20.0,0.8997,279.0,0.9006,50.0,0.9008,279.0
1753591980178,04:53:00.178,gateio,AERO/USDT:USDT,0.8998,20.0,0.8997,279.0,0.9006,50.0,0.9008,279.0
1753591980394,04:53:00.394,gateio,AERO/USDT:USDT,0.8999,273.0,0.8998,20.0,0.9006,50.0,0.9009,1779.0
1753591980642,04:53:00.642,gateio,AERO/USDT:USDT,0.9,20.0,0.8999,273.0,0.9006,50.0,0.9009,1779.0
1753591980704,04:53:00.704,gateio,AERO/USDT:USDT,0.9,20.0,0.8997,279.0,0.9006,50.0,0.9009,1779.0
1753591980844,04:53:00.844,gateio,AERO/USDT:USDT,0.8998,20.0,0.8997,279.0,0.9006,50.0,0.9008,327.0
1753591980985,04:53:00.985,gateio,AERO/USDT:USDT,0.8998,20.0,0.8997,279.0,0.9006,50.0,0.9008,327.0
1753591981407,04:53:01.407,gateio,AERO/USDT:USDT,0.8998,20.0,0.8997,279.0,0.9006,50.0,0.9008,327.0
1753591982624,04:53:02.624,gateio,AERO/USDT:USDT,0.8998,20.0,0.8997,279.0,0.9006,50.0,0.9008,327.0
1753591984456,04:53:04.456,gateio,AERO/USDT:USDT,0.8998,20.0,0.8997,279.0,0.9006,50.0,0.9008,327.0
1753591984670,04:53:04.670,gateio,AERO/USDT:USDT,0.8998,20.0,0.8997,279.0,0.9006,50.0,0.9008,327.0
1753591987008,04:53:07.008,gateio,AERO/USDT:USDT,0.8998,20.0,0.8997,279.0,0.9006,50.0,0.9008,327.0
1753591987062,04:53:07.062,gateio,AERO/USDT:USDT,0.8998,20.0,0.8997,279.0,0.9006,50.0,0.9008,327.0
1753591987940,04:53:07.940,gateio,AERO/USDT:USDT,0.8998,20.0,0.8997,279.0,0.9006,50.0,0.9008,327.0
1753591988003,04:53:08.003,gateio,AERO/USDT:USDT,0.8998,20.0,0.8997,279.0,0.9006,50.0,0.9008,327.0
1753591988429,04:53:08.429,gateio,AERO/USDT:USDT,0.8998,20.0,0.8997,279.0,0.9006,50.0,0.9008,327.0
1753591992343,04:53:12.343,gateio,AERO/USDT:USDT,0.8998,20.0,0.8995,219.0,0.9005,276.0,0.9008,327.0
1753591992434,04:53:12.434,gateio,AERO/USDT:USDT,0.8996,20.0,0.8995,219.0,0.9005,276.0,0.9008,546.0
1753591992636,04:53:12.636,gateio,AERO/USDT:USDT,0.8996,20.0,0.8995,219.0,0.9005,276.0,0.9008,546.0
1753591992825,04:53:12.825,gateio,AERO/USDT:USDT,0.8996,20.0,0.8995,219.0,0.9005,276.0,0.9008,546.0
1753591992904,04:53:12.904,gateio,AERO/USDT:USDT,0.8996,20.0,0.8993,274.0,0.9005,276.0,0.9008,546.0
1753591993019,04:53:13.019,gateio,AERO/USDT:USDT,0.8995,219.0,0.8994,20.0,0.9005,276.0,0.9008,546.0
1753591993053,04:53:13.053,gateio,AERO/USDT:USDT,0.8996,20.0,0.8995,219.0,0.9005,276.0,0.9008,546.0
1753591993616,04:53:13.616,gateio,AERO/USDT:USDT,0.8996,20.0,0.8993,274.0,0.9005,276.0,0.9008,546.0
1753591993705,04:53:13.705,gateio,AERO/USDT:USDT,0.8994,20.0,0.8993,274.0,0.9005,276.0,0.9008,546.0
1753591994000,04:53:14.000,gateio,AERO/USDT:USDT,0.8994,20.0,0.8993,274.0,0.9005,276.0,0.9008,546.0
1753591994259,04:53:14.259,gateio,AERO/USDT:USDT,0.8994,20.0,0.8993,274.0,0.9005,276.0,0.9008,546.0
1753591997100,04:53:17.100,gateio,AERO/USDT:USDT,0.8994,20.0,0.8993,274.0,0.9005,276.0,0.9008,546.0
1753591997227,04:53:17.227,gateio,AERO/USDT:USDT,0.8994,20.0,0.8993,274.0,0.9005,276.0,0.9008,546.0
1753591997624,04:53:17.624,gateio,AERO/USDT:USDT,0.8994,20.0,0.8993,274.0,0.9005,276.0,0.9008,546.0
1753591997708,04:53:17.708,gateio,AERO/USDT:USDT,0.8994,20.0,0.8993,274.0,0.9005,276.0,0.9008,546.0
1753591998070,04:53:18.070,gateio,AERO/USDT:USDT,0.8994,20.0,0.8993,274.0,0.9005,276.0,0.9008,546.0
1753591999427,04:53:19.427,gateio,AERO/USDT:USDT,0.8994,20.0,0.8993,274.0,0.9005,276.0,0.9008,546.0
1753591999460,04:53:19.460,gateio,AERO/USDT:USDT,0.8994,20.0,0.8993,274.0,0.9005,276.0,0.9008,546.0
1753592001622,04:53:21.622,gateio,AERO/USDT:USDT,0.8995,493.0,0.8994,20.0,0.9005,276.0,0.9008,546.0
1753592001671,04:53:21.671,gateio,AERO/USDT:USDT,0.8996,20.0,0.8995,493.0,0.9005,276.0,0.9008,546.0
1753592002085,04:53:22.085,gateio,AERO/USDT:USDT,0.8996,20.0,0.8995,493.0,0.9005,276.0,0.9008,546.0
1753592002429,04:53:22.429,gateio,AERO/USDT:USDT,0.8996,20.0,0.8995,493.0,0.9005,276.0,0.9008,546.0
1753592004135,04:53:24.135,gateio,AERO/USDT:USDT,0.8996,20.0,0.8995,493.0,0.9005,276.0,0.9008,546.0
1753592004506,04:53:24.506,gateio,AERO/USDT:USDT,0.8996,20.0,0.8995,493.0,0.9005,276.0,0.9008,546.0
1753592007244,04:53:27.244,gateio,AERO/USDT:USDT,0.8996,20.0,0.8995,493.0,0.9005,276.0,0.9008,546.0
1753592007248,04:53:27.248,gateio,AERO/USDT:USDT,0.8996,20.0,0.8995,493.0,0.9005,276.0,0.9008,546.0
1753592008809,04:53:28.809,gateio,AERO/USDT:USDT,0.8996,20.0,0.8995,493.0,0.9005,276.0,0.9008,546.0
1753592009006,04:53:29.006,gateio,AERO/USDT:USDT,0.8996,20.0,0.8995,493.0,0.9005,276.0,0.9008,546.0
1753592010161,04:53:30.161,gateio,AERO/USDT:USDT,0.8996,20.0,0.8995,274.0,0.9005,276.0,0.9008,546.0
1753592010717,04:53:30.717,gateio,AERO/USDT:USDT,0.8996,20.0,0.8995,274.0,0.9005,276.0,0.9008,546.0
1753592010758,04:53:30.758,gateio,AERO/USDT:USDT,0.8996,20.0,0.8995,274.0,0.9005,276.0,0.9008,739.0
1753592011019,04:53:31.019,gateio,AERO/USDT:USDT,0.8996,20.0,0.8993,274.0,0.9005,276.0,0.9008,739.0
1753592011058,04:53:31.058,gateio,AERO/USDT:USDT,0.8995,219.0,0.8994,20.0,0.9005,276.0,0.9008,739.0
1753592011176,04:53:31.176,gateio,AERO/USDT:USDT,0.8996,20.0,0.8995,219.0,0.9005,276.0,0.9008,520.0
1753592011345,04:53:31.345,gateio,AERO/USDT:USDT,0.8996,20.0,0.8995,219.0,0.9005,276.0,0.9008,739.0
1753592011350,04:53:31.350,gateio,AERO/USDT:USDT,0.8996,20.0,0.8995,219.0,0.9005,276.0,0.9008,739.0
1753592012025,04:53:32.025,gateio,AERO/USDT:USDT,0.8996,20.0,0.8995,219.0,0.9005,276.0,0.9008,739.0
1753592016827,04:53:36.827,gateio,AERO/USDT:USDT,0.8996,20.0,0.8995,219.0,0.9005,276.0,0.9008,739.0
1753592020489,04:53:40.489,gateio,AERO/USDT:USDT,0.8996,20.0,0.8995,219.0,0.9007,271.0,0.9008,739.0
1753592020598,04:53:40.598,gateio,AERO/USDT:USDT,0.8996,20.0,0.8995,219.0,0.9007,271.0,0.9008,520.0
1753592020828,04:53:40.828,gateio,AERO/USDT:USDT,0.8996,20.0,0.8995,219.0,0.9007,271.0,0.9008,520.0
1753592020859,04:53:40.859,gateio,AERO/USDT:USDT,0.8996,20.0,0.8995,219.0,0.9007,271.0,0.9008,520.0
1753592021504,04:53:41.504,gateio,AERO/USDT:USDT,0.8997,271.0,0.8996,20.0,0.9007,271.0,0.9008,327.0
1753592021633,04:53:41.633,gateio,AERO/USDT:USDT,0.8998,20.0,0.8997,271.0,0.9007,271.0,0.9008,327.0
1753592021807,04:53:41.807,gateio,AERO/USDT:USDT,0.8998,20.0,0.8997,271.0,0.9007,271.0,0.9008,327.0
1753592023588,04:53:43.588,gateio,AERO/USDT:USDT,0.8998,20.0,0.8997,271.0,0.9007,271.0,0.9008,327.0
1753592023825,04:53:43.825,gateio,AERO/USDT:USDT,0.8998,20.0,0.8997,271.0,0.9007,271.0,0.9008,327.0
1753592024004,04:53:44.004,gateio,AERO/USDT:USDT,0.8998,20.0,0.8997,271.0,0.9007,271.0,0.9008,327.0
1753592024135,04:53:44.135,gateio,AERO/USDT:USDT,0.8998,20.0,0.8997,271.0,0.9007,271.0,0.9008,327.0
1753592024147,04:53:44.147,gateio,AERO/USDT:USDT,0.8998,20.0,0.8997,271.0,0.9007,271.0,0.9008,327.0
1753592024423,04:53:44.423,gateio,AERO/USDT:USDT,0.8998,20.0,0.8997,271.0,0.9007,271.0,0.9008,327.0
1753592024988,04:53:44.988,gateio,AERO/USDT:USDT,0.8998,20.0,0.8997,271.0,0.9007,271.0,0.9008,327.0
1753592026277,04:53:46.277,gateio,AERO/USDT:USDT,0.8998,20.0,0.8997,271.0,0.9007,271.0,0.9008,327.0
1753592026428,04:53:46.428,gateio,AERO/USDT:USDT,0.8998,20.0,0.8997,271.0,0.9007,271.0,0.9008,327.0
1753592026663,04:53:46.663,gateio,AERO/USDT:USDT,0.8998,20.0,0.8997,271.0,0.9007,271.0,0.9008,327.0
1753592027015,04:53:47.015,gateio,AERO/USDT:USDT,0.8998,20.0,0.8997,271.0,0.9007,271.0,0.9008,327.0
1753592028168,04:53:48.168,gateio,AERO/USDT:USDT,0.8998,20.0,0.8997,271.0,0.9007,271.0,0.9008,327.0
1753592028451,04:53:48.451,gateio,AERO/USDT:USDT,0.8998,20.0,0.8997,271.0,0.9007,271.0,0.9008,327.0
1753592030673,04:53:50.673,gateio,AERO/USDT:USDT,0.8998,20.0,0.8997,271.0,0.9007,271.0,0.9008,327.0
1753592030780,04:53:50.780,gateio,AERO/USDT:USDT,0.8998,20.0,0.8997,271.0,0.9007,271.0,0.9008,327.0
1753592031227,04:53:51.227,gateio,AERO/USDT:USDT,0.8998,20.0,0.8997,271.0,0.9007,271.0,0.9008,327.0
1753592032322,04:53:52.322,gateio,AERO/USDT:USDT,0.8998,20.0,0.8997,271.0,0.9007,271.0,0.9008,327.0
1753592032389,04:53:52.389,gateio,AERO/USDT:USDT,0.8999,274.0,0.8998,20.0,0.9009,1779.0,0.901,274.0
1753592032458,04:53:52.458,gateio,AERO/USDT:USDT,0.9,20.0,0.8999,274.0,0.9009,1779.0,0.901,274.0
1753592032804,04:53:52.804,gateio,AERO/USDT:USDT,0.9,20.0,0.8997,271.0,0.9009,1779.0,0.901,274.0
1753592032854,04:53:52.854,gateio,AERO/USDT:USDT,0.8998,20.0,0.8997,271.0,0.9009,1779.0,0.901,274.0
1753592033178,04:53:53.178,gateio,AERO/USDT:USDT,0.8998,20.0,0.8997,271.0,0.9009,1779.0,0.901,274.0
1753592033994,04:53:53.994,gateio,AERO/USDT:USDT,0.8998,20.0,0.8997,271.0,0.9008,274.0,0.9009,1779.0
1753592034409,04:53:54.409,gateio,AERO/USDT:USDT,0.8998,20.0,0.8997,271.0,0.9008,274.0,0.9009,1779.0
1753592035223,04:53:55.223,gateio,AERO/USDT:USDT,0.8998,20.0,0.8997,271.0,0.9008,274.0,0.9009,2110.0
1753592036027,04:53:56.027,gateio,AERO/USDT:USDT,0.8998,20.0,0.8997,271.0,0.9008,274.0,0.9009,2110.0
1753592036388,04:53:56.388,gateio,AERO/USDT:USDT,0.8998,20.0,0.8997,271.0,0.9008,274.0,0.9009,2110.0
1753592036906,04:53:56.906,gateio,AERO/USDT:USDT,0.8998,20.0,0.8997,271.0,0.9008,274.0,0.9009,2110.0
1753592037156,04:53:57.156,gateio,AERO/USDT:USDT,0.8999,219.0,0.8998,20.0,0.9008,274.0,0.9009,2110.0
1753592037281,04:53:57.281,gateio,AERO/USDT:USDT,0.9,20.0,0.8999,219.0,0.9008,274.0,0.9009,2110.0
1753592037423,04:53:57.423,gateio,AERO/USDT:USDT,0.9,20.0,0.8999,219.0,0.9008,274.0,0.9009,2110.0
1753592038061,04:53:58.061,gateio,AERO/USDT:USDT,0.9,20.0,0.8997,271.0,0.9008,274.0,0.9009,2110.0
1753592038237,04:53:58.237,gateio,AERO/USDT:USDT,0.8999,219.0,0.8998,20.0,0.9008,274.0,0.9009,2110.0
1753592038262,04:53:58.262,gateio,AERO/USDT:USDT,0.9,20.0,0.8999,219.0,0.9008,274.0,0.9009,2110.0
1753592038495,04:53:58.495,gateio,AERO/USDT:USDT,0.9,20.0,0.8999,219.0,0.9008,274.0,0.9009,2110.0
1753592040826,04:54:00.826,gateio,AERO/USDT:USDT,0.9,20.0,0.8999,219.0,0.9008,274.0,0.9009,2110.0
1753592040848,04:54:00.848,gateio,AERO/USDT:USDT,0.9,20.0,0.8999,219.0,0.9008,274.0,0.9009,2110.0
1753592041786,04:54:01.786,gateio,AERO/USDT:USDT,0.9,20.0,0.8999,219.0,0.9008,274.0,0.9009,2110.0
1753592043234,04:54:03.234,gateio,AERO/USDT:USDT,0.9,20.0,0.8997,271.0,0.9008,274.0,0.9009,2110.0
1753592043333,04:54:03.333,gateio,AERO/USDT:USDT,0.8998,20.0,0.8997,271.0,0.9008,274.0,0.9009,2110.0
1753592043609,04:54:03.609,gateio,AERO/USDT:USDT,0.8999,219.0,0.8998,20.0,0.9008,274.0,0.9009,2110.0
1753592043698,04:54:03.698,gateio,AERO/USDT:USDT,0.9,20.0,0.8999,219.0,0.9008,274.0,0.9009,2110.0
1753592044194,04:54:04.194,gateio,AERO/USDT:USDT,0.9,20.0,0.8997,271.0,0.9008,274.0,0.9009,2110.0
1753592044324,04:54:04.324,gateio,AERO/USDT:USDT,0.8999,219.0,0.8998,20.0,0.9008,274.0,0.9009,2110.0
1753592044352,04:54:04.352,gateio,AERO/USDT:USDT,0.9,20.0,0.8999,219.0,0.9008,274.0,0.9009,2110.0
1753592044562,04:54:04.562,gateio,AERO/USDT:USDT,0.9,20.0,0.8999,219.0,0.9008,274.0,0.9009,2110.0
1753592045378,04:54:05.378,gateio,AERO/USDT:USDT,0.9,20.0,0.8999,219.0,0.9008,274.0,0.9009,2110.0
1753592045627,04:54:05.627,gateio,AERO/USDT:USDT,0.9,20.0,0.8999,219.0,0.9008,274.0,0.9009,2110.0
1753592045792,04:54:05.792,gateio,AERO/USDT:USDT,0.9,20.0,0.8999,219.0,0.9008,274.0,0.9009,2110.0
1753592045949,04:54:05.949,gateio,AERO/USDT:USDT,0.9,20.0,0.8997,271.0,0.9008,274.0,0.9009,2110.0
1753592046053,04:54:06.053,gateio,AERO/USDT:USDT,0.8998,20.0,0.8997,271.0,0.9008,274.0,0.9009,2110.0
1753592046206,04:54:06.206,gateio,AERO/USDT:USDT,0.8999,219.0,0.8998,20.0,0.9008,274.0,0.9009,2110.0
1753592046254,04:54:06.254,gateio,AERO/USDT:USDT,0.9,20.0,0.8999,219.0,0.9008,274.0,0.9009,2110.0
1753592046619,04:54:06.619,gateio,AERO/USDT:USDT,0.9,20.0,0.8999,219.0,0.9008,274.0,0.9009,2110.0
1753592047611,04:54:07.611,gateio,AERO/USDT:USDT,0.9,20.0,0.8997,271.0,0.9008,274.0,0.9009,2110.0
1753592047652,04:54:07.652,gateio,AERO/USDT:USDT,0.8998,20.0,0.8997,271.0,0.9008,274.0,0.9009,2110.0
1753592047837,04:54:07.837,gateio,AERO/USDT:USDT,0.8998,20.0,0.8997,271.0,0.9008,274.0,0.9009,2110.0
1753592048118,04:54:08.118,gateio,AERO/USDT:USDT,0.8999,219.0,0.8998,20.0,0.9008,274.0,0.9009,2110.0
1753592048152,04:54:08.152,gateio,AERO/USDT:USDT,0.9,20.0,0.8999,219.0,0.9008,274.0,0.9009,2110.0
1753592048256,04:54:08.256,gateio,AERO/USDT:USDT,0.9,20.0,0.8999,219.0,0.9008,274.0,0.9009,2110.0
1753592049650,04:54:09.650,gateio,AERO/USDT:USDT,0.9,20.0,0.8999,219.0,0.9008,274.0,0.9009,2110.0
1753592049756,04:54:09.756,gateio,AERO/USDT:USDT,0.9,20.0,0.8999,219.0,0.9008,274.0,0.9009,2110.0
1753592050029,04:54:10.029,gateio,AERO/USDT:USDT,0.9,20.0,0.8997,271.0,0.9008,274.0,0.9009,2110.0
1753592050105,04:54:10.105,gateio,AERO/USDT:USDT,0.9,219.0,0.8999,269.0,0.9009,1779.0,0.9011,276.0
1753592050244,04:54:10.244,gateio,AERO/USDT:USDT,0.9001,20.0,0.9,219.0,0.9009,1779.0,0.9011,276.0
1753592050336,04:54:10.336,gateio,AERO/USDT:USDT,0.9001,20.0,0.9,219.0,0.9009,1779.0,0.9011,276.0
1753592050426,04:54:10.426,gateio,AERO/USDT:USDT,0.9001,20.0,0.9,219.0,0.9009,1779.0,0.9011,276.0
1753592050494,04:54:10.494,gateio,AERO/USDT:USDT,0.9001,20.0,0.9,219.0,0.9009,1779.0,0.9011,276.0
1753592050601,04:54:10.601,gateio,AERO/USDT:USDT,0.9001,20.0,0.9,219.0,0.9009,1779.0,0.9011,276.0
1753592050743,04:54:10.743,gateio,AERO/USDT:USDT,0.9004,219.0,0.9002,269.0,0.9012,276.0,0.9015,273.0
1753592050806,04:54:10.806,gateio,AERO/USDT:USDT,0.9005,20.0,0.9002,269.0,0.9014,269.0,0.9015,492.0
1753592050928,04:54:10.928,gateio,AERO/USDT:USDT,0.9003,20.0,0.9002,269.0,0.9015,273.0,0.9016,676.0
1753592051003,04:54:11.003,gateio,AERO/USDT:USDT,0.9003,20.0,0.9002,269.0,0.9014,2038.0,0.9015,492.0
1753592051121,04:54:11.121,gateio,AERO/USDT:USDT,0.9003,20.0,0.9,219.0,0.9013,269.0,0.9014,2038.0
1753592051188,04:54:11.188,gateio,AERO/USDT:USDT,0.9001,20.0,0.9,219.0,0.9013,269.0,0.9014,2038.0
1753592051267,04:54:11.267,gateio,AERO/USDT:USDT,0.9001,20.0,0.9,219.0,0.9013,269.0,0.9014,2038.0
1753592051547,04:54:11.547,gateio,AERO/USDT:USDT,0.9001,20.0,0.9,219.0,0.9013,269.0,0.9014,2038.0
1753592052004,04:54:12.004,gateio,AERO/USDT:USDT,0.9001,20.0,0.9,219.0,0.9013,269.0,0.9014,2038.0
1753592052371,04:54:12.371,gateio,AERO/USDT:USDT,0.9001,20.0,0.9,219.0,0.9013,269.0,0.9014,2038.0
1753592054108,04:54:14.108,gateio,AERO/USDT:USDT,0.9001,20.0,0.9,219.0,0.9013,269.0,0.9014,2038.0
1753592054391,04:54:14.391,gateio,AERO/USDT:USDT,0.9001,20.0,0.9,219.0,0.9013,269.0,0.9014,2038.0
1753592055226,04:54:15.226,gateio,AERO/USDT:USDT,0.9001,20.0,0.9,219.0,0.9013,269.0,0.9014,2038.0
1753592055864,04:54:15.864,gateio,AERO/USDT:USDT,0.9001,20.0,0.9,219.0,0.9013,269.0,0.9014,2038.0
1753592057018,04:54:17.018,gateio,AERO/USDT:USDT,0.9002,268.0,0.9001,20.0,0.9013,269.0,0.9014,2038.0
1753592057064,04:54:17.064,gateio,AERO/USDT:USDT,0.9003,20.0,0.9002,268.0,0.9013,269.0,0.9014,2038.0
1753592057220,04:54:17.220,gateio,AERO/USDT:USDT,0.9003,20.0,0.9002,268.0,0.9013,269.0,0.9014,2038.0
1753592057365,04:54:17.365,gateio,AERO/USDT:USDT,0.9003,20.0,0.9002,268.0,0.9013,269.0,0.9014,2038.0
1753592057638,04:54:17.638,gateio,AERO/USDT:USDT,0.9003,20.0,0.9002,268.0,0.9013,269.0,0.9014,2038.0
1753592059542,04:54:19.542,gateio,AERO/USDT:USDT,0.9003,20.0,0.9002,268.0,0.9013,269.0,0.9014,2038.0
1753592059548,04:54:19.548,gateio,AERO/USDT:USDT,0.9003,20.0,0.9002,268.0,0.9013,269.0,0.9014,2038.0
1753592059675,04:54:19.675,gateio,AERO/USDT:USDT,0.9003,20.0,0.9002,268.0,0.9013,269.0,0.9014,2038.0
1753592060027,04:54:20.027,gateio,AERO/USDT:USDT,0.9003,20.0,0.9002,268.0,0.9013,269.0,0.9014,2038.0
1753592060048,04:54:20.048,gateio,AERO/USDT:USDT,0.9003,20.0,0.9002,268.0,0.9013,269.0,0.9014,2038.0
1753592061620,04:54:21.620,gateio,AERO/USDT:USDT,0.9003,20.0,0.9002,268.0,0.9013,269.0,0.9014,2038.0
1753592062774,04:54:22.774,gateio,AERO/USDT:USDT,0.9003,20.0,0.9002,268.0,0.9013,269.0,0.9014,2038.0
1753592064827,04:54:24.827,gateio,AERO/USDT:USDT,0.9003,20.0,0.9002,268.0,0.9013,269.0,0.9014,2038.0
1753592066088,04:54:26.088,gateio,AERO/USDT:USDT,0.9003,20.0,0.9002,268.0,0.9013,269.0,0.9014,2038.0
1753592066333,04:54:26.333,gateio,AERO/USDT:USDT,0.9003,20.0,0.9002,268.0,0.9013,269.0,0.9014,2038.0
1753592066356,04:54:26.356,gateio,AERO/USDT:USDT,0.9003,20.0,0.9002,268.0,0.9013,269.0,0.9014,2038.0
1753592066530,04:54:26.530,gateio,AERO/USDT:USDT,0.9003,20.0,0.9002,268.0,0.9013,269.0,0.9014,2038.0
1753592068043,04:54:28.043,gateio,AERO/USDT:USDT,0.9003,20.0,0.9002,268.0,0.9013,269.0,0.9014,2038.0
1753592068549,04:54:28.549,gateio,AERO/USDT:USDT,0.9003,20.0,0.9002,268.0,0.9013,269.0,0.9014,2038.0
1753592069645,04:54:29.645,gateio,AERO/USDT:USDT,0.9003,20.0,0.9002,268.0,0.9013,269.0,0.9014,2038.0
1753592069738,04:54:29.738,gateio,AERO/USDT:USDT,0.9003,20.0,0.9002,268.0,0.9013,269.0,0.9014,2038.0
1753592070058,04:54:30.058,gateio,AERO/USDT:USDT,0.9003,20.0,0.9002,268.0,0.9013,269.0,0.9014,2038.0
1753592071197,04:54:31.197,gateio,AERO/USDT:USDT,0.9003,20.0,0.9002,268.0,0.9013,269.0,0.9014,2038.0
1753592071339,04:54:31.339,gateio,AERO/USDT:USDT,0.9003,20.0,0.9002,268.0,0.9013,269.0,0.9014,2038.0
1753592071688,04:54:31.688,gateio,AERO/USDT:USDT,0.9003,20.0,0.9002,268.0,0.9013,269.0,0.9014,2038.0
1753592072361,04:54:32.361,gateio,AERO/USDT:USDT,0.9003,20.0,0.9002,268.0,0.9013,269.0,0.9014,2038.0
1753592073801,04:54:33.801,gateio,AERO/USDT:USDT,0.9003,20.0,0.9002,268.0,0.9013,269.0,0.9014,2038.0
1753592074427,04:54:34.427,gateio,AERO/USDT:USDT,0.9003,20.0,0.9002,268.0,0.9013,269.0,0.9014,2038.0
1753592074558,04:54:34.558,gateio,AERO/USDT:USDT,0.9003,20.0,0.9,219.0,0.9013,269.0,0.9014,2038.0
1753592074655,04:54:34.655,gateio,AERO/USDT:USDT,0.9001,20.0,0.9,219.0,0.9013,269.0,0.9014,2038.0
1753592075025,04:54:35.025,gateio,AERO/USDT:USDT,0.9001,20.0,0.9,219.0,0.9013,269.0,0.9014,2038.0
1753592075482,04:54:35.482,gateio,AERO/USDT:USDT,0.9001,20.0,0.9,219.0,0.9013,269.0,0.9014,2038.0
1753592075562,04:54:35.562,gateio,AERO/USDT:USDT,0.9001,20.0,0.9,219.0,0.9013,269.0,0.9014,2038.0
1753592075793,04:54:35.793,gateio,AERO/USDT:USDT,0.9001,20.0,0.9,219.0,0.9013,269.0,0.9014,2038.0
1753592075903,04:54:35.903,gateio,AERO/USDT:USDT,0.9001,20.0,0.9,219.0,0.9013,269.0,0.9014,2038.0
1753592076033,04:54:36.033,gateio,AERO/USDT:USDT,0.9001,20.0,0.9,219.0,0.9013,269.0,0.9014,2038.0
1753592076337,04:54:36.337,gateio,AERO/USDT:USDT,0.9001,20.0,0.9,219.0,0.9013,269.0,0.9014,2038.0
1753592076366,04:54:36.366,gateio,AERO/USDT:USDT,0.9001,20.0,0.9,219.0,0.9013,269.0,0.9014,2038.0
1753592076619,04:54:36.619,gateio,AERO/USDT:USDT,0.9001,20.0,0.9,219.0,0.9013,269.0,0.9014,2038.0
1753592076719,04:54:36.719,gateio,AERO/USDT:USDT,0.9001,20.0,0.9,219.0,0.9013,269.0,0.9014,2038.0
1753592076802,04:54:36.802,gateio,AERO/USDT:USDT,0.9001,20.0,0.8999,271.0,0.9013,269.0,0.9014,2038.0
1753592076881,04:54:36.881,gateio,AERO/USDT:USDT,0.9,20.0,0.8997,271.0,0.9012,271.0,0.9013,852.0
1753592076959,04:54:36.959,gateio,AERO/USDT:USDT,0.9,219.0,0.8998,20.0,0.9012,271.0,0.9013,1892.0
1753592077057,04:54:37.057,gateio,AERO/USDT:USDT,0.9001,20.0,0.9,219.0,0.9012,271.0,0.9013,1892.0
1753592077205,04:54:37.205,gateio,AERO/USDT:USDT,0.9001,20.0,0.9,219.0,0.9012,271.0,0.9013,1892.0
1753592077263,04:54:37.263,gateio,AERO/USDT:USDT,0.9001,20.0,0.9,219.0,0.9012,271.0,0.9013,1892.0
1753592077620,04:54:37.620,gateio,AERO/USDT:USDT,0.9001,20.0,0.9,219.0,0.9012,271.0,0.9013,1892.0
1753592077661,04:54:37.661,gateio,AERO/USDT:USDT,0.9001,20.0,0.9,219.0,0.9012,271.0,0.9013,1892.0
1753592078033,04:54:38.033,gateio,AERO/USDT:USDT,0.9001,20.0,0.9,219.0,0.9012,271.0,0.9013,1892.0
1753592078064,04:54:38.064,gateio,AERO/USDT:USDT,0.9001,20.0,0.9,219.0,0.9012,271.0,0.9013,1892.0
1753592078443,04:54:38.443,gateio,AERO/USDT:USDT,0.9001,20.0,0.9,219.0,0.9012,271.0,0.9013,1892.0
1753592078463,04:54:38.463,gateio,AERO/USDT:USDT,0.9001,20.0,0.9,219.0,0.9012,271.0,0.9013,1892.0
1753592078860,04:54:38.860,gateio,AERO/USDT:USDT,0.9001,20.0,0.9,219.0,0.9012,271.0,0.9013,1892.0
1753592078965,04:54:38.965,gateio,AERO/USDT:USDT,0.9001,20.0,0.9,219.0,0.9012,271.0,0.9013,1892.0
1753592079232,04:54:39.232,gateio,AERO/USDT:USDT,0.9001,20.0,0.9,219.0,0.9012,271.0,0.9013,1892.0
1753592079279,04:54:39.279,gateio,AERO/USDT:USDT,0.9001,20.0,0.9,219.0,0.9012,271.0,0.9013,1892.0
1753592079698,04:54:39.698,gateio,AERO/USDT:USDT,0.9001,20.0,0.9,219.0,0.9012,271.0,0.9013,1892.0
1753592080110,04:54:40.110,gateio,AERO/USDT:USDT,0.9001,20.0,0.9,219.0,0.9012,271.0,0.9013,1892.0
1753592080525,04:54:40.525,gateio,AERO/USDT:USDT,0.9001,20.0,0.9,219.0,0.9012,271.0,0.9013,1892.0
1753592080943,04:54:40.943,gateio,AERO/USDT:USDT,0.9001,20.0,0.9,219.0,0.9012,271.0,0.9013,1892.0
1753592080948,04:54:40.948,gateio,AERO/USDT:USDT,0.9001,20.0,0.9,219.0,0.9012,271.0,0.9013,1892.0
1753592081343,04:54:41.343,gateio,AERO/USDT:USDT,0.9001,20.0,0.9,219.0,0.9012,271.0,0.9013,1892.0
1753592081349,04:54:41.349,gateio,AERO/USDT:USDT,0.9001,20.0,0.9,219.0,0.9012,271.0,0.9013,1892.0
1753592081745,04:54:41.745,gateio,AERO/USDT:USDT,0.9001,20.0,0.8997,271.0,0.9012,271.0,0.9013,1892.0
1753592081844,04:54:41.844,gateio,AERO/USDT:USDT,0.8998,20.0,0.8997,271.0,0.9012,664.0,0.9013,1892.0
1753592081943,04:54:41.943,gateio,AERO/USDT:USDT,0.8998,20.0,0.8997,271.0,0.901,277.0,0.9011,496.0
1753592082012,04:54:42.012,gateio,AERO/USDT:USDT,0.8998,20.0,0.8997,271.0,0.9008,277.0,0.9009,1768.0
1753592082057,04:54:42.057,gateio,AERO/USDT:USDT,0.8998,20.0,0.8997,271.0,0.9008,277.0,0.9009,1768.0
1753592082223,04:54:42.223,gateio,AERO/USDT:USDT,0.8998,20.0,0.8997,271.0,0.9008,277.0,0.9009,1768.0
1753592082430,04:54:42.430,gateio,AERO/USDT:USDT,0.8998,20.0,0.8997,271.0,0.9008,277.0,0.9009,1768.0
1753592082703,04:54:42.703,gateio,AERO/USDT:USDT,0.8998,20.0,0.8997,271.0,0.9008,277.0,0.9009,1768.0
1753592083040,04:54:43.040,gateio,AERO/USDT:USDT,0.8998,20.0,0.8997,271.0,0.9008,277.0,0.9009,1768.0
1753592083047,04:54:43.047,gateio,AERO/USDT:USDT,0.8998,20.0,0.8997,271.0,0.9008,277.0,0.9009,1768.0
1753592083166,04:54:43.166,gateio,AERO/USDT:USDT,0.8998,20.0,0.8997,271.0,0.9008,277.0,0.9009,1768.0
1753592083463,04:54:43.463,gateio,AERO/USDT:USDT,0.8998,20.0,0.8997,271.0,0.9008,277.0,0.9009,1768.0
1753592083565,04:54:43.565,gateio,AERO/USDT:USDT,0.8998,20.0,0.8997,271.0,0.9008,277.0,0.9009,1768.0
1753592083881,04:54:43.881,gateio,AERO/USDT:USDT,0.8998,20.0,0.8997,271.0,0.9008,277.0,0.9009,1768.0
1753592084033,04:54:44.033,gateio,AERO/USDT:USDT,0.8998,20.0,0.8997,271.0,0.9008,277.0,0.9009,1768.0
1753592084051,04:54:44.051,gateio,AERO/USDT:USDT,0.8998,20.0,0.8997,271.0,0.9008,277.0,0.9009,1768.0
1753592084307,04:54:44.307,gateio,AERO/USDT:USDT,0.8998,20.0,0.8997,271.0,0.9008,277.0,0.9009,1768.0
1753592084360,04:54:44.360,gateio,AERO/USDT:USDT,0.8998,20.0,0.8997,271.0,0.9008,277.0,0.9009,1768.0
1753592084726,04:54:44.726,gateio,AERO/USDT:USDT,0.8998,20.0,0.8997,271.0,0.9008,277.0,0.9009,1768.0
1753592084763,04:54:44.763,gateio,AERO/USDT:USDT,0.8998,20.0,0.8997,271.0,0.9008,277.0,0.9009,1768.0
1753592085144,04:54:45.144,gateio,AERO/USDT:USDT,0.8998,20.0,0.8997,271.0,0.9008,277.0,0.9009,1768.0
1753592085150,04:54:45.150,gateio,AERO/USDT:USDT,0.8998,20.0,0.8997,271.0,0.9008,277.0,0.9009,1768.0
1753592085306,04:54:45.306,gateio,AERO/USDT:USDT,0.8998,20.0,0.8997,271.0,0.9008,277.0,0.9009,1768.0
1753592085541,04:54:45.541,gateio,AERO/USDT:USDT,0.8998,20.0,0.8997,271.0,0.9008,277.0,0.9009,1768.0
1753592085642,04:54:45.642,gateio,AERO/USDT:USDT,0.8998,20.0,0.8997,271.0,0.9008,277.0,0.9009,1768.0
1753592085649,04:54:45.649,gateio,AERO/USDT:USDT,0.8998,20.0,0.8997,271.0,0.9008,277.0,0.9009,1768.0
1753592085994,04:54:45.994,gateio,AERO/USDT:USDT,0.8998,20.0,0.8997,271.0,0.9008,277.0,0.9009,1768.0
1753592086066,04:54:46.066,gateio,AERO/USDT:USDT,0.8998,20.0,0.8997,271.0,0.9008,277.0,0.9009,1768.0
1753592086213,04:54:46.213,gateio,AERO/USDT:USDT,0.8999,219.0,0.8998,20.0,0.9008,277.0,0.9009,1768.0
1753592086256,04:54:46.256,gateio,AERO/USDT:USDT,0.9,20.0,0.8999,219.0,0.9008,277.0,0.9009,1768.0
1753592086412,04:54:46.412,gateio,AERO/USDT:USDT,0.9,20.0,0.8999,219.0,0.9008,277.0,0.9009,1768.0
1753592086829,04:54:46.829,gateio,AERO/USDT:USDT,0.9,20.0,0.8999,219.0,0.9008,277.0,0.9009,1768.0
1753592087031,04:54:47.031,gateio,AERO/USDT:USDT,0.9,20.0,0.8999,219.0,0.9008,277.0,0.9009,1768.0
1753592087417,04:54:47.417,gateio,AERO/USDT:USDT,0.9,20.0,0.8999,219.0,0.9008,277.0,0.9009,1768.0
1753592087644,04:54:47.644,gateio,AERO/USDT:USDT,0.9,20.0,0.8999,219.0,0.9008,277.0,0.9009,1768.0
1753592087650,04:54:47.650,gateio,AERO/USDT:USDT,0.9,20.0,0.8999,219.0,0.9008,277.0,0.9009,1768.0
1753592087839,04:54:47.839,gateio,AERO/USDT:USDT,0.9,20.0,0.8997,271.0,0.9008,277.0,0.9009,1768.0
1753592087873,04:54:47.873,gateio,AERO/USDT:USDT,0.8998,20.0,0.8997,271.0,0.9009,1768.0,0.901,277.0
1753592088030,04:54:48.030,gateio,AERO/USDT:USDT,0.8999,219.0,0.8998,20.0,0.9009,1768.0,0.901,277.0
1753592088079,04:54:48.079,gateio,AERO/USDT:USDT,0.9,20.0,0.8999,219.0,0.9009,1768.0,0.901,277.0
1753592088832,04:54:48.832,gateio,AERO/USDT:USDT,0.9,20.0,0.8999,219.0,0.9009,1768.0,0.901,277.0
1753592088897,04:54:48.897,gateio,AERO/USDT:USDT,0.9,20.0,0.8999,219.0,0.9009,1768.0,0.901,277.0
1753592088960,04:54:48.960,gateio,AERO/USDT:USDT,0.9,20.0,0.8999,219.0,0.9009,1768.0,0.901,277.0
1753592089227,04:54:49.227,gateio,AERO/USDT:USDT,0.9,20.0,0.8999,219.0,0.9009,1768.0,0.9011,277.0
1753592089315,04:54:49.315,gateio,AERO/USDT:USDT,0.9,20.0,0.8999,219.0,0.9009,1768.0,0.9011,277.0
1753592089363,04:54:49.363,gateio,AERO/USDT:USDT,0.9,20.0,0.8999,219.0,0.9009,1768.0,0.9011,277.0
1753592089724,04:54:49.724,gateio,AERO/USDT:USDT,0.9,20.0,0.8999,219.0,0.9009,1768.0,0.9011,277.0
1753592089763,04:54:49.763,gateio,AERO/USDT:USDT,0.9,20.0,0.8999,219.0,0.9009,1768.0,0.9011,277.0
1753592090139,04:54:50.139,gateio,AERO/USDT:USDT,0.9,20.0,0.8999,219.0,0.9009,1768.0,0.9011,277.0
1753592090163,04:54:50.163,gateio,AERO/USDT:USDT,0.9,20.0,0.8999,219.0,0.9009,1768.0,0.9011,277.0
1753592090551,04:54:50.551,gateio,AERO/USDT:USDT,0.9,20.0,0.8999,219.0,0.9009,1768.0,0.9011,277.0
1753592090662,04:54:50.662,gateio,AERO/USDT:USDT,0.9,20.0,0.8999,219.0,0.9009,1768.0,0.9011,277.0
1753592090971,04:54:50.971,gateio,AERO/USDT:USDT,0.9,20.0,0.8999,219.0,0.9009,1768.0,0.9011,277.0
1753592091095,04:54:51.095,gateio,AERO/USDT:USDT,0.9,20.0,0.8999,219.0,0.9009,1768.0,0.901,277.0
1753592091388,04:54:51.388,gateio,AERO/USDT:USDT,0.9,20.0,0.8999,219.0,0.9009,1768.0,0.901,277.0
1753592091528,04:54:51.528,gateio,AERO/USDT:USDT,0.9,20.0,0.8999,219.0,0.9009,1768.0,0.901,277.0
1753592091578,04:54:51.578,gateio,AERO/USDT:USDT,0.9,20.0,0.8999,219.0,0.9009,1768.0,0.901,277.0
1753592091811,04:54:51.811,gateio,AERO/USDT:USDT,0.9,20.0,0.8999,219.0,0.9009,1768.0,0.901,277.0
1753592091861,04:54:51.861,gateio,AERO/USDT:USDT,0.9,20.0,0.8999,219.0,0.9009,1768.0,0.901,277.0
1753592092241,04:54:52.241,gateio,AERO/USDT:USDT,0.9,20.0,0.8999,219.0,0.9009,1768.0,0.901,277.0
1753592092265,04:54:52.265,gateio,AERO/USDT:USDT,0.9,20.0,0.8999,219.0,0.9009,1768.0,0.901,277.0
1753592092668,04:54:52.668,gateio,AERO/USDT:USDT,0.9,20.0,0.8999,219.0,0.9009,1768.0,0.901,277.0
1753592092762,04:54:52.762,gateio,AERO/USDT:USDT,0.9,20.0,0.8999,219.0,0.9009,1768.0,0.901,277.0
1753592093090,04:54:53.090,gateio,AERO/USDT:USDT,0.9,20.0,0.8999,219.0,0.9009,1768.0,0.901,277.0
1753592093163,04:54:53.163,gateio,AERO/USDT:USDT,0.9,20.0,0.8999,219.0,0.9009,1768.0,0.901,277.0
1753592093509,04:54:53.509,gateio,AERO/USDT:USDT,0.9,20.0,0.8999,219.0,0.9009,1768.0,0.901,277.0
1753592093632,04:54:53.632,gateio,AERO/USDT:USDT,0.9,20.0,0.8999,219.0,0.9009,1768.0,0.901,277.0
1753592093657,04:54:53.657,gateio,AERO/USDT:USDT,0.9,20.0,0.8999,219.0,0.9009,1768.0,0.9011,277.0
1753592093918,04:54:53.918,gateio,AERO/USDT:USDT,0.9,20.0,0.8997,271.0,0.9009,1768.0,0.9011,277.0
1753592094041,04:54:54.041,gateio,AERO/USDT:USDT,0.8998,20.0,0.8997,271.0,0.9009,1768.0,0.901,268.0
1753592094338,04:54:54.338,gateio,AERO/USDT:USDT,0.8999,219.0,0.8998,20.0,0.9009,1768.0,0.901,268.0
1753592094401,04:54:54.401,gateio,AERO/USDT:USDT,0.9,20.0,0.8999,219.0,0.9009,1768.0,0.901,268.0
1753592094754,04:54:54.754,gateio,AERO/USDT:USDT,0.9,20.0,0.8999,219.0,0.9009,1768.0,0.901,268.0
1753592094861,04:54:54.861,gateio,AERO/USDT:USDT,0.9,20.0,0.8999,219.0,0.9009,1768.0,0.901,268.0
1753592095169,04:54:55.169,gateio,AERO/USDT:USDT,0.9,20.0,0.8999,219.0,0.9009,1768.0,0.901,268.0
1753592095263,04:54:55.263,gateio,AERO/USDT:USDT,0.9,20.0,0.8999,219.0,0.9009,1768.0,0.901,268.0
1753592095580,04:54:55.580,gateio,AERO/USDT:USDT,0.9,20.0,0.8999,219.0,0.9009,1768.0,0.901,268.0
1753592095663,04:54:55.663,gateio,AERO/USDT:USDT,0.9,20.0,0.8999,219.0,0.9009,1768.0,0.901,268.0
1753592095991,04:54:55.991,gateio,AERO/USDT:USDT,0.9,20.0,0.8999,219.0,0.9009,1768.0,0.901,268.0
1753592096056,04:54:56.056,gateio,AERO/USDT:USDT,0.9,20.0,0.8999,219.0,0.9009,1768.0,0.901,268.0
1753592096399,04:54:56.399,gateio,AERO/USDT:USDT,0.9,20.0,0.8999,219.0,0.9009,1768.0,0.901,268.0
1753592096814,04:54:56.814,gateio,AERO/USDT:USDT,0.9,20.0,0.8999,219.0,0.9009,1768.0,0.901,268.0
1753592097025,04:54:57.025,gateio,AERO/USDT:USDT,0.9,20.0,0.8999,219.0,0.9009,1768.0,0.901,268.0
1753592097123,04:54:57.123,gateio,AERO/USDT:USDT,0.9,20.0,0.8999,219.0,0.9009,1768.0,0.901,268.0
1753592097336,04:54:57.336,gateio,AERO/USDT:USDT,0.9,20.0,0.8999,219.0,0.9009,1768.0,0.901,268.0
1753592097423,04:54:57.423,gateio,AERO/USDT:USDT,0.9,20.0,0.8999,219.0,0.9009,1768.0,0.901,268.0
1753592097542,04:54:57.542,gateio,AERO/USDT:USDT,0.9,20.0,0.8999,219.0,0.9009,1768.0,0.901,268.0
1753592097637,04:54:57.637,gateio,AERO/USDT:USDT,0.9,20.0,0.8999,219.0,0.9009,1768.0,0.901,268.0
1753592097646,04:54:57.646,gateio,AERO/USDT:USDT,0.9,20.0,0.8999,219.0,0.9009,1768.0,0.901,268.0
1753592098022,04:54:58.022,gateio,AERO/USDT:USDT,0.9,20.0,0.8999,219.0,0.9009,1768.0,0.9011,277.0
1753592098428,04:54:58.428,gateio,AERO/USDT:USDT,0.9,20.0,0.8999,219.0,0.9009,1768.0,0.9011,277.0
1753592098448,04:54:58.448,gateio,AERO/USDT:USDT,0.9,20.0,0.8999,219.0,0.9009,1768.0,0.9011,277.0
1753592098969,04:54:58.969,gateio,AERO/USDT:USDT,0.9,20.0,0.8999,219.0,0.9009,1768.0,0.9011,277.0
1753592099075,04:54:59.075,gateio,AERO/USDT:USDT,0.9,20.0,0.8999,219.0,0.9009,1768.0,0.9011,277.0
1753592100179,04:55:00.179,gateio,AERO/USDT:USDT,0.9,20.0,0.8999,219.0,0.9009,1768.0,0.9011,277.0
1753592101841,04:55:01.841,gateio,AERO/USDT:USDT,0.9001,277.0,0.9,20.0,0.9009,1768.0,0.9012,603.0
1753592101858,04:55:01.858,gateio,AERO/USDT:USDT,0.9002,20.0,0.9001,277.0,0.9009,1768.0,0.9012,603.0
1753592102169,04:55:02.169,gateio,AERO/USDT:USDT,0.9002,20.0,0.9001,277.0,0.9009,1768.0,0.9012,603.0
1753592102590,04:55:02.590,gateio,AERO/USDT:USDT,0.9002,20.0,0.9001,277.0,0.9009,1768.0,0.9012,603.0
1753592103017,04:55:03.017,gateio,AERO/USDT:USDT,0.9002,20.0,0.9001,277.0,0.9009,1768.0,0.9012,271.0
1753592103228,04:55:03.228,gateio,AERO/USDT:USDT,0.9002,20.0,0.9001,277.0,0.9009,1768.0,0.9012,271.0
1753592103409,04:55:03.409,gateio,AERO/USDT:USDT,0.9002,20.0,0.9001,277.0,0.9009,1768.0,0.9012,271.0
1753592103518,04:55:03.518,gateio,AERO/USDT:USDT,0.9002,20.0,0.9001,277.0,0.9009,1768.0,0.9012,271.0
1753592105004,04:55:05.004,gateio,AERO/USDT:USDT,0.9002,20.0,0.9001,277.0,0.9009,1768.0,0.9012,271.0
1753592106277,04:55:06.277,gateio,AERO/USDT:USDT,0.9002,20.0,0.9001,277.0,0.9009,1768.0,0.9012,271.0
1753592108028,04:55:08.028,gateio,AERO/USDT:USDT,0.9002,20.0,0.9001,277.0,0.9009,1768.0,0.9012,271.0
1753592110888,04:55:10.888,gateio,AERO/USDT:USDT,0.9002,20.0,0.9001,277.0,0.9009,1768.0,0.9012,271.0
1753592111007,04:55:11.007,gateio,AERO/USDT:USDT,0.9002,20.0,0.9001,277.0,0.9009,1768.0,0.9012,271.0
1753592112828,04:55:12.828,gateio,AERO/USDT:USDT,0.9002,20.0,0.8999,219.0,0.9009,1768.0,0.9012,271.0
1753592112857,04:55:12.857,gateio,AERO/USDT:USDT,0.9,20.0,0.8999,219.0,0.9009,1768.0,0.9012,271.0
1753592113091,04:55:13.091,gateio,AERO/USDT:USDT,0.9,20.0,0.8999,219.0,0.9009,1768.0,0.9012,271.0
1753592114819,04:55:14.819,gateio,AERO/USDT:USDT,0.9,20.0,0.8999,219.0,0.9009,1768.0,0.9012,271.0
1753592115126,04:55:15.126,gateio,AERO/USDT:USDT,0.9,20.0,0.8999,219.0,0.9009,1768.0,0.9012,271.0
1753592115538,04:55:15.538,gateio,AERO/USDT:USDT,0.9,20.0,0.8999,219.0,0.9009,1768.0,0.9012,271.0
1753592117629,04:55:17.629,gateio,AERO/USDT:USDT,0.9,20.0,0.8999,219.0,0.9009,1768.0,0.9012,271.0
1753592119629,04:55:19.629,gateio,AERO/USDT:USDT,0.9,20.0,0.8999,219.0,0.9009,1768.0,0.9012,271.0
1753592122429,04:55:22.429,gateio,AERO/USDT:USDT,0.9,20.0,0.8999,219.0,0.9009,1768.0,0.9012,271.0
1753592122467,04:55:22.467,gateio,AERO/USDT:USDT,0.9,20.0,0.8999,219.0,0.9009,1768.0,0.9012,271.0
1753592123036,04:55:23.036,gateio,AERO/USDT:USDT,0.9,20.0,0.8999,219.0,0.9008,279.0,0.9009,1768.0
1753592123120,04:55:23.120,gateio,AERO/USDT:USDT,0.9,20.0,0.8999,219.0,0.9008,279.0,0.9009,1768.0
1753592123160,04:55:23.160,gateio,AERO/USDT:USDT,0.9,20.0,0.8999,219.0,0.9008,279.0,0.9009,1768.0
1753592123694,04:55:23.694,gateio,AERO/USDT:USDT,0.9,20.0,0.8999,219.0,0.9008,279.0,0.9009,1768.0
1753592123748,04:55:23.748,gateio,AERO/USDT:USDT,0.9,20.0,0.8996,279.0,0.9008,279.0,0.9009,1768.0
1753592123853,04:55:23.853,gateio,AERO/USDT:USDT,0.8997,20.0,0.8996,279.0,0.9008,279.0,0.9009,1768.0
1753592124027,04:55:24.027,gateio,AERO/USDT:USDT,0.8997,20.0,0.8996,279.0,0.9008,279.0,0.9009,1768.0
1753592124912,04:55:24.912,gateio,AERO/USDT:USDT,0.8999,219.0,0.8997,20.0,0.9008,279.0,0.9009,1768.0
1753592125027,04:55:25.027,gateio,AERO/USDT:USDT,0.9,20.0,0.8999,219.0,0.9008,279.0,0.9009,1768.0
1753592125242,04:55:25.242,gateio,AERO/USDT:USDT,0.9,20.0,0.8999,219.0,0.9008,279.0,0.9009,1768.0
1753592125816,04:55:25.816,gateio,AERO/USDT:USDT,0.9,20.0,0.8996,279.0,0.9008,279.0,0.9009,1768.0
1753592125868,04:55:25.868,gateio,AERO/USDT:USDT,0.8999,219.0,0.8997,20.0,0.9008,279.0,0.9009,1768.0
1753592126006,04:55:26.006,gateio,AERO/USDT:USDT,0.9,20.0,0.8999,219.0,0.9009,1768.0,0.901,279.0
1753592126067,04:55:26.067,gateio,AERO/USDT:USDT,0.9,20.0,0.8999,219.0,0.9009,1768.0,0.901,279.0
1753592127006,04:55:27.006,gateio,AERO/USDT:USDT,0.9,20.0,0.8999,219.0,0.9009,1768.0,0.901,279.0
1753592127229,04:55:27.229,gateio,AERO/USDT:USDT,0.9,20.0,0.8999,219.0,0.9009,1768.0,0.901,279.0
1753592127466,04:55:27.466,gateio,AERO/USDT:USDT,0.9,20.0,0.8999,219.0,0.9009,1768.0,0.901,279.0
1753592127829,04:55:27.829,gateio,AERO/USDT:USDT,0.9,20.0,0.8999,219.0,0.9009,1768.0,0.901,279.0
1753592128095,04:55:28.095,gateio,AERO/USDT:USDT,0.9,20.0,0.8999,219.0,0.9009,1768.0,0.901,279.0
1753592129004,04:55:29.004,gateio,AERO/USDT:USDT,0.9,20.0,0.8999,219.0,0.9009,1768.0,0.901,279.0
1753592131806,04:55:31.806,gateio,AERO/USDT:USDT,0.9,20.0,0.8996,279.0,0.9009,1768.0,0.901,279.0
1753592132029,04:55:32.029,gateio,AERO/USDT:USDT,0.9,20.0,0.8996,279.0,0.9009,1768.0,0.901,279.0
1753592132099,04:55:32.099,gateio,AERO/USDT:USDT,0.8997,20.0,0.8996,279.0,0.9009,1768.0,0.901,279.0
1753592132148,04:55:32.148,gateio,AERO/USDT:USDT,0.8999,219.0,0.8997,20.0,0.9009,1768.0,0.901,279.0
1753592132256,04:55:32.256,gateio,AERO/USDT:USDT,0.9,20.0,0.8999,219.0,0.9009,1768.0,0.901,279.0
1753592132410,04:55:32.410,gateio,AERO/USDT:USDT,0.9,20.0,0.8999,219.0,0.9009,1768.0,0.901,279.0
1753592132708,04:55:32.708,gateio,AERO/USDT:USDT,0.9,20.0,0.8999,219.0,0.9009,1768.0,0.901,279.0
1753592133005,04:55:33.005,gateio,AERO/USDT:USDT,0.9,20.0,0.8999,219.0,0.9009,1768.0,0.901,279.0
1753592133314,04:55:33.314,gateio,AERO/USDT:USDT,0.9,20.0,0.8999,219.0,0.9009,1768.0,0.901,279.0
1753592133485,04:55:33.485,gateio,AERO/USDT:USDT,0.9,20.0,0.8999,219.0,0.9009,1768.0,0.901,279.0
1753592133922,04:55:33.922,gateio,AERO/USDT:USDT,0.9,20.0,0.8996,279.0,0.9009,1768.0,0.901,279.0
1753592133959,04:55:33.959,gateio,AERO/USDT:USDT,0.8997,20.0,0.8996,279.0,0.9009,1768.0,0.901,279.0
1753592134133,04:55:34.133,gateio,AERO/USDT:USDT,0.8999,219.0,0.8997,20.0,0.9009,1768.0,0.901,279.0
1753592134171,04:55:34.171,gateio,AERO/USDT:USDT,0.9,20.0,0.8999,219.0,0.9009,1768.0,0.901,279.0
1753592134555,04:55:34.555,gateio,AERO/USDT:USDT,0.9,20.0,0.8999,219.0,0.9009,1768.0,0.901,279.0
1753592135897,04:55:35.897,gateio,AERO/USDT:USDT,0.9,20.0,0.8999,219.0,0.9008,277.0,0.9009,1768.0
1753592136172,04:55:36.172,gateio,AERO/USDT:USDT,0.9,20.0,0.8999,219.0,0.9008,277.0,0.9009,1768.0
1753592136829,04:55:36.829,gateio,AERO/USDT:USDT,0.9,20.0,0.8999,219.0,0.9008,277.0,0.9009,1768.0
1753592136848,04:55:36.848,gateio,AERO/USDT:USDT,0.9,20.0,0.8999,219.0,0.9008,277.0,0.9009,1768.0
1753592137004,04:55:37.004,gateio,AERO/USDT:USDT,0.9,20.0,0.8999,219.0,0.9008,277.0,0.9009,1768.0
1753592137610,04:55:37.610,gateio,AERO/USDT:USDT,0.9,20.0,0.8999,219.0,0.9008,277.0,0.9009,1768.0
1753592137917,04:55:37.917,gateio,AERO/USDT:USDT,0.9,20.0,0.8999,219.0,0.9008,277.0,0.9009,1768.0
1753592138005,04:55:38.005,gateio,AERO/USDT:USDT,0.9,20.0,0.8999,219.0,0.9008,277.0,0.9009,1768.0
1753592138927,04:55:38.927,gateio,AERO/USDT:USDT,0.9,20.0,0.8999,219.0,0.9008,277.0,0.9009,1768.0
1753592139005,04:55:39.005,gateio,AERO/USDT:USDT,0.9,20.0,0.8999,219.0,0.9008,277.0,0.9009,1768.0
1753592139157,04:55:39.157,gateio,AERO/USDT:USDT,0.9,20.0,0.8999,219.0,0.9008,277.0,0.9009,1768.0
1753592139614,04:55:39.614,gateio,AERO/USDT:USDT,0.9,20.0,0.8996,279.0,0.9008,277.0,0.9009,1768.0
1753592139656,04:55:39.656,gateio,AERO/USDT:USDT,0.8997,20.0,0.8996,279.0,0.9008,277.0,0.9009,1768.0
1753592139801,04:55:39.801,gateio,AERO/USDT:USDT,0.8997,20.0,0.8996,279.0,0.9008,277.0,0.9009,1768.0
1753592140115,04:55:40.115,gateio,AERO/USDT:USDT,0.8999,219.0,0.8997,20.0,0.9008,277.0,0.9009,1768.0
1753592140153,04:55:40.153,gateio,AERO/USDT:USDT,0.9,20.0,0.8999,219.0,0.9008,277.0,0.9009,1768.0
1753592140285,04:55:40.285,gateio,AERO/USDT:USDT,0.9,20.0,0.8999,219.0,0.9008,277.0,0.9009,1768.0
1753592141028,04:55:41.028,gateio,AERO/USDT:USDT,0.9,20.0,0.8999,219.0,0.9008,277.0,0.9009,1768.0
1753592141068,04:55:41.068,gateio,AERO/USDT:USDT,0.9,20.0,0.8999,219.0,0.9008,277.0,0.9009,1768.0
1753592141263,04:55:41.263,gateio,AERO/USDT:USDT,0.9,20.0,0.8999,219.0,0.9009,1768.0,0.901,279.0
1753592141364,04:55:41.364,gateio,AERO/USDT:USDT,0.9,20.0,0.8999,219.0,0.9009,1768.0,0.901,279.0
1753592141629,04:55:41.629,gateio,AERO/USDT:USDT,0.9,20.0,0.8999,219.0,0.9009,1768.0,0.901,279.0
1753592144042,04:55:44.042,gateio,AERO/USDT:USDT,0.9,20.0,0.8999,219.0,0.9009,1768.0,0.901,279.0
1753592144048,04:55:44.048,gateio,AERO/USDT:USDT,0.9,20.0,0.8999,219.0,0.9009,1768.0,0.901,279.0
1753592145725,04:55:45.725,gateio,AERO/USDT:USDT,0.9,20.0,0.8999,219.0,0.9009,1768.0,0.9012,271.0
1753592146006,04:55:46.006,gateio,AERO/USDT:USDT,0.9,20.0,0.8999,219.0,0.9009,1768.0,0.9012,271.0
1753592146429,04:55:46.429,gateio,AERO/USDT:USDT,0.9,20.0,0.8999,219.0,0.9009,1768.0,0.9012,271.0
1753592146448,04:55:46.448,gateio,AERO/USDT:USDT,0.9,20.0,0.8999,219.0,0.9009,1768.0,0.9012,271.0
1753592146935,04:55:46.935,gateio,AERO/USDT:USDT,0.9,20.0,0.8999,219.0,0.9009,1768.0,0.9012,271.0
1753592147003,04:55:47.003,gateio,AERO/USDT:USDT,0.9,20.0,0.8999,219.0,0.9009,1768.0,0.9012,271.0
1753592147145,04:55:47.145,gateio,AERO/USDT:USDT,0.9,20.0,0.8999,219.0,0.9009,1768.0,0.9012,271.0
1753592149088,04:55:49.088,gateio,AERO/USDT:USDT,0.9,20.0,0.8999,219.0,0.9009,1768.0,0.9011,339.0
1753592151229,04:55:51.229,gateio,AERO/USDT:USDT,0.9,20.0,0.8999,219.0,0.9009,1768.0,0.9011,339.0
1753592151248,04:55:51.248,gateio,AERO/USDT:USDT,0.9,20.0,0.8999,219.0,0.9009,1768.0,0.9011,339.0
1753592153845,04:55:53.845,gateio,AERO/USDT:USDT,0.9,20.0,0.8999,219.0,0.9009,1768.0,0.9011,339.0
1753592153857,04:55:53.857,gateio,AERO/USDT:USDT,0.9,20.0,0.8999,219.0,0.9009,1768.0,0.9011,339.0
1753592155481,04:55:55.481,gateio,AERO/USDT:USDT,0.9,20.0,0.8999,219.0,0.9009,1768.0,0.9012,271.0
1753592155588,04:55:55.588,gateio,AERO/USDT:USDT,0.9,20.0,0.8999,219.0,0.9009,1768.0,0.9012,271.0
1753592156029,04:55:56.029,gateio,AERO/USDT:USDT,0.9,20.0,0.8999,219.0,0.9009,1768.0,0.9012,271.0
1753592156303,04:55:56.303,gateio,AERO/USDT:USDT,0.9001,272.0,0.9,20.0,0.9009,1768.0,0.9014,535.0
1753592156417,04:55:56.417,gateio,AERO/USDT:USDT,0.9002,20.0,0.9001,272.0,0.9009,1768.0,0.9014,535.0
1753592156832,04:55:56.832,gateio,AERO/USDT:USDT,0.9003,219.0,0.9002,20.0,0.9009,1768.0,0.9014,535.0
1753592156852,04:55:56.852,gateio,AERO/USDT:USDT,0.9004,20.0,0.9003,219.0,0.9009,1768.0,0.9014,535.0
1753592157111,04:55:57.111,gateio,AERO/USDT:USDT,0.9004,20.0,0.9003,219.0,0.9009,1768.0,0.9014,535.0
1753592157249,04:55:57.249,gateio,AERO/USDT:USDT,0.9004,20.0,0.9003,219.0,0.9009,1768.0,0.9014,535.0
1753592157587,04:55:57.587,gateio,AERO/USDT:USDT,0.9004,20.0,0.9003,219.0,0.9009,1768.0,0.9014,535.0
1753592157752,04:55:57.752,gateio,AERO/USDT:USDT,0.9004,20.0,0.9003,219.0,0.9009,1768.0,0.9014,535.0
1753592158006,04:55:58.006,gateio,AERO/USDT:USDT,0.9004,20.0,0.9003,219.0,0.9009,1768.0,0.9014,535.0
1753592158065,04:55:58.065,gateio,AERO/USDT:USDT,0.9004,20.0,0.9003,219.0,0.9009,1768.0,0.9014,535.0
1753592158320,04:55:58.320,gateio,AERO/USDT:USDT,0.9004,20.0,0.9003,219.0,0.9014,269.0,0.9015,668.0
1753592158396,04:55:58.396,gateio,AERO/USDT:USDT,0.9004,20.0,0.9003,219.0,0.9013,1768.0,0.9014,269.0
1753592158482,04:55:58.482,gateio,AERO/USDT:USDT,0.9004,20.0,0.9003,219.0,0.9013,1768.0,0.9014,269.0
1753592158552,04:55:58.552,gateio,AERO/USDT:USDT,0.9004,20.0,0.9003,219.0,0.9013,1768.0,0.9014,269.0
1753592158727,04:55:58.727,gateio,AERO/USDT:USDT,0.9004,20.0,0.9003,219.0,0.9013,1768.0,0.9014,269.0
1753592158840,04:55:58.840,gateio,AERO/USDT:USDT,0.9004,20.0,0.9003,219.0,0.9013,1768.0,0.9014,269.0
1753592158923,04:55:58.923,gateio,AERO/USDT:USDT,0.9004,20.0,0.9003,219.0,0.9013,1768.0,0.9014,269.0
1753592159040,04:55:59.040,gateio,AERO/USDT:USDT,0.9004,20.0,0.9003,219.0,0.9013,1768.0,0.9014,269.0
1753592160300,04:56:00.300,gateio,AERO/USDT:USDT,0.9004,20.0,0.9003,219.0,0.9013,1768.0,0.9014,269.0
1753592160511,04:56:00.511,gateio,AERO/USDT:USDT,0.9004,20.0,0.9003,219.0,0.9013,1768.0,0.9014,269.0
1753592160834,04:56:00.834,gateio,AERO/USDT:USDT,0.9004,20.0,0.9003,219.0,0.9013,1768.0,0.9014,269.0
1753592165630,04:56:05.630,gateio,AERO/USDT:USDT,0.9004,20.0,0.9003,219.0,0.9013,1768.0,0.9014,269.0
1753592165766,04:56:05.766,gateio,AERO/USDT:USDT,0.9004,20.0,0.9003,219.0,0.9013,1768.0,0.9014,269.0
1753592166855,04:56:06.855,gateio,AERO/USDT:USDT,0.9004,20.0,0.9003,219.0,0.9013,1768.0,0.9014,269.0
1753592168665,04:56:08.665,gateio,AERO/USDT:USDT,0.9004,20.0,0.9003,219.0,0.9013,1768.0,0.9014,269.0
1753592169197,04:56:09.197,gateio,AERO/USDT:USDT,0.9004,20.0,0.9003,219.0,0.9013,1768.0,0.9014,269.0
1753592170430,04:56:10.430,gateio,AERO/USDT:USDT,0.9004,20.0,0.9003,219.0,0.9013,1768.0,0.9014,269.0
1753592172208,04:56:12.208,gateio,AERO/USDT:USDT,0.9004,20.0,0.9003,219.0,0.9013,1768.0,0.9014,269.0
1753592174657,04:56:14.657,gateio,AERO/USDT:USDT,0.9004,20.0,0.9003,219.0,0.9013,1768.0,0.9014,269.0
1753592175230,04:56:15.230,gateio,AERO/USDT:USDT,0.9004,20.0,0.9003,219.0,0.9013,1768.0,0.9014,269.0
1753592175248,04:56:15.248,gateio,AERO/USDT:USDT,0.9004,20.0,0.9003,219.0,0.9013,1768.0,0.9014,269.0
1753592179727,04:56:19.727,gateio,AERO/USDT:USDT,0.9004,20.0,0.9003,219.0,0.9013,1768.0,0.9014,269.0
1753592180030,04:56:20.030,gateio,AERO/USDT:USDT,0.9004,20.0,0.9003,219.0,0.9013,1768.0,0.9014,269.0
1753592180048,04:56:20.048,gateio,AERO/USDT:USDT,0.9004,20.0,0.9003,219.0,0.9013,1768.0,0.9014,269.0
1753592180756,04:56:20.756,gateio,AERO/USDT:USDT,0.9004,20.0,0.9003,219.0,0.9013,1768.0,0.9015,273.0
1753592181004,04:56:21.004,gateio,AERO/USDT:USDT,0.9004,20.0,0.9003,219.0,0.9013,1768.0,0.9015,273.0
1753592182697,04:56:22.697,gateio,AERO/USDT:USDT,0.9004,20.0,0.9003,219.0,0.9013,1768.0,0.9015,273.0
1753592182941,04:56:22.941,gateio,AERO/USDT:USDT,0.9004,20.0,0.9003,219.0,0.9013,1768.0,0.9015,273.0
1753592183091,04:56:23.091,gateio,AERO/USDT:USDT,0.9004,20.0,0.9003,219.0,0.9013,1768.0,0.9015,273.0
1753592184076,04:56:24.076,gateio,AERO/USDT:USDT,0.9004,20.0,0.9003,219.0,0.9013,1768.0,0.9015,273.0
1753592184268,04:56:24.268,gateio,AERO/USDT:USDT,0.9004,20.0,0.9003,219.0,0.9013,1768.0,0.9015,273.0
1753592184831,04:56:24.831,gateio,AERO/USDT:USDT,0.9004,20.0,0.9003,219.0,0.9013,1768.0,0.9015,273.0
1753592186005,04:56:26.005,gateio,AERO/USDT:USDT,0.9004,20.0,0.9003,219.0,0.9013,1768.0,0.9015,273.0
1753592186357,04:56:26.357,gateio,AERO/USDT:USDT,0.9004,20.0,0.9003,219.0,0.9013,1768.0,0.9015,273.0
1753592188939,04:56:28.939,gateio,AERO/USDT:USDT,0.9004,20.0,0.9003,219.0,0.9013,1768.0,0.9015,273.0
1753592189040,04:56:29.040,gateio,AERO/USDT:USDT,0.9004,20.0,0.9003,219.0,0.9013,1768.0,0.9015,273.0
1753592189631,04:56:29.631,gateio,AERO/USDT:USDT,0.9004,20.0,0.9003,219.0,0.9013,1768.0,0.9015,273.0
1753592189677,04:56:29.677,gateio,AERO/USDT:USDT,0.9004,20.0,0.9003,219.0,0.9013,1768.0,0.9015,273.0
1753592190006,04:56:30.006,gateio,AERO/USDT:USDT,0.9004,20.0,0.9003,219.0,0.9013,1768.0,0.9015,273.0
1753592190061,04:56:30.061,gateio,AERO/USDT:USDT,0.9004,20.0,0.9003,219.0,0.9013,1768.0,0.9015,273.0
1753592190620,04:56:30.620,gateio,AERO/USDT:USDT,0.9004,20.0,0.9003,219.0,0.9013,1768.0,0.9015,273.0
1753592190736,04:56:30.736,gateio,AERO/USDT:USDT,0.9004,20.0,0.9003,219.0,0.9013,1768.0,0.9015,273.0
1753592191288,04:56:31.288,gateio,AERO/USDT:USDT,0.9004,20.0,0.9003,219.0,0.9013,1768.0,0.9015,273.0
1753592191534,04:56:31.534,gateio,AERO/USDT:USDT,0.9004,20.0,0.9003,219.0,0.9013,1768.0,0.9015,273.0
1753592192888,04:56:32.888,gateio,AERO/USDT:USDT,0.9004,20.0,0.9003,219.0,0.9013,1768.0,0.9015,273.0
1753592193004,04:56:33.004,gateio,AERO/USDT:USDT,0.9004,20.0,0.9003,219.0,0.9013,1768.0,0.9015,273.0
1753592193321,04:56:33.321,gateio,AERO/USDT:USDT,0.9004,20.0,0.9003,219.0,0.9013,1768.0,0.9015,273.0
1753592193911,04:56:33.911,gateio,AERO/USDT:USDT,0.9004,20.0,0.9003,219.0,0.9013,1768.0,0.9015,273.0
1753592194014,04:56:34.014,gateio,AERO/USDT:USDT,0.9004,20.0,0.9003,219.0,0.9013,1768.0,0.9015,273.0
1753592194431,04:56:34.431,gateio,AERO/USDT:USDT,0.9004,20.0,0.9003,219.0,0.9013,1768.0,0.9015,273.0
1753592198003,04:56:38.003,gateio,AERO/USDT:USDT,0.9004,20.0,0.9003,219.0,0.9013,1768.0,0.9015,273.0
1753592198104,04:56:38.104,gateio,AERO/USDT:USDT,0.9004,20.0,0.9003,219.0,0.9013,1768.0,0.9015,273.0
1753592198775,04:56:38.775,gateio,AERO/USDT:USDT,0.9004,20.0,0.9003,219.0,0.9013,1768.0,0.9015,273.0
1753592199231,04:56:39.231,gateio,AERO/USDT:USDT,0.9004,20.0,0.9003,219.0,0.9013,1768.0,0.9015,273.0
1753592199410,04:56:39.410,gateio,AERO/USDT:USDT,0.9004,20.0,0.9003,219.0,0.9013,1768.0,0.9015,273.0
1753592199885,04:56:39.885,gateio,AERO/USDT:USDT,0.9004,20.0,0.9003,219.0,0.9013,1768.0,0.9017,277.0
1753592200006,04:56:40.006,gateio,AERO/USDT:USDT,0.9004,20.0,0.9003,219.0,0.9013,1768.0,0.9017,277.0
1753592201006,04:56:41.006,gateio,AERO/USDT:USDT,0.9004,20.0,0.9003,219.0,0.9013,1768.0,0.9017,277.0
1753592201122,04:56:41.122,gateio,AERO/USDT:USDT,0.9004,20.0,0.9003,219.0,0.9013,1768.0,0.9017,277.0
1753592201168,04:56:41.168,gateio,AERO/USDT:USDT,0.9004,20.0,0.9003,219.0,0.9013,1768.0,0.9017,277.0
1753592203346,04:56:43.346,gateio,AERO/USDT:USDT,0.9004,20.0,0.9003,219.0,0.9013,1768.0,0.9017,610.0
1753592204031,04:56:44.031,gateio,AERO/USDT:USDT,0.9004,20.0,0.9003,219.0,0.9013,1768.0,0.9017,610.0
1753592204512,04:56:44.512,gateio,AERO/USDT:USDT,0.9004,20.0,0.9003,219.0,0.9017,2377.0,0.9018,664.0
1753592204600,04:56:44.600,gateio,AERO/USDT:USDT,0.9004,20.0,0.9003,219.0,0.9017,2377.0,0.9018,664.0
1753592204745,04:56:44.745,gateio,AERO/USDT:USDT,0.9004,20.0,0.9003,219.0,0.9017,2377.0,0.9018,664.0
1753592204803,04:56:44.803,gateio,AERO/USDT:USDT,0.9004,20.0,0.9003,219.0,0.9017,2377.0,0.9018,664.0
1753592205740,04:56:45.740,gateio,AERO/USDT:USDT,0.9005,273.0,0.9004,20.0,0.9017,2377.0,0.9018,664.0
1753592205820,04:56:45.820,gateio,AERO/USDT:USDT,0.9006,20.0,0.9005,273.0,0.9017,2377.0,0.9018,664.0
1753592205909,04:56:45.909,gateio,AERO/USDT:USDT,0.9006,20.0,0.9005,273.0,0.9017,2377.0,0.9018,664.0
1753592206005,04:56:46.005,gateio,AERO/USDT:USDT,0.9007,219.0,0.9006,20.0,0.9017,1767.0,0.9018,664.0
1753592206061,04:56:46.061,gateio,AERO/USDT:USDT,0.9008,20.0,0.9005,273.0,0.9017,1767.0,0.9018,664.0
1753592206178,04:56:46.178,gateio,AERO/USDT:USDT,0.9006,20.0,0.9005,273.0,0.9017,1767.0,0.9018,664.0
1753592206612,04:56:46.612,gateio,AERO/USDT:USDT,0.9006,20.0,0.9005,273.0,0.9017,1767.0,0.9018,664.0
1753592206891,04:56:46.891,gateio,AERO/USDT:USDT,0.9007,219.0,0.9006,20.0,0.9017,1767.0,0.9018,664.0
1753592207028,04:56:47.028,gateio,AERO/USDT:USDT,0.9008,20.0,0.9007,219.0,0.9017,1767.0,0.9018,664.0
1753592207135,04:56:47.135,gateio,AERO/USDT:USDT,0.9008,20.0,0.9007,219.0,0.9017,1767.0,0.9018,1004.0
1753592207222,04:56:47.222,gateio,AERO/USDT:USDT,0.9008,20.0,0.9005,273.0,0.9017,1767.0,0.9018,1004.0
1753592207283,04:56:47.283,gateio,AERO/USDT:USDT,0.9006,20.0,0.9003,219.0,0.9017,1767.0,0.9018,1004.0
1753592207445,04:56:47.445,gateio,AERO/USDT:USDT,0.9004,20.0,0.9003,219.0,0.9017,1767.0,0.9018,1004.0
1753592207445,04:56:47.445,gateio,AERO/USDT:USDT,0.9004,20.0,0.9003,219.0,0.9017,1767.0,0.9018,1004.0
1753592207869,04:56:47.869,gateio,AERO/USDT:USDT,0.9004,20.0,0.9003,219.0,0.9017,1767.0,0.9018,1004.0
1753592208831,04:56:48.831,gateio,AERO/USDT:USDT,0.9004,20.0,0.9003,219.0,0.9017,1767.0,0.9018,1004.0
1753592209025,04:56:49.025,gateio,AERO/USDT:USDT,0.9004,20.0,0.9003,219.0,0.9016,273.0,0.9017,1767.0
1753592209085,04:56:49.085,gateio,AERO/USDT:USDT,0.9004,20.0,0.9003,219.0,0.9016,273.0,0.9017,1767.0
1753592210627,04:56:50.627,gateio,AERO/USDT:USDT,0.9004,20.0,0.9003,219.0,0.9016,273.0,0.9017,1767.0
1753592211789,04:56:51.789,gateio,AERO/USDT:USDT,0.9004,20.0,0.9003,219.0,0.9016,273.0,0.9017,1767.0
1753592212005,04:56:52.005,gateio,AERO/USDT:USDT,0.9004,20.0,0.9003,219.0,0.9016,273.0,0.9017,1767.0
1753592212091,04:56:52.091,gateio,AERO/USDT:USDT,0.9004,20.0,0.9001,272.0,0.9016,273.0,0.9017,1767.0
1753592212158,04:56:52.158,gateio,AERO/USDT:USDT,0.9003,219.0,0.9002,20.0,0.9016,273.0,0.9017,1767.0
1753592212334,04:56:52.334,gateio,AERO/USDT:USDT,0.9004,20.0,0.9003,219.0,0.9016,273.0,0.9017,1767.0
1753592213009,04:56:53.009,gateio,AERO/USDT:USDT,0.9004,20.0,0.9003,219.0,0.9016,273.0,0.9017,1986.0
1753592213155,04:56:53.155,gateio,AERO/USDT:USDT,0.9004,20.0,0.9003,219.0,0.9016,273.0,0.9017,1767.0
1753592213539,04:56:53.539,gateio,AERO/USDT:USDT,0.9004,20.0,0.9003,219.0,0.9016,273.0,0.9017,1986.0
1753592213631,04:56:53.631,gateio,AERO/USDT:USDT,0.9004,20.0,0.9003,219.0,0.9016,273.0,0.9017,1986.0
1753592213649,04:56:53.649,gateio,AERO/USDT:USDT,0.9004,20.0,0.9003,219.0,0.9016,273.0,0.9017,1986.0
1753592213889,04:56:53.889,gateio,AERO/USDT:USDT,0.9004,20.0,0.9003,219.0,0.9016,273.0,0.9017,1767.0
1753592214298,04:56:54.298,gateio,AERO/USDT:USDT,0.9004,20.0,0.9003,219.0,0.9016,273.0,0.9017,1986.0
1753592215838,04:56:55.838,gateio,AERO/USDT:USDT,0.9004,20.0,0.9003,219.0,0.9016,273.0,0.9017,1986.0
1753592216517,04:56:56.517,gateio,AERO/USDT:USDT,0.9004,20.0,0.9003,219.0,0.9016,273.0,0.9017,1986.0
1753592217003,04:56:57.003,gateio,AERO/USDT:USDT,0.9004,20.0,0.9003,219.0,0.9016,273.0,0.9017,1986.0
1753592217142,04:56:57.142,gateio,AERO/USDT:USDT,0.9004,20.0,0.9003,219.0,0.9016,273.0,0.9017,1986.0
1753592217740,04:56:57.740,gateio,AERO/USDT:USDT,0.9004,20.0,0.9003,219.0,0.9016,273.0,0.9017,1767.0
1753592217839,04:56:57.839,gateio,AERO/USDT:USDT,0.9004,20.0,0.9003,219.0,0.9016,273.0,0.9017,1986.0
1753592218431,04:56:58.431,gateio,AERO/USDT:USDT,0.9004,20.0,0.9003,219.0,0.9016,273.0,0.9017,1986.0
1753592218927,04:56:58.927,gateio,AERO/USDT:USDT,0.9004,20.0,0.9003,219.0,0.9016,273.0,0.9017,1986.0
1753592220007,04:57:00.007,gateio,AERO/USDT:USDT,0.9004,20.0,0.9003,219.0,0.9016,273.0,0.9017,1986.0
1753592220792,04:57:00.792,gateio,AERO/USDT:USDT,0.9004,20.0,0.9003,219.0,0.9016,273.0,0.9017,1986.0
1753592222236,04:57:02.236,gateio,AERO/USDT:USDT,0.9004,20.0,0.9003,219.0,0.9016,273.0,0.9017,1986.0
1753592222321,04:57:02.321,gateio,AERO/USDT:USDT,0.9004,20.0,0.9003,219.0,0.9016,273.0,0.9017,1986.0
1753592222430,04:57:02.430,gateio,AERO/USDT:USDT,0.9004,20.0,0.8999,219.0,0.9015,271.0,0.9016,816.0
1753592222637,04:57:02.637,gateio,AERO/USDT:USDT,0.9004,20.0,0.8999,219.0,0.9015,302.0,0.9016,785.0
1753592222741,04:57:02.741,gateio,AERO/USDT:USDT,0.9004,20.0,0.9,8.0,0.9013,271.0,0.9014,303.0
1753592222839,04:57:02.839,gateio,AERO/USDT:USDT,0.9,20.0,0.8999,219.0,0.9011,271.0,0.9012,272.0
1753592222870,04:57:02.870,gateio,AERO/USDT:USDT,0.9,20.0,0.8999,219.0,0.901,1770.0,0.9011,271.0
1753592223031,04:57:03.031,gateio,AERO/USDT:USDT,0.9,20.0,0.8999,219.0,0.901,1770.0,0.9011,271.0
1753592223233,04:57:03.233,gateio,AERO/USDT:USDT,0.9,20.0,0.8999,219.0,0.901,1770.0,0.9011,271.0
1753592223248,04:57:03.248,gateio,AERO/USDT:USDT,0.9,20.0,0.8999,219.0,0.901,1770.0,0.9011,271.0
1753592223414,04:57:03.414,gateio,AERO/USDT:USDT,0.9,20.0,0.8999,219.0,0.901,1770.0,0.9011,271.0
1753592223460,04:57:03.460,gateio,AERO/USDT:USDT,0.9,20.0,0.8999,219.0,0.901,1770.0,0.9011,271.0
1753592223578,04:57:03.578,gateio,AERO/USDT:USDT,0.9,20.0,0.8999,219.0,0.901,1770.0,0.9012,271.0
1753592223674,04:57:03.674,gateio,AERO/USDT:USDT,0.9,20.0,0.8999,219.0,0.901,1770.0,0.9012,271.0
1753592224841,04:57:04.841,gateio,AERO/USDT:USDT,0.9,20.0,0.8999,219.0,0.901,1770.0,0.9012,271.0
1753592224925,04:57:04.925,gateio,AERO/USDT:USDT,0.9,20.0,0.8999,219.0,0.901,1770.0,0.9012,271.0
1753592225703,04:57:05.703,gateio,AERO/USDT:USDT,0.9,20.0,0.8999,219.0,0.901,1770.0,0.9012,271.0
1753592227172,04:57:07.172,gateio,AERO/USDT:USDT,0.9,20.0,0.8999,219.0,0.901,1770.0,0.9012,271.0
1753592227845,04:57:07.845,gateio,AERO/USDT:USDT,0.9,20.0,0.8999,219.0,0.901,1770.0,0.9013,271.0
1753592227848,04:57:07.848,gateio,AERO/USDT:USDT,0.9,20.0,0.8999,219.0,0.901,1770.0,0.9013,490.0
1753592228032,04:57:08.032,gateio,AERO/USDT:USDT,0.9,20.0,0.8999,219.0,0.901,1770.0,0.9012,271.0
1753592228290,04:57:08.290,gateio,AERO/USDT:USDT,0.9,20.0,0.8999,219.0,0.901,1770.0,0.9012,271.0
1753592228482,04:57:08.482,gateio,AERO/USDT:USDT,0.9,20.0,0.8999,219.0,0.901,1770.0,0.9012,271.0
1753592229723,04:57:09.723,gateio,AERO/USDT:USDT,0.9,20.0,0.8999,219.0,0.901,1770.0,0.9012,271.0
1753592230343,04:57:10.343,gateio,AERO/USDT:USDT,0.9,20.0,0.8999,219.0,0.901,1770.0,0.9012,271.0
1753592230471,04:57:10.471,gateio,AERO/USDT:USDT,0.9,20.0,0.8999,219.0,0.901,1770.0,0.9012,271.0
1753592231705,04:57:11.705,gateio,AERO/USDT:USDT,0.9,20.0,0.8999,219.0,0.901,1770.0,0.9012,271.0
1753592231937,04:57:11.937,gateio,AERO/USDT:USDT,0.9,20.0,0.8999,219.0,0.901,1770.0,0.9012,271.0
1753592232077,04:57:12.077,gateio,AERO/USDT:USDT,0.9,20.0,0.8999,219.0,0.901,1770.0,0.9012,271.0
1753592232301,04:57:12.301,gateio,AERO/USDT:USDT,0.9,20.0,0.8999,219.0,0.901,1770.0,0.9012,271.0
1753592232422,04:57:12.422,gateio,AERO/USDT:USDT,0.9,20.0,0.8999,219.0,0.901,1770.0,0.9012,271.0
1753592232833,04:57:12.833,gateio,AERO/USDT:USDT,0.9,20.0,0.8999,219.0,0.901,1770.0,0.9012,271.0
1753592233787,04:57:13.787,gateio,AERO/USDT:USDT,0.9,20.0,0.8999,219.0,0.901,1770.0,0.9012,271.0
1753592237632,04:57:17.632,gateio,AERO/USDT:USDT,0.9,20.0,0.8999,219.0,0.901,1770.0,0.9012,271.0
1753592237656,04:57:17.656,gateio,AERO/USDT:USDT,0.9,20.0,0.8999,219.0,0.901,1769.0,0.9012,271.0
1753592237815,04:57:17.815,gateio,AERO/USDT:USDT,0.9,20.0,0.8999,219.0,0.901,1769.0,0.9012,271.0
1753592242432,04:57:22.432,gateio,AERO/USDT:USDT,0.9,20.0,0.8999,219.0,0.901,1769.0,0.9012,271.0
1753592243040,04:57:23.040,gateio,AERO/USDT:USDT,0.9,20.0,0.8999,219.0,0.901,1769.0,0.9012,271.0
1753592243134,04:57:23.134,gateio,AERO/USDT:USDT,0.9,20.0,0.8999,219.0,0.901,1769.0,0.9012,271.0
1753592243201,04:57:23.201,gateio,AERO/USDT:USDT,0.9,20.0,0.8999,219.0,0.901,1769.0,0.9012,271.0
1753592243860,04:57:23.860,gateio,AERO/USDT:USDT,0.9,20.0,0.8999,219.0,0.901,1769.0,0.9012,271.0
1753592243960,04:57:23.960,gateio,AERO/USDT:USDT,0.9,20.0,0.8999,219.0,0.901,1769.0,0.9012,271.0
1753592245077,04:57:25.077,gateio,AERO/USDT:USDT,0.9,20.0,0.8999,219.0,0.901,1769.0,0.9012,271.0
1753592246566,04:57:26.566,gateio,AERO/USDT:USDT,0.9,20.0,0.8999,219.0,0.901,1769.0,0.9012,271.0
1753592247232,04:57:27.232,gateio,AERO/USDT:USDT,0.9,20.0,0.8999,219.0,0.901,1769.0,0.9012,271.0
1753592252032,04:57:32.032,gateio,AERO/USDT:USDT,0.9,20.0,0.8999,219.0,0.901,1769.0,0.9012,271.0
1753592252078,04:57:32.078,gateio,AERO/USDT:USDT,0.9,20.0,0.8999,219.0,0.901,1769.0,0.9012,271.0
1753592252611,04:57:32.611,gateio,AERO/USDT:USDT,0.9,20.0,0.8999,219.0,0.901,1769.0,0.9012,271.0
1753592252814,04:57:32.814,gateio,AERO/USDT:USDT,0.9,20.0,0.8999,219.0,0.901,1769.0,0.9012,271.0
1753592254861,04:57:34.861,gateio,AERO/USDT:USDT,0.9,20.0,0.8999,219.0,0.901,1769.0,0.9012,271.0
1753592255006,04:57:35.006,gateio,AERO/USDT:USDT,0.9,20.0,0.8999,219.0,0.901,1769.0,0.9012,271.0
1753592255138,04:57:35.138,gateio,AERO/USDT:USDT,0.9,20.0,0.8999,219.0,0.901,1769.0,0.9012,271.0
1753592256628,04:57:36.628,gateio,AERO/USDT:USDT,0.9003,219.0,0.9,20.0,0.901,1769.0,0.9013,596.0
1753592256656,04:57:36.656,gateio,AERO/USDT:USDT,0.9004,20.0,0.9003,219.0,0.901,1769.0,0.9013,596.0
1753592256832,04:57:36.832,gateio,AERO/USDT:USDT,0.9004,20.0,0.9003,219.0,0.901,1769.0,0.9013,596.0
1753592256869,04:57:36.869,gateio,AERO/USDT:USDT,0.9004,20.0,0.9003,219.0,0.901,1769.0,0.9013,596.0
1753592257003,04:57:37.003,gateio,AERO/USDT:USDT,0.9004,20.0,0.9003,219.0,0.901,1769.0,0.9013,596.0
1753592257303,04:57:37.303,gateio,AERO/USDT:USDT,0.9004,20.0,0.8999,219.0,0.901,1769.0,0.9013,596.0
1753592257360,04:57:37.360,gateio,AERO/USDT:USDT,0.9,20.0,0.8999,219.0,0.901,1769.0,0.9013,596.0
1753592257688,04:57:37.688,gateio,AERO/USDT:USDT,0.9,20.0,0.8999,219.0,0.901,1769.0,0.9013,596.0
1753592257771,04:57:37.771,gateio,AERO/USDT:USDT,0.9003,219.0,0.9,20.0,0.901,1769.0,0.9013,596.0
1753592257852,04:57:37.852,gateio,AERO/USDT:USDT,0.9004,20.0,0.9003,219.0,0.901,1769.0,0.9013,596.0
1753592257956,04:57:37.956,gateio,AERO/USDT:USDT,0.9004,20.0,0.9003,219.0,0.901,1769.0,0.9013,596.0
1753592258106,04:57:38.106,gateio,AERO/USDT:USDT,0.9004,20.0,0.9003,219.0,0.901,1769.0,0.9013,596.0
1753592260176,04:57:40.176,gateio,AERO/USDT:USDT,0.9004,20.0,0.9003,219.0,0.901,1769.0,0.9013,596.0
1753592260298,04:57:40.298,gateio,AERO/USDT:USDT,0.9004,20.0,0.9003,219.0,0.9014,666.0,0.9016,273.0
1753592260374,04:57:40.374,gateio,AERO/USDT:USDT,0.9004,20.0,0.9003,219.0,0.9014,2436.0,0.9016,273.0
1753592260530,04:57:40.530,gateio,AERO/USDT:USDT,0.9004,20.0,0.9003,219.0,0.9014,2436.0,0.9016,273.0
1753592261040,04:57:41.040,gateio,AERO/USDT:USDT,0.9004,20.0,0.9003,219.0,0.9014,2436.0,0.9016,273.0
1753592261242,04:57:41.242,gateio,AERO/USDT:USDT,0.9004,20.0,0.9003,219.0,0.9014,2436.0,0.9016,273.0
1753592261248,04:57:41.248,gateio,AERO/USDT:USDT,0.9004,20.0,0.9003,219.0,0.9014,2436.0,0.9016,273.0
1753592261632,04:57:41.632,gateio,AERO/USDT:USDT,0.9004,20.0,0.9003,219.0,0.9014,2436.0,0.9016,273.0
1753592264282,04:57:44.282,gateio,AERO/USDT:USDT,0.9004,20.0,0.9003,219.0,0.9014,2763.0,0.9016,273.0
1753592266030,04:57:46.030,gateio,AERO/USDT:USDT,0.9004,20.0,0.9003,219.0,0.9014,2368.0,0.9016,273.0
1753592266433,04:57:46.433,gateio,AERO/USDT:USDT,0.9004,20.0,0.9003,219.0,0.9014,2368.0,0.9016,273.0
1753592266448,04:57:46.448,gateio,AERO/USDT:USDT,0.9004,20.0,0.9003,219.0,0.9014,2368.0,0.9016,273.0
1753592268642,04:57:48.642,gateio,AERO/USDT:USDT,0.9004,20.0,0.9003,219.0,0.9013,276.0,0.9014,2368.0
1753592268985,04:57:48.985,gateio,AERO/USDT:USDT,0.9004,20.0,0.9003,219.0,0.9013,276.0,0.9014,2368.0
1753592270960,04:57:50.960,gateio,AERO/USDT:USDT,0.9004,20.0,0.9003,219.0,0.9013,276.0,0.9014,2368.0
1753592271233,04:57:51.233,gateio,AERO/USDT:USDT,0.9004,20.0,0.9003,219.0,0.9013,276.0,0.9014,2368.0
1753592271827,04:57:51.827,gateio,AERO/USDT:USDT,0.9004,20.0,0.9003,219.0,0.9013,276.0,0.9014,2368.0
1753592271868,04:57:51.868,gateio,AERO/USDT:USDT,0.9004,20.0,0.9003,219.0,0.9013,276.0,0.9014,2368.0
1753592272735,04:57:52.735,gateio,AERO/USDT:USDT,0.9004,20.0,0.9,281.0,0.9013,276.0,0.9014,2368.0
1753592272752,04:57:52.752,gateio,AERO/USDT:USDT,0.9001,20.0,0.9,281.0,0.9013,276.0,0.9014,2368.0
1753592273040,04:57:53.040,gateio,AERO/USDT:USDT,0.9001,20.0,0.9,281.0,0.9013,276.0,0.9014,2368.0
1753592273054,04:57:53.054,gateio,AERO/USDT:USDT,0.9003,219.0,0.9001,20.0,0.9013,276.0,0.9014,2368.0
1753592273152,04:57:53.152,gateio,AERO/USDT:USDT,0.9004,20.0,0.9003,219.0,0.9013,276.0,0.9014,2368.0
1753592273309,04:57:53.309,gateio,AERO/USDT:USDT,0.9004,20.0,0.9003,219.0,0.9013,276.0,0.9014,2368.0
1753592273456,04:57:53.456,gateio,AERO/USDT:USDT,0.9004,20.0,0.9003,219.0,0.9013,276.0,0.9014,2368.0
1753592273645,04:57:53.645,gateio,AERO/USDT:USDT,0.9004,20.0,0.9,281.0,0.9013,276.0,0.9014,2368.0
1753592273729,04:57:53.729,gateio,AERO/USDT:USDT,0.9001,20.0,0.8999,219.0,0.9013,276.0,0.9014,2368.0
1753592273780,04:57:53.780,gateio,AERO/USDT:USDT,0.9,20.0,0.8999,219.0,0.9013,276.0,0.9014,2368.0
1753592273872,04:57:53.872,gateio,AERO/USDT:USDT,0.9,20.0,0.8999,219.0,0.9013,276.0,0.9014,2368.0
1753592275762,04:57:55.762,gateio,AERO/USDT:USDT,0.9003,219.0,0.9,20.0,0.9013,276.0,0.9014,2368.0
1753592275903,04:57:55.903,gateio,AERO/USDT:USDT,0.9004,20.0,0.9003,219.0,0.9013,276.0,0.9014,2368.0
1753592276033,04:57:56.033,gateio,AERO/USDT:USDT,0.9004,20.0,0.9003,219.0,0.9013,276.0,0.9014,2368.0
1753592277374,04:57:57.374,gateio,AERO/USDT:USDT,0.9004,20.0,0.8999,219.0,0.9013,276.0,0.9014,2368.0
1753592277539,04:57:57.539,gateio,AERO/USDT:USDT,0.9,20.0,0.8999,219.0,0.9012,1.0,0.9013,276.0
1753592277957,04:57:57.957,gateio,AERO/USDT:USDT,0.9,20.0,0.8999,219.0,0.9012,1.0,0.9013,276.0
1753592280833,04:58:00.833,gateio,AERO/USDT:USDT,0.9,20.0,0.8999,219.0,0.9012,1.0,0.9013,276.0
1753592280848,04:58:00.848,gateio,AERO/USDT:USDT,0.9,20.0,0.8999,219.0,0.9012,1.0,0.9013,276.0
1753592281191,04:58:01.191,gateio,AERO/USDT:USDT,0.9,20.0,0.8999,219.0,0.9012,1.0,0.9013,276.0
1753592281315,04:58:01.315,gateio,AERO/USDT:USDT,0.9,20.0,0.8999,219.0,0.9012,1.0,0.9013,276.0
1753592282659,04:58:02.659,gateio,AERO/USDT:USDT,0.9,20.0,0.8999,219.0,0.9012,1.0,0.9013,495.0
1753592282817,04:58:02.817,gateio,AERO/USDT:USDT,0.9,20.0,0.8999,219.0,0.9012,276.0,0.9013,495.0
1753592283971,04:58:03.971,gateio,AERO/USDT:USDT,0.9,20.0,0.8999,219.0,0.9012,276.0,0.9013,495.0
1753592284432,04:58:04.432,gateio,AERO/USDT:USDT,0.9,20.0,0.8999,219.0,0.9012,276.0,0.9013,495.0
1753592285109,04:58:05.109,gateio,AERO/USDT:USDT,0.9,20.0,0.8999,219.0,0.9012,276.0,0.9013,495.0
1753592285161,04:58:05.161,gateio,AERO/USDT:USDT,0.9,20.0,0.8999,219.0,0.9011,1.0,0.9012,276.0
1753592285318,04:58:05.318,gateio,AERO/USDT:USDT,0.9,20.0,0.8999,219.0,0.9011,277.0,0.9012,276.0
1753592285634,04:58:05.634,gateio,AERO/USDT:USDT,0.9,20.0,0.8999,219.0,0.9011,277.0,0.9012,276.0
1753592286004,04:58:06.004,gateio,AERO/USDT:USDT,0.9,20.0,0.8999,219.0,0.9011,277.0,0.9012,276.0
1753592290434,04:58:10.434,gateio,AERO/USDT:USDT,0.9,20.0,0.8999,219.0,0.9011,277.0,0.9012,276.0
1753592290478,04:58:10.478,gateio,AERO/USDT:USDT,0.9,20.0,0.8999,219.0,0.9012,276.0,0.9013,495.0
1753592290864,04:58:10.864,gateio,AERO/USDT:USDT,0.9,20.0,0.8999,219.0,0.9012,276.0,0.9013,495.0
1753592295233,04:58:15.233,gateio,AERO/USDT:USDT,0.9,20.0,0.8999,219.0,0.9012,276.0,0.9013,495.0
1753592295375,04:58:15.375,gateio,AERO/USDT:USDT,0.9,20.0,0.8999,219.0,0.9012,276.0,0.9013,495.0
1753592296004,04:58:16.004,gateio,AERO/USDT:USDT,0.9,20.0,0.8999,219.0,0.9012,276.0,0.9013,495.0
1753592296694,04:58:16.694,gateio,AERO/USDT:USDT,0.9,20.0,0.8999,219.0,0.9013,495.0,0.9014,2368.0
1753592296997,04:58:16.997,gateio,AERO/USDT:USDT,0.9,20.0,0.8999,219.0,0.9013,495.0,0.9014,2368.0
1753592297849,04:58:17.849,gateio,AERO/USDT:USDT,0.9,20.0,0.8999,219.0,0.9013,276.0,0.9014,2368.0
1753592298026,04:58:18.026,gateio,AERO/USDT:USDT,0.9,20.0,0.8999,219.0,0.9013,495.0,0.9014,2368.0
1753592300033,04:58:20.033,gateio,AERO/USDT:USDT,0.9,20.0,0.8999,219.0,0.9013,495.0,0.9014,2368.0
1753592301294,04:58:21.294,gateio,AERO/USDT:USDT,0.9,20.0,0.8999,219.0,0.9013,276.0,0.9014,2368.0
1753592301475,04:58:21.475,gateio,AERO/USDT:USDT,0.9,20.0,0.8999,219.0,0.9013,495.0,0.9014,2368.0
1753592301632,04:58:21.632,gateio,AERO/USDT:USDT,0.9,20.0,0.8999,219.0,0.9013,276.0,0.9014,2368.0
1753592301658,04:58:21.658,gateio,AERO/USDT:USDT,0.9,20.0,0.8999,219.0,0.9013,276.0,0.9014,2368.0
1753592301828,04:58:21.828,gateio,AERO/USDT:USDT,0.9,20.0,0.8999,219.0,0.9013,276.0,0.9014,2368.0
1753592302238,04:58:22.238,gateio,AERO/USDT:USDT,0.9,20.0,0.8999,219.0,0.9013,495.0,0.9014,2368.0
1753592302346,04:58:22.346,gateio,AERO/USDT:USDT,0.9,20.0,0.8999,219.0,0.9013,495.0,0.9014,2368.0
1753592302648,04:58:22.648,gateio,AERO/USDT:USDT,0.9,20.0,0.8999,219.0,0.9013,495.0,0.9014,2368.0
1753592304834,04:58:24.834,gateio,AERO/USDT:USDT,0.9,20.0,0.8999,219.0,0.9012,276.0,0.9013,495.0
1753592304848,04:58:24.848,gateio,AERO/USDT:USDT,0.9,20.0,0.8999,219.0,0.9012,276.0,0.9013,495.0
1753592308314,04:58:28.314,gateio,AERO/USDT:USDT,0.9,20.0,0.8999,219.0,0.9012,276.0,0.9013,495.0
1753592308361,04:58:28.361,gateio,AERO/USDT:USDT,0.9,20.0,0.8999,219.0,0.9012,276.0,0.9013,495.0
1753592308901,04:58:28.901,gateio,AERO/USDT:USDT,0.9,20.0,0.8999,219.0,0.9012,276.0,0.9013,495.0
1753592309528,04:58:29.528,gateio,AERO/USDT:USDT,0.9,20.0,0.8999,219.0,0.9013,276.0,0.9014,2368.0
1753592309634,04:58:29.634,gateio,AERO/USDT:USDT,0.9,20.0,0.8999,219.0,0.9013,276.0,0.9014,2368.0
1753592309649,04:58:29.649,gateio,AERO/USDT:USDT,0.9,20.0,0.8999,219.0,0.9013,276.0,0.9014,2368.0
1753592309851,04:58:29.851,gateio,AERO/USDT:USDT,0.9,20.0,0.8999,219.0,0.9013,495.0,0.9014,2368.0
1753592311859,04:58:31.859,gateio,AERO/USDT:USDT,0.9,20.0,0.8999,219.0,0.9013,276.0,0.9014,2368.0
1753592314434,04:58:34.434,gateio,AERO/USDT:USDT,0.9,20.0,0.8999,219.0,0.9013,276.0,0.9014,2368.0
1753592314448,04:58:34.448,gateio,AERO/USDT:USDT,0.9,20.0,0.8999,219.0,0.9013,276.0,0.9014,2368.0
1753592315229,04:58:35.229,gateio,AERO/USDT:USDT,0.9,20.0,0.8999,219.0,0.9013,276.0,0.9014,2368.0
1753592317111,04:58:37.111,gateio,AERO/USDT:USDT,0.9,290.0,0.8999,219.0,0.9013,276.0,0.9014,2368.0
1753592317165,04:58:37.165,gateio,AERO/USDT:USDT,0.9,290.0,0.8999,219.0,0.9013,276.0,0.9014,2368.0
1753592318244,04:58:38.244,gateio,AERO/USDT:USDT,0.9003,219.0,0.9001,270.0,0.9016,273.0,0.9017,614.0
1753592318343,04:58:38.343,gateio,AERO/USDT:USDT,0.9004,20.0,0.9003,219.0,0.9016,273.0,0.9017,395.0
1753592318406,04:58:38.406,gateio,AERO/USDT:USDT,0.9004,20.0,0.9003,219.0,0.9016,273.0,0.9017,2163.0
1753592318516,04:58:38.516,gateio,AERO/USDT:USDT,0.9004,20.0,0.9003,219.0,0.9016,273.0,0.9017,2163.0
1753592318786,04:58:38.786,gateio,AERO/USDT:USDT,0.9004,20.0,0.9003,219.0,0.9016,273.0,0.9017,2163.0
1753592318945,04:58:38.945,gateio,AERO/USDT:USDT,0.9004,20.0,0.9003,219.0,0.9016,273.0,0.9017,2163.0
1753592319007,04:58:39.007,gateio,AERO/USDT:USDT,0.9004,20.0,0.9003,219.0,0.9016,613.0,0.9017,2163.0
1753592319075,04:58:39.075,gateio,AERO/USDT:USDT,0.9004,20.0,0.9003,219.0,0.9015,270.0,0.9016,613.0
1753592319234,04:58:39.234,gateio,AERO/USDT:USDT,0.9004,20.0,0.9003,219.0,0.9015,270.0,0.9016,613.0
1753592320206,04:58:40.206,gateio,AERO/USDT:USDT,0.9004,20.0,0.9003,219.0,0.9015,270.0,0.9016,613.0
1753592320314,04:58:40.314,gateio,AERO/USDT:USDT,0.9004,20.0,0.9003,219.0,0.9015,270.0,0.9016,613.0
1753592320424,04:58:40.424,gateio,AERO/USDT:USDT,0.9004,20.0,0.9003,219.0,0.9015,270.0,0.9016,613.0
1753592321237,04:58:41.237,gateio,AERO/USDT:USDT,0.9004,20.0,0.9003,219.0,0.9015,270.0,0.9016,613.0
1753592321329,04:58:41.329,gateio,AERO/USDT:USDT,0.9004,20.0,0.9003,219.0,0.9015,270.0,0.9016,613.0
1753592322008,04:58:42.008,gateio,AERO/USDT:USDT,0.9004,20.0,0.9003,219.0,0.9015,270.0,0.9016,613.0
1753592322271,04:58:42.271,gateio,AERO/USDT:USDT,0.9004,20.0,0.9003,219.0,0.9015,270.0,0.9016,613.0
1753592322356,04:58:42.356,gateio,AERO/USDT:USDT,0.9004,20.0,0.9003,219.0,0.9015,270.0,0.9016,613.0
1753592322457,04:58:42.457,gateio,AERO/USDT:USDT,0.9004,20.0,0.9003,219.0,0.9015,270.0,0.9016,613.0
1753592322987,04:58:42.987,gateio,AERO/USDT:USDT,0.9004,20.0,0.9003,219.0,0.9015,270.0,0.9016,613.0
1753592323529,04:58:43.529,gateio,AERO/USDT:USDT,0.9004,20.0,0.9003,219.0,0.9016,273.0,0.9017,2163.0
1753592323554,04:58:43.554,gateio,AERO/USDT:USDT,0.9004,20.0,0.9003,219.0,0.9017,2163.0,0.9018,269.0
1753592324034,04:58:44.034,gateio,AERO/USDT:USDT,0.9004,20.0,0.9003,219.0,0.9017,2163.0,0.9018,269.0
1753592325004,04:58:45.004,gateio,AERO/USDT:USDT,0.9004,20.0,0.9003,219.0,0.9017,2163.0,0.9018,269.0
1753592325295,04:58:45.295,gateio,AERO/USDT:USDT,0.9004,20.0,0.9003,219.0,0.9017,2163.0,0.9018,269.0
1753592325430,04:58:45.430,gateio,AERO/USDT:USDT,0.9004,20.0,0.9003,219.0,0.9017,2163.0,0.9022,271.0
1753592325735,04:58:45.735,gateio,AERO/USDT:USDT,0.9004,20.0,0.9003,219.0,0.9017,2163.0,0.9022,271.0
1753592326007,04:58:46.007,gateio,AERO/USDT:USDT,0.9004,20.0,0.9003,219.0,0.9017,2163.0,0.9022,271.0
1753592327003,04:58:47.003,gateio,AERO/USDT:USDT,0.9004,20.0,0.9003,219.0,0.9017,2163.0,0.9022,271.0
1753592327644,04:58:47.644,gateio,AERO/USDT:USDT,0.9004,295.0,0.9003,219.0,0.9017,1768.0,0.902,421.0
1753592327684,04:58:47.684,gateio,AERO/USDT:USDT,0.9007,219.0,0.9004,295.0,0.9017,1768.0,0.9019,275.0
1753592327783,04:58:47.783,gateio,AERO/USDT:USDT,0.9008,20.0,0.9007,219.0,0.9017,1768.0,0.9019,275.0
1753592328021,04:58:48.021,gateio,AERO/USDT:USDT,0.9008,20.0,0.9007,219.0,0.9017,2098.0,0.9019,275.0
1753592328208,04:58:48.208,gateio,AERO/USDT:USDT,0.9008,20.0,0.9007,219.0,0.9017,2098.0,0.9019,275.0
1753592328528,04:58:48.528,gateio,AERO/USDT:USDT,0.9008,20.0,0.9007,219.0,0.9017,2098.0,0.9019,275.0
1753592328834,04:58:48.834,gateio,AERO/USDT:USDT,0.9008,20.0,0.9007,219.0,0.9017,2098.0,0.9019,275.0
1753592328864,04:58:48.864,gateio,AERO/USDT:USDT,0.9008,20.0,0.9007,219.0,0.9017,2098.0,0.9019,275.0
1753592329720,04:58:49.720,gateio,AERO/USDT:USDT,0.9008,20.0,0.9004,275.0,0.9017,2098.0,0.9019,275.0
1753592329753,04:58:49.753,gateio,AERO/USDT:USDT,0.9005,20.0,0.9004,275.0,0.9017,2098.0,0.9019,275.0
1753592330227,04:58:50.227,gateio,AERO/USDT:USDT,0.9005,20.0,0.9004,275.0,0.9017,2098.0,0.9019,275.0
1753592331755,04:58:51.755,gateio,AERO/USDT:USDT,0.9005,20.0,0.9004,275.0,0.9017,2098.0,0.9019,275.0
1753592331861,04:58:51.861,gateio,AERO/USDT:USDT,0.9005,20.0,0.9004,275.0,0.9017,2098.0,0.9019,275.0
1753592332247,04:58:52.247,gateio,AERO/USDT:USDT,0.9005,20.0,0.9004,275.0,0.9017,2098.0,0.9019,275.0
1753592333634,04:58:53.634,gateio,AERO/USDT:USDT,0.9005,20.0,0.9004,275.0,0.9017,2098.0,0.9019,275.0
1753592333874,04:58:53.874,gateio,AERO/USDT:USDT,0.9005,20.0,0.9004,275.0,0.9017,2098.0,0.9019,275.0
1753592336001,04:58:56.001,gateio,AERO/USDT:USDT,0.9005,20.0,0.9004,275.0,0.9017,2098.0,0.9019,275.0
1753592338435,04:58:58.435,gateio,AERO/USDT:USDT,0.9005,20.0,0.9004,275.0,0.9017,2098.0,0.9019,275.0
1753592338448,04:58:58.448,gateio,AERO/USDT:USDT,0.9005,20.0,0.9004,275.0,0.9017,2098.0,0.9019,275.0
1753592339418,04:58:59.418,gateio,AERO/USDT:USDT,0.9007,219.0,0.9005,20.0,0.9017,2098.0,0.9019,275.0
1753592339510,04:58:59.510,gateio,AERO/USDT:USDT,0.9008,20.0,0.9007,219.0,0.9017,2098.0,0.9019,275.0
1753592339927,04:58:59.927,gateio,AERO/USDT:USDT,0.9008,20.0,0.9007,219.0,0.9017,2098.0,0.9019,275.0
1753592340338,04:59:00.338,gateio,AERO/USDT:USDT,0.9008,20.0,0.9007,219.0,0.9017,2098.0,0.9019,275.0
1753592340711,04:59:00.711,gateio,AERO/USDT:USDT,0.9008,20.0,0.9007,219.0,0.9017,1768.0,0.9019,275.0
1753592340820,04:59:00.820,gateio,AERO/USDT:USDT,0.9008,20.0,0.9007,219.0,0.9017,1768.0,0.9019,275.0
1753592340942,04:59:00.942,gateio,AERO/USDT:USDT,0.9008,20.0,0.9007,219.0,0.9017,1768.0,0.9019,275.0
1753592342003,04:59:02.003,gateio,AERO/USDT:USDT,0.9008,20.0,0.9007,219.0,0.9017,1768.0,0.9019,275.0
1753592343006,04:59:03.006,gateio,AERO/USDT:USDT,0.9008,20.0,0.9007,219.0,0.9017,1768.0,0.9019,275.0
1753592343235,04:59:03.235,gateio,AERO/USDT:USDT,0.9008,20.0,0.9007,219.0,0.9017,1768.0,0.9019,275.0
1753592343249,04:59:03.249,gateio,AERO/USDT:USDT,0.9008,20.0,0.9007,219.0,0.9017,1768.0,0.9019,275.0
1753592343703,04:59:03.703,gateio,AERO/USDT:USDT,0.9008,20.0,0.9007,219.0,0.9017,1768.0,0.9018,338.0
1753592343762,04:59:03.762,gateio,AERO/USDT:USDT,0.9008,20.0,0.9007,219.0,0.9017,1768.0,0.9018,338.0
1753592346006,04:59:06.006,gateio,AERO/USDT:USDT,0.9008,20.0,0.9007,219.0,0.9017,1768.0,0.9018,338.0
1753592348035,04:59:08.035,gateio,AERO/USDT:USDT,0.9008,20.0,0.9007,219.0,0.9017,1768.0,0.9018,338.0
1753592349011,04:59:09.011,gateio,AERO/USDT:USDT,0.9008,20.0,0.9007,219.0,0.9017,1768.0,0.9018,338.0
1753592349224,04:59:09.224,gateio,AERO/USDT:USDT,0.9008,20.0,0.9007,219.0,0.9017,1768.0,0.9018,338.0
1753592349746,04:59:09.746,gateio,AERO/USDT:USDT,0.9008,20.0,0.9007,219.0,0.9017,1768.0,0.9018,338.0
1753592351255,04:59:11.255,gateio,AERO/USDT:USDT,0.9008,20.0,0.9007,219.0,0.9017,1768.0,0.9018,338.0
1753592352836,04:59:12.836,gateio,AERO/USDT:USDT,0.9008,20.0,0.9007,219.0,0.9017,1768.0,0.9018,338.0
1753592357637,04:59:17.637,gateio,AERO/USDT:USDT,0.9008,20.0,0.9007,219.0,0.9017,1768.0,0.9018,338.0
1753592360730,04:59:20.730,gateio,AERO/USDT:USDT,0.9008,20.0,0.9007,219.0,0.9017,1768.0,0.9018,338.0
1753592362437,04:59:22.437,gateio,AERO/USDT:USDT,0.9008,20.0,0.9007,219.0,0.9017,1768.0,0.9018,338.0
1753592365531,04:59:25.531,gateio,AERO/USDT:USDT,0.9008,20.0,0.9004,275.0,0.9017,1768.0,0.9018,338.0
1753592365559,04:59:25.559,gateio,AERO/USDT:USDT,0.9007,219.0,0.9005,20.0,0.9017,1768.0,0.9018,338.0
1753592365732,04:59:25.732,gateio,AERO/USDT:USDT,0.9008,20.0,0.9007,219.0,0.9017,1768.0,0.9018,338.0
1753592366147,04:59:26.147,gateio,AERO/USDT:USDT,0.9008,20.0,0.9007,219.0,0.9017,1768.0,0.9018,338.0
1753592367236,04:59:27.236,gateio,AERO/USDT:USDT,0.9008,20.0,0.9007,219.0,0.9017,1768.0,0.9018,338.0
1753592367361,04:59:27.361,gateio,AERO/USDT:USDT,0.9008,20.0,0.9007,219.0,0.9017,1768.0,0.9018,338.0
1753592368530,04:59:28.530,gateio,AERO/USDT:USDT,0.9008,20.0,0.9007,219.0,0.9017,1768.0,0.9019,602.0
1753592368615,04:59:28.615,gateio,AERO/USDT:USDT,0.9008,20.0,0.9007,219.0,0.9017,1768.0,0.9019,602.0
1753592368737,04:59:28.737,gateio,AERO/USDT:USDT,0.9011,219.0,0.9008,288.0,0.9023,274.0,0.9024,421.0
1753592368814,04:59:28.814,gateio,AERO/USDT:USDT,0.9012,20.0,0.9008,268.0,0.9023,695.0,0.9025,279.0
1753592368858,04:59:28.858,gateio,AERO/USDT:USDT,0.9011,219.0,0.9009,20.0,0.9023,695.0,0.9024,1766.0
1753592368984,04:59:28.984,gateio,AERO/USDT:USDT,0.9012,20.0,0.9011,219.0,0.9023,695.0,0.9024,1766.0
1753592369128,04:59:29.128,gateio,AERO/USDT:USDT,0.9012,20.0,0.9011,219.0,0.9023,695.0,0.9024,1766.0
1753592369179,04:59:29.179,gateio,AERO/USDT:USDT,0.9012,20.0,0.9011,219.0,0.9023,695.0,0.9024,1766.0
1753592369445,04:59:29.445,gateio,AERO/USDT:USDT,0.9012,20.0,0.9011,219.0,0.9023,695.0,0.9024,1766.0
1753592370012,04:59:30.012,gateio,AERO/USDT:USDT,0.9012,20.0,0.9011,219.0,0.9023,695.0,0.9024,1766.0
1753592370168,04:59:30.168,gateio,AERO/USDT:USDT,0.9012,20.0,0.9011,219.0,0.9023,695.0,0.9024,1766.0
1753592370250,04:59:30.250,gateio,AERO/USDT:USDT,0.9012,20.0,0.9011,219.0,0.9023,695.0,0.9024,1766.0
1753592370760,04:59:30.760,gateio,AERO/USDT:USDT,0.9012,20.0,0.9011,219.0,0.9023,1031.0,0.9024,1766.0
1753592371319,04:59:31.319,gateio,AERO/USDT:USDT,0.9012,20.0,0.9011,219.0,0.9023,1031.0,0.9024,1766.0
1753592372036,04:59:32.036,gateio,AERO/USDT:USDT,0.9012,20.0,0.9011,219.0,0.9023,1031.0,0.9024,1766.0
1753592372048,04:59:32.048,gateio,AERO/USDT:USDT,0.9012,20.0,0.9011,219.0,0.9023,1031.0,0.9024,1766.0
1753592372227,04:59:32.227,gateio,AERO/USDT:USDT,0.9012,20.0,0.9011,219.0,0.9023,1031.0,0.9024,1766.0
1753592372329,04:59:32.329,gateio,AERO/USDT:USDT,0.9012,20.0,0.9011,219.0,0.9023,1031.0,0.9024,1766.0
1753592372362,04:59:32.362,gateio,AERO/USDT:USDT,0.9012,20.0,0.9011,219.0,0.9023,1031.0,0.9024,1766.0
1753592372475,04:59:32.475,gateio,AERO/USDT:USDT,0.9012,20.0,0.9011,219.0,0.9022,279.0,0.9023,1031.0
1753592372647,04:59:32.647,gateio,AERO/USDT:USDT,0.9012,20.0,0.9011,219.0,0.9022,279.0,0.9023,1031.0
1753592373003,04:59:33.003,gateio,AERO/USDT:USDT,0.9012,20.0,0.9011,219.0,0.9022,279.0,0.9023,1031.0
1753592373328,04:59:33.328,gateio,AERO/USDT:USDT,0.9012,20.0,0.9011,219.0,0.9022,279.0,0.9023,1031.0
1753592374133,04:59:34.133,gateio,AERO/USDT:USDT,0.9012,20.0,0.9011,219.0,0.9022,279.0,0.9023,1031.0
1753592374272,04:59:34.272,gateio,AERO/USDT:USDT,0.9012,20.0,0.9011,219.0,0.9022,279.0,0.9023,1031.0
1753592375039,04:59:35.039,gateio,AERO/USDT:USDT,0.9012,20.0,0.9011,219.0,0.9022,279.0,0.9023,1031.0
1753592375114,04:59:35.114,gateio,AERO/USDT:USDT,0.9012,20.0,0.9011,219.0,0.9022,279.0,0.9023,1031.0
1753592375328,04:59:35.328,gateio,AERO/USDT:USDT,0.9012,20.0,0.9011,219.0,0.9022,279.0,0.9023,1031.0
1753592376003,04:59:36.003,gateio,AERO/USDT:USDT,0.9012,20.0,0.9011,219.0,0.9022,279.0,0.9023,1031.0
1753592376836,04:59:36.836,gateio,AERO/USDT:USDT,0.9012,20.0,0.9011,219.0,0.9022,279.0,0.9023,1031.0
1753592377398,04:59:37.398,gateio,AERO/USDT:USDT,0.9012,20.0,0.9008,268.0,0.9022,279.0,0.9023,1031.0
1753592377527,04:59:37.527,gateio,AERO/USDT:USDT,0.9011,219.0,0.9009,20.0,0.9022,279.0,0.9023,1031.0
1753592377555,04:59:37.555,gateio,AERO/USDT:USDT,0.9012,20.0,0.9011,219.0,0.9022,279.0,0.9023,1031.0
1753592377942,04:59:37.942,gateio,AERO/USDT:USDT,0.9012,20.0,0.9011,219.0,0.9022,279.0,0.9023,1250.0
1753592377954,04:59:37.954,gateio,AERO/USDT:USDT,0.9012,20.0,0.9011,219.0,0.9021,1.0,0.9022,279.0
1753592378108,04:59:38.108,gateio,AERO/USDT:USDT,0.9012,20.0,0.9008,268.0,0.9021,1.0,0.9022,279.0
1753592378152,04:59:38.152,gateio,AERO/USDT:USDT,0.9009,20.0,0.9008,268.0,0.9021,1.0,0.9022,279.0
1753592378392,04:59:38.392,gateio,AERO/USDT:USDT,0.9009,20.0,0.9008,268.0,0.9021,1.0,0.9022,279.0
1753592378963,04:59:38.963,gateio,AERO/USDT:USDT,0.9011,219.0,0.9009,20.0,0.9021,1.0,0.9022,279.0
1753592379052,04:59:39.052,gateio,AERO/USDT:USDT,0.9012,20.0,0.9011,219.0,0.9021,1.0,0.9022,279.0
1753592379164,04:59:39.164,gateio,AERO/USDT:USDT,0.9012,20.0,0.9011,219.0,0.9021,1.0,0.9022,279.0
1753592379289,04:59:39.289,gateio,AERO/USDT:USDT,0.9012,20.0,0.9011,219.0,0.9021,1.0,0.9022,279.0
1753592379394,04:59:39.394,gateio,AERO/USDT:USDT,0.9012,20.0,0.9011,219.0,0.9021,1.0,0.9022,279.0
1753592379568,04:59:39.568,gateio,AERO/USDT:USDT,0.9012,20.0,0.9011,219.0,0.9021,1.0,0.9022,279.0
1753592379839,04:59:39.839,gateio,AERO/USDT:USDT,0.9012,20.0,0.9011,219.0,0.9021,1.0,0.9022,279.0
1753592381020,04:59:41.020,gateio,AERO/USDT:USDT,0.9012,20.0,0.9011,219.0,0.9021,1.0,0.9022,279.0
1753592381181,04:59:41.181,gateio,AERO/USDT:USDT,0.9012,20.0,0.9011,219.0,0.9021,1.0,0.9022,279.0
1753592381428,04:59:41.428,gateio,AERO/USDT:USDT,0.9012,20.0,0.9011,219.0,0.9021,1.0,0.9022,279.0
1753592381636,04:59:41.636,gateio,AERO/USDT:USDT,0.9012,20.0,0.9011,219.0,0.9021,1.0,0.9022,279.0
1753592383936,04:59:43.936,gateio,AERO/USDT:USDT,0.9012,20.0,0.9011,219.0,0.9021,1.0,0.9022,279.0
1753592383948,04:59:43.948,gateio,AERO/USDT:USDT,0.9012,20.0,0.9011,219.0,0.9021,1.0,0.9022,279.0
1753592385627,04:59:45.627,gateio,AERO/USDT:USDT,0.9012,20.0,0.9011,219.0,0.9021,1.0,0.9022,279.0
1753592385731,04:59:45.731,gateio,AERO/USDT:USDT,0.9012,20.0,0.9011,219.0,0.9021,1766.0,0.9022,279.0
1753592385773,04:59:45.773,gateio,AERO/USDT:USDT,0.9012,20.0,0.9011,219.0,0.9021,1766.0,0.9022,279.0
1753592386437,04:59:46.437,gateio,AERO/USDT:USDT,0.9012,20.0,0.9011,219.0,0.9021,1766.0,0.9022,279.0
1753592387102,04:59:47.102,gateio,AERO/USDT:USDT,0.9012,20.0,0.9011,219.0,0.9021,1766.0,0.9022,279.0
1753592388026,04:59:48.026,gateio,AERO/USDT:USDT,0.9012,20.0,0.9011,219.0,0.9021,1766.0,0.9022,279.0
1753592389028,04:59:49.028,gateio,AERO/USDT:USDT,0.9012,20.0,0.9011,219.0,0.9021,1766.0,0.9022,279.0
1753592389069,04:59:49.069,gateio,AERO/USDT:USDT,0.9012,20.0,0.9011,219.0,0.9021,1766.0,0.9022,279.0
1753592390003,04:59:50.003,gateio,AERO/USDT:USDT,0.9012,20.0,0.9011,219.0,0.9021,1766.0,0.9022,279.0
1753592390171,04:59:50.171,gateio,AERO/USDT:USDT,0.9012,20.0,0.9011,219.0,0.9021,1766.0,0.9022,279.0
1753592391014,04:59:51.014,gateio,AERO/USDT:USDT,0.9012,20.0,0.9011,219.0,0.9021,1766.0,0.9022,279.0
1753592391243,04:59:51.243,gateio,AERO/USDT:USDT,0.9012,20.0,0.9011,219.0,0.9021,1766.0,0.9022,279.0
1753592392005,04:59:52.005,gateio,AERO/USDT:USDT,0.9012,20.0,0.9011,219.0,0.9021,1766.0,0.9022,279.0
1753592392463,04:59:52.463,gateio,AERO/USDT:USDT,0.9012,20.0,0.9011,219.0,0.9021,1766.0,0.9022,279.0
1753592396037,04:59:56.037,gateio,AERO/USDT:USDT,0.9012,20.0,0.9011,219.0,0.9021,1766.0,0.9022,279.0
1753592396555,04:59:56.555,gateio,AERO/USDT:USDT,0.9012,20.0,0.9008,268.0,0.9021,1766.0,0.9022,279.0
1753592396735,04:59:56.735,gateio,AERO/USDT:USDT,0.9011,219.0,0.9009,20.0,0.9021,1766.0,0.9022,279.0
1753592396752,04:59:56.752,gateio,AERO/USDT:USDT,0.9012,20.0,0.9011,219.0,0.9021,1766.0,0.9022,279.0
1753592397431,04:59:57.431,gateio,AERO/USDT:USDT,0.9012,20.0,0.9008,268.0,0.9021,1766.0,0.9022,279.0
1753592397495,04:59:57.495,gateio,AERO/USDT:USDT,0.9011,219.0,0.9009,20.0,0.9021,1766.0,0.9022,279.0
1753592397618,04:59:57.618,gateio,AERO/USDT:USDT,0.9012,20.0,0.9011,219.0,0.9021,1766.0,0.9022,279.0
1753592397693,04:59:57.693,gateio,AERO/USDT:USDT,0.9012,20.0,0.9011,219.0,0.9021,1766.0,0.9022,279.0
1753592398063,04:59:58.063,gateio,AERO/USDT:USDT,0.9012,20.0,0.9011,219.0,0.9021,1766.0,0.9022,279.0
1753592399656,04:59:59.656,gateio,AERO/USDT:USDT,0.9012,20.0,0.9011,219.0,0.9021,1766.0,0.9022,279.0
1753592400031,05:00:00.031,gateio,AERO/USDT:USDT,0.9012,20.0,0.9011,219.0,0.9021,1766.0,0.9022,279.0
1753592400212,05:00:00.212,gateio,AERO/USDT:USDT,0.9012,20.0,0.9011,219.0,0.9021,1766.0,0.9022,279.0
1753592400836,05:00:00.836,gateio,AERO/USDT:USDT,0.9012,20.0,0.9011,219.0,0.9021,1766.0,0.9022,279.0
1753592400849,05:00:00.849,gateio,AERO/USDT:USDT,0.9012,20.0,0.9011,219.0,0.9021,1766.0,0.9022,279.0
1753592401341,05:00:01.341,gateio,AERO/USDT:USDT,0.9012,20.0,0.9008,268.0,0.9021,1766.0,0.9022,279.0
1753592401430,05:00:01.430,gateio,AERO/USDT:USDT,0.9009,20.0,0.9008,268.0,0.9021,1766.0,0.9022,279.0
1753592401466,05:00:01.466,gateio,AERO/USDT:USDT,0.9011,219.0,0.9009,20.0,0.9021,1766.0,0.9022,279.0
1753592401552,05:00:01.552,gateio,AERO/USDT:USDT,0.9012,20.0,0.9011,219.0,0.9021,1766.0,0.9022,279.0
1753592401732,05:00:01.732,gateio,AERO/USDT:USDT,0.9012,20.0,0.9011,219.0,0.9021,1766.0,0.9022,279.0
1753592401878,05:00:01.878,gateio,AERO/USDT:USDT,0.9012,20.0,0.9011,219.0,0.9021,1766.0,0.9022,279.0
1753592402008,05:00:02.008,gateio,AERO/USDT:USDT,0.9012,20.0,0.9011,219.0,0.9021,1766.0,0.9022,279.0
1753592402062,05:00:02.062,gateio,AERO/USDT:USDT,0.9012,20.0,0.9011,219.0,0.9021,1766.0,0.9022,279.0
1753592403008,05:00:03.008,gateio,AERO/USDT:USDT,0.9012,20.0,0.9011,219.0,0.9021,1766.0,0.9022,279.0
1753592403057,05:00:03.057,gateio,AERO/USDT:USDT,0.9012,20.0,0.9011,219.0,0.9021,1766.0,0.9022,279.0
1753592403829,05:00:03.829,gateio,AERO/USDT:USDT,0.9012,20.0,0.9011,219.0,0.9021,1766.0,0.9022,279.0
1753592403889,05:00:03.889,gateio,AERO/USDT:USDT,0.9012,20.0,0.9011,219.0,0.9021,1766.0,0.9022,279.0
1753592404903,05:00:04.903,gateio,AERO/USDT:USDT,0.9012,20.0,0.9011,219.0,0.9021,1766.0,0.9022,279.0
1753592405636,05:00:05.636,gateio,AERO/USDT:USDT,0.9012,20.0,0.9011,219.0,0.9021,1766.0,0.9022,279.0
1753592405730,05:00:05.730,gateio,AERO/USDT:USDT,0.9012,20.0,0.9011,219.0,0.9021,1766.0,0.9022,279.0
1753592406005,05:00:06.005,gateio,AERO/USDT:USDT,0.9012,20.0,0.9011,219.0,0.9021,1766.0,0.9022,279.0
1753592406344,05:00:06.344,gateio,AERO/USDT:USDT,0.9012,20.0,0.9008,268.0,0.9021,1766.0,0.9022,279.0
1753592406429,05:00:06.429,gateio,AERO/USDT:USDT,0.9011,219.0,0.9009,20.0,0.9021,1766.0,0.9022,279.0
1753592406482,05:00:06.482,gateio,AERO/USDT:USDT,0.9012,20.0,0.9011,219.0,0.9021,1766.0,0.9022,279.0
1753592406875,05:00:06.875,gateio,AERO/USDT:USDT,0.9012,20.0,0.9011,219.0,0.9021,1766.0,0.9022,279.0
1753592408003,05:00:08.003,gateio,AERO/USDT:USDT,0.9012,20.0,0.9011,219.0,0.9021,1766.0,0.9022,279.0
1753592408536,05:00:08.536,gateio,AERO/USDT:USDT,0.9012,20.0,0.9007,219.0,0.902,269.0,0.9021,1766.0
1753592408613,05:00:08.613,gateio,AERO/USDT:USDT,0.9008,20.0,0.9007,219.0,0.9019,1.0,0.902,684.0
1753592408693,05:00:08.693,gateio,AERO/USDT:USDT,0.9008,20.0,0.9007,219.0,0.9019,416.0,0.902,269.0
1753592409008,05:00:09.008,gateio,AERO/USDT:USDT,0.9008,20.0,0.9007,219.0,0.9019,416.0,0.902,799.0
1753592409333,05:00:09.333,gateio,AERO/USDT:USDT,0.9008,20.0,0.9007,219.0,0.9018,219.0,0.9019,416.0
1753592409366,05:00:09.366,gateio,AERO/USDT:USDT,0.9008,20.0,0.9007,219.0,0.9018,219.0,0.9019,415.0
1753592409653,05:00:09.653,gateio,AERO/USDT:USDT,0.9008,20.0,0.9007,219.0,0.9019,415.0,0.902,799.0
1753592410437,05:00:10.437,gateio,AERO/USDT:USDT,0.9008,20.0,0.9007,219.0,0.9019,415.0,0.902,799.0
1753592411210,05:00:11.210,gateio,AERO/USDT:USDT,0.9008,20.0,0.9007,219.0,0.9018,219.0,0.9019,415.0
1753592411315,05:00:11.315,gateio,AERO/USDT:USDT,0.9008,20.0,0.9007,219.0,0.9019,415.0,0.902,799.0
1753592412801,05:00:12.801,gateio,AERO/USDT:USDT,0.9008,20.0,0.9007,219.0,0.9018,219.0,0.9019,415.0
1753592414020,05:00:14.020,gateio,AERO/USDT:USDT,0.9008,20.0,0.9004,275.0,0.9018,219.0,0.9019,415.0
1753592414052,05:00:14.052,gateio,AERO/USDT:USDT,0.9005,20.0,0.9004,275.0,0.9018,219.0,0.9019,415.0
1753592414464,05:00:14.464,gateio,AERO/USDT:USDT,0.9005,20.0,0.9004,275.0,0.9018,219.0,0.9019,415.0
1753592415237,05:00:15.237,gateio,AERO/USDT:USDT,0.9005,20.0,0.9004,275.0,0.9018,219.0,0.9019,415.0
1753592415315,05:00:15.315,gateio,AERO/USDT:USDT,0.9007,219.0,0.9005,20.0,0.9019,415.0,0.902,799.0
1753592415352,05:00:15.352,gateio,AERO/USDT:USDT,0.9008,20.0,0.9007,219.0,0.9019,415.0,0.902,799.0
1753592416920,05:00:16.920,gateio,AERO/USDT:USDT,0.9008,20.0,0.9007,219.0,0.9018,219.0,0.9019,415.0
1753592417444,05:00:17.444,gateio,AERO/USDT:USDT,0.9008,20.0,0.9004,275.0,0.9018,219.0,0.9019,415.0
1753592417452,05:00:17.452,gateio,AERO/USDT:USDT,0.9005,20.0,0.9004,275.0,0.9018,219.0,0.9019,415.0
1753592417644,05:00:17.644,gateio,AERO/USDT:USDT,0.9005,20.0,0.9004,275.0,0.9019,415.0,0.902,799.0
1753592417673,05:00:17.673,gateio,AERO/USDT:USDT,0.9005,20.0,0.9004,275.0,0.9018,219.0,0.9019,415.0
1753592419424,05:00:19.424,gateio,AERO/USDT:USDT,0.9005,20.0,0.9004,275.0,0.9019,415.0,0.902,799.0
1753592419570,05:00:19.570,gateio,AERO/USDT:USDT,0.9005,20.0,0.9004,275.0,0.9018,219.0,0.9019,415.0
1753592420037,05:00:20.037,gateio,AERO/USDT:USDT,0.9005,20.0,0.9004,275.0,0.9018,219.0,0.9019,415.0
1753592420250,05:00:20.250,gateio,AERO/USDT:USDT,0.9005,20.0,0.9004,275.0,0.9019,415.0,0.902,799.0
1753592420383,05:00:20.383,gateio,AERO/USDT:USDT,0.9005,20.0,0.9004,275.0,0.9018,219.0,0.9019,415.0
