timestamp,time,symbol,bid1_price,bid1_volume,bid2_price,bid2_volume,ask1_price,ask1_volume,ask2_price,ask2_volume
1753546946008,16:22:26.008,AERO/USDT:USDT,0.9032,567.3,0.9031,445.5,0.9034,124.1,0.9035,767.4
1753546946431,16:22:26.431,AERO/USDT:USDT,0.9032,579.2,0.9031,445.5,0.9034,124.1,0.9035,767.4
1753546946557,16:22:26.557,AERO/USDT:USDT,0.9032,579.2,0.9031,445.5,0.9034,30.7,0.9035,767.4
1753546946702,16:22:26.702,AERO/USDT:USDT,0.9033,93.4,0.9032,579.2,0.9034,30.7,0.9035,767.4
1753546946803,16:22:26.803,AERO/USDT:USDT,0.9033,93.4,0.9032,579.2,0.9034,30.7,0.9035,767.4
1753546947286,16:22:27.286,AERO/USDT:USDT,0.9033,93.4,0.9032,579.2,0.9034,30.7,0.9035,533.8
1753546947405,16:22:27.405,AERO/USDT:USDT,0.9033,93.4,0.9032,579.2,0.9034,30.7,0.9035,533.8
1753546948348,16:22:28.348,AERO/USDT:USDT,0.9033,118.6,0.9032,579.2,0.9034,30.7,0.9035,533.8
1753546948716,16:22:28.716,AERO/USDT:USDT,0.9033,118.6,0.9032,579.2,0.9034,30.7,0.9035,533.8
1753546948902,16:22:28.902,AERO/USDT:USDT,0.9033,118.6,0.9032,579.2,0.9034,30.7,0.9035,533.8
1753546949502,16:22:29.502,AERO/USDT:USDT,0.9033,118.6,0.9032,579.2,0.9034,30.7,0.9035,533.8
1753546949776,16:22:29.776,AERO/USDT:USDT,0.9033,118.6,0.9032,579.2,0.9034,30.7,0.9035,533.8
1753546950186,16:22:30.186,AERO/USDT:USDT,0.9033,118.6,0.9032,579.2,0.9034,30.7,0.9035,533.8
1753546950503,16:22:30.503,AERO/USDT:USDT,0.9033,118.6,0.9032,579.2,0.9034,30.7,0.9035,533.8
1753546950784,16:22:30.784,AERO/USDT:USDT,0.9033,25.2,0.9032,152.0,0.9034,184.6,0.9035,533.8
1753546954202,16:22:34.202,AERO/USDT:USDT,0.9032,152.0,0.9031,452.5,0.9034,184.6,0.9035,533.8
1753546954337,16:22:34.337,AERO/USDT:USDT,0.9032,152.0,0.9031,452.5,0.9034,184.6,0.9035,533.8
1753546954439,16:22:34.439,AERO/USDT:USDT,0.9032,152.0,0.9031,452.5,0.9034,184.6,0.9035,533.8
1753546954705,16:22:34.705,AERO/USDT:USDT,0.9032,152.0,0.9031,452.5,0.9034,184.6,0.9035,533.8
1753546954815,16:22:34.815,AERO/USDT:USDT,0.9032,152.0,0.9031,452.5,0.9034,184.6,0.9035,533.8
1753546955460,16:22:35.460,AERO/USDT:USDT,0.9032,433.7,0.9031,452.5,0.9034,184.6,0.9035,533.8
1753546955868,16:22:35.868,AERO/USDT:USDT,0.9032,433.7,0.9031,452.5,0.9034,184.6,0.9035,533.8
1753546956205,16:22:36.205,AERO/USDT:USDT,0.9032,433.7,0.9031,452.5,0.9034,530.7,0.9035,533.8
1753546956455,16:22:36.455,AERO/USDT:USDT,0.9032,293.6,0.9031,452.5,0.9034,530.7,0.9035,533.8
1753546956985,16:22:36.985,AERO/USDT:USDT,0.9032,293.6,0.9031,452.5,0.9034,530.7,0.9035,533.8
1753546957089,16:22:37.089,AERO/USDT:USDT,0.9032,293.6,0.9031,452.5,0.9034,530.7,0.9035,533.8
1753546958702,16:22:38.702,AERO/USDT:USDT,0.9032,293.6,0.9031,452.5,0.9034,530.7,0.9035,533.8
1753546958971,16:22:38.971,AERO/USDT:USDT,0.9032,293.6,0.9031,452.5,0.9034,530.7,0.9035,533.8
1753546959404,16:22:39.404,AERO/USDT:USDT,0.9032,293.6,0.9031,452.5,0.9034,530.7,0.9035,533.8
1753546960165,16:22:40.165,AERO/USDT:USDT,0.9032,293.6,0.9031,414.0,0.9034,437.3,0.9035,515.5
1753546960376,16:22:40.376,AERO/USDT:USDT,0.9032,293.6,0.9031,254.0,0.9033,93.4,0.9034,395.1
1753546960493,16:22:40.493,AERO/USDT:USDT,0.9032,293.6,0.9031,235.7,0.9033,93.4,0.9034,395.1
1753546960946,16:22:40.946,AERO/USDT:USDT,0.9032,293.6,0.9031,351.7,0.9033,93.4,0.9034,395.1
1753546961102,16:22:41.102,AERO/USDT:USDT,0.9033,140.1,0.9032,293.6,0.9034,376.8,0.9035,515.5
1753546961204,16:22:41.204,AERO/USDT:USDT,0.9033,140.1,0.9032,293.6,0.9034,487.4,0.9035,515.5
1753546961306,16:22:41.306,AERO/USDT:USDT,0.9032,293.6,0.9031,468.8,0.9034,487.4,0.9035,515.5
1753546961603,16:22:41.603,AERO/USDT:USDT,0.9032,293.6,0.9031,468.8,0.9034,487.4,0.9035,515.5
1753546961765,16:22:41.765,AERO/USDT:USDT,0.9032,293.6,0.9031,468.8,0.9034,487.4,0.9035,515.5
1753546962236,16:22:42.236,AERO/USDT:USDT,0.9032,293.6,0.9031,468.8,0.9034,487.4,0.9035,515.5
1753546962907,16:22:42.907,AERO/USDT:USDT,0.9032,293.6,0.9031,468.8,0.9034,487.4,0.9035,515.5
1753546963019,16:22:43.019,AERO/USDT:USDT,0.9032,293.6,0.9031,468.8,0.9034,487.4,0.9035,515.5
1753546963227,16:22:43.227,AERO/USDT:USDT,0.9032,293.6,0.9031,468.8,0.9034,487.4,0.9035,515.5
1753546963335,16:22:43.335,AERO/USDT:USDT,0.9032,293.6,0.9031,468.8,0.9034,487.4,0.9035,515.5
1753546963494,16:22:43.494,AERO/USDT:USDT,0.9032,293.6,0.9031,468.8,0.9034,487.4,0.9035,515.5
1753546963886,16:22:43.886,AERO/USDT:USDT,0.9032,293.6,0.9031,468.8,0.9034,487.4,0.9035,515.5
1753546964069,16:22:44.069,AERO/USDT:USDT,0.9032,293.6,0.9031,468.8,0.9034,487.4,0.9035,515.5
1753546964402,16:22:44.402,AERO/USDT:USDT,0.9032,293.6,0.9031,468.8,0.9034,487.4,0.9035,515.5
1753546964813,16:22:44.813,AERO/USDT:USDT,0.9032,293.6,0.9031,240.1,0.9034,487.4,0.9035,515.5
1753546964951,16:22:44.951,AERO/USDT:USDT,0.9032,302.1,0.9031,240.1,0.9034,487.4,0.9035,515.5
1753546965502,16:22:45.502,AERO/USDT:USDT,0.9032,302.1,0.9031,240.1,0.9034,487.4,0.9035,515.5
1753546965608,16:22:45.608,AERO/USDT:USDT,0.9033,140.1,0.9032,302.1,0.9034,487.4,0.9035,515.5
1753546965741,16:22:45.741,AERO/USDT:USDT,0.9032,302.1,0.9031,240.1,0.9034,487.4,0.9035,515.5
1753546965909,16:22:45.909,AERO/USDT:USDT,0.9032,302.1,0.9031,240.1,0.9034,487.4,0.9035,515.5
1753546966402,16:22:46.402,AERO/USDT:USDT,0.9032,302.1,0.9031,240.1,0.9034,487.4,0.9035,515.5
1753546966512,16:22:46.512,AERO/USDT:USDT,0.9032,302.1,0.9031,240.1,0.9034,487.4,0.9035,515.5
1753546966679,16:22:46.679,AERO/USDT:USDT,0.9032,302.1,0.9031,454.9,0.9034,487.4,0.9035,515.5
1753546966829,16:22:46.829,AERO/USDT:USDT,0.9032,302.1,0.9031,454.9,0.9034,487.4,0.9035,515.5
1753546967302,16:22:47.302,AERO/USDT:USDT,0.9032,302.1,0.9031,454.9,0.9034,487.4,0.9035,515.5
1753546967902,16:22:47.902,AERO/USDT:USDT,0.9032,302.1,0.9031,454.9,0.9034,487.4,0.9035,515.5
1753546968050,16:22:48.050,AERO/USDT:USDT,0.9032,302.1,0.9031,454.9,0.9034,487.4,0.9035,515.5
1753546968271,16:22:48.271,AERO/USDT:USDT,0.9032,302.1,0.9031,454.9,0.9034,487.4,0.9035,515.5
1753546968502,16:22:48.502,AERO/USDT:USDT,0.9032,302.1,0.9031,454.9,0.9034,487.4,0.9035,515.5
1753546968615,16:22:48.615,AERO/USDT:USDT,0.9032,302.1,0.9031,454.9,0.9034,487.4,0.9035,515.5
1753546968960,16:22:48.960,AERO/USDT:USDT,0.9032,318.4,0.9031,454.9,0.9034,487.4,0.9035,515.5
1753546969102,16:22:49.102,AERO/USDT:USDT,0.9032,318.4,0.9031,221.8,0.9034,487.4,0.9035,515.5
1753546969209,16:22:49.209,AERO/USDT:USDT,0.9032,318.4,0.9031,7.0,0.9034,487.4,0.9035,515.5
1753546969663,16:22:49.663,AERO/USDT:USDT,0.9032,318.4,0.9031,441.8,0.9034,487.4,0.9035,515.5
1753546969802,16:22:49.802,AERO/USDT:USDT,0.9032,318.4,0.9031,441.8,0.9034,487.4,0.9035,515.5
1753546970084,16:22:50.084,AERO/USDT:USDT,0.9032,318.4,0.9031,7.0,0.9034,487.4,0.9035,515.5
1753546970302,16:22:50.302,AERO/USDT:USDT,0.9032,318.4,0.9031,7.0,0.9034,487.4,0.9035,515.5
1753546970450,16:22:50.450,AERO/USDT:USDT,0.9032,318.4,0.9031,7.0,0.9034,487.4,0.9035,515.5
1753546970584,16:22:50.584,AERO/USDT:USDT,0.9032,318.4,0.9031,7.0,0.9034,493.3,0.9035,515.5
1753546970709,16:22:50.709,AERO/USDT:USDT,0.9032,318.4,0.9031,7.0,0.9034,493.3,0.9035,515.5
1753546970815,16:22:50.815,AERO/USDT:USDT,0.9032,318.4,0.9031,7.0,0.9034,493.3,0.9035,515.5
1753546971275,16:22:51.275,AERO/USDT:USDT,0.9032,318.4,0.9031,7.0,0.9034,493.3,0.9035,515.5
1753546971386,16:22:51.386,AERO/USDT:USDT,0.9032,318.4,0.9031,7.0,0.9034,493.3,0.9035,515.5
1753546971664,16:22:51.664,AERO/USDT:USDT,0.9032,318.4,0.9031,7.0,0.9034,493.3,0.9035,515.5
1753546971864,16:22:51.864,AERO/USDT:USDT,0.9032,325.9,0.9031,7.0,0.9034,493.3,0.9035,515.5
1753546972115,16:22:52.115,AERO/USDT:USDT,0.9032,325.9,0.9031,7.0,0.9034,493.3,0.9035,515.5
1753546972344,16:22:52.344,AERO/USDT:USDT,0.9032,325.9,0.9031,7.0,0.9034,493.3,0.9035,515.5
1753546972469,16:22:52.469,AERO/USDT:USDT,0.9032,325.9,0.9031,441.8,0.9034,493.3,0.9035,515.5
1753546972701,16:22:52.701,AERO/USDT:USDT,0.9032,325.9,0.9031,441.8,0.9034,493.3,0.9035,515.5
1753546972808,16:22:52.808,AERO/USDT:USDT,0.9032,325.9,0.9031,441.8,0.9034,493.3,0.9035,515.5
1753546973070,16:22:53.070,AERO/USDT:USDT,0.9032,325.9,0.9031,441.8,0.9034,493.3,0.9035,515.5
1753546973173,16:22:53.173,AERO/USDT:USDT,0.9032,325.9,0.9031,441.8,0.9034,493.3,0.9035,515.5
1753546973277,16:22:53.277,AERO/USDT:USDT,0.9032,325.9,0.9031,441.8,0.9034,493.3,0.9035,515.5
1753546973725,16:22:53.725,AERO/USDT:USDT,0.9032,325.9,0.9031,441.8,0.9034,542.7,0.9035,515.5
1753546974802,16:22:54.802,AERO/USDT:USDT,0.9032,325.9,0.9031,447.4,0.9034,542.7,0.9035,515.5
1753546974991,16:22:54.991,AERO/USDT:USDT,0.9032,325.9,0.9031,447.4,0.9034,542.7,0.9035,515.5
1753546975095,16:22:55.095,AERO/USDT:USDT,0.9032,325.9,0.9031,447.4,0.9034,542.7,0.9035,515.5
1753546975509,16:22:55.509,AERO/USDT:USDT,0.9032,325.9,0.9031,447.4,0.9034,542.7,0.9035,515.5
1753546975629,16:22:55.629,AERO/USDT:USDT,0.9032,325.9,0.9031,447.4,0.9034,542.7,0.9035,515.5
1753546975975,16:22:55.975,AERO/USDT:USDT,0.9032,325.9,0.9031,447.4,0.9034,542.7,0.9035,515.5
1753546976102,16:22:56.102,AERO/USDT:USDT,0.9032,325.9,0.9031,447.4,0.9034,542.7,0.9035,515.5
1753546976207,16:22:56.207,AERO/USDT:USDT,0.9032,325.9,0.9031,447.4,0.9034,598.0,0.9035,515.5
1753546976773,16:22:56.773,AERO/USDT:USDT,0.9032,325.9,0.9031,447.4,0.9034,598.0,0.9035,515.5
1753546976995,16:22:56.995,AERO/USDT:USDT,0.9032,325.9,0.9031,447.4,0.9034,598.0,0.9035,515.5
1753546977202,16:22:57.202,AERO/USDT:USDT,0.9032,331.8,0.9031,447.4,0.9034,598.0,0.9035,515.5
1753546977600,16:22:57.600,AERO/USDT:USDT,0.9032,331.8,0.9031,447.4,0.9034,598.0,0.9035,515.5
1753546977802,16:22:57.802,AERO/USDT:USDT,0.9032,331.8,0.9031,447.4,0.9034,598.0,0.9035,515.5
1753546977981,16:22:57.981,AERO/USDT:USDT,0.9032,331.8,0.9031,447.4,0.9034,598.0,0.9035,515.5
1753546978602,16:22:58.602,AERO/USDT:USDT,0.9032,339.9,0.9031,447.4,0.9034,598.0,0.9035,515.5
1753546978885,16:22:58.885,AERO/USDT:USDT,0.9032,339.9,0.9031,447.4,0.9034,598.0,0.9035,515.5
1753546979110,16:22:59.110,AERO/USDT:USDT,0.9032,339.9,0.9031,447.4,0.9034,598.0,0.9035,515.5
1753546979502,16:22:59.502,AERO/USDT:USDT,0.9032,339.9,0.9031,447.4,0.9034,598.0,0.9035,515.5
1753546979756,16:22:59.756,AERO/USDT:USDT,0.9032,339.9,0.9031,447.4,0.9034,598.0,0.9035,515.5
1753546980022,16:23:00.022,AERO/USDT:USDT,0.9032,339.9,0.9031,447.4,0.9034,598.0,0.9035,515.5
1753546980155,16:23:00.155,AERO/USDT:USDT,0.9032,339.9,0.9031,447.4,0.9034,598.0,0.9035,515.5
1753546980261,16:23:00.261,AERO/USDT:USDT,0.9032,339.9,0.9031,12.6,0.9034,598.0,0.9035,515.5
1753546980469,16:23:00.469,AERO/USDT:USDT,0.9032,339.9,0.9031,12.6,0.9033,3349.6,0.9034,755.9
1753546980612,16:23:00.612,AERO/USDT:USDT,0.9032,339.9,0.9031,12.6,0.9033,3349.6,0.9034,755.9
1753546980719,16:23:00.719,AERO/USDT:USDT,0.9032,339.9,0.9031,12.6,0.9033,3349.6,0.9034,755.9
1753546980889,16:23:00.889,AERO/USDT:USDT,0.9032,339.9,0.9031,12.6,0.9033,3349.6,0.9034,755.9
1753546981000,16:23:01.000,AERO/USDT:USDT,0.9032,339.9,0.9031,12.6,0.9033,3349.6,0.9034,755.9
1753546981196,16:23:01.196,AERO/USDT:USDT,0.9032,339.9,0.9031,12.6,0.9033,3349.6,0.9034,755.9
1753546981348,16:23:01.348,AERO/USDT:USDT,0.9032,339.9,0.9031,12.6,0.9033,3694.7,0.9034,409.8
1753546981453,16:23:01.453,AERO/USDT:USDT,0.9032,339.9,0.9031,12.6,0.9033,3694.7,0.9034,409.8
1753546981680,16:23:01.680,AERO/USDT:USDT,0.9032,339.9,0.9031,12.6,0.9033,3694.7,0.9034,409.8
1753546981807,16:23:01.807,AERO/USDT:USDT,0.903,30.9,0.9029,433.5,0.9031,4135.7,0.9032,99.0
1753546981923,16:23:01.923,AERO/USDT:USDT,0.903,12.6,0.9029,433.5,0.9031,4135.7,0.9032,527.5
1753546982033,16:23:02.033,AERO/USDT:USDT,0.9029,415.2,0.9028,727.5,0.903,80.8,0.9031,4135.7
1753546982134,16:23:02.134,AERO/USDT:USDT,0.9025,628.4,0.9024,1288.9,0.9028,919.2,0.903,4282.1
1753546982340,16:23:02.340,AERO/USDT:USDT,0.9024,580.5,0.9023,531.5,0.9025,90.7,0.9026,90.7
1753546982441,16:23:02.441,AERO/USDT:USDT,0.9024,580.5,0.9023,531.5,0.9025,230.8,0.9026,90.7
1753546982756,16:23:02.756,AERO/USDT:USDT,0.9024,580.5,0.9023,531.5,0.9025,3350.1,0.9027,210.1
1753546982857,16:23:02.857,AERO/USDT:USDT,0.9024,580.5,0.9023,531.5,0.9027,158.4,0.9028,158.4
1753546982981,16:23:02.981,AERO/USDT:USDT,0.9026,428.5,0.9025,662.0,0.9029,156.2,0.903,1406.7
1753546983084,16:23:03.084,AERO/USDT:USDT,0.9028,233.5,0.9027,805.8,0.903,1140.4,0.9031,42.2
1753546983369,16:23:03.369,AERO/USDT:USDT,0.9028,233.5,0.9027,805.8,0.903,1267.0,0.9031,42.2
1753546983637,16:23:03.637,AERO/USDT:USDT,0.9028,233.5,0.9027,805.8,0.903,812.4,0.9031,470.7
1753546983746,16:23:03.746,AERO/USDT:USDT,0.9027,805.8,0.9026,512.2,0.903,812.4,0.9031,470.7
1753546983847,16:23:03.847,AERO/USDT:USDT,0.9027,805.8,0.9026,512.2,0.903,812.4,0.9031,470.7
1753546983956,16:23:03.956,AERO/USDT:USDT,0.9027,805.8,0.9026,512.2,0.903,812.4,0.9031,470.7
1753546984062,16:23:04.062,AERO/USDT:USDT,0.9027,805.8,0.9026,512.2,0.903,351.0,0.9031,470.7
1753546984191,16:23:04.191,AERO/USDT:USDT,0.9027,805.8,0.9026,512.2,0.903,351.0,0.9031,470.7
1753546984405,16:23:04.405,AERO/USDT:USDT,0.9027,805.8,0.9026,512.2,0.903,351.0,0.9031,470.7
1753546984511,16:23:04.511,AERO/USDT:USDT,0.9028,233.5,0.9027,824.1,0.903,351.0,0.9031,470.7
1753546984635,16:23:04.635,AERO/USDT:USDT,0.9028,233.5,0.9027,668.4,0.9029,483.1,0.903,351.0
1753546984772,16:23:04.772,AERO/USDT:USDT,0.9028,233.5,0.9027,668.4,0.9029,483.1,0.903,351.0
1753546984945,16:23:04.945,AERO/USDT:USDT,0.9028,233.5,0.9027,668.4,0.9029,483.1,0.903,351.0
1753546985049,16:23:05.049,AERO/USDT:USDT,0.9028,233.5,0.9027,668.4,0.9029,483.1,0.903,351.0
1753546985150,16:23:05.150,AERO/USDT:USDT,0.9028,233.5,0.9027,668.4,0.9029,483.1,0.903,351.0
1753546985254,16:23:05.254,AERO/USDT:USDT,0.9028,233.5,0.9027,668.4,0.9029,483.1,0.903,351.0
1753546985420,16:23:05.420,AERO/USDT:USDT,0.9028,684.2,0.9027,668.4,0.903,351.0,0.9031,470.7
1753546985523,16:23:05.523,AERO/USDT:USDT,0.9028,684.2,0.9027,668.4,0.903,351.0,0.9031,470.7
1753546985625,16:23:05.625,AERO/USDT:USDT,0.9028,684.2,0.9027,668.4,0.903,351.0,0.9031,470.7
1753546985819,16:23:05.819,AERO/USDT:USDT,0.9028,684.2,0.9027,668.4,0.903,351.0,0.9031,470.7
1753546985967,16:23:05.967,AERO/USDT:USDT,0.9028,684.2,0.9027,668.4,0.903,351.0,0.9031,470.7
1753546986070,16:23:06.070,AERO/USDT:USDT,0.9028,684.2,0.9027,682.1,0.903,351.0,0.9031,470.7
1753546986231,16:23:06.231,AERO/USDT:USDT,0.903,233.5,0.9029,771.4,0.9031,5.6,0.9032,30.9
1753546986362,16:23:06.362,AERO/USDT:USDT,0.903,233.5,0.9029,771.4,0.9031,5.6,0.9032,30.9
1753546986472,16:23:06.472,AERO/USDT:USDT,0.903,233.5,0.9029,771.4,0.9031,5.6,0.9032,30.9
1753546986626,16:23:06.626,AERO/USDT:USDT,0.903,233.5,0.9029,591.3,0.9031,5.6,0.9032,30.9
1753546986737,16:23:06.737,AERO/USDT:USDT,0.903,233.5,0.9029,591.3,0.9031,5.6,0.9032,30.9
1753546986879,16:23:06.879,AERO/USDT:USDT,0.903,233.5,0.9029,591.3,0.9031,5.6,0.9032,30.9
1753546987005,16:23:07.005,AERO/USDT:USDT,0.903,233.5,0.9029,591.3,0.9031,5.6,0.9032,30.9
1753546987124,16:23:07.124,AERO/USDT:USDT,0.903,233.5,0.9029,591.3,0.9031,5.6,0.9032,30.9
1753546987341,16:23:07.341,AERO/USDT:USDT,0.903,240.0,0.9029,591.3,0.9031,5.6,0.9032,30.9
1753546987456,16:23:07.456,AERO/USDT:USDT,0.903,240.0,0.9029,591.3,0.9031,5.6,0.9032,30.9
1753546987582,16:23:07.582,AERO/USDT:USDT,0.903,396.2,0.9029,596.9,0.9031,5.6,0.9032,30.9
1753546987902,16:23:07.902,AERO/USDT:USDT,0.903,396.2,0.9029,615.2,0.9033,447.7,0.9034,477.5
1753546988004,16:23:08.004,AERO/USDT:USDT,0.903,396.2,0.9029,615.2,0.9033,447.7,0.9034,477.5
1753546988116,16:23:08.116,AERO/USDT:USDT,0.903,396.2,0.9029,615.2,0.9033,447.7,0.9034,477.5
1753546988292,16:23:08.292,AERO/USDT:USDT,0.903,396.2,0.9029,615.2,0.9033,447.7,0.9034,477.5
1753546988397,16:23:08.397,AERO/USDT:USDT,0.903,396.2,0.9029,615.2,0.9033,447.7,0.9034,477.5
1753546988502,16:23:08.502,AERO/USDT:USDT,0.903,396.2,0.9029,615.2,0.9033,447.7,0.9034,477.5
1753546988802,16:23:08.802,AERO/USDT:USDT,0.903,396.2,0.9029,615.2,0.9033,447.7,0.9034,477.5
1753546988986,16:23:08.986,AERO/USDT:USDT,0.903,396.2,0.9029,615.2,0.9033,447.7,0.9034,477.5
1753546989277,16:23:09.277,AERO/USDT:USDT,0.903,396.2,0.9029,615.2,0.9033,447.7,0.9034,477.5
1753546989444,16:23:09.444,AERO/USDT:USDT,0.9031,25.2,0.903,396.2,0.9033,447.7,0.9034,477.5
1753546989551,16:23:09.551,AERO/USDT:USDT,0.9031,25.2,0.903,396.2,0.9033,447.7,0.9034,477.5
1753546989706,16:23:09.706,AERO/USDT:USDT,0.9031,25.2,0.903,396.2,0.9033,447.7,0.9034,477.5
1753546989910,16:23:09.910,AERO/USDT:USDT,0.9031,25.2,0.903,396.2,0.9033,447.7,0.9034,477.5
1753546990085,16:23:10.085,AERO/USDT:USDT,0.9031,25.2,0.903,396.2,0.9033,447.7,0.9034,477.5
1753546990200,16:23:10.200,AERO/USDT:USDT,0.9031,25.2,0.903,396.2,0.9033,447.7,0.9034,477.5
1753546990304,16:23:10.304,AERO/USDT:USDT,0.9031,25.2,0.903,396.2,0.9033,447.7,0.9034,477.5
1753546990602,16:23:10.602,AERO/USDT:USDT,0.9031,25.2,0.903,396.2,0.9033,447.7,0.9034,477.5
1753546990894,16:23:10.894,AERO/USDT:USDT,0.9031,25.2,0.903,396.2,0.9033,447.7,0.9034,477.5
1753546991030,16:23:11.030,AERO/USDT:USDT,0.9032,140.1,0.9031,181.4,0.9033,12.6,0.9034,477.5
1753546991140,16:23:11.140,AERO/USDT:USDT,0.9032,140.1,0.9031,181.4,0.9033,12.6,0.9034,477.5
1753546991243,16:23:11.243,AERO/USDT:USDT,0.9031,181.4,0.903,502.2,0.9033,12.6,0.9034,477.5
1753546991354,16:23:11.354,AERO/USDT:USDT,0.9031,181.4,0.903,502.2,0.9033,12.6,0.9034,477.5
1753546991572,16:23:11.572,AERO/USDT:USDT,0.9031,181.4,0.903,502.2,0.9033,12.6,0.9034,477.5
1753546991839,16:23:11.839,AERO/USDT:USDT,0.9031,181.4,0.903,502.2,0.9033,12.6,0.9034,477.5
1753546991940,16:23:11.940,AERO/USDT:USDT,0.9031,181.4,0.903,502.2,0.9033,12.6,0.9034,477.5
1753546992280,16:23:12.280,AERO/USDT:USDT,0.9031,193.3,0.903,502.2,0.9033,12.6,0.9034,477.5
1753546992548,16:23:12.548,AERO/USDT:USDT,0.9031,193.3,0.903,502.2,0.9033,12.6,0.9034,477.5
1753546992650,16:23:12.650,AERO/USDT:USDT,0.9031,193.3,0.903,274.4,0.9033,12.6,0.9034,477.5
1753546992846,16:23:12.846,AERO/USDT:USDT,0.9031,193.3,0.903,274.4,0.9033,12.6,0.9034,477.5
1753546992959,16:23:12.959,AERO/USDT:USDT,0.9031,193.3,0.903,274.4,0.9033,12.6,0.9034,477.5
1753546993177,16:23:13.177,AERO/USDT:USDT,0.9031,193.3,0.903,274.4,0.9033,12.6,0.9034,477.5
1753546993486,16:23:13.486,AERO/USDT:USDT,0.9031,193.3,0.903,274.4,0.9033,12.6,0.9034,477.5
1753546993655,16:23:13.655,AERO/USDT:USDT,0.9031,193.3,0.903,280.0,0.9033,12.6,0.9034,477.5
1753546993970,16:23:13.970,AERO/USDT:USDT,0.9032,233.5,0.9031,193.3,0.9033,12.6,0.9034,477.5
1753546994073,16:23:14.073,AERO/USDT:USDT,0.9032,93.4,0.9031,193.3,0.9033,12.6,0.9034,477.5
1753546994205,16:23:14.205,AERO/USDT:USDT,0.9032,93.4,0.9031,193.3,0.9033,12.6,0.9034,477.5
1753546994710,16:23:14.710,AERO/USDT:USDT,0.9032,93.4,0.9031,193.3,0.9033,12.6,0.9034,477.5
1753546995128,16:23:15.128,AERO/USDT:USDT,0.9032,93.4,0.9031,193.3,0.9033,12.6,0.9034,477.5
1753546995234,16:23:15.234,AERO/USDT:USDT,0.9032,93.4,0.9031,193.3,0.9033,12.6,0.9034,477.5
1753546995342,16:23:15.342,AERO/USDT:USDT,0.9032,93.4,0.9031,193.3,0.9033,12.6,0.9034,477.5
1753546995531,16:23:15.531,AERO/USDT:USDT,0.9032,93.4,0.9031,193.3,0.9033,12.6,0.9034,477.5
1753546996063,16:23:16.063,AERO/USDT:USDT,0.9032,93.4,0.9031,193.3,0.9033,12.6,0.9034,477.5
1753546996302,16:23:16.302,AERO/USDT:USDT,0.9032,93.4,0.9031,193.3,0.9033,12.6,0.9034,477.5
1753546996556,16:23:16.556,AERO/USDT:USDT,0.9031,37.1,0.903,288.0,0.9032,563.9,0.9033,599.8
1753546996664,16:23:16.664,AERO/USDT:USDT,0.9031,37.1,0.903,288.0,0.9032,563.9,0.9033,599.8
1753546996910,16:23:16.910,AERO/USDT:USDT,0.9031,37.1,0.903,288.0,0.9033,581.5,0.9034,477.5
1753546997101,16:23:17.101,AERO/USDT:USDT,0.9031,37.1,0.903,288.0,0.9033,581.5,0.9034,477.5
1753546997646,16:23:17.646,AERO/USDT:USDT,0.9031,37.1,0.903,288.0,0.9033,106.0,0.9034,477.5
1753546997824,16:23:17.824,AERO/USDT:USDT,0.9031,37.1,0.903,288.0,0.9033,106.0,0.9034,477.5
1753546998002,16:23:18.002,AERO/USDT:USDT,0.9031,37.1,0.903,288.0,0.9033,106.0,0.9034,477.5
1753546998863,16:23:18.863,AERO/USDT:USDT,0.9031,37.1,0.903,288.0,0.9033,106.0,0.9034,477.5
1753546998969,16:23:18.969,AERO/USDT:USDT,0.9031,37.1,0.903,288.0,0.9033,106.0,0.9034,477.5
1753546999137,16:23:19.137,AERO/USDT:USDT,0.9032,93.4,0.9031,37.1,0.9033,12.6,0.9034,477.5
1753546999240,16:23:19.240,AERO/USDT:USDT,0.9032,93.4,0.9031,37.1,0.9033,12.6,0.9034,477.5
1753546999510,16:23:19.510,AERO/USDT:USDT,0.9032,93.4,0.9031,37.1,0.9033,12.6,0.9034,477.5
1753546999788,16:23:19.788,AERO/USDT:USDT,0.9032,118.6,0.9031,168.1,0.9033,12.6,0.9034,477.5
1753547000189,16:23:20.189,AERO/USDT:USDT,0.9032,118.6,0.9031,168.1,0.9033,12.6,0.9034,477.5
1753547000335,16:23:20.335,AERO/USDT:USDT,0.9032,118.6,0.9031,168.1,0.9033,12.6,0.9034,477.5
1753547000731,16:23:20.731,AERO/USDT:USDT,0.9032,118.6,0.9031,168.1,0.9033,12.6,0.9034,477.5
1753547000949,16:23:20.949,AERO/USDT:USDT,0.9032,118.6,0.9031,168.1,0.9033,12.6,0.9034,477.5
1753547001137,16:23:21.137,AERO/USDT:USDT,0.9032,118.6,0.9031,168.1,0.9033,12.6,0.9034,477.5
1753547001245,16:23:21.245,AERO/USDT:USDT,0.9032,118.6,0.9031,168.1,0.9033,12.6,0.9034,477.5
1753547001452,16:23:21.452,AERO/USDT:USDT,0.9032,118.6,0.9031,168.1,0.9033,12.6,0.9034,477.5
1753547001760,16:23:21.760,AERO/USDT:USDT,0.9032,118.6,0.9031,168.1,0.9033,12.6,0.9034,477.5
1753547001902,16:23:21.902,AERO/USDT:USDT,0.9032,118.6,0.9031,168.1,0.9033,12.6,0.9034,477.5
1753547002117,16:23:22.117,AERO/USDT:USDT,0.9032,118.6,0.9031,168.1,0.9033,12.6,0.9034,477.5
1753547002386,16:23:22.386,AERO/USDT:USDT,0.9032,118.6,0.9031,168.1,0.9033,12.6,0.9034,477.5
1753547002593,16:23:22.593,AERO/USDT:USDT,0.9032,118.6,0.9031,168.1,0.9033,12.6,0.9034,477.5
1753547002841,16:23:22.841,AERO/USDT:USDT,0.9032,118.6,0.9031,168.1,0.9033,12.6,0.9034,477.5
1753547003120,16:23:23.120,AERO/USDT:USDT,0.9032,118.6,0.9031,168.1,0.9033,25.3,0.9034,477.5
1753547003242,16:23:23.242,AERO/USDT:USDT,0.9032,118.6,0.9031,168.1,0.9033,25.3,0.9034,477.5
1753547003465,16:23:23.465,AERO/USDT:USDT,0.9034,517.2,0.9033,296.3,0.9037,464.1,0.9038,453.6
1753547003567,16:23:23.567,AERO/USDT:USDT,0.9035,140.1,0.9034,517.2,0.9037,231.4,0.9038,453.6
1753547003674,16:23:23.674,AERO/USDT:USDT,0.9035,140.1,0.9034,517.2,0.9037,231.4,0.9038,453.6
1753547003931,16:23:23.931,AERO/USDT:USDT,0.9034,164.1,0.9033,519.0,0.9037,231.4,0.9038,453.6
1753547004034,16:23:24.034,AERO/USDT:USDT,0.9034,164.1,0.9033,519.0,0.9037,12.6,0.9038,453.6
1753547004138,16:23:24.138,AERO/USDT:USDT,0.9034,164.1,0.9033,519.0,0.9037,106.0,0.9038,1070.9
1753547004526,16:23:24.526,AERO/USDT:USDT,0.9034,164.1,0.9033,519.0,0.9037,106.0,0.9038,1070.9
1753547005180,16:23:25.180,AERO/USDT:USDT,0.9034,93.4,0.9033,234.5,0.9037,529.8,0.9038,739.7
1753547005468,16:23:25.468,AERO/USDT:USDT,0.9034,93.4,0.9033,520.8,0.9037,529.8,0.9038,453.6
1753547005577,16:23:25.577,AERO/USDT:USDT,0.9034,93.4,0.9033,520.8,0.9036,51.7,0.9037,548.1
1753547005684,16:23:25.684,AERO/USDT:USDT,0.9034,93.4,0.9033,520.8,0.9036,51.7,0.9037,548.1
1753547005941,16:23:25.941,AERO/USDT:USDT,0.9034,93.4,0.9033,520.8,0.9036,51.7,0.9037,548.1
1753547006095,16:23:26.095,AERO/USDT:USDT,0.9034,93.4,0.9033,520.8,0.9036,51.7,0.9037,548.1
1753547006201,16:23:26.201,AERO/USDT:USDT,0.9034,93.4,0.9033,520.8,0.9036,51.7,0.9037,548.1
1753547006412,16:23:26.412,AERO/USDT:USDT,0.9034,93.4,0.9033,520.8,0.9036,51.7,0.9037,548.1
1753547006519,16:23:26.519,AERO/USDT:USDT,0.9034,93.4,0.9033,520.8,0.9036,51.7,0.9037,548.1
1753547006802,16:23:26.802,AERO/USDT:USDT,0.9034,93.4,0.9033,520.8,0.9037,529.8,0.9038,453.6
1753547006962,16:23:26.962,AERO/USDT:USDT,0.9034,93.4,0.9033,520.8,0.9037,529.8,0.9038,453.6
1753547007102,16:23:27.102,AERO/USDT:USDT,0.9034,93.4,0.9033,520.8,0.9037,529.8,0.9038,740.2
1753547007308,16:23:27.308,AERO/USDT:USDT,0.9034,93.4,0.9033,520.8,0.9037,529.8,0.9038,740.2
1753547007469,16:23:27.469,AERO/USDT:USDT,0.9034,93.4,0.9033,520.8,0.9037,529.8,0.9038,740.2
1753547007626,16:23:27.626,AERO/USDT:USDT,0.9034,93.4,0.9033,520.8,0.9037,529.8,0.9038,740.2
1753547008202,16:23:28.202,AERO/USDT:USDT,0.9034,93.4,0.9033,520.8,0.9037,539.4,0.9038,740.2
1753547008802,16:23:28.802,AERO/USDT:USDT,0.9034,93.4,0.9033,520.8,0.9037,539.4,0.9038,740.2
1753547008963,16:23:28.963,AERO/USDT:USDT,0.9034,93.4,0.9033,520.8,0.9037,539.4,0.9038,740.2
1753547009110,16:23:29.110,AERO/USDT:USDT,0.9034,93.4,0.9033,520.8,0.9037,539.4,0.9038,740.2
1753547009430,16:23:29.430,AERO/USDT:USDT,0.9033,78.3,0.9032,562.9,0.9034,140.1,0.9035,150.7
1753547009544,16:23:29.544,AERO/USDT:USDT,0.9033,171.7,0.9032,562.9,0.9035,150.7,0.9036,721.4
1753547009657,16:23:29.657,AERO/USDT:USDT,0.9033,171.7,0.9032,562.9,0.9035,150.7,0.9036,721.4
1753547010102,16:23:30.102,AERO/USDT:USDT,0.9033,196.9,0.9032,537.7,0.9035,150.7,0.9036,721.4
1753547010311,16:23:30.311,AERO/USDT:USDT,0.9033,196.9,0.9032,537.7,0.9035,150.7,0.9036,721.4
1753547010615,16:23:30.615,AERO/USDT:USDT,0.9033,196.9,0.9032,537.7,0.9035,150.7,0.9036,721.4
1753547010866,16:23:30.866,AERO/USDT:USDT,0.9033,178.6,0.9032,537.7,0.9035,5.6,0.9036,721.4
1753547010982,16:23:30.982,AERO/USDT:USDT,0.9033,178.6,0.9032,537.7,0.9035,5.6,0.9036,707.4
1753547011136,16:23:31.136,AERO/USDT:USDT,0.9033,178.6,0.9032,537.7,0.9035,5.6,0.9036,707.4
1753547011360,16:23:31.360,AERO/USDT:USDT,0.9033,178.6,0.9032,537.7,0.9035,5.6,0.9036,707.4
1753547011697,16:23:31.697,AERO/USDT:USDT,0.9033,178.6,0.9032,537.7,0.9035,5.6,0.9036,707.4
1753547011802,16:23:31.802,AERO/USDT:USDT,0.9033,178.6,0.9032,537.7,0.9035,5.6,0.9036,707.4
1753547011909,16:23:31.909,AERO/USDT:USDT,0.9033,178.6,0.9032,537.7,0.9035,5.6,0.9036,707.4
1753547012302,16:23:32.302,AERO/USDT:USDT,0.9033,178.6,0.9032,537.7,0.9035,5.6,0.9036,707.4
1753547012496,16:23:32.496,AERO/USDT:USDT,0.9033,178.6,0.9032,537.7,0.9035,5.6,0.9036,707.4
1753547012902,16:23:32.902,AERO/USDT:USDT,0.9033,178.6,0.9032,537.7,0.9035,5.6,0.9036,707.4
1753547013065,16:23:33.065,AERO/USDT:USDT,0.9033,178.6,0.9032,537.7,0.9035,5.6,0.9036,1084.3
1753547013199,16:23:33.199,AERO/USDT:USDT,0.9033,178.6,0.9032,537.7,0.9035,5.6,0.9036,1084.3
1753547013433,16:23:33.433,AERO/USDT:USDT,0.9033,178.6,0.9032,537.7,0.9035,431.8,0.9036,1084.3
1753547013549,16:23:33.549,AERO/USDT:USDT,0.9033,178.6,0.9032,537.7,0.9035,431.8,0.9036,1084.3
1753547013910,16:23:33.910,AERO/USDT:USDT,0.9033,178.6,0.9032,537.7,0.9035,431.8,0.9036,1084.3
1753547014075,16:23:34.075,AERO/USDT:USDT,0.9033,178.6,0.9032,537.7,0.9035,431.8,0.9036,1084.3
1753547014340,16:23:34.340,AERO/USDT:USDT,0.9033,118.6,0.9032,381.5,0.9035,431.8,0.9036,1039.6
1753547014444,16:23:34.444,AERO/USDT:USDT,0.9033,118.6,0.9032,381.5,0.9035,431.8,0.9036,1039.6
1753547014595,16:23:34.595,AERO/USDT:USDT,0.9033,118.6,0.9032,381.5,0.9035,431.8,0.9036,1039.6
1753547014701,16:23:34.701,AERO/USDT:USDT,0.9033,118.6,0.9032,381.5,0.9035,431.8,0.9036,1039.6
1753547015202,16:23:35.202,AERO/USDT:USDT,0.9033,118.6,0.9032,381.5,0.9035,431.8,0.9036,1039.6
1753547015486,16:23:35.486,AERO/USDT:USDT,0.9033,118.6,0.9032,381.5,0.9035,431.8,0.9036,1039.6
1753547015604,16:23:35.604,AERO/USDT:USDT,0.9033,118.6,0.9032,381.5,0.9035,431.8,0.9036,1039.6
1753547015779,16:23:35.779,AERO/USDT:USDT,0.9033,237.3,0.9032,381.5,0.9035,431.8,0.9036,1039.6
1753547016220,16:23:36.220,AERO/USDT:USDT,0.9033,237.3,0.9032,381.5,0.9035,735.6,0.9036,662.7
1753547016325,16:23:36.325,AERO/USDT:USDT,0.9033,237.3,0.9032,381.5,0.9035,735.6,0.9036,662.7
1753547016492,16:23:36.492,AERO/USDT:USDT,0.9033,412.5,0.9032,381.5,0.9035,735.6,0.9036,662.7
1753547016902,16:23:36.902,AERO/USDT:USDT,0.9033,412.5,0.9032,381.5,0.9035,735.6,0.9036,662.7
1753547017197,16:23:37.197,AERO/USDT:USDT,0.9033,319.1,0.9032,381.5,0.9034,285.2,0.9035,735.6
1753547017321,16:23:37.321,AERO/USDT:USDT,0.9033,319.1,0.9032,90.9,0.9035,735.6,0.9036,662.7
1753547017437,16:23:37.437,AERO/USDT:USDT,0.9033,319.1,0.9032,90.9,0.9035,735.6,0.9036,662.7
1753547017551,16:23:37.551,AERO/USDT:USDT,0.9033,319.1,0.9032,90.9,0.9035,735.6,0.9036,662.7
1753547017956,16:23:37.956,AERO/USDT:USDT,0.9033,319.1,0.9032,90.9,0.9035,735.6,0.9036,662.7
1753547018485,16:23:38.485,AERO/USDT:USDT,0.9033,319.1,0.9032,90.9,0.9035,735.6,0.9036,662.7
1753547018595,16:23:38.595,AERO/USDT:USDT,0.9033,319.1,0.9032,90.9,0.9035,735.6,0.9036,662.7
1753547018710,16:23:38.710,AERO/USDT:USDT,0.9033,319.1,0.9032,90.9,0.9035,735.6,0.9036,662.7
1753547019002,16:23:39.002,AERO/USDT:USDT,0.9033,319.1,0.9032,90.9,0.9035,735.6,0.9036,662.7
1753547019109,16:23:39.109,AERO/USDT:USDT,0.9033,319.1,0.9032,90.9,0.9035,735.6,0.9036,662.7
1753547019337,16:23:39.337,AERO/USDT:USDT,0.9033,319.1,0.9032,90.9,0.9035,735.6,0.9036,662.7
1753547019551,16:23:39.551,AERO/USDT:USDT,0.9033,319.1,0.9032,90.9,0.9035,735.6,0.9036,662.7
1753547020126,16:23:40.126,AERO/USDT:USDT,0.9033,319.1,0.9032,526.7,0.9035,309.4,0.9036,457.1
1753547020278,16:23:40.278,AERO/USDT:USDT,0.9034,140.1,0.9033,319.1,0.9035,309.4,0.9036,457.1
1753547020492,16:23:40.492,AERO/USDT:USDT,0.9034,165.3,0.9033,293.9,0.9035,309.4,0.9036,457.1
1753547020745,16:23:40.745,AERO/USDT:USDT,0.9034,25.2,0.9033,293.9,0.9035,309.4,0.9036,457.1
1753547020863,16:23:40.863,AERO/USDT:USDT,0.9034,25.2,0.9033,293.9,0.9035,309.4,0.9036,457.1
1753547021080,16:23:41.080,AERO/USDT:USDT,0.9034,118.6,0.9033,293.9,0.9035,309.4,0.9036,457.1
1753547021195,16:23:41.195,AERO/USDT:USDT,0.9034,118.6,0.9033,293.9,0.9035,309.4,0.9036,457.1
1753547021302,16:23:41.302,AERO/USDT:USDT,0.9034,118.6,0.9033,293.9,0.9035,309.4,0.9036,457.1
1753547021702,16:23:41.702,AERO/USDT:USDT,0.9034,118.6,0.9033,293.9,0.9035,309.4,0.9036,457.1
1753547022295,16:23:42.295,AERO/USDT:USDT,0.9034,118.6,0.9033,293.9,0.9035,309.4,0.9036,457.1
1753547022402,16:23:42.402,AERO/USDT:USDT,0.9034,118.6,0.9033,293.9,0.9035,309.4,0.9036,457.1
1753547023346,16:23:43.346,AERO/USDT:USDT,0.9034,118.6,0.9033,293.9,0.9035,309.4,0.9036,457.1
1753547023510,16:23:43.510,AERO/USDT:USDT,0.9034,118.6,0.9033,293.9,0.9035,309.4,0.9036,457.1
1753547023812,16:23:43.812,AERO/USDT:USDT,0.9034,118.6,0.9033,293.9,0.9035,33.1,0.9036,30.9
1753547023925,16:23:43.925,AERO/USDT:USDT,0.9034,118.6,0.9033,293.9,0.9035,33.1,0.9036,30.9
1753547024034,16:23:44.034,AERO/USDT:USDT,0.9034,118.6,0.9033,293.9,0.9035,33.1,0.9036,30.9
1753547024288,16:23:44.288,AERO/USDT:USDT,0.9034,118.6,0.9033,293.9,0.9035,33.1,0.9036,30.9
1753547024502,16:23:44.502,AERO/USDT:USDT,0.9034,118.6,0.9033,293.9,0.9035,33.1,0.9036,30.9
1753547024641,16:23:44.641,AERO/USDT:USDT,0.9034,83.4,0.9033,293.9,0.9035,33.1,0.9036,30.9
1753547024809,16:23:44.809,AERO/USDT:USDT,0.9033,293.9,0.9032,526.7,0.9035,126.5,0.9036,30.9
1753547024913,16:23:44.913,AERO/USDT:USDT,0.9033,293.9,0.9032,526.7,0.9035,126.5,0.9036,466.7
1753547025324,16:23:45.324,AERO/USDT:USDT,0.9033,202.3,0.9032,526.7,0.9035,126.5,0.9036,466.7
1753547025426,16:23:45.426,AERO/USDT:USDT,0.9033,202.3,0.9032,526.7,0.9035,126.5,0.9036,466.7
1753547025721,16:23:45.721,AERO/USDT:USDT,0.9033,202.3,0.9032,526.7,0.9035,126.5,0.9036,466.7
1753547025839,16:23:45.839,AERO/USDT:USDT,0.9033,202.3,0.9032,526.7,0.9035,126.5,0.9036,466.7
1753547025946,16:23:45.946,AERO/USDT:USDT,0.9033,202.3,0.9032,526.7,0.9035,126.5,0.9036,466.7
1753547026148,16:23:46.148,AERO/USDT:USDT,0.9033,202.3,0.9032,526.7,0.9035,126.5,0.9036,466.7
1753547026352,16:23:46.352,AERO/USDT:USDT,0.9033,202.3,0.9032,526.7,0.9035,126.5,0.9036,466.7
1753547026502,16:23:46.502,AERO/USDT:USDT,0.9033,202.3,0.9032,526.7,0.9035,126.5,0.9036,466.7
1753547026650,16:23:46.650,AERO/USDT:USDT,0.9034,11.5,0.9033,202.3,0.9035,126.5,0.9036,466.7
1753547027015,16:23:47.015,AERO/USDT:USDT,0.9034,11.5,0.9033,202.3,0.9035,126.5,0.9036,466.7
1753547027217,16:23:47.217,AERO/USDT:USDT,0.9034,11.5,0.9033,202.3,0.9035,126.5,0.9036,466.7
1753547027575,16:23:47.575,AERO/USDT:USDT,0.9034,11.5,0.9033,202.3,0.9035,126.5,0.9036,466.7
1753547027678,16:23:47.678,AERO/USDT:USDT,0.9034,11.5,0.9033,202.3,0.9035,126.5,0.9036,466.7
1753547027898,16:23:47.898,AERO/USDT:USDT,0.9034,11.5,0.9033,202.3,0.9035,126.5,0.9036,466.7
1753547028202,16:23:48.202,AERO/USDT:USDT,0.9034,11.5,0.9033,202.3,0.9035,126.5,0.9036,466.7
1753547028311,16:23:48.311,AERO/USDT:USDT,0.9034,11.5,0.9033,202.3,0.9035,126.5,0.9036,466.7
1753547028755,16:23:48.755,AERO/USDT:USDT,0.9034,11.5,0.9033,202.3,0.9035,126.5,0.9036,466.7
1753547028901,16:23:48.901,AERO/USDT:USDT,0.9034,11.5,0.9033,202.3,0.9035,126.5,0.9036,466.7
1753547029285,16:23:49.285,AERO/USDT:USDT,0.9034,11.5,0.9033,202.3,0.9035,136.1,0.9036,466.7
1753547029802,16:23:49.802,AERO/USDT:USDT,0.9034,11.5,0.9033,202.3,0.9035,136.1,0.9036,466.7
1753547030627,16:23:50.627,AERO/USDT:USDT,0.9034,11.5,0.9033,202.3,0.9035,42.7,0.9036,466.7
1753547030902,16:23:50.902,AERO/USDT:USDT,0.9034,11.5,0.9033,202.3,0.9035,42.7,0.9036,466.7
1753547031302,16:23:51.302,AERO/USDT:USDT,0.9034,26.8,0.9033,187.2,0.9035,136.1,0.9036,466.7
1753547031416,16:23:51.416,AERO/USDT:USDT,0.9034,26.8,0.9033,187.2,0.9035,136.1,0.9036,466.7
1753547031521,16:23:51.521,AERO/USDT:USDT,0.9034,26.8,0.9033,187.2,0.9035,136.1,0.9036,466.7
1753547032602,16:23:52.602,AERO/USDT:USDT,0.9034,26.8,0.9033,187.2,0.9035,136.1,0.9036,466.7
1753547032910,16:23:52.910,AERO/USDT:USDT,0.9034,26.8,0.9033,187.2,0.9035,136.1,0.9036,466.7
1753547033111,16:23:53.111,AERO/USDT:USDT,0.9034,26.8,0.9033,187.2,0.9035,136.1,0.9036,466.7
1753547033277,16:23:53.277,AERO/USDT:USDT,0.9034,26.8,0.9033,187.2,0.9035,136.1,0.9036,466.7
1753547033411,16:23:53.411,AERO/USDT:USDT,0.9034,26.8,0.9033,187.2,0.9035,136.1,0.9036,466.7
1753547033539,16:23:53.539,AERO/USDT:USDT,0.9034,34.2,0.9033,187.2,0.9035,136.1,0.9036,466.7
1753547033645,16:23:53.645,AERO/USDT:USDT,0.9034,34.2,0.9033,187.2,0.9035,136.1,0.9036,466.7
1753547033913,16:23:53.913,AERO/USDT:USDT,0.9034,34.2,0.9033,187.2,0.9035,136.1,0.9036,466.7
1753547034039,16:23:54.039,AERO/USDT:USDT,0.9034,34.2,0.9033,187.2,0.9035,136.1,0.9036,466.7
1753547034197,16:23:54.197,AERO/USDT:USDT,0.9034,42.8,0.9033,187.2,0.9035,136.1,0.9036,466.7
1753547034468,16:23:54.468,AERO/USDT:USDT,0.9034,42.8,0.9033,192.8,0.9035,136.1,0.9036,466.7
1753547034847,16:23:54.847,AERO/USDT:USDT,0.9034,54.6,0.9033,192.8,0.9035,136.1,0.9036,466.7
1753547035415,16:23:55.415,AERO/USDT:USDT,0.9034,54.6,0.9033,192.8,0.9035,136.1,0.9036,466.7
1753547035680,16:23:55.680,AERO/USDT:USDT,0.9034,54.6,0.9033,192.8,0.9035,136.1,0.9036,466.7
1753547035955,16:23:55.955,AERO/USDT:USDT,0.9034,54.6,0.9033,192.8,0.9035,136.1,0.9036,466.7
1753547036059,16:23:56.059,AERO/USDT:USDT,0.9034,54.6,0.9033,192.8,0.9035,136.1,0.9036,466.7
1753547036389,16:23:56.389,AERO/USDT:USDT,0.9034,93.3,0.9033,165.7,0.9035,136.1,0.9036,466.7
1753547036492,16:23:56.492,AERO/USDT:USDT,0.9034,93.3,0.9033,165.7,0.9035,136.1,0.9036,466.7
1753547037108,16:23:57.108,AERO/USDT:USDT,0.9034,93.3,0.9033,165.7,0.9035,136.1,0.9036,466.7
1753547037603,16:23:57.603,AERO/USDT:USDT,0.9034,93.3,0.9033,165.7,0.9035,136.1,0.9036,466.7
1753547037911,16:23:57.911,AERO/USDT:USDT,0.9034,93.3,0.9033,165.7,0.9035,136.1,0.9036,466.7
1753547038185,16:23:58.185,AERO/USDT:USDT,0.9034,93.3,0.9033,165.7,0.9035,136.1,0.9036,466.7
1753547038702,16:23:58.702,AERO/USDT:USDT,0.9034,93.3,0.9033,165.7,0.9035,136.1,0.9036,466.7
1753547039099,16:23:59.099,AERO/USDT:USDT,0.9034,93.3,0.9033,165.7,0.9035,136.1,0.9036,466.7
1753547039205,16:23:59.205,AERO/USDT:USDT,0.9034,93.3,0.9033,165.7,0.9035,136.1,0.9036,466.7
1753547039333,16:23:59.333,AERO/USDT:USDT,0.9034,93.3,0.9033,165.7,0.9035,136.1,0.9036,466.7
1753547039802,16:23:59.802,AERO/USDT:USDT,0.9034,93.3,0.9033,165.7,0.9035,136.1,0.9036,466.7
1753547040151,16:24:00.151,AERO/USDT:USDT,0.9034,93.3,0.9033,165.7,0.9035,136.1,0.9036,466.7
1753547040336,16:24:00.336,AERO/USDT:USDT,0.9034,93.3,0.9033,165.7,0.9035,136.1,0.9036,466.7
1753547040754,16:24:00.754,AERO/USDT:USDT,0.9034,93.3,0.9033,165.7,0.9035,136.1,0.9036,466.7
1753547040902,16:24:00.902,AERO/USDT:USDT,0.9034,93.3,0.9033,165.7,0.9035,136.1,0.9036,466.7
1753547041488,16:24:01.488,AERO/USDT:USDT,0.9034,93.3,0.9033,190.9,0.9035,136.1,0.9036,466.7
1753547042036,16:24:02.036,AERO/USDT:USDT,0.9034,93.3,0.9033,190.9,0.9035,136.1,0.9036,466.7
1753547042602,16:24:02.602,AERO/USDT:USDT,0.9034,93.3,0.9033,190.9,0.9035,136.1,0.9036,466.7
1753547042711,16:24:02.711,AERO/USDT:USDT,0.9034,93.3,0.9033,190.9,0.9035,136.1,0.9036,466.7
1753547043080,16:24:03.080,AERO/USDT:USDT,0.9034,93.3,0.9033,190.9,0.9035,136.1,0.9036,466.7
1753547043185,16:24:03.185,AERO/USDT:USDT,0.9034,93.3,0.9033,190.9,0.9035,136.1,0.9036,466.7
1753547043305,16:24:03.305,AERO/USDT:USDT,0.9034,253.1,0.9033,30.8,0.9035,136.1,0.9036,466.7
1753547043702,16:24:03.702,AERO/USDT:USDT,0.9034,253.1,0.9033,30.8,0.9035,136.1,0.9036,466.7
1753547043847,16:24:03.847,AERO/USDT:USDT,0.9034,253.1,0.9033,30.8,0.9035,136.1,0.9036,466.7
1753547044214,16:24:04.214,AERO/USDT:USDT,0.9034,253.1,0.9033,30.8,0.9035,42.7,0.9036,466.7
1753547044339,16:24:04.339,AERO/USDT:USDT,0.9034,253.1,0.9033,30.8,0.9035,42.7,0.9036,466.7
1753547044471,16:24:04.471,AERO/USDT:USDT,0.9034,377.8,0.9033,30.8,0.9035,42.7,0.9036,466.7
1753547044707,16:24:04.707,AERO/USDT:USDT,0.9034,377.8,0.9033,30.8,0.9035,42.7,0.9036,466.7
1753547044902,16:24:04.902,AERO/USDT:USDT,0.9034,377.8,0.9033,30.8,0.9035,42.7,0.9036,466.7
1753547045191,16:24:05.191,AERO/USDT:USDT,0.9034,377.8,0.9033,30.8,0.9035,42.7,0.9036,466.7
1753547045305,16:24:05.305,AERO/USDT:USDT,0.9034,384.0,0.9033,30.8,0.9035,42.7,0.9036,466.7
1753547045425,16:24:05.425,AERO/USDT:USDT,0.9034,384.0,0.9033,30.8,0.9035,42.7,0.9036,466.7
1753547045821,16:24:05.821,AERO/USDT:USDT,0.9034,384.0,0.9033,30.8,0.9035,42.7,0.9036,466.7
1753547046002,16:24:06.002,AERO/USDT:USDT,0.9034,384.0,0.9033,30.8,0.9035,56.7,0.9036,466.7
1753547046329,16:24:06.329,AERO/USDT:USDT,0.9034,571.7,0.9033,30.8,0.9035,56.7,0.9036,466.7
1753547046487,16:24:06.487,AERO/USDT:USDT,0.9034,571.7,0.9033,30.8,0.9035,42.7,0.9036,466.7
1753547046595,16:24:06.595,AERO/USDT:USDT,0.9034,571.7,0.9033,30.8,0.9035,42.7,0.9036,466.7
1753547046973,16:24:06.973,AERO/USDT:USDT,0.9034,571.7,0.9033,30.8,0.9035,42.7,0.9036,466.7
1753547047085,16:24:07.085,AERO/USDT:USDT,0.9034,571.7,0.9033,42.8,0.9035,42.7,0.9036,466.7
1753547047189,16:24:07.189,AERO/USDT:USDT,0.9034,571.7,0.9033,42.8,0.9035,42.7,0.9036,466.7
1753547047416,16:24:07.416,AERO/USDT:USDT,0.9034,571.7,0.9033,42.8,0.9035,42.7,0.9036,466.7
1753547047602,16:24:07.602,AERO/USDT:USDT,0.9034,571.7,0.9033,42.8,0.9035,42.7,0.9036,466.7
1753547048202,16:24:08.202,AERO/USDT:USDT,0.9034,571.7,0.9033,42.8,0.9035,42.7,0.9036,466.7
1753547048745,16:24:08.745,AERO/USDT:USDT,0.9034,571.7,0.9033,42.8,0.9035,42.7,0.9036,466.7
1753547049230,16:24:09.230,AERO/USDT:USDT,0.9034,571.7,0.9033,42.8,0.9035,42.7,0.9036,466.7
1753547049355,16:24:09.355,AERO/USDT:USDT,0.9034,571.7,0.9033,42.8,0.9035,42.7,0.9036,466.7
1753547050340,16:24:10.340,AERO/USDT:USDT,0.9034,575.6,0.9033,42.8,0.9035,42.7,0.9036,466.7
1753547050483,16:24:10.483,AERO/USDT:USDT,0.9034,575.6,0.9033,42.8,0.9035,42.7,0.9036,466.7
1753547050664,16:24:10.664,AERO/USDT:USDT,0.9034,575.6,0.9033,474.1,0.9035,42.7,0.9036,466.7
1753547051476,16:24:11.476,AERO/USDT:USDT,0.9034,575.6,0.9033,500.5,0.9035,42.7,0.9036,30.9
1753547051673,16:24:11.673,AERO/USDT:USDT,0.9035,233.5,0.9034,575.6,0.9036,30.9,0.9037,245.7
1753547051777,16:24:11.777,AERO/USDT:USDT,0.9035,315.3,0.9034,575.6,0.9037,44.6,0.9038,256.6
1753547051880,16:24:11.880,AERO/USDT:USDT,0.9035,315.3,0.9034,575.6,0.9037,44.6,0.9038,256.6
1753547051983,16:24:11.983,AERO/USDT:USDT,0.9035,315.3,0.9034,575.6,0.9037,44.6,0.9038,256.6
1753547052161,16:24:12.161,AERO/USDT:USDT,0.9035,315.3,0.9034,575.6,0.9037,44.6,0.9038,256.6
1753547052278,16:24:12.278,AERO/USDT:USDT,0.9035,315.3,0.9034,575.6,0.9037,44.6,0.9038,256.6
1753547052408,16:24:12.408,AERO/USDT:USDT,0.9037,140.1,0.9036,431.3,0.9038,256.6,0.9039,306.7
1753547052521,16:24:12.521,AERO/USDT:USDT,0.9037,140.1,0.9036,431.3,0.9038,256.6,0.9039,306.7
1753547052636,16:24:12.636,AERO/USDT:USDT,0.9037,140.1,0.9036,431.3,0.9038,256.6,0.9039,306.7
1753547052922,16:24:12.922,AERO/USDT:USDT,0.9037,140.1,0.9036,431.3,0.9038,256.6,0.9039,306.7
1753547053076,16:24:13.076,AERO/USDT:USDT,0.9036,431.3,0.9035,175.2,0.9038,256.6,0.9039,306.7
1753547053315,16:24:13.315,AERO/USDT:USDT,0.9036,431.3,0.9035,175.2,0.9038,656.8,0.9039,306.7
1753547053420,16:24:13.420,AERO/USDT:USDT,0.9037,11.4,0.9036,431.3,0.9038,656.8,0.9039,306.7
1753547053803,16:24:13.803,AERO/USDT:USDT,0.9037,11.4,0.9036,431.3,0.9038,697.3,0.9039,306.7
1753547054042,16:24:14.042,AERO/USDT:USDT,0.9037,11.4,0.9035,175.2,0.9038,697.3,0.9039,306.7
1753547054146,16:24:14.146,AERO/USDT:USDT,0.9037,11.4,0.9035,175.2,0.9038,697.3,0.9039,306.7
1753547054346,16:24:14.346,AERO/USDT:USDT,0.9037,11.4,0.9035,175.2,0.9038,697.3,0.9039,306.7
1753547054447,16:24:14.447,AERO/USDT:USDT,0.9035,25.2,0.9034,564.1,0.9037,554.2,0.9038,297.1
1753547054627,16:24:14.627,AERO/USDT:USDT,0.9035,25.2,0.9034,564.1,0.9036,191.8,0.9037,559.8
1753547054735,16:24:14.735,AERO/USDT:USDT,0.9035,25.2,0.9034,564.1,0.9036,191.8,0.9037,559.8
1753547054875,16:24:14.875,AERO/USDT:USDT,0.9035,25.2,0.9034,564.1,0.9036,191.8,0.9037,559.8
1753547054988,16:24:14.988,AERO/USDT:USDT,0.9035,25.2,0.9034,564.1,0.9036,191.8,0.9037,559.8
1753547055128,16:24:15.128,AERO/USDT:USDT,0.9035,33.8,0.9034,569.7,0.9036,191.8,0.9037,559.8
1753547055265,16:24:15.265,AERO/USDT:USDT,0.9035,33.8,0.9034,569.7,0.9036,191.8,0.9037,559.8
1753547055648,16:24:15.648,AERO/USDT:USDT,0.9034,569.7,0.9033,68.8,0.9035,93.4,0.9036,710.0
1753547055755,16:24:15.755,AERO/USDT:USDT,0.9034,569.7,0.9033,68.8,0.9035,93.4,0.9036,710.0
1753547056142,16:24:16.142,AERO/USDT:USDT,0.9034,569.7,0.9033,56.8,0.9035,93.4,0.9036,710.0
1753547056605,16:24:16.605,AERO/USDT:USDT,0.9034,569.7,0.9033,39.0,0.9035,93.4,0.9036,710.0
1753547056793,16:24:16.793,AERO/USDT:USDT,0.9034,569.7,0.9033,39.0,0.9035,93.4,0.9036,710.0
1753547056895,16:24:16.895,AERO/USDT:USDT,0.9034,569.7,0.9033,39.0,0.9035,93.4,0.9036,710.0
1753547057032,16:24:17.032,AERO/USDT:USDT,0.9034,569.7,0.9033,39.0,0.9035,93.4,0.9036,710.0
1753547057137,16:24:17.137,AERO/USDT:USDT,0.9034,569.7,0.9033,39.0,0.9035,93.4,0.9036,710.0
1753547057262,16:24:17.262,AERO/USDT:USDT,0.9034,569.7,0.9033,39.0,0.9035,93.4,0.9036,710.0
1753547057405,16:24:17.405,AERO/USDT:USDT,0.9034,569.7,0.9033,39.0,0.9035,93.4,0.9036,710.0
1753547057617,16:24:17.617,AERO/USDT:USDT,0.9034,569.7,0.9033,39.0,0.9035,93.4,0.9036,710.0
1753547057935,16:24:17.935,AERO/USDT:USDT,0.9034,569.7,0.9033,39.0,0.9035,93.4,0.9036,518.2
1753547058235,16:24:18.235,AERO/USDT:USDT,0.9034,569.7,0.9033,39.0,0.9035,93.4,0.9036,518.2
1753547058340,16:24:18.340,AERO/USDT:USDT,0.9034,569.7,0.9033,39.0,0.9035,102.6,0.9036,518.2
1753547058491,16:24:18.491,AERO/USDT:USDT,0.9034,569.7,0.9033,39.0,0.9035,102.6,0.9036,518.2
1753547058908,16:24:18.908,AERO/USDT:USDT,0.9034,569.7,0.9033,39.0,0.9035,1555.0,0.9036,518.2
1753547059015,16:24:19.015,AERO/USDT:USDT,0.9034,569.7,0.9033,39.0,0.9035,1555.0,0.9036,518.2
1753547059509,16:24:19.509,AERO/USDT:USDT,0.9034,569.7,0.9033,39.0,0.9035,1461.6,0.9036,466.5
1753547059626,16:24:19.626,AERO/USDT:USDT,0.9034,569.7,0.9033,39.0,0.9035,1461.6,0.9036,466.5
1753547060655,16:24:20.655,AERO/USDT:USDT,0.9034,569.7,0.9033,39.0,0.9035,1461.6,0.9036,466.5
1753547061278,16:24:21.278,AERO/USDT:USDT,0.9034,569.7,0.9033,51.2,0.9035,1461.6,0.9036,466.5
1753547061418,16:24:21.418,AERO/USDT:USDT,0.9034,569.7,0.9033,51.2,0.9035,1461.6,0.9036,466.5
1753547061729,16:24:21.729,AERO/USDT:USDT,0.9034,596.1,0.9033,24.8,0.9035,1461.6,0.9036,466.5
1753547062021,16:24:22.021,AERO/USDT:USDT,0.9034,596.1,0.9033,24.8,0.9035,1461.6,0.9036,466.5
1753547062232,16:24:22.232,AERO/USDT:USDT,0.9034,596.1,0.9033,24.8,0.9035,1461.6,0.9036,466.5
1753547062802,16:24:22.802,AERO/USDT:USDT,0.9034,596.1,0.9033,24.8,0.9035,1461.6,0.9036,466.5
1753547063034,16:24:23.034,AERO/USDT:USDT,0.9034,596.1,0.9033,24.8,0.9035,1461.6,0.9036,466.5
1753547063396,16:24:23.396,AERO/USDT:USDT,0.9034,596.1,0.9033,24.8,0.9035,1461.6,0.9036,466.5
1753547063502,16:24:23.502,AERO/USDT:USDT,0.9034,596.1,0.9033,24.8,0.9035,1461.6,0.9036,466.5
1753547063871,16:24:23.871,AERO/USDT:USDT,0.9034,596.1,0.9033,24.8,0.9035,1461.6,0.9036,466.5
1753547064535,16:24:24.535,AERO/USDT:USDT,0.9034,596.1,0.9033,24.8,0.9035,1461.6,0.9036,466.5
1753547065349,16:24:25.349,AERO/USDT:USDT,0.9034,596.1,0.9033,24.8,0.9035,1461.6,0.9036,466.5
1753547065506,16:24:25.506,AERO/USDT:USDT,0.9034,596.1,0.9033,24.8,0.9035,1461.6,0.9036,466.5
1753547065615,16:24:25.615,AERO/USDT:USDT,0.9033,24.8,0.9032,128.8,0.9034,51.7,0.9035,417.7
1753547065716,16:24:25.716,AERO/USDT:USDT,0.9033,24.8,0.9032,30.9,0.9034,145.1,0.9035,417.7
1753547065819,16:24:25.819,AERO/USDT:USDT,0.9033,24.8,0.9032,30.9,0.9034,145.1,0.9035,417.7
1753547065998,16:24:25.998,AERO/USDT:USDT,0.9033,24.8,0.9032,30.9,0.9034,196.8,0.9035,417.7
1753547066154,16:24:26.154,AERO/USDT:USDT,0.9033,24.8,0.9032,30.9,0.9034,196.8,0.9035,417.7
1753547066338,16:24:26.338,AERO/USDT:USDT,0.9033,24.8,0.9032,30.9,0.9034,196.8,0.9035,417.7
1753547066485,16:24:26.485,AERO/USDT:USDT,0.9033,24.8,0.9032,30.9,0.9034,196.8,0.9035,417.7
1753547066588,16:24:26.588,AERO/USDT:USDT,0.9033,24.8,0.9032,30.9,0.9034,196.8,0.9035,417.7
1753547066711,16:24:26.711,AERO/USDT:USDT,0.9033,12.6,0.9032,30.9,0.9034,196.8,0.9035,417.7
1753547066844,16:24:26.844,AERO/USDT:USDT,0.9033,12.6,0.9032,30.9,0.9034,196.8,0.9035,417.7
1753547067245,16:24:27.245,AERO/USDT:USDT,0.9033,12.6,0.9032,30.9,0.9034,93.4,0.9035,417.7
1753547068218,16:24:28.218,AERO/USDT:USDT,0.9033,12.6,0.9032,30.9,0.9034,93.4,0.9035,417.7
1753547068341,16:24:28.341,AERO/USDT:USDT,0.9033,12.6,0.9032,30.9,0.9034,93.4,0.9035,417.7
1753547068465,16:24:28.465,AERO/USDT:USDT,0.9033,12.6,0.9032,30.9,0.9034,93.4,0.9035,417.7
1753547068598,16:24:28.598,AERO/USDT:USDT,0.9033,12.6,0.9032,30.9,0.9034,93.4,0.9035,417.7
1753547068898,16:24:28.898,AERO/USDT:USDT,0.9033,12.6,0.9032,30.9,0.9034,106.6,0.9035,417.7
1753547069598,16:24:29.598,AERO/USDT:USDT,0.9033,12.6,0.9032,30.9,0.9034,13.2,0.9035,403.7
1753547069994,16:24:29.994,AERO/USDT:USDT,0.9033,436.1,0.9032,30.9,0.9034,13.2,0.9035,403.7
1753547070101,16:24:30.101,AERO/USDT:USDT,0.9033,436.1,0.9032,30.9,0.9034,13.2,0.9035,403.7
1753547070210,16:24:30.210,AERO/USDT:USDT,0.9033,436.1,0.9032,30.9,0.9034,13.2,0.9035,403.7
1753547070569,16:24:30.569,AERO/USDT:USDT,0.9033,436.1,0.9032,40.2,0.9034,13.2,0.9035,403.7
1753547070671,16:24:30.671,AERO/USDT:USDT,0.9033,436.1,0.9032,40.2,0.9034,13.2,0.9035,403.7
1753547070910,16:24:30.910,AERO/USDT:USDT,0.9033,436.1,0.9032,40.2,0.9034,13.2,0.9035,403.7
1753547071219,16:24:31.219,AERO/USDT:USDT,0.9033,436.1,0.9032,40.2,0.9034,13.2,0.9035,403.7
1753547071408,16:24:31.408,AERO/USDT:USDT,0.9033,436.1,0.9032,40.2,0.9034,13.2,0.9035,403.7
1753547071511,16:24:31.511,AERO/USDT:USDT,0.9033,436.1,0.9032,40.2,0.9034,13.2,0.9035,403.7
1753547071702,16:24:31.702,AERO/USDT:USDT,0.9033,436.1,0.9032,40.2,0.9034,13.2,0.9035,403.7
1753547071875,16:24:31.875,AERO/USDT:USDT,0.9033,436.1,0.9032,40.2,0.9034,13.2,0.9035,403.7
1753547072069,16:24:32.069,AERO/USDT:USDT,0.9033,436.1,0.9032,40.2,0.9034,13.2,0.9035,403.7
1753547072218,16:24:32.218,AERO/USDT:USDT,0.9033,436.1,0.9032,40.2,0.9034,13.2,0.9035,403.7
1753547072321,16:24:32.321,AERO/USDT:USDT,0.9033,436.1,0.9032,40.2,0.9034,13.2,0.9035,403.7
1753547072802,16:24:32.802,AERO/USDT:USDT,0.9033,436.1,0.9032,40.2,0.9034,13.2,0.9035,403.7
1753547072936,16:24:32.936,AERO/USDT:USDT,0.9033,436.1,0.9032,40.2,0.9034,13.2,0.9035,403.7
1753547073402,16:24:33.402,AERO/USDT:USDT,0.9033,436.1,0.9032,40.2,0.9034,13.2,0.9035,403.7
1753547073510,16:24:33.510,AERO/USDT:USDT,0.9033,436.1,0.9032,40.2,0.9034,13.2,0.9035,403.7
1753547073682,16:24:33.682,AERO/USDT:USDT,0.9033,436.1,0.9032,40.2,0.9034,13.2,0.9035,403.7
1753547073935,16:24:33.935,AERO/USDT:USDT,0.9034,657.0,0.9033,436.1,0.9035,403.7,0.9036,30.9
1753547074036,16:24:34.036,AERO/USDT:USDT,0.9034,657.0,0.9033,436.1,0.9035,403.7,0.9036,30.9
1753547074502,16:24:34.502,AERO/USDT:USDT,0.9034,657.0,0.9033,436.1,0.9035,403.7,0.9036,30.9
1753547074857,16:24:34.857,AERO/USDT:USDT,0.9034,657.0,0.9033,436.1,0.9035,403.7,0.9036,30.9
1753547075102,16:24:35.102,AERO/USDT:USDT,0.9034,657.0,0.9033,436.1,0.9035,403.7,0.9036,30.9
1753547075383,16:24:35.383,AERO/USDT:USDT,0.9034,720.9,0.9033,436.1,0.9035,403.7,0.9036,30.9
1753547075600,16:24:35.600,AERO/USDT:USDT,0.9035,423.5,0.9034,720.9,0.9036,12.6,0.9037,30.9
1753547075849,16:24:35.849,AERO/USDT:USDT,0.9035,423.5,0.9034,720.9,0.9036,12.6,0.9037,133.8
1753547075996,16:24:35.996,AERO/USDT:USDT,0.9035,423.5,0.9034,720.9,0.9036,12.6,0.9037,133.8
1753547076359,16:24:36.359,AERO/USDT:USDT,0.9035,423.5,0.9034,743.8,0.9036,12.6,0.9037,133.8
1753547076494,16:24:36.494,AERO/USDT:USDT,0.9035,769.6,0.9034,743.8,0.9036,12.6,0.9037,30.9
1753547077103,16:24:37.103,AERO/USDT:USDT,0.9035,769.6,0.9034,743.8,0.9036,12.6,0.9037,30.9
1753547077345,16:24:37.345,AERO/USDT:USDT,0.9035,769.6,0.9034,743.8,0.9036,12.6,0.9037,491.2
1753547077903,16:24:37.903,AERO/USDT:USDT,0.9035,769.6,0.9034,743.8,0.9036,12.6,0.9037,491.2
1753547078370,16:24:38.370,AERO/USDT:USDT,0.9035,769.6,0.9034,743.8,0.9036,12.6,0.9037,491.2
1753547078502,16:24:38.502,AERO/USDT:USDT,0.9035,769.6,0.9034,743.8,0.9036,12.6,0.9037,491.2
1753547078622,16:24:38.622,AERO/USDT:USDT,0.9035,769.6,0.9034,743.8,0.9036,12.6,0.9037,491.2
1753547078873,16:24:38.873,AERO/USDT:USDT,0.9035,769.6,0.9034,743.8,0.9036,12.6,0.9037,491.2
1753547079102,16:24:39.102,AERO/USDT:USDT,0.9035,769.6,0.9034,743.8,0.9036,12.6,0.9037,491.2
1753547079252,16:24:39.252,AERO/USDT:USDT,0.9035,769.6,0.9034,743.8,0.9036,12.6,0.9037,491.2
1753547079373,16:24:39.373,AERO/USDT:USDT,0.9035,769.6,0.9034,743.8,0.9036,12.6,0.9037,491.2
1753547079832,16:24:39.832,AERO/USDT:USDT,0.9035,769.6,0.9034,743.8,0.9036,12.6,0.9037,491.2
1753547080520,16:24:40.520,AERO/USDT:USDT,0.9035,769.6,0.9034,743.8,0.9036,12.6,0.9037,491.2
1753547081112,16:24:41.112,AERO/USDT:USDT,0.9035,769.6,0.9034,743.8,0.9036,12.6,0.9037,491.2
1753547081380,16:24:41.380,AERO/USDT:USDT,0.9035,769.6,0.9034,743.8,0.9036,12.6,0.9037,491.2
1753547081486,16:24:41.486,AERO/USDT:USDT,0.9035,769.6,0.9034,743.8,0.9036,12.6,0.9037,491.2
1753547081758,16:24:41.758,AERO/USDT:USDT,0.9037,140.1,0.9036,431.7,0.9038,53.1,0.9039,57.0
1753547081864,16:24:41.864,AERO/USDT:USDT,0.9037,140.1,0.9036,439.5,0.9039,12.6,0.904,287.1
1753547081970,16:24:41.970,AERO/USDT:USDT,0.9038,153.4,0.9037,477.3,0.904,261.0,0.9041,674.1
1753547082074,16:24:42.074,AERO/USDT:USDT,0.9038,153.4,0.9037,848.8,0.904,261.0,0.9041,674.1
1753547082287,16:24:42.287,AERO/USDT:USDT,0.9038,153.4,0.9037,867.1,0.904,261.0,0.9041,674.1
1753547082405,16:24:42.405,AERO/USDT:USDT,0.9038,153.4,0.9037,867.1,0.904,261.0,0.9041,455.3
1753547082536,16:24:42.536,AERO/USDT:USDT,0.9038,153.4,0.9037,374.6,0.904,261.0,0.9041,455.3
1753547082677,16:24:42.677,AERO/USDT:USDT,0.9038,153.4,0.9037,649.7,0.904,261.0,0.9041,455.3
1753547083066,16:24:43.066,AERO/USDT:USDT,0.9038,153.4,0.9037,649.7,0.904,261.0,0.9041,455.3
1753547083207,16:24:43.207,AERO/USDT:USDT,0.9038,153.4,0.9037,649.7,0.904,261.0,0.9041,455.3
1753547083376,16:24:43.376,AERO/USDT:USDT,0.9038,153.4,0.9037,649.7,0.904,261.0,0.9041,455.3
1753547083668,16:24:43.668,AERO/USDT:USDT,0.9038,153.4,0.9037,649.7,0.904,261.0,0.9041,455.3
1753547083835,16:24:43.835,AERO/USDT:USDT,0.9038,153.4,0.9037,649.7,0.904,261.0,0.9041,455.3
1753547084508,16:24:44.508,AERO/USDT:USDT,0.9038,153.4,0.9037,649.7,0.904,261.0,0.9041,455.3
1753547084911,16:24:44.911,AERO/USDT:USDT,0.9038,153.4,0.9037,649.7,0.904,261.0,0.9041,455.3
1753547085045,16:24:45.045,AERO/USDT:USDT,0.9038,153.4,0.9037,649.7,0.904,261.0,0.9041,455.3
1753547085502,16:24:45.502,AERO/USDT:USDT,0.9038,153.4,0.9037,649.7,0.904,261.0,0.9041,455.3
1753547085607,16:24:45.607,AERO/USDT:USDT,0.9038,153.4,0.9037,649.7,0.904,261.0,0.9041,455.3
1753547085763,16:24:45.763,AERO/USDT:USDT,0.9038,153.4,0.9037,649.7,0.904,261.0,0.9041,455.3
1753547085912,16:24:45.912,AERO/USDT:USDT,0.9038,153.4,0.9037,649.7,0.904,261.0,0.9041,455.3
1753547086015,16:24:46.015,AERO/USDT:USDT,0.9038,153.4,0.9037,649.7,0.904,261.0,0.9041,455.3
1753547086160,16:24:46.160,AERO/USDT:USDT,0.9038,153.4,0.9037,649.7,0.904,261.0,0.9041,455.3
1753547086338,16:24:46.338,AERO/USDT:USDT,0.9038,153.4,0.9037,649.7,0.904,261.0,0.9041,455.3
1753547086675,16:24:46.675,AERO/USDT:USDT,0.9038,153.4,0.9037,649.7,0.904,261.0,0.9041,455.3
1753547087163,16:24:47.163,AERO/USDT:USDT,0.9038,153.4,0.9037,649.7,0.904,261.0,0.9041,455.3
1753547087285,16:24:47.285,AERO/USDT:USDT,0.9038,153.4,0.9037,649.7,0.904,261.0,0.9041,455.3
1753547087502,16:24:47.502,AERO/USDT:USDT,0.9038,153.4,0.9037,649.7,0.904,261.0,0.9041,455.3
1753547087713,16:24:47.713,AERO/USDT:USDT,0.9037,234.5,0.9036,1962.1,0.9039,93.4,0.904,279.3
1753547087815,16:24:47.815,AERO/USDT:USDT,0.9037,234.5,0.9036,1962.1,0.9039,93.4,0.904,279.3
1753547088280,16:24:48.280,AERO/USDT:USDT,0.9037,234.5,0.9036,1962.1,0.9039,93.4,0.904,279.3
1753547088382,16:24:48.382,AERO/USDT:USDT,0.9037,234.5,0.9036,1962.1,0.9039,93.4,0.904,279.3
1753547088769,16:24:48.769,AERO/USDT:USDT,0.9037,234.5,0.9036,1962.1,0.9039,93.4,0.904,279.3
1753547088883,16:24:48.883,AERO/USDT:USDT,0.9038,93.4,0.9037,234.5,0.904,360.1,0.9041,720.0
1753547089197,16:24:49.197,AERO/USDT:USDT,0.9038,93.4,0.9037,234.5,0.9039,51.7,0.904,378.4
1753547089312,16:24:49.312,AERO/USDT:USDT,0.9038,93.4,0.9037,234.5,0.904,360.1,0.9041,720.0
1753547089613,16:24:49.613,AERO/USDT:USDT,0.9037,234.5,0.9036,1962.1,0.9039,145.1,0.904,386.2
1753547089963,16:24:49.963,AERO/USDT:USDT,0.9037,234.5,0.9036,1962.1,0.9039,145.1,0.904,386.2
1753547090075,16:24:50.075,AERO/USDT:USDT,0.9037,234.5,0.9036,1962.1,0.9039,145.1,0.904,386.2
1753547090275,16:24:50.275,AERO/USDT:USDT,0.9037,234.5,0.9036,1962.1,0.904,386.2,0.9041,720.0
1753547090377,16:24:50.377,AERO/USDT:USDT,0.9038,664.1,0.9037,484.6,0.904,261.0,0.9041,295.6
1753547090555,16:24:50.555,AERO/USDT:USDT,0.9038,664.1,0.9037,484.6,0.904,261.0,0.9041,295.6
1753547090675,16:24:50.675,AERO/USDT:USDT,0.9038,664.1,0.9037,484.6,0.904,261.0,0.9041,295.6
1753547090828,16:24:50.828,AERO/USDT:USDT,0.9038,664.1,0.9037,484.6,0.904,261.0,0.9041,295.6
1753547090995,16:24:50.995,AERO/USDT:USDT,0.9038,664.1,0.9037,484.6,0.904,261.0,0.9041,295.6
1753547091355,16:24:51.355,AERO/USDT:USDT,0.9038,664.1,0.9037,484.6,0.904,261.0,0.9041,295.6
1753547091606,16:24:51.606,AERO/USDT:USDT,0.9038,664.1,0.9037,484.6,0.904,261.0,0.9041,295.6
1753547091888,16:24:51.888,AERO/USDT:USDT,0.9038,664.1,0.9037,484.6,0.904,261.0,0.9041,295.6
1753547092065,16:24:52.065,AERO/USDT:USDT,0.9038,664.1,0.9037,484.6,0.904,261.0,0.9041,295.6
1753547092242,16:24:52.242,AERO/USDT:USDT,0.9038,664.1,0.9037,484.6,0.904,261.0,0.9041,295.6
1753547092409,16:24:52.409,AERO/USDT:USDT,0.9038,664.1,0.9037,484.6,0.904,261.0,0.9041,295.6
1753547092702,16:24:52.702,AERO/USDT:USDT,0.9038,664.1,0.9037,484.6,0.904,261.0,0.9041,295.6
1753547093125,16:24:53.125,AERO/USDT:USDT,0.9038,664.1,0.9037,234.5,0.904,261.0,0.9041,295.6
1753547093235,16:24:53.235,AERO/USDT:USDT,0.9038,664.1,0.9037,234.5,0.904,261.0,0.9041,295.6
1753547093487,16:24:53.487,AERO/USDT:USDT,0.9038,670.0,0.9037,234.5,0.904,261.0,0.9041,30.9
1753547093618,16:24:53.618,AERO/USDT:USDT,0.9038,695.2,0.9037,234.5,0.904,261.0,0.9041,30.9
1753547093802,16:24:53.802,AERO/USDT:USDT,0.9038,695.2,0.9037,234.5,0.904,261.0,0.9041,30.9
1753547094293,16:24:54.293,AERO/USDT:USDT,0.9038,695.2,0.9037,234.5,0.904,261.0,0.9041,30.9
1753547094502,16:24:54.502,AERO/USDT:USDT,0.9038,695.2,0.9037,234.5,0.904,261.0,0.9041,30.9
1753547094608,16:24:54.608,AERO/USDT:USDT,0.9038,695.2,0.9037,234.5,0.904,261.0,0.9041,354.7
1753547094898,16:24:54.898,AERO/USDT:USDT,0.9038,695.2,0.9037,234.5,0.904,261.0,0.9041,354.7
1753547095485,16:24:55.485,AERO/USDT:USDT,0.9038,695.2,0.9037,234.5,0.904,261.0,0.9041,354.7
1753547096102,16:24:56.102,AERO/USDT:USDT,0.9038,695.2,0.9037,234.5,0.904,261.0,0.9041,354.7
1753547096339,16:24:56.339,AERO/USDT:USDT,0.9038,695.2,0.9037,234.5,0.904,261.0,0.9041,354.7
1753547096759,16:24:56.759,AERO/USDT:USDT,0.9038,695.2,0.9037,248.4,0.904,261.0,0.9041,354.7
1753547097056,16:24:57.056,AERO/USDT:USDT,0.9038,695.2,0.9037,248.4,0.904,261.0,0.9041,354.7
1753547097295,16:24:57.295,AERO/USDT:USDT,0.9038,708.9,0.9037,248.4,0.904,261.0,0.9041,354.7
1753547097512,16:24:57.512,AERO/USDT:USDT,0.9038,708.9,0.9037,248.4,0.904,261.0,0.9041,354.7
1753547097625,16:24:57.625,AERO/USDT:USDT,0.9038,708.9,0.9037,248.4,0.904,261.0,0.9041,354.7
1753547097990,16:24:57.990,AERO/USDT:USDT,0.9038,708.9,0.9037,248.4,0.904,261.0,0.9041,354.7
1753547098136,16:24:58.136,AERO/USDT:USDT,0.9038,708.9,0.9037,248.4,0.904,261.0,0.9041,354.7
1753547098254,16:24:58.254,AERO/USDT:USDT,0.9038,708.9,0.9037,248.4,0.904,261.0,0.9041,354.7
1753547100107,16:25:00.107,AERO/USDT:USDT,0.9038,568.8,0.9037,234.5,0.904,261.0,0.9041,354.7
1753547100257,16:25:00.257,AERO/USDT:USDT,0.9038,44.8,0.9037,78.3,0.9039,345.7,0.904,564.0
1753547100371,16:25:00.371,AERO/USDT:USDT,0.9037,18.3,0.9036,38.7,0.9038,159.1,0.9039,290.8
1753547100479,16:25:00.479,AERO/USDT:USDT,0.9036,38.7,0.9035,905.1,0.9038,159.1,0.9039,707.6
1753547100585,16:25:00.585,AERO/USDT:USDT,0.9036,20.4,0.9035,905.1,0.9038,159.1,0.9039,707.6
1753547100755,16:25:00.755,AERO/USDT:USDT,0.9036,20.4,0.9035,905.1,0.9038,159.1,0.9039,707.6
1753547100874,16:25:00.874,AERO/USDT:USDT,0.9036,20.4,0.9035,905.1,0.9038,159.1,0.9039,707.6
1753547101102,16:25:01.102,AERO/USDT:USDT,0.9036,113.8,0.9035,905.1,0.9038,93.4,0.9039,707.6
1753547101233,16:25:01.233,AERO/USDT:USDT,0.9036,113.8,0.9035,905.1,0.9038,406.7,0.9039,707.6
1753547101551,16:25:01.551,AERO/USDT:USDT,0.9036,491.5,0.9035,559.0,0.9038,406.7,0.9039,707.6
1753547101655,16:25:01.655,AERO/USDT:USDT,0.9036,491.5,0.9035,545.7,0.9038,406.7,0.9039,707.6
1753547101959,16:25:01.959,AERO/USDT:USDT,0.9036,491.5,0.9035,545.7,0.9038,406.7,0.9039,707.6
1753547102065,16:25:02.065,AERO/USDT:USDT,0.9036,491.5,0.9035,545.7,0.9038,406.7,0.9039,707.6
1753547102630,16:25:02.630,AERO/USDT:USDT,0.9036,491.5,0.9035,545.7,0.9038,406.7,0.9039,707.6
1753547102802,16:25:02.802,AERO/USDT:USDT,0.9036,491.5,0.9035,545.7,0.9038,406.7,0.9039,707.6
1753547103144,16:25:03.144,AERO/USDT:USDT,0.9036,491.5,0.9035,545.7,0.9038,406.7,0.9039,707.6
1753547103297,16:25:03.297,AERO/USDT:USDT,0.9036,491.5,0.9035,545.7,0.9038,406.7,0.9039,707.6
1753547103402,16:25:03.402,AERO/USDT:USDT,0.9036,517.6,0.9035,545.7,0.9038,406.7,0.9039,707.6
1753547103562,16:25:03.562,AERO/USDT:USDT,0.9037,140.1,0.9036,517.3,0.9038,406.7,0.9039,567.5
1753547103665,16:25:03.665,AERO/USDT:USDT,0.9037,140.1,0.9036,517.3,0.9038,313.3,0.9039,515.8
1753547103895,16:25:03.895,AERO/USDT:USDT,0.9036,517.3,0.9035,545.7,0.9038,313.3,0.9039,515.8
1753547104592,16:25:04.592,AERO/USDT:USDT,0.9036,423.9,0.9035,122.2,0.9037,93.4,0.9038,313.3
1753547104782,16:25:04.782,AERO/USDT:USDT,0.9036,423.9,0.9035,122.2,0.9037,93.4,0.9038,318.9
1753547104906,16:25:04.906,AERO/USDT:USDT,0.9036,423.9,0.9035,122.2,0.9037,93.4,0.9038,318.9
1753547105288,16:25:05.288,AERO/USDT:USDT,0.9036,423.9,0.9035,103.9,0.9037,511.8,0.9038,318.9
1753547105406,16:25:05.406,AERO/USDT:USDT,0.9036,423.9,0.9035,103.9,0.9037,511.8,0.9038,318.9
1753547105534,16:25:05.534,AERO/USDT:USDT,0.9036,423.9,0.9035,103.9,0.9037,511.8,0.9038,318.9
1753547105804,16:25:05.804,AERO/USDT:USDT,0.9035,103.9,0.9034,102.6,0.9036,752.6,0.9037,975.2
1753547106153,16:25:06.153,AERO/USDT:USDT,0.9033,215.4,0.9032,565.9,0.9035,590.3,0.9036,619.6
1753547106265,16:25:06.265,AERO/USDT:USDT,0.9033,197.1,0.9032,147.5,0.9034,112.2,0.9035,590.3
1753547106407,16:25:06.407,AERO/USDT:USDT,0.9033,197.1,0.9032,147.5,0.9034,112.2,0.9035,590.3
1753547106612,16:25:06.612,AERO/USDT:USDT,0.9034,422.6,0.9033,197.1,0.9035,538.6,0.9036,167.8
1753547106722,16:25:06.722,AERO/USDT:USDT,0.9036,422.6,0.9035,233.5,0.9037,99.0,0.9038,36.1
1753547106823,16:25:06.823,AERO/USDT:USDT,0.9036,422.6,0.9035,239.1,0.9037,99.0,0.9038,136.8
1753547107245,16:25:07.245,AERO/USDT:USDT,0.9036,422.6,0.9035,239.1,0.9037,5.6,0.9038,136.8
1753547107460,16:25:07.460,AERO/USDT:USDT,0.9035,5.6,0.9034,661.5,0.9037,197.4,0.9038,268.5
1753547107575,16:25:07.575,AERO/USDT:USDT,0.9035,5.6,0.9034,446.5,0.9037,197.4,0.9038,268.5
1753547107759,16:25:07.759,AERO/USDT:USDT,0.9035,5.6,0.9034,446.5,0.9037,197.4,0.9038,268.5
1753547108315,16:25:08.315,AERO/USDT:USDT,0.9035,5.6,0.9034,446.5,0.9037,641.6,0.9038,197.0
1753547108669,16:25:08.669,AERO/USDT:USDT,0.9035,5.6,0.9034,446.5,0.9037,641.6,0.9038,197.0
1753547108774,16:25:08.774,AERO/USDT:USDT,0.9035,428.2,0.9034,428.2,0.9037,501.5,0.9038,197.0
1753547109056,16:25:09.056,AERO/USDT:USDT,0.9035,434.3,0.9034,428.2,0.9037,501.5,0.9038,197.0
1753547109302,16:25:09.302,AERO/USDT:USDT,0.9035,434.3,0.9034,428.2,0.9037,501.5,0.9038,197.0
1753547109843,16:25:09.843,AERO/USDT:USDT,0.9035,434.3,0.9034,428.2,0.9037,501.5,0.9038,136.8
1753547110046,16:25:10.046,AERO/USDT:USDT,0.9035,434.3,0.9034,428.2,0.9037,501.5,0.9038,136.8
1753547110178,16:25:10.178,AERO/USDT:USDT,0.9035,434.3,0.9034,428.2,0.9037,501.5,0.9038,136.8
1753547110386,16:25:10.386,AERO/USDT:USDT,0.9035,434.3,0.9034,428.2,0.9037,501.5,0.9038,136.8
1753547110763,16:25:10.763,AERO/USDT:USDT,0.9035,434.3,0.9034,428.2,0.9037,449.8,0.9038,136.8
1753547110865,16:25:10.865,AERO/USDT:USDT,0.9036,422.6,0.9035,434.3,0.9037,449.8,0.9038,36.1
1753547111013,16:25:11.013,AERO/USDT:USDT,0.9036,422.6,0.9035,434.3,0.9037,449.8,0.9038,36.1
1753547111205,16:25:11.205,AERO/USDT:USDT,0.9036,422.6,0.9035,434.3,0.9037,449.8,0.9038,36.1
1753547111574,16:25:11.574,AERO/USDT:USDT,0.9036,422.6,0.9035,623.5,0.9037,5.6,0.9038,36.1
1753547112085,16:25:12.085,AERO/USDT:USDT,0.9036,422.6,0.9035,623.5,0.9037,5.6,0.9038,36.1
1753547112418,16:25:12.418,AERO/USDT:USDT,0.9036,428.5,0.9035,623.5,0.9037,5.6,0.9038,36.1
1753547112563,16:25:12.563,AERO/USDT:USDT,0.9036,434.4,0.9035,623.5,0.9037,5.6,0.9038,36.1
1753547112763,16:25:12.763,AERO/USDT:USDT,0.9036,434.4,0.9035,623.5,0.9037,5.6,0.9038,36.1
1753547113498,16:25:13.498,AERO/USDT:USDT,0.9036,434.4,0.9035,434.3,0.9037,99.0,0.9038,36.1
1753547113989,16:25:13.989,AERO/USDT:USDT,0.9036,434.4,0.9035,434.3,0.9037,99.0,0.9038,36.1
1753547114091,16:25:14.091,AERO/USDT:USDT,0.9036,11.8,0.9035,434.3,0.9037,99.0,0.9038,458.7
1753547114555,16:25:14.555,AERO/USDT:USDT,0.9036,11.8,0.9035,434.3,0.9037,99.0,0.9038,458.7
1753547114664,16:25:14.664,AERO/USDT:USDT,0.9036,11.8,0.9035,434.3,0.9037,99.0,0.9038,458.7
1753547114773,16:25:14.773,AERO/USDT:USDT,0.9036,11.8,0.9035,434.3,0.9037,99.0,0.9038,458.7
1753547115073,16:25:15.073,AERO/USDT:USDT,0.9035,11.7,0.9034,30.9,0.9036,504.2,0.9037,521.6
1753547115179,16:25:15.179,AERO/USDT:USDT,0.9035,11.7,0.9034,30.9,0.9036,504.2,0.9037,539.9
1753547115317,16:25:15.317,AERO/USDT:USDT,0.9035,11.7,0.9034,30.9,0.9036,504.2,0.9037,539.9
1753547115441,16:25:15.441,AERO/USDT:USDT,0.9035,191.5,0.9034,12.6,0.9036,504.2,0.9037,539.9
1753547115543,16:25:15.543,AERO/USDT:USDT,0.9035,197.3,0.9034,12.6,0.9036,504.2,0.9037,539.9
1753547115749,16:25:15.749,AERO/USDT:USDT,0.9033,30.9,0.9032,57.0,0.9034,80.8,0.9035,773.5
1753547115855,16:25:15.855,AERO/USDT:USDT,0.9033,12.6,0.9032,57.0,0.9034,80.8,0.9035,773.5
1753547115958,16:25:15.958,AERO/USDT:USDT,0.9033,12.6,0.9032,57.0,0.9034,80.8,0.9035,773.5
1753547116134,16:25:16.134,AERO/USDT:USDT,0.9033,12.6,0.9032,57.0,0.9034,80.8,0.9035,791.8
1753547116262,16:25:16.262,AERO/USDT:USDT,0.9033,12.6,0.9032,57.0,0.9034,80.8,0.9035,791.8
1753547116365,16:25:16.365,AERO/USDT:USDT,0.9033,12.6,0.9032,57.0,0.9034,80.8,0.9035,791.8
1753547116502,16:25:16.502,AERO/USDT:USDT,0.9033,12.6,0.9032,57.0,0.9034,80.8,0.9035,791.8
1753547116605,16:25:16.605,AERO/USDT:USDT,0.9033,12.6,0.9032,57.0,0.9034,80.8,0.9035,791.8
1753547116711,16:25:16.711,AERO/USDT:USDT,0.9033,12.6,0.9032,57.0,0.9034,80.8,0.9035,791.8
1753547116965,16:25:16.965,AERO/USDT:USDT,0.9033,12.6,0.9032,57.0,0.9034,80.8,0.9035,791.8
1753547117068,16:25:17.068,AERO/USDT:USDT,0.9033,12.6,0.9032,57.0,0.9034,80.8,0.9035,791.8
1753547117257,16:25:17.257,AERO/USDT:USDT,0.9033,12.6,0.9032,57.0,0.9034,80.8,0.9035,791.8
1753547117623,16:25:17.623,AERO/USDT:USDT,0.9033,12.6,0.9032,57.0,0.9034,80.8,0.9035,791.8
1753547118022,16:25:18.022,AERO/USDT:USDT,0.9033,12.6,0.9032,57.0,0.9034,80.8,0.9035,791.8
1753547118147,16:25:18.147,AERO/USDT:USDT,0.9033,12.6,0.9032,57.0,0.9034,80.8,0.9035,791.8
1753547118250,16:25:18.250,AERO/USDT:USDT,0.9033,12.6,0.9032,57.0,0.9034,80.8,0.9035,791.8
1753547118802,16:25:18.802,AERO/USDT:USDT,0.9037,23825.7,0.9036,156.2,0.9039,324.8,0.904,697.7
1753547118906,16:25:18.906,AERO/USDT:USDT,0.9037,23825.7,0.9036,156.2,0.9039,324.8,0.904,697.7
1753547119011,16:25:19.011,AERO/USDT:USDT,0.9037,23825.7,0.9036,156.2,0.9039,324.8,0.904,697.7
1753547119288,16:25:19.288,AERO/USDT:USDT,0.9038,14.0,0.9037,23825.7,0.9039,106.0,0.904,697.7
1753547119405,16:25:19.405,AERO/USDT:USDT,0.9038,14.0,0.9037,23825.7,0.9039,106.0,0.904,697.7
1753547119513,16:25:19.513,AERO/USDT:USDT,0.9038,14.0,0.9037,23825.7,0.9039,106.0,0.904,697.7
1753547119617,16:25:19.617,AERO/USDT:USDT,0.9037,23825.7,0.9036,156.2,0.9039,106.0,0.904,697.7
1753547119817,16:25:19.817,AERO/USDT:USDT,0.9037,23825.7,0.9036,156.2,0.9039,106.0,0.904,697.7
1753547120002,16:25:20.002,AERO/USDT:USDT,0.9037,23825.7,0.9036,156.2,0.9039,106.0,0.904,697.7
1753547120107,16:25:20.107,AERO/USDT:USDT,0.9037,23825.7,0.9036,156.2,0.9038,7.1,0.9039,145.7
1753547120241,16:25:20.241,AERO/USDT:USDT,0.9037,23825.7,0.9036,156.2,0.9038,7.1,0.9039,145.7
1753547120495,16:25:20.495,AERO/USDT:USDT,0.9037,23825.7,0.9036,156.2,0.9038,7.1,0.9039,145.7
1753547120837,16:25:20.837,AERO/USDT:USDT,0.9037,23825.7,0.9036,156.2,0.9038,7.1,0.9039,145.7
1753547121116,16:25:21.116,AERO/USDT:USDT,0.9037,23825.7,0.9036,156.2,0.9038,7.1,0.9039,145.7
1753547121585,16:25:21.585,AERO/USDT:USDT,0.9037,23825.7,0.9036,156.2,0.9038,7.1,0.9039,145.7
1753547121939,16:25:21.939,AERO/USDT:USDT,0.9037,23825.7,0.9036,156.2,0.9038,7.1,0.9039,145.7
1753547122124,16:25:22.124,AERO/USDT:USDT,0.9037,23825.7,0.9036,161.8,0.9038,14.9,0.9039,145.7
1753547122317,16:25:22.317,AERO/USDT:USDT,0.9037,23825.7,0.9036,161.8,0.9038,14.9,0.9039,145.7
1753547122420,16:25:22.420,AERO/USDT:USDT,0.9037,23825.7,0.9036,161.8,0.9038,14.9,0.9039,145.7
1753547122532,16:25:22.532,AERO/USDT:USDT,0.9037,23825.7,0.9036,161.8,0.9038,14.9,0.9039,124.3
1753547122655,16:25:22.655,AERO/USDT:USDT,0.9037,23825.7,0.9036,161.8,0.9038,14.9,0.9039,124.3
1753547122837,16:25:22.837,AERO/USDT:USDT,0.9037,23825.7,0.9036,161.8,0.9038,14.9,0.9039,124.3
1753547123125,16:25:23.125,AERO/USDT:USDT,0.9037,23825.7,0.9036,5.6,0.9038,32.2,0.9039,124.3
1753547123265,16:25:23.265,AERO/USDT:USDT,0.9037,23825.7,0.9036,5.6,0.9038,32.2,0.9039,124.3
1753547123659,16:25:23.659,AERO/USDT:USDT,0.9037,23825.7,0.9036,5.6,0.9038,44.9,0.9039,124.3
1753547123802,16:25:23.802,AERO/USDT:USDT,0.9037,23825.7,0.9036,5.6,0.9038,44.9,0.9039,124.3
1753547124195,16:25:24.195,AERO/USDT:USDT,0.9037,23825.7,0.9036,5.6,0.9038,44.9,0.9039,124.3
1753547124302,16:25:24.302,AERO/USDT:USDT,0.9037,23825.7,0.9036,11.2,0.9038,44.9,0.9039,555.6
1753547124407,16:25:24.407,AERO/USDT:USDT,0.9037,19040.5,0.9036,29.5,0.9039,623.6,0.904,697.7
1753547124511,16:25:24.511,AERO/USDT:USDT,0.9037,19040.5,0.9036,11.2,0.9039,623.6,0.904,697.7
1753547124622,16:25:24.622,AERO/USDT:USDT,0.9037,19040.5,0.9036,11.2,0.9039,891.9,0.904,697.7
1753547124760,16:25:24.760,AERO/USDT:USDT,0.9034,19.0,0.9033,30.9,0.9035,149.1,0.9036,431.3
1753547124865,16:25:24.865,AERO/USDT:USDT,0.9034,19.0,0.9033,30.9,0.9035,149.1,0.9036,431.3
1753547124996,16:25:24.996,AERO/USDT:USDT,0.9034,19.0,0.9033,30.9,0.9035,149.1,0.9036,431.3
1753547125149,16:25:25.149,AERO/USDT:USDT,0.9034,19.0,0.9033,30.9,0.9035,149.1,0.9036,431.3
1753547125395,16:25:25.395,AERO/USDT:USDT,0.9034,19.0,0.9033,30.9,0.9035,155.0,0.9036,431.3
1753547125605,16:25:25.605,AERO/USDT:USDT,0.9034,19.0,0.9033,30.9,0.9035,155.0,0.9036,431.3
1753547126002,16:25:26.002,AERO/USDT:USDT,0.9034,19.0,0.9033,30.9,0.9035,155.0,0.9036,431.3
1753547126106,16:25:26.106,AERO/USDT:USDT,0.9034,19.0,0.9033,12.6,0.9035,155.0,0.9036,431.3
1753547126209,16:25:26.209,AERO/USDT:USDT,0.9034,19.0,0.9033,12.6,0.9035,155.0,0.9036,431.3
1753547126602,16:25:26.602,AERO/USDT:USDT,0.9034,19.0,0.9033,12.6,0.9035,155.0,0.9036,431.3
1753547127036,16:25:27.036,AERO/USDT:USDT,0.9034,19.0,0.9033,12.6,0.9035,155.0,0.9036,431.3
1753547127202,16:25:27.202,AERO/USDT:USDT,0.9034,19.0,0.9033,12.6,0.9035,160.9,0.9036,431.3
1753547127320,16:25:27.320,AERO/USDT:USDT,0.9034,19.0,0.9033,12.6,0.9035,160.9,0.9036,431.3
1753547127905,16:25:27.905,AERO/USDT:USDT,0.9035,392.5,0.9034,112.4,0.9037,443.9,0.9038,455.2
1753547128059,16:25:28.059,AERO/USDT:USDT,0.9037,93.4,0.9036,493.1,0.9038,23.9,0.9039,730.5
1753547128160,16:25:28.160,AERO/USDT:USDT,0.9037,145.1,0.9036,731.7,0.9038,5.6,0.9039,443.9
1753547128263,16:25:28.263,AERO/USDT:USDT,0.9037,404.4,0.9036,731.7,0.9038,15.2,0.9039,443.9
1753547128368,16:25:28.368,AERO/USDT:USDT,0.9037,404.4,0.9036,304.8,0.9038,15.2,0.9039,443.9
1753547128489,16:25:28.489,AERO/USDT:USDT,0.9036,5.6,0.9035,579.6,0.9038,447.7,0.9039,462.2
1753547128591,16:25:28.591,AERO/USDT:USDT,0.9037,5.9,0.9036,5.6,0.9038,447.7,0.9039,462.2
1753547128692,16:25:28.692,AERO/USDT:USDT,0.9037,5.9,0.9036,5.6,0.9038,447.7,0.9039,462.2
1753547128805,16:25:28.805,AERO/USDT:USDT,0.9037,5.9,0.9036,5.6,0.9038,447.7,0.9039,572.8
1753547128978,16:25:28.978,AERO/USDT:USDT,0.9037,5.9,0.9036,5.6,0.9038,447.7,0.9039,572.8
1753547129098,16:25:29.098,AERO/USDT:USDT,0.9037,5.9,0.9036,5.6,0.9038,447.7,0.9039,572.8
1753547129314,16:25:29.314,AERO/USDT:USDT,0.9037,5.9,0.9036,5.6,0.9038,745.2,0.9039,572.8
1753547129416,16:25:29.416,AERO/USDT:USDT,0.9037,5.9,0.9036,5.6,0.9038,745.2,0.9039,572.8
1753547129616,16:25:29.616,AERO/USDT:USDT,0.9037,5.9,0.9036,5.6,0.9038,831.5,0.9039,572.8
1753547129946,16:25:29.946,AERO/USDT:USDT,0.9037,5.9,0.9036,5.6,0.9038,831.5,0.9039,572.8
1753547130055,16:25:30.055,AERO/USDT:USDT,0.9037,5.9,0.9036,5.6,0.9038,831.5,0.9039,572.8
1753547130455,16:25:30.455,AERO/USDT:USDT,0.9037,5.9,0.9036,5.6,0.9038,831.5,0.9039,572.8
1753547130565,16:25:30.565,AERO/USDT:USDT,0.9037,5.9,0.9036,5.6,0.9038,831.5,0.9039,572.8
1753547130862,16:25:30.862,AERO/USDT:USDT,0.9035,405.1,0.9034,98.9,0.9037,895.6,0.9038,5.6
1753547130966,16:25:30.966,AERO/USDT:USDT,0.9035,405.1,0.9034,98.9,0.9037,895.6,0.9038,23.9
1753547131119,16:25:31.119,AERO/USDT:USDT,0.9035,405.1,0.9034,98.9,0.9037,895.6,0.9038,23.9
1753547132096,16:25:32.096,AERO/USDT:USDT,0.9035,405.1,0.9034,98.9,0.9037,895.6,0.9038,23.9
1753547132602,16:25:32.602,AERO/USDT:USDT,0.9035,405.1,0.9034,98.9,0.9037,895.6,0.9038,23.9
1753547132915,16:25:32.915,AERO/USDT:USDT,0.9035,405.1,0.9034,98.9,0.9037,895.6,0.9038,23.9
1753547133802,16:25:33.802,AERO/USDT:USDT,0.9035,405.1,0.9034,98.9,0.9037,895.6,0.9038,23.9
1753547133913,16:25:33.913,AERO/USDT:USDT,0.9035,405.1,0.9034,98.9,0.9037,895.6,0.9038,23.9
1753547134276,16:25:34.276,AERO/USDT:USDT,0.9035,405.1,0.9034,98.9,0.9037,895.6,0.9038,23.9
1753547134445,16:25:34.445,AERO/USDT:USDT,0.9035,405.1,0.9034,98.9,0.9037,895.6,0.9038,23.9
1753547135331,16:25:35.331,AERO/USDT:USDT,0.9035,405.1,0.9034,98.9,0.9037,895.6,0.9038,23.9
1753547135472,16:25:35.472,AERO/USDT:USDT,0.9035,436.5,0.9034,98.9,0.9037,895.6,0.9038,23.9
1753547135973,16:25:35.973,AERO/USDT:USDT,0.9035,436.5,0.9034,98.9,0.9037,981.9,0.9038,23.9
1753547136081,16:25:36.081,AERO/USDT:USDT,0.9035,436.5,0.9034,98.9,0.9037,981.9,0.9038,23.9
1753547136358,16:25:36.358,AERO/USDT:USDT,0.9035,436.5,0.9034,98.9,0.9037,981.9,0.9038,23.9
1753547136560,16:25:36.560,AERO/USDT:USDT,0.9035,436.5,0.9034,98.9,0.9037,981.9,0.9038,23.9
1753547136663,16:25:36.663,AERO/USDT:USDT,0.9035,436.5,0.9034,98.9,0.9037,981.9,0.9038,23.9
1753547136973,16:25:36.973,AERO/USDT:USDT,0.9035,436.5,0.9034,98.9,0.9037,981.9,0.9038,23.9
1753547137083,16:25:37.083,AERO/USDT:USDT,0.9035,436.5,0.9034,98.9,0.9037,1328.0,0.9038,23.9
1753547137685,16:25:37.685,AERO/USDT:USDT,0.9035,436.5,0.9034,98.9,0.9037,1328.0,0.9038,23.9
1753547137803,16:25:37.803,AERO/USDT:USDT,0.9035,436.5,0.9034,98.9,0.9037,1328.0,0.9038,23.9
1753547138069,16:25:38.069,AERO/USDT:USDT,0.9035,436.5,0.9034,98.9,0.9037,1328.0,0.9038,23.9
1753547138300,16:25:38.300,AERO/USDT:USDT,0.9035,436.5,0.9034,98.9,0.9037,1328.0,0.9038,23.9
1753547138622,16:25:38.622,AERO/USDT:USDT,0.9035,436.5,0.9034,98.9,0.9037,1328.0,0.9038,23.9
1753547139750,16:25:39.750,AERO/USDT:USDT,0.9035,436.5,0.9034,98.9,0.9037,1328.0,0.9038,23.9
1753547139870,16:25:39.870,AERO/USDT:USDT,0.9035,436.5,0.9034,98.9,0.9037,1328.0,0.9038,23.9
1753547140066,16:25:40.066,AERO/USDT:USDT,0.9035,436.5,0.9034,98.9,0.9037,1328.0,0.9038,23.9
1753547140178,16:25:40.178,AERO/USDT:USDT,0.9035,436.5,0.9034,80.6,0.9037,1328.0,0.9038,23.9
1753547140444,16:25:40.444,AERO/USDT:USDT,0.9035,436.5,0.9034,80.6,0.9037,1328.0,0.9038,23.9
1753547140801,16:25:40.801,AERO/USDT:USDT,0.9035,436.5,0.9034,80.6,0.9037,1328.0,0.9038,23.9
1753547141032,16:25:41.032,AERO/USDT:USDT,0.9035,436.5,0.9034,80.6,0.9037,1328.0,0.9038,23.9
1753547141167,16:25:41.167,AERO/USDT:USDT,0.9035,436.5,0.9034,80.6,0.9037,1328.0,0.9038,23.9
1753547141275,16:25:41.275,AERO/USDT:USDT,0.9035,436.5,0.9034,80.6,0.9037,1328.0,0.9038,23.9
1753547141786,16:25:41.786,AERO/USDT:USDT,0.9035,436.5,0.9034,80.6,0.9037,1328.0,0.9038,23.9
1753547142035,16:25:42.035,AERO/USDT:USDT,0.9035,436.5,0.9034,80.6,0.9037,1328.0,0.9038,23.9
1753547142302,16:25:42.302,AERO/USDT:USDT,0.9035,436.5,0.9034,80.6,0.9037,1328.0,0.9038,23.9
1753547142902,16:25:42.902,AERO/USDT:USDT,0.9035,436.5,0.9034,80.6,0.9037,1328.0,0.9038,23.9
1753547143176,16:25:43.176,AERO/USDT:USDT,0.9035,436.5,0.9034,80.6,0.9037,1328.0,0.9038,23.9
1753547143502,16:25:43.502,AERO/USDT:USDT,0.9035,436.5,0.9034,80.6,0.9037,1328.0,0.9038,23.9
1753547143607,16:25:43.607,AERO/USDT:USDT,0.9035,436.5,0.9034,80.6,0.9037,1328.0,0.9038,23.9
1753547143899,16:25:43.899,AERO/USDT:USDT,0.9035,436.5,0.9034,80.6,0.9037,1328.0,0.9038,23.9
1753547144065,16:25:44.065,AERO/USDT:USDT,0.9035,436.5,0.9034,80.6,0.9037,1328.0,0.9038,23.9
1753547144698,16:25:44.698,AERO/USDT:USDT,0.9035,436.5,0.9034,80.6,0.9037,1328.0,0.9038,23.9
1753547145302,16:25:45.302,AERO/USDT:USDT,0.9035,436.5,0.9034,80.6,0.9037,1328.0,0.9038,23.9
1753547145465,16:25:45.465,AERO/USDT:USDT,0.9035,436.5,0.9034,80.6,0.9037,1241.7,0.9038,23.9
1753547145728,16:25:45.728,AERO/USDT:USDT,0.9035,461.7,0.9034,80.6,0.9037,1241.7,0.9038,23.9
1753547145902,16:25:45.902,AERO/USDT:USDT,0.9035,461.7,0.9034,80.6,0.9037,1241.7,0.9038,23.9
1753547146031,16:25:46.031,AERO/USDT:USDT,0.9035,461.7,0.9034,80.6,0.9037,1241.7,0.9038,23.9
1753547146499,16:25:46.499,AERO/USDT:USDT,0.9035,94.0,0.9034,80.6,0.9037,1328.0,0.9038,23.9
1753547147232,16:25:47.232,AERO/USDT:USDT,0.9033,92.3,0.9032,118.4,0.9034,80.6,0.9035,703.4
1753547147357,16:25:47.357,AERO/USDT:USDT,0.9033,12.6,0.9032,118.4,0.9034,603.7,0.9035,544.7
1753547147569,16:25:47.569,AERO/USDT:USDT,0.9033,12.6,0.9032,81.8,0.9034,171.3,0.9035,544.7
1753547147935,16:25:47.935,AERO/USDT:USDT,0.9033,106.0,0.9032,81.8,0.9034,171.3,0.9035,544.7
1753547148044,16:25:48.044,AERO/USDT:USDT,0.9033,106.0,0.9032,81.8,0.9034,90.7,0.9035,544.7
1753547148302,16:25:48.302,AERO/USDT:USDT,0.9033,106.0,0.9032,81.8,0.9034,90.7,0.9035,1035.0
1753547148498,16:25:48.498,AERO/USDT:USDT,0.9033,106.0,0.9032,81.8,0.9034,280.4,0.9035,1035.0
1753547148605,16:25:48.605,AERO/USDT:USDT,0.9033,106.0,0.9032,81.8,0.9034,280.4,0.9035,1035.0
1753547148888,16:25:48.888,AERO/USDT:USDT,0.9033,106.0,0.9032,81.8,0.9034,280.4,0.9035,1035.0
1753547148995,16:25:48.995,AERO/USDT:USDT,0.9033,106.0,0.9032,81.8,0.9034,280.4,0.9035,1035.0
1753547149251,16:25:49.251,AERO/USDT:USDT,0.9033,106.0,0.9032,81.8,0.9034,280.4,0.9035,1035.0
1753547149415,16:25:49.415,AERO/USDT:USDT,0.9033,106.0,0.9032,81.8,0.9034,280.4,0.9035,1035.0
1753547149541,16:25:49.541,AERO/USDT:USDT,0.9033,106.0,0.9032,81.8,0.9034,280.4,0.9035,1035.0
1753547149916,16:25:49.916,AERO/USDT:USDT,0.9033,106.0,0.9032,81.8,0.9034,280.4,0.9035,1035.0
1753547150019,16:25:50.019,AERO/USDT:USDT,0.9033,106.0,0.9032,81.8,0.9034,280.4,0.9035,1035.0
1753547150424,16:25:50.424,AERO/USDT:USDT,0.9033,106.0,0.9032,81.8,0.9034,280.4,0.9035,1035.0
1753547150535,16:25:50.535,AERO/USDT:USDT,0.9033,12.6,0.9032,81.8,0.9034,280.4,0.9035,1035.0
1753547150640,16:25:50.640,AERO/USDT:USDT,0.9033,12.6,0.9032,81.8,0.9034,280.4,0.9035,1035.0
1753547150797,16:25:50.797,AERO/USDT:USDT,0.9033,12.6,0.9032,81.8,0.9034,280.4,0.9035,1035.0
1753547151036,16:25:51.036,AERO/USDT:USDT,0.9033,12.6,0.9032,81.8,0.9034,280.4,0.9035,1035.0
1753547151244,16:25:51.244,AERO/USDT:USDT,0.9033,12.6,0.9032,81.8,0.9034,280.4,0.9035,1035.0
1753547151347,16:25:51.347,AERO/USDT:USDT,0.9033,12.6,0.9032,81.8,0.9034,280.4,0.9035,1035.0
1753547151555,16:25:51.555,AERO/USDT:USDT,0.9033,12.6,0.9032,81.8,0.9034,280.4,0.9035,1035.0
1753547151851,16:25:51.851,AERO/USDT:USDT,0.9033,12.6,0.9032,81.8,0.9034,366.7,0.9035,1035.0
1753547152043,16:25:52.043,AERO/USDT:USDT,0.9033,12.6,0.9032,81.8,0.9034,366.7,0.9035,1035.0
1753547152145,16:25:52.145,AERO/USDT:USDT,0.9033,12.6,0.9032,81.8,0.9034,366.7,0.9035,1035.0
1753547152415,16:25:52.415,AERO/USDT:USDT,0.9033,12.6,0.9032,20.4,0.9034,366.7,0.9035,1035.0
1753547152518,16:25:52.518,AERO/USDT:USDT,0.9033,12.6,0.9032,20.4,0.9034,366.7,0.9035,1035.0
1753547152623,16:25:52.623,AERO/USDT:USDT,0.9033,12.6,0.9032,20.4,0.9034,372.6,0.9035,1035.0
1753547153044,16:25:53.044,AERO/USDT:USDT,0.9033,12.6,0.9032,20.4,0.9034,372.6,0.9035,1035.0
1753547153146,16:25:53.146,AERO/USDT:USDT,0.9033,12.6,0.9032,20.4,0.9034,372.6,0.9035,1035.0
1753547153252,16:25:53.252,AERO/USDT:USDT,0.9033,12.6,0.9032,20.4,0.9034,372.6,0.9035,1035.0
1753547153358,16:25:53.358,AERO/USDT:USDT,0.9033,18.8,0.9032,20.4,0.9034,372.6,0.9035,1035.0
1753547153574,16:25:53.574,AERO/USDT:USDT,0.9033,18.8,0.9032,20.4,0.9034,286.3,0.9035,1035.0
1753547153998,16:25:53.998,AERO/USDT:USDT,0.9033,18.8,0.9032,20.4,0.9034,805.0,0.9035,1035.0
1753547154581,16:25:54.581,AERO/USDT:USDT,0.9033,18.8,0.9032,20.4,0.9034,718.7,0.9035,1035.0
1753547154702,16:25:54.702,AERO/USDT:USDT,0.9033,18.8,0.9032,20.4,0.9034,718.7,0.9035,1035.0
1753547155246,16:25:55.246,AERO/USDT:USDT,0.9033,18.8,0.9032,20.4,0.9034,718.7,0.9035,1035.0
1753547155558,16:25:55.558,AERO/USDT:USDT,0.9033,18.8,0.9032,46.5,0.9034,718.7,0.9035,1035.0
1753547155802,16:25:55.802,AERO/USDT:USDT,0.9033,18.8,0.9032,46.5,0.9034,718.7,0.9035,1035.0
1753547156352,16:25:56.352,AERO/USDT:USDT,0.9033,18.8,0.9032,46.5,0.9034,718.7,0.9035,1035.0
1753547156502,16:25:56.502,AERO/USDT:USDT,0.9033,18.8,0.9032,46.5,0.9034,718.7,0.9035,1035.0
1753547156611,16:25:56.611,AERO/USDT:USDT,0.9033,18.8,0.9032,46.5,0.9034,718.7,0.9035,1035.0
1753547156902,16:25:56.902,AERO/USDT:USDT,0.9033,18.8,0.9032,46.5,0.9034,718.7,0.9035,1035.0
1753547157502,16:25:57.502,AERO/USDT:USDT,0.9033,18.8,0.9032,46.5,0.9034,718.7,0.9035,1035.0
1753547157643,16:25:57.643,AERO/USDT:USDT,0.9033,18.8,0.9032,46.5,0.9034,718.7,0.9035,1035.0
1753547157913,16:25:57.913,AERO/USDT:USDT,0.9033,18.8,0.9032,46.5,0.9034,718.7,0.9035,1035.0
1753547158025,16:25:58.025,AERO/USDT:USDT,0.9033,18.8,0.9032,46.5,0.9034,718.7,0.9035,1035.0
1753547158873,16:25:58.873,AERO/USDT:USDT,0.9033,18.8,0.9032,46.5,0.9034,718.7,0.9035,1035.0
1753547158985,16:25:58.985,AERO/USDT:USDT,0.9033,18.8,0.9032,46.5,0.9034,718.7,0.9035,1035.0
1753547159185,16:25:59.185,AERO/USDT:USDT,0.9033,18.8,0.9032,46.5,0.9034,718.7,0.9035,1035.0
1753547159535,16:25:59.535,AERO/USDT:USDT,0.9033,18.8,0.9032,46.5,0.9034,718.7,0.9035,1035.0
1753547159702,16:25:59.702,AERO/USDT:USDT,0.9033,18.8,0.9032,46.5,0.9034,718.7,0.9035,1035.0
1753547160182,16:26:00.182,AERO/USDT:USDT,0.9033,32.8,0.9032,46.5,0.9034,718.7,0.9035,1035.0
1753547160355,16:26:00.355,AERO/USDT:USDT,0.9033,32.8,0.9032,46.5,0.9034,718.7,0.9035,1035.0
1753547160716,16:26:00.716,AERO/USDT:USDT,0.9033,80.2,0.9032,46.5,0.9034,718.7,0.9035,1035.0
1753547161038,16:26:01.038,AERO/USDT:USDT,0.9033,80.2,0.9032,46.5,0.9034,774.1,0.9035,1035.0
1753547161146,16:26:01.146,AERO/USDT:USDT,0.9033,80.2,0.9032,46.5,0.9034,774.1,0.9035,1035.0
1753547161528,16:26:01.528,AERO/USDT:USDT,0.9033,80.2,0.9032,46.5,0.9034,774.1,0.9035,1035.0
1753547161641,16:26:01.641,AERO/USDT:USDT,0.9033,80.2,0.9032,46.5,0.9034,774.1,0.9035,1035.0
1753547161902,16:26:01.902,AERO/USDT:USDT,0.9033,87.8,0.9032,46.5,0.9034,774.1,0.9035,1035.0
1753547162038,16:26:02.038,AERO/USDT:USDT,0.9033,87.8,0.9032,46.5,0.9034,774.1,0.9035,1035.0
1753547162426,16:26:02.426,AERO/USDT:USDT,0.9033,87.8,0.9032,46.5,0.9034,774.1,0.9035,1035.0
1753547162675,16:26:02.675,AERO/USDT:USDT,0.9033,95.4,0.9032,46.5,0.9034,774.1,0.9035,1035.0
1753547163002,16:26:03.002,AERO/USDT:USDT,0.9033,95.4,0.9032,46.5,0.9034,774.1,0.9035,1035.0
1753547163108,16:26:03.108,AERO/USDT:USDT,0.9033,95.4,0.9032,46.5,0.9034,774.1,0.9035,1035.0
1753547163676,16:26:03.676,AERO/USDT:USDT,0.903,20.4,0.9029,47.0,0.9031,189.7,0.9032,453.3
1753547163780,16:26:03.780,AERO/USDT:USDT,0.903,20.4,0.9029,28.7,0.9031,189.7,0.9032,453.3
1753547163886,16:26:03.886,AERO/USDT:USDT,0.903,20.4,0.9029,28.7,0.9031,536.0,0.9032,453.3
1753547163993,16:26:03.993,AERO/USDT:USDT,0.903,20.4,0.9029,28.7,0.9031,536.0,0.9032,453.3
1753547164099,16:26:04.099,AERO/USDT:USDT,0.903,20.4,0.9029,28.7,0.9031,622.3,0.9032,453.3
1753547164206,16:26:04.206,AERO/USDT:USDT,0.903,20.4,0.9029,28.7,0.9031,677.7,0.9032,453.3
1753547164317,16:26:04.317,AERO/USDT:USDT,0.903,20.4,0.9029,28.7,0.9031,677.7,0.9032,453.3
1753547164541,16:26:04.541,AERO/USDT:USDT,0.903,20.4,0.9029,28.7,0.9031,677.7,0.9032,453.3
1753547164903,16:26:04.903,AERO/USDT:USDT,0.903,20.4,0.9029,28.7,0.9031,622.3,0.9032,564.0
1753547165117,16:26:05.117,AERO/USDT:USDT,0.9027,7.0,0.9026,30.3,0.9028,189.7,0.9029,453.3
1753547165322,16:26:05.322,AERO/USDT:USDT,0.9027,7.0,0.9026,30.3,0.9028,189.7,0.9029,564.1
1753547165433,16:26:05.433,AERO/USDT:USDT,0.9027,7.0,0.9026,30.3,0.9028,197.5,0.9029,564.1
1753547165577,16:26:05.577,AERO/USDT:USDT,0.9027,7.0,0.9026,30.3,0.9028,197.5,0.9029,564.1
1753547165679,16:26:05.679,AERO/USDT:USDT,0.9027,7.0,0.9026,30.3,0.9028,197.5,0.9029,564.1
1753547165782,16:26:05.782,AERO/USDT:USDT,0.9027,7.0,0.9026,30.3,0.9028,197.5,0.9029,564.1
1753547165981,16:26:05.981,AERO/USDT:USDT,0.9027,7.0,0.9026,30.3,0.9028,197.5,0.9029,564.1
1753547166102,16:26:06.102,AERO/USDT:USDT,0.9027,7.0,0.9026,30.3,0.9028,197.5,0.9029,564.1
1753547166275,16:26:06.275,AERO/USDT:USDT,0.9027,7.0,0.9026,30.3,0.9028,230.8,0.9029,994.4
1753547166378,16:26:06.378,AERO/USDT:USDT,0.9027,7.0,0.9026,30.3,0.9028,230.8,0.9029,994.4
1753547166505,16:26:06.505,AERO/USDT:USDT,0.9027,7.0,0.9026,30.3,0.9028,197.5,0.9029,994.4
1753547166828,16:26:06.828,AERO/USDT:USDT,0.9027,7.0,0.9026,30.3,0.9028,283.8,0.9029,994.4
1753547167145,16:26:07.145,AERO/USDT:USDT,0.9027,7.0,0.9026,30.3,0.9028,283.8,0.9029,994.4
1753547167250,16:26:07.250,AERO/USDT:USDT,0.9027,7.0,0.9026,30.3,0.9028,283.8,0.9029,994.4
1753547167502,16:26:07.502,AERO/USDT:USDT,0.9027,7.0,0.9026,30.3,0.9028,283.8,0.9029,994.4
1753547167681,16:26:07.681,AERO/USDT:USDT,0.9027,7.0,0.9026,30.3,0.9028,283.8,0.9029,883.6
1753547167960,16:26:07.960,AERO/USDT:USDT,0.9027,100.4,0.9026,30.3,0.9028,197.5,0.9029,883.6
1753547168062,16:26:08.062,AERO/USDT:USDT,0.9027,100.4,0.9026,30.3,0.9028,197.5,0.9029,883.6
1753547168429,16:26:08.429,AERO/USDT:USDT,0.9027,100.4,0.9026,30.3,0.9028,543.7,0.9029,883.6
1753547168546,16:26:08.546,AERO/USDT:USDT,0.9027,100.4,0.9026,30.3,0.9028,543.7,0.9029,883.6
1753547168769,16:26:08.769,AERO/USDT:USDT,0.9027,100.4,0.9026,30.3,0.9028,543.7,0.9029,883.6
1753547169013,16:26:09.013,AERO/USDT:USDT,0.9027,100.4,0.9026,30.3,0.9028,543.7,0.9029,883.6
1753547169185,16:26:09.185,AERO/USDT:USDT,0.9027,100.4,0.9026,30.3,0.9028,543.7,0.9029,883.6
1753547169554,16:26:09.554,AERO/USDT:USDT,0.9027,100.4,0.9026,30.3,0.9028,543.7,0.9029,883.6
1753547169657,16:26:09.657,AERO/USDT:USDT,0.9027,100.4,0.9026,12.6,0.9028,543.7,0.9029,883.6
1753547170131,16:26:10.131,AERO/USDT:USDT,0.9027,100.4,0.9026,168.8,0.9028,543.7,0.9029,883.6
1753547170254,16:26:10.254,AERO/USDT:USDT,0.9027,411.4,0.9026,168.8,0.9028,354.0,0.9029,448.6
1753547170381,16:26:10.381,AERO/USDT:USDT,0.9027,411.4,0.9026,168.8,0.9028,354.0,0.9029,448.6
1753547170567,16:26:10.567,AERO/USDT:USDT,0.9027,411.4,0.9026,168.8,0.9028,354.0,0.9029,448.6
1753547170677,16:26:10.677,AERO/USDT:USDT,0.9027,411.4,0.9026,168.8,0.9028,354.0,0.9029,448.6
1753547170927,16:26:10.927,AERO/USDT:USDT,0.9026,12.6,0.9025,12.6,0.9027,88.5,0.9028,354.0
1753547171137,16:26:11.137,AERO/USDT:USDT,0.9026,12.6,0.9025,12.6,0.9027,150.8,0.9028,372.3
1753547171265,16:26:11.265,AERO/USDT:USDT,0.9026,12.6,0.9025,12.6,0.9027,150.8,0.9028,372.3
1753547171397,16:26:11.397,AERO/USDT:USDT,0.9026,106.0,0.9025,12.6,0.9027,88.5,0.9028,372.3
1753547171626,16:26:11.626,AERO/USDT:USDT,0.9026,106.0,0.9025,168.8,0.9028,354.0,0.9029,448.6
1753547171734,16:26:11.734,AERO/USDT:USDT,0.9026,106.0,0.9025,168.8,0.9028,354.0,0.9029,448.6
1753547171850,16:26:11.850,AERO/USDT:USDT,0.9026,106.0,0.9025,168.8,0.9028,354.0,0.9029,454.2
1753547172064,16:26:12.064,AERO/USDT:USDT,0.9026,106.0,0.9025,168.8,0.9028,354.0,0.9029,454.2
1753547172199,16:26:12.199,AERO/USDT:USDT,0.9026,106.0,0.9025,168.8,0.9028,354.0,0.9029,454.2
1753547172303,16:26:12.303,AERO/USDT:USDT,0.9026,106.0,0.9025,168.8,0.9028,354.0,0.9029,454.2
1753547172514,16:26:12.514,AERO/USDT:USDT,0.9026,106.0,0.9025,168.8,0.9028,354.0,0.9029,454.2
1753547172725,16:26:12.725,AERO/USDT:USDT,0.9026,365.3,0.9025,601.0,0.9028,354.0,0.9029,454.2
1753547172846,16:26:12.846,AERO/USDT:USDT,0.9026,365.3,0.9025,601.0,0.9028,354.0,0.9029,454.2
1753547173108,16:26:13.108,AERO/USDT:USDT,0.9026,365.3,0.9025,601.0,0.9028,354.0,0.9029,454.2
1753547173243,16:26:13.243,AERO/USDT:USDT,0.9029,610.2,0.9028,93.4,0.903,46.3,0.9031,49.2
1753547173346,16:26:13.346,AERO/USDT:USDT,0.9029,610.2,0.9028,531.2,0.903,46.3,0.9031,49.2
1753547173458,16:26:13.458,AERO/USDT:USDT,0.9029,610.2,0.9028,531.2,0.903,46.3,0.9031,49.2
1753547173671,16:26:13.671,AERO/USDT:USDT,0.9029,610.2,0.9028,531.2,0.903,46.3,0.9031,49.2
1753547174047,16:26:14.047,AERO/USDT:USDT,0.903,483.9,0.9029,299.2,0.9031,12.6,0.9032,58.6
1753547174634,16:26:14.634,AERO/USDT:USDT,0.9029,352.7,0.9028,549.5,0.9031,444.8,0.9032,340.7
1753547175096,16:26:15.096,AERO/USDT:USDT,0.9029,352.7,0.9028,549.5,0.9031,500.2,0.9032,340.7
1753547175416,16:26:15.416,AERO/USDT:USDT,0.9029,352.7,0.9028,549.5,0.9031,500.2,0.9032,340.7
1753547175636,16:26:15.636,AERO/USDT:USDT,0.9029,352.7,0.9028,549.5,0.9031,500.2,0.9032,340.7
1753547175981,16:26:15.981,AERO/USDT:USDT,0.9029,352.7,0.9028,549.5,0.9031,444.8,0.9032,340.7
1753547176963,16:26:16.963,AERO/USDT:USDT,0.903,191.8,0.9029,93.4,0.9031,12.6,0.9032,340.7
1753547177114,16:26:17.114,AERO/USDT:USDT,0.903,191.8,0.9029,93.4,0.9031,12.6,0.9032,340.7
1753547177218,16:26:17.218,AERO/USDT:USDT,0.903,191.8,0.9029,93.4,0.9031,12.6,0.9032,340.7
1753547177683,16:26:17.683,AERO/USDT:USDT,0.903,197.7,0.9029,99.0,0.9031,12.6,0.9032,340.7
1753547177962,16:26:17.962,AERO/USDT:USDT,0.903,197.7,0.9029,99.0,0.9031,68.0,0.9032,340.7
1753547178177,16:26:18.177,AERO/USDT:USDT,0.903,197.7,0.9029,99.0,0.9031,68.0,0.9032,340.7
1753547178318,16:26:18.318,AERO/USDT:USDT,0.903,197.7,0.9029,99.0,0.9031,68.0,0.9032,340.7
1753547178485,16:26:18.485,AERO/USDT:USDT,0.903,197.7,0.9029,99.0,0.9031,68.0,0.9032,340.7
1753547178809,16:26:18.809,AERO/USDT:USDT,0.903,197.7,0.9029,99.0,0.9031,68.0,0.9032,340.7
1753547178955,16:26:18.955,AERO/USDT:USDT,0.903,197.7,0.9029,99.0,0.9031,68.0,0.9032,340.7
1753547179143,16:26:19.143,AERO/USDT:USDT,0.903,197.7,0.9029,99.0,0.9031,68.0,0.9032,340.7
1753547179356,16:26:19.356,AERO/USDT:USDT,0.903,457.0,0.9029,99.0,0.9031,68.0,0.9032,340.7
1753547179459,16:26:19.459,AERO/USDT:USDT,0.903,457.0,0.9029,99.0,0.9031,68.0,0.9032,340.7
1753547179959,16:26:19.959,AERO/USDT:USDT,0.903,457.0,0.9029,99.0,0.9031,68.0,0.9032,340.7
1753547180102,16:26:20.102,AERO/USDT:USDT,0.903,457.0,0.9029,99.0,0.9031,68.0,0.9032,340.7
1753547180383,16:26:20.383,AERO/USDT:USDT,0.903,457.0,0.9029,99.0,0.9031,68.0,0.9032,340.7
1753547180491,16:26:20.491,AERO/USDT:USDT,0.903,457.0,0.9029,99.0,0.9031,68.0,0.9032,340.7
1753547180603,16:26:20.603,AERO/USDT:USDT,0.903,457.0,0.9029,99.0,0.9031,68.0,0.9032,58.6
1753547180718,16:26:20.718,AERO/USDT:USDT,0.903,457.0,0.9029,533.9,0.9031,68.0,0.9032,58.6
1753547180853,16:26:20.853,AERO/USDT:USDT,0.903,457.0,0.9029,533.9,0.9031,68.0,0.9032,58.6
