timestamp,time,exchange,symbol,bid1_price,bid1_volume,bid2_price,bid2_volume,ask1_price,ask1_volume,ask2_price,ask2_volume
1753591885194,04:51:25.194,bybit,A/USDT:USDT,0.5758,333.0,0.5757,1786.0,0.5759,1589.0,0.576,1364.0
1753591885294,04:51:25.294,bybit,A/USDT:USDT,0.5758,333.0,0.5757,1797.0,0.5759,1589.0,0.576,1364.0
1753591885394,04:51:25.394,bybit,A/USDT:USDT,0.5758,350.0,0.5757,1797.0,0.5759,1589.0,0.576,1285.0
1753591885494,04:51:25.494,bybit,A/USDT:USDT,0.5758,350.0,0.5757,1797.0,0.5759,1589.0,0.576,1339.0
1753591885594,04:51:25.594,bybit,A/USDT:USDT,0.5758,350.0,0.5757,1797.0,0.5759,1589.0,0.576,1339.0
1753591886495,04:51:26.495,bybit,A/USDT:USDT,0.5758,472.0,0.5757,1786.0,0.5759,1589.0,0.576,1356.0
1753591886795,04:51:26.795,bybit,A/USDT:USDT,0.5758,472.0,0.5757,1786.0,0.5759,1589.0,0.576,1356.0
1753591887794,04:51:27.794,bybit,A/USDT:USDT,0.5758,472.0,0.5757,1786.0,0.5759,1589.0,0.576,1356.0
1753591887894,04:51:27.894,bybit,A/USDT:USDT,0.5758,472.0,0.5757,1786.0,0.5759,1589.0,0.576,1356.0
1753591888794,04:51:28.794,bybit,A/USDT:USDT,0.5758,472.0,0.5757,1786.0,0.5759,1589.0,0.576,1356.0
1753591888894,04:51:28.894,bybit,A/USDT:USDT,0.5758,472.0,0.5757,1797.0,0.5759,1589.0,0.576,1356.0
1753591889594,04:51:29.594,bybit,A/USDT:USDT,0.5758,472.0,0.5757,1786.0,0.5759,1589.0,0.576,1356.0
1753591889694,04:51:29.694,bybit,A/USDT:USDT,0.5758,472.0,0.5757,1769.0,0.5759,1589.0,0.576,1356.0
1753591889994,04:51:29.994,bybit,A/USDT:USDT,0.5758,472.0,0.5757,1797.0,0.5759,1589.0,0.576,1339.0
1753591890096,04:51:30.096,bybit,A/USDT:USDT,0.5758,472.0,0.5757,1797.0,0.5759,1589.0,0.576,1339.0
1753591890195,04:51:30.195,bybit,A/USDT:USDT,0.5758,472.0,0.5757,1797.0,0.5759,1589.0,0.576,1356.0
1753591890394,04:51:30.394,bybit,A/USDT:USDT,0.5758,472.0,0.5757,1786.0,0.5759,1589.0,0.576,1356.0
1753591890594,04:51:30.594,bybit,A/USDT:USDT,0.5758,472.0,0.5757,1797.0,0.5759,1589.0,0.576,1302.0
1753591890696,04:51:30.696,bybit,A/USDT:USDT,0.5758,472.0,0.5757,1797.0,0.5759,1589.0,0.576,1302.0
1753591890895,04:51:30.895,bybit,A/USDT:USDT,0.5758,472.0,0.5757,1797.0,0.5759,1589.0,0.576,1302.0
1753591891194,04:51:31.194,bybit,A/USDT:USDT,0.5758,472.0,0.5757,1797.0,0.5759,1589.0,0.576,1302.0
1753591891299,04:51:31.299,bybit,A/USDT:USDT,0.5758,472.0,0.5757,1797.0,0.5759,1589.0,0.576,1302.0
1753591891594,04:51:31.594,bybit,A/USDT:USDT,0.5758,472.0,0.5757,1797.0,0.5759,1589.0,0.576,1302.0
1753591891695,04:51:31.695,bybit,A/USDT:USDT,0.5758,472.0,0.5757,1797.0,0.5759,1589.0,0.576,1302.0
1753591891794,04:51:31.794,bybit,A/USDT:USDT,0.5758,472.0,0.5757,1797.0,0.5759,1589.0,0.576,1302.0
1753591891894,04:51:31.894,bybit,A/USDT:USDT,0.5758,472.0,0.5757,1797.0,0.5759,1589.0,0.576,1302.0
1753591892196,04:51:32.196,bybit,A/USDT:USDT,0.5758,472.0,0.5757,1797.0,0.5759,1589.0,0.576,1302.0
1753591892394,04:51:32.394,bybit,A/USDT:USDT,0.5758,472.0,0.5757,1797.0,0.5759,1589.0,0.576,1302.0
1753591892595,04:51:32.595,bybit,A/USDT:USDT,0.5758,472.0,0.5757,1797.0,0.5759,1589.0,0.576,1302.0
1753591892694,04:51:32.694,bybit,A/USDT:USDT,0.5758,472.0,0.5757,1769.0,0.5759,1589.0,0.576,1356.0
1753591892794,04:51:32.794,bybit,A/USDT:USDT,0.5758,472.0,0.5757,1786.0,0.5759,1589.0,0.576,1339.0
1753591892994,04:51:32.994,bybit,A/USDT:USDT,0.5758,472.0,0.5757,1797.0,0.5759,1589.0,0.576,1339.0
1753591893394,04:51:33.394,bybit,A/USDT:USDT,0.5758,472.0,0.5757,1797.0,0.5759,1589.0,0.576,1339.0
1753591893496,04:51:33.496,bybit,A/USDT:USDT,0.5758,472.0,0.5757,1797.0,0.5759,1589.0,0.576,1339.0
1753591893596,04:51:33.596,bybit,A/USDT:USDT,0.5758,472.0,0.5757,1797.0,0.5759,1589.0,0.576,1339.0
1753591893994,04:51:33.994,bybit,A/USDT:USDT,0.5758,472.0,0.5757,1786.0,0.5759,1589.0,0.576,1339.0
1753591894995,04:51:34.995,bybit,A/USDT:USDT,0.5758,472.0,0.5757,1797.0,0.5759,1589.0,0.576,1339.0
1753591895195,04:51:35.195,bybit,A/USDT:USDT,0.5758,472.0,0.5757,1797.0,0.5759,1589.0,0.576,1339.0
1753591895295,04:51:35.295,bybit,A/USDT:USDT,0.5758,472.0,0.5757,1797.0,0.5759,1589.0,0.576,1339.0
1753591895494,04:51:35.494,bybit,A/USDT:USDT,0.5758,472.0,0.5757,1797.0,0.5759,1589.0,0.576,1339.0
1753591896199,04:51:36.199,bybit,A/USDT:USDT,0.5758,472.0,0.5757,1769.0,0.5759,1589.0,0.576,1356.0
1753591897994,04:51:37.994,bybit,A/USDT:USDT,0.5758,472.0,0.5757,1797.0,0.5759,1589.0,0.576,1339.0
1753591898095,04:51:38.095,bybit,A/USDT:USDT,0.5758,472.0,0.5757,1797.0,0.5759,1589.0,0.576,1339.0
1753591898595,04:51:38.595,bybit,A/USDT:USDT,0.5758,489.0,0.5757,1797.0,0.5759,1599.0,0.576,1322.0
1753591898694,04:51:38.694,bybit,A/USDT:USDT,0.5758,489.0,0.5757,1797.0,0.5759,1599.0,0.576,1322.0
1753591899194,04:51:39.194,bybit,A/USDT:USDT,0.5758,489.0,0.5757,1797.0,0.5759,1599.0,0.576,1322.0
1753591899595,04:51:39.595,bybit,A/USDT:USDT,0.5758,489.0,0.5757,1797.0,0.5759,1599.0,0.576,1322.0
1753591899694,04:51:39.694,bybit,A/USDT:USDT,0.5758,489.0,0.5757,1797.0,0.5759,1599.0,0.576,1339.0
1753591899896,04:51:39.896,bybit,A/USDT:USDT,0.5758,1147.0,0.5757,1797.0,0.5759,1599.0,0.576,1322.0
1753591900094,04:51:40.094,bybit,A/USDT:USDT,0.5758,1147.0,0.5757,1797.0,0.5759,1599.0,0.576,1322.0
1753591900201,04:51:40.201,bybit,A/USDT:USDT,0.5758,1147.0,0.5757,1797.0,0.5759,1599.0,0.576,1339.0
1753591900294,04:51:40.294,bybit,A/USDT:USDT,0.5758,1147.0,0.5757,2197.0,0.5759,123.0,0.576,2761.0
1753591900494,04:51:40.494,bybit,A/USDT:USDT,0.5758,1147.0,0.5757,2197.0,0.5759,123.0,0.576,1285.0
1753591900595,04:51:40.595,bybit,A/USDT:USDT,0.5758,1147.0,0.5757,2197.0,0.5759,123.0,0.576,1274.0
1753591900694,04:51:40.694,bybit,A/USDT:USDT,0.5758,1164.0,0.5757,2197.0,0.5759,123.0,0.576,1274.0
1753591900794,04:51:40.794,bybit,A/USDT:USDT,0.5758,1164.0,0.5757,2197.0,0.5759,123.0,0.576,1274.0
1753591900994,04:51:40.994,bybit,A/USDT:USDT,0.5758,1147.0,0.5757,2197.0,0.5759,123.0,0.576,1274.0
1753591901294,04:51:41.294,bybit,A/USDT:USDT,0.5758,1147.0,0.5757,2197.0,0.5759,123.0,0.576,1274.0
1753591901394,04:51:41.394,bybit,A/USDT:USDT,0.5758,1130.0,0.5757,2197.0,0.5759,123.0,0.576,1274.0
1753591901494,04:51:41.494,bybit,A/USDT:USDT,0.5758,1130.0,0.5757,2197.0,0.5759,123.0,0.576,1274.0
1753591901694,04:51:41.694,bybit,A/USDT:USDT,0.5758,1130.0,0.5757,2186.0,0.5759,123.0,0.576,2778.0
1753591901795,04:51:41.795,bybit,A/USDT:USDT,0.5758,1130.0,0.5757,2186.0,0.5759,123.0,0.576,2778.0
1753591901894,04:51:41.894,bybit,A/USDT:USDT,0.5758,1147.0,0.5757,2186.0,0.5759,123.0,0.576,2761.0
1753591901994,04:51:41.994,bybit,A/USDT:USDT,0.5758,1147.0,0.5757,2197.0,0.5759,123.0,0.576,2761.0
1753591902197,04:51:42.197,bybit,A/USDT:USDT,0.5758,1147.0,0.5757,2197.0,0.5759,123.0,0.576,2761.0
1753591902294,04:51:42.294,bybit,A/USDT:USDT,0.5758,1130.0,0.5757,2197.0,0.5759,123.0,0.576,2761.0
1753591902394,04:51:42.394,bybit,A/USDT:USDT,0.5758,1130.0,0.5757,2197.0,0.5759,123.0,0.576,2761.0
1753591902495,04:51:42.495,bybit,A/USDT:USDT,0.5758,1147.0,0.5757,2197.0,0.5759,123.0,0.576,2750.0
1753591903094,04:51:43.094,bybit,A/USDT:USDT,0.5758,1130.0,0.5757,2169.0,0.5759,123.0,0.576,2778.0
1753591903195,04:51:43.195,bybit,A/USDT:USDT,0.5758,1130.0,0.5757,2169.0,0.5759,123.0,0.576,2778.0
1753591903294,04:51:43.294,bybit,A/USDT:USDT,0.5758,1147.0,0.5757,2197.0,0.5759,123.0,0.576,2750.0
1753591903395,04:51:43.395,bybit,A/USDT:USDT,0.5758,1147.0,0.5757,2197.0,0.5759,123.0,0.576,2750.0
1753591904495,04:51:44.495,bybit,A/USDT:USDT,0.5758,1147.0,0.5757,2197.0,0.5759,123.0,0.576,2750.0
1753591905195,04:51:45.195,bybit,A/USDT:USDT,0.5758,1130.0,0.5757,2186.0,0.5759,123.0,0.576,2750.0
1753591905294,04:51:45.294,bybit,A/USDT:USDT,0.5758,1130.0,0.5757,2186.0,0.5759,123.0,0.576,2761.0
1753591905694,04:51:45.694,bybit,A/USDT:USDT,0.5758,1130.0,0.5757,2197.0,0.5759,123.0,0.576,2778.0
1753591906197,04:51:46.197,bybit,A/USDT:USDT,0.5758,1130.0,0.5757,2197.0,0.5759,123.0,0.576,2778.0
1753591906294,04:51:46.294,bybit,A/USDT:USDT,0.5758,1130.0,0.5757,2197.0,0.5759,123.0,0.576,2778.0
1753591906594,04:51:46.594,bybit,A/USDT:USDT,0.5758,1130.0,0.5757,2197.0,0.5759,123.0,0.576,2767.0
1753591906694,04:51:46.694,bybit,A/USDT:USDT,0.5758,1130.0,0.5757,2197.0,0.5759,123.0,0.576,2767.0
1753591906794,04:51:46.794,bybit,A/USDT:USDT,0.5758,1130.0,0.5757,2197.0,0.5759,123.0,0.576,2767.0
1753591906996,04:51:46.996,bybit,A/USDT:USDT,0.5758,1130.0,0.5757,2197.0,0.5759,123.0,0.576,2767.0
1753591907293,04:51:47.293,bybit,A/USDT:USDT,0.5758,1130.0,0.5757,2197.0,0.5759,123.0,0.576,2778.0
1753591907394,04:51:47.394,bybit,A/USDT:USDT,0.5758,1130.0,0.5757,2197.0,0.5759,123.0,0.576,2778.0
1753591907494,04:51:47.494,bybit,A/USDT:USDT,0.5758,1130.0,0.5757,2197.0,0.5759,123.0,0.576,2767.0
1753591907894,04:51:47.894,bybit,A/USDT:USDT,0.5758,1130.0,0.5757,2197.0,0.5759,123.0,0.576,2767.0
1753591907994,04:51:47.994,bybit,A/USDT:USDT,0.5758,1130.0,0.5757,2197.0,0.5759,123.0,0.576,2767.0
1753591908394,04:51:48.394,bybit,A/USDT:USDT,0.5758,1130.0,0.5757,2197.0,0.5759,123.0,0.576,2750.0
1753591908495,04:51:48.495,bybit,A/USDT:USDT,0.5758,1130.0,0.5757,2197.0,0.5759,123.0,0.576,2750.0
1753591908594,04:51:48.594,bybit,A/USDT:USDT,0.5758,1130.0,0.5757,2197.0,0.5759,123.0,0.576,2750.0
1753591908994,04:51:48.994,bybit,A/USDT:USDT,0.5758,1130.0,0.5757,2197.0,0.5759,123.0,0.576,2750.0
1753591909095,04:51:49.095,bybit,A/USDT:USDT,0.5758,1130.0,0.5757,2186.0,0.5759,123.0,0.576,2778.0
1753591909294,04:51:49.294,bybit,A/USDT:USDT,0.5758,1130.0,0.5757,2197.0,0.5759,123.0,0.576,2750.0
1753591910094,04:51:50.094,bybit,A/USDT:USDT,0.5758,1130.0,0.5757,2197.0,0.5759,123.0,0.576,2778.0
1753591910194,04:51:50.194,bybit,A/USDT:USDT,0.5758,1130.0,0.5757,2197.0,0.5759,123.0,0.576,2778.0
1753591911795,04:51:51.795,bybit,A/USDT:USDT,0.5758,333.0,0.5757,1752.0,0.5759,782.0,0.576,2851.0
1753591911895,04:51:51.895,bybit,A/USDT:USDT,0.5758,333.0,0.5757,1769.0,0.5759,765.0,0.576,2851.0
1753591912096,04:51:52.096,bybit,A/USDT:USDT,0.5758,350.0,0.5757,1797.0,0.5759,123.0,0.576,2750.0
1753591912194,04:51:52.194,bybit,A/USDT:USDT,0.5758,992.0,0.5757,2197.0,0.5759,123.0,0.576,2750.0
1753591912394,04:51:52.394,bybit,A/USDT:USDT,0.5758,992.0,0.5757,2197.0,0.5759,123.0,0.576,2750.0
1753591912494,04:51:52.494,bybit,A/USDT:USDT,0.5758,992.0,0.5757,2197.0,0.5759,123.0,0.576,2750.0
1753591912894,04:51:52.894,bybit,A/USDT:USDT,0.5758,992.0,0.5757,2197.0,0.5759,123.0,0.576,2750.0
1753591912994,04:51:52.994,bybit,A/USDT:USDT,0.5758,992.0,0.5757,2197.0,0.5759,123.0,0.576,2750.0
1753591913094,04:51:53.094,bybit,A/USDT:USDT,0.5758,1211.0,0.5757,2197.0,0.5759,123.0,0.576,2750.0
1753591913294,04:51:53.294,bybit,A/USDT:USDT,0.5758,1194.0,0.5757,2186.0,0.5759,123.0,0.576,2795.0
1753591913494,04:51:53.494,bybit,A/USDT:USDT,0.5758,1194.0,0.5757,2186.0,0.5759,123.0,0.576,2795.0
1753591913594,04:51:53.594,bybit,A/USDT:USDT,0.5758,1194.0,0.5757,2186.0,0.5759,123.0,0.576,2795.0
1753591913994,04:51:53.994,bybit,A/USDT:USDT,0.5758,1194.0,0.5757,2186.0,0.5759,123.0,0.576,2795.0
1753591914194,04:51:54.194,bybit,A/USDT:USDT,0.5758,1194.0,0.5757,2186.0,0.5759,123.0,0.576,2795.0
1753591914294,04:51:54.294,bybit,A/USDT:USDT,0.5758,1194.0,0.5757,2197.0,0.5759,123.0,0.576,2795.0
1753591914594,04:51:54.594,bybit,A/USDT:USDT,0.5758,1194.0,0.5757,2197.0,0.5759,123.0,0.576,2795.0
1753591915194,04:51:55.194,bybit,A/USDT:USDT,0.5758,1194.0,0.5757,2152.0,0.5759,123.0,0.576,2795.0
1753591915494,04:51:55.494,bybit,A/USDT:USDT,0.5758,1194.0,0.5757,2180.0,0.5759,123.0,0.576,2784.0
1753591916200,04:51:56.200,bybit,A/USDT:USDT,0.5758,1194.0,0.5757,2197.0,0.5759,123.0,0.576,2795.0
1753591916394,04:51:56.394,bybit,A/USDT:USDT,0.5758,1194.0,0.5757,2163.0,0.5759,123.0,0.576,2795.0
1753591916494,04:51:56.494,bybit,A/USDT:USDT,0.5758,1194.0,0.5757,2197.0,0.5759,123.0,0.576,2767.0
1753591916794,04:51:56.794,bybit,A/USDT:USDT,0.5758,1194.0,0.5757,2197.0,0.5759,123.0,0.576,2784.0
1753591917096,04:51:57.096,bybit,A/USDT:USDT,0.5758,1194.0,0.5757,2197.0,0.5759,123.0,0.576,2767.0
1753591917494,04:51:57.494,bybit,A/USDT:USDT,0.5758,1194.0,0.5757,2197.0,0.5759,123.0,0.576,2767.0
1753591917594,04:51:57.594,bybit,A/USDT:USDT,0.5758,1194.0,0.5757,2197.0,0.5759,123.0,0.576,2778.0
1753591917794,04:51:57.794,bybit,A/USDT:USDT,0.5758,1194.0,0.5757,2197.0,0.5759,123.0,0.576,2795.0
1753591917894,04:51:57.894,bybit,A/USDT:USDT,0.5758,1211.0,0.5757,2197.0,0.5759,123.0,0.576,2750.0
1753591917994,04:51:57.994,bybit,A/USDT:USDT,0.5758,1558.0,0.5757,2197.0,0.5759,123.0,0.576,2750.0
1753591918201,04:51:58.201,bybit,A/USDT:USDT,0.5758,1194.0,0.5757,2188.0,0.5759,123.0,0.576,2795.0
1753591918297,04:51:58.297,bybit,A/USDT:USDT,0.5758,1194.0,0.5757,2188.0,0.5759,123.0,0.576,2778.0
1753591918495,04:51:58.495,bybit,A/USDT:USDT,0.5758,1194.0,0.5757,2188.0,0.5759,123.0,0.576,2795.0
1753591918794,04:51:58.794,bybit,A/USDT:USDT,0.5758,1194.0,0.5757,2188.0,0.5759,123.0,0.576,2795.0
1753591918894,04:51:58.894,bybit,A/USDT:USDT,0.5758,1194.0,0.5757,2188.0,0.5759,123.0,0.576,2795.0
1753591919194,04:51:59.194,bybit,A/USDT:USDT,0.5758,1194.0,0.5757,2188.0,0.5759,123.0,0.576,2750.0
1753591919295,04:51:59.295,bybit,A/USDT:USDT,0.5758,1194.0,0.5757,2188.0,0.5759,123.0,0.576,2767.0
1753591919394,04:51:59.394,bybit,A/USDT:USDT,0.5758,1194.0,0.5757,2188.0,0.5759,123.0,0.576,2795.0
1753591919494,04:51:59.494,bybit,A/USDT:USDT,0.5758,1211.0,0.5757,2188.0,0.5759,123.0,0.576,2750.0
1753591919894,04:51:59.894,bybit,A/USDT:USDT,0.5758,1211.0,0.5757,2188.0,0.5759,123.0,0.576,2750.0
1753591919996,04:51:59.996,bybit,A/USDT:USDT,0.5758,1211.0,0.5757,2188.0,0.5759,123.0,0.576,2761.0
1753591920095,04:52:00.095,bybit,A/USDT:USDT,0.5758,1194.0,0.5757,2188.0,0.5759,123.0,0.576,2778.0
1753591920513,04:52:00.513,bybit,A/USDT:USDT,0.5758,1558.0,0.5757,2188.0,0.5759,123.0,0.576,2750.0
1753591920594,04:52:00.594,bybit,A/USDT:USDT,0.5758,1541.0,0.5757,2188.0,0.5759,123.0,0.576,2767.0
1753591920694,04:52:00.694,bybit,A/USDT:USDT,0.5758,1541.0,0.5757,2188.0,0.5759,123.0,0.576,2750.0
1753591920894,04:52:00.894,bybit,A/USDT:USDT,0.5758,1558.0,0.5757,2188.0,0.5759,123.0,0.576,2750.0
1753591920994,04:52:00.994,bybit,A/USDT:USDT,0.5758,1558.0,0.5757,2188.0,0.5759,123.0,0.576,2750.0
1753591921094,04:52:01.094,bybit,A/USDT:USDT,0.5758,1558.0,0.5757,2188.0,0.5759,123.0,0.576,2750.0
1753591921194,04:52:01.194,bybit,A/USDT:USDT,0.5758,1558.0,0.5757,2188.0,0.5759,123.0,0.576,2750.0
1753591921495,04:52:01.495,bybit,A/USDT:USDT,0.5758,1558.0,0.5757,2188.0,0.5759,123.0,0.576,2191.0
1753591921595,04:52:01.595,bybit,A/USDT:USDT,0.5758,1558.0,0.5757,2188.0,0.5759,123.0,0.576,2191.0
1753591921894,04:52:01.894,bybit,A/USDT:USDT,0.5759,1955.0,0.5758,2652.0,0.576,1500.0,0.5761,1061.0
1753591922095,04:52:02.095,bybit,A/USDT:USDT,0.5759,2637.0,0.5758,2305.0,0.576,1486.0,0.5761,24.0
1753591922200,04:52:02.200,bybit,A/USDT:USDT,0.5759,2984.0,0.5758,2086.0,0.576,1486.0,0.5761,10.0
1753591922295,04:52:02.295,bybit,A/USDT:USDT,0.5759,2647.0,0.5758,2086.0,0.576,1486.0,0.5761,10.0
1753591922396,04:52:02.396,bybit,A/USDT:USDT,0.5759,2647.0,0.5758,2086.0,0.576,10.0,0.5761,1486.0
1753591922494,04:52:02.494,bybit,A/USDT:USDT,0.5759,2247.0,0.5758,2086.0,0.576,10.0,0.5761,1486.0
1753591922894,04:52:02.894,bybit,A/USDT:USDT,0.5759,4202.0,0.5758,2086.0,0.576,10.0,0.5761,10.0
1753591923097,04:52:03.097,bybit,A/USDT:USDT,0.5759,5747.0,0.5758,2086.0,0.576,10.0,0.5761,10.0
1753591923195,04:52:03.195,bybit,A/USDT:USDT,0.5759,5747.0,0.5758,2086.0,0.576,10.0,0.5761,10.0
1753591923294,04:52:03.294,bybit,A/USDT:USDT,0.5759,5747.0,0.5758,2086.0,0.576,10.0,0.5761,10.0
1753591923394,04:52:03.394,bybit,A/USDT:USDT,0.5759,5747.0,0.5758,2086.0,0.576,10.0,0.5761,10.0
1753591923694,04:52:03.694,bybit,A/USDT:USDT,0.5759,5747.0,0.5758,2086.0,0.576,10.0,0.5761,10.0
1753591923801,04:52:03.801,bybit,A/USDT:USDT,0.5759,5747.0,0.5758,2086.0,0.576,10.0,0.5761,1486.0
1753591924198,04:52:04.198,bybit,A/USDT:USDT,0.5759,5747.0,0.5758,2086.0,0.576,10.0,0.5761,10.0
1753591924294,04:52:04.294,bybit,A/USDT:USDT,0.5759,5747.0,0.5758,2086.0,0.576,10.0,0.5761,10.0
1753591924394,04:52:04.394,bybit,A/USDT:USDT,0.576,2036.0,0.5759,1824.0,0.5761,10.0,0.5762,222.0
1753591924494,04:52:04.494,bybit,A/USDT:USDT,0.576,2036.0,0.5759,1820.0,0.5761,10.0,0.5762,869.0
1753591924594,04:52:04.594,bybit,A/USDT:USDT,0.576,2036.0,0.5759,1834.0,0.5761,10.0,0.5762,1508.0
1753591924794,04:52:04.794,bybit,A/USDT:USDT,0.576,1664.0,0.5759,1819.0,0.5761,10.0,0.5762,1508.0
1753591925096,04:52:05.096,bybit,A/USDT:USDT,0.576,1664.0,0.5759,1819.0,0.5761,10.0,0.5762,1508.0
1753591925194,04:52:05.194,bybit,A/USDT:USDT,0.576,1664.0,0.5759,1819.0,0.5761,10.0,0.5762,1508.0
1753591925294,04:52:05.294,bybit,A/USDT:USDT,0.576,1664.0,0.5759,1819.0,0.5761,10.0,0.5762,1508.0
1753591925394,04:52:05.394,bybit,A/USDT:USDT,0.576,1679.0,0.5759,1809.0,0.5761,1486.0,0.5762,1508.0
1753591925495,04:52:05.495,bybit,A/USDT:USDT,0.576,1679.0,0.5759,1809.0,0.5761,1486.0,0.5762,1545.0
1753591925694,04:52:05.694,bybit,A/USDT:USDT,0.576,1679.0,0.5759,1809.0,0.5761,10.0,0.5762,1545.0
1753591925994,04:52:05.994,bybit,A/USDT:USDT,0.576,1679.0,0.5759,1809.0,0.5761,10.0,0.5762,1545.0
1753591926394,04:52:06.394,bybit,A/USDT:USDT,0.576,1679.0,0.5759,1809.0,0.5761,10.0,0.5762,1545.0
1753591926494,04:52:06.494,bybit,A/USDT:USDT,0.576,1793.0,0.5759,1809.0,0.5761,10.0,0.5762,1508.0
1753591926694,04:52:06.694,bybit,A/USDT:USDT,0.576,1679.0,0.5759,1809.0,0.5761,10.0,0.5762,1508.0
1753591926895,04:52:06.895,bybit,A/USDT:USDT,0.576,1679.0,0.5759,1809.0,0.5761,1486.0,0.5762,1557.0
1753591926994,04:52:06.994,bybit,A/USDT:USDT,0.576,1679.0,0.5759,1809.0,0.5761,1486.0,0.5762,1557.0
1753591927094,04:52:07.094,bybit,A/USDT:USDT,0.576,1662.0,0.5759,1809.0,0.5761,1486.0,0.5762,1557.0
1753591927194,04:52:07.194,bybit,A/USDT:USDT,0.576,1679.0,0.5759,1809.0,0.5761,10.0,0.5762,1508.0
1753591927394,04:52:07.394,bybit,A/USDT:USDT,0.576,1679.0,0.5759,1809.0,0.5761,10.0,0.5762,1508.0
1753591928096,04:52:08.096,bybit,A/USDT:USDT,0.576,1679.0,0.5759,1809.0,0.5761,10.0,0.5762,1508.0
1753591928196,04:52:08.196,bybit,A/USDT:USDT,0.576,1679.0,0.5759,1809.0,0.5761,10.0,0.5762,1508.0
1753591928294,04:52:08.294,bybit,A/USDT:USDT,0.576,1662.0,0.5759,1809.0,0.5761,1486.0,0.5762,1562.0
1753591928394,04:52:08.394,bybit,A/USDT:USDT,0.576,1662.0,0.5759,1809.0,0.5761,1486.0,0.5762,1562.0
1753591928694,04:52:08.694,bybit,A/USDT:USDT,0.576,1679.0,0.5759,1809.0,0.5761,1486.0,0.5762,1562.0
1753591928794,04:52:08.794,bybit,A/USDT:USDT,0.576,1679.0,0.5759,1809.0,0.5761,1486.0,0.5762,1562.0
1753591928894,04:52:08.894,bybit,A/USDT:USDT,0.576,1679.0,0.5759,1809.0,0.5761,1486.0,0.5762,1562.0
1753591928996,04:52:08.996,bybit,A/USDT:USDT,0.576,1679.0,0.5759,1809.0,0.5761,1486.0,0.5762,1562.0
1753591929094,04:52:09.094,bybit,A/USDT:USDT,0.576,1679.0,0.5759,1792.0,0.5761,1486.0,0.5762,1562.0
1753591929196,04:52:09.196,bybit,A/USDT:USDT,0.576,1679.0,0.5759,1792.0,0.5761,1486.0,0.5762,1562.0
1753591929294,04:52:09.294,bybit,A/USDT:USDT,0.576,1706.0,0.5759,1792.0,0.5761,1486.0,0.5762,1562.0
1753591929994,04:52:09.994,bybit,A/USDT:USDT,0.576,1706.0,0.5759,2192.0,0.5761,1486.0,0.5762,1562.0
1753591930294,04:52:10.294,bybit,A/USDT:USDT,0.576,1706.0,0.5759,2192.0,0.5761,1486.0,0.5762,1562.0
1753591930494,04:52:10.494,bybit,A/USDT:USDT,0.576,1706.0,0.5759,2192.0,0.5761,1486.0,0.5762,1562.0
1753591930594,04:52:10.594,bybit,A/USDT:USDT,0.576,1706.0,0.5759,2209.0,0.5761,1486.0,0.5762,1562.0
1753591930794,04:52:10.794,bybit,A/USDT:USDT,0.576,1706.0,0.5759,2209.0,0.5761,1486.0,0.5762,1562.0
1753591930994,04:52:10.994,bybit,A/USDT:USDT,0.576,1706.0,0.5759,2209.0,0.5761,1486.0,0.5762,1562.0
1753591931894,04:52:11.894,bybit,A/USDT:USDT,0.576,1706.0,0.5759,2209.0,0.5761,1486.0,0.5762,1562.0
1753591932595,04:52:12.595,bybit,A/USDT:USDT,0.576,1706.0,0.5759,2209.0,0.5761,1486.0,0.5762,1562.0
1753591932696,04:52:12.696,bybit,A/USDT:USDT,0.576,1706.0,0.5759,2209.0,0.5761,1486.0,0.5762,1562.0
1753591933494,04:52:13.494,bybit,A/USDT:USDT,0.576,1706.0,0.5759,2209.0,0.5761,1486.0,0.5762,1562.0
1753591934094,04:52:14.094,bybit,A/USDT:USDT,0.576,1706.0,0.5759,2209.0,0.5761,1486.0,0.5762,1562.0
1753591934196,04:52:14.196,bybit,A/USDT:USDT,0.576,1706.0,0.5759,2209.0,0.5761,1486.0,0.5762,1562.0
1753591934594,04:52:14.594,bybit,A/USDT:USDT,0.576,1706.0,0.5759,2209.0,0.5761,1486.0,0.5762,1562.0
1753591934794,04:52:14.794,bybit,A/USDT:USDT,0.576,1706.0,0.5759,2209.0,0.5761,1486.0,0.5762,1508.0
1753591934894,04:52:14.894,bybit,A/USDT:USDT,0.576,1811.0,0.5759,2209.0,0.5761,1486.0,0.5762,1508.0
1753591934995,04:52:14.995,bybit,A/USDT:USDT,0.576,1871.0,0.5759,2209.0,0.5761,1486.0,0.5762,1508.0
1753591935194,04:52:15.194,bybit,A/USDT:USDT,0.576,1871.0,0.5759,2209.0,0.5761,1486.0,0.5762,1508.0
1753591935296,04:52:15.296,bybit,A/USDT:USDT,0.576,1871.0,0.5759,2209.0,0.5761,1486.0,0.5762,1508.0
1753591935596,04:52:15.596,bybit,A/USDT:USDT,0.576,1871.0,0.5759,2209.0,0.5761,1486.0,0.5762,1508.0
1753591936198,04:52:16.198,bybit,A/USDT:USDT,0.576,1798.0,0.5759,2209.0,0.5761,1486.0,0.5762,1508.0
1753591936295,04:52:16.295,bybit,A/USDT:USDT,0.576,1813.0,0.5759,2209.0,0.5761,1486.0,0.5762,1508.0
1753591936694,04:52:16.694,bybit,A/USDT:USDT,0.576,1923.0,0.5759,2209.0,0.5761,1486.0,0.5762,1508.0
1753591936794,04:52:16.794,bybit,A/USDT:USDT,0.576,1978.0,0.5759,2209.0,0.5761,1486.0,0.5762,1508.0
1753591937993,04:52:17.993,bybit,A/USDT:USDT,0.576,1978.0,0.5759,2209.0,0.5761,1486.0,0.5762,1508.0
1753591938094,04:52:18.094,bybit,A/USDT:USDT,0.576,1978.0,0.5759,2209.0,0.5761,1486.0,0.5762,1508.0
1753591938495,04:52:18.495,bybit,A/USDT:USDT,0.576,1978.0,0.5759,2209.0,0.5761,1486.0,0.5762,1508.0
1753591938594,04:52:18.594,bybit,A/USDT:USDT,0.576,1978.0,0.5759,2209.0,0.5761,1486.0,0.5762,1508.0
1753591939995,04:52:19.995,bybit,A/USDT:USDT,0.576,1978.0,0.5759,2209.0,0.5761,1486.0,0.5762,1508.0
1753591940994,04:52:20.994,bybit,A/USDT:USDT,0.576,1978.0,0.5759,2209.0,0.5761,1486.0,0.5762,861.0
1753591941394,04:52:21.394,bybit,A/USDT:USDT,0.576,1978.0,0.5759,2209.0,0.5761,1486.0,0.5762,861.0
1753591941494,04:52:21.494,bybit,A/USDT:USDT,0.576,1978.0,0.5759,2209.0,0.5761,1486.0,0.5762,861.0
1753591942494,04:52:22.494,bybit,A/USDT:USDT,0.576,1923.0,0.5759,2209.0,0.5761,1486.0,0.5762,861.0
1753591942594,04:52:22.594,bybit,A/USDT:USDT,0.576,1923.0,0.5759,2209.0,0.5761,1486.0,0.5762,861.0
1753591942995,04:52:22.995,bybit,A/USDT:USDT,0.576,1813.0,0.5759,2209.0,0.5761,1486.0,0.5762,861.0
1753591943395,04:52:23.395,bybit,A/USDT:USDT,0.576,1813.0,0.5759,2209.0,0.5761,1486.0,0.5762,901.0
1753591943594,04:52:23.594,bybit,A/USDT:USDT,0.576,1813.0,0.5759,2209.0,0.5761,1486.0,0.5762,901.0
1753591944196,04:52:24.196,bybit,A/USDT:USDT,0.576,1796.0,0.5759,2209.0,0.5761,1486.0,0.5762,901.0
1753591944294,04:52:24.294,bybit,A/USDT:USDT,0.576,1813.0,0.5759,2209.0,0.5761,1486.0,0.5762,901.0
1753591944594,04:52:24.594,bybit,A/USDT:USDT,0.576,1813.0,0.5759,2209.0,0.5761,1496.0,0.5762,901.0
1753591944695,04:52:24.695,bybit,A/USDT:USDT,0.576,1813.0,0.5759,2209.0,0.5761,1496.0,0.5762,861.0
1753591944794,04:52:24.794,bybit,A/USDT:USDT,0.576,1813.0,0.5759,2209.0,0.5761,1496.0,0.5762,861.0
1753591945195,04:52:25.195,bybit,A/USDT:USDT,0.576,1926.0,0.5759,2209.0,0.5761,1496.0,0.5762,909.0
1753591945295,04:52:25.295,bybit,A/USDT:USDT,0.576,1926.0,0.5759,2209.0,0.5761,1496.0,0.5762,909.0
1753591945795,04:52:25.795,bybit,A/USDT:USDT,0.576,1909.0,0.5759,2209.0,0.5761,1496.0,0.5762,926.0
1753591945896,04:52:25.896,bybit,A/USDT:USDT,0.576,1909.0,0.5759,2209.0,0.5761,1496.0,0.5762,909.0
1753591945995,04:52:25.995,bybit,A/USDT:USDT,0.576,1909.0,0.5759,2209.0,0.5761,1496.0,0.5762,937.0
1753591946096,04:52:26.096,bybit,A/USDT:USDT,0.576,1909.0,0.5759,2198.0,0.5761,1496.0,0.5762,937.0
1753591946195,04:52:26.195,bybit,A/USDT:USDT,0.576,1909.0,0.5759,2198.0,0.5761,1496.0,0.5762,920.0
1753591946495,04:52:26.495,bybit,A/USDT:USDT,0.576,1926.0,0.5759,2198.0,0.5761,1496.0,0.5762,861.0
1753591946595,04:52:26.595,bybit,A/USDT:USDT,0.576,1926.0,0.5759,2198.0,0.5761,1496.0,0.5762,861.0
1753591946794,04:52:26.794,bybit,A/USDT:USDT,0.576,1943.0,0.5759,2209.0,0.5761,1496.0,0.5762,861.0
1753591946894,04:52:26.894,bybit,A/USDT:USDT,0.576,1943.0,0.5759,2209.0,0.5761,1496.0,0.5762,861.0
1753591946994,04:52:26.994,bybit,A/USDT:USDT,0.576,1943.0,0.5759,2209.0,0.5761,1496.0,0.5762,861.0
1753591947194,04:52:27.194,bybit,A/USDT:USDT,0.576,1943.0,0.5759,2209.0,0.5761,1496.0,0.5762,861.0
1753591947496,04:52:27.496,bybit,A/USDT:USDT,0.576,1943.0,0.5759,2209.0,0.5761,1496.0,0.5762,861.0
1753591947594,04:52:27.594,bybit,A/USDT:USDT,0.576,1943.0,0.5759,2209.0,0.5761,1496.0,0.5762,861.0
1753591948094,04:52:28.094,bybit,A/USDT:USDT,0.576,1943.0,0.5759,2209.0,0.5761,1496.0,0.5762,861.0
1753591948394,04:52:28.394,bybit,A/USDT:USDT,0.576,1909.0,0.5759,2198.0,0.5761,1496.0,0.5762,872.0
1753591948694,04:52:28.694,bybit,A/USDT:USDT,0.576,1926.0,0.5759,2198.0,0.5761,1496.0,0.5762,872.0
1753591948794,04:52:28.794,bybit,A/USDT:USDT,0.576,1926.0,0.5759,2198.0,0.5761,1496.0,0.5762,872.0
1753591948994,04:52:28.994,bybit,A/USDT:USDT,0.576,1926.0,0.5759,2198.0,0.5761,1496.0,0.5762,861.0
1753591949094,04:52:29.094,bybit,A/USDT:USDT,0.576,1943.0,0.5759,2198.0,0.5761,1496.0,0.5762,861.0
1753591949394,04:52:29.394,bybit,A/USDT:USDT,0.576,1909.0,0.5759,2198.0,0.5761,1496.0,0.5762,1544.0
1753591949494,04:52:29.494,bybit,A/USDT:USDT,0.576,1909.0,0.5759,2198.0,0.5761,1496.0,0.5762,1527.0
1753591949894,04:52:29.894,bybit,A/USDT:USDT,0.576,1909.0,0.5759,2198.0,0.5761,1496.0,0.5762,1527.0
1753591949994,04:52:29.994,bybit,A/USDT:USDT,0.576,1909.0,0.5759,1764.0,0.5761,1496.0,0.5762,1544.0
1753591950094,04:52:30.094,bybit,A/USDT:USDT,0.576,1909.0,0.5759,1764.0,0.5761,1496.0,0.5762,1544.0
1753591950295,04:52:30.295,bybit,A/USDT:USDT,0.576,1909.0,0.5759,1798.0,0.5761,1496.0,0.5762,1527.0
1753591950894,04:52:30.894,bybit,A/USDT:USDT,0.576,1926.0,0.5759,1798.0,0.5761,1496.0,0.5762,1527.0
1753591950995,04:52:30.995,bybit,A/USDT:USDT,0.576,1909.0,0.5759,1798.0,0.5761,1496.0,0.5762,1527.0
1753591951116,04:52:31.116,bybit,A/USDT:USDT,0.576,1926.0,0.5759,1809.0,0.5761,1496.0,0.5762,222.0
1753591951194,04:52:31.194,bybit,A/USDT:USDT,0.576,2264.0,0.5759,1809.0,0.5761,1496.0,0.5762,789.0
1753591951294,04:52:31.294,bybit,A/USDT:USDT,0.576,2264.0,0.5759,1781.0,0.5761,1496.0,0.5762,1472.0
1753591951495,04:52:31.495,bybit,A/USDT:USDT,0.576,2281.0,0.5759,1798.0,0.5761,1496.0,0.5762,1444.0
1753591951895,04:52:31.895,bybit,A/USDT:USDT,0.576,2281.0,0.5759,1809.0,0.5761,1496.0,0.5762,1444.0
1753591951994,04:52:31.994,bybit,A/USDT:USDT,0.576,2281.0,0.5759,1809.0,0.5761,1496.0,0.5762,1444.0
1753591952095,04:52:32.095,bybit,A/USDT:USDT,0.576,2281.0,0.5759,1809.0,0.5761,1496.0,0.5762,877.0
1753591952194,04:52:32.194,bybit,A/USDT:USDT,0.576,2281.0,0.5759,1809.0,0.5761,1496.0,0.5762,1516.0
1753591952594,04:52:32.594,bybit,A/USDT:USDT,0.576,2281.0,0.5759,1809.0,0.5761,1496.0,0.5762,1516.0
1753591952694,04:52:32.694,bybit,A/USDT:USDT,0.576,2281.0,0.5759,1809.0,0.5761,1496.0,0.5762,1516.0
1753591953095,04:52:33.095,bybit,A/USDT:USDT,0.576,2281.0,0.5759,1809.0,0.5761,1496.0,0.5762,1516.0
1753591953196,04:52:33.196,bybit,A/USDT:USDT,0.576,2281.0,0.5759,1809.0,0.5761,1496.0,0.5762,1516.0
1753591954795,04:52:34.795,bybit,A/USDT:USDT,0.576,2281.0,0.5759,1809.0,0.5761,1496.0,0.5762,1516.0
1753591954894,04:52:34.894,bybit,A/USDT:USDT,0.576,2281.0,0.5759,1809.0,0.5761,1496.0,0.5762,1516.0
1753591954994,04:52:34.994,bybit,A/USDT:USDT,0.576,2281.0,0.5759,1809.0,0.5761,1496.0,0.5762,1516.0
1753591955394,04:52:35.394,bybit,A/USDT:USDT,0.576,2281.0,0.5759,1809.0,0.5761,1496.0,0.5762,1516.0
1753591955595,04:52:35.595,bybit,A/USDT:USDT,0.576,2281.0,0.5759,1809.0,0.5761,1496.0,0.5762,1516.0
1753591956494,04:52:36.494,bybit,A/USDT:USDT,0.576,2281.0,0.5759,1809.0,0.5761,1496.0,0.5762,1516.0
1753591956594,04:52:36.594,bybit,A/USDT:USDT,0.576,2281.0,0.5759,1809.0,0.5761,1496.0,0.5762,1516.0
1753591956696,04:52:36.696,bybit,A/USDT:USDT,0.576,2298.0,0.5759,1809.0,0.5761,1496.0,0.5762,1516.0
1753591957094,04:52:37.094,bybit,A/USDT:USDT,0.576,2298.0,0.5759,1809.0,0.5761,1496.0,0.5762,1516.0
1753591957194,04:52:37.194,bybit,A/USDT:USDT,0.576,2298.0,0.5759,2069.0,0.5761,1496.0,0.5762,1516.0
1753591957294,04:52:37.294,bybit,A/USDT:USDT,0.576,2281.0,0.5759,2069.0,0.5761,1496.0,0.5762,1516.0
1753591957494,04:52:37.494,bybit,A/USDT:USDT,0.576,2298.0,0.5759,2069.0,0.5761,1496.0,0.5762,1516.0
1753591957594,04:52:37.594,bybit,A/USDT:USDT,0.576,2298.0,0.5759,2069.0,0.5761,1496.0,0.5762,1516.0
1753591957695,04:52:37.695,bybit,A/USDT:USDT,0.576,2298.0,0.5759,2069.0,0.5761,1496.0,0.5762,1516.0
1753591958094,04:52:38.094,bybit,A/USDT:USDT,0.576,2298.0,0.5759,2069.0,0.5761,1496.0,0.5762,1516.0
1753591958196,04:52:38.196,bybit,A/USDT:USDT,0.576,2298.0,0.5759,2069.0,0.5761,1496.0,0.5762,1516.0
1753591958294,04:52:38.294,bybit,A/USDT:USDT,0.576,2298.0,0.5759,2069.0,0.5761,1496.0,0.5762,1516.0
1753591958494,04:52:38.494,bybit,A/USDT:USDT,0.576,2298.0,0.5759,2069.0,0.5761,1496.0,0.5762,1516.0
1753591959295,04:52:39.295,bybit,A/USDT:USDT,0.576,2298.0,0.5759,2069.0,0.5761,1496.0,0.5762,1516.0
1753591959593,04:52:39.593,bybit,A/USDT:USDT,0.576,2298.0,0.5759,2069.0,0.5761,1496.0,0.5762,1516.0
1753591959694,04:52:39.694,bybit,A/USDT:USDT,0.576,2298.0,0.5759,2069.0,0.5761,1496.0,0.5762,1516.0
1753591959796,04:52:39.796,bybit,A/USDT:USDT,0.576,2298.0,0.5759,2069.0,0.5761,1496.0,0.5762,222.0
1753591960294,04:52:40.294,bybit,A/USDT:USDT,0.576,2298.0,0.5759,2069.0,0.5761,1496.0,0.5762,222.0
1753591960594,04:52:40.594,bybit,A/USDT:USDT,0.576,2298.0,0.5759,2469.0,0.5761,1496.0,0.5762,222.0
1753591960894,04:52:40.894,bybit,A/USDT:USDT,0.576,2298.0,0.5759,2469.0,0.5761,1496.0,0.5762,222.0
1753591960995,04:52:40.995,bybit,A/USDT:USDT,0.576,2298.0,0.5759,2469.0,0.5761,1496.0,0.5762,222.0
1753591961195,04:52:41.195,bybit,A/USDT:USDT,0.576,2298.0,0.5759,2469.0,0.5761,1496.0,0.5762,222.0
1753591961296,04:52:41.296,bybit,A/USDT:USDT,0.576,2264.0,0.5759,2458.0,0.5761,1496.0,0.5762,233.0
1753591961395,04:52:41.395,bybit,A/USDT:USDT,0.576,2281.0,0.5759,2458.0,0.5761,1496.0,0.5762,233.0
1753591961594,04:52:41.594,bybit,A/USDT:USDT,0.576,2281.0,0.5759,2458.0,0.5761,1496.0,0.5762,876.0
1753591961794,04:52:41.794,bybit,A/USDT:USDT,0.576,2298.0,0.5759,2862.0,0.5761,1496.0,0.5762,865.0
1753591961894,04:52:41.894,bybit,A/USDT:USDT,0.576,2298.0,0.5759,2862.0,0.5761,1496.0,0.5762,865.0
1753591962095,04:52:42.095,bybit,A/USDT:USDT,0.576,2298.0,0.5759,2873.0,0.5761,1496.0,0.5762,865.0
1753591962394,04:52:42.394,bybit,A/USDT:USDT,0.576,2298.0,0.5759,2873.0,0.5761,1496.0,0.5762,865.0
1753591962495,04:52:42.495,bybit,A/USDT:USDT,0.576,2298.0,0.5759,2873.0,0.5761,1496.0,0.5762,222.0
1753591963195,04:52:43.195,bybit,A/USDT:USDT,0.576,2298.0,0.5759,2873.0,0.5761,1496.0,0.5762,222.0
1753591963594,04:52:43.594,bybit,A/USDT:USDT,0.576,2298.0,0.5759,2873.0,0.5761,1496.0,0.5762,222.0
1753591963695,04:52:43.695,bybit,A/USDT:USDT,0.576,2298.0,0.5759,2873.0,0.5761,1496.0,0.5762,222.0
1753591964198,04:52:44.198,bybit,A/USDT:USDT,0.576,2298.0,0.5759,2873.0,0.5761,1496.0,0.5762,222.0
1753591964294,04:52:44.294,bybit,A/USDT:USDT,0.576,2298.0,0.5759,2873.0,0.5761,1496.0,0.5762,222.0
1753591964494,04:52:44.494,bybit,A/USDT:USDT,0.576,2298.0,0.5759,2873.0,0.5761,1496.0,0.5762,222.0
1753591964818,04:52:44.818,bybit,A/USDT:USDT,0.576,2298.0,0.5759,2873.0,0.5761,1496.0,0.5762,222.0
1753591964894,04:52:44.894,bybit,A/USDT:USDT,0.576,2298.0,0.5759,2873.0,0.5761,1496.0,0.5762,222.0
1753591965194,04:52:45.194,bybit,A/USDT:USDT,0.576,2281.0,0.5759,2873.0,0.5761,1496.0,0.5762,222.0
1753591965294,04:52:45.294,bybit,A/USDT:USDT,0.576,2298.0,0.5759,2873.0,0.5761,1496.0,0.5762,222.0
1753591965394,04:52:45.394,bybit,A/USDT:USDT,0.576,2298.0,0.5759,2873.0,0.5761,1496.0,0.5762,222.0
1753591965594,04:52:45.594,bybit,A/USDT:USDT,0.576,2264.0,0.5759,2873.0,0.5761,1496.0,0.5762,222.0
1753591965705,04:52:45.705,bybit,A/USDT:USDT,0.576,2298.0,0.5759,2873.0,0.5761,1496.0,0.5762,222.0
1753591965895,04:52:45.895,bybit,A/USDT:USDT,0.576,2298.0,0.5759,2873.0,0.5761,1496.0,0.5762,222.0
1753591965994,04:52:45.994,bybit,A/USDT:USDT,0.576,2298.0,0.5759,2873.0,0.5761,1496.0,0.5762,222.0
1753591966194,04:52:46.194,bybit,A/USDT:USDT,0.576,2281.0,0.5759,2873.0,0.5761,1496.0,0.5762,222.0
1753591966295,04:52:46.295,bybit,A/USDT:USDT,0.576,2298.0,0.5759,2873.0,0.5761,1496.0,0.5762,222.0
1753591966494,04:52:46.494,bybit,A/USDT:USDT,0.576,2298.0,0.5759,2873.0,0.5761,1496.0,0.5762,222.0
1753591967094,04:52:47.094,bybit,A/USDT:USDT,0.576,2298.0,0.5759,2873.0,0.5761,1496.0,0.5762,222.0
1753591967296,04:52:47.296,bybit,A/USDT:USDT,0.576,2281.0,0.5759,2873.0,0.5761,1496.0,0.5762,222.0
1753591967594,04:52:47.594,bybit,A/USDT:USDT,0.576,2298.0,0.5759,2873.0,0.5761,1496.0,0.5762,222.0
1753591967694,04:52:47.694,bybit,A/USDT:USDT,0.576,2298.0,0.5759,2873.0,0.5761,1496.0,0.5762,222.0
1753591967794,04:52:47.794,bybit,A/USDT:USDT,0.576,2281.0,0.5759,2873.0,0.5761,1496.0,0.5762,222.0
1753591967994,04:52:47.994,bybit,A/USDT:USDT,0.576,2298.0,0.5759,2873.0,0.5761,1496.0,0.5762,222.0
1753591968094,04:52:48.094,bybit,A/USDT:USDT,0.576,2281.0,0.5759,2873.0,0.5761,1496.0,0.5762,222.0
1753591968198,04:52:48.198,bybit,A/USDT:USDT,0.576,2298.0,0.5759,2873.0,0.5761,1496.0,0.5762,222.0
1753591969194,04:52:49.194,bybit,A/USDT:USDT,0.576,2281.0,0.5759,2873.0,0.5761,1496.0,0.5762,222.0
1753591969295,04:52:49.295,bybit,A/USDT:USDT,0.576,2264.0,0.5759,2873.0,0.5761,1496.0,0.5762,222.0
1753591969494,04:52:49.494,bybit,A/USDT:USDT,0.576,2264.0,0.5759,2873.0,0.5761,1496.0,0.5762,222.0
1753591969694,04:52:49.694,bybit,A/USDT:USDT,0.576,2264.0,0.5759,2873.0,0.5761,1496.0,0.5762,250.0
1753591969796,04:52:49.796,bybit,A/USDT:USDT,0.576,2264.0,0.5759,2873.0,0.5761,1496.0,0.5762,233.0
1753591970294,04:52:50.294,bybit,A/USDT:USDT,0.576,2264.0,0.5759,2873.0,0.5761,1496.0,0.5762,233.0
1753591970394,04:52:50.394,bybit,A/USDT:USDT,0.576,2264.0,0.5759,2873.0,0.5761,1496.0,0.5762,233.0
1753591970595,04:52:50.595,bybit,A/USDT:USDT,0.576,2298.0,0.5759,2873.0,0.5761,1496.0,0.5762,222.0
1753591971394,04:52:51.394,bybit,A/USDT:USDT,0.576,2298.0,0.5759,2873.0,0.5761,1496.0,0.5762,222.0
1753591971594,04:52:51.594,bybit,A/USDT:USDT,0.576,2298.0,0.5759,2873.0,0.5761,1496.0,0.5762,222.0
1753591971894,04:52:51.894,bybit,A/USDT:USDT,0.576,2298.0,0.5759,2873.0,0.5761,1496.0,0.5762,222.0
1753591972094,04:52:52.094,bybit,A/USDT:USDT,0.576,2298.0,0.5759,2873.0,0.5761,1496.0,0.5762,222.0
