timestamp,time,symbol,bid1_price,bid1_volume,bid2_price,bid2_volume,ask1_price,ask1_volume,ask2_price,ask2_volume
1753546945929,16:22:25.929,1INCH/USDT:USDT,0.2825,3050.0,0.2824,66439.0,0.2826,4.0,0.2827,1945.0
1753546946930,16:22:26.930,1INCH/USDT:USDT,0.2825,3051.0,0.2824,4.0,0.2826,4.0,0.2827,349.0
1753546948227,16:22:28.227,1INCH/USDT:USDT,0.2826,4957.0,0.2825,4.0,0.2829,4983.0,0.2832,66979.0
1753546949434,16:22:29.434,1INCH/USDT:USDT,0.2827,4.0,0.2825,75379.0,0.2829,1233.0,0.283,72916.0
1753546950934,16:22:30.934,1INCH/USDT:USDT,0.2827,589.0,0.2826,15562.0,0.2829,1237.0,0.2831,4653.0
1753546953437,16:22:33.437,1INCH/USDT:USDT,0.2827,589.0,0.2825,4415.0,0.2829,1237.0,0.283,118172.0
1753546954788,16:22:34.788,1INCH/USDT:USDT,0.2827,1384.0,0.2825,49382.0,0.2829,1472.0,0.2832,15661.0
1753546955440,16:22:35.440,1INCH/USDT:USDT,0.2827,1388.0,0.2825,49382.0,0.2829,1472.0,0.2832,15661.0
1753546955940,16:22:35.940,1INCH/USDT:USDT,0.2827,1391.0,0.2823,40610.0,0.2829,1472.0,0.283,113376.0
1753546956942,16:22:36.942,1INCH/USDT:USDT,0.2827,1389.0,0.2824,47676.0,0.2829,1330.0,0.2832,38008.0
1753546957790,16:22:37.790,1INCH/USDT:USDT,0.2827,1779.0,0.2825,23003.0,0.2829,1330.0,0.2833,31671.0
1753546957943,16:22:37.943,1INCH/USDT:USDT,0.2827,1780.0,0.2825,23003.0,0.2829,1330.0,0.2833,31671.0
1753546958948,16:22:38.948,1INCH/USDT:USDT,0.2827,1548.0,0.2825,62319.0,0.2829,1330.0,0.2833,7768.0
1753546959449,16:22:39.449,1INCH/USDT:USDT,0.2827,1548.0,0.2825,62319.0,0.2829,1330.0,0.2833,7768.0
1753546959945,16:22:39.945,1INCH/USDT:USDT,0.2827,1507.0,0.2825,32734.0,0.2829,1330.0,0.2831,18393.0
1753546960445,16:22:40.445,1INCH/USDT:USDT,0.2827,1507.0,0.2825,32734.0,0.2829,1327.0,0.2831,18393.0
1753546960948,16:22:40.948,1INCH/USDT:USDT,0.2827,1508.0,0.2822,64667.0,0.2829,2147.0,0.2833,56590.0
1753546961949,16:22:41.949,1INCH/USDT:USDT,0.2827,1897.0,0.2824,99266.0,0.2829,1322.0,0.2832,19422.0
1753546962449,16:22:42.449,1INCH/USDT:USDT,0.2827,1898.0,0.2824,99266.0,0.2829,1322.0,0.2832,19422.0
1753546963450,16:22:43.450,1INCH/USDT:USDT,0.2827,1505.0,0.2822,10213.0,0.2829,1320.0,0.2833,10465.0
1753546963952,16:22:43.952,1INCH/USDT:USDT,0.2827,1552.0,0.2823,91320.0,0.2829,1321.0,0.2833,12820.0
1753546964792,16:22:44.792,1INCH/USDT:USDT,0.2827,2015.0,0.2825,92011.0,0.2829,1321.0,0.283,103773.0
1753546964953,16:22:44.953,1INCH/USDT:USDT,0.2827,2016.0,0.2825,92011.0,0.2829,1321.0,0.283,103773.0
1753546965955,16:22:45.955,1INCH/USDT:USDT,0.2827,3426.0,0.2826,44465.0,0.2829,432.0,0.283,63877.0
1753546966466,16:22:46.466,1INCH/USDT:USDT,0.2827,3426.0,0.2826,44465.0,0.2829,435.0,0.283,63877.0
1753546966959,16:22:46.959,1INCH/USDT:USDT,0.2827,3430.0,0.2824,88552.0,0.2829,435.0,0.2831,62940.0
1753546967457,16:22:47.457,1INCH/USDT:USDT,0.2827,3427.0,0.2824,88552.0,0.2829,435.0,0.2831,62940.0
1753546967958,16:22:47.958,1INCH/USDT:USDT,0.2827,1553.0,0.2823,1823.0,0.2829,1477.0,0.2832,53374.0
1753546968459,16:22:48.459,1INCH/USDT:USDT,0.2827,1554.0,0.2823,1823.0,0.2829,1477.0,0.2832,53374.0
1753546969464,16:22:49.464,1INCH/USDT:USDT,0.2827,2176.0,0.2826,47635.0,0.2829,1478.0,0.2832,12098.0
1753546969963,16:22:49.963,1INCH/USDT:USDT,0.2827,1554.0,0.2826,30214.0,0.2829,1478.0,0.2833,7768.0
1753546970963,16:22:50.963,1INCH/USDT:USDT,0.2827,1554.0,0.2823,74688.0,0.2829,1478.0,0.2831,91678.0
1753546971806,16:22:51.806,1INCH/USDT:USDT,0.2827,1788.0,0.2823,24217.0,0.2829,1478.0,0.2833,133390.0
1753546971964,16:22:51.964,1INCH/USDT:USDT,0.2827,1785.0,0.2823,24217.0,0.2829,1478.0,0.2833,133390.0
1753546972965,16:22:52.965,1INCH/USDT:USDT,0.2827,2174.0,0.2823,5276.0,0.2829,1332.0,0.2833,7768.0
1753546973967,16:22:53.967,1INCH/USDT:USDT,0.2827,2174.0,0.2825,95126.0,0.2829,1486.0,0.2833,10382.0
1753546974467,16:22:54.467,1INCH/USDT:USDT,0.2827,2174.0,0.2825,95126.0,0.2829,1486.0,0.2833,10382.0
1753546974967,16:22:54.967,1INCH/USDT:USDT,0.2827,2174.0,0.2822,72946.0,0.2829,1487.0,0.2833,40418.0
1753546975801,16:22:55.801,1INCH/USDT:USDT,0.2827,2173.0,0.2822,66892.0,0.2829,1487.0,0.2833,42078.0
1753546976470,16:22:56.470,1INCH/USDT:USDT,0.2827,2176.0,0.2822,46436.0,0.2829,1487.0,0.283,70449.0
1753546976969,16:22:56.969,1INCH/USDT:USDT,0.2827,1554.0,0.2822,43795.0,0.2829,1502.0,0.2833,64826.0
1753546977470,16:22:57.470,1INCH/USDT:USDT,0.2827,1551.0,0.2822,43795.0,0.2829,1502.0,0.2833,64826.0
1753546977971,16:22:57.971,1INCH/USDT:USDT,0.2827,2196.0,0.2825,11344.0,0.2829,1355.0,0.2833,9428.0
1753546978803,16:22:58.803,1INCH/USDT:USDT,0.2827,1572.0,0.2824,75060.0,0.2829,1497.0,0.2832,45184.0
1753546979477,16:22:59.477,1INCH/USDT:USDT,0.2827,1572.0,0.2824,75060.0,0.2829,1500.0,0.283,6891.0
1753546979976,16:22:59.976,1INCH/USDT:USDT,0.2827,1547.0,0.2825,32986.0,0.2829,1501.0,0.283,6891.0
1753546980478,16:23:00.478,1INCH/USDT:USDT,0.2827,1547.0,0.2825,32986.0,0.2829,1499.0,0.283,6891.0
1753546980979,16:23:00.979,1INCH/USDT:USDT,0.2827,1549.0,0.2826,7400.0,0.2829,1500.0,0.283,3740.0
1753546982160,16:23:02.160,1INCH/USDT:USDT,0.2825,1543.0,0.2824,50890.0,0.2827,2138.0,0.2829,5.0
1753546983017,16:23:03.017,1INCH/USDT:USDT,0.2825,916.0,0.2824,7359.0,0.2827,12929.0,0.2828,2.0
1753546983835,16:23:03.835,1INCH/USDT:USDT,0.2824,1.0,0.2822,68266.0,0.2827,1118.0,0.2828,26285.0
1753546984464,16:23:04.464,1INCH/USDT:USDT,0.2825,3.0,0.282,68232.0,0.2827,1118.0,0.2828,2.0
1753546984985,16:23:04.985,1INCH/USDT:USDT,0.2825,918.0,0.2824,4695.0,0.2827,768.0,0.2829,1.0
1753546985486,16:23:05.486,1INCH/USDT:USDT,0.2825,918.0,0.2824,4695.0,0.2827,768.0,0.2829,1.0
1753546985985,16:23:05.985,1INCH/USDT:USDT,0.2825,928.0,0.2823,43472.0,0.2827,771.0,0.283,73987.0
1753546986812,16:23:06.812,1INCH/USDT:USDT,0.2826,2007.0,0.2825,6.0,0.2827,3.0,0.2828,1062.0
1753546987491,16:23:07.491,1INCH/USDT:USDT,0.2826,2008.0,0.2825,3.0,0.2827,3.0,0.2828,1062.0
1753546987988,16:23:07.988,1INCH/USDT:USDT,0.2826,2021.0,0.2825,3.0,0.2827,3.0,0.2828,920.0
1753546988814,16:23:08.814,1INCH/USDT:USDT,0.2826,1393.0,0.2825,3.0,0.2827,3.0,0.2828,1062.0
1753546989490,16:23:09.490,1INCH/USDT:USDT,0.2826,1389.0,0.2825,3.0,0.2827,3.0,0.2828,1062.0
1753546989990,16:23:09.990,1INCH/USDT:USDT,0.2826,925.0,0.2825,3.0,0.2827,2.0,0.2828,1066.0
1753546990491,16:23:10.491,1INCH/USDT:USDT,0.2826,925.0,0.2825,3.0,0.2827,2.0,0.2828,1063.0
1753546990991,16:23:10.991,1INCH/USDT:USDT,0.2826,927.0,0.2825,3.0,0.2827,2.0,0.2828,1067.0
1753546991816,16:23:11.816,1INCH/USDT:USDT,0.2826,1882.0,0.2825,3.0,0.2827,2.0,0.2828,391.0
1753546991993,16:23:11.993,1INCH/USDT:USDT,0.2826,1882.0,0.2825,3.0,0.2827,2.0,0.2828,387.0
1753546993004,16:23:13.004,1INCH/USDT:USDT,0.2826,1881.0,0.2825,3.0,0.2827,2.0,0.2828,387.0
1753546993494,16:23:13.494,1INCH/USDT:USDT,0.2826,1877.0,0.2825,3.0,0.2827,2.0,0.2828,387.0
1753546994495,16:23:14.495,1INCH/USDT:USDT,0.2827,3764.0,0.2825,3.0,0.2828,1.0,0.2829,437.0
1753546994996,16:23:14.996,1INCH/USDT:USDT,0.2827,1311.0,0.2826,10671.0,0.2828,1.0,0.2829,1092.0
1753546995822,16:23:15.822,1INCH/USDT:USDT,0.2827,1307.0,0.2826,10671.0,0.2829,1096.0,0.2834,88908.0
1753546996498,16:23:16.498,1INCH/USDT:USDT,0.2827,3200.0,0.2826,3502.0,0.2829,1096.0,0.283,96531.0
1753546997000,16:23:17.000,1INCH/USDT:USDT,0.2827,2331.0,0.2825,3.0,0.2829,1058.0,0.2831,11060.0
1753546997822,16:23:17.822,1INCH/USDT:USDT,0.2827,2727.0,0.2825,25097.0,0.2829,2.0,0.2833,99697.0
1753546999004,16:23:19.004,1INCH/USDT:USDT,0.2827,2331.0,0.2825,82367.0,0.2829,1052.0,0.2833,3517.0
1753546999512,16:23:19.512,1INCH/USDT:USDT,0.2827,2331.0,0.2825,82367.0,0.2829,1052.0,0.2834,54261.0
1753547000004,16:23:20.004,1INCH/USDT:USDT,0.2827,3087.0,0.2825,3.0,0.2829,4.0,0.283,79244.0
1753547000824,16:23:20.824,1INCH/USDT:USDT,0.2827,3089.0,0.2825,3.0,0.2829,3.0,0.283,79244.0
1753547001012,16:23:21.012,1INCH/USDT:USDT,0.2827,3093.0,0.2825,3.0,0.2829,2.0,0.2831,35125.0
1753547002006,16:23:22.006,1INCH/USDT:USDT,0.2827,2414.0,0.2825,3.0,0.2829,882.0,0.2833,6385.0
1753547002506,16:23:22.506,1INCH/USDT:USDT,0.2827,2414.0,0.2825,3.0,0.2829,885.0,0.2833,6385.0
1753547003008,16:23:23.008,1INCH/USDT:USDT,0.2827,2414.0,0.2826,23760.0,0.2829,1117.0,0.2832,101056.0
1753547003510,16:23:23.510,1INCH/USDT:USDT,0.2827,3454.0,0.2825,3.0,0.283,3.0,0.2833,49529.0
1753547004009,16:23:24.009,1INCH/USDT:USDT,0.2828,1.0,0.2827,40428.0,0.283,1230.0,0.2833,98366.0
1753547005011,16:23:25.011,1INCH/USDT:USDT,0.2828,394.0,0.2827,1438.0,0.283,2434.0,0.2831,20891.0
1753547005512,16:23:25.512,1INCH/USDT:USDT,0.2828,394.0,0.2827,1438.0,0.283,2434.0,0.2831,20891.0
1753547006013,16:23:26.013,1INCH/USDT:USDT,0.2828,2413.0,0.2825,3.0,0.283,3081.0,0.2833,72445.0
1753547006514,16:23:26.514,1INCH/USDT:USDT,0.2828,2413.0,0.2825,3.0,0.283,3085.0,0.2833,72445.0
1753547007015,16:23:27.015,1INCH/USDT:USDT,0.2828,2413.0,0.2825,3.0,0.283,3081.0,0.2835,124674.0
1753547007828,16:23:27.828,1INCH/USDT:USDT,0.2828,2415.0,0.2825,3.0,0.283,2286.0,0.2835,108633.0
1753547008517,16:23:28.517,1INCH/USDT:USDT,0.2828,2415.0,0.2825,3.0,0.283,2286.0,0.2835,108633.0
1753547009025,16:23:29.025,1INCH/USDT:USDT,0.2828,2415.0,0.2825,3.0,0.283,2289.0,0.2835,106187.0
1753547009520,16:23:29.520,1INCH/USDT:USDT,0.2828,1.0,0.2827,1347.0,0.2829,3080.0,0.283,4.0
1753547010020,16:23:30.020,1INCH/USDT:USDT,0.2828,1.0,0.2827,276.0,0.2829,2873.0,0.283,4.0
1753547010521,16:23:30.521,1INCH/USDT:USDT,0.2827,277.0,0.2825,3.0,0.2829,2873.0,0.283,4.0
1753547011022,16:23:31.022,1INCH/USDT:USDT,0.2827,321.0,0.2826,27303.0,0.2829,2877.0,0.2832,39122.0
1753547012022,16:23:32.022,1INCH/USDT:USDT,0.2827,322.0,0.2825,3.0,0.2829,2315.0,0.283,44060.0
1753547012524,16:23:32.524,1INCH/USDT:USDT,0.2827,322.0,0.2825,3.0,0.2829,2315.0,0.283,44060.0
1753547013029,16:23:33.029,1INCH/USDT:USDT,0.2827,322.0,0.2825,3.0,0.2829,2906.0,0.283,91478.0
1753547013831,16:23:33.831,1INCH/USDT:USDT,0.2827,324.0,0.2826,46062.0,0.2829,2906.0,0.283,131769.0
1753547015029,16:23:35.029,1INCH/USDT:USDT,0.2827,325.0,0.2825,35143.0,0.2829,2904.0,0.2831,93496.0
1753547015535,16:23:35.535,1INCH/USDT:USDT,0.2827,325.0,0.2825,35143.0,0.2829,2904.0,0.2831,93496.0
1753547016031,16:23:36.031,1INCH/USDT:USDT,0.2827,325.0,0.2824,26763.0,0.2829,2908.0,0.2831,1894.0
1753547016834,16:23:36.834,1INCH/USDT:USDT,0.2827,322.0,0.2824,58852.0,0.2829,1120.0,0.283,76433.0
1753547017033,16:23:37.033,1INCH/USDT:USDT,0.2827,322.0,0.2824,58852.0,0.2829,1120.0,0.283,76433.0
1753547018034,16:23:38.034,1INCH/USDT:USDT,0.2827,322.0,0.2824,32379.0,0.2829,1028.0,0.283,35740.0
1753547018535,16:23:38.535,1INCH/USDT:USDT,0.2827,322.0,0.2824,32379.0,0.2829,1028.0,0.283,35740.0
1753547019036,16:23:39.036,1INCH/USDT:USDT,0.2827,332.0,0.2825,54418.0,0.2829,1261.0,0.283,73587.0
1753547019835,16:23:39.835,1INCH/USDT:USDT,0.2827,336.0,0.2826,54031.0,0.2829,1892.0,0.2831,1894.0
1753547020050,16:23:40.050,1INCH/USDT:USDT,0.2827,336.0,0.2826,54031.0,0.2829,1890.0,0.2831,1894.0
1753547021038,16:23:41.038,1INCH/USDT:USDT,0.2827,361.0,0.2823,44477.0,0.2829,2405.0,0.2831,1164.0
1753547021540,16:23:41.540,1INCH/USDT:USDT,0.2827,361.0,0.2823,44477.0,0.2829,2405.0,0.2831,1164.0
1753547022041,16:23:42.041,1INCH/USDT:USDT,0.2827,360.0,0.2823,14490.0,0.2829,2638.0,0.283,32842.0
1753547022542,16:23:42.542,1INCH/USDT:USDT,0.2827,363.0,0.2823,14490.0,0.2829,2638.0,0.283,32842.0
1753547023043,16:23:43.043,1INCH/USDT:USDT,0.2827,1261.0,0.2825,41042.0,0.2829,2261.0,0.2831,1164.0
1753547024043,16:23:44.043,1INCH/USDT:USDT,0.2827,1264.0,0.2824,45698.0,0.2829,2273.0,0.2831,1164.0
1753547024543,16:23:44.543,1INCH/USDT:USDT,0.2827,1264.0,0.2824,45698.0,0.2829,2272.0,0.2831,1164.0
1753547025045,16:23:45.045,1INCH/USDT:USDT,0.2827,367.0,0.2824,34783.0,0.2829,3096.0,0.2831,73719.0
1753547025839,16:23:45.839,1INCH/USDT:USDT,0.2827,369.0,0.2824,34783.0,0.2829,3097.0,0.2831,72555.0
1753547026547,16:23:46.547,1INCH/USDT:USDT,0.2827,1.0,0.2826,1009.0,0.2828,2270.0,0.2829,1.0
1753547027047,16:23:47.047,1INCH/USDT:USDT,0.2827,1.0,0.2826,985.0,0.2828,678.0,0.2829,1.0
1753547027549,16:23:47.549,1INCH/USDT:USDT,0.2827,1.0,0.2826,985.0,0.2828,678.0,0.2829,1.0
1753547028049,16:23:48.049,1INCH/USDT:USDT,0.2827,1.0,0.2826,980.0,0.2828,686.0,0.2829,1.0
1753547028840,16:23:48.840,1INCH/USDT:USDT,0.2827,1.0,0.2826,980.0,0.2828,736.0,0.2829,1.0
1753547029054,16:23:49.054,1INCH/USDT:USDT,0.2827,1.0,0.2826,981.0,0.2828,736.0,0.2829,1.0
1753547029840,16:23:49.840,1INCH/USDT:USDT,0.2827,1.0,0.2826,70.0,0.2828,1633.0,0.2829,1.0
1753547030552,16:23:50.552,1INCH/USDT:USDT,0.2827,1.0,0.2826,70.0,0.2828,1631.0,0.2829,1.0
1753547031062,16:23:51.062,1INCH/USDT:USDT,0.2827,1.0,0.2826,1607.0,0.2828,59.0,0.2829,1.0
1753547031553,16:23:51.553,1INCH/USDT:USDT,0.2827,1.0,0.2826,1607.0,0.2828,59.0,0.2829,1.0
1753547032063,16:23:52.063,1INCH/USDT:USDT,0.2827,1.0,0.2826,90.0,0.2828,1814.0,0.2829,1.0
1753547032556,16:23:52.556,1INCH/USDT:USDT,0.2827,1.0,0.2826,92.0,0.2828,1814.0,0.2829,1.0
1753547033060,16:23:53.060,1INCH/USDT:USDT,0.2827,1.0,0.2826,1010.0,0.2828,1814.0,0.2829,1.0
1753547033845,16:23:53.845,1INCH/USDT:USDT,0.2827,1.0,0.2826,1010.0,0.2828,1127.0,0.2829,1.0
1753547034061,16:23:54.061,1INCH/USDT:USDT,0.2827,1.0,0.2826,1010.0,0.2828,1127.0,0.2829,1.0
1753547035065,16:23:55.065,1INCH/USDT:USDT,0.2827,1.0,0.2826,1011.0,0.2828,2047.0,0.2829,1.0
1753547035561,16:23:55.561,1INCH/USDT:USDT,0.2827,1.0,0.2826,1013.0,0.2828,2047.0,0.2829,1.0
1753547036061,16:23:56.061,1INCH/USDT:USDT,0.2827,1.0,0.2826,1017.0,0.2828,2047.0,0.2829,1.0
1753547036846,16:23:56.846,1INCH/USDT:USDT,0.2827,1.0,0.2826,1016.0,0.2828,2047.0,0.2829,1.0
1753547037063,16:23:57.063,1INCH/USDT:USDT,0.2827,1.0,0.2826,1017.0,0.2828,2047.0,0.2829,1.0
1753547038063,16:23:58.063,1INCH/USDT:USDT,0.2827,1.0,0.2826,1017.0,0.2828,2047.0,0.2829,43698.0
1753547038567,16:23:58.567,1INCH/USDT:USDT,0.2827,1.0,0.2826,1017.0,0.2828,2048.0,0.2829,43698.0
1753547039068,16:23:59.068,1INCH/USDT:USDT,0.2827,1.0,0.2826,1017.0,0.2828,2044.0,0.2829,1.0
1753547039850,16:23:59.850,1INCH/USDT:USDT,0.2827,1.0,0.2826,2429.0,0.2828,2044.0,0.2829,1.0
1753547040069,16:24:00.069,1INCH/USDT:USDT,0.2827,1.0,0.2826,2429.0,0.2828,2048.0,0.2829,1.0
1753547040854,16:24:00.854,1INCH/USDT:USDT,0.2827,1.0,0.2826,2428.0,0.2828,2044.0,0.2829,1327.0
1753547041570,16:24:01.570,1INCH/USDT:USDT,0.2827,1.0,0.2826,2428.0,0.2828,1127.0,0.2829,1327.0
1753547042072,16:24:02.072,1INCH/USDT:USDT,0.2827,1.0,0.2826,2428.0,0.2828,1235.0,0.2829,1327.0
1753547042576,16:24:02.576,1INCH/USDT:USDT,0.2827,1.0,0.2826,2429.0,0.2828,1235.0,0.2829,1327.0
1753547043072,16:24:03.072,1INCH/USDT:USDT,0.2827,1.0,0.2826,2428.0,0.2828,1235.0,0.2829,1327.0
1753547043853,16:24:03.853,1INCH/USDT:USDT,0.2827,1.0,0.2826,2429.0,0.2828,1235.0,0.2829,1327.0
1753547044073,16:24:04.073,1INCH/USDT:USDT,0.2827,1.0,0.2826,2429.0,0.2828,1235.0,0.2829,1327.0
1753547045076,16:24:05.076,1INCH/USDT:USDT,0.2827,1317.0,0.2826,47865.0,0.2828,2.0,0.2829,1054.0
1753547045577,16:24:05.577,1INCH/USDT:USDT,0.2827,1317.0,0.2826,47865.0,0.2829,1059.0,0.2831,81493.0
1753547046080,16:24:06.080,1INCH/USDT:USDT,0.2827,920.0,0.2826,39402.0,0.2829,1057.0,0.283,9217.0
1753547046858,16:24:06.858,1INCH/USDT:USDT,0.2827,945.0,0.2824,67200.0,0.2829,1057.0,0.2832,54298.0
1753547047081,16:24:07.081,1INCH/USDT:USDT,0.2827,943.0,0.2824,67200.0,0.2829,1057.0,0.2832,54298.0
1753547047858,16:24:07.858,1INCH/USDT:USDT,0.2827,944.0,0.2823,11077.0,0.2829,1057.0,0.2831,96578.0
1753547048581,16:24:08.581,1INCH/USDT:USDT,0.2827,944.0,0.2823,11077.0,0.2829,1058.0,0.2831,96578.0
1753547049082,16:24:09.082,1INCH/USDT:USDT,0.2827,944.0,0.2825,4955.0,0.2829,1058.0,0.283,12785.0
1753547049582,16:24:09.582,1INCH/USDT:USDT,0.2827,943.0,0.2825,4955.0,0.2829,1058.0,0.283,12785.0
1753547050083,16:24:10.083,1INCH/USDT:USDT,0.2827,943.0,0.2824,58761.0,0.2829,1058.0,0.283,96864.0
1753547050867,16:24:10.867,1INCH/USDT:USDT,0.2827,941.0,0.2824,58761.0,0.2829,1059.0,0.283,96864.0
1753547051085,16:24:11.085,1INCH/USDT:USDT,0.2827,1483.0,0.2825,59601.0,0.2829,915.0,0.283,1412.0
1753547051863,16:24:11.863,1INCH/USDT:USDT,0.2827,1483.0,0.2826,23326.0,0.2829,259.0,0.2831,54680.0
1753547052588,16:24:12.588,1INCH/USDT:USDT,0.2827,1483.0,0.2826,23326.0,0.2829,260.0,0.2831,54680.0
1753547052865,16:24:12.865,1INCH/USDT:USDT,0.2827,1483.0,0.2825,5832.0,0.2829,400.0,0.2833,132168.0
1753547054090,16:24:14.090,1INCH/USDT:USDT,0.2827,1483.0,0.2822,38597.0,0.2829,398.0,0.2833,97427.0
1753547055092,16:24:15.092,1INCH/USDT:USDT,0.2827,1081.0,0.2823,59072.0,0.2829,400.0,0.2832,50620.0
1753547055591,16:24:15.591,1INCH/USDT:USDT,0.2827,1081.0,0.2823,59072.0,0.2829,396.0,0.2832,50620.0
1753547055866,16:24:15.866,1INCH/USDT:USDT,0.2827,1081.0,0.2823,59072.0,0.2829,400.0,0.283,4458.0
1753547056866,16:24:16.866,1INCH/USDT:USDT,0.2827,1086.0,0.2825,40085.0,0.2829,1478.0,0.283,4458.0
1753547057594,16:24:17.594,1INCH/USDT:USDT,0.2827,1089.0,0.2825,40085.0,0.2829,1478.0,0.283,4458.0
1753547058095,16:24:18.095,1INCH/USDT:USDT,0.2827,1089.0,0.2826,42348.0,0.2829,1478.0,0.283,14533.0
1753547058594,16:24:18.594,1INCH/USDT:USDT,0.2827,1089.0,0.2826,42348.0,0.2829,1478.0,0.283,14533.0
1753547059096,16:24:19.096,1INCH/USDT:USDT,0.2827,1089.0,0.2822,57456.0,0.2829,1478.0,0.283,2690.0
1753547059868,16:24:19.868,1INCH/USDT:USDT,0.2827,2509.0,0.2826,65745.0,0.2829,1478.0,0.283,2690.0
1753547060097,16:24:20.097,1INCH/USDT:USDT,0.2827,2509.0,0.2826,65745.0,0.2829,1480.0,0.283,2690.0
1753547060872,16:24:20.872,1INCH/USDT:USDT,0.2827,2509.0,0.2826,65745.0,0.2829,1481.0,0.2833,30030.0
1753547061099,16:24:21.099,1INCH/USDT:USDT,0.2827,2508.0,0.2825,4489.0,0.2829,1481.0,0.2833,46650.0
1753547062100,16:24:22.100,1INCH/USDT:USDT,0.2827,2503.0,0.2825,4489.0,0.2829,1725.0,0.2834,49642.0
1753547062606,16:24:22.606,1INCH/USDT:USDT,0.2827,2503.0,0.2822,51090.0,0.2829,1725.0,0.2834,49642.0
1753547063106,16:24:23.106,1INCH/USDT:USDT,0.2827,1592.0,0.2825,55182.0,0.2829,2319.0,0.2833,11908.0
1753547063870,16:24:23.870,1INCH/USDT:USDT,0.2827,1782.0,0.2823,81560.0,0.2829,1492.0,0.283,11912.0
1753547064105,16:24:24.105,1INCH/USDT:USDT,0.2827,1782.0,0.2823,81560.0,0.2829,1492.0,0.283,11912.0
1753547064872,16:24:24.872,1INCH/USDT:USDT,0.2827,1782.0,0.2825,55843.0,0.2829,2318.0,0.2834,131714.0
1753547065606,16:24:25.606,1INCH/USDT:USDT,0.2827,1782.0,0.2825,55843.0,0.2829,2318.0,0.2834,131714.0
1753547066106,16:24:26.106,1INCH/USDT:USDT,0.2827,1780.0,0.2823,40878.0,0.2829,2344.0,0.283,34848.0
1753547067109,16:24:27.109,1INCH/USDT:USDT,0.2827,4212.0,0.2825,54887.0,0.2829,1750.0,0.2832,33305.0
1753547067874,16:24:27.874,1INCH/USDT:USDT,0.2827,4255.0,0.2823,14961.0,0.2829,1517.0,0.2832,108889.0
1753547068611,16:24:28.611,1INCH/USDT:USDT,0.2827,4254.0,0.2823,14961.0,0.2829,1519.0,0.2832,108889.0
1753547069109,16:24:29.109,1INCH/USDT:USDT,0.2827,3755.0,0.2826,42054.0,0.2829,3232.0,0.2832,16358.0
1753547069610,16:24:29.610,1INCH/USDT:USDT,0.2827,3756.0,0.2826,42054.0,0.2829,3232.0,0.2832,16358.0
1753547070115,16:24:30.115,1INCH/USDT:USDT,0.2827,3989.0,0.2824,80440.0,0.2829,1516.0,0.2833,72572.0
1753547070876,16:24:30.876,1INCH/USDT:USDT,0.2827,3991.0,0.2824,80440.0,0.2829,1515.0,0.2833,65749.0
1753547071125,16:24:31.125,1INCH/USDT:USDT,0.2827,4378.0,0.2822,79119.0,0.2829,1515.0,0.2832,39652.0
1753547071876,16:24:31.876,1INCH/USDT:USDT,0.2827,5368.0,0.2822,16285.0,0.2829,1519.0,0.2833,116404.0
1753547073120,16:24:33.120,1INCH/USDT:USDT,0.2828,1143.0,0.2827,3.0,0.2829,5.0,0.283,509.0
1753547073618,16:24:33.618,1INCH/USDT:USDT,0.2828,1142.0,0.2827,3.0,0.2829,5.0,0.283,509.0
1753547074118,16:24:34.118,1INCH/USDT:USDT,0.2828,1629.0,0.2827,3.0,0.2829,5.0,0.283,507.0
1753547074879,16:24:34.879,1INCH/USDT:USDT,0.2828,1161.0,0.2827,3.0,0.2829,5.0,0.283,507.0
1753547076124,16:24:36.124,1INCH/USDT:USDT,0.2829,1601.0,0.2826,11180.0,0.2831,1452.0,0.2834,101655.0
1753547076622,16:24:36.622,1INCH/USDT:USDT,0.2829,1601.0,0.2826,11180.0,0.2831,1453.0,0.2834,101655.0
1753547077123,16:24:37.123,1INCH/USDT:USDT,0.2829,4023.0,0.2826,49822.0,0.2831,691.0,0.2833,20096.0
1753547077626,16:24:37.626,1INCH/USDT:USDT,0.2829,4023.0,0.2826,49822.0,0.2831,689.0,0.2833,20096.0
1753547078125,16:24:38.125,1INCH/USDT:USDT,0.2829,3143.0,0.2824,22514.0,0.2831,1429.0,0.2832,48864.0
1753547078627,16:24:38.627,1INCH/USDT:USDT,0.2829,3143.0,0.2824,22514.0,0.2831,1427.0,0.2832,48864.0
1753547079128,16:24:39.128,1INCH/USDT:USDT,0.2829,3859.0,0.2828,35464.0,0.2831,546.0,0.2835,41865.0
1753547079881,16:24:39.881,1INCH/USDT:USDT,0.2829,3136.0,0.2826,80560.0,0.2831,699.0,0.2833,116471.0
1753547080628,16:24:40.628,1INCH/USDT:USDT,0.2829,3136.0,0.2826,80560.0,0.2831,697.0,0.2833,116471.0
1753547081129,16:24:41.129,1INCH/USDT:USDT,0.2829,3139.0,0.2828,5259.0,0.2831,2198.0,0.2836,48558.0
1753547081631,16:24:41.631,1INCH/USDT:USDT,0.2829,3139.0,0.2828,5259.0,0.2831,2200.0,0.2836,48558.0
1753547082131,16:24:42.131,1INCH/USDT:USDT,0.2829,3138.0,0.2826,63086.0,0.2831,1386.0,0.2836,104807.0
1753547082883,16:24:42.883,1INCH/USDT:USDT,0.2829,3138.0,0.2827,6533.0,0.2831,1388.0,0.2832,30868.0
1753547083132,16:24:43.132,1INCH/USDT:USDT,0.2829,3138.0,0.2827,6533.0,0.2831,1388.0,0.2832,30868.0
1753547084135,16:24:44.135,1INCH/USDT:USDT,0.2829,3144.0,0.2825,33331.0,0.2831,1379.0,0.2833,83977.0
1753547084637,16:24:44.637,1INCH/USDT:USDT,0.2829,3143.0,0.2825,33331.0,0.2831,1379.0,0.2833,83977.0
1753547085136,16:24:45.136,1INCH/USDT:USDT,0.2829,3625.0,0.2826,23551.0,0.2831,1233.0,0.2833,4325.0
1753547086637,16:24:46.637,1INCH/USDT:USDT,0.2829,3141.0,0.2826,72337.0,0.2831,1227.0,0.2832,95202.0
1753547087138,16:24:47.138,1INCH/USDT:USDT,0.2829,3139.0,0.2827,66836.0,0.2831,1227.0,0.2834,17428.0
1753547088139,16:24:48.139,1INCH/USDT:USDT,0.2829,3138.0,0.2824,67490.0,0.2831,2041.0,0.2834,2692.0
1753547089142,16:24:49.142,1INCH/USDT:USDT,0.2829,3138.0,0.2828,38213.0,0.2831,1231.0,0.2834,2692.0
1753547089888,16:24:49.888,1INCH/USDT:USDT,0.2829,3140.0,0.2825,98494.0,0.2831,1465.0,0.2832,3095.0
1753547090143,16:24:50.143,1INCH/USDT:USDT,0.2829,3140.0,0.2825,98494.0,0.2831,1465.0,0.2832,3095.0
1753547090645,16:24:50.645,1INCH/USDT:USDT,0.2829,3140.0,0.2825,98494.0,0.2831,1465.0,0.2832,3095.0
1753547091145,16:24:51.145,1INCH/USDT:USDT,0.2829,3512.0,0.2828,14975.0,0.2831,1228.0,0.2833,46883.0
1753547091644,16:24:51.644,1INCH/USDT:USDT,0.2829,3512.0,0.2828,14975.0,0.2831,1229.0,0.2833,46883.0
1753547092144,16:24:52.144,1INCH/USDT:USDT,0.2829,3276.0,0.2828,42056.0,0.2831,1462.0,0.2832,48012.0
1753547093145,16:24:53.145,1INCH/USDT:USDT,0.2829,3276.0,0.2824,41958.0,0.2831,1463.0,0.2835,65183.0
1753547093647,16:24:53.647,1INCH/USDT:USDT,0.2829,3276.0,0.2824,41958.0,0.2831,1462.0,0.2835,65183.0
1753547094146,16:24:54.146,1INCH/USDT:USDT,0.2829,3276.0,0.2827,54252.0,0.2831,1569.0,0.2833,107911.0
1753547094890,16:24:54.890,1INCH/USDT:USDT,0.2829,3278.0,0.2825,43320.0,0.2831,3062.0,0.2836,59934.0
1753547095650,16:24:55.650,1INCH/USDT:USDT,0.2829,3278.0,0.2825,43320.0,0.2831,3062.0,0.2836,59934.0
1753547096155,16:24:56.155,1INCH/USDT:USDT,0.2829,3278.0,0.2827,54899.0,0.2831,2250.0,0.2832,83488.0
1753547096649,16:24:56.649,1INCH/USDT:USDT,0.2829,3278.0,0.2827,54899.0,0.2831,2250.0,0.2832,83488.0
1753547097158,16:24:57.158,1INCH/USDT:USDT,0.2829,3278.0,0.2826,26761.0,0.2831,3063.0,0.2833,135586.0
1753547097892,16:24:57.892,1INCH/USDT:USDT,0.2829,3278.0,0.2828,63561.0,0.2831,2483.0,0.2835,32441.0
1753547098152,16:24:58.152,1INCH/USDT:USDT,0.2829,3277.0,0.2828,63561.0,0.2831,2483.0,0.2835,32441.0
1753547099153,16:24:59.153,1INCH/USDT:USDT,0.2829,3610.0,0.2828,8050.0,0.2831,4830.0,0.2833,27948.0
1753547099655,16:24:59.655,1INCH/USDT:USDT,0.2829,3610.0,0.2828,8050.0,0.2831,4832.0,0.2833,27948.0
1753547100163,16:25:00.163,1INCH/USDT:USDT,0.2829,5946.0,0.2827,63982.0,0.2831,4251.0,0.2834,19752.0
1753547100895,16:25:00.895,1INCH/USDT:USDT,0.2829,5948.0,0.2827,63982.0,0.2831,4250.0,0.2834,19752.0
1753547101156,16:25:01.156,1INCH/USDT:USDT,0.2829,5947.0,0.2827,6313.0,0.2831,7655.0,0.2833,36256.0
1753547102159,16:25:02.159,1INCH/USDT:USDT,0.2829,5807.0,0.2828,84923.0,0.2831,1792.0,0.2833,66647.0
1753547102894,16:25:02.894,1INCH/USDT:USDT,0.2829,5807.0,0.2828,16095.0,0.2831,1146.0,0.2836,27382.0
1753547104158,16:25:04.158,1INCH/USDT:USDT,0.283,24.0,0.2829,5.0,0.2831,4.0,0.2832,3536.0
1753547104658,16:25:04.658,1INCH/USDT:USDT,0.283,24.0,0.2829,5.0,0.2831,4.0,0.2832,3536.0
1753547105165,16:25:05.165,1INCH/USDT:USDT,0.2829,3122.0,0.2825,76006.0,0.2831,5407.0,0.2835,107811.0
1753547105910,16:25:05.910,1INCH/USDT:USDT,0.2828,2845.0,0.2827,15686.0,0.283,6266.0,0.2831,1.0
1753547106667,16:25:06.667,1INCH/USDT:USDT,0.2826,1065.0,0.2823,48177.0,0.2829,4423.0,0.283,4.0
1753547107163,16:25:07.163,1INCH/USDT:USDT,0.2826,925.0,0.2823,55943.0,0.2828,671.0,0.2829,107374.0
1753547107899,16:25:07.899,1INCH/USDT:USDT,0.2826,925.0,0.2824,25462.0,0.2828,1001.0,0.283,89686.0
1753547108163,16:25:08.163,1INCH/USDT:USDT,0.2826,924.0,0.2824,25462.0,0.2828,1001.0,0.283,89686.0
1753547109165,16:25:09.165,1INCH/USDT:USDT,0.2826,925.0,0.2822,1211.0,0.2828,1002.0,0.283,1.0
1753547109666,16:25:09.666,1INCH/USDT:USDT,0.2826,924.0,0.2822,1211.0,0.2828,1002.0,0.283,1.0
1753547110179,16:25:10.179,1INCH/USDT:USDT,0.2826,923.0,0.2824,42370.0,0.2828,1002.0,0.283,1.0
1753547110902,16:25:10.902,1INCH/USDT:USDT,0.2826,925.0,0.2824,42370.0,0.2828,1002.0,0.283,1.0
1753547111170,16:25:11.170,1INCH/USDT:USDT,0.2826,925.0,0.2824,45048.0,0.2828,1005.0,0.283,1.0
1753547111902,16:25:11.902,1INCH/USDT:USDT,0.2826,925.0,0.2825,25182.0,0.2828,1103.0,0.283,1.0
1753547112172,16:25:12.172,1INCH/USDT:USDT,0.2826,924.0,0.2825,25182.0,0.2828,1103.0,0.283,1.0
1753547113174,16:25:13.174,1INCH/USDT:USDT,0.2826,923.0,0.2825,1884.0,0.2828,1104.0,0.283,1.0
1753547113905,16:25:13.905,1INCH/USDT:USDT,0.2826,923.0,0.2825,35739.0,0.2828,1184.0,0.283,44030.0
1753547114163,16:25:14.163,1INCH/USDT:USDT,0.2826,6163.0,0.2823,77016.0,0.2828,5.0,0.2829,2316.0
1753547115176,16:25:15.176,1INCH/USDT:USDT,0.2826,915.0,0.2822,58688.0,0.2828,2064.0,0.283,1.0
1753547115733,16:25:15.733,1INCH/USDT:USDT,0.2826,916.0,0.2825,20974.0,0.2828,3072.0,0.283,92970.0
1753547116194,16:25:16.194,1INCH/USDT:USDT,0.2825,4251.0,0.2822,44864.0,0.2828,4821.0,0.283,1.0
1753547116908,16:25:16.908,1INCH/USDT:USDT,0.2825,4253.0,0.2824,76784.0,0.2828,4819.0,0.283,1.0
1753547117181,16:25:17.181,1INCH/USDT:USDT,0.2825,4251.0,0.2824,76784.0,0.2828,4819.0,0.283,1.0
1753547117908,16:25:17.908,1INCH/USDT:USDT,0.2826,911.0,0.2825,42734.0,0.2828,2239.0,0.283,74929.0
1753547118183,16:25:18.183,1INCH/USDT:USDT,0.2826,913.0,0.2825,42731.0,0.2828,2239.0,0.283,74929.0
1753547119184,16:25:19.184,1INCH/USDT:USDT,0.2826,913.0,0.2822,47034.0,0.2828,2238.0,0.283,42064.0
1753547119685,16:25:19.685,1INCH/USDT:USDT,0.2826,913.0,0.2822,47034.0,0.2828,2238.0,0.283,42064.0
1753547120196,16:25:20.196,1INCH/USDT:USDT,0.2826,1750.0,0.2822,428.0,0.2828,2096.0,0.283,1.0
1753547120909,16:25:20.909,1INCH/USDT:USDT,0.2826,1749.0,0.2822,428.0,0.2828,2097.0,0.283,1.0
1753547121186,16:25:21.186,1INCH/USDT:USDT,0.2826,1893.0,0.2824,84644.0,0.2828,2093.0,0.283,38427.0
1753547122189,16:25:22.189,1INCH/USDT:USDT,0.2826,4459.0,0.2823,68271.0,0.2828,2112.0,0.2829,57088.0
1753547122689,16:25:22.689,1INCH/USDT:USDT,0.2826,4461.0,0.2823,68271.0,0.2828,2112.0,0.2829,57088.0
1753547123190,16:25:23.190,1INCH/USDT:USDT,0.2826,4461.0,0.2823,59576.0,0.2828,2112.0,0.283,1.0
1753547123692,16:25:23.692,1INCH/USDT:USDT,0.2826,4461.0,0.2823,59576.0,0.2828,2108.0,0.283,1.0
1753547124197,16:25:24.197,1INCH/USDT:USDT,0.2826,4483.0,0.2822,428.0,0.2828,2173.0,0.283,1.0
1753547124911,16:25:24.911,1INCH/USDT:USDT,0.2826,3648.0,0.2822,428.0,0.2828,2173.0,0.283,98422.0
1753547125194,16:25:25.194,1INCH/USDT:USDT,0.2826,3648.0,0.2822,428.0,0.2828,2173.0,0.283,98422.0
1753547125912,16:25:25.912,1INCH/USDT:USDT,0.2826,3644.0,0.2822,428.0,0.2828,2177.0,0.283,98422.0
1753547126699,16:25:26.699,1INCH/USDT:USDT,0.2826,3647.0,0.2823,27509.0,0.2828,3019.0,0.283,1.0
1753547127194,16:25:27.194,1INCH/USDT:USDT,0.2826,3646.0,0.2822,428.0,0.2828,2183.0,0.2829,41096.0
1753547127698,16:25:27.698,1INCH/USDT:USDT,0.2826,3646.0,0.2822,428.0,0.2828,2183.0,0.2829,41096.0
1753547128197,16:25:28.197,1INCH/USDT:USDT,0.2827,4479.0,0.2826,86975.0,0.2828,5.0,0.2829,2178.0
1753547128914,16:25:28.914,1INCH/USDT:USDT,0.2826,6042.0,0.2822,428.0,0.2829,3021.0,0.283,3353.0
1753547129197,16:25:29.197,1INCH/USDT:USDT,0.2826,6042.0,0.2822,428.0,0.2829,3021.0,0.283,3353.0
1753547130199,16:25:30.199,1INCH/USDT:USDT,0.2826,2804.0,0.2822,428.0,0.2828,1681.0,0.283,1.0
1753547130915,16:25:30.915,1INCH/USDT:USDT,0.2826,2805.0,0.2822,428.0,0.2828,1685.0,0.283,1.0
1753547131204,16:25:31.204,1INCH/USDT:USDT,0.2826,2805.0,0.2823,42899.0,0.2828,2295.0,0.283,1.0
1753547131916,16:25:31.916,1INCH/USDT:USDT,0.2826,2805.0,0.2822,92348.0,0.2828,2295.0,0.283,1.0
1753547132706,16:25:32.706,1INCH/USDT:USDT,0.2826,2805.0,0.2822,92348.0,0.2828,2294.0,0.283,1.0
1753547133204,16:25:33.204,1INCH/USDT:USDT,0.2826,2805.0,0.2825,91719.0,0.2828,2294.0,0.283,1.0
1753547133705,16:25:33.705,1INCH/USDT:USDT,0.2826,2805.0,0.2825,91719.0,0.2828,2294.0,0.283,1.0
1753547134205,16:25:34.205,1INCH/USDT:USDT,0.2826,3064.0,0.2822,428.0,0.2828,1685.0,0.283,1.0
1753547134919,16:25:34.919,1INCH/USDT:USDT,0.2826,3076.0,0.2822,26945.0,0.2828,1686.0,0.283,1.0
1753547135210,16:25:35.210,1INCH/USDT:USDT,0.2826,3076.0,0.2822,26945.0,0.2828,1685.0,0.283,1.0
1753547135934,16:25:35.934,1INCH/USDT:USDT,0.2826,3080.0,0.2822,26517.0,0.2828,1688.0,0.2831,6280.0
1753547136713,16:25:36.713,1INCH/USDT:USDT,0.2826,5.0,0.2825,8521.0,0.2827,2449.0,0.2828,58158.0
1753547137212,16:25:37.212,1INCH/USDT:USDT,0.2826,5.0,0.2825,218.0,0.2827,2594.0,0.2828,3.0
1753547137921,16:25:37.921,1INCH/USDT:USDT,0.2826,5.0,0.2825,216.0,0.2827,2594.0,0.2828,3.0
1753547138214,16:25:38.214,1INCH/USDT:USDT,0.2826,5.0,0.2825,214.0,0.2827,2594.0,0.2828,3.0
1753547139217,16:25:39.217,1INCH/USDT:USDT,0.2826,5.0,0.2825,254.0,0.2827,2593.0,0.2828,3.0
1753547140720,16:25:40.720,1INCH/USDT:USDT,0.2826,5.0,0.2825,248.0,0.2827,2850.0,0.2828,96575.0
1753547141220,16:25:41.220,1INCH/USDT:USDT,0.2826,5.0,0.2825,250.0,0.2827,2850.0,0.2828,3.0
1753547141929,16:25:41.929,1INCH/USDT:USDT,0.2826,5.0,0.2825,213.0,0.2827,4552.0,0.2828,3.0
1753547142227,16:25:42.227,1INCH/USDT:USDT,0.2826,5.0,0.2825,213.0,0.2827,4549.0,0.2828,3.0
1753547144225,16:25:44.225,1INCH/USDT:USDT,0.2826,5.0,0.2825,209.0,0.2827,4567.0,0.2828,69787.0
1753547144928,16:25:44.928,1INCH/USDT:USDT,0.2826,5.0,0.2825,209.0,0.2827,3959.0,0.2828,103755.0
1753547146230,16:25:46.230,1INCH/USDT:USDT,0.2826,5.0,0.2825,213.0,0.2827,3530.0,0.2828,3.0
1753547146928,16:25:46.928,1INCH/USDT:USDT,0.2826,5.0,0.2825,213.0,0.2827,4140.0,0.2828,3.0
1753547147233,16:25:47.233,1INCH/USDT:USDT,0.2824,210.0,0.2819,13031.0,0.2826,4137.0,0.2827,3.0
1753547147929,16:25:47.929,1INCH/USDT:USDT,0.2824,8131.0,0.2822,6177.0,0.2826,1468.0,0.2827,3.0
1753547149239,16:25:49.239,1INCH/USDT:USDT,0.2824,8130.0,0.2819,95053.0,0.2826,1477.0,0.2827,41877.0
1753547150236,16:25:50.236,1INCH/USDT:USDT,0.2824,8142.0,0.2819,41614.0,0.2826,707.0,0.2827,77944.0
1753547150930,16:25:50.930,1INCH/USDT:USDT,0.2824,8141.0,0.2819,41614.0,0.2826,707.0,0.2827,77944.0
1753547151237,16:25:51.237,1INCH/USDT:USDT,0.2824,8141.0,0.2821,98836.0,0.2826,707.0,0.2828,3.0
1753547152238,16:25:52.238,1INCH/USDT:USDT,0.2824,8141.0,0.2819,120843.0,0.2826,2449.0,0.2828,3.0
1753547152739,16:25:52.739,1INCH/USDT:USDT,0.2824,8143.0,0.2819,120843.0,0.2826,2449.0,0.2828,3.0
1753547153240,16:25:53.240,1INCH/USDT:USDT,0.2824,8142.0,0.2821,7645.0,0.2826,2449.0,0.2828,3.0
1753547153932,16:25:53.932,1INCH/USDT:USDT,0.2824,8978.0,0.2821,44059.0,0.2826,577.0,0.2828,3.0
1753547154741,16:25:54.741,1INCH/USDT:USDT,0.2824,8979.0,0.2821,44059.0,0.2826,577.0,0.2828,3.0
1753547155242,16:25:55.242,1INCH/USDT:USDT,0.2824,8977.0,0.2823,39261.0,0.2826,577.0,0.2827,80417.0
1753547155933,16:25:55.933,1INCH/USDT:USDT,0.2824,8977.0,0.2823,39261.0,0.2826,578.0,0.2827,80417.0
1753547156243,16:25:56.243,1INCH/USDT:USDT,0.2824,8370.0,0.2822,67138.0,0.2826,716.0,0.2828,4067.0
1753547157244,16:25:57.244,1INCH/USDT:USDT,0.2824,8143.0,0.2822,61448.0,0.2826,716.0,0.2828,79928.0
1753547157934,16:25:57.934,1INCH/USDT:USDT,0.2824,8181.0,0.2819,17721.0,0.2826,717.0,0.2828,4067.0
1753547159248,16:25:59.248,1INCH/USDT:USDT,0.2824,9017.0,0.282,51758.0,0.2826,577.0,0.2828,4067.0
1753547159748,16:25:59.748,1INCH/USDT:USDT,0.2824,9017.0,0.282,51758.0,0.2826,577.0,0.2828,4067.0
1753547160248,16:26:00.248,1INCH/USDT:USDT,0.2824,8181.0,0.282,41385.0,0.2826,784.0,0.2828,4067.0
1753547160937,16:26:00.937,1INCH/USDT:USDT,0.2824,8180.0,0.282,41385.0,0.2826,785.0,0.2828,3.0
1753547161764,16:26:01.764,1INCH/USDT:USDT,0.2824,8178.0,0.2823,5453.0,0.2826,784.0,0.2828,3.0
1753547162259,16:26:02.259,1INCH/USDT:USDT,0.2824,8178.0,0.282,90050.0,0.2826,784.0,0.2828,3.0
1753547162938,16:26:02.938,1INCH/USDT:USDT,0.2824,8178.0,0.2823,71619.0,0.2826,786.0,0.2828,3.0
1753547163257,16:26:03.257,1INCH/USDT:USDT,0.2824,8178.0,0.2823,71619.0,0.2826,786.0,0.2828,3.0
1753547164258,16:26:04.258,1INCH/USDT:USDT,0.2824,8180.0,0.2821,36247.0,0.2826,1014.0,0.2828,3.0
1753547164903,16:26:04.903,1INCH/USDT:USDT,0.2824,3.0,0.2823,8176.0,0.2825,4215.0,0.2826,5.0
1753547165259,16:26:05.259,1INCH/USDT:USDT,0.2824,3.0,0.2823,8176.0,0.2825,4215.0,0.2826,5.0
1753547166263,16:26:06.263,1INCH/USDT:USDT,0.2823,23.0,0.282,19329.0,0.2825,3447.0,0.2826,3356.0
1753547167263,16:26:07.263,1INCH/USDT:USDT,0.2823,23.0,0.2819,16731.0,0.2825,3447.0,0.2826,3356.0
1753547167944,16:26:07.944,1INCH/USDT:USDT,0.2823,23.0,0.282,1990.0,0.2825,2852.0,0.2826,3356.0
1753547168265,16:26:08.265,1INCH/USDT:USDT,0.2823,23.0,0.282,1990.0,0.2825,2852.0,0.2826,3356.0
1753547168942,16:26:08.942,1INCH/USDT:USDT,0.2823,924.0,0.2819,106706.0,0.2825,3514.0,0.2826,3356.0
1753547169768,16:26:09.768,1INCH/USDT:USDT,0.2823,925.0,0.2819,106706.0,0.2825,3514.0,0.2826,3356.0
1753547170269,16:26:10.269,1INCH/USDT:USDT,0.2823,925.0,0.2819,35395.0,0.2825,2919.0,0.2826,3356.0
1753547170943,16:26:10.943,1INCH/USDT:USDT,0.2823,922.0,0.2819,35395.0,0.2825,2922.0,0.2827,6097.0
1753547171269,16:26:11.269,1INCH/USDT:USDT,0.2823,923.0,0.282,36430.0,0.2825,875.0,0.2827,7211.0
1753547171947,16:26:11.947,1INCH/USDT:USDT,0.2823,925.0,0.282,44036.0,0.2825,900.0,0.2826,83285.0
1753547172272,16:26:12.272,1INCH/USDT:USDT,0.2823,925.0,0.282,44036.0,0.2825,903.0,0.2826,83285.0
1753547173274,16:26:13.274,1INCH/USDT:USDT,0.2823,925.0,0.2819,61849.0,0.2825,897.0,0.2827,6097.0
1753547173946,16:26:13.946,1INCH/USDT:USDT,0.2823,1759.0,0.282,108008.0,0.2825,1632.0,0.2826,18874.0
1753547174274,16:26:14.274,1INCH/USDT:USDT,0.2823,1759.0,0.282,108008.0,0.2825,1635.0,0.2826,18874.0
1753547175276,16:26:15.276,1INCH/USDT:USDT,0.2823,1832.0,0.2821,64295.0,0.2825,1503.0,0.2826,3254.0
1753547175776,16:26:15.776,1INCH/USDT:USDT,0.2823,1832.0,0.2821,64295.0,0.2825,1502.0,0.2826,3254.0
1753547176277,16:26:16.277,1INCH/USDT:USDT,0.2823,1760.0,0.2821,54449.0,0.2825,1496.0,0.2829,118610.0
1753547177278,16:26:17.278,1INCH/USDT:USDT,0.2823,1759.0,0.2819,3504.0,0.2825,1496.0,0.2829,31353.0
1753547177947,16:26:17.947,1INCH/USDT:USDT,0.2823,1314.0,0.2822,1819.0,0.2825,1496.0,0.2827,43904.0
1753547178781,16:26:18.781,1INCH/USDT:USDT,0.2823,1314.0,0.2822,1819.0,0.2825,1496.0,0.2827,43904.0
1753547179441,16:26:19.441,1INCH/USDT:USDT,0.2823,1086.0,0.2818,67282.0,0.2825,1498.0,0.2828,26114.0
1753547179947,16:26:19.947,1INCH/USDT:USDT,0.2824,890.0,0.2823,2.0,0.2825,8.0,0.2826,1086.0
1753547180786,16:26:20.786,1INCH/USDT:USDT,0.2824,890.0,0.2823,2.0,0.2825,8.0,0.2826,1086.0
1753547181285,16:26:21.285,1INCH/USDT:USDT,0.2824,891.0,0.2823,2.0,0.2825,3.0,0.2826,1461.0
