timestamp,time,symbol,bid1_price,bid1_volume,bid2_price,bid2_volume,ask1_price,ask1_volume,ask2_price,ask2_volume
1753546948094,16:22:28.094,A/USDT:USDT,0.5747,2395.0,0.5746,3567.0,0.5748,11.0,0.5749,19.0
1753546948594,16:22:28.594,A/USDT:USDT,0.5747,2395.0,0.5746,4001.0,0.5748,11.0,0.5749,19.0
1753546948695,16:22:28.695,A/USDT:USDT,0.5747,2395.0,0.5746,4001.0,0.5748,11.0,0.5749,19.0
1753546948795,16:22:28.795,A/USDT:USDT,0.5747,2445.0,0.5746,4001.0,0.5748,11.0,0.5749,19.0
1753546948894,16:22:28.894,A/USDT:USDT,0.5747,2445.0,0.5746,4001.0,0.5748,11.0,0.5749,19.0
1753546949594,16:22:29.594,A/USDT:USDT,0.5747,2521.0,0.5746,4001.0,0.5748,11.0,0.5749,19.0
1753546949696,16:22:29.696,A/USDT:USDT,0.5747,2521.0,0.5746,4001.0,0.5748,11.0,0.5749,19.0
1753546950694,16:22:30.694,A/USDT:USDT,0.5747,2571.0,0.5746,4001.0,0.5748,11.0,0.5749,19.0
1753546950794,16:22:30.794,A/USDT:USDT,0.5747,2571.0,0.5746,4001.0,0.5748,11.0,0.5749,19.0
1753546952294,16:22:32.294,A/USDT:USDT,0.5747,2600.0,0.5746,4001.0,0.5748,11.0,0.5749,19.0
1753546953396,16:22:33.396,A/USDT:USDT,0.5747,1413.0,0.5746,3517.0,0.5748,168.0,0.5749,219.0
1753546953794,16:22:33.794,A/USDT:USDT,0.5747,1892.0,0.5746,3567.0,0.5748,53.0,0.5749,219.0
1753546953894,16:22:33.894,A/USDT:USDT,0.5747,2239.0,0.5746,3567.0,0.5748,53.0,0.5749,219.0
1753546954200,16:22:34.200,A/USDT:USDT,0.5747,2236.0,0.5746,3567.0,0.5748,53.0,0.5749,19.0
1753546954794,16:22:34.794,A/USDT:USDT,0.5747,2236.0,0.5746,3567.0,0.5748,53.0,0.5749,19.0
1753546955394,16:22:35.394,A/USDT:USDT,0.5747,2236.0,0.5746,3567.0,0.5748,53.0,0.5749,19.0
1753546955494,16:22:35.494,A/USDT:USDT,0.5747,2236.0,0.5746,3567.0,0.5748,53.0,0.5749,19.0
1753546955995,16:22:35.995,A/USDT:USDT,0.5747,2294.0,0.5746,3567.0,0.5748,53.0,0.5749,19.0
1753546956094,16:22:36.094,A/USDT:USDT,0.5747,2352.0,0.5746,3567.0,0.5748,53.0,0.5749,19.0
1753546956495,16:22:36.495,A/USDT:USDT,0.5747,2352.0,0.5746,3567.0,0.5748,53.0,0.5749,19.0
1753546956994,16:22:36.994,A/USDT:USDT,0.5747,2352.0,0.5746,3567.0,0.5748,53.0,0.5749,19.0
1753546957294,16:22:37.294,A/USDT:USDT,0.5747,2294.0,0.5746,3567.0,0.5748,53.0,0.5749,19.0
1753546957393,16:22:37.393,A/USDT:USDT,0.5747,2294.0,0.5746,3567.0,0.5748,53.0,0.5749,19.0
1753546957595,16:22:37.595,A/USDT:USDT,0.5747,2294.0,0.5746,3567.0,0.5748,53.0,0.5749,19.0
1753546957696,16:22:37.696,A/USDT:USDT,0.5747,2294.0,0.5746,3567.0,0.5748,53.0,0.5749,19.0
1753546958197,16:22:38.197,A/USDT:USDT,0.5747,2311.0,0.5746,3567.0,0.5748,53.0,0.5749,19.0
1753546958295,16:22:38.295,A/USDT:USDT,0.5747,2311.0,0.5746,3567.0,0.5748,53.0,0.5749,19.0
1753546958594,16:22:38.594,A/USDT:USDT,0.5747,2311.0,0.5746,3567.0,0.5748,80.0,0.5749,19.0
1753546959196,16:22:39.196,A/USDT:USDT,0.5747,2571.0,0.5746,3567.0,0.5748,80.0,0.5749,19.0
1753546959394,16:22:39.394,A/USDT:USDT,0.5747,2571.0,0.5746,3567.0,0.5748,80.0,0.5749,19.0
1753546959495,16:22:39.495,A/USDT:USDT,0.5747,2571.0,0.5746,3567.0,0.5748,80.0,0.5749,19.0
1753546959594,16:22:39.594,A/USDT:USDT,0.5747,2336.0,0.5746,3567.0,0.5748,80.0,0.5749,19.0
1753546959895,16:22:39.895,A/USDT:USDT,0.5747,2336.0,0.5746,3567.0,0.5748,80.0,0.5749,19.0
1753546959994,16:22:39.994,A/USDT:USDT,0.5747,2336.0,0.5746,3567.0,0.5748,38.0,0.5749,19.0
1753546960096,16:22:40.096,A/USDT:USDT,0.5747,2411.0,0.5746,3517.0,0.5748,38.0,0.5749,19.0
1753546960196,16:22:40.196,A/USDT:USDT,0.5747,2411.0,0.5746,3567.0,0.5748,38.0,0.5749,19.0
1753546960295,16:22:40.295,A/USDT:USDT,0.5747,2361.0,0.5746,3567.0,0.5748,38.0,0.5749,19.0
1753546960393,16:22:40.393,A/USDT:USDT,0.5747,1850.0,0.5746,3517.0,0.5748,38.0,0.5749,19.0
1753546960494,16:22:40.494,A/USDT:USDT,0.5747,2197.0,0.5746,3567.0,0.5748,38.0,0.5749,19.0
1753546960594,16:22:40.594,A/USDT:USDT,0.5747,2258.0,0.5746,3567.0,0.5748,38.0,0.5749,19.0
1753546960697,16:22:40.697,A/USDT:USDT,0.5747,2023.0,0.5746,3517.0,0.5748,80.0,0.5749,19.0
1753546960794,16:22:40.794,A/USDT:USDT,0.5747,1525.0,0.5746,2698.0,0.5748,80.0,0.5749,19.0
1753546960894,16:22:40.894,A/USDT:USDT,0.5747,1492.0,0.5746,2360.0,0.5748,80.0,0.5749,19.0
1753546961094,16:22:41.094,A/USDT:USDT,0.5747,1503.0,0.5746,2360.0,0.5748,80.0,0.5749,19.0
1753546961195,16:22:41.195,A/USDT:USDT,0.5747,1503.0,0.5746,2707.0,0.5748,80.0,0.5749,19.0
1753546961394,16:22:41.394,A/USDT:USDT,0.5747,1872.0,0.5746,2707.0,0.5748,80.0,0.5749,19.0
1753546961494,16:22:41.494,A/USDT:USDT,0.5747,1850.0,0.5746,2707.0,0.5748,80.0,0.5749,19.0
1753546961595,16:22:41.595,A/USDT:USDT,0.5747,1850.0,0.5746,3576.0,0.5748,80.0,0.5749,19.0
1753546961694,16:22:41.694,A/USDT:USDT,0.5747,1850.0,0.5746,3576.0,0.5748,80.0,0.5749,19.0
1753546961794,16:22:41.794,A/USDT:USDT,0.5747,1850.0,0.5746,3576.0,0.5748,80.0,0.5749,19.0
1753546961894,16:22:41.894,A/USDT:USDT,0.5747,1850.0,0.5746,3576.0,0.5748,80.0,0.5749,19.0
1753546961994,16:22:41.994,A/USDT:USDT,0.5747,1850.0,0.5746,3576.0,0.5748,80.0,0.5749,19.0
1753546962094,16:22:42.094,A/USDT:USDT,0.5747,1850.0,0.5746,3526.0,0.5748,80.0,0.5749,19.0
1753546962197,16:22:42.197,A/USDT:USDT,0.5747,1867.0,0.5746,4266.0,0.5748,80.0,0.5749,19.0
1753546962394,16:22:42.394,A/USDT:USDT,0.5747,1867.0,0.5746,4266.0,0.5748,80.0,0.5749,19.0
1753546962594,16:22:42.594,A/USDT:USDT,0.5747,1867.0,0.5746,4266.0,0.5748,80.0,0.5749,19.0
1753546962694,16:22:42.694,A/USDT:USDT,0.5747,1867.0,0.5746,4266.0,0.5748,80.0,0.5749,19.0
1753546963094,16:22:43.094,A/USDT:USDT,0.5747,1867.0,0.5746,4266.0,0.5748,80.0,0.5749,19.0
1753546963295,16:22:43.295,A/USDT:USDT,0.5747,1867.0,0.5746,4266.0,0.5748,80.0,0.5749,19.0
1753546963594,16:22:43.594,A/USDT:USDT,0.5747,1867.0,0.5746,4266.0,0.5748,80.0,0.5749,19.0
1753546963695,16:22:43.695,A/USDT:USDT,0.5747,1867.0,0.5746,4266.0,0.5748,80.0,0.5749,19.0
1753546963794,16:22:43.794,A/USDT:USDT,0.5747,1867.0,0.5746,4266.0,0.5748,80.0,0.5749,19.0
1753546963995,16:22:43.995,A/USDT:USDT,0.5747,1867.0,0.5746,4266.0,0.5748,80.0,0.5749,19.0
1753546964395,16:22:44.395,A/USDT:USDT,0.5747,1956.0,0.5746,3397.0,0.5748,80.0,0.5749,19.0
1753546964595,16:22:44.595,A/USDT:USDT,0.5747,1917.0,0.5746,3397.0,0.5748,80.0,0.5749,19.0
1753546964794,16:22:44.794,A/USDT:USDT,0.5747,1906.0,0.5746,3397.0,0.5748,80.0,0.5749,19.0
1753546964894,16:22:44.894,A/USDT:USDT,0.5747,1867.0,0.5746,3397.0,0.5748,80.0,0.5749,19.0
1753546965693,16:22:45.693,A/USDT:USDT,0.5747,1917.0,0.5746,3397.0,0.5748,80.0,0.5749,19.0
1753546965794,16:22:45.794,A/USDT:USDT,0.5747,1867.0,0.5746,3397.0,0.5748,80.0,0.5749,19.0
1753546965994,16:22:45.994,A/USDT:USDT,0.5747,1906.0,0.5746,3397.0,0.5748,80.0,0.5749,19.0
1753546966094,16:22:46.094,A/USDT:USDT,0.5747,2316.0,0.5746,4266.0,0.5748,80.0,0.5749,19.0
1753546966594,16:22:46.594,A/USDT:USDT,0.5747,2316.0,0.5746,4266.0,0.5748,80.0,0.5749,19.0
1753546967294,16:22:47.294,A/USDT:USDT,0.5747,2290.0,0.5746,4266.0,0.5748,80.0,0.5749,19.0
1753546967704,16:22:47.704,A/USDT:USDT,0.5747,2256.0,0.5746,4266.0,0.5748,80.0,0.5749,19.0
1753546967794,16:22:47.794,A/USDT:USDT,0.5747,2240.0,0.5746,4266.0,0.5748,80.0,0.5749,19.0
1753546968095,16:22:48.095,A/USDT:USDT,0.5747,2322.0,0.5746,4266.0,0.5748,80.0,0.5749,19.0
1753546968196,16:22:48.196,A/USDT:USDT,0.5747,2322.0,0.5746,4266.0,0.5748,80.0,0.5749,19.0
1753546968394,16:22:48.394,A/USDT:USDT,0.5747,2322.0,0.5746,4266.0,0.5748,80.0,0.5749,19.0
1753546968794,16:22:48.794,A/USDT:USDT,0.5747,2322.0,0.5746,4266.0,0.5748,80.0,0.5749,19.0
1753546968993,16:22:48.993,A/USDT:USDT,0.5747,2322.0,0.5746,4266.0,0.5748,80.0,0.5749,19.0
1753546969094,16:22:49.094,A/USDT:USDT,0.5747,2322.0,0.5746,4266.0,0.5748,80.0,0.5749,19.0
1753546969395,16:22:49.395,A/USDT:USDT,0.5747,2322.0,0.5746,4266.0,0.5748,80.0,0.5749,19.0
1753546969494,16:22:49.494,A/USDT:USDT,0.5747,2322.0,0.5746,4266.0,0.5748,38.0,0.5749,19.0
1753546969594,16:22:49.594,A/USDT:USDT,0.5747,2322.0,0.5746,4266.0,0.5748,38.0,0.5749,19.0
1753546969996,16:22:49.996,A/USDT:USDT,0.5747,2272.0,0.5746,4266.0,0.5748,38.0,0.5749,19.0
1753546970198,16:22:50.198,A/USDT:USDT,0.5747,2322.0,0.5746,4266.0,0.5748,38.0,0.5749,19.0
1753546970495,16:22:50.495,A/USDT:USDT,0.5747,2322.0,0.5746,4266.0,0.5748,38.0,0.5749,19.0
1753546971196,16:22:51.196,A/USDT:USDT,0.5747,2322.0,0.5746,4266.0,0.5748,38.0,0.5749,19.0
1753546971295,16:22:51.295,A/USDT:USDT,0.5747,2322.0,0.5746,4266.0,0.5748,38.0,0.5749,19.0
1753546971394,16:22:51.394,A/USDT:USDT,0.5747,2322.0,0.5746,4266.0,0.5748,38.0,0.5749,19.0
1753546971794,16:22:51.794,A/USDT:USDT,0.5747,2322.0,0.5746,4266.0,0.5748,38.0,0.5749,19.0
1753546971894,16:22:51.894,A/USDT:USDT,0.5747,2322.0,0.5746,4266.0,0.5748,38.0,0.5749,19.0
1753546972196,16:22:52.196,A/USDT:USDT,0.5747,2364.0,0.5746,4266.0,0.5748,38.0,0.5749,19.0
1753546972294,16:22:52.294,A/USDT:USDT,0.5747,2364.0,0.5746,4266.0,0.5748,38.0,0.5749,19.0
1753546972394,16:22:52.394,A/USDT:USDT,0.5747,2364.0,0.5746,4266.0,0.5748,38.0,0.5749,19.0
1753546972494,16:22:52.494,A/USDT:USDT,0.5748,1233.0,0.5747,3159.0,0.5749,19.0,0.575,39.0
1753546972594,16:22:52.594,A/USDT:USDT,0.5748,1580.0,0.5747,3159.0,0.5749,19.0,0.575,39.0
1753546972695,16:22:52.695,A/USDT:USDT,0.5748,1713.0,0.5747,3159.0,0.5749,19.0,0.575,39.0
1753546972794,16:22:52.794,A/USDT:USDT,0.5748,1713.0,0.5747,3159.0,0.5749,19.0,0.575,39.0
1753546972896,16:22:52.896,A/USDT:USDT,0.5748,1713.0,0.5747,3159.0,0.5749,19.0,0.575,39.0
1753546972994,16:22:52.994,A/USDT:USDT,0.5748,1863.0,0.5747,3159.0,0.5749,19.0,0.575,39.0
1753546973094,16:22:53.094,A/USDT:USDT,0.5748,1880.0,0.5747,3142.0,0.5749,19.0,0.575,39.0
1753546973194,16:22:53.194,A/USDT:USDT,0.5748,1967.0,0.5747,3142.0,0.5749,19.0,0.575,39.0
1753546973296,16:22:53.296,A/USDT:USDT,0.5748,1892.0,0.5747,3142.0,0.5749,19.0,0.575,39.0
1753546973394,16:22:53.394,A/USDT:USDT,0.5748,1892.0,0.5747,3142.0,0.5749,19.0,0.575,39.0
1753546973494,16:22:53.494,A/USDT:USDT,0.5748,1892.0,0.5747,3142.0,0.5749,19.0,0.575,39.0
1753546973994,16:22:53.994,A/USDT:USDT,0.5748,1892.0,0.5747,3142.0,0.5749,19.0,0.575,39.0
1753546974095,16:22:54.095,A/USDT:USDT,0.5748,1842.0,0.5747,3142.0,0.5749,19.0,0.575,39.0
1753546974694,16:22:54.694,A/USDT:USDT,0.5748,1951.0,0.5747,3142.0,0.5749,19.0,0.575,39.0
1753546975195,16:22:55.195,A/USDT:USDT,0.5748,1663.0,0.5747,3142.0,0.5749,19.0,0.575,39.0
1753546975294,16:22:55.294,A/USDT:USDT,0.5748,1655.0,0.5747,3142.0,0.5749,19.0,0.575,39.0
1753546975394,16:22:55.394,A/USDT:USDT,0.5748,1596.0,0.5747,3142.0,0.5749,19.0,0.575,39.0
1753546975495,16:22:55.495,A/USDT:USDT,0.5748,1596.0,0.5747,3142.0,0.5749,19.0,0.575,39.0
1753546975595,16:22:55.595,A/USDT:USDT,0.5748,1646.0,0.5747,3142.0,0.5749,19.0,0.575,39.0
1753546975694,16:22:55.694,A/USDT:USDT,0.5748,1646.0,0.5747,3142.0,0.5749,19.0,0.575,39.0
1753546975794,16:22:55.794,A/USDT:USDT,0.5748,1646.0,0.5747,3142.0,0.5749,19.0,0.575,39.0
1753546975894,16:22:55.894,A/USDT:USDT,0.5748,1596.0,0.5747,3142.0,0.5749,19.0,0.575,39.0
1753546976194,16:22:56.194,A/USDT:USDT,0.5748,1596.0,0.5747,3142.0,0.5749,19.0,0.575,39.0
1753546976294,16:22:56.294,A/USDT:USDT,0.5748,1596.0,0.5747,3142.0,0.5749,19.0,0.575,39.0
1753546976895,16:22:56.895,A/USDT:USDT,0.5748,1596.0,0.5747,3142.0,0.5749,19.0,0.575,39.0
1753546977494,16:22:57.494,A/USDT:USDT,0.5748,1596.0,0.5747,3142.0,0.5749,19.0,0.575,39.0
1753546977894,16:22:57.894,A/USDT:USDT,0.5748,1596.0,0.5747,3142.0,0.5749,19.0,0.575,39.0
1753546977994,16:22:57.994,A/USDT:USDT,0.5748,1596.0,0.5747,3142.0,0.5749,19.0,0.575,39.0
1753546978094,16:22:58.094,A/USDT:USDT,0.5748,1646.0,0.5747,3142.0,0.5749,10.0,0.575,39.0
1753546978194,16:22:58.194,A/USDT:USDT,0.5748,1596.0,0.5747,3142.0,0.5749,10.0,0.575,39.0
1753546978393,16:22:58.393,A/USDT:USDT,0.5748,1943.0,0.5747,3142.0,0.5749,10.0,0.575,39.0
1753546978496,16:22:58.496,A/USDT:USDT,0.5748,1943.0,0.5747,3142.0,0.5749,10.0,0.575,39.0
1753546978994,16:22:58.994,A/USDT:USDT,0.5748,1943.0,0.5747,3142.0,0.5749,10.0,0.575,39.0
1753546979196,16:22:59.196,A/USDT:USDT,0.5748,1943.0,0.5747,3142.0,0.5749,10.0,0.575,39.0
1753546979295,16:22:59.295,A/USDT:USDT,0.5748,1943.0,0.5747,3142.0,0.5749,10.0,0.575,39.0
1753546979594,16:22:59.594,A/USDT:USDT,0.5748,1993.0,0.5747,3142.0,0.5749,10.0,0.575,39.0
1753546980296,16:23:00.296,A/USDT:USDT,0.5748,1943.0,0.5747,3142.0,0.5749,10.0,0.575,39.0
1753546980395,16:23:00.395,A/USDT:USDT,0.5748,1943.0,0.5747,3142.0,0.5749,10.0,0.575,39.0
1753546980494,16:23:00.494,A/USDT:USDT,0.5748,1596.0,0.5747,3142.0,0.5749,10.0,0.575,39.0
1753546980594,16:23:00.594,A/USDT:USDT,0.5748,1646.0,0.5747,3142.0,0.5749,10.0,0.575,39.0
1753546980794,16:23:00.794,A/USDT:USDT,0.5748,1982.0,0.5747,3142.0,0.5749,10.0,0.575,39.0
1753546980994,16:23:00.994,A/USDT:USDT,0.5748,1982.0,0.5747,3142.0,0.5749,10.0,0.575,39.0
1753546981094,16:23:01.094,A/USDT:USDT,0.5748,1932.0,0.5747,3092.0,0.5749,10.0,0.575,39.0
1753546981198,16:23:01.198,A/USDT:USDT,0.5748,1915.0,0.5747,3092.0,0.5749,10.0,0.575,39.0
1753546981294,16:23:01.294,A/USDT:USDT,0.5748,1781.0,0.5747,3092.0,0.5749,10.0,0.575,39.0
1753546981394,16:23:01.394,A/USDT:USDT,0.5748,790.0,0.5747,3092.0,0.5749,10.0,0.575,39.0
1753546981494,16:23:01.494,A/USDT:USDT,0.5748,1148.0,0.5747,3142.0,0.5749,10.0,0.575,39.0
1753546981594,16:23:01.594,A/USDT:USDT,0.5748,1159.0,0.5747,3142.0,0.5749,10.0,0.575,39.0
1753546981694,16:23:01.694,A/USDT:USDT,0.5748,1159.0,0.5747,3142.0,0.5749,10.0,0.575,39.0
1753546981794,16:23:01.794,A/USDT:USDT,0.5748,1159.0,0.5747,3142.0,0.5749,10.0,0.575,39.0
1753546981996,16:23:01.996,A/USDT:USDT,0.5748,823.0,0.5747,3042.0,0.5749,10.0,0.575,89.0
1753546982095,16:23:02.095,A/USDT:USDT,0.5748,505.0,0.5747,1041.0,0.5749,306.0,0.575,864.0
1753546982194,16:23:02.194,A/USDT:USDT,0.5748,522.0,0.5747,694.0,0.5749,406.0,0.575,864.0
1753546982394,16:23:02.394,A/USDT:USDT,0.5748,223.0,0.5746,1779.0,0.5749,706.0,0.575,1164.0
1753546982594,16:23:02.594,A/USDT:USDT,0.5748,201.0,0.5746,1273.0,0.5749,706.0,0.575,1164.0
1753546982794,16:23:02.794,A/USDT:USDT,0.5748,201.0,0.5747,382.0,0.5749,706.0,0.575,2183.0
1753546982896,16:23:02.896,A/USDT:USDT,0.5748,201.0,0.5747,382.0,0.5749,656.0,0.575,2183.0
1753546983094,16:23:03.094,A/USDT:USDT,0.5748,201.0,0.5746,1797.0,0.5749,656.0,0.575,2183.0
1753546983295,16:23:03.295,A/USDT:USDT,0.5748,184.0,0.5747,475.0,0.5749,673.0,0.575,2183.0
1753546983395,16:23:03.395,A/USDT:USDT,0.5748,184.0,0.5747,475.0,0.5749,673.0,0.575,2183.0
1753546983595,16:23:03.595,A/USDT:USDT,0.5748,184.0,0.5747,475.0,0.5749,673.0,0.575,2183.0
1753546983697,16:23:03.697,A/USDT:USDT,0.5748,184.0,0.5747,475.0,0.5749,673.0,0.575,2183.0
1753546983794,16:23:03.794,A/USDT:USDT,0.5748,184.0,0.5747,475.0,0.5749,723.0,0.575,2183.0
1753546983895,16:23:03.895,A/USDT:USDT,0.5748,184.0,0.5747,475.0,0.5749,723.0,0.575,2183.0
1753546983994,16:23:03.994,A/USDT:USDT,0.5748,184.0,0.5747,475.0,0.5749,1406.0,0.575,2183.0
1753546984994,16:23:04.994,A/USDT:USDT,0.5748,184.0,0.5747,475.0,0.5749,1406.0,0.575,2183.0
1753546985094,16:23:05.094,A/USDT:USDT,0.5748,184.0,0.5747,484.0,0.5749,1406.0,0.575,2183.0
1753546985194,16:23:05.194,A/USDT:USDT,0.5748,184.0,0.5747,484.0,0.5749,1406.0,0.575,2183.0
1753546985394,16:23:05.394,A/USDT:USDT,0.5748,184.0,0.5747,484.0,0.5749,1406.0,0.575,2183.0
1753546985795,16:23:05.795,A/USDT:USDT,0.5748,184.0,0.5747,484.0,0.5749,1406.0,0.575,2183.0
1753546985894,16:23:05.894,A/USDT:USDT,0.5748,184.0,0.5747,484.0,0.5749,1406.0,0.575,2183.0
1753546985995,16:23:05.995,A/USDT:USDT,0.5748,184.0,0.5747,484.0,0.5749,1356.0,0.575,2183.0
1753546986197,16:23:06.197,A/USDT:USDT,0.5748,184.0,0.5747,484.0,0.5749,1306.0,0.575,2133.0
1753546986394,16:23:06.394,A/USDT:USDT,0.5748,184.0,0.5747,484.0,0.5749,1306.0,0.575,2133.0
1753546986794,16:23:06.794,A/USDT:USDT,0.5748,184.0,0.5747,484.0,0.5749,1306.0,0.575,2183.0
1753546986894,16:23:06.894,A/USDT:USDT,0.5748,184.0,0.5747,484.0,0.5749,323.0,0.575,2183.0
1753546986995,16:23:06.995,A/USDT:USDT,0.5748,184.0,0.5747,484.0,0.5749,323.0,0.575,2183.0
1753546987094,16:23:07.094,A/USDT:USDT,0.5748,184.0,0.5747,484.0,0.5749,323.0,0.575,2183.0
1753546987196,16:23:07.196,A/USDT:USDT,0.5748,184.0,0.5747,484.0,0.5749,373.0,0.575,2183.0
1753546987294,16:23:07.294,A/USDT:USDT,0.5748,184.0,0.5747,484.0,0.5749,373.0,0.575,2183.0
1753546987595,16:23:07.595,A/USDT:USDT,0.5748,184.0,0.5747,484.0,0.5749,373.0,0.575,2183.0
1753546987694,16:23:07.694,A/USDT:USDT,0.5748,184.0,0.5747,484.0,0.5749,323.0,0.575,2183.0
1753546987794,16:23:07.794,A/USDT:USDT,0.5748,184.0,0.5747,484.0,0.5749,323.0,0.575,2183.0
1753546988208,16:23:08.208,A/USDT:USDT,0.5748,184.0,0.5747,484.0,0.5749,356.0,0.575,2183.0
1753546988694,16:23:08.694,A/USDT:USDT,0.5748,184.0,0.5747,484.0,0.5749,306.0,0.575,2183.0
1753546988794,16:23:08.794,A/USDT:USDT,0.5748,184.0,0.5747,484.0,0.5749,356.0,0.575,2183.0
1753546989094,16:23:09.094,A/USDT:USDT,0.5748,201.0,0.5747,484.0,0.5749,356.0,0.575,2183.0
1753546989294,16:23:09.294,A/USDT:USDT,0.5748,201.0,0.5747,484.0,0.5749,356.0,0.575,2183.0
1753546989394,16:23:09.394,A/USDT:USDT,0.5748,201.0,0.5747,484.0,0.5749,406.0,0.575,2183.0
1753546989895,16:23:09.895,A/USDT:USDT,0.5748,201.0,0.5747,484.0,0.5749,406.0,0.575,2183.0
1753546989994,16:23:09.994,A/USDT:USDT,0.5748,201.0,0.5747,484.0,0.5749,356.0,0.575,2183.0
1753546990294,16:23:10.294,A/USDT:USDT,0.5748,201.0,0.5747,484.0,0.5749,356.0,0.575,2183.0
1753546990494,16:23:10.494,A/USDT:USDT,0.5748,201.0,0.5747,484.0,0.5749,356.0,0.575,2183.0
1753546990594,16:23:10.594,A/USDT:USDT,0.5748,201.0,0.5747,484.0,0.5749,356.0,0.575,2183.0
1753546990894,16:23:10.894,A/USDT:USDT,0.5748,201.0,0.5747,484.0,0.5749,306.0,0.575,2133.0
1753546990996,16:23:10.996,A/USDT:USDT,0.5748,201.0,0.5747,484.0,0.5749,306.0,0.575,2133.0
1753546991094,16:23:11.094,A/USDT:USDT,0.5748,201.0,0.5747,484.0,0.5749,306.0,0.575,2133.0
1753546991494,16:23:11.494,A/USDT:USDT,0.5748,201.0,0.5747,484.0,0.5749,306.0,0.575,2183.0
1753546991596,16:23:11.596,A/USDT:USDT,0.5748,201.0,0.5747,484.0,0.5749,306.0,0.575,2099.0
1753546991794,16:23:11.794,A/USDT:USDT,0.5748,227.0,0.5747,484.0,0.5749,306.0,0.575,2183.0
1753546991894,16:23:11.894,A/USDT:USDT,0.5748,227.0,0.5747,484.0,0.5749,306.0,0.575,2183.0
1753546991994,16:23:11.994,A/USDT:USDT,0.5748,227.0,0.5747,484.0,0.5749,306.0,0.575,2183.0
1753546992094,16:23:12.094,A/USDT:USDT,0.5748,227.0,0.5747,484.0,0.5749,306.0,0.575,2183.0
1753546993094,16:23:13.094,A/USDT:USDT,0.5748,227.0,0.5747,484.0,0.5749,306.0,0.575,2183.0
1753546993495,16:23:13.495,A/USDT:USDT,0.5748,227.0,0.5747,484.0,0.5749,306.0,0.575,2183.0
1753546993594,16:23:13.594,A/USDT:USDT,0.5748,227.0,0.5747,484.0,0.5749,306.0,0.575,2183.0
1753546993694,16:23:13.694,A/USDT:USDT,0.5748,227.0,0.5747,484.0,0.5749,306.0,0.575,2183.0
1753546993996,16:23:13.996,A/USDT:USDT,0.5748,227.0,0.5747,484.0,0.5749,306.0,0.575,2183.0
1753546994094,16:23:14.094,A/USDT:USDT,0.5748,227.0,0.5747,484.0,0.5749,306.0,0.575,2183.0
1753546994199,16:23:14.199,A/USDT:USDT,0.5748,227.0,0.5747,484.0,0.5749,306.0,0.575,2183.0
1753546994694,16:23:14.694,A/USDT:USDT,0.5748,227.0,0.5747,484.0,0.5749,306.0,0.575,2183.0
1753546994794,16:23:14.794,A/USDT:USDT,0.5748,227.0,0.5747,484.0,0.5749,306.0,0.575,2183.0
1753546995294,16:23:15.294,A/USDT:USDT,0.5748,227.0,0.5747,484.0,0.5749,306.0,0.575,2183.0
1753546995394,16:23:15.394,A/USDT:USDT,0.5748,227.0,0.5747,484.0,0.5749,306.0,0.575,2183.0
1753546995795,16:23:15.795,A/USDT:USDT,0.5748,227.0,0.5747,484.0,0.5749,306.0,0.575,2183.0
1753546995996,16:23:15.996,A/USDT:USDT,0.5748,227.0,0.5747,484.0,0.5749,306.0,0.575,2183.0
1753546996494,16:23:16.494,A/USDT:USDT,0.5748,210.0,0.5747,484.0,0.5749,306.0,0.575,2183.0
1753546996594,16:23:16.594,A/USDT:USDT,0.5748,210.0,0.5747,9.0,0.5749,356.0,0.575,2183.0
1753546996696,16:23:16.696,A/USDT:USDT,0.5748,210.0,0.5747,9.0,0.5749,406.0,0.575,2183.0
1753546996794,16:23:16.794,A/USDT:USDT,0.5748,210.0,0.5747,484.0,0.5749,306.0,0.575,2183.0
1753546996893,16:23:16.893,A/USDT:USDT,0.5748,210.0,0.5747,484.0,0.5749,306.0,0.575,2183.0
1753546996994,16:23:16.994,A/USDT:USDT,0.5748,210.0,0.5747,484.0,0.5749,306.0,0.575,2183.0
1753546997094,16:23:17.094,A/USDT:USDT,0.5748,210.0,0.5747,518.0,0.5749,306.0,0.575,2049.0
1753546997295,16:23:17.295,A/USDT:USDT,0.5748,210.0,0.5747,518.0,0.5749,306.0,0.575,2099.0
1753546997394,16:23:17.394,A/USDT:USDT,0.5748,210.0,0.5747,518.0,0.5749,306.0,0.575,2099.0
1753546997494,16:23:17.494,A/USDT:USDT,0.5748,210.0,0.5747,484.0,0.5749,306.0,0.575,2183.0
1753546997594,16:23:17.594,A/USDT:USDT,0.5748,210.0,0.5747,484.0,0.5749,306.0,0.575,2133.0
1753546997694,16:23:17.694,A/USDT:USDT,0.5748,210.0,0.5747,484.0,0.5749,306.0,0.575,2133.0
1753546998094,16:23:18.094,A/USDT:USDT,0.5748,210.0,0.5747,484.0,0.5749,306.0,0.575,2133.0
1753546998196,16:23:18.196,A/USDT:USDT,0.5748,227.0,0.5747,484.0,0.5749,306.0,0.575,2183.0
1753546998594,16:23:18.594,A/USDT:USDT,0.5748,227.0,0.5747,484.0,0.5749,306.0,0.575,2133.0
1753546998694,16:23:18.694,A/USDT:USDT,0.5748,227.0,0.5747,484.0,0.5749,306.0,0.575,2183.0
1753546999196,16:23:19.196,A/USDT:USDT,0.5748,210.0,0.5747,484.0,0.5749,306.0,0.575,2183.0
1753546999294,16:23:19.294,A/USDT:USDT,0.5748,210.0,0.5747,484.0,0.5749,306.0,0.575,2183.0
1753546999494,16:23:19.494,A/USDT:USDT,0.5748,210.0,0.5747,484.0,0.5749,306.0,0.575,2183.0
1753547000197,16:23:20.197,A/USDT:USDT,0.5748,227.0,0.5747,484.0,0.5749,306.0,0.575,2183.0
1753547000394,16:23:20.394,A/USDT:USDT,0.5748,227.0,0.5747,484.0,0.5749,306.0,0.575,2183.0
1753547001094,16:23:21.094,A/USDT:USDT,0.5748,210.0,0.5747,484.0,0.5749,306.0,0.575,2183.0
1753547001295,16:23:21.295,A/USDT:USDT,0.5748,210.0,0.5747,484.0,0.5749,306.0,0.575,2183.0
1753547001394,16:23:21.394,A/USDT:USDT,0.5748,210.0,0.5747,484.0,0.5749,306.0,0.575,2183.0
1753547001494,16:23:21.494,A/USDT:USDT,0.5748,210.0,0.5747,484.0,0.5749,306.0,0.575,2183.0
1753547001795,16:23:21.795,A/USDT:USDT,0.5748,210.0,0.5747,484.0,0.5749,306.0,0.575,2183.0
1753547001994,16:23:21.994,A/USDT:USDT,0.5748,210.0,0.5747,484.0,0.5749,306.0,0.575,2183.0
1753547002394,16:23:22.394,A/USDT:USDT,0.5748,210.0,0.5747,484.0,0.5749,306.0,0.575,2183.0
1753547002495,16:23:22.495,A/USDT:USDT,0.5748,210.0,0.5747,484.0,0.5749,356.0,0.575,2183.0
1753547002594,16:23:22.594,A/USDT:USDT,0.5748,210.0,0.5747,484.0,0.5749,306.0,0.575,2183.0
1753547003294,16:23:23.294,A/USDT:USDT,0.5748,210.0,0.5747,484.0,0.5749,356.0,0.575,2183.0
1753547003594,16:23:23.594,A/USDT:USDT,0.5748,210.0,0.5747,484.0,0.5749,306.0,0.575,2183.0
1753547003894,16:23:23.894,A/USDT:USDT,0.5748,210.0,0.5747,484.0,0.5749,306.0,0.575,2183.0
1753547003994,16:23:23.994,A/USDT:USDT,0.5748,210.0,0.5747,484.0,0.5749,306.0,0.575,2183.0
1753547004196,16:23:24.196,A/USDT:USDT,0.5748,227.0,0.5747,484.0,0.5749,306.0,0.575,2183.0
1753547004395,16:23:24.395,A/USDT:USDT,0.5748,227.0,0.5747,484.0,0.5749,306.0,0.575,2183.0
1753547004595,16:23:24.595,A/USDT:USDT,0.5748,227.0,0.5747,484.0,0.5749,306.0,0.575,2133.0
1753547005194,16:23:25.194,A/USDT:USDT,0.5748,210.0,0.5747,484.0,0.5749,356.0,0.575,2183.0
1753547005293,16:23:25.293,A/USDT:USDT,0.5748,210.0,0.5747,484.0,0.5749,306.0,0.575,2183.0
1753547005395,16:23:25.395,A/USDT:USDT,0.5748,210.0,0.5747,484.0,0.5749,306.0,0.575,2183.0
1753547005696,16:23:25.696,A/USDT:USDT,0.5748,210.0,0.5747,484.0,0.5749,423.0,0.575,2183.0
1753547005994,16:23:25.994,A/USDT:USDT,0.5748,210.0,0.5747,484.0,0.5749,373.0,0.575,2183.0
1753547006094,16:23:26.094,A/USDT:USDT,0.5748,210.0,0.5747,484.0,0.5749,673.0,0.575,2183.0
1753547006595,16:23:26.595,A/USDT:USDT,0.5748,210.0,0.5747,484.0,0.5749,723.0,0.575,2183.0
1753547006696,16:23:26.696,A/USDT:USDT,0.5748,210.0,0.5747,484.0,0.5749,673.0,0.575,2183.0
1753547006895,16:23:26.895,A/USDT:USDT,0.5748,210.0,0.5747,484.0,0.5749,623.0,0.575,2183.0
1753547007095,16:23:27.095,A/USDT:USDT,0.5748,210.0,0.5747,484.0,0.5749,640.0,0.575,2183.0
1753547007295,16:23:27.295,A/USDT:USDT,0.5748,26.0,0.5747,484.0,0.5749,640.0,0.575,2183.0
1753547007694,16:23:27.694,A/USDT:USDT,0.5748,26.0,0.5747,484.0,0.5749,640.0,0.575,2183.0
1753547007794,16:23:27.794,A/USDT:USDT,0.5748,26.0,0.5747,484.0,0.5749,640.0,0.575,2183.0
1753547007995,16:23:27.995,A/USDT:USDT,0.5748,26.0,0.5747,9.0,0.5749,640.0,0.575,2183.0
1753547008096,16:23:28.096,A/USDT:USDT,0.5748,26.0,0.5747,9.0,0.5749,690.0,0.575,2183.0
1753547008295,16:23:28.295,A/USDT:USDT,0.5748,26.0,0.5747,9.0,0.5749,690.0,0.575,2183.0
1753547008695,16:23:28.695,A/USDT:USDT,0.5748,26.0,0.5747,9.0,0.5749,690.0,0.575,2183.0
1753547008793,16:23:28.793,A/USDT:USDT,0.5748,26.0,0.5747,9.0,0.5749,690.0,0.575,2183.0
1753547008894,16:23:28.894,A/USDT:USDT,0.5748,26.0,0.5747,9.0,0.5749,690.0,0.575,2183.0
1753547009396,16:23:29.396,A/USDT:USDT,0.5748,26.0,0.5747,9.0,0.5749,774.0,0.575,2183.0
1753547009595,16:23:29.595,A/USDT:USDT,0.5748,26.0,0.5747,9.0,0.5749,957.0,0.575,2183.0
1753547009695,16:23:29.695,A/USDT:USDT,0.5748,26.0,0.5747,9.0,0.5749,957.0,0.575,2183.0
1753547009794,16:23:29.794,A/USDT:USDT,0.5748,26.0,0.5747,9.0,0.5749,957.0,0.575,2183.0
1753547009894,16:23:29.894,A/USDT:USDT,0.5748,26.0,0.5747,9.0,0.5749,957.0,0.575,2183.0
1753547010194,16:23:30.194,A/USDT:USDT,0.5748,26.0,0.5747,9.0,0.5749,940.0,0.575,2183.0
1753547010394,16:23:30.394,A/USDT:USDT,0.5748,26.0,0.5747,9.0,0.5749,940.0,0.575,2183.0
1753547010594,16:23:30.594,A/USDT:USDT,0.5748,26.0,0.5747,9.0,0.5749,940.0,0.575,2183.0
1753547010894,16:23:30.894,A/USDT:USDT,0.5748,26.0,0.5747,9.0,0.5749,940.0,0.575,2183.0
1753547010994,16:23:30.994,A/USDT:USDT,0.5748,26.0,0.5747,9.0,0.5749,890.0,0.575,2183.0
1753547011295,16:23:31.295,A/USDT:USDT,0.5748,26.0,0.5747,9.0,0.5749,940.0,0.575,2183.0
1753547012094,16:23:32.094,A/USDT:USDT,0.5748,26.0,0.5747,9.0,0.5749,957.0,0.575,2183.0
1753547012794,16:23:32.794,A/USDT:USDT,0.5748,26.0,0.5747,9.0,0.5749,957.0,0.575,2183.0
1753547012894,16:23:32.894,A/USDT:USDT,0.5748,26.0,0.5747,9.0,0.5749,957.0,0.575,2183.0
1753547013196,16:23:33.196,A/USDT:USDT,0.5748,26.0,0.5747,9.0,0.5749,957.0,0.575,2183.0
1753547013395,16:23:33.395,A/USDT:USDT,0.5748,26.0,0.5747,9.0,0.5749,957.0,0.575,2183.0
1753547013794,16:23:33.794,A/USDT:USDT,0.5748,26.0,0.5747,9.0,0.5749,957.0,0.575,2183.0
1753547013895,16:23:33.895,A/USDT:USDT,0.5748,26.0,0.5747,9.0,0.5749,957.0,0.575,2183.0
1753547014396,16:23:34.396,A/USDT:USDT,0.5748,26.0,0.5747,9.0,0.5749,957.0,0.575,2183.0
1753547014594,16:23:34.594,A/USDT:USDT,0.5748,26.0,0.5747,9.0,0.5749,957.0,0.575,2183.0
1753547015194,16:23:35.194,A/USDT:USDT,0.5748,26.0,0.5747,9.0,0.5749,907.0,0.575,2183.0
1753547015595,16:23:35.595,A/USDT:USDT,0.5748,26.0,0.5747,9.0,0.5749,907.0,0.575,2183.0
1753547015696,16:23:35.696,A/USDT:USDT,0.5748,26.0,0.5747,9.0,0.5749,957.0,0.575,2183.0
1753547016094,16:23:36.094,A/USDT:USDT,0.5748,26.0,0.5747,9.0,0.5749,957.0,0.575,2183.0
1753547016197,16:23:36.197,A/USDT:USDT,0.5748,26.0,0.5747,9.0,0.5749,957.0,0.575,2183.0
1753547016298,16:23:36.298,A/USDT:USDT,0.5748,26.0,0.5747,9.0,0.5749,957.0,0.575,2183.0
1753547016602,16:23:36.602,A/USDT:USDT,0.5748,26.0,0.5747,9.0,0.5749,907.0,0.575,2183.0
1753547016795,16:23:36.795,A/USDT:USDT,0.5748,26.0,0.5747,9.0,0.5749,907.0,0.575,2183.0
1753547016896,16:23:36.896,A/USDT:USDT,0.5748,26.0,0.5747,9.0,0.5749,957.0,0.575,2183.0
1753547017194,16:23:37.194,A/USDT:USDT,0.5748,26.0,0.5747,9.0,0.5749,957.0,0.575,2183.0
1753547017294,16:23:37.294,A/USDT:USDT,0.5748,26.0,0.5747,9.0,0.5749,957.0,0.575,2183.0
1753547017394,16:23:37.394,A/USDT:USDT,0.5748,26.0,0.5747,9.0,0.5749,857.0,0.575,2183.0
1753547017494,16:23:37.494,A/USDT:USDT,0.5748,26.0,0.5747,9.0,0.5749,944.0,0.575,5659.0
1753547017594,16:23:37.594,A/USDT:USDT,0.5748,26.0,0.5747,9.0,0.5749,1044.0,0.575,5659.0
1753547017795,16:23:37.795,A/USDT:USDT,0.5748,26.0,0.5747,9.0,0.5749,1044.0,0.575,5659.0
1753547017894,16:23:37.894,A/USDT:USDT,0.5748,26.0,0.5747,9.0,0.5749,1044.0,0.575,5659.0
1753547017995,16:23:37.995,A/USDT:USDT,0.5748,26.0,0.5747,9.0,0.5749,994.0,0.575,5659.0
1753547018294,16:23:38.294,A/USDT:USDT,0.5747,9.0,0.5746,557.0,0.5748,301.0,0.5749,1040.0
1753547018394,16:23:38.394,A/USDT:USDT,0.5747,23.0,0.5746,557.0,0.5748,301.0,0.5749,800.0
1753547018493,16:23:38.493,A/USDT:USDT,0.5747,23.0,0.5746,557.0,0.5748,301.0,0.5749,800.0
1753547018594,16:23:38.594,A/USDT:USDT,0.5747,23.0,0.5746,557.0,0.5748,301.0,0.5749,800.0
1753547018994,16:23:38.994,A/USDT:USDT,0.5747,23.0,0.5746,557.0,0.5748,301.0,0.5749,800.0
1753547019094,16:23:39.094,A/USDT:USDT,0.5747,23.0,0.5746,557.0,0.5748,318.0,0.5749,783.0
1753547019394,16:23:39.394,A/USDT:USDT,0.5747,23.0,0.5746,557.0,0.5748,318.0,0.5749,783.0
1753547020094,16:23:40.094,A/USDT:USDT,0.5747,23.0,0.5746,557.0,0.5748,318.0,0.5749,783.0
1753547020197,16:23:40.197,A/USDT:USDT,0.5747,23.0,0.5746,591.0,0.5748,318.0,0.5749,733.0
1753547020594,16:23:40.594,A/USDT:USDT,0.5747,23.0,0.5746,591.0,0.5748,318.0,0.5749,733.0
1753547020695,16:23:40.695,A/USDT:USDT,0.5747,23.0,0.5746,557.0,0.5748,318.0,0.5749,733.0
1753547020894,16:23:40.894,A/USDT:USDT,0.5747,23.0,0.5746,557.0,0.5748,318.0,0.5749,683.0
1753547021094,16:23:41.094,A/USDT:USDT,0.5747,23.0,0.5746,557.0,0.5748,301.0,0.5749,683.0
1753547021194,16:23:41.194,A/USDT:USDT,0.5747,76.0,0.5746,557.0,0.5748,301.0,0.5749,733.0
1753547021294,16:23:41.294,A/USDT:USDT,0.5747,76.0,0.5746,557.0,0.5748,301.0,0.5749,783.0
1753547022194,16:23:42.194,A/USDT:USDT,0.5747,77.0,0.5746,557.0,0.5748,301.0,0.5749,733.0
1753547022894,16:23:42.894,A/USDT:USDT,0.5747,77.0,0.5746,557.0,0.5748,301.0,0.5749,733.0
1753547022994,16:23:42.994,A/USDT:USDT,0.5747,77.0,0.5746,557.0,0.5748,301.0,0.5749,783.0
1753547023194,16:23:43.194,A/USDT:USDT,0.5747,77.0,0.5746,557.0,0.5748,301.0,0.5749,783.0
1753547023299,16:23:43.299,A/USDT:USDT,0.5747,77.0,0.5746,557.0,0.5748,301.0,0.5749,783.0
1753547023895,16:23:43.895,A/USDT:USDT,0.5747,77.0,0.5746,557.0,0.5748,301.0,0.5749,783.0
1753547023994,16:23:43.994,A/USDT:USDT,0.5747,77.0,0.5746,557.0,0.5748,301.0,0.5749,783.0
1753547024194,16:23:44.194,A/USDT:USDT,0.5747,77.0,0.5746,557.0,0.5748,301.0,0.5749,783.0
1753547024294,16:23:44.294,A/USDT:USDT,0.5747,77.0,0.5746,557.0,0.5748,301.0,0.5749,683.0
1753547024595,16:23:44.595,A/USDT:USDT,0.5747,77.0,0.5746,557.0,0.5748,301.0,0.5749,733.0
1753547024694,16:23:44.694,A/USDT:USDT,0.5747,77.0,0.5746,557.0,0.5748,301.0,0.5749,783.0
1753547024894,16:23:44.894,A/USDT:USDT,0.5747,77.0,0.5746,557.0,0.5748,601.0,0.5749,1444.0
1753547025594,16:23:45.594,A/USDT:USDT,0.5747,77.0,0.5746,557.0,0.5748,601.0,0.5749,1444.0
1753547025694,16:23:45.694,A/USDT:USDT,0.5747,77.0,0.5746,557.0,0.5748,688.0,0.5749,1444.0
1753547025994,16:23:45.994,A/USDT:USDT,0.5747,77.0,0.5746,557.0,0.5748,688.0,0.5749,1394.0
1753547026196,16:23:46.196,A/USDT:USDT,0.5747,77.0,0.5746,557.0,0.5748,705.0,0.5749,1394.0
1753547026394,16:23:46.394,A/USDT:USDT,0.5747,77.0,0.5746,557.0,0.5748,705.0,0.5749,1394.0
1753547026495,16:23:46.495,A/USDT:USDT,0.5747,77.0,0.5746,557.0,0.5748,705.0,0.5749,1394.0
1753547026795,16:23:46.795,A/USDT:USDT,0.5747,77.0,0.5746,557.0,0.5748,705.0,0.5749,1394.0
1753547026894,16:23:46.894,A/USDT:USDT,0.5747,77.0,0.5746,557.0,0.5748,705.0,0.5749,1394.0
1753547027294,16:23:47.294,A/USDT:USDT,0.5747,77.0,0.5746,557.0,0.5748,705.0,0.5749,1394.0
1753547027394,16:23:47.394,A/USDT:USDT,0.5747,77.0,0.5746,557.0,0.5748,705.0,0.5749,1394.0
1753547027894,16:23:47.894,A/USDT:USDT,0.5747,77.0,0.5746,557.0,0.5748,705.0,0.5749,1394.0
1753547027994,16:23:47.994,A/USDT:USDT,0.5747,77.0,0.5746,557.0,0.5748,705.0,0.5749,1394.0
1753547028095,16:23:48.095,A/USDT:USDT,0.5747,77.0,0.5746,557.0,0.5748,790.0,0.5749,1394.0
1753547028394,16:23:48.394,A/USDT:USDT,0.5747,77.0,0.5746,557.0,0.5748,790.0,0.5749,1394.0
1753547028494,16:23:48.494,A/USDT:USDT,0.5747,77.0,0.5746,557.0,0.5748,790.0,0.5749,1394.0
1753547028994,16:23:48.994,A/USDT:USDT,0.5747,77.0,0.5746,557.0,0.5748,790.0,0.5749,1394.0
1753547029094,16:23:49.094,A/USDT:USDT,0.5747,77.0,0.5746,557.0,0.5748,790.0,0.5749,1394.0
1753547029494,16:23:49.494,A/USDT:USDT,0.5747,77.0,0.5746,557.0,0.5748,790.0,0.5749,1394.0
1753547029594,16:23:49.594,A/USDT:USDT,0.5747,77.0,0.5746,557.0,0.5748,790.0,0.5749,1394.0
1753547030094,16:23:50.094,A/USDT:USDT,0.5747,77.0,0.5746,557.0,0.5748,790.0,0.5749,1394.0
1753547030200,16:23:50.200,A/USDT:USDT,0.5747,77.0,0.5746,557.0,0.5748,790.0,0.5749,1394.0
1753547030594,16:23:50.594,A/USDT:USDT,0.5747,77.0,0.5746,557.0,0.5748,790.0,0.5749,1394.0
1753547030696,16:23:50.696,A/USDT:USDT,0.5747,77.0,0.5746,607.0,0.5748,790.0,0.5749,1344.0
1753547030794,16:23:50.794,A/USDT:USDT,0.5747,77.0,0.5746,607.0,0.5748,790.0,0.5749,1344.0
1753547030994,16:23:50.994,A/USDT:USDT,0.5747,77.0,0.5746,557.0,0.5748,790.0,0.5749,1444.0
1753547031094,16:23:51.094,A/USDT:USDT,0.5747,77.0,0.5746,557.0,0.5748,790.0,0.5749,1444.0
1753547031194,16:23:51.194,A/USDT:USDT,0.5747,77.0,0.5746,557.0,0.5748,790.0,0.5749,1444.0
1753547031294,16:23:51.294,A/USDT:USDT,0.5747,77.0,0.5746,557.0,0.5748,790.0,0.5749,1444.0
1753547031594,16:23:51.594,A/USDT:USDT,0.5747,76.0,0.5746,607.0,0.5748,790.0,0.5749,1444.0
1753547031695,16:23:51.695,A/USDT:USDT,0.5747,76.0,0.5746,557.0,0.5748,790.0,0.5749,1444.0
1753547032394,16:23:52.394,A/USDT:USDT,0.5747,76.0,0.5746,557.0,0.5748,790.0,0.5749,1444.0
1753547032494,16:23:52.494,A/USDT:USDT,0.5747,76.0,0.5746,557.0,0.5748,790.0,0.5749,1444.0
1753547032995,16:23:52.995,A/USDT:USDT,0.5747,76.0,0.5746,557.0,0.5748,790.0,0.5749,1444.0
1753547033095,16:23:53.095,A/USDT:USDT,0.5747,76.0,0.5746,557.0,0.5748,790.0,0.5749,1444.0
1753547033394,16:23:53.394,A/USDT:USDT,0.5747,76.0,0.5746,557.0,0.5748,790.0,0.5749,1444.0
1753547033594,16:23:53.594,A/USDT:USDT,0.5747,76.0,0.5746,557.0,0.5748,790.0,0.5749,1444.0
1753547033794,16:23:53.794,A/USDT:USDT,0.5747,76.0,0.5746,557.0,0.5748,790.0,0.5749,1444.0
1753547034894,16:23:54.894,A/USDT:USDT,0.5747,76.0,0.5746,557.0,0.5748,790.0,0.5749,1444.0
1753547035395,16:23:55.395,A/USDT:USDT,0.5747,76.0,0.5746,557.0,0.5748,790.0,0.5749,1444.0
1753547035496,16:23:55.496,A/USDT:USDT,0.5747,76.0,0.5746,557.0,0.5748,790.0,0.5749,1444.0
1753547035894,16:23:55.894,A/USDT:USDT,0.5747,75.0,0.5746,557.0,0.5748,790.0,0.5749,1444.0
1753547035994,16:23:55.994,A/USDT:USDT,0.5747,75.0,0.5746,557.0,0.5748,790.0,0.5749,1444.0
1753547036094,16:23:56.094,A/USDT:USDT,0.5747,75.0,0.5746,557.0,0.5748,790.0,0.5749,1444.0
1753547036394,16:23:56.394,A/USDT:USDT,0.5747,75.0,0.5746,557.0,0.5748,790.0,0.5749,1444.0
1753547036494,16:23:56.494,A/USDT:USDT,0.5747,75.0,0.5746,607.0,0.5748,790.0,0.5749,1444.0
1753547036595,16:23:56.595,A/USDT:USDT,0.5747,75.0,0.5746,557.0,0.5748,790.0,0.5749,1444.0
1753547037094,16:23:57.094,A/USDT:USDT,0.5747,66.0,0.5746,557.0,0.5748,790.0,0.5749,1444.0
1753547037594,16:23:57.594,A/USDT:USDT,0.5747,66.0,0.5746,557.0,0.5748,800.0,0.5749,1427.0
1753547037993,16:23:57.993,A/USDT:USDT,0.5747,66.0,0.5746,557.0,0.5748,800.0,0.5749,1427.0
1753547038093,16:23:58.093,A/USDT:USDT,0.5747,66.0,0.5746,557.0,0.5748,800.0,0.5749,1427.0
1753547038594,16:23:58.594,A/USDT:USDT,0.5747,66.0,0.5746,557.0,0.5748,800.0,0.5749,1427.0
1753547038695,16:23:58.695,A/USDT:USDT,0.5747,66.0,0.5746,557.0,0.5748,800.0,0.5749,1427.0
1753547039694,16:23:59.694,A/USDT:USDT,0.5747,66.0,0.5746,557.0,0.5748,800.0,0.5749,1427.0
1753547039895,16:23:59.895,A/USDT:USDT,0.5747,66.0,0.5746,557.0,0.5748,800.0,0.5749,1427.0
1753547040294,16:24:00.294,A/USDT:USDT,0.5747,66.0,0.5746,557.0,0.5748,800.0,0.5749,1427.0
1753547040394,16:24:00.394,A/USDT:USDT,0.5747,66.0,0.5746,557.0,0.5748,800.0,0.5749,1427.0
1753547040994,16:24:00.994,A/USDT:USDT,0.5747,66.0,0.5746,557.0,0.5748,800.0,0.5749,1427.0
1753547041194,16:24:01.194,A/USDT:USDT,0.5747,66.0,0.5746,557.0,0.5748,800.0,0.5749,1427.0
1753547041494,16:24:01.494,A/USDT:USDT,0.5747,66.0,0.5746,557.0,0.5748,800.0,0.5749,1427.0
1753547042095,16:24:02.095,A/USDT:USDT,0.5747,66.0,0.5746,557.0,0.5748,800.0,0.5749,1427.0
1753547042197,16:24:02.197,A/USDT:USDT,0.5747,66.0,0.5746,557.0,0.5748,800.0,0.5749,1427.0
1753547042700,16:24:02.700,A/USDT:USDT,0.5747,66.0,0.5746,557.0,0.5748,800.0,0.5749,1427.0
1753547043093,16:24:03.093,A/USDT:USDT,0.5747,66.0,0.5746,607.0,0.5748,800.0,0.5749,1377.0
1753547043196,16:24:03.196,A/USDT:USDT,0.5747,66.0,0.5746,607.0,0.5748,783.0,0.5749,1377.0
1753547043394,16:24:03.394,A/USDT:USDT,0.5747,66.0,0.5746,607.0,0.5748,783.0,0.5749,1377.0
1753547043894,16:24:03.894,A/USDT:USDT,0.5747,66.0,0.5746,607.0,0.5748,783.0,0.5749,1427.0
1753547044094,16:24:04.094,A/USDT:USDT,0.5747,75.0,0.5746,557.0,0.5748,483.0,0.5749,1427.0
1753547044194,16:24:04.194,A/USDT:USDT,0.5747,75.0,0.5746,607.0,0.5748,483.0,0.5749,1377.0
1753547044294,16:24:04.294,A/USDT:USDT,0.5747,75.0,0.5746,607.0,0.5748,483.0,0.5749,1293.0
1753547044394,16:24:04.394,A/USDT:USDT,0.5747,75.0,0.5746,607.0,0.5748,483.0,0.5749,1293.0
1753547044494,16:24:04.494,A/USDT:USDT,0.5747,75.0,0.5746,607.0,0.5748,483.0,0.5749,1293.0
1753547044594,16:24:04.594,A/USDT:USDT,0.5747,75.0,0.5746,607.0,0.5748,483.0,0.5749,1377.0
1753547044896,16:24:04.896,A/USDT:USDT,0.5747,75.0,0.5746,607.0,0.5748,483.0,0.5749,1377.0
1753547044994,16:24:04.994,A/USDT:USDT,0.5747,75.0,0.5746,607.0,0.5748,483.0,0.5749,1377.0
1753547045394,16:24:05.394,A/USDT:USDT,0.5747,75.0,0.5746,607.0,0.5748,483.0,0.5749,1377.0
1753547045494,16:24:05.494,A/USDT:USDT,0.5747,75.0,0.5746,607.0,0.5748,483.0,0.5749,1377.0
1753547045795,16:24:05.795,A/USDT:USDT,0.5747,75.0,0.5746,557.0,0.5748,483.0,0.5749,1427.0
1753547045895,16:24:05.895,A/USDT:USDT,0.5747,75.0,0.5746,557.0,0.5748,483.0,0.5749,1427.0
1753547046197,16:24:06.197,A/USDT:USDT,0.5747,92.0,0.5746,607.0,0.5748,483.0,0.5749,1427.0
1753547046995,16:24:06.995,A/USDT:USDT,0.5747,92.0,0.5746,607.0,0.5748,483.0,0.5749,1427.0
1753547047097,16:24:07.097,A/USDT:USDT,0.5747,75.0,0.5746,607.0,0.5748,483.0,0.5749,1427.0
1753547047194,16:24:07.194,A/USDT:USDT,0.5747,75.0,0.5746,607.0,0.5748,483.0,0.5749,1427.0
1753547047294,16:24:07.294,A/USDT:USDT,0.5747,75.0,0.5746,557.0,0.5748,483.0,0.5749,1427.0
1753547047396,16:24:07.396,A/USDT:USDT,0.5747,75.0,0.5746,557.0,0.5748,688.0,0.5749,1427.0
1753547047595,16:24:07.595,A/USDT:USDT,0.5747,75.0,0.5746,557.0,0.5748,688.0,0.5749,1427.0
1753547047694,16:24:07.694,A/USDT:USDT,0.5747,75.0,0.5746,557.0,0.5748,688.0,0.5749,1427.0
1753547048094,16:24:08.094,A/USDT:USDT,0.5747,75.0,0.5746,557.0,0.5748,688.0,0.5749,1427.0
1753547048196,16:24:08.196,A/USDT:USDT,0.5747,75.0,0.5746,557.0,0.5748,688.0,0.5749,1427.0
1753547048395,16:24:08.395,A/USDT:USDT,0.5747,75.0,0.5746,557.0,0.5748,688.0,0.5749,1427.0
1753547048494,16:24:08.494,A/USDT:USDT,0.5747,75.0,0.5746,557.0,0.5748,688.0,0.5749,1427.0
1753547048694,16:24:08.694,A/USDT:USDT,0.5747,81.0,0.5746,557.0,0.5748,688.0,0.5749,1427.0
1753547048794,16:24:08.794,A/USDT:USDT,0.5747,81.0,0.5746,607.0,0.5748,688.0,0.5749,1427.0
1753547048894,16:24:08.894,A/USDT:USDT,0.5747,81.0,0.5746,607.0,0.5748,688.0,0.5749,1427.0
1753547049195,16:24:09.195,A/USDT:USDT,0.5747,81.0,0.5746,607.0,0.5748,688.0,0.5749,1427.0
1753547049294,16:24:09.294,A/USDT:USDT,0.5747,81.0,0.5746,607.0,0.5748,688.0,0.5749,1427.0
1753547049594,16:24:09.594,A/USDT:USDT,0.5747,81.0,0.5746,607.0,0.5748,688.0,0.5749,1427.0
1753547049794,16:24:09.794,A/USDT:USDT,0.5747,81.0,0.5746,607.0,0.5748,688.0,0.5749,1427.0
1753547049895,16:24:09.895,A/USDT:USDT,0.5747,81.0,0.5746,607.0,0.5748,688.0,0.5749,1427.0
1753547050194,16:24:10.194,A/USDT:USDT,0.5747,81.0,0.5746,607.0,0.5748,688.0,0.5749,1427.0
1753547050394,16:24:10.394,A/USDT:USDT,0.5747,81.0,0.5746,607.0,0.5748,688.0,0.5749,1427.0
1753547050495,16:24:10.495,A/USDT:USDT,0.5747,81.0,0.5746,557.0,0.5748,688.0,0.5749,1427.0
1753547050595,16:24:10.595,A/USDT:USDT,0.5747,81.0,0.5746,607.0,0.5748,688.0,0.5749,1427.0
1753547050994,16:24:10.994,A/USDT:USDT,0.5747,81.0,0.5746,607.0,0.5748,688.0,0.5749,1427.0
1753547051197,16:24:11.197,A/USDT:USDT,0.5747,81.0,0.5746,607.0,0.5748,725.0,0.5749,1377.0
1753547051494,16:24:11.494,A/USDT:USDT,0.5747,91.0,0.5746,607.0,0.5748,725.0,0.5749,1343.0
1753547051594,16:24:11.594,A/USDT:USDT,0.5747,91.0,0.5746,607.0,0.5748,725.0,0.5749,1343.0
1753547051994,16:24:11.994,A/USDT:USDT,0.5747,91.0,0.5746,607.0,0.5748,725.0,0.5749,1343.0
1753547052194,16:24:12.194,A/USDT:USDT,0.5747,108.0,0.5746,607.0,0.5748,725.0,0.5749,1393.0
1753547052294,16:24:12.294,A/USDT:USDT,0.5747,108.0,0.5746,557.0,0.5748,725.0,0.5749,1427.0
1753547052394,16:24:12.394,A/USDT:USDT,0.5747,108.0,0.5746,607.0,0.5748,725.0,0.5749,1427.0
1753547052494,16:24:12.494,A/USDT:USDT,0.5747,108.0,0.5746,557.0,0.5748,725.0,0.5749,1427.0
1753547052594,16:24:12.594,A/USDT:USDT,0.5747,108.0,0.5746,557.0,0.5748,725.0,0.5749,1427.0
1753547052695,16:24:12.695,A/USDT:USDT,0.5747,108.0,0.5746,557.0,0.5748,725.0,0.5749,1427.0
1753547052994,16:24:12.994,A/USDT:USDT,0.5747,108.0,0.5746,557.0,0.5748,725.0,0.5749,1427.0
1753547053094,16:24:13.094,A/USDT:USDT,0.5747,108.0,0.5746,557.0,0.5748,725.0,0.5749,1427.0
1753547053194,16:24:13.194,A/USDT:USDT,0.5747,108.0,0.5746,557.0,0.5748,725.0,0.5749,1427.0
1753547053494,16:24:13.494,A/USDT:USDT,0.5747,108.0,0.5746,557.0,0.5748,725.0,0.5749,1427.0
1753547053594,16:24:13.594,A/USDT:USDT,0.5747,108.0,0.5746,557.0,0.5748,725.0,0.5749,1427.0
1753547053795,16:24:13.795,A/USDT:USDT,0.5747,108.0,0.5746,557.0,0.5748,725.0,0.5749,1427.0
1753547054095,16:24:14.095,A/USDT:USDT,0.5747,108.0,0.5746,557.0,0.5748,725.0,0.5749,1427.0
1753547054197,16:24:14.197,A/USDT:USDT,0.5747,91.0,0.5746,557.0,0.5748,725.0,0.5749,1427.0
1753547054294,16:24:14.294,A/USDT:USDT,0.5747,91.0,0.5746,557.0,0.5748,725.0,0.5749,1427.0
1753547054394,16:24:14.394,A/USDT:USDT,0.5747,91.0,0.5746,557.0,0.5748,725.0,0.5749,1427.0
1753547054494,16:24:14.494,A/USDT:USDT,0.5747,91.0,0.5746,557.0,0.5748,725.0,0.5749,1427.0
1753547054795,16:24:14.795,A/USDT:USDT,0.5747,91.0,0.5746,557.0,0.5748,725.0,0.5749,1427.0
1753547054895,16:24:14.895,A/USDT:USDT,0.5747,91.0,0.5746,557.0,0.5748,725.0,0.5749,1427.0
1753547055398,16:24:15.398,A/USDT:USDT,0.5747,91.0,0.5746,557.0,0.5748,725.0,0.5749,1427.0
1753547055494,16:24:15.494,A/USDT:USDT,0.5747,91.0,0.5746,557.0,0.5748,725.0,0.5749,1427.0
1753547055594,16:24:15.594,A/USDT:USDT,0.5747,91.0,0.5746,557.0,0.5748,825.0,0.5749,1427.0
1753547055894,16:24:15.894,A/USDT:USDT,0.5747,91.0,0.5746,557.0,0.5748,825.0,0.5749,1427.0
1753547055994,16:24:15.994,A/USDT:USDT,0.5747,91.0,0.5746,557.0,0.5748,775.0,0.5749,1427.0
1753547056594,16:24:16.594,A/USDT:USDT,0.5747,91.0,0.5746,557.0,0.5748,725.0,0.5749,1427.0
1753547056694,16:24:16.694,A/USDT:USDT,0.5747,91.0,0.5746,557.0,0.5748,775.0,0.5749,1427.0
1753547056895,16:24:16.895,A/USDT:USDT,0.5747,91.0,0.5746,557.0,0.5748,725.0,0.5749,1427.0
1753547056994,16:24:16.994,A/USDT:USDT,0.5747,91.0,0.5746,557.0,0.5748,725.0,0.5749,1427.0
1753547057094,16:24:17.094,A/USDT:USDT,0.5747,91.0,0.5746,557.0,0.5748,725.0,0.5749,1427.0
1753547057295,16:24:17.295,A/USDT:USDT,0.5747,91.0,0.5746,557.0,0.5748,775.0,0.5749,1427.0
1753547057394,16:24:17.394,A/USDT:USDT,0.5747,91.0,0.5746,557.0,0.5748,725.0,0.5749,1427.0
1753547057496,16:24:17.496,A/USDT:USDT,0.5747,91.0,0.5746,557.0,0.5748,725.0,0.5749,1427.0
1753547057594,16:24:17.594,A/USDT:USDT,0.5747,91.0,0.5746,557.0,0.5748,725.0,0.5749,1427.0
1753547057694,16:24:17.694,A/USDT:USDT,0.5747,91.0,0.5746,557.0,0.5748,725.0,0.5749,1427.0
1753547057794,16:24:17.794,A/USDT:USDT,0.5747,91.0,0.5746,557.0,0.5748,725.0,0.5749,1393.0
1753547058294,16:24:18.294,A/USDT:USDT,0.5747,376.0,0.5746,557.0,0.5748,725.0,0.5749,1427.0
1753547058894,16:24:18.894,A/USDT:USDT,0.5747,376.0,0.5746,557.0,0.5748,725.0,0.5749,1343.0
1753547058996,16:24:18.996,A/USDT:USDT,0.5747,781.0,0.5746,691.0,0.5748,499.0,0.5749,193.0
1753547059094,16:24:19.094,A/USDT:USDT,0.5747,798.0,0.5746,691.0,0.5748,499.0,0.5749,193.0
1753547059195,16:24:19.195,A/USDT:USDT,0.5747,798.0,0.5746,691.0,0.5748,499.0,0.5749,193.0
1753547059494,16:24:19.494,A/USDT:USDT,0.5747,798.0,0.5746,991.0,0.5748,499.0,0.5749,193.0
1753547059596,16:24:19.596,A/USDT:USDT,0.5747,1145.0,0.5746,991.0,0.5748,499.0,0.5749,193.0
1753547059895,16:24:19.895,A/USDT:USDT,0.5747,1145.0,0.5746,991.0,0.5748,499.0,0.5749,193.0
1753547059994,16:24:19.994,A/USDT:USDT,0.5747,1145.0,0.5746,991.0,0.5748,499.0,0.5749,193.0
1753547060394,16:24:20.394,A/USDT:USDT,0.5747,1145.0,0.5746,991.0,0.5748,499.0,0.5749,193.0
1753547060494,16:24:20.494,A/USDT:USDT,0.5747,1145.0,0.5746,991.0,0.5748,499.0,0.5749,193.0
1753547060894,16:24:20.894,A/USDT:USDT,0.5747,1145.0,0.5746,991.0,0.5748,499.0,0.5749,193.0
1753547060996,16:24:20.996,A/USDT:USDT,0.5747,1145.0,0.5746,991.0,0.5748,499.0,0.5749,193.0
1753547061094,16:24:21.094,A/USDT:USDT,0.5747,1095.0,0.5746,991.0,0.5748,499.0,0.5749,193.0
1753547061194,16:24:21.194,A/USDT:USDT,0.5747,1145.0,0.5746,991.0,0.5748,499.0,0.5749,193.0
1753547061494,16:24:21.494,A/USDT:USDT,0.5747,1145.0,0.5746,991.0,0.5748,499.0,0.5749,193.0
1753547061595,16:24:21.595,A/USDT:USDT,0.5747,1145.0,0.5746,991.0,0.5748,499.0,0.5749,193.0
1753547061994,16:24:21.994,A/USDT:USDT,0.5747,1145.0,0.5746,991.0,0.5748,499.0,0.5749,193.0
1753547062094,16:24:22.094,A/USDT:USDT,0.5747,1145.0,0.5746,991.0,0.5748,499.0,0.5749,193.0
1753547062594,16:24:22.594,A/USDT:USDT,0.5747,1145.0,0.5746,991.0,0.5748,499.0,0.5749,193.0
1753547062894,16:24:22.894,A/USDT:USDT,0.5747,1145.0,0.5746,991.0,0.5748,499.0,0.5749,193.0
1753547063196,16:24:23.196,A/USDT:USDT,0.5747,1145.0,0.5746,991.0,0.5748,499.0,0.5749,193.0
1753547063294,16:24:23.294,A/USDT:USDT,0.5747,1145.0,0.5746,991.0,0.5748,499.0,0.5749,193.0
1753547063594,16:24:23.594,A/USDT:USDT,0.5747,1145.0,0.5746,991.0,0.5748,499.0,0.5749,193.0
1753547063694,16:24:23.694,A/USDT:USDT,0.5747,1145.0,0.5746,991.0,0.5748,499.0,0.5749,193.0
1753547063794,16:24:23.794,A/USDT:USDT,0.5747,1145.0,0.5746,991.0,0.5748,499.0,0.5749,193.0
1753547064196,16:24:24.196,A/USDT:USDT,0.5747,1180.0,0.5746,991.0,0.5748,499.0,0.5749,193.0
1753547064595,16:24:24.595,A/USDT:USDT,0.5747,1180.0,0.5746,991.0,0.5748,499.0,0.5749,193.0
1753547064994,16:24:24.994,A/USDT:USDT,0.5747,1180.0,0.5746,991.0,0.5748,499.0,0.5749,193.0
1753547065494,16:24:25.494,A/USDT:USDT,0.5747,1199.0,0.5746,991.0,0.5748,499.0,0.5749,193.0
1753547065594,16:24:25.594,A/USDT:USDT,0.5747,1199.0,0.5746,991.0,0.5748,499.0,0.5749,193.0
1753547066094,16:24:26.094,A/USDT:USDT,0.5747,1097.0,0.5746,991.0,0.5748,499.0,0.5749,193.0
1753547066199,16:24:26.199,A/USDT:USDT,0.5747,1130.0,0.5746,991.0,0.5748,499.0,0.5749,193.0
1753547066394,16:24:26.394,A/USDT:USDT,0.5747,1130.0,0.5746,991.0,0.5748,499.0,0.5749,193.0
1753547066695,16:24:26.695,A/USDT:USDT,0.5747,1130.0,0.5746,991.0,0.5748,499.0,0.5749,193.0
1753547066794,16:24:26.794,A/USDT:USDT,0.5747,1130.0,0.5746,991.0,0.5748,499.0,0.5749,193.0
1753547067394,16:24:27.394,A/USDT:USDT,0.5747,1130.0,0.5746,991.0,0.5748,499.0,0.5749,193.0
1753547067895,16:24:27.895,A/USDT:USDT,0.5747,1130.0,0.5746,991.0,0.5748,499.0,0.5749,193.0
1753547067994,16:24:27.994,A/USDT:USDT,0.5747,1130.0,0.5746,991.0,0.5748,499.0,0.5749,193.0
1753547068394,16:24:28.394,A/USDT:USDT,0.5747,1130.0,0.5746,991.0,0.5748,499.0,0.5749,193.0
1753547069394,16:24:29.394,A/USDT:USDT,0.5747,1130.0,0.5746,991.0,0.5748,499.0,0.5749,193.0
1753547069694,16:24:29.694,A/USDT:USDT,0.5747,1080.0,0.5746,991.0,0.5748,499.0,0.5749,193.0
1753547069794,16:24:29.794,A/USDT:USDT,0.5747,1130.0,0.5746,991.0,0.5748,499.0,0.5749,193.0
1753547070094,16:24:30.094,A/USDT:USDT,0.5747,1197.0,0.5746,991.0,0.5748,499.0,0.5749,193.0
1753547070197,16:24:30.197,A/USDT:USDT,0.5747,1147.0,0.5746,991.0,0.5748,499.0,0.5749,193.0
1753547070493,16:24:30.493,A/USDT:USDT,0.5747,1147.0,0.5746,991.0,0.5748,499.0,0.5749,193.0
1753547070694,16:24:30.694,A/USDT:USDT,0.5747,1147.0,0.5746,991.0,0.5748,499.0,0.5749,193.0
1753547070894,16:24:30.894,A/USDT:USDT,0.5747,1147.0,0.5746,991.0,0.5748,499.0,0.5749,193.0
1753547070994,16:24:30.994,A/USDT:USDT,0.5747,1097.0,0.5746,991.0,0.5748,499.0,0.5749,193.0
1753547071094,16:24:31.094,A/USDT:USDT,0.5747,1097.0,0.5746,991.0,0.5748,499.0,0.5749,193.0
1753547071194,16:24:31.194,A/USDT:USDT,0.5747,1147.0,0.5746,991.0,0.5748,499.0,0.5749,193.0
1753547071794,16:24:31.794,A/USDT:USDT,0.5747,1197.0,0.5746,991.0,0.5748,499.0,0.5749,193.0
1753547071895,16:24:31.895,A/USDT:USDT,0.5747,1544.0,0.5746,991.0,0.5748,499.0,0.5749,193.0
1753547071994,16:24:31.994,A/USDT:USDT,0.5747,1544.0,0.5746,1338.0,0.5748,499.0,0.5749,193.0
1753547072094,16:24:32.094,A/USDT:USDT,0.5747,1544.0,0.5746,1338.0,0.5748,499.0,0.5749,193.0
1753547072201,16:24:32.201,A/USDT:USDT,0.5747,1544.0,0.5746,1338.0,0.5748,499.0,0.5749,193.0
1753547072494,16:24:32.494,A/USDT:USDT,0.5747,1544.0,0.5746,1338.0,0.5748,499.0,0.5749,193.0
1753547072594,16:24:32.594,A/USDT:USDT,0.5747,1544.0,0.5746,1338.0,0.5748,499.0,0.5749,193.0
1753547072995,16:24:32.995,A/USDT:USDT,0.5747,1544.0,0.5746,1338.0,0.5748,499.0,0.5749,193.0
1753547073096,16:24:33.096,A/USDT:USDT,0.5747,1544.0,0.5746,1338.0,0.5748,499.0,0.5749,193.0
1753547073194,16:24:33.194,A/USDT:USDT,0.5747,1544.0,0.5746,1338.0,0.5748,499.0,0.5749,193.0
1753547073394,16:24:33.394,A/USDT:USDT,0.5747,1544.0,0.5746,1338.0,0.5748,499.0,0.5749,193.0
1753547073594,16:24:33.594,A/USDT:USDT,0.5747,1544.0,0.5746,1338.0,0.5748,499.0,0.5749,193.0
1753547073894,16:24:33.894,A/USDT:USDT,0.5747,1544.0,0.5746,1998.0,0.5748,499.0,0.5749,10.0
1753547074094,16:24:34.094,A/USDT:USDT,0.5747,1544.0,0.5746,1998.0,0.5748,499.0,0.5749,10.0
1753547074294,16:24:34.294,A/USDT:USDT,0.5747,1544.0,0.5746,1998.0,0.5748,499.0,0.5749,10.0
1753547074495,16:24:34.495,A/USDT:USDT,0.5747,1558.0,0.5746,1998.0,0.5748,499.0,0.5749,10.0
1753547074594,16:24:34.594,A/USDT:USDT,0.5747,1558.0,0.5746,1998.0,0.5748,499.0,0.5749,10.0
1753547074694,16:24:34.694,A/USDT:USDT,0.5747,1558.0,0.5746,1998.0,0.5748,499.0,0.5749,10.0
1753547075194,16:24:35.194,A/USDT:USDT,0.5747,1558.0,0.5746,1998.0,0.5748,499.0,0.5749,10.0
1753547075394,16:24:35.394,A/USDT:USDT,0.5747,1558.0,0.5746,1998.0,0.5748,499.0,0.5749,10.0
1753547075595,16:24:35.595,A/USDT:USDT,0.5747,2069.0,0.5746,2345.0,0.5748,499.0,0.5749,10.0
1753547075694,16:24:35.694,A/USDT:USDT,0.5747,2416.0,0.5746,3746.0,0.5748,499.0,0.5749,10.0
1753547075994,16:24:35.994,A/USDT:USDT,0.5747,2416.0,0.5746,3746.0,0.5748,499.0,0.5749,10.0
1753547076394,16:24:36.394,A/USDT:USDT,0.5747,2716.0,0.5746,4180.0,0.5748,499.0,0.5749,10.0
1753547076694,16:24:36.694,A/USDT:USDT,0.5747,2716.0,0.5746,4180.0,0.5748,499.0,0.5749,10.0
1753547076795,16:24:36.795,A/USDT:USDT,0.5747,2716.0,0.5746,4180.0,0.5748,499.0,0.5749,10.0
1753547076895,16:24:36.895,A/USDT:USDT,0.5747,2716.0,0.5746,4180.0,0.5748,499.0,0.5749,10.0
1753547077094,16:24:37.094,A/USDT:USDT,0.5747,2716.0,0.5746,4180.0,0.5748,499.0,0.5749,10.0
1753547077295,16:24:37.295,A/USDT:USDT,0.5747,2716.0,0.5746,4180.0,0.5748,499.0,0.5749,10.0
1753547077794,16:24:37.794,A/USDT:USDT,0.5747,2716.0,0.5746,4180.0,0.5748,499.0,0.5749,10.0
1753547077994,16:24:37.994,A/USDT:USDT,0.5747,2803.0,0.5746,4180.0,0.5748,499.0,0.5749,10.0
1753547078194,16:24:38.194,A/USDT:USDT,0.5747,2850.0,0.5746,4180.0,0.5748,499.0,0.5749,10.0
1753547078294,16:24:38.294,A/USDT:USDT,0.5747,2850.0,0.5746,4180.0,0.5748,499.0,0.5749,10.0
1753547078394,16:24:38.394,A/USDT:USDT,0.5747,2832.0,0.5746,4180.0,0.5748,499.0,0.5749,10.0
1753547078494,16:24:38.494,A/USDT:USDT,0.5747,2898.0,0.5746,4180.0,0.5748,509.0,0.5749,10.0
1753547079494,16:24:39.494,A/USDT:USDT,0.5747,2898.0,0.5746,4180.0,0.5748,509.0,0.5749,10.0
1753547080594,16:24:40.594,A/USDT:USDT,0.5747,2898.0,0.5746,4180.0,0.5748,509.0,0.5749,10.0
1753547080694,16:24:40.694,A/USDT:USDT,0.5747,2898.0,0.5746,4180.0,0.5748,509.0,0.5749,10.0
1753547081195,16:24:41.195,A/USDT:USDT,0.5747,2898.0,0.5746,4180.0,0.5748,509.0,0.5749,10.0
1753547081294,16:24:41.294,A/USDT:USDT,0.5749,750.0,0.5748,4970.0,0.575,30.0,0.5751,578.0
1753547081394,16:24:41.394,A/USDT:USDT,0.5749,1372.0,0.5748,4666.0,0.575,30.0,0.5751,10.0
1753547081494,16:24:41.494,A/USDT:USDT,0.5749,1719.0,0.5748,4666.0,0.575,30.0,0.5751,10.0
1753547081594,16:24:41.594,A/USDT:USDT,0.5749,1669.0,0.5748,4666.0,0.575,30.0,0.5751,10.0
1753547081694,16:24:41.694,A/USDT:USDT,0.5749,1658.0,0.5748,4666.0,0.575,30.0,0.5751,10.0
1753547081894,16:24:41.894,A/USDT:USDT,0.5749,1669.0,0.5748,4666.0,0.575,30.0,0.5751,10.0
1753547081995,16:24:41.995,A/USDT:USDT,0.5749,1658.0,0.5748,4666.0,0.575,30.0,0.5751,10.0
1753547082197,16:24:42.197,A/USDT:USDT,0.5749,1961.0,0.5748,4666.0,0.575,30.0,0.5751,10.0
1753547082394,16:24:42.394,A/USDT:USDT,0.5749,2358.0,0.5748,4666.0,0.575,30.0,0.5751,10.0
1753547082594,16:24:42.594,A/USDT:USDT,0.5749,2347.0,0.5748,4666.0,0.575,30.0,0.5751,10.0
1753547082894,16:24:42.894,A/USDT:USDT,0.5749,2319.0,0.5748,4666.0,0.575,30.0,0.5751,10.0
1753547082994,16:24:42.994,A/USDT:USDT,0.5749,2311.0,0.5748,4666.0,0.575,30.0,0.5751,10.0
1753547083094,16:24:43.094,A/USDT:USDT,0.5749,2297.0,0.5748,4675.0,0.575,30.0,0.5751,10.0
1753547083196,16:24:43.196,A/USDT:USDT,0.5749,2297.0,0.5748,4675.0,0.575,30.0,0.5751,10.0
1753547083394,16:24:43.394,A/USDT:USDT,0.5749,2362.0,0.5748,4675.0,0.575,30.0,0.5751,10.0
1753547083594,16:24:43.594,A/USDT:USDT,0.5749,2362.0,0.5748,4675.0,0.575,30.0,0.5751,10.0
1753547083695,16:24:43.695,A/USDT:USDT,0.5749,2362.0,0.5748,4675.0,0.575,30.0,0.5751,10.0
1753547083794,16:24:43.794,A/USDT:USDT,0.5749,2085.0,0.5748,4675.0,0.575,30.0,0.5751,10.0
1753547084095,16:24:44.095,A/USDT:USDT,0.5749,2085.0,0.5748,4675.0,0.575,30.0,0.5751,10.0
1753547084595,16:24:44.595,A/USDT:USDT,0.5749,2020.0,0.5748,4675.0,0.575,30.0,0.5751,10.0
1753547084694,16:24:44.694,A/USDT:USDT,0.5749,2325.0,0.5748,4675.0,0.575,30.0,0.5751,10.0
1753547084794,16:24:44.794,A/USDT:USDT,0.5749,2347.0,0.5748,4675.0,0.575,30.0,0.5751,10.0
1753547084995,16:24:44.995,A/USDT:USDT,0.5749,2336.0,0.5748,4675.0,0.575,30.0,0.5751,10.0
1753547085194,16:24:45.194,A/USDT:USDT,0.5749,2314.0,0.5748,4675.0,0.575,30.0,0.5751,10.0
1753547085294,16:24:45.294,A/USDT:USDT,0.5749,2456.0,0.5748,4675.0,0.575,30.0,0.5751,10.0
1753547085495,16:24:45.495,A/USDT:USDT,0.5749,2473.0,0.5748,4675.0,0.575,30.0,0.5751,10.0
1753547085794,16:24:45.794,A/USDT:USDT,0.5749,2473.0,0.5748,4675.0,0.575,30.0,0.5751,10.0
1753547085895,16:24:45.895,A/USDT:USDT,0.5749,2614.0,0.5748,4675.0,0.575,30.0,0.5751,10.0
1753547086494,16:24:46.494,A/USDT:USDT,0.5749,2788.0,0.5748,4675.0,0.575,30.0,0.5751,10.0
1753547086595,16:24:46.595,A/USDT:USDT,0.5749,2614.0,0.5748,4675.0,0.575,30.0,0.5751,10.0
1753547086694,16:24:46.694,A/USDT:USDT,0.5749,2788.0,0.5748,4675.0,0.575,30.0,0.5751,10.0
1753547086894,16:24:46.894,A/USDT:USDT,0.5749,2788.0,0.5748,4675.0,0.575,30.0,0.5751,10.0
1753547087194,16:24:47.194,A/USDT:USDT,0.5749,2614.0,0.5748,4675.0,0.575,30.0,0.5751,10.0
1753547087494,16:24:47.494,A/USDT:USDT,0.5749,2601.0,0.5748,4675.0,0.575,30.0,0.5751,10.0
1753547087594,16:24:47.594,A/USDT:USDT,0.5749,2564.0,0.5748,4675.0,0.575,30.0,0.5751,10.0
1753547087694,16:24:47.694,A/USDT:USDT,0.5749,2390.0,0.5748,4575.0,0.575,30.0,0.5751,10.0
1753547087894,16:24:47.894,A/USDT:USDT,0.5749,1296.0,0.5748,4675.0,0.575,30.0,0.5751,10.0
1753547087994,16:24:47.994,A/USDT:USDT,0.5749,1296.0,0.5748,4675.0,0.575,30.0,0.5751,10.0
1753547088095,16:24:48.095,A/USDT:USDT,0.5749,1296.0,0.5748,4675.0,0.575,30.0,0.5751,10.0
1753547088196,16:24:48.196,A/USDT:USDT,0.5749,1296.0,0.5748,4625.0,0.575,30.0,0.5751,10.0
1753547088494,16:24:48.494,A/USDT:USDT,0.5749,1706.0,0.5748,4675.0,0.575,30.0,0.5751,10.0
1753547088595,16:24:48.595,A/USDT:USDT,0.5749,1706.0,0.5748,4675.0,0.575,30.0,0.5751,10.0
1753547088695,16:24:48.695,A/USDT:USDT,0.5749,1706.0,0.5748,4675.0,0.575,30.0,0.5751,10.0
1753547088894,16:24:48.894,A/USDT:USDT,0.5749,1719.0,0.5748,4675.0,0.575,30.0,0.5751,10.0
1753547089094,16:24:49.094,A/USDT:USDT,0.5749,1719.0,0.5748,4675.0,0.575,30.0,0.5751,10.0
1753547089494,16:24:49.494,A/USDT:USDT,0.5749,1732.0,0.5748,4675.0,0.575,30.0,0.5751,10.0
1753547089594,16:24:49.594,A/USDT:USDT,0.5749,1682.0,0.5748,4675.0,0.575,30.0,0.5751,10.0
1753547089994,16:24:49.994,A/USDT:USDT,0.5749,1322.0,0.5748,4675.0,0.575,30.0,0.5751,10.0
1753547090094,16:24:50.094,A/USDT:USDT,0.5749,1305.0,0.5748,4675.0,0.575,30.0,0.5751,10.0
1753547090194,16:24:50.194,A/USDT:USDT,0.5749,1305.0,0.5748,4675.0,0.575,30.0,0.5751,10.0
1753547090295,16:24:50.295,A/USDT:USDT,0.5749,1305.0,0.5748,4675.0,0.575,30.0,0.5751,10.0
1753547090394,16:24:50.394,A/USDT:USDT,0.5749,1817.0,0.5748,4675.0,0.575,30.0,0.5751,10.0
1753547090494,16:24:50.494,A/USDT:USDT,0.5749,1730.0,0.5748,4675.0,0.575,30.0,0.5751,10.0
1753547090594,16:24:50.594,A/USDT:USDT,0.5749,2858.0,0.5748,4675.0,0.575,30.0,0.5751,10.0
1753547090694,16:24:50.694,A/USDT:USDT,0.5749,2858.0,0.5748,4785.0,0.575,30.0,0.5751,10.0
1753547090794,16:24:50.794,A/USDT:USDT,0.5749,2945.0,0.5748,4785.0,0.575,30.0,0.5751,10.0
1753547090894,16:24:50.894,A/USDT:USDT,0.5749,2919.0,0.5748,4785.0,0.575,30.0,0.5751,10.0
1753547090994,16:24:50.994,A/USDT:USDT,0.5749,2060.0,0.5748,5132.0,0.575,30.0,0.5751,10.0
1753547091094,16:24:51.094,A/USDT:USDT,0.5749,1670.0,0.5748,5132.0,0.575,30.0,0.5751,10.0
1753547091195,16:24:51.195,A/USDT:USDT,0.5749,1900.0,0.5748,5132.0,0.575,30.0,0.5751,10.0
1753547091294,16:24:51.294,A/USDT:USDT,0.5749,1900.0,0.5748,5132.0,0.575,30.0,0.5751,10.0
1753547091594,16:24:51.594,A/USDT:USDT,0.5749,1900.0,0.5748,5132.0,0.575,30.0,0.5751,10.0
1753547091694,16:24:51.694,A/USDT:USDT,0.5749,1900.0,0.5748,5022.0,0.575,30.0,0.5751,10.0
1753547091794,16:24:51.794,A/USDT:USDT,0.5749,1971.0,0.5748,5022.0,0.575,30.0,0.5751,10.0
1753547091894,16:24:51.894,A/USDT:USDT,0.5749,1900.0,0.5748,5022.0,0.575,30.0,0.5751,10.0
1753547092003,16:24:52.003,A/USDT:USDT,0.5749,1900.0,0.5748,5022.0,0.575,30.0,0.5751,10.0
1753547092095,16:24:52.095,A/USDT:USDT,0.5749,1843.0,0.5748,5022.0,0.575,30.0,0.5751,10.0
1753547092194,16:24:52.194,A/USDT:USDT,0.5749,1843.0,0.5748,5022.0,0.575,30.0,0.5751,10.0
1753547092295,16:24:52.295,A/USDT:USDT,0.5749,1843.0,0.5748,5022.0,0.575,30.0,0.5751,10.0
1753547092696,16:24:52.696,A/USDT:USDT,0.5749,1843.0,0.5748,5022.0,0.575,30.0,0.5751,10.0
1753547092795,16:24:52.795,A/USDT:USDT,0.5749,1843.0,0.5748,5022.0,0.575,30.0,0.5751,10.0
1753547092894,16:24:52.894,A/USDT:USDT,0.5749,1613.0,0.5748,5022.0,0.575,30.0,0.5751,10.0
1753547092994,16:24:52.994,A/USDT:USDT,0.5749,1613.0,0.5748,5022.0,0.575,30.0,0.5751,10.0
1753547093494,16:24:53.494,A/USDT:USDT,0.5749,1613.0,0.5748,5022.0,0.575,30.0,0.5751,10.0
1753547093594,16:24:53.594,A/USDT:USDT,0.5749,1613.0,0.5748,5022.0,0.575,30.0,0.5751,10.0
1753547093695,16:24:53.695,A/USDT:USDT,0.5749,1822.0,0.5748,5022.0,0.575,30.0,0.5751,10.0
1753547093795,16:24:53.795,A/USDT:USDT,0.5749,1822.0,0.5748,5022.0,0.575,30.0,0.5751,10.0
1753547093995,16:24:53.995,A/USDT:USDT,0.5749,1822.0,0.5748,5022.0,0.575,30.0,0.5751,10.0
1753547094095,16:24:54.095,A/USDT:USDT,0.5749,2029.0,0.5748,5022.0,0.575,30.0,0.5751,10.0
1753547094198,16:24:54.198,A/USDT:USDT,0.5749,2029.0,0.5748,5022.0,0.575,30.0,0.5751,10.0
1753547094394,16:24:54.394,A/USDT:USDT,0.5749,2103.0,0.5748,5022.0,0.575,30.0,0.5751,10.0
1753547094595,16:24:54.595,A/USDT:USDT,0.5749,2103.0,0.5748,5022.0,0.575,30.0,0.5751,10.0
1753547094694,16:24:54.694,A/USDT:USDT,0.5749,2053.0,0.5748,5022.0,0.575,30.0,0.5751,10.0
1753547095094,16:24:55.094,A/USDT:USDT,0.5749,1820.0,0.5748,5022.0,0.575,30.0,0.5751,10.0
1753547095196,16:24:55.196,A/USDT:USDT,0.5749,1613.0,0.5748,5022.0,0.575,30.0,0.5751,10.0
1753547095994,16:24:55.994,A/USDT:USDT,0.5749,1882.0,0.5748,5022.0,0.575,30.0,0.5751,10.0
1753547096094,16:24:56.094,A/USDT:USDT,0.5749,1613.0,0.5748,5022.0,0.575,30.0,0.5751,10.0
1753547096197,16:24:56.197,A/USDT:USDT,0.5749,1613.0,0.5748,5022.0,0.575,30.0,0.5751,10.0
1753547096294,16:24:56.294,A/USDT:USDT,0.5749,1613.0,0.5748,5022.0,0.575,30.0,0.5751,10.0
1753547096994,16:24:56.994,A/USDT:USDT,0.5749,1613.0,0.5748,5022.0,0.575,30.0,0.5751,10.0
1753547097094,16:24:57.094,A/USDT:USDT,0.5749,1820.0,0.5748,5022.0,0.575,30.0,0.5751,10.0
1753547097194,16:24:57.194,A/USDT:USDT,0.5749,1613.0,0.5748,5022.0,0.575,30.0,0.5751,10.0
1753547097695,16:24:57.695,A/USDT:USDT,0.5749,1625.0,0.5748,5022.0,0.575,30.0,0.5751,10.0
1753547098494,16:24:58.494,A/USDT:USDT,0.5749,1625.0,0.5748,5022.0,0.575,30.0,0.5751,10.0
1753547098595,16:24:58.595,A/USDT:USDT,0.5749,1625.0,0.5748,5022.0,0.575,30.0,0.5751,10.0
1753547098694,16:24:58.694,A/USDT:USDT,0.5749,1625.0,0.5748,5022.0,0.575,30.0,0.5751,10.0
1753547098994,16:24:58.994,A/USDT:USDT,0.5749,1625.0,0.5748,5022.0,0.575,30.0,0.5751,10.0
1753547099195,16:24:59.195,A/USDT:USDT,0.5749,1625.0,0.5748,5022.0,0.575,30.0,0.5751,10.0
1753547099295,16:24:59.295,A/USDT:USDT,0.5749,1901.0,0.5748,5022.0,0.575,30.0,0.5751,10.0
1753547099894,16:24:59.894,A/USDT:USDT,0.5749,1684.0,0.5748,5022.0,0.575,30.0,0.5751,10.0
1753547100094,16:25:00.094,A/USDT:USDT,0.5749,1684.0,0.5748,5022.0,0.575,30.0,0.5751,10.0
1753547100196,16:25:00.196,A/USDT:USDT,0.5749,1684.0,0.5748,4972.0,0.575,30.0,0.5751,10.0
1753547100294,16:25:00.294,A/USDT:USDT,0.5749,1384.0,0.5748,4922.0,0.575,145.0,0.5751,92.0
1753547100494,16:25:00.494,A/USDT:USDT,0.5749,488.0,0.5748,4588.0,0.575,145.0,0.5751,140.0
1753547100695,16:25:00.695,A/USDT:USDT,0.5749,458.0,0.5748,4588.0,0.575,145.0,0.5751,140.0
1753547100795,16:25:00.795,A/USDT:USDT,0.5749,399.0,0.5748,4588.0,0.575,145.0,0.5751,140.0
1753547100895,16:25:00.895,A/USDT:USDT,0.5749,399.0,0.5748,4241.0,0.575,145.0,0.5751,140.0
1753547100993,16:25:00.993,A/USDT:USDT,0.5749,399.0,0.5748,4275.0,0.575,145.0,0.5751,58.0
1753547101094,16:25:01.094,A/USDT:USDT,0.5749,399.0,0.5748,4275.0,0.575,47.0,0.5751,10.0
1753547101194,16:25:01.194,A/USDT:USDT,0.5749,399.0,0.5748,4371.0,0.575,47.0,0.5751,10.0
1753547101294,16:25:01.294,A/USDT:USDT,0.5749,399.0,0.5748,4371.0,0.575,47.0,0.5751,10.0
1753547101394,16:25:01.394,A/USDT:USDT,0.5749,399.0,0.5748,4371.0,0.575,47.0,0.5751,10.0
1753547101596,16:25:01.596,A/USDT:USDT,0.5749,399.0,0.5748,4275.0,0.575,47.0,0.5751,10.0
1753547101694,16:25:01.694,A/USDT:USDT,0.5749,399.0,0.5748,4275.0,0.575,47.0,0.5751,58.0
1753547101894,16:25:01.894,A/USDT:USDT,0.5749,399.0,0.5748,4275.0,0.575,47.0,0.5751,58.0
1753547101994,16:25:01.994,A/USDT:USDT,0.5749,399.0,0.5748,4275.0,0.575,47.0,0.5751,58.0
1753547102094,16:25:02.094,A/USDT:USDT,0.5749,399.0,0.5748,4275.0,0.575,30.0,0.5751,58.0
1753547102197,16:25:02.197,A/USDT:USDT,0.5749,399.0,0.5748,4275.0,0.575,30.0,0.5751,58.0
1753547102695,16:25:02.695,A/USDT:USDT,0.5749,399.0,0.5748,4371.0,0.575,30.0,0.5751,10.0
1753547102794,16:25:02.794,A/USDT:USDT,0.5749,399.0,0.5748,4371.0,0.575,30.0,0.5751,10.0
1753547102894,16:25:02.894,A/USDT:USDT,0.5749,399.0,0.5748,4371.0,0.575,30.0,0.5751,10.0
1753547102994,16:25:02.994,A/USDT:USDT,0.5749,746.0,0.5748,4323.0,0.575,30.0,0.5751,10.0
1753547103095,16:25:03.095,A/USDT:USDT,0.5749,746.0,0.5748,4371.0,0.575,30.0,0.5751,10.0
1753547103296,16:25:03.296,A/USDT:USDT,0.5749,746.0,0.5748,4371.0,0.575,30.0,0.5751,10.0
1753547103394,16:25:03.394,A/USDT:USDT,0.5749,746.0,0.5748,4371.0,0.575,30.0,0.5751,10.0
1753547103596,16:25:03.596,A/USDT:USDT,0.5749,1093.0,0.5748,4718.0,0.575,30.0,0.5751,10.0
1753547103694,16:25:03.694,A/USDT:USDT,0.5749,1141.0,0.5748,4718.0,0.575,30.0,0.5751,10.0
1753547103796,16:25:03.796,A/USDT:USDT,0.5749,794.0,0.5748,4718.0,0.575,30.0,0.5751,10.0
1753547103894,16:25:03.894,A/USDT:USDT,0.5749,746.0,0.5748,4718.0,0.575,30.0,0.5751,10.0
1753547104003,16:25:04.003,A/USDT:USDT,0.5749,1046.0,0.5748,5018.0,0.575,30.0,0.5751,10.0
1753547104394,16:25:04.394,A/USDT:USDT,0.5749,1046.0,0.5748,5018.0,0.575,30.0,0.5751,10.0
1753547104494,16:25:04.494,A/USDT:USDT,0.5749,1046.0,0.5748,5018.0,0.575,30.0,0.5751,10.0
1753547104595,16:25:04.595,A/USDT:USDT,0.5749,1093.0,0.5748,4970.0,0.575,30.0,0.5751,10.0
1753547104694,16:25:04.694,A/USDT:USDT,0.5749,746.0,0.5748,4970.0,0.575,30.0,0.5751,10.0
1753547104894,16:25:04.894,A/USDT:USDT,0.5749,746.0,0.5748,4970.0,0.575,30.0,0.5751,10.0
1753547105094,16:25:05.094,A/USDT:USDT,0.5749,746.0,0.5748,4970.0,0.575,30.0,0.5751,10.0
1753547105195,16:25:05.195,A/USDT:USDT,0.5749,746.0,0.5748,4275.0,0.575,145.0,0.5751,10.0
1753547105294,16:25:05.294,A/USDT:USDT,0.5749,399.0,0.5748,4241.0,0.575,187.0,0.5751,140.0
1753547105394,16:25:05.394,A/USDT:USDT,0.5749,399.0,0.5748,4241.0,0.575,187.0,0.5751,140.0
1753547105494,16:25:05.494,A/USDT:USDT,0.5749,399.0,0.5748,4241.0,0.575,187.0,0.5751,140.0
1753547105594,16:25:05.594,A/USDT:USDT,0.5749,399.0,0.5748,4241.0,0.575,187.0,0.5751,140.0
1753547105696,16:25:05.696,A/USDT:USDT,0.5749,399.0,0.5748,4241.0,0.575,187.0,0.5751,140.0
1753547105796,16:25:05.796,A/USDT:USDT,0.5749,399.0,0.5748,4241.0,0.575,187.0,0.5751,140.0
1753547105994,16:25:05.994,A/USDT:USDT,0.5749,399.0,0.5748,4241.0,0.575,187.0,0.5751,440.0
1753547106094,16:25:06.094,A/USDT:USDT,0.5749,399.0,0.5748,4241.0,0.575,204.0,0.5751,440.0
1753547106197,16:25:06.197,A/USDT:USDT,0.5749,399.0,0.5748,4241.0,0.575,300.0,0.5751,440.0
1753547106295,16:25:06.295,A/USDT:USDT,0.5749,12.0,0.5748,848.0,0.575,300.0,0.5751,1130.0
1753547106494,16:25:06.494,A/USDT:USDT,0.5749,12.0,0.5748,848.0,0.575,300.0,0.5751,1130.0
1753547106594,16:25:06.594,A/USDT:USDT,0.5749,12.0,0.5748,848.0,0.575,252.0,0.5751,1130.0
1753547106694,16:25:06.694,A/USDT:USDT,0.5749,12.0,0.5748,848.0,0.575,252.0,0.5751,1130.0
1753547106994,16:25:06.994,A/USDT:USDT,0.5749,12.0,0.5748,848.0,0.575,252.0,0.5751,1130.0
1753547107095,16:25:07.095,A/USDT:USDT,0.5749,12.0,0.5748,857.0,0.575,252.0,0.5751,1130.0
1753547107194,16:25:07.194,A/USDT:USDT,0.5749,12.0,0.5748,857.0,0.575,252.0,0.5751,1130.0
1753547107394,16:25:07.394,A/USDT:USDT,0.5749,12.0,0.5748,857.0,0.575,252.0,0.5751,1130.0
1753547107494,16:25:07.494,A/USDT:USDT,0.5749,12.0,0.5748,857.0,0.575,252.0,0.5751,1130.0
1753547107593,16:25:07.593,A/USDT:USDT,0.5749,12.0,0.5748,857.0,0.575,252.0,0.5751,1130.0
1753547107695,16:25:07.695,A/USDT:USDT,0.5749,12.0,0.5748,857.0,0.575,252.0,0.5751,1130.0
1753547107794,16:25:07.794,A/USDT:USDT,0.5749,12.0,0.5748,857.0,0.575,252.0,0.5751,1130.0
1753547107894,16:25:07.894,A/USDT:USDT,0.5749,12.0,0.5748,857.0,0.575,252.0,0.5751,1130.0
1753547108197,16:25:08.197,A/USDT:USDT,0.5749,12.0,0.5748,857.0,0.575,252.0,0.5751,1130.0
1753547108294,16:25:08.294,A/USDT:USDT,0.5749,12.0,0.5748,857.0,0.575,204.0,0.5751,1130.0
1753547108696,16:25:08.696,A/USDT:USDT,0.5749,22.0,0.5748,857.0,0.575,204.0,0.5751,1130.0
1753547108793,16:25:08.793,A/USDT:USDT,0.5749,22.0,0.5748,857.0,0.575,204.0,0.5751,1130.0
1753547109194,16:25:09.194,A/USDT:USDT,0.5749,22.0,0.5748,857.0,0.575,204.0,0.5751,1130.0
1753547109294,16:25:09.294,A/USDT:USDT,0.5749,22.0,0.5748,857.0,0.575,204.0,0.5751,1130.0
1753547109694,16:25:09.694,A/USDT:USDT,0.5749,22.0,0.5748,857.0,0.575,204.0,0.5751,1130.0
1753547109794,16:25:09.794,A/USDT:USDT,0.5749,22.0,0.5748,857.0,0.575,204.0,0.5751,1130.0
1753547109894,16:25:09.894,A/USDT:USDT,0.5749,22.0,0.5748,857.0,0.575,204.0,0.5751,1130.0
1753547110294,16:25:10.294,A/USDT:USDT,0.5749,22.0,0.5748,857.0,0.575,204.0,0.5751,1130.0
1753547110494,16:25:10.494,A/USDT:USDT,0.5749,22.0,0.5748,857.0,0.575,204.0,0.5751,1130.0
1753547110794,16:25:10.794,A/USDT:USDT,0.5749,22.0,0.5748,857.0,0.575,204.0,0.5751,1130.0
1753547110894,16:25:10.894,A/USDT:USDT,0.5749,22.0,0.5748,857.0,0.575,204.0,0.5751,1130.0
1753547111594,16:25:11.594,A/USDT:USDT,0.5749,22.0,0.5748,857.0,0.575,204.0,0.5751,1130.0
1753547111794,16:25:11.794,A/USDT:USDT,0.5749,38.0,0.5748,857.0,0.575,204.0,0.5751,1130.0
1753547111995,16:25:11.995,A/USDT:USDT,0.5749,38.0,0.5748,857.0,0.575,204.0,0.5751,1130.0
1753547112096,16:25:12.096,A/USDT:USDT,0.5749,38.0,0.5748,857.0,0.575,204.0,0.5751,1130.0
1753547112894,16:25:12.894,A/USDT:USDT,0.5749,38.0,0.5748,857.0,0.575,300.0,0.5751,1130.0
1753547113094,16:25:13.094,A/USDT:USDT,0.5749,38.0,0.5748,857.0,0.575,204.0,0.5751,1130.0
1753547113494,16:25:13.494,A/USDT:USDT,0.5749,38.0,0.5748,857.0,0.575,204.0,0.5751,1130.0
1753547113594,16:25:13.594,A/USDT:USDT,0.5749,38.0,0.5748,857.0,0.575,204.0,0.5751,1130.0
1753547113696,16:25:13.696,A/USDT:USDT,0.5749,38.0,0.5748,857.0,0.575,204.0,0.5751,1130.0
1753547114094,16:25:14.094,A/USDT:USDT,0.5749,38.0,0.5748,857.0,0.575,252.0,0.5751,1130.0
1753547114201,16:25:14.201,A/USDT:USDT,0.5749,38.0,0.5748,857.0,0.575,300.0,0.5751,1130.0
1753547114394,16:25:14.394,A/USDT:USDT,0.5749,38.0,0.5748,857.0,0.575,252.0,0.5751,1130.0
1753547114694,16:25:14.694,A/USDT:USDT,0.5749,38.0,0.5748,857.0,0.575,300.0,0.5751,1130.0
1753547114894,16:25:14.894,A/USDT:USDT,0.5749,38.0,0.5748,857.0,0.575,600.0,0.5751,2680.0
1753547115194,16:25:15.194,A/USDT:USDT,0.5749,38.0,0.5748,857.0,0.575,600.0,0.5751,2680.0
1753547115394,16:25:15.394,A/USDT:USDT,0.5749,38.0,0.5748,857.0,0.575,600.0,0.5751,2680.0
1753547115894,16:25:15.894,A/USDT:USDT,0.5749,38.0,0.5748,857.0,0.575,634.0,0.5751,2680.0
1753547116295,16:25:16.295,A/USDT:USDT,0.5749,38.0,0.5748,857.0,0.575,634.0,0.5751,2680.0
1753547116394,16:25:16.394,A/USDT:USDT,0.5749,38.0,0.5748,857.0,0.575,634.0,0.5751,2680.0
1753547117095,16:25:17.095,A/USDT:USDT,0.5749,38.0,0.5748,857.0,0.575,586.0,0.5751,2680.0
1753547117194,16:25:17.194,A/USDT:USDT,0.5749,38.0,0.5748,857.0,0.575,586.0,0.5751,2680.0
1753547117396,16:25:17.396,A/USDT:USDT,0.5749,38.0,0.5748,857.0,0.575,634.0,0.5751,2680.0
1753547117494,16:25:17.494,A/USDT:USDT,0.5749,38.0,0.5748,857.0,0.575,634.0,0.5751,2680.0
1753547117694,16:25:17.694,A/USDT:USDT,0.5749,38.0,0.5748,857.0,0.575,586.0,0.5751,2680.0
1753547117994,16:25:17.994,A/USDT:USDT,0.5749,38.0,0.5748,857.0,0.575,586.0,0.5751,2680.0
1753547118594,16:25:18.594,A/USDT:USDT,0.5749,38.0,0.5748,857.0,0.575,586.0,0.5751,2680.0
1753547119094,16:25:19.094,A/USDT:USDT,0.5749,38.0,0.5748,857.0,0.575,538.0,0.5751,2680.0
1753547119194,16:25:19.194,A/USDT:USDT,0.5749,38.0,0.5748,857.0,0.575,538.0,0.5751,2680.0
1753547119394,16:25:19.394,A/USDT:USDT,0.5749,38.0,0.5748,857.0,0.575,538.0,0.5751,2680.0
1753547119594,16:25:19.594,A/USDT:USDT,0.5749,38.0,0.5748,857.0,0.575,538.0,0.5751,2680.0
1753547119694,16:25:19.694,A/USDT:USDT,0.5749,38.0,0.5748,857.0,0.575,538.0,0.5751,2680.0
1753547119794,16:25:19.794,A/USDT:USDT,0.5749,38.0,0.5748,857.0,0.575,538.0,0.5751,2680.0
1753547120095,16:25:20.095,A/USDT:USDT,0.5749,38.0,0.5748,857.0,0.575,538.0,0.5751,2680.0
1753547120594,16:25:20.594,A/USDT:USDT,0.5749,38.0,0.5748,857.0,0.575,538.0,0.5751,2680.0
1753547120695,16:25:20.695,A/USDT:USDT,0.5749,38.0,0.5748,857.0,0.575,538.0,0.5751,2680.0
1753547121094,16:25:21.094,A/USDT:USDT,0.5749,38.0,0.5748,857.0,0.575,538.0,0.5751,2680.0
1753547121194,16:25:21.194,A/USDT:USDT,0.5749,38.0,0.5748,857.0,0.575,538.0,0.5751,2680.0
1753547121295,16:25:21.295,A/USDT:USDT,0.5749,38.0,0.5748,857.0,0.575,538.0,0.5751,2680.0
1753547121695,16:25:21.695,A/USDT:USDT,0.5749,38.0,0.5748,857.0,0.575,538.0,0.5751,2680.0
1753547121794,16:25:21.794,A/USDT:USDT,0.5749,38.0,0.5748,857.0,0.575,538.0,0.5751,2680.0
1753547121894,16:25:21.894,A/USDT:USDT,0.5749,38.0,0.5748,857.0,0.575,538.0,0.5751,2680.0
1753547122994,16:25:22.994,A/USDT:USDT,0.5749,38.0,0.5748,857.0,0.575,538.0,0.5751,2680.0
1753547123094,16:25:23.094,A/USDT:USDT,0.5749,38.0,0.5748,857.0,0.575,538.0,0.5751,2680.0
1753547123294,16:25:23.294,A/USDT:USDT,0.5749,41.0,0.5748,857.0,0.575,538.0,0.5751,2680.0
1753547123494,16:25:23.494,A/USDT:USDT,0.5749,41.0,0.5748,857.0,0.575,538.0,0.5751,2680.0
1753547123595,16:25:23.595,A/USDT:USDT,0.5749,41.0,0.5748,857.0,0.575,538.0,0.5751,2680.0
1753547123994,16:25:23.994,A/USDT:USDT,0.5749,41.0,0.5748,857.0,0.575,538.0,0.5751,2680.0
1753547124094,16:25:24.094,A/USDT:USDT,0.5749,41.0,0.5748,857.0,0.575,538.0,0.5751,2680.0
1753547124395,16:25:24.395,A/USDT:USDT,0.5749,41.0,0.5748,857.0,0.575,634.0,0.5751,2680.0
1753547124695,16:25:24.695,A/USDT:USDT,0.5748,18.0,0.5747,3946.0,0.5749,382.0,0.575,1353.0
1753547124794,16:25:24.794,A/USDT:USDT,0.5748,18.0,0.5747,3946.0,0.5749,382.0,0.575,1353.0
1753547124994,16:25:24.994,A/USDT:USDT,0.5748,18.0,0.5747,3946.0,0.5749,382.0,0.575,1353.0
1753547125095,16:25:25.095,A/USDT:USDT,0.5748,18.0,0.5747,3946.0,0.5749,399.0,0.575,1336.0
1753547125294,16:25:25.294,A/USDT:USDT,0.5748,18.0,0.5747,3946.0,0.5749,399.0,0.575,1336.0
1753547125495,16:25:25.495,A/USDT:USDT,0.5748,18.0,0.5747,3946.0,0.5749,399.0,0.575,1336.0
1753547125794,16:25:25.794,A/USDT:USDT,0.5748,18.0,0.5747,3946.0,0.5749,399.0,0.575,2143.0
1753547125994,16:25:25.994,A/USDT:USDT,0.5748,18.0,0.5747,3946.0,0.5749,399.0,0.575,2143.0
1753547126294,16:25:26.294,A/USDT:USDT,0.5748,18.0,0.5747,3946.0,0.5749,399.0,0.575,2143.0
1753547126395,16:25:26.395,A/USDT:USDT,0.5748,18.0,0.5747,3946.0,0.5749,351.0,0.575,2143.0
1753547126494,16:25:26.494,A/USDT:USDT,0.5748,18.0,0.5747,3946.0,0.5749,351.0,0.575,2143.0
1753547126595,16:25:26.595,A/USDT:USDT,0.5748,18.0,0.5747,3994.0,0.5749,351.0,0.575,2013.0
1753547126694,16:25:26.694,A/USDT:USDT,0.5748,18.0,0.5747,4028.0,0.5749,351.0,0.575,1713.0
1753547126794,16:25:26.794,A/USDT:USDT,0.5748,18.0,0.5747,4028.0,0.5749,351.0,0.575,1761.0
1753547126994,16:25:26.994,A/USDT:USDT,0.5748,18.0,0.5747,4028.0,0.5749,351.0,0.575,1809.0
1753547127094,16:25:27.094,A/USDT:USDT,0.5748,18.0,0.5747,4028.0,0.5749,351.0,0.575,1761.0
1753547127294,16:25:27.294,A/USDT:USDT,0.5748,18.0,0.5747,3980.0,0.5749,351.0,0.575,1809.0
1753547127394,16:25:27.394,A/USDT:USDT,0.5748,18.0,0.5747,3980.0,0.5749,351.0,0.575,1809.0
1753547127495,16:25:27.495,A/USDT:USDT,0.5748,18.0,0.5747,3980.0,0.5749,351.0,0.575,1809.0
1753547127595,16:25:27.595,A/USDT:USDT,0.5748,18.0,0.5747,4028.0,0.5749,351.0,0.575,1761.0
1753547127894,16:25:27.894,A/USDT:USDT,0.5748,18.0,0.5747,4028.0,0.5749,351.0,0.575,1761.0
1753547127996,16:25:27.996,A/USDT:USDT,0.5748,18.0,0.5747,4028.0,0.5749,351.0,0.575,1761.0
1753547128095,16:25:28.095,A/USDT:USDT,0.5748,310.0,0.5747,4076.0,0.5749,179.0,0.575,221.0
1753547128208,16:25:28.208,A/USDT:USDT,0.5748,310.0,0.5747,4076.0,0.5749,179.0,0.575,221.0
1753547128495,16:25:28.495,A/USDT:USDT,0.5748,899.0,0.5747,5204.0,0.5749,179.0,0.575,221.0
1753547128595,16:25:28.595,A/USDT:USDT,0.5748,552.0,0.5747,5204.0,0.5749,179.0,0.575,221.0
1753547128694,16:25:28.694,A/USDT:USDT,0.5748,852.0,0.5747,5504.0,0.5749,179.0,0.575,221.0
1753547128894,16:25:28.894,A/USDT:USDT,0.5748,852.0,0.5747,5504.0,0.5749,179.0,0.575,221.0
1753547128995,16:25:28.995,A/USDT:USDT,0.5748,852.0,0.5747,5504.0,0.5749,179.0,0.575,221.0
1753547129194,16:25:29.194,A/USDT:USDT,0.5748,1192.0,0.5747,5163.0,0.5749,162.0,0.575,221.0
1753547129494,16:25:29.494,A/USDT:USDT,0.5748,1192.0,0.5747,4729.0,0.5749,162.0,0.575,221.0
1753547129596,16:25:29.596,A/USDT:USDT,0.5748,1144.0,0.5747,4729.0,0.5749,162.0,0.575,221.0
1753547129697,16:25:29.697,A/USDT:USDT,0.5748,1144.0,0.5747,4382.0,0.5749,162.0,0.575,221.0
1753547129795,16:25:29.795,A/USDT:USDT,0.5748,497.0,0.5747,3939.0,0.5749,277.0,0.575,351.0
1753547129996,16:25:29.996,A/USDT:USDT,0.5748,497.0,0.5747,3605.0,0.5749,277.0,0.575,351.0
1753547130094,16:25:30.094,A/USDT:USDT,0.5748,497.0,0.5747,3605.0,0.5749,277.0,0.575,351.0
1753547130295,16:25:30.295,A/USDT:USDT,0.5748,497.0,0.5747,3639.0,0.5749,277.0,0.575,351.0
1753547130394,16:25:30.394,A/USDT:USDT,0.5748,497.0,0.5747,3639.0,0.5749,277.0,0.575,351.0
1753547130494,16:25:30.494,A/USDT:USDT,0.5748,497.0,0.5747,3639.0,0.5749,277.0,0.575,317.0
1753547130594,16:25:30.594,A/USDT:USDT,0.5748,497.0,0.5747,3639.0,0.5749,277.0,0.575,317.0
1753547130794,16:25:30.794,A/USDT:USDT,0.5748,497.0,0.5747,3639.0,0.5749,277.0,0.575,317.0
1753547130894,16:25:30.894,A/USDT:USDT,0.5748,497.0,0.5747,3639.0,0.5749,277.0,0.575,317.0
1753547130994,16:25:30.994,A/USDT:USDT,0.5748,497.0,0.5747,3639.0,0.5749,277.0,0.575,317.0
1753547131194,16:25:31.194,A/USDT:USDT,0.5748,497.0,0.5747,3639.0,0.5749,277.0,0.575,317.0
1753547131294,16:25:31.294,A/USDT:USDT,0.5748,497.0,0.5747,3687.0,0.5749,277.0,0.575,269.0
1753547131394,16:25:31.394,A/USDT:USDT,0.5748,497.0,0.5747,3687.0,0.5749,277.0,0.575,269.0
1753547131494,16:25:31.494,A/USDT:USDT,0.5748,497.0,0.5747,3639.0,0.5749,277.0,0.575,317.0
1753547131695,16:25:31.695,A/USDT:USDT,0.5748,497.0,0.5747,3639.0,0.5749,277.0,0.575,317.0
1753547131894,16:25:31.894,A/USDT:USDT,0.5748,497.0,0.5747,3687.0,0.5749,277.0,0.575,317.0
1753547132198,16:25:32.198,A/USDT:USDT,0.5748,497.0,0.5747,3687.0,0.5749,277.0,0.575,269.0
1753547132295,16:25:32.295,A/USDT:USDT,0.5748,497.0,0.5747,3687.0,0.5749,277.0,0.575,221.0
1753547132394,16:25:32.394,A/USDT:USDT,0.5748,497.0,0.5747,3687.0,0.5749,277.0,0.575,269.0
1753547132694,16:25:32.694,A/USDT:USDT,0.5748,497.0,0.5747,3687.0,0.5749,277.0,0.575,269.0
1753547132796,16:25:32.796,A/USDT:USDT,0.5748,497.0,0.5747,3639.0,0.5749,277.0,0.575,269.0
1753547133494,16:25:33.494,A/USDT:USDT,0.5748,497.0,0.5747,3735.0,0.5749,277.0,0.575,221.0
1753547133793,16:25:33.793,A/USDT:USDT,0.5748,497.0,0.5747,3735.0,0.5749,277.0,0.575,221.0
1753547134094,16:25:34.094,A/USDT:USDT,0.5748,497.0,0.5747,3735.0,0.5749,294.0,0.575,255.0
1753547135094,16:25:35.094,A/USDT:USDT,0.5748,497.0,0.5747,3735.0,0.5749,277.0,0.575,221.0
1753547135594,16:25:35.594,A/USDT:USDT,0.5748,497.0,0.5747,3735.0,0.5749,277.0,0.575,235.0
1753547135994,16:25:35.994,A/USDT:USDT,0.5748,497.0,0.5747,3605.0,0.5749,277.0,0.575,317.0
1753547136094,16:25:36.094,A/USDT:USDT,0.5748,497.0,0.5747,3605.0,0.5749,294.0,0.575,317.0
1753547136594,16:25:36.594,A/USDT:USDT,0.5748,497.0,0.5747,3605.0,0.5749,294.0,0.575,977.0
1753547136694,16:25:36.694,A/USDT:USDT,0.5748,497.0,0.5747,3605.0,0.5749,294.0,0.575,977.0
1753547136794,16:25:36.794,A/USDT:USDT,0.5748,497.0,0.5747,3605.0,0.5749,294.0,0.575,977.0
1753547136894,16:25:36.894,A/USDT:USDT,0.5748,497.0,0.5747,3605.0,0.5749,294.0,0.575,977.0
1753547137194,16:25:37.194,A/USDT:USDT,0.5748,497.0,0.5747,3605.0,0.5749,294.0,0.575,977.0
1753547137295,16:25:37.295,A/USDT:USDT,0.5748,497.0,0.5747,3687.0,0.5749,294.0,0.575,929.0
1753547137394,16:25:37.394,A/USDT:USDT,0.5748,497.0,0.5747,3687.0,0.5749,294.0,0.575,929.0
1753547137894,16:25:37.894,A/USDT:USDT,0.5748,497.0,0.5747,3687.0,0.5749,294.0,0.575,977.0
1753547138494,16:25:38.494,A/USDT:USDT,0.5748,358.0,0.5747,3639.0,0.5749,294.0,0.575,1025.0
1753547138594,16:25:38.594,A/USDT:USDT,0.5748,358.0,0.5747,3639.0,0.5749,294.0,0.575,1325.0
1753547139495,16:25:39.495,A/USDT:USDT,0.5748,358.0,0.5747,3605.0,0.5749,342.0,0.575,1325.0
1753547139695,16:25:39.695,A/USDT:USDT,0.5748,358.0,0.5747,3605.0,0.5749,294.0,0.575,1325.0
1753547139794,16:25:39.794,A/USDT:USDT,0.5748,358.0,0.5747,3605.0,0.5749,294.0,0.575,1325.0
1753547139896,16:25:39.896,A/USDT:USDT,0.5748,358.0,0.5747,3605.0,0.5749,294.0,0.575,1325.0
1753547139994,16:25:39.994,A/USDT:USDT,0.5748,358.0,0.5747,3605.0,0.5749,294.0,0.575,1325.0
1753547140094,16:25:40.094,A/USDT:USDT,0.5748,358.0,0.5747,3605.0,0.5749,1050.0,0.575,2132.0
1753547140202,16:25:40.202,A/USDT:USDT,0.5748,358.0,0.5747,3605.0,0.5749,1050.0,0.575,2132.0
1753547140303,16:25:40.303,A/USDT:USDT,0.5748,358.0,0.5747,3605.0,0.5749,1050.0,0.575,2132.0
1753547140394,16:25:40.394,A/USDT:USDT,0.5748,358.0,0.5747,3605.0,0.5749,1050.0,0.575,2132.0
1753547140596,16:25:40.596,A/USDT:USDT,0.5748,358.0,0.5747,3605.0,0.5749,1050.0,0.575,2132.0
1753547142197,16:25:42.197,A/USDT:USDT,0.5748,358.0,0.5747,3605.0,0.5749,1050.0,0.575,2132.0
1753547142394,16:25:42.394,A/USDT:USDT,0.5748,358.0,0.5747,3639.0,0.5749,1002.0,0.575,2132.0
1753547142494,16:25:42.494,A/USDT:USDT,0.5748,358.0,0.5747,3639.0,0.5749,1002.0,0.575,2132.0
1753547142896,16:25:42.896,A/USDT:USDT,0.5748,358.0,0.5747,3639.0,0.5749,1002.0,0.575,2132.0
1753547142994,16:25:42.994,A/USDT:USDT,0.5748,358.0,0.5747,3639.0,0.5749,1002.0,0.575,2132.0
1753547143194,16:25:43.194,A/USDT:USDT,0.5748,358.0,0.5747,3605.0,0.5749,1050.0,0.575,2132.0
1753547143394,16:25:43.394,A/USDT:USDT,0.5748,358.0,0.5747,3605.0,0.5749,1050.0,0.575,2132.0
1753547143594,16:25:43.594,A/USDT:USDT,0.5748,358.0,0.5747,3605.0,0.5749,1050.0,0.575,2132.0
1753547143994,16:25:43.994,A/USDT:USDT,0.5748,358.0,0.5747,3605.0,0.5749,1050.0,0.575,2132.0
1753547144094,16:25:44.094,A/USDT:USDT,0.5748,358.0,0.5747,3605.0,0.5749,1050.0,0.575,2132.0
1753547144202,16:25:44.202,A/USDT:USDT,0.5748,358.0,0.5747,3639.0,0.5749,1050.0,0.575,2132.0
1753547144294,16:25:44.294,A/USDT:USDT,0.5748,358.0,0.5747,3639.0,0.5749,1050.0,0.575,2132.0
1753547144494,16:25:44.494,A/USDT:USDT,0.5748,358.0,0.5747,3605.0,0.5749,1050.0,0.575,2132.0
1753547144593,16:25:44.593,A/USDT:USDT,0.5748,358.0,0.5747,3605.0,0.5749,1050.0,0.575,2132.0
1753547144907,16:25:44.907,A/USDT:USDT,0.5748,369.0,0.5747,3605.0,0.5749,1050.0,0.575,2132.0
1753547145094,16:25:45.094,A/USDT:USDT,0.5748,369.0,0.5747,3605.0,0.5749,1050.0,0.575,2132.0
1753547145194,16:25:45.194,A/USDT:USDT,0.5748,369.0,0.5747,3605.0,0.5749,1050.0,0.575,2132.0
1753547145295,16:25:45.295,A/USDT:USDT,0.5748,369.0,0.5747,3605.0,0.5749,1050.0,0.575,2132.0
1753547145594,16:25:45.594,A/USDT:USDT,0.5748,369.0,0.5747,3605.0,0.5749,1050.0,0.575,2132.0
1753547145695,16:25:45.695,A/USDT:USDT,0.5748,369.0,0.5747,3639.0,0.5749,1050.0,0.575,2132.0
1753547145794,16:25:45.794,A/USDT:USDT,0.5748,369.0,0.5747,3639.0,0.5749,1050.0,0.575,2132.0
1753547145894,16:25:45.894,A/USDT:USDT,0.5748,369.0,0.5747,3639.0,0.5749,1050.0,0.575,2132.0
1753547146295,16:25:46.295,A/USDT:USDT,0.5748,369.0,0.5747,365.0,0.5749,1050.0,0.575,2132.0
1753547146394,16:25:46.394,A/USDT:USDT,0.5748,369.0,0.5747,365.0,0.5749,1050.0,0.575,2132.0
1753547146794,16:25:46.794,A/USDT:USDT,0.5748,369.0,0.5747,365.0,0.5749,1050.0,0.575,2132.0
1753547146895,16:25:46.895,A/USDT:USDT,0.5748,369.0,0.5747,365.0,0.5749,1050.0,0.575,2132.0
1753547147195,16:25:47.195,A/USDT:USDT,0.5747,10.0,0.5746,8912.0,0.5748,569.0,0.5749,1185.0
1753547147394,16:25:47.394,A/USDT:USDT,0.5747,10.0,0.5746,7828.0,0.5748,1230.0,0.5749,1608.0
1753547147894,16:25:47.894,A/USDT:USDT,0.5747,10.0,0.5746,8333.0,0.5748,1182.0,0.5749,1608.0
1753547147994,16:25:47.994,A/USDT:USDT,0.5747,10.0,0.5746,8333.0,0.5748,1182.0,0.5749,1608.0
1753547148096,16:25:48.096,A/USDT:USDT,0.5747,10.0,0.5746,8299.0,0.5748,1247.0,0.5749,1591.0
1753547148194,16:25:48.194,A/USDT:USDT,0.5747,10.0,0.5746,8299.0,0.5748,1247.0,0.5749,1591.0
1753547148295,16:25:48.295,A/USDT:USDT,0.5747,10.0,0.5746,8299.0,0.5748,1199.0,0.5749,1591.0
1753547148394,16:25:48.394,A/USDT:USDT,0.5747,10.0,0.5746,8299.0,0.5748,1199.0,0.5749,1591.0
1753547148494,16:25:48.494,A/USDT:USDT,0.5747,10.0,0.5746,8299.0,0.5748,1247.0,0.5749,1591.0
1753547148695,16:25:48.695,A/USDT:USDT,0.5747,10.0,0.5746,8299.0,0.5748,1151.0,0.5749,1591.0
1753547148994,16:25:48.994,A/USDT:USDT,0.5747,10.0,0.5746,8299.0,0.5748,1199.0,0.5749,1591.0
1753547149395,16:25:49.395,A/USDT:USDT,0.5747,10.0,0.5746,8299.0,0.5748,1151.0,0.5749,1591.0
1753547149494,16:25:49.494,A/USDT:USDT,0.5747,10.0,0.5746,8299.0,0.5748,1151.0,0.5749,1591.0
1753547149594,16:25:49.594,A/USDT:USDT,0.5747,10.0,0.5746,8299.0,0.5748,1151.0,0.5749,1591.0
1753547149994,16:25:49.994,A/USDT:USDT,0.5747,10.0,0.5746,8299.0,0.5748,1151.0,0.5749,1591.0
1753547150199,16:25:50.199,A/USDT:USDT,0.5747,10.0,0.5746,8299.0,0.5748,1199.0,0.5749,1591.0
1753547150594,16:25:50.594,A/USDT:USDT,0.5747,10.0,0.5746,8299.0,0.5748,1151.0,0.5749,1591.0
1753547150694,16:25:50.694,A/USDT:USDT,0.5747,10.0,0.5746,8299.0,0.5748,1151.0,0.5749,1591.0
1753547150894,16:25:50.894,A/USDT:USDT,0.5747,10.0,0.5746,8299.0,0.5748,1151.0,0.5749,1591.0
1753547151094,16:25:51.094,A/USDT:USDT,0.5747,10.0,0.5746,8299.0,0.5748,1151.0,0.5749,1591.0
1753547151194,16:25:51.194,A/USDT:USDT,0.5747,10.0,0.5746,8299.0,0.5748,1151.0,0.5749,1591.0
1753547151294,16:25:51.294,A/USDT:USDT,0.5747,10.0,0.5746,8299.0,0.5748,1151.0,0.5749,1591.0
1753547151594,16:25:51.594,A/USDT:USDT,0.5747,10.0,0.5746,8299.0,0.5748,1151.0,0.5749,1591.0
1753547151694,16:25:51.694,A/USDT:USDT,0.5747,10.0,0.5746,8299.0,0.5748,1151.0,0.5749,1591.0
1753547151794,16:25:51.794,A/USDT:USDT,0.5747,10.0,0.5746,7828.0,0.5748,1199.0,0.5749,1591.0
1753547151893,16:25:51.893,A/USDT:USDT,0.5747,10.0,0.5746,7828.0,0.5748,1199.0,0.5749,1591.0
1753547151994,16:25:51.994,A/USDT:USDT,0.5747,10.0,0.5746,7828.0,0.5748,1199.0,0.5749,1591.0
1753547152095,16:25:52.095,A/USDT:USDT,0.5747,10.0,0.5746,7828.0,0.5748,1199.0,0.5749,1591.0
1753547152197,16:25:52.197,A/USDT:USDT,0.5747,10.0,0.5746,7828.0,0.5748,1151.0,0.5749,1591.0
1753547152298,16:25:52.298,A/USDT:USDT,0.5747,10.0,0.5746,7828.0,0.5748,1151.0,0.5749,1591.0
1753547152494,16:25:52.494,A/USDT:USDT,0.5747,10.0,0.5746,7828.0,0.5748,1151.0,0.5749,1591.0
1753547152894,16:25:52.894,A/USDT:USDT,0.5747,10.0,0.5746,7828.0,0.5748,1151.0,0.5749,1591.0
1753547153094,16:25:53.094,A/USDT:USDT,0.5747,10.0,0.5746,7828.0,0.5748,1151.0,0.5749,1591.0
1753547153494,16:25:53.494,A/USDT:USDT,0.5747,10.0,0.5746,7862.0,0.5748,1151.0,0.5749,1557.0
1753547153594,16:25:53.594,A/USDT:USDT,0.5747,10.0,0.5746,8347.0,0.5748,1151.0,0.5749,1557.0
1753547153796,16:25:53.796,A/USDT:USDT,0.5747,10.0,0.5746,8347.0,0.5748,1151.0,0.5749,1591.0
1753547153994,16:25:53.994,A/USDT:USDT,0.5747,10.0,0.5746,7828.0,0.5748,1199.0,0.5749,1591.0
1753547154094,16:25:54.094,A/USDT:USDT,0.5747,10.0,0.5746,7828.0,0.5748,1199.0,0.5749,1591.0
1753547154294,16:25:54.294,A/USDT:USDT,0.5747,10.0,0.5746,7828.0,0.5748,1199.0,0.5749,1591.0
1753547154395,16:25:54.395,A/USDT:USDT,0.5747,10.0,0.5746,7828.0,0.5748,1199.0,0.5749,1591.0
1753547154494,16:25:54.494,A/USDT:USDT,0.5747,10.0,0.5746,8381.0,0.5748,1151.0,0.5749,1509.0
1753547154696,16:25:54.696,A/USDT:USDT,0.5747,10.0,0.5746,8333.0,0.5748,1151.0,0.5749,1557.0
1753547154794,16:25:54.794,A/USDT:USDT,0.5747,10.0,0.5746,8333.0,0.5748,1151.0,0.5749,1557.0
1753547155594,16:25:55.594,A/USDT:USDT,0.5747,10.0,0.5746,8333.0,0.5748,1151.0,0.5749,1557.0
1753547155694,16:25:55.694,A/USDT:USDT,0.5747,10.0,0.5746,8333.0,0.5748,1151.0,0.5749,1557.0
1753547155794,16:25:55.794,A/USDT:USDT,0.5747,10.0,0.5746,8299.0,0.5748,1199.0,0.5749,1591.0
1753547155995,16:25:55.995,A/USDT:USDT,0.5747,10.0,0.5746,8299.0,0.5748,1199.0,0.5749,1591.0
1753547156198,16:25:56.198,A/USDT:USDT,0.5747,10.0,0.5746,8333.0,0.5748,1199.0,0.5749,1591.0
1753547156794,16:25:56.794,A/USDT:USDT,0.5747,10.0,0.5746,8299.0,0.5748,1199.0,0.5749,1591.0
1753547156895,16:25:56.895,A/USDT:USDT,0.5747,10.0,0.5746,8299.0,0.5748,1199.0,0.5749,1591.0
1753547157294,16:25:57.294,A/USDT:USDT,0.5747,10.0,0.5746,8299.0,0.5748,1199.0,0.5749,1591.0
1753547157494,16:25:57.494,A/USDT:USDT,0.5747,10.0,0.5746,8333.0,0.5748,1151.0,0.5749,1557.0
1753547157596,16:25:57.596,A/USDT:USDT,0.5747,10.0,0.5746,8333.0,0.5748,1161.0,0.5749,1557.0
1753547157894,16:25:57.894,A/USDT:USDT,0.5747,10.0,0.5746,8333.0,0.5748,1161.0,0.5749,1557.0
1753547157996,16:25:57.996,A/USDT:USDT,0.5747,10.0,0.5746,8333.0,0.5748,1161.0,0.5749,1557.0
1753547158294,16:25:58.294,A/USDT:USDT,0.5747,10.0,0.5746,8333.0,0.5748,1161.0,0.5749,1557.0
1753547158394,16:25:58.394,A/USDT:USDT,0.5747,10.0,0.5746,8333.0,0.5748,1161.0,0.5749,1557.0
1753547158494,16:25:58.494,A/USDT:USDT,0.5747,10.0,0.5746,8333.0,0.5748,1161.0,0.5749,1557.0
1753547158994,16:25:58.994,A/USDT:USDT,0.5747,10.0,0.5746,8333.0,0.5748,1161.0,0.5749,1557.0
1753547159095,16:25:59.095,A/USDT:USDT,0.5747,10.0,0.5746,8333.0,0.5748,1144.0,0.5749,1557.0
1753547159495,16:25:59.495,A/USDT:USDT,0.5747,10.0,0.5746,8333.0,0.5748,1144.0,0.5749,1591.0
1753547159594,16:25:59.594,A/USDT:USDT,0.5747,10.0,0.5746,8299.0,0.5748,1192.0,0.5749,1591.0
1753547160094,16:26:00.094,A/USDT:USDT,0.5747,10.0,0.5746,8299.0,0.5748,1192.0,0.5749,1591.0
1753547160202,16:26:00.202,A/USDT:USDT,0.5747,10.0,0.5746,8299.0,0.5748,1192.0,0.5749,1591.0
1753547160295,16:26:00.295,A/USDT:USDT,0.5747,10.0,0.5746,8331.0,0.5748,1192.0,0.5749,1591.0
1753547160494,16:26:00.494,A/USDT:USDT,0.5747,10.0,0.5746,8331.0,0.5748,1192.0,0.5749,1591.0
1753547160894,16:26:00.894,A/USDT:USDT,0.5747,10.0,0.5746,8331.0,0.5748,1192.0,0.5749,1591.0
1753547161194,16:26:01.194,A/USDT:USDT,0.5747,10.0,0.5746,8331.0,0.5748,1192.0,0.5749,1591.0
1753547161495,16:26:01.495,A/USDT:USDT,0.5747,10.0,0.5746,8299.0,0.5748,1192.0,0.5749,1591.0
1753547161695,16:26:01.695,A/USDT:USDT,0.5747,10.0,0.5746,8299.0,0.5748,1192.0,0.5749,1591.0
1753547161794,16:26:01.794,A/USDT:USDT,0.5747,10.0,0.5746,8299.0,0.5748,1192.0,0.5749,1591.0
1753547162394,16:26:02.394,A/USDT:USDT,0.5747,10.0,0.5746,8299.0,0.5748,1144.0,0.5749,1591.0
1753547162494,16:26:02.494,A/USDT:USDT,0.5747,10.0,0.5746,8331.0,0.5748,1144.0,0.5749,1591.0
1753547162594,16:26:02.594,A/USDT:USDT,0.5747,10.0,0.5746,8379.0,0.5748,483.0,0.5749,1509.0
1753547162695,16:26:02.695,A/USDT:USDT,0.5747,10.0,0.5746,8379.0,0.5748,483.0,0.5749,1557.0
1753547162795,16:26:02.795,A/USDT:USDT,0.5747,10.0,0.5746,8379.0,0.5748,483.0,0.5749,1557.0
1753547163094,16:26:03.094,A/USDT:USDT,0.5747,10.0,0.5746,8299.0,0.5748,483.0,0.5749,1589.0
1753547163394,16:26:03.394,A/USDT:USDT,0.5747,10.0,0.5746,8299.0,0.5748,483.0,0.5749,1589.0
1753547163495,16:26:03.495,A/USDT:USDT,0.5747,10.0,0.5746,8299.0,0.5748,531.0,0.5749,1589.0
1753547163710,16:26:03.710,A/USDT:USDT,0.5747,10.0,0.5746,8102.0,0.5748,579.0,0.5749,1589.0
1753547163794,16:26:03.794,A/USDT:USDT,0.5747,10.0,0.5746,8102.0,0.5748,579.0,0.5749,1589.0
1753547163894,16:26:03.894,A/USDT:USDT,0.5747,10.0,0.5746,8102.0,0.5748,744.0,0.5749,1589.0
1753547163994,16:26:03.994,A/USDT:USDT,0.5747,10.0,0.5746,7631.0,0.5748,1398.0,0.5749,2458.0
1753547164197,16:26:04.197,A/USDT:USDT,0.5746,19.0,0.5745,1128.0,0.5747,382.0,0.5748,2211.0
1753547164295,16:26:04.295,A/USDT:USDT,0.5746,19.0,0.5745,1128.0,0.5747,382.0,0.5748,2211.0
1753547164494,16:26:04.494,A/USDT:USDT,0.5746,19.0,0.5745,778.0,0.5747,382.0,0.5748,2211.0
1753547164595,16:26:04.595,A/USDT:USDT,0.5746,19.0,0.5745,778.0,0.5747,382.0,0.5748,2211.0
1753547164794,16:26:04.794,A/USDT:USDT,0.5746,19.0,0.5745,778.0,0.5747,1084.0,0.5748,2211.0
1753547164896,16:26:04.896,A/USDT:USDT,0.5745,10.0,0.5744,2369.0,0.5746,569.0,0.5747,796.0
1753547164995,16:26:04.995,A/USDT:USDT,0.5745,10.0,0.5744,1250.0,0.5746,569.0,0.5747,1410.0
1753547165096,16:26:05.096,A/USDT:USDT,0.5745,10.0,0.5744,1250.0,0.5746,569.0,0.5747,1410.0
1753547165194,16:26:05.194,A/USDT:USDT,0.5745,10.0,0.5744,1250.0,0.5746,569.0,0.5747,1410.0
1753547165396,16:26:05.396,A/USDT:USDT,0.5745,10.0,0.5744,1250.0,0.5746,569.0,0.5747,1410.0
1753547165496,16:26:05.496,A/USDT:USDT,0.5745,10.0,0.5744,1250.0,0.5746,569.0,0.5747,1410.0
1753547165594,16:26:05.594,A/USDT:USDT,0.5745,10.0,0.5744,1250.0,0.5746,569.0,0.5747,1410.0
1753547165794,16:26:05.794,A/USDT:USDT,0.5745,10.0,0.5744,1250.0,0.5746,569.0,0.5747,1410.0
1753547166199,16:26:06.199,A/USDT:USDT,0.5745,10.0,0.5744,1250.0,0.5746,569.0,0.5747,1410.0
1753547166294,16:26:06.294,A/USDT:USDT,0.5745,10.0,0.5744,1250.0,0.5746,569.0,0.5747,1410.0
1753547166396,16:26:06.396,A/USDT:USDT,0.5745,10.0,0.5744,1250.0,0.5746,569.0,0.5747,1410.0
1753547166494,16:26:06.494,A/USDT:USDT,0.5745,10.0,0.5744,1250.0,0.5746,569.0,0.5747,1410.0
1753547166696,16:26:06.696,A/USDT:USDT,0.5745,10.0,0.5744,1250.0,0.5746,569.0,0.5747,1410.0
1753547166794,16:26:06.794,A/USDT:USDT,0.5745,10.0,0.5744,1250.0,0.5746,569.0,0.5747,1410.0
1753547166896,16:26:06.896,A/USDT:USDT,0.5745,10.0,0.5744,1250.0,0.5746,569.0,0.5747,1410.0
1753547167094,16:26:07.094,A/USDT:USDT,0.5745,10.0,0.5744,1250.0,0.5746,521.0,0.5747,1410.0
1753547167194,16:26:07.194,A/USDT:USDT,0.5745,10.0,0.5744,1250.0,0.5746,521.0,0.5747,1410.0
1753547167294,16:26:07.294,A/USDT:USDT,0.5745,10.0,0.5744,1250.0,0.5746,521.0,0.5747,1410.0
1753547167394,16:26:07.394,A/USDT:USDT,0.5745,10.0,0.5744,1250.0,0.5746,521.0,0.5747,1410.0
1753547167795,16:26:07.795,A/USDT:USDT,0.5745,10.0,0.5744,1250.0,0.5746,569.0,0.5747,1410.0
1753547167894,16:26:07.894,A/USDT:USDT,0.5745,10.0,0.5744,1250.0,0.5746,569.0,0.5747,1410.0
1753547167995,16:26:07.995,A/USDT:USDT,0.5745,10.0,0.5744,1250.0,0.5746,473.0,0.5747,1410.0
1753547168096,16:26:08.096,A/USDT:USDT,0.5745,10.0,0.5744,1250.0,0.5746,569.0,0.5747,1410.0
1753547168295,16:26:08.295,A/USDT:USDT,0.5745,10.0,0.5744,1250.0,0.5746,569.0,0.5747,1710.0
1753547168394,16:26:08.394,A/USDT:USDT,0.5745,10.0,0.5744,1250.0,0.5746,569.0,0.5747,1710.0
1753547168495,16:26:08.495,A/USDT:USDT,0.5745,10.0,0.5744,1250.0,0.5746,569.0,0.5747,1710.0
1753547168600,16:26:08.600,A/USDT:USDT,0.5745,10.0,0.5744,1250.0,0.5746,521.0,0.5747,1710.0
1753547168794,16:26:08.794,A/USDT:USDT,0.5745,10.0,0.5744,1250.0,0.5746,521.0,0.5747,1710.0
1753547168894,16:26:08.894,A/USDT:USDT,0.5745,10.0,0.5744,1250.0,0.5746,521.0,0.5747,1710.0
1753547168995,16:26:08.995,A/USDT:USDT,0.5745,10.0,0.5744,1250.0,0.5746,608.0,0.5747,1710.0
1753547169194,16:26:09.194,A/USDT:USDT,0.5745,10.0,0.5744,1250.0,0.5746,608.0,0.5747,1710.0
1753547169295,16:26:09.295,A/USDT:USDT,0.5745,10.0,0.5744,1250.0,0.5746,569.0,0.5747,1710.0
1753547169394,16:26:09.394,A/USDT:USDT,0.5745,10.0,0.5744,1250.0,0.5746,560.0,0.5747,1710.0
1753547169995,16:26:09.995,A/USDT:USDT,0.5745,10.0,0.5744,1250.0,0.5746,560.0,0.5747,1710.0
1753547170096,16:26:10.096,A/USDT:USDT,0.5745,10.0,0.5744,1298.0,0.5746,560.0,0.5747,1710.0
1753547170194,16:26:10.194,A/USDT:USDT,0.5745,10.0,0.5744,1330.0,0.5746,560.0,0.5747,1282.0
1753547170595,16:26:10.595,A/USDT:USDT,0.5745,10.0,0.5744,1250.0,0.5746,560.0,0.5747,1410.0
1753547171394,16:26:11.394,A/USDT:USDT,0.5745,27.0,0.5744,1298.0,0.5746,560.0,0.5747,1378.0
1753547171494,16:26:11.494,A/USDT:USDT,0.5745,27.0,0.5744,1298.0,0.5746,560.0,0.5747,1378.0
1753547171594,16:26:11.594,A/USDT:USDT,0.5745,27.0,0.5744,1250.0,0.5746,560.0,0.5747,1378.0
1753547171694,16:26:11.694,A/USDT:USDT,0.5745,27.0,0.5744,1250.0,0.5746,560.0,0.5747,1410.0
1753547171894,16:26:11.894,A/USDT:USDT,0.5745,27.0,0.5744,1250.0,0.5746,560.0,0.5747,1410.0
1753547172295,16:26:12.295,A/USDT:USDT,0.5745,10.0,0.5744,1250.0,0.5746,560.0,0.5747,1410.0
1753547172794,16:26:12.794,A/USDT:USDT,0.5745,10.0,0.5744,1250.0,0.5746,560.0,0.5747,1410.0
1753547173095,16:26:13.095,A/USDT:USDT,0.5745,10.0,0.5744,1250.0,0.5746,560.0,0.5747,1410.0
1753547173494,16:26:13.494,A/USDT:USDT,0.5745,10.0,0.5744,1282.0,0.5746,560.0,0.5747,1410.0
1753547173794,16:26:13.794,A/USDT:USDT,0.5745,10.0,0.5744,1250.0,0.5746,608.0,0.5747,1410.0
1753547173995,16:26:13.995,A/USDT:USDT,0.5745,10.0,0.5744,1298.0,0.5746,421.0,0.5747,1282.0
1753547174594,16:26:14.594,A/USDT:USDT,0.5745,10.0,0.5744,1298.0,0.5746,421.0,0.5747,1314.0
1753547174694,16:26:14.694,A/USDT:USDT,0.5745,10.0,0.5744,1298.0,0.5746,421.0,0.5747,1282.0
1753547174794,16:26:14.794,A/USDT:USDT,0.5745,10.0,0.5744,1250.0,0.5746,421.0,0.5747,1362.0
1753547174894,16:26:14.894,A/USDT:USDT,0.5745,10.0,0.5744,1250.0,0.5746,421.0,0.5747,1362.0
1753547174995,16:26:14.995,A/USDT:USDT,0.5745,10.0,0.5744,1250.0,0.5746,421.0,0.5747,1410.0
1753547175394,16:26:15.394,A/USDT:USDT,0.5745,10.0,0.5744,1298.0,0.5746,421.0,0.5747,1282.0
1753547175594,16:26:15.594,A/USDT:USDT,0.5745,10.0,0.5744,1298.0,0.5746,421.0,0.5747,1282.0
1753547175694,16:26:15.694,A/USDT:USDT,0.5745,10.0,0.5744,1298.0,0.5746,421.0,0.5747,1362.0
1753547176594,16:26:16.594,A/USDT:USDT,0.5745,10.0,0.5744,1298.0,0.5746,421.0,0.5747,1362.0
1753547176694,16:26:16.694,A/USDT:USDT,0.5745,10.0,0.5744,1298.0,0.5746,421.0,0.5747,1362.0
1753547176794,16:26:16.794,A/USDT:USDT,0.5745,10.0,0.5744,1298.0,0.5746,421.0,0.5747,1314.0
1753547176994,16:26:16.994,A/USDT:USDT,0.5745,10.0,0.5744,1298.0,0.5746,421.0,0.5747,1314.0
1753547177894,16:26:17.894,A/USDT:USDT,0.5745,10.0,0.5744,1298.0,0.5746,421.0,0.5747,1314.0
1753547177994,16:26:17.994,A/USDT:USDT,0.5745,10.0,0.5744,1298.0,0.5746,421.0,0.5747,1282.0
1753547178495,16:26:18.495,A/USDT:USDT,0.5745,10.0,0.5744,1250.0,0.5746,421.0,0.5747,1410.0
1753547178594,16:26:18.594,A/USDT:USDT,0.5745,10.0,0.5744,1250.0,0.5746,421.0,0.5747,1410.0
1753547178894,16:26:18.894,A/USDT:USDT,0.5745,10.0,0.5744,1250.0,0.5746,421.0,0.5747,1410.0
1753547178994,16:26:18.994,A/USDT:USDT,0.5745,10.0,0.5744,1250.0,0.5746,421.0,0.5747,1410.0
1753547179094,16:26:19.094,A/USDT:USDT,0.5745,10.0,0.5744,1250.0,0.5746,421.0,0.5747,1410.0
1753547179495,16:26:19.495,A/USDT:USDT,0.5745,10.0,0.5744,1250.0,0.5746,421.0,0.5747,1410.0
1753547179594,16:26:19.594,A/USDT:USDT,0.5745,10.0,0.5744,1250.0,0.5746,421.0,0.5747,1410.0
1753547179994,16:26:19.994,A/USDT:USDT,0.5745,10.0,0.5744,1250.0,0.5746,421.0,0.5747,1410.0
1753547180095,16:26:20.095,A/USDT:USDT,0.5745,10.0,0.5744,1250.0,0.5746,421.0,0.5747,1410.0
1753547180495,16:26:20.495,A/USDT:USDT,0.5745,10.0,0.5744,1250.0,0.5746,421.0,0.5747,1410.0
1753547180594,16:26:20.594,A/USDT:USDT,0.5745,10.0,0.5744,1250.0,0.5746,421.0,0.5747,1410.0
1753547180694,16:26:20.694,A/USDT:USDT,0.5745,10.0,0.5744,1250.0,0.5746,421.0,0.5747,1410.0
1753547181294,16:26:21.294,A/USDT:USDT,0.5745,10.0,0.5744,1250.0,0.5746,421.0,0.5747,1410.0
1753547181794,16:26:21.794,A/USDT:USDT,0.5745,10.0,0.5744,1250.0,0.5746,421.0,0.5747,1410.0
1753547181894,16:26:21.894,A/USDT:USDT,0.5745,10.0,0.5744,1250.0,0.5746,421.0,0.5747,1410.0
