timestamp,time,symbol,bid1_price,bid1_volume,bid2_price,bid2_volume,ask1_price,ask1_volume,ask2_price,ask2_volume
1753546952535,16:22:32.535,ACT/USDT:USDT,0.04572,114.0,0.04571,993.0,0.04608,1076.0,0.04609,594.0
1753546955768,16:22:35.768,ACT/USDT:USDT,0.04572,114.0,0.04528,228.0,0.04608,1076.0,0.04609,594.0
1753546958569,16:22:38.569,ACT/USDT:USDT,0.04572,114.0,0.04564,1896.0,0.04608,1076.0,0.04609,594.0
1753546958584,16:22:38.584,ACT/USDT:USDT,0.04572,114.0,0.04565,993.0,0.04608,1076.0,0.04609,594.0
1753546958649,16:22:38.649,ACT/USDT:USDT,0.04572,114.0,0.04565,993.0,0.04608,1076.0,0.04609,594.0
1753546958692,16:22:38.692,ACT/USDT:USDT,0.04572,114.0,0.04565,993.0,0.04608,1076.0,0.04609,594.0
1753546958750,16:22:38.750,ACT/USDT:USDT,0.04572,114.0,0.04565,993.0,0.04608,1076.0,0.04609,594.0
1753546958831,16:22:38.831,ACT/USDT:USDT,0.04572,114.0,0.04565,993.0,0.04608,1076.0,0.04609,594.0
1753546959940,16:22:39.940,ACT/USDT:USDT,0.04572,114.0,0.04565,993.0,0.04608,1076.0,0.04609,594.0
1753546959971,16:22:39.971,ACT/USDT:USDT,0.04572,114.0,0.04558,993.0,0.04608,1076.0,0.04609,594.0
1753546960029,16:22:40.029,ACT/USDT:USDT,0.04572,114.0,0.04558,993.0,0.04608,1076.0,0.04609,594.0
1753546960313,16:22:40.313,ACT/USDT:USDT,0.04572,114.0,0.04559,1896.0,0.04608,1076.0,0.04609,594.0
1753546960314,16:22:40.314,ACT/USDT:USDT,0.04572,114.0,0.0456,993.0,0.04608,1076.0,0.04609,594.0
1753546960374,16:22:40.374,ACT/USDT:USDT,0.04572,114.0,0.0456,993.0,0.04608,1076.0,0.04609,594.0
1753546960727,16:22:40.727,ACT/USDT:USDT,0.04572,114.0,0.0456,993.0,0.04608,1076.0,0.04609,594.0
1753546960833,16:22:40.833,ACT/USDT:USDT,0.04572,114.0,0.0456,993.0,0.04608,1076.0,0.04609,594.0
1753546961010,16:22:41.010,ACT/USDT:USDT,0.04572,114.0,0.0456,993.0,0.04608,1076.0,0.04609,594.0
1753546964118,16:22:44.118,ACT/USDT:USDT,0.04572,114.0,0.0456,993.0,0.04608,1076.0,0.04615,2850.0
1753546964140,16:22:44.140,ACT/USDT:USDT,0.04572,114.0,0.0456,993.0,0.04608,83.0,0.04614,993.0
1753546964174,16:22:44.174,ACT/USDT:USDT,0.04572,114.0,0.0456,993.0,0.04614,993.0,0.04615,2850.0
1753546964313,16:22:44.313,ACT/USDT:USDT,0.04572,114.0,0.0456,993.0,0.04613,83.0,0.04614,993.0
1753546964335,16:22:44.335,ACT/USDT:USDT,0.04572,114.0,0.0456,993.0,0.04613,83.0,0.04614,993.0
1753546964467,16:22:44.467,ACT/USDT:USDT,0.04572,114.0,0.0456,993.0,0.04613,83.0,0.04614,993.0
1753546964504,16:22:44.504,ACT/USDT:USDT,0.04572,114.0,0.0456,993.0,0.04613,83.0,0.04614,1528.0
1753546964537,16:22:44.537,ACT/USDT:USDT,0.04572,114.0,0.0456,993.0,0.04613,83.0,0.04614,1528.0
1753546964565,16:22:44.565,ACT/USDT:USDT,0.04572,114.0,0.0456,993.0,0.04613,83.0,0.04614,1528.0
1753546964600,16:22:44.600,ACT/USDT:USDT,0.04572,114.0,0.0456,993.0,0.04613,83.0,0.04614,1528.0
1753546964631,16:22:44.631,ACT/USDT:USDT,0.04572,114.0,0.0456,993.0,0.04613,83.0,0.04614,1528.0
1753546964749,16:22:44.749,ACT/USDT:USDT,0.04572,114.0,0.04567,1896.0,0.04613,83.0,0.04614,1528.0
1753546964768,16:22:44.768,ACT/USDT:USDT,0.04572,114.0,0.04568,993.0,0.04613,83.0,0.04614,1528.0
1753546964836,16:22:44.836,ACT/USDT:USDT,0.04572,114.0,0.04568,993.0,0.04613,83.0,0.04614,1528.0
1753546964876,16:22:44.876,ACT/USDT:USDT,0.04572,114.0,0.04568,993.0,0.04613,83.0,0.04614,1528.0
1753546964917,16:22:44.917,ACT/USDT:USDT,0.04572,114.0,0.04568,993.0,0.04613,83.0,0.04614,1528.0
1753546964958,16:22:44.958,ACT/USDT:USDT,0.04572,114.0,0.04568,993.0,0.04613,83.0,0.04614,1528.0
1753546964997,16:22:44.997,ACT/USDT:USDT,0.04572,114.0,0.04568,993.0,0.04613,83.0,0.04614,1528.0
1753546965237,16:22:45.237,ACT/USDT:USDT,0.04572,114.0,0.04568,993.0,0.04613,83.0,0.04614,1528.0
1753546965297,16:22:45.297,ACT/USDT:USDT,0.04572,114.0,0.04568,993.0,0.04613,83.0,0.04614,1528.0
1753546965312,16:22:45.312,ACT/USDT:USDT,0.04572,114.0,0.04558,2216.0,0.04613,83.0,0.04614,1528.0
1753546965348,16:22:45.348,ACT/USDT:USDT,0.04572,114.0,0.04559,993.0,0.04613,83.0,0.04614,1528.0
1753546965388,16:22:45.388,ACT/USDT:USDT,0.04572,114.0,0.04559,993.0,0.04613,140.0,0.04614,1528.0
1753546966118,16:22:46.118,ACT/USDT:USDT,0.04572,114.0,0.04559,993.0,0.04613,140.0,0.04614,993.0
1753546966264,16:22:46.264,ACT/USDT:USDT,0.04572,114.0,0.04559,993.0,0.04613,140.0,0.04614,1678.0
1753546967162,16:22:47.162,ACT/USDT:USDT,0.04572,114.0,0.04567,1895.0,0.04613,140.0,0.04614,1678.0
1753546967177,16:22:47.177,ACT/USDT:USDT,0.04572,114.0,0.04568,993.0,0.04613,140.0,0.04614,1678.0
1753546967281,16:22:47.281,ACT/USDT:USDT,0.04572,114.0,0.04568,993.0,0.04613,140.0,0.04614,1678.0
1753546967289,16:22:47.289,ACT/USDT:USDT,0.04572,114.0,0.04568,993.0,0.04613,140.0,0.04614,1678.0
1753546967333,16:22:47.333,ACT/USDT:USDT,0.04572,114.0,0.04568,993.0,0.04613,140.0,0.04614,1678.0
1753546967449,16:22:47.449,ACT/USDT:USDT,0.04572,114.0,0.04568,993.0,0.04613,140.0,0.04614,1678.0
1753546968434,16:22:48.434,ACT/USDT:USDT,0.04572,114.0,0.04568,993.0,0.04613,140.0,0.04614,1678.0
1753546968459,16:22:48.459,ACT/USDT:USDT,0.04572,114.0,0.0456,993.0,0.04613,140.0,0.04614,1678.0
1753546968532,16:22:48.532,ACT/USDT:USDT,0.04572,114.0,0.0456,993.0,0.04613,140.0,0.04614,1678.0
1753546968543,16:22:48.543,ACT/USDT:USDT,0.04572,2009.0,0.0456,993.0,0.04613,140.0,0.04614,1678.0
1753546968574,16:22:48.574,ACT/USDT:USDT,0.04573,993.0,0.04572,114.0,0.04613,140.0,0.04614,1678.0
1753546968667,16:22:48.667,ACT/USDT:USDT,0.04572,114.0,0.0453,363.0,0.04613,140.0,0.04614,1678.0
1753546968847,16:22:48.847,ACT/USDT:USDT,0.04572,114.0,0.0456,993.0,0.04613,140.0,0.04614,1678.0
1753546969344,16:22:49.344,ACT/USDT:USDT,0.04572,114.0,0.0456,993.0,0.04613,140.0,0.04614,1678.0
1753546969619,16:22:49.619,ACT/USDT:USDT,0.04572,114.0,0.0456,993.0,0.04613,140.0,0.04614,1678.0
1753546971195,16:22:51.195,ACT/USDT:USDT,0.04572,114.0,0.0456,3209.0,0.04613,140.0,0.04614,1678.0
1753546971472,16:22:51.472,ACT/USDT:USDT,0.04572,114.0,0.04566,1895.0,0.04613,140.0,0.04614,1678.0
1753546971486,16:22:51.486,ACT/USDT:USDT,0.04572,114.0,0.04567,993.0,0.04613,140.0,0.04614,1678.0
1753546971583,16:22:51.583,ACT/USDT:USDT,0.04572,114.0,0.04567,993.0,0.04613,140.0,0.04614,1678.0
1753546971739,16:22:51.739,ACT/USDT:USDT,0.04572,114.0,0.04567,993.0,0.04613,140.0,0.04614,1678.0
1753546971833,16:22:51.833,ACT/USDT:USDT,0.04572,114.0,0.04567,993.0,0.04613,140.0,0.04614,1678.0
1753546971846,16:22:51.846,ACT/USDT:USDT,0.04572,114.0,0.0453,363.0,0.04613,140.0,0.04614,1678.0
1753546973102,16:22:53.102,ACT/USDT:USDT,0.04572,114.0,0.0456,993.0,0.04613,140.0,0.04614,1678.0
1753546976084,16:22:56.084,ACT/USDT:USDT,0.04572,114.0,0.04566,1895.0,0.04613,140.0,0.04614,1678.0
1753546976154,16:22:56.154,ACT/USDT:USDT,0.04572,114.0,0.04567,993.0,0.04613,140.0,0.04614,1678.0
1753546976208,16:22:56.208,ACT/USDT:USDT,0.04572,114.0,0.04567,993.0,0.04613,140.0,0.04614,1678.0
1753546977235,16:22:57.235,ACT/USDT:USDT,0.04572,114.0,0.04567,993.0,0.04613,140.0,0.04614,1678.0
1753546977248,16:22:57.248,ACT/USDT:USDT,0.04572,114.0,0.04542,3412.0,0.04613,140.0,0.04614,1678.0
1753546977304,16:22:57.304,ACT/USDT:USDT,0.04572,114.0,0.0456,993.0,0.04613,140.0,0.04614,1678.0
1753546977348,16:22:57.348,ACT/USDT:USDT,0.04572,114.0,0.0456,993.0,0.04613,140.0,0.04614,1678.0
1753546977368,16:22:57.368,ACT/USDT:USDT,0.04572,114.0,0.04571,1895.0,0.04613,140.0,0.04614,1678.0
1753546977484,16:22:57.484,ACT/USDT:USDT,0.04572,1107.0,0.04571,1895.0,0.04613,140.0,0.04614,1678.0
1753546980075,16:23:00.075,ACT/USDT:USDT,0.04572,1107.0,0.04571,1895.0,0.04613,140.0,0.04614,1678.0
1753546980137,16:23:00.137,ACT/USDT:USDT,0.04572,1107.0,0.04571,1895.0,0.04613,140.0,0.04614,1678.0
1753546980251,16:23:00.251,ACT/USDT:USDT,0.04572,1107.0,0.0453,363.0,0.04613,140.0,0.04614,1678.0
1753546980275,16:23:00.275,ACT/USDT:USDT,0.04572,114.0,0.0456,993.0,0.04613,140.0,0.04614,1678.0
1753546982115,16:23:02.115,ACT/USDT:USDT,0.04572,57.0,0.0456,993.0,0.04613,140.0,0.04614,1678.0
1753546982194,16:23:02.194,ACT/USDT:USDT,0.04572,57.0,0.0456,993.0,0.04613,140.0,0.04614,1678.0
1753546982274,16:23:02.274,ACT/USDT:USDT,0.04572,57.0,0.0453,363.0,0.04613,140.0,0.04614,1678.0
1753546982274,16:23:02.274,ACT/USDT:USDT,0.04572,114.0,0.0453,363.0,0.04613,140.0,0.04614,1678.0
1753546982500,16:23:02.500,ACT/USDT:USDT,0.04572,114.0,0.04558,993.0,0.04613,140.0,0.04614,1678.0
1753546983001,16:23:03.001,ACT/USDT:USDT,0.04572,114.0,0.04558,993.0,0.04613,83.0,0.04614,1678.0
1753546983073,16:23:03.073,ACT/USDT:USDT,0.04572,114.0,0.04558,993.0,0.04613,96.0,0.04614,1678.0
1753546986210,16:23:06.210,ACT/USDT:USDT,0.04572,114.0,0.04558,993.0,0.04613,96.0,0.04614,993.0
1753546986264,16:23:06.264,ACT/USDT:USDT,0.04572,114.0,0.04558,993.0,0.04613,96.0,0.04614,1730.0
1753546986488,16:23:06.488,ACT/USDT:USDT,0.04572,114.0,0.04558,993.0,0.04613,83.0,0.04614,1730.0
1753546987741,16:23:07.741,ACT/USDT:USDT,0.04572,114.0,0.04558,993.0,0.04589,12.0,0.04613,83.0
1753546987748,16:23:07.748,ACT/USDT:USDT,0.04572,114.0,0.04558,993.0,0.04613,83.0,0.04614,1730.0
1753546987840,16:23:07.840,ACT/USDT:USDT,0.04572,114.0,0.04558,993.0,0.04613,83.0,0.04614,1730.0
1753546987869,16:23:07.869,ACT/USDT:USDT,0.04572,114.0,0.04558,993.0,0.04613,83.0,0.04614,1730.0
1753546987898,16:23:07.898,ACT/USDT:USDT,0.04572,114.0,0.04558,993.0,0.04613,83.0,0.04614,1730.0
1753546987925,16:23:07.925,ACT/USDT:USDT,0.04572,114.0,0.04558,993.0,0.04613,83.0,0.04614,1730.0
1753546987957,16:23:07.957,ACT/USDT:USDT,0.04572,114.0,0.04558,993.0,0.04613,83.0,0.04614,1730.0
1753546987998,16:23:07.998,ACT/USDT:USDT,0.04572,114.0,0.04558,993.0,0.04613,83.0,0.04614,1730.0
1753546988057,16:23:08.057,ACT/USDT:USDT,0.04572,114.0,0.04558,993.0,0.04613,83.0,0.04614,1730.0
1753546988132,16:23:08.132,ACT/USDT:USDT,0.04572,114.0,0.04558,993.0,0.04613,83.0,0.04614,1730.0
1753546988150,16:23:08.150,ACT/USDT:USDT,0.04572,114.0,0.04558,993.0,0.04613,83.0,0.04614,1730.0
1753546988169,16:23:08.169,ACT/USDT:USDT,0.04572,114.0,0.04558,993.0,0.04613,83.0,0.04614,1730.0
1753546988213,16:23:08.213,ACT/USDT:USDT,0.04572,114.0,0.04558,993.0,0.04613,83.0,0.04614,1730.0
1753546988245,16:23:08.245,ACT/USDT:USDT,0.04572,114.0,0.04558,993.0,0.04613,83.0,0.04614,1730.0
1753546988284,16:23:08.284,ACT/USDT:USDT,0.04572,114.0,0.04558,993.0,0.04613,83.0,0.04614,1730.0
1753546988423,16:23:08.423,ACT/USDT:USDT,0.04572,2009.0,0.04558,993.0,0.04613,83.0,0.04614,1730.0
1753546988437,16:23:08.437,ACT/USDT:USDT,0.04573,993.0,0.04572,2009.0,0.04613,83.0,0.04614,1730.0
1753546988468,16:23:08.468,ACT/USDT:USDT,0.04573,993.0,0.04572,2009.0,0.04613,83.0,0.04614,1730.0
1753546988545,16:23:08.545,ACT/USDT:USDT,0.04573,993.0,0.04572,2009.0,0.04613,83.0,0.04614,1730.0
1753546989258,16:23:09.258,ACT/USDT:USDT,0.04573,993.0,0.04572,114.0,0.04613,83.0,0.04614,1730.0
1753546989287,16:23:09.287,ACT/USDT:USDT,0.04572,114.0,0.0457,993.0,0.04613,83.0,0.04614,1730.0
1753546989353,16:23:09.353,ACT/USDT:USDT,0.04572,114.0,0.0457,993.0,0.04613,83.0,0.04614,1730.0
1753546991492,16:23:11.492,ACT/USDT:USDT,0.04572,114.0,0.0453,363.0,0.04613,83.0,0.04614,1730.0
1753546991512,16:23:11.512,ACT/USDT:USDT,0.04572,114.0,0.0456,993.0,0.04613,83.0,0.04614,1730.0
1753546995406,16:23:15.406,ACT/USDT:USDT,0.04572,114.0,0.0456,993.0,0.04613,83.0,0.04614,993.0
1753546995449,16:23:15.449,ACT/USDT:USDT,0.04572,114.0,0.04564,912.0,0.04613,83.0,0.04614,993.0
1753546995467,16:23:15.467,ACT/USDT:USDT,0.04572,114.0,0.04565,993.0,0.04613,83.0,0.04614,993.0
1753546995542,16:23:15.542,ACT/USDT:USDT,0.04572,114.0,0.04565,993.0,0.04613,83.0,0.04614,1730.0
1753546995575,16:23:15.575,ACT/USDT:USDT,0.04572,114.0,0.04565,993.0,0.04613,83.0,0.04614,1730.0
1753546995607,16:23:15.607,ACT/USDT:USDT,0.04572,114.0,0.04565,993.0,0.04613,83.0,0.04614,1730.0
1753546995776,16:23:15.776,ACT/USDT:USDT,0.04572,114.0,0.04565,993.0,0.04613,83.0,0.04614,1730.0
1753546995888,16:23:15.888,ACT/USDT:USDT,0.04572,114.0,0.04565,993.0,0.04613,83.0,0.04614,1730.0
1753546995956,16:23:15.956,ACT/USDT:USDT,0.04572,114.0,0.04565,993.0,0.04613,83.0,0.04614,1730.0
1753546996588,16:23:16.588,ACT/USDT:USDT,0.04572,57.0,0.04565,993.0,0.04613,83.0,0.04614,1730.0
1753546996661,16:23:16.661,ACT/USDT:USDT,0.04572,1.0,0.04565,993.0,0.04613,83.0,0.04614,1730.0
1753546996713,16:23:16.713,ACT/USDT:USDT,0.04572,2.0,0.04565,993.0,0.04613,83.0,0.04614,1730.0
1753547000239,16:23:20.239,ACT/USDT:USDT,0.04572,2.0,0.04565,993.0,0.04613,83.0,0.04614,993.0
1753547000445,16:23:20.445,ACT/USDT:USDT,0.04572,2.0,0.04565,993.0,0.04613,83.0,0.04614,1730.0
1753547003457,16:23:23.457,ACT/USDT:USDT,0.04576,1895.0,0.04572,2.0,0.04613,83.0,0.04614,1730.0
1753547003499,16:23:23.499,ACT/USDT:USDT,0.04577,993.0,0.04576,1895.0,0.04613,83.0,0.04614,1730.0
1753547003530,16:23:23.530,ACT/USDT:USDT,0.04577,993.0,0.04576,1895.0,0.04613,83.0,0.04614,1730.0
1753547003555,16:23:23.555,ACT/USDT:USDT,0.04577,993.0,0.04576,1895.0,0.04613,83.0,0.04614,1730.0
1753547003592,16:23:23.592,ACT/USDT:USDT,0.04578,57.0,0.04577,993.0,0.04613,83.0,0.04614,1730.0
1753547003634,16:23:23.634,ACT/USDT:USDT,0.04578,114.0,0.04577,993.0,0.04613,83.0,0.04614,1730.0
1753547003685,16:23:23.685,ACT/USDT:USDT,0.04578,114.0,0.04577,993.0,0.04613,83.0,0.04614,1730.0
1753547003870,16:23:23.870,ACT/USDT:USDT,0.04578,114.0,0.04577,993.0,0.04613,83.0,0.04614,1730.0
1753547003891,16:23:23.891,ACT/USDT:USDT,0.04578,114.0,0.04561,993.0,0.04613,83.0,0.04614,1730.0
1753547003949,16:23:23.949,ACT/USDT:USDT,0.04578,114.0,0.04561,993.0,0.04613,83.0,0.04614,1730.0
1753547003990,16:23:23.990,ACT/USDT:USDT,0.04578,114.0,0.04561,993.0,0.04613,83.0,0.04614,1730.0
1753547004024,16:23:24.024,ACT/USDT:USDT,0.04578,114.0,0.04561,993.0,0.04613,83.0,0.04614,1730.0
1753547004055,16:23:24.055,ACT/USDT:USDT,0.04578,114.0,0.04561,993.0,0.04613,83.0,0.04614,1730.0
1753547004090,16:23:24.090,ACT/USDT:USDT,0.04578,114.0,0.04561,993.0,0.04613,83.0,0.04614,1730.0
1753547006688,16:23:26.688,ACT/USDT:USDT,0.04578,114.0,0.04561,993.0,0.04613,83.0,0.04614,993.0
1753547006707,16:23:26.707,ACT/USDT:USDT,0.04578,114.0,0.04561,993.0,0.04612,993.0,0.04613,820.0
1753547006816,16:23:26.816,ACT/USDT:USDT,0.04578,114.0,0.04561,993.0,0.04612,993.0,0.04613,820.0
1753547008077,16:23:28.077,ACT/USDT:USDT,0.04578,114.0,0.04561,993.0,0.04612,993.0,0.04613,83.0
1753547008154,16:23:28.154,ACT/USDT:USDT,0.04578,114.0,0.04571,1891.0,0.04612,1730.0,0.04613,83.0
1753547008183,16:23:28.183,ACT/USDT:USDT,0.04578,114.0,0.04572,993.0,0.04612,1730.0,0.04613,83.0
1753547008280,16:23:28.280,ACT/USDT:USDT,0.04578,114.0,0.04572,993.0,0.04612,1730.0,0.04613,83.0
1753547008298,16:23:28.298,ACT/USDT:USDT,0.04578,114.0,0.04572,993.0,0.04612,993.0,0.04613,83.0
1753547008334,16:23:28.334,ACT/USDT:USDT,0.04578,114.0,0.04572,993.0,0.04612,993.0,0.04613,820.0
1753547008502,16:23:28.502,ACT/USDT:USDT,0.04578,114.0,0.04572,993.0,0.04612,993.0,0.04613,820.0
1753547008505,16:23:28.505,ACT/USDT:USDT,0.04578,114.0,0.04548,3408.0,0.04612,993.0,0.04613,820.0
1753547008551,16:23:28.551,ACT/USDT:USDT,0.04578,114.0,0.04562,993.0,0.04612,993.0,0.04613,820.0
1753547008655,16:23:28.655,ACT/USDT:USDT,0.04578,114.0,0.04562,993.0,0.04612,993.0,0.04613,820.0
1753547008711,16:23:28.711,ACT/USDT:USDT,0.04578,114.0,0.04562,993.0,0.04612,993.0,0.04613,820.0
1753547008742,16:23:28.742,ACT/USDT:USDT,0.04578,114.0,0.04562,993.0,0.04612,993.0,0.04613,820.0
1753547008855,16:23:28.855,ACT/USDT:USDT,0.04578,114.0,0.04562,993.0,0.04612,993.0,0.04613,820.0
1753547009294,16:23:29.294,ACT/USDT:USDT,0.04578,57.0,0.04562,993.0,0.04612,993.0,0.04613,820.0
1753547009338,16:23:29.338,ACT/USDT:USDT,0.04562,993.0,0.04556,2216.0,0.04612,993.0,0.04613,820.0
1753547009377,16:23:29.377,ACT/USDT:USDT,0.04578,57.0,0.04562,993.0,0.04612,993.0,0.04613,820.0
1753547009392,16:23:29.392,ACT/USDT:USDT,0.04578,57.0,0.04562,993.0,0.04612,993.0,0.04613,820.0
1753547009422,16:23:29.422,ACT/USDT:USDT,0.04578,57.0,0.04563,57.0,0.04612,993.0,0.04613,820.0
1753547009445,16:23:29.445,ACT/USDT:USDT,0.04578,57.0,0.04563,57.0,0.04612,993.0,0.04613,820.0
1753547009474,16:23:29.474,ACT/USDT:USDT,0.04578,57.0,0.04562,993.0,0.04612,993.0,0.04613,737.0
1753547009518,16:23:29.518,ACT/USDT:USDT,0.04562,993.0,0.04534,228.0,0.04611,83.0,0.04612,993.0
1753547009543,16:23:29.543,ACT/USDT:USDT,0.04578,1.0,0.04562,993.0,0.04611,83.0,0.04612,993.0
1753547009558,16:23:29.558,ACT/USDT:USDT,0.04578,2.0,0.04562,993.0,0.04611,83.0,0.04612,993.0
1753547009587,16:23:29.587,ACT/USDT:USDT,0.04578,2.0,0.04562,993.0,0.04611,83.0,0.04612,993.0
1753547009673,16:23:29.673,ACT/USDT:USDT,0.04578,2.0,0.04562,993.0,0.04611,83.0,0.04612,993.0
1753547009677,16:23:29.677,ACT/USDT:USDT,0.04578,2.0,0.04562,993.0,0.04611,83.0,0.04612,1730.0
1753547009713,16:23:29.713,ACT/USDT:USDT,0.04578,2.0,0.04562,993.0,0.04611,83.0,0.04612,737.0
1753547009736,16:23:29.736,ACT/USDT:USDT,0.04578,2.0,0.04562,993.0,0.04611,83.0,0.04612,737.0
1753547009771,16:23:29.771,ACT/USDT:USDT,0.04578,2.0,0.04562,993.0,0.04611,83.0,0.04612,737.0
1753547009799,16:23:29.799,ACT/USDT:USDT,0.04578,2.0,0.04562,993.0,0.04611,83.0,0.04612,737.0
1753547009835,16:23:29.835,ACT/USDT:USDT,0.04578,2.0,0.04562,993.0,0.04611,83.0,0.04612,737.0
1753547009860,16:23:29.860,ACT/USDT:USDT,0.04578,2.0,0.04562,993.0,0.04611,83.0,0.04612,737.0
1753547009898,16:23:29.898,ACT/USDT:USDT,0.04578,2.0,0.04562,993.0,0.04611,83.0,0.04612,737.0
1753547009914,16:23:29.914,ACT/USDT:USDT,0.04578,2.0,0.04562,993.0,0.04611,83.0,0.04612,737.0
1753547009955,16:23:29.955,ACT/USDT:USDT,0.04578,2.0,0.04562,993.0,0.04611,83.0,0.04612,737.0
1753547009985,16:23:29.985,ACT/USDT:USDT,0.04578,2.0,0.04562,993.0,0.04611,83.0,0.04612,737.0
1753547010018,16:23:30.018,ACT/USDT:USDT,0.04578,2.0,0.04562,993.0,0.04611,83.0,0.04612,737.0
1753547010035,16:23:30.035,ACT/USDT:USDT,0.04578,2.0,0.04562,993.0,0.04611,83.0,0.04612,737.0
1753547010077,16:23:30.077,ACT/USDT:USDT,0.04578,2.0,0.04562,993.0,0.04611,83.0,0.04612,737.0
1753547010104,16:23:30.104,ACT/USDT:USDT,0.04578,2.0,0.04562,993.0,0.04611,83.0,0.04612,737.0
1753547010153,16:23:30.153,ACT/USDT:USDT,0.04578,2.0,0.04562,993.0,0.04611,83.0,0.04612,737.0
1753547010255,16:23:30.255,ACT/USDT:USDT,0.04578,2.0,0.04562,993.0,0.04611,83.0,0.04612,737.0
1753547010305,16:23:30.305,ACT/USDT:USDT,0.04578,2.0,0.04562,993.0,0.04611,83.0,0.04612,737.0
1753547010347,16:23:30.347,ACT/USDT:USDT,0.04578,2.0,0.04562,993.0,0.04611,83.0,0.04612,737.0
1753547010386,16:23:30.386,ACT/USDT:USDT,0.04578,2.0,0.04562,993.0,0.04611,83.0,0.04612,737.0
1753547010395,16:23:30.395,ACT/USDT:USDT,0.04578,2.0,0.04562,993.0,0.04611,83.0,0.04612,737.0
1753547010435,16:23:30.435,ACT/USDT:USDT,0.04578,2.0,0.04562,993.0,0.04611,83.0,0.04612,737.0
1753547010456,16:23:30.456,ACT/USDT:USDT,0.04578,2.0,0.04562,993.0,0.04611,83.0,0.04612,737.0
1753547010501,16:23:30.501,ACT/USDT:USDT,0.04578,2.0,0.04562,993.0,0.04611,83.0,0.04612,737.0
1753547011962,16:23:31.962,ACT/USDT:USDT,0.04578,2.0,0.04562,993.0,0.04611,83.0,0.04612,737.0
1753547014561,16:23:34.561,ACT/USDT:USDT,0.04578,2.0,0.04562,993.0,0.04611,83.0,0.04612,737.0
1753547014600,16:23:34.600,ACT/USDT:USDT,0.04578,2.0,0.04562,993.0,0.04611,83.0,0.04612,737.0
1753547014650,16:23:34.650,ACT/USDT:USDT,0.04578,2.0,0.04562,993.0,0.04611,83.0,0.04612,737.0
1753547015682,16:23:35.682,ACT/USDT:USDT,0.04578,2.0,0.04562,993.0,0.04611,83.0,0.04612,737.0
1753547017181,16:23:37.181,ACT/USDT:USDT,0.04578,2.0,0.04562,993.0,0.04611,83.0,0.04621,993.0
1753547017209,16:23:37.209,ACT/USDT:USDT,0.04578,2.0,0.04562,993.0,0.0462,546.0,0.04621,993.0
1753547017237,16:23:37.237,ACT/USDT:USDT,0.04578,2.0,0.04562,993.0,0.04619,993.0,0.0462,629.0
1753547017311,16:23:37.311,ACT/USDT:USDT,0.04578,2.0,0.04571,1896.0,0.04619,2889.0,0.0462,629.0
1753547017328,16:23:37.328,ACT/USDT:USDT,0.04578,2.0,0.04571,1896.0,0.04619,2889.0,0.0462,629.0
1753547017370,16:23:37.370,ACT/USDT:USDT,0.04578,2.0,0.04572,993.0,0.04619,2889.0,0.0462,546.0
1753547017388,16:23:37.388,ACT/USDT:USDT,0.04578,2.0,0.04562,993.0,0.04618,83.0,0.04619,2889.0
1753547017424,16:23:37.424,ACT/USDT:USDT,0.04578,2.0,0.04562,993.0,0.04618,83.0,0.04619,993.0
1753547017453,16:23:37.453,ACT/USDT:USDT,0.04578,2.0,0.04472,925.0,0.04618,83.0,0.04619,993.0
1753547017522,16:23:37.522,ACT/USDT:USDT,0.04578,2.0,0.0456,993.0,0.04618,83.0,0.04619,993.0
1753547017602,16:23:37.602,ACT/USDT:USDT,0.04578,2.0,0.0456,993.0,0.04618,83.0,0.04619,993.0
1753547017628,16:23:37.628,ACT/USDT:USDT,0.04578,2.0,0.0456,993.0,0.04618,83.0,0.04619,993.0
1753547017657,16:23:37.657,ACT/USDT:USDT,0.04578,2.0,0.0456,993.0,0.04618,83.0,0.04619,993.0
1753547017691,16:23:37.691,ACT/USDT:USDT,0.04578,2.0,0.0456,993.0,0.04618,83.0,0.04619,993.0
1753547017719,16:23:37.719,ACT/USDT:USDT,0.04578,2.0,0.0456,993.0,0.04618,83.0,0.04619,993.0
1753547017751,16:23:37.751,ACT/USDT:USDT,0.04578,2.0,0.0456,993.0,0.04618,83.0,0.04619,993.0
1753547017780,16:23:37.780,ACT/USDT:USDT,0.04578,2.0,0.0456,993.0,0.04618,83.0,0.04619,993.0
1753547017859,16:23:37.859,ACT/USDT:USDT,0.04578,2.0,0.0456,993.0,0.04618,83.0,0.04619,993.0
1753547018368,16:23:38.368,ACT/USDT:USDT,0.04578,2.0,0.0456,993.0,0.04618,83.0,0.04619,993.0
1753547018456,16:23:38.456,ACT/USDT:USDT,0.04578,2.0,0.04566,1896.0,0.04618,83.0,0.04619,1416.0
1753547018469,16:23:38.469,ACT/USDT:USDT,0.04578,2.0,0.04566,1896.0,0.04618,83.0,0.04619,3312.0
1753547018538,16:23:38.538,ACT/USDT:USDT,0.04578,2.0,0.04567,993.0,0.04618,83.0,0.04619,1416.0
1753547018579,16:23:38.579,ACT/USDT:USDT,0.04578,2.0,0.04567,993.0,0.04618,83.0,0.04619,1416.0
1753547018734,16:23:38.734,ACT/USDT:USDT,0.04578,2.0,0.04567,993.0,0.04618,83.0,0.04619,1416.0
1753547020150,16:23:40.150,ACT/USDT:USDT,0.04578,2.0,0.04537,228.0,0.04618,83.0,0.04619,1416.0
1753547020251,16:23:40.251,ACT/USDT:USDT,0.04578,2.0,0.0456,993.0,0.04618,83.0,0.04619,1416.0
1753547020310,16:23:40.310,ACT/USDT:USDT,0.04578,2.0,0.0456,993.0,0.04618,83.0,0.04619,1416.0
1753547020455,16:23:40.455,ACT/USDT:USDT,0.04578,2.0,0.04562,1891.0,0.04618,83.0,0.04619,1416.0
1753547020578,16:23:40.578,ACT/USDT:USDT,0.04578,2.0,0.04563,993.0,0.04618,83.0,0.04619,1416.0
1753547021330,16:23:41.330,ACT/USDT:USDT,0.04578,2.0,0.04563,993.0,0.04618,83.0,0.04619,993.0
1753547021358,16:23:41.358,ACT/USDT:USDT,0.04578,2.0,0.04563,993.0,0.04618,83.0,0.04619,612.0
1753547023069,16:23:43.069,ACT/USDT:USDT,0.04578,2.0,0.04563,993.0,0.04618,83.0,0.04619,612.0
1753547023355,16:23:43.355,ACT/USDT:USDT,0.04578,2.0,0.04563,993.0,0.04618,83.0,0.04619,612.0
1753547023456,16:23:43.456,ACT/USDT:USDT,0.04578,2.0,0.04563,993.0,0.04618,83.0,0.04619,612.0
1753547023549,16:23:43.549,ACT/USDT:USDT,0.04578,2.0,0.04563,993.0,0.04618,83.0,0.04619,612.0
1753547023770,16:23:43.770,ACT/USDT:USDT,0.04578,2.0,0.04572,1891.0,0.04618,83.0,0.04619,612.0
1753547023785,16:23:43.785,ACT/USDT:USDT,0.04578,2.0,0.04573,993.0,0.04618,83.0,0.04619,612.0
1753547023893,16:23:43.893,ACT/USDT:USDT,0.04578,2.0,0.04573,993.0,0.04618,83.0,0.04619,612.0
1753547023896,16:23:43.896,ACT/USDT:USDT,0.04578,2.0,0.04573,993.0,0.04618,83.0,0.04619,612.0
1753547024323,16:23:44.323,ACT/USDT:USDT,0.04578,1.0,0.04573,993.0,0.04618,83.0,0.04619,612.0
1753547024347,16:23:44.347,ACT/USDT:USDT,0.04573,993.0,0.04572,1891.0,0.04618,83.0,0.04619,612.0
1753547024390,16:23:44.390,ACT/USDT:USDT,0.04578,57.0,0.04573,993.0,0.04618,83.0,0.04619,612.0
1753547024451,16:23:44.451,ACT/USDT:USDT,0.04578,57.0,0.04574,57.0,0.04618,83.0,0.04619,612.0
1753547024534,16:23:44.534,ACT/USDT:USDT,0.04578,57.0,0.04574,57.0,0.04618,83.0,0.04619,612.0
1753547024559,16:23:44.559,ACT/USDT:USDT,0.04578,57.0,0.04574,57.0,0.04618,83.0,0.04619,612.0
1753547024633,16:23:44.633,ACT/USDT:USDT,0.04578,57.0,0.04574,57.0,0.04618,83.0,0.04619,612.0
1753547024833,16:23:44.833,ACT/USDT:USDT,0.04578,57.0,0.0456,993.0,0.04618,83.0,0.04619,612.0
1753547024902,16:23:44.902,ACT/USDT:USDT,0.04578,114.0,0.0456,993.0,0.04618,83.0,0.04619,612.0
1753547025261,16:23:45.261,ACT/USDT:USDT,0.04578,114.0,0.04573,1891.0,0.04618,83.0,0.04619,612.0
1753547025275,16:23:45.275,ACT/USDT:USDT,0.04578,114.0,0.04574,993.0,0.04618,83.0,0.04619,612.0
1753547025434,16:23:45.434,ACT/USDT:USDT,0.04578,114.0,0.04574,993.0,0.04618,83.0,0.04619,612.0
1753547026438,16:23:46.438,ACT/USDT:USDT,0.04578,114.0,0.04574,993.0,0.04618,140.0,0.04619,612.0
1753547030029,16:23:50.029,ACT/USDT:USDT,0.04578,114.0,0.04574,993.0,0.04618,140.0,0.0462,993.0
1753547030055,16:23:50.055,ACT/USDT:USDT,0.04578,114.0,0.04574,993.0,0.04618,140.0,0.04619,737.0
1753547030177,16:23:50.177,ACT/USDT:USDT,0.04578,114.0,0.04574,993.0,0.04618,1133.0,0.04619,737.0
1753547030206,16:23:50.206,ACT/USDT:USDT,0.04578,114.0,0.04574,993.0,0.04618,1133.0,0.04619,737.0
1753547030239,16:23:50.239,ACT/USDT:USDT,0.04578,114.0,0.04574,993.0,0.04618,1133.0,0.04619,737.0
1753547030447,16:23:50.447,ACT/USDT:USDT,0.04578,114.0,0.04574,993.0,0.04618,1133.0,0.04619,737.0
1753547030467,16:23:50.467,ACT/USDT:USDT,0.04578,114.0,0.0456,993.0,0.04618,1133.0,0.04619,737.0
1753547030559,16:23:50.559,ACT/USDT:USDT,0.04578,114.0,0.04574,1891.0,0.04618,1133.0,0.04619,737.0
1753547030605,16:23:50.605,ACT/USDT:USDT,0.04578,114.0,0.04575,993.0,0.04618,1133.0,0.04619,737.0
1753547030641,16:23:50.641,ACT/USDT:USDT,0.04578,114.0,0.04575,993.0,0.04618,1133.0,0.04619,737.0
1753547030681,16:23:50.681,ACT/USDT:USDT,0.04578,114.0,0.04575,993.0,0.04618,1133.0,0.04619,737.0
1753547030887,16:23:50.887,ACT/USDT:USDT,0.04578,114.0,0.04575,993.0,0.04618,1133.0,0.04619,737.0
1753547030941,16:23:50.941,ACT/USDT:USDT,0.04578,114.0,0.04575,993.0,0.04618,1133.0,0.04619,737.0
1753547030954,16:23:50.954,ACT/USDT:USDT,0.04578,114.0,0.04537,228.0,0.04618,1133.0,0.04619,737.0
1753547031316,16:23:51.316,ACT/USDT:USDT,0.04578,57.0,0.0456,993.0,0.04618,1133.0,0.04619,737.0
1753547031386,16:23:51.386,ACT/USDT:USDT,0.04578,12.0,0.0456,993.0,0.04618,1133.0,0.04619,737.0
1753547031404,16:23:51.404,ACT/USDT:USDT,0.04578,23.0,0.0456,993.0,0.04618,1133.0,0.04619,737.0
1753547031432,16:23:51.432,ACT/USDT:USDT,0.04578,23.0,0.0456,993.0,0.04618,1133.0,0.04619,737.0
1753547031462,16:23:51.462,ACT/USDT:USDT,0.04578,23.0,0.0456,993.0,0.04618,1133.0,0.04622,2855.0
1753547031490,16:23:51.490,ACT/USDT:USDT,0.04578,23.0,0.0456,993.0,0.04618,1076.0,0.04622,2855.0
1753547031556,16:23:51.556,ACT/USDT:USDT,0.04578,23.0,0.0456,993.0,0.04617,57.0,0.04618,1076.0
1753547031702,16:23:51.702,ACT/USDT:USDT,0.04578,23.0,0.0456,993.0,0.04617,1050.0,0.04618,820.0
1753547032892,16:23:52.892,ACT/USDT:USDT,0.04578,23.0,0.0456,993.0,0.04617,993.0,0.04618,820.0
1753547032962,16:23:52.962,ACT/USDT:USDT,0.04578,23.0,0.0456,993.0,0.04616,1.0,0.04617,993.0
1753547033221,16:23:53.221,ACT/USDT:USDT,0.04578,23.0,0.0456,993.0,0.04616,1.0,0.04617,993.0
1753547033225,16:23:53.225,ACT/USDT:USDT,0.04578,23.0,0.0456,993.0,0.04616,1.0,0.04617,1730.0
1753547037708,16:23:57.708,ACT/USDT:USDT,0.04578,23.0,0.0456,993.0,0.04616,1.0,0.04617,993.0
1753547037741,16:23:57.741,ACT/USDT:USDT,0.04578,23.0,0.0456,993.0,0.04616,1.0,0.04618,83.0
1753547037801,16:23:57.801,ACT/USDT:USDT,0.04578,23.0,0.0456,993.0,0.04616,1.0,0.04618,83.0
1753547037944,16:23:57.944,ACT/USDT:USDT,0.04578,23.0,0.0456,993.0,0.04616,1.0,0.04618,1975.0
1753547037984,16:23:57.984,ACT/USDT:USDT,0.04578,23.0,0.0456,993.0,0.04616,1.0,0.04618,1975.0
1753547038003,16:23:58.003,ACT/USDT:USDT,0.04578,23.0,0.04576,1892.0,0.04616,1.0,0.04618,1975.0
1753547038035,16:23:58.035,ACT/USDT:USDT,0.04578,23.0,0.04577,993.0,0.04616,1.0,0.04617,993.0
1753547038070,16:23:58.070,ACT/USDT:USDT,0.04578,23.0,0.04577,993.0,0.04616,1.0,0.04617,993.0
1753547038122,16:23:58.122,ACT/USDT:USDT,0.04578,23.0,0.0456,993.0,0.04616,1.0,0.04617,993.0
1753547038171,16:23:58.171,ACT/USDT:USDT,0.04578,23.0,0.04543,3408.0,0.04616,1.0,0.04617,1730.0
1753547038188,16:23:58.188,ACT/USDT:USDT,0.04578,23.0,0.0456,993.0,0.04616,1.0,0.04617,1730.0
1753547038458,16:23:58.458,ACT/USDT:USDT,0.04578,23.0,0.0456,993.0,0.04616,1.0,0.04617,1730.0
1753547038517,16:23:58.517,ACT/USDT:USDT,0.04578,23.0,0.0456,993.0,0.04617,1730.0,0.04618,1975.0
1753547038555,16:23:58.555,ACT/USDT:USDT,0.04578,23.0,0.0456,993.0,0.04617,1730.0,0.04618,1975.0
1753547038584,16:23:58.584,ACT/USDT:USDT,0.04578,23.0,0.0456,993.0,0.04616,1.0,0.04617,1730.0
1753547039693,16:23:59.693,ACT/USDT:USDT,0.04578,23.0,0.04569,1892.0,0.04616,1.0,0.04617,1730.0
1753547039708,16:23:59.708,ACT/USDT:USDT,0.04578,23.0,0.0457,993.0,0.04616,1.0,0.04617,1730.0
1753547039740,16:23:59.740,ACT/USDT:USDT,0.04578,23.0,0.0457,993.0,0.04616,1.0,0.04617,1730.0
1753547039816,16:23:59.816,ACT/USDT:USDT,0.04578,23.0,0.04537,228.0,0.04616,1.0,0.04617,1730.0
1753547039829,16:23:59.829,ACT/USDT:USDT,0.04578,23.0,0.0456,993.0,0.04616,1.0,0.04617,1730.0
1753547040155,16:24:00.155,ACT/USDT:USDT,0.04578,23.0,0.0456,993.0,0.04616,1.0,0.04617,1730.0
1753547042059,16:24:02.059,ACT/USDT:USDT,0.04578,23.0,0.04569,1892.0,0.04616,1.0,0.04617,1730.0
1753547042075,16:24:02.075,ACT/USDT:USDT,0.04578,23.0,0.0457,993.0,0.04616,1.0,0.04617,1730.0
1753547042183,16:24:02.183,ACT/USDT:USDT,0.04578,23.0,0.0457,993.0,0.04616,1.0,0.04617,1730.0
1753547045148,16:24:05.148,ACT/USDT:USDT,0.04578,23.0,0.0457,993.0,0.04616,1.0,0.04617,1730.0
1753547045168,16:24:05.168,ACT/USDT:USDT,0.04578,23.0,0.0456,993.0,0.04616,1.0,0.04617,1730.0
1753547045202,16:24:05.202,ACT/USDT:USDT,0.04578,23.0,0.0456,993.0,0.04616,1.0,0.04617,1730.0
1753547045251,16:24:05.251,ACT/USDT:USDT,0.04578,23.0,0.0456,993.0,0.04616,1.0,0.04617,1730.0
1753547045270,16:24:05.270,ACT/USDT:USDT,0.04578,23.0,0.0456,993.0,0.04616,1.0,0.04617,1730.0
1753547045345,16:24:05.345,ACT/USDT:USDT,0.04578,23.0,0.0456,993.0,0.04616,1.0,0.04617,1730.0
1753547045383,16:24:05.383,ACT/USDT:USDT,0.04578,23.0,0.0456,993.0,0.04616,1.0,0.04617,1730.0
1753547045564,16:24:05.564,ACT/USDT:USDT,0.04578,23.0,0.04574,1892.0,0.04616,1.0,0.04617,1730.0
1753547045688,16:24:05.688,ACT/USDT:USDT,0.04578,23.0,0.04575,993.0,0.04616,1.0,0.04617,1730.0
1753547045856,16:24:05.856,ACT/USDT:USDT,0.04578,23.0,0.04575,993.0,0.04616,1.0,0.04617,1730.0
1753547045933,16:24:05.933,ACT/USDT:USDT,0.04578,23.0,0.04575,993.0,0.04616,1.0,0.04617,1730.0
1753547046164,16:24:06.164,ACT/USDT:USDT,0.04578,23.0,0.04575,993.0,0.04616,1.0,0.04617,1730.0
1753547046190,16:24:06.190,ACT/USDT:USDT,0.04578,23.0,0.0456,993.0,0.04616,1.0,0.04617,1730.0
1753547048305,16:24:08.305,ACT/USDT:USDT,0.04578,23.0,0.0456,993.0,0.04617,1730.0,0.04618,83.0
1753547048340,16:24:08.340,ACT/USDT:USDT,0.04578,23.0,0.0456,993.0,0.04617,993.0,0.04618,83.0
1753547048349,16:24:08.349,ACT/USDT:USDT,0.04578,23.0,0.0456,993.0,0.04617,993.0,0.04618,820.0
1753547048378,16:24:08.378,ACT/USDT:USDT,0.04578,23.0,0.0456,993.0,0.04618,820.0,0.04622,2855.0
1753547050619,16:24:10.619,ACT/USDT:USDT,0.04578,23.0,0.0456,993.0,0.04617,993.0,0.04618,820.0
1753547050751,16:24:10.751,ACT/USDT:USDT,0.04578,23.0,0.0456,993.0,0.04617,993.0,0.04618,820.0
1753547050786,16:24:10.786,ACT/USDT:USDT,0.04578,23.0,0.0456,993.0,0.04617,993.0,0.04618,820.0
1753547050949,16:24:10.949,ACT/USDT:USDT,0.04578,23.0,0.0456,993.0,0.04617,993.0,0.04618,820.0
1753547050958,16:24:10.958,ACT/USDT:USDT,0.04578,23.0,0.0456,993.0,0.04617,993.0,0.04618,820.0
1753547051049,16:24:11.049,ACT/USDT:USDT,0.04578,23.0,0.0456,993.0,0.04617,993.0,0.04618,820.0
1753547051905,16:24:11.905,ACT/USDT:USDT,0.04578,23.0,0.04573,1892.0,0.04617,993.0,0.04618,2712.0
1753547051929,16:24:11.929,ACT/USDT:USDT,0.04578,23.0,0.04573,1892.0,0.04617,993.0,0.04618,2629.0
1753547051946,16:24:11.946,ACT/USDT:USDT,0.04578,23.0,0.04574,993.0,0.04617,993.0,0.04618,2629.0
1753547052057,16:24:12.057,ACT/USDT:USDT,0.04578,23.0,0.04574,993.0,0.04616,83.0,0.04617,993.0
1753547052065,16:24:12.065,ACT/USDT:USDT,0.04578,23.0,0.04574,993.0,0.04616,83.0,0.04617,1730.0
1753547055139,16:24:15.139,ACT/USDT:USDT,0.04578,23.0,0.04574,993.0,0.04616,83.0,0.04617,993.0
1753547055162,16:24:15.162,ACT/USDT:USDT,0.04578,23.0,0.04574,993.0,0.04616,83.0,0.04617,1730.0
1753547059309,16:24:19.309,ACT/USDT:USDT,0.04578,23.0,0.04574,993.0,0.04616,83.0,0.04617,993.0
1753547059472,16:24:19.472,ACT/USDT:USDT,0.04578,23.0,0.04574,993.0,0.04616,83.0,0.04617,993.0
1753547059533,16:24:19.533,ACT/USDT:USDT,0.04578,23.0,0.04574,993.0,0.04616,83.0,0.04617,993.0
1753547059537,16:24:19.537,ACT/USDT:USDT,0.04578,23.0,0.04574,993.0,0.04616,83.0,0.04617,993.0
1753547059566,16:24:19.566,ACT/USDT:USDT,0.04578,23.0,0.04558,3408.0,0.04616,83.0,0.04621,993.0
1753547059617,16:24:19.617,ACT/USDT:USDT,0.04578,23.0,0.0456,993.0,0.0462,83.0,0.04621,993.0
1753547059760,16:24:19.760,ACT/USDT:USDT,0.04578,23.0,0.0456,993.0,0.0462,83.0,0.04621,993.0
1753547060798,16:24:20.798,ACT/USDT:USDT,0.04578,23.0,0.0456,993.0,0.0462,83.0,0.04621,993.0
1753547060824,16:24:20.824,ACT/USDT:USDT,0.04578,23.0,0.0456,993.0,0.0462,83.0,0.04621,993.0
1753547061158,16:24:21.158,ACT/USDT:USDT,0.04578,23.0,0.0456,993.0,0.0462,83.0,0.04621,1730.0
1753547061187,16:24:21.187,ACT/USDT:USDT,0.04578,23.0,0.0456,993.0,0.0462,83.0,0.04621,1730.0
1753547061214,16:24:21.214,ACT/USDT:USDT,0.04578,12.0,0.0456,993.0,0.0462,83.0,0.04621,1730.0
1753547061287,16:24:21.287,ACT/USDT:USDT,0.04578,1.0,0.0456,993.0,0.0462,83.0,0.04621,1730.0
1753547061355,16:24:21.355,ACT/USDT:USDT,0.04578,1.0,0.0456,993.0,0.0462,83.0,0.04621,1730.0
1753547061428,16:24:21.428,ACT/USDT:USDT,0.04578,2.0,0.0456,993.0,0.0462,83.0,0.04621,1730.0
1753547061456,16:24:21.456,ACT/USDT:USDT,0.04578,1.0,0.0456,993.0,0.0462,83.0,0.04621,1730.0
1753547061522,16:24:21.522,ACT/USDT:USDT,0.04578,58.0,0.0456,993.0,0.0462,83.0,0.04621,1730.0
1753547062484,16:24:22.484,ACT/USDT:USDT,0.04578,57.0,0.0456,993.0,0.0462,83.0,0.04621,1730.0
1753547062551,16:24:22.551,ACT/USDT:USDT,0.04578,1.0,0.0456,993.0,0.0462,83.0,0.04621,1730.0
1753547062617,16:24:22.617,ACT/USDT:USDT,0.04578,1.0,0.0456,993.0,0.0462,83.0,0.04621,1730.0
1753547062633,16:24:22.633,ACT/USDT:USDT,0.0456,993.0,0.04537,228.0,0.0462,83.0,0.04621,1730.0
1753547062684,16:24:22.684,ACT/USDT:USDT,0.04578,1.0,0.0456,993.0,0.0462,83.0,0.04621,1730.0
1753547062706,16:24:22.706,ACT/USDT:USDT,0.04578,2.0,0.0456,993.0,0.0462,83.0,0.04621,1730.0
1753547062750,16:24:22.750,ACT/USDT:USDT,0.04578,1.0,0.0456,993.0,0.0462,83.0,0.04621,1730.0
1753547062817,16:24:22.817,ACT/USDT:USDT,0.04578,1.0,0.0456,993.0,0.0462,83.0,0.04621,1730.0
1753547062845,16:24:22.845,ACT/USDT:USDT,0.04578,1.0,0.04561,1.0,0.0462,83.0,0.04621,1730.0
1753547062883,16:24:22.883,ACT/USDT:USDT,0.04561,1.0,0.0456,993.0,0.0462,83.0,0.04621,1730.0
1753547062915,16:24:22.915,ACT/USDT:USDT,0.04562,1892.0,0.04561,1.0,0.0462,83.0,0.04621,1730.0
1753547062929,16:24:22.929,ACT/USDT:USDT,0.04563,993.0,0.04562,1892.0,0.0462,83.0,0.04621,1730.0
1753547062956,16:24:22.956,ACT/USDT:USDT,0.04578,1.0,0.04563,993.0,0.04619,993.0,0.0462,1975.0
1753547063016,16:24:23.016,ACT/USDT:USDT,0.04563,993.0,0.04562,1892.0,0.04619,993.0,0.0462,1975.0
1753547063048,16:24:23.048,ACT/USDT:USDT,0.04578,1.0,0.04563,993.0,0.04619,993.0,0.0462,1975.0
1753547063080,16:24:23.080,ACT/USDT:USDT,0.04578,1.0,0.04563,993.0,0.04619,993.0,0.0462,1975.0
1753547063110,16:24:23.110,ACT/USDT:USDT,0.04578,1.0,0.04564,1.0,0.04619,993.0,0.0462,1975.0
1753547063145,16:24:23.145,ACT/USDT:USDT,0.04578,1.0,0.04564,1.0,0.04619,993.0,0.0462,1975.0
1753547063175,16:24:23.175,ACT/USDT:USDT,0.04563,993.0,0.04465,2186.0,0.04619,993.0,0.0462,1975.0
1753547063220,16:24:23.220,ACT/USDT:USDT,0.04578,57.0,0.04563,993.0,0.04619,993.0,0.0462,1975.0
1753547063232,16:24:23.232,ACT/USDT:USDT,0.04578,57.0,0.04564,57.0,0.04619,993.0,0.0462,1975.0
1753547063282,16:24:23.282,ACT/USDT:USDT,0.04578,57.0,0.04564,57.0,0.04618,83.0,0.04619,993.0
1753547063332,16:24:23.332,ACT/USDT:USDT,0.04578,57.0,0.04564,57.0,0.04618,83.0,0.04619,993.0
1753547063348,16:24:23.348,ACT/USDT:USDT,0.04578,57.0,0.04563,993.0,0.04618,83.0,0.04619,993.0
1753547063380,16:24:23.380,ACT/USDT:USDT,0.04578,57.0,0.04563,993.0,0.04618,83.0,0.04619,993.0
1753547063404,16:24:23.404,ACT/USDT:USDT,0.04578,57.0,0.04563,993.0,0.04618,83.0,0.04619,993.0
1753547063437,16:24:23.437,ACT/USDT:USDT,0.04578,114.0,0.04563,993.0,0.04618,83.0,0.04619,993.0
1753547063468,16:24:23.468,ACT/USDT:USDT,0.04578,57.0,0.04563,993.0,0.04618,83.0,0.04619,993.0
1753547063496,16:24:23.496,ACT/USDT:USDT,0.04578,57.0,0.04563,993.0,0.04618,83.0,0.04619,1730.0
1753547063539,16:24:23.539,ACT/USDT:USDT,0.04578,1.0,0.04563,993.0,0.04618,83.0,0.04619,1730.0
1753547063583,16:24:23.583,ACT/USDT:USDT,0.04578,1.0,0.04563,993.0,0.04618,83.0,0.04619,1730.0
1753547063602,16:24:23.602,ACT/USDT:USDT,0.04578,45.0,0.04563,993.0,0.04618,83.0,0.04619,1730.0
1753547064434,16:24:24.434,ACT/USDT:USDT,0.04578,44.0,0.04563,993.0,0.04618,83.0,0.04619,1730.0
1753547064502,16:24:24.502,ACT/USDT:USDT,0.04578,3.0,0.04563,993.0,0.04618,83.0,0.04619,1730.0
1753547065639,16:24:25.639,ACT/USDT:USDT,0.04578,3.0,0.04563,993.0,0.04618,83.0,0.04619,1730.0
1753547065661,16:24:25.661,ACT/USDT:USDT,0.04578,3.0,0.04566,1891.0,0.04618,83.0,0.04619,1730.0
1753547065722,16:24:25.722,ACT/USDT:USDT,0.04578,57.0,0.04567,993.0,0.04618,83.0,0.04619,1730.0
1753547065789,16:24:25.789,ACT/USDT:USDT,0.04578,57.0,0.04567,1050.0,0.04618,83.0,0.04619,1730.0
1753547065934,16:24:25.934,ACT/USDT:USDT,0.04578,57.0,0.04567,993.0,0.04618,83.0,0.04619,1730.0
1753547066003,16:24:26.003,ACT/USDT:USDT,0.04578,114.0,0.04567,993.0,0.04618,83.0,0.04619,1730.0
1753547068547,16:24:28.547,ACT/USDT:USDT,0.04578,114.0,0.04567,993.0,0.04618,83.0,0.04619,1730.0
1753547068573,16:24:28.573,ACT/USDT:USDT,0.04578,114.0,0.0456,993.0,0.04618,83.0,0.04619,1730.0
1753547068648,16:24:28.648,ACT/USDT:USDT,0.04578,114.0,0.0456,993.0,0.04618,83.0,0.04619,1730.0
1753547068683,16:24:28.683,ACT/USDT:USDT,0.04578,114.0,0.0456,993.0,0.04618,83.0,0.04619,1730.0
1753547068687,16:24:28.687,ACT/USDT:USDT,0.04578,114.0,0.0456,993.0,0.04618,83.0,0.04619,1730.0
1753547068740,16:24:28.740,ACT/USDT:USDT,0.04578,114.0,0.0456,993.0,0.04618,83.0,0.04619,1730.0
1753547068997,16:24:28.997,ACT/USDT:USDT,0.04578,114.0,0.0456,993.0,0.04618,83.0,0.04619,1730.0
1753547069151,16:24:29.151,ACT/USDT:USDT,0.04578,114.0,0.0456,993.0,0.04618,83.0,0.04619,1730.0
1753547073129,16:24:33.129,ACT/USDT:USDT,0.04578,114.0,0.0456,993.0,0.04618,83.0,0.04619,993.0
1753547073185,16:24:33.185,ACT/USDT:USDT,0.04578,114.0,0.0456,993.0,0.04618,83.0,0.04619,1730.0
1753547073245,16:24:33.245,ACT/USDT:USDT,0.04578,114.0,0.0456,993.0,0.04618,83.0,0.04619,737.0
1753547073487,16:24:33.487,ACT/USDT:USDT,0.04578,114.0,0.0456,993.0,0.04618,1076.0,0.04619,737.0
1753547073802,16:24:33.802,ACT/USDT:USDT,0.04578,114.0,0.04571,1891.0,0.04618,1076.0,0.04619,737.0
1753547073816,16:24:33.816,ACT/USDT:USDT,0.04578,114.0,0.04572,993.0,0.04618,1076.0,0.04619,737.0
1753547073849,16:24:33.849,ACT/USDT:USDT,0.04578,114.0,0.04572,993.0,0.04618,1076.0,0.04619,737.0
1753547073925,16:24:33.925,ACT/USDT:USDT,0.04578,114.0,0.04538,589.0,0.04618,1076.0,0.04619,737.0
1753547073941,16:24:33.941,ACT/USDT:USDT,0.04578,114.0,0.04563,993.0,0.04618,1076.0,0.04619,737.0
1753547074243,16:24:34.243,ACT/USDT:USDT,0.04578,114.0,0.04563,993.0,0.04618,1076.0,0.04619,737.0
1753547074335,16:24:34.335,ACT/USDT:USDT,0.04578,114.0,0.04563,993.0,0.04618,1076.0,0.04619,737.0
1753547074372,16:24:34.372,ACT/USDT:USDT,0.04578,114.0,0.04563,993.0,0.04618,1076.0,0.04619,737.0
1753547074583,16:24:34.583,ACT/USDT:USDT,0.04578,114.0,0.04563,993.0,0.04618,1076.0,0.04619,737.0
1753547074757,16:24:34.757,ACT/USDT:USDT,0.04578,114.0,0.04563,993.0,0.04618,1076.0,0.04619,737.0
1753547078570,16:24:38.570,ACT/USDT:USDT,0.04578,114.0,0.04563,993.0,0.04618,1076.0,0.04622,2855.0
1753547078600,16:24:38.600,ACT/USDT:USDT,0.04578,114.0,0.04563,993.0,0.04618,83.0,0.04621,993.0
1753547078618,16:24:38.618,ACT/USDT:USDT,0.04578,114.0,0.04563,993.0,0.04618,83.0,0.04621,993.0
1753547078920,16:24:38.920,ACT/USDT:USDT,0.04578,114.0,0.04563,993.0,0.04618,83.0,0.0462,737.0
1753547078952,16:24:38.952,ACT/USDT:USDT,0.04578,114.0,0.04563,993.0,0.04618,83.0,0.04619,993.0
1753547078985,16:24:38.985,ACT/USDT:USDT,0.04578,114.0,0.04563,993.0,0.04618,83.0,0.04619,993.0
1753547079042,16:24:39.042,ACT/USDT:USDT,0.04578,114.0,0.04563,993.0,0.04618,83.0,0.04619,993.0
1753547079079,16:24:39.079,ACT/USDT:USDT,0.04578,114.0,0.04563,993.0,0.04618,83.0,0.04619,993.0
1753547079929,16:24:39.929,ACT/USDT:USDT,0.04578,114.0,0.04563,993.0,0.04593,15.0,0.04618,83.0
1753547079936,16:24:39.936,ACT/USDT:USDT,0.04578,114.0,0.04563,993.0,0.04618,83.0,0.04619,1730.0
1753547080014,16:24:40.014,ACT/USDT:USDT,0.04578,114.0,0.04568,1891.0,0.04618,83.0,0.04619,737.0
1753547080029,16:24:40.029,ACT/USDT:USDT,0.04578,114.0,0.04568,1891.0,0.04618,83.0,0.04619,737.0
1753547080059,16:24:40.059,ACT/USDT:USDT,0.04578,114.0,0.04569,993.0,0.04618,83.0,0.04619,737.0
1753547080088,16:24:40.088,ACT/USDT:USDT,0.04578,114.0,0.04569,993.0,0.04618,83.0,0.04619,737.0
1753547080116,16:24:40.116,ACT/USDT:USDT,0.04578,114.0,0.04569,993.0,0.04618,83.0,0.04619,737.0
1753547080144,16:24:40.144,ACT/USDT:USDT,0.04578,114.0,0.04569,993.0,0.04618,83.0,0.04619,737.0
1753547080302,16:24:40.302,ACT/USDT:USDT,0.04578,114.0,0.04569,993.0,0.04618,83.0,0.04619,737.0
1753547080332,16:24:40.332,ACT/USDT:USDT,0.04578,114.0,0.04569,993.0,0.04618,83.0,0.04619,737.0
1753547080357,16:24:40.357,ACT/USDT:USDT,0.04578,114.0,0.04563,993.0,0.04618,83.0,0.04619,737.0
1753547080393,16:24:40.393,ACT/USDT:USDT,0.04578,114.0,0.04563,993.0,0.04618,83.0,0.04619,737.0
1753547080440,16:24:40.440,ACT/USDT:USDT,0.04578,114.0,0.04563,993.0,0.04618,83.0,0.04619,737.0
1753547080472,16:24:40.472,ACT/USDT:USDT,0.04578,114.0,0.04563,993.0,0.04618,83.0,0.04619,737.0
1753547080473,16:24:40.473,ACT/USDT:USDT,0.04578,114.0,0.04563,993.0,0.04618,83.0,0.04619,737.0
1753547080509,16:24:40.509,ACT/USDT:USDT,0.04578,114.0,0.04563,993.0,0.04618,83.0,0.04619,737.0
1753547081373,16:24:41.373,ACT/USDT:USDT,0.04578,114.0,0.04563,993.0,0.04618,83.0,0.04619,737.0
1753547081731,16:24:41.731,ACT/USDT:USDT,0.04578,114.0,0.04563,993.0,0.04618,83.0,0.04619,737.0
1753547081848,16:24:41.848,ACT/USDT:USDT,0.04578,114.0,0.04563,993.0,0.04618,83.0,0.04619,737.0
1753547081861,16:24:41.861,ACT/USDT:USDT,0.04578,114.0,0.04564,1891.0,0.04618,83.0,0.04619,737.0
1753547081957,16:24:41.957,ACT/USDT:USDT,0.04578,114.0,0.04565,993.0,0.04618,83.0,0.04619,737.0
1753547081987,16:24:41.987,ACT/USDT:USDT,0.04578,114.0,0.04565,993.0,0.04618,83.0,0.04619,737.0
1753547083748,16:24:43.748,ACT/USDT:USDT,0.04578,114.0,0.04565,993.0,0.04618,83.0,0.04619,737.0
1753547086193,16:24:46.193,ACT/USDT:USDT,0.04578,114.0,0.04574,1891.0,0.04618,83.0,0.04619,737.0
1753547086210,16:24:46.210,ACT/USDT:USDT,0.04578,114.0,0.04575,993.0,0.04618,83.0,0.04619,737.0
1753547086309,16:24:46.309,ACT/USDT:USDT,0.04578,114.0,0.04575,993.0,0.04618,83.0,0.04619,737.0
1753547086318,16:24:46.318,ACT/USDT:USDT,0.04578,114.0,0.04537,590.0,0.04618,83.0,0.04619,737.0
1753547086343,16:24:46.343,ACT/USDT:USDT,0.04578,114.0,0.04563,993.0,0.04618,83.0,0.04619,737.0
1753547086445,16:24:46.445,ACT/USDT:USDT,0.04578,114.0,0.04563,993.0,0.04618,83.0,0.04619,737.0
1753547086499,16:24:46.499,ACT/USDT:USDT,0.04578,114.0,0.04563,993.0,0.04618,83.0,0.04619,737.0
1753547086638,16:24:46.638,ACT/USDT:USDT,0.04578,114.0,0.04563,993.0,0.04618,83.0,0.04619,737.0
1753547086752,16:24:46.752,ACT/USDT:USDT,0.04578,114.0,0.04573,1891.0,0.04618,83.0,0.04619,737.0
1753547086786,16:24:46.786,ACT/USDT:USDT,0.04578,114.0,0.04574,993.0,0.04618,83.0,0.04619,737.0
1753547086876,16:24:46.876,ACT/USDT:USDT,0.04578,114.0,0.04574,993.0,0.04618,83.0,0.04619,737.0
1753547086936,16:24:46.936,ACT/USDT:USDT,0.04578,114.0,0.04574,993.0,0.04618,83.0,0.04619,737.0
1753547090177,16:24:50.177,ACT/USDT:USDT,0.04578,114.0,0.04574,993.0,0.04618,83.0,0.04621,993.0
1753547090200,16:24:50.200,ACT/USDT:USDT,0.04578,114.0,0.04537,590.0,0.04618,83.0,0.04621,993.0
1753547090372,16:24:50.372,ACT/USDT:USDT,0.04578,114.0,0.04563,993.0,0.04618,83.0,0.0462,737.0
1753547090388,16:24:50.388,ACT/USDT:USDT,0.04578,114.0,0.04563,993.0,0.04618,83.0,0.04619,993.0
1753547090497,16:24:50.497,ACT/USDT:USDT,0.04578,114.0,0.04563,993.0,0.04618,83.0,0.04619,993.0
1753547091302,16:24:51.302,ACT/USDT:USDT,0.04578,114.0,0.04563,993.0,0.04618,83.0,0.04619,993.0
1753547091304,16:24:51.304,ACT/USDT:USDT,0.04578,114.0,0.04563,993.0,0.04618,83.0,0.04619,1730.0
1753547091351,16:24:51.351,ACT/USDT:USDT,0.04578,114.0,0.04563,993.0,0.04618,83.0,0.04619,737.0
1753547092548,16:24:52.548,ACT/USDT:USDT,0.04578,114.0,0.04563,993.0,0.04618,83.0,0.04619,737.0
1753547092565,16:24:52.565,ACT/USDT:USDT,0.04578,114.0,0.04563,993.0,0.04618,83.0,0.04619,737.0
1753547092651,16:24:52.651,ACT/USDT:USDT,0.04578,114.0,0.04563,993.0,0.04618,83.0,0.04619,737.0
1753547092702,16:24:52.702,ACT/USDT:USDT,0.04578,114.0,0.04563,993.0,0.04618,83.0,0.04619,737.0
1753547092747,16:24:52.747,ACT/USDT:USDT,0.04578,114.0,0.04563,993.0,0.04618,83.0,0.04619,737.0
1753547092789,16:24:52.789,ACT/USDT:USDT,0.04578,114.0,0.04563,993.0,0.04618,83.0,0.04619,737.0
1753547093934,16:24:53.934,ACT/USDT:USDT,0.04578,114.0,0.04563,993.0,0.04618,83.0,0.04619,737.0
1753547093955,16:24:53.955,ACT/USDT:USDT,0.04578,114.0,0.04563,993.0,0.04618,83.0,0.04619,737.0
1753547094944,16:24:54.944,ACT/USDT:USDT,0.04578,114.0,0.04565,1891.0,0.04618,83.0,0.04619,737.0
1753547095068,16:24:55.068,ACT/USDT:USDT,0.04578,114.0,0.04566,993.0,0.04618,83.0,0.04619,737.0
1753547096132,16:24:56.132,ACT/USDT:USDT,0.04578,114.0,0.04566,993.0,0.04618,83.0,0.04619,737.0
1753547097145,16:24:57.145,ACT/USDT:USDT,0.04578,114.0,0.04566,993.0,0.04618,83.0,0.04619,737.0
1753547097156,16:24:57.156,ACT/USDT:USDT,0.04578,114.0,0.04564,1891.0,0.04618,83.0,0.04619,737.0
1753547098139,16:24:58.139,ACT/USDT:USDT,0.04578,114.0,0.04565,993.0,0.04618,83.0,0.04619,737.0
1753547098197,16:24:58.197,ACT/USDT:USDT,0.04578,114.0,0.04565,993.0,0.04618,83.0,0.04619,737.0
1753547098260,16:24:58.260,ACT/USDT:USDT,0.04578,114.0,0.04565,993.0,0.04618,83.0,0.04619,737.0
1753547098341,16:24:58.341,ACT/USDT:USDT,0.04578,114.0,0.04565,993.0,0.04618,83.0,0.04619,737.0
1753547098361,16:24:58.361,ACT/USDT:USDT,0.04578,114.0,0.04565,993.0,0.04618,83.0,0.04619,737.0
1753547098456,16:24:58.456,ACT/USDT:USDT,0.04578,114.0,0.04565,993.0,0.04618,83.0,0.04619,737.0
1753547098554,16:24:58.554,ACT/USDT:USDT,0.04578,114.0,0.04565,993.0,0.04618,83.0,0.04619,737.0
1753547099536,16:24:59.536,ACT/USDT:USDT,0.04578,114.0,0.04565,993.0,0.04618,83.0,0.04619,737.0
1753547099766,16:24:59.766,ACT/USDT:USDT,0.04578,114.0,0.04565,993.0,0.04618,83.0,0.04619,737.0
1753547099833,16:24:59.833,ACT/USDT:USDT,0.04578,114.0,0.04565,993.0,0.04618,83.0,0.04619,737.0
1753547099955,16:24:59.955,ACT/USDT:USDT,0.04578,114.0,0.04565,993.0,0.04618,83.0,0.04619,737.0
1753547100051,16:25:00.051,ACT/USDT:USDT,0.04578,114.0,0.04565,993.0,0.04618,83.0,0.04619,737.0
1753547100215,16:25:00.215,ACT/USDT:USDT,0.04578,114.0,0.04565,993.0,0.04618,83.0,0.04619,737.0
1753547100321,16:25:00.321,ACT/USDT:USDT,0.04578,114.0,0.04565,993.0,0.04618,83.0,0.04619,737.0
1753547100351,16:25:00.351,ACT/USDT:USDT,0.04578,114.0,0.04568,1891.0,0.04618,83.0,0.04619,737.0
1753547100375,16:25:00.375,ACT/USDT:USDT,0.04568,1891.0,0.04565,993.0,0.04618,83.0,0.04619,737.0
1753547100398,16:25:00.398,ACT/USDT:USDT,0.04569,993.0,0.04568,1891.0,0.04618,1076.0,0.04619,737.0
1753547100447,16:25:00.447,ACT/USDT:USDT,0.04578,6.0,0.04569,993.0,0.04618,1076.0,0.04619,737.0
1753547100467,16:25:00.467,ACT/USDT:USDT,0.04578,6.0,0.04569,6.0,0.04618,1076.0,0.04619,737.0
1753547100561,16:25:00.561,ACT/USDT:USDT,0.04578,6.0,0.04569,6.0,0.04618,1076.0,0.04619,737.0
1753547100877,16:25:00.877,ACT/USDT:USDT,0.04578,6.0,0.04537,590.0,0.04618,1076.0,0.04619,737.0
1753547100947,16:25:00.947,ACT/USDT:USDT,0.04578,63.0,0.04562,993.0,0.04618,1076.0,0.04619,737.0
1753547103788,16:25:03.788,ACT/USDT:USDT,0.04578,63.0,0.04562,993.0,0.04618,83.0,0.04619,737.0
1753547103841,16:25:03.841,ACT/USDT:USDT,0.04578,63.0,0.04562,993.0,0.04618,83.0,0.04622,2855.0
1753547104091,16:25:04.091,ACT/USDT:USDT,0.04578,63.0,0.04562,993.0,0.04618,83.0,0.04621,993.0
1753547104179,16:25:04.179,ACT/USDT:USDT,0.04578,63.0,0.04562,993.0,0.04618,83.0,0.04621,993.0
1753547104295,16:25:04.295,ACT/USDT:USDT,0.04578,63.0,0.04562,993.0,0.04618,83.0,0.0462,737.0
1753547104391,16:25:04.391,ACT/USDT:USDT,0.04578,63.0,0.04562,993.0,0.04618,83.0,0.0462,737.0
1753547104557,16:25:04.557,ACT/USDT:USDT,0.04578,57.0,0.04562,993.0,0.04618,83.0,0.0462,737.0
1753547104610,16:25:04.610,ACT/USDT:USDT,0.04562,993.0,0.04537,590.0,0.04618,83.0,0.04619,993.0
1753547104628,16:25:04.628,ACT/USDT:USDT,0.04578,57.0,0.04562,993.0,0.04618,83.0,0.04619,993.0
1753547104671,16:25:04.671,ACT/USDT:USDT,0.04578,57.0,0.04563,57.0,0.04618,83.0,0.04619,993.0
1753547104694,16:25:04.694,ACT/USDT:USDT,0.04563,57.0,0.04562,993.0,0.04618,83.0,0.04619,1730.0
1753547104719,16:25:04.719,ACT/USDT:USDT,0.04563,57.0,0.04562,993.0,0.04618,83.0,0.04619,1730.0
1753547104749,16:25:04.749,ACT/USDT:USDT,0.04563,57.0,0.04562,993.0,0.04618,83.0,0.04619,1730.0
1753547104782,16:25:04.782,ACT/USDT:USDT,0.04578,57.0,0.04562,993.0,0.04618,83.0,0.04619,1730.0
1753547104812,16:25:04.812,ACT/USDT:USDT,0.04578,57.0,0.04562,993.0,0.04618,83.0,0.04619,1730.0
1753547104834,16:25:04.834,ACT/USDT:USDT,0.04578,57.0,0.04563,57.0,0.04618,83.0,0.04619,1730.0
1753547104870,16:25:04.870,ACT/USDT:USDT,0.04578,57.0,0.04563,57.0,0.04618,83.0,0.04619,1730.0
1753547104925,16:25:04.925,ACT/USDT:USDT,0.04578,57.0,0.04563,57.0,0.04618,83.0,0.04619,1730.0
1753547104969,16:25:04.969,ACT/USDT:USDT,0.04578,57.0,0.04563,57.0,0.04618,83.0,0.04619,1730.0
1753547105036,16:25:05.036,ACT/USDT:USDT,0.04578,57.0,0.04563,57.0,0.04618,83.0,0.04619,1730.0
1753547105065,16:25:05.065,ACT/USDT:USDT,0.04578,57.0,0.04563,57.0,0.04618,83.0,0.04619,1730.0
1753547105119,16:25:05.119,ACT/USDT:USDT,0.04578,57.0,0.04563,57.0,0.04618,83.0,0.04619,1730.0
1753547105145,16:25:05.145,ACT/USDT:USDT,0.04578,57.0,0.04563,57.0,0.04618,83.0,0.04619,1730.0
1753547105175,16:25:05.175,ACT/USDT:USDT,0.04578,57.0,0.04563,57.0,0.04618,83.0,0.04619,1730.0
1753547105218,16:25:05.218,ACT/USDT:USDT,0.04578,57.0,0.04562,993.0,0.04618,83.0,0.04619,1730.0
1753547105238,16:25:05.238,ACT/USDT:USDT,0.04562,993.0,0.04538,589.0,0.04618,83.0,0.04619,1730.0
1753547105269,16:25:05.269,ACT/USDT:USDT,0.04578,1.0,0.04562,993.0,0.04618,83.0,0.04619,1730.0
1753547105293,16:25:05.293,ACT/USDT:USDT,0.04578,1.0,0.04563,1.0,0.04618,83.0,0.04619,1730.0
1753547105337,16:25:05.337,ACT/USDT:USDT,0.04563,1.0,0.04562,993.0,0.04618,83.0,0.04619,1730.0
1753547105405,16:25:05.405,ACT/USDT:USDT,0.04562,993.0,0.04538,589.0,0.04618,83.0,0.04619,1730.0
1753547105405,16:25:05.405,ACT/USDT:USDT,0.04578,1.0,0.04562,993.0,0.04618,83.0,0.04619,1730.0
1753547105450,16:25:05.450,ACT/USDT:USDT,0.04578,1.0,0.04562,993.0,0.04618,83.0,0.04619,1730.0
1753547105471,16:25:05.471,ACT/USDT:USDT,0.04578,1.0,0.04562,993.0,0.04618,83.0,0.04619,1730.0
1753547105501,16:25:05.501,ACT/USDT:USDT,0.04578,1.0,0.04562,993.0,0.04618,83.0,0.04619,1730.0
1753547105534,16:25:05.534,ACT/USDT:USDT,0.04578,1.0,0.04562,993.0,0.04618,83.0,0.04619,1730.0
1753547105560,16:25:05.560,ACT/USDT:USDT,0.04578,1.0,0.04562,993.0,0.04618,83.0,0.04619,1730.0
1753547105596,16:25:05.596,ACT/USDT:USDT,0.04578,1.0,0.04562,993.0,0.04618,83.0,0.04619,1730.0
1753547105636,16:25:05.636,ACT/USDT:USDT,0.04578,2.0,0.04562,993.0,0.04618,83.0,0.04619,1730.0
1753547105648,16:25:05.648,ACT/USDT:USDT,0.04578,1.0,0.04562,993.0,0.04618,83.0,0.04619,1730.0
1753547105676,16:25:05.676,ACT/USDT:USDT,0.04562,993.0,0.04465,2186.0,0.04618,83.0,0.04619,1730.0
1753547105710,16:25:05.710,ACT/USDT:USDT,0.04562,993.0,0.04538,227.0,0.04618,83.0,0.04619,1730.0
1753547105736,16:25:05.736,ACT/USDT:USDT,0.04578,57.0,0.04562,993.0,0.04618,83.0,0.04619,1730.0
1753547105769,16:25:05.769,ACT/USDT:USDT,0.04578,114.0,0.04562,993.0,0.04618,83.0,0.04619,1730.0
1753547105820,16:25:05.820,ACT/USDT:USDT,0.04578,114.0,0.04562,993.0,0.04618,83.0,0.04619,1730.0
1753547105825,16:25:05.825,ACT/USDT:USDT,0.04578,114.0,0.04562,993.0,0.04618,83.0,0.04619,1730.0
1753547105857,16:25:05.857,ACT/USDT:USDT,0.04578,114.0,0.04562,993.0,0.04618,83.0,0.04619,1730.0
1753547105885,16:25:05.885,ACT/USDT:USDT,0.04578,114.0,0.04562,993.0,0.04618,83.0,0.04619,1730.0
1753547105916,16:25:05.916,ACT/USDT:USDT,0.04578,114.0,0.04562,993.0,0.04618,83.0,0.04619,1730.0
1753547105945,16:25:05.945,ACT/USDT:USDT,0.04578,114.0,0.04562,993.0,0.04618,83.0,0.04619,1730.0
1753547106020,16:25:06.020,ACT/USDT:USDT,0.04578,114.0,0.04562,993.0,0.04618,83.0,0.04619,1730.0
1753547106051,16:25:06.051,ACT/USDT:USDT,0.04578,114.0,0.04562,993.0,0.04618,83.0,0.04619,1730.0
1753547106079,16:25:06.079,ACT/USDT:USDT,0.04578,114.0,0.04562,993.0,0.04618,83.0,0.04619,1730.0
1753547106129,16:25:06.129,ACT/USDT:USDT,0.04578,114.0,0.04562,993.0,0.04618,83.0,0.04619,1730.0
1753547106139,16:25:06.139,ACT/USDT:USDT,0.04578,57.0,0.04562,993.0,0.04618,83.0,0.04619,1730.0
1753547106178,16:25:06.178,ACT/USDT:USDT,0.04562,993.0,0.04538,589.0,0.04618,83.0,0.04619,1730.0
1753547106209,16:25:06.209,ACT/USDT:USDT,0.04578,17.0,0.04562,993.0,0.04618,83.0,0.04619,1730.0
1753547106229,16:25:06.229,ACT/USDT:USDT,0.04578,17.0,0.04538,589.0,0.04618,83.0,0.04619,1730.0
1753547106249,16:25:06.249,ACT/USDT:USDT,0.04578,17.0,0.04538,589.0,0.04618,83.0,0.04619,1730.0
1753547106291,16:25:06.291,ACT/USDT:USDT,0.04578,17.0,0.04538,589.0,0.04618,83.0,0.04619,1730.0
1753547106338,16:25:06.338,ACT/USDT:USDT,0.04578,17.0,0.04538,589.0,0.04618,83.0,0.04619,1730.0
1753547106338,16:25:06.338,ACT/USDT:USDT,0.04538,589.0,0.04508,823.0,0.04618,83.0,0.04619,1730.0
1753547106408,16:25:06.408,ACT/USDT:USDT,0.04578,94.0,0.04538,589.0,0.04618,83.0,0.04619,1730.0
1753547106573,16:25:06.573,ACT/USDT:USDT,0.04578,94.0,0.0456,993.0,0.04618,83.0,0.04619,1730.0
1753547107362,16:25:07.362,ACT/USDT:USDT,0.04578,94.0,0.04568,1891.0,0.04618,83.0,0.04619,1730.0
1753547107391,16:25:07.391,ACT/USDT:USDT,0.04569,993.0,0.0456,993.0,0.04618,83.0,0.04619,1730.0
1753547107441,16:25:07.441,ACT/USDT:USDT,0.04569,57.0,0.0456,993.0,0.04618,83.0,0.04619,1730.0
1753547107446,16:25:07.446,ACT/USDT:USDT,0.04569,114.0,0.0456,993.0,0.04618,83.0,0.04619,1730.0
1753547107488,16:25:07.488,ACT/USDT:USDT,0.04569,114.0,0.04538,589.0,0.04618,83.0,0.04619,1730.0
1753547107514,16:25:07.514,ACT/USDT:USDT,0.04569,114.0,0.0456,993.0,0.04618,83.0,0.04619,1730.0
1753547107543,16:25:07.543,ACT/USDT:USDT,0.04569,114.0,0.0456,993.0,0.04618,83.0,0.04619,1730.0
1753547107573,16:25:07.573,ACT/USDT:USDT,0.04569,114.0,0.0456,993.0,0.04618,83.0,0.04619,1730.0
1753547107602,16:25:07.602,ACT/USDT:USDT,0.04569,114.0,0.0456,993.0,0.04618,83.0,0.04619,1730.0
1753547107638,16:25:07.638,ACT/USDT:USDT,0.04569,114.0,0.0456,993.0,0.04618,83.0,0.04619,1730.0
1753547107654,16:25:07.654,ACT/USDT:USDT,0.04569,114.0,0.04567,1891.0,0.04618,83.0,0.04619,1730.0
1753547107777,16:25:07.777,ACT/USDT:USDT,0.04569,114.0,0.04568,993.0,0.04618,83.0,0.04619,1730.0
1753547107812,16:25:07.812,ACT/USDT:USDT,0.04569,114.0,0.04568,993.0,0.04618,83.0,0.04619,1730.0
1753547107843,16:25:07.843,ACT/USDT:USDT,0.04569,114.0,0.04568,993.0,0.04618,83.0,0.04619,1730.0
1753547107867,16:25:07.867,ACT/USDT:USDT,0.04569,114.0,0.04568,993.0,0.04618,83.0,0.04619,1730.0
1753547107896,16:25:07.896,ACT/USDT:USDT,0.04569,114.0,0.04568,993.0,0.04618,83.0,0.04619,1730.0
1753547107928,16:25:07.928,ACT/USDT:USDT,0.04569,114.0,0.04568,993.0,0.04618,83.0,0.04619,1730.0
1753547107965,16:25:07.965,ACT/USDT:USDT,0.04569,114.0,0.04568,993.0,0.04618,83.0,0.04619,1730.0
1753547107992,16:25:07.992,ACT/USDT:USDT,0.04569,114.0,0.0456,993.0,0.04618,83.0,0.04619,1730.0
1753547108048,16:25:08.048,ACT/USDT:USDT,0.04569,114.0,0.04567,1891.0,0.04618,83.0,0.04619,1730.0
1753547108172,16:25:08.172,ACT/USDT:USDT,0.04569,114.0,0.04568,993.0,0.04618,83.0,0.04619,1730.0
1753547111543,16:25:11.543,ACT/USDT:USDT,0.04569,114.0,0.04568,993.0,0.04618,83.0,0.04619,1730.0
1753547112153,16:25:12.153,ACT/USDT:USDT,0.04569,114.0,0.04568,993.0,0.04618,83.0,0.04619,1730.0
1753547112165,16:25:12.165,ACT/USDT:USDT,0.04569,114.0,0.0455,912.0,0.04618,83.0,0.04619,1730.0
1753547112232,16:25:12.232,ACT/USDT:USDT,0.04569,114.0,0.0456,993.0,0.04618,83.0,0.04619,1730.0
1753547112272,16:25:12.272,ACT/USDT:USDT,0.04569,114.0,0.0456,993.0,0.04618,83.0,0.04619,1730.0
1753547112444,16:25:12.444,ACT/USDT:USDT,0.04569,114.0,0.0456,993.0,0.04618,83.0,0.04619,1730.0
1753547112556,16:25:12.556,ACT/USDT:USDT,0.04569,114.0,0.0456,993.0,0.04618,83.0,0.04619,1730.0
1753547112600,16:25:12.600,ACT/USDT:USDT,0.04569,114.0,0.0456,993.0,0.04618,83.0,0.04619,1730.0
1753547112715,16:25:12.715,ACT/USDT:USDT,0.04569,114.0,0.0456,993.0,0.04618,83.0,0.04619,1730.0
1753547112875,16:25:12.875,ACT/USDT:USDT,0.04569,57.0,0.0456,993.0,0.04618,83.0,0.04619,1730.0
1753547112942,16:25:12.942,ACT/USDT:USDT,0.04569,57.0,0.0456,993.0,0.04618,83.0,0.04619,1730.0
1753547112984,16:25:12.984,ACT/USDT:USDT,0.04569,114.0,0.0456,993.0,0.04618,83.0,0.04619,1730.0
1753547114152,16:25:14.152,ACT/USDT:USDT,0.0457,1896.0,0.04569,114.0,0.04618,83.0,0.04619,1730.0
1753547114166,16:25:14.166,ACT/USDT:USDT,0.04571,993.0,0.0457,1896.0,0.04618,83.0,0.04619,1730.0
1753547114195,16:25:14.195,ACT/USDT:USDT,0.04571,993.0,0.0457,1896.0,0.04617,993.0,0.04618,1979.0
1753547114234,16:25:14.234,ACT/USDT:USDT,0.04571,993.0,0.0457,1896.0,0.04617,993.0,0.04618,1979.0
1753547114274,16:25:14.274,ACT/USDT:USDT,0.04571,993.0,0.04534,3412.0,0.04617,993.0,0.04618,1979.0
1753547114304,16:25:14.304,ACT/USDT:USDT,0.04572,57.0,0.04571,993.0,0.04617,993.0,0.04618,1979.0
1753547114319,16:25:14.319,ACT/USDT:USDT,0.04572,114.0,0.04571,993.0,0.04617,993.0,0.04618,83.0
1753547114355,16:25:14.355,ACT/USDT:USDT,0.04572,114.0,0.04571,993.0,0.04617,993.0,0.04618,83.0
1753547114394,16:25:14.394,ACT/USDT:USDT,0.04572,114.0,0.04571,993.0,0.04617,993.0,0.04618,83.0
1753547114490,16:25:14.490,ACT/USDT:USDT,0.04572,114.0,0.04571,993.0,0.04617,993.0,0.04618,83.0
1753547114502,16:25:14.502,ACT/USDT:USDT,0.04572,114.0,0.04564,1896.0,0.04617,993.0,0.04618,820.0
1753547114554,16:25:14.554,ACT/USDT:USDT,0.04572,114.0,0.04565,993.0,0.04617,993.0,0.04618,820.0
1753547115716,16:25:15.716,ACT/USDT:USDT,0.04572,57.0,0.04565,993.0,0.04617,993.0,0.04618,820.0
1753547115725,16:25:15.725,ACT/USDT:USDT,0.04565,993.0,0.04533,591.0,0.04617,993.0,0.04618,820.0
1753547115790,16:25:15.790,ACT/USDT:USDT,0.04572,1.0,0.04565,993.0,0.04617,993.0,0.04618,820.0
1753547115858,16:25:15.858,ACT/USDT:USDT,0.04572,1.0,0.04565,993.0,0.04617,993.0,0.04618,820.0
1753547115924,16:25:15.924,ACT/USDT:USDT,0.04572,57.0,0.04565,993.0,0.04617,993.0,0.04618,820.0
1753547115936,16:25:15.936,ACT/USDT:USDT,0.04572,57.0,0.04566,57.0,0.04617,993.0,0.04618,820.0
1753547116445,16:25:16.445,ACT/USDT:USDT,0.04572,57.0,0.04565,993.0,0.04617,993.0,0.04618,820.0
1753547116513,16:25:16.513,ACT/USDT:USDT,0.04572,114.0,0.04565,993.0,0.04617,993.0,0.04618,820.0
1753547117329,16:25:17.329,ACT/USDT:USDT,0.04572,114.0,0.04565,993.0,0.04617,993.0,0.04618,820.0
1753547117474,16:25:17.474,ACT/USDT:USDT,0.04572,114.0,0.04566,1896.0,0.04617,993.0,0.04618,820.0
1753547117500,16:25:17.500,ACT/USDT:USDT,0.04572,114.0,0.04567,993.0,0.04617,993.0,0.04618,2716.0
1753547117609,16:25:17.609,ACT/USDT:USDT,0.04572,114.0,0.04567,993.0,0.04617,993.0,0.04618,2716.0
1753547117747,16:25:17.747,ACT/USDT:USDT,0.04572,114.0,0.04567,993.0,0.04617,993.0,0.04618,2716.0
1753547118553,16:25:18.553,ACT/USDT:USDT,0.04572,114.0,0.04571,1896.0,0.04617,993.0,0.04618,2716.0
1753547118584,16:25:18.584,ACT/USDT:USDT,0.04572,1107.0,0.04567,993.0,0.04617,993.0,0.04618,2716.0
1753547118677,16:25:18.677,ACT/USDT:USDT,0.04572,114.0,0.04545,911.0,0.04617,993.0,0.04618,820.0
1753547118733,16:25:18.733,ACT/USDT:USDT,0.04572,114.0,0.0456,993.0,0.04617,993.0,0.04618,820.0
1753547118823,16:25:18.823,ACT/USDT:USDT,0.04572,114.0,0.0456,993.0,0.04617,993.0,0.04618,820.0
1753547118963,16:25:18.963,ACT/USDT:USDT,0.04572,114.0,0.0456,993.0,0.04617,993.0,0.04618,820.0
1753547119150,16:25:19.150,ACT/USDT:USDT,0.04572,114.0,0.0456,993.0,0.04617,993.0,0.04618,820.0
1753547119184,16:25:19.184,ACT/USDT:USDT,0.04572,114.0,0.0456,993.0,0.04617,993.0,0.04618,820.0
1753547119468,16:25:19.468,ACT/USDT:USDT,0.04572,114.0,0.0456,993.0,0.04617,993.0,0.04618,820.0
1753547120457,16:25:20.457,ACT/USDT:USDT,0.04572,114.0,0.0456,993.0,0.04617,993.0,0.04618,820.0
1753547123849,16:25:23.849,ACT/USDT:USDT,0.04572,114.0,0.0456,993.0,0.04617,993.0,0.04618,83.0
1753547123949,16:25:23.949,ACT/USDT:USDT,0.04572,114.0,0.0456,993.0,0.04617,993.0,0.04618,83.0
1753547124044,16:25:24.044,ACT/USDT:USDT,0.04572,114.0,0.0456,993.0,0.04617,993.0,0.04618,83.0
1753547124065,16:25:24.065,ACT/USDT:USDT,0.04572,114.0,0.04563,1896.0,0.04618,1076.0,0.04619,1896.0
1753547124097,16:25:24.097,ACT/USDT:USDT,0.04572,114.0,0.04564,993.0,0.04618,1076.0,0.04622,2855.0
1753547124204,16:25:24.204,ACT/USDT:USDT,0.04572,114.0,0.04554,908.0,0.04618,1076.0,0.04622,2855.0
1753547124218,16:25:24.218,ACT/USDT:USDT,0.04572,114.0,0.0456,993.0,0.04618,1076.0,0.04622,2855.0
1753547124306,16:25:24.306,ACT/USDT:USDT,0.04572,57.0,0.0456,993.0,0.04618,1076.0,0.04622,2855.0
1753547124379,16:25:24.379,ACT/USDT:USDT,0.04572,114.0,0.0456,993.0,0.04618,1076.0,0.04621,737.0
1753547124408,16:25:24.408,ACT/USDT:USDT,0.04572,57.0,0.0456,993.0,0.04618,83.0,0.04621,737.0
1753547124499,16:25:24.499,ACT/USDT:USDT,0.04572,57.0,0.0456,993.0,0.04618,83.0,0.0462,993.0
1753547124505,16:25:24.505,ACT/USDT:USDT,0.04572,1.0,0.0456,993.0,0.04618,83.0,0.0462,993.0
1753547124507,16:25:24.507,ACT/USDT:USDT,0.04572,1.0,0.0456,993.0,0.0462,993.0,0.04621,737.0
1753547124519,16:25:24.519,ACT/USDT:USDT,0.04572,2.0,0.0456,993.0,0.0462,993.0,0.04621,737.0
1753547124587,16:25:24.587,ACT/USDT:USDT,0.04572,2.0,0.0456,993.0,0.0462,993.0,0.04621,737.0
1753547124739,16:25:24.739,ACT/USDT:USDT,0.04572,2.0,0.0456,993.0,0.04619,83.0,0.0462,993.0
1753547124878,16:25:24.878,ACT/USDT:USDT,0.04572,2.0,0.0456,993.0,0.04619,83.0,0.0462,993.0
1753547125102,16:25:25.102,ACT/USDT:USDT,0.04572,2.0,0.0456,993.0,0.04619,83.0,0.0462,1730.0
1753547125189,16:25:25.189,ACT/USDT:USDT,0.04572,2.0,0.0456,993.0,0.04619,83.0,0.0462,1730.0
1753547125255,16:25:25.255,ACT/USDT:USDT,0.04572,2.0,0.0456,993.0,0.04619,83.0,0.0462,1730.0
1753547125284,16:25:25.284,ACT/USDT:USDT,0.04572,2.0,0.0456,993.0,0.04619,83.0,0.0462,1730.0
1753547125992,16:25:25.992,ACT/USDT:USDT,0.0459,76.0,0.04572,2.0,0.04619,83.0,0.0462,1730.0
1753547126058,16:25:26.058,ACT/USDT:USDT,0.04572,1.0,0.0456,993.0,0.04619,83.0,0.0462,1730.0
1753547126125,16:25:26.125,ACT/USDT:USDT,0.04572,1.0,0.0456,993.0,0.04619,83.0,0.0462,1730.0
1753547126134,16:25:26.134,ACT/USDT:USDT,0.04572,2.0,0.0456,993.0,0.04619,83.0,0.0462,1730.0
1753547126579,16:25:26.579,ACT/USDT:USDT,0.04572,2.0,0.04567,1895.0,0.04619,83.0,0.0462,1730.0
1753547126594,16:25:26.594,ACT/USDT:USDT,0.04572,2.0,0.04568,993.0,0.04619,83.0,0.0462,1730.0
1753547126702,16:25:26.702,ACT/USDT:USDT,0.04572,2.0,0.04568,993.0,0.04619,83.0,0.0462,1730.0
1753547128679,16:25:28.679,ACT/USDT:USDT,0.04572,1.0,0.04568,993.0,0.04619,83.0,0.0462,1730.0
1753547128729,16:25:28.729,ACT/USDT:USDT,0.04572,1.0,0.04568,993.0,0.04619,83.0,0.0462,1730.0
1753547129314,16:25:29.314,ACT/USDT:USDT,0.04572,1.0,0.04568,993.0,0.04619,83.0,0.0462,1730.0
1753547129346,16:25:29.346,ACT/USDT:USDT,0.04568,993.0,0.04544,3412.0,0.04619,83.0,0.0462,3621.0
1753547129379,16:25:29.379,ACT/USDT:USDT,0.0456,993.0,0.04544,3412.0,0.04619,83.0,0.0462,1730.0
1753547129407,16:25:29.407,ACT/USDT:USDT,0.04572,2.0,0.0456,993.0,0.04619,83.0,0.0462,1730.0
1753547129437,16:25:29.437,ACT/USDT:USDT,0.04572,2.0,0.0456,993.0,0.04619,83.0,0.0462,1730.0
1753547129524,16:25:29.524,ACT/USDT:USDT,0.04572,1.0,0.0456,993.0,0.04619,83.0,0.0462,1730.0
1753547129591,16:25:29.591,ACT/USDT:USDT,0.04561,1.0,0.0456,993.0,0.04619,83.0,0.0462,1730.0
1753547129662,16:25:29.662,ACT/USDT:USDT,0.0456,993.0,0.04533,591.0,0.04619,83.0,0.0462,1730.0
1753547129721,16:25:29.721,ACT/USDT:USDT,0.04572,1.0,0.0456,993.0,0.04619,83.0,0.0462,1730.0
1753547129739,16:25:29.739,ACT/USDT:USDT,0.04572,1.0,0.04561,1.0,0.04619,83.0,0.0462,1730.0
1753547129854,16:25:29.854,ACT/USDT:USDT,0.04561,1.0,0.0456,993.0,0.04619,83.0,0.0462,1730.0
1753547129888,16:25:29.888,ACT/USDT:USDT,0.04569,1891.0,0.0456,993.0,0.04616,993.0,0.04617,1891.0
1753547129921,16:25:29.921,ACT/USDT:USDT,0.04572,1.0,0.0457,993.0,0.04616,993.0,0.04617,1891.0
1753547129949,16:25:29.949,ACT/USDT:USDT,0.04572,1.0,0.0457,993.0,0.04615,83.0,0.04616,993.0
1753547129990,16:25:29.990,ACT/USDT:USDT,0.0457,993.0,0.04569,1891.0,0.04615,83.0,0.04616,993.0
1753547130015,16:25:30.015,ACT/USDT:USDT,0.0457,993.0,0.04569,1891.0,0.04615,83.0,0.04616,993.0
1753547130034,16:25:30.034,ACT/USDT:USDT,0.0457,993.0,0.04533,591.0,0.04615,83.0,0.04616,993.0
1753547130064,16:25:30.064,ACT/USDT:USDT,0.04571,1.0,0.0457,993.0,0.04615,83.0,0.04616,1730.0
1753547130107,16:25:30.107,ACT/USDT:USDT,0.04571,2.0,0.0457,993.0,0.04615,83.0,0.04616,1730.0
1753547130163,16:25:30.163,ACT/USDT:USDT,0.04571,1.0,0.0457,993.0,0.04615,83.0,0.04616,1730.0
1753547130215,16:25:30.215,ACT/USDT:USDT,0.0457,993.0,0.04533,591.0,0.04615,83.0,0.04616,1730.0
1753547130248,16:25:30.248,ACT/USDT:USDT,0.04571,1.0,0.04533,591.0,0.04615,83.0,0.04616,1730.0
1753547130312,16:25:30.312,ACT/USDT:USDT,0.04533,591.0,0.04503,824.0,0.04615,83.0,0.04616,1730.0
1753547130381,16:25:30.381,ACT/USDT:USDT,0.04571,57.0,0.04534,21.0,0.04615,83.0,0.04616,1730.0
1753547130416,16:25:30.416,ACT/USDT:USDT,0.04534,21.0,0.04533,591.0,0.04615,83.0,0.04616,1730.0
1753547130426,16:25:30.426,ACT/USDT:USDT,0.04534,21.0,0.04533,591.0,0.04615,83.0,0.04616,1730.0
1753547130456,16:25:30.456,ACT/USDT:USDT,0.04534,21.0,0.04533,591.0,0.04615,83.0,0.04616,1730.0
1753547130483,16:25:30.483,ACT/USDT:USDT,0.04571,21.0,0.04533,591.0,0.04615,83.0,0.04616,1730.0
1753547130525,16:25:30.525,ACT/USDT:USDT,0.04571,21.0,0.04553,2216.0,0.04615,83.0,0.04616,1730.0
1753547130551,16:25:30.551,ACT/USDT:USDT,0.04571,21.0,0.04558,993.0,0.04615,83.0,0.04616,1730.0
1753547130585,16:25:30.585,ACT/USDT:USDT,0.04571,21.0,0.04558,993.0,0.04615,83.0,0.04616,1730.0
1753547130667,16:25:30.667,ACT/USDT:USDT,0.04571,21.0,0.04563,1900.0,0.04615,83.0,0.04616,1730.0
1753547130734,16:25:30.734,ACT/USDT:USDT,0.04571,21.0,0.04564,993.0,0.04615,83.0,0.04616,1730.0
1753547130770,16:25:30.770,ACT/USDT:USDT,0.04571,21.0,0.04564,993.0,0.04615,83.0,0.04616,1730.0
1753547130782,16:25:30.782,ACT/USDT:USDT,0.04571,21.0,0.04558,993.0,0.04615,83.0,0.04616,1730.0
1753547130827,16:25:30.827,ACT/USDT:USDT,0.04571,21.0,0.04534,21.0,0.04615,83.0,0.04616,1730.0
1753547130855,16:25:30.855,ACT/USDT:USDT,0.04571,21.0,0.04534,21.0,0.04615,83.0,0.04616,1730.0
1753547130879,16:25:30.879,ACT/USDT:USDT,0.04571,21.0,0.04534,21.0,0.04615,83.0,0.04616,1730.0
1753547130910,16:25:30.910,ACT/USDT:USDT,0.04571,21.0,0.04558,993.0,0.04615,83.0,0.04616,1730.0
1753547131052,16:25:31.052,ACT/USDT:USDT,0.04571,21.0,0.04558,993.0,0.04615,83.0,0.04616,1730.0
1753547131121,16:25:31.121,ACT/USDT:USDT,0.04571,42.0,0.04558,993.0,0.04615,83.0,0.04616,1730.0
1753547131356,16:25:31.356,ACT/USDT:USDT,0.04571,42.0,0.04558,993.0,0.04615,140.0,0.04616,1730.0
1753547131602,16:25:31.602,ACT/USDT:USDT,0.04571,21.0,0.04558,993.0,0.04615,140.0,0.04616,1730.0
1753547131669,16:25:31.669,ACT/USDT:USDT,0.04571,57.0,0.04558,993.0,0.04615,140.0,0.04616,1730.0
1753547131715,16:25:31.715,ACT/USDT:USDT,0.04571,114.0,0.04558,993.0,0.04615,140.0,0.04616,1730.0
1753547131760,16:25:31.760,ACT/USDT:USDT,0.04571,114.0,0.04558,993.0,0.04615,140.0,0.04616,1730.0
1753547131790,16:25:31.790,ACT/USDT:USDT,0.04571,114.0,0.04558,993.0,0.04615,140.0,0.04616,1730.0
1753547131821,16:25:31.821,ACT/USDT:USDT,0.04571,114.0,0.04558,993.0,0.04615,140.0,0.04616,1730.0
1753547131847,16:25:31.847,ACT/USDT:USDT,0.04571,114.0,0.04558,993.0,0.04615,140.0,0.04616,1730.0
1753547131873,16:25:31.873,ACT/USDT:USDT,0.04571,114.0,0.04558,993.0,0.04615,140.0,0.04616,1730.0
1753547131928,16:25:31.928,ACT/USDT:USDT,0.04571,114.0,0.04558,993.0,0.04615,140.0,0.04616,1730.0
1753547131943,16:25:31.943,ACT/USDT:USDT,0.04571,114.0,0.04558,993.0,0.04615,140.0,0.04616,1730.0
1753547131969,16:25:31.969,ACT/USDT:USDT,0.04571,114.0,0.04558,993.0,0.04615,140.0,0.04616,1730.0
1753547132009,16:25:32.009,ACT/USDT:USDT,0.04571,114.0,0.04558,993.0,0.04615,140.0,0.04616,1730.0
1753547132038,16:25:32.038,ACT/USDT:USDT,0.04571,114.0,0.04558,993.0,0.04615,140.0,0.04616,1730.0
1753547132074,16:25:32.074,ACT/USDT:USDT,0.04571,114.0,0.04558,993.0,0.04615,140.0,0.04616,1730.0
1753547133250,16:25:33.250,ACT/USDT:USDT,0.04571,114.0,0.04558,993.0,0.04615,140.0,0.04616,1730.0
1753547133297,16:25:33.297,ACT/USDT:USDT,0.04571,114.0,0.04564,1904.0,0.04615,140.0,0.04616,1730.0
1753547133327,16:25:33.327,ACT/USDT:USDT,0.04571,114.0,0.04565,993.0,0.04615,140.0,0.04616,1730.0
1753547133435,16:25:33.435,ACT/USDT:USDT,0.04571,114.0,0.04565,993.0,0.04615,140.0,0.04616,1730.0
1753547133481,16:25:33.481,ACT/USDT:USDT,0.04571,114.0,0.04565,993.0,0.04615,140.0,0.04616,1730.0
1753547133538,16:25:33.538,ACT/USDT:USDT,0.04571,114.0,0.04565,993.0,0.04615,140.0,0.04616,1730.0
1753547134468,16:25:34.468,ACT/USDT:USDT,0.04571,114.0,0.04533,591.0,0.04615,140.0,0.04616,1730.0
1753547134476,16:25:34.476,ACT/USDT:USDT,0.04571,114.0,0.04559,993.0,0.04615,140.0,0.04616,1730.0
1753547134551,16:25:34.551,ACT/USDT:USDT,0.04571,114.0,0.04559,993.0,0.04615,140.0,0.04616,1730.0
1753547134668,16:25:34.668,ACT/USDT:USDT,0.04571,114.0,0.04559,993.0,0.04615,140.0,0.04616,1730.0
1753547135656,16:25:35.656,ACT/USDT:USDT,0.04571,114.0,0.04559,993.0,0.04615,140.0,0.04616,1730.0
1753547135920,16:25:35.920,ACT/USDT:USDT,0.04571,57.0,0.04559,993.0,0.04615,140.0,0.04616,1730.0
1753547135990,16:25:35.990,ACT/USDT:USDT,0.04571,1.0,0.04559,993.0,0.04615,140.0,0.04616,1730.0
1753547136090,16:25:36.090,ACT/USDT:USDT,0.04571,2.0,0.04559,993.0,0.04615,140.0,0.04616,1730.0
1753547136099,16:25:36.099,ACT/USDT:USDT,0.04571,1.0,0.04559,993.0,0.04615,140.0,0.04616,1730.0
1753547136167,16:25:36.167,ACT/USDT:USDT,0.04571,57.0,0.04559,993.0,0.04615,83.0,0.04616,1730.0
1753547136189,16:25:36.189,ACT/USDT:USDT,0.04571,114.0,0.04559,993.0,0.04615,140.0,0.04616,1730.0
1753547136217,16:25:36.217,ACT/USDT:USDT,0.04571,114.0,0.04559,993.0,0.04615,140.0,0.04616,1730.0
1753547136248,16:25:36.248,ACT/USDT:USDT,0.04571,57.0,0.04559,993.0,0.04615,140.0,0.04616,1730.0
1753547136275,16:25:36.275,ACT/USDT:USDT,0.04559,993.0,0.04556,2216.0,0.04615,140.0,0.04616,1730.0
1753547136306,16:25:36.306,ACT/USDT:USDT,0.04571,57.0,0.04559,993.0,0.04615,140.0,0.04616,1730.0
1753547136339,16:25:36.339,ACT/USDT:USDT,0.04571,57.0,0.04559,993.0,0.04615,140.0,0.04616,1730.0
1753547136371,16:25:36.371,ACT/USDT:USDT,0.04571,57.0,0.0456,57.0,0.04615,140.0,0.04616,1730.0
1753547136422,16:25:36.422,ACT/USDT:USDT,0.04571,57.0,0.0456,57.0,0.04615,140.0,0.04616,1730.0
1753547136452,16:25:36.452,ACT/USDT:USDT,0.04571,57.0,0.0456,57.0,0.04615,140.0,0.04616,1730.0
1753547136455,16:25:36.455,ACT/USDT:USDT,0.04571,57.0,0.0456,57.0,0.04615,140.0,0.04616,1730.0
1753547136489,16:25:36.489,ACT/USDT:USDT,0.04571,57.0,0.0456,57.0,0.04615,140.0,0.04616,1730.0
1753547136515,16:25:36.515,ACT/USDT:USDT,0.04571,57.0,0.0456,57.0,0.04615,140.0,0.04616,1730.0
1753547136549,16:25:36.549,ACT/USDT:USDT,0.04571,57.0,0.0456,57.0,0.04615,140.0,0.04616,1730.0
1753547136575,16:25:36.575,ACT/USDT:USDT,0.04571,57.0,0.0456,57.0,0.04615,140.0,0.04616,1730.0
1753547137077,16:25:37.077,ACT/USDT:USDT,0.04571,57.0,0.0456,57.0,0.04615,83.0,0.04616,1730.0
1753547137088,16:25:37.088,ACT/USDT:USDT,0.04571,57.0,0.04559,993.0,0.04615,83.0,0.04616,1730.0
1753547137114,16:25:37.114,ACT/USDT:USDT,0.04571,57.0,0.04559,993.0,0.04615,140.0,0.04616,1730.0
1753547137343,16:25:37.343,ACT/USDT:USDT,0.04571,114.0,0.04559,993.0,0.04615,140.0,0.04616,3626.0
1753547137360,16:25:37.360,ACT/USDT:USDT,0.04571,114.0,0.04565,1896.0,0.04615,140.0,0.04616,3626.0
1753547137475,16:25:37.475,ACT/USDT:USDT,0.04571,114.0,0.04566,993.0,0.04615,140.0,0.04616,3626.0
1753547137533,16:25:37.533,ACT/USDT:USDT,0.04571,114.0,0.04566,993.0,0.04615,140.0,0.04616,1730.0
1753547137540,16:25:37.540,ACT/USDT:USDT,0.04571,114.0,0.04566,993.0,0.04615,140.0,0.04616,1730.0
1753547137670,16:25:37.670,ACT/USDT:USDT,0.04571,114.0,0.04566,993.0,0.04615,140.0,0.04616,1730.0
1753547137691,16:25:37.691,ACT/USDT:USDT,0.04571,114.0,0.04558,993.0,0.04615,140.0,0.04616,1730.0
1753547138476,16:25:38.476,ACT/USDT:USDT,0.04571,57.0,0.04558,993.0,0.04615,140.0,0.04616,1730.0
1753547138543,16:25:38.543,ACT/USDT:USDT,0.04571,57.0,0.04558,993.0,0.04615,140.0,0.04616,1730.0
1753547142699,16:25:42.699,ACT/USDT:USDT,0.04571,114.0,0.04558,993.0,0.04615,140.0,0.04616,993.0
1753547142753,16:25:42.753,ACT/USDT:USDT,0.04571,114.0,0.04558,993.0,0.04615,140.0,0.04616,993.0
1753547142847,16:25:42.847,ACT/USDT:USDT,0.04571,114.0,0.04558,993.0,0.04615,140.0,0.04616,993.0
1753547143034,16:25:43.034,ACT/USDT:USDT,0.04571,114.0,0.04565,1896.0,0.04615,140.0,0.04616,993.0
1753547143099,16:25:43.099,ACT/USDT:USDT,0.04571,114.0,0.04566,993.0,0.04615,140.0,0.04616,993.0
1753547143158,16:25:43.158,ACT/USDT:USDT,0.04571,114.0,0.04566,993.0,0.04615,140.0,0.04616,993.0
1753547143361,16:25:43.361,ACT/USDT:USDT,0.04571,114.0,0.04566,993.0,0.04615,140.0,0.04616,1610.0
1753547145108,16:25:45.108,ACT/USDT:USDT,0.04571,114.0,0.04563,993.0,0.04615,140.0,0.04616,1610.0
1753547145195,16:25:45.195,ACT/USDT:USDT,0.04571,114.0,0.04563,993.0,0.04615,140.0,0.04616,1610.0
1753547145535,16:25:45.535,ACT/USDT:USDT,0.04571,114.0,0.04563,993.0,0.04615,83.0,0.04616,1610.0
1753547145642,16:25:45.642,ACT/USDT:USDT,0.04571,114.0,0.04563,993.0,0.04615,140.0,0.04616,1610.0
1753547146259,16:25:46.259,ACT/USDT:USDT,0.04571,114.0,0.04563,993.0,0.04615,140.0,0.04616,1610.0
1753547146340,16:25:46.340,ACT/USDT:USDT,0.04571,57.0,0.04563,993.0,0.04615,140.0,0.04616,1610.0
1753547146408,16:25:46.408,ACT/USDT:USDT,0.04571,4.0,0.04563,993.0,0.04615,140.0,0.04616,1610.0
1753547146493,16:25:46.493,ACT/USDT:USDT,0.04571,4.0,0.04563,993.0,0.04615,140.0,0.04616,1610.0
1753547146558,16:25:46.558,ACT/USDT:USDT,0.04571,8.0,0.04563,993.0,0.04615,140.0,0.04616,1610.0
1753547146865,16:25:46.865,ACT/USDT:USDT,0.04571,4.0,0.04563,993.0,0.04615,140.0,0.04616,1610.0
1753547146933,16:25:46.933,ACT/USDT:USDT,0.04571,57.0,0.04563,993.0,0.04615,140.0,0.04616,1610.0
1753547150126,16:25:50.126,ACT/USDT:USDT,0.04571,114.0,0.04563,993.0,0.04615,140.0,0.04616,993.0
1753547150316,16:25:50.316,ACT/USDT:USDT,0.04571,114.0,0.04563,993.0,0.04615,140.0,0.04616,993.0
1753547150467,16:25:50.467,ACT/USDT:USDT,0.04571,114.0,0.04564,1896.0,0.04615,140.0,0.04616,993.0
1753547150595,16:25:50.595,ACT/USDT:USDT,0.04571,114.0,0.04565,993.0,0.04615,140.0,0.04616,993.0
1753547151096,16:25:51.096,ACT/USDT:USDT,0.04571,114.0,0.04565,993.0,0.04615,140.0,0.04616,1549.0
1753547151200,16:25:51.200,ACT/USDT:USDT,0.04571,114.0,0.04565,993.0,0.04615,140.0,0.04616,1549.0
1753547151250,16:25:51.250,ACT/USDT:USDT,0.04571,114.0,0.04565,993.0,0.04615,140.0,0.04616,1549.0
1753547151285,16:25:51.285,ACT/USDT:USDT,0.04571,114.0,0.04565,993.0,0.04615,140.0,0.04616,1549.0
1753547151447,16:25:51.447,ACT/USDT:USDT,0.04571,114.0,0.04565,993.0,0.04615,140.0,0.04616,1549.0
1753547151464,16:25:51.464,ACT/USDT:USDT,0.04571,114.0,0.04565,993.0,0.04615,140.0,0.04616,1549.0
1753547151487,16:25:51.487,ACT/USDT:USDT,0.04571,114.0,0.04558,993.0,0.04615,140.0,0.04616,1549.0
1753547151987,16:25:51.987,ACT/USDT:USDT,0.04571,57.0,0.04558,993.0,0.04615,140.0,0.04616,1549.0
1753547151999,16:25:51.999,ACT/USDT:USDT,0.04558,993.0,0.04557,912.0,0.04614,1896.0,0.04615,140.0
1753547152046,16:25:52.046,ACT/USDT:USDT,0.04558,993.0,0.04533,228.0,0.04613,1076.0,0.04614,1896.0
1753547152061,16:25:52.061,ACT/USDT:USDT,0.04558,993.0,0.04533,228.0,0.04613,1076.0,0.04614,1896.0
1753547152121,16:25:52.121,ACT/USDT:USDT,0.04571,57.0,0.04559,57.0,0.04613,1076.0,0.04614,2452.0
1753547152148,16:25:52.148,ACT/USDT:USDT,0.04571,57.0,0.04558,993.0,0.04613,1076.0,0.04614,2452.0
1753547152175,16:25:52.175,ACT/USDT:USDT,0.04571,57.0,0.04558,993.0,0.04612,57.0,0.04613,1076.0
1753547152208,16:25:52.208,ACT/USDT:USDT,0.04571,57.0,0.04558,993.0,0.04612,57.0,0.04613,1076.0
1753547152248,16:25:52.248,ACT/USDT:USDT,0.04571,114.0,0.04558,993.0,0.04612,57.0,0.04613,1608.0
1753547152287,16:25:52.287,ACT/USDT:USDT,0.04571,114.0,0.04558,993.0,0.04612,57.0,0.04613,1608.0
1753547152378,16:25:52.378,ACT/USDT:USDT,0.04571,114.0,0.04558,993.0,0.04612,57.0,0.04613,1608.0
1753547152426,16:25:52.426,ACT/USDT:USDT,0.04571,114.0,0.04558,993.0,0.04612,57.0,0.04613,1608.0
1753547152451,16:25:52.451,ACT/USDT:USDT,0.04571,114.0,0.04558,993.0,0.04612,57.0,0.04613,1608.0
1753547152480,16:25:52.480,ACT/USDT:USDT,0.04571,114.0,0.04558,993.0,0.04612,57.0,0.04613,1608.0
1753547152515,16:25:52.515,ACT/USDT:USDT,0.04571,114.0,0.04558,993.0,0.04612,57.0,0.04613,1608.0
1753547152556,16:25:52.556,ACT/USDT:USDT,0.04571,114.0,0.04558,993.0,0.04612,57.0,0.04613,1608.0
1753547152592,16:25:52.592,ACT/USDT:USDT,0.04571,114.0,0.04558,993.0,0.04612,57.0,0.04613,1608.0
1753547152600,16:25:52.600,ACT/USDT:USDT,0.04571,114.0,0.04558,993.0,0.04612,57.0,0.04613,1608.0
1753547152626,16:25:52.626,ACT/USDT:USDT,0.04571,114.0,0.04558,993.0,0.04612,57.0,0.04613,1608.0
1753547152669,16:25:52.669,ACT/USDT:USDT,0.04571,114.0,0.04558,993.0,0.04612,57.0,0.04613,1608.0
1753547152736,16:25:52.736,ACT/USDT:USDT,0.04571,114.0,0.04558,993.0,0.04612,57.0,0.04613,1608.0
1753547153617,16:25:53.617,ACT/USDT:USDT,0.04571,114.0,0.04558,2889.0,0.04612,57.0,0.04613,1608.0
1753547154260,16:25:54.260,ACT/USDT:USDT,0.04571,114.0,0.04558,2889.0,0.04612,57.0,0.04613,1076.0
1753547155029,16:25:55.029,ACT/USDT:USDT,0.04571,114.0,0.04558,2889.0,0.04612,57.0,0.04613,1751.0
1753547155136,16:25:55.136,ACT/USDT:USDT,0.04571,114.0,0.04558,2889.0,0.04612,57.0,0.04613,1751.0
1753547155171,16:25:55.171,ACT/USDT:USDT,0.04571,114.0,0.04558,2889.0,0.04612,57.0,0.04613,1751.0
1753547155445,16:25:55.445,ACT/USDT:USDT,0.04571,114.0,0.04558,993.0,0.04612,57.0,0.04613,1751.0
1753547155703,16:25:55.703,ACT/USDT:USDT,0.04571,114.0,0.04558,993.0,0.04612,57.0,0.04613,1751.0
1753547155851,16:25:55.851,ACT/USDT:USDT,0.04571,114.0,0.04558,993.0,0.04612,57.0,0.04613,1751.0
1753547159512,16:25:59.512,ACT/USDT:USDT,0.04571,114.0,0.04558,993.0,0.04612,57.0,0.04613,1076.0
1753547159526,16:25:59.526,ACT/USDT:USDT,0.04571,114.0,0.04558,993.0,0.04612,57.0,0.04613,83.0
1753547159560,16:25:59.560,ACT/USDT:USDT,0.04571,114.0,0.04558,993.0,0.04612,57.0,0.04613,83.0
1753547159603,16:25:59.603,ACT/USDT:USDT,0.04571,114.0,0.04558,993.0,0.04612,57.0,0.04613,83.0
1753547159661,16:25:59.661,ACT/USDT:USDT,0.04571,114.0,0.04558,993.0,0.04612,57.0,0.04613,83.0
1753547159805,16:25:59.805,ACT/USDT:USDT,0.04571,114.0,0.04558,993.0,0.04612,57.0,0.04613,820.0
1753547159955,16:25:59.955,ACT/USDT:USDT,0.04571,114.0,0.04558,993.0,0.04612,57.0,0.04613,820.0
1753547159982,16:25:59.982,ACT/USDT:USDT,0.04571,114.0,0.04558,993.0,0.04612,57.0,0.04613,820.0
1753547160141,16:26:00.141,ACT/USDT:USDT,0.04571,114.0,0.04558,993.0,0.04612,57.0,0.04613,820.0
1753547160166,16:26:00.166,ACT/USDT:USDT,0.04571,114.0,0.04558,993.0,0.04612,57.0,0.04613,820.0
1753547160353,16:26:00.353,ACT/USDT:USDT,0.04571,114.0,0.04558,993.0,0.04612,57.0,0.04613,820.0
1753547160474,16:26:00.474,ACT/USDT:USDT,0.04571,114.0,0.04558,993.0,0.04613,820.0,0.04614,993.0
1753547160518,16:26:00.518,ACT/USDT:USDT,0.04571,114.0,0.04558,993.0,0.04613,83.0,0.04614,993.0
1753547162178,16:26:02.178,ACT/USDT:USDT,0.04571,114.0,0.04559,2216.0,0.04613,83.0,0.04614,1730.0
1753547162314,16:26:02.314,ACT/USDT:USDT,0.04571,114.0,0.0456,993.0,0.04613,83.0,0.04614,1730.0
1753547163655,16:26:03.655,ACT/USDT:USDT,0.04571,57.0,0.0456,993.0,0.04613,83.0,0.04614,1730.0
1753547163672,16:26:03.672,ACT/USDT:USDT,0.0456,993.0,0.04559,2216.0,0.04613,83.0,0.04614,1730.0
1753547163723,16:26:03.723,ACT/USDT:USDT,0.04571,57.0,0.0456,993.0,0.04613,83.0,0.04614,1730.0
1753547163727,16:26:03.727,ACT/USDT:USDT,0.04571,114.0,0.0456,993.0,0.04613,83.0,0.04614,1730.0
1753547163774,16:26:03.774,ACT/USDT:USDT,0.04571,114.0,0.04559,993.0,0.04613,83.0,0.04614,1730.0
1753547163833,16:26:03.833,ACT/USDT:USDT,0.04571,114.0,0.04559,993.0,0.04613,83.0,0.04614,1730.0
1753547164865,16:26:04.865,ACT/USDT:USDT,0.04571,114.0,0.04559,993.0,0.04611,1896.0,0.04613,83.0
1753547164884,16:26:04.884,ACT/USDT:USDT,0.04571,114.0,0.04559,993.0,0.04611,1896.0,0.04613,83.0
1753547164967,16:26:04.967,ACT/USDT:USDT,0.04571,114.0,0.04559,993.0,0.0461,993.0,0.04611,1896.0
1753547165050,16:26:05.050,ACT/USDT:USDT,0.04571,114.0,0.04559,993.0,0.0461,993.0,0.04611,1896.0
1753547165075,16:26:05.075,ACT/USDT:USDT,0.04571,114.0,0.04559,993.0,0.0461,993.0,0.04611,2633.0
1753547166857,16:26:06.857,ACT/USDT:USDT,0.04571,114.0,0.04566,1895.0,0.0461,993.0,0.04611,2633.0
1753547166951,16:26:06.951,ACT/USDT:USDT,0.04571,114.0,0.04567,993.0,0.0461,993.0,0.04611,2633.0
1753547166979,16:26:06.979,ACT/USDT:USDT,0.04571,114.0,0.04567,993.0,0.0461,993.0,0.04611,2633.0
1753547167034,16:26:07.034,ACT/USDT:USDT,0.04571,114.0,0.04567,993.0,0.0461,993.0,0.04611,2633.0
1753547167157,16:26:07.157,ACT/USDT:USDT,0.04571,114.0,0.04567,993.0,0.0461,993.0,0.04611,737.0
1753547169426,16:26:09.426,ACT/USDT:USDT,0.04571,114.0,0.04567,993.0,0.0461,993.0,0.04611,737.0
1753547169496,16:26:09.496,ACT/USDT:USDT,0.04571,114.0,0.04555,3209.0,0.0461,993.0,0.04611,737.0
1753547169554,16:26:09.554,ACT/USDT:USDT,0.04571,114.0,0.04555,3209.0,0.0461,993.0,0.04611,737.0
1753547169596,16:26:09.596,ACT/USDT:USDT,0.04571,114.0,0.04564,1895.0,0.0461,993.0,0.04611,737.0
1753547169610,16:26:09.610,ACT/USDT:USDT,0.04571,114.0,0.04565,993.0,0.0461,993.0,0.04611,737.0
1753547169718,16:26:09.718,ACT/USDT:USDT,0.04571,114.0,0.04565,993.0,0.0461,993.0,0.04611,737.0
1753547171074,16:26:11.074,ACT/USDT:USDT,0.04565,993.0,0.04564,1895.0,0.0461,993.0,0.04611,737.0
1753547171134,16:26:11.134,ACT/USDT:USDT,0.04571,2.0,0.04565,993.0,0.0461,993.0,0.04611,737.0
1753547171292,16:26:11.292,ACT/USDT:USDT,0.04571,4.0,0.04565,993.0,0.04609,83.0,0.0461,993.0
1753547171448,16:26:11.448,ACT/USDT:USDT,0.04585,10.0,0.04571,4.0,0.04609,83.0,0.0461,737.0
1753547171515,16:26:11.515,ACT/USDT:USDT,0.04571,2.0,0.04565,993.0,0.04609,83.0,0.0461,737.0
1753547171529,16:26:11.529,ACT/USDT:USDT,0.04565,993.0,0.04564,1895.0,0.04609,83.0,0.0461,737.0
1753547171559,16:26:11.559,ACT/USDT:USDT,0.04565,993.0,0.04564,1895.0,0.04609,83.0,0.0461,737.0
1753547171587,16:26:11.587,ACT/USDT:USDT,0.04571,120.0,0.04565,993.0,0.04609,83.0,0.0461,737.0
1753547171618,16:26:11.618,ACT/USDT:USDT,0.04571,120.0,0.04565,993.0,0.04609,83.0,0.0461,737.0
1753547171655,16:26:11.655,ACT/USDT:USDT,0.04571,120.0,0.04565,993.0,0.04609,83.0,0.0461,737.0
1753547171680,16:26:11.680,ACT/USDT:USDT,0.04571,120.0,0.04565,993.0,0.04609,83.0,0.0461,737.0
1753547171737,16:26:11.737,ACT/USDT:USDT,0.04571,120.0,0.04565,993.0,0.04609,83.0,0.0461,737.0
1753547171768,16:26:11.768,ACT/USDT:USDT,0.04571,120.0,0.04556,993.0,0.04609,83.0,0.0461,737.0
1753547171821,16:26:11.821,ACT/USDT:USDT,0.04571,120.0,0.04556,993.0,0.04609,83.0,0.0461,737.0
1753547171829,16:26:11.829,ACT/USDT:USDT,0.04571,120.0,0.04556,993.0,0.04609,83.0,0.0461,737.0
1753547171854,16:26:11.854,ACT/USDT:USDT,0.04571,120.0,0.04556,993.0,0.04609,83.0,0.0461,737.0
1753547171890,16:26:11.890,ACT/USDT:USDT,0.04571,120.0,0.04556,993.0,0.04609,83.0,0.0461,737.0
1753547171923,16:26:11.923,ACT/USDT:USDT,0.04571,120.0,0.04556,993.0,0.04609,83.0,0.0461,737.0
1753547171977,16:26:11.977,ACT/USDT:USDT,0.04571,120.0,0.04556,993.0,0.04609,83.0,0.0461,737.0
1753547172015,16:26:12.015,ACT/USDT:USDT,0.04571,120.0,0.04556,993.0,0.04609,83.0,0.0461,737.0
1753547172047,16:26:12.047,ACT/USDT:USDT,0.04571,120.0,0.04556,993.0,0.04609,83.0,0.0461,737.0
1753547172271,16:26:12.271,ACT/USDT:USDT,0.04571,120.0,0.04556,993.0,0.04609,83.0,0.0461,737.0
1753547172347,16:26:12.347,ACT/USDT:USDT,0.04571,120.0,0.04556,993.0,0.04609,83.0,0.0461,737.0
1753547172368,16:26:12.368,ACT/USDT:USDT,0.04571,120.0,0.04556,993.0,0.04609,83.0,0.0461,737.0
1753547173233,16:26:13.233,ACT/USDT:USDT,0.04571,120.0,0.04556,993.0,0.04609,83.0,0.0461,737.0
1753547173336,16:26:13.336,ACT/USDT:USDT,0.04571,120.0,0.04556,993.0,0.04609,83.0,0.04614,993.0
1753547173354,16:26:13.354,ACT/USDT:USDT,0.04571,120.0,0.04556,993.0,0.04609,737.0,0.04614,993.0
1753547173388,16:26:13.388,ACT/USDT:USDT,0.04571,120.0,0.04556,993.0,0.04608,993.0,0.04609,737.0
1753547173450,16:26:13.450,ACT/USDT:USDT,0.04571,120.0,0.04556,993.0,0.04608,1076.0,0.04609,737.0
1753547173479,16:26:13.479,ACT/USDT:USDT,0.04571,120.0,0.04556,993.0,0.04608,1813.0,0.04615,2858.0
1753547177203,16:26:17.203,ACT/USDT:USDT,0.04571,120.0,0.04556,993.0,0.04608,1076.0,0.04615,2858.0
1753547177225,16:26:17.225,ACT/USDT:USDT,0.04571,120.0,0.04556,993.0,0.04608,83.0,0.04614,993.0
1753547177263,16:26:17.263,ACT/USDT:USDT,0.04571,120.0,0.04564,1896.0,0.04614,993.0,0.04615,2858.0
1753547177318,16:26:17.318,ACT/USDT:USDT,0.04571,120.0,0.04565,993.0,0.04613,83.0,0.04614,993.0
1753547177387,16:26:17.387,ACT/USDT:USDT,0.04571,120.0,0.04565,993.0,0.04613,83.0,0.04614,993.0
1753547178172,16:26:18.172,ACT/USDT:USDT,0.04571,120.0,0.04565,993.0,0.04613,801.0,0.04614,993.0
1753547178187,16:26:18.187,ACT/USDT:USDT,0.04571,120.0,0.04565,993.0,0.04612,993.0,0.04613,801.0
1753547178248,16:26:18.248,ACT/USDT:USDT,0.04571,120.0,0.04565,993.0,0.04612,993.0,0.04613,83.0
1753547178296,16:26:18.296,ACT/USDT:USDT,0.04571,120.0,0.04565,993.0,0.04612,718.0,0.04613,83.0
1753547178310,16:26:18.310,ACT/USDT:USDT,0.04571,120.0,0.04565,993.0,0.04612,718.0,0.04613,83.0
1753547178348,16:26:18.348,ACT/USDT:USDT,0.04571,120.0,0.04565,993.0,0.04612,718.0,0.04613,83.0
1753547178487,16:26:18.487,ACT/USDT:USDT,0.04571,120.0,0.04565,993.0,0.04612,718.0,0.04613,83.0
1753547178579,16:26:18.579,ACT/USDT:USDT,0.04571,120.0,0.04565,993.0,0.04612,718.0,0.04613,83.0
1753547178605,16:26:18.605,ACT/USDT:USDT,0.04571,120.0,0.04557,993.0,0.04612,718.0,0.04613,83.0
1753547179645,16:26:19.645,ACT/USDT:USDT,0.04571,120.0,0.04564,1895.0,0.04612,718.0,0.04613,83.0
1753547179658,16:26:19.658,ACT/USDT:USDT,0.04571,120.0,0.04565,993.0,0.04612,718.0,0.04613,83.0
1753547179765,16:26:19.765,ACT/USDT:USDT,0.04571,120.0,0.04565,993.0,0.04612,718.0,0.04613,83.0
1753547179842,16:26:19.842,ACT/USDT:USDT,0.04571,120.0,0.04565,993.0,0.04612,718.0,0.04613,1978.0
1753547179895,16:26:19.895,ACT/USDT:USDT,0.04571,120.0,0.04565,993.0,0.04612,1711.0,0.04613,1978.0
1753547179973,16:26:19.973,ACT/USDT:USDT,0.04571,120.0,0.04565,993.0,0.04612,1711.0,0.04613,1978.0
1753547179988,16:26:19.988,ACT/USDT:USDT,0.04571,120.0,0.04565,993.0,0.04611,993.0,0.04612,1711.0
1753547180039,16:26:20.039,ACT/USDT:USDT,0.04571,120.0,0.04565,993.0,0.04611,993.0,0.04612,1711.0
1753547180097,16:26:20.097,ACT/USDT:USDT,0.04571,120.0,0.04565,993.0,0.04611,993.0,0.04612,718.0
1753547180104,16:26:20.104,ACT/USDT:USDT,0.04571,120.0,0.04565,993.0,0.04611,993.0,0.04613,83.0
1753547180186,16:26:20.186,ACT/USDT:USDT,0.04571,120.0,0.04565,993.0,0.04611,1730.0,0.04613,83.0
1753547180198,16:26:20.198,ACT/USDT:USDT,0.04571,120.0,0.04529,591.0,0.04611,1730.0,0.04613,83.0
