timestamp,time,exchange,symbol,bid1_price,bid1_volume,bid2_price,bid2_volume,ask1_price,ask1_volume,ask2_price,ask2_volume
1753591885194,04:51:25.194,bybit,A/USDT:USDT,0.5758,333.0,0.5757,1786.0,0.5759,1589.0,0.576,1364.0
1753591885294,04:51:25.294,bybit,A/USDT:USDT,0.5758,333.0,0.5757,1797.0,0.5759,1589.0,0.576,1364.0
1753591885394,04:51:25.394,bybit,A/USDT:USDT,0.5758,350.0,0.5757,1797.0,0.5759,1589.0,0.576,1285.0
1753591885494,04:51:25.494,bybit,A/USDT:USDT,0.5758,350.0,0.5757,1797.0,0.5759,1589.0,0.576,1339.0
1753591885594,04:51:25.594,bybit,A/USDT:USDT,0.5758,350.0,0.5757,1797.0,0.5759,1589.0,0.576,1339.0
1753591886495,04:51:26.495,bybit,A/USDT:USDT,0.5758,472.0,0.5757,1786.0,0.5759,1589.0,0.576,1356.0
1753591886795,04:51:26.795,bybit,A/USDT:USDT,0.5758,472.0,0.5757,1786.0,0.5759,1589.0,0.576,1356.0
1753591887794,04:51:27.794,bybit,A/USDT:USDT,0.5758,472.0,0.5757,1786.0,0.5759,1589.0,0.576,1356.0
1753591887894,04:51:27.894,bybit,A/USDT:USDT,0.5758,472.0,0.5757,1786.0,0.5759,1589.0,0.576,1356.0
1753591888794,04:51:28.794,bybit,A/USDT:USDT,0.5758,472.0,0.5757,1786.0,0.5759,1589.0,0.576,1356.0
1753591888894,04:51:28.894,bybit,A/USDT:USDT,0.5758,472.0,0.5757,1797.0,0.5759,1589.0,0.576,1356.0
1753591889594,04:51:29.594,bybit,A/USDT:USDT,0.5758,472.0,0.5757,1786.0,0.5759,1589.0,0.576,1356.0
1753591889694,04:51:29.694,bybit,A/USDT:USDT,0.5758,472.0,0.5757,1769.0,0.5759,1589.0,0.576,1356.0
1753591889994,04:51:29.994,bybit,A/USDT:USDT,0.5758,472.0,0.5757,1797.0,0.5759,1589.0,0.576,1339.0
1753591890096,04:51:30.096,bybit,A/USDT:USDT,0.5758,472.0,0.5757,1797.0,0.5759,1589.0,0.576,1339.0
1753591890195,04:51:30.195,bybit,A/USDT:USDT,0.5758,472.0,0.5757,1797.0,0.5759,1589.0,0.576,1356.0
1753591890394,04:51:30.394,bybit,A/USDT:USDT,0.5758,472.0,0.5757,1786.0,0.5759,1589.0,0.576,1356.0
1753591890594,04:51:30.594,bybit,A/USDT:USDT,0.5758,472.0,0.5757,1797.0,0.5759,1589.0,0.576,1302.0
1753591890696,04:51:30.696,bybit,A/USDT:USDT,0.5758,472.0,0.5757,1797.0,0.5759,1589.0,0.576,1302.0
1753591890895,04:51:30.895,bybit,A/USDT:USDT,0.5758,472.0,0.5757,1797.0,0.5759,1589.0,0.576,1302.0
1753591891194,04:51:31.194,bybit,A/USDT:USDT,0.5758,472.0,0.5757,1797.0,0.5759,1589.0,0.576,1302.0
1753591891299,04:51:31.299,bybit,A/USDT:USDT,0.5758,472.0,0.5757,1797.0,0.5759,1589.0,0.576,1302.0
1753591891594,04:51:31.594,bybit,A/USDT:USDT,0.5758,472.0,0.5757,1797.0,0.5759,1589.0,0.576,1302.0
1753591891695,04:51:31.695,bybit,A/USDT:USDT,0.5758,472.0,0.5757,1797.0,0.5759,1589.0,0.576,1302.0
1753591891794,04:51:31.794,bybit,A/USDT:USDT,0.5758,472.0,0.5757,1797.0,0.5759,1589.0,0.576,1302.0
1753591891894,04:51:31.894,bybit,A/USDT:USDT,0.5758,472.0,0.5757,1797.0,0.5759,1589.0,0.576,1302.0
1753591892196,04:51:32.196,bybit,A/USDT:USDT,0.5758,472.0,0.5757,1797.0,0.5759,1589.0,0.576,1302.0
1753591892394,04:51:32.394,bybit,A/USDT:USDT,0.5758,472.0,0.5757,1797.0,0.5759,1589.0,0.576,1302.0
1753591892595,04:51:32.595,bybit,A/USDT:USDT,0.5758,472.0,0.5757,1797.0,0.5759,1589.0,0.576,1302.0
1753591892694,04:51:32.694,bybit,A/USDT:USDT,0.5758,472.0,0.5757,1769.0,0.5759,1589.0,0.576,1356.0
1753591892794,04:51:32.794,bybit,A/USDT:USDT,0.5758,472.0,0.5757,1786.0,0.5759,1589.0,0.576,1339.0
1753591892994,04:51:32.994,bybit,A/USDT:USDT,0.5758,472.0,0.5757,1797.0,0.5759,1589.0,0.576,1339.0
1753591893394,04:51:33.394,bybit,A/USDT:USDT,0.5758,472.0,0.5757,1797.0,0.5759,1589.0,0.576,1339.0
1753591893496,04:51:33.496,bybit,A/USDT:USDT,0.5758,472.0,0.5757,1797.0,0.5759,1589.0,0.576,1339.0
1753591893596,04:51:33.596,bybit,A/USDT:USDT,0.5758,472.0,0.5757,1797.0,0.5759,1589.0,0.576,1339.0
1753591893994,04:51:33.994,bybit,A/USDT:USDT,0.5758,472.0,0.5757,1786.0,0.5759,1589.0,0.576,1339.0
1753591894995,04:51:34.995,bybit,A/USDT:USDT,0.5758,472.0,0.5757,1797.0,0.5759,1589.0,0.576,1339.0
1753591895195,04:51:35.195,bybit,A/USDT:USDT,0.5758,472.0,0.5757,1797.0,0.5759,1589.0,0.576,1339.0
1753591895295,04:51:35.295,bybit,A/USDT:USDT,0.5758,472.0,0.5757,1797.0,0.5759,1589.0,0.576,1339.0
1753591895494,04:51:35.494,bybit,A/USDT:USDT,0.5758,472.0,0.5757,1797.0,0.5759,1589.0,0.576,1339.0
1753591896199,04:51:36.199,bybit,A/USDT:USDT,0.5758,472.0,0.5757,1769.0,0.5759,1589.0,0.576,1356.0
1753591897994,04:51:37.994,bybit,A/USDT:USDT,0.5758,472.0,0.5757,1797.0,0.5759,1589.0,0.576,1339.0
1753591898095,04:51:38.095,bybit,A/USDT:USDT,0.5758,472.0,0.5757,1797.0,0.5759,1589.0,0.576,1339.0
1753591898595,04:51:38.595,bybit,A/USDT:USDT,0.5758,489.0,0.5757,1797.0,0.5759,1599.0,0.576,1322.0
1753591898694,04:51:38.694,bybit,A/USDT:USDT,0.5758,489.0,0.5757,1797.0,0.5759,1599.0,0.576,1322.0
1753591899194,04:51:39.194,bybit,A/USDT:USDT,0.5758,489.0,0.5757,1797.0,0.5759,1599.0,0.576,1322.0
1753591899595,04:51:39.595,bybit,A/USDT:USDT,0.5758,489.0,0.5757,1797.0,0.5759,1599.0,0.576,1322.0
1753591899694,04:51:39.694,bybit,A/USDT:USDT,0.5758,489.0,0.5757,1797.0,0.5759,1599.0,0.576,1339.0
1753591899896,04:51:39.896,bybit,A/USDT:USDT,0.5758,1147.0,0.5757,1797.0,0.5759,1599.0,0.576,1322.0
1753591900094,04:51:40.094,bybit,A/USDT:USDT,0.5758,1147.0,0.5757,1797.0,0.5759,1599.0,0.576,1322.0
1753591900201,04:51:40.201,bybit,A/USDT:USDT,0.5758,1147.0,0.5757,1797.0,0.5759,1599.0,0.576,1339.0
1753591900294,04:51:40.294,bybit,A/USDT:USDT,0.5758,1147.0,0.5757,2197.0,0.5759,123.0,0.576,2761.0
1753591900494,04:51:40.494,bybit,A/USDT:USDT,0.5758,1147.0,0.5757,2197.0,0.5759,123.0,0.576,1285.0
1753591900595,04:51:40.595,bybit,A/USDT:USDT,0.5758,1147.0,0.5757,2197.0,0.5759,123.0,0.576,1274.0
1753591900694,04:51:40.694,bybit,A/USDT:USDT,0.5758,1164.0,0.5757,2197.0,0.5759,123.0,0.576,1274.0
1753591900794,04:51:40.794,bybit,A/USDT:USDT,0.5758,1164.0,0.5757,2197.0,0.5759,123.0,0.576,1274.0
1753591900994,04:51:40.994,bybit,A/USDT:USDT,0.5758,1147.0,0.5757,2197.0,0.5759,123.0,0.576,1274.0
1753591901294,04:51:41.294,bybit,A/USDT:USDT,0.5758,1147.0,0.5757,2197.0,0.5759,123.0,0.576,1274.0
1753591901394,04:51:41.394,bybit,A/USDT:USDT,0.5758,1130.0,0.5757,2197.0,0.5759,123.0,0.576,1274.0
1753591901494,04:51:41.494,bybit,A/USDT:USDT,0.5758,1130.0,0.5757,2197.0,0.5759,123.0,0.576,1274.0
1753591901694,04:51:41.694,bybit,A/USDT:USDT,0.5758,1130.0,0.5757,2186.0,0.5759,123.0,0.576,2778.0
1753591901795,04:51:41.795,bybit,A/USDT:USDT,0.5758,1130.0,0.5757,2186.0,0.5759,123.0,0.576,2778.0
1753591901894,04:51:41.894,bybit,A/USDT:USDT,0.5758,1147.0,0.5757,2186.0,0.5759,123.0,0.576,2761.0
1753591901994,04:51:41.994,bybit,A/USDT:USDT,0.5758,1147.0,0.5757,2197.0,0.5759,123.0,0.576,2761.0
1753591902197,04:51:42.197,bybit,A/USDT:USDT,0.5758,1147.0,0.5757,2197.0,0.5759,123.0,0.576,2761.0
1753591902294,04:51:42.294,bybit,A/USDT:USDT,0.5758,1130.0,0.5757,2197.0,0.5759,123.0,0.576,2761.0
1753591902394,04:51:42.394,bybit,A/USDT:USDT,0.5758,1130.0,0.5757,2197.0,0.5759,123.0,0.576,2761.0
1753591902495,04:51:42.495,bybit,A/USDT:USDT,0.5758,1147.0,0.5757,2197.0,0.5759,123.0,0.576,2750.0
1753591903094,04:51:43.094,bybit,A/USDT:USDT,0.5758,1130.0,0.5757,2169.0,0.5759,123.0,0.576,2778.0
1753591903195,04:51:43.195,bybit,A/USDT:USDT,0.5758,1130.0,0.5757,2169.0,0.5759,123.0,0.576,2778.0
1753591903294,04:51:43.294,bybit,A/USDT:USDT,0.5758,1147.0,0.5757,2197.0,0.5759,123.0,0.576,2750.0
1753591903395,04:51:43.395,bybit,A/USDT:USDT,0.5758,1147.0,0.5757,2197.0,0.5759,123.0,0.576,2750.0
1753591904495,04:51:44.495,bybit,A/USDT:USDT,0.5758,1147.0,0.5757,2197.0,0.5759,123.0,0.576,2750.0
1753591905195,04:51:45.195,bybit,A/USDT:USDT,0.5758,1130.0,0.5757,2186.0,0.5759,123.0,0.576,2750.0
1753591905294,04:51:45.294,bybit,A/USDT:USDT,0.5758,1130.0,0.5757,2186.0,0.5759,123.0,0.576,2761.0
1753591905694,04:51:45.694,bybit,A/USDT:USDT,0.5758,1130.0,0.5757,2197.0,0.5759,123.0,0.576,2778.0
1753591906197,04:51:46.197,bybit,A/USDT:USDT,0.5758,1130.0,0.5757,2197.0,0.5759,123.0,0.576,2778.0
1753591906294,04:51:46.294,bybit,A/USDT:USDT,0.5758,1130.0,0.5757,2197.0,0.5759,123.0,0.576,2778.0
1753591906594,04:51:46.594,bybit,A/USDT:USDT,0.5758,1130.0,0.5757,2197.0,0.5759,123.0,0.576,2767.0
1753591906694,04:51:46.694,bybit,A/USDT:USDT,0.5758,1130.0,0.5757,2197.0,0.5759,123.0,0.576,2767.0
1753591906794,04:51:46.794,bybit,A/USDT:USDT,0.5758,1130.0,0.5757,2197.0,0.5759,123.0,0.576,2767.0
1753591906996,04:51:46.996,bybit,A/USDT:USDT,0.5758,1130.0,0.5757,2197.0,0.5759,123.0,0.576,2767.0
1753591907293,04:51:47.293,bybit,A/USDT:USDT,0.5758,1130.0,0.5757,2197.0,0.5759,123.0,0.576,2778.0
1753591907394,04:51:47.394,bybit,A/USDT:USDT,0.5758,1130.0,0.5757,2197.0,0.5759,123.0,0.576,2778.0
1753591907494,04:51:47.494,bybit,A/USDT:USDT,0.5758,1130.0,0.5757,2197.0,0.5759,123.0,0.576,2767.0
1753591907894,04:51:47.894,bybit,A/USDT:USDT,0.5758,1130.0,0.5757,2197.0,0.5759,123.0,0.576,2767.0
1753591907994,04:51:47.994,bybit,A/USDT:USDT,0.5758,1130.0,0.5757,2197.0,0.5759,123.0,0.576,2767.0
1753591908394,04:51:48.394,bybit,A/USDT:USDT,0.5758,1130.0,0.5757,2197.0,0.5759,123.0,0.576,2750.0
1753591908495,04:51:48.495,bybit,A/USDT:USDT,0.5758,1130.0,0.5757,2197.0,0.5759,123.0,0.576,2750.0
1753591908594,04:51:48.594,bybit,A/USDT:USDT,0.5758,1130.0,0.5757,2197.0,0.5759,123.0,0.576,2750.0
1753591908994,04:51:48.994,bybit,A/USDT:USDT,0.5758,1130.0,0.5757,2197.0,0.5759,123.0,0.576,2750.0
1753591909095,04:51:49.095,bybit,A/USDT:USDT,0.5758,1130.0,0.5757,2186.0,0.5759,123.0,0.576,2778.0
1753591909294,04:51:49.294,bybit,A/USDT:USDT,0.5758,1130.0,0.5757,2197.0,0.5759,123.0,0.576,2750.0
1753591910094,04:51:50.094,bybit,A/USDT:USDT,0.5758,1130.0,0.5757,2197.0,0.5759,123.0,0.576,2778.0
1753591910194,04:51:50.194,bybit,A/USDT:USDT,0.5758,1130.0,0.5757,2197.0,0.5759,123.0,0.576,2778.0
1753591911795,04:51:51.795,bybit,A/USDT:USDT,0.5758,333.0,0.5757,1752.0,0.5759,782.0,0.576,2851.0
1753591911895,04:51:51.895,bybit,A/USDT:USDT,0.5758,333.0,0.5757,1769.0,0.5759,765.0,0.576,2851.0
1753591912096,04:51:52.096,bybit,A/USDT:USDT,0.5758,350.0,0.5757,1797.0,0.5759,123.0,0.576,2750.0
1753591912194,04:51:52.194,bybit,A/USDT:USDT,0.5758,992.0,0.5757,2197.0,0.5759,123.0,0.576,2750.0
1753591912394,04:51:52.394,bybit,A/USDT:USDT,0.5758,992.0,0.5757,2197.0,0.5759,123.0,0.576,2750.0
1753591912494,04:51:52.494,bybit,A/USDT:USDT,0.5758,992.0,0.5757,2197.0,0.5759,123.0,0.576,2750.0
1753591912894,04:51:52.894,bybit,A/USDT:USDT,0.5758,992.0,0.5757,2197.0,0.5759,123.0,0.576,2750.0
1753591912994,04:51:52.994,bybit,A/USDT:USDT,0.5758,992.0,0.5757,2197.0,0.5759,123.0,0.576,2750.0
1753591913094,04:51:53.094,bybit,A/USDT:USDT,0.5758,1211.0,0.5757,2197.0,0.5759,123.0,0.576,2750.0
1753591913294,04:51:53.294,bybit,A/USDT:USDT,0.5758,1194.0,0.5757,2186.0,0.5759,123.0,0.576,2795.0
1753591913494,04:51:53.494,bybit,A/USDT:USDT,0.5758,1194.0,0.5757,2186.0,0.5759,123.0,0.576,2795.0
1753591913594,04:51:53.594,bybit,A/USDT:USDT,0.5758,1194.0,0.5757,2186.0,0.5759,123.0,0.576,2795.0
1753591913994,04:51:53.994,bybit,A/USDT:USDT,0.5758,1194.0,0.5757,2186.0,0.5759,123.0,0.576,2795.0
1753591914194,04:51:54.194,bybit,A/USDT:USDT,0.5758,1194.0,0.5757,2186.0,0.5759,123.0,0.576,2795.0
1753591914294,04:51:54.294,bybit,A/USDT:USDT,0.5758,1194.0,0.5757,2197.0,0.5759,123.0,0.576,2795.0
1753591914594,04:51:54.594,bybit,A/USDT:USDT,0.5758,1194.0,0.5757,2197.0,0.5759,123.0,0.576,2795.0
1753591915194,04:51:55.194,bybit,A/USDT:USDT,0.5758,1194.0,0.5757,2152.0,0.5759,123.0,0.576,2795.0
1753591915494,04:51:55.494,bybit,A/USDT:USDT,0.5758,1194.0,0.5757,2180.0,0.5759,123.0,0.576,2784.0
1753591916200,04:51:56.200,bybit,A/USDT:USDT,0.5758,1194.0,0.5757,2197.0,0.5759,123.0,0.576,2795.0
1753591916394,04:51:56.394,bybit,A/USDT:USDT,0.5758,1194.0,0.5757,2163.0,0.5759,123.0,0.576,2795.0
1753591916494,04:51:56.494,bybit,A/USDT:USDT,0.5758,1194.0,0.5757,2197.0,0.5759,123.0,0.576,2767.0
1753591916794,04:51:56.794,bybit,A/USDT:USDT,0.5758,1194.0,0.5757,2197.0,0.5759,123.0,0.576,2784.0
1753591917096,04:51:57.096,bybit,A/USDT:USDT,0.5758,1194.0,0.5757,2197.0,0.5759,123.0,0.576,2767.0
1753591917494,04:51:57.494,bybit,A/USDT:USDT,0.5758,1194.0,0.5757,2197.0,0.5759,123.0,0.576,2767.0
1753591917594,04:51:57.594,bybit,A/USDT:USDT,0.5758,1194.0,0.5757,2197.0,0.5759,123.0,0.576,2778.0
1753591917794,04:51:57.794,bybit,A/USDT:USDT,0.5758,1194.0,0.5757,2197.0,0.5759,123.0,0.576,2795.0
1753591917894,04:51:57.894,bybit,A/USDT:USDT,0.5758,1211.0,0.5757,2197.0,0.5759,123.0,0.576,2750.0
1753591917994,04:51:57.994,bybit,A/USDT:USDT,0.5758,1558.0,0.5757,2197.0,0.5759,123.0,0.576,2750.0
1753591918201,04:51:58.201,bybit,A/USDT:USDT,0.5758,1194.0,0.5757,2188.0,0.5759,123.0,0.576,2795.0
1753591918297,04:51:58.297,bybit,A/USDT:USDT,0.5758,1194.0,0.5757,2188.0,0.5759,123.0,0.576,2778.0
1753591918495,04:51:58.495,bybit,A/USDT:USDT,0.5758,1194.0,0.5757,2188.0,0.5759,123.0,0.576,2795.0
1753591918794,04:51:58.794,bybit,A/USDT:USDT,0.5758,1194.0,0.5757,2188.0,0.5759,123.0,0.576,2795.0
1753591918894,04:51:58.894,bybit,A/USDT:USDT,0.5758,1194.0,0.5757,2188.0,0.5759,123.0,0.576,2795.0
1753591919194,04:51:59.194,bybit,A/USDT:USDT,0.5758,1194.0,0.5757,2188.0,0.5759,123.0,0.576,2750.0
1753591919295,04:51:59.295,bybit,A/USDT:USDT,0.5758,1194.0,0.5757,2188.0,0.5759,123.0,0.576,2767.0
1753591919394,04:51:59.394,bybit,A/USDT:USDT,0.5758,1194.0,0.5757,2188.0,0.5759,123.0,0.576,2795.0
1753591919494,04:51:59.494,bybit,A/USDT:USDT,0.5758,1211.0,0.5757,2188.0,0.5759,123.0,0.576,2750.0
1753591919894,04:51:59.894,bybit,A/USDT:USDT,0.5758,1211.0,0.5757,2188.0,0.5759,123.0,0.576,2750.0
1753591919996,04:51:59.996,bybit,A/USDT:USDT,0.5758,1211.0,0.5757,2188.0,0.5759,123.0,0.576,2761.0
1753591920095,04:52:00.095,bybit,A/USDT:USDT,0.5758,1194.0,0.5757,2188.0,0.5759,123.0,0.576,2778.0
1753591920513,04:52:00.513,bybit,A/USDT:USDT,0.5758,1558.0,0.5757,2188.0,0.5759,123.0,0.576,2750.0
1753591920594,04:52:00.594,bybit,A/USDT:USDT,0.5758,1541.0,0.5757,2188.0,0.5759,123.0,0.576,2767.0
1753591920694,04:52:00.694,bybit,A/USDT:USDT,0.5758,1541.0,0.5757,2188.0,0.5759,123.0,0.576,2750.0
1753591920894,04:52:00.894,bybit,A/USDT:USDT,0.5758,1558.0,0.5757,2188.0,0.5759,123.0,0.576,2750.0
1753591920994,04:52:00.994,bybit,A/USDT:USDT,0.5758,1558.0,0.5757,2188.0,0.5759,123.0,0.576,2750.0
1753591921094,04:52:01.094,bybit,A/USDT:USDT,0.5758,1558.0,0.5757,2188.0,0.5759,123.0,0.576,2750.0
1753591921194,04:52:01.194,bybit,A/USDT:USDT,0.5758,1558.0,0.5757,2188.0,0.5759,123.0,0.576,2750.0
1753591921495,04:52:01.495,bybit,A/USDT:USDT,0.5758,1558.0,0.5757,2188.0,0.5759,123.0,0.576,2191.0
1753591921595,04:52:01.595,bybit,A/USDT:USDT,0.5758,1558.0,0.5757,2188.0,0.5759,123.0,0.576,2191.0
1753591921894,04:52:01.894,bybit,A/USDT:USDT,0.5759,1955.0,0.5758,2652.0,0.576,1500.0,0.5761,1061.0
1753591922095,04:52:02.095,bybit,A/USDT:USDT,0.5759,2637.0,0.5758,2305.0,0.576,1486.0,0.5761,24.0
1753591922200,04:52:02.200,bybit,A/USDT:USDT,0.5759,2984.0,0.5758,2086.0,0.576,1486.0,0.5761,10.0
1753591922295,04:52:02.295,bybit,A/USDT:USDT,0.5759,2647.0,0.5758,2086.0,0.576,1486.0,0.5761,10.0
1753591922396,04:52:02.396,bybit,A/USDT:USDT,0.5759,2647.0,0.5758,2086.0,0.576,10.0,0.5761,1486.0
1753591922494,04:52:02.494,bybit,A/USDT:USDT,0.5759,2247.0,0.5758,2086.0,0.576,10.0,0.5761,1486.0
1753591922894,04:52:02.894,bybit,A/USDT:USDT,0.5759,4202.0,0.5758,2086.0,0.576,10.0,0.5761,10.0
1753591923097,04:52:03.097,bybit,A/USDT:USDT,0.5759,5747.0,0.5758,2086.0,0.576,10.0,0.5761,10.0
1753591923195,04:52:03.195,bybit,A/USDT:USDT,0.5759,5747.0,0.5758,2086.0,0.576,10.0,0.5761,10.0
1753591923294,04:52:03.294,bybit,A/USDT:USDT,0.5759,5747.0,0.5758,2086.0,0.576,10.0,0.5761,10.0
1753591923394,04:52:03.394,bybit,A/USDT:USDT,0.5759,5747.0,0.5758,2086.0,0.576,10.0,0.5761,10.0
1753591923694,04:52:03.694,bybit,A/USDT:USDT,0.5759,5747.0,0.5758,2086.0,0.576,10.0,0.5761,10.0
1753591923801,04:52:03.801,bybit,A/USDT:USDT,0.5759,5747.0,0.5758,2086.0,0.576,10.0,0.5761,1486.0
1753591924198,04:52:04.198,bybit,A/USDT:USDT,0.5759,5747.0,0.5758,2086.0,0.576,10.0,0.5761,10.0
1753591924294,04:52:04.294,bybit,A/USDT:USDT,0.5759,5747.0,0.5758,2086.0,0.576,10.0,0.5761,10.0
1753591924394,04:52:04.394,bybit,A/USDT:USDT,0.576,2036.0,0.5759,1824.0,0.5761,10.0,0.5762,222.0
1753591924494,04:52:04.494,bybit,A/USDT:USDT,0.576,2036.0,0.5759,1820.0,0.5761,10.0,0.5762,869.0
1753591924594,04:52:04.594,bybit,A/USDT:USDT,0.576,2036.0,0.5759,1834.0,0.5761,10.0,0.5762,1508.0
1753591924794,04:52:04.794,bybit,A/USDT:USDT,0.576,1664.0,0.5759,1819.0,0.5761,10.0,0.5762,1508.0
1753591925096,04:52:05.096,bybit,A/USDT:USDT,0.576,1664.0,0.5759,1819.0,0.5761,10.0,0.5762,1508.0
1753591925194,04:52:05.194,bybit,A/USDT:USDT,0.576,1664.0,0.5759,1819.0,0.5761,10.0,0.5762,1508.0
1753591925294,04:52:05.294,bybit,A/USDT:USDT,0.576,1664.0,0.5759,1819.0,0.5761,10.0,0.5762,1508.0
1753591925394,04:52:05.394,bybit,A/USDT:USDT,0.576,1679.0,0.5759,1809.0,0.5761,1486.0,0.5762,1508.0
1753591925495,04:52:05.495,bybit,A/USDT:USDT,0.576,1679.0,0.5759,1809.0,0.5761,1486.0,0.5762,1545.0
1753591925694,04:52:05.694,bybit,A/USDT:USDT,0.576,1679.0,0.5759,1809.0,0.5761,10.0,0.5762,1545.0
1753591925994,04:52:05.994,bybit,A/USDT:USDT,0.576,1679.0,0.5759,1809.0,0.5761,10.0,0.5762,1545.0
1753591926394,04:52:06.394,bybit,A/USDT:USDT,0.576,1679.0,0.5759,1809.0,0.5761,10.0,0.5762,1545.0
1753591926494,04:52:06.494,bybit,A/USDT:USDT,0.576,1793.0,0.5759,1809.0,0.5761,10.0,0.5762,1508.0
1753591926694,04:52:06.694,bybit,A/USDT:USDT,0.576,1679.0,0.5759,1809.0,0.5761,10.0,0.5762,1508.0
1753591926895,04:52:06.895,bybit,A/USDT:USDT,0.576,1679.0,0.5759,1809.0,0.5761,1486.0,0.5762,1557.0
1753591926994,04:52:06.994,bybit,A/USDT:USDT,0.576,1679.0,0.5759,1809.0,0.5761,1486.0,0.5762,1557.0
1753591927094,04:52:07.094,bybit,A/USDT:USDT,0.576,1662.0,0.5759,1809.0,0.5761,1486.0,0.5762,1557.0
1753591927194,04:52:07.194,bybit,A/USDT:USDT,0.576,1679.0,0.5759,1809.0,0.5761,10.0,0.5762,1508.0
1753591927394,04:52:07.394,bybit,A/USDT:USDT,0.576,1679.0,0.5759,1809.0,0.5761,10.0,0.5762,1508.0
1753591928096,04:52:08.096,bybit,A/USDT:USDT,0.576,1679.0,0.5759,1809.0,0.5761,10.0,0.5762,1508.0
1753591928196,04:52:08.196,bybit,A/USDT:USDT,0.576,1679.0,0.5759,1809.0,0.5761,10.0,0.5762,1508.0
1753591928294,04:52:08.294,bybit,A/USDT:USDT,0.576,1662.0,0.5759,1809.0,0.5761,1486.0,0.5762,1562.0
1753591928394,04:52:08.394,bybit,A/USDT:USDT,0.576,1662.0,0.5759,1809.0,0.5761,1486.0,0.5762,1562.0
1753591928694,04:52:08.694,bybit,A/USDT:USDT,0.576,1679.0,0.5759,1809.0,0.5761,1486.0,0.5762,1562.0
1753591928794,04:52:08.794,bybit,A/USDT:USDT,0.576,1679.0,0.5759,1809.0,0.5761,1486.0,0.5762,1562.0
1753591928894,04:52:08.894,bybit,A/USDT:USDT,0.576,1679.0,0.5759,1809.0,0.5761,1486.0,0.5762,1562.0
1753591928996,04:52:08.996,bybit,A/USDT:USDT,0.576,1679.0,0.5759,1809.0,0.5761,1486.0,0.5762,1562.0
1753591929094,04:52:09.094,bybit,A/USDT:USDT,0.576,1679.0,0.5759,1792.0,0.5761,1486.0,0.5762,1562.0
1753591929196,04:52:09.196,bybit,A/USDT:USDT,0.576,1679.0,0.5759,1792.0,0.5761,1486.0,0.5762,1562.0
1753591929294,04:52:09.294,bybit,A/USDT:USDT,0.576,1706.0,0.5759,1792.0,0.5761,1486.0,0.5762,1562.0
1753591929994,04:52:09.994,bybit,A/USDT:USDT,0.576,1706.0,0.5759,2192.0,0.5761,1486.0,0.5762,1562.0
1753591930294,04:52:10.294,bybit,A/USDT:USDT,0.576,1706.0,0.5759,2192.0,0.5761,1486.0,0.5762,1562.0
1753591930494,04:52:10.494,bybit,A/USDT:USDT,0.576,1706.0,0.5759,2192.0,0.5761,1486.0,0.5762,1562.0
1753591930594,04:52:10.594,bybit,A/USDT:USDT,0.576,1706.0,0.5759,2209.0,0.5761,1486.0,0.5762,1562.0
1753591930794,04:52:10.794,bybit,A/USDT:USDT,0.576,1706.0,0.5759,2209.0,0.5761,1486.0,0.5762,1562.0
1753591930994,04:52:10.994,bybit,A/USDT:USDT,0.576,1706.0,0.5759,2209.0,0.5761,1486.0,0.5762,1562.0
1753591931894,04:52:11.894,bybit,A/USDT:USDT,0.576,1706.0,0.5759,2209.0,0.5761,1486.0,0.5762,1562.0
1753591932595,04:52:12.595,bybit,A/USDT:USDT,0.576,1706.0,0.5759,2209.0,0.5761,1486.0,0.5762,1562.0
1753591932696,04:52:12.696,bybit,A/USDT:USDT,0.576,1706.0,0.5759,2209.0,0.5761,1486.0,0.5762,1562.0
1753591933494,04:52:13.494,bybit,A/USDT:USDT,0.576,1706.0,0.5759,2209.0,0.5761,1486.0,0.5762,1562.0
1753591934094,04:52:14.094,bybit,A/USDT:USDT,0.576,1706.0,0.5759,2209.0,0.5761,1486.0,0.5762,1562.0
1753591934196,04:52:14.196,bybit,A/USDT:USDT,0.576,1706.0,0.5759,2209.0,0.5761,1486.0,0.5762,1562.0
1753591934594,04:52:14.594,bybit,A/USDT:USDT,0.576,1706.0,0.5759,2209.0,0.5761,1486.0,0.5762,1562.0
1753591934794,04:52:14.794,bybit,A/USDT:USDT,0.576,1706.0,0.5759,2209.0,0.5761,1486.0,0.5762,1508.0
1753591934894,04:52:14.894,bybit,A/USDT:USDT,0.576,1811.0,0.5759,2209.0,0.5761,1486.0,0.5762,1508.0
1753591934995,04:52:14.995,bybit,A/USDT:USDT,0.576,1871.0,0.5759,2209.0,0.5761,1486.0,0.5762,1508.0
1753591935194,04:52:15.194,bybit,A/USDT:USDT,0.576,1871.0,0.5759,2209.0,0.5761,1486.0,0.5762,1508.0
1753591935296,04:52:15.296,bybit,A/USDT:USDT,0.576,1871.0,0.5759,2209.0,0.5761,1486.0,0.5762,1508.0
1753591935596,04:52:15.596,bybit,A/USDT:USDT,0.576,1871.0,0.5759,2209.0,0.5761,1486.0,0.5762,1508.0
1753591936198,04:52:16.198,bybit,A/USDT:USDT,0.576,1798.0,0.5759,2209.0,0.5761,1486.0,0.5762,1508.0
1753591936295,04:52:16.295,bybit,A/USDT:USDT,0.576,1813.0,0.5759,2209.0,0.5761,1486.0,0.5762,1508.0
1753591936694,04:52:16.694,bybit,A/USDT:USDT,0.576,1923.0,0.5759,2209.0,0.5761,1486.0,0.5762,1508.0
1753591936794,04:52:16.794,bybit,A/USDT:USDT,0.576,1978.0,0.5759,2209.0,0.5761,1486.0,0.5762,1508.0
1753591937993,04:52:17.993,bybit,A/USDT:USDT,0.576,1978.0,0.5759,2209.0,0.5761,1486.0,0.5762,1508.0
1753591938094,04:52:18.094,bybit,A/USDT:USDT,0.576,1978.0,0.5759,2209.0,0.5761,1486.0,0.5762,1508.0
1753591938495,04:52:18.495,bybit,A/USDT:USDT,0.576,1978.0,0.5759,2209.0,0.5761,1486.0,0.5762,1508.0
1753591938594,04:52:18.594,bybit,A/USDT:USDT,0.576,1978.0,0.5759,2209.0,0.5761,1486.0,0.5762,1508.0
1753591939995,04:52:19.995,bybit,A/USDT:USDT,0.576,1978.0,0.5759,2209.0,0.5761,1486.0,0.5762,1508.0
1753591940994,04:52:20.994,bybit,A/USDT:USDT,0.576,1978.0,0.5759,2209.0,0.5761,1486.0,0.5762,861.0
1753591941394,04:52:21.394,bybit,A/USDT:USDT,0.576,1978.0,0.5759,2209.0,0.5761,1486.0,0.5762,861.0
1753591941494,04:52:21.494,bybit,A/USDT:USDT,0.576,1978.0,0.5759,2209.0,0.5761,1486.0,0.5762,861.0
1753591942494,04:52:22.494,bybit,A/USDT:USDT,0.576,1923.0,0.5759,2209.0,0.5761,1486.0,0.5762,861.0
1753591942594,04:52:22.594,bybit,A/USDT:USDT,0.576,1923.0,0.5759,2209.0,0.5761,1486.0,0.5762,861.0
1753591942995,04:52:22.995,bybit,A/USDT:USDT,0.576,1813.0,0.5759,2209.0,0.5761,1486.0,0.5762,861.0
1753591943395,04:52:23.395,bybit,A/USDT:USDT,0.576,1813.0,0.5759,2209.0,0.5761,1486.0,0.5762,901.0
1753591943594,04:52:23.594,bybit,A/USDT:USDT,0.576,1813.0,0.5759,2209.0,0.5761,1486.0,0.5762,901.0
1753591944196,04:52:24.196,bybit,A/USDT:USDT,0.576,1796.0,0.5759,2209.0,0.5761,1486.0,0.5762,901.0
1753591944294,04:52:24.294,bybit,A/USDT:USDT,0.576,1813.0,0.5759,2209.0,0.5761,1486.0,0.5762,901.0
1753591944594,04:52:24.594,bybit,A/USDT:USDT,0.576,1813.0,0.5759,2209.0,0.5761,1496.0,0.5762,901.0
1753591944695,04:52:24.695,bybit,A/USDT:USDT,0.576,1813.0,0.5759,2209.0,0.5761,1496.0,0.5762,861.0
1753591944794,04:52:24.794,bybit,A/USDT:USDT,0.576,1813.0,0.5759,2209.0,0.5761,1496.0,0.5762,861.0
1753591945195,04:52:25.195,bybit,A/USDT:USDT,0.576,1926.0,0.5759,2209.0,0.5761,1496.0,0.5762,909.0
1753591945295,04:52:25.295,bybit,A/USDT:USDT,0.576,1926.0,0.5759,2209.0,0.5761,1496.0,0.5762,909.0
1753591945795,04:52:25.795,bybit,A/USDT:USDT,0.576,1909.0,0.5759,2209.0,0.5761,1496.0,0.5762,926.0
1753591945896,04:52:25.896,bybit,A/USDT:USDT,0.576,1909.0,0.5759,2209.0,0.5761,1496.0,0.5762,909.0
1753591945995,04:52:25.995,bybit,A/USDT:USDT,0.576,1909.0,0.5759,2209.0,0.5761,1496.0,0.5762,937.0
1753591946096,04:52:26.096,bybit,A/USDT:USDT,0.576,1909.0,0.5759,2198.0,0.5761,1496.0,0.5762,937.0
1753591946195,04:52:26.195,bybit,A/USDT:USDT,0.576,1909.0,0.5759,2198.0,0.5761,1496.0,0.5762,920.0
1753591946495,04:52:26.495,bybit,A/USDT:USDT,0.576,1926.0,0.5759,2198.0,0.5761,1496.0,0.5762,861.0
1753591946595,04:52:26.595,bybit,A/USDT:USDT,0.576,1926.0,0.5759,2198.0,0.5761,1496.0,0.5762,861.0
1753591946794,04:52:26.794,bybit,A/USDT:USDT,0.576,1943.0,0.5759,2209.0,0.5761,1496.0,0.5762,861.0
1753591946894,04:52:26.894,bybit,A/USDT:USDT,0.576,1943.0,0.5759,2209.0,0.5761,1496.0,0.5762,861.0
1753591946994,04:52:26.994,bybit,A/USDT:USDT,0.576,1943.0,0.5759,2209.0,0.5761,1496.0,0.5762,861.0
1753591947194,04:52:27.194,bybit,A/USDT:USDT,0.576,1943.0,0.5759,2209.0,0.5761,1496.0,0.5762,861.0
1753591947496,04:52:27.496,bybit,A/USDT:USDT,0.576,1943.0,0.5759,2209.0,0.5761,1496.0,0.5762,861.0
1753591947594,04:52:27.594,bybit,A/USDT:USDT,0.576,1943.0,0.5759,2209.0,0.5761,1496.0,0.5762,861.0
1753591948094,04:52:28.094,bybit,A/USDT:USDT,0.576,1943.0,0.5759,2209.0,0.5761,1496.0,0.5762,861.0
1753591948394,04:52:28.394,bybit,A/USDT:USDT,0.576,1909.0,0.5759,2198.0,0.5761,1496.0,0.5762,872.0
1753591948694,04:52:28.694,bybit,A/USDT:USDT,0.576,1926.0,0.5759,2198.0,0.5761,1496.0,0.5762,872.0
1753591948794,04:52:28.794,bybit,A/USDT:USDT,0.576,1926.0,0.5759,2198.0,0.5761,1496.0,0.5762,872.0
1753591948994,04:52:28.994,bybit,A/USDT:USDT,0.576,1926.0,0.5759,2198.0,0.5761,1496.0,0.5762,861.0
1753591949094,04:52:29.094,bybit,A/USDT:USDT,0.576,1943.0,0.5759,2198.0,0.5761,1496.0,0.5762,861.0
1753591949394,04:52:29.394,bybit,A/USDT:USDT,0.576,1909.0,0.5759,2198.0,0.5761,1496.0,0.5762,1544.0
1753591949494,04:52:29.494,bybit,A/USDT:USDT,0.576,1909.0,0.5759,2198.0,0.5761,1496.0,0.5762,1527.0
1753591949894,04:52:29.894,bybit,A/USDT:USDT,0.576,1909.0,0.5759,2198.0,0.5761,1496.0,0.5762,1527.0
1753591949994,04:52:29.994,bybit,A/USDT:USDT,0.576,1909.0,0.5759,1764.0,0.5761,1496.0,0.5762,1544.0
1753591950094,04:52:30.094,bybit,A/USDT:USDT,0.576,1909.0,0.5759,1764.0,0.5761,1496.0,0.5762,1544.0
1753591950295,04:52:30.295,bybit,A/USDT:USDT,0.576,1909.0,0.5759,1798.0,0.5761,1496.0,0.5762,1527.0
1753591950894,04:52:30.894,bybit,A/USDT:USDT,0.576,1926.0,0.5759,1798.0,0.5761,1496.0,0.5762,1527.0
1753591950995,04:52:30.995,bybit,A/USDT:USDT,0.576,1909.0,0.5759,1798.0,0.5761,1496.0,0.5762,1527.0
1753591951116,04:52:31.116,bybit,A/USDT:USDT,0.576,1926.0,0.5759,1809.0,0.5761,1496.0,0.5762,222.0
1753591951194,04:52:31.194,bybit,A/USDT:USDT,0.576,2264.0,0.5759,1809.0,0.5761,1496.0,0.5762,789.0
1753591951294,04:52:31.294,bybit,A/USDT:USDT,0.576,2264.0,0.5759,1781.0,0.5761,1496.0,0.5762,1472.0
1753591951495,04:52:31.495,bybit,A/USDT:USDT,0.576,2281.0,0.5759,1798.0,0.5761,1496.0,0.5762,1444.0
1753591951895,04:52:31.895,bybit,A/USDT:USDT,0.576,2281.0,0.5759,1809.0,0.5761,1496.0,0.5762,1444.0
1753591951994,04:52:31.994,bybit,A/USDT:USDT,0.576,2281.0,0.5759,1809.0,0.5761,1496.0,0.5762,1444.0
1753591952095,04:52:32.095,bybit,A/USDT:USDT,0.576,2281.0,0.5759,1809.0,0.5761,1496.0,0.5762,877.0
1753591952194,04:52:32.194,bybit,A/USDT:USDT,0.576,2281.0,0.5759,1809.0,0.5761,1496.0,0.5762,1516.0
1753591952594,04:52:32.594,bybit,A/USDT:USDT,0.576,2281.0,0.5759,1809.0,0.5761,1496.0,0.5762,1516.0
1753591952694,04:52:32.694,bybit,A/USDT:USDT,0.576,2281.0,0.5759,1809.0,0.5761,1496.0,0.5762,1516.0
1753591953095,04:52:33.095,bybit,A/USDT:USDT,0.576,2281.0,0.5759,1809.0,0.5761,1496.0,0.5762,1516.0
1753591953196,04:52:33.196,bybit,A/USDT:USDT,0.576,2281.0,0.5759,1809.0,0.5761,1496.0,0.5762,1516.0
1753591954795,04:52:34.795,bybit,A/USDT:USDT,0.576,2281.0,0.5759,1809.0,0.5761,1496.0,0.5762,1516.0
1753591954894,04:52:34.894,bybit,A/USDT:USDT,0.576,2281.0,0.5759,1809.0,0.5761,1496.0,0.5762,1516.0
1753591954994,04:52:34.994,bybit,A/USDT:USDT,0.576,2281.0,0.5759,1809.0,0.5761,1496.0,0.5762,1516.0
1753591955394,04:52:35.394,bybit,A/USDT:USDT,0.576,2281.0,0.5759,1809.0,0.5761,1496.0,0.5762,1516.0
1753591955595,04:52:35.595,bybit,A/USDT:USDT,0.576,2281.0,0.5759,1809.0,0.5761,1496.0,0.5762,1516.0
1753591956494,04:52:36.494,bybit,A/USDT:USDT,0.576,2281.0,0.5759,1809.0,0.5761,1496.0,0.5762,1516.0
1753591956594,04:52:36.594,bybit,A/USDT:USDT,0.576,2281.0,0.5759,1809.0,0.5761,1496.0,0.5762,1516.0
1753591956696,04:52:36.696,bybit,A/USDT:USDT,0.576,2298.0,0.5759,1809.0,0.5761,1496.0,0.5762,1516.0
1753591957094,04:52:37.094,bybit,A/USDT:USDT,0.576,2298.0,0.5759,1809.0,0.5761,1496.0,0.5762,1516.0
1753591957194,04:52:37.194,bybit,A/USDT:USDT,0.576,2298.0,0.5759,2069.0,0.5761,1496.0,0.5762,1516.0
1753591957294,04:52:37.294,bybit,A/USDT:USDT,0.576,2281.0,0.5759,2069.0,0.5761,1496.0,0.5762,1516.0
1753591957494,04:52:37.494,bybit,A/USDT:USDT,0.576,2298.0,0.5759,2069.0,0.5761,1496.0,0.5762,1516.0
1753591957594,04:52:37.594,bybit,A/USDT:USDT,0.576,2298.0,0.5759,2069.0,0.5761,1496.0,0.5762,1516.0
1753591957695,04:52:37.695,bybit,A/USDT:USDT,0.576,2298.0,0.5759,2069.0,0.5761,1496.0,0.5762,1516.0
1753591958094,04:52:38.094,bybit,A/USDT:USDT,0.576,2298.0,0.5759,2069.0,0.5761,1496.0,0.5762,1516.0
1753591958196,04:52:38.196,bybit,A/USDT:USDT,0.576,2298.0,0.5759,2069.0,0.5761,1496.0,0.5762,1516.0
1753591958294,04:52:38.294,bybit,A/USDT:USDT,0.576,2298.0,0.5759,2069.0,0.5761,1496.0,0.5762,1516.0
1753591958494,04:52:38.494,bybit,A/USDT:USDT,0.576,2298.0,0.5759,2069.0,0.5761,1496.0,0.5762,1516.0
1753591959295,04:52:39.295,bybit,A/USDT:USDT,0.576,2298.0,0.5759,2069.0,0.5761,1496.0,0.5762,1516.0
1753591959593,04:52:39.593,bybit,A/USDT:USDT,0.576,2298.0,0.5759,2069.0,0.5761,1496.0,0.5762,1516.0
1753591959694,04:52:39.694,bybit,A/USDT:USDT,0.576,2298.0,0.5759,2069.0,0.5761,1496.0,0.5762,1516.0
1753591959796,04:52:39.796,bybit,A/USDT:USDT,0.576,2298.0,0.5759,2069.0,0.5761,1496.0,0.5762,222.0
1753591960294,04:52:40.294,bybit,A/USDT:USDT,0.576,2298.0,0.5759,2069.0,0.5761,1496.0,0.5762,222.0
1753591960594,04:52:40.594,bybit,A/USDT:USDT,0.576,2298.0,0.5759,2469.0,0.5761,1496.0,0.5762,222.0
1753591960894,04:52:40.894,bybit,A/USDT:USDT,0.576,2298.0,0.5759,2469.0,0.5761,1496.0,0.5762,222.0
1753591960995,04:52:40.995,bybit,A/USDT:USDT,0.576,2298.0,0.5759,2469.0,0.5761,1496.0,0.5762,222.0
1753591961195,04:52:41.195,bybit,A/USDT:USDT,0.576,2298.0,0.5759,2469.0,0.5761,1496.0,0.5762,222.0
1753591961296,04:52:41.296,bybit,A/USDT:USDT,0.576,2264.0,0.5759,2458.0,0.5761,1496.0,0.5762,233.0
1753591961395,04:52:41.395,bybit,A/USDT:USDT,0.576,2281.0,0.5759,2458.0,0.5761,1496.0,0.5762,233.0
1753591961594,04:52:41.594,bybit,A/USDT:USDT,0.576,2281.0,0.5759,2458.0,0.5761,1496.0,0.5762,876.0
1753591961794,04:52:41.794,bybit,A/USDT:USDT,0.576,2298.0,0.5759,2862.0,0.5761,1496.0,0.5762,865.0
1753591961894,04:52:41.894,bybit,A/USDT:USDT,0.576,2298.0,0.5759,2862.0,0.5761,1496.0,0.5762,865.0
1753591962095,04:52:42.095,bybit,A/USDT:USDT,0.576,2298.0,0.5759,2873.0,0.5761,1496.0,0.5762,865.0
1753591962394,04:52:42.394,bybit,A/USDT:USDT,0.576,2298.0,0.5759,2873.0,0.5761,1496.0,0.5762,865.0
1753591962495,04:52:42.495,bybit,A/USDT:USDT,0.576,2298.0,0.5759,2873.0,0.5761,1496.0,0.5762,222.0
1753591963195,04:52:43.195,bybit,A/USDT:USDT,0.576,2298.0,0.5759,2873.0,0.5761,1496.0,0.5762,222.0
1753591963594,04:52:43.594,bybit,A/USDT:USDT,0.576,2298.0,0.5759,2873.0,0.5761,1496.0,0.5762,222.0
1753591963695,04:52:43.695,bybit,A/USDT:USDT,0.576,2298.0,0.5759,2873.0,0.5761,1496.0,0.5762,222.0
1753591964198,04:52:44.198,bybit,A/USDT:USDT,0.576,2298.0,0.5759,2873.0,0.5761,1496.0,0.5762,222.0
1753591964294,04:52:44.294,bybit,A/USDT:USDT,0.576,2298.0,0.5759,2873.0,0.5761,1496.0,0.5762,222.0
1753591964494,04:52:44.494,bybit,A/USDT:USDT,0.576,2298.0,0.5759,2873.0,0.5761,1496.0,0.5762,222.0
1753591964818,04:52:44.818,bybit,A/USDT:USDT,0.576,2298.0,0.5759,2873.0,0.5761,1496.0,0.5762,222.0
1753591964894,04:52:44.894,bybit,A/USDT:USDT,0.576,2298.0,0.5759,2873.0,0.5761,1496.0,0.5762,222.0
1753591965194,04:52:45.194,bybit,A/USDT:USDT,0.576,2281.0,0.5759,2873.0,0.5761,1496.0,0.5762,222.0
1753591965294,04:52:45.294,bybit,A/USDT:USDT,0.576,2298.0,0.5759,2873.0,0.5761,1496.0,0.5762,222.0
1753591965394,04:52:45.394,bybit,A/USDT:USDT,0.576,2298.0,0.5759,2873.0,0.5761,1496.0,0.5762,222.0
1753591965594,04:52:45.594,bybit,A/USDT:USDT,0.576,2264.0,0.5759,2873.0,0.5761,1496.0,0.5762,222.0
1753591965705,04:52:45.705,bybit,A/USDT:USDT,0.576,2298.0,0.5759,2873.0,0.5761,1496.0,0.5762,222.0
1753591965895,04:52:45.895,bybit,A/USDT:USDT,0.576,2298.0,0.5759,2873.0,0.5761,1496.0,0.5762,222.0
1753591965994,04:52:45.994,bybit,A/USDT:USDT,0.576,2298.0,0.5759,2873.0,0.5761,1496.0,0.5762,222.0
1753591966194,04:52:46.194,bybit,A/USDT:USDT,0.576,2281.0,0.5759,2873.0,0.5761,1496.0,0.5762,222.0
1753591966295,04:52:46.295,bybit,A/USDT:USDT,0.576,2298.0,0.5759,2873.0,0.5761,1496.0,0.5762,222.0
1753591966494,04:52:46.494,bybit,A/USDT:USDT,0.576,2298.0,0.5759,2873.0,0.5761,1496.0,0.5762,222.0
1753591967094,04:52:47.094,bybit,A/USDT:USDT,0.576,2298.0,0.5759,2873.0,0.5761,1496.0,0.5762,222.0
1753591967296,04:52:47.296,bybit,A/USDT:USDT,0.576,2281.0,0.5759,2873.0,0.5761,1496.0,0.5762,222.0
1753591967594,04:52:47.594,bybit,A/USDT:USDT,0.576,2298.0,0.5759,2873.0,0.5761,1496.0,0.5762,222.0
1753591967694,04:52:47.694,bybit,A/USDT:USDT,0.576,2298.0,0.5759,2873.0,0.5761,1496.0,0.5762,222.0
1753591967794,04:52:47.794,bybit,A/USDT:USDT,0.576,2281.0,0.5759,2873.0,0.5761,1496.0,0.5762,222.0
1753591967994,04:52:47.994,bybit,A/USDT:USDT,0.576,2298.0,0.5759,2873.0,0.5761,1496.0,0.5762,222.0
1753591968094,04:52:48.094,bybit,A/USDT:USDT,0.576,2281.0,0.5759,2873.0,0.5761,1496.0,0.5762,222.0
1753591968198,04:52:48.198,bybit,A/USDT:USDT,0.576,2298.0,0.5759,2873.0,0.5761,1496.0,0.5762,222.0
1753591969194,04:52:49.194,bybit,A/USDT:USDT,0.576,2281.0,0.5759,2873.0,0.5761,1496.0,0.5762,222.0
1753591969295,04:52:49.295,bybit,A/USDT:USDT,0.576,2264.0,0.5759,2873.0,0.5761,1496.0,0.5762,222.0
1753591969494,04:52:49.494,bybit,A/USDT:USDT,0.576,2264.0,0.5759,2873.0,0.5761,1496.0,0.5762,222.0
1753591969694,04:52:49.694,bybit,A/USDT:USDT,0.576,2264.0,0.5759,2873.0,0.5761,1496.0,0.5762,250.0
1753591969796,04:52:49.796,bybit,A/USDT:USDT,0.576,2264.0,0.5759,2873.0,0.5761,1496.0,0.5762,233.0
1753591970294,04:52:50.294,bybit,A/USDT:USDT,0.576,2264.0,0.5759,2873.0,0.5761,1496.0,0.5762,233.0
1753591970394,04:52:50.394,bybit,A/USDT:USDT,0.576,2264.0,0.5759,2873.0,0.5761,1496.0,0.5762,233.0
1753591970595,04:52:50.595,bybit,A/USDT:USDT,0.576,2298.0,0.5759,2873.0,0.5761,1496.0,0.5762,222.0
1753591971394,04:52:51.394,bybit,A/USDT:USDT,0.576,2298.0,0.5759,2873.0,0.5761,1496.0,0.5762,222.0
1753591971594,04:52:51.594,bybit,A/USDT:USDT,0.576,2298.0,0.5759,2873.0,0.5761,1496.0,0.5762,222.0
1753591971894,04:52:51.894,bybit,A/USDT:USDT,0.576,2298.0,0.5759,2873.0,0.5761,1496.0,0.5762,222.0
1753591972094,04:52:52.094,bybit,A/USDT:USDT,0.576,2298.0,0.5759,2873.0,0.5761,1496.0,0.5762,222.0
1753591972594,04:52:52.594,bybit,A/USDT:USDT,0.576,2298.0,0.5759,2873.0,0.5761,1496.0,0.5762,222.0
1753591972695,04:52:52.695,bybit,A/USDT:USDT,0.576,2298.0,0.5759,2873.0,0.5761,1496.0,0.5762,222.0
1753591973094,04:52:53.094,bybit,A/USDT:USDT,0.576,2298.0,0.5759,2873.0,0.5761,1496.0,0.5762,222.0
1753591973194,04:52:53.194,bybit,A/USDT:USDT,0.576,2298.0,0.5759,2873.0,0.5761,1496.0,0.5762,222.0
1753591973494,04:52:53.494,bybit,A/USDT:USDT,0.576,2298.0,0.5759,2873.0,0.5761,1496.0,0.5762,222.0
1753591973594,04:52:53.594,bybit,A/USDT:USDT,0.576,2298.0,0.5759,2862.0,0.5761,1496.0,0.5762,233.0
1753591973694,04:52:53.694,bybit,A/USDT:USDT,0.576,2298.0,0.5759,2862.0,0.5761,1496.0,0.5762,233.0
1753591973794,04:52:53.794,bybit,A/USDT:USDT,0.576,2298.0,0.5759,2862.0,0.5761,1496.0,0.5762,233.0
1753591973994,04:52:53.994,bybit,A/USDT:USDT,0.576,2298.0,0.5759,2862.0,0.5761,1496.0,0.5762,222.0
1753591974894,04:52:54.894,bybit,A/USDT:USDT,0.576,2298.0,0.5759,2862.0,0.5761,1496.0,0.5762,222.0
1753591974995,04:52:54.995,bybit,A/USDT:USDT,0.576,2298.0,0.5759,2862.0,0.5761,1496.0,0.5762,222.0
1753591975495,04:52:55.495,bybit,A/USDT:USDT,0.576,2264.0,0.5759,2862.0,0.5761,1506.0,0.5762,233.0
1753591975595,04:52:55.595,bybit,A/USDT:USDT,0.576,2281.0,0.5759,2862.0,0.5761,1506.0,0.5762,233.0
1753591975796,04:52:55.796,bybit,A/USDT:USDT,0.576,2264.0,0.5759,2862.0,0.5761,1506.0,0.5762,233.0
1753591975894,04:52:55.894,bybit,A/USDT:USDT,0.576,2281.0,0.5759,2862.0,0.5761,1506.0,0.5762,233.0
1753591976994,04:52:56.994,bybit,A/USDT:USDT,0.576,2298.0,0.5759,2862.0,0.5761,1506.0,0.5762,222.0
1753591977194,04:52:57.194,bybit,A/USDT:USDT,0.576,2298.0,0.5759,2873.0,0.5761,1506.0,0.5762,222.0
1753591977294,04:52:57.294,bybit,A/USDT:USDT,0.576,2298.0,0.5759,2873.0,0.5761,1506.0,0.5762,222.0
1753591977694,04:52:57.694,bybit,A/USDT:USDT,0.576,2298.0,0.5759,2873.0,0.5761,1506.0,0.5762,222.0
1753591977894,04:52:57.894,bybit,A/USDT:USDT,0.576,2281.0,0.5759,2873.0,0.5761,1506.0,0.5762,222.0
1753591978594,04:52:58.594,bybit,A/USDT:USDT,0.576,2281.0,0.5759,2873.0,0.5761,1506.0,0.5762,222.0
1753591978794,04:52:58.794,bybit,A/USDT:USDT,0.576,2281.0,0.5759,2873.0,0.5761,1506.0,0.5762,222.0
1753591978894,04:52:58.894,bybit,A/USDT:USDT,0.576,2281.0,0.5759,2873.0,0.5761,1506.0,0.5762,233.0
1753591979094,04:52:59.094,bybit,A/USDT:USDT,0.576,2281.0,0.5759,2862.0,0.5761,1506.0,0.5762,233.0
1753591979294,04:52:59.294,bybit,A/USDT:USDT,0.576,2264.0,0.5759,2828.0,0.5761,1506.0,0.5762,916.0
1753591979395,04:52:59.395,bybit,A/USDT:USDT,0.576,2281.0,0.5759,2862.0,0.5761,1506.0,0.5762,899.0
1753591979695,04:52:59.695,bybit,A/USDT:USDT,0.576,2645.0,0.5759,2873.0,0.5761,1506.0,0.5762,222.0
1753591979794,04:52:59.794,bybit,A/USDT:USDT,0.576,3339.0,0.5759,3307.0,0.5761,1506.0,0.5762,222.0
1753591979894,04:52:59.894,bybit,A/USDT:USDT,0.576,3339.0,0.5759,3307.0,0.5761,1506.0,0.5762,19.0
1753591979994,04:52:59.994,bybit,A/USDT:USDT,0.576,3339.0,0.5759,3307.0,0.5761,1506.0,0.5762,19.0
1753591980094,04:53:00.094,bybit,A/USDT:USDT,0.576,3339.0,0.5759,3307.0,0.5761,1506.0,0.5762,19.0
1753591980196,04:53:00.196,bybit,A/USDT:USDT,0.576,3322.0,0.5759,3307.0,0.5761,1506.0,0.5762,19.0
1753591980394,04:53:00.394,bybit,A/USDT:USDT,0.576,3322.0,0.5759,3307.0,0.5761,1506.0,0.5762,19.0
1753591980494,04:53:00.494,bybit,A/USDT:USDT,0.576,3339.0,0.5759,3307.0,0.5761,1506.0,0.5762,19.0
1753591980694,04:53:00.694,bybit,A/USDT:USDT,0.576,3686.0,0.5759,3307.0,0.5761,1506.0,0.5762,19.0
1753591980894,04:53:00.894,bybit,A/USDT:USDT,0.576,4553.0,0.5759,3307.0,0.5761,1506.0,0.5762,19.0
1753591980994,04:53:00.994,bybit,A/USDT:USDT,0.576,4553.0,0.5759,3307.0,0.5761,1506.0,0.5762,19.0
1753591981094,04:53:01.094,bybit,A/USDT:USDT,0.576,4553.0,0.5759,3307.0,0.5761,1506.0,0.5762,19.0
1753591981196,04:53:01.196,bybit,A/USDT:USDT,0.576,4553.0,0.5759,3307.0,0.5761,1506.0,0.5762,19.0
1753591981794,04:53:01.794,bybit,A/USDT:USDT,0.576,3322.0,0.5759,3296.0,0.5761,1506.0,0.5762,81.0
1753591981994,04:53:01.994,bybit,A/USDT:USDT,0.576,3686.0,0.5759,3047.0,0.5761,1506.0,0.5762,70.0
1753591982094,04:53:02.094,bybit,A/USDT:USDT,0.576,3686.0,0.5759,3047.0,0.5761,1506.0,0.5762,70.0
1753591982694,04:53:02.694,bybit,A/USDT:USDT,0.576,3686.0,0.5759,3047.0,0.5761,1506.0,0.5762,70.0
1753591982794,04:53:02.794,bybit,A/USDT:USDT,0.576,4553.0,0.5759,3047.0,0.5761,1506.0,0.5762,70.0
1753591982994,04:53:02.994,bybit,A/USDT:USDT,0.576,3339.0,0.5759,3047.0,0.5761,1506.0,0.5762,70.0
1753591983194,04:53:03.194,bybit,A/USDT:USDT,0.576,4553.0,0.5759,3056.0,0.5761,1506.0,0.5762,70.0
1753591983295,04:53:03.295,bybit,A/USDT:USDT,0.576,4553.0,0.5759,3056.0,0.5761,1506.0,0.5762,70.0
1753591983394,04:53:03.394,bybit,A/USDT:USDT,0.576,4553.0,0.5759,3056.0,0.5761,1506.0,0.5762,19.0
1753591983495,04:53:03.495,bybit,A/USDT:USDT,0.576,4553.0,0.5759,3056.0,0.5761,1506.0,0.5762,83.0
1753591983795,04:53:03.795,bybit,A/USDT:USDT,0.576,4553.0,0.5759,3056.0,0.5761,1506.0,0.5762,83.0
1753591983894,04:53:03.894,bybit,A/USDT:USDT,0.576,4553.0,0.5759,3056.0,0.5761,1506.0,0.5762,83.0
1753591984094,04:53:04.094,bybit,A/USDT:USDT,0.576,4553.0,0.5759,3056.0,0.5761,1506.0,0.5762,83.0
1753591984196,04:53:04.196,bybit,A/USDT:USDT,0.576,3339.0,0.5759,3056.0,0.5761,1506.0,0.5762,83.0
1753591984294,04:53:04.294,bybit,A/USDT:USDT,0.576,3686.0,0.5759,3056.0,0.5761,1506.0,0.5762,83.0
1753591984394,04:53:04.394,bybit,A/USDT:USDT,0.576,3686.0,0.5759,3056.0,0.5761,1506.0,0.5762,83.0
1753591984495,04:53:04.495,bybit,A/USDT:USDT,0.576,3669.0,0.5759,3056.0,0.5761,1506.0,0.5762,19.0
1753591984596,04:53:04.596,bybit,A/USDT:USDT,0.576,2628.0,0.5759,3056.0,0.5761,1506.0,0.5762,57.0
1753591984794,04:53:04.794,bybit,A/USDT:USDT,0.576,2975.0,0.5759,3056.0,0.5761,1506.0,0.5762,57.0
1753591984893,04:53:04.893,bybit,A/USDT:USDT,0.576,2975.0,0.5759,3056.0,0.5761,1506.0,0.5762,57.0
1753591984995,04:53:04.995,bybit,A/USDT:USDT,0.576,2975.0,0.5759,3056.0,0.5761,1506.0,0.5762,57.0
1753591985095,04:53:05.095,bybit,A/USDT:USDT,0.576,2975.0,0.5759,3056.0,0.5761,1506.0,0.5762,57.0
1753591985394,04:53:05.394,bybit,A/USDT:USDT,0.576,2628.0,0.5759,3056.0,0.5761,1506.0,0.5762,57.0
1753591985594,04:53:05.594,bybit,A/USDT:USDT,0.576,2628.0,0.5759,3056.0,0.5761,1506.0,0.5762,57.0
1753591985694,04:53:05.694,bybit,A/USDT:USDT,0.576,2628.0,0.5759,3056.0,0.5761,1506.0,0.5762,57.0
1753591985896,04:53:05.896,bybit,A/USDT:USDT,0.576,2628.0,0.5759,3056.0,0.5761,1506.0,0.5762,57.0
1753591985996,04:53:05.996,bybit,A/USDT:USDT,0.576,2628.0,0.5759,3056.0,0.5761,1506.0,0.5762,57.0
1753591986096,04:53:06.096,bybit,A/USDT:USDT,0.576,2628.0,0.5759,3316.0,0.5761,1506.0,0.5762,68.0
1753591986294,04:53:06.294,bybit,A/USDT:USDT,0.576,2628.0,0.5759,3316.0,0.5761,1506.0,0.5762,68.0
1753591986495,04:53:06.495,bybit,A/USDT:USDT,0.576,2628.0,0.5759,3316.0,0.5761,1506.0,0.5762,57.0
1753591986595,04:53:06.595,bybit,A/USDT:USDT,0.576,2628.0,0.5759,3316.0,0.5761,1506.0,0.5762,57.0
1753591986695,04:53:06.695,bybit,A/USDT:USDT,0.576,2628.0,0.5759,3316.0,0.5761,1506.0,0.5762,57.0
1753591986794,04:53:06.794,bybit,A/USDT:USDT,0.576,2628.0,0.5759,3316.0,0.5761,1506.0,0.5762,57.0
1753591986994,04:53:06.994,bybit,A/USDT:USDT,0.576,2628.0,0.5759,3316.0,0.5761,1506.0,0.5762,68.0
1753591987194,04:53:07.194,bybit,A/USDT:USDT,0.576,2628.0,0.5759,3316.0,0.5761,1506.0,0.5762,30.0
1753591987294,04:53:07.294,bybit,A/USDT:USDT,0.576,2628.0,0.5759,3316.0,0.5761,1506.0,0.5762,30.0
1753591987794,04:53:07.794,bybit,A/USDT:USDT,0.576,2628.0,0.5759,3316.0,0.5761,1506.0,0.5762,30.0
1753591987895,04:53:07.895,bybit,A/USDT:USDT,0.576,2628.0,0.5759,3316.0,0.5761,1506.0,0.5762,19.0
1753591987995,04:53:07.995,bybit,A/USDT:USDT,0.576,2628.0,0.5759,3305.0,0.5761,1506.0,0.5762,30.0
1753591988694,04:53:08.694,bybit,A/USDT:USDT,0.576,2628.0,0.5759,3305.0,0.5761,1506.0,0.5762,68.0
1753591989094,04:53:09.094,bybit,A/USDT:USDT,0.576,2628.0,0.5759,3305.0,0.5761,1506.0,0.5762,30.0
1753591989594,04:53:09.594,bybit,A/USDT:USDT,0.576,2628.0,0.5759,3305.0,0.5761,1506.0,0.5762,30.0
1753591989994,04:53:09.994,bybit,A/USDT:USDT,0.576,2628.0,0.5759,3305.0,0.5761,1506.0,0.5762,30.0
1753591990094,04:53:10.094,bybit,A/USDT:USDT,0.576,2628.0,0.5759,3305.0,0.5761,1506.0,0.5762,30.0
1753591990697,04:53:10.697,bybit,A/USDT:USDT,0.576,2628.0,0.5759,3305.0,0.5761,1506.0,0.5762,30.0
1753591991294,04:53:11.294,bybit,A/USDT:USDT,0.576,2628.0,0.5759,3316.0,0.5761,30.0,0.5762,1495.0
1753591991395,04:53:11.395,bybit,A/USDT:USDT,0.576,2628.0,0.5759,3316.0,0.5761,30.0,0.5762,1495.0
1753591991494,04:53:11.494,bybit,A/USDT:USDT,0.576,2628.0,0.5759,3316.0,0.5761,30.0,0.5762,19.0
1753591991695,04:53:11.695,bybit,A/USDT:USDT,0.576,2628.0,0.5759,3316.0,0.5761,30.0,0.5762,19.0
1753591991794,04:53:11.794,bybit,A/USDT:USDT,0.576,2628.0,0.5759,3316.0,0.5761,30.0,0.5762,19.0
1753591992194,04:53:12.194,bybit,A/USDT:USDT,0.576,2628.0,0.5759,3316.0,0.5761,30.0,0.5762,19.0
1753591992294,04:53:12.294,bybit,A/USDT:USDT,0.576,2628.0,0.5759,3316.0,0.5761,30.0,0.5762,19.0
1753591992594,04:53:12.594,bybit,A/USDT:USDT,0.576,2628.0,0.5759,2471.0,0.5761,30.0,0.5762,30.0
1753591992694,04:53:12.694,bybit,A/USDT:USDT,0.576,2628.0,0.5759,2471.0,0.5761,30.0,0.5762,1495.0
1753591992794,04:53:12.794,bybit,A/USDT:USDT,0.576,2628.0,0.5759,2471.0,0.5761,30.0,0.5762,1495.0
1753591993094,04:53:13.094,bybit,A/USDT:USDT,0.576,1535.0,0.5759,2437.0,0.5761,30.0,0.5762,1441.0
1753591993194,04:53:13.194,bybit,A/USDT:USDT,0.576,1535.0,0.5759,2437.0,0.5761,1506.0,0.5762,1841.0
1753591993296,04:53:13.296,bybit,A/USDT:USDT,0.576,1535.0,0.5759,2437.0,0.5761,1506.0,0.5762,1841.0
1753591993395,04:53:13.395,bybit,A/USDT:USDT,0.576,1535.0,0.5759,2437.0,0.5761,1550.0,0.5762,1841.0
1753591993794,04:53:13.794,bybit,A/USDT:USDT,0.576,1535.0,0.5759,2437.0,0.5761,1506.0,0.5762,1841.0
1753591993895,04:53:13.895,bybit,A/USDT:USDT,0.576,1535.0,0.5759,2437.0,0.5761,1506.0,0.5762,1841.0
1753591994095,04:53:14.095,bybit,A/USDT:USDT,0.576,1535.0,0.5759,2437.0,0.5761,30.0,0.5762,1841.0
1753591994894,04:53:14.894,bybit,A/USDT:USDT,0.576,1535.0,0.5759,2437.0,0.5761,30.0,0.5762,1841.0
1753591994994,04:53:14.994,bybit,A/USDT:USDT,0.576,1535.0,0.5759,2437.0,0.5761,30.0,0.5762,1841.0
1753591995295,04:53:15.295,bybit,A/USDT:USDT,0.576,1535.0,0.5759,2437.0,0.5761,1506.0,0.5762,1750.0
1753591995396,04:53:15.396,bybit,A/USDT:USDT,0.576,1535.0,0.5759,2437.0,0.5761,1506.0,0.5762,1790.0
1753591996094,04:53:16.094,bybit,A/USDT:USDT,0.576,1535.0,0.5759,2437.0,0.5761,1506.0,0.5762,1807.0
1753591996197,04:53:16.197,bybit,A/USDT:USDT,0.576,1535.0,0.5759,2454.0,0.5761,1506.0,0.5762,1807.0
1753591996394,04:53:16.394,bybit,A/USDT:USDT,0.576,1535.0,0.5759,2454.0,0.5761,1506.0,0.5762,1790.0
1753591996595,04:53:16.595,bybit,A/USDT:USDT,0.576,1535.0,0.5759,2454.0,0.5761,1506.0,0.5762,1373.0
1753591996795,04:53:16.795,bybit,A/USDT:USDT,0.576,1535.0,0.5759,2454.0,0.5761,1506.0,0.5762,1390.0
1753591996894,04:53:16.894,bybit,A/USDT:USDT,0.576,1535.0,0.5759,2437.0,0.5761,1506.0,0.5762,1407.0
1753591997094,04:53:17.094,bybit,A/USDT:USDT,0.576,1535.0,0.5759,2471.0,0.5761,1506.0,0.5762,1373.0
1753591997195,04:53:17.195,bybit,A/USDT:USDT,0.576,1535.0,0.5759,2437.0,0.5761,1549.0,0.5762,1407.0
1753591997494,04:53:17.494,bybit,A/USDT:USDT,0.576,1535.0,0.5759,2437.0,0.5761,1506.0,0.5762,1407.0
1753591997694,04:53:17.694,bybit,A/USDT:USDT,0.576,1535.0,0.5759,2437.0,0.5761,1506.0,0.5762,1407.0
1753591998194,04:53:18.194,bybit,A/USDT:USDT,0.576,1535.0,0.5759,2437.0,0.5761,1506.0,0.5762,1407.0
1753591998494,04:53:18.494,bybit,A/USDT:USDT,0.576,1535.0,0.5759,2454.0,0.5761,1506.0,0.5762,1407.0
1753591998594,04:53:18.594,bybit,A/USDT:USDT,0.576,1535.0,0.5759,2454.0,0.5761,1506.0,0.5762,1407.0
1753591998794,04:53:18.794,bybit,A/USDT:USDT,0.576,1535.0,0.5759,2454.0,0.5761,1506.0,0.5762,1390.0
1753591998996,04:53:18.996,bybit,A/USDT:USDT,0.576,1535.0,0.5759,2454.0,0.5761,1506.0,0.5762,707.0
1753591999195,04:53:19.195,bybit,A/USDT:USDT,0.576,1535.0,0.5759,2437.0,0.5761,1506.0,0.5762,1435.0
1753591999295,04:53:19.295,bybit,A/USDT:USDT,0.576,1535.0,0.5759,2454.0,0.5761,1506.0,0.5762,1401.0
1753591999394,04:53:19.394,bybit,A/USDT:USDT,0.576,1535.0,0.5759,2454.0,0.5761,1506.0,0.5762,1401.0
1753591999894,04:53:19.894,bybit,A/USDT:USDT,0.576,1535.0,0.5759,2454.0,0.5761,1506.0,0.5762,1401.0
1753591999995,04:53:19.995,bybit,A/USDT:USDT,0.576,1535.0,0.5759,2454.0,0.5761,1506.0,0.5762,1401.0
1753592000094,04:53:20.094,bybit,A/USDT:USDT,0.576,1535.0,0.5759,2471.0,0.5761,1506.0,0.5762,1401.0
1753592000396,04:53:20.396,bybit,A/USDT:USDT,0.576,1535.0,0.5759,2471.0,0.5761,1506.0,0.5762,1401.0
1753592000496,04:53:20.496,bybit,A/USDT:USDT,0.576,1535.0,0.5759,2471.0,0.5761,1506.0,0.5762,1401.0
1753592000594,04:53:20.594,bybit,A/USDT:USDT,0.576,1535.0,0.5759,2471.0,0.5761,1506.0,0.5762,1418.0
1753592000994,04:53:20.994,bybit,A/USDT:USDT,0.576,1535.0,0.5759,2471.0,0.5761,1506.0,0.5762,1418.0
1753592001094,04:53:21.094,bybit,A/USDT:USDT,0.576,1535.0,0.5759,2211.0,0.5761,1506.0,0.5762,1418.0
1753592002094,04:53:22.094,bybit,A/USDT:USDT,0.576,1535.0,0.5759,2194.0,0.5761,1506.0,0.5762,1401.0
1753592002294,04:53:22.294,bybit,A/USDT:USDT,0.576,1535.0,0.5759,2194.0,0.5761,1506.0,0.5762,1401.0
1753592002595,04:53:22.595,bybit,A/USDT:USDT,0.576,1535.0,0.5759,2211.0,0.5761,1506.0,0.5762,1401.0
1753592002694,04:53:22.694,bybit,A/USDT:USDT,0.576,1533.0,0.5759,2211.0,0.5761,1506.0,0.5762,1401.0
1753592003094,04:53:23.094,bybit,A/USDT:USDT,0.576,1665.0,0.5759,2611.0,0.5761,1506.0,0.5762,1390.0
1753592003194,04:53:23.194,bybit,A/USDT:USDT,0.576,1665.0,0.5759,2611.0,0.5761,1506.0,0.5762,1390.0
1753592003294,04:53:23.294,bybit,A/USDT:USDT,0.576,1665.0,0.5759,2611.0,0.5761,1506.0,0.5762,1401.0
1753592003394,04:53:23.394,bybit,A/USDT:USDT,0.576,1682.0,0.5759,2611.0,0.5761,1506.0,0.5762,1390.0
1753592003894,04:53:23.894,bybit,A/USDT:USDT,0.576,1682.0,0.5759,2611.0,0.5761,1506.0,0.5762,1390.0
1753592004195,04:53:24.195,bybit,A/USDT:USDT,0.576,1857.0,0.5759,2611.0,0.5761,1506.0,0.5762,1390.0
1753592004294,04:53:24.294,bybit,A/USDT:USDT,0.576,1857.0,0.5759,2611.0,0.5761,1506.0,0.5762,1390.0
1753592004394,04:53:24.394,bybit,A/USDT:USDT,0.576,1857.0,0.5759,2611.0,0.5761,1506.0,0.5762,1390.0
1753592004495,04:53:24.495,bybit,A/USDT:USDT,0.576,1857.0,0.5759,2611.0,0.5761,1506.0,0.5762,1390.0
1753592004794,04:53:24.794,bybit,A/USDT:USDT,0.576,1857.0,0.5759,2611.0,0.5761,1506.0,0.5762,1390.0
1753592004894,04:53:24.894,bybit,A/USDT:USDT,0.576,1857.0,0.5759,2611.0,0.5761,1506.0,0.5762,1390.0
1753592005394,04:53:25.394,bybit,A/USDT:USDT,0.576,1857.0,0.5759,2611.0,0.5761,1506.0,0.5762,1390.0
1753592005495,04:53:25.495,bybit,A/USDT:USDT,0.576,1857.0,0.5759,2611.0,0.5761,1506.0,0.5762,1390.0
1753592005894,04:53:25.894,bybit,A/USDT:USDT,0.576,1857.0,0.5759,2611.0,0.5761,1506.0,0.5762,1401.0
1753592006094,04:53:26.094,bybit,A/USDT:USDT,0.576,1857.0,0.5759,2611.0,0.5761,1506.0,0.5762,1390.0
1753592006394,04:53:26.394,bybit,A/USDT:USDT,0.576,1857.0,0.5759,2611.0,0.5761,1506.0,0.5762,1390.0
1753592006694,04:53:26.694,bybit,A/USDT:USDT,0.576,1857.0,0.5759,2611.0,0.5761,1506.0,0.5762,1401.0
1753592006994,04:53:26.994,bybit,A/USDT:USDT,0.576,1857.0,0.5759,2611.0,0.5761,1506.0,0.5762,1401.0
1753592007095,04:53:27.095,bybit,A/USDT:USDT,0.576,1857.0,0.5759,2611.0,0.5761,1506.0,0.5762,1401.0
1753592008196,04:53:28.196,bybit,A/USDT:USDT,0.576,1840.0,0.5759,2611.0,0.5761,1506.0,0.5762,1401.0
1753592008794,04:53:28.794,bybit,A/USDT:USDT,0.576,1840.0,0.5759,2611.0,0.5761,1506.0,0.5762,1401.0
1753592009095,04:53:29.095,bybit,A/USDT:USDT,0.576,2430.0,0.5759,2611.0,0.5761,1506.0,0.5762,1397.0
1753592009395,04:53:29.395,bybit,A/USDT:USDT,0.576,2269.0,0.5759,2611.0,0.5761,1506.0,0.5762,1425.0
1753592009694,04:53:29.694,bybit,A/USDT:USDT,0.576,2269.0,0.5759,2611.0,0.5761,1506.0,0.5762,1442.0
1753592009994,04:53:29.994,bybit,A/USDT:USDT,0.576,2269.0,0.5759,2611.0,0.5761,1506.0,0.5762,1442.0
1753592010200,04:53:30.200,bybit,A/USDT:USDT,0.576,1864.0,0.5759,2611.0,0.5761,1506.0,0.5762,1425.0
1753592010295,04:53:30.295,bybit,A/USDT:USDT,0.576,1850.0,0.5759,2611.0,0.5761,1506.0,0.5762,1425.0
1753592010394,04:53:30.394,bybit,A/USDT:USDT,0.576,1860.0,0.5759,2611.0,0.5761,1506.0,0.5762,1397.0
1753592010494,04:53:30.494,bybit,A/USDT:USDT,0.576,1860.0,0.5759,2611.0,0.5761,1506.0,0.5762,1397.0
1753592010595,04:53:30.595,bybit,A/USDT:USDT,0.576,1860.0,0.5759,2611.0,0.5761,1506.0,0.5762,1414.0
1753592010696,04:53:30.696,bybit,A/USDT:USDT,0.576,1860.0,0.5759,2611.0,0.5761,1506.0,0.5762,1397.0
1753592011594,04:53:31.594,bybit,A/USDT:USDT,0.576,1860.0,0.5759,2611.0,0.5761,1506.0,0.5762,1408.0
1753592011694,04:53:31.694,bybit,A/USDT:USDT,0.576,1860.0,0.5759,2611.0,0.5761,1506.0,0.5762,1408.0
1753592011794,04:53:31.794,bybit,A/USDT:USDT,0.576,1877.0,0.5759,2611.0,0.5761,1506.0,0.5762,1408.0
1753592011894,04:53:31.894,bybit,A/USDT:USDT,0.576,1877.0,0.5759,2611.0,0.5761,1506.0,0.5762,1408.0
1753592011994,04:53:31.994,bybit,A/USDT:USDT,0.576,1860.0,0.5759,2611.0,0.5761,1506.0,0.5762,1408.0
1753592012594,04:53:32.594,bybit,A/USDT:USDT,0.576,1907.0,0.5759,2611.0,0.5761,1506.0,0.5762,1397.0
1753592013196,04:53:33.196,bybit,A/USDT:USDT,0.576,1890.0,0.5759,2611.0,0.5761,1506.0,0.5762,1408.0
1753592013294,04:53:33.294,bybit,A/USDT:USDT,0.576,1907.0,0.5759,2611.0,0.5761,1506.0,0.5762,1408.0
1753592013394,04:53:33.394,bybit,A/USDT:USDT,0.576,1907.0,0.5759,2611.0,0.5761,1506.0,0.5762,1397.0
1753592013694,04:53:33.694,bybit,A/USDT:USDT,0.576,1907.0,0.5759,2611.0,0.5761,1506.0,0.5762,1397.0
1753592013894,04:53:33.894,bybit,A/USDT:USDT,0.576,1907.0,0.5759,2611.0,0.5761,1506.0,0.5762,1397.0
1753592014094,04:53:34.094,bybit,A/USDT:USDT,0.576,1907.0,0.5759,2611.0,0.5761,1525.0,0.5762,1408.0
1753592014194,04:53:34.194,bybit,A/USDT:USDT,0.576,1907.0,0.5759,2611.0,0.5761,49.0,0.5762,2873.0
1753592014494,04:53:34.494,bybit,A/USDT:USDT,0.576,1907.0,0.5759,2611.0,0.5761,49.0,0.5762,2873.0
1753592014594,04:53:34.594,bybit,A/USDT:USDT,0.576,1907.0,0.5759,2611.0,0.5761,49.0,0.5762,1397.0
1753592014894,04:53:34.894,bybit,A/USDT:USDT,0.576,1907.0,0.5759,2611.0,0.5761,49.0,0.5762,1397.0
1753592014995,04:53:34.995,bybit,A/USDT:USDT,0.576,1981.0,0.5759,2611.0,0.5761,49.0,0.5762,1350.0
1753592015094,04:53:35.094,bybit,A/USDT:USDT,0.576,1981.0,0.5759,2611.0,0.5761,49.0,0.5762,1350.0
1753592015195,04:53:35.195,bybit,A/USDT:USDT,0.576,1981.0,0.5759,2611.0,0.5761,49.0,0.5762,1350.0
1753592015695,04:53:35.695,bybit,A/USDT:USDT,0.576,1981.0,0.5759,2611.0,0.5761,49.0,0.5762,2826.0
1753592015995,04:53:35.995,bybit,A/USDT:USDT,0.576,1998.0,0.5759,2611.0,0.5761,49.0,0.5762,656.0
1753592016094,04:53:36.094,bybit,A/USDT:USDT,0.576,1998.0,0.5759,2611.0,0.5761,49.0,0.5762,656.0
1753592016198,04:53:36.198,bybit,A/USDT:USDT,0.576,1998.0,0.5759,2611.0,0.5761,49.0,0.5762,19.0
1753592016294,04:53:36.294,bybit,A/USDT:USDT,0.576,1998.0,0.5759,2622.0,0.5761,49.0,0.5762,19.0
1753592016595,04:53:36.595,bybit,A/USDT:USDT,0.576,1998.0,0.5759,2622.0,0.5761,49.0,0.5762,19.0
1753592016695,04:53:36.695,bybit,A/USDT:USDT,0.576,1998.0,0.5759,2622.0,0.5761,49.0,0.5762,19.0
1753592016907,04:53:36.907,bybit,A/USDT:USDT,0.576,1981.0,0.5759,2622.0,0.5761,49.0,0.5762,19.0
1753592016994,04:53:36.994,bybit,A/USDT:USDT,0.576,1981.0,0.5759,2622.0,0.5761,49.0,0.5762,19.0
1753592017095,04:53:37.095,bybit,A/USDT:USDT,0.576,1981.0,0.5759,2622.0,0.5761,49.0,0.5762,1495.0
1753592017194,04:53:37.194,bybit,A/USDT:USDT,0.576,1981.0,0.5759,2622.0,0.5761,49.0,0.5762,1506.0
1753592017300,04:53:37.300,bybit,A/USDT:USDT,0.576,1981.0,0.5759,2622.0,0.5761,49.0,0.5762,1506.0
1753592017794,04:53:37.794,bybit,A/USDT:USDT,0.576,1981.0,0.5759,2622.0,0.5761,49.0,0.5762,2080.0
1753592018200,04:53:38.200,bybit,A/USDT:USDT,0.576,1964.0,0.5759,2577.0,0.5761,49.0,0.5762,2114.0
1753592018294,04:53:38.294,bybit,A/USDT:USDT,0.576,1964.0,0.5759,2594.0,0.5761,39.0,0.5762,2114.0
1753592018595,04:53:38.595,bybit,A/USDT:USDT,0.576,1964.0,0.5759,2594.0,0.5761,39.0,0.5762,2114.0
1753592018694,04:53:38.694,bybit,A/USDT:USDT,0.576,1964.0,0.5759,2594.0,0.5761,39.0,0.5762,2114.0
1753592018795,04:53:38.795,bybit,A/USDT:USDT,0.576,1964.0,0.5759,2594.0,0.5761,39.0,0.5762,2097.0
1753592018995,04:53:38.995,bybit,A/USDT:USDT,0.576,1964.0,0.5759,2594.0,0.5761,39.0,0.5762,2114.0
1753592019494,04:53:39.494,bybit,A/USDT:USDT,0.576,1964.0,0.5759,2611.0,0.5761,39.0,0.5762,2069.0
1753592019595,04:53:39.595,bybit,A/USDT:USDT,0.576,1964.0,0.5759,2622.0,0.5761,39.0,0.5762,2086.0
1753592019694,04:53:39.694,bybit,A/USDT:USDT,0.576,1981.0,0.5759,2622.0,0.5761,39.0,0.5762,2069.0
1753592019894,04:53:39.894,bybit,A/USDT:USDT,0.576,1981.0,0.5759,2622.0,0.5761,39.0,0.5762,2069.0
1753592019993,04:53:39.993,bybit,A/USDT:USDT,0.576,1981.0,0.5759,2622.0,0.5761,39.0,0.5762,2069.0
1753592020394,04:53:40.394,bybit,A/USDT:USDT,0.576,1981.0,0.5759,2622.0,0.5761,39.0,0.5762,1495.0
1753592020496,04:53:40.496,bybit,A/USDT:USDT,0.576,1964.0,0.5759,2622.0,0.5761,39.0,0.5762,1495.0
1753592020594,04:53:40.594,bybit,A/USDT:USDT,0.576,1964.0,0.5759,2605.0,0.5761,39.0,0.5762,2083.0
1753592020695,04:53:40.695,bybit,A/USDT:USDT,0.576,1964.0,0.5759,2588.0,0.5761,39.0,0.5762,2100.0
1753592020994,04:53:40.994,bybit,A/USDT:USDT,0.576,1964.0,0.5759,2588.0,0.5761,39.0,0.5762,2100.0
1753592021094,04:53:41.094,bybit,A/USDT:USDT,0.576,1964.0,0.5759,2605.0,0.5761,39.0,0.5762,2111.0
1753592021194,04:53:41.194,bybit,A/USDT:USDT,0.576,1964.0,0.5759,2588.0,0.5761,39.0,0.5762,2111.0
1753592021393,04:53:41.393,bybit,A/USDT:USDT,0.576,1964.0,0.5759,2605.0,0.5761,39.0,0.5762,2111.0
1753592021495,04:53:41.495,bybit,A/USDT:USDT,0.576,1981.0,0.5759,2622.0,0.5761,39.0,0.5762,1495.0
1753592021594,04:53:41.594,bybit,A/USDT:USDT,0.576,1964.0,0.5759,2605.0,0.5761,39.0,0.5762,1992.0
1753592021694,04:53:41.694,bybit,A/USDT:USDT,0.576,1964.0,0.5759,2622.0,0.5761,39.0,0.5762,1992.0
1753592021995,04:53:41.995,bybit,A/USDT:USDT,0.576,1964.0,0.5759,2622.0,0.5761,39.0,0.5762,1992.0
1753592022094,04:53:42.094,bybit,A/USDT:USDT,0.576,1964.0,0.5759,2622.0,0.5761,39.0,0.5762,2009.0
1753592022995,04:53:42.995,bybit,A/USDT:USDT,0.576,1964.0,0.5759,2622.0,0.5761,39.0,0.5762,1992.0
1753592023294,04:53:43.294,bybit,A/USDT:USDT,0.576,1964.0,0.5759,2622.0,0.5761,39.0,0.5762,1992.0
1753592023594,04:53:43.594,bybit,A/USDT:USDT,0.576,1964.0,0.5759,2605.0,0.5761,39.0,0.5762,1992.0
1753592023794,04:53:43.794,bybit,A/USDT:USDT,0.576,1964.0,0.5759,2605.0,0.5761,39.0,0.5762,1992.0
1753592023894,04:53:43.894,bybit,A/USDT:USDT,0.576,1964.0,0.5759,2605.0,0.5761,39.0,0.5762,2009.0
1753592024094,04:53:44.094,bybit,A/USDT:USDT,0.576,1964.0,0.5759,2577.0,0.5761,39.0,0.5762,2037.0
1753592024197,04:53:44.197,bybit,A/USDT:USDT,0.576,1964.0,0.5759,2594.0,0.5761,39.0,0.5762,2020.0
1753592024294,04:53:44.294,bybit,A/USDT:USDT,0.576,1964.0,0.5759,2594.0,0.5761,39.0,0.5762,2037.0
1753592024494,04:53:44.494,bybit,A/USDT:USDT,0.576,1964.0,0.5759,2594.0,0.5761,39.0,0.5762,2020.0
1753592024794,04:53:44.794,bybit,A/USDT:USDT,0.576,1964.0,0.5759,2594.0,0.5761,39.0,0.5762,2020.0
1753592024895,04:53:44.895,bybit,A/USDT:USDT,0.576,1964.0,0.5759,2611.0,0.5761,39.0,0.5762,2009.0
1753592025394,04:53:45.394,bybit,A/USDT:USDT,0.576,1964.0,0.5759,2611.0,0.5761,39.0,0.5762,2009.0
1753592025495,04:53:45.495,bybit,A/USDT:USDT,0.576,1964.0,0.5759,2611.0,0.5761,39.0,0.5762,2009.0
1753592025994,04:53:45.994,bybit,A/USDT:USDT,0.576,1964.0,0.5759,2611.0,0.5761,39.0,0.5762,2009.0
1753592026594,04:53:46.594,bybit,A/USDT:USDT,0.576,1981.0,0.5759,2622.0,0.5761,39.0,0.5762,1992.0
1753592026695,04:53:46.695,bybit,A/USDT:USDT,0.576,1964.0,0.5759,2622.0,0.5761,39.0,0.5762,2009.0
1753592026994,04:53:46.994,bybit,A/USDT:USDT,0.576,1981.0,0.5759,2622.0,0.5761,39.0,0.5762,1992.0
1753592027596,04:53:47.596,bybit,A/USDT:USDT,0.576,1981.0,0.5759,2622.0,0.5761,39.0,0.5762,1992.0
1753592027695,04:53:47.695,bybit,A/USDT:USDT,0.576,1981.0,0.5759,2622.0,0.5761,39.0,0.5762,2009.0
1753592028094,04:53:48.094,bybit,A/USDT:USDT,0.576,1981.0,0.5759,2622.0,0.5761,39.0,0.5762,1495.0
1753592028196,04:53:48.196,bybit,A/USDT:USDT,0.576,1981.0,0.5759,2622.0,0.5761,39.0,0.5762,1495.0
1753592028596,04:53:48.596,bybit,A/USDT:USDT,0.576,1981.0,0.5759,2622.0,0.5761,39.0,0.5762,1495.0
1753592028794,04:53:48.794,bybit,A/USDT:USDT,0.576,1981.0,0.5759,2622.0,0.5761,70.0,0.5762,2066.0
1753592028894,04:53:48.894,bybit,A/USDT:USDT,0.576,1981.0,0.5759,2622.0,0.5761,70.0,0.5762,2066.0
1753592029194,04:53:49.194,bybit,A/USDT:USDT,0.576,2051.0,0.5759,2622.0,0.5761,70.0,0.5762,2094.0
1753592029295,04:53:49.295,bybit,A/USDT:USDT,0.576,2068.0,0.5759,2622.0,0.5761,70.0,0.5762,2066.0
1753592029394,04:53:49.394,bybit,A/USDT:USDT,0.576,2068.0,0.5759,2622.0,0.5761,70.0,0.5762,2066.0
1753592029494,04:53:49.494,bybit,A/USDT:USDT,0.576,2068.0,0.5759,2622.0,0.5761,70.0,0.5762,1495.0
1753592029594,04:53:49.594,bybit,A/USDT:USDT,0.576,2068.0,0.5759,2622.0,0.5761,70.0,0.5762,1495.0
1753592030395,04:53:50.395,bybit,A/USDT:USDT,0.576,2068.0,0.5759,2622.0,0.5761,70.0,0.5762,1495.0
1753592030596,04:53:50.596,bybit,A/USDT:USDT,0.576,2051.0,0.5759,2605.0,0.5761,70.0,0.5762,1506.0
1753592030694,04:53:50.694,bybit,A/USDT:USDT,0.576,2051.0,0.5759,2594.0,0.5761,70.0,0.5762,1506.0
1753592030895,04:53:50.895,bybit,A/USDT:USDT,0.576,2051.0,0.5759,2594.0,0.5761,70.0,0.5762,1506.0
1753592030993,04:53:50.993,bybit,A/USDT:USDT,0.576,2051.0,0.5759,2594.0,0.5761,70.0,0.5762,1506.0
1753592031394,04:53:51.394,bybit,A/USDT:USDT,0.576,2051.0,0.5759,2594.0,0.5761,70.0,0.5762,1506.0
1753592031494,04:53:51.494,bybit,A/USDT:USDT,0.576,2051.0,0.5759,2594.0,0.5761,70.0,0.5762,1506.0
1753592031694,04:53:51.694,bybit,A/USDT:USDT,0.576,2051.0,0.5759,2594.0,0.5761,70.0,0.5762,1495.0
1753592032094,04:53:52.094,bybit,A/USDT:USDT,0.576,2068.0,0.5759,2605.0,0.5761,70.0,0.5762,1539.0
1753592032395,04:53:52.395,bybit,A/USDT:USDT,0.576,2068.0,0.5759,2622.0,0.5761,70.0,0.5762,1533.0
1753592032495,04:53:52.495,bybit,A/USDT:USDT,0.576,2068.0,0.5759,2622.0,0.5761,70.0,0.5762,1533.0
1753592032694,04:53:52.694,bybit,A/USDT:USDT,0.576,2068.0,0.5759,2622.0,0.5761,70.0,0.5762,1495.0
1753592032794,04:53:52.794,bybit,A/USDT:USDT,0.576,2468.0,0.5759,2622.0,0.5761,70.0,0.5762,1495.0
1753592032895,04:53:52.895,bybit,A/USDT:USDT,0.576,2468.0,0.5759,2622.0,0.5761,70.0,0.5762,19.0
1753592032995,04:53:52.995,bybit,A/USDT:USDT,0.576,2468.0,0.5759,2622.0,0.5761,70.0,0.5762,19.0
1753592033495,04:53:53.495,bybit,A/USDT:USDT,0.576,2468.0,0.5759,2622.0,0.5761,70.0,0.5762,19.0
1753592033594,04:53:53.594,bybit,A/USDT:USDT,0.576,2468.0,0.5759,2622.0,0.5761,70.0,0.5762,19.0
1753592033695,04:53:53.695,bybit,A/USDT:USDT,0.576,2468.0,0.5759,2622.0,0.5761,70.0,0.5762,19.0
1753592033794,04:53:53.794,bybit,A/USDT:USDT,0.576,2468.0,0.5759,2622.0,0.5761,70.0,0.5762,19.0
1753592033994,04:53:53.994,bybit,A/USDT:USDT,0.576,2468.0,0.5759,2622.0,0.5761,70.0,0.5762,30.0
1753592034094,04:53:54.094,bybit,A/USDT:USDT,0.576,2451.0,0.5759,2622.0,0.5761,70.0,0.5762,19.0
1753592034202,04:53:54.202,bybit,A/USDT:USDT,0.576,2451.0,0.5759,2622.0,0.5761,70.0,0.5762,19.0
1753592034294,04:53:54.294,bybit,A/USDT:USDT,0.576,2451.0,0.5759,2622.0,0.5761,70.0,0.5762,19.0
1753592034494,04:53:54.494,bybit,A/USDT:USDT,0.576,2451.0,0.5759,2622.0,0.5761,70.0,0.5762,19.0
1753592035094,04:53:55.094,bybit,A/USDT:USDT,0.576,2468.0,0.5759,2622.0,0.5761,70.0,0.5762,19.0
1753592035394,04:53:55.394,bybit,A/USDT:USDT,0.576,2468.0,0.5759,2622.0,0.5761,70.0,0.5762,19.0
1753592035795,04:53:55.795,bybit,A/USDT:USDT,0.576,2468.0,0.5759,2622.0,0.5761,70.0,0.5762,19.0
1753592035894,04:53:55.894,bybit,A/USDT:USDT,0.576,2468.0,0.5759,2622.0,0.5761,70.0,0.5762,19.0
1753592035994,04:53:55.994,bybit,A/USDT:USDT,0.576,2468.0,0.5759,2622.0,0.5761,70.0,0.5762,19.0
1753592036496,04:53:56.496,bybit,A/USDT:USDT,0.576,2451.0,0.5759,2605.0,0.5761,70.0,0.5762,19.0
1753592036594,04:53:56.594,bybit,A/USDT:USDT,0.576,2451.0,0.5759,2622.0,0.5761,70.0,0.5762,19.0
1753592036994,04:53:56.994,bybit,A/USDT:USDT,0.576,2451.0,0.5759,2622.0,0.5761,70.0,0.5762,19.0
1753592037094,04:53:57.094,bybit,A/USDT:USDT,0.576,2468.0,0.5759,2622.0,0.5761,70.0,0.5762,19.0
1753592037194,04:53:57.194,bybit,A/USDT:USDT,0.576,2468.0,0.5759,2622.0,0.5761,70.0,0.5762,19.0
1753592037594,04:53:57.594,bybit,A/USDT:USDT,0.576,2468.0,0.5759,2622.0,0.5761,70.0,0.5762,19.0
1753592037695,04:53:57.695,bybit,A/USDT:USDT,0.576,2468.0,0.5759,2622.0,0.5761,70.0,0.5762,19.0
1753592038095,04:53:58.095,bybit,A/USDT:USDT,0.576,2468.0,0.5759,2613.0,0.5761,70.0,0.5762,19.0
1753592038193,04:53:58.193,bybit,A/USDT:USDT,0.576,2468.0,0.5759,2613.0,0.5761,70.0,0.5762,19.0
1753592038294,04:53:58.294,bybit,A/USDT:USDT,0.576,2468.0,0.5759,2613.0,0.5761,70.0,0.5762,19.0
1753592038696,04:53:58.696,bybit,A/USDT:USDT,0.576,2468.0,0.5759,2613.0,0.5761,70.0,0.5762,19.0
1753592038794,04:53:58.794,bybit,A/USDT:USDT,0.576,2468.0,0.5759,2613.0,0.5761,70.0,0.5762,19.0
1753592038994,04:53:58.994,bybit,A/USDT:USDT,0.576,2458.0,0.5759,2613.0,0.5761,70.0,0.5762,19.0
1753592039296,04:53:59.296,bybit,A/USDT:USDT,0.576,2458.0,0.5759,2613.0,0.5761,70.0,0.5762,19.0
1753592039394,04:53:59.394,bybit,A/USDT:USDT,0.576,2458.0,0.5759,2613.0,0.5761,70.0,0.5762,19.0
1753592039794,04:53:59.794,bybit,A/USDT:USDT,0.576,2458.0,0.5759,2613.0,0.5761,70.0,0.5762,19.0
1753592039894,04:53:59.894,bybit,A/USDT:USDT,0.576,2458.0,0.5759,2613.0,0.5761,70.0,0.5762,19.0
1753592040294,04:54:00.294,bybit,A/USDT:USDT,0.576,2458.0,0.5759,2613.0,0.5761,70.0,0.5762,19.0
1753592040494,04:54:00.494,bybit,A/USDT:USDT,0.576,2458.0,0.5759,2613.0,0.5761,70.0,0.5762,19.0
1753592040795,04:54:00.795,bybit,A/USDT:USDT,0.576,2458.0,0.5759,2613.0,0.5761,70.0,0.5762,19.0
1753592040994,04:54:00.994,bybit,A/USDT:USDT,0.576,2458.0,0.5759,2613.0,0.5761,70.0,0.5762,19.0
1753592041095,04:54:01.095,bybit,A/USDT:USDT,0.576,2458.0,0.5759,2613.0,0.5761,70.0,0.5762,19.0
1753592041494,04:54:01.494,bybit,A/USDT:USDT,0.576,2458.0,0.5759,2613.0,0.5761,70.0,0.5762,19.0
1753592041595,04:54:01.595,bybit,A/USDT:USDT,0.576,2458.0,0.5759,2613.0,0.5761,70.0,0.5762,19.0
1753592041996,04:54:01.996,bybit,A/USDT:USDT,0.576,2458.0,0.5759,2613.0,0.5761,70.0,0.5762,19.0
1753592042095,04:54:02.095,bybit,A/USDT:USDT,0.576,2458.0,0.5759,2613.0,0.5761,70.0,0.5762,19.0
1753592043094,04:54:03.094,bybit,A/USDT:USDT,0.576,2458.0,0.5759,2613.0,0.5761,70.0,0.5762,19.0
1753592043197,04:54:03.197,bybit,A/USDT:USDT,0.576,2509.0,0.5759,2613.0,0.5761,70.0,0.5762,19.0
1753592043594,04:54:03.594,bybit,A/USDT:USDT,0.576,2509.0,0.5759,2613.0,0.5761,70.0,0.5762,19.0
1753592043695,04:54:03.695,bybit,A/USDT:USDT,0.576,2509.0,0.5759,2613.0,0.5761,70.0,0.5762,19.0
1753592044095,04:54:04.095,bybit,A/USDT:USDT,0.576,2492.0,0.5759,2613.0,0.5761,70.0,0.5762,19.0
1753592044200,04:54:04.200,bybit,A/USDT:USDT,0.576,2492.0,0.5759,2613.0,0.5761,70.0,0.5762,19.0
1753592044296,04:54:04.296,bybit,A/USDT:USDT,0.576,2492.0,0.5759,2613.0,0.5761,70.0,0.5762,19.0
1753592045095,04:54:05.095,bybit,A/USDT:USDT,0.576,2492.0,0.5759,2622.0,0.5761,70.0,0.5762,19.0
1753592045294,04:54:05.294,bybit,A/USDT:USDT,0.576,2492.0,0.5759,2622.0,0.5761,70.0,0.5762,19.0
1753592045495,04:54:05.495,bybit,A/USDT:USDT,0.576,2492.0,0.5759,2622.0,0.5761,70.0,0.5762,19.0
1753592045695,04:54:05.695,bybit,A/USDT:USDT,0.576,2509.0,0.5759,2622.0,0.5761,70.0,0.5762,19.0
1753592045894,04:54:05.894,bybit,A/USDT:USDT,0.576,2509.0,0.5759,2622.0,0.5761,70.0,0.5762,19.0
1753592045996,04:54:05.996,bybit,A/USDT:USDT,0.576,2509.0,0.5759,2622.0,0.5761,70.0,0.5762,19.0
1753592046096,04:54:06.096,bybit,A/USDT:USDT,0.576,2509.0,0.5759,2622.0,0.5761,70.0,0.5762,19.0
1753592046894,04:54:06.894,bybit,A/USDT:USDT,0.576,2509.0,0.5759,2622.0,0.5761,70.0,0.5762,19.0
1753592047194,04:54:07.194,bybit,A/USDT:USDT,0.576,2509.0,0.5759,2622.0,0.5761,70.0,0.5762,19.0
1753592047295,04:54:07.295,bybit,A/USDT:USDT,0.576,2509.0,0.5759,2622.0,0.5761,116.0,0.5762,19.0
1753592047394,04:54:07.394,bybit,A/USDT:USDT,0.576,2509.0,0.5759,2622.0,0.5761,116.0,0.5762,19.0
1753592047595,04:54:07.595,bybit,A/USDT:USDT,0.576,2509.0,0.5759,2622.0,0.5761,116.0,0.5762,19.0
1753592047697,04:54:07.697,bybit,A/USDT:USDT,0.576,2509.0,0.5759,2622.0,0.5761,116.0,0.5762,19.0
1753592047894,04:54:07.894,bybit,A/USDT:USDT,0.576,2509.0,0.5759,2622.0,0.5761,116.0,0.5762,19.0
1753592048197,04:54:08.197,bybit,A/USDT:USDT,0.576,2509.0,0.5759,2622.0,0.5761,126.0,0.5762,19.0
1753592048394,04:54:08.394,bybit,A/USDT:USDT,0.576,2509.0,0.5759,2622.0,0.5761,126.0,0.5762,19.0
1753592048896,04:54:08.896,bybit,A/USDT:USDT,0.576,2509.0,0.5759,2622.0,0.5761,126.0,0.5762,19.0
1753592048996,04:54:08.996,bybit,A/USDT:USDT,0.576,2509.0,0.5759,2622.0,0.5761,126.0,0.5762,19.0
1753592049194,04:54:09.194,bybit,A/USDT:USDT,0.576,2492.0,0.5759,2622.0,0.5761,126.0,0.5762,19.0
1753592049495,04:54:09.495,bybit,A/USDT:USDT,0.576,2492.0,0.5759,2622.0,0.5761,126.0,0.5762,19.0
1753592049594,04:54:09.594,bybit,A/USDT:USDT,0.576,2492.0,0.5759,2622.0,0.5761,126.0,0.5762,19.0
1753592049994,04:54:09.994,bybit,A/USDT:USDT,0.576,2492.0,0.5759,2622.0,0.5761,126.0,0.5762,19.0
1753592050094,04:54:10.094,bybit,A/USDT:USDT,0.576,2735.0,0.5759,2622.0,0.5761,126.0,0.5762,19.0
1753592050194,04:54:10.194,bybit,A/USDT:USDT,0.576,3429.0,0.5759,2622.0,0.5761,126.0,0.5762,19.0
1753592050294,04:54:10.294,bybit,A/USDT:USDT,0.576,3429.0,0.5759,2622.0,0.5761,126.0,0.5762,19.0
1753592050494,04:54:10.494,bybit,A/USDT:USDT,0.576,3429.0,0.5759,2622.0,0.5761,126.0,0.5762,19.0
1753592050794,04:54:10.794,bybit,A/USDT:USDT,0.576,3412.0,0.5759,3056.0,0.5761,126.0,0.5762,19.0
1753592050895,04:54:10.895,bybit,A/USDT:USDT,0.576,3470.0,0.5759,3056.0,0.5761,126.0,0.5762,19.0
1753592050994,04:54:10.994,bybit,A/USDT:USDT,0.576,3817.0,0.5759,3056.0,0.5761,126.0,0.5762,19.0
1753592051297,04:54:11.297,bybit,A/USDT:USDT,0.576,3817.0,0.5759,3056.0,0.5761,133.0,0.5762,19.0
1753592051595,04:54:11.595,bybit,A/USDT:USDT,0.576,3834.0,0.5759,3056.0,0.5761,133.0,0.5762,19.0
1753592051896,04:54:11.896,bybit,A/USDT:USDT,0.576,3834.0,0.5759,3056.0,0.5761,133.0,0.5762,19.0
1753592052496,04:54:12.496,bybit,A/USDT:USDT,0.576,3834.0,0.5759,3056.0,0.5761,133.0,0.5762,19.0
1753592052795,04:54:12.795,bybit,A/USDT:USDT,0.576,3834.0,0.5759,3056.0,0.5761,133.0,0.5762,19.0
1753592052895,04:54:12.895,bybit,A/USDT:USDT,0.576,3834.0,0.5759,3056.0,0.5761,133.0,0.5762,19.0
1753592053095,04:54:13.095,bybit,A/USDT:USDT,0.576,4004.0,0.5759,3056.0,0.5761,133.0,0.5762,19.0
1753592053394,04:54:13.394,bybit,A/USDT:USDT,0.576,4004.0,0.5759,3056.0,0.5761,133.0,0.5762,19.0
1753592053896,04:54:13.896,bybit,A/USDT:USDT,0.576,3987.0,0.5759,3056.0,0.5761,133.0,0.5762,19.0
1753592053995,04:54:13.995,bybit,A/USDT:USDT,0.576,3987.0,0.5759,3056.0,0.5761,133.0,0.5762,19.0
1753592054995,04:54:14.995,bybit,A/USDT:USDT,0.576,4004.0,0.5759,3056.0,0.5761,133.0,0.5762,19.0
1753592055194,04:54:15.194,bybit,A/USDT:USDT,0.576,4004.0,0.5759,3056.0,0.5761,133.0,0.5762,19.0
1753592055595,04:54:15.595,bybit,A/USDT:USDT,0.576,4004.0,0.5759,3056.0,0.5761,133.0,0.5762,19.0
1753592055695,04:54:15.695,bybit,A/USDT:USDT,0.576,4004.0,0.5759,3056.0,0.5761,133.0,0.5762,19.0
1753592056895,04:54:16.895,bybit,A/USDT:USDT,0.576,4004.0,0.5759,3056.0,0.5761,133.0,0.5762,19.0
1753592057894,04:54:17.894,bybit,A/USDT:USDT,0.576,4004.0,0.5759,3056.0,0.5761,133.0,0.5762,19.0
1753592057994,04:54:17.994,bybit,A/USDT:USDT,0.576,4004.0,0.5759,3056.0,0.5761,133.0,0.5762,19.0
1753592058294,04:54:18.294,bybit,A/USDT:USDT,0.576,4014.0,0.5759,3056.0,0.5761,123.0,0.5762,19.0
1753592058594,04:54:18.594,bybit,A/USDT:USDT,0.576,4014.0,0.5759,3056.0,0.5761,123.0,0.5762,19.0
1753592058695,04:54:18.695,bybit,A/USDT:USDT,0.576,4014.0,0.5759,3056.0,0.5761,123.0,0.5762,19.0
1753592059094,04:54:19.094,bybit,A/USDT:USDT,0.576,4014.0,0.5759,3056.0,0.5761,123.0,0.5762,19.0
1753592059502,04:54:19.502,bybit,A/USDT:USDT,0.576,4014.0,0.5759,3056.0,0.5761,123.0,0.5762,19.0
1753592059594,04:54:19.594,bybit,A/USDT:USDT,0.576,4014.0,0.5759,3056.0,0.5761,123.0,0.5762,19.0
1753592059994,04:54:19.994,bybit,A/USDT:USDT,0.576,4014.0,0.5759,3316.0,0.5761,123.0,0.5762,19.0
1753592060495,04:54:20.495,bybit,A/USDT:USDT,0.576,3667.0,0.5759,3316.0,0.5761,123.0,0.5762,19.0
1753592060694,04:54:20.694,bybit,A/USDT:USDT,0.576,3667.0,0.5759,3316.0,0.5761,123.0,0.5762,19.0
1753592060794,04:54:20.794,bybit,A/USDT:USDT,0.576,3667.0,0.5759,3316.0,0.5761,123.0,0.5762,19.0
1753592061194,04:54:21.194,bybit,A/USDT:USDT,0.576,3667.0,0.5759,3316.0,0.5761,123.0,0.5762,19.0
1753592061294,04:54:21.294,bybit,A/USDT:USDT,0.576,3667.0,0.5759,3316.0,0.5761,123.0,0.5762,19.0
1753592061395,04:54:21.395,bybit,A/USDT:USDT,0.576,3650.0,0.5759,3316.0,0.5761,123.0,0.5762,19.0
1753592061695,04:54:21.695,bybit,A/USDT:USDT,0.576,3650.0,0.5759,3316.0,0.5761,123.0,0.5762,19.0
1753592061795,04:54:21.795,bybit,A/USDT:USDT,0.576,3667.0,0.5759,3316.0,0.5761,123.0,0.5762,19.0
1753592062197,04:54:22.197,bybit,A/USDT:USDT,0.576,4014.0,0.5759,3316.0,0.5761,123.0,0.5762,19.0
1753592062294,04:54:22.294,bybit,A/USDT:USDT,0.576,4014.0,0.5759,3316.0,0.5761,123.0,0.5762,19.0
1753592062394,04:54:22.394,bybit,A/USDT:USDT,0.576,4014.0,0.5759,3316.0,0.5761,123.0,0.5762,19.0
1753592063094,04:54:23.094,bybit,A/USDT:USDT,0.576,3303.0,0.5759,3316.0,0.5761,123.0,0.5762,19.0
1753592063196,04:54:23.196,bybit,A/USDT:USDT,0.576,3390.0,0.5759,3316.0,0.5761,123.0,0.5762,19.0
1753592063294,04:54:23.294,bybit,A/USDT:USDT,0.576,3390.0,0.5759,3316.0,0.5761,123.0,0.5762,19.0
1753592063395,04:54:23.395,bybit,A/USDT:USDT,0.576,3390.0,0.5759,3316.0,0.5761,123.0,0.5762,19.0
1753592063495,04:54:23.495,bybit,A/USDT:USDT,0.576,3390.0,0.5759,3316.0,0.5761,123.0,0.5762,19.0
1753592063694,04:54:23.694,bybit,A/USDT:USDT,0.576,3390.0,0.5759,3316.0,0.5761,123.0,0.5762,19.0
1753592064395,04:54:24.395,bybit,A/USDT:USDT,0.576,3390.0,0.5759,3316.0,0.5761,123.0,0.5762,19.0
1753592064494,04:54:24.494,bybit,A/USDT:USDT,0.576,3390.0,0.5759,3316.0,0.5761,123.0,0.5762,19.0
1753592065594,04:54:25.594,bybit,A/USDT:USDT,0.576,4101.0,0.5759,3316.0,0.5761,133.0,0.5762,19.0
1753592065996,04:54:25.996,bybit,A/USDT:USDT,0.576,5922.0,0.5759,3316.0,0.5761,133.0,0.5762,19.0
1753592066094,04:54:26.094,bybit,A/USDT:USDT,0.576,5922.0,0.5759,3316.0,0.5761,133.0,0.5762,19.0
1753592066294,04:54:26.294,bybit,A/USDT:USDT,0.576,5055.0,0.5759,3316.0,0.5761,133.0,0.5762,19.0
1753592066494,04:54:26.494,bybit,A/USDT:USDT,0.576,5922.0,0.5759,3316.0,0.5761,133.0,0.5762,19.0
1753592066594,04:54:26.594,bybit,A/USDT:USDT,0.576,3754.0,0.5759,3316.0,0.5761,133.0,0.5762,19.0
1753592066695,04:54:26.695,bybit,A/USDT:USDT,0.576,3754.0,0.5759,3316.0,0.5761,133.0,0.5762,19.0
1753592066794,04:54:26.794,bybit,A/USDT:USDT,0.576,3720.0,0.5759,3316.0,0.5761,133.0,0.5762,19.0
1753592066896,04:54:26.896,bybit,A/USDT:USDT,0.576,3754.0,0.5759,3316.0,0.5761,133.0,0.5762,19.0
1753592066994,04:54:26.994,bybit,A/USDT:USDT,0.576,3737.0,0.5759,3316.0,0.5761,133.0,0.5762,19.0
1753592067195,04:54:27.195,bybit,A/USDT:USDT,0.576,3754.0,0.5759,3316.0,0.5761,133.0,0.5762,19.0
1753592067294,04:54:27.294,bybit,A/USDT:USDT,0.576,3754.0,0.5759,3316.0,0.5761,133.0,0.5762,19.0
1753592067596,04:54:27.596,bybit,A/USDT:USDT,0.576,3754.0,0.5759,3316.0,0.5761,133.0,0.5762,19.0
1753592067695,04:54:27.695,bybit,A/USDT:USDT,0.576,4002.0,0.5759,3316.0,0.5761,133.0,0.5762,19.0
1753592067794,04:54:27.794,bybit,A/USDT:USDT,0.576,4002.0,0.5759,3316.0,0.5761,133.0,0.5762,19.0
1753592068094,04:54:28.094,bybit,A/USDT:USDT,0.576,3985.0,0.5759,3316.0,0.5761,133.0,0.5762,19.0
1753592068197,04:54:28.197,bybit,A/USDT:USDT,0.576,3985.0,0.5759,3316.0,0.5761,133.0,0.5762,19.0
1753592068295,04:54:28.295,bybit,A/USDT:USDT,0.576,3985.0,0.5759,3316.0,0.5761,133.0,0.5762,19.0
1753592068694,04:54:28.694,bybit,A/USDT:USDT,0.576,3985.0,0.5759,3316.0,0.5761,133.0,0.5762,19.0
1753592068794,04:54:28.794,bybit,A/USDT:USDT,0.576,3985.0,0.5759,3316.0,0.5761,133.0,0.5762,19.0
1753592069494,04:54:29.494,bybit,A/USDT:USDT,0.576,4332.0,0.5759,3316.0,0.5761,133.0,0.5762,19.0
1753592069894,04:54:29.894,bybit,A/USDT:USDT,0.576,4332.0,0.5759,3316.0,0.5761,133.0,0.5762,19.0
1753592069994,04:54:29.994,bybit,A/USDT:USDT,0.576,4332.0,0.5759,3316.0,0.5761,133.0,0.5762,19.0
1753592070394,04:54:30.394,bybit,A/USDT:USDT,0.576,4332.0,0.5759,3316.0,0.5761,133.0,0.5762,19.0
1753592070494,04:54:30.494,bybit,A/USDT:USDT,0.576,4332.0,0.5759,3316.0,0.5761,133.0,0.5762,19.0
1753592070695,04:54:30.695,bybit,A/USDT:USDT,0.576,4332.0,0.5759,3316.0,0.5761,133.0,0.5762,19.0
1753592070895,04:54:30.895,bybit,A/USDT:USDT,0.576,4013.0,0.5759,3316.0,0.5761,133.0,0.5762,19.0
1753592070995,04:54:30.995,bybit,A/USDT:USDT,0.576,4051.0,0.5759,3316.0,0.5761,133.0,0.5762,19.0
1753592071094,04:54:31.094,bybit,A/USDT:USDT,0.576,4034.0,0.5759,3316.0,0.5761,133.0,0.5762,19.0
1753592072198,04:54:32.198,bybit,A/USDT:USDT,0.576,4051.0,0.5759,3316.0,0.5761,133.0,0.5762,19.0
1753592072296,04:54:32.296,bybit,A/USDT:USDT,0.576,4051.0,0.5759,3316.0,0.5761,133.0,0.5762,19.0
1753592072596,04:54:32.596,bybit,A/USDT:USDT,0.576,4051.0,0.5759,3316.0,0.5761,133.0,0.5762,19.0
1753592072694,04:54:32.694,bybit,A/USDT:USDT,0.576,4051.0,0.5759,3316.0,0.5761,133.0,0.5762,19.0
1753592072994,04:54:32.994,bybit,A/USDT:USDT,0.576,4051.0,0.5759,3316.0,0.5761,133.0,0.5762,19.0
1753592073095,04:54:33.095,bybit,A/USDT:USDT,0.576,4051.0,0.5759,3316.0,0.5761,133.0,0.5762,19.0
1753592073195,04:54:33.195,bybit,A/USDT:USDT,0.576,4051.0,0.5759,3316.0,0.5761,133.0,0.5762,19.0
1753592073294,04:54:33.294,bybit,A/USDT:USDT,0.576,3270.0,0.5759,3316.0,0.5761,133.0,0.5762,19.0
1753592073394,04:54:33.394,bybit,A/USDT:USDT,0.576,3270.0,0.5759,3299.0,0.5761,133.0,0.5762,62.0
1753592073495,04:54:33.495,bybit,A/USDT:USDT,0.576,3287.0,0.5759,3316.0,0.5761,133.0,0.5762,19.0
1753592073694,04:54:33.694,bybit,A/USDT:USDT,0.576,3287.0,0.5759,3316.0,0.5761,133.0,0.5762,19.0
1753592073794,04:54:33.794,bybit,A/USDT:USDT,0.576,3287.0,0.5759,3316.0,0.5761,133.0,0.5762,19.0
1753592074394,04:54:34.394,bybit,A/USDT:USDT,0.576,3287.0,0.5759,3316.0,0.5761,133.0,0.5762,19.0
1753592074495,04:54:34.495,bybit,A/USDT:USDT,0.576,3287.0,0.5759,3316.0,0.5761,133.0,0.5762,19.0
1753592074694,04:54:34.694,bybit,A/USDT:USDT,0.576,3270.0,0.5759,3288.0,0.5761,133.0,0.5762,47.0
1753592074995,04:54:34.995,bybit,A/USDT:USDT,0.576,3270.0,0.5759,3288.0,0.5761,133.0,0.5762,47.0
1753592075095,04:54:35.095,bybit,A/USDT:USDT,0.576,3287.0,0.5759,3316.0,0.5761,133.0,0.5762,19.0
1753592075594,04:54:35.594,bybit,A/USDT:USDT,0.576,3287.0,0.5759,3316.0,0.5761,133.0,0.5762,19.0
1753592075695,04:54:35.695,bybit,A/USDT:USDT,0.576,3270.0,0.5759,3299.0,0.5761,133.0,0.5762,19.0
1753592075794,04:54:35.794,bybit,A/USDT:USDT,0.576,3270.0,0.5759,3299.0,0.5761,133.0,0.5762,36.0
1753592076695,04:54:36.695,bybit,A/USDT:USDT,0.576,1661.0,0.5759,1894.0,0.5761,190.0,0.5762,1282.0
1753592076794,04:54:36.794,bybit,A/USDT:USDT,0.576,1491.0,0.5759,1877.0,0.5761,133.0,0.5762,1282.0
1753592076894,04:54:36.894,bybit,A/USDT:USDT,0.576,1491.0,0.5759,1951.0,0.5761,133.0,0.5762,1282.0
1753592077195,04:54:37.195,bybit,A/USDT:USDT,0.576,1491.0,0.5759,1968.0,0.5761,133.0,0.5762,1265.0
1753592077394,04:54:37.394,bybit,A/USDT:USDT,0.576,1491.0,0.5759,1968.0,0.5761,133.0,0.5762,1282.0
1753592077494,04:54:37.494,bybit,A/USDT:USDT,0.576,1491.0,0.5759,1951.0,0.5761,133.0,0.5762,1282.0
1753592077696,04:54:37.696,bybit,A/USDT:USDT,0.576,1491.0,0.5759,1951.0,0.5761,133.0,0.5762,1282.0
1753592077894,04:54:37.894,bybit,A/USDT:USDT,0.576,1491.0,0.5759,1968.0,0.5761,133.0,0.5762,1265.0
1753592077994,04:54:37.994,bybit,A/USDT:USDT,0.576,1491.0,0.5759,1968.0,0.5761,133.0,0.5762,1282.0
1753592078494,04:54:38.494,bybit,A/USDT:USDT,0.576,1491.0,0.5759,1951.0,0.5761,123.0,0.5762,1282.0
1753592078795,04:54:38.795,bybit,A/USDT:USDT,0.576,1838.0,0.5759,1951.0,0.5761,123.0,0.5762,1245.0
1753592078895,04:54:38.895,bybit,A/USDT:USDT,0.576,1491.0,0.5759,1951.0,0.5761,123.0,0.5762,1282.0
1753592078994,04:54:38.994,bybit,A/USDT:USDT,0.576,1491.0,0.5759,1951.0,0.5761,123.0,0.5762,1282.0
1753592079094,04:54:39.094,bybit,A/USDT:USDT,0.576,1491.0,0.5759,1951.0,0.5761,123.0,0.5762,1282.0
1753592079295,04:54:39.295,bybit,A/USDT:USDT,0.576,1491.0,0.5759,1951.0,0.5761,123.0,0.5762,1282.0
1753592079994,04:54:39.994,bybit,A/USDT:USDT,0.576,1491.0,0.5759,1951.0,0.5761,123.0,0.5762,1282.0
1753592080094,04:54:40.094,bybit,A/USDT:USDT,0.576,1491.0,0.5759,1951.0,0.5761,123.0,0.5762,1282.0
1753592080197,04:54:40.197,bybit,A/USDT:USDT,0.576,1491.0,0.5759,1951.0,0.5761,123.0,0.5762,1743.0
1753592080494,04:54:40.494,bybit,A/USDT:USDT,0.576,1491.0,0.5759,1951.0,0.5761,123.0,0.5762,1743.0
1753592080594,04:54:40.594,bybit,A/USDT:USDT,0.576,1491.0,0.5759,1951.0,0.5761,811.0,0.5762,1743.0
1753592081194,04:54:41.194,bybit,A/USDT:USDT,0.576,1491.0,0.5759,1951.0,0.5761,811.0,0.5762,1743.0
1753592081294,04:54:41.294,bybit,A/USDT:USDT,0.576,1491.0,0.5759,1951.0,0.5761,794.0,0.5762,1743.0
1753592081695,04:54:41.695,bybit,A/USDT:USDT,0.576,1491.0,0.5759,1951.0,0.5761,794.0,0.5762,1743.0
1753592081794,04:54:41.794,bybit,A/USDT:USDT,0.576,1491.0,0.5759,1951.0,0.5761,777.0,0.5762,1743.0
1753592081896,04:54:41.896,bybit,A/USDT:USDT,0.576,1491.0,0.5759,1951.0,0.5761,811.0,0.5762,1743.0
1753592081994,04:54:41.994,bybit,A/USDT:USDT,0.576,1491.0,0.5759,1951.0,0.5761,811.0,0.5762,1743.0
1753592082195,04:54:42.195,bybit,A/USDT:USDT,0.576,1491.0,0.5759,1951.0,0.5761,794.0,0.5762,2143.0
1753592082394,04:54:42.394,bybit,A/USDT:USDT,0.576,1491.0,0.5759,1951.0,0.5761,811.0,0.5762,2143.0
1753592082496,04:54:42.496,bybit,A/USDT:USDT,0.576,1491.0,0.5759,1283.0,0.5761,811.0,0.5762,2143.0
1753592082595,04:54:42.595,bybit,A/USDT:USDT,0.576,1491.0,0.5759,1283.0,0.5761,794.0,0.5762,2143.0
1753592082696,04:54:42.696,bybit,A/USDT:USDT,0.576,166.0,0.5759,958.0,0.5761,1010.0,0.5762,2157.0
1753592082794,04:54:42.794,bybit,A/USDT:USDT,0.576,107.0,0.5759,784.0,0.5761,1021.0,0.5762,2157.0
1753592082994,04:54:42.994,bybit,A/USDT:USDT,0.576,97.0,0.5759,380.0,0.5761,1213.0,0.5762,2157.0
1753592083094,04:54:43.094,bybit,A/USDT:USDT,0.576,97.0,0.5759,380.0,0.5761,1213.0,0.5762,3172.0
1753592083294,04:54:43.294,bybit,A/USDT:USDT,0.576,97.0,0.5759,380.0,0.5761,1613.0,0.5762,3172.0
1753592083393,04:54:43.393,bybit,A/USDT:USDT,0.576,97.0,0.5759,380.0,0.5761,1613.0,0.5762,1696.0
1753592083796,04:54:43.796,bybit,A/USDT:USDT,0.576,97.0,0.5759,380.0,0.5761,1613.0,0.5762,1696.0
1753592084394,04:54:44.394,bybit,A/USDT:USDT,0.576,97.0,0.5759,380.0,0.5761,1613.0,0.5762,1696.0
1753592084494,04:54:44.494,bybit,A/USDT:USDT,0.576,97.0,0.5759,380.0,0.5761,1613.0,0.5762,3172.0
1753592084794,04:54:44.794,bybit,A/USDT:USDT,0.576,97.0,0.5759,380.0,0.5761,1613.0,0.5762,1696.0
1753592084894,04:54:44.894,bybit,A/USDT:USDT,0.576,97.0,0.5759,380.0,0.5761,1613.0,0.5762,1696.0
1753592084994,04:54:44.994,bybit,A/USDT:USDT,0.576,97.0,0.5759,380.0,0.5761,1613.0,0.5762,1696.0
1753592085494,04:54:45.494,bybit,A/USDT:USDT,0.576,97.0,0.5759,380.0,0.5761,1613.0,0.5762,1696.0
1753592085894,04:54:45.894,bybit,A/USDT:USDT,0.576,97.0,0.5759,380.0,0.5761,1613.0,0.5762,3172.0
1753592085994,04:54:45.994,bybit,A/USDT:USDT,0.576,97.0,0.5759,380.0,0.5761,1613.0,0.5762,3172.0
1753592086095,04:54:46.095,bybit,A/USDT:USDT,0.576,97.0,0.5759,380.0,0.5761,1150.0,0.5762,3172.0
1753592086201,04:54:46.201,bybit,A/USDT:USDT,0.576,97.0,0.5759,454.0,0.5761,1189.0,0.5762,3172.0
1753592086594,04:54:46.594,bybit,A/USDT:USDT,0.576,97.0,0.5759,454.0,0.5761,1189.0,0.5762,3172.0
1753592086695,04:54:46.695,bybit,A/USDT:USDT,0.576,97.0,0.5759,454.0,0.5761,1189.0,0.5762,3172.0
1753592086794,04:54:46.794,bybit,A/USDT:USDT,0.576,97.0,0.5759,454.0,0.5761,1172.0,0.5762,3172.0
1753592087195,04:54:47.195,bybit,A/USDT:USDT,0.576,97.0,0.5759,454.0,0.5761,1172.0,0.5762,3172.0
1753592087394,04:54:47.394,bybit,A/USDT:USDT,0.576,97.0,0.5759,454.0,0.5761,1172.0,0.5762,3172.0
1753592087496,04:54:47.496,bybit,A/USDT:USDT,0.576,97.0,0.5759,454.0,0.5761,1172.0,0.5762,3172.0
1753592087696,04:54:47.696,bybit,A/USDT:USDT,0.576,97.0,0.5759,454.0,0.5761,1189.0,0.5762,3172.0
1753592087795,04:54:47.795,bybit,A/USDT:USDT,0.576,97.0,0.5759,454.0,0.5761,1189.0,0.5762,3172.0
1753592088200,04:54:48.200,bybit,A/USDT:USDT,0.576,97.0,0.5759,454.0,0.5761,1189.0,0.5762,3172.0
1753592088294,04:54:48.294,bybit,A/USDT:USDT,0.576,97.0,0.5759,380.0,0.5761,1189.0,0.5762,3172.0
1753592088395,04:54:48.395,bybit,A/USDT:USDT,0.576,97.0,0.5759,380.0,0.5761,1189.0,0.5762,3172.0
1753592088896,04:54:48.896,bybit,A/USDT:USDT,0.576,97.0,0.5759,380.0,0.5761,1189.0,0.5762,3172.0
1753592089295,04:54:49.295,bybit,A/USDT:USDT,0.576,97.0,0.5759,380.0,0.5761,1189.0,0.5762,3172.0
1753592089394,04:54:49.394,bybit,A/USDT:USDT,0.576,97.0,0.5759,380.0,0.5761,1189.0,0.5762,3172.0
1753592090494,04:54:50.494,bybit,A/USDT:USDT,0.576,97.0,0.5759,380.0,0.5761,1189.0,0.5762,3172.0
1753592090594,04:54:50.594,bybit,A/USDT:USDT,0.576,97.0,0.5759,380.0,0.5761,1189.0,0.5762,3172.0
1753592090694,04:54:50.694,bybit,A/USDT:USDT,0.576,97.0,0.5759,380.0,0.5761,1189.0,0.5762,3172.0
1753592091094,04:54:51.094,bybit,A/USDT:USDT,0.576,97.0,0.5759,380.0,0.5761,1189.0,0.5762,3172.0
1753592091196,04:54:51.196,bybit,A/USDT:USDT,0.576,97.0,0.5759,380.0,0.5761,1189.0,0.5762,3172.0
1753592091697,04:54:51.697,bybit,A/USDT:USDT,0.576,97.0,0.5759,380.0,0.5761,1189.0,0.5762,3172.0
1753592092194,04:54:52.194,bybit,A/USDT:USDT,0.576,97.0,0.5759,380.0,0.5761,1189.0,0.5762,3172.0
1753592092795,04:54:52.795,bybit,A/USDT:USDT,0.576,10.0,0.5759,380.0,0.5761,1189.0,0.5762,3172.0
1753592093496,04:54:53.496,bybit,A/USDT:USDT,0.576,10.0,0.5759,380.0,0.5761,1189.0,0.5762,3172.0
1753592093894,04:54:53.894,bybit,A/USDT:USDT,0.576,10.0,0.5759,380.0,0.5761,1189.0,0.5762,3172.0
1753592093994,04:54:53.994,bybit,A/USDT:USDT,0.576,10.0,0.5759,380.0,0.5761,1155.0,0.5762,3172.0
1753592094095,04:54:54.095,bybit,A/USDT:USDT,0.576,10.0,0.5759,380.0,0.5761,1189.0,0.5762,3172.0
1753592094494,04:54:54.494,bybit,A/USDT:USDT,0.576,10.0,0.5759,380.0,0.5761,1172.0,0.5762,3172.0
1753592094895,04:54:54.895,bybit,A/USDT:USDT,0.576,10.0,0.5759,454.0,0.5761,1189.0,0.5762,3172.0
1753592095594,04:54:55.594,bybit,A/USDT:USDT,0.576,10.0,0.5759,454.0,0.5761,1189.0,0.5762,3172.0
1753592095694,04:54:55.694,bybit,A/USDT:USDT,0.576,10.0,0.5759,454.0,0.5761,1189.0,0.5762,3172.0
1753592096094,04:54:56.094,bybit,A/USDT:USDT,0.576,10.0,0.5759,454.0,0.5761,1189.0,0.5762,3172.0
1753592096296,04:54:56.296,bybit,A/USDT:USDT,0.576,10.0,0.5759,454.0,0.5761,1189.0,0.5762,3172.0
1753592096994,04:54:56.994,bybit,A/USDT:USDT,0.576,10.0,0.5759,454.0,0.5761,1189.0,0.5762,3172.0
1753592097094,04:54:57.094,bybit,A/USDT:USDT,0.576,10.0,0.5759,454.0,0.5761,1189.0,0.5762,3172.0
1753592097294,04:54:57.294,bybit,A/USDT:USDT,0.576,10.0,0.5759,454.0,0.5761,1189.0,0.5762,3172.0
1753592097394,04:54:57.394,bybit,A/USDT:USDT,0.576,10.0,0.5759,454.0,0.5761,1191.0,0.5762,3172.0
1753592097495,04:54:57.495,bybit,A/USDT:USDT,0.576,10.0,0.5759,454.0,0.5761,1174.0,0.5762,3172.0
1753592097893,04:54:57.893,bybit,A/USDT:USDT,0.576,10.0,0.5759,454.0,0.5761,1174.0,0.5762,3172.0
1753592097994,04:54:57.994,bybit,A/USDT:USDT,0.576,10.0,0.5759,454.0,0.5761,1174.0,0.5762,3172.0
1753592098096,04:54:58.096,bybit,A/USDT:USDT,0.576,74.0,0.5759,445.0,0.5761,1118.0,0.5762,3172.0
1753592098194,04:54:58.194,bybit,A/USDT:USDT,0.576,74.0,0.5759,445.0,0.5761,1118.0,0.5762,2772.0
1753592098294,04:54:58.294,bybit,A/USDT:USDT,0.576,74.0,0.5759,445.0,0.5761,1118.0,0.5762,2772.0
1753592098394,04:54:58.394,bybit,A/USDT:USDT,0.576,74.0,0.5759,445.0,0.5761,1118.0,0.5762,2772.0
1753592098894,04:54:58.894,bybit,A/USDT:USDT,0.576,74.0,0.5759,445.0,0.5761,1118.0,0.5762,2772.0
1753592098994,04:54:58.994,bybit,A/USDT:USDT,0.576,74.0,0.5759,1102.0,0.5761,1107.0,0.5762,2727.0
1753592099197,04:54:59.197,bybit,A/USDT:USDT,0.576,364.0,0.5759,1102.0,0.5761,1107.0,0.5762,2772.0
1753592099294,04:54:59.294,bybit,A/USDT:USDT,0.576,364.0,0.5759,1102.0,0.5761,1107.0,0.5762,2772.0
1753592099394,04:54:59.394,bybit,A/USDT:USDT,0.576,141.0,0.5759,1102.0,0.5761,1107.0,0.5762,2772.0
1753592099494,04:54:59.494,bybit,A/USDT:USDT,0.576,74.0,0.5759,1102.0,0.5761,1107.0,0.5762,2772.0
1753592099695,04:54:59.695,bybit,A/USDT:USDT,0.576,74.0,0.5759,1102.0,0.5761,1107.0,0.5762,2772.0
1753592099996,04:54:59.996,bybit,A/USDT:USDT,0.576,74.0,0.5759,1102.0,0.5761,1107.0,0.5762,2772.0
1753592100096,04:55:00.096,bybit,A/USDT:USDT,0.576,10.0,0.5759,445.0,0.5761,1107.0,0.5762,2772.0
1753592100198,04:55:00.198,bybit,A/USDT:USDT,0.576,10.0,0.5759,445.0,0.5761,1192.0,0.5762,2772.0
1753592100294,04:55:00.294,bybit,A/USDT:USDT,0.576,10.0,0.5759,445.0,0.5761,1192.0,0.5762,2772.0
1753592100395,04:55:00.395,bybit,A/USDT:USDT,0.576,10.0,0.5759,445.0,0.5761,1176.0,0.5762,2772.0
1753592100495,04:55:00.495,bybit,A/USDT:USDT,0.576,10.0,0.5759,445.0,0.5761,1192.0,0.5762,2772.0
1753592100694,04:55:00.694,bybit,A/USDT:USDT,0.576,10.0,0.5759,445.0,0.5761,1160.0,0.5762,2772.0
1753592101496,04:55:01.496,bybit,A/USDT:USDT,0.576,10.0,0.5759,445.0,0.5761,1160.0,0.5762,2772.0
1753592101595,04:55:01.595,bybit,A/USDT:USDT,0.576,10.0,0.5759,445.0,0.5761,1160.0,0.5762,2772.0
1753592101694,04:55:01.694,bybit,A/USDT:USDT,0.576,10.0,0.5759,445.0,0.5761,1160.0,0.5762,2772.0
1753592101895,04:55:01.895,bybit,A/USDT:USDT,0.576,10.0,0.5759,445.0,0.5761,1160.0,0.5762,2772.0
1753592101994,04:55:01.994,bybit,A/USDT:USDT,0.576,10.0,0.5759,845.0,0.5761,1160.0,0.5762,2772.0
1753592102094,04:55:02.094,bybit,A/USDT:USDT,0.576,10.0,0.5759,845.0,0.5761,1160.0,0.5762,2772.0
1753592102197,04:55:02.197,bybit,A/USDT:USDT,0.576,10.0,0.5759,845.0,0.5761,1160.0,0.5762,2772.0
1753592102794,04:55:02.794,bybit,A/USDT:USDT,0.576,10.0,0.5759,845.0,0.5761,1160.0,0.5762,2772.0
1753592102894,04:55:02.894,bybit,A/USDT:USDT,0.576,10.0,0.5759,845.0,0.5761,1176.0,0.5762,2772.0
1753592102994,04:55:02.994,bybit,A/USDT:USDT,0.576,10.0,0.5759,445.0,0.5761,1192.0,0.5762,2772.0
1753592103094,04:55:03.094,bybit,A/USDT:USDT,0.576,10.0,0.5759,454.0,0.5761,1192.0,0.5762,2772.0
1753592103197,04:55:03.197,bybit,A/USDT:USDT,0.576,10.0,0.5759,454.0,0.5761,1192.0,0.5762,2772.0
1753592103294,04:55:03.294,bybit,A/USDT:USDT,0.576,10.0,0.5759,454.0,0.5761,1192.0,0.5762,2772.0
1753592103696,04:55:03.696,bybit,A/USDT:USDT,0.576,10.0,0.5759,454.0,0.5761,1192.0,0.5762,2772.0
1753592103794,04:55:03.794,bybit,A/USDT:USDT,0.576,10.0,0.5759,454.0,0.5761,1192.0,0.5762,2772.0
1753592104095,04:55:04.095,bybit,A/USDT:USDT,0.576,10.0,0.5759,454.0,0.5761,1192.0,0.5762,2772.0
1753592105094,04:55:05.094,bybit,A/USDT:USDT,0.576,10.0,0.5759,454.0,0.5761,1176.0,0.5762,2772.0
1753592105194,04:55:05.194,bybit,A/USDT:USDT,0.576,10.0,0.5759,454.0,0.5761,1176.0,0.5762,2772.0
1753592105294,04:55:05.294,bybit,A/USDT:USDT,0.576,10.0,0.5759,454.0,0.5761,1176.0,0.5762,2772.0
1753592106595,04:55:06.595,bybit,A/USDT:USDT,0.576,10.0,0.5759,454.0,0.5761,1176.0,0.5762,2772.0
1753592106695,04:55:06.695,bybit,A/USDT:USDT,0.576,10.0,0.5759,454.0,0.5761,1176.0,0.5762,2772.0
1753592107394,04:55:07.394,bybit,A/USDT:USDT,0.576,10.0,0.5759,454.0,0.5761,1192.0,0.5762,2772.0
1753592107594,04:55:07.594,bybit,A/USDT:USDT,0.576,10.0,0.5759,454.0,0.5761,1150.0,0.5762,2772.0
1753592107894,04:55:07.894,bybit,A/USDT:USDT,0.576,10.0,0.5759,454.0,0.5761,1150.0,0.5762,2772.0
1753592107995,04:55:07.995,bybit,A/USDT:USDT,0.576,10.0,0.5759,454.0,0.5761,1150.0,0.5762,2772.0
1753592108194,04:55:08.194,bybit,A/USDT:USDT,0.576,10.0,0.5759,454.0,0.5761,1150.0,0.5762,2772.0
1753592108796,04:55:08.796,bybit,A/USDT:USDT,0.576,10.0,0.5759,454.0,0.5761,1118.0,0.5762,2772.0
1753592108896,04:55:08.896,bybit,A/USDT:USDT,0.576,10.0,0.5759,454.0,0.5761,1134.0,0.5762,2772.0
1753592109394,04:55:09.394,bybit,A/USDT:USDT,0.576,10.0,0.5759,454.0,0.5761,1134.0,0.5762,2772.0
1753592109494,04:55:09.494,bybit,A/USDT:USDT,0.576,10.0,0.5759,454.0,0.5761,1134.0,0.5762,2772.0
1753592109595,04:55:09.595,bybit,A/USDT:USDT,0.576,10.0,0.5759,454.0,0.5761,1134.0,0.5762,2772.0
1753592109895,04:55:09.895,bybit,A/USDT:USDT,0.576,10.0,0.5759,854.0,0.5761,1134.0,0.5762,2772.0
1753592109995,04:55:09.995,bybit,A/USDT:USDT,0.576,10.0,0.5759,854.0,0.5761,1134.0,0.5762,2772.0
1753592110294,04:55:10.294,bybit,A/USDT:USDT,0.576,10.0,0.5759,854.0,0.5761,1118.0,0.5762,2772.0
1753592110394,04:55:10.394,bybit,A/USDT:USDT,0.576,10.0,0.5759,854.0,0.5761,1118.0,0.5762,2772.0
1753592110494,04:55:10.494,bybit,A/USDT:USDT,0.576,10.0,0.5759,854.0,0.5761,1118.0,0.5762,2772.0
1753592110595,04:55:10.595,bybit,A/USDT:USDT,0.576,10.0,0.5759,854.0,0.5761,1118.0,0.5762,2772.0
1753592110994,04:55:10.994,bybit,A/USDT:USDT,0.576,10.0,0.5759,854.0,0.5761,1134.0,0.5762,2772.0
1753592111094,04:55:11.094,bybit,A/USDT:USDT,0.576,10.0,0.5759,854.0,0.5761,1150.0,0.5762,2772.0
1753592111294,04:55:11.294,bybit,A/USDT:USDT,0.576,10.0,0.5759,854.0,0.5761,1118.0,0.5762,2772.0
1753592111394,04:55:11.394,bybit,A/USDT:USDT,0.576,10.0,0.5759,854.0,0.5761,1118.0,0.5762,2772.0
1753592111494,04:55:11.494,bybit,A/USDT:USDT,0.576,10.0,0.5759,854.0,0.5761,1136.0,0.5762,2772.0
1753592112094,04:55:12.094,bybit,A/USDT:USDT,0.576,10.0,0.5759,854.0,0.5761,1136.0,0.5762,2772.0
1753592112197,04:55:12.197,bybit,A/USDT:USDT,0.576,10.0,0.5759,854.0,0.5761,1136.0,0.5762,2772.0
1753592112695,04:55:12.695,bybit,A/USDT:USDT,0.576,10.0,0.5759,854.0,0.5761,1136.0,0.5762,2772.0
1753592112794,04:55:12.794,bybit,A/USDT:USDT,0.576,10.0,0.5759,854.0,0.5761,1168.0,0.5762,2772.0
1753592112894,04:55:12.894,bybit,A/USDT:USDT,0.576,10.0,0.5759,454.0,0.5761,1152.0,0.5762,2772.0
1753592112996,04:55:12.996,bybit,A/USDT:USDT,0.576,10.0,0.5759,454.0,0.5761,1136.0,0.5762,2772.0
1753592113594,04:55:13.594,bybit,A/USDT:USDT,0.576,10.0,0.5759,454.0,0.5761,1136.0,0.5762,2772.0
1753592113794,04:55:13.794,bybit,A/USDT:USDT,0.576,10.0,0.5759,454.0,0.5761,1136.0,0.5762,2755.0
1753592113894,04:55:13.894,bybit,A/USDT:USDT,0.576,10.0,0.5759,470.0,0.5761,1136.0,0.5762,2755.0
1753592114295,04:55:14.295,bybit,A/USDT:USDT,0.576,10.0,0.5759,470.0,0.5761,1136.0,0.5762,2755.0
1753592115694,04:55:15.694,bybit,A/USDT:USDT,0.576,10.0,0.5759,454.0,0.5761,1136.0,0.5762,2771.0
1753592115796,04:55:15.796,bybit,A/USDT:USDT,0.576,10.0,0.5759,454.0,0.5761,1136.0,0.5762,2771.0
1753592115993,04:55:15.993,bybit,A/USDT:USDT,0.576,10.0,0.5759,470.0,0.5761,1136.0,0.5762,2771.0
1753592116194,04:55:16.194,bybit,A/USDT:USDT,0.576,10.0,0.5759,470.0,0.5761,1136.0,0.5762,2771.0
1753592116294,04:55:16.294,bybit,A/USDT:USDT,0.576,10.0,0.5759,470.0,0.5761,1136.0,0.5762,2771.0
1753592116394,04:55:16.394,bybit,A/USDT:USDT,0.576,10.0,0.5759,470.0,0.5761,1136.0,0.5762,2755.0
1753592116894,04:55:16.894,bybit,A/USDT:USDT,0.576,10.0,0.5759,470.0,0.5761,1136.0,0.5762,2738.0
1753592117394,04:55:17.394,bybit,A/USDT:USDT,0.576,10.0,0.5759,470.0,0.5761,1136.0,0.5762,2738.0
1753592117494,04:55:17.494,bybit,A/USDT:USDT,0.576,10.0,0.5759,470.0,0.5761,1136.0,0.5762,2754.0
1753592117595,04:55:17.595,bybit,A/USDT:USDT,0.576,10.0,0.5759,470.0,0.5761,1136.0,0.5762,2754.0
1753592118594,04:55:18.594,bybit,A/USDT:USDT,0.576,10.0,0.5759,470.0,0.5761,1136.0,0.5762,2754.0
1753592119194,04:55:19.194,bybit,A/USDT:USDT,0.576,10.0,0.5759,470.0,0.5761,1136.0,0.5762,2754.0
1753592119294,04:55:19.294,bybit,A/USDT:USDT,0.576,10.0,0.5759,454.0,0.5761,1136.0,0.5762,2770.0
1753592119694,04:55:19.694,bybit,A/USDT:USDT,0.576,10.0,0.5759,454.0,0.5761,1136.0,0.5762,2770.0
1753592119796,04:55:19.796,bybit,A/USDT:USDT,0.576,10.0,0.5759,454.0,0.5761,1136.0,0.5762,2770.0
1753592119895,04:55:19.895,bybit,A/USDT:USDT,0.576,10.0,0.5759,454.0,0.5761,1136.0,0.5762,2770.0
1753592120394,04:55:20.394,bybit,A/USDT:USDT,0.576,10.0,0.5759,470.0,0.5761,1136.0,0.5762,2754.0
1753592120894,04:55:20.894,bybit,A/USDT:USDT,0.576,10.0,0.5759,470.0,0.5761,1136.0,0.5762,2754.0
1753592120995,04:55:20.995,bybit,A/USDT:USDT,0.576,10.0,0.5759,454.0,0.5761,1136.0,0.5762,2770.0
1753592121096,04:55:21.096,bybit,A/USDT:USDT,0.576,10.0,0.5759,454.0,0.5761,1136.0,0.5762,2770.0
1753592121195,04:55:21.195,bybit,A/USDT:USDT,0.5759,18.0,0.5758,1781.0,0.576,741.0,0.5761,1926.0
1753592121395,04:55:21.395,bybit,A/USDT:USDT,0.5759,18.0,0.5758,1855.0,0.576,667.0,0.5761,2710.0
1753592121794,04:55:21.794,bybit,A/USDT:USDT,0.5759,18.0,0.5758,1855.0,0.576,667.0,0.5761,2710.0
1753592122294,04:55:22.294,bybit,A/USDT:USDT,0.5759,18.0,0.5758,1855.0,0.576,686.0,0.5761,2659.0
1753592122596,04:55:22.596,bybit,A/USDT:USDT,0.5759,18.0,0.5758,1855.0,0.576,686.0,0.5761,2659.0
1753592122694,04:55:22.694,bybit,A/USDT:USDT,0.5759,18.0,0.5758,1855.0,0.576,686.0,0.5761,2691.0
1753592122803,04:55:22.803,bybit,A/USDT:USDT,0.5759,18.0,0.5758,1213.0,0.576,755.0,0.5761,2691.0
1753592122896,04:55:22.896,bybit,A/USDT:USDT,0.5759,18.0,0.5758,1213.0,0.576,718.0,0.5761,2691.0
1753592122994,04:55:22.994,bybit,A/USDT:USDT,0.5759,18.0,0.5758,288.0,0.576,718.0,0.5761,2691.0
1753592123294,04:55:23.294,bybit,A/USDT:USDT,0.5758,10.0,0.5757,7730.0,0.5759,1053.0,0.576,2693.0
1753592123494,04:55:23.494,bybit,A/USDT:USDT,0.5758,10.0,0.5757,7730.0,0.5759,705.0,0.576,2693.0
1753592123595,04:55:23.595,bybit,A/USDT:USDT,0.5758,10.0,0.5757,7730.0,0.5759,737.0,0.576,2693.0
1753592123694,04:55:23.694,bybit,A/USDT:USDT,0.5758,10.0,0.5757,7730.0,0.5759,737.0,0.576,2693.0
1753592123895,04:55:23.895,bybit,A/USDT:USDT,0.5758,10.0,0.5757,7730.0,0.5759,721.0,0.576,2693.0
1753592123995,04:55:23.995,bybit,A/USDT:USDT,0.5758,10.0,0.5757,7730.0,0.5759,721.0,0.576,2693.0
1753592124094,04:55:24.094,bybit,A/USDT:USDT,0.5758,10.0,0.5757,7730.0,0.5759,740.0,0.576,2674.0
1753592124196,04:55:24.196,bybit,A/USDT:USDT,0.5758,10.0,0.5757,7730.0,0.5759,740.0,0.576,2674.0
1753592124395,04:55:24.395,bybit,A/USDT:USDT,0.5758,10.0,0.5757,7730.0,0.5759,702.0,0.576,2674.0
1753592124594,04:55:24.594,bybit,A/USDT:USDT,0.5758,10.0,0.5757,7730.0,0.5759,702.0,0.576,2674.0
1753592124695,04:55:24.695,bybit,A/USDT:USDT,0.5758,10.0,0.5757,7730.0,0.5759,702.0,0.576,2674.0
1753592125194,04:55:25.194,bybit,A/USDT:USDT,0.5758,10.0,0.5757,7375.0,0.5759,702.0,0.576,2674.0
1753592125394,04:55:25.394,bybit,A/USDT:USDT,0.5758,10.0,0.5757,7375.0,0.5759,686.0,0.576,2674.0
1753592125494,04:55:25.494,bybit,A/USDT:USDT,0.5758,10.0,0.5757,7375.0,0.5759,686.0,0.576,2674.0
1753592125694,04:55:25.694,bybit,A/USDT:USDT,0.5758,10.0,0.5757,7375.0,0.5759,686.0,0.576,2663.0
1753592125795,04:55:25.795,bybit,A/USDT:USDT,0.5758,10.0,0.5757,7375.0,0.5759,686.0,0.576,2674.0
1753592125894,04:55:25.894,bybit,A/USDT:USDT,0.5758,10.0,0.5757,7375.0,0.5759,686.0,0.576,2674.0
1753592126094,04:55:26.094,bybit,A/USDT:USDT,0.5758,10.0,0.5757,7375.0,0.5759,686.0,0.576,2674.0
1753592126294,04:55:26.294,bybit,A/USDT:USDT,0.5758,10.0,0.5757,7375.0,0.5759,686.0,0.576,2674.0
1753592126394,04:55:26.394,bybit,A/USDT:USDT,0.5758,10.0,0.5757,7375.0,0.5759,686.0,0.576,2674.0
1753592126695,04:55:26.695,bybit,A/USDT:USDT,0.5758,10.0,0.5757,7375.0,0.5759,686.0,0.576,2674.0
1753592126894,04:55:26.894,bybit,A/USDT:USDT,0.5758,10.0,0.5757,7375.0,0.5759,686.0,0.576,2674.0
1753592126994,04:55:26.994,bybit,A/USDT:USDT,0.5758,10.0,0.5757,7375.0,0.5759,686.0,0.576,2674.0
1753592127394,04:55:27.394,bybit,A/USDT:USDT,0.5758,10.0,0.5757,7375.0,0.5759,686.0,0.576,2674.0
1753592127495,04:55:27.495,bybit,A/USDT:USDT,0.5758,10.0,0.5757,7375.0,0.5759,742.0,0.576,2674.0
1753592127595,04:55:27.595,bybit,A/USDT:USDT,0.5758,10.0,0.5757,7375.0,0.5759,742.0,0.576,2674.0
1753592127794,04:55:27.794,bybit,A/USDT:USDT,0.5758,10.0,0.5757,7375.0,0.5759,742.0,0.576,2674.0
1753592127994,04:55:27.994,bybit,A/USDT:USDT,0.5758,10.0,0.5757,7375.0,0.5759,742.0,0.576,2674.0
1753592128094,04:55:28.094,bybit,A/USDT:USDT,0.5758,10.0,0.5757,252.0,0.5759,907.0,0.576,2674.0
1753592128295,04:55:28.295,bybit,A/USDT:USDT,0.5758,10.0,0.5757,252.0,0.5759,907.0,0.576,2674.0
1753592128394,04:55:28.394,bybit,A/USDT:USDT,0.5758,10.0,0.5757,1592.0,0.5759,907.0,0.576,2674.0
1753592128494,04:55:28.494,bybit,A/USDT:USDT,0.5758,10.0,0.5757,2084.0,0.5759,907.0,0.576,2674.0
1753592128596,04:55:28.596,bybit,A/USDT:USDT,0.5758,10.0,0.5757,2695.0,0.5759,891.0,0.576,2674.0
1753592129296,04:55:29.296,bybit,A/USDT:USDT,0.5758,10.0,0.5757,2695.0,0.5759,891.0,0.576,2674.0
1753592129494,04:55:29.494,bybit,A/USDT:USDT,0.5758,233.0,0.5757,2722.0,0.5759,794.0,0.576,2647.0
1753592129696,04:55:29.696,bybit,A/USDT:USDT,0.5758,233.0,0.5757,2722.0,0.5759,794.0,0.576,2663.0
1753592129796,04:55:29.796,bybit,A/USDT:USDT,0.5758,233.0,0.5757,2722.0,0.5759,794.0,0.576,2674.0
1753592129894,04:55:29.894,bybit,A/USDT:USDT,0.5758,233.0,0.5757,2695.0,0.5759,794.0,0.576,2674.0
1753592131094,04:55:31.094,bybit,A/USDT:USDT,0.5758,233.0,0.5757,2695.0,0.5759,794.0,0.576,2674.0
1753592131394,04:55:31.394,bybit,A/USDT:USDT,0.5758,233.0,0.5757,2695.0,0.5759,794.0,0.576,2674.0
1753592131493,04:55:31.493,bybit,A/USDT:USDT,0.5758,233.0,0.5757,2695.0,0.5759,794.0,0.576,2674.0
1753592131595,04:55:31.595,bybit,A/USDT:USDT,0.5758,233.0,0.5757,2695.0,0.5759,794.0,0.576,2674.0
1753592132096,04:55:32.096,bybit,A/USDT:USDT,0.5758,233.0,0.5757,2695.0,0.5759,794.0,0.576,2674.0
1753592133194,04:55:33.194,bybit,A/USDT:USDT,0.5758,233.0,0.5757,2695.0,0.5759,794.0,0.576,2674.0
