timestamp,time,exchange,symbol,bid1_price,bid1_volume,bid2_price,bid2_volume,ask1_price,ask1_volume,ask2_price,ask2_volume
1753591853168,04:50:53.168,blofin,ACE/USDT:USDT,0.5842,90.0,0.584,336.0,0.5845,17.0,0.5849,88.0
1753591854172,04:50:54.172,blofin,ACE/USDT:USDT,0.5842,94.0,0.5841,400.0,0.5845,17.0,0.5847,1452.0
1753591854670,04:50:54.670,blofin,ACE/USDT:USDT,0.5842,94.0,0.584,610.0,0.5845,17.0,0.5847,1452.0
1753591855171,04:50:55.171,blofin,ACE/USDT:USDT,0.5842,94.0,0.584,11183.0,0.5845,14.0,0.5848,1790.0
1753591856004,04:50:56.004,blofin,ACE/USDT:USDT,0.5842,94.0,0.584,610.0,0.5845,16.0,0.5846,1363.0
1753591856673,04:50:56.673,blofin,ACE/USDT:USDT,0.5842,90.0,0.584,308.0,0.5845,16.0,0.5846,1363.0
1753591857174,04:50:57.174,blofin,ACE/USDT:USDT,0.5842,90.0,0.584,308.0,0.5844,9.0,0.5845,7.0
1753591857674,04:50:57.674,blofin,ACE/USDT:USDT,0.5842,90.0,0.584,308.0,0.5844,9.0,0.5845,7.0
1753591858174,04:50:58.174,blofin,ACE/USDT:USDT,0.5842,90.0,0.584,308.0,0.5845,14.0,0.5846,814.0
1753591859007,04:50:59.007,blofin,ACE/USDT:USDT,0.5842,91.0,0.584,344.0,0.5845,17.0,0.5846,814.0
1753591859682,04:50:59.682,blofin,ACE/USDT:USDT,0.5842,94.0,0.5841,3782.0,0.5845,18.0,0.585,1200.0
1753591860178,04:51:00.178,blofin,ACE/USDT:USDT,0.5842,172.0,0.5841,11936.0,0.5845,18.0,0.5846,776.0
1753591860677,04:51:00.677,blofin,ACE/USDT:USDT,0.5842,172.0,0.5841,11936.0,0.5845,18.0,0.5846,776.0
1753591861183,04:51:01.183,blofin,ACE/USDT:USDT,0.5842,328.0,0.5841,161.0,0.5845,18.0,0.5846,1804.0
1753591862008,04:51:02.008,blofin,ACE/USDT:USDT,0.5842,328.0,0.5841,161.0,0.5845,16.0,0.5849,94.0
1753591962088,04:52:42.088,blofin,ACE/USDT:USDT,0.5843,1216.0,0.5841,2585.0,0.5845,16.0,0.5849,94.0
1753591962332,04:52:42.332,blofin,ACE/USDT:USDT,0.5843,1216.0,0.5841,2585.0,0.5845,16.0,0.5849,94.0
1753591963335,04:52:43.335,blofin,ACE/USDT:USDT,0.5846,79.0,0.5843,253.0,0.5845,16.0,0.5849,94.0
1753591963835,04:52:43.835,blofin,ACE/USDT:USDT,0.5846,79.0,0.5843,253.0,0.5845,16.0,0.5849,94.0
1753591964335,04:52:44.335,blofin,ACE/USDT:USDT,0.5846,83.0,0.5841,315.0,0.5845,16.0,0.5849,94.0
1753591965089,04:52:45.089,blofin,ACE/USDT:USDT,0.5846,83.0,0.5843,1512.0,0.5845,16.0,0.5849,94.0
1753591965335,04:52:45.335,blofin,ACE/USDT:USDT,0.5846,83.0,0.5843,1512.0,0.5845,16.0,0.5849,94.0
1753591966088,04:52:46.088,blofin,ACE/USDT:USDT,0.5846,83.0,0.5845,1285.0,0.5845,16.0,0.5849,94.0
1753591966839,04:52:46.839,blofin,ACE/USDT:USDT,0.5846,79.0,0.5845,1285.0,0.5845,16.0,0.5849,94.0
1753591967339,04:52:47.339,blofin,ACE/USDT:USDT,0.5846,79.0,0.5845,506.0,0.5845,16.0,0.5849,94.0
1753591967841,04:52:47.841,blofin,ACE/USDT:USDT,0.5846,79.0,0.5845,506.0,0.5845,16.0,0.5849,94.0
1753591968400,04:52:48.400,blofin,ACE/USDT:USDT,0.5847,76.0,0.5846,3.0,0.5845,16.0,0.5849,94.0
1753591969092,04:52:49.092,blofin,ACE/USDT:USDT,0.5847,80.0,0.5846,2.0,0.5845,16.0,0.5849,94.0
1753591969342,04:52:49.342,blofin,ACE/USDT:USDT,0.5847,81.0,0.5846,1528.0,0.5845,16.0,0.5849,94.0
1753592056535,04:54:16.535,blofin,ACE/USDT:USDT,0.585,8.0,0.5849,510.0,0.5845,16.0,0.5849,94.0
1753592057152,04:54:17.152,blofin,ACE/USDT:USDT,0.585,85.0,0.5848,888.0,0.5845,16.0,0.5849,94.0
1753592058152,04:54:18.152,blofin,ACE/USDT:USDT,0.585,85.0,0.5848,537.0,0.5845,16.0,0.5849,94.0
1753592058480,04:54:18.480,blofin,ACE/USDT:USDT,0.585,84.0,0.5848,537.0,0.5845,16.0,0.5849,94.0
1753592059480,04:54:19.480,blofin,ACE/USDT:USDT,0.585,86.0,0.5849,35.0,0.5845,16.0,0.5849,94.0
1753592060155,04:54:20.155,blofin,ACE/USDT:USDT,0.585,85.0,0.5849,865.0,0.5845,16.0,0.5849,94.0
1753592060982,04:54:20.982,blofin,ACE/USDT:USDT,0.585,85.0,0.5849,865.0,0.5845,16.0,0.5849,94.0
1753592061483,04:54:21.483,blofin,ACE/USDT:USDT,0.585,85.0,0.5848,759.0,0.5845,16.0,0.5849,94.0
1753592062153,04:54:22.153,blofin,ACE/USDT:USDT,0.585,84.0,0.5849,1425.0,0.5845,16.0,0.5849,94.0
1753592062484,04:54:22.484,blofin,ACE/USDT:USDT,0.585,84.0,0.5849,1425.0,0.5845,16.0,0.5849,94.0
1753592063987,04:54:23.987,blofin,ACE/USDT:USDT,0.585,82.0,0.5849,1045.0,0.5845,16.0,0.5849,94.0
1753592064487,04:54:24.487,blofin,ACE/USDT:USDT,0.585,82.0,0.5848,400.0,0.5845,16.0,0.5849,94.0
1753592065155,04:54:25.155,blofin,ACE/USDT:USDT,0.585,86.0,0.5848,400.0,0.5845,16.0,0.5849,94.0
1753592151621,04:55:51.621,blofin,ACE/USDT:USDT,0.585,86.0,0.5848,400.0,0.5845,16.0,0.5849,94.0
1753592152219,04:55:52.219,blofin,ACE/USDT:USDT,0.585,86.0,0.5848,400.0,0.5845,16.0,0.5849,94.0
1753592152621,04:55:52.621,blofin,ACE/USDT:USDT,0.585,86.0,0.5848,400.0,0.5845,16.0,0.5849,94.0
1753592153625,04:55:53.625,blofin,ACE/USDT:USDT,0.585,86.0,0.5848,400.0,0.5845,16.0,0.5849,94.0
1753592154220,04:55:54.220,blofin,ACE/USDT:USDT,0.585,86.0,0.5848,400.0,0.5845,16.0,0.5849,94.0
1753592154626,04:55:54.626,blofin,ACE/USDT:USDT,0.585,86.0,0.5848,400.0,0.5845,16.0,0.5849,94.0
1753592155221,04:55:55.221,blofin,ACE/USDT:USDT,0.585,86.0,0.5848,400.0,0.5845,16.0,0.5849,94.0
1753592155695,04:55:55.695,blofin,ACE/USDT:USDT,0.585,86.0,0.5848,413.0,0.5845,16.0,0.5849,94.0
1753592156222,04:55:56.222,blofin,ACE/USDT:USDT,0.585,86.0,0.5848,86.0,0.5845,16.0,0.5849,94.0
1753592156630,04:55:56.630,blofin,ACE/USDT:USDT,0.585,86.0,0.5848,89.0,0.5845,16.0,0.5849,94.0
1753592157632,04:55:57.632,blofin,ACE/USDT:USDT,0.585,86.0,0.5849,80.0,0.5845,16.0,0.5849,94.0
1753592158225,04:55:58.225,blofin,ACE/USDT:USDT,0.585,86.0,0.5849,78.0,0.5845,16.0,0.5849,94.0
1753592158631,04:55:58.631,blofin,ACE/USDT:USDT,0.585,86.0,0.5849,78.0,0.5845,16.0,0.5849,94.0
1753592159634,04:55:59.634,blofin,ACE/USDT:USDT,0.585,86.0,0.5849,163.0,0.5845,16.0,0.5849,94.0
1753592160134,04:56:00.134,blofin,ACE/USDT:USDT,0.585,86.0,0.5849,163.0,0.5845,16.0,0.5849,94.0
1753592245762,04:57:25.762,blofin,ACE/USDT:USDT,0.585,86.0,0.5849,163.0,0.5845,16.0,0.5849,94.0
1753592246266,04:57:26.266,blofin,ACE/USDT:USDT,0.585,86.0,0.5849,163.0,0.5845,16.0,0.5849,94.0
1753592246763,04:57:26.763,blofin,ACE/USDT:USDT,0.585,86.0,0.5849,163.0,0.5845,16.0,0.5849,94.0
1753592247764,04:57:27.764,blofin,ACE/USDT:USDT,0.585,86.0,0.5849,163.0,0.5845,16.0,0.5849,94.0
1753592248265,04:57:28.265,blofin,ACE/USDT:USDT,0.585,86.0,0.5849,163.0,0.5845,16.0,0.5849,94.0
1753592248766,04:57:28.766,blofin,ACE/USDT:USDT,0.585,86.0,0.5849,163.0,0.5845,16.0,0.5849,94.0
1753592249266,04:57:29.266,blofin,ACE/USDT:USDT,0.585,86.0,0.5849,163.0,0.5845,16.0,0.5849,94.0
1753592249773,04:57:29.773,blofin,ACE/USDT:USDT,0.585,86.0,0.5849,163.0,0.5845,16.0,0.5849,94.0
1753592251271,04:57:31.271,blofin,ACE/USDT:USDT,0.585,86.0,0.5849,163.0,0.5845,16.0,0.5849,94.0
1753592251773,04:57:31.773,blofin,ACE/USDT:USDT,0.585,86.0,0.5849,163.0,0.5845,16.0,0.5849,94.0
1753592252778,04:57:32.778,blofin,ACE/USDT:USDT,0.585,86.0,0.5849,163.0,0.5845,16.0,0.5849,94.0
1753592253275,04:57:33.275,blofin,ACE/USDT:USDT,0.585,86.0,0.5849,163.0,0.5845,16.0,0.5849,94.0
1753592253776,04:57:33.776,blofin,ACE/USDT:USDT,0.585,86.0,0.5849,163.0,0.5845,16.0,0.5849,94.0
1753592254779,04:57:34.779,blofin,ACE/USDT:USDT,0.585,86.0,0.5849,163.0,0.5845,16.0,0.5849,94.0
1753592255278,04:57:35.278,blofin,ACE/USDT:USDT,0.585,86.0,0.5849,163.0,0.5845,16.0,0.5849,94.0
1753592255780,04:57:35.780,blofin,ACE/USDT:USDT,0.585,86.0,0.5849,163.0,0.5845,16.0,0.5849,94.0
1753592256281,04:57:36.281,blofin,ACE/USDT:USDT,0.585,86.0,0.5849,163.0,0.5845,16.0,0.5849,94.0
1753592256781,04:57:36.781,blofin,ACE/USDT:USDT,0.585,86.0,0.5849,163.0,0.5845,16.0,0.5849,94.0
1753592257781,04:57:37.781,blofin,ACE/USDT:USDT,0.585,86.0,0.5849,163.0,0.5845,16.0,0.5849,94.0
1753592367456,04:59:27.456,blofin,ACE/USDT:USDT,0.585,1166.0,0.5849,163.0,0.5845,16.0,0.5849,94.0
1753592368457,04:59:28.457,blofin,ACE/USDT:USDT,0.585,1265.0,0.5849,163.0,0.5845,16.0,0.5849,94.0
1753592368959,04:59:28.959,blofin,ACE/USDT:USDT,0.585,1265.0,0.5849,163.0,0.5845,16.0,0.5849,94.0
1753592369460,04:59:29.460,blofin,ACE/USDT:USDT,0.5851,90.0,0.585,2.0,0.5845,16.0,0.5849,94.0
1753592369960,04:59:29.960,blofin,ACE/USDT:USDT,0.5851,92.0,0.585,2.0,0.5845,16.0,0.5849,94.0
1753592370963,04:59:30.963,blofin,ACE/USDT:USDT,0.5851,88.0,0.585,2.0,0.5845,16.0,0.5849,94.0
1753592371464,04:59:31.464,blofin,ACE/USDT:USDT,0.5851,88.0,0.585,2.0,0.5845,16.0,0.5849,94.0
1753592371965,04:59:31.965,blofin,ACE/USDT:USDT,0.5851,92.0,0.585,2.0,0.5845,16.0,0.5849,94.0
1753592372465,04:59:32.465,blofin,ACE/USDT:USDT,0.5851,92.0,0.585,2.0,0.5845,16.0,0.5849,94.0
1753592372966,04:59:32.966,blofin,ACE/USDT:USDT,0.5851,92.0,0.585,2.0,0.5845,16.0,0.5849,94.0
1753592373466,04:59:33.466,blofin,ACE/USDT:USDT,0.5851,92.0,0.585,2.0,0.5845,16.0,0.5849,94.0
1753592373968,04:59:33.968,blofin,ACE/USDT:USDT,0.5851,91.0,0.585,2.0,0.5845,16.0,0.5849,94.0
1753592374467,04:59:34.467,blofin,ACE/USDT:USDT,0.5851,91.0,0.585,2.0,0.5845,16.0,0.5849,94.0
1753592375391,04:59:35.391,blofin,ACE/USDT:USDT,0.5851,91.0,0.585,2.0,0.5845,16.0,0.5849,94.0
1753592375977,04:59:35.977,blofin,ACE/USDT:USDT,0.5851,4.0,0.585,89.0,0.5845,16.0,0.5849,94.0
1753592376471,04:59:36.471,blofin,ACE/USDT:USDT,0.5851,4.0,0.585,88.0,0.5845,16.0,0.5849,94.0
1753592376972,04:59:36.972,blofin,ACE/USDT:USDT,0.5851,4.0,0.585,88.0,0.5845,16.0,0.5849,94.0
1753592377474,04:59:37.474,blofin,ACE/USDT:USDT,0.585,92.0,0.5849,30.0,0.5845,16.0,0.5849,94.0
1753592377974,04:59:37.974,blofin,ACE/USDT:USDT,0.585,92.0,0.5849,30.0,0.5845,16.0,0.5849,94.0
1753592378475,04:59:38.475,blofin,ACE/USDT:USDT,0.585,92.0,0.5849,30.0,0.5845,16.0,0.5849,94.0
1753592484129,05:01:24.129,blofin,ACE/USDT:USDT,0.585,92.0,0.5849,30.0,0.5845,16.0,0.5849,94.0
1753592484598,05:01:24.598,blofin,ACE/USDT:USDT,0.5856,162.0,0.5855,1820.0,0.5845,16.0,0.5849,94.0
1753592485477,05:01:25.477,blofin,ACE/USDT:USDT,0.5856,122.0,0.5852,1955.0,0.5845,16.0,0.5849,94.0
1753592486132,05:01:26.132,blofin,ACE/USDT:USDT,0.5856,124.0,0.5852,1955.0,0.5845,16.0,0.5849,94.0
1753592486636,05:01:26.636,blofin,ACE/USDT:USDT,0.5856,37.0,0.5853,2441.0,0.5845,16.0,0.5849,94.0
1753592487133,05:01:27.133,blofin,ACE/USDT:USDT,0.5856,36.0,0.5853,2441.0,0.5845,16.0,0.5849,94.0
1753592487634,05:01:27.634,blofin,ACE/USDT:USDT,0.5856,47.0,0.5853,37.0,0.5845,16.0,0.5849,94.0
1753592488134,05:01:28.134,blofin,ACE/USDT:USDT,0.5856,46.0,0.5853,37.0,0.5845,16.0,0.5849,94.0
1753592488636,05:01:28.636,blofin,ACE/USDT:USDT,0.5856,46.0,0.5855,1722.0,0.5845,16.0,0.5849,94.0
1753592489480,05:01:29.480,blofin,ACE/USDT:USDT,0.5856,44.0,0.5855,1722.0,0.5845,16.0,0.5849,94.0
1753592490137,05:01:30.137,blofin,ACE/USDT:USDT,0.5856,46.0,0.5855,202.0,0.5845,16.0,0.5849,94.0
1753592490638,05:01:30.638,blofin,ACE/USDT:USDT,0.5856,46.0,0.5855,124.0,0.5845,16.0,0.5849,94.0
1753592491140,05:01:31.140,blofin,ACE/USDT:USDT,0.5856,46.0,0.5855,124.0,0.5845,16.0,0.5849,94.0
1753592491641,05:01:31.641,blofin,ACE/USDT:USDT,0.5856,46.0,0.5855,124.0,0.5845,16.0,0.5849,94.0
1753592492485,05:01:32.485,blofin,ACE/USDT:USDT,0.5856,130.0,0.5855,124.0,0.5845,16.0,0.5849,94.0
1753592492643,05:01:32.643,blofin,ACE/USDT:USDT,0.5856,130.0,0.5854,5.0,0.5845,16.0,0.5849,94.0
1753592569752,05:02:49.752,blofin,ACE/USDT:USDT,0.5856,130.0,0.5854,5.0,0.5845,16.0,0.5849,94.0
1753592570255,05:02:50.255,blofin,ACE/USDT:USDT,0.5856,130.0,0.5854,5.0,0.5845,16.0,0.5849,94.0
1753592570754,05:02:50.754,blofin,ACE/USDT:USDT,0.5856,130.0,0.5854,5.0,0.5845,16.0,0.5849,94.0
1753592571544,05:02:51.544,blofin,ACE/USDT:USDT,0.5856,130.0,0.5854,5.0,0.5845,16.0,0.5849,94.0
1753592572255,05:02:52.255,blofin,ACE/USDT:USDT,0.5856,130.0,0.5854,5.0,0.5845,16.0,0.5849,94.0
1753592572756,05:02:52.756,blofin,ACE/USDT:USDT,0.5856,130.0,0.5854,5.0,0.5845,16.0,0.5849,94.0
1753592573258,05:02:53.258,blofin,ACE/USDT:USDT,0.5856,130.0,0.5854,5.0,0.5845,16.0,0.5849,94.0
1753592573759,05:02:53.759,blofin,ACE/USDT:USDT,0.5856,130.0,0.5854,5.0,0.5845,16.0,0.5849,94.0
1753592574259,05:02:54.259,blofin,ACE/USDT:USDT,0.5856,130.0,0.5854,5.0,0.5845,16.0,0.5849,94.0
1753592574761,05:02:54.761,blofin,ACE/USDT:USDT,0.5856,130.0,0.5854,5.0,0.5845,16.0,0.5849,94.0
1753592575550,05:02:55.550,blofin,ACE/USDT:USDT,0.5856,130.0,0.5854,5.0,0.5845,16.0,0.5849,94.0
1753592576763,05:02:56.763,blofin,ACE/USDT:USDT,0.5856,130.0,0.5854,5.0,0.5845,16.0,0.5849,94.0
1753592577264,05:02:57.264,blofin,ACE/USDT:USDT,0.5856,130.0,0.5854,5.0,0.5845,16.0,0.5849,94.0
1753592577765,05:02:57.765,blofin,ACE/USDT:USDT,0.5856,130.0,0.5854,5.0,0.5845,16.0,0.5849,94.0
1753592578549,05:02:58.549,blofin,ACE/USDT:USDT,0.5856,130.0,0.5854,5.0,0.5845,16.0,0.5849,94.0
1753592579268,05:02:59.268,blofin,ACE/USDT:USDT,0.5856,130.0,0.5854,5.0,0.5845,16.0,0.5849,94.0
1753592579769,05:02:59.769,blofin,ACE/USDT:USDT,0.5856,130.0,0.5854,5.0,0.5845,16.0,0.5849,94.0
1753592580247,05:03:00.247,blofin,ACE/USDT:USDT,0.5856,130.0,0.5854,5.0,0.5845,16.0,0.5849,94.0
1753592580770,05:03:00.770,blofin,ACE/USDT:USDT,0.5856,130.0,0.5854,5.0,0.5845,16.0,0.5849,94.0
1753592581645,05:03:01.645,blofin,ACE/USDT:USDT,0.5856,130.0,0.5854,5.0,0.5845,16.0,0.5849,94.0
1753592683926,05:04:43.926,blofin,ACE/USDT:USDT,0.5856,130.0,0.5854,5.0,0.5845,16.0,0.5848,48.0
1753592684426,05:04:44.426,blofin,ACE/USDT:USDT,0.5856,130.0,0.5854,5.0,0.5845,16.0,0.5848,46.0
1753592684930,05:04:44.930,blofin,ACE/USDT:USDT,0.5856,130.0,0.5854,5.0,0.5845,16.0,0.5848,45.0
1753592685627,05:04:45.627,blofin,ACE/USDT:USDT,0.5856,130.0,0.5854,5.0,0.5845,16.0,0.5848,45.0
1753592685929,05:04:45.929,blofin,ACE/USDT:USDT,0.5856,130.0,0.5854,5.0,0.5845,16.0,0.5848,47.0
1753592686931,05:04:46.931,blofin,ACE/USDT:USDT,0.5856,130.0,0.5854,5.0,0.5845,16.0,0.5848,48.0
1753592687431,05:04:47.431,blofin,ACE/USDT:USDT,0.5856,130.0,0.5854,5.0,0.5845,16.0,0.5848,46.0
1753592687933,05:04:47.933,blofin,ACE/USDT:USDT,0.5856,130.0,0.5854,5.0,0.5845,16.0,0.5848,46.0
1753592688629,05:04:48.629,blofin,ACE/USDT:USDT,0.5856,130.0,0.5854,5.0,0.5845,16.0,0.5848,46.0
1753592688932,05:04:48.932,blofin,ACE/USDT:USDT,0.5856,130.0,0.5854,5.0,0.5845,16.0,0.5848,46.0
1753592689631,05:04:49.631,blofin,ACE/USDT:USDT,0.5856,130.0,0.5854,5.0,0.5845,16.0,0.5848,47.0
1753592689934,05:04:49.934,blofin,ACE/USDT:USDT,0.5856,130.0,0.5854,5.0,0.5845,16.0,0.5848,47.0
1753592690936,05:04:50.936,blofin,ACE/USDT:USDT,0.5856,130.0,0.5854,5.0,0.5845,16.0,0.5848,47.0
1753592691937,05:04:51.937,blofin,ACE/USDT:USDT,0.5856,130.0,0.5854,5.0,0.5845,16.0,0.5848,47.0
1753592692632,05:04:52.632,blofin,ACE/USDT:USDT,0.5856,130.0,0.5854,5.0,0.5845,16.0,0.5848,47.0
1753592693742,05:04:53.742,blofin,ACE/USDT:USDT,0.5856,130.0,0.5854,5.0,0.5845,16.0,0.5848,48.0
1753592693940,05:04:53.940,blofin,ACE/USDT:USDT,0.5856,130.0,0.5854,5.0,0.5845,16.0,0.5848,48.0
1753592694941,05:04:54.941,blofin,ACE/USDT:USDT,0.5856,130.0,0.5854,5.0,0.5845,16.0,0.5847,44.0
1753592695442,05:04:55.442,blofin,ACE/USDT:USDT,0.5856,130.0,0.5854,5.0,0.5845,16.0,0.5847,42.0
1753592798712,05:06:38.712,blofin,ACE/USDT:USDT,0.5856,130.0,0.5854,5.0,0.5845,16.0,0.5847,42.0
1753592799592,05:06:39.592,blofin,ACE/USDT:USDT,0.5856,130.0,0.5854,5.0,0.5845,16.0,0.5847,42.0
1753592800091,05:06:40.091,blofin,ACE/USDT:USDT,0.5856,130.0,0.5854,5.0,0.5845,16.0,0.5847,42.0
1753592800715,05:06:40.715,blofin,ACE/USDT:USDT,0.5856,130.0,0.5854,5.0,0.5845,16.0,0.5847,42.0
1753592801094,05:06:41.094,blofin,ACE/USDT:USDT,0.5856,130.0,0.5854,5.0,0.5845,16.0,0.5847,42.0
1753592802096,05:06:42.096,blofin,ACE/USDT:USDT,0.5856,130.0,0.5854,5.0,0.5845,16.0,0.5847,42.0
1753592802717,05:06:42.717,blofin,ACE/USDT:USDT,0.5856,130.0,0.5854,5.0,0.5845,16.0,0.5847,42.0
1753592803373,05:06:43.373,blofin,ACE/USDT:USDT,0.5856,130.0,0.5854,5.0,0.5845,16.0,0.5847,42.0
1753592803718,05:06:43.718,blofin,ACE/USDT:USDT,0.5856,130.0,0.5854,5.0,0.5845,16.0,0.5847,42.0
1753592804719,05:06:44.719,blofin,ACE/USDT:USDT,0.5856,130.0,0.5854,5.0,0.5845,16.0,0.5847,42.0
1753592805102,05:06:45.102,blofin,ACE/USDT:USDT,0.5856,130.0,0.5854,5.0,0.5845,16.0,0.5847,42.0
1753592805720,05:06:45.720,blofin,ACE/USDT:USDT,0.5856,130.0,0.5854,5.0,0.5845,16.0,0.5847,42.0
1753592806104,05:06:46.104,blofin,ACE/USDT:USDT,0.5856,130.0,0.5854,5.0,0.5845,16.0,0.5847,42.0
1753592807106,05:06:47.106,blofin,ACE/USDT:USDT,0.5856,130.0,0.5854,5.0,0.5845,16.0,0.5847,42.0
1753592807721,05:06:47.721,blofin,ACE/USDT:USDT,0.5856,130.0,0.5854,5.0,0.5845,16.0,0.5847,42.0
1753592808108,05:06:48.108,blofin,ACE/USDT:USDT,0.5856,130.0,0.5854,5.0,0.5845,16.0,0.5847,42.0
1753592808926,05:06:48.926,blofin,ACE/USDT:USDT,0.5856,130.0,0.5854,5.0,0.5845,16.0,0.5847,42.0
1753592809586,05:06:49.586,blofin,ACE/USDT:USDT,0.5856,130.0,0.5854,5.0,0.5845,16.0,0.5847,42.0
1753592810109,05:06:50.109,blofin,ACE/USDT:USDT,0.5856,130.0,0.5854,5.0,0.5845,16.0,0.5847,42.0
1753592810725,05:06:50.725,blofin,ACE/USDT:USDT,0.5856,130.0,0.5854,5.0,0.5845,16.0,0.5847,42.0
1753592811726,05:06:51.726,blofin,ACE/USDT:USDT,0.5856,130.0,0.5854,5.0,0.5845,16.0,0.5847,42.0
1753592812612,05:06:52.612,blofin,ACE/USDT:USDT,0.5856,130.0,0.5854,5.0,0.5845,16.0,0.5847,42.0
1753592939305,05:08:59.305,blofin,ACE/USDT:USDT,0.5856,130.0,0.5854,5.0,0.5845,16.0,0.5847,42.0
1753592939806,05:08:59.806,blofin,ACE/USDT:USDT,0.5856,130.0,0.5854,5.0,0.5845,16.0,0.5847,42.0
1753592940807,05:09:00.807,blofin,ACE/USDT:USDT,0.5856,130.0,0.5854,5.0,0.5845,16.0,0.5847,42.0
1753592941310,05:09:01.310,blofin,ACE/USDT:USDT,0.5856,130.0,0.5854,5.0,0.5845,16.0,0.5847,42.0
1753592941809,05:09:01.809,blofin,ACE/USDT:USDT,0.5856,130.0,0.5854,5.0,0.5845,16.0,0.5847,42.0
1753592942311,05:09:02.311,blofin,ACE/USDT:USDT,0.5856,130.0,0.5854,5.0,0.5845,16.0,0.5847,42.0
1753592943105,05:09:03.105,blofin,ACE/USDT:USDT,0.5856,130.0,0.5854,5.0,0.5845,16.0,0.5847,42.0
1753592943811,05:09:03.811,blofin,ACE/USDT:USDT,0.5856,130.0,0.5854,5.0,0.5845,16.0,0.5847,42.0
1753592944313,05:09:04.313,blofin,ACE/USDT:USDT,0.5856,130.0,0.5854,5.0,0.5845,16.0,0.5847,42.0
1753592944814,05:09:04.814,blofin,ACE/USDT:USDT,0.5856,130.0,0.5854,5.0,0.5845,16.0,0.5847,42.0
1753592945314,05:09:05.314,blofin,ACE/USDT:USDT,0.5856,130.0,0.5854,5.0,0.5845,16.0,0.5847,42.0
1753592945818,05:09:05.818,blofin,ACE/USDT:USDT,0.5856,130.0,0.5854,5.0,0.5845,16.0,0.5847,42.0
1753592946317,05:09:06.317,blofin,ACE/USDT:USDT,0.5856,130.0,0.5854,5.0,0.5845,16.0,0.5847,42.0
1753592946817,05:09:06.817,blofin,ACE/USDT:USDT,0.5856,130.0,0.5854,5.0,0.5845,16.0,0.5847,42.0
1753592947818,05:09:07.818,blofin,ACE/USDT:USDT,0.5856,130.0,0.5854,5.0,0.5845,16.0,0.5847,42.0
1753592948321,05:09:08.321,blofin,ACE/USDT:USDT,0.5856,130.0,0.5854,5.0,0.5845,16.0,0.5847,42.0
1753592948819,05:09:08.819,blofin,ACE/USDT:USDT,0.5856,130.0,0.5854,5.0,0.5845,16.0,0.5847,42.0
1753593038435,05:10:38.435,blofin,ACE/USDT:USDT,0.5856,130.0,0.5854,5.0,0.5844,349.0,0.5845,16.0
1753593038950,05:10:38.950,blofin,ACE/USDT:USDT,0.5856,130.0,0.5854,5.0,0.5843,18.0,0.5845,2174.0
1753593039452,05:10:39.452,blofin,ACE/USDT:USDT,0.5856,130.0,0.5854,5.0,0.5843,19.0,0.5845,2174.0
1753593040453,05:10:40.453,blofin,ACE/USDT:USDT,0.5856,130.0,0.5854,5.0,0.5843,18.0,0.5845,1947.0
1753593040952,05:10:40.952,blofin,ACE/USDT:USDT,0.5856,130.0,0.5854,5.0,0.5843,18.0,0.5846,2383.0
1753593041454,05:10:41.454,blofin,ACE/USDT:USDT,0.5856,130.0,0.5854,5.0,0.5843,18.0,0.5846,2383.0
1753593041954,05:10:41.954,blofin,ACE/USDT:USDT,0.5856,130.0,0.5854,5.0,0.5843,18.0,0.5844,1650.0
1753593042547,05:10:42.547,blofin,ACE/USDT:USDT,0.5856,130.0,0.5854,5.0,0.5843,18.0,0.5846,2224.0
1753593042957,05:10:42.957,blofin,ACE/USDT:USDT,0.5856,130.0,0.5854,5.0,0.5842,12.0,0.5843,1615.0
1753593043958,05:10:43.958,blofin,ACE/USDT:USDT,0.5856,130.0,0.5854,5.0,0.5843,18.0,0.5846,163.0
1753593044457,05:10:44.457,blofin,ACE/USDT:USDT,0.5856,130.0,0.5854,5.0,0.5843,18.0,0.5847,1276.0
1753593044962,05:10:44.962,blofin,ACE/USDT:USDT,0.5856,130.0,0.5854,5.0,0.5843,18.0,0.5846,599.0
1753593045906,05:10:45.906,blofin,ACE/USDT:USDT,0.5856,130.0,0.5854,5.0,0.5843,14.0,0.5848,1813.0
1753593046460,05:10:46.460,blofin,ACE/USDT:USDT,0.5856,130.0,0.5854,5.0,0.5843,15.0,0.5848,1813.0
1753593046961,05:10:46.961,blofin,ACE/USDT:USDT,0.5856,130.0,0.5854,5.0,0.5843,17.0,0.5844,32.0
1753593132981,05:12:12.981,blofin,ACE/USDT:USDT,0.5856,130.0,0.5854,5.0,0.5843,17.0,0.5844,32.0
1753593133599,05:12:13.599,blofin,ACE/USDT:USDT,0.5856,130.0,0.5854,5.0,0.5843,17.0,0.5844,89.0
1753593134099,05:12:14.099,blofin,ACE/USDT:USDT,0.5856,130.0,0.5854,5.0,0.5843,17.0,0.5845,90.0
1753593134720,05:12:14.720,blofin,ACE/USDT:USDT,0.5856,130.0,0.5854,5.0,0.5843,17.0,0.5845,2.0
1753593135102,05:12:15.102,blofin,ACE/USDT:USDT,0.5856,130.0,0.5854,5.0,0.5843,17.0,0.5846,121.0
1753593135984,05:12:15.984,blofin,ACE/USDT:USDT,0.5856,130.0,0.5854,5.0,0.5843,17.0,0.5845,118.0
1753593136613,05:12:16.613,blofin,ACE/USDT:USDT,0.5856,130.0,0.5854,5.0,0.5843,17.0,0.5845,123.0
1753593137105,05:12:17.105,blofin,ACE/USDT:USDT,0.5856,130.0,0.5854,5.0,0.5843,17.0,0.5845,90.0
1753593137606,05:12:17.606,blofin,ACE/USDT:USDT,0.5856,130.0,0.5854,5.0,0.5843,17.0,0.5845,89.0
1753593138107,05:12:18.107,blofin,ACE/USDT:USDT,0.5856,130.0,0.5854,5.0,0.5843,17.0,0.5845,89.0
1753593138984,05:12:18.984,blofin,ACE/USDT:USDT,0.5856,130.0,0.5854,5.0,0.5843,17.0,0.5845,89.0
1753593139610,05:12:19.610,blofin,ACE/USDT:USDT,0.5856,130.0,0.5854,5.0,0.5843,17.0,0.5844,89.0
1753593140110,05:12:20.110,blofin,ACE/USDT:USDT,0.5856,130.0,0.5854,5.0,0.5843,17.0,0.5844,109.0
1753593141111,05:12:21.111,blofin,ACE/USDT:USDT,0.5856,130.0,0.5854,5.0,0.5843,17.0,0.5844,119.0
1753593229244,05:13:49.244,blofin,ACE/USDT:USDT,0.5856,130.0,0.5854,5.0,0.584,72.0,0.5843,667.0
1753593229744,05:13:49.744,blofin,ACE/USDT:USDT,0.5856,130.0,0.5854,5.0,0.584,72.0,0.5843,1019.0
1753593230245,05:13:50.245,blofin,ACE/USDT:USDT,0.5856,130.0,0.5854,5.0,0.584,74.0,0.5842,638.0
1753593230747,05:13:50.747,blofin,ACE/USDT:USDT,0.5856,130.0,0.5854,5.0,0.584,76.0,0.5842,638.0
1753593231247,05:13:51.247,blofin,ACE/USDT:USDT,0.5856,130.0,0.5854,5.0,0.584,76.0,0.5843,2.0
1753593232016,05:13:52.016,blofin,ACE/USDT:USDT,0.5856,130.0,0.5854,5.0,0.5839,72.0,0.584,4.0
1753593232749,05:13:52.749,blofin,ACE/USDT:USDT,0.5856,130.0,0.5854,5.0,0.5839,76.0,0.5842,1888.0
1753593233249,05:13:53.249,blofin,ACE/USDT:USDT,0.5856,130.0,0.5854,5.0,0.5839,75.0,0.5843,2.0
1753593233750,05:13:53.750,blofin,ACE/USDT:USDT,0.5856,130.0,0.5854,5.0,0.5839,75.0,0.5843,2.0
1753593234251,05:13:54.251,blofin,ACE/USDT:USDT,0.5856,130.0,0.5854,5.0,0.5839,75.0,0.584,1720.0
1753593235063,05:13:55.063,blofin,ACE/USDT:USDT,0.5856,130.0,0.5854,5.0,0.5841,74.0,0.5843,2.0
1753593235755,05:13:55.755,blofin,ACE/USDT:USDT,0.5856,130.0,0.5854,5.0,0.5841,236.0,0.5843,3012.0
1753593236255,05:13:56.255,blofin,ACE/USDT:USDT,0.5856,130.0,0.5854,5.0,0.5841,236.0,0.5843,5431.0
1753593236754,05:13:56.754,blofin,ACE/USDT:USDT,0.5856,130.0,0.5854,5.0,0.5841,236.0,0.5843,5431.0
1753593237255,05:13:57.255,blofin,ACE/USDT:USDT,0.5856,130.0,0.5854,5.0,0.5841,235.0,0.5843,53.0
1753593238069,05:13:58.069,blofin,ACE/USDT:USDT,0.5856,130.0,0.5854,5.0,0.5841,104.0,0.5843,2.0
1753593238258,05:13:58.258,blofin,ACE/USDT:USDT,0.5856,130.0,0.5854,5.0,0.5841,105.0,0.5843,2.0
1753593239262,05:13:59.262,blofin,ACE/USDT:USDT,0.5856,130.0,0.5854,5.0,0.5841,105.0,0.5843,2.0
1753593239762,05:13:59.762,blofin,ACE/USDT:USDT,0.5856,130.0,0.5854,5.0,0.5841,105.0,0.5843,2.0
1753593240261,05:14:00.261,blofin,ACE/USDT:USDT,0.5856,130.0,0.5854,5.0,0.5841,107.0,0.5843,507.0
1753593240763,05:14:00.763,blofin,ACE/USDT:USDT,0.5856,130.0,0.5854,5.0,0.584,103.0,0.5841,4.0
1753593241264,05:14:01.264,blofin,ACE/USDT:USDT,0.5856,130.0,0.5854,5.0,0.584,161.0,0.5843,2.0
1753593353147,05:15:53.147,blofin,ACE/USDT:USDT,0.5856,130.0,0.5854,5.0,0.584,161.0,0.5843,2.0
1753593353935,05:15:53.935,blofin,ACE/USDT:USDT,0.5856,130.0,0.5854,5.0,0.584,161.0,0.5843,96.0
1753593354437,05:15:54.437,blofin,ACE/USDT:USDT,0.5856,130.0,0.5854,5.0,0.584,161.0,0.5843,96.0
1753593355153,05:15:55.153,blofin,ACE/USDT:USDT,0.5856,130.0,0.5854,5.0,0.584,161.0,0.5843,97.0
1753593355440,05:15:55.440,blofin,ACE/USDT:USDT,0.5856,130.0,0.5854,5.0,0.584,161.0,0.5843,97.0
1753593356440,05:15:56.440,blofin,ACE/USDT:USDT,0.5856,130.0,0.5854,5.0,0.584,161.0,0.5843,97.0
1753593357153,05:15:57.153,blofin,ACE/USDT:USDT,0.5856,130.0,0.5854,5.0,0.584,161.0,0.5843,98.0
1753593357441,05:15:57.441,blofin,ACE/USDT:USDT,0.5856,130.0,0.5854,5.0,0.584,161.0,0.5843,98.0
1753593357947,05:15:57.947,blofin,ACE/USDT:USDT,0.5856,130.0,0.5854,5.0,0.584,161.0,0.5843,96.0
1753593358441,05:15:58.441,blofin,ACE/USDT:USDT,0.5856,130.0,0.5854,5.0,0.584,161.0,0.5843,96.0
1753593359153,05:15:59.153,blofin,ACE/USDT:USDT,0.5856,130.0,0.5854,5.0,0.584,161.0,0.5842,94.0
1753593359444,05:15:59.444,blofin,ACE/USDT:USDT,0.5856,130.0,0.5854,5.0,0.584,161.0,0.5842,94.0
1753593360154,05:16:00.154,blofin,ACE/USDT:USDT,0.5856,130.0,0.5854,5.0,0.584,161.0,0.5842,99.0
1753593360945,05:16:00.945,blofin,ACE/USDT:USDT,0.5856,130.0,0.5854,5.0,0.584,161.0,0.5841,97.0
1753593361446,05:16:01.446,blofin,ACE/USDT:USDT,0.5856,130.0,0.5854,5.0,0.584,161.0,0.5841,8.0
1753593362156,05:16:02.156,blofin,ACE/USDT:USDT,0.5856,130.0,0.5854,5.0,0.584,161.0,0.5841,22.0
1753593362448,05:16:02.448,blofin,ACE/USDT:USDT,0.5856,130.0,0.5854,5.0,0.584,161.0,0.5841,19.0
1753593363448,05:16:03.448,blofin,ACE/USDT:USDT,0.5856,130.0,0.5854,5.0,0.584,161.0,0.5841,23.0
1753593363952,05:16:03.952,blofin,ACE/USDT:USDT,0.5856,130.0,0.5854,5.0,0.584,161.0,0.5841,23.0
1753593364449,05:16:04.449,blofin,ACE/USDT:USDT,0.5856,130.0,0.5854,5.0,0.584,161.0,0.5841,23.0
1753593459228,05:17:39.228,blofin,ACE/USDT:USDT,0.5856,130.0,0.5854,5.0,0.584,161.0,0.5841,23.0
1753593460086,05:17:40.086,blofin,ACE/USDT:USDT,0.5856,130.0,0.5854,5.0,0.584,161.0,0.5841,23.0
1753593460587,05:17:40.587,blofin,ACE/USDT:USDT,0.5856,130.0,0.5854,5.0,0.584,161.0,0.5841,23.0
1753593461229,05:17:41.229,blofin,ACE/USDT:USDT,0.5856,130.0,0.5854,5.0,0.584,161.0,0.5841,23.0
1753593462089,05:17:42.089,blofin,ACE/USDT:USDT,0.5856,130.0,0.5854,5.0,0.584,161.0,0.5841,23.0
1753593462588,05:17:42.588,blofin,ACE/USDT:USDT,0.5856,130.0,0.5854,5.0,0.584,161.0,0.5841,23.0
1753593463230,05:17:43.230,blofin,ACE/USDT:USDT,0.5856,130.0,0.5854,5.0,0.584,161.0,0.5841,23.0
1753593463590,05:17:43.590,blofin,ACE/USDT:USDT,0.5856,130.0,0.5854,5.0,0.584,161.0,0.5841,23.0
1753593464230,05:17:44.230,blofin,ACE/USDT:USDT,0.5856,130.0,0.5854,5.0,0.584,161.0,0.5841,23.0
1753593465092,05:17:45.092,blofin,ACE/USDT:USDT,0.5856,130.0,0.5854,5.0,0.584,161.0,0.5841,23.0
1753593465595,05:17:45.595,blofin,ACE/USDT:USDT,0.5856,130.0,0.5854,5.0,0.584,161.0,0.5841,23.0
1753593466231,05:17:46.231,blofin,ACE/USDT:USDT,0.5856,130.0,0.5854,5.0,0.584,161.0,0.5841,23.0
1753593466593,05:17:46.593,blofin,ACE/USDT:USDT,0.5856,130.0,0.5854,5.0,0.584,161.0,0.5841,23.0
1753593467542,05:17:47.542,blofin,ACE/USDT:USDT,0.5856,130.0,0.5854,5.0,0.584,161.0,0.5841,23.0
1753593468096,05:17:48.096,blofin,ACE/USDT:USDT,0.5856,130.0,0.5854,5.0,0.584,161.0,0.5841,23.0
1753593544710,05:19:04.710,blofin,ACE/USDT:USDT,0.5856,130.0,0.5854,5.0,0.584,161.0,0.5841,23.0
1753593545293,05:19:05.293,blofin,ACE/USDT:USDT,0.5856,130.0,0.5854,5.0,0.584,161.0,0.5841,23.0
1753593545712,05:19:05.712,blofin,ACE/USDT:USDT,0.5856,130.0,0.5854,5.0,0.584,161.0,0.5841,23.0
1753593546294,05:19:06.294,blofin,ACE/USDT:USDT,0.5856,130.0,0.5854,5.0,0.584,161.0,0.5841,23.0
1753593547715,05:19:07.715,blofin,ACE/USDT:USDT,0.5856,130.0,0.5854,5.0,0.584,161.0,0.5841,23.0
1753593548295,05:19:08.295,blofin,ACE/USDT:USDT,0.5856,130.0,0.5854,5.0,0.584,161.0,0.5841,23.0
1753593549217,05:19:09.217,blofin,ACE/USDT:USDT,0.5856,130.0,0.5854,5.0,0.584,161.0,0.5841,23.0
1753593549719,05:19:09.719,blofin,ACE/USDT:USDT,0.5856,130.0,0.5854,5.0,0.584,161.0,0.5841,23.0
1753593550308,05:19:10.308,blofin,ACE/USDT:USDT,0.5856,130.0,0.5854,5.0,0.584,161.0,0.5841,23.0
1753593550720,05:19:10.720,blofin,ACE/USDT:USDT,0.5856,130.0,0.5854,5.0,0.584,161.0,0.5841,23.0
1753593551721,05:19:11.721,blofin,ACE/USDT:USDT,0.5856,130.0,0.5854,5.0,0.584,161.0,0.5841,23.0
1753593552300,05:19:12.300,blofin,ACE/USDT:USDT,0.5856,130.0,0.5854,5.0,0.584,161.0,0.5841,23.0
1753593553798,05:19:13.798,blofin,ACE/USDT:USDT,0.5856,130.0,0.5854,5.0,0.584,161.0,0.5841,23.0
1753593633841,05:20:33.841,blofin,ACE/USDT:USDT,0.5856,130.0,0.5854,5.0,0.584,161.0,0.5841,23.0
1753593634842,05:20:34.842,blofin,ACE/USDT:USDT,0.5856,130.0,0.5854,5.0,0.584,161.0,0.5841,23.0
1753593635343,05:20:35.343,blofin,ACE/USDT:USDT,0.5856,130.0,0.5854,5.0,0.584,161.0,0.5841,23.0
1753593635844,05:20:35.844,blofin,ACE/USDT:USDT,0.5856,130.0,0.5854,5.0,0.584,161.0,0.5841,23.0
1753593636344,05:20:36.344,blofin,ACE/USDT:USDT,0.5856,130.0,0.5854,5.0,0.584,161.0,0.5841,23.0
1753593636845,05:20:36.845,blofin,ACE/USDT:USDT,0.5856,130.0,0.5854,5.0,0.584,161.0,0.5841,23.0
1753593637346,05:20:37.346,blofin,ACE/USDT:USDT,0.5856,130.0,0.5854,5.0,0.584,161.0,0.5841,23.0
1753593638348,05:20:38.348,blofin,ACE/USDT:USDT,0.5856,130.0,0.5854,5.0,0.584,161.0,0.5841,23.0
1753593639431,05:20:39.431,blofin,ACE/USDT:USDT,0.5856,130.0,0.5854,5.0,0.584,161.0,0.5841,23.0
1753593639850,05:20:39.850,blofin,ACE/USDT:USDT,0.5856,130.0,0.5854,5.0,0.584,161.0,0.5841,23.0
1753593640350,05:20:40.350,blofin,ACE/USDT:USDT,0.5856,130.0,0.5854,5.0,0.584,161.0,0.5841,23.0
1753593640851,05:20:40.851,blofin,ACE/USDT:USDT,0.5856,130.0,0.5854,5.0,0.584,161.0,0.5841,23.0
1753593641854,05:20:41.854,blofin,ACE/USDT:USDT,0.5856,130.0,0.5854,5.0,0.584,161.0,0.5841,23.0
1753593642857,05:20:42.857,blofin,ACE/USDT:USDT,0.5856,130.0,0.5854,5.0,0.584,161.0,0.5841,23.0
1753593643858,05:20:43.858,blofin,ACE/USDT:USDT,0.5856,130.0,0.5854,5.0,0.584,161.0,0.5841,23.0
1753593644360,05:20:44.360,blofin,ACE/USDT:USDT,0.5856,130.0,0.5854,5.0,0.584,161.0,0.5841,23.0
1753593644858,05:20:44.858,blofin,ACE/USDT:USDT,0.5856,130.0,0.5854,5.0,0.584,161.0,0.5841,23.0
1753593645360,05:20:45.360,blofin,ACE/USDT:USDT,0.5856,130.0,0.5854,5.0,0.584,161.0,0.5841,23.0
1753593737005,05:22:17.005,blofin,ACE/USDT:USDT,0.5856,130.0,0.5854,5.0,0.584,161.0,0.5841,23.0
1753593738004,05:22:18.004,blofin,ACE/USDT:USDT,0.5856,130.0,0.5854,5.0,0.584,161.0,0.5841,23.0
1753593738505,05:22:18.505,blofin,ACE/USDT:USDT,0.5856,130.0,0.5854,5.0,0.584,161.0,0.5841,23.0
1753593739505,05:22:19.505,blofin,ACE/USDT:USDT,0.5856,130.0,0.5854,5.0,0.584,161.0,0.5841,23.0
1753593740006,05:22:20.006,blofin,ACE/USDT:USDT,0.5856,130.0,0.5854,5.0,0.584,161.0,0.5841,23.0
1753593740672,05:22:20.672,blofin,ACE/USDT:USDT,0.5856,130.0,0.5854,5.0,0.584,161.0,0.5841,23.0
1753593741441,05:22:21.441,blofin,ACE/USDT:USDT,0.5856,130.0,0.5854,5.0,0.584,161.0,0.5841,23.0
1753593742010,05:22:22.010,blofin,ACE/USDT:USDT,0.5856,130.0,0.5854,5.0,0.584,161.0,0.5841,23.0
1753593742511,05:22:22.511,blofin,ACE/USDT:USDT,0.5856,130.0,0.5854,5.0,0.584,161.0,0.5841,23.0
1753593743116,05:22:23.116,blofin,ACE/USDT:USDT,0.5856,130.0,0.5854,5.0,0.584,161.0,0.5841,23.0
1753593743513,05:22:23.513,blofin,ACE/USDT:USDT,0.5856,130.0,0.5854,5.0,0.584,161.0,0.5841,23.0
1753593744516,05:22:24.516,blofin,ACE/USDT:USDT,0.5856,130.0,0.5854,5.0,0.584,161.0,0.5841,23.0
1753593745515,05:22:25.515,blofin,ACE/USDT:USDT,0.5856,130.0,0.5854,5.0,0.584,161.0,0.5841,23.0
1753593816117,05:23:36.117,blofin,ACE/USDT:USDT,0.5856,130.0,0.5854,5.0,0.584,161.0,0.5841,23.0
1753593816618,05:23:36.618,blofin,ACE/USDT:USDT,0.5856,130.0,0.5854,5.0,0.584,161.0,0.5841,23.0
1753593817619,05:23:37.619,blofin,ACE/USDT:USDT,0.5856,130.0,0.5854,5.0,0.584,161.0,0.5841,23.0
1753593818119,05:23:38.119,blofin,ACE/USDT:USDT,0.5856,130.0,0.5854,5.0,0.584,161.0,0.5841,23.0
1753593818620,05:23:38.620,blofin,ACE/USDT:USDT,0.5856,130.0,0.5854,22.0,0.584,161.0,0.5841,23.0
1753593819490,05:23:39.490,blofin,ACE/USDT:USDT,0.5856,130.0,0.5854,24.0,0.584,161.0,0.5841,23.0
1753593820122,05:23:40.122,blofin,ACE/USDT:USDT,0.5856,130.0,0.5854,23.0,0.584,161.0,0.5841,23.0
1753593820809,05:23:40.809,blofin,ACE/USDT:USDT,0.5857,83.0,0.5856,130.0,0.584,161.0,0.5841,23.0
1753593821493,05:23:41.493,blofin,ACE/USDT:USDT,0.5859,76.0,0.5856,130.0,0.584,161.0,0.5841,23.0
1753593822137,05:23:42.137,blofin,ACE/USDT:USDT,0.5859,76.0,0.5856,130.0,0.584,161.0,0.5841,23.0
1753593822628,05:23:42.628,blofin,ACE/USDT:USDT,0.5859,76.0,0.5856,130.0,0.584,161.0,0.5841,23.0
1753593823627,05:23:43.627,blofin,ACE/USDT:USDT,0.5859,75.0,0.5856,130.0,0.584,161.0,0.5841,23.0
1753593824128,05:23:44.128,blofin,ACE/USDT:USDT,0.5859,75.0,0.5856,130.0,0.584,161.0,0.5841,23.0
1753593824630,05:23:44.630,blofin,ACE/USDT:USDT,0.5859,77.0,0.5856,130.0,0.584,161.0,0.5841,23.0
1753593825631,05:23:45.631,blofin,ACE/USDT:USDT,0.5859,76.0,0.5858,100.0,0.584,161.0,0.5841,23.0
1753593826131,05:23:46.131,blofin,ACE/USDT:USDT,0.5859,76.0,0.5858,100.0,0.584,161.0,0.5841,23.0
1753593826631,05:23:46.631,blofin,ACE/USDT:USDT,0.5859,73.0,0.5858,100.0,0.584,161.0,0.5841,23.0
1753593827495,05:23:47.495,blofin,ACE/USDT:USDT,0.5859,73.0,0.5854,937.0,0.584,161.0,0.5841,23.0
1753593920561,05:25:20.561,blofin,ACE/USDT:USDT,0.5859,73.0,0.5857,99.0,0.584,161.0,0.5841,23.0
1753593920769,05:25:20.769,blofin,ACE/USDT:USDT,0.5859,73.0,0.5857,253.0,0.584,161.0,0.5841,23.0
1753593921268,05:25:21.268,blofin,ACE/USDT:USDT,0.586,6.0,0.5859,73.0,0.584,161.0,0.5841,23.0
1753593921771,05:25:21.771,blofin,ACE/USDT:USDT,0.586,6.0,0.5859,73.0,0.584,161.0,0.5841,23.0
1753593922771,05:25:22.771,blofin,ACE/USDT:USDT,0.5862,18.0,0.5861,1830.0,0.584,161.0,0.5841,23.0
1753593923271,05:25:23.271,blofin,ACE/USDT:USDT,0.5862,18.0,0.5861,1830.0,0.584,161.0,0.5841,23.0
1753593923772,05:25:23.772,blofin,ACE/USDT:USDT,0.586,21.0,0.5859,73.0,0.584,161.0,0.5841,23.0
1753593924643,05:25:24.643,blofin,ACE/USDT:USDT,0.5861,16.0,0.586,3.0,0.584,161.0,0.5841,23.0
1753593925273,05:25:25.273,blofin,ACE/USDT:USDT,0.5863,18.0,0.5862,1072.0,0.584,161.0,0.5841,23.0
1753593925775,05:25:25.775,blofin,ACE/USDT:USDT,0.5863,21.0,0.586,1.0,0.584,161.0,0.5841,23.0
1753593926565,05:25:26.565,blofin,ACE/USDT:USDT,0.5863,21.0,0.5861,1204.0,0.584,161.0,0.5841,23.0
1753593927777,05:25:27.777,blofin,ACE/USDT:USDT,0.5863,21.0,0.5861,1695.0,0.584,161.0,0.5841,23.0
1753593928280,05:25:28.280,blofin,ACE/USDT:USDT,0.5863,21.0,0.5861,1695.0,0.584,161.0,0.5841,23.0
1753593928780,05:25:28.780,blofin,ACE/USDT:USDT,0.5863,21.0,0.586,28.0,0.584,161.0,0.5841,23.0
1753594001390,05:26:41.390,blofin,ACE/USDT:USDT,0.5863,21.0,0.586,28.0,0.584,161.0,0.5841,23.0
1753594001891,05:26:41.891,blofin,ACE/USDT:USDT,0.5863,21.0,0.586,28.0,0.584,161.0,0.5841,23.0
1753594002392,05:26:42.392,blofin,ACE/USDT:USDT,0.5863,21.0,0.586,28.0,0.584,161.0,0.5841,23.0
1753594002891,05:26:42.891,blofin,ACE/USDT:USDT,0.5863,21.0,0.586,28.0,0.584,161.0,0.5841,23.0
1753594003624,05:26:43.624,blofin,ACE/USDT:USDT,0.5863,21.0,0.586,28.0,0.584,161.0,0.5841,23.0
1753594004393,05:26:44.393,blofin,ACE/USDT:USDT,0.5863,21.0,0.586,28.0,0.584,161.0,0.5841,23.0
1753594004894,05:26:44.894,blofin,ACE/USDT:USDT,0.5863,21.0,0.586,28.0,0.584,161.0,0.5841,23.0
1753594005626,05:26:45.626,blofin,ACE/USDT:USDT,0.5863,21.0,0.586,28.0,0.584,161.0,0.5841,23.0
1753594005895,05:26:45.895,blofin,ACE/USDT:USDT,0.5863,21.0,0.586,28.0,0.584,161.0,0.5841,23.0
1753594007401,05:26:47.401,blofin,ACE/USDT:USDT,0.5863,21.0,0.586,57.0,0.584,161.0,0.5841,23.0
1753594007900,05:26:47.900,blofin,ACE/USDT:USDT,0.5863,21.0,0.586,515.0,0.584,161.0,0.5841,23.0
1753594008629,05:26:48.629,blofin,ACE/USDT:USDT,0.5863,21.0,0.586,5.0,0.584,161.0,0.5841,23.0
1753594008901,05:26:48.901,blofin,ACE/USDT:USDT,0.5863,21.0,0.5859,6.0,0.584,161.0,0.5841,23.0
1753594009907,05:26:49.907,blofin,ACE/USDT:USDT,0.5863,21.0,0.5859,23.0,0.584,161.0,0.5841,23.0
1753594010403,05:26:50.403,blofin,ACE/USDT:USDT,0.5863,21.0,0.5859,22.0,0.584,161.0,0.5841,23.0
1753594010903,05:26:50.903,blofin,ACE/USDT:USDT,0.5863,21.0,0.5859,21.0,0.584,161.0,0.5841,23.0
1753594011629,05:26:51.629,blofin,ACE/USDT:USDT,0.5863,21.0,0.5859,2.0,0.584,161.0,0.5841,23.0
1753594012292,05:26:52.292,blofin,ACE/USDT:USDT,0.5863,21.0,0.5859,2.0,0.584,161.0,0.5841,23.0
1753594012905,05:26:52.905,blofin,ACE/USDT:USDT,0.5863,21.0,0.5859,2.0,0.584,161.0,0.5841,23.0
1753594115040,05:28:35.040,blofin,ACE/USDT:USDT,0.5863,21.0,0.5862,149.0,0.584,161.0,0.5841,23.0
1753594116041,05:28:36.041,blofin,ACE/USDT:USDT,0.5863,2396.0,0.5862,5.0,0.584,161.0,0.5841,23.0
1753594116717,05:28:36.717,blofin,ACE/USDT:USDT,0.5862,5.0,0.5861,70.0,0.584,161.0,0.5841,23.0
1753594117042,05:28:37.042,blofin,ACE/USDT:USDT,0.5862,5.0,0.5861,70.0,0.584,161.0,0.5841,23.0
1753594117718,05:28:37.718,blofin,ACE/USDT:USDT,0.5863,142.0,0.5862,165.0,0.584,161.0,0.5841,23.0
1753594118544,05:28:38.544,blofin,ACE/USDT:USDT,0.5864,21.0,0.5863,142.0,0.584,161.0,0.5841,23.0
1753594119044,05:28:39.044,blofin,ACE/USDT:USDT,0.5864,19.0,0.5863,142.0,0.584,161.0,0.5841,23.0
1753594120047,05:28:40.047,blofin,ACE/USDT:USDT,0.5864,19.0,0.5863,142.0,0.584,161.0,0.5841,23.0
1753594120733,05:28:40.733,blofin,ACE/USDT:USDT,0.5864,23.0,0.5862,850.0,0.584,161.0,0.5841,23.0
1753594121047,05:28:41.047,blofin,ACE/USDT:USDT,0.5864,20.0,0.5863,2195.0,0.584,161.0,0.5841,23.0
1753594121722,05:28:41.722,blofin,ACE/USDT:USDT,0.5864,21.0,0.5861,2409.0,0.584,161.0,0.5841,23.0
1753594122548,05:28:42.548,blofin,ACE/USDT:USDT,0.5864,23.0,0.5861,2409.0,0.584,161.0,0.5841,23.0
1753594123722,05:28:43.722,blofin,ACE/USDT:USDT,0.5864,23.0,0.5861,88.0,0.584,161.0,0.5841,23.0
1753594124553,05:28:44.553,blofin,ACE/USDT:USDT,0.5864,20.0,0.5861,88.0,0.584,161.0,0.5841,23.0
1753594125053,05:28:45.053,blofin,ACE/USDT:USDT,0.5864,20.0,0.5863,537.0,0.584,161.0,0.5841,23.0
1753594125726,05:28:45.726,blofin,ACE/USDT:USDT,0.5864,23.0,0.5863,459.0,0.584,161.0,0.5841,23.0
1753594219794,05:30:19.794,blofin,ACE/USDT:USDT,0.5864,23.0,0.5863,459.0,0.584,161.0,0.5841,23.0
1753594220200,05:30:20.200,blofin,ACE/USDT:USDT,0.5864,23.0,0.5863,459.0,0.584,161.0,0.5841,23.0
1753594221201,05:30:21.201,blofin,ACE/USDT:USDT,0.5864,23.0,0.5863,459.0,0.584,161.0,0.5841,23.0
1753594221702,05:30:21.702,blofin,ACE/USDT:USDT,0.5864,23.0,0.5863,459.0,0.584,161.0,0.5841,23.0
1753594222201,05:30:22.201,blofin,ACE/USDT:USDT,0.5864,23.0,0.5863,459.0,0.584,161.0,0.5841,23.0
1753594222793,05:30:22.793,blofin,ACE/USDT:USDT,0.5864,23.0,0.5863,459.0,0.584,161.0,0.5841,23.0
1753594223203,05:30:23.203,blofin,ACE/USDT:USDT,0.5864,23.0,0.5863,459.0,0.584,161.0,0.5841,23.0
1753594224796,05:30:24.796,blofin,ACE/USDT:USDT,0.5864,23.0,0.5863,459.0,0.584,161.0,0.5841,23.0
1753594225208,05:30:25.208,blofin,ACE/USDT:USDT,0.5864,23.0,0.5863,459.0,0.584,161.0,0.5841,23.0
1753594225797,05:30:25.797,blofin,ACE/USDT:USDT,0.5864,23.0,0.5863,459.0,0.584,161.0,0.5841,23.0
1753594226709,05:30:26.709,blofin,ACE/USDT:USDT,0.5864,23.0,0.5863,459.0,0.584,161.0,0.5841,23.0
1753594227210,05:30:27.210,blofin,ACE/USDT:USDT,0.5864,23.0,0.5863,459.0,0.584,161.0,0.5841,23.0
1753594227806,05:30:27.806,blofin,ACE/USDT:USDT,0.5864,23.0,0.5863,459.0,0.584,161.0,0.5841,23.0
1753594313832,05:31:53.832,blofin,ACE/USDT:USDT,0.5867,581.0,0.5864,159.0,0.584,161.0,0.5841,23.0
1753594314335,05:31:54.335,blofin,ACE/USDT:USDT,0.587,430.0,0.5868,1328.0,0.584,161.0,0.5841,23.0
1753594314833,05:31:54.833,blofin,ACE/USDT:USDT,0.5872,21.0,0.587,430.0,0.584,161.0,0.5841,23.0
1753594315340,05:31:55.340,blofin,ACE/USDT:USDT,0.5872,21.0,0.5869,1903.0,0.584,161.0,0.5841,23.0
1753594316336,05:31:56.336,blofin,ACE/USDT:USDT,0.5872,20.0,0.5871,1153.0,0.584,161.0,0.5841,23.0
1753594316838,05:31:56.838,blofin,ACE/USDT:USDT,0.5872,21.0,0.5871,1153.0,0.584,161.0,0.5841,23.0
1753594317337,05:31:57.337,blofin,ACE/USDT:USDT,0.5872,21.0,0.5868,502.0,0.584,161.0,0.5841,23.0
1753594317837,05:31:57.837,blofin,ACE/USDT:USDT,0.5872,21.0,0.5868,502.0,0.584,161.0,0.5841,23.0
1753594318338,05:31:58.338,blofin,ACE/USDT:USDT,0.5872,21.0,0.5871,1263.0,0.584,161.0,0.5841,23.0
1753594319340,05:31:59.340,blofin,ACE/USDT:USDT,0.5872,27.0,0.5869,1221.0,0.584,161.0,0.5841,23.0
1753594319840,05:31:59.840,blofin,ACE/USDT:USDT,0.5872,27.0,0.5869,1221.0,0.584,161.0,0.5841,23.0
1753594320342,05:32:00.342,blofin,ACE/USDT:USDT,0.5872,29.0,0.5871,1736.0,0.584,161.0,0.5841,23.0
1753594321342,05:32:01.342,blofin,ACE/USDT:USDT,0.5872,30.0,0.5867,313.0,0.584,161.0,0.5841,23.0
1753594400939,05:33:20.939,blofin,ACE/USDT:USDT,0.5878,80.0,0.5874,782.0,0.584,161.0,0.5841,23.0
1753594401469,05:33:21.469,blofin,ACE/USDT:USDT,0.5878,80.0,0.5874,247.0,0.584,161.0,0.5841,23.0
1753594401942,05:33:21.942,blofin,ACE/USDT:USDT,0.5878,80.0,0.5876,1024.0,0.584,161.0,0.5841,23.0
1753594402475,05:33:22.475,blofin,ACE/USDT:USDT,0.5878,80.0,0.5876,1024.0,0.584,161.0,0.5841,23.0
1753594403474,05:33:23.474,blofin,ACE/USDT:USDT,0.5878,78.0,0.5877,356.0,0.584,161.0,0.5841,23.0
1753594403940,05:33:23.940,blofin,ACE/USDT:USDT,0.5878,7.0,0.5877,457.0,0.584,161.0,0.5841,23.0
1753594404476,05:33:24.476,blofin,ACE/USDT:USDT,0.5878,9.0,0.5877,457.0,0.584,161.0,0.5841,23.0
1753594404941,05:33:24.941,blofin,ACE/USDT:USDT,0.5878,80.0,0.5874,1416.0,0.584,161.0,0.5841,23.0
1753594405941,05:33:25.941,blofin,ACE/USDT:USDT,0.5878,82.0,0.5874,1169.0,0.584,161.0,0.5841,23.0
1753594406477,05:33:26.477,blofin,ACE/USDT:USDT,0.5878,82.0,0.5876,75.0,0.584,161.0,0.5841,23.0
1753594406949,05:33:26.949,blofin,ACE/USDT:USDT,0.5878,82.0,0.5876,75.0,0.584,161.0,0.5841,23.0
1753594407481,05:33:27.481,blofin,ACE/USDT:USDT,0.5878,82.0,0.5876,75.0,0.584,161.0,0.5841,23.0
1753594407981,05:33:27.981,blofin,ACE/USDT:USDT,0.5879,71.0,0.5878,5.0,0.584,161.0,0.5841,23.0
1753594408943,05:33:28.943,blofin,ACE/USDT:USDT,0.5879,71.0,0.5878,457.0,0.584,161.0,0.5841,23.0
1753594409483,05:33:29.483,blofin,ACE/USDT:USDT,0.5879,71.0,0.5878,364.0,0.584,161.0,0.5841,23.0
1753594409944,05:33:29.944,blofin,ACE/USDT:USDT,0.5879,71.0,0.5878,5.0,0.584,161.0,0.5841,23.0
1753594410484,05:33:30.484,blofin,ACE/USDT:USDT,0.5879,71.0,0.5878,5.0,0.584,161.0,0.5841,23.0
1753594494608,05:34:54.608,blofin,ACE/USDT:USDT,0.5879,71.0,0.5878,5.0,0.584,161.0,0.5841,23.0
1753594495109,05:34:55.109,blofin,ACE/USDT:USDT,0.5879,71.0,0.5878,5.0,0.584,161.0,0.5841,23.0
1753594495591,05:34:55.591,blofin,ACE/USDT:USDT,0.5879,71.0,0.5878,5.0,0.584,161.0,0.5841,23.0
1753594496109,05:34:56.109,blofin,ACE/USDT:USDT,0.5879,71.0,0.5878,5.0,0.584,161.0,0.5841,23.0
1753594497112,05:34:57.112,blofin,ACE/USDT:USDT,0.5879,71.0,0.5878,5.0,0.584,161.0,0.5841,23.0
1753594497612,05:34:57.612,blofin,ACE/USDT:USDT,0.5879,71.0,0.5878,5.0,0.584,161.0,0.5841,23.0
1753594498113,05:34:58.113,blofin,ACE/USDT:USDT,0.5879,71.0,0.5878,5.0,0.584,161.0,0.5841,23.0
1753594498613,05:34:58.613,blofin,ACE/USDT:USDT,0.5879,71.0,0.5878,5.0,0.584,161.0,0.5841,23.0
1753594499114,05:34:59.114,blofin,ACE/USDT:USDT,0.5879,71.0,0.5878,5.0,0.584,161.0,0.5841,23.0
1753594500117,05:35:00.117,blofin,ACE/USDT:USDT,0.5879,71.0,0.5878,5.0,0.584,161.0,0.5841,23.0
1753594500616,05:35:00.616,blofin,ACE/USDT:USDT,0.5879,71.0,0.5878,5.0,0.584,161.0,0.5841,23.0
1753594501402,05:35:01.402,blofin,ACE/USDT:USDT,0.5879,71.0,0.5878,5.0,0.584,161.0,0.5841,23.0
1753594502014,05:35:02.014,blofin,ACE/USDT:USDT,0.5879,71.0,0.5878,5.0,0.584,161.0,0.5841,23.0
1753594502121,05:35:02.121,blofin,ACE/USDT:USDT,0.5879,71.0,0.5878,5.0,0.584,161.0,0.5841,23.0
1753594502619,05:35:02.619,blofin,ACE/USDT:USDT,0.5879,71.0,0.5878,5.0,0.584,161.0,0.5841,23.0
1753594503122,05:35:03.122,blofin,ACE/USDT:USDT,0.5879,71.0,0.5878,5.0,0.584,161.0,0.5841,23.0
1753594503622,05:35:03.622,blofin,ACE/USDT:USDT,0.5879,71.0,0.5878,5.0,0.584,161.0,0.5841,23.0
1753594504123,05:35:04.123,blofin,ACE/USDT:USDT,0.5879,71.0,0.5878,5.0,0.584,161.0,0.5841,23.0
1753594505124,05:35:05.124,blofin,ACE/USDT:USDT,0.5879,71.0,0.5878,5.0,0.584,161.0,0.5841,23.0
1753594505624,05:35:05.624,blofin,ACE/USDT:USDT,0.5879,71.0,0.5878,5.0,0.584,161.0,0.5841,23.0
1753594506493,05:35:06.493,blofin,ACE/USDT:USDT,0.5879,71.0,0.5878,5.0,0.584,161.0,0.5841,23.0
1753594615290,05:36:55.290,blofin,ACE/USDT:USDT,0.5879,71.0,0.5878,5.0,0.584,161.0,0.5841,23.0
1753594615792,05:36:55.792,blofin,ACE/USDT:USDT,0.5879,71.0,0.5878,5.0,0.584,161.0,0.5841,23.0
1753594616293,05:36:56.293,blofin,ACE/USDT:USDT,0.5879,71.0,0.5878,5.0,0.584,161.0,0.5841,23.0
1753594617036,05:36:57.036,blofin,ACE/USDT:USDT,0.5879,71.0,0.5878,5.0,0.584,161.0,0.5841,23.0
1753594617294,05:36:57.294,blofin,ACE/USDT:USDT,0.5879,71.0,0.5878,5.0,0.584,161.0,0.5841,23.0
1753594618295,05:36:58.295,blofin,ACE/USDT:USDT,0.5879,71.0,0.5878,5.0,0.584,161.0,0.5841,23.0
1753594618796,05:36:58.796,blofin,ACE/USDT:USDT,0.5879,71.0,0.5878,5.0,0.584,161.0,0.5841,23.0
1753594619298,05:36:59.298,blofin,ACE/USDT:USDT,0.5879,71.0,0.5878,5.0,0.584,161.0,0.5841,23.0
1753594620106,05:37:00.106,blofin,ACE/USDT:USDT,0.5879,71.0,0.5878,5.0,0.584,161.0,0.5841,23.0
1753594620299,05:37:00.299,blofin,ACE/USDT:USDT,0.5879,71.0,0.5878,5.0,0.584,161.0,0.5841,23.0
1753594621111,05:37:01.111,blofin,ACE/USDT:USDT,0.5879,71.0,0.5878,5.0,0.584,161.0,0.5841,23.0
1753594621799,05:37:01.799,blofin,ACE/USDT:USDT,0.5879,71.0,0.5878,5.0,0.584,161.0,0.5841,23.0
1753594622301,05:37:02.301,blofin,ACE/USDT:USDT,0.5879,71.0,0.5878,5.0,0.584,161.0,0.5841,23.0
1753594623303,05:37:03.303,blofin,ACE/USDT:USDT,0.5879,71.0,0.5878,5.0,0.584,161.0,0.5841,23.0
1753594624305,05:37:04.305,blofin,ACE/USDT:USDT,0.5879,71.0,0.5878,5.0,0.584,161.0,0.5841,23.0
1753594624807,05:37:04.807,blofin,ACE/USDT:USDT,0.5879,71.0,0.5878,5.0,0.584,161.0,0.5841,23.0
1753594625306,05:37:05.306,blofin,ACE/USDT:USDT,0.5879,71.0,0.5878,5.0,0.584,161.0,0.5841,23.0
1753594626115,05:37:06.115,blofin,ACE/USDT:USDT,0.5879,71.0,0.5878,5.0,0.584,161.0,0.5841,23.0
1753594626811,05:37:06.811,blofin,ACE/USDT:USDT,0.5879,71.0,0.5878,5.0,0.584,161.0,0.5841,23.0
1753594627307,05:37:07.307,blofin,ACE/USDT:USDT,0.5879,71.0,0.5878,5.0,0.584,161.0,0.5841,23.0
1753594720939,05:38:40.939,blofin,ACE/USDT:USDT,0.5879,71.0,0.5878,5.0,0.584,161.0,0.5841,23.0
1753594721445,05:38:41.445,blofin,ACE/USDT:USDT,0.5879,71.0,0.5878,5.0,0.584,161.0,0.5841,23.0
1753594721941,05:38:41.941,blofin,ACE/USDT:USDT,0.5879,71.0,0.5878,5.0,0.584,161.0,0.5841,23.0
1753594722443,05:38:42.443,blofin,ACE/USDT:USDT,0.5879,71.0,0.5878,5.0,0.584,161.0,0.5841,23.0
1753594723442,05:38:43.442,blofin,ACE/USDT:USDT,0.5879,71.0,0.5878,5.0,0.584,161.0,0.5841,23.0
1753594724443,05:38:44.443,blofin,ACE/USDT:USDT,0.5879,71.0,0.5878,5.0,0.584,161.0,0.5841,23.0
1753594725187,05:38:45.187,blofin,ACE/USDT:USDT,0.5879,71.0,0.5878,5.0,0.584,161.0,0.5841,23.0
1753594725944,05:38:45.944,blofin,ACE/USDT:USDT,0.5879,71.0,0.5878,5.0,0.584,161.0,0.5841,23.0
1753594726445,05:38:46.445,blofin,ACE/USDT:USDT,0.5879,71.0,0.5878,5.0,0.584,161.0,0.5841,23.0
1753594727189,05:38:47.189,blofin,ACE/USDT:USDT,0.5879,71.0,0.5878,5.0,0.584,161.0,0.5841,23.0
1753594727950,05:38:47.950,blofin,ACE/USDT:USDT,0.5879,71.0,0.5878,5.0,0.584,161.0,0.5841,23.0
1753594728449,05:38:48.449,blofin,ACE/USDT:USDT,0.5879,71.0,0.5878,5.0,0.584,161.0,0.5841,23.0
1753594729190,05:38:49.190,blofin,ACE/USDT:USDT,0.5879,71.0,0.5878,5.0,0.584,161.0,0.5841,23.0
1753594729450,05:38:49.450,blofin,ACE/USDT:USDT,0.5879,71.0,0.5878,5.0,0.584,161.0,0.5841,23.0
1753594809249,05:40:09.249,blofin,ACE/USDT:USDT,0.5879,71.0,0.5878,5.0,0.584,161.0,0.5841,23.0
1753594809576,05:40:09.576,blofin,ACE/USDT:USDT,0.5879,71.0,0.5878,5.0,0.584,161.0,0.5841,23.0
1753594810252,05:40:10.252,blofin,ACE/USDT:USDT,0.5879,71.0,0.5878,5.0,0.584,161.0,0.5841,23.0
1753594811077,05:40:11.077,blofin,ACE/USDT:USDT,0.5879,71.0,0.5878,5.0,0.584,161.0,0.5841,23.0
1753594811262,05:40:11.262,blofin,ACE/USDT:USDT,0.5879,71.0,0.5878,5.0,0.584,161.0,0.5841,23.0
1753594811579,05:40:11.579,blofin,ACE/USDT:USDT,0.5879,71.0,0.5878,5.0,0.584,161.0,0.5841,23.0
1753594812251,05:40:12.251,blofin,ACE/USDT:USDT,0.5879,71.0,0.5878,5.0,0.584,161.0,0.5841,23.0
1753594812579,05:40:12.579,blofin,ACE/USDT:USDT,0.5879,71.0,0.5878,5.0,0.584,161.0,0.5841,23.0
1753594813252,05:40:13.252,blofin,ACE/USDT:USDT,0.5879,71.0,0.5878,5.0,0.584,161.0,0.5841,23.0
1753594814582,05:40:14.582,blofin,ACE/USDT:USDT,0.5879,71.0,0.5878,5.0,0.584,161.0,0.5841,23.0
1753594815584,05:40:15.584,blofin,ACE/USDT:USDT,0.5879,71.0,0.5878,5.0,0.584,161.0,0.5841,23.0
1753594816087,05:40:16.087,blofin,ACE/USDT:USDT,0.5879,71.0,0.5878,5.0,0.584,161.0,0.5841,23.0
1753594816586,05:40:16.586,blofin,ACE/USDT:USDT,0.5879,71.0,0.5878,5.0,0.584,161.0,0.5841,23.0
1753594817374,05:40:17.374,blofin,ACE/USDT:USDT,0.5879,71.0,0.5878,5.0,0.584,161.0,0.5841,23.0
1753594818089,05:40:18.089,blofin,ACE/USDT:USDT,0.5879,71.0,0.5878,5.0,0.584,161.0,0.5841,23.0
1753594818588,05:40:18.588,blofin,ACE/USDT:USDT,0.5879,71.0,0.5878,5.0,0.584,161.0,0.5841,23.0
1753594906316,05:41:46.316,blofin,ACE/USDT:USDT,0.5879,71.0,0.5878,5.0,0.584,161.0,0.5841,23.0
1753594907110,05:41:47.110,blofin,ACE/USDT:USDT,0.5879,71.0,0.5878,5.0,0.584,161.0,0.5841,23.0
1753594907730,05:41:47.730,blofin,ACE/USDT:USDT,0.5879,71.0,0.5878,5.0,0.584,161.0,0.5841,23.0
1753594908321,05:41:48.321,blofin,ACE/USDT:USDT,0.5879,71.0,0.5878,5.0,0.584,161.0,0.5841,23.0
1753594908730,05:41:48.730,blofin,ACE/USDT:USDT,0.5879,71.0,0.5878,5.0,0.584,161.0,0.5841,23.0
1753594909318,05:41:49.318,blofin,ACE/USDT:USDT,0.5879,71.0,0.5878,5.0,0.584,161.0,0.5841,23.0
1753594910044,05:41:50.044,blofin,ACE/USDT:USDT,0.5879,71.0,0.5878,5.0,0.584,161.0,0.5841,23.0
1753594910733,05:41:50.733,blofin,ACE/USDT:USDT,0.5879,71.0,0.5878,5.0,0.584,161.0,0.5841,23.0
1753594911320,05:41:51.320,blofin,ACE/USDT:USDT,0.5879,71.0,0.5878,5.0,0.584,161.0,0.5841,23.0
1753594911741,05:41:51.741,blofin,ACE/USDT:USDT,0.5879,71.0,0.5878,5.0,0.584,161.0,0.5841,23.0
1753594912737,05:41:52.737,blofin,ACE/USDT:USDT,0.5879,71.0,0.5878,5.0,0.584,161.0,0.5841,23.0
1753594913319,05:41:53.319,blofin,ACE/USDT:USDT,0.5879,71.0,0.5878,5.0,0.584,161.0,0.5841,23.0
1753594914599,05:41:54.599,blofin,ACE/USDT:USDT,0.5879,71.0,0.5878,5.0,0.584,161.0,0.5841,23.0
1753594915321,05:41:55.321,blofin,ACE/USDT:USDT,0.5879,71.0,0.5878,5.0,0.584,161.0,0.5841,23.0
1753594915741,05:41:55.741,blofin,ACE/USDT:USDT,0.5879,71.0,0.5878,5.0,0.584,161.0,0.5841,23.0
1753594916322,05:41:56.322,blofin,ACE/USDT:USDT,0.5879,71.0,0.5878,5.0,0.584,161.0,0.5841,23.0
1753594916741,05:41:56.741,blofin,ACE/USDT:USDT,0.5879,71.0,0.5878,5.0,0.584,161.0,0.5841,23.0
1753594917746,05:41:57.746,blofin,ACE/USDT:USDT,0.5879,71.0,0.5878,5.0,0.584,161.0,0.5841,23.0
1753594918324,05:41:58.324,blofin,ACE/USDT:USDT,0.5879,71.0,0.5878,5.0,0.584,161.0,0.5841,23.0
1753595017396,05:43:37.396,blofin,ACE/USDT:USDT,0.5879,71.0,0.5878,5.0,0.584,161.0,0.5841,23.0
1753595018398,05:43:38.398,blofin,ACE/USDT:USDT,0.5879,71.0,0.5878,5.0,0.584,161.0,0.5841,23.0
1753595018913,05:43:38.913,blofin,ACE/USDT:USDT,0.5879,71.0,0.5878,5.0,0.584,161.0,0.5841,23.0
1753595019402,05:43:39.402,blofin,ACE/USDT:USDT,0.5879,71.0,0.5878,5.0,0.584,161.0,0.5841,23.0
1753595019904,05:43:39.904,blofin,ACE/USDT:USDT,0.5879,71.0,0.5878,5.0,0.584,161.0,0.5841,23.0
1753595020402,05:43:40.402,blofin,ACE/USDT:USDT,0.5879,71.0,0.5878,5.0,0.584,161.0,0.5841,23.0
1753595021413,05:43:41.413,blofin,ACE/USDT:USDT,0.5879,71.0,0.5878,5.0,0.584,161.0,0.5841,23.0
1753595021910,05:43:41.910,blofin,ACE/USDT:USDT,0.5879,71.0,0.5878,5.0,0.584,161.0,0.5841,23.0
1753595022402,05:43:42.402,blofin,ACE/USDT:USDT,0.5879,71.0,0.5878,5.0,0.584,161.0,0.5841,23.0
1753595022910,05:43:42.910,blofin,ACE/USDT:USDT,0.5879,71.0,0.5878,5.0,0.584,161.0,0.5841,23.0
1753595023772,05:43:43.772,blofin,ACE/USDT:USDT,0.5879,71.0,0.5878,5.0,0.584,161.0,0.5841,23.0
1753595024403,05:43:44.403,blofin,ACE/USDT:USDT,0.5879,71.0,0.5878,5.0,0.584,161.0,0.5841,23.0
1753595024913,05:43:44.913,blofin,ACE/USDT:USDT,0.5879,71.0,0.5878,5.0,0.584,161.0,0.5841,23.0
1753595025914,05:43:45.914,blofin,ACE/USDT:USDT,0.5879,71.0,0.5878,5.0,0.584,161.0,0.5841,23.0
1753595026405,05:43:46.405,blofin,ACE/USDT:USDT,0.5879,71.0,0.5878,5.0,0.584,161.0,0.5841,23.0
1753595101527,05:45:01.527,blofin,ACE/USDT:USDT,0.5879,71.0,0.5878,5.0,0.584,161.0,0.5841,23.0
1753595102025,05:45:02.025,blofin,ACE/USDT:USDT,0.5879,71.0,0.5878,5.0,0.584,161.0,0.5841,23.0
1753595102529,05:45:02.529,blofin,ACE/USDT:USDT,0.5879,71.0,0.5878,5.0,0.584,161.0,0.5841,23.0
1753595103528,05:45:03.528,blofin,ACE/USDT:USDT,0.5879,71.0,0.5878,5.0,0.584,161.0,0.5841,23.0
1753595104030,05:45:04.030,blofin,ACE/USDT:USDT,0.5879,71.0,0.5878,5.0,0.584,161.0,0.5841,23.0
1753595105031,05:45:05.031,blofin,ACE/USDT:USDT,0.5879,71.0,0.5878,5.0,0.584,161.0,0.5841,23.0
1753595105532,05:45:05.532,blofin,ACE/USDT:USDT,0.5879,71.0,0.5878,5.0,0.584,161.0,0.5841,23.0
1753595106533,05:45:06.533,blofin,ACE/USDT:USDT,0.5879,71.0,0.5878,5.0,0.584,161.0,0.5841,23.0
1753595108369,05:45:08.369,blofin,ACE/USDT:USDT,0.5879,71.0,0.5878,5.0,0.584,161.0,0.5841,23.0
1753595109037,05:45:09.037,blofin,ACE/USDT:USDT,0.5879,71.0,0.5878,5.0,0.584,161.0,0.5841,23.0
1753595109537,05:45:09.537,blofin,ACE/USDT:USDT,0.5879,71.0,0.5878,5.0,0.584,161.0,0.5841,23.0
1753595110038,05:45:10.038,blofin,ACE/USDT:USDT,0.5879,71.0,0.5878,5.0,0.584,161.0,0.5841,23.0
1753595110542,05:45:10.542,blofin,ACE/USDT:USDT,0.5879,71.0,0.5878,5.0,0.584,161.0,0.5841,23.0
1753595111488,05:45:11.488,blofin,ACE/USDT:USDT,0.5879,71.0,0.5878,5.0,0.584,161.0,0.5841,23.0
1753595112040,05:45:12.040,blofin,ACE/USDT:USDT,0.5879,71.0,0.5878,5.0,0.584,161.0,0.5841,23.0
1753595112542,05:45:12.542,blofin,ACE/USDT:USDT,0.5879,71.0,0.5878,5.0,0.584,161.0,0.5841,23.0
1753595113042,05:45:13.042,blofin,ACE/USDT:USDT,0.5879,71.0,0.5878,5.0,0.584,161.0,0.5841,23.0
1753595114044,05:45:14.044,blofin,ACE/USDT:USDT,0.5879,71.0,0.5878,5.0,0.584,161.0,0.5841,23.0
1753595227708,05:47:07.708,blofin,ACE/USDT:USDT,0.5879,71.0,0.5878,5.0,0.584,161.0,0.5841,23.0
1753595228563,05:47:08.563,blofin,ACE/USDT:USDT,0.5879,71.0,0.5878,5.0,0.584,161.0,0.5841,23.0
1753595229210,05:47:09.210,blofin,ACE/USDT:USDT,0.5879,71.0,0.5878,5.0,0.584,161.0,0.5841,23.0
1753595229710,05:47:09.710,blofin,ACE/USDT:USDT,0.5879,71.0,0.5878,5.0,0.584,161.0,0.5841,23.0
1753595230568,05:47:10.568,blofin,ACE/USDT:USDT,0.5879,71.0,0.5878,5.0,0.584,161.0,0.5841,23.0
1753595230712,05:47:10.712,blofin,ACE/USDT:USDT,0.5879,71.0,0.5878,5.0,0.584,161.0,0.5841,23.0
1753595231715,05:47:11.715,blofin,ACE/USDT:USDT,0.5879,71.0,0.5878,5.0,0.584,161.0,0.5841,23.0
1753595232216,05:47:12.216,blofin,ACE/USDT:USDT,0.5879,71.0,0.5878,5.0,0.584,161.0,0.5841,23.0
1753595232716,05:47:12.716,blofin,ACE/USDT:USDT,0.5879,71.0,0.5878,5.0,0.584,161.0,0.5841,23.0
1753595233565,05:47:13.565,blofin,ACE/USDT:USDT,0.5879,71.0,0.5878,5.0,0.584,161.0,0.5841,23.0
1753595234217,05:47:14.217,blofin,ACE/USDT:USDT,0.5879,71.0,0.5878,5.0,0.584,161.0,0.5841,23.0
1753595234718,05:47:14.718,blofin,ACE/USDT:USDT,0.5879,71.0,0.5878,5.0,0.584,161.0,0.5841,23.0
1753595235720,05:47:15.720,blofin,ACE/USDT:USDT,0.5879,71.0,0.5878,5.0,0.584,161.0,0.5841,23.0
1753595236221,05:47:16.221,blofin,ACE/USDT:USDT,0.5879,71.0,0.5878,5.0,0.584,161.0,0.5841,23.0
1753595236720,05:47:16.720,blofin,ACE/USDT:USDT,0.5879,71.0,0.5878,5.0,0.584,161.0,0.5841,23.0
1753595237220,05:47:17.220,blofin,ACE/USDT:USDT,0.5879,71.0,0.5878,5.0,0.584,161.0,0.5841,23.0
1753595327858,05:48:47.858,blofin,ACE/USDT:USDT,0.5879,71.0,0.5878,5.0,0.584,161.0,0.5841,23.0
1753595328359,05:48:48.359,blofin,ACE/USDT:USDT,0.5879,71.0,0.5878,5.0,0.584,161.0,0.5841,23.0
1753595328858,05:48:48.858,blofin,ACE/USDT:USDT,0.5879,71.0,0.5878,5.0,0.584,161.0,0.5841,23.0
1753595329649,05:48:49.649,blofin,ACE/USDT:USDT,0.5879,71.0,0.5878,5.0,0.584,161.0,0.5841,23.0
1753595330650,05:48:50.650,blofin,ACE/USDT:USDT,0.5879,71.0,0.5878,5.0,0.584,161.0,0.5841,23.0
1753595331862,05:48:51.862,blofin,ACE/USDT:USDT,0.5879,71.0,0.5878,5.0,0.584,161.0,0.5841,23.0
1753595332362,05:48:52.362,blofin,ACE/USDT:USDT,0.5879,71.0,0.5878,5.0,0.584,161.0,0.5841,23.0
1753595332864,05:48:52.864,blofin,ACE/USDT:USDT,0.5879,71.0,0.5878,5.0,0.584,161.0,0.5841,23.0
1753595333653,05:48:53.653,blofin,ACE/USDT:USDT,0.5879,71.0,0.5878,5.0,0.584,161.0,0.5841,23.0
1753595334367,05:48:54.367,blofin,ACE/USDT:USDT,0.5879,71.0,0.5878,5.0,0.584,161.0,0.5841,23.0
1753595334867,05:48:54.867,blofin,ACE/USDT:USDT,0.5879,71.0,0.5878,5.0,0.584,161.0,0.5841,23.0
1753595335372,05:48:55.372,blofin,ACE/USDT:USDT,0.5879,71.0,0.5878,5.0,0.584,161.0,0.5841,23.0
1753595335868,05:48:55.868,blofin,ACE/USDT:USDT,0.5879,71.0,0.5878,5.0,0.584,161.0,0.5841,23.0
1753595336657,05:48:56.657,blofin,ACE/USDT:USDT,0.5879,71.0,0.5878,5.0,0.584,161.0,0.5841,23.0
1753595336873,05:48:56.873,blofin,ACE/USDT:USDT,0.5879,71.0,0.5878,5.0,0.584,161.0,0.5841,23.0
1753595337873,05:48:57.873,blofin,ACE/USDT:USDT,0.5879,71.0,0.5878,5.0,0.584,161.0,0.5841,23.0
1753595338374,05:48:58.374,blofin,ACE/USDT:USDT,0.5879,71.0,0.5878,5.0,0.584,161.0,0.5841,23.0
1753595338874,05:48:58.874,blofin,ACE/USDT:USDT,0.5879,71.0,0.5878,5.0,0.584,161.0,0.5841,23.0
1753595339374,05:48:59.374,blofin,ACE/USDT:USDT,0.5879,71.0,0.5878,5.0,0.584,161.0,0.5841,23.0
1753595455044,05:50:55.044,blofin,ACE/USDT:USDT,0.5879,71.0,0.5878,5.0,0.584,161.0,0.5841,23.0
1753595455694,05:50:55.694,blofin,ACE/USDT:USDT,0.5879,71.0,0.5878,5.0,0.584,161.0,0.5841,23.0
1753595456230,05:50:56.230,blofin,ACE/USDT:USDT,0.5879,71.0,0.5878,5.0,0.584,161.0,0.5841,23.0
1753595456744,05:50:56.744,blofin,ACE/USDT:USDT,0.5879,71.0,0.5878,5.0,0.584,161.0,0.5841,23.0
1753595457049,05:50:57.049,blofin,ACE/USDT:USDT,0.5879,71.0,0.5878,5.0,0.584,161.0,0.5841,23.0
1753595457744,05:50:57.744,blofin,ACE/USDT:USDT,0.5879,71.0,0.5878,5.0,0.584,161.0,0.5841,23.0
1753595458509,05:50:58.509,blofin,ACE/USDT:USDT,0.5879,71.0,0.5878,5.0,0.584,161.0,0.5841,23.0
1753595459054,05:50:59.054,blofin,ACE/USDT:USDT,0.5879,71.0,0.5878,5.0,0.584,161.0,0.5841,23.0
1753595459746,05:50:59.746,blofin,ACE/USDT:USDT,0.5879,71.0,0.5878,5.0,0.584,161.0,0.5841,23.0
1753595460053,05:51:00.053,blofin,ACE/USDT:USDT,0.5879,71.0,0.5878,5.0,0.584,161.0,0.5841,23.0
1753595460860,05:51:00.860,blofin,ACE/USDT:USDT,0.5879,71.0,0.5878,5.0,0.584,161.0,0.5841,23.0
1753595461556,05:51:01.556,blofin,ACE/USDT:USDT,0.5879,71.0,0.5878,5.0,0.584,161.0,0.5841,23.0
1753595462055,05:51:02.055,blofin,ACE/USDT:USDT,0.5879,71.0,0.5878,5.0,0.584,161.0,0.5841,23.0
1753595462748,05:51:02.748,blofin,ACE/USDT:USDT,0.5879,71.0,0.5878,5.0,0.584,161.0,0.5841,23.0
1753595463058,05:51:03.058,blofin,ACE/USDT:USDT,0.5879,71.0,0.5878,5.0,0.584,161.0,0.5841,23.0
1753595463750,05:51:03.750,blofin,ACE/USDT:USDT,0.5879,71.0,0.5878,5.0,0.584,161.0,0.5841,23.0
1753595549187,05:52:29.187,blofin,ACE/USDT:USDT,0.5879,71.0,0.5878,5.0,0.584,161.0,0.5841,23.0
1753595549688,05:52:29.688,blofin,ACE/USDT:USDT,0.5879,71.0,0.5878,5.0,0.584,161.0,0.5841,23.0
1753595550190,05:52:30.190,blofin,ACE/USDT:USDT,0.5879,71.0,0.5878,5.0,0.584,161.0,0.5841,23.0
1753595550870,05:52:30.870,blofin,ACE/USDT:USDT,0.5879,71.0,0.5878,5.0,0.584,161.0,0.5841,23.0
1753595551243,05:52:31.243,blofin,ACE/USDT:USDT,0.5879,71.0,0.5878,5.0,0.584,161.0,0.5841,23.0
1753595551819,05:52:31.819,blofin,ACE/USDT:USDT,0.5879,71.0,0.5878,5.0,0.584,161.0,0.5841,23.0
1753595552692,05:52:32.692,blofin,ACE/USDT:USDT,0.5879,71.0,0.5878,5.0,0.584,161.0,0.5841,23.0
1753595553191,05:52:33.191,blofin,ACE/USDT:USDT,0.5879,71.0,0.5878,5.0,0.584,161.0,0.5841,23.0
1753595553820,05:52:33.820,blofin,ACE/USDT:USDT,0.5879,71.0,0.5878,5.0,0.584,161.0,0.5841,23.0
1753595554193,05:52:34.193,blofin,ACE/USDT:USDT,0.5879,71.0,0.5878,5.0,0.584,161.0,0.5841,23.0
1753595554821,05:52:34.821,blofin,ACE/USDT:USDT,0.5879,71.0,0.5878,5.0,0.584,161.0,0.5841,23.0
1753595555193,05:52:35.193,blofin,ACE/USDT:USDT,0.5879,71.0,0.5878,5.0,0.584,161.0,0.5841,23.0
1753595555822,05:52:35.822,blofin,ACE/USDT:USDT,0.5879,71.0,0.5878,5.0,0.584,161.0,0.5841,23.0
1753595556694,05:52:36.694,blofin,ACE/USDT:USDT,0.5879,71.0,0.5878,5.0,0.584,161.0,0.5841,23.0
1753595557195,05:52:37.195,blofin,ACE/USDT:USDT,0.5879,71.0,0.5878,5.0,0.584,161.0,0.5841,23.0
1753595557823,05:52:37.823,blofin,ACE/USDT:USDT,0.5879,71.0,0.5878,5.0,0.584,161.0,0.5841,23.0
1753595558196,05:52:38.196,blofin,ACE/USDT:USDT,0.5879,71.0,0.5878,5.0,0.584,161.0,0.5841,23.0
1753595558824,05:52:38.824,blofin,ACE/USDT:USDT,0.5879,71.0,0.5878,5.0,0.584,161.0,0.5841,23.0
1753595559196,05:52:39.196,blofin,ACE/USDT:USDT,0.5879,71.0,0.5878,5.0,0.584,161.0,0.5841,23.0
1753595653338,05:54:13.338,blofin,ACE/USDT:USDT,0.5879,71.0,0.5878,5.0,0.584,161.0,0.5841,23.0
1753595653905,05:54:13.905,blofin,ACE/USDT:USDT,0.5879,71.0,0.5878,5.0,0.584,161.0,0.5841,23.0
1753595654338,05:54:14.338,blofin,ACE/USDT:USDT,0.5879,71.0,0.5878,5.0,0.584,161.0,0.5841,23.0
1753595655345,05:54:15.345,blofin,ACE/USDT:USDT,0.5879,71.0,0.5878,5.0,0.584,161.0,0.5841,23.0
1753595655904,05:54:15.904,blofin,ACE/USDT:USDT,0.5879,71.0,0.5878,5.0,0.584,161.0,0.5841,23.0
1753595656341,05:54:16.341,blofin,ACE/USDT:USDT,0.5879,71.0,0.5878,5.0,0.584,161.0,0.5841,23.0
1753595656907,05:54:16.907,blofin,ACE/USDT:USDT,0.5879,71.0,0.5878,5.0,0.584,161.0,0.5841,23.0
1753595657344,05:54:17.344,blofin,ACE/USDT:USDT,0.5879,71.0,0.5878,5.0,0.584,161.0,0.5841,23.0
1753595658346,05:54:18.346,blofin,ACE/USDT:USDT,0.5879,71.0,0.5878,5.0,0.584,161.0,0.5841,23.0
1753595658908,05:54:18.908,blofin,ACE/USDT:USDT,0.5879,71.0,0.5878,5.0,0.584,161.0,0.5841,23.0
1753595659348,05:54:19.348,blofin,ACE/USDT:USDT,0.5879,71.0,0.5878,5.0,0.584,161.0,0.5841,23.0
1753595659908,05:54:19.908,blofin,ACE/USDT:USDT,0.5879,71.0,0.5878,5.0,0.584,161.0,0.5841,23.0
1753595660348,05:54:20.348,blofin,ACE/USDT:USDT,0.5879,71.0,0.5878,5.0,0.584,161.0,0.5841,23.0
1753595660910,05:54:20.910,blofin,ACE/USDT:USDT,0.5879,71.0,0.5878,5.0,0.584,161.0,0.5841,23.0
1753595661351,05:54:21.351,blofin,ACE/USDT:USDT,0.5879,71.0,0.5878,5.0,0.584,161.0,0.5841,23.0
