timestamp,time,symbol,bid1_price,bid1_volume,bid2_price,bid2_volume,ask1_price,ask1_volume,ask2_price,ask2_volume
1753546947786,16:22:27.786,A/USDT:USDT,0.5746,1195.0,0.57455,1531.0,0.57462,10.0,0.57464,115.0
1753546949790,16:22:29.790,A/USDT:USDT,0.57463,144.0,0.57461,502.0,0.57468,59.0,0.57469,233.0
1753546953294,16:22:33.294,A/USDT:USDT,0.57454,196.0,0.57453,187.0,0.57458,29.0,0.5746,196.0
1753546954296,16:22:34.296,A/USDT:USDT,0.57455,53.0,0.57454,2222.0,0.57462,9.0,0.57463,127.0
1753546956300,16:22:36.300,A/USDT:USDT,0.57454,380.0,0.57453,133.0,0.57462,12.0,0.57467,415.0
1753546957299,16:22:37.299,A/USDT:USDT,0.57454,1301.0,0.57453,133.0,0.57462,3.0,0.57468,13.0
1753546958301,16:22:38.301,A/USDT:USDT,0.57454,1357.0,0.57453,133.0,0.57468,288.0,0.57471,201.0
1753546959455,16:22:39.455,A/USDT:USDT,0.57455,1170.0,0.57454,189.0,0.57468,288.0,0.57473,540.0
1753546960736,16:22:40.736,A/USDT:USDT,0.5746,271.0,0.57457,282.0,0.57462,214.0,0.57464,835.0
1753546961807,16:22:41.807,A/USDT:USDT,0.5746,5.0,0.57458,10.0,0.57463,140.0,0.57467,67.0
1753546962811,16:22:42.811,A/USDT:USDT,0.5746,5.0,0.57458,35.0,0.57463,140.0,0.57467,1348.0
1753546965092,16:22:45.092,A/USDT:USDT,0.5746,39.0,0.57456,772.0,0.57463,142.0,0.57466,566.0
1753546966092,16:22:46.092,A/USDT:USDT,0.5746,46.0,0.57459,1276.0,0.57463,1.0,0.57464,24.0
1753546967316,16:22:47.316,A/USDT:USDT,0.5746,46.0,0.57458,838.0,0.57463,24.0,0.57464,4.0
1753546968317,16:22:48.317,A/USDT:USDT,0.5746,54.0,0.57457,578.0,0.57463,24.0,0.57464,4.0
1753546969318,16:22:49.318,A/USDT:USDT,0.5746,63.0,0.57457,1094.0,0.57463,24.0,0.57464,4.0
1753546970319,16:22:50.319,A/USDT:USDT,0.5746,66.0,0.57459,1235.0,0.57463,29.0,0.57466,16.0
1753546971367,16:22:51.367,A/USDT:USDT,0.5746,66.0,0.57455,1576.0,0.57463,29.0,0.57467,22.0
1753546972822,16:22:52.822,A/USDT:USDT,0.57464,187.0,0.5746,5.0,0.57468,4.0,0.57469,39.0
1753546973824,16:22:53.824,A/USDT:USDT,0.57463,251.0,0.57459,1167.0,0.57468,4.0,0.57469,39.0
1753546974826,16:22:54.826,A/USDT:USDT,0.57464,140.0,0.57461,663.0,0.57468,4.0,0.57469,39.0
1753546975827,16:22:55.827,A/USDT:USDT,0.57464,199.0,0.5746,874.0,0.57468,4.0,0.57472,17.0
1753546976831,16:22:56.831,A/USDT:USDT,0.57464,142.0,0.57461,1976.0,0.57468,4.0,0.57472,16.0
1753546977830,16:22:57.830,A/USDT:USDT,0.57464,140.0,0.57463,1450.0,0.57468,4.0,0.57473,15.0
1753546978833,16:22:58.833,A/USDT:USDT,0.57464,143.0,0.57458,695.0,0.57468,4.0,0.57472,13.0
1753546979833,16:22:59.833,A/USDT:USDT,0.57464,140.0,0.57459,709.0,0.57468,4.0,0.57472,13.0
1753546980835,16:23:00.835,A/USDT:USDT,0.57464,162.0,0.57462,288.0,0.57472,1.0,0.57473,17.0
1753546982157,16:23:02.157,A/USDT:USDT,0.57453,101.0,0.57452,211.0,0.57454,443.0,0.57455,488.0
1753546983340,16:23:03.340,A/USDT:USDT,0.57449,87.0,0.57448,183.0,0.57451,150.0,0.57456,446.0
1753546984341,16:23:04.341,A/USDT:USDT,0.57449,90.0,0.57448,183.0,0.57451,364.0,0.57452,856.0
1753546985343,16:23:05.343,A/USDT:USDT,0.57449,12.0,0.57448,183.0,0.57451,154.0,0.57454,20.0
1753546986845,16:23:06.845,A/USDT:USDT,0.57449,23.0,0.57448,183.0,0.57451,152.0,0.57454,20.0
1753546987846,16:23:07.846,A/USDT:USDT,0.57449,72.0,0.57448,183.0,0.57451,151.0,0.57453,228.0
1753546988847,16:23:08.847,A/USDT:USDT,0.57449,25.0,0.57448,183.0,0.57451,151.0,0.57454,20.0
1753546990111,16:23:10.111,A/USDT:USDT,0.57449,22.0,0.57448,183.0,0.57451,153.0,0.57454,491.0
1753546991111,16:23:11.111,A/USDT:USDT,0.57449,72.0,0.57448,183.0,0.57451,153.0,0.57455,499.0
1753546992113,16:23:12.113,A/USDT:USDT,0.57449,72.0,0.57448,183.0,0.57451,3.0,0.57452,149.0
1753546993113,16:23:13.113,A/USDT:USDT,0.57449,25.0,0.57448,363.0,0.57451,152.0,0.57455,697.0
1753546994113,16:23:14.113,A/USDT:USDT,0.57449,25.0,0.57448,183.0,0.57451,3.0,0.57452,149.0
1753546995113,16:23:15.113,A/USDT:USDT,0.57449,23.0,0.57448,183.0,0.57452,151.0,0.57454,276.0
1753546996113,16:23:16.113,A/USDT:USDT,0.57449,91.0,0.57448,183.0,0.57452,151.0,0.57457,609.0
1753546997122,16:23:17.122,A/USDT:USDT,0.57449,91.0,0.57448,183.0,0.57451,149.0,0.57452,2.0
1753546998360,16:23:18.360,A/USDT:USDT,0.57449,147.0,0.57448,183.0,0.57451,153.0,0.57452,292.0
1753546999362,16:23:19.362,A/USDT:USDT,0.57449,147.0,0.57448,183.0,0.57451,152.0,0.57453,359.0
1753547000364,16:23:20.364,A/USDT:USDT,0.57449,98.0,0.57448,183.0,0.57451,152.0,0.57453,381.0
1753547001367,16:23:21.367,A/USDT:USDT,0.57449,98.0,0.57448,183.0,0.57451,152.0,0.57453,167.0
1753547002369,16:23:22.369,A/USDT:USDT,0.57449,100.0,0.57448,183.0,0.57451,152.0,0.57454,44.0
1753547003371,16:23:23.371,A/USDT:USDT,0.57449,102.0,0.57448,183.0,0.57451,152.0,0.57453,1277.0
1753547004372,16:23:24.372,A/USDT:USDT,0.57449,150.0,0.57448,183.0,0.57451,154.0,0.57453,492.0
1753547005373,16:23:25.373,A/USDT:USDT,0.57449,98.0,0.57448,183.0,0.57451,151.0,0.57454,837.0
1753547006375,16:23:26.375,A/USDT:USDT,0.57449,42.0,0.57448,183.0,0.57451,365.0,0.57453,600.0
1753547007127,16:23:27.127,A/USDT:USDT,0.57449,46.0,0.57448,183.0,0.57451,151.0,0.57454,38.0
1753547008126,16:23:28.126,A/USDT:USDT,0.57449,46.0,0.57448,183.0,0.57451,420.0,0.57452,1337.0
1753547009130,16:23:29.130,A/USDT:USDT,0.57449,44.0,0.57448,183.0,0.57451,112.0,0.57452,1327.0
1753547010140,16:23:30.140,A/USDT:USDT,0.57443,127.0,0.5744,434.0,0.57445,344.0,0.57448,83.0
1753547011129,16:23:31.129,A/USDT:USDT,0.57443,43.0,0.57437,123.0,0.57445,389.0,0.57446,4.0
1753547012134,16:23:32.134,A/USDT:USDT,0.57443,44.0,0.57441,153.0,0.57445,389.0,0.57446,4.0
1753547013386,16:23:33.386,A/USDT:USDT,0.57443,40.0,0.5744,85.0,0.57445,389.0,0.57446,4.0
1753547014385,16:23:34.385,A/USDT:USDT,0.57443,40.0,0.5744,150.0,0.57445,110.0,0.57447,1332.0
1753547015388,16:23:35.388,A/USDT:USDT,0.57443,43.0,0.57442,13.0,0.57445,113.0,0.57447,1810.0
1753547016391,16:23:36.391,A/USDT:USDT,0.57443,43.0,0.57442,151.0,0.57445,2.0,0.57446,111.0
1753547017392,16:23:37.392,A/USDT:USDT,0.57443,43.0,0.57441,186.0,0.57445,114.0,0.57446,582.0
1753547018393,16:23:38.393,A/USDT:USDT,0.57443,40.0,0.57438,27.0,0.57445,114.0,0.57449,498.0
1753547019393,16:23:39.393,A/USDT:USDT,0.57443,42.0,0.57442,122.0,0.57445,7.0,0.57446,107.0
1753547020395,16:23:40.395,A/USDT:USDT,0.57443,41.0,0.57439,229.0,0.57445,111.0,0.57449,63.0
1753547021394,16:23:41.394,A/USDT:USDT,0.57443,70.0,0.57441,235.0,0.57445,182.0,0.57446,844.0
1753547022396,16:23:42.396,A/USDT:USDT,0.57443,70.0,0.57439,363.0,0.57445,185.0,0.57448,997.0
1753547023399,16:23:43.399,A/USDT:USDT,0.57443,70.0,0.57437,177.0,0.57445,185.0,0.5745,685.0
1753547024404,16:23:44.404,A/USDT:USDT,0.57443,70.0,0.57437,80.0,0.57445,185.0,0.5745,351.0
1753547025400,16:23:45.400,A/USDT:USDT,0.57443,92.0,0.57439,55.0,0.57445,182.0,0.57448,633.0
1753547026142,16:23:46.142,A/USDT:USDT,0.57443,148.0,0.57441,275.0,0.57445,185.0,0.57446,513.0
1753547027143,16:23:47.143,A/USDT:USDT,0.57443,148.0,0.57442,264.0,0.57445,185.0,0.57449,1905.0
1753547028148,16:23:48.148,A/USDT:USDT,0.57443,148.0,0.57438,224.0,0.57445,183.0,0.57449,468.0
1753547029145,16:23:49.145,A/USDT:USDT,0.57443,147.0,0.57437,70.0,0.57445,184.0,0.5745,481.0
1753547030146,16:23:50.146,A/USDT:USDT,0.57443,148.0,0.57437,70.0,0.57445,183.0,0.5745,481.0
1753547031146,16:23:51.146,A/USDT:USDT,0.57443,92.0,0.57442,48.0,0.57445,183.0,0.57446,1207.0
1753547032147,16:23:52.147,A/USDT:USDT,0.57443,92.0,0.5744,7.0,0.57445,184.0,0.57448,1373.0
1753547033147,16:23:53.147,A/USDT:USDT,0.57443,92.0,0.57441,113.0,0.57445,182.0,0.57446,634.0
1753547034148,16:23:54.148,A/USDT:USDT,0.57443,91.0,0.57437,367.0,0.57445,192.0,0.5745,1313.0
1753547035150,16:23:55.150,A/USDT:USDT,0.57443,92.0,0.57437,362.0,0.57445,194.0,0.5745,1313.0
1753547036152,16:23:56.152,A/USDT:USDT,0.57443,151.0,0.57441,140.0,0.57445,4.0,0.57446,188.0
1753547037151,16:23:57.151,A/USDT:USDT,0.57443,130.0,0.57439,20.0,0.57445,211.0,0.57446,1.0
1753547037921,16:23:57.921,A/USDT:USDT,0.57443,130.0,0.57439,20.0,0.57445,216.0,0.57448,1584.0
1753547038922,16:23:58.922,A/USDT:USDT,0.57443,130.0,0.57441,71.0,0.57445,214.0,0.57447,1987.0
1753547039925,16:23:59.925,A/USDT:USDT,0.57443,127.0,0.57442,162.0,0.57445,215.0,0.5745,335.0
1753547040927,16:24:00.927,A/USDT:USDT,0.57443,126.0,0.57438,297.0,0.57445,217.0,0.57449,959.0
1753547042156,16:24:02.156,A/USDT:USDT,0.57443,72.0,0.57441,74.0,0.57445,217.0,0.57446,1631.0
1753547044157,16:24:04.157,A/USDT:USDT,0.57443,120.0,0.57439,130.0,0.57445,213.0,0.57446,4.0
1753547045158,16:24:05.158,A/USDT:USDT,0.57443,117.0,0.57439,130.0,0.57445,216.0,0.57449,216.0
1753547046158,16:24:06.158,A/USDT:USDT,0.57443,70.0,0.57441,28.0,0.57445,218.0,0.57446,580.0
1753547048158,16:24:08.158,A/USDT:USDT,0.57443,80.0,0.57438,464.0,0.57445,209.0,0.57449,435.0
1753547049159,16:24:09.159,A/USDT:USDT,0.57443,80.0,0.57441,151.0,0.57445,206.0,0.57446,1554.0
1753547050162,16:24:10.162,A/USDT:USDT,0.57443,78.0,0.57441,151.0,0.57445,207.0,0.57446,1554.0
1753547051163,16:24:11.163,A/USDT:USDT,0.57443,126.0,0.57439,21.0,0.57445,210.0,0.57449,213.0
1753547052162,16:24:12.162,A/USDT:USDT,0.57443,128.0,0.57438,37.0,0.57445,210.0,0.5745,409.0
1753547053163,16:24:13.163,A/USDT:USDT,0.57443,125.0,0.57441,822.0,0.57445,210.0,0.57446,749.0
1753547054163,16:24:14.163,A/USDT:USDT,0.57443,77.0,0.57439,446.0,0.57445,210.0,0.57448,953.0
1753547055163,16:24:15.163,A/USDT:USDT,0.57443,81.0,0.57439,446.0,0.57445,207.0,0.57448,953.0
1753547056167,16:24:16.167,A/USDT:USDT,0.57443,78.0,0.57438,304.0,0.57445,421.0,0.57449,544.0
1753547057164,16:24:17.164,A/USDT:USDT,0.57443,78.0,0.57441,453.0,0.57445,207.0,0.57446,1669.0
1753547058168,16:24:18.168,A/USDT:USDT,0.57443,129.0,0.57442,2457.0,0.57445,6.0,0.57446,201.0
1753547059165,16:24:19.165,A/USDT:USDT,0.57447,313.0,0.57443,1.0,0.57449,21.0,0.57453,190.0
1753547061167,16:24:21.167,A/USDT:USDT,0.57449,195.0,0.57447,1947.0,0.57453,190.0,0.57456,66.0
1753547062168,16:24:22.168,A/USDT:USDT,0.57449,195.0,0.57447,5089.0,0.57453,190.0,0.57456,63.0
1753547063166,16:24:23.166,A/USDT:USDT,0.57449,197.0,0.57446,772.0,0.57453,190.0,0.57456,63.0
1753547064169,16:24:24.169,A/USDT:USDT,0.57449,193.0,0.57446,1127.0,0.57453,190.0,0.57456,63.0
1753547065171,16:24:25.171,A/USDT:USDT,0.57449,197.0,0.57446,1127.0,0.57453,190.0,0.57456,67.0
1753547067170,16:24:27.170,A/USDT:USDT,0.57447,156.0,0.57444,1372.0,0.57453,190.0,0.57456,66.0
1753547068175,16:24:28.175,A/USDT:USDT,0.57447,156.0,0.57443,1.0,0.57453,190.0,0.57456,66.0
1753547069172,16:24:29.172,A/USDT:USDT,0.57448,48.0,0.57447,4.0,0.57453,190.0,0.57456,66.0
1753547070188,16:24:30.188,A/USDT:USDT,0.57448,53.0,0.57442,7090.0,0.57456,14.0,0.5746,210.0
1753547071175,16:24:31.175,A/USDT:USDT,0.57448,54.0,0.57444,5750.0,0.57456,13.0,0.57459,290.0
1753547072177,16:24:32.177,A/USDT:USDT,0.57448,258.0,0.57445,10431.0,0.57456,13.0,0.57459,294.0
1753547073135,16:24:33.135,A/USDT:USDT,0.5745,252.0,0.57448,6.0,0.57456,14.0,0.57458,220.0
1753547074177,16:24:34.177,A/USDT:USDT,0.57454,48.0,0.57452,4243.0,0.57456,12.0,0.57458,36.0
1753547075178,16:24:35.178,A/USDT:USDT,0.57454,51.0,0.57452,4243.0,0.57456,13.0,0.57458,36.0
1753547076179,16:24:36.179,A/USDT:USDT,0.5746,139.0,0.57459,1791.0,0.57464,534.0,0.57467,605.0
1753547077180,16:24:37.180,A/USDT:USDT,0.5746,158.0,0.57456,458.0,0.57464,534.0,0.57467,605.0
1753547078182,16:24:38.182,A/USDT:USDT,0.5746,158.0,0.57456,63.0,0.57464,534.0,0.57467,605.0
1753547079185,16:24:39.185,A/USDT:USDT,0.5746,351.0,0.57457,645.0,0.57464,534.0,0.57467,605.0
1753547081375,16:24:41.375,A/USDT:USDT,0.57475,351.0,0.57473,1209.0,0.57479,193.0,0.5748,19.0
1753547082336,16:24:42.336,A/USDT:USDT,0.57474,31.0,0.57468,1719.0,0.57479,272.0,0.5748,19.0
1753547083183,16:24:43.183,A/USDT:USDT,0.57475,49.0,0.57473,426.0,0.57479,134.0,0.5748,56.0
1753547084185,16:24:44.185,A/USDT:USDT,0.57475,241.0,0.5747,77.0,0.57479,132.0,0.5748,61.0
1753547085186,16:24:45.186,A/USDT:USDT,0.57478,12.0,0.57474,177.0,0.57479,132.0,0.5748,57.0
1753547088189,16:24:48.189,A/USDT:USDT,0.57478,48.0,0.57475,481.0,0.57479,132.0,0.5748,271.0
1753547089188,16:24:49.188,A/USDT:USDT,0.57478,46.0,0.57476,813.0,0.57479,132.0,0.5748,60.0
1753547090191,16:24:50.191,A/USDT:USDT,0.57478,46.0,0.57476,813.0,0.57479,132.0,0.5748,57.0
1753547091190,16:24:51.190,A/USDT:USDT,0.57478,306.0,0.57473,1355.0,0.57479,132.0,0.5748,45.0
1753547092189,16:24:52.189,A/USDT:USDT,0.57478,101.0,0.57474,293.0,0.57479,132.0,0.5748,46.0
1753547093190,16:24:53.190,A/USDT:USDT,0.57478,101.0,0.57476,289.0,0.57479,132.0,0.5748,5.0
1753547094190,16:24:54.190,A/USDT:USDT,0.57478,1.0,0.57477,285.0,0.57479,132.0,0.5748,43.0
1753547095191,16:24:55.191,A/USDT:USDT,0.57477,290.0,0.57475,301.0,0.57479,132.0,0.5748,46.0
1753547096510,16:24:56.510,A/USDT:USDT,0.57478,150.0,0.57473,484.0,0.57479,132.0,0.5748,46.0
1753547097507,16:24:57.507,A/USDT:USDT,0.57478,104.0,0.57472,392.0,0.57479,132.0,0.5748,47.0
1753547098508,16:24:58.508,A/USDT:USDT,0.57478,103.0,0.57477,25.0,0.57479,132.0,0.5748,47.0
1753547100511,16:25:00.511,A/USDT:USDT,0.57471,67.0,0.5747,441.0,0.57475,214.0,0.57478,439.0
1753547101513,16:25:01.513,A/USDT:USDT,0.5747,507.0,0.57468,230.0,0.57479,336.0,0.5748,8.0
1753547103017,16:25:03.017,A/USDT:USDT,0.5747,473.0,0.57468,230.0,0.57479,166.0,0.5748,3.0
1753547104201,16:25:04.201,A/USDT:USDT,0.57472,53.0,0.5747,1125.0,0.5748,8.0,0.57481,124.0
1753547105277,16:25:05.277,A/USDT:USDT,0.57471,1.0,0.5747,479.0,0.57476,353.0,0.57477,517.0
1753547106520,16:25:06.520,A/USDT:USDT,0.57463,270.0,0.5746,236.0,0.57465,280.0,0.57467,179.0
1753547108526,16:25:08.526,A/USDT:USDT,0.57463,231.0,0.5746,199.0,0.57465,266.0,0.57468,1031.0
1753547109528,16:25:09.528,A/USDT:USDT,0.57463,231.0,0.57461,319.0,0.57465,267.0,0.57466,211.0
1753547111026,16:25:11.026,A/USDT:USDT,0.57463,216.0,0.57461,978.0,0.57465,13.0,0.57467,51.0
1753547112027,16:25:12.027,A/USDT:USDT,0.57463,218.0,0.5746,136.0,0.57465,229.0,0.57468,615.0
1753547113210,16:25:13.210,A/USDT:USDT,0.57463,218.0,0.57461,429.0,0.57465,4.0,0.57466,224.0
1753547114209,16:25:14.209,A/USDT:USDT,0.57463,218.0,0.5746,136.0,0.57465,224.0,0.57466,1.0
1753547115210,16:25:15.210,A/USDT:USDT,0.57461,14.0,0.5746,136.0,0.57463,217.0,0.57464,1085.0
1753547116209,16:25:16.209,A/USDT:USDT,0.5746,136.0,0.57459,13.0,0.57461,494.0,0.57463,245.0
1753547117210,16:25:17.210,A/USDT:USDT,0.5746,136.0,0.57459,14.0,0.57461,139.0,0.57463,1.0
1753547118211,16:25:18.211,A/USDT:USDT,0.5746,136.0,0.57459,25.0,0.57461,143.0,0.57463,911.0
1753547119215,16:25:19.215,A/USDT:USDT,0.5746,136.0,0.57459,77.0,0.57461,143.0,0.57465,480.0
1753547120212,16:25:20.212,A/USDT:USDT,0.5746,136.0,0.57459,74.0,0.57461,143.0,0.57465,480.0
1753547121214,16:25:21.214,A/USDT:USDT,0.5746,136.0,0.57459,26.0,0.57461,130.0,0.57463,82.0
1753547122213,16:25:22.213,A/USDT:USDT,0.5746,136.0,0.57459,27.0,0.57461,130.0,0.57465,118.0
1753547123214,16:25:23.214,A/USDT:USDT,0.5746,136.0,0.57459,27.0,0.57461,127.0,0.57463,101.0
1753547124216,16:25:24.216,A/USDT:USDT,0.5746,136.0,0.57459,26.0,0.57461,127.0,0.57466,60.0
1753547125220,16:25:25.220,A/USDT:USDT,0.5745,47.0,0.57449,22.0,0.57451,142.0,0.57454,700.0
1753547126218,16:25:26.218,A/USDT:USDT,0.5745,47.0,0.57449,24.0,0.57452,144.0,0.57456,628.0
1753547127218,16:25:27.218,A/USDT:USDT,0.5745,100.0,0.57447,144.0,0.57452,5.0,0.57459,4.0
1753547128218,16:25:28.218,A/USDT:USDT,0.57452,197.0,0.5745,219.0,0.57459,4.0,0.57462,10.0
1753547129221,16:25:29.221,A/USDT:USDT,0.57456,131.0,0.57452,1515.0,0.57459,4.0,0.57462,10.0
1753547130233,16:25:30.233,A/USDT:USDT,0.57456,3.0,0.5745,47.0,0.57459,38.0,0.57462,481.0
1753547131221,16:25:31.221,A/USDT:USDT,0.57449,26.0,0.57447,637.0,0.57459,6.0,0.5746,31.0
1753547132225,16:25:32.225,A/USDT:USDT,0.57449,26.0,0.57447,691.0,0.57459,24.0,0.5746,412.0
1753547133386,16:25:33.386,A/USDT:USDT,0.5745,19.0,0.57449,9.0,0.57459,24.0,0.5746,4.0
1753547134224,16:25:34.224,A/USDT:USDT,0.5745,142.0,0.57449,5.0,0.57459,25.0,0.57464,72.0
1753547135559,16:25:35.559,A/USDT:USDT,0.5745,140.0,0.57449,5.0,0.57459,27.0,0.57461,860.0
1753547136565,16:25:36.565,A/USDT:USDT,0.5745,144.0,0.57449,5.0,0.57459,27.0,0.57461,488.0
1753547137562,16:25:37.562,A/USDT:USDT,0.5745,141.0,0.57449,5.0,0.57459,27.0,0.57463,122.0
1753547138564,16:25:38.564,A/USDT:USDT,0.57449,149.0,0.57444,123.0,0.57457,19.0,0.57459,10.0
1753547140566,16:25:40.566,A/USDT:USDT,0.57449,5.0,0.57448,39.0,0.5745,310.0,0.57453,632.0
1753547141566,16:25:41.566,A/USDT:USDT,0.57449,5.0,0.57448,39.0,0.5745,310.0,0.57453,300.0
1753547142586,16:25:42.586,A/USDT:USDT,0.57449,5.0,0.57448,38.0,0.5745,320.0,0.57453,396.0
1753547143571,16:25:43.571,A/USDT:USDT,0.57449,5.0,0.57448,38.0,0.5745,1.0,0.57451,319.0
1753547144571,16:25:44.571,A/USDT:USDT,0.57449,5.0,0.57448,37.0,0.5745,320.0,0.57454,147.0
1753547145577,16:25:45.577,A/USDT:USDT,0.57449,5.0,0.57448,40.0,0.5745,4.0,0.57451,424.0
1753547146574,16:25:46.574,A/USDT:USDT,0.57449,5.0,0.57448,40.0,0.5745,428.0,0.57451,1033.0
1753547149234,16:25:49.234,A/USDT:USDT,0.57438,232.0,0.57437,134.0,0.57443,1.0,0.57444,113.0
1753547150236,16:25:50.236,A/USDT:USDT,0.57438,232.0,0.57437,135.0,0.57444,118.0,0.57449,1397.0
1753547151238,16:25:51.238,A/USDT:USDT,0.57438,232.0,0.57437,132.0,0.57443,115.0,0.57445,650.0
1753547153238,16:25:53.238,A/USDT:USDT,0.57438,232.0,0.57437,132.0,0.57443,118.0,0.57444,1135.0
1753547154386,16:25:54.386,A/USDT:USDT,0.57439,131.0,0.57438,232.0,0.57442,193.0,0.57443,5.0
1753547155588,16:25:55.588,A/USDT:USDT,0.57439,66.0,0.57438,232.0,0.57442,117.0,0.57447,267.0
1753547156591,16:25:56.591,A/USDT:USDT,0.57439,65.0,0.57438,232.0,0.57442,4.0,0.57443,190.0
1753547157593,16:25:57.593,A/USDT:USDT,0.57439,65.0,0.57438,232.0,0.57442,195.0,0.57445,758.0
1753547158593,16:25:58.593,A/USDT:USDT,0.57439,64.0,0.57438,232.0,0.57442,193.0,0.57446,939.0
1753547159594,16:25:59.594,A/USDT:USDT,0.57439,66.0,0.57438,232.0,0.57442,193.0,0.57447,622.0
1753547160595,16:26:00.595,A/USDT:USDT,0.57439,68.0,0.57436,194.0,0.57442,195.0,0.57444,1907.0
1753547161597,16:26:01.597,A/USDT:USDT,0.57439,2.0,0.57437,64.0,0.57442,195.0,0.57446,449.0
1753547162598,16:26:02.598,A/USDT:USDT,0.57439,2.0,0.57437,133.0,0.57442,329.0,0.57447,1069.0
1753547164057,16:26:04.057,A/USDT:USDT,0.57432,106.0,0.57431,147.0,0.57435,214.0,0.57439,1132.0
1753547165103,16:26:05.103,A/USDT:USDT,0.57419,190.0,0.57418,10.0,0.57421,498.0,0.57426,1271.0
1753547166249,16:26:06.249,A/USDT:USDT,0.57419,176.0,0.57418,10.0,0.57421,497.0,0.57425,1509.0
1753547167248,16:26:07.248,A/USDT:USDT,0.57419,176.0,0.57418,10.0,0.57421,499.0,0.57422,1510.0
1753547168250,16:26:08.250,A/USDT:USDT,0.57419,179.0,0.57418,10.0,0.57421,281.0,0.57423,744.0
1753547169251,16:26:09.251,A/USDT:USDT,0.57419,176.0,0.57418,10.0,0.57421,281.0,0.57426,527.0
1753547170352,16:26:10.352,A/USDT:USDT,0.57419,177.0,0.57418,10.0,0.57429,348.0,0.57431,5.0
1753547171251,16:26:11.251,A/USDT:USDT,0.57419,175.0,0.57418,250.0,0.57429,3.0,0.5743,56.0
1753547172252,16:26:12.252,A/USDT:USDT,0.57419,177.0,0.57418,10.0,0.57429,59.0,0.57432,489.0
1753547175616,16:26:15.616,A/USDT:USDT,0.57419,155.0,0.57418,10.0,0.57429,10.0,0.5743,560.0
1753547177618,16:26:17.618,A/USDT:USDT,0.57419,155.0,0.57418,10.0,0.57429,11.0,0.57432,69.0
1753547178622,16:26:18.622,A/USDT:USDT,0.57419,155.0,0.57418,10.0,0.57429,12.0,0.57431,480.0
1753547179622,16:26:19.622,A/USDT:USDT,0.57419,155.0,0.57418,10.0,0.57429,23.0,0.5743,221.0
1753547180624,16:26:20.624,A/USDT:USDT,0.57419,155.0,0.57418,10.0,0.57429,22.0,0.57434,344.0
