timestamp,time,symbol,bid1_price,bid1_volume,bid2_price,bid2_volume,ask1_price,ask1_volume,ask2_price,ask2_volume
1753546945945,16:22:25.945,ACH/USDT:USDT,0.022967,4310.0,0.022966,15956.0,0.022968,1999.0,0.02297,1395.0
1753546946046,16:22:26.046,ACH/USDT:USDT,0.022972,3782.0,0.022971,1901.0,0.022973,458.0,0.022974,1397.0
1753546946148,16:22:26.148,ACH/USDT:USDT,0.022972,4310.0,0.022971,1901.0,0.022973,458.0,0.022974,1397.0
1753546946253,16:22:26.253,ACH/USDT:USDT,0.022972,4310.0,0.022971,1901.0,0.022973,458.0,0.022974,677.0
1753546946355,16:22:26.355,ACH/USDT:USDT,0.022972,4310.0,0.022971,1901.0,0.022973,458.0,0.022974,677.0
1753546946505,16:22:26.505,ACH/USDT:USDT,0.022972,4310.0,0.022971,1901.0,0.022973,458.0,0.022974,677.0
1753546946611,16:22:26.611,ACH/USDT:USDT,0.022972,4310.0,0.022971,1901.0,0.022973,458.0,0.022974,677.0
1753546946732,16:22:26.732,ACH/USDT:USDT,0.022972,4310.0,0.022971,1901.0,0.022973,458.0,0.022974,677.0
1753546946838,16:22:26.838,ACH/USDT:USDT,0.022972,4310.0,0.022971,1901.0,0.022973,458.0,0.022974,677.0
1753546946958,16:22:26.958,ACH/USDT:USDT,0.022972,4310.0,0.022971,1901.0,0.022974,677.0,0.022975,6225.0
1753546947060,16:22:27.060,ACH/USDT:USDT,0.022972,4310.0,0.022971,1901.0,0.022974,240.0,0.022975,658.0
1753546947345,16:22:27.345,ACH/USDT:USDT,0.022972,4310.0,0.022971,305.0,0.022974,240.0,0.022975,658.0
1753546947455,16:22:27.455,ACH/USDT:USDT,0.022972,4310.0,0.022971,3511.0,0.022974,240.0,0.022975,658.0
1753546948040,16:22:28.040,ACH/USDT:USDT,0.022973,7310.0,0.022972,6977.0,0.022974,240.0,0.022975,658.0
1753546948318,16:22:28.318,ACH/USDT:USDT,0.022973,14949.0,0.022972,6977.0,0.022974,240.0,0.022975,658.0
1753546948423,16:22:28.423,ACH/USDT:USDT,0.022973,16545.0,0.022972,10183.0,0.022976,49727.0,0.022978,1618.0
1753546948527,16:22:28.527,ACH/USDT:USDT,0.022973,17416.0,0.022972,10183.0,0.022976,49727.0,0.022978,1618.0
1753546948808,16:22:28.808,ACH/USDT:USDT,0.022973,15820.0,0.022972,6977.0,0.022976,49727.0,0.022978,1618.0
1753546949622,16:22:29.622,ACH/USDT:USDT,0.022973,14949.0,0.022972,6977.0,0.022976,49564.0,0.022978,1618.0
1753546949725,16:22:29.725,ACH/USDT:USDT,0.022973,14949.0,0.022972,6977.0,0.022976,49564.0,0.022978,1618.0
1753546950455,16:22:30.455,ACH/USDT:USDT,0.022973,14949.0,0.022972,10301.0,0.022976,49438.0,0.022978,1618.0
1753546950562,16:22:30.562,ACH/USDT:USDT,0.022973,14949.0,0.022972,6977.0,0.022976,49438.0,0.022978,1618.0
1753546950702,16:22:30.702,ACH/USDT:USDT,0.022973,14949.0,0.022972,6977.0,0.022976,49438.0,0.022978,1618.0
1753546950808,16:22:30.808,ACH/USDT:USDT,0.022973,14949.0,0.022972,6977.0,0.022976,49438.0,0.022978,1618.0
1753546952180,16:22:32.180,ACH/USDT:USDT,0.022973,14949.0,0.022971,741.0,0.022975,8901.0,0.022976,49420.0
1753546952406,16:22:32.406,ACH/USDT:USDT,0.022973,14949.0,0.022971,741.0,0.022975,8901.0,0.022976,49420.0
1753546953225,16:22:33.225,ACH/USDT:USDT,0.022973,14949.0,0.022972,4171.0,0.022975,8901.0,0.022976,49420.0
1753546953918,16:22:33.918,ACH/USDT:USDT,0.022974,18872.0,0.022972,11173.0,0.022976,48983.0,0.022978,1618.0
1753546954024,16:22:34.024,ACH/USDT:USDT,0.022974,18872.0,0.022972,11173.0,0.022976,48983.0,0.022978,1618.0
1753546954234,16:22:34.234,ACH/USDT:USDT,0.02298,11650.0,0.022979,6624.0,0.022981,656.0,0.022982,897.0
1753546954681,16:22:34.681,ACH/USDT:USDT,0.02298,5181.0,0.022978,4917.0,0.022981,2177.0,0.022982,461.0
1753546954823,16:22:34.823,ACH/USDT:USDT,0.02298,5181.0,0.022978,4917.0,0.022981,2177.0,0.022982,2699.0
1753546954955,16:22:34.955,ACH/USDT:USDT,0.02298,5181.0,0.022978,4917.0,0.022981,2177.0,0.022982,2699.0
1753546955102,16:22:35.102,ACH/USDT:USDT,0.02298,4310.0,0.022978,4917.0,0.022981,1307.0,0.022982,2699.0
1753546955205,16:22:35.205,ACH/USDT:USDT,0.02298,4310.0,0.022978,6890.0,0.022982,2478.0,0.022983,2440.0
1753546955317,16:22:35.317,ACH/USDT:USDT,0.02298,4310.0,0.022978,6890.0,0.022982,2478.0,0.022983,2440.0
1753546955420,16:22:35.420,ACH/USDT:USDT,0.02298,4310.0,0.022978,6890.0,0.022982,2478.0,0.022983,2440.0
1753546955552,16:22:35.552,ACH/USDT:USDT,0.02298,4310.0,0.022978,6890.0,0.022982,2478.0,0.022983,2440.0
1753546955756,16:22:35.756,ACH/USDT:USDT,0.022988,3263.0,0.022986,5956.0,0.022989,4594.0,0.02299,11854.0
1753546955864,16:22:35.864,ACH/USDT:USDT,0.022988,6492.0,0.022986,4221.0,0.022989,4594.0,0.02299,11854.0
1753546955967,16:22:35.967,ACH/USDT:USDT,0.022988,6492.0,0.022986,4221.0,0.022989,4594.0,0.02299,11854.0
1753546956068,16:22:36.068,ACH/USDT:USDT,0.022988,3492.0,0.022987,871.0,0.022989,4594.0,0.02299,11854.0
1753546956201,16:22:36.201,ACH/USDT:USDT,0.022988,3492.0,0.022987,871.0,0.022989,4594.0,0.02299,11854.0
1753546956509,16:22:36.509,ACH/USDT:USDT,0.022988,3492.0,0.022987,871.0,0.022989,4594.0,0.02299,1964.0
1753546956995,16:22:36.995,ACH/USDT:USDT,0.022988,3492.0,0.022987,871.0,0.02299,1964.0,0.022992,1394.0
1753546957099,16:22:37.099,ACH/USDT:USDT,0.022988,3492.0,0.022987,871.0,0.02299,1743.0,0.022992,1394.0
1753546957201,16:22:37.201,ACH/USDT:USDT,0.022988,3492.0,0.022987,871.0,0.02299,1743.0,0.022992,1394.0
1753546957307,16:22:37.307,ACH/USDT:USDT,0.022988,3492.0,0.022987,871.0,0.02299,1687.0,0.022992,1394.0
1753546957410,16:22:37.410,ACH/USDT:USDT,0.022988,3492.0,0.022987,871.0,0.02299,1687.0,0.022992,1394.0
1753546957515,16:22:37.515,ACH/USDT:USDT,0.022988,3492.0,0.022987,871.0,0.02299,1687.0,0.022992,1394.0
1753546957622,16:22:37.622,ACH/USDT:USDT,0.022988,3492.0,0.022987,871.0,0.02299,1687.0,0.022992,1394.0
1753546957725,16:22:37.725,ACH/USDT:USDT,0.022988,3492.0,0.022987,871.0,0.02299,1687.0,0.022992,1394.0
1753546957838,16:22:37.838,ACH/USDT:USDT,0.022988,3492.0,0.022987,871.0,0.02299,1687.0,0.022992,1394.0
1753546957943,16:22:37.943,ACH/USDT:USDT,0.022988,3492.0,0.022987,871.0,0.02299,1687.0,0.022992,1394.0
1753546958048,16:22:38.048,ACH/USDT:USDT,0.022988,3492.0,0.022987,871.0,0.02299,1687.0,0.022992,1394.0
1753546958152,16:22:38.152,ACH/USDT:USDT,0.022988,3492.0,0.022987,871.0,0.02299,1687.0,0.022992,1394.0
1753546958255,16:22:38.255,ACH/USDT:USDT,0.022988,3492.0,0.022987,871.0,0.02299,1687.0,0.022992,1394.0
1753546958602,16:22:38.602,ACH/USDT:USDT,0.022988,3492.0,0.022987,871.0,0.02299,1687.0,0.022992,1394.0
1753546958708,16:22:38.708,ACH/USDT:USDT,0.022988,3492.0,0.022987,871.0,0.02299,1687.0,0.022992,1394.0
1753546958811,16:22:38.811,ACH/USDT:USDT,0.022988,3492.0,0.022987,871.0,0.02299,1687.0,0.022992,1394.0
1753546959202,16:22:39.202,ACH/USDT:USDT,0.022988,3492.0,0.022987,871.0,0.02299,1687.0,0.022992,1394.0
1753546959308,16:22:39.308,ACH/USDT:USDT,0.022988,4461.0,0.022987,871.0,0.02299,1505.0,0.022992,1394.0
1753546959411,16:22:39.411,ACH/USDT:USDT,0.022988,4461.0,0.022987,871.0,0.02299,1505.0,0.022992,1394.0
1753546959679,16:22:39.679,ACH/USDT:USDT,0.022988,4461.0,0.022987,871.0,0.02299,1505.0,0.022992,1394.0
1753546959786,16:22:39.786,ACH/USDT:USDT,0.022988,4461.0,0.022987,871.0,0.02299,1505.0,0.022992,1394.0
1753546959902,16:22:39.902,ACH/USDT:USDT,0.022988,4461.0,0.022987,4171.0,0.02299,1505.0,0.022992,1394.0
1753546960005,16:22:40.005,ACH/USDT:USDT,0.02299,1505.0,0.022989,4999.0,0.022992,676.0,0.022993,742.0
1753546960106,16:22:40.106,ACH/USDT:USDT,0.02299,1735.0,0.022989,1734.0,0.022991,6376.0,0.022992,240.0
1753546960208,16:22:40.208,ACH/USDT:USDT,0.022988,1503.0,0.022987,871.0,0.022991,1999.0,0.022992,14427.0
1753546960309,16:22:40.309,ACH/USDT:USDT,0.022989,3263.0,0.022988,534.0,0.022991,1773.0,0.022992,14427.0
1753546960415,16:22:40.415,ACH/USDT:USDT,0.022989,3263.0,0.022988,534.0,0.022991,12906.0,0.022992,14427.0
1753546960518,16:22:40.518,ACH/USDT:USDT,0.022984,958.0,0.022983,436.0,0.022987,8089.0,0.022988,1999.0
1753546960622,16:22:40.622,ACH/USDT:USDT,0.022984,240.0,0.022983,436.0,0.022986,1999.0,0.022987,11253.0
1753546960725,16:22:40.725,ACH/USDT:USDT,0.022984,240.0,0.022983,436.0,0.022986,1999.0,0.022987,11253.0
1753546960828,16:22:40.828,ACH/USDT:USDT,0.022984,240.0,0.022983,436.0,0.022986,8917.0,0.022987,5015.0
1753546960929,16:22:40.929,ACH/USDT:USDT,0.022984,240.0,0.022983,436.0,0.02299,8220.0,0.022991,22271.0
1753546961032,16:22:41.032,ACH/USDT:USDT,0.022984,14373.0,0.022983,5471.0,0.022991,1966.0,0.022992,958.0
1753546961136,16:22:41.136,ACH/USDT:USDT,0.022984,14373.0,0.022983,5471.0,0.022991,1966.0,0.022992,958.0
1753546961296,16:22:41.296,ACH/USDT:USDT,0.022984,14373.0,0.022983,5471.0,0.022991,7316.0,0.022992,240.0
1753546961416,16:22:41.416,ACH/USDT:USDT,0.022984,14373.0,0.022983,5471.0,0.022991,7316.0,0.022992,240.0
1753546961518,16:22:41.518,ACH/USDT:USDT,0.022984,14373.0,0.022983,5471.0,0.022991,7316.0,0.022992,240.0
1753546961628,16:22:41.628,ACH/USDT:USDT,0.022984,14373.0,0.022983,5471.0,0.022991,7316.0,0.022992,240.0
1753546961757,16:22:41.757,ACH/USDT:USDT,0.022984,14373.0,0.022983,5471.0,0.022991,7316.0,0.022992,240.0
1753546961859,16:22:41.859,ACH/USDT:USDT,0.022984,14373.0,0.022983,8715.0,0.022991,7316.0,0.022992,240.0
1753546962078,16:22:42.078,ACH/USDT:USDT,0.022984,14373.0,0.022983,8715.0,0.022991,7316.0,0.022992,240.0
1753546962184,16:22:42.184,ACH/USDT:USDT,0.022984,14373.0,0.022983,8715.0,0.022991,7316.0,0.022992,240.0
1753546962300,16:22:42.300,ACH/USDT:USDT,0.022984,14373.0,0.022983,8715.0,0.022991,7169.0,0.022992,240.0
1753546962445,16:22:42.445,ACH/USDT:USDT,0.022984,14373.0,0.022983,8715.0,0.022991,7169.0,0.022992,240.0
1753546962548,16:22:42.548,ACH/USDT:USDT,0.022984,14373.0,0.022983,8715.0,0.022991,7169.0,0.022992,240.0
1753546962685,16:22:42.685,ACH/USDT:USDT,0.022984,14373.0,0.022983,8715.0,0.022991,7169.0,0.022992,240.0
1753546962802,16:22:42.802,ACH/USDT:USDT,0.022984,14373.0,0.022983,8715.0,0.022991,7169.0,0.022992,240.0
1753546963002,16:22:43.002,ACH/USDT:USDT,0.022984,14373.0,0.022983,8715.0,0.022991,7169.0,0.022992,240.0
1753546963127,16:22:43.127,ACH/USDT:USDT,0.022984,240.0,0.022983,5415.0,0.022989,52697.0,0.02299,13290.0
1753546963229,16:22:43.229,ACH/USDT:USDT,0.022984,240.0,0.022983,5415.0,0.022987,3871.0,0.022988,8838.0
1753546963337,16:22:43.337,ACH/USDT:USDT,0.022984,240.0,0.022983,5415.0,0.022987,3871.0,0.022988,8838.0
1753546963558,16:22:43.558,ACH/USDT:USDT,0.022984,240.0,0.022982,2616.0,0.022986,9002.0,0.022987,3871.0
1753546963672,16:22:43.672,ACH/USDT:USDT,0.022984,240.0,0.022982,2616.0,0.022986,9002.0,0.022987,3871.0
1753546963802,16:22:43.802,ACH/USDT:USDT,0.022984,240.0,0.022982,1154.0,0.022986,9002.0,0.022987,871.0
1753546963904,16:22:43.904,ACH/USDT:USDT,0.022984,240.0,0.022982,1154.0,0.022986,9002.0,0.022987,871.0
1753546964007,16:22:44.007,ACH/USDT:USDT,0.022984,240.0,0.022982,1154.0,0.022986,9002.0,0.022987,871.0
1753546964185,16:22:44.185,ACH/USDT:USDT,0.022984,240.0,0.022982,1154.0,0.022986,8960.0,0.022987,871.0
1753546964287,16:22:44.287,ACH/USDT:USDT,0.022984,240.0,0.022982,1154.0,0.022986,8960.0,0.022987,871.0
1753546964396,16:22:44.396,ACH/USDT:USDT,0.022984,240.0,0.022982,1154.0,0.022985,8583.0,0.022987,6246.0
1753546964498,16:22:44.498,ACH/USDT:USDT,0.022984,240.0,0.022982,1154.0,0.022985,8583.0,0.022987,6246.0
1753546964802,16:22:44.802,ACH/USDT:USDT,0.022984,240.0,0.022982,1154.0,0.022985,8583.0,0.022987,6246.0
1753546964906,16:22:44.906,ACH/USDT:USDT,0.022984,240.0,0.022982,1154.0,0.022985,8583.0,0.022987,6246.0
1753546965402,16:22:45.402,ACH/USDT:USDT,0.022984,240.0,0.022982,1154.0,0.022985,8476.0,0.022987,5375.0
1753546965506,16:22:45.506,ACH/USDT:USDT,0.022984,240.0,0.022982,1154.0,0.022985,8476.0,0.022987,5375.0
1753546965610,16:22:45.610,ACH/USDT:USDT,0.022984,240.0,0.022982,1154.0,0.022985,8476.0,0.022987,5375.0
1753546965834,16:22:45.834,ACH/USDT:USDT,0.022984,240.0,0.022982,1154.0,0.022985,8476.0,0.022987,5375.0
1753546966002,16:22:46.002,ACH/USDT:USDT,0.022984,240.0,0.022982,1154.0,0.022985,8476.0,0.022987,5375.0
1753546966129,16:22:46.129,ACH/USDT:USDT,0.022984,240.0,0.022982,1154.0,0.022985,8476.0,0.022987,5375.0
1753546966248,16:22:46.248,ACH/USDT:USDT,0.022984,240.0,0.022982,1154.0,0.022985,8476.0,0.022987,5375.0
1753546966350,16:22:46.350,ACH/USDT:USDT,0.022984,240.0,0.022982,1154.0,0.022985,8476.0,0.022987,5375.0
1753546966559,16:22:46.559,ACH/USDT:USDT,0.022984,240.0,0.022982,1154.0,0.022985,8476.0,0.022987,5375.0
1753546966661,16:22:46.661,ACH/USDT:USDT,0.022984,240.0,0.022982,1154.0,0.022985,8476.0,0.022987,5375.0
1753546967208,16:22:47.208,ACH/USDT:USDT,0.022984,240.0,0.022982,1154.0,0.022985,8476.0,0.022987,5375.0
1753546967368,16:22:47.368,ACH/USDT:USDT,0.022984,240.0,0.022982,1154.0,0.022985,9314.0,0.022987,5375.0
1753546967509,16:22:47.509,ACH/USDT:USDT,0.022984,469.0,0.022982,1154.0,0.022985,9314.0,0.022987,5375.0
1753546967635,16:22:47.635,ACH/USDT:USDT,0.022984,469.0,0.022982,1154.0,0.022985,9314.0,0.022987,5375.0
1753546967736,16:22:47.736,ACH/USDT:USDT,0.022984,469.0,0.022982,1154.0,0.022985,9314.0,0.022987,16598.0
1753546967931,16:22:47.931,ACH/USDT:USDT,0.022984,469.0,0.022982,1154.0,0.022985,9314.0,0.022987,16598.0
1753546968035,16:22:48.035,ACH/USDT:USDT,0.022984,469.0,0.022982,1154.0,0.022985,9314.0,0.022987,16598.0
1753546968139,16:22:48.139,ACH/USDT:USDT,0.022982,718.0,0.022981,962.0,0.022984,871.0,0.022985,21937.0
1753546968243,16:22:48.243,ACH/USDT:USDT,0.022982,718.0,0.022981,962.0,0.022985,21685.0,0.022986,436.0
1753546968346,16:22:48.346,ACH/USDT:USDT,0.022981,221.0,0.02298,1394.0,0.022985,21685.0,0.022987,16248.0
1753546968451,16:22:48.451,ACH/USDT:USDT,0.022981,221.0,0.02298,1394.0,0.022985,21685.0,0.022987,16248.0
1753546968570,16:22:48.570,ACH/USDT:USDT,0.022981,221.0,0.02298,1394.0,0.022985,21685.0,0.022987,16248.0
1753546968673,16:22:48.673,ACH/USDT:USDT,0.022981,221.0,0.02298,1394.0,0.022983,9276.0,0.022985,21264.0
1753546968793,16:22:48.793,ACH/USDT:USDT,0.022981,221.0,0.02298,1394.0,0.022983,9276.0,0.022985,21264.0
1753546969049,16:22:49.049,ACH/USDT:USDT,0.022981,221.0,0.02298,1394.0,0.022983,9276.0,0.022985,21264.0
1753546969195,16:22:49.195,ACH/USDT:USDT,0.022981,221.0,0.02298,1394.0,0.022983,9276.0,0.022985,21264.0
1753546969327,16:22:49.327,ACH/USDT:USDT,0.022981,221.0,0.02298,1394.0,0.022983,9276.0,0.022985,21264.0
1753546969430,16:22:49.430,ACH/USDT:USDT,0.022981,221.0,0.02298,1394.0,0.022983,9276.0,0.022985,21264.0
1753546969551,16:22:49.551,ACH/USDT:USDT,0.022981,221.0,0.02298,1394.0,0.022983,9276.0,0.022985,13677.0
1753546969689,16:22:49.689,ACH/USDT:USDT,0.022981,221.0,0.02298,1394.0,0.022983,9276.0,0.022985,13677.0
1753546969792,16:22:49.792,ACH/USDT:USDT,0.022981,221.0,0.02298,1394.0,0.022983,9276.0,0.022985,13677.0
1753546969902,16:22:49.902,ACH/USDT:USDT,0.022981,221.0,0.02298,1394.0,0.022983,9276.0,0.022985,13677.0
1753546970060,16:22:50.060,ACH/USDT:USDT,0.022981,221.0,0.02298,1394.0,0.022983,9276.0,0.022985,13677.0
1753546970192,16:22:50.192,ACH/USDT:USDT,0.02298,958.0,0.022979,436.0,0.022981,1545.0,0.022982,10987.0
1753546970294,16:22:50.294,ACH/USDT:USDT,0.02298,958.0,0.022979,436.0,0.022981,1545.0,0.022982,10987.0
1753546970698,16:22:50.698,ACH/USDT:USDT,0.02298,958.0,0.022979,436.0,0.022981,3511.0,0.022982,7987.0
1753546970806,16:22:50.806,ACH/USDT:USDT,0.02298,958.0,0.022979,436.0,0.022981,3954.0,0.022982,7539.0
1753546970982,16:22:50.982,ACH/USDT:USDT,0.02298,958.0,0.022979,436.0,0.022981,3954.0,0.022982,7539.0
1753546971145,16:22:51.145,ACH/USDT:USDT,0.02298,958.0,0.022979,436.0,0.022981,3954.0,0.022982,7539.0
1753546971302,16:22:51.302,ACH/USDT:USDT,0.02298,958.0,0.022979,436.0,0.022981,3919.0,0.022982,7539.0
1753546971405,16:22:51.405,ACH/USDT:USDT,0.02298,958.0,0.022979,436.0,0.022981,3919.0,0.022983,9978.0
1753546971509,16:22:51.509,ACH/USDT:USDT,0.02298,958.0,0.022979,436.0,0.022981,3919.0,0.022983,9978.0
1753546971640,16:22:51.640,ACH/USDT:USDT,0.02298,958.0,0.022979,436.0,0.022981,3919.0,0.022983,9978.0
1753546971902,16:22:51.902,ACH/USDT:USDT,0.02298,958.0,0.022979,436.0,0.022981,3919.0,0.022983,1307.0
1753546972043,16:22:52.043,ACH/USDT:USDT,0.02298,958.0,0.022979,436.0,0.022981,3919.0,0.022983,1307.0
1753546972146,16:22:52.146,ACH/USDT:USDT,0.02298,958.0,0.022979,436.0,0.022981,3919.0,0.022983,1307.0
1753546972249,16:22:52.249,ACH/USDT:USDT,0.02298,958.0,0.022979,436.0,0.022981,3693.0,0.022983,436.0
1753546972358,16:22:52.358,ACH/USDT:USDT,0.02298,958.0,0.022979,2387.0,0.022981,3693.0,0.022983,436.0
1753546972466,16:22:52.466,ACH/USDT:USDT,0.022981,11003.0,0.02298,7427.0,0.022985,838.0,0.022986,1394.0
1753546972571,16:22:52.571,ACH/USDT:USDT,0.022981,11874.0,0.02298,7427.0,0.022985,838.0,0.022986,1394.0
1753546972742,16:22:52.742,ACH/USDT:USDT,0.022981,11874.0,0.02298,7427.0,0.022985,838.0,0.022986,676.0
1753546972886,16:22:52.886,ACH/USDT:USDT,0.022981,11874.0,0.02298,7427.0,0.022985,838.0,0.022986,676.0
1753546973006,16:22:53.006,ACH/USDT:USDT,0.022981,11874.0,0.02298,7427.0,0.022985,838.0,0.022986,676.0
1753546973197,16:22:53.197,ACH/USDT:USDT,0.022981,11874.0,0.02298,7427.0,0.022985,788.0,0.022986,676.0
1753546973300,16:22:53.300,ACH/USDT:USDT,0.022981,11874.0,0.02298,7427.0,0.022985,788.0,0.022986,676.0
1753546973454,16:22:53.454,ACH/USDT:USDT,0.022981,11874.0,0.02298,7427.0,0.022985,788.0,0.022986,676.0
1753546973604,16:22:53.604,ACH/USDT:USDT,0.022981,11874.0,0.02298,7427.0,0.022985,1986.0,0.022986,240.0
1753546974055,16:22:54.055,ACH/USDT:USDT,0.022981,11874.0,0.02298,7427.0,0.022985,1986.0,0.022986,240.0
1753546974203,16:22:54.203,ACH/USDT:USDT,0.022981,11874.0,0.02298,7427.0,0.022985,1842.0,0.022986,240.0
1753546974459,16:22:54.459,ACH/USDT:USDT,0.022981,11874.0,0.02298,7427.0,0.022985,1842.0,0.022986,240.0
1753546974575,16:22:54.575,ACH/USDT:USDT,0.022981,11874.0,0.02298,7427.0,0.022985,1842.0,0.022986,240.0
1753546974803,16:22:54.803,ACH/USDT:USDT,0.022981,11874.0,0.02298,7427.0,0.022985,1842.0,0.022986,240.0
1753546975037,16:22:55.037,ACH/USDT:USDT,0.022981,11874.0,0.02298,7427.0,0.022985,1842.0,0.022986,240.0
1753546975202,16:22:55.202,ACH/USDT:USDT,0.022981,11874.0,0.02298,7427.0,0.022985,1842.0,0.022986,240.0
1753546975306,16:22:55.306,ACH/USDT:USDT,0.022981,11874.0,0.02298,7427.0,0.022985,1825.0,0.022986,240.0
1753546975563,16:22:55.563,ACH/USDT:USDT,0.022981,11874.0,0.02298,7427.0,0.022985,1825.0,0.022986,240.0
1753546975668,16:22:55.668,ACH/USDT:USDT,0.022981,11874.0,0.02298,5692.0,0.022985,1825.0,0.022986,240.0
1753546975772,16:22:55.772,ACH/USDT:USDT,0.022981,13609.0,0.02298,9016.0,0.022985,1825.0,0.022986,240.0
1753546975946,16:22:55.946,ACH/USDT:USDT,0.022981,13609.0,0.02298,9016.0,0.022985,1825.0,0.022986,240.0
1753546976224,16:22:56.224,ACH/USDT:USDT,0.022981,11003.0,0.02298,3958.0,0.022985,1825.0,0.022986,240.0
1753546976327,16:22:56.327,ACH/USDT:USDT,0.022981,11003.0,0.02298,8129.0,0.022985,1825.0,0.022986,240.0
1753546976431,16:22:56.431,ACH/USDT:USDT,0.022981,11003.0,0.02298,11453.0,0.022985,1825.0,0.022986,240.0
1753546976571,16:22:56.571,ACH/USDT:USDT,0.022981,11003.0,0.02298,8129.0,0.022985,1405.0,0.022986,240.0
1753546976774,16:22:56.774,ACH/USDT:USDT,0.022981,11003.0,0.02298,8129.0,0.022985,1405.0,0.022986,240.0
1753546976902,16:22:56.902,ACH/USDT:USDT,0.022981,11003.0,0.02298,8129.0,0.022985,1405.0,0.022986,240.0
1753546977012,16:22:57.012,ACH/USDT:USDT,0.022981,11003.0,0.02298,8129.0,0.022985,1405.0,0.022986,240.0
1753546977229,16:22:57.229,ACH/USDT:USDT,0.022981,12738.0,0.02298,11453.0,0.022985,1397.0,0.022986,240.0
1753546977332,16:22:57.332,ACH/USDT:USDT,0.022981,12738.0,0.02298,11453.0,0.022985,1397.0,0.022986,240.0
1753546977442,16:22:57.442,ACH/USDT:USDT,0.022981,12967.0,0.02298,11453.0,0.022985,1397.0,0.022986,240.0
1753546977552,16:22:57.552,ACH/USDT:USDT,0.022981,12967.0,0.02298,11453.0,0.022985,1397.0,0.022986,240.0
1753546978005,16:22:58.005,ACH/USDT:USDT,0.022981,12967.0,0.02298,11453.0,0.022985,1397.0,0.022986,240.0
1753546978455,16:22:58.455,ACH/USDT:USDT,0.022981,11232.0,0.02298,8129.0,0.022985,1397.0,0.022986,240.0
1753546978558,16:22:58.558,ACH/USDT:USDT,0.022981,11232.0,0.02298,8129.0,0.022985,1397.0,0.022986,240.0
1753546978703,16:22:58.703,ACH/USDT:USDT,0.022981,11232.0,0.02298,8129.0,0.022985,1397.0,0.022986,240.0
1753546979002,16:22:59.002,ACH/USDT:USDT,0.022981,11232.0,0.02298,8129.0,0.022985,1397.0,0.022986,240.0
1753546979107,16:22:59.107,ACH/USDT:USDT,0.022981,11232.0,0.02298,8129.0,0.022985,1397.0,0.022986,240.0
1753546979327,16:22:59.327,ACH/USDT:USDT,0.022981,12967.0,0.02298,11453.0,0.022985,1297.0,0.022986,240.0
1753546979576,16:22:59.576,ACH/USDT:USDT,0.022983,19141.0,0.022982,25367.0,0.02299,240.0,0.022992,3016.0
1753546979678,16:22:59.678,ACH/USDT:USDT,0.022983,17406.0,0.022982,11064.0,0.02299,240.0,0.022992,3016.0
1753546979781,16:22:59.781,ACH/USDT:USDT,0.022986,4735.0,0.022985,6041.0,0.022993,4562.0,0.022994,2777.0
1753546979886,16:22:59.886,ACH/USDT:USDT,0.022986,3870.0,0.022985,2717.0,0.022993,4562.0,0.022994,6015.0
1753546980114,16:23:00.114,ACH/USDT:USDT,0.022986,3870.0,0.022985,4019.0,0.022993,4562.0,0.022994,6015.0
1753546980217,16:23:00.217,ACH/USDT:USDT,0.022986,3870.0,0.022985,4019.0,0.022993,4562.0,0.022994,6015.0
1753546980322,16:23:00.322,ACH/USDT:USDT,0.022985,4019.0,0.022984,20156.0,0.022992,14545.0,0.022993,11233.0
1753546980427,16:23:00.427,ACH/USDT:USDT,0.022985,4019.0,0.022984,20156.0,0.022989,8015.0,0.02299,3126.0
1753546980531,16:23:00.531,ACH/USDT:USDT,0.022984,9177.0,0.022983,1200.0,0.022989,8015.0,0.02299,5897.0
1753546980634,16:23:00.634,ACH/USDT:USDT,0.022984,9177.0,0.022983,1200.0,0.022989,8015.0,0.02299,5897.0
1753546980737,16:23:00.737,ACH/USDT:USDT,0.022984,9177.0,0.022983,1200.0,0.022989,8015.0,0.02299,5897.0
1753546980933,16:23:00.933,ACH/USDT:USDT,0.022984,9177.0,0.022983,1200.0,0.022989,8015.0,0.02299,5897.0
1753546981082,16:23:01.082,ACH/USDT:USDT,0.022984,9177.0,0.022983,1200.0,0.022989,896.0,0.02299,5897.0
1753546981184,16:23:01.184,ACH/USDT:USDT,0.022984,9177.0,0.022983,1420.0,0.022989,596.0,0.02299,2771.0
1753546981302,16:23:01.302,ACH/USDT:USDT,0.022984,9177.0,0.022983,7645.0,0.022989,576.0,0.022991,13170.0
1753546981428,16:23:01.428,ACH/USDT:USDT,0.022984,9177.0,0.022983,7645.0,0.022989,576.0,0.022991,13170.0
1753546981579,16:23:01.579,ACH/USDT:USDT,0.022984,9177.0,0.022983,4522.0,0.022989,576.0,0.022991,13170.0
1753546981981,16:23:01.981,ACH/USDT:USDT,0.022983,1200.0,0.022982,1394.0,0.022989,5435.0,0.02299,5897.0
1753546982087,16:23:02.087,ACH/USDT:USDT,0.022979,656.0,0.022978,676.0,0.022988,1999.0,0.022989,5435.0
1753546982188,16:23:02.188,ACH/USDT:USDT,0.022976,275.0,0.022975,2881.0,0.022977,38210.0,0.022984,8934.0
1753546982290,16:23:02.290,ACH/USDT:USDT,0.022976,275.0,0.022975,2881.0,0.022977,38210.0,0.022981,1190.0
1753546982395,16:23:02.395,ACH/USDT:USDT,0.022973,436.0,0.022972,13861.0,0.022976,24744.0,0.022977,38210.0
1753546982499,16:23:02.499,ACH/USDT:USDT,0.022973,436.0,0.022972,13861.0,0.022976,24744.0,0.022979,8293.0
1753546982605,16:23:02.605,ACH/USDT:USDT,0.022972,19339.0,0.022971,741.0,0.022979,436.0,0.02298,436.0
1753546982706,16:23:02.706,ACH/USDT:USDT,0.022973,10979.0,0.022972,6375.0,0.022978,436.0,0.022979,436.0
1753546982809,16:23:02.809,ACH/USDT:USDT,0.022974,1692.0,0.022973,17670.0,0.022975,1918.0,0.022978,1927.0
1753546982917,16:23:02.917,ACH/USDT:USDT,0.022974,12671.0,0.022973,6691.0,0.022977,436.0,0.022978,436.0
1753546983020,16:23:03.020,ACH/USDT:USDT,0.022978,10979.0,0.022977,1999.0,0.022983,6838.0,0.022984,1155.0
1753546983122,16:23:03.122,ACH/USDT:USDT,0.022979,3000.0,0.022978,10979.0,0.022982,1927.0,0.022983,6402.0
1753546983225,16:23:03.225,ACH/USDT:USDT,0.022979,3000.0,0.022978,10979.0,0.022982,1927.0,0.022983,6402.0
1753546983362,16:23:03.362,ACH/USDT:USDT,0.022979,3000.0,0.022978,10979.0,0.022982,1723.0,0.022983,6402.0
1753546983481,16:23:03.481,ACH/USDT:USDT,0.022979,3000.0,0.022978,10979.0,0.022982,1516.0,0.022983,6402.0
1753546983587,16:23:03.587,ACH/USDT:USDT,0.022976,3718.0,0.022975,10458.0,0.022982,1516.0,0.022983,6402.0
1753546983688,16:23:03.688,ACH/USDT:USDT,0.022976,718.0,0.022975,1999.0,0.022982,1516.0,0.022983,6402.0
1753546983807,16:23:03.807,ACH/USDT:USDT,0.022976,718.0,0.022975,1999.0,0.022982,1516.0,0.022983,6402.0
1753546983938,16:23:03.938,ACH/USDT:USDT,0.022976,718.0,0.022975,1999.0,0.022982,1516.0,0.022983,6402.0
1753546984089,16:23:04.089,ACH/USDT:USDT,0.022976,718.0,0.022975,1999.0,0.022982,1516.0,0.022983,6402.0
1753546984328,16:23:04.328,ACH/USDT:USDT,0.022976,3016.0,0.022975,5122.0,0.022982,1477.0,0.022983,6402.0
1753546984512,16:23:04.512,ACH/USDT:USDT,0.022978,11077.0,0.022977,4999.0,0.022982,1477.0,0.022983,6402.0
1753546984617,16:23:04.617,ACH/USDT:USDT,0.022978,11077.0,0.022977,4999.0,0.022982,1477.0,0.022983,6402.0
1753546984761,16:23:04.761,ACH/USDT:USDT,0.022978,11077.0,0.022977,4999.0,0.022982,1477.0,0.022983,6402.0
1753546984907,16:23:04.907,ACH/USDT:USDT,0.022978,11077.0,0.022977,4999.0,0.022982,1477.0,0.022983,6402.0
1753546985037,16:23:05.037,ACH/USDT:USDT,0.022978,11077.0,0.022977,4999.0,0.022982,1477.0,0.022983,6402.0
1753546985329,16:23:05.329,ACH/USDT:USDT,0.022978,10576.0,0.022977,1999.0,0.022982,1362.0,0.022983,6402.0
1753546985446,16:23:05.446,ACH/USDT:USDT,0.022978,10576.0,0.022977,1999.0,0.022982,1362.0,0.022983,6402.0
1753546985547,16:23:05.547,ACH/USDT:USDT,0.022978,10576.0,0.022977,1999.0,0.022982,1362.0,0.022983,6402.0
1753546985698,16:23:05.698,ACH/USDT:USDT,0.022978,10576.0,0.022977,1999.0,0.022982,1362.0,0.022983,6402.0
1753546985802,16:23:05.802,ACH/USDT:USDT,0.022978,10576.0,0.022977,1999.0,0.022982,1362.0,0.022983,6402.0
1753546985906,16:23:05.906,ACH/USDT:USDT,0.022978,10576.0,0.022977,1999.0,0.022982,1362.0,0.022983,6402.0
1753546986080,16:23:06.080,ACH/USDT:USDT,0.022979,1999.0,0.022978,10576.0,0.022982,1362.0,0.022983,6402.0
1753546986213,16:23:06.213,ACH/USDT:USDT,0.022986,11077.0,0.022985,12330.0,0.022989,1907.0,0.022991,4791.0
1753546986314,16:23:06.314,ACH/USDT:USDT,0.022986,11077.0,0.022985,15453.0,0.022989,1907.0,0.022991,4791.0
1753546986416,16:23:06.416,ACH/USDT:USDT,0.022989,11077.0,0.022988,6123.0,0.022991,4355.0,0.022992,305.0
1753546986517,16:23:06.517,ACH/USDT:USDT,0.022989,11077.0,0.022988,6123.0,0.022991,4355.0,0.022992,305.0
1753546986770,16:23:06.770,ACH/USDT:USDT,0.022989,11077.0,0.022988,3000.0,0.022991,4355.0,0.022992,305.0
1753546986877,16:23:06.877,ACH/USDT:USDT,0.022989,11077.0,0.022988,3000.0,0.022991,4355.0,0.022992,305.0
1753546987002,16:23:07.002,ACH/USDT:USDT,0.022989,11077.0,0.022988,3000.0,0.022991,4355.0,0.022992,305.0
1753546987195,16:23:07.195,ACH/USDT:USDT,0.023005,992.0,0.023004,791.0,0.023007,8995.0,0.023008,718.0
1753546987298,16:23:07.298,ACH/USDT:USDT,0.023001,870.0,0.023,23479.0,0.023004,1999.0,0.023005,1481.0
1753546987399,16:23:07.399,ACH/USDT:USDT,0.023002,229.0,0.023001,870.0,0.023004,1999.0,0.023006,8755.0
1753546987504,16:23:07.504,ACH/USDT:USDT,0.023003,2193.0,0.023002,229.0,0.023007,8767.0,0.023009,1091.0
1753546987607,16:23:07.607,ACH/USDT:USDT,0.023004,11077.0,0.023003,2193.0,0.023007,6768.0,0.023009,1091.0
1753546987708,16:23:07.708,ACH/USDT:USDT,0.023006,2193.0,0.023004,14512.0,0.023009,8345.0,0.02301,3052.0
1753546987809,16:23:07.809,ACH/USDT:USDT,0.023004,11077.0,0.023003,722.0,0.023009,8345.0,0.02301,3052.0
1753546987917,16:23:07.917,ACH/USDT:USDT,0.023004,11077.0,0.023003,722.0,0.023009,8345.0,0.02301,3052.0
1753546988065,16:23:08.065,ACH/USDT:USDT,0.023004,11077.0,0.023003,722.0,0.023009,8345.0,0.02301,3052.0
1753546988168,16:23:08.168,ACH/USDT:USDT,0.023004,11077.0,0.023003,722.0,0.023008,3113.0,0.023009,8345.0
1753546988276,16:23:08.276,ACH/USDT:USDT,0.023004,11077.0,0.023003,722.0,0.023008,3113.0,0.023009,8345.0
1753546988394,16:23:08.394,ACH/USDT:USDT,0.023004,11077.0,0.023003,722.0,0.023009,8345.0,0.02301,3052.0
1753546988556,16:23:08.556,ACH/USDT:USDT,0.023004,11077.0,0.023003,722.0,0.023009,8345.0,0.02301,3052.0
1753546988671,16:23:08.671,ACH/USDT:USDT,0.023004,11077.0,0.023003,722.0,0.023009,8345.0,0.02301,3052.0
1753546988855,16:23:08.855,ACH/USDT:USDT,0.023004,11077.0,0.023003,722.0,0.023009,8345.0,0.02301,3052.0
1753546988956,16:23:08.956,ACH/USDT:USDT,0.023004,11077.0,0.023003,722.0,0.023009,8345.0,0.02301,3052.0
1753546989064,16:23:09.064,ACH/USDT:USDT,0.023004,11077.0,0.023003,722.0,0.023009,8345.0,0.02301,3052.0
1753546989185,16:23:09.185,ACH/USDT:USDT,0.023004,11077.0,0.023003,722.0,0.023009,8345.0,0.02301,3052.0
1753546989289,16:23:09.289,ACH/USDT:USDT,0.023004,11077.0,0.023003,722.0,0.023009,8295.0,0.02301,3052.0
1753546989392,16:23:09.392,ACH/USDT:USDT,0.023004,11077.0,0.023003,722.0,0.023009,8295.0,0.02301,3052.0
1753546989506,16:23:09.506,ACH/USDT:USDT,0.023004,11077.0,0.023003,722.0,0.023009,8295.0,0.02301,3052.0
1753546989618,16:23:09.618,ACH/USDT:USDT,0.023004,11077.0,0.023003,722.0,0.023009,8295.0,0.02301,3052.0
1753546989764,16:23:09.764,ACH/USDT:USDT,0.023004,11077.0,0.023003,722.0,0.023009,8295.0,0.02301,3052.0
1753546989867,16:23:09.867,ACH/USDT:USDT,0.023004,11077.0,0.023003,722.0,0.023009,8295.0,0.02301,3052.0
1753546989970,16:23:09.970,ACH/USDT:USDT,0.023004,11077.0,0.023003,722.0,0.023009,8295.0,0.02301,3052.0
1753546990102,16:23:10.102,ACH/USDT:USDT,0.023004,11077.0,0.023003,722.0,0.023009,8295.0,0.02301,3052.0
1753546990250,16:23:10.250,ACH/USDT:USDT,0.023004,11077.0,0.023003,722.0,0.023009,8295.0,0.02301,3052.0
1753546990402,16:23:10.402,ACH/USDT:USDT,0.023004,11077.0,0.023003,722.0,0.023009,8295.0,0.02301,3052.0
1753546990506,16:23:10.506,ACH/USDT:USDT,0.023004,11077.0,0.023003,722.0,0.023009,8295.0,0.02301,3052.0
1753546990635,16:23:10.635,ACH/USDT:USDT,0.023004,11077.0,0.023003,722.0,0.023009,8295.0,0.02301,3052.0
1753546990902,16:23:10.902,ACH/USDT:USDT,0.023004,11077.0,0.023003,722.0,0.023009,8295.0,0.02301,3052.0
1753546991006,16:23:11.006,ACH/USDT:USDT,0.023006,11077.0,0.023005,3000.0,0.023009,8295.0,0.02301,3052.0
1753546991109,16:23:11.109,ACH/USDT:USDT,0.023012,2193.0,0.023011,5193.0,0.023014,1375.0,0.023015,1154.0
1753546991210,16:23:11.210,ACH/USDT:USDT,0.023014,2193.0,0.023012,435.0,0.023015,718.0,0.023016,2048.0
1753546991312,16:23:11.312,ACH/USDT:USDT,0.023015,2193.0,0.023013,435.0,0.023016,894.0,0.023017,221.0
1753546991413,16:23:11.413,ACH/USDT:USDT,0.023015,2193.0,0.023013,435.0,0.023016,894.0,0.023017,221.0
1753546991515,16:23:11.515,ACH/USDT:USDT,0.023015,2193.0,0.023013,435.0,0.023016,894.0,0.023017,221.0
1753546991619,16:23:11.619,ACH/USDT:USDT,0.023015,2193.0,0.023013,435.0,0.023016,894.0,0.023017,221.0
1753546991724,16:23:11.724,ACH/USDT:USDT,0.023015,2193.0,0.023013,435.0,0.023016,894.0,0.023017,221.0
1753546991831,16:23:11.831,ACH/USDT:USDT,0.023015,2193.0,0.023013,435.0,0.023016,894.0,0.023017,221.0
1753546991936,16:23:11.936,ACH/USDT:USDT,0.023015,2193.0,0.023014,869.0,0.023016,894.0,0.023017,221.0
1753546992040,16:23:12.040,ACH/USDT:USDT,0.023015,2193.0,0.023014,869.0,0.023016,894.0,0.023017,221.0
1753546992143,16:23:12.143,ACH/USDT:USDT,0.023015,2193.0,0.023014,869.0,0.023016,894.0,0.023017,221.0
1753546992345,16:23:12.345,ACH/USDT:USDT,0.023015,2193.0,0.023014,869.0,0.023016,894.0,0.023017,221.0
1753546992455,16:23:12.455,ACH/USDT:USDT,0.023015,2193.0,0.023014,869.0,0.023016,894.0,0.023017,221.0
1753546992558,16:23:12.558,ACH/USDT:USDT,0.023015,2193.0,0.023014,869.0,0.023016,894.0,0.023017,221.0
1753546992668,16:23:12.668,ACH/USDT:USDT,0.023015,2193.0,0.023014,869.0,0.023016,894.0,0.023017,221.0
1753546992835,16:23:12.835,ACH/USDT:USDT,0.023015,2193.0,0.023014,869.0,0.023016,894.0,0.023017,221.0
1753546992939,16:23:12.939,ACH/USDT:USDT,0.023015,2193.0,0.023014,869.0,0.023016,894.0,0.023017,221.0
1753546993058,16:23:13.058,ACH/USDT:USDT,0.023015,2193.0,0.023014,869.0,0.023016,606.0,0.023017,221.0
1753546993161,16:23:13.161,ACH/USDT:USDT,0.023015,2193.0,0.023014,869.0,0.023016,606.0,0.023017,221.0
1753546993263,16:23:13.263,ACH/USDT:USDT,0.023015,2193.0,0.023014,869.0,0.023016,606.0,0.023017,221.0
1753546993401,16:23:13.401,ACH/USDT:USDT,0.023015,2193.0,0.023014,869.0,0.023016,606.0,0.023017,221.0
1753546993544,16:23:13.544,ACH/USDT:USDT,0.023015,2193.0,0.023014,869.0,0.023016,606.0,0.023017,221.0
1753546993648,16:23:13.648,ACH/USDT:USDT,0.023015,2193.0,0.023014,869.0,0.023016,606.0,0.023017,221.0
1753546993751,16:23:13.751,ACH/USDT:USDT,0.023015,2193.0,0.023014,869.0,0.023016,606.0,0.023017,221.0
1753546993880,16:23:13.880,ACH/USDT:USDT,0.023015,2193.0,0.023014,869.0,0.023017,221.0,0.023018,3123.0
1753546993981,16:23:13.981,ACH/USDT:USDT,0.023017,2193.0,0.023016,305.0,0.023018,9222.0,0.023019,221.0
1753546994082,16:23:14.082,ACH/USDT:USDT,0.023016,305.0,0.023015,4133.0,0.023018,9206.0,0.023019,221.0
1753546994183,16:23:14.183,ACH/USDT:USDT,0.023014,869.0,0.023013,435.0,0.023018,9206.0,0.023019,221.0
1753546994295,16:23:14.295,ACH/USDT:USDT,0.023014,2193.0,0.023012,4774.0,0.023018,9206.0,0.023019,221.0
1753546994399,16:23:14.399,ACH/USDT:USDT,0.023014,2193.0,0.023012,5209.0,0.023018,9206.0,0.023019,221.0
1753546994551,16:23:14.551,ACH/USDT:USDT,0.023014,2193.0,0.023012,5209.0,0.023018,9206.0,0.023019,221.0
1753546994702,16:23:14.702,ACH/USDT:USDT,0.023014,2193.0,0.023012,5209.0,0.023018,9206.0,0.023019,221.0
1753546994810,16:23:14.810,ACH/USDT:USDT,0.023014,2193.0,0.023012,5209.0,0.023018,9206.0,0.023019,221.0
1753546995002,16:23:15.002,ACH/USDT:USDT,0.023014,2193.0,0.023012,5209.0,0.023018,9206.0,0.023019,221.0
1753546995201,16:23:15.201,ACH/USDT:USDT,0.023014,2193.0,0.023012,5209.0,0.023018,9189.0,0.023019,221.0
1753546995304,16:23:15.304,ACH/USDT:USDT,0.023014,2193.0,0.023012,5209.0,0.023018,9189.0,0.023019,221.0
1753546995618,16:23:15.618,ACH/USDT:USDT,0.023014,2193.0,0.023012,5209.0,0.023018,9189.0,0.023019,221.0
1753546995802,16:23:15.802,ACH/USDT:USDT,0.023014,2193.0,0.023012,5209.0,0.023018,9189.0,0.023019,221.0
1753546995946,16:23:15.946,ACH/USDT:USDT,0.023014,2193.0,0.023012,5209.0,0.023018,9189.0,0.023019,221.0
1753546996122,16:23:16.122,ACH/USDT:USDT,0.023014,2193.0,0.023012,5209.0,0.023018,9189.0,0.023019,221.0
1753546996228,16:23:16.228,ACH/USDT:USDT,0.023014,2560.0,0.023012,5209.0,0.023018,8985.0,0.023019,221.0
1753546996331,16:23:16.331,ACH/USDT:USDT,0.023014,2560.0,0.023012,5209.0,0.023018,8985.0,0.023019,221.0
1753546996435,16:23:16.435,ACH/USDT:USDT,0.023014,2560.0,0.023012,5209.0,0.023018,8759.0,0.023019,221.0
1753546996598,16:23:16.598,ACH/USDT:USDT,0.023011,1132.0,0.02301,1152.0,0.023015,1999.0,0.023016,8967.0
1753546996701,16:23:16.701,ACH/USDT:USDT,0.023011,697.0,0.02301,1152.0,0.023015,1999.0,0.023016,8967.0
1753546996807,16:23:16.807,ACH/USDT:USDT,0.023011,697.0,0.02301,1152.0,0.023015,1999.0,0.023016,8967.0
1753546996922,16:23:16.922,ACH/USDT:USDT,0.023011,697.0,0.02301,3547.0,0.023015,1999.0,0.023016,8967.0
1753546997124,16:23:17.124,ACH/USDT:USDT,0.023012,2193.0,0.023011,11634.0,0.023018,8220.0,0.023019,221.0
1753546997225,16:23:17.225,ACH/USDT:USDT,0.023019,2193.0,0.023017,435.0,0.023021,1849.0,0.023022,718.0
1753546997329,16:23:17.329,ACH/USDT:USDT,0.023019,2193.0,0.023017,435.0,0.023021,1849.0,0.023022,718.0
1753546997442,16:23:17.442,ACH/USDT:USDT,0.023019,2193.0,0.023017,435.0,0.023021,1849.0,0.023022,718.0
1753546997591,16:23:17.591,ACH/USDT:USDT,0.023019,2193.0,0.023017,435.0,0.023021,1849.0,0.023022,718.0
1753546997694,16:23:17.694,ACH/USDT:USDT,0.023017,2193.0,0.023016,3001.0,0.023021,1849.0,0.023022,718.0
1753546997800,16:23:17.800,ACH/USDT:USDT,0.023017,2193.0,0.023016,3001.0,0.023021,1849.0,0.023022,718.0
1753546998005,16:23:18.005,ACH/USDT:USDT,0.023017,2193.0,0.023016,3001.0,0.023021,1849.0,0.023022,718.0
1753546998146,16:23:18.146,ACH/USDT:USDT,0.023017,2193.0,0.023016,3001.0,0.023021,1807.0,0.023022,718.0
1753546998272,16:23:18.272,ACH/USDT:USDT,0.023017,2193.0,0.023016,3001.0,0.023021,1807.0,0.023022,718.0
1753546998388,16:23:18.388,ACH/USDT:USDT,0.023017,2193.0,0.023016,3001.0,0.023021,1807.0,0.023022,718.0
1753546998602,16:23:18.602,ACH/USDT:USDT,0.023017,2193.0,0.023016,3001.0,0.023021,1807.0,0.023022,718.0
1753546998716,16:23:18.716,ACH/USDT:USDT,0.023017,2193.0,0.023016,3001.0,0.023021,1807.0,0.023022,718.0
1753546999042,16:23:19.042,ACH/USDT:USDT,0.023017,2193.0,0.023016,3001.0,0.023021,1661.0,0.023022,718.0
1753546999149,16:23:19.149,ACH/USDT:USDT,0.023014,717.0,0.023013,435.0,0.023019,11639.0,0.02302,8942.0
1753546999252,16:23:19.252,ACH/USDT:USDT,0.023012,717.0,0.023011,12063.0,0.023019,16269.0,0.02302,10478.0
1753546999355,16:23:19.355,ACH/USDT:USDT,0.023012,717.0,0.023011,12063.0,0.023019,16269.0,0.02302,10478.0
1753546999618,16:23:19.618,ACH/USDT:USDT,0.023012,717.0,0.023011,12063.0,0.023019,16269.0,0.02302,10478.0
1753546999721,16:23:19.721,ACH/USDT:USDT,0.023014,2193.0,0.023012,3792.0,0.023019,9391.0,0.023021,2096.0
1753547000008,16:23:20.008,ACH/USDT:USDT,0.023021,2193.0,0.023017,12598.0,0.023022,245.0,0.023026,8031.0
1753547000109,16:23:20.109,ACH/USDT:USDT,0.023017,10937.0,0.023016,1022.0,0.023021,3292.0,0.023022,5644.0
1753547000213,16:23:20.213,ACH/USDT:USDT,0.023017,10937.0,0.023016,1022.0,0.023021,3292.0,0.023022,5644.0
1753547000320,16:23:20.320,ACH/USDT:USDT,0.023017,10937.0,0.023016,1022.0,0.023021,3292.0,0.023022,5644.0
1753547000461,16:23:20.461,ACH/USDT:USDT,0.023017,10937.0,0.023016,1022.0,0.023021,3292.0,0.023022,5644.0
1753547000564,16:23:20.564,ACH/USDT:USDT,0.023017,10937.0,0.023016,1022.0,0.023021,3292.0,0.023022,5644.0
1753547000671,16:23:20.671,ACH/USDT:USDT,0.023017,10937.0,0.023016,1022.0,0.023021,3292.0,0.023022,5644.0
1753547000802,16:23:20.802,ACH/USDT:USDT,0.023017,10937.0,0.023016,1022.0,0.023021,3292.0,0.023022,5644.0
1753547001010,16:23:21.010,ACH/USDT:USDT,0.023017,10937.0,0.023016,1022.0,0.023021,3292.0,0.023022,5644.0
1753547001174,16:23:21.174,ACH/USDT:USDT,0.023017,10937.0,0.023016,1022.0,0.023021,3292.0,0.023022,5644.0
1753547001277,16:23:21.277,ACH/USDT:USDT,0.023016,305.0,0.023015,2552.0,0.023021,869.0,0.023022,10431.0
1753547001380,16:23:21.380,ACH/USDT:USDT,0.023016,305.0,0.023015,2552.0,0.023021,869.0,0.023022,10431.0
1753547001746,16:23:21.746,ACH/USDT:USDT,0.023016,305.0,0.023015,2552.0,0.023021,869.0,0.023022,10431.0
1753547001848,16:23:21.848,ACH/USDT:USDT,0.023016,305.0,0.023015,2552.0,0.023021,869.0,0.023022,10431.0
1753547002002,16:23:22.002,ACH/USDT:USDT,0.023016,305.0,0.023015,2552.0,0.023021,869.0,0.023022,10431.0
1753547002106,16:23:22.106,ACH/USDT:USDT,0.023016,305.0,0.023015,2552.0,0.023021,782.0,0.023022,6079.0
1753547002227,16:23:22.227,ACH/USDT:USDT,0.023015,2117.0,0.023014,11654.0,0.023021,780.0,0.023022,6079.0
1753547002328,16:23:22.328,ACH/USDT:USDT,0.023015,2117.0,0.023014,11654.0,0.023021,780.0,0.023022,6948.0
1753547002432,16:23:22.432,ACH/USDT:USDT,0.023015,2117.0,0.023014,11654.0,0.023021,780.0,0.023022,6948.0
1753547002546,16:23:22.546,ACH/USDT:USDT,0.023015,2117.0,0.023014,11654.0,0.023021,780.0,0.023022,6948.0
1753547002803,16:23:22.803,ACH/USDT:USDT,0.023015,2117.0,0.023014,11654.0,0.023021,780.0,0.023022,6948.0
1753547003002,16:23:23.002,ACH/USDT:USDT,0.023015,2117.0,0.023014,11654.0,0.023021,780.0,0.023022,6948.0
1753547003105,16:23:23.105,ACH/USDT:USDT,0.023015,2117.0,0.023014,11654.0,0.023021,780.0,0.023022,6948.0
1753547003208,16:23:23.208,ACH/USDT:USDT,0.023015,2117.0,0.023014,11654.0,0.023021,780.0,0.023022,6948.0
1753547003330,16:23:23.330,ACH/USDT:USDT,0.023022,2193.0,0.02302,4999.0,0.02303,4389.0,0.023031,8618.0
1753547003537,16:23:23.537,ACH/USDT:USDT,0.023027,2193.0,0.023025,16913.0,0.023032,21658.0,0.023033,7756.0
1753547003643,16:23:23.643,ACH/USDT:USDT,0.023025,16478.0,0.023024,1891.0,0.02303,3113.0,0.023031,5893.0
1753547003746,16:23:23.746,ACH/USDT:USDT,0.023025,11102.0,0.023024,1022.0,0.02303,3113.0,0.023031,5893.0
1753547003883,16:23:23.883,ACH/USDT:USDT,0.023025,11102.0,0.023024,1022.0,0.02303,3065.0,0.023031,5893.0
1753547003987,16:23:23.987,ACH/USDT:USDT,0.023025,11102.0,0.023024,1022.0,0.02303,3065.0,0.023031,5893.0
1753547004206,16:23:24.206,ACH/USDT:USDT,0.023025,11102.0,0.023024,1022.0,0.02303,3293.0,0.023031,5893.0
1753547004408,16:23:24.408,ACH/USDT:USDT,0.023025,11102.0,0.023024,1022.0,0.02303,3293.0,0.023031,9019.0
1753547004561,16:23:24.561,ACH/USDT:USDT,0.023025,11102.0,0.023024,1022.0,0.02303,3293.0,0.023031,9019.0
1753547005024,16:23:25.024,ACH/USDT:USDT,0.023025,2193.0,0.023024,3277.0,0.023029,327.0,0.02303,2914.0
1753547005125,16:23:25.125,ACH/USDT:USDT,0.023018,11819.0,0.023017,1999.0,0.023026,9455.0,0.023027,7630.0
1753547005229,16:23:25.229,ACH/USDT:USDT,0.023019,1999.0,0.023018,11102.0,0.023025,9514.0,0.023026,9455.0
1753547005333,16:23:25.333,ACH/USDT:USDT,0.023018,11102.0,0.023017,1999.0,0.023024,13321.0,0.023025,12260.0
1753547005456,16:23:25.456,ACH/USDT:USDT,0.023018,11102.0,0.023017,1999.0,0.023024,13321.0,0.023025,12260.0
1753547005570,16:23:25.570,ACH/USDT:USDT,0.023018,11102.0,0.023016,9653.0,0.023024,13321.0,0.023025,12260.0
1753547005684,16:23:25.684,ACH/USDT:USDT,0.023018,11102.0,0.023016,6653.0,0.023024,13321.0,0.023025,12260.0
1753547005819,16:23:25.819,ACH/USDT:USDT,0.023018,11102.0,0.023016,6653.0,0.023024,13321.0,0.023025,12260.0
1753547005941,16:23:25.941,ACH/USDT:USDT,0.023018,11102.0,0.023016,6653.0,0.023024,13321.0,0.023025,12260.0
1753547006069,16:23:26.069,ACH/USDT:USDT,0.023018,11102.0,0.023016,6653.0,0.023024,13314.0,0.023025,12260.0
1753547006173,16:23:26.173,ACH/USDT:USDT,0.023018,11102.0,0.023016,6653.0,0.023024,13314.0,0.023025,12260.0
1753547006472,16:23:26.472,ACH/USDT:USDT,0.023018,11102.0,0.023016,6653.0,0.023024,13314.0,0.023025,12260.0
1753547006593,16:23:26.593,ACH/USDT:USDT,0.023016,717.0,0.023015,435.0,0.023018,8820.0,0.023019,54518.0
1753547006695,16:23:26.695,ACH/USDT:USDT,0.023014,717.0,0.023013,435.0,0.023018,8820.0,0.023019,54518.0
1753547006818,16:23:26.818,ACH/USDT:USDT,0.023016,492.0,0.023015,1999.0,0.023018,8820.0,0.023019,54518.0
1753547006931,16:23:26.931,ACH/USDT:USDT,0.023016,492.0,0.023015,1999.0,0.023018,8820.0,0.023019,54518.0
1753547007035,16:23:27.035,ACH/USDT:USDT,0.023016,492.0,0.023015,1999.0,0.023018,8763.0,0.023019,54518.0
1753547007168,16:23:27.168,ACH/USDT:USDT,0.023016,492.0,0.023015,1999.0,0.023018,170.0,0.023019,54518.0
1753547007271,16:23:27.271,ACH/USDT:USDT,0.023016,492.0,0.023015,1999.0,0.023018,170.0,0.023019,53649.0
1753547007419,16:23:27.419,ACH/USDT:USDT,0.023012,717.0,0.023011,15803.0,0.023016,1127.0,0.023018,1962.0
1753547007521,16:23:27.521,ACH/USDT:USDT,0.023012,717.0,0.023011,18926.0,0.023016,1997.0,0.023018,9370.0
1753547007627,16:23:27.627,ACH/USDT:USDT,0.023012,717.0,0.023011,18926.0,0.023016,1997.0,0.023018,10087.0
1753547007732,16:23:27.732,ACH/USDT:USDT,0.023012,717.0,0.023011,15803.0,0.023016,1997.0,0.023018,10087.0
1753547007951,16:23:27.951,ACH/USDT:USDT,0.023012,717.0,0.023011,15803.0,0.023016,1997.0,0.023018,10087.0
1753547008168,16:23:28.168,ACH/USDT:USDT,0.023012,717.0,0.023011,15803.0,0.023016,1997.0,0.023018,10087.0
1753547008302,16:23:28.302,ACH/USDT:USDT,0.023012,717.0,0.023011,15803.0,0.023016,1997.0,0.023018,10087.0
1753547008408,16:23:28.408,ACH/USDT:USDT,0.023012,717.0,0.023011,15803.0,0.023016,1997.0,0.023018,10087.0
1753547008615,16:23:28.615,ACH/USDT:USDT,0.023012,717.0,0.023011,15803.0,0.023016,1997.0,0.023018,10087.0
1753547008720,16:23:28.720,ACH/USDT:USDT,0.023012,717.0,0.023011,15803.0,0.023016,1997.0,0.023018,10087.0
1753547008824,16:23:28.824,ACH/USDT:USDT,0.023012,717.0,0.023011,15803.0,0.023016,1997.0,0.023018,10087.0
1753547008975,16:23:28.975,ACH/USDT:USDT,0.023012,717.0,0.023011,15803.0,0.023016,1997.0,0.023018,10087.0
1753547009205,16:23:29.205,ACH/USDT:USDT,0.023012,717.0,0.023011,15803.0,0.023016,1997.0,0.023018,10087.0
1753547009318,16:23:29.318,ACH/USDT:USDT,0.02301,717.0,0.023009,435.0,0.023015,4999.0,0.023016,1175.0
1753547009421,16:23:29.421,ACH/USDT:USDT,0.023012,492.0,0.02301,717.0,0.023015,4999.0,0.023016,1175.0
1753547009531,16:23:29.531,ACH/USDT:USDT,0.023012,492.0,0.02301,1152.0,0.023015,4999.0,0.023016,1175.0
1753547009637,16:23:29.637,ACH/USDT:USDT,0.023011,492.0,0.02301,717.0,0.023015,4999.0,0.023016,1175.0
1753547009753,16:23:29.753,ACH/USDT:USDT,0.023011,492.0,0.02301,717.0,0.023015,4999.0,0.023016,1175.0
1753547010002,16:23:30.002,ACH/USDT:USDT,0.023011,492.0,0.02301,717.0,0.023015,4999.0,0.023016,1175.0
1753547010137,16:23:30.137,ACH/USDT:USDT,0.023012,492.0,0.02301,6368.0,0.023015,3000.0,0.023016,1175.0
1753547010241,16:23:30.241,ACH/USDT:USDT,0.023013,492.0,0.023011,4795.0,0.023018,8935.0,0.023019,53869.0
1753547010347,16:23:30.347,ACH/USDT:USDT,0.023013,492.0,0.023011,4795.0,0.023017,3498.0,0.023018,11935.0
1753547010479,16:23:30.479,ACH/USDT:USDT,0.023013,492.0,0.023011,4795.0,0.023017,3498.0,0.023018,11935.0
1753547010581,16:23:30.581,ACH/USDT:USDT,0.023013,492.0,0.023011,4795.0,0.023017,3498.0,0.023018,11935.0
1753547010702,16:23:30.702,ACH/USDT:USDT,0.023013,492.0,0.023011,4795.0,0.023017,3498.0,0.023018,14871.0
1753547010821,16:23:30.821,ACH/USDT:USDT,0.023013,492.0,0.023011,4795.0,0.023017,3498.0,0.023018,14871.0
1753547010968,16:23:30.968,ACH/USDT:USDT,0.023013,492.0,0.023011,6086.0,0.023017,3441.0,0.023018,11935.0
1753547011102,16:23:31.102,ACH/USDT:USDT,0.023013,492.0,0.023011,6086.0,0.023017,3441.0,0.023018,11935.0
1753547011206,16:23:31.206,ACH/USDT:USDT,0.023013,492.0,0.023011,6086.0,0.023017,3441.0,0.023018,11935.0
1753547011320,16:23:31.320,ACH/USDT:USDT,0.023012,492.0,0.02301,1152.0,0.023017,3441.0,0.023018,11935.0
1753547011423,16:23:31.423,ACH/USDT:USDT,0.023012,492.0,0.02301,1152.0,0.023017,3441.0,0.023018,11935.0
1753547011563,16:23:31.563,ACH/USDT:USDT,0.023012,492.0,0.02301,1152.0,0.023017,1499.0,0.023018,11935.0
1753547011695,16:23:31.695,ACH/USDT:USDT,0.023012,492.0,0.02301,1152.0,0.023017,1499.0,0.023018,11935.0
1753547011896,16:23:31.896,ACH/USDT:USDT,0.023012,492.0,0.02301,3968.0,0.023017,1363.0,0.023018,11935.0
1753547011997,16:23:31.997,ACH/USDT:USDT,0.023014,492.0,0.023012,1920.0,0.023017,1363.0,0.023018,8935.0
1753547012105,16:23:32.105,ACH/USDT:USDT,0.023014,492.0,0.023012,1920.0,0.023017,1363.0,0.023018,8935.0
1753547012223,16:23:32.223,ACH/USDT:USDT,0.023014,492.0,0.023012,2789.0,0.023017,1363.0,0.023018,8935.0
1753547012397,16:23:32.397,ACH/USDT:USDT,0.023014,492.0,0.023012,2789.0,0.023017,1363.0,0.023018,8935.0
1753547012498,16:23:32.498,ACH/USDT:USDT,0.023014,492.0,0.023012,2789.0,0.023017,1363.0,0.023018,8935.0
1753547012693,16:23:32.693,ACH/USDT:USDT,0.023014,492.0,0.023012,2789.0,0.023017,1363.0,0.023018,8935.0
1753547012873,16:23:32.873,ACH/USDT:USDT,0.023014,492.0,0.023012,2789.0,0.023017,1363.0,0.023018,8935.0
1753547013054,16:23:33.054,ACH/USDT:USDT,0.023014,999.0,0.023012,2789.0,0.023017,1360.0,0.023018,8935.0
1753547013206,16:23:33.206,ACH/USDT:USDT,0.023014,999.0,0.023012,2789.0,0.023017,1360.0,0.023018,8935.0
1753547013380,16:23:33.380,ACH/USDT:USDT,0.023014,999.0,0.023012,2789.0,0.023017,1360.0,0.023018,9244.0
1753547013563,16:23:33.563,ACH/USDT:USDT,0.023011,492.0,0.02301,17538.0,0.023016,1466.0,0.023017,5230.0
1753547013666,16:23:33.666,ACH/USDT:USDT,0.023012,492.0,0.023011,2730.0,0.023016,2026.0,0.023017,5230.0
1753547013801,16:23:33.801,ACH/USDT:USDT,0.023012,492.0,0.023011,2730.0,0.023016,2026.0,0.023017,5230.0
1753547014035,16:23:34.035,ACH/USDT:USDT,0.023013,492.0,0.023011,12491.0,0.023016,1466.0,0.023017,4360.0
1753547014178,16:23:34.178,ACH/USDT:USDT,0.023013,492.0,0.023011,12491.0,0.023016,1466.0,0.023017,1580.0
1753547014337,16:23:34.337,ACH/USDT:USDT,0.02301,17538.0,0.023008,1457.0,0.023015,15894.0,0.023016,12002.0
1753547014443,16:23:34.443,ACH/USDT:USDT,0.02301,17538.0,0.023008,1457.0,0.023015,16764.0,0.023016,12002.0
1753547014618,16:23:34.618,ACH/USDT:USDT,0.02301,17663.0,0.023008,1457.0,0.023015,16764.0,0.023016,12002.0
1753547014736,16:23:34.736,ACH/USDT:USDT,0.02301,17663.0,0.023008,1457.0,0.023015,13764.0,0.023016,9385.0
1753547014848,16:23:34.848,ACH/USDT:USDT,0.02301,17663.0,0.023008,1457.0,0.023015,13764.0,0.023016,9385.0
1753547015027,16:23:35.027,ACH/USDT:USDT,0.02301,17663.0,0.023008,1457.0,0.023015,12894.0,0.023016,9385.0
1753547015207,16:23:35.207,ACH/USDT:USDT,0.02301,17663.0,0.023008,1457.0,0.023015,12894.0,0.023016,9385.0
1753547015385,16:23:35.385,ACH/USDT:USDT,0.02301,17663.0,0.023008,1457.0,0.023015,19075.0,0.023016,12321.0
1753547015566,16:23:35.566,ACH/USDT:USDT,0.02301,17663.0,0.023008,1457.0,0.023015,19075.0,0.023016,12321.0
1753547015699,16:23:35.699,ACH/USDT:USDT,0.02301,17663.0,0.023008,1457.0,0.023015,19075.0,0.023016,12321.0
1753547015881,16:23:35.881,ACH/USDT:USDT,0.02301,17663.0,0.023008,1457.0,0.023015,19075.0,0.023016,12321.0
1753547015996,16:23:35.996,ACH/USDT:USDT,0.023011,492.0,0.02301,17663.0,0.023015,17239.0,0.023016,9385.0
1753547016104,16:23:36.104,ACH/USDT:USDT,0.023011,492.0,0.02301,17663.0,0.023015,17239.0,0.023016,9385.0
1753547016207,16:23:36.207,ACH/USDT:USDT,0.023011,492.0,0.02301,17663.0,0.023015,17239.0,0.023016,9385.0
1753547016495,16:23:36.495,ACH/USDT:USDT,0.023011,492.0,0.02301,17663.0,0.023014,229.0,0.023015,17239.0
1753547016599,16:23:36.599,ACH/USDT:USDT,0.023011,492.0,0.02301,17663.0,0.023014,229.0,0.023015,17239.0
1753547016702,16:23:36.702,ACH/USDT:USDT,0.023011,492.0,0.02301,17663.0,0.023014,229.0,0.023015,17239.0
1753547016818,16:23:36.818,ACH/USDT:USDT,0.023011,492.0,0.02301,17663.0,0.023014,229.0,0.023015,17239.0
1753547016947,16:23:36.947,ACH/USDT:USDT,0.023011,492.0,0.02301,17663.0,0.023014,3.0,0.023015,17239.0
1753547017066,16:23:37.066,ACH/USDT:USDT,0.023011,492.0,0.02301,17663.0,0.023014,3.0,0.023015,17239.0
1753547017204,16:23:37.204,ACH/USDT:USDT,0.023011,492.0,0.02301,17663.0,0.023014,3.0,0.023015,17239.0
1753547017307,16:23:37.307,ACH/USDT:USDT,0.023012,1999.0,0.023011,492.0,0.023014,3.0,0.023015,9393.0
1753547017409,16:23:37.409,ACH/USDT:USDT,0.023012,1999.0,0.02301,18098.0,0.023014,3.0,0.023015,9393.0
1753547017539,16:23:37.539,ACH/USDT:USDT,0.023012,1999.0,0.02301,18098.0,0.023014,3.0,0.023015,9393.0
1753547017655,16:23:37.655,ACH/USDT:USDT,0.023012,1999.0,0.02301,18098.0,0.023014,3.0,0.023015,9393.0
1753547017802,16:23:37.802,ACH/USDT:USDT,0.023012,1999.0,0.02301,18098.0,0.023014,3.0,0.023015,9393.0
1753547017906,16:23:37.906,ACH/USDT:USDT,0.023012,1999.0,0.02301,18098.0,0.023014,3.0,0.023015,9393.0
1753547018102,16:23:38.102,ACH/USDT:USDT,0.02301,18533.0,0.023008,25749.0,0.023015,9208.0,0.023016,9385.0
1753547018206,16:23:38.206,ACH/USDT:USDT,0.023011,492.0,0.02301,18533.0,0.023015,1408.0,0.023016,9385.0
1753547018308,16:23:38.308,ACH/USDT:USDT,0.023011,492.0,0.02301,18533.0,0.023015,1408.0,0.023016,9385.0
1753547018410,16:23:38.410,ACH/USDT:USDT,0.023011,492.0,0.02301,18533.0,0.023015,1408.0,0.023016,9385.0
1753547018554,16:23:38.554,ACH/USDT:USDT,0.023011,492.0,0.02301,18533.0,0.023015,1408.0,0.023016,9385.0
1753547018702,16:23:38.702,ACH/USDT:USDT,0.023011,492.0,0.02301,18533.0,0.023015,1408.0,0.023016,9385.0
1753547018882,16:23:38.882,ACH/USDT:USDT,0.023012,492.0,0.023011,16947.0,0.023015,1408.0,0.023016,9385.0
1753547018985,16:23:38.985,ACH/USDT:USDT,0.023012,492.0,0.023011,16947.0,0.023015,1408.0,0.023016,9385.0
1753547019135,16:23:39.135,ACH/USDT:USDT,0.023012,492.0,0.023011,16947.0,0.023015,1408.0,0.023016,9385.0
1753547019400,16:23:39.400,ACH/USDT:USDT,0.023013,1099.0,0.023011,22047.0,0.023015,1408.0,0.023016,7919.0
1753547019606,16:23:39.606,ACH/USDT:USDT,0.023013,1099.0,0.023011,24882.0,0.023015,1408.0,0.023016,7919.0
1753547019801,16:23:39.801,ACH/USDT:USDT,0.023013,1099.0,0.023011,24882.0,0.023015,1408.0,0.023016,7919.0
1753547019991,16:23:39.991,ACH/USDT:USDT,0.023013,1099.0,0.023011,24882.0,0.023015,1302.0,0.023016,305.0
1753547020098,16:23:40.098,ACH/USDT:USDT,0.023014,492.0,0.023013,4099.0,0.023015,3142.0,0.023016,305.0
1753547020203,16:23:40.203,ACH/USDT:USDT,0.023014,492.0,0.023013,4099.0,0.023015,3142.0,0.023016,305.0
1753547020306,16:23:40.306,ACH/USDT:USDT,0.023014,492.0,0.023013,1099.0,0.023015,3142.0,0.023016,305.0
1753547020504,16:23:40.504,ACH/USDT:USDT,0.023014,760.0,0.023013,1099.0,0.023015,3142.0,0.023016,305.0
1753547020642,16:23:40.642,ACH/USDT:USDT,0.023014,760.0,0.023013,1099.0,0.023015,3142.0,0.023016,305.0
1753547020782,16:23:40.782,ACH/USDT:USDT,0.023014,760.0,0.023013,1099.0,0.023015,3142.0,0.023016,305.0
1753547020893,16:23:40.893,ACH/USDT:USDT,0.023014,760.0,0.023013,1099.0,0.023015,3142.0,0.023016,305.0
1753547020996,16:23:40.996,ACH/USDT:USDT,0.023014,760.0,0.023013,1099.0,0.023015,3142.0,0.023016,305.0
1753547021209,16:23:41.209,ACH/USDT:USDT,0.023014,760.0,0.023013,1099.0,0.023015,3142.0,0.023016,305.0
1753547021402,16:23:41.402,ACH/USDT:USDT,0.023014,760.0,0.023013,1099.0,0.023015,3142.0,0.023016,305.0
1753547021558,16:23:41.558,ACH/USDT:USDT,0.023014,760.0,0.023013,1099.0,0.023015,3142.0,0.023016,305.0
1753547021673,16:23:41.673,ACH/USDT:USDT,0.023014,760.0,0.023013,1099.0,0.023015,3142.0,0.023016,305.0
1753547021888,16:23:41.888,ACH/USDT:USDT,0.023014,760.0,0.023013,1099.0,0.023015,3076.0,0.023016,305.0
1753547021995,16:23:41.995,ACH/USDT:USDT,0.023014,760.0,0.023013,1099.0,0.023015,3076.0,0.023016,305.0
1753547022102,16:23:42.102,ACH/USDT:USDT,0.023014,760.0,0.023013,1099.0,0.023015,3076.0,0.023016,305.0
1753547022429,16:23:42.429,ACH/USDT:USDT,0.023014,11938.0,0.023013,1099.0,0.023015,3076.0,0.023016,305.0
1753547022532,16:23:42.532,ACH/USDT:USDT,0.023014,11938.0,0.023013,229.0,0.023015,3076.0,0.023016,305.0
1753547022635,16:23:42.635,ACH/USDT:USDT,0.023014,11938.0,0.023013,229.0,0.023015,3076.0,0.023016,305.0
1753547022759,16:23:42.759,ACH/USDT:USDT,0.023014,11938.0,0.023013,229.0,0.023015,3076.0,0.023016,305.0
1753547022938,16:23:42.938,ACH/USDT:USDT,0.023014,11938.0,0.023013,229.0,0.023015,3076.0,0.023016,305.0
1753547023102,16:23:43.102,ACH/USDT:USDT,0.023014,11938.0,0.023013,229.0,0.023015,3076.0,0.023016,305.0
1753547023209,16:23:43.209,ACH/USDT:USDT,0.023014,11938.0,0.023013,229.0,0.023015,3076.0,0.023016,305.0
1753547023356,16:23:43.356,ACH/USDT:USDT,0.023014,11938.0,0.023013,229.0,0.023015,3076.0,0.023016,305.0
1753547023530,16:23:43.530,ACH/USDT:USDT,0.023014,11938.0,0.023013,229.0,0.023015,3658.0,0.023016,305.0
1753547023650,16:23:43.650,ACH/USDT:USDT,0.023014,11938.0,0.023013,229.0,0.023015,3658.0,0.023016,305.0
1753547023806,16:23:43.806,ACH/USDT:USDT,0.023014,11938.0,0.023013,229.0,0.023015,3658.0,0.023016,305.0
1753547023996,16:23:43.996,ACH/USDT:USDT,0.023014,11938.0,0.023013,229.0,0.023015,3532.0,0.023016,305.0
1753547024102,16:23:44.102,ACH/USDT:USDT,0.023014,11938.0,0.023013,229.0,0.023015,3532.0,0.023016,305.0
1753547024248,16:23:44.248,ACH/USDT:USDT,0.023014,11938.0,0.023013,229.0,0.023015,3532.0,0.023016,305.0
1753547024386,16:23:44.386,ACH/USDT:USDT,0.023014,11938.0,0.023013,229.0,0.023015,3532.0,0.023016,305.0
1753547024487,16:23:44.487,ACH/USDT:USDT,0.023014,11938.0,0.023013,229.0,0.023015,3532.0,0.023016,305.0
1753547024617,16:23:44.617,ACH/USDT:USDT,0.023014,11938.0,0.023013,229.0,0.023015,3532.0,0.023016,305.0
1753547024729,16:23:44.729,ACH/USDT:USDT,0.023014,11938.0,0.023013,229.0,0.023015,3532.0,0.023016,305.0
1753547024835,16:23:44.835,ACH/USDT:USDT,0.023014,268.0,0.023013,229.0,0.023015,3501.0,0.023016,305.0
1753547024995,16:23:44.995,ACH/USDT:USDT,0.023014,268.0,0.023013,229.0,0.023015,3501.0,0.023016,305.0
1753547025209,16:23:45.209,ACH/USDT:USDT,0.023014,268.0,0.023013,229.0,0.023015,3501.0,0.023016,305.0
1753547025430,16:23:45.430,ACH/USDT:USDT,0.023014,268.0,0.023013,229.0,0.023015,3501.0,0.023016,305.0
1753547025668,16:23:45.668,ACH/USDT:USDT,0.023014,268.0,0.023013,229.0,0.023015,3501.0,0.023016,305.0
1753547025802,16:23:45.802,ACH/USDT:USDT,0.023014,268.0,0.023013,229.0,0.023015,3501.0,0.023016,305.0
1753547025907,16:23:45.907,ACH/USDT:USDT,0.023014,268.0,0.023013,229.0,0.023015,3501.0,0.023016,305.0
1753547026141,16:23:46.141,ACH/USDT:USDT,0.023014,268.0,0.023013,229.0,0.023015,3501.0,0.023016,305.0
1753547026302,16:23:46.302,ACH/USDT:USDT,0.023014,268.0,0.023013,229.0,0.023015,3501.0,0.023016,305.0
1753547026494,16:23:46.494,ACH/USDT:USDT,0.023014,268.0,0.023013,229.0,0.023015,3501.0,0.023016,305.0
1753547026630,16:23:46.630,ACH/USDT:USDT,0.023014,268.0,0.023013,229.0,0.023015,3501.0,0.023016,305.0
1753547026733,16:23:46.733,ACH/USDT:USDT,0.023014,268.0,0.023013,229.0,0.023015,3501.0,0.023016,305.0
1753547026851,16:23:46.851,ACH/USDT:USDT,0.023014,268.0,0.023013,229.0,0.023015,3483.0,0.023016,305.0
1753547027013,16:23:47.013,ACH/USDT:USDT,0.023014,268.0,0.023013,229.0,0.023015,3483.0,0.023016,305.0
1753547027210,16:23:47.210,ACH/USDT:USDT,0.023014,268.0,0.023013,229.0,0.023015,3483.0,0.023016,305.0
1753547027315,16:23:47.315,ACH/USDT:USDT,0.023014,268.0,0.023013,229.0,0.023015,4278.0,0.023016,305.0
1753547027566,16:23:47.566,ACH/USDT:USDT,0.023014,268.0,0.023013,229.0,0.023015,4278.0,0.023016,305.0
1753547027802,16:23:47.802,ACH/USDT:USDT,0.023014,268.0,0.023013,229.0,0.023015,4278.0,0.023016,305.0
1753547027953,16:23:47.953,ACH/USDT:USDT,0.023014,268.0,0.023013,229.0,0.023015,4278.0,0.023016,305.0
1753547028129,16:23:48.129,ACH/USDT:USDT,0.023014,268.0,0.023013,229.0,0.023015,4278.0,0.023016,305.0
1753547028273,16:23:48.273,ACH/USDT:USDT,0.023014,268.0,0.023013,229.0,0.023015,4278.0,0.023016,305.0
1753547028402,16:23:48.402,ACH/USDT:USDT,0.023014,268.0,0.023013,229.0,0.023015,4278.0,0.023016,305.0
1753547028549,16:23:48.549,ACH/USDT:USDT,0.023014,268.0,0.023013,229.0,0.023015,4278.0,0.023016,305.0
1753547028870,16:23:48.870,ACH/USDT:USDT,0.023014,268.0,0.023013,229.0,0.023015,3880.0,0.023016,305.0
1753547028985,16:23:48.985,ACH/USDT:USDT,0.023014,268.0,0.023013,229.0,0.023015,3880.0,0.023016,305.0
1753547029102,16:23:49.102,ACH/USDT:USDT,0.023014,268.0,0.023013,229.0,0.023015,3880.0,0.023016,305.0
1753547029211,16:23:49.211,ACH/USDT:USDT,0.023014,268.0,0.023013,229.0,0.023015,3880.0,0.023016,305.0
1753547029549,16:23:49.549,ACH/USDT:USDT,0.023014,268.0,0.023013,229.0,0.023015,3880.0,0.023016,305.0
1753547029651,16:23:49.651,ACH/USDT:USDT,0.023014,268.0,0.023013,229.0,0.023015,3880.0,0.023016,305.0
1753547029828,16:23:49.828,ACH/USDT:USDT,0.023014,268.0,0.023013,229.0,0.023015,3880.0,0.023016,305.0
1753547030384,16:23:50.384,ACH/USDT:USDT,0.023014,268.0,0.023013,229.0,0.023015,3880.0,0.023016,305.0
1753547030584,16:23:50.584,ACH/USDT:USDT,0.02301,717.0,0.023009,655.0,0.023014,1466.0,0.023015,61875.0
1753547030687,16:23:50.687,ACH/USDT:USDT,0.02301,717.0,0.023009,655.0,0.023014,2162.0,0.023015,61875.0
1753547030806,16:23:50.806,ACH/USDT:USDT,0.02301,717.0,0.023009,655.0,0.023014,2162.0,0.023015,61875.0
1753547030955,16:23:50.955,ACH/USDT:USDT,0.02301,717.0,0.023009,655.0,0.023014,2129.0,0.023015,61875.0
1753547031179,16:23:51.179,ACH/USDT:USDT,0.02301,717.0,0.023009,655.0,0.023012,8646.0,0.023013,5433.0
1753547031284,16:23:51.284,ACH/USDT:USDT,0.02301,717.0,0.023009,655.0,0.023012,8646.0,0.023013,5433.0
1753547031511,16:23:51.511,ACH/USDT:USDT,0.02301,717.0,0.023009,655.0,0.023012,8646.0,0.023013,5433.0
1753547031639,16:23:51.639,ACH/USDT:USDT,0.02301,717.0,0.023009,655.0,0.023012,8646.0,0.023013,5433.0
1753547031754,16:23:51.754,ACH/USDT:USDT,0.02301,717.0,0.023009,655.0,0.023012,8646.0,0.023013,5433.0
1753547031855,16:23:51.855,ACH/USDT:USDT,0.02301,717.0,0.023009,655.0,0.023013,10512.0,0.023014,4050.0
1753547031963,16:23:51.963,ACH/USDT:USDT,0.023008,717.0,0.023007,435.0,0.02301,8373.0,0.023011,15499.0
1753547032073,16:23:52.073,ACH/USDT:USDT,0.023008,717.0,0.023007,435.0,0.02301,8373.0,0.023011,15499.0
1753547032181,16:23:52.181,ACH/USDT:USDT,0.023008,717.0,0.023007,435.0,0.02301,8373.0,0.023011,15499.0
1753547032295,16:23:52.295,ACH/USDT:USDT,0.023008,717.0,0.023007,435.0,0.023009,5766.0,0.02301,6811.0
1753547032398,16:23:52.398,ACH/USDT:USDT,0.023008,717.0,0.023007,435.0,0.023009,6339.0,0.02301,6811.0
1753547032597,16:23:52.597,ACH/USDT:USDT,0.023004,718.0,0.023003,435.0,0.023006,2432.0,0.023007,10334.0
1753547032700,16:23:52.700,ACH/USDT:USDT,0.023004,718.0,0.023003,435.0,0.023006,4272.0,0.023007,10334.0
1753547032807,16:23:52.807,ACH/USDT:USDT,0.023004,718.0,0.023003,435.0,0.023006,4228.0,0.023007,10334.0
1753547032920,16:23:52.920,ACH/USDT:USDT,0.023004,718.0,0.023003,435.0,0.023006,4228.0,0.023007,10334.0
1753547033025,16:23:53.025,ACH/USDT:USDT,0.023004,718.0,0.023003,435.0,0.023006,3358.0,0.023007,9464.0
1753547033211,16:23:53.211,ACH/USDT:USDT,0.023004,718.0,0.023003,435.0,0.023006,3358.0,0.023007,9464.0
1753547033334,16:23:53.334,ACH/USDT:USDT,0.023004,718.0,0.023003,435.0,0.023005,6967.0,0.023006,1840.0
1753547033440,16:23:53.440,ACH/USDT:USDT,0.023004,718.0,0.023003,435.0,0.023005,6967.0,0.023006,1840.0
1753547033586,16:23:53.586,ACH/USDT:USDT,0.023001,717.0,0.023,1153.0,0.023002,1953.0,0.023004,1762.0
1753547033687,16:23:53.687,ACH/USDT:USDT,0.023001,717.0,0.023,1153.0,0.023005,5449.0,0.023006,7690.0
1753547033793,16:23:53.793,ACH/USDT:USDT,0.023001,717.0,0.023,1153.0,0.023005,5449.0,0.023006,7690.0
1753547033902,16:23:53.902,ACH/USDT:USDT,0.023001,717.0,0.023,1153.0,0.023005,9302.0,0.023006,7690.0
1753547034182,16:23:54.182,ACH/USDT:USDT,0.023001,717.0,0.023,1153.0,0.023005,9302.0,0.023006,7690.0
1753547034302,16:23:54.302,ACH/USDT:USDT,0.023001,717.0,0.023,1153.0,0.023005,9302.0,0.023006,7690.0
1753547034408,16:23:54.408,ACH/USDT:USDT,0.023001,717.0,0.023,1153.0,0.023005,9302.0,0.023006,7690.0
1753547034509,16:23:54.509,ACH/USDT:USDT,0.023001,717.0,0.023,1153.0,0.023005,9302.0,0.023006,7690.0
1753547034724,16:23:54.724,ACH/USDT:USDT,0.023003,229.0,0.023001,6803.0,0.023005,5432.0,0.023006,1840.0
1753547034826,16:23:54.826,ACH/USDT:USDT,0.023003,229.0,0.023001,6803.0,0.023005,440.0,0.023006,1840.0
1753547034929,16:23:54.929,ACH/USDT:USDT,0.023003,229.0,0.023001,6803.0,0.023005,440.0,0.023006,1840.0
1753547035102,16:23:55.102,ACH/USDT:USDT,0.023003,229.0,0.023001,6803.0,0.023005,440.0,0.023006,1840.0
1753547035207,16:23:55.207,ACH/USDT:USDT,0.023003,229.0,0.023001,6803.0,0.023005,440.0,0.023006,1840.0
1753547035326,16:23:55.326,ACH/USDT:USDT,0.023003,229.0,0.023001,6803.0,0.023006,1840.0,0.023007,9919.0
1753547035428,16:23:55.428,ACH/USDT:USDT,0.023003,229.0,0.023001,3968.0,0.023004,457.0,0.023006,2935.0
1753547035532,16:23:55.532,ACH/USDT:USDT,0.023003,229.0,0.023001,1152.0,0.023004,2410.0,0.023006,4240.0
1753547035706,16:23:55.706,ACH/USDT:USDT,0.023003,229.0,0.023001,1152.0,0.023004,2410.0,0.023006,4240.0
1753547035957,16:23:55.957,ACH/USDT:USDT,0.023003,229.0,0.023001,1152.0,0.023004,2409.0,0.023006,3370.0
1753547036076,16:23:56.076,ACH/USDT:USDT,0.023003,229.0,0.023001,1152.0,0.023004,2409.0,0.023006,3370.0
1753547036179,16:23:56.179,ACH/USDT:USDT,0.023003,229.0,0.023001,1152.0,0.023004,2409.0,0.023006,3370.0
1753547036302,16:23:56.302,ACH/USDT:USDT,0.023003,229.0,0.023001,1152.0,0.023004,2409.0,0.023006,3370.0
1753547036706,16:23:56.706,ACH/USDT:USDT,0.023003,229.0,0.023001,1152.0,0.023004,2409.0,0.023006,3370.0
1753547036821,16:23:56.821,ACH/USDT:USDT,0.023003,229.0,0.023001,1152.0,0.023004,2409.0,0.023006,3370.0
1753547036998,16:23:56.998,ACH/USDT:USDT,0.023003,229.0,0.023001,1152.0,0.023004,2409.0,0.023006,3370.0
1753547037305,16:23:57.305,ACH/USDT:USDT,0.023003,229.0,0.023001,1152.0,0.023004,2409.0,0.023006,3370.0
1753547037508,16:23:57.508,ACH/USDT:USDT,0.023003,229.0,0.023001,1152.0,0.023004,2409.0,0.023006,3370.0
1753547037802,16:23:57.802,ACH/USDT:USDT,0.023003,229.0,0.023001,1152.0,0.023004,2236.0,0.023006,3370.0
1753547038183,16:23:58.183,ACH/USDT:USDT,0.023003,229.0,0.023001,1152.0,0.023004,2236.0,0.023006,3370.0
1753547038345,16:23:58.345,ACH/USDT:USDT,0.023003,229.0,0.023001,1152.0,0.023004,3030.0,0.023006,3370.0
1753547038695,16:23:58.695,ACH/USDT:USDT,0.023003,229.0,0.023001,1152.0,0.023004,3030.0,0.023006,3370.0
1753547038995,16:23:58.995,ACH/USDT:USDT,0.023003,229.0,0.023001,1152.0,0.023004,2977.0,0.023006,2275.0
1753547039312,16:23:59.312,ACH/USDT:USDT,0.023003,229.0,0.023001,1152.0,0.023004,55137.0,0.023006,2275.0
1753547039415,16:23:59.415,ACH/USDT:USDT,0.023003,229.0,0.023001,1152.0,0.023004,55137.0,0.023006,2275.0
1753547039553,16:23:59.553,ACH/USDT:USDT,0.023003,229.0,0.023001,1152.0,0.023004,56007.0,0.023005,870.0
1753547039656,16:23:59.656,ACH/USDT:USDT,0.023003,229.0,0.023001,1152.0,0.023004,56007.0,0.023005,870.0
1753547039955,16:23:59.955,ACH/USDT:USDT,0.023003,229.0,0.023001,1152.0,0.023004,52977.0,0.023006,2275.0
1753547040056,16:24:00.056,ACH/USDT:USDT,0.022992,12505.0,0.02299,11022.0,0.022995,963.0,0.022999,3741.0
1753547040157,16:24:00.157,ACH/USDT:USDT,0.022992,718.0,0.02299,11022.0,0.022993,963.0,0.022994,1084.0
1753547040264,16:24:00.264,ACH/USDT:USDT,0.022992,718.0,0.02299,11022.0,0.022993,55059.0,0.022995,435.0
1753547040379,16:24:00.379,ACH/USDT:USDT,0.022998,13039.0,0.022996,435.0,0.023003,4681.0,0.023004,2937.0
1753547040480,16:24:00.480,ACH/USDT:USDT,0.022998,13039.0,0.022997,3014.0,0.023002,567.0,0.023003,3405.0
1753547040587,16:24:00.587,ACH/USDT:USDT,0.022998,13039.0,0.022997,3014.0,0.023002,567.0,0.023003,3405.0
1753547040706,16:24:00.706,ACH/USDT:USDT,0.022998,13039.0,0.022997,3014.0,0.023002,567.0,0.023003,3405.0
1753547041091,16:24:01.091,ACH/USDT:USDT,0.022998,13039.0,0.022997,3014.0,0.023002,563.0,0.023003,3405.0
1753547041255,16:24:01.255,ACH/USDT:USDT,0.022998,13039.0,0.022997,3014.0,0.023002,563.0,0.023003,3405.0
1753547041359,16:24:01.359,ACH/USDT:USDT,0.022998,13039.0,0.022996,435.0,0.023,793.0,0.023002,435.0
1753547041480,16:24:01.480,ACH/USDT:USDT,0.022998,13039.0,0.022996,435.0,0.023,793.0,0.023002,435.0
1753547041582,16:24:01.582,ACH/USDT:USDT,0.022998,13039.0,0.022996,3992.0,0.023,793.0,0.023002,435.0
1753547041705,16:24:01.705,ACH/USDT:USDT,0.022998,13039.0,0.022996,3992.0,0.023,793.0,0.023002,435.0
1753547041859,16:24:01.859,ACH/USDT:USDT,0.022998,13039.0,0.022996,3992.0,0.023,574.0,0.023002,435.0
1753547042003,16:24:02.003,ACH/USDT:USDT,0.022998,13039.0,0.022996,3992.0,0.023,574.0,0.023002,435.0
1753547042184,16:24:02.184,ACH/USDT:USDT,0.022998,13039.0,0.022996,3992.0,0.023,574.0,0.023002,435.0
1753547042366,16:24:02.366,ACH/USDT:USDT,0.022998,13039.0,0.022996,3992.0,0.023,574.0,0.023002,435.0
1753547042470,16:24:02.470,ACH/USDT:USDT,0.022998,13039.0,0.022996,3992.0,0.023,574.0,0.023002,435.0
1753547042663,16:24:02.663,ACH/USDT:USDT,0.022998,13039.0,0.022996,3992.0,0.023,574.0,0.023002,435.0
1753547042766,16:24:02.766,ACH/USDT:USDT,0.022998,10387.0,0.022996,3992.0,0.023,574.0,0.023002,435.0
1753547042900,16:24:02.900,ACH/USDT:USDT,0.022998,10387.0,0.022996,435.0,0.023,3359.0,0.023002,435.0
1753547043006,16:24:03.006,ACH/USDT:USDT,0.022998,7387.0,0.022996,435.0,0.023,3359.0,0.023002,435.0
1753547043143,16:24:03.143,ACH/USDT:USDT,0.022998,7387.0,0.022996,435.0,0.023,3359.0,0.023002,435.0
1753547043245,16:24:03.245,ACH/USDT:USDT,0.022998,7387.0,0.022996,435.0,0.023,3359.0,0.023002,435.0
1753547043371,16:24:03.371,ACH/USDT:USDT,0.022998,7387.0,0.022996,435.0,0.023,3359.0,0.023002,435.0
1753547043509,16:24:03.509,ACH/USDT:USDT,0.022998,7387.0,0.022996,3992.0,0.023,3359.0,0.023002,435.0
1753547043643,16:24:03.643,ACH/USDT:USDT,0.022998,7387.0,0.022996,3992.0,0.023,3359.0,0.023002,435.0
1753547043747,16:24:03.747,ACH/USDT:USDT,0.022998,7387.0,0.022996,3992.0,0.023,3359.0,0.023002,435.0
1753547043875,16:24:03.875,ACH/USDT:USDT,0.022998,7387.0,0.022996,3992.0,0.023,3331.0,0.023002,435.0
1753547044159,16:24:04.159,ACH/USDT:USDT,0.022999,19109.0,0.022998,12648.0,0.023003,3405.0,0.023004,2143.0
1753547044276,16:24:04.276,ACH/USDT:USDT,0.022999,19109.0,0.022998,12648.0,0.023003,3405.0,0.023004,2143.0
1753547044378,16:24:04.378,ACH/USDT:USDT,0.022999,19109.0,0.022998,12648.0,0.023003,3405.0,0.023004,2143.0
1753547044557,16:24:04.557,ACH/USDT:USDT,0.022999,19109.0,0.022998,12648.0,0.023003,3405.0,0.023004,2143.0
1753547044661,16:24:04.661,ACH/USDT:USDT,0.022999,19109.0,0.022998,12648.0,0.023003,3405.0,0.023004,2143.0
1753547044822,16:24:04.822,ACH/USDT:USDT,0.022999,19109.0,0.022998,12648.0,0.023003,3387.0,0.023004,2143.0
1753547044926,16:24:04.926,ACH/USDT:USDT,0.022999,19109.0,0.022998,12648.0,0.023003,3387.0,0.023004,2143.0
1753547045071,16:24:05.071,ACH/USDT:USDT,0.022999,19109.0,0.022998,12648.0,0.023003,3387.0,0.023004,2143.0
1753547045218,16:24:05.218,ACH/USDT:USDT,0.022999,19109.0,0.022998,12648.0,0.023003,3387.0,0.023004,2143.0
1753547045395,16:24:05.395,ACH/USDT:USDT,0.022999,19109.0,0.022998,12648.0,0.023003,3387.0,0.023004,2143.0
1753547045502,16:24:05.502,ACH/USDT:USDT,0.022999,19109.0,0.022998,12648.0,0.023003,3387.0,0.023004,2143.0
1753547045605,16:24:05.605,ACH/USDT:USDT,0.022999,19109.0,0.022998,12648.0,0.023003,3387.0,0.023004,2143.0
1753547046142,16:24:06.142,ACH/USDT:USDT,0.022999,19109.0,0.022998,13518.0,0.023003,3387.0,0.023004,2143.0
1753547046295,16:24:06.295,ACH/USDT:USDT,0.022999,19109.0,0.022998,13518.0,0.023003,3387.0,0.023004,2143.0
1753547046443,16:24:06.443,ACH/USDT:USDT,0.022999,19109.0,0.022998,13518.0,0.023003,3387.0,0.023004,2143.0
1753547046602,16:24:06.602,ACH/USDT:USDT,0.022999,19109.0,0.022998,13518.0,0.023003,3387.0,0.023004,2143.0
1753547046802,16:24:06.802,ACH/USDT:USDT,0.022999,19109.0,0.022998,13518.0,0.023003,3387.0,0.023004,2143.0
1753547046917,16:24:06.917,ACH/USDT:USDT,0.022999,19109.0,0.022998,13518.0,0.023003,3387.0,0.023004,2143.0
1753547047056,16:24:07.056,ACH/USDT:USDT,0.022999,19109.0,0.022998,13518.0,0.023003,3387.0,0.023004,2143.0
1753547047347,16:24:07.347,ACH/USDT:USDT,0.022999,19109.0,0.022998,13518.0,0.023003,3387.0,0.023004,2143.0
1753547047450,16:24:07.450,ACH/USDT:USDT,0.022999,19109.0,0.022998,13518.0,0.023003,3387.0,0.023004,2143.0
1753547047553,16:24:07.553,ACH/USDT:USDT,0.022999,19109.0,0.022998,13518.0,0.023003,3387.0,0.023004,2143.0
1753547047690,16:24:07.690,ACH/USDT:USDT,0.022999,19109.0,0.022998,13518.0,0.023003,3387.0,0.023004,2143.0
1753547047869,16:24:07.869,ACH/USDT:USDT,0.022999,19109.0,0.022998,13518.0,0.023003,3387.0,0.023004,2143.0
1753547048164,16:24:08.164,ACH/USDT:USDT,0.022999,19109.0,0.022998,13518.0,0.023003,3387.0,0.023004,2143.0
1753547048346,16:24:08.346,ACH/USDT:USDT,0.022999,17297.0,0.022998,9961.0,0.023003,3387.0,0.023004,2143.0
1753547048452,16:24:08.452,ACH/USDT:USDT,0.022998,1188.0,0.022997,655.0,0.023002,563.0,0.023003,3607.0
1753547048554,16:24:08.554,ACH/USDT:USDT,0.022998,1188.0,0.022997,655.0,0.023002,563.0,0.023003,3607.0
1753547048657,16:24:08.657,ACH/USDT:USDT,0.022998,1188.0,0.022997,655.0,0.023002,563.0,0.023003,3607.0
1753547048797,16:24:08.797,ACH/USDT:USDT,0.022998,1188.0,0.022997,655.0,0.023002,546.0,0.023003,3607.0
1753547048906,16:24:08.906,ACH/USDT:USDT,0.022998,1188.0,0.022997,655.0,0.023002,1416.0,0.023003,8263.0
1753547049009,16:24:09.009,ACH/USDT:USDT,0.022998,1188.0,0.022997,655.0,0.023002,1416.0,0.023003,8263.0
1753547049305,16:24:09.305,ACH/USDT:USDT,0.022998,1188.0,0.022997,655.0,0.023002,1416.0,0.023003,8263.0
1753547049428,16:24:09.428,ACH/USDT:USDT,0.022998,1188.0,0.022997,655.0,0.023002,1416.0,0.023003,8263.0
1753547049550,16:24:09.550,ACH/USDT:USDT,0.022998,1188.0,0.022997,655.0,0.023002,1416.0,0.023003,8263.0
1753547049795,16:24:09.795,ACH/USDT:USDT,0.022998,1188.0,0.022997,4212.0,0.023002,1232.0,0.023003,8263.0
1753547049902,16:24:09.902,ACH/USDT:USDT,0.022998,1188.0,0.022997,4212.0,0.023002,1232.0,0.023003,8263.0
1753547050135,16:24:10.135,ACH/USDT:USDT,0.022998,1188.0,0.022997,5082.0,0.023002,362.0,0.023003,8263.0
1753547050248,16:24:10.248,ACH/USDT:USDT,0.022998,1188.0,0.022997,5082.0,0.023002,362.0,0.023003,8263.0
1753547050395,16:24:10.395,ACH/USDT:USDT,0.022998,1188.0,0.022997,5082.0,0.023002,362.0,0.023003,8263.0
1753547050510,16:24:10.510,ACH/USDT:USDT,0.022998,1188.0,0.022997,5082.0,0.023002,362.0,0.023003,8263.0
1753547050759,16:24:10.759,ACH/USDT:USDT,0.022999,1999.0,0.022998,4202.0,0.023002,362.0,0.023003,8263.0
1753547050897,16:24:10.897,ACH/USDT:USDT,0.022999,2869.0,0.022998,4202.0,0.023002,362.0,0.023003,3607.0
1753547051001,16:24:11.001,ACH/USDT:USDT,0.022999,2869.0,0.022998,4202.0,0.023002,362.0,0.023003,3607.0
1753547051402,16:24:11.402,ACH/USDT:USDT,0.022999,2869.0,0.022998,4202.0,0.023002,362.0,0.023003,3607.0
1753547051510,16:24:11.510,ACH/USDT:USDT,0.023001,1999.0,0.023,9571.0,0.023003,3387.0,0.023004,54567.0
1753547051618,16:24:11.618,ACH/USDT:USDT,0.023001,2869.0,0.023,9571.0,0.023003,3387.0,0.023004,54567.0
1753547051724,16:24:11.724,ACH/USDT:USDT,0.023001,870.0,0.023,9571.0,0.023003,3014.0,0.023004,54567.0
1753547051982,16:24:11.982,ACH/USDT:USDT,0.023001,870.0,0.023,9571.0,0.023003,3014.0,0.023004,54567.0
1753547052414,16:24:12.414,ACH/USDT:USDT,0.023002,1999.0,0.023001,1713.0,0.023003,3014.0,0.023004,54567.0
1753547052517,16:24:12.517,ACH/USDT:USDT,0.023002,1999.0,0.023001,1713.0,0.023003,3014.0,0.023004,54567.0
1753547052618,16:24:12.618,ACH/USDT:USDT,0.023002,1999.0,0.023001,1713.0,0.023003,3014.0,0.023004,54567.0
1753547052994,16:24:12.994,ACH/USDT:USDT,0.023002,1999.0,0.023001,1713.0,0.023003,3014.0,0.023004,54567.0
1753547053096,16:24:13.096,ACH/USDT:USDT,0.023002,1999.0,0.023001,1713.0,0.023003,3014.0,0.023004,54567.0
1753547053208,16:24:13.208,ACH/USDT:USDT,0.023001,843.0,0.023,3435.0,0.023003,3014.0,0.023004,54567.0
1753547053574,16:24:13.574,ACH/USDT:USDT,0.023001,843.0,0.023,435.0,0.023003,3014.0,0.023004,54567.0
1753547053702,16:24:13.702,ACH/USDT:USDT,0.023001,843.0,0.023,435.0,0.023003,3014.0,0.023004,54567.0
1753547053855,16:24:13.855,ACH/USDT:USDT,0.023001,843.0,0.023,3992.0,0.023003,3014.0,0.023004,54567.0
1753547053988,16:24:13.988,ACH/USDT:USDT,0.023001,843.0,0.023,3992.0,0.023003,3014.0,0.023004,54567.0
1753547054186,16:24:14.186,ACH/USDT:USDT,0.023001,843.0,0.023,3992.0,0.023003,3014.0,0.023004,54567.0
1753547054291,16:24:14.291,ACH/USDT:USDT,0.023001,843.0,0.023,435.0,0.023003,3014.0,0.023004,54567.0
1753547054424,16:24:14.424,ACH/USDT:USDT,0.023001,843.0,0.023,435.0,0.023002,5906.0,0.023003,3884.0
1753547054529,16:24:14.529,ACH/USDT:USDT,0.023001,843.0,0.023,435.0,0.023002,5906.0,0.023003,3884.0
1753547054651,16:24:14.651,ACH/USDT:USDT,0.023001,843.0,0.023,435.0,0.023002,5906.0,0.023003,3884.0
1753547054753,16:24:14.753,ACH/USDT:USDT,0.023001,843.0,0.023,435.0,0.023002,5906.0,0.023003,3884.0
1753547054860,16:24:14.860,ACH/USDT:USDT,0.023001,843.0,0.023,435.0,0.023002,5702.0,0.023003,3884.0
1753547055007,16:24:15.007,ACH/USDT:USDT,0.023001,843.0,0.023,435.0,0.023002,5702.0,0.023003,3884.0
1753547055136,16:24:15.136,ACH/USDT:USDT,0.023001,843.0,0.023,435.0,0.023002,5702.0,0.023003,3884.0
1753547055255,16:24:15.255,ACH/USDT:USDT,0.022999,480.0,0.022998,1623.0,0.023001,8643.0,0.023002,6007.0
1753547055359,16:24:15.359,ACH/USDT:USDT,0.022999,1338.0,0.022998,1623.0,0.023001,8643.0,0.023002,6007.0
1753547055512,16:24:15.512,ACH/USDT:USDT,0.022999,1338.0,0.022998,1623.0,0.023001,8643.0,0.023002,6007.0
1753547055620,16:24:15.620,ACH/USDT:USDT,0.023003,4519.0,0.023001,10112.0,0.023004,30469.0,0.023005,4467.0
1753547055724,16:24:15.724,ACH/USDT:USDT,0.023003,4519.0,0.023001,4622.0,0.023004,30463.0,0.023005,4467.0
1753547055825,16:24:15.825,ACH/USDT:USDT,0.023003,15265.0,0.023002,305.0,0.023005,4193.0,0.023007,435.0
1753547055928,16:24:15.928,ACH/USDT:USDT,0.023003,15265.0,0.023002,305.0,0.023005,4193.0,0.023007,435.0
1753547056134,16:24:16.134,ACH/USDT:USDT,0.023003,15265.0,0.023002,305.0,0.023005,4193.0,0.023007,435.0
1753547056302,16:24:16.302,ACH/USDT:USDT,0.023003,16524.0,0.023002,305.0,0.023005,4193.0,0.023007,435.0
1753547056415,16:24:16.415,ACH/USDT:USDT,0.023003,16524.0,0.023002,305.0,0.023005,4193.0,0.023007,435.0
1753547056524,16:24:16.524,ACH/USDT:USDT,0.023003,16524.0,0.023002,305.0,0.023005,4193.0,0.023007,435.0
1753547056667,16:24:16.667,ACH/USDT:USDT,0.023003,16524.0,0.023002,305.0,0.023005,4193.0,0.023007,435.0
1753547056854,16:24:16.854,ACH/USDT:USDT,0.023003,16524.0,0.023002,305.0,0.023005,4193.0,0.023007,435.0
1753547056957,16:24:16.957,ACH/USDT:USDT,0.023003,16524.0,0.023002,305.0,0.023005,4193.0,0.023007,435.0
1753547057060,16:24:17.060,ACH/USDT:USDT,0.023003,16524.0,0.023002,305.0,0.023005,4193.0,0.023007,435.0
1753547057166,16:24:17.166,ACH/USDT:USDT,0.023003,16524.0,0.023002,305.0,0.023005,4193.0,0.023007,435.0
1753547057371,16:24:17.371,ACH/USDT:USDT,0.023003,16524.0,0.023002,305.0,0.023005,4193.0,0.023007,435.0
1753547057489,16:24:17.489,ACH/USDT:USDT,0.023003,16524.0,0.023002,305.0,0.023005,4193.0,0.023007,435.0
1753547057716,16:24:17.716,ACH/USDT:USDT,0.023003,16524.0,0.023002,305.0,0.023005,4193.0,0.023007,435.0
1753547057824,16:24:17.824,ACH/USDT:USDT,0.023004,6661.0,0.023003,12863.0,0.023005,4176.0,0.023007,435.0
1753547057927,16:24:17.927,ACH/USDT:USDT,0.023005,17685.0,0.023004,20170.0,0.023012,655.0,0.023013,435.0
1753547058028,16:24:18.028,ACH/USDT:USDT,0.023015,3661.0,0.023013,3740.0,0.023016,943.0,0.023017,655.0
1753547058129,16:24:18.129,ACH/USDT:USDT,0.023015,4511.0,0.023013,3740.0,0.023016,943.0,0.023017,655.0
1753547058231,16:24:18.231,ACH/USDT:USDT,0.023015,4511.0,0.023013,3740.0,0.023016,943.0,0.023017,655.0
1753547058347,16:24:18.347,ACH/USDT:USDT,0.023015,4511.0,0.023013,3740.0,0.023016,943.0,0.023017,655.0
1753547058525,16:24:18.525,ACH/USDT:USDT,0.023015,4511.0,0.023013,3740.0,0.023016,943.0,0.023017,655.0
1753547058631,16:24:18.631,ACH/USDT:USDT,0.023015,4511.0,0.023013,3740.0,0.023016,943.0,0.023017,655.0
1753547058802,16:24:18.802,ACH/USDT:USDT,0.023015,4511.0,0.023013,3740.0,0.023016,943.0,0.023017,655.0
1753547059006,16:24:19.006,ACH/USDT:USDT,0.023015,4511.0,0.023013,3740.0,0.023016,943.0,0.023017,655.0
1753547059309,16:24:19.309,ACH/USDT:USDT,0.023015,4511.0,0.023013,3740.0,0.023016,943.0,0.023017,655.0
1753547059415,16:24:19.415,ACH/USDT:USDT,0.023015,4511.0,0.023013,4297.0,0.023016,2614.0,0.023017,220.0
1753547059519,16:24:19.519,ACH/USDT:USDT,0.023015,4511.0,0.023013,11486.0,0.023016,2614.0,0.023017,220.0
1753547059622,16:24:19.622,ACH/USDT:USDT,0.023015,4511.0,0.023013,11486.0,0.023016,2614.0,0.023017,220.0
1753547059726,16:24:19.726,ACH/USDT:USDT,0.023015,4511.0,0.023013,11486.0,0.023016,2597.0,0.023017,220.0
1753547059903,16:24:19.903,ACH/USDT:USDT,0.023015,4511.0,0.023013,11486.0,0.023016,2597.0,0.023017,220.0
1753547060025,16:24:20.025,ACH/USDT:USDT,0.023015,4511.0,0.023013,11486.0,0.023016,2597.0,0.023017,220.0
1753547060166,16:24:20.166,ACH/USDT:USDT,0.023015,4511.0,0.023013,11486.0,0.023016,2597.0,0.023017,220.0
1753547060302,16:24:20.302,ACH/USDT:USDT,0.023015,4511.0,0.023013,11486.0,0.023016,2597.0,0.023017,220.0
1753547060491,16:24:20.491,ACH/USDT:USDT,0.023015,4511.0,0.023013,11486.0,0.023016,2827.0,0.023017,220.0
1753547060606,16:24:20.606,ACH/USDT:USDT,0.023015,4511.0,0.023013,11486.0,0.023016,2827.0,0.023017,220.0
1753547060710,16:24:20.710,ACH/USDT:USDT,0.023015,4511.0,0.023013,11486.0,0.023016,2827.0,0.023017,220.0
1753547060816,16:24:20.816,ACH/USDT:USDT,0.023015,4511.0,0.023013,11486.0,0.023016,2827.0,0.023017,220.0
1753547061018,16:24:21.018,ACH/USDT:USDT,0.023015,4511.0,0.023013,11486.0,0.023016,2827.0,0.023017,220.0
1753547061121,16:24:21.121,ACH/USDT:USDT,0.023015,4511.0,0.023013,11486.0,0.023016,2827.0,0.023017,220.0
1753547061237,16:24:21.237,ACH/USDT:USDT,0.023017,3661.0,0.023016,201909.0,0.023018,170.0,0.023019,655.0
1753547061341,16:24:21.341,ACH/USDT:USDT,0.023017,4530.0,0.023016,201909.0,0.023018,170.0,0.023019,655.0
1753547061445,16:24:21.445,ACH/USDT:USDT,0.023017,4530.0,0.023016,201909.0,0.023018,170.0,0.023019,655.0
1753547061548,16:24:21.548,ACH/USDT:USDT,0.023017,4530.0,0.023016,201909.0,0.023018,170.0,0.023019,655.0
1753547061748,16:24:21.748,ACH/USDT:USDT,0.023017,4530.0,0.023016,194123.0,0.023018,170.0,0.023019,655.0
1753547061850,16:24:21.850,ACH/USDT:USDT,0.023017,4530.0,0.023016,194123.0,0.023018,170.0,0.023019,655.0
1753547062027,16:24:22.027,ACH/USDT:USDT,0.023017,4530.0,0.023016,194123.0,0.023018,170.0,0.023019,655.0
1753547062136,16:24:22.136,ACH/USDT:USDT,0.023017,4530.0,0.023016,194123.0,0.023018,170.0,0.023019,655.0
1753547062242,16:24:22.242,ACH/USDT:USDT,0.023017,4530.0,0.023016,194123.0,0.023018,170.0,0.023019,655.0
1753547062355,16:24:22.355,ACH/USDT:USDT,0.023017,4530.0,0.023016,194123.0,0.023018,170.0,0.023019,655.0
1753547062460,16:24:22.460,ACH/USDT:USDT,0.023017,3661.0,0.023016,194123.0,0.023018,170.0,0.023019,655.0
1753547062563,16:24:22.563,ACH/USDT:USDT,0.023017,3661.0,0.023016,194123.0,0.023018,170.0,0.023019,655.0
1753547062666,16:24:22.666,ACH/USDT:USDT,0.023017,3661.0,0.023016,194123.0,0.023018,170.0,0.023019,655.0
1753547062783,16:24:22.783,ACH/USDT:USDT,0.023017,3661.0,0.023016,194123.0,0.02302,676.0,0.023021,655.0
1753547062884,16:24:22.884,ACH/USDT:USDT,0.023019,3661.0,0.023018,1748.0,0.02302,676.0,0.023021,655.0
1753547062985,16:24:22.985,ACH/USDT:USDT,0.023019,3661.0,0.023018,1748.0,0.02302,676.0,0.023021,655.0
1753547063098,16:24:23.098,ACH/USDT:USDT,0.023019,3661.0,0.023018,1748.0,0.02302,676.0,0.023021,655.0
1753547063270,16:24:23.270,ACH/USDT:USDT,0.023019,3661.0,0.023018,1748.0,0.02302,676.0,0.023021,655.0
1753547063515,16:24:23.515,ACH/USDT:USDT,0.023021,3661.0,0.02302,2868.0,0.023022,956.0,0.023023,1150.0
1753547063618,16:24:23.618,ACH/USDT:USDT,0.023021,4484.0,0.02302,2868.0,0.023022,956.0,0.023023,1150.0
1753547063721,16:24:23.721,ACH/USDT:USDT,0.023022,8660.0,0.023021,3837.0,0.023023,1150.0,0.023024,1677.0
1753547063823,16:24:23.823,ACH/USDT:USDT,0.023022,8660.0,0.023021,3837.0,0.023023,1379.0,0.023024,1677.0
1753547063925,16:24:23.925,ACH/USDT:USDT,0.023022,8660.0,0.023021,3837.0,0.023023,1379.0,0.023024,1677.0
1753547064038,16:24:24.038,ACH/USDT:USDT,0.023022,8660.0,0.023021,3837.0,0.023023,1379.0,0.023024,1677.0
1753547064190,16:24:24.190,ACH/USDT:USDT,0.023022,8660.0,0.023021,3837.0,0.023023,1379.0,0.023024,1677.0
1753547064310,16:24:24.310,ACH/USDT:USDT,0.023022,8660.0,0.023021,3837.0,0.023023,1379.0,0.023024,1677.0
1753547064471,16:24:24.471,ACH/USDT:USDT,0.023022,3661.0,0.023021,3837.0,0.023023,1150.0,0.023024,1677.0
1753547064602,16:24:24.602,ACH/USDT:USDT,0.023022,3661.0,0.023021,3837.0,0.023023,1457.0,0.023024,1677.0
1753547064818,16:24:24.818,ACH/USDT:USDT,0.023022,3661.0,0.023021,3837.0,0.023023,1457.0,0.023024,1677.0
1753547065002,16:24:25.002,ACH/USDT:USDT,0.023022,3661.0,0.023021,3837.0,0.023023,1457.0,0.023024,1677.0
1753547065129,16:24:25.129,ACH/USDT:USDT,0.023022,3661.0,0.023021,3837.0,0.023023,1457.0,0.023024,1677.0
1753547065232,16:24:25.232,ACH/USDT:USDT,0.023022,3661.0,0.023021,3837.0,0.023023,1457.0,0.023024,1677.0
1753547065408,16:24:25.408,ACH/USDT:USDT,0.023022,3661.0,0.023021,3837.0,0.023023,1457.0,0.023024,1677.0
1753547065516,16:24:25.516,ACH/USDT:USDT,0.023022,3661.0,0.023021,3837.0,0.023023,1457.0,0.023024,1677.0
1753547065627,16:24:25.627,ACH/USDT:USDT,0.023022,3661.0,0.023021,3837.0,0.023023,1294.0,0.023024,1677.0
1753547065730,16:24:25.730,ACH/USDT:USDT,0.023022,3661.0,0.023021,3837.0,0.023023,1294.0,0.023024,1677.0
1753547065831,16:24:25.831,ACH/USDT:USDT,0.023022,3661.0,0.023021,3837.0,0.023023,1294.0,0.023024,1677.0
1753547066085,16:24:26.085,ACH/USDT:USDT,0.023022,3661.0,0.023021,823.0,0.023023,777.0,0.023024,1677.0
1753547066190,16:24:26.190,ACH/USDT:USDT,0.023022,3661.0,0.02302,435.0,0.023023,1607.0,0.023024,1677.0
1753547066548,16:24:26.548,ACH/USDT:USDT,0.023022,3661.0,0.02302,435.0,0.023023,1607.0,0.023024,1677.0
1753547066673,16:24:26.673,ACH/USDT:USDT,0.023022,3661.0,0.02302,435.0,0.023023,1137.0,0.023024,1677.0
1753547066775,16:24:26.775,ACH/USDT:USDT,0.023022,3661.0,0.02302,435.0,0.023023,948.0,0.023024,1677.0
1753547066916,16:24:26.916,ACH/USDT:USDT,0.023022,3661.0,0.02302,435.0,0.023023,948.0,0.023024,1677.0
1753547067059,16:24:27.059,ACH/USDT:USDT,0.023022,3661.0,0.02302,435.0,0.023023,948.0,0.023024,1677.0
1753547067163,16:24:27.163,ACH/USDT:USDT,0.023022,4531.0,0.02302,435.0,0.023023,1059.0,0.023024,1677.0
1753547067301,16:24:27.301,ACH/USDT:USDT,0.023022,4531.0,0.02302,435.0,0.023023,1059.0,0.023024,1677.0
1753547067439,16:24:27.439,ACH/USDT:USDT,0.023022,4531.0,0.02302,435.0,0.023023,1059.0,0.023024,1677.0
1753547067560,16:24:27.560,ACH/USDT:USDT,0.023022,4531.0,0.02302,1304.0,0.023023,1059.0,0.023024,1677.0
1753547067698,16:24:27.698,ACH/USDT:USDT,0.023022,4531.0,0.02302,4861.0,0.023023,1027.0,0.023024,1677.0
1753547067834,16:24:27.834,ACH/USDT:USDT,0.023022,4531.0,0.02302,4861.0,0.023023,1027.0,0.023024,1677.0
1753547067935,16:24:27.935,ACH/USDT:USDT,0.023022,4531.0,0.02302,4861.0,0.023023,1027.0,0.023024,1677.0
1753547068102,16:24:28.102,ACH/USDT:USDT,0.023022,4531.0,0.02302,4861.0,0.023023,229.0,0.023024,1677.0
1753547068259,16:24:28.259,ACH/USDT:USDT,0.023022,4531.0,0.02302,4861.0,0.023023,229.0,0.023024,1677.0
1753547068362,16:24:28.362,ACH/USDT:USDT,0.023022,4531.0,0.02302,4861.0,0.023023,229.0,0.023024,1677.0
1753547068560,16:24:28.560,ACH/USDT:USDT,0.023022,4531.0,0.02302,4861.0,0.023023,229.0,0.023024,1677.0
1753547068663,16:24:28.663,ACH/USDT:USDT,0.023022,4531.0,0.02302,1304.0,0.023023,229.0,0.023024,1677.0
1753547068779,16:24:28.779,ACH/USDT:USDT,0.023023,201403.0,0.023022,1175.0,0.023024,701.0,0.023025,435.0
1753547068893,16:24:28.893,ACH/USDT:USDT,0.023023,201403.0,0.023022,1175.0,0.023024,701.0,0.023025,435.0
1753547069010,16:24:29.010,ACH/USDT:USDT,0.023024,3661.0,0.023023,197742.0,0.023026,8294.0,0.023028,1915.0
1753547069112,16:24:29.112,ACH/USDT:USDT,0.023024,3661.0,0.023023,197742.0,0.023026,8294.0,0.023028,1915.0
1753547069216,16:24:29.216,ACH/USDT:USDT,0.023024,3661.0,0.023023,197742.0,0.023026,8294.0,0.023028,1915.0
1753547069402,16:24:29.402,ACH/USDT:USDT,0.023024,3661.0,0.023023,197742.0,0.023026,8294.0,0.023028,1915.0
1753547069517,16:24:29.517,ACH/USDT:USDT,0.023024,3661.0,0.023023,196873.0,0.023026,8294.0,0.023028,1915.0
1753547069656,16:24:29.656,ACH/USDT:USDT,0.023024,3661.0,0.023023,196873.0,0.023026,8294.0,0.023028,1915.0
1753547069796,16:24:29.796,ACH/USDT:USDT,0.023024,3661.0,0.023023,193873.0,0.023026,8292.0,0.023028,1915.0
1753547069933,16:24:29.933,ACH/USDT:USDT,0.023024,3661.0,0.023023,193873.0,0.023026,8292.0,0.023028,1915.0
1753547070035,16:24:30.035,ACH/USDT:USDT,0.023024,3661.0,0.023023,193873.0,0.023026,7792.0,0.023028,1915.0
1753547070136,16:24:30.136,ACH/USDT:USDT,0.023024,3661.0,0.023023,193873.0,0.023026,7792.0,0.023028,1915.0
1753547070244,16:24:30.244,ACH/USDT:USDT,0.023025,5457.0,0.023023,194308.0,0.023026,7792.0,0.023028,1915.0
1753547070350,16:24:30.350,ACH/USDT:USDT,0.023025,5457.0,0.023023,195177.0,0.023026,7792.0,0.023028,1915.0
1753547070502,16:24:30.502,ACH/USDT:USDT,0.023025,5457.0,0.023023,195177.0,0.023026,7792.0,0.023028,1915.0
1753547070608,16:24:30.608,ACH/USDT:USDT,0.023025,5457.0,0.023023,195177.0,0.023026,7792.0,0.023028,1915.0
1753547070802,16:24:30.802,ACH/USDT:USDT,0.023025,5457.0,0.023023,195177.0,0.023026,7792.0,0.023028,1915.0
1753547070905,16:24:30.905,ACH/USDT:USDT,0.023025,5457.0,0.023023,194308.0,0.023026,7792.0,0.023028,1915.0
1753547071065,16:24:31.065,ACH/USDT:USDT,0.023025,5457.0,0.023023,194308.0,0.023026,7792.0,0.023028,1915.0
1753547071166,16:24:31.166,ACH/USDT:USDT,0.023025,5457.0,0.023024,29146.0,0.023026,7792.0,0.023028,1915.0
1753547071275,16:24:31.275,ACH/USDT:USDT,0.023025,5457.0,0.023024,29146.0,0.023026,7792.0,0.023028,1915.0
1753547071379,16:24:31.379,ACH/USDT:USDT,0.023025,5457.0,0.023024,29146.0,0.023026,7792.0,0.023028,1915.0
1753547071517,16:24:31.517,ACH/USDT:USDT,0.023025,5457.0,0.023024,29146.0,0.023026,7792.0,0.023028,1915.0
1753547071664,16:24:31.664,ACH/USDT:USDT,0.023025,8457.0,0.023024,29146.0,0.023026,7089.0,0.023028,1915.0
1753547071768,16:24:31.768,ACH/USDT:USDT,0.023025,8457.0,0.023024,29146.0,0.023026,7089.0,0.023028,1915.0
1753547071873,16:24:31.873,ACH/USDT:USDT,0.023025,8457.0,0.023024,29146.0,0.023026,7089.0,0.023028,1915.0
1753547072006,16:24:32.006,ACH/USDT:USDT,0.023025,8457.0,0.023023,1152.0,0.023026,7089.0,0.023028,1915.0
1753547072109,16:24:32.109,ACH/USDT:USDT,0.023025,8457.0,0.023023,1152.0,0.023026,7089.0,0.023028,1915.0
1753547072217,16:24:32.217,ACH/USDT:USDT,0.023025,8457.0,0.023023,1152.0,0.023026,7089.0,0.023028,1915.0
1753547072330,16:24:32.330,ACH/USDT:USDT,0.023025,8457.0,0.023023,18942.0,0.023026,7089.0,0.023028,1915.0
1753547072432,16:24:32.432,ACH/USDT:USDT,0.023025,8457.0,0.023023,12278.0,0.023026,7089.0,0.023028,1915.0
1753547072543,16:24:32.543,ACH/USDT:USDT,0.023025,8457.0,0.023023,12278.0,0.023026,7089.0,0.023028,1915.0
1753547072654,16:24:32.654,ACH/USDT:USDT,0.023025,5457.0,0.023023,12278.0,0.023026,7036.0,0.023028,1915.0
1753547072768,16:24:32.768,ACH/USDT:USDT,0.023025,5457.0,0.023023,12278.0,0.023026,6847.0,0.023028,1915.0
1753547072980,16:24:32.980,ACH/USDT:USDT,0.023025,5457.0,0.023023,12278.0,0.023026,6847.0,0.023028,1915.0
1753547073140,16:24:33.140,ACH/USDT:USDT,0.023025,19583.0,0.023024,7152.0,0.023026,6847.0,0.023028,1915.0
1753547073242,16:24:33.242,ACH/USDT:USDT,0.023025,19583.0,0.023024,7152.0,0.023026,6847.0,0.023028,1915.0
1753547073355,16:24:33.355,ACH/USDT:USDT,0.023025,19583.0,0.023024,7152.0,0.023026,6847.0,0.023028,1915.0
1753547073486,16:24:33.486,ACH/USDT:USDT,0.023027,14787.0,0.023026,27810.0,0.023028,239.0,0.02303,2456.0
1753547073590,16:24:33.590,ACH/USDT:USDT,0.023027,14787.0,0.023026,16684.0,0.023028,239.0,0.02303,2456.0
1753547073707,16:24:33.707,ACH/USDT:USDT,0.023027,14787.0,0.023026,16684.0,0.023028,239.0,0.02303,2456.0
1753547073819,16:24:33.819,ACH/USDT:USDT,0.023029,16864.0,0.023028,165335.0,0.02303,1000.0,0.023031,220.0
1753547073922,16:24:33.922,ACH/USDT:USDT,0.023029,42609.0,0.023028,179785.0,0.023033,6948.0,0.023034,1934.0
1753547074024,16:24:34.024,ACH/USDT:USDT,0.023029,42609.0,0.023028,179785.0,0.023033,6948.0,0.023034,1934.0
1753547074180,16:24:34.180,ACH/USDT:USDT,0.023029,42609.0,0.023028,172633.0,0.023033,6948.0,0.023034,1934.0
1753547074288,16:24:34.288,ACH/USDT:USDT,0.023029,42609.0,0.023028,172633.0,0.023033,6948.0,0.023034,1934.0
1753547074407,16:24:34.407,ACH/USDT:USDT,0.023029,42609.0,0.023028,172633.0,0.023033,6948.0,0.023034,1934.0
1753547074516,16:24:34.516,ACH/USDT:USDT,0.023029,42837.0,0.023028,199075.0,0.023033,6948.0,0.023034,1934.0
1753547074670,16:24:34.670,ACH/USDT:USDT,0.023029,49008.0,0.023028,199075.0,0.023034,6029.0,0.023035,1279.0
1753547074774,16:24:34.774,ACH/USDT:USDT,0.023029,49008.0,0.023028,199075.0,0.023034,6029.0,0.023035,1279.0
1753547074889,16:24:34.889,ACH/USDT:USDT,0.023029,49008.0,0.023028,199075.0,0.023034,6029.0,0.023035,1279.0
1753547074996,16:24:34.996,ACH/USDT:USDT,0.023029,49008.0,0.023028,199075.0,0.023034,6029.0,0.023035,1279.0
1753547075104,16:24:35.104,ACH/USDT:USDT,0.023029,49877.0,0.023028,199075.0,0.023034,6029.0,0.023035,1279.0
1753547075212,16:24:35.212,ACH/USDT:USDT,0.023029,49877.0,0.023028,199075.0,0.023034,6029.0,0.023035,1279.0
1753547075327,16:24:35.327,ACH/USDT:USDT,0.023029,49877.0,0.023028,199075.0,0.023034,6029.0,0.023035,1279.0
1753547075429,16:24:35.429,ACH/USDT:USDT,0.023029,49877.0,0.023028,199075.0,0.023034,6029.0,0.023035,1279.0
1753547075587,16:24:35.587,ACH/USDT:USDT,0.023029,49877.0,0.023028,199075.0,0.023034,7097.0,0.023036,1592.0
1753547075690,16:24:35.690,ACH/USDT:USDT,0.023029,49877.0,0.023028,199075.0,0.023036,11881.0,0.023037,1676.0
1753547075794,16:24:35.794,ACH/USDT:USDT,0.023029,49877.0,0.023028,171999.0,0.023033,8524.0,0.023035,435.0
1753547075907,16:24:35.907,ACH/USDT:USDT,0.023029,49877.0,0.023028,171999.0,0.023033,8524.0,0.023035,435.0
1753547076078,16:24:36.078,ACH/USDT:USDT,0.023029,24208.0,0.023028,10760.0,0.023033,8524.0,0.023035,435.0
1753547076182,16:24:36.182,ACH/USDT:USDT,0.023029,18037.0,0.023028,10760.0,0.023033,8524.0,0.023035,435.0
1753547076356,16:24:36.356,ACH/USDT:USDT,0.023029,18037.0,0.023028,3608.0,0.023033,8524.0,0.023035,435.0
1753547076565,16:24:36.565,ACH/USDT:USDT,0.023029,16038.0,0.023028,608.0,0.023033,8524.0,0.023034,869.0
1753547076702,16:24:36.702,ACH/USDT:USDT,0.023029,16038.0,0.023028,608.0,0.023033,8409.0,0.023034,869.0
1753547076806,16:24:36.806,ACH/USDT:USDT,0.023029,19092.0,0.023028,7272.0,0.023033,8409.0,0.023035,435.0
1753547076912,16:24:36.912,ACH/USDT:USDT,0.023029,19092.0,0.023028,7272.0,0.023033,8409.0,0.023035,435.0
1753547077095,16:24:37.095,ACH/USDT:USDT,0.023029,19092.0,0.023028,7272.0,0.023033,8409.0,0.023035,435.0
1753547077223,16:24:37.223,ACH/USDT:USDT,0.023032,3661.0,0.023031,11204.0,0.023033,8409.0,0.023034,304.0
1753547077328,16:24:37.328,ACH/USDT:USDT,0.023032,3661.0,0.023031,11204.0,0.023033,8409.0,0.023034,304.0
1753547077435,16:24:37.435,ACH/USDT:USDT,0.023032,3661.0,0.023031,11204.0,0.023033,8409.0,0.023034,304.0
1753547077539,16:24:37.539,ACH/USDT:USDT,0.023032,14865.0,0.02303,2434.0,0.023033,8409.0,0.023034,304.0
1753547077661,16:24:37.661,ACH/USDT:USDT,0.023032,15869.0,0.02303,2434.0,0.023033,8409.0,0.023034,304.0
1753547077881,16:24:37.881,ACH/USDT:USDT,0.023039,3661.0,0.023037,1608.0,0.02304,352.0,0.023041,1045.0
1753547077984,16:24:37.984,ACH/USDT:USDT,0.023039,3661.0,0.023038,1003.0,0.02304,1013.0,0.023041,1045.0
1753547078087,16:24:38.087,ACH/USDT:USDT,0.023039,3661.0,0.023038,1003.0,0.02304,1013.0,0.023041,1045.0
1753547078306,16:24:38.306,ACH/USDT:USDT,0.023039,3661.0,0.023038,1003.0,0.02304,352.0,0.023041,1045.0
1753547078411,16:24:38.411,ACH/USDT:USDT,0.023039,3661.0,0.023038,1003.0,0.02304,352.0,0.023041,1045.0
1753547078514,16:24:38.514,ACH/USDT:USDT,0.023039,3661.0,0.023038,1003.0,0.02304,352.0,0.023041,1045.0
1753547078647,16:24:38.647,ACH/USDT:USDT,0.023039,3661.0,0.023038,1003.0,0.02304,57.0,0.023041,1045.0
1753547078755,16:24:38.755,ACH/USDT:USDT,0.023039,3661.0,0.023038,1003.0,0.02304,57.0,0.023041,1045.0
1753547078948,16:24:38.948,ACH/USDT:USDT,0.023039,3661.0,0.023038,1003.0,0.02304,57.0,0.023041,1045.0
1753547079052,16:24:39.052,ACH/USDT:USDT,0.023039,3661.0,0.023038,1003.0,0.02304,57.0,0.023041,1045.0
1753547079188,16:24:39.188,ACH/USDT:USDT,0.023039,3661.0,0.023038,1003.0,0.02304,57.0,0.023041,1045.0
1753547079367,16:24:39.367,ACH/USDT:USDT,0.023039,3661.0,0.023038,1003.0,0.02304,57.0,0.023041,1045.0
1753547079471,16:24:39.471,ACH/USDT:USDT,0.023039,3661.0,0.023038,1003.0,0.02304,57.0,0.023041,1045.0
1753547079574,16:24:39.574,ACH/USDT:USDT,0.023039,3661.0,0.023038,1003.0,0.02304,57.0,0.023041,1045.0
1753547079702,16:24:39.702,ACH/USDT:USDT,0.023039,3661.0,0.023038,1003.0,0.02304,57.0,0.023041,1045.0
1753547079850,16:24:39.850,ACH/USDT:USDT,0.023039,3661.0,0.023038,1003.0,0.02304,57.0,0.023041,1045.0
1753547079954,16:24:39.954,ACH/USDT:USDT,0.023039,3661.0,0.023038,1003.0,0.02304,57.0,0.023041,1045.0
1753547080102,16:24:40.102,ACH/USDT:USDT,0.023039,3661.0,0.023038,1003.0,0.02304,302.0,0.023041,1045.0
1753547080205,16:24:40.205,ACH/USDT:USDT,0.023039,4131.0,0.023038,1003.0,0.02304,2150.0,0.023041,610.0
1753547080306,16:24:40.306,ACH/USDT:USDT,0.023039,4131.0,0.023037,739.0,0.02304,2150.0,0.023041,610.0
1753547080431,16:24:40.431,ACH/USDT:USDT,0.023039,4131.0,0.023037,739.0,0.02304,2150.0,0.023041,610.0
1753547080550,16:24:40.550,ACH/USDT:USDT,0.023039,4131.0,0.023037,739.0,0.02304,2134.0,0.023041,610.0
1753547080653,16:24:40.653,ACH/USDT:USDT,0.023039,4131.0,0.023037,739.0,0.02304,2134.0,0.023041,610.0
1753547080756,16:24:40.756,ACH/USDT:USDT,0.023039,4131.0,0.023037,739.0,0.02304,2134.0,0.023041,610.0
1753547080863,16:24:40.863,ACH/USDT:USDT,0.023039,5154.0,0.023037,739.0,0.02304,2134.0,0.023041,610.0
1753547081024,16:24:41.024,ACH/USDT:USDT,0.023039,5479.0,0.023037,739.0,0.02304,2134.0,0.023041,610.0
1753547081177,16:24:41.177,ACH/USDT:USDT,0.023039,5479.0,0.023037,739.0,0.02304,2134.0,0.023041,610.0
1753547081507,16:24:41.507,ACH/USDT:USDT,0.023039,5983.0,0.023037,738.0,0.02304,240.0,0.023041,610.0
1753547081610,16:24:41.610,ACH/USDT:USDT,0.023039,5983.0,0.023037,7402.0,0.02304,240.0,0.023041,610.0
1753547081778,16:24:41.778,ACH/USDT:USDT,0.023039,5983.0,0.023037,7402.0,0.02304,240.0,0.023041,610.0
1753547081953,16:24:41.953,ACH/USDT:USDT,0.023039,5983.0,0.023037,7402.0,0.02304,240.0,0.023041,610.0
1753547082057,16:24:42.057,ACH/USDT:USDT,0.023039,5983.0,0.023037,7402.0,0.02304,240.0,0.023041,610.0
1753547082178,16:24:42.178,ACH/USDT:USDT,0.023039,5983.0,0.023037,8119.0,0.02304,240.0,0.023042,1903.0
1753547082355,16:24:42.355,ACH/USDT:USDT,0.023039,1852.0,0.023037,1455.0,0.023043,1999.0,0.023044,8812.0
1753547082456,16:24:42.456,ACH/USDT:USDT,0.023039,1852.0,0.023038,869.0,0.023043,4109.0,0.023044,8812.0
1753547082559,16:24:42.559,ACH/USDT:USDT,0.023039,829.0,0.023038,869.0,0.023043,19990.0,0.023044,8812.0
1753547082672,16:24:42.672,ACH/USDT:USDT,0.023038,2000.0,0.023037,2021.0,0.023042,11178.0,0.023043,19990.0
1753547082779,16:24:42.779,ACH/USDT:USDT,0.023037,1717.0,0.023035,1152.0,0.023042,11178.0,0.023043,19990.0
1753547082882,16:24:42.882,ACH/USDT:USDT,0.023037,1717.0,0.023036,220.0,0.023042,11178.0,0.023043,19990.0
1753547083007,16:24:43.007,ACH/USDT:USDT,0.023037,1717.0,0.023036,220.0,0.023042,11178.0,0.023043,19990.0
1753547083123,16:24:43.123,ACH/USDT:USDT,0.023037,1717.0,0.023036,220.0,0.023042,27058.0,0.023043,4109.0
1753547083333,16:24:43.333,ACH/USDT:USDT,0.023037,1717.0,0.023036,220.0,0.023042,27058.0,0.023043,7670.0
1753547083436,16:24:43.436,ACH/USDT:USDT,0.023037,1717.0,0.023036,220.0,0.023042,27058.0,0.023043,7670.0
1753547083537,16:24:43.537,ACH/USDT:USDT,0.023037,1717.0,0.023036,220.0,0.023042,27050.0,0.023043,7670.0
1753547083648,16:24:43.648,ACH/USDT:USDT,0.023037,1717.0,0.023036,220.0,0.023042,27050.0,0.023043,7670.0
1753547083749,16:24:43.749,ACH/USDT:USDT,0.023037,1000.0,0.023036,220.0,0.02304,8012.0,0.023041,2827.0
1753547083853,16:24:43.853,ACH/USDT:USDT,0.023037,1000.0,0.023036,220.0,0.023039,1016.0,0.023041,10045.0
1753547083954,16:24:43.954,ACH/USDT:USDT,0.023037,1000.0,0.023036,220.0,0.023039,9852.0,0.023041,10479.0
1753547084056,16:24:44.056,ACH/USDT:USDT,0.023036,220.0,0.023035,1152.0,0.023039,25730.0,0.02304,5605.0
1753547084307,16:24:44.307,ACH/USDT:USDT,0.023036,5747.0,0.023035,1817.0,0.023041,10813.0,0.023042,3484.0
1753547084408,16:24:44.408,ACH/USDT:USDT,0.023037,2010.0,0.023036,5747.0,0.023041,10813.0,0.023042,3484.0
1753547084541,16:24:44.541,ACH/USDT:USDT,0.023037,2010.0,0.023036,5747.0,0.023042,11630.0,0.023044,13580.0
1753547084643,16:24:44.643,ACH/USDT:USDT,0.023037,2010.0,0.023036,5747.0,0.023042,11630.0,0.023044,9746.0
1753547084872,16:24:44.872,ACH/USDT:USDT,0.023037,2010.0,0.023036,5747.0,0.023042,11630.0,0.023043,2738.0
1753547084978,16:24:44.978,ACH/USDT:USDT,0.023037,2010.0,0.023036,5747.0,0.023042,11630.0,0.023043,2738.0
1753547085207,16:24:45.207,ACH/USDT:USDT,0.023037,2010.0,0.023036,5747.0,0.02304,307.0,0.023042,28654.0
1753547085331,16:24:45.331,ACH/USDT:USDT,0.023037,2010.0,0.023036,5747.0,0.02304,307.0,0.023042,28654.0
1753547085521,16:24:45.521,ACH/USDT:USDT,0.023037,2010.0,0.023036,2747.0,0.02304,307.0,0.023042,12781.0
1753547085623,16:24:45.623,ACH/USDT:USDT,0.023037,2010.0,0.023036,2747.0,0.02304,307.0,0.023042,12781.0
1753547085737,16:24:45.737,ACH/USDT:USDT,0.023037,2010.0,0.023036,2747.0,0.02304,262.0,0.023042,12781.0
1753547085920,16:24:45.920,ACH/USDT:USDT,0.023038,5868.0,0.023037,2314.0,0.02304,262.0,0.023042,12782.0
1753547086025,16:24:46.025,ACH/USDT:USDT,0.023038,5868.0,0.023037,2314.0,0.02304,262.0,0.023042,12782.0
1753547086128,16:24:46.128,ACH/USDT:USDT,0.023038,3869.0,0.023037,2314.0,0.02304,262.0,0.023042,12782.0
1753547086365,16:24:46.365,ACH/USDT:USDT,0.023038,869.0,0.023037,2314.0,0.02304,262.0,0.023042,12782.0
1753547086468,16:24:46.468,ACH/USDT:USDT,0.023038,869.0,0.023037,2314.0,0.02304,262.0,0.023042,12782.0
1753547086576,16:24:46.576,ACH/USDT:USDT,0.023038,869.0,0.023037,2314.0,0.02304,262.0,0.023042,12782.0
1753547086711,16:24:46.711,ACH/USDT:USDT,0.023038,869.0,0.023037,2314.0,0.02304,230.0,0.023042,12782.0
