timestamp,time,symbol,bid1_price,bid1_volume,bid2_price,bid2_volume,ask1_price,ask1_volume,ask2_price,ask2_volume
1753546956000,16:22:36.000,ACH/USDT:USDT,0.02297,1707.0,0.02296,8534.0,0.02298,21.0,0.023,185.0
1753546956589,16:22:36.589,ACH/USDT:USDT,0.02297,1707.0,0.02296,8534.0,0.02298,21.0,0.02301,187.0
1753546956613,16:22:36.613,ACH/USDT:USDT,0.02297,1707.0,0.02296,8534.0,0.02298,21.0,0.02301,187.0
1753546956904,16:22:36.904,ACH/USDT:USDT,0.02297,1707.0,0.02296,8534.0,0.02298,21.0,0.02301,187.0
1753546957002,16:22:37.002,ACH/USDT:USDT,0.02297,1707.0,0.02296,8534.0,0.02298,21.0,0.02301,187.0
1753546957079,16:22:37.079,ACH/USDT:USDT,0.02297,1707.0,0.02296,8534.0,0.02298,21.0,0.02301,187.0
1753546957176,16:22:37.176,ACH/USDT:USDT,0.02297,1707.0,0.02296,8534.0,0.02298,21.0,0.02301,187.0
1753546957271,16:22:37.271,ACH/USDT:USDT,0.02297,1707.0,0.02296,8227.0,0.02298,21.0,0.02301,187.0
1753546957322,16:22:37.322,ACH/USDT:USDT,0.02297,1707.0,0.02296,8227.0,0.02298,21.0,0.02301,187.0
1753546957737,16:22:37.737,ACH/USDT:USDT,0.02297,1707.0,0.02296,8227.0,0.02298,21.0,0.02301,187.0
1753546958316,16:22:38.316,ACH/USDT:USDT,0.02297,1707.0,0.02296,8227.0,0.02298,21.0,0.02301,187.0
1753546958493,16:22:38.493,ACH/USDT:USDT,0.02297,1509.0,0.02296,8227.0,0.02298,1.0,0.02301,187.0
1753546958555,16:22:38.555,ACH/USDT:USDT,0.02297,1509.0,0.02296,8227.0,0.02298,1.0,0.02301,187.0
1753546958928,16:22:38.928,ACH/USDT:USDT,0.02297,1509.0,0.02296,8227.0,0.02298,1.0,0.02301,187.0
1753546959154,16:22:39.154,ACH/USDT:USDT,0.02297,1509.0,0.02296,8227.0,0.02298,1.0,0.02301,187.0
1753546959876,16:22:39.876,ACH/USDT:USDT,0.02297,1509.0,0.02296,8227.0,0.02298,1.0,0.02301,187.0
1753546959925,16:22:39.925,ACH/USDT:USDT,0.02297,1509.0,0.02296,8227.0,0.02298,1.0,0.02301,187.0
1753546960028,16:22:40.028,ACH/USDT:USDT,0.02297,1509.0,0.02296,8227.0,0.02298,1.0,0.02301,187.0
1753546960178,16:22:40.178,ACH/USDT:USDT,0.02297,1509.0,0.02296,8227.0,0.02298,1.0,0.02301,187.0
1753546960213,16:22:40.213,ACH/USDT:USDT,0.02297,1509.0,0.02296,8227.0,0.02298,1.0,0.02301,187.0
1753546960454,16:22:40.454,ACH/USDT:USDT,0.02297,1009.0,0.02296,8227.0,0.02298,1.0,0.02301,187.0
1753546960890,16:22:40.890,ACH/USDT:USDT,0.02297,1207.0,0.02296,8227.0,0.02298,1.0,0.02301,187.0
1753546961002,16:22:41.002,ACH/USDT:USDT,0.02297,1449.0,0.02296,8227.0,0.02298,1.0,0.02301,187.0
1753546961274,16:22:41.274,ACH/USDT:USDT,0.02297,1449.0,0.02296,8227.0,0.02298,1.0,0.02301,187.0
1753546961767,16:22:41.767,ACH/USDT:USDT,0.02297,1449.0,0.02296,8227.0,0.02298,1.0,0.02301,187.0
1753546962395,16:22:42.395,ACH/USDT:USDT,0.02297,1449.0,0.02296,8227.0,0.02298,1.0,0.02301,187.0
1753546962428,16:22:42.428,ACH/USDT:USDT,0.02297,1449.0,0.02296,8227.0,0.02298,1.0,0.02301,187.0
1753546962928,16:22:42.928,ACH/USDT:USDT,0.02297,1449.0,0.02296,9437.0,0.02298,1.0,0.02301,187.0
1753546963129,16:22:43.129,ACH/USDT:USDT,0.02297,1449.0,0.02296,9437.0,0.02298,1.0,0.02301,187.0
1753546963241,16:22:43.241,ACH/USDT:USDT,0.02297,1449.0,0.02296,9437.0,0.02298,1.0,0.02301,187.0
1753546963597,16:22:43.597,ACH/USDT:USDT,0.02297,1207.0,0.02296,9437.0,0.02298,1.0,0.02301,187.0
1753546963809,16:22:43.809,ACH/USDT:USDT,0.02297,1009.0,0.02296,9437.0,0.02298,1.0,0.02301,187.0
1753546964196,16:22:44.196,ACH/USDT:USDT,0.02297,1009.0,0.02296,9437.0,0.02298,1.0,0.02301,187.0
1753546964409,16:22:44.409,ACH/USDT:USDT,0.02297,1009.0,0.02296,9437.0,0.02298,1.0,0.02301,187.0
1753546964645,16:22:44.645,ACH/USDT:USDT,0.02297,1009.0,0.02296,9437.0,0.02298,1.0,0.02301,187.0
1753546965291,16:22:45.291,ACH/USDT:USDT,0.02297,1009.0,0.02296,9437.0,0.02298,1.0,0.02301,187.0
1753546965880,16:22:45.880,ACH/USDT:USDT,0.02297,1009.0,0.02296,9437.0,0.02298,1.0,0.02301,187.0
1753546966349,16:22:46.349,ACH/USDT:USDT,0.02297,1009.0,0.02296,9437.0,0.02298,1.0,0.02301,187.0
1753546967371,16:22:47.371,ACH/USDT:USDT,0.02297,1207.0,0.02296,9437.0,0.02298,21.0,0.02301,187.0
1753546967487,16:22:47.487,ACH/USDT:USDT,0.02297,1207.0,0.02296,9437.0,0.02298,1.0,0.02301,187.0
1753546967646,16:22:47.646,ACH/USDT:USDT,0.02297,1009.0,0.02296,9437.0,0.02298,1.0,0.02301,187.0
1753546968090,16:22:48.090,ACH/USDT:USDT,0.02297,197.0,0.02296,9437.0,0.02298,21.0,0.02301,187.0
1753546968252,16:22:48.252,ACH/USDT:USDT,0.02297,197.0,0.02296,9437.0,0.02298,21.0,0.02301,187.0
1753546969180,16:22:49.180,ACH/USDT:USDT,0.02297,1009.0,0.02296,9437.0,0.02298,1.0,0.02301,187.0
1753546969217,16:22:49.217,ACH/USDT:USDT,0.02297,1009.0,0.02296,9437.0,0.02298,1.0,0.02301,245.0
1753546969318,16:22:49.318,ACH/USDT:USDT,0.02297,1009.0,0.02296,9437.0,0.02298,1.0,0.02301,187.0
1753546970322,16:22:50.322,ACH/USDT:USDT,0.02297,1009.0,0.02296,9437.0,0.02298,1.0,0.02301,187.0
1753546970417,16:22:50.417,ACH/USDT:USDT,0.02297,1009.0,0.02296,9437.0,0.02298,1.0,0.02301,245.0
1753546970518,16:22:50.518,ACH/USDT:USDT,0.02297,1009.0,0.02296,9437.0,0.02298,1.0,0.02301,187.0
1753546972371,16:22:52.371,ACH/USDT:USDT,0.02297,1009.0,0.02296,9437.0,0.02298,1.0,0.02301,187.0
1753546972417,16:22:52.417,ACH/USDT:USDT,0.02297,1009.0,0.02296,9437.0,0.02298,1.0,0.02301,245.0
1753546972516,16:22:52.516,ACH/USDT:USDT,0.02297,1009.0,0.02296,9437.0,0.02298,1.0,0.02301,187.0
1753546972852,16:22:52.852,ACH/USDT:USDT,0.02297,1009.0,0.02296,9437.0,0.02298,1.0,0.02301,187.0
1753546973107,16:22:53.107,ACH/USDT:USDT,0.02297,1293.0,0.02296,9437.0,0.02298,21.0,0.02301,187.0
1753546973120,16:22:53.120,ACH/USDT:USDT,0.02297,1293.0,0.02296,9437.0,0.02298,1.0,0.02301,245.0
1753546973286,16:22:53.286,ACH/USDT:USDT,0.02297,1293.0,0.02296,9437.0,0.02298,1.0,0.02301,187.0
1753546974066,16:22:54.066,ACH/USDT:USDT,0.02297,1293.0,0.02296,9437.0,0.02298,1.0,0.02301,187.0
1753546974116,16:22:54.116,ACH/USDT:USDT,0.02297,1293.0,0.02296,9437.0,0.02298,1.0,0.02301,245.0
1753546974217,16:22:54.217,ACH/USDT:USDT,0.02297,1293.0,0.02296,9437.0,0.02298,1.0,0.02301,187.0
1753546976399,16:22:56.399,ACH/USDT:USDT,0.02297,1293.0,0.02296,9437.0,0.02298,1.0,0.02301,187.0
1753546976417,16:22:56.417,ACH/USDT:USDT,0.02297,1293.0,0.02296,9437.0,0.02298,1.0,0.02301,245.0
1753546976519,16:22:56.519,ACH/USDT:USDT,0.02297,1293.0,0.02296,9437.0,0.02298,1.0,0.02301,187.0
1753546977287,16:22:57.287,ACH/USDT:USDT,0.02297,1293.0,0.02296,9437.0,0.02298,1.0,0.02301,187.0
1753546977355,16:22:57.355,ACH/USDT:USDT,0.02297,1584.0,0.02296,9437.0,0.02298,21.0,0.02301,187.0
1753546977645,16:22:57.645,ACH/USDT:USDT,0.02297,1584.0,0.02296,9437.0,0.02298,21.0,0.02301,187.0
1753546979580,16:22:59.580,ACH/USDT:USDT,0.02297,1584.0,0.02296,9437.0,0.02298,21.0,0.02301,187.0
1753546979620,16:22:59.620,ACH/USDT:USDT,0.02297,1584.0,0.02296,9437.0,0.02298,21.0,0.02301,245.0
1753546979808,16:22:59.808,ACH/USDT:USDT,0.02297,1293.0,0.02296,9437.0,0.02298,21.0,0.02301,187.0
1753546979828,16:22:59.828,ACH/USDT:USDT,0.02297,1293.0,0.02296,9437.0,0.02298,21.0,0.02301,187.0
1753546979913,16:22:59.913,ACH/USDT:USDT,0.02297,1293.0,0.02296,9437.0,0.02298,21.0,0.02301,187.0
1753546980141,16:23:00.141,ACH/USDT:USDT,0.02297,1294.0,0.02296,9437.0,0.02298,1.0,0.02301,187.0
1753546980241,16:23:00.241,ACH/USDT:USDT,0.02297,1293.0,0.02296,9437.0,0.02298,1.0,0.02301,187.0
1753546980642,16:23:00.642,ACH/USDT:USDT,0.02297,1294.0,0.02296,9437.0,0.02298,21.0,0.02301,187.0
1753546980742,16:23:00.742,ACH/USDT:USDT,0.02297,1293.0,0.02296,9437.0,0.02298,1.0,0.02301,187.0
1753546980935,16:23:00.935,ACH/USDT:USDT,0.02297,1294.0,0.02296,9437.0,0.02298,1.0,0.02301,187.0
1753546981134,16:23:01.134,ACH/USDT:USDT,0.02297,1293.0,0.02296,9437.0,0.02298,1.0,0.02301,187.0
1753546981979,16:23:01.979,ACH/USDT:USDT,0.02297,1009.0,0.02296,9437.0,0.02298,21.0,0.02301,187.0
1753546982100,16:23:02.100,ACH/USDT:USDT,0.02297,822.0,0.02296,2585.0,0.02298,21.0,0.02301,245.0
1753546982197,16:23:02.197,ACH/USDT:USDT,0.02297,10.0,0.02296,2585.0,0.02298,1.0,0.02301,187.0
1753546982278,16:23:02.278,ACH/USDT:USDT,0.02297,199.0,0.02296,2585.0,0.02298,1.0,0.02301,187.0
1753546982409,16:23:02.409,ACH/USDT:USDT,0.02297,199.0,0.02296,7725.0,0.02298,1.0,0.02301,187.0
1753546982493,16:23:02.493,ACH/USDT:USDT,0.02297,199.0,0.02296,7725.0,0.02298,1.0,0.02301,187.0
1753546982596,16:23:02.596,ACH/USDT:USDT,0.02297,199.0,0.02296,7725.0,0.02298,1.0,0.02301,187.0
1753546982624,16:23:02.624,ACH/USDT:USDT,0.02297,199.0,0.02296,7725.0,0.02298,1.0,0.02301,245.0
1753546982845,16:23:02.845,ACH/USDT:USDT,0.02297,199.0,0.02296,7725.0,0.02298,1.0,0.02301,187.0
1753546983005,16:23:03.005,ACH/USDT:USDT,0.02297,1011.0,0.02296,7725.0,0.02298,1.0,0.02301,187.0
1753546983014,16:23:03.014,ACH/USDT:USDT,0.02297,1011.0,0.02296,7725.0,0.02298,21.0,0.02301,187.0
1753546983492,16:23:03.492,ACH/USDT:USDT,0.02297,1011.0,0.02296,8536.0,0.02298,21.0,0.02301,187.0
1753546983590,16:23:03.590,ACH/USDT:USDT,0.02297,1011.0,0.02296,8536.0,0.02298,21.0,0.02301,245.0
1753546983615,16:23:03.615,ACH/USDT:USDT,0.02297,1011.0,0.02296,8536.0,0.02298,21.0,0.02301,187.0
1753546986209,16:23:06.209,ACH/USDT:USDT,0.02297,1011.0,0.02296,8536.0,0.02298,21.0,0.02301,187.0
1753546986309,16:23:06.309,ACH/USDT:USDT,0.02297,1011.0,0.02296,8536.0,0.02298,21.0,0.02301,187.0
1753546986324,16:23:06.324,ACH/USDT:USDT,0.02297,1011.0,0.02296,8536.0,0.02298,21.0,0.02301,187.0
1753546986418,16:23:06.418,ACH/USDT:USDT,0.02297,1011.0,0.02296,8536.0,0.02298,21.0,0.02301,187.0
1753546986642,16:23:06.642,ACH/USDT:USDT,0.02297,1012.0,0.02296,8536.0,0.02298,1.0,0.02301,187.0
1753546986839,16:23:06.839,ACH/USDT:USDT,0.02297,1011.0,0.02296,8536.0,0.02298,1.0,0.02301,187.0
1753546987109,16:23:07.109,ACH/USDT:USDT,0.02297,4516.0,0.02296,999.0,0.02301,187.0,0.02303,683.0
1753546987201,16:23:07.201,ACH/USDT:USDT,0.02299,2561.0,0.02298,7903.0,0.02301,187.0,0.02303,683.0
1753546987299,16:23:07.299,ACH/USDT:USDT,0.02299,2561.0,0.02298,7903.0,0.02301,187.0,0.02303,683.0
1753546987375,16:23:07.375,ACH/USDT:USDT,0.02299,3373.0,0.02298,7903.0,0.02301,187.0,0.02303,683.0
1753546987496,16:23:07.496,ACH/USDT:USDT,0.02299,3373.0,0.02298,7903.0,0.02301,187.0,0.02303,683.0
1753546987606,16:23:07.606,ACH/USDT:USDT,0.02299,3373.0,0.02298,7903.0,0.02301,187.0,0.02303,683.0
1753546987620,16:23:07.620,ACH/USDT:USDT,0.02299,3373.0,0.02298,7903.0,0.02301,187.0,0.02303,683.0
1753546988029,16:23:08.029,ACH/USDT:USDT,0.02299,3373.0,0.02298,7903.0,0.02301,187.0,0.02303,683.0
1753546988131,16:23:08.131,ACH/USDT:USDT,0.02299,3373.0,0.02298,7903.0,0.02301,187.0,0.02303,683.0
1753546988903,16:23:08.903,ACH/USDT:USDT,0.02299,3373.0,0.02298,7903.0,0.02301,187.0,0.02303,683.0
1753546988912,16:23:08.912,ACH/USDT:USDT,0.02299,3373.0,0.02298,6548.0,0.02301,187.0,0.02303,683.0
1753546989247,16:23:09.247,ACH/USDT:USDT,0.02299,3373.0,0.02298,6548.0,0.02301,187.0,0.02303,683.0
1753546989888,16:23:09.888,ACH/USDT:USDT,0.02299,3373.0,0.02298,6548.0,0.02301,187.0,0.02303,683.0
1753546990107,16:23:10.107,ACH/USDT:USDT,0.02299,3373.0,0.02298,6548.0,0.02303,683.0,0.02304,683.0
1753546990117,16:23:10.117,ACH/USDT:USDT,0.023,10.0,0.02299,3373.0,0.02302,190.0,0.02303,683.0
1753546990258,16:23:10.258,ACH/USDT:USDT,0.023,10.0,0.02299,3373.0,0.02302,190.0,0.02303,683.0
1753546990464,16:23:10.464,ACH/USDT:USDT,0.023,10.0,0.02299,3373.0,0.02302,190.0,0.02303,683.0
1753546990660,16:23:10.660,ACH/USDT:USDT,0.023,10.0,0.02299,3373.0,0.02302,190.0,0.02303,683.0
1753546990776,16:23:10.776,ACH/USDT:USDT,0.023,200.0,0.02299,3373.0,0.02302,190.0,0.02303,683.0
1753546990882,16:23:10.882,ACH/USDT:USDT,0.023,190.0,0.02299,3373.0,0.02302,190.0,0.02303,683.0
1753546991004,16:23:11.004,ACH/USDT:USDT,0.023,190.0,0.02299,3373.0,0.02302,190.0,0.02303,683.0
1753546991109,16:23:11.109,ACH/USDT:USDT,0.023,190.0,0.02299,3373.0,0.02302,190.0,0.02303,683.0
1753546991208,16:23:11.208,ACH/USDT:USDT,0.023,190.0,0.02299,3373.0,0.02302,190.0,0.02303,683.0
1753546991300,16:23:11.300,ACH/USDT:USDT,0.023,190.0,0.02299,3373.0,0.02302,190.0,0.02303,683.0
1753546991340,16:23:11.340,ACH/USDT:USDT,0.023,190.0,0.02299,3373.0,0.02302,190.0,0.02303,683.0
1753546991645,16:23:11.645,ACH/USDT:USDT,0.023,190.0,0.02299,3373.0,0.02302,190.0,0.02303,683.0
1753546991908,16:23:11.908,ACH/USDT:USDT,0.023,6547.0,0.02299,3373.0,0.02302,190.0,0.02303,683.0
1753546991953,16:23:11.953,ACH/USDT:USDT,0.023,6547.0,0.02299,1002.0,0.02302,190.0,0.02303,683.0
1753546992041,16:23:12.041,ACH/USDT:USDT,0.023,6547.0,0.02299,1002.0,0.02302,190.0,0.02303,683.0
1753546992775,16:23:12.775,ACH/USDT:USDT,0.023,6547.0,0.02299,1002.0,0.02302,190.0,0.02303,683.0
1753546992920,16:23:12.920,ACH/USDT:USDT,0.023,6547.0,0.02299,1002.0,0.02302,190.0,0.02303,683.0
1753546993172,16:23:13.172,ACH/USDT:USDT,0.023,2398.0,0.02299,7359.0,0.02302,190.0,0.02303,683.0
1753546993492,16:23:13.492,ACH/USDT:USDT,0.023,2398.0,0.02299,7359.0,0.02302,190.0,0.02303,683.0
1753546993892,16:23:13.892,ACH/USDT:USDT,0.02301,188.0,0.023,2398.0,0.02303,183.0,0.02304,683.0
1753546993985,16:23:13.985,ACH/USDT:USDT,0.02301,188.0,0.023,2398.0,0.02303,183.0,0.02304,683.0
1753546994108,16:23:14.108,ACH/USDT:USDT,0.023,2398.0,0.02299,7359.0,0.02303,183.0,0.02304,683.0
1753546994191,16:23:14.191,ACH/USDT:USDT,0.023,2398.0,0.02299,7359.0,0.02303,183.0,0.02304,683.0
1753546994374,16:23:14.374,ACH/USDT:USDT,0.02301,10.0,0.023,2398.0,0.02303,183.0,0.02304,683.0
1753546994419,16:23:14.419,ACH/USDT:USDT,0.02301,10.0,0.023,2398.0,0.02303,183.0,0.02304,683.0
1753546994548,16:23:14.548,ACH/USDT:USDT,0.02301,10.0,0.023,2398.0,0.02303,183.0,0.02304,683.0
1753546994753,16:23:14.753,ACH/USDT:USDT,0.02301,10.0,0.023,2398.0,0.02303,183.0,0.02304,683.0
1753546995157,16:23:15.157,ACH/USDT:USDT,0.02301,10.0,0.023,2398.0,0.02303,183.0,0.02304,683.0
1753546995269,16:23:15.269,ACH/USDT:USDT,0.02301,10.0,0.023,2398.0,0.02303,183.0,0.02304,683.0
1753546995364,16:23:15.364,ACH/USDT:USDT,0.02301,10.0,0.023,2398.0,0.02303,183.0,0.02304,683.0
1753546996185,16:23:16.185,ACH/USDT:USDT,0.02301,10.0,0.023,2398.0,0.02303,183.0,0.02304,683.0
1753546996609,16:23:16.609,ACH/USDT:USDT,0.02301,10.0,0.023,2398.0,0.02303,183.0,0.02304,683.0
1753546996617,16:23:16.617,ACH/USDT:USDT,0.02301,10.0,0.023,2398.0,0.02303,183.0,0.02304,741.0
1753546996736,16:23:16.736,ACH/USDT:USDT,0.02301,10.0,0.023,2398.0,0.02303,183.0,0.02304,683.0
1753546996892,16:23:16.892,ACH/USDT:USDT,0.02301,10.0,0.023,2398.0,0.02303,183.0,0.02304,683.0
1753546997109,16:23:17.109,ACH/USDT:USDT,0.02301,198.0,0.023,2398.0,0.02303,183.0,0.02304,683.0
1753546997117,16:23:17.117,ACH/USDT:USDT,0.02301,188.0,0.023,2398.0,0.02303,183.0,0.02304,741.0
1753546997215,16:23:17.215,ACH/USDT:USDT,0.02301,188.0,0.023,2398.0,0.02303,183.0,0.02304,683.0
1753546997740,16:23:17.740,ACH/USDT:USDT,0.02301,188.0,0.023,2398.0,0.02303,183.0,0.02304,683.0
1753546997857,16:23:17.857,ACH/USDT:USDT,0.02301,188.0,0.023,2398.0,0.02303,183.0,0.02304,741.0
1753546997920,16:23:17.920,ACH/USDT:USDT,0.02301,188.0,0.023,2398.0,0.02303,183.0,0.02304,683.0
1753546999437,16:23:19.437,ACH/USDT:USDT,0.02301,188.0,0.023,2398.0,0.02303,183.0,0.02304,683.0
1753546999520,16:23:19.520,ACH/USDT:USDT,0.02301,188.0,0.023,2398.0,0.02303,183.0,0.02304,741.0
1753546999616,16:23:19.616,ACH/USDT:USDT,0.02301,188.0,0.023,2398.0,0.02303,183.0,0.02304,683.0
1753546999908,16:23:19.908,ACH/USDT:USDT,0.02301,188.0,0.023,2398.0,0.02303,183.0,0.02304,683.0
1753546999916,16:23:19.916,ACH/USDT:USDT,0.02301,188.0,0.023,2398.0,0.02303,183.0,0.02304,683.0
1753547000036,16:23:20.036,ACH/USDT:USDT,0.02301,188.0,0.023,2398.0,0.02303,183.0,0.02304,683.0
1753547000143,16:23:20.143,ACH/USDT:USDT,0.02301,188.0,0.023,2398.0,0.02303,183.0,0.02304,741.0
1753547000215,16:23:20.215,ACH/USDT:USDT,0.02301,188.0,0.023,2398.0,0.02303,183.0,0.02304,683.0
1753547002663,16:23:22.663,ACH/USDT:USDT,0.02301,188.0,0.023,2398.0,0.02303,183.0,0.02304,683.0
1753547002716,16:23:22.716,ACH/USDT:USDT,0.02301,188.0,0.023,2398.0,0.02303,183.0,0.02304,741.0
1753547002817,16:23:22.817,ACH/USDT:USDT,0.02301,188.0,0.023,2398.0,0.02303,183.0,0.02304,683.0
1753547002994,16:23:22.994,ACH/USDT:USDT,0.02301,188.0,0.023,2398.0,0.02303,183.0,0.02304,683.0
1753547003309,16:23:23.309,ACH/USDT:USDT,0.02301,1000.0,0.023,2398.0,0.02304,183.0,0.02305,186.0
1753547003389,16:23:23.389,ACH/USDT:USDT,0.02302,191.0,0.02301,1000.0,0.02304,183.0,0.02305,686.0
1753547003468,16:23:23.468,ACH/USDT:USDT,0.02302,181.0,0.02301,1000.0,0.02304,183.0,0.02305,686.0
1753547003671,16:23:23.671,ACH/USDT:USDT,0.02302,181.0,0.02301,1000.0,0.02304,183.0,0.02305,686.0
1753547003891,16:23:23.891,ACH/USDT:USDT,0.02302,181.0,0.02301,1000.0,0.02304,183.0,0.02305,686.0
1753547003919,16:23:23.919,ACH/USDT:USDT,0.02302,181.0,0.02301,1000.0,0.02304,183.0,0.02305,744.0
1753547004091,16:23:24.091,ACH/USDT:USDT,0.02302,181.0,0.02301,1000.0,0.02304,183.0,0.02305,686.0
1753547004181,16:23:24.181,ACH/USDT:USDT,0.02301,1000.0,0.023,2398.0,0.02304,183.0,0.02305,686.0
1753547004218,16:23:24.218,ACH/USDT:USDT,0.02302,10.0,0.02301,1000.0,0.02304,183.0,0.02305,686.0
1753547004828,16:23:24.828,ACH/USDT:USDT,0.02302,10.0,0.02301,1000.0,0.02303,201.0,0.02304,183.0
1753547004923,16:23:24.923,ACH/USDT:USDT,0.02302,10.0,0.02301,1000.0,0.02303,181.0,0.02304,241.0
1753547005027,16:23:25.027,ACH/USDT:USDT,0.02302,10.0,0.02301,188.0,0.02303,181.0,0.02304,183.0
1753547005180,16:23:25.180,ACH/USDT:USDT,0.02302,10.0,0.02301,188.0,0.02303,181.0,0.02304,183.0
1753547005361,16:23:25.361,ACH/USDT:USDT,0.02302,10.0,0.02301,188.0,0.02303,181.0,0.02304,183.0
1753547005416,16:23:25.416,ACH/USDT:USDT,0.02302,10.0,0.02301,188.0,0.02303,181.0,0.02304,241.0
1753547005533,16:23:25.533,ACH/USDT:USDT,0.02302,10.0,0.02301,188.0,0.02303,181.0,0.02304,183.0
1753547005936,16:23:25.936,ACH/USDT:USDT,0.02302,10.0,0.02301,188.0,0.02303,181.0,0.02304,183.0
1753547006016,16:23:26.016,ACH/USDT:USDT,0.02302,10.0,0.02301,188.0,0.02303,181.0,0.02304,241.0
1753547006115,16:23:26.115,ACH/USDT:USDT,0.02302,10.0,0.02301,188.0,0.02303,181.0,0.02304,183.0
1753547006497,16:23:26.497,ACH/USDT:USDT,0.02302,10.0,0.023,2398.0,0.02303,181.0,0.02304,183.0
1753547006563,16:23:26.563,ACH/USDT:USDT,0.02301,191.0,0.023,2398.0,0.02303,201.0,0.02304,183.0
1753547006616,16:23:26.616,ACH/USDT:USDT,0.02301,181.0,0.023,2398.0,0.02303,201.0,0.02304,241.0
1753547006759,16:23:26.759,ACH/USDT:USDT,0.02301,181.0,0.023,2398.0,0.02303,201.0,0.02304,183.0
1753547007176,16:23:27.176,ACH/USDT:USDT,0.02301,181.0,0.023,2398.0,0.02303,201.0,0.02304,183.0
1753547007216,16:23:27.216,ACH/USDT:USDT,0.02301,181.0,0.023,2398.0,0.02303,201.0,0.02304,241.0
1753547007383,16:23:27.383,ACH/USDT:USDT,0.023,2398.0,0.02299,7359.0,0.02303,201.0,0.02304,183.0
1753547007442,16:23:27.442,ACH/USDT:USDT,0.02301,10.0,0.023,2398.0,0.02303,201.0,0.02304,183.0
1753547007632,16:23:27.632,ACH/USDT:USDT,0.02301,10.0,0.023,2398.0,0.02303,201.0,0.02304,183.0
1753547007716,16:23:27.716,ACH/USDT:USDT,0.02301,10.0,0.023,2398.0,0.02303,201.0,0.02304,241.0
1753547007815,16:23:27.815,ACH/USDT:USDT,0.02301,10.0,0.023,2398.0,0.02303,201.0,0.02304,183.0
1753547008003,16:23:28.003,ACH/USDT:USDT,0.02301,10.0,0.023,2398.0,0.02303,201.0,0.02304,183.0
1753547008287,16:23:28.287,ACH/USDT:USDT,0.02301,10.0,0.023,2398.0,0.02303,201.0,0.02304,183.0
1753547008316,16:23:28.316,ACH/USDT:USDT,0.02301,10.0,0.023,2398.0,0.02303,201.0,0.02304,241.0
1753547008425,16:23:28.425,ACH/USDT:USDT,0.02301,10.0,0.023,2398.0,0.02303,201.0,0.02304,183.0
1753547008713,16:23:28.713,ACH/USDT:USDT,0.02301,10.0,0.023,2398.0,0.02303,201.0,0.02304,183.0
1753547008817,16:23:28.817,ACH/USDT:USDT,0.02301,10.0,0.023,2398.0,0.02303,201.0,0.02304,241.0
1753547008915,16:23:28.915,ACH/USDT:USDT,0.02301,10.0,0.023,2398.0,0.02303,201.0,0.02304,183.0
1753547009242,16:23:29.242,ACH/USDT:USDT,0.02301,10.0,0.023,2398.0,0.02302,181.0,0.02303,181.0
1753547009317,16:23:29.317,ACH/USDT:USDT,0.02301,10.0,0.023,2398.0,0.02302,181.0,0.02303,239.0
1753547009438,16:23:29.438,ACH/USDT:USDT,0.02301,10.0,0.023,2398.0,0.02303,181.0,0.02304,183.0
1753547009516,16:23:29.516,ACH/USDT:USDT,0.02301,10.0,0.023,2398.0,0.02303,181.0,0.02304,241.0
1753547009615,16:23:29.615,ACH/USDT:USDT,0.02301,10.0,0.023,2398.0,0.02303,181.0,0.02304,183.0
1753547012304,16:23:32.304,ACH/USDT:USDT,0.02301,10.0,0.023,2398.0,0.02303,181.0,0.02304,183.0
1753547012320,16:23:32.320,ACH/USDT:USDT,0.02301,10.0,0.023,2398.0,0.02303,181.0,0.02304,183.0
1753547014950,16:23:34.950,ACH/USDT:USDT,0.02301,10.0,0.023,2398.0,0.02303,181.0,0.02304,183.0
1753547016682,16:23:36.682,ACH/USDT:USDT,0.02301,10.0,0.023,2398.0,0.02303,181.0,0.02304,183.0
1753547017044,16:23:37.044,ACH/USDT:USDT,0.02301,10.0,0.023,2398.0,0.02303,181.0,0.02304,183.0
1753547017544,16:23:37.544,ACH/USDT:USDT,0.02301,10.0,0.023,2398.0,0.02303,181.0,0.02304,183.0
1753547019988,16:23:39.988,ACH/USDT:USDT,0.02301,199.0,0.023,2398.0,0.02303,181.0,0.02304,183.0
1753547020020,16:23:40.020,ACH/USDT:USDT,0.02301,189.0,0.023,2398.0,0.02303,181.0,0.02304,183.0
1753547021842,16:23:41.842,ACH/USDT:USDT,0.02301,189.0,0.023,2398.0,0.02303,181.0,0.02304,183.0
1753547022328,16:23:42.328,ACH/USDT:USDT,0.02301,189.0,0.023,2398.0,0.02303,181.0,0.02304,183.0
1753547022509,16:23:42.509,ACH/USDT:USDT,0.02301,189.0,0.023,2398.0,0.02303,181.0,0.02304,241.0
1753547022515,16:23:42.515,ACH/USDT:USDT,0.02301,189.0,0.023,2398.0,0.02303,181.0,0.02304,183.0
1753547023060,16:23:43.060,ACH/USDT:USDT,0.02301,189.0,0.023,2398.0,0.02303,181.0,0.02304,183.0
1753547023116,16:23:43.116,ACH/USDT:USDT,0.02301,189.0,0.023,2398.0,0.02303,181.0,0.02304,241.0
1753547023216,16:23:43.216,ACH/USDT:USDT,0.02301,189.0,0.023,2398.0,0.02303,181.0,0.02304,183.0
1753547024439,16:23:44.439,ACH/USDT:USDT,0.02301,189.0,0.023,2398.0,0.02303,181.0,0.02304,183.0
1753547024516,16:23:44.516,ACH/USDT:USDT,0.02301,189.0,0.023,2398.0,0.02303,181.0,0.02304,241.0
1753547024615,16:23:44.615,ACH/USDT:USDT,0.02301,189.0,0.023,2398.0,0.02303,181.0,0.02304,183.0
1753547024839,16:23:44.839,ACH/USDT:USDT,0.02301,189.0,0.023,2398.0,0.02303,181.0,0.02304,183.0
1753547029696,16:23:49.696,ACH/USDT:USDT,0.02301,189.0,0.023,2398.0,0.02303,181.0,0.02304,183.0
1753547029733,16:23:49.733,ACH/USDT:USDT,0.02301,189.0,0.023,2398.0,0.02303,181.0,0.02304,241.0
1753547029815,16:23:49.815,ACH/USDT:USDT,0.02301,189.0,0.023,2398.0,0.02303,181.0,0.02304,183.0
1753547030208,16:23:50.208,ACH/USDT:USDT,0.02301,189.0,0.023,2398.0,0.02303,181.0,0.02304,183.0
1753547030509,16:23:50.509,ACH/USDT:USDT,0.023,2398.0,0.02299,7359.0,0.02303,181.0,0.02304,183.0
1753547030608,16:23:50.608,ACH/USDT:USDT,0.02301,10.0,0.023,2398.0,0.02303,181.0,0.02304,241.0
1753547030631,16:23:50.631,ACH/USDT:USDT,0.02301,10.0,0.023,2398.0,0.02303,181.0,0.02304,183.0
1753547031947,16:23:51.947,ACH/USDT:USDT,0.02301,10.0,0.023,2398.0,0.02303,181.0,0.02304,183.0
1753547032017,16:23:52.017,ACH/USDT:USDT,0.02301,10.0,0.023,2398.0,0.02303,181.0,0.02304,241.0
1753547032116,16:23:52.116,ACH/USDT:USDT,0.02301,10.0,0.023,2398.0,0.02303,181.0,0.02304,183.0
1753547032602,16:23:52.602,ACH/USDT:USDT,0.02301,10.0,0.023,2398.0,0.02303,181.0,0.02304,183.0
1753547032677,16:23:52.677,ACH/USDT:USDT,0.02301,10.0,0.023,190.0,0.02303,181.0,0.02304,241.0
1753547032716,16:23:52.716,ACH/USDT:USDT,0.02301,10.0,0.023,190.0,0.02303,181.0,0.02304,183.0
1753547033508,16:23:53.508,ACH/USDT:USDT,0.02301,10.0,0.02299,1002.0,0.02303,1365.0,0.02304,183.0
1753547033553,16:23:53.553,ACH/USDT:USDT,0.023,10.0,0.02299,1002.0,0.02302,187.0,0.02303,1365.0
1753547033634,16:23:53.634,ACH/USDT:USDT,0.023,10.0,0.02299,1002.0,0.02302,325.0,0.02303,1365.0
1753547033730,16:23:53.730,ACH/USDT:USDT,0.023,10.0,0.02299,1002.0,0.02302,325.0,0.02303,1365.0
1753547034642,16:23:54.642,ACH/USDT:USDT,0.023,10.0,0.02299,1002.0,0.02302,325.0,0.02303,1365.0
1753547034715,16:23:54.715,ACH/USDT:USDT,0.023,10.0,0.02299,1002.0,0.02302,325.0,0.02303,1423.0
1753547038219,16:23:58.219,ACH/USDT:USDT,0.023,197.0,0.02299,1002.0,0.02302,325.0,0.02303,1365.0
1753547038320,16:23:58.320,ACH/USDT:USDT,0.023,187.0,0.02299,1002.0,0.02302,325.0,0.02303,1423.0
1753547039449,16:23:59.449,ACH/USDT:USDT,0.023,187.0,0.02299,1002.0,0.02302,325.0,0.02303,1365.0
1753547039541,16:23:59.541,ACH/USDT:USDT,0.023,187.0,0.02299,1002.0,0.02302,325.0,0.02303,1423.0
1753547040109,16:24:00.109,ACH/USDT:USDT,0.02298,190.0,0.02297,11667.0,0.023,20.0,0.02301,187.0
1753547040209,16:24:00.209,ACH/USDT:USDT,0.02298,190.0,0.02297,11667.0,0.023,20.0,0.02301,187.0
1753547040299,16:24:00.299,ACH/USDT:USDT,0.02298,190.0,0.02297,11667.0,0.023,20.0,0.02301,187.0
1753547040395,16:24:00.395,ACH/USDT:USDT,0.02298,190.0,0.02297,12826.0,0.023,20.0,0.02302,687.0
1753547040425,16:24:00.425,ACH/USDT:USDT,0.02298,190.0,0.02297,12826.0,0.023,20.0,0.02302,687.0
1753547041074,16:24:01.074,ACH/USDT:USDT,0.02298,190.0,0.02297,12826.0,0.023,20.0,0.02302,687.0
1753547041120,16:24:01.120,ACH/USDT:USDT,0.02298,190.0,0.02297,12826.0,0.023,20.0,0.02302,745.0
1753547041217,16:24:01.217,ACH/USDT:USDT,0.02298,190.0,0.02297,12826.0,0.023,20.0,0.02302,687.0
1753547041402,16:24:01.402,ACH/USDT:USDT,0.02298,190.0,0.02297,12826.0,0.023,20.0,0.02302,687.0
1753547041496,16:24:01.496,ACH/USDT:USDT,0.02298,190.0,0.02297,12826.0,0.023,20.0,0.02302,687.0
1753547042703,16:24:02.703,ACH/USDT:USDT,0.02298,190.0,0.02297,12826.0,0.023,20.0,0.02302,687.0
1753547042716,16:24:02.716,ACH/USDT:USDT,0.02298,190.0,0.02297,12826.0,0.023,20.0,0.02302,745.0
1753547042819,16:24:02.819,ACH/USDT:USDT,0.02298,190.0,0.02297,12826.0,0.023,20.0,0.02302,687.0
1753547044170,16:24:04.170,ACH/USDT:USDT,0.02298,190.0,0.02297,12826.0,0.023,20.0,0.02302,687.0
1753547044242,16:24:04.242,ACH/USDT:USDT,0.02298,190.0,0.02297,12826.0,0.023,20.0,0.02302,745.0
1753547044316,16:24:04.316,ACH/USDT:USDT,0.02298,190.0,0.02297,12826.0,0.023,20.0,0.02302,687.0
1753547044496,16:24:04.496,ACH/USDT:USDT,0.02299,186.0,0.02298,1377.0,0.023,20.0,0.02302,687.0
1753547044532,16:24:04.532,ACH/USDT:USDT,0.02299,196.0,0.02298,190.0,0.02302,187.0,0.02303,1365.0
1753547044616,16:24:04.616,ACH/USDT:USDT,0.02299,196.0,0.02298,190.0,0.02302,187.0,0.02303,1423.0
1753547044728,16:24:04.728,ACH/USDT:USDT,0.02299,196.0,0.02298,190.0,0.02302,187.0,0.02303,1423.0
1753547045147,16:24:05.147,ACH/USDT:USDT,0.02299,196.0,0.02298,190.0,0.02302,187.0,0.02303,1423.0
1753547047458,16:24:07.458,ACH/USDT:USDT,0.02299,196.0,0.02298,190.0,0.02302,187.0,0.02303,1423.0
1753547047581,16:24:07.581,ACH/USDT:USDT,0.02299,196.0,0.02298,190.0,0.02302,187.0,0.02303,1423.0
1753547048404,16:24:08.404,ACH/USDT:USDT,0.02299,196.0,0.02298,190.0,0.02302,187.0,0.02303,1423.0
1753547048455,16:24:08.455,ACH/USDT:USDT,0.02299,196.0,0.02298,190.0,0.02302,187.0,0.02303,1423.0
1753547049043,16:24:09.043,ACH/USDT:USDT,0.02299,196.0,0.02298,190.0,0.02302,187.0,0.02303,1423.0
1753547049236,16:24:09.236,ACH/USDT:USDT,0.02299,196.0,0.02298,190.0,0.02302,187.0,0.02303,1423.0
1753547050748,16:24:10.748,ACH/USDT:USDT,0.02299,196.0,0.02298,190.0,0.02302,187.0,0.02303,1423.0
1753547051435,16:24:11.435,ACH/USDT:USDT,0.02299,196.0,0.02298,190.0,0.02302,187.0,0.02303,1423.0
1753547052360,16:24:12.360,ACH/USDT:USDT,0.023,186.0,0.02299,196.0,0.02302,187.0,0.02303,1365.0
1753547052486,16:24:12.486,ACH/USDT:USDT,0.02299,186.0,0.02298,690.0,0.02302,187.0,0.02303,1365.0
1753547052520,16:24:12.520,ACH/USDT:USDT,0.023,10.0,0.02299,186.0,0.02302,187.0,0.02303,1365.0
1753547052697,16:24:12.697,ACH/USDT:USDT,0.023,10.0,0.02299,186.0,0.02302,187.0,0.02303,1365.0
1753547052805,16:24:12.805,ACH/USDT:USDT,0.023,10.0,0.02299,186.0,0.02302,187.0,0.02303,1365.0
1753547052834,16:24:12.834,ACH/USDT:USDT,0.023,10.0,0.02299,186.0,0.02302,187.0,0.02303,1365.0
1753547052917,16:24:12.917,ACH/USDT:USDT,0.023,10.0,0.02299,186.0,0.02302,187.0,0.02303,1423.0
1753547053288,16:24:13.288,ACH/USDT:USDT,0.023,10.0,0.02299,186.0,0.02302,187.0,0.02303,1423.0
1753547053842,16:24:13.842,ACH/USDT:USDT,0.023,10.0,0.02299,186.0,0.02302,187.0,0.02303,1423.0
1753547054411,16:24:14.411,ACH/USDT:USDT,0.023,10.0,0.02299,186.0,0.02302,187.0,0.02303,1423.0
1753547054519,16:24:14.519,ACH/USDT:USDT,0.023,10.0,0.02299,186.0,0.02302,187.0,0.02303,1423.0
1753547055157,16:24:15.157,ACH/USDT:USDT,0.023,10.0,0.02299,186.0,0.02302,187.0,0.02303,1423.0
1753547055524,16:24:15.524,ACH/USDT:USDT,0.023,10.0,0.02299,186.0,0.02302,187.0,0.02303,1365.0
1753547055624,16:24:15.624,ACH/USDT:USDT,0.023,10.0,0.02299,186.0,0.02302,187.0,0.02303,1423.0
1753547055809,16:24:15.809,ACH/USDT:USDT,0.023,191.0,0.02299,998.0,0.02302,187.0,0.02303,1365.0
1753547055909,16:24:15.909,ACH/USDT:USDT,0.023,181.0,0.02299,998.0,0.02302,187.0,0.02303,1365.0
1753547055922,16:24:15.922,ACH/USDT:USDT,0.023,181.0,0.02299,998.0,0.02302,187.0,0.02303,1365.0
1753547057962,16:24:17.962,ACH/USDT:USDT,0.023,181.0,0.02299,998.0,0.02303,181.0,0.02304,183.0
1753547058044,16:24:18.044,ACH/USDT:USDT,0.02301,10.0,0.023,181.0,0.02303,181.0,0.02304,183.0
1753547058122,16:24:18.122,ACH/USDT:USDT,0.02301,10.0,0.023,181.0,0.02303,181.0,0.02304,183.0
1753547058249,16:24:18.249,ACH/USDT:USDT,0.02301,10.0,0.023,181.0,0.02303,181.0,0.02304,183.0
1753547058643,16:24:18.643,ACH/USDT:USDT,0.02301,10.0,0.023,181.0,0.02303,181.0,0.02304,183.0
1753547058804,16:24:18.804,ACH/USDT:USDT,0.02301,10.0,0.023,181.0,0.02303,181.0,0.02304,183.0
1753547058918,16:24:18.918,ACH/USDT:USDT,0.02301,10.0,0.023,181.0,0.02303,181.0,0.02304,183.0
1753547059031,16:24:19.031,ACH/USDT:USDT,0.02301,10.0,0.023,181.0,0.02303,181.0,0.02304,183.0
1753547059404,16:24:19.404,ACH/USDT:USDT,0.02301,10.0,0.023,181.0,0.02303,181.0,0.02304,183.0
1753547059498,16:24:19.498,ACH/USDT:USDT,0.02301,10.0,0.023,181.0,0.02303,181.0,0.02304,183.0
1753547059823,16:24:19.823,ACH/USDT:USDT,0.02301,10.0,0.023,181.0,0.02303,181.0,0.02304,183.0
1753547060080,16:24:20.080,ACH/USDT:USDT,0.02301,10.0,0.023,181.0,0.02303,181.0,0.02304,183.0
1753547060157,16:24:20.157,ACH/USDT:USDT,0.02301,10.0,0.023,181.0,0.02303,181.0,0.02304,183.0
1753547060463,16:24:20.463,ACH/USDT:USDT,0.02301,10.0,0.023,181.0,0.02303,181.0,0.02304,183.0
1753547060844,16:24:20.844,ACH/USDT:USDT,0.02301,10.0,0.023,181.0,0.02303,181.0,0.02304,183.0
1753547061204,16:24:21.204,ACH/USDT:USDT,0.02301,191.0,0.023,181.0,0.02303,181.0,0.02304,183.0
1753547061216,16:24:21.216,ACH/USDT:USDT,0.02301,181.0,0.023,181.0,0.02303,181.0,0.02304,183.0
1753547061373,16:24:21.373,ACH/USDT:USDT,0.023,181.0,0.02299,998.0,0.02303,181.0,0.02304,183.0
1753547061416,16:24:21.416,ACH/USDT:USDT,0.02301,10.0,0.023,181.0,0.02303,181.0,0.02304,183.0
1753547061513,16:24:21.513,ACH/USDT:USDT,0.02301,10.0,0.023,181.0,0.02303,181.0,0.02304,183.0
1753547061789,16:24:21.789,ACH/USDT:USDT,0.02301,191.0,0.023,181.0,0.02303,181.0,0.02304,183.0
1753547061816,16:24:21.816,ACH/USDT:USDT,0.02301,181.0,0.023,181.0,0.02303,181.0,0.02304,183.0
1753547061964,16:24:21.964,ACH/USDT:USDT,0.023,181.0,0.02299,998.0,0.02303,181.0,0.02304,183.0
1753547062109,16:24:22.109,ACH/USDT:USDT,0.02301,191.0,0.023,181.0,0.02303,181.0,0.02304,183.0
1753547062115,16:24:22.115,ACH/USDT:USDT,0.023,181.0,0.02299,998.0,0.02303,181.0,0.02304,183.0
1753547062216,16:24:22.216,ACH/USDT:USDT,0.02301,10.0,0.023,181.0,0.02303,181.0,0.02304,183.0
1753547062809,16:24:22.809,ACH/USDT:USDT,0.02301,10.0,0.023,181.0,0.02303,181.0,0.02304,183.0
1753547062909,16:24:22.909,ACH/USDT:USDT,0.02301,10.0,0.023,181.0,0.02303,181.0,0.02304,183.0
1753547062933,16:24:22.933,ACH/USDT:USDT,0.02301,10.0,0.023,181.0,0.02303,181.0,0.02304,183.0
1753547063085,16:24:23.085,ACH/USDT:USDT,0.02301,10.0,0.023,181.0,0.02303,181.0,0.02304,183.0
1753547063447,16:24:23.447,ACH/USDT:USDT,0.02301,192.0,0.023,181.0,0.02303,181.0,0.02304,183.0
1753547063605,16:24:23.605,ACH/USDT:USDT,0.023,181.0,0.02299,998.0,0.02303,181.0,0.02304,183.0
1753547063665,16:24:23.665,ACH/USDT:USDT,0.02301,10.0,0.023,681.0,0.02303,181.0,0.02304,183.0
1753547063763,16:24:23.763,ACH/USDT:USDT,0.02301,192.0,0.023,681.0,0.02303,181.0,0.02304,183.0
1753547063816,16:24:23.816,ACH/USDT:USDT,0.02301,182.0,0.023,681.0,0.02303,181.0,0.02304,183.0
1753547063973,16:24:23.973,ACH/USDT:USDT,0.02301,182.0,0.023,681.0,0.02303,181.0,0.02304,183.0
1753547065855,16:24:25.855,ACH/USDT:USDT,0.02301,182.0,0.023,681.0,0.02303,181.0,0.02304,183.0
1753547066090,16:24:26.090,ACH/USDT:USDT,0.02301,182.0,0.023,681.0,0.02303,181.0,0.02304,183.0
1753547066166,16:24:26.166,ACH/USDT:USDT,0.02301,182.0,0.023,681.0,0.02303,181.0,0.02304,183.0
1753547068088,16:24:28.088,ACH/USDT:USDT,0.02301,182.0,0.023,681.0,0.02303,181.0,0.02304,183.0
1753547068118,16:24:28.118,ACH/USDT:USDT,0.02301,182.0,0.023,681.0,0.02303,181.0,0.02304,241.0
1753547068243,16:24:28.243,ACH/USDT:USDT,0.02301,182.0,0.023,681.0,0.02303,181.0,0.02304,183.0
1753547068325,16:24:28.325,ACH/USDT:USDT,0.02301,182.0,0.023,681.0,0.02303,181.0,0.02304,183.0
1753547068708,16:24:28.708,ACH/USDT:USDT,0.02301,182.0,0.023,681.0,0.02304,183.0,0.02305,686.0
1753547068733,16:24:28.733,ACH/USDT:USDT,0.02302,11.0,0.02301,182.0,0.02303,23.0,0.02304,183.0
1753547068822,16:24:28.822,ACH/USDT:USDT,0.02302,11.0,0.02301,182.0,0.02303,3.0,0.02304,241.0
1753547068972,16:24:28.972,ACH/USDT:USDT,0.02302,11.0,0.02301,994.0,0.02303,3.0,0.02304,183.0
1753547069037,16:24:29.037,ACH/USDT:USDT,0.02302,11.0,0.02301,994.0,0.02303,3.0,0.02304,183.0
1753547071187,16:24:31.187,ACH/USDT:USDT,0.02302,11.0,0.02301,994.0,0.02303,3.0,0.02304,183.0
1753547071216,16:24:31.216,ACH/USDT:USDT,0.02302,11.0,0.02301,994.0,0.02303,3.0,0.02304,241.0
1753547071315,16:24:31.315,ACH/USDT:USDT,0.02302,11.0,0.02301,994.0,0.02303,3.0,0.02304,183.0
1753547071480,16:24:31.480,ACH/USDT:USDT,0.02302,11.0,0.02301,994.0,0.02303,3.0,0.02304,183.0
1753547071673,16:24:31.673,ACH/USDT:USDT,0.02302,11.0,0.02301,994.0,0.02303,3.0,0.02304,183.0
1753547072409,16:24:32.409,ACH/USDT:USDT,0.02302,193.0,0.02301,994.0,0.02303,23.0,0.02304,183.0
1753547072509,16:24:32.509,ACH/USDT:USDT,0.02302,193.0,0.02301,994.0,0.02303,23.0,0.02304,241.0
1753547072516,16:24:32.516,ACH/USDT:USDT,0.02302,193.0,0.02301,994.0,0.02303,23.0,0.02304,183.0
1753547072683,16:24:32.683,ACH/USDT:USDT,0.02302,193.0,0.02301,994.0,0.02303,23.0,0.02304,183.0
1753547073052,16:24:33.052,ACH/USDT:USDT,0.02302,193.0,0.02301,994.0,0.02303,23.0,0.02304,183.0
1753547073142,16:24:33.142,ACH/USDT:USDT,0.02302,193.0,0.02301,994.0,0.02303,23.0,0.02304,241.0
1753547073215,16:24:33.215,ACH/USDT:USDT,0.02302,193.0,0.02301,994.0,0.02303,23.0,0.02304,183.0
1753547073501,16:24:33.501,ACH/USDT:USDT,0.02302,193.0,0.02301,994.0,0.02303,23.0,0.02304,183.0
1753547073517,16:24:33.517,ACH/USDT:USDT,0.02302,193.0,0.02301,994.0,0.02303,23.0,0.02304,183.0
1753547073757,16:24:33.757,ACH/USDT:USDT,0.02302,193.0,0.02301,994.0,0.02303,23.0,0.02304,183.0
1753547073843,16:24:33.843,ACH/USDT:USDT,0.02302,193.0,0.02301,994.0,0.02303,23.0,0.02304,59.0
1753547073925,16:24:33.925,ACH/USDT:USDT,0.02302,193.0,0.02301,994.0,0.02303,23.0,0.02304,1.0
1753547074639,16:24:34.639,ACH/USDT:USDT,0.02302,193.0,0.02301,994.0,0.02303,23.0,0.02304,1.0
1753547074720,16:24:34.720,ACH/USDT:USDT,0.02302,193.0,0.02301,994.0,0.02303,23.0,0.02304,59.0
1753547074855,16:24:34.855,ACH/USDT:USDT,0.02302,193.0,0.02301,994.0,0.02303,23.0,0.02304,1.0
1753547075647,16:24:35.647,ACH/USDT:USDT,0.02302,193.0,0.02301,994.0,0.02303,23.0,0.02304,1.0
1753547075796,16:24:35.796,ACH/USDT:USDT,0.02302,193.0,0.02301,994.0,0.02303,23.0,0.02304,59.0
1753547075815,16:24:35.815,ACH/USDT:USDT,0.02302,193.0,0.02301,994.0,0.02303,23.0,0.02304,1.0
1753547076462,16:24:36.462,ACH/USDT:USDT,0.02302,193.0,0.02301,994.0,0.02303,23.0,0.02304,1.0
1753547076516,16:24:36.516,ACH/USDT:USDT,0.02302,193.0,0.02301,994.0,0.02303,23.0,0.02304,59.0
1753547076615,16:24:36.615,ACH/USDT:USDT,0.02302,193.0,0.02301,994.0,0.02303,23.0,0.02304,1.0
1753547077191,16:24:37.191,ACH/USDT:USDT,0.02302,587.0,0.02301,994.0,0.02303,3.0,0.02304,1.0
1753547077215,16:24:37.215,ACH/USDT:USDT,0.02302,587.0,0.02301,994.0,0.02303,3.0,0.02304,59.0
1753547077315,16:24:37.315,ACH/USDT:USDT,0.02302,587.0,0.02301,994.0,0.02303,3.0,0.02304,1.0
1753547077797,16:24:37.797,ACH/USDT:USDT,0.02302,587.0,0.02301,994.0,0.02303,3.0,0.02304,1.0
1753547077906,16:24:37.906,ACH/USDT:USDT,0.02302,587.0,0.02301,994.0,0.02303,3.0,0.02304,59.0
1753547077917,16:24:37.917,ACH/USDT:USDT,0.02302,587.0,0.02301,994.0,0.02303,3.0,0.02304,1.0
1753547078091,16:24:38.091,ACH/USDT:USDT,0.02302,587.0,0.02301,994.0,0.02303,3.0,0.02304,1.0
1753547080207,16:24:40.207,ACH/USDT:USDT,0.02302,587.0,0.02301,994.0,0.02303,3.0,0.02304,1.0
1753547080217,16:24:40.217,ACH/USDT:USDT,0.02302,587.0,0.02301,994.0,0.02303,3.0,0.02304,59.0
1753547080315,16:24:40.315,ACH/USDT:USDT,0.02302,587.0,0.02301,994.0,0.02303,3.0,0.02304,1.0
1753547081246,16:24:41.246,ACH/USDT:USDT,0.02302,587.0,0.02301,994.0,0.02303,3.0,0.02304,1.0
1753547081409,16:24:41.409,ACH/USDT:USDT,0.02302,587.0,0.02301,2152.0,0.02303,3.0,0.02304,59.0
1753547081509,16:24:41.509,ACH/USDT:USDT,0.02302,587.0,0.02301,2152.0,0.02303,3.0,0.02304,1.0
1753547081510,16:24:41.510,ACH/USDT:USDT,0.02302,587.0,0.02301,2152.0,0.02303,3.0,0.02304,1.0
1753547081778,16:24:41.778,ACH/USDT:USDT,0.02302,587.0,0.02301,2152.0,0.02303,3.0,0.02304,1.0
1753547081851,16:24:41.851,ACH/USDT:USDT,0.02302,587.0,0.02301,2152.0,0.02303,3.0,0.02304,59.0
1753547081915,16:24:41.915,ACH/USDT:USDT,0.02302,587.0,0.02301,2152.0,0.02303,3.0,0.02304,1.0
1753547082309,16:24:42.309,ACH/USDT:USDT,0.02303,812.0,0.02302,2957.0,0.02304,1.0,0.02305,186.0
1753547082389,16:24:42.389,ACH/USDT:USDT,0.02302,587.0,0.02301,2152.0,0.02304,4.0,0.02305,186.0
1753547082444,16:24:42.444,ACH/USDT:USDT,0.02302,576.0,0.02301,2152.0,0.02304,1.0,0.02305,186.0
1753547082601,16:24:42.601,ACH/USDT:USDT,0.02302,576.0,0.02301,2152.0,0.02304,1.0,0.02305,186.0
1753547082696,16:24:42.696,ACH/USDT:USDT,0.02302,576.0,0.02301,2152.0,0.02304,1.0,0.02305,186.0
1753547082809,16:24:42.809,ACH/USDT:USDT,0.02302,576.0,0.02301,2152.0,0.02304,1.0,0.02305,186.0
1753547082828,16:24:42.828,ACH/USDT:USDT,0.02302,576.0,0.02301,2152.0,0.02304,1.0,0.02305,244.0
1753547082916,16:24:42.916,ACH/USDT:USDT,0.02302,576.0,0.02301,2152.0,0.02304,1.0,0.02305,186.0
1753547083172,16:24:43.172,ACH/USDT:USDT,0.02302,576.0,0.02301,2152.0,0.02304,1.0,0.02305,186.0
1753547083388,16:24:43.388,ACH/USDT:USDT,0.02302,576.0,0.02301,2152.0,0.02304,1.0,0.02306,189.0
1753547083416,16:24:43.416,ACH/USDT:USDT,0.02302,576.0,0.02301,2152.0,0.02304,1.0,0.02306,247.0
1753547083580,16:24:43.580,ACH/USDT:USDT,0.02302,576.0,0.02301,2152.0,0.02304,1.0,0.02306,189.0
1753547083990,16:24:43.990,ACH/USDT:USDT,0.02302,576.0,0.02301,2152.0,0.02304,1.0,0.02306,189.0
1753547084016,16:24:44.016,ACH/USDT:USDT,0.02302,379.0,0.02301,2152.0,0.02304,1.0,0.02306,247.0
1753547084115,16:24:44.115,ACH/USDT:USDT,0.02302,379.0,0.02301,2152.0,0.02304,1.0,0.02306,189.0
1753547084432,16:24:44.432,ACH/USDT:USDT,0.02302,379.0,0.02301,2152.0,0.02304,1.0,0.02306,189.0
1753547084596,16:24:44.596,ACH/USDT:USDT,0.02302,379.0,0.02301,2152.0,0.02304,1.0,0.02306,189.0
1753547085103,16:24:45.103,ACH/USDT:USDT,0.02302,576.0,0.02301,2152.0,0.02304,1.0,0.02306,189.0
1753547085971,16:24:45.971,ACH/USDT:USDT,0.02302,576.0,0.02301,2152.0,0.02304,1.0,0.02306,189.0
1753547086376,16:24:46.376,ACH/USDT:USDT,0.02302,576.0,0.02301,2152.0,0.02304,1.0,0.02306,189.0
1753547086816,16:24:46.816,ACH/USDT:USDT,0.02302,576.0,0.02301,2152.0,0.02304,1.0,0.02306,189.0
1753547087237,16:24:47.237,ACH/USDT:USDT,0.02302,576.0,0.02301,2152.0,0.02304,1.0,0.02306,189.0
1753547087446,16:24:47.446,ACH/USDT:USDT,0.02302,576.0,0.02301,2152.0,0.02304,1.0,0.02306,189.0
1753547087608,16:24:47.608,ACH/USDT:USDT,0.02302,576.0,0.02301,2152.0,0.02304,1.0,0.02306,189.0
1753547087662,16:24:47.662,ACH/USDT:USDT,0.02302,576.0,0.02301,2152.0,0.02304,1.0,0.02306,189.0
1753547088272,16:24:48.272,ACH/USDT:USDT,0.02302,576.0,0.02301,2152.0,0.02304,1.0,0.02306,189.0
1753547088400,16:24:48.400,ACH/USDT:USDT,0.02303,184.0,0.02302,1367.0,0.02304,1.0,0.02306,189.0
1753547088484,16:24:48.484,ACH/USDT:USDT,0.02303,196.0,0.02302,1367.0,0.02304,1.0,0.02306,189.0
1753547088562,16:24:48.562,ACH/USDT:USDT,0.02303,646.0,0.02302,1367.0,0.02304,1.0,0.02306,189.0
1753547088640,16:24:48.640,ACH/USDT:USDT,0.02303,646.0,0.02302,1367.0,0.02304,1.0,0.02306,189.0
1753547088772,16:24:48.772,ACH/USDT:USDT,0.02303,646.0,0.02302,182.0,0.02304,1.0,0.02306,189.0
1753547089523,16:24:49.523,ACH/USDT:USDT,0.02303,462.0,0.02302,182.0,0.02304,1.0,0.02306,189.0
1753547089705,16:24:49.705,ACH/USDT:USDT,0.02303,462.0,0.02302,182.0,0.02304,1.0,0.02306,189.0
1753547090700,16:24:50.700,ACH/USDT:USDT,0.02303,462.0,0.02302,682.0,0.02304,1.0,0.02306,189.0
1753547092252,16:24:52.252,ACH/USDT:USDT,0.02303,462.0,0.02302,682.0,0.02304,1.0,0.02306,189.0
1753547092374,16:24:52.374,ACH/USDT:USDT,0.02303,462.0,0.02302,682.0,0.02304,1.0,0.02306,189.0
1753547092556,16:24:52.556,ACH/USDT:USDT,0.02303,12.0,0.02302,682.0,0.02304,1.0,0.02306,189.0
1753547092653,16:24:52.653,ACH/USDT:USDT,0.02303,12.0,0.02302,1478.0,0.02304,1.0,0.02306,189.0
1753547093435,16:24:53.435,ACH/USDT:USDT,0.02303,12.0,0.02302,1478.0,0.02304,1.0,0.02306,189.0
1753547094795,16:24:54.795,ACH/USDT:USDT,0.02303,12.0,0.02302,1478.0,0.02304,1.0,0.02306,189.0
1753547094816,16:24:54.816,ACH/USDT:USDT,0.02303,12.0,0.02302,1478.0,0.02304,1.0,0.02306,247.0
1753547094915,16:24:54.915,ACH/USDT:USDT,0.02303,12.0,0.02302,1478.0,0.02304,1.0,0.02306,189.0
1753547095223,16:24:55.223,ACH/USDT:USDT,0.02303,12.0,0.02302,1478.0,0.02304,21.0,0.02306,189.0
1753547095374,16:24:55.374,ACH/USDT:USDT,0.02303,12.0,0.02302,1478.0,0.02304,209.0,0.02306,189.0
1753547095416,16:24:55.416,ACH/USDT:USDT,0.02303,12.0,0.02302,1478.0,0.02304,209.0,0.02306,247.0
1753547095515,16:24:55.515,ACH/USDT:USDT,0.02303,12.0,0.02302,1478.0,0.02304,209.0,0.02306,189.0
1753547097093,16:24:57.093,ACH/USDT:USDT,0.02303,12.0,0.02302,1478.0,0.02304,209.0,0.02306,189.0
1753547097116,16:24:57.116,ACH/USDT:USDT,0.02303,12.0,0.02302,1478.0,0.02304,209.0,0.02306,247.0
1753547097216,16:24:57.216,ACH/USDT:USDT,0.02303,12.0,0.02302,1478.0,0.02304,209.0,0.02306,189.0
1753547098560,16:24:58.560,ACH/USDT:USDT,0.02303,12.0,0.02302,1478.0,0.02304,209.0,0.02306,189.0
1753547098616,16:24:58.616,ACH/USDT:USDT,0.02303,12.0,0.02302,1478.0,0.02304,209.0,0.02306,247.0
1753547098716,16:24:58.716,ACH/USDT:USDT,0.02303,12.0,0.02302,1478.0,0.02304,209.0,0.02306,189.0
1753547099397,16:24:59.397,ACH/USDT:USDT,0.02303,12.0,0.02302,1478.0,0.02306,189.0,0.02307,682.0
1753547099485,16:24:59.485,ACH/USDT:USDT,0.02303,824.0,0.02302,1478.0,0.02306,189.0,0.02307,682.0
1753547099572,16:24:59.572,ACH/USDT:USDT,0.02303,824.0,0.02302,1478.0,0.02306,189.0,0.02307,682.0
1753547099780,16:24:59.780,ACH/USDT:USDT,0.02303,824.0,0.02302,1478.0,0.02306,189.0,0.02307,682.0
1753547100206,16:25:00.206,ACH/USDT:USDT,0.02303,824.0,0.02302,1478.0,0.02306,189.0,0.02307,682.0
1753547100306,16:25:00.306,ACH/USDT:USDT,0.02303,824.0,0.02302,1478.0,0.02306,189.0,0.02307,740.0
1753547100374,16:25:00.374,ACH/USDT:USDT,0.02303,12.0,0.02302,1478.0,0.02306,189.0,0.02307,682.0
1753547100464,16:25:00.464,ACH/USDT:USDT,0.02303,12.0,0.02302,1478.0,0.02306,189.0,0.02307,682.0
1753547101170,16:25:01.170,ACH/USDT:USDT,0.02303,200.0,0.02302,1478.0,0.02306,189.0,0.02307,682.0
1753547101216,16:25:01.216,ACH/USDT:USDT,0.02303,200.0,0.02302,1478.0,0.02306,189.0,0.02307,740.0
1753547101315,16:25:01.315,ACH/USDT:USDT,0.02303,200.0,0.02302,1478.0,0.02306,189.0,0.02307,682.0
1753547101605,16:25:01.605,ACH/USDT:USDT,0.02303,200.0,0.02302,1478.0,0.02306,189.0,0.02307,682.0
1753547101613,16:25:01.613,ACH/USDT:USDT,0.02303,200.0,0.02302,1478.0,0.02306,189.0,0.02307,682.0
1753547102473,16:25:02.473,ACH/USDT:USDT,0.02303,200.0,0.02302,1478.0,0.02306,189.0,0.02307,682.0
1753547102608,16:25:02.608,ACH/USDT:USDT,0.02303,200.0,0.02302,1478.0,0.02306,189.0,0.02307,740.0
1753547102615,16:25:02.615,ACH/USDT:USDT,0.02303,200.0,0.02302,1478.0,0.02306,189.0,0.02307,682.0
1753547103467,16:25:03.467,ACH/USDT:USDT,0.02303,200.0,0.02302,1478.0,0.02306,189.0,0.02307,682.0
1753547103605,16:25:03.605,ACH/USDT:USDT,0.02303,1012.0,0.02302,1478.0,0.02306,189.0,0.02307,182.0
1753547103703,16:25:03.703,ACH/USDT:USDT,0.02303,1012.0,0.02302,1478.0,0.02305,20.0,0.02306,188.0
1753547103800,16:25:03.800,ACH/USDT:USDT,0.02303,1000.0,0.02302,1478.0,0.02305,20.0,0.02306,246.0
1753547103902,16:25:03.902,ACH/USDT:USDT,0.02303,1000.0,0.02302,1478.0,0.02305,20.0,0.02306,188.0
1753547103931,16:25:03.931,ACH/USDT:USDT,0.02303,1000.0,0.02302,1478.0,0.02305,20.0,0.02306,188.0
1753547104018,16:25:04.018,ACH/USDT:USDT,0.02303,1000.0,0.02302,1478.0,0.02305,20.0,0.02306,188.0
1753547104322,16:25:04.322,ACH/USDT:USDT,0.02303,1000.0,0.02302,1478.0,0.02305,20.0,0.02306,188.0
1753547104503,16:25:04.503,ACH/USDT:USDT,0.02303,1000.0,0.02302,1478.0,0.02305,208.0,0.02306,188.0
1753547104707,16:25:04.707,ACH/USDT:USDT,0.02303,188.0,0.02302,1478.0,0.02305,208.0,0.02306,188.0
1753547104799,16:25:04.799,ACH/USDT:USDT,0.02302,978.0,0.02301,4756.0,0.02305,208.0,0.02306,188.0
1753547104819,16:25:04.819,ACH/USDT:USDT,0.02303,12.0,0.02302,978.0,0.02305,208.0,0.02306,188.0
1753547106259,16:25:06.259,ACH/USDT:USDT,0.02303,12.0,0.02302,978.0,0.02304,208.0,0.02305,188.0
1753547106395,16:25:06.395,ACH/USDT:USDT,0.02303,12.0,0.02302,978.0,0.02305,188.0,0.02306,688.0
1753547106509,16:25:06.509,ACH/USDT:USDT,0.02303,12.0,0.02302,978.0,0.02305,188.0,0.02306,746.0
1753547106529,16:25:06.529,ACH/USDT:USDT,0.02303,12.0,0.02302,978.0,0.02305,188.0,0.02306,688.0
1753547106651,16:25:06.651,ACH/USDT:USDT,0.02303,12.0,0.02302,978.0,0.02305,188.0,0.02306,688.0
1753547106826,16:25:06.826,ACH/USDT:USDT,0.02303,12.0,0.02302,978.0,0.02305,188.0,0.02306,688.0
1753547107244,16:25:07.244,ACH/USDT:USDT,0.02303,12.0,0.02302,978.0,0.02305,188.0,0.02306,688.0
1753547107377,16:25:07.377,ACH/USDT:USDT,0.02302,930.0,0.02301,4756.0,0.02305,188.0,0.02306,688.0
1753547107443,16:25:07.443,ACH/USDT:USDT,0.02303,3.0,0.02302,930.0,0.02304,218.0,0.02305,188.0
1753547107523,16:25:07.523,ACH/USDT:USDT,0.02303,3.0,0.02302,930.0,0.02304,198.0,0.02305,246.0
1753547107696,16:25:07.696,ACH/USDT:USDT,0.02303,3.0,0.02302,930.0,0.02304,198.0,0.02305,188.0
1753547107802,16:25:07.802,ACH/USDT:USDT,0.02303,3.0,0.02302,930.0,0.02304,198.0,0.02305,188.0
1753547107957,16:25:07.957,ACH/USDT:USDT,0.02303,3.0,0.02302,930.0,0.02304,198.0,0.02305,188.0
1753547108017,16:25:08.017,ACH/USDT:USDT,0.02303,3.0,0.02302,930.0,0.02304,198.0,0.02305,246.0
1753547108128,16:25:08.128,ACH/USDT:USDT,0.02303,3.0,0.02302,930.0,0.02304,198.0,0.02305,188.0
1753547111252,16:25:11.252,ACH/USDT:USDT,0.02303,3.0,0.02302,134.0,0.02304,198.0,0.02305,188.0
1753547111364,16:25:11.364,ACH/USDT:USDT,0.02303,3.0,0.02302,134.0,0.02304,198.0,0.02305,188.0
1753547112049,16:25:12.049,ACH/USDT:USDT,0.02303,3.0,0.02302,134.0,0.02304,198.0,0.02305,188.0
1753547112397,16:25:12.397,ACH/USDT:USDT,0.02303,3.0,0.02301,3598.0,0.02304,198.0,0.02305,188.0
1753547112420,16:25:12.420,ACH/USDT:USDT,0.02302,3.0,0.02301,3598.0,0.02304,198.0,0.02305,188.0
1753547112580,16:25:12.580,ACH/USDT:USDT,0.02302,3.0,0.02301,3598.0,0.02305,188.0,0.02306,688.0
1753547112685,16:25:12.685,ACH/USDT:USDT,0.02302,3.0,0.02301,3598.0,0.02304,10.0,0.02305,188.0
1753547112836,16:25:12.836,ACH/USDT:USDT,0.02302,3.0,0.02301,3598.0,0.02304,10.0,0.02305,188.0
1753547112994,16:25:12.994,ACH/USDT:USDT,0.02302,3.0,0.02301,3598.0,0.02304,10.0,0.02305,188.0
1753547113141,16:25:13.141,ACH/USDT:USDT,0.02302,3.0,0.02301,3598.0,0.02304,10.0,0.02305,188.0
1753547113296,16:25:13.296,ACH/USDT:USDT,0.02302,192.0,0.02301,3598.0,0.02304,199.0,0.02305,188.0
1753547113316,16:25:13.316,ACH/USDT:USDT,0.02302,189.0,0.02301,3598.0,0.02304,189.0,0.02305,188.0
1753547113472,16:25:13.472,ACH/USDT:USDT,0.02301,3098.0,0.023,10530.0,0.02305,188.0,0.02306,688.0
1753547113602,16:25:13.602,ACH/USDT:USDT,0.02302,3.0,0.02301,3098.0,0.02304,10.0,0.02305,188.0
1753547113709,16:25:13.709,ACH/USDT:USDT,0.02302,3.0,0.02301,3098.0,0.02304,10.0,0.02305,188.0
1753547113809,16:25:13.809,ACH/USDT:USDT,0.02302,3.0,0.02301,3098.0,0.02304,10.0,0.02305,188.0
1753547113903,16:25:13.903,ACH/USDT:USDT,0.02302,3.0,0.02301,3098.0,0.02304,199.0,0.02305,188.0
1753547113928,16:25:13.928,ACH/USDT:USDT,0.02302,3.0,0.02301,3098.0,0.02305,188.0,0.02306,688.0
1753547114055,16:25:14.055,ACH/USDT:USDT,0.02302,3.0,0.02301,3098.0,0.02304,10.0,0.02305,188.0
1753547114206,16:25:14.206,ACH/USDT:USDT,0.02302,3.0,0.02301,3098.0,0.02304,10.0,0.02305,188.0
1753547114231,16:25:14.231,ACH/USDT:USDT,0.02302,3.0,0.02301,3098.0,0.02304,10.0,0.02305,188.0
1753547114357,16:25:14.357,ACH/USDT:USDT,0.02302,3.0,0.02301,3098.0,0.02304,10.0,0.02305,188.0
1753547114508,16:25:14.508,ACH/USDT:USDT,0.02302,3.0,0.02301,3098.0,0.02304,199.0,0.02305,188.0
1753547114516,16:25:14.516,ACH/USDT:USDT,0.02302,3.0,0.02301,3098.0,0.02304,189.0,0.02305,188.0
1753547114662,16:25:14.662,ACH/USDT:USDT,0.02302,3.0,0.02301,3098.0,0.02305,188.0,0.02306,688.0
1753547114718,16:25:14.718,ACH/USDT:USDT,0.02302,3.0,0.02301,3098.0,0.02304,10.0,0.02305,188.0
1753547114815,16:25:14.815,ACH/USDT:USDT,0.02302,3.0,0.02301,3098.0,0.02304,10.0,0.02305,188.0
1753547114967,16:25:14.967,ACH/USDT:USDT,0.02302,3.0,0.02301,3098.0,0.02304,199.0,0.02305,188.0
1753547115071,16:25:15.071,ACH/USDT:USDT,0.02302,3.0,0.02301,2286.0,0.02303,189.0,0.02304,189.0
1753547115117,16:25:15.117,ACH/USDT:USDT,0.02302,3.0,0.02301,2286.0,0.02303,199.0,0.02304,189.0
1753547115592,16:25:15.592,ACH/USDT:USDT,0.02302,3.0,0.02301,2286.0,0.02303,199.0,0.02304,189.0
1753547115680,16:25:15.680,ACH/USDT:USDT,0.02302,3.0,0.023,7014.0,0.02303,199.0,0.02304,189.0
1753547115750,16:25:15.750,ACH/USDT:USDT,0.02301,2107.0,0.023,6514.0,0.02303,199.0,0.02304,189.0
1753547115903,16:25:15.903,ACH/USDT:USDT,0.02301,2104.0,0.023,6514.0,0.02304,189.0,0.02305,1371.0
1753547115990,16:25:15.990,ACH/USDT:USDT,0.02302,3.0,0.02301,2104.0,0.02303,199.0,0.02304,689.0
1753547116304,16:25:16.304,ACH/USDT:USDT,0.02302,3.0,0.02301,2104.0,0.02303,199.0,0.02304,689.0
1753547116382,16:25:16.382,ACH/USDT:USDT,0.02302,3.0,0.02301,2104.0,0.02303,199.0,0.02304,689.0
1753547118246,16:25:18.246,ACH/USDT:USDT,0.02302,3.0,0.02301,2104.0,0.02303,199.0,0.02304,689.0
1753547118327,16:25:18.327,ACH/USDT:USDT,0.02302,3.0,0.02301,2104.0,0.02303,199.0,0.02304,689.0
1753547118665,16:25:18.665,ACH/USDT:USDT,0.02302,3.0,0.02301,2104.0,0.02303,199.0,0.02304,689.0
1753547119153,16:25:19.153,ACH/USDT:USDT,0.02302,3.0,0.023,6514.0,0.02303,199.0,0.02304,689.0
1753547119308,16:25:19.308,ACH/USDT:USDT,0.02301,3.0,0.023,6514.0,0.02303,199.0,0.02304,689.0
1753547119348,16:25:19.348,ACH/USDT:USDT,0.02301,3.0,0.023,6514.0,0.02303,189.0,0.02304,689.0
1753547119644,16:25:19.644,ACH/USDT:USDT,0.02301,3.0,0.023,6514.0,0.02303,189.0,0.02304,689.0
1753547119958,16:25:19.958,ACH/USDT:USDT,0.02301,192.0,0.023,6514.0,0.02303,189.0,0.02304,689.0
1753547120078,16:25:20.078,ACH/USDT:USDT,0.02301,2143.0,0.023,6514.0,0.02303,189.0,0.02304,689.0
1753547120153,16:25:20.153,ACH/USDT:USDT,0.02301,2143.0,0.023,6514.0,0.02303,189.0,0.02304,689.0
1753547120392,16:25:20.392,ACH/USDT:USDT,0.02301,2143.0,0.023,6514.0,0.02303,189.0,0.02304,689.0
1753547120814,16:25:20.814,ACH/USDT:USDT,0.02301,2143.0,0.023,6514.0,0.02303,189.0,0.02304,689.0
1753547121633,16:25:21.633,ACH/USDT:USDT,0.02301,189.0,0.023,6514.0,0.02303,189.0,0.02304,689.0
1753547121717,16:25:21.717,ACH/USDT:USDT,0.02301,189.0,0.023,6514.0,0.02303,189.0,0.02304,747.0
1753547121816,16:25:21.816,ACH/USDT:USDT,0.02301,189.0,0.023,6514.0,0.02303,189.0,0.02304,689.0
1753547122632,16:25:22.632,ACH/USDT:USDT,0.02301,2143.0,0.023,6514.0,0.02303,189.0,0.02304,689.0
1753547122722,16:25:22.722,ACH/USDT:USDT,0.02301,2143.0,0.023,6514.0,0.02303,189.0,0.02304,747.0
1753547122817,16:25:22.817,ACH/USDT:USDT,0.02301,2143.0,0.023,6514.0,0.02303,189.0,0.02304,689.0
1753547123044,16:25:23.044,ACH/USDT:USDT,0.02301,2143.0,0.023,6514.0,0.02303,189.0,0.02304,689.0
1753547124253,16:25:24.253,ACH/USDT:USDT,0.02301,2143.0,0.023,6514.0,0.02303,189.0,0.02304,689.0
1753547124320,16:25:24.320,ACH/USDT:USDT,0.02301,189.0,0.023,6514.0,0.02303,189.0,0.02304,747.0
1753547124492,16:25:24.492,ACH/USDT:USDT,0.023,6514.0,0.02299,2196.0,0.02303,189.0,0.02304,689.0
1753547124522,16:25:24.522,ACH/USDT:USDT,0.02301,3.0,0.023,6514.0,0.02302,10.0,0.02303,189.0
1753547124796,16:25:24.796,ACH/USDT:USDT,0.02301,3.0,0.023,181.0,0.02302,10.0,0.02303,189.0
1753547124817,16:25:24.817,ACH/USDT:USDT,0.02301,3.0,0.023,181.0,0.02302,10.0,0.02303,247.0
1753547124916,16:25:24.916,ACH/USDT:USDT,0.02301,3.0,0.023,181.0,0.02302,10.0,0.02303,189.0
1753547126292,16:25:26.292,ACH/USDT:USDT,0.02301,3.0,0.023,181.0,0.02302,10.0,0.02303,189.0
1753547126389,16:25:26.389,ACH/USDT:USDT,0.02301,3.0,0.023,181.0,0.02302,10.0,0.02303,247.0
1753547126416,16:25:26.416,ACH/USDT:USDT,0.02301,3.0,0.023,181.0,0.02302,10.0,0.02303,189.0
1753547127845,16:25:27.845,ACH/USDT:USDT,0.02301,3.0,0.023,181.0,0.02302,10.0,0.02303,189.0
1753547128007,16:25:28.007,ACH/USDT:USDT,0.02301,190.0,0.023,181.0,0.02302,10.0,0.02303,58.0
1753547128109,16:25:28.109,ACH/USDT:USDT,0.02301,3.0,0.023,181.0,0.02302,10.0,0.02304,689.0
1753547128143,16:25:28.143,ACH/USDT:USDT,0.02301,3.0,0.023,181.0,0.02303,197.0,0.02304,747.0
1753547128295,16:25:28.295,ACH/USDT:USDT,0.02301,190.0,0.023,1490.0,0.02303,187.0,0.02304,689.0
1753547128317,16:25:28.317,ACH/USDT:USDT,0.02301,187.0,0.023,1490.0,0.02303,187.0,0.02304,689.0
1753547128493,16:25:28.493,ACH/USDT:USDT,0.023,990.0,0.02299,4654.0,0.02303,187.0,0.02304,689.0
1753547128521,16:25:28.521,ACH/USDT:USDT,0.02301,3.0,0.023,990.0,0.02302,10.0,0.02303,187.0
1753547128618,16:25:28.618,ACH/USDT:USDT,0.02301,3.0,0.023,990.0,0.02302,10.0,0.02303,245.0
1753547128717,16:25:28.717,ACH/USDT:USDT,0.02301,3.0,0.023,990.0,0.02302,10.0,0.02303,187.0
1753547129473,16:25:29.473,ACH/USDT:USDT,0.02301,3.0,0.023,990.0,0.02302,10.0,0.02303,187.0
1753547129601,16:25:29.601,ACH/USDT:USDT,0.02301,3.0,0.023,990.0,0.02302,197.0,0.02303,187.0
1753547129707,16:25:29.707,ACH/USDT:USDT,0.02301,3.0,0.023,990.0,0.02302,197.0,0.02303,187.0
1753547129804,16:25:29.804,ACH/USDT:USDT,0.02301,3.0,0.023,181.0,0.02302,197.0,0.02303,187.0
1753547130604,16:25:30.604,ACH/USDT:USDT,0.02301,3.0,0.023,181.0,0.02302,197.0,0.02303,187.0
1753547130619,16:25:30.619,ACH/USDT:USDT,0.02301,3.0,0.023,181.0,0.02302,197.0,0.02303,245.0
1753547130809,16:25:30.809,ACH/USDT:USDT,0.02301,3.0,0.02299,3456.0,0.02302,197.0,0.02303,187.0
1753547130910,16:25:30.910,ACH/USDT:USDT,0.023,3.0,0.02299,2956.0,0.02302,197.0,0.02303,187.0
1753547130990,16:25:30.990,ACH/USDT:USDT,0.023,3.0,0.02299,2956.0,0.02303,187.0,0.02304,689.0
1753547131085,16:25:31.085,ACH/USDT:USDT,0.023,3.0,0.02299,2956.0,0.02302,10.0,0.02303,187.0
1753547131306,16:25:31.306,ACH/USDT:USDT,0.023,3.0,0.02299,2956.0,0.02302,197.0,0.02303,187.0
1753547131396,16:25:31.396,ACH/USDT:USDT,0.023,3.0,0.02299,2956.0,0.02303,187.0,0.02304,689.0
1753547131416,16:25:31.416,ACH/USDT:USDT,0.023,3.0,0.02299,2956.0,0.02302,10.0,0.02303,187.0
1753547131552,16:25:31.552,ACH/USDT:USDT,0.023,3.0,0.02299,2956.0,0.02302,10.0,0.02303,187.0
1753547131703,16:25:31.703,ACH/USDT:USDT,0.023,3.0,0.02299,2956.0,0.02302,197.0,0.02303,187.0
1753547132052,16:25:32.052,ACH/USDT:USDT,0.023,3.0,0.02299,2956.0,0.02303,187.0,0.02304,689.0
1753547132210,16:25:32.210,ACH/USDT:USDT,0.023,3.0,0.02299,2956.0,0.02302,197.0,0.02303,187.0
1753547132218,16:25:32.218,ACH/USDT:USDT,0.023,3.0,0.02299,2956.0,0.02302,187.0,0.02303,245.0
1753547132355,16:25:32.355,ACH/USDT:USDT,0.023,3.0,0.02299,2956.0,0.02303,187.0,0.02304,689.0
1753547132468,16:25:32.468,ACH/USDT:USDT,0.023,3.0,0.02299,2956.0,0.02302,10.0,0.02303,187.0
1753547132523,16:25:32.523,ACH/USDT:USDT,0.023,3.0,0.02299,2956.0,0.02302,10.0,0.02303,187.0
1753547132665,16:25:32.665,ACH/USDT:USDT,0.023,3.0,0.02299,2956.0,0.02302,10.0,0.02303,187.0
1753547132816,16:25:32.816,ACH/USDT:USDT,0.023,3.0,0.02299,2956.0,0.02302,197.0,0.02303,187.0
1753547132916,16:25:32.916,ACH/USDT:USDT,0.023,3.0,0.02299,2956.0,0.02302,187.0,0.02303,245.0
1753547133035,16:25:33.035,ACH/USDT:USDT,0.023,3.0,0.02299,2956.0,0.02303,187.0,0.02304,689.0
1753547133203,16:25:33.203,ACH/USDT:USDT,0.023,3.0,0.02299,2956.0,0.02302,10.0,0.02303,187.0
1753547133351,16:25:33.351,ACH/USDT:USDT,0.023,3.0,0.02299,2956.0,0.02302,10.0,0.02303,187.0
1753547133507,16:25:33.507,ACH/USDT:USDT,0.023,3.0,0.02299,2956.0,0.02302,10.0,0.02303,187.0
1753547133517,16:25:33.517,ACH/USDT:USDT,0.023,3.0,0.02299,2956.0,0.02302,10.0,0.02303,245.0
1753547133668,16:25:33.668,ACH/USDT:USDT,0.023,3.0,0.02299,2956.0,0.02302,10.0,0.02303,187.0
1753547133826,16:25:33.826,ACH/USDT:USDT,0.023,3.0,0.02299,2956.0,0.02302,195.0,0.02303,187.0
1753547133980,16:25:33.980,ACH/USDT:USDT,0.023,3.0,0.02299,2956.0,0.02303,187.0,0.02304,689.0
1753547134016,16:25:34.016,ACH/USDT:USDT,0.023,3.0,0.02299,2956.0,0.02302,10.0,0.02303,187.0
1753547134139,16:25:34.139,ACH/USDT:USDT,0.023,3.0,0.02299,2956.0,0.02302,195.0,0.02303,187.0
1753547134284,16:25:34.284,ACH/USDT:USDT,0.023,3.0,0.02299,2956.0,0.02303,187.0,0.02304,689.0
1753547134316,16:25:34.316,ACH/USDT:USDT,0.023,3.0,0.02299,2956.0,0.02302,10.0,0.02303,187.0
1753547134435,16:25:34.435,ACH/USDT:USDT,0.023,3.0,0.02299,2956.0,0.02302,195.0,0.02303,187.0
1753547134586,16:25:34.586,ACH/USDT:USDT,0.023,3.0,0.02299,2956.0,0.02303,187.0,0.02304,689.0
1753547134622,16:25:34.622,ACH/USDT:USDT,0.023,3.0,0.02299,2956.0,0.02302,10.0,0.02303,187.0
1753547134744,16:25:34.744,ACH/USDT:USDT,0.023,3.0,0.02299,2956.0,0.02302,10.0,0.02303,187.0
1753547134892,16:25:34.892,ACH/USDT:USDT,0.023,3.0,0.02299,2956.0,0.02302,10.0,0.02303,187.0
1753547135043,16:25:35.043,ACH/USDT:USDT,0.023,3.0,0.02299,2956.0,0.02302,195.0,0.02303,187.0
1753547135195,16:25:35.195,ACH/USDT:USDT,0.023,3.0,0.02299,2956.0,0.02303,187.0,0.02304,689.0
1753547135217,16:25:35.217,ACH/USDT:USDT,0.023,3.0,0.02299,2956.0,0.02302,10.0,0.02303,187.0
1753547135367,16:25:35.367,ACH/USDT:USDT,0.023,3.0,0.02299,2956.0,0.02302,195.0,0.02303,187.0
1753547135415,16:25:35.415,ACH/USDT:USDT,0.023,3.0,0.02299,2956.0,0.02302,185.0,0.02303,187.0
1753547135514,16:25:35.514,ACH/USDT:USDT,0.023,3.0,0.02299,2956.0,0.02303,187.0,0.02304,689.0
1753547135679,16:25:35.679,ACH/USDT:USDT,0.023,3.0,0.02299,2956.0,0.02302,195.0,0.02303,187.0
1753547135715,16:25:35.715,ACH/USDT:USDT,0.023,3.0,0.02299,2956.0,0.02302,185.0,0.02303,187.0
1753547135830,16:25:35.830,ACH/USDT:USDT,0.023,3.0,0.02299,2956.0,0.02303,187.0,0.02304,689.0
1753547135982,16:25:35.982,ACH/USDT:USDT,0.023,3.0,0.02299,2956.0,0.02302,10.0,0.02303,187.0
1753547136024,16:25:36.024,ACH/USDT:USDT,0.023,3.0,0.02299,2144.0,0.02302,10.0,0.02303,187.0
1753547136133,16:25:36.133,ACH/USDT:USDT,0.023,3.0,0.02299,2144.0,0.02302,10.0,0.02303,187.0
1753547136284,16:25:36.284,ACH/USDT:USDT,0.023,3.0,0.02299,2144.0,0.02302,195.0,0.02303,187.0
1753547136316,16:25:36.316,ACH/USDT:USDT,0.023,3.0,0.02299,2144.0,0.02302,185.0,0.02303,187.0
1753547136472,16:25:36.472,ACH/USDT:USDT,0.023,3.0,0.02299,2144.0,0.02302,185.0,0.02303,1371.0
1753547137402,16:25:37.402,ACH/USDT:USDT,0.023,3.0,0.02299,2144.0,0.02302,185.0,0.02303,1371.0
1753547137452,16:25:37.452,ACH/USDT:USDT,0.023,3.0,0.02299,2144.0,0.02302,185.0,0.02303,1371.0
1753547138482,16:25:38.482,ACH/USDT:USDT,0.023,3.0,0.02299,2144.0,0.02302,185.0,0.02303,1371.0
1753547138864,16:25:38.864,ACH/USDT:USDT,0.023,3.0,0.02299,2144.0,0.02302,185.0,0.02303,1371.0
1753547140003,16:25:40.003,ACH/USDT:USDT,0.023,3.0,0.02299,1958.0,0.02302,185.0,0.02303,1371.0
1753547141157,16:25:41.157,ACH/USDT:USDT,0.023,3.0,0.02299,1958.0,0.02302,185.0,0.02303,1371.0
1753547141442,16:25:41.442,ACH/USDT:USDT,0.023,3.0,0.02299,1958.0,0.02302,185.0,0.02303,1371.0
1753547141906,16:25:41.906,ACH/USDT:USDT,0.023,3.0,0.02299,1958.0,0.02302,185.0,0.02303,1371.0
1753547141912,16:25:41.912,ACH/USDT:USDT,0.023,3.0,0.02299,1958.0,0.02302,185.0,0.02303,1371.0
1753547142144,16:25:42.144,ACH/USDT:USDT,0.023,3.0,0.02299,1958.0,0.02302,185.0,0.02303,1371.0
1753547142245,16:25:42.245,ACH/USDT:USDT,0.023,3.0,0.02299,1958.0,0.02302,185.0,0.02303,1371.0
1753547142487,16:25:42.487,ACH/USDT:USDT,0.023,3.0,0.02299,1958.0,0.02302,185.0,0.02303,1371.0
1753547142678,16:25:42.678,ACH/USDT:USDT,0.023,3.0,0.02299,1958.0,0.02302,185.0,0.02303,1371.0
1753547145155,16:25:45.155,ACH/USDT:USDT,0.023,3.0,0.02299,1958.0,0.02302,185.0,0.02303,1371.0
1753547145571,16:25:45.571,ACH/USDT:USDT,0.023,3.0,0.02299,1958.0,0.02302,185.0,0.02303,1371.0
1753547146090,16:25:46.090,ACH/USDT:USDT,0.023,3.0,0.02299,1958.0,0.02302,185.0,0.02303,1371.0
1753547146116,16:25:46.116,ACH/USDT:USDT,0.023,3.0,0.02299,1958.0,0.02302,185.0,0.02303,1429.0
1753547146807,16:25:46.807,ACH/USDT:USDT,0.023,3.0,0.02298,1209.0,0.02302,185.0,0.02303,2241.0
1753547146908,16:25:46.908,ACH/USDT:USDT,0.02299,3.0,0.02298,1209.0,0.02302,185.0,0.02303,2183.0
1753547146964,16:25:46.964,ACH/USDT:USDT,0.02299,3.0,0.02298,1209.0,0.02301,10.0,0.02302,685.0
1753547147087,16:25:47.087,ACH/USDT:USDT,0.02299,3.0,0.02298,1209.0,0.02301,192.0,0.02302,685.0
1753547147116,16:25:47.116,ACH/USDT:USDT,0.02299,3.0,0.02298,1209.0,0.02301,182.0,0.02302,685.0
1753547147268,16:25:47.268,ACH/USDT:USDT,0.02299,3.0,0.02298,1209.0,0.02301,182.0,0.02302,685.0
1753547147407,16:25:47.407,ACH/USDT:USDT,0.02299,3.0,0.02298,1209.0,0.02301,182.0,0.02302,685.0
1753547147419,16:25:47.419,ACH/USDT:USDT,0.02299,3.0,0.02298,1209.0,0.02301,182.0,0.02302,685.0
1753547147517,16:25:47.517,ACH/USDT:USDT,0.02299,3.0,0.02298,1209.0,0.02301,182.0,0.02302,743.0
1753547147617,16:25:47.617,ACH/USDT:USDT,0.02299,3.0,0.02298,1209.0,0.02301,182.0,0.02302,685.0
1753547148025,16:25:48.025,ACH/USDT:USDT,0.02299,3.0,0.02298,1209.0,0.02301,182.0,0.02302,685.0
1753547148117,16:25:48.117,ACH/USDT:USDT,0.02299,3.0,0.02298,1209.0,0.02301,182.0,0.02302,743.0
1753547148233,16:25:48.233,ACH/USDT:USDT,0.02299,3.0,0.02298,1209.0,0.02301,182.0,0.02302,685.0
1753547149692,16:25:49.692,ACH/USDT:USDT,0.02299,3.0,0.02298,1209.0,0.02301,182.0,0.02302,685.0
1753547149715,16:25:49.715,ACH/USDT:USDT,0.02299,3.0,0.02298,1209.0,0.02301,182.0,0.02302,743.0
1753547149815,16:25:49.815,ACH/USDT:USDT,0.02299,3.0,0.02298,1209.0,0.02301,182.0,0.02302,685.0
1753547150249,16:25:50.249,ACH/USDT:USDT,0.02299,3.0,0.02298,1209.0,0.02301,182.0,0.02302,685.0
1753547150316,16:25:50.316,ACH/USDT:USDT,0.02299,3.0,0.02298,1209.0,0.02301,182.0,0.02302,743.0
1753547150415,16:25:50.415,ACH/USDT:USDT,0.02299,3.0,0.02298,1209.0,0.02301,182.0,0.02302,685.0
1753547151846,16:25:51.846,ACH/USDT:USDT,0.02299,3.0,0.02298,1209.0,0.02301,182.0,0.02302,685.0
1753547151916,16:25:51.916,ACH/USDT:USDT,0.02299,3.0,0.02298,1209.0,0.02301,182.0,0.02302,743.0
1753547152016,16:25:52.016,ACH/USDT:USDT,0.02299,3.0,0.02298,1209.0,0.02301,182.0,0.02302,685.0
1753547152257,16:25:52.257,ACH/USDT:USDT,0.02299,3.0,0.02298,1209.0,0.02301,182.0,0.02302,685.0
1753547152832,16:25:52.832,ACH/USDT:USDT,0.02299,3.0,0.02298,1209.0,0.02301,182.0,0.02302,685.0
1753547152916,16:25:52.916,ACH/USDT:USDT,0.02299,3.0,0.02298,1209.0,0.02301,182.0,0.02302,743.0
1753547153015,16:25:53.015,ACH/USDT:USDT,0.02299,3.0,0.02298,1209.0,0.02301,182.0,0.02302,685.0
1753547153696,16:25:53.696,ACH/USDT:USDT,0.02299,3.0,0.02298,1209.0,0.02301,182.0,0.02302,685.0
1753547153763,16:25:53.763,ACH/USDT:USDT,0.02299,3.0,0.02298,1209.0,0.02301,182.0,0.02302,743.0
1753547153815,16:25:53.815,ACH/USDT:USDT,0.02299,3.0,0.02298,1209.0,0.02301,182.0,0.02302,685.0
1753547154993,16:25:54.993,ACH/USDT:USDT,0.02299,3.0,0.02298,1209.0,0.02301,182.0,0.02302,685.0
1753547155017,16:25:55.017,ACH/USDT:USDT,0.02299,3.0,0.02298,1209.0,0.02301,182.0,0.02302,743.0
1753547155116,16:25:55.116,ACH/USDT:USDT,0.02299,3.0,0.02298,1209.0,0.02301,182.0,0.02302,685.0
1753547156050,16:25:56.050,ACH/USDT:USDT,0.02299,3.0,0.02298,1209.0,0.02301,182.0,0.02302,685.0
1753547156116,16:25:56.116,ACH/USDT:USDT,0.02299,3.0,0.02298,1209.0,0.02301,182.0,0.02302,743.0
1753547156215,16:25:56.215,ACH/USDT:USDT,0.02299,3.0,0.02298,1209.0,0.02301,182.0,0.02302,685.0
1753547156645,16:25:56.645,ACH/USDT:USDT,0.02299,3.0,0.02298,1209.0,0.02301,182.0,0.02302,685.0
1753547156716,16:25:56.716,ACH/USDT:USDT,0.02299,3.0,0.02298,1209.0,0.02301,182.0,0.02302,743.0
1753547156821,16:25:56.821,ACH/USDT:USDT,0.02299,3.0,0.02298,1209.0,0.02301,182.0,0.02302,685.0
1753547156986,16:25:56.986,ACH/USDT:USDT,0.02299,3.0,0.02298,1209.0,0.02301,182.0,0.02302,685.0
1753547157504,16:25:57.504,ACH/USDT:USDT,0.02299,3.0,0.02298,1209.0,0.02301,182.0,0.02302,685.0
1753547157516,16:25:57.516,ACH/USDT:USDT,0.02299,3.0,0.02298,1209.0,0.02301,182.0,0.02302,743.0
1753547157615,16:25:57.615,ACH/USDT:USDT,0.02299,3.0,0.02298,1209.0,0.02301,182.0,0.02302,685.0
1753547158592,16:25:58.592,ACH/USDT:USDT,0.02299,3.0,0.02298,1209.0,0.02301,182.0,0.02302,685.0
1753547158616,16:25:58.616,ACH/USDT:USDT,0.02299,3.0,0.02298,1209.0,0.02301,182.0,0.02302,743.0
1753547158715,16:25:58.715,ACH/USDT:USDT,0.02299,3.0,0.02298,1209.0,0.02301,182.0,0.02302,685.0
1753547159486,16:25:59.486,ACH/USDT:USDT,0.02299,3.0,0.02298,1209.0,0.02301,182.0,0.02302,685.0
1753547159520,16:25:59.520,ACH/USDT:USDT,0.02299,3.0,0.02298,1209.0,0.02301,182.0,0.02302,743.0
1753547159615,16:25:59.615,ACH/USDT:USDT,0.02299,3.0,0.02298,1209.0,0.02301,182.0,0.02302,685.0
1753547160012,16:26:00.012,ACH/USDT:USDT,0.02299,3.0,0.02298,1209.0,0.02301,182.0,0.02302,685.0
1753547160117,16:26:00.117,ACH/USDT:USDT,0.02299,3.0,0.02298,1209.0,0.02301,182.0,0.02302,743.0
1753547160215,16:26:00.215,ACH/USDT:USDT,0.02299,3.0,0.02298,1209.0,0.02301,182.0,0.02302,685.0
1753547160457,16:26:00.457,ACH/USDT:USDT,0.02299,3.0,0.02298,1209.0,0.02301,182.0,0.02302,685.0
1753547160609,16:26:00.609,ACH/USDT:USDT,0.02299,3.0,0.02298,1209.0,0.02301,182.0,0.02302,685.0
1753547160716,16:26:00.716,ACH/USDT:USDT,0.02299,3.0,0.02298,1209.0,0.02301,182.0,0.02302,743.0
1753547160815,16:26:00.815,ACH/USDT:USDT,0.02299,3.0,0.02298,1209.0,0.02301,182.0,0.02302,685.0
1753547160913,16:26:00.913,ACH/USDT:USDT,0.02299,3.0,0.02298,1209.0,0.02301,182.0,0.02302,685.0
1753547161071,16:26:01.071,ACH/USDT:USDT,0.02299,3.0,0.02298,1209.0,0.02301,182.0,0.02302,685.0
1753547161452,16:26:01.452,ACH/USDT:USDT,0.02299,3.0,0.02298,1209.0,0.02301,182.0,0.02302,1844.0
1753547161516,16:26:01.516,ACH/USDT:USDT,0.02299,3.0,0.02298,1209.0,0.02301,182.0,0.02302,1902.0
1753547162506,16:26:02.506,ACH/USDT:USDT,0.02299,187.0,0.02298,1209.0,0.02301,182.0,0.02302,685.0
1753547162522,16:26:02.522,ACH/USDT:USDT,0.02299,184.0,0.02298,1209.0,0.02301,182.0,0.02302,743.0
1753547162616,16:26:02.616,ACH/USDT:USDT,0.02299,184.0,0.02298,1209.0,0.02301,182.0,0.02302,685.0
1753547163093,16:26:03.093,ACH/USDT:USDT,0.02299,184.0,0.02298,1209.0,0.02301,182.0,0.02302,685.0
1753547163116,16:26:03.116,ACH/USDT:USDT,0.02299,184.0,0.02298,1209.0,0.02301,182.0,0.02302,743.0
1753547163270,16:26:03.270,ACH/USDT:USDT,0.02299,184.0,0.02298,1209.0,0.02301,182.0,0.02302,685.0
1753547163573,16:26:03.573,ACH/USDT:USDT,0.02298,1209.0,0.02297,4909.0,0.02301,182.0,0.02302,685.0
1753547163616,16:26:03.616,ACH/USDT:USDT,0.02299,3.0,0.02298,1209.0,0.023,10.0,0.02301,182.0
1753547163948,16:26:03.948,ACH/USDT:USDT,0.02299,3.0,0.02298,1209.0,0.023,10.0,0.02301,182.0
1753547164105,16:26:04.105,ACH/USDT:USDT,0.02299,3.0,0.02298,1209.0,0.023,10.0,0.02301,182.0
1753547164374,16:26:04.374,ACH/USDT:USDT,0.02299,3.0,0.02298,1209.0,0.023,10.0,0.02301,182.0
1753547164810,16:26:04.810,ACH/USDT:USDT,0.02299,3.0,0.02298,1209.0,0.023,10.0,0.02301,182.0
1753547164905,16:26:04.905,ACH/USDT:USDT,0.02299,3.0,0.02298,806.0,0.023,10.0,0.02301,182.0
1753547164972,16:26:04.972,ACH/USDT:USDT,0.02299,3.0,0.02297,3012.0,0.023,10.0,0.02301,182.0
1753547165039,16:26:05.039,ACH/USDT:USDT,0.02298,3.0,0.02297,2512.0,0.023,10.0,0.02301,182.0
1753547165196,16:26:05.196,ACH/USDT:USDT,0.02298,3.0,0.02297,2512.0,0.023,10.0,0.02301,182.0
1753547165334,16:26:05.334,ACH/USDT:USDT,0.02298,3.0,0.02297,2512.0,0.023,10.0,0.02301,182.0
1753547165486,16:26:05.486,ACH/USDT:USDT,0.02298,3.0,0.02297,2512.0,0.023,195.0,0.02301,182.0
1753547165533,16:26:05.533,ACH/USDT:USDT,0.02298,3.0,0.02297,2512.0,0.023,185.0,0.02301,182.0
1753547165638,16:26:05.638,ACH/USDT:USDT,0.02298,3.0,0.02297,2512.0,0.02301,182.0,0.02302,685.0
1753547165794,16:26:05.794,ACH/USDT:USDT,0.02298,3.0,0.02297,2512.0,0.023,10.0,0.02301,182.0
1753547165947,16:26:05.947,ACH/USDT:USDT,0.02298,3.0,0.02297,2512.0,0.023,10.0,0.02301,182.0
1753547166098,16:26:06.098,ACH/USDT:USDT,0.02298,3.0,0.02297,2512.0,0.023,10.0,0.02301,182.0
1753547166248,16:26:06.248,ACH/USDT:USDT,0.02298,3.0,0.02297,2512.0,0.023,195.0,0.02301,182.0
1753547166400,16:26:06.400,ACH/USDT:USDT,0.02298,3.0,0.02297,2512.0,0.02301,182.0,0.02302,685.0
1753547166423,16:26:06.423,ACH/USDT:USDT,0.02298,3.0,0.02297,2512.0,0.023,10.0,0.02301,182.0
1753547166556,16:26:06.556,ACH/USDT:USDT,0.02298,3.0,0.02297,2512.0,0.023,10.0,0.02301,182.0
1753547166705,16:26:06.705,ACH/USDT:USDT,0.02298,3.0,0.02297,2512.0,0.023,10.0,0.02301,182.0
1753547166857,16:26:06.857,ACH/USDT:USDT,0.02298,3.0,0.02297,2512.0,0.023,10.0,0.02301,182.0
1753547167009,16:26:07.009,ACH/USDT:USDT,0.02298,3.0,0.02297,2512.0,0.023,195.0,0.02301,182.0
1753547167016,16:26:07.016,ACH/USDT:USDT,0.02298,3.0,0.02297,2512.0,0.023,185.0,0.02301,182.0
1753547167162,16:26:07.162,ACH/USDT:USDT,0.02298,3.0,0.02297,2512.0,0.02301,182.0,0.02302,685.0
1753547167217,16:26:07.217,ACH/USDT:USDT,0.02298,3.0,0.02297,2512.0,0.023,10.0,0.02301,182.0
1753547167313,16:26:07.313,ACH/USDT:USDT,0.02298,3.0,0.02297,2512.0,0.023,195.0,0.02301,182.0
1753547167464,16:26:07.464,ACH/USDT:USDT,0.02298,3.0,0.02297,2512.0,0.02301,182.0,0.02302,685.0
1753547167516,16:26:07.516,ACH/USDT:USDT,0.02298,3.0,0.02297,2512.0,0.023,10.0,0.02301,182.0
1753547167629,16:26:07.629,ACH/USDT:USDT,0.02298,3.0,0.02297,2512.0,0.023,10.0,0.02301,182.0
1753547167780,16:26:07.780,ACH/USDT:USDT,0.02298,188.0,0.02297,2512.0,0.023,10.0,0.02301,182.0
1753547167817,16:26:07.817,ACH/USDT:USDT,0.02298,185.0,0.02297,2512.0,0.023,10.0,0.02301,182.0
1753547167932,16:26:07.932,ACH/USDT:USDT,0.02298,185.0,0.02297,2512.0,0.023,10.0,0.02301,182.0
1753547168152,16:26:08.152,ACH/USDT:USDT,0.02298,185.0,0.02297,2512.0,0.023,10.0,0.02301,182.0
1753547168289,16:26:08.289,ACH/USDT:USDT,0.02298,185.0,0.02297,2512.0,0.023,195.0,0.02301,182.0
1753547168316,16:26:08.316,ACH/USDT:USDT,0.02298,185.0,0.02297,2512.0,0.023,185.0,0.02301,182.0
1753547168460,16:26:08.460,ACH/USDT:USDT,0.02298,185.0,0.02297,2512.0,0.02301,182.0,0.02302,685.0
1753547168595,16:26:08.595,ACH/USDT:USDT,0.02299,3.0,0.02298,185.0,0.023,10.0,0.02301,182.0
1753547168746,16:26:08.746,ACH/USDT:USDT,0.02299,3.0,0.02298,185.0,0.023,10.0,0.02301,182.0
1753547168898,16:26:08.898,ACH/USDT:USDT,0.02299,3.0,0.02298,185.0,0.023,195.0,0.02301,182.0
1753547170078,16:26:10.078,ACH/USDT:USDT,0.02299,3.0,0.02298,185.0,0.023,10.0,0.02301,182.0
1753547170204,16:26:10.204,ACH/USDT:USDT,0.02299,3.0,0.02298,185.0,0.023,10.0,0.02301,182.0
1753547171091,16:26:11.091,ACH/USDT:USDT,0.02299,3.0,0.02298,185.0,0.023,10.0,0.02301,182.0
1753547171114,16:26:11.114,ACH/USDT:USDT,0.02299,3.0,0.02298,185.0,0.023,10.0,0.02301,182.0
1753547171244,16:26:11.244,ACH/USDT:USDT,0.02299,3.0,0.02298,185.0,0.023,10.0,0.02301,182.0
1753547171397,16:26:11.397,ACH/USDT:USDT,0.02299,3.0,0.02298,185.0,0.023,10.0,0.02301,182.0
1753547171555,16:26:11.555,ACH/USDT:USDT,0.02299,3.0,0.02298,185.0,0.023,10.0,0.02301,182.0
1753547171706,16:26:11.706,ACH/USDT:USDT,0.02299,3.0,0.02298,185.0,0.023,10.0,0.02301,182.0
1753547171861,16:26:11.861,ACH/USDT:USDT,0.02299,3.0,0.02298,185.0,0.023,10.0,0.02301,182.0
1753547172011,16:26:12.011,ACH/USDT:USDT,0.02299,3.0,0.02298,185.0,0.023,195.0,0.02301,182.0
1753547172358,16:26:12.358,ACH/USDT:USDT,0.02299,3.0,0.02298,185.0,0.023,195.0,0.02301,182.0
1753547172847,16:26:12.847,ACH/USDT:USDT,0.02299,3.0,0.02298,185.0,0.023,195.0,0.02301,182.0
1753547173168,16:26:13.168,ACH/USDT:USDT,0.02299,3.0,0.02298,185.0,0.023,10.0,0.02301,182.0
1753547173358,16:26:13.358,ACH/USDT:USDT,0.02299,3.0,0.02298,185.0,0.023,10.0,0.02301,182.0
1753547173578,16:26:13.578,ACH/USDT:USDT,0.02299,3.0,0.02298,185.0,0.023,10.0,0.02301,182.0
1753547174156,16:26:14.156,ACH/USDT:USDT,0.02299,3.0,0.02298,185.0,0.023,30.0,0.02301,182.0
1753547174303,16:26:14.303,ACH/USDT:USDT,0.02299,3.0,0.02298,185.0,0.023,30.0,0.02301,182.0
1753547174358,16:26:14.358,ACH/USDT:USDT,0.02299,3.0,0.02298,185.0,0.023,10.0,0.02301,182.0
1753547174605,16:26:14.605,ACH/USDT:USDT,0.02299,3.0,0.02298,185.0,0.023,10.0,0.02301,182.0
1753547175846,16:26:15.846,ACH/USDT:USDT,0.02299,3.0,0.02298,185.0,0.023,10.0,0.02301,182.0
1753547175916,16:26:15.916,ACH/USDT:USDT,0.02299,3.0,0.02298,185.0,0.023,10.0,0.02301,240.0
1753547176015,16:26:16.015,ACH/USDT:USDT,0.02299,3.0,0.02298,185.0,0.023,10.0,0.02301,182.0
1753547176690,16:26:16.690,ACH/USDT:USDT,0.02299,3.0,0.02298,185.0,0.023,10.0,0.02301,182.0
1753547176716,16:26:16.716,ACH/USDT:USDT,0.02299,3.0,0.02298,185.0,0.023,10.0,0.02301,240.0
1753547176892,16:26:16.892,ACH/USDT:USDT,0.02299,3.0,0.02298,185.0,0.023,212.0,0.02301,182.0
1753547177652,16:26:17.652,ACH/USDT:USDT,0.02299,3.0,0.02298,185.0,0.023,212.0,0.02301,182.0
1753547177716,16:26:17.716,ACH/USDT:USDT,0.02299,3.0,0.02298,185.0,0.023,212.0,0.02301,240.0
1753547177817,16:26:17.817,ACH/USDT:USDT,0.02299,3.0,0.02298,185.0,0.023,212.0,0.02301,182.0
1753547178122,16:26:18.122,ACH/USDT:USDT,0.02299,3.0,0.02298,185.0,0.023,212.0,0.02301,182.0
1753547178216,16:26:18.216,ACH/USDT:USDT,0.02299,3.0,0.02298,185.0,0.023,212.0,0.02301,240.0
1753547178316,16:26:18.316,ACH/USDT:USDT,0.02299,3.0,0.02298,185.0,0.023,212.0,0.02301,182.0
1753547178647,16:26:18.647,ACH/USDT:USDT,0.02299,3.0,0.02298,185.0,0.023,212.0,0.02301,182.0
1753547178716,16:26:18.716,ACH/USDT:USDT,0.02299,3.0,0.02298,185.0,0.023,212.0,0.02301,240.0
1753547178815,16:26:18.815,ACH/USDT:USDT,0.02299,3.0,0.02298,185.0,0.023,212.0,0.02301,182.0
1753547180222,16:26:20.222,ACH/USDT:USDT,0.02299,3.0,0.02298,185.0,0.023,212.0,0.02301,182.0
1753547180316,16:26:20.316,ACH/USDT:USDT,0.02299,3.0,0.02298,185.0,0.023,212.0,0.02301,240.0
1753547180416,16:26:20.416,ACH/USDT:USDT,0.02299,3.0,0.02298,185.0,0.023,212.0,0.02301,182.0
1753547180645,16:26:20.645,ACH/USDT:USDT,0.02299,3.0,0.02298,185.0,0.023,212.0,0.02301,182.0
1753547180798,16:26:20.798,ACH/USDT:USDT,0.02299,3.0,0.02298,185.0,0.023,212.0,0.02301,182.0
1753547180816,16:26:20.816,ACH/USDT:USDT,0.02299,3.0,0.02298,185.0,0.023,212.0,0.02301,240.0
1753547180916,16:26:20.916,ACH/USDT:USDT,0.02299,3.0,0.02298,185.0,0.023,212.0,0.02301,182.0
1753547181207,16:26:21.207,ACH/USDT:USDT,0.02299,3.0,0.02298,185.0,0.023,212.0,0.02301,182.0
