timestamp,time,exchange,symbol,bid1_price,bid1_volume,bid2_price,bid2_volume,ask1_price,ask1_volume,ask2_price,ask2_volume
1753591881294,04:51:21.294,bitget,AERO/USDT:USDT,0.9,101.0,0.8998,85.0,0.9002,656.0,0.9003,85.0
1753591882645,04:51:22.645,bitget,AERO/USDT:USDT,0.8998,85.0,0.8997,124.0,0.9002,656.0,0.9003,85.0
1753591882945,04:51:22.945,bitget,AERO/USDT:USDT,0.8999,101.0,0.8998,85.0,0.9002,656.0,0.9003,85.0
1753591883545,04:51:23.545,bitget,AERO/USDT:USDT,0.8999,101.0,0.8998,85.0,0.9002,656.0,0.9003,85.0
1753591883995,04:51:23.995,bitget,AERO/USDT:USDT,0.8999,101.0,0.8998,85.0,0.9002,656.0,0.9003,85.0
1753591884146,04:51:24.146,bitget,AERO/USDT:USDT,0.8999,101.0,0.8998,85.0,0.9002,656.0,0.9003,85.0
1753591884296,04:51:24.296,bitget,AERO/USDT:USDT,0.8999,101.0,0.8998,85.0,0.9002,656.0,0.9003,85.0
1753591885196,04:51:25.196,bitget,AERO/USDT:USDT,0.8999,101.0,0.8998,85.0,0.9002,656.0,0.9003,85.0
1753591885797,04:51:25.797,bitget,AERO/USDT:USDT,0.8999,101.0,0.8998,85.0,0.9002,656.0,0.9003,85.0
1753591886247,04:51:26.247,bitget,AERO/USDT:USDT,0.8999,101.0,0.8998,85.0,0.9002,656.0,0.9003,85.0
1753591886547,04:51:26.547,bitget,AERO/USDT:USDT,0.8999,101.0,0.8998,85.0,0.9002,656.0,0.9003,85.0
1753591886847,04:51:26.847,bitget,AERO/USDT:USDT,0.8999,101.0,0.8998,85.0,0.9002,656.0,0.9003,85.0
1753591887147,04:51:27.147,bitget,AERO/USDT:USDT,0.8999,101.0,0.8998,85.0,0.9002,656.0,0.9003,85.0
1753591887898,04:51:27.898,bitget,AERO/USDT:USDT,0.8999,101.0,0.8998,85.0,0.9002,656.0,0.9003,85.0
1753591888648,04:51:28.648,bitget,AERO/USDT:USDT,0.8999,101.0,0.8998,85.0,0.9002,656.0,0.9003,85.0
1753591888798,04:51:28.798,bitget,AERO/USDT:USDT,0.8999,101.0,0.8998,85.0,0.9002,656.0,0.9003,85.0
1753591889099,04:51:29.099,bitget,AERO/USDT:USDT,0.8999,101.0,0.8998,85.0,0.9002,656.0,0.9003,85.0
1753591889699,04:51:29.699,bitget,AERO/USDT:USDT,0.8999,101.0,0.8998,85.0,0.9002,656.0,0.9003,85.0
1753591889849,04:51:29.849,bitget,AERO/USDT:USDT,0.8999,101.0,0.8998,85.0,0.9002,656.0,0.9003,85.0
1753591890149,04:51:30.149,bitget,AERO/USDT:USDT,0.8999,101.0,0.8998,85.0,0.9002,656.0,0.9003,85.0
1753591890299,04:51:30.299,bitget,AERO/USDT:USDT,0.8999,101.0,0.8998,85.0,0.9002,656.0,0.9003,85.0
1753591890449,04:51:30.449,bitget,AERO/USDT:USDT,0.8999,101.0,0.8998,85.0,0.9002,656.0,0.9003,85.0
1753591891050,04:51:31.050,bitget,AERO/USDT:USDT,0.8999,101.0,0.8998,85.0,0.9002,656.0,0.9003,85.0
1753591891200,04:51:31.200,bitget,AERO/USDT:USDT,0.8999,101.0,0.8998,85.0,0.9002,656.0,0.9003,85.0
1753591891650,04:51:31.650,bitget,AERO/USDT:USDT,0.8999,101.0,0.8998,85.0,0.9002,656.0,0.9003,85.0
1753591891950,04:51:31.950,bitget,AERO/USDT:USDT,0.8999,139.0,0.8998,126.0,0.9002,101.0,0.9003,85.0
1753591892250,04:51:32.250,bitget,AERO/USDT:USDT,0.8999,139.0,0.8998,126.0,0.9002,101.0,0.9003,85.0
1753591892401,04:51:32.401,bitget,AERO/USDT:USDT,0.8999,139.0,0.8998,126.0,0.9002,101.0,0.9003,85.0
1753591893301,04:51:33.301,bitget,AERO/USDT:USDT,0.8999,227.0,0.8998,126.0,0.9003,85.0,0.9004,38.0
1753591893451,04:51:33.451,bitget,AERO/USDT:USDT,0.8999,227.0,0.8998,126.0,0.9003,85.0,0.9004,38.0
1753591893601,04:51:33.601,bitget,AERO/USDT:USDT,0.8999,227.0,0.8998,126.0,0.9003,85.0,0.9004,38.0
1753591893751,04:51:33.751,bitget,AERO/USDT:USDT,0.8999,227.0,0.8998,126.0,0.9003,85.0,0.9004,38.0
1753591893902,04:51:33.902,bitget,AERO/USDT:USDT,0.8999,227.0,0.8998,126.0,0.9003,85.0,0.9004,38.0
1753591894502,04:51:34.502,bitget,AERO/USDT:USDT,0.8999,227.0,0.8998,126.0,0.9003,85.0,0.9004,38.0
1753591894802,04:51:34.802,bitget,AERO/USDT:USDT,0.8999,227.0,0.8998,126.0,0.9003,85.0,0.9004,38.0
1753591894952,04:51:34.952,bitget,AERO/USDT:USDT,0.8999,227.0,0.8998,126.0,0.9003,85.0,0.9004,38.0
1753591895102,04:51:35.102,bitget,AERO/USDT:USDT,0.8999,227.0,0.8998,126.0,0.9003,85.0,0.9004,38.0
1753591897054,04:51:37.054,bitget,AERO/USDT:USDT,0.8999,227.0,0.8998,126.0,0.9003,134.0,0.9004,38.0
1753591897354,04:51:37.354,bitget,AERO/USDT:USDT,0.8999,227.0,0.8998,126.0,0.9003,134.0,0.9004,38.0
1753591897954,04:51:37.954,bitget,AERO/USDT:USDT,0.8999,227.0,0.8998,126.0,0.9003,134.0,0.9004,38.0
1753591898104,04:51:38.104,bitget,AERO/USDT:USDT,0.8999,227.0,0.8998,126.0,0.9003,134.0,0.9004,38.0
1753591898855,04:51:38.855,bitget,AERO/USDT:USDT,0.8999,227.0,0.8998,126.0,0.9003,134.0,0.9004,38.0
1753591899005,04:51:39.005,bitget,AERO/USDT:USDT,0.8999,227.0,0.8998,126.0,0.9003,134.0,0.9004,38.0
1753591899755,04:51:39.755,bitget,AERO/USDT:USDT,0.9001,101.0,0.9,85.0,0.9005,186.0,0.9006,87.0
1753591900506,04:51:40.506,bitget,AERO/USDT:USDT,0.9002,85.0,0.9001,186.0,0.9005,101.0,0.9006,87.0
1753591900656,04:51:40.656,bitget,AERO/USDT:USDT,0.9003,101.0,0.9002,85.0,0.9005,101.0,0.9006,87.0
1753591901106,04:51:41.106,bitget,AERO/USDT:USDT,0.9003,101.0,0.9001,85.0,0.9005,101.0,0.9006,87.0
1753591902007,04:51:42.007,bitget,AERO/USDT:USDT,0.9003,101.0,0.9001,85.0,0.9005,101.0,0.9006,87.0
1753591902157,04:51:42.157,bitget,AERO/USDT:USDT,0.9003,101.0,0.9001,85.0,0.9005,101.0,0.9006,87.0
1753591902307,04:51:42.307,bitget,AERO/USDT:USDT,0.9003,101.0,0.9001,85.0,0.9005,101.0,0.9006,87.0
1753591902607,04:51:42.607,bitget,AERO/USDT:USDT,0.9003,101.0,0.9001,85.0,0.9005,101.0,0.9006,87.0
1753591902757,04:51:42.757,bitget,AERO/USDT:USDT,0.9003,101.0,0.9001,85.0,0.9005,101.0,0.9006,87.0
1753591902907,04:51:42.907,bitget,AERO/USDT:USDT,0.9003,101.0,0.9001,85.0,0.9005,101.0,0.9006,87.0
1753591903057,04:51:43.057,bitget,AERO/USDT:USDT,0.9003,101.0,0.9001,85.0,0.9005,101.0,0.9006,87.0
1753591903207,04:51:43.207,bitget,AERO/USDT:USDT,0.9003,101.0,0.9001,85.0,0.9005,186.0,0.9006,87.0
1753591903357,04:51:43.357,bitget,AERO/USDT:USDT,0.9003,101.0,0.9001,85.0,0.9005,186.0,0.9006,87.0
1753591903508,04:51:43.508,bitget,AERO/USDT:USDT,0.9003,101.0,0.9001,85.0,0.9005,186.0,0.9006,87.0
1753591903658,04:51:43.658,bitget,AERO/USDT:USDT,0.9003,101.0,0.9001,85.0,0.9005,186.0,0.9006,87.0
1753591904558,04:51:44.558,bitget,AERO/USDT:USDT,0.9003,101.0,0.9,85.0,0.9005,186.0,0.9006,87.0
1753591904708,04:51:44.708,bitget,AERO/USDT:USDT,0.9003,101.0,0.9,85.0,0.9005,186.0,0.9006,87.0
1753591905008,04:51:45.008,bitget,AERO/USDT:USDT,0.9003,101.0,0.9,85.0,0.9005,186.0,0.9006,87.0
1753591905158,04:51:45.158,bitget,AERO/USDT:USDT,0.9003,101.0,0.9,85.0,0.9005,186.0,0.9006,87.0
1753591905309,04:51:45.309,bitget,AERO/USDT:USDT,0.9003,101.0,0.9,85.0,0.9005,186.0,0.9006,87.0
1753591905459,04:51:45.459,bitget,AERO/USDT:USDT,0.9003,101.0,0.9,85.0,0.9005,186.0,0.9006,87.0
1753591905759,04:51:45.759,bitget,AERO/USDT:USDT,0.9003,101.0,0.9,85.0,0.9005,186.0,0.9006,87.0
1753591906209,04:51:46.209,bitget,AERO/USDT:USDT,0.9003,101.0,0.9,85.0,0.9005,186.0,0.9006,87.0
1753591906509,04:51:46.509,bitget,AERO/USDT:USDT,0.9003,101.0,0.9,85.0,0.9005,186.0,0.9006,87.0
1753591906659,04:51:46.659,bitget,AERO/USDT:USDT,0.9003,101.0,0.9,85.0,0.9005,186.0,0.9006,87.0
1753591906809,04:51:46.809,bitget,AERO/USDT:USDT,0.9003,101.0,0.9,85.0,0.9005,186.0,0.9006,87.0
1753591907110,04:51:47.110,bitget,AERO/USDT:USDT,0.9003,101.0,0.9,85.0,0.9005,186.0,0.9006,87.0
1753591907260,04:51:47.260,bitget,AERO/USDT:USDT,0.9003,101.0,0.9,85.0,0.9005,186.0,0.9006,87.0
1753591907410,04:51:47.410,bitget,AERO/USDT:USDT,0.9003,101.0,0.9,85.0,0.9005,186.0,0.9006,87.0
1753591907560,04:51:47.560,bitget,AERO/USDT:USDT,0.9003,101.0,0.9,85.0,0.9005,186.0,0.9006,87.0
1753591907710,04:51:47.710,bitget,AERO/USDT:USDT,0.9003,101.0,0.9,85.0,0.9005,186.0,0.9006,87.0
1753591908160,04:51:48.160,bitget,AERO/USDT:USDT,0.9003,101.0,0.9,85.0,0.9005,186.0,0.9006,87.0
1753591908310,04:51:48.310,bitget,AERO/USDT:USDT,0.9003,101.0,0.9,85.0,0.9005,186.0,0.9006,87.0
1753591908461,04:51:48.461,bitget,AERO/USDT:USDT,0.9003,101.0,0.9,85.0,0.9005,186.0,0.9006,87.0
1753591908761,04:51:48.761,bitget,AERO/USDT:USDT,0.9003,101.0,0.9,85.0,0.9005,186.0,0.9006,87.0
1753591909061,04:51:49.061,bitget,AERO/USDT:USDT,0.9003,101.0,0.9,85.0,0.9005,186.0,0.9006,87.0
1753591909211,04:51:49.211,bitget,AERO/USDT:USDT,0.9003,101.0,0.9,85.0,0.9005,186.0,0.9006,87.0
1753591909511,04:51:49.511,bitget,AERO/USDT:USDT,0.9003,101.0,0.9,85.0,0.9005,186.0,0.9006,87.0
1753591909661,04:51:49.661,bitget,AERO/USDT:USDT,0.9003,101.0,0.9,85.0,0.9005,186.0,0.9006,87.0
1753591909811,04:51:49.811,bitget,AERO/USDT:USDT,0.9003,101.0,0.9,85.0,0.9005,186.0,0.9006,87.0
1753591909961,04:51:49.961,bitget,AERO/USDT:USDT,0.9003,101.0,0.9,85.0,0.9005,186.0,0.9006,87.0
1753591910111,04:51:50.111,bitget,AERO/USDT:USDT,0.9003,101.0,0.9,85.0,0.9005,186.0,0.9006,87.0
1753591910412,04:51:50.412,bitget,AERO/USDT:USDT,0.9003,101.0,0.9,85.0,0.9005,186.0,0.9006,87.0
1753591910562,04:51:50.562,bitget,AERO/USDT:USDT,0.9003,101.0,0.9,85.0,0.9005,186.0,0.9006,87.0
1753591910712,04:51:50.712,bitget,AERO/USDT:USDT,0.9003,101.0,0.9,85.0,0.9005,186.0,0.9006,87.0
1753591910862,04:51:50.862,bitget,AERO/USDT:USDT,0.9003,101.0,0.9,85.0,0.9005,186.0,0.9006,87.0
1753591911012,04:51:51.012,bitget,AERO/USDT:USDT,0.9003,101.0,0.9,85.0,0.9005,186.0,0.9006,87.0
1753591911162,04:51:51.162,bitget,AERO/USDT:USDT,0.9003,101.0,0.9,547.0,0.9005,186.0,0.9006,87.0
1753591912063,04:51:52.063,bitget,AERO/USDT:USDT,0.9,585.0,0.8999,88.0,0.9003,101.0,0.9004,86.0
1753591912363,04:51:52.363,bitget,AERO/USDT:USDT,0.9001,225.0,0.9,588.0,0.9003,101.0,0.9006,87.0
1753591912813,04:51:52.813,bitget,AERO/USDT:USDT,0.9001,225.0,0.9,588.0,0.9005,101.0,0.9006,87.0
1753591912963,04:51:52.963,bitget,AERO/USDT:USDT,0.9002,86.0,0.9001,225.0,0.9005,101.0,0.9006,87.0
1753591913113,04:51:53.113,bitget,AERO/USDT:USDT,0.9002,86.0,0.9001,225.0,0.9005,101.0,0.9006,87.0
1753591913564,04:51:53.564,bitget,AERO/USDT:USDT,0.9002,86.0,0.9001,225.0,0.9005,187.0,0.9006,87.0
1753591913714,04:51:53.714,bitget,AERO/USDT:USDT,0.9002,86.0,0.9001,225.0,0.9005,187.0,0.9006,87.0
1753591913864,04:51:53.864,bitget,AERO/USDT:USDT,0.9002,86.0,0.9001,225.0,0.9005,187.0,0.9006,87.0
1753591914014,04:51:54.014,bitget,AERO/USDT:USDT,0.9002,86.0,0.9001,225.0,0.9005,187.0,0.9006,87.0
1753591914164,04:51:54.164,bitget,AERO/USDT:USDT,0.9002,86.0,0.9001,225.0,0.9005,187.0,0.9006,87.0
1753591914314,04:51:54.314,bitget,AERO/USDT:USDT,0.9002,86.0,0.9001,225.0,0.9005,187.0,0.9006,87.0
1753591914614,04:51:54.614,bitget,AERO/USDT:USDT,0.9002,86.0,0.9001,225.0,0.9005,187.0,0.9006,87.0
1753591914764,04:51:54.764,bitget,AERO/USDT:USDT,0.9002,86.0,0.9001,225.0,0.9005,187.0,0.9006,87.0
1753591915365,04:51:55.365,bitget,AERO/USDT:USDT,0.9001,225.0,0.9,588.0,0.9005,187.0,0.9006,87.0
1753591915665,04:51:55.665,bitget,AERO/USDT:USDT,0.9001,225.0,0.9,588.0,0.9005,187.0,0.9006,87.0
1753591915815,04:51:55.815,bitget,AERO/USDT:USDT,0.9001,225.0,0.9,588.0,0.9005,187.0,0.9006,87.0
1753591915965,04:51:55.965,bitget,AERO/USDT:USDT,0.9001,225.0,0.9,588.0,0.9005,187.0,0.9006,87.0
1753591916865,04:51:56.865,bitget,AERO/USDT:USDT,0.9001,225.0,0.9,588.0,0.9005,187.0,0.9006,87.0
1753591917166,04:51:57.166,bitget,AERO/USDT:USDT,0.9001,225.0,0.9,588.0,0.9005,187.0,0.9006,87.0
1753591917316,04:51:57.316,bitget,AERO/USDT:USDT,0.9001,225.0,0.9,588.0,0.9005,187.0,0.9006,87.0
1753591917916,04:51:57.916,bitget,AERO/USDT:USDT,0.9001,225.0,0.9,588.0,0.9005,187.0,0.9006,87.0
1753591918366,04:51:58.366,bitget,AERO/USDT:USDT,0.9001,225.0,0.9,588.0,0.9005,187.0,0.9006,87.0
1753591918667,04:51:58.667,bitget,AERO/USDT:USDT,0.9001,225.0,0.9,588.0,0.9005,187.0,0.9006,87.0
1753591918817,04:51:58.817,bitget,AERO/USDT:USDT,0.9001,225.0,0.9,588.0,0.9005,187.0,0.9006,87.0
1753591919117,04:51:59.117,bitget,AERO/USDT:USDT,0.9001,225.0,0.9,588.0,0.9004,86.0,0.9005,187.0
1753591919267,04:51:59.267,bitget,AERO/USDT:USDT,0.9001,225.0,0.9,588.0,0.9004,298.0,0.9005,225.0
1753591919417,04:51:59.417,bitget,AERO/USDT:USDT,0.9001,225.0,0.9,588.0,0.9004,298.0,0.9005,225.0
1753591919567,04:51:59.567,bitget,AERO/USDT:USDT,0.9001,225.0,0.9,588.0,0.9004,298.0,0.9005,225.0
1753591919867,04:51:59.867,bitget,AERO/USDT:USDT,0.9001,225.0,0.9,588.0,0.9003,101.0,0.9004,298.0
1753591920167,04:52:00.167,bitget,AERO/USDT:USDT,0.9001,139.0,0.9,588.0,0.9003,101.0,0.9004,298.0
1753591920318,04:52:00.318,bitget,AERO/USDT:USDT,0.9001,139.0,0.9,588.0,0.9003,101.0,0.9004,298.0
1753591920768,04:52:00.768,bitget,AERO/USDT:USDT,0.9001,139.0,0.9,588.0,0.9003,101.0,0.9004,298.0
1753591920918,04:52:00.918,bitget,AERO/USDT:USDT,0.9001,139.0,0.9,588.0,0.9003,101.0,0.9004,298.0
1753591921218,04:52:01.218,bitget,AERO/USDT:USDT,0.9001,139.0,0.9,588.0,0.9003,101.0,0.9004,298.0
1753591921368,04:52:01.368,bitget,AERO/USDT:USDT,0.9001,139.0,0.9,588.0,0.9003,101.0,0.9004,298.0
1753591921518,04:52:01.518,bitget,AERO/USDT:USDT,0.9001,139.0,0.9,588.0,0.9003,101.0,0.9005,86.0
1753591921969,04:52:01.969,bitget,AERO/USDT:USDT,0.9004,86.0,0.9003,226.0,0.9006,101.0,0.9007,4728.0
1753591922269,04:52:02.269,bitget,AERO/USDT:USDT,0.9004,86.0,0.9003,226.0,0.9006,101.0,0.9008,4812.0
1753591922419,04:52:02.419,bitget,AERO/USDT:USDT,0.9004,86.0,0.9003,226.0,0.9006,101.0,0.9008,4812.0
1753591922719,04:52:02.719,bitget,AERO/USDT:USDT,0.9003,226.0,0.9002,86.0,0.9006,430.0,0.9008,4812.0
1753591922869,04:52:02.869,bitget,AERO/USDT:USDT,0.9003,226.0,0.9002,86.0,0.9006,430.0,0.9008,4812.0
1753591923019,04:52:03.019,bitget,AERO/USDT:USDT,0.9003,226.0,0.9002,86.0,0.9006,430.0,0.9008,4812.0
1753591923319,04:52:03.319,bitget,AERO/USDT:USDT,0.9003,226.0,0.9002,86.0,0.9006,430.0,0.9008,4812.0
1753591923469,04:52:03.469,bitget,AERO/USDT:USDT,0.9003,226.0,0.9001,86.0,0.9006,430.0,0.9008,4812.0
1753591923620,04:52:03.620,bitget,AERO/USDT:USDT,0.9003,226.0,0.9001,86.0,0.9006,430.0,0.9008,4812.0
1753591923920,04:52:03.920,bitget,AERO/USDT:USDT,0.9003,226.0,0.9001,86.0,0.9006,430.0,0.9008,4812.0
1753591924070,04:52:04.070,bitget,AERO/USDT:USDT,0.9003,226.0,0.9001,86.0,0.9006,430.0,0.9008,4812.0
1753591924220,04:52:04.220,bitget,AERO/USDT:USDT,0.9003,226.0,0.9001,86.0,0.9006,430.0,0.9008,4812.0
1753591924370,04:52:04.370,bitget,AERO/USDT:USDT,0.9003,226.0,0.9001,86.0,0.9006,430.0,0.9008,4812.0
1753591924670,04:52:04.670,bitget,AERO/USDT:USDT,0.9003,226.0,0.9001,86.0,0.9006,187.0,0.9008,4812.0
1753591924820,04:52:04.820,bitget,AERO/USDT:USDT,0.9003,226.0,0.9001,86.0,0.9006,187.0,0.9008,4812.0
1753591925120,04:52:05.120,bitget,AERO/USDT:USDT,0.9003,226.0,0.9001,86.0,0.9006,187.0,0.9008,4812.0
1753591925421,04:52:05.421,bitget,AERO/USDT:USDT,0.9003,226.0,0.9001,86.0,0.9006,187.0,0.9008,4812.0
1753591925721,04:52:05.721,bitget,AERO/USDT:USDT,0.9003,226.0,0.9001,86.0,0.9006,243.0,0.9008,4812.0
1753591925871,04:52:05.871,bitget,AERO/USDT:USDT,0.9003,226.0,0.9001,86.0,0.9006,243.0,0.9008,4812.0
1753591926021,04:52:06.021,bitget,AERO/USDT:USDT,0.9003,226.0,0.9001,86.0,0.9006,243.0,0.9008,4812.0
1753591926321,04:52:06.321,bitget,AERO/USDT:USDT,0.9003,140.0,0.9001,86.0,0.9006,243.0,0.9008,4812.0
1753591926922,04:52:06.922,bitget,AERO/USDT:USDT,0.9003,140.0,0.9001,86.0,0.9006,243.0,0.9008,4812.0
1753591927072,04:52:07.072,bitget,AERO/USDT:USDT,0.9003,140.0,0.9001,86.0,0.9006,243.0,0.9008,4812.0
1753591927372,04:52:07.372,bitget,AERO/USDT:USDT,0.9003,140.0,0.9001,86.0,0.9006,243.0,0.9008,4812.0
1753591927672,04:52:07.672,bitget,AERO/USDT:USDT,0.9003,140.0,0.9001,86.0,0.9006,243.0,0.9008,4812.0
1753591927822,04:52:07.822,bitget,AERO/USDT:USDT,0.9003,140.0,0.9001,86.0,0.9006,243.0,0.9008,4812.0
1753591927972,04:52:07.972,bitget,AERO/USDT:USDT,0.9003,140.0,0.9001,86.0,0.9006,243.0,0.9008,4812.0
1753591928422,04:52:08.422,bitget,AERO/USDT:USDT,0.9003,140.0,0.9001,86.0,0.9006,243.0,0.9008,4812.0
1753591928723,04:52:08.723,bitget,AERO/USDT:USDT,0.9003,140.0,0.9001,86.0,0.9006,243.0,0.9008,4812.0
1753591929023,04:52:09.023,bitget,AERO/USDT:USDT,0.9003,140.0,0.9001,86.0,0.9006,157.0,0.9008,4812.0
1753591929173,04:52:09.173,bitget,AERO/USDT:USDT,0.9003,226.0,0.9001,86.0,0.9006,157.0,0.9008,4812.0
1753591929323,04:52:09.323,bitget,AERO/USDT:USDT,0.9003,226.0,0.9001,86.0,0.9006,157.0,0.9008,4812.0
1753591929473,04:52:09.473,bitget,AERO/USDT:USDT,0.9004,86.0,0.9003,226.0,0.9006,157.0,0.9008,4812.0
1753591929773,04:52:09.773,bitget,AERO/USDT:USDT,0.9004,86.0,0.9003,226.0,0.9006,157.0,0.9008,4812.0
1753591929923,04:52:09.923,bitget,AERO/USDT:USDT,0.9004,86.0,0.9003,226.0,0.9006,157.0,0.9008,4812.0
1753591930073,04:52:10.073,bitget,AERO/USDT:USDT,0.9004,86.0,0.9003,226.0,0.9006,157.0,0.9008,4812.0
1753591930223,04:52:10.223,bitget,AERO/USDT:USDT,0.9004,86.0,0.9003,226.0,0.9006,157.0,0.9008,4812.0
1753591930374,04:52:10.374,bitget,AERO/USDT:USDT,0.9004,86.0,0.9003,226.0,0.9006,157.0,0.9008,4812.0
1753591930524,04:52:10.524,bitget,AERO/USDT:USDT,0.9004,86.0,0.9003,226.0,0.9006,157.0,0.9008,4812.0
1753591930674,04:52:10.674,bitget,AERO/USDT:USDT,0.9004,86.0,0.9003,226.0,0.9006,157.0,0.9008,4812.0
1753591931424,04:52:11.424,bitget,AERO/USDT:USDT,0.9004,86.0,0.9003,226.0,0.9006,157.0,0.9008,4812.0
1753591931574,04:52:11.574,bitget,AERO/USDT:USDT,0.9004,86.0,0.9003,226.0,0.9006,157.0,0.9008,4812.0
1753591931724,04:52:11.724,bitget,AERO/USDT:USDT,0.9004,86.0,0.9003,226.0,0.9006,157.0,0.9008,4812.0
1753591931874,04:52:11.874,bitget,AERO/USDT:USDT,0.9004,86.0,0.9003,226.0,0.9006,157.0,0.9008,4812.0
1753591932025,04:52:12.025,bitget,AERO/USDT:USDT,0.9004,86.0,0.9003,226.0,0.9006,157.0,0.9008,4812.0
1753591932175,04:52:12.175,bitget,AERO/USDT:USDT,0.9003,226.0,0.9001,86.0,0.9006,157.0,0.9008,4812.0
1753591932475,04:52:12.475,bitget,AERO/USDT:USDT,0.9003,226.0,0.9001,86.0,0.9006,157.0,0.9008,4812.0
1753591932775,04:52:12.775,bitget,AERO/USDT:USDT,0.9003,226.0,0.9001,86.0,0.9006,157.0,0.9008,4812.0
1753591933225,04:52:13.225,bitget,AERO/USDT:USDT,0.9003,226.0,0.9001,86.0,0.9006,157.0,0.9008,4812.0
1753591933525,04:52:13.525,bitget,AERO/USDT:USDT,0.9003,226.0,0.9001,86.0,0.9006,157.0,0.9008,4812.0
1753591934126,04:52:14.126,bitget,AERO/USDT:USDT,0.9003,226.0,0.9001,86.0,0.9006,157.0,0.9008,4812.0
1753591934276,04:52:14.276,bitget,AERO/USDT:USDT,0.9003,226.0,0.9001,86.0,0.9006,157.0,0.9008,4812.0
1753591934426,04:52:14.426,bitget,AERO/USDT:USDT,0.9003,226.0,0.9001,86.0,0.9006,157.0,0.9008,4812.0
1753591934576,04:52:14.576,bitget,AERO/USDT:USDT,0.9003,226.0,0.9001,86.0,0.9006,157.0,0.9008,4812.0
1753591934726,04:52:14.726,bitget,AERO/USDT:USDT,0.9003,226.0,0.9001,86.0,0.9006,157.0,0.9008,4812.0
1753591934876,04:52:14.876,bitget,AERO/USDT:USDT,0.9004,84.0,0.9003,226.0,0.9006,157.0,0.9008,4812.0
1753591935026,04:52:15.026,bitget,AERO/USDT:USDT,0.9004,84.0,0.9003,226.0,0.9006,157.0,0.9008,4812.0
1753591935176,04:52:15.176,bitget,AERO/USDT:USDT,0.9004,84.0,0.9003,226.0,0.9006,157.0,0.9008,4812.0
1753591935327,04:52:15.327,bitget,AERO/USDT:USDT,0.9004,84.0,0.9003,226.0,0.9006,157.0,0.9008,4812.0
1753591936077,04:52:16.077,bitget,AERO/USDT:USDT,0.9004,84.0,0.9003,226.0,0.9006,157.0,0.9008,4812.0
1753591936227,04:52:16.227,bitget,AERO/USDT:USDT,0.9004,84.0,0.9003,226.0,0.9006,157.0,0.9008,4812.0
1753591936527,04:52:16.527,bitget,AERO/USDT:USDT,0.9004,84.0,0.9003,226.0,0.9006,157.0,0.9008,4812.0
1753591936677,04:52:16.677,bitget,AERO/USDT:USDT,0.9004,84.0,0.9003,226.0,0.9006,157.0,0.9008,4812.0
1753591936827,04:52:16.827,bitget,AERO/USDT:USDT,0.9004,84.0,0.9003,226.0,0.9006,157.0,0.9008,4812.0
1753591936977,04:52:16.977,bitget,AERO/USDT:USDT,0.9004,84.0,0.9003,226.0,0.9006,157.0,0.9008,4812.0
1753591937428,04:52:17.428,bitget,AERO/USDT:USDT,0.9004,84.0,0.9003,226.0,0.9006,101.0,0.9008,4812.0
1753591937578,04:52:17.578,bitget,AERO/USDT:USDT,0.9004,84.0,0.9003,226.0,0.9006,101.0,0.9008,4812.0
1753591938028,04:52:18.028,bitget,AERO/USDT:USDT,0.9004,84.0,0.9003,226.0,0.9006,101.0,0.9008,4812.0
1753591938178,04:52:18.178,bitget,AERO/USDT:USDT,0.9004,84.0,0.9003,226.0,0.9006,101.0,0.9008,4810.0
1753591938478,04:52:18.478,bitget,AERO/USDT:USDT,0.9004,84.0,0.9003,226.0,0.9006,101.0,0.9008,4810.0
1753591938628,04:52:18.628,bitget,AERO/USDT:USDT,0.9004,84.0,0.9003,226.0,0.9006,101.0,0.9008,4810.0
1753591938778,04:52:18.778,bitget,AERO/USDT:USDT,0.9004,84.0,0.9003,226.0,0.9006,101.0,0.9008,4810.0
1753591938929,04:52:18.929,bitget,AERO/USDT:USDT,0.9004,84.0,0.9003,226.0,0.9006,101.0,0.9008,4810.0
1753591939079,04:52:19.079,bitget,AERO/USDT:USDT,0.9004,84.0,0.9003,226.0,0.9006,101.0,0.9008,4810.0
1753591939529,04:52:19.529,bitget,AERO/USDT:USDT,0.9004,84.0,0.9003,226.0,0.9006,101.0,0.9008,4810.0
1753591939679,04:52:19.679,bitget,AERO/USDT:USDT,0.9004,84.0,0.9003,226.0,0.9006,101.0,0.9008,4810.0
1753591939829,04:52:19.829,bitget,AERO/USDT:USDT,0.9004,84.0,0.9003,226.0,0.9006,101.0,0.9008,4810.0
1753591939979,04:52:19.979,bitget,AERO/USDT:USDT,0.9004,84.0,0.9003,226.0,0.9006,101.0,0.9008,4810.0
1753591940279,04:52:20.279,bitget,AERO/USDT:USDT,0.9004,84.0,0.9003,226.0,0.9006,101.0,0.9008,4810.0
1753591940430,04:52:20.430,bitget,AERO/USDT:USDT,0.9004,84.0,0.9003,226.0,0.9006,101.0,0.9008,4810.0
1753591940580,04:52:20.580,bitget,AERO/USDT:USDT,0.9004,84.0,0.9003,226.0,0.9006,101.0,0.9008,4810.0
1753591940880,04:52:20.880,bitget,AERO/USDT:USDT,0.9004,84.0,0.9003,226.0,0.9006,157.0,0.9008,4810.0
1753591941180,04:52:21.180,bitget,AERO/USDT:USDT,0.9005,101.0,0.9004,84.0,0.9006,56.0,0.9008,4810.0
1753591941330,04:52:21.330,bitget,AERO/USDT:USDT,0.9005,101.0,0.9004,84.0,0.9006,56.0,0.9008,4810.0
1753591941630,04:52:21.630,bitget,AERO/USDT:USDT,0.9005,101.0,0.9004,84.0,0.9006,56.0,0.9008,4810.0
1753591941780,04:52:21.780,bitget,AERO/USDT:USDT,0.9005,101.0,0.9004,84.0,0.9006,56.0,0.9008,4810.0
1753591941931,04:52:21.931,bitget,AERO/USDT:USDT,0.9005,101.0,0.9004,84.0,0.9006,56.0,0.9008,4810.0
1753591942081,04:52:22.081,bitget,AERO/USDT:USDT,0.9005,101.0,0.9004,84.0,0.9006,56.0,0.9008,4810.0
1753591942381,04:52:22.381,bitget,AERO/USDT:USDT,0.9005,101.0,0.9004,84.0,0.9006,56.0,0.9008,4810.0
1753591942681,04:52:22.681,bitget,AERO/USDT:USDT,0.9005,101.0,0.9004,84.0,0.9006,56.0,0.9008,4810.0
1753591942831,04:52:22.831,bitget,AERO/USDT:USDT,0.9005,101.0,0.9004,84.0,0.9006,56.0,0.9008,4810.0
1753591942981,04:52:22.981,bitget,AERO/USDT:USDT,0.9005,101.0,0.9004,84.0,0.9006,56.0,0.9008,4810.0
1753591943431,04:52:23.431,bitget,AERO/USDT:USDT,0.9005,224.0,0.9004,124.0,0.9008,4724.0,0.901,997.0
1753591943581,04:52:23.581,bitget,AERO/USDT:USDT,0.9005,224.0,0.9004,124.0,0.9008,4724.0,0.9009,84.0
1753591943882,04:52:23.882,bitget,AERO/USDT:USDT,0.9005,224.0,0.9004,124.0,0.9008,4724.0,0.9009,84.0
1753591944032,04:52:24.032,bitget,AERO/USDT:USDT,0.9005,224.0,0.9004,124.0,0.9008,4724.0,0.9009,84.0
1753591944482,04:52:24.482,bitget,AERO/USDT:USDT,0.9005,224.0,0.9004,124.0,0.9008,4724.0,0.9009,84.0
1753591944632,04:52:24.632,bitget,AERO/USDT:USDT,0.9005,224.0,0.9004,124.0,0.9008,4724.0,0.9009,84.0
1753591944932,04:52:24.932,bitget,AERO/USDT:USDT,0.9005,224.0,0.9004,124.0,0.9008,4724.0,0.9009,84.0
1753591945082,04:52:25.082,bitget,AERO/USDT:USDT,0.9005,224.0,0.9004,124.0,0.9008,4724.0,0.9009,84.0
1753591945232,04:52:25.232,bitget,AERO/USDT:USDT,0.9005,224.0,0.9004,124.0,0.9008,4724.0,0.9009,84.0
1753591945383,04:52:25.383,bitget,AERO/USDT:USDT,0.9005,224.0,0.9004,124.0,0.9008,4724.0,0.9009,84.0
1753591945683,04:52:25.683,bitget,AERO/USDT:USDT,0.9005,224.0,0.9004,124.0,0.9008,4724.0,0.901,84.0
1753591945983,04:52:25.983,bitget,AERO/USDT:USDT,0.9005,224.0,0.9004,124.0,0.9008,4724.0,0.901,84.0
1753591946133,04:52:26.133,bitget,AERO/USDT:USDT,0.9005,224.0,0.9004,124.0,0.9008,4724.0,0.901,84.0
1753591946283,04:52:26.283,bitget,AERO/USDT:USDT,0.9005,185.0,0.9004,84.0,0.9008,4724.0,0.901,84.0
1753591946433,04:52:26.433,bitget,AERO/USDT:USDT,0.9005,185.0,0.9004,123.0,0.9008,4724.0,0.901,84.0
1753591946583,04:52:26.583,bitget,AERO/USDT:USDT,0.9005,185.0,0.9004,123.0,0.9008,4724.0,0.901,84.0
1753591946733,04:52:26.733,bitget,AERO/USDT:USDT,0.9005,185.0,0.9004,123.0,0.9008,4724.0,0.901,84.0
1753591946884,04:52:26.884,bitget,AERO/USDT:USDT,0.9005,185.0,0.9004,123.0,0.9008,4724.0,0.901,84.0
1753591947034,04:52:27.034,bitget,AERO/USDT:USDT,0.9005,185.0,0.9004,123.0,0.9008,4724.0,0.901,84.0
1753591947184,04:52:27.184,bitget,AERO/USDT:USDT,0.9005,185.0,0.9004,123.0,0.9008,4724.0,0.901,84.0
1753591947334,04:52:27.334,bitget,AERO/USDT:USDT,0.9005,185.0,0.9004,123.0,0.9008,4724.0,0.901,84.0
1753591947484,04:52:27.484,bitget,AERO/USDT:USDT,0.9005,185.0,0.9004,123.0,0.9008,4724.0,0.901,84.0
1753591947784,04:52:27.784,bitget,AERO/USDT:USDT,0.9005,185.0,0.9004,123.0,0.9008,4724.0,0.901,84.0
1753591947934,04:52:27.934,bitget,AERO/USDT:USDT,0.9005,185.0,0.9004,123.0,0.9008,4724.0,0.901,84.0
1753591948084,04:52:28.084,bitget,AERO/USDT:USDT,0.9005,185.0,0.9004,123.0,0.9008,4724.0,0.901,84.0
1753591948234,04:52:28.234,bitget,AERO/USDT:USDT,0.9005,185.0,0.9004,123.0,0.9008,4724.0,0.901,84.0
1753591948685,04:52:28.685,bitget,AERO/USDT:USDT,0.9005,101.0,0.9003,548.0,0.9007,188.0,0.9008,5279.0
1753591948835,04:52:28.835,bitget,AERO/USDT:USDT,0.9005,101.0,0.9003,548.0,0.9007,188.0,0.9008,5279.0
1753591949135,04:52:29.135,bitget,AERO/USDT:USDT,0.9005,101.0,0.9003,548.0,0.9007,188.0,0.9008,5279.0
1753591949435,04:52:29.435,bitget,AERO/USDT:USDT,0.9005,101.0,0.9003,548.0,0.9007,188.0,0.9008,5279.0
1753591949585,04:52:29.585,bitget,AERO/USDT:USDT,0.9003,548.0,0.9001,86.0,0.9006,87.0,0.9007,225.0
1753591949735,04:52:29.735,bitget,AERO/USDT:USDT,0.9003,86.0,0.9002,501.0,0.9007,225.0,0.9008,5316.0
1753591949885,04:52:29.885,bitget,AERO/USDT:USDT,0.9002,501.0,0.9001,86.0,0.9007,225.0,0.9008,5316.0
1753591950336,04:52:30.336,bitget,AERO/USDT:USDT,0.9003,101.0,0.9002,549.0,0.9005,101.0,0.9006,87.0
1753591950786,04:52:30.786,bitget,AERO/USDT:USDT,0.9003,101.0,0.9002,549.0,0.9005,101.0,0.9006,87.0
1753591950936,04:52:30.936,bitget,AERO/USDT:USDT,0.9003,101.0,0.9002,549.0,0.9005,101.0,0.9006,87.0
1753591951086,04:52:31.086,bitget,AERO/USDT:USDT,0.9003,101.0,0.9002,549.0,0.9005,101.0,0.9006,87.0
1753591951386,04:52:31.386,bitget,AERO/USDT:USDT,0.9003,188.0,0.9002,549.0,0.9006,188.0,0.9007,175.0
1753591951536,04:52:31.536,bitget,AERO/USDT:USDT,0.9003,188.0,0.9002,588.0,0.9006,188.0,0.9007,175.0
1753591951836,04:52:31.836,bitget,AERO/USDT:USDT,0.9003,188.0,0.9002,588.0,0.9006,188.0,0.9007,175.0
1753591952287,04:52:32.287,bitget,AERO/USDT:USDT,0.9003,188.0,0.9002,588.0,0.9006,101.0,0.9007,175.0
1753591952437,04:52:32.437,bitget,AERO/USDT:USDT,0.9003,188.0,0.9002,588.0,0.9006,101.0,0.9007,175.0
1753591952737,04:52:32.737,bitget,AERO/USDT:USDT,0.9003,188.0,0.9002,588.0,0.9006,101.0,0.9007,175.0
1753591952887,04:52:32.887,bitget,AERO/USDT:USDT,0.9003,188.0,0.9002,588.0,0.9006,101.0,0.9007,175.0
1753591953037,04:52:33.037,bitget,AERO/USDT:USDT,0.9003,188.0,0.9002,588.0,0.9006,101.0,0.9007,175.0
1753591953337,04:52:33.337,bitget,AERO/USDT:USDT,0.9003,188.0,0.9002,588.0,0.9006,101.0,0.9007,175.0
1753591953487,04:52:33.487,bitget,AERO/USDT:USDT,0.9003,188.0,0.9002,588.0,0.9006,101.0,0.9007,175.0
1753591953638,04:52:33.638,bitget,AERO/USDT:USDT,0.9003,188.0,0.9002,588.0,0.9006,101.0,0.9007,175.0
1753591953788,04:52:33.788,bitget,AERO/USDT:USDT,0.9003,188.0,0.9002,588.0,0.9006,101.0,0.9007,175.0
1753591953938,04:52:33.938,bitget,AERO/USDT:USDT,0.9003,188.0,0.9002,588.0,0.9006,101.0,0.9007,175.0
1753591954088,04:52:34.088,bitget,AERO/USDT:USDT,0.9003,188.0,0.9002,588.0,0.9006,101.0,0.9007,175.0
1753591954538,04:52:34.538,bitget,AERO/USDT:USDT,0.9003,188.0,0.9002,588.0,0.9006,101.0,0.9007,175.0
1753591954688,04:52:34.688,bitget,AERO/USDT:USDT,0.9003,188.0,0.9002,588.0,0.9006,101.0,0.9007,175.0
1753591954838,04:52:34.838,bitget,AERO/USDT:USDT,0.9003,188.0,0.9002,588.0,0.9006,101.0,0.9007,175.0
1753591954988,04:52:34.988,bitget,AERO/USDT:USDT,0.9003,188.0,0.9002,588.0,0.9006,101.0,0.9007,175.0
1753591955138,04:52:35.138,bitget,AERO/USDT:USDT,0.9003,188.0,0.9002,588.0,0.9006,101.0,0.9007,175.0
1753591955589,04:52:35.589,bitget,AERO/USDT:USDT,0.9003,188.0,0.9002,588.0,0.9006,101.0,0.9007,175.0
1753591956039,04:52:36.039,bitget,AERO/USDT:USDT,0.9003,188.0,0.9002,588.0,0.9006,101.0,0.9007,175.0
1753591956489,04:52:36.489,bitget,AERO/USDT:USDT,0.9003,188.0,0.9002,588.0,0.9006,101.0,0.9007,175.0
1753591956639,04:52:36.639,bitget,AERO/USDT:USDT,0.9003,188.0,0.9002,588.0,0.9006,101.0,0.9007,175.0
1753591956789,04:52:36.789,bitget,AERO/USDT:USDT,0.9003,188.0,0.9002,588.0,0.9006,101.0,0.9007,175.0
1753591956940,04:52:36.940,bitget,AERO/USDT:USDT,0.9003,188.0,0.9002,588.0,0.9006,101.0,0.9007,175.0
1753591957090,04:52:37.090,bitget,AERO/USDT:USDT,0.9003,188.0,0.9002,588.0,0.9006,101.0,0.9007,175.0
1753591957240,04:52:37.240,bitget,AERO/USDT:USDT,0.9003,188.0,0.9002,588.0,0.9006,101.0,0.9007,175.0
1753591957390,04:52:37.390,bitget,AERO/USDT:USDT,0.9003,188.0,0.9002,588.0,0.9006,101.0,0.9007,175.0
1753591957540,04:52:37.540,bitget,AERO/USDT:USDT,0.9003,188.0,0.9002,588.0,0.9006,101.0,0.9007,175.0
1753591957690,04:52:37.690,bitget,AERO/USDT:USDT,0.9003,188.0,0.9002,588.0,0.9006,101.0,0.9007,175.0
1753591958140,04:52:38.140,bitget,AERO/USDT:USDT,0.9003,188.0,0.9002,588.0,0.9006,101.0,0.9007,175.0
1753591958591,04:52:38.591,bitget,AERO/USDT:USDT,0.9003,188.0,0.9002,588.0,0.9006,185.0,0.9007,175.0
1753591959041,04:52:39.041,bitget,AERO/USDT:USDT,0.9003,188.0,0.9002,588.0,0.9006,101.0,0.9007,175.0
1753591959341,04:52:39.341,bitget,AERO/USDT:USDT,0.9003,188.0,0.9002,588.0,0.9006,101.0,0.9007,175.0
1753591959641,04:52:39.641,bitget,AERO/USDT:USDT,0.9003,188.0,0.9002,588.0,0.9006,101.0,0.9007,175.0
1753591960092,04:52:40.092,bitget,AERO/USDT:USDT,0.9005,185.0,0.9004,122.0,0.9008,4722.0,0.901,84.0
1753591960242,04:52:40.242,bitget,AERO/USDT:USDT,0.9005,185.0,0.9004,122.0,0.9008,4722.0,0.901,84.0
1753591960842,04:52:40.842,bitget,AERO/USDT:USDT,0.9005,185.0,0.9004,122.0,0.9008,4722.0,0.901,84.0
1753591960992,04:52:40.992,bitget,AERO/USDT:USDT,0.9005,185.0,0.9004,122.0,0.9008,4722.0,0.901,84.0
1753591961292,04:52:41.292,bitget,AERO/USDT:USDT,0.9005,185.0,0.9004,122.0,0.9008,4722.0,0.901,84.0
1753591961442,04:52:41.442,bitget,AERO/USDT:USDT,0.9005,185.0,0.9004,122.0,0.9008,4934.0,0.901,84.0
1753591961743,04:52:41.743,bitget,AERO/USDT:USDT,0.9003,549.0,0.9002,87.0,0.9006,84.0,0.9007,222.0
1753591961893,04:52:41.893,bitget,AERO/USDT:USDT,0.9003,87.0,0.9002,87.0,0.9006,84.0,0.9007,222.0
1753591962043,04:52:42.043,bitget,AERO/USDT:USDT,0.9003,185.0,0.9002,549.0,0.9006,84.0,0.9007,222.0
1753591962193,04:52:42.193,bitget,AERO/USDT:USDT,0.9003,185.0,0.9002,588.0,0.9006,84.0,0.9007,222.0
1753591962493,04:52:42.493,bitget,AERO/USDT:USDT,0.9003,185.0,0.9002,588.0,0.9007,185.0,0.9008,4934.0
1753591962643,04:52:42.643,bitget,AERO/USDT:USDT,0.9003,185.0,0.9002,588.0,0.9007,185.0,0.9008,4934.0
1753591962793,04:52:42.793,bitget,AERO/USDT:USDT,0.9003,185.0,0.9002,588.0,0.9007,185.0,0.9008,4934.0
1753591962943,04:52:42.943,bitget,AERO/USDT:USDT,0.9003,185.0,0.9002,588.0,0.9007,185.0,0.9008,4934.0
1753591963093,04:52:43.093,bitget,AERO/USDT:USDT,0.9003,185.0,0.9002,588.0,0.9007,185.0,0.9008,4934.0
1753591963394,04:52:43.394,bitget,AERO/USDT:USDT,0.9003,185.0,0.9002,588.0,0.9007,185.0,0.9008,4934.0
1753591963544,04:52:43.544,bitget,AERO/USDT:USDT,0.9004,84.0,0.9003,185.0,0.9007,185.0,0.9008,4722.0
1753591963694,04:52:43.694,bitget,AERO/USDT:USDT,0.9004,84.0,0.9003,185.0,0.9007,185.0,0.9008,4722.0
1753591963844,04:52:43.844,bitget,AERO/USDT:USDT,0.9004,122.0,0.9003,226.0,0.9007,185.0,0.9008,4722.0
1753591963994,04:52:43.994,bitget,AERO/USDT:USDT,0.9004,122.0,0.9003,226.0,0.9007,185.0,0.9008,4722.0
1753591964144,04:52:44.144,bitget,AERO/USDT:USDT,0.9004,122.0,0.9003,226.0,0.9007,185.0,0.9008,4722.0
1753591964294,04:52:44.294,bitget,AERO/USDT:USDT,0.9004,122.0,0.9003,226.0,0.9007,185.0,0.9008,4722.0
1753591964444,04:52:44.444,bitget,AERO/USDT:USDT,0.9004,122.0,0.9003,226.0,0.9007,185.0,0.9008,4722.0
1753591964895,04:52:44.895,bitget,AERO/USDT:USDT,0.9004,122.0,0.9003,226.0,0.9007,397.0,0.9008,4722.0
1753591965045,04:52:45.045,bitget,AERO/USDT:USDT,0.9004,122.0,0.9003,226.0,0.9007,397.0,0.9008,4722.0
1753591965195,04:52:45.195,bitget,AERO/USDT:USDT,0.9004,122.0,0.9003,226.0,0.9007,397.0,0.9008,4722.0
1753591965495,04:52:45.495,bitget,AERO/USDT:USDT,0.9004,122.0,0.9003,688.0,0.9007,397.0,0.9008,4722.0
1753591965795,04:52:45.795,bitget,AERO/USDT:USDT,0.9004,122.0,0.9003,688.0,0.9007,397.0,0.9008,4722.0
1753591966095,04:52:46.095,bitget,AERO/USDT:USDT,0.9004,122.0,0.9003,688.0,0.9007,397.0,0.9008,4722.0
1753591966245,04:52:46.245,bitget,AERO/USDT:USDT,0.9004,122.0,0.9003,688.0,0.9007,397.0,0.9008,4722.0
1753591966395,04:52:46.395,bitget,AERO/USDT:USDT,0.9004,122.0,0.9003,688.0,0.9007,397.0,0.9008,4722.0
1753591966546,04:52:46.546,bitget,AERO/USDT:USDT,0.9004,122.0,0.9003,688.0,0.9007,397.0,0.9008,4722.0
1753591967146,04:52:47.146,bitget,AERO/USDT:USDT,0.9004,122.0,0.9003,688.0,0.9007,397.0,0.9008,4722.0
1753591967446,04:52:47.446,bitget,AERO/USDT:USDT,0.9004,122.0,0.9003,688.0,0.9007,397.0,0.9008,4722.0
1753591967596,04:52:47.596,bitget,AERO/USDT:USDT,0.9004,122.0,0.9003,688.0,0.9007,185.0,0.9008,4722.0
1753591967746,04:52:47.746,bitget,AERO/USDT:USDT,0.9004,122.0,0.9003,688.0,0.9007,185.0,0.9008,4722.0
1753591967896,04:52:47.896,bitget,AERO/USDT:USDT,0.9004,122.0,0.9003,688.0,0.9007,185.0,0.9008,4722.0
1753591968047,04:52:48.047,bitget,AERO/USDT:USDT,0.9004,122.0,0.9003,688.0,0.9007,185.0,0.9008,4722.0
1753591968197,04:52:48.197,bitget,AERO/USDT:USDT,0.9005,188.0,0.9004,84.0,0.9007,101.0,0.9008,4722.0
1753591968497,04:52:48.497,bitget,AERO/USDT:USDT,0.9005,188.0,0.9004,84.0,0.9007,101.0,0.9008,4722.0
1753591968647,04:52:48.647,bitget,AERO/USDT:USDT,0.9005,188.0,0.9004,84.0,0.9007,101.0,0.9008,4722.0
1753591968947,04:52:48.947,bitget,AERO/USDT:USDT,0.9005,188.0,0.9004,84.0,0.9007,101.0,0.9008,4722.0
1753591969247,04:52:49.247,bitget,AERO/USDT:USDT,0.9005,188.0,0.9004,84.0,0.9007,101.0,0.9008,4722.0
1753591969397,04:52:49.397,bitget,AERO/USDT:USDT,0.9005,188.0,0.9004,84.0,0.9007,101.0,0.9008,4722.0
1753591969848,04:52:49.848,bitget,AERO/USDT:USDT,0.9005,188.0,0.9004,84.0,0.9007,101.0,0.9008,4722.0
1753591970148,04:52:50.148,bitget,AERO/USDT:USDT,0.9005,188.0,0.9004,84.0,0.9007,101.0,0.9008,4722.0
1753591970448,04:52:50.448,bitget,AERO/USDT:USDT,0.9005,188.0,0.9004,84.0,0.9007,101.0,0.9008,4722.0
1753591970898,04:52:50.898,bitget,AERO/USDT:USDT,0.9005,188.0,0.9004,84.0,0.9007,101.0,0.9008,4722.0
1753591971199,04:52:51.199,bitget,AERO/USDT:USDT,0.9005,188.0,0.9004,84.0,0.9007,101.0,0.9008,4722.0
1753591971499,04:52:51.499,bitget,AERO/USDT:USDT,0.9005,188.0,0.9004,84.0,0.9007,101.0,0.9008,4722.0
1753591972399,04:52:52.399,bitget,AERO/USDT:USDT,0.9005,188.0,0.9004,84.0,0.9007,101.0,0.9008,4722.0
1753591972850,04:52:52.850,bitget,AERO/USDT:USDT,0.9005,188.0,0.9004,84.0,0.9007,101.0,0.9008,4722.0
1753591973150,04:52:53.150,bitget,AERO/USDT:USDT,0.9005,188.0,0.9004,84.0,0.9007,101.0,0.9008,4722.0
1753591973300,04:52:53.300,bitget,AERO/USDT:USDT,0.9005,188.0,0.9004,84.0,0.9007,101.0,0.9008,4722.0
1753591973750,04:52:53.750,bitget,AERO/USDT:USDT,0.9005,188.0,0.9004,84.0,0.9007,101.0,0.9008,4722.0
1753591974050,04:52:54.050,bitget,AERO/USDT:USDT,0.9005,188.0,0.9004,84.0,0.9007,101.0,0.9008,4722.0
1753591974351,04:52:54.351,bitget,AERO/USDT:USDT,0.9005,188.0,0.9004,84.0,0.9007,101.0,0.9008,4722.0
1753591974801,04:52:54.801,bitget,AERO/USDT:USDT,0.9005,188.0,0.9004,84.0,0.9007,101.0,0.9008,4722.0
1753591974951,04:52:54.951,bitget,AERO/USDT:USDT,0.9005,188.0,0.9004,84.0,0.9007,101.0,0.9008,4722.0
1753591975551,04:52:55.551,bitget,AERO/USDT:USDT,0.9005,188.0,0.9004,84.0,0.9007,101.0,0.9008,4722.0
1753591976002,04:52:56.002,bitget,AERO/USDT:USDT,0.9005,188.0,0.9004,84.0,0.9007,101.0,0.9008,4722.0
1753591976152,04:52:56.152,bitget,AERO/USDT:USDT,0.9005,188.0,0.9004,84.0,0.9007,101.0,0.9008,4759.0
1753591976302,04:52:56.302,bitget,AERO/USDT:USDT,0.9005,101.0,0.9004,84.0,0.9007,101.0,0.9008,4759.0
1753591976452,04:52:56.452,bitget,AERO/USDT:USDT,0.9005,101.0,0.9004,84.0,0.9007,101.0,0.9008,4759.0
1753591976602,04:52:56.602,bitget,AERO/USDT:USDT,0.9005,101.0,0.9004,84.0,0.9007,101.0,0.9008,4759.0
1753591976752,04:52:56.752,bitget,AERO/USDT:USDT,0.9005,101.0,0.9004,84.0,0.9007,101.0,0.9008,4759.0
1753591977052,04:52:57.052,bitget,AERO/USDT:USDT,0.9005,101.0,0.9004,84.0,0.9007,101.0,0.9008,4759.0
1753591977202,04:52:57.202,bitget,AERO/USDT:USDT,0.9005,101.0,0.9004,84.0,0.9007,101.0,0.9008,4759.0
1753591977352,04:52:57.352,bitget,AERO/USDT:USDT,0.9005,101.0,0.9004,84.0,0.9007,101.0,0.9008,4759.0
1753591977503,04:52:57.503,bitget,AERO/USDT:USDT,0.9005,101.0,0.9004,84.0,0.9007,101.0,0.9008,4759.0
1753591977653,04:52:57.653,bitget,AERO/USDT:USDT,0.9005,101.0,0.9004,84.0,0.9007,101.0,0.9008,4759.0
1753591977803,04:52:57.803,bitget,AERO/USDT:USDT,0.9005,101.0,0.9004,84.0,0.9007,101.0,0.9008,4759.0
1753591978103,04:52:58.103,bitget,AERO/USDT:USDT,0.9005,101.0,0.9004,84.0,0.9007,101.0,0.9008,4759.0
1753591978403,04:52:58.403,bitget,AERO/USDT:USDT,0.9005,101.0,0.9004,84.0,0.9007,101.0,0.9008,4759.0
1753591978553,04:52:58.553,bitget,AERO/USDT:USDT,0.9005,101.0,0.9004,84.0,0.9007,101.0,0.9008,4759.0
1753591978703,04:52:58.703,bitget,AERO/USDT:USDT,0.9005,101.0,0.9004,84.0,0.9007,101.0,0.9008,4759.0
1753591978853,04:52:58.853,bitget,AERO/USDT:USDT,0.9005,101.0,0.9004,84.0,0.9007,101.0,0.9008,4759.0
1753591979304,04:52:59.304,bitget,AERO/USDT:USDT,0.9005,101.0,0.9004,84.0,0.9007,101.0,0.9008,4759.0
1753591979454,04:52:59.454,bitget,AERO/USDT:USDT,0.9003,462.0,0.9001,86.0,0.9007,397.0,0.9008,4759.0
1753591980054,04:53:00.054,bitget,AERO/USDT:USDT,0.9006,101.0,0.9005,122.0,0.901,4805.0,0.9011,998.0
1753591980204,04:53:00.204,bitget,AERO/USDT:USDT,0.9006,101.0,0.9005,84.0,0.9009,185.0,0.901,4846.0
1753591980505,04:53:00.505,bitget,AERO/USDT:USDT,0.9006,185.0,0.9005,121.0,0.9009,185.0,0.901,4842.0
1753591980655,04:53:00.655,bitget,AERO/USDT:USDT,0.9006,185.0,0.9005,121.0,0.9009,185.0,0.901,4805.0
1753591980955,04:53:00.955,bitget,AERO/USDT:USDT,0.9006,185.0,0.9005,121.0,0.9009,185.0,0.901,4805.0
1753591981405,04:53:01.405,bitget,AERO/USDT:USDT,0.9006,185.0,0.9005,121.0,0.9009,185.0,0.901,4805.0
1753591981855,04:53:01.855,bitget,AERO/USDT:USDT,0.9006,101.0,0.9005,84.0,0.9009,185.0,0.901,4805.0
1753591982005,04:53:02.005,bitget,AERO/USDT:USDT,0.9005,84.0,0.9004,546.0,0.9008,84.0,0.9009,397.0
1753591982156,04:53:02.156,bitget,AERO/USDT:USDT,0.9004,585.0,0.9001,86.0,0.9008,84.0,0.9009,397.0
1753591982306,04:53:02.306,bitget,AERO/USDT:USDT,0.9004,585.0,0.9001,86.0,0.9008,84.0,0.9009,397.0
1753591982456,04:53:02.456,bitget,AERO/USDT:USDT,0.9004,585.0,0.9001,86.0,0.9008,84.0,0.9009,397.0
1753591982756,04:53:02.756,bitget,AERO/USDT:USDT,0.9004,585.0,0.9001,86.0,0.9008,84.0,0.9009,397.0
1753591983206,04:53:03.206,bitget,AERO/USDT:USDT,0.9004,585.0,0.9001,86.0,0.9008,84.0,0.9009,397.0
1753591983506,04:53:03.506,bitget,AERO/USDT:USDT,0.9004,585.0,0.9001,86.0,0.9008,84.0,0.9009,397.0
1753591983806,04:53:03.806,bitget,AERO/USDT:USDT,0.9004,501.0,0.9001,86.0,0.9007,185.0,0.9008,84.0
1753591983957,04:53:03.957,bitget,AERO/USDT:USDT,0.9004,501.0,0.9001,86.0,0.9007,185.0,0.9008,84.0
1753591984407,04:53:04.407,bitget,AERO/USDT:USDT,0.9004,501.0,0.9001,86.0,0.9007,185.0,0.9008,84.0
1753591984557,04:53:04.557,bitget,AERO/USDT:USDT,0.9004,501.0,0.9001,86.0,0.9007,185.0,0.9008,84.0
1753591984707,04:53:04.707,bitget,AERO/USDT:USDT,0.9004,501.0,0.9001,86.0,0.9006,86.0,0.9007,185.0
1753591985157,04:53:05.157,bitget,AERO/USDT:USDT,0.9004,462.0,0.9002,39.0,0.9006,86.0,0.9007,185.0
1753591985458,04:53:05.458,bitget,AERO/USDT:USDT,0.9004,462.0,0.9002,39.0,0.9006,86.0,0.9007,185.0
1753591985608,04:53:05.608,bitget,AERO/USDT:USDT,0.9004,462.0,0.9002,39.0,0.9006,86.0,0.9007,185.0
1753591985758,04:53:05.758,bitget,AERO/USDT:USDT,0.9004,462.0,0.9002,39.0,0.9006,86.0,0.9007,185.0
1753591985908,04:53:05.908,bitget,AERO/USDT:USDT,0.9004,462.0,0.9002,39.0,0.9006,86.0,0.9007,185.0
1753591986058,04:53:06.058,bitget,AERO/USDT:USDT,0.9004,462.0,0.9002,39.0,0.9006,86.0,0.9007,185.0
1753591986508,04:53:06.508,bitget,AERO/USDT:USDT,0.9004,462.0,0.9003,187.0,0.9007,185.0,0.9008,84.0
1753591986658,04:53:06.658,bitget,AERO/USDT:USDT,0.9004,462.0,0.9003,187.0,0.9007,185.0,0.9008,84.0
1753591986959,04:53:06.959,bitget,AERO/USDT:USDT,0.9004,462.0,0.9003,187.0,0.9006,86.0,0.9007,185.0
1753591987259,04:53:07.259,bitget,AERO/USDT:USDT,0.9004,462.0,0.9003,187.0,0.9006,86.0,0.9007,185.0
1753591987409,04:53:07.409,bitget,AERO/USDT:USDT,0.9004,499.0,0.9003,229.0,0.9006,86.0,0.9007,185.0
1753591987559,04:53:07.559,bitget,AERO/USDT:USDT,0.9004,499.0,0.9003,229.0,0.9006,86.0,0.9007,185.0
1753591987709,04:53:07.709,bitget,AERO/USDT:USDT,0.9004,499.0,0.9003,229.0,0.9007,185.0,0.9008,84.0
1753591987859,04:53:07.859,bitget,AERO/USDT:USDT,0.9004,499.0,0.9003,229.0,0.9007,185.0,0.9008,84.0
1753591988009,04:53:08.009,bitget,AERO/USDT:USDT,0.9004,499.0,0.9003,229.0,0.9007,185.0,0.9008,84.0
1753591988159,04:53:08.159,bitget,AERO/USDT:USDT,0.9004,499.0,0.9003,229.0,0.9007,185.0,0.9008,84.0
1753591988610,04:53:08.610,bitget,AERO/USDT:USDT,0.9004,499.0,0.9003,229.0,0.9007,185.0,0.9008,84.0
1753591988760,04:53:08.760,bitget,AERO/USDT:USDT,0.9004,499.0,0.9003,229.0,0.9007,185.0,0.9008,84.0
1753591989360,04:53:09.360,bitget,AERO/USDT:USDT,0.9004,499.0,0.9003,229.0,0.9007,185.0,0.9008,84.0
1753591989960,04:53:09.960,bitget,AERO/USDT:USDT,0.9004,499.0,0.9003,229.0,0.9007,185.0,0.9008,84.0
1753591990111,04:53:10.111,bitget,AERO/USDT:USDT,0.9004,499.0,0.9003,229.0,0.9007,185.0,0.9008,84.0
1753591990561,04:53:10.561,bitget,AERO/USDT:USDT,0.9004,462.0,0.9003,187.0,0.9006,86.0,0.9007,185.0
1753591991162,04:53:11.162,bitget,AERO/USDT:USDT,0.9004,462.0,0.9003,187.0,0.9006,86.0,0.9007,185.0
1753591991440,04:53:11.440,bitget,AERO/USDT:USDT,0.9004,462.0,0.9003,187.0,0.9006,86.0,0.9007,740.0
1753591991611,04:53:11.611,bitget,AERO/USDT:USDT,0.9004,462.0,0.9003,187.0,0.9006,86.0,0.9007,740.0
1753591991762,04:53:11.762,bitget,AERO/USDT:USDT,0.9004,462.0,0.9003,187.0,0.9006,86.0,0.9007,740.0
1753591991912,04:53:11.912,bitget,AERO/USDT:USDT,0.9004,462.0,0.9003,187.0,0.9006,86.0,0.9007,740.0
1753591992062,04:53:12.062,bitget,AERO/USDT:USDT,0.9004,462.0,0.9003,187.0,0.9006,86.0,0.9007,740.0
1753591992212,04:53:12.212,bitget,AERO/USDT:USDT,0.9003,649.0,0.9002,86.0,0.9006,86.0,0.9007,740.0
1753591992812,04:53:12.812,bitget,AERO/USDT:USDT,0.9001,462.0,0.9,1184.0,0.9003,101.0,0.9004,86.0
1753591992962,04:53:12.962,bitget,AERO/USDT:USDT,0.9001,462.0,0.9,1099.0,0.9003,187.0,0.9004,86.0
1753591993262,04:53:13.262,bitget,AERO/USDT:USDT,0.9001,462.0,0.9,1099.0,0.9003,101.0,0.9004,86.0
1753591993713,04:53:13.713,bitget,AERO/USDT:USDT,0.9001,462.0,0.8999,88.0,0.9003,187.0,0.9004,86.0
1753591994013,04:53:14.013,bitget,AERO/USDT:USDT,0.9001,462.0,0.8999,88.0,0.9003,187.0,0.9004,86.0
1753591994463,04:53:14.463,bitget,AERO/USDT:USDT,0.9001,462.0,0.8999,88.0,0.9003,187.0,0.9004,86.0
1753591994613,04:53:14.613,bitget,AERO/USDT:USDT,0.9001,462.0,0.8999,88.0,0.9003,187.0,0.9004,86.0
1753591994763,04:53:14.763,bitget,AERO/USDT:USDT,0.9001,462.0,0.8999,88.0,0.9003,187.0,0.9004,86.0
1753591994914,04:53:14.914,bitget,AERO/USDT:USDT,0.9001,462.0,0.8999,88.0,0.9003,187.0,0.9004,86.0
1753591995214,04:53:15.214,bitget,AERO/USDT:USDT,0.9001,462.0,0.8999,88.0,0.9003,187.0,0.9004,86.0
1753591995364,04:53:15.364,bitget,AERO/USDT:USDT,0.9001,462.0,0.8999,88.0,0.9003,187.0,0.9004,86.0
1753591995514,04:53:15.514,bitget,AERO/USDT:USDT,0.9001,462.0,0.8999,88.0,0.9003,187.0,0.9004,86.0
1753591995814,04:53:15.814,bitget,AERO/USDT:USDT,0.9001,462.0,0.8999,88.0,0.9003,187.0,0.9004,86.0
1753591995964,04:53:15.964,bitget,AERO/USDT:USDT,0.9001,462.0,0.8999,88.0,0.9003,187.0,0.9004,86.0
1753591996114,04:53:16.114,bitget,AERO/USDT:USDT,0.9001,462.0,0.8999,88.0,0.9003,187.0,0.9004,86.0
1753591996264,04:53:16.264,bitget,AERO/USDT:USDT,0.9001,462.0,0.8999,88.0,0.9003,187.0,0.9004,86.0
1753591996415,04:53:16.415,bitget,AERO/USDT:USDT,0.9001,462.0,0.8999,88.0,0.9003,101.0,0.9004,86.0
1753591996715,04:53:16.715,bitget,AERO/USDT:USDT,0.9001,462.0,0.8999,88.0,0.9003,101.0,0.9004,86.0
1753591997015,04:53:17.015,bitget,AERO/USDT:USDT,0.9001,462.0,0.8999,88.0,0.9003,101.0,0.9004,86.0
1753591997165,04:53:17.165,bitget,AERO/USDT:USDT,0.9001,462.0,0.8999,88.0,0.9003,101.0,0.9004,86.0
1753591997315,04:53:17.315,bitget,AERO/USDT:USDT,0.9001,462.0,0.8999,88.0,0.9003,101.0,0.9004,86.0
1753591997615,04:53:17.615,bitget,AERO/USDT:USDT,0.9001,462.0,0.8999,88.0,0.9003,101.0,0.9004,86.0
1753591997765,04:53:17.765,bitget,AERO/USDT:USDT,0.9001,462.0,0.8999,88.0,0.9003,186.0,0.9004,86.0
1753591998066,04:53:18.066,bitget,AERO/USDT:USDT,0.9001,462.0,0.8999,88.0,0.9003,186.0,0.9004,86.0
1753591998366,04:53:18.366,bitget,AERO/USDT:USDT,0.9001,462.0,0.8999,88.0,0.9003,186.0,0.9004,86.0
1753591998516,04:53:18.516,bitget,AERO/USDT:USDT,0.9,85.0,0.8999,550.0,0.9003,186.0,0.9004,86.0
1753591998816,04:53:18.816,bitget,AERO/USDT:USDT,0.9001,462.0,0.9,85.0,0.9003,186.0,0.9004,86.0
1753591999266,04:53:19.266,bitget,AERO/USDT:USDT,0.9001,462.0,0.9,85.0,0.9003,101.0,0.9004,86.0
1753591999416,04:53:19.416,bitget,AERO/USDT:USDT,0.9001,462.0,0.9,85.0,0.9003,101.0,0.9004,86.0
1753591999567,04:53:19.567,bitget,AERO/USDT:USDT,0.9001,462.0,0.9,85.0,0.9003,101.0,0.9004,86.0
1753591999867,04:53:19.867,bitget,AERO/USDT:USDT,0.9001,462.0,0.9,85.0,0.9003,101.0,0.9004,86.0
1753592000017,04:53:20.017,bitget,AERO/USDT:USDT,0.9001,462.0,0.9,85.0,0.9003,101.0,0.9004,86.0
1753592000167,04:53:20.167,bitget,AERO/USDT:USDT,0.9001,462.0,0.9,85.0,0.9003,101.0,0.9004,86.0
1753592000317,04:53:20.317,bitget,AERO/USDT:USDT,0.9001,462.0,0.9,85.0,0.9003,101.0,0.9004,86.0
1753592000467,04:53:20.467,bitget,AERO/USDT:USDT,0.9001,462.0,0.9,85.0,0.9003,101.0,0.9004,86.0
1753592000617,04:53:20.617,bitget,AERO/USDT:USDT,0.9001,462.0,0.9,85.0,0.9003,101.0,0.9004,86.0
1753592000767,04:53:20.767,bitget,AERO/USDT:USDT,0.9001,462.0,0.9,85.0,0.9003,101.0,0.9004,86.0
1753592001368,04:53:21.368,bitget,AERO/USDT:USDT,0.9001,462.0,0.8999,88.0,0.9003,101.0,0.9004,86.0
1753592001518,04:53:21.518,bitget,AERO/USDT:USDT,0.9001,462.0,0.8999,88.0,0.9003,101.0,0.9004,86.0
1753592001668,04:53:21.668,bitget,AERO/USDT:USDT,0.9001,547.0,0.8999,88.0,0.9003,101.0,0.9004,86.0
1753592001968,04:53:21.968,bitget,AERO/USDT:USDT,0.9002,85.0,0.9001,547.0,0.9006,678.0,0.9007,121.0
1753592002118,04:53:22.118,bitget,AERO/USDT:USDT,0.9002,85.0,0.9001,547.0,0.9006,678.0,0.9007,121.0
1753592002268,04:53:22.268,bitget,AERO/USDT:USDT,0.9002,85.0,0.9001,547.0,0.9006,678.0,0.9007,121.0
1753592002418,04:53:22.418,bitget,AERO/USDT:USDT,0.9002,85.0,0.9001,547.0,0.9006,678.0,0.9007,121.0
1753592002569,04:53:22.569,bitget,AERO/USDT:USDT,0.9002,85.0,0.9001,547.0,0.9006,678.0,0.9007,121.0
1753592002869,04:53:22.869,bitget,AERO/USDT:USDT,0.9002,85.0,0.9001,547.0,0.9006,678.0,0.9007,121.0
1753592003019,04:53:23.019,bitget,AERO/USDT:USDT,0.9002,85.0,0.9001,547.0,0.9006,678.0,0.9007,121.0
1753592003169,04:53:23.169,bitget,AERO/USDT:USDT,0.9002,85.0,0.9001,547.0,0.9006,678.0,0.9007,121.0
1753592003469,04:53:23.469,bitget,AERO/USDT:USDT,0.9002,85.0,0.9001,547.0,0.9006,678.0,0.9007,121.0
1753592003619,04:53:23.619,bitget,AERO/USDT:USDT,0.9002,85.0,0.9001,547.0,0.9006,678.0,0.9007,121.0
1753592003919,04:53:23.919,bitget,AERO/USDT:USDT,0.9002,85.0,0.9001,547.0,0.9006,641.0,0.9007,84.0
1753592004069,04:53:24.069,bitget,AERO/USDT:USDT,0.9002,85.0,0.9001,547.0,0.9006,641.0,0.9008,84.0
1753592004220,04:53:24.220,bitget,AERO/USDT:USDT,0.9002,85.0,0.9001,547.0,0.9006,641.0,0.9008,84.0
1753592004370,04:53:24.370,bitget,AERO/USDT:USDT,0.9002,85.0,0.9001,547.0,0.9005,101.0,0.9006,641.0
1753592004520,04:53:24.520,bitget,AERO/USDT:USDT,0.9002,85.0,0.9001,547.0,0.9005,101.0,0.9006,641.0
1753592004670,04:53:24.670,bitget,AERO/USDT:USDT,0.9002,122.0,0.9001,589.0,0.9005,101.0,0.9006,641.0
1753592004820,04:53:24.820,bitget,AERO/USDT:USDT,0.9002,122.0,0.9001,589.0,0.9005,101.0,0.9006,641.0
1753592005570,04:53:25.570,bitget,AERO/USDT:USDT,0.9002,122.0,0.9001,589.0,0.9005,101.0,0.9006,641.0
1753592006021,04:53:26.021,bitget,AERO/USDT:USDT,0.9002,85.0,0.9001,586.0,0.9005,188.0,0.9006,678.0
1753592006171,04:53:26.171,bitget,AERO/USDT:USDT,0.9002,85.0,0.9001,586.0,0.9005,188.0,0.9006,678.0
1753592006321,04:53:26.321,bitget,AERO/USDT:USDT,0.9002,85.0,0.9001,586.0,0.9005,188.0,0.9006,678.0
1753592006621,04:53:26.621,bitget,AERO/USDT:USDT,0.9002,85.0,0.9001,586.0,0.9005,188.0,0.9006,678.0
1753592006771,04:53:26.771,bitget,AERO/USDT:USDT,0.9002,85.0,0.9001,586.0,0.9005,188.0,0.9006,678.0
1753592006921,04:53:26.921,bitget,AERO/USDT:USDT,0.9002,85.0,0.9001,586.0,0.9005,188.0,0.9006,678.0
1753592007071,04:53:27.071,bitget,AERO/USDT:USDT,0.9002,85.0,0.9001,586.0,0.9005,188.0,0.9006,678.0
1753592007221,04:53:27.221,bitget,AERO/USDT:USDT,0.9002,85.0,0.9001,586.0,0.9005,188.0,0.9006,678.0
1753592007372,04:53:27.372,bitget,AERO/USDT:USDT,0.9002,547.0,0.9001,124.0,0.9005,188.0,0.9006,678.0
1753592007522,04:53:27.522,bitget,AERO/USDT:USDT,0.9002,547.0,0.9001,124.0,0.9005,188.0,0.9006,678.0
1753592007672,04:53:27.672,bitget,AERO/USDT:USDT,0.9002,547.0,0.9001,124.0,0.9005,188.0,0.9006,678.0
1753592008122,04:53:28.122,bitget,AERO/USDT:USDT,0.9002,547.0,0.9001,124.0,0.9005,188.0,0.9006,678.0
1753592008272,04:53:28.272,bitget,AERO/USDT:USDT,0.9002,547.0,0.9001,124.0,0.9005,188.0,0.9006,678.0
1753592008422,04:53:28.422,bitget,AERO/USDT:USDT,0.9002,547.0,0.9001,124.0,0.9005,188.0,0.9006,678.0
1753592008572,04:53:28.572,bitget,AERO/USDT:USDT,0.9002,547.0,0.9001,124.0,0.9005,188.0,0.9006,678.0
1753592008873,04:53:28.873,bitget,AERO/USDT:USDT,0.9002,547.0,0.9001,124.0,0.9005,188.0,0.9006,678.0
1753592009023,04:53:29.023,bitget,AERO/USDT:USDT,0.9002,547.0,0.9001,124.0,0.9005,188.0,0.9006,678.0
1753592009323,04:53:29.323,bitget,AERO/USDT:USDT,0.9002,547.0,0.9001,124.0,0.9005,188.0,0.9006,678.0
1753592009473,04:53:29.473,bitget,AERO/USDT:USDT,0.9002,547.0,0.9001,124.0,0.9005,188.0,0.9006,678.0
1753592009773,04:53:29.773,bitget,AERO/USDT:USDT,0.9002,547.0,0.9001,124.0,0.9005,188.0,0.9006,678.0
1753592009923,04:53:29.923,bitget,AERO/USDT:USDT,0.9002,547.0,0.9001,124.0,0.9005,188.0,0.9006,678.0
1753592010073,04:53:30.073,bitget,AERO/USDT:USDT,0.9002,547.0,0.9001,124.0,0.9005,188.0,0.9006,678.0
1753592010223,04:53:30.223,bitget,AERO/USDT:USDT,0.9002,547.0,0.9001,124.0,0.9005,188.0,0.9006,678.0
1753592010524,04:53:30.524,bitget,AERO/USDT:USDT,0.9002,547.0,0.9001,124.0,0.9005,188.0,0.9006,678.0
1753592010824,04:53:30.824,bitget,AERO/USDT:USDT,0.9002,547.0,0.9001,124.0,0.9005,188.0,0.9006,678.0
1753592011124,04:53:31.124,bitget,AERO/USDT:USDT,0.9002,547.0,0.9001,124.0,0.9005,188.0,0.9006,678.0
1753592011274,04:53:31.274,bitget,AERO/USDT:USDT,0.9002,547.0,0.9001,124.0,0.9005,188.0,0.9006,678.0
1753592011574,04:53:31.574,bitget,AERO/USDT:USDT,0.9002,547.0,0.9001,124.0,0.9005,188.0,0.9006,678.0
1753592011724,04:53:31.724,bitget,AERO/USDT:USDT,0.9002,547.0,0.9001,124.0,0.9005,188.0,0.9006,678.0
1753592011874,04:53:31.874,bitget,AERO/USDT:USDT,0.9002,547.0,0.9001,124.0,0.9005,188.0,0.9006,678.0
1753592012024,04:53:32.024,bitget,AERO/USDT:USDT,0.9002,547.0,0.9001,124.0,0.9005,188.0,0.9006,678.0
1753592012475,04:53:32.475,bitget,AERO/USDT:USDT,0.9002,547.0,0.9001,124.0,0.9005,188.0,0.9006,678.0
1753592012625,04:53:32.625,bitget,AERO/USDT:USDT,0.9002,547.0,0.9001,124.0,0.9005,188.0,0.9006,678.0
1753592012925,04:53:32.925,bitget,AERO/USDT:USDT,0.9002,547.0,0.9001,124.0,0.9005,188.0,0.9006,678.0
1753592013075,04:53:33.075,bitget,AERO/USDT:USDT,0.9002,547.0,0.9001,124.0,0.9005,188.0,0.9006,678.0
1753592013225,04:53:33.225,bitget,AERO/USDT:USDT,0.9002,547.0,0.9001,124.0,0.9005,188.0,0.9006,123.0
1753592013375,04:53:33.375,bitget,AERO/USDT:USDT,0.9002,547.0,0.9001,124.0,0.9005,188.0,0.9006,123.0
1753592013525,04:53:33.525,bitget,AERO/USDT:USDT,0.9002,547.0,0.9001,124.0,0.9005,101.0,0.9006,123.0
1753592013675,04:53:33.675,bitget,AERO/USDT:USDT,0.9002,547.0,0.9001,124.0,0.9005,101.0,0.9006,123.0
1753592013976,04:53:33.976,bitget,AERO/USDT:USDT,0.9002,547.0,0.9001,124.0,0.9005,101.0,0.9006,123.0
1753592014126,04:53:34.126,bitget,AERO/USDT:USDT,0.9002,547.0,0.9001,124.0,0.9005,101.0,0.9006,123.0
1753592014276,04:53:34.276,bitget,AERO/USDT:USDT,0.9002,547.0,0.9001,124.0,0.9005,101.0,0.9006,123.0
1753592014426,04:53:34.426,bitget,AERO/USDT:USDT,0.9002,547.0,0.9001,124.0,0.9005,101.0,0.9006,123.0
1753592014576,04:53:34.576,bitget,AERO/USDT:USDT,0.9002,547.0,0.9001,124.0,0.9005,101.0,0.9006,123.0
1753592015026,04:53:35.026,bitget,AERO/USDT:USDT,0.9002,547.0,0.9001,124.0,0.9005,101.0,0.9006,123.0
1753592015177,04:53:35.177,bitget,AERO/USDT:USDT,0.9002,547.0,0.9001,124.0,0.9005,101.0,0.9006,123.0
1753592015477,04:53:35.477,bitget,AERO/USDT:USDT,0.9002,547.0,0.9001,124.0,0.9005,101.0,0.9006,123.0
1753592016077,04:53:36.077,bitget,AERO/USDT:USDT,0.9003,84.0,0.9002,547.0,0.9005,101.0,0.9006,555.0
1753592016227,04:53:36.227,bitget,AERO/USDT:USDT,0.9003,84.0,0.9002,547.0,0.9005,101.0,0.9006,555.0
1753592016377,04:53:36.377,bitget,AERO/USDT:USDT,0.9003,84.0,0.9002,547.0,0.9005,101.0,0.9006,555.0
1753592016527,04:53:36.527,bitget,AERO/USDT:USDT,0.9003,84.0,0.9002,547.0,0.9005,101.0,0.9006,555.0
1753592016677,04:53:36.677,bitget,AERO/USDT:USDT,0.9003,84.0,0.9002,547.0,0.9005,101.0,0.9006,555.0
1753592016827,04:53:36.827,bitget,AERO/USDT:USDT,0.9003,84.0,0.9002,547.0,0.9005,101.0,0.9006,555.0
1753592017278,04:53:37.278,bitget,AERO/USDT:USDT,0.9003,84.0,0.9002,547.0,0.9005,101.0,0.9006,555.0
1753592017428,04:53:37.428,bitget,AERO/USDT:USDT,0.9003,84.0,0.9002,547.0,0.9005,101.0,0.9006,555.0
1753592017578,04:53:37.578,bitget,AERO/USDT:USDT,0.9003,84.0,0.9002,547.0,0.9005,101.0,0.9006,555.0
1753592017728,04:53:37.728,bitget,AERO/USDT:USDT,0.9003,84.0,0.9002,547.0,0.9005,101.0,0.9006,555.0
1753592017878,04:53:37.878,bitget,AERO/USDT:USDT,0.9003,84.0,0.9002,547.0,0.9005,101.0,0.9006,555.0
1753592018178,04:53:38.178,bitget,AERO/USDT:USDT,0.9002,547.0,0.9001,124.0,0.9005,101.0,0.9006,555.0
1753592018328,04:53:38.328,bitget,AERO/USDT:USDT,0.9002,547.0,0.9001,124.0,0.9005,101.0,0.9006,555.0
1753592018478,04:53:38.478,bitget,AERO/USDT:USDT,0.9002,547.0,0.9001,124.0,0.9005,101.0,0.9006,555.0
1753592018629,04:53:38.629,bitget,AERO/USDT:USDT,0.9002,547.0,0.9001,124.0,0.9005,101.0,0.9006,555.0
1753592018779,04:53:38.779,bitget,AERO/USDT:USDT,0.9002,547.0,0.9001,124.0,0.9005,101.0,0.9006,555.0
1753592018929,04:53:38.929,bitget,AERO/USDT:USDT,0.9003,84.0,0.9002,547.0,0.9005,101.0,0.9006,555.0
1753592019679,04:53:39.679,bitget,AERO/USDT:USDT,0.9003,39.0,0.9002,586.0,0.9006,555.0,0.9007,84.0
1753592019980,04:53:39.980,bitget,AERO/USDT:USDT,0.9003,39.0,0.9002,586.0,0.9006,555.0,0.9007,84.0
1753592020280,04:53:40.280,bitget,AERO/USDT:USDT,0.9003,39.0,0.9002,586.0,0.9006,555.0,0.9007,84.0
1753592020730,04:53:40.730,bitget,AERO/USDT:USDT,0.9004,101.0,0.9003,585.0,0.9007,84.0,0.9009,4804.0
1753592020880,04:53:40.880,bitget,AERO/USDT:USDT,0.9004,101.0,0.9003,585.0,0.9007,84.0,0.9009,4804.0
1753592021180,04:53:41.180,bitget,AERO/USDT:USDT,0.9004,101.0,0.9003,585.0,0.9007,84.0,0.9009,4804.0
1753592021480,04:53:41.480,bitget,AERO/USDT:USDT,0.9004,101.0,0.9003,585.0,0.9007,84.0,0.9009,4804.0
1753592022081,04:53:42.081,bitget,AERO/USDT:USDT,0.9004,185.0,0.9003,585.0,0.9007,84.0,0.9009,4804.0
1753592022381,04:53:42.381,bitget,AERO/USDT:USDT,0.9004,185.0,0.9003,585.0,0.9007,84.0,0.9009,4804.0
1753592022681,04:53:42.681,bitget,AERO/USDT:USDT,0.9004,185.0,0.9003,585.0,0.9007,84.0,0.9009,4804.0
1753592022831,04:53:42.831,bitget,AERO/USDT:USDT,0.9004,185.0,0.9003,585.0,0.9007,84.0,0.9009,4804.0
1753592022981,04:53:42.981,bitget,AERO/USDT:USDT,0.9004,185.0,0.9003,585.0,0.9007,84.0,0.9009,4804.0
1753592023131,04:53:43.131,bitget,AERO/USDT:USDT,0.9004,185.0,0.9003,585.0,0.9007,84.0,0.9009,4804.0
1753592023282,04:53:43.282,bitget,AERO/USDT:USDT,0.9004,185.0,0.9003,585.0,0.9007,84.0,0.9009,4804.0
1753592023432,04:53:43.432,bitget,AERO/USDT:USDT,0.9004,185.0,0.9003,585.0,0.9008,185.0,0.9009,4804.0
1753592023582,04:53:43.582,bitget,AERO/USDT:USDT,0.9004,185.0,0.9003,585.0,0.9008,185.0,0.9009,4804.0
1753592023732,04:53:43.732,bitget,AERO/USDT:USDT,0.9004,185.0,0.9003,585.0,0.9008,185.0,0.9009,4804.0
1753592023882,04:53:43.882,bitget,AERO/USDT:USDT,0.9004,185.0,0.9003,585.0,0.9008,185.0,0.9009,4804.0
1753592024032,04:53:44.032,bitget,AERO/USDT:USDT,0.9004,185.0,0.9003,585.0,0.9008,185.0,0.9009,4804.0
1753592024182,04:53:44.182,bitget,AERO/USDT:USDT,0.9004,185.0,0.9003,585.0,0.9007,84.0,0.9008,185.0
1753592024332,04:53:44.332,bitget,AERO/USDT:USDT,0.9004,185.0,0.9003,585.0,0.9007,84.0,0.9008,185.0
1753592024632,04:53:44.632,bitget,AERO/USDT:USDT,0.9004,185.0,0.9003,585.0,0.9007,84.0,0.9008,185.0
1753592024782,04:53:44.782,bitget,AERO/USDT:USDT,0.9004,185.0,0.9003,585.0,0.9007,84.0,0.9008,185.0
1753592024933,04:53:44.933,bitget,AERO/USDT:USDT,0.9004,185.0,0.9003,585.0,0.9007,84.0,0.9008,185.0
1753592025083,04:53:45.083,bitget,AERO/USDT:USDT,0.9004,185.0,0.9003,585.0,0.9007,84.0,0.9008,185.0
1753592025233,04:53:45.233,bitget,AERO/USDT:USDT,0.9004,185.0,0.9003,585.0,0.9007,84.0,0.9008,185.0
1753592025383,04:53:45.383,bitget,AERO/USDT:USDT,0.9004,185.0,0.9003,585.0,0.9007,84.0,0.9008,185.0
1753592025983,04:53:45.983,bitget,AERO/USDT:USDT,0.9004,185.0,0.9003,585.0,0.9007,84.0,0.9008,185.0
1753592026434,04:53:46.434,bitget,AERO/USDT:USDT,0.9004,185.0,0.9003,585.0,0.9007,84.0,0.9008,185.0
1753592026734,04:53:46.734,bitget,AERO/USDT:USDT,0.9004,185.0,0.9003,585.0,0.9007,84.0,0.9008,185.0
1753592026884,04:53:46.884,bitget,AERO/USDT:USDT,0.9004,185.0,0.9003,585.0,0.9007,84.0,0.9008,185.0
1753592027034,04:53:47.034,bitget,AERO/USDT:USDT,0.9004,185.0,0.9003,585.0,0.9007,84.0,0.9008,185.0
1753592027184,04:53:47.184,bitget,AERO/USDT:USDT,0.9004,185.0,0.9003,585.0,0.9007,84.0,0.9008,185.0
1753592027484,04:53:47.484,bitget,AERO/USDT:USDT,0.9004,185.0,0.9003,585.0,0.9007,84.0,0.9008,185.0
1753592028085,04:53:48.085,bitget,AERO/USDT:USDT,0.9004,185.0,0.9003,585.0,0.9007,84.0,0.9008,185.0
1753592028685,04:53:48.685,bitget,AERO/USDT:USDT,0.9006,101.0,0.9005,39.0,0.9008,740.0,0.9009,84.0
1753592028985,04:53:48.985,bitget,AERO/USDT:USDT,0.9006,101.0,0.9005,39.0,0.9008,740.0,0.9009,84.0
1753592029135,04:53:49.135,bitget,AERO/USDT:USDT,0.9006,101.0,0.9005,39.0,0.9008,740.0,0.9009,84.0
1753592029285,04:53:49.285,bitget,AERO/USDT:USDT,0.9006,101.0,0.9005,39.0,0.9008,740.0,0.9009,84.0
1753592029585,04:53:49.585,bitget,AERO/USDT:USDT,0.9006,101.0,0.9005,39.0,0.9008,740.0,0.9009,84.0
1753592029735,04:53:49.735,bitget,AERO/USDT:USDT,0.9006,101.0,0.9005,39.0,0.9008,740.0,0.9009,84.0
1753592029886,04:53:49.886,bitget,AERO/USDT:USDT,0.9006,101.0,0.9005,39.0,0.9008,740.0,0.901,84.0
1753592030036,04:53:50.036,bitget,AERO/USDT:USDT,0.9006,101.0,0.9005,39.0,0.9008,740.0,0.901,84.0
1753592030186,04:53:50.186,bitget,AERO/USDT:USDT,0.9006,101.0,0.9005,39.0,0.9008,740.0,0.901,84.0
1753592030336,04:53:50.336,bitget,AERO/USDT:USDT,0.9006,101.0,0.9005,39.0,0.9008,740.0,0.901,84.0
1753592030486,04:53:50.486,bitget,AERO/USDT:USDT,0.9006,101.0,0.9005,39.0,0.9008,740.0,0.901,84.0
1753592031387,04:53:51.387,bitget,AERO/USDT:USDT,0.9006,101.0,0.9005,39.0,0.9008,740.0,0.901,84.0
1753592031537,04:53:51.537,bitget,AERO/USDT:USDT,0.9006,101.0,0.9005,39.0,0.9008,740.0,0.901,84.0
1753592031687,04:53:51.687,bitget,AERO/USDT:USDT,0.9006,101.0,0.9005,39.0,0.9008,740.0,0.901,84.0
1753592031837,04:53:51.837,bitget,AERO/USDT:USDT,0.9006,101.0,0.9005,39.0,0.9008,740.0,0.901,84.0
1753592032137,04:53:52.137,bitget,AERO/USDT:USDT,0.9006,101.0,0.9005,39.0,0.9008,740.0,0.901,84.0
1753592032287,04:53:52.287,bitget,AERO/USDT:USDT,0.9006,101.0,0.9005,39.0,0.9008,656.0,0.901,84.0
1753592032437,04:53:52.437,bitget,AERO/USDT:USDT,0.9006,101.0,0.9005,39.0,0.9008,656.0,0.901,84.0
1753592032587,04:53:52.587,bitget,AERO/USDT:USDT,0.9006,101.0,0.9005,39.0,0.9008,656.0,0.901,84.0
1753592032737,04:53:52.737,bitget,AERO/USDT:USDT,0.9006,101.0,0.9005,39.0,0.9008,656.0,0.901,84.0
1753592032888,04:53:52.888,bitget,AERO/USDT:USDT,0.9006,101.0,0.9005,39.0,0.9008,656.0,0.901,84.0
1753592033038,04:53:53.038,bitget,AERO/USDT:USDT,0.9006,101.0,0.9005,39.0,0.9008,656.0,0.901,84.0
1753592033338,04:53:53.338,bitget,AERO/USDT:USDT,0.9006,101.0,0.9005,39.0,0.9008,656.0,0.901,84.0
1753592033488,04:53:53.488,bitget,AERO/USDT:USDT,0.9006,101.0,0.9005,39.0,0.9008,101.0,0.901,84.0
1753592033638,04:53:53.638,bitget,AERO/USDT:USDT,0.9006,101.0,0.9005,39.0,0.9008,101.0,0.901,84.0
1753592033788,04:53:53.788,bitget,AERO/USDT:USDT,0.9006,101.0,0.9005,39.0,0.9008,101.0,0.901,84.0
1753592034238,04:53:54.238,bitget,AERO/USDT:USDT,0.9006,101.0,0.9005,39.0,0.9008,187.0,0.901,84.0
1753592034539,04:53:54.539,bitget,AERO/USDT:USDT,0.9006,101.0,0.9005,39.0,0.9008,187.0,0.901,84.0
1753592034839,04:53:54.839,bitget,AERO/USDT:USDT,0.9006,101.0,0.9005,39.0,0.9008,187.0,0.901,84.0
1753592034989,04:53:54.989,bitget,AERO/USDT:USDT,0.9006,101.0,0.9004,84.0,0.9008,742.0,0.901,84.0
1753592035139,04:53:55.139,bitget,AERO/USDT:USDT,0.9006,101.0,0.9004,84.0,0.9008,742.0,0.901,84.0
1753592035289,04:53:55.289,bitget,AERO/USDT:USDT,0.9006,101.0,0.9004,84.0,0.9008,742.0,0.901,84.0
1753592035589,04:53:55.589,bitget,AERO/USDT:USDT,0.9006,101.0,0.9003,84.0,0.9008,742.0,0.901,84.0
1753592035739,04:53:55.739,bitget,AERO/USDT:USDT,0.9006,101.0,0.9003,84.0,0.9008,742.0,0.901,84.0
1753592035889,04:53:55.889,bitget,AERO/USDT:USDT,0.9006,101.0,0.9003,84.0,0.9008,742.0,0.901,84.0
1753592036039,04:53:56.039,bitget,AERO/USDT:USDT,0.9006,101.0,0.9003,84.0,0.9008,742.0,0.901,84.0
1753592036490,04:53:56.490,bitget,AERO/USDT:USDT,0.9006,101.0,0.9003,84.0,0.9008,742.0,0.901,84.0
1753592036940,04:53:56.940,bitget,AERO/USDT:USDT,0.9006,101.0,0.9003,84.0,0.9008,742.0,0.901,84.0
1753592037090,04:53:57.090,bitget,AERO/USDT:USDT,0.9006,101.0,0.9003,84.0,0.9008,742.0,0.901,84.0
1753592037691,04:53:57.691,bitget,AERO/USDT:USDT,0.9006,189.0,0.9005,39.0,0.901,189.0,0.9011,87.0
1753592037841,04:53:57.841,bitget,AERO/USDT:USDT,0.9006,189.0,0.9005,39.0,0.901,189.0,0.9011,87.0
1753592037991,04:53:57.991,bitget,AERO/USDT:USDT,0.9006,189.0,0.9005,39.0,0.901,189.0,0.9011,87.0
1753592038291,04:53:58.291,bitget,AERO/USDT:USDT,0.9006,189.0,0.9005,39.0,0.901,189.0,0.9011,87.0
1753592038441,04:53:58.441,bitget,AERO/USDT:USDT,0.9006,189.0,0.9005,39.0,0.9009,88.0,0.901,189.0
1753592038591,04:53:58.591,bitget,AERO/USDT:USDT,0.9006,189.0,0.9005,39.0,0.9009,88.0,0.901,189.0
1753592038741,04:53:58.741,bitget,AERO/USDT:USDT,0.9006,189.0,0.9005,39.0,0.9009,88.0,0.901,189.0
1753592038891,04:53:58.891,bitget,AERO/USDT:USDT,0.9006,189.0,0.9005,39.0,0.9009,88.0,0.901,189.0
1753592039041,04:53:59.041,bitget,AERO/USDT:USDT,0.9006,189.0,0.9005,39.0,0.9009,88.0,0.901,189.0
1753592039642,04:53:59.642,bitget,AERO/USDT:USDT,0.9006,189.0,0.9005,39.0,0.9009,88.0,0.901,189.0
1753592039792,04:53:59.792,bitget,AERO/USDT:USDT,0.9006,189.0,0.9005,39.0,0.9009,88.0,0.901,189.0
1753592039942,04:53:59.942,bitget,AERO/USDT:USDT,0.9006,189.0,0.9005,39.0,0.9009,88.0,0.901,189.0
1753592040392,04:54:00.392,bitget,AERO/USDT:USDT,0.9006,189.0,0.9005,39.0,0.9009,88.0,0.901,189.0
1753592040542,04:54:00.542,bitget,AERO/USDT:USDT,0.9006,189.0,0.9005,39.0,0.9009,88.0,0.901,189.0
1753592040993,04:54:00.993,bitget,AERO/USDT:USDT,0.9006,189.0,0.9005,39.0,0.9009,88.0,0.901,189.0
1753592041143,04:54:01.143,bitget,AERO/USDT:USDT,0.9006,189.0,0.9005,39.0,0.9009,88.0,0.901,189.0
1753592041293,04:54:01.293,bitget,AERO/USDT:USDT,0.9006,189.0,0.9005,39.0,0.9009,88.0,0.901,189.0
1753592041443,04:54:01.443,bitget,AERO/USDT:USDT,0.9006,189.0,0.9005,39.0,0.9009,88.0,0.901,189.0
1753592041593,04:54:01.593,bitget,AERO/USDT:USDT,0.9006,189.0,0.9005,39.0,0.9009,88.0,0.901,189.0
1753592041743,04:54:01.743,bitget,AERO/USDT:USDT,0.9006,189.0,0.9005,39.0,0.9009,88.0,0.901,189.0
1753592042494,04:54:02.494,bitget,AERO/USDT:USDT,0.9006,189.0,0.9005,39.0,0.9009,88.0,0.901,189.0
1753592042644,04:54:02.644,bitget,AERO/USDT:USDT,0.9006,189.0,0.9005,39.0,0.9009,88.0,0.901,189.0
1753592042944,04:54:02.944,bitget,AERO/USDT:USDT,0.9006,189.0,0.9005,39.0,0.9009,88.0,0.901,189.0
1753592043094,04:54:03.094,bitget,AERO/USDT:USDT,0.9006,189.0,0.9005,39.0,0.9009,88.0,0.901,189.0
1753592043244,04:54:03.244,bitget,AERO/USDT:USDT,0.9006,189.0,0.9005,501.0,0.9009,88.0,0.901,189.0
1753592043394,04:54:03.394,bitget,AERO/USDT:USDT,0.9006,189.0,0.9005,501.0,0.9009,88.0,0.901,189.0
1753592043544,04:54:03.544,bitget,AERO/USDT:USDT,0.9006,189.0,0.9005,501.0,0.9009,88.0,0.901,189.0
1753592043694,04:54:03.694,bitget,AERO/USDT:USDT,0.9006,189.0,0.9005,501.0,0.9009,88.0,0.901,189.0
1753592043995,04:54:03.995,bitget,AERO/USDT:USDT,0.9006,189.0,0.9005,501.0,0.9009,88.0,0.901,189.0
1753592044145,04:54:04.145,bitget,AERO/USDT:USDT,0.9006,189.0,0.9005,501.0,0.9009,88.0,0.901,189.0
1753592044295,04:54:04.295,bitget,AERO/USDT:USDT,0.9006,189.0,0.9005,501.0,0.9009,88.0,0.901,189.0
1753592044595,04:54:04.595,bitget,AERO/USDT:USDT,0.9006,189.0,0.9005,501.0,0.9009,333.0,0.901,189.0
1753592044745,04:54:04.745,bitget,AERO/USDT:USDT,0.9006,101.0,0.9005,501.0,0.9009,333.0,0.901,189.0
1753592045045,04:54:05.045,bitget,AERO/USDT:USDT,0.9006,101.0,0.9005,501.0,0.9009,333.0,0.901,189.0
1753592045345,04:54:05.345,bitget,AERO/USDT:USDT,0.9006,101.0,0.9005,501.0,0.9009,333.0,0.901,189.0
1753592045946,04:54:05.946,bitget,AERO/USDT:USDT,0.9006,101.0,0.9005,501.0,0.9009,333.0,0.901,189.0
1753592046096,04:54:06.096,bitget,AERO/USDT:USDT,0.9006,101.0,0.9005,501.0,0.9009,333.0,0.901,189.0
1753592046396,04:54:06.396,bitget,AERO/USDT:USDT,0.9006,101.0,0.9005,501.0,0.9009,333.0,0.901,189.0
1753592046696,04:54:06.696,bitget,AERO/USDT:USDT,0.9006,101.0,0.9005,501.0,0.9008,88.0,0.9009,333.0
1753592046847,04:54:06.847,bitget,AERO/USDT:USDT,0.9006,101.0,0.9005,501.0,0.9008,88.0,0.9009,333.0
1753592046997,04:54:06.997,bitget,AERO/USDT:USDT,0.9006,101.0,0.9005,501.0,0.9008,88.0,0.9009,333.0
1753592047146,04:54:07.146,bitget,AERO/USDT:USDT,0.9006,101.0,0.9005,501.0,0.9008,88.0,0.9009,333.0
1753592047297,04:54:07.297,bitget,AERO/USDT:USDT,0.9006,101.0,0.9005,501.0,0.9008,88.0,0.9009,333.0
1753592047597,04:54:07.597,bitget,AERO/USDT:USDT,0.9006,101.0,0.9005,501.0,0.9008,88.0,0.9009,333.0
1753592047897,04:54:07.897,bitget,AERO/USDT:USDT,0.9006,101.0,0.9005,501.0,0.9008,88.0,0.9009,333.0
1753592048047,04:54:08.047,bitget,AERO/USDT:USDT,0.9006,101.0,0.9005,501.0,0.9008,88.0,0.9009,333.0
1753592048347,04:54:08.347,bitget,AERO/USDT:USDT,0.9006,101.0,0.9005,501.0,0.9008,88.0,0.9009,333.0
1753592048648,04:54:08.648,bitget,AERO/USDT:USDT,0.9006,101.0,0.9005,501.0,0.9008,88.0,0.9009,333.0
1753592048798,04:54:08.798,bitget,AERO/USDT:USDT,0.9006,101.0,0.9005,501.0,0.9008,88.0,0.9009,333.0
1753592048948,04:54:08.948,bitget,AERO/USDT:USDT,0.9006,101.0,0.9005,501.0,0.9008,88.0,0.9009,333.0
1753592049248,04:54:09.248,bitget,AERO/USDT:USDT,0.9006,101.0,0.9005,501.0,0.9008,88.0,0.9009,333.0
1753592049698,04:54:09.698,bitget,AERO/USDT:USDT,0.9006,101.0,0.9005,501.0,0.9008,88.0,0.9009,333.0
1753592049999,04:54:09.999,bitget,AERO/USDT:USDT,0.9006,101.0,0.9005,501.0,0.9008,88.0,0.9009,333.0
1753592050149,04:54:10.149,bitget,AERO/USDT:USDT,0.9006,189.0,0.9005,501.0,0.9009,333.0,0.901,189.0
1753592050299,04:54:10.299,bitget,AERO/USDT:USDT,0.9007,88.0,0.9006,651.0,0.901,88.0,0.9011,87.0
1753592050749,04:54:10.749,bitget,AERO/USDT:USDT,0.9008,189.0,0.9007,127.0,0.9012,299.0,0.9013,4718.0
1753592050899,04:54:10.899,bitget,AERO/USDT:USDT,0.9009,88.0,0.9008,189.0,0.9013,101.0,0.9014,639.0
1753592051199,04:54:11.199,bitget,AERO/USDT:USDT,0.9008,189.0,0.9007,127.0,0.9011,101.0,0.9012,88.0
1753592051650,04:54:11.650,bitget,AERO/USDT:USDT,0.9008,101.0,0.9007,127.0,0.901,88.0,0.9011,189.0
1753592051800,04:54:11.800,bitget,AERO/USDT:USDT,0.9008,101.0,0.9007,127.0,0.901,88.0,0.9011,189.0
1753592052100,04:54:12.100,bitget,AERO/USDT:USDT,0.9008,101.0,0.9007,127.0,0.901,88.0,0.9011,189.0
1753592052250,04:54:12.250,bitget,AERO/USDT:USDT,0.9008,101.0,0.9007,127.0,0.901,88.0,0.9011,189.0
1753592052400,04:54:12.400,bitget,AERO/USDT:USDT,0.9008,101.0,0.9007,127.0,0.901,88.0,0.9011,189.0
1753592052550,04:54:12.550,bitget,AERO/USDT:USDT,0.9008,101.0,0.9007,127.0,0.901,88.0,0.9011,189.0
1753592052700,04:54:12.700,bitget,AERO/USDT:USDT,0.9008,101.0,0.9007,127.0,0.901,88.0,0.9011,189.0
1753592052850,04:54:12.850,bitget,AERO/USDT:USDT,0.9008,101.0,0.9007,127.0,0.901,88.0,0.9011,189.0
1753592053000,04:54:13.000,bitget,AERO/USDT:USDT,0.9008,101.0,0.9007,127.0,0.9011,189.0,0.9012,643.0
1753592053151,04:54:13.151,bitget,AERO/USDT:USDT,0.9008,101.0,0.9007,127.0,0.9011,189.0,0.9012,643.0
1753592053301,04:54:13.301,bitget,AERO/USDT:USDT,0.9008,101.0,0.9007,127.0,0.9011,189.0,0.9012,643.0
1753592053451,04:54:13.451,bitget,AERO/USDT:USDT,0.9008,101.0,0.9007,127.0,0.9011,189.0,0.9012,643.0
1753592053901,04:54:13.901,bitget,AERO/USDT:USDT,0.9008,189.0,0.9007,127.0,0.9011,189.0,0.9012,643.0
1753592054351,04:54:14.351,bitget,AERO/USDT:USDT,0.9008,189.0,0.9007,127.0,0.9011,189.0,0.9012,643.0
1753592054802,04:54:14.802,bitget,AERO/USDT:USDT,0.9008,189.0,0.9007,127.0,0.9011,189.0,0.9012,643.0
1753592054952,04:54:14.952,bitget,AERO/USDT:USDT,0.9008,189.0,0.9007,127.0,0.9011,189.0,0.9012,643.0
1753592055102,04:54:15.102,bitget,AERO/USDT:USDT,0.9008,189.0,0.9007,127.0,0.9011,189.0,0.9012,643.0
1753592055252,04:54:15.252,bitget,AERO/USDT:USDT,0.9008,189.0,0.9007,127.0,0.9011,189.0,0.9012,643.0
1753592055402,04:54:15.402,bitget,AERO/USDT:USDT,0.9008,189.0,0.9007,127.0,0.9011,189.0,0.9012,643.0
1753592055552,04:54:15.552,bitget,AERO/USDT:USDT,0.9008,189.0,0.9007,127.0,0.9011,189.0,0.9012,643.0
1753592055702,04:54:15.702,bitget,AERO/USDT:USDT,0.9008,189.0,0.9007,127.0,0.9011,189.0,0.9012,643.0
1753592055852,04:54:15.852,bitget,AERO/USDT:USDT,0.9008,189.0,0.9007,127.0,0.9011,189.0,0.9012,643.0
1753592056002,04:54:16.002,bitget,AERO/USDT:USDT,0.9008,101.0,0.9007,127.0,0.9011,189.0,0.9012,643.0
1753592056153,04:54:16.153,bitget,AERO/USDT:USDT,0.9008,101.0,0.9007,127.0,0.9011,189.0,0.9012,643.0
1753592056453,04:54:16.453,bitget,AERO/USDT:USDT,0.9008,101.0,0.9007,127.0,0.9011,189.0,0.9012,643.0
1753592056603,04:54:16.603,bitget,AERO/USDT:USDT,0.9008,101.0,0.9007,127.0,0.9011,189.0,0.9012,643.0
1753592056753,04:54:16.753,bitget,AERO/USDT:USDT,0.9008,101.0,0.9007,127.0,0.9011,189.0,0.9012,643.0
1753592056903,04:54:16.903,bitget,AERO/USDT:USDT,0.9008,101.0,0.9007,127.0,0.9011,189.0,0.9012,643.0
1753592057053,04:54:17.053,bitget,AERO/USDT:USDT,0.9008,186.0,0.9007,127.0,0.9011,189.0,0.9012,643.0
1753592057203,04:54:17.203,bitget,AERO/USDT:USDT,0.9009,85.0,0.9008,186.0,0.9015,88.0,0.9016,2100.0
1753592057353,04:54:17.353,bitget,AERO/USDT:USDT,0.9009,85.0,0.9008,186.0,0.9014,101.0,0.9015,88.0
1753592057503,04:54:17.503,bitget,AERO/USDT:USDT,0.9009,85.0,0.9008,186.0,0.9013,85.0,0.9014,101.0
1753592057804,04:54:17.804,bitget,AERO/USDT:USDT,0.9009,85.0,0.9008,186.0,0.9013,85.0,0.9014,101.0
1753592057954,04:54:17.954,bitget,AERO/USDT:USDT,0.9009,85.0,0.9008,186.0,0.9013,85.0,0.9014,101.0
1753592058104,04:54:18.104,bitget,AERO/USDT:USDT,0.9009,85.0,0.9008,186.0,0.9013,85.0,0.9014,101.0
1753592058254,04:54:18.254,bitget,AERO/USDT:USDT,0.9009,85.0,0.9008,186.0,0.9013,85.0,0.9014,101.0
1753592058404,04:54:18.404,bitget,AERO/USDT:USDT,0.9009,85.0,0.9008,186.0,0.9013,85.0,0.9014,101.0
1753592058554,04:54:18.554,bitget,AERO/USDT:USDT,0.9009,85.0,0.9008,186.0,0.9013,85.0,0.9014,101.0
1753592058704,04:54:18.704,bitget,AERO/USDT:USDT,0.9009,85.0,0.9008,186.0,0.9013,85.0,0.9014,101.0
1753592058854,04:54:18.854,bitget,AERO/USDT:USDT,0.9009,85.0,0.9008,186.0,0.9013,85.0,0.9014,101.0
1753592059154,04:54:19.154,bitget,AERO/USDT:USDT,0.9009,85.0,0.9008,186.0,0.9013,85.0,0.9014,101.0
1753592059455,04:54:19.455,bitget,AERO/USDT:USDT,0.9009,85.0,0.9008,186.0,0.9012,101.0,0.9013,85.0
1753592059605,04:54:19.605,bitget,AERO/USDT:USDT,0.9008,186.0,0.9007,589.0,0.9012,186.0,0.9013,85.0
1753592059905,04:54:19.905,bitget,AERO/USDT:USDT,0.9008,186.0,0.9007,589.0,0.9012,186.0,0.9013,85.0
1753592060055,04:54:20.055,bitget,AERO/USDT:USDT,0.9008,186.0,0.9007,589.0,0.9012,186.0,0.9013,85.0
1753592060205,04:54:20.205,bitget,AERO/USDT:USDT,0.9008,186.0,0.9007,589.0,0.9012,186.0,0.9013,85.0
1753592060355,04:54:20.355,bitget,AERO/USDT:USDT,0.9008,186.0,0.9007,589.0,0.9012,186.0,0.9013,85.0
1753592060505,04:54:20.505,bitget,AERO/USDT:USDT,0.9008,186.0,0.9007,589.0,0.9012,186.0,0.9015,88.0
1753592060655,04:54:20.655,bitget,AERO/USDT:USDT,0.9008,186.0,0.9007,589.0,0.9012,186.0,0.9015,88.0
1753592060805,04:54:20.805,bitget,AERO/USDT:USDT,0.9008,186.0,0.9007,589.0,0.9012,186.0,0.9015,88.0
1753592060956,04:54:20.956,bitget,AERO/USDT:USDT,0.9008,186.0,0.9007,589.0,0.9012,186.0,0.9015,88.0
1753592061106,04:54:21.106,bitget,AERO/USDT:USDT,0.9008,186.0,0.9007,589.0,0.9012,186.0,0.9015,88.0
1753592061256,04:54:21.256,bitget,AERO/USDT:USDT,0.9008,186.0,0.9007,589.0,0.9012,186.0,0.9015,88.0
1753592061406,04:54:21.406,bitget,AERO/USDT:USDT,0.9008,186.0,0.9007,589.0,0.9012,186.0,0.9015,88.0
1753592061556,04:54:21.556,bitget,AERO/USDT:USDT,0.9008,186.0,0.9007,589.0,0.9012,186.0,0.9015,88.0
1753592061706,04:54:21.706,bitget,AERO/USDT:USDT,0.9008,186.0,0.9007,589.0,0.9012,186.0,0.9015,88.0
1753592062156,04:54:22.156,bitget,AERO/USDT:USDT,0.9009,85.0,0.9008,186.0,0.9012,186.0,0.9015,1001.0
1753592062307,04:54:22.307,bitget,AERO/USDT:USDT,0.9009,85.0,0.9008,186.0,0.9012,186.0,0.9015,1001.0
1753592062457,04:54:22.457,bitget,AERO/USDT:USDT,0.9009,85.0,0.9008,186.0,0.9012,186.0,0.9015,1001.0
1753592062757,04:54:22.757,bitget,AERO/USDT:USDT,0.9008,186.0,0.9007,589.0,0.9011,85.0,0.9012,186.0
1753592062907,04:54:22.907,bitget,AERO/USDT:USDT,0.9008,186.0,0.9007,589.0,0.9011,85.0,0.9012,741.0
1753592063057,04:54:23.057,bitget,AERO/USDT:USDT,0.9008,101.0,0.9007,589.0,0.9011,85.0,0.9012,741.0
1753592063207,04:54:23.207,bitget,AERO/USDT:USDT,0.9008,101.0,0.9007,589.0,0.9011,85.0,0.9012,741.0
1753592063357,04:54:23.357,bitget,AERO/USDT:USDT,0.9008,101.0,0.9007,589.0,0.9011,85.0,0.9012,741.0
1753592063807,04:54:23.807,bitget,AERO/USDT:USDT,0.9008,101.0,0.9007,589.0,0.9011,85.0,0.9012,741.0
1753592063957,04:54:23.957,bitget,AERO/USDT:USDT,0.9008,101.0,0.9007,589.0,0.9011,85.0,0.9012,741.0
1753592064108,04:54:24.108,bitget,AERO/USDT:USDT,0.9008,101.0,0.9007,589.0,0.9011,85.0,0.9012,741.0
1753592064258,04:54:24.258,bitget,AERO/USDT:USDT,0.9008,101.0,0.9007,589.0,0.9011,85.0,0.9012,741.0
1753592064408,04:54:24.408,bitget,AERO/USDT:USDT,0.9008,101.0,0.9007,589.0,0.9011,85.0,0.9012,741.0
1753592064708,04:54:24.708,bitget,AERO/USDT:USDT,0.9008,101.0,0.9007,589.0,0.9011,85.0,0.9012,741.0
1753592064858,04:54:24.858,bitget,AERO/USDT:USDT,0.9008,101.0,0.9007,589.0,0.9011,85.0,0.9012,741.0
1753592065158,04:54:25.158,bitget,AERO/USDT:USDT,0.9008,101.0,0.9007,589.0,0.9011,85.0,0.9012,741.0
1753592065308,04:54:25.308,bitget,AERO/USDT:USDT,0.9008,101.0,0.9007,589.0,0.9011,85.0,0.9012,741.0
1753592065458,04:54:25.458,bitget,AERO/USDT:USDT,0.9008,188.0,0.9007,589.0,0.9011,85.0,0.9012,741.0
1753592065608,04:54:25.608,bitget,AERO/USDT:USDT,0.9008,188.0,0.9007,589.0,0.9012,186.0,0.9015,1001.0
1753592065909,04:54:25.909,bitget,AERO/USDT:USDT,0.9008,188.0,0.9007,589.0,0.9012,186.0,0.9015,1001.0
1753592066059,04:54:26.059,bitget,AERO/USDT:USDT,0.9008,188.0,0.9007,589.0,0.9012,186.0,0.9015,1001.0
1753592066209,04:54:26.209,bitget,AERO/USDT:USDT,0.9008,188.0,0.9007,589.0,0.9012,186.0,0.9015,1001.0
1753592066359,04:54:26.359,bitget,AERO/USDT:USDT,0.9008,188.0,0.9007,589.0,0.9015,1001.0,0.9016,5903.0
1753592066509,04:54:26.509,bitget,AERO/USDT:USDT,0.9009,87.0,0.9008,650.0,0.9014,188.0,0.9015,88.0
1753592066809,04:54:26.809,bitget,AERO/USDT:USDT,0.901,140.0,0.9009,126.0,0.9013,87.0,0.9014,188.0
1753592066959,04:54:26.959,bitget,AERO/USDT:USDT,0.901,227.0,0.9009,126.0,0.9013,87.0,0.9014,188.0
1753592067109,04:54:27.109,bitget,AERO/USDT:USDT,0.901,227.0,0.9009,126.0,0.9013,87.0,0.9014,188.0
1753592067259,04:54:27.259,bitget,AERO/USDT:USDT,0.901,227.0,0.9009,126.0,0.9013,87.0,0.9014,188.0
1753592067410,04:54:27.410,bitget,AERO/USDT:USDT,0.901,227.0,0.9009,126.0,0.9013,87.0,0.9014,188.0
1753592067560,04:54:27.560,bitget,AERO/USDT:USDT,0.901,227.0,0.9009,126.0,0.9013,87.0,0.9014,188.0
1753592067710,04:54:27.710,bitget,AERO/USDT:USDT,0.901,227.0,0.9009,126.0,0.9013,87.0,0.9014,188.0
1753592067860,04:54:27.860,bitget,AERO/USDT:USDT,0.901,227.0,0.9009,126.0,0.9013,87.0,0.9014,188.0
1753592068010,04:54:28.010,bitget,AERO/USDT:USDT,0.901,140.0,0.9009,126.0,0.9013,87.0,0.9014,188.0
1753592068310,04:54:28.310,bitget,AERO/USDT:USDT,0.901,101.0,0.9009,87.0,0.9012,101.0,0.9013,642.0
1753592068460,04:54:28.460,bitget,AERO/USDT:USDT,0.901,101.0,0.9008,549.0,0.9012,188.0,0.9013,642.0
1753592068610,04:54:28.610,bitget,AERO/USDT:USDT,0.901,101.0,0.9008,588.0,0.9012,188.0,0.9013,642.0
1753592068760,04:54:28.760,bitget,AERO/USDT:USDT,0.901,101.0,0.9008,588.0,0.9012,188.0,0.9013,642.0
1753592068911,04:54:28.911,bitget,AERO/USDT:USDT,0.901,101.0,0.9008,588.0,0.9012,188.0,0.9013,642.0
1753592069061,04:54:29.061,bitget,AERO/USDT:USDT,0.901,101.0,0.9008,588.0,0.9012,188.0,0.9013,642.0
1753592069211,04:54:29.211,bitget,AERO/USDT:USDT,0.901,101.0,0.9008,588.0,0.9012,188.0,0.9013,642.0
1753592069361,04:54:29.361,bitget,AERO/USDT:USDT,0.901,101.0,0.9008,588.0,0.9013,498.0,0.9015,88.0
1753592069961,04:54:29.961,bitget,AERO/USDT:USDT,0.901,101.0,0.9008,588.0,0.9013,585.0,0.9015,88.0
1753592070261,04:54:30.261,bitget,AERO/USDT:USDT,0.9008,87.0,0.9006,550.0,0.9013,87.0,0.9014,38.0
1753592070561,04:54:30.561,bitget,AERO/USDT:USDT,0.9009,101.0,0.9007,87.0,0.9013,274.0,0.9014,125.0
1753592070712,04:54:30.712,bitget,AERO/USDT:USDT,0.9009,101.0,0.9007,87.0,0.9013,274.0,0.9014,125.0
1753592070862,04:54:30.862,bitget,AERO/USDT:USDT,0.9009,101.0,0.9008,39.0,0.9013,274.0,0.9014,125.0
1753592071012,04:54:31.012,bitget,AERO/USDT:USDT,0.9009,188.0,0.9008,39.0,0.9013,274.0,0.9014,125.0
1753592071312,04:54:31.312,bitget,AERO/USDT:USDT,0.9009,188.0,0.9008,39.0,0.9013,274.0,0.9014,125.0
1753592071462,04:54:31.462,bitget,AERO/USDT:USDT,0.9009,188.0,0.9008,39.0,0.9013,274.0,0.9014,125.0
1753592071612,04:54:31.612,bitget,AERO/USDT:USDT,0.9009,188.0,0.9008,39.0,0.9013,274.0,0.9014,125.0
1753592071912,04:54:31.912,bitget,AERO/USDT:USDT,0.9009,188.0,0.9008,39.0,0.9013,274.0,0.9014,125.0
1753592072062,04:54:32.062,bitget,AERO/USDT:USDT,0.9009,188.0,0.9008,39.0,0.9013,274.0,0.9014,125.0
1753592072212,04:54:32.212,bitget,AERO/USDT:USDT,0.9009,188.0,0.9008,39.0,0.9013,274.0,0.9014,125.0
1753592072363,04:54:32.363,bitget,AERO/USDT:USDT,0.9009,188.0,0.9008,39.0,0.9013,274.0,0.9014,125.0
1753592072513,04:54:32.513,bitget,AERO/USDT:USDT,0.9009,188.0,0.9008,39.0,0.9013,274.0,0.9014,125.0
1753592072663,04:54:32.663,bitget,AERO/USDT:USDT,0.9009,188.0,0.9008,39.0,0.9013,274.0,0.9014,125.0
1753592072813,04:54:32.813,bitget,AERO/USDT:USDT,0.9009,188.0,0.9008,39.0,0.9013,274.0,0.9014,125.0
1753592073113,04:54:33.113,bitget,AERO/USDT:USDT,0.9009,188.0,0.9008,39.0,0.9013,274.0,0.9014,125.0
1753592073263,04:54:33.263,bitget,AERO/USDT:USDT,0.9009,101.0,0.9008,39.0,0.9013,274.0,0.9014,125.0
1753592073413,04:54:33.413,bitget,AERO/USDT:USDT,0.9009,101.0,0.9008,39.0,0.9013,274.0,0.9014,125.0
1753592073563,04:54:33.563,bitget,AERO/USDT:USDT,0.9009,101.0,0.9008,39.0,0.9013,274.0,0.9014,125.0
1753592073713,04:54:33.713,bitget,AERO/USDT:USDT,0.9009,101.0,0.9008,39.0,0.9013,274.0,0.9014,125.0
1753592074014,04:54:34.014,bitget,AERO/USDT:USDT,0.9009,101.0,0.9008,39.0,0.9013,274.0,0.9014,125.0
1753592074164,04:54:34.164,bitget,AERO/USDT:USDT,0.9009,101.0,0.9008,39.0,0.9013,274.0,0.9014,125.0
1753592074314,04:54:34.314,bitget,AERO/USDT:USDT,0.9009,101.0,0.9008,39.0,0.9013,274.0,0.9014,125.0
1753592074614,04:54:34.614,bitget,AERO/USDT:USDT,0.9009,101.0,0.9007,87.0,0.9013,87.0,0.9014,125.0
1753592074764,04:54:34.764,bitget,AERO/USDT:USDT,0.9009,101.0,0.9007,87.0,0.9013,87.0,0.9014,125.0
1753592074914,04:54:34.914,bitget,AERO/USDT:USDT,0.9009,101.0,0.9007,87.0,0.9013,642.0,0.9014,125.0
1753592075064,04:54:35.064,bitget,AERO/USDT:USDT,0.9009,101.0,0.9007,87.0,0.9013,642.0,0.9014,125.0
1753592075365,04:54:35.365,bitget,AERO/USDT:USDT,0.9009,101.0,0.9007,87.0,0.9013,642.0,0.9014,125.0
1753592075515,04:54:35.515,bitget,AERO/USDT:USDT,0.9009,101.0,0.9007,87.0,0.9013,642.0,0.9014,125.0
1753592075965,04:54:35.965,bitget,AERO/USDT:USDT,0.9009,101.0,0.9007,87.0,0.9013,642.0,0.9014,125.0
1753592076115,04:54:36.115,bitget,AERO/USDT:USDT,0.9009,101.0,0.9007,87.0,0.9013,642.0,0.9014,125.0
1753592076265,04:54:36.265,bitget,AERO/USDT:USDT,0.9009,101.0,0.9007,87.0,0.9013,642.0,0.9014,125.0
1753592076415,04:54:36.415,bitget,AERO/USDT:USDT,0.9009,101.0,0.9007,87.0,0.9013,642.0,0.9014,125.0
1753592076565,04:54:36.565,bitget,AERO/USDT:USDT,0.9009,101.0,0.9007,87.0,0.9013,87.0,0.9014,125.0
1753592076715,04:54:36.715,bitget,AERO/USDT:USDT,0.9006,550.0,0.9005,1099.0,0.9013,274.0,0.9014,125.0
1753592077016,04:54:37.016,bitget,AERO/USDT:USDT,0.9007,101.0,0.9006,88.0,0.9013,1231.0,0.9014,125.0
1753592077166,04:54:37.166,bitget,AERO/USDT:USDT,0.9007,101.0,0.9006,88.0,0.9013,1231.0,0.9014,125.0
1753592077466,04:54:37.466,bitget,AERO/USDT:USDT,0.9007,101.0,0.9006,88.0,0.9013,1231.0,0.9014,125.0
1753592077616,04:54:37.616,bitget,AERO/USDT:USDT,0.9007,101.0,0.9006,88.0,0.9013,1231.0,0.9014,125.0
1753592077766,04:54:37.766,bitget,AERO/USDT:USDT,0.9007,101.0,0.9006,88.0,0.9013,1231.0,0.9014,125.0
1753592077916,04:54:37.916,bitget,AERO/USDT:USDT,0.9007,101.0,0.9006,88.0,0.9013,1231.0,0.9014,125.0
1753592078066,04:54:38.066,bitget,AERO/USDT:USDT,0.9007,101.0,0.9006,88.0,0.9013,1231.0,0.9014,125.0
1753592078216,04:54:38.216,bitget,AERO/USDT:USDT,0.9007,101.0,0.9006,88.0,0.9013,1231.0,0.9014,125.0
1753592078367,04:54:38.367,bitget,AERO/USDT:USDT,0.9007,101.0,0.9006,88.0,0.9013,1231.0,0.9014,125.0
1753592078517,04:54:38.517,bitget,AERO/USDT:USDT,0.9007,101.0,0.9006,88.0,0.9013,1231.0,0.9014,125.0
1753592078667,04:54:38.667,bitget,AERO/USDT:USDT,0.9007,101.0,0.9006,88.0,0.9013,1231.0,0.9014,125.0
1753592078967,04:54:38.967,bitget,AERO/USDT:USDT,0.9007,101.0,0.9006,88.0,0.9013,1231.0,0.9014,125.0
1753592079117,04:54:39.117,bitget,AERO/USDT:USDT,0.9007,101.0,0.9006,88.0,0.9013,1231.0,0.9014,125.0
1753592079267,04:54:39.267,bitget,AERO/USDT:USDT,0.9007,101.0,0.9006,88.0,0.9013,1231.0,0.9014,125.0
1753592079417,04:54:39.417,bitget,AERO/USDT:USDT,0.9007,101.0,0.9006,88.0,0.9013,1231.0,0.9014,125.0
1753592079567,04:54:39.567,bitget,AERO/USDT:USDT,0.9007,101.0,0.9006,88.0,0.9013,1231.0,0.9014,125.0
1753592079717,04:54:39.717,bitget,AERO/USDT:USDT,0.9007,101.0,0.9006,88.0,0.9013,1231.0,0.9014,125.0
1753592079867,04:54:39.867,bitget,AERO/USDT:USDT,0.9007,101.0,0.9006,88.0,0.9013,1231.0,0.9014,125.0
1753592080167,04:54:40.167,bitget,AERO/USDT:USDT,0.9007,101.0,0.9006,88.0,0.9013,1231.0,0.9014,125.0
1753592080468,04:54:40.468,bitget,AERO/USDT:USDT,0.9007,101.0,0.9006,88.0,0.9013,1231.0,0.9014,125.0
1753592080618,04:54:40.618,bitget,AERO/USDT:USDT,0.9007,101.0,0.9005,462.0,0.9013,1231.0,0.9014,125.0
1753592080768,04:54:40.768,bitget,AERO/USDT:USDT,0.9007,101.0,0.9005,462.0,0.9013,1231.0,0.9014,125.0
1753592080918,04:54:40.918,bitget,AERO/USDT:USDT,0.9007,101.0,0.9005,462.0,0.9013,1231.0,0.9014,125.0
1753592081218,04:54:41.218,bitget,AERO/USDT:USDT,0.9007,101.0,0.9005,462.0,0.9013,1231.0,0.9014,125.0
1753592081368,04:54:41.368,bitget,AERO/USDT:USDT,0.9007,101.0,0.9005,462.0,0.9013,1231.0,0.9014,125.0
1753592081518,04:54:41.518,bitget,AERO/USDT:USDT,0.9007,101.0,0.9005,462.0,0.9013,1231.0,0.9014,125.0
1753592081669,04:54:41.669,bitget,AERO/USDT:USDT,0.9007,101.0,0.9005,462.0,0.9013,1231.0,0.9014,125.0
1753592081819,04:54:41.819,bitget,AERO/USDT:USDT,0.9007,101.0,0.9005,462.0,0.9013,1231.0,0.9014,125.0
1753592081969,04:54:41.969,bitget,AERO/USDT:USDT,0.9007,101.0,0.9004,462.0,0.9013,1231.0,0.9014,495.0
1753592082119,04:54:42.119,bitget,AERO/USDT:USDT,0.9004,462.0,0.9003,84.0,0.9013,1231.0,0.9014,598.0
1753592082269,04:54:42.269,bitget,AERO/USDT:USDT,0.9005,101.0,0.9004,462.0,0.9012,100.0,0.9013,1331.0
1753592082569,04:54:42.569,bitget,AERO/USDT:USDT,0.9005,101.0,0.9003,546.0,0.9012,682.0,0.9013,297.0
1753592082719,04:54:42.719,bitget,AERO/USDT:USDT,0.9005,101.0,0.9003,546.0,0.9012,1672.0,0.9013,401.0
1753592082869,04:54:42.869,bitget,AERO/USDT:USDT,0.9005,101.0,0.9003,546.0,0.9011,1137.0,0.9012,1672.0
1753592083169,04:54:43.169,bitget,AERO/USDT:USDT,0.9005,101.0,0.9003,546.0,0.9011,5853.0,0.9012,1672.0
1753592083320,04:54:43.320,bitget,AERO/USDT:USDT,0.9005,101.0,0.9003,546.0,0.9011,5853.0,0.9012,1672.0
1753592083470,04:54:43.470,bitget,AERO/USDT:USDT,0.9005,101.0,0.9003,546.0,0.9011,4754.0,0.9012,1672.0
1753592083770,04:54:43.770,bitget,AERO/USDT:USDT,0.9005,101.0,0.9003,546.0,0.9011,4754.0,0.9012,1672.0
1753592083920,04:54:43.920,bitget,AERO/USDT:USDT,0.9005,101.0,0.9003,546.0,0.9011,4754.0,0.9012,1672.0
1753592084070,04:54:44.070,bitget,AERO/USDT:USDT,0.9005,101.0,0.9003,546.0,0.9011,4754.0,0.9012,1672.0
1753592084220,04:54:44.220,bitget,AERO/USDT:USDT,0.9005,101.0,0.9003,546.0,0.9011,4754.0,0.9012,1672.0
1753592084520,04:54:44.520,bitget,AERO/USDT:USDT,0.9005,101.0,0.9003,546.0,0.9011,4754.0,0.9012,1672.0
1753592084671,04:54:44.671,bitget,AERO/USDT:USDT,0.9005,101.0,0.9003,546.0,0.9011,4754.0,0.9012,1672.0
1753592084821,04:54:44.821,bitget,AERO/USDT:USDT,0.9005,101.0,0.9003,546.0,0.9011,4754.0,0.9012,1672.0
1753592084971,04:54:44.971,bitget,AERO/USDT:USDT,0.9005,101.0,0.9003,546.0,0.9011,4754.0,0.9012,1672.0
1753592085121,04:54:45.121,bitget,AERO/USDT:USDT,0.9005,101.0,0.9003,546.0,0.9011,4754.0,0.9012,1672.0
1753592085271,04:54:45.271,bitget,AERO/USDT:USDT,0.9005,101.0,0.9003,546.0,0.9011,4754.0,0.9012,1672.0
1753592085571,04:54:45.571,bitget,AERO/USDT:USDT,0.9005,101.0,0.9003,546.0,0.9011,4754.0,0.9012,1672.0
1753592085721,04:54:45.721,bitget,AERO/USDT:USDT,0.9005,101.0,0.9003,546.0,0.9011,4754.0,0.9012,1672.0
1753592086322,04:54:46.322,bitget,AERO/USDT:USDT,0.9005,140.0,0.9004,39.0,0.9011,5309.0,0.9012,187.0
1753592086622,04:54:46.622,bitget,AERO/USDT:USDT,0.9005,224.0,0.9004,39.0,0.9011,5864.0,0.9012,187.0
1753592087072,04:54:47.072,bitget,AERO/USDT:USDT,0.9005,224.0,0.9004,39.0,0.9011,5864.0,0.9012,187.0
1753592087222,04:54:47.222,bitget,AERO/USDT:USDT,0.9007,101.0,0.9006,84.0,0.9011,5309.0,0.9012,187.0
1753592087372,04:54:47.372,bitget,AERO/USDT:USDT,0.9007,101.0,0.9006,84.0,0.9011,4716.0,0.9012,187.0
1753592087522,04:54:47.522,bitget,AERO/USDT:USDT,0.9007,101.0,0.9006,84.0,0.9011,4716.0,0.9012,187.0
1753592087672,04:54:47.672,bitget,AERO/USDT:USDT,0.9007,101.0,0.9006,84.0,0.9011,4716.0,0.9012,187.0
1753592087823,04:54:47.823,bitget,AERO/USDT:USDT,0.9007,101.0,0.9006,84.0,0.9011,4716.0,0.9012,187.0
1753592088273,04:54:48.273,bitget,AERO/USDT:USDT,0.9007,101.0,0.9006,84.0,0.9011,4716.0,0.9012,187.0
1753592088423,04:54:48.423,bitget,AERO/USDT:USDT,0.9007,101.0,0.9006,84.0,0.9011,4716.0,0.9012,187.0
1753592088573,04:54:48.573,bitget,AERO/USDT:USDT,0.9007,101.0,0.9006,84.0,0.9011,4716.0,0.9012,187.0
1753592088873,04:54:48.873,bitget,AERO/USDT:USDT,0.9007,101.0,0.9006,84.0,0.9011,4716.0,0.9012,187.0
1753592089023,04:54:49.023,bitget,AERO/USDT:USDT,0.9007,101.0,0.9006,84.0,0.9011,4870.0,0.9012,187.0
1753592089323,04:54:49.323,bitget,AERO/USDT:USDT,0.9007,101.0,0.9006,84.0,0.9011,4870.0,0.9012,187.0
1753592089474,04:54:49.474,bitget,AERO/USDT:USDT,0.9007,101.0,0.9006,84.0,0.9011,4870.0,0.9012,187.0
1753592089624,04:54:49.624,bitget,AERO/USDT:USDT,0.9007,101.0,0.9006,84.0,0.9011,4870.0,0.9012,187.0
1753592089774,04:54:49.774,bitget,AERO/USDT:USDT,0.9007,101.0,0.9006,84.0,0.9011,4870.0,0.9012,187.0
1753592089924,04:54:49.924,bitget,AERO/USDT:USDT,0.9007,101.0,0.9006,84.0,0.9011,4870.0,0.9012,187.0
1753592090074,04:54:50.074,bitget,AERO/USDT:USDT,0.9007,101.0,0.9006,84.0,0.9011,4870.0,0.9012,187.0
1753592090374,04:54:50.374,bitget,AERO/USDT:USDT,0.9007,101.0,0.9006,84.0,0.9011,4870.0,0.9012,187.0
1753592090674,04:54:50.674,bitget,AERO/USDT:USDT,0.9007,101.0,0.9006,84.0,0.9011,4870.0,0.9012,187.0
1753592090825,04:54:50.825,bitget,AERO/USDT:USDT,0.9007,101.0,0.9006,84.0,0.9011,4870.0,0.9012,187.0
1753592090975,04:54:50.975,bitget,AERO/USDT:USDT,0.9007,101.0,0.9006,84.0,0.9011,4870.0,0.9012,187.0
1753592091575,04:54:51.575,bitget,AERO/USDT:USDT,0.9007,101.0,0.9005,123.0,0.9011,4870.0,0.9012,225.0
1753592091725,04:54:51.725,bitget,AERO/USDT:USDT,0.9007,101.0,0.9005,123.0,0.9011,4870.0,0.9012,225.0
1753592092025,04:54:52.025,bitget,AERO/USDT:USDT,0.9007,101.0,0.9005,123.0,0.9011,4870.0,0.9012,225.0
1753592092476,04:54:52.476,bitget,AERO/USDT:USDT,0.9007,101.0,0.9005,123.0,0.9011,4870.0,0.9012,225.0
1753592092926,04:54:52.926,bitget,AERO/USDT:USDT,0.9007,101.0,0.9005,123.0,0.9011,4870.0,0.9012,225.0
1753592093076,04:54:53.076,bitget,AERO/USDT:USDT,0.9007,101.0,0.9005,123.0,0.9011,4870.0,0.9012,225.0
1753592093226,04:54:53.226,bitget,AERO/USDT:USDT,0.9007,101.0,0.9005,123.0,0.9011,4870.0,0.9012,225.0
1753592093376,04:54:53.376,bitget,AERO/USDT:USDT,0.9007,101.0,0.9005,123.0,0.9011,4870.0,0.9012,225.0
1753592093526,04:54:53.526,bitget,AERO/USDT:USDT,0.9007,101.0,0.9005,123.0,0.9011,4870.0,0.9012,225.0
1753592093676,04:54:53.676,bitget,AERO/USDT:USDT,0.9007,101.0,0.9005,123.0,0.9011,4870.0,0.9012,225.0
1753592093826,04:54:53.826,bitget,AERO/USDT:USDT,0.9007,101.0,0.9005,123.0,0.9011,4870.0,0.9012,225.0
1753592094277,04:54:54.277,bitget,AERO/USDT:USDT,0.9005,84.0,0.9003,546.0,0.9011,5024.0,0.9012,225.0
1753592094577,04:54:54.577,bitget,AERO/USDT:USDT,0.9006,101.0,0.9005,84.0,0.9011,5579.0,0.9012,225.0
1753592094727,04:54:54.727,bitget,AERO/USDT:USDT,0.9006,101.0,0.9005,84.0,0.9011,5579.0,0.9012,225.0
1753592095177,04:54:55.177,bitget,AERO/USDT:USDT,0.9006,101.0,0.9005,84.0,0.9011,5579.0,0.9012,225.0
1753592095478,04:54:55.478,bitget,AERO/USDT:USDT,0.9006,101.0,0.9005,84.0,0.9011,5579.0,0.9012,225.0
1753592096228,04:54:56.228,bitget,AERO/USDT:USDT,0.9006,101.0,0.9005,84.0,0.9011,5579.0,0.9012,225.0
1753592096528,04:54:56.528,bitget,AERO/USDT:USDT,0.9006,101.0,0.9005,84.0,0.9011,5579.0,0.9012,225.0
1753592096828,04:54:56.828,bitget,AERO/USDT:USDT,0.9006,101.0,0.9005,84.0,0.9011,5579.0,0.9012,225.0
1753592097129,04:54:57.129,bitget,AERO/USDT:USDT,0.9006,101.0,0.9005,84.0,0.9011,5579.0,0.9012,225.0
1753592097279,04:54:57.279,bitget,AERO/USDT:USDT,0.9006,101.0,0.9005,84.0,0.9011,5579.0,0.9012,225.0
1753592097579,04:54:57.579,bitget,AERO/USDT:USDT,0.9006,226.0,0.9005,123.0,0.9011,5271.0,0.9012,187.0
1753592097729,04:54:57.729,bitget,AERO/USDT:USDT,0.9007,86.0,0.9006,226.0,0.9011,4716.0,0.9012,187.0
1753592098029,04:54:58.029,bitget,AERO/USDT:USDT,0.9008,101.0,0.9007,86.0,0.9011,4716.0,0.9012,187.0
1753592098479,04:54:58.479,bitget,AERO/USDT:USDT,0.9008,101.0,0.9007,86.0,0.9011,4716.0,0.9012,187.0
1753592098630,04:54:58.630,bitget,AERO/USDT:USDT,0.9008,101.0,0.9007,86.0,0.9011,4716.0,0.9012,187.0
1753592098780,04:54:58.780,bitget,AERO/USDT:USDT,0.9008,101.0,0.9007,86.0,0.9012,187.0,0.9013,4904.0
1753592098930,04:54:58.930,bitget,AERO/USDT:USDT,0.9008,101.0,0.9007,86.0,0.9012,187.0,0.9013,4904.0
1753592099080,04:54:59.080,bitget,AERO/USDT:USDT,0.9008,101.0,0.9007,86.0,0.9012,187.0,0.9013,4904.0
1753592099680,04:54:59.680,bitget,AERO/USDT:USDT,0.9008,187.0,0.9007,86.0,0.9012,187.0,0.9013,4904.0
1753592099830,04:54:59.830,bitget,AERO/USDT:USDT,0.9008,187.0,0.9007,86.0,0.9012,187.0,0.9013,4904.0
1753592099980,04:54:59.980,bitget,AERO/USDT:USDT,0.9008,187.0,0.9007,86.0,0.9012,187.0,0.9013,4904.0
1753592100431,04:55:00.431,bitget,AERO/USDT:USDT,0.9008,101.0,0.9007,86.0,0.9012,742.0,0.9013,4942.0
1753592100731,04:55:00.731,bitget,AERO/USDT:USDT,0.9008,101.0,0.9007,86.0,0.9012,742.0,0.9013,4942.0
1753592101181,04:55:01.181,bitget,AERO/USDT:USDT,0.9008,101.0,0.9007,86.0,0.9012,742.0,0.9013,4942.0
1753592101331,04:55:01.331,bitget,AERO/USDT:USDT,0.9008,101.0,0.9007,86.0,0.9012,742.0,0.9013,4942.0
1753592101481,04:55:01.481,bitget,AERO/USDT:USDT,0.9008,101.0,0.9007,86.0,0.9012,187.0,0.9013,4904.0
1753592101631,04:55:01.631,bitget,AERO/USDT:USDT,0.9008,187.0,0.9007,86.0,0.9012,187.0,0.9013,4904.0
1753592102082,04:55:02.082,bitget,AERO/USDT:USDT,0.901,101.0,0.9009,125.0,0.9012,100.0,0.9013,4904.0
1753592102382,04:55:02.382,bitget,AERO/USDT:USDT,0.901,101.0,0.9009,125.0,0.9012,100.0,0.9013,4904.0
1753592102532,04:55:02.532,bitget,AERO/USDT:USDT,0.901,101.0,0.9009,125.0,0.9012,100.0,0.9013,4904.0
1753592102682,04:55:02.682,bitget,AERO/USDT:USDT,0.901,101.0,0.9009,125.0,0.9012,100.0,0.9013,4904.0
1753592102832,04:55:02.832,bitget,AERO/USDT:USDT,0.901,101.0,0.9009,125.0,0.9012,100.0,0.9013,4904.0
1753592103132,04:55:03.132,bitget,AERO/USDT:USDT,0.9009,39.0,0.9008,125.0,0.9012,186.0,0.9013,5116.0
1753592103283,04:55:03.283,bitget,AERO/USDT:USDT,0.9009,39.0,0.9008,125.0,0.9012,186.0,0.9013,5116.0
1753592103733,04:55:03.733,bitget,AERO/USDT:USDT,0.9009,39.0,0.9008,125.0,0.9012,186.0,0.9013,5116.0
1753592104033,04:55:04.033,bitget,AERO/USDT:USDT,0.9009,39.0,0.9008,125.0,0.9012,186.0,0.9013,5116.0
1753592104483,04:55:04.483,bitget,AERO/USDT:USDT,0.901,101.0,0.9009,125.0,0.9012,186.0,0.9013,4904.0
1753592104633,04:55:04.633,bitget,AERO/USDT:USDT,0.901,101.0,0.9009,125.0,0.9012,186.0,0.9013,4904.0
1753592104784,04:55:04.784,bitget,AERO/USDT:USDT,0.901,101.0,0.9009,125.0,0.9012,186.0,0.9013,4904.0
1753592105084,04:55:05.084,bitget,AERO/USDT:USDT,0.901,101.0,0.9009,125.0,0.9012,186.0,0.9013,4904.0
1753592105234,04:55:05.234,bitget,AERO/USDT:USDT,0.901,101.0,0.9009,125.0,0.9012,186.0,0.9013,4904.0
1753592105384,04:55:05.384,bitget,AERO/USDT:USDT,0.901,101.0,0.9009,125.0,0.9012,186.0,0.9013,4904.0
1753592105684,04:55:05.684,bitget,AERO/USDT:USDT,0.901,101.0,0.9009,125.0,0.9012,186.0,0.9013,4904.0
1753592105834,04:55:05.834,bitget,AERO/USDT:USDT,0.901,101.0,0.9009,125.0,0.9012,186.0,0.9013,4904.0
1753592105984,04:55:05.984,bitget,AERO/USDT:USDT,0.901,101.0,0.9009,125.0,0.9012,186.0,0.9013,4904.0
1753592106134,04:55:06.134,bitget,AERO/USDT:USDT,0.901,101.0,0.9009,125.0,0.9012,186.0,0.9013,4904.0
1753592106284,04:55:06.284,bitget,AERO/USDT:USDT,0.901,101.0,0.9009,125.0,0.9012,186.0,0.9013,4904.0
1753592106435,04:55:06.435,bitget,AERO/USDT:USDT,0.9009,125.0,0.9008,125.0,0.9012,186.0,0.9013,5116.0
1753592106735,04:55:06.735,bitget,AERO/USDT:USDT,0.9009,39.0,0.9008,125.0,0.9012,186.0,0.9013,5116.0
1753592107035,04:55:07.035,bitget,AERO/USDT:USDT,0.9009,39.0,0.9008,125.0,0.9012,186.0,0.9013,5116.0
1753592107185,04:55:07.185,bitget,AERO/USDT:USDT,0.9009,39.0,0.9008,125.0,0.9012,186.0,0.9013,5116.0
1753592107335,04:55:07.335,bitget,AERO/USDT:USDT,0.9009,39.0,0.9008,125.0,0.9012,186.0,0.9013,5116.0
1753592107485,04:55:07.485,bitget,AERO/USDT:USDT,0.9009,39.0,0.9008,125.0,0.9012,186.0,0.9013,5116.0
1753592107785,04:55:07.785,bitget,AERO/USDT:USDT,0.9008,86.0,0.9007,548.0,0.9012,186.0,0.9013,5116.0
1753592107936,04:55:07.936,bitget,AERO/USDT:USDT,0.9007,548.0,0.9005,84.0,0.9012,186.0,0.9013,5116.0
1753592108236,04:55:08.236,bitget,AERO/USDT:USDT,0.9006,462.0,0.9005,84.0,0.9012,186.0,0.9013,5116.0
1753592108386,04:55:08.386,bitget,AERO/USDT:USDT,0.9007,101.0,0.9006,587.0,0.9012,186.0,0.9013,5116.0
1753592108686,04:55:08.686,bitget,AERO/USDT:USDT,0.9007,187.0,0.9006,587.0,0.9012,186.0,0.9013,5116.0
1753592108836,04:55:08.836,bitget,AERO/USDT:USDT,0.9007,187.0,0.9006,587.0,0.9012,186.0,0.9013,5116.0
1753592108986,04:55:08.986,bitget,AERO/USDT:USDT,0.9007,187.0,0.9006,587.0,0.9012,186.0,0.9013,5116.0
1753592109136,04:55:09.136,bitget,AERO/USDT:USDT,0.9007,187.0,0.9006,587.0,0.9012,186.0,0.9013,5116.0
1753592109587,04:55:09.587,bitget,AERO/USDT:USDT,0.9007,187.0,0.9006,587.0,0.9012,186.0,0.9013,5116.0
1753592109887,04:55:09.887,bitget,AERO/USDT:USDT,0.9007,187.0,0.9006,587.0,0.9012,186.0,0.9013,5116.0
1753592110187,04:55:10.187,bitget,AERO/USDT:USDT,0.9007,187.0,0.9006,587.0,0.9012,186.0,0.9013,5116.0
1753592110337,04:55:10.337,bitget,AERO/USDT:USDT,0.9007,187.0,0.9006,587.0,0.9012,186.0,0.9013,5116.0
1753592110487,04:55:10.487,bitget,AERO/USDT:USDT,0.9007,187.0,0.9006,587.0,0.9012,186.0,0.9013,5116.0
1753592110637,04:55:10.637,bitget,AERO/USDT:USDT,0.9007,187.0,0.9006,587.0,0.9012,186.0,0.9013,5116.0
1753592110787,04:55:10.787,bitget,AERO/USDT:USDT,0.9007,187.0,0.9006,587.0,0.9012,186.0,0.9013,5116.0
1753592111088,04:55:11.088,bitget,AERO/USDT:USDT,0.9007,187.0,0.9006,587.0,0.9012,186.0,0.9013,5116.0
1753592111238,04:55:11.238,bitget,AERO/USDT:USDT,0.9007,187.0,0.9006,587.0,0.9012,186.0,0.9013,5116.0
1753592111388,04:55:11.388,bitget,AERO/USDT:USDT,0.9007,187.0,0.9006,587.0,0.9012,186.0,0.9013,5116.0
1753592111538,04:55:11.538,bitget,AERO/USDT:USDT,0.9007,187.0,0.9006,587.0,0.9012,186.0,0.9013,5116.0
1753592111688,04:55:11.688,bitget,AERO/USDT:USDT,0.9007,187.0,0.9006,587.0,0.9012,186.0,0.9013,5116.0
1753592112138,04:55:12.138,bitget,AERO/USDT:USDT,0.9007,187.0,0.9006,587.0,0.9012,186.0,0.9013,5116.0
1753592112288,04:55:12.288,bitget,AERO/USDT:USDT,0.9007,187.0,0.9006,587.0,0.9012,186.0,0.9013,5116.0
1753592112438,04:55:12.438,bitget,AERO/USDT:USDT,0.9007,187.0,0.9006,587.0,0.9012,186.0,0.9013,5116.0
1753592112588,04:55:12.588,bitget,AERO/USDT:USDT,0.9007,187.0,0.9006,587.0,0.9012,186.0,0.9013,5116.0
1753592112739,04:55:12.739,bitget,AERO/USDT:USDT,0.9007,187.0,0.9006,587.0,0.9012,186.0,0.9013,5116.0
1753592112889,04:55:12.889,bitget,AERO/USDT:USDT,0.9007,101.0,0.9006,587.0,0.9012,186.0,0.9013,5116.0
1753592113039,04:55:13.039,bitget,AERO/USDT:USDT,0.9007,101.0,0.9006,587.0,0.9012,186.0,0.9013,5116.0
1753592113189,04:55:13.189,bitget,AERO/USDT:USDT,0.9007,101.0,0.9006,125.0,0.9012,466.0,0.9013,5116.0
1753592113339,04:55:13.339,bitget,AERO/USDT:USDT,0.9007,101.0,0.9006,125.0,0.9012,466.0,0.9013,5116.0
1753592113489,04:55:13.489,bitget,AERO/USDT:USDT,0.9007,101.0,0.9006,125.0,0.9012,466.0,0.9013,5116.0
1753592113639,04:55:13.639,bitget,AERO/USDT:USDT,0.9007,101.0,0.9006,125.0,0.9012,466.0,0.9013,5116.0
1753592113789,04:55:13.789,bitget,AERO/USDT:USDT,0.9007,101.0,0.9006,125.0,0.9012,466.0,0.9013,5116.0
1753592113939,04:55:13.939,bitget,AERO/USDT:USDT,0.9007,101.0,0.9006,125.0,0.9012,466.0,0.9013,5116.0
1753592114089,04:55:14.089,bitget,AERO/USDT:USDT,0.9007,101.0,0.9006,125.0,0.9012,466.0,0.9013,5116.0
1753592114390,04:55:14.390,bitget,AERO/USDT:USDT,0.9007,101.0,0.9006,125.0,0.9012,466.0,0.9013,5116.0
1753592114690,04:55:14.690,bitget,AERO/USDT:USDT,0.9007,101.0,0.9006,125.0,0.9012,466.0,0.9013,5116.0
1753592114840,04:55:14.840,bitget,AERO/USDT:USDT,0.9007,101.0,0.9006,125.0,0.9012,466.0,0.9013,5116.0
1753592114990,04:55:14.990,bitget,AERO/USDT:USDT,0.9007,101.0,0.9006,125.0,0.9012,466.0,0.9013,5116.0
1753592115140,04:55:15.140,bitget,AERO/USDT:USDT,0.9007,101.0,0.9006,125.0,0.9012,466.0,0.9013,5116.0
1753592115590,04:55:15.590,bitget,AERO/USDT:USDT,0.9007,101.0,0.9006,125.0,0.9012,466.0,0.9013,5116.0
1753592115740,04:55:15.740,bitget,AERO/USDT:USDT,0.9007,101.0,0.9006,125.0,0.9012,466.0,0.9013,5116.0
1753592115890,04:55:15.890,bitget,AERO/USDT:USDT,0.9007,101.0,0.9006,125.0,0.9012,466.0,0.9013,5116.0
1753592116341,04:55:16.341,bitget,AERO/USDT:USDT,0.9007,188.0,0.9006,125.0,0.9012,186.0,0.9013,5116.0
1753592116491,04:55:16.491,bitget,AERO/USDT:USDT,0.9007,188.0,0.9006,125.0,0.9012,186.0,0.9013,5116.0
1753592116641,04:55:16.641,bitget,AERO/USDT:USDT,0.9007,188.0,0.9006,125.0,0.9012,186.0,0.9013,5116.0
1753592116791,04:55:16.791,bitget,AERO/USDT:USDT,0.9007,188.0,0.9006,125.0,0.9012,186.0,0.9013,5116.0
1753592117091,04:55:17.091,bitget,AERO/USDT:USDT,0.9007,188.0,0.9006,125.0,0.9012,186.0,0.9013,5116.0
