timestamp,time,symbol,bid1_price,bid1_volume,bid2_price,bid2_volume,ask1_price,ask1_volume,ask2_price,ask2_volume
1753546946716,16:22:26.716,AERO/USDT:USDT,0.9026,2639.0,0.9022,1.0,0.9028,1.0,0.903,7.0
1753546947285,16:22:27.285,AERO/USDT:USDT,0.9028,2277.0,0.9026,2.0,0.903,7.0,0.9033,456.0
1753546948175,16:22:28.175,AERO/USDT:USDT,0.9028,2277.0,0.9026,2.0,0.903,7.0,0.9033,456.0
1753546948285,16:22:28.285,AERO/USDT:USDT,0.9028,2282.0,0.9022,1.0,0.903,7.0,0.9033,456.0
1753546952178,16:22:32.178,AERO/USDT:USDT,0.9028,967.0,0.9022,1.0,0.903,90.0,0.9037,1040.0
1753546952289,16:22:32.289,AERO/USDT:USDT,0.9028,967.0,0.9022,1.0,0.903,87.0,0.9037,1040.0
1753546954291,16:22:34.291,AERO/USDT:USDT,0.9028,969.0,0.9026,8705.0,0.903,90.0,0.9032,13855.0
1753546955180,16:22:35.180,AERO/USDT:USDT,0.9028,969.0,0.9023,494.0,0.903,84.0,0.9035,17791.0
1753546955290,16:22:35.290,AERO/USDT:USDT,0.9028,969.0,0.9023,494.0,0.903,84.0,0.9035,17791.0
1753546956183,16:22:36.183,AERO/USDT:USDT,0.9028,969.0,0.9026,11615.0,0.903,90.0,0.9033,10594.0
1753546957187,16:22:37.187,AERO/USDT:USDT,0.9028,969.0,0.9021,7940.0,0.903,84.0,0.9036,240.0
1753546957290,16:22:37.290,AERO/USDT:USDT,0.9028,969.0,0.9021,7940.0,0.903,85.0,0.9036,240.0
1753546958183,16:22:38.183,AERO/USDT:USDT,0.9028,969.0,0.9021,1052.0,0.903,87.0,0.9036,240.0
1753546958291,16:22:38.291,AERO/USDT:USDT,0.9028,969.0,0.9021,1052.0,0.903,86.0,0.9036,240.0
1753546959183,16:22:39.183,AERO/USDT:USDT,0.9028,971.0,0.9021,1052.0,0.903,90.0,0.9037,4775.0
1753546959291,16:22:39.291,AERO/USDT:USDT,0.9028,971.0,0.9021,4381.0,0.903,86.0,0.9037,1685.0
1753546960185,16:22:40.185,AERO/USDT:USDT,0.9028,388.0,0.902,891.0,0.903,86.0,0.9039,8784.0
1753546960293,16:22:40.293,AERO/USDT:USDT,0.9028,388.0,0.902,891.0,0.903,87.0,0.9039,8784.0
1753546961186,16:22:41.186,AERO/USDT:USDT,0.9028,967.0,0.9024,2206.0,0.903,87.0,0.9035,12354.0
1753546961293,16:22:41.293,AERO/USDT:USDT,0.9028,966.0,0.9024,2206.0,0.903,87.0,0.9035,12354.0
1753546962186,16:22:42.186,AERO/USDT:USDT,0.9028,966.0,0.902,891.0,0.903,93.0,0.9039,2784.0
1753546963187,16:22:43.187,AERO/USDT:USDT,0.9028,966.0,0.902,891.0,0.903,87.0,0.9039,18227.0
1753546963293,16:22:43.293,AERO/USDT:USDT,0.9028,964.0,0.902,891.0,0.903,87.0,0.9039,18227.0
1753546964188,16:22:44.188,AERO/USDT:USDT,0.9028,965.0,0.902,891.0,0.903,87.0,0.9039,17611.0
1753546964294,16:22:44.294,AERO/USDT:USDT,0.9028,965.0,0.9024,9408.0,0.903,89.0,0.9034,1602.0
1753546966189,16:22:46.189,AERO/USDT:USDT,0.9028,965.0,0.902,891.0,0.903,89.0,0.9039,2168.0
1753546966298,16:22:46.298,AERO/USDT:USDT,0.9028,965.0,0.902,891.0,0.903,89.0,0.9039,2168.0
1753546967190,16:22:47.190,AERO/USDT:USDT,0.9028,1185.0,0.902,891.0,0.903,89.0,0.9039,5500.0
1753546968188,16:22:48.188,AERO/USDT:USDT,0.9028,1185.0,0.902,891.0,0.903,89.0,0.9039,2168.0
1753546969191,16:22:49.191,AERO/USDT:USDT,0.9028,1184.0,0.902,891.0,0.903,88.0,0.9039,2168.0
1753546969302,16:22:49.302,AERO/USDT:USDT,0.9028,1074.0,0.9024,4202.0,0.903,88.0,0.9034,9991.0
1753546970191,16:22:50.191,AERO/USDT:USDT,0.9028,1190.0,0.9021,710.0,0.903,88.0,0.9039,10074.0
1753546970303,16:22:50.303,AERO/USDT:USDT,0.9028,1190.0,0.902,12628.0,0.903,88.0,0.9039,10074.0
1753546971195,16:22:51.195,AERO/USDT:USDT,0.9028,970.0,0.9023,1174.0,0.903,88.0,0.9035,2304.0
1753546971302,16:22:51.302,AERO/USDT:USDT,0.9028,972.0,0.9023,1174.0,0.903,88.0,0.9035,2304.0
1753546972193,16:22:52.193,AERO/USDT:USDT,0.9028,966.0,0.9023,8148.0,0.903,92.0,0.9035,14388.0
1753546972303,16:22:52.303,AERO/USDT:USDT,0.9028,967.0,0.9023,8148.0,0.903,92.0,0.9035,14388.0
1753546973194,16:22:53.194,AERO/USDT:USDT,0.9028,973.0,0.9026,12646.0,0.903,92.0,0.9032,3483.0
1753546973309,16:22:53.309,AERO/USDT:USDT,0.9028,973.0,0.9026,12646.0,0.903,92.0,0.9032,3483.0
1753546974305,16:22:54.305,AERO/USDT:USDT,0.9028,1080.0,0.9021,877.0,0.903,91.0,0.9037,644.0
1753546975310,16:22:55.310,AERO/USDT:USDT,0.9028,1190.0,0.902,891.0,0.903,91.0,0.9037,644.0
1753546976197,16:22:56.197,AERO/USDT:USDT,0.9028,1190.0,0.902,891.0,0.903,91.0,0.9037,644.0
1753546976305,16:22:56.305,AERO/USDT:USDT,0.9028,1194.0,0.902,891.0,0.903,91.0,0.9037,644.0
1753546977198,16:22:57.198,AERO/USDT:USDT,0.9028,1194.0,0.902,891.0,0.903,91.0,0.9037,644.0
1753546977310,16:22:57.310,AERO/USDT:USDT,0.9028,1194.0,0.902,891.0,0.903,91.0,0.9037,644.0
1753546978197,16:22:58.197,AERO/USDT:USDT,0.9028,1194.0,0.902,891.0,0.903,91.0,0.9037,644.0
1753546979309,16:22:59.309,AERO/USDT:USDT,0.9028,1193.0,0.9025,8502.0,0.903,93.0,0.9033,10240.0
1753546980307,16:23:00.307,AERO/USDT:USDT,0.9028,1194.0,0.902,891.0,0.903,93.0,0.9039,2168.0
1753546981309,16:23:01.309,AERO/USDT:USDT,0.9028,389.0,0.902,891.0,0.903,183.0,0.9039,2168.0
1753546982202,16:23:02.202,AERO/USDT:USDT,0.9023,379.0,0.902,7579.0,0.9025,967.0,0.9028,11312.0
1753546982312,16:23:02.312,AERO/USDT:USDT,0.9023,380.0,0.902,7579.0,0.9025,967.0,0.9028,11312.0
1753546983149,16:23:03.149,AERO/USDT:USDT,0.9026,209.0,0.9024,1863.0,0.903,5778.0,0.9032,8636.0
1753546983310,16:23:03.310,AERO/USDT:USDT,0.9026,636.0,0.9023,7690.0,0.903,943.0,0.9033,1441.0
1753546984213,16:23:04.213,AERO/USDT:USDT,0.9025,39.0,0.9023,1.0,0.9029,739.0,0.903,2.0
1753546984310,16:23:04.310,AERO/USDT:USDT,0.9025,612.0,0.9018,7952.0,0.9029,653.0,0.9036,8316.0
1753546985205,16:23:05.205,AERO/USDT:USDT,0.9025,612.0,0.9014,4264.0,0.9028,3875.0,0.9029,8.0
1753546985310,16:23:05.310,AERO/USDT:USDT,0.9025,612.0,0.9014,4264.0,0.9028,3877.0,0.9029,4.0
1753546986311,16:23:06.311,AERO/USDT:USDT,0.9026,605.0,0.9025,7.0,0.9028,3567.0,0.9029,4.0
1753546987312,16:23:07.312,AERO/USDT:USDT,0.9026,1224.0,0.9025,7.0,0.9028,3569.0,0.9029,4.0
1753546988312,16:23:08.312,AERO/USDT:USDT,0.9026,1381.0,0.9025,7.0,0.9029,99.0,0.9036,125.0
1753546989204,16:23:09.204,AERO/USDT:USDT,0.9026,1383.0,0.9025,2.0,0.9029,100.0,0.904,1006.0
1753546989318,16:23:09.318,AERO/USDT:USDT,0.9026,1325.0,0.9025,2.0,0.9029,7299.0,0.9041,1125.0
1753546990317,16:23:10.317,AERO/USDT:USDT,0.9027,1320.0,0.9026,5.0,0.9029,7299.0,0.9041,1125.0
1753546991205,16:23:11.205,AERO/USDT:USDT,0.9027,855.0,0.9026,5.0,0.9029,7299.0,0.9039,10573.0
1753546992207,16:23:12.207,AERO/USDT:USDT,0.9027,861.0,0.9026,5.0,0.9029,7299.0,0.9033,6812.0
1753546992316,16:23:12.316,AERO/USDT:USDT,0.9027,861.0,0.9026,5.0,0.9029,7298.0,0.9033,6812.0
1753546993209,16:23:13.209,AERO/USDT:USDT,0.9027,861.0,0.9026,5.0,0.9029,7298.0,0.904,6504.0
1753546993318,16:23:13.318,AERO/USDT:USDT,0.9027,861.0,0.9026,5.0,0.9029,7300.0,0.904,6504.0
1753546994211,16:23:14.211,AERO/USDT:USDT,0.9027,862.0,0.9025,2.0,0.9029,7297.0,0.904,6504.0
1753546994316,16:23:14.316,AERO/USDT:USDT,0.9027,968.0,0.9025,2.0,0.9029,7297.0,0.9037,6403.0
1753546995210,16:23:15.210,AERO/USDT:USDT,0.9027,1058.0,0.9025,2.0,0.9029,7297.0,0.904,1710.0
1753546996211,16:23:16.211,AERO/USDT:USDT,0.9027,1058.0,0.9025,2.0,0.9029,7297.0,0.904,5909.0
1753546996317,16:23:16.317,AERO/USDT:USDT,0.9027,1058.0,0.9025,2.0,0.9029,7299.0,0.904,5909.0
1753546997212,16:23:17.212,AERO/USDT:USDT,0.9027,678.0,0.9025,2.0,0.9029,7299.0,0.9041,1122.0
1753546997318,16:23:17.318,AERO/USDT:USDT,0.9027,678.0,0.9025,2.0,0.9029,7301.0,0.9041,1122.0
1753546998213,16:23:18.213,AERO/USDT:USDT,0.9027,678.0,0.9025,2.0,0.9029,7301.0,0.9041,1122.0
1753546998320,16:23:18.320,AERO/USDT:USDT,0.9027,679.0,0.9025,2.0,0.9029,7301.0,0.9041,1122.0
1753546999214,16:23:19.214,AERO/USDT:USDT,0.9027,678.0,0.9025,2.0,0.9029,7298.0,0.9041,1122.0
1753546999320,16:23:19.320,AERO/USDT:USDT,0.9027,858.0,0.9025,2.0,0.9029,7298.0,0.9041,1121.0
1753547000215,16:23:20.215,AERO/USDT:USDT,0.9027,774.0,0.9025,2.0,0.9029,7298.0,0.9036,4902.0
1753547000322,16:23:20.322,AERO/USDT:USDT,0.9027,774.0,0.9025,2.0,0.9029,7298.0,0.9036,4902.0
1753547001216,16:23:21.216,AERO/USDT:USDT,0.9027,774.0,0.9025,2.0,0.9029,7298.0,0.9037,2927.0
1753547001322,16:23:21.322,AERO/USDT:USDT,0.9027,774.0,0.9025,2.0,0.9029,7300.0,0.9037,2927.0
1753547002216,16:23:22.216,AERO/USDT:USDT,0.9027,821.0,0.9025,2.0,0.9029,7300.0,0.9035,7698.0
1753547002322,16:23:22.322,AERO/USDT:USDT,0.9027,821.0,0.9025,2.0,0.9029,7300.0,0.9035,7698.0
1753547003216,16:23:23.216,AERO/USDT:USDT,0.9027,731.0,0.9025,2.0,0.9029,7300.0,0.9041,1170.0
1753547003534,16:23:23.534,AERO/USDT:USDT,0.903,300.0,0.9027,1.0,0.9032,238.0,0.904,4750.0
1753547004218,16:23:24.218,AERO/USDT:USDT,0.903,301.0,0.9025,2.0,0.9032,242.0,0.904,4750.0
1753547005216,16:23:25.216,AERO/USDT:USDT,0.903,852.0,0.9025,2.0,0.9032,11.0,0.904,7390.0
1753547005326,16:23:25.326,AERO/USDT:USDT,0.903,853.0,0.9025,2.0,0.9032,11.0,0.904,7390.0
1753547006327,16:23:26.327,AERO/USDT:USDT,0.903,1013.0,0.9025,2.0,0.9032,11.0,0.9041,2073.0
1753547007221,16:23:27.221,AERO/USDT:USDT,0.903,1030.0,0.9025,2.0,0.9032,11.0,0.9041,132.0
1753547007329,16:23:27.329,AERO/USDT:USDT,0.903,1030.0,0.9025,2.0,0.9032,12.0,0.9041,132.0
1753547008220,16:23:28.220,AERO/USDT:USDT,0.903,1030.0,0.9025,4020.0,0.9032,12.0,0.9038,7934.0
1753547008336,16:23:28.336,AERO/USDT:USDT,0.903,1030.0,0.9025,4020.0,0.9032,12.0,0.9038,7934.0
1753547009223,16:23:29.223,AERO/USDT:USDT,0.903,1033.0,0.9025,4020.0,0.9032,14.0,0.9038,7934.0
1753547009328,16:23:29.328,AERO/USDT:USDT,0.903,1033.0,0.9025,2.0,0.9032,14.0,0.9038,11146.0
1753547010223,16:23:30.223,AERO/USDT:USDT,0.903,73.0,0.9025,3226.0,0.9032,184.0,0.9037,4946.0
1753547010330,16:23:30.330,AERO/USDT:USDT,0.903,72.0,0.9025,3226.0,0.9032,184.0,0.9037,4946.0
1753547011223,16:23:31.223,AERO/USDT:USDT,0.903,737.0,0.9026,10136.0,0.9032,14.0,0.9037,1168.0
1753547011331,16:23:31.331,AERO/USDT:USDT,0.903,735.0,0.9026,10136.0,0.9032,14.0,0.9037,1168.0
1753547012225,16:23:32.225,AERO/USDT:USDT,0.903,735.0,0.9025,2.0,0.9032,14.0,0.9038,10632.0
1753547012331,16:23:32.331,AERO/USDT:USDT,0.903,735.0,0.9025,2.0,0.9032,11.0,0.9038,10632.0
1753547013226,16:23:33.226,AERO/USDT:USDT,0.903,735.0,0.9025,2.0,0.9032,11.0,0.9041,132.0
1753547013333,16:23:33.333,AERO/USDT:USDT,0.903,735.0,0.9025,2.0,0.9032,12.0,0.9041,132.0
1753547014238,16:23:34.238,AERO/USDT:USDT,0.903,738.0,0.902,286.0,0.9032,15.0,0.9041,132.0
1753547014332,16:23:34.332,AERO/USDT:USDT,0.903,741.0,0.9018,1131.0,0.9032,14.0,0.9041,132.0
1753547015226,16:23:35.226,AERO/USDT:USDT,0.903,166.0,0.9018,1131.0,0.9032,14.0,0.9041,132.0
1753547016228,16:23:36.228,AERO/USDT:USDT,0.903,166.0,0.9018,1131.0,0.9032,20.0,0.9041,132.0
1753547016332,16:23:36.332,AERO/USDT:USDT,0.903,166.0,0.9018,1131.0,0.9032,22.0,0.9041,132.0
1753547017233,16:23:37.233,AERO/USDT:USDT,0.903,166.0,0.9023,1612.0,0.9032,22.0,0.9039,10629.0
1753547017333,16:23:37.333,AERO/USDT:USDT,0.903,164.0,0.9023,1612.0,0.9032,22.0,0.9039,10629.0
1753547018230,16:23:38.230,AERO/USDT:USDT,0.903,164.0,0.9018,1131.0,0.9032,307.0,0.9041,132.0
1753547019229,16:23:39.229,AERO/USDT:USDT,0.903,163.0,0.9018,1131.0,0.9032,305.0,0.9041,132.0
1753547019334,16:23:39.334,AERO/USDT:USDT,0.903,163.0,0.9018,1131.0,0.9032,308.0,0.9041,132.0
1753547020230,16:23:40.230,AERO/USDT:USDT,0.903,745.0,0.9018,1382.0,0.9032,23.0,0.9041,132.0
1753547020335,16:23:40.335,AERO/USDT:USDT,0.903,745.0,0.9018,1382.0,0.9032,21.0,0.9041,132.0
1753547021231,16:23:41.231,AERO/USDT:USDT,0.903,745.0,0.9018,3785.0,0.9032,15.0,0.9041,132.0
1753547021336,16:23:41.336,AERO/USDT:USDT,0.903,744.0,0.9018,3785.0,0.9032,15.0,0.9041,132.0
1753547022231,16:23:42.231,AERO/USDT:USDT,0.903,744.0,0.9024,13209.0,0.9032,15.0,0.9038,4058.0
1753547022336,16:23:42.336,AERO/USDT:USDT,0.903,744.0,0.9024,13209.0,0.9032,15.0,0.9038,4058.0
1753547023231,16:23:43.231,AERO/USDT:USDT,0.903,744.0,0.902,559.0,0.9032,15.0,0.9041,132.0
1753547024236,16:23:44.236,AERO/USDT:USDT,0.903,747.0,0.9018,1131.0,0.9032,17.0,0.9041,132.0
1753547024338,16:23:44.338,AERO/USDT:USDT,0.903,748.0,0.9021,6042.0,0.9032,17.0,0.9041,5241.0
1753547025233,16:23:45.233,AERO/USDT:USDT,0.903,166.0,0.9018,9484.0,0.9032,164.0,0.9041,132.0
1753547026234,16:23:46.234,AERO/USDT:USDT,0.903,748.0,0.9024,7401.0,0.9032,581.0,0.9039,11239.0
1753547026340,16:23:46.340,AERO/USDT:USDT,0.903,748.0,0.9024,7401.0,0.9032,581.0,0.9039,11239.0
1753547027234,16:23:47.234,AERO/USDT:USDT,0.903,748.0,0.9021,41.0,0.9032,581.0,0.9041,132.0
1753547027340,16:23:47.340,AERO/USDT:USDT,0.903,748.0,0.9018,1131.0,0.9032,581.0,0.9041,132.0
1753547028233,16:23:48.233,AERO/USDT:USDT,0.903,748.0,0.9025,8269.0,0.9032,581.0,0.9038,2105.0
1753547028341,16:23:48.341,AERO/USDT:USDT,0.903,745.0,0.9025,8269.0,0.9032,581.0,0.9038,2105.0
1753547029234,16:23:49.234,AERO/USDT:USDT,0.903,748.0,0.9025,8269.0,0.9032,578.0,0.9038,2105.0
1753547029340,16:23:49.340,AERO/USDT:USDT,0.903,748.0,0.9023,7839.0,0.9032,579.0,0.9039,2603.0
1753547030234,16:23:50.234,AERO/USDT:USDT,0.903,748.0,0.9028,4004.0,0.9032,579.0,0.9034,3743.0
1753547030342,16:23:50.342,AERO/USDT:USDT,0.903,748.0,0.9028,4004.0,0.9032,577.0,0.9034,3743.0
1753547031235,16:23:51.235,AERO/USDT:USDT,0.903,859.0,0.9019,357.0,0.9032,577.0,0.9041,727.0
1753547031342,16:23:51.342,AERO/USDT:USDT,0.903,859.0,0.9019,357.0,0.9032,579.0,0.9041,727.0
1753547032237,16:23:52.237,AERO/USDT:USDT,0.903,277.0,0.9028,2925.0,0.9032,579.0,0.9034,4828.0
1753547032343,16:23:52.343,AERO/USDT:USDT,0.903,276.0,0.9028,2925.0,0.9032,579.0,0.9034,4828.0
1753547033237,16:23:53.237,AERO/USDT:USDT,0.903,851.0,0.902,2844.0,0.9032,579.0,0.9041,727.0
1753547033344,16:23:53.344,AERO/USDT:USDT,0.903,848.0,0.902,2844.0,0.9032,579.0,0.9041,727.0
1753547034241,16:23:54.241,AERO/USDT:USDT,0.903,851.0,0.902,2844.0,0.9032,581.0,0.9041,132.0
1753547034347,16:23:54.347,AERO/USDT:USDT,0.903,276.0,0.9021,1679.0,0.9032,581.0,0.9041,132.0
1753547035238,16:23:55.238,AERO/USDT:USDT,0.903,276.0,0.902,2768.0,0.9032,581.0,0.9041,132.0
1753547036238,16:23:56.238,AERO/USDT:USDT,0.903,276.0,0.9027,9974.0,0.9032,581.0,0.9035,6535.0
1753547036346,16:23:56.346,AERO/USDT:USDT,0.903,276.0,0.9027,9974.0,0.9032,581.0,0.9035,6535.0
1753547037240,16:23:57.240,AERO/USDT:USDT,0.903,275.0,0.9025,1764.0,0.9032,581.0,0.9037,562.0
1753547037347,16:23:57.347,AERO/USDT:USDT,0.903,275.0,0.9025,1764.0,0.9032,579.0,0.9037,562.0
1753547038242,16:23:58.242,AERO/USDT:USDT,0.903,275.0,0.9023,10675.0,0.9032,579.0,0.904,10048.0
1753547038350,16:23:58.350,AERO/USDT:USDT,0.903,275.0,0.9023,10675.0,0.9032,580.0,0.904,10048.0
1753547039241,16:23:59.241,AERO/USDT:USDT,0.903,271.0,0.9023,10582.0,0.9032,580.0,0.904,10048.0
1753547039351,16:23:59.351,AERO/USDT:USDT,0.903,271.0,0.9018,1131.0,0.9032,577.0,0.9041,132.0
1753547040242,16:24:00.242,AERO/USDT:USDT,0.903,271.0,0.9018,1131.0,0.9032,577.0,0.9041,132.0
1753547040349,16:24:00.349,AERO/USDT:USDT,0.903,274.0,0.9018,1131.0,0.9032,577.0,0.9041,132.0
1753547041242,16:24:01.242,AERO/USDT:USDT,0.903,846.0,0.9018,1131.0,0.9032,583.0,0.9041,132.0
1753547041351,16:24:01.351,AERO/USDT:USDT,0.903,846.0,0.9018,1131.0,0.9032,585.0,0.9041,132.0
1753547042242,16:24:02.242,AERO/USDT:USDT,0.903,846.0,0.9019,4292.0,0.9032,579.0,0.9041,132.0
1753547042353,16:24:02.353,AERO/USDT:USDT,0.903,846.0,0.9019,4292.0,0.9032,579.0,0.9041,132.0
1753547043243,16:24:03.243,AERO/USDT:USDT,0.903,846.0,0.9018,1189.0,0.9032,579.0,0.9041,132.0
1753547043354,16:24:03.354,AERO/USDT:USDT,0.903,845.0,0.9018,1189.0,0.9032,579.0,0.9041,132.0
1753547044268,16:24:04.268,AERO/USDT:USDT,0.903,847.0,0.9018,1189.0,0.9032,580.0,0.9041,132.0
1753547044354,16:24:04.354,AERO/USDT:USDT,0.903,846.0,0.902,11234.0,0.9032,434.0,0.9041,132.0
1753547045247,16:24:05.247,AERO/USDT:USDT,0.903,846.0,0.902,1679.0,0.9032,434.0,0.9041,132.0
1753547045354,16:24:05.354,AERO/USDT:USDT,0.903,846.0,0.902,1679.0,0.9032,433.0,0.9041,132.0
1753547046247,16:24:06.247,AERO/USDT:USDT,0.903,846.0,0.9024,4367.0,0.9032,433.0,0.9038,5887.0
1753547046355,16:24:06.355,AERO/USDT:USDT,0.903,846.0,0.9024,4367.0,0.9032,434.0,0.9038,5887.0
1753547047245,16:24:07.245,AERO/USDT:USDT,0.903,846.0,0.9023,11034.0,0.9032,434.0,0.9039,7580.0
1753547047356,16:24:07.356,AERO/USDT:USDT,0.903,846.0,0.9023,11034.0,0.9032,434.0,0.9039,7580.0
1753547048247,16:24:08.247,AERO/USDT:USDT,0.903,846.0,0.9019,1521.0,0.9032,434.0,0.9041,132.0
1753547049247,16:24:09.247,AERO/USDT:USDT,0.903,849.0,0.9019,1131.0,0.9032,434.0,0.9041,132.0
1753547049357,16:24:09.357,AERO/USDT:USDT,0.903,849.0,0.9028,7774.0,0.9032,434.0,0.9034,6599.0
1753547050247,16:24:10.247,AERO/USDT:USDT,0.903,849.0,0.9019,1131.0,0.9032,17.0,0.9041,132.0
1753547050359,16:24:10.359,AERO/USDT:USDT,0.903,849.0,0.9019,1131.0,0.9032,17.0,0.9041,132.0
1753547051248,16:24:11.248,AERO/USDT:USDT,0.903,1074.0,0.9021,6345.0,0.9032,17.0,0.9041,10158.0
1753547051361,16:24:11.361,AERO/USDT:USDT,0.903,1074.0,0.9021,6345.0,0.9032,17.0,0.9041,10158.0
1753547051844,16:24:11.844,AERO/USDT:USDT,0.9033,1906.0,0.903,10.0,0.9035,9.0,0.9041,132.0
1753547052248,16:24:12.248,AERO/USDT:USDT,0.9033,586.0,0.903,10.0,0.9035,568.0,0.9041,132.0
1753547052361,16:24:12.361,AERO/USDT:USDT,0.9033,586.0,0.903,10.0,0.9035,572.0,0.9041,132.0
1753547053249,16:24:13.249,AERO/USDT:USDT,0.9033,586.0,0.903,10.0,0.9035,265.0,0.9041,132.0
1753547053315,16:24:13.315,AERO/USDT:USDT,0.9032,586.0,0.903,10.0,0.9035,265.0,0.9041,132.0
1753547053956,16:24:13.956,AERO/USDT:USDT,0.9032,4.0,0.9031,783.0,0.9035,265.0,0.9041,10282.0
1753547054536,16:24:14.536,AERO/USDT:USDT,0.9031,4.0,0.903,591.0,0.9034,6188.0,0.9035,3.0
1753547054674,16:24:14.674,AERO/USDT:USDT,0.9031,4.0,0.903,847.0,0.9033,1023.0,0.9035,3.0
1753547055249,16:24:15.249,AERO/USDT:USDT,0.9031,4.0,0.903,275.0,0.9032,263.0,0.9035,3.0
1753547055363,16:24:15.363,AERO/USDT:USDT,0.9031,4.0,0.903,275.0,0.9032,267.0,0.904,13202.0
1753547056250,16:24:16.250,AERO/USDT:USDT,0.9031,4.0,0.903,275.0,0.9032,267.0,0.9041,132.0
1753547056363,16:24:16.363,AERO/USDT:USDT,0.9031,4.0,0.903,275.0,0.9032,264.0,0.9041,132.0
1753547057250,16:24:17.250,AERO/USDT:USDT,0.9031,4.0,0.903,275.0,0.9032,264.0,0.9036,827.0
1753547057364,16:24:17.364,AERO/USDT:USDT,0.9031,4.0,0.903,275.0,0.9032,264.0,0.9036,827.0
1753547058252,16:24:18.252,AERO/USDT:USDT,0.9031,4.0,0.903,275.0,0.9032,280.0,0.9041,132.0
1753547058365,16:24:18.365,AERO/USDT:USDT,0.9031,4.0,0.903,275.0,0.9032,280.0,0.9041,132.0
1753547059253,16:24:19.253,AERO/USDT:USDT,0.903,276.0,0.9021,1131.0,0.9032,283.0,0.9041,132.0
1753547059365,16:24:19.365,AERO/USDT:USDT,0.903,276.0,0.9019,1131.0,0.9032,283.0,0.9041,132.0
1753547060254,16:24:20.254,AERO/USDT:USDT,0.903,276.0,0.9019,14468.0,0.9032,26.0,0.9041,132.0
1753547060365,16:24:20.365,AERO/USDT:USDT,0.903,280.0,0.9019,14468.0,0.9032,26.0,0.9041,132.0
1753547061258,16:24:21.258,AERO/USDT:USDT,0.903,280.0,0.9019,1131.0,0.9032,20.0,0.9041,132.0
1753547062256,16:24:22.256,AERO/USDT:USDT,0.903,289.0,0.9022,5585.0,0.9032,20.0,0.9041,2342.0
1753547062368,16:24:22.368,AERO/USDT:USDT,0.903,289.0,0.9022,5585.0,0.9032,20.0,0.9041,2342.0
1753547063256,16:24:23.256,AERO/USDT:USDT,0.903,289.0,0.9023,15673.0,0.9032,26.0,0.9039,2905.0
1753547063369,16:24:23.369,AERO/USDT:USDT,0.903,288.0,0.9023,15673.0,0.9032,26.0,0.9039,2905.0
1753547064263,16:24:24.263,AERO/USDT:USDT,0.903,287.0,0.9023,15673.0,0.9032,25.0,0.9039,2905.0
1753547064368,16:24:24.368,AERO/USDT:USDT,0.903,287.0,0.9019,7931.0,0.9032,25.0,0.9041,132.0
1753547065259,16:24:25.259,AERO/USDT:USDT,0.903,287.0,0.9019,1131.0,0.9032,25.0,0.9041,132.0
1753547066258,16:24:26.258,AERO/USDT:USDT,0.903,287.0,0.9026,3256.0,0.9032,716.0,0.9036,7914.0
1753547066369,16:24:26.369,AERO/USDT:USDT,0.903,287.0,0.9026,3256.0,0.9032,717.0,0.9036,7914.0
1753547067259,16:24:27.259,AERO/USDT:USDT,0.903,287.0,0.9019,1131.0,0.9032,727.0,0.9041,132.0
1753547067370,16:24:27.370,AERO/USDT:USDT,0.903,287.0,0.9019,1131.0,0.9032,727.0,0.9041,132.0
1753547068260,16:24:28.260,AERO/USDT:USDT,0.903,287.0,0.9019,1131.0,0.9032,727.0,0.9041,132.0
1753547068370,16:24:28.370,AERO/USDT:USDT,0.903,286.0,0.9019,1131.0,0.9032,727.0,0.9041,132.0
1753547069371,16:24:29.371,AERO/USDT:USDT,0.903,287.0,0.9025,8088.0,0.9032,721.0,0.9038,17158.0
1753547070261,16:24:30.261,AERO/USDT:USDT,0.903,881.0,0.9019,1131.0,0.9032,721.0,0.9041,132.0
1753547070372,16:24:30.372,AERO/USDT:USDT,0.903,883.0,0.9019,1131.0,0.9032,721.0,0.9041,132.0
1753547071263,16:24:31.263,AERO/USDT:USDT,0.903,966.0,0.9019,1131.0,0.9032,721.0,0.9041,132.0
1753547071373,16:24:31.373,AERO/USDT:USDT,0.903,966.0,0.9019,1131.0,0.9032,721.0,0.9041,132.0
1753547072372,16:24:32.372,AERO/USDT:USDT,0.903,962.0,0.9024,545.0,0.9032,721.0,0.9038,3597.0
1753547073374,16:24:33.374,AERO/USDT:USDT,0.903,962.0,0.902,784.0,0.9032,721.0,0.9041,132.0
1753547074278,16:24:34.278,AERO/USDT:USDT,0.903,962.0,0.9019,1131.0,0.9032,20.0,0.9041,132.0
1753547074375,16:24:34.375,AERO/USDT:USDT,0.903,966.0,0.9019,1131.0,0.9032,24.0,0.9041,132.0
1753547075267,16:24:35.267,AERO/USDT:USDT,0.903,966.0,0.9024,2413.0,0.9032,24.0,0.9038,16040.0
1753547075376,16:24:35.376,AERO/USDT:USDT,0.903,966.0,0.9024,2413.0,0.9032,21.0,0.9038,16040.0
1753547076380,16:24:36.380,AERO/USDT:USDT,0.903,1671.0,0.9019,1131.0,0.9032,23.0,0.9041,132.0
1753547077377,16:24:37.377,AERO/USDT:USDT,0.903,2331.0,0.9027,9026.0,0.9032,23.0,0.9035,5333.0
1753547078378,16:24:38.378,AERO/USDT:USDT,0.903,2331.0,0.9019,15513.0,0.9032,23.0,0.9041,132.0
1753547079379,16:24:39.379,AERO/USDT:USDT,0.903,2331.0,0.902,388.0,0.9032,21.0,0.9041,132.0
1753547080271,16:24:40.271,AERO/USDT:USDT,0.903,2331.0,0.9022,14924.0,0.9032,21.0,0.9041,12980.0
1753547080380,16:24:40.380,AERO/USDT:USDT,0.903,2330.0,0.9022,14924.0,0.9032,21.0,0.9041,12980.0
1753547081381,16:24:41.381,AERO/USDT:USDT,0.903,2030.0,0.9024,10861.0,0.9032,23.0,0.9038,5788.0
1753547081676,16:24:41.676,AERO/USDT:USDT,0.903,1920.0,0.9019,1131.0,0.9032,7.0,0.9033,16.0
1753547081774,16:24:41.774,AERO/USDT:USDT,0.9034,573.0,0.903,9.0,0.9036,16.0,0.9041,132.0
1753547082272,16:24:42.272,AERO/USDT:USDT,0.9034,1147.0,0.903,9.0,0.9036,7.0,0.9041,132.0
1753547082383,16:24:42.383,AERO/USDT:USDT,0.9034,1150.0,0.903,5.0,0.9036,7.0,0.9041,132.0
1753547083273,16:24:43.273,AERO/USDT:USDT,0.9034,1110.0,0.903,5.0,0.9036,17.0,0.9041,132.0
1753547083382,16:24:43.382,AERO/USDT:USDT,0.9034,1110.0,0.903,5.0,0.9036,17.0,0.9041,132.0
1753547084274,16:24:44.274,AERO/USDT:USDT,0.9034,1111.0,0.903,5.0,0.9036,21.0,0.9041,132.0
1753547084384,16:24:44.384,AERO/USDT:USDT,0.9034,1331.0,0.903,5.0,0.9036,21.0,0.9041,132.0
1753547085275,16:24:45.275,AERO/USDT:USDT,0.9034,1072.0,0.903,5.0,0.9036,21.0,0.9041,132.0
1753547085384,16:24:45.384,AERO/USDT:USDT,0.9034,1072.0,0.903,5.0,0.9036,21.0,0.9041,132.0
1753547086278,16:24:46.278,AERO/USDT:USDT,0.9034,1072.0,0.903,5.0,0.9036,21.0,0.9041,132.0
1753547086386,16:24:46.386,AERO/USDT:USDT,0.9034,1072.0,0.903,5.0,0.9036,21.0,0.9041,132.0
1753547087277,16:24:47.277,AERO/USDT:USDT,0.9034,1402.0,0.903,5.0,0.9036,21.0,0.9041,132.0
1753547087385,16:24:47.385,AERO/USDT:USDT,0.9034,1402.0,0.903,5.0,0.9036,19.0,0.9041,132.0
1753547088279,16:24:48.279,AERO/USDT:USDT,0.9034,1286.0,0.903,5.0,0.9036,19.0,0.9041,132.0
1753547088386,16:24:48.386,AERO/USDT:USDT,0.9034,1284.0,0.903,5.0,0.9036,19.0,0.9041,132.0
1753547089280,16:24:49.280,AERO/USDT:USDT,0.9034,1283.0,0.903,5.0,0.9036,19.0,0.9041,132.0
1753547089386,16:24:49.386,AERO/USDT:USDT,0.9034,843.0,0.903,5.0,0.9036,21.0,0.9041,132.0
1753547090280,16:24:50.280,AERO/USDT:USDT,0.9034,733.0,0.903,5.0,0.9036,155.0,0.9041,132.0
1753547091281,16:24:51.281,AERO/USDT:USDT,0.9034,1017.0,0.903,14263.0,0.9036,21.0,0.904,2224.0
1753547092282,16:24:52.282,AERO/USDT:USDT,0.9034,1709.0,0.903,5.0,0.9036,21.0,0.9041,132.0
1753547092388,16:24:52.388,AERO/USDT:USDT,0.9034,1709.0,0.903,5.0,0.9036,21.0,0.9041,132.0
1753547093282,16:24:53.282,AERO/USDT:USDT,0.9034,1799.0,0.903,5.0,0.9036,21.0,0.9041,132.0
1753547093388,16:24:53.388,AERO/USDT:USDT,0.9034,1799.0,0.903,5.0,0.9036,18.0,0.9041,132.0
1753547094284,16:24:54.284,AERO/USDT:USDT,0.9034,1799.0,0.903,5.0,0.9036,18.0,0.9041,132.0
1753547094391,16:24:54.391,AERO/USDT:USDT,0.9034,2129.0,0.903,5.0,0.9036,21.0,0.9041,132.0
1753547095283,16:24:55.283,AERO/USDT:USDT,0.9034,2129.0,0.903,5.0,0.9036,21.0,0.9041,132.0
1753547095390,16:24:55.390,AERO/USDT:USDT,0.9034,2131.0,0.903,5.0,0.9036,21.0,0.9041,132.0
1753547096285,16:24:56.285,AERO/USDT:USDT,0.9034,2038.0,0.903,5.0,0.9036,21.0,0.9041,132.0
1753547096390,16:24:56.390,AERO/USDT:USDT,0.9034,2036.0,0.903,5.0,0.9036,21.0,0.9041,132.0
1753547097286,16:24:57.286,AERO/USDT:USDT,0.9034,2036.0,0.903,5.0,0.9036,21.0,0.9041,132.0
1753547098287,16:24:58.287,AERO/USDT:USDT,0.9034,1920.0,0.903,5.0,0.9036,21.0,0.9041,132.0
1753547098391,16:24:58.391,AERO/USDT:USDT,0.9034,1920.0,0.903,5.0,0.9036,21.0,0.9041,132.0
1753547099287,16:24:59.287,AERO/USDT:USDT,0.9034,1921.0,0.903,5.0,0.9036,19.0,0.9041,132.0
1753547099393,16:24:59.393,AERO/USDT:USDT,0.9034,1701.0,0.903,5.0,0.9036,19.0,0.9041,132.0
1753547100289,16:25:00.289,AERO/USDT:USDT,0.9034,1403.0,0.903,5.0,0.9036,19.0,0.9041,132.0
1753547100393,16:25:00.393,AERO/USDT:USDT,0.9034,1403.0,0.903,5.0,0.9036,20.0,0.9041,132.0
1753547101395,16:25:01.395,AERO/USDT:USDT,0.9034,23.0,0.903,5.0,0.9036,400.0,0.9041,132.0
1753547102394,16:25:02.394,AERO/USDT:USDT,0.9034,23.0,0.903,5.0,0.9036,496.0,0.9041,132.0
1753547103289,16:25:03.289,AERO/USDT:USDT,0.9034,155.0,0.903,5754.0,0.9036,732.0,0.9041,3970.0
1753547103399,16:25:03.399,AERO/USDT:USDT,0.9034,155.0,0.903,5754.0,0.9036,732.0,0.9041,3970.0
1753547104397,16:25:04.397,AERO/USDT:USDT,0.9034,159.0,0.9029,2262.0,0.9036,736.0,0.9041,132.0
1753547105398,16:25:05.398,AERO/USDT:USDT,0.9034,159.0,0.9029,524.0,0.9036,1132.0,0.9041,132.0
1753547105709,16:25:05.709,AERO/USDT:USDT,0.9034,7.0,0.9032,152.0,0.9036,1347.0,0.9041,132.0
1753547106485,16:25:06.485,AERO/USDT:USDT,0.9031,659.0,0.9028,4158.0,0.9033,987.0,0.9036,6210.0
1753547106635,16:25:06.635,AERO/USDT:USDT,0.9031,583.0,0.9027,2479.0,0.9034,119.0,0.9036,7.0
1753547107146,16:25:07.146,AERO/USDT:USDT,0.9032,699.0,0.9027,2479.0,0.9035,6.0,0.9036,7.0
1753547107268,16:25:07.268,AERO/USDT:USDT,0.9033,109.0,0.9029,11514.0,0.9036,723.0,0.9041,9323.0
1753547107406,16:25:07.406,AERO/USDT:USDT,0.9032,114.0,0.9027,2479.0,0.9036,723.0,0.9041,132.0
1753547108290,16:25:08.290,AERO/USDT:USDT,0.9032,595.0,0.9027,2479.0,0.9035,681.0,0.9036,7.0
1753547108401,16:25:08.401,AERO/USDT:USDT,0.9032,595.0,0.9027,2479.0,0.9035,683.0,0.9036,3.0
1753547108775,16:25:08.775,AERO/USDT:USDT,0.9032,5.0,0.9031,590.0,0.9035,683.0,0.9036,3.0
1753547109294,16:25:09.294,AERO/USDT:USDT,0.9031,593.0,0.9028,1597.0,0.9035,683.0,0.9036,3.0
1753547109550,16:25:09.550,AERO/USDT:USDT,0.9031,587.0,0.9029,8620.0,0.9037,10693.0,0.9041,10310.0
1753547109870,16:25:09.870,AERO/USDT:USDT,0.9032,590.0,0.9031,4.0,0.9035,246.0,0.9041,132.0
1753547110019,16:25:10.019,AERO/USDT:USDT,0.9031,594.0,0.9027,2479.0,0.9035,246.0,0.9041,132.0
1753547110292,16:25:10.292,AERO/USDT:USDT,0.9032,590.0,0.9031,4.0,0.9035,246.0,0.9041,132.0
1753547110403,16:25:10.403,AERO/USDT:USDT,0.9032,590.0,0.9031,4.0,0.9035,246.0,0.9041,132.0
1753547110729,16:25:10.729,AERO/USDT:USDT,0.9033,605.0,0.9031,2935.0,0.9035,246.0,0.9037,6533.0
1753547111294,16:25:11.294,AERO/USDT:USDT,0.9033,647.0,0.9031,4.0,0.9035,246.0,0.9041,132.0
1753547111406,16:25:11.406,AERO/USDT:USDT,0.9033,647.0,0.9031,4.0,0.9035,246.0,0.9041,132.0
1753547112293,16:25:12.293,AERO/USDT:USDT,0.9033,647.0,0.9031,4.0,0.9035,246.0,0.9041,132.0
1753547112403,16:25:12.403,AERO/USDT:USDT,0.9033,647.0,0.9031,4.0,0.9035,246.0,0.9041,132.0
1753547113294,16:25:13.294,AERO/USDT:USDT,0.9033,57.0,0.9031,4.0,0.9035,246.0,0.9041,132.0
1753547113405,16:25:13.405,AERO/USDT:USDT,0.9033,57.0,0.9031,4.0,0.9035,250.0,0.9041,132.0
1753547114297,16:25:14.297,AERO/USDT:USDT,0.9033,58.0,0.9027,2479.0,0.9035,250.0,0.9041,132.0
1753547114406,16:25:14.406,AERO/USDT:USDT,0.9033,58.0,0.9027,2479.0,0.9035,250.0,0.9041,132.0
1753547115255,16:25:15.255,AERO/USDT:USDT,0.903,7.0,0.9027,2479.0,0.9033,1351.0,0.9035,4.0
1753547115406,16:25:15.406,AERO/USDT:USDT,0.903,9.0,0.9027,2479.0,0.9033,479.0,0.9035,4.0
1753547115755,16:25:15.755,AERO/USDT:USDT,0.903,9.0,0.9027,2479.0,0.9032,479.0,0.9035,4.0
1753547115907,16:25:15.907,AERO/USDT:USDT,0.9029,9.0,0.9027,2479.0,0.9032,567.0,0.9035,4.0
1753547116298,16:25:16.298,AERO/USDT:USDT,0.9029,9.0,0.9027,2479.0,0.9031,250.0,0.9035,4.0
1753547116407,16:25:16.407,AERO/USDT:USDT,0.9029,9.0,0.9027,2479.0,0.9031,250.0,0.9035,4.0
1753547117298,16:25:17.298,AERO/USDT:USDT,0.9029,9.0,0.9027,2479.0,0.9031,250.0,0.9035,4.0
1753547117408,16:25:17.408,AERO/USDT:USDT,0.9029,9.0,0.9027,2479.0,0.9031,253.0,0.9041,4715.0
1753547118299,16:25:18.299,AERO/USDT:USDT,0.9029,9.0,0.9027,2479.0,0.9031,253.0,0.9041,132.0
1753547118414,16:25:18.414,AERO/USDT:USDT,0.9029,9.0,0.9027,2479.0,0.9031,254.0,0.9041,132.0
1753547118826,16:25:18.826,AERO/USDT:USDT,0.9029,9.0,0.9027,2479.0,0.9031,4.0,0.9032,250.0
1753547119117,16:25:19.117,AERO/USDT:USDT,0.9032,96.0,0.9027,2479.0,0.9036,5298.0,0.9041,132.0
1753547119299,16:25:19.299,AERO/USDT:USDT,0.9032,101.0,0.9027,2479.0,0.9036,5301.0,0.9041,132.0
1753547119408,16:25:19.408,AERO/USDT:USDT,0.9032,855.0,0.9027,2479.0,0.9036,5307.0,0.9041,132.0
1753547120300,16:25:20.300,AERO/USDT:USDT,0.9032,794.0,0.9027,2479.0,0.9036,5457.0,0.9041,132.0
1753547120409,16:25:20.409,AERO/USDT:USDT,0.9032,794.0,0.9027,2479.0,0.9036,5457.0,0.9041,132.0
1753547121305,16:25:21.305,AERO/USDT:USDT,0.9032,794.0,0.903,10414.0,0.9036,5607.0,0.9038,5094.0
1753547121412,16:25:21.412,AERO/USDT:USDT,0.9032,793.0,0.903,10414.0,0.9036,5607.0,0.9038,5094.0
1753547121645,16:25:21.645,AERO/USDT:USDT,0.9033,789.0,0.9032,4.0,0.9036,5607.0,0.9041,132.0
1753547122304,16:25:22.304,AERO/USDT:USDT,0.9033,14.0,0.9032,4.0,0.9036,5607.0,0.9041,132.0
1753547122412,16:25:22.412,AERO/USDT:USDT,0.9033,19.0,0.9027,2479.0,0.9036,5607.0,0.9041,132.0
1753547123305,16:25:23.305,AERO/USDT:USDT,0.9033,19.0,0.903,880.0,0.9035,903.0,0.9036,3.0
1753547123414,16:25:23.414,AERO/USDT:USDT,0.9033,19.0,0.903,880.0,0.9035,907.0,0.9038,8414.0
1753547124307,16:25:24.307,AERO/USDT:USDT,0.9033,17.0,0.903,880.0,0.9035,905.0,0.9038,8414.0
1753547124407,16:25:24.407,AERO/USDT:USDT,0.9033,3.0,0.9032,14.0,0.9034,913.0,0.9035,2.0
1753547124756,16:25:24.756,AERO/USDT:USDT,0.903,9.0,0.9027,2479.0,0.9032,4669.0,0.9034,2.0
1753547124996,16:25:24.996,AERO/USDT:USDT,0.9029,9.0,0.9027,2479.0,0.9032,5071.0,0.9034,2.0
1753547125306,16:25:25.306,AERO/USDT:USDT,0.9029,9.0,0.9027,2479.0,0.9032,5412.0,0.9034,2.0
1753547125412,16:25:25.412,AERO/USDT:USDT,0.9029,10.0,0.9027,2479.0,0.9032,5412.0,0.9034,2.0
1753547126306,16:25:26.306,AERO/USDT:USDT,0.9029,10.0,0.9027,2479.0,0.9032,5722.0,0.9034,2.0
1753547126414,16:25:26.414,AERO/USDT:USDT,0.9029,10.0,0.9027,2479.0,0.9032,5722.0,0.9034,2.0
1753547127306,16:25:27.306,AERO/USDT:USDT,0.9029,10.0,0.9027,2479.0,0.9032,5626.0,0.9034,2.0
1753547128085,16:25:28.085,AERO/USDT:USDT,0.903,1515.0,0.9029,1.0,0.9034,2.0,0.9035,4675.0
1753547128307,16:25:28.307,AERO/USDT:USDT,0.9032,786.0,0.9029,1.0,0.9034,2.0,0.9035,10.0
1753547128495,16:25:28.495,AERO/USDT:USDT,0.9031,594.0,0.9029,1.0,0.9035,274.0,0.9041,132.0
1753547129320,16:25:29.320,AERO/USDT:USDT,0.9031,646.0,0.9027,2479.0,0.9034,279.0,0.9041,132.0
1753547129416,16:25:29.416,AERO/USDT:USDT,0.9031,647.0,0.9027,2479.0,0.9034,279.0,0.9041,132.0
1753547129827,16:25:29.827,AERO/USDT:USDT,0.9031,53.0,0.9027,2479.0,0.9033,1161.0,0.9034,3.0
1753547130417,16:25:30.417,AERO/USDT:USDT,0.9031,53.0,0.9027,2479.0,0.9033,557.0,0.9041,132.0
1753547131417,16:25:31.417,AERO/USDT:USDT,0.9031,13.0,0.9027,2479.0,0.9033,247.0,0.904,470.0
1753547132311,16:25:32.311,AERO/USDT:USDT,0.9031,13.0,0.9027,2479.0,0.9033,397.0,0.9041,132.0
1753547132418,16:25:32.418,AERO/USDT:USDT,0.9031,13.0,0.9027,2479.0,0.9033,397.0,0.9041,132.0
1753547133312,16:25:33.312,AERO/USDT:USDT,0.9031,13.0,0.9029,9832.0,0.9033,553.0,0.9035,3684.0
1753547133421,16:25:33.421,AERO/USDT:USDT,0.9031,13.0,0.9029,9832.0,0.9033,553.0,0.9035,3684.0
1753547134419,16:25:34.419,AERO/USDT:USDT,0.9031,14.0,0.9026,1320.0,0.9033,556.0,0.9039,805.0
1753547135313,16:25:35.313,AERO/USDT:USDT,0.9031,14.0,0.9029,9133.0,0.9033,556.0,0.9035,12720.0
1753547135421,16:25:35.421,AERO/USDT:USDT,0.9031,14.0,0.9029,9133.0,0.9033,556.0,0.9035,12720.0
1753547136421,16:25:36.421,AERO/USDT:USDT,0.9031,14.0,0.9026,653.0,0.9033,1437.0,0.9039,805.0
1753547137315,16:25:37.315,AERO/USDT:USDT,0.9031,14.0,0.9026,653.0,0.9033,1414.0,0.9039,805.0
1753547137422,16:25:37.422,AERO/USDT:USDT,0.9031,14.0,0.9026,653.0,0.9033,1414.0,0.9039,805.0
1753547138422,16:25:38.422,AERO/USDT:USDT,0.9031,14.0,0.9026,653.0,0.9033,1413.0,0.9039,805.0
1753547139422,16:25:39.422,AERO/USDT:USDT,0.9031,12.0,0.9029,1719.0,0.9033,1510.0,0.9036,1207.0
1753547140318,16:25:40.318,AERO/USDT:USDT,0.9031,3.0,0.903,1524.0,0.9032,1430.0,0.9033,6.0
1753547140423,16:25:40.423,AERO/USDT:USDT,0.9031,1.0,0.903,1529.0,0.9032,1430.0,0.9033,6.0
1753547141320,16:25:41.320,AERO/USDT:USDT,0.9031,1.0,0.903,1529.0,0.9032,1136.0,0.9033,6.0
1753547141425,16:25:41.425,AERO/USDT:USDT,0.9031,1.0,0.903,1529.0,0.9032,1136.0,0.9033,6.0
1753547142425,16:25:42.425,AERO/USDT:USDT,0.9031,1.0,0.903,1529.0,0.9032,1136.0,0.9033,6.0
1753547143428,16:25:43.428,AERO/USDT:USDT,0.9031,1.0,0.903,1529.0,0.9032,1139.0,0.9033,4.0
1753547144323,16:25:44.323,AERO/USDT:USDT,0.9031,1.0,0.903,1527.0,0.9032,1137.0,0.9033,4.0
1753547144428,16:25:44.428,AERO/USDT:USDT,0.9031,1.0,0.903,1528.0,0.9032,1137.0,0.9033,4.0
1753547145322,16:25:45.322,AERO/USDT:USDT,0.9031,1.0,0.903,1528.0,0.9032,1137.0,0.9033,4.0
1753547145428,16:25:45.428,AERO/USDT:USDT,0.9031,1.0,0.903,1528.0,0.9032,1137.0,0.9033,4.0
1753547146430,16:25:46.430,AERO/USDT:USDT,0.9031,1.0,0.903,1528.0,0.9032,545.0,0.9033,4.0
1753547147366,16:25:47.366,AERO/USDT:USDT,0.9026,1427.0,0.9024,1520.0,0.903,936.0,0.9032,1.0
1753547147726,16:25:47.726,AERO/USDT:USDT,0.9028,593.0,0.9026,653.0,0.903,343.0,0.9032,1.0
1753547148432,16:25:48.432,AERO/USDT:USDT,0.9028,593.0,0.9026,653.0,0.903,104.0,0.9033,4.0
1753547149326,16:25:49.326,AERO/USDT:USDT,0.9028,598.0,0.9026,653.0,0.903,102.0,0.9033,4.0
1753547149432,16:25:49.432,AERO/USDT:USDT,0.9028,598.0,0.9026,653.0,0.903,104.0,0.9033,4.0
1753547150328,16:25:50.328,AERO/USDT:USDT,0.9028,654.0,0.9026,653.0,0.903,104.0,0.9033,4.0
1753547150434,16:25:50.434,AERO/USDT:USDT,0.9028,654.0,0.9026,653.0,0.903,104.0,0.9033,4.0
1753547151328,16:25:51.328,AERO/USDT:USDT,0.9028,5.0,0.9027,9.0,0.9029,99.0,0.903,5.0
1753547151433,16:25:51.433,AERO/USDT:USDT,0.9028,5.0,0.9027,9.0,0.9029,99.0,0.903,5.0
1753547152329,16:25:52.329,AERO/USDT:USDT,0.9028,5.0,0.9027,9.0,0.9029,343.0,0.903,5.0
1753547152436,16:25:52.436,AERO/USDT:USDT,0.9026,675.0,0.9024,1520.0,0.9028,441.0,0.903,5.0
1753547153168,16:25:53.168,AERO/USDT:USDT,0.9026,657.0,0.9025,615.0,0.9029,1111.0,0.903,5.0
1753547153330,16:25:53.330,AERO/USDT:USDT,0.9026,657.0,0.9025,615.0,0.9029,811.0,0.903,5.0
1753547154384,16:25:54.384,AERO/USDT:USDT,0.9026,653.0,0.9025,617.0,0.9029,1421.0,0.9033,4.0
1753547154438,16:25:54.438,AERO/USDT:USDT,0.9026,653.0,0.9025,619.0,0.9029,1421.0,0.9033,4.0
1753547155331,16:25:55.331,AERO/USDT:USDT,0.9026,653.0,0.9025,715.0,0.9029,828.0,0.9033,4.0
1753547155435,16:25:55.435,AERO/USDT:USDT,0.9026,653.0,0.9025,712.0,0.9029,828.0,0.9033,4.0
1753547156437,16:25:56.437,AERO/USDT:USDT,0.9026,653.0,0.9025,712.0,0.9029,747.0,0.9033,4.0
1753547157436,16:25:57.436,AERO/USDT:USDT,0.9026,653.0,0.9025,616.0,0.9029,749.0,0.9033,4.0
1753547158335,16:25:58.335,AERO/USDT:USDT,0.9026,653.0,0.9025,808.0,0.9029,353.0,0.9033,7267.0
1753547158439,16:25:58.439,AERO/USDT:USDT,0.9026,653.0,0.9025,808.0,0.9029,352.0,0.9033,7267.0
1753547159335,16:25:59.335,AERO/USDT:USDT,0.9026,653.0,0.9025,810.0,0.9029,350.0,0.9033,7267.0
1753547159439,16:25:59.439,AERO/USDT:USDT,0.9026,653.0,0.9025,713.0,0.9029,350.0,0.9033,4.0
1753547160442,16:26:00.442,AERO/USDT:USDT,0.9026,653.0,0.9025,821.0,0.9029,344.0,0.9033,12774.0
1753547161442,16:26:01.442,AERO/USDT:USDT,0.9026,653.0,0.9025,821.0,0.9029,647.0,0.9031,9960.0
1753547162442,16:26:02.442,AERO/USDT:USDT,0.9026,653.0,0.9025,900.0,0.9029,644.0,0.9033,4.0
1753547163442,16:26:03.442,AERO/USDT:USDT,0.9026,653.0,0.9025,900.0,0.9029,644.0,0.9033,4.0
1753547163729,16:26:03.729,AERO/USDT:USDT,0.9026,653.0,0.9025,4.0,0.9027,1309.0,0.9029,1.0
1753547164444,16:26:04.444,AERO/USDT:USDT,0.9023,607.0,0.9012,1131.0,0.9027,1467.0,0.9038,1048.0
1753547164806,16:26:04.806,AERO/USDT:USDT,0.9023,607.0,0.9017,1246.0,0.9025,1462.0,0.9027,5.0
1753547165338,16:26:05.338,AERO/USDT:USDT,0.9023,12.0,0.9012,1131.0,0.9025,975.0,0.9027,5.0
1753547166447,16:26:06.447,AERO/USDT:USDT,0.9023,14.0,0.9017,6505.0,0.9025,1054.0,0.9027,5.0
1753547167449,16:26:07.449,AERO/USDT:USDT,0.9023,14.0,0.9018,4676.0,0.9025,1576.0,0.9027,3.0
1753547168342,16:26:08.342,AERO/USDT:USDT,0.9023,14.0,0.9012,3152.0,0.9025,1180.0,0.9027,3.0
1753547168447,16:26:08.447,AERO/USDT:USDT,0.9023,14.0,0.9012,3152.0,0.9025,1182.0,0.9027,3.0
1753547169343,16:26:09.343,AERO/USDT:USDT,0.9023,13.0,0.9012,3152.0,0.9025,1182.0,0.9027,3.0
1753547169447,16:26:09.447,AERO/USDT:USDT,0.9023,12.0,0.9019,9361.0,0.9025,1278.0,0.9027,3.0
1753547170348,16:26:10.348,AERO/USDT:USDT,0.9023,594.0,0.9011,6779.0,0.9025,454.0,0.9027,3.0
1753547170454,16:26:10.454,AERO/USDT:USDT,0.9023,594.0,0.9011,6779.0,0.9025,455.0,0.9027,3.0
1753547170917,16:26:10.917,AERO/USDT:USDT,0.9023,5.0,0.9021,589.0,0.9025,45.0,0.9027,3.0
1753547171449,16:26:11.449,AERO/USDT:USDT,0.9021,7.0,0.9017,4231.0,0.9024,1918.0,0.9027,3.0
1753547172345,16:26:12.345,AERO/USDT:USDT,0.9021,589.0,0.9013,6058.0,0.9024,540.0,0.9027,3.0
1753547172450,16:26:12.450,AERO/USDT:USDT,0.9021,592.0,0.9013,6058.0,0.9024,540.0,0.9027,3.0
1753547174506,16:26:14.506,AERO/USDT:USDT,0.9023,922.0,0.9021,9721.0,0.9027,1035.0,0.9028,2.0
1753547175452,16:26:15.452,AERO/USDT:USDT,0.9023,1014.0,0.9013,1131.0,0.9027,235.0,0.9028,2.0
1753547176450,16:26:16.450,AERO/USDT:USDT,0.9024,1013.0,0.9023,1.0,0.9027,235.0,0.9028,2.0
1753547176677,16:26:16.677,AERO/USDT:USDT,0.9024,1054.0,0.9023,1.0,0.9027,3.0,0.9028,234.0
1753547177350,16:26:17.350,AERO/USDT:USDT,0.9024,1054.0,0.9023,1.0,0.9027,3.0,0.9028,570.0
1753547178352,16:26:18.352,AERO/USDT:USDT,0.9024,862.0,0.9023,1.0,0.9027,3.0,0.9028,570.0
1753547178459,16:26:18.459,AERO/USDT:USDT,0.9024,862.0,0.9023,1.0,0.9027,3.0,0.9028,572.0
1753547179457,16:26:19.457,AERO/USDT:USDT,0.9024,959.0,0.9013,1131.0,0.9027,3.0,0.9028,570.0
1753547180457,16:26:20.457,AERO/USDT:USDT,0.9024,1055.0,0.9013,1131.0,0.9027,3.0,0.9028,571.0
1753547181459,16:26:21.459,AERO/USDT:USDT,0.9024,1055.0,0.9014,5283.0,0.9027,3.0,0.9028,571.0
