timestamp,time,symbol,bid1_price,bid1_volume,bid2_price,bid2_volume,ask1_price,ask1_volume,ask2_price,ask2_volume
1753546952824,16:22:32.824,AAVE/USDT:USDT,294.726,7.0,294.68,47.0,294.773,7.0,294.826,9.0
1753546953217,16:22:33.217,AAVE/USDT:USDT,294.726,7.0,294.68,47.0,294.773,7.0,294.826,9.0
1753546953311,16:22:33.311,AAVE/USDT:USDT,294.726,7.0,294.68,47.0,294.773,7.0,294.826,9.0
1753546953445,16:22:33.445,AAVE/USDT:USDT,294.726,7.0,294.68,47.0,294.773,7.0,294.826,9.0
1753546953596,16:22:33.596,AAVE/USDT:USDT,294.726,7.0,294.68,47.0,294.773,7.0,294.826,9.0
1753546953825,16:22:33.825,AAVE/USDT:USDT,294.726,7.0,294.68,47.0,294.773,7.0,294.826,9.0
1753546953916,16:22:33.916,AAVE/USDT:USDT,294.726,7.0,294.68,47.0,294.773,7.0,294.826,9.0
1753546954064,16:22:34.064,AAVE/USDT:USDT,294.726,7.0,294.68,47.0,294.773,7.0,294.826,9.0
1753546954209,16:22:34.209,AAVE/USDT:USDT,294.726,7.0,294.68,47.0,294.773,7.0,294.826,9.0
1753546954321,16:22:34.321,AAVE/USDT:USDT,294.726,7.0,294.68,47.0,294.773,7.0,294.826,9.0
1753546954470,16:22:34.470,AAVE/USDT:USDT,294.726,7.0,294.68,47.0,294.773,7.0,294.826,9.0
1753546954545,16:22:34.545,AAVE/USDT:USDT,294.726,7.0,294.68,47.0,294.773,7.0,294.826,9.0
1753546954572,16:22:34.572,AAVE/USDT:USDT,294.726,7.0,294.68,47.0,294.773,7.0,294.826,9.0
1753546954621,16:22:34.621,AAVE/USDT:USDT,294.726,7.0,294.68,47.0,294.773,7.0,294.826,9.0
1753546954654,16:22:34.654,AAVE/USDT:USDT,294.726,7.0,294.68,47.0,294.773,7.0,294.826,9.0
1753546954673,16:22:34.673,AAVE/USDT:USDT,294.726,7.0,294.68,47.0,294.773,7.0,294.826,9.0
1753546954726,16:22:34.726,AAVE/USDT:USDT,294.726,7.0,294.68,47.0,294.773,7.0,294.826,9.0
1753546954757,16:22:34.757,AAVE/USDT:USDT,294.726,7.0,294.68,47.0,294.773,7.0,294.826,9.0
1753546954788,16:22:34.788,AAVE/USDT:USDT,294.726,7.0,294.68,47.0,294.773,7.0,294.826,9.0
1753546954880,16:22:34.880,AAVE/USDT:USDT,294.726,7.0,294.68,47.0,294.773,7.0,294.826,9.0
1753546955639,16:22:35.639,AAVE/USDT:USDT,294.726,7.0,294.68,47.0,294.773,7.0,294.826,9.0
1753546955640,16:22:35.640,AAVE/USDT:USDT,294.741,7.0,294.727,56.0,294.773,7.0,294.834,7.0
1753546955681,16:22:35.681,AAVE/USDT:USDT,294.741,7.0,294.727,56.0,294.834,7.0,294.836,1.0
1753546955721,16:22:35.721,AAVE/USDT:USDT,294.741,7.0,294.727,56.0,294.834,7.0,294.836,1.0
1753546955735,16:22:35.735,AAVE/USDT:USDT,294.741,7.0,294.728,47.0,294.834,7.0,294.836,1.0
1753546955846,16:22:35.846,AAVE/USDT:USDT,294.741,7.0,294.728,47.0,294.834,7.0,294.836,1.0
1753546955992,16:22:35.992,AAVE/USDT:USDT,294.741,7.0,294.728,47.0,294.834,7.0,294.836,1.0
1753546956368,16:22:36.368,AAVE/USDT:USDT,294.741,7.0,294.727,9.0,294.833,9.0,294.834,7.0
1753546956487,16:22:36.487,AAVE/USDT:USDT,294.741,7.0,294.728,47.0,294.819,7.0,294.833,9.0
1753546956726,16:22:36.726,AAVE/USDT:USDT,294.741,7.0,294.729,47.0,294.819,7.0,294.833,9.0
1753546956842,16:22:36.842,AAVE/USDT:USDT,294.741,7.0,294.729,47.0,294.819,7.0,294.833,9.0
1753546956845,16:22:36.845,AAVE/USDT:USDT,294.741,7.0,294.729,47.0,294.819,7.0,294.833,9.0
1753546956939,16:22:36.939,AAVE/USDT:USDT,294.741,7.0,294.68,47.0,294.819,7.0,294.834,7.0
1753546957797,16:22:37.797,AAVE/USDT:USDT,294.741,7.0,294.68,47.0,294.834,7.0,294.836,1.0
1753546958397,16:22:38.397,AAVE/USDT:USDT,294.741,7.0,294.68,47.0,294.834,7.0,294.836,1.0
1753546958579,16:22:38.579,AAVE/USDT:USDT,294.741,7.0,294.68,47.0,294.834,7.0,294.836,1.0
1753546958819,16:22:38.819,AAVE/USDT:USDT,294.741,7.0,294.68,47.0,294.832,9.0,294.834,7.0
1753546958835,16:22:38.835,AAVE/USDT:USDT,294.741,7.0,294.68,47.0,294.818,8.0,294.832,9.0
1753546958887,16:22:38.887,AAVE/USDT:USDT,294.741,7.0,294.68,47.0,294.818,8.0,294.832,9.0
1753546958957,16:22:38.957,AAVE/USDT:USDT,294.741,7.0,294.68,47.0,294.818,8.0,294.832,9.0
1753546959118,16:22:39.118,AAVE/USDT:USDT,294.741,7.0,294.68,47.0,294.818,8.0,294.832,9.0
1753546959219,16:22:39.219,AAVE/USDT:USDT,294.741,7.0,294.68,47.0,294.818,8.0,294.832,9.0
1753546959350,16:22:39.350,AAVE/USDT:USDT,294.741,7.0,294.68,47.0,294.818,8.0,294.832,9.0
1753546959974,16:22:39.974,AAVE/USDT:USDT,294.741,7.0,294.68,47.0,294.818,8.0,294.832,9.0
1753546960003,16:22:40.003,AAVE/USDT:USDT,294.743,9.0,294.741,7.0,294.818,8.0,294.834,7.0
1753546960039,16:22:40.039,AAVE/USDT:USDT,294.757,8.0,294.743,9.0,294.834,7.0,294.836,1.0
1753546960064,16:22:40.064,AAVE/USDT:USDT,294.757,8.0,294.743,9.0,294.834,7.0,294.836,1.0
1753546960084,16:22:40.084,AAVE/USDT:USDT,294.757,8.0,294.743,9.0,294.834,7.0,294.836,1.0
1753546960140,16:22:40.140,AAVE/USDT:USDT,294.757,8.0,294.743,9.0,294.834,7.0,294.836,1.0
1753546960151,16:22:40.151,AAVE/USDT:USDT,294.757,8.0,294.743,9.0,294.834,7.0,294.836,1.0
1753546960193,16:22:40.193,AAVE/USDT:USDT,294.757,8.0,294.743,9.0,294.834,7.0,294.836,1.0
1753546960289,16:22:40.289,AAVE/USDT:USDT,294.757,8.0,294.743,9.0,294.834,7.0,294.836,1.0
1753546960295,16:22:40.295,AAVE/USDT:USDT,294.757,8.0,294.743,9.0,294.834,7.0,294.836,1.0
1753546960299,16:22:40.299,AAVE/USDT:USDT,294.757,8.0,294.741,7.0,294.819,8.0,294.833,9.0
1753546960328,16:22:40.328,AAVE/USDT:USDT,294.741,7.0,294.679,7.0,294.819,8.0,294.833,9.0
1753546960375,16:22:40.375,AAVE/USDT:USDT,294.694,8.0,294.687,9.0,294.819,8.0,294.833,9.0
1753546960389,16:22:40.389,AAVE/USDT:USDT,294.716,8.0,294.702,9.0,294.819,8.0,294.833,9.0
1753546960425,16:22:40.425,AAVE/USDT:USDT,294.731,8.0,294.717,9.0,294.819,8.0,294.833,9.0
1753546960446,16:22:40.446,AAVE/USDT:USDT,294.731,8.0,294.717,9.0,294.819,8.0,294.833,9.0
1753546960485,16:22:40.485,AAVE/USDT:USDT,294.731,8.0,294.717,9.0,294.819,8.0,294.833,9.0
1753546960600,16:22:40.600,AAVE/USDT:USDT,294.731,8.0,294.717,9.0,294.819,8.0,294.833,9.0
1753546960630,16:22:40.630,AAVE/USDT:USDT,294.731,8.0,294.717,9.0,294.802,8.0,294.816,9.0
1753546960696,16:22:40.696,AAVE/USDT:USDT,294.731,8.0,294.717,9.0,294.802,8.0,294.816,9.0
1753546960811,16:22:40.811,AAVE/USDT:USDT,294.731,8.0,294.717,9.0,294.802,8.0,294.816,9.0
1753546960849,16:22:40.849,AAVE/USDT:USDT,294.731,8.0,294.717,9.0,294.802,8.0,294.819,8.0
1753546960873,16:22:40.873,AAVE/USDT:USDT,294.731,8.0,294.718,47.0,294.819,8.0,294.834,7.0
1753546960908,16:22:40.908,AAVE/USDT:USDT,294.731,8.0,294.718,47.0,294.829,9.0,294.834,7.0
1753546961006,16:22:41.006,AAVE/USDT:USDT,294.731,8.0,294.718,47.0,294.815,8.0,294.829,9.0
1753546961020,16:22:41.020,AAVE/USDT:USDT,294.732,9.0,294.731,8.0,294.815,8.0,294.834,7.0
1753546961050,16:22:41.050,AAVE/USDT:USDT,294.746,8.0,294.732,9.0,294.815,8.0,294.834,7.0
1753546961079,16:22:41.079,AAVE/USDT:USDT,294.746,8.0,294.732,9.0,294.834,7.0,294.836,1.0
1753546961124,16:22:41.124,AAVE/USDT:USDT,294.746,8.0,294.732,56.0,294.834,7.0,294.836,1.0
1753546961204,16:22:41.204,AAVE/USDT:USDT,294.746,8.0,294.732,56.0,294.834,7.0,294.836,1.0
1753546962102,16:22:42.102,AAVE/USDT:USDT,294.746,8.0,294.732,56.0,294.832,9.0,294.834,7.0
1753546962147,16:22:42.147,AAVE/USDT:USDT,294.746,8.0,294.733,47.0,294.818,8.0,294.832,9.0
1753546962160,16:22:42.160,AAVE/USDT:USDT,294.746,8.0,294.732,56.0,294.818,8.0,294.832,9.0
1753546962227,16:22:42.227,AAVE/USDT:USDT,294.746,8.0,294.732,9.0,294.818,8.0,294.832,9.0
1753546962245,16:22:42.245,AAVE/USDT:USDT,294.746,8.0,294.732,56.0,294.818,8.0,294.832,9.0
1753546962370,16:22:42.370,AAVE/USDT:USDT,294.746,8.0,294.733,47.0,294.818,8.0,294.832,9.0
1753546962396,16:22:42.396,AAVE/USDT:USDT,294.746,8.0,294.733,47.0,294.818,8.0,294.832,9.0
1753546962501,16:22:42.501,AAVE/USDT:USDT,294.746,8.0,294.733,47.0,294.818,8.0,294.832,9.0
1753546962575,16:22:42.575,AAVE/USDT:USDT,294.746,8.0,294.733,47.0,294.818,8.0,294.832,9.0
1753546962762,16:22:42.762,AAVE/USDT:USDT,294.746,8.0,294.733,47.0,294.818,8.0,294.832,9.0
1753546962868,16:22:42.868,AAVE/USDT:USDT,294.746,8.0,294.733,47.0,294.818,8.0,294.832,9.0
1753546963216,16:22:43.216,AAVE/USDT:USDT,294.746,8.0,294.733,47.0,294.818,8.0,294.832,9.0
1753546963238,16:22:43.238,AAVE/USDT:USDT,294.746,8.0,294.695,47.0,294.818,8.0,294.832,9.0
1753546963361,16:22:43.361,AAVE/USDT:USDT,294.746,8.0,294.695,47.0,294.818,8.0,294.832,9.0
1753546963390,16:22:43.390,AAVE/USDT:USDT,294.746,8.0,294.695,47.0,294.818,8.0,294.832,9.0
1753546963421,16:22:43.421,AAVE/USDT:USDT,294.746,8.0,294.695,47.0,294.818,8.0,294.832,9.0
1753546963532,16:22:43.532,AAVE/USDT:USDT,294.746,8.0,294.695,47.0,294.818,8.0,294.832,9.0
1753546963727,16:22:43.727,AAVE/USDT:USDT,294.746,8.0,294.695,47.0,294.818,8.0,294.832,9.0
1753546963846,16:22:43.846,AAVE/USDT:USDT,294.746,8.0,294.695,47.0,294.818,8.0,294.832,9.0
1753546963961,16:22:43.961,AAVE/USDT:USDT,294.746,8.0,294.695,47.0,294.818,8.0,294.832,9.0
1753546964082,16:22:44.082,AAVE/USDT:USDT,294.746,8.0,294.695,47.0,294.818,8.0,294.832,9.0
1753546964141,16:22:44.141,AAVE/USDT:USDT,294.746,8.0,294.695,47.0,294.818,8.0,294.832,9.0
1753546964497,16:22:44.497,AAVE/USDT:USDT,294.746,8.0,294.695,47.0,294.818,8.0,294.832,9.0
1753546965227,16:22:45.227,AAVE/USDT:USDT,294.746,8.0,294.695,47.0,294.818,8.0,294.834,7.0
1753546965277,16:22:45.277,AAVE/USDT:USDT,294.746,8.0,294.695,47.0,294.834,7.0,294.836,1.0
1753546965379,16:22:45.379,AAVE/USDT:USDT,294.746,8.0,294.695,47.0,294.834,7.0,294.836,1.0
1753546965405,16:22:45.405,AAVE/USDT:USDT,294.746,8.0,294.679,7.0,294.834,7.0,294.836,1.0
1753546965429,16:22:45.429,AAVE/USDT:USDT,294.68,47.0,294.679,7.0,294.834,7.0,294.836,1.0
1753546965460,16:22:45.460,AAVE/USDT:USDT,294.694,8.0,294.68,47.0,294.834,7.0,294.836,1.0
1753546965496,16:22:45.496,AAVE/USDT:USDT,294.716,8.0,294.694,8.0,294.834,7.0,294.836,1.0
1753546965517,16:22:45.517,AAVE/USDT:USDT,294.738,8.0,294.724,9.0,294.834,7.0,294.836,1.0
1753546965573,16:22:45.573,AAVE/USDT:USDT,294.738,8.0,294.725,47.0,294.834,7.0,294.836,1.0
1753546966717,16:22:46.717,AAVE/USDT:USDT,294.738,8.0,294.725,47.0,294.834,7.0,294.836,1.0
1753546967526,16:22:47.526,AAVE/USDT:USDT,294.738,8.0,294.725,47.0,294.834,7.0,294.836,1.0
1753546967696,16:22:47.696,AAVE/USDT:USDT,294.738,8.0,294.725,47.0,294.834,7.0,294.836,1.0
1753546967712,16:22:47.712,AAVE/USDT:USDT,294.738,8.0,294.725,47.0,294.834,7.0,294.836,1.0
1753546967811,16:22:47.811,AAVE/USDT:USDT,294.738,8.0,294.725,47.0,294.834,16.0,294.836,1.0
1753546967824,16:22:47.824,AAVE/USDT:USDT,294.738,8.0,294.725,47.0,294.834,9.0,294.836,1.0
1753546968201,16:22:48.201,AAVE/USDT:USDT,294.738,8.0,294.725,47.0,294.82,8.0,294.834,9.0
1753546968655,16:22:48.655,AAVE/USDT:USDT,294.738,8.0,294.725,47.0,294.82,8.0,294.835,8.0
1753546968656,16:22:48.656,AAVE/USDT:USDT,294.738,8.0,294.725,47.0,294.835,8.0,294.836,1.0
1753546968728,16:22:48.728,AAVE/USDT:USDT,294.738,8.0,294.725,47.0,294.835,8.0,294.836,1.0
1753546968761,16:22:48.761,AAVE/USDT:USDT,294.738,8.0,294.725,47.0,294.835,8.0,294.836,1.0
1753546968929,16:22:48.929,AAVE/USDT:USDT,294.738,8.0,294.725,47.0,294.835,8.0,294.836,1.0
1753546969049,16:22:49.049,AAVE/USDT:USDT,294.738,8.0,294.725,47.0,294.835,8.0,294.836,1.0
1753546969056,16:22:49.056,AAVE/USDT:USDT,294.738,8.0,294.725,47.0,294.835,8.0,294.836,1.0
1753546969670,16:22:49.670,AAVE/USDT:USDT,294.738,8.0,294.725,47.0,294.835,8.0,294.836,1.0
1753546970358,16:22:50.358,AAVE/USDT:USDT,294.738,8.0,294.725,47.0,294.835,8.0,294.836,1.0
1753546970378,16:22:50.378,AAVE/USDT:USDT,294.738,8.0,294.725,47.0,294.835,8.0,294.836,1.0
1753546970669,16:22:50.669,AAVE/USDT:USDT,294.738,8.0,294.68,47.0,294.835,8.0,294.836,1.0
1753546970868,16:22:50.868,AAVE/USDT:USDT,294.738,8.0,294.68,47.0,294.835,8.0,294.836,1.0
1753546970959,16:22:50.959,AAVE/USDT:USDT,294.738,8.0,294.68,47.0,294.835,8.0,294.836,1.0
1753546971041,16:22:51.041,AAVE/USDT:USDT,294.738,8.0,294.68,47.0,294.835,8.0,294.836,1.0
1753546971237,16:22:51.237,AAVE/USDT:USDT,294.738,8.0,294.68,47.0,294.835,8.0,294.836,1.0
1753546971819,16:22:51.819,AAVE/USDT:USDT,294.738,8.0,294.68,47.0,294.835,8.0,294.836,1.0
1753546971859,16:22:51.859,AAVE/USDT:USDT,294.738,8.0,294.68,47.0,294.835,8.0,294.836,1.0
1753546972118,16:22:52.118,AAVE/USDT:USDT,294.739,9.0,294.738,8.0,294.835,8.0,294.836,1.0
1753546972154,16:22:52.154,AAVE/USDT:USDT,294.753,8.0,294.739,56.0,294.835,8.0,294.836,1.0
1753546972240,16:22:52.240,AAVE/USDT:USDT,294.753,8.0,294.739,56.0,294.835,8.0,294.836,1.0
1753546972367,16:22:52.367,AAVE/USDT:USDT,294.753,8.0,294.739,56.0,294.835,8.0,294.836,1.0
1753546972425,16:22:52.425,AAVE/USDT:USDT,294.753,8.0,294.739,56.0,294.835,8.0,294.836,1.0
1753546972473,16:22:52.473,AAVE/USDT:USDT,294.753,8.0,294.739,56.0,294.835,8.0,294.836,1.0
1753546972478,16:22:52.478,AAVE/USDT:USDT,294.753,8.0,294.739,56.0,294.835,8.0,294.836,1.0
1753546972786,16:22:52.786,AAVE/USDT:USDT,294.753,8.0,294.739,56.0,294.835,8.0,294.836,1.0
1753546972811,16:22:52.811,AAVE/USDT:USDT,294.753,8.0,294.739,56.0,294.835,8.0,294.836,1.0
1753546972930,16:22:52.930,AAVE/USDT:USDT,294.753,8.0,294.739,56.0,294.835,8.0,294.836,1.0
1753546973979,16:22:53.979,AAVE/USDT:USDT,294.753,8.0,294.739,56.0,294.835,8.0,294.836,1.0
1753546974110,16:22:54.110,AAVE/USDT:USDT,294.753,8.0,294.74,47.0,294.835,8.0,294.836,1.0
1753546974126,16:22:54.126,AAVE/USDT:USDT,294.753,8.0,294.74,47.0,294.835,8.0,294.836,1.0
1753546975073,16:22:55.073,AAVE/USDT:USDT,294.753,8.0,294.74,47.0,294.835,8.0,294.836,1.0
1753546975086,16:22:55.086,AAVE/USDT:USDT,294.753,8.0,294.679,7.0,294.835,8.0,294.836,1.0
1753546975122,16:22:55.122,AAVE/USDT:USDT,294.688,9.0,294.68,47.0,294.835,8.0,294.836,1.0
1753546975160,16:22:55.160,AAVE/USDT:USDT,294.717,8.0,294.703,9.0,294.835,8.0,294.836,1.0
1753546975173,16:22:55.173,AAVE/USDT:USDT,294.717,8.0,294.703,9.0,294.835,8.0,294.836,1.0
1753546975206,16:22:55.206,AAVE/USDT:USDT,294.74,8.0,294.717,8.0,294.835,8.0,294.836,1.0
1753546975249,16:22:55.249,AAVE/USDT:USDT,294.762,8.0,294.748,9.0,294.835,8.0,294.836,1.0
1753546975280,16:22:55.280,AAVE/USDT:USDT,294.762,8.0,294.748,9.0,294.835,8.0,294.836,1.0
1753546975358,16:22:55.358,AAVE/USDT:USDT,294.762,8.0,294.748,9.0,294.835,8.0,294.836,1.0
1753546975434,16:22:55.434,AAVE/USDT:USDT,294.762,8.0,294.748,9.0,294.835,8.0,294.836,1.0
1753546975480,16:22:55.480,AAVE/USDT:USDT,294.762,8.0,294.748,9.0,294.835,8.0,294.836,1.0
1753546975520,16:22:55.520,AAVE/USDT:USDT,294.762,8.0,294.748,9.0,294.835,8.0,294.836,1.0
1753546975577,16:22:55.577,AAVE/USDT:USDT,294.762,8.0,294.748,9.0,294.835,8.0,294.836,1.0
1753546975764,16:22:55.764,AAVE/USDT:USDT,294.762,8.0,294.748,9.0,294.835,8.0,294.836,1.0
1753546975991,16:22:55.991,AAVE/USDT:USDT,294.762,8.0,294.748,9.0,294.835,8.0,294.836,1.0
1753546976158,16:22:56.158,AAVE/USDT:USDT,294.762,8.0,294.748,9.0,294.835,8.0,294.836,1.0
1753546976174,16:22:56.174,AAVE/USDT:USDT,294.762,8.0,294.749,47.0,294.835,8.0,294.836,1.0
1753546976282,16:22:56.282,AAVE/USDT:USDT,294.762,8.0,294.749,47.0,294.835,8.0,294.836,1.0
1753546976572,16:22:56.572,AAVE/USDT:USDT,294.762,8.0,294.749,47.0,294.835,8.0,294.836,1.0
1753546976607,16:22:56.607,AAVE/USDT:USDT,294.762,8.0,294.749,47.0,294.835,8.0,294.836,1.0
1753546976654,16:22:56.654,AAVE/USDT:USDT,294.762,8.0,294.749,47.0,294.835,8.0,294.836,1.0
1753546977448,16:22:57.448,AAVE/USDT:USDT,294.762,8.0,294.749,47.0,294.835,8.0,294.836,1.0
1753546977465,16:22:57.465,AAVE/USDT:USDT,294.762,8.0,294.749,47.0,294.835,8.0,294.836,1.0
1753546977622,16:22:57.622,AAVE/USDT:USDT,294.762,8.0,294.749,47.0,294.835,8.0,294.836,1.0
1753546977643,16:22:57.643,AAVE/USDT:USDT,294.762,8.0,294.749,47.0,294.835,8.0,294.836,1.0
1753546977817,16:22:57.817,AAVE/USDT:USDT,294.762,8.0,294.749,47.0,294.835,8.0,294.836,1.0
1753546977902,16:22:57.902,AAVE/USDT:USDT,294.765,9.0,294.762,8.0,294.835,8.0,294.836,1.0
1753546977904,16:22:57.904,AAVE/USDT:USDT,294.779,8.0,294.765,9.0,294.836,1.0,294.947,7.0
1753546977912,16:22:57.912,AAVE/USDT:USDT,294.779,8.0,294.765,9.0,294.836,1.0,294.938,9.0
1753546977946,16:22:57.946,AAVE/USDT:USDT,294.78,9.0,294.779,8.0,294.836,1.0,294.938,9.0
1753546977967,16:22:57.967,AAVE/USDT:USDT,294.794,8.0,294.78,9.0,294.836,1.0,294.938,9.0
1753546978035,16:22:58.035,AAVE/USDT:USDT,294.794,8.0,294.78,9.0,294.835,8.0,294.836,1.0
1753546978056,16:22:58.056,AAVE/USDT:USDT,294.794,8.0,294.78,9.0,294.835,8.0,294.836,1.0
1753546978274,16:22:58.274,AAVE/USDT:USDT,294.794,8.0,294.78,9.0,294.835,8.0,294.836,1.0
1753546978321,16:22:58.321,AAVE/USDT:USDT,294.794,8.0,294.78,9.0,294.835,8.0,294.836,1.0
1753546978328,16:22:58.328,AAVE/USDT:USDT,294.794,8.0,294.78,9.0,294.835,8.0,294.836,1.0
1753546978562,16:22:58.562,AAVE/USDT:USDT,294.794,8.0,294.78,9.0,294.835,8.0,294.836,1.0
1753546978568,16:22:58.568,AAVE/USDT:USDT,294.794,8.0,294.781,47.0,294.836,1.0,294.977,7.0
1753546978895,16:22:58.895,AAVE/USDT:USDT,294.794,8.0,294.781,47.0,294.836,1.0,294.968,9.0
1753546978931,16:22:58.931,AAVE/USDT:USDT,294.794,8.0,294.781,47.0,294.824,8.0,294.836,9.0
1753546978961,16:22:58.961,AAVE/USDT:USDT,294.794,8.0,294.781,47.0,294.824,8.0,294.836,1.0
1753546978999,16:22:58.999,AAVE/USDT:USDT,294.823,22.0,294.794,8.0,294.824,8.0,294.836,1.0
1753546979121,16:22:59.121,AAVE/USDT:USDT,294.823,22.0,294.794,8.0,294.824,8.0,294.836,1.0
1753546979217,16:22:59.217,AAVE/USDT:USDT,294.823,22.0,294.794,8.0,294.824,8.0,294.836,1.0
1753546979423,16:22:59.423,AAVE/USDT:USDT,294.823,22.0,294.794,8.0,294.836,1.0,294.968,9.0
1753546979448,16:22:59.448,AAVE/USDT:USDT,294.823,22.0,294.794,8.0,294.829,8.0,294.836,1.0
1753546979465,16:22:59.465,AAVE/USDT:USDT,294.828,8.0,294.823,14.0,294.829,8.0,294.836,1.0
1753546979553,16:22:59.553,AAVE/USDT:USDT,294.828,8.0,294.823,14.0,294.829,8.0,294.836,1.0
1753546979569,16:22:59.569,AAVE/USDT:USDT,294.828,8.0,294.823,14.0,294.829,8.0,294.836,1.0
1753546979625,16:22:59.625,AAVE/USDT:USDT,294.828,8.0,294.823,14.0,294.829,8.0,294.836,1.0
1753546980265,16:23:00.265,AAVE/USDT:USDT,294.828,8.0,294.823,14.0,294.829,8.0,294.836,1.0
1753546980489,16:23:00.489,AAVE/USDT:USDT,294.828,8.0,294.823,14.0,294.829,8.0,294.836,1.0
1753546980633,16:23:00.633,AAVE/USDT:USDT,294.828,8.0,294.823,14.0,294.829,8.0,294.836,1.0
1753546980649,16:23:00.649,AAVE/USDT:USDT,294.828,8.0,294.823,14.0,294.829,8.0,294.836,1.0
1753546982019,16:23:02.019,AAVE/USDT:USDT,294.828,8.0,294.823,14.0,294.829,8.0,294.836,1.0
1753546982047,16:23:02.047,AAVE/USDT:USDT,294.781,47.0,294.764,7.0,294.829,8.0,294.836,1.0
1753546982079,16:23:02.079,AAVE/USDT:USDT,294.764,7.0,294.674,1016.0,294.829,8.0,294.836,1.0
1753546982115,16:23:02.115,AAVE/USDT:USDT,294.764,7.0,294.689,8.0,294.829,8.0,294.836,1.0
1753546982149,16:23:02.149,AAVE/USDT:USDT,294.764,7.0,294.689,8.0,294.829,8.0,294.836,1.0
1753546982169,16:23:02.169,AAVE/USDT:USDT,294.764,7.0,294.689,8.0,294.824,9.0,294.829,8.0
1753546982269,16:23:02.269,AAVE/USDT:USDT,294.689,8.0,294.667,7.0,294.81,8.0,294.824,9.0
1753546982272,16:23:02.272,AAVE/USDT:USDT,294.689,8.0,294.667,7.0,294.81,8.0,294.829,8.0
1753546982286,16:23:02.286,AAVE/USDT:USDT,294.689,8.0,294.667,7.0,294.81,8.0,294.829,8.0
1753546982328,16:23:02.328,AAVE/USDT:USDT,294.689,8.0,294.667,7.0,294.787,8.0,294.801,9.0
1753546982347,16:23:02.347,AAVE/USDT:USDT,294.689,8.0,294.667,7.0,294.787,8.0,294.81,8.0
1753546982395,16:23:02.395,AAVE/USDT:USDT,294.664,8.0,294.618,238.0,294.787,8.0,294.81,8.0
1753546982406,16:23:02.406,AAVE/USDT:USDT,294.664,8.0,294.618,238.0,294.787,8.0,294.81,8.0
1753546982486,16:23:02.486,AAVE/USDT:USDT,294.664,8.0,294.618,238.0,294.81,8.0,294.829,8.0
1753546982502,16:23:02.502,AAVE/USDT:USDT,294.664,8.0,294.618,238.0,294.829,8.0,294.836,1.0
1753546982534,16:23:02.534,AAVE/USDT:USDT,294.664,8.0,294.618,238.0,294.801,9.0,294.829,8.0
1753546982607,16:23:02.607,AAVE/USDT:USDT,294.664,8.0,294.619,47.0,294.787,8.0,294.829,8.0
1753546982625,16:23:02.625,AAVE/USDT:USDT,294.664,8.0,294.619,47.0,294.787,8.0,294.829,8.0
1753546982647,16:23:02.647,AAVE/USDT:USDT,294.664,8.0,294.619,47.0,294.787,8.0,294.829,8.0
1753546982677,16:23:02.677,AAVE/USDT:USDT,294.664,8.0,294.619,47.0,294.787,8.0,294.829,8.0
1753546982707,16:23:02.707,AAVE/USDT:USDT,294.664,8.0,294.619,55.0,294.829,8.0,294.836,1.0
1753546982770,16:23:02.770,AAVE/USDT:USDT,294.664,8.0,294.619,55.0,294.829,8.0,294.836,1.0
1753546982797,16:23:02.797,AAVE/USDT:USDT,294.664,8.0,294.619,55.0,294.829,8.0,294.836,1.0
1753546982907,16:23:02.907,AAVE/USDT:USDT,294.664,8.0,294.619,55.0,294.829,8.0,294.836,1.0
1753546982969,16:23:02.969,AAVE/USDT:USDT,294.664,8.0,294.619,62.0,294.829,8.0,294.836,1.0
1753546982992,16:23:02.992,AAVE/USDT:USDT,294.664,8.0,294.619,62.0,294.829,8.0,294.836,1.0
1753546983003,16:23:03.003,AAVE/USDT:USDT,294.664,8.0,294.619,62.0,294.829,8.0,294.836,1.0
1753546983038,16:23:03.038,AAVE/USDT:USDT,294.681,8.0,294.667,9.0,294.829,8.0,294.836,1.0
1753546983085,16:23:03.085,AAVE/USDT:USDT,294.681,8.0,294.667,9.0,294.829,8.0,294.836,1.0
1753546983111,16:23:03.111,AAVE/USDT:USDT,294.681,8.0,294.667,9.0,294.829,8.0,294.836,1.0
1753546983141,16:23:03.141,AAVE/USDT:USDT,294.681,8.0,294.667,9.0,294.829,8.0,294.836,1.0
1753546983171,16:23:03.171,AAVE/USDT:USDT,294.681,8.0,294.667,9.0,294.829,8.0,294.836,1.0
1753546983187,16:23:03.187,AAVE/USDT:USDT,294.681,8.0,294.667,9.0,294.829,8.0,294.836,1.0
1753546983302,16:23:03.302,AAVE/USDT:USDT,294.681,8.0,294.668,47.0,294.82,9.0,294.829,8.0
1753546983303,16:23:03.303,AAVE/USDT:USDT,294.681,8.0,294.668,47.0,294.82,9.0,294.829,8.0
1753546983336,16:23:03.336,AAVE/USDT:USDT,294.681,8.0,294.668,47.0,294.806,8.0,294.829,8.0
1753546983365,16:23:03.365,AAVE/USDT:USDT,294.681,8.0,294.668,47.0,294.806,8.0,294.829,8.0
1753546983418,16:23:03.418,AAVE/USDT:USDT,294.681,8.0,294.668,47.0,294.778,9.0,294.806,8.0
1753546983434,16:23:03.434,AAVE/USDT:USDT,294.681,8.0,294.668,47.0,294.806,8.0,294.829,8.0
1753546983462,16:23:03.462,AAVE/USDT:USDT,294.748,8.0,294.681,8.0,294.764,8.0,294.806,8.0
1753546983489,16:23:03.489,AAVE/USDT:USDT,294.681,8.0,294.668,47.0,294.764,8.0,294.806,8.0
1753546983521,16:23:03.521,AAVE/USDT:USDT,294.681,8.0,294.668,47.0,294.764,8.0,294.806,8.0
1753546983550,16:23:03.550,AAVE/USDT:USDT,294.695,25.0,294.682,47.0,294.764,8.0,294.797,9.0
1753546983587,16:23:03.587,AAVE/USDT:USDT,294.709,8.0,294.695,25.0,294.764,8.0,294.797,9.0
1753546983623,16:23:03.623,AAVE/USDT:USDT,294.709,8.0,294.696,47.0,294.764,8.0,294.797,9.0
1753546983733,16:23:03.733,AAVE/USDT:USDT,294.709,8.0,294.696,47.0,294.764,8.0,294.797,9.0
1753546983772,16:23:03.772,AAVE/USDT:USDT,294.709,8.0,294.695,25.0,294.764,8.0,294.797,9.0
1753546983864,16:23:03.864,AAVE/USDT:USDT,294.709,8.0,294.695,25.0,294.764,8.0,294.806,8.0
1753546983883,16:23:03.883,AAVE/USDT:USDT,294.709,8.0,294.695,25.0,294.747,8.0,294.761,9.0
1753546983913,16:23:03.913,AAVE/USDT:USDT,294.709,8.0,294.695,25.0,294.743,9.0,294.747,8.0
1753546983952,16:23:03.952,AAVE/USDT:USDT,294.709,8.0,294.695,25.0,294.729,8.0,294.743,9.0
1753546984077,16:23:04.077,AAVE/USDT:USDT,294.709,8.0,294.695,25.0,294.729,8.0,294.743,9.0
1753546984437,16:23:04.437,AAVE/USDT:USDT,294.709,8.0,294.695,25.0,294.729,8.0,294.747,8.0
1753546984453,16:23:04.453,AAVE/USDT:USDT,294.709,8.0,294.695,25.0,294.747,8.0,294.762,8.0
1753546984485,16:23:04.485,AAVE/USDT:USDT,294.709,8.0,294.695,25.0,294.758,9.0,294.762,8.0
1753546984796,16:23:04.796,AAVE/USDT:USDT,294.709,8.0,294.695,25.0,294.744,8.0,294.758,9.0
1753546984947,16:23:04.947,AAVE/USDT:USDT,294.709,8.0,294.695,25.0,294.744,8.0,294.758,9.0
1753546985223,16:23:05.223,AAVE/USDT:USDT,294.709,8.0,294.695,25.0,294.744,8.0,294.758,9.0
1753546986054,16:23:06.054,AAVE/USDT:USDT,294.709,8.0,294.695,25.0,294.744,8.0,294.758,9.0
1753546986082,16:23:06.082,AAVE/USDT:USDT,294.709,8.0,294.695,25.0,294.744,8.0,294.762,8.0
1753546986103,16:23:06.103,AAVE/USDT:USDT,294.709,8.0,294.696,47.0,294.762,8.0,294.786,25.0
1753546986134,16:23:06.134,AAVE/USDT:USDT,294.709,8.0,294.696,47.0,294.762,8.0,294.786,25.0
1753546986166,16:23:06.166,AAVE/USDT:USDT,294.709,8.0,294.696,47.0,294.786,25.0,294.798,25.0
1753546986188,16:23:06.188,AAVE/USDT:USDT,294.709,8.0,294.696,47.0,294.772,8.0,294.786,25.0
1753546986224,16:23:06.224,AAVE/USDT:USDT,294.709,8.0,294.696,47.0,294.772,8.0,294.787,8.0
1753546986243,16:23:06.243,AAVE/USDT:USDT,294.709,8.0,294.696,47.0,294.772,8.0,294.787,8.0
1753546986284,16:23:06.284,AAVE/USDT:USDT,294.709,8.0,294.696,47.0,294.772,8.0,294.787,8.0
1753546986332,16:23:06.332,AAVE/USDT:USDT,294.709,8.0,294.696,47.0,294.787,8.0,294.806,8.0
1753546986339,16:23:06.339,AAVE/USDT:USDT,294.724,8.0,294.71,9.0,294.787,8.0,294.806,8.0
1753546986371,16:23:06.371,AAVE/USDT:USDT,294.724,8.0,294.71,9.0,294.806,8.0,294.829,8.0
1753546986400,16:23:06.400,AAVE/USDT:USDT,294.724,8.0,294.71,9.0,294.829,8.0,294.836,1.0
1753546986441,16:23:06.441,AAVE/USDT:USDT,294.724,8.0,294.71,56.0,294.829,8.0,294.836,1.0
1753546986479,16:23:06.479,AAVE/USDT:USDT,294.724,8.0,294.71,56.0,294.829,8.0,294.836,1.0
1753546986490,16:23:06.490,AAVE/USDT:USDT,294.724,8.0,294.71,56.0,294.829,8.0,294.836,1.0
1753546986533,16:23:06.533,AAVE/USDT:USDT,294.724,8.0,294.71,56.0,294.814,8.0,294.828,9.0
1753546986545,16:23:06.545,AAVE/USDT:USDT,294.724,8.0,294.71,56.0,294.813,9.0,294.814,8.0
1753546986614,16:23:06.614,AAVE/USDT:USDT,294.724,8.0,294.711,47.0,294.799,8.0,294.813,9.0
1753546986635,16:23:06.635,AAVE/USDT:USDT,294.724,8.0,294.711,47.0,294.799,8.0,294.814,8.0
1753546986670,16:23:06.670,AAVE/USDT:USDT,294.724,8.0,294.711,47.0,294.799,8.0,294.814,8.0
1753546986722,16:23:06.722,AAVE/USDT:USDT,294.724,8.0,294.711,47.0,294.814,8.0,294.829,8.0
1753546986746,16:23:06.746,AAVE/USDT:USDT,294.724,8.0,294.711,47.0,294.829,8.0,294.836,1.0
1753546986753,16:23:06.753,AAVE/USDT:USDT,294.724,8.0,294.711,47.0,294.822,9.0,294.829,8.0
1753546986801,16:23:06.801,AAVE/USDT:USDT,294.724,8.0,294.711,47.0,294.808,8.0,294.822,9.0
1753546986835,16:23:06.835,AAVE/USDT:USDT,294.724,8.0,294.711,47.0,294.808,8.0,294.829,8.0
1753546986867,16:23:06.867,AAVE/USDT:USDT,294.724,8.0,294.71,9.0,294.808,8.0,294.829,8.0
1753546986877,16:23:06.877,AAVE/USDT:USDT,294.724,8.0,294.71,56.0,294.808,8.0,294.829,8.0
1753546986905,16:23:06.905,AAVE/USDT:USDT,294.74,8.0,294.726,9.0,294.808,8.0,294.829,8.0
1753546986935,16:23:06.935,AAVE/USDT:USDT,294.741,239.0,294.74,8.0,294.829,8.0,294.836,1.0
1753546986970,16:23:06.970,AAVE/USDT:USDT,294.755,8.0,294.741,239.0,294.829,8.0,294.836,1.0
1753546987023,16:23:07.023,AAVE/USDT:USDT,294.755,8.0,294.741,239.0,294.829,8.0,294.836,1.0
1753546987028,16:23:07.028,AAVE/USDT:USDT,294.755,8.0,294.741,239.0,294.829,8.0,294.836,1.0
1753546987058,16:23:07.058,AAVE/USDT:USDT,294.755,8.0,294.741,239.0,294.829,8.0,294.836,1.0
1753546987110,16:23:07.110,AAVE/USDT:USDT,294.755,8.0,294.741,239.0,294.829,8.0,294.836,1.0
1753546987140,16:23:07.140,AAVE/USDT:USDT,294.755,8.0,294.741,239.0,294.829,8.0,294.836,1.0
1753546987146,16:23:07.146,AAVE/USDT:USDT,294.755,8.0,294.741,239.0,294.829,8.0,294.836,1.0
1753546987200,16:23:07.200,AAVE/USDT:USDT,294.755,8.0,294.741,239.0,294.829,8.0,294.836,1.0
1753546987207,16:23:07.207,AAVE/USDT:USDT,294.755,8.0,294.741,239.0,294.829,8.0,294.836,1.0
1753546987336,16:23:07.336,AAVE/USDT:USDT,294.771,8.0,294.758,47.0,294.829,8.0,294.836,1.0
1753546987750,16:23:07.750,AAVE/USDT:USDT,294.771,8.0,294.758,47.0,294.829,8.0,294.836,1.0
1753546987856,16:23:07.856,AAVE/USDT:USDT,294.771,8.0,294.758,47.0,294.829,8.0,294.836,1.0
1753546987871,16:23:07.871,AAVE/USDT:USDT,294.771,8.0,294.758,47.0,294.829,8.0,294.836,1.0
1753546987916,16:23:07.916,AAVE/USDT:USDT,294.771,8.0,294.758,47.0,294.829,8.0,294.836,1.0
1753546988083,16:23:08.083,AAVE/USDT:USDT,294.771,8.0,294.758,47.0,294.829,8.0,294.836,1.0
1753546988113,16:23:08.113,AAVE/USDT:USDT,294.771,8.0,294.758,47.0,294.829,8.0,294.836,1.0
1753546988189,16:23:08.189,AAVE/USDT:USDT,294.771,8.0,294.758,47.0,294.829,8.0,294.836,1.0
1753546988326,16:23:08.326,AAVE/USDT:USDT,294.771,8.0,294.758,47.0,294.829,8.0,294.836,1.0
1753546988525,16:23:08.525,AAVE/USDT:USDT,294.771,8.0,294.758,47.0,294.829,8.0,294.836,1.0
1753546988529,16:23:08.529,AAVE/USDT:USDT,294.771,8.0,294.758,47.0,294.829,8.0,294.836,1.0
1753546988802,16:23:08.802,AAVE/USDT:USDT,294.771,8.0,294.758,47.0,294.829,8.0,294.836,1.0
1753546988951,16:23:08.951,AAVE/USDT:USDT,294.771,8.0,294.758,47.0,294.829,8.0,294.836,1.0
1753546989067,16:23:09.067,AAVE/USDT:USDT,294.771,8.0,294.758,47.0,294.829,8.0,294.836,1.0
1753546990311,16:23:10.311,AAVE/USDT:USDT,294.771,8.0,294.758,47.0,294.829,8.0,294.836,1.0
1753546990429,16:23:10.429,AAVE/USDT:USDT,294.771,8.0,294.758,47.0,294.829,8.0,294.836,1.0
1753546990823,16:23:10.823,AAVE/USDT:USDT,294.771,8.0,294.758,47.0,294.829,8.0,294.836,1.0
1753546990924,16:23:10.924,AAVE/USDT:USDT,294.771,8.0,294.758,47.0,294.829,8.0,294.836,1.0
1753546990928,16:23:10.928,AAVE/USDT:USDT,294.771,8.0,294.758,47.0,294.829,8.0,294.836,1.0
1753546990960,16:23:10.960,AAVE/USDT:USDT,294.771,8.0,294.758,47.0,294.836,1.0,294.889,8.0
1753546990993,16:23:10.993,AAVE/USDT:USDT,294.771,8.0,294.758,47.0,294.836,1.0,294.88,9.0
1753546991013,16:23:11.013,AAVE/USDT:USDT,294.771,8.0,294.758,47.0,294.836,1.0,294.88,9.0
1753546991053,16:23:11.053,AAVE/USDT:USDT,294.787,8.0,294.773,25.0,294.836,1.0,294.88,9.0
1753546991082,16:23:11.082,AAVE/USDT:USDT,294.787,8.0,294.773,25.0,294.836,9.0,294.88,9.0
1753546991118,16:23:11.118,AAVE/USDT:USDT,294.787,8.0,294.774,47.0,294.835,8.0,294.836,1.0
1753546991138,16:23:11.138,AAVE/USDT:USDT,294.787,8.0,294.774,47.0,294.835,8.0,294.836,1.0
1753546991208,16:23:11.208,AAVE/USDT:USDT,294.787,8.0,294.774,47.0,294.835,8.0,294.836,1.0
1753546991228,16:23:11.228,AAVE/USDT:USDT,294.787,8.0,294.774,47.0,294.835,8.0,294.836,1.0
1753546991257,16:23:11.257,AAVE/USDT:USDT,294.787,8.0,294.774,47.0,294.835,8.0,294.836,1.0
1753546991416,16:23:11.416,AAVE/USDT:USDT,294.787,8.0,294.774,47.0,294.835,8.0,294.836,1.0
1753546991451,16:23:11.451,AAVE/USDT:USDT,294.787,8.0,294.774,47.0,294.835,8.0,294.836,1.0
1753546991625,16:23:11.625,AAVE/USDT:USDT,294.787,8.0,294.774,47.0,294.835,8.0,294.836,1.0
1753546992440,16:23:12.440,AAVE/USDT:USDT,294.787,8.0,294.774,47.0,294.835,8.0,294.836,1.0
1753546992456,16:23:12.456,AAVE/USDT:USDT,294.787,8.0,294.774,47.0,294.835,8.0,294.836,1.0
1753546992892,16:23:12.892,AAVE/USDT:USDT,294.787,8.0,294.774,47.0,294.835,8.0,294.836,1.0
1753546993091,16:23:13.091,AAVE/USDT:USDT,294.787,8.0,294.774,47.0,294.835,8.0,294.836,1.0
1753546993231,16:23:13.231,AAVE/USDT:USDT,294.787,8.0,294.774,47.0,294.835,8.0,294.836,1.0
1753546993237,16:23:13.237,AAVE/USDT:USDT,294.787,8.0,294.774,47.0,294.835,8.0,294.836,1.0
1753546993284,16:23:13.284,AAVE/USDT:USDT,294.787,8.0,294.774,47.0,294.835,8.0,294.836,1.0
1753546993325,16:23:13.325,AAVE/USDT:USDT,294.787,8.0,294.774,47.0,294.836,1.0,294.887,9.0
1753546993355,16:23:13.355,AAVE/USDT:USDT,294.787,8.0,294.774,47.0,294.836,1.0,294.889,8.0
1753546993388,16:23:13.388,AAVE/USDT:USDT,294.787,8.0,294.774,47.0,294.836,1.0,294.889,8.0
1753546993440,16:23:13.440,AAVE/USDT:USDT,294.787,8.0,294.774,47.0,294.836,1.0,294.889,8.0
1753546993496,16:23:13.496,AAVE/USDT:USDT,294.787,8.0,294.774,47.0,294.836,1.0,294.889,8.0
1753546993508,16:23:13.508,AAVE/USDT:USDT,294.787,8.0,294.774,47.0,294.836,1.0,294.889,8.0
1753546993535,16:23:13.535,AAVE/USDT:USDT,294.787,8.0,294.774,47.0,294.836,1.0,294.889,8.0
1753546993576,16:23:13.576,AAVE/USDT:USDT,294.787,8.0,294.774,47.0,294.836,1.0,294.889,8.0
1753546993596,16:23:13.596,AAVE/USDT:USDT,294.787,8.0,294.774,47.0,294.836,1.0,294.889,8.0
1753546993640,16:23:13.640,AAVE/USDT:USDT,294.787,8.0,294.774,47.0,294.836,1.0,294.889,8.0
1753546993743,16:23:13.743,AAVE/USDT:USDT,294.787,8.0,294.774,47.0,294.836,9.0,294.889,8.0
1753546993743,16:23:13.743,AAVE/USDT:USDT,294.787,8.0,294.774,47.0,294.836,1.0,294.889,8.0
1753546993951,16:23:13.951,AAVE/USDT:USDT,294.787,8.0,294.774,47.0,294.836,1.0,294.889,8.0
1753546993966,16:23:13.966,AAVE/USDT:USDT,294.787,8.0,294.774,47.0,294.836,1.0,294.889,8.0
1753546993984,16:23:13.984,AAVE/USDT:USDT,294.801,8.0,294.788,9.0,294.836,1.0,294.889,8.0
1753546994020,16:23:14.020,AAVE/USDT:USDT,294.801,8.0,294.788,56.0,294.836,1.0,294.889,8.0
1753546994056,16:23:14.056,AAVE/USDT:USDT,294.801,8.0,294.788,56.0,294.836,1.0,294.889,8.0
1753546994098,16:23:14.098,AAVE/USDT:USDT,294.801,8.0,294.788,56.0,294.836,1.0,294.889,8.0
1753546994124,16:23:14.124,AAVE/USDT:USDT,294.801,8.0,294.788,56.0,294.836,1.0,294.889,8.0
1753546994167,16:23:14.167,AAVE/USDT:USDT,294.801,8.0,294.788,56.0,294.836,1.0,294.889,8.0
1753546994201,16:23:14.201,AAVE/USDT:USDT,294.801,8.0,294.788,56.0,294.836,1.0,294.889,8.0
1753546994229,16:23:14.229,AAVE/USDT:USDT,294.801,8.0,294.788,56.0,294.836,1.0,294.889,8.0
1753546994269,16:23:14.269,AAVE/USDT:USDT,294.801,8.0,294.788,56.0,294.836,1.0,294.889,8.0
1753546994299,16:23:14.299,AAVE/USDT:USDT,294.801,8.0,294.788,56.0,294.836,1.0,294.889,8.0
1753546994426,16:23:14.426,AAVE/USDT:USDT,294.801,8.0,294.788,56.0,294.836,1.0,294.889,8.0
1753546994572,16:23:14.572,AAVE/USDT:USDT,294.801,8.0,294.788,56.0,294.836,1.0,294.889,8.0
1753546994587,16:23:14.587,AAVE/USDT:USDT,294.803,9.0,294.801,8.0,294.836,1.0,294.889,8.0
1753546994620,16:23:14.620,AAVE/USDT:USDT,294.817,8.0,294.802,47.0,294.836,1.0,294.889,8.0
1753546994647,16:23:14.647,AAVE/USDT:USDT,294.832,8.0,294.818,9.0,294.889,8.0,294.91,25.0
1753546994687,16:23:14.687,AAVE/USDT:USDT,294.847,8.0,294.833,238.0,294.889,8.0,294.91,25.0
1753546994715,16:23:14.715,AAVE/USDT:USDT,294.847,8.0,294.833,238.0,294.889,8.0,294.91,25.0
1753546994982,16:23:14.982,AAVE/USDT:USDT,294.847,8.0,294.833,238.0,294.889,8.0,294.91,25.0
1753546995531,16:23:15.531,AAVE/USDT:USDT,294.847,8.0,294.833,238.0,294.889,8.0,294.91,25.0
1753546996657,16:23:16.657,AAVE/USDT:USDT,294.847,8.0,294.833,238.0,294.889,8.0,294.91,25.0
1753546996715,16:23:16.715,AAVE/USDT:USDT,294.847,8.0,294.833,238.0,294.889,8.0,294.91,25.0
1753546996723,16:23:16.723,AAVE/USDT:USDT,294.847,8.0,294.833,238.0,294.889,8.0,294.91,25.0
1753546996952,16:23:16.952,AAVE/USDT:USDT,294.847,8.0,294.833,238.0,294.889,8.0,294.91,25.0
1753546997099,16:23:17.099,AAVE/USDT:USDT,294.847,8.0,294.833,238.0,294.91,25.0,294.919,8.0
1753546997115,16:23:17.115,AAVE/USDT:USDT,294.847,8.0,294.834,47.0,294.91,25.0,294.919,8.0
1753546997148,16:23:17.148,AAVE/USDT:USDT,294.847,8.0,294.834,47.0,294.896,8.0,294.91,25.0
1753546997225,16:23:17.225,AAVE/USDT:USDT,294.847,8.0,294.834,47.0,294.896,8.0,294.91,25.0
1753546997676,16:23:17.676,AAVE/USDT:USDT,294.847,8.0,294.834,47.0,294.896,8.0,294.91,25.0
1753546998149,16:23:18.149,AAVE/USDT:USDT,294.847,8.0,294.834,47.0,294.896,8.0,294.91,25.0
1753546998258,16:23:18.258,AAVE/USDT:USDT,294.847,8.0,294.834,47.0,294.896,8.0,294.91,25.0
1753546998354,16:23:18.354,AAVE/USDT:USDT,294.847,8.0,294.834,47.0,294.896,8.0,294.91,25.0
1753546999823,16:23:19.823,AAVE/USDT:USDT,294.847,8.0,294.834,47.0,294.896,8.0,294.91,25.0
1753547001116,16:23:21.116,AAVE/USDT:USDT,294.847,8.0,294.834,47.0,294.896,8.0,294.91,25.0
1753547001150,16:23:21.150,AAVE/USDT:USDT,294.847,8.0,294.834,47.0,294.896,8.0,294.91,25.0
1753547001489,16:23:21.489,AAVE/USDT:USDT,294.847,8.0,294.834,47.0,294.896,8.0,294.91,25.0
1753547001531,16:23:21.531,AAVE/USDT:USDT,294.847,8.0,294.834,47.0,294.896,8.0,294.91,25.0
1753547001660,16:23:21.660,AAVE/USDT:USDT,294.847,8.0,294.834,47.0,294.896,8.0,294.91,25.0
1753547001716,16:23:21.716,AAVE/USDT:USDT,294.847,8.0,294.834,47.0,294.896,8.0,294.91,25.0
1753547001797,16:23:21.797,AAVE/USDT:USDT,294.847,8.0,294.834,47.0,294.896,8.0,294.91,25.0
1753547001985,16:23:21.985,AAVE/USDT:USDT,294.847,8.0,294.834,47.0,294.896,8.0,294.91,25.0
1753547002135,16:23:22.135,AAVE/USDT:USDT,294.847,8.0,294.834,47.0,294.896,8.0,294.91,25.0
1753547002169,16:23:22.169,AAVE/USDT:USDT,294.847,8.0,294.834,47.0,294.896,8.0,294.91,25.0
1753547002860,16:23:22.860,AAVE/USDT:USDT,294.847,8.0,294.834,47.0,294.896,8.0,294.91,25.0
1753547004136,16:23:24.136,AAVE/USDT:USDT,294.847,8.0,294.834,47.0,294.896,8.0,294.91,25.0
1753547004185,16:23:24.185,AAVE/USDT:USDT,294.847,8.0,294.834,47.0,294.896,8.0,294.91,25.0
1753547004281,16:23:24.281,AAVE/USDT:USDT,294.847,8.0,294.834,47.0,294.896,8.0,294.91,25.0
1753547005504,16:23:25.504,AAVE/USDT:USDT,294.847,8.0,294.834,47.0,294.896,8.0,294.91,25.0
1753547005515,16:23:25.515,AAVE/USDT:USDT,294.847,8.0,294.834,47.0,294.896,8.0,294.91,25.0
1753547005574,16:23:25.574,AAVE/USDT:USDT,294.847,8.0,294.834,47.0,294.896,8.0,294.91,25.0
1753547005596,16:23:25.596,AAVE/USDT:USDT,294.847,8.0,294.834,47.0,294.896,8.0,294.91,25.0
1753547005662,16:23:25.662,AAVE/USDT:USDT,294.847,8.0,294.834,47.0,294.896,8.0,294.91,25.0
1753547005723,16:23:25.723,AAVE/USDT:USDT,294.847,8.0,294.834,47.0,294.896,8.0,294.91,25.0
1753547006277,16:23:26.277,AAVE/USDT:USDT,294.847,8.0,294.834,47.0,294.896,8.0,294.91,25.0
1753547006303,16:23:26.303,AAVE/USDT:USDT,294.847,8.0,294.834,47.0,294.896,8.0,294.91,25.0
1753547006325,16:23:26.325,AAVE/USDT:USDT,294.847,8.0,294.834,47.0,294.896,8.0,294.91,25.0
1753547006621,16:23:26.621,AAVE/USDT:USDT,294.847,8.0,294.834,47.0,294.896,8.0,294.91,25.0
1753547006942,16:23:26.942,AAVE/USDT:USDT,294.847,8.0,294.834,47.0,294.896,8.0,294.91,25.0
1753547006963,16:23:26.963,AAVE/USDT:USDT,294.847,8.0,294.834,47.0,294.896,8.0,294.91,25.0
1753547006977,16:23:26.977,AAVE/USDT:USDT,294.847,8.0,294.834,47.0,294.896,8.0,294.91,25.0
1753547007027,16:23:27.027,AAVE/USDT:USDT,294.847,8.0,294.834,47.0,294.896,8.0,294.91,25.0
1753547007163,16:23:27.163,AAVE/USDT:USDT,294.847,8.0,294.834,47.0,294.896,8.0,294.91,25.0
1753547007319,16:23:27.319,AAVE/USDT:USDT,294.847,8.0,294.834,47.0,294.896,8.0,294.91,25.0
1753547007510,16:23:27.510,AAVE/USDT:USDT,294.847,8.0,294.834,47.0,294.896,8.0,294.91,25.0
1753547007624,16:23:27.624,AAVE/USDT:USDT,294.847,8.0,294.834,47.0,294.896,8.0,294.91,25.0
1753547008038,16:23:28.038,AAVE/USDT:USDT,294.847,8.0,294.834,47.0,294.896,8.0,294.91,25.0
1753547008062,16:23:28.062,AAVE/USDT:USDT,294.847,8.0,294.834,47.0,294.896,8.0,294.91,25.0
1753547008126,16:23:28.126,AAVE/USDT:USDT,294.847,8.0,294.834,47.0,294.896,8.0,294.91,25.0
1753547008331,16:23:28.331,AAVE/USDT:USDT,294.847,8.0,294.834,47.0,294.896,8.0,294.91,25.0
1753547008440,16:23:28.440,AAVE/USDT:USDT,294.847,8.0,294.834,47.0,294.896,8.0,294.91,25.0
1753547009105,16:23:29.105,AAVE/USDT:USDT,294.847,8.0,294.834,47.0,294.896,8.0,294.91,25.0
1753547009236,16:23:29.236,AAVE/USDT:USDT,294.834,47.0,294.833,238.0,294.896,8.0,294.91,25.0
1753547009266,16:23:29.266,AAVE/USDT:USDT,294.832,8.0,294.801,8.0,294.896,8.0,294.91,25.0
1753547009292,16:23:29.292,AAVE/USDT:USDT,294.801,8.0,294.787,12.0,294.876,9.0,294.882,8.0
1753547009337,16:23:29.337,AAVE/USDT:USDT,294.801,8.0,294.787,12.0,294.862,8.0,294.876,9.0
1753547009345,16:23:29.345,AAVE/USDT:USDT,294.801,8.0,294.787,12.0,294.862,8.0,294.876,9.0
1753547009382,16:23:29.382,AAVE/USDT:USDT,294.801,8.0,294.786,8.0,294.847,8.0,294.861,9.0
1753547009408,16:23:29.408,AAVE/USDT:USDT,294.786,8.0,294.771,8.0,294.847,8.0,294.861,9.0
1753547009437,16:23:29.437,AAVE/USDT:USDT,294.811,8.0,294.771,8.0,294.847,8.0,294.862,8.0
1753547009468,16:23:29.468,AAVE/USDT:USDT,294.755,8.0,294.742,7.0,294.832,8.0,294.846,9.0
1753547009508,16:23:29.508,AAVE/USDT:USDT,294.755,8.0,294.724,8.0,294.832,8.0,294.846,9.0
1753547009528,16:23:29.528,AAVE/USDT:USDT,294.724,8.0,294.712,25.0,294.832,8.0,294.846,9.0
1753547009555,16:23:29.555,AAVE/USDT:USDT,294.77,8.0,294.728,9.0,294.832,8.0,294.846,9.0
1753547009729,16:23:29.729,AAVE/USDT:USDT,294.77,8.0,294.728,9.0,294.847,8.0,294.862,8.0
1753547009742,16:23:29.742,AAVE/USDT:USDT,294.77,8.0,294.729,47.0,294.862,8.0,294.882,8.0
1753547009765,16:23:29.765,AAVE/USDT:USDT,294.77,8.0,294.729,47.0,294.853,9.0,294.897,8.0
1753547009812,16:23:29.812,AAVE/USDT:USDT,294.77,8.0,294.729,47.0,294.874,8.0,294.888,9.0
1753547009826,16:23:29.826,AAVE/USDT:USDT,294.77,8.0,294.729,47.0,294.874,8.0,294.919,8.0
1753547010023,16:23:30.023,AAVE/USDT:USDT,294.77,8.0,294.729,47.0,294.851,8.0,294.865,9.0
1753547010128,16:23:30.128,AAVE/USDT:USDT,294.77,8.0,294.729,47.0,294.851,8.0,294.865,9.0
1753547010313,16:23:30.313,AAVE/USDT:USDT,294.77,8.0,294.729,47.0,294.851,8.0,294.865,9.0
1753547010415,16:23:30.415,AAVE/USDT:USDT,294.77,8.0,294.729,47.0,294.851,8.0,294.874,8.0
1753547010428,16:23:30.428,AAVE/USDT:USDT,294.77,8.0,294.729,47.0,294.874,8.0,294.919,8.0
1753547010460,16:23:30.460,AAVE/USDT:USDT,294.77,8.0,294.729,47.0,294.85,9.0,294.919,8.0
1753547010586,16:23:30.586,AAVE/USDT:USDT,294.77,8.0,294.729,47.0,294.836,8.0,294.91,9.0
1753547010666,16:23:30.666,AAVE/USDT:USDT,294.77,8.0,294.729,47.0,294.836,8.0,294.91,9.0
1753547010698,16:23:30.698,AAVE/USDT:USDT,294.77,8.0,294.729,47.0,294.836,8.0,294.91,9.0
1753547010744,16:23:30.744,AAVE/USDT:USDT,294.77,8.0,294.729,47.0,294.836,8.0,294.91,9.0
1753547010779,16:23:30.779,AAVE/USDT:USDT,294.77,8.0,294.729,47.0,294.836,8.0,294.91,9.0
1753547010895,16:23:30.895,AAVE/USDT:USDT,294.77,8.0,294.729,47.0,294.836,8.0,294.866,25.0
1753547010911,16:23:30.911,AAVE/USDT:USDT,294.77,8.0,294.729,47.0,294.836,8.0,294.866,33.0
1753547011302,16:23:31.302,AAVE/USDT:USDT,294.77,8.0,294.729,47.0,294.836,8.0,294.866,33.0
1753547011463,16:23:31.463,AAVE/USDT:USDT,294.77,8.0,294.729,47.0,294.836,8.0,294.866,33.0
1753547011515,16:23:31.515,AAVE/USDT:USDT,294.77,8.0,294.729,47.0,294.836,8.0,294.866,33.0
1753547011544,16:23:31.544,AAVE/USDT:USDT,294.77,8.0,294.729,47.0,294.836,8.0,294.866,33.0
1753547011722,16:23:31.722,AAVE/USDT:USDT,294.77,8.0,294.729,47.0,294.836,8.0,294.866,33.0
1753547011873,16:23:31.873,AAVE/USDT:USDT,294.77,8.0,294.729,47.0,294.836,8.0,294.866,33.0
1753547012620,16:23:32.620,AAVE/USDT:USDT,294.77,8.0,294.729,47.0,294.836,8.0,294.866,33.0
1753547012755,16:23:32.755,AAVE/USDT:USDT,294.77,8.0,294.729,47.0,294.836,8.0,294.866,33.0
1753547012769,16:23:32.769,AAVE/USDT:USDT,294.77,8.0,294.729,47.0,294.836,8.0,294.866,33.0
1753547012799,16:23:32.799,AAVE/USDT:USDT,294.77,8.0,294.729,47.0,294.836,8.0,294.866,33.0
1753547012863,16:23:32.863,AAVE/USDT:USDT,294.77,8.0,294.729,47.0,294.836,8.0,294.866,33.0
1753547013074,16:23:33.074,AAVE/USDT:USDT,294.77,8.0,294.729,47.0,294.836,8.0,294.866,33.0
1753547013284,16:23:33.284,AAVE/USDT:USDT,294.77,8.0,294.729,47.0,294.836,8.0,294.866,33.0
1753547013336,16:23:33.336,AAVE/USDT:USDT,294.77,8.0,294.729,47.0,294.836,8.0,294.866,33.0
1753547013378,16:23:33.378,AAVE/USDT:USDT,294.77,8.0,294.729,47.0,294.836,8.0,294.866,33.0
1753547013401,16:23:33.401,AAVE/USDT:USDT,294.77,8.0,294.729,47.0,294.836,8.0,294.866,33.0
1753547013570,16:23:33.570,AAVE/USDT:USDT,294.77,8.0,294.729,47.0,294.836,8.0,294.866,33.0
1753547013628,16:23:33.628,AAVE/USDT:USDT,294.77,8.0,294.729,47.0,294.836,8.0,294.866,33.0
1753547013661,16:23:33.661,AAVE/USDT:USDT,294.77,8.0,294.729,47.0,294.836,8.0,294.866,33.0
1753547013828,16:23:33.828,AAVE/USDT:USDT,294.77,8.0,294.729,47.0,294.836,8.0,294.866,33.0
1753547014034,16:23:34.034,AAVE/USDT:USDT,294.77,8.0,294.729,47.0,294.836,8.0,294.866,33.0
1753547014150,16:23:34.150,AAVE/USDT:USDT,294.77,8.0,294.729,47.0,294.836,8.0,294.866,33.0
1753547014246,16:23:34.246,AAVE/USDT:USDT,294.77,8.0,294.729,47.0,294.836,8.0,294.866,33.0
1753547014270,16:23:34.270,AAVE/USDT:USDT,294.77,8.0,294.729,47.0,294.836,8.0,294.866,33.0
1753547014299,16:23:34.299,AAVE/USDT:USDT,294.77,8.0,294.729,47.0,294.836,8.0,294.866,33.0
1753547014327,16:23:34.327,AAVE/USDT:USDT,294.77,8.0,294.729,47.0,294.836,8.0,294.866,33.0
1753547014639,16:23:34.639,AAVE/USDT:USDT,294.77,8.0,294.729,47.0,294.836,8.0,294.866,33.0
1753547014668,16:23:34.668,AAVE/USDT:USDT,294.77,8.0,294.729,47.0,294.836,8.0,294.866,33.0
1753547014907,16:23:34.907,AAVE/USDT:USDT,294.77,8.0,294.729,47.0,294.836,8.0,294.866,33.0
1753547014939,16:23:34.939,AAVE/USDT:USDT,294.77,8.0,294.729,47.0,294.836,8.0,294.866,33.0
1753547014958,16:23:34.958,AAVE/USDT:USDT,294.77,8.0,294.729,47.0,294.836,8.0,294.866,33.0
1753547015018,16:23:35.018,AAVE/USDT:USDT,294.77,8.0,294.729,47.0,294.836,8.0,294.866,33.0
1753547015075,16:23:35.075,AAVE/USDT:USDT,294.77,8.0,294.729,47.0,294.836,8.0,294.866,33.0
1753547015128,16:23:35.128,AAVE/USDT:USDT,294.77,8.0,294.729,47.0,294.836,8.0,294.866,33.0
1753547015150,16:23:35.150,AAVE/USDT:USDT,294.77,8.0,294.729,47.0,294.836,8.0,294.866,33.0
1753547015171,16:23:35.171,AAVE/USDT:USDT,294.77,8.0,294.729,47.0,294.836,8.0,294.866,33.0
1753547015196,16:23:35.196,AAVE/USDT:USDT,294.77,8.0,294.729,47.0,294.836,8.0,294.866,33.0
1753547015262,16:23:35.262,AAVE/USDT:USDT,294.77,8.0,294.729,47.0,294.836,8.0,294.866,33.0
1753547015330,16:23:35.330,AAVE/USDT:USDT,294.77,8.0,294.729,47.0,294.836,8.0,294.866,33.0
1753547015424,16:23:35.424,AAVE/USDT:USDT,294.77,8.0,294.729,47.0,294.836,8.0,294.866,33.0
1753547015479,16:23:35.479,AAVE/USDT:USDT,294.77,8.0,294.729,47.0,294.836,8.0,294.866,33.0
1753547015535,16:23:35.535,AAVE/USDT:USDT,294.77,8.0,294.729,47.0,294.836,8.0,294.866,33.0
1753547015575,16:23:35.575,AAVE/USDT:USDT,294.77,8.0,294.729,47.0,294.836,8.0,294.866,33.0
1753547015681,16:23:35.681,AAVE/USDT:USDT,294.77,8.0,294.729,47.0,294.836,8.0,294.866,33.0
1753547015790,16:23:35.790,AAVE/USDT:USDT,294.77,8.0,294.729,47.0,294.836,8.0,294.866,33.0
1753547015968,16:23:35.968,AAVE/USDT:USDT,294.77,8.0,294.729,47.0,294.836,8.0,294.866,33.0
1753547016041,16:23:36.041,AAVE/USDT:USDT,294.77,8.0,294.729,47.0,294.836,8.0,294.866,33.0
1753547016074,16:23:36.074,AAVE/USDT:USDT,294.77,8.0,294.729,47.0,294.836,8.0,294.866,33.0
1753547016100,16:23:36.100,AAVE/USDT:USDT,294.77,8.0,294.729,47.0,294.836,8.0,294.866,33.0
1753547016167,16:23:36.167,AAVE/USDT:USDT,294.77,8.0,294.729,47.0,294.836,8.0,294.866,33.0
1753547016507,16:23:36.507,AAVE/USDT:USDT,294.77,8.0,294.729,47.0,294.836,8.0,294.866,33.0
1753547016515,16:23:36.515,AAVE/USDT:USDT,294.77,8.0,294.729,47.0,294.836,8.0,294.866,33.0
1753547016545,16:23:36.545,AAVE/USDT:USDT,294.77,8.0,294.729,47.0,294.836,8.0,294.866,33.0
1753547016604,16:23:36.604,AAVE/USDT:USDT,294.77,8.0,294.729,47.0,294.836,8.0,294.866,33.0
1753547016609,16:23:36.609,AAVE/USDT:USDT,294.77,8.0,294.729,47.0,294.836,8.0,294.866,33.0
1753547016743,16:23:36.743,AAVE/USDT:USDT,294.77,8.0,294.729,47.0,294.836,8.0,294.866,33.0
1753547016764,16:23:36.764,AAVE/USDT:USDT,294.77,8.0,294.729,47.0,294.836,8.0,294.866,33.0
1753547016825,16:23:36.825,AAVE/USDT:USDT,294.77,8.0,294.729,47.0,294.836,8.0,294.866,33.0
1753547017047,16:23:37.047,AAVE/USDT:USDT,294.77,8.0,294.729,47.0,294.836,8.0,294.866,33.0
1753547017130,16:23:37.130,AAVE/USDT:USDT,294.77,8.0,294.729,47.0,294.836,8.0,294.866,33.0
1753547017166,16:23:37.166,AAVE/USDT:USDT,294.77,8.0,294.729,47.0,294.836,8.0,294.866,33.0
1753547017194,16:23:37.194,AAVE/USDT:USDT,294.77,8.0,294.729,47.0,294.836,8.0,294.866,33.0
1753547017214,16:23:37.214,AAVE/USDT:USDT,294.773,25.0,294.77,8.0,294.836,8.0,294.866,33.0
1753547017242,16:23:37.242,AAVE/USDT:USDT,294.787,8.0,294.774,47.0,294.836,8.0,294.866,33.0
1753547017295,16:23:37.295,AAVE/USDT:USDT,294.787,8.0,294.774,47.0,294.836,8.0,294.866,33.0
1753547017302,16:23:37.302,AAVE/USDT:USDT,294.787,8.0,294.774,47.0,294.836,8.0,294.866,33.0
1753547017341,16:23:37.341,AAVE/USDT:USDT,294.787,8.0,294.774,47.0,294.836,8.0,294.866,33.0
1753547017368,16:23:37.368,AAVE/USDT:USDT,294.787,8.0,294.774,47.0,294.836,8.0,294.866,33.0
1753547017397,16:23:37.397,AAVE/USDT:USDT,294.787,8.0,294.774,47.0,294.866,33.0,294.91,9.0
1753547017424,16:23:37.424,AAVE/USDT:USDT,294.787,8.0,294.774,47.0,294.852,8.0,294.875,25.0
1753547017455,16:23:37.455,AAVE/USDT:USDT,294.787,8.0,294.774,47.0,294.852,8.0,294.867,8.0
1753547017475,16:23:37.475,AAVE/USDT:USDT,294.787,8.0,294.774,47.0,294.852,8.0,294.867,8.0
1753547017570,16:23:37.570,AAVE/USDT:USDT,294.787,8.0,294.774,47.0,294.867,8.0,294.875,25.0
1753547017597,16:23:37.597,AAVE/USDT:USDT,294.787,8.0,294.774,47.0,294.862,9.0,294.867,8.0
1753547017659,16:23:37.659,AAVE/USDT:USDT,294.787,8.0,294.774,47.0,294.848,8.0,294.862,9.0
1753547018126,16:23:38.126,AAVE/USDT:USDT,294.787,8.0,294.774,47.0,294.848,8.0,294.862,9.0
1753547018221,16:23:38.221,AAVE/USDT:USDT,294.787,8.0,294.774,47.0,294.848,8.0,294.862,9.0
1753547018278,16:23:38.278,AAVE/USDT:USDT,294.787,8.0,294.774,47.0,294.848,8.0,294.862,9.0
1753547018328,16:23:38.328,AAVE/USDT:USDT,294.787,8.0,294.774,47.0,294.848,8.0,294.862,9.0
1753547018391,16:23:38.391,AAVE/USDT:USDT,294.787,8.0,294.774,47.0,294.848,8.0,294.862,9.0
1753547018620,16:23:38.620,AAVE/USDT:USDT,294.787,8.0,294.774,47.0,294.848,8.0,294.862,9.0
1753547019201,16:23:39.201,AAVE/USDT:USDT,294.787,8.0,294.774,47.0,294.848,8.0,294.862,9.0
1753547019243,16:23:39.243,AAVE/USDT:USDT,294.787,8.0,294.774,47.0,294.848,8.0,294.862,9.0
1753547019293,16:23:39.293,AAVE/USDT:USDT,294.787,8.0,294.774,47.0,294.848,8.0,294.862,9.0
1753547019609,16:23:39.609,AAVE/USDT:USDT,294.787,8.0,294.774,47.0,294.848,8.0,294.862,9.0
1753547019660,16:23:39.660,AAVE/USDT:USDT,294.787,8.0,294.774,47.0,294.848,8.0,294.862,9.0
1753547019856,16:23:39.856,AAVE/USDT:USDT,294.787,8.0,294.774,47.0,294.848,8.0,294.862,9.0
1753547019945,16:23:39.945,AAVE/USDT:USDT,294.787,8.0,294.774,47.0,294.848,8.0,294.862,9.0
1753547019972,16:23:39.972,AAVE/USDT:USDT,294.787,8.0,294.774,47.0,294.848,8.0,294.867,8.0
1753547019998,16:23:39.998,AAVE/USDT:USDT,294.787,8.0,294.774,47.0,294.867,8.0,294.875,25.0
1753547020066,16:23:40.066,AAVE/USDT:USDT,294.787,8.0,294.774,47.0,294.867,8.0,294.875,25.0
1753547020140,16:23:40.140,AAVE/USDT:USDT,294.787,8.0,294.774,47.0,294.867,8.0,294.875,25.0
1753547020144,16:23:40.144,AAVE/USDT:USDT,294.787,8.0,294.774,47.0,294.867,8.0,294.875,25.0
1753547020253,16:23:40.253,AAVE/USDT:USDT,294.787,8.0,294.774,47.0,294.867,8.0,294.875,25.0
1753547020439,16:23:40.439,AAVE/USDT:USDT,294.787,8.0,294.774,47.0,294.867,8.0,294.875,25.0
1753547020518,16:23:40.518,AAVE/USDT:USDT,294.787,8.0,294.774,47.0,294.867,8.0,294.875,25.0
1753547020545,16:23:40.545,AAVE/USDT:USDT,294.787,8.0,294.774,47.0,294.867,8.0,294.875,25.0
1753547020611,16:23:40.611,AAVE/USDT:USDT,294.787,8.0,294.774,47.0,294.866,9.0,294.867,8.0
1753547020637,16:23:40.637,AAVE/USDT:USDT,294.787,8.0,294.774,47.0,294.852,8.0,294.866,9.0
1753547020681,16:23:40.681,AAVE/USDT:USDT,294.787,8.0,294.774,47.0,294.852,8.0,294.866,9.0
1753547020725,16:23:40.725,AAVE/USDT:USDT,294.787,8.0,294.774,47.0,294.852,8.0,294.867,8.0
1753547020784,16:23:40.784,AAVE/USDT:USDT,294.787,8.0,294.774,47.0,294.867,8.0,294.875,25.0
1753547021043,16:23:41.043,AAVE/USDT:USDT,294.787,8.0,294.774,47.0,294.867,8.0,294.875,25.0
1753547021045,16:23:41.045,AAVE/USDT:USDT,294.787,8.0,294.774,47.0,294.867,8.0,294.875,25.0
1753547021118,16:23:41.118,AAVE/USDT:USDT,294.787,8.0,294.774,47.0,294.867,8.0,294.875,25.0
1753547021283,16:23:41.283,AAVE/USDT:USDT,294.787,8.0,294.774,47.0,294.867,8.0,294.875,25.0
1753547021287,16:23:41.287,AAVE/USDT:USDT,294.787,8.0,294.774,47.0,294.867,8.0,294.875,25.0
1753547021381,16:23:41.381,AAVE/USDT:USDT,294.787,8.0,294.774,47.0,294.867,8.0,294.875,25.0
1753547021406,16:23:41.406,AAVE/USDT:USDT,294.787,8.0,294.774,47.0,294.867,8.0,294.875,25.0
1753547021988,16:23:41.988,AAVE/USDT:USDT,294.787,8.0,294.774,47.0,294.867,8.0,294.875,25.0
1753547022097,16:23:42.097,AAVE/USDT:USDT,294.787,8.0,294.774,47.0,294.867,8.0,294.875,25.0
1753547022206,16:23:42.206,AAVE/USDT:USDT,294.787,8.0,294.774,47.0,294.867,8.0,294.875,25.0
1753547022222,16:23:42.222,AAVE/USDT:USDT,294.787,8.0,294.774,47.0,294.867,8.0,294.875,25.0
1753547022264,16:23:42.264,AAVE/USDT:USDT,294.787,8.0,294.774,47.0,294.867,8.0,294.875,25.0
1753547022309,16:23:42.309,AAVE/USDT:USDT,294.787,8.0,294.774,47.0,294.867,8.0,294.875,25.0
1753547022359,16:23:42.359,AAVE/USDT:USDT,294.787,8.0,294.774,47.0,294.867,8.0,294.875,25.0
1753547022411,16:23:42.411,AAVE/USDT:USDT,294.787,8.0,294.774,47.0,294.867,8.0,294.875,25.0
1753547022435,16:23:42.435,AAVE/USDT:USDT,294.787,8.0,294.774,47.0,294.867,8.0,294.875,25.0
1753547022491,16:23:42.491,AAVE/USDT:USDT,294.787,8.0,294.774,47.0,294.867,8.0,294.875,25.0
1753547022750,16:23:42.750,AAVE/USDT:USDT,294.787,8.0,294.774,47.0,294.867,8.0,294.875,25.0
1753547022817,16:23:42.817,AAVE/USDT:USDT,294.787,8.0,294.774,47.0,294.867,8.0,294.875,25.0
1753547023013,16:23:43.013,AAVE/USDT:USDT,294.787,8.0,294.774,47.0,294.867,8.0,294.875,25.0
1753547023028,16:23:43.028,AAVE/USDT:USDT,294.787,8.0,294.774,47.0,294.919,8.0,294.926,41.0
1753547023061,16:23:43.061,AAVE/USDT:USDT,294.803,8.0,294.789,9.0,294.911,9.0,294.919,8.0
1753547023086,16:23:43.086,AAVE/USDT:USDT,294.804,238.0,294.803,8.0,294.897,8.0,294.911,9.0
1753547023121,16:23:43.121,AAVE/USDT:USDT,294.818,8.0,294.805,9.0,294.897,8.0,294.911,9.0
1753547023157,16:23:43.157,AAVE/USDT:USDT,294.818,8.0,294.805,9.0,294.897,8.0,294.911,9.0
1753547023177,16:23:43.177,AAVE/USDT:USDT,294.818,8.0,294.805,9.0,294.897,8.0,294.911,9.0
1753547023374,16:23:43.374,AAVE/USDT:USDT,294.818,8.0,294.805,9.0,294.897,8.0,294.919,8.0
1753547023389,16:23:43.389,AAVE/USDT:USDT,294.818,8.0,294.805,9.0,294.882,8.0,294.896,9.0
1753547023503,16:23:43.503,AAVE/USDT:USDT,294.818,8.0,294.806,47.0,294.882,8.0,294.896,9.0
1753547023509,16:23:43.509,AAVE/USDT:USDT,294.818,8.0,294.806,47.0,294.882,8.0,294.896,9.0
1753547023558,16:23:43.558,AAVE/USDT:USDT,294.818,8.0,294.806,47.0,294.882,8.0,294.896,9.0
1753547023708,16:23:43.708,AAVE/USDT:USDT,294.818,8.0,294.806,47.0,294.882,8.0,294.896,9.0
1753547023727,16:23:43.727,AAVE/USDT:USDT,294.818,8.0,294.806,47.0,294.882,8.0,294.919,8.0
1753547023756,16:23:43.756,AAVE/USDT:USDT,294.818,8.0,294.806,47.0,294.91,9.0,294.919,8.0
1753547024029,16:23:44.029,AAVE/USDT:USDT,294.818,8.0,294.806,47.0,294.896,8.0,294.91,9.0
1753547024239,16:23:44.239,AAVE/USDT:USDT,294.818,8.0,294.806,47.0,294.896,8.0,294.91,9.0
1753547024254,16:23:44.254,AAVE/USDT:USDT,294.818,8.0,294.806,47.0,294.881,8.0,294.895,9.0
1753547024315,16:23:44.315,AAVE/USDT:USDT,294.818,8.0,294.805,47.0,294.881,8.0,294.895,9.0
1753547024429,16:23:44.429,AAVE/USDT:USDT,294.818,8.0,294.805,47.0,294.881,8.0,294.895,9.0
1753547024448,16:23:44.448,AAVE/USDT:USDT,294.818,8.0,294.805,47.0,294.881,8.0,294.895,9.0
1753547024512,16:23:44.512,AAVE/USDT:USDT,294.818,8.0,294.805,47.0,294.881,8.0,294.895,9.0
1753547024737,16:23:44.737,AAVE/USDT:USDT,294.818,8.0,294.805,47.0,294.881,8.0,294.895,9.0
1753547024764,16:23:44.764,AAVE/USDT:USDT,294.818,8.0,294.804,238.0,294.881,8.0,294.895,9.0
1753547024820,16:23:44.820,AAVE/USDT:USDT,294.818,8.0,294.804,238.0,294.866,8.0,294.88,9.0
1753547024846,16:23:44.846,AAVE/USDT:USDT,294.818,8.0,294.804,238.0,294.851,8.0,294.865,9.0
1753547024880,16:23:44.880,AAVE/USDT:USDT,294.818,8.0,294.804,238.0,294.851,8.0,294.865,9.0
1753547024893,16:23:44.893,AAVE/USDT:USDT,294.85,14.0,294.818,8.0,294.851,8.0,294.865,9.0
1753547024947,16:23:44.947,AAVE/USDT:USDT,294.818,8.0,294.804,238.0,294.851,8.0,294.865,9.0
1753547024981,16:23:44.981,AAVE/USDT:USDT,294.818,8.0,294.804,238.0,294.851,8.0,294.865,9.0
1753547025023,16:23:45.023,AAVE/USDT:USDT,294.818,8.0,294.804,238.0,294.851,8.0,294.865,9.0
1753547025068,16:23:45.068,AAVE/USDT:USDT,294.818,8.0,294.804,238.0,294.851,8.0,294.866,8.0
1753547025329,16:23:45.329,AAVE/USDT:USDT,294.818,8.0,294.804,238.0,294.835,8.0,294.851,8.0
1753547025340,16:23:45.340,AAVE/USDT:USDT,294.818,8.0,294.804,238.0,294.835,8.0,294.851,8.0
1753547025434,16:23:45.434,AAVE/USDT:USDT,294.818,8.0,294.804,238.0,294.86,9.0,294.881,8.0
1753547025434,16:23:45.434,AAVE/USDT:USDT,294.818,8.0,294.804,238.0,294.846,8.0,294.86,9.0
1753547025434,16:23:45.434,AAVE/USDT:USDT,294.818,8.0,294.804,238.0,294.846,8.0,294.861,8.0
1753547025542,16:23:45.542,AAVE/USDT:USDT,294.818,8.0,294.804,238.0,294.861,8.0,294.896,8.0
1753547025558,16:23:45.558,AAVE/USDT:USDT,294.818,8.0,294.804,238.0,294.852,9.0,294.861,8.0
1753547025575,16:23:45.575,AAVE/USDT:USDT,294.818,8.0,294.804,238.0,294.838,8.0,294.852,9.0
1753547025717,16:23:45.717,AAVE/USDT:USDT,294.818,8.0,294.804,238.0,294.838,8.0,294.919,8.0
1753547025734,16:23:45.734,AAVE/USDT:USDT,294.818,8.0,294.804,238.0,294.919,8.0,294.924,25.0
1753547025761,16:23:45.761,AAVE/USDT:USDT,294.818,8.0,294.804,238.0,294.91,9.0,294.919,8.0
1753547025787,16:23:45.787,AAVE/USDT:USDT,294.818,8.0,294.804,238.0,294.887,9.0,294.896,8.0
1753547025825,16:23:45.825,AAVE/USDT:USDT,294.818,8.0,294.804,238.0,294.85,8.0,294.864,9.0
1753547025897,16:23:45.897,AAVE/USDT:USDT,294.818,8.0,294.804,238.0,294.85,8.0,294.864,9.0
1753547025905,16:23:45.905,AAVE/USDT:USDT,294.818,8.0,294.804,238.0,294.85,8.0,294.864,9.0
1753547025936,16:23:45.936,AAVE/USDT:USDT,294.818,8.0,294.804,238.0,294.85,8.0,294.864,9.0
1753547026003,16:23:46.003,AAVE/USDT:USDT,294.818,8.0,294.804,238.0,294.873,8.0,294.896,8.0
1753547026029,16:23:46.029,AAVE/USDT:USDT,294.818,8.0,294.804,238.0,294.873,9.0,294.919,8.0
1753547026057,16:23:46.057,AAVE/USDT:USDT,294.818,8.0,294.804,238.0,294.91,9.0,294.919,8.0
1753547026085,16:23:46.085,AAVE/USDT:USDT,294.818,8.0,294.804,238.0,294.896,8.0,294.91,9.0
1753547026116,16:23:46.116,AAVE/USDT:USDT,294.818,8.0,294.804,238.0,294.873,8.0,294.887,9.0
1753547026148,16:23:46.148,AAVE/USDT:USDT,294.818,8.0,294.804,238.0,294.873,8.0,294.887,9.0
1753547026179,16:23:46.179,AAVE/USDT:USDT,294.818,8.0,294.804,238.0,294.873,8.0,294.887,9.0
1753547026273,16:23:46.273,AAVE/USDT:USDT,294.818,8.0,294.804,238.0,294.873,8.0,294.896,8.0
1753547026302,16:23:46.302,AAVE/USDT:USDT,294.818,8.0,294.804,238.0,294.852,8.0,294.866,9.0
1753547026346,16:23:46.346,AAVE/USDT:USDT,294.818,8.0,294.804,238.0,294.852,8.0,294.866,9.0
1753547026516,16:23:46.516,AAVE/USDT:USDT,294.818,8.0,294.804,238.0,294.852,8.0,294.866,9.0
1753547026913,16:23:46.913,AAVE/USDT:USDT,294.818,8.0,294.804,238.0,294.852,8.0,294.866,9.0
1753547026987,16:23:46.987,AAVE/USDT:USDT,294.818,8.0,294.804,238.0,294.852,8.0,294.866,9.0
1753547027557,16:23:47.557,AAVE/USDT:USDT,294.818,8.0,294.804,238.0,294.852,8.0,294.866,9.0
1753547027620,16:23:47.620,AAVE/USDT:USDT,294.818,8.0,294.804,238.0,294.852,8.0,294.866,9.0
1753547027644,16:23:47.644,AAVE/USDT:USDT,294.818,8.0,294.804,238.0,294.873,8.0,294.896,8.0
1753547027679,16:23:47.679,AAVE/USDT:USDT,294.851,14.0,294.818,8.0,294.919,8.0,294.924,25.0
1753547027708,16:23:47.708,AAVE/USDT:USDT,294.865,7.0,294.851,14.0,294.917,9.0,294.919,8.0
1753547027738,16:23:47.738,AAVE/USDT:USDT,294.865,7.0,294.851,14.0,294.903,7.0,294.917,9.0
1753547027774,16:23:47.774,AAVE/USDT:USDT,294.851,14.0,294.818,8.0,294.881,7.0,294.895,9.0
1753547027829,16:23:47.829,AAVE/USDT:USDT,294.851,14.0,294.818,8.0,294.881,7.0,294.895,9.0
1753547027853,16:23:47.853,AAVE/USDT:USDT,294.854,7.0,294.818,8.0,294.881,7.0,294.895,9.0
1753547027887,16:23:47.887,AAVE/USDT:USDT,294.854,7.0,294.819,47.0,294.881,7.0,294.895,9.0
1753547028023,16:23:48.023,AAVE/USDT:USDT,294.854,7.0,294.819,47.0,294.881,7.0,294.903,7.0
1753547028044,16:23:48.044,AAVE/USDT:USDT,294.854,7.0,294.819,47.0,294.866,7.0,294.88,9.0
1753547028074,16:23:48.074,AAVE/USDT:USDT,294.854,7.0,294.819,47.0,294.866,7.0,294.88,9.0
1753547028179,16:23:48.179,AAVE/USDT:USDT,294.854,7.0,294.819,47.0,294.866,7.0,294.88,9.0
1753547028347,16:23:48.347,AAVE/USDT:USDT,294.854,7.0,294.819,47.0,294.866,7.0,294.88,9.0
1753547028390,16:23:48.390,AAVE/USDT:USDT,294.854,7.0,294.819,47.0,294.866,7.0,294.88,9.0
1753547028403,16:23:48.403,AAVE/USDT:USDT,294.818,8.0,294.804,238.0,294.866,7.0,294.88,9.0
1753547028430,16:23:48.430,AAVE/USDT:USDT,294.819,47.0,294.818,8.0,294.866,7.0,294.88,9.0
1753547028455,16:23:48.455,AAVE/USDT:USDT,294.833,7.0,294.818,8.0,294.841,7.0,294.855,14.0
1753547028542,16:23:48.542,AAVE/USDT:USDT,294.818,8.0,294.804,238.0,294.841,7.0,294.855,14.0
1753547028786,16:23:48.786,AAVE/USDT:USDT,294.818,8.0,294.804,238.0,294.841,7.0,294.855,14.0
1753547029308,16:23:49.308,AAVE/USDT:USDT,294.818,8.0,294.804,238.0,294.841,7.0,294.855,14.0
1753547029368,16:23:49.368,AAVE/USDT:USDT,294.818,8.0,294.804,238.0,294.841,7.0,294.855,14.0
1753547029397,16:23:49.397,AAVE/USDT:USDT,294.818,8.0,294.804,238.0,294.841,7.0,294.855,14.0
1753547029792,16:23:49.792,AAVE/USDT:USDT,294.818,8.0,294.804,238.0,294.841,7.0,294.855,14.0
1753547029838,16:23:49.838,AAVE/USDT:USDT,294.818,8.0,294.804,238.0,294.841,7.0,294.855,14.0
1753547030070,16:23:50.070,AAVE/USDT:USDT,294.818,8.0,294.804,238.0,294.841,7.0,294.855,14.0
1753547030092,16:23:50.092,AAVE/USDT:USDT,294.818,8.0,294.804,238.0,294.841,7.0,294.855,14.0
1753547030107,16:23:50.107,AAVE/USDT:USDT,294.818,8.0,294.805,47.0,294.841,7.0,294.855,14.0
1753547030242,16:23:50.242,AAVE/USDT:USDT,294.818,8.0,294.805,47.0,294.841,7.0,294.855,14.0
1753547030256,16:23:50.256,AAVE/USDT:USDT,294.818,8.0,294.805,47.0,294.841,7.0,294.855,14.0
1753547030293,16:23:50.293,AAVE/USDT:USDT,294.818,8.0,294.805,47.0,294.866,7.0,294.903,7.0
1753547030318,16:23:50.318,AAVE/USDT:USDT,294.84,14.0,294.818,8.0,294.919,8.0,294.924,25.0
1753547030349,16:23:50.349,AAVE/USDT:USDT,294.854,7.0,294.84,14.0,294.91,9.0,294.919,8.0
1753547030374,16:23:50.374,AAVE/USDT:USDT,294.854,7.0,294.84,14.0,294.91,16.0,294.924,25.0
1753547034736,16:23:54.736,AAVE/USDT:USDT,294.854,7.0,294.818,8.0,294.91,16.0,294.924,25.0
1753547034760,16:23:54.760,AAVE/USDT:USDT,294.819,47.0,294.818,8.0,294.91,16.0,294.924,25.0
1753547034789,16:23:54.789,AAVE/USDT:USDT,294.818,8.0,294.805,47.0,294.91,16.0,294.924,25.0
1753547034815,16:23:54.815,AAVE/USDT:USDT,294.833,7.0,294.819,47.0,294.91,16.0,294.924,25.0
1753547034868,16:23:54.868,AAVE/USDT:USDT,294.833,7.0,294.818,8.0,294.91,16.0,294.924,25.0
1753547034883,16:23:54.883,AAVE/USDT:USDT,294.833,7.0,294.819,47.0,294.91,16.0,294.924,25.0
1753547034988,16:23:54.988,AAVE/USDT:USDT,294.833,7.0,294.819,47.0,294.91,16.0,294.924,25.0
1753547035807,16:23:55.807,AAVE/USDT:USDT,294.833,7.0,294.819,47.0,294.91,16.0,294.924,25.0
1753547036001,16:23:56.001,AAVE/USDT:USDT,294.833,7.0,294.819,47.0,294.91,16.0,294.924,25.0
1753547036031,16:23:56.031,AAVE/USDT:USDT,294.833,7.0,294.819,47.0,294.91,16.0,294.924,25.0
1753547036045,16:23:56.045,AAVE/USDT:USDT,294.833,7.0,294.819,47.0,294.91,16.0,294.924,25.0
1753547036112,16:23:56.112,AAVE/USDT:USDT,294.833,7.0,294.819,47.0,294.885,1.0,294.91,16.0
1753547036329,16:23:56.329,AAVE/USDT:USDT,294.833,7.0,294.819,47.0,294.885,7.0,294.91,16.0
1753547036347,16:23:56.347,AAVE/USDT:USDT,294.833,7.0,294.819,47.0,294.885,7.0,294.91,16.0
1753547036590,16:23:56.590,AAVE/USDT:USDT,294.833,7.0,294.819,47.0,294.885,7.0,294.91,16.0
1753547036793,16:23:56.793,AAVE/USDT:USDT,294.833,7.0,294.819,47.0,294.885,7.0,294.91,16.0
1753547036796,16:23:56.796,AAVE/USDT:USDT,294.833,7.0,294.819,47.0,294.885,7.0,294.91,16.0
1753547038011,16:23:58.011,AAVE/USDT:USDT,294.833,7.0,294.819,47.0,294.885,7.0,294.91,16.0
1753547038062,16:23:58.062,AAVE/USDT:USDT,294.833,7.0,294.819,47.0,294.885,7.0,294.91,16.0
1753547038166,16:23:58.166,AAVE/USDT:USDT,294.833,7.0,294.819,47.0,294.885,7.0,294.91,16.0
1753547038207,16:23:58.207,AAVE/USDT:USDT,294.833,7.0,294.819,47.0,294.885,7.0,294.91,16.0
1753547039454,16:23:59.454,AAVE/USDT:USDT,294.833,7.0,294.819,47.0,294.885,7.0,294.91,16.0
1753547040589,16:24:00.589,AAVE/USDT:USDT,294.833,7.0,294.819,47.0,294.885,7.0,294.91,16.0
1753547040976,16:24:00.976,AAVE/USDT:USDT,294.833,7.0,294.819,47.0,294.885,7.0,294.91,16.0
1753547041466,16:24:01.466,AAVE/USDT:USDT,294.833,7.0,294.819,47.0,294.885,7.0,294.91,16.0
1753547043362,16:24:03.362,AAVE/USDT:USDT,294.833,7.0,294.819,47.0,294.885,7.0,294.91,16.0
1753547043485,16:24:03.485,AAVE/USDT:USDT,294.833,7.0,294.819,47.0,294.885,7.0,294.91,16.0
1753547044178,16:24:04.178,AAVE/USDT:USDT,294.833,7.0,294.819,47.0,294.885,7.0,294.91,16.0
1753547044217,16:24:04.217,AAVE/USDT:USDT,294.833,7.0,294.819,47.0,294.91,16.0,294.924,25.0
1753547044240,16:24:04.240,AAVE/USDT:USDT,294.833,7.0,294.819,47.0,294.91,7.0,294.924,25.0
1753547044269,16:24:04.269,AAVE/USDT:USDT,294.833,7.0,294.819,47.0,294.91,7.0,294.924,25.0
1753547044307,16:24:04.307,AAVE/USDT:USDT,294.833,7.0,294.819,47.0,294.91,7.0,294.924,25.0
1753547044338,16:24:04.338,AAVE/USDT:USDT,294.833,7.0,294.819,47.0,294.91,7.0,294.924,25.0
1753547044355,16:24:04.355,AAVE/USDT:USDT,294.833,7.0,294.819,47.0,294.91,7.0,294.924,25.0
1753547045287,16:24:05.287,AAVE/USDT:USDT,294.833,7.0,294.819,47.0,294.91,7.0,294.924,25.0
1753547046031,16:24:06.031,AAVE/USDT:USDT,294.833,7.0,294.819,47.0,294.91,7.0,294.924,25.0
1753547046080,16:24:06.080,AAVE/USDT:USDT,294.833,7.0,294.819,47.0,294.91,7.0,294.924,25.0
1753547046102,16:24:06.102,AAVE/USDT:USDT,294.833,7.0,294.819,47.0,294.91,7.0,294.924,25.0
1753547047329,16:24:07.329,AAVE/USDT:USDT,294.833,7.0,294.819,47.0,294.91,7.0,294.924,25.0
1753547047377,16:24:07.377,AAVE/USDT:USDT,294.833,7.0,294.819,47.0,294.91,7.0,294.924,25.0
1753547047442,16:24:07.442,AAVE/USDT:USDT,294.833,7.0,294.819,47.0,294.91,7.0,294.924,25.0
1753547047564,16:24:07.564,AAVE/USDT:USDT,294.833,7.0,294.819,47.0,294.91,16.0,294.924,25.0
1753547047774,16:24:07.774,AAVE/USDT:USDT,294.833,7.0,294.819,47.0,294.91,7.0,294.924,25.0
1753547047777,16:24:07.777,AAVE/USDT:USDT,294.833,7.0,294.819,47.0,294.903,9.0,294.91,7.0
1753547047816,16:24:07.816,AAVE/USDT:USDT,294.833,7.0,294.819,47.0,294.903,16.0,294.918,7.0
1753547048288,16:24:08.288,AAVE/USDT:USDT,294.833,7.0,294.819,47.0,294.903,7.0,294.918,7.0
1753547048321,16:24:08.321,AAVE/USDT:USDT,294.833,7.0,294.819,47.0,294.914,9.0,294.924,25.0
1753547049278,16:24:09.278,AAVE/USDT:USDT,294.833,7.0,294.819,47.0,294.914,16.0,294.924,25.0
1753547050123,16:24:10.123,AAVE/USDT:USDT,294.833,7.0,294.819,47.0,294.914,16.0,294.924,25.0
1753547050262,16:24:10.262,AAVE/USDT:USDT,294.833,7.0,294.819,47.0,294.914,16.0,294.924,25.0
1753547050278,16:24:10.278,AAVE/USDT:USDT,294.833,7.0,294.819,47.0,294.914,16.0,294.924,25.0
1753547050871,16:24:10.871,AAVE/USDT:USDT,294.833,7.0,294.819,47.0,294.914,16.0,294.924,25.0
1753547050916,16:24:10.916,AAVE/USDT:USDT,294.833,7.0,294.819,47.0,294.914,16.0,294.924,25.0
1753547051779,16:24:11.779,AAVE/USDT:USDT,294.833,7.0,294.819,47.0,294.914,16.0,294.924,25.0
1753547052021,16:24:12.021,AAVE/USDT:USDT,294.833,7.0,294.819,47.0,294.914,16.0,294.924,25.0
1753547052070,16:24:12.070,AAVE/USDT:USDT,294.833,7.0,294.819,47.0,294.914,16.0,294.924,25.0
1753547053308,16:24:13.308,AAVE/USDT:USDT,294.833,7.0,294.819,47.0,294.914,16.0,294.924,25.0
1753547053344,16:24:13.344,AAVE/USDT:USDT,294.833,7.0,294.819,47.0,294.914,16.0,294.924,25.0
1753547053360,16:24:13.360,AAVE/USDT:USDT,294.833,7.0,294.819,47.0,294.914,16.0,294.924,25.0
1753547053470,16:24:13.470,AAVE/USDT:USDT,294.833,7.0,294.819,47.0,294.914,16.0,294.924,25.0
1753547053582,16:24:13.582,AAVE/USDT:USDT,294.833,7.0,294.819,47.0,294.914,7.0,294.924,25.0
1753547053939,16:24:13.939,AAVE/USDT:USDT,294.833,7.0,294.819,47.0,294.914,7.0,294.924,34.0
1753547054556,16:24:14.556,AAVE/USDT:USDT,294.833,7.0,294.819,47.0,294.914,7.0,294.924,25.0
1753547055377,16:24:15.377,AAVE/USDT:USDT,294.833,7.0,294.818,8.0,294.913,16.0,294.924,25.0
1753547055408,16:24:15.408,AAVE/USDT:USDT,294.818,8.0,294.804,238.0,294.913,16.0,294.924,25.0
1753547055449,16:24:15.449,AAVE/USDT:USDT,294.818,8.0,294.804,238.0,294.913,16.0,294.924,25.0
1753547055468,16:24:15.468,AAVE/USDT:USDT,294.818,8.0,294.804,238.0,294.913,16.0,294.924,25.0
1753547055685,16:24:15.685,AAVE/USDT:USDT,294.818,8.0,294.805,47.0,294.913,16.0,294.924,25.0
1753547055882,16:24:15.882,AAVE/USDT:USDT,294.818,8.0,294.805,47.0,294.913,16.0,294.924,25.0
1753547055963,16:24:15.963,AAVE/USDT:USDT,294.818,8.0,294.805,47.0,294.913,16.0,294.924,25.0
1753547055969,16:24:15.969,AAVE/USDT:USDT,294.818,8.0,294.805,47.0,294.913,16.0,294.924,25.0
1753547056164,16:24:16.164,AAVE/USDT:USDT,294.818,8.0,294.805,47.0,294.913,16.0,294.924,25.0
1753547056261,16:24:16.261,AAVE/USDT:USDT,294.818,8.0,294.805,47.0,294.913,16.0,294.924,25.0
1753547056278,16:24:16.278,AAVE/USDT:USDT,294.818,8.0,294.805,47.0,294.913,16.0,294.924,25.0
1753547056374,16:24:16.374,AAVE/USDT:USDT,294.818,8.0,294.805,47.0,294.913,16.0,294.924,25.0
1753547056429,16:24:16.429,AAVE/USDT:USDT,294.818,8.0,294.805,47.0,294.913,16.0,294.924,25.0
1753547056576,16:24:16.576,AAVE/USDT:USDT,294.818,8.0,294.805,47.0,294.913,16.0,294.924,25.0
1753547056625,16:24:16.625,AAVE/USDT:USDT,294.818,8.0,294.805,47.0,294.913,16.0,294.924,25.0
1753547056630,16:24:16.630,AAVE/USDT:USDT,294.818,8.0,294.805,47.0,294.913,16.0,294.924,25.0
1753547057122,16:24:17.122,AAVE/USDT:USDT,294.818,8.0,294.805,47.0,294.913,16.0,294.924,25.0
1753547057930,16:24:17.930,AAVE/USDT:USDT,294.818,8.0,294.805,47.0,294.913,7.0,294.924,25.0
1753547059223,16:24:19.223,AAVE/USDT:USDT,294.818,8.0,294.805,47.0,294.913,7.0,294.923,9.0
1753547059266,16:24:19.266,AAVE/USDT:USDT,294.818,8.0,294.805,47.0,294.913,7.0,294.923,9.0
1753547059425,16:24:19.425,AAVE/USDT:USDT,294.818,8.0,294.805,47.0,294.923,9.0,294.924,25.0
1753547059449,16:24:19.449,AAVE/USDT:USDT,294.818,8.0,294.805,47.0,294.923,9.0,294.924,25.0
1753547059499,16:24:19.499,AAVE/USDT:USDT,294.818,17.0,294.805,47.0,294.923,16.0,294.924,25.0
1753547059505,16:24:19.505,AAVE/USDT:USDT,294.818,8.0,294.805,47.0,294.923,7.0,294.924,25.0
1753547059544,16:24:19.544,AAVE/USDT:USDT,294.832,7.0,294.823,9.0,294.923,7.0,294.924,25.0
1753547059596,16:24:19.596,AAVE/USDT:USDT,294.832,7.0,294.824,47.0,294.923,7.0,294.924,25.0
1753547059623,16:24:19.623,AAVE/USDT:USDT,294.832,7.0,294.824,47.0,294.923,7.0,294.924,25.0
1753547059986,16:24:19.986,AAVE/USDT:USDT,294.832,7.0,294.824,47.0,294.923,7.0,294.924,25.0
1753547060399,16:24:20.399,AAVE/USDT:USDT,294.832,7.0,294.824,47.0,294.923,7.0,294.924,25.0
1753547061017,16:24:21.017,AAVE/USDT:USDT,294.832,7.0,294.824,47.0,294.923,7.0,294.924,25.0
1753547061081,16:24:21.081,AAVE/USDT:USDT,294.832,7.0,294.824,47.0,294.923,7.0,294.924,25.0
1753547061296,16:24:21.296,AAVE/USDT:USDT,294.832,7.0,294.824,47.0,294.923,7.0,294.924,25.0
1753547061574,16:24:21.574,AAVE/USDT:USDT,294.832,7.0,294.824,47.0,294.923,7.0,294.924,25.0
1753547062256,16:24:22.256,AAVE/USDT:USDT,294.832,7.0,294.824,47.0,294.921,9.0,294.923,7.0
1753547062268,16:24:22.268,AAVE/USDT:USDT,294.832,7.0,294.824,47.0,294.921,9.0,294.924,25.0
1753547062403,16:24:22.403,AAVE/USDT:USDT,294.832,7.0,294.824,47.0,294.921,16.0,294.924,25.0
1753547062416,16:24:22.416,AAVE/USDT:USDT,294.832,7.0,294.817,7.0,294.921,16.0,294.924,25.0
1753547062454,16:24:22.454,AAVE/USDT:USDT,294.832,7.0,294.818,47.0,294.921,16.0,294.924,25.0
1753547062551,16:24:22.551,AAVE/USDT:USDT,294.832,7.0,294.818,47.0,294.921,16.0,294.924,25.0
1753547062726,16:24:22.726,AAVE/USDT:USDT,294.832,7.0,294.818,47.0,294.921,16.0,294.924,25.0
1753547063327,16:24:23.327,AAVE/USDT:USDT,294.832,7.0,294.818,47.0,294.921,16.0,294.924,25.0
1753547063670,16:24:23.670,AAVE/USDT:USDT,294.832,7.0,294.818,47.0,294.921,16.0,294.924,25.0
1753547063679,16:24:23.679,AAVE/USDT:USDT,294.832,7.0,294.818,47.0,294.921,16.0,294.924,25.0
1753547064032,16:24:24.032,AAVE/USDT:USDT,294.832,7.0,294.818,47.0,294.921,16.0,294.924,25.0
1753547064066,16:24:24.066,AAVE/USDT:USDT,294.832,7.0,294.818,47.0,294.921,16.0,294.924,25.0
1753547064732,16:24:24.732,AAVE/USDT:USDT,294.832,7.0,294.818,47.0,294.921,16.0,294.924,25.0
1753547065460,16:24:25.460,AAVE/USDT:USDT,294.832,7.0,294.818,47.0,294.921,16.0,294.924,25.0
1753547065616,16:24:25.616,AAVE/USDT:USDT,294.832,7.0,294.818,47.0,294.921,16.0,294.924,25.0
1753547065651,16:24:25.651,AAVE/USDT:USDT,294.832,7.0,294.818,47.0,294.921,16.0,294.924,25.0
1753547065660,16:24:25.660,AAVE/USDT:USDT,294.832,7.0,294.818,47.0,294.921,16.0,294.924,25.0
1753547065690,16:24:25.690,AAVE/USDT:USDT,294.832,7.0,294.818,47.0,294.921,16.0,294.924,25.0
1753547066270,16:24:26.270,AAVE/USDT:USDT,294.832,7.0,294.818,47.0,294.921,16.0,294.924,25.0
1753547066313,16:24:26.313,AAVE/USDT:USDT,294.832,7.0,294.818,47.0,294.921,16.0,294.924,25.0
1753547066873,16:24:26.873,AAVE/USDT:USDT,294.832,7.0,294.818,47.0,294.921,16.0,294.924,25.0
1753547067017,16:24:27.017,AAVE/USDT:USDT,294.832,7.0,294.818,47.0,294.921,16.0,294.924,25.0
1753547067048,16:24:27.048,AAVE/USDT:USDT,294.832,7.0,294.818,47.0,294.921,16.0,294.924,25.0
1753547067449,16:24:27.449,AAVE/USDT:USDT,294.832,7.0,294.818,47.0,294.921,16.0,294.924,25.0
1753547067475,16:24:27.475,AAVE/USDT:USDT,294.832,7.0,294.818,47.0,294.921,16.0,294.924,25.0
1753547067490,16:24:27.490,AAVE/USDT:USDT,294.832,7.0,294.818,47.0,294.921,16.0,294.924,25.0
1753547067964,16:24:27.964,AAVE/USDT:USDT,294.832,7.0,294.818,47.0,294.921,16.0,294.924,25.0
1753547068303,16:24:28.303,AAVE/USDT:USDT,294.832,7.0,294.818,47.0,294.921,16.0,294.924,25.0
1753547068348,16:24:28.348,AAVE/USDT:USDT,294.832,7.0,294.818,47.0,294.921,16.0,294.924,25.0
1753547068440,16:24:28.440,AAVE/USDT:USDT,294.832,7.0,294.818,47.0,294.921,16.0,294.924,25.0
1753547068510,16:24:28.510,AAVE/USDT:USDT,294.832,7.0,294.818,47.0,294.921,16.0,294.924,25.0
1753547068712,16:24:28.712,AAVE/USDT:USDT,294.832,7.0,294.818,47.0,294.921,16.0,294.924,25.0
1753547069042,16:24:29.042,AAVE/USDT:USDT,294.832,7.0,294.818,47.0,294.921,16.0,294.924,25.0
1753547070025,16:24:30.025,AAVE/USDT:USDT,294.832,7.0,294.818,47.0,294.921,16.0,294.924,25.0
1753547070129,16:24:30.129,AAVE/USDT:USDT,294.832,7.0,294.818,47.0,294.921,16.0,294.924,25.0
1753547070431,16:24:30.431,AAVE/USDT:USDT,294.832,7.0,294.818,47.0,294.921,7.0,294.924,25.0
1753547070747,16:24:30.747,AAVE/USDT:USDT,294.832,7.0,294.818,47.0,294.924,25.0,294.939,25.0
1753547070758,16:24:30.758,AAVE/USDT:USDT,294.832,7.0,294.818,47.0,294.939,25.0,294.949,8.0
1753547071161,16:24:31.161,AAVE/USDT:USDT,294.832,16.0,294.818,47.0,294.93,25.0,294.939,25.0
1753547071173,16:24:31.173,AAVE/USDT:USDT,294.834,9.0,294.818,47.0,294.93,25.0,294.939,25.0
1753547071283,16:24:31.283,AAVE/USDT:USDT,294.846,8.0,294.834,9.0,294.93,25.0,294.939,25.0
1753547071293,16:24:31.293,AAVE/USDT:USDT,294.846,8.0,294.834,9.0,294.93,25.0,294.939,25.0
1753547071330,16:24:31.330,AAVE/USDT:USDT,294.847,56.0,294.846,8.0,294.93,25.0,294.939,25.0
1753547071421,16:24:31.421,AAVE/USDT:USDT,294.861,8.0,294.847,56.0,294.93,25.0,294.939,25.0
1753547071473,16:24:31.473,AAVE/USDT:USDT,294.861,8.0,294.847,56.0,294.93,25.0,294.939,25.0
1753547071500,16:24:31.500,AAVE/USDT:USDT,294.861,8.0,294.848,47.0,294.93,25.0,294.939,25.0
1753547071595,16:24:31.595,AAVE/USDT:USDT,294.861,8.0,294.848,47.0,294.93,25.0,294.939,25.0
1753547071709,16:24:31.709,AAVE/USDT:USDT,294.861,8.0,294.848,47.0,294.93,25.0,294.939,25.0
1753547071769,16:24:31.769,AAVE/USDT:USDT,294.861,8.0,294.848,47.0,294.93,25.0,294.939,25.0
1753547072255,16:24:32.255,AAVE/USDT:USDT,294.863,25.0,294.861,8.0,294.93,25.0,294.939,25.0
1753547072255,16:24:32.255,AAVE/USDT:USDT,294.863,25.0,294.861,8.0,294.93,25.0,294.939,25.0
1753547072299,16:24:32.299,AAVE/USDT:USDT,294.877,8.0,294.869,9.0,294.939,25.0,294.951,25.0
1753547072315,16:24:32.315,AAVE/USDT:USDT,294.877,8.0,294.87,47.0,294.939,25.0,294.951,25.0
1753547072376,16:24:32.376,AAVE/USDT:USDT,294.877,8.0,294.87,47.0,294.939,25.0,294.951,25.0
1753547072407,16:24:32.407,AAVE/USDT:USDT,294.877,8.0,294.87,47.0,294.939,25.0,294.951,25.0
1753547072479,16:24:32.479,AAVE/USDT:USDT,294.879,9.0,294.877,8.0,294.939,25.0,294.951,25.0
1753547072498,16:24:32.498,AAVE/USDT:USDT,294.893,8.0,294.879,9.0,294.939,25.0,294.951,25.0
1753547072550,16:24:32.550,AAVE/USDT:USDT,294.893,8.0,294.88,238.0,294.939,25.0,294.951,25.0
1753547072575,16:24:32.575,AAVE/USDT:USDT,294.893,8.0,294.88,238.0,294.939,25.0,294.951,25.0
1753547072601,16:24:32.601,AAVE/USDT:USDT,294.893,8.0,294.88,238.0,294.939,25.0,294.951,25.0
1753547072933,16:24:32.933,AAVE/USDT:USDT,294.893,8.0,294.88,238.0,294.939,25.0,294.951,25.0
1753547072954,16:24:32.954,AAVE/USDT:USDT,294.893,8.0,294.88,238.0,294.939,25.0,294.969,8.0
1753547072992,16:24:32.992,AAVE/USDT:USDT,294.893,8.0,294.881,47.0,294.969,8.0,294.99,25.0
1753547073014,16:24:33.014,AAVE/USDT:USDT,294.893,8.0,294.881,47.0,294.969,8.0,294.99,25.0
1753547073083,16:24:33.083,AAVE/USDT:USDT,294.893,8.0,294.881,47.0,294.969,8.0,294.99,25.0
1753547073103,16:24:33.103,AAVE/USDT:USDT,294.893,8.0,294.881,47.0,294.969,8.0,294.99,25.0
1753547073130,16:24:33.130,AAVE/USDT:USDT,294.893,8.0,294.881,47.0,294.99,25.0,294.999,8.0
1753547073163,16:24:33.163,AAVE/USDT:USDT,294.893,8.0,294.881,47.0,294.986,17.0,294.99,25.0
1753547073193,16:24:33.193,AAVE/USDT:USDT,294.893,8.0,294.881,47.0,294.986,17.0,294.99,25.0
1753547073294,16:24:33.294,AAVE/USDT:USDT,294.893,8.0,294.881,47.0,294.986,17.0,294.99,25.0
1753547073331,16:24:33.331,AAVE/USDT:USDT,294.893,8.0,294.881,47.0,294.986,17.0,294.99,25.0
1753547073770,16:24:33.770,AAVE/USDT:USDT,294.893,8.0,294.881,47.0,294.986,17.0,294.99,25.0
1753547075471,16:24:35.471,AAVE/USDT:USDT,294.893,8.0,294.881,47.0,294.986,17.0,294.99,25.0
1753547075498,16:24:35.498,AAVE/USDT:USDT,294.893,8.0,294.881,47.0,294.986,9.0,294.99,25.0
1753547075527,16:24:35.527,AAVE/USDT:USDT,294.893,8.0,294.881,47.0,294.99,25.0,295.011,25.0
1753547075564,16:24:35.564,AAVE/USDT:USDT,294.893,17.0,294.881,47.0,295.01,25.0,295.011,25.0
1753547075594,16:24:35.594,AAVE/USDT:USDT,294.907,8.0,294.893,9.0,295.006,17.0,295.01,25.0
1753547075623,16:24:35.623,AAVE/USDT:USDT,294.907,8.0,294.893,9.0,295.006,17.0,295.01,25.0
1753547075656,16:24:35.656,AAVE/USDT:USDT,294.907,8.0,294.893,9.0,295.006,17.0,295.011,25.0
1753547075677,16:24:35.677,AAVE/USDT:USDT,294.907,8.0,294.893,9.0,295.006,17.0,295.021,8.0
1753547075710,16:24:35.710,AAVE/USDT:USDT,294.907,8.0,294.881,47.0,295.006,8.0,295.019,9.0
1753547075737,16:24:35.737,AAVE/USDT:USDT,294.909,9.0,294.907,8.0,295.006,8.0,295.019,9.0
1753547075772,16:24:35.772,AAVE/USDT:USDT,294.923,8.0,294.909,9.0,295.006,8.0,295.019,9.0
1753547075834,16:24:35.834,AAVE/USDT:USDT,294.923,8.0,294.909,9.0,295.006,8.0,295.019,9.0
1753547075962,16:24:35.962,AAVE/USDT:USDT,294.923,8.0,294.91,47.0,295.006,8.0,295.019,9.0
1753547076201,16:24:36.201,AAVE/USDT:USDT,294.923,8.0,294.91,47.0,295.006,8.0,295.019,9.0
1753547076217,16:24:36.217,AAVE/USDT:USDT,294.923,8.0,294.907,8.0,295.004,9.0,295.021,8.0
1753547076252,16:24:36.252,AAVE/USDT:USDT,294.907,8.0,294.88,238.0,295.004,17.0,295.021,8.0
1753547076298,16:24:36.298,AAVE/USDT:USDT,294.907,8.0,294.88,238.0,295.004,17.0,295.021,8.0
1753547076303,16:24:36.303,AAVE/USDT:USDT,294.907,8.0,294.881,47.0,295.004,17.0,295.021,8.0
1753547076380,16:24:36.380,AAVE/USDT:USDT,294.907,8.0,294.881,47.0,295.004,17.0,295.021,8.0
1753547076399,16:24:36.399,AAVE/USDT:USDT,294.907,8.0,294.881,47.0,295.004,17.0,295.021,8.0
1753547076523,16:24:36.523,AAVE/USDT:USDT,294.907,8.0,294.881,47.0,295.004,17.0,295.021,8.0
1753547077615,16:24:37.615,AAVE/USDT:USDT,294.907,8.0,294.881,47.0,295.004,17.0,295.021,8.0
1753547078021,16:24:38.021,AAVE/USDT:USDT,294.907,8.0,294.881,47.0,295.004,17.0,295.039,7.0
1753547079037,16:24:39.037,AAVE/USDT:USDT,294.907,8.0,294.881,47.0,295.004,17.0,295.039,7.0
1753547079084,16:24:39.084,AAVE/USDT:USDT,294.907,8.0,294.881,47.0,295.004,17.0,295.039,7.0
1753547079422,16:24:39.422,AAVE/USDT:USDT,294.907,8.0,294.881,47.0,295.004,17.0,295.039,7.0
1753547079780,16:24:39.780,AAVE/USDT:USDT,294.907,8.0,294.881,47.0,295.004,17.0,295.039,7.0
1753547079800,16:24:39.800,AAVE/USDT:USDT,294.907,8.0,294.881,47.0,295.004,17.0,295.039,7.0
1753547079818,16:24:39.818,AAVE/USDT:USDT,294.907,8.0,294.881,47.0,295.004,17.0,295.039,7.0
1753547079858,16:24:39.858,AAVE/USDT:USDT,294.907,8.0,294.881,47.0,295.004,17.0,295.039,7.0
1753547079898,16:24:39.898,AAVE/USDT:USDT,294.907,8.0,294.881,47.0,295.004,17.0,295.039,7.0
1753547079952,16:24:39.952,AAVE/USDT:USDT,294.907,8.0,294.881,47.0,295.004,17.0,295.039,7.0
1753547079968,16:24:39.968,AAVE/USDT:USDT,294.907,8.0,294.881,47.0,295.004,17.0,295.039,7.0
1753547080064,16:24:40.064,AAVE/USDT:USDT,294.907,8.0,294.881,47.0,295.004,17.0,295.039,7.0
1753547080113,16:24:40.113,AAVE/USDT:USDT,294.907,8.0,294.881,47.0,295.004,17.0,295.039,7.0
1753547080120,16:24:40.120,AAVE/USDT:USDT,294.907,8.0,294.881,47.0,295.004,17.0,295.039,7.0
1753547080159,16:24:40.159,AAVE/USDT:USDT,294.907,8.0,294.881,47.0,295.004,17.0,295.039,7.0
1753547080268,16:24:40.268,AAVE/USDT:USDT,294.907,8.0,294.881,47.0,295.004,17.0,295.039,7.0
1753547080391,16:24:40.391,AAVE/USDT:USDT,294.907,8.0,294.881,47.0,295.004,17.0,295.039,7.0
1753547080419,16:24:40.419,AAVE/USDT:USDT,294.907,8.0,294.881,47.0,295.004,17.0,295.039,7.0
1753547080466,16:24:40.466,AAVE/USDT:USDT,294.907,8.0,294.881,47.0,295.004,17.0,295.039,7.0
1753547080493,16:24:40.493,AAVE/USDT:USDT,294.907,8.0,294.881,47.0,295.004,17.0,295.039,7.0
1753547080550,16:24:40.550,AAVE/USDT:USDT,294.907,8.0,294.881,47.0,295.004,17.0,295.039,7.0
1753547080600,16:24:40.600,AAVE/USDT:USDT,294.907,8.0,294.881,47.0,295.004,17.0,295.039,7.0
1753547080656,16:24:40.656,AAVE/USDT:USDT,294.907,8.0,294.881,47.0,295.004,17.0,295.039,7.0
1753547080708,16:24:40.708,AAVE/USDT:USDT,294.907,8.0,294.881,47.0,295.004,17.0,295.039,7.0
1753547080753,16:24:40.753,AAVE/USDT:USDT,294.907,8.0,294.881,47.0,295.004,17.0,295.039,7.0
1753547080840,16:24:40.840,AAVE/USDT:USDT,294.907,8.0,294.881,47.0,295.004,17.0,295.039,7.0
1753547080923,16:24:40.923,AAVE/USDT:USDT,294.907,8.0,294.881,47.0,295.004,17.0,295.039,7.0
1753547080969,16:24:40.969,AAVE/USDT:USDT,294.907,8.0,294.881,47.0,295.004,17.0,295.039,7.0
1753547081012,16:24:41.012,AAVE/USDT:USDT,294.907,8.0,294.881,47.0,295.004,17.0,295.039,7.0
1753547081016,16:24:41.016,AAVE/USDT:USDT,294.907,8.0,294.881,47.0,295.004,17.0,295.039,7.0
1753547081066,16:24:41.066,AAVE/USDT:USDT,294.907,8.0,294.881,47.0,295.004,17.0,295.039,7.0
1753547081110,16:24:41.110,AAVE/USDT:USDT,294.907,8.0,294.881,47.0,295.004,17.0,295.039,7.0
1753547081137,16:24:41.137,AAVE/USDT:USDT,294.907,8.0,294.881,47.0,295.004,17.0,295.039,7.0
1753547081188,16:24:41.188,AAVE/USDT:USDT,294.907,8.0,294.881,47.0,295.004,17.0,295.039,7.0
1753547081216,16:24:41.216,AAVE/USDT:USDT,294.907,8.0,294.881,47.0,295.004,17.0,295.039,7.0
1753547081228,16:24:41.228,AAVE/USDT:USDT,294.907,8.0,294.881,47.0,295.004,17.0,295.039,7.0
1753547081259,16:24:41.259,AAVE/USDT:USDT,294.907,8.0,294.881,47.0,295.004,17.0,295.039,7.0
1753547081321,16:24:41.321,AAVE/USDT:USDT,294.907,8.0,294.881,47.0,295.004,17.0,295.039,7.0
1753547081496,16:24:41.496,AAVE/USDT:USDT,294.907,8.0,294.881,47.0,295.004,17.0,295.039,7.0
1753547081527,16:24:41.527,AAVE/USDT:USDT,294.907,8.0,294.881,47.0,295.004,17.0,295.039,7.0
1753547081617,16:24:41.617,AAVE/USDT:USDT,294.907,8.0,294.881,47.0,295.004,17.0,295.039,7.0
1753547081640,16:24:41.640,AAVE/USDT:USDT,294.907,8.0,294.881,47.0,295.004,17.0,295.039,7.0
1753547081681,16:24:41.681,AAVE/USDT:USDT,294.907,8.0,294.881,47.0,295.004,17.0,295.039,7.0
1753547081703,16:24:41.703,AAVE/USDT:USDT,294.907,8.0,294.881,47.0,295.004,17.0,295.039,7.0
1753547081757,16:24:41.757,AAVE/USDT:USDT,294.907,8.0,294.881,47.0,295.004,17.0,295.039,7.0
1753547081829,16:24:41.829,AAVE/USDT:USDT,294.907,8.0,294.881,47.0,295.004,17.0,295.039,7.0
1753547081944,16:24:41.944,AAVE/USDT:USDT,294.907,8.0,294.881,47.0,295.004,17.0,295.039,7.0
1753547082014,16:24:42.014,AAVE/USDT:USDT,294.907,8.0,294.881,47.0,295.004,17.0,295.039,7.0
1753547082039,16:24:42.039,AAVE/USDT:USDT,294.907,8.0,294.881,47.0,295.004,17.0,295.039,7.0
1753547082337,16:24:42.337,AAVE/USDT:USDT,294.907,8.0,294.881,47.0,295.004,17.0,295.039,7.0
1753547082491,16:24:42.491,AAVE/USDT:USDT,294.907,8.0,294.881,47.0,295.004,9.0,295.039,7.0
1753547082516,16:24:42.516,AAVE/USDT:USDT,294.907,8.0,294.881,47.0,295.004,7.0,295.03,9.0
1753547082545,16:24:42.545,AAVE/USDT:USDT,294.907,8.0,294.881,47.0,294.997,9.0,295.039,7.0
1753547082607,16:24:42.607,AAVE/USDT:USDT,294.907,8.0,294.881,47.0,294.997,7.0,295.03,9.0
1753547082729,16:24:42.729,AAVE/USDT:USDT,294.907,8.0,294.881,47.0,294.964,1.0,294.997,7.0
1753547082836,16:24:42.836,AAVE/USDT:USDT,294.907,8.0,294.881,47.0,294.997,7.0,295.03,9.0
1753547083278,16:24:43.278,AAVE/USDT:USDT,294.907,8.0,294.881,47.0,294.997,7.0,295.039,7.0
1753547083294,16:24:43.294,AAVE/USDT:USDT,294.907,8.0,294.881,47.0,294.995,16.0,295.039,7.0
1753547084013,16:24:44.013,AAVE/USDT:USDT,294.907,8.0,294.881,47.0,294.995,16.0,295.039,7.0
1753547084056,16:24:44.056,AAVE/USDT:USDT,294.907,8.0,294.881,47.0,294.995,16.0,295.039,7.0
1753547084092,16:24:44.092,AAVE/USDT:USDT,294.907,8.0,294.881,47.0,294.995,16.0,295.039,7.0
1753547084120,16:24:44.120,AAVE/USDT:USDT,294.907,8.0,294.881,47.0,294.995,16.0,295.039,7.0
1753547084141,16:24:44.141,AAVE/USDT:USDT,294.907,8.0,294.881,47.0,294.995,16.0,295.039,7.0
1753547084179,16:24:44.179,AAVE/USDT:USDT,294.907,8.0,294.881,47.0,294.995,16.0,295.039,7.0
1753547084712,16:24:44.712,AAVE/USDT:USDT,294.907,8.0,294.881,47.0,294.995,16.0,295.039,7.0
1753547085071,16:24:45.071,AAVE/USDT:USDT,294.907,8.0,294.881,47.0,294.995,16.0,295.039,7.0
1753547085613,16:24:45.613,AAVE/USDT:USDT,294.907,8.0,294.881,47.0,294.995,16.0,295.039,7.0
1753547085640,16:24:45.640,AAVE/USDT:USDT,294.907,8.0,294.881,47.0,295.03,9.0,295.039,7.0
1753547085664,16:24:45.664,AAVE/USDT:USDT,294.907,8.0,294.881,47.0,295.03,16.0,295.039,7.0
1753547085697,16:24:45.697,AAVE/USDT:USDT,294.907,8.0,294.881,47.0,295.03,16.0,295.054,33.0
1753547085760,16:24:45.760,AAVE/USDT:USDT,294.907,8.0,294.881,47.0,295.03,16.0,295.054,33.0
1753547085785,16:24:45.785,AAVE/USDT:USDT,294.907,8.0,294.881,47.0,295.03,16.0,295.054,33.0
1753547085818,16:24:45.818,AAVE/USDT:USDT,294.907,8.0,294.881,47.0,295.03,16.0,295.054,33.0
1753547085847,16:24:45.847,AAVE/USDT:USDT,294.907,8.0,294.881,47.0,295.03,16.0,295.054,33.0
1753547085957,16:24:45.957,AAVE/USDT:USDT,294.907,8.0,294.881,47.0,295.03,16.0,295.054,33.0
1753547085966,16:24:45.966,AAVE/USDT:USDT,294.907,8.0,294.881,47.0,295.03,16.0,295.054,33.0
1753547086023,16:24:46.023,AAVE/USDT:USDT,294.907,8.0,294.881,47.0,295.03,16.0,295.054,33.0
1753547086023,16:24:46.023,AAVE/USDT:USDT,294.907,8.0,294.881,47.0,295.03,16.0,295.054,33.0
1753547086303,16:24:46.303,AAVE/USDT:USDT,294.907,8.0,294.881,47.0,295.03,16.0,295.054,33.0
1753547086771,16:24:46.771,AAVE/USDT:USDT,294.907,8.0,294.881,47.0,295.03,16.0,295.054,33.0
1753547086805,16:24:46.805,AAVE/USDT:USDT,294.907,8.0,294.881,47.0,295.03,16.0,295.054,33.0
1753547086847,16:24:46.847,AAVE/USDT:USDT,294.907,8.0,294.881,47.0,295.03,16.0,295.054,33.0
1753547087759,16:24:47.759,AAVE/USDT:USDT,294.907,8.0,294.881,47.0,295.03,16.0,295.054,33.0
1753547087766,16:24:47.766,AAVE/USDT:USDT,294.907,8.0,294.881,47.0,295.03,16.0,295.054,33.0
1753547088066,16:24:48.066,AAVE/USDT:USDT,294.907,8.0,294.881,47.0,295.03,16.0,295.054,8.0
1753547088095,16:24:48.095,AAVE/USDT:USDT,294.881,47.0,294.88,238.0,295.03,16.0,295.054,8.0
1753547088131,16:24:48.131,AAVE/USDT:USDT,294.921,8.0,294.908,9.0,295.03,16.0,295.054,8.0
1753547088193,16:24:48.193,AAVE/USDT:USDT,294.921,8.0,294.908,9.0,295.03,16.0,295.054,8.0
1753547088222,16:24:48.222,AAVE/USDT:USDT,294.921,8.0,294.908,9.0,295.03,16.0,295.054,8.0
1753547088265,16:24:48.265,AAVE/USDT:USDT,294.921,8.0,294.908,9.0,295.03,16.0,295.054,8.0
1753547088349,16:24:48.349,AAVE/USDT:USDT,294.921,8.0,294.908,9.0,295.03,16.0,295.054,8.0
1753547088401,16:24:48.401,AAVE/USDT:USDT,294.921,8.0,294.908,9.0,295.03,16.0,295.054,8.0
1753547088428,16:24:48.428,AAVE/USDT:USDT,294.921,8.0,294.908,9.0,295.03,16.0,295.054,8.0
1753547088603,16:24:48.603,AAVE/USDT:USDT,294.921,8.0,294.908,9.0,295.03,16.0,295.054,8.0
1753547088731,16:24:48.731,AAVE/USDT:USDT,294.921,8.0,294.908,9.0,295.03,16.0,295.054,8.0
1753547088806,16:24:48.806,AAVE/USDT:USDT,294.921,8.0,294.908,16.0,295.03,16.0,295.054,8.0
1753547088821,16:24:48.821,AAVE/USDT:USDT,294.921,8.0,294.909,47.0,295.03,16.0,295.054,8.0
1753547088855,16:24:48.855,AAVE/USDT:USDT,294.921,8.0,294.909,47.0,295.03,16.0,295.054,8.0
1753547088926,16:24:48.926,AAVE/USDT:USDT,294.921,8.0,294.909,47.0,295.03,16.0,295.054,8.0
1753547088976,16:24:48.976,AAVE/USDT:USDT,294.921,8.0,294.909,47.0,295.03,16.0,295.054,8.0
1753547089058,16:24:49.058,AAVE/USDT:USDT,294.921,8.0,294.909,47.0,295.03,16.0,295.054,8.0
1753547090019,16:24:50.019,AAVE/USDT:USDT,294.921,8.0,294.909,47.0,295.03,16.0,295.054,8.0
1753547090285,16:24:50.285,AAVE/USDT:USDT,294.921,8.0,294.909,47.0,295.03,9.0,295.054,8.0
1753547090296,16:24:50.296,AAVE/USDT:USDT,294.921,8.0,294.909,47.0,295.03,9.0,295.054,8.0
1753547090322,16:24:50.322,AAVE/USDT:USDT,294.921,8.0,294.91,7.0,295.03,8.0,295.045,9.0
1753547090359,16:24:50.359,AAVE/USDT:USDT,294.936,8.0,294.922,9.0,295.045,9.0,295.054,8.0
1753547090379,16:24:50.379,AAVE/USDT:USDT,294.936,8.0,294.922,9.0,295.031,8.0,295.045,9.0
1753547090434,16:24:50.434,AAVE/USDT:USDT,294.936,8.0,294.922,9.0,295.031,8.0,295.045,9.0
1753547090451,16:24:50.451,AAVE/USDT:USDT,294.936,8.0,294.922,9.0,295.031,8.0,295.045,9.0
1753547090481,16:24:50.481,AAVE/USDT:USDT,294.936,8.0,294.922,9.0,295.031,8.0,295.045,9.0
1753547090539,16:24:50.539,AAVE/USDT:USDT,294.936,8.0,294.922,9.0,295.031,8.0,295.045,9.0
1753547090566,16:24:50.566,AAVE/USDT:USDT,294.936,8.0,294.922,9.0,295.031,8.0,295.045,9.0
1753547090585,16:24:50.585,AAVE/USDT:USDT,294.937,9.0,294.936,8.0,295.031,8.0,295.045,9.0
1753547090665,16:24:50.665,AAVE/USDT:USDT,294.951,8.0,294.937,56.0,295.031,8.0,295.045,9.0
1753547090666,16:24:50.666,AAVE/USDT:USDT,294.952,237.0,294.951,8.0,295.031,8.0,295.045,9.0
1753547090709,16:24:50.709,AAVE/USDT:USDT,294.966,8.0,294.952,237.0,295.031,8.0,295.045,9.0
1753547090762,16:24:50.762,AAVE/USDT:USDT,294.966,8.0,294.953,47.0,295.031,8.0,295.045,9.0
1753547090767,16:24:50.767,AAVE/USDT:USDT,294.966,8.0,294.953,47.0,295.031,8.0,295.045,9.0
1753547090797,16:24:50.797,AAVE/USDT:USDT,294.966,8.0,294.953,47.0,295.031,8.0,295.045,9.0
1753547090838,16:24:50.838,AAVE/USDT:USDT,294.966,8.0,294.953,47.0,295.031,8.0,295.045,9.0
1753547090857,16:24:50.857,AAVE/USDT:USDT,294.966,8.0,294.953,47.0,295.031,8.0,295.045,9.0
1753547091115,16:24:51.115,AAVE/USDT:USDT,294.966,8.0,294.953,47.0,295.031,8.0,295.045,9.0
1753547091318,16:24:51.318,AAVE/USDT:USDT,294.966,8.0,294.953,47.0,295.031,8.0,295.045,9.0
1753547091426,16:24:51.426,AAVE/USDT:USDT,294.966,8.0,294.953,47.0,295.031,8.0,295.045,9.0
1753547091481,16:24:51.481,AAVE/USDT:USDT,294.966,8.0,294.953,47.0,295.031,8.0,295.045,9.0
1753547091545,16:24:51.545,AAVE/USDT:USDT,294.966,8.0,294.953,47.0,295.031,8.0,295.045,9.0
1753547091627,16:24:51.627,AAVE/USDT:USDT,294.966,8.0,294.953,47.0,295.031,8.0,295.045,9.0
1753547091651,16:24:51.651,AAVE/USDT:USDT,294.966,8.0,294.953,47.0,295.031,8.0,295.045,9.0
1753547092000,16:24:52.000,AAVE/USDT:USDT,294.966,8.0,294.953,47.0,295.031,8.0,295.045,9.0
1753547092030,16:24:52.030,AAVE/USDT:USDT,294.966,8.0,294.953,47.0,295.031,8.0,295.045,9.0
1753547092088,16:24:52.088,AAVE/USDT:USDT,294.966,8.0,294.953,47.0,295.031,8.0,295.045,9.0
1753547092304,16:24:52.304,AAVE/USDT:USDT,294.966,8.0,294.953,47.0,295.031,8.0,295.045,9.0
1753547092541,16:24:52.541,AAVE/USDT:USDT,294.966,8.0,294.953,47.0,295.031,8.0,295.045,9.0
1753547092620,16:24:52.620,AAVE/USDT:USDT,294.966,8.0,294.953,47.0,295.031,8.0,295.045,9.0
1753547092682,16:24:52.682,AAVE/USDT:USDT,294.966,8.0,294.953,47.0,295.031,8.0,295.045,9.0
1753547092690,16:24:52.690,AAVE/USDT:USDT,294.966,8.0,294.953,47.0,295.031,8.0,295.045,9.0
1753547092756,16:24:52.756,AAVE/USDT:USDT,294.966,8.0,294.953,47.0,295.031,8.0,295.045,9.0
1753547092825,16:24:52.825,AAVE/USDT:USDT,294.966,8.0,294.953,47.0,295.031,8.0,295.045,9.0
1753547092907,16:24:52.907,AAVE/USDT:USDT,294.966,8.0,294.953,47.0,295.031,8.0,295.045,9.0
1753547093054,16:24:53.054,AAVE/USDT:USDT,294.966,8.0,294.953,47.0,295.031,8.0,295.045,9.0
1753547093209,16:24:53.209,AAVE/USDT:USDT,294.966,8.0,294.953,47.0,295.031,8.0,295.045,9.0
1753547093255,16:24:53.255,AAVE/USDT:USDT,294.966,8.0,294.953,47.0,295.031,8.0,295.045,9.0
1753547093409,16:24:53.409,AAVE/USDT:USDT,294.966,8.0,294.953,47.0,295.031,8.0,295.045,9.0
1753547093439,16:24:53.439,AAVE/USDT:USDT,295.03,12.0,294.966,8.0,295.031,8.0,295.054,8.0
1753547093467,16:24:53.467,AAVE/USDT:USDT,295.03,12.0,294.966,8.0,295.069,8.0,295.083,50.0
1753547093504,16:24:53.504,AAVE/USDT:USDT,295.044,8.0,295.03,237.0,295.046,8.0,295.06,9.0
1753547093771,16:24:53.771,AAVE/USDT:USDT,295.044,8.0,295.03,237.0,295.046,8.0,295.06,9.0
1753547093824,16:24:53.824,AAVE/USDT:USDT,295.044,8.0,295.03,237.0,295.046,8.0,295.06,9.0
1753547093829,16:24:53.829,AAVE/USDT:USDT,295.044,8.0,295.03,237.0,295.046,8.0,295.06,9.0
1753547093876,16:24:53.876,AAVE/USDT:USDT,295.044,8.0,295.03,237.0,295.046,8.0,295.06,9.0
1753547093897,16:24:53.897,AAVE/USDT:USDT,295.044,8.0,295.03,237.0,295.046,8.0,295.06,9.0
1753547093928,16:24:53.928,AAVE/USDT:USDT,295.044,8.0,295.03,237.0,295.046,8.0,295.06,9.0
1753547094040,16:24:54.040,AAVE/USDT:USDT,295.044,8.0,295.03,237.0,295.046,8.0,295.06,9.0
1753547094239,16:24:54.239,AAVE/USDT:USDT,295.044,8.0,295.03,237.0,295.046,8.0,295.06,9.0
1753547094260,16:24:54.260,AAVE/USDT:USDT,295.044,8.0,295.03,237.0,295.046,8.0,295.06,9.0
1753547094277,16:24:54.277,AAVE/USDT:USDT,295.044,8.0,295.03,237.0,295.046,8.0,295.06,9.0
1753547094328,16:24:54.328,AAVE/USDT:USDT,295.044,8.0,295.03,237.0,295.046,8.0,295.06,9.0
1753547094401,16:24:54.401,AAVE/USDT:USDT,295.044,8.0,295.03,237.0,295.046,8.0,295.06,9.0
1753547094665,16:24:54.665,AAVE/USDT:USDT,295.044,8.0,295.03,237.0,295.046,8.0,295.06,9.0
1753547094818,16:24:54.818,AAVE/USDT:USDT,295.044,8.0,295.03,237.0,295.045,17.0,295.069,8.0
1753547094877,16:24:54.877,AAVE/USDT:USDT,295.044,8.0,295.03,237.0,295.045,17.0,295.069,8.0
1753547095145,16:24:55.145,AAVE/USDT:USDT,295.044,8.0,295.03,237.0,295.045,17.0,295.069,8.0
1753547095184,16:24:55.184,AAVE/USDT:USDT,295.044,8.0,295.03,237.0,295.045,17.0,295.069,8.0
1753547095271,16:24:55.271,AAVE/USDT:USDT,295.044,8.0,295.03,237.0,295.045,17.0,295.069,8.0
1753547095272,16:24:55.272,AAVE/USDT:USDT,295.044,8.0,295.03,237.0,295.045,17.0,295.069,8.0
1753547095272,16:24:55.272,AAVE/USDT:USDT,295.044,8.0,295.03,237.0,295.045,17.0,295.069,8.0
1753547095441,16:24:55.441,AAVE/USDT:USDT,295.044,8.0,295.03,237.0,295.045,17.0,295.069,8.0
1753547095475,16:24:55.475,AAVE/USDT:USDT,295.044,8.0,295.03,237.0,295.045,8.0,295.069,8.0
1753547095513,16:24:55.513,AAVE/USDT:USDT,295.044,8.0,295.03,237.0,295.046,8.0,295.06,9.0
1753547095592,16:24:55.592,AAVE/USDT:USDT,295.044,8.0,295.03,237.0,295.046,8.0,295.06,9.0
1753547095597,16:24:55.597,AAVE/USDT:USDT,295.044,8.0,295.03,237.0,295.046,8.0,295.06,9.0
1753547095654,16:24:55.654,AAVE/USDT:USDT,295.044,8.0,295.03,237.0,295.046,8.0,295.06,9.0
1753547095706,16:24:55.706,AAVE/USDT:USDT,295.044,8.0,295.03,237.0,295.046,8.0,295.06,9.0
1753547095735,16:24:55.735,AAVE/USDT:USDT,295.044,8.0,295.03,237.0,295.046,8.0,295.06,9.0
1753547095801,16:24:55.801,AAVE/USDT:USDT,295.044,8.0,295.03,237.0,295.046,8.0,295.06,9.0
1753547095805,16:24:55.805,AAVE/USDT:USDT,295.044,8.0,295.03,237.0,295.046,8.0,295.06,9.0
1753547095852,16:24:55.852,AAVE/USDT:USDT,295.044,8.0,295.03,237.0,295.045,17.0,295.069,8.0
1753547095891,16:24:55.891,AAVE/USDT:USDT,295.044,8.0,295.03,237.0,295.045,17.0,295.069,8.0
1753547096009,16:24:56.009,AAVE/USDT:USDT,295.044,8.0,295.03,237.0,295.045,17.0,295.069,8.0
1753547096030,16:24:56.030,AAVE/USDT:USDT,295.044,8.0,295.03,237.0,295.045,17.0,295.069,8.0
1753547096074,16:24:56.074,AAVE/USDT:USDT,295.044,8.0,295.03,237.0,295.045,17.0,295.069,8.0
1753547096111,16:24:56.111,AAVE/USDT:USDT,295.044,8.0,295.03,237.0,295.045,8.0,295.069,8.0
1753547096138,16:24:56.138,AAVE/USDT:USDT,295.044,8.0,295.03,237.0,295.06,9.0,295.069,8.0
1753547096269,16:24:56.269,AAVE/USDT:USDT,295.044,8.0,295.03,237.0,295.046,8.0,295.06,9.0
1753547096285,16:24:56.285,AAVE/USDT:USDT,295.044,8.0,295.03,237.0,295.046,8.0,295.06,9.0
1753547096372,16:24:56.372,AAVE/USDT:USDT,295.044,8.0,295.03,237.0,295.046,8.0,295.06,9.0
1753547096807,16:24:56.807,AAVE/USDT:USDT,295.044,8.0,295.03,237.0,295.046,8.0,295.06,9.0
1753547097054,16:24:57.054,AAVE/USDT:USDT,295.044,8.0,295.03,237.0,295.046,8.0,295.06,9.0
1753547097333,16:24:57.333,AAVE/USDT:USDT,295.044,8.0,295.03,237.0,295.046,8.0,295.06,9.0
1753547097336,16:24:57.336,AAVE/USDT:USDT,295.044,8.0,295.03,237.0,295.046,8.0,295.06,9.0
1753547097403,16:24:57.403,AAVE/USDT:USDT,295.044,8.0,295.03,237.0,295.046,8.0,295.06,9.0
1753547097903,16:24:57.903,AAVE/USDT:USDT,295.044,8.0,295.03,237.0,295.046,8.0,295.06,9.0
1753547097904,16:24:57.904,AAVE/USDT:USDT,295.044,8.0,295.03,237.0,295.046,8.0,295.06,9.0
1753547097935,16:24:57.935,AAVE/USDT:USDT,295.044,8.0,295.03,237.0,295.069,17.0,295.083,50.0
1753547097997,16:24:57.997,AAVE/USDT:USDT,295.044,8.0,295.03,237.0,295.055,7.0,295.083,50.0
1753547098024,16:24:58.024,AAVE/USDT:USDT,295.044,8.0,295.03,237.0,295.055,7.0,295.083,50.0
1753547098069,16:24:58.069,AAVE/USDT:USDT,295.044,8.0,295.03,237.0,295.055,7.0,295.083,50.0
1753547098099,16:24:58.099,AAVE/USDT:USDT,295.044,8.0,295.03,237.0,295.055,7.0,295.083,50.0
1753547098145,16:24:58.145,AAVE/USDT:USDT,295.044,8.0,295.03,237.0,295.055,7.0,295.083,50.0
1753547098181,16:24:58.181,AAVE/USDT:USDT,295.044,8.0,295.03,237.0,295.055,7.0,295.083,50.0
1753547098205,16:24:58.205,AAVE/USDT:USDT,295.044,8.0,295.03,237.0,295.055,7.0,295.083,50.0
1753547098279,16:24:58.279,AAVE/USDT:USDT,295.044,8.0,295.03,237.0,295.055,7.0,295.083,50.0
1753547098495,16:24:58.495,AAVE/USDT:USDT,295.044,8.0,295.03,237.0,295.055,7.0,295.083,50.0
1753547098508,16:24:58.508,AAVE/USDT:USDT,295.044,8.0,295.03,237.0,295.055,7.0,295.083,50.0
1753547098616,16:24:58.616,AAVE/USDT:USDT,295.044,8.0,295.03,237.0,295.055,7.0,295.083,50.0
1753547098637,16:24:58.637,AAVE/USDT:USDT,295.044,8.0,295.03,237.0,295.055,7.0,295.083,50.0
1753547098676,16:24:58.676,AAVE/USDT:USDT,295.044,8.0,295.03,237.0,295.055,7.0,295.083,50.0
1753547099233,16:24:59.233,AAVE/USDT:USDT,295.044,8.0,295.03,237.0,295.055,7.0,295.083,50.0
1753547100124,16:25:00.124,AAVE/USDT:USDT,295.03,237.0,295.029,7.0,295.055,7.0,295.083,50.0
1753547100208,16:25:00.208,AAVE/USDT:USDT,295.03,237.0,294.972,25.0,295.055,7.0,295.083,50.0
1753547100208,16:25:00.208,AAVE/USDT:USDT,295.039,7.0,295.03,237.0,295.055,7.0,295.083,50.0
1753547100210,16:25:00.210,AAVE/USDT:USDT,295.03,237.0,295.024,7.0,295.055,7.0,295.083,50.0
1753547100231,16:25:00.231,AAVE/USDT:USDT,295.035,7.0,295.03,237.0,295.055,7.0,295.083,50.0
1753547100263,16:25:00.263,AAVE/USDT:USDT,295.035,7.0,295.03,237.0,295.055,16.0,295.083,50.0
1753547100278,16:25:00.278,AAVE/USDT:USDT,295.035,7.0,295.03,237.0,295.055,9.0,295.083,50.0
1753547100310,16:25:00.310,AAVE/USDT:USDT,295.03,237.0,295.005,7.0,295.041,7.0,295.083,50.0
1753547100341,16:25:00.341,AAVE/USDT:USDT,295.03,237.0,295.005,7.0,295.036,12.0,295.04,9.0
1753547100367,16:25:00.367,AAVE/USDT:USDT,295.03,237.0,295.005,7.0,295.031,7.0,295.036,12.0
1753547100399,16:25:00.399,AAVE/USDT:USDT,295.03,237.0,295.005,7.0,295.031,16.0,295.036,12.0
1753547100435,16:25:00.435,AAVE/USDT:USDT,295.03,237.0,295.005,7.0,295.031,16.0,295.036,12.0
1753547100460,16:25:00.460,AAVE/USDT:USDT,295.03,237.0,294.966,8.0,295.031,41.0,295.036,12.0
1753547100504,16:25:00.504,AAVE/USDT:USDT,295.03,237.0,294.966,8.0,295.031,41.0,295.036,12.0
1753547100518,16:25:00.518,AAVE/USDT:USDT,295.03,237.0,294.966,8.0,295.031,41.0,295.036,12.0
1753547100551,16:25:00.551,AAVE/USDT:USDT,295.03,237.0,294.966,8.0,295.031,41.0,295.036,12.0
1753547100807,16:25:00.807,AAVE/USDT:USDT,294.966,8.0,294.951,8.0,295.031,53.0,295.036,12.0
1753547100821,16:25:00.821,AAVE/USDT:USDT,294.966,8.0,294.951,8.0,295.031,44.0,295.036,12.0
1753547100856,16:25:00.856,AAVE/USDT:USDT,294.981,7.0,294.967,237.0,295.0,7.0,295.014,9.0
1753547100884,16:25:00.884,AAVE/USDT:USDT,294.981,7.0,294.967,237.0,295.0,7.0,295.014,9.0
1753547100919,16:25:00.919,AAVE/USDT:USDT,294.981,7.0,294.967,237.0,295.0,7.0,295.014,9.0
1753547100956,16:25:00.956,AAVE/USDT:USDT,294.981,7.0,294.967,237.0,295.0,7.0,295.017,7.0
