timestamp,time,exchange,symbol,bid1_price,bid1_volume,bid2_price,bid2_volume,ask1_price,ask1_volume,ask2_price,ask2_volume
1753591885464,04:51:25.464,bybit,AEVO/USDT:USDT,0.1081,14994.2,0.108,103621.1,0.1082,2342.9,0.1083,42824.0
1753591885564,04:51:25.564,bybit,AEVO/USDT:USDT,0.1081,14994.2,0.108,103621.1,0.1082,2342.9,0.1083,42824.0
1753591885964,04:51:25.964,bybit,AEVO/USDT:USDT,0.1081,14994.2,0.108,103621.1,0.1082,2342.9,0.1083,42824.0
1753591886064,04:51:26.064,bybit,AEVO/USDT:USDT,0.1081,14994.2,0.108,103621.1,0.1082,2342.9,0.1083,42824.0
1753591886564,04:51:26.564,bybit,AEVO/USDT:USDT,0.1081,14994.2,0.108,103621.1,0.1082,2342.9,0.1083,42824.0
1753591886676,04:51:26.676,bybit,AEVO/USDT:USDT,0.1081,14994.2,0.108,103621.1,0.1082,2342.9,0.1083,42824.0
1753591887665,04:51:27.665,bybit,AEVO/USDT:USDT,0.1081,14994.2,0.108,103621.1,0.1082,2342.9,0.1083,42824.0
1753591887765,04:51:27.765,bybit,AEVO/USDT:USDT,0.1081,14994.2,0.108,103621.1,0.1082,2342.9,0.1083,42824.0
1753591888864,04:51:28.864,bybit,AEVO/USDT:USDT,0.1081,14994.2,0.108,115887.6,0.1082,2342.9,0.1083,42824.0
1753591888964,04:51:28.964,bybit,AEVO/USDT:USDT,0.1081,14994.2,0.108,115887.6,0.1082,2342.9,0.1083,42824.0
1753591889564,04:51:29.564,bybit,AEVO/USDT:USDT,0.1081,14994.2,0.108,115887.6,0.1082,2342.9,0.1083,42824.0
1753591890064,04:51:30.064,bybit,AEVO/USDT:USDT,0.1081,14994.2,0.108,115887.6,0.1082,2342.9,0.1083,42824.0
1753591890169,04:51:30.169,bybit,AEVO/USDT:USDT,0.1081,14994.2,0.108,115887.6,0.1082,2342.9,0.1083,42824.0
1753591890665,04:51:30.665,bybit,AEVO/USDT:USDT,0.1081,14994.2,0.108,115887.6,0.1082,2342.9,0.1083,42824.0
1753591890765,04:51:30.765,bybit,AEVO/USDT:USDT,0.1081,14994.2,0.108,115887.6,0.1082,2342.9,0.1083,42824.0
1753591890965,04:51:30.965,bybit,AEVO/USDT:USDT,0.1081,14994.2,0.108,114340.1,0.1082,2342.9,0.1083,42824.0
1753591891065,04:51:31.065,bybit,AEVO/USDT:USDT,0.1081,16876.6,0.108,114340.1,0.1082,2342.9,0.1083,42824.0
1753591891166,04:51:31.166,bybit,AEVO/USDT:USDT,0.1081,16876.6,0.108,114340.1,0.1082,2342.9,0.1083,42824.0
1753591891265,04:51:31.265,bybit,AEVO/USDT:USDT,0.1081,16876.6,0.108,114340.1,0.1082,2342.9,0.1083,42824.0
1753591891464,04:51:31.464,bybit,AEVO/USDT:USDT,0.1081,16876.6,0.108,114340.1,0.1082,537.6,0.1083,42824.0
1753591891664,04:51:31.664,bybit,AEVO/USDT:USDT,0.1081,16876.6,0.108,114340.1,0.1082,2427.7,0.1083,42824.0
1753591891765,04:51:31.765,bybit,AEVO/USDT:USDT,0.1081,16876.6,0.108,114340.1,0.1082,2427.7,0.1083,42824.0
1753591892765,04:51:32.765,bybit,AEVO/USDT:USDT,0.1081,16876.6,0.108,114340.1,0.1082,2427.7,0.1083,42824.0
1753591892864,04:51:32.864,bybit,AEVO/USDT:USDT,0.1081,16876.6,0.108,114340.1,0.1082,2375.0,0.1083,42824.0
1753591892964,04:51:32.964,bybit,AEVO/USDT:USDT,0.1081,16876.6,0.108,118025.2,0.1082,2375.0,0.1083,42824.0
1753591893364,04:51:33.364,bybit,AEVO/USDT:USDT,0.1081,16876.6,0.108,118025.2,0.1082,2375.0,0.1083,42824.0
1753591893464,04:51:33.464,bybit,AEVO/USDT:USDT,0.1081,16876.6,0.108,118025.2,0.1082,2375.0,0.1083,42824.0
1753591894465,04:51:34.465,bybit,AEVO/USDT:USDT,0.1081,16876.6,0.108,118025.2,0.1082,2375.0,0.1083,42824.0
1753591894564,04:51:34.564,bybit,AEVO/USDT:USDT,0.1081,16876.6,0.108,118025.2,0.1082,2375.0,0.1083,42824.0
1753591894965,04:51:34.965,bybit,AEVO/USDT:USDT,0.1081,16876.6,0.108,118025.2,0.1082,2375.0,0.1083,42824.0
1753591895065,04:51:35.065,bybit,AEVO/USDT:USDT,0.1081,16876.6,0.108,118025.2,0.1082,2375.0,0.1083,42824.0
1753591895564,04:51:35.564,bybit,AEVO/USDT:USDT,0.1081,16876.6,0.108,118025.2,0.1082,2375.0,0.1083,42824.0
1753591897465,04:51:37.465,bybit,AEVO/USDT:USDT,0.1081,17108.5,0.108,105758.7,0.1082,2375.0,0.1083,42824.0
1753591898464,04:51:38.464,bybit,AEVO/USDT:USDT,0.1081,17108.5,0.108,105758.7,0.1082,2375.0,0.1083,42824.0
1753591898565,04:51:38.565,bybit,AEVO/USDT:USDT,0.1081,17108.5,0.108,105758.7,0.1082,2375.0,0.1083,42824.0
1753591899165,04:51:39.165,bybit,AEVO/USDT:USDT,0.1081,17108.5,0.108,105758.7,0.1082,2375.0,0.1083,42824.0
1753591899565,04:51:39.565,bybit,AEVO/USDT:USDT,0.1081,17108.5,0.108,98726.9,0.1082,538.0,0.1083,42824.0
1753591899666,04:51:39.666,bybit,AEVO/USDT:USDT,0.1082,3686.4,0.1081,64714.0,0.1083,13169.0,0.1084,60245.6
1753591899765,04:51:39.765,bybit,AEVO/USDT:USDT,0.1082,3840.1,0.1081,78417.2,0.1083,12838.6,0.1084,60706.8
1753591899865,04:51:39.865,bybit,AEVO/USDT:USDT,0.1082,1991.1,0.1081,74167.7,0.1083,10399.3,0.1084,57938.8
1753591899964,04:51:39.964,bybit,AEVO/USDT:USDT,0.1082,5111.1,0.1081,74167.7,0.1083,8821.3,0.1084,57938.8
1753591900064,04:51:40.064,bybit,AEVO/USDT:USDT,0.1082,1991.1,0.1081,74167.7,0.1083,8821.3,0.1084,57938.8
1753591900264,04:51:40.264,bybit,AEVO/USDT:USDT,0.1082,6991.1,0.1081,74167.7,0.1083,13821.3,0.1084,57938.8
1753591900364,04:51:40.364,bybit,AEVO/USDT:USDT,0.1082,6991.1,0.1081,74167.7,0.1083,13821.3,0.1084,57938.8
1753591900665,04:51:40.665,bybit,AEVO/USDT:USDT,0.1082,6991.1,0.1081,74167.7,0.1083,13821.3,0.1084,57938.8
1753591900764,04:51:40.764,bybit,AEVO/USDT:USDT,0.1082,6991.1,0.1081,74167.7,0.1083,13821.3,0.1084,57938.8
1753591900964,04:51:40.964,bybit,AEVO/USDT:USDT,0.1082,6991.1,0.1081,74167.7,0.1083,13821.3,0.1084,57938.8
1753591901164,04:51:41.164,bybit,AEVO/USDT:USDT,0.1082,6991.1,0.1081,74167.7,0.1083,13821.3,0.1084,57938.8
1753591901264,04:51:41.264,bybit,AEVO/USDT:USDT,0.1082,9300.8,0.1081,74167.7,0.1083,13821.3,0.1084,57938.8
1753591901364,04:51:41.364,bybit,AEVO/USDT:USDT,0.1082,9300.8,0.1081,74167.7,0.1083,13821.3,0.1084,57938.8
1753591901565,04:51:41.565,bybit,AEVO/USDT:USDT,0.1082,9300.8,0.1081,74167.7,0.1083,13821.3,0.1084,57938.8
1753591901864,04:51:41.864,bybit,AEVO/USDT:USDT,0.1082,9300.8,0.1081,74167.7,0.1083,13821.3,0.1084,58400.5
1753591901965,04:51:41.965,bybit,AEVO/USDT:USDT,0.1082,9300.8,0.1081,77739.2,0.1083,13821.3,0.1084,58400.5
1753591902264,04:51:42.264,bybit,AEVO/USDT:USDT,0.1082,9311.2,0.1081,77739.2,0.1083,13821.3,0.1084,58400.5
1753591902364,04:51:42.364,bybit,AEVO/USDT:USDT,0.1082,9311.2,0.1081,77739.2,0.1083,13821.3,0.1084,58400.5
1753591902664,04:51:42.664,bybit,AEVO/USDT:USDT,0.1082,9311.2,0.1081,82912.5,0.1083,13821.3,0.1084,54715.4
1753591903665,04:51:43.665,bybit,AEVO/USDT:USDT,0.1082,9311.2,0.1081,82912.5,0.1083,13726.5,0.1084,54715.4
1753591903765,04:51:43.765,bybit,AEVO/USDT:USDT,0.1082,9311.2,0.1081,87740.4,0.1083,13726.5,0.1084,54715.4
1753591903864,04:51:43.864,bybit,AEVO/USDT:USDT,0.1082,9311.2,0.1081,87740.4,0.1083,13726.5,0.1084,54715.4
1753591903965,04:51:43.965,bybit,AEVO/USDT:USDT,0.1082,9311.2,0.1081,87740.4,0.1083,13726.5,0.1084,54715.4
1753591904167,04:51:44.167,bybit,AEVO/USDT:USDT,0.1082,9311.2,0.1081,87740.4,0.1083,13726.5,0.1084,54715.4
1753591904464,04:51:44.464,bybit,AEVO/USDT:USDT,0.1082,9311.2,0.1081,87740.4,0.1083,13726.5,0.1084,54715.4
1753591904565,04:51:44.565,bybit,AEVO/USDT:USDT,0.1082,9311.2,0.1081,87740.4,0.1083,13726.5,0.1084,54715.4
1753591904764,04:51:44.764,bybit,AEVO/USDT:USDT,0.1082,9311.2,0.1081,87740.4,0.1083,13821.3,0.1084,54715.4
1753591904965,04:51:44.965,bybit,AEVO/USDT:USDT,0.1082,9311.2,0.1081,87740.4,0.1083,13821.3,0.1084,54715.4
1753591905065,04:51:45.065,bybit,AEVO/USDT:USDT,0.1082,9311.2,0.1081,87740.4,0.1083,13821.3,0.1084,54715.4
1753591905265,04:51:45.265,bybit,AEVO/USDT:USDT,0.1082,9311.2,0.1081,87740.4,0.1083,13821.3,0.1084,54715.4
1753591905364,04:51:45.364,bybit,AEVO/USDT:USDT,0.1082,9311.2,0.1081,87740.4,0.1083,13821.3,0.1084,54715.4
1753591905564,04:51:45.564,bybit,AEVO/USDT:USDT,0.1082,9311.2,0.1081,87740.4,0.1083,13821.3,0.1084,54715.4
1753591905665,04:51:45.665,bybit,AEVO/USDT:USDT,0.1082,9311.2,0.1081,87740.4,0.1083,13821.3,0.1084,54715.4
1753591906167,04:51:46.167,bybit,AEVO/USDT:USDT,0.1082,9311.2,0.1081,87740.4,0.1083,13821.3,0.1084,54715.4
1753591906265,04:51:46.265,bybit,AEVO/USDT:USDT,0.1082,9311.2,0.1081,87740.4,0.1083,13821.3,0.1084,54715.4
1753591906665,04:51:46.665,bybit,AEVO/USDT:USDT,0.1082,9313.0,0.1081,87740.4,0.1083,13726.5,0.1084,54715.4
1753591906764,04:51:46.764,bybit,AEVO/USDT:USDT,0.1082,9313.0,0.1081,87740.4,0.1083,13821.3,0.1084,54715.4
1753591907264,04:51:47.264,bybit,AEVO/USDT:USDT,0.1082,9313.0,0.1081,87740.4,0.1083,13821.3,0.1084,54715.4
1753591907365,04:51:47.365,bybit,AEVO/USDT:USDT,0.1082,9313.0,0.1081,87740.4,0.1083,13821.3,0.1084,54715.4
1753591907864,04:51:47.864,bybit,AEVO/USDT:USDT,0.1082,9313.0,0.1081,87740.4,0.1083,13821.3,0.1084,54715.4
1753591907964,04:51:47.964,bybit,AEVO/USDT:USDT,0.1082,9313.0,0.1081,87740.4,0.1083,13821.3,0.1084,54715.4
1753591908365,04:51:48.365,bybit,AEVO/USDT:USDT,0.1082,9313.0,0.1081,87740.4,0.1083,13821.3,0.1084,54715.4
1753591908464,04:51:48.464,bybit,AEVO/USDT:USDT,0.1082,9313.0,0.1081,87740.4,0.1083,13821.3,0.1084,54715.4
1753591908864,04:51:48.864,bybit,AEVO/USDT:USDT,0.1082,9313.0,0.1081,87740.4,0.1083,13821.3,0.1084,54715.4
1753591908965,04:51:48.965,bybit,AEVO/USDT:USDT,0.1082,9313.0,0.1081,87740.4,0.1083,13821.3,0.1084,54715.4
1753591909264,04:51:49.264,bybit,AEVO/USDT:USDT,0.1082,9313.0,0.1081,84168.9,0.1083,13821.3,0.1084,54715.4
1753591909364,04:51:49.364,bybit,AEVO/USDT:USDT,0.1082,9313.0,0.1081,84168.9,0.1083,13821.3,0.1084,54715.4
1753591909464,04:51:49.464,bybit,AEVO/USDT:USDT,0.1082,9313.0,0.1081,84168.9,0.1083,13821.3,0.1084,54715.4
1753591909565,04:51:49.565,bybit,AEVO/USDT:USDT,0.1082,9313.0,0.1081,84168.9,0.1083,13821.3,0.1084,54715.4
1753591909764,04:51:49.764,bybit,AEVO/USDT:USDT,0.1082,14162.2,0.1081,84168.9,0.1083,8726.5,0.1084,49416.1
1753591909864,04:51:49.864,bybit,AEVO/USDT:USDT,0.1082,14162.2,0.1081,84168.9,0.1083,8726.5,0.1084,49416.1
1753591910065,04:51:50.065,bybit,AEVO/USDT:USDT,0.1082,14162.2,0.1081,84168.9,0.1083,8726.5,0.1084,49416.1
1753591910169,04:51:50.169,bybit,AEVO/USDT:USDT,0.1082,14067.4,0.1081,84168.9,0.1083,8821.3,0.1084,56328.2
1753591910865,04:51:50.865,bybit,AEVO/USDT:USDT,0.1082,14067.4,0.1081,84168.9,0.1083,8821.3,0.1084,56328.2
1753591911165,04:51:51.165,bybit,AEVO/USDT:USDT,0.1082,14067.4,0.1081,84168.9,0.1083,8821.3,0.1084,56328.2
1753591911264,04:51:51.264,bybit,AEVO/USDT:USDT,0.1082,14067.4,0.1081,84168.9,0.1083,8821.3,0.1084,56328.2
1753591911665,04:51:51.665,bybit,AEVO/USDT:USDT,0.1082,14067.4,0.1081,79341.0,0.1083,8821.3,0.1084,56328.2
1753591911764,04:51:51.764,bybit,AEVO/USDT:USDT,0.1082,3881.9,0.1081,73670.2,0.1083,19610.0,0.1084,60023.2
1753591911864,04:51:51.864,bybit,AEVO/USDT:USDT,0.1082,2003.3,0.1081,68496.9,0.1083,21457.5,0.1084,67410.3
1753591911965,04:51:51.965,bybit,AEVO/USDT:USDT,0.1082,2003.3,0.1081,68496.9,0.1083,19610.0,0.1084,67410.3
1753591912065,04:51:52.065,bybit,AEVO/USDT:USDT,0.1082,2003.3,0.1081,68496.9,0.1083,19704.5,0.1084,67410.3
1753591912169,04:51:52.169,bybit,AEVO/USDT:USDT,0.1082,6852.5,0.1081,74167.7,0.1083,8726.2,0.1084,62794.6
1753591912364,04:51:52.364,bybit,AEVO/USDT:USDT,0.1082,6757.7,0.1081,74167.7,0.1083,8726.2,0.1084,62794.6
1753591912464,04:51:52.464,bybit,AEVO/USDT:USDT,0.1082,6757.7,0.1081,74167.7,0.1083,8821.0,0.1084,62794.6
1753591912564,04:51:52.564,bybit,AEVO/USDT:USDT,0.1082,6757.7,0.1081,74167.7,0.1083,8915.8,0.1084,62794.6
1753591912665,04:51:52.665,bybit,AEVO/USDT:USDT,0.1082,6757.7,0.1081,79565.8,0.1083,8915.8,0.1084,62794.6
1753591912765,04:51:52.765,bybit,AEVO/USDT:USDT,0.1082,6757.7,0.1081,79565.8,0.1083,8915.8,0.1084,62794.6
1753591912865,04:51:52.865,bybit,AEVO/USDT:USDT,0.1082,6757.7,0.1081,79565.8,0.1083,8915.8,0.1084,62794.6
1753591913065,04:51:53.065,bybit,AEVO/USDT:USDT,0.1082,11757.7,0.1081,79565.8,0.1083,8726.5,0.1084,62794.6
1753591913165,04:51:53.165,bybit,AEVO/USDT:USDT,0.1082,11852.5,0.1081,80494.7,0.1083,8631.7,0.1084,62794.6
1753591913265,04:51:53.265,bybit,AEVO/USDT:USDT,0.1082,14162.2,0.1081,80494.7,0.1083,8631.7,0.1084,62794.6
1753591913464,04:51:53.464,bybit,AEVO/USDT:USDT,0.1082,14162.2,0.1081,80494.7,0.1083,8631.7,0.1084,62794.6
1753591913564,04:51:53.564,bybit,AEVO/USDT:USDT,0.1082,14067.4,0.1081,80494.7,0.1083,8821.3,0.1084,62794.6
1753591913765,04:51:53.765,bybit,AEVO/USDT:USDT,0.1082,14162.2,0.1081,92690.1,0.1083,8726.5,0.1084,62794.6
1753591913864,04:51:53.864,bybit,AEVO/USDT:USDT,0.1082,14162.2,0.1081,92690.1,0.1083,8726.5,0.1084,62794.6
1753591913965,04:51:53.965,bybit,AEVO/USDT:USDT,0.1082,14162.2,0.1081,92690.1,0.1083,8726.5,0.1084,62794.6
1753591914465,04:51:54.465,bybit,AEVO/USDT:USDT,0.1082,14162.2,0.1081,92690.1,0.1083,8726.5,0.1084,62794.6
1753591914565,04:51:54.565,bybit,AEVO/USDT:USDT,0.1082,14162.2,0.1081,92690.1,0.1083,8726.5,0.1084,62794.6
1753591915064,04:51:55.064,bybit,AEVO/USDT:USDT,0.1082,14067.4,0.1081,92690.1,0.1083,13821.3,0.1084,62794.6
1753591915164,04:51:55.164,bybit,AEVO/USDT:USDT,0.1082,14067.4,0.1081,92690.1,0.1083,13821.3,0.1084,62794.6
1753591915665,04:51:55.665,bybit,AEVO/USDT:USDT,0.1082,14067.4,0.1081,92690.1,0.1083,13821.3,0.1084,62794.6
1753591916264,04:51:56.264,bybit,AEVO/USDT:USDT,0.1082,14067.4,0.1081,92690.1,0.1083,13821.3,0.1084,62794.6
1753591916365,04:51:56.365,bybit,AEVO/USDT:USDT,0.1082,14067.4,0.1081,92690.1,0.1083,13821.3,0.1084,62794.6
1753591917365,04:51:57.365,bybit,AEVO/USDT:USDT,0.1082,14067.4,0.1081,92690.1,0.1083,13821.3,0.1084,62794.6
1753591917464,04:51:57.464,bybit,AEVO/USDT:USDT,0.1082,14067.4,0.1081,92690.1,0.1083,13821.3,0.1084,62794.6
1753591917864,04:51:57.864,bybit,AEVO/USDT:USDT,0.1082,14067.4,0.1081,92690.1,0.1083,13821.3,0.1084,62794.6
1753591918065,04:51:58.065,bybit,AEVO/USDT:USDT,0.1082,14067.4,0.1081,92690.1,0.1083,13821.3,0.1084,62794.6
1753591918465,04:51:58.465,bybit,AEVO/USDT:USDT,0.1082,14067.4,0.1081,92690.1,0.1083,13821.3,0.1084,62794.6
1753591918565,04:51:58.565,bybit,AEVO/USDT:USDT,0.1082,14067.4,0.1081,92690.1,0.1083,13821.3,0.1084,62794.6
1753591918964,04:51:58.964,bybit,AEVO/USDT:USDT,0.1082,14055.2,0.1081,92690.1,0.1083,13821.3,0.1084,62794.6
1753591919065,04:51:59.065,bybit,AEVO/USDT:USDT,0.1082,14080.6,0.1081,92690.1,0.1083,13821.3,0.1084,64534.2
1753591919165,04:51:59.165,bybit,AEVO/USDT:USDT,0.1082,14080.6,0.1081,92690.1,0.1083,13821.3,0.1084,64534.2
1753591919264,04:51:59.264,bybit,AEVO/USDT:USDT,0.1082,14081.6,0.1081,92690.1,0.1083,13821.3,0.1084,64534.2
1753591919565,04:51:59.565,bybit,AEVO/USDT:USDT,0.1082,14081.6,0.1081,92690.1,0.1083,13821.3,0.1084,64534.2
1753591919664,04:51:59.664,bybit,AEVO/USDT:USDT,0.1082,14081.6,0.1081,92690.1,0.1083,13821.3,0.1084,64534.2
1753591920167,04:52:00.167,bybit,AEVO/USDT:USDT,0.1082,14081.6,0.1081,92690.1,0.1083,13821.3,0.1084,64534.2
1753591920265,04:52:00.265,bybit,AEVO/USDT:USDT,0.1082,14081.6,0.1081,92690.1,0.1083,13821.3,0.1084,64534.2
1753591920564,04:52:00.564,bybit,AEVO/USDT:USDT,0.1082,9081.6,0.1081,92690.1,0.1083,13821.3,0.1084,64534.2
1753591920764,04:52:00.764,bybit,AEVO/USDT:USDT,0.1082,9081.6,0.1081,92690.1,0.1083,13821.3,0.1084,64534.2
1753591920864,04:52:00.864,bybit,AEVO/USDT:USDT,0.1082,9081.6,0.1081,92690.1,0.1083,13821.3,0.1084,64534.2
1753591920965,04:52:00.965,bybit,AEVO/USDT:USDT,0.1082,9081.6,0.1081,92690.1,0.1083,13821.3,0.1084,64534.2
1753591921065,04:52:01.065,bybit,AEVO/USDT:USDT,0.1082,9081.6,0.1081,92690.1,0.1083,13915.8,0.1084,64534.2
1753591921165,04:52:01.165,bybit,AEVO/USDT:USDT,0.1082,9081.6,0.1081,92690.1,0.1083,13915.8,0.1084,64534.2
1753591921265,04:52:01.265,bybit,AEVO/USDT:USDT,0.1082,9081.6,0.1081,92690.1,0.1083,13915.8,0.1084,64534.2
1753591921365,04:52:01.365,bybit,AEVO/USDT:USDT,0.1082,9081.6,0.1081,92690.1,0.1083,13915.8,0.1084,64534.2
1753591921565,04:52:01.565,bybit,AEVO/USDT:USDT,0.1082,9176.4,0.1081,92690.1,0.1083,8726.2,0.1084,64534.2
1753591921665,04:52:01.665,bybit,AEVO/USDT:USDT,0.1082,9176.4,0.1081,92690.1,0.1083,2019.1,0.1084,51263.6
1753591921764,04:52:01.764,bybit,AEVO/USDT:USDT,0.1082,9176.4,0.1081,91766.3,0.1083,2019.1,0.1084,60479.3
1753591921865,04:52:01.865,bybit,AEVO/USDT:USDT,0.1082,9176.4,0.1081,94078.0,0.1083,2019.1,0.1084,51263.6
1753591921964,04:52:01.964,bybit,AEVO/USDT:USDT,0.1082,14176.4,0.1081,94078.0,0.1083,2019.1,0.1084,51263.6
1753591922065,04:52:02.065,bybit,AEVO/USDT:USDT,0.1082,14176.4,0.1081,94078.0,0.1083,1924.6,0.1084,51263.6
1753591922168,04:52:02.168,bybit,AEVO/USDT:USDT,0.1082,14176.4,0.1081,91766.3,0.1083,1924.6,0.1084,59410.1
1753591922264,04:52:02.264,bybit,AEVO/USDT:USDT,0.1082,14176.4,0.1081,91766.3,0.1083,1924.6,0.1084,59410.1
1753591922365,04:52:02.365,bybit,AEVO/USDT:USDT,0.1082,14176.4,0.1081,91766.3,0.1083,1924.6,0.1084,59410.1
1753591922465,04:52:02.465,bybit,AEVO/USDT:USDT,0.1082,14176.4,0.1081,91766.3,0.1083,1924.6,0.1084,59410.1
1753591922666,04:52:02.666,bybit,AEVO/USDT:USDT,0.1082,14176.4,0.1081,91766.3,0.1083,2019.4,0.1084,59410.1
1753591923164,04:52:03.164,bybit,AEVO/USDT:USDT,0.1082,14176.4,0.1081,91766.3,0.1083,1924.6,0.1084,59410.1
1753591923365,04:52:03.365,bybit,AEVO/USDT:USDT,0.1082,14176.4,0.1081,91766.3,0.1083,2019.4,0.1084,59410.1
1753591923465,04:52:03.465,bybit,AEVO/USDT:USDT,0.1082,14176.4,0.1081,91766.3,0.1083,2019.4,0.1084,59410.1
1753591923565,04:52:03.565,bybit,AEVO/USDT:USDT,0.1082,14176.4,0.1081,91766.3,0.1083,2019.4,0.1084,59410.1
1753591923665,04:52:03.665,bybit,AEVO/USDT:USDT,0.1082,14176.4,0.1081,91766.3,0.1083,2019.4,0.1084,59410.1
1753591923865,04:52:03.865,bybit,AEVO/USDT:USDT,0.1082,19450.7,0.1081,91766.3,0.1083,2019.4,0.1084,59410.1
1753591923965,04:52:03.965,bybit,AEVO/USDT:USDT,0.1082,19450.7,0.1081,91766.3,0.1083,1924.6,0.1084,59410.1
1753591924064,04:52:04.064,bybit,AEVO/USDT:USDT,0.1082,19450.7,0.1081,91766.3,0.1083,1924.6,0.1084,59410.1
1753591924565,04:52:04.565,bybit,AEVO/USDT:USDT,0.1082,19450.7,0.1081,91766.3,0.1083,1924.6,0.1084,59410.1
1753591924665,04:52:04.665,bybit,AEVO/USDT:USDT,0.1082,19450.7,0.1081,91766.3,0.1083,1924.6,0.1084,59410.1
1753591925166,04:52:05.166,bybit,AEVO/USDT:USDT,0.1082,19450.7,0.1081,91766.3,0.1083,1924.6,0.1084,59410.1
1753591925264,04:52:05.264,bybit,AEVO/USDT:USDT,0.1082,19450.7,0.1081,91766.3,0.1083,1924.6,0.1084,59410.1
1753591925464,04:52:05.464,bybit,AEVO/USDT:USDT,0.1082,19450.7,0.1081,91766.3,0.1083,2019.4,0.1084,59410.1
1753591925764,04:52:05.764,bybit,AEVO/USDT:USDT,0.1082,19450.7,0.1081,91766.3,0.1083,2019.4,0.1084,59410.1
1753591925864,04:52:05.864,bybit,AEVO/USDT:USDT,0.1082,19450.7,0.1081,91766.3,0.1083,2019.4,0.1084,59410.1
1753591925964,04:52:05.964,bybit,AEVO/USDT:USDT,0.1082,19450.7,0.1081,91766.3,0.1083,2019.4,0.1084,59410.1
1753591926865,04:52:06.865,bybit,AEVO/USDT:USDT,0.1082,19450.7,0.1081,91766.3,0.1083,2019.4,0.1084,59410.1
1753591926964,04:52:06.964,bybit,AEVO/USDT:USDT,0.1082,19450.7,0.1081,91766.3,0.1083,2019.4,0.1084,59410.1
1753591927465,04:52:07.465,bybit,AEVO/USDT:USDT,0.1082,19450.7,0.1081,91766.3,0.1083,2019.4,0.1084,59410.1
1753591927564,04:52:07.564,bybit,AEVO/USDT:USDT,0.1082,19450.7,0.1081,91766.3,0.1083,2019.4,0.1084,59410.1
1753591927865,04:52:07.865,bybit,AEVO/USDT:USDT,0.1082,19450.7,0.1081,91766.3,0.1083,7019.4,0.1084,59410.1
1753591927965,04:52:07.965,bybit,AEVO/USDT:USDT,0.1082,19450.7,0.1081,91766.3,0.1083,7019.4,0.1084,59410.1
1753591928065,04:52:08.065,bybit,AEVO/USDT:USDT,0.1082,19450.7,0.1081,91766.3,0.1083,7019.4,0.1084,59410.1
1753591928167,04:52:08.167,bybit,AEVO/USDT:USDT,0.1082,19450.7,0.1081,95367.6,0.1083,7019.4,0.1084,59410.1
1753591928765,04:52:08.765,bybit,AEVO/USDT:USDT,0.1082,19498.0,0.1081,95320.7,0.1083,7019.4,0.1084,59410.1
1753591928865,04:52:08.865,bybit,AEVO/USDT:USDT,0.1082,19498.0,0.1081,95320.7,0.1083,7019.4,0.1084,59410.1
1753591929065,04:52:09.065,bybit,AEVO/USDT:USDT,0.1082,19498.0,0.1081,95320.7,0.1083,7065.6,0.1084,59410.1
1753591929679,04:52:09.679,bybit,AEVO/USDT:USDT,0.1082,19498.0,0.1081,95320.7,0.1083,7065.6,0.1084,59410.1
1753591929765,04:52:09.765,bybit,AEVO/USDT:USDT,0.1082,19498.0,0.1081,95320.7,0.1083,7065.6,0.1084,59410.1
1753591930265,04:52:10.265,bybit,AEVO/USDT:USDT,0.1082,19498.0,0.1081,95320.7,0.1083,7065.6,0.1084,59410.1
1753591930365,04:52:10.365,bybit,AEVO/USDT:USDT,0.1082,19498.0,0.1081,95320.7,0.1083,7065.6,0.1084,59410.1
1753591930765,04:52:10.765,bybit,AEVO/USDT:USDT,0.1082,19498.0,0.1081,95320.7,0.1083,7065.6,0.1084,59410.1
1753591930864,04:52:10.864,bybit,AEVO/USDT:USDT,0.1082,19498.0,0.1081,95320.7,0.1083,7065.6,0.1084,59410.1
1753591930964,04:52:10.964,bybit,AEVO/USDT:USDT,0.1082,19498.0,0.1081,95320.7,0.1083,7065.6,0.1084,59410.1
1753591931265,04:52:11.265,bybit,AEVO/USDT:USDT,0.1082,19498.0,0.1081,95320.7,0.1083,7065.6,0.1084,59410.1
1753591931365,04:52:11.365,bybit,AEVO/USDT:USDT,0.1082,19498.0,0.1081,95320.7,0.1083,7065.6,0.1084,59410.1
1753591931865,04:52:11.865,bybit,AEVO/USDT:USDT,0.1082,19498.0,0.1081,95320.7,0.1083,7065.6,0.1084,59410.1
1753591931964,04:52:11.964,bybit,AEVO/USDT:USDT,0.1082,19498.0,0.1081,95320.7,0.1083,7065.6,0.1084,59410.1
1753591932065,04:52:12.065,bybit,AEVO/USDT:USDT,0.1082,19498.0,0.1081,95320.7,0.1083,7160.4,0.1084,59410.1
1753591932464,04:52:12.464,bybit,AEVO/USDT:USDT,0.1082,19498.0,0.1081,95320.7,0.1083,7160.4,0.1084,59410.1
1753591932565,04:52:12.565,bybit,AEVO/USDT:USDT,0.1082,19498.0,0.1081,95320.7,0.1083,7160.4,0.1084,59410.1
1753591932964,04:52:12.964,bybit,AEVO/USDT:USDT,0.1082,19498.0,0.1081,95320.7,0.1083,7160.4,0.1084,59410.1
1753591933064,04:52:13.064,bybit,AEVO/USDT:USDT,0.1082,19498.0,0.1081,95320.7,0.1083,7160.4,0.1084,59410.1
1753591933165,04:52:13.165,bybit,AEVO/USDT:USDT,0.1082,19498.0,0.1081,95320.7,0.1083,7160.4,0.1084,59410.1
1753591933664,04:52:13.664,bybit,AEVO/USDT:USDT,0.1082,19499.8,0.1081,95320.7,0.1083,7065.6,0.1084,59410.1
1753591933765,04:52:13.765,bybit,AEVO/USDT:USDT,0.1082,19499.8,0.1081,95320.7,0.1083,7065.6,0.1084,59410.1
1753591934169,04:52:14.169,bybit,AEVO/USDT:USDT,0.1082,19499.8,0.1081,95320.7,0.1083,7065.6,0.1084,59410.1
1753591934264,04:52:14.264,bybit,AEVO/USDT:USDT,0.1082,19499.8,0.1081,95320.7,0.1083,7065.6,0.1084,59410.1
1753591934365,04:52:14.365,bybit,AEVO/USDT:USDT,0.1082,19499.1,0.1081,95320.7,0.1083,7160.4,0.1084,59410.1
1753591934464,04:52:14.464,bybit,AEVO/USDT:USDT,0.1082,19499.1,0.1081,95320.7,0.1083,7065.6,0.1084,59410.1
1753591935264,04:52:15.264,bybit,AEVO/USDT:USDT,0.1082,19499.1,0.1081,95320.7,0.1083,7160.4,0.1084,59410.1
1753591935364,04:52:15.364,bybit,AEVO/USDT:USDT,0.1082,19499.1,0.1081,95320.7,0.1083,7065.6,0.1084,59410.1
1753591937464,04:52:17.464,bybit,AEVO/USDT:USDT,0.1082,19499.1,0.1081,95320.7,0.1083,7065.6,0.1084,59410.1
1753591937564,04:52:17.564,bybit,AEVO/USDT:USDT,0.1082,19499.1,0.1081,95320.7,0.1083,7065.6,0.1084,59410.1
1753591938065,04:52:18.065,bybit,AEVO/USDT:USDT,0.1082,19499.1,0.1081,95320.7,0.1083,7065.6,0.1084,59410.1
1753591938168,04:52:18.168,bybit,AEVO/USDT:USDT,0.1082,19499.1,0.1081,95320.7,0.1083,6970.8,0.1084,59410.1
1753591938364,04:52:18.364,bybit,AEVO/USDT:USDT,0.1082,19502.0,0.1081,95320.7,0.1083,6970.8,0.1084,59410.1
1753591938665,04:52:18.665,bybit,AEVO/USDT:USDT,0.1082,19502.0,0.1081,95320.7,0.1083,6970.8,0.1084,59410.1
1753591938765,04:52:18.765,bybit,AEVO/USDT:USDT,0.1082,19502.0,0.1081,95320.7,0.1083,6970.8,0.1084,59410.1
1753591940264,04:52:20.264,bybit,AEVO/USDT:USDT,0.1082,19502.0,0.1081,95320.7,0.1083,6970.8,0.1084,59410.1
1753591940365,04:52:20.365,bybit,AEVO/USDT:USDT,0.1082,19502.0,0.1081,95320.7,0.1083,7065.6,0.1084,59410.1
1753591940965,04:52:20.965,bybit,AEVO/USDT:USDT,0.1082,19596.8,0.1081,95320.7,0.1083,1970.8,0.1084,51263.6
1753591941064,04:52:21.064,bybit,AEVO/USDT:USDT,0.1082,19596.8,0.1081,95320.7,0.1083,1970.8,0.1084,56357.5
1753591941265,04:52:21.265,bybit,AEVO/USDT:USDT,0.1082,19596.8,0.1081,95320.7,0.1083,1970.8,0.1084,56357.5
1753591941464,04:52:21.464,bybit,AEVO/USDT:USDT,0.1082,19596.8,0.1081,95320.7,0.1083,1970.8,0.1084,56357.5
1753591941565,04:52:21.565,bybit,AEVO/USDT:USDT,0.1082,19596.8,0.1081,95320.7,0.1083,1970.8,0.1084,56357.5
1753591942065,04:52:22.065,bybit,AEVO/USDT:USDT,0.1082,19596.8,0.1081,105029.3,0.1083,1970.8,0.1084,63100.7
1753591942164,04:52:22.164,bybit,AEVO/USDT:USDT,0.1082,19596.8,0.1081,105029.3,0.1083,1970.8,0.1084,63100.7
1753591942265,04:52:22.265,bybit,AEVO/USDT:USDT,0.1082,19645.2,0.1081,105005.5,0.1083,1970.8,0.1084,63100.7
1753591942665,04:52:22.665,bybit,AEVO/USDT:USDT,0.1082,19645.2,0.1081,105005.5,0.1083,1970.8,0.1084,63100.7
1753591942764,04:52:22.764,bybit,AEVO/USDT:USDT,0.1082,19645.2,0.1081,105005.5,0.1083,1970.8,0.1084,63100.7
1753591943165,04:52:23.165,bybit,AEVO/USDT:USDT,0.1082,19645.2,0.1081,105005.5,0.1083,1970.8,0.1084,63100.7
1753591943265,04:52:23.265,bybit,AEVO/USDT:USDT,0.1082,21527.6,0.1081,105005.5,0.1083,1970.8,0.1084,63100.7
1753591943764,04:52:23.764,bybit,AEVO/USDT:USDT,0.1082,21527.6,0.1081,105005.5,0.1083,1970.8,0.1084,63100.7
1753591943865,04:52:23.865,bybit,AEVO/USDT:USDT,0.1082,21527.6,0.1081,105005.5,0.1083,1970.8,0.1084,63100.7
1753591944865,04:52:24.865,bybit,AEVO/USDT:USDT,0.1082,21527.6,0.1081,105005.5,0.1083,1970.8,0.1084,63100.7
1753591944965,04:52:24.965,bybit,AEVO/USDT:USDT,0.1082,21527.6,0.1081,105005.5,0.1083,1970.8,0.1084,63100.7
1753591945265,04:52:25.265,bybit,AEVO/USDT:USDT,0.1082,21532.8,0.1081,105005.5,0.1083,1970.8,0.1084,63100.7
1753591945464,04:52:25.464,bybit,AEVO/USDT:USDT,0.1082,21532.8,0.1081,105005.5,0.1083,1970.8,0.1084,63100.7
1753591945565,04:52:25.565,bybit,AEVO/USDT:USDT,0.1082,21532.8,0.1081,105005.5,0.1083,1970.8,0.1084,63100.7
1753591945964,04:52:25.964,bybit,AEVO/USDT:USDT,0.1082,21532.8,0.1081,105005.5,0.1083,1970.8,0.1084,63100.7
1753591946064,04:52:26.064,bybit,AEVO/USDT:USDT,0.1082,21532.8,0.1081,105005.5,0.1083,1970.8,0.1084,63100.7
1753591946565,04:52:26.565,bybit,AEVO/USDT:USDT,0.1082,21532.8,0.1081,105005.5,0.1083,1970.8,0.1084,63100.7
1753591946665,04:52:26.665,bybit,AEVO/USDT:USDT,0.1082,21532.8,0.1081,105005.5,0.1083,1970.8,0.1084,63100.7
1753591947064,04:52:27.064,bybit,AEVO/USDT:USDT,0.1082,21532.8,0.1081,105005.5,0.1083,1970.8,0.1084,63100.7
1753591947164,04:52:27.164,bybit,AEVO/USDT:USDT,0.1082,21532.8,0.1081,105005.5,0.1083,1970.8,0.1084,63100.7
1753591947665,04:52:27.665,bybit,AEVO/USDT:USDT,0.1082,21532.7,0.1081,105005.5,0.1083,1970.8,0.1084,63100.7
1753591947765,04:52:27.765,bybit,AEVO/USDT:USDT,0.1082,21532.7,0.1081,105005.5,0.1083,1970.8,0.1084,63100.7
1753591948264,04:52:28.264,bybit,AEVO/USDT:USDT,0.1082,21532.7,0.1081,105005.5,0.1083,1970.8,0.1084,63100.7
1753591948366,04:52:28.366,bybit,AEVO/USDT:USDT,0.1082,21532.7,0.1081,105005.5,0.1083,1970.8,0.1084,56357.5
1753591948564,04:52:28.564,bybit,AEVO/USDT:USDT,0.1082,21532.7,0.1081,105005.5,0.1083,1970.8,0.1084,63166.7
1753591948765,04:52:28.765,bybit,AEVO/USDT:USDT,0.1082,21560.0,0.1081,105005.5,0.1083,1970.8,0.1084,63166.7
1753591948865,04:52:28.865,bybit,AEVO/USDT:USDT,0.1082,21560.0,0.1081,105005.5,0.1083,1970.8,0.1084,63166.7
1753591948964,04:52:28.964,bybit,AEVO/USDT:USDT,0.1082,21560.0,0.1081,105005.5,0.1083,1970.8,0.1084,63166.7
1753591949365,04:52:29.365,bybit,AEVO/USDT:USDT,0.1082,21560.0,0.1081,105005.5,0.1083,1970.8,0.1084,63166.7
1753591949465,04:52:29.465,bybit,AEVO/USDT:USDT,0.1082,21560.0,0.1081,105005.5,0.1083,1970.8,0.1084,56357.5
1753591950065,04:52:30.065,bybit,AEVO/USDT:USDT,0.1082,21370.4,0.1081,105005.5,0.1083,2160.4,0.1084,63224.2
1753591950164,04:52:30.164,bybit,AEVO/USDT:USDT,0.1082,21465.2,0.1081,105005.5,0.1083,2065.6,0.1084,63224.2
1753591951065,04:52:31.065,bybit,AEVO/USDT:USDT,0.1082,21465.2,0.1081,105005.5,0.1083,6970.8,0.1084,63297.6
1753591951164,04:52:31.164,bybit,AEVO/USDT:USDT,0.1082,21560.0,0.1081,105005.5,0.1083,1970.8,0.1084,56357.5
1753591951666,04:52:31.666,bybit,AEVO/USDT:USDT,0.1082,21560.0,0.1081,105005.5,0.1083,1970.8,0.1084,56357.5
1753591951764,04:52:31.764,bybit,AEVO/USDT:USDT,0.1082,21560.0,0.1081,105005.5,0.1083,1970.8,0.1084,63507.3
1753591951964,04:52:31.964,bybit,AEVO/USDT:USDT,0.1082,21560.0,0.1081,105005.5,0.1083,2065.6,0.1084,63507.3
1753591952065,04:52:32.065,bybit,AEVO/USDT:USDT,0.1082,21560.0,0.1081,105005.5,0.1083,1970.8,0.1084,56357.5
1753591952169,04:52:32.169,bybit,AEVO/USDT:USDT,0.1082,21560.0,0.1081,105005.5,0.1083,1970.8,0.1084,56357.5
1753591952364,04:52:32.364,bybit,AEVO/USDT:USDT,0.1082,21560.0,0.1081,105005.5,0.1083,1970.8,0.1084,56357.5
1753591952465,04:52:32.465,bybit,AEVO/USDT:USDT,0.1082,21560.0,0.1081,105005.5,0.1083,2065.6,0.1084,56357.5
1753591952764,04:52:32.764,bybit,AEVO/USDT:USDT,0.1082,21560.0,0.1081,105005.5,0.1083,2065.6,0.1084,56357.5
1753591952864,04:52:32.864,bybit,AEVO/USDT:USDT,0.1082,21560.0,0.1081,105005.5,0.1083,2065.6,0.1084,56357.5
1753591953364,04:52:33.364,bybit,AEVO/USDT:USDT,0.1082,21560.0,0.1081,105005.5,0.1083,2065.6,0.1084,56357.5
1753591953464,04:52:33.464,bybit,AEVO/USDT:USDT,0.1082,21560.0,0.1081,105005.5,0.1083,2065.6,0.1084,56357.5
1753591954464,04:52:34.464,bybit,AEVO/USDT:USDT,0.1082,21560.0,0.1081,105005.5,0.1083,2065.6,0.1084,56357.5
1753591954565,04:52:34.565,bybit,AEVO/USDT:USDT,0.1082,21560.0,0.1081,105005.5,0.1083,1970.8,0.1084,56357.5
1753591954764,04:52:34.764,bybit,AEVO/USDT:USDT,0.1082,21560.0,0.1081,105005.5,0.1083,2065.6,0.1084,60041.6
1753591954965,04:52:34.965,bybit,AEVO/USDT:USDT,0.1082,21465.2,0.1081,105005.5,0.1083,2065.6,0.1084,60041.6
1753591955064,04:52:35.064,bybit,AEVO/USDT:USDT,0.1082,21465.2,0.1081,105005.5,0.1083,2065.6,0.1084,60041.6
1753591955465,04:52:35.465,bybit,AEVO/USDT:USDT,0.1082,21465.2,0.1081,105005.5,0.1083,2160.4,0.1084,60041.6
1753591955565,04:52:35.565,bybit,AEVO/USDT:USDT,0.1082,21465.2,0.1081,105005.5,0.1083,2160.4,0.1084,60041.6
1753591955864,04:52:35.864,bybit,AEVO/USDT:USDT,0.1082,21560.0,0.1081,105005.5,0.1083,2065.6,0.1084,60041.6
1753591956565,04:52:36.565,bybit,AEVO/USDT:USDT,0.1082,21560.0,0.1081,105005.5,0.1083,2065.6,0.1084,60041.6
1753591956669,04:52:36.669,bybit,AEVO/USDT:USDT,0.1082,21560.0,0.1081,105005.5,0.1083,2065.6,0.1084,60041.6
1753591957165,04:52:37.165,bybit,AEVO/USDT:USDT,0.1082,21560.0,0.1081,105005.5,0.1083,2065.6,0.1084,60041.6
1753591957266,04:52:37.266,bybit,AEVO/USDT:USDT,0.1082,21560.0,0.1081,103384.1,0.1083,2065.6,0.1084,60041.6
1753591957764,04:52:37.764,bybit,AEVO/USDT:USDT,0.1082,21560.0,0.1081,103384.1,0.1083,2065.6,0.1084,60041.6
1753591957864,04:52:37.864,bybit,AEVO/USDT:USDT,0.1082,21560.0,0.1081,103384.1,0.1083,2065.6,0.1084,60041.6
1753591958264,04:52:38.264,bybit,AEVO/USDT:USDT,0.1082,21560.0,0.1081,103384.1,0.1083,2065.6,0.1084,60041.6
1753591958365,04:52:38.365,bybit,AEVO/USDT:USDT,0.1082,21560.0,0.1081,103384.1,0.1083,2065.6,0.1084,60041.6
1753591958865,04:52:38.865,bybit,AEVO/USDT:USDT,0.1082,21560.0,0.1081,103384.1,0.1083,2065.6,0.1084,60041.6
1753591958965,04:52:38.965,bybit,AEVO/USDT:USDT,0.1082,21560.0,0.1081,103384.1,0.1083,2065.6,0.1084,60041.6
1753591959765,04:52:39.765,bybit,AEVO/USDT:USDT,0.1082,22438.0,0.1081,103384.1,0.1083,1970.8,0.1084,54510.0
1753591959965,04:52:39.965,bybit,AEVO/USDT:USDT,0.1082,22438.0,0.1081,103384.1,0.1083,1970.8,0.1084,54510.0
1753591960064,04:52:40.064,bybit,AEVO/USDT:USDT,0.1082,22438.0,0.1081,103384.1,0.1083,1970.8,0.1084,54510.0
1753591960464,04:52:40.464,bybit,AEVO/USDT:USDT,0.1082,22438.0,0.1081,103384.1,0.1083,1970.8,0.1084,54510.0
1753591961064,04:52:41.064,bybit,AEVO/USDT:USDT,0.1082,22438.0,0.1081,103384.1,0.1083,1970.8,0.1084,54510.0
1753591961165,04:52:41.165,bybit,AEVO/USDT:USDT,0.1082,22438.0,0.1081,103384.1,0.1083,1970.8,0.1084,54510.0
1753591961565,04:52:41.565,bybit,AEVO/USDT:USDT,0.1082,20366.0,0.1081,103384.1,0.1083,2160.4,0.1084,54510.0
1753591961665,04:52:41.665,bybit,AEVO/USDT:USDT,0.1082,20366.0,0.1081,103384.1,0.1083,2065.6,0.1084,54510.0
1753591961764,04:52:41.764,bybit,AEVO/USDT:USDT,0.1082,20555.6,0.1081,103384.1,0.1083,2065.6,0.1084,54510.0
1753591961964,04:52:41.964,bybit,AEVO/USDT:USDT,0.1082,22438.0,0.1081,103384.1,0.1083,2065.6,0.1084,61162.0
1753591962064,04:52:42.064,bybit,AEVO/USDT:USDT,0.1082,22438.0,0.1081,103384.1,0.1083,2065.6,0.1084,61162.0
1753591962265,04:52:42.265,bybit,AEVO/USDT:USDT,0.1082,22438.0,0.1081,103384.1,0.1083,2065.6,0.1084,61162.0
1753591962365,04:52:42.365,bybit,AEVO/USDT:USDT,0.1082,22438.0,0.1081,103384.1,0.1083,2065.6,0.1084,54510.0
1753591962464,04:52:42.464,bybit,AEVO/USDT:USDT,0.1082,22438.0,0.1081,103384.1,0.1083,1970.8,0.1084,54510.0
1753591962865,04:52:42.865,bybit,AEVO/USDT:USDT,0.1082,22438.0,0.1081,103384.1,0.1083,1970.8,0.1084,61190.1
1753591963665,04:52:43.665,bybit,AEVO/USDT:USDT,0.1082,22438.0,0.1081,103384.1,0.1083,1970.8,0.1084,61190.1
1753591963764,04:52:43.764,bybit,AEVO/USDT:USDT,0.1082,22438.0,0.1081,103384.1,0.1083,1970.8,0.1084,61190.1
1753591964064,04:52:44.064,bybit,AEVO/USDT:USDT,0.1082,22438.0,0.1081,103384.1,0.1083,1970.8,0.1084,54510.0
1753591964169,04:52:44.169,bybit,AEVO/USDT:USDT,0.1082,22438.0,0.1081,103384.1,0.1083,1970.8,0.1084,54510.0
1753591964264,04:52:44.264,bybit,AEVO/USDT:USDT,0.1082,22438.0,0.1081,95296.9,0.1083,1970.8,0.1084,54510.0
1753591964964,04:52:44.964,bybit,AEVO/USDT:USDT,0.1082,22438.0,0.1081,102692.2,0.1083,1970.8,0.1084,54510.0
1753591965365,04:52:45.365,bybit,AEVO/USDT:USDT,0.1082,22438.0,0.1081,102692.2,0.1083,1970.8,0.1084,54510.0
1753591965466,04:52:45.466,bybit,AEVO/USDT:USDT,0.1082,22438.0,0.1081,102692.2,0.1083,1970.8,0.1084,54510.0
1753591965865,04:52:45.865,bybit,AEVO/USDT:USDT,0.1082,22438.0,0.1081,102692.2,0.1083,1970.8,0.1084,54510.0
1753591965965,04:52:45.965,bybit,AEVO/USDT:USDT,0.1082,22438.0,0.1081,102692.2,0.1083,1970.8,0.1084,54510.0
1753591966465,04:52:46.465,bybit,AEVO/USDT:USDT,0.1082,22438.0,0.1081,102692.2,0.1083,1970.8,0.1084,54510.0
1753591966564,04:52:46.564,bybit,AEVO/USDT:USDT,0.1082,22438.0,0.1081,102692.2,0.1083,1970.8,0.1084,54510.0
1753591966965,04:52:46.965,bybit,AEVO/USDT:USDT,0.1082,22438.0,0.1081,102692.2,0.1083,1970.8,0.1084,54510.0
1753591967065,04:52:47.065,bybit,AEVO/USDT:USDT,0.1082,22438.0,0.1081,102692.2,0.1083,1970.8,0.1084,54510.0
1753591967565,04:52:47.565,bybit,AEVO/USDT:USDT,0.1082,22438.0,0.1081,102692.2,0.1083,1970.8,0.1084,54510.0
1753591967664,04:52:47.664,bybit,AEVO/USDT:USDT,0.1082,22438.0,0.1081,102692.2,0.1083,1970.8,0.1084,54510.0
1753591968169,04:52:48.169,bybit,AEVO/USDT:USDT,0.1082,22438.0,0.1081,102692.2,0.1083,1970.8,0.1084,54510.0
1753591968665,04:52:48.665,bybit,AEVO/USDT:USDT,0.1082,22438.0,0.1081,102692.2,0.1083,1970.8,0.1084,54510.0
1753591968765,04:52:48.765,bybit,AEVO/USDT:USDT,0.1082,22438.0,0.1081,102692.2,0.1083,1970.8,0.1084,54510.0
1753591968864,04:52:48.864,bybit,AEVO/USDT:USDT,0.1082,22438.0,0.1081,102692.2,0.1083,1970.8,0.1084,54510.0
1753591969365,04:52:49.365,bybit,AEVO/USDT:USDT,0.1082,22438.0,0.1081,102692.2,0.1083,1970.8,0.1084,54510.0
1753591969764,04:52:49.764,bybit,AEVO/USDT:USDT,0.1082,22438.0,0.1081,102692.2,0.1083,1970.8,0.1084,54510.0
1753591969865,04:52:49.865,bybit,AEVO/USDT:USDT,0.1082,22438.0,0.1081,102692.2,0.1083,1970.8,0.1084,54510.0
1753591970265,04:52:50.265,bybit,AEVO/USDT:USDT,0.1082,22438.0,0.1081,102692.2,0.1083,1970.8,0.1084,54510.0
1753591970365,04:52:50.365,bybit,AEVO/USDT:USDT,0.1082,22438.0,0.1081,102692.2,0.1083,1970.8,0.1084,54510.0
1753591971364,04:52:51.364,bybit,AEVO/USDT:USDT,0.1082,22438.0,0.1081,102692.2,0.1083,1970.8,0.1084,54510.0
1753591971465,04:52:51.465,bybit,AEVO/USDT:USDT,0.1082,22438.0,0.1081,102692.2,0.1083,1970.8,0.1084,54510.0
1753591971964,04:52:51.964,bybit,AEVO/USDT:USDT,0.1082,22438.0,0.1081,102692.2,0.1083,1970.8,0.1084,54510.0
1753591972064,04:52:52.064,bybit,AEVO/USDT:USDT,0.1082,22438.0,0.1081,102692.2,0.1083,1970.8,0.1084,54510.0
1753591972264,04:52:52.264,bybit,AEVO/USDT:USDT,0.1082,22438.0,0.1081,107865.5,0.1083,1970.8,0.1084,54510.0
