timestamp,time,symbol,bid1_price,bid1_volume,bid2_price,bid2_volume,ask1_price,ask1_volume,ask2_price,ask2_volume
1753546948219,16:22:28.219,AERO/USDT:USDT,0.9035,2187.0,0.9034,1113.0,0.9036,7.0,0.9038,27.0
1753546949419,16:22:29.419,AERO/USDT:USDT,0.9035,2277.0,0.9034,1203.0,0.9036,7.0,0.9038,27.0
1753546949519,16:22:29.519,AERO/USDT:USDT,0.9035,2522.0,0.9034,1090.0,0.9036,7.0,0.9038,27.0
1753546949617,16:22:29.617,AERO/USDT:USDT,0.9035,2522.0,0.9034,1000.0,0.9036,7.0,0.9038,27.0
1753546949719,16:22:29.719,AERO/USDT:USDT,0.9035,2522.0,0.9034,1000.0,0.9036,80.0,0.9038,27.0
1753546949817,16:22:29.817,AERO/USDT:USDT,0.9035,2522.0,0.9034,1090.0,0.9036,80.0,0.9038,27.0
1753546950521,16:22:30.521,AERO/USDT:USDT,0.9035,2522.0,0.9034,890.0,0.9036,80.0,0.9037,5335.0
1753546950618,16:22:30.618,AERO/USDT:USDT,0.9035,2522.0,0.9034,890.0,0.9036,80.0,0.9037,5335.0
1753546950720,16:22:30.720,AERO/USDT:USDT,0.9035,2522.0,0.9034,890.0,0.9036,80.0,0.9037,5335.0
1753546950817,16:22:30.817,AERO/USDT:USDT,0.9035,2567.0,0.9034,890.0,0.9036,80.0,0.9037,5335.0
1753546951919,16:22:31.919,AERO/USDT:USDT,0.9035,963.0,0.9034,592.0,0.9036,86.0,0.9037,5425.0
1753546952418,16:22:32.418,AERO/USDT:USDT,0.9035,963.0,0.9034,592.0,0.9036,86.0,0.9037,5425.0
1753546953219,16:22:33.219,AERO/USDT:USDT,0.9035,963.0,0.9034,592.0,0.9036,86.0,0.9037,5425.0
1753546953818,16:22:33.818,AERO/USDT:USDT,0.9035,963.0,0.9034,592.0,0.9036,86.0,0.9037,5335.0
1753546954019,16:22:34.019,AERO/USDT:USDT,0.9035,963.0,0.9034,592.0,0.9036,86.0,0.9037,5335.0
1753546954219,16:22:34.219,AERO/USDT:USDT,0.9035,963.0,0.9034,592.0,0.9036,80.0,0.9037,5335.0
1753546954319,16:22:34.319,AERO/USDT:USDT,0.9035,963.0,0.9034,592.0,0.9036,80.0,0.9037,5335.0
1753546954717,16:22:34.717,AERO/USDT:USDT,0.9035,963.0,0.9034,592.0,0.9036,80.0,0.9037,5335.0
1753546954819,16:22:34.819,AERO/USDT:USDT,0.9035,963.0,0.9034,592.0,0.9036,80.0,0.9037,5655.0
1753546955117,16:22:35.117,AERO/USDT:USDT,0.9035,963.0,0.9034,592.0,0.9036,80.0,0.9037,5565.0
1753546955220,16:22:35.220,AERO/USDT:USDT,0.9035,963.0,0.9034,592.0,0.9036,86.0,0.9037,5655.0
1753546955318,16:22:35.318,AERO/USDT:USDT,0.9035,963.0,0.9034,592.0,0.9036,86.0,0.9037,5655.0
1753546955420,16:22:35.420,AERO/USDT:USDT,0.9035,963.0,0.9034,682.0,0.9036,86.0,0.9037,5565.0
1753546955517,16:22:35.517,AERO/USDT:USDT,0.9035,963.0,0.9034,682.0,0.9036,86.0,0.9037,5335.0
1753546955619,16:22:35.619,AERO/USDT:USDT,0.9035,963.0,0.9034,682.0,0.9036,86.0,0.9037,5335.0
1753546956019,16:22:36.019,AERO/USDT:USDT,0.9035,963.0,0.9034,592.0,0.9036,86.0,0.9037,5655.0
1753546956219,16:22:36.219,AERO/USDT:USDT,0.9035,963.0,0.9034,592.0,0.9036,80.0,0.9037,5655.0
1753546956517,16:22:36.517,AERO/USDT:USDT,0.9035,963.0,0.9034,592.0,0.9036,80.0,0.9037,5678.0
1753546957017,16:22:37.017,AERO/USDT:USDT,0.9035,963.0,0.9034,592.0,0.9036,80.0,0.9037,5664.0
1753546957219,16:22:37.219,AERO/USDT:USDT,0.9035,963.0,0.9034,592.0,0.9036,86.0,0.9037,5664.0
1753546957817,16:22:37.817,AERO/USDT:USDT,0.9035,963.0,0.9034,592.0,0.9036,88.0,0.9037,5664.0
1753546957917,16:22:37.917,AERO/USDT:USDT,0.9035,963.0,0.9034,592.0,0.9036,88.0,0.9037,5664.0
1753546958018,16:22:38.018,AERO/USDT:USDT,0.9035,963.0,0.9034,592.0,0.9036,88.0,0.9037,5664.0
1753546958317,16:22:38.317,AERO/USDT:USDT,0.9035,963.0,0.9034,592.0,0.9036,82.0,0.9037,5434.0
1753546958417,16:22:38.417,AERO/USDT:USDT,0.9035,963.0,0.9034,592.0,0.9036,82.0,0.9037,5344.0
1753546958620,16:22:38.620,AERO/USDT:USDT,0.9035,963.0,0.9034,592.0,0.9036,82.0,0.9037,5434.0
1753546958718,16:22:38.718,AERO/USDT:USDT,0.9035,963.0,0.9034,592.0,0.9036,82.0,0.9037,5434.0
1753546958818,16:22:38.818,AERO/USDT:USDT,0.9035,963.0,0.9034,592.0,0.9036,82.0,0.9037,5434.0
1753546958919,16:22:38.919,AERO/USDT:USDT,0.9035,963.0,0.9034,592.0,0.9036,82.0,0.9037,5434.0
1753546959017,16:22:39.017,AERO/USDT:USDT,0.9035,963.0,0.9034,592.0,0.9036,82.0,0.9037,5457.0
1753546959419,16:22:39.419,AERO/USDT:USDT,0.9035,963.0,0.9034,592.0,0.9036,82.0,0.9037,5434.0
1753546959518,16:22:39.518,AERO/USDT:USDT,0.9035,963.0,0.9034,592.0,0.9036,82.0,0.9037,5434.0
1753546959819,16:22:39.819,AERO/USDT:USDT,0.9035,963.0,0.9034,592.0,0.9036,82.0,0.9037,5434.0
1753546960022,16:22:40.022,AERO/USDT:USDT,0.9035,963.0,0.9034,870.0,0.9036,82.0,0.9037,5335.0
1753546960217,16:22:40.217,AERO/USDT:USDT,0.9035,380.0,0.9034,780.0,0.9036,82.0,0.9037,5358.0
1753546960317,16:22:40.317,AERO/USDT:USDT,0.9035,380.0,0.9034,780.0,0.9036,82.0,0.9037,5847.0
1753546960418,16:22:40.418,AERO/USDT:USDT,0.9035,380.0,0.9034,780.0,0.9036,105.0,0.9037,5757.0
1753546960517,16:22:40.517,AERO/USDT:USDT,0.9035,380.0,0.9034,780.0,0.9036,105.0,0.9037,5757.0
1753546960617,16:22:40.617,AERO/USDT:USDT,0.9035,380.0,0.9034,780.0,0.9036,105.0,0.9037,5766.0
1753546960818,16:22:40.818,AERO/USDT:USDT,0.9035,380.0,0.9034,780.0,0.9036,105.0,0.9037,5676.0
1753546960919,16:22:40.919,AERO/USDT:USDT,0.9035,959.0,0.9034,780.0,0.9036,82.0,0.9037,5653.0
1753546961017,16:22:41.017,AERO/USDT:USDT,0.9035,959.0,0.9034,780.0,0.9036,82.0,0.9037,5653.0
1753546961117,16:22:41.117,AERO/USDT:USDT,0.9035,959.0,0.9034,870.0,0.9036,82.0,0.9037,5344.0
1753546961221,16:22:41.221,AERO/USDT:USDT,0.9035,959.0,0.9034,780.0,0.9036,88.0,0.9037,5344.0
1753546961317,16:22:41.317,AERO/USDT:USDT,0.9035,959.0,0.9034,780.0,0.9036,88.0,0.9037,5367.0
1753546961419,16:22:41.419,AERO/USDT:USDT,0.9035,959.0,0.9034,780.0,0.9036,88.0,0.9037,5367.0
1753546961718,16:22:41.718,AERO/USDT:USDT,0.9035,959.0,0.9034,780.0,0.9036,88.0,0.9037,5344.0
1753546961818,16:22:41.818,AERO/USDT:USDT,0.9035,959.0,0.9034,780.0,0.9036,88.0,0.9037,5344.0
1753546961919,16:22:41.919,AERO/USDT:USDT,0.9035,959.0,0.9034,780.0,0.9036,88.0,0.9037,5367.0
1753546962017,16:22:42.017,AERO/USDT:USDT,0.9035,959.0,0.9034,780.0,0.9036,88.0,0.9037,5367.0
1753546962120,16:22:42.120,AERO/USDT:USDT,0.9035,959.0,0.9034,780.0,0.9036,88.0,0.9037,5457.0
1753546962220,16:22:42.220,AERO/USDT:USDT,0.9035,959.0,0.9034,780.0,0.9036,82.0,0.9037,5457.0
1753546962318,16:22:42.318,AERO/USDT:USDT,0.9035,959.0,0.9034,780.0,0.9036,82.0,0.9037,5457.0
1753546962719,16:22:42.719,AERO/USDT:USDT,0.9035,959.0,0.9034,780.0,0.9036,82.0,0.9037,5457.0
1753546962917,16:22:42.917,AERO/USDT:USDT,0.9035,959.0,0.9034,780.0,0.9036,82.0,0.9037,5344.0
1753546963319,16:22:43.319,AERO/USDT:USDT,0.9035,959.0,0.9034,780.0,0.9036,82.0,0.9037,5434.0
1753546963417,16:22:43.417,AERO/USDT:USDT,0.9035,959.0,0.9034,780.0,0.9036,82.0,0.9037,5434.0
1753546963519,16:22:43.519,AERO/USDT:USDT,0.9035,959.0,0.9034,780.0,0.9036,82.0,0.9037,5457.0
1753546963720,16:22:43.720,AERO/USDT:USDT,0.9035,959.0,0.9034,780.0,0.9036,82.0,0.9037,5457.0
1753546963818,16:22:43.818,AERO/USDT:USDT,0.9035,959.0,0.9034,780.0,0.9036,82.0,0.9037,5344.0
1753546964617,16:22:44.617,AERO/USDT:USDT,0.9035,959.0,0.9034,780.0,0.9036,82.0,0.9037,5344.0
1753546964719,16:22:44.719,AERO/USDT:USDT,0.9035,959.0,0.9034,780.0,0.9036,82.0,0.9037,5344.0
1753546964917,16:22:44.917,AERO/USDT:USDT,0.9035,959.0,0.9034,960.0,0.9036,82.0,0.9037,5344.0
1753546965017,16:22:45.017,AERO/USDT:USDT,0.9035,959.0,0.9034,870.0,0.9036,82.0,0.9037,5344.0
1753546965719,16:22:45.719,AERO/USDT:USDT,0.9035,959.0,0.9034,960.0,0.9036,82.0,0.9037,5344.0
1753546965919,16:22:45.919,AERO/USDT:USDT,0.9035,959.0,0.9034,960.0,0.9036,82.0,0.9037,5344.0
1753546966617,16:22:46.617,AERO/USDT:USDT,0.9035,1069.0,0.9034,960.0,0.9036,82.0,0.9037,5344.0
1753546966717,16:22:46.717,AERO/USDT:USDT,0.9035,1069.0,0.9034,870.0,0.9036,82.0,0.9037,5344.0
1753546966817,16:22:46.817,AERO/USDT:USDT,0.9035,1179.0,0.9034,1170.0,0.9036,82.0,0.9037,5344.0
1753546966917,16:22:46.917,AERO/USDT:USDT,0.9035,1179.0,0.9034,1170.0,0.9036,82.0,0.9037,5344.0
1753546967419,16:22:47.419,AERO/USDT:USDT,0.9035,1179.0,0.9034,870.0,0.9036,82.0,0.9037,5344.0
1753546967517,16:22:47.517,AERO/USDT:USDT,0.9035,1179.0,0.9034,870.0,0.9036,82.0,0.9037,5344.0
1753546967718,16:22:47.718,AERO/USDT:USDT,0.9035,1179.0,0.9034,780.0,0.9036,82.0,0.9037,5614.0
1753546967817,16:22:47.817,AERO/USDT:USDT,0.9035,1179.0,0.9034,780.0,0.9036,82.0,0.9037,5614.0
1753546967918,16:22:47.918,AERO/USDT:USDT,0.9035,1179.0,0.9034,870.0,0.9036,82.0,0.9037,5614.0
1753546968018,16:22:48.018,AERO/USDT:USDT,0.9035,1179.0,0.9034,870.0,0.9036,82.0,0.9037,5614.0
1753546968217,16:22:48.217,AERO/USDT:USDT,0.9035,1179.0,0.9034,870.0,0.9036,82.0,0.9037,5614.0
1753546968317,16:22:48.317,AERO/USDT:USDT,0.9035,1179.0,0.9034,870.0,0.9036,82.0,0.9037,5614.0
1753546968419,16:22:48.419,AERO/USDT:USDT,0.9035,1069.0,0.9034,780.0,0.9036,82.0,0.9037,5614.0
1753546968519,16:22:48.519,AERO/USDT:USDT,0.9035,1069.0,0.9034,870.0,0.9036,82.0,0.9037,5614.0
1753546968618,16:22:48.618,AERO/USDT:USDT,0.9035,1069.0,0.9034,870.0,0.9036,82.0,0.9037,5614.0
1753546968717,16:22:48.717,AERO/USDT:USDT,0.9035,1069.0,0.9034,960.0,0.9036,82.0,0.9037,5614.0
1753546968819,16:22:48.819,AERO/USDT:USDT,0.9035,1069.0,0.9034,960.0,0.9036,82.0,0.9037,5614.0
1753546968917,16:22:48.917,AERO/USDT:USDT,0.9035,1159.0,0.9034,960.0,0.9036,82.0,0.9037,5614.0
1753546969020,16:22:49.020,AERO/USDT:USDT,0.9035,1069.0,0.9034,960.0,0.9036,82.0,0.9037,5614.0
1753546969317,16:22:49.317,AERO/USDT:USDT,0.9035,1069.0,0.9034,960.0,0.9036,82.0,0.9037,5614.0
1753546969417,16:22:49.417,AERO/USDT:USDT,0.9035,1069.0,0.9034,960.0,0.9036,82.0,0.9037,5614.0
1753546969617,16:22:49.617,AERO/USDT:USDT,0.9035,1069.0,0.9034,960.0,0.9036,82.0,0.9037,5614.0
1753546969719,16:22:49.719,AERO/USDT:USDT,0.9035,1069.0,0.9034,960.0,0.9036,82.0,0.9037,5614.0
1753546969819,16:22:49.819,AERO/USDT:USDT,0.9035,1179.0,0.9034,960.0,0.9036,82.0,0.9037,5614.0
1753546969918,16:22:49.918,AERO/USDT:USDT,0.9035,1179.0,0.9034,960.0,0.9036,82.0,0.9037,5614.0
1753546970119,16:22:50.119,AERO/USDT:USDT,0.9035,1185.0,0.9034,780.0,0.9036,82.0,0.9037,5614.0
1753546970219,16:22:50.219,AERO/USDT:USDT,0.9035,1075.0,0.9034,780.0,0.9036,82.0,0.9037,5614.0
1753546970319,16:22:50.319,AERO/USDT:USDT,0.9035,1075.0,0.9034,780.0,0.9036,82.0,0.9037,5614.0
1753546970418,16:22:50.418,AERO/USDT:USDT,0.9035,965.0,0.9034,780.0,0.9036,82.0,0.9037,5614.0
1753546970617,16:22:50.617,AERO/USDT:USDT,0.9035,965.0,0.9034,780.0,0.9036,82.0,0.9037,5727.0
1753546970717,16:22:50.717,AERO/USDT:USDT,0.9035,965.0,0.9034,780.0,0.9036,82.0,0.9037,5637.0
1753546970819,16:22:50.819,AERO/USDT:USDT,0.9035,965.0,0.9034,780.0,0.9036,82.0,0.9037,5614.0
1753546971219,16:22:51.219,AERO/USDT:USDT,0.9035,959.0,0.9034,780.0,0.9036,82.0,0.9037,5614.0
1753546971319,16:22:51.319,AERO/USDT:USDT,0.9035,959.0,0.9034,870.0,0.9036,82.0,0.9037,5614.0
1753546971518,16:22:51.518,AERO/USDT:USDT,0.9035,959.0,0.9034,870.0,0.9036,82.0,0.9037,5614.0
1753546971820,16:22:51.820,AERO/USDT:USDT,0.9035,959.0,0.9034,960.0,0.9036,86.0,0.9037,5614.0
1753546972018,16:22:52.018,AERO/USDT:USDT,0.9035,959.0,0.9034,960.0,0.9036,86.0,0.9037,5614.0
1753546972117,16:22:52.117,AERO/USDT:USDT,0.9035,959.0,0.9034,960.0,0.9036,86.0,0.9037,5614.0
1753546972220,16:22:52.220,AERO/USDT:USDT,0.9035,959.0,0.9034,960.0,0.9036,86.0,0.9037,5614.0
1753546972318,16:22:52.318,AERO/USDT:USDT,0.9035,959.0,0.9034,960.0,0.9036,86.0,0.9037,5614.0
1753546972417,16:22:52.417,AERO/USDT:USDT,0.9035,959.0,0.9034,960.0,0.9036,86.0,0.9037,5614.0
1753546972517,16:22:52.517,AERO/USDT:USDT,0.9035,959.0,0.9034,960.0,0.9036,86.0,0.9037,5344.0
1753546972617,16:22:52.617,AERO/USDT:USDT,0.9035,959.0,0.9034,960.0,0.9036,86.0,0.9037,5344.0
1753546972717,16:22:52.717,AERO/USDT:USDT,0.9035,959.0,0.9034,960.0,0.9036,86.0,0.9037,5344.0
1753546972819,16:22:52.819,AERO/USDT:USDT,0.9035,959.0,0.9034,780.0,0.9036,86.0,0.9037,5344.0
1753546972918,16:22:52.918,AERO/USDT:USDT,0.9035,959.0,0.9034,960.0,0.9036,86.0,0.9037,5344.0
1753546973118,16:22:53.118,AERO/USDT:USDT,0.9035,965.0,0.9034,960.0,0.9036,86.0,0.9037,5344.0
1753546973218,16:22:53.218,AERO/USDT:USDT,0.9035,965.0,0.9034,960.0,0.9036,86.0,0.9037,5344.0
1753546973617,16:22:53.617,AERO/USDT:USDT,0.9035,965.0,0.9034,870.0,0.9036,86.0,0.9037,5344.0
1753546973817,16:22:53.817,AERO/USDT:USDT,0.9035,965.0,0.9034,870.0,0.9036,86.0,0.9037,5344.0
1753546973930,16:22:53.930,AERO/USDT:USDT,0.9035,1075.0,0.9034,780.0,0.9036,86.0,0.9037,5344.0
1753546974217,16:22:54.217,AERO/USDT:USDT,0.9035,1075.0,0.9034,960.0,0.9036,86.0,0.9037,5344.0
1753546974419,16:22:54.419,AERO/USDT:USDT,0.9035,1185.0,0.9034,960.0,0.9036,86.0,0.9037,5344.0
1753546974819,16:22:54.819,AERO/USDT:USDT,0.9035,1185.0,0.9034,960.0,0.9036,86.0,0.9037,5344.0
1753546975020,16:22:55.020,AERO/USDT:USDT,0.9035,1185.0,0.9034,960.0,0.9036,86.0,0.9037,5344.0
1753546975118,16:22:55.118,AERO/USDT:USDT,0.9035,1185.0,0.9034,960.0,0.9036,86.0,0.9037,5344.0
1753546976317,16:22:56.317,AERO/USDT:USDT,0.9035,1185.0,0.9034,890.0,0.9036,86.0,0.9037,5434.0
1753546976517,16:22:56.517,AERO/USDT:USDT,0.9035,1185.0,0.9034,780.0,0.9036,86.0,0.9037,5434.0
1753546976618,16:22:56.618,AERO/USDT:USDT,0.9035,1185.0,0.9034,780.0,0.9036,86.0,0.9037,5434.0
1753546976717,16:22:56.717,AERO/USDT:USDT,0.9035,1185.0,0.9034,780.0,0.9036,86.0,0.9037,5344.0
1753546976819,16:22:56.819,AERO/USDT:USDT,0.9035,1185.0,0.9034,780.0,0.9036,86.0,0.9037,5434.0
1753546976919,16:22:56.919,AERO/USDT:USDT,0.9035,1185.0,0.9034,780.0,0.9036,86.0,0.9037,5434.0
1753546977017,16:22:57.017,AERO/USDT:USDT,0.9035,1185.0,0.9034,780.0,0.9036,86.0,0.9037,5434.0
1753546977117,16:22:57.117,AERO/USDT:USDT,0.9035,1185.0,0.9034,780.0,0.9036,86.0,0.9037,5434.0
1753546977218,16:22:57.218,AERO/USDT:USDT,0.9035,1185.0,0.9034,960.0,0.9036,86.0,0.9037,5344.0
1753546977317,16:22:57.317,AERO/USDT:USDT,0.9035,1185.0,0.9034,960.0,0.9036,86.0,0.9037,5344.0
1753546977518,16:22:57.518,AERO/USDT:USDT,0.9035,1185.0,0.9034,960.0,0.9036,86.0,0.9037,5344.0
1753546977618,16:22:57.618,AERO/USDT:USDT,0.9035,1185.0,0.9034,960.0,0.9036,86.0,0.9037,5344.0
1753546977718,16:22:57.718,AERO/USDT:USDT,0.9035,1185.0,0.9034,960.0,0.9036,86.0,0.9037,5344.0
1753546977817,16:22:57.817,AERO/USDT:USDT,0.9035,1185.0,0.9034,870.0,0.9036,86.0,0.9037,5344.0
1753546977920,16:22:57.920,AERO/USDT:USDT,0.9035,1185.0,0.9034,960.0,0.9036,86.0,0.9037,5344.0
1753546978217,16:22:58.217,AERO/USDT:USDT,0.9035,1185.0,0.9034,870.0,0.9036,86.0,0.9037,5344.0
1753546978317,16:22:58.317,AERO/USDT:USDT,0.9035,1185.0,0.9034,870.0,0.9036,86.0,0.9037,5344.0
1753546978419,16:22:58.419,AERO/USDT:USDT,0.9035,1185.0,0.9034,780.0,0.9036,86.0,0.9037,5344.0
1753546978517,16:22:58.517,AERO/USDT:USDT,0.9035,1185.0,0.9034,780.0,0.9036,86.0,0.9037,5344.0
1753546978619,16:22:58.619,AERO/USDT:USDT,0.9035,1185.0,0.9034,780.0,0.9036,86.0,0.9037,5344.0
1753546978719,16:22:58.719,AERO/USDT:USDT,0.9035,1185.0,0.9034,780.0,0.9036,86.0,0.9037,5344.0
1753546978818,16:22:58.818,AERO/USDT:USDT,0.9035,1185.0,0.9034,780.0,0.9036,86.0,0.9037,5344.0
1753546979020,16:22:59.020,AERO/USDT:USDT,0.9035,1185.0,0.9034,780.0,0.9036,86.0,0.9037,5344.0
1753546979118,16:22:59.118,AERO/USDT:USDT,0.9035,1185.0,0.9034,870.0,0.9036,86.0,0.9037,5344.0
1753546979217,16:22:59.217,AERO/USDT:USDT,0.9035,1185.0,0.9034,870.0,0.9036,86.0,0.9037,5344.0
1753546979418,16:22:59.418,AERO/USDT:USDT,0.9035,1185.0,0.9034,960.0,0.9036,86.0,0.9037,5344.0
1753546980117,16:23:00.117,AERO/USDT:USDT,0.9035,1185.0,0.9034,1070.0,0.9036,86.0,0.9037,5344.0
1753546980219,16:23:00.219,AERO/USDT:USDT,0.9035,1185.0,0.9034,1070.0,0.9036,86.0,0.9037,5344.0
1753546980319,16:23:00.319,AERO/USDT:USDT,0.9035,1075.0,0.9034,780.0,0.9036,86.0,0.9037,5741.0
1753546980417,16:23:00.417,AERO/USDT:USDT,0.9035,496.0,0.9034,780.0,0.9036,86.0,0.9037,5831.0
1753546980522,16:23:00.522,AERO/USDT:USDT,0.9035,386.0,0.9034,780.0,0.9036,86.0,0.9037,5831.0
1753546980817,16:23:00.817,AERO/USDT:USDT,0.9035,386.0,0.9034,780.0,0.9036,86.0,0.9037,5831.0
1753546980919,16:23:00.919,AERO/USDT:USDT,0.9035,386.0,0.9034,780.0,0.9036,86.0,0.9037,5831.0
1753546981118,16:23:01.118,AERO/USDT:USDT,0.9035,380.0,0.9034,592.0,0.9036,176.0,0.9037,5831.0
1753546981219,16:23:01.219,AERO/USDT:USDT,0.9035,380.0,0.9034,592.0,0.9036,266.0,0.9037,5831.0
1753546981317,16:23:01.317,AERO/USDT:USDT,0.9035,380.0,0.9034,592.0,0.9036,86.0,0.9037,5831.0
1753546981417,16:23:01.417,AERO/USDT:USDT,0.9035,380.0,0.9034,592.0,0.9036,86.0,0.9037,5831.0
1753546981717,16:23:01.717,AERO/USDT:USDT,0.9035,380.0,0.9034,592.0,0.9036,176.0,0.9037,5831.0
1753546981817,16:23:01.817,AERO/USDT:USDT,0.9035,370.0,0.9033,775.0,0.9036,1056.0,0.9037,5892.0
1753546981919,16:23:01.919,AERO/USDT:USDT,0.9035,210.0,0.9033,582.0,0.9036,1056.0,0.9037,5892.0
1753546982018,16:23:02.018,AERO/USDT:USDT,0.9035,210.0,0.9033,9.0,0.9036,1056.0,0.9037,5892.0
1753546982118,16:23:02.118,AERO/USDT:USDT,0.903,379.0,0.9029,599.0,0.9031,967.0,0.9032,318.0
1753546982218,16:23:02.218,AERO/USDT:USDT,0.903,209.0,0.9029,599.0,0.9031,6524.0,0.9032,1450.0
1753546982417,16:23:02.417,AERO/USDT:USDT,0.903,209.0,0.9028,835.0,0.9031,6614.0,0.9032,1540.0
1753546982521,16:23:02.521,AERO/USDT:USDT,0.903,209.0,0.9028,835.0,0.9031,6614.0,0.9032,1540.0
1753546982618,16:23:02.618,AERO/USDT:USDT,0.903,209.0,0.9029,599.0,0.9031,6614.0,0.9032,1382.0
1753546982717,16:23:02.717,AERO/USDT:USDT,0.903,209.0,0.9029,599.0,0.9031,6614.0,0.9032,1382.0
1753546982819,16:23:02.819,AERO/USDT:USDT,0.903,209.0,0.9029,599.0,0.9031,6614.0,0.9032,1382.0
1753546982917,16:23:02.917,AERO/USDT:USDT,0.903,209.0,0.9029,599.0,0.9031,5771.0,0.9032,467.0
1753546983020,16:23:03.020,AERO/USDT:USDT,0.9031,1161.0,0.903,942.0,0.9033,395.0,0.9034,301.0
1753546983118,16:23:03.118,AERO/USDT:USDT,0.9033,636.0,0.9032,871.0,0.9036,938.0,0.9037,1124.0
1753546983217,16:23:03.217,AERO/USDT:USDT,0.9033,636.0,0.9032,871.0,0.9036,589.0,0.9037,1304.0
1753546983317,16:23:03.317,AERO/USDT:USDT,0.9033,636.0,0.9032,871.0,0.9036,583.0,0.9037,1304.0
1753546983419,16:23:03.419,AERO/USDT:USDT,0.9033,636.0,0.9032,871.0,0.9036,583.0,0.9037,1214.0
1753546983518,16:23:03.518,AERO/USDT:USDT,0.9033,636.0,0.9032,871.0,0.9036,583.0,0.9037,1304.0
1753546983619,16:23:03.619,AERO/USDT:USDT,0.9033,636.0,0.9032,871.0,0.9036,583.0,0.9037,1304.0
1753546983719,16:23:03.719,AERO/USDT:USDT,0.9033,636.0,0.9032,871.0,0.9036,983.0,0.9037,1304.0
1753546983817,16:23:03.817,AERO/USDT:USDT,0.9033,37.0,0.9032,834.0,0.9036,990.0,0.9037,1304.0
1753546983920,16:23:03.920,AERO/USDT:USDT,0.9033,37.0,0.9032,834.0,0.9035,735.0,0.9036,1378.0
1753546984017,16:23:04.017,AERO/USDT:USDT,0.9033,37.0,0.9032,834.0,0.9035,735.0,0.9036,1378.0
1753546984117,16:23:04.117,AERO/USDT:USDT,0.9032,605.0,0.9031,883.0,0.9035,645.0,0.9036,1439.0
1753546984217,16:23:04.217,AERO/USDT:USDT,0.9032,605.0,0.9031,883.0,0.9035,555.0,0.9036,1439.0
1753546984318,16:23:04.318,AERO/USDT:USDT,0.9032,605.0,0.9031,883.0,0.9035,555.0,0.9036,1439.0
1753546984417,16:23:04.417,AERO/USDT:USDT,0.9032,605.0,0.9031,883.0,0.9035,561.0,0.9036,1439.0
1753546984517,16:23:04.517,AERO/USDT:USDT,0.9032,605.0,0.9031,883.0,0.9035,561.0,0.9036,1439.0
1753546984617,16:23:04.617,AERO/USDT:USDT,0.9032,605.0,0.9031,883.0,0.9035,561.0,0.9036,1439.0
1753546984720,16:23:04.720,AERO/USDT:USDT,0.9032,605.0,0.9031,883.0,0.9035,561.0,0.9036,1439.0
1753546984819,16:23:04.819,AERO/USDT:USDT,0.9032,605.0,0.9031,883.0,0.9035,561.0,0.9036,1439.0
1753546984918,16:23:04.918,AERO/USDT:USDT,0.9032,605.0,0.9031,883.0,0.9034,3875.0,0.9035,625.0
1753546985017,16:23:05.017,AERO/USDT:USDT,0.9032,605.0,0.9031,883.0,0.9034,3875.0,0.9035,625.0
1753546985219,16:23:05.219,AERO/USDT:USDT,0.9032,605.0,0.9031,883.0,0.9034,3881.0,0.9035,619.0
1753546985417,16:23:05.417,AERO/USDT:USDT,0.9032,605.0,0.9031,1063.0,0.9034,3571.0,0.9035,254.0
1753546985519,16:23:05.519,AERO/USDT:USDT,0.9032,605.0,0.9031,1063.0,0.9034,3571.0,0.9035,254.0
1753546985618,16:23:05.618,AERO/USDT:USDT,0.9032,605.0,0.9031,1063.0,0.9034,3571.0,0.9035,254.0
1753546985818,16:23:05.818,AERO/USDT:USDT,0.9032,695.0,0.9031,1063.0,0.9034,3571.0,0.9035,254.0
1753546985919,16:23:05.919,AERO/USDT:USDT,0.9032,695.0,0.9031,1063.0,0.9034,3571.0,0.9035,254.0
1753546986020,16:23:06.020,AERO/USDT:USDT,0.9032,605.0,0.9031,973.0,0.9034,3571.0,0.9035,254.0
1753546986119,16:23:06.119,AERO/USDT:USDT,0.9032,605.0,0.9031,973.0,0.9034,3565.0,0.9035,254.0
1753546986218,16:23:06.218,AERO/USDT:USDT,0.9033,1314.0,0.9032,1286.0,0.9034,3565.0,0.9035,9.0
1753546986320,16:23:06.320,AERO/USDT:USDT,0.9033,1314.0,0.9032,1286.0,0.9034,3565.0,0.9035,9.0
1753546986523,16:23:06.523,AERO/USDT:USDT,0.9033,1314.0,0.9032,1286.0,0.9034,3565.0,0.9035,9.0
1753546986617,16:23:06.617,AERO/USDT:USDT,0.9033,1224.0,0.9032,1286.0,0.9034,3565.0,0.9035,9.0
1753546986727,16:23:06.727,AERO/USDT:USDT,0.9033,1224.0,0.9032,1286.0,0.9034,3565.0,0.9035,9.0
1753546986817,16:23:06.817,AERO/USDT:USDT,0.9033,1224.0,0.9032,1286.0,0.9034,3565.0,0.9035,9.0
1753546986917,16:23:06.917,AERO/USDT:USDT,0.9033,1314.0,0.9032,1286.0,0.9034,3565.0,0.9035,9.0
1753546987119,16:23:07.119,AERO/USDT:USDT,0.9033,1224.0,0.9032,1286.0,0.9034,3565.0,0.9035,9.0
1753546987217,16:23:07.217,AERO/USDT:USDT,0.9033,1134.0,0.9032,1286.0,0.9034,3565.0,0.9035,9.0
1753546987319,16:23:07.319,AERO/USDT:USDT,0.9033,1134.0,0.9032,1286.0,0.9034,3565.0,0.9035,9.0
1753546987417,16:23:07.417,AERO/USDT:USDT,0.9033,1134.0,0.9032,1286.0,0.9034,3565.0,0.9035,9.0
1753546987519,16:23:07.519,AERO/USDT:USDT,0.9033,1134.0,0.9032,1286.0,0.9034,3565.0,0.9035,9.0
1753546987617,16:23:07.617,AERO/USDT:USDT,0.9033,1314.0,0.9032,1286.0,0.9034,3565.0,0.9035,9.0
1753546987717,16:23:07.717,AERO/USDT:USDT,0.9033,1314.0,0.9032,1286.0,0.9034,3565.0,0.9035,9.0
1753546987818,16:23:07.818,AERO/USDT:USDT,0.9033,1314.0,0.9032,1286.0,0.9034,3565.0,0.9035,9.0
1753546987920,16:23:07.920,AERO/USDT:USDT,0.9033,1375.0,0.9032,1370.0,0.9036,93.0,0.9037,326.0
1753546988019,16:23:08.019,AERO/USDT:USDT,0.9033,1375.0,0.9032,1370.0,0.9036,93.0,0.9037,293.0
1753546988117,16:23:08.117,AERO/USDT:USDT,0.9033,1381.0,0.9032,1370.0,0.9036,93.0,0.9037,293.0
1753546988319,16:23:08.319,AERO/USDT:USDT,0.9033,1381.0,0.9032,1347.0,0.9035,7292.0,0.9036,328.0
1753546988419,16:23:08.419,AERO/USDT:USDT,0.9033,1320.0,0.9032,1286.0,0.9035,7292.0,0.9036,328.0
1753546988718,16:23:08.718,AERO/USDT:USDT,0.9033,1320.0,0.9032,1286.0,0.9035,7292.0,0.9036,328.0
1753546988918,16:23:08.918,AERO/USDT:USDT,0.9033,1320.0,0.9032,1286.0,0.9035,7292.0,0.9036,328.0
1753546989018,16:23:09.018,AERO/USDT:USDT,0.9033,1320.0,0.9032,1286.0,0.9035,7292.0,0.9036,328.0
1753546989217,16:23:09.217,AERO/USDT:USDT,0.9033,1320.0,0.9032,1286.0,0.9035,7292.0,0.9036,328.0
1753546989318,16:23:09.318,AERO/USDT:USDT,0.9033,1320.0,0.9032,1286.0,0.9035,7292.0,0.9036,328.0
1753546989417,16:23:09.417,AERO/USDT:USDT,0.9033,1320.0,0.9032,1286.0,0.9035,7292.0,0.9036,328.0
1753546989517,16:23:09.517,AERO/USDT:USDT,0.9033,1320.0,0.9032,1286.0,0.9035,7292.0,0.9036,328.0
1753546989617,16:23:09.617,AERO/USDT:USDT,0.9033,1320.0,0.9032,1286.0,0.9035,7292.0,0.9036,328.0
1753546989718,16:23:09.718,AERO/USDT:USDT,0.9033,1320.0,0.9032,1286.0,0.9035,7292.0,0.9036,328.0
1753546990217,16:23:10.217,AERO/USDT:USDT,0.9034,88.0,0.9033,1329.0,0.9035,7292.0,0.9036,328.0
1753546990318,16:23:10.318,AERO/USDT:USDT,0.9034,88.0,0.9033,1329.0,0.9035,7292.0,0.9036,328.0
1753546990419,16:23:10.419,AERO/USDT:USDT,0.9034,88.0,0.9033,1329.0,0.9035,7292.0,0.9036,328.0
1753546990524,16:23:10.524,AERO/USDT:USDT,0.9034,88.0,0.9033,1329.0,0.9035,7292.0,0.9036,328.0
1753546990919,16:23:10.919,AERO/USDT:USDT,0.9034,765.0,0.9033,1329.0,0.9035,7292.0,0.9036,328.0
1753546991017,16:23:11.017,AERO/USDT:USDT,0.9034,855.0,0.9033,1329.0,0.9035,7292.0,0.9036,93.0
1753546991419,16:23:11.419,AERO/USDT:USDT,0.9034,855.0,0.9033,1323.0,0.9035,7292.0,0.9036,93.0
1753546991717,16:23:11.717,AERO/USDT:USDT,0.9034,855.0,0.9033,1323.0,0.9035,7292.0,0.9036,93.0
1753546991919,16:23:11.919,AERO/USDT:USDT,0.9034,855.0,0.9033,1323.0,0.9035,7292.0,0.9036,93.0
1753546992117,16:23:12.117,AERO/USDT:USDT,0.9034,861.0,0.9033,1323.0,0.9035,7292.0,0.9036,93.0
1753546992218,16:23:12.218,AERO/USDT:USDT,0.9034,861.0,0.9033,1323.0,0.9035,7292.0,0.9036,93.0
1753546992517,16:23:12.517,AERO/USDT:USDT,0.9034,861.0,0.9033,1323.0,0.9035,7292.0,0.9036,93.0
1753546992619,16:23:12.619,AERO/USDT:USDT,0.9034,681.0,0.9033,1323.0,0.9035,7292.0,0.9036,93.0
1753546992717,16:23:12.717,AERO/USDT:USDT,0.9034,771.0,0.9033,1323.0,0.9035,7292.0,0.9036,93.0
1753546992919,16:23:12.919,AERO/USDT:USDT,0.9034,861.0,0.9033,1323.0,0.9035,7292.0,0.9036,93.0
1753546993019,16:23:13.019,AERO/USDT:USDT,0.9034,861.0,0.9033,1323.0,0.9035,7292.0,0.9036,93.0
1753546993418,16:23:13.418,AERO/USDT:USDT,0.9034,861.0,0.9033,1323.0,0.9035,7292.0,0.9036,93.0
1753546993918,16:23:13.918,AERO/USDT:USDT,0.9034,1057.0,0.9033,1323.0,0.9035,7292.0,0.9036,93.0
1753546994021,16:23:14.021,AERO/USDT:USDT,0.9034,1057.0,0.9033,1323.0,0.9035,7292.0,0.9036,93.0
1753546994117,16:23:14.117,AERO/USDT:USDT,0.9034,967.0,0.9033,1323.0,0.9035,7292.0,0.9036,93.0
1753546994219,16:23:14.219,AERO/USDT:USDT,0.9034,1057.0,0.9033,1323.0,0.9035,7292.0,0.9036,93.0
1753546994317,16:23:14.317,AERO/USDT:USDT,0.9034,1057.0,0.9033,1323.0,0.9035,7292.0,0.9036,93.0
1753546994517,16:23:14.517,AERO/USDT:USDT,0.9034,967.0,0.9033,1323.0,0.9035,7292.0,0.9036,93.0
1753546995118,16:23:15.118,AERO/USDT:USDT,0.9034,1057.0,0.9033,1323.0,0.9035,7292.0,0.9036,93.0
1753546995218,16:23:15.218,AERO/USDT:USDT,0.9034,1057.0,0.9033,1323.0,0.9035,7292.0,0.9036,93.0
1753546995417,16:23:15.417,AERO/USDT:USDT,0.9034,967.0,0.9033,1323.0,0.9035,7292.0,0.9036,93.0
1753546995617,16:23:15.617,AERO/USDT:USDT,0.9034,967.0,0.9033,1323.0,0.9035,7292.0,0.9036,93.0
1753546995718,16:23:15.718,AERO/USDT:USDT,0.9034,1057.0,0.9033,1323.0,0.9035,7292.0,0.9036,93.0
1753546996318,16:23:16.318,AERO/USDT:USDT,0.9034,1057.0,0.9033,1323.0,0.9035,7292.0,0.9036,93.0
1753546996419,16:23:16.419,AERO/USDT:USDT,0.9034,967.0,0.9033,1323.0,0.9035,7292.0,0.9036,93.0
1753546996517,16:23:16.517,AERO/USDT:USDT,0.9034,1057.0,0.9033,1323.0,0.9035,7292.0,0.9036,93.0
1753546996618,16:23:16.618,AERO/USDT:USDT,0.9034,94.0,0.9033,843.0,0.9035,7382.0,0.9036,1141.0
1753546996719,16:23:16.719,AERO/USDT:USDT,0.9034,94.0,0.9033,843.0,0.9035,7292.0,0.9036,1141.0
1753546996919,16:23:16.919,AERO/USDT:USDT,0.9034,683.0,0.9033,843.0,0.9035,7292.0,0.9036,351.0
1753546997017,16:23:17.017,AERO/USDT:USDT,0.9034,683.0,0.9033,843.0,0.9035,7292.0,0.9036,351.0
1753546997117,16:23:17.117,AERO/USDT:USDT,0.9034,677.0,0.9033,1129.0,0.9035,7292.0,0.9036,93.0
1753546997217,16:23:17.217,AERO/USDT:USDT,0.9034,677.0,0.9033,1129.0,0.9035,7292.0,0.9036,93.0
1753546997417,16:23:17.417,AERO/USDT:USDT,0.9034,677.0,0.9033,1039.0,0.9035,7292.0,0.9036,93.0
1753546997520,16:23:17.520,AERO/USDT:USDT,0.9034,677.0,0.9033,1039.0,0.9035,7292.0,0.9036,93.0
1753546997620,16:23:17.620,AERO/USDT:USDT,0.9034,677.0,0.9033,1219.0,0.9035,7292.0,0.9036,93.0
1753546997818,16:23:17.818,AERO/USDT:USDT,0.9034,677.0,0.9033,1219.0,0.9035,7292.0,0.9036,93.0
1753546998017,16:23:18.017,AERO/USDT:USDT,0.9034,677.0,0.9033,1219.0,0.9035,7292.0,0.9036,93.0
1753546998117,16:23:18.117,AERO/USDT:USDT,0.9034,677.0,0.9033,1219.0,0.9035,7292.0,0.9036,93.0
1753546998219,16:23:18.219,AERO/USDT:USDT,0.9034,683.0,0.9033,1129.0,0.9035,7292.0,0.9036,93.0
1753546998319,16:23:18.319,AERO/USDT:USDT,0.9034,683.0,0.9033,1219.0,0.9035,7292.0,0.9036,93.0
1753546998820,16:23:18.820,AERO/USDT:USDT,0.9034,683.0,0.9033,1219.0,0.9035,7292.0,0.9036,93.0
1753546998917,16:23:18.917,AERO/USDT:USDT,0.9034,683.0,0.9033,1219.0,0.9035,7292.0,0.9036,93.0
1753546999017,16:23:19.017,AERO/USDT:USDT,0.9034,683.0,0.9033,1219.0,0.9035,7292.0,0.9036,93.0
1753546999117,16:23:19.117,AERO/USDT:USDT,0.9034,857.0,0.9033,1219.0,0.9035,7292.0,0.9036,93.0
1753546999218,16:23:19.218,AERO/USDT:USDT,0.9034,857.0,0.9033,1219.0,0.9035,7292.0,0.9036,93.0
1753546999318,16:23:19.318,AERO/USDT:USDT,0.9034,857.0,0.9033,1219.0,0.9035,7292.0,0.9036,93.0
1753546999619,16:23:19.619,AERO/USDT:USDT,0.9034,767.0,0.9033,1219.0,0.9035,7292.0,0.9036,93.0
1753546999817,16:23:19.817,AERO/USDT:USDT,0.9034,767.0,0.9033,1219.0,0.9035,7292.0,0.9036,93.0
1753546999917,16:23:19.917,AERO/USDT:USDT,0.9034,767.0,0.9033,1219.0,0.9035,7292.0,0.9036,93.0
1753547000117,16:23:20.117,AERO/USDT:USDT,0.9034,773.0,0.9033,1219.0,0.9035,7292.0,0.9036,93.0
1753547000319,16:23:20.319,AERO/USDT:USDT,0.9034,773.0,0.9033,1219.0,0.9035,7292.0,0.9036,93.0
1753547000617,16:23:20.617,AERO/USDT:USDT,0.9034,773.0,0.9033,1219.0,0.9035,7292.0,0.9036,93.0
1753547000717,16:23:20.717,AERO/USDT:USDT,0.9034,773.0,0.9033,1219.0,0.9035,7292.0,0.9036,93.0
1753547000817,16:23:20.817,AERO/USDT:USDT,0.9034,773.0,0.9033,1219.0,0.9035,7292.0,0.9036,93.0
1753547001018,16:23:21.018,AERO/USDT:USDT,0.9034,773.0,0.9033,1219.0,0.9035,7292.0,0.9036,93.0
1753547001317,16:23:21.317,AERO/USDT:USDT,0.9034,820.0,0.9033,1219.0,0.9035,7292.0,0.9036,93.0
1753547001517,16:23:21.517,AERO/USDT:USDT,0.9034,820.0,0.9033,1219.0,0.9035,7292.0,0.9036,93.0
1753547002117,16:23:22.117,AERO/USDT:USDT,0.9034,820.0,0.9033,1219.0,0.9035,7292.0,0.9036,93.0
1753547003119,16:23:23.119,AERO/USDT:USDT,0.9034,730.0,0.9033,1219.0,0.9035,7292.0,0.9036,93.0
1753547003520,16:23:23.520,AERO/USDT:USDT,0.9037,744.0,0.9036,1340.0,0.9038,9.0,0.9039,6.0
1753547003618,16:23:23.618,AERO/USDT:USDT,0.9037,744.0,0.9036,1340.0,0.9038,9.0,0.9039,6.0
1753547003720,16:23:23.720,AERO/USDT:USDT,0.9037,834.0,0.9036,1340.0,0.9038,9.0,0.9039,6.0
1753547003817,16:23:23.817,AERO/USDT:USDT,0.9037,834.0,0.9036,1340.0,0.9038,9.0,0.9039,6.0
1753547004019,16:23:24.019,AERO/USDT:USDT,0.9037,811.0,0.9036,1317.0,0.9038,9.0,0.9039,6.0
1753547004118,16:23:24.118,AERO/USDT:USDT,0.9037,811.0,0.9036,1317.0,0.9038,9.0,0.9039,6.0
1753547004217,16:23:24.217,AERO/USDT:USDT,0.9037,811.0,0.9036,1317.0,0.9038,9.0,0.9039,6.0
1753547004417,16:23:24.417,AERO/USDT:USDT,0.9037,921.0,0.9036,1317.0,0.9038,9.0,0.9039,6.0
1753547004819,16:23:24.819,AERO/USDT:USDT,0.9037,921.0,0.9036,1317.0,0.9038,9.0,0.9039,6.0
1753547005119,16:23:25.119,AERO/USDT:USDT,0.9037,851.0,0.9036,1166.0,0.9038,9.0,0.9039,6.0
1753547005219,16:23:25.219,AERO/USDT:USDT,0.9037,902.0,0.9036,1076.0,0.9038,9.0,0.9039,6.0
1753547005317,16:23:25.317,AERO/USDT:USDT,0.9037,902.0,0.9036,1166.0,0.9038,9.0,0.9039,6.0
1753547005418,16:23:25.418,AERO/USDT:USDT,0.9037,902.0,0.9036,1166.0,0.9038,9.0,0.9039,6.0
1753547005519,16:23:25.519,AERO/USDT:USDT,0.9037,902.0,0.9036,1256.0,0.9038,9.0,0.9039,6.0
1753547005619,16:23:25.619,AERO/USDT:USDT,0.9037,902.0,0.9036,1256.0,0.9038,9.0,0.9039,6.0
1753547005718,16:23:25.718,AERO/USDT:USDT,0.9037,902.0,0.9036,1256.0,0.9038,9.0,0.9039,6.0
1753547005817,16:23:25.817,AERO/USDT:USDT,0.9037,902.0,0.9036,1256.0,0.9038,9.0,0.9039,6.0
1753547006117,16:23:26.117,AERO/USDT:USDT,0.9037,1011.0,0.9036,1256.0,0.9038,9.0,0.9039,6.0
1753547006419,16:23:26.419,AERO/USDT:USDT,0.9037,1011.0,0.9036,1256.0,0.9038,9.0,0.9039,6.0
1753547006719,16:23:26.719,AERO/USDT:USDT,0.9037,1011.0,0.9036,1166.0,0.9038,9.0,0.9039,6.0
1753547006819,16:23:26.819,AERO/USDT:USDT,0.9037,1028.0,0.9036,1076.0,0.9038,9.0,0.9039,6.0
1753547006919,16:23:26.919,AERO/USDT:USDT,0.9037,1028.0,0.9036,1166.0,0.9038,9.0,0.9039,6.0
1753547007117,16:23:27.117,AERO/USDT:USDT,0.9037,1028.0,0.9036,1166.0,0.9038,9.0,0.9039,6.0
1753547007217,16:23:27.217,AERO/USDT:USDT,0.9037,1028.0,0.9036,1076.0,0.9038,9.0,0.9039,6.0
1753547007317,16:23:27.317,AERO/USDT:USDT,0.9037,1028.0,0.9036,1166.0,0.9038,9.0,0.9039,6.0
1753547008018,16:23:28.018,AERO/USDT:USDT,0.9037,1028.0,0.9036,1076.0,0.9038,9.0,0.9039,6.0
1753547008317,16:23:28.317,AERO/USDT:USDT,0.9037,1028.0,0.9036,1076.0,0.9038,9.0,0.9039,6.0
1753547008419,16:23:28.419,AERO/USDT:USDT,0.9037,1028.0,0.9036,1076.0,0.9038,9.0,0.9039,6.0
1753547008521,16:23:28.521,AERO/USDT:USDT,0.9037,1028.0,0.9036,1076.0,0.9038,9.0,0.9039,6.0
1753547008717,16:23:28.717,AERO/USDT:USDT,0.9037,1028.0,0.9036,1076.0,0.9038,9.0,0.9039,6.0
1753547008919,16:23:28.919,AERO/USDT:USDT,0.9037,1028.0,0.9036,1076.0,0.9038,9.0,0.9039,6.0
1753547009118,16:23:29.118,AERO/USDT:USDT,0.9037,1028.0,0.9036,1076.0,0.9038,9.0,0.9039,6.0
1753547009317,16:23:29.317,AERO/USDT:USDT,0.9037,439.0,0.9036,1076.0,0.9038,156.0,0.9039,370.0
1753547009517,16:23:29.517,AERO/USDT:USDT,0.9037,68.0,0.9036,598.0,0.9038,269.0,0.9039,977.0
1753547009617,16:23:29.617,AERO/USDT:USDT,0.9037,68.0,0.9036,598.0,0.9038,179.0,0.9039,1067.0
1753547010318,16:23:30.318,AERO/USDT:USDT,0.9037,68.0,0.9036,598.0,0.9038,179.0,0.9039,1067.0
1753547010418,16:23:30.418,AERO/USDT:USDT,0.9037,68.0,0.9036,598.0,0.9038,179.0,0.9039,1067.0
1753547010519,16:23:30.519,AERO/USDT:USDT,0.9037,68.0,0.9036,598.0,0.9038,179.0,0.9039,1067.0
1753547010617,16:23:30.617,AERO/USDT:USDT,0.9037,158.0,0.9036,598.0,0.9038,179.0,0.9039,1067.0
1753547010717,16:23:30.717,AERO/USDT:USDT,0.9037,158.0,0.9036,598.0,0.9038,179.0,0.9039,492.0
1753547010817,16:23:30.817,AERO/USDT:USDT,0.9037,158.0,0.9036,598.0,0.9038,179.0,0.9039,492.0
1753547010920,16:23:30.920,AERO/USDT:USDT,0.9037,733.0,0.9036,598.0,0.9038,9.0,0.9039,379.0
1753547011017,16:23:31.017,AERO/USDT:USDT,0.9037,733.0,0.9036,598.0,0.9038,9.0,0.9039,379.0
1753547011119,16:23:31.119,AERO/USDT:USDT,0.9037,733.0,0.9036,598.0,0.9038,9.0,0.9039,379.0
1753547011219,16:23:31.219,AERO/USDT:USDT,0.9037,733.0,0.9036,598.0,0.9038,9.0,0.9039,289.0
1753547011319,16:23:31.319,AERO/USDT:USDT,0.9037,733.0,0.9036,598.0,0.9038,9.0,0.9039,289.0
1753547011417,16:23:31.417,AERO/USDT:USDT,0.9037,733.0,0.9036,598.0,0.9038,9.0,0.9039,289.0
1753547011520,16:23:31.520,AERO/USDT:USDT,0.9037,733.0,0.9036,598.0,0.9038,9.0,0.9039,289.0
1753547011919,16:23:31.919,AERO/USDT:USDT,0.9037,733.0,0.9036,598.0,0.9038,9.0,0.9039,289.0
1753547012018,16:23:32.018,AERO/USDT:USDT,0.9037,733.0,0.9036,598.0,0.9038,9.0,0.9039,289.0
1753547013019,16:23:33.019,AERO/USDT:USDT,0.9037,733.0,0.9036,598.0,0.9038,9.0,0.9039,289.0
1753547013217,16:23:33.217,AERO/USDT:USDT,0.9037,733.0,0.9036,598.0,0.9038,9.0,0.9039,289.0
1753547013317,16:23:33.317,AERO/USDT:USDT,0.9037,733.0,0.9036,598.0,0.9038,9.0,0.9039,289.0
1753547013418,16:23:33.418,AERO/USDT:USDT,0.9037,733.0,0.9036,598.0,0.9038,9.0,0.9039,379.0
1753547013518,16:23:33.518,AERO/USDT:USDT,0.9037,733.0,0.9036,598.0,0.9038,9.0,0.9039,469.0
1753547013617,16:23:33.617,AERO/USDT:USDT,0.9037,733.0,0.9036,598.0,0.9038,9.0,0.9039,469.0
1753547014118,16:23:34.118,AERO/USDT:USDT,0.9037,733.0,0.9036,598.0,0.9038,9.0,0.9039,469.0
1753547014217,16:23:34.217,AERO/USDT:USDT,0.9037,733.0,0.9036,598.0,0.9038,9.0,0.9039,379.0
1753547014318,16:23:34.318,AERO/USDT:USDT,0.9037,158.0,0.9036,598.0,0.9038,9.0,0.9039,1044.0
1753547014417,16:23:34.417,AERO/USDT:USDT,0.9037,158.0,0.9036,598.0,0.9038,9.0,0.9039,1044.0
1753547014521,16:23:34.521,AERO/USDT:USDT,0.9037,158.0,0.9036,598.0,0.9038,9.0,0.9039,1044.0
1753547014618,16:23:34.618,AERO/USDT:USDT,0.9037,158.0,0.9036,598.0,0.9038,9.0,0.9039,1044.0
1753547014719,16:23:34.719,AERO/USDT:USDT,0.9037,158.0,0.9036,598.0,0.9038,9.0,0.9039,469.0
1753547015218,16:23:35.218,AERO/USDT:USDT,0.9037,158.0,0.9036,598.0,0.9038,9.0,0.9039,469.0
1753547015318,16:23:35.318,AERO/USDT:USDT,0.9037,158.0,0.9036,598.0,0.9038,9.0,0.9039,469.0
1753547015419,16:23:35.419,AERO/USDT:USDT,0.9037,158.0,0.9036,598.0,0.9038,9.0,0.9039,469.0
1753547015517,16:23:35.517,AERO/USDT:USDT,0.9037,158.0,0.9036,598.0,0.9038,9.0,0.9039,469.0
1753547015617,16:23:35.617,AERO/USDT:USDT,0.9037,158.0,0.9036,598.0,0.9038,9.0,0.9039,469.0
1753547015719,16:23:35.719,AERO/USDT:USDT,0.9037,158.0,0.9036,598.0,0.9038,9.0,0.9039,469.0
1753547016118,16:23:36.118,AERO/USDT:USDT,0.9037,158.0,0.9036,598.0,0.9038,15.0,0.9039,469.0
1753547016219,16:23:36.219,AERO/USDT:USDT,0.9037,158.0,0.9036,598.0,0.9038,15.0,0.9039,469.0
1753547016319,16:23:36.319,AERO/USDT:USDT,0.9037,158.0,0.9036,598.0,0.9038,15.0,0.9039,469.0
1753547016419,16:23:36.419,AERO/USDT:USDT,0.9037,158.0,0.9036,598.0,0.9038,15.0,0.9039,469.0
1753547016525,16:23:36.525,AERO/USDT:USDT,0.9037,158.0,0.9036,598.0,0.9038,15.0,0.9039,289.0
1753547016617,16:23:36.617,AERO/USDT:USDT,0.9037,158.0,0.9036,598.0,0.9038,15.0,0.9039,289.0
1753547016717,16:23:36.717,AERO/USDT:USDT,0.9037,158.0,0.9036,598.0,0.9038,15.0,0.9039,289.0
1753547017217,16:23:37.217,AERO/USDT:USDT,0.9037,158.0,0.9036,9.0,0.9038,413.0,0.9039,1435.0
1753547017319,16:23:37.319,AERO/USDT:USDT,0.9037,158.0,0.9036,591.0,0.9038,300.0,0.9039,1232.0
1753547017517,16:23:37.517,AERO/USDT:USDT,0.9037,158.0,0.9036,591.0,0.9038,300.0,0.9039,350.0
1753547017717,16:23:37.717,AERO/USDT:USDT,0.9037,158.0,0.9036,591.0,0.9038,300.0,0.9039,350.0
1753547017818,16:23:37.818,AERO/USDT:USDT,0.9037,158.0,0.9036,591.0,0.9038,300.0,0.9039,530.0
1753547017917,16:23:37.917,AERO/USDT:USDT,0.9037,158.0,0.9036,591.0,0.9038,300.0,0.9039,350.0
1753547018017,16:23:38.017,AERO/USDT:USDT,0.9037,158.0,0.9036,591.0,0.9038,300.0,0.9039,350.0
1753547018818,16:23:38.818,AERO/USDT:USDT,0.9037,158.0,0.9036,591.0,0.9038,300.0,0.9039,440.0
1753547018918,16:23:38.918,AERO/USDT:USDT,0.9037,158.0,0.9036,591.0,0.9038,300.0,0.9039,440.0
1753547019020,16:23:39.020,AERO/USDT:USDT,0.9037,158.0,0.9036,591.0,0.9038,300.0,0.9039,530.0
1753547019118,16:23:39.118,AERO/USDT:USDT,0.9037,158.0,0.9036,591.0,0.9038,300.0,0.9039,530.0
1753547019217,16:23:39.217,AERO/USDT:USDT,0.9037,158.0,0.9036,591.0,0.9038,300.0,0.9039,440.0
1753547019319,16:23:39.319,AERO/USDT:USDT,0.9037,158.0,0.9036,591.0,0.9038,300.0,0.9039,440.0
1753547019718,16:23:39.718,AERO/USDT:USDT,0.9037,158.0,0.9036,591.0,0.9038,300.0,0.9039,440.0
1753547020021,16:23:40.021,AERO/USDT:USDT,0.9037,158.0,0.9036,591.0,0.9038,300.0,0.9039,440.0
1753547020120,16:23:40.120,AERO/USDT:USDT,0.9037,740.0,0.9036,591.0,0.9038,15.0,0.9039,289.0
1753547020219,16:23:40.219,AERO/USDT:USDT,0.9037,740.0,0.9036,681.0,0.9038,15.0,0.9039,289.0
1753547020317,16:23:40.317,AERO/USDT:USDT,0.9037,740.0,0.9036,681.0,0.9038,15.0,0.9039,289.0
1753547020520,16:23:40.520,AERO/USDT:USDT,0.9037,740.0,0.9036,850.0,0.9038,15.0,0.9039,289.0
1753547020619,16:23:40.619,AERO/USDT:USDT,0.9037,740.0,0.9036,760.0,0.9038,15.0,0.9039,289.0
1753547020717,16:23:40.717,AERO/USDT:USDT,0.9037,740.0,0.9036,760.0,0.9038,15.0,0.9039,15.0
1753547020819,16:23:40.819,AERO/USDT:USDT,0.9037,740.0,0.9036,760.0,0.9038,15.0,0.9039,15.0
1753547020919,16:23:40.919,AERO/USDT:USDT,0.9037,740.0,0.9036,760.0,0.9038,15.0,0.9039,15.0
1753547021019,16:23:41.019,AERO/USDT:USDT,0.9037,740.0,0.9036,850.0,0.9038,15.0,0.9039,15.0
1753547021119,16:23:41.119,AERO/USDT:USDT,0.9037,740.0,0.9036,850.0,0.9038,9.0,0.9039,15.0
1753547021719,16:23:41.719,AERO/USDT:USDT,0.9037,740.0,0.9036,850.0,0.9038,9.0,0.9039,15.0
1753547022819,16:23:42.819,AERO/USDT:USDT,0.9037,740.0,0.9036,850.0,0.9038,9.0,0.9039,15.0
1753547023117,16:23:43.117,AERO/USDT:USDT,0.9037,740.0,0.9036,940.0,0.9038,9.0,0.9039,15.0
1753547023217,16:23:43.217,AERO/USDT:USDT,0.9037,740.0,0.9036,940.0,0.9038,9.0,0.9039,15.0
1753547023317,16:23:43.317,AERO/USDT:USDT,0.9037,740.0,0.9036,850.0,0.9038,9.0,0.9039,15.0
1753547023417,16:23:43.417,AERO/USDT:USDT,0.9037,740.0,0.9036,850.0,0.9038,9.0,0.9039,15.0
1753547023819,16:23:43.819,AERO/USDT:USDT,0.9037,740.0,0.9036,940.0,0.9038,9.0,0.9039,15.0
1753547023917,16:23:43.917,AERO/USDT:USDT,0.9037,740.0,0.9036,940.0,0.9038,9.0,0.9039,15.0
1753547024020,16:23:44.020,AERO/USDT:USDT,0.9037,740.0,0.9036,940.0,0.9038,9.0,0.9039,15.0
1753547024418,16:23:44.418,AERO/USDT:USDT,0.9037,740.0,0.9036,940.0,0.9038,9.0,0.9039,15.0
1753547024520,16:23:44.520,AERO/USDT:USDT,0.9037,740.0,0.9036,940.0,0.9038,9.0,0.9039,15.0
1753547024617,16:23:44.617,AERO/USDT:USDT,0.9037,740.0,0.9036,760.0,0.9038,9.0,0.9039,15.0
1753547024718,16:23:44.718,AERO/USDT:USDT,0.9037,740.0,0.9036,760.0,0.9038,9.0,0.9039,15.0
1753547024818,16:23:44.818,AERO/USDT:USDT,0.9037,740.0,0.9036,760.0,0.9038,9.0,0.9039,15.0
1753547024919,16:23:44.919,AERO/USDT:USDT,0.9037,158.0,0.9036,760.0,0.9038,156.0,0.9039,195.0
1753547025020,16:23:45.020,AERO/USDT:USDT,0.9037,158.0,0.9036,760.0,0.9038,156.0,0.9039,195.0
1753547025117,16:23:45.117,AERO/USDT:USDT,0.9037,158.0,0.9036,760.0,0.9038,156.0,0.9039,195.0
1753547025418,16:23:45.418,AERO/USDT:USDT,0.9037,158.0,0.9036,760.0,0.9038,156.0,0.9039,105.0
1753547025517,16:23:45.517,AERO/USDT:USDT,0.9037,158.0,0.9036,760.0,0.9038,156.0,0.9039,105.0
1753547025919,16:23:45.919,AERO/USDT:USDT,0.9037,740.0,0.9036,850.0,0.9038,156.0,0.9039,15.0
1753547026017,16:23:46.017,AERO/USDT:USDT,0.9037,740.0,0.9036,850.0,0.9038,156.0,0.9039,15.0
1753547026119,16:23:46.119,AERO/USDT:USDT,0.9037,740.0,0.9036,760.0,0.9038,573.0,0.9039,15.0
1753547026218,16:23:46.218,AERO/USDT:USDT,0.9037,740.0,0.9036,760.0,0.9038,573.0,0.9039,15.0
1753547026317,16:23:46.317,AERO/USDT:USDT,0.9037,740.0,0.9036,760.0,0.9038,573.0,0.9039,15.0
1753547026417,16:23:46.417,AERO/USDT:USDT,0.9037,740.0,0.9036,760.0,0.9038,573.0,0.9039,15.0
1753547026519,16:23:46.519,AERO/USDT:USDT,0.9037,740.0,0.9036,760.0,0.9038,573.0,0.9039,15.0
1753547026620,16:23:46.620,AERO/USDT:USDT,0.9037,740.0,0.9036,760.0,0.9038,573.0,0.9039,15.0
1753547026917,16:23:46.917,AERO/USDT:USDT,0.9037,740.0,0.9036,760.0,0.9038,573.0,0.9039,15.0
1753547027017,16:23:47.017,AERO/USDT:USDT,0.9037,740.0,0.9036,760.0,0.9038,573.0,0.9039,15.0
1753547027418,16:23:47.418,AERO/USDT:USDT,0.9037,740.0,0.9036,760.0,0.9038,573.0,0.9039,15.0
1753547027518,16:23:47.518,AERO/USDT:USDT,0.9037,740.0,0.9036,760.0,0.9038,573.0,0.9039,15.0
1753547027619,16:23:47.619,AERO/USDT:USDT,0.9037,740.0,0.9036,760.0,0.9038,573.0,0.9039,15.0
1753547027919,16:23:47.919,AERO/USDT:USDT,0.9037,740.0,0.9036,760.0,0.9038,573.0,0.9039,15.0
1753547028019,16:23:48.019,AERO/USDT:USDT,0.9037,740.0,0.9036,760.0,0.9038,573.0,0.9039,15.0
1753547028117,16:23:48.117,AERO/USDT:USDT,0.9037,740.0,0.9036,760.0,0.9038,573.0,0.9039,15.0
1753547028218,16:23:48.218,AERO/USDT:USDT,0.9037,740.0,0.9036,760.0,0.9038,573.0,0.9039,15.0
1753547028317,16:23:48.317,AERO/USDT:USDT,0.9037,740.0,0.9036,760.0,0.9038,573.0,0.9039,15.0
1753547028517,16:23:48.517,AERO/USDT:USDT,0.9037,740.0,0.9036,760.0,0.9038,573.0,0.9039,15.0
1753547028619,16:23:48.619,AERO/USDT:USDT,0.9037,740.0,0.9036,760.0,0.9038,573.0,0.9039,15.0
1753547028717,16:23:48.717,AERO/USDT:USDT,0.9037,740.0,0.9036,760.0,0.9038,573.0,0.9039,15.0
1753547029317,16:23:49.317,AERO/USDT:USDT,0.9037,740.0,0.9036,760.0,0.9038,573.0,0.9039,105.0
1753547029419,16:23:49.419,AERO/USDT:USDT,0.9037,740.0,0.9036,760.0,0.9038,573.0,0.9039,195.0
1753547029517,16:23:49.517,AERO/USDT:USDT,0.9037,740.0,0.9036,760.0,0.9038,573.0,0.9039,195.0
1753547029619,16:23:49.619,AERO/USDT:USDT,0.9037,740.0,0.9036,760.0,0.9038,573.0,0.9039,195.0
1753547030117,16:23:50.117,AERO/USDT:USDT,0.9037,740.0,0.9036,760.0,0.9038,573.0,0.9039,195.0
1753547030317,16:23:50.317,AERO/USDT:USDT,0.9037,851.0,0.9036,760.0,0.9038,573.0,0.9039,195.0
1753547030418,16:23:50.418,AERO/USDT:USDT,0.9037,851.0,0.9036,760.0,0.9038,573.0,0.9039,105.0
1753547030517,16:23:50.517,AERO/USDT:USDT,0.9037,851.0,0.9036,760.0,0.9038,573.0,0.9039,105.0
1753547030718,16:23:50.718,AERO/USDT:USDT,0.9037,851.0,0.9036,850.0,0.9038,573.0,0.9039,15.0
1753547031219,16:23:51.219,AERO/USDT:USDT,0.9037,851.0,0.9036,760.0,0.9038,573.0,0.9039,15.0
1753547031318,16:23:51.318,AERO/USDT:USDT,0.9037,269.0,0.9036,760.0,0.9038,573.0,0.9039,218.0
1753547031819,16:23:51.819,AERO/USDT:USDT,0.9037,269.0,0.9036,760.0,0.9038,573.0,0.9039,15.0
1753547032619,16:23:52.619,AERO/USDT:USDT,0.9037,269.0,0.9036,760.0,0.9038,573.0,0.9039,195.0
1753547032919,16:23:52.919,AERO/USDT:USDT,0.9037,844.0,0.9036,760.0,0.9038,573.0,0.9039,15.0
1753547033017,16:23:53.017,AERO/USDT:USDT,0.9037,844.0,0.9036,760.0,0.9038,573.0,0.9039,15.0
1753547033118,16:23:53.118,AERO/USDT:USDT,0.9037,844.0,0.9036,760.0,0.9038,573.0,0.9039,15.0
1753547033317,16:23:53.317,AERO/USDT:USDT,0.9037,844.0,0.9036,760.0,0.9038,573.0,0.9039,15.0
1753547033419,16:23:53.419,AERO/USDT:USDT,0.9037,844.0,0.9036,760.0,0.9038,573.0,0.9039,105.0
1753547033519,16:23:53.519,AERO/USDT:USDT,0.9037,844.0,0.9036,760.0,0.9038,573.0,0.9039,15.0
1753547033920,16:23:53.920,AERO/USDT:USDT,0.9037,268.0,0.9036,760.0,0.9038,573.0,0.9039,105.0
1753547034019,16:23:54.019,AERO/USDT:USDT,0.9037,268.0,0.9036,760.0,0.9038,573.0,0.9039,15.0
1753547034217,16:23:54.217,AERO/USDT:USDT,0.9037,268.0,0.9036,850.0,0.9038,573.0,0.9039,15.0
1753547034517,16:23:54.517,AERO/USDT:USDT,0.9037,268.0,0.9036,850.0,0.9038,573.0,0.9039,15.0
1753547034618,16:23:54.618,AERO/USDT:USDT,0.9037,268.0,0.9036,850.0,0.9038,573.0,0.9039,15.0
1753547034719,16:23:54.719,AERO/USDT:USDT,0.9037,268.0,0.9036,850.0,0.9038,573.0,0.9039,15.0
1753547034817,16:23:54.817,AERO/USDT:USDT,0.9037,268.0,0.9036,760.0,0.9038,573.0,0.9039,15.0
1753547035018,16:23:55.018,AERO/USDT:USDT,0.9037,268.0,0.9036,850.0,0.9038,573.0,0.9039,15.0
1753547035118,16:23:55.118,AERO/USDT:USDT,0.9037,268.0,0.9036,760.0,0.9038,573.0,0.9039,15.0
1753547035317,16:23:55.317,AERO/USDT:USDT,0.9037,268.0,0.9036,850.0,0.9038,573.0,0.9039,15.0
1753547035420,16:23:55.420,AERO/USDT:USDT,0.9037,268.0,0.9036,850.0,0.9038,573.0,0.9039,15.0
1753547035517,16:23:55.517,AERO/USDT:USDT,0.9037,268.0,0.9036,760.0,0.9038,573.0,0.9039,15.0
1753547036019,16:23:56.019,AERO/USDT:USDT,0.9037,268.0,0.9036,760.0,0.9038,573.0,0.9039,15.0
1753547036118,16:23:56.118,AERO/USDT:USDT,0.9037,268.0,0.9036,850.0,0.9038,573.0,0.9039,15.0
1753547036419,16:23:56.419,AERO/USDT:USDT,0.9037,268.0,0.9036,850.0,0.9038,573.0,0.9039,15.0
1753547036520,16:23:56.520,AERO/USDT:USDT,0.9037,268.0,0.9036,850.0,0.9038,573.0,0.9039,15.0
1753547036918,16:23:56.918,AERO/USDT:USDT,0.9037,267.0,0.9036,850.0,0.9038,573.0,0.9039,15.0
1753547037618,16:23:57.618,AERO/USDT:USDT,0.9037,267.0,0.9036,850.0,0.9038,573.0,0.9039,15.0
1753547038017,16:23:58.017,AERO/USDT:USDT,0.9037,267.0,0.9036,850.0,0.9038,573.0,0.9039,15.0
1753547038120,16:23:58.120,AERO/USDT:USDT,0.9037,267.0,0.9036,850.0,0.9038,573.0,0.9039,15.0
1753547038526,16:23:58.526,AERO/USDT:USDT,0.9037,267.0,0.9036,850.0,0.9038,573.0,0.9039,15.0
1753547039119,16:23:59.119,AERO/USDT:USDT,0.9037,267.0,0.9036,760.0,0.9038,573.0,0.9039,15.0
1753547039418,16:23:59.418,AERO/USDT:USDT,0.9037,267.0,0.9036,850.0,0.9038,573.0,0.9039,15.0
1753547039619,16:23:59.619,AERO/USDT:USDT,0.9037,267.0,0.9036,850.0,0.9038,573.0,0.9039,15.0
1753547039719,16:23:59.719,AERO/USDT:USDT,0.9037,267.0,0.9036,850.0,0.9038,573.0,0.9039,15.0
1753547039919,16:23:59.919,AERO/USDT:USDT,0.9037,267.0,0.9036,850.0,0.9038,573.0,0.9039,15.0
1753547040120,16:24:00.120,AERO/USDT:USDT,0.9037,267.0,0.9036,850.0,0.9038,573.0,0.9039,15.0
1753547040218,16:24:00.218,AERO/USDT:USDT,0.9037,267.0,0.9036,850.0,0.9038,579.0,0.9039,15.0
1753547040317,16:24:00.317,AERO/USDT:USDT,0.9037,839.0,0.9036,940.0,0.9038,579.0,0.9039,15.0
1753547040419,16:24:00.419,AERO/USDT:USDT,0.9037,839.0,0.9036,940.0,0.9038,579.0,0.9039,33.0
1753547040526,16:24:00.526,AERO/USDT:USDT,0.9037,839.0,0.9036,940.0,0.9038,579.0,0.9039,33.0
1753547040619,16:24:00.619,AERO/USDT:USDT,0.9037,839.0,0.9036,940.0,0.9038,579.0,0.9039,455.0
1753547040717,16:24:00.717,AERO/USDT:USDT,0.9037,839.0,0.9036,850.0,0.9038,579.0,0.9039,455.0
1753547041219,16:24:01.219,AERO/USDT:USDT,0.9037,839.0,0.9036,850.0,0.9038,573.0,0.9039,455.0
1753547041519,16:24:01.519,AERO/USDT:USDT,0.9037,839.0,0.9036,940.0,0.9038,573.0,0.9039,455.0
1753547042819,16:24:02.819,AERO/USDT:USDT,0.9037,839.0,0.9036,850.0,0.9038,573.0,0.9039,455.0
1753547042919,16:24:02.919,AERO/USDT:USDT,0.9037,839.0,0.9036,940.0,0.9038,573.0,0.9039,455.0
1753547043118,16:24:03.118,AERO/USDT:USDT,0.9037,839.0,0.9036,850.0,0.9038,573.0,0.9039,455.0
1753547043317,16:24:03.317,AERO/USDT:USDT,0.9037,839.0,0.9036,940.0,0.9038,426.0,0.9039,455.0
1753547043419,16:24:03.419,AERO/USDT:USDT,0.9037,839.0,0.9036,940.0,0.9038,426.0,0.9039,455.0
1753547043517,16:24:03.517,AERO/USDT:USDT,0.9037,839.0,0.9036,940.0,0.9038,426.0,0.9039,455.0
1753547043618,16:24:03.618,AERO/USDT:USDT,0.9037,839.0,0.9036,940.0,0.9038,426.0,0.9039,455.0
1753547044017,16:24:04.017,AERO/USDT:USDT,0.9037,839.0,0.9036,940.0,0.9038,426.0,0.9039,455.0
1753547044117,16:24:04.117,AERO/USDT:USDT,0.9037,839.0,0.9036,940.0,0.9038,426.0,0.9039,455.0
1753547044217,16:24:04.217,AERO/USDT:USDT,0.9037,929.0,0.9036,940.0,0.9038,426.0,0.9039,455.0
1753547044317,16:24:04.317,AERO/USDT:USDT,0.9037,1019.0,0.9036,940.0,0.9038,426.0,0.9039,455.0
1753547044418,16:24:04.418,AERO/USDT:USDT,0.9037,1019.0,0.9036,940.0,0.9038,426.0,0.9039,455.0
1753547044517,16:24:04.517,AERO/USDT:USDT,0.9037,839.0,0.9036,940.0,0.9038,426.0,0.9039,455.0
1753547045819,16:24:05.819,AERO/USDT:USDT,0.9037,839.0,0.9036,940.0,0.9038,426.0,0.9039,455.0
1753547045920,16:24:05.920,AERO/USDT:USDT,0.9037,839.0,0.9036,940.0,0.9038,426.0,0.9039,455.0
1753547046019,16:24:06.019,AERO/USDT:USDT,0.9037,839.0,0.9036,940.0,0.9038,426.0,0.9039,455.0
1753547046118,16:24:06.118,AERO/USDT:USDT,0.9037,839.0,0.9036,940.0,0.9038,426.0,0.9039,455.0
1753547046521,16:24:06.521,AERO/USDT:USDT,0.9037,839.0,0.9036,940.0,0.9038,426.0,0.9039,455.0
1753547046719,16:24:06.719,AERO/USDT:USDT,0.9037,839.0,0.9036,940.0,0.9038,426.0,0.9039,455.0
1753547046818,16:24:06.818,AERO/USDT:USDT,0.9037,839.0,0.9036,940.0,0.9038,426.0,0.9039,455.0
1753547047018,16:24:07.018,AERO/USDT:USDT,0.9037,839.0,0.9036,940.0,0.9038,426.0,0.9039,455.0
1753547047317,16:24:07.317,AERO/USDT:USDT,0.9037,839.0,0.9036,940.0,0.9038,426.0,0.9039,455.0
1753547047417,16:24:07.417,AERO/USDT:USDT,0.9037,839.0,0.9036,940.0,0.9038,426.0,0.9039,455.0
1753547047819,16:24:07.819,AERO/USDT:USDT,0.9037,839.0,0.9036,940.0,0.9038,426.0,0.9039,455.0
1753547047917,16:24:07.917,AERO/USDT:USDT,0.9037,839.0,0.9036,940.0,0.9038,426.0,0.9039,455.0
1753547048218,16:24:08.218,AERO/USDT:USDT,0.9037,839.0,0.9036,940.0,0.9038,426.0,0.9039,455.0
1753547048319,16:24:08.319,AERO/USDT:USDT,0.9037,839.0,0.9036,940.0,0.9038,426.0,0.9039,455.0
1753547048417,16:24:08.417,AERO/USDT:USDT,0.9037,839.0,0.9036,760.0,0.9038,426.0,0.9039,455.0
1753547048525,16:24:08.525,AERO/USDT:USDT,0.9037,839.0,0.9036,850.0,0.9038,426.0,0.9039,455.0
1753547048619,16:24:08.619,AERO/USDT:USDT,0.9037,839.0,0.9036,940.0,0.9038,426.0,0.9039,455.0
1753547049017,16:24:09.017,AERO/USDT:USDT,0.9037,839.0,0.9036,940.0,0.9038,426.0,0.9039,455.0
1753547049220,16:24:09.220,AERO/USDT:USDT,0.9037,839.0,0.9036,940.0,0.9038,426.0,0.9039,455.0
1753547049319,16:24:09.319,AERO/USDT:USDT,0.9037,839.0,0.9036,940.0,0.9038,9.0,0.9039,33.0
1753547049719,16:24:09.719,AERO/USDT:USDT,0.9037,839.0,0.9036,940.0,0.9038,9.0,0.9039,33.0
1753547049918,16:24:09.918,AERO/USDT:USDT,0.9037,839.0,0.9036,940.0,0.9038,9.0,0.9039,33.0
1753547050017,16:24:10.017,AERO/USDT:USDT,0.9037,839.0,0.9036,940.0,0.9038,9.0,0.9039,33.0
1753547050119,16:24:10.119,AERO/USDT:USDT,0.9037,839.0,0.9036,940.0,0.9038,9.0,0.9039,33.0
1753547050417,16:24:10.417,AERO/USDT:USDT,0.9037,839.0,0.9036,940.0,0.9038,9.0,0.9039,33.0
1753547050517,16:24:10.517,AERO/USDT:USDT,0.9037,949.0,0.9036,940.0,0.9038,9.0,0.9039,33.0
1753547050718,16:24:10.718,AERO/USDT:USDT,0.9037,1058.0,0.9036,1493.0,0.9038,9.0,0.9039,33.0
1753547050917,16:24:10.917,AERO/USDT:USDT,0.9037,1058.0,0.9036,1493.0,0.9038,9.0,0.9039,33.0
1753547051017,16:24:11.017,AERO/USDT:USDT,0.9037,1058.0,0.9036,1493.0,0.9038,9.0,0.9039,33.0
1753547051117,16:24:11.117,AERO/USDT:USDT,0.9037,1064.0,0.9036,1493.0,0.9038,9.0,0.9039,33.0
1753547051419,16:24:11.419,AERO/USDT:USDT,0.9037,1487.0,0.9036,1493.0,0.9038,9.0,0.9039,33.0
1753547051518,16:24:11.518,AERO/USDT:USDT,0.9037,1816.0,0.9036,1493.0,0.9038,9.0,0.9039,33.0
1753547051617,16:24:11.617,AERO/USDT:USDT,0.9037,1816.0,0.9036,1493.0,0.9038,9.0,0.9039,33.0
1753547051719,16:24:11.719,AERO/USDT:USDT,0.9037,1906.0,0.9036,1493.0,0.9038,9.0,0.9039,33.0
1753547051819,16:24:11.819,AERO/USDT:USDT,0.904,586.0,0.9039,676.0,0.9041,568.0,0.9042,270.0
1753547052019,16:24:12.019,AERO/USDT:USDT,0.904,586.0,0.9039,783.0,0.9041,568.0,0.9042,270.0
1753547052119,16:24:12.119,AERO/USDT:USDT,0.904,586.0,0.9039,783.0,0.9041,568.0,0.9042,270.0
1753547052218,16:24:12.218,AERO/USDT:USDT,0.904,586.0,0.9039,873.0,0.9041,261.0,0.9042,270.0
1753547052317,16:24:12.317,AERO/USDT:USDT,0.904,586.0,0.9039,873.0,0.9041,261.0,0.9042,270.0
1753547052420,16:24:12.420,AERO/USDT:USDT,0.904,586.0,0.9039,783.0,0.9041,261.0,0.9042,270.0
1753547052518,16:24:12.518,AERO/USDT:USDT,0.904,586.0,0.9039,783.0,0.9041,261.0,0.9042,270.0
1753547052619,16:24:12.619,AERO/USDT:USDT,0.904,586.0,0.9039,783.0,0.9041,261.0,0.9042,270.0
1753547052718,16:24:12.718,AERO/USDT:USDT,0.904,586.0,0.9039,783.0,0.9041,261.0,0.9042,270.0
1753547052818,16:24:12.818,AERO/USDT:USDT,0.904,586.0,0.9039,783.0,0.9041,261.0,0.9042,270.0
1753547053217,16:24:13.217,AERO/USDT:USDT,0.904,586.0,0.9039,783.0,0.9041,261.0,0.9042,270.0
1753547053318,16:24:13.318,AERO/USDT:USDT,0.9039,783.0,0.9038,647.0,0.9041,261.0,0.9042,270.0
1753547053619,16:24:13.619,AERO/USDT:USDT,0.9039,783.0,0.9038,827.0,0.9041,261.0,0.9042,270.0
1753547053719,16:24:13.719,AERO/USDT:USDT,0.9039,783.0,0.9038,827.0,0.9041,261.0,0.9042,270.0
1753547053817,16:24:13.817,AERO/USDT:USDT,0.9039,783.0,0.9038,827.0,0.9041,261.0,0.9042,270.0
1753547053919,16:24:13.919,AERO/USDT:USDT,0.9038,676.0,0.9037,1022.0,0.9041,5794.0,0.9042,946.0
1753547054017,16:24:14.017,AERO/USDT:USDT,0.9038,676.0,0.9037,1022.0,0.9041,5794.0,0.9042,946.0
1753547054117,16:24:14.117,AERO/USDT:USDT,0.9038,586.0,0.9037,1022.0,0.9041,5800.0,0.9042,946.0
1753547054219,16:24:14.219,AERO/USDT:USDT,0.9038,586.0,0.9037,1022.0,0.9041,5800.0,0.9042,856.0
1753547054318,16:24:14.318,AERO/USDT:USDT,0.9038,766.0,0.9037,1022.0,0.9041,5800.0,0.9042,946.0
1753547054418,16:24:14.418,AERO/USDT:USDT,0.9038,586.0,0.9037,842.0,0.9041,6188.0,0.9042,1120.0
1753547054619,16:24:14.619,AERO/USDT:USDT,0.9037,842.0,0.9036,774.0,0.904,1023.0,0.9041,1302.0
1753547054717,16:24:14.717,AERO/USDT:USDT,0.9037,270.0,0.9036,591.0,0.9038,257.0,0.9039,7746.0
1753547054817,16:24:14.817,AERO/USDT:USDT,0.9037,270.0,0.9036,591.0,0.9038,257.0,0.9039,8055.0
1753547054917,16:24:14.917,AERO/USDT:USDT,0.9037,270.0,0.9036,591.0,0.9038,257.0,0.9039,8055.0
1753547055017,16:24:15.017,AERO/USDT:USDT,0.9037,270.0,0.9036,591.0,0.9038,257.0,0.9039,8055.0
1753547055119,16:24:15.119,AERO/USDT:USDT,0.9037,270.0,0.9036,591.0,0.9038,263.0,0.9039,8055.0
1753547055217,16:24:15.217,AERO/USDT:USDT,0.9037,270.0,0.9036,591.0,0.9038,263.0,0.9039,7942.0
1753547055519,16:24:15.519,AERO/USDT:USDT,0.9037,270.0,0.9036,591.0,0.9038,263.0,0.9039,8032.0
1753547055619,16:24:15.619,AERO/USDT:USDT,0.9037,270.0,0.9036,9.0,0.9038,263.0,0.9039,8055.0
1753547055719,16:24:15.719,AERO/USDT:USDT,0.9037,270.0,0.9036,9.0,0.9038,263.0,0.9039,8055.0
1753547055919,16:24:15.919,AERO/USDT:USDT,0.9037,270.0,0.9036,9.0,0.9038,263.0,0.9039,8055.0
1753547056020,16:24:16.020,AERO/USDT:USDT,0.9037,270.0,0.9036,9.0,0.9038,263.0,0.9039,8055.0
1753547056119,16:24:16.119,AERO/USDT:USDT,0.9037,270.0,0.9036,9.0,0.9038,263.0,0.9039,8055.0
1753547056219,16:24:16.219,AERO/USDT:USDT,0.9037,270.0,0.9036,9.0,0.9038,263.0,0.9039,8055.0
1753547056719,16:24:16.719,AERO/USDT:USDT,0.9037,270.0,0.9036,9.0,0.9038,263.0,0.9039,8055.0
1753547056818,16:24:16.818,AERO/USDT:USDT,0.9037,270.0,0.9036,9.0,0.9038,263.0,0.9039,8055.0
1753547056918,16:24:16.918,AERO/USDT:USDT,0.9037,270.0,0.9036,9.0,0.9038,263.0,0.9039,8055.0
1753547057418,16:24:17.418,AERO/USDT:USDT,0.9037,270.0,0.9036,9.0,0.9038,279.0,0.9039,8055.0
1753547058017,16:24:18.017,AERO/USDT:USDT,0.9037,270.0,0.9036,9.0,0.9038,279.0,0.9039,8055.0
1753547058317,16:24:18.317,AERO/USDT:USDT,0.9037,270.0,0.9036,9.0,0.9038,279.0,0.9039,8055.0
1753547058532,16:24:18.532,AERO/USDT:USDT,0.9037,270.0,0.9036,9.0,0.9038,279.0,0.9039,8055.0
1753547058618,16:24:18.618,AERO/USDT:USDT,0.9037,270.0,0.9036,9.0,0.9038,279.0,0.9039,8055.0
1753547058720,16:24:18.720,AERO/USDT:USDT,0.9037,270.0,0.9036,309.0,0.9038,279.0,0.9039,8055.0
1753547058917,16:24:18.917,AERO/USDT:USDT,0.9037,270.0,0.9036,309.0,0.9038,279.0,0.9039,8055.0
1753547059417,16:24:19.417,AERO/USDT:USDT,0.9037,270.0,0.9036,309.0,0.9038,279.0,0.9039,8145.0
1753547059517,16:24:19.517,AERO/USDT:USDT,0.9037,270.0,0.9036,888.0,0.9038,22.0,0.9039,7942.0
1753547059617,16:24:19.617,AERO/USDT:USDT,0.9037,270.0,0.9036,888.0,0.9038,22.0,0.9039,7942.0
1753547059718,16:24:19.718,AERO/USDT:USDT,0.9037,270.0,0.9036,888.0,0.9038,22.0,0.9039,7942.0
1753547059819,16:24:19.819,AERO/USDT:USDT,0.9037,270.0,0.9036,888.0,0.9038,22.0,0.9039,7942.0
1753547059917,16:24:19.917,AERO/USDT:USDT,0.9037,270.0,0.9036,888.0,0.9038,22.0,0.9039,8032.0
1753547060020,16:24:20.020,AERO/USDT:USDT,0.9037,270.0,0.9036,888.0,0.9038,22.0,0.9039,8032.0
1753547060117,16:24:20.117,AERO/USDT:USDT,0.9037,270.0,0.9036,888.0,0.9038,22.0,0.9039,8032.0
1753547060217,16:24:20.217,AERO/USDT:USDT,0.9037,270.0,0.9036,888.0,0.9038,16.0,0.9039,8032.0
1753547061417,16:24:21.417,AERO/USDT:USDT,0.9037,279.0,0.9036,888.0,0.9038,16.0,0.9039,8032.0
1753547061517,16:24:21.517,AERO/USDT:USDT,0.9037,279.0,0.9036,888.0,0.9038,16.0,0.9039,8032.0
1753547061818,16:24:21.818,AERO/USDT:USDT,0.9037,279.0,0.9036,888.0,0.9038,16.0,0.9039,7942.0
1753547062219,16:24:22.219,AERO/USDT:USDT,0.9037,279.0,0.9036,588.0,0.9038,16.0,0.9039,8032.0
1753547062419,16:24:22.419,AERO/USDT:USDT,0.9037,279.0,0.9036,588.0,0.9038,16.0,0.9039,8032.0
1753547062619,16:24:22.619,AERO/USDT:USDT,0.9037,279.0,0.9036,9.0,0.9038,16.0,0.9039,8055.0
1753547062718,16:24:22.718,AERO/USDT:USDT,0.9037,279.0,0.9036,9.0,0.9038,16.0,0.9039,8145.0
1753547063919,16:24:23.919,AERO/USDT:USDT,0.9037,279.0,0.9036,9.0,0.9038,22.0,0.9039,7942.0
1753547064318,16:24:24.318,AERO/USDT:USDT,0.9037,279.0,0.9036,9.0,0.9038,22.0,0.9039,8032.0
1753547064918,16:24:24.918,AERO/USDT:USDT,0.9037,279.0,0.9036,9.0,0.9038,22.0,0.9039,8032.0
1753547065118,16:24:25.118,AERO/USDT:USDT,0.9037,279.0,0.9036,9.0,0.9038,22.0,0.9039,8032.0
1753547065217,16:24:25.217,AERO/USDT:USDT,0.9037,279.0,0.9036,9.0,0.9038,22.0,0.9039,8032.0
1753547065519,16:24:25.519,AERO/USDT:USDT,0.9037,279.0,0.9036,9.0,0.9038,22.0,0.9039,8032.0
1753547065617,16:24:25.617,AERO/USDT:USDT,0.9037,279.0,0.9036,9.0,0.9038,713.0,0.9039,8145.0
1753547065717,16:24:25.717,AERO/USDT:USDT,0.9037,279.0,0.9036,9.0,0.9038,893.0,0.9039,8122.0
1753547065818,16:24:25.818,AERO/USDT:USDT,0.9037,279.0,0.9036,9.0,0.9038,893.0,0.9039,8122.0
1753547065919,16:24:25.919,AERO/USDT:USDT,0.9037,279.0,0.9036,9.0,0.9038,893.0,0.9039,8122.0
1753547066018,16:24:26.018,AERO/USDT:USDT,0.9037,279.0,0.9036,9.0,0.9038,893.0,0.9039,8122.0
1753547066118,16:24:26.118,AERO/USDT:USDT,0.9037,279.0,0.9036,9.0,0.9038,713.0,0.9039,8122.0
1753547066217,16:24:26.217,AERO/USDT:USDT,0.9037,279.0,0.9036,9.0,0.9038,713.0,0.9039,8122.0
1753547066319,16:24:26.319,AERO/USDT:USDT,0.9037,279.0,0.9036,9.0,0.9038,713.0,0.9039,8122.0
1753547066419,16:24:26.419,AERO/USDT:USDT,0.9037,279.0,0.9036,9.0,0.9038,803.0,0.9039,8122.0
1753547066517,16:24:26.517,AERO/USDT:USDT,0.9037,279.0,0.9036,9.0,0.9038,713.0,0.9039,8122.0
1753547066619,16:24:26.619,AERO/USDT:USDT,0.9037,279.0,0.9036,9.0,0.9038,1023.0,0.9039,8122.0
1753547066717,16:24:26.717,AERO/USDT:USDT,0.9037,279.0,0.9036,9.0,0.9038,1023.0,0.9039,8122.0
1753547066818,16:24:26.818,AERO/USDT:USDT,0.9037,279.0,0.9036,603.0,0.9038,1023.0,0.9039,8122.0
1753547066919,16:24:26.919,AERO/USDT:USDT,0.9037,279.0,0.9036,603.0,0.9038,1023.0,0.9039,8122.0
1753547067118,16:24:27.118,AERO/USDT:USDT,0.9037,279.0,0.9036,603.0,0.9038,723.0,0.9039,7942.0
1753547067520,16:24:27.520,AERO/USDT:USDT,0.9037,279.0,0.9036,603.0,0.9038,723.0,0.9039,8122.0
1753547067718,16:24:27.718,AERO/USDT:USDT,0.9037,279.0,0.9036,603.0,0.9038,723.0,0.9039,8122.0
1753547067819,16:24:27.819,AERO/USDT:USDT,0.9037,279.0,0.9036,603.0,0.9038,723.0,0.9039,8122.0
1753547068219,16:24:28.219,AERO/USDT:USDT,0.9037,279.0,0.9036,603.0,0.9038,723.0,0.9039,8122.0
1753547068518,16:24:28.518,AERO/USDT:USDT,0.9037,279.0,0.9036,603.0,0.9038,723.0,0.9039,8122.0
1753547069018,16:24:29.018,AERO/USDT:USDT,0.9037,279.0,0.9036,603.0,0.9038,723.0,0.9039,8122.0
1753547069117,16:24:29.117,AERO/USDT:USDT,0.9037,279.0,0.9036,603.0,0.9038,717.0,0.9039,8032.0
1753547069418,16:24:29.418,AERO/USDT:USDT,0.9037,279.0,0.9036,603.0,0.9038,717.0,0.9039,8122.0
1753547069818,16:24:29.818,AERO/USDT:USDT,0.9037,873.0,0.9036,603.0,0.9038,717.0,0.9039,7942.0
1753547069917,16:24:29.917,AERO/USDT:USDT,0.9037,873.0,0.9036,603.0,0.9038,717.0,0.9039,7942.0
1753547070017,16:24:30.017,AERO/USDT:USDT,0.9037,873.0,0.9036,603.0,0.9038,717.0,0.9039,7942.0
1753547070218,16:24:30.218,AERO/USDT:USDT,0.9037,873.0,0.9036,603.0,0.9038,717.0,0.9039,7942.0
1753547070520,16:24:30.520,AERO/USDT:USDT,0.9037,956.0,0.9036,603.0,0.9038,717.0,0.9039,7942.0
1753547070619,16:24:30.619,AERO/USDT:USDT,0.9037,956.0,0.9036,603.0,0.9038,717.0,0.9039,7942.0
1753547071119,16:24:31.119,AERO/USDT:USDT,0.9037,956.0,0.9036,603.0,0.9038,717.0,0.9039,8277.0
1753547071220,16:24:31.220,AERO/USDT:USDT,0.9037,956.0,0.9036,603.0,0.9038,717.0,0.9039,8277.0
1753547071417,16:24:31.417,AERO/USDT:USDT,0.9037,956.0,0.9036,603.0,0.9038,717.0,0.9039,8277.0
1753547072523,16:24:32.523,AERO/USDT:USDT,0.9037,956.0,0.9036,603.0,0.9038,717.0,0.9039,8277.0
1753547072619,16:24:32.619,AERO/USDT:USDT,0.9037,956.0,0.9036,603.0,0.9038,717.0,0.9039,8277.0
1753547073217,16:24:33.217,AERO/USDT:USDT,0.9037,956.0,0.9036,603.0,0.9038,717.0,0.9039,7942.0
1753547073520,16:24:33.520,AERO/USDT:USDT,0.9037,956.0,0.9036,603.0,0.9038,460.0,0.9039,7942.0
1753547073817,16:24:33.817,AERO/USDT:USDT,0.9037,956.0,0.9036,603.0,0.9038,460.0,0.9039,7942.0
1753547073917,16:24:33.917,AERO/USDT:USDT,0.9037,1069.0,0.9036,806.0,0.9038,16.0,0.9039,7746.0
1753547074018,16:24:34.018,AERO/USDT:USDT,0.9037,956.0,0.9036,972.0,0.9038,16.0,0.9039,7746.0
1753547074217,16:24:34.217,AERO/USDT:USDT,0.9037,956.0,0.9036,972.0,0.9038,16.0,0.9039,7755.0
1753547074520,16:24:34.520,AERO/USDT:USDT,0.9037,956.0,0.9036,972.0,0.9038,16.0,0.9039,7755.0
1753547075018,16:24:35.018,AERO/USDT:USDT,0.9037,956.0,0.9036,972.0,0.9038,16.0,0.9039,7755.0
1753547075218,16:24:35.218,AERO/USDT:USDT,0.9037,962.0,0.9036,972.0,0.9038,16.0,0.9039,7755.0
1753547075417,16:24:35.417,AERO/USDT:USDT,0.9037,962.0,0.9036,972.0,0.9038,16.0,0.9039,7755.0
1753547075520,16:24:35.520,AERO/USDT:USDT,0.9037,1442.0,0.9036,1272.0,0.9038,16.0,0.9039,7755.0
1753547075620,16:24:35.620,AERO/USDT:USDT,0.9037,1552.0,0.9036,1272.0,0.9038,16.0,0.9039,7755.0
1753547075718,16:24:35.718,AERO/USDT:USDT,0.9037,1552.0,0.9036,1272.0,0.9038,16.0,0.9039,7755.0
1753547075817,16:24:35.817,AERO/USDT:USDT,0.9037,1552.0,0.9036,1272.0,0.9038,16.0,0.9039,7755.0
1753547075917,16:24:35.917,AERO/USDT:USDT,0.9037,1552.0,0.9036,1272.0,0.9038,16.0,0.9039,7755.0
1753547076019,16:24:36.019,AERO/USDT:USDT,0.9037,1661.0,0.9036,1272.0,0.9038,16.0,0.9039,7755.0
1753547076117,16:24:36.117,AERO/USDT:USDT,0.9037,1661.0,0.9036,1272.0,0.9038,16.0,0.9039,7755.0
1753547076418,16:24:36.418,AERO/USDT:USDT,0.9037,1661.0,0.9036,1272.0,0.9038,16.0,0.9039,7755.0
1753547076524,16:24:36.524,AERO/USDT:USDT,0.9037,1991.0,0.9036,1272.0,0.9038,16.0,0.9039,7755.0
1753547076617,16:24:36.617,AERO/USDT:USDT,0.9037,2321.0,0.9036,1272.0,0.9038,16.0,0.9039,7755.0
1753547076719,16:24:36.719,AERO/USDT:USDT,0.9037,2321.0,0.9036,1272.0,0.9038,16.0,0.9039,7755.0
1753547076817,16:24:36.817,AERO/USDT:USDT,0.9037,2321.0,0.9036,1272.0,0.9038,16.0,0.9039,7755.0
1753547077017,16:24:37.017,AERO/USDT:USDT,0.9037,2321.0,0.9036,1272.0,0.9038,16.0,0.9039,7755.0
1753547077319,16:24:37.319,AERO/USDT:USDT,0.9037,2321.0,0.9036,1272.0,0.9038,16.0,0.9039,7755.0
1753547078119,16:24:38.119,AERO/USDT:USDT,0.9037,2321.0,0.9036,1272.0,0.9038,16.0,0.9039,7755.0
1753547079118,16:24:39.118,AERO/USDT:USDT,0.9037,2321.0,0.9036,1272.0,0.9038,16.0,0.9039,7755.0
1753547079218,16:24:39.218,AERO/USDT:USDT,0.9037,2321.0,0.9036,1272.0,0.9038,16.0,0.9039,7755.0
1753547079318,16:24:39.318,AERO/USDT:USDT,0.9037,2321.0,0.9036,1272.0,0.9038,16.0,0.9039,7755.0
1753547079519,16:24:39.519,AERO/USDT:USDT,0.9037,2321.0,0.9036,1272.0,0.9038,16.0,0.9039,7755.0
1753547079817,16:24:39.817,AERO/USDT:USDT,0.9037,2321.0,0.9036,1272.0,0.9038,16.0,0.9039,7755.0
1753547080517,16:24:40.517,AERO/USDT:USDT,0.9037,2321.0,0.9036,972.0,0.9038,16.0,0.9039,7755.0
1753547080618,16:24:40.618,AERO/USDT:USDT,0.9037,2021.0,0.9036,972.0,0.9038,16.0,0.9039,7755.0
1753547080718,16:24:40.718,AERO/USDT:USDT,0.9037,2021.0,0.9036,972.0,0.9038,16.0,0.9039,7755.0
1753547080919,16:24:40.919,AERO/USDT:USDT,0.9037,2021.0,0.9036,972.0,0.9038,16.0,0.9039,7755.0
1753547081417,16:24:41.417,AERO/USDT:USDT,0.9037,1911.0,0.9036,972.0,0.9038,16.0,0.9039,7755.0
1753547081520,16:24:41.520,AERO/USDT:USDT,0.9037,1911.0,0.9036,972.0,0.9038,16.0,0.9039,7755.0
1753547081618,16:24:41.618,AERO/USDT:USDT,0.9037,1911.0,0.9036,972.0,0.9038,16.0,0.9039,7755.0
1753547081718,16:24:41.718,AERO/USDT:USDT,0.904,573.0,0.9039,1277.0,0.9042,16.0,0.9043,9.0
1753547081819,16:24:41.819,AERO/USDT:USDT,0.9041,221.0,0.904,573.0,0.9042,16.0,0.9043,9.0
1753547082017,16:24:42.017,AERO/USDT:USDT,0.9041,1141.0,0.904,753.0,0.9042,16.0,0.9043,9.0
1753547082219,16:24:42.219,AERO/USDT:USDT,0.9041,1147.0,0.904,753.0,0.9042,7.0,0.9044,333.0
1753547082417,16:24:42.417,AERO/USDT:USDT,0.9041,1147.0,0.904,753.0,0.9042,7.0,0.9044,333.0
1753547082718,16:24:42.718,AERO/USDT:USDT,0.9041,1167.0,0.904,753.0,0.9042,7.0,0.9044,333.0
1753547082817,16:24:42.817,AERO/USDT:USDT,0.9041,1077.0,0.904,753.0,0.9042,7.0,0.9044,333.0
1753547082917,16:24:42.917,AERO/USDT:USDT,0.9041,1077.0,0.904,753.0,0.9042,17.0,0.9044,333.0
1753547083017,16:24:43.017,AERO/USDT:USDT,0.9041,1107.0,0.904,753.0,0.9042,17.0,0.9044,373.0
1753547083218,16:24:43.218,AERO/USDT:USDT,0.9041,1107.0,0.904,753.0,0.9042,17.0,0.9044,373.0
1753547083319,16:24:43.319,AERO/USDT:USDT,0.9041,1017.0,0.904,753.0,0.9042,17.0,0.9044,373.0
1753547083419,16:24:43.419,AERO/USDT:USDT,0.9041,1017.0,0.904,663.0,0.9042,17.0,0.9044,673.0
1753547083520,16:24:43.520,AERO/USDT:USDT,0.9041,1327.0,0.904,753.0,0.9042,17.0,0.9044,373.0
1753547083617,16:24:43.617,AERO/USDT:USDT,0.9041,1417.0,0.904,753.0,0.9042,17.0,0.9044,373.0
1753547083719,16:24:43.719,AERO/USDT:USDT,0.9041,1417.0,0.904,753.0,0.9042,17.0,0.9044,373.0
1753547083819,16:24:43.819,AERO/USDT:USDT,0.9041,1327.0,0.904,753.0,0.9042,17.0,0.9044,373.0
1753547083917,16:24:43.917,AERO/USDT:USDT,0.9041,1327.0,0.904,753.0,0.9042,17.0,0.9044,373.0
1753547084019,16:24:44.019,AERO/USDT:USDT,0.9041,1327.0,0.904,753.0,0.9042,17.0,0.9044,373.0
1753547084119,16:24:44.119,AERO/USDT:USDT,0.9041,1237.0,0.904,663.0,0.9042,17.0,0.9044,373.0
1753547084217,16:24:44.217,AERO/USDT:USDT,0.9041,1327.0,0.904,753.0,0.9042,17.0,0.9044,373.0
1753547084417,16:24:44.417,AERO/USDT:USDT,0.9041,1237.0,0.904,663.0,0.9042,17.0,0.9044,673.0
1753547084517,16:24:44.517,AERO/USDT:USDT,0.9041,1068.0,0.904,753.0,0.9042,458.0,0.9044,763.0
1753547084617,16:24:44.617,AERO/USDT:USDT,0.9041,1068.0,0.904,582.0,0.9042,458.0,0.9044,763.0
1753547084717,16:24:44.717,AERO/USDT:USDT,0.9041,1068.0,0.904,762.0,0.9042,458.0,0.9044,673.0
1753547084819,16:24:44.819,AERO/USDT:USDT,0.9041,1068.0,0.904,762.0,0.9042,17.0,0.9044,673.0
1753547084919,16:24:44.919,AERO/USDT:USDT,0.9041,1068.0,0.904,762.0,0.9042,17.0,0.9044,673.0
1753547085017,16:24:45.017,AERO/USDT:USDT,0.9041,1068.0,0.904,672.0,0.9042,17.0,0.9044,673.0
1753547085117,16:24:45.117,AERO/USDT:USDT,0.9041,1068.0,0.904,672.0,0.9042,17.0,0.9044,673.0
1753547085517,16:24:45.517,AERO/USDT:USDT,0.9041,1068.0,0.904,672.0,0.9042,17.0,0.9044,673.0
1753547085817,16:24:45.817,AERO/USDT:USDT,0.9041,1068.0,0.904,672.0,0.9042,17.0,0.9044,673.0
1753547085918,16:24:45.918,AERO/USDT:USDT,0.9041,1068.0,0.904,672.0,0.9042,17.0,0.9044,673.0
1753547086018,16:24:46.018,AERO/USDT:USDT,0.9041,1068.0,0.904,672.0,0.9042,17.0,0.9044,673.0
1753547086420,16:24:46.420,AERO/USDT:USDT,0.9041,1178.0,0.904,672.0,0.9042,17.0,0.9044,673.0
1753547086619,16:24:46.619,AERO/USDT:USDT,0.9041,1178.0,0.904,672.0,0.9042,17.0,0.9044,673.0
1753547087019,16:24:47.019,AERO/USDT:USDT,0.9041,1398.0,0.904,672.0,0.9042,17.0,0.9044,673.0
1753547087118,16:24:47.118,AERO/USDT:USDT,0.9041,1398.0,0.904,672.0,0.9042,17.0,0.9044,673.0
1753547087319,16:24:47.319,AERO/USDT:USDT,0.9041,1398.0,0.904,672.0,0.9042,17.0,0.9044,673.0
1753547087417,16:24:47.417,AERO/USDT:USDT,0.9041,1398.0,0.904,672.0,0.9042,17.0,0.9044,673.0
1753547087518,16:24:47.518,AERO/USDT:USDT,0.9041,1398.0,0.904,672.0,0.9042,17.0,0.9044,673.0
1753547087718,16:24:47.718,AERO/USDT:USDT,0.9041,1398.0,0.904,582.0,0.9042,17.0,0.9043,90.0
1753547087818,16:24:47.818,AERO/USDT:USDT,0.9041,1288.0,0.904,582.0,0.9042,17.0,0.9043,335.0
1753547087919,16:24:47.919,AERO/USDT:USDT,0.9041,1288.0,0.904,582.0,0.9042,17.0,0.9043,335.0
1753547088117,16:24:48.117,AERO/USDT:USDT,0.9041,1282.0,0.904,582.0,0.9042,17.0,0.9043,335.0
1753547088219,16:24:48.219,AERO/USDT:USDT,0.9041,1282.0,0.904,582.0,0.9042,17.0,0.9043,90.0
1753547088318,16:24:48.318,AERO/USDT:USDT,0.9041,1282.0,0.904,582.0,0.9042,17.0,0.9044,1135.0
1753547088418,16:24:48.418,AERO/USDT:USDT,0.9041,952.0,0.904,582.0,0.9042,17.0,0.9044,1045.0
1753547088520,16:24:48.520,AERO/USDT:USDT,0.9041,842.0,0.904,582.0,0.9042,17.0,0.9044,1045.0
1753547088619,16:24:48.619,AERO/USDT:USDT,0.9041,842.0,0.904,582.0,0.9042,17.0,0.9043,9.0
1753547088719,16:24:48.719,AERO/USDT:USDT,0.9041,842.0,0.904,582.0,0.9042,17.0,0.9043,9.0
1753547088917,16:24:48.917,AERO/USDT:USDT,0.9041,842.0,0.904,582.0,0.9042,17.0,0.9043,9.0
1753547089118,16:24:49.118,AERO/USDT:USDT,0.9041,842.0,0.904,582.0,0.9042,17.0,0.9043,9.0
1753547089219,16:24:49.219,AERO/USDT:USDT,0.9041,842.0,0.904,582.0,0.9042,17.0,0.9043,99.0
1753547089317,16:24:49.317,AERO/USDT:USDT,0.9041,842.0,0.904,582.0,0.9042,17.0,0.9043,99.0
1753547089417,16:24:49.417,AERO/USDT:USDT,0.9041,732.0,0.904,582.0,0.9042,17.0,0.9043,9.0
1753547089517,16:24:49.517,AERO/USDT:USDT,0.9041,732.0,0.904,582.0,0.9042,17.0,0.9043,99.0
1753547089617,16:24:49.617,AERO/USDT:USDT,0.9041,732.0,0.904,582.0,0.9042,151.0,0.9043,99.0
1753547089717,16:24:49.717,AERO/USDT:USDT,0.9041,732.0,0.904,582.0,0.9042,151.0,0.9043,189.0
1753547090017,16:24:50.017,AERO/USDT:USDT,0.9041,732.0,0.904,582.0,0.9042,151.0,0.9043,189.0
1753547090117,16:24:50.117,AERO/USDT:USDT,0.9041,732.0,0.904,582.0,0.9042,151.0,0.9043,99.0
1753547090317,16:24:50.317,AERO/USDT:USDT,0.9041,920.0,0.904,582.0,0.9042,17.0,0.9043,9.0
1753547090417,16:24:50.417,AERO/USDT:USDT,0.9041,1010.0,0.904,672.0,0.9042,17.0,0.9043,9.0
1753547090517,16:24:50.517,AERO/USDT:USDT,0.9041,1010.0,0.904,762.0,0.9042,17.0,0.9043,9.0
1753547090618,16:24:50.618,AERO/USDT:USDT,0.9041,920.0,0.904,762.0,0.9042,17.0,0.9043,9.0
1753547090717,16:24:50.717,AERO/USDT:USDT,0.9041,1010.0,0.904,762.0,0.9042,17.0,0.9043,9.0
1753547091017,16:24:51.017,AERO/USDT:USDT,0.9041,920.0,0.904,762.0,0.9042,17.0,0.9043,9.0
1753547091119,16:24:51.119,AERO/USDT:USDT,0.9041,926.0,0.904,762.0,0.9042,17.0,0.9043,9.0
1753547091218,16:24:51.218,AERO/USDT:USDT,0.9041,1016.0,0.904,762.0,0.9042,17.0,0.9043,9.0
1753547091420,16:24:51.420,AERO/USDT:USDT,0.9041,1156.0,0.904,872.0,0.9042,17.0,0.9043,9.0
1753547091520,16:24:51.520,AERO/USDT:USDT,0.9041,1486.0,0.904,872.0,0.9042,17.0,0.9043,9.0
1753547091618,16:24:51.618,AERO/USDT:USDT,0.9041,1596.0,0.904,872.0,0.9042,17.0,0.9043,9.0
1753547091717,16:24:51.717,AERO/USDT:USDT,0.9041,1596.0,0.904,872.0,0.9042,17.0,0.9043,9.0
1753547091918,16:24:51.918,AERO/USDT:USDT,0.9041,1706.0,0.904,872.0,0.9042,17.0,0.9043,9.0
1753547092319,16:24:52.319,AERO/USDT:USDT,0.9041,1706.0,0.904,872.0,0.9042,17.0,0.9043,9.0
1753547092418,16:24:52.418,AERO/USDT:USDT,0.9041,1706.0,0.904,872.0,0.9042,17.0,0.9043,9.0
1753547093019,16:24:53.019,AERO/USDT:USDT,0.9041,1706.0,0.904,782.0,0.9042,17.0,0.9043,9.0
1753547093117,16:24:53.117,AERO/USDT:USDT,0.9041,1796.0,0.904,782.0,0.9042,17.0,0.9043,9.0
1753547093317,16:24:53.317,AERO/USDT:USDT,0.9041,1796.0,0.904,872.0,0.9042,17.0,0.9043,9.0
1753547093620,16:24:53.620,AERO/USDT:USDT,0.9041,1796.0,0.904,872.0,0.9042,17.0,0.9043,9.0
1753547093719,16:24:53.719,AERO/USDT:USDT,0.9041,1796.0,0.904,872.0,0.9042,17.0,0.9043,9.0
1753547093918,16:24:53.918,AERO/USDT:USDT,0.9041,2126.0,0.904,872.0,0.9042,17.0,0.9043,9.0
1753547094217,16:24:54.217,AERO/USDT:USDT,0.9041,2126.0,0.904,872.0,0.9042,17.0,0.9043,9.0
1753547094524,16:24:54.524,AERO/USDT:USDT,0.9041,2126.0,0.904,872.0,0.9042,17.0,0.9043,9.0
1753547094618,16:24:54.618,AERO/USDT:USDT,0.9041,2126.0,0.904,872.0,0.9042,17.0,0.9043,9.0
1753547094717,16:24:54.717,AERO/USDT:USDT,0.9041,2036.0,0.904,872.0,0.9042,17.0,0.9043,9.0
1753547094917,16:24:54.917,AERO/USDT:USDT,0.9041,2036.0,0.904,872.0,0.9042,17.0,0.9043,9.0
1753547095119,16:24:55.119,AERO/USDT:USDT,0.9041,2126.0,0.904,872.0,0.9042,17.0,0.9043,9.0
1753547095218,16:24:55.218,AERO/USDT:USDT,0.9041,2126.0,0.904,872.0,0.9042,17.0,0.9043,9.0
1753547096017,16:24:56.017,AERO/USDT:USDT,0.9041,2033.0,0.904,872.0,0.9042,17.0,0.9043,9.0
1753547096120,16:24:56.120,AERO/USDT:USDT,0.9041,2033.0,0.904,782.0,0.9042,17.0,0.9043,9.0
1753547096318,16:24:56.318,AERO/USDT:USDT,0.9041,2033.0,0.904,782.0,0.9042,17.0,0.9043,9.0
1753547096527,16:24:56.527,AERO/USDT:USDT,0.9041,2033.0,0.904,782.0,0.9042,17.0,0.9043,9.0
1753547096818,16:24:56.818,AERO/USDT:USDT,0.9041,2033.0,0.904,782.0,0.9042,17.0,0.9043,9.0
1753547097219,16:24:57.219,AERO/USDT:USDT,0.9041,2033.0,0.904,672.0,0.9042,17.0,0.9043,9.0
1753547097319,16:24:57.319,AERO/USDT:USDT,0.9041,2033.0,0.904,672.0,0.9042,17.0,0.9043,9.0
1753547097419,16:24:57.419,AERO/USDT:USDT,0.9041,1923.0,0.904,672.0,0.9042,17.0,0.9043,9.0
1753547097517,16:24:57.517,AERO/USDT:USDT,0.9041,1923.0,0.904,672.0,0.9042,17.0,0.9043,9.0
1753547097617,16:24:57.617,AERO/USDT:USDT,0.9041,1923.0,0.904,672.0,0.9042,17.0,0.9043,9.0
1753547097717,16:24:57.717,AERO/USDT:USDT,0.9041,1923.0,0.904,672.0,0.9042,17.0,0.9043,9.0
1753547098020,16:24:58.020,AERO/USDT:USDT,0.9041,1923.0,0.904,672.0,0.9042,17.0,0.9043,9.0
1753547098118,16:24:58.118,AERO/USDT:USDT,0.9041,1917.0,0.904,672.0,0.9042,17.0,0.9043,9.0
1753547098418,16:24:58.418,AERO/USDT:USDT,0.9041,1697.0,0.904,672.0,0.9042,17.0,0.9043,9.0
1753547098526,16:24:58.526,AERO/USDT:USDT,0.9041,1697.0,0.904,672.0,0.9042,17.0,0.9043,9.0
1753547098619,16:24:58.619,AERO/USDT:USDT,0.9041,1697.0,0.904,672.0,0.9042,17.0,0.9043,9.0
1753547099017,16:24:59.017,AERO/USDT:USDT,0.9041,1697.0,0.904,672.0,0.9042,17.0,0.9043,9.0
1753547099318,16:24:59.318,AERO/USDT:USDT,0.9041,1697.0,0.904,672.0,0.9042,17.0,0.9043,9.0
1753547099519,16:24:59.519,AERO/USDT:USDT,0.9041,1697.0,0.904,672.0,0.9042,17.0,0.9043,9.0
1753547099718,16:24:59.718,AERO/USDT:USDT,0.9041,1587.0,0.904,672.0,0.9042,17.0,0.9043,9.0
1753547099920,16:24:59.920,AERO/USDT:USDT,0.9041,1587.0,0.904,672.0,0.9042,17.0,0.9043,9.0
1753547100117,16:25:00.117,AERO/USDT:USDT,0.9041,1587.0,0.904,582.0,0.9042,17.0,0.9043,9.0
1753547100218,16:25:00.218,AERO/USDT:USDT,0.9041,1399.0,0.904,582.0,0.9042,17.0,0.9043,201.0
1753547100417,16:25:00.417,AERO/USDT:USDT,0.9041,167.0,0.904,582.0,0.9042,343.0,0.9043,1378.0
1753547100719,16:25:00.719,AERO/USDT:USDT,0.9041,167.0,0.904,573.0,0.9042,343.0,0.9043,1378.0
1753547100819,16:25:00.819,AERO/USDT:USDT,0.9041,167.0,0.904,573.0,0.9042,423.0,0.9043,1378.0
1753547101017,16:25:01.017,AERO/USDT:USDT,0.9041,130.0,0.904,573.0,0.9042,391.0,0.9043,1378.0
1753547101117,16:25:01.117,AERO/USDT:USDT,0.9041,130.0,0.904,573.0,0.9042,397.0,0.9043,1378.0
1753547101318,16:25:01.318,AERO/USDT:USDT,0.9041,20.0,0.904,573.0,0.9042,397.0,0.9043,795.0
1753547101518,16:25:01.518,AERO/USDT:USDT,0.9041,20.0,0.904,573.0,0.9042,397.0,0.9043,1087.0
1753547101718,16:25:01.718,AERO/USDT:USDT,0.9041,20.0,0.904,573.0,0.9042,397.0,0.9043,1087.0
1753547101917,16:25:01.917,AERO/USDT:USDT,0.9041,20.0,0.904,573.0,0.9042,397.0,0.9043,795.0
1753547102018,16:25:02.018,AERO/USDT:USDT,0.9041,20.0,0.904,573.0,0.9042,397.0,0.9043,795.0
1753547102319,16:25:02.319,AERO/USDT:USDT,0.9041,152.0,0.904,573.0,0.9042,493.0,0.9043,795.0
1753547102417,16:25:02.417,AERO/USDT:USDT,0.9041,152.0,0.904,573.0,0.9042,397.0,0.9043,795.0
1753547102523,16:25:02.523,AERO/USDT:USDT,0.9041,152.0,0.904,573.0,0.9042,397.0,0.9043,795.0
1753547103017,16:25:03.017,AERO/USDT:USDT,0.9041,152.0,0.904,573.0,0.9042,397.0,0.9043,795.0
1753547103118,16:25:03.118,AERO/USDT:USDT,0.9041,152.0,0.904,573.0,0.9042,729.0,0.9043,795.0
1753547103217,16:25:03.217,AERO/USDT:USDT,0.9041,152.0,0.904,573.0,0.9042,729.0,0.9043,795.0
1753547103317,16:25:03.317,AERO/USDT:USDT,0.9041,152.0,0.904,573.0,0.9042,729.0,0.9043,795.0
1753547103520,16:25:03.520,AERO/USDT:USDT,0.9041,152.0,0.904,573.0,0.9042,729.0,0.9043,699.0
1753547103617,16:25:03.617,AERO/USDT:USDT,0.9041,152.0,0.904,573.0,0.9042,729.0,0.9043,580.0
1753547103717,16:25:03.717,AERO/USDT:USDT,0.9041,152.0,0.904,573.0,0.9042,729.0,0.9043,580.0
1753547103917,16:25:03.917,AERO/USDT:USDT,0.9041,152.0,0.904,573.0,0.9042,729.0,0.9043,699.0
1753547104217,16:25:04.217,AERO/USDT:USDT,0.9041,152.0,0.904,573.0,0.9042,729.0,0.9043,699.0
1753547104317,16:25:04.317,AERO/USDT:USDT,0.9041,152.0,0.904,573.0,0.9042,825.0,0.9043,795.0
1753547104617,16:25:04.617,AERO/USDT:USDT,0.9041,152.0,0.9039,582.0,0.9042,825.0,0.9043,1439.0
1753547104717,16:25:04.717,AERO/USDT:USDT,0.9041,152.0,0.9039,582.0,0.9042,825.0,0.9043,1439.0
1753547104819,16:25:04.819,AERO/USDT:USDT,0.9041,152.0,0.9039,582.0,0.9042,825.0,0.9043,1439.0
1753547105018,16:25:05.018,AERO/USDT:USDT,0.9041,152.0,0.9039,582.0,0.9042,825.0,0.9043,1439.0
1753547105117,16:25:05.117,AERO/USDT:USDT,0.9041,152.0,0.9039,588.0,0.9042,825.0,0.9043,1439.0
1753547105218,16:25:05.218,AERO/USDT:USDT,0.9041,152.0,0.9039,588.0,0.9042,1125.0,0.9043,1739.0
1753547105320,16:25:05.320,AERO/USDT:USDT,0.9041,152.0,0.9039,6.0,0.9042,1244.0,0.9043,1739.0
1753547105419,16:25:05.419,AERO/USDT:USDT,0.9041,152.0,0.9039,6.0,0.9042,1340.0,0.9043,1739.0
1753547105719,16:25:05.719,AERO/USDT:USDT,0.9039,6.0,0.9038,582.0,0.904,1213.0,0.9041,1791.0
1753547105820,16:25:05.820,AERO/USDT:USDT,0.9039,6.0,0.9038,582.0,0.904,1213.0,0.9041,1867.0
1753547105918,16:25:05.918,AERO/USDT:USDT,0.9039,6.0,0.9038,582.0,0.904,1213.0,0.9041,1867.0
1753547106020,16:25:06.020,AERO/USDT:USDT,0.9039,6.0,0.9038,582.0,0.904,1213.0,0.9041,1634.0
1753547106118,16:25:06.118,AERO/USDT:USDT,0.9039,6.0,0.9038,9.0,0.904,1219.0,0.9041,2734.0
1753547106219,16:25:06.219,AERO/USDT:USDT,0.9039,6.0,0.9037,406.0,0.904,1219.0,0.9041,2734.0
1753547106318,16:25:06.318,AERO/USDT:USDT,0.9039,6.0,0.9037,406.0,0.904,1219.0,0.9041,1634.0
1753547106517,16:25:06.517,AERO/USDT:USDT,0.9038,583.0,0.9037,659.0,0.9039,119.0,0.904,1317.0
1753547106617,16:25:06.617,AERO/USDT:USDT,0.9038,583.0,0.9037,659.0,0.904,932.0,0.9041,1787.0
1753547106818,16:25:06.818,AERO/USDT:USDT,0.9039,699.0,0.9038,679.0,0.904,6.0,0.9041,9.0
1753547106917,16:25:06.917,AERO/USDT:USDT,0.9039,699.0,0.9038,679.0,0.904,6.0,0.9041,9.0
1753547107017,16:25:07.017,AERO/USDT:USDT,0.9039,699.0,0.9038,688.0,0.904,6.0,0.9041,9.0
1753547107118,16:25:07.118,AERO/USDT:USDT,0.9039,590.0,0.9038,592.0,0.9042,716.0,0.9043,1044.0
1753547107317,16:25:07.317,AERO/USDT:USDT,0.9039,590.0,0.9038,592.0,0.9042,972.0,0.9043,1044.0
1753547107418,16:25:07.418,AERO/USDT:USDT,0.9039,590.0,0.9038,592.0,0.9041,339.0,0.9042,1068.0
1753547107521,16:25:07.521,AERO/USDT:USDT,0.9039,590.0,0.9038,592.0,0.9041,675.0,0.9042,908.0
1753547107617,16:25:07.617,AERO/USDT:USDT,0.9039,590.0,0.9038,592.0,0.9041,675.0,0.9042,917.0
1753547107718,16:25:07.718,AERO/USDT:USDT,0.9039,590.0,0.9038,592.0,0.9041,675.0,0.9042,917.0
1753547108317,16:25:08.317,AERO/USDT:USDT,0.9039,590.0,0.9038,592.0,0.9041,681.0,0.9042,917.0
1753547108518,16:25:08.518,AERO/USDT:USDT,0.9039,590.0,0.9038,592.0,0.9041,681.0,0.9042,917.0
1753547108617,16:25:08.617,AERO/USDT:USDT,0.9039,590.0,0.9038,592.0,0.9041,681.0,0.9042,917.0
1753547108718,16:25:08.718,AERO/USDT:USDT,0.9039,590.0,0.9038,583.0,0.9041,681.0,0.9042,917.0
1753547108817,16:25:08.817,AERO/USDT:USDT,0.9038,583.0,0.9037,782.0,0.9041,585.0,0.9042,917.0
1753547109218,16:25:09.218,AERO/USDT:USDT,0.9038,583.0,0.9037,782.0,0.9041,585.0,0.9042,917.0
1753547109819,16:25:09.819,AERO/USDT:USDT,0.9039,590.0,0.9038,679.0,0.9041,246.0,0.9042,725.0
1753547109919,16:25:09.919,AERO/USDT:USDT,0.9039,590.0,0.9038,583.0,0.9041,246.0,0.9042,725.0
1753547110017,16:25:10.017,AERO/USDT:USDT,0.9039,590.0,0.9038,688.0,0.9041,246.0,0.9042,725.0
1753547110119,16:25:10.119,AERO/USDT:USDT,0.9039,590.0,0.9038,688.0,0.9041,246.0,0.9042,725.0
1753547110218,16:25:10.218,AERO/USDT:USDT,0.9039,590.0,0.9038,592.0,0.9041,246.0,0.9042,821.0
1753547110317,16:25:10.317,AERO/USDT:USDT,0.9039,590.0,0.9038,592.0,0.9041,246.0,0.9042,821.0
1753547110417,16:25:10.417,AERO/USDT:USDT,0.9039,605.0,0.9038,592.0,0.9041,246.0,0.9042,821.0
1753547110523,16:25:10.523,AERO/USDT:USDT,0.9039,605.0,0.9038,592.0,0.9041,246.0,0.9042,821.0
1753547110719,16:25:10.719,AERO/USDT:USDT,0.904,57.0,0.9039,605.0,0.9041,246.0,0.9042,821.0
1753547110817,16:25:10.817,AERO/USDT:USDT,0.904,647.0,0.9039,605.0,0.9041,246.0,0.9042,468.0
1753547110919,16:25:10.919,AERO/USDT:USDT,0.904,647.0,0.9039,605.0,0.9041,246.0,0.9042,468.0
1753547111020,16:25:11.020,AERO/USDT:USDT,0.904,647.0,0.9039,605.0,0.9041,246.0,0.9042,468.0
1753547111518,16:25:11.518,AERO/USDT:USDT,0.904,647.0,0.9039,701.0,0.9041,246.0,0.9042,468.0
1753547111618,16:25:11.618,AERO/USDT:USDT,0.904,647.0,0.9039,701.0,0.9041,246.0,0.9042,468.0
1753547111819,16:25:11.819,AERO/USDT:USDT,0.904,647.0,0.9039,701.0,0.9041,246.0,0.9042,468.0
1753547111919,16:25:11.919,AERO/USDT:USDT,0.904,647.0,0.9039,701.0,0.9041,246.0,0.9042,468.0
1753547112017,16:25:12.017,AERO/USDT:USDT,0.904,647.0,0.9039,701.0,0.9041,246.0,0.9042,468.0
1753547112219,16:25:12.219,AERO/USDT:USDT,0.904,647.0,0.9039,701.0,0.9041,246.0,0.9042,468.0
1753547112418,16:25:12.418,AERO/USDT:USDT,0.904,647.0,0.9039,701.0,0.9041,246.0,0.9042,468.0
1753547112527,16:25:12.527,AERO/USDT:USDT,0.904,647.0,0.9039,701.0,0.9041,246.0,0.9042,468.0
1753547112617,16:25:12.617,AERO/USDT:USDT,0.904,647.0,0.9039,701.0,0.9041,246.0,0.9042,468.0
1753547112917,16:25:12.917,AERO/USDT:USDT,0.904,57.0,0.9039,605.0,0.9041,246.0,0.9042,799.0
1753547113018,16:25:13.018,AERO/USDT:USDT,0.904,57.0,0.9039,605.0,0.9041,246.0,0.9042,799.0
1753547113117,16:25:13.117,AERO/USDT:USDT,0.904,57.0,0.9039,605.0,0.9041,246.0,0.9042,799.0
1753547113419,16:25:13.419,AERO/USDT:USDT,0.904,647.0,0.9039,701.0,0.9041,246.0,0.9042,703.0
1753547113517,16:25:13.517,AERO/USDT:USDT,0.904,647.0,0.9039,701.0,0.9041,246.0,0.9042,703.0
1753547113617,16:25:13.617,AERO/USDT:USDT,0.904,647.0,0.9039,605.0,0.9041,246.0,0.9042,703.0
1753547113718,16:25:13.718,AERO/USDT:USDT,0.904,647.0,0.9039,605.0,0.9041,246.0,0.9042,703.0
1753547114018,16:25:14.018,AERO/USDT:USDT,0.904,647.0,0.9039,605.0,0.9041,246.0,0.9042,703.0
1753547114120,16:25:14.120,AERO/USDT:USDT,0.904,57.0,0.9039,605.0,0.9041,246.0,0.9042,799.0
1753547114218,16:25:14.218,AERO/USDT:USDT,0.904,57.0,0.9039,605.0,0.9041,246.0,0.9042,822.0
1753547114319,16:25:14.319,AERO/USDT:USDT,0.904,57.0,0.9039,605.0,0.9041,246.0,0.9042,822.0
1753547114719,16:25:14.719,AERO/USDT:USDT,0.904,57.0,0.9039,605.0,0.9041,246.0,0.9042,822.0
1753547114817,16:25:14.817,AERO/USDT:USDT,0.904,57.0,0.9039,605.0,0.9041,246.0,0.9042,822.0
1753547115018,16:25:15.018,AERO/USDT:USDT,0.904,57.0,0.9039,605.0,0.9041,246.0,0.9042,822.0
1753547115219,16:25:15.219,AERO/USDT:USDT,0.9037,9.0,0.9036,808.0,0.9039,479.0,0.904,1196.0
1753547115319,16:25:15.319,AERO/USDT:USDT,0.9037,9.0,0.9036,592.0,0.9039,479.0,0.904,1361.0
1753547115419,16:25:15.419,AERO/USDT:USDT,0.9037,9.0,0.9036,592.0,0.9039,479.0,0.904,1169.0
1753547115517,16:25:15.517,AERO/USDT:USDT,0.9037,9.0,0.9036,592.0,0.9039,479.0,0.904,1169.0
1753547115717,16:25:15.717,AERO/USDT:USDT,0.9037,9.0,0.9036,9.0,0.9038,640.0,0.9039,1561.0
1753547115817,16:25:15.817,AERO/USDT:USDT,0.9037,9.0,0.9036,9.0,0.9038,567.0,0.9039,1584.0
1753547115917,16:25:15.917,AERO/USDT:USDT,0.9036,9.0,0.9035,588.0,0.9037,244.0,0.9038,5686.0
1753547116019,16:25:16.019,AERO/USDT:USDT,0.9036,9.0,0.9035,588.0,0.9037,244.0,0.9038,5686.0
1753547116317,16:25:16.317,AERO/USDT:USDT,0.9036,9.0,0.9035,588.0,0.9037,250.0,0.9038,5695.0
1753547116617,16:25:16.617,AERO/USDT:USDT,0.9036,9.0,0.9035,588.0,0.9037,250.0,0.9038,5672.0
1753547116718,16:25:16.718,AERO/USDT:USDT,0.9036,9.0,0.9035,588.0,0.9037,250.0,0.9038,5768.0
1753547116919,16:25:16.919,AERO/USDT:USDT,0.9036,9.0,0.9035,588.0,0.9037,250.0,0.9038,5768.0
1753547117020,16:25:17.020,AERO/USDT:USDT,0.9036,9.0,0.9035,588.0,0.9037,250.0,0.9038,5768.0
1753547117118,16:25:17.118,AERO/USDT:USDT,0.9036,9.0,0.9035,588.0,0.9037,250.0,0.9038,5468.0
1753547117618,16:25:17.618,AERO/USDT:USDT,0.9036,9.0,0.9035,588.0,0.9037,250.0,0.9038,5468.0
1753547117818,16:25:17.818,AERO/USDT:USDT,0.9036,9.0,0.9035,588.0,0.9037,250.0,0.9038,5468.0
1753547118218,16:25:18.218,AERO/USDT:USDT,0.9036,9.0,0.9035,588.0,0.9037,250.0,0.9038,5468.0
1753547118419,16:25:18.419,AERO/USDT:USDT,0.9036,9.0,0.9035,588.0,0.9037,250.0,0.9038,5468.0
1753547118517,16:25:18.517,AERO/USDT:USDT,0.9036,9.0,0.9035,588.0,0.9037,250.0,0.9038,5468.0
1753547118717,16:25:18.717,AERO/USDT:USDT,0.9036,9.0,0.9035,588.0,0.9037,250.0,0.9038,5468.0
1753547118919,16:25:18.919,AERO/USDT:USDT,0.904,205.0,0.9039,960.0,0.9042,5298.0,0.9043,843.0
1753547119018,16:25:19.018,AERO/USDT:USDT,0.904,96.0,0.9039,850.0,0.9042,5298.0,0.9043,843.0
1753547119117,16:25:19.117,AERO/USDT:USDT,0.9039,850.0,0.9038,1091.0,0.9042,5304.0,0.9043,843.0
1753547119218,16:25:19.218,AERO/USDT:USDT,0.9039,850.0,0.9038,1091.0,0.9042,5304.0,0.9043,843.0
1753547119317,16:25:19.317,AERO/USDT:USDT,0.9039,850.0,0.9038,1091.0,0.9042,5304.0,0.9043,843.0
1753547119419,16:25:19.419,AERO/USDT:USDT,0.9039,789.0,0.9038,1030.0,0.9042,5304.0,0.9043,843.0
1753547119518,16:25:19.518,AERO/USDT:USDT,0.9039,789.0,0.9038,1030.0,0.9042,5454.0,0.9043,843.0
1753547119619,16:25:19.619,AERO/USDT:USDT,0.9039,789.0,0.9038,1030.0,0.9042,5454.0,0.9043,843.0
1753547119918,16:25:19.918,AERO/USDT:USDT,0.9039,789.0,0.9038,1030.0,0.9042,5454.0,0.9043,843.0
1753547120017,16:25:20.017,AERO/USDT:USDT,0.9039,789.0,0.9038,1030.0,0.9042,5454.0,0.9043,843.0
1753547120118,16:25:20.118,AERO/USDT:USDT,0.9039,789.0,0.9038,1030.0,0.9042,5454.0,0.9043,866.0
1753547120219,16:25:20.219,AERO/USDT:USDT,0.9039,789.0,0.9038,1030.0,0.9042,5454.0,0.9043,866.0
1753547120417,16:25:20.417,AERO/USDT:USDT,0.9039,789.0,0.9038,1030.0,0.9042,5454.0,0.9043,866.0
1753547120517,16:25:20.517,AERO/USDT:USDT,0.9039,789.0,0.9038,1030.0,0.9042,5454.0,0.9043,866.0
1753547120618,16:25:20.618,AERO/USDT:USDT,0.9039,789.0,0.9038,1030.0,0.9042,5454.0,0.9043,866.0
1753547121418,16:25:21.418,AERO/USDT:USDT,0.9039,789.0,0.9038,1030.0,0.9042,5604.0,0.9043,866.0
1753547121620,16:25:21.620,AERO/USDT:USDT,0.904,14.0,0.9039,798.0,0.9042,5604.0,0.9043,866.0
1753547121717,16:25:21.717,AERO/USDT:USDT,0.904,14.0,0.9039,798.0,0.9042,5604.0,0.9043,866.0
1753547122017,16:25:22.017,AERO/USDT:USDT,0.904,14.0,0.9039,798.0,0.9042,5604.0,0.9043,866.0
1753547122119,16:25:22.119,AERO/USDT:USDT,0.904,14.0,0.9039,798.0,0.9042,5604.0,0.9043,843.0
1753547122217,16:25:22.217,AERO/USDT:USDT,0.904,14.0,0.9039,702.0,0.9042,5604.0,0.9043,843.0
1753547122419,16:25:22.419,AERO/USDT:USDT,0.904,14.0,0.9039,9.0,0.9041,1338.0,0.9042,5499.0
1753547123018,16:25:23.018,AERO/USDT:USDT,0.904,14.0,0.9039,9.0,0.9041,897.0,0.9042,5499.0
1753547123117,16:25:23.117,AERO/USDT:USDT,0.904,14.0,0.9039,9.0,0.9041,903.0,0.9042,5718.0
1753547123217,16:25:23.217,AERO/USDT:USDT,0.904,14.0,0.9039,9.0,0.9041,903.0,0.9042,5718.0
1753547123519,16:25:23.519,AERO/USDT:USDT,0.904,14.0,0.9039,9.0,0.9041,903.0,0.9042,5718.0
1753547123617,16:25:23.617,AERO/USDT:USDT,0.904,14.0,0.9039,9.0,0.9041,903.0,0.9042,5718.0
1753547123917,16:25:23.917,AERO/USDT:USDT,0.904,14.0,0.9039,9.0,0.9041,903.0,0.9042,5718.0
1753547124119,16:25:24.119,AERO/USDT:USDT,0.904,14.0,0.9039,9.0,0.9041,913.0,0.9042,5718.0
1753547124219,16:25:24.219,AERO/USDT:USDT,0.904,14.0,0.9039,9.0,0.9041,913.0,0.9042,5718.0
1753547124317,16:25:24.317,AERO/USDT:USDT,0.904,14.0,0.9039,9.0,0.9041,913.0,0.9042,5718.0
1753547124420,16:25:24.420,AERO/USDT:USDT,0.9039,9.0,0.9038,48.0,0.904,244.0,0.9041,953.0
1753547124524,16:25:24.524,AERO/USDT:USDT,0.9039,9.0,0.9038,48.0,0.904,4669.0,0.9041,1457.0
1753547124617,16:25:24.617,AERO/USDT:USDT,0.9039,9.0,0.9038,48.0,0.904,4669.0,0.9041,1457.0
1753547124718,16:25:24.718,AERO/USDT:USDT,0.9037,9.0,0.9036,227.0,0.9038,340.0,0.9039,1094.0
1753547124818,16:25:24.818,AERO/USDT:USDT,0.9037,9.0,0.9036,9.0,0.9038,459.0,0.9039,1117.0
1753547124918,16:25:24.918,AERO/USDT:USDT,0.9037,9.0,0.9036,9.0,0.9038,5071.0,0.9039,1598.0
1753547125017,16:25:25.017,AERO/USDT:USDT,0.9036,9.0,0.9035,588.0,0.9038,5406.0,0.9039,1607.0
1753547125125,16:25:25.125,AERO/USDT:USDT,0.9036,9.0,0.9035,588.0,0.9038,5412.0,0.9039,1464.0
1753547125818,16:25:25.818,AERO/USDT:USDT,0.9036,9.0,0.9035,588.0,0.9038,5412.0,0.9039,1464.0
1753547125919,16:25:25.919,AERO/USDT:USDT,0.9036,9.0,0.9035,588.0,0.9038,5412.0,0.9039,1464.0
1753547126019,16:25:26.019,AERO/USDT:USDT,0.9036,9.0,0.9035,588.0,0.9038,5412.0,0.9039,1464.0
1753547126217,16:25:26.217,AERO/USDT:USDT,0.9036,9.0,0.9035,588.0,0.9038,5722.0,0.9039,1464.0
1753547127420,16:25:27.420,AERO/USDT:USDT,0.9037,1515.0,0.9036,9.0,0.9038,5268.0,0.9039,1441.0
1753547127519,16:25:27.519,AERO/USDT:USDT,0.9037,1515.0,0.9036,9.0,0.9038,5268.0,0.9039,1441.0
1753547127717,16:25:27.717,AERO/USDT:USDT,0.9037,1515.0,0.9036,9.0,0.9038,5268.0,0.9039,1441.0
1753547127819,16:25:27.819,AERO/USDT:USDT,0.9037,1515.0,0.9036,9.0,0.9038,4985.0,0.9039,652.0
1753547127919,16:25:27.919,AERO/USDT:USDT,0.9037,1515.0,0.9036,9.0,0.9038,4675.0,0.9039,591.0
1753547128418,16:25:28.418,AERO/USDT:USDT,0.9039,594.0,0.9038,1066.0,0.9041,270.0,0.9042,868.0
1753547128525,16:25:28.525,AERO/USDT:USDT,0.9038,970.0,0.9037,1681.0,0.9041,864.0,0.9042,1104.0
1753547128617,16:25:28.617,AERO/USDT:USDT,0.9038,642.0,0.9037,1524.0,0.9041,864.0,0.9042,1200.0
1753547128719,16:25:28.719,AERO/USDT:USDT,0.9038,642.0,0.9037,1714.0,0.9041,864.0,0.9042,1200.0
1753547128819,16:25:28.819,AERO/USDT:USDT,0.9038,642.0,0.9037,1810.0,0.9041,864.0,0.9042,1200.0
1753547128918,16:25:28.918,AERO/USDT:USDT,0.9038,642.0,0.9037,1810.0,0.9041,864.0,0.9042,1104.0
1753547129017,16:25:29.017,AERO/USDT:USDT,0.9038,642.0,0.9037,1810.0,0.9041,864.0,0.9042,1296.0
1753547129118,16:25:29.118,AERO/USDT:USDT,0.9038,642.0,0.9037,1714.0,0.9041,870.0,0.9042,1296.0
1753547129218,16:25:29.218,AERO/USDT:USDT,0.9038,642.0,0.9037,1714.0,0.904,276.0,0.9041,1180.0
1753547129318,16:25:29.318,AERO/USDT:USDT,0.9038,642.0,0.9037,1810.0,0.904,310.0,0.9041,879.0
1753547129618,16:25:29.618,AERO/USDT:USDT,0.9038,48.0,0.9037,1524.0,0.904,567.0,0.9041,1174.0
1753547129820,16:25:29.820,AERO/USDT:USDT,0.9038,48.0,0.9037,1524.0,0.9039,554.0,0.904,947.0
1753547129919,16:25:29.919,AERO/USDT:USDT,0.9038,48.0,0.9037,1524.0,0.9039,554.0,0.904,947.0
1753547130819,16:25:30.819,AERO/USDT:USDT,0.9038,9.0,0.9037,1524.0,0.9039,554.0,0.904,1089.0
1753547130917,16:25:30.917,AERO/USDT:USDT,0.9038,9.0,0.9037,1524.0,0.9039,244.0,0.904,1089.0
1753547131017,16:25:31.017,AERO/USDT:USDT,0.9038,9.0,0.9037,1524.0,0.9039,244.0,0.904,1089.0
1753547131118,16:25:31.118,AERO/USDT:USDT,0.9038,9.0,0.9037,1524.0,0.9039,244.0,0.904,1089.0
1753547131218,16:25:31.218,AERO/USDT:USDT,0.9038,9.0,0.9037,1524.0,0.9039,244.0,0.904,993.0
1753547131418,16:25:31.418,AERO/USDT:USDT,0.9038,9.0,0.9037,1524.0,0.9039,394.0,0.904,1089.0
1753547131917,16:25:31.917,AERO/USDT:USDT,0.9038,9.0,0.9037,1524.0,0.9039,394.0,0.904,1089.0
1753547132017,16:25:32.017,AERO/USDT:USDT,0.9038,9.0,0.9037,1524.0,0.9039,394.0,0.904,1089.0
1753547132118,16:25:32.118,AERO/USDT:USDT,0.9038,9.0,0.9037,1524.0,0.9039,394.0,0.904,1089.0
1753547132419,16:25:32.419,AERO/USDT:USDT,0.9038,9.0,0.9037,1524.0,0.9039,544.0,0.904,1089.0
1753547132617,16:25:32.617,AERO/USDT:USDT,0.9038,9.0,0.9037,1524.0,0.9039,544.0,0.904,1089.0
1753547133118,16:25:33.118,AERO/USDT:USDT,0.9038,9.0,0.9037,1524.0,0.9039,550.0,0.904,1112.0
1753547133619,16:25:33.619,AERO/USDT:USDT,0.9038,9.0,0.9037,1524.0,0.9039,550.0,0.904,993.0
1753547133719,16:25:33.719,AERO/USDT:USDT,0.9038,9.0,0.9037,1524.0,0.9039,550.0,0.904,1112.0
1753547134523,16:25:34.523,AERO/USDT:USDT,0.9038,9.0,0.9037,1524.0,0.9039,550.0,0.904,1089.0
1753547134720,16:25:34.720,AERO/USDT:USDT,0.9038,9.0,0.9037,1524.0,0.9039,550.0,0.904,993.0
1753547134919,16:25:34.919,AERO/USDT:USDT,0.9038,9.0,0.9037,1524.0,0.9039,550.0,0.904,1089.0
1753547135118,16:25:35.118,AERO/USDT:USDT,0.9038,9.0,0.9037,1524.0,0.9039,550.0,0.904,1089.0
1753547135217,16:25:35.217,AERO/USDT:USDT,0.9038,9.0,0.9037,1524.0,0.9039,550.0,0.904,1112.0
1753547135318,16:25:35.318,AERO/USDT:USDT,0.9038,9.0,0.9037,1524.0,0.9039,550.0,0.904,1089.0
1753547135418,16:25:35.418,AERO/USDT:USDT,0.9038,9.0,0.9037,1524.0,0.9039,550.0,0.904,993.0
1753547135519,16:25:35.519,AERO/USDT:USDT,0.9038,9.0,0.9037,1524.0,0.9039,550.0,0.904,993.0
1753547135619,16:25:35.619,AERO/USDT:USDT,0.9038,9.0,0.9037,1524.0,0.9039,550.0,0.904,993.0
1753547135718,16:25:35.718,AERO/USDT:USDT,0.9038,9.0,0.9037,1524.0,0.9039,550.0,0.904,993.0
1753547136017,16:25:36.017,AERO/USDT:USDT,0.9038,9.0,0.9037,1524.0,0.9039,1431.0,0.904,1173.0
1753547136118,16:25:36.118,AERO/USDT:USDT,0.9038,9.0,0.9037,1524.0,0.9039,1431.0,0.904,1173.0
1753547136217,16:25:36.217,AERO/USDT:USDT,0.9038,9.0,0.9037,1524.0,0.9039,1431.0,0.904,1173.0
1753547136318,16:25:36.318,AERO/USDT:USDT,0.9038,9.0,0.9037,1524.0,0.9039,1408.0,0.904,1173.0
1753547136420,16:25:36.420,AERO/USDT:USDT,0.9038,9.0,0.9037,1524.0,0.9039,1408.0,0.904,1173.0
1753547136718,16:25:36.718,AERO/USDT:USDT,0.9038,9.0,0.9037,1524.0,0.9039,1408.0,0.904,1173.0
1753547137018,16:25:37.018,AERO/USDT:USDT,0.9038,9.0,0.9037,1524.0,0.9039,1408.0,0.904,1173.0
1753547137117,16:25:37.117,AERO/USDT:USDT,0.9038,9.0,0.9037,1524.0,0.9039,1504.0,0.904,1173.0
1753547137219,16:25:37.219,AERO/USDT:USDT,0.9038,9.0,0.9037,1524.0,0.9039,1408.0,0.904,1173.0
1753547137419,16:25:37.419,AERO/USDT:USDT,0.9038,9.0,0.9037,1524.0,0.9039,1408.0,0.904,1173.0
1753547138219,16:25:38.219,AERO/USDT:USDT,0.9038,9.0,0.9037,1524.0,0.9039,1408.0,0.904,1173.0
1753547138317,16:25:38.317,AERO/USDT:USDT,0.9038,9.0,0.9037,1524.0,0.9039,1408.0,0.904,1173.0
1753547138520,16:25:38.520,AERO/USDT:USDT,0.9038,9.0,0.9037,1524.0,0.9039,1504.0,0.904,1173.0
1753547139318,16:25:39.318,AERO/USDT:USDT,0.9038,9.0,0.9037,1524.0,0.9039,1504.0,0.904,1173.0
1753547140118,16:25:40.118,AERO/USDT:USDT,0.9037,1524.0,0.9036,9.0,0.9038,1430.0,0.9039,1375.0
1753547140919,16:25:40.919,AERO/USDT:USDT,0.9037,1524.0,0.9036,9.0,0.9038,1130.0,0.9039,1279.0
1753547141019,16:25:41.019,AERO/USDT:USDT,0.9037,1524.0,0.9036,9.0,0.9038,1130.0,0.9039,1279.0
1753547141117,16:25:41.117,AERO/USDT:USDT,0.9037,1524.0,0.9036,9.0,0.9038,1136.0,0.9039,1369.0
1753547141419,16:25:41.419,AERO/USDT:USDT,0.9037,1524.0,0.9036,9.0,0.9038,1136.0,0.9039,1369.0
1753547141617,16:25:41.617,AERO/USDT:USDT,0.9037,1524.0,0.9036,9.0,0.9038,1136.0,0.9039,1369.0
1753547141918,16:25:41.918,AERO/USDT:USDT,0.9037,1524.0,0.9036,9.0,0.9038,1136.0,0.9039,1369.0
1753547142119,16:25:42.119,AERO/USDT:USDT,0.9037,1524.0,0.9036,9.0,0.9038,1136.0,0.9039,1369.0
1753547142219,16:25:42.219,AERO/USDT:USDT,0.9037,1524.0,0.9036,9.0,0.9038,1136.0,0.9039,1369.0
1753547142317,16:25:42.317,AERO/USDT:USDT,0.9037,1524.0,0.9036,9.0,0.9038,1136.0,0.9039,1369.0
1753547142420,16:25:42.420,AERO/USDT:USDT,0.9037,1524.0,0.9036,9.0,0.9038,1136.0,0.9039,1369.0
1753547142717,16:25:42.717,AERO/USDT:USDT,0.9037,1524.0,0.9036,9.0,0.9038,1136.0,0.9039,1369.0
1753547142920,16:25:42.920,AERO/USDT:USDT,0.9037,1524.0,0.9036,9.0,0.9038,1136.0,0.9039,1369.0
1753547143018,16:25:43.018,AERO/USDT:USDT,0.9037,1524.0,0.9036,9.0,0.9038,1136.0,0.9039,1369.0
1753547143219,16:25:43.219,AERO/USDT:USDT,0.9037,1524.0,0.9036,9.0,0.9038,1136.0,0.9039,1369.0
1753547143319,16:25:43.319,AERO/USDT:USDT,0.9037,1524.0,0.9036,9.0,0.9038,1136.0,0.9039,1369.0
1753547143419,16:25:43.419,AERO/USDT:USDT,0.9037,1524.0,0.9036,9.0,0.9038,1136.0,0.9039,1369.0
1753547143517,16:25:43.517,AERO/USDT:USDT,0.9037,1524.0,0.9036,9.0,0.9038,1136.0,0.9039,1369.0
1753547144618,16:25:44.618,AERO/USDT:USDT,0.9037,1524.0,0.9036,9.0,0.9038,1136.0,0.9039,1369.0
1753547144718,16:25:44.718,AERO/USDT:USDT,0.9037,1524.0,0.9036,9.0,0.9038,1136.0,0.9039,1369.0
1753547144817,16:25:44.817,AERO/USDT:USDT,0.9037,1524.0,0.9036,9.0,0.9038,1136.0,0.9039,1369.0
1753547145017,16:25:45.017,AERO/USDT:USDT,0.9037,1524.0,0.9036,9.0,0.9038,1136.0,0.9039,1369.0
1753547145520,16:25:45.520,AERO/USDT:USDT,0.9037,1524.0,0.9036,691.0,0.9038,550.0,0.9039,1273.0
1753547145618,16:25:45.618,AERO/USDT:USDT,0.9037,1524.0,0.9036,691.0,0.9038,550.0,0.9039,1273.0
1753547145717,16:25:45.717,AERO/USDT:USDT,0.9037,1524.0,0.9036,691.0,0.9038,550.0,0.9039,1006.0
1753547145818,16:25:45.818,AERO/USDT:USDT,0.9037,1524.0,0.9036,691.0,0.9038,550.0,0.9039,1006.0
1753547145918,16:25:45.918,AERO/USDT:USDT,0.9037,1524.0,0.9036,691.0,0.9038,550.0,0.9039,1006.0
1753547146118,16:25:46.118,AERO/USDT:USDT,0.9037,1524.0,0.9036,691.0,0.9038,544.0,0.9039,1006.0
1753547146219,16:25:46.219,AERO/USDT:USDT,0.9037,1524.0,0.9036,9.0,0.9038,544.0,0.9039,1006.0
1753547146417,16:25:46.417,AERO/USDT:USDT,0.9037,1524.0,0.9036,9.0,0.9038,1130.0,0.9039,1238.0
1753547146524,16:25:46.524,AERO/USDT:USDT,0.9037,1524.0,0.9036,9.0,0.9038,1130.0,0.9039,1238.0
1753547146619,16:25:46.619,AERO/USDT:USDT,0.9037,1524.0,0.9036,9.0,0.9038,1130.0,0.9039,1238.0
1753547146718,16:25:46.718,AERO/USDT:USDT,0.9037,1524.0,0.9036,9.0,0.9038,1130.0,0.9039,1238.0
1753547146818,16:25:46.818,AERO/USDT:USDT,0.9037,1524.0,0.9036,9.0,0.9038,1130.0,0.9039,1238.0
1753547147020,16:25:47.020,AERO/USDT:USDT,0.9037,1524.0,0.9036,9.0,0.9038,1130.0,0.9039,1238.0
1753547147117,16:25:47.117,AERO/USDT:USDT,0.9037,1524.0,0.9036,9.0,0.9038,1136.0,0.9039,1238.0
1753547147218,16:25:47.218,AERO/USDT:USDT,0.9036,9.0,0.9035,9.0,0.9037,1256.0,0.9038,1682.0
1753547147517,16:25:47.517,AERO/USDT:USDT,0.9034,593.0,0.9033,1367.0,0.9036,996.0,0.9037,1626.0
1753547147818,16:25:47.818,AERO/USDT:USDT,0.9035,593.0,0.9034,698.0,0.9036,99.0,0.9037,554.0
1753547147917,16:25:47.917,AERO/USDT:USDT,0.9035,593.0,0.9034,602.0,0.9036,99.0,0.9037,554.0
1753547148117,16:25:48.117,AERO/USDT:USDT,0.9035,593.0,0.9034,602.0,0.9036,99.0,0.9037,554.0
1753547148217,16:25:48.217,AERO/USDT:USDT,0.9035,593.0,0.9034,602.0,0.9036,99.0,0.9037,554.0
1753547148319,16:25:48.319,AERO/USDT:USDT,0.9035,593.0,0.9034,602.0,0.9036,99.0,0.9037,554.0
1753547148419,16:25:48.419,AERO/USDT:USDT,0.9035,593.0,0.9034,602.0,0.9036,99.0,0.9037,554.0
1753547148517,16:25:48.517,AERO/USDT:USDT,0.9035,593.0,0.9034,602.0,0.9036,99.0,0.9037,650.0
1753547149117,16:25:49.117,AERO/USDT:USDT,0.9035,593.0,0.9034,602.0,0.9036,99.0,0.9037,650.0
1753547149218,16:25:49.218,AERO/USDT:USDT,0.9035,593.0,0.9034,602.0,0.9036,99.0,0.9037,650.0
1753547149517,16:25:49.517,AERO/USDT:USDT,0.9035,593.0,0.9034,602.0,0.9036,99.0,0.9037,650.0
1753547149618,16:25:49.618,AERO/USDT:USDT,0.9035,593.0,0.9034,602.0,0.9036,99.0,0.9037,650.0
1753547149719,16:25:49.719,AERO/USDT:USDT,0.9035,593.0,0.9034,602.0,0.9036,99.0,0.9037,650.0
1753547150117,16:25:50.117,AERO/USDT:USDT,0.9035,593.0,0.9034,602.0,0.9036,99.0,0.9037,554.0
1753547150217,16:25:50.217,AERO/USDT:USDT,0.9035,649.0,0.9034,602.0,0.9036,99.0,0.9037,554.0
1753547150418,16:25:50.418,AERO/USDT:USDT,0.9034,9.0,0.9033,1367.0,0.9036,1133.0,0.9037,1468.0
