timestamp,time,exchange,symbol,bid1_price,bid1_volume,bid2_price,bid2_volume,ask1_price,ask1_volume,ask2_price,ask2_volume
1753591885097,04:51:25.097,bybit,AERGO/USDT:USDT,0.13297,10.0,0.13296,438.0,0.13298,31360.0,0.13299,8196.0
1753591885296,04:51:25.296,bybit,AERGO/USDT:USDT,0.13297,10.0,0.13296,438.0,0.13298,31645.0,0.13299,8196.0
1753591888697,04:51:28.697,bybit,AERGO/USDT:USDT,0.13297,10.0,0.13296,438.0,0.13298,31645.0,0.13299,8196.0
1753591889497,04:51:29.497,bybit,AERGO/USDT:USDT,0.13297,10.0,0.13296,438.0,0.13298,31645.0,0.13299,8196.0
1753591890797,04:51:30.797,bybit,AERGO/USDT:USDT,0.13297,10.0,0.13296,438.0,0.13298,31360.0,0.13299,8196.0
1753591890997,04:51:30.997,bybit,AERGO/USDT:USDT,0.13297,10.0,0.13296,438.0,0.13298,31360.0,0.13299,8468.0
1753591891097,04:51:31.097,bybit,AERGO/USDT:USDT,0.13297,10.0,0.13296,438.0,0.13298,31360.0,0.13299,8468.0
1753591892197,04:51:32.197,bybit,AERGO/USDT:USDT,0.13297,10.0,0.13296,438.0,0.13298,31360.0,0.13299,8468.0
1753591892597,04:51:32.597,bybit,AERGO/USDT:USDT,0.13297,10.0,0.13296,438.0,0.13298,31361.0,0.13299,8468.0
1753591892896,04:51:32.896,bybit,AERGO/USDT:USDT,0.13297,10.0,0.13296,438.0,0.13298,31361.0,0.13299,8468.0
1753591892996,04:51:32.996,bybit,AERGO/USDT:USDT,0.13297,10.0,0.13296,438.0,0.13298,31361.0,0.13299,8468.0
1753591893098,04:51:33.098,bybit,AERGO/USDT:USDT,0.13297,10.0,0.13296,438.0,0.13298,31361.0,0.13299,8468.0
1753591894997,04:51:34.997,bybit,AERGO/USDT:USDT,0.13297,10.0,0.13296,438.0,0.13298,31358.0,0.13299,8468.0
1753591895096,04:51:35.096,bybit,AERGO/USDT:USDT,0.13297,10.0,0.13296,438.0,0.13298,31358.0,0.13299,8468.0
1753591896197,04:51:36.197,bybit,AERGO/USDT:USDT,0.13297,10.0,0.13296,438.0,0.13298,31358.0,0.13299,8468.0
1753591898196,04:51:38.196,bybit,AERGO/USDT:USDT,0.13297,10.0,0.13296,438.0,0.13298,31381.0,0.13299,8550.0
1753591898297,04:51:38.297,bybit,AERGO/USDT:USDT,0.13297,10.0,0.13296,438.0,0.13298,31381.0,0.13299,8468.0
1753591898496,04:51:38.496,bybit,AERGO/USDT:USDT,0.13297,10.0,0.13296,438.0,0.13298,31381.0,0.13299,8468.0
1753591899597,04:51:39.597,bybit,AERGO/USDT:USDT,0.13297,10.0,0.13296,438.0,0.13298,31389.0,0.13299,8468.0
1753591899796,04:51:39.796,bybit,AERGO/USDT:USDT,0.13297,10.0,0.13296,438.0,0.13298,31389.0,0.13299,8468.0
1753591900099,04:51:40.099,bybit,AERGO/USDT:USDT,0.13297,10.0,0.13296,438.0,0.13298,31389.0,0.13299,8468.0
1753591900597,04:51:40.597,bybit,AERGO/USDT:USDT,0.13297,10.0,0.13296,438.0,0.13298,31389.0,0.13299,8196.0
1753591900997,04:51:40.997,bybit,AERGO/USDT:USDT,0.13297,10.0,0.13296,438.0,0.13298,31389.0,0.13299,8196.0
1753591901096,04:51:41.096,bybit,AERGO/USDT:USDT,0.13297,10.0,0.13296,438.0,0.13298,31389.0,0.13299,8196.0
1753591901697,04:51:41.697,bybit,AERGO/USDT:USDT,0.13297,10.0,0.13296,438.0,0.13298,31389.0,0.13299,8196.0
1753591901796,04:51:41.796,bybit,AERGO/USDT:USDT,0.13297,10.0,0.13296,438.0,0.13298,31389.0,0.13299,8196.0
1753591902197,04:51:42.197,bybit,AERGO/USDT:USDT,0.13297,10.0,0.13296,438.0,0.13298,31389.0,0.13299,8196.0
1753591902297,04:51:42.297,bybit,AERGO/USDT:USDT,0.13297,10.0,0.13296,438.0,0.13298,31389.0,0.13299,8196.0
1753591902696,04:51:42.696,bybit,AERGO/USDT:USDT,0.13297,10.0,0.13296,438.0,0.13298,31389.0,0.13299,8196.0
1753591904797,04:51:44.797,bybit,AERGO/USDT:USDT,0.13297,10.0,0.13296,438.0,0.13298,31389.0,0.13299,8196.0
1753591904897,04:51:44.897,bybit,AERGO/USDT:USDT,0.13297,10.0,0.13296,438.0,0.13298,31389.0,0.13299,8196.0
1753591905197,04:51:45.197,bybit,AERGO/USDT:USDT,0.13297,10.0,0.13296,438.0,0.13298,31389.0,0.13299,8196.0
1753591905397,04:51:45.397,bybit,AERGO/USDT:USDT,0.13297,10.0,0.13296,438.0,0.13298,31389.0,0.13299,8488.0
1753591906297,04:51:46.297,bybit,AERGO/USDT:USDT,0.13297,10.0,0.13296,438.0,0.13298,31389.0,0.13299,8488.0
1753591906597,04:51:46.597,bybit,AERGO/USDT:USDT,0.13297,10.0,0.13296,438.0,0.13298,31389.0,0.13299,8488.0
1753591906697,04:51:46.697,bybit,AERGO/USDT:USDT,0.13297,10.0,0.13296,438.0,0.13298,31389.0,0.13299,8196.0
1753591906897,04:51:46.897,bybit,AERGO/USDT:USDT,0.13297,10.0,0.13296,438.0,0.13298,31389.0,0.13299,8196.0
1753591907396,04:51:47.396,bybit,AERGO/USDT:USDT,0.13297,10.0,0.13296,438.0,0.13298,31389.0,0.13299,8196.0
1753591907697,04:51:47.697,bybit,AERGO/USDT:USDT,0.13297,10.0,0.13296,438.0,0.13298,31766.0,0.13299,8410.0
1753591907897,04:51:47.897,bybit,AERGO/USDT:USDT,0.13297,10.0,0.13296,438.0,0.13298,31766.0,0.13299,8410.0
1753591907997,04:51:47.997,bybit,AERGO/USDT:USDT,0.13297,10.0,0.13296,438.0,0.13298,31766.0,0.13299,8410.0
1753591908797,04:51:48.797,bybit,AERGO/USDT:USDT,0.13297,10.0,0.13296,438.0,0.13298,31766.0,0.13299,8410.0
1753591908897,04:51:48.897,bybit,AERGO/USDT:USDT,0.13297,10.0,0.13296,438.0,0.13298,31766.0,0.13299,8410.0
1753591909197,04:51:49.197,bybit,AERGO/USDT:USDT,0.13297,10.0,0.13296,438.0,0.13298,31766.0,0.13299,8410.0
1753591910497,04:51:50.497,bybit,AERGO/USDT:USDT,0.13297,10.0,0.13296,438.0,0.13298,31766.0,0.13299,8410.0
1753591910598,04:51:50.598,bybit,AERGO/USDT:USDT,0.13297,10.0,0.13296,438.0,0.13298,31766.0,0.13299,8410.0
1753591910697,04:51:50.697,bybit,AERGO/USDT:USDT,0.13297,10.0,0.13296,438.0,0.13298,31766.0,0.13299,8278.0
1753591910896,04:51:50.896,bybit,AERGO/USDT:USDT,0.13297,10.0,0.13296,438.0,0.13298,31766.0,0.13299,8278.0
1753591911197,04:51:51.197,bybit,AERGO/USDT:USDT,0.13297,10.0,0.13296,438.0,0.13298,31766.0,0.13299,8278.0
1753591911297,04:51:51.297,bybit,AERGO/USDT:USDT,0.13297,10.0,0.13296,438.0,0.13298,31766.0,0.13299,8278.0
1753591911497,04:51:51.497,bybit,AERGO/USDT:USDT,0.13297,10.0,0.13296,438.0,0.13298,31471.0,0.13299,8278.0
1753591911597,04:51:51.597,bybit,AERGO/USDT:USDT,0.13297,24.0,0.13296,438.0,0.13298,31471.0,0.13299,8278.0
1753591911997,04:51:51.997,bybit,AERGO/USDT:USDT,0.13297,24.0,0.13296,438.0,0.13298,31656.0,0.13299,8278.0
1753591912197,04:51:52.197,bybit,AERGO/USDT:USDT,0.13297,24.0,0.13296,438.0,0.13298,31656.0,0.13299,8278.0
1753591912298,04:51:52.298,bybit,AERGO/USDT:USDT,0.13297,24.0,0.13296,438.0,0.13298,31389.0,0.13299,8278.0
1753591912497,04:51:52.497,bybit,AERGO/USDT:USDT,0.13297,24.0,0.13296,438.0,0.13298,31389.0,0.13299,8555.0
1753591912596,04:51:52.596,bybit,AERGO/USDT:USDT,0.13297,24.0,0.13296,438.0,0.13298,31389.0,0.13299,8278.0
1753591912797,04:51:52.797,bybit,AERGO/USDT:USDT,0.13297,24.0,0.13296,438.0,0.13298,31389.0,0.13299,8278.0
1753591913396,04:51:53.396,bybit,AERGO/USDT:USDT,0.13297,24.0,0.13296,438.0,0.13298,31389.0,0.13299,8278.0
1753591913897,04:51:53.897,bybit,AERGO/USDT:USDT,0.13297,24.0,0.13296,438.0,0.13298,31389.0,0.13299,8278.0
1753591914197,04:51:54.197,bybit,AERGO/USDT:USDT,0.13297,24.0,0.13296,438.0,0.13298,31389.0,0.13299,8278.0
1753591914397,04:51:54.397,bybit,AERGO/USDT:USDT,0.13297,24.0,0.13296,438.0,0.13298,31389.0,0.13299,8278.0
1753591914697,04:51:54.697,bybit,AERGO/USDT:USDT,0.13297,24.0,0.13296,438.0,0.13298,31412.0,0.13299,8278.0
1753591915097,04:51:55.097,bybit,AERGO/USDT:USDT,0.13297,24.0,0.13296,438.0,0.13298,31412.0,0.13299,8278.0
1753591915897,04:51:55.897,bybit,AERGO/USDT:USDT,0.13297,24.0,0.13296,438.0,0.13298,31412.0,0.13299,8278.0
1753591915997,04:51:55.997,bybit,AERGO/USDT:USDT,0.13297,24.0,0.13296,438.0,0.13298,31412.0,0.13299,8278.0
1753591916697,04:51:56.697,bybit,AERGO/USDT:USDT,0.13297,24.0,0.13296,438.0,0.13298,31412.0,0.13299,8278.0
1753591916796,04:51:56.796,bybit,AERGO/USDT:USDT,0.13297,24.0,0.13296,438.0,0.13298,31412.0,0.13299,8278.0
1753591918099,04:51:58.099,bybit,AERGO/USDT:USDT,0.13297,24.0,0.13296,438.0,0.13298,31406.0,0.13299,8278.0
1753591918197,04:51:58.197,bybit,AERGO/USDT:USDT,0.13297,2024.0,0.13296,438.0,0.13298,31406.0,0.13299,8278.0
1753591918697,04:51:58.697,bybit,AERGO/USDT:USDT,0.13297,2024.0,0.13296,438.0,0.13298,31406.0,0.13299,8278.0
1753591919098,04:51:59.098,bybit,AERGO/USDT:USDT,0.13297,2024.0,0.13296,438.0,0.13298,31406.0,0.13299,8278.0
1753591919197,04:51:59.197,bybit,AERGO/USDT:USDT,0.13297,2024.0,0.13296,438.0,0.13298,31406.0,0.13299,8278.0
1753591919297,04:51:59.297,bybit,AERGO/USDT:USDT,0.13297,2024.0,0.13296,438.0,0.13298,31406.0,0.13299,8278.0
1753591919397,04:51:59.397,bybit,AERGO/USDT:USDT,0.13297,2024.0,0.13296,438.0,0.13298,31406.0,0.13299,8278.0
1753591920097,04:52:00.097,bybit,AERGO/USDT:USDT,0.13297,2024.0,0.13296,438.0,0.13298,31406.0,0.13299,8278.0
1753591920397,04:52:00.397,bybit,AERGO/USDT:USDT,0.13297,2024.0,0.13296,438.0,0.13298,31406.0,0.13299,8278.0
1753591920697,04:52:00.697,bybit,AERGO/USDT:USDT,0.13297,2024.0,0.13296,438.0,0.13298,31406.0,0.13299,8278.0
1753591921497,04:52:01.497,bybit,AERGO/USDT:USDT,0.13297,2024.0,0.13296,438.0,0.13298,31406.0,0.13299,8196.0
1753591921597,04:52:01.597,bybit,AERGO/USDT:USDT,0.13297,2024.0,0.13296,438.0,0.13298,31406.0,0.13299,8196.0
1753591921697,04:52:01.697,bybit,AERGO/USDT:USDT,0.13297,2024.0,0.13296,438.0,0.13298,31406.0,0.13299,8196.0
1753591921796,04:52:01.796,bybit,AERGO/USDT:USDT,0.13297,2024.0,0.13296,438.0,0.13298,31406.0,0.13299,8278.0
1753591921997,04:52:01.997,bybit,AERGO/USDT:USDT,0.13297,2024.0,0.13296,438.0,0.13298,31406.0,0.13299,8278.0
1753591922197,04:52:02.197,bybit,AERGO/USDT:USDT,0.13297,2024.0,0.13296,438.0,0.13298,31406.0,0.13299,8278.0
1753591922297,04:52:02.297,bybit,AERGO/USDT:USDT,0.13297,2024.0,0.13296,438.0,0.13298,31661.0,0.13299,8278.0
1753591922397,04:52:02.397,bybit,AERGO/USDT:USDT,0.13297,2024.0,0.13296,438.0,0.13298,31661.0,0.13299,8278.0
1753591922497,04:52:02.497,bybit,AERGO/USDT:USDT,0.13297,2024.0,0.13296,438.0,0.13298,31661.0,0.13299,8278.0
1753591922797,04:52:02.797,bybit,AERGO/USDT:USDT,0.13297,2024.0,0.13296,438.0,0.13298,31406.0,0.13299,8651.0
1753591922897,04:52:02.897,bybit,AERGO/USDT:USDT,0.13297,1949.0,0.13296,438.0,0.13298,31406.0,0.13299,8651.0
1753591924196,04:52:04.196,bybit,AERGO/USDT:USDT,0.13296,438.0,0.13295,137.0,0.13298,31620.0,0.13299,8651.0
1753591925197,04:52:05.197,bybit,AERGO/USDT:USDT,0.13296,438.0,0.13295,137.0,0.13298,31488.0,0.13299,8651.0
1753591925797,04:52:05.797,bybit,AERGO/USDT:USDT,0.13296,438.0,0.13295,137.0,0.13298,31488.0,0.13299,8651.0
1753591925997,04:52:05.997,bybit,AERGO/USDT:USDT,0.13296,438.0,0.13295,137.0,0.13298,31488.0,0.13299,8651.0
1753591926197,04:52:06.197,bybit,AERGO/USDT:USDT,0.13296,2438.0,0.13295,137.0,0.13298,31488.0,0.13299,8651.0
1753591927098,04:52:07.098,bybit,AERGO/USDT:USDT,0.13296,2438.0,0.13295,137.0,0.13298,31488.0,0.13299,8651.0
1753591927197,04:52:07.197,bybit,AERGO/USDT:USDT,0.13297,2107.0,0.13296,2773.0,0.133,4.0,0.13302,38.0
1753591927297,04:52:07.297,bybit,AERGO/USDT:USDT,0.13298,2859.0,0.13297,524.0,0.133,4.0,0.13302,38.0
1753591927397,04:52:07.397,bybit,AERGO/USDT:USDT,0.13298,7002.0,0.13297,9384.0,0.133,4.0,0.13302,38.0
1753591927497,04:52:07.497,bybit,AERGO/USDT:USDT,0.13298,8221.0,0.13297,9384.0,0.133,4.0,0.13302,38.0
1753591927598,04:52:07.598,bybit,AERGO/USDT:USDT,0.13299,3182.0,0.13298,8278.0,0.13302,38.0,0.13303,453.0
1753591927698,04:52:07.698,bybit,AERGO/USDT:USDT,0.13299,2355.0,0.13298,8278.0,0.13302,38.0,0.13303,453.0
1753591927796,04:52:07.796,bybit,AERGO/USDT:USDT,0.13299,2355.0,0.13298,8278.0,0.13302,38.0,0.13303,453.0
1753591927996,04:52:07.996,bybit,AERGO/USDT:USDT,0.13299,2355.0,0.13298,8278.0,0.13302,38.0,0.13303,453.0
1753591928297,04:52:08.297,bybit,AERGO/USDT:USDT,0.133,3798.0,0.13299,773.0,0.13302,38.0,0.13303,453.0
1753591928397,04:52:08.397,bybit,AERGO/USDT:USDT,0.133,3798.0,0.13299,773.0,0.13302,38.0,0.13303,453.0
1753591928497,04:52:08.497,bybit,AERGO/USDT:USDT,0.133,3798.0,0.13299,773.0,0.13302,38.0,0.13303,453.0
1753591928697,04:52:08.697,bybit,AERGO/USDT:USDT,0.133,3798.0,0.13299,773.0,0.13302,38.0,0.13303,453.0
1753591929097,04:52:09.097,bybit,AERGO/USDT:USDT,0.133,3798.0,0.13299,773.0,0.13302,38.0,0.13304,1135.0
1753591929297,04:52:09.297,bybit,AERGO/USDT:USDT,0.133,3798.0,0.13299,773.0,0.13302,38.0,0.13303,418.0
1753591929997,04:52:09.997,bybit,AERGO/USDT:USDT,0.133,3798.0,0.13299,773.0,0.13302,38.0,0.13303,418.0
1753591930100,04:52:10.100,bybit,AERGO/USDT:USDT,0.13299,657.0,0.13298,6278.0,0.13302,38.0,0.13303,418.0
1753591930396,04:52:10.396,bybit,AERGO/USDT:USDT,0.13299,657.0,0.13298,6278.0,0.13302,38.0,0.13303,418.0
1753591930497,04:52:10.497,bybit,AERGO/USDT:USDT,0.133,10.0,0.13299,657.0,0.13302,38.0,0.13303,418.0
1753591930597,04:52:10.597,bybit,AERGO/USDT:USDT,0.133,10.0,0.13299,657.0,0.13302,38.0,0.13303,418.0
1753591931197,04:52:11.197,bybit,AERGO/USDT:USDT,0.133,10.0,0.13299,657.0,0.13302,38.0,0.13303,418.0
1753591931297,04:52:11.297,bybit,AERGO/USDT:USDT,0.133,10.0,0.13299,657.0,0.13302,38.0,0.13303,418.0
1753591932099,04:52:12.099,bybit,AERGO/USDT:USDT,0.133,10.0,0.13299,657.0,0.13302,38.0,0.13303,498.0
1753591932197,04:52:12.197,bybit,AERGO/USDT:USDT,0.133,10.0,0.13299,657.0,0.13302,38.0,0.13303,498.0
1753591932297,04:52:12.297,bybit,AERGO/USDT:USDT,0.133,10.0,0.13299,657.0,0.13302,38.0,0.13303,498.0
1753591932997,04:52:12.997,bybit,AERGO/USDT:USDT,0.133,10.0,0.13299,657.0,0.13302,118.0,0.13303,498.0
1753591933097,04:52:13.097,bybit,AERGO/USDT:USDT,0.133,10.0,0.13299,657.0,0.13302,38.0,0.13303,498.0
1753591933597,04:52:13.597,bybit,AERGO/USDT:USDT,0.133,10.0,0.13299,657.0,0.13302,38.0,0.13303,418.0
1753591934697,04:52:14.697,bybit,AERGO/USDT:USDT,0.133,10.0,0.13299,657.0,0.13302,38.0,0.13303,418.0
1753591934797,04:52:14.797,bybit,AERGO/USDT:USDT,0.133,10.0,0.13299,657.0,0.13302,38.0,0.13303,418.0
1753591935497,04:52:15.497,bybit,AERGO/USDT:USDT,0.133,10.0,0.13299,657.0,0.13302,48.0,0.13303,418.0
1753591936096,04:52:16.096,bybit,AERGO/USDT:USDT,0.13299,657.0,0.13298,6278.0,0.13302,48.0,0.13303,418.0
1753591936197,04:52:16.197,bybit,AERGO/USDT:USDT,0.13299,657.0,0.13298,6278.0,0.13302,48.0,0.13303,418.0
1753591936396,04:52:16.396,bybit,AERGO/USDT:USDT,0.13299,657.0,0.13298,6278.0,0.13302,48.0,0.13303,418.0
1753591936797,04:52:16.797,bybit,AERGO/USDT:USDT,0.13299,657.0,0.13298,6278.0,0.13302,48.0,0.13303,418.0
1753591936996,04:52:16.996,bybit,AERGO/USDT:USDT,0.13299,657.0,0.13298,6278.0,0.13302,48.0,0.13303,418.0
1753591937097,04:52:17.097,bybit,AERGO/USDT:USDT,0.13299,657.0,0.13298,6278.0,0.13302,48.0,0.13303,418.0
1753591937197,04:52:17.197,bybit,AERGO/USDT:USDT,0.13299,657.0,0.13298,6278.0,0.13302,48.0,0.13303,498.0
1753591937297,04:52:17.297,bybit,AERGO/USDT:USDT,0.13299,657.0,0.13298,6278.0,0.13302,48.0,0.13303,418.0
1753591937397,04:52:17.397,bybit,AERGO/USDT:USDT,0.13299,657.0,0.13298,6278.0,0.13302,48.0,0.13303,418.0
1753591937897,04:52:17.897,bybit,AERGO/USDT:USDT,0.13299,657.0,0.13298,6278.0,0.13302,48.0,0.13303,498.0
1753591938497,04:52:18.497,bybit,AERGO/USDT:USDT,0.13299,657.0,0.13298,6278.0,0.13302,48.0,0.13303,418.0
1753591939697,04:52:19.697,bybit,AERGO/USDT:USDT,0.13299,657.0,0.13298,4979.0,0.13302,166.0,0.13303,499.0
1753591939797,04:52:19.797,bybit,AERGO/USDT:USDT,0.13299,657.0,0.13298,4979.0,0.13302,166.0,0.13303,499.0
1753591939897,04:52:19.897,bybit,AERGO/USDT:USDT,0.13299,657.0,0.13298,4979.0,0.13301,526.0,0.13302,378.0
1753591939997,04:52:19.997,bybit,AERGO/USDT:USDT,0.13299,657.0,0.13298,4979.0,0.13301,526.0,0.13302,378.0
1753591940099,04:52:20.099,bybit,AERGO/USDT:USDT,0.13299,657.0,0.13298,4979.0,0.13301,606.0,0.13302,378.0
1753591940197,04:52:20.197,bybit,AERGO/USDT:USDT,0.13299,657.0,0.13298,4979.0,0.13301,606.0,0.13302,378.0
1753591940697,04:52:20.697,bybit,AERGO/USDT:USDT,0.13299,657.0,0.13298,4979.0,0.13301,526.0,0.13302,378.0
1753591940797,04:52:20.797,bybit,AERGO/USDT:USDT,0.13299,657.0,0.13298,4979.0,0.13301,526.0,0.13302,378.0
1753591940998,04:52:20.998,bybit,AERGO/USDT:USDT,0.13299,657.0,0.13298,4979.0,0.13302,166.0,0.13303,161.0
1753591941097,04:52:21.097,bybit,AERGO/USDT:USDT,0.13299,657.0,0.13298,4979.0,0.13302,166.0,0.13303,161.0
1753591941296,04:52:21.296,bybit,AERGO/USDT:USDT,0.13299,657.0,0.13298,4979.0,0.13302,657.0,0.13303,293.0
1753591941397,04:52:21.397,bybit,AERGO/USDT:USDT,0.13299,657.0,0.13298,4979.0,0.13302,789.0,0.13303,293.0
1753591942497,04:52:22.497,bybit,AERGO/USDT:USDT,0.13299,657.0,0.13298,4979.0,0.13302,789.0,0.13303,293.0
1753591942797,04:52:22.797,bybit,AERGO/USDT:USDT,0.13299,657.0,0.13298,4979.0,0.13302,789.0,0.13303,293.0
1753591942896,04:52:22.896,bybit,AERGO/USDT:USDT,0.13299,657.0,0.13298,4979.0,0.13302,789.0,0.13303,293.0
1753591943097,04:52:23.097,bybit,AERGO/USDT:USDT,0.13299,657.0,0.13298,4979.0,0.13302,789.0,0.13303,293.0
1753591943197,04:52:23.197,bybit,AERGO/USDT:USDT,0.13299,657.0,0.13298,4979.0,0.13302,657.0,0.13303,293.0
1753591943297,04:52:23.297,bybit,AERGO/USDT:USDT,0.13299,657.0,0.13298,4979.0,0.13302,657.0,0.13303,293.0
1753591943598,04:52:23.598,bybit,AERGO/USDT:USDT,0.13299,657.0,0.13298,4979.0,0.13302,577.0,0.13303,293.0
1753591943697,04:52:23.697,bybit,AERGO/USDT:USDT,0.13299,657.0,0.13298,4979.0,0.13302,789.0,0.13303,293.0
1753591944099,04:52:24.099,bybit,AERGO/USDT:USDT,0.13299,657.0,0.13298,4979.0,0.13302,577.0,0.13303,293.0
1753591944196,04:52:24.196,bybit,AERGO/USDT:USDT,0.13299,657.0,0.13298,4979.0,0.13302,577.0,0.13303,293.0
1753591944297,04:52:24.297,bybit,AERGO/USDT:USDT,0.13299,657.0,0.13298,4979.0,0.13302,789.0,0.13303,293.0
1753591946502,04:52:26.502,bybit,AERGO/USDT:USDT,0.13299,657.0,0.13298,4979.0,0.13302,789.0,0.13303,293.0
1753591946597,04:52:26.597,bybit,AERGO/USDT:USDT,0.13299,657.0,0.13298,4979.0,0.13302,789.0,0.13303,293.0
1753591947598,04:52:27.598,bybit,AERGO/USDT:USDT,0.13299,657.0,0.13298,2872.0,0.133,384.0,0.13302,260.0
1753591947698,04:52:27.698,bybit,AERGO/USDT:USDT,0.13299,57.0,0.13298,2872.0,0.133,596.0,0.13301,212.0
1753591947797,04:52:27.797,bybit,AERGO/USDT:USDT,0.13299,57.0,0.13298,2872.0,0.133,596.0,0.13301,212.0
1753591950997,04:52:30.997,bybit,AERGO/USDT:USDT,0.13299,57.0,0.13298,2872.0,0.133,516.0,0.13301,212.0
1753591951097,04:52:31.097,bybit,AERGO/USDT:USDT,0.13299,57.0,0.13298,2872.0,0.133,384.0,0.13302,128.0
1753591951297,04:52:31.297,bybit,AERGO/USDT:USDT,0.13299,57.0,0.13298,2872.0,0.13302,260.0,0.13303,161.0
1753591951397,04:52:31.397,bybit,AERGO/USDT:USDT,0.13299,57.0,0.13298,2872.0,0.13301,562.0,0.13302,260.0
1753591951897,04:52:31.897,bybit,AERGO/USDT:USDT,0.13299,57.0,0.13298,2872.0,0.13301,562.0,0.13302,180.0
1753591951996,04:52:31.996,bybit,AERGO/USDT:USDT,0.13299,57.0,0.13298,2872.0,0.13301,562.0,0.13302,260.0
1753591952097,04:52:32.097,bybit,AERGO/USDT:USDT,0.13299,57.0,0.13298,2872.0,0.13301,562.0,0.13302,180.0
1753591953797,04:52:33.797,bybit,AERGO/USDT:USDT,0.133,10.0,0.13299,57.0,0.13301,430.0,0.13302,180.0
1753591953896,04:52:33.896,bybit,AERGO/USDT:USDT,0.133,10.0,0.13299,57.0,0.13301,430.0,0.13302,180.0
1753591953997,04:52:33.997,bybit,AERGO/USDT:USDT,0.133,10.0,0.13299,57.0,0.13301,562.0,0.13302,260.0
1753591956100,04:52:36.100,bybit,AERGO/USDT:USDT,0.133,10.0,0.13299,57.0,0.13301,562.0,0.13302,260.0
1753591957098,04:52:37.098,bybit,AERGO/USDT:USDT,0.133,10.0,0.13299,57.0,0.13301,562.0,0.13302,260.0
1753591959797,04:52:39.797,bybit,AERGO/USDT:USDT,0.133,10.0,0.13299,57.0,0.13301,430.0,0.13302,128.0
1753591962297,04:52:42.297,bybit,AERGO/USDT:USDT,0.133,10.0,0.13299,57.0,0.13301,430.0,0.13302,180.0
1753591964397,04:52:44.397,bybit,AERGO/USDT:USDT,0.133,10.0,0.13299,57.0,0.13301,430.0,0.13302,180.0
1753591965297,04:52:45.297,bybit,AERGO/USDT:USDT,0.133,10.0,0.13299,57.0,0.13301,430.0,0.13302,180.0
1753591968099,04:52:48.099,bybit,AERGO/USDT:USDT,0.133,10.0,0.13299,57.0,0.13302,48.0,0.13303,325.0
1753591968197,04:52:48.197,bybit,AERGO/USDT:USDT,0.133,10.0,0.13299,57.0,0.13302,48.0,0.13303,193.0
1753591968297,04:52:48.297,bybit,AERGO/USDT:USDT,0.133,10.0,0.13299,57.0,0.13302,48.0,0.13303,193.0
1753591968697,04:52:48.697,bybit,AERGO/USDT:USDT,0.133,10.0,0.13299,57.0,0.13302,480.0,0.13303,193.0
1753591968796,04:52:48.796,bybit,AERGO/USDT:USDT,0.133,10.0,0.13299,57.0,0.13302,480.0,0.13303,325.0
1753591970997,04:52:50.997,bybit,AERGO/USDT:USDT,0.133,10.0,0.13299,57.0,0.13302,1206.0,0.13303,325.0
1753591972897,04:52:52.897,bybit,AERGO/USDT:USDT,0.133,10.0,0.13299,57.0,0.13302,1206.0,0.13303,325.0
1753591972997,04:52:52.997,bybit,AERGO/USDT:USDT,0.133,10.0,0.13299,57.0,0.13302,1206.0,0.13303,268.0
1753591973197,04:52:53.197,bybit,AERGO/USDT:USDT,0.133,10.0,0.13299,57.0,0.13302,1074.0,0.13303,81.0
1753591973297,04:52:53.297,bybit,AERGO/USDT:USDT,0.133,10.0,0.13299,57.0,0.13302,1074.0,0.13303,213.0
1753591973397,04:52:53.397,bybit,AERGO/USDT:USDT,0.133,10.0,0.13299,57.0,0.13302,1074.0,0.13303,213.0
1753591973497,04:52:53.497,bybit,AERGO/USDT:USDT,0.133,10.0,0.13299,57.0,0.13302,1074.0,0.13303,213.0
1753591975797,04:52:55.797,bybit,AERGO/USDT:USDT,0.133,15.0,0.13299,57.0,0.13302,1074.0,0.13304,178.0
1753591976197,04:52:56.197,bybit,AERGO/USDT:USDT,0.133,15.0,0.13299,57.0,0.13302,1074.0,0.13304,310.0
1753591976297,04:52:56.297,bybit,AERGO/USDT:USDT,0.133,15.0,0.13299,57.0,0.13302,1074.0,0.13303,132.0
1753591976497,04:52:56.497,bybit,AERGO/USDT:USDT,0.133,15.0,0.13299,57.0,0.13302,1074.0,0.13303,132.0
1753591976797,04:52:56.797,bybit,AERGO/USDT:USDT,0.133,15.0,0.13299,57.0,0.13302,1074.0,0.13303,132.0
1753591977197,04:52:57.197,bybit,AERGO/USDT:USDT,0.133,15.0,0.13299,57.0,0.13302,1036.0,0.13304,310.0
1753591979296,04:52:59.296,bybit,AERGO/USDT:USDT,0.133,15.0,0.13299,57.0,0.13302,1036.0,0.13304,253.0
1753591979496,04:52:59.496,bybit,AERGO/USDT:USDT,0.133,15.0,0.13299,57.0,0.13302,1036.0,0.13304,253.0
1753591979697,04:52:59.697,bybit,AERGO/USDT:USDT,0.133,15.0,0.13299,57.0,0.13302,1036.0,0.13304,333.0
1753591981496,04:53:01.496,bybit,AERGO/USDT:USDT,0.133,15.0,0.13299,57.0,0.13302,1036.0,0.13304,333.0
1753591981597,04:53:01.597,bybit,AERGO/USDT:USDT,0.133,15.0,0.13299,57.0,0.13302,1036.0,0.13304,253.0
1753591982297,04:53:02.297,bybit,AERGO/USDT:USDT,0.133,15.0,0.13299,57.0,0.13302,1036.0,0.13304,333.0
1753591982497,04:53:02.497,bybit,AERGO/USDT:USDT,0.133,15.0,0.13299,57.0,0.13302,1168.0,0.13303,330.0
1753591982597,04:53:02.597,bybit,AERGO/USDT:USDT,0.133,15.0,0.13299,57.0,0.13302,1168.0,0.13303,330.0
1753591982798,04:53:02.798,bybit,AERGO/USDT:USDT,0.133,15.0,0.13299,57.0,0.13302,1168.0,0.13303,330.0
1753591984397,04:53:04.397,bybit,AERGO/USDT:USDT,0.133,15.0,0.13299,57.0,0.13302,1168.0,0.13303,330.0
1753591985097,04:53:05.097,bybit,AERGO/USDT:USDT,0.133,15.0,0.13299,57.0,0.13301,38.0,0.13302,1248.0
1753591985297,04:53:05.297,bybit,AERGO/USDT:USDT,0.133,15.0,0.13299,57.0,0.13301,38.0,0.13302,1248.0
1753591988197,04:53:08.197,bybit,AERGO/USDT:USDT,0.133,15.0,0.13299,57.0,0.13301,38.0,0.13302,1168.0
1753591989097,04:53:09.097,bybit,AERGO/USDT:USDT,0.133,15.0,0.13299,57.0,0.13301,38.0,0.13302,1168.0
1753591989197,04:53:09.197,bybit,AERGO/USDT:USDT,0.133,15.0,0.13299,57.0,0.13301,38.0,0.13302,1168.0
1753591989496,04:53:09.496,bybit,AERGO/USDT:USDT,0.133,10.0,0.13299,57.0,0.13301,38.0,0.13302,1168.0
1753591989997,04:53:09.997,bybit,AERGO/USDT:USDT,0.133,10.0,0.13299,57.0,0.13301,38.0,0.13302,1168.0
1753591990099,04:53:10.099,bybit,AERGO/USDT:USDT,0.133,10.0,0.13299,57.0,0.13301,38.0,0.13302,1248.0
1753591990197,04:53:10.197,bybit,AERGO/USDT:USDT,0.13299,57.0,0.13298,2872.0,0.13301,38.0,0.13302,1248.0
1753591990297,04:53:10.297,bybit,AERGO/USDT:USDT,0.133,20.0,0.13299,57.0,0.13301,38.0,0.13302,1248.0
1753591990396,04:53:10.396,bybit,AERGO/USDT:USDT,0.133,20.0,0.13299,57.0,0.13301,38.0,0.13302,1248.0
1753591990497,04:53:10.497,bybit,AERGO/USDT:USDT,0.133,20.0,0.13299,57.0,0.13301,38.0,0.13302,1168.0
1753591991897,04:53:11.897,bybit,AERGO/USDT:USDT,0.133,20.0,0.13299,57.0,0.13301,38.0,0.13302,1248.0
1753591991996,04:53:11.996,bybit,AERGO/USDT:USDT,0.133,20.0,0.13299,57.0,0.13301,38.0,0.13302,1248.0
1753591992397,04:53:12.397,bybit,AERGO/USDT:USDT,0.133,20.0,0.13299,57.0,0.13301,170.0,0.13302,1248.0
1753591992497,04:53:12.497,bybit,AERGO/USDT:USDT,0.133,20.0,0.13299,57.0,0.13301,38.0,0.13302,1248.0
1753591992596,04:53:12.596,bybit,AERGO/USDT:USDT,0.133,20.0,0.13299,57.0,0.13301,170.0,0.13302,1248.0
1753591992797,04:53:12.797,bybit,AERGO/USDT:USDT,0.133,20.0,0.13299,57.0,0.13301,170.0,0.13302,1286.0
1753591992896,04:53:12.896,bybit,AERGO/USDT:USDT,0.133,20.0,0.13299,57.0,0.13301,170.0,0.13302,1366.0
1753591992997,04:53:12.997,bybit,AERGO/USDT:USDT,0.133,20.0,0.13299,57.0,0.13301,170.0,0.13302,1366.0
1753591993097,04:53:13.097,bybit,AERGO/USDT:USDT,0.133,20.0,0.13299,57.0,0.13301,170.0,0.13302,1366.0
1753591993397,04:53:13.397,bybit,AERGO/USDT:USDT,0.133,20.0,0.13299,57.0,0.13301,170.0,0.13302,1366.0
1753591993597,04:53:13.597,bybit,AERGO/USDT:USDT,0.133,20.0,0.13299,57.0,0.13301,170.0,0.13302,1366.0
1753591995197,04:53:15.197,bybit,AERGO/USDT:USDT,0.133,20.0,0.13299,57.0,0.13301,170.0,0.13302,1366.0
1753591997997,04:53:17.997,bybit,AERGO/USDT:USDT,0.133,20.0,0.13299,57.0,0.13301,170.0,0.13302,1366.0
1753591998896,04:53:18.896,bybit,AERGO/USDT:USDT,0.133,20.0,0.13299,57.0,0.13301,170.0,0.13302,1366.0
1753591999097,04:53:19.097,bybit,AERGO/USDT:USDT,0.133,20.0,0.13299,57.0,0.13301,170.0,0.13302,1366.0
1753591999897,04:53:19.897,bybit,AERGO/USDT:USDT,0.133,20.0,0.13299,57.0,0.13301,170.0,0.13302,1366.0
1753592000097,04:53:20.097,bybit,AERGO/USDT:USDT,0.133,20.0,0.13299,57.0,0.13301,38.0,0.13302,1366.0
1753592000197,04:53:20.197,bybit,AERGO/USDT:USDT,0.133,20.0,0.13299,57.0,0.13301,38.0,0.13302,1366.0
1753592000296,04:53:20.296,bybit,AERGO/USDT:USDT,0.133,20.0,0.13299,57.0,0.13301,38.0,0.13302,1366.0
1753592002302,04:53:22.302,bybit,AERGO/USDT:USDT,0.13299,57.0,0.13298,2872.0,0.133,390.0,0.13301,80.0
1753592002397,04:53:22.397,bybit,AERGO/USDT:USDT,0.13299,57.0,0.13298,2872.0,0.133,390.0,0.13301,80.0
1753592002696,04:53:22.696,bybit,AERGO/USDT:USDT,0.13299,57.0,0.13298,2872.0,0.133,390.0,0.13301,80.0
1753592003897,04:53:23.897,bybit,AERGO/USDT:USDT,0.13299,57.0,0.13298,2872.0,0.133,431.0,0.13301,38.0
1753592005297,04:53:25.297,bybit,AERGO/USDT:USDT,0.13299,57.0,0.13298,2872.0,0.133,431.0,0.13301,38.0
1753592005697,04:53:25.697,bybit,AERGO/USDT:USDT,0.13299,57.0,0.13298,2872.0,0.133,431.0,0.13301,38.0
1753592006397,04:53:26.397,bybit,AERGO/USDT:USDT,0.13299,57.0,0.13298,2872.0,0.133,431.0,0.13301,38.0
1753592007297,04:53:27.297,bybit,AERGO/USDT:USDT,0.13299,57.0,0.13298,2872.0,0.133,431.0,0.13301,118.0
1753592007397,04:53:27.397,bybit,AERGO/USDT:USDT,0.13299,57.0,0.13298,2872.0,0.133,643.0,0.13301,332.0
1753592007497,04:53:27.497,bybit,AERGO/USDT:USDT,0.13299,57.0,0.13298,2872.0,0.133,643.0,0.13301,332.0
1753592007597,04:53:27.597,bybit,AERGO/USDT:USDT,0.13299,57.0,0.13298,2872.0,0.133,643.0,0.13301,332.0
1753592008598,04:53:28.598,bybit,AERGO/USDT:USDT,0.13299,57.0,0.13298,2872.0,0.133,643.0,0.13301,332.0
1753592008797,04:53:28.797,bybit,AERGO/USDT:USDT,0.13299,67.0,0.13298,2872.0,0.133,563.0,0.13301,332.0
1753592009097,04:53:29.097,bybit,AERGO/USDT:USDT,0.13299,67.0,0.13298,2872.0,0.133,563.0,0.13301,332.0
1753592010297,04:53:30.297,bybit,AERGO/USDT:USDT,0.13299,67.0,0.13298,2872.0,0.133,646.0,0.13301,332.0
1753592011096,04:53:31.096,bybit,AERGO/USDT:USDT,0.13299,67.0,0.13298,2872.0,0.133,646.0,0.13301,332.0
1753592011997,04:53:31.997,bybit,AERGO/USDT:USDT,0.13299,67.0,0.13298,2872.0,0.133,566.0,0.13301,250.0
1753592012197,04:53:32.197,bybit,AERGO/USDT:USDT,0.13299,67.0,0.13298,2872.0,0.133,566.0,0.13301,250.0
1753592016697,04:53:36.697,bybit,AERGO/USDT:USDT,0.13299,77.0,0.13298,2872.0,0.133,434.0,0.13301,250.0
1753592016797,04:53:36.797,bybit,AERGO/USDT:USDT,0.13299,77.0,0.13298,2872.0,0.133,434.0,0.13301,250.0
1753592017297,04:53:37.297,bybit,AERGO/USDT:USDT,0.13299,77.0,0.13298,2872.0,0.133,929.0,0.13301,250.0
1753592017396,04:53:37.396,bybit,AERGO/USDT:USDT,0.13299,77.0,0.13298,2872.0,0.133,929.0,0.13301,250.0
1753592018297,04:53:38.297,bybit,AERGO/USDT:USDT,0.13299,67.0,0.13298,2872.0,0.133,929.0,0.13301,250.0
1753592019796,04:53:39.796,bybit,AERGO/USDT:USDT,0.13299,78.0,0.13298,2872.0,0.133,797.0,0.13301,250.0
1753592020397,04:53:40.397,bybit,AERGO/USDT:USDT,0.13299,78.0,0.13298,2872.0,0.133,797.0,0.13301,250.0
1753592020599,04:53:40.599,bybit,AERGO/USDT:USDT,0.13299,78.0,0.13298,2872.0,0.133,797.0,0.13301,250.0
1753592021497,04:53:41.497,bybit,AERGO/USDT:USDT,0.13299,78.0,0.13298,2872.0,0.133,797.0,0.13301,250.0
1753592021597,04:53:41.597,bybit,AERGO/USDT:USDT,0.13299,78.0,0.13298,2872.0,0.133,797.0,0.13301,118.0
1753592022597,04:53:42.597,bybit,AERGO/USDT:USDT,0.13299,78.0,0.13298,2872.0,0.133,797.0,0.13301,250.0
1753592023497,04:53:43.497,bybit,AERGO/USDT:USDT,0.13299,78.0,0.13298,2872.0,0.133,797.0,0.13301,38.0
1753592023597,04:53:43.597,bybit,AERGO/USDT:USDT,0.13299,78.0,0.13298,2872.0,0.133,797.0,0.13301,38.0
1753592024097,04:53:44.097,bybit,AERGO/USDT:USDT,0.13299,78.0,0.13298,2872.0,0.133,797.0,0.13301,170.0
1753592024197,04:53:44.197,bybit,AERGO/USDT:USDT,0.13299,78.0,0.13298,2872.0,0.133,797.0,0.13301,170.0
1753592024497,04:53:44.497,bybit,AERGO/USDT:USDT,0.13299,78.0,0.13298,2872.0,0.133,797.0,0.13301,170.0
1753592024597,04:53:44.597,bybit,AERGO/USDT:USDT,0.13299,78.0,0.13298,2872.0,0.133,797.0,0.13301,170.0
1753592024997,04:53:44.997,bybit,AERGO/USDT:USDT,0.13299,78.0,0.13298,2872.0,0.133,797.0,0.13301,170.0
1753592025496,04:53:45.496,bybit,AERGO/USDT:USDT,0.13299,78.0,0.13298,2872.0,0.133,797.0,0.13301,170.0
1753592025597,04:53:45.597,bybit,AERGO/USDT:USDT,0.13299,78.0,0.13298,2872.0,0.133,797.0,0.13301,170.0
1753592025697,04:53:45.697,bybit,AERGO/USDT:USDT,0.13299,78.0,0.13298,2872.0,0.133,1131.0,0.13301,170.0
1753592025997,04:53:45.997,bybit,AERGO/USDT:USDT,0.13299,78.0,0.13298,2872.0,0.133,1131.0,0.13301,170.0
1753592026298,04:53:46.298,bybit,AERGO/USDT:USDT,0.13299,78.0,0.13298,2872.0,0.133,1131.0,0.13301,170.0
1753592027197,04:53:47.197,bybit,AERGO/USDT:USDT,0.13299,78.0,0.13298,2872.0,0.133,1131.0,0.13301,170.0
1753592027797,04:53:47.797,bybit,AERGO/USDT:USDT,0.13299,78.0,0.13298,2872.0,0.133,1131.0,0.13301,170.0
1753592027897,04:53:47.897,bybit,AERGO/USDT:USDT,0.13299,78.0,0.13298,2872.0,0.133,1263.0,0.13301,170.0
1753592027997,04:53:47.997,bybit,AERGO/USDT:USDT,0.13299,78.0,0.13298,2872.0,0.133,1263.0,0.13301,250.0
1753592028097,04:53:48.097,bybit,AERGO/USDT:USDT,0.13299,78.0,0.13298,2872.0,0.133,1131.0,0.13301,38.0
1753592028197,04:53:48.197,bybit,AERGO/USDT:USDT,0.13299,78.0,0.13298,2872.0,0.133,1131.0,0.13301,38.0
1753592028297,04:53:48.297,bybit,AERGO/USDT:USDT,0.13299,78.0,0.13298,2872.0,0.133,1131.0,0.13301,38.0
1753592028498,04:53:48.498,bybit,AERGO/USDT:USDT,0.13299,78.0,0.13298,2872.0,0.133,1131.0,0.13301,38.0
1753592028997,04:53:48.997,bybit,AERGO/USDT:USDT,0.13299,78.0,0.13298,2872.0,0.133,741.0,0.13301,170.0
1753592029096,04:53:49.096,bybit,AERGO/USDT:USDT,0.13299,78.0,0.13298,2872.0,0.133,741.0,0.13301,250.0
1753592029197,04:53:49.197,bybit,AERGO/USDT:USDT,0.13299,78.0,0.13298,2872.0,0.133,1331.0,0.13301,250.0
1753592029297,04:53:49.297,bybit,AERGO/USDT:USDT,0.13299,78.0,0.13298,2872.0,0.133,1199.0,0.13301,38.0
1753592030397,04:53:50.397,bybit,AERGO/USDT:USDT,0.13299,78.0,0.13298,2872.0,0.133,741.0,0.13301,38.0
1753592030497,04:53:50.497,bybit,AERGO/USDT:USDT,0.13299,78.0,0.13298,2872.0,0.133,741.0,0.13301,38.0
1753592030697,04:53:50.697,bybit,AERGO/USDT:USDT,0.13299,78.0,0.13298,2872.0,0.133,741.0,0.13301,462.0
1753592033297,04:53:53.297,bybit,AERGO/USDT:USDT,0.13299,78.0,0.13298,2872.0,0.133,741.0,0.13301,462.0
1753592034100,04:53:54.100,bybit,AERGO/USDT:USDT,0.13299,78.0,0.13298,2872.0,0.133,741.0,0.13301,462.0
1753592034897,04:53:54.897,bybit,AERGO/USDT:USDT,0.13299,78.0,0.13298,2872.0,0.133,741.0,0.13301,462.0
1753592034996,04:53:54.996,bybit,AERGO/USDT:USDT,0.13299,78.0,0.13298,2872.0,0.133,741.0,0.13301,462.0
1753592035098,04:53:55.098,bybit,AERGO/USDT:USDT,0.13299,78.0,0.13298,2872.0,0.133,741.0,0.13301,462.0
1753592035197,04:53:55.197,bybit,AERGO/USDT:USDT,0.13299,78.0,0.13298,2872.0,0.133,741.0,0.13301,462.0
1753592035297,04:53:55.297,bybit,AERGO/USDT:USDT,0.13299,78.0,0.13298,2872.0,0.133,741.0,0.13301,462.0
1753592035397,04:53:55.397,bybit,AERGO/USDT:USDT,0.13299,78.0,0.13298,2872.0,0.133,741.0,0.13301,462.0
1753592035497,04:53:55.497,bybit,AERGO/USDT:USDT,0.13299,78.0,0.13298,2872.0,0.133,741.0,0.13301,462.0
1753592035997,04:53:55.997,bybit,AERGO/USDT:USDT,0.13299,78.0,0.13298,2872.0,0.133,741.0,0.13301,462.0
1753592036097,04:53:56.097,bybit,AERGO/USDT:USDT,0.13299,78.0,0.13298,2872.0,0.133,741.0,0.13301,462.0
1753592036196,04:53:56.196,bybit,AERGO/USDT:USDT,0.13299,78.0,0.13298,2872.0,0.133,741.0,0.13301,462.0
1753592036296,04:53:56.296,bybit,AERGO/USDT:USDT,0.13299,78.0,0.13298,2872.0,0.133,741.0,0.13301,462.0
1753592036497,04:53:56.497,bybit,AERGO/USDT:USDT,0.13299,78.0,0.13298,2872.0,0.133,741.0,0.13301,462.0
1753592038097,04:53:58.097,bybit,AERGO/USDT:USDT,0.13299,78.0,0.13298,2872.0,0.133,741.0,0.13301,424.0
1753592038497,04:53:58.497,bybit,AERGO/USDT:USDT,0.13299,78.0,0.13298,2872.0,0.133,738.0,0.13301,424.0
1753592039597,04:53:59.597,bybit,AERGO/USDT:USDT,0.13299,78.0,0.13298,2872.0,0.133,738.0,0.13301,556.0
1753592039697,04:53:59.697,bybit,AERGO/USDT:USDT,0.13299,78.0,0.13298,2872.0,0.133,738.0,0.13301,424.0
1753592039797,04:53:59.797,bybit,AERGO/USDT:USDT,0.13299,78.0,0.13298,2872.0,0.133,738.0,0.13301,424.0
1753592039897,04:53:59.897,bybit,AERGO/USDT:USDT,0.13299,78.0,0.13298,2872.0,0.133,738.0,0.13301,424.0
1753592039997,04:53:59.997,bybit,AERGO/USDT:USDT,0.13299,78.0,0.13298,2872.0,0.133,738.0,0.13301,424.0
1753592040697,04:54:00.697,bybit,AERGO/USDT:USDT,0.13299,78.0,0.13298,2872.0,0.133,738.0,0.13301,424.0
1753592040797,04:54:00.797,bybit,AERGO/USDT:USDT,0.13299,78.0,0.13298,2872.0,0.133,737.0,0.13301,424.0
1753592040897,04:54:00.897,bybit,AERGO/USDT:USDT,0.13299,78.0,0.13298,2872.0,0.133,737.0,0.13301,424.0
1753592040996,04:54:00.996,bybit,AERGO/USDT:USDT,0.13299,78.0,0.13298,2872.0,0.133,737.0,0.13301,424.0
1753592041397,04:54:01.397,bybit,AERGO/USDT:USDT,0.13299,78.0,0.13298,2872.0,0.133,737.0,0.13301,424.0
1753592041597,04:54:01.597,bybit,AERGO/USDT:USDT,0.13299,78.0,0.13298,2872.0,0.133,737.0,0.13301,424.0
1753592041797,04:54:01.797,bybit,AERGO/USDT:USDT,0.13299,78.0,0.13298,2872.0,0.133,737.0,0.13301,424.0
1753592041897,04:54:01.897,bybit,AERGO/USDT:USDT,0.13299,78.0,0.13298,2872.0,0.133,737.0,0.13301,424.0
1753592041997,04:54:01.997,bybit,AERGO/USDT:USDT,0.13299,78.0,0.13298,2872.0,0.133,737.0,0.13301,424.0
1753592042100,04:54:02.100,bybit,AERGO/USDT:USDT,0.13299,78.0,0.13298,2872.0,0.133,737.0,0.13301,424.0
1753592042297,04:54:02.297,bybit,AERGO/USDT:USDT,0.13299,78.0,0.13298,2872.0,0.133,772.0,0.13301,424.0
1753592044197,04:54:04.197,bybit,AERGO/USDT:USDT,0.13299,78.0,0.13298,2872.0,0.133,772.0,0.13301,424.0
1753592044896,04:54:04.896,bybit,AERGO/USDT:USDT,0.13299,78.0,0.13298,2872.0,0.133,733.0,0.13301,424.0
1753592046100,04:54:06.100,bybit,AERGO/USDT:USDT,0.13299,78.0,0.13298,2872.0,0.133,733.0,0.13301,462.0
1753592047397,04:54:07.397,bybit,AERGO/USDT:USDT,0.13299,78.0,0.13298,2872.0,0.133,733.0,0.13301,462.0
1753592048099,04:54:08.099,bybit,AERGO/USDT:USDT,0.13299,78.0,0.13298,2872.0,0.133,733.0,0.13301,594.0
1753592048296,04:54:08.296,bybit,AERGO/USDT:USDT,0.13299,78.0,0.13298,2872.0,0.133,733.0,0.13301,594.0
1753592048597,04:54:08.597,bybit,AERGO/USDT:USDT,0.13299,78.0,0.13298,2872.0,0.133,733.0,0.13301,594.0
1753592050099,04:54:10.099,bybit,AERGO/USDT:USDT,0.13299,78.0,0.13298,2872.0,0.133,733.0,0.13301,594.0
1753592050197,04:54:10.197,bybit,AERGO/USDT:USDT,0.13299,678.0,0.13298,2872.0,0.133,733.0,0.13301,462.0
1753592050297,04:54:10.297,bybit,AERGO/USDT:USDT,0.13299,678.0,0.13298,2872.0,0.133,733.0,0.13301,462.0
1753592050497,04:54:10.497,bybit,AERGO/USDT:USDT,0.13299,678.0,0.13298,2872.0,0.133,733.0,0.13301,462.0
1753592050598,04:54:10.598,bybit,AERGO/USDT:USDT,0.13299,678.0,0.13298,2872.0,0.133,733.0,0.13301,38.0
1753592050797,04:54:10.797,bybit,AERGO/USDT:USDT,0.13299,678.0,0.13298,2872.0,0.133,745.0,0.13301,456.0
1753592051497,04:54:11.497,bybit,AERGO/USDT:USDT,0.13299,678.0,0.13298,2872.0,0.133,745.0,0.13301,456.0
1753592052297,04:54:12.297,bybit,AERGO/USDT:USDT,0.13299,678.0,0.13298,2872.0,0.133,745.0,0.13301,456.0
1753592052396,04:54:12.396,bybit,AERGO/USDT:USDT,0.13299,678.0,0.13298,2872.0,0.133,745.0,0.13301,456.0
1753592052697,04:54:12.697,bybit,AERGO/USDT:USDT,0.13299,678.0,0.13298,2872.0,0.133,745.0,0.13301,456.0
1753592052897,04:54:12.897,bybit,AERGO/USDT:USDT,0.13299,678.0,0.13298,2872.0,0.133,745.0,0.13301,456.0
1753592052998,04:54:12.998,bybit,AERGO/USDT:USDT,0.13299,678.0,0.13298,2872.0,0.133,745.0,0.13301,456.0
1753592053197,04:54:13.197,bybit,AERGO/USDT:USDT,0.13299,678.0,0.13298,2872.0,0.133,745.0,0.13301,38.0
1753592053497,04:54:13.497,bybit,AERGO/USDT:USDT,0.13299,678.0,0.13298,2872.0,0.133,745.0,0.13301,38.0
1753592054196,04:54:14.196,bybit,AERGO/USDT:USDT,0.13299,678.0,0.13298,2872.0,0.133,745.0,0.13301,38.0
1753592056897,04:54:16.897,bybit,AERGO/USDT:USDT,0.13299,678.0,0.13298,2872.0,0.133,745.0,0.13301,38.0
1753592057597,04:54:17.597,bybit,AERGO/USDT:USDT,0.13299,678.0,0.13298,2872.0,0.133,745.0,0.13301,38.0
1753592057797,04:54:17.797,bybit,AERGO/USDT:USDT,0.13299,678.0,0.13298,2872.0,0.133,745.0,0.13301,38.0
1753592058297,04:54:18.297,bybit,AERGO/USDT:USDT,0.13299,678.0,0.13298,2872.0,0.133,680.0,0.13301,38.0
1753592058496,04:54:18.496,bybit,AERGO/USDT:USDT,0.13299,678.0,0.13298,2872.0,0.133,680.0,0.13301,38.0
1753592058598,04:54:18.598,bybit,AERGO/USDT:USDT,0.13299,678.0,0.13298,2872.0,0.133,680.0,0.13301,38.0
1753592059497,04:54:19.497,bybit,AERGO/USDT:USDT,0.13299,678.0,0.13298,2872.0,0.133,680.0,0.13301,38.0
1753592060297,04:54:20.297,bybit,AERGO/USDT:USDT,0.13299,678.0,0.13298,2872.0,0.133,680.0,0.13301,170.0
1753592061797,04:54:21.797,bybit,AERGO/USDT:USDT,0.13299,678.0,0.13298,2872.0,0.133,668.0,0.13301,170.0
1753592062497,04:54:22.497,bybit,AERGO/USDT:USDT,0.13299,678.0,0.13298,2872.0,0.133,800.0,0.13301,250.0
1753592062797,04:54:22.797,bybit,AERGO/USDT:USDT,0.13299,678.0,0.13298,2872.0,0.133,1320.0,0.13301,250.0
1753592063697,04:54:23.697,bybit,AERGO/USDT:USDT,0.13299,678.0,0.13298,2872.0,0.133,668.0,0.13301,38.0
1753592063802,04:54:23.802,bybit,AERGO/USDT:USDT,0.13299,678.0,0.13298,2872.0,0.133,668.0,0.13301,170.0
1753592063996,04:54:23.996,bybit,AERGO/USDT:USDT,0.13299,678.0,0.13298,2872.0,0.133,668.0,0.13301,425.0
1753592065597,04:54:25.597,bybit,AERGO/USDT:USDT,0.13299,678.0,0.13298,2872.0,0.133,668.0,0.13301,425.0
1753592065897,04:54:25.897,bybit,AERGO/USDT:USDT,0.13299,678.0,0.13298,2872.0,0.133,668.0,0.13301,557.0
1753592066197,04:54:26.197,bybit,AERGO/USDT:USDT,0.13299,678.0,0.13298,2872.0,0.133,668.0,0.13301,425.0
1753592066397,04:54:26.397,bybit,AERGO/USDT:USDT,0.13299,678.0,0.13298,2872.0,0.133,668.0,0.13301,38.0
1753592066598,04:54:26.598,bybit,AERGO/USDT:USDT,0.13299,678.0,0.13298,2872.0,0.133,668.0,0.13301,441.0
1753592068497,04:54:28.497,bybit,AERGO/USDT:USDT,0.13299,678.0,0.13298,2872.0,0.133,668.0,0.13301,441.0
1753592068597,04:54:28.597,bybit,AERGO/USDT:USDT,0.13299,678.0,0.13298,2872.0,0.133,666.0,0.13301,441.0
1753592073297,04:54:33.297,bybit,AERGO/USDT:USDT,0.13299,678.0,0.13298,2872.0,0.133,666.0,0.13301,441.0
1753592073597,04:54:33.597,bybit,AERGO/USDT:USDT,0.13299,677.0,0.13298,2872.0,0.133,666.0,0.13301,441.0
1753592074497,04:54:34.497,bybit,AERGO/USDT:USDT,0.13299,677.0,0.13298,2872.0,0.133,666.0,0.13301,441.0
1753592074696,04:54:34.696,bybit,AERGO/USDT:USDT,0.13299,677.0,0.13298,2872.0,0.133,699.0,0.13301,521.0
1753592074797,04:54:34.797,bybit,AERGO/USDT:USDT,0.13299,677.0,0.13298,2872.0,0.133,661.0,0.13301,441.0
1753592076597,04:54:36.597,bybit,AERGO/USDT:USDT,0.13299,77.0,0.13298,2872.0,0.133,661.0,0.13301,521.0
1753592076697,04:54:36.697,bybit,AERGO/USDT:USDT,0.13299,77.0,0.13298,2872.0,0.133,737.0,0.13301,521.0
1753592076798,04:54:36.798,bybit,AERGO/USDT:USDT,0.13299,77.0,0.13298,2872.0,0.133,699.0,0.13301,441.0
1753592076996,04:54:36.996,bybit,AERGO/USDT:USDT,0.13299,77.0,0.13298,2872.0,0.133,661.0,0.13301,441.0
1753592077098,04:54:37.098,bybit,AERGO/USDT:USDT,0.13299,77.0,0.13298,2872.0,0.133,661.0,0.13301,441.0
1753592078597,04:54:38.597,bybit,AERGO/USDT:USDT,0.13299,77.0,0.13298,2872.0,0.133,661.0,0.13301,441.0
1753592078796,04:54:38.796,bybit,AERGO/USDT:USDT,0.13299,77.0,0.13298,2872.0,0.133,661.0,0.13301,441.0
1753592078897,04:54:38.897,bybit,AERGO/USDT:USDT,0.13299,77.0,0.13298,2872.0,0.133,699.0,0.13301,441.0
1753592078997,04:54:38.997,bybit,AERGO/USDT:USDT,0.13299,77.0,0.13298,2872.0,0.133,661.0,0.13301,441.0
1753592079598,04:54:39.598,bybit,AERGO/USDT:USDT,0.13299,77.0,0.13298,2872.0,0.133,661.0,0.13301,441.0
1753592080098,04:54:40.098,bybit,AERGO/USDT:USDT,0.13299,77.0,0.13298,2872.0,0.133,661.0,0.13301,441.0
1753592081797,04:54:41.797,bybit,AERGO/USDT:USDT,0.13299,77.0,0.13298,2872.0,0.133,661.0,0.13301,441.0
1753592084496,04:54:44.496,bybit,AERGO/USDT:USDT,0.13299,77.0,0.13298,2872.0,0.133,661.0,0.13301,441.0
1753592086997,04:54:46.997,bybit,AERGO/USDT:USDT,0.13299,77.0,0.13298,2954.0,0.13301,38.0,0.13302,118.0
1753592087097,04:54:47.097,bybit,AERGO/USDT:USDT,0.13299,2190.0,0.13298,2954.0,0.13301,38.0,0.13303,57.0
1753592087197,04:54:47.197,bybit,AERGO/USDT:USDT,0.13299,2190.0,0.13298,2954.0,0.13301,38.0,0.13303,460.0
1753592087296,04:54:47.296,bybit,AERGO/USDT:USDT,0.13299,2190.0,0.13298,2954.0,0.13301,38.0,0.13303,460.0
1753592089396,04:54:49.396,bybit,AERGO/USDT:USDT,0.13299,2308.0,0.13298,2954.0,0.13301,38.0,0.13303,460.0
1753592089697,04:54:49.697,bybit,AERGO/USDT:USDT,0.13299,4308.0,0.13298,2954.0,0.13301,38.0,0.13303,460.0
1753592090197,04:54:50.197,bybit,AERGO/USDT:USDT,0.13299,4308.0,0.13298,2954.0,0.13301,38.0,0.13303,460.0
1753592090297,04:54:50.297,bybit,AERGO/USDT:USDT,0.13299,4308.0,0.13298,2954.0,0.13301,38.0,0.13303,460.0
1753592090597,04:54:50.597,bybit,AERGO/USDT:USDT,0.13299,4308.0,0.13298,2954.0,0.13301,38.0,0.13303,460.0
1753592091097,04:54:51.097,bybit,AERGO/USDT:USDT,0.13299,4308.0,0.13298,2954.0,0.13301,38.0,0.13303,460.0
1753592092097,04:54:52.097,bybit,AERGO/USDT:USDT,0.13299,4308.0,0.13298,2954.0,0.13301,38.0,0.13303,460.0
1753592093697,04:54:53.697,bybit,AERGO/USDT:USDT,0.13299,4308.0,0.13298,2954.0,0.13301,38.0,0.13303,460.0
1753592094097,04:54:54.097,bybit,AERGO/USDT:USDT,0.13299,4308.0,0.13298,2954.0,0.13301,38.0,0.13303,460.0
1753592094997,04:54:54.997,bybit,AERGO/USDT:USDT,0.133,600.0,0.13299,4190.0,0.13301,38.0,0.13303,460.0
1753592095097,04:54:55.097,bybit,AERGO/USDT:USDT,0.133,600.0,0.13299,4190.0,0.13301,38.0,0.13304,118.0
1753592095197,04:54:55.197,bybit,AERGO/USDT:USDT,0.133,600.0,0.13299,4190.0,0.13301,38.0,0.13304,118.0
1753592095297,04:54:55.297,bybit,AERGO/USDT:USDT,0.133,600.0,0.13299,2190.0,0.13301,38.0,0.13304,532.0
1753592095397,04:54:55.397,bybit,AERGO/USDT:USDT,0.133,600.0,0.13299,2190.0,0.13301,38.0,0.13304,532.0
1753592097797,04:54:57.797,bybit,AERGO/USDT:USDT,0.133,600.0,0.13299,2190.0,0.13301,38.0,0.13304,532.0
1753592097897,04:54:57.897,bybit,AERGO/USDT:USDT,0.133,600.0,0.13299,2190.0,0.13301,38.0,0.13304,532.0
1753592098397,04:54:58.397,bybit,AERGO/USDT:USDT,0.133,2845.0,0.13299,159.0,0.13304,532.0,0.13305,134.0
1753592098497,04:54:58.497,bybit,AERGO/USDT:USDT,0.133,2845.0,0.13299,159.0,0.13304,532.0,0.13305,134.0
1753592098697,04:54:58.697,bybit,AERGO/USDT:USDT,0.133,2845.0,0.13299,159.0,0.13304,532.0,0.13305,134.0
1753592098897,04:54:58.897,bybit,AERGO/USDT:USDT,0.133,4845.0,0.13299,159.0,0.13304,532.0,0.13305,134.0
1753592098997,04:54:58.997,bybit,AERGO/USDT:USDT,0.133,4845.0,0.13299,159.0,0.13304,532.0,0.13305,77.0
1753592099297,04:54:59.297,bybit,AERGO/USDT:USDT,0.13301,2127.0,0.133,2775.0,0.13304,532.0,0.13305,77.0
1753592099397,04:54:59.397,bybit,AERGO/USDT:USDT,0.13301,4127.0,0.133,775.0,0.13304,532.0,0.13305,77.0
1753592099597,04:54:59.597,bybit,AERGO/USDT:USDT,0.13301,4127.0,0.133,775.0,0.13304,532.0,0.13305,77.0
1753592100297,04:55:00.297,bybit,AERGO/USDT:USDT,0.13302,10.0,0.13301,57.0,0.13304,532.0,0.13305,77.0
1753592100396,04:55:00.396,bybit,AERGO/USDT:USDT,0.13302,10.0,0.13301,57.0,0.13304,532.0,0.13305,77.0
1753592100497,04:55:00.497,bybit,AERGO/USDT:USDT,0.13302,10.0,0.13301,57.0,0.13304,532.0,0.13305,77.0
1753592100697,04:55:00.697,bybit,AERGO/USDT:USDT,0.13302,10.0,0.13301,57.0,0.13304,532.0,0.13305,77.0
1753592100996,04:55:00.996,bybit,AERGO/USDT:USDT,0.13302,10.0,0.13301,57.0,0.13304,532.0,0.13305,77.0
1753592101397,04:55:01.397,bybit,AERGO/USDT:USDT,0.13302,10.0,0.13301,57.0,0.13304,532.0,0.13305,77.0
1753592101897,04:55:01.897,bybit,AERGO/USDT:USDT,0.13302,10.0,0.13301,57.0,0.13304,532.0,0.13305,77.0
1753592101997,04:55:01.997,bybit,AERGO/USDT:USDT,0.13302,10.0,0.13301,57.0,0.13304,532.0,0.13305,77.0
1753592102496,04:55:02.496,bybit,AERGO/USDT:USDT,0.13302,4245.0,0.13301,3937.0,0.13306,379.0,0.13307,1000.0
1753592102596,04:55:02.596,bybit,AERGO/USDT:USDT,0.13302,4245.0,0.13301,3937.0,0.13306,379.0,0.13307,1000.0
1753592102796,04:55:02.796,bybit,AERGO/USDT:USDT,0.13302,4245.0,0.13301,3937.0,0.13306,379.0,0.13307,1000.0
1753592102897,04:55:02.897,bybit,AERGO/USDT:USDT,0.13302,4245.0,0.13301,3937.0,0.13306,379.0,0.13307,1000.0
1753592103397,04:55:03.397,bybit,AERGO/USDT:USDT,0.13302,4127.0,0.13301,3937.0,0.13306,379.0,0.13307,1000.0
1753592103497,04:55:03.497,bybit,AERGO/USDT:USDT,0.13302,4127.0,0.13301,3937.0,0.13306,379.0,0.13307,1000.0
1753592103696,04:55:03.696,bybit,AERGO/USDT:USDT,0.13302,4127.0,0.13301,3937.0,0.13306,379.0,0.13307,1000.0
1753592104497,04:55:04.497,bybit,AERGO/USDT:USDT,0.13302,4127.0,0.13301,3937.0,0.13306,379.0,0.13307,1000.0
1753592105098,04:55:05.098,bybit,AERGO/USDT:USDT,0.13302,4127.0,0.13301,3937.0,0.13306,379.0,0.13307,1000.0
1753592105497,04:55:05.497,bybit,AERGO/USDT:USDT,0.13302,4127.0,0.13301,3937.0,0.13306,379.0,0.13307,1000.0
1753592105597,04:55:05.597,bybit,AERGO/USDT:USDT,0.13302,4127.0,0.13301,3937.0,0.13306,379.0,0.13307,1000.0
1753592107097,04:55:07.097,bybit,AERGO/USDT:USDT,0.13302,4127.0,0.13301,3937.0,0.13306,379.0,0.13307,1000.0
1753592107197,04:55:07.197,bybit,AERGO/USDT:USDT,0.13302,4127.0,0.13301,3937.0,0.13306,379.0,0.13307,1000.0
1753592107498,04:55:07.498,bybit,AERGO/USDT:USDT,0.13313,561.0,0.13312,657.0,0.13314,32.0,0.13315,42.0
1753592107597,04:55:07.597,bybit,AERGO/USDT:USDT,0.13313,561.0,0.13312,57.0,0.13314,32.0,0.13315,42.0
1753592107698,04:55:07.698,bybit,AERGO/USDT:USDT,0.13311,57.0,0.1331,154.0,0.13314,480.0,0.13315,201.0
1753592107797,04:55:07.797,bybit,AERGO/USDT:USDT,0.1331,97.0,0.13309,134.0,0.13311,461.0,0.13314,746.0
1753592107897,04:55:07.897,bybit,AERGO/USDT:USDT,0.1331,97.0,0.13309,134.0,0.13314,632.0,0.13315,258.0
1753592108097,04:55:08.097,bybit,AERGO/USDT:USDT,0.1331,471.0,0.13309,134.0,0.13311,395.0,0.13314,632.0
1753592108196,04:55:08.196,bybit,AERGO/USDT:USDT,0.1331,471.0,0.13309,134.0,0.13311,395.0,0.13314,712.0
1753592108297,04:55:08.297,bybit,AERGO/USDT:USDT,0.1331,471.0,0.13309,134.0,0.13311,395.0,0.13314,712.0
1753592108397,04:55:08.397,bybit,AERGO/USDT:USDT,0.1331,471.0,0.13309,134.0,0.13311,405.0,0.13314,712.0
1753592108497,04:55:08.497,bybit,AERGO/USDT:USDT,0.1331,471.0,0.13309,134.0,0.13311,405.0,0.13314,632.0
1753592108597,04:55:08.597,bybit,AERGO/USDT:USDT,0.1331,471.0,0.13309,134.0,0.13311,405.0,0.13314,632.0
1753592108997,04:55:08.997,bybit,AERGO/USDT:USDT,0.1331,471.0,0.13309,134.0,0.13311,405.0,0.13314,632.0
1753592109998,04:55:09.998,bybit,AERGO/USDT:USDT,0.1331,471.0,0.13309,134.0,0.13311,405.0,0.13314,632.0
1753592111096,04:55:11.096,bybit,AERGO/USDT:USDT,0.1331,471.0,0.13309,134.0,0.13311,405.0,0.13314,632.0
1753592111197,04:55:11.197,bybit,AERGO/USDT:USDT,0.1331,471.0,0.13309,134.0,0.13311,405.0,0.13314,632.0
1753592112797,04:55:12.797,bybit,AERGO/USDT:USDT,0.1331,471.0,0.13309,134.0,0.13311,405.0,0.13314,632.0
1753592114696,04:55:14.696,bybit,AERGO/USDT:USDT,0.1331,471.0,0.13309,134.0,0.13311,405.0,0.13314,632.0
1753592114798,04:55:14.798,bybit,AERGO/USDT:USDT,0.1331,471.0,0.13309,134.0,0.13311,405.0,0.13314,632.0
1753592114997,04:55:14.997,bybit,AERGO/USDT:USDT,0.1331,471.0,0.13309,134.0,0.13311,405.0,0.13314,632.0
1753592115497,04:55:15.497,bybit,AERGO/USDT:USDT,0.1331,471.0,0.13309,134.0,0.13311,10.0,0.13314,632.0
1753592115797,04:55:15.797,bybit,AERGO/USDT:USDT,0.1331,471.0,0.13309,134.0,0.13311,10.0,0.13313,385.0
1753592116101,04:55:16.101,bybit,AERGO/USDT:USDT,0.1331,471.0,0.13309,134.0,0.13311,10.0,0.13313,385.0
1753592116297,04:55:16.297,bybit,AERGO/USDT:USDT,0.1331,471.0,0.13309,134.0,0.13311,10.0,0.13313,385.0
1753592116598,04:55:16.598,bybit,AERGO/USDT:USDT,0.1331,471.0,0.13309,134.0,0.13311,10.0,0.13313,385.0
1753592116997,04:55:16.997,bybit,AERGO/USDT:USDT,0.1331,471.0,0.13309,134.0,0.13311,10.0,0.13313,385.0
1753592117197,04:55:17.197,bybit,AERGO/USDT:USDT,0.1331,471.0,0.13309,134.0,0.13311,10.0,0.13313,385.0
1753592117597,04:55:17.597,bybit,AERGO/USDT:USDT,0.1331,471.0,0.13309,134.0,0.13311,10.0,0.13313,385.0
1753592120997,04:55:20.997,bybit,AERGO/USDT:USDT,0.1331,471.0,0.13309,134.0,0.13311,448.0,0.13314,746.0
1753592121597,04:55:21.597,bybit,AERGO/USDT:USDT,0.1331,471.0,0.13309,134.0,0.13311,10.0,0.13312,417.0
1753592121997,04:55:21.997,bybit,AERGO/USDT:USDT,0.1331,471.0,0.13309,134.0,0.13311,10.0,0.13312,417.0
1753592122903,04:55:22.903,bybit,AERGO/USDT:USDT,0.1331,471.0,0.13309,134.0,0.13311,10.0,0.13312,417.0
1753592123297,04:55:23.297,bybit,AERGO/USDT:USDT,0.1331,471.0,0.13309,134.0,0.13311,10.0,0.13312,417.0
1753592123397,04:55:23.397,bybit,AERGO/USDT:USDT,0.1331,471.0,0.13309,134.0,0.13311,10.0,0.13312,417.0
1753592123597,04:55:23.597,bybit,AERGO/USDT:USDT,0.1331,471.0,0.13309,134.0,0.13311,10.0,0.13312,417.0
1753592123697,04:55:23.697,bybit,AERGO/USDT:USDT,0.1331,471.0,0.13309,134.0,0.13311,10.0,0.13312,417.0
1753592123997,04:55:23.997,bybit,AERGO/USDT:USDT,0.1331,471.0,0.13309,134.0,0.13311,10.0,0.13312,417.0
1753592125398,04:55:25.398,bybit,AERGO/USDT:USDT,0.1331,471.0,0.13309,134.0,0.13311,10.0,0.13312,417.0
1753592126597,04:55:26.597,bybit,AERGO/USDT:USDT,0.1331,2471.0,0.13309,248.0,0.13311,10.0,0.13312,417.0
1753592127397,04:55:27.397,bybit,AERGO/USDT:USDT,0.1331,2471.0,0.13309,248.0,0.13311,10.0,0.13312,417.0
1753592127597,04:55:27.597,bybit,AERGO/USDT:USDT,0.1331,2471.0,0.13309,248.0,0.13311,10.0,0.13312,417.0
1753592127997,04:55:27.997,bybit,AERGO/USDT:USDT,0.1331,2471.0,0.13309,248.0,0.13311,10.0,0.13312,417.0
1753592128097,04:55:28.097,bybit,AERGO/USDT:USDT,0.1331,2471.0,0.13309,248.0,0.13311,10.0,0.13312,417.0
1753592128297,04:55:28.297,bybit,AERGO/USDT:USDT,0.1331,2471.0,0.13309,248.0,0.13311,10.0,0.13312,417.0
1753592128496,04:55:28.496,bybit,AERGO/USDT:USDT,0.1331,2471.0,0.13309,248.0,0.13311,10.0,0.13312,417.0
1753592128597,04:55:28.597,bybit,AERGO/USDT:USDT,0.1331,2471.0,0.13309,248.0,0.13311,10.0,0.13312,417.0
1753592128797,04:55:28.797,bybit,AERGO/USDT:USDT,0.1331,2471.0,0.13309,248.0,0.13311,10.0,0.13312,417.0
1753592128897,04:55:28.897,bybit,AERGO/USDT:USDT,0.1331,2471.0,0.13309,248.0,0.13311,10.0,0.13312,417.0
1753592130396,04:55:30.396,bybit,AERGO/USDT:USDT,0.1331,2471.0,0.13309,248.0,0.13311,10.0,0.13312,417.0
1753592130497,04:55:30.497,bybit,AERGO/USDT:USDT,0.1331,2471.0,0.13309,248.0,0.13311,10.0,0.13312,417.0
1753592132197,04:55:32.197,bybit,AERGO/USDT:USDT,0.1331,2471.0,0.13309,248.0,0.13311,10.0,0.13312,417.0
1753592132297,04:55:32.297,bybit,AERGO/USDT:USDT,0.1331,2471.0,0.13309,248.0,0.13311,10.0,0.13312,417.0
1753592132498,04:55:32.498,bybit,AERGO/USDT:USDT,0.1331,2471.0,0.13309,248.0,0.13311,10.0,0.13312,417.0
1753592133397,04:55:33.397,bybit,AERGO/USDT:USDT,0.1331,2482.0,0.13309,248.0,0.13311,10.0,0.13312,417.0
1753592133496,04:55:33.496,bybit,AERGO/USDT:USDT,0.1331,2482.0,0.13309,248.0,0.13311,10.0,0.13312,417.0
1753592134598,04:55:34.598,bybit,AERGO/USDT:USDT,0.1331,2482.0,0.13309,248.0,0.13311,10.0,0.13312,417.0
1753592134697,04:55:34.697,bybit,AERGO/USDT:USDT,0.1331,2482.0,0.13309,248.0,0.13311,10.0,0.13312,417.0
1753592134797,04:55:34.797,bybit,AERGO/USDT:USDT,0.1331,2482.0,0.13309,248.0,0.13311,10.0,0.13312,417.0
1753592134897,04:55:34.897,bybit,AERGO/USDT:USDT,0.1331,2482.0,0.13309,248.0,0.13311,10.0,0.13312,417.0
1753592135597,04:55:35.597,bybit,AERGO/USDT:USDT,0.1331,11342.0,0.13309,248.0,0.13311,10.0,0.13312,417.0
1753592135897,04:55:35.897,bybit,AERGO/USDT:USDT,0.1331,11342.0,0.13309,248.0,0.13311,10.0,0.13312,417.0
1753592136498,04:55:36.498,bybit,AERGO/USDT:USDT,0.1331,11342.0,0.13309,248.0,0.13311,10.0,0.13312,417.0
1753592136598,04:55:36.598,bybit,AERGO/USDT:USDT,0.1331,11342.0,0.13309,248.0,0.13311,10.0,0.13312,417.0
1753592136697,04:55:36.697,bybit,AERGO/USDT:USDT,0.1331,11342.0,0.13309,248.0,0.13311,10.0,0.13312,417.0
1753592136797,04:55:36.797,bybit,AERGO/USDT:USDT,0.1331,11342.0,0.13309,248.0,0.13311,10.0,0.13312,417.0
1753592136896,04:55:36.896,bybit,AERGO/USDT:USDT,0.1331,11342.0,0.13309,248.0,0.13311,10.0,0.13312,417.0
1753592136996,04:55:36.996,bybit,AERGO/USDT:USDT,0.1331,11342.0,0.13309,248.0,0.13311,28.0,0.13312,417.0
1753592137398,04:55:37.398,bybit,AERGO/USDT:USDT,0.1331,11342.0,0.13309,248.0,0.13311,28.0,0.13312,417.0
1753592137897,04:55:37.897,bybit,AERGO/USDT:USDT,0.1331,11342.0,0.13309,248.0,0.13311,28.0,0.13312,417.0
1753592138096,04:55:38.096,bybit,AERGO/USDT:USDT,0.1331,11342.0,0.13309,248.0,0.13311,28.0,0.13312,417.0
1753592138197,04:55:38.197,bybit,AERGO/USDT:USDT,0.1331,11342.0,0.13309,248.0,0.13311,28.0,0.13312,417.0
1753592138297,04:55:38.297,bybit,AERGO/USDT:USDT,0.1331,11342.0,0.13309,248.0,0.13311,28.0,0.13312,417.0
1753592138397,04:55:38.397,bybit,AERGO/USDT:USDT,0.1331,11342.0,0.13309,248.0,0.13311,28.0,0.13312,417.0
1753592138497,04:55:38.497,bybit,AERGO/USDT:USDT,0.1331,11342.0,0.13309,248.0,0.13311,28.0,0.13312,417.0
1753592138598,04:55:38.598,bybit,AERGO/USDT:USDT,0.1331,11342.0,0.13309,248.0,0.13311,28.0,0.13312,417.0
1753592138797,04:55:38.797,bybit,AERGO/USDT:USDT,0.1331,11342.0,0.13309,248.0,0.13311,28.0,0.13312,417.0
1753592138997,04:55:38.997,bybit,AERGO/USDT:USDT,0.1331,11342.0,0.13309,248.0,0.13311,28.0,0.13312,417.0
1753592139697,04:55:39.697,bybit,AERGO/USDT:USDT,0.1331,11342.0,0.13309,248.0,0.13311,28.0,0.13312,417.0
1753592140997,04:55:40.997,bybit,AERGO/USDT:USDT,0.1331,11342.0,0.13309,248.0,0.13311,28.0,0.13312,417.0
1753592141197,04:55:41.197,bybit,AERGO/USDT:USDT,0.1331,11342.0,0.13309,248.0,0.13311,28.0,0.13312,417.0
1753592141497,04:55:41.497,bybit,AERGO/USDT:USDT,0.1331,11342.0,0.13309,425.0,0.13311,28.0,0.13312,417.0
1753592141897,04:55:41.897,bybit,AERGO/USDT:USDT,0.1331,11342.0,0.13309,425.0,0.13311,28.0,0.13312,417.0
1753592142197,04:55:42.197,bybit,AERGO/USDT:USDT,0.1331,11342.0,0.13309,425.0,0.13311,28.0,0.13312,417.0
1753592142397,04:55:42.397,bybit,AERGO/USDT:USDT,0.1331,11342.0,0.13309,425.0,0.13311,28.0,0.13312,417.0
1753592142497,04:55:42.497,bybit,AERGO/USDT:USDT,0.1331,11342.0,0.13309,425.0,0.13311,28.0,0.13312,417.0
1753592142797,04:55:42.797,bybit,AERGO/USDT:USDT,0.1331,11342.0,0.13309,425.0,0.13311,28.0,0.13312,417.0
1753592142997,04:55:42.997,bybit,AERGO/USDT:USDT,0.1331,11342.0,0.13309,425.0,0.13311,28.0,0.13312,417.0
1753592143598,04:55:43.598,bybit,AERGO/USDT:USDT,0.1331,11342.0,0.13309,425.0,0.13311,28.0,0.13312,417.0
1753592143697,04:55:43.697,bybit,AERGO/USDT:USDT,0.1331,11342.0,0.13309,425.0,0.13311,28.0,0.13312,417.0
1753592143997,04:55:43.997,bybit,AERGO/USDT:USDT,0.1331,11342.0,0.13309,425.0,0.13311,28.0,0.13312,417.0
1753592144099,04:55:44.099,bybit,AERGO/USDT:USDT,0.1331,11342.0,0.13309,425.0,0.13311,28.0,0.13312,417.0
1753592144297,04:55:44.297,bybit,AERGO/USDT:USDT,0.1331,11342.0,0.13309,425.0,0.13311,28.0,0.13312,417.0
1753592144598,04:55:44.598,bybit,AERGO/USDT:USDT,0.1331,11342.0,0.13309,425.0,0.13311,28.0,0.13312,417.0
1753592145297,04:55:45.297,bybit,AERGO/USDT:USDT,0.1331,11342.0,0.13309,425.0,0.13311,28.0,0.13312,417.0
1753592145398,04:55:45.398,bybit,AERGO/USDT:USDT,0.1331,11342.0,0.13309,425.0,0.13311,28.0,0.13312,417.0
1753592145497,04:55:45.497,bybit,AERGO/USDT:USDT,0.1331,11342.0,0.13309,425.0,0.13311,28.0,0.13312,417.0
1753592145597,04:55:45.597,bybit,AERGO/USDT:USDT,0.1331,11342.0,0.13309,311.0,0.13311,28.0,0.13312,417.0
1753592145698,04:55:45.698,bybit,AERGO/USDT:USDT,0.1331,11342.0,0.13309,311.0,0.13311,28.0,0.13312,417.0
1753592145797,04:55:45.797,bybit,AERGO/USDT:USDT,0.1331,11342.0,0.13309,311.0,0.13311,28.0,0.13312,417.0
1753592146197,04:55:46.197,bybit,AERGO/USDT:USDT,0.1331,11344.0,0.13309,311.0,0.13311,28.0,0.13312,417.0
1753592146597,04:55:46.597,bybit,AERGO/USDT:USDT,0.1331,11344.0,0.13309,311.0,0.13311,28.0,0.13312,417.0
1753592146897,04:55:46.897,bybit,AERGO/USDT:USDT,0.1331,11344.0,0.13309,311.0,0.13311,28.0,0.13312,417.0
1753592146997,04:55:46.997,bybit,AERGO/USDT:USDT,0.1331,11344.0,0.13309,311.0,0.13311,28.0,0.13312,417.0
1753592147098,04:55:47.098,bybit,AERGO/USDT:USDT,0.1331,11344.0,0.13309,311.0,0.13311,28.0,0.13312,417.0
1753592147196,04:55:47.196,bybit,AERGO/USDT:USDT,0.1331,11344.0,0.13309,311.0,0.13311,28.0,0.13312,417.0
1753592147897,04:55:47.897,bybit,AERGO/USDT:USDT,0.1331,11344.0,0.13309,311.0,0.13311,28.0,0.13313,114.0
1753592147997,04:55:47.997,bybit,AERGO/USDT:USDT,0.1331,11344.0,0.13309,311.0,0.13311,28.0,0.13313,114.0
1753592148197,04:55:48.197,bybit,AERGO/USDT:USDT,0.1331,11344.0,0.13309,311.0,0.13311,28.0,0.13313,577.0
1753592148297,04:55:48.297,bybit,AERGO/USDT:USDT,0.1331,11344.0,0.13309,311.0,0.13311,28.0,0.13313,577.0
1753592149797,04:55:49.797,bybit,AERGO/USDT:USDT,0.1331,11344.0,0.13309,311.0,0.13311,28.0,0.13313,577.0
1753592150497,04:55:50.497,bybit,AERGO/USDT:USDT,0.1331,11344.0,0.13309,311.0,0.13311,28.0,0.13313,577.0
1753592150997,04:55:50.997,bybit,AERGO/USDT:USDT,0.1331,11344.0,0.13309,311.0,0.13311,28.0,0.13313,577.0
1753592151397,04:55:51.397,bybit,AERGO/USDT:USDT,0.1331,11344.0,0.13309,311.0,0.13311,28.0,0.13313,577.0
1753592151496,04:55:51.496,bybit,AERGO/USDT:USDT,0.1331,11344.0,0.13309,311.0,0.13311,28.0,0.13313,577.0
1753592152097,04:55:52.097,bybit,AERGO/USDT:USDT,0.1331,11344.0,0.13309,311.0,0.13311,28.0,0.13313,577.0
1753592152196,04:55:52.196,bybit,AERGO/USDT:USDT,0.1331,11344.0,0.13309,311.0,0.13311,28.0,0.13313,577.0
1753592153597,04:55:53.597,bybit,AERGO/USDT:USDT,0.1331,11344.0,0.13309,311.0,0.13311,28.0,0.13313,577.0
1753592154497,04:55:54.497,bybit,AERGO/USDT:USDT,0.1331,11344.0,0.13309,311.0,0.13311,28.0,0.13313,577.0
1753592154697,04:55:54.697,bybit,AERGO/USDT:USDT,0.1331,11344.0,0.13309,311.0,0.13311,28.0,0.13313,577.0
1753592155597,04:55:55.597,bybit,AERGO/USDT:USDT,0.1331,11344.0,0.13309,311.0,0.13311,28.0,0.13313,577.0
1753592155997,04:55:55.997,bybit,AERGO/USDT:USDT,0.1331,11344.0,0.13309,311.0,0.13311,28.0,0.13313,577.0
1753592156397,04:55:56.397,bybit,AERGO/USDT:USDT,0.1331,11344.0,0.13309,311.0,0.13311,28.0,0.13313,114.0
1753592156697,04:55:56.697,bybit,AERGO/USDT:USDT,0.1331,11344.0,0.13309,311.0,0.13311,28.0,0.13313,114.0
1753592156797,04:55:56.797,bybit,AERGO/USDT:USDT,0.1331,11344.0,0.13309,311.0,0.13311,28.0,0.13313,114.0
1753592156997,04:55:56.997,bybit,AERGO/USDT:USDT,0.1331,11344.0,0.13309,311.0,0.13311,28.0,0.13313,114.0
1753592157597,04:55:57.597,bybit,AERGO/USDT:USDT,0.1331,11344.0,0.13309,311.0,0.13311,28.0,0.13313,114.0
1753592158099,04:55:58.099,bybit,AERGO/USDT:USDT,0.1331,11344.0,0.13309,311.0,0.13311,28.0,0.13313,114.0
1753592158697,04:55:58.697,bybit,AERGO/USDT:USDT,0.1331,11344.0,0.13309,311.0,0.13311,28.0,0.13313,114.0
1753592158797,04:55:58.797,bybit,AERGO/USDT:USDT,0.1331,11344.0,0.13309,311.0,0.13311,28.0,0.13313,246.0
1753592159297,04:55:59.297,bybit,AERGO/USDT:USDT,0.1331,11344.0,0.13309,311.0,0.13311,28.0,0.13313,246.0
1753592159397,04:55:59.397,bybit,AERGO/USDT:USDT,0.1331,11344.0,0.13309,311.0,0.13311,28.0,0.13313,246.0
1753592159497,04:55:59.497,bybit,AERGO/USDT:USDT,0.1331,11344.0,0.13309,311.0,0.13311,28.0,0.13313,246.0
1753592159897,04:55:59.897,bybit,AERGO/USDT:USDT,0.1331,11344.0,0.13309,311.0,0.13311,28.0,0.13312,132.0
1753592159997,04:55:59.997,bybit,AERGO/USDT:USDT,0.1331,9344.0,0.13309,389.0,0.13311,28.0,0.13313,114.0
1753592160097,04:56:00.097,bybit,AERGO/USDT:USDT,0.1331,9344.0,0.13309,389.0,0.13311,28.0,0.13313,114.0
1753592160198,04:56:00.198,bybit,AERGO/USDT:USDT,0.1331,9344.0,0.13309,389.0,0.13311,28.0,0.13313,543.0
1753592160298,04:56:00.298,bybit,AERGO/USDT:USDT,0.1331,9344.0,0.13309,389.0,0.13311,28.0,0.13313,543.0
1753592160697,04:56:00.697,bybit,AERGO/USDT:USDT,0.1331,9344.0,0.13309,389.0,0.13311,28.0,0.13313,543.0
1753592160897,04:56:00.897,bybit,AERGO/USDT:USDT,0.1331,9344.0,0.13309,389.0,0.13311,28.0,0.13313,543.0
1753592160997,04:56:00.997,bybit,AERGO/USDT:USDT,0.1331,9344.0,0.13309,389.0,0.13311,28.0,0.13313,543.0
1753592161297,04:56:01.297,bybit,AERGO/USDT:USDT,0.1331,11344.0,0.13309,389.0,0.13311,28.0,0.13313,114.0
1753592161397,04:56:01.397,bybit,AERGO/USDT:USDT,0.1331,11344.0,0.13309,389.0,0.13311,28.0,0.13313,114.0
1753592161497,04:56:01.497,bybit,AERGO/USDT:USDT,0.1331,11344.0,0.13309,389.0,0.13311,28.0,0.13313,114.0
1753592161597,04:56:01.597,bybit,AERGO/USDT:USDT,0.1331,11344.0,0.13309,389.0,0.13311,28.0,0.13313,114.0
1753592161697,04:56:01.697,bybit,AERGO/USDT:USDT,0.1331,11344.0,0.13309,389.0,0.13311,28.0,0.13313,114.0
1753592161996,04:56:01.996,bybit,AERGO/USDT:USDT,0.1331,11344.0,0.13309,389.0,0.13311,28.0,0.13314,110.0
1753592162297,04:56:02.297,bybit,AERGO/USDT:USDT,0.1331,11344.0,0.13309,389.0,0.13311,28.0,0.13314,110.0
1753592162397,04:56:02.397,bybit,AERGO/USDT:USDT,0.1331,11344.0,0.13309,389.0,0.13311,28.0,0.13314,110.0
1753592162497,04:56:02.497,bybit,AERGO/USDT:USDT,0.1331,11344.0,0.13309,389.0,0.13311,28.0,0.13314,110.0
1753592162597,04:56:02.597,bybit,AERGO/USDT:USDT,0.1331,11344.0,0.13309,389.0,0.13311,28.0,0.13314,190.0
1753592162697,04:56:02.697,bybit,AERGO/USDT:USDT,0.1331,11344.0,0.13309,389.0,0.13311,28.0,0.13314,322.0
1753592162798,04:56:02.798,bybit,AERGO/USDT:USDT,0.1331,11344.0,0.13309,389.0,0.13311,28.0,0.13314,322.0
1753592162896,04:56:02.896,bybit,AERGO/USDT:USDT,0.1331,11344.0,0.13309,389.0,0.13311,28.0,0.13314,110.0
1753592163197,04:56:03.197,bybit,AERGO/USDT:USDT,0.1331,11344.0,0.13309,311.0,0.13311,28.0,0.13314,110.0
1753592164097,04:56:04.097,bybit,AERGO/USDT:USDT,0.1331,11344.0,0.13309,311.0,0.13311,28.0,0.13314,148.0
1753592164798,04:56:04.798,bybit,AERGO/USDT:USDT,0.1331,11344.0,0.13309,311.0,0.13311,28.0,0.13314,148.0
1753592164896,04:56:04.896,bybit,AERGO/USDT:USDT,0.1331,11344.0,0.13309,311.0,0.13311,28.0,0.13314,148.0
1753592164996,04:56:04.996,bybit,AERGO/USDT:USDT,0.1331,11344.0,0.13309,311.0,0.13311,28.0,0.13314,148.0
1753592165297,04:56:05.297,bybit,AERGO/USDT:USDT,0.1331,11344.0,0.13309,311.0,0.13311,28.0,0.13314,148.0
1753592165397,04:56:05.397,bybit,AERGO/USDT:USDT,0.1331,11344.0,0.13309,311.0,0.13311,28.0,0.13314,148.0
1753592165897,04:56:05.897,bybit,AERGO/USDT:USDT,0.1331,11344.0,0.13309,311.0,0.13311,28.0,0.13314,148.0
1753592166097,04:56:06.097,bybit,AERGO/USDT:USDT,0.1331,11344.0,0.13309,311.0,0.13311,28.0,0.13314,148.0
1753592166497,04:56:06.497,bybit,AERGO/USDT:USDT,0.1331,11344.0,0.13309,311.0,0.13311,28.0,0.13314,148.0
1753592166797,04:56:06.797,bybit,AERGO/USDT:USDT,0.1331,11344.0,0.13309,311.0,0.13311,28.0,0.13313,440.0
1753592166896,04:56:06.896,bybit,AERGO/USDT:USDT,0.1331,11344.0,0.13309,311.0,0.13311,28.0,0.13314,148.0
1753592166996,04:56:06.996,bybit,AERGO/USDT:USDT,0.1331,11344.0,0.13309,311.0,0.13311,28.0,0.13314,148.0
1753592167097,04:56:07.097,bybit,AERGO/USDT:USDT,0.1331,11344.0,0.13309,311.0,0.13311,28.0,0.13314,148.0
1753592167197,04:56:07.197,bybit,AERGO/USDT:USDT,0.1331,11344.0,0.13309,311.0,0.13311,28.0,0.13314,592.0
1753592167897,04:56:07.897,bybit,AERGO/USDT:USDT,0.1331,11344.0,0.13309,311.0,0.13311,18.0,0.13314,592.0
1753592167997,04:56:07.997,bybit,AERGO/USDT:USDT,0.1331,11344.0,0.13309,311.0,0.13311,35.0,0.13314,592.0
1753592169097,04:56:09.097,bybit,AERGO/USDT:USDT,0.1331,11344.0,0.13309,311.0,0.13311,35.0,0.13314,592.0
1753592169497,04:56:09.497,bybit,AERGO/USDT:USDT,0.1331,11355.0,0.13309,311.0,0.13311,35.0,0.13314,592.0
1753592173697,04:56:13.697,bybit,AERGO/USDT:USDT,0.1331,13355.0,0.13309,311.0,0.13311,35.0,0.13314,592.0
1753592174597,04:56:14.597,bybit,AERGO/USDT:USDT,0.1331,13355.0,0.13309,311.0,0.13311,35.0,0.13314,148.0
1753592174696,04:56:14.696,bybit,AERGO/USDT:USDT,0.1331,13355.0,0.13309,311.0,0.13311,35.0,0.13314,148.0
1753592174797,04:56:14.797,bybit,AERGO/USDT:USDT,0.1331,13355.0,0.13309,311.0,0.13311,35.0,0.13314,148.0
1753592176497,04:56:16.497,bybit,AERGO/USDT:USDT,0.1331,13355.0,0.13309,311.0,0.13311,35.0,0.13314,148.0
1753592176697,04:56:16.697,bybit,AERGO/USDT:USDT,0.1331,13355.0,0.13309,311.0,0.13311,35.0,0.13314,148.0
1753592176797,04:56:16.797,bybit,AERGO/USDT:USDT,0.1331,13355.0,0.13309,311.0,0.13311,35.0,0.13314,148.0
1753592180897,04:56:20.897,bybit,AERGO/USDT:USDT,0.1331,13355.0,0.13309,311.0,0.13311,35.0,0.13314,148.0
1753592181097,04:56:21.097,bybit,AERGO/USDT:USDT,0.1331,13355.0,0.13309,311.0,0.13311,35.0,0.13314,148.0
1753592182297,04:56:22.297,bybit,AERGO/USDT:USDT,0.1331,13360.0,0.13309,311.0,0.13311,35.0,0.13314,148.0
1753592182597,04:56:22.597,bybit,AERGO/USDT:USDT,0.1331,13360.0,0.13309,311.0,0.13311,35.0,0.13314,148.0
1753592182797,04:56:22.797,bybit,AERGO/USDT:USDT,0.1331,13360.0,0.13309,2119.0,0.13311,35.0,0.13314,148.0
1753592182897,04:56:22.897,bybit,AERGO/USDT:USDT,0.1331,13360.0,0.13309,2119.0,0.13311,35.0,0.13314,148.0
1753592183897,04:56:23.897,bybit,AERGO/USDT:USDT,0.1331,13360.0,0.13309,2119.0,0.13311,35.0,0.13314,148.0
1753592184196,04:56:24.196,bybit,AERGO/USDT:USDT,0.1331,13360.0,0.13309,2119.0,0.13311,35.0,0.13314,148.0
1753592184297,04:56:24.297,bybit,AERGO/USDT:USDT,0.1331,13360.0,0.13309,2119.0,0.13311,35.0,0.13314,148.0
1753592184896,04:56:24.896,bybit,AERGO/USDT:USDT,0.1331,13360.0,0.13309,2119.0,0.13311,35.0,0.13314,148.0
1753592184997,04:56:24.997,bybit,AERGO/USDT:USDT,0.1331,13360.0,0.13309,2119.0,0.13311,35.0,0.13314,148.0
1753592185097,04:56:25.097,bybit,AERGO/USDT:USDT,0.1331,13360.0,0.13309,2119.0,0.13311,35.0,0.13314,148.0
1753592186497,04:56:26.497,bybit,AERGO/USDT:USDT,0.1331,13360.0,0.13309,2119.0,0.13311,35.0,0.13314,70.0
1753592186896,04:56:26.896,bybit,AERGO/USDT:USDT,0.1331,13360.0,0.13309,2119.0,0.13311,35.0,0.13314,70.0
1753592187297,04:56:27.297,bybit,AERGO/USDT:USDT,0.1331,13360.0,0.13309,2119.0,0.13311,35.0,0.13314,70.0
1753592188296,04:56:28.296,bybit,AERGO/USDT:USDT,0.1331,13370.0,0.13309,2119.0,0.13311,35.0,0.13314,70.0
1753592188597,04:56:28.597,bybit,AERGO/USDT:USDT,0.1331,13370.0,0.13309,2119.0,0.13311,35.0,0.13314,70.0
1753592189197,04:56:29.197,bybit,AERGO/USDT:USDT,0.1331,14509.0,0.13309,2119.0,0.13311,35.0,0.13314,70.0
1753592189497,04:56:29.497,bybit,AERGO/USDT:USDT,0.1331,14509.0,0.13309,2119.0,0.13311,35.0,0.13314,70.0
1753592189598,04:56:29.598,bybit,AERGO/USDT:USDT,0.1331,14509.0,0.13309,2119.0,0.13311,35.0,0.13314,70.0
1753592190597,04:56:30.597,bybit,AERGO/USDT:USDT,0.1331,14509.0,0.13309,2119.0,0.13311,35.0,0.13314,70.0
1753592190697,04:56:30.697,bybit,AERGO/USDT:USDT,0.13314,2143.0,0.13313,657.0,0.13319,66.0,0.1332,94.0
1753592190798,04:56:30.798,bybit,AERGO/USDT:USDT,0.13316,2743.0,0.13315,808.0,0.1332,437.0,0.13321,57.0
1753592190897,04:56:30.897,bybit,AERGO/USDT:USDT,0.13316,2743.0,0.13315,57.0,0.1332,437.0,0.13321,57.0
1753592190996,04:56:30.996,bybit,AERGO/USDT:USDT,0.13316,2743.0,0.13315,57.0,0.1332,437.0,0.13321,57.0
1753592191198,04:56:31.198,bybit,AERGO/USDT:USDT,0.13316,2743.0,0.13315,392.0,0.1332,437.0,0.13321,57.0
1753592191297,04:56:31.297,bybit,AERGO/USDT:USDT,0.13316,2743.0,0.13315,392.0,0.1332,437.0,0.13321,57.0
1753592191397,04:56:31.397,bybit,AERGO/USDT:USDT,0.13316,2743.0,0.13315,392.0,0.1332,437.0,0.13321,57.0
1753592191598,04:56:31.598,bybit,AERGO/USDT:USDT,0.13316,2743.0,0.13315,392.0,0.1332,437.0,0.13321,57.0
1753592192099,04:56:32.099,bybit,AERGO/USDT:USDT,0.13316,2743.0,0.13315,392.0,0.1332,437.0,0.13321,57.0
1753592192197,04:56:32.197,bybit,AERGO/USDT:USDT,0.13316,2743.0,0.13315,134.0,0.1332,437.0,0.13321,57.0
1753592193098,04:56:33.098,bybit,AERGO/USDT:USDT,0.13316,2743.0,0.13315,134.0,0.1332,437.0,0.13321,57.0
1753592194297,04:56:34.297,bybit,AERGO/USDT:USDT,0.13316,2743.0,0.13315,134.0,0.1332,437.0,0.13321,57.0
1753592194897,04:56:34.897,bybit,AERGO/USDT:USDT,0.13316,2743.0,0.13315,134.0,0.1332,437.0,0.13321,57.0
1753592195097,04:56:35.097,bybit,AERGO/USDT:USDT,0.13316,2743.0,0.13315,134.0,0.1332,437.0,0.13321,57.0
1753592196496,04:56:36.496,bybit,AERGO/USDT:USDT,0.13316,2743.0,0.13315,134.0,0.1332,437.0,0.13321,57.0
1753592198698,04:56:38.698,bybit,AERGO/USDT:USDT,0.13318,3906.0,0.13317,2245.0,0.13323,81.0,0.13324,91.0
1753592198797,04:56:38.797,bybit,AERGO/USDT:USDT,0.1332,1964.0,0.13319,3126.0,0.13323,43.0,0.13324,91.0
1753592198897,04:56:38.897,bybit,AERGO/USDT:USDT,0.13319,3069.0,0.13318,165.0,0.13323,43.0,0.13324,152.0
1753592199097,04:56:39.097,bybit,AERGO/USDT:USDT,0.13319,332.0,0.13318,165.0,0.13322,442.0,0.13323,43.0
1753592199297,04:56:39.297,bybit,AERGO/USDT:USDT,0.13319,332.0,0.13318,165.0,0.13322,442.0,0.13323,43.0
1753592199597,04:56:39.597,bybit,AERGO/USDT:USDT,0.1332,18.0,0.13319,389.0,0.13322,442.0,0.13323,43.0
1753592199697,04:56:39.697,bybit,AERGO/USDT:USDT,0.1332,18.0,0.13319,389.0,0.13322,442.0,0.13323,43.0
1753592199797,04:56:39.797,bybit,AERGO/USDT:USDT,0.1332,18.0,0.13319,131.0,0.13322,442.0,0.13323,43.0
1753592199897,04:56:39.897,bybit,AERGO/USDT:USDT,0.1332,18.0,0.13319,131.0,0.13322,442.0,0.13323,43.0
1753592199997,04:56:39.997,bybit,AERGO/USDT:USDT,0.1332,18.0,0.13319,131.0,0.13322,442.0,0.13323,43.0
1753592200597,04:56:40.597,bybit,AERGO/USDT:USDT,0.1332,18.0,0.13319,131.0,0.13322,442.0,0.13323,123.0
1753592200997,04:56:40.997,bybit,AERGO/USDT:USDT,0.1332,18.0,0.13319,57.0,0.13322,442.0,0.13323,255.0
1753592201097,04:56:41.097,bybit,AERGO/USDT:USDT,0.1332,18.0,0.13319,57.0,0.13322,654.0,0.13323,255.0
1753592201297,04:56:41.297,bybit,AERGO/USDT:USDT,0.1332,18.0,0.13319,57.0,0.13322,654.0,0.13323,255.0
1753592202098,04:56:42.098,bybit,AERGO/USDT:USDT,0.1332,18.0,0.13319,57.0,0.13322,654.0,0.13323,255.0
1753592202297,04:56:42.297,bybit,AERGO/USDT:USDT,0.1332,18.0,0.13319,57.0,0.13322,654.0,0.13323,255.0
1753592203397,04:56:43.397,bybit,AERGO/USDT:USDT,0.1332,18.0,0.13319,57.0,0.13322,654.0,0.13323,255.0
1753592203497,04:56:43.497,bybit,AERGO/USDT:USDT,0.1332,18.0,0.13319,57.0,0.13322,654.0,0.13323,255.0
1753592203897,04:56:43.897,bybit,AERGO/USDT:USDT,0.1332,18.0,0.13319,57.0,0.13322,574.0,0.13323,255.0
1753592204097,04:56:44.097,bybit,AERGO/USDT:USDT,0.1332,18.0,0.13319,57.0,0.13322,574.0,0.13323,255.0
1753592204196,04:56:44.196,bybit,AERGO/USDT:USDT,0.1332,18.0,0.13319,57.0,0.13322,574.0,0.13323,255.0
1753592205097,04:56:45.097,bybit,AERGO/USDT:USDT,0.1332,18.0,0.13319,57.0,0.13322,574.0,0.13323,255.0
1753592205296,04:56:45.296,bybit,AERGO/USDT:USDT,0.1332,18.0,0.13319,57.0,0.13322,574.0,0.13323,255.0
1753592205597,04:56:45.597,bybit,AERGO/USDT:USDT,0.13321,31.0,0.1332,57.0,0.13323,43.0,0.13324,148.0
1753592205697,04:56:45.697,bybit,AERGO/USDT:USDT,0.13321,31.0,0.1332,57.0,0.13323,43.0,0.13324,91.0
1753592206197,04:56:46.197,bybit,AERGO/USDT:USDT,0.13321,31.0,0.1332,57.0,0.13323,473.0,0.13324,91.0
1753592206497,04:56:46.497,bybit,AERGO/USDT:USDT,0.13321,31.0,0.1332,57.0,0.13323,473.0,0.13324,223.0
1753592207097,04:56:47.097,bybit,AERGO/USDT:USDT,0.13321,31.0,0.1332,57.0,0.13322,600.0,0.13323,605.0
1753592207197,04:56:47.197,bybit,AERGO/USDT:USDT,0.13321,31.0,0.1332,57.0,0.13322,812.0,0.13323,685.0
1753592207297,04:56:47.297,bybit,AERGO/USDT:USDT,0.13321,31.0,0.1332,57.0,0.13322,812.0,0.13323,685.0
1753592207397,04:56:47.397,bybit,AERGO/USDT:USDT,0.13321,31.0,0.1332,57.0,0.13322,812.0,0.13323,685.0
1753592207496,04:56:47.496,bybit,AERGO/USDT:USDT,0.13321,31.0,0.1332,57.0,0.13322,812.0,0.13323,685.0
1753592207597,04:56:47.597,bybit,AERGO/USDT:USDT,0.13321,31.0,0.1332,57.0,0.13322,812.0,0.13323,685.0
1753592207697,04:56:47.697,bybit,AERGO/USDT:USDT,0.13321,31.0,0.1332,57.0,0.13322,812.0,0.13323,685.0
1753592207796,04:56:47.796,bybit,AERGO/USDT:USDT,0.13321,31.0,0.1332,57.0,0.13322,812.0,0.13323,685.0
1753592207997,04:56:47.997,bybit,AERGO/USDT:USDT,0.13321,31.0,0.1332,57.0,0.13322,812.0,0.13323,685.0
1753592208997,04:56:48.997,bybit,AERGO/USDT:USDT,0.13321,31.0,0.1332,57.0,0.13322,812.0,0.13323,685.0
1753592209097,04:56:49.097,bybit,AERGO/USDT:USDT,0.13321,31.0,0.1332,57.0,0.13322,732.0,0.13323,685.0
1753592210697,04:56:50.697,bybit,AERGO/USDT:USDT,0.13321,31.0,0.1332,57.0,0.13322,732.0,0.13323,685.0
1753592211097,04:56:51.097,bybit,AERGO/USDT:USDT,0.13321,31.0,0.1332,57.0,0.13322,732.0,0.13323,685.0
1753592211297,04:56:51.297,bybit,AERGO/USDT:USDT,0.13321,31.0,0.1332,57.0,0.13322,732.0,0.13323,685.0
1753592211398,04:56:51.398,bybit,AERGO/USDT:USDT,0.13321,56.0,0.1332,57.0,0.13322,732.0,0.13323,685.0
1753592211497,04:56:51.497,bybit,AERGO/USDT:USDT,0.13321,56.0,0.1332,57.0,0.13322,600.0,0.13323,685.0
1753592211896,04:56:51.896,bybit,AERGO/USDT:USDT,0.13321,56.0,0.1332,57.0,0.13322,732.0,0.13323,685.0
1753592212298,04:56:52.298,bybit,AERGO/USDT:USDT,0.13321,56.0,0.1332,57.0,0.13322,600.0,0.13323,685.0
1753592212497,04:56:52.497,bybit,AERGO/USDT:USDT,0.13321,56.0,0.1332,57.0,0.13322,732.0,0.13323,685.0
1753592215997,04:56:55.997,bybit,AERGO/USDT:USDT,0.13321,56.0,0.1332,57.0,0.13322,600.0,0.13323,473.0
1753592216798,04:56:56.798,bybit,AERGO/USDT:USDT,0.13321,56.0,0.1332,57.0,0.13323,473.0,0.13324,360.0
1753592216897,04:56:56.897,bybit,AERGO/USDT:USDT,0.13321,56.0,0.1332,57.0,0.13323,473.0,0.13324,360.0
1753592217196,04:56:57.196,bybit,AERGO/USDT:USDT,0.13321,56.0,0.13319,57.0,0.13323,553.0,0.13324,360.0
1753592217297,04:56:57.297,bybit,AERGO/USDT:USDT,0.13321,56.0,0.13319,57.0,0.13323,473.0,0.13324,360.0
1753592218197,04:56:58.197,bybit,AERGO/USDT:USDT,0.13321,56.0,0.13319,57.0,0.13323,473.0,0.13324,360.0
1753592218303,04:56:58.303,bybit,AERGO/USDT:USDT,0.13321,56.0,0.13319,57.0,0.13323,473.0,0.13324,360.0
1753592218397,04:56:58.397,bybit,AERGO/USDT:USDT,0.13322,41.0,0.13321,82.0,0.13323,473.0,0.13324,360.0
1753592218497,04:56:58.497,bybit,AERGO/USDT:USDT,0.13322,41.0,0.13321,82.0,0.13323,473.0,0.13324,360.0
1753592218697,04:56:58.697,bybit,AERGO/USDT:USDT,0.13322,41.0,0.13321,82.0,0.13323,473.0,0.13324,360.0
1753592219097,04:56:59.097,bybit,AERGO/USDT:USDT,0.13322,41.0,0.13321,57.0,0.13323,473.0,0.13324,360.0
1753592219197,04:56:59.197,bybit,AERGO/USDT:USDT,0.13322,65.0,0.13321,57.0,0.13323,473.0,0.13324,360.0
1753592219496,04:56:59.496,bybit,AERGO/USDT:USDT,0.13322,65.0,0.13321,57.0,0.13323,473.0,0.13324,148.0
1753592219698,04:56:59.698,bybit,AERGO/USDT:USDT,0.13322,75.0,0.13321,57.0,0.13323,473.0,0.13324,228.0
1753592220197,04:57:00.197,bybit,AERGO/USDT:USDT,0.13322,75.0,0.13321,57.0,0.13323,473.0,0.13324,228.0
1753592220497,04:57:00.497,bybit,AERGO/USDT:USDT,0.13322,75.0,0.13321,57.0,0.13323,473.0,0.13324,148.0
1753592220597,04:57:00.597,bybit,AERGO/USDT:USDT,0.13322,75.0,0.13321,57.0,0.13323,473.0,0.13324,228.0
1753592220898,04:57:00.898,bybit,AERGO/USDT:USDT,0.13322,75.0,0.13321,57.0,0.13323,473.0,0.13324,228.0
1753592220997,04:57:00.997,bybit,AERGO/USDT:USDT,0.13322,75.0,0.13321,57.0,0.13323,473.0,0.13324,228.0
1753592221297,04:57:01.297,bybit,AERGO/USDT:USDT,0.13322,75.0,0.13321,57.0,0.13323,473.0,0.13324,228.0
1753592221397,04:57:01.397,bybit,AERGO/USDT:USDT,0.13322,75.0,0.13321,57.0,0.13323,473.0,0.13324,228.0
1753592221797,04:57:01.797,bybit,AERGO/USDT:USDT,0.13322,75.0,0.13321,57.0,0.13323,473.0,0.13324,228.0
1753592221998,04:57:01.998,bybit,AERGO/USDT:USDT,0.13322,75.0,0.13321,57.0,0.13323,473.0,0.13324,228.0
1753592222097,04:57:02.097,bybit,AERGO/USDT:USDT,0.13322,75.0,0.13319,131.0,0.13323,473.0,0.13324,228.0
1753592222196,04:57:02.196,bybit,AERGO/USDT:USDT,0.13322,75.0,0.13321,57.0,0.13323,473.0,0.13324,228.0
1753592222297,04:57:02.297,bybit,AERGO/USDT:USDT,0.13322,449.0,0.13321,57.0,0.13323,473.0,0.13324,148.0
1753592222697,04:57:02.697,bybit,AERGO/USDT:USDT,0.13322,449.0,0.13319,131.0,0.13323,553.0,0.13324,228.0
1753592222797,04:57:02.797,bybit,AERGO/USDT:USDT,0.13322,449.0,0.13321,57.0,0.13323,473.0,0.13324,148.0
1753592222897,04:57:02.897,bybit,AERGO/USDT:USDT,0.13322,449.0,0.13321,57.0,0.13323,473.0,0.13324,228.0
1753592222996,04:57:02.996,bybit,AERGO/USDT:USDT,0.13322,449.0,0.13321,57.0,0.13323,473.0,0.13324,228.0
1753592223097,04:57:03.097,bybit,AERGO/USDT:USDT,0.13322,449.0,0.13321,57.0,0.13323,473.0,0.13324,228.0
1753592223498,04:57:03.498,bybit,AERGO/USDT:USDT,0.13318,108.0,0.13317,3747.0,0.13319,549.0,0.1332,132.0
1753592223597,04:57:03.597,bybit,AERGO/USDT:USDT,0.13318,108.0,0.13317,3747.0,0.13319,549.0,0.1332,132.0
1753592223797,04:57:03.797,bybit,AERGO/USDT:USDT,0.13318,108.0,0.13317,3747.0,0.13319,549.0,0.1332,132.0
1753592223897,04:57:03.897,bybit,AERGO/USDT:USDT,0.13318,108.0,0.13317,3747.0,0.13319,417.0,0.13321,132.0
1753592224097,04:57:04.097,bybit,AERGO/USDT:USDT,0.13318,108.0,0.13317,3747.0,0.13319,417.0,0.1332,132.0
1753592224196,04:57:04.196,bybit,AERGO/USDT:USDT,0.13318,108.0,0.13317,3747.0,0.13319,417.0,0.1332,132.0
1753592224297,04:57:04.297,bybit,AERGO/USDT:USDT,0.13318,108.0,0.13317,3747.0,0.13319,417.0,0.1332,132.0
1753592224397,04:57:04.397,bybit,AERGO/USDT:USDT,0.13318,108.0,0.13317,3747.0,0.13319,417.0,0.1332,132.0
1753592225097,04:57:05.097,bybit,AERGO/USDT:USDT,0.13318,108.0,0.13317,3747.0,0.13319,417.0,0.1332,132.0
1753592225197,04:57:05.197,bybit,AERGO/USDT:USDT,0.13318,108.0,0.13317,3747.0,0.13319,417.0,0.1332,132.0
1753592225297,04:57:05.297,bybit,AERGO/USDT:USDT,0.13318,108.0,0.13317,3747.0,0.13319,417.0,0.1332,132.0
1753592225398,04:57:05.398,bybit,AERGO/USDT:USDT,0.13318,108.0,0.13317,3747.0,0.13319,417.0,0.1332,132.0
1753592226498,04:57:06.498,bybit,AERGO/USDT:USDT,0.13318,108.0,0.13317,3747.0,0.13319,417.0,0.13321,132.0
1753592226597,04:57:06.597,bybit,AERGO/USDT:USDT,0.13318,108.0,0.13317,3747.0,0.13319,417.0,0.13321,132.0
1753592226697,04:57:06.697,bybit,AERGO/USDT:USDT,0.13318,108.0,0.13317,3747.0,0.13319,417.0,0.1332,132.0
1753592227197,04:57:07.197,bybit,AERGO/USDT:USDT,0.13318,108.0,0.13317,3747.0,0.13319,417.0,0.13322,189.0
1753592227597,04:57:07.597,bybit,AERGO/USDT:USDT,0.13318,108.0,0.13317,3747.0,0.13319,417.0,0.13322,189.0
1753592228197,04:57:08.197,bybit,AERGO/USDT:USDT,0.13318,108.0,0.13317,3747.0,0.13319,417.0,0.1332,132.0
1753592228897,04:57:08.897,bybit,AERGO/USDT:USDT,0.13318,108.0,0.13317,3747.0,0.13319,417.0,0.1332,132.0
1753592228997,04:57:08.997,bybit,AERGO/USDT:USDT,0.13318,108.0,0.13317,3747.0,0.13319,417.0,0.1332,132.0
1753592230099,04:57:10.099,bybit,AERGO/USDT:USDT,0.13318,108.0,0.13317,3747.0,0.13319,417.0,0.1332,132.0
1753592230198,04:57:10.198,bybit,AERGO/USDT:USDT,0.13318,108.0,0.13317,3747.0,0.13319,417.0,0.1332,132.0
1753592232297,04:57:12.297,bybit,AERGO/USDT:USDT,0.13318,108.0,0.13317,3747.0,0.13319,549.0,0.1332,212.0
1753592234897,04:57:14.897,bybit,AERGO/USDT:USDT,0.13318,108.0,0.13317,3747.0,0.13319,549.0,0.1332,212.0
1753592235097,04:57:15.097,bybit,AERGO/USDT:USDT,0.13318,108.0,0.13317,3747.0,0.13319,549.0,0.1332,212.0
1753592235197,04:57:15.197,bybit,AERGO/USDT:USDT,0.13318,108.0,0.13317,3747.0,0.13319,1201.0,0.1332,212.0
1753592235796,04:57:15.796,bybit,AERGO/USDT:USDT,0.13318,123.0,0.13317,3747.0,0.13319,1201.0,0.1332,212.0
1753592238797,04:57:18.797,bybit,AERGO/USDT:USDT,0.13318,123.0,0.13317,3747.0,0.13319,1333.0,0.1332,212.0
1753592239298,04:57:19.298,bybit,AERGO/USDT:USDT,0.13318,123.0,0.13317,3747.0,0.13319,1349.0,0.1332,212.0
1753592240398,04:57:20.398,bybit,AERGO/USDT:USDT,0.13318,123.0,0.13317,3747.0,0.13319,1217.0,0.1332,212.0
1753592241896,04:57:21.896,bybit,AERGO/USDT:USDT,0.13318,123.0,0.13317,3747.0,0.13319,1349.0,0.1332,212.0
1753592243097,04:57:23.097,bybit,AERGO/USDT:USDT,0.13318,15.0,0.13317,3747.0,0.13319,1349.0,0.1332,212.0
1753592243297,04:57:23.297,bybit,AERGO/USDT:USDT,0.13318,15.0,0.13317,3639.0,0.13319,1429.0,0.1332,212.0
1753592243496,04:57:23.496,bybit,AERGO/USDT:USDT,0.13318,15.0,0.13317,3639.0,0.13319,1429.0,0.1332,212.0
1753592243598,04:57:23.598,bybit,AERGO/USDT:USDT,0.13318,15.0,0.13317,3639.0,0.13319,1429.0,0.1332,212.0
1753592243697,04:57:23.697,bybit,AERGO/USDT:USDT,0.13318,15.0,0.13317,3639.0,0.13319,2224.0,0.1332,212.0
1753592243897,04:57:23.897,bybit,AERGO/USDT:USDT,0.13318,15.0,0.13317,3639.0,0.13319,2224.0,0.1332,212.0
1753592245497,04:57:25.497,bybit,AERGO/USDT:USDT,0.13318,15.0,0.13317,3639.0,0.13319,2224.0,0.1332,212.0
1753592246298,04:57:26.298,bybit,AERGO/USDT:USDT,0.13318,15.0,0.13317,3639.0,0.13319,2012.0,0.1332,132.0
1753592247297,04:57:27.297,bybit,AERGO/USDT:USDT,0.13318,15.0,0.13317,3639.0,0.13319,2012.0,0.1332,132.0
1753592247697,04:57:27.697,bybit,AERGO/USDT:USDT,0.13318,15.0,0.13317,3639.0,0.13319,2012.0,0.13321,212.0
1753592247797,04:57:27.797,bybit,AERGO/USDT:USDT,0.13318,15.0,0.13317,3639.0,0.13319,2012.0,0.13322,131.0
1753592247897,04:57:27.897,bybit,AERGO/USDT:USDT,0.13318,15.0,0.13317,3639.0,0.13319,2012.0,0.13321,212.0
1753592247998,04:57:27.998,bybit,AERGO/USDT:USDT,0.13318,15.0,0.13317,3639.0,0.13319,2012.0,0.1332,212.0
1753592248097,04:57:28.097,bybit,AERGO/USDT:USDT,0.13318,15.0,0.13317,3639.0,0.13319,2012.0,0.1332,212.0
1753592248197,04:57:28.197,bybit,AERGO/USDT:USDT,0.13318,15.0,0.13317,3639.0,0.13319,2012.0,0.1332,132.0
1753592248697,04:57:28.697,bybit,AERGO/USDT:USDT,0.13318,15.0,0.13317,3639.0,0.13319,2144.0,0.1332,212.0
1753592248796,04:57:28.796,bybit,AERGO/USDT:USDT,0.13318,15.0,0.13317,3639.0,0.13319,2144.0,0.1332,212.0
1753592248897,04:57:28.897,bybit,AERGO/USDT:USDT,0.13318,15.0,0.13317,3639.0,0.13319,2128.0,0.1332,212.0
1753592248997,04:57:28.997,bybit,AERGO/USDT:USDT,0.13318,15.0,0.13317,3639.0,0.13319,2142.0,0.1332,212.0
1753592250100,04:57:30.100,bybit,AERGO/USDT:USDT,0.13318,15.0,0.13317,3639.0,0.13319,2142.0,0.1332,212.0
1753592250197,04:57:30.197,bybit,AERGO/USDT:USDT,0.13318,15.0,0.13317,3639.0,0.13319,2222.0,0.1332,212.0
1753592250297,04:57:30.297,bybit,AERGO/USDT:USDT,0.13318,15.0,0.13317,3639.0,0.13319,2222.0,0.1332,269.0
1753592250396,04:57:30.396,bybit,AERGO/USDT:USDT,0.13314,114.0,0.13313,731.0,0.13319,2222.0,0.1332,269.0
1753592250498,04:57:30.498,bybit,AERGO/USDT:USDT,0.13309,177.0,0.13308,57.0,0.13313,812.0,0.13314,716.0
1753592250598,04:57:30.598,bybit,AERGO/USDT:USDT,0.13309,177.0,0.13308,57.0,0.13311,521.0,0.13312,212.0
1753592250697,04:57:30.697,bybit,AERGO/USDT:USDT,0.13309,177.0,0.13308,57.0,0.1331,895.0,0.13311,601.0
1753592250897,04:57:30.897,bybit,AERGO/USDT:USDT,0.13309,177.0,0.13308,57.0,0.1331,895.0,0.13311,658.0
1753592250996,04:57:30.996,bybit,AERGO/USDT:USDT,0.13309,177.0,0.13308,57.0,0.1331,895.0,0.13311,658.0
1753592251097,04:57:31.097,bybit,AERGO/USDT:USDT,0.13309,177.0,0.13308,57.0,0.1331,212.0,0.13311,735.0
1753592251196,04:57:31.196,bybit,AERGO/USDT:USDT,0.13309,177.0,0.13308,57.0,0.1331,360.0,0.13311,735.0
1753592251297,04:57:31.297,bybit,AERGO/USDT:USDT,0.13309,177.0,0.13308,57.0,0.1331,286.0,0.13311,735.0
1753592251397,04:57:31.397,bybit,AERGO/USDT:USDT,0.13309,177.0,0.13308,57.0,0.1331,2225.0,0.13311,735.0
1753592251497,04:57:31.497,bybit,AERGO/USDT:USDT,0.13309,177.0,0.13308,57.0,0.1331,2151.0,0.13311,735.0
1753592251997,04:57:31.997,bybit,AERGO/USDT:USDT,0.13309,177.0,0.13308,57.0,0.1331,2151.0,0.13311,735.0
1753592252100,04:57:32.100,bybit,AERGO/USDT:USDT,0.13309,177.0,0.13308,57.0,0.1331,2151.0,0.13311,735.0
1753592252597,04:57:32.597,bybit,AERGO/USDT:USDT,0.13309,177.0,0.13308,57.0,0.1331,2151.0,0.13311,658.0
1753592253097,04:57:33.097,bybit,AERGO/USDT:USDT,0.13309,177.0,0.13308,57.0,0.1331,2151.0,0.13311,658.0
1753592253496,04:57:33.496,bybit,AERGO/USDT:USDT,0.13309,177.0,0.13308,57.0,0.1331,2151.0,0.13311,658.0
1753592254598,04:57:34.598,bybit,AERGO/USDT:USDT,0.13309,187.0,0.13308,57.0,0.1331,2151.0,0.13311,658.0
1753592256497,04:57:36.497,bybit,AERGO/USDT:USDT,0.13309,205.0,0.13308,57.0,0.1331,2151.0,0.13311,658.0
1753592256697,04:57:36.697,bybit,AERGO/USDT:USDT,0.13309,205.0,0.13308,57.0,0.1331,2151.0,0.13311,658.0
1753592257397,04:57:37.397,bybit,AERGO/USDT:USDT,0.13309,205.0,0.13308,57.0,0.1331,2151.0,0.13311,658.0
1753592257897,04:57:37.897,bybit,AERGO/USDT:USDT,0.13309,205.0,0.13308,57.0,0.1331,2151.0,0.13311,658.0
1753592258397,04:57:38.397,bybit,AERGO/USDT:USDT,0.13309,205.0,0.13308,57.0,0.1331,2151.0,0.13311,658.0
1753592258497,04:57:38.497,bybit,AERGO/USDT:USDT,0.13309,205.0,0.13308,57.0,0.1331,1939.0,0.13311,446.0
1753592262101,04:57:42.101,bybit,AERGO/USDT:USDT,0.13309,205.0,0.13308,57.0,0.1331,1939.0,0.13311,446.0
1753592262697,04:57:42.697,bybit,AERGO/USDT:USDT,0.13309,205.0,0.13308,57.0,0.1331,1939.0,0.13311,446.0
1753592263097,04:57:43.097,bybit,AERGO/USDT:USDT,0.13309,205.0,0.13308,57.0,0.1331,1939.0,0.13311,526.0
1753592264396,04:57:44.396,bybit,AERGO/USDT:USDT,0.13309,205.0,0.13308,57.0,0.1331,1939.0,0.13311,446.0
1753592264497,04:57:44.497,bybit,AERGO/USDT:USDT,0.13309,205.0,0.13308,57.0,0.1331,1939.0,0.13311,578.0
1753592264597,04:57:44.597,bybit,AERGO/USDT:USDT,0.13309,205.0,0.13308,57.0,0.1331,1939.0,0.13311,578.0
1753592266598,04:57:46.598,bybit,AERGO/USDT:USDT,0.13309,205.0,0.13308,57.0,0.1331,1939.0,0.13311,578.0
1753592266697,04:57:46.697,bybit,AERGO/USDT:USDT,0.13302,10.0,0.13301,57.0,0.13303,862.0,0.13304,212.0
1753592266797,04:57:46.797,bybit,AERGO/USDT:USDT,0.13302,10.0,0.133,336.0,0.13303,1416.0,0.13304,269.0
1753592266897,04:57:46.897,bybit,AERGO/USDT:USDT,0.13302,10.0,0.133,336.0,0.13303,1416.0,0.13304,719.0
1753592266997,04:57:46.997,bybit,AERGO/USDT:USDT,0.13302,10.0,0.13301,407.0,0.13303,212.0,0.13304,343.0
1753592267096,04:57:47.096,bybit,AERGO/USDT:USDT,0.13302,10.0,0.13301,407.0,0.13303,212.0,0.13304,343.0
1753592267197,04:57:47.197,bybit,AERGO/USDT:USDT,0.13302,10.0,0.13301,407.0,0.13303,212.0,0.13304,343.0
1753592267397,04:57:47.397,bybit,AERGO/USDT:USDT,0.13302,10.0,0.13301,407.0,0.13303,212.0,0.13304,343.0
1753592267496,04:57:47.496,bybit,AERGO/USDT:USDT,0.13302,10.0,0.13301,407.0,0.13303,212.0,0.13304,343.0
1753592267798,04:57:47.798,bybit,AERGO/USDT:USDT,0.13302,10.0,0.13301,407.0,0.13303,212.0,0.13304,269.0
1753592268099,04:57:48.099,bybit,AERGO/USDT:USDT,0.13302,10.0,0.13301,407.0,0.13303,212.0,0.13304,269.0
1753592268196,04:57:48.196,bybit,AERGO/USDT:USDT,0.13302,10.0,0.13301,407.0,0.13303,212.0,0.13304,269.0
1753592268297,04:57:48.297,bybit,AERGO/USDT:USDT,0.13302,10.0,0.13301,407.0,0.13303,212.0,0.13304,269.0
1753592268497,04:57:48.497,bybit,AERGO/USDT:USDT,0.13302,10.0,0.13301,407.0,0.13303,212.0,0.13304,269.0
1753592269697,04:57:49.697,bybit,AERGO/USDT:USDT,0.13302,10.0,0.13301,407.0,0.13303,212.0,0.13304,269.0
1753592269796,04:57:49.796,bybit,AERGO/USDT:USDT,0.13302,10.0,0.13301,407.0,0.13303,212.0,0.13304,269.0
1753592270297,04:57:50.297,bybit,AERGO/USDT:USDT,0.13302,10.0,0.13301,407.0,0.13303,212.0,0.13304,269.0
1753592270397,04:57:50.397,bybit,AERGO/USDT:USDT,0.13302,10.0,0.13301,407.0,0.13303,212.0,0.13304,269.0
1753592271197,04:57:51.197,bybit,AERGO/USDT:USDT,0.13302,10.0,0.13301,407.0,0.13303,2689.0,0.13304,269.0
1753592271397,04:57:51.397,bybit,AERGO/USDT:USDT,0.13302,10.0,0.13301,407.0,0.13303,2689.0,0.13304,269.0
1753592271697,04:57:51.697,bybit,AERGO/USDT:USDT,0.13302,10.0,0.13301,407.0,0.13303,2689.0,0.13304,269.0
1753592271897,04:57:51.897,bybit,AERGO/USDT:USDT,0.13302,10.0,0.13301,407.0,0.13303,2689.0,0.13304,269.0
1753592272097,04:57:52.097,bybit,AERGO/USDT:USDT,0.13302,10.0,0.133,77.0,0.13303,2689.0,0.13304,1200.0
1753592272197,04:57:52.197,bybit,AERGO/USDT:USDT,0.133,77.0,0.13298,10933.0,0.13302,79.0,0.13303,3399.0
1753592272298,04:57:52.298,bybit,AERGO/USDT:USDT,0.133,519.0,0.13298,10933.0,0.13302,212.0,0.13303,3346.0
1753592272397,04:57:52.397,bybit,AERGO/USDT:USDT,0.133,519.0,0.13298,10933.0,0.13302,212.0,0.13303,3346.0
1753592272497,04:57:52.497,bybit,AERGO/USDT:USDT,0.133,519.0,0.13298,10933.0,0.13302,212.0,0.13303,3346.0
1753592272597,04:57:52.597,bybit,AERGO/USDT:USDT,0.133,519.0,0.13298,10933.0,0.13302,212.0,0.13303,3346.0
1753592272697,04:57:52.697,bybit,AERGO/USDT:USDT,0.133,519.0,0.13298,10933.0,0.13302,212.0,0.13303,3346.0
1753592272997,04:57:52.997,bybit,AERGO/USDT:USDT,0.133,519.0,0.13298,10933.0,0.13302,212.0,0.13303,3346.0
1753592273997,04:57:53.997,bybit,AERGO/USDT:USDT,0.133,519.0,0.13298,10933.0,0.13302,212.0,0.13303,3346.0
1753592274098,04:57:54.098,bybit,AERGO/USDT:USDT,0.133,519.0,0.13298,10933.0,0.13302,212.0,0.13303,3346.0
1753592274896,04:57:54.896,bybit,AERGO/USDT:USDT,0.133,519.0,0.13298,10933.0,0.13302,212.0,0.13303,3346.0
1753592275097,04:57:55.097,bybit,AERGO/USDT:USDT,0.133,519.0,0.13298,10933.0,0.13302,212.0,0.13303,3346.0
1753592275796,04:57:55.796,bybit,AERGO/USDT:USDT,0.133,519.0,0.13298,10933.0,0.13302,212.0,0.13303,3346.0
1753592276597,04:57:56.597,bybit,AERGO/USDT:USDT,0.133,519.0,0.13298,10933.0,0.13302,80.0,0.13303,3214.0
1753592276697,04:57:56.697,bybit,AERGO/USDT:USDT,0.133,519.0,0.13298,10933.0,0.13302,80.0,0.13303,3346.0
1753592276796,04:57:56.796,bybit,AERGO/USDT:USDT,0.133,519.0,0.13298,10933.0,0.13302,80.0,0.13303,3346.0
1753592276897,04:57:56.897,bybit,AERGO/USDT:USDT,0.133,519.0,0.13298,10933.0,0.13302,212.0,0.13303,3346.0
1753592277197,04:57:57.197,bybit,AERGO/USDT:USDT,0.133,519.0,0.13298,10933.0,0.13302,212.0,0.13303,3346.0
1753592277397,04:57:57.397,bybit,AERGO/USDT:USDT,0.133,519.0,0.13298,10933.0,0.13302,212.0,0.13303,3346.0
1753592277697,04:57:57.697,bybit,AERGO/USDT:USDT,0.133,519.0,0.13298,10933.0,0.13302,212.0,0.13303,3346.0
1753592277797,04:57:57.797,bybit,AERGO/USDT:USDT,0.133,519.0,0.13298,10933.0,0.13302,212.0,0.13303,3346.0
1753592278097,04:57:58.097,bybit,AERGO/USDT:USDT,0.133,519.0,0.13298,10933.0,0.13302,212.0,0.13303,3346.0
1753592278197,04:57:58.197,bybit,AERGO/USDT:USDT,0.13301,23.0,0.133,519.0,0.13302,212.0,0.13303,3346.0
1753592278297,04:57:58.297,bybit,AERGO/USDT:USDT,0.13301,23.0,0.133,519.0,0.13302,212.0,0.13303,3346.0
1753592278697,04:57:58.697,bybit,AERGO/USDT:USDT,0.13301,23.0,0.133,519.0,0.13302,212.0,0.13303,3346.0
1753592279297,04:57:59.297,bybit,AERGO/USDT:USDT,0.13301,23.0,0.133,519.0,0.13302,212.0,0.13303,3346.0
1753592279996,04:57:59.996,bybit,AERGO/USDT:USDT,0.13301,23.0,0.133,519.0,0.13302,212.0,0.13303,3346.0
1753592280398,04:58:00.398,bybit,AERGO/USDT:USDT,0.13302,754.0,0.13301,97.0,0.13303,2477.0,0.13304,57.0
1753592280497,04:58:00.497,bybit,AERGO/USDT:USDT,0.13302,754.0,0.13301,97.0,0.13303,2477.0,0.13304,57.0
1753592280597,04:58:00.597,bybit,AERGO/USDT:USDT,0.13302,754.0,0.13301,97.0,0.13303,2477.0,0.13304,57.0
1753592280697,04:58:00.697,bybit,AERGO/USDT:USDT,0.13302,754.0,0.13301,97.0,0.13303,2477.0,0.13304,57.0
1753592280797,04:58:00.797,bybit,AERGO/USDT:USDT,0.13302,754.0,0.13301,97.0,0.13303,2477.0,0.13304,57.0
1753592280897,04:58:00.897,bybit,AERGO/USDT:USDT,0.13302,754.0,0.13301,97.0,0.13303,2477.0,0.13304,57.0
1753592280997,04:58:00.997,bybit,AERGO/USDT:USDT,0.13302,754.0,0.13301,97.0,0.13303,2477.0,0.13304,57.0
1753592281196,04:58:01.196,bybit,AERGO/USDT:USDT,0.13302,754.0,0.13301,97.0,0.13303,2477.0,0.13304,57.0
1753592281297,04:58:01.297,bybit,AERGO/USDT:USDT,0.13302,754.0,0.13301,97.0,0.13303,2477.0,0.13304,57.0
1753592281397,04:58:01.397,bybit,AERGO/USDT:USDT,0.13302,754.0,0.13301,97.0,0.13303,2477.0,0.13304,57.0
1753592281997,04:58:01.997,bybit,AERGO/USDT:USDT,0.13302,754.0,0.13301,97.0,0.13303,2477.0,0.13304,57.0
1753592282097,04:58:02.097,bybit,AERGO/USDT:USDT,0.13302,754.0,0.13301,97.0,0.13303,2477.0,0.13304,57.0
1753592282396,04:58:02.396,bybit,AERGO/USDT:USDT,0.13302,754.0,0.13301,97.0,0.13303,2477.0,0.13304,57.0
1753592282497,04:58:02.497,bybit,AERGO/USDT:USDT,0.13302,754.0,0.13301,97.0,0.13303,2477.0,0.13304,57.0
1753592282597,04:58:02.597,bybit,AERGO/USDT:USDT,0.13302,754.0,0.13301,97.0,0.13303,2477.0,0.13304,57.0
1753592282697,04:58:02.697,bybit,AERGO/USDT:USDT,0.13302,754.0,0.13301,97.0,0.13303,2477.0,0.13304,57.0
1753592284099,04:58:04.099,bybit,AERGO/USDT:USDT,0.13302,754.0,0.13301,97.0,0.13303,2477.0,0.13304,57.0
1753592284197,04:58:04.197,bybit,AERGO/USDT:USDT,0.13302,754.0,0.13301,97.0,0.13303,2477.0,0.13304,57.0
1753592285199,04:58:05.199,bybit,AERGO/USDT:USDT,0.13302,754.0,0.13301,97.0,0.13303,2477.0,0.13304,57.0
1753592285297,04:58:05.297,bybit,AERGO/USDT:USDT,0.13302,754.0,0.13301,97.0,0.13303,2477.0,0.13304,57.0
1753592286099,04:58:06.099,bybit,AERGO/USDT:USDT,0.13302,754.0,0.13301,97.0,0.13303,2477.0,0.13304,57.0
1753592286297,04:58:06.297,bybit,AERGO/USDT:USDT,0.13302,754.0,0.13301,97.0,0.13303,2477.0,0.13304,57.0
1753592286397,04:58:06.397,bybit,AERGO/USDT:USDT,0.13302,754.0,0.13301,97.0,0.13303,2477.0,0.13304,57.0
1753592286498,04:58:06.498,bybit,AERGO/USDT:USDT,0.13302,754.0,0.13301,97.0,0.13303,2477.0,0.13304,57.0
1753592287196,04:58:07.196,bybit,AERGO/USDT:USDT,0.13302,754.0,0.13301,97.0,0.13303,2477.0,0.13304,57.0
1753592287797,04:58:07.797,bybit,AERGO/USDT:USDT,0.13302,754.0,0.13301,97.0,0.13303,2477.0,0.13304,57.0
1753592288197,04:58:08.197,bybit,AERGO/USDT:USDT,0.13302,754.0,0.13301,97.0,0.13303,2477.0,0.13304,57.0
1753592288297,04:58:08.297,bybit,AERGO/USDT:USDT,0.13302,754.0,0.13301,97.0,0.13303,2477.0,0.13304,57.0
1753592289497,04:58:09.497,bybit,AERGO/USDT:USDT,0.13302,821.0,0.13301,97.0,0.13303,2477.0,0.13304,57.0
1753592290197,04:58:10.197,bybit,AERGO/USDT:USDT,0.13302,882.0,0.13301,131.0,0.13303,2477.0,0.13304,57.0
1753592291897,04:58:11.897,bybit,AERGO/USDT:USDT,0.13302,882.0,0.13301,131.0,0.13303,2477.0,0.13304,57.0
1753592292100,04:58:12.100,bybit,AERGO/USDT:USDT,0.13302,882.0,0.13301,131.0,0.13303,2477.0,0.13304,57.0
1753592293197,04:58:13.197,bybit,AERGO/USDT:USDT,0.13302,882.0,0.13301,131.0,0.13303,2477.0,0.13304,57.0
1753592293598,04:58:13.598,bybit,AERGO/USDT:USDT,0.13302,881.0,0.13301,131.0,0.13303,2477.0,0.13304,57.0
1753592295397,04:58:15.397,bybit,AERGO/USDT:USDT,0.13302,881.0,0.13301,131.0,0.13303,2477.0,0.13304,57.0
1753592295497,04:58:15.497,bybit,AERGO/USDT:USDT,0.13302,881.0,0.13301,131.0,0.13303,2477.0,0.13304,57.0
1753592295897,04:58:15.897,bybit,AERGO/USDT:USDT,0.13302,3616.0,0.13301,131.0,0.13303,2477.0,0.13305,38.0
1753592295997,04:58:15.997,bybit,AERGO/USDT:USDT,0.13302,3616.0,0.13301,131.0,0.13303,1260.0,0.13305,38.0
1753592296097,04:58:16.097,bybit,AERGO/USDT:USDT,0.13302,3616.0,0.13301,131.0,0.13303,1260.0,0.13305,38.0
1753592296297,04:58:16.297,bybit,AERGO/USDT:USDT,0.13302,3616.0,0.13301,131.0,0.13303,1260.0,0.13305,38.0
1753592296397,04:58:16.397,bybit,AERGO/USDT:USDT,0.13302,3616.0,0.13301,131.0,0.13303,1260.0,0.13305,95.0
1753592296497,04:58:16.497,bybit,AERGO/USDT:USDT,0.13302,3616.0,0.13301,131.0,0.13303,1260.0,0.13305,95.0
1753592296898,04:58:16.898,bybit,AERGO/USDT:USDT,0.13302,3616.0,0.13301,131.0,0.13303,1260.0,0.13305,95.0
1753592296998,04:58:16.998,bybit,AERGO/USDT:USDT,0.13302,3616.0,0.13301,131.0,0.13303,1260.0,0.13305,95.0
1753592297297,04:58:17.297,bybit,AERGO/USDT:USDT,0.13302,3616.0,0.13301,131.0,0.13303,1260.0,0.13305,95.0
1753592297498,04:58:17.498,bybit,AERGO/USDT:USDT,0.13302,3616.0,0.13301,131.0,0.13303,1260.0,0.13305,95.0
1753592302497,04:58:22.497,bybit,AERGO/USDT:USDT,0.13302,3616.0,0.13301,131.0,0.13303,1260.0,0.13305,38.0
1753592302697,04:58:22.697,bybit,AERGO/USDT:USDT,0.13302,3616.0,0.13301,131.0,0.13303,1260.0,0.13305,38.0
1753592303697,04:58:23.697,bybit,AERGO/USDT:USDT,0.13302,3555.0,0.13301,131.0,0.13303,1260.0,0.13305,38.0
1753592303997,04:58:23.997,bybit,AERGO/USDT:USDT,0.13302,3609.0,0.13301,131.0,0.13303,1260.0,0.13305,38.0
1753592304100,04:58:24.100,bybit,AERGO/USDT:USDT,0.13302,3609.0,0.13301,131.0,0.13303,1260.0,0.13305,38.0
1753592304996,04:58:24.996,bybit,AERGO/USDT:USDT,0.13302,3609.0,0.13301,131.0,0.13303,1260.0,0.13305,38.0
1753592305097,04:58:25.097,bybit,AERGO/USDT:USDT,0.13302,3609.0,0.13301,131.0,0.13303,1260.0,0.13305,38.0
1753592305896,04:58:25.896,bybit,AERGO/USDT:USDT,0.13302,3609.0,0.13301,131.0,0.13303,1260.0,0.13305,38.0
1753592305997,04:58:25.997,bybit,AERGO/USDT:USDT,0.13302,3609.0,0.13301,131.0,0.13303,1260.0,0.13305,38.0
1753592306097,04:58:26.097,bybit,AERGO/USDT:USDT,0.13302,3609.0,0.13301,131.0,0.13303,1260.0,0.13305,38.0
1753592307098,04:58:27.098,bybit,AERGO/USDT:USDT,0.13302,3609.0,0.13301,131.0,0.13303,1260.0,0.13305,38.0
1753592308097,04:58:28.097,bybit,AERGO/USDT:USDT,0.13302,3609.0,0.13301,131.0,0.13303,1270.0,0.13305,38.0
1753592310099,04:58:30.099,bybit,AERGO/USDT:USDT,0.13302,3609.0,0.13301,131.0,0.13303,1270.0,0.13305,38.0
1753592311397,04:58:31.397,bybit,AERGO/USDT:USDT,0.13302,3609.0,0.13301,131.0,0.13303,1270.0,0.13305,38.0
1753592311597,04:58:31.597,bybit,AERGO/USDT:USDT,0.13302,3609.0,0.13301,131.0,0.13303,1270.0,0.13305,38.0
1753592311896,04:58:31.896,bybit,AERGO/USDT:USDT,0.13302,3609.0,0.13301,131.0,0.13303,1270.0,0.13305,38.0
1753592312598,04:58:32.598,bybit,AERGO/USDT:USDT,0.13302,3609.0,0.13301,131.0,0.13303,1270.0,0.13305,38.0
1753592312797,04:58:32.797,bybit,AERGO/USDT:USDT,0.13302,3609.0,0.13301,131.0,0.13303,1270.0,0.13305,38.0
1753592312897,04:58:32.897,bybit,AERGO/USDT:USDT,0.13304,3082.0,0.13303,2144.0,0.13305,38.0,0.13306,57.0
1753592312998,04:58:32.998,bybit,AERGO/USDT:USDT,0.13304,3082.0,0.13303,57.0,0.13305,38.0,0.13307,57.0
1753592313097,04:58:33.097,bybit,AERGO/USDT:USDT,0.13304,3082.0,0.13303,57.0,0.13305,38.0,0.13307,57.0
1753592313197,04:58:33.197,bybit,AERGO/USDT:USDT,0.13304,3082.0,0.13303,57.0,0.13305,38.0,0.13307,57.0
1753592313597,04:58:33.597,bybit,AERGO/USDT:USDT,0.13304,3155.0,0.13303,57.0,0.13305,38.0,0.13307,57.0
1753592313997,04:58:33.997,bybit,AERGO/USDT:USDT,0.13304,3155.0,0.13303,57.0,0.13305,38.0,0.13307,57.0
1753592314100,04:58:34.100,bybit,AERGO/USDT:USDT,0.13304,3155.0,0.13303,57.0,0.13305,38.0,0.13307,57.0
1753592314197,04:58:34.197,bybit,AERGO/USDT:USDT,0.13304,3155.0,0.13303,57.0,0.13305,38.0,0.13308,169.0
1753592314597,04:58:34.597,bybit,AERGO/USDT:USDT,0.13304,3155.0,0.13303,169.0,0.13305,38.0,0.13308,169.0
1753592315797,04:58:35.797,bybit,AERGO/USDT:USDT,0.13304,3155.0,0.13303,169.0,0.13305,38.0,0.13308,169.0
1753592315997,04:58:35.997,bybit,AERGO/USDT:USDT,0.13304,3155.0,0.13303,169.0,0.13305,38.0,0.13308,169.0
1753592316099,04:58:36.099,bybit,AERGO/USDT:USDT,0.13304,3155.0,0.13303,169.0,0.13305,38.0,0.13308,112.0
1753592317697,04:58:37.697,bybit,AERGO/USDT:USDT,0.13304,3635.0,0.13303,169.0,0.13305,38.0,0.13308,112.0
1753592318497,04:58:38.497,bybit,AERGO/USDT:USDT,0.13304,3635.0,0.13303,169.0,0.13305,38.0,0.13308,112.0
1753592318697,04:58:38.697,bybit,AERGO/USDT:USDT,0.13304,3635.0,0.13303,169.0,0.13305,38.0,0.13308,112.0
1753592319197,04:58:39.197,bybit,AERGO/USDT:USDT,0.13304,3635.0,0.13303,169.0,0.13305,38.0,0.13308,112.0
1753592319297,04:58:39.297,bybit,AERGO/USDT:USDT,0.13304,3635.0,0.13303,169.0,0.13305,38.0,0.13308,112.0
1753592320297,04:58:40.297,bybit,AERGO/USDT:USDT,0.13304,3635.0,0.13303,169.0,0.13305,38.0,0.13308,112.0
1753592321196,04:58:41.196,bybit,AERGO/USDT:USDT,0.13304,3635.0,0.13303,169.0,0.13305,38.0,0.13308,112.0
1753592322597,04:58:42.597,bybit,AERGO/USDT:USDT,0.13304,3635.0,0.13303,169.0,0.13305,38.0,0.13308,112.0
1753592322896,04:58:42.896,bybit,AERGO/USDT:USDT,0.13304,3635.0,0.13303,169.0,0.13305,38.0,0.13308,112.0
1753592322997,04:58:42.997,bybit,AERGO/USDT:USDT,0.13304,3635.0,0.13303,169.0,0.13305,38.0,0.13308,112.0
1753592323097,04:58:43.097,bybit,AERGO/USDT:USDT,0.13304,3635.0,0.13303,169.0,0.13305,38.0,0.13308,112.0
1753592323297,04:58:43.297,bybit,AERGO/USDT:USDT,0.13304,3635.0,0.13303,169.0,0.13305,38.0,0.13308,112.0
1753592323396,04:58:43.396,bybit,AERGO/USDT:USDT,0.13304,3635.0,0.13303,169.0,0.13305,38.0,0.13308,112.0
