timestamp,time,symbol,bid1_price,bid1_volume,bid2_price,bid2_volume,ask1_price,ask1_volume,ask2_price,ask2_volume
1753546960720,16:22:40.720,ADA/USDT:USDT,0.8352,13574.54,0.8351,1921.23,0.8353,1013.81,0.8354,13724.06
1753546960857,16:22:40.857,ADA/USDT:USDT,0.8352,13574.54,0.8351,1921.23,0.8353,452.73,0.8354,561.08
1753546960873,16:22:40.873,ADA/USDT:USDT,0.8352,13574.54,0.8351,1921.23,0.8353,452.73,0.8354,561.08
1753546960890,16:22:40.890,ADA/USDT:USDT,0.8352,13574.54,0.8351,1921.23,0.8353,452.73,0.8355,558.75
1753546961007,16:22:41.007,ADA/USDT:USDT,0.8352,13574.54,0.8351,1921.23,0.8353,452.73,0.8355,558.75
1753546961013,16:22:41.013,ADA/USDT:USDT,0.8352,13574.54,0.8351,1921.23,0.8353,452.73,0.8355,558.75
1753546961036,16:22:41.036,ADA/USDT:USDT,0.8352,13574.54,0.8351,1921.23,0.8353,452.73,0.8356,1825.9
1753546961087,16:22:41.087,ADA/USDT:USDT,0.8352,13574.54,0.8351,1921.23,0.8353,452.73,0.8355,561.08
1753546961088,16:22:41.088,ADA/USDT:USDT,0.8352,13574.54,0.8351,1921.23,0.8353,452.73,0.8355,561.08
1753546961120,16:22:41.120,ADA/USDT:USDT,0.8352,13574.54,0.8351,1921.23,0.8353,452.73,0.8356,1825.9
1753546961137,16:22:41.137,ADA/USDT:USDT,0.8352,13574.54,0.8351,1921.23,0.8353,452.73,0.8356,1825.9
1753546961160,16:22:41.160,ADA/USDT:USDT,0.8352,13574.54,0.8351,1921.23,0.8353,452.73,0.8356,1825.9
1753546961243,16:22:41.243,ADA/USDT:USDT,0.8352,13574.54,0.8351,1921.23,0.8353,452.73,0.8356,7924.64
1753546961297,16:22:41.297,ADA/USDT:USDT,0.8352,13574.54,0.8351,1921.23,0.8353,452.73,0.8356,7924.64
1753546961331,16:22:41.331,ADA/USDT:USDT,0.8352,13574.54,0.8351,1921.23,0.8353,452.73,0.8356,7924.64
1753546961349,16:22:41.349,ADA/USDT:USDT,0.8352,13574.54,0.8351,1921.23,0.8353,452.73,0.8356,7924.64
1753546961442,16:22:41.442,ADA/USDT:USDT,0.8352,13574.54,0.8351,1921.23,0.8353,452.73,0.8356,7924.64
1753546961627,16:22:41.627,ADA/USDT:USDT,0.8352,13574.54,0.8351,2883.56,0.8353,452.73,0.8356,14028.57
1753546961667,16:22:41.667,ADA/USDT:USDT,0.8352,13574.54,0.8351,2883.56,0.8353,452.73,0.8356,1825.9
1753546961718,16:22:41.718,ADA/USDT:USDT,0.8352,13574.54,0.8351,2883.56,0.8353,452.73,0.8356,1825.9
1753546961768,16:22:41.768,ADA/USDT:USDT,0.8352,13574.54,0.8351,2883.56,0.8353,452.73,0.8356,1825.9
1753546961828,16:22:41.828,ADA/USDT:USDT,0.8352,13574.54,0.8351,2883.56,0.8353,452.73,0.8356,1825.9
1753546961923,16:22:41.923,ADA/USDT:USDT,0.8352,13574.54,0.8351,2883.56,0.8353,452.73,0.8356,1825.9
1753546961950,16:22:41.950,ADA/USDT:USDT,0.8352,13574.54,0.8351,2883.56,0.8353,452.73,0.8356,1825.9
1753546962009,16:22:42.009,ADA/USDT:USDT,0.8352,13574.54,0.8351,2883.56,0.8353,452.73,0.8356,1825.9
1753546962025,16:22:42.025,ADA/USDT:USDT,0.8352,13574.54,0.8351,2883.56,0.8353,452.73,0.8356,1825.9
1753546962341,16:22:42.341,ADA/USDT:USDT,0.8352,13574.54,0.8351,2883.56,0.8353,452.73,0.8356,1825.9
1753546962418,16:22:42.418,ADA/USDT:USDT,0.8352,13574.54,0.8351,2883.56,0.8353,452.73,0.8356,1825.9
1753546962447,16:22:42.447,ADA/USDT:USDT,0.8352,13574.54,0.8351,2883.56,0.8353,452.73,0.8356,1825.9
1753546962709,16:22:42.709,ADA/USDT:USDT,0.8352,13574.54,0.8351,2883.56,0.8353,452.73,0.8356,1825.9
1753546962958,16:22:42.958,ADA/USDT:USDT,0.8352,17876.54,0.8351,2883.56,0.8353,452.73,0.8356,1825.9
1753546963234,16:22:43.234,ADA/USDT:USDT,0.8352,17876.54,0.8351,2883.56,0.8353,452.73,0.8356,1825.9
1753546963755,16:22:43.755,ADA/USDT:USDT,0.8352,17876.54,0.8351,2883.56,0.8353,452.73,0.8356,1825.9
1753546963772,16:22:43.772,ADA/USDT:USDT,0.8352,17876.54,0.8351,2883.56,0.8353,452.73,0.8356,1825.9
1753546963794,16:22:43.794,ADA/USDT:USDT,0.8352,17876.54,0.8351,2883.56,0.8356,1825.9,0.8357,557.65
1753546963805,16:22:43.805,ADA/USDT:USDT,0.8353,763.57,0.8352,17876.54,0.8356,1825.9,0.8357,557.65
1753546963829,16:22:43.829,ADA/USDT:USDT,0.8354,763.57,0.8353,763.57,0.8356,1825.9,0.8357,557.65
1753546963852,16:22:43.852,ADA/USDT:USDT,0.8355,1415.62,0.8354,1324.65,0.8357,557.65,0.8358,14824.05
1753546963866,16:22:43.866,ADA/USDT:USDT,0.8355,1976.7,0.8354,561.08,0.8357,557.65,0.8358,14824.05
1753546963882,16:22:43.882,ADA/USDT:USDT,0.8355,1976.7,0.8354,1523.41,0.8357,557.65,0.8358,14824.05
1753546963911,16:22:43.911,ADA/USDT:USDT,0.8355,1976.7,0.8354,1523.41,0.8357,557.65,0.8358,13726.64
1753546964015,16:22:44.015,ADA/USDT:USDT,0.8355,1976.7,0.8354,1523.41,0.8357,557.65,0.8358,13726.64
1753546964110,16:22:44.110,ADA/USDT:USDT,0.8355,1976.7,0.8354,1523.41,0.8357,557.65,0.8358,13726.64
1753546964152,16:22:44.152,ADA/USDT:USDT,0.8355,1976.7,0.8354,1523.41,0.8357,557.65,0.8358,13726.64
1753546964496,16:22:44.496,ADA/USDT:USDT,0.8355,1976.7,0.8354,1523.41,0.8357,557.65,0.8358,7625.48
1753546964519,16:22:44.519,ADA/USDT:USDT,0.8355,1976.7,0.8354,1523.41,0.8357,557.65,0.8358,7625.48
1753546964537,16:22:44.537,ADA/USDT:USDT,0.8355,1976.7,0.8354,1523.41,0.8357,557.65,0.8358,13723.77
1753546964636,16:22:44.636,ADA/USDT:USDT,0.8355,1976.7,0.8354,1523.41,0.8357,557.65,0.8358,13723.77
1753546965010,16:22:45.010,ADA/USDT:USDT,0.8355,1976.7,0.8354,1523.41,0.8357,557.65,0.8358,13723.77
1753546965240,16:22:45.240,ADA/USDT:USDT,0.8355,1976.7,0.8354,1523.41,0.8357,557.65,0.8358,7625.48
1753546965253,16:22:45.253,ADA/USDT:USDT,0.8355,1976.7,0.8354,1523.41,0.8358,557.65,0.8359,31756.26
1753546965269,16:22:45.269,ADA/USDT:USDT,0.8355,1976.7,0.8354,1523.41,0.8358,557.65,0.8359,31756.26
1753546965329,16:22:45.329,ADA/USDT:USDT,0.8355,1976.7,0.8354,1523.41,0.8358,557.65,0.8359,31756.26
1753546965347,16:22:45.347,ADA/USDT:USDT,0.8355,1976.7,0.8354,1523.41,0.8358,557.65,0.8359,31756.26
1753546965442,16:22:45.442,ADA/USDT:USDT,0.8355,1976.7,0.8354,1523.41,0.8358,557.65,0.8359,31756.26
1753546966039,16:22:46.039,ADA/USDT:USDT,0.8355,1976.7,0.8354,1523.41,0.8358,557.65,0.8359,31756.26
1753546966456,16:22:46.456,ADA/USDT:USDT,0.8355,1976.7,0.8354,1523.41,0.8358,557.65,0.8359,31756.26
1753546966468,16:22:46.468,ADA/USDT:USDT,0.8355,1976.7,0.8354,1523.41,0.8358,557.65,0.8359,31756.26
1753546966638,16:22:46.638,ADA/USDT:USDT,0.8355,1976.7,0.8354,1523.41,0.8358,557.65,0.8359,31756.26
1753546966684,16:22:46.684,ADA/USDT:USDT,0.8355,2671.59,0.8354,1523.41,0.8358,557.65,0.8359,31756.26
1753546966733,16:22:46.733,ADA/USDT:USDT,0.8355,2671.59,0.8354,1523.41,0.8358,557.65,0.8359,31756.26
1753546968016,16:22:48.016,ADA/USDT:USDT,0.8355,1255.97,0.8354,1523.41,0.8358,557.65,0.8359,31756.26
1753546968124,16:22:48.124,ADA/USDT:USDT,0.8355,1255.97,0.8354,1523.41,0.8358,557.65,0.8359,31756.26
1753546968230,16:22:48.230,ADA/USDT:USDT,0.8355,1255.97,0.8354,1523.41,0.8358,557.65,0.8359,31756.26
1753546968259,16:22:48.259,ADA/USDT:USDT,0.8355,1255.97,0.8354,1523.41,0.8358,557.65,0.8359,2417.34
1753546968311,16:22:48.311,ADA/USDT:USDT,0.8355,1255.97,0.8354,1523.41,0.8358,557.65,0.8359,2417.34
1753546968362,16:22:48.362,ADA/USDT:USDT,0.8355,1255.97,0.8354,1523.41,0.8358,557.65,0.8359,2417.34
1753546968435,16:22:48.435,ADA/USDT:USDT,0.8355,1255.97,0.8354,1523.41,0.8358,557.65,0.8359,2417.34
1753546968828,16:22:48.828,ADA/USDT:USDT,0.8355,1255.97,0.8354,1523.41,0.8358,557.65,0.8359,2417.34
1753546968852,16:22:48.852,ADA/USDT:USDT,0.8355,1255.97,0.8354,1523.41,0.8358,557.65,0.8359,2417.34
1753546968863,16:22:48.863,ADA/USDT:USDT,0.8355,1255.97,0.8354,4586.72,0.8358,557.65,0.8359,2417.34
1753546969296,16:22:49.296,ADA/USDT:USDT,0.8355,1255.97,0.8354,4586.72,0.8359,2417.34,0.836,2531.21
1753546969303,16:22:49.303,ADA/USDT:USDT,0.8355,1255.97,0.8354,4586.72,0.8359,2417.34,0.836,8642.82
1753546969321,16:22:49.321,ADA/USDT:USDT,0.8355,1255.97,0.8354,4586.72,0.8359,2417.34,0.836,14747.45
1753546969353,16:22:49.353,ADA/USDT:USDT,0.8355,1255.97,0.8354,4586.72,0.8358,562.06,0.8359,2417.34
1753546969364,16:22:49.364,ADA/USDT:USDT,0.8355,1255.97,0.8354,4586.72,0.8358,562.06,0.8359,2417.34
1753546969452,16:22:49.452,ADA/USDT:USDT,0.8355,1255.97,0.8354,4586.72,0.8359,2417.34,0.836,8635.84
1753546969508,16:22:49.508,ADA/USDT:USDT,0.8355,1255.97,0.8354,4586.72,0.8359,2417.34,0.836,1569.52
1753546969540,16:22:49.540,ADA/USDT:USDT,0.8356,1513.73,0.8355,1255.97,0.8359,1475.64,0.836,557.65
1753546969561,16:22:49.561,ADA/USDT:USDT,0.8356,1513.73,0.8355,2217.83,0.8359,1475.64,0.836,557.65
1753546969582,16:22:49.582,ADA/USDT:USDT,0.8357,12500.0,0.8356,2075.79,0.8359,1475.64,0.836,557.65
1753546969627,16:22:49.627,ADA/USDT:USDT,0.8357,12500.0,0.8356,1523.92,0.8359,1475.64,0.836,557.65
1753546969649,16:22:49.649,ADA/USDT:USDT,0.8357,12500.0,0.8356,1523.92,0.8359,917.99,0.836,557.65
1753546969675,16:22:49.675,ADA/USDT:USDT,0.8357,12500.0,0.8356,1523.92,0.8359,917.99,0.836,557.65
1753546969708,16:22:49.708,ADA/USDT:USDT,0.8357,12500.0,0.8356,1523.92,0.8359,917.99,0.836,557.65
1753546969753,16:22:49.753,ADA/USDT:USDT,0.8357,12500.0,0.8356,1523.92,0.8359,917.99,0.836,557.65
1753546969820,16:22:49.820,ADA/USDT:USDT,0.8357,12499.99,0.8356,1523.92,0.8359,917.99,0.836,557.65
1753546969872,16:22:49.872,ADA/USDT:USDT,0.8357,12499.99,0.8356,1523.92,0.8359,917.99,0.836,557.65
1753546969915,16:22:49.915,ADA/USDT:USDT,0.8357,12499.99,0.8356,1523.92,0.8359,917.99,0.836,557.65
1753546969947,16:22:49.947,ADA/USDT:USDT,0.8357,12499.99,0.8356,1523.92,0.8359,1480.05,0.836,557.65
1753546969981,16:22:49.981,ADA/USDT:USDT,0.8357,12499.99,0.8356,1523.92,0.8359,1480.05,0.836,557.65
1753546970033,16:22:50.033,ADA/USDT:USDT,0.8357,12499.99,0.8356,1523.92,0.8358,562.06,0.8359,1480.05
1753546970048,16:22:50.048,ADA/USDT:USDT,0.8357,12499.99,0.8356,1523.92,0.8358,562.06,0.8359,1480.05
1753546970087,16:22:50.087,ADA/USDT:USDT,0.8357,12499.99,0.8356,1523.92,0.8358,562.06,0.8359,1480.05
1753546970214,16:22:50.214,ADA/USDT:USDT,0.8357,12499.99,0.8356,562.06,0.8358,562.06,0.8359,1480.05
1753546970228,16:22:50.228,ADA/USDT:USDT,0.8356,562.06,0.8355,2217.83,0.8358,562.06,0.8359,1480.05
1753546970245,16:22:50.245,ADA/USDT:USDT,0.8356,562.06,0.8355,2217.83,0.8358,562.06,0.8359,1480.05
1753546970308,16:22:50.308,ADA/USDT:USDT,0.8356,562.06,0.8355,6517.53,0.8358,562.06,0.8359,1480.05
1753546970308,16:22:50.308,ADA/USDT:USDT,0.8356,562.06,0.8355,6517.53,0.8358,562.06,0.8359,1480.05
1753546971194,16:22:51.194,ADA/USDT:USDT,0.8356,562.06,0.8355,6517.53,0.8358,562.06,0.8359,1480.05
1753546971217,16:22:51.217,ADA/USDT:USDT,0.8356,562.06,0.8355,6517.53,0.8358,562.06,0.8359,1480.05
1753546971266,16:22:51.266,ADA/USDT:USDT,0.8356,562.06,0.8355,6517.53,0.8358,562.06,0.8359,1480.05
1753546971343,16:22:51.343,ADA/USDT:USDT,0.8356,562.06,0.8355,6517.53,0.8358,562.06,0.8359,1480.05
1753546972419,16:22:52.419,ADA/USDT:USDT,0.8356,562.06,0.8355,6517.53,0.8359,1480.05,0.836,13741.55
1753546972459,16:22:52.459,ADA/USDT:USDT,0.8356,562.06,0.8355,6517.53,0.8358,562.06,0.8359,1480.05
1753546972522,16:22:52.522,ADA/USDT:USDT,0.8356,562.06,0.8355,6517.53,0.8359,1480.05,0.836,557.65
1753546972552,16:22:52.552,ADA/USDT:USDT,0.8356,562.06,0.8355,6517.53,0.8359,1480.05,0.836,6674.11
1753546972572,16:22:52.572,ADA/USDT:USDT,0.8356,562.06,0.8355,6517.53,0.8359,1480.05,0.836,13748.58
1753546972596,16:22:52.596,ADA/USDT:USDT,0.8356,562.06,0.8355,6517.53,0.8359,1480.05,0.836,13748.58
1753546972745,16:22:52.745,ADA/USDT:USDT,0.8356,562.06,0.8355,6517.53,0.8358,562.06,0.8359,1480.05
1753546972775,16:22:52.775,ADA/USDT:USDT,0.8356,562.06,0.8355,6517.53,0.8359,1480.05,0.836,13748.58
1753546973385,16:22:53.385,ADA/USDT:USDT,0.8356,562.06,0.8355,6517.53,0.8359,562.06,0.836,13748.58
1753546973445,16:22:53.445,ADA/USDT:USDT,0.8356,562.06,0.8355,6517.53,0.8359,562.06,0.836,13748.58
1753546973477,16:22:53.477,ADA/USDT:USDT,0.8356,562.06,0.8355,6517.53,0.8359,562.06,0.836,13748.58
1753546973487,16:22:53.487,ADA/USDT:USDT,0.8356,562.06,0.8355,6517.53,0.8359,562.06,0.836,13748.58
1753546973889,16:22:53.889,ADA/USDT:USDT,0.8357,872.38,0.8356,1535.94,0.8359,562.06,0.836,13748.58
1753546973897,16:22:53.897,ADA/USDT:USDT,0.8357,1434.44,0.8356,1535.94,0.8359,562.06,0.836,13748.58
1753546973910,16:22:53.910,ADA/USDT:USDT,0.8357,1434.44,0.8356,2497.69,0.8359,562.06,0.836,13748.58
1753546974011,16:22:54.011,ADA/USDT:USDT,0.8357,1434.44,0.8356,2497.69,0.8359,562.06,0.836,13748.58
1753546974024,16:22:54.024,ADA/USDT:USDT,0.8357,1434.44,0.8356,2497.69,0.8359,562.06,0.836,13748.58
1753546974071,16:22:54.071,ADA/USDT:USDT,0.8357,1434.44,0.8356,2497.69,0.8359,562.06,0.836,13748.58
1753546974190,16:22:54.190,ADA/USDT:USDT,0.8358,1513.73,0.8357,1434.44,0.8362,541.38,0.8363,548.63
1753546974206,16:22:54.206,ADA/USDT:USDT,0.8358,15075.79,0.8357,2396.19,0.8363,7625.88,0.8364,1891.17
1753546974228,16:22:54.228,ADA/USDT:USDT,0.8358,2575.79,0.8357,2396.19,0.8362,562.06,0.8363,548.63
1753546974238,16:22:54.238,ADA/USDT:USDT,0.8358,2575.79,0.8357,2396.19,0.8362,562.06,0.8363,548.63
1753546974267,16:22:54.267,ADA/USDT:USDT,0.8358,3499.12,0.8357,2396.19,0.8362,562.06,0.8363,6664.13
1753546974295,16:22:54.295,ADA/USDT:USDT,0.8358,3499.12,0.8357,2396.19,0.8362,562.06,0.8363,6664.13
1753546974311,16:22:54.311,ADA/USDT:USDT,0.8358,3499.12,0.8357,2396.19,0.8362,562.06,0.8363,6664.13
1753546974434,16:22:54.434,ADA/USDT:USDT,0.8358,3499.12,0.8357,2396.19,0.8362,562.06,0.8363,6664.13
1753546974551,16:22:54.551,ADA/USDT:USDT,0.8358,3499.12,0.8357,2396.19,0.8362,562.06,0.8363,6664.13
1753546974668,16:22:54.668,ADA/USDT:USDT,0.8358,3499.12,0.8357,2396.19,0.8362,562.06,0.8363,6664.13
1753546975086,16:22:55.086,ADA/USDT:USDT,0.8358,3499.12,0.8357,2396.19,0.8362,562.06,0.8363,12781.52
1753546975118,16:22:55.118,ADA/USDT:USDT,0.8358,3499.12,0.8357,2396.19,0.8362,562.06,0.8363,13742.98
1753546975358,16:22:55.358,ADA/USDT:USDT,0.8359,562.06,0.8358,3499.12,0.8362,562.06,0.8363,13742.98
1753546975383,16:22:55.383,ADA/USDT:USDT,0.8359,562.06,0.8358,1985.39,0.8362,562.06,0.8363,13742.98
1753546975469,16:22:55.469,ADA/USDT:USDT,0.8359,562.06,0.8358,1985.39,0.8362,562.06,0.8363,13742.98
1753546975672,16:22:55.672,ADA/USDT:USDT,0.8359,562.06,0.8358,1985.39,0.8362,562.06,0.8363,13742.98
1753546976062,16:22:56.062,ADA/USDT:USDT,0.8359,562.06,0.8358,1985.39,0.8362,562.06,0.8363,13742.98
1753546976354,16:22:56.354,ADA/USDT:USDT,0.8359,562.06,0.8358,1985.39,0.8362,562.06,0.8363,13742.98
1753546976641,16:22:56.641,ADA/USDT:USDT,0.8359,562.06,0.8358,1985.39,0.8362,562.06,0.8363,13742.98
1753546977167,16:22:57.167,ADA/USDT:USDT,0.8359,562.06,0.8358,1985.39,0.8362,562.06,0.8363,13742.98
1753546977253,16:22:57.253,ADA/USDT:USDT,0.8359,562.06,0.8358,1985.39,0.8362,562.06,0.8363,6666.02
1753546977299,16:22:57.299,ADA/USDT:USDT,0.8359,562.06,0.8358,1985.39,0.8362,562.06,0.8363,548.63
1753546977344,16:22:57.344,ADA/USDT:USDT,0.8359,562.06,0.8358,1985.39,0.8363,548.63,0.8364,15082.06
1753546977352,16:22:57.352,ADA/USDT:USDT,0.8359,562.06,0.8358,1985.39,0.8363,548.63,0.8364,15082.06
1753546977405,16:22:57.405,ADA/USDT:USDT,0.8359,562.06,0.8358,1985.39,0.8363,548.63,0.8364,15082.06
1753546977910,16:22:57.910,ADA/USDT:USDT,0.8359,562.06,0.8358,1985.39,0.8363,548.63,0.8364,15082.06
1753546979233,16:22:59.233,ADA/USDT:USDT,0.8361,1393.35,0.836,1131.99,0.8362,908.78,0.8363,548.63
1753546979269,16:22:59.269,ADA/USDT:USDT,0.8361,1393.35,0.836,1131.99,0.8362,2628.35,0.8363,12775.71
1753546979286,16:22:59.286,ADA/USDT:USDT,0.8361,1393.35,0.836,1131.99,0.8362,2628.35,0.8363,13737.06
1753546979444,16:22:59.444,ADA/USDT:USDT,0.8361,1393.35,0.836,1131.99,0.8362,2628.35,0.8363,13737.06
1753546979798,16:22:59.798,ADA/USDT:USDT,0.8361,1393.35,0.836,2093.28,0.8362,2628.35,0.8363,13737.06
1753546980047,16:23:00.047,ADA/USDT:USDT,0.8361,1393.35,0.836,2093.28,0.8362,2038.35,0.8363,13737.06
1753546980052,16:23:00.052,ADA/USDT:USDT,0.8361,1393.35,0.836,2093.28,0.8362,1451.32,0.8363,13737.06
1753546980065,16:23:00.065,ADA/USDT:USDT,0.8361,1393.35,0.836,2635.82,0.8362,1451.32,0.8363,13737.06
1753546980152,16:23:00.152,ADA/USDT:USDT,0.8361,1393.35,0.836,1674.53,0.8362,1451.32,0.8363,13737.06
1753546980190,16:23:00.190,ADA/USDT:USDT,0.8361,1393.35,0.836,1131.99,0.8362,1451.32,0.8363,13737.06
1753546980216,16:23:00.216,ADA/USDT:USDT,0.8361,1393.35,0.836,1131.99,0.8362,1451.32,0.8363,13737.06
1753546980252,16:23:00.252,ADA/USDT:USDT,0.8361,1393.35,0.836,1131.99,0.8362,1451.32,0.8363,13737.06
1753546980506,16:23:00.506,ADA/USDT:USDT,0.8361,1393.35,0.836,1131.99,0.8362,1451.32,0.8363,13737.06
1753546980808,16:23:00.808,ADA/USDT:USDT,0.8361,1393.35,0.836,1131.99,0.8362,1451.32,0.8363,13737.06
1753546980836,16:23:00.836,ADA/USDT:USDT,0.8359,542.54,0.8358,4455.72,0.8362,1451.32,0.8363,13737.06
1753546980852,16:23:00.852,ADA/USDT:USDT,0.8359,542.54,0.8358,1985.39,0.836,587.03,0.8361,542.54
1753546980868,16:23:00.868,ADA/USDT:USDT,0.8359,542.54,0.8358,1985.39,0.836,1719.57,0.8361,6656.37
1753546980889,16:23:00.889,ADA/USDT:USDT,0.8359,542.54,0.8358,1985.39,0.836,1719.56,0.8361,13728.99
1753546980901,16:23:00.901,ADA/USDT:USDT,0.8358,1985.39,0.8357,2703.09,0.836,1719.56,0.8361,13728.99
1753546980953,16:23:00.953,ADA/USDT:USDT,0.8358,1985.39,0.8357,2703.09,0.836,542.54,0.8361,13728.99
1753546980962,16:23:00.962,ADA/USDT:USDT,0.8358,1985.39,0.8357,2703.09,0.8359,542.54,0.836,542.54
1753546980986,16:23:00.986,ADA/USDT:USDT,0.8358,1985.39,0.8357,3795.12,0.836,542.54,0.8361,1503.83
1753546981002,16:23:01.002,ADA/USDT:USDT,0.8359,542.54,0.8358,1985.39,0.836,542.54,0.8361,542.54
1753546981028,16:23:01.028,ADA/USDT:USDT,0.8359,542.54,0.8358,1985.39,0.8361,542.54,0.8362,8526.44
1753546981050,16:23:01.050,ADA/USDT:USDT,0.8359,542.54,0.8358,1985.39,0.8361,542.54,0.8362,14637.77
1753546981067,16:23:01.067,ADA/USDT:USDT,0.8359,542.54,0.8358,1985.39,0.8361,542.54,0.8362,14637.77
1753546981193,16:23:01.193,ADA/USDT:USDT,0.8358,1985.39,0.8357,3795.12,0.8361,542.54,0.8362,14637.77
1753546981237,16:23:01.237,ADA/USDT:USDT,0.8359,542.54,0.8358,1985.39,0.8361,542.54,0.8362,7565.15
1753546981273,16:23:01.273,ADA/USDT:USDT,0.8359,542.54,0.8358,1985.39,0.8361,542.54,0.8362,13676.48
1753546981323,16:23:01.323,ADA/USDT:USDT,0.8359,542.54,0.8358,1985.39,0.8361,542.54,0.8362,14637.77
1753546981931,16:23:01.931,ADA/USDT:USDT,0.8358,1985.39,0.8357,3795.12,0.8361,542.54,0.8362,14637.77
1753546981995,16:23:01.995,ADA/USDT:USDT,0.8358,1985.39,0.8357,3795.12,0.8361,542.54,0.8362,14637.77
1753546982001,16:23:02.001,ADA/USDT:USDT,0.8358,1485.39,0.8357,3795.12,0.8361,542.54,0.8362,14637.77
1753546982060,16:23:02.060,ADA/USDT:USDT,0.8358,562.06,0.8357,3795.12,0.8359,587.03,0.8361,542.54
1753546982078,16:23:02.078,ADA/USDT:USDT,0.8358,562.06,0.8357,2833.37,0.8359,587.03,0.8361,542.54
1753546982100,16:23:02.100,ADA/USDT:USDT,0.8357,2833.37,0.8356,1927.16,0.8359,587.03,0.8361,542.54
1753546982116,16:23:02.116,ADA/USDT:USDT,0.8357,2271.31,0.8356,1927.16,0.8358,880.54,0.8359,587.03
1753546982141,16:23:02.141,ADA/USDT:USDT,0.8356,1419.67,0.8355,4858.68,0.8358,880.54,0.8359,587.03
1753546982158,16:23:02.158,ADA/USDT:USDT,0.8356,1419.67,0.8355,4858.68,0.8357,880.54,0.8358,880.54
1753546982180,16:23:02.180,ADA/USDT:USDT,0.8356,1419.67,0.8355,4858.68,0.8357,880.54,0.8358,880.54
1753546982195,16:23:02.195,ADA/USDT:USDT,0.8356,1419.67,0.8355,4858.68,0.8357,880.54,0.8358,880.54
1753546982218,16:23:02.218,ADA/USDT:USDT,0.8356,1419.67,0.8355,4858.68,0.8357,880.54,0.8358,880.54
1753546982242,16:23:02.242,ADA/USDT:USDT,0.8356,1419.67,0.8355,4858.68,0.8357,880.54,0.8358,880.54
1753546982259,16:23:02.259,ADA/USDT:USDT,0.8356,1419.67,0.8355,4858.68,0.8357,880.54,0.8358,880.54
1753546982275,16:23:02.275,ADA/USDT:USDT,0.8356,1419.67,0.8355,4858.68,0.8357,880.54,0.8358,880.54
1753546982302,16:23:02.302,ADA/USDT:USDT,0.8356,857.61,0.8355,4858.68,0.8357,880.54,0.8358,880.54
1753546982322,16:23:02.322,ADA/USDT:USDT,0.8356,857.61,0.8355,561.08,0.8357,880.54,0.8358,880.54
1753546982329,16:23:02.329,ADA/USDT:USDT,0.8356,857.61,0.8355,561.08,0.8357,880.54,0.8358,880.54
1753546982352,16:23:02.352,ADA/USDT:USDT,0.8356,857.61,0.8355,561.08,0.8357,880.54,0.8358,880.54
1753546982373,16:23:02.373,ADA/USDT:USDT,0.8356,857.61,0.8355,561.08,0.8357,880.54,0.8358,6112.64
1753546982398,16:23:02.398,ADA/USDT:USDT,0.8356,1400.15,0.8355,561.08,0.8357,880.54,0.8358,6112.64
1753546982421,16:23:02.421,ADA/USDT:USDT,0.8356,1400.15,0.8355,561.08,0.8357,1423.08,0.8358,6112.64
1753546982455,16:23:02.455,ADA/USDT:USDT,0.8356,1400.15,0.8355,561.08,0.8357,1423.08,0.8358,6112.64
1753546982478,16:23:02.478,ADA/USDT:USDT,0.8356,1400.15,0.8355,561.08,0.8357,1423.08,0.8358,6112.64
1753546982497,16:23:02.497,ADA/USDT:USDT,0.8356,1400.15,0.8355,561.08,0.8357,1423.08,0.8358,6112.64
1753546982518,16:23:02.518,ADA/USDT:USDT,0.8356,1400.15,0.8355,561.08,0.8357,1423.08,0.8358,6112.64
1753546982560,16:23:02.560,ADA/USDT:USDT,0.8356,1400.15,0.8355,561.08,0.8357,1423.08,0.8358,6112.64
1753546982577,16:23:02.577,ADA/USDT:USDT,0.8356,1400.15,0.8355,561.08,0.8357,1423.08,0.8358,6655.18
1753546982614,16:23:02.614,ADA/USDT:USDT,0.8356,1400.15,0.8355,561.08,0.8357,1423.08,0.8358,6655.18
1753546982628,16:23:02.628,ADA/USDT:USDT,0.8356,1400.15,0.8355,561.08,0.8357,1423.08,0.8358,6655.18
1753546982790,16:23:02.790,ADA/USDT:USDT,0.8356,1400.15,0.8355,561.08,0.8357,1423.08,0.8358,6655.18
1753546982806,16:23:02.806,ADA/USDT:USDT,0.8356,1400.15,0.8355,561.08,0.8357,1423.08,0.8358,6655.18
1753546982835,16:23:02.835,ADA/USDT:USDT,0.8356,1400.15,0.8355,561.08,0.8357,542.54,0.8358,6655.18
1753546982848,16:23:02.848,ADA/USDT:USDT,0.8356,1400.15,0.8355,561.08,0.8357,542.54,0.8358,542.54
1753546982869,16:23:02.869,ADA/USDT:USDT,0.8356,1400.15,0.8355,561.08,0.8357,542.54,0.8358,542.54
1753546982900,16:23:02.900,ADA/USDT:USDT,0.8356,1400.15,0.8355,561.08,0.8358,542.54,0.8359,7245.18
1753546983020,16:23:03.020,ADA/USDT:USDT,0.8356,1400.15,0.8355,561.08,0.8358,542.54,0.8359,542.54
1753546983046,16:23:03.046,ADA/USDT:USDT,0.8356,1400.15,0.8355,561.08,0.8358,542.54,0.8359,542.54
1753546983047,16:23:03.047,ADA/USDT:USDT,0.8356,1400.15,0.8355,561.08,0.8358,542.54,0.8359,542.54
1753546983077,16:23:03.077,ADA/USDT:USDT,0.8356,1400.15,0.8355,561.08,0.8358,542.54,0.8359,542.54
1753546983132,16:23:03.132,ADA/USDT:USDT,0.8357,542.54,0.8356,1400.15,0.8358,542.54,0.8359,542.54
1753546983562,16:23:03.562,ADA/USDT:USDT,0.8356,1400.15,0.8355,561.08,0.8358,542.54,0.8359,542.54
1753546983709,16:23:03.709,ADA/USDT:USDT,0.8356,857.61,0.8355,561.08,0.8358,542.54,0.8359,542.54
1753546983773,16:23:03.773,ADA/USDT:USDT,0.8356,857.61,0.8355,561.08,0.8359,542.54,0.836,6615.23
1753546983798,16:23:03.798,ADA/USDT:USDT,0.8356,857.61,0.8355,561.08,0.8359,542.54,0.836,6615.23
1753546983904,16:23:03.904,ADA/USDT:USDT,0.8356,857.61,0.8355,561.08,0.8359,542.54,0.836,6615.23
1753546983929,16:23:03.929,ADA/USDT:USDT,0.8356,857.61,0.8354,2544.87,0.8359,542.54,0.836,6615.23
1753546983943,16:23:03.943,ADA/USDT:USDT,0.8356,857.61,0.8354,2544.87,0.8359,542.54,0.836,6615.23
1753546983972,16:23:03.972,ADA/USDT:USDT,0.8356,857.61,0.8354,2544.87,0.8357,542.54,0.8359,542.54
1753546983999,16:23:03.999,ADA/USDT:USDT,0.8356,857.61,0.8354,2544.87,0.8357,1129.57,0.8358,6115.23
1753546984049,16:23:04.049,ADA/USDT:USDT,0.8356,857.61,0.8354,2544.87,0.8357,1129.57,0.8358,6115.23
1753546984052,16:23:04.052,ADA/USDT:USDT,0.8356,857.61,0.8354,2544.87,0.8357,1129.57,0.8358,6115.23
1753546984202,16:23:04.202,ADA/USDT:USDT,0.8356,857.61,0.8354,2544.87,0.8357,587.03,0.8358,6115.23
1753546984241,16:23:04.241,ADA/USDT:USDT,0.8356,857.61,0.8354,2544.87,0.8357,587.03,0.8358,8302.09
1753546984257,16:23:04.257,ADA/USDT:USDT,0.8356,857.61,0.8354,2544.87,0.8357,587.03,0.8358,8302.09
1753546984329,16:23:04.329,ADA/USDT:USDT,0.8356,857.61,0.8354,2544.87,0.8357,1129.57,0.8358,8302.09
1753546984404,16:23:04.404,ADA/USDT:USDT,0.8356,857.61,0.8355,542.54,0.8357,1129.57,0.8358,8302.09
1753546984673,16:23:04.673,ADA/USDT:USDT,0.8356,1400.15,0.8355,542.54,0.8357,1129.57,0.8358,8302.09
1753546984676,16:23:04.676,ADA/USDT:USDT,0.8356,1400.15,0.8355,542.54,0.8357,542.54,0.8358,8302.09
1753546984696,16:23:04.696,ADA/USDT:USDT,0.8356,1400.15,0.8355,542.54,0.8358,8302.09,0.8359,542.54
1753546984723,16:23:04.723,ADA/USDT:USDT,0.8356,542.54,0.8355,542.54,0.8357,542.54,0.8358,2186.86
1753546984772,16:23:04.772,ADA/USDT:USDT,0.8356,542.54,0.8355,542.54,0.8357,542.54,0.8358,2186.86
1753546984790,16:23:04.790,ADA/USDT:USDT,0.8356,542.54,0.8355,542.54,0.8357,542.54,0.8358,2729.4
1753546984829,16:23:04.829,ADA/USDT:USDT,0.8355,542.54,0.8354,2544.87,0.8357,542.54,0.8358,8845.12
1753546984841,16:23:04.841,ADA/USDT:USDT,0.8355,542.54,0.8354,2544.87,0.8357,542.54,0.8358,8845.12
1753546984861,16:23:04.861,ADA/USDT:USDT,0.8355,542.54,0.8354,2544.87,0.8357,542.54,0.8358,8845.12
1753546984887,16:23:04.887,ADA/USDT:USDT,0.8355,542.54,0.8354,3506.73,0.8357,542.54,0.8358,8845.12
1753546984994,16:23:04.994,ADA/USDT:USDT,0.8355,542.54,0.8354,3506.73,0.8357,542.54,0.8358,15925.88
1753546985014,16:23:05.014,ADA/USDT:USDT,0.8355,542.54,0.8354,3506.73,0.8357,542.54,0.8358,15925.88
1753546985088,16:23:05.088,ADA/USDT:USDT,0.8355,542.54,0.8354,3506.73,0.8357,542.54,0.8358,15925.88
1753546985666,16:23:05.666,ADA/USDT:USDT,0.8355,542.54,0.8354,3506.73,0.8357,542.54,0.8358,15925.88
1753546986030,16:23:06.030,ADA/USDT:USDT,0.8355,542.54,0.8354,3506.73,0.8357,542.54,0.8358,15925.88
1753546986100,16:23:06.100,ADA/USDT:USDT,0.8355,542.54,0.8354,3506.73,0.8357,542.54,0.8358,15925.88
1753546986173,16:23:06.173,ADA/USDT:USDT,0.8355,542.54,0.8354,3506.73,0.8357,542.54,0.8358,14915.15
1753546986277,16:23:06.277,ADA/USDT:USDT,0.8355,542.54,0.8354,3506.73,0.8357,542.54,0.8358,8796.25
1753546986299,16:23:06.299,ADA/USDT:USDT,0.8355,542.54,0.8354,3506.73,0.8357,542.54,0.8358,8796.25
1753546986318,16:23:06.318,ADA/USDT:USDT,0.8355,542.54,0.8354,3506.73,0.8357,542.54,0.8358,1718.67
1753546986338,16:23:06.338,ADA/USDT:USDT,0.8356,12500.0,0.8355,1457.11,0.8358,542.54,0.8359,1504.4
1753546986359,16:23:06.359,ADA/USDT:USDT,0.8356,12500.0,0.8355,1457.11,0.8358,542.54,0.8359,1504.4
1753546986375,16:23:06.375,ADA/USDT:USDT,0.8356,12500.0,0.8355,1457.11,0.8358,542.54,0.8359,542.54
1753546986411,16:23:06.411,ADA/USDT:USDT,0.8357,542.54,0.8356,12500.0,0.8358,542.54,0.8359,542.54
1753546986436,16:23:06.436,ADA/USDT:USDT,0.8357,542.54,0.8356,12500.0,0.8359,542.54,0.836,3518.76
1753546986451,16:23:06.451,ADA/USDT:USDT,0.8357,542.54,0.8355,2419.03,0.8359,542.54,0.836,4480.57
1753546986473,16:23:06.473,ADA/USDT:USDT,0.8357,542.54,0.8355,2419.03,0.8359,542.54,0.836,3518.76
1753546986489,16:23:06.489,ADA/USDT:USDT,0.8357,542.54,0.8356,961.81,0.8359,542.54,0.836,3518.76
1753546986556,16:23:06.556,ADA/USDT:USDT,0.8357,542.54,0.8356,1504.35,0.8359,542.54,0.836,3518.76
1753546986591,16:23:06.591,ADA/USDT:USDT,0.8357,542.54,0.8356,1504.35,0.836,9637.13,0.8361,8122.77
1753546986620,16:23:06.620,ADA/USDT:USDT,0.8357,542.54,0.8356,1504.35,0.836,1042.54,0.8361,9251.4
1753546986622,16:23:06.622,ADA/USDT:USDT,0.8357,542.54,0.8356,1504.35,0.836,542.54,0.8361,9251.4
1753546986648,16:23:06.648,ADA/USDT:USDT,0.8357,542.54,0.8356,1504.35,0.836,542.54,0.8361,3133.03
1753546986673,16:23:06.673,ADA/USDT:USDT,0.8357,542.54,0.8356,1504.35,0.8359,542.54,0.836,542.54
1753546986686,16:23:06.686,ADA/USDT:USDT,0.8357,542.54,0.8356,1504.35,0.8359,542.54,0.836,542.54
1753546986707,16:23:06.707,ADA/USDT:USDT,0.8357,542.54,0.8356,1504.35,0.836,542.54,0.8361,2171.17
1753546986726,16:23:06.726,ADA/USDT:USDT,0.8357,542.54,0.8356,1504.35,0.836,542.54,0.8361,8289.54
1753546986751,16:23:06.751,ADA/USDT:USDT,0.8357,542.54,0.8356,1504.35,0.836,542.54,0.8361,8289.54
1753546986822,16:23:06.822,ADA/USDT:USDT,0.8358,763.57,0.8357,542.54,0.836,542.54,0.8361,3472.47
1753546986831,16:23:06.831,ADA/USDT:USDT,0.8358,1513.73,0.8357,542.54,0.836,542.54,0.8361,2972.47
1753546986855,16:23:06.855,ADA/USDT:USDT,0.8359,542.54,0.8358,1513.73,0.836,542.54,0.8361,2972.47
1753546986868,16:23:06.868,ADA/USDT:USDT,0.8359,542.54,0.8357,542.54,0.8361,2972.47,0.8362,8805.7
1753546986896,16:23:06.896,ADA/USDT:USDT,0.8359,542.54,0.8357,542.54,0.8361,2972.47,0.8362,8805.7
1753546986914,16:23:06.914,ADA/USDT:USDT,0.8359,542.54,0.8357,542.54,0.8361,2972.47,0.8362,8805.7
1753546986948,16:23:06.948,ADA/USDT:USDT,0.8359,542.54,0.8357,542.54,0.836,541.11,0.8361,2972.47
1753546986988,16:23:06.988,ADA/USDT:USDT,0.8359,542.54,0.8357,542.54,0.8361,2972.47,0.8362,8805.7
1753546987088,16:23:07.088,ADA/USDT:USDT,0.8357,542.54,0.8356,2408.89,0.836,1128.14,0.8361,2972.47
1753546987136,16:23:07.136,ADA/USDT:USDT,0.8358,2111.9,0.8357,1802.41,0.836,541.11,0.8361,9090.84
1753546987190,16:23:07.190,ADA/USDT:USDT,0.8359,541.11,0.8358,2653.01,0.836,541.11,0.8361,9090.84
1753546987568,16:23:07.568,ADA/USDT:USDT,0.8359,541.11,0.8358,2653.01,0.836,541.11,0.8361,15209.29
1753546987617,16:23:07.617,ADA/USDT:USDT,0.8359,541.11,0.8358,2653.01,0.836,541.11,0.8361,9090.92
1753546987633,16:23:07.633,ADA/USDT:USDT,0.8359,541.11,0.8358,2653.01,0.8361,2972.47,0.8362,2687.33
1753546987654,16:23:07.654,ADA/USDT:USDT,0.8359,541.11,0.8358,2653.01,0.8361,2972.47,0.8362,1726.04
1753546987664,16:23:07.664,ADA/USDT:USDT,0.8359,541.11,0.8358,2653.01,0.8361,2429.93,0.8362,1726.04
1753546987693,16:23:07.693,ADA/USDT:USDT,0.8359,541.11,0.8358,2653.01,0.8361,2429.93,0.8362,1726.04
1753546987707,16:23:07.707,ADA/USDT:USDT,0.8359,541.11,0.8358,2653.01,0.8361,2429.93,0.8362,1726.04
1753546987751,16:23:07.751,ADA/USDT:USDT,0.8359,541.11,0.8358,2653.01,0.8361,2429.93,0.8362,1726.04
1753546987777,16:23:07.777,ADA/USDT:USDT,0.8359,541.11,0.8358,2653.01,0.8362,1875.57,0.8363,8750.07
1753546987794,16:23:07.794,ADA/USDT:USDT,0.8359,541.11,0.8358,2653.01,0.8362,1875.57,0.8363,8750.07
1753546987818,16:23:07.818,ADA/USDT:USDT,0.8359,541.11,0.8358,2653.01,0.8361,541.11,0.8362,1875.57
1753546987833,16:23:07.833,ADA/USDT:USDT,0.8359,541.11,0.8358,2653.01,0.8361,541.11,0.8362,7992.56
1753546987905,16:23:07.905,ADA/USDT:USDT,0.8359,541.11,0.8358,2653.01,0.8361,541.11,0.8362,14111.01
1753546987910,16:23:07.910,ADA/USDT:USDT,0.8359,541.11,0.8358,2653.01,0.8361,541.11,0.8362,1875.57
1753546987958,16:23:07.958,ADA/USDT:USDT,0.8359,541.11,0.8358,2653.01,0.8361,541.11,0.8362,1875.57
1753546988112,16:23:08.112,ADA/USDT:USDT,0.8359,541.11,0.8358,2653.01,0.8361,541.11,0.8362,7992.56
1753546988166,16:23:08.166,ADA/USDT:USDT,0.8359,541.11,0.8358,2653.01,0.8361,541.11,0.8362,7992.56
1753546988222,16:23:08.222,ADA/USDT:USDT,0.8359,541.11,0.8358,2653.01,0.8361,541.11,0.8362,7992.56
1753546988311,16:23:08.311,ADA/USDT:USDT,0.8359,541.11,0.8358,2653.01,0.8362,7992.56,0.8363,2633.08
1753546988335,16:23:08.335,ADA/USDT:USDT,0.8359,541.11,0.8358,2653.01,0.8361,541.11,0.8362,1875.57
1753546988386,16:23:08.386,ADA/USDT:USDT,0.8359,541.11,0.8358,2653.01,0.8362,7991.67,0.8363,2633.08
1753546988412,16:23:08.412,ADA/USDT:USDT,0.8359,541.11,0.8358,2653.01,0.8362,1875.57,0.8363,2633.08
1753546988416,16:23:08.416,ADA/USDT:USDT,0.8359,541.11,0.8358,2653.01,0.8361,541.11,0.8362,1875.57
1753546988454,16:23:08.454,ADA/USDT:USDT,0.8359,541.11,0.8358,2653.01,0.8361,541.11,0.8362,7991.67
1753546988535,16:23:08.535,ADA/USDT:USDT,0.8359,541.11,0.8358,2653.01,0.8361,541.11,0.8362,7991.67
1753546988556,16:23:08.556,ADA/USDT:USDT,0.8359,541.11,0.8358,2653.01,0.8362,7991.67,0.8363,2633.08
1753546988595,16:23:08.595,ADA/USDT:USDT,0.8359,541.11,0.8358,2653.01,0.8361,541.11,0.8362,1875.57
1753546988614,16:23:08.614,ADA/USDT:USDT,0.8359,541.11,0.8358,2653.01,0.8362,1875.57,0.8363,2633.08
1753546988636,16:23:08.636,ADA/USDT:USDT,0.8359,541.11,0.8358,2653.01,0.8362,1875.57,0.8363,8749.18
1753546988658,16:23:08.658,ADA/USDT:USDT,0.8359,541.11,0.8358,2653.01,0.8362,1875.57,0.8363,14867.08
1753546988763,16:23:08.763,ADA/USDT:USDT,0.8359,541.11,0.8358,2653.01,0.8362,1875.57,0.8363,14867.08
1753546988827,16:23:08.827,ADA/USDT:USDT,0.8359,541.11,0.8358,2653.01,0.8361,541.11,0.8362,1875.57
1753546988860,16:23:08.860,ADA/USDT:USDT,0.8359,541.11,0.8358,2653.01,0.8361,541.11,0.8362,14109.57
1753546988909,16:23:08.909,ADA/USDT:USDT,0.8359,541.11,0.8358,2653.01,0.8361,541.11,0.8362,14109.57
1753546988947,16:23:08.947,ADA/USDT:USDT,0.8359,541.11,0.8358,2653.01,0.8362,14109.57,0.8363,2633.08
1753546988977,16:23:08.977,ADA/USDT:USDT,0.8359,541.11,0.8358,2653.01,0.8362,1875.57,0.8363,8749.18
1753546989060,16:23:09.060,ADA/USDT:USDT,0.8359,541.11,0.8358,2653.01,0.8362,1875.57,0.8363,14867.08
1753546989132,16:23:09.132,ADA/USDT:USDT,0.8359,541.11,0.8358,2653.01,0.8361,541.11,0.8362,1875.57
1753546989160,16:23:09.160,ADA/USDT:USDT,0.8359,541.11,0.8358,2653.01,0.8361,541.11,0.8362,7991.67
1753546989212,16:23:09.212,ADA/USDT:USDT,0.8359,541.11,0.8358,2653.01,0.8361,541.11,0.8362,14109.57
1753546989268,16:23:09.268,ADA/USDT:USDT,0.8359,541.11,0.8358,2653.01,0.8361,541.11,0.8362,15071.03
1753546989312,16:23:09.312,ADA/USDT:USDT,0.8359,541.11,0.8358,2653.01,0.8361,541.11,0.8362,15071.03
1753546989403,16:23:09.403,ADA/USDT:USDT,0.8359,541.11,0.8358,2653.01,0.8362,15071.03,0.8363,2633.08
1753546989419,16:23:09.419,ADA/USDT:USDT,0.8359,541.11,0.8358,2653.01,0.8362,1875.57,0.8363,8749.06
1753546989485,16:23:09.485,ADA/USDT:USDT,0.8359,541.11,0.8358,2653.01,0.8361,541.11,0.8362,1875.57
1753546989518,16:23:09.518,ADA/USDT:USDT,0.8359,541.11,0.8358,2653.01,0.8361,541.11,0.8362,7991.55
1753546989558,16:23:09.558,ADA/USDT:USDT,0.8359,541.11,0.8358,2653.01,0.8361,541.11,0.8362,14109.32
1753546989580,16:23:09.580,ADA/USDT:USDT,0.8359,541.11,0.8358,2653.01,0.8361,541.11,0.8362,15070.72
1753546990273,16:23:10.273,ADA/USDT:USDT,0.8359,541.11,0.8358,2653.01,0.8361,541.11,0.8362,1875.57
1753546990325,16:23:10.325,ADA/USDT:USDT,0.8359,541.11,0.8358,2653.01,0.8362,1875.57,0.8363,2633.08
1753546990339,16:23:10.339,ADA/USDT:USDT,0.8359,541.11,0.8358,2653.01,0.8362,1875.57,0.8363,8748.88
1753546990360,16:23:10.360,ADA/USDT:USDT,0.8359,541.11,0.8358,2653.01,0.8362,1875.57,0.8363,14866.47
1753546990467,16:23:10.467,ADA/USDT:USDT,0.8359,541.11,0.8358,2653.01,0.8362,1875.57,0.8363,14866.47
1753546990893,16:23:10.893,ADA/USDT:USDT,0.8359,541.11,0.8358,2653.01,0.8362,1875.57,0.8363,1671.73
1753546990920,16:23:10.920,ADA/USDT:USDT,0.8359,541.11,0.8358,2653.01,0.8362,1875.57,0.8363,1671.73
1753546990941,16:23:10.941,ADA/USDT:USDT,0.8359,541.11,0.8358,3556.15,0.8362,1875.57,0.8363,1671.73
1753546990975,16:23:10.975,ADA/USDT:USDT,0.8359,541.11,0.8358,3556.15,0.8363,548.63,0.8364,7651.22
1753546990996,16:23:10.996,ADA/USDT:USDT,0.8359,541.11,0.8358,3556.15,0.8363,548.63,0.8364,13767.02
1753546991008,16:23:11.008,ADA/USDT:USDT,0.8359,541.11,0.8358,3556.15,0.8363,548.63,0.8364,13767.02
1753546991056,16:23:11.056,ADA/USDT:USDT,0.836,750.16,0.8359,541.11,0.8363,548.63,0.8364,13767.02
1753546991072,16:23:11.072,ADA/USDT:USDT,0.836,750.16,0.8359,1502.51,0.8363,548.63,0.8364,13767.02
1753546991094,16:23:11.094,ADA/USDT:USDT,0.8361,541.11,0.836,750.16,0.8363,548.63,0.8364,13767.02
1753546991112,16:23:11.112,ADA/USDT:USDT,0.8361,541.11,0.8359,1502.51,0.8363,548.63,0.8364,13767.02
1753546991154,16:23:11.154,ADA/USDT:USDT,0.8361,541.11,0.836,541.11,0.8363,548.63,0.8364,13767.02
1753546991239,16:23:11.239,ADA/USDT:USDT,0.836,541.11,0.8359,1502.51,0.8363,548.63,0.8364,13767.02
1753546991332,16:23:11.332,ADA/USDT:USDT,0.836,541.11,0.8359,1502.51,0.8363,548.63,0.8364,13767.02
1753546991360,16:23:11.360,ADA/USDT:USDT,0.836,541.11,0.8359,1502.51,0.8363,548.63,0.8364,13767.02
1753546991644,16:23:11.644,ADA/USDT:USDT,0.836,541.11,0.8359,1502.51,0.8363,548.63,0.8364,13767.02
1753546992035,16:23:12.035,ADA/USDT:USDT,0.836,541.11,0.8359,1502.51,0.8363,548.63,0.8364,13767.02
1753546992046,16:23:12.046,ADA/USDT:USDT,0.836,541.11,0.8359,1502.51,0.8363,548.63,0.8364,13767.02
1753546992072,16:23:12.072,ADA/USDT:USDT,0.836,541.11,0.8359,1502.51,0.8363,548.63,0.8364,13767.02
1753546992239,16:23:12.239,ADA/USDT:USDT,0.836,1343.39,0.8359,3180.98,0.8363,548.63,0.8364,13767.02
1753546992248,16:23:12.248,ADA/USDT:USDT,0.8361,541.11,0.836,1343.39,0.8363,548.63,0.8364,13767.02
1753546992271,16:23:12.271,ADA/USDT:USDT,0.8361,541.11,0.836,1343.39,0.8362,587.03,0.8363,548.63
1753546992288,16:23:12.288,ADA/USDT:USDT,0.8361,541.11,0.836,1343.39,0.8362,1718.14,0.8363,7625.12
1753546992307,16:23:12.307,ADA/USDT:USDT,0.8361,541.11,0.836,1343.39,0.8362,1718.14,0.8363,13742.1
1753546992338,16:23:12.338,ADA/USDT:USDT,0.8361,541.11,0.836,2304.68,0.8362,1718.14,0.8363,13742.1
1753546992364,16:23:12.364,ADA/USDT:USDT,0.8361,1692.96,0.836,2304.68,0.8362,1718.14,0.8363,13742.1
1753546992501,16:23:12.501,ADA/USDT:USDT,0.8361,1692.96,0.836,1343.39,0.8362,1718.14,0.8363,13742.1
1753546992546,16:23:12.546,ADA/USDT:USDT,0.8361,1692.96,0.836,1343.39,0.8362,1718.14,0.8363,13742.1
1753546992600,16:23:12.600,ADA/USDT:USDT,0.8361,1151.85,0.836,1343.39,0.8362,1718.14,0.8363,13742.1
1753546992601,16:23:12.601,ADA/USDT:USDT,0.8361,1151.85,0.836,1343.39,0.8362,1718.14,0.8363,13742.1
1753546992785,16:23:12.785,ADA/USDT:USDT,0.8361,1151.85,0.836,1343.39,0.8362,1718.14,0.8363,13742.1
1753546992817,16:23:12.817,ADA/USDT:USDT,0.8361,1151.85,0.836,1343.39,0.8362,1128.14,0.8363,13742.1
1753546992842,16:23:12.842,ADA/USDT:USDT,0.8361,1692.96,0.836,2304.68,0.8362,541.11,0.8363,13742.1
1753546993002,16:23:13.002,ADA/USDT:USDT,0.8361,1692.96,0.836,2304.68,0.8362,541.11,0.8363,13742.1
1753546993109,16:23:13.109,ADA/USDT:USDT,0.8361,1692.96,0.836,2304.68,0.8362,541.11,0.8363,13742.1
1753546993138,16:23:13.138,ADA/USDT:USDT,0.8361,1692.96,0.836,2304.68,0.8363,12777.09,0.8364,1533.63
1753546993149,16:23:13.149,ADA/USDT:USDT,0.8361,1692.96,0.836,2304.68,0.8363,548.63,0.8364,1533.63
1753546993210,16:23:13.210,ADA/USDT:USDT,0.8361,1692.96,0.836,2304.68,0.8362,541.11,0.8363,6661.96
1753546993244,16:23:13.244,ADA/USDT:USDT,0.8361,1692.96,0.836,2304.68,0.8362,541.11,0.8363,6661.96
1753546993735,16:23:13.735,ADA/USDT:USDT,0.8361,1692.96,0.836,2304.68,0.8362,541.11,0.8363,12775.29
1753546993748,16:23:13.748,ADA/USDT:USDT,0.8361,1692.96,0.836,2304.68,0.8362,541.11,0.8363,13736.58
1753546993903,16:23:13.903,ADA/USDT:USDT,0.8361,1692.96,0.836,2304.68,0.8363,13736.58,0.8364,1533.63
1753546993923,16:23:13.923,ADA/USDT:USDT,0.8361,1692.96,0.836,2304.68,0.8363,548.63,0.8364,7645.16
1753546994103,16:23:14.103,ADA/USDT:USDT,0.8361,1692.96,0.836,1343.39,0.8363,548.63,0.8364,7645.16
1753546994156,16:23:14.156,ADA/USDT:USDT,0.8361,541.11,0.836,1343.39,0.8363,548.63,0.8364,7645.16
1753546994174,16:23:14.174,ADA/USDT:USDT,0.8361,541.11,0.836,1343.39,0.8362,587.03,0.8363,548.63
1753546994237,16:23:14.237,ADA/USDT:USDT,0.8361,541.11,0.836,1343.39,0.8362,587.03,0.8363,6660.16
1753546994250,16:23:14.250,ADA/USDT:USDT,0.8361,541.11,0.836,1343.39,0.8362,1128.14,0.8363,6660.16
1753546994289,16:23:14.289,ADA/USDT:USDT,0.8361,541.11,0.836,1343.39,0.8362,1128.14,0.8363,6660.16
1753546994706,16:23:14.706,ADA/USDT:USDT,0.8361,541.11,0.836,2304.68,0.8362,1128.14,0.8363,7621.45
1753546994738,16:23:14.738,ADA/USDT:USDT,0.8361,541.11,0.836,2304.68,0.8362,1128.14,0.8363,13732.98
1753546994793,16:23:14.793,ADA/USDT:USDT,0.8361,541.11,0.836,2304.68,0.8362,541.11,0.8363,12771.69
1753546994846,16:23:14.846,ADA/USDT:USDT,0.8361,541.11,0.836,2304.68,0.8363,6660.16,0.8364,1533.63
1753546994898,16:23:14.898,ADA/USDT:USDT,0.8361,541.11,0.836,2304.68,0.8363,548.63,0.8364,7643.36
1753546994936,16:23:14.936,ADA/USDT:USDT,0.8361,541.11,0.836,2304.68,0.8363,548.63,0.8364,13754.89
1753546994982,16:23:14.982,ADA/USDT:USDT,0.8361,541.1,0.836,2304.68,0.8363,548.63,0.8364,13754.89
1753546995256,16:23:15.256,ADA/USDT:USDT,0.8361,541.1,0.836,2304.68,0.8363,548.63,0.8364,13754.89
1753546995264,16:23:15.264,ADA/USDT:USDT,0.8361,541.1,0.836,2304.68,0.8363,548.63,0.8364,13754.89
1753546995867,16:23:15.867,ADA/USDT:USDT,0.8361,541.1,0.836,2304.68,0.8362,587.03,0.8363,548.63
1753546995912,16:23:15.912,ADA/USDT:USDT,0.8361,541.1,0.836,2304.68,0.8363,13728.48,0.8364,13754.89
1753546995942,16:23:15.942,ADA/USDT:USDT,0.8361,541.1,0.836,2304.68,0.8363,548.63,0.8364,13754.89
1753546996030,16:23:16.030,ADA/USDT:USDT,0.8361,541.1,0.836,2304.68,0.8363,1506.66,0.8364,13754.89
1753546996307,16:23:16.307,ADA/USDT:USDT,0.8361,541.1,0.836,2304.68,0.8362,541.11,0.8363,1506.66
1753546996348,16:23:16.348,ADA/USDT:USDT,0.8361,541.1,0.836,2304.68,0.8362,541.11,0.8363,8578.1
1753546996363,16:23:16.363,ADA/USDT:USDT,0.8361,541.1,0.836,2304.68,0.8362,541.11,0.8363,14686.51
1753546996381,16:23:16.381,ADA/USDT:USDT,0.8361,541.1,0.836,2304.68,0.8362,541.11,0.8363,14686.51
1753546996537,16:23:16.537,ADA/USDT:USDT,0.8361,541.1,0.836,1343.39,0.8362,1718.14,0.8363,14686.51
1753546996557,16:23:16.557,ADA/USDT:USDT,0.836,1343.39,0.8359,1502.4,0.8362,1718.14,0.8363,14686.51
1753546996571,16:23:16.571,ADA/USDT:USDT,0.836,1343.39,0.8359,541.11,0.8362,1718.14,0.8363,14686.51
1753546996614,16:23:16.614,ADA/USDT:USDT,0.836,1343.39,0.8359,1345.86,0.8361,587.03,0.8362,1718.14
1753546996626,16:23:16.626,ADA/USDT:USDT,0.836,1343.39,0.8359,1345.86,0.8361,587.03,0.8362,1718.14
1753546996654,16:23:16.654,ADA/USDT:USDT,0.836,1343.39,0.8359,1345.86,0.8361,1718.14,0.8362,8198.23
1753546996664,16:23:16.664,ADA/USDT:USDT,0.836,1343.39,0.8359,1345.86,0.8361,1718.14,0.8362,13720.62
1753546996699,16:23:16.699,ADA/USDT:USDT,0.8359,1590.58,0.8358,2677.68,0.8361,1718.14,0.8362,13720.62
1753546996713,16:23:16.713,ADA/USDT:USDT,0.8359,1590.58,0.8358,2677.68,0.836,587.03,0.8361,1718.14
1753546996734,16:23:16.734,ADA/USDT:USDT,0.8359,1590.58,0.8358,2677.68,0.836,587.03,0.8361,7240.53
1753546996750,16:23:16.750,ADA/USDT:USDT,0.8359,1590.58,0.8358,2677.68,0.836,587.03,0.8361,8201.82
1753546996767,16:23:16.767,ADA/USDT:USDT,0.8359,1590.58,0.8358,2677.68,0.836,587.03,0.8361,8201.82
1753546996788,16:23:16.788,ADA/USDT:USDT,0.8359,1049.47,0.8358,2677.68,0.836,587.03,0.8361,8201.82
1753546996811,16:23:16.811,ADA/USDT:USDT,0.8359,1049.47,0.8358,2677.68,0.836,587.03,0.8361,8201.82
1753546996860,16:23:16.860,ADA/USDT:USDT,0.8359,1049.47,0.8358,2677.68,0.836,587.03,0.8361,8201.82
1753546996872,16:23:16.872,ADA/USDT:USDT,0.8359,1590.58,0.8358,2677.68,0.836,1128.14,0.8361,8201.82
1753546996884,16:23:16.884,ADA/USDT:USDT,0.8359,1590.58,0.8358,2677.68,0.836,541.11,0.8361,8201.82
1753546997026,16:23:17.026,ADA/USDT:USDT,0.8359,1590.58,0.8358,2677.68,0.836,541.11,0.8361,541.11
1753546997075,16:23:17.075,ADA/USDT:USDT,0.8359,1590.58,0.8358,2677.68,0.8362,7611.82,0.8363,2467.89
1753546997088,16:23:17.088,ADA/USDT:USDT,0.8359,1590.58,0.8358,2677.68,0.8361,536.8,0.8362,541.11
1753546997111,16:23:17.111,ADA/USDT:USDT,0.8359,1590.58,0.8358,2677.68,0.8361,536.8,0.8362,6650.53
1753546997130,16:23:17.130,ADA/USDT:USDT,0.8359,1590.58,0.8358,2677.68,0.8361,536.8,0.8362,541.11
1753546997157,16:23:17.157,ADA/USDT:USDT,0.8359,1590.58,0.8358,2677.68,0.8362,541.11,0.8363,1506.66
1753546997167,16:23:17.167,ADA/USDT:USDT,0.8359,1590.58,0.8358,2677.68,0.8362,541.11,0.8363,7616.08
1753546997228,16:23:17.228,ADA/USDT:USDT,0.8359,1590.58,0.8358,2677.68,0.8362,541.11,0.8363,1506.66
1753546997275,16:23:17.275,ADA/USDT:USDT,0.8359,1590.58,0.8358,2677.68,0.8362,541.11,0.8363,1506.66
1753546997327,16:23:17.327,ADA/USDT:USDT,0.8359,1590.58,0.8358,2677.68,0.8362,541.11,0.8363,7616.08
1753546997400,16:23:17.400,ADA/USDT:USDT,0.8359,1590.58,0.8358,2677.68,0.8362,541.11,0.8363,7616.08
1753546997433,16:23:17.433,ADA/USDT:USDT,0.8359,1590.58,0.8358,2677.68,0.8362,541.11,0.8363,7616.08
1753546997554,16:23:17.554,ADA/USDT:USDT,0.8359,1590.58,0.8358,2677.68,0.8362,541.11,0.8363,13726.03
1753546998037,16:23:18.037,ADA/USDT:USDT,0.8359,1590.58,0.8358,2677.68,0.8362,541.11,0.8363,13726.03
1753546998128,16:23:18.128,ADA/USDT:USDT,0.8359,1590.58,0.8358,2677.68,0.8362,541.11,0.8363,14687.43
1753546998367,16:23:18.367,ADA/USDT:USDT,0.8359,1590.58,0.8358,2677.68,0.8362,541.11,0.8363,8578.01
1753546998425,16:23:18.425,ADA/USDT:USDT,0.8359,1590.58,0.8358,2677.68,0.8362,541.11,0.8363,14688.21
1753546998711,16:23:18.711,ADA/USDT:USDT,0.8359,1590.58,0.8358,2677.68,0.8362,541.11,0.8363,14688.21
1753546998737,16:23:18.737,ADA/USDT:USDT,0.8359,1590.58,0.8358,2677.68,0.8362,541.11,0.8363,14688.21
1753546998992,16:23:18.992,ADA/USDT:USDT,0.8359,541.11,0.8358,2677.68,0.8362,541.11,0.8363,14688.21
1753546999979,16:23:19.979,ADA/USDT:USDT,0.8359,541.11,0.8358,2677.68,0.8362,541.11,0.8363,14688.21
1753546999998,16:23:19.998,ADA/USDT:USDT,0.8359,541.11,0.8358,2677.68,0.8362,541.11,0.8363,14688.21
1753547000006,16:23:20.006,ADA/USDT:USDT,0.8359,541.11,0.8358,2677.68,0.8362,541.11,0.8363,14688.21
1753547000066,16:23:20.066,ADA/USDT:USDT,0.8359,541.11,0.8358,2677.68,0.8362,541.11,0.8363,7617.45
1753547000100,16:23:20.100,ADA/USDT:USDT,0.8359,541.11,0.8358,2677.68,0.8362,541.11,0.8363,14689.89
1753547000152,16:23:20.152,ADA/USDT:USDT,0.8359,541.11,0.8358,2677.68,0.8362,541.11,0.8363,14689.89
1753547000312,16:23:20.312,ADA/USDT:USDT,0.8359,541.11,0.8358,2677.68,0.8362,541.11,0.8363,14689.89
1753547000327,16:23:20.327,ADA/USDT:USDT,0.8359,541.11,0.8358,2677.68,0.8362,541.11,0.8363,14689.89
1753547000486,16:23:20.486,ADA/USDT:USDT,0.8359,541.11,0.8358,2677.68,0.8362,541.11,0.8363,14689.89
1753547001554,16:23:21.554,ADA/USDT:USDT,0.8359,532.11,0.8358,2677.68,0.8362,541.11,0.8363,14689.89
1753547001743,16:23:21.743,ADA/USDT:USDT,0.8361,1014.91,0.836,977.62,0.8362,541.11,0.8363,14689.89
1753547001802,16:23:21.802,ADA/USDT:USDT,0.8361,1551.71,0.836,977.62,0.8362,541.11,0.8363,14689.89
1753547001825,16:23:21.825,ADA/USDT:USDT,0.8361,1551.71,0.836,1514.42,0.8362,541.11,0.8363,14689.89
1753547001955,16:23:21.955,ADA/USDT:USDT,0.8361,1551.71,0.836,2475.82,0.8362,541.11,0.8363,14689.89
1753547001966,16:23:21.966,ADA/USDT:USDT,0.8361,1551.71,0.836,2475.82,0.8363,14689.89,0.8364,1533.63
1753547001988,16:23:21.988,ADA/USDT:USDT,0.8361,1551.71,0.836,2475.82,0.8363,1506.66,0.8364,1533.63
1753547002005,16:23:22.005,ADA/USDT:USDT,0.8361,1551.71,0.836,2475.82,0.8363,1506.66,0.8364,13753.86
1753547002263,16:23:22.263,ADA/USDT:USDT,0.8361,1551.71,0.836,2475.82,0.8362,536.8,0.8363,1506.66
1753547002285,16:23:22.285,ADA/USDT:USDT,0.8361,1551.71,0.836,2475.82,0.8362,536.8,0.8363,8577.15
1753547002305,16:23:22.305,ADA/USDT:USDT,0.8361,1551.71,0.836,2475.82,0.8362,536.8,0.8363,14688.29
1753547002350,16:23:22.350,ADA/USDT:USDT,0.8361,1551.71,0.836,2475.82,0.8362,536.8,0.8363,14688.29
1753547002378,16:23:22.378,ADA/USDT:USDT,0.8361,1551.71,0.836,2475.82,0.8362,536.8,0.8363,14688.29
1753547002585,16:23:22.585,ADA/USDT:USDT,0.8361,1551.71,0.836,2475.82,0.8363,1506.66,0.8364,1533.63
1753547002609,16:23:22.609,ADA/USDT:USDT,0.8361,1551.71,0.836,2475.82,0.8363,1506.66,0.8364,13751.9
1753547002739,16:23:22.739,ADA/USDT:USDT,0.8361,1014.91,0.836,1514.42,0.8362,2122.64,0.8363,1506.66
1753547002747,16:23:22.747,ADA/USDT:USDT,0.8361,1014.91,0.836,1514.42,0.8362,2122.64,0.8363,2467.95
1753547002780,16:23:22.780,ADA/USDT:USDT,0.8361,1014.91,0.836,1514.42,0.8362,2122.64,0.8363,14686.22
1753547003300,16:23:23.300,ADA/USDT:USDT,0.8361,1551.71,0.836,1514.42,0.8362,2122.64,0.8363,14686.22
1753547003381,16:23:23.381,ADA/USDT:USDT,0.8361,1551.71,0.836,2475.71,0.8362,998.81,0.8363,14686.22
1753547003442,16:23:23.442,ADA/USDT:USDT,0.8361,1551.71,0.836,2475.71,0.8363,6657.81,0.8364,2843.4
1753547003451,16:23:23.451,ADA/USDT:USDT,0.8361,1551.71,0.836,2475.71,0.8363,548.63,0.8364,8951.23
1753547003476,16:23:23.476,ADA/USDT:USDT,0.8361,1551.71,0.836,2475.71,0.8363,548.63,0.8364,15059.15
1753547003914,16:23:23.914,ADA/USDT:USDT,0.8361,536.8,0.836,2475.71,0.8363,548.63,0.8364,15059.15
1753547003931,16:23:23.931,ADA/USDT:USDT,0.8361,536.8,0.836,2475.71,0.8362,587.03,0.8363,548.63
1753547004006,16:23:24.006,ADA/USDT:USDT,0.8361,536.8,0.836,2475.71,0.8363,12763.58,0.8364,8951.23
1753547004015,16:23:24.015,ADA/USDT:USDT,0.8361,536.8,0.836,2475.71,0.8362,536.8,0.8363,548.63
1753547004031,16:23:24.031,ADA/USDT:USDT,0.8361,536.8,0.836,2475.71,0.8362,536.8,0.8363,12763.58
1753547004067,16:23:24.067,ADA/USDT:USDT,0.8361,536.8,0.836,2475.71,0.8362,536.8,0.8363,13724.81
1753547004086,16:23:24.086,ADA/USDT:USDT,0.8361,536.8,0.836,2475.71,0.8362,536.8,0.8363,13724.81
1753547004113,16:23:24.113,ADA/USDT:USDT,0.8361,536.8,0.836,2475.71,0.8362,536.8,0.8363,13724.81
1753547004218,16:23:24.218,ADA/USDT:USDT,0.8361,536.8,0.836,1514.42,0.8362,536.8,0.8363,13724.81
1753547004303,16:23:24.303,ADA/USDT:USDT,0.836,1514.42,0.8359,1493.51,0.8362,536.8,0.8363,13724.81
1753547004493,16:23:24.493,ADA/USDT:USDT,0.836,1514.42,0.8359,1493.51,0.8362,536.8,0.8363,7617.78
1753547004889,16:23:24.889,ADA/USDT:USDT,0.836,1514.42,0.8359,1493.51,0.8362,536.8,0.8363,13724.93
1753547004953,16:23:24.953,ADA/USDT:USDT,0.836,1514.42,0.8359,532.11,0.8362,536.8,0.8363,13724.93
1753547005038,16:23:25.038,ADA/USDT:USDT,0.836,1514.42,0.8359,532.11,0.8362,536.8,0.8363,13724.93
1753547005066,16:23:25.066,ADA/USDT:USDT,0.836,1514.42,0.8359,532.11,0.8362,536.8,0.8363,13724.93
1753547005124,16:23:25.124,ADA/USDT:USDT,0.836,1514.42,0.8359,1493.46,0.8362,536.8,0.8363,13724.93
1753547005439,16:23:25.439,ADA/USDT:USDT,0.836,1514.42,0.8359,532.11,0.8362,536.8,0.8363,13724.93
1753547005545,16:23:25.545,ADA/USDT:USDT,0.836,977.62,0.8359,532.11,0.8362,536.8,0.8363,13724.93
1753547006298,16:23:26.298,ADA/USDT:USDT,0.8359,532.11,0.8358,2677.68,0.8362,536.8,0.8363,13724.93
1753547006322,16:23:26.322,ADA/USDT:USDT,0.8359,532.11,0.8358,2677.68,0.836,880.54,0.8361,587.03
1753547006362,16:23:26.362,ADA/USDT:USDT,0.8359,532.11,0.8358,2677.68,0.836,880.54,0.8361,6108.39
1753547006387,16:23:26.387,ADA/USDT:USDT,0.8359,532.11,0.8358,3809.95,0.836,880.54,0.8361,6108.39
1753547006431,16:23:26.431,ADA/USDT:USDT,0.8359,532.11,0.8358,3809.95,0.836,880.54,0.8361,6108.39
1753547006495,16:23:26.495,ADA/USDT:USDT,0.8359,532.11,0.8358,3809.95,0.8361,6108.39,0.8362,536.8
1753547006501,16:23:26.501,ADA/USDT:USDT,0.8359,532.11,0.8358,3809.95,0.8361,587.03,0.8362,536.8
1753547006534,16:23:26.534,ADA/USDT:USDT,0.8359,532.11,0.8358,3809.95,0.8361,1123.83,0.8362,6645.19
1753547006542,16:23:26.542,ADA/USDT:USDT,0.8359,532.11,0.8358,3809.95,0.836,536.8,0.8361,1123.83
1753547006561,16:23:26.561,ADA/USDT:USDT,0.8359,532.11,0.8358,3809.95,0.836,536.8,0.8361,6645.19
1753547006641,16:23:26.641,ADA/USDT:USDT,0.8359,532.11,0.8358,3809.95,0.836,536.8,0.8361,6645.19
1753547006656,16:23:26.656,ADA/USDT:USDT,0.8359,532.11,0.8358,3809.95,0.8361,6645.19,0.8362,536.8
1753547006683,16:23:26.683,ADA/USDT:USDT,0.8359,532.11,0.8358,3809.95,0.8361,1123.83,0.8362,6645.19
1753547006727,16:23:26.727,ADA/USDT:USDT,0.8359,532.11,0.8358,3809.95,0.8361,536.8,0.8362,6645.19
1753547006746,16:23:26.746,ADA/USDT:USDT,0.8359,532.11,0.8358,3809.95,0.8361,536.8,0.8362,1498.26
1753547006753,16:23:26.753,ADA/USDT:USDT,0.8359,532.11,0.8358,3809.95,0.8361,536.8,0.8362,536.8
1753547006802,16:23:26.802,ADA/USDT:USDT,0.8359,532.11,0.8358,3809.95,0.8362,6645.85,0.8363,13726.29
1753547006823,16:23:26.823,ADA/USDT:USDT,0.8359,532.11,0.8358,3809.95,0.8362,536.8,0.8363,13726.29
1753547006829,16:23:26.829,ADA/USDT:USDT,0.8359,532.11,0.8358,3809.95,0.8361,536.8,0.8362,536.8
1753547006864,16:23:26.864,ADA/USDT:USDT,0.8359,532.11,0.8358,3809.95,0.8361,536.8,0.8362,1498.26
1753547006883,16:23:26.883,ADA/USDT:USDT,0.8359,532.11,0.8358,3809.95,0.8361,536.8,0.8362,13715.7
1753547006902,16:23:26.902,ADA/USDT:USDT,0.8359,532.11,0.8358,3809.95,0.8361,536.8,0.8362,13715.7
1753547006955,16:23:26.955,ADA/USDT:USDT,0.8359,532.11,0.8358,3809.95,0.8361,536.8,0.8362,13715.7
1753547007026,16:23:27.026,ADA/USDT:USDT,0.8359,532.11,0.8358,3809.95,0.8362,536.8,0.8363,1509.98
1753547007046,16:23:27.046,ADA/USDT:USDT,0.8359,532.11,0.8358,3809.95,0.8362,536.8,0.8363,7618.37
1753547007086,16:23:27.086,ADA/USDT:USDT,0.8359,532.1,0.8358,3809.95,0.8362,536.8,0.8363,7618.37
1753547007449,16:23:27.449,ADA/USDT:USDT,0.8359,532.1,0.8358,3809.95,0.8362,536.8,0.8363,7618.37
1753547007451,16:23:27.451,ADA/USDT:USDT,0.8359,532.1,0.8358,3809.95,0.8362,536.8,0.8363,7618.37
1753547007655,16:23:27.655,ADA/USDT:USDT,0.8359,532.1,0.8358,3809.95,0.8362,536.8,0.8363,13727.24
1753547008485,16:23:28.485,ADA/USDT:USDT,0.8359,532.1,0.8358,3809.95,0.8362,1894.55,0.8363,13727.24
1753547008508,16:23:28.508,ADA/USDT:USDT,0.8359,532.1,0.8358,3809.95,0.8361,554.93,0.8362,1894.55
1753547008551,16:23:28.551,ADA/USDT:USDT,0.8359,532.1,0.8358,3809.95,0.8361,554.93,0.8362,14113.86
1753547008609,16:23:28.609,ADA/USDT:USDT,0.8359,532.1,0.8358,3809.95,0.8361,554.93,0.8362,15075.26
1753547008631,16:23:28.631,ADA/USDT:USDT,0.8359,532.1,0.8358,3809.95,0.8361,554.93,0.8362,15075.26
1753547008760,16:23:28.760,ADA/USDT:USDT,0.8359,532.1,0.8358,3809.95,0.8361,554.93,0.8362,8004.0
1753547008811,16:23:28.811,ADA/USDT:USDT,0.8359,532.1,0.8358,3809.95,0.8361,554.93,0.8362,1894.55
1753547008865,16:23:28.865,ADA/USDT:USDT,0.8359,532.1,0.8358,3809.95,0.8362,8004.0,0.8363,7619.43
1753547009255,16:23:29.255,ADA/USDT:USDT,0.8359,532.1,0.8358,3809.95,0.8361,1141.96,0.8362,1894.55
1753547009278,16:23:29.278,ADA/USDT:USDT,0.8359,532.1,0.8358,3809.95,0.836,587.03,0.8361,1141.96
1753547009304,16:23:29.304,ADA/USDT:USDT,0.8358,3809.95,0.8357,1621.86,0.836,1177.03,0.8361,8212.81
1753547009321,16:23:29.321,ADA/USDT:USDT,0.8358,3809.95,0.8357,1621.86,0.836,1731.96,0.8361,13736.21
1753547009346,16:23:29.346,ADA/USDT:USDT,0.8358,3809.95,0.8357,1621.86,0.8359,1141.96,0.836,1731.96
1753547009352,16:23:29.352,ADA/USDT:USDT,0.8358,3809.95,0.8357,1621.86,0.8359,1141.96,0.836,7255.36
1753547009384,16:23:29.384,ADA/USDT:USDT,0.8358,3809.95,0.8357,1621.86,0.8359,1141.96,0.836,7255.36
1753547009394,16:23:29.394,ADA/USDT:USDT,0.8358,3809.95,0.8357,1621.86,0.8359,1141.96,0.836,7255.36
1753547009417,16:23:29.417,ADA/USDT:USDT,0.8358,3809.95,0.8357,1621.86,0.8359,1141.96,0.836,7255.36
1753547009480,16:23:29.480,ADA/USDT:USDT,0.8358,3809.95,0.8357,1621.86,0.8359,1141.96,0.836,7255.36
1753547009490,16:23:29.490,ADA/USDT:USDT,0.8358,3809.95,0.8357,1621.86,0.8359,1141.96,0.836,7255.36
1753547009635,16:23:29.635,ADA/USDT:USDT,0.8358,3268.84,0.8357,1621.86,0.8359,1141.96,0.836,7255.36
1753547009778,16:23:29.778,ADA/USDT:USDT,0.8358,3268.84,0.8357,1621.86,0.8359,1141.96,0.836,7255.36
1753547009867,16:23:29.867,ADA/USDT:USDT,0.8358,3268.84,0.8357,1621.86,0.8359,554.93,0.836,7255.36
1753547010038,16:23:30.038,ADA/USDT:USDT,0.8358,3268.84,0.8357,1621.86,0.8359,554.93,0.836,7255.36
1753547010039,16:23:30.039,ADA/USDT:USDT,0.8358,3268.84,0.8357,1621.86,0.8359,554.93,0.836,7255.36
1753547010107,16:23:30.107,ADA/USDT:USDT,0.8358,3268.84,0.8357,1621.86,0.8359,554.93,0.836,7255.36
1753547010134,16:23:30.134,ADA/USDT:USDT,0.8358,903.14,0.8357,1621.86,0.8359,554.93,0.836,7255.36
1753547010155,16:23:30.155,ADA/USDT:USDT,0.8358,1458.07,0.8357,1621.86,0.8359,554.93,0.836,7255.36
1753547010214,16:23:30.214,ADA/USDT:USDT,0.8358,1458.07,0.8357,1621.86,0.8359,554.93,0.836,554.93
1753547010259,16:23:30.259,ADA/USDT:USDT,0.8358,1458.07,0.8357,1621.86,0.836,554.93,0.8361,7627.45
1753547010662,16:23:30.662,ADA/USDT:USDT,0.8358,1458.07,0.8357,2583.44,0.836,554.93,0.8361,7627.45
1753547010696,16:23:30.696,ADA/USDT:USDT,0.8358,1458.07,0.8357,1621.86,0.836,554.93,0.8361,7627.45
1753547010879,16:23:30.879,ADA/USDT:USDT,0.8358,1458.07,0.8357,2583.44,0.836,554.93,0.8361,7627.45
1753547011024,16:23:31.024,ADA/USDT:USDT,0.8358,1458.07,0.8357,2583.44,0.836,554.93,0.8361,13737.33
1753547011465,16:23:31.465,ADA/USDT:USDT,0.8358,1458.07,0.8357,2583.44,0.836,554.93,0.8361,12775.93
1753547011518,16:23:31.518,ADA/USDT:USDT,0.8358,1458.07,0.8357,2583.44,0.836,554.93,0.8361,13737.51
1753547011561,16:23:31.561,ADA/USDT:USDT,0.8358,1458.07,0.8357,2583.44,0.836,554.93,0.8361,554.93
1753547011580,16:23:31.580,ADA/USDT:USDT,0.8358,1458.07,0.8357,2583.44,0.8361,554.93,0.8362,2856.13
1753547011601,16:23:31.601,ADA/USDT:USDT,0.8358,1458.07,0.8357,2583.44,0.8361,554.93,0.8362,8967.0
1753547011883,16:23:31.883,ADA/USDT:USDT,0.8358,1458.07,0.8357,2583.44,0.8361,554.93,0.8362,8967.0
1753547012329,16:23:32.329,ADA/USDT:USDT,0.8358,1458.07,0.8357,2583.44,0.8361,554.93,0.8362,15076.99
1753547013374,16:23:33.374,ADA/USDT:USDT,0.8358,1458.07,0.8357,1621.86,0.8361,554.93,0.8362,15076.99
1753547013403,16:23:33.403,ADA/USDT:USDT,0.8358,1458.07,0.8357,1621.86,0.8359,587.03,0.8361,554.93
1753547013432,16:23:33.432,ADA/USDT:USDT,0.8358,1458.07,0.8357,2583.38,0.8359,1731.96,0.836,13186.55
1753547013461,16:23:33.461,ADA/USDT:USDT,0.8358,1458.07,0.8357,2583.38,0.8359,1731.96,0.836,13741.48
1753547013466,16:23:33.466,ADA/USDT:USDT,0.8358,903.14,0.8357,1621.86,0.8359,1731.96,0.836,13741.48
1753547013498,16:23:33.498,ADA/USDT:USDT,0.8358,903.14,0.8357,1621.86,0.8359,1731.96,0.836,13741.48
1753547013505,16:23:33.505,ADA/USDT:USDT,0.8358,903.14,0.8357,1621.86,0.8359,1731.96,0.836,13741.48
1753547013526,16:23:33.526,ADA/USDT:USDT,0.8358,903.14,0.8357,1621.86,0.8359,1731.96,0.836,13741.48
1753547013817,16:23:33.817,ADA/USDT:USDT,0.8358,903.14,0.8357,1621.86,0.8359,1731.96,0.836,13741.48
1753547013911,16:23:33.911,ADA/USDT:USDT,0.8358,903.14,0.8357,1621.86,0.8359,1731.96,0.836,13741.48
1753547014057,16:23:34.057,ADA/USDT:USDT,0.8358,1458.07,0.8357,1621.86,0.8359,1731.96,0.836,13741.48
1753547014189,16:23:34.189,ADA/USDT:USDT,0.8358,1458.07,0.8357,1621.86,0.8359,554.93,0.836,13741.48
1753547014204,16:23:34.204,ADA/USDT:USDT,0.8358,1458.07,0.8357,1621.86,0.8359,554.93,0.836,554.93
1753547014228,16:23:34.228,ADA/USDT:USDT,0.8358,1458.07,0.8357,1621.86,0.8359,554.93,0.836,6668.69
1753547014231,16:23:34.231,ADA/USDT:USDT,0.8358,1458.07,0.8357,1621.86,0.836,6668.69,0.8361,2881.56
1753547014275,16:23:34.275,ADA/USDT:USDT,0.8358,1458.07,0.8357,1621.86,0.8359,1141.96,0.836,554.93
1753547014290,16:23:34.290,ADA/USDT:USDT,0.8358,903.14,0.8357,1621.86,0.8359,1141.96,0.836,6668.69
1753547014390,16:23:34.390,ADA/USDT:USDT,0.8358,903.14,0.8357,1621.86,0.8359,1141.96,0.836,6668.69
1753547014457,16:23:34.457,ADA/USDT:USDT,0.8358,903.14,0.8357,1621.86,0.8359,1141.96,0.836,6668.69
1753547014465,16:23:34.465,ADA/USDT:USDT,0.8358,903.14,0.8357,1621.86,0.8359,1141.96,0.836,6668.69
1753547014559,16:23:34.559,ADA/USDT:USDT,0.8358,1458.07,0.8357,1621.86,0.8359,554.93,0.836,6668.69
1753547014974,16:23:34.974,ADA/USDT:USDT,0.8358,1458.07,0.8357,1621.86,0.8359,554.93,0.836,6668.69
1753547015070,16:23:35.070,ADA/USDT:USDT,0.8358,1458.07,0.8357,2583.49,0.8359,554.93,0.836,6668.69
1753547015167,16:23:35.167,ADA/USDT:USDT,0.8358,1458.07,0.8357,2583.49,0.8359,554.93,0.836,7630.32
1753547015229,16:23:35.229,ADA/USDT:USDT,0.8358,1458.07,0.8357,2583.49,0.8359,554.93,0.836,7630.32
1753547015761,16:23:35.761,ADA/USDT:USDT,0.8358,903.14,0.8357,2583.49,0.8359,554.93,0.836,7630.32
1753547015853,16:23:35.853,ADA/USDT:USDT,0.8358,903.14,0.8357,1621.86,0.8359,554.93,0.836,7630.32
1753547015898,16:23:35.898,ADA/USDT:USDT,0.8358,903.14,0.8357,1621.86,0.8359,554.93,0.836,13740.79
1753547016010,16:23:36.010,ADA/USDT:USDT,0.8358,903.14,0.8357,1621.86,0.8359,554.93,0.836,13740.79
1753547016048,16:23:36.048,ADA/USDT:USDT,0.8358,903.14,0.8357,2583.49,0.8359,554.93,0.836,13740.79
1753547016098,16:23:36.098,ADA/USDT:USDT,0.8358,1458.07,0.8357,2583.49,0.8359,554.93,0.836,13740.79
1753547016608,16:23:36.608,ADA/USDT:USDT,0.8358,1458.07,0.8357,2583.49,0.8359,554.93,0.836,13740.79
1753547016608,16:23:36.608,ADA/USDT:USDT,0.8358,1458.07,0.8357,2583.49,0.8359,554.93,0.836,13740.79
1753547016639,16:23:36.639,ADA/USDT:USDT,0.8358,1458.07,0.8357,2583.49,0.8359,554.93,0.836,13740.79
1753547017160,16:23:37.160,ADA/USDT:USDT,0.8358,903.14,0.8357,1621.86,0.8359,554.93,0.836,13740.79
1753547017181,16:23:37.181,ADA/USDT:USDT,0.8358,903.14,0.8357,1621.86,0.8359,1731.96,0.836,13740.79
1753547017207,16:23:37.207,ADA/USDT:USDT,0.8358,903.14,0.8357,2583.49,0.8359,554.93,0.836,13740.79
1753547017253,16:23:37.253,ADA/USDT:USDT,0.8358,1459.13,0.8357,2583.49,0.8359,554.93,0.836,13740.79
1753547017273,16:23:37.273,ADA/USDT:USDT,0.8358,1459.13,0.8357,2583.49,0.8359,554.93,0.836,1516.56
1753547017275,16:23:37.275,ADA/USDT:USDT,0.8358,1459.13,0.8357,2583.49,0.8359,554.93,0.836,554.93
1753547017295,16:23:37.295,ADA/USDT:USDT,0.8358,1459.13,0.8357,2583.49,0.836,554.93,0.8361,2881.56
1753547017318,16:23:37.318,ADA/USDT:USDT,0.8358,1459.13,0.8357,2583.49,0.836,554.93,0.8361,8993.64
1753547017365,16:23:37.365,ADA/USDT:USDT,0.8358,1459.13,0.8357,2583.49,0.836,554.93,0.8361,1920.04
1753547017422,16:23:37.422,ADA/USDT:USDT,0.8358,1459.13,0.8357,2583.49,0.836,554.93,0.8361,1920.04
1753547017475,16:23:37.475,ADA/USDT:USDT,0.8358,1459.13,0.8357,2583.49,0.836,554.93,0.8361,8032.12
1753547017530,16:23:37.530,ADA/USDT:USDT,0.8358,1459.13,0.8357,2583.49,0.836,554.93,0.8361,8032.12
1753547017804,16:23:37.804,ADA/USDT:USDT,0.8358,1459.13,0.8357,2583.49,0.836,554.93,0.8361,1920.04
1753547017852,16:23:37.852,ADA/USDT:USDT,0.8358,1459.13,0.8357,2583.49,0.836,554.93,0.8361,1920.04
1753547017895,16:23:37.895,ADA/USDT:USDT,0.8358,1459.13,0.8357,2583.49,0.836,554.93,0.8361,1920.04
1753547017947,16:23:37.947,ADA/USDT:USDT,0.8358,1459.13,0.8357,2583.49,0.836,554.93,0.8361,8031.81
1753547018063,16:23:38.063,ADA/USDT:USDT,0.8358,1459.13,0.8357,2583.49,0.836,554.93,0.8361,8031.81
1753547018499,16:23:38.499,ADA/USDT:USDT,0.8358,1459.13,0.8357,2583.49,0.836,554.93,0.8361,8031.81
1753547018499,16:23:38.499,ADA/USDT:USDT,0.8358,1459.13,0.8357,2583.49,0.836,1970.07,0.8361,8031.81
1753547018551,16:23:38.551,ADA/USDT:USDT,0.8358,1459.13,0.8357,2583.49,0.8359,555.99,0.836,1970.07
1753547018942,16:23:38.942,ADA/USDT:USDT,0.8358,1459.13,0.8357,2583.49,0.8359,555.99,0.836,8081.39
1753547018963,16:23:38.963,ADA/USDT:USDT,0.8358,1459.13,0.8357,2583.49,0.836,1970.07,0.8361,14141.2
1753547019070,16:23:39.070,ADA/USDT:USDT,0.8358,1459.13,0.8357,2583.49,0.836,1970.07,0.8361,15102.83
1753547019201,16:23:39.201,ADA/USDT:USDT,0.8358,1459.13,0.8357,2583.49,0.8359,555.99,0.836,1970.07
1753547019258,16:23:39.258,ADA/USDT:USDT,0.8358,1459.13,0.8357,2583.49,0.8359,555.99,0.836,1970.07
1753547019360,16:23:39.360,ADA/USDT:USDT,0.8358,1459.13,0.8357,2583.49,0.8359,555.99,0.836,8081.39
1753547019416,16:23:39.416,ADA/USDT:USDT,0.8358,1459.13,0.8357,2583.49,0.8359,555.99,0.836,14190.78
1753547019418,16:23:39.418,ADA/USDT:USDT,0.8358,1459.13,0.8357,2583.49,0.8359,555.99,0.836,14190.78
1753547019467,16:23:39.467,ADA/USDT:USDT,0.8358,1459.13,0.8357,2583.49,0.8359,555.99,0.836,14190.78
1753547019526,16:23:39.526,ADA/USDT:USDT,0.8358,1459.13,0.8357,2583.49,0.836,14190.78,0.8361,2881.67
1753547019549,16:23:39.549,ADA/USDT:USDT,0.8358,1459.13,0.8357,2583.49,0.836,1970.07,0.8361,8992.99
1753547019641,16:23:39.641,ADA/USDT:USDT,0.8358,1459.13,0.8357,2583.49,0.8359,555.99,0.836,1970.07
1753547019881,16:23:39.881,ADA/USDT:USDT,0.8358,1459.13,0.8357,2583.49,0.836,1970.07,0.8361,15101.93
1753547019941,16:23:39.941,ADA/USDT:USDT,0.8358,1459.13,0.8357,2583.49,0.836,554.93,0.8361,554.93
1753547019956,16:23:39.956,ADA/USDT:USDT,0.8358,1459.13,0.8357,2583.49,0.8361,554.93,0.8362,3227.85
1753547019968,16:23:39.968,ADA/USDT:USDT,0.8358,1459.13,0.8357,2583.49,0.8361,554.93,0.8362,9338.84
1753547020082,16:23:40.082,ADA/USDT:USDT,0.8358,1459.13,0.8357,2583.49,0.8361,554.93,0.8362,9338.84
1753547020113,16:23:40.113,ADA/USDT:USDT,0.8358,1459.13,0.8357,2583.49,0.8361,554.93,0.8362,9338.84
1753547020121,16:23:40.121,ADA/USDT:USDT,0.8358,1459.13,0.8357,2583.49,0.8361,554.93,0.8362,15447.78
1753547020176,16:23:40.176,ADA/USDT:USDT,0.8358,1459.13,0.8357,2583.49,0.8361,554.93,0.8362,16409.36
1753547020229,16:23:40.229,ADA/USDT:USDT,0.8359,966.1,0.8358,2776.34,0.8361,554.93,0.8362,16409.36
1753547020229,16:23:40.229,ADA/USDT:USDT,0.8359,966.1,0.8358,2776.34,0.8361,554.93,0.8362,16409.36
1753547020445,16:23:40.445,ADA/USDT:USDT,0.8359,966.1,0.8358,2776.34,0.8361,554.93,0.8362,16409.36
1753547020557,16:23:40.557,ADA/USDT:USDT,0.8359,1522.09,0.8358,2776.34,0.8361,554.93,0.8362,16409.36
1753547020624,16:23:40.624,ADA/USDT:USDT,0.8359,2436.03,0.8358,2776.34,0.8361,554.93,0.8362,16409.36
1753547020640,16:23:40.640,ADA/USDT:USDT,0.8359,1880.04,0.8358,2776.34,0.836,587.03,0.8361,554.93
1753547020662,16:23:40.662,ADA/USDT:USDT,0.8359,2436.03,0.8358,2776.34,0.836,555.99,0.8361,554.93
1753547020670,16:23:40.670,ADA/USDT:USDT,0.8359,1880.04,0.8358,2776.34,0.836,555.99,0.8361,554.93
1753547020724,16:23:40.724,ADA/USDT:USDT,0.8359,1880.04,0.8358,2776.34,0.836,555.99,0.8361,6664.6
1753547020779,16:23:40.779,ADA/USDT:USDT,0.8359,1880.04,0.8358,2776.34,0.836,555.99,0.8361,6664.6
1753547021033,16:23:41.033,ADA/USDT:USDT,0.8359,1880.04,0.8358,2776.34,0.836,555.99,0.8361,7626.06
1753547021636,16:23:41.636,ADA/USDT:USDT,0.8359,1880.04,0.8358,2776.34,0.836,555.99,0.8361,13733.89
1753547021678,16:23:41.678,ADA/USDT:USDT,0.8359,1880.04,0.8358,2776.34,0.836,555.99,0.8361,13733.89
1753547022027,16:23:42.027,ADA/USDT:USDT,0.8359,1880.04,0.8358,2776.34,0.836,555.99,0.8361,13733.89
1753547022345,16:23:42.345,ADA/USDT:USDT,0.8359,1880.04,0.8358,2776.34,0.836,555.99,0.8361,13733.89
1753547022387,16:23:42.387,ADA/USDT:USDT,0.8359,1880.04,0.8358,2776.34,0.836,555.99,0.8361,13733.89
1753547023034,16:23:43.034,ADA/USDT:USDT,0.8359,2436.03,0.8358,2776.34,0.836,555.99,0.8361,554.93
1753547023043,16:23:43.043,ADA/USDT:USDT,0.8359,2436.03,0.8358,2776.34,0.8361,554.93,0.8362,3227.85
1753547023073,16:23:43.073,ADA/USDT:USDT,0.8359,2436.03,0.8358,2776.34,0.8361,554.93,0.8362,9334.73
1753547023083,16:23:43.083,ADA/USDT:USDT,0.8359,2436.03,0.8358,2776.34,0.8361,554.93,0.8362,10296.25
1753547023183,16:23:43.183,ADA/USDT:USDT,0.8359,2436.03,0.8358,2776.34,0.8361,554.93,0.8362,16404.02
1753547023252,16:23:43.252,ADA/USDT:USDT,0.8359,1880.04,0.8358,2776.34,0.8361,554.93,0.8362,16404.02
1753547023289,16:23:43.289,ADA/USDT:USDT,0.8359,1880.04,0.8358,2776.34,0.8361,554.93,0.8362,16404.02
1753547023413,16:23:43.413,ADA/USDT:USDT,0.8359,2436.03,0.8358,2776.34,0.8361,554.93,0.8362,16404.02
1753547023564,16:23:43.564,ADA/USDT:USDT,0.8359,2436.03,0.8358,2776.34,0.8361,554.93,0.8362,16404.02
1753547023746,16:23:43.746,ADA/USDT:USDT,0.8359,1880.04,0.8358,2776.34,0.8361,554.93,0.8362,16404.02
1753547023815,16:23:43.815,ADA/USDT:USDT,0.8359,1880.04,0.8358,2776.34,0.8361,554.93,0.8362,16404.02
1753547023853,16:23:43.853,ADA/USDT:USDT,0.8359,1880.04,0.8358,2776.34,0.8361,554.93,0.8362,16404.02
1753547024090,16:23:44.090,ADA/USDT:USDT,0.8359,2436.03,0.8358,2776.34,0.8361,554.93,0.8362,16404.02
1753547024123,16:23:44.123,ADA/USDT:USDT,0.8359,1880.04,0.8358,2776.34,0.8361,554.93,0.8362,16404.02
1753547024654,16:23:44.654,ADA/USDT:USDT,0.8359,1880.04,0.8358,2776.34,0.8361,554.93,0.8362,9335.62
1753547024707,16:23:44.707,ADA/USDT:USDT,0.8359,1880.04,0.8358,2776.34,0.8361,554.93,0.8362,16404.75
1753547025028,16:23:45.028,ADA/USDT:USDT,0.8359,1880.04,0.8358,2776.34,0.8361,1697.0,0.8362,13713.7
1753547025047,16:23:45.047,ADA/USDT:USDT,0.8359,1880.04,0.8358,2776.34,0.836,555.99,0.8361,1697.0
1753547025080,16:23:45.080,ADA/USDT:USDT,0.8359,1880.04,0.8358,2776.34,0.836,1145.99,0.8361,13913.22
1753547025095,16:23:45.095,ADA/USDT:USDT,0.8359,1880.04,0.8358,2776.34,0.836,1733.02,0.8361,14874.68
1753547025098,16:23:45.098,ADA/USDT:USDT,0.8359,1880.04,0.8358,2776.34,0.836,555.99,0.8361,14874.68
1753547025800,16:23:45.800,ADA/USDT:USDT,0.8359,2436.03,0.8358,2776.34,0.836,555.99,0.8361,1697.0
1753547025839,16:23:45.839,ADA/USDT:USDT,0.8359,2436.03,0.8358,2776.34,0.8361,1697.0,0.8362,7606.81
1753547025849,16:23:45.849,ADA/USDT:USDT,0.8359,2436.03,0.8358,2776.34,0.8361,1697.0,0.8362,6643.89
1753547025922,16:23:45.922,ADA/USDT:USDT,0.8359,2436.03,0.8358,2776.34,0.8361,3177.27,0.8362,536.8
1753547025982,16:23:45.982,ADA/USDT:USDT,0.8359,1469.93,0.8358,2776.34,0.8361,3177.27,0.8362,536.8
1753547026000,16:23:46.000,ADA/USDT:USDT,0.8359,1469.93,0.8358,2776.34,0.8361,3177.27,0.8362,6643.89
1753547026011,16:23:46.011,ADA/USDT:USDT,0.8359,1469.93,0.8358,2776.34,0.8361,3177.27,0.8362,12752.98
1753547026060,16:23:46.060,ADA/USDT:USDT,0.8359,1469.93,0.8358,2776.34,0.8362,6891.77,0.8363,14929.07
1753547026073,16:23:46.073,ADA/USDT:USDT,0.8359,1469.93,0.8358,2776.34,0.8362,555.99,0.8363,8821.98
1753547026086,16:23:46.086,ADA/USDT:USDT,0.836,555.99,0.8359,1469.93,0.8362,555.99,0.8363,8821.98
1753547026183,16:23:46.183,ADA/USDT:USDT,0.8359,1469.93,0.8358,2776.34,0.8362,555.99,0.8363,8821.98
1753547026411,16:23:46.411,ADA/USDT:USDT,0.8359,1469.93,0.8358,2776.34,0.8362,555.99,0.8363,8821.98
1753547026648,16:23:46.648,ADA/USDT:USDT,0.8359,1469.93,0.8358,2776.34,0.8362,555.99,0.8363,8821.98
1753547026774,16:23:46.774,ADA/USDT:USDT,0.8359,1469.93,0.8358,2776.34,0.8362,1252.22,0.8363,8821.98
1753547026921,16:23:46.921,ADA/USDT:USDT,0.836,562.78,0.8359,1469.93,0.8362,1252.22,0.8363,8821.98
1753547027143,16:23:47.143,ADA/USDT:USDT,0.8359,1469.93,0.8358,2776.34,0.8362,1252.22,0.8363,8821.98
1753547027233,16:23:47.233,ADA/USDT:USDT,0.8359,1469.92,0.8358,2776.34,0.8362,1252.22,0.8363,8821.98
1753547027516,16:23:47.516,ADA/USDT:USDT,0.836,562.78,0.8359,1469.92,0.8362,1252.22,0.8363,8821.98
1753547028010,16:23:48.010,ADA/USDT:USDT,0.836,562.78,0.8359,1469.92,0.8362,1252.22,0.8363,8821.98
1753547028031,16:23:48.031,ADA/USDT:USDT,0.836,562.78,0.8359,1469.92,0.8362,1252.22,0.8363,8821.98
1753547028036,16:23:48.036,ADA/USDT:USDT,0.836,562.78,0.8359,1469.92,0.8362,1252.22,0.8363,8821.98
1753547028535,16:23:48.535,ADA/USDT:USDT,0.836,562.78,0.8359,1469.92,0.8362,1252.22,0.8363,8821.98
1753547028544,16:23:48.544,ADA/USDT:USDT,0.836,562.78,0.8359,1469.92,0.8362,1252.22,0.8363,8821.98
1753547028912,16:23:48.912,ADA/USDT:USDT,0.836,562.78,0.8359,1469.92,0.8362,1252.22,0.8363,8821.98
1753547029243,16:23:49.243,ADA/USDT:USDT,0.8359,1469.92,0.8358,2776.34,0.8362,1252.22,0.8363,8821.98
1753547029318,16:23:49.318,ADA/USDT:USDT,0.8359,1469.92,0.8358,2776.34,0.8362,1252.22,0.8363,8821.98
1753547029538,16:23:49.538,ADA/USDT:USDT,0.836,562.78,0.8359,1469.92,0.8362,1252.22,0.8363,8821.98
1753547029562,16:23:49.562,ADA/USDT:USDT,0.836,562.78,0.8359,7578.49,0.8362,1252.22,0.8363,8821.98
1753547029562,16:23:49.562,ADA/USDT:USDT,0.836,562.78,0.8359,8539.84,0.8362,1252.22,0.8363,8821.98
1753547029619,16:23:49.619,ADA/USDT:USDT,0.836,562.78,0.8359,8539.84,0.8362,1252.22,0.8363,8821.98
1753547029691,16:23:49.691,ADA/USDT:USDT,0.836,562.78,0.8359,8539.84,0.8362,1252.22,0.8363,8821.98
1753547029724,16:23:49.724,ADA/USDT:USDT,0.836,562.78,0.8359,8539.84,0.8362,1252.22,0.8363,8821.98
1753547030022,16:23:50.022,ADA/USDT:USDT,0.8359,8539.84,0.8358,3737.69,0.8362,1252.22,0.8363,8821.98
1753547030066,16:23:50.066,ADA/USDT:USDT,0.8359,1469.92,0.8358,3737.69,0.8362,1252.22,0.8363,8821.98
1753547030092,16:23:50.092,ADA/USDT:USDT,0.8359,1469.92,0.8358,3737.69,0.8362,1252.22,0.8363,8821.98
1753547030121,16:23:50.121,ADA/USDT:USDT,0.8359,1469.92,0.8358,3737.69,0.8362,1252.22,0.8363,8821.98
1753547030276,16:23:50.276,ADA/USDT:USDT,0.836,562.78,0.8359,1469.92,0.8362,1252.22,0.8363,8821.98
1753547030324,16:23:50.324,ADA/USDT:USDT,0.836,562.78,0.8359,2431.27,0.8362,1252.22,0.8363,8821.98
1753547030364,16:23:50.364,ADA/USDT:USDT,0.836,562.78,0.8359,8539.84,0.8362,1252.22,0.8363,8821.98
1753547030422,16:23:50.422,ADA/USDT:USDT,0.836,562.78,0.8359,8539.84,0.8362,1252.22,0.8363,8821.98
1753547030465,16:23:50.465,ADA/USDT:USDT,0.836,562.78,0.8359,8539.84,0.8362,1252.22,0.8363,8821.98
1753547030465,16:23:50.465,ADA/USDT:USDT,0.836,562.78,0.8359,8539.84,0.8362,1252.22,0.8363,8821.98
1753547030723,16:23:50.723,ADA/USDT:USDT,0.836,562.78,0.8359,8539.84,0.8362,1252.22,0.8363,1751.54
1753547030875,16:23:50.875,ADA/USDT:USDT,0.836,562.78,0.8359,8539.84,0.8362,1252.22,0.8363,7862.27
1753547030890,16:23:50.890,ADA/USDT:USDT,0.836,562.78,0.8359,8539.84,0.8362,1252.22,0.8363,7862.27
1753547030940,16:23:50.940,ADA/USDT:USDT,0.836,2020.49,0.8359,9372.47,0.8362,1252.22,0.8363,7862.27
1753547030969,16:23:50.969,ADA/USDT:USDT,0.8361,562.78,0.836,2020.49,0.8362,1252.22,0.8363,7862.27
1753547031021,16:23:51.021,ADA/USDT:USDT,0.8361,562.78,0.836,2020.49,0.8362,1252.22,0.8363,7862.27
1753547031021,16:23:51.021,ADA/USDT:USDT,0.8361,562.78,0.836,2020.49,0.8362,1252.22,0.8363,7862.27
1753547031085,16:23:51.085,ADA/USDT:USDT,0.8361,562.78,0.836,2020.49,0.8362,1252.22,0.8363,1751.54
1753547031202,16:23:51.202,ADA/USDT:USDT,0.836,2981.84,0.8359,9372.47,0.8362,1252.22,0.8363,8821.76
1753547031210,16:23:51.210,ADA/USDT:USDT,0.836,2020.49,0.8359,9372.47,0.8362,1252.22,0.8363,8821.76
1753547031229,16:23:51.229,ADA/USDT:USDT,0.836,1457.71,0.8359,9372.47,0.8362,1252.22,0.8363,8821.76
1753547031251,16:23:51.251,ADA/USDT:USDT,0.836,1457.71,0.8359,9372.47,0.8362,1252.22,0.8363,8821.76
1753547031279,16:23:51.279,ADA/USDT:USDT,0.836,2020.49,0.8359,9372.47,0.8362,1252.22,0.8363,8821.76
1753547031664,16:23:51.664,ADA/USDT:USDT,0.8361,562.78,0.836,2020.49,0.8362,1252.22,0.8363,8821.76
1753547031706,16:23:51.706,ADA/USDT:USDT,0.8361,562.78,0.836,2981.84,0.8362,1252.22,0.8363,8821.76
1753547031910,16:23:51.910,ADA/USDT:USDT,0.836,2981.84,0.8359,9372.47,0.8362,1252.22,0.8363,8821.76
1753547031933,16:23:51.933,ADA/USDT:USDT,0.836,2020.49,0.8359,9372.47,0.8362,1252.22,0.8363,8821.76
1753547032365,16:23:52.365,ADA/USDT:USDT,0.8361,562.78,0.836,2020.49,0.8362,1252.22,0.8363,1751.54
1753547032396,16:23:52.396,ADA/USDT:USDT,0.8361,562.78,0.836,2020.49,0.8362,1252.22,0.8363,1751.54
1753547032449,16:23:52.449,ADA/USDT:USDT,0.8361,562.78,0.836,2020.49,0.8362,1252.22,0.8363,7861.23
1753547032501,16:23:52.501,ADA/USDT:USDT,0.8361,562.78,0.836,2020.49,0.8362,1252.22,0.8363,7861.23
1753547032584,16:23:52.584,ADA/USDT:USDT,0.8361,562.78,0.836,8127.96,0.8362,1252.22,0.8363,7861.23
1753547032636,16:23:52.636,ADA/USDT:USDT,0.8361,562.78,0.836,8127.96,0.8362,1252.22,0.8363,7861.23
1753547032688,16:23:52.688,ADA/USDT:USDT,0.8361,562.78,0.836,8127.96,0.8362,1252.22,0.8363,7861.23
1753547032841,16:23:52.841,ADA/USDT:USDT,0.8361,562.78,0.836,8127.96,0.8362,696.23,0.8363,1751.54
1753547032858,16:23:52.858,ADA/USDT:USDT,0.8361,562.78,0.836,8127.96,0.8362,696.23,0.8363,1751.54
1753547032865,16:23:52.865,ADA/USDT:USDT,0.8361,562.78,0.836,8127.96,0.8362,696.23,0.8363,1751.54
1753547033013,16:23:53.013,ADA/USDT:USDT,0.8361,562.78,0.836,8127.96,0.8362,696.23,0.8363,1751.54
1753547033052,16:23:53.052,ADA/USDT:USDT,0.8361,562.78,0.836,8127.96,0.8362,1259.01,0.8363,1751.54
1753547033074,16:23:53.074,ADA/USDT:USDT,0.8361,562.78,0.836,8127.96,0.8362,1259.01,0.8363,7861.23
1753547033127,16:23:53.127,ADA/USDT:USDT,0.8361,562.78,0.836,8127.96,0.8362,1259.01,0.8363,7861.23
1753547033480,16:23:53.480,ADA/USDT:USDT,0.836,8127.96,0.8359,3263.9,0.8362,1259.01,0.8363,7861.23
1753547033518,16:23:53.518,ADA/USDT:USDT,0.836,2020.49,0.8359,3263.9,0.8362,1259.01,0.8363,7861.23
1753547033556,16:23:53.556,ADA/USDT:USDT,0.836,2020.49,0.8359,3263.9,0.8361,587.03,0.8362,1259.01
1753547033580,16:23:53.580,ADA/USDT:USDT,0.836,2020.49,0.8359,3263.9,0.8361,562.78,0.8362,7367.2
1753547033651,16:23:53.651,ADA/USDT:USDT,0.836,2020.49,0.8359,3263.9,0.8361,562.78,0.8362,7367.2
1753547033755,16:23:53.755,ADA/USDT:USDT,0.836,2020.49,0.8359,3263.9,0.8361,562.78,0.8362,1259.01
1753547033808,16:23:53.808,ADA/USDT:USDT,0.836,2020.49,0.8359,3263.9,0.8362,1259.01,0.8363,7859.73
1753547033846,16:23:53.846,ADA/USDT:USDT,0.836,2020.49,0.8359,3263.9,0.8362,1259.01,0.8363,7859.73
1753547033919,16:23:53.919,ADA/USDT:USDT,0.836,2020.49,0.8359,3263.9,0.8362,1259.01,0.8363,7859.73
1753547033970,16:23:53.970,ADA/USDT:USDT,0.836,2020.49,0.8359,3263.9,0.8362,1259.01,0.8363,8821.13
1753547034033,16:23:54.033,ADA/USDT:USDT,0.836,2020.49,0.8359,3263.9,0.8362,1259.01,0.8363,1751.54
1753547034073,16:23:54.073,ADA/USDT:USDT,0.8361,562.78,0.836,2020.49,0.8362,1259.01,0.8363,1751.54
1753547034120,16:23:54.120,ADA/USDT:USDT,0.8361,562.78,0.836,2020.49,0.8362,1259.01,0.8363,7859.73
1753547034172,16:23:54.172,ADA/USDT:USDT,0.8361,562.78,0.836,2020.49,0.8362,1259.01,0.8363,1751.54
1753547034193,16:23:54.193,ADA/USDT:USDT,0.8361,562.78,0.836,8128.75,0.8362,1259.01,0.8363,1751.54
1753547034225,16:23:54.225,ADA/USDT:USDT,0.8361,562.78,0.836,9090.15,0.8362,1259.01,0.8363,8821.13
1753547034265,16:23:54.265,ADA/USDT:USDT,0.8361,562.78,0.836,9090.15,0.8362,1259.01,0.8363,7859.73
1753547034279,16:23:54.279,ADA/USDT:USDT,0.8361,562.78,0.836,9090.15,0.8362,1259.01,0.8363,7859.73
1753547034303,16:23:54.303,ADA/USDT:USDT,0.8361,562.78,0.836,9090.15,0.8362,1259.01,0.8363,1751.54
1753547034332,16:23:54.332,ADA/USDT:USDT,0.8361,562.78,0.836,9090.15,0.8362,1259.01,0.8363,8820.03
1753547034472,16:23:54.472,ADA/USDT:USDT,0.8361,562.78,0.836,9090.15,0.8362,1259.01,0.8363,7858.63
1753547034523,16:23:54.523,ADA/USDT:USDT,0.8361,562.78,0.836,9090.15,0.8362,1259.01,0.8363,8820.03
1753547035023,16:23:55.023,ADA/USDT:USDT,0.836,2020.49,0.8359,3263.9,0.8362,1259.01,0.8363,8820.03
1753547035097,16:23:55.097,ADA/USDT:USDT,0.836,2020.49,0.8359,9370.67,0.8362,1259.01,0.8363,8820.03
1753547035173,16:23:55.173,ADA/USDT:USDT,0.8361,562.78,0.836,2020.49,0.8362,1259.01,0.8363,8820.03
1753547035206,16:23:55.206,ADA/USDT:USDT,0.8361,562.78,0.836,2981.78,0.8362,1259.01,0.8363,8820.03
1753547035260,16:23:55.260,ADA/USDT:USDT,0.8361,562.78,0.836,9088.55,0.8362,1259.01,0.8363,8820.03
1753547035267,16:23:55.267,ADA/USDT:USDT,0.8361,562.78,0.836,9088.55,0.8362,1259.01,0.8363,8820.03
1753547035332,16:23:55.332,ADA/USDT:USDT,0.8361,562.78,0.836,9088.55,0.8362,1259.01,0.8363,8820.03
1753547035352,16:23:55.352,ADA/USDT:USDT,0.8361,562.78,0.836,9088.55,0.8362,1259.01,0.8363,8820.03
1753547035387,16:23:55.387,ADA/USDT:USDT,0.836,9088.55,0.8359,3263.9,0.8362,1259.01,0.8363,8820.03
1753547035408,16:23:55.408,ADA/USDT:USDT,0.836,2020.49,0.8359,3263.9,0.8362,1259.01,0.8363,8820.03
1753547035813,16:23:55.813,ADA/USDT:USDT,0.836,2020.49,0.8359,9371.47,0.8362,1259.01,0.8363,8820.03
1753547035907,16:23:55.907,ADA/USDT:USDT,0.836,2020.49,0.8359,9371.47,0.8362,1259.01,0.8363,8820.03
1753547036011,16:23:56.011,ADA/USDT:USDT,0.8361,562.78,0.836,2020.49,0.8362,1259.01,0.8363,8820.03
1753547036111,16:23:56.111,ADA/USDT:USDT,0.8361,562.78,0.836,2020.49,0.8362,1259.01,0.8363,8820.03
1753547036149,16:23:56.149,ADA/USDT:USDT,0.8361,562.78,0.836,2020.49,0.8362,1259.01,0.8363,8820.03
1753547036335,16:23:56.335,ADA/USDT:USDT,0.8361,562.78,0.836,2981.84,0.8362,1259.01,0.8363,8820.03
1753547036444,16:23:56.444,ADA/USDT:USDT,0.8361,562.78,0.836,2981.84,0.8362,1259.01,0.8363,8820.03
1753547036606,16:23:56.606,ADA/USDT:USDT,0.836,2981.84,0.8359,9371.47,0.8362,1259.01,0.8363,8820.03
1753547036652,16:23:56.652,ADA/USDT:USDT,0.836,2020.49,0.8359,9371.47,0.8362,1259.01,0.8363,8820.03
1753547037383,16:23:57.383,ADA/USDT:USDT,0.836,2020.49,0.8359,9371.47,0.8362,1259.01,0.8363,8820.03
1753547037420,16:23:57.420,ADA/USDT:USDT,0.836,2020.49,0.8359,9371.47,0.8362,1259.01,0.8363,8820.03
1753547037929,16:23:57.929,ADA/USDT:USDT,0.836,2020.49,0.8359,9371.47,0.8362,1259.01,0.8363,8820.03
1753547037956,16:23:57.956,ADA/USDT:USDT,0.836,2020.49,0.8359,9371.47,0.8362,1259.01,0.8363,8820.03
1753547038190,16:23:58.190,ADA/USDT:USDT,0.8361,2060.45,0.836,2020.49,0.8363,1202.91,0.8364,1480.25
1753547038200,16:23:58.200,ADA/USDT:USDT,0.8362,546.72,0.8361,2060.45,0.8363,1749.63,0.8364,1480.25
1753547038213,16:23:58.213,ADA/USDT:USDT,0.8362,1310.29,0.8361,2060.45,0.8363,1749.63,0.8364,1480.25
1753547038248,16:23:58.248,ADA/USDT:USDT,0.8362,546.72,0.8361,546.72,0.8363,1749.63,0.8364,1480.25
1753547038251,16:23:58.251,ADA/USDT:USDT,0.8362,546.72,0.8361,546.72,0.8363,1749.63,0.8364,1480.25
1753547038298,16:23:58.298,ADA/USDT:USDT,0.8361,546.72,0.836,2020.49,0.8363,1749.63,0.8364,7585.79
1753547038320,16:23:58.320,ADA/USDT:USDT,0.8361,546.72,0.836,2020.49,0.8363,1749.63,0.8364,7585.79
1753547038352,16:23:58.352,ADA/USDT:USDT,0.8361,546.72,0.836,2945.03,0.8363,1749.63,0.8364,7585.79
1753547038366,16:23:58.366,ADA/USDT:USDT,0.8361,546.72,0.836,2945.03,0.8363,1749.63,0.8364,7585.79
1753547038485,16:23:58.485,ADA/USDT:USDT,0.8361,546.72,0.836,2945.03,0.8363,1749.63,0.8364,7585.79
1753547038624,16:23:58.624,ADA/USDT:USDT,0.8361,546.72,0.836,2945.03,0.8363,1749.63,0.8364,1480.25
1753547038665,16:23:58.665,ADA/USDT:USDT,0.8361,546.72,0.836,2945.03,0.8363,1749.63,0.8364,7584.66
1753547039026,16:23:59.026,ADA/USDT:USDT,0.8361,546.72,0.836,2945.03,0.8363,1749.63,0.8364,7584.66
1753547039466,16:23:59.466,ADA/USDT:USDT,0.8361,546.72,0.836,2945.03,0.8363,546.72,0.8364,7584.66
1753547039807,16:23:59.807,ADA/USDT:USDT,0.8361,546.72,0.836,3906.26,0.8363,546.72,0.8364,7584.66
1753547039857,16:23:59.857,ADA/USDT:USDT,0.8361,546.72,0.836,3906.26,0.8363,546.72,0.8364,8545.89
1753547039863,16:23:59.863,ADA/USDT:USDT,0.8361,546.72,0.836,3906.26,0.8363,546.72,0.8364,1480.25
1753547039922,16:23:59.922,ADA/USDT:USDT,0.8361,546.72,0.836,3906.26,0.8363,546.72,0.8364,1480.25
1753547040017,16:24:00.017,ADA/USDT:USDT,0.8361,546.72,0.836,3906.26,0.8363,546.72,0.8364,1480.25
1753547040058,16:24:00.058,ADA/USDT:USDT,0.8361,546.72,0.836,3906.26,0.8363,546.72,0.8364,1480.25
1753547040064,16:24:00.064,ADA/USDT:USDT,0.8361,546.72,0.836,3906.26,0.8363,546.72,0.8364,1480.25
1753547040128,16:24:00.128,ADA/USDT:USDT,0.8361,546.72,0.836,3906.26,0.8363,546.72,0.8364,1480.25
1753547040159,16:24:00.159,ADA/USDT:USDT,0.8361,546.72,0.836,3906.26,0.8363,546.72,0.8364,1480.25
1753547040237,16:24:00.237,ADA/USDT:USDT,0.8361,546.72,0.836,3906.26,0.8364,1480.25,0.8365,2518.18
1753547040253,16:24:00.253,ADA/USDT:USDT,0.8361,546.72,0.836,3906.26,0.8364,1480.25,0.8365,2518.18
1753547040278,16:24:00.278,ADA/USDT:USDT,0.8361,546.72,0.836,3906.26,0.8364,1480.25,0.8365,2518.18
1753547040602,16:24:00.602,ADA/USDT:USDT,0.8361,546.72,0.836,3906.26,0.8364,1480.25,0.8365,8621.51
1753547040653,16:24:00.653,ADA/USDT:USDT,0.8361,546.72,0.836,3906.26,0.8364,1480.25,0.8365,8621.51
1753547040876,16:24:00.876,ADA/USDT:USDT,0.8361,546.72,0.836,10010.86,0.8364,1480.25,0.8365,9582.68
1753547041027,16:24:01.027,ADA/USDT:USDT,0.8361,546.72,0.836,10010.86,0.8364,1480.25,0.8365,8621.51
1753547041115,16:24:01.115,ADA/USDT:USDT,0.8361,546.72,0.836,10010.86,0.8364,1480.25,0.8365,9582.68
1753547041339,16:24:01.339,ADA/USDT:USDT,0.8362,1408.72,0.8361,1795.9,0.8364,1480.25,0.8365,9582.68
1753547041349,16:24:01.349,ADA/USDT:USDT,0.8362,1955.44,0.8361,8861.67,0.8364,1480.25,0.8365,9582.68
1753547041380,16:24:01.380,ADA/USDT:USDT,0.8362,1955.44,0.8361,8861.67,0.8364,1480.25,0.8365,9582.68
1753547041435,16:24:01.435,ADA/USDT:USDT,0.8362,1955.44,0.8361,8861.67,0.8364,1480.25,0.8365,2518.18
1753547041487,16:24:01.487,ADA/USDT:USDT,0.8362,1955.44,0.8361,8861.67,0.8364,1480.25,0.8365,8621.51
1753547041518,16:24:01.518,ADA/USDT:USDT,0.8362,1955.44,0.8361,8861.67,0.8364,1480.25,0.8365,9582.68
1753547041596,16:24:01.596,ADA/USDT:USDT,0.8362,1955.44,0.8361,8861.67,0.8364,1480.25,0.8365,9582.68
1753547042040,16:24:02.040,ADA/USDT:USDT,0.8362,546.72,0.8361,8861.67,0.8364,1480.25,0.8365,9582.68
1753547043274,16:24:03.274,ADA/USDT:USDT,0.8362,546.72,0.8361,8861.67,0.8364,1480.25,0.8365,9582.68
1753547043428,16:24:03.428,ADA/USDT:USDT,0.8362,546.72,0.8361,8861.67,0.8364,1480.25,0.8365,9582.68
1753547043713,16:24:03.713,ADA/USDT:USDT,0.8362,546.72,0.8361,8861.67,0.8364,1480.25,0.8365,9582.68
1753547043740,16:24:03.740,ADA/USDT:USDT,0.8362,546.72,0.8361,8861.67,0.8364,1480.25,0.8365,9582.68
1753547044092,16:24:04.092,ADA/USDT:USDT,0.8362,546.72,0.8361,8861.67,0.8364,572.17,0.8365,3603.33
1753547044105,16:24:04.105,ADA/USDT:USDT,0.8362,546.72,0.8361,8861.67,0.8364,10.13,0.8365,2642.16
1753547044132,16:24:04.132,ADA/USDT:USDT,0.8362,546.72,0.8361,8861.67,0.8364,10.13,0.8365,2642.16
1753547044159,16:24:04.159,ADA/USDT:USDT,0.8362,546.72,0.8361,8861.67,0.8364,10.13,0.8365,2642.16
1753547044193,16:24:04.193,ADA/USDT:USDT,0.8362,546.72,0.8361,8861.67,0.8364,556.85,0.8365,2642.16
1753547044271,16:24:04.271,ADA/USDT:USDT,0.8362,546.72,0.8361,8861.67,0.8364,10.13,0.8365,2642.16
1753547044298,16:24:04.298,ADA/USDT:USDT,0.8362,546.72,0.8361,8861.67,0.8364,556.85,0.8365,2642.16
1753547044442,16:24:04.442,ADA/USDT:USDT,0.8362,546.72,0.8361,8861.67,0.8364,556.85,0.8365,1953.69
1753547044538,16:24:04.538,ADA/USDT:USDT,0.8362,546.72,0.8361,8861.67,0.8364,556.85,0.8365,1953.69
1753547044689,16:24:04.689,ADA/USDT:USDT,0.8362,546.72,0.8361,8861.67,0.8364,556.85,0.8365,1953.69
1753547044865,16:24:04.865,ADA/USDT:USDT,0.8362,546.72,0.8361,8861.67,0.8364,556.85,0.8365,1953.69
1753547045032,16:24:05.032,ADA/USDT:USDT,0.8362,546.72,0.8361,8861.67,0.8364,556.85,0.8365,1953.69
1753547045048,16:24:05.048,ADA/USDT:USDT,0.8362,546.72,0.8361,8861.67,0.8364,556.85,0.8365,1953.69
1753547045061,16:24:05.061,ADA/USDT:USDT,0.8362,546.72,0.8361,8861.67,0.8364,556.85,0.8365,1953.69
1753547045153,16:24:05.153,ADA/USDT:USDT,0.8362,546.72,0.8361,8861.67,0.8364,556.85,0.8365,1953.69
1753547045775,16:24:05.775,ADA/USDT:USDT,0.8362,546.72,0.8361,8861.67,0.8364,10.13,0.8365,1953.69
1753547045798,16:24:05.798,ADA/USDT:USDT,0.8362,546.72,0.8361,8861.67,0.8364,10.13,0.8365,1391.65
1753547045834,16:24:05.834,ADA/USDT:USDT,0.8362,546.72,0.8361,8861.67,0.8364,10.13,0.8365,1938.37
1753547045887,16:24:05.887,ADA/USDT:USDT,0.8362,546.72,0.8361,8861.67,0.8364,10.13,0.8365,1938.37
1753547046014,16:24:06.014,ADA/USDT:USDT,0.8362,546.72,0.8361,8861.67,0.8364,10.13,0.8365,1938.37
1753547046028,16:24:06.028,ADA/USDT:USDT,0.8362,546.72,0.8361,8861.67,0.8364,10.13,0.8365,1938.37
1753547046057,16:24:06.057,ADA/USDT:USDT,0.8362,546.72,0.8361,8861.67,0.8364,556.85,0.8365,1938.37
1753547046062,16:24:06.062,ADA/USDT:USDT,0.8362,546.72,0.8361,8861.67,0.8364,10.13,0.8365,1938.37
1753547046097,16:24:06.097,ADA/USDT:USDT,0.8362,546.72,0.8361,8861.67,0.8364,10.13,0.8365,1938.37
1753547046201,16:24:06.201,ADA/USDT:USDT,0.8362,546.72,0.8361,8861.67,0.8364,10.13,0.8365,1938.37
1753547046644,16:24:06.644,ADA/USDT:USDT,0.8362,546.72,0.8361,8861.67,0.8364,10.13,0.8365,1938.37
1753547047567,16:24:07.567,ADA/USDT:USDT,0.8362,546.72,0.8361,8861.67,0.8364,568.05,0.8365,1938.37
1753547047842,16:24:07.842,ADA/USDT:USDT,0.8362,546.72,0.8361,8861.67,0.8364,568.05,0.8365,1938.37
1753547047869,16:24:07.869,ADA/USDT:USDT,0.8362,546.72,0.8361,8861.67,0.8364,568.05,0.8365,1938.37
1753547047920,16:24:07.920,ADA/USDT:USDT,0.8362,546.72,0.8361,8861.67,0.8364,568.05,0.8365,1938.37
1753547048007,16:24:08.007,ADA/USDT:USDT,0.8362,546.72,0.8361,8861.67,0.8364,568.05,0.8365,1938.37
1753547048039,16:24:08.039,ADA/USDT:USDT,0.8362,546.72,0.8361,8861.67,0.8364,568.05,0.8365,1938.37
1753547048133,16:24:08.133,ADA/USDT:USDT,0.8362,546.72,0.8361,8861.67,0.8364,568.05,0.8365,1938.37
1753547048163,16:24:08.163,ADA/USDT:USDT,0.8362,546.72,0.8361,8861.67,0.8364,568.05,0.8365,1938.37
1753547048183,16:24:08.183,ADA/USDT:USDT,0.8362,546.72,0.8361,8861.67,0.8364,568.05,0.8365,1938.37
1753547048364,16:24:08.364,ADA/USDT:USDT,0.8362,546.72,0.8361,8861.67,0.8364,568.05,0.8365,2899.49
1753547048396,16:24:08.396,ADA/USDT:USDT,0.8362,546.72,0.8361,8861.67,0.8364,568.05,0.8365,9003.45
1753547048505,16:24:08.505,ADA/USDT:USDT,0.8362,546.72,0.8361,8861.67,0.8364,568.05,0.8365,9003.45
1753547048541,16:24:08.541,ADA/USDT:USDT,0.8362,546.72,0.8361,8861.67,0.8364,568.05,0.8365,2899.49
1753547048550,16:24:08.550,ADA/USDT:USDT,0.8362,546.72,0.8361,8861.67,0.8364,568.05,0.8365,1938.37
1753547048705,16:24:08.705,ADA/USDT:USDT,0.8362,546.72,0.8361,8861.67,0.8364,568.05,0.8365,1938.37
1753547048718,16:24:08.718,ADA/USDT:USDT,0.8363,916.47,0.8362,546.72,0.8364,10.13,0.8365,1938.37
1753547048759,16:24:08.759,ADA/USDT:USDT,0.8363,1474.39,0.8362,7613.09,0.8364,10.13,0.8365,1938.37
1753547048766,16:24:08.766,ADA/USDT:USDT,0.8363,1474.39,0.8362,7613.09,0.8364,10.13,0.8365,2899.49
1753547048825,16:24:08.825,ADA/USDT:USDT,0.8363,1474.39,0.8362,7613.09,0.8364,10.13,0.8365,1938.37
1753547049112,16:24:09.112,ADA/USDT:USDT,0.8363,1474.39,0.8362,7613.09,0.8364,10.13,0.8365,1938.37
1753547049220,16:24:09.220,ADA/USDT:USDT,0.8363,1474.39,0.8362,7613.09,0.8364,10.13,0.8365,1938.37
1753547049240,16:24:09.240,ADA/USDT:USDT,0.8363,1474.39,0.8362,7613.09,0.8364,10.13,0.8365,1938.37
1753547049283,16:24:09.283,ADA/USDT:USDT,0.8363,1474.39,0.8362,7613.09,0.8364,10.13,0.8365,1938.37
1753547049360,16:24:09.360,ADA/USDT:USDT,0.8363,1474.39,0.8362,7613.09,0.8364,568.05,0.8365,1938.37
1753547049409,16:24:09.409,ADA/USDT:USDT,0.8363,1474.39,0.8362,7613.09,0.8364,568.04,0.8365,1938.37
1753547049571,16:24:09.571,ADA/USDT:USDT,0.8363,1474.39,0.8362,7613.09,0.8364,568.04,0.8365,2899.43
1753547049596,16:24:09.596,ADA/USDT:USDT,0.8363,1474.39,0.8362,7613.09,0.8364,568.04,0.8365,9001.86
1753547049658,16:24:09.658,ADA/USDT:USDT,0.8363,1474.39,0.8362,7613.09,0.8364,568.04,0.8365,9001.86
1753547049665,16:24:09.665,ADA/USDT:USDT,0.8363,1474.39,0.8362,7613.09,0.8364,568.04,0.8365,9001.86
1753547049721,16:24:09.721,ADA/USDT:USDT,0.8363,1474.39,0.8362,7613.09,0.8364,568.04,0.8365,8040.8
1753547049805,16:24:09.805,ADA/USDT:USDT,0.8363,1474.39,0.8362,7613.09,0.8364,568.04,0.8365,2899.43
1753547049822,16:24:09.822,ADA/USDT:USDT,0.8363,1474.39,0.8362,7613.09,0.8364,568.04,0.8365,1938.37
1753547051031,16:24:11.031,ADA/USDT:USDT,0.8363,1474.39,0.8362,7613.09,0.8364,568.04,0.8365,2899.43
1753547051040,16:24:11.040,ADA/USDT:USDT,0.8363,1474.39,0.8362,7613.09,0.8364,568.04,0.8365,1938.37
1753547051494,16:24:11.494,ADA/USDT:USDT,0.8363,1465.39,0.8362,7613.09,0.8364,568.04,0.8365,1938.37
1753547051756,16:24:11.756,ADA/USDT:USDT,0.8363,1465.39,0.8362,7613.09,0.8364,10.12,0.8365,1938.37
1753547051794,16:24:11.794,ADA/USDT:USDT,0.8363,1465.39,0.8362,7613.09,0.8364,10.12,0.8365,1938.37
1753547052037,16:24:12.037,ADA/USDT:USDT,0.8363,1465.39,0.8362,7613.09,0.8364,568.04,0.8365,1938.37
1753547052049,16:24:12.049,ADA/USDT:USDT,0.8363,1465.39,0.8362,7613.09,0.8364,568.04,0.8365,1938.37
1753547052087,16:24:12.087,ADA/USDT:USDT,0.8363,1465.39,0.8362,7613.09,0.8364,568.04,0.8365,1938.37
1753547052162,16:24:12.162,ADA/USDT:USDT,0.8363,1465.39,0.8362,7613.09,0.8364,568.04,0.8365,1938.37
1753547052318,16:24:12.318,ADA/USDT:USDT,0.8363,1465.39,0.8362,8850.59,0.8364,10.12,0.8365,546.72
1753547052339,16:24:12.339,ADA/USDT:USDT,0.8363,13965.39,0.8362,8850.59,0.8364,10.12,0.8365,546.72
1753547052359,16:24:12.359,ADA/USDT:USDT,0.8363,13965.39,0.8362,8850.59,0.8364,10.12,0.8365,546.72
1753547052370,16:24:12.370,ADA/USDT:USDT,0.8363,13965.39,0.8362,8850.59,0.8364,10.12,0.8365,546.72
1753547052398,16:24:12.398,ADA/USDT:USDT,0.8363,13965.39,0.8362,8850.59,0.8364,10.12,0.8365,546.72
1753547052406,16:24:12.406,ADA/USDT:USDT,0.8363,13965.39,0.8362,8850.59,0.8364,10.12,0.8365,546.72
1753547052772,16:24:12.772,ADA/USDT:USDT,0.8363,13965.39,0.8362,8850.59,0.8364,10.12,0.8365,546.72
1753547052797,16:24:12.797,ADA/USDT:USDT,0.8363,13965.39,0.8362,8850.59,0.8364,10.12,0.8365,546.72
1753547053597,16:24:13.597,ADA/USDT:USDT,0.8363,13965.39,0.8362,8850.59,0.8364,10.12,0.8365,546.72
1753547053674,16:24:13.674,ADA/USDT:USDT,0.8363,13965.39,0.8362,8850.59,0.8364,10.12,0.8365,546.72
1753547054115,16:24:14.115,ADA/USDT:USDT,0.8363,13965.39,0.8362,8850.59,0.8364,10.12,0.8365,546.72
1753547054376,16:24:14.376,ADA/USDT:USDT,0.8363,13965.39,0.8362,8850.59,0.8364,10.12,0.8365,546.72
1753547054412,16:24:14.412,ADA/USDT:USDT,0.8363,13965.39,0.8362,8850.59,0.8364,10.12,0.8365,546.72
1753547054467,16:24:14.467,ADA/USDT:USDT,0.8363,13965.39,0.8362,8850.59,0.8364,10.12,0.8365,546.72
1753547054529,16:24:14.529,ADA/USDT:USDT,0.8363,13965.39,0.8362,8850.59,0.8364,10.12,0.8365,546.72
1753547054619,16:24:14.619,ADA/USDT:USDT,0.8363,13965.39,0.8362,8850.59,0.8364,10.12,0.8365,546.72
1753547054670,16:24:14.670,ADA/USDT:USDT,0.8363,13965.39,0.8362,8850.59,0.8364,10.12,0.8365,546.72
1753547054785,16:24:14.785,ADA/USDT:USDT,0.8363,13965.39,0.8362,8850.59,0.8364,10.12,0.8365,546.72
1753547054826,16:24:14.826,ADA/USDT:USDT,0.8363,13965.39,0.8362,8850.59,0.8364,10.12,0.8365,546.72
1753547054866,16:24:14.866,ADA/USDT:USDT,0.8363,13965.39,0.8362,8850.59,0.8364,10.12,0.8365,546.72
1753547055072,16:24:15.072,ADA/USDT:USDT,0.8363,13965.39,0.8362,8850.59,0.8364,10.12,0.8365,546.72
1753547055085,16:24:15.085,ADA/USDT:USDT,0.8363,13965.39,0.8362,8850.59,0.8364,10.12,0.8365,546.72
1753547055132,16:24:15.132,ADA/USDT:USDT,0.8363,13965.39,0.8362,8850.59,0.8366,564.86,0.8367,562.04
1753547055144,16:24:15.144,ADA/USDT:USDT,0.8364,1442.92,0.8363,13965.39,0.8366,564.86,0.8367,562.04
1753547055171,16:24:15.171,ADA/USDT:USDT,0.8364,1442.92,0.8363,1465.39,0.8366,564.86,0.8367,562.04
1753547055182,16:24:15.182,ADA/USDT:USDT,0.8364,1442.92,0.8363,8523.47,0.8366,564.86,0.8367,562.04
1753547055215,16:24:15.215,ADA/USDT:USDT,0.8364,1442.92,0.8363,8523.47,0.8366,564.86,0.8367,562.04
1753547055257,16:24:15.257,ADA/USDT:USDT,0.8364,1442.92,0.8363,8523.47,0.8366,564.86,0.8367,7616.83
1753547055308,16:24:15.308,ADA/USDT:USDT,0.8364,557.92,0.8363,8523.47,0.8366,564.86,0.8367,7616.83
1753547055330,16:24:15.330,ADA/USDT:USDT,0.8364,557.92,0.8363,8523.47,0.8366,564.86,0.8367,7616.83
1753547055640,16:24:15.640,ADA/USDT:USDT,0.8364,557.92,0.8363,8523.47,0.8366,564.86,0.8367,7616.83
1753547055691,16:24:15.691,ADA/USDT:USDT,0.8363,1465.39,0.8362,1784.22,0.8365,587.03,0.8366,564.86
1753547055709,16:24:15.709,ADA/USDT:USDT,0.8363,1465.39,0.8362,1784.22,0.8365,1144.95,0.8366,6658.59
1753547055716,16:24:15.716,ADA/USDT:USDT,0.8363,1465.39,0.8362,1784.22,0.8365,1144.95,0.8366,6658.59
1753547055786,16:24:15.786,ADA/USDT:USDT,0.8364,557.92,0.8363,1465.39,0.8365,557.92,0.8366,6658.59
1753547055827,16:24:15.827,ADA/USDT:USDT,0.8363,1465.39,0.8362,1784.22,0.8365,557.92,0.8366,6658.59
1753547055863,16:24:15.863,ADA/USDT:USDT,0.8363,1465.39,0.8362,1784.22,0.8365,557.92,0.8366,6658.59
1753547055912,16:24:15.912,ADA/USDT:USDT,0.8364,557.92,0.8363,1465.39,0.8365,557.92,0.8366,564.86
1753547055925,16:24:15.925,ADA/USDT:USDT,0.8364,1147.92,0.8363,1465.39,0.8366,564.86,0.8367,7616.83
1753547055950,16:24:15.950,ADA/USDT:USDT,0.8364,1147.92,0.8363,7559.85,0.8366,564.86,0.8367,7616.83
1753547055974,16:24:15.974,ADA/USDT:USDT,0.8365,557.92,0.8364,1147.92,0.8366,564.86,0.8367,562.04
1753547056028,16:24:16.028,ADA/USDT:USDT,0.8365,557.92,0.8364,1147.92,0.8366,564.86,0.8367,6655.77
1753547056052,16:24:16.052,ADA/USDT:USDT,0.8365,557.92,0.8364,1147.92,0.8366,564.86,0.8367,6655.77
1753547056142,16:24:16.142,ADA/USDT:USDT,0.8365,557.92,0.8364,1147.92,0.8366,564.86,0.8367,6655.77
1753547056211,16:24:16.211,ADA/USDT:USDT,0.8364,1147.92,0.8363,2426.39,0.8366,564.86,0.8367,6655.77
1753547056243,16:24:16.243,ADA/USDT:USDT,0.8364,557.92,0.8363,2426.39,0.8366,564.86,0.8367,6655.77
1753547056503,16:24:16.503,ADA/USDT:USDT,0.8364,557.92,0.8363,8520.85,0.8366,564.86,0.8367,6655.77
1753547056566,16:24:16.566,ADA/USDT:USDT,0.8364,557.92,0.8363,8520.85,0.8366,564.86,0.8367,7616.77
1753547057320,16:24:17.320,ADA/USDT:USDT,0.8365,1256.2,0.8364,557.92,0.8366,564.86,0.8367,7616.77
1753547057352,16:24:17.352,ADA/USDT:USDT,0.8365,1256.2,0.8364,557.92,0.8366,1151.89,0.8367,7616.77
1753547057593,16:24:17.593,ADA/USDT:USDT,0.8365,1256.2,0.8364,557.92,0.8366,564.86,0.8367,7616.77
1753547057623,16:24:17.623,ADA/USDT:USDT,0.8365,1256.2,0.8364,7611.81,0.8366,564.86,0.8367,7616.77
1753547057658,16:24:17.658,ADA/USDT:USDT,0.8365,1256.2,0.8364,7611.81,0.8366,564.86,0.8367,7616.77
1753547057708,16:24:17.708,ADA/USDT:USDT,0.8365,1810.76,0.8364,7611.81,0.8366,564.86,0.8367,7616.77
1753547057725,16:24:17.725,ADA/USDT:USDT,0.8365,1810.76,0.8364,7611.81,0.8366,564.86,0.8367,562.04
1753547057754,16:24:17.754,ADA/USDT:USDT,0.8365,1810.76,0.8364,7611.81,0.8366,564.86,0.8367,562.04
1753547057806,16:24:17.806,ADA/USDT:USDT,0.8365,1810.76,0.8364,7611.81,0.8366,564.86,0.8367,562.04
1753547057912,16:24:17.912,ADA/USDT:USDT,0.8365,1810.76,0.8364,7611.81,0.8366,564.86,0.8367,562.04
1753547057942,16:24:17.942,ADA/USDT:USDT,0.8365,1810.76,0.8364,7611.81,0.8366,564.86,0.8367,562.04
1753547057975,16:24:17.975,ADA/USDT:USDT,0.8365,1810.76,0.8364,7611.81,0.8366,564.86,0.8367,562.04
1753547058019,16:24:18.019,ADA/USDT:USDT,0.8365,1810.76,0.8364,7611.81,0.8366,564.86,0.8367,562.04
1753547058023,16:24:18.023,ADA/USDT:USDT,0.8365,1810.76,0.8364,7611.81,0.8366,564.86,0.8367,562.04
1753547058256,16:24:18.256,ADA/USDT:USDT,0.8365,1810.76,0.8364,7611.81,0.8366,2.82,0.8367,562.04
1753547058283,16:24:18.283,ADA/USDT:USDT,0.8365,1810.76,0.8364,7611.81,0.8366,2.82,0.8367,562.04
1753547058284,16:24:18.284,ADA/USDT:USDT,0.8365,1810.76,0.8364,7611.81,0.8366,2.82,0.8367,562.04
1753547058318,16:24:18.318,ADA/USDT:USDT,0.8365,1810.76,0.8364,7611.81,0.8366,557.38,0.8368,1773.92
1753547058469,16:24:18.469,ADA/USDT:USDT,0.8365,1810.76,0.8364,7611.81,0.8366,2.82,0.8368,1773.92
1753547058487,16:24:18.487,ADA/USDT:USDT,0.8365,1810.76,0.8364,7611.81,0.8366,2.82,0.8368,8821.24
1753547058532,16:24:18.532,ADA/USDT:USDT,0.8365,1810.76,0.8364,7611.81,0.8366,557.38,0.8368,8821.24
1753547058647,16:24:18.647,ADA/USDT:USDT,0.8365,1810.76,0.8364,7611.81,0.8366,557.38,0.8368,8821.24
1753547058732,16:24:18.732,ADA/USDT:USDT,0.8365,1810.76,0.8364,7611.81,0.8366,557.38,0.8368,8821.24
1753547058758,16:24:18.758,ADA/USDT:USDT,0.8365,1810.76,0.8364,7611.81,0.8366,557.38,0.8368,8821.24
1753547058870,16:24:18.870,ADA/USDT:USDT,0.8365,1810.76,0.8364,7611.81,0.8366,2.82,0.8368,8821.24
1753547059195,16:24:19.195,ADA/USDT:USDT,0.8365,1810.76,0.8364,7611.81,0.8366,557.38,0.8368,8821.24
1753547059195,16:24:19.195,ADA/USDT:USDT,0.8365,1810.76,0.8364,7611.81,0.8366,557.38,0.8368,8821.24
1753547059266,16:24:19.266,ADA/USDT:USDT,0.8365,1810.76,0.8364,7611.81,0.8366,557.38,0.8368,8821.24
1753547059445,16:24:19.445,ADA/USDT:USDT,0.8365,1810.76,0.8364,7611.81,0.8366,2.82,0.8368,1773.92
1753547059488,16:24:19.488,ADA/USDT:USDT,0.8365,14310.76,0.8364,7611.81,0.8366,2.82,0.8368,1773.92
1753547059510,16:24:19.510,ADA/USDT:USDT,0.8365,14310.76,0.8364,7611.81,0.8366,2.82,0.8368,1773.92
1753547059546,16:24:19.546,ADA/USDT:USDT,0.8365,14310.76,0.8364,7611.81,0.8366,2.82,0.8368,1773.92
1753547059586,16:24:19.586,ADA/USDT:USDT,0.8365,14310.76,0.8364,7611.81,0.8366,2.82,0.8368,1773.92
1753547059623,16:24:19.623,ADA/USDT:USDT,0.8365,14310.76,0.8364,557.92,0.8366,589.85,0.8368,1773.92
1753547059645,16:24:19.645,ADA/USDT:USDT,0.8365,14310.76,0.8364,557.92,0.8366,589.85,0.8367,7046.18
1753547059653,16:24:19.653,ADA/USDT:USDT,0.8365,1810.76,0.8364,557.92,0.8366,1144.41,0.8367,7046.18
1753547059680,16:24:19.680,ADA/USDT:USDT,0.8365,1256.2,0.8364,557.92,0.8366,1144.41,0.8367,7046.18
1753547059696,16:24:19.696,ADA/USDT:USDT,0.8365,1256.2,0.8364,557.92,0.8366,1144.41,0.8367,7046.18
1753547059727,16:24:19.727,ADA/USDT:USDT,0.8365,1256.2,0.8364,554.56,0.8366,1144.41,0.8367,7046.18
1753547059802,16:24:19.802,ADA/USDT:USDT,0.8365,1256.2,0.8364,554.56,0.8366,1144.41,0.8367,7600.74
1753547059873,16:24:19.873,ADA/USDT:USDT,0.8365,1256.2,0.8364,554.56,0.8366,1144.41,0.8367,7600.74
1753547059906,16:24:19.906,ADA/USDT:USDT,0.8365,1256.2,0.8364,554.56,0.8366,1144.41,0.8367,7600.74
1753547060240,16:24:20.240,ADA/USDT:USDT,0.8365,1256.2,0.8364,554.56,0.8366,1144.41,0.8367,7600.74
1753547060302,16:24:20.302,ADA/USDT:USDT,0.8365,1256.2,0.8364,554.56,0.8366,1144.41,0.8367,7600.74
1753547060457,16:24:20.457,ADA/USDT:USDT,0.8365,1256.2,0.8364,554.56,0.8366,557.38,0.8367,7600.74
1753547060563,16:24:20.563,ADA/USDT:USDT,0.8365,1256.2,0.8364,554.56,0.8366,557.38,0.8367,7600.74
1753547061296,16:24:21.296,ADA/USDT:USDT,0.8365,1256.2,0.8364,554.56,0.8366,1144.41,0.8367,7600.74
1753547061752,16:24:21.752,ADA/USDT:USDT,0.8365,1256.2,0.8363,1465.39,0.8366,1144.41,0.8367,7600.74
1753547061756,16:24:21.756,ADA/USDT:USDT,0.8365,1256.2,0.8363,1465.39,0.8366,1144.41,0.8367,7600.74
1753547061831,16:24:21.831,ADA/USDT:USDT,0.8365,1256.2,0.8363,1465.39,0.8366,1144.41,0.8367,7600.74
1753547061880,16:24:21.880,ADA/USDT:USDT,0.8365,1256.2,0.8363,1465.39,0.8366,1144.41,0.8367,7600.74
