timestamp,time,exchange,symbol,bid1_price,bid1_volume,bid2_price,bid2_volume,ask1_price,ask1_volume,ask2_price,ask2_volume
1753591883457,04:51:23.457,binance,1INCH/USDT:USDT,0.2847,9204.0,0.2846,16849.0,0.2848,4435.0,0.2849,11706.0
1753591883693,04:51:23.693,binance,1INCH/USDT:USDT,0.2847,9204.0,0.2846,18867.0,0.2848,4435.0,0.2849,11706.0
1753591883977,04:51:23.977,binance,1INCH/USDT:USDT,0.2847,9204.0,0.2846,18867.0,0.2848,4435.0,0.2849,11706.0
1753591884088,04:51:24.088,binance,1INCH/USDT:USDT,0.2847,9204.0,0.2846,18867.0,0.2848,4435.0,0.2849,11706.0
1753591884429,04:51:24.429,binance,1INCH/USDT:USDT,0.2847,9223.0,0.2846,18867.0,0.2848,4435.0,0.2849,11706.0
1753591884602,04:51:24.602,binance,1INCH/USDT:USDT,0.2847,7310.0,0.2846,18867.0,0.2848,4435.0,0.2849,11706.0
1753591885111,04:51:25.111,binance,1INCH/USDT:USDT,0.2847,7284.0,0.2846,18867.0,0.2848,3835.0,0.2849,11706.0
1753591885227,04:51:25.227,binance,1INCH/USDT:USDT,0.2847,7069.0,0.2846,18867.0,0.2848,6777.0,0.2849,11706.0
1753591885335,04:51:25.335,binance,1INCH/USDT:USDT,0.2847,7069.0,0.2846,18867.0,0.2848,6835.0,0.2849,10909.0
1753591885565,04:51:25.565,binance,1INCH/USDT:USDT,0.2847,7067.0,0.2846,18867.0,0.2848,6835.0,0.2849,10560.0
1753591885684,04:51:25.684,binance,1INCH/USDT:USDT,0.2847,7093.0,0.2846,18867.0,0.2848,6974.0,0.2849,10560.0
1753591886802,04:51:26.802,binance,1INCH/USDT:USDT,0.2847,7067.0,0.2846,18867.0,0.2848,6974.0,0.2849,10560.0
1753591887586,04:51:27.586,binance,1INCH/USDT:USDT,0.2847,7067.0,0.2846,18867.0,0.2848,6764.0,0.2849,10560.0
1753591887701,04:51:27.701,binance,1INCH/USDT:USDT,0.2847,7067.0,0.2846,18867.0,0.2848,6764.0,0.2849,10560.0
1753591888616,04:51:28.616,binance,1INCH/USDT:USDT,0.2847,7067.0,0.2846,18867.0,0.2848,6764.0,0.2849,10560.0
1753591889102,04:51:29.102,binance,1INCH/USDT:USDT,0.2847,7067.0,0.2846,18867.0,0.2848,6764.0,0.2849,10560.0
1753591889209,04:51:29.209,binance,1INCH/USDT:USDT,0.2847,7067.0,0.2846,18867.0,0.2848,6764.0,0.2849,10560.0
1753591889702,04:51:29.702,binance,1INCH/USDT:USDT,0.2847,7093.0,0.2846,18867.0,0.2848,6764.0,0.2849,10560.0
1753591890302,04:51:30.302,binance,1INCH/USDT:USDT,0.2847,7067.0,0.2846,18867.0,0.2848,6764.0,0.2849,10560.0
1753591890409,04:51:30.409,binance,1INCH/USDT:USDT,0.2847,7067.0,0.2846,18867.0,0.2848,6764.0,0.2849,10560.0
1753591890572,04:51:30.572,binance,1INCH/USDT:USDT,0.2847,7067.0,0.2846,18867.0,0.2848,6764.0,0.2849,10560.0
1753591890902,04:51:30.902,binance,1INCH/USDT:USDT,0.2847,7067.0,0.2846,18867.0,0.2848,6764.0,0.2849,10560.0
1753591891088,04:51:31.088,binance,1INCH/USDT:USDT,0.2847,7067.0,0.2846,18867.0,0.2848,3764.0,0.2849,10560.0
1753591891298,04:51:31.298,binance,1INCH/USDT:USDT,0.2847,7067.0,0.2846,18867.0,0.2848,3764.0,0.2849,10560.0
1753591891502,04:51:31.502,binance,1INCH/USDT:USDT,0.2847,7067.0,0.2846,18867.0,0.2848,3764.0,0.2849,10560.0
1753591891859,04:51:31.859,binance,1INCH/USDT:USDT,0.2847,7067.0,0.2846,19745.0,0.2848,3657.0,0.2849,10560.0
1753591892040,04:51:32.040,binance,1INCH/USDT:USDT,0.2847,7067.0,0.2846,19745.0,0.2848,3657.0,0.2849,10560.0
1753591892172,04:51:32.172,binance,1INCH/USDT:USDT,0.2847,7067.0,0.2846,19745.0,0.2848,3657.0,0.2849,10560.0
1753591892469,04:51:32.469,binance,1INCH/USDT:USDT,0.2847,6904.0,0.2846,19745.0,0.2848,3728.0,0.2849,10560.0
1753591892585,04:51:32.585,binance,1INCH/USDT:USDT,0.2847,6904.0,0.2846,19745.0,0.2848,3657.0,0.2849,10560.0
1753591892687,04:51:32.687,binance,1INCH/USDT:USDT,0.2847,6904.0,0.2846,19745.0,0.2848,3657.0,0.2849,10560.0
1753591892848,04:51:32.848,binance,1INCH/USDT:USDT,0.2847,6904.0,0.2846,19745.0,0.2848,3657.0,0.2849,10560.0
1753591893071,04:51:33.071,binance,1INCH/USDT:USDT,0.2847,6904.0,0.2846,19745.0,0.2848,3657.0,0.2849,10560.0
1753591893573,04:51:33.573,binance,1INCH/USDT:USDT,0.2847,6904.0,0.2846,19745.0,0.2848,1886.0,0.2849,12191.0
1753591893702,04:51:33.702,binance,1INCH/USDT:USDT,0.2847,6904.0,0.2846,19745.0,0.2848,1886.0,0.2849,12191.0
1753591893865,04:51:33.865,binance,1INCH/USDT:USDT,0.2847,6904.0,0.2846,19745.0,0.2848,1886.0,0.2849,12191.0
1753591894302,04:51:34.302,binance,1INCH/USDT:USDT,0.2847,6930.0,0.2846,19745.0,0.2848,1886.0,0.2849,12191.0
1753591894451,04:51:34.451,binance,1INCH/USDT:USDT,0.2847,6930.0,0.2846,19745.0,0.2848,1886.0,0.2849,12191.0
1753591894729,04:51:34.729,binance,1INCH/USDT:USDT,0.2847,6930.0,0.2846,19745.0,0.2848,1886.0,0.2849,12191.0
1753591895010,04:51:35.010,binance,1INCH/USDT:USDT,0.2847,6904.0,0.2846,17727.0,0.2848,3592.0,0.2849,10560.0
1753591895487,04:51:35.487,binance,1INCH/USDT:USDT,0.2847,6904.0,0.2846,17727.0,0.2848,3592.0,0.2849,10560.0
1753591895616,04:51:35.616,binance,1INCH/USDT:USDT,0.2847,6904.0,0.2846,17727.0,0.2848,3592.0,0.2849,10560.0
1753591896219,04:51:36.219,binance,1INCH/USDT:USDT,0.2847,6904.0,0.2846,17727.0,0.2848,3592.0,0.2849,10560.0
1753591897871,04:51:37.871,binance,1INCH/USDT:USDT,0.2847,6904.0,0.2846,17727.0,0.2848,3592.0,0.2849,10560.0
1753591898012,04:51:38.012,binance,1INCH/USDT:USDT,0.2847,6904.0,0.2846,17727.0,0.2848,3592.0,0.2849,10560.0
1753591898615,04:51:38.615,binance,1INCH/USDT:USDT,0.2847,6904.0,0.2846,17727.0,0.2848,3592.0,0.2849,10560.0
1753591898802,04:51:38.802,binance,1INCH/USDT:USDT,0.2847,6904.0,0.2846,17727.0,0.2848,3592.0,0.2849,10560.0
1753591899560,04:51:39.560,binance,1INCH/USDT:USDT,0.2847,6904.0,0.2846,17727.0,0.2848,49.0,0.2849,9792.0
1753591899668,04:51:39.668,binance,1INCH/USDT:USDT,0.2847,6904.0,0.2846,17727.0,0.2848,49.0,0.2849,8316.0
1753591899809,04:51:39.809,binance,1INCH/USDT:USDT,0.2847,6904.0,0.2846,17727.0,0.2848,49.0,0.2849,10212.0
1753591899911,04:51:39.911,binance,1INCH/USDT:USDT,0.2848,6761.0,0.2847,12093.0,0.2849,6317.0,0.285,21152.0
1753591900013,04:51:40.013,binance,1INCH/USDT:USDT,0.2848,4964.0,0.2847,12144.0,0.2849,6317.0,0.285,21152.0
1753591900200,04:51:40.200,binance,1INCH/USDT:USDT,0.2848,4964.0,0.2847,11362.0,0.2849,6317.0,0.285,21152.0
1753591900358,04:51:40.358,binance,1INCH/USDT:USDT,0.2848,4964.0,0.2847,11362.0,0.2849,6317.0,0.285,21152.0
1753591900478,04:51:40.478,binance,1INCH/USDT:USDT,0.2848,4964.0,0.2847,11362.0,0.2849,6317.0,0.285,21152.0
1753591900581,04:51:40.581,binance,1INCH/USDT:USDT,0.2848,4964.0,0.2847,11362.0,0.2849,6317.0,0.285,21152.0
1753591900694,04:51:40.694,binance,1INCH/USDT:USDT,0.2848,4964.0,0.2847,11362.0,0.2849,6317.0,0.285,21152.0
1753591901002,04:51:41.002,binance,1INCH/USDT:USDT,0.2848,4964.0,0.2847,11362.0,0.2849,6317.0,0.285,21269.0
1753591901201,04:51:41.201,binance,1INCH/USDT:USDT,0.2848,7494.0,0.2847,13850.0,0.2849,3879.0,0.285,21269.0
1753591901426,04:51:41.426,binance,1INCH/USDT:USDT,0.2848,7494.0,0.2847,21375.0,0.2849,3821.0,0.285,17652.0
1753591901551,04:51:41.551,binance,1INCH/USDT:USDT,0.2848,7494.0,0.2847,21375.0,0.2849,3821.0,0.285,17652.0
1753591901656,04:51:41.656,binance,1INCH/USDT:USDT,0.2848,7494.0,0.2847,21375.0,0.2849,3821.0,0.285,17652.0
1753591901763,04:51:41.763,binance,1INCH/USDT:USDT,0.2848,7494.0,0.2847,21375.0,0.2849,3498.0,0.285,17652.0
1753591901864,04:51:41.864,binance,1INCH/USDT:USDT,0.2848,7494.0,0.2847,21375.0,0.2849,3498.0,0.285,17000.0
1753591901970,04:51:41.970,binance,1INCH/USDT:USDT,0.2848,7494.0,0.2847,21375.0,0.2849,3498.0,0.285,17000.0
1753591902083,04:51:42.083,binance,1INCH/USDT:USDT,0.2848,7494.0,0.2847,21375.0,0.2849,3498.0,0.285,17000.0
1753591902202,04:51:42.202,binance,1INCH/USDT:USDT,0.2848,7494.0,0.2847,21375.0,0.2849,3498.0,0.285,17000.0
1753591902397,04:51:42.397,binance,1INCH/USDT:USDT,0.2848,7494.0,0.2847,21375.0,0.2849,3498.0,0.285,17000.0
1753591902502,04:51:42.502,binance,1INCH/USDT:USDT,0.2848,7494.0,0.2847,21375.0,0.2849,3498.0,0.285,17000.0
1753591902702,04:51:42.702,binance,1INCH/USDT:USDT,0.2848,7494.0,0.2847,21375.0,0.2849,3498.0,0.285,17000.0
1753591902946,04:51:42.946,binance,1INCH/USDT:USDT,0.2848,7494.0,0.2847,21375.0,0.2849,3498.0,0.285,17000.0
1753591903126,04:51:43.126,binance,1INCH/USDT:USDT,0.2848,7494.0,0.2847,21375.0,0.2849,3498.0,0.285,17000.0
1753591903277,04:51:43.277,binance,1INCH/USDT:USDT,0.2848,7494.0,0.2847,21375.0,0.2849,3498.0,0.285,17000.0
1753591903502,04:51:43.502,binance,1INCH/USDT:USDT,0.2848,7494.0,0.2847,21375.0,0.2849,3498.0,0.285,17000.0
1753591903698,04:51:43.698,binance,1INCH/USDT:USDT,0.2848,7494.0,0.2847,21375.0,0.2849,3498.0,0.285,17000.0
1753591903801,04:51:43.801,binance,1INCH/USDT:USDT,0.2848,7494.0,0.2847,21375.0,0.2849,3498.0,0.285,17000.0
1753591903951,04:51:43.951,binance,1INCH/USDT:USDT,0.2848,7494.0,0.2847,21375.0,0.2849,3498.0,0.285,17000.0
1753591904054,04:51:44.054,binance,1INCH/USDT:USDT,0.2848,7494.0,0.2847,21375.0,0.2849,3498.0,0.285,17000.0
1753591904202,04:51:44.202,binance,1INCH/USDT:USDT,0.2848,7494.0,0.2847,21375.0,0.2849,3498.0,0.285,17000.0
1753591904433,04:51:44.433,binance,1INCH/USDT:USDT,0.2848,7494.0,0.2847,21375.0,0.2849,3498.0,0.285,17746.0
1753591904802,04:51:44.802,binance,1INCH/USDT:USDT,0.2848,7494.0,0.2847,21375.0,0.2849,3498.0,0.285,17746.0
1753591904938,04:51:44.938,binance,1INCH/USDT:USDT,0.2848,7494.0,0.2847,21375.0,0.2849,3498.0,0.285,17746.0
1753591905202,04:51:45.202,binance,1INCH/USDT:USDT,0.2848,7494.0,0.2847,21375.0,0.2849,3498.0,0.285,21081.0
1753591905346,04:51:45.346,binance,1INCH/USDT:USDT,0.2848,7494.0,0.2847,21375.0,0.2849,3498.0,0.285,21081.0
1753591905795,04:51:45.795,binance,1INCH/USDT:USDT,0.2848,7494.0,0.2847,21375.0,0.2849,3498.0,0.285,21913.0
1753591905908,04:51:45.908,binance,1INCH/USDT:USDT,0.2848,7494.0,0.2847,21375.0,0.2849,3498.0,0.285,23342.0
1753591906031,04:51:46.031,binance,1INCH/USDT:USDT,0.2848,7494.0,0.2847,21375.0,0.2849,3498.0,0.285,23342.0
1753591906322,04:51:46.322,binance,1INCH/USDT:USDT,0.2848,7494.0,0.2847,21375.0,0.2849,3498.0,0.285,23342.0
1753591906901,04:51:46.901,binance,1INCH/USDT:USDT,0.2848,7494.0,0.2847,21375.0,0.2849,3498.0,0.285,23342.0
1753591907002,04:51:47.002,binance,1INCH/USDT:USDT,0.2848,7494.0,0.2847,21375.0,0.2849,3498.0,0.285,23342.0
1753591907602,04:51:47.602,binance,1INCH/USDT:USDT,0.2848,7494.0,0.2847,21375.0,0.2849,3498.0,0.285,23342.0
1753591907720,04:51:47.720,binance,1INCH/USDT:USDT,0.2848,7494.0,0.2847,21375.0,0.2849,3498.0,0.285,23342.0
1753591907852,04:51:47.852,binance,1INCH/USDT:USDT,0.2848,7494.0,0.2847,21375.0,0.2849,3498.0,0.285,23342.0
1753591909387,04:51:49.387,binance,1INCH/USDT:USDT,0.2848,7494.0,0.2847,21375.0,0.2849,3498.0,0.285,23342.0
1753591909730,04:51:49.730,binance,1INCH/USDT:USDT,0.2848,7494.0,0.2847,21375.0,0.2849,3498.0,0.285,23342.0
1753591909848,04:51:49.848,binance,1INCH/USDT:USDT,0.2848,7494.0,0.2847,21375.0,0.2849,3498.0,0.285,23342.0
1753591910002,04:51:50.002,binance,1INCH/USDT:USDT,0.2848,7494.0,0.2847,21375.0,0.2849,3498.0,0.285,23342.0
1753591910447,04:51:50.447,binance,1INCH/USDT:USDT,0.2848,7494.0,0.2847,21375.0,0.2849,3498.0,0.285,23342.0
1753591910602,04:51:50.602,binance,1INCH/USDT:USDT,0.2848,7494.0,0.2847,21375.0,0.2849,3498.0,0.285,23342.0
1753591910713,04:51:50.713,binance,1INCH/USDT:USDT,0.2848,7494.0,0.2847,21375.0,0.2849,3498.0,0.285,23342.0
1753591911012,04:51:51.012,binance,1INCH/USDT:USDT,0.2848,7494.0,0.2847,21375.0,0.2849,3498.0,0.285,23342.0
1753591911201,04:51:51.201,binance,1INCH/USDT:USDT,0.2848,7494.0,0.2847,21375.0,0.2849,3498.0,0.285,23342.0
1753591911378,04:51:51.378,binance,1INCH/USDT:USDT,0.2848,7494.0,0.2847,21375.0,0.2849,3498.0,0.285,23342.0
1753591911701,04:51:51.701,binance,1INCH/USDT:USDT,0.2848,7402.0,0.2847,18375.0,0.2849,6498.0,0.285,23342.0
1753591911803,04:51:51.803,binance,1INCH/USDT:USDT,0.2848,2009.0,0.2847,18375.0,0.2849,8878.0,0.285,22072.0
1753591911905,04:51:51.905,binance,1INCH/USDT:USDT,0.2848,2067.0,0.2847,15794.0,0.2849,8936.0,0.285,22902.0
1753591912010,04:51:52.010,binance,1INCH/USDT:USDT,0.2848,2067.0,0.2847,16548.0,0.2849,8936.0,0.285,22785.0
1753591912151,04:51:52.151,binance,1INCH/USDT:USDT,0.2848,3908.0,0.2847,16548.0,0.2849,5936.0,0.285,22785.0
1753591912256,04:51:52.256,binance,1INCH/USDT:USDT,0.2848,3908.0,0.2847,16548.0,0.2849,5936.0,0.285,22785.0
1753591912460,04:51:52.460,binance,1INCH/USDT:USDT,0.2848,3908.0,0.2847,16548.0,0.2849,5936.0,0.285,22785.0
1753591913397,04:51:53.397,binance,1INCH/USDT:USDT,0.2848,3908.0,0.2847,16548.0,0.2849,5936.0,0.285,22785.0
1753591914502,04:51:54.502,binance,1INCH/USDT:USDT,0.2848,3908.0,0.2847,16548.0,0.2849,5936.0,0.285,22785.0
1753591914741,04:51:54.741,binance,1INCH/USDT:USDT,0.2848,3908.0,0.2847,16529.0,0.2849,5955.0,0.285,22785.0
1753591914911,04:51:54.911,binance,1INCH/USDT:USDT,0.2848,3908.0,0.2847,16529.0,0.2849,5955.0,0.285,22785.0
1753591915102,04:51:55.102,binance,1INCH/USDT:USDT,0.2848,3908.0,0.2847,16529.0,0.2849,5955.0,0.285,22785.0
1753591915249,04:51:55.249,binance,1INCH/USDT:USDT,0.2848,3908.0,0.2847,16530.0,0.2849,5971.0,0.285,22785.0
1753591916189,04:51:56.189,binance,1INCH/USDT:USDT,0.2848,3908.0,0.2847,16530.0,0.2849,5971.0,0.285,22785.0
1753591916302,04:51:56.302,binance,1INCH/USDT:USDT,0.2848,3908.0,0.2847,16530.0,0.2849,5971.0,0.285,22785.0
1753591916501,04:51:56.501,binance,1INCH/USDT:USDT,0.2848,3908.0,0.2847,16530.0,0.2849,5971.0,0.285,22785.0
1753591916817,04:51:56.817,binance,1INCH/USDT:USDT,0.2848,3908.0,0.2847,16530.0,0.2849,5971.0,0.285,22785.0
1753591917001,04:51:57.001,binance,1INCH/USDT:USDT,0.2848,3908.0,0.2847,16530.0,0.2849,5971.0,0.285,22785.0
1753591917179,04:51:57.179,binance,1INCH/USDT:USDT,0.2848,3908.0,0.2847,16530.0,0.2849,5988.0,0.285,22785.0
1753591917354,04:51:57.354,binance,1INCH/USDT:USDT,0.2848,3908.0,0.2847,16530.0,0.2849,6279.0,0.285,22785.0
1753591917502,04:51:57.502,binance,1INCH/USDT:USDT,0.2848,3908.0,0.2847,16530.0,0.2849,6279.0,0.285,22785.0
1753591918001,04:51:58.001,binance,1INCH/USDT:USDT,0.2848,3908.0,0.2847,16530.0,0.2849,6279.0,0.285,22785.0
1753591918539,04:51:58.539,binance,1INCH/USDT:USDT,0.2848,3908.0,0.2847,16530.0,0.2849,6279.0,0.285,22785.0
1753591918701,04:51:58.701,binance,1INCH/USDT:USDT,0.2848,3908.0,0.2847,16530.0,0.2849,6279.0,0.285,22785.0
1753591918899,04:51:58.899,binance,1INCH/USDT:USDT,0.2848,3908.0,0.2847,16530.0,0.2849,6279.0,0.285,22785.0
1753591919186,04:51:59.186,binance,1INCH/USDT:USDT,0.2848,240.0,0.2847,13961.0,0.2849,6235.0,0.285,22785.0
1753591919294,04:51:59.294,binance,1INCH/USDT:USDT,0.2848,240.0,0.2847,15753.0,0.2849,6275.0,0.285,22785.0
1753591919667,04:51:59.667,binance,1INCH/USDT:USDT,0.2848,240.0,0.2847,15753.0,0.2849,9275.0,0.285,22785.0
1753591920014,04:52:00.014,binance,1INCH/USDT:USDT,0.2847,7402.0,0.2846,24395.0,0.2848,2186.0,0.2849,9351.0
1753591920117,04:52:00.117,binance,1INCH/USDT:USDT,0.2847,7376.0,0.2846,24395.0,0.2848,2244.0,0.2849,9351.0
1753591920220,04:52:00.220,binance,1INCH/USDT:USDT,0.2847,8283.0,0.2846,24395.0,0.2848,2244.0,0.2849,8216.0
1753591920574,04:52:00.574,binance,1INCH/USDT:USDT,0.2847,7376.0,0.2846,22377.0,0.2848,4014.0,0.2849,9570.0
1753591920685,04:52:00.685,binance,1INCH/USDT:USDT,0.2847,7376.0,0.2846,22180.0,0.2848,4014.0,0.2849,9570.0
1753591920787,04:52:00.787,binance,1INCH/USDT:USDT,0.2847,7376.0,0.2846,22180.0,0.2848,4014.0,0.2849,9570.0
1753591921148,04:52:01.148,binance,1INCH/USDT:USDT,0.2847,7376.0,0.2846,18498.0,0.2848,4014.0,0.2849,9570.0
1753591921271,04:52:01.271,binance,1INCH/USDT:USDT,0.2847,7376.0,0.2846,18498.0,0.2848,4014.0,0.2849,9570.0
1753591921616,04:52:01.616,binance,1INCH/USDT:USDT,0.2847,8102.0,0.2846,18498.0,0.2849,6570.0,0.285,21483.0
1753591921726,04:52:01.726,binance,1INCH/USDT:USDT,0.2848,3323.0,0.2847,13036.0,0.2849,4321.0,0.285,21483.0
1753591921931,04:52:01.931,binance,1INCH/USDT:USDT,0.2848,6751.0,0.2847,13718.0,0.2849,6230.0,0.285,21483.0
1753591922058,04:52:02.058,binance,1INCH/USDT:USDT,0.2848,6809.0,0.2847,13718.0,0.2849,6230.0,0.285,21483.0
1753591922164,04:52:02.164,binance,1INCH/USDT:USDT,0.2848,6809.0,0.2847,12978.0,0.2849,6230.0,0.285,18806.0
1753591922288,04:52:02.288,binance,1INCH/USDT:USDT,0.2848,6373.0,0.2847,13855.0,0.2849,6230.0,0.285,18806.0
1753591922398,04:52:02.398,binance,1INCH/USDT:USDT,0.2848,6373.0,0.2847,13855.0,0.2849,6230.0,0.285,18806.0
1753591922611,04:52:02.611,binance,1INCH/USDT:USDT,0.2847,9336.0,0.2846,25438.0,0.2848,656.0,0.2849,7218.0
1753591922736,04:52:02.736,binance,1INCH/USDT:USDT,0.2847,11092.0,0.2846,25438.0,0.2848,656.0,0.2849,7218.0
1753591922858,04:52:02.858,binance,1INCH/USDT:USDT,0.2848,1887.0,0.2847,12267.0,0.2849,6381.0,0.285,17377.0
1753591922965,04:52:02.965,binance,1INCH/USDT:USDT,0.2848,1945.0,0.2847,12267.0,0.2849,6381.0,0.285,17377.0
1753591923151,04:52:03.151,binance,1INCH/USDT:USDT,0.2848,1945.0,0.2847,12267.0,0.2849,6381.0,0.285,17377.0
1753591923254,04:52:03.254,binance,1INCH/USDT:USDT,0.2848,1945.0,0.2847,12285.0,0.2849,6366.0,0.285,17377.0
1753591923401,04:52:03.401,binance,1INCH/USDT:USDT,0.2848,3867.0,0.2847,12285.0,0.2849,6339.0,0.285,17377.0
1753591923507,04:52:03.507,binance,1INCH/USDT:USDT,0.2848,3867.0,0.2847,12285.0,0.2849,6339.0,0.285,17377.0
1753591923610,04:52:03.610,binance,1INCH/USDT:USDT,0.2848,3867.0,0.2847,10436.0,0.2849,6339.0,0.285,17377.0
1753591923755,04:52:03.755,binance,1INCH/USDT:USDT,0.2848,3867.0,0.2847,11313.0,0.2849,6339.0,0.285,17377.0
1753591923906,04:52:03.906,binance,1INCH/USDT:USDT,0.2848,3867.0,0.2847,11313.0,0.2849,6339.0,0.285,17377.0
1753591924019,04:52:04.019,binance,1INCH/USDT:USDT,0.2848,3867.0,0.2847,11313.0,0.2849,6339.0,0.285,17377.0
1753591924120,04:52:04.120,binance,1INCH/USDT:USDT,0.2848,3867.0,0.2847,11313.0,0.2849,6339.0,0.285,17377.0
1753591924385,04:52:04.385,binance,1INCH/USDT:USDT,0.2848,1945.0,0.2847,13139.0,0.2849,6339.0,0.285,17377.0
1753591924533,04:52:04.533,binance,1INCH/USDT:USDT,0.2848,1945.0,0.2847,13139.0,0.2849,6339.0,0.285,17377.0
1753591924701,04:52:04.701,binance,1INCH/USDT:USDT,0.2848,1945.0,0.2847,13139.0,0.2849,6339.0,0.285,17377.0
1753591924802,04:52:04.802,binance,1INCH/USDT:USDT,0.2848,1945.0,0.2847,11313.0,0.2849,6339.0,0.285,17377.0
1753591924971,04:52:04.971,binance,1INCH/USDT:USDT,0.2848,1945.0,0.2847,11313.0,0.2849,6339.0,0.285,17377.0
1753591925564,04:52:05.564,binance,1INCH/USDT:USDT,0.2848,1945.0,0.2847,11313.0,0.2849,6339.0,0.285,17377.0
1753591925728,04:52:05.728,binance,1INCH/USDT:USDT,0.2848,1945.0,0.2847,11313.0,0.2849,6339.0,0.285,17377.0
1753591926088,04:52:06.088,binance,1INCH/USDT:USDT,0.2848,1945.0,0.2847,11313.0,0.2849,6188.0,0.285,17377.0
1753591926202,04:52:06.202,binance,1INCH/USDT:USDT,0.2848,1945.0,0.2847,13139.0,0.2849,6188.0,0.285,17377.0
1753591926350,04:52:06.350,binance,1INCH/USDT:USDT,0.2848,1945.0,0.2847,11313.0,0.2849,6188.0,0.285,17377.0
1753591926595,04:52:06.595,binance,1INCH/USDT:USDT,0.2848,1945.0,0.2847,11313.0,0.2849,6188.0,0.285,17159.0
1753591927402,04:52:07.402,binance,1INCH/USDT:USDT,0.2848,1945.0,0.2847,11313.0,0.2849,6188.0,0.285,17159.0
1753591927749,04:52:07.749,binance,1INCH/USDT:USDT,0.2848,1945.0,0.2847,11313.0,0.2849,6188.0,0.285,17159.0
1753591928002,04:52:08.002,binance,1INCH/USDT:USDT,0.2848,1945.0,0.2847,11313.0,0.2849,6188.0,0.285,17159.0
1753591928602,04:52:08.602,binance,1INCH/USDT:USDT,0.2848,1945.0,0.2847,11313.0,0.2849,6188.0,0.285,24131.0
1753591928746,04:52:08.746,binance,1INCH/USDT:USDT,0.2848,1945.0,0.2847,12280.0,0.2849,6188.0,0.285,26105.0
1753591928847,04:52:08.847,binance,1INCH/USDT:USDT,0.2848,1945.0,0.2847,12280.0,0.2849,6188.0,0.285,26105.0
1753591929019,04:52:09.019,binance,1INCH/USDT:USDT,0.2848,1945.0,0.2847,11403.0,0.2849,6188.0,0.285,26105.0
1753591929147,04:52:09.147,binance,1INCH/USDT:USDT,0.2848,1945.0,0.2847,11403.0,0.2849,6188.0,0.285,26105.0
1753591929302,04:52:09.302,binance,1INCH/USDT:USDT,0.2848,1945.0,0.2847,11403.0,0.2849,6188.0,0.285,26105.0
1753591929588,04:52:09.588,binance,1INCH/USDT:USDT,0.2848,1945.0,0.2847,11403.0,0.2849,6188.0,0.285,26105.0
1753591929697,04:52:09.697,binance,1INCH/USDT:USDT,0.2848,1945.0,0.2847,11403.0,0.2849,6188.0,0.285,26105.0
1753591929798,04:52:09.798,binance,1INCH/USDT:USDT,0.2848,1945.0,0.2847,11403.0,0.2849,6188.0,0.285,26105.0
1753591929962,04:52:09.962,binance,1INCH/USDT:USDT,0.2848,1945.0,0.2847,11403.0,0.2849,6188.0,0.285,26105.0
1753591930147,04:52:10.147,binance,1INCH/USDT:USDT,0.2848,1945.0,0.2847,11403.0,0.2849,6188.0,0.285,26105.0
1753591930264,04:52:10.264,binance,1INCH/USDT:USDT,0.2848,1945.0,0.2847,11403.0,0.2849,6188.0,0.285,26105.0
1753591930402,04:52:10.402,binance,1INCH/USDT:USDT,0.2848,1945.0,0.2847,11403.0,0.2849,6188.0,0.285,26105.0
1753591930757,04:52:10.757,binance,1INCH/USDT:USDT,0.2848,1945.0,0.2847,11403.0,0.2849,6188.0,0.285,26105.0
1753591930902,04:52:10.902,binance,1INCH/USDT:USDT,0.2848,1945.0,0.2847,11403.0,0.2849,6188.0,0.285,26105.0
1753591931098,04:52:11.098,binance,1INCH/USDT:USDT,0.2848,3766.0,0.2847,11403.0,0.2849,6188.0,0.285,26105.0
1753591931219,04:52:11.219,binance,1INCH/USDT:USDT,0.2848,3766.0,0.2847,11403.0,0.2849,6188.0,0.285,26105.0
1753591931377,04:52:11.377,binance,1INCH/USDT:USDT,0.2848,3766.0,0.2847,11403.0,0.2849,6188.0,0.285,26105.0
1753591931502,04:52:11.502,binance,1INCH/USDT:USDT,0.2848,3766.0,0.2847,11403.0,0.2849,6188.0,0.285,26105.0
1753591932102,04:52:12.102,binance,1INCH/USDT:USDT,0.2848,3766.0,0.2847,11403.0,0.2849,6188.0,0.285,26105.0
1753591932319,04:52:12.319,binance,1INCH/USDT:USDT,0.2847,8105.0,0.2846,35100.0,0.2848,760.0,0.2849,6130.0
1753591932446,04:52:12.446,binance,1INCH/USDT:USDT,0.2847,10071.0,0.2846,35100.0,0.2848,2517.0,0.2849,9130.0
1753591932547,04:52:12.547,binance,1INCH/USDT:USDT,0.2848,5107.0,0.2847,15802.0,0.2849,8890.0,0.285,25967.0
1753591932669,04:52:12.669,binance,1INCH/USDT:USDT,0.2848,580.0,0.2847,12544.0,0.2849,8890.0,0.285,25967.0
1753591932773,04:52:12.773,binance,1INCH/USDT:USDT,0.2848,344.0,0.2847,13096.0,0.2849,8948.0,0.285,26452.0
1753591932879,04:52:12.879,binance,1INCH/USDT:USDT,0.2848,402.0,0.2847,14860.0,0.2849,9006.0,0.285,26452.0
1753591933202,04:52:13.202,binance,1INCH/USDT:USDT,0.2848,402.0,0.2847,14860.0,0.2849,9006.0,0.285,26452.0
1753591933395,04:52:13.395,binance,1INCH/USDT:USDT,0.2848,402.0,0.2847,14860.0,0.2849,9006.0,0.285,26452.0
1753591933607,04:52:13.607,binance,1INCH/USDT:USDT,0.2847,11067.0,0.2846,33645.0,0.2848,1850.0,0.2849,8216.0
1753591933735,04:52:13.735,binance,1INCH/USDT:USDT,0.2847,11067.0,0.2846,29963.0,0.2848,1850.0,0.2849,8216.0
1753591933840,04:52:13.840,binance,1INCH/USDT:USDT,0.2847,11067.0,0.2846,29963.0,0.2848,1850.0,0.2849,8234.0
1753591933943,04:52:13.943,binance,1INCH/USDT:USDT,0.2847,11067.0,0.2846,29963.0,0.2848,1850.0,0.2849,8234.0
1753591934443,04:52:14.443,binance,1INCH/USDT:USDT,0.2847,11041.0,0.2846,29963.0,0.2848,1850.0,0.2849,8234.0
1753591934562,04:52:14.562,binance,1INCH/USDT:USDT,0.2847,11041.0,0.2846,29963.0,0.2848,1850.0,0.2849,8234.0
1753591934701,04:52:14.701,binance,1INCH/USDT:USDT,0.2848,1563.0,0.2847,13427.0,0.2849,7339.0,0.285,25967.0
1753591934914,04:52:14.914,binance,1INCH/USDT:USDT,0.2848,1968.0,0.2847,13080.0,0.2849,9238.0,0.285,25967.0
1753591935054,04:52:15.054,binance,1INCH/USDT:USDT,0.2848,2026.0,0.2847,13080.0,0.2849,9238.0,0.285,25967.0
1753591935648,04:52:15.648,binance,1INCH/USDT:USDT,0.2848,2026.0,0.2847,12374.0,0.2849,6238.0,0.285,25967.0
1753591935788,04:52:15.788,binance,1INCH/USDT:USDT,0.2848,2026.0,0.2847,12374.0,0.2849,6238.0,0.285,25967.0
1753591935928,04:52:15.928,binance,1INCH/USDT:USDT,0.2848,2026.0,0.2847,12374.0,0.2849,6238.0,0.285,25967.0
1753591936042,04:52:16.042,binance,1INCH/USDT:USDT,0.2848,2026.0,0.2847,12374.0,0.2849,6238.0,0.285,25967.0
1753591936202,04:52:16.202,binance,1INCH/USDT:USDT,0.2848,3820.0,0.2847,12374.0,0.2849,6238.0,0.285,25967.0
1753591936308,04:52:16.308,binance,1INCH/USDT:USDT,0.2848,3820.0,0.2847,14173.0,0.2849,6238.0,0.285,25967.0
1753591936502,04:52:16.502,binance,1INCH/USDT:USDT,0.2848,3820.0,0.2847,14173.0,0.2849,6238.0,0.285,25967.0
1753591936804,04:52:16.804,binance,1INCH/USDT:USDT,0.2848,3476.0,0.2847,12374.0,0.2849,6238.0,0.285,25967.0
1753591936915,04:52:16.915,binance,1INCH/USDT:USDT,0.2848,3476.0,0.2847,12374.0,0.2849,6238.0,0.285,25967.0
1753591937046,04:52:17.046,binance,1INCH/USDT:USDT,0.2848,3476.0,0.2847,12374.0,0.2849,6238.0,0.285,25967.0
1753591937391,04:52:17.391,binance,1INCH/USDT:USDT,0.2848,3476.0,0.2847,12374.0,0.2849,6238.0,0.285,25967.0
1753591937602,04:52:17.602,binance,1INCH/USDT:USDT,0.2848,3476.0,0.2847,12374.0,0.2849,6238.0,0.285,25967.0
1753591937861,04:52:17.861,binance,1INCH/USDT:USDT,0.2848,3476.0,0.2847,12374.0,0.2849,6238.0,0.285,25967.0
1753591938003,04:52:18.003,binance,1INCH/USDT:USDT,0.2848,3476.0,0.2847,12374.0,0.2849,6238.0,0.285,25967.0
1753591938202,04:52:18.202,binance,1INCH/USDT:USDT,0.2848,3476.0,0.2847,12374.0,0.2849,6238.0,0.285,25967.0
1753591938602,04:52:18.602,binance,1INCH/USDT:USDT,0.2848,3476.0,0.2847,12374.0,0.2849,6238.0,0.285,25967.0
1753591938802,04:52:18.802,binance,1INCH/USDT:USDT,0.2848,3476.0,0.2847,12374.0,0.2849,6238.0,0.285,25967.0
1753591939340,04:52:19.340,binance,1INCH/USDT:USDT,0.2848,3476.0,0.2847,12374.0,0.2849,6263.0,0.285,25967.0
1753591939498,04:52:19.498,binance,1INCH/USDT:USDT,0.2848,3476.0,0.2847,12374.0,0.2849,6263.0,0.285,25967.0
1753591939702,04:52:19.702,binance,1INCH/USDT:USDT,0.2848,3476.0,0.2847,12374.0,0.2849,6263.0,0.285,25967.0
1753591939848,04:52:19.848,binance,1INCH/USDT:USDT,0.2848,3476.0,0.2847,12374.0,0.2849,6263.0,0.285,25967.0
1753591940070,04:52:20.070,binance,1INCH/USDT:USDT,0.2848,3476.0,0.2847,12374.0,0.2849,6263.0,0.285,25967.0
1753591940302,04:52:20.302,binance,1INCH/USDT:USDT,0.2848,3476.0,0.2847,12374.0,0.2849,6258.0,0.285,25967.0
1753591940438,04:52:20.438,binance,1INCH/USDT:USDT,0.2848,3476.0,0.2847,12374.0,0.2849,6258.0,0.285,25967.0
1753591940578,04:52:20.578,binance,1INCH/USDT:USDT,0.2848,3476.0,0.2847,12374.0,0.2849,6258.0,0.285,25967.0
1753591941084,04:52:21.084,binance,1INCH/USDT:USDT,0.2848,3476.0,0.2847,12374.0,0.2849,6258.0,0.285,25831.0
1753591941503,04:52:21.503,binance,1INCH/USDT:USDT,0.2848,3476.0,0.2847,12374.0,0.2849,6258.0,0.285,25831.0
1753591941850,04:52:21.850,binance,1INCH/USDT:USDT,0.2848,3568.0,0.2847,11915.0,0.2849,5810.0,0.285,18859.0
1753591942067,04:52:22.067,binance,1INCH/USDT:USDT,0.2848,3568.0,0.2847,13726.0,0.2849,5810.0,0.285,18859.0
1753591942201,04:52:22.201,binance,1INCH/USDT:USDT,0.2848,3568.0,0.2847,11915.0,0.2849,5810.0,0.285,18859.0
1753591942490,04:52:22.490,binance,1INCH/USDT:USDT,0.2848,3568.0,0.2847,11915.0,0.2849,5810.0,0.285,18859.0
1753591942602,04:52:22.602,binance,1INCH/USDT:USDT,0.2848,3568.0,0.2847,11915.0,0.2849,5810.0,0.285,18859.0
1753591942864,04:52:22.864,binance,1INCH/USDT:USDT,0.2848,3568.0,0.2847,11915.0,0.2849,5810.0,0.285,18859.0
1753591943019,04:52:23.019,binance,1INCH/USDT:USDT,0.2848,3568.0,0.2847,11915.0,0.2849,5810.0,0.285,18859.0
1753591943202,04:52:23.202,binance,1INCH/USDT:USDT,0.2848,3568.0,0.2847,11915.0,0.2849,5810.0,0.285,18859.0
1753591943389,04:52:23.389,binance,1INCH/USDT:USDT,0.2848,6006.0,0.2847,13726.0,0.2849,5810.0,0.285,18859.0
1753591943711,04:52:23.711,binance,1INCH/USDT:USDT,0.2848,6006.0,0.2847,13726.0,0.2849,5810.0,0.285,18859.0
1753591943846,04:52:23.846,binance,1INCH/USDT:USDT,0.2848,6006.0,0.2847,13726.0,0.2849,5810.0,0.285,18859.0
1753591944131,04:52:24.131,binance,1INCH/USDT:USDT,0.2848,6334.0,0.2847,13726.0,0.2849,4768.0,0.285,18859.0
1753591944287,04:52:24.287,binance,1INCH/USDT:USDT,0.2848,6334.0,0.2847,13726.0,0.2849,4768.0,0.285,18859.0
1753591944479,04:52:24.479,binance,1INCH/USDT:USDT,0.2848,6334.0,0.2847,15541.0,0.2849,4787.0,0.285,18859.0
1753591944802,04:52:24.802,binance,1INCH/USDT:USDT,0.2849,6535.0,0.2848,10184.0,0.285,3038.0,0.2851,18087.0
1753591944905,04:52:24.905,binance,1INCH/USDT:USDT,0.2849,6535.0,0.2848,11799.0,0.285,1947.0,0.2851,9801.0
1753591945011,04:52:25.011,binance,1INCH/USDT:USDT,0.2849,8260.0,0.2848,10175.0,0.285,3568.0,0.2851,9801.0
1753591945128,04:52:25.128,binance,1INCH/USDT:USDT,0.2849,8260.0,0.2848,10175.0,0.285,3568.0,0.2851,9801.0
1753591945256,04:52:25.256,binance,1INCH/USDT:USDT,0.2849,8258.0,0.2848,10175.0,0.285,3568.0,0.2851,12801.0
1753591945357,04:52:25.357,binance,1INCH/USDT:USDT,0.2849,8258.0,0.2848,10175.0,0.285,3568.0,0.2851,12801.0
1753591945463,04:52:25.463,binance,1INCH/USDT:USDT,0.2849,8258.0,0.2848,10175.0,0.285,3568.0,0.2851,12801.0
1753591945576,04:52:25.576,binance,1INCH/USDT:USDT,0.2849,8258.0,0.2848,10175.0,0.285,3568.0,0.2851,12801.0
1753591945687,04:52:25.687,binance,1INCH/USDT:USDT,0.2849,8258.0,0.2848,10175.0,0.285,3568.0,0.2851,12801.0
1753591945828,04:52:25.828,binance,1INCH/USDT:USDT,0.2849,8258.0,0.2848,10175.0,0.285,3568.0,0.2851,12801.0
1753591945930,04:52:25.930,binance,1INCH/USDT:USDT,0.2849,8258.0,0.2848,10175.0,0.285,3568.0,0.2851,12531.0
1753591946039,04:52:26.039,binance,1INCH/USDT:USDT,0.2849,8258.0,0.2848,10175.0,0.285,3568.0,0.2851,12531.0
1753591946147,04:52:26.147,binance,1INCH/USDT:USDT,0.2849,8258.0,0.2848,11052.0,0.285,3568.0,0.2851,12531.0
1753591946263,04:52:26.263,binance,1INCH/USDT:USDT,0.2849,8258.0,0.2848,11052.0,0.285,3568.0,0.2851,13226.0
1753591946399,04:52:26.399,binance,1INCH/USDT:USDT,0.2849,8258.0,0.2848,11052.0,0.285,3568.0,0.2851,15330.0
1753591946882,04:52:26.882,binance,1INCH/USDT:USDT,0.2849,8258.0,0.2848,11052.0,0.285,3568.0,0.2851,16407.0
1753591946991,04:52:26.991,binance,1INCH/USDT:USDT,0.2849,8370.0,0.2848,11052.0,0.285,3568.0,0.2851,16407.0
1753591947193,04:52:27.193,binance,1INCH/USDT:USDT,0.2849,8370.0,0.2848,11052.0,0.285,3568.0,0.2851,16407.0
1753591947302,04:52:27.302,binance,1INCH/USDT:USDT,0.2849,8370.0,0.2848,11052.0,0.285,3568.0,0.2851,16407.0
1753591947502,04:52:27.502,binance,1INCH/USDT:USDT,0.2849,8370.0,0.2848,11052.0,0.285,3568.0,0.2851,16407.0
1753591947649,04:52:27.649,binance,1INCH/USDT:USDT,0.2849,8370.0,0.2848,11052.0,0.285,3568.0,0.2851,16407.0
1753591947802,04:52:27.802,binance,1INCH/USDT:USDT,0.2849,8370.0,0.2848,11052.0,0.285,3568.0,0.2851,16407.0
1753591947942,04:52:27.942,binance,1INCH/USDT:USDT,0.2849,8370.0,0.2848,11052.0,0.285,3568.0,0.2851,16407.0
1753591948046,04:52:28.046,binance,1INCH/USDT:USDT,0.2849,8370.0,0.2848,11052.0,0.285,3568.0,0.2851,16407.0
1753591948287,04:52:28.287,binance,1INCH/USDT:USDT,0.2849,8389.0,0.2848,11052.0,0.285,3568.0,0.2851,16407.0
1753591948402,04:52:28.402,binance,1INCH/USDT:USDT,0.2849,8389.0,0.2848,11052.0,0.285,3568.0,0.2851,16407.0
1753591948567,04:52:28.567,binance,1INCH/USDT:USDT,0.2849,8389.0,0.2848,11052.0,0.285,3568.0,0.2851,16407.0
1753591948702,04:52:28.702,binance,1INCH/USDT:USDT,0.2849,8389.0,0.2848,11052.0,0.285,3568.0,0.2851,16407.0
1753591948848,04:52:28.848,binance,1INCH/USDT:USDT,0.2849,8389.0,0.2848,11052.0,0.285,3568.0,0.2851,16407.0
1753591948951,04:52:28.951,binance,1INCH/USDT:USDT,0.2849,8389.0,0.2848,11052.0,0.285,3568.0,0.2851,16407.0
1753591949102,04:52:29.102,binance,1INCH/USDT:USDT,0.2849,8389.0,0.2848,11052.0,0.285,3568.0,0.2851,16407.0
1753591949240,04:52:29.240,binance,1INCH/USDT:USDT,0.2849,8389.0,0.2848,11052.0,0.285,3568.0,0.2851,16407.0
1753591949346,04:52:29.346,binance,1INCH/USDT:USDT,0.2849,8389.0,0.2848,11052.0,0.285,3568.0,0.2851,16407.0
1753591949448,04:52:29.448,binance,1INCH/USDT:USDT,0.2849,8389.0,0.2848,11052.0,0.285,3568.0,0.2851,16407.0
1753591949702,04:52:29.702,binance,1INCH/USDT:USDT,0.2849,8389.0,0.2848,11052.0,0.285,3568.0,0.2851,16407.0
1753591949863,04:52:29.863,binance,1INCH/USDT:USDT,0.2849,8389.0,0.2848,11052.0,0.285,3568.0,0.2851,16407.0
1753591950038,04:52:30.038,binance,1INCH/USDT:USDT,0.2849,7271.0,0.2848,19974.0,0.285,6006.0,0.2851,16407.0
1753591950287,04:52:30.287,binance,1INCH/USDT:USDT,0.2849,7271.0,0.2848,19974.0,0.285,9006.0,0.2851,16407.0
1753591950802,04:52:30.802,binance,1INCH/USDT:USDT,0.2849,7271.0,0.2848,19974.0,0.285,9006.0,0.2851,16173.0
1753591950903,04:52:30.903,binance,1INCH/USDT:USDT,0.2849,7271.0,0.2848,19974.0,0.285,9006.0,0.2851,16173.0
1753591951076,04:52:31.076,binance,1INCH/USDT:USDT,0.2849,7363.0,0.2848,19974.0,0.285,6006.0,0.2851,16173.0
1753591951180,04:52:31.180,binance,1INCH/USDT:USDT,0.2849,7363.0,0.2848,19974.0,0.285,3568.0,0.2851,16173.0
1753591951303,04:52:31.303,binance,1INCH/USDT:USDT,0.2849,7363.0,0.2848,19974.0,0.285,3568.0,0.2851,16173.0
1753591951407,04:52:31.407,binance,1INCH/USDT:USDT,0.2849,7363.0,0.2848,19974.0,0.285,3568.0,0.2851,16173.0
1753591951702,04:52:31.702,binance,1INCH/USDT:USDT,0.2849,7363.0,0.2848,19974.0,0.285,3568.0,0.2851,16173.0
1753591951902,04:52:31.902,binance,1INCH/USDT:USDT,0.2849,7363.0,0.2848,19974.0,0.285,3568.0,0.2851,16173.0
1753591952071,04:52:32.071,binance,1INCH/USDT:USDT,0.2849,7363.0,0.2848,19974.0,0.285,3568.0,0.2851,16173.0
1753591952268,04:52:32.268,binance,1INCH/USDT:USDT,0.2849,7363.0,0.2848,19974.0,0.285,3568.0,0.2851,16173.0
1753591952407,04:52:32.407,binance,1INCH/USDT:USDT,0.2849,7363.0,0.2848,19974.0,0.285,3568.0,0.2851,16173.0
1753591952807,04:52:32.807,binance,1INCH/USDT:USDT,0.2849,7363.0,0.2848,19974.0,0.285,3568.0,0.2851,16173.0
1753591952957,04:52:32.957,binance,1INCH/USDT:USDT,0.2849,7363.0,0.2848,19974.0,0.285,3568.0,0.2851,16173.0
1753591953102,04:52:33.102,binance,1INCH/USDT:USDT,0.2849,7363.0,0.2848,19974.0,0.285,3568.0,0.2851,16173.0
1753591953497,04:52:33.497,binance,1INCH/USDT:USDT,0.2849,7363.0,0.2848,19974.0,0.285,3568.0,0.2851,16173.0
1753591953602,04:52:33.602,binance,1INCH/USDT:USDT,0.2849,7363.0,0.2848,19974.0,0.285,3568.0,0.2851,16173.0
1753591954104,04:52:34.104,binance,1INCH/USDT:USDT,0.2849,7363.0,0.2848,19974.0,0.285,3568.0,0.2851,16173.0
1753591954302,04:52:34.302,binance,1INCH/USDT:USDT,0.2849,7363.0,0.2848,19974.0,0.285,3568.0,0.2851,16173.0
1753591954573,04:52:34.573,binance,1INCH/USDT:USDT,0.2849,7363.0,0.2848,19974.0,0.285,3568.0,0.2851,16173.0
1753591954702,04:52:34.702,binance,1INCH/USDT:USDT,0.2849,7365.0,0.2848,19974.0,0.285,3760.0,0.2851,16173.0
1753591954964,04:52:34.964,binance,1INCH/USDT:USDT,0.2849,7365.0,0.2848,19097.0,0.285,3760.0,0.2851,16173.0
1753591955197,04:52:35.197,binance,1INCH/USDT:USDT,0.2849,7365.0,0.2848,19097.0,0.285,3760.0,0.2851,16173.0
1753591955302,04:52:35.302,binance,1INCH/USDT:USDT,0.2849,7365.0,0.2848,19097.0,0.285,3760.0,0.2851,16173.0
1753591955694,04:52:35.694,binance,1INCH/USDT:USDT,0.2849,7365.0,0.2848,13300.0,0.285,3760.0,0.2851,16173.0
1753591955987,04:52:35.987,binance,1INCH/USDT:USDT,0.2849,7365.0,0.2848,13300.0,0.285,3760.0,0.2851,16173.0
1753591956402,04:52:36.402,binance,1INCH/USDT:USDT,0.2849,7365.0,0.2848,13300.0,0.285,3760.0,0.2851,16173.0
1753591957002,04:52:37.002,binance,1INCH/USDT:USDT,0.2849,7365.0,0.2848,13300.0,0.285,3760.0,0.2851,16173.0
1753591957403,04:52:37.403,binance,1INCH/USDT:USDT,0.2849,7365.0,0.2848,13300.0,0.285,3760.0,0.2851,16173.0
1753591957602,04:52:37.602,binance,1INCH/USDT:USDT,0.2849,7365.0,0.2848,13300.0,0.285,3760.0,0.2851,16173.0
1753591958003,04:52:38.003,binance,1INCH/USDT:USDT,0.2849,7365.0,0.2848,13300.0,0.285,3760.0,0.2851,16173.0
1753591958109,04:52:38.109,binance,1INCH/USDT:USDT,0.2849,7365.0,0.2848,13300.0,0.285,3760.0,0.2851,16173.0
1753591958267,04:52:38.267,binance,1INCH/USDT:USDT,0.2849,7365.0,0.2848,13300.0,0.285,3760.0,0.2851,16173.0
1753591958537,04:52:38.537,binance,1INCH/USDT:USDT,0.2849,7365.0,0.2848,13300.0,0.285,3760.0,0.2851,16173.0
1753591958694,04:52:38.694,binance,1INCH/USDT:USDT,0.2849,7365.0,0.2848,20906.0,0.285,3760.0,0.2851,16173.0
1753591958802,04:52:38.802,binance,1INCH/USDT:USDT,0.2849,7365.0,0.2848,20906.0,0.285,3760.0,0.2851,16173.0
1753591959237,04:52:39.237,binance,1INCH/USDT:USDT,0.2849,7365.0,0.2848,20906.0,0.285,3760.0,0.2851,16173.0
1753591959602,04:52:39.602,binance,1INCH/USDT:USDT,0.2849,7365.0,0.2848,20906.0,0.285,3760.0,0.2851,16173.0
1753591959775,04:52:39.775,binance,1INCH/USDT:USDT,0.2849,7529.0,0.2848,21783.0,0.285,250.0,0.2851,13173.0
1753591959920,04:52:39.920,binance,1INCH/USDT:USDT,0.2849,7529.0,0.2848,21783.0,0.285,250.0,0.2851,12946.0
1753591960202,04:52:40.202,binance,1INCH/USDT:USDT,0.2849,10529.0,0.2848,21783.0,0.285,250.0,0.2851,12946.0
1753591960337,04:52:40.337,binance,1INCH/USDT:USDT,0.2849,10529.0,0.2848,21783.0,0.285,250.0,0.2851,12946.0
1753591960447,04:52:40.447,binance,1INCH/USDT:USDT,0.2849,10529.0,0.2848,21783.0,0.285,250.0,0.2851,12946.0
1753591960566,04:52:40.566,binance,1INCH/USDT:USDT,0.2849,10548.0,0.2848,21783.0,0.285,250.0,0.2851,12946.0
1753591960802,04:52:40.802,binance,1INCH/USDT:USDT,0.2849,10548.0,0.2848,21783.0,0.285,250.0,0.2851,12946.0
1753591960986,04:52:40.986,binance,1INCH/USDT:USDT,0.2849,10548.0,0.2848,21783.0,0.285,250.0,0.2851,12946.0
1753591961292,04:52:41.292,binance,1INCH/USDT:USDT,0.2849,7384.0,0.2848,21783.0,0.285,2393.0,0.2851,10306.0
1753591961402,04:52:41.402,binance,1INCH/USDT:USDT,0.2849,7384.0,0.2848,21783.0,0.285,2393.0,0.2851,10306.0
1753591961560,04:52:41.560,binance,1INCH/USDT:USDT,0.2849,7384.0,0.2848,19974.0,0.285,4164.0,0.2851,10306.0
1753591961668,04:52:41.668,binance,1INCH/USDT:USDT,0.2849,7384.0,0.2848,12394.0,0.285,4164.0,0.2851,10306.0
1753591961802,04:52:41.802,binance,1INCH/USDT:USDT,0.2849,7384.0,0.2848,14203.0,0.285,4164.0,0.2851,10306.0
1753591961907,04:52:41.907,binance,1INCH/USDT:USDT,0.2849,7384.0,0.2848,14203.0,0.285,4164.0,0.2851,10306.0
1753591962102,04:52:42.102,binance,1INCH/USDT:USDT,0.2849,7384.0,0.2848,14203.0,0.285,4164.0,0.2851,10306.0
1753591962208,04:52:42.208,binance,1INCH/USDT:USDT,0.2849,7384.0,0.2848,14203.0,0.285,4164.0,0.2851,13306.0
1753591962347,04:52:42.347,binance,1INCH/USDT:USDT,0.2849,7384.0,0.2848,14203.0,0.285,4164.0,0.2851,13306.0
1753591962468,04:52:42.468,binance,1INCH/USDT:USDT,0.2849,7384.0,0.2848,14203.0,0.285,4164.0,0.2851,12993.0
1753591962572,04:52:42.572,binance,1INCH/USDT:USDT,0.2849,7366.0,0.2848,14203.0,0.285,4164.0,0.2851,12993.0
1753591962702,04:52:42.702,binance,1INCH/USDT:USDT,0.2849,7366.0,0.2848,14203.0,0.285,4164.0,0.2851,12993.0
1753591962902,04:52:42.902,binance,1INCH/USDT:USDT,0.2849,7366.0,0.2848,14203.0,0.285,4164.0,0.2851,12993.0
1753591963902,04:52:43.902,binance,1INCH/USDT:USDT,0.2849,7366.0,0.2848,14203.0,0.285,2393.0,0.2851,12993.0
1753591964102,04:52:44.102,binance,1INCH/USDT:USDT,0.2849,7366.0,0.2848,14203.0,0.285,2393.0,0.2851,12993.0
1753591964502,04:52:44.502,binance,1INCH/USDT:USDT,0.2849,7366.0,0.2848,14203.0,0.285,2393.0,0.2851,12993.0
1753591964702,04:52:44.702,binance,1INCH/USDT:USDT,0.2849,7366.0,0.2848,14203.0,0.285,1795.0,0.2851,12993.0
1753591964851,04:52:44.851,binance,1INCH/USDT:USDT,0.2849,7366.0,0.2848,14203.0,0.285,1795.0,0.2851,12993.0
1753591965102,04:52:45.102,binance,1INCH/USDT:USDT,0.2849,7366.0,0.2848,14203.0,0.285,1795.0,0.2851,12993.0
1753591965702,04:52:45.702,binance,1INCH/USDT:USDT,0.2849,7366.0,0.2848,14203.0,0.285,1795.0,0.2851,12993.0
1753591965902,04:52:45.902,binance,1INCH/USDT:USDT,0.2849,7366.0,0.2848,14203.0,0.285,1795.0,0.2851,12993.0
1753591966117,04:52:46.117,binance,1INCH/USDT:USDT,0.2849,7366.0,0.2848,14203.0,0.285,1795.0,0.2851,12993.0
1753591966246,04:52:46.246,binance,1INCH/USDT:USDT,0.2849,7366.0,0.2848,14203.0,0.285,1795.0,0.2851,12993.0
1753591966664,04:52:46.664,binance,1INCH/USDT:USDT,0.2849,7366.0,0.2848,14203.0,0.285,1820.0,0.2851,12993.0
1753591966797,04:52:46.797,binance,1INCH/USDT:USDT,0.2849,7366.0,0.2848,14203.0,0.285,1820.0,0.2851,12993.0
1753591966902,04:52:46.902,binance,1INCH/USDT:USDT,0.2849,7366.0,0.2848,14203.0,0.285,1820.0,0.2851,12993.0
1753591967102,04:52:47.102,binance,1INCH/USDT:USDT,0.2849,7366.0,0.2848,14203.0,0.285,1820.0,0.2851,12993.0
1753591967302,04:52:47.302,binance,1INCH/USDT:USDT,0.2849,7366.0,0.2848,14203.0,0.285,1820.0,0.2851,12993.0
1753591967602,04:52:47.602,binance,1INCH/USDT:USDT,0.2849,7366.0,0.2848,14203.0,0.285,1820.0,0.2851,12993.0
1753591967903,04:52:47.903,binance,1INCH/USDT:USDT,0.2849,7366.0,0.2848,14203.0,0.285,1820.0,0.2851,12993.0
1753591968166,04:52:48.166,binance,1INCH/USDT:USDT,0.2849,7366.0,0.2848,14203.0,0.285,275.0,0.2851,9993.0
1753591968310,04:52:48.310,binance,1INCH/USDT:USDT,0.2849,7366.0,0.2848,14203.0,0.285,275.0,0.2851,11548.0
1753591968458,04:52:48.458,binance,1INCH/USDT:USDT,0.2849,7366.0,0.2848,14203.0,0.285,275.0,0.2851,11548.0
1753591968567,04:52:48.567,binance,1INCH/USDT:USDT,0.2849,7366.0,0.2848,14203.0,0.285,275.0,0.2851,11548.0
1753591968702,04:52:48.702,binance,1INCH/USDT:USDT,0.2849,7366.0,0.2848,14203.0,0.285,275.0,0.2851,11548.0
1753591969033,04:52:49.033,binance,1INCH/USDT:USDT,0.2849,10366.0,0.2848,14203.0,0.285,275.0,0.2851,11548.0
1753591969157,04:52:49.157,binance,1INCH/USDT:USDT,0.2849,10366.0,0.2848,16919.0,0.285,275.0,0.2851,11548.0
1753591969287,04:52:49.287,binance,1INCH/USDT:USDT,0.2849,10366.0,0.2848,16919.0,0.285,275.0,0.2851,11548.0
1753591969401,04:52:49.401,binance,1INCH/USDT:USDT,0.2849,10366.0,0.2848,16919.0,0.285,275.0,0.2851,11548.0
1753591969557,04:52:49.557,binance,1INCH/USDT:USDT,0.2849,10366.0,0.2848,16919.0,0.285,275.0,0.2851,11548.0
1753591969754,04:52:49.754,binance,1INCH/USDT:USDT,0.2849,10366.0,0.2848,16919.0,0.285,275.0,0.2851,11548.0
1753591969900,04:52:49.900,binance,1INCH/USDT:USDT,0.2848,4632.0,0.2847,12973.0,0.2849,1815.0,0.285,14042.0
1753591970104,04:52:50.104,binance,1INCH/USDT:USDT,0.2848,6557.0,0.2847,16235.0,0.2849,6661.0,0.285,16277.0
1753591970209,04:52:50.209,binance,1INCH/USDT:USDT,0.2848,6557.0,0.2847,16235.0,0.2849,6661.0,0.285,15475.0
1753591970349,04:52:50.349,binance,1INCH/USDT:USDT,0.2848,6627.0,0.2847,16235.0,0.2849,6661.0,0.285,15475.0
1753591970455,04:52:50.455,binance,1INCH/USDT:USDT,0.2848,6627.0,0.2847,16235.0,0.2849,3661.0,0.285,15475.0
1753591970558,04:52:50.558,binance,1INCH/USDT:USDT,0.2848,6627.0,0.2847,16235.0,0.2849,3661.0,0.285,15475.0
1753591970685,04:52:50.685,binance,1INCH/USDT:USDT,0.2848,6627.0,0.2847,16235.0,0.2849,3661.0,0.285,15475.0
1753591970821,04:52:50.821,binance,1INCH/USDT:USDT,0.2848,6627.0,0.2847,16235.0,0.2849,3661.0,0.285,16352.0
1753591970930,04:52:50.930,binance,1INCH/USDT:USDT,0.2848,6627.0,0.2847,14229.0,0.2849,3661.0,0.285,16352.0
1753591971047,04:52:51.047,binance,1INCH/USDT:USDT,0.2848,6627.0,0.2847,14955.0,0.2849,7687.0,0.285,16352.0
1753591971161,04:52:51.161,binance,1INCH/USDT:USDT,0.2848,6606.0,0.2847,14955.0,0.2849,7687.0,0.285,16352.0
1753591971368,04:52:51.368,binance,1INCH/USDT:USDT,0.2848,6606.0,0.2847,14955.0,0.2849,7687.0,0.285,16514.0
1753591971744,04:52:51.744,binance,1INCH/USDT:USDT,0.2848,6606.0,0.2847,14229.0,0.2849,7687.0,0.285,16514.0
1753591971901,04:52:51.901,binance,1INCH/USDT:USDT,0.2848,6606.0,0.2847,14229.0,0.2849,7687.0,0.285,17210.0
1753591972005,04:52:52.005,binance,1INCH/USDT:USDT,0.2848,6606.0,0.2847,14229.0,0.2849,7687.0,0.285,17210.0
1753591972137,04:52:52.137,binance,1INCH/USDT:USDT,0.2848,6606.0,0.2847,14955.0,0.2849,4687.0,0.285,17210.0
