timestamp,time,exchange,symbol,bid1_price,bid1_volume,bid2_price,bid2_volume,ask1_price,ask1_volume,ask2_price,ask2_volume
1753591853647,04:50:53.647,blofin,ACH/USDT:USDT,0.02301,3520.0,0.023,5.0,0.02302,5.0,0.02303,5432.0
1753591854390,04:50:54.390,blofin,ACH/USDT:USDT,0.02301,3520.0,0.023,5.0,0.02303,5650.0,0.02307,119194.0
1753591854599,04:50:54.599,blofin,ACH/USDT:USDT,0.02301,3525.0,0.02299,5.0,0.02303,5650.0,0.02307,119194.0
1753591855598,04:50:55.598,blofin,ACH/USDT:USDT,0.02301,3853.0,0.02299,5.0,0.02303,5650.0,0.02304,138224.0
1753591856099,04:50:56.099,blofin,ACH/USDT:USDT,0.02301,3853.0,0.02299,5.0,0.02303,5650.0,0.02304,138224.0
1753591856600,04:50:56.600,blofin,ACH/USDT:USDT,0.02301,4173.0,0.02299,5.0,0.02303,5649.0,0.02306,97628.0
1753591857603,04:50:57.603,blofin,ACH/USDT:USDT,0.02301,7029.0,0.02299,5.0,0.02304,2548.0,0.02307,62825.0
1753591858393,04:50:58.393,blofin,ACH/USDT:USDT,0.02301,7027.0,0.02299,5.0,0.02304,2547.0,0.02307,62825.0
1753591859104,04:50:59.104,blofin,ACH/USDT:USDT,0.02301,7003.0,0.02299,7072.0,0.02303,1394.0,0.02307,1547.0
1753591859605,04:50:59.605,blofin,ACH/USDT:USDT,0.02301,7005.0,0.02299,7072.0,0.02303,1394.0,0.02307,152098.0
1753591860393,04:51:00.393,blofin,ACH/USDT:USDT,0.02301,7002.0,0.02299,108998.0,0.02303,1394.0,0.02305,131422.0
1753591861108,04:51:01.108,blofin,ACH/USDT:USDT,0.02301,7003.0,0.02299,108998.0,0.02303,1397.0,0.02305,131422.0
1753591861616,04:51:01.616,blofin,ACH/USDT:USDT,0.02301,7003.0,0.02299,7072.0,0.02303,1394.0,0.02307,1547.0
1753591960476,04:52:40.476,blofin,ACH/USDT:USDT,0.02301,115248.0,0.02299,7072.0,0.02303,1394.0,0.02305,22.0
1753591960780,04:52:40.780,blofin,ACH/USDT:USDT,0.02301,115248.0,0.02299,7072.0,0.02303,1394.0,0.02305,18.0
1753591961481,04:52:41.481,blofin,ACH/USDT:USDT,0.02303,10250.0,0.02302,90350.0,0.02303,1394.0,0.02305,242.0
1753591961783,04:52:41.783,blofin,ACH/USDT:USDT,0.02303,10250.0,0.02302,90350.0,0.02303,1394.0,0.02305,242.0
1753591962783,04:52:42.783,blofin,ACH/USDT:USDT,0.02303,10018.0,0.02299,34095.0,0.02303,1394.0,0.02305,1098.0
1753591963284,04:52:43.284,blofin,ACH/USDT:USDT,0.02303,10018.0,0.02299,34095.0,0.02303,1394.0,0.02305,1101.0
1753591963786,04:52:43.786,blofin,ACH/USDT:USDT,0.02303,10861.0,0.02302,67683.0,0.02303,1394.0,0.02305,11.0
1753591964477,04:52:44.477,blofin,ACH/USDT:USDT,0.02303,10883.0,0.023,5235.0,0.02303,1394.0,0.02305,11.0
1753591964789,04:52:44.789,blofin,ACH/USDT:USDT,0.02303,10882.0,0.023,5235.0,0.02303,1394.0,0.02305,11.0
1753591965791,04:52:45.791,blofin,ACH/USDT:USDT,0.02303,10886.0,0.023,5235.0,0.02303,1394.0,0.02305,1.0
1753591966478,04:52:46.478,blofin,ACH/USDT:USDT,0.02303,10884.0,0.023,5235.0,0.02303,1394.0,0.02305,1.0
1753591966792,04:52:46.792,blofin,ACH/USDT:USDT,0.02303,10884.0,0.02301,7212.0,0.02303,1394.0,0.02305,1.0
1753591967795,04:52:47.795,blofin,ACH/USDT:USDT,0.02303,10794.0,0.02301,19440.0,0.02303,1394.0,0.02305,9.0
1753591968294,04:52:48.294,blofin,ACH/USDT:USDT,0.02303,10794.0,0.02301,12228.0,0.02303,1394.0,0.02305,9.0
1753591968796,04:52:48.796,blofin,ACH/USDT:USDT,0.02303,12395.0,0.02302,138106.0,0.02303,1394.0,0.02305,12.0
1753591969480,04:52:49.480,blofin,ACH/USDT:USDT,0.02303,12403.0,0.02301,86247.0,0.02303,1394.0,0.02305,4.0
1753592056453,04:54:16.453,blofin,ACH/USDT:USDT,0.02305,11357.0,0.02303,12403.0,0.02303,1394.0,0.02305,4.0
1753592056954,04:54:16.954,blofin,ACH/USDT:USDT,0.02305,8149.0,0.02303,12403.0,0.02303,1394.0,0.02305,4.0
1753592057561,04:54:17.561,blofin,ACH/USDT:USDT,0.02305,8151.0,0.02303,12403.0,0.02303,1394.0,0.02305,4.0
1753592058458,04:54:18.458,blofin,ACH/USDT:USDT,0.02305,8153.0,0.02303,12403.0,0.02303,1394.0,0.02305,4.0
1753592058958,04:54:18.958,blofin,ACH/USDT:USDT,0.02305,8152.0,0.02304,41600.0,0.02303,1394.0,0.02305,4.0
1753592059562,04:54:19.562,blofin,ACH/USDT:USDT,0.02305,7544.0,0.02304,3481.0,0.02303,1394.0,0.02305,4.0
1753592061562,04:54:21.562,blofin,ACH/USDT:USDT,0.02305,7585.0,0.02302,6384.0,0.02303,1394.0,0.02305,4.0
1753592061963,04:54:21.963,blofin,ACH/USDT:USDT,0.02305,7585.0,0.02302,6384.0,0.02303,1394.0,0.02305,4.0
1753592062564,04:54:22.564,blofin,ACH/USDT:USDT,0.02305,7585.0,0.02302,120064.0,0.02303,1394.0,0.02305,4.0
1753592063467,04:54:23.467,blofin,ACH/USDT:USDT,0.02305,7585.0,0.02302,120064.0,0.02303,1394.0,0.02305,4.0
1753592063968,04:54:23.968,blofin,ACH/USDT:USDT,0.02305,7583.0,0.02302,130576.0,0.02303,1394.0,0.02305,4.0
1753592064568,04:54:24.568,blofin,ACH/USDT:USDT,0.02305,7583.0,0.02304,5566.0,0.02303,1394.0,0.02305,4.0
1753592151139,04:55:51.139,blofin,ACH/USDT:USDT,0.02305,1178.0,0.02304,5566.0,0.02303,1394.0,0.02305,4.0
1753592152139,04:55:52.139,blofin,ACH/USDT:USDT,0.02305,1178.0,0.02304,66731.0,0.02303,1394.0,0.02305,4.0
1753592152634,04:55:52.634,blofin,ACH/USDT:USDT,0.02305,1178.0,0.02303,60021.0,0.02303,1394.0,0.02305,4.0
1753592153141,04:55:53.141,blofin,ACH/USDT:USDT,0.02305,1175.0,0.02303,60021.0,0.02303,1394.0,0.02305,4.0
1753592153633,04:55:53.633,blofin,ACH/USDT:USDT,0.02305,1178.0,0.02303,60021.0,0.02303,1394.0,0.02305,4.0
1753592154633,04:55:54.633,blofin,ACH/USDT:USDT,0.02305,2031.0,0.02301,115523.0,0.02303,1394.0,0.02305,4.0
1753592155144,04:55:55.144,blofin,ACH/USDT:USDT,0.02305,2031.0,0.02301,115523.0,0.02303,1394.0,0.02305,4.0
1753592156145,04:55:56.145,blofin,ACH/USDT:USDT,0.02305,1175.0,0.02303,55263.0,0.02303,1394.0,0.02305,4.0
1753592156635,04:55:56.635,blofin,ACH/USDT:USDT,0.02305,1879.0,0.02303,62283.0,0.02303,1394.0,0.02305,4.0
1753592157146,04:55:57.146,blofin,ACH/USDT:USDT,0.02305,1879.0,0.02303,62283.0,0.02303,1394.0,0.02305,4.0
1753592158147,04:55:58.147,blofin,ACH/USDT:USDT,0.02305,1879.0,0.02303,101998.0,0.02303,1394.0,0.02305,4.0
1753592158637,04:55:58.637,blofin,ACH/USDT:USDT,0.02305,1878.0,0.02303,101998.0,0.02303,1394.0,0.02305,4.0
1753592159150,04:55:59.150,blofin,ACH/USDT:USDT,0.02305,2590.0,0.02302,13686.0,0.02303,1394.0,0.02305,4.0
1753592159637,04:55:59.637,blofin,ACH/USDT:USDT,0.02305,1806.0,0.02302,13686.0,0.02303,1394.0,0.02305,4.0
1753592245889,04:57:25.889,blofin,ACH/USDT:USDT,0.02305,1806.0,0.02303,172844.0,0.02303,1394.0,0.02305,4.0
1753592246390,04:57:26.390,blofin,ACH/USDT:USDT,0.02305,1806.0,0.02303,167071.0,0.02303,1394.0,0.02305,4.0
1753592247391,04:57:27.391,blofin,ACH/USDT:USDT,0.02305,1806.0,0.02302,13686.0,0.02303,1394.0,0.02305,4.0
1753592247892,04:57:27.892,blofin,ACH/USDT:USDT,0.02305,1806.0,0.02303,50134.0,0.02303,1394.0,0.02305,4.0
1753592249896,04:57:29.896,blofin,ACH/USDT:USDT,0.02305,1806.0,0.02304,7159.0,0.02303,1394.0,0.02305,4.0
1753592250714,04:57:30.714,blofin,ACH/USDT:USDT,0.02305,1806.0,0.02304,3135.0,0.02303,1394.0,0.02305,4.0
1753592251400,04:57:31.400,blofin,ACH/USDT:USDT,0.02305,1806.0,0.02304,3134.0,0.02303,1394.0,0.02305,4.0
1753592251899,04:57:31.899,blofin,ACH/USDT:USDT,0.02305,1806.0,0.02304,6293.0,0.02303,1394.0,0.02305,4.0
1753592252400,04:57:32.400,blofin,ACH/USDT:USDT,0.02305,1806.0,0.02304,6293.0,0.02303,1394.0,0.02305,4.0
1753592252901,04:57:32.901,blofin,ACH/USDT:USDT,0.02305,1806.0,0.02304,5509.0,0.02303,1394.0,0.02305,4.0
1753592253732,04:57:33.732,blofin,ACH/USDT:USDT,0.02305,1806.0,0.02304,5512.0,0.02303,1394.0,0.02305,4.0
1753592254402,04:57:34.402,blofin,ACH/USDT:USDT,0.02305,1806.0,0.02304,7399.0,0.02303,1394.0,0.02305,4.0
1753592254904,04:57:34.904,blofin,ACH/USDT:USDT,0.02305,1806.0,0.02304,7397.0,0.02303,1394.0,0.02305,4.0
1753592255723,04:57:35.723,blofin,ACH/USDT:USDT,0.02305,1806.0,0.02304,7397.0,0.02303,1394.0,0.02305,4.0
1753592256910,04:57:36.910,blofin,ACH/USDT:USDT,0.02305,1806.0,0.02304,7400.0,0.02303,1394.0,0.02305,4.0
1753592257724,04:57:37.724,blofin,ACH/USDT:USDT,0.02305,1806.0,0.02304,7400.0,0.02303,1394.0,0.02305,4.0
1753592367108,04:59:27.108,blofin,ACH/USDT:USDT,0.02305,1806.0,0.02304,5.0,0.02303,1394.0,0.02305,4.0
1753592367823,04:59:27.823,blofin,ACH/USDT:USDT,0.02305,1806.0,0.02304,5.0,0.02303,1394.0,0.02305,4.0
1753592368106,04:59:28.106,blofin,ACH/USDT:USDT,0.02305,1806.0,0.02304,5.0,0.02303,1394.0,0.02305,4.0
1753592368826,04:59:28.826,blofin,ACH/USDT:USDT,0.02305,9629.0,0.02304,5.0,0.02303,1394.0,0.02305,4.0
1753592369609,04:59:29.609,blofin,ACH/USDT:USDT,0.02305,11233.0,0.02304,28740.0,0.02303,1394.0,0.02305,4.0
1753592369825,04:59:29.825,blofin,ACH/USDT:USDT,0.02305,14289.0,0.02304,5.0,0.02303,1394.0,0.02305,4.0
1753592370827,04:59:30.827,blofin,ACH/USDT:USDT,0.02305,14290.0,0.02304,54743.0,0.02303,1394.0,0.02305,4.0
1753592371110,04:59:31.110,blofin,ACH/USDT:USDT,0.02305,14289.0,0.02304,54743.0,0.02303,1394.0,0.02305,4.0
1753592371828,04:59:31.828,blofin,ACH/USDT:USDT,0.02305,14290.0,0.02304,5.0,0.02303,1394.0,0.02305,4.0
1753592372613,04:59:32.613,blofin,ACH/USDT:USDT,0.02305,14290.0,0.02304,5.0,0.02303,1394.0,0.02305,4.0
1753592373114,04:59:33.114,blofin,ACH/USDT:USDT,0.02305,14290.0,0.02304,5.0,0.02303,1394.0,0.02305,4.0
1753592373847,04:59:33.847,blofin,ACH/USDT:USDT,0.02305,14295.0,0.02303,13246.0,0.02303,1394.0,0.02305,4.0
1753592374115,04:59:34.115,blofin,ACH/USDT:USDT,0.02305,14295.0,0.02301,39785.0,0.02303,1394.0,0.02305,4.0
1753592375117,04:59:35.117,blofin,ACH/USDT:USDT,0.02305,14295.0,0.02303,156422.0,0.02303,1394.0,0.02305,4.0
1753592375619,04:59:35.619,blofin,ACH/USDT:USDT,0.02305,14295.0,0.02303,156422.0,0.02303,1394.0,0.02305,4.0
1753592376119,04:59:36.119,blofin,ACH/USDT:USDT,0.02305,14295.0,0.02304,156519.0,0.02303,1394.0,0.02305,4.0
1753592376838,04:59:36.838,blofin,ACH/USDT:USDT,0.02305,14295.0,0.02302,139787.0,0.02303,1394.0,0.02305,4.0
1753592377122,04:59:37.122,blofin,ACH/USDT:USDT,0.02305,14295.0,0.02302,139787.0,0.02303,1394.0,0.02305,4.0
1753592378124,04:59:38.124,blofin,ACH/USDT:USDT,0.02305,14293.0,0.02302,77059.0,0.02303,1394.0,0.02305,4.0
1753592378624,04:59:38.624,blofin,ACH/USDT:USDT,0.02305,14292.0,0.02302,77059.0,0.02303,1394.0,0.02305,4.0
1753592483818,05:01:23.818,blofin,ACH/USDT:USDT,0.02305,14292.0,0.02302,77059.0,0.02303,1394.0,0.02305,4.0
1753592484318,05:01:24.318,blofin,ACH/USDT:USDT,0.02306,4481.0,0.02305,14292.0,0.02303,1394.0,0.02305,4.0
1753592484922,05:01:24.922,blofin,ACH/USDT:USDT,0.02306,7588.0,0.02305,14292.0,0.02303,1394.0,0.02305,4.0
1753592485318,05:01:25.318,blofin,ACH/USDT:USDT,0.02306,7586.0,0.02305,14292.0,0.02303,1394.0,0.02305,4.0
1753592486319,05:01:26.319,blofin,ACH/USDT:USDT,0.02306,7604.0,0.02305,14292.0,0.02303,1394.0,0.02305,4.0
1753592486922,05:01:26.922,blofin,ACH/USDT:USDT,0.02306,7604.0,0.02305,221208.0,0.02303,1394.0,0.02305,4.0
1753592487322,05:01:27.322,blofin,ACH/USDT:USDT,0.02306,7604.0,0.02305,221208.0,0.02303,1394.0,0.02305,4.0
1753592487924,05:01:27.924,blofin,ACH/USDT:USDT,0.02306,3412.0,0.02304,1.0,0.02303,1394.0,0.02305,4.0
1753592488825,05:01:28.825,blofin,ACH/USDT:USDT,0.02306,3412.0,0.02305,3404.0,0.02303,1394.0,0.02305,4.0
1753592489328,05:01:29.328,blofin,ACH/USDT:USDT,0.02306,3412.0,0.02305,5176.0,0.02303,1394.0,0.02305,4.0
1753592489924,05:01:29.924,blofin,ACH/USDT:USDT,0.02306,3412.0,0.02304,1.0,0.02303,1394.0,0.02305,4.0
1753592491329,05:01:31.329,blofin,ACH/USDT:USDT,0.02306,3410.0,0.02305,2535.0,0.02303,1394.0,0.02305,4.0
1753592491925,05:01:31.925,blofin,ACH/USDT:USDT,0.02306,7530.0,0.02304,1.0,0.02303,1394.0,0.02305,4.0
1753592492333,05:01:32.333,blofin,ACH/USDT:USDT,0.02306,7530.0,0.02304,1.0,0.02303,1394.0,0.02305,4.0
1753592569472,05:02:49.472,blofin,ACH/USDT:USDT,0.02306,7530.0,0.02304,6093.0,0.02303,1394.0,0.02305,4.0
1753592569971,05:02:49.971,blofin,ACH/USDT:USDT,0.02306,7530.0,0.02304,6093.0,0.02303,1394.0,0.02305,4.0
1753592570973,05:02:50.973,blofin,ACH/USDT:USDT,0.02306,7530.0,0.02304,6093.0,0.02303,1394.0,0.02305,4.0
1753592572481,05:02:52.481,blofin,ACH/USDT:USDT,0.02306,7530.0,0.02304,7457.0,0.02303,1394.0,0.02305,4.0
1753592572976,05:02:52.976,blofin,ACH/USDT:USDT,0.02306,7530.0,0.02304,7460.0,0.02303,1394.0,0.02305,4.0
1753592573476,05:02:53.476,blofin,ACH/USDT:USDT,0.02306,7530.0,0.02304,1189.0,0.02303,1394.0,0.02305,4.0
1753592573977,05:02:53.977,blofin,ACH/USDT:USDT,0.02306,7530.0,0.02304,1189.0,0.02303,1394.0,0.02305,4.0
1753592574477,05:02:54.477,blofin,ACH/USDT:USDT,0.02306,7530.0,0.02304,58.0,0.02303,1394.0,0.02305,4.0
1753592575484,05:02:55.484,blofin,ACH/USDT:USDT,0.02306,7530.0,0.02304,211.0,0.02303,1394.0,0.02305,4.0
1753592576485,05:02:56.485,blofin,ACH/USDT:USDT,0.02306,7530.0,0.02304,11.0,0.02303,1394.0,0.02305,4.0
1753592577485,05:02:57.485,blofin,ACH/USDT:USDT,0.02306,7530.0,0.02304,211.0,0.02303,1394.0,0.02305,4.0
1753592577986,05:02:57.986,blofin,ACH/USDT:USDT,0.02306,7530.0,0.02304,211.0,0.02303,1394.0,0.02305,4.0
1753592578488,05:02:58.488,blofin,ACH/USDT:USDT,0.02306,7530.0,0.02304,13.0,0.02303,1394.0,0.02305,4.0
1753592579489,05:02:59.489,blofin,ACH/USDT:USDT,0.02306,7530.0,0.02304,10.0,0.02303,1394.0,0.02305,4.0
1753592579991,05:02:59.991,blofin,ACH/USDT:USDT,0.02306,7530.0,0.02304,11.0,0.02303,1394.0,0.02305,4.0
1753592580991,05:03:00.991,blofin,ACH/USDT:USDT,0.02306,7530.0,0.02304,12.0,0.02303,1394.0,0.02305,4.0
1753592581551,05:03:01.551,blofin,ACH/USDT:USDT,0.02306,7530.0,0.02304,4.0,0.02303,1394.0,0.02305,4.0
1753592683279,05:04:43.279,blofin,ACH/USDT:USDT,0.02306,7530.0,0.02304,4.0,0.02303,1394.0,0.02305,4.0
1753592684281,05:04:44.281,blofin,ACH/USDT:USDT,0.02306,7530.0,0.02304,4.0,0.02303,1394.0,0.02305,4.0
1753592684783,05:04:44.783,blofin,ACH/USDT:USDT,0.02306,7530.0,0.02304,911.0,0.02303,1394.0,0.02305,4.0
1753592685281,05:04:45.281,blofin,ACH/USDT:USDT,0.02306,7530.0,0.02304,912.0,0.02303,1394.0,0.02305,4.0
1753592686086,05:04:46.086,blofin,ACH/USDT:USDT,0.02306,7530.0,0.02304,912.0,0.02303,1394.0,0.02305,4.0
1753592687285,05:04:47.285,blofin,ACH/USDT:USDT,0.02306,7530.0,0.02304,913.0,0.02303,1394.0,0.02305,4.0
1753592688287,05:04:48.287,blofin,ACH/USDT:USDT,0.02306,7530.0,0.02304,909.0,0.02303,1394.0,0.02305,4.0
1753592689291,05:04:49.291,blofin,ACH/USDT:USDT,0.02306,7530.0,0.02304,911.0,0.02303,1394.0,0.02305,4.0
1753592689790,05:04:49.790,blofin,ACH/USDT:USDT,0.02306,7530.0,0.02304,911.0,0.02303,1394.0,0.02305,4.0
1753592690291,05:04:50.291,blofin,ACH/USDT:USDT,0.02306,7530.0,0.02304,919.0,0.02303,1394.0,0.02305,4.0
1753592691090,05:04:51.090,blofin,ACH/USDT:USDT,0.02306,7530.0,0.02304,919.0,0.02303,1394.0,0.02305,4.0
1753592692296,05:04:52.296,blofin,ACH/USDT:USDT,0.02306,7530.0,0.02304,921.0,0.02303,1394.0,0.02305,4.0
1753592692796,05:04:52.796,blofin,ACH/USDT:USDT,0.02306,7530.0,0.02304,919.0,0.02303,1394.0,0.02305,4.0
1753592693298,05:04:53.298,blofin,ACH/USDT:USDT,0.02306,7530.0,0.02304,920.0,0.02303,1394.0,0.02305,4.0
1753592694096,05:04:54.096,blofin,ACH/USDT:USDT,0.02306,7530.0,0.02304,921.0,0.02303,1394.0,0.02305,4.0
1753592694799,05:04:54.799,blofin,ACH/USDT:USDT,0.02306,7530.0,0.02304,921.0,0.02303,1394.0,0.02305,4.0
1753592695302,05:04:55.302,blofin,ACH/USDT:USDT,0.02306,7530.0,0.02304,921.0,0.02303,1394.0,0.02305,4.0
1753592798477,05:06:38.477,blofin,ACH/USDT:USDT,0.02306,7530.0,0.02304,921.0,0.02303,1394.0,0.02305,4.0
1753592799192,05:06:39.192,blofin,ACH/USDT:USDT,0.02306,7530.0,0.02304,921.0,0.02303,1394.0,0.02305,4.0
1753592799480,05:06:39.480,blofin,ACH/USDT:USDT,0.02306,7530.0,0.02304,921.0,0.02303,1394.0,0.02305,4.0
1753592800481,05:06:40.481,blofin,ACH/USDT:USDT,0.02306,7530.0,0.02304,149.0,0.02303,1394.0,0.02305,4.0
1753592800982,05:06:40.982,blofin,ACH/USDT:USDT,0.02306,7530.0,0.02304,149.0,0.02303,1394.0,0.02305,4.0
1753592801483,05:06:41.483,blofin,ACH/USDT:USDT,0.02306,7530.0,0.02304,149.0,0.02303,1394.0,0.02305,4.0
1753592802193,05:06:42.193,blofin,ACH/USDT:USDT,0.02306,7530.0,0.02304,245.0,0.02303,1394.0,0.02305,4.0
1753592802486,05:06:42.486,blofin,ACH/USDT:USDT,0.02306,7530.0,0.02304,245.0,0.02303,1394.0,0.02305,4.0
1753592803487,05:06:43.487,blofin,ACH/USDT:USDT,0.02306,7530.0,0.02304,5.0,0.02303,1394.0,0.02305,4.0
1753592804196,05:06:44.196,blofin,ACH/USDT:USDT,0.02306,7530.0,0.02304,4.0,0.02303,1394.0,0.02305,4.0
1753592805491,05:06:45.491,blofin,ACH/USDT:USDT,0.02306,7530.0,0.02304,4.0,0.02303,1394.0,0.02305,1018.0
1753592806201,05:06:46.201,blofin,ACH/USDT:USDT,0.02306,7530.0,0.02304,4.0,0.02303,1394.0,0.02305,2.0
1753592806493,05:06:46.493,blofin,ACH/USDT:USDT,0.02306,7530.0,0.02304,4.0,0.02303,1394.0,0.02306,404.0
1753592807494,05:06:47.494,blofin,ACH/USDT:USDT,0.02306,7530.0,0.02304,4.0,0.02303,1394.0,0.02306,1268.0
1753592807997,05:06:47.997,blofin,ACH/USDT:USDT,0.02306,7530.0,0.02304,4.0,0.02303,1394.0,0.02306,1270.0
1753592808497,05:06:48.497,blofin,ACH/USDT:USDT,0.02306,7530.0,0.02304,4.0,0.02303,1394.0,0.02305,5681.0
1753592809201,05:06:49.201,blofin,ACH/USDT:USDT,0.02306,7530.0,0.02304,4.0,0.02303,1394.0,0.02305,5681.0
1753592809998,05:06:49.998,blofin,ACH/USDT:USDT,0.02306,7530.0,0.02304,4.0,0.02303,1394.0,0.02305,5684.0
1753592810500,05:06:50.500,blofin,ACH/USDT:USDT,0.02306,7530.0,0.02304,4.0,0.02303,1394.0,0.02305,5684.0
1753592811201,05:06:51.201,blofin,ACH/USDT:USDT,0.02306,7530.0,0.02304,4.0,0.02303,1394.0,0.02305,2596.0
1753592812504,05:06:52.504,blofin,ACH/USDT:USDT,0.02306,7530.0,0.02304,4.0,0.02303,1394.0,0.02305,2596.0
1753592939308,05:08:59.308,blofin,ACH/USDT:USDT,0.02306,7530.0,0.02304,4.0,0.02303,1394.0,0.02305,11036.0
1753592939740,05:08:59.740,blofin,ACH/USDT:USDT,0.02306,7530.0,0.02304,4.0,0.02303,1394.0,0.02305,11036.0
1753592940738,05:09:00.738,blofin,ACH/USDT:USDT,0.02306,7530.0,0.02304,4.0,0.02303,1394.0,0.02305,11036.0
1753592941309,05:09:01.309,blofin,ACH/USDT:USDT,0.02306,7530.0,0.02304,4.0,0.02303,1394.0,0.02305,11036.0
1753592941740,05:09:01.740,blofin,ACH/USDT:USDT,0.02306,7530.0,0.02304,4.0,0.02303,1394.0,0.02305,11036.0
1753592942312,05:09:02.312,blofin,ACH/USDT:USDT,0.02306,7530.0,0.02304,4.0,0.02303,1394.0,0.02305,7236.0
1753592943310,05:09:03.310,blofin,ACH/USDT:USDT,0.02306,7530.0,0.02304,4.0,0.02303,1394.0,0.02305,11036.0
1753592943744,05:09:03.744,blofin,ACH/USDT:USDT,0.02306,7530.0,0.02304,4.0,0.02303,1394.0,0.02305,11033.0
1753592944326,05:09:04.326,blofin,ACH/USDT:USDT,0.02306,7530.0,0.02304,4.0,0.02303,1394.0,0.02305,11034.0
1753592945313,05:09:05.313,blofin,ACH/USDT:USDT,0.02306,7530.0,0.02304,4.0,0.02303,1394.0,0.02305,10519.0
1753592945748,05:09:05.748,blofin,ACH/USDT:USDT,0.02306,7530.0,0.02304,4.0,0.02303,1394.0,0.02305,10519.0
1753592946312,05:09:06.312,blofin,ACH/USDT:USDT,0.02306,7530.0,0.02304,4.0,0.02303,1394.0,0.02305,11039.0
1753592947314,05:09:07.314,blofin,ACH/USDT:USDT,0.02306,7530.0,0.02304,4.0,0.02303,1394.0,0.02305,7239.0
1753592947754,05:09:07.754,blofin,ACH/USDT:USDT,0.02306,7530.0,0.02304,4.0,0.02303,1394.0,0.02305,7239.0
1753592948315,05:09:08.315,blofin,ACH/USDT:USDT,0.02306,7530.0,0.02304,4.0,0.02303,1394.0,0.02305,7239.0
1753593038931,05:10:38.931,blofin,ACH/USDT:USDT,0.02306,7530.0,0.02304,4.0,0.02303,1394.0,0.02305,7239.0
1753593039394,05:10:39.394,blofin,ACH/USDT:USDT,0.02306,7530.0,0.02304,4.0,0.02303,1394.0,0.02305,6653.0
1753593039929,05:10:39.929,blofin,ACH/USDT:USDT,0.02306,7530.0,0.02304,4.0,0.02303,1394.0,0.02305,6461.0
1753593040394,05:10:40.394,blofin,ACH/USDT:USDT,0.02306,7530.0,0.02304,4.0,0.02303,1394.0,0.02305,6685.0
1753593040932,05:10:40.932,blofin,ACH/USDT:USDT,0.02306,7530.0,0.02304,4.0,0.02303,1394.0,0.02305,6685.0
1753593041933,05:10:41.933,blofin,ACH/USDT:USDT,0.02306,7530.0,0.02304,4.0,0.02303,1394.0,0.02305,6687.0
1753593042398,05:10:42.398,blofin,ACH/USDT:USDT,0.02306,7530.0,0.02304,4.0,0.02303,1394.0,0.02305,6687.0
1753593042935,05:10:42.935,blofin,ACH/USDT:USDT,0.02306,7530.0,0.02304,4.0,0.02303,1394.0,0.02305,6687.0
1753593043400,05:10:43.400,blofin,ACH/USDT:USDT,0.02306,7530.0,0.02304,4.0,0.02303,1394.0,0.02305,6687.0
1753593044453,05:10:44.453,blofin,ACH/USDT:USDT,0.02306,7530.0,0.02304,5484.0,0.02303,1394.0,0.02305,4.0
1753593044940,05:10:44.940,blofin,ACH/USDT:USDT,0.02306,7530.0,0.02304,5484.0,0.02303,1394.0,0.02305,4.0
1753593045399,05:10:45.399,blofin,ACH/USDT:USDT,0.02306,7530.0,0.02304,4828.0,0.02303,1394.0,0.02305,4.0
1753593046400,05:10:46.400,blofin,ACH/USDT:USDT,0.02306,7530.0,0.02304,5250.0,0.02303,1394.0,0.02305,4.0
1753593046942,05:10:46.942,blofin,ACH/USDT:USDT,0.02306,7530.0,0.02304,5250.0,0.02303,1394.0,0.02305,4.0
1753593132669,05:12:12.669,blofin,ACH/USDT:USDT,0.02306,7530.0,0.02304,6718.0,0.02303,1394.0,0.02305,4.0
1753593133475,05:12:13.475,blofin,ACH/USDT:USDT,0.02306,7530.0,0.02304,6715.0,0.02303,1394.0,0.02305,4.0
1753593134173,05:12:14.173,blofin,ACH/USDT:USDT,0.02306,7530.0,0.02304,6718.0,0.02303,1394.0,0.02305,4.0
1753593134674,05:12:14.674,blofin,ACH/USDT:USDT,0.02306,7530.0,0.02304,7198.0,0.02303,1394.0,0.02305,4.0
1753593136676,05:12:16.676,blofin,ACH/USDT:USDT,0.02306,7530.0,0.02304,10253.0,0.02303,1394.0,0.02305,4.0
1753593137176,05:12:17.176,blofin,ACH/USDT:USDT,0.02306,7530.0,0.02304,10253.0,0.02303,1394.0,0.02305,4.0
1753593137689,05:12:17.689,blofin,ACH/USDT:USDT,0.02306,7530.0,0.02304,3965.0,0.02303,1394.0,0.02305,4.0
1753593138481,05:12:18.481,blofin,ACH/USDT:USDT,0.02306,7530.0,0.02304,7101.0,0.02303,1394.0,0.02305,4.0
1753593139681,05:12:19.681,blofin,ACH/USDT:USDT,0.02306,7530.0,0.02304,7583.0,0.02303,1394.0,0.02305,4.0
1753593141686,05:12:21.686,blofin,ACH/USDT:USDT,0.02306,7530.0,0.02304,7607.0,0.02303,1394.0,0.02305,4.0
1753593229331,05:13:49.331,blofin,ACH/USDT:USDT,0.02306,7530.0,0.02304,7607.0,0.02303,1394.0,0.02305,4.0
1753593229833,05:13:49.833,blofin,ACH/USDT:USDT,0.02306,7530.0,0.02304,7607.0,0.02303,1394.0,0.02305,5733.0
1753593230562,05:13:50.562,blofin,ACH/USDT:USDT,0.02306,7530.0,0.02304,7607.0,0.02303,1394.0,0.02305,5733.0
1753593230834,05:13:50.834,blofin,ACH/USDT:USDT,0.02306,7530.0,0.02304,7607.0,0.02303,1394.0,0.02305,5733.0
1753593231837,05:13:51.837,blofin,ACH/USDT:USDT,0.02306,7530.0,0.02304,7607.0,0.02303,1394.0,0.02305,5840.0
1753593232340,05:13:52.340,blofin,ACH/USDT:USDT,0.02306,7530.0,0.02304,7607.0,0.02303,1394.0,0.02305,5838.0
1753593232838,05:13:52.838,blofin,ACH/USDT:USDT,0.02306,7530.0,0.02304,7607.0,0.02303,1394.0,0.02305,6.0
1753593233563,05:13:53.563,blofin,ACH/USDT:USDT,0.02306,7530.0,0.02304,7607.0,0.02303,1394.0,0.02305,5870.0
1753593234342,05:13:54.342,blofin,ACH/USDT:USDT,0.02306,7530.0,0.02304,7607.0,0.02303,1394.0,0.02305,5868.0
1753593234841,05:13:54.841,blofin,ACH/USDT:USDT,0.02306,7530.0,0.02304,7607.0,0.02303,1394.0,0.02305,5871.0
1753593235565,05:13:55.565,blofin,ACH/USDT:USDT,0.02306,7530.0,0.02304,7607.0,0.02303,1394.0,0.02305,5870.0
1753593236344,05:13:56.344,blofin,ACH/USDT:USDT,0.02306,7530.0,0.02304,7607.0,0.02303,1394.0,0.02305,5870.0
1753593236846,05:13:56.846,blofin,ACH/USDT:USDT,0.02306,7530.0,0.02304,7607.0,0.02303,1394.0,0.02305,5870.0
1753593237567,05:13:57.567,blofin,ACH/USDT:USDT,0.02306,7530.0,0.02304,7607.0,0.02303,1394.0,0.02305,6.0
1753593237848,05:13:57.848,blofin,ACH/USDT:USDT,0.02306,7530.0,0.02304,7607.0,0.02303,1394.0,0.02305,6.0
1753593238851,05:13:58.851,blofin,ACH/USDT:USDT,0.02306,7530.0,0.02304,7607.0,0.02303,1394.0,0.02305,5214.0
1753593239352,05:13:59.352,blofin,ACH/USDT:USDT,0.02306,7530.0,0.02304,7607.0,0.02303,1394.0,0.02305,5214.0
1753593239853,05:13:59.853,blofin,ACH/USDT:USDT,0.02306,7530.0,0.02304,7607.0,0.02303,1394.0,0.02305,5870.0
1753593240571,05:14:00.571,blofin,ACH/USDT:USDT,0.02306,7530.0,0.02304,7607.0,0.02303,1394.0,0.02304,1584.0
1753593241354,05:14:01.354,blofin,ACH/USDT:USDT,0.02306,7530.0,0.02304,7607.0,0.02303,1394.0,0.02304,1589.0
1753593352554,05:15:52.554,blofin,ACH/USDT:USDT,0.02306,7530.0,0.02304,7607.0,0.02303,1394.0,0.02304,1589.0
1753593353055,05:15:53.055,blofin,ACH/USDT:USDT,0.02306,7530.0,0.02304,12011.0,0.02303,1394.0,0.02304,1589.0
1753593353670,05:15:53.670,blofin,ACH/USDT:USDT,0.02306,7530.0,0.02304,11379.0,0.02303,1394.0,0.02304,1589.0
1753593354674,05:15:54.674,blofin,ACH/USDT:USDT,0.02306,7530.0,0.02304,11379.0,0.02303,1394.0,0.02304,1589.0
1753593355562,05:15:55.562,blofin,ACH/USDT:USDT,0.02306,7530.0,0.02304,3417.0,0.02303,1394.0,0.02304,1589.0
1753593356060,05:15:56.060,blofin,ACH/USDT:USDT,0.02306,7530.0,0.02304,3417.0,0.02303,1394.0,0.02304,1589.0
1753593356672,05:15:56.672,blofin,ACH/USDT:USDT,0.02306,7530.0,0.02304,3417.0,0.02303,1394.0,0.02304,1589.0
1753593357673,05:15:57.673,blofin,ACH/USDT:USDT,0.02306,7530.0,0.02304,3419.0,0.02303,1394.0,0.02304,1589.0
1753593358067,05:15:58.067,blofin,ACH/USDT:USDT,0.02306,7530.0,0.02304,3419.0,0.02303,1394.0,0.02304,1589.0
1753593359065,05:15:59.065,blofin,ACH/USDT:USDT,0.02306,7530.0,0.02304,3421.0,0.02303,1394.0,0.02304,1589.0
1753593359679,05:15:59.679,blofin,ACH/USDT:USDT,0.02306,7530.0,0.02304,3419.0,0.02303,1394.0,0.02304,1589.0
1753593360067,05:16:00.067,blofin,ACH/USDT:USDT,0.02306,7530.0,0.02304,3417.0,0.02303,1394.0,0.02304,1589.0
1753593361069,05:16:01.069,blofin,ACH/USDT:USDT,0.02306,7530.0,0.02304,2021.0,0.02303,1394.0,0.02304,1589.0
1753593361675,05:16:01.675,blofin,ACH/USDT:USDT,0.02306,7530.0,0.02304,2021.0,0.02303,1394.0,0.02304,1589.0
1753593362679,05:16:02.679,blofin,ACH/USDT:USDT,0.02306,7530.0,0.02304,2019.0,0.02303,1394.0,0.02304,1589.0
1753593363072,05:16:03.072,blofin,ACH/USDT:USDT,0.02306,7530.0,0.02304,2019.0,0.02303,1394.0,0.02304,1589.0
1753593364076,05:16:04.076,blofin,ACH/USDT:USDT,0.02306,7530.0,0.02304,2019.0,0.02303,1394.0,0.02304,1589.0
1753593459244,05:17:39.244,blofin,ACH/USDT:USDT,0.02306,7530.0,0.02304,2019.0,0.02303,1394.0,0.02304,1589.0
1753593459745,05:17:39.745,blofin,ACH/USDT:USDT,0.02306,7530.0,0.02304,2798.0,0.02303,1394.0,0.02304,1589.0
1753593460747,05:17:40.747,blofin,ACH/USDT:USDT,0.02306,7530.0,0.02304,4684.0,0.02303,1394.0,0.02304,1589.0
1753593461249,05:17:41.249,blofin,ACH/USDT:USDT,0.02306,7530.0,0.02304,3062.0,0.02303,1394.0,0.02304,1589.0
1753593461750,05:17:41.750,blofin,ACH/USDT:USDT,0.02306,7530.0,0.02304,3062.0,0.02303,1394.0,0.02304,1589.0
1753593462752,05:17:42.752,blofin,ACH/USDT:USDT,0.02306,7530.0,0.02304,3060.0,0.02303,1394.0,0.02304,1589.0
1753593463253,05:17:43.253,blofin,ACH/USDT:USDT,0.02306,7530.0,0.02304,3060.0,0.02303,1394.0,0.02304,1589.0
1753593463754,05:17:43.754,blofin,ACH/USDT:USDT,0.02306,7530.0,0.02304,3058.0,0.02303,1394.0,0.02304,1589.0
1753593464255,05:17:44.255,blofin,ACH/USDT:USDT,0.02306,7530.0,0.02304,5258.0,0.02303,1394.0,0.02304,1589.0
1753593465257,05:17:45.257,blofin,ACH/USDT:USDT,0.02306,7530.0,0.02304,5258.0,0.02303,1394.0,0.02304,1589.0
1753593465758,05:17:45.758,blofin,ACH/USDT:USDT,0.02306,7530.0,0.02304,5258.0,0.02303,1394.0,0.02304,1589.0
1753593466258,05:17:46.258,blofin,ACH/USDT:USDT,0.02306,7530.0,0.02304,5259.0,0.02303,1394.0,0.02304,1589.0
1753593466760,05:17:46.760,blofin,ACH/USDT:USDT,0.02306,7530.0,0.02304,5259.0,0.02303,1394.0,0.02304,1589.0
1753593467759,05:17:47.759,blofin,ACH/USDT:USDT,0.02306,7530.0,0.02305,4336.0,0.02303,1394.0,0.02304,1589.0
1753593468261,05:17:48.261,blofin,ACH/USDT:USDT,0.02306,7530.0,0.02305,5480.0,0.02303,1394.0,0.02304,1589.0
1753593545379,05:19:05.379,blofin,ACH/USDT:USDT,0.02306,7530.0,0.02305,2062.0,0.02303,1394.0,0.02304,1589.0
1753593546383,05:19:06.383,blofin,ACH/USDT:USDT,0.02306,7530.0,0.02305,2062.0,0.02303,1394.0,0.02304,1589.0
1753593546856,05:19:06.856,blofin,ACH/USDT:USDT,0.02306,7530.0,0.02305,1910.0,0.02303,1394.0,0.02304,1589.0
1753593547385,05:19:07.385,blofin,ACH/USDT:USDT,0.02306,7530.0,0.02305,1910.0,0.02303,1394.0,0.02304,1589.0
1753593548386,05:19:08.386,blofin,ACH/USDT:USDT,0.02306,7530.0,0.02305,1911.0,0.02303,1394.0,0.02304,1589.0
1753593549997,05:19:09.997,blofin,ACH/USDT:USDT,0.02306,7530.0,0.02305,1914.0,0.02303,1394.0,0.02304,1589.0
1753593551000,05:19:11.000,blofin,ACH/USDT:USDT,0.02306,7530.0,0.02305,1761.0,0.02303,1394.0,0.02304,1589.0
1753593551507,05:19:11.507,blofin,ACH/USDT:USDT,0.02306,7530.0,0.02305,1761.0,0.02303,1394.0,0.02304,1589.0
1753593552504,05:19:12.504,blofin,ACH/USDT:USDT,0.02306,7530.0,0.02305,1761.0,0.02303,1394.0,0.02304,1589.0
1753593553005,05:19:13.005,blofin,ACH/USDT:USDT,0.02306,7530.0,0.02305,1760.0,0.02303,1394.0,0.02304,1589.0
1753593553506,05:19:13.506,blofin,ACH/USDT:USDT,0.02306,7530.0,0.02305,1762.0,0.02303,1394.0,0.02304,1589.0
1753593634144,05:20:34.144,blofin,ACH/USDT:USDT,0.02306,7530.0,0.02305,19927.0,0.02303,1394.0,0.02304,1589.0
1753593634646,05:20:34.646,blofin,ACH/USDT:USDT,0.02306,7530.0,0.02305,19928.0,0.02303,1394.0,0.02304,1589.0
1753593635145,05:20:35.145,blofin,ACH/USDT:USDT,0.02305,3376.0,0.02304,4358.0,0.02303,1394.0,0.02304,1589.0
1753593636148,05:20:36.148,blofin,ACH/USDT:USDT,0.02305,3375.0,0.02304,50900.0,0.02303,1394.0,0.02304,1589.0
1753593636929,05:20:36.929,blofin,ACH/USDT:USDT,0.02305,3373.0,0.02303,11188.0,0.02303,1394.0,0.02304,1589.0
1753593639540,05:20:39.540,blofin,ACH/USDT:USDT,0.02305,8.0,0.02304,14048.0,0.02303,1394.0,0.02304,1589.0
1753593640156,05:20:40.156,blofin,ACH/USDT:USDT,0.02305,3.0,0.02304,14253.0,0.02303,1394.0,0.02304,1589.0
1753593641157,05:20:41.157,blofin,ACH/USDT:USDT,0.02305,3.0,0.02304,11733.0,0.02303,1394.0,0.02304,1589.0
1753593642159,05:20:42.159,blofin,ACH/USDT:USDT,0.02305,3.0,0.02304,11732.0,0.02303,1394.0,0.02304,1589.0
1753593642660,05:20:42.660,blofin,ACH/USDT:USDT,0.02305,3.0,0.02304,11732.0,0.02303,1394.0,0.02304,1589.0
1753593643160,05:20:43.160,blofin,ACH/USDT:USDT,0.02305,3.0,0.02304,11532.0,0.02303,1394.0,0.02304,1589.0
1753593643935,05:20:43.935,blofin,ACH/USDT:USDT,0.02305,3.0,0.02304,2100.0,0.02303,1394.0,0.02304,1589.0
1753593644161,05:20:44.161,blofin,ACH/USDT:USDT,0.02305,3.0,0.02304,2100.0,0.02303,1394.0,0.02304,1589.0
1753593645161,05:20:45.161,blofin,ACH/USDT:USDT,0.02305,3.0,0.02304,2097.0,0.02303,1394.0,0.02304,1589.0
1753593736829,05:22:16.829,blofin,ACH/USDT:USDT,0.02306,6277.0,0.02305,3.0,0.02303,1394.0,0.02304,1589.0
1753593737328,05:22:17.328,blofin,ACH/USDT:USDT,0.02306,6280.0,0.02305,3.0,0.02303,1394.0,0.02304,1589.0
1753593738331,05:22:18.331,blofin,ACH/USDT:USDT,0.02306,8560.0,0.02305,8508.0,0.02303,1394.0,0.02304,1589.0
1753593738831,05:22:18.831,blofin,ACH/USDT:USDT,0.02306,8560.0,0.02305,8508.0,0.02303,1394.0,0.02304,1589.0
1753593739542,05:22:19.542,blofin,ACH/USDT:USDT,0.02307,960.0,0.02306,8.0,0.02303,1394.0,0.02304,1589.0
1753593740021,05:22:20.021,blofin,ACH/USDT:USDT,0.02307,963.0,0.02306,3.0,0.02303,1394.0,0.02304,1589.0
1753593740334,05:22:20.334,blofin,ACH/USDT:USDT,0.02307,2037.0,0.02306,3.0,0.02303,1394.0,0.02304,1589.0
1753593741017,05:22:21.017,blofin,ACH/USDT:USDT,0.02307,1309.0,0.02306,3.0,0.02303,1394.0,0.02304,1589.0
1753593741836,05:22:21.836,blofin,ACH/USDT:USDT,0.02307,1307.0,0.02306,3.0,0.02303,1394.0,0.02304,1589.0
1753593742338,05:22:22.338,blofin,ACH/USDT:USDT,0.02307,1307.0,0.02306,3.0,0.02303,1394.0,0.02304,1589.0
1753593743034,05:22:23.034,blofin,ACH/USDT:USDT,0.02307,1339.0,0.02306,3.0,0.02303,1394.0,0.02304,1589.0
1753593743839,05:22:23.839,blofin,ACH/USDT:USDT,0.02307,1339.0,0.02306,3.0,0.02303,1394.0,0.02304,1589.0
1753593744339,05:22:24.339,blofin,ACH/USDT:USDT,0.02307,1155.0,0.02306,3.0,0.02303,1394.0,0.02304,1589.0
1753593745022,05:22:25.022,blofin,ACH/USDT:USDT,0.02306,8301.0,0.02303,426.0,0.02303,1394.0,0.02304,1589.0
1753593816454,05:23:36.454,blofin,ACH/USDT:USDT,0.02306,8301.0,0.02303,426.0,0.02303,1394.0,0.02304,1589.0
1753593817079,05:23:37.079,blofin,ACH/USDT:USDT,0.02306,8301.0,0.02304,151203.0,0.02303,1394.0,0.02304,1589.0
1753593817954,05:23:37.954,blofin,ACH/USDT:USDT,0.02306,3715.0,0.02304,138232.0,0.02303,1394.0,0.02304,1589.0
1753593818454,05:23:38.454,blofin,ACH/USDT:USDT,0.02307,13836.0,0.02306,3715.0,0.02303,1394.0,0.02304,1589.0
1753593819242,05:23:39.242,blofin,ACH/USDT:USDT,0.02308,2464.0,0.02307,5.0,0.02303,1394.0,0.02304,1589.0
1753593819958,05:23:39.958,blofin,ACH/USDT:USDT,0.02308,2469.0,0.02307,3.0,0.02303,1394.0,0.02304,1589.0
1753593820460,05:23:40.460,blofin,ACH/USDT:USDT,0.02308,3651.0,0.02307,3.0,0.02303,1394.0,0.02304,1589.0
1753593821080,05:23:41.080,blofin,ACH/USDT:USDT,0.0231,1776.0,0.02309,11660.0,0.02303,1394.0,0.02304,1589.0
1753593822083,05:23:42.083,blofin,ACH/USDT:USDT,0.02309,21580.0,0.02308,63668.0,0.02303,1394.0,0.02304,1589.0
1753593823084,05:23:43.084,blofin,ACH/USDT:USDT,0.02309,14764.0,0.02308,45832.0,0.02303,1394.0,0.02304,1589.0
1753593824466,05:23:44.466,blofin,ACH/USDT:USDT,0.02309,2232.0,0.02308,3.0,0.02303,1394.0,0.02304,1589.0
1753593825088,05:23:45.088,blofin,ACH/USDT:USDT,0.02309,2236.0,0.02307,3.0,0.02303,1394.0,0.02304,1589.0
1753593826088,05:23:46.088,blofin,ACH/USDT:USDT,0.02309,268.0,0.02307,27298.0,0.02303,1394.0,0.02304,1589.0
1753593826470,05:23:46.470,blofin,ACH/USDT:USDT,0.02309,269.0,0.02307,27298.0,0.02303,1394.0,0.02304,1589.0
1753593827470,05:23:47.470,blofin,ACH/USDT:USDT,0.02309,309.0,0.02308,61219.0,0.02303,1394.0,0.02304,1589.0
1753593919629,05:25:19.629,blofin,ACH/USDT:USDT,0.02309,1137.0,0.02308,61219.0,0.02303,1394.0,0.02304,1589.0
1753593920632,05:25:20.632,blofin,ACH/USDT:USDT,0.02309,1141.0,0.02308,10556.0,0.02303,1394.0,0.02304,1589.0
1753593922134,05:25:22.134,blofin,ACH/USDT:USDT,0.02309,1137.0,0.02307,7628.0,0.02303,1394.0,0.02304,1589.0
1753593922634,05:25:22.634,blofin,ACH/USDT:USDT,0.02309,6057.0,0.02307,7628.0,0.02303,1394.0,0.02304,1589.0
1753593923137,05:25:23.137,blofin,ACH/USDT:USDT,0.0231,1755.0,0.02309,1.0,0.02303,1394.0,0.02304,1589.0
1753593924136,05:25:24.136,blofin,ACH/USDT:USDT,0.0231,1103.0,0.02307,7628.0,0.02303,1394.0,0.02304,1589.0
1753593924637,05:25:24.637,blofin,ACH/USDT:USDT,0.0231,1103.0,0.02307,165820.0,0.02303,1394.0,0.02304,1589.0
1753593925139,05:25:25.139,blofin,ACH/USDT:USDT,0.0231,1103.0,0.02307,165820.0,0.02303,1394.0,0.02304,1589.0
1753593926140,05:25:26.140,blofin,ACH/USDT:USDT,0.02311,208.0,0.0231,7.0,0.02303,1394.0,0.02304,1589.0
1753593926641,05:25:26.641,blofin,ACH/USDT:USDT,0.02311,225.0,0.0231,3.0,0.02303,1394.0,0.02304,1589.0
1753593927140,05:25:27.140,blofin,ACH/USDT:USDT,0.02311,226.0,0.0231,3.0,0.02303,1394.0,0.02304,1589.0
1753593928144,05:25:28.144,blofin,ACH/USDT:USDT,0.02311,227.0,0.0231,3.0,0.02303,1394.0,0.02304,1589.0
1753593928644,05:25:28.644,blofin,ACH/USDT:USDT,0.02311,1795.0,0.0231,3.0,0.02303,1394.0,0.02304,1589.0
1753594001231,05:26:41.231,blofin,ACH/USDT:USDT,0.02311,1795.0,0.0231,3.0,0.02303,1394.0,0.02304,1589.0
1753594001921,05:26:41.921,blofin,ACH/USDT:USDT,0.02311,1795.0,0.0231,3.0,0.02303,1394.0,0.02304,1589.0
1753594002423,05:26:42.423,blofin,ACH/USDT:USDT,0.02311,1795.0,0.0231,3.0,0.02303,1394.0,0.02304,1589.0
1753594003234,05:26:43.234,blofin,ACH/USDT:USDT,0.02311,1795.0,0.0231,3.0,0.02303,1394.0,0.02304,1589.0
1753594003923,05:26:43.923,blofin,ACH/USDT:USDT,0.02311,1795.0,0.0231,3.0,0.02303,1394.0,0.02304,1589.0
1753594004425,05:26:44.425,blofin,ACH/USDT:USDT,0.02311,1795.0,0.0231,3.0,0.02303,1394.0,0.02304,1589.0
1753594004925,05:26:44.925,blofin,ACH/USDT:USDT,0.02311,1795.0,0.0231,3.0,0.02303,1394.0,0.02304,1589.0
1753594005426,05:26:45.426,blofin,ACH/USDT:USDT,0.02311,1795.0,0.0231,3.0,0.02303,1394.0,0.02304,1589.0
1753594006427,05:26:46.427,blofin,ACH/USDT:USDT,0.02311,1795.0,0.0231,3.0,0.02303,1394.0,0.02304,1589.0
1753594007236,05:26:47.236,blofin,ACH/USDT:USDT,0.02311,1795.0,0.0231,192.0,0.02303,1394.0,0.02304,1589.0
1753594007931,05:26:47.931,blofin,ACH/USDT:USDT,0.02311,1795.0,0.0231,192.0,0.02303,1394.0,0.02304,1589.0
1753594008933,05:26:48.933,blofin,ACH/USDT:USDT,0.02311,1795.0,0.0231,2885.0,0.02303,1394.0,0.02304,1589.0
1753594009434,05:26:49.434,blofin,ACH/USDT:USDT,0.02311,1795.0,0.0231,2196.0,0.02303,1394.0,0.02304,1589.0
1753594010243,05:26:50.243,blofin,ACH/USDT:USDT,0.02311,1795.0,0.0231,2196.0,0.02303,1394.0,0.02304,1589.0
1753594010937,05:26:50.937,blofin,ACH/USDT:USDT,0.02311,1795.0,0.0231,2916.0,0.02303,1394.0,0.02304,1589.0
1753594011937,05:26:51.937,blofin,ACH/USDT:USDT,0.02311,1795.0,0.0231,2916.0,0.02303,1394.0,0.02304,1589.0
1753594012440,05:26:52.440,blofin,ACH/USDT:USDT,0.02311,1795.0,0.0231,5138.0,0.02303,1394.0,0.02304,1589.0
1753594013240,05:26:53.240,blofin,ACH/USDT:USDT,0.02311,1795.0,0.0231,5138.0,0.02303,1394.0,0.02304,1589.0
1753594115338,05:28:35.338,blofin,ACH/USDT:USDT,0.02311,693.0,0.0231,5138.0,0.02303,1394.0,0.02304,1589.0
1753594115610,05:28:35.610,blofin,ACH/USDT:USDT,0.02311,1571.0,0.0231,68192.0,0.02303,1394.0,0.02304,1589.0
1753594116613,05:28:36.613,blofin,ACH/USDT:USDT,0.02311,1573.0,0.0231,7966.0,0.02303,1394.0,0.02304,1589.0
1753594117329,05:28:37.329,blofin,ACH/USDT:USDT,0.02311,1573.0,0.0231,7966.0,0.02303,1394.0,0.02304,1589.0
1753594117613,05:28:37.613,blofin,ACH/USDT:USDT,0.02311,1574.0,0.0231,7966.0,0.02303,1394.0,0.02304,1589.0
1753594119618,05:28:39.618,blofin,ACH/USDT:USDT,0.02311,4822.0,0.02309,35021.0,0.02303,1394.0,0.02304,1589.0
1753594120619,05:28:40.619,blofin,ACH/USDT:USDT,0.02311,4821.0,0.02309,25624.0,0.02303,1394.0,0.02304,1589.0
1753594122624,05:28:42.624,blofin,ACH/USDT:USDT,0.02311,4821.0,0.02309,30271.0,0.02303,1394.0,0.02304,1589.0
1753594123329,05:28:43.329,blofin,ACH/USDT:USDT,0.02311,4822.0,0.02309,25624.0,0.02303,1394.0,0.02304,1589.0
1753594123631,05:28:43.631,blofin,ACH/USDT:USDT,0.02311,4821.0,0.02309,25624.0,0.02303,1394.0,0.02304,1589.0
1753594124627,05:28:44.627,blofin,ACH/USDT:USDT,0.02311,470.0,0.02309,38038.0,0.02303,1394.0,0.02304,1589.0
1753594125628,05:28:45.628,blofin,ACH/USDT:USDT,0.02311,467.0,0.02309,25624.0,0.02303,1394.0,0.02304,1589.0
1753594219787,05:30:19.787,blofin,ACH/USDT:USDT,0.02311,467.0,0.0231,1156.0,0.02303,1394.0,0.02304,1589.0
1753594220415,05:30:20.415,blofin,ACH/USDT:USDT,0.02311,467.0,0.0231,1157.0,0.02303,1394.0,0.02304,1589.0
1753594221791,05:30:21.791,blofin,ACH/USDT:USDT,0.02311,467.0,0.0231,1163.0,0.02303,1394.0,0.02304,1589.0
1753594222411,05:30:22.411,blofin,ACH/USDT:USDT,0.02311,467.0,0.0231,1163.0,0.02303,1394.0,0.02304,1589.0
1753594223293,05:30:23.293,blofin,ACH/USDT:USDT,0.02311,467.0,0.0231,1166.0,0.02303,1394.0,0.02304,1589.0
1753594223794,05:30:23.794,blofin,ACH/USDT:USDT,0.02311,467.0,0.0231,1166.0,0.02303,1394.0,0.02304,1589.0
1753594224419,05:30:24.419,blofin,ACH/USDT:USDT,0.02311,467.0,0.0231,1166.0,0.02303,1394.0,0.02304,1589.0
1753594224825,05:30:24.825,blofin,ACH/USDT:USDT,0.02311,467.0,0.0231,1166.0,0.02303,1394.0,0.02304,1589.0
1753594225797,05:30:25.797,blofin,ACH/USDT:USDT,0.02311,467.0,0.0231,82.0,0.02303,1394.0,0.02304,1589.0
1753594226413,05:30:26.413,blofin,ACH/USDT:USDT,0.02311,467.0,0.0231,82.0,0.02303,1394.0,0.02304,1589.0
1753594226799,05:30:26.799,blofin,ACH/USDT:USDT,0.02311,467.0,0.0231,84.0,0.02303,1394.0,0.02304,1589.0
1753594227417,05:30:27.417,blofin,ACH/USDT:USDT,0.02311,467.0,0.0231,84.0,0.02303,1394.0,0.02304,1589.0
1753594228301,05:30:28.301,blofin,ACH/USDT:USDT,0.02311,467.0,0.0231,4.0,0.02303,1394.0,0.02304,1589.0
1753594228802,05:30:28.802,blofin,ACH/USDT:USDT,0.02311,467.0,0.0231,4.0,0.02303,1394.0,0.02304,1589.0
1753594312940,05:31:52.940,blofin,ACH/USDT:USDT,0.02311,467.0,0.0231,4.0,0.02303,1394.0,0.02304,1589.0
1753594313445,05:31:53.445,blofin,ACH/USDT:USDT,0.02311,205.0,0.0231,1.0,0.02303,1394.0,0.02304,1589.0
1753594313945,05:31:53.945,blofin,ACH/USDT:USDT,0.02311,1213.0,0.0231,1.0,0.02303,1394.0,0.02304,1589.0
1753594314449,05:31:54.449,blofin,ACH/USDT:USDT,0.02311,1212.0,0.0231,1.0,0.02303,1394.0,0.02304,1589.0
1753594314946,05:31:54.946,blofin,ACH/USDT:USDT,0.02311,1212.0,0.0231,1.0,0.02303,1394.0,0.02304,1589.0
1753594315945,05:31:55.945,blofin,ACH/USDT:USDT,0.02311,1211.0,0.0231,1.0,0.02303,1394.0,0.02304,1589.0
1753594316446,05:31:56.446,blofin,ACH/USDT:USDT,0.02311,1211.0,0.0231,1.0,0.02303,1394.0,0.02304,1589.0
1753594317447,05:31:57.447,blofin,ACH/USDT:USDT,0.02311,1213.0,0.0231,1.0,0.02303,1394.0,0.02304,1589.0
1753594318950,05:31:58.950,blofin,ACH/USDT:USDT,0.02311,1229.0,0.0231,147839.0,0.02303,1394.0,0.02304,1589.0
1753594319449,05:31:59.449,blofin,ACH/USDT:USDT,0.02311,1229.0,0.0231,147839.0,0.02303,1394.0,0.02304,1589.0
1753594319949,05:31:59.949,blofin,ACH/USDT:USDT,0.02311,1261.0,0.0231,1.0,0.02303,1394.0,0.02304,1589.0
1753594320451,05:32:00.451,blofin,ACH/USDT:USDT,0.02311,1261.0,0.0231,1.0,0.02303,1394.0,0.02304,1589.0
1753594320951,05:32:00.951,blofin,ACH/USDT:USDT,0.02311,1324.0,0.0231,1.0,0.02303,1394.0,0.02304,1589.0
1753594400548,05:33:20.548,blofin,ACH/USDT:USDT,0.02311,2138.0,0.0231,1.0,0.02303,1394.0,0.02304,1589.0
1753594401102,05:33:21.102,blofin,ACH/USDT:USDT,0.02311,2140.0,0.0231,1.0,0.02303,1394.0,0.02304,1589.0
1753594402092,05:33:22.092,blofin,ACH/USDT:USDT,0.02311,2139.0,0.0231,1.0,0.02303,1394.0,0.02304,1589.0
1753594402549,05:33:22.549,blofin,ACH/USDT:USDT,0.02311,3.0,0.0231,7688.0,0.02303,1394.0,0.02304,1589.0
1753594403094,05:33:23.094,blofin,ACH/USDT:USDT,0.0231,7689.0,0.02309,8557.0,0.02303,1394.0,0.02304,1589.0
1753594403551,05:33:23.551,blofin,ACH/USDT:USDT,0.0231,7689.0,0.02309,14027.0,0.02303,1394.0,0.02304,1589.0
1753594404095,05:33:24.095,blofin,ACH/USDT:USDT,0.0231,7692.0,0.02309,14027.0,0.02303,1394.0,0.02304,1589.0
1753594405098,05:33:25.098,blofin,ACH/USDT:USDT,0.0231,7868.0,0.02308,89572.0,0.02303,1394.0,0.02304,1589.0
1753594405558,05:33:25.558,blofin,ACH/USDT:USDT,0.0231,7867.0,0.02308,83070.0,0.02303,1394.0,0.02304,1589.0
