timestamp,time,symbol,bid1_price,bid1_volume,bid2_price,bid2_volume,ask1_price,ask1_volume,ask2_price,ask2_volume
1753546946881,16:22:26.881,ACH/USDT:USDT,0.02295,6491.0,0.02292,96910.0,0.02298,1736.0,0.02302,104703.0
1753546947881,16:22:27.881,ACH/USDT:USDT,0.02295,7187.0,0.02293,5606.0,0.02297,232.0,0.02298,34300.0
1753546948382,16:22:28.382,ACH/USDT:USDT,0.02295,8091.0,0.02293,131952.0,0.02298,240.0,0.02302,133212.0
1753546950252,16:22:30.252,ACH/USDT:USDT,0.02295,6147.0,0.02293,5606.0,0.02297,1139.0,0.02298,3.0
1753546952249,16:22:32.249,ACH/USDT:USDT,0.02295,5277.0,0.02293,1417.0,0.02297,1186.0,0.02298,3.0
1753546953390,16:22:33.390,ACH/USDT:USDT,0.02295,6179.0,0.02293,1417.0,0.02297,1186.0,0.02298,3.0
1753546954392,16:22:34.392,ACH/USDT:USDT,0.02296,8512.0,0.02295,3.0,0.02297,2.0,0.02298,907.0
1753546954892,16:22:34.892,ACH/USDT:USDT,0.02296,8512.0,0.02295,3.0,0.02297,2.0,0.02298,907.0
1753546955745,16:22:35.745,ACH/USDT:USDT,0.02297,7392.0,0.02296,85653.0,0.02298,3.0,0.02299,912.0
1753546957396,16:22:37.396,ACH/USDT:USDT,0.02297,4341.0,0.02296,9928.0,0.02298,3.0,0.023,1137.0
1753546958397,16:22:38.397,ACH/USDT:USDT,0.02297,4338.0,0.02296,88325.0,0.02298,3.0,0.02299,1136.0
1753546959255,16:22:39.255,ACH/USDT:USDT,0.02297,4341.0,0.02295,14140.0,0.02298,3.0,0.023,1137.0
1753546960400,16:22:40.400,ACH/USDT:USDT,0.02297,3437.0,0.02295,14140.0,0.02298,3.0,0.02299,1124.0
1753546961399,16:22:41.399,ACH/USDT:USDT,0.02297,4405.0,0.02296,5201.0,0.02298,3.0,0.02299,1828.0
1753546961903,16:22:41.903,ACH/USDT:USDT,0.02297,4405.0,0.02296,5201.0,0.02298,3.0,0.02299,1828.0
1753546962904,16:22:42.904,ACH/USDT:USDT,0.02297,2341.0,0.02296,4174.0,0.02298,3.0,0.02299,2284.0
1753546963407,16:22:43.407,ACH/USDT:USDT,0.02297,29.0,0.02296,4174.0,0.02298,3.0,0.02299,3826.0
1753546963908,16:22:43.908,ACH/USDT:USDT,0.02297,29.0,0.02296,4174.0,0.02298,3.0,0.02299,3827.0
1753546965409,16:22:45.409,ACH/USDT:USDT,0.02297,25.0,0.02296,4174.0,0.02298,3.0,0.02299,5456.0
1753546966262,16:22:46.262,ACH/USDT:USDT,0.02297,28.0,0.02295,1.0,0.02298,3.0,0.02299,5457.0
1753546966912,16:22:46.912,ACH/USDT:USDT,0.02297,26.0,0.02295,1.0,0.02298,3.0,0.02299,3857.0
1753546967413,16:22:47.413,ACH/USDT:USDT,0.02297,26.0,0.02295,1.0,0.02298,3.0,0.023,5460.0
1753546968262,16:22:48.262,ACH/USDT:USDT,0.02297,2.0,0.02296,3272.0,0.02298,1243.0,0.023,73893.0
1753546968915,16:22:48.915,ACH/USDT:USDT,0.02296,3273.0,0.02295,1.0,0.02298,1243.0,0.023,73893.0
1753546969416,16:22:49.416,ACH/USDT:USDT,0.02296,4281.0,0.02295,1.0,0.02298,1243.0,0.023,4.0
1753546969917,16:22:49.917,ACH/USDT:USDT,0.02296,4281.0,0.02295,1.0,0.02298,1243.0,0.023,4.0
1753546970422,16:22:50.422,ACH/USDT:USDT,0.02296,4281.0,0.02295,1.0,0.02298,3.0,0.02299,1264.0
1753546971422,16:22:51.422,ACH/USDT:USDT,0.02296,4283.0,0.02295,1.0,0.02298,3.0,0.02299,1269.0
1753546972266,16:22:52.266,ACH/USDT:USDT,0.02296,4555.0,0.02295,1.0,0.02298,1267.0,0.02299,5.0
1753546972924,16:22:52.924,ACH/USDT:USDT,0.02296,4555.0,0.02295,1.0,0.02298,1267.0,0.02299,5.0
1753546973434,16:22:53.434,ACH/USDT:USDT,0.02296,5795.0,0.02295,1.0,0.02298,3.0,0.02299,274.0
1753546974269,16:22:54.269,ACH/USDT:USDT,0.02296,6667.0,0.02295,1.0,0.02298,275.0,0.02299,79945.0
1753546974928,16:22:54.928,ACH/USDT:USDT,0.02296,6668.0,0.02295,1.0,0.02298,275.0,0.02299,79945.0
1753546975430,16:22:55.430,ACH/USDT:USDT,0.02296,6668.0,0.02295,1.0,0.02298,3.0,0.02299,277.0
1753546976283,16:22:56.283,ACH/USDT:USDT,0.02296,6671.0,0.02292,83755.0,0.02299,278.0,0.02304,19294.0
1753546976932,16:22:56.932,ACH/USDT:USDT,0.02296,6670.0,0.02295,32565.0,0.02298,244.0,0.02299,1.0
1753546977433,16:22:57.433,ACH/USDT:USDT,0.02296,6670.0,0.02294,21253.0,0.02299,268.0,0.02304,140337.0
1753546978271,16:22:58.271,ACH/USDT:USDT,0.02296,8271.0,0.02294,94606.0,0.02298,24.0,0.02299,4.0
1753546978435,16:22:58.435,ACH/USDT:USDT,0.02296,8269.0,0.02294,94606.0,0.02298,24.0,0.02299,4.0
1753546979436,16:22:59.436,ACH/USDT:USDT,0.02296,8277.0,0.02294,57410.0,0.02298,36.0,0.02299,1.0
1753546981447,16:23:01.447,ACH/USDT:USDT,0.02296,8823.0,0.02291,95153.0,0.02299,27.0,0.02304,81093.0
1753546981940,16:23:01.940,ACH/USDT:USDT,0.02296,8823.0,0.02291,95153.0,0.02299,27.0,0.02304,81093.0
1753546982440,16:23:02.440,ACH/USDT:USDT,0.02296,2655.0,0.02294,27907.0,0.02298,3449.0,0.02299,107178.0
1753546983441,16:23:03.441,ACH/USDT:USDT,0.02296,5701.0,0.02295,78220.0,0.02298,1289.0,0.02299,39308.0
1753546984273,16:23:04.273,ACH/USDT:USDT,0.02296,5701.0,0.02293,19525.0,0.02298,2347.0,0.02299,1.0
1753546984943,16:23:04.943,ACH/USDT:USDT,0.02296,5701.0,0.02293,26719.0,0.02298,2346.0,0.02299,1.0
1753546985444,16:23:05.444,ACH/USDT:USDT,0.02296,5701.0,0.02293,7194.0,0.02298,1524.0,0.02299,1.0
1753546986446,16:23:06.446,ACH/USDT:USDT,0.02297,6890.0,0.02296,3.0,0.02299,4.0,0.023,88.0
1753546987246,16:23:07.246,ACH/USDT:USDT,0.02298,5832.0,0.02297,2.0,0.02299,4.0,0.02301,8.0
1753546987947,16:23:07.947,ACH/USDT:USDT,0.02298,5832.0,0.02297,78548.0,0.02299,1.0,0.023,11.0
1753546988278,16:23:08.278,ACH/USDT:USDT,0.02298,7848.0,0.02297,2.0,0.02299,1.0,0.023,3.0
1753546988448,16:23:08.448,ACH/USDT:USDT,0.02298,7848.0,0.02297,2.0,0.02299,1.0,0.023,3.0
1753546989449,16:23:09.449,ACH/USDT:USDT,0.02298,7848.0,0.02297,2.0,0.02299,1.0,0.02301,10.0
1753546990280,16:23:10.280,ACH/USDT:USDT,0.02298,7848.0,0.02297,2.0,0.02299,1.0,0.02301,9.0
1753546990953,16:23:10.953,ACH/USDT:USDT,0.02298,7851.0,0.02296,3.0,0.02299,1.0,0.02301,10.0
1753546991453,16:23:11.453,ACH/USDT:USDT,0.02299,6898.0,0.02298,3162.0,0.02302,1123.0,0.02303,148914.0
1753546992283,16:23:12.283,ACH/USDT:USDT,0.02299,6898.0,0.02298,48396.0,0.02302,163.0,0.02304,1630.0
1753546992455,16:23:12.455,ACH/USDT:USDT,0.02299,6898.0,0.02298,44075.0,0.02302,163.0,0.02304,1630.0
1753546993457,16:23:13.457,ACH/USDT:USDT,0.02299,7321.0,0.02297,5638.0,0.02302,19.0,0.02304,53632.0
1753546993965,16:23:13.965,ACH/USDT:USDT,0.02299,7321.0,0.02297,5638.0,0.02302,21.0,0.02304,53632.0
1753546994462,16:23:14.462,ACH/USDT:USDT,0.02299,7321.0,0.02297,5638.0,0.02301,18.0,0.02303,63481.0
1753546995286,16:23:15.286,ACH/USDT:USDT,0.02299,7321.0,0.02297,1084.0,0.02301,18.0,0.02303,51507.0
1753546995962,16:23:15.962,ACH/USDT:USDT,0.02299,7325.0,0.02297,1084.0,0.02301,21.0,0.02303,51507.0
1753546996462,16:23:16.462,ACH/USDT:USDT,0.02299,6420.0,0.02298,78873.0,0.02302,18.0,0.02305,6840.0
1753546997968,16:23:17.968,ACH/USDT:USDT,0.02299,7323.0,0.02298,17542.0,0.02302,21.0,0.02305,6494.0
1753546998465,16:23:18.465,ACH/USDT:USDT,0.02299,7323.0,0.02296,3.0,0.02302,41.0,0.02304,91467.0
1753546998968,16:23:18.968,ACH/USDT:USDT,0.02299,7323.0,0.02297,5360.0,0.02302,41.0,0.02304,91467.0
1753546999469,16:23:19.469,ACH/USDT:USDT,0.02299,6987.0,0.02297,5360.0,0.02302,26.0,0.02304,9286.0
1753547000470,16:23:20.470,ACH/USDT:USDT,0.02299,8923.0,0.02298,20062.0,0.02301,25.0,0.02306,61316.0
1753547001472,16:23:21.472,ACH/USDT:USDT,0.02299,8921.0,0.02296,31608.0,0.02301,1.0,0.02302,24.0
1753547002289,16:23:22.289,ACH/USDT:USDT,0.02299,7321.0,0.02297,74164.0,0.02301,56.0,0.02302,3.0
1753547002974,16:23:22.974,ACH/USDT:USDT,0.02299,7321.0,0.02298,5034.0,0.02301,58.0,0.02303,163020.0
1753547003461,16:23:23.461,ACH/USDT:USDT,0.02299,7321.0,0.02298,62162.0,0.02301,58.0,0.02303,43013.0
1753547003978,16:23:23.978,ACH/USDT:USDT,0.023,8354.0,0.02296,5790.0,0.02301,2.0,0.02303,208.0
1753547004476,16:23:24.476,ACH/USDT:USDT,0.023,9858.0,0.02298,124885.0,0.02301,2.0,0.02303,224.0
1753547005477,16:23:25.477,ACH/USDT:USDT,0.023,2092.0,0.02298,7782.0,0.02302,3184.0,0.02303,5.0
1753547005977,16:23:25.977,ACH/USDT:USDT,0.023,2092.0,0.02298,7782.0,0.02302,3184.0,0.02303,5.0
1753547006478,16:23:26.478,ACH/USDT:USDT,0.023,1149.0,0.02298,31317.0,0.02302,4287.0,0.02307,24599.0
1753547007295,16:23:27.295,ACH/USDT:USDT,0.023,1149.0,0.02298,31317.0,0.02302,7.0,0.02303,3216.0
1753547007543,16:23:27.543,ACH/USDT:USDT,0.023,5.0,0.02299,7032.0,0.02302,7335.0,0.02304,5192.0
1753547008482,16:23:28.482,ACH/USDT:USDT,0.023,5.0,0.02299,7224.0,0.02302,7351.0,0.02305,142593.0
1753547008983,16:23:28.983,ACH/USDT:USDT,0.023,5.0,0.02299,7240.0,0.02302,511.0,0.02303,79613.0
1753547009483,16:23:29.483,ACH/USDT:USDT,0.023,5.0,0.02299,7240.0,0.02301,184.0,0.02302,7.0
1753547010485,16:23:30.485,ACH/USDT:USDT,0.023,3.0,0.02299,7213.0,0.02302,272.0,0.02306,109393.0
1753547011487,16:23:31.487,ACH/USDT:USDT,0.023,3.0,0.02299,7211.0,0.02301,264.0,0.02302,6.0
1753547012299,16:23:32.299,ACH/USDT:USDT,0.023,3.0,0.02299,7211.0,0.02301,268.0,0.02302,4.0
1753547012991,16:23:32.991,ACH/USDT:USDT,0.023,3.0,0.02299,7209.0,0.02301,268.0,0.02302,4.0
1753547013493,16:23:33.493,ACH/USDT:USDT,0.023,3.0,0.02299,8113.0,0.02302,192.0,0.02307,14767.0
1753547014300,16:23:34.300,ACH/USDT:USDT,0.023,3.0,0.02299,7209.0,0.02301,536.0,0.02302,8.0
1753547014492,16:23:34.492,ACH/USDT:USDT,0.023,3.0,0.02299,7209.0,0.02301,540.0,0.02302,4.0
1753547015493,16:23:35.493,ACH/USDT:USDT,0.023,3.0,0.02299,5161.0,0.02302,2144.0,0.02303,10541.0
1753547015995,16:23:35.995,ACH/USDT:USDT,0.023,3.0,0.02299,5161.0,0.02302,2144.0,0.02303,10541.0
1753547016497,16:23:36.497,ACH/USDT:USDT,0.023,3.0,0.02299,5163.0,0.02302,2144.0,0.02305,14956.0
1753547017497,16:23:37.497,ACH/USDT:USDT,0.023,3.0,0.02299,7211.0,0.02301,1132.0,0.02302,4.0
1753547017998,16:23:37.998,ACH/USDT:USDT,0.023,3.0,0.02299,7211.0,0.02301,1132.0,0.02302,4.0
1753547018499,16:23:38.499,ACH/USDT:USDT,0.023,3.0,0.02299,5163.0,0.02301,1052.0,0.02302,4.0
1753547019499,16:23:39.499,ACH/USDT:USDT,0.023,3.0,0.02299,7211.0,0.02302,1056.0,0.02303,16765.0
1753547020499,16:23:40.499,ACH/USDT:USDT,0.023,3.0,0.02299,8795.0,0.02302,31.0,0.02306,16199.0
1753547021303,16:23:41.303,ACH/USDT:USDT,0.023,3.0,0.02299,8795.0,0.02302,29.0,0.02306,8843.0
1753547022002,16:23:42.002,ACH/USDT:USDT,0.023,3.0,0.02299,7867.0,0.02302,143.0,0.02304,87903.0
1753547022502,16:23:42.502,ACH/USDT:USDT,0.023,3.0,0.02299,7867.0,0.02302,143.0,0.02307,40984.0
1753547023002,16:23:43.002,ACH/USDT:USDT,0.023,3.0,0.02299,7867.0,0.02302,141.0,0.02307,40984.0
1753547023503,16:23:43.503,ACH/USDT:USDT,0.023,3.0,0.02299,9057.0,0.02302,45.0,0.02306,173607.0
1753547024505,16:23:44.505,ACH/USDT:USDT,0.023,3.0,0.02299,9058.0,0.02302,45.0,0.02306,39767.0
1753547025006,16:23:45.006,ACH/USDT:USDT,0.023,3.0,0.02299,9061.0,0.02302,45.0,0.02306,39767.0
1753547025506,16:23:45.506,ACH/USDT:USDT,0.023,3.0,0.02299,5877.0,0.02301,1056.0,0.02302,5.0
1753547026310,16:23:46.310,ACH/USDT:USDT,0.023,3.0,0.02299,5874.0,0.02301,1060.0,0.02302,4.0
1753547027009,16:23:47.009,ACH/USDT:USDT,0.023,3.0,0.02299,5874.0,0.02301,4.0,0.02302,1060.0
1753547027510,16:23:47.510,ACH/USDT:USDT,0.023,3.0,0.02299,6338.0,0.02302,1065.0,0.02303,83298.0
1753547028310,16:23:48.310,ACH/USDT:USDT,0.023,3.0,0.02299,6338.0,0.02301,1056.0,0.02302,46982.0
1753547029013,16:23:49.013,ACH/USDT:USDT,0.023,3.0,0.02299,6341.0,0.02301,1061.0,0.02302,46977.0
1753547029513,16:23:49.513,ACH/USDT:USDT,0.023,3.0,0.02299,7242.0,0.02301,5.0,0.02302,1060.0
1753547030313,16:23:50.313,ACH/USDT:USDT,0.023,3.0,0.02299,7243.0,0.02301,1053.0,0.02302,4.0
1753547030518,16:23:50.518,ACH/USDT:USDT,0.023,3.0,0.02299,7245.0,0.02301,1053.0,0.02302,4.0
1753547031518,16:23:51.518,ACH/USDT:USDT,0.023,3.0,0.02299,3002.0,0.02301,2985.0,0.02302,110856.0
1753547032315,16:23:52.315,ACH/USDT:USDT,0.023,3.0,0.02299,1770.0,0.02301,4347.0,0.02302,54391.0
1753547033018,16:23:53.018,ACH/USDT:USDT,0.023,3.0,0.02299,1773.0,0.02301,4347.0,0.02302,54391.0
1753547033644,16:23:53.644,ACH/USDT:USDT,0.02299,4.0,0.02298,34525.0,0.023,1184.0,0.02301,3.0
1753547034317,16:23:54.317,ACH/USDT:USDT,0.02298,35479.0,0.02297,5183.0,0.023,1696.0,0.02301,3.0
1753547035022,16:23:55.022,ACH/USDT:USDT,0.02298,35479.0,0.02297,5183.0,0.023,1697.0,0.02302,4.0
1753547035521,16:23:55.521,ACH/USDT:USDT,0.02298,35479.0,0.02297,5183.0,0.023,1.0,0.02301,608.0
1753547036332,16:23:56.332,ACH/USDT:USDT,0.02298,4167.0,0.02297,11750.0,0.023,1.0,0.02301,613.0
1753547036524,16:23:56.524,ACH/USDT:USDT,0.02298,4170.0,0.02297,21460.0,0.023,1696.0,0.02301,6.0
1753547037527,16:23:57.527,ACH/USDT:USDT,0.02298,4170.0,0.02297,67085.0,0.02301,1262.0,0.02303,116835.0
1753547038027,16:23:58.027,ACH/USDT:USDT,0.02298,4170.0,0.02297,57375.0,0.02301,1262.0,0.02303,116835.0
1753547038528,16:23:58.528,ACH/USDT:USDT,0.02298,4170.0,0.02297,11750.0,0.023,1705.0,0.02301,5.0
1753547039531,16:23:59.531,ACH/USDT:USDT,0.02298,4170.0,0.02297,11750.0,0.023,1981.0,0.02301,5.0
1753547040326,16:24:00.326,ACH/USDT:USDT,0.02298,10.0,0.02297,16030.0,0.02299,1600.0,0.023,5.0
1753547041031,16:24:01.031,ACH/USDT:USDT,0.02298,1146.0,0.02297,11750.0,0.023,7274.0,0.02301,54318.0
1753547041533,16:24:01.533,ACH/USDT:USDT,0.02298,4649.0,0.02297,11750.0,0.023,2.0,0.02301,869.0
1753547042326,16:24:02.326,ACH/USDT:USDT,0.02298,4311.0,0.02297,11750.0,0.023,1754.0,0.02301,5.0
1753547042536,16:24:02.536,ACH/USDT:USDT,0.02298,4311.0,0.02297,11750.0,0.023,1754.0,0.02301,5.0
1753547044038,16:24:04.038,ACH/USDT:USDT,0.02298,2258.0,0.02297,11750.0,0.023,4076.0,0.02301,5.0
1753547045041,16:24:05.041,ACH/USDT:USDT,0.02298,5553.0,0.02297,127275.0,0.023,1675.0,0.02301,5.0
1753547045541,16:24:05.541,ACH/USDT:USDT,0.02298,4649.0,0.02297,11750.0,0.023,1676.0,0.02301,108157.0
1753547046329,16:24:06.329,ACH/USDT:USDT,0.02298,4649.0,0.02297,24122.0,0.023,1677.0,0.02301,108157.0
1753547047044,16:24:07.044,ACH/USDT:USDT,0.02298,7153.0,0.02297,24122.0,0.02301,1679.0,0.02306,109404.0
1753547047544,16:24:07.544,ACH/USDT:USDT,0.02298,7153.0,0.02297,78914.0,0.02301,1679.0,0.02302,69122.0
1753547048335,16:24:08.335,ACH/USDT:USDT,0.02298,7153.0,0.02297,11750.0,0.023,1672.0,0.02301,7.0
1753547048546,16:24:08.546,ACH/USDT:USDT,0.02298,7153.0,0.02297,11750.0,0.023,1673.0,0.02301,5.0
1753547049547,16:24:09.547,ACH/USDT:USDT,0.02298,3857.0,0.02297,11750.0,0.02301,4394.0,0.02303,88153.0
1753547050047,16:24:10.047,ACH/USDT:USDT,0.02298,3856.0,0.02297,11750.0,0.02301,4394.0,0.02303,88153.0
1753547050331,16:24:10.331,ACH/USDT:USDT,0.02298,3864.0,0.02297,147131.0,0.023,3256.0,0.02301,10.0
1753547050548,16:24:10.548,ACH/USDT:USDT,0.02298,3864.0,0.02297,147131.0,0.023,3258.0,0.02301,5.0
1753547051551,16:24:11.551,ACH/USDT:USDT,0.02298,7151.0,0.02297,20551.0,0.023,1675.0,0.02301,5.0
1753547052552,16:24:12.552,ACH/USDT:USDT,0.02298,6247.0,0.02297,11750.0,0.023,1675.0,0.02301,5.0
1753547053335,16:24:13.335,ACH/USDT:USDT,0.02298,7151.0,0.02297,11750.0,0.023,1673.0,0.02301,5.0
1753547054056,16:24:14.056,ACH/USDT:USDT,0.02298,7150.0,0.02297,11750.0,0.023,1673.0,0.02301,5.0
1753547054557,16:24:14.557,ACH/USDT:USDT,0.02298,7150.0,0.02297,11750.0,0.023,1673.0,0.02301,5.0
1753547055333,16:24:15.333,ACH/USDT:USDT,0.02298,3862.0,0.02297,75215.0,0.023,1.0,0.02301,4149.0
1753547055563,16:24:15.563,ACH/USDT:USDT,0.02298,3862.0,0.02297,75215.0,0.02301,4154.0,0.02304,4215.0
1753547056562,16:24:16.562,ACH/USDT:USDT,0.02298,7154.0,0.02297,141533.0,0.02301,1662.0,0.02306,68793.0
1753547057063,16:24:17.063,ACH/USDT:USDT,0.02298,7154.0,0.02297,141533.0,0.02301,1662.0,0.02306,68793.0
1753547057564,16:24:17.564,ACH/USDT:USDT,0.02298,7154.0,0.02297,13316.0,0.023,1656.0,0.02301,6.0
1753547058341,16:24:18.341,ACH/USDT:USDT,0.02299,7936.0,0.02298,10.0,0.02301,9.0,0.02302,352.0
1753547059066,16:24:19.066,ACH/USDT:USDT,0.02299,7936.0,0.02298,12081.0,0.02301,9.0,0.02302,352.0
1753547059566,16:24:19.566,ACH/USDT:USDT,0.02299,8000.0,0.02298,12081.0,0.02301,377.0,0.02304,98664.0
1753547060339,16:24:20.339,ACH/USDT:USDT,0.02299,9952.0,0.02298,10.0,0.02301,345.0,0.02304,126917.0
1753547061069,16:24:21.069,ACH/USDT:USDT,0.02299,9955.0,0.02298,5.0,0.02301,345.0,0.02304,126917.0
1753547061570,16:24:21.570,ACH/USDT:USDT,0.02299,9996.0,0.02298,5.0,0.02301,346.0,0.02303,4831.0
1753547062340,16:24:22.340,ACH/USDT:USDT,0.02299,9996.0,0.02298,5.0,0.02301,10.0,0.02302,160.0
1753547063073,16:24:23.073,ACH/USDT:USDT,0.02299,9993.0,0.02298,5.0,0.02301,5.0,0.02302,161.0
1753547063547,16:24:23.547,ACH/USDT:USDT,0.023,3600.0,0.02299,1.0,0.02301,5.0,0.02302,4809.0
1753547064074,16:24:24.074,ACH/USDT:USDT,0.023,3600.0,0.02299,1.0,0.02301,5.0,0.02302,4810.0
1753547064575,16:24:24.575,ACH/USDT:USDT,0.023,6784.0,0.02299,1.0,0.02301,5.0,0.02302,404.0
1753547065077,16:24:25.077,ACH/USDT:USDT,0.023,6784.0,0.02299,1.0,0.02301,5.0,0.02302,404.0
1753547065578,16:24:25.578,ACH/USDT:USDT,0.023,5880.0,0.02299,1.0,0.02301,5.0,0.02302,404.0
1753547066581,16:24:26.581,ACH/USDT:USDT,0.023,5776.0,0.02299,11370.0,0.02302,2.0,0.02303,1328.0
1753547067080,16:24:27.080,ACH/USDT:USDT,0.023,5773.0,0.02299,11370.0,0.02302,2.0,0.02303,1328.0
1753547067581,16:24:27.581,ACH/USDT:USDT,0.023,7015.0,0.02299,11370.0,0.02302,402.0,0.02306,151045.0
1753547068346,16:24:28.346,ACH/USDT:USDT,0.023,7031.0,0.02297,8375.0,0.02302,402.0,0.02305,128343.0
1753547068582,16:24:28.582,ACH/USDT:USDT,0.023,7031.0,0.02297,8375.0,0.02302,402.0,0.02305,128343.0
1753547069584,16:24:29.584,ACH/USDT:USDT,0.023,7030.0,0.02297,7245.0,0.02302,2.0,0.02303,336.0
1753547070084,16:24:30.084,ACH/USDT:USDT,0.023,7030.0,0.02296,10335.0,0.02302,2.0,0.02303,336.0
1753547070586,16:24:30.586,ACH/USDT:USDT,0.023,7030.0,0.02299,10621.0,0.02302,338.0,0.02303,24045.0
1753547071352,16:24:31.352,ACH/USDT:USDT,0.023,7030.0,0.02299,10621.0,0.02302,341.0,0.02303,24045.0
1753547072090,16:24:32.090,ACH/USDT:USDT,0.023,7046.0,0.02298,88608.0,0.02302,5.0,0.02303,352.0
1753547072590,16:24:32.590,ACH/USDT:USDT,0.023,7046.0,0.02298,84875.0,0.02302,100.0,0.02306,128639.0
1753547073546,16:24:33.546,ACH/USDT:USDT,0.02301,3376.0,0.023,6.0,0.02302,5.0,0.02303,13432.0
1753547074094,16:24:34.094,ACH/USDT:USDT,0.02301,3378.0,0.023,3.0,0.02302,1.0,0.02303,13433.0
1753547074596,16:24:34.596,ACH/USDT:USDT,0.02301,3733.0,0.023,3.0,0.02302,1.0,0.02303,9097.0
1753547075594,16:24:35.594,ACH/USDT:USDT,0.02301,6653.0,0.023,3.0,0.02302,1.0,0.02303,481.0
1753547076351,16:24:36.351,ACH/USDT:USDT,0.02301,6652.0,0.023,3.0,0.02302,1.0,0.02303,483.0
1753547077096,16:24:37.096,ACH/USDT:USDT,0.02301,5411.0,0.023,3.0,0.02302,1.0,0.02303,1355.0
1753547077597,16:24:37.597,ACH/USDT:USDT,0.02301,4723.0,0.023,3.0,0.02302,1.0,0.02303,1803.0
1753547078351,16:24:38.351,ACH/USDT:USDT,0.02301,8337.0,0.023,3.0,0.02302,1.0,0.02303,251.0
1753547078597,16:24:38.597,ACH/USDT:USDT,0.02301,8341.0,0.023,3.0,0.02302,1.0,0.02303,251.0
1753547079598,16:24:39.598,ACH/USDT:USDT,0.02301,8341.0,0.023,680.0,0.02302,1.0,0.02303,187.0
1753547080102,16:24:40.102,ACH/USDT:USDT,0.02301,8340.0,0.023,680.0,0.02302,1.0,0.02303,187.0
1753547080598,16:24:40.598,ACH/USDT:USDT,0.02301,9340.0,0.023,680.0,0.02302,1.0,0.02304,187.0
1753547081601,16:24:41.601,ACH/USDT:USDT,0.02302,6019.0,0.023,3.0,0.02304,2.0,0.02305,2200.0
1753547082358,16:24:42.358,ACH/USDT:USDT,0.02302,3099.0,0.023,3.0,0.02304,4248.0,0.02305,4.0
1753547082608,16:24:42.608,ACH/USDT:USDT,0.02302,3099.0,0.023,3.0,0.02304,4248.0,0.02305,4.0
1753547083605,16:24:43.605,ACH/USDT:USDT,0.02302,3099.0,0.023,3.0,0.02304,6341.0,0.02307,10243.0
1753547084360,16:24:44.360,ACH/USDT:USDT,0.02302,1891.0,0.023,3.0,0.02304,5.0,0.02305,5288.0
1753547085108,16:24:45.108,ACH/USDT:USDT,0.02302,1893.0,0.023,3.0,0.02304,5.0,0.02305,5288.0
1753547085609,16:24:45.609,ACH/USDT:USDT,0.02302,1905.0,0.02301,52654.0,0.02304,5293.0,0.02307,10243.0
1753547086363,16:24:46.363,ACH/USDT:USDT,0.02302,1907.0,0.02301,52654.0,0.02304,5291.0,0.02307,10243.0
1753547087119,16:24:47.119,ACH/USDT:USDT,0.02302,2858.0,0.023,3.0,0.02304,3.0,0.02305,6944.0
1753547087612,16:24:47.612,ACH/USDT:USDT,0.02302,2858.0,0.02301,1970.0,0.02304,3.0,0.02305,6944.0
1753547088615,16:24:48.615,ACH/USDT:USDT,0.02302,1897.0,0.02301,1970.0,0.02304,5250.0,0.02307,10243.0
1753547089365,16:24:49.365,ACH/USDT:USDT,0.02302,5209.0,0.023,3.0,0.02304,2.0,0.02305,2928.0
1753547090120,16:24:50.120,ACH/USDT:USDT,0.02302,5209.0,0.023,3.0,0.02305,2931.0,0.02307,179918.0
1753547090619,16:24:50.619,ACH/USDT:USDT,0.02302,6140.0,0.023,3.0,0.02304,2712.0,0.02305,3.0
1753547091366,16:24:51.366,ACH/USDT:USDT,0.02302,6137.0,0.02301,2714.0,0.02304,2716.0,0.02306,128217.0
1753547092123,16:24:52.123,ACH/USDT:USDT,0.02302,2881.0,0.02301,46778.0,0.02304,6626.0,0.02307,10243.0
1753547092626,16:24:52.626,ACH/USDT:USDT,0.02302,2881.0,0.02301,2714.0,0.02304,5917.0,0.02306,80930.0
1753547093627,16:24:53.627,ACH/USDT:USDT,0.02302,325.0,0.02301,2714.0,0.02304,6667.0,0.02306,133218.0
1753547094629,16:24:54.629,ACH/USDT:USDT,0.02302,349.0,0.02301,2714.0,0.02305,6665.0,0.02307,146157.0
1753547095367,16:24:55.367,ACH/USDT:USDT,0.02302,133.0,0.023,77760.0,0.02305,6665.0,0.02307,172395.0
1753547096631,16:24:56.631,ACH/USDT:USDT,0.02302,136.0,0.023,1201.0,0.02304,8413.0,0.02305,70528.0
1753547097371,16:24:57.371,ACH/USDT:USDT,0.02302,136.0,0.02301,32619.0,0.02304,5.0,0.02305,8410.0
1753547097632,16:24:57.632,ACH/USDT:USDT,0.02302,134.0,0.02301,32619.0,0.02304,5.0,0.02305,8410.0
1753547098370,16:24:58.370,ACH/USDT:USDT,0.02302,136.0,0.02298,1419.0,0.02304,8413.0,0.02305,127092.0
1753547098634,16:24:58.634,ACH/USDT:USDT,0.02302,136.0,0.02298,1419.0,0.02304,8413.0,0.02305,127092.0
1753547099135,16:24:59.135,ACH/USDT:USDT,0.02302,136.0,0.02298,1419.0,0.02304,8413.0,0.02305,127092.0
1753547099636,16:24:59.636,ACH/USDT:USDT,0.02302,135.0,0.02298,1419.0,0.02304,5.0,0.02305,8410.0
1753547100374,16:25:00.374,ACH/USDT:USDT,0.02302,7439.0,0.02299,7429.0,0.02305,4684.0,0.02306,8851.0
1753547101140,16:25:01.140,ACH/USDT:USDT,0.02302,5.0,0.02301,7706.0,0.02303,939.0,0.02305,2.0
1753547101642,16:25:01.642,ACH/USDT:USDT,0.02302,5.0,0.02301,7929.0,0.02303,73.0,0.02305,2.0
1753547102545,16:25:02.545,ACH/USDT:USDT,0.02302,1853.0,0.02301,1.0,0.02303,1.0,0.02305,5978.0
1753547103642,16:25:03.642,ACH/USDT:USDT,0.02302,1390.0,0.02299,7811.0,0.02303,1.0,0.02304,5552.0
1753547104644,16:25:04.644,ACH/USDT:USDT,0.02302,7374.0,0.02299,70296.0,0.02304,1740.0,0.02305,2.0
1753547105345,16:25:05.345,ACH/USDT:USDT,0.02302,6.0,0.02301,6344.0,0.02303,1144.0,0.02304,72085.0
1753547106378,16:25:06.378,ACH/USDT:USDT,0.02302,5.0,0.02301,6349.0,0.02304,1145.0,0.02305,2.0
1753547107152,16:25:07.152,ACH/USDT:USDT,0.02302,5.0,0.02301,5229.0,0.02303,2875.0,0.02304,126441.0
1753547107648,16:25:07.648,ACH/USDT:USDT,0.02302,5.0,0.02301,5397.0,0.02303,5673.0,0.02304,64482.0
1753547108650,16:25:08.650,ACH/USDT:USDT,0.02302,5.0,0.02301,2213.0,0.02304,7061.0,0.02305,2.0
1753547109382,16:25:09.382,ACH/USDT:USDT,0.02302,5.0,0.02301,2205.0,0.02304,7058.0,0.02305,2.0
1753547110152,16:25:10.152,ACH/USDT:USDT,0.02302,5.0,0.02301,2205.0,0.02304,7058.0,0.02305,2.0
1753547110653,16:25:10.653,ACH/USDT:USDT,0.02302,5.0,0.02301,2203.0,0.02303,7056.0,0.02304,2.0
1753547111380,16:25:11.380,ACH/USDT:USDT,0.02302,5.0,0.02301,2203.0,0.02303,7059.0,0.02305,2.0
1753547112155,16:25:12.155,ACH/USDT:USDT,0.02302,5.0,0.02301,923.0,0.02304,7089.0,0.02305,2.0
1753547112655,16:25:12.655,ACH/USDT:USDT,0.02302,5.0,0.02301,923.0,0.02303,7024.0,0.02304,1.0
1753547113382,16:25:13.382,ACH/USDT:USDT,0.023,4522.0,0.02298,12638.0,0.02302,224.0,0.02304,1.0
1753547114157,16:25:14.157,ACH/USDT:USDT,0.023,4524.0,0.02298,12638.0,0.02302,225.0,0.02305,2.0
1753547114660,16:25:14.660,ACH/USDT:USDT,0.023,2508.0,0.02298,12638.0,0.02303,3580.0,0.02305,2.0
1753547115385,16:25:15.385,ACH/USDT:USDT,0.023,244.0,0.02298,12638.0,0.02302,6512.0,0.02303,4.0
1753547116162,16:25:16.162,ACH/USDT:USDT,0.023,245.0,0.02298,12638.0,0.02302,6512.0,0.02303,4.0
1753547116663,16:25:16.663,ACH/USDT:USDT,0.023,243.0,0.02298,1419.0,0.02302,8149.0,0.02304,32737.0
1753547117664,16:25:17.664,ACH/USDT:USDT,0.023,243.0,0.02298,32656.0,0.02302,6546.0,0.02303,85766.0
1753547118665,16:25:18.665,ACH/USDT:USDT,0.023,243.0,0.02298,49961.0,0.02303,6557.0,0.02305,28257.0
1753547119171,16:25:19.171,ACH/USDT:USDT,0.023,243.0,0.02298,49961.0,0.02303,6557.0,0.02305,28257.0
1753547119667,16:25:19.667,ACH/USDT:USDT,0.023,244.0,0.02299,69283.0,0.02303,6557.0,0.02305,2.0
1753547120385,16:25:20.385,ACH/USDT:USDT,0.023,244.0,0.02298,1419.0,0.02303,6490.0,0.02304,196215.0
1753547121169,16:25:21.169,ACH/USDT:USDT,0.023,245.0,0.02298,1419.0,0.02303,6490.0,0.02304,196215.0
1753547121671,16:25:21.671,ACH/USDT:USDT,0.023,243.0,0.02298,6457.0,0.02303,6490.0,0.02304,79156.0
1753547122386,16:25:22.386,ACH/USDT:USDT,0.023,241.0,0.02298,6457.0,0.02303,8090.0,0.02305,2.0
1753547123672,16:25:23.672,ACH/USDT:USDT,0.023,241.0,0.02298,35442.0,0.02302,8088.0,0.02303,2.0
1753547124676,16:25:24.676,ACH/USDT:USDT,0.023,243.0,0.02298,6457.0,0.02302,8092.0,0.02304,190398.0
1753547125388,16:25:25.388,ACH/USDT:USDT,0.023,243.0,0.02298,6457.0,0.02302,8093.0,0.02304,30609.0
1753547126180,16:25:26.180,ACH/USDT:USDT,0.023,244.0,0.02298,6457.0,0.02302,8093.0,0.02304,30609.0
1753547126678,16:25:26.678,ACH/USDT:USDT,0.023,249.0,0.02299,61159.0,0.02302,8093.0,0.02306,39216.0
1753547127390,16:25:27.390,ACH/USDT:USDT,0.023,249.0,0.02298,55259.0,0.02302,5.0,0.02303,8088.0
1753547127679,16:25:27.679,ACH/USDT:USDT,0.023,249.0,0.02298,55259.0,0.02302,5.0,0.02303,8088.0
1753547128681,16:25:28.681,ACH/USDT:USDT,0.023,462.0,0.02299,89607.0,0.02302,5.0,0.02303,5624.0
1753547129446,16:25:29.446,ACH/USDT:USDT,0.023,6.0,0.02299,3328.0,0.02302,1109.0,0.02307,72274.0
1753547129683,16:25:29.683,ACH/USDT:USDT,0.023,6.0,0.02299,3328.0,0.02302,1110.0,0.02307,72274.0
1753547130392,16:25:30.392,ACH/USDT:USDT,0.023,5.0,0.02299,116.0,0.02301,4856.0,0.02302,6.0
1753547131688,16:25:31.688,ACH/USDT:USDT,0.023,5.0,0.02299,113.0,0.02301,8053.0,0.02302,2.0
1753547132392,16:25:32.392,ACH/USDT:USDT,0.023,5.0,0.02299,113.0,0.02301,5.0,0.02302,11922.0
1753547132690,16:25:32.690,ACH/USDT:USDT,0.023,5.0,0.02299,113.0,0.02301,5.0,0.02302,11922.0
1753547133394,16:25:33.394,ACH/USDT:USDT,0.023,5.0,0.02299,113.0,0.02302,11927.0,0.02303,11554.0
1753547134191,16:25:34.191,ACH/USDT:USDT,0.023,5.0,0.02299,115.0,0.02302,11927.0,0.02303,11554.0
1753547134692,16:25:34.692,ACH/USDT:USDT,0.023,5.0,0.02299,113.0,0.02301,11920.0,0.02302,7.0
1753547135395,16:25:35.395,ACH/USDT:USDT,0.023,5.0,0.02299,113.0,0.02301,11867.0,0.02302,2.0
1753547135944,16:25:35.944,ACH/USDT:USDT,0.02299,1.0,0.02298,11069.0,0.023,1984.0,0.02301,2.0
1753547136727,16:25:36.727,ACH/USDT:USDT,0.02298,236.0,0.02296,28465.0,0.023,4490.0,0.02302,2.0
1753547137397,16:25:37.397,ACH/USDT:USDT,0.02298,236.0,0.02296,28465.0,0.023,4489.0,0.02302,86123.0
1753547139398,16:25:39.398,ACH/USDT:USDT,0.02298,106.0,0.02296,28465.0,0.023,1.0,0.02301,7056.0
1753547140204,16:25:40.204,ACH/USDT:USDT,0.02298,108.0,0.02296,28465.0,0.023,1.0,0.02301,7056.0
1753547140702,16:25:40.702,ACH/USDT:USDT,0.02298,108.0,0.02297,22795.0,0.023,8689.0,0.02302,2.0
1753547141705,16:25:41.705,ACH/USDT:USDT,0.02298,109.0,0.02297,1007.0,0.023,8692.0,0.02302,2.0
1753547142206,16:25:42.206,ACH/USDT:USDT,0.02298,105.0,0.02297,1007.0,0.023,8692.0,0.02302,2.0
1753547142706,16:25:42.706,ACH/USDT:USDT,0.02298,105.0,0.02297,1007.0,0.023,8661.0,0.02301,98330.0
1753547143401,16:25:43.401,ACH/USDT:USDT,0.02298,108.0,0.02297,1007.0,0.023,6229.0,0.02301,51682.0
1753547144212,16:25:44.212,ACH/USDT:USDT,0.02298,106.0,0.02297,1007.0,0.023,6229.0,0.02301,51682.0
1753547144712,16:25:44.712,ACH/USDT:USDT,0.02298,105.0,0.02297,1007.0,0.023,7077.0,0.02302,2.0
1753547145403,16:25:45.403,ACH/USDT:USDT,0.02298,105.0,0.02297,68297.0,0.023,7077.0,0.02302,2.0
1753547145715,16:25:45.715,ACH/USDT:USDT,0.02298,105.0,0.02297,68297.0,0.023,7074.0,0.02302,2.0
1753547146717,16:25:46.717,ACH/USDT:USDT,0.02298,107.0,0.02297,101460.0,0.023,7075.0,0.02301,85989.0
1753547147408,16:25:47.408,ACH/USDT:USDT,0.02298,3.0,0.02297,264.0,0.023,5195.0,0.02301,86491.0
1753547147719,16:25:47.719,ACH/USDT:USDT,0.02297,266.0,0.02296,22606.0,0.023,5195.0,0.02301,86491.0
1753547148719,16:25:48.719,ACH/USDT:USDT,0.02297,1170.0,0.02296,32503.0,0.02299,6210.0,0.02302,2.0
1753547149407,16:25:49.407,ACH/USDT:USDT,0.02297,1170.0,0.02296,22606.0,0.02299,2.0,0.023,6208.0
1753547150722,16:25:50.722,ACH/USDT:USDT,0.02297,1170.0,0.02296,22606.0,0.023,7045.0,0.02302,2.0
1753547151408,16:25:51.408,ACH/USDT:USDT,0.02297,1169.0,0.02296,22606.0,0.023,7041.0,0.02302,2.0
1753547151726,16:25:51.726,ACH/USDT:USDT,0.02297,2345.0,0.02296,87830.0,0.023,7043.0,0.02302,2.0
1753547152732,16:25:52.732,ACH/USDT:USDT,0.02297,1171.0,0.02296,131950.0,0.02299,5469.0,0.02301,52868.0
1753547153409,16:25:53.409,ACH/USDT:USDT,0.02297,2203.0,0.02296,80528.0,0.02299,5.0,0.023,4560.0
1753547153732,16:25:53.732,ACH/USDT:USDT,0.02297,2203.0,0.02296,80528.0,0.02299,5.0,0.023,4560.0
1753547154411,16:25:54.411,ACH/USDT:USDT,0.02297,2203.0,0.02296,22606.0,0.02299,4277.0,0.023,9887.0
1753547155234,16:25:55.234,ACH/USDT:USDT,0.02297,2201.0,0.02296,29030.0,0.02299,4277.0,0.023,9887.0
1753547155733,16:25:55.733,ACH/USDT:USDT,0.02297,2547.0,0.02296,29030.0,0.02299,4277.0,0.02302,63875.0
1753547156425,16:25:56.425,ACH/USDT:USDT,0.02297,2550.0,0.02296,6424.0,0.02299,4278.0,0.02302,63873.0
1753547156734,16:25:56.734,ACH/USDT:USDT,0.02297,4575.0,0.02295,53611.0,0.02299,2998.0,0.02302,24991.0
1753547157740,16:25:57.740,ACH/USDT:USDT,0.02297,4575.0,0.02294,79378.0,0.02299,2996.0,0.02303,118119.0
1753547158417,16:25:58.417,ACH/USDT:USDT,0.02297,5495.0,0.02294,92183.0,0.02299,3.0,0.023,2992.0
1753547158742,16:25:58.742,ACH/USDT:USDT,0.02297,5497.0,0.02294,92183.0,0.02299,3.0,0.023,2992.0
1753547159414,16:25:59.414,ACH/USDT:USDT,0.02297,4577.0,0.02295,19745.0,0.02299,2913.0,0.023,157968.0
1753547160249,16:26:00.249,ACH/USDT:USDT,0.02297,4574.0,0.02295,19745.0,0.02299,2917.0,0.023,157965.0
1753547160740,16:26:00.740,ACH/USDT:USDT,0.02297,2234.0,0.02293,63714.0,0.02299,5213.0,0.02303,116198.0
1753547161426,16:26:01.426,ACH/USDT:USDT,0.02297,2233.0,0.02293,72255.0,0.02299,5211.0,0.02303,116198.0
1753547161743,16:26:01.743,ACH/USDT:USDT,0.02297,2230.0,0.02293,58392.0,0.02299,4523.0,0.02303,115547.0
1753547162747,16:26:02.747,ACH/USDT:USDT,0.02297,2255.0,0.02293,11998.0,0.02299,4526.0,0.02302,88501.0
1753547163244,16:26:03.244,ACH/USDT:USDT,0.02297,2256.0,0.02293,11998.0,0.02299,4526.0,0.02302,88501.0
1753547163745,16:26:03.745,ACH/USDT:USDT,0.02297,5550.0,0.02293,11998.0,0.02299,1894.0,0.02302,108475.0
1753547164420,16:26:04.420,ACH/USDT:USDT,0.02297,4256.0,0.02294,153055.0,0.02299,6.0,0.023,3048.0
1753547165250,16:26:05.250,ACH/USDT:USDT,0.02297,5.0,0.02296,5204.0,0.02298,248.0,0.02299,6.0
1753547165749,16:26:05.749,ACH/USDT:USDT,0.02297,5.0,0.02296,4436.0,0.02299,2358.0,0.02303,80457.0
1753547166750,16:26:06.750,ACH/USDT:USDT,0.02297,5.0,0.02296,4401.0,0.02299,1549.0,0.02301,99881.0
1753547167251,16:26:07.251,ACH/USDT:USDT,0.02297,5.0,0.02296,4401.0,0.02299,1550.0,0.02301,99881.0
1753547167763,16:26:07.763,ACH/USDT:USDT,0.02297,5.0,0.02296,4435.0,0.02298,256.0,0.02299,6.0
1753547168435,16:26:08.435,ACH/USDT:USDT,0.02297,5.0,0.02296,5708.0,0.02298,8.0,0.02299,6.0
1753547168753,16:26:08.753,ACH/USDT:USDT,0.02297,5.0,0.02296,5708.0,0.02298,8.0,0.02299,6.0
1753547169757,16:26:09.757,ACH/USDT:USDT,0.02297,5.0,0.02296,4425.0,0.02298,248.0,0.02299,6.0
1753547170258,16:26:10.258,ACH/USDT:USDT,0.02297,5.0,0.02296,4427.0,0.02298,248.0,0.02299,6.0
1753547170758,16:26:10.758,ACH/USDT:USDT,0.02297,5.0,0.02296,6723.0,0.02299,14.0,0.02301,81948.0
1753547171425,16:26:11.425,ACH/USDT:USDT,0.02297,5.0,0.02296,6725.0,0.02299,13.0,0.02301,81948.0
1753547171759,16:26:11.759,ACH/USDT:USDT,0.02297,5.0,0.02296,4773.0,0.02298,243.0,0.02299,1.0
1753547172761,16:26:12.761,ACH/USDT:USDT,0.02297,5.0,0.02296,6037.0,0.02298,9.0,0.02299,1.0
1753547173426,16:26:13.426,ACH/USDT:USDT,0.02297,5.0,0.02296,6037.0,0.02298,3.0,0.02299,9.0
1753547174265,16:26:14.265,ACH/USDT:USDT,0.02297,5.0,0.02296,6037.0,0.02299,10.0,0.023,100855.0
1753547174765,16:26:14.765,ACH/USDT:USDT,0.02297,5.0,0.02296,5117.0,0.02298,13.0,0.02299,1.0
1753547175767,16:26:15.767,ACH/USDT:USDT,0.02297,5.0,0.02296,6100.0,0.02298,13.0,0.02299,1.0
1753547176428,16:26:16.428,ACH/USDT:USDT,0.02297,5.0,0.02296,6101.0,0.02298,13.0,0.02299,1.0
1753547176767,16:26:16.767,ACH/USDT:USDT,0.02297,5.0,0.02296,6885.0,0.02298,5.0,0.02299,9.0
1753547177429,16:26:17.429,ACH/USDT:USDT,0.02297,5.0,0.02296,6101.0,0.02298,13.0,0.02299,1.0
1753547178273,16:26:18.273,ACH/USDT:USDT,0.02297,5.0,0.02296,6101.0,0.02298,12.0,0.02299,1.0
1753547178773,16:26:18.773,ACH/USDT:USDT,0.02297,5.0,0.02296,6097.0,0.02298,20.0,0.02299,1.0
1753547179431,16:26:19.431,ACH/USDT:USDT,0.02297,5.0,0.02296,6098.0,0.02298,4.0,0.02299,17.0
1753547180273,16:26:20.273,ACH/USDT:USDT,0.02297,5.0,0.02296,6099.0,0.02299,18.0,0.02301,20266.0
1753547180780,16:26:20.780,ACH/USDT:USDT,0.02297,5.0,0.02296,6099.0,0.02298,18.0,0.02299,1.0
1753547181433,16:26:21.433,ACH/USDT:USDT,0.02297,5.0,0.02296,6099.0,0.02298,17.0,0.02299,1.0
