timestamp,time,symbol,bid1_price,bid1_volume,bid2_price,bid2_volume,ask1_price,ask1_volume,ask2_price,ask2_volume
1753546967224,16:22:47.224,AERO/USDT:USDT,0.9032,84.0,0.9031,123,0.9034,129.0,0.9035,190
1753546967623,16:22:47.623,AERO/USDT:USDT,0.9032,84.0,0.9031,123,0.9034,129.0,0.9035,145
1753546967721,16:22:47.721,AERO/USDT:USDT,0.9032,84.0,0.9031,147,0.9034,129.0,0.9035,145
1753546968124,16:22:48.124,AERO/USDT:USDT,0.9032,84.0,0.9031,147,0.9034,129.0,0.9035,145
1753546968221,16:22:48.221,AERO/USDT:USDT,0.9032,84.0,0.9031,103,0.9034,129.0,0.9035,145
1753546968625,16:22:48.625,AERO/USDT:USDT,0.9032,84.0,0.9031,103,0.9034,129.0,0.9035,145
1753546968721,16:22:48.721,AERO/USDT:USDT,0.9032,84.0,0.9031,103,0.9034,129.0,0.9035,145
1753546969125,16:22:49.125,AERO/USDT:USDT,0.9032,84.0,0.9031,103,0.9034,129.0,0.9035,145
1753546969223,16:22:49.223,AERO/USDT:USDT,0.9032,84.0,0.9031,103,0.9034,129.0,0.9035,145
1753546969625,16:22:49.625,AERO/USDT:USDT,0.9032,84.0,0.9031,103,0.9034,129.0,0.9035,145
1753546969723,16:22:49.723,AERO/USDT:USDT,0.9032,84.0,0.9031,103,0.9034,129.0,0.9035,160
1753546969857,16:22:49.857,AERO/USDT:USDT,0.9032,80,0.9031,131,0.9034,106,0.9035,107
1753546970305,16:22:50.305,AERO/USDT:USDT,0.9032,80,0.9031,158,0.9034,106,0.9035,107
1753546970318,16:22:50.318,AERO/USDT:USDT,0.9032,80,0.9031,158,0.9034,106,0.9035,107
1753546970725,16:22:50.725,AERO/USDT:USDT,0.9032,80,0.9031,131,0.9034,106,0.9035,107
1753546970725,16:22:50.725,AERO/USDT:USDT,0.9032,80,0.9031,131,0.9034,106,0.9035,107
1753546971125,16:22:51.125,AERO/USDT:USDT,0.9032,80,0.9031,131,0.9034,106,0.9035,107
1753546971224,16:22:51.224,AERO/USDT:USDT,0.9032,80,0.9031,161,0.9034,106,0.9035,130
1753546971625,16:22:51.625,AERO/USDT:USDT,0.9032,80,0.9031,161,0.9034,106,0.9035,130
1753546971724,16:22:51.724,AERO/USDT:USDT,0.9032,80,0.9031,189,0.9034,106,0.9035,123
1753546972125,16:22:52.125,AERO/USDT:USDT,0.9032,80,0.9031,168,0.9034,106,0.9035,123
1753546972225,16:22:52.225,AERO/USDT:USDT,0.9032,80,0.9031,154,0.9034,106,0.9035,107
1753546972627,16:22:52.627,AERO/USDT:USDT,0.9032,80,0.9031,154,0.9034,106,0.9035,107
1753546972724,16:22:52.724,AERO/USDT:USDT,0.9032,80,0.9031,131,0.9034,106,0.9035,107
1753546973126,16:22:53.126,AERO/USDT:USDT,0.9032,80,0.9031,131,0.9034,106,0.9035,107
1753546973227,16:22:53.227,AERO/USDT:USDT,0.9032,80,0.9031,157,0.9034,106,0.9035,107
1753546973627,16:22:53.627,AERO/USDT:USDT,0.9032,80,0.9031,157,0.9034,106,0.9035,107
1753546973725,16:22:53.725,AERO/USDT:USDT,0.9032,80,0.9031,180,0.9034,106,0.9035,107
1753546974127,16:22:54.127,AERO/USDT:USDT,0.9032,80,0.9031,180,0.9034,106,0.9035,107
1753546974224,16:22:54.224,AERO/USDT:USDT,0.9032,80,0.9031,131,0.9034,106,0.9035,107
1753546974627,16:22:54.627,AERO/USDT:USDT,0.9032,80,0.9031,131,0.9034,106,0.9035,107
1753546974725,16:22:54.725,AERO/USDT:USDT,0.9032,80,0.9031,131,0.9034,106,0.9035,118
1753546975127,16:22:55.127,AERO/USDT:USDT,0.9032,80,0.9031,131,0.9034,106,0.9035,118
1753546975226,16:22:55.226,AERO/USDT:USDT,0.9032,80,0.9031,179,0.9034,106,0.9035,138
1753546975627,16:22:55.627,AERO/USDT:USDT,0.9032,80,0.9031,179,0.9034,106,0.9035,138
1753546975828,16:22:55.828,AERO/USDT:USDT,0.9032,146,0.9031,268,0.9034,160,0.9035,131
1753546975828,16:22:55.828,AERO/USDT:USDT,0.9032,66,0.9031,109,0.9034,160,0.9035,131
1753546976226,16:22:56.226,AERO/USDT:USDT,0.9032,66,0.9031,109,0.9034,160,0.9035,131
1753546976322,16:22:56.322,AERO/USDT:USDT,0.9032,66,0.9031,109,0.9034,160,0.9035,131
1753546976630,16:22:56.630,AERO/USDT:USDT,0.9032,66,0.9031,109,0.9034,160,0.9035,131
1753546976732,16:22:56.732,AERO/USDT:USDT,0.9032,66,0.9031,109,0.9034,160,0.9035,159
1753546977130,16:22:57.130,AERO/USDT:USDT,0.9032,66,0.9031,109,0.9034,160,0.9035,159
1753546977228,16:22:57.228,AERO/USDT:USDT,0.9032,66,0.9031,167,0.9034,160,0.9035,179
1753546977628,16:22:57.628,AERO/USDT:USDT,0.9032,66,0.9031,167,0.9034,160,0.9035,131
1753546977728,16:22:57.728,AERO/USDT:USDT,0.9032,66,0.9031,155,0.9034,160,0.9035,191
1753546978130,16:22:58.130,AERO/USDT:USDT,0.9032,66,0.9031,155,0.9034,160,0.9035,131
1753546978227,16:22:58.227,AERO/USDT:USDT,0.9032,66,0.9031,163,0.9034,160,0.9035,144
1753546978601,16:22:58.601,AERO/USDT:USDT,0.9032,66,0.9031,163,0.9034,136,0.9035,144
1753546978728,16:22:58.728,AERO/USDT:USDT,0.9032,66,0.9031,160,0.9034,136,0.9035,131
1753546979130,16:22:59.130,AERO/USDT:USDT,0.9032,66,0.9031,109,0.9034,136,0.9035,131
1753546979230,16:22:59.230,AERO/USDT:USDT,0.9032,66,0.9031,109,0.9034,136,0.9035,131
1753546979632,16:22:59.632,AERO/USDT:USDT,0.9032,66,0.9031,109,0.9034,136,0.9035,131
1753546979730,16:22:59.730,AERO/USDT:USDT,0.9032,66,0.9031,109,0.9034,136,0.9035,131
1753546980131,16:23:00.131,AERO/USDT:USDT,0.9032,66,0.9031,109,0.9034,136,0.9035,131
1753546980228,16:23:00.228,AERO/USDT:USDT,0.9032,66,0.9031,142,0.9034,136,0.9035,155
1753546980630,16:23:00.630,AERO/USDT:USDT,0.9032,66,0.9031,142,0.9034,136,0.9035,155
1753546980731,16:23:00.731,AERO/USDT:USDT,0.9032,66,0.9031,124,0.9034,136,0.9035,131
1753546981132,16:23:01.132,AERO/USDT:USDT,0.9032,66,0.9031,124,0.9034,136,0.9035,131
1753546981229,16:23:01.229,AERO/USDT:USDT,0.9032,66,0.9031,109,0.9034,136,0.9035,131
1753546981633,16:23:01.633,AERO/USDT:USDT,0.9032,66,0.9031,109,0.9034,136,0.9035,131
1753546981831,16:23:01.831,AERO/USDT:USDT,0.903,27,0.9029,98,0.9031,966,0.9032,28
1753546982171,16:23:02.171,AERO/USDT:USDT,0.903,27,0.9029,98,0.9031,966,0.9032,28
1753546982328,16:23:02.328,AERO/USDT:USDT,0.9024,386,0.9023,981,0.9027,36,0.9028,1168
1753546982631,16:23:02.631,AERO/USDT:USDT,0.9024,386,0.9023,981,0.9027,36,0.9028,1168
1753546982731,16:23:02.731,AERO/USDT:USDT,0.9024,386,0.9023,997,0.9027,36,0.9028,1168
1753546983131,16:23:03.131,AERO/USDT:USDT,0.9024,386,0.9023,997,0.9027,36,0.9028,1168
1753546983229,16:23:03.229,AERO/USDT:USDT,0.9024,386,0.9023,981,0.9027,36,0.9028,1168
1753546983631,16:23:03.631,AERO/USDT:USDT,0.9024,386,0.9023,981,0.9027,36,0.9028,1168
1753546983730,16:23:03.730,AERO/USDT:USDT,0.9024,386,0.9023,981,0.9027,36,0.9028,1168
1753546984131,16:23:04.131,AERO/USDT:USDT,0.9024,386,0.9023,981,0.9027,36,0.9028,1168
1753546984230,16:23:04.230,AERO/USDT:USDT,0.9024,386,0.9023,991,0.9027,36,0.9028,1331
1753546984632,16:23:04.632,AERO/USDT:USDT,0.9024,386,0.9023,981,0.9027,36,0.9028,1331
1753546984731,16:23:04.731,AERO/USDT:USDT,0.9024,386,0.9023,981,0.9027,36,0.9028,1168
1753546985133,16:23:05.133,AERO/USDT:USDT,0.9024,386,0.9023,981,0.9027,36,0.9028,1168
1753546985230,16:23:05.230,AERO/USDT:USDT,0.9024,386,0.9023,1008,0.9027,36,0.9028,1168
1753546985632,16:23:05.632,AERO/USDT:USDT,0.9024,386,0.9023,1008,0.9027,36,0.9028,1168
1753546985734,16:23:05.734,AERO/USDT:USDT,0.9024,386,0.9023,996,0.9027,36,0.9028,1452
1753546986134,16:23:06.134,AERO/USDT:USDT,0.9024,386,0.9023,996,0.9027,36,0.9028,1452
1753546986231,16:23:06.231,AERO/USDT:USDT,0.903,174,0.9029,264,0.9031,966,0.9032,28
1753546986633,16:23:06.633,AERO/USDT:USDT,0.903,174,0.9029,264,0.9031,966,0.9032,28
1753546986767,16:23:06.767,AERO/USDT:USDT,0.903,174,0.9029,186,0.9031,966,0.9032,41
1753546987134,16:23:07.134,AERO/USDT:USDT,0.903,174,0.9029,186,0.9031,966,0.9032,41
1753546987229,16:23:07.229,AERO/USDT:USDT,0.903,174,0.9029,186,0.9031,966,0.9032,89
1753546987634,16:23:07.634,AERO/USDT:USDT,0.903,174,0.9029,186,0.9031,966,0.9032,28
1753546987732,16:23:07.732,AERO/USDT:USDT,0.903,174,0.9029,296,0.9031,966,0.9032,69
1753546988134,16:23:08.134,AERO/USDT:USDT,0.903,174,0.9029,296,0.9031,966,0.9032,28
1753546988332,16:23:08.332,AERO/USDT:USDT,0.903,174,0.9029,274,0.9031,966,0.9032,60
1753546988633,16:23:08.633,AERO/USDT:USDT,0.903,174,0.9029,274,0.9031,966,0.9032,60
1753546988732,16:23:08.732,AERO/USDT:USDT,0.903,174,0.9029,186,0.9031,966,0.9032,28
1753546989133,16:23:09.133,AERO/USDT:USDT,0.903,174,0.9029,186,0.9031,966,0.9032,28
1753546989232,16:23:09.232,AERO/USDT:USDT,0.903,174,0.9029,186,0.9031,966,0.9032,28
1753546989627,16:23:09.627,AERO/USDT:USDT,0.903,174,0.9029,186,0.9031,894,0.9032,28
1753546989732,16:23:09.732,AERO/USDT:USDT,0.903,174,0.9029,186,0.9031,894,0.9032,75
1753546990134,16:23:10.134,AERO/USDT:USDT,0.903,174,0.9029,186,0.9031,894,0.9032,75
1753546990232,16:23:10.232,AERO/USDT:USDT,0.903,174,0.9029,186,0.9031,894,0.9032,28
1753546990635,16:23:10.635,AERO/USDT:USDT,0.903,174,0.9029,186,0.9031,894,0.9032,28
1753546990732,16:23:10.732,AERO/USDT:USDT,0.903,174,0.9029,186,0.9031,894,0.9032,28
1753546991179,16:23:11.179,AERO/USDT:USDT,0.903,174,0.9029,186,0.9031,894,0.9032,28
1753546991232,16:23:11.232,AERO/USDT:USDT,0.903,174,0.9029,254,0.9031,894,0.9032,80
1753546991633,16:23:11.633,AERO/USDT:USDT,0.903,174,0.9029,254,0.9031,894,0.9032,28
1753546991830,16:23:11.830,AERO/USDT:USDT,0.9031,29,0.903,218,0.9033,23,0.9034,137
1753546991832,16:23:11.832,AERO/USDT:USDT,0.9031,29,0.903,44,0.9033,23,0.9034,137
1753546992233,16:23:12.233,AERO/USDT:USDT,0.9031,29,0.903,44,0.9033,23,0.9034,137
1753546992233,16:23:12.233,AERO/USDT:USDT,0.9031,29,0.903,44,0.9033,23,0.9034,180
1753546992634,16:23:12.634,AERO/USDT:USDT,0.9031,29,0.903,44,0.9033,23,0.9034,180
1753546992768,16:23:12.768,AERO/USDT:USDT,0.9031,29,0.903,65,0.9033,23,0.9034,197
1753546993135,16:23:13.135,AERO/USDT:USDT,0.9031,29,0.903,65,0.9033,23,0.9034,137
1753546993233,16:23:13.233,AERO/USDT:USDT,0.9031,29,0.903,44,0.9033,23,0.9034,137
1753546993415,16:23:13.415,AERO/USDT:USDT,0.9031,29,0.903,44,0.9033,23,0.9034,137
1753546993733,16:23:13.733,AERO/USDT:USDT,0.9031,29,0.903,79,0.9033,23,0.9034,137
1753546994136,16:23:14.136,AERO/USDT:USDT,0.9031,29,0.903,62,0.9033,23,0.9034,137
1753546994235,16:23:14.235,AERO/USDT:USDT,0.9031,29,0.903,44,0.9033,23,0.9034,137
1753546994636,16:23:14.636,AERO/USDT:USDT,0.9031,29,0.903,44,0.9033,23,0.9034,137
1753546994739,16:23:14.739,AERO/USDT:USDT,0.9031,29,0.903,50,0.9033,23,0.9034,176
1753546995135,16:23:15.135,AERO/USDT:USDT,0.9031,29,0.903,44,0.9033,23,0.9034,176
1753546995235,16:23:15.235,AERO/USDT:USDT,0.9031,29,0.903,54,0.9033,23,0.9034,137
1753546995637,16:23:15.637,AERO/USDT:USDT,0.9031,29,0.903,54,0.9033,23,0.9034,137
1753546995735,16:23:15.735,AERO/USDT:USDT,0.9031,29,0.903,44,0.9033,23,0.9034,137
1753546996139,16:23:16.139,AERO/USDT:USDT,0.9031,29,0.903,44,0.9033,23,0.9034,137
1753546996237,16:23:16.237,AERO/USDT:USDT,0.9031,29,0.903,44,0.9033,23,0.9034,137
1753546996637,16:23:16.637,AERO/USDT:USDT,0.9031,29,0.903,44,0.9033,23,0.9034,137
1753546996760,16:23:16.760,AERO/USDT:USDT,0.9031,29,0.903,44,0.9033,23,0.9034,137
1753546997136,16:23:17.136,AERO/USDT:USDT,0.9031,29,0.903,44,0.9033,23,0.9034,137
1753546997236,16:23:17.236,AERO/USDT:USDT,0.9031,29,0.903,44,0.9033,23,0.9034,137
1753546997637,16:23:17.637,AERO/USDT:USDT,0.9031,29,0.903,44,0.9033,23,0.9034,137
1753546997835,16:23:17.835,AERO/USDT:USDT,0.9031,57,0.903,136,0.9033,143,0.9034,126
1753546997836,16:23:17.836,AERO/USDT:USDT,0.9031,28,0.903,71,0.9033,143,0.9034,126
1753546998235,16:23:18.235,AERO/USDT:USDT,0.9031,28,0.903,78,0.9033,143,0.9034,216
1753546998637,16:23:18.637,AERO/USDT:USDT,0.9031,28,0.903,71,0.9033,143,0.9034,216
1753546998770,16:23:18.770,AERO/USDT:USDT,0.9031,28,0.903,71,0.9033,143,0.9034,126
1753546999138,16:23:19.138,AERO/USDT:USDT,0.9031,28,0.903,71,0.9033,143,0.9034,126
1753546999236,16:23:19.236,AERO/USDT:USDT,0.9031,28,0.903,82,0.9033,143,0.9034,156
1753546999422,16:23:19.422,AERO/USDT:USDT,0.9031,28,0.903,82,0.9033,143,0.9034,156
1753546999736,16:23:19.736,AERO/USDT:USDT,0.9031,28,0.903,71,0.9033,143,0.9034,126
1753547000138,16:23:20.138,AERO/USDT:USDT,0.9031,28,0.903,71,0.9033,143,0.9034,126
1753547000237,16:23:20.237,AERO/USDT:USDT,0.9031,28,0.903,71,0.9033,143,0.9034,161
1753547000678,16:23:20.678,AERO/USDT:USDT,0.9031,28,0.903,71,0.9033,143,0.9034,161
1753547000737,16:23:20.737,AERO/USDT:USDT,0.9031,28,0.903,71,0.9033,143,0.9034,126
1753547001139,16:23:21.139,AERO/USDT:USDT,0.9031,28,0.903,71,0.9033,143,0.9034,126
1753547001236,16:23:21.236,AERO/USDT:USDT,0.9031,28,0.903,98,0.9033,143,0.9034,156
1753547001638,16:23:21.638,AERO/USDT:USDT,0.9031,28,0.903,71,0.9033,143,0.9034,156
1753547001738,16:23:21.738,AERO/USDT:USDT,0.9031,28,0.903,71,0.9033,143,0.9034,188
1753547002138,16:23:22.138,AERO/USDT:USDT,0.9031,28,0.903,71,0.9033,143,0.9034,188
1753547002242,16:23:22.242,AERO/USDT:USDT,0.9031,28,0.903,84,0.9033,143,0.9034,126
1753547002639,16:23:22.639,AERO/USDT:USDT,0.9031,28,0.903,84,0.9033,143,0.9034,126
1753547002739,16:23:22.739,AERO/USDT:USDT,0.9031,28,0.903,71,0.9033,143,0.9034,126
1753547003139,16:23:23.139,AERO/USDT:USDT,0.9031,28,0.903,71,0.9033,143,0.9034,126
1753547003238,16:23:23.238,AERO/USDT:USDT,0.9031,28,0.903,71,0.9033,143,0.9034,126
1753547003639,16:23:23.639,AERO/USDT:USDT,0.9031,28,0.903,71,0.9033,143,0.9034,126
1753547003836,16:23:23.836,AERO/USDT:USDT,0.9035,36,0.9034,135,0.9037,58,0.9038,101
1753547003840,16:23:23.840,AERO/USDT:USDT,0.9035,36,0.9034,135,0.9037,58,0.9038,101
1753547004240,16:23:24.240,AERO/USDT:USDT,0.9035,36,0.9034,152,0.9037,58,0.9038,142
1753547004240,16:23:24.240,AERO/USDT:USDT,0.9035,36,0.9034,212,0.9037,58,0.9038,142
1753547004640,16:23:24.640,AERO/USDT:USDT,0.9035,36,0.9034,212,0.9037,58,0.9038,121
1753547004775,16:23:24.775,AERO/USDT:USDT,0.9035,36,0.9034,135,0.9037,58,0.9038,198
1753547005141,16:23:25.141,AERO/USDT:USDT,0.9035,36,0.9034,135,0.9037,58,0.9038,148
1753547005237,16:23:25.237,AERO/USDT:USDT,0.9035,36,0.9034,154,0.9037,58,0.9038,101
1753547005417,16:23:25.417,AERO/USDT:USDT,0.9035,36,0.9034,154,0.9037,58,0.9038,101
1753547005741,16:23:25.741,AERO/USDT:USDT,0.9035,36,0.9034,174,0.9037,58,0.9038,101
1753547006138,16:23:26.138,AERO/USDT:USDT,0.9035,36,0.9034,174,0.9037,58,0.9038,101
1753547006240,16:23:26.240,AERO/USDT:USDT,0.9035,36,0.9034,156,0.9037,58,0.9038,176
1753547006641,16:23:26.641,AERO/USDT:USDT,0.9035,36,0.9034,135,0.9037,58,0.9038,176
1753547006740,16:23:26.740,AERO/USDT:USDT,0.9035,36,0.9034,135,0.9037,58,0.9038,101
1753547007139,16:23:27.139,AERO/USDT:USDT,0.9035,36,0.9034,135,0.9037,58,0.9038,101
1753547007241,16:23:27.241,AERO/USDT:USDT,0.9035,36,0.9034,257,0.9037,58,0.9038,101
1753547007639,16:23:27.639,AERO/USDT:USDT,0.9035,36,0.9034,257,0.9037,58,0.9038,101
1753547007741,16:23:27.741,AERO/USDT:USDT,0.9035,36,0.9034,135,0.9037,58,0.9038,101
1753547008141,16:23:28.141,AERO/USDT:USDT,0.9035,36,0.9034,135,0.9037,58,0.9038,101
1753547008241,16:23:28.241,AERO/USDT:USDT,0.9035,36,0.9034,135,0.9037,58,0.9038,117
1753547008640,16:23:28.640,AERO/USDT:USDT,0.9035,36,0.9034,135,0.9037,58,0.9038,117
1753547008738,16:23:28.738,AERO/USDT:USDT,0.9035,36,0.9034,135,0.9037,58,0.9038,119
1753547009140,16:23:29.140,AERO/USDT:USDT,0.9035,36,0.9034,135,0.9037,58,0.9038,119
1753547009243,16:23:29.243,AERO/USDT:USDT,0.9035,36,0.9034,135,0.9037,58,0.9038,101
1753547009644,16:23:29.644,AERO/USDT:USDT,0.9035,36,0.9034,135,0.9037,58,0.9038,101
1753547009838,16:23:29.838,AERO/USDT:USDT,0.9033,51,0.9032,168,0.9035,37,0.9036,181
1753547009842,16:23:29.842,AERO/USDT:USDT,0.9033,51,0.9032,168,0.9035,37,0.9036,181
1753547010243,16:23:30.243,AERO/USDT:USDT,0.9033,51,0.9032,250,0.9035,37,0.9036,265
1753547010243,16:23:30.243,AERO/USDT:USDT,0.9033,51,0.9032,250,0.9035,37,0.9036,284
1753547010646,16:23:30.646,AERO/USDT:USDT,0.9033,51,0.9032,168,0.9035,37,0.9036,284
1753547010778,16:23:30.778,AERO/USDT:USDT,0.9033,51,0.9032,198,0.9035,37,0.9036,181
1753547011144,16:23:31.144,AERO/USDT:USDT,0.9033,51,0.9032,198,0.9035,37,0.9036,181
1753547011244,16:23:31.244,AERO/USDT:USDT,0.9033,51,0.9032,240,0.9035,37,0.9036,236
1753547011424,16:23:31.424,AERO/USDT:USDT,0.9033,51,0.9032,240,0.9035,37,0.9036,236
1753547011742,16:23:31.742,AERO/USDT:USDT,0.9033,51,0.9032,195,0.9035,37,0.9036,266
1753547012142,16:23:32.142,AERO/USDT:USDT,0.9033,51,0.9032,195,0.9035,37,0.9036,266
1753547012242,16:23:32.242,AERO/USDT:USDT,0.9033,51,0.9032,168,0.9035,37,0.9036,181
1753547012643,16:23:32.643,AERO/USDT:USDT,0.9033,51,0.9032,168,0.9035,37,0.9036,181
1753547012741,16:23:32.741,AERO/USDT:USDT,0.9033,51,0.9032,241,0.9035,37,0.9036,181
1753547013143,16:23:33.143,AERO/USDT:USDT,0.9033,51,0.9032,241,0.9035,37,0.9036,181
1753547013248,16:23:33.248,AERO/USDT:USDT,0.9033,51,0.9032,285,0.9035,37,0.9036,181
1753547013644,16:23:33.644,AERO/USDT:USDT,0.9033,51,0.9032,219,0.9035,37,0.9036,181
1753547013741,16:23:33.741,AERO/USDT:USDT,0.9033,51,0.9032,168,0.9035,37,0.9036,181
1753547014144,16:23:34.144,AERO/USDT:USDT,0.9033,51,0.9032,168,0.9035,37,0.9036,181
1753547014241,16:23:34.241,AERO/USDT:USDT,0.9033,51,0.9032,168,0.9035,37,0.9036,181
1753547014644,16:23:34.644,AERO/USDT:USDT,0.9033,51,0.9032,168,0.9035,37,0.9036,181
1753547014741,16:23:34.741,AERO/USDT:USDT,0.9033,51,0.9032,168,0.9035,37,0.9036,256
1753547015144,16:23:35.144,AERO/USDT:USDT,0.9033,51,0.9032,168,0.9035,37,0.9036,256
1753547015241,16:23:35.241,AERO/USDT:USDT,0.9033,51,0.9032,168,0.9035,37,0.9036,181
1753547015645,16:23:35.645,AERO/USDT:USDT,0.9033,51,0.9032,168,0.9035,37,0.9036,181
1753547015843,16:23:35.843,AERO/USDT:USDT,0.9033,70,0.9032,96,0.9035,116,0.9036,270
1753547016242,16:23:36.242,AERO/USDT:USDT,0.9033,70,0.9032,96,0.9035,116,0.9036,270
1753547016243,16:23:36.243,AERO/USDT:USDT,0.9033,70,0.9032,96,0.9035,116,0.9036,270
1753547016645,16:23:36.645,AERO/USDT:USDT,0.9033,70,0.9032,96,0.9035,116,0.9036,270
1753547016779,16:23:36.779,AERO/USDT:USDT,0.9033,70,0.9032,96,0.9035,116,0.9036,270
1753547017145,16:23:37.145,AERO/USDT:USDT,0.9033,70,0.9032,96,0.9035,116,0.9036,270
1753547017248,16:23:37.248,AERO/USDT:USDT,0.9033,70,0.9032,96,0.9035,116,0.9036,270
1753547017425,16:23:37.425,AERO/USDT:USDT,0.9033,70,0.9032,96,0.9035,116,0.9036,270
1753547017742,16:23:37.742,AERO/USDT:USDT,0.9033,70,0.9032,96,0.9035,116,0.9036,324
1753547018144,16:23:38.144,AERO/USDT:USDT,0.9033,70,0.9032,96,0.9035,116,0.9036,270
1753547018243,16:23:38.243,AERO/USDT:USDT,0.9033,70,0.9032,125,0.9035,116,0.9036,349
1753547018645,16:23:38.645,AERO/USDT:USDT,0.9033,70,0.9032,125,0.9035,116,0.9036,349
1753547018744,16:23:38.744,AERO/USDT:USDT,0.9033,70,0.9032,156,0.9035,116,0.9036,270
1753547019147,16:23:39.147,AERO/USDT:USDT,0.9033,70,0.9032,156,0.9035,116,0.9036,270
1753547019244,16:23:39.244,AERO/USDT:USDT,0.9033,70,0.9032,96,0.9035,116,0.9036,270
1753547019644,16:23:39.644,AERO/USDT:USDT,0.9033,70,0.9032,96,0.9035,116,0.9036,270
1753547019748,16:23:39.748,AERO/USDT:USDT,0.9033,70,0.9032,96,0.9035,116,0.9036,339
1753547020146,16:23:40.146,AERO/USDT:USDT,0.9033,70,0.9032,96,0.9035,116,0.9036,339
1753547020245,16:23:40.245,AERO/USDT:USDT,0.9033,70,0.9032,96,0.9035,116,0.9036,402
1753547020645,16:23:40.645,AERO/USDT:USDT,0.9033,70,0.9032,96,0.9035,116,0.9036,402
1753547020744,16:23:40.744,AERO/USDT:USDT,0.9033,70,0.9032,96,0.9035,116,0.9036,399
1753547021147,16:23:41.147,AERO/USDT:USDT,0.9033,70,0.9032,96,0.9035,116,0.9036,399
1753547021245,16:23:41.245,AERO/USDT:USDT,0.9033,70,0.9032,96,0.9035,116,0.9036,325
1753547021648,16:23:41.648,AERO/USDT:USDT,0.9033,70,0.9032,96,0.9035,116,0.9036,270
1753547021844,16:23:41.844,AERO/USDT:USDT,0.9034,31,0.9033,72,0.9035,75,0.9036,135
1753547022243,16:23:42.243,AERO/USDT:USDT,0.9034,31,0.9033,98,0.9035,75,0.9036,135
1753547022245,16:23:42.245,AERO/USDT:USDT,0.9034,31,0.9033,119,0.9035,75,0.9036,198
1753547022646,16:23:42.646,AERO/USDT:USDT,0.9034,31,0.9033,119,0.9035,75,0.9036,198
1753547022778,16:23:42.778,AERO/USDT:USDT,0.9034,31,0.9033,72,0.9035,75,0.9036,246
1753547023147,16:23:43.147,AERO/USDT:USDT,0.9034,31,0.9033,72,0.9035,75,0.9036,202
1753547023243,16:23:43.243,AERO/USDT:USDT,0.9034,31,0.9033,72,0.9035,75,0.9036,135
1753547023429,16:23:43.429,AERO/USDT:USDT,0.9034,31,0.9033,72,0.9035,75,0.9036,135
1753547023744,16:23:43.744,AERO/USDT:USDT,0.9034,31,0.9033,101,0.9035,75,0.9036,182
1753547024146,16:23:44.146,AERO/USDT:USDT,0.9034,31,0.9033,101,0.9035,75,0.9036,135
1753547024245,16:23:44.245,AERO/USDT:USDT,0.9034,31,0.9033,90,0.9035,75,0.9036,184
1753547024647,16:23:44.647,AERO/USDT:USDT,0.9034,31,0.9033,90,0.9035,75,0.9036,184
1753547024746,16:23:44.746,AERO/USDT:USDT,0.9034,31,0.9033,72,0.9035,75,0.9036,135
1753547025146,16:23:45.146,AERO/USDT:USDT,0.9034,31,0.9033,72,0.9035,75,0.9036,135
1753547025245,16:23:45.245,AERO/USDT:USDT,0.9034,31,0.9033,72,0.9035,75,0.9036,242
1753547025647,16:23:45.647,AERO/USDT:USDT,0.9034,31,0.9033,72,0.9035,75,0.9036,242
1753547025746,16:23:45.746,AERO/USDT:USDT,0.9034,31,0.9033,82,0.9035,75,0.9036,158
1753547026148,16:23:46.148,AERO/USDT:USDT,0.9034,31,0.9033,82,0.9035,75,0.9036,158
1753547026245,16:23:46.245,AERO/USDT:USDT,0.9034,31,0.9033,72,0.9035,75,0.9036,217
1753547026647,16:23:46.647,AERO/USDT:USDT,0.9034,31,0.9033,72,0.9035,75,0.9036,217
1753547026746,16:23:46.746,AERO/USDT:USDT,0.9034,31,0.9033,72,0.9035,75,0.9036,135
1753547027146,16:23:47.146,AERO/USDT:USDT,0.9034,31,0.9033,72,0.9035,75,0.9036,135
1753547027248,16:23:47.248,AERO/USDT:USDT,0.9034,31,0.9033,95,0.9035,75,0.9036,154
1753547027648,16:23:47.648,AERO/USDT:USDT,0.9034,31,0.9033,95,0.9035,75,0.9036,135
1753547027844,16:23:47.844,AERO/USDT:USDT,0.9034,55,0.9033,129,0.9035,32,0.9036,114
1753547027849,16:23:47.849,AERO/USDT:USDT,0.9034,24,0.9033,57,0.9035,32,0.9036,114
1753547028280,16:23:48.280,AERO/USDT:USDT,0.9034,24,0.9033,57,0.9035,32,0.9036,114
1753547028280,16:23:48.280,AERO/USDT:USDT,0.9034,24,0.9033,79,0.9035,32,0.9036,114
1753547028684,16:23:48.684,AERO/USDT:USDT,0.9034,24,0.9033,79,0.9035,32,0.9036,114
1753547028781,16:23:48.781,AERO/USDT:USDT,0.9034,24,0.9033,80,0.9035,32,0.9036,148
1753547029184,16:23:49.184,AERO/USDT:USDT,0.9034,24,0.9033,65,0.9035,32,0.9036,148
1753547029281,16:23:49.281,AERO/USDT:USDT,0.9034,24,0.9033,57,0.9035,32,0.9036,114
1753547029686,16:23:49.686,AERO/USDT:USDT,0.9034,24,0.9033,57,0.9035,32,0.9036,114
1753547029784,16:23:49.784,AERO/USDT:USDT,0.9034,24,0.9033,71,0.9035,32,0.9036,114
1753547030186,16:23:50.186,AERO/USDT:USDT,0.9034,24,0.9033,71,0.9035,32,0.9036,114
1753547030285,16:23:50.285,AERO/USDT:USDT,0.9034,24,0.9033,57,0.9035,32,0.9036,114
1753547030687,16:23:50.687,AERO/USDT:USDT,0.9034,24,0.9033,57,0.9035,32,0.9036,114
1753547030786,16:23:50.786,AERO/USDT:USDT,0.9034,24,0.9033,79,0.9035,32,0.9036,168
1753547031186,16:23:51.186,AERO/USDT:USDT,0.9034,24,0.9033,79,0.9035,32,0.9036,114
1753547031284,16:23:51.284,AERO/USDT:USDT,0.9034,24,0.9033,57,0.9035,32,0.9036,114
1753547031687,16:23:51.687,AERO/USDT:USDT,0.9034,24,0.9033,57,0.9035,32,0.9036,114
1753547031784,16:23:51.784,AERO/USDT:USDT,0.9034,24,0.9033,57,0.9035,32,0.9036,114
1753547032185,16:23:52.185,AERO/USDT:USDT,0.9034,24,0.9033,57,0.9035,32,0.9036,114
1753547032286,16:23:52.286,AERO/USDT:USDT,0.9034,24,0.9033,75,0.9035,32,0.9036,146
1753547032689,16:23:52.689,AERO/USDT:USDT,0.9034,24,0.9033,75,0.9035,32,0.9036,146
1753547032786,16:23:52.786,AERO/USDT:USDT,0.9034,24,0.9033,82,0.9035,32,0.9036,139
1753547033194,16:23:53.194,AERO/USDT:USDT,0.9034,24,0.9033,82,0.9035,32,0.9036,114
1753547033286,16:23:53.286,AERO/USDT:USDT,0.9034,24,0.9033,57,0.9035,32,0.9036,130
1753547033688,16:23:53.688,AERO/USDT:USDT,0.9034,24,0.9033,57,0.9035,32,0.9036,130
1753547033849,16:23:53.849,AERO/USDT:USDT,0.9034,28,0.9033,41,0.9035,37,0.9036,106
1753547034292,16:23:54.292,AERO/USDT:USDT,0.9034,28,0.9033,41,0.9035,37,0.9036,106
1753547034292,16:23:54.292,AERO/USDT:USDT,0.9034,28,0.9033,41,0.9035,37,0.9036,106
1753547034695,16:23:54.695,AERO/USDT:USDT,0.9034,28,0.9033,41,0.9035,37,0.9036,106
1753547034789,16:23:54.789,AERO/USDT:USDT,0.9034,28,0.9033,41,0.9035,37,0.9036,120
1753547035193,16:23:55.193,AERO/USDT:USDT,0.9034,28,0.9033,41,0.9035,37,0.9036,120
1753547035290,16:23:55.290,AERO/USDT:USDT,0.9034,28,0.9033,41,0.9035,37,0.9036,106
1753547035691,16:23:55.691,AERO/USDT:USDT,0.9034,28,0.9033,41,0.9035,37,0.9036,106
1753547035790,16:23:55.790,AERO/USDT:USDT,0.9034,28,0.9033,59,0.9035,37,0.9036,139
1753547036192,16:23:56.192,AERO/USDT:USDT,0.9034,28,0.9033,59,0.9035,37,0.9036,139
1753547036290,16:23:56.290,AERO/USDT:USDT,0.9034,28,0.9033,41,0.9035,37,0.9036,145
1753547036691,16:23:56.691,AERO/USDT:USDT,0.9034,28,0.9033,41,0.9035,37,0.9036,106
1753547036789,16:23:56.789,AERO/USDT:USDT,0.9034,28,0.9033,41,0.9035,37,0.9036,106
1753547037190,16:23:57.190,AERO/USDT:USDT,0.9034,28,0.9033,41,0.9035,37,0.9036,106
1753547037292,16:23:57.292,AERO/USDT:USDT,0.9034,28,0.9033,46,0.9035,37,0.9036,106
1753547037692,16:23:57.692,AERO/USDT:USDT,0.9034,28,0.9033,46,0.9035,37,0.9036,106
1753547037791,16:23:57.791,AERO/USDT:USDT,0.9034,28,0.9033,49,0.9035,37,0.9036,142
1753547038193,16:23:58.193,AERO/USDT:USDT,0.9034,28,0.9033,49,0.9035,37,0.9036,106
1753547038291,16:23:58.291,AERO/USDT:USDT,0.9034,28,0.9033,41,0.9035,37,0.9036,106
1753547038691,16:23:58.691,AERO/USDT:USDT,0.9034,28,0.9033,41,0.9035,37,0.9036,106
1753547038791,16:23:58.791,AERO/USDT:USDT,0.9034,28,0.9033,41,0.9035,37,0.9036,106
1753547039195,16:23:59.195,AERO/USDT:USDT,0.9034,28,0.9033,41,0.9035,37,0.9036,106
1753547039291,16:23:59.291,AERO/USDT:USDT,0.9034,28,0.9033,41,0.9035,37,0.9036,106
1753547039694,16:23:59.694,AERO/USDT:USDT,0.9034,28,0.9033,41,0.9035,37,0.9036,106
1753547039852,16:23:59.852,AERO/USDT:USDT,0.9034,24,0.9033,41,0.9035,37,0.9036,131
1753547040290,16:24:00.290,AERO/USDT:USDT,0.9034,24,0.9033,41,0.9035,37,0.9036,131
1753547040292,16:24:00.292,AERO/USDT:USDT,0.9034,24,0.9033,41,0.9035,37,0.9036,131
1753547040694,16:24:00.694,AERO/USDT:USDT,0.9034,24,0.9033,41,0.9035,37,0.9036,131
1753547040794,16:24:00.794,AERO/USDT:USDT,0.9034,24,0.9033,56,0.9035,37,0.9036,131
1753547041197,16:24:01.197,AERO/USDT:USDT,0.9034,24,0.9033,41,0.9035,37,0.9036,131
1753547041295,16:24:01.295,AERO/USDT:USDT,0.9034,24,0.9033,58,0.9035,37,0.9036,131
1753547041702,16:24:01.702,AERO/USDT:USDT,0.9034,24,0.9033,41,0.9035,37,0.9036,131
1753547041795,16:24:01.795,AERO/USDT:USDT,0.9034,24,0.9033,41,0.9035,37,0.9036,131
1753547042197,16:24:02.197,AERO/USDT:USDT,0.9034,24,0.9033,41,0.9035,37,0.9036,131
1753547042294,16:24:02.294,AERO/USDT:USDT,0.9034,24,0.9033,60,0.9035,37,0.9036,131
1753547042695,16:24:02.695,AERO/USDT:USDT,0.9034,24,0.9033,41,0.9035,37,0.9036,131
1753547042795,16:24:02.795,AERO/USDT:USDT,0.9034,24,0.9033,58,0.9035,37,0.9036,145
1753547043196,16:24:03.196,AERO/USDT:USDT,0.9034,24,0.9033,58,0.9035,37,0.9036,145
1753547043294,16:24:03.294,AERO/USDT:USDT,0.9034,24,0.9033,41,0.9035,37,0.9036,187
1753547043697,16:24:03.697,AERO/USDT:USDT,0.9034,24,0.9033,41,0.9035,37,0.9036,187
1753547043796,16:24:03.796,AERO/USDT:USDT,0.9034,24,0.9033,41,0.9035,37,0.9036,175
1753547044196,16:24:04.196,AERO/USDT:USDT,0.9034,24,0.9033,41,0.9035,37,0.9036,175
1753547044299,16:24:04.299,AERO/USDT:USDT,0.9034,24,0.9033,41,0.9035,37,0.9036,131
1753547044696,16:24:04.696,AERO/USDT:USDT,0.9034,24,0.9033,41,0.9035,37,0.9036,131
1753547044891,16:24:04.891,AERO/USDT:USDT,0.9034,108,0.9033,65,0.9035,27,0.9036,130
1753547044895,16:24:04.895,AERO/USDT:USDT,0.9034,84,0.9033,24,0.9035,27,0.9036,130
1753547045295,16:24:05.295,AERO/USDT:USDT,0.9034,84,0.9033,24,0.9035,27,0.9036,161
1753547045697,16:24:05.697,AERO/USDT:USDT,0.9034,84,0.9033,24,0.9035,27,0.9036,161
1753547045864,16:24:05.864,AERO/USDT:USDT,0.9034,84,0.9033,24,0.9035,27,0.9036,160
1753547046197,16:24:06.197,AERO/USDT:USDT,0.9034,84,0.9033,24,0.9035,27,0.9036,160
1753547046299,16:24:06.299,AERO/USDT:USDT,0.9034,84,0.9033,46,0.9035,27,0.9036,163
1753547046696,16:24:06.696,AERO/USDT:USDT,0.9034,84,0.9033,35,0.9035,27,0.9036,163
1753547046797,16:24:06.797,AERO/USDT:USDT,0.9034,84,0.9033,31,0.9035,27,0.9036,130
1753547047198,16:24:07.198,AERO/USDT:USDT,0.9034,84,0.9033,24,0.9035,27,0.9036,130
1753547047298,16:24:07.298,AERO/USDT:USDT,0.9034,84,0.9033,24,0.9035,27,0.9036,193
1753547047698,16:24:07.698,AERO/USDT:USDT,0.9034,84,0.9033,24,0.9035,27,0.9036,193
1753547047797,16:24:07.797,AERO/USDT:USDT,0.9034,84,0.9033,24,0.9035,27,0.9036,130
1753547048198,16:24:08.198,AERO/USDT:USDT,0.9034,84,0.9033,24,0.9035,27,0.9036,130
1753547048296,16:24:08.296,AERO/USDT:USDT,0.9034,84,0.9033,33,0.9035,27,0.9036,130
1753547048698,16:24:08.698,AERO/USDT:USDT,0.9034,84,0.9033,33,0.9035,27,0.9036,130
1753547048798,16:24:08.798,AERO/USDT:USDT,0.9034,84,0.9033,24,0.9035,27,0.9036,187
1753547049198,16:24:09.198,AERO/USDT:USDT,0.9034,84,0.9033,24,0.9035,27,0.9036,187
1753547049297,16:24:09.297,AERO/USDT:USDT,0.9034,84,0.9033,30,0.9035,27,0.9036,179
1753547049698,16:24:09.698,AERO/USDT:USDT,0.9034,84,0.9033,30,0.9035,27,0.9036,179
1753547049798,16:24:09.798,AERO/USDT:USDT,0.9034,84,0.9033,24,0.9035,27,0.9036,130
1753547050198,16:24:10.198,AERO/USDT:USDT,0.9034,84,0.9033,24,0.9035,27,0.9036,130
1753547050300,16:24:10.300,AERO/USDT:USDT,0.9034,84,0.9033,24,0.9035,27,0.9036,191
1753547050704,16:24:10.704,AERO/USDT:USDT,0.9034,84,0.9033,24,0.9035,27,0.9036,191
1753547050896,16:24:10.896,AERO/USDT:USDT,0.9034,159,0.9033,121,0.9035,30,0.9036,121
1753547051296,16:24:11.296,AERO/USDT:USDT,0.9034,159,0.9033,121,0.9035,30,0.9036,121
1753547051297,16:24:11.297,AERO/USDT:USDT,0.9034,159,0.9033,121,0.9035,30,0.9036,147
1753547051699,16:24:11.699,AERO/USDT:USDT,0.9034,159,0.9033,121,0.9035,30,0.9036,147
1753547051867,16:24:11.867,AERO/USDT:USDT,0.9034,159,0.9033,139,0.9035,30,0.9036,168
1753547052199,16:24:12.199,AERO/USDT:USDT,0.9034,159,0.9033,121,0.9035,30,0.9036,168
1753547052299,16:24:12.299,AERO/USDT:USDT,0.9034,159,0.9033,121,0.9035,30,0.9036,164
1753547052703,16:24:12.703,AERO/USDT:USDT,0.9034,159,0.9033,121,0.9035,30,0.9036,164
1753547052798,16:24:12.798,AERO/USDT:USDT,0.9034,159,0.9033,121,0.9035,30,0.9036,121
1753547053200,16:24:13.200,AERO/USDT:USDT,0.9034,159,0.9033,121,0.9035,30,0.9036,121
1753547053299,16:24:13.299,AERO/USDT:USDT,0.9034,159,0.9033,121,0.9035,30,0.9036,121
1753547053699,16:24:13.699,AERO/USDT:USDT,0.9034,159,0.9033,121,0.9035,30,0.9036,121
1753547053798,16:24:13.798,AERO/USDT:USDT,0.9034,159,0.9033,121,0.9035,30,0.9036,171
1753547054202,16:24:14.202,AERO/USDT:USDT,0.9034,159,0.9033,121,0.9035,30,0.9036,171
1753547054295,16:24:14.295,AERO/USDT:USDT,0.9034,159,0.9033,135,0.9035,30,0.9036,121
1753547054700,16:24:14.700,AERO/USDT:USDT,0.9034,159,0.9033,135,0.9035,30,0.9036,121
1753547054801,16:24:14.801,AERO/USDT:USDT,0.9034,159,0.9033,150,0.9035,30,0.9036,121
1753547055199,16:24:15.199,AERO/USDT:USDT,0.9034,159,0.9033,121,0.9035,30,0.9036,121
1753547055304,16:24:15.304,AERO/USDT:USDT,0.9034,159,0.9033,121,0.9035,30,0.9036,139
1753547055704,16:24:15.704,AERO/USDT:USDT,0.9034,159,0.9033,121,0.9035,30,0.9036,139
1753547055800,16:24:15.800,AERO/USDT:USDT,0.9034,159,0.9033,121,0.9035,30,0.9036,121
1753547056203,16:24:16.203,AERO/USDT:USDT,0.9034,159,0.9033,121,0.9035,30,0.9036,121
1753547056302,16:24:16.302,AERO/USDT:USDT,0.9034,159,0.9033,178,0.9035,30,0.9036,121
1753547056700,16:24:16.700,AERO/USDT:USDT,0.9034,159,0.9033,121,0.9035,30,0.9036,121
1753547056896,16:24:16.896,AERO/USDT:USDT,0.9034,324,0.9033,147,0.9035,24,0.9036,189
1753547056901,16:24:16.901,AERO/USDT:USDT,0.9034,165,0.9033,26,0.9035,24,0.9036,189
1753547057299,16:24:17.299,AERO/USDT:USDT,0.9034,165,0.9033,31,0.9035,24,0.9036,298
1753547057699,16:24:17.699,AERO/USDT:USDT,0.9034,165,0.9033,26,0.9035,24,0.9036,298
1753547057869,16:24:17.869,AERO/USDT:USDT,0.9034,165,0.9033,26,0.9035,24,0.9036,189
1753547058200,16:24:18.200,AERO/USDT:USDT,0.9034,165,0.9033,26,0.9035,24,0.9036,189
1753547058302,16:24:18.302,AERO/USDT:USDT,0.9034,165,0.9033,26,0.9035,24,0.9036,355
1753547058700,16:24:18.700,AERO/USDT:USDT,0.9034,165,0.9033,26,0.9035,24,0.9036,355
1753547058799,16:24:18.799,AERO/USDT:USDT,0.9034,165,0.9033,26,0.9035,24,0.9036,189
1753547059206,16:24:19.206,AERO/USDT:USDT,0.9034,165,0.9033,26,0.9035,24,0.9036,189
1753547059300,16:24:19.300,AERO/USDT:USDT,0.9034,165,0.9033,37,0.9035,24,0.9036,233
1753547059701,16:24:19.701,AERO/USDT:USDT,0.9034,165,0.9033,37,0.9035,24,0.9036,233
1753547059803,16:24:19.803,AERO/USDT:USDT,0.9034,165,0.9033,26,0.9035,24,0.9036,189
1753547060215,16:24:20.215,AERO/USDT:USDT,0.9034,165,0.9033,26,0.9035,24,0.9036,189
1753547060302,16:24:20.302,AERO/USDT:USDT,0.9034,165,0.9033,26,0.9035,24,0.9036,252
1753547060701,16:24:20.701,AERO/USDT:USDT,0.9034,165,0.9033,26,0.9035,24,0.9036,252
1753547060803,16:24:20.803,AERO/USDT:USDT,0.9034,165,0.9033,26,0.9035,24,0.9036,267
1753547061200,16:24:21.200,AERO/USDT:USDT,0.9034,165,0.9033,26,0.9035,24,0.9036,267
1753547061302,16:24:21.302,AERO/USDT:USDT,0.9034,165,0.9033,30,0.9035,24,0.9036,189
1753547061700,16:24:21.700,AERO/USDT:USDT,0.9034,165,0.9033,30,0.9035,24,0.9036,189
1753547061803,16:24:21.803,AERO/USDT:USDT,0.9034,165,0.9033,26,0.9035,24,0.9036,342
1753547062200,16:24:22.200,AERO/USDT:USDT,0.9034,165,0.9033,26,0.9035,24,0.9036,342
1753547062306,16:24:22.306,AERO/USDT:USDT,0.9034,165,0.9033,26,0.9035,24,0.9036,189
1753547062701,16:24:22.701,AERO/USDT:USDT,0.9034,165,0.9033,26,0.9035,24,0.9036,189
1753547062899,16:24:22.899,AERO/USDT:USDT,0.9034,327,0.9033,53,0.9035,337,0.9036,94
1753547062902,16:24:22.902,AERO/USDT:USDT,0.9034,162,0.9033,27,0.9035,337,0.9036,94
1753547063299,16:24:23.299,AERO/USDT:USDT,0.9034,162,0.9033,34,0.9035,337,0.9036,94
1753547063303,16:24:23.303,AERO/USDT:USDT,0.9034,162,0.9033,34,0.9035,337,0.9036,112
1753547063707,16:24:23.707,AERO/USDT:USDT,0.9034,162,0.9033,27,0.9035,337,0.9036,112
1753547063870,16:24:23.870,AERO/USDT:USDT,0.9034,162,0.9033,37,0.9035,337,0.9036,94
1753547064203,16:24:24.203,AERO/USDT:USDT,0.9034,162,0.9033,27,0.9035,337,0.9036,94
1753547064304,16:24:24.304,AERO/USDT:USDT,0.9034,162,0.9033,27,0.9035,337,0.9036,94
1753547064703,16:24:24.703,AERO/USDT:USDT,0.9034,162,0.9033,27,0.9035,337,0.9036,94
1753547064803,16:24:24.803,AERO/USDT:USDT,0.9034,162,0.9033,27,0.9035,337,0.9036,94
1753547065202,16:24:25.202,AERO/USDT:USDT,0.9034,162,0.9033,27,0.9035,337,0.9036,94
1753547065303,16:24:25.303,AERO/USDT:USDT,0.9034,162,0.9033,27,0.9035,337,0.9036,105
1753547065702,16:24:25.702,AERO/USDT:USDT,0.9034,162,0.9033,27,0.9035,337,0.9036,105
1753547065807,16:24:25.807,AERO/USDT:USDT,0.9034,162,0.9033,27,0.9035,337,0.9036,94
1753547066207,16:24:26.207,AERO/USDT:USDT,0.9034,162,0.9033,27,0.9035,337,0.9036,94
1753547066302,16:24:26.302,AERO/USDT:USDT,0.9034,162,0.9033,37,0.9035,337,0.9036,94
1753547066702,16:24:26.702,AERO/USDT:USDT,0.9034,162,0.9033,37,0.9035,337,0.9036,94
1753547066804,16:24:26.804,AERO/USDT:USDT,0.9034,162,0.9033,27,0.9035,337,0.9036,113
1753547067203,16:24:27.203,AERO/USDT:USDT,0.9034,162,0.9033,27,0.9035,337,0.9036,113
1753547067304,16:24:27.304,AERO/USDT:USDT,0.9034,162,0.9033,31,0.9035,337,0.9036,94
1753547067702,16:24:27.702,AERO/USDT:USDT,0.9034,162,0.9033,27,0.9035,337,0.9036,94
1753547067803,16:24:27.803,AERO/USDT:USDT,0.9034,162,0.9033,27,0.9035,337,0.9036,94
1753547068202,16:24:28.202,AERO/USDT:USDT,0.9034,162,0.9033,27,0.9035,337,0.9036,94
1753547068313,16:24:28.313,AERO/USDT:USDT,0.9034,162,0.9033,34,0.9035,337,0.9036,94
1753547068706,16:24:28.706,AERO/USDT:USDT,0.9034,162,0.9033,34,0.9035,337,0.9036,94
1753547068902,16:24:28.902,AERO/USDT:USDT,0.9033,23,0.9032,28,0.9034,24,0.9035,458
1753547068911,16:24:28.911,AERO/USDT:USDT,0.9033,23,0.9032,28,0.9034,24,0.9035,121
1753547069303,16:24:29.303,AERO/USDT:USDT,0.9033,23,0.9032,36,0.9034,24,0.9035,121
1753547069702,16:24:29.702,AERO/USDT:USDT,0.9033,23,0.9032,36,0.9034,24,0.9035,121
1753547069870,16:24:29.870,AERO/USDT:USDT,0.9033,23,0.9032,39,0.9034,24,0.9035,173
1753547070206,16:24:30.206,AERO/USDT:USDT,0.9033,23,0.9032,39,0.9034,24,0.9035,173
1753547070304,16:24:30.304,AERO/USDT:USDT,0.9033,23,0.9032,28,0.9034,24,0.9035,137
1753547070703,16:24:30.703,AERO/USDT:USDT,0.9033,23,0.9032,28,0.9034,24,0.9035,137
1753547070803,16:24:30.803,AERO/USDT:USDT,0.9033,23,0.9032,28,0.9034,24,0.9035,121
1753547071206,16:24:31.206,AERO/USDT:USDT,0.9033,23,0.9032,28,0.9034,24,0.9035,121
1753547071303,16:24:31.303,AERO/USDT:USDT,0.9033,23,0.9032,28,0.9034,24,0.9035,165
1753547071703,16:24:31.703,AERO/USDT:USDT,0.9033,23,0.9032,28,0.9034,24,0.9035,165
1753547071805,16:24:31.805,AERO/USDT:USDT,0.9033,23,0.9032,37,0.9034,24,0.9035,137
1753547072205,16:24:32.205,AERO/USDT:USDT,0.9033,23,0.9032,28,0.9034,24,0.9035,137
1753547072304,16:24:32.304,AERO/USDT:USDT,0.9033,23,0.9032,28,0.9034,24,0.9035,121
1753547072704,16:24:32.704,AERO/USDT:USDT,0.9033,23,0.9032,28,0.9034,24,0.9035,121
1753547072803,16:24:32.803,AERO/USDT:USDT,0.9033,23,0.9032,28,0.9034,24,0.9035,121
1753547073203,16:24:33.203,AERO/USDT:USDT,0.9033,23,0.9032,28,0.9034,24,0.9035,121
1753547073304,16:24:33.304,AERO/USDT:USDT,0.9033,23,0.9032,28,0.9034,24,0.9035,121
1753547073704,16:24:33.704,AERO/USDT:USDT,0.9033,23,0.9032,28,0.9034,24,0.9035,121
1753547073803,16:24:33.803,AERO/USDT:USDT,0.9033,23,0.9032,46,0.9034,24,0.9035,121
1753547074202,16:24:34.202,AERO/USDT:USDT,0.9033,23,0.9032,40,0.9034,24,0.9035,121
1753547074304,16:24:34.304,AERO/USDT:USDT,0.9033,23,0.9032,28,0.9034,24,0.9035,121
1753547074705,16:24:34.705,AERO/USDT:USDT,0.9033,23,0.9032,28,0.9034,24,0.9035,121
1753547074906,16:24:34.906,AERO/USDT:USDT,0.9034,141,0.9033,151,0.9035,98,0.9036,29
1753547074909,16:24:34.909,AERO/USDT:USDT,0.9034,141,0.9033,128,0.9035,98,0.9036,29
1753547075306,16:24:35.306,AERO/USDT:USDT,0.9034,141,0.9033,128,0.9035,98,0.9036,29
1753547075306,16:24:35.306,AERO/USDT:USDT,0.9034,141,0.9033,128,0.9035,98,0.9036,29
1753547075708,16:24:35.708,AERO/USDT:USDT,0.9034,141,0.9033,128,0.9035,98,0.9036,29
1753547075875,16:24:35.875,AERO/USDT:USDT,0.9034,141,0.9033,172,0.9035,98,0.9036,29
1753547076204,16:24:36.204,AERO/USDT:USDT,0.9034,141,0.9033,128,0.9035,98,0.9036,29
1753547076305,16:24:36.305,AERO/USDT:USDT,0.9034,141,0.9033,196,0.9035,98,0.9036,29
1753547076703,16:24:36.703,AERO/USDT:USDT,0.9034,141,0.9033,151,0.9035,98,0.9036,29
1753547076804,16:24:36.804,AERO/USDT:USDT,0.9034,141,0.9033,166,0.9035,98,0.9036,43
1753547077204,16:24:37.204,AERO/USDT:USDT,0.9034,141,0.9033,128,0.9035,98,0.9036,43
1753547077305,16:24:37.305,AERO/USDT:USDT,0.9034,141,0.9033,159,0.9035,98,0.9036,42
1753547077708,16:24:37.708,AERO/USDT:USDT,0.9034,141,0.9033,128,0.9035,98,0.9036,42
1753547077805,16:24:37.805,AERO/USDT:USDT,0.9034,141,0.9033,128,0.9035,98,0.9036,29
1753547078208,16:24:38.208,AERO/USDT:USDT,0.9034,141,0.9033,128,0.9035,98,0.9036,29
1753547078305,16:24:38.305,AERO/USDT:USDT,0.9034,141,0.9033,128,0.9035,98,0.9036,29
1753547078705,16:24:38.705,AERO/USDT:USDT,0.9034,141,0.9033,128,0.9035,98,0.9036,29
1753547078805,16:24:38.805,AERO/USDT:USDT,0.9034,141,0.9033,144,0.9035,98,0.9036,38
1753547079207,16:24:39.207,AERO/USDT:USDT,0.9034,141,0.9033,128,0.9035,98,0.9036,38
1753547079308,16:24:39.308,AERO/USDT:USDT,0.9034,141,0.9033,128,0.9035,98,0.9036,40
1753547079709,16:24:39.709,AERO/USDT:USDT,0.9034,141,0.9033,128,0.9035,98,0.9036,40
1753547079805,16:24:39.805,AERO/USDT:USDT,0.9034,141,0.9033,155,0.9035,98,0.9036,29
1753547080206,16:24:40.206,AERO/USDT:USDT,0.9034,141,0.9033,128,0.9035,98,0.9036,29
1753547080306,16:24:40.306,AERO/USDT:USDT,0.9034,141,0.9033,128,0.9035,98,0.9036,38
1753547080706,16:24:40.706,AERO/USDT:USDT,0.9034,141,0.9033,128,0.9035,98,0.9036,38
1753547080900,16:24:40.900,AERO/USDT:USDT,0.9034,141,0.9033,155,0.9036,24,0.9037,108
1753547080954,16:24:40.954,AERO/USDT:USDT,0.9035,159,0.9034,199,0.9036,24,0.9037,108
1753547081307,16:24:41.307,AERO/USDT:USDT,0.9035,159,0.9034,285,0.9036,24,0.9037,137
1753547081706,16:24:41.706,AERO/USDT:USDT,0.9035,159,0.9034,199,0.9036,24,0.9037,137
1753547081877,16:24:41.877,AERO/USDT:USDT,0.9035,159,0.9034,247,0.9036,24,0.9037,148
1753547082206,16:24:42.206,AERO/USDT:USDT,0.9035,159,0.9034,247,0.9036,24,0.9037,148
1753547082307,16:24:42.307,AERO/USDT:USDT,0.9035,159,0.9034,199,0.9036,24,0.9037,108
1753547082706,16:24:42.706,AERO/USDT:USDT,0.9035,159,0.9034,199,0.9036,24,0.9037,108
1753547082809,16:24:42.809,AERO/USDT:USDT,0.9035,159,0.9034,199,0.9036,24,0.9037,135
1753547083207,16:24:43.207,AERO/USDT:USDT,0.9035,159,0.9034,199,0.9036,24,0.9037,135
1753547083306,16:24:43.306,AERO/USDT:USDT,0.9035,159,0.9034,261,0.9036,24,0.9037,108
1753547083707,16:24:43.707,AERO/USDT:USDT,0.9035,159,0.9034,261,0.9036,24,0.9037,108
1753547083809,16:24:43.809,AERO/USDT:USDT,0.9035,159,0.9034,199,0.9036,24,0.9037,139
1753547084208,16:24:44.208,AERO/USDT:USDT,0.9035,159,0.9034,199,0.9036,24,0.9037,139
1753547084307,16:24:44.307,AERO/USDT:USDT,0.9035,159,0.9034,199,0.9036,24,0.9037,128
1753547084708,16:24:44.708,AERO/USDT:USDT,0.9035,159,0.9034,199,0.9036,24,0.9037,128
1753547084808,16:24:44.808,AERO/USDT:USDT,0.9035,159,0.9034,199,0.9036,24,0.9037,108
1753547085207,16:24:45.207,AERO/USDT:USDT,0.9035,159,0.9034,199,0.9036,24,0.9037,108
1753547085308,16:24:45.308,AERO/USDT:USDT,0.9035,159,0.9034,243,0.9036,24,0.9037,108
1753547085707,16:24:45.707,AERO/USDT:USDT,0.9035,159,0.9034,220,0.9036,24,0.9037,108
1753547085808,16:24:45.808,AERO/USDT:USDT,0.9035,159,0.9034,252,0.9036,24,0.9037,151
1753547086207,16:24:46.207,AERO/USDT:USDT,0.9035,159,0.9034,199,0.9036,24,0.9037,151
1753547086308,16:24:46.308,AERO/USDT:USDT,0.9035,159,0.9034,199,0.9036,24,0.9037,108
1753547086709,16:24:46.709,AERO/USDT:USDT,0.9035,159,0.9034,199,0.9038,32,0.9039,239
1753547086908,16:24:46.908,AERO/USDT:USDT,0.9038,35,0.9037,190,0.904,73,0.9041,95
1753547087307,16:24:47.307,AERO/USDT:USDT,0.9038,35,0.9037,190,0.904,73,0.9041,95
1753547087308,16:24:47.308,AERO/USDT:USDT,0.9038,35,0.9037,268,0.904,73,0.9041,95
1753547087711,16:24:47.711,AERO/USDT:USDT,0.9038,35,0.9037,268,0.904,73,0.9041,95
1753547087877,16:24:47.877,AERO/USDT:USDT,0.9038,35,0.9037,190,0.904,73,0.9041,95
1753547088208,16:24:48.208,AERO/USDT:USDT,0.9038,35,0.9037,190,0.904,73,0.9041,95
1753547088308,16:24:48.308,AERO/USDT:USDT,0.9038,35,0.9037,190,0.904,73,0.9041,95
1753547088711,16:24:48.711,AERO/USDT:USDT,0.9038,35,0.9037,190,0.904,73,0.9041,95
1753547088809,16:24:48.809,AERO/USDT:USDT,0.9038,35,0.9037,224,0.904,73,0.9041,133
1753547089209,16:24:49.209,AERO/USDT:USDT,0.9038,35,0.9037,224,0.904,73,0.9041,133
1753547089307,16:24:49.307,AERO/USDT:USDT,0.9038,35,0.9037,212,0.904,73,0.9041,140
1753547089709,16:24:49.709,AERO/USDT:USDT,0.9038,35,0.9037,212,0.904,73,0.9041,140
1753547089809,16:24:49.809,AERO/USDT:USDT,0.9038,35,0.9037,190,0.904,73,0.9041,139
1753547090208,16:24:50.208,AERO/USDT:USDT,0.9038,35,0.9037,190,0.904,73,0.9041,139
1753547090310,16:24:50.310,AERO/USDT:USDT,0.9038,35,0.9037,190,0.904,73,0.9041,154
1753547090709,16:24:50.709,AERO/USDT:USDT,0.9038,35,0.9037,190,0.904,73,0.9041,154
1753547090809,16:24:50.809,AERO/USDT:USDT,0.9038,35,0.9037,247,0.904,73,0.9041,95
1753547091208,16:24:51.208,AERO/USDT:USDT,0.9038,35,0.9037,247,0.904,73,0.9041,95
1753547091309,16:24:51.309,AERO/USDT:USDT,0.9038,35,0.9037,259,0.904,73,0.9041,95
1753547091710,16:24:51.710,AERO/USDT:USDT,0.9038,35,0.9037,190,0.904,73,0.9041,95
1753547091810,16:24:51.810,AERO/USDT:USDT,0.9038,35,0.9037,190,0.904,73,0.9041,95
1753547092210,16:24:52.210,AERO/USDT:USDT,0.9038,35,0.9037,190,0.904,73,0.9041,95
1753547092310,16:24:52.310,AERO/USDT:USDT,0.9038,35,0.9037,222,0.904,73,0.9041,140
1753547092710,16:24:52.710,AERO/USDT:USDT,0.9038,35,0.9037,222,0.904,73,0.9041,140
1753547092910,16:24:52.910,AERO/USDT:USDT,0.9038,222,0.9037,364,0.904,73,0.9041,82
1753547092910,16:24:52.910,AERO/USDT:USDT,0.9038,187,0.9037,125,0.904,73,0.9041,82
1753547093311,16:24:53.311,AERO/USDT:USDT,0.9038,187,0.9037,168,0.904,73,0.9041,82
1753547093311,16:24:53.311,AERO/USDT:USDT,0.9038,187,0.9037,168,0.904,73,0.9041,95
1753547093713,16:24:53.713,AERO/USDT:USDT,0.9038,187,0.9037,125,0.904,73,0.9041,95
1753547093885,16:24:53.885,AERO/USDT:USDT,0.9038,187,0.9037,141,0.904,73,0.9041,82
1753547094212,16:24:54.212,AERO/USDT:USDT,0.9038,187,0.9037,141,0.904,73,0.9041,82
1753547094310,16:24:54.310,AERO/USDT:USDT,0.9038,187,0.9037,125,0.904,73,0.9041,82
1753547094716,16:24:54.716,AERO/USDT:USDT,0.9038,187,0.9037,125,0.904,73,0.9041,82
1753547094811,16:24:54.811,AERO/USDT:USDT,0.9038,187,0.9037,125,0.904,73,0.9041,82
1753547095213,16:24:55.213,AERO/USDT:USDT,0.9038,187,0.9037,125,0.904,73,0.9041,82
1753547095310,16:24:55.310,AERO/USDT:USDT,0.9038,187,0.9037,125,0.904,73,0.9041,82
1753547095713,16:24:55.713,AERO/USDT:USDT,0.9038,187,0.9037,125,0.904,73,0.9041,82
1753547095811,16:24:55.811,AERO/USDT:USDT,0.9038,187,0.9037,186,0.904,73,0.9041,82
1753547096213,16:24:56.213,AERO/USDT:USDT,0.9038,187,0.9037,186,0.904,73,0.9041,82
1753547096309,16:24:56.309,AERO/USDT:USDT,0.9038,187,0.9037,125,0.904,73,0.9041,122
1753547096713,16:24:56.713,AERO/USDT:USDT,0.9038,187,0.9037,125,0.904,73,0.9041,82
1753547096810,16:24:56.810,AERO/USDT:USDT,0.9038,187,0.9037,125,0.904,73,0.9041,82
1753547097214,16:24:57.214,AERO/USDT:USDT,0.9038,187,0.9037,125,0.904,73,0.9041,82
1753547097311,16:24:57.311,AERO/USDT:USDT,0.9038,187,0.9037,171,0.904,73,0.9041,113
1753547097713,16:24:57.713,AERO/USDT:USDT,0.9038,187,0.9037,171,0.904,73,0.9041,113
1753547097882,16:24:57.882,AERO/USDT:USDT,0.9038,187,0.9037,125,0.904,73,0.9041,104
1753547098284,16:24:58.284,AERO/USDT:USDT,0.9038,187,0.9037,125,0.904,73,0.9041,82
1753547098380,16:24:58.380,AERO/USDT:USDT,0.9038,187,0.9037,143,0.904,73,0.9041,82
1753547098783,16:24:58.783,AERO/USDT:USDT,0.9038,187,0.9037,143,0.904,73,0.9041,82
1753547098912,16:24:58.912,AERO/USDT:USDT,0.9038,166,0.9037,67,0.904,71,0.9041,80
1753547099381,16:24:59.381,AERO/USDT:USDT,0.9038,166,0.9037,67,0.904,71,0.9041,80
1753547099383,16:24:59.383,AERO/USDT:USDT,0.9038,166,0.9037,112,0.904,71,0.9041,80
1753547099785,16:24:59.785,AERO/USDT:USDT,0.9038,166,0.9037,92,0.904,71,0.9041,80
1753547099881,16:24:59.881,AERO/USDT:USDT,0.9038,166,0.9037,67,0.904,71,0.9041,80
1753547100286,16:25:00.286,AERO/USDT:USDT,0.9038,166,0.9037,67,0.904,71,0.9041,80
1753547100395,16:25:00.395,AERO/USDT:USDT,0.9038,166,0.9037,67,0.904,71,0.9041,88
1753547100786,16:25:00.786,AERO/USDT:USDT,0.9038,166,0.9037,67,0.904,71,0.9041,88
1753547100884,16:25:00.884,AERO/USDT:USDT,0.9038,166,0.9037,67,0.904,71,0.9041,108
1753547101286,16:25:01.286,AERO/USDT:USDT,0.9038,166,0.9037,67,0.904,71,0.9041,108
1753547101384,16:25:01.384,AERO/USDT:USDT,0.9038,166,0.9037,67,0.904,71,0.9041,80
1753547101789,16:25:01.789,AERO/USDT:USDT,0.9038,166,0.9037,67,0.904,71,0.9041,80
1753547101884,16:25:01.884,AERO/USDT:USDT,0.9038,166,0.9037,88,0.904,71,0.9041,117
1753547102288,16:25:02.288,AERO/USDT:USDT,0.9038,166,0.9037,88,0.904,71,0.9041,80
1753547102384,16:25:02.384,AERO/USDT:USDT,0.9038,166,0.9037,67,0.904,71,0.9041,80
1753547102787,16:25:02.787,AERO/USDT:USDT,0.9038,166,0.9037,67,0.904,71,0.9041,80
1753547102887,16:25:02.887,AERO/USDT:USDT,0.9038,166,0.9037,88,0.904,71,0.9041,80
1753547103287,16:25:03.287,AERO/USDT:USDT,0.9038,166,0.9037,88,0.904,71,0.9041,80
1753547103385,16:25:03.385,AERO/USDT:USDT,0.9038,166,0.9037,67,0.904,71,0.9041,96
1753547103786,16:25:03.786,AERO/USDT:USDT,0.9038,166,0.9037,67,0.904,71,0.9041,96
1753547103883,16:25:03.883,AERO/USDT:USDT,0.9038,166,0.9037,81,0.904,71,0.9041,116
1753547104286,16:25:04.286,AERO/USDT:USDT,0.9038,166,0.9037,67,0.904,71,0.9041,116
1753547104384,16:25:04.384,AERO/USDT:USDT,0.9038,166,0.9037,67,0.904,71,0.9041,80
1753547104786,16:25:04.786,AERO/USDT:USDT,0.9038,166,0.9037,67,0.904,71,0.9041,80
1753547104913,16:25:04.913,AERO/USDT:USDT,0.9036,98,0.9035,28,0.9037,26,0.9038,95
1753547105387,16:25:05.387,AERO/USDT:USDT,0.9036,98,0.9035,39,0.9037,26,0.9038,95
1753547105387,16:25:05.387,AERO/USDT:USDT,0.9036,98,0.9035,39,0.9037,26,0.9038,95
1753547105789,16:25:05.789,AERO/USDT:USDT,0.9036,98,0.9035,39,0.9037,26,0.9038,95
1753547105960,16:25:05.960,AERO/USDT:USDT,0.9036,98,0.9035,47,0.9037,26,0.9038,95
1753547106296,16:25:06.296,AERO/USDT:USDT,0.9036,98,0.9035,35,0.9037,26,0.9038,95
1753547106395,16:25:06.395,AERO/USDT:USDT,0.9036,98,0.9035,28,0.9037,26,0.9038,95
1753547106789,16:25:06.789,AERO/USDT:USDT,0.9036,98,0.9035,28,0.9037,26,0.9038,95
1753547106884,16:25:06.884,AERO/USDT:USDT,0.9036,98,0.9035,28,0.9037,26,0.9038,122
1753547107288,16:25:07.288,AERO/USDT:USDT,0.9036,98,0.9035,28,0.9037,26,0.9038,122
1753547107386,16:25:07.386,AERO/USDT:USDT,0.9036,98,0.9035,28,0.9037,26,0.9038,95
1753547107787,16:25:07.787,AERO/USDT:USDT,0.9036,98,0.9035,28,0.9037,26,0.9038,95
1753547107886,16:25:07.886,AERO/USDT:USDT,0.9036,98,0.9035,33,0.9037,26,0.9038,95
1753547108289,16:25:08.289,AERO/USDT:USDT,0.9036,98,0.9035,33,0.9037,26,0.9038,95
1753547108386,16:25:08.386,AERO/USDT:USDT,0.9036,98,0.9035,28,0.9037,26,0.9038,95
1753547108788,16:25:08.788,AERO/USDT:USDT,0.9036,98,0.9035,28,0.9037,26,0.9038,95
1753547108891,16:25:08.891,AERO/USDT:USDT,0.9036,98,0.9035,28,0.9037,26,0.9038,113
1753547109293,16:25:09.293,AERO/USDT:USDT,0.9036,98,0.9035,28,0.9037,26,0.9038,95
1753547109387,16:25:09.387,AERO/USDT:USDT,0.9036,98,0.9035,28,0.9037,26,0.9038,137
1753547109790,16:25:09.790,AERO/USDT:USDT,0.9036,98,0.9035,28,0.9037,26,0.9038,137
1753547109887,16:25:09.887,AERO/USDT:USDT,0.9036,98,0.9035,28,0.9037,26,0.9038,95
1753547110291,16:25:10.291,AERO/USDT:USDT,0.9036,98,0.9035,28,0.9037,26,0.9038,95
1753547110393,16:25:10.393,AERO/USDT:USDT,0.9036,98,0.9035,33,0.9037,26,0.9038,106
1753547110793,16:25:10.793,AERO/USDT:USDT,0.9036,98,0.9035,28,0.9037,26,0.9038,106
1753547110914,16:25:10.914,AERO/USDT:USDT,0.9036,85,0.9035,96,0.9037,94,0.9038,32
1753547111388,16:25:11.388,AERO/USDT:USDT,0.9036,85,0.9035,96,0.9037,94,0.9038,32
1753547111413,16:25:11.413,AERO/USDT:USDT,0.9036,85,0.9035,96,0.9037,94,0.9038,35
1753547111791,16:25:11.791,AERO/USDT:USDT,0.9036,85,0.9035,96,0.9037,94,0.9038,35
1753547111889,16:25:11.889,AERO/USDT:USDT,0.9036,85,0.9035,96,0.9037,94,0.9038,32
1753547112293,16:25:12.293,AERO/USDT:USDT,0.9036,85,0.9035,96,0.9037,94,0.9038,32
1753547112390,16:25:12.390,AERO/USDT:USDT,0.9036,85,0.9035,96,0.9037,94,0.9038,32
1753547112794,16:25:12.794,AERO/USDT:USDT,0.9036,85,0.9035,96,0.9037,94,0.9038,32
1753547112892,16:25:12.892,AERO/USDT:USDT,0.9036,85,0.9035,143,0.9037,94,0.9038,40
1753547113293,16:25:13.293,AERO/USDT:USDT,0.9036,85,0.9035,143,0.9037,94,0.9038,32
1753547113389,16:25:13.389,AERO/USDT:USDT,0.9036,85,0.9035,96,0.9037,94,0.9038,47
1753547113791,16:25:13.791,AERO/USDT:USDT,0.9036,85,0.9035,96,0.9037,94,0.9038,47
1753547113890,16:25:13.890,AERO/USDT:USDT,0.9036,85,0.9035,96,0.9037,94,0.9038,47
1753547114292,16:25:14.292,AERO/USDT:USDT,0.9036,85,0.9035,96,0.9037,94,0.9038,47
1753547114391,16:25:14.391,AERO/USDT:USDT,0.9036,85,0.9035,96,0.9037,94,0.9038,32
1753547114792,16:25:14.792,AERO/USDT:USDT,0.9036,85,0.9035,96,0.9037,94,0.9038,32
1753547114890,16:25:14.890,AERO/USDT:USDT,0.9036,85,0.9035,96,0.9037,94,0.9038,41
1753547115293,16:25:15.293,AERO/USDT:USDT,0.9036,85,0.9035,96,0.9037,94,0.9038,32
1753547115390,16:25:15.390,AERO/USDT:USDT,0.9036,85,0.9035,96,0.9037,94,0.9038,32
1753547115793,16:25:15.793,AERO/USDT:USDT,0.9036,85,0.9035,96,0.9037,94,0.9038,32
1753547115891,16:25:15.891,AERO/USDT:USDT,0.9036,85,0.9035,126,0.9037,94,0.9038,39
1753547116294,16:25:16.294,AERO/USDT:USDT,0.9036,85,0.9035,126,0.9037,94,0.9038,39
1753547116390,16:25:16.390,AERO/USDT:USDT,0.9036,85,0.9035,96,0.9037,94,0.9038,32
1753547116792,16:25:16.792,AERO/USDT:USDT,0.9036,85,0.9035,96,0.9037,94,0.9038,32
1753547116916,16:25:16.916,AERO/USDT:USDT,0.9033,24,0.9032,29,0.9034,38,0.9035,215
1753547117389,16:25:17.389,AERO/USDT:USDT,0.9033,24,0.9032,29,0.9034,38,0.9035,319
1753547117391,16:25:17.391,AERO/USDT:USDT,0.9033,24,0.9032,29,0.9034,38,0.9035,319
1753547117793,16:25:17.793,AERO/USDT:USDT,0.9033,24,0.9032,29,0.9034,38,0.9035,215
1753547117892,16:25:17.892,AERO/USDT:USDT,0.9033,24,0.9032,49,0.9034,38,0.9035,215
1753547118294,16:25:18.294,AERO/USDT:USDT,0.9033,24,0.9032,49,0.9034,38,0.9035,215
1753547118392,16:25:18.392,AERO/USDT:USDT,0.9033,24,0.9032,29,0.9034,38,0.9035,284
1753547118742,16:25:18.742,AERO/USDT:USDT,0.9033,24,0.9032,29,0.9034,38,0.9035,284
1753547118892,16:25:18.892,AERO/USDT:USDT,0.9038,24,0.9037,36,0.9039,307,0.904,539
1753547119295,16:25:19.295,AERO/USDT:USDT,0.9038,24,0.9037,36,0.9039,307,0.904,539
1753547119392,16:25:19.392,AERO/USDT:USDT,0.9038,24,0.9037,46,0.9039,307,0.904,539
1753547119793,16:25:19.793,AERO/USDT:USDT,0.9038,24,0.9037,46,0.9039,307,0.904,539
1753547119892,16:25:19.892,AERO/USDT:USDT,0.9038,24,0.9037,47,0.9039,307,0.904,682
1753547120297,16:25:20.297,AERO/USDT:USDT,0.9038,24,0.9037,47,0.9039,307,0.904,598
1753547120393,16:25:20.393,AERO/USDT:USDT,0.9038,24,0.9037,44,0.9039,307,0.904,594
1753547120795,16:25:20.795,AERO/USDT:USDT,0.9038,24,0.9037,44,0.9039,307,0.904,539
1753547120895,16:25:20.895,AERO/USDT:USDT,0.9038,24,0.9037,32,0.9039,307,0.904,539
1753547121296,16:25:21.296,AERO/USDT:USDT,0.9038,24,0.9037,32,0.9039,307,0.904,539
1753547121394,16:25:21.394,AERO/USDT:USDT,0.9038,24,0.9037,32,0.9039,307,0.904,627
1753547121796,16:25:21.796,AERO/USDT:USDT,0.9038,24,0.9037,32,0.9039,307,0.904,567
1753547121894,16:25:21.894,AERO/USDT:USDT,0.9038,24,0.9037,32,0.9039,307,0.904,539
1753547122297,16:25:22.297,AERO/USDT:USDT,0.9038,24,0.9037,32,0.9039,307,0.904,539
1753547122395,16:25:22.395,AERO/USDT:USDT,0.9038,24,0.9037,32,0.9039,307,0.904,665
1753547122797,16:25:22.797,AERO/USDT:USDT,0.9038,24,0.9037,32,0.9039,307,0.904,599
1753547122895,16:25:22.895,AERO/USDT:USDT,0.9038,24,0.9037,44,0.9039,307,0.904,539
1753547123312,16:25:23.312,AERO/USDT:USDT,0.9038,24,0.9037,32,0.9039,307,0.904,539
1753547123397,16:25:23.397,AERO/USDT:USDT,0.9038,24,0.9037,32,0.9039,307,0.904,539
1753547123720,16:25:23.720,AERO/USDT:USDT,0.9038,24,0.9037,32,0.9039,307,0.904,539
1753547123916,16:25:23.916,AERO/USDT:USDT,0.9037,5444,0.9036,23,0.9038,31,0.9039,31
1753547124398,16:25:24.398,AERO/USDT:USDT,0.9037,5444,0.9036,27,0.9038,31,0.9039,31
1753547124398,16:25:24.398,AERO/USDT:USDT,0.9037,5444,0.9036,31,0.9038,31,0.9039,31
1753547124803,16:25:24.803,AERO/USDT:USDT,0.9037,5444,0.9036,31,0.9038,31,0.9039,31
1753547124896,16:25:24.896,AERO/USDT:USDT,0.9037,5444,0.9036,28,0.9038,31,0.9039,31
1753547125300,16:25:25.300,AERO/USDT:USDT,0.9037,5444,0.9036,28,0.9038,31,0.9039,31
1753547125395,16:25:25.395,AERO/USDT:USDT,0.9037,5444,0.9036,42,0.9038,31,0.9039,36
1753547125801,16:25:25.801,AERO/USDT:USDT,0.9037,5444,0.9036,42,0.9038,31,0.9039,31
1753547125895,16:25:25.895,AERO/USDT:USDT,0.9037,5444,0.9036,23,0.9038,31,0.9039,31
1753547126300,16:25:26.300,AERO/USDT:USDT,0.9037,5444,0.9036,23,0.9038,31,0.9039,31
1753547126397,16:25:26.397,AERO/USDT:USDT,0.9037,5444,0.9036,23,0.9038,31,0.9039,31
1753547126798,16:25:26.798,AERO/USDT:USDT,0.9037,5444,0.9036,23,0.9038,31,0.9039,31
1753547126897,16:25:26.897,AERO/USDT:USDT,0.9037,5444,0.9036,32,0.9038,31,0.9039,31
1753547127299,16:25:27.299,AERO/USDT:USDT,0.9037,5444,0.9036,32,0.9038,31,0.9039,31
1753547127397,16:25:27.397,AERO/USDT:USDT,0.9037,5444,0.9036,33,0.9038,31,0.9039,31
1753547127800,16:25:27.800,AERO/USDT:USDT,0.9037,5444,0.9036,23,0.9038,31,0.9039,31
1753547127897,16:25:27.897,AERO/USDT:USDT,0.9037,5444,0.9036,34,0.9038,31,0.9039,36
1753547128299,16:25:28.299,AERO/USDT:USDT,0.9037,5444,0.9036,23,0.9038,31,0.9039,36
1753547128398,16:25:28.398,AERO/USDT:USDT,0.9037,5444,0.9036,41,0.9038,31,0.9039,36
1753547128800,16:25:28.800,AERO/USDT:USDT,0.9037,5444,0.9036,31,0.9038,31,0.9039,36
1753547128897,16:25:28.897,AERO/USDT:USDT,0.9037,5444,0.9036,23,0.9038,31,0.9039,31
1753547129301,16:25:29.301,AERO/USDT:USDT,0.9037,5444,0.9036,23,0.9038,31,0.9039,31
1753547129399,16:25:29.399,AERO/USDT:USDT,0.9037,5444,0.9036,34,0.9038,31,0.9039,40
1753547129725,16:25:29.725,AERO/USDT:USDT,0.9037,5444,0.9036,34,0.9038,31,0.9039,40
1753547129916,16:25:29.916,AERO/USDT:USDT,0.9037,5444,0.9036,23,0.9038,203,0.9039,169
1753547129989,16:25:29.989,AERO/USDT:USDT,0.9037,23,0.9036,23,0.9038,172,0.9039,129
1753547130398,16:25:30.398,AERO/USDT:USDT,0.9037,23,0.9036,23,0.9038,172,0.9039,129
1753547130398,16:25:30.398,AERO/USDT:USDT,0.9037,23,0.9036,23,0.9038,172,0.9039,129
1753547130800,16:25:30.800,AERO/USDT:USDT,0.9037,23,0.9036,23,0.9038,172,0.9039,129
1753547130899,16:25:30.899,AERO/USDT:USDT,0.9037,23,0.9036,30,0.9038,172,0.9039,129
1753547131303,16:25:31.303,AERO/USDT:USDT,0.9037,23,0.9036,23,0.9038,172,0.9039,129
1753547131401,16:25:31.401,AERO/USDT:USDT,0.9037,23,0.9036,33,0.9038,172,0.9039,129
1753547131801,16:25:31.801,AERO/USDT:USDT,0.9037,23,0.9036,33,0.9038,172,0.9039,129
1753547131899,16:25:31.899,AERO/USDT:USDT,0.9037,23,0.9036,23,0.9038,172,0.9039,129
1753547132302,16:25:32.302,AERO/USDT:USDT,0.9037,23,0.9036,23,0.9038,172,0.9039,129
1753547132402,16:25:32.402,AERO/USDT:USDT,0.9037,23,0.9036,34,0.9038,172,0.9039,165
1753547132804,16:25:32.804,AERO/USDT:USDT,0.9037,23,0.9036,23,0.9038,172,0.9039,165
1753547132902,16:25:32.902,AERO/USDT:USDT,0.9037,23,0.9036,30,0.9038,172,0.9039,172
1753547133043,16:25:33.043,AERO/USDT:USDT,0.9037,22,0.9036,30,0.9038,172,0.9039,172
1753547133402,16:25:33.402,AERO/USDT:USDT,0.9037,22,0.9036,28,0.9038,172,0.9039,129
1753547133805,16:25:33.805,AERO/USDT:USDT,0.9037,22,0.9036,28,0.9038,172,0.9039,129
1753547133902,16:25:33.902,AERO/USDT:USDT,0.9037,22,0.9036,23,0.9038,172,0.9039,151
1753547134305,16:25:34.305,AERO/USDT:USDT,0.9037,22,0.9036,23,0.9038,172,0.9039,151
1753547134402,16:25:34.402,AERO/USDT:USDT,0.9037,22,0.9036,30,0.9038,172,0.9039,129
1753547134805,16:25:34.805,AERO/USDT:USDT,0.9037,22,0.9036,23,0.9038,172,0.9039,129
1753547134903,16:25:34.903,AERO/USDT:USDT,0.9037,22,0.9036,23,0.9038,172,0.9039,129
1753547135305,16:25:35.305,AERO/USDT:USDT,0.9037,22,0.9036,23,0.9038,172,0.9039,129
1753547135401,16:25:35.401,AERO/USDT:USDT,0.9037,22,0.9036,37,0.9038,172,0.9039,129
1753547135726,16:25:35.726,AERO/USDT:USDT,0.9037,22,0.9036,37,0.9038,172,0.9039,129
1753547135916,16:25:35.916,AERO/USDT:USDT,0.9035,113,0.9034,42,0.9037,197,0.9038,27
1753547136317,16:25:36.317,AERO/USDT:USDT,0.9035,113,0.9034,42,0.9037,197,0.9038,27
1753547136404,16:25:36.404,AERO/USDT:USDT,0.9035,113,0.9034,28,0.9037,197,0.9038,38
1753547136806,16:25:36.806,AERO/USDT:USDT,0.9035,113,0.9034,28,0.9037,197,0.9038,38
1753547136905,16:25:36.905,AERO/USDT:USDT,0.9035,113,0.9034,28,0.9037,197,0.9038,27
1753547137306,16:25:37.306,AERO/USDT:USDT,0.9035,113,0.9034,28,0.9037,197,0.9038,27
1753547137404,16:25:37.404,AERO/USDT:USDT,0.9035,113,0.9034,36,0.9037,197,0.9038,33
1753547137807,16:25:37.807,AERO/USDT:USDT,0.9035,113,0.9034,28,0.9037,197,0.9038,33
1753547137905,16:25:37.905,AERO/USDT:USDT,0.9035,113,0.9034,38,0.9037,197,0.9038,27
1753547138308,16:25:38.308,AERO/USDT:USDT,0.9035,113,0.9034,28,0.9037,197,0.9038,27
1753547138406,16:25:38.406,AERO/USDT:USDT,0.9035,113,0.9034,28,0.9037,197,0.9038,33
1753547138807,16:25:38.807,AERO/USDT:USDT,0.9035,113,0.9034,28,0.9037,197,0.9038,33
1753547138907,16:25:38.907,AERO/USDT:USDT,0.9035,113,0.9034,28,0.9037,197,0.9038,27
1753547139308,16:25:39.308,AERO/USDT:USDT,0.9035,113,0.9034,28,0.9037,197,0.9038,27
1753547139406,16:25:39.406,AERO/USDT:USDT,0.9035,113,0.9034,34,0.9037,197,0.9038,27
1753547139811,16:25:39.811,AERO/USDT:USDT,0.9035,113,0.9034,28,0.9037,197,0.9038,27
1753547139906,16:25:39.906,AERO/USDT:USDT,0.9035,113,0.9034,28,0.9037,197,0.9038,35
1753547140312,16:25:40.312,AERO/USDT:USDT,0.9035,113,0.9034,28,0.9037,197,0.9038,35
1753547140406,16:25:40.406,AERO/USDT:USDT,0.9035,113,0.9034,31,0.9037,197,0.9038,40
1753547140801,16:25:40.801,AERO/USDT:USDT,0.9035,113,0.9034,31,0.9037,197,0.9038,40
1753547140905,16:25:40.905,AERO/USDT:USDT,0.9035,113,0.9034,28,0.9037,197,0.9038,27
1753547141309,16:25:41.309,AERO/USDT:USDT,0.9035,113,0.9034,28,0.9037,197,0.9038,27
1753547141407,16:25:41.407,AERO/USDT:USDT,0.9035,113,0.9034,50,0.9037,197,0.9038,34
1753547141809,16:25:41.809,AERO/USDT:USDT,0.9035,113,0.9034,50,0.9037,197,0.9038,34
1753547141921,16:25:41.921,AERO/USDT:USDT,0.9035,114,0.9034,23,0.9037,352,0.9038,23
1753547142406,16:25:42.406,AERO/USDT:USDT,0.9035,114,0.9034,23,0.9037,352,0.9038,23
1753547142407,16:25:42.407,AERO/USDT:USDT,0.9035,114,0.9034,23,0.9037,352,0.9038,32
1753547142809,16:25:42.809,AERO/USDT:USDT,0.9035,114,0.9034,23,0.9037,352,0.9038,32
1753547142910,16:25:42.910,AERO/USDT:USDT,0.9035,114,0.9034,28,0.9037,352,0.9038,31
1753547143312,16:25:43.312,AERO/USDT:USDT,0.9035,114,0.9034,23,0.9037,352,0.9038,31
1753547143409,16:25:43.409,AERO/USDT:USDT,0.9035,114,0.9034,40,0.9037,352,0.9038,23
1753547143810,16:25:43.810,AERO/USDT:USDT,0.9035,114,0.9034,32,0.9037,352,0.9038,23
1753547143909,16:25:43.909,AERO/USDT:USDT,0.9035,114,0.9034,26,0.9037,352,0.9038,23
1753547144310,16:25:44.310,AERO/USDT:USDT,0.9035,114,0.9034,23,0.9037,352,0.9038,23
1753547144408,16:25:44.408,AERO/USDT:USDT,0.9035,114,0.9034,32,0.9037,352,0.9038,23
1753547144810,16:25:44.810,AERO/USDT:USDT,0.9035,114,0.9034,32,0.9037,352,0.9038,23
1753547144910,16:25:44.910,AERO/USDT:USDT,0.9035,114,0.9034,31,0.9037,352,0.9038,23
1753547145311,16:25:45.311,AERO/USDT:USDT,0.9035,114,0.9034,23,0.9037,352,0.9038,23
1753547145407,16:25:45.407,AERO/USDT:USDT,0.9035,114,0.9034,26,0.9037,352,0.9038,23
1753547145810,16:25:45.810,AERO/USDT:USDT,0.9035,114,0.9034,26,0.9037,352,0.9038,23
1753547145909,16:25:45.909,AERO/USDT:USDT,0.9035,114,0.9034,23,0.9037,352,0.9038,35
1753547146310,16:25:46.310,AERO/USDT:USDT,0.9035,114,0.9034,23,0.9037,352,0.9038,27
1753547146407,16:25:46.407,AERO/USDT:USDT,0.9035,114,0.9034,23,0.9037,352,0.9038,27
1753547146804,16:25:46.804,AERO/USDT:USDT,0.9035,114,0.9034,23,0.9037,352,0.9038,27
1753547146907,16:25:46.907,AERO/USDT:USDT,0.9035,114,0.9034,30,0.9037,352,0.9038,23
1753547147310,16:25:47.310,AERO/USDT:USDT,0.9035,114,0.9034,23,0.9037,352,0.9038,23
1753547147409,16:25:47.409,AERO/USDT:USDT,0.9035,114,0.9034,26,0.9037,352,0.9038,32
1753547147811,16:25:47.811,AERO/USDT:USDT,0.9035,114,0.9034,23,0.9037,352,0.9038,32
1753547147936,16:25:47.936,AERO/USDT:USDT,0.9033,22,0.9032,38,0.9034,49,0.9035,160
1753547148408,16:25:48.408,AERO/USDT:USDT,0.9033,22,0.9032,38,0.9034,49,0.9035,160
1753547148555,16:25:48.555,AERO/USDT:USDT,0.9033,22,0.9032,44,0.9034,34,0.9035,236
1753547148811,16:25:48.811,AERO/USDT:USDT,0.9033,22,0.9032,44,0.9034,34,0.9035,236
1753547148909,16:25:48.909,AERO/USDT:USDT,0.9033,22,0.9032,38,0.9034,34,0.9035,160
1753547149316,16:25:49.316,AERO/USDT:USDT,0.9033,22,0.9032,38,0.9034,34,0.9035,160
1753547149410,16:25:49.410,AERO/USDT:USDT,0.9033,22,0.9032,38,0.9034,34,0.9035,224
1753547149812,16:25:49.812,AERO/USDT:USDT,0.9033,22,0.9032,38,0.9034,34,0.9035,160
1753547149910,16:25:49.910,AERO/USDT:USDT,0.9033,22,0.9032,38,0.9034,34,0.9035,160
1753547150311,16:25:50.311,AERO/USDT:USDT,0.9033,22,0.9032,38,0.9034,34,0.9035,160
1753547150411,16:25:50.411,AERO/USDT:USDT,0.9033,22,0.9032,38,0.9034,34,0.9035,160
1753547150812,16:25:50.812,AERO/USDT:USDT,0.9033,22,0.9032,38,0.9034,34,0.9035,160
1753547150912,16:25:50.912,AERO/USDT:USDT,0.9033,22,0.9032,38,0.9034,34,0.9035,160
1753547151312,16:25:51.312,AERO/USDT:USDT,0.9033,22,0.9032,38,0.9034,34,0.9035,160
1753547151409,16:25:51.409,AERO/USDT:USDT,0.9033,22,0.9032,38,0.9034,34,0.9035,160
1753547151812,16:25:51.812,AERO/USDT:USDT,0.9033,22,0.9032,38,0.9034,34,0.9035,160
1753547151910,16:25:51.910,AERO/USDT:USDT,0.9033,22,0.9032,38,0.9034,34,0.9035,193
1753547152312,16:25:52.312,AERO/USDT:USDT,0.9033,22,0.9032,38,0.9034,34,0.9035,160
1753547152409,16:25:52.409,AERO/USDT:USDT,0.9033,22,0.9032,38,0.9034,34,0.9035,194
1753547152806,16:25:52.806,AERO/USDT:USDT,0.9033,22,0.9032,38,0.9034,34,0.9035,194
1753547152910,16:25:52.910,AERO/USDT:USDT,0.9033,22,0.9032,52,0.9034,34,0.9035,160
1753547153313,16:25:53.313,AERO/USDT:USDT,0.9033,22,0.9032,38,0.9034,34,0.9035,160
1753547153410,16:25:53.410,AERO/USDT:USDT,0.9033,22,0.9032,38,0.9034,34,0.9035,191
1753547153820,16:25:53.820,AERO/USDT:USDT,0.9033,22,0.9032,38,0.9034,34,0.9035,191
1753547153927,16:25:53.927,AERO/USDT:USDT,0.9033,27,0.9032,27,0.9034,78,0.9035,242
1753547154409,16:25:54.409,AERO/USDT:USDT,0.9033,27,0.9032,27,0.9034,78,0.9035,337
1753547154410,16:25:54.410,AERO/USDT:USDT,0.9033,27,0.9032,27,0.9034,78,0.9035,337
1753547154818,16:25:54.818,AERO/USDT:USDT,0.9033,27,0.9032,27,0.9034,78,0.9035,337
1753547154914,16:25:54.914,AERO/USDT:USDT,0.9033,27,0.9032,27,0.9034,78,0.9035,242
1753547155313,16:25:55.313,AERO/USDT:USDT,0.9033,27,0.9032,27,0.9034,78,0.9035,242
1753547155411,16:25:55.411,AERO/USDT:USDT,0.9033,27,0.9032,27,0.9034,78,0.9035,318
1753547155814,16:25:55.814,AERO/USDT:USDT,0.9033,27,0.9032,27,0.9034,78,0.9035,318
1753547155910,16:25:55.910,AERO/USDT:USDT,0.9033,27,0.9032,27,0.9034,78,0.9035,272
1753547156313,16:25:56.313,AERO/USDT:USDT,0.9033,27,0.9032,27,0.9034,78,0.9035,272
1753547156411,16:25:56.411,AERO/USDT:USDT,0.9033,27,0.9032,41,0.9034,78,0.9035,334
1753547156814,16:25:56.814,AERO/USDT:USDT,0.9033,27,0.9032,41,0.9034,78,0.9035,334
1753547156919,16:25:56.919,AERO/USDT:USDT,0.9033,27,0.9032,27,0.9034,78,0.9035,242
1753547157316,16:25:57.316,AERO/USDT:USDT,0.9033,27,0.9032,27,0.9034,78,0.9035,242
1753547157417,16:25:57.417,AERO/USDT:USDT,0.9033,27,0.9032,27,0.9034,78,0.9035,307
1753547157814,16:25:57.814,AERO/USDT:USDT,0.9033,27,0.9032,27,0.9034,78,0.9035,307
1753547157920,16:25:57.920,AERO/USDT:USDT,0.9033,27,0.9032,27,0.9034,78,0.9035,363
1753547158314,16:25:58.314,AERO/USDT:USDT,0.9033,27,0.9032,27,0.9034,78,0.9035,363
1753547158418,16:25:58.418,AERO/USDT:USDT,0.9033,27,0.9032,27,0.9034,78,0.9035,242
1753547158815,16:25:58.815,AERO/USDT:USDT,0.9033,27,0.9032,27,0.9034,78,0.9035,242
1753547158919,16:25:58.919,AERO/USDT:USDT,0.9033,27,0.9032,27,0.9034,78,0.9035,283
1753547159314,16:25:59.314,AERO/USDT:USDT,0.9033,27,0.9032,27,0.9034,78,0.9035,283
1753547159418,16:25:59.418,AERO/USDT:USDT,0.9033,27,0.9032,27,0.9034,78,0.9035,320
1753547159816,16:25:59.816,AERO/USDT:USDT,0.9033,27,0.9032,27,0.9034,78,0.9035,320
1753547159926,16:25:59.926,AERO/USDT:USDT,0.9033,24,0.9032,33,0.9034,148,0.9035,301
1753547160412,16:26:00.412,AERO/USDT:USDT,0.9033,24,0.9032,33,0.9034,148,0.9035,301
1753547160420,16:26:00.420,AERO/USDT:USDT,0.9033,24,0.9032,33,0.9034,148,0.9035,301
1753547160815,16:26:00.815,AERO/USDT:USDT,0.9033,24,0.9032,33,0.9034,148,0.9035,301
1753547160999,16:26:00.999,AERO/USDT:USDT,0.9033,24,0.9032,44,0.9034,148,0.9035,408
1753547161400,16:26:01.400,AERO/USDT:USDT,0.9033,24,0.9032,33,0.9034,148,0.9035,408
1753547161489,16:26:01.489,AERO/USDT:USDT,0.9033,24,0.9032,37,0.9034,148,0.9035,301
1753547161889,16:26:01.889,AERO/USDT:USDT,0.9033,24,0.9032,33,0.9034,148,0.9035,301
1753547161988,16:26:01.988,AERO/USDT:USDT,0.9033,24,0.9032,33,0.9034,148,0.9035,301
1753547162389,16:26:02.389,AERO/USDT:USDT,0.9033,24,0.9032,33,0.9034,148,0.9035,301
1753547162488,16:26:02.488,AERO/USDT:USDT,0.9033,24,0.9032,40,0.9034,148,0.9035,499
1753547162889,16:26:02.889,AERO/USDT:USDT,0.9033,24,0.9032,40,0.9034,148,0.9035,499
1753547162988,16:26:02.988,AERO/USDT:USDT,0.9033,24,0.9032,33,0.9034,148,0.9035,301
1753547163391,16:26:03.391,AERO/USDT:USDT,0.9033,24,0.9032,33,0.9034,148,0.9035,301
1753547163488,16:26:03.488,AERO/USDT:USDT,0.9033,24,0.9032,47,0.9034,148,0.9035,423
1753547163889,16:26:03.889,AERO/USDT:USDT,0.9033,24,0.9032,47,0.9034,148,0.9035,423
1753547163988,16:26:03.988,AERO/USDT:USDT,0.9033,24,0.9032,33,0.9034,148,0.9035,346
1753547164389,16:26:04.389,AERO/USDT:USDT,0.9033,24,0.9032,33,0.9034,148,0.9035,346
1753547164487,16:26:04.487,AERO/USDT:USDT,0.9033,24,0.9032,33,0.9034,148,0.9035,418
1753547164891,16:26:04.891,AERO/USDT:USDT,0.9033,24,0.9032,33,0.9034,148,0.9035,418
1753547165007,16:26:05.007,AERO/USDT:USDT,0.903,181,0.9029,28,0.9031,139,0.9032,219
1753547165491,16:26:05.491,AERO/USDT:USDT,0.903,181,0.9029,28,0.9031,139,0.9032,219
1753547165494,16:26:05.494,AERO/USDT:USDT,0.903,181,0.9029,32,0.9031,139,0.9032,219
1753547165890,16:26:05.890,AERO/USDT:USDT,0.903,181,0.9029,32,0.9031,139,0.9032,219
1753547165989,16:26:05.989,AERO/USDT:USDT,0.903,181,0.9029,28,0.9031,139,0.9032,299
1753547166392,16:26:06.392,AERO/USDT:USDT,0.903,181,0.9029,28,0.9031,139,0.9032,299
1753547166490,16:26:06.490,AERO/USDT:USDT,0.903,181,0.9029,28,0.9031,139,0.9032,219
1753547166891,16:26:06.891,AERO/USDT:USDT,0.903,181,0.9029,28,0.9031,139,0.9032,219
1753547166989,16:26:06.989,AERO/USDT:USDT,0.903,181,0.9029,46,0.9031,139,0.9032,219
1753547167390,16:26:07.390,AERO/USDT:USDT,0.903,181,0.9029,46,0.9031,139,0.9032,219
1753547167575,16:26:07.575,AERO/USDT:USDT,0.903,181,0.9029,45,0.9031,95,0.9032,219
1753547167893,16:26:07.893,AERO/USDT:USDT,0.903,181,0.9029,45,0.9031,95,0.9032,219
1753547167990,16:26:07.990,AERO/USDT:USDT,0.903,181,0.9029,28,0.9031,95,0.9032,219
1753547168388,16:26:08.388,AERO/USDT:USDT,0.903,181,0.9029,28,0.9031,95,0.9032,219
1753547168488,16:26:08.488,AERO/USDT:USDT,0.903,181,0.9029,28,0.9031,95,0.9032,219
1753547168889,16:26:08.889,AERO/USDT:USDT,0.903,181,0.9029,28,0.9031,95,0.9032,219
1753547168989,16:26:08.989,AERO/USDT:USDT,0.903,181,0.9029,28,0.9031,95,0.9032,278
1753547169391,16:26:09.391,AERO/USDT:USDT,0.903,181,0.9029,28,0.9031,95,0.9032,278
1753547169490,16:26:09.490,AERO/USDT:USDT,0.903,181,0.9029,32,0.9031,95,0.9032,325
1753547169889,16:26:09.889,AERO/USDT:USDT,0.903,181,0.9029,32,0.9031,95,0.9032,219
1753547169993,16:26:09.993,AERO/USDT:USDT,0.903,181,0.9029,28,0.9031,95,0.9032,219
1753547170391,16:26:10.391,AERO/USDT:USDT,0.903,181,0.9029,28,0.9031,95,0.9032,219
1753547170491,16:26:10.491,AERO/USDT:USDT,0.903,181,0.9029,28,0.9031,95,0.9032,299
1753547170890,16:26:10.890,AERO/USDT:USDT,0.903,181,0.9029,28,0.9031,95,0.9032,219
1753547171005,16:26:11.005,AERO/USDT:USDT,0.9026,23,0.9025,23,0.9029,57,0.903,256
1753547171488,16:26:11.488,AERO/USDT:USDT,0.9026,23,0.9025,23,0.9029,57,0.903,256
1753547171488,16:26:11.488,AERO/USDT:USDT,0.9026,23,0.9025,31,0.9028,17,0.9029,105
1753547171890,16:26:11.890,AERO/USDT:USDT,0.9026,23,0.9025,31,0.9028,17,0.9029,105
1753547171990,16:26:11.990,AERO/USDT:USDT,0.9026,23,0.9025,32,0.9028,32,0.9029,57
1753547172392,16:26:12.392,AERO/USDT:USDT,0.9026,23,0.9025,23,0.9028,32,0.9029,57
1753547172486,16:26:12.486,AERO/USDT:USDT,0.9026,23,0.9025,23,0.9029,110,0.903,358
1753547172889,16:26:12.889,AERO/USDT:USDT,0.9026,23,0.9025,23,0.9029,110,0.903,358
1753547172990,16:26:12.990,AERO/USDT:USDT,0.9026,23,0.9025,23,0.9028,16,0.9029,57
1753547173392,16:26:13.392,AERO/USDT:USDT,0.9026,23,0.9025,23,0.9028,16,0.9029,57
1753547173490,16:26:13.490,AERO/USDT:USDT,0.9026,23,0.9025,23,0.9029,57,0.903,256
1753547173892,16:26:13.892,AERO/USDT:USDT,0.9026,23,0.9025,23,0.9029,57,0.903,256
1753547173990,16:26:13.990,AERO/USDT:USDT,0.9026,23,0.9025,29,0.9028,33,0.9029,57
1753547174392,16:26:14.392,AERO/USDT:USDT,0.9026,23,0.9025,29,0.9029,57,0.903,256
1753547174488,16:26:14.488,AERO/USDT:USDT,0.9026,23,0.9025,23,0.9028,23,0.9029,57
1753547174892,16:26:14.892,AERO/USDT:USDT,0.9026,23,0.9025,23,0.9028,23,0.9029,57
1753547174989,16:26:14.989,AERO/USDT:USDT,0.9026,23,0.9025,23,0.9029,92,0.903,256
1753547175394,16:26:15.394,AERO/USDT:USDT,0.9026,23,0.9025,23,0.9029,92,0.903,256
1753547175487,16:26:15.487,AERO/USDT:USDT,0.9026,23,0.9025,29,0.9029,57,0.903,465
1753547175892,16:26:15.892,AERO/USDT:USDT,0.9026,23,0.9025,29,0.9029,57,0.903,367
1753547176005,16:26:16.005,AERO/USDT:USDT,0.9026,23,0.9025,23,0.9029,57,0.903,392
1753547176393,16:26:16.393,AERO/USDT:USDT,0.9026,23,0.9025,23,0.9029,57,0.903,392
1753547176490,16:26:16.490,AERO/USDT:USDT,0.9026,23,0.9025,23,0.9029,81,0.903,289
1753547176891,16:26:16.891,AERO/USDT:USDT,0.9026,23,0.9025,23,0.9029,57,0.903,289
1753547177002,16:26:17.002,AERO/USDT:USDT,0.903,47,0.9029,23,0.9031,24,0.9032,85
1753547177487,16:26:17.487,AERO/USDT:USDT,0.903,47,0.9029,23,0.9031,24,0.9032,85
1753547177490,16:26:17.490,AERO/USDT:USDT,0.903,47,0.9029,23,0.9031,24,0.9032,85
1753547177893,16:26:17.893,AERO/USDT:USDT,0.903,47,0.9029,23,0.9031,24,0.9032,85
1753547177990,16:26:17.990,AERO/USDT:USDT,0.903,47,0.9029,33,0.9031,24,0.9032,85
1753547178392,16:26:18.392,AERO/USDT:USDT,0.903,47,0.9029,33,0.9031,24,0.9032,85
1753547178490,16:26:18.490,AERO/USDT:USDT,0.903,47,0.9029,23,0.9031,24,0.9032,85
1753547178895,16:26:18.895,AERO/USDT:USDT,0.903,47,0.9029,23,0.9031,24,0.9032,85
1753547178989,16:26:18.989,AERO/USDT:USDT,0.903,47,0.9029,23,0.9031,24,0.9032,111
1753547179393,16:26:19.393,AERO/USDT:USDT,0.903,47,0.9029,23,0.9031,24,0.9032,111
1753547179493,16:26:19.493,AERO/USDT:USDT,0.903,47,0.9029,38,0.9031,24,0.9032,85
1753547179895,16:26:19.895,AERO/USDT:USDT,0.903,47,0.9029,30,0.9031,24,0.9032,85
1753547179992,16:26:19.992,AERO/USDT:USDT,0.903,47,0.9029,25,0.9031,24,0.9032,125
1753547180392,16:26:20.392,AERO/USDT:USDT,0.903,47,0.9029,23,0.9031,24,0.9032,125
1753547180492,16:26:20.492,AERO/USDT:USDT,0.903,47,0.9029,23,0.9031,24,0.9032,120
1753547180893,16:26:20.893,AERO/USDT:USDT,0.903,47,0.9029,23,0.9031,24,0.9032,85
1753547180992,16:26:20.992,AERO/USDT:USDT,0.903,47,0.9029,23,0.9031,24,0.9032,85
1753547181396,16:26:21.396,AERO/USDT:USDT,0.903,47,0.9029,23,0.9031,24,0.9032,85
1753547181493,16:26:21.493,AERO/USDT:USDT,0.903,47,0.9029,28,0.9031,24,0.9032,119
1753547181896,16:26:21.896,AERO/USDT:USDT,0.903,47,0.9029,28,0.9031,24,0.9032,119
1753547181994,16:26:21.994,AERO/USDT:USDT,0.903,47,0.9029,32,0.9031,24,0.9032,114
