timestamp,time,exchange,symbol,bid1_price,bid1_volume,bid2_price,bid2_volume,ask1_price,ask1_volume,ask2_price,ask2_volume
1753591885473,04:51:25.473,bybit,ACH/USDT:USDT,0.023019,1910.0,0.023018,680.0,0.02302,240.0,0.023025,240.0
1753591886775,04:51:26.775,bybit,ACH/USDT:USDT,0.023019,1910.0,0.023018,680.0,0.02302,240.0,0.023025,240.0
1753591886974,04:51:26.974,bybit,ACH/USDT:USDT,0.023019,1910.0,0.023018,680.0,0.02302,240.0,0.023025,240.0
1753591887475,04:51:27.475,bybit,ACH/USDT:USDT,0.023019,1910.0,0.023018,680.0,0.02302,240.0,0.023025,240.0
1753591887775,04:51:27.775,bybit,ACH/USDT:USDT,0.023019,1910.0,0.023018,680.0,0.02302,240.0,0.023025,240.0
1753591888975,04:51:28.975,bybit,ACH/USDT:USDT,0.023019,1190.0,0.023018,680.0,0.02302,240.0,0.023025,240.0
1753591889076,04:51:29.076,bybit,ACH/USDT:USDT,0.023019,1190.0,0.023018,680.0,0.02302,240.0,0.023025,240.0
1753591889678,04:51:29.678,bybit,ACH/USDT:USDT,0.023019,1190.0,0.023018,680.0,0.02302,240.0,0.023025,240.0
1753591889974,04:51:29.974,bybit,ACH/USDT:USDT,0.023019,1190.0,0.023018,680.0,0.02302,240.0,0.023025,240.0
1753591890476,04:51:30.476,bybit,ACH/USDT:USDT,0.023019,1190.0,0.023018,680.0,0.02302,240.0,0.023025,240.0
1753591890874,04:51:30.874,bybit,ACH/USDT:USDT,0.023019,1190.0,0.023018,680.0,0.02302,240.0,0.023025,240.0
1753591891176,04:51:31.176,bybit,ACH/USDT:USDT,0.023019,1190.0,0.023018,680.0,0.02302,240.0,0.023025,240.0
1753591891681,04:51:31.681,bybit,ACH/USDT:USDT,0.023019,1190.0,0.023018,680.0,0.02302,240.0,0.023025,240.0
1753591891775,04:51:31.775,bybit,ACH/USDT:USDT,0.023019,1190.0,0.023018,680.0,0.02302,240.0,0.023025,240.0
1753591891974,04:51:31.974,bybit,ACH/USDT:USDT,0.023019,1190.0,0.023018,680.0,0.02302,240.0,0.023025,240.0
1753591892275,04:51:32.275,bybit,ACH/USDT:USDT,0.023019,1190.0,0.023018,680.0,0.02302,240.0,0.023025,240.0
1753591892374,04:51:32.374,bybit,ACH/USDT:USDT,0.023019,1190.0,0.023018,680.0,0.02302,240.0,0.023025,240.0
1753591892474,04:51:32.474,bybit,ACH/USDT:USDT,0.023019,1190.0,0.023018,680.0,0.02302,240.0,0.023025,240.0
1753591892774,04:51:32.774,bybit,ACH/USDT:USDT,0.023019,1190.0,0.023018,680.0,0.02302,240.0,0.023025,240.0
1753591893176,04:51:33.176,bybit,ACH/USDT:USDT,0.023019,1190.0,0.023018,680.0,0.02302,240.0,0.023025,240.0
1753591893275,04:51:33.275,bybit,ACH/USDT:USDT,0.023019,1190.0,0.023018,680.0,0.02302,240.0,0.023025,240.0
1753591893675,04:51:33.675,bybit,ACH/USDT:USDT,0.023019,1190.0,0.023018,680.0,0.02302,2110.0,0.023025,240.0
1753591893875,04:51:33.875,bybit,ACH/USDT:USDT,0.023019,1190.0,0.023018,680.0,0.02302,2110.0,0.023025,240.0
1753591895274,04:51:35.274,bybit,ACH/USDT:USDT,0.023019,1190.0,0.023018,680.0,0.02302,2110.0,0.023025,240.0
1753591897075,04:51:37.075,bybit,ACH/USDT:USDT,0.023019,1190.0,0.023018,680.0,0.02302,2110.0,0.023025,640.0
1753591897175,04:51:37.175,bybit,ACH/USDT:USDT,0.023019,1190.0,0.023018,680.0,0.02302,2110.0,0.023025,640.0
1753591897778,04:51:37.778,bybit,ACH/USDT:USDT,0.023019,1190.0,0.023018,680.0,0.02302,2110.0,0.023025,640.0
1753591897976,04:51:37.976,bybit,ACH/USDT:USDT,0.023019,1190.0,0.023018,680.0,0.02302,2110.0,0.023025,640.0
1753591898076,04:51:38.076,bybit,ACH/USDT:USDT,0.023019,1190.0,0.023018,680.0,0.02302,2110.0,0.023025,640.0
1753591898475,04:51:38.475,bybit,ACH/USDT:USDT,0.023019,1190.0,0.023018,680.0,0.02302,2110.0,0.023025,240.0
1753591899773,04:51:39.773,bybit,ACH/USDT:USDT,0.023019,1190.0,0.023018,680.0,0.02302,2110.0,0.023025,240.0
1753591899874,04:51:39.874,bybit,ACH/USDT:USDT,0.023024,1190.0,0.023019,1910.0,0.023025,240.0,0.023029,1070.0
1753591899973,04:51:39.973,bybit,ACH/USDT:USDT,0.023024,1190.0,0.023021,870.0,0.023025,240.0,0.02303,1330.0
1753591900174,04:51:40.174,bybit,ACH/USDT:USDT,0.023024,1190.0,0.023021,1590.0,0.023025,240.0,0.02303,1330.0
1753591900274,04:51:40.274,bybit,ACH/USDT:USDT,0.023024,1190.0,0.023021,1590.0,0.023025,240.0,0.02303,1330.0
1753591900375,04:51:40.375,bybit,ACH/USDT:USDT,0.023024,1190.0,0.023021,1590.0,0.023025,240.0,0.02303,1330.0
1753591900675,04:51:40.675,bybit,ACH/USDT:USDT,0.023024,1910.0,0.023021,1590.0,0.023025,240.0,0.02303,1330.0
1753591900974,04:51:40.974,bybit,ACH/USDT:USDT,0.023024,1910.0,0.023021,1590.0,0.023025,240.0,0.02303,1330.0
1753591901075,04:51:41.075,bybit,ACH/USDT:USDT,0.023024,1910.0,0.023021,1590.0,0.023025,240.0,0.02303,1330.0
1753591901974,04:51:41.974,bybit,ACH/USDT:USDT,0.023024,1910.0,0.023021,1590.0,0.023025,240.0,0.02303,1330.0
1753591902575,04:51:42.575,bybit,ACH/USDT:USDT,0.023024,1910.0,0.023021,1590.0,0.023025,240.0,0.02303,1330.0
1753591902774,04:51:42.774,bybit,ACH/USDT:USDT,0.023024,1910.0,0.023021,1590.0,0.023025,240.0,0.02303,1330.0
1753591903275,04:51:43.275,bybit,ACH/USDT:USDT,0.023024,1910.0,0.023021,1590.0,0.023025,240.0,0.02303,1330.0
1753591903575,04:51:43.575,bybit,ACH/USDT:USDT,0.023024,1910.0,0.023021,1590.0,0.023025,240.0,0.02303,1330.0
1753591903874,04:51:43.874,bybit,ACH/USDT:USDT,0.023024,1910.0,0.023021,1590.0,0.023025,240.0,0.02303,1330.0
1753591904375,04:51:44.375,bybit,ACH/USDT:USDT,0.023024,2170.0,0.023021,1590.0,0.023025,240.0,0.02303,1330.0
1753591904475,04:51:44.475,bybit,ACH/USDT:USDT,0.023024,2170.0,0.023021,1590.0,0.023025,240.0,0.02303,1330.0
1753591905075,04:51:45.075,bybit,ACH/USDT:USDT,0.023024,2170.0,0.023021,1590.0,0.023025,240.0,0.02303,260.0
1753591905176,04:51:45.176,bybit,ACH/USDT:USDT,0.023024,2170.0,0.023021,1590.0,0.023025,240.0,0.02303,260.0
1753591905274,04:51:45.274,bybit,ACH/USDT:USDT,0.023024,2170.0,0.023021,1590.0,0.023025,240.0,0.02303,260.0
1753591905475,04:51:45.475,bybit,ACH/USDT:USDT,0.023024,2170.0,0.023021,1590.0,0.023025,240.0,0.02303,260.0
1753591905981,04:51:45.981,bybit,ACH/USDT:USDT,0.023024,2170.0,0.023021,1590.0,0.023025,240.0,0.02303,260.0
1753591906074,04:51:46.074,bybit,ACH/USDT:USDT,0.023024,7600.0,0.023021,1590.0,0.023025,240.0,0.02303,260.0
1753591906675,04:51:46.675,bybit,ACH/USDT:USDT,0.023024,7600.0,0.023021,1590.0,0.023025,240.0,0.02303,260.0
1753591906874,04:51:46.874,bybit,ACH/USDT:USDT,0.023024,7600.0,0.023021,1590.0,0.023025,240.0,0.02303,260.0
1753591907575,04:51:47.575,bybit,ACH/USDT:USDT,0.023024,7600.0,0.023021,1590.0,0.023025,240.0,0.02303,260.0
1753591908074,04:51:48.074,bybit,ACH/USDT:USDT,0.023025,1190.0,0.023024,7600.0,0.023035,240.0,0.02304,240.0
1753591908176,04:51:48.176,bybit,ACH/USDT:USDT,0.023031,6620.0,0.02303,570.0,0.023035,240.0,0.02304,240.0
1753591908274,04:51:48.274,bybit,ACH/USDT:USDT,0.023032,6620.0,0.02303,570.0,0.023035,240.0,0.02304,240.0
1753591908376,04:51:48.376,bybit,ACH/USDT:USDT,0.023032,6620.0,0.02303,570.0,0.023035,240.0,0.02304,240.0
1753591908475,04:51:48.475,bybit,ACH/USDT:USDT,0.023032,6620.0,0.02303,570.0,0.023035,240.0,0.02304,240.0
1753591909075,04:51:49.075,bybit,ACH/USDT:USDT,0.023032,6620.0,0.02303,570.0,0.023035,240.0,0.02304,240.0
1753591909175,04:51:49.175,bybit,ACH/USDT:USDT,0.023033,6620.0,0.02303,570.0,0.023035,240.0,0.02304,240.0
1753591909276,04:51:49.276,bybit,ACH/USDT:USDT,0.023033,6620.0,0.02303,570.0,0.023035,240.0,0.02304,240.0
1753591909677,04:51:49.677,bybit,ACH/USDT:USDT,0.023033,6620.0,0.02303,570.0,0.023035,240.0,0.02304,240.0
1753591909975,04:51:49.975,bybit,ACH/USDT:USDT,0.023033,6620.0,0.02303,570.0,0.023035,240.0,0.02304,240.0
1753591910175,04:51:50.175,bybit,ACH/USDT:USDT,0.023033,6620.0,0.02303,570.0,0.023035,240.0,0.02304,240.0
1753591910375,04:51:50.375,bybit,ACH/USDT:USDT,0.023033,6620.0,0.02303,570.0,0.023035,240.0,0.02304,240.0
1753591911673,04:51:51.673,bybit,ACH/USDT:USDT,0.023033,6620.0,0.02303,570.0,0.023035,240.0,0.02304,240.0
1753591911775,04:51:51.775,bybit,ACH/USDT:USDT,0.023033,6620.0,0.02303,570.0,0.023035,240.0,0.02304,240.0
1753591911875,04:51:51.875,bybit,ACH/USDT:USDT,0.023034,1190.0,0.02303,570.0,0.023035,240.0,0.02304,240.0
1753591911976,04:51:51.976,bybit,ACH/USDT:USDT,0.023034,1190.0,0.02303,570.0,0.023035,240.0,0.02304,240.0
1753591912175,04:51:52.175,bybit,ACH/USDT:USDT,0.023034,1190.0,0.02303,570.0,0.023035,240.0,0.02304,240.0
1753591912375,04:51:52.375,bybit,ACH/USDT:USDT,0.023034,1190.0,0.02303,570.0,0.023035,240.0,0.02304,240.0
1753591912575,04:51:52.575,bybit,ACH/USDT:USDT,0.023034,1190.0,0.02303,570.0,0.023035,240.0,0.02304,240.0
1753591912975,04:51:52.975,bybit,ACH/USDT:USDT,0.023034,1190.0,0.02303,570.0,0.023035,240.0,0.02304,240.0
1753591913274,04:51:53.274,bybit,ACH/USDT:USDT,0.023034,1190.0,0.02303,570.0,0.023035,240.0,0.02304,240.0
1753591913575,04:51:53.575,bybit,ACH/USDT:USDT,0.023034,1190.0,0.02303,570.0,0.023035,240.0,0.02304,240.0
1753591914475,04:51:54.475,bybit,ACH/USDT:USDT,0.023034,1190.0,0.02303,570.0,0.023035,240.0,0.02304,240.0
1753591915176,04:51:55.176,bybit,ACH/USDT:USDT,0.023034,1190.0,0.02303,570.0,0.023035,240.0,0.02304,240.0
1753591916473,04:51:56.473,bybit,ACH/USDT:USDT,0.023034,1190.0,0.02303,570.0,0.023035,240.0,0.02304,240.0
1753591916575,04:51:56.575,bybit,ACH/USDT:USDT,0.023034,1190.0,0.02303,570.0,0.023035,240.0,0.02304,240.0
1753591917174,04:51:57.174,bybit,ACH/USDT:USDT,0.023034,1190.0,0.02303,570.0,0.023035,240.0,0.02304,240.0
1753591917275,04:51:57.275,bybit,ACH/USDT:USDT,0.023034,1190.0,0.02303,570.0,0.023035,240.0,0.02304,240.0
1753591918076,04:51:58.076,bybit,ACH/USDT:USDT,0.023034,1190.0,0.02303,570.0,0.023035,240.0,0.02304,240.0
1753591918175,04:51:58.175,bybit,ACH/USDT:USDT,0.023034,1190.0,0.02303,570.0,0.023035,240.0,0.02304,240.0
1753591918274,04:51:58.274,bybit,ACH/USDT:USDT,0.023034,1190.0,0.02303,570.0,0.023035,240.0,0.02304,240.0
1753591918675,04:51:58.675,bybit,ACH/USDT:USDT,0.023034,1190.0,0.02303,570.0,0.023035,240.0,0.02304,240.0
1753591919074,04:51:59.074,bybit,ACH/USDT:USDT,0.023034,1190.0,0.02303,570.0,0.023035,240.0,0.02304,240.0
1753591920074,04:52:00.074,bybit,ACH/USDT:USDT,0.023034,1190.0,0.02303,570.0,0.023035,240.0,0.02304,240.0
1753591920174,04:52:00.174,bybit,ACH/USDT:USDT,0.023034,1190.0,0.02303,570.0,0.023035,240.0,0.02304,240.0
1753591920676,04:52:00.676,bybit,ACH/USDT:USDT,0.023034,1190.0,0.02303,570.0,0.023035,240.0,0.02304,240.0
1753591921075,04:52:01.075,bybit,ACH/USDT:USDT,0.023034,1190.0,0.02303,570.0,0.023035,240.0,0.02304,240.0
1753591921375,04:52:01.375,bybit,ACH/USDT:USDT,0.023034,1420.0,0.02303,570.0,0.023035,240.0,0.02304,240.0
1753591921476,04:52:01.476,bybit,ACH/USDT:USDT,0.023034,1420.0,0.023032,570.0,0.023035,240.0,0.02304,240.0
1753591921575,04:52:01.575,bybit,ACH/USDT:USDT,0.023034,1420.0,0.023032,1440.0,0.023035,240.0,0.02304,240.0
1753591921679,04:52:01.679,bybit,ACH/USDT:USDT,0.023034,1420.0,0.023032,1440.0,0.023035,240.0,0.02304,240.0
1753591921773,04:52:01.773,bybit,ACH/USDT:USDT,0.023034,1420.0,0.023032,1440.0,0.023035,240.0,0.02304,240.0
1753591921976,04:52:01.976,bybit,ACH/USDT:USDT,0.023034,1420.0,0.023032,1440.0,0.023035,240.0,0.02304,240.0
1753591922076,04:52:02.076,bybit,ACH/USDT:USDT,0.023034,2140.0,0.023032,570.0,0.023035,240.0,0.02304,240.0
1753591922175,04:52:02.175,bybit,ACH/USDT:USDT,0.023034,2140.0,0.023032,570.0,0.023035,240.0,0.02304,240.0
1753591922275,04:52:02.275,bybit,ACH/USDT:USDT,0.023034,2140.0,0.023032,570.0,0.023035,240.0,0.02304,240.0
1753591922376,04:52:02.376,bybit,ACH/USDT:USDT,0.023034,2140.0,0.023032,570.0,0.023035,240.0,0.02304,240.0
1753591922473,04:52:02.473,bybit,ACH/USDT:USDT,0.023034,2140.0,0.023032,570.0,0.023035,240.0,0.02304,240.0
1753591922575,04:52:02.575,bybit,ACH/USDT:USDT,0.023034,2140.0,0.023032,570.0,0.023035,240.0,0.02304,240.0
1753591922675,04:52:02.675,bybit,ACH/USDT:USDT,0.023034,2140.0,0.023032,570.0,0.023035,240.0,0.02304,240.0
1753591922774,04:52:02.774,bybit,ACH/USDT:USDT,0.023034,2140.0,0.023032,570.0,0.023035,240.0,0.02304,240.0
1753591922976,04:52:02.976,bybit,ACH/USDT:USDT,0.023034,2140.0,0.023032,570.0,0.023035,240.0,0.02304,240.0
1753591923174,04:52:03.174,bybit,ACH/USDT:USDT,0.023034,2140.0,0.023032,570.0,0.023035,240.0,0.02304,240.0
1753591925075,04:52:05.075,bybit,ACH/USDT:USDT,0.023034,2140.0,0.023032,570.0,0.023035,240.0,0.02304,240.0
1753591925575,04:52:05.575,bybit,ACH/USDT:USDT,0.023034,2140.0,0.023032,570.0,0.023035,240.0,0.02304,240.0
1753591925973,04:52:05.973,bybit,ACH/USDT:USDT,0.023034,2140.0,0.023032,570.0,0.023035,240.0,0.02304,240.0
1753591926075,04:52:06.075,bybit,ACH/USDT:USDT,0.023034,2140.0,0.023032,570.0,0.023035,240.0,0.02304,240.0
1753591926174,04:52:06.174,bybit,ACH/USDT:USDT,0.023034,2140.0,0.023032,570.0,0.023035,240.0,0.02304,240.0
1753591926475,04:52:06.475,bybit,ACH/USDT:USDT,0.023034,2140.0,0.023032,570.0,0.023035,240.0,0.02304,240.0
1753591926574,04:52:06.574,bybit,ACH/USDT:USDT,0.023034,2140.0,0.023032,570.0,0.023035,240.0,0.02304,240.0
1753591926775,04:52:06.775,bybit,ACH/USDT:USDT,0.023034,2140.0,0.023032,570.0,0.023035,240.0,0.02304,240.0
1753591927075,04:52:07.075,bybit,ACH/USDT:USDT,0.023034,2140.0,0.023032,570.0,0.023035,240.0,0.02304,240.0
1753591927175,04:52:07.175,bybit,ACH/USDT:USDT,0.023034,2140.0,0.023032,570.0,0.023035,240.0,0.02304,240.0
1753591927275,04:52:07.275,bybit,ACH/USDT:USDT,0.023034,2140.0,0.023032,570.0,0.023035,240.0,0.02304,240.0
1753591927375,04:52:07.375,bybit,ACH/USDT:USDT,0.023034,2140.0,0.023032,570.0,0.023035,240.0,0.02304,240.0
1753591927873,04:52:07.873,bybit,ACH/USDT:USDT,0.023034,2140.0,0.023032,570.0,0.023035,240.0,0.02304,240.0
1753591929075,04:52:09.075,bybit,ACH/USDT:USDT,0.023034,2140.0,0.023032,570.0,0.023035,240.0,0.02304,240.0
1753591929573,04:52:09.573,bybit,ACH/USDT:USDT,0.023034,2140.0,0.023032,570.0,0.023035,240.0,0.02304,240.0
1753591930975,04:52:10.975,bybit,ACH/USDT:USDT,0.023034,2140.0,0.023032,570.0,0.023035,240.0,0.02304,240.0
1753591931276,04:52:11.276,bybit,ACH/USDT:USDT,0.023034,2140.0,0.023032,570.0,0.023035,240.0,0.02304,240.0
1753591931575,04:52:11.575,bybit,ACH/USDT:USDT,0.023034,2140.0,0.023032,570.0,0.023035,240.0,0.02304,240.0
1753591932075,04:52:12.075,bybit,ACH/USDT:USDT,0.023034,2140.0,0.023032,570.0,0.023035,240.0,0.02304,240.0
1753591932175,04:52:12.175,bybit,ACH/USDT:USDT,0.023034,2140.0,0.023032,570.0,0.023035,240.0,0.02304,240.0
1753591932274,04:52:12.274,bybit,ACH/USDT:USDT,0.023034,2140.0,0.023032,570.0,0.023035,240.0,0.02304,240.0
1753591932474,04:52:12.474,bybit,ACH/USDT:USDT,0.023034,1420.0,0.023032,570.0,0.023035,240.0,0.02304,240.0
1753591932573,04:52:12.573,bybit,ACH/USDT:USDT,0.023034,1420.0,0.023032,570.0,0.023035,240.0,0.02304,240.0
1753591932975,04:52:12.975,bybit,ACH/USDT:USDT,0.023034,1420.0,0.023032,570.0,0.023035,240.0,0.02304,240.0
1753591933375,04:52:13.375,bybit,ACH/USDT:USDT,0.023034,1420.0,0.023032,570.0,0.023035,240.0,0.02304,240.0
1753591933475,04:52:13.475,bybit,ACH/USDT:USDT,0.023034,1420.0,0.023032,570.0,0.023035,240.0,0.02304,240.0
1753591933975,04:52:13.975,bybit,ACH/USDT:USDT,0.023034,3890.0,0.023032,570.0,0.023035,240.0,0.02304,240.0
1753591934775,04:52:14.775,bybit,ACH/USDT:USDT,0.023034,3890.0,0.023032,570.0,0.023035,240.0,0.02304,240.0
1753591934875,04:52:14.875,bybit,ACH/USDT:USDT,0.023034,3890.0,0.023032,570.0,0.023035,240.0,0.02304,240.0
1753591935975,04:52:15.975,bybit,ACH/USDT:USDT,0.023034,3890.0,0.023032,570.0,0.023035,240.0,0.02304,240.0
1753591936373,04:52:16.373,bybit,ACH/USDT:USDT,0.023034,3890.0,0.023032,570.0,0.023035,240.0,0.02304,240.0
1753591936975,04:52:16.975,bybit,ACH/USDT:USDT,0.023034,3890.0,0.023032,570.0,0.023035,240.0,0.02304,240.0
1753591937176,04:52:17.176,bybit,ACH/USDT:USDT,0.023034,3890.0,0.023032,570.0,0.023035,240.0,0.02304,240.0
1753591937774,04:52:17.774,bybit,ACH/USDT:USDT,0.023034,3890.0,0.023032,570.0,0.023035,240.0,0.02304,240.0
1753591937875,04:52:17.875,bybit,ACH/USDT:USDT,0.023034,3890.0,0.023032,570.0,0.023035,240.0,0.02304,240.0
1753591938075,04:52:18.075,bybit,ACH/USDT:USDT,0.023034,3890.0,0.023032,570.0,0.023035,240.0,0.02304,240.0
1753591938175,04:52:18.175,bybit,ACH/USDT:USDT,0.023034,3890.0,0.023032,570.0,0.023035,240.0,0.02304,240.0
1753591938574,04:52:18.574,bybit,ACH/USDT:USDT,0.023034,4610.0,0.023032,570.0,0.023035,240.0,0.02304,240.0
1753591938676,04:52:18.676,bybit,ACH/USDT:USDT,0.023034,4610.0,0.023032,570.0,0.023035,240.0,0.02304,240.0
1753591938774,04:52:18.774,bybit,ACH/USDT:USDT,0.023034,4610.0,0.023032,570.0,0.023035,240.0,0.02304,240.0
1753591939275,04:52:19.275,bybit,ACH/USDT:USDT,0.023039,1910.0,0.023037,570.0,0.02304,240.0,0.023045,240.0
1753591939375,04:52:19.375,bybit,ACH/USDT:USDT,0.023039,1910.0,0.023037,570.0,0.02304,240.0,0.023045,240.0
1753591939475,04:52:19.475,bybit,ACH/USDT:USDT,0.023039,1910.0,0.023037,570.0,0.02304,240.0,0.023045,240.0
1753591939776,04:52:19.776,bybit,ACH/USDT:USDT,0.023039,1910.0,0.023037,570.0,0.02304,240.0,0.023045,240.0
1753591940574,04:52:20.574,bybit,ACH/USDT:USDT,0.023039,1910.0,0.023037,570.0,0.02304,240.0,0.023045,240.0
1753591940874,04:52:20.874,bybit,ACH/USDT:USDT,0.023039,1910.0,0.023037,570.0,0.02304,240.0,0.023045,240.0
1753591941175,04:52:21.175,bybit,ACH/USDT:USDT,0.023039,1910.0,0.023037,570.0,0.02304,240.0,0.023045,240.0
1753591941679,04:52:21.679,bybit,ACH/USDT:USDT,0.023039,1910.0,0.023037,570.0,0.02304,240.0,0.023045,240.0
1753591943475,04:52:23.475,bybit,ACH/USDT:USDT,0.023039,1910.0,0.023037,570.0,0.02304,240.0,0.023045,240.0
1753591943575,04:52:23.575,bybit,ACH/USDT:USDT,0.023044,1190.0,0.023039,720.0,0.023045,240.0,0.023049,570.0
1753591943682,04:52:23.682,bybit,ACH/USDT:USDT,0.023044,1190.0,0.023039,720.0,0.023045,240.0,0.02305,1310.0
1753591944276,04:52:24.276,bybit,ACH/USDT:USDT,0.023044,1190.0,0.023039,720.0,0.023045,240.0,0.02305,1310.0
1753591944375,04:52:24.375,bybit,ACH/USDT:USDT,0.023044,1190.0,0.023039,720.0,0.023045,240.0,0.02305,1310.0
1753591944573,04:52:24.573,bybit,ACH/USDT:USDT,0.023044,1190.0,0.023039,720.0,0.023045,240.0,0.02305,1310.0
1753591944676,04:52:24.676,bybit,ACH/USDT:USDT,0.023044,1190.0,0.023039,720.0,0.023045,240.0,0.02305,1310.0
1753591944775,04:52:24.775,bybit,ACH/USDT:USDT,0.023044,1190.0,0.023039,720.0,0.023045,240.0,0.02305,1310.0
1753591945376,04:52:25.376,bybit,ACH/USDT:USDT,0.023044,1190.0,0.023039,720.0,0.023045,240.0,0.02305,1310.0
1753591945573,04:52:25.573,bybit,ACH/USDT:USDT,0.023044,1190.0,0.023039,720.0,0.023045,240.0,0.02305,1310.0
1753591945773,04:52:25.773,bybit,ACH/USDT:USDT,0.023044,1190.0,0.023039,720.0,0.023045,240.0,0.02305,1310.0
1753591945975,04:52:25.975,bybit,ACH/USDT:USDT,0.023044,1190.0,0.023039,720.0,0.023045,240.0,0.02305,1310.0
1753591946073,04:52:26.073,bybit,ACH/USDT:USDT,0.023044,1190.0,0.023039,720.0,0.023045,240.0,0.02305,1310.0
1753591946475,04:52:26.475,bybit,ACH/USDT:USDT,0.023044,1190.0,0.023039,720.0,0.023045,240.0,0.02305,1310.0
1753591946574,04:52:26.574,bybit,ACH/USDT:USDT,0.023044,1190.0,0.023039,720.0,0.023045,240.0,0.02305,1310.0
1753591946676,04:52:26.676,bybit,ACH/USDT:USDT,0.023044,1190.0,0.023042,570.0,0.023045,240.0,0.02305,1310.0
1753591946774,04:52:26.774,bybit,ACH/USDT:USDT,0.023044,1190.0,0.023042,570.0,0.023045,240.0,0.02305,1310.0
1753591946874,04:52:26.874,bybit,ACH/USDT:USDT,0.023044,1190.0,0.023042,570.0,0.023045,240.0,0.02305,1310.0
1753591947275,04:52:27.275,bybit,ACH/USDT:USDT,0.023044,1190.0,0.023042,570.0,0.023045,240.0,0.02305,1310.0
1753591947375,04:52:27.375,bybit,ACH/USDT:USDT,0.023044,1190.0,0.023042,570.0,0.023045,240.0,0.02305,1310.0
1753591948174,04:52:28.174,bybit,ACH/USDT:USDT,0.023044,1190.0,0.023042,570.0,0.023045,240.0,0.02305,1310.0
1753591948274,04:52:28.274,bybit,ACH/USDT:USDT,0.023044,1190.0,0.023042,570.0,0.023045,240.0,0.02305,1310.0
1753591948374,04:52:28.374,bybit,ACH/USDT:USDT,0.023044,1190.0,0.023042,570.0,0.023045,240.0,0.02305,1310.0
1753591948474,04:52:28.474,bybit,ACH/USDT:USDT,0.023044,1190.0,0.023042,570.0,0.023045,240.0,0.02305,1310.0
1753591949175,04:52:29.175,bybit,ACH/USDT:USDT,0.023044,1190.0,0.023042,570.0,0.023045,240.0,0.02305,1310.0
1753591949275,04:52:29.275,bybit,ACH/USDT:USDT,0.023044,1190.0,0.023042,570.0,0.023045,240.0,0.02305,1310.0
1753591949375,04:52:29.375,bybit,ACH/USDT:USDT,0.023044,1190.0,0.023042,570.0,0.023045,240.0,0.02305,1310.0
1753591949475,04:52:29.475,bybit,ACH/USDT:USDT,0.023044,1190.0,0.023042,570.0,0.023045,240.0,0.02305,1310.0
1753591949974,04:52:29.974,bybit,ACH/USDT:USDT,0.023044,1190.0,0.023042,570.0,0.023045,240.0,0.02305,1770.0
1753591950076,04:52:30.076,bybit,ACH/USDT:USDT,0.023044,1190.0,0.023039,720.0,0.023045,240.0,0.02305,1770.0
1753591950274,04:52:30.274,bybit,ACH/USDT:USDT,0.023044,1190.0,0.023039,720.0,0.023045,240.0,0.02305,1310.0
1753591950381,04:52:30.381,bybit,ACH/USDT:USDT,0.023044,1190.0,0.023039,720.0,0.023045,240.0,0.02305,1310.0
1753591950773,04:52:30.773,bybit,ACH/USDT:USDT,0.023044,1190.0,0.023039,720.0,0.023045,240.0,0.02305,1310.0
1753591950875,04:52:30.875,bybit,ACH/USDT:USDT,0.023044,1190.0,0.023039,720.0,0.023045,240.0,0.02305,1310.0
1753591951075,04:52:31.075,bybit,ACH/USDT:USDT,0.023044,1190.0,0.023039,720.0,0.023045,240.0,0.02305,1310.0
1753591951180,04:52:31.180,bybit,ACH/USDT:USDT,0.023044,1190.0,0.023039,720.0,0.023045,240.0,0.02305,1310.0
1753591951276,04:52:31.276,bybit,ACH/USDT:USDT,0.023044,1190.0,0.023039,720.0,0.023045,240.0,0.02305,1310.0
1753591951375,04:52:31.375,bybit,ACH/USDT:USDT,0.023044,1190.0,0.023039,720.0,0.023045,240.0,0.02305,1310.0
1753591951474,04:52:31.474,bybit,ACH/USDT:USDT,0.023044,1190.0,0.023039,720.0,0.023045,240.0,0.02305,1310.0
1753591951682,04:52:31.682,bybit,ACH/USDT:USDT,0.023044,3670.0,0.023039,720.0,0.023045,240.0,0.02305,1310.0
1753591952176,04:52:32.176,bybit,ACH/USDT:USDT,0.023044,3670.0,0.023039,720.0,0.023045,240.0,0.02305,1310.0
1753591952274,04:52:32.274,bybit,ACH/USDT:USDT,0.023044,3670.0,0.023039,720.0,0.023045,240.0,0.02305,1310.0
1753591952374,04:52:32.374,bybit,ACH/USDT:USDT,0.023044,3670.0,0.023039,720.0,0.023045,240.0,0.02305,1310.0
1753591952476,04:52:32.476,bybit,ACH/USDT:USDT,0.023044,3670.0,0.023042,570.0,0.023045,240.0,0.02305,1310.0
1753591952975,04:52:32.975,bybit,ACH/USDT:USDT,0.023044,3670.0,0.023042,570.0,0.023045,240.0,0.02305,1310.0
1753591953274,04:52:33.274,bybit,ACH/USDT:USDT,0.023044,3670.0,0.023042,570.0,0.023045,240.0,0.02305,1310.0
1753591953574,04:52:33.574,bybit,ACH/USDT:USDT,0.023044,3670.0,0.023042,570.0,0.023045,240.0,0.02305,1310.0
1753591954273,04:52:34.273,bybit,ACH/USDT:USDT,0.023044,3670.0,0.023042,570.0,0.023045,240.0,0.02305,1310.0
1753591954974,04:52:34.974,bybit,ACH/USDT:USDT,0.023044,3670.0,0.023042,570.0,0.023045,240.0,0.02305,1310.0
1753591955574,04:52:35.574,bybit,ACH/USDT:USDT,0.023044,3670.0,0.023042,570.0,0.023045,240.0,0.02305,1310.0
1753591955874,04:52:35.874,bybit,ACH/USDT:USDT,0.023044,3670.0,0.023042,570.0,0.023045,240.0,0.02305,1310.0
1753591956275,04:52:36.275,bybit,ACH/USDT:USDT,0.023044,3670.0,0.023042,570.0,0.023045,240.0,0.02305,1310.0
1753591956375,04:52:36.375,bybit,ACH/USDT:USDT,0.023044,3670.0,0.023042,570.0,0.023045,240.0,0.02305,1310.0
1753591956575,04:52:36.575,bybit,ACH/USDT:USDT,0.023044,3670.0,0.023042,570.0,0.023045,240.0,0.02305,1310.0
1753591956775,04:52:36.775,bybit,ACH/USDT:USDT,0.023044,3670.0,0.023042,570.0,0.023045,240.0,0.02305,1310.0
1753591956874,04:52:36.874,bybit,ACH/USDT:USDT,0.023044,3670.0,0.023042,570.0,0.023045,240.0,0.02305,1310.0
1753591957175,04:52:37.175,bybit,ACH/USDT:USDT,0.023044,3670.0,0.023042,570.0,0.023045,240.0,0.02305,1310.0
1753591957374,04:52:37.374,bybit,ACH/USDT:USDT,0.023044,3670.0,0.023042,570.0,0.023045,240.0,0.02305,1310.0
1753591957574,04:52:37.574,bybit,ACH/USDT:USDT,0.023044,3670.0,0.023042,570.0,0.023045,240.0,0.02305,1310.0
1753591957975,04:52:37.975,bybit,ACH/USDT:USDT,0.023044,3670.0,0.023042,570.0,0.023045,240.0,0.02305,1310.0
1753591958074,04:52:38.074,bybit,ACH/USDT:USDT,0.023044,3670.0,0.023042,570.0,0.023045,240.0,0.02305,1310.0
1753591958176,04:52:38.176,bybit,ACH/USDT:USDT,0.023044,3670.0,0.023042,570.0,0.023045,240.0,0.02305,1310.0
1753591958275,04:52:38.275,bybit,ACH/USDT:USDT,0.023044,3670.0,0.023042,570.0,0.023045,240.0,0.02305,1310.0
1753591958376,04:52:38.376,bybit,ACH/USDT:USDT,0.023044,3670.0,0.023042,570.0,0.023045,240.0,0.02305,1310.0
1753591958573,04:52:38.573,bybit,ACH/USDT:USDT,0.023044,3670.0,0.023042,570.0,0.023045,240.0,0.02305,1310.0
1753591958676,04:52:38.676,bybit,ACH/USDT:USDT,0.023044,3670.0,0.023042,570.0,0.023045,240.0,0.02305,1310.0
1753591959075,04:52:39.075,bybit,ACH/USDT:USDT,0.023044,4390.0,0.023042,570.0,0.023045,240.0,0.02305,240.0
1753591959175,04:52:39.175,bybit,ACH/USDT:USDT,0.023044,4390.0,0.023042,570.0,0.023045,240.0,0.02305,240.0
1753591959473,04:52:39.473,bybit,ACH/USDT:USDT,0.023044,4390.0,0.023042,570.0,0.023045,240.0,0.02305,240.0
1753591959678,04:52:39.678,bybit,ACH/USDT:USDT,0.023044,6560.0,0.023042,570.0,0.023045,240.0,0.02305,240.0
1753591959776,04:52:39.776,bybit,ACH/USDT:USDT,0.023049,2060.0,0.023047,1440.0,0.02305,240.0,0.023052,10.0
1753591959874,04:52:39.874,bybit,ACH/USDT:USDT,0.023049,2060.0,0.023047,1440.0,0.02305,240.0,0.023052,10.0
1753591959975,04:52:39.975,bybit,ACH/USDT:USDT,0.023049,2060.0,0.023047,1440.0,0.02305,240.0,0.023052,10.0
1753591960374,04:52:40.374,bybit,ACH/USDT:USDT,0.023049,2060.0,0.023047,1440.0,0.02305,240.0,0.023052,10.0
1753591960673,04:52:40.673,bybit,ACH/USDT:USDT,0.023049,2060.0,0.023047,1440.0,0.02305,240.0,0.023052,10.0
1753591960875,04:52:40.875,bybit,ACH/USDT:USDT,0.023049,2060.0,0.023047,1440.0,0.02305,240.0,0.023052,10.0
1753591960975,04:52:40.975,bybit,ACH/USDT:USDT,0.023049,2060.0,0.023047,1440.0,0.02305,240.0,0.023052,10.0
1753591961074,04:52:41.074,bybit,ACH/USDT:USDT,0.023049,1190.0,0.023047,570.0,0.02305,240.0,0.023052,10.0
1753591961175,04:52:41.175,bybit,ACH/USDT:USDT,0.023049,1190.0,0.023047,570.0,0.02305,240.0,0.023052,10.0
1753591961275,04:52:41.275,bybit,ACH/USDT:USDT,0.023049,1190.0,0.023047,570.0,0.02305,240.0,0.023052,10.0
1753591961374,04:52:41.374,bybit,ACH/USDT:USDT,0.023049,1190.0,0.023047,570.0,0.02305,240.0,0.023052,10.0
1753591961575,04:52:41.575,bybit,ACH/USDT:USDT,0.023049,1190.0,0.023044,2480.0,0.02305,240.0,0.023052,10.0
1753591961674,04:52:41.674,bybit,ACH/USDT:USDT,0.023049,1190.0,0.023044,2480.0,0.02305,240.0,0.023052,10.0
1753591961775,04:52:41.775,bybit,ACH/USDT:USDT,0.023049,1190.0,0.023044,2480.0,0.02305,240.0,0.023052,10.0
1753591961875,04:52:41.875,bybit,ACH/USDT:USDT,0.023049,1190.0,0.023044,2480.0,0.02305,240.0,0.023052,10.0
1753591961975,04:52:41.975,bybit,ACH/USDT:USDT,0.023049,1190.0,0.023044,2480.0,0.02305,240.0,0.023052,10.0
1753591962075,04:52:42.075,bybit,ACH/USDT:USDT,0.023049,1190.0,0.023044,2480.0,0.02305,240.0,0.023052,10.0
1753591962573,04:52:42.573,bybit,ACH/USDT:USDT,0.023049,1190.0,0.023045,720.0,0.02305,240.0,0.023052,10.0
1753591962774,04:52:42.774,bybit,ACH/USDT:USDT,0.023049,1190.0,0.023045,720.0,0.02305,340.0,0.023052,10.0
1753591963176,04:52:43.176,bybit,ACH/USDT:USDT,0.023049,1190.0,0.023045,720.0,0.02305,340.0,0.023052,10.0
1753591963375,04:52:43.375,bybit,ACH/USDT:USDT,0.023049,1190.0,0.023045,720.0,0.02305,340.0,0.023052,10.0
1753591963475,04:52:43.475,bybit,ACH/USDT:USDT,0.023049,1190.0,0.023045,720.0,0.02305,340.0,0.023052,10.0
1753591963677,04:52:43.677,bybit,ACH/USDT:USDT,0.023049,1190.0,0.023047,570.0,0.02305,340.0,0.023052,10.0
1753591963976,04:52:43.976,bybit,ACH/USDT:USDT,0.023049,1190.0,0.023047,570.0,0.02305,340.0,0.023052,10.0
1753591964074,04:52:44.074,bybit,ACH/USDT:USDT,0.023049,1190.0,0.023047,570.0,0.02305,340.0,0.023052,10.0
1753591964175,04:52:44.175,bybit,ACH/USDT:USDT,0.023049,1190.0,0.023047,570.0,0.02305,340.0,0.023052,10.0
1753591964475,04:52:44.475,bybit,ACH/USDT:USDT,0.023049,1190.0,0.023047,570.0,0.02305,340.0,0.023052,10.0
1753591964674,04:52:44.674,bybit,ACH/USDT:USDT,0.023049,1190.0,0.023047,570.0,0.02305,340.0,0.023052,10.0
1753591964875,04:52:44.875,bybit,ACH/USDT:USDT,0.023049,1190.0,0.023047,570.0,0.02305,340.0,0.023052,10.0
1753591965175,04:52:45.175,bybit,ACH/USDT:USDT,0.023049,1190.0,0.023047,570.0,0.02305,340.0,0.023052,10.0
1753591965375,04:52:45.375,bybit,ACH/USDT:USDT,0.023049,1190.0,0.023047,570.0,0.02305,340.0,0.023052,10.0
1753591965688,04:52:45.688,bybit,ACH/USDT:USDT,0.023049,1190.0,0.023047,570.0,0.02305,340.0,0.023052,10.0
1753591965874,04:52:45.874,bybit,ACH/USDT:USDT,0.023049,1190.0,0.023047,570.0,0.02305,340.0,0.023052,10.0
1753591966174,04:52:46.174,bybit,ACH/USDT:USDT,0.023049,1190.0,0.023047,570.0,0.02305,340.0,0.023052,10.0
1753591966677,04:52:46.677,bybit,ACH/USDT:USDT,0.023049,6620.0,0.023047,570.0,0.02305,340.0,0.023052,10.0
1753591967875,04:52:47.875,bybit,ACH/USDT:USDT,0.023049,6620.0,0.023047,570.0,0.02305,340.0,0.023052,10.0
1753591967975,04:52:47.975,bybit,ACH/USDT:USDT,0.023049,6620.0,0.023047,570.0,0.02305,340.0,0.023052,10.0
1753591968075,04:52:48.075,bybit,ACH/USDT:USDT,0.023049,6620.0,0.023047,570.0,0.02305,340.0,0.023052,10.0
1753591968375,04:52:48.375,bybit,ACH/USDT:USDT,0.023049,6620.0,0.023047,570.0,0.02305,340.0,0.023052,10.0
1753591968475,04:52:48.475,bybit,ACH/USDT:USDT,0.023049,6620.0,0.023047,570.0,0.02305,340.0,0.023052,10.0
1753591968875,04:52:48.875,bybit,ACH/USDT:USDT,0.023049,6620.0,0.023047,570.0,0.02305,340.0,0.023052,10.0
1753591969974,04:52:49.974,bybit,ACH/USDT:USDT,0.023049,6620.0,0.023047,570.0,0.02305,340.0,0.023052,10.0
1753591970674,04:52:50.674,bybit,ACH/USDT:USDT,0.023049,6620.0,0.023047,570.0,0.02305,340.0,0.023052,10.0
1753591970875,04:52:50.875,bybit,ACH/USDT:USDT,0.023049,8870.0,0.023047,570.0,0.02305,340.0,0.023052,10.0
1753591970974,04:52:50.974,bybit,ACH/USDT:USDT,0.023049,8870.0,0.023047,570.0,0.02305,340.0,0.023052,10.0
1753591971475,04:52:51.475,bybit,ACH/USDT:USDT,0.023049,8870.0,0.023047,570.0,0.02305,340.0,0.023052,10.0
1753591971574,04:52:51.574,bybit,ACH/USDT:USDT,0.023049,8870.0,0.023047,570.0,0.02305,340.0,0.023052,10.0
1753591971773,04:52:51.773,bybit,ACH/USDT:USDT,0.023049,8870.0,0.023047,570.0,0.02305,340.0,0.023052,10.0
1753591973177,04:52:53.177,bybit,ACH/USDT:USDT,0.023054,2780.0,0.023052,1440.0,0.023055,240.0,0.02306,1310.0
1753591973274,04:52:53.274,bybit,ACH/USDT:USDT,0.023054,2780.0,0.023052,1440.0,0.023055,240.0,0.02306,1310.0
1753591973374,04:52:53.374,bybit,ACH/USDT:USDT,0.023054,2780.0,0.023052,1440.0,0.023055,240.0,0.02306,1310.0
1753591973677,04:52:53.677,bybit,ACH/USDT:USDT,0.023054,2780.0,0.023052,1440.0,0.023055,240.0,0.02306,1310.0
1753591973775,04:52:53.775,bybit,ACH/USDT:USDT,0.023054,2780.0,0.023052,1440.0,0.023055,240.0,0.02306,1310.0
1753591973975,04:52:53.975,bybit,ACH/USDT:USDT,0.023054,2780.0,0.023052,1440.0,0.023055,240.0,0.02306,1310.0
1753591974073,04:52:54.073,bybit,ACH/USDT:USDT,0.023054,2780.0,0.023052,1440.0,0.023055,240.0,0.02306,1310.0
1753591974173,04:52:54.173,bybit,ACH/USDT:USDT,0.023054,2780.0,0.023052,1440.0,0.023055,240.0,0.02306,1310.0
1753591974275,04:52:54.275,bybit,ACH/USDT:USDT,0.023054,4950.0,0.023052,1440.0,0.023055,240.0,0.02306,1310.0
1753591974774,04:52:54.774,bybit,ACH/USDT:USDT,0.023054,4950.0,0.023052,1440.0,0.023055,240.0,0.02306,1310.0
1753591975573,04:52:55.573,bybit,ACH/USDT:USDT,0.023054,1910.0,0.023052,570.0,0.023055,240.0,0.02306,1310.0
1753591975677,04:52:55.677,bybit,ACH/USDT:USDT,0.023054,1910.0,0.023052,570.0,0.023055,240.0,0.02306,1310.0
1753591976176,04:52:56.176,bybit,ACH/USDT:USDT,0.023054,1910.0,0.023052,570.0,0.023055,240.0,0.02306,1310.0
1753591976473,04:52:56.473,bybit,ACH/USDT:USDT,0.023054,1910.0,0.023052,570.0,0.023055,240.0,0.02306,1310.0
1753591976674,04:52:56.674,bybit,ACH/USDT:USDT,0.023054,4080.0,0.023052,570.0,0.023055,240.0,0.02306,1310.0
1753591977073,04:52:57.073,bybit,ACH/USDT:USDT,0.023054,4080.0,0.023052,570.0,0.023055,240.0,0.02306,1310.0
1753591977574,04:52:57.574,bybit,ACH/USDT:USDT,0.023054,4080.0,0.023052,570.0,0.023055,240.0,0.02306,1310.0
1753591977676,04:52:57.676,bybit,ACH/USDT:USDT,0.023054,4080.0,0.023052,570.0,0.023055,240.0,0.02306,1310.0
1753591978175,04:52:58.175,bybit,ACH/USDT:USDT,0.023054,4080.0,0.023052,570.0,0.023055,240.0,0.02306,1310.0
1753591978375,04:52:58.375,bybit,ACH/USDT:USDT,0.023054,4080.0,0.023052,570.0,0.023055,240.0,0.02306,1310.0
1753591978475,04:52:58.475,bybit,ACH/USDT:USDT,0.023054,4080.0,0.023052,570.0,0.023055,240.0,0.02306,1310.0
1753591979173,04:52:59.173,bybit,ACH/USDT:USDT,0.023054,4080.0,0.023052,570.0,0.023055,240.0,0.02306,1310.0
1753591979375,04:52:59.375,bybit,ACH/USDT:USDT,0.023054,4080.0,0.023052,570.0,0.023055,240.0,0.02306,1310.0
1753591979475,04:52:59.475,bybit,ACH/USDT:USDT,0.023054,4080.0,0.023052,570.0,0.023055,240.0,0.02306,1310.0
1753591979574,04:52:59.574,bybit,ACH/USDT:USDT,0.023054,4080.0,0.023052,570.0,0.023055,240.0,0.02306,1310.0
1753591979677,04:52:59.677,bybit,ACH/USDT:USDT,0.023054,4080.0,0.023052,570.0,0.023055,240.0,0.02306,1310.0
1753591979974,04:52:59.974,bybit,ACH/USDT:USDT,0.023054,4080.0,0.023052,570.0,0.023055,240.0,0.02306,1310.0
1753591980276,04:53:00.276,bybit,ACH/USDT:USDT,0.023054,4080.0,0.023052,570.0,0.023055,240.0,0.02306,1310.0
1753591980975,04:53:00.975,bybit,ACH/USDT:USDT,0.023054,4080.0,0.023052,570.0,0.023055,240.0,0.02306,1310.0
1753591981074,04:53:01.074,bybit,ACH/USDT:USDT,0.023054,4080.0,0.023052,570.0,0.023055,240.0,0.02306,1310.0
1753591981175,04:53:01.175,bybit,ACH/USDT:USDT,0.023054,9510.0,0.023052,570.0,0.023055,240.0,0.02306,1310.0
1753591981976,04:53:01.976,bybit,ACH/USDT:USDT,0.023054,9510.0,0.023052,570.0,0.023055,240.0,0.02306,1310.0
1753591982676,04:53:02.676,bybit,ACH/USDT:USDT,0.023054,9510.0,0.023052,570.0,0.023055,240.0,0.02306,1310.0
1753591983373,04:53:03.373,bybit,ACH/USDT:USDT,0.023054,9510.0,0.023052,570.0,0.023055,240.0,0.02306,1310.0
1753591983575,04:53:03.575,bybit,ACH/USDT:USDT,0.023054,9510.0,0.023052,570.0,0.023055,240.0,0.02306,1310.0
1753591983775,04:53:03.775,bybit,ACH/USDT:USDT,0.023054,12150.0,0.023052,570.0,0.023055,240.0,0.02306,1310.0
1753591983975,04:53:03.975,bybit,ACH/USDT:USDT,0.023054,12150.0,0.023052,570.0,0.023055,240.0,0.02306,1310.0
1753591984375,04:53:04.375,bybit,ACH/USDT:USDT,0.023054,12150.0,0.023052,570.0,0.023055,240.0,0.02306,1310.0
1753591984975,04:53:04.975,bybit,ACH/USDT:USDT,0.023054,12150.0,0.023052,570.0,0.023055,240.0,0.02306,1310.0
1753591985074,04:53:05.074,bybit,ACH/USDT:USDT,0.023054,12150.0,0.023052,570.0,0.023055,240.0,0.02306,1310.0
1753591985176,04:53:05.176,bybit,ACH/USDT:USDT,0.023054,12410.0,0.023052,570.0,0.023055,240.0,0.02306,1310.0
1753591985573,04:53:05.573,bybit,ACH/USDT:USDT,0.023054,12410.0,0.02305,1440.0,0.023055,240.0,0.02306,1310.0
1753591985875,04:53:05.875,bybit,ACH/USDT:USDT,0.023054,1450.0,0.023048,790.0,0.023055,240.0,0.02306,1310.0
1753591985975,04:53:05.975,bybit,ACH/USDT:USDT,0.023054,1450.0,0.023048,790.0,0.023055,240.0,0.02306,1310.0
1753591986173,04:53:06.173,bybit,ACH/USDT:USDT,0.023054,1450.0,0.023048,790.0,0.023055,240.0,0.02306,1310.0
1753591986474,04:53:06.474,bybit,ACH/USDT:USDT,0.023054,1450.0,0.023048,790.0,0.023055,240.0,0.02306,1310.0
1753591987677,04:53:07.677,bybit,ACH/USDT:USDT,0.023054,1450.0,0.023048,790.0,0.023055,240.0,0.02306,1310.0
1753591987874,04:53:07.874,bybit,ACH/USDT:USDT,0.023054,1450.0,0.02305,570.0,0.023055,240.0,0.02306,1310.0
1753591988174,04:53:08.174,bybit,ACH/USDT:USDT,0.023054,1450.0,0.02305,570.0,0.023055,240.0,0.02306,1310.0
1753591989176,04:53:09.176,bybit,ACH/USDT:USDT,0.023054,1450.0,0.02305,570.0,0.023055,240.0,0.02306,1310.0
1753591989274,04:53:09.274,bybit,ACH/USDT:USDT,0.023054,1450.0,0.02305,570.0,0.023055,240.0,0.02306,1310.0
1753591989374,04:53:09.374,bybit,ACH/USDT:USDT,0.023054,1450.0,0.02305,570.0,0.023055,240.0,0.02306,1310.0
1753591989974,04:53:09.974,bybit,ACH/USDT:USDT,0.023054,1450.0,0.02305,570.0,0.023055,240.0,0.02306,1310.0
1753591990076,04:53:10.076,bybit,ACH/USDT:USDT,0.023054,1450.0,0.02305,570.0,0.023055,240.0,0.02306,1310.0
1753591991176,04:53:11.176,bybit,ACH/USDT:USDT,0.023054,1450.0,0.02305,570.0,0.023055,240.0,0.02306,1310.0
1753591991274,04:53:11.274,bybit,ACH/USDT:USDT,0.023054,1450.0,0.02305,570.0,0.023055,240.0,0.02306,1310.0
1753591991375,04:53:11.375,bybit,ACH/USDT:USDT,0.023054,1450.0,0.023052,570.0,0.023055,240.0,0.02306,1310.0
1753591991574,04:53:11.574,bybit,ACH/USDT:USDT,0.023054,1450.0,0.023052,570.0,0.023055,240.0,0.02306,1310.0
1753591991975,04:53:11.975,bybit,ACH/USDT:USDT,0.023054,1450.0,0.023052,570.0,0.023055,240.0,0.02306,1310.0
1753591992275,04:53:12.275,bybit,ACH/USDT:USDT,0.023054,1450.0,0.023052,570.0,0.023055,240.0,0.02306,1310.0
1753591992474,04:53:12.474,bybit,ACH/USDT:USDT,0.023054,1450.0,0.023052,570.0,0.023055,240.0,0.02306,1310.0
1753591992677,04:53:12.677,bybit,ACH/USDT:USDT,0.023054,1450.0,0.023052,570.0,0.023055,240.0,0.02306,1310.0
1753591992775,04:53:12.775,bybit,ACH/USDT:USDT,0.023054,1450.0,0.023052,570.0,0.023055,240.0,0.02306,1770.0
1753591992875,04:53:12.875,bybit,ACH/USDT:USDT,0.023054,1450.0,0.023052,570.0,0.023055,240.0,0.02306,1310.0
1753591993074,04:53:13.074,bybit,ACH/USDT:USDT,0.023054,1450.0,0.023052,570.0,0.023055,240.0,0.02306,1310.0
1753591993275,04:53:13.275,bybit,ACH/USDT:USDT,0.023054,1450.0,0.023052,570.0,0.023055,240.0,0.02306,1310.0
1753591993574,04:53:13.574,bybit,ACH/USDT:USDT,0.023054,1450.0,0.023052,570.0,0.023055,240.0,0.02306,1310.0
1753591993875,04:53:13.875,bybit,ACH/USDT:USDT,0.023054,1450.0,0.023052,570.0,0.023055,240.0,0.02306,1310.0
1753591993973,04:53:13.973,bybit,ACH/USDT:USDT,0.023054,1450.0,0.023052,570.0,0.023055,240.0,0.02306,1310.0
1753591994176,04:53:14.176,bybit,ACH/USDT:USDT,0.023054,1450.0,0.023052,570.0,0.023055,240.0,0.02306,1310.0
1753591994874,04:53:14.874,bybit,ACH/USDT:USDT,0.023054,1450.0,0.023052,570.0,0.023055,240.0,0.02306,1310.0
1753591995276,04:53:15.276,bybit,ACH/USDT:USDT,0.023054,1450.0,0.023052,570.0,0.023055,240.0,0.02306,1310.0
1753591995680,04:53:15.680,bybit,ACH/USDT:USDT,0.023054,1450.0,0.023052,570.0,0.023055,240.0,0.02306,1310.0
1753591996074,04:53:16.074,bybit,ACH/USDT:USDT,0.023054,1450.0,0.023052,570.0,0.023055,240.0,0.02306,1310.0
1753591996176,04:53:16.176,bybit,ACH/USDT:USDT,0.023054,1450.0,0.023052,570.0,0.023055,240.0,0.02306,1310.0
1753591996676,04:53:16.676,bybit,ACH/USDT:USDT,0.023054,1450.0,0.023052,570.0,0.023055,240.0,0.02306,1310.0
1753591998375,04:53:18.375,bybit,ACH/USDT:USDT,0.023054,1450.0,0.023052,570.0,0.023055,240.0,0.02306,1310.0
1753591998474,04:53:18.474,bybit,ACH/USDT:USDT,0.023054,1450.0,0.023052,570.0,0.023055,240.0,0.02306,1310.0
1753591998575,04:53:18.575,bybit,ACH/USDT:USDT,0.023054,1450.0,0.023052,570.0,0.023055,240.0,0.02306,1310.0
1753591998676,04:53:18.676,bybit,ACH/USDT:USDT,0.023054,1450.0,0.023052,570.0,0.023055,240.0,0.02306,1310.0
1753591998774,04:53:18.774,bybit,ACH/USDT:USDT,0.023054,1550.0,0.023052,570.0,0.023055,240.0,0.02306,1310.0
1753591999575,04:53:19.575,bybit,ACH/USDT:USDT,0.023054,1550.0,0.023052,570.0,0.023055,240.0,0.02306,1310.0
1753591999674,04:53:19.674,bybit,ACH/USDT:USDT,0.023054,1550.0,0.023052,570.0,0.023055,240.0,0.02306,1310.0
1753591999875,04:53:19.875,bybit,ACH/USDT:USDT,0.023054,1550.0,0.023052,570.0,0.023055,240.0,0.02306,1310.0
1753592001074,04:53:21.074,bybit,ACH/USDT:USDT,0.023054,1550.0,0.023052,570.0,0.023055,240.0,0.02306,1310.0
1753592001677,04:53:21.677,bybit,ACH/USDT:USDT,0.023054,1550.0,0.023052,570.0,0.023055,240.0,0.02306,1310.0
1753592002275,04:53:22.275,bybit,ACH/USDT:USDT,0.023054,1550.0,0.023052,570.0,0.023055,240.0,0.02306,1310.0
1753592002873,04:53:22.873,bybit,ACH/USDT:USDT,0.023054,1550.0,0.023052,570.0,0.023055,240.0,0.02306,1310.0
1753592003275,04:53:23.275,bybit,ACH/USDT:USDT,0.023054,1550.0,0.023052,570.0,0.023055,240.0,0.02306,1310.0
1753592003477,04:53:23.477,bybit,ACH/USDT:USDT,0.023054,1550.0,0.023052,570.0,0.023055,240.0,0.02306,1310.0
1753592003574,04:53:23.574,bybit,ACH/USDT:USDT,0.023054,1550.0,0.023052,570.0,0.023055,240.0,0.02306,1310.0
1753592003677,04:53:23.677,bybit,ACH/USDT:USDT,0.023054,1550.0,0.023052,570.0,0.023055,240.0,0.02306,1310.0
1753592004082,04:53:24.082,bybit,ACH/USDT:USDT,0.023054,1550.0,0.023052,570.0,0.023055,240.0,0.02306,1310.0
1753592004574,04:53:24.574,bybit,ACH/USDT:USDT,0.023054,1550.0,0.023052,570.0,0.023055,240.0,0.02306,1310.0
1753592004674,04:53:24.674,bybit,ACH/USDT:USDT,0.023054,1550.0,0.023052,570.0,0.023055,240.0,0.02306,1310.0
1753592004774,04:53:24.774,bybit,ACH/USDT:USDT,0.023054,2270.0,0.023052,570.0,0.023055,240.0,0.02306,240.0
1753592004875,04:53:24.875,bybit,ACH/USDT:USDT,0.023054,2270.0,0.023052,570.0,0.023055,240.0,0.02306,240.0
1753592005475,04:53:25.475,bybit,ACH/USDT:USDT,0.023054,2270.0,0.023052,570.0,0.023055,240.0,0.02306,240.0
1753592005575,04:53:25.575,bybit,ACH/USDT:USDT,0.023054,360.0,0.02305,570.0,0.023055,3450.0,0.023057,460.0
1753592005679,04:53:25.679,bybit,ACH/USDT:USDT,0.023054,1430.0,0.023048,790.0,0.023055,3450.0,0.02306,960.0
1753592005776,04:53:25.776,bybit,ACH/USDT:USDT,0.023054,1430.0,0.023048,790.0,0.023055,3450.0,0.02306,960.0
1753592005875,04:53:25.875,bybit,ACH/USDT:USDT,0.023054,1430.0,0.023048,790.0,0.023055,3450.0,0.02306,960.0
1753592005974,04:53:25.974,bybit,ACH/USDT:USDT,0.023054,1430.0,0.023048,790.0,0.023055,2380.0,0.02306,960.0
1753592006075,04:53:26.075,bybit,ACH/USDT:USDT,0.023054,1430.0,0.02305,570.0,0.023055,240.0,0.02306,240.0
1753592006174,04:53:26.174,bybit,ACH/USDT:USDT,0.023054,1430.0,0.023052,570.0,0.023055,240.0,0.02306,240.0
1753592006275,04:53:26.275,bybit,ACH/USDT:USDT,0.023054,6860.0,0.023052,570.0,0.023055,240.0,0.02306,240.0
1753592006374,04:53:26.374,bybit,ACH/USDT:USDT,0.023054,6860.0,0.023052,570.0,0.023055,240.0,0.02306,240.0
1753592006475,04:53:26.475,bybit,ACH/USDT:USDT,0.023054,6860.0,0.023052,570.0,0.023055,240.0,0.02306,240.0
1753592006975,04:53:26.975,bybit,ACH/USDT:USDT,0.023054,6860.0,0.023052,570.0,0.023055,240.0,0.02306,240.0
1753592007073,04:53:27.073,bybit,ACH/USDT:USDT,0.023054,6860.0,0.023052,570.0,0.023055,240.0,0.02306,240.0
1753592007680,04:53:27.680,bybit,ACH/USDT:USDT,0.023054,6860.0,0.023052,570.0,0.023055,240.0,0.02306,240.0
1753592007774,04:53:27.774,bybit,ACH/USDT:USDT,0.023054,6860.0,0.023052,570.0,0.023055,240.0,0.02306,240.0
1753592007874,04:53:27.874,bybit,ACH/USDT:USDT,0.023054,6860.0,0.023052,570.0,0.023055,240.0,0.02306,240.0
1753592008375,04:53:28.375,bybit,ACH/USDT:USDT,0.023054,6860.0,0.023052,570.0,0.023055,240.0,0.02306,240.0
1753592008474,04:53:28.474,bybit,ACH/USDT:USDT,0.023054,6860.0,0.023052,570.0,0.023055,240.0,0.02306,240.0
1753592009874,04:53:29.874,bybit,ACH/USDT:USDT,0.023054,6860.0,0.023052,570.0,0.023055,240.0,0.02306,240.0
1753592010574,04:53:30.574,bybit,ACH/USDT:USDT,0.023054,6860.0,0.023052,570.0,0.023055,240.0,0.02306,240.0
1753592010875,04:53:30.875,bybit,ACH/USDT:USDT,0.023054,6860.0,0.023052,570.0,0.023055,240.0,0.02306,240.0
1753592011774,04:53:31.774,bybit,ACH/USDT:USDT,0.023054,6860.0,0.023052,570.0,0.023055,240.0,0.02306,240.0
1753592012176,04:53:32.176,bybit,ACH/USDT:USDT,0.023054,6860.0,0.023052,570.0,0.023055,240.0,0.02306,240.0
1753592012573,04:53:32.573,bybit,ACH/USDT:USDT,0.023054,6860.0,0.023052,570.0,0.023055,240.0,0.02306,240.0
1753592012874,04:53:32.874,bybit,ACH/USDT:USDT,0.023054,6860.0,0.023052,570.0,0.023055,240.0,0.02306,240.0
1753592013176,04:53:33.176,bybit,ACH/USDT:USDT,0.023054,6860.0,0.023052,570.0,0.023055,240.0,0.02306,240.0
1753592013374,04:53:33.374,bybit,ACH/USDT:USDT,0.023054,6860.0,0.023052,570.0,0.023055,240.0,0.02306,240.0
1753592013474,04:53:33.474,bybit,ACH/USDT:USDT,0.023054,6860.0,0.023052,570.0,0.023055,240.0,0.02306,240.0
1753592013679,04:53:33.679,bybit,ACH/USDT:USDT,0.023054,6860.0,0.023052,570.0,0.023055,240.0,0.02306,240.0
1753592014176,04:53:34.176,bybit,ACH/USDT:USDT,0.023054,6860.0,0.023052,570.0,0.023055,240.0,0.02306,240.0
1753592015775,04:53:35.775,bybit,ACH/USDT:USDT,0.023054,6860.0,0.023052,570.0,0.023055,240.0,0.02306,240.0
1753592016876,04:53:36.876,bybit,ACH/USDT:USDT,0.023054,6860.0,0.023052,570.0,0.023055,240.0,0.02306,240.0
1753592017975,04:53:37.975,bybit,ACH/USDT:USDT,0.023054,6860.0,0.023052,570.0,0.023055,240.0,0.02306,240.0
1753592018073,04:53:38.073,bybit,ACH/USDT:USDT,0.023054,6860.0,0.023052,570.0,0.023055,240.0,0.02306,240.0
1753592018174,04:53:38.174,bybit,ACH/USDT:USDT,0.023054,6860.0,0.02305,570.0,0.023055,240.0,0.02306,240.0
1753592018275,04:53:38.275,bybit,ACH/USDT:USDT,0.023054,6860.0,0.02305,570.0,0.023055,240.0,0.02306,240.0
1753592018376,04:53:38.376,bybit,ACH/USDT:USDT,0.023054,6860.0,0.02305,570.0,0.023055,240.0,0.02306,240.0
1753592018475,04:53:38.475,bybit,ACH/USDT:USDT,0.023054,6860.0,0.02305,570.0,0.023055,240.0,0.02306,240.0
1753592018575,04:53:38.575,bybit,ACH/USDT:USDT,0.023054,6860.0,0.02305,570.0,0.023055,240.0,0.02306,240.0
1753592018874,04:53:38.874,bybit,ACH/USDT:USDT,0.023054,6860.0,0.02305,570.0,0.023055,240.0,0.02306,240.0
1753592018975,04:53:38.975,bybit,ACH/USDT:USDT,0.023054,6860.0,0.02305,570.0,0.023055,240.0,0.02306,240.0
1753592019074,04:53:39.074,bybit,ACH/USDT:USDT,0.023054,6860.0,0.02305,570.0,0.023055,240.0,0.02306,240.0
1753592019573,04:53:39.573,bybit,ACH/USDT:USDT,0.023054,6860.0,0.02305,570.0,0.023055,240.0,0.02306,240.0
1753592021374,04:53:41.374,bybit,ACH/USDT:USDT,0.023054,6860.0,0.02305,570.0,0.023055,240.0,0.02306,240.0
1753592021575,04:53:41.575,bybit,ACH/USDT:USDT,0.023054,6860.0,0.02305,570.0,0.023055,240.0,0.02306,240.0
1753592022775,04:53:42.775,bybit,ACH/USDT:USDT,0.023054,6860.0,0.02305,570.0,0.023055,240.0,0.02306,240.0
1753592022974,04:53:42.974,bybit,ACH/USDT:USDT,0.023054,6860.0,0.02305,570.0,0.023055,240.0,0.02306,240.0
1753592023274,04:53:43.274,bybit,ACH/USDT:USDT,0.023054,6860.0,0.02305,570.0,0.023055,240.0,0.02306,240.0
1753592024176,04:53:44.176,bybit,ACH/USDT:USDT,0.023054,7210.0,0.02305,570.0,0.023055,240.0,0.02306,240.0
1753592025074,04:53:45.074,bybit,ACH/USDT:USDT,0.023054,7210.0,0.02305,570.0,0.023055,240.0,0.02306,240.0
1753592025174,04:53:45.174,bybit,ACH/USDT:USDT,0.023054,7210.0,0.02305,570.0,0.023055,240.0,0.02306,240.0
1753592025873,04:53:45.873,bybit,ACH/USDT:USDT,0.023054,7210.0,0.02305,570.0,0.023055,240.0,0.02306,240.0
1753592025975,04:53:45.975,bybit,ACH/USDT:USDT,0.023054,7210.0,0.02305,570.0,0.023055,240.0,0.02306,240.0
1753592026373,04:53:46.373,bybit,ACH/USDT:USDT,0.023054,7210.0,0.02305,570.0,0.023055,240.0,0.02306,240.0
1753592027375,04:53:47.375,bybit,ACH/USDT:USDT,0.023054,10870.0,0.02305,570.0,0.023055,240.0,0.02306,240.0
1753592027474,04:53:47.474,bybit,ACH/USDT:USDT,0.023054,10870.0,0.02305,570.0,0.023055,240.0,0.02306,240.0
1753592027574,04:53:47.574,bybit,ACH/USDT:USDT,0.023054,10870.0,0.02305,570.0,0.023055,240.0,0.02306,240.0
1753592027679,04:53:47.679,bybit,ACH/USDT:USDT,0.023054,10870.0,0.02305,570.0,0.023055,240.0,0.02306,240.0
1753592027875,04:53:47.875,bybit,ACH/USDT:USDT,0.023054,10870.0,0.02305,570.0,0.023055,240.0,0.02306,240.0
1753592028073,04:53:48.073,bybit,ACH/USDT:USDT,0.023054,12360.0,0.02305,570.0,0.023055,240.0,0.02306,240.0
1753592028175,04:53:48.175,bybit,ACH/USDT:USDT,0.023054,12360.0,0.02305,570.0,0.023055,240.0,0.02306,240.0
1753592028975,04:53:48.975,bybit,ACH/USDT:USDT,0.023054,12360.0,0.02305,570.0,0.023055,240.0,0.02306,240.0
1753592029375,04:53:49.375,bybit,ACH/USDT:USDT,0.023054,12360.0,0.02305,570.0,0.023055,240.0,0.02306,240.0
1753592030085,04:53:50.085,bybit,ACH/USDT:USDT,0.023054,12360.0,0.02305,570.0,0.023055,240.0,0.02306,240.0
1753592030375,04:53:50.375,bybit,ACH/USDT:USDT,0.023054,12360.0,0.02305,570.0,0.023055,240.0,0.02306,240.0
1753592030574,04:53:50.574,bybit,ACH/USDT:USDT,0.023054,12360.0,0.02305,570.0,0.023055,240.0,0.02306,240.0
1753592030674,04:53:50.674,bybit,ACH/USDT:USDT,0.023054,12360.0,0.02305,570.0,0.023055,240.0,0.02306,240.0
1753592031473,04:53:51.473,bybit,ACH/USDT:USDT,0.023054,12360.0,0.02305,570.0,0.023055,240.0,0.02306,240.0
1753592031574,04:53:51.574,bybit,ACH/USDT:USDT,0.023054,12360.0,0.02305,570.0,0.023055,240.0,0.02306,240.0
1753592031975,04:53:51.975,bybit,ACH/USDT:USDT,0.023054,12360.0,0.02305,570.0,0.023055,240.0,0.02306,240.0
1753592032074,04:53:52.074,bybit,ACH/USDT:USDT,0.023054,12360.0,0.02305,570.0,0.023055,240.0,0.02306,240.0
1753592032375,04:53:52.375,bybit,ACH/USDT:USDT,0.023054,12360.0,0.02305,570.0,0.023055,240.0,0.02306,240.0
1753592032574,04:53:52.574,bybit,ACH/USDT:USDT,0.023054,3950.0,0.02305,570.0,0.023055,240.0,0.02306,240.0
1753592032676,04:53:52.676,bybit,ACH/USDT:USDT,0.023054,7010.0,0.023052,570.0,0.023055,240.0,0.02306,240.0
1753592033680,04:53:53.680,bybit,ACH/USDT:USDT,0.023054,7010.0,0.023052,570.0,0.023055,240.0,0.02306,240.0
1753592033874,04:53:53.874,bybit,ACH/USDT:USDT,0.023054,7010.0,0.023052,570.0,0.023055,240.0,0.02306,240.0
1753592036574,04:53:56.574,bybit,ACH/USDT:USDT,0.023054,7010.0,0.023052,570.0,0.023055,240.0,0.02306,240.0
1753592037176,04:53:57.176,bybit,ACH/USDT:USDT,0.023054,7010.0,0.023052,570.0,0.023055,240.0,0.02306,240.0
1753592038073,04:53:58.073,bybit,ACH/USDT:USDT,0.023054,7010.0,0.023052,570.0,0.023055,240.0,0.02306,240.0
1753592038875,04:53:58.875,bybit,ACH/USDT:USDT,0.023054,7970.0,0.023052,570.0,0.023055,240.0,0.02306,240.0
1753592040675,04:54:00.675,bybit,ACH/USDT:USDT,0.023054,7970.0,0.023052,570.0,0.023055,240.0,0.02306,240.0
1753592041974,04:54:01.974,bybit,ACH/USDT:USDT,0.023054,7970.0,0.023052,570.0,0.023055,240.0,0.02306,240.0
1753592042075,04:54:02.075,bybit,ACH/USDT:USDT,0.023054,7970.0,0.023052,570.0,0.023055,240.0,0.02306,240.0
1753592042374,04:54:02.374,bybit,ACH/USDT:USDT,0.023054,10230.0,0.023052,570.0,0.023055,240.0,0.02306,240.0
1753592042673,04:54:02.673,bybit,ACH/USDT:USDT,0.023054,10220.0,0.023052,570.0,0.023055,240.0,0.02306,240.0
1753592042876,04:54:02.876,bybit,ACH/USDT:USDT,0.023064,720.0,0.023062,570.0,0.023072,1190.0,0.023073,1040.0
1753592042975,04:54:02.975,bybit,ACH/USDT:USDT,0.023065,1190.0,0.023064,720.0,0.023072,1190.0,0.023073,1040.0
1753592043073,04:54:03.073,bybit,ACH/USDT:USDT,0.023065,1190.0,0.023064,720.0,0.023072,1190.0,0.023073,1040.0
1753592043176,04:54:03.176,bybit,ACH/USDT:USDT,0.023065,1190.0,0.023064,720.0,0.023072,1190.0,0.023073,1040.0
1753592043374,04:54:03.374,bybit,ACH/USDT:USDT,0.023065,1190.0,0.023064,720.0,0.023072,1190.0,0.023073,1040.0
1753592043876,04:54:03.876,bybit,ACH/USDT:USDT,0.023065,1190.0,0.023064,720.0,0.023072,1190.0,0.023073,1040.0
1753592043974,04:54:03.974,bybit,ACH/USDT:USDT,0.023065,1190.0,0.023064,720.0,0.023072,1190.0,0.023073,1040.0
1753592044175,04:54:04.175,bybit,ACH/USDT:USDT,0.023065,1190.0,0.023064,720.0,0.023072,1190.0,0.023073,1040.0
1753592044275,04:54:04.275,bybit,ACH/USDT:USDT,0.023065,1190.0,0.023064,720.0,0.023072,1190.0,0.023073,1040.0
1753592044376,04:54:04.376,bybit,ACH/USDT:USDT,0.023066,1190.0,0.023064,720.0,0.023072,1190.0,0.023073,1040.0
1753592044476,04:54:04.476,bybit,ACH/USDT:USDT,0.023066,1190.0,0.023064,720.0,0.023072,1190.0,0.023073,1040.0
1753592044574,04:54:04.574,bybit,ACH/USDT:USDT,0.023066,1190.0,0.023064,720.0,0.023072,1190.0,0.023073,1040.0
1753592044674,04:54:04.674,bybit,ACH/USDT:USDT,0.023067,1190.0,0.023064,720.0,0.023072,1190.0,0.023073,1040.0
1753592044773,04:54:04.773,bybit,ACH/USDT:USDT,0.023067,1190.0,0.023064,720.0,0.023072,1190.0,0.023073,1040.0
1753592044875,04:54:04.875,bybit,ACH/USDT:USDT,0.023067,1190.0,0.023064,720.0,0.023072,1190.0,0.023073,1040.0
1753592044975,04:54:04.975,bybit,ACH/USDT:USDT,0.023067,1190.0,0.023064,720.0,0.023072,1190.0,0.023073,1040.0
1753592045074,04:54:05.074,bybit,ACH/USDT:USDT,0.023067,1190.0,0.023064,720.0,0.023072,1190.0,0.023073,1040.0
1753592045180,04:54:05.180,bybit,ACH/USDT:USDT,0.023067,1190.0,0.023064,720.0,0.023072,1190.0,0.023073,1040.0
1753592045273,04:54:05.273,bybit,ACH/USDT:USDT,0.023068,1190.0,0.023064,720.0,0.023072,1190.0,0.023073,1040.0
1753592045376,04:54:05.376,bybit,ACH/USDT:USDT,0.023069,1190.0,0.023064,720.0,0.023072,1190.0,0.023073,1040.0
1753592045474,04:54:05.474,bybit,ACH/USDT:USDT,0.023069,1190.0,0.023064,720.0,0.023072,1190.0,0.023073,1040.0
1753592045674,04:54:05.674,bybit,ACH/USDT:USDT,0.023069,1190.0,0.023064,720.0,0.023072,1190.0,0.023073,1040.0
1753592045775,04:54:05.775,bybit,ACH/USDT:USDT,0.023069,1190.0,0.023064,720.0,0.023072,1190.0,0.023073,1040.0
1753592045875,04:54:05.875,bybit,ACH/USDT:USDT,0.023069,1190.0,0.023064,720.0,0.023072,1190.0,0.023073,1040.0
1753592045974,04:54:05.974,bybit,ACH/USDT:USDT,0.02307,1190.0,0.023064,720.0,0.023072,1190.0,0.023073,1040.0
1753592046175,04:54:06.175,bybit,ACH/USDT:USDT,0.02307,1190.0,0.023064,720.0,0.023072,1190.0,0.023073,1040.0
1753592046775,04:54:06.775,bybit,ACH/USDT:USDT,0.023071,1190.0,0.023064,720.0,0.023072,1190.0,0.023073,1040.0
1753592046875,04:54:06.875,bybit,ACH/USDT:USDT,0.023071,1190.0,0.023064,720.0,0.023072,1190.0,0.023073,1040.0
1753592046975,04:54:06.975,bybit,ACH/USDT:USDT,0.023071,1190.0,0.023064,720.0,0.023072,1190.0,0.023073,1040.0
1753592047174,04:54:07.174,bybit,ACH/USDT:USDT,0.023071,1190.0,0.023064,720.0,0.023072,1190.0,0.023073,1040.0
1753592047275,04:54:07.275,bybit,ACH/USDT:USDT,0.023071,1190.0,0.023064,720.0,0.023072,1190.0,0.023073,1040.0
1753592047375,04:54:07.375,bybit,ACH/USDT:USDT,0.023071,1190.0,0.023064,720.0,0.023072,1190.0,0.023073,1040.0
1753592047475,04:54:07.475,bybit,ACH/USDT:USDT,0.023071,1190.0,0.023064,720.0,0.023072,1190.0,0.023073,1040.0
1753592047573,04:54:07.573,bybit,ACH/USDT:USDT,0.023071,1190.0,0.023064,720.0,0.023072,1190.0,0.023073,1040.0
1753592047677,04:54:07.677,bybit,ACH/USDT:USDT,0.023071,1190.0,0.023064,720.0,0.023072,1190.0,0.023073,1040.0
1753592047875,04:54:07.875,bybit,ACH/USDT:USDT,0.023071,1190.0,0.023064,720.0,0.023072,1190.0,0.023073,1040.0
1753592047974,04:54:07.974,bybit,ACH/USDT:USDT,0.023071,1190.0,0.023064,720.0,0.023072,1190.0,0.023073,1040.0
1753592048074,04:54:08.074,bybit,ACH/USDT:USDT,0.023071,1190.0,0.023064,720.0,0.023072,1190.0,0.023073,1040.0
1753592048874,04:54:08.874,bybit,ACH/USDT:USDT,0.023071,1190.0,0.023064,720.0,0.023072,1190.0,0.023073,1040.0
1753592049676,04:54:09.676,bybit,ACH/USDT:USDT,0.023071,1190.0,0.023064,720.0,0.023072,1190.0,0.023073,1040.0
1753592049873,04:54:09.873,bybit,ACH/USDT:USDT,0.023071,1190.0,0.023064,720.0,0.023072,1190.0,0.023073,1040.0
1753592050075,04:54:10.075,bybit,ACH/USDT:USDT,0.023071,1190.0,0.023064,720.0,0.023072,1190.0,0.023073,1040.0
1753592050176,04:54:10.176,bybit,ACH/USDT:USDT,0.023071,1190.0,0.023064,720.0,0.023072,1190.0,0.023073,1040.0
1753592050275,04:54:10.275,bybit,ACH/USDT:USDT,0.023071,1190.0,0.023064,720.0,0.023072,1190.0,0.023073,1040.0
1753592050373,04:54:10.373,bybit,ACH/USDT:USDT,0.023071,1190.0,0.023064,720.0,0.023072,1190.0,0.023073,1040.0
1753592050674,04:54:10.674,bybit,ACH/USDT:USDT,0.023071,1190.0,0.023064,720.0,0.023072,1190.0,0.023073,1040.0
1753592050774,04:54:10.774,bybit,ACH/USDT:USDT,0.023071,1190.0,0.023064,720.0,0.023072,1190.0,0.023073,1040.0
1753592050874,04:54:10.874,bybit,ACH/USDT:USDT,0.023071,1190.0,0.023064,720.0,0.023072,1190.0,0.023073,1040.0
1753592051274,04:54:11.274,bybit,ACH/USDT:USDT,0.023071,1190.0,0.023064,720.0,0.023072,1190.0,0.023073,1040.0
1753592051374,04:54:11.374,bybit,ACH/USDT:USDT,0.023071,1190.0,0.023064,720.0,0.023072,1190.0,0.023073,1040.0
1753592051575,04:54:11.575,bybit,ACH/USDT:USDT,0.023071,1190.0,0.023064,720.0,0.023072,1190.0,0.023073,1040.0
1753592051678,04:54:11.678,bybit,ACH/USDT:USDT,0.023071,1190.0,0.023064,720.0,0.023072,1190.0,0.023073,1040.0
1753592051775,04:54:11.775,bybit,ACH/USDT:USDT,0.023071,1190.0,0.023064,720.0,0.023072,1190.0,0.023073,1040.0
1753592051874,04:54:11.874,bybit,ACH/USDT:USDT,0.023071,520.0,0.023064,720.0,0.023072,1190.0,0.023073,1040.0
1753592051973,04:54:11.973,bybit,ACH/USDT:USDT,0.023071,520.0,0.023064,720.0,0.023072,1190.0,0.023073,1040.0
1753592052175,04:54:12.175,bybit,ACH/USDT:USDT,0.023071,520.0,0.023064,720.0,0.023072,1190.0,0.023073,1040.0
1753592052275,04:54:12.275,bybit,ACH/USDT:USDT,0.023071,520.0,0.023064,720.0,0.023072,1190.0,0.023073,1040.0
1753592052375,04:54:12.375,bybit,ACH/USDT:USDT,0.023071,520.0,0.023064,720.0,0.023072,1190.0,0.023073,1040.0
1753592052774,04:54:12.774,bybit,ACH/USDT:USDT,0.023071,520.0,0.023064,720.0,0.023072,1190.0,0.023073,1040.0
1753592052875,04:54:12.875,bybit,ACH/USDT:USDT,0.023071,520.0,0.023064,720.0,0.023072,1190.0,0.023073,1040.0
1753592052974,04:54:12.974,bybit,ACH/USDT:USDT,0.023071,520.0,0.023064,720.0,0.023072,1190.0,0.023073,1040.0
1753592053875,04:54:13.875,bybit,ACH/USDT:USDT,0.023071,520.0,0.023064,720.0,0.023072,1190.0,0.023073,1040.0
1753592053975,04:54:13.975,bybit,ACH/USDT:USDT,0.023071,520.0,0.023064,720.0,0.023072,1190.0,0.023073,1040.0
1753592054674,04:54:14.674,bybit,ACH/USDT:USDT,0.023071,520.0,0.023064,720.0,0.023072,1190.0,0.023073,1040.0
1753592054875,04:54:14.875,bybit,ACH/USDT:USDT,0.023071,520.0,0.023064,720.0,0.023072,1190.0,0.023073,1040.0
1753592055175,04:54:15.175,bybit,ACH/USDT:USDT,0.023071,520.0,0.023064,720.0,0.023072,1190.0,0.023073,1040.0
1753592055275,04:54:15.275,bybit,ACH/USDT:USDT,0.023071,520.0,0.023064,720.0,0.023072,1190.0,0.023073,1040.0
1753592055680,04:54:15.680,bybit,ACH/USDT:USDT,0.023071,520.0,0.023064,720.0,0.023072,1190.0,0.023073,1040.0
1753592055775,04:54:15.775,bybit,ACH/USDT:USDT,0.023071,520.0,0.023064,720.0,0.023072,1190.0,0.023073,1040.0
1753592055974,04:54:15.974,bybit,ACH/USDT:USDT,0.023071,520.0,0.023064,720.0,0.023072,1190.0,0.023073,1040.0
1753592056074,04:54:16.074,bybit,ACH/USDT:USDT,0.023071,520.0,0.023064,720.0,0.023072,1190.0,0.023073,1040.0
1753592056375,04:54:16.375,bybit,ACH/USDT:USDT,0.023071,520.0,0.023064,720.0,0.023072,1190.0,0.023073,1040.0
1753592056475,04:54:16.475,bybit,ACH/USDT:USDT,0.023071,520.0,0.023064,720.0,0.023072,1190.0,0.023073,1040.0
1753592056576,04:54:16.576,bybit,ACH/USDT:USDT,0.023071,520.0,0.023064,720.0,0.023072,1190.0,0.023073,1040.0
1753592056674,04:54:16.674,bybit,ACH/USDT:USDT,0.023071,520.0,0.023064,720.0,0.023072,1190.0,0.023073,1040.0
1753592057876,04:54:17.876,bybit,ACH/USDT:USDT,0.023071,520.0,0.023064,720.0,0.023072,1190.0,0.023073,1040.0
1753592059375,04:54:19.375,bybit,ACH/USDT:USDT,0.023071,520.0,0.023064,720.0,0.023072,1190.0,0.023073,1040.0
1753592059493,04:54:19.493,bybit,ACH/USDT:USDT,0.023071,520.0,0.023064,720.0,0.023072,1190.0,0.023073,1040.0
1753592060375,04:54:20.375,bybit,ACH/USDT:USDT,0.023071,520.0,0.023064,720.0,0.023072,1190.0,0.023073,1040.0
1753592060676,04:54:20.676,bybit,ACH/USDT:USDT,0.023071,520.0,0.023064,720.0,0.023072,1190.0,0.023073,1040.0
1753592061175,04:54:21.175,bybit,ACH/USDT:USDT,0.023071,520.0,0.023064,720.0,0.023072,1190.0,0.023073,1040.0
1753592061275,04:54:21.275,bybit,ACH/USDT:USDT,0.023071,520.0,0.023064,720.0,0.023072,1190.0,0.023073,1040.0
1753592061679,04:54:21.679,bybit,ACH/USDT:USDT,0.023071,520.0,0.023064,720.0,0.023072,1190.0,0.023073,1040.0
1753592063375,04:54:23.375,bybit,ACH/USDT:USDT,0.023071,3830.0,0.023064,720.0,0.023072,1190.0,0.023073,1040.0
1753592063475,04:54:23.475,bybit,ACH/USDT:USDT,0.023071,3830.0,0.023064,720.0,0.023072,1190.0,0.023073,1040.0
1753592063678,04:54:23.678,bybit,ACH/USDT:USDT,0.023072,1190.0,0.023071,3830.0,0.023073,1040.0,0.023075,240.0
1753592063775,04:54:23.775,bybit,ACH/USDT:USDT,0.023072,1190.0,0.023071,3310.0,0.023073,1040.0,0.023075,240.0
1753592063874,04:54:23.874,bybit,ACH/USDT:USDT,0.023072,1190.0,0.023071,3310.0,0.023073,1040.0,0.023075,240.0
1753592064176,04:54:24.176,bybit,ACH/USDT:USDT,0.023072,1190.0,0.023071,3310.0,0.023073,1040.0,0.023075,240.0
1753592064274,04:54:24.274,bybit,ACH/USDT:USDT,0.023072,1190.0,0.023071,3310.0,0.023073,1040.0,0.023075,240.0
1753592064375,04:54:24.375,bybit,ACH/USDT:USDT,0.023072,1190.0,0.023071,3310.0,0.023073,1040.0,0.023075,240.0
1753592064474,04:54:24.474,bybit,ACH/USDT:USDT,0.023072,1190.0,0.023071,3310.0,0.023073,1040.0,0.023075,240.0
1753592064976,04:54:24.976,bybit,ACH/USDT:USDT,0.023072,1190.0,0.023071,3310.0,0.023073,1040.0,0.023075,240.0
1753592065075,04:54:25.075,bybit,ACH/USDT:USDT,0.023072,1190.0,0.023071,3310.0,0.023073,1040.0,0.023075,240.0
1753592065475,04:54:25.475,bybit,ACH/USDT:USDT,0.023072,1190.0,0.023071,3310.0,0.023073,1040.0,0.023075,240.0
1753592065975,04:54:25.975,bybit,ACH/USDT:USDT,0.023072,1190.0,0.023071,3310.0,0.023073,1040.0,0.023075,240.0
1753592066075,04:54:26.075,bybit,ACH/USDT:USDT,0.023072,1190.0,0.023071,3310.0,0.023073,1040.0,0.023075,240.0
1753592066175,04:54:26.175,bybit,ACH/USDT:USDT,0.023072,1190.0,0.023071,3310.0,0.023073,1040.0,0.023075,240.0
1753592066373,04:54:26.373,bybit,ACH/USDT:USDT,0.023072,1190.0,0.023071,3310.0,0.023073,1040.0,0.023075,240.0
1753592066475,04:54:26.475,bybit,ACH/USDT:USDT,0.023072,1190.0,0.023071,3310.0,0.023073,1040.0,0.023075,240.0
1753592066575,04:54:26.575,bybit,ACH/USDT:USDT,0.023072,1190.0,0.023071,3310.0,0.023073,1040.0,0.023075,240.0
1753592066674,04:54:26.674,bybit,ACH/USDT:USDT,0.023072,1550.0,0.023071,3310.0,0.023073,1040.0,0.023075,240.0
1753592066875,04:54:26.875,bybit,ACH/USDT:USDT,0.023072,1550.0,0.023071,3310.0,0.023073,1040.0,0.023075,240.0
1753592066975,04:54:26.975,bybit,ACH/USDT:USDT,0.023072,1550.0,0.023071,3310.0,0.023073,1040.0,0.023075,240.0
1753592067176,04:54:27.176,bybit,ACH/USDT:USDT,0.023072,1550.0,0.023071,3310.0,0.023073,1040.0,0.023075,240.0
1753592067676,04:54:27.676,bybit,ACH/USDT:USDT,0.023072,1550.0,0.023071,3310.0,0.023073,1040.0,0.023075,240.0
1753592067974,04:54:27.974,bybit,ACH/USDT:USDT,0.023072,1550.0,0.023071,3310.0,0.023073,1040.0,0.023075,240.0
1753592068073,04:54:28.073,bybit,ACH/USDT:USDT,0.023072,1550.0,0.023071,3310.0,0.023073,1040.0,0.023075,240.0
1753592068175,04:54:28.175,bybit,ACH/USDT:USDT,0.023072,1550.0,0.023071,3310.0,0.023073,1040.0,0.023075,240.0
1753592069375,04:54:29.375,bybit,ACH/USDT:USDT,0.023072,1550.0,0.023071,3310.0,0.023073,1040.0,0.023075,240.0
1753592069474,04:54:29.474,bybit,ACH/USDT:USDT,0.023072,1550.0,0.023071,3310.0,0.023073,1040.0,0.023075,240.0
1753592069975,04:54:29.975,bybit,ACH/USDT:USDT,0.023072,1550.0,0.023071,3310.0,0.023073,1040.0,0.023075,240.0
1753592070075,04:54:30.075,bybit,ACH/USDT:USDT,0.023072,1550.0,0.023071,3310.0,0.023073,1040.0,0.023075,240.0
1753592070176,04:54:30.176,bybit,ACH/USDT:USDT,0.023072,1550.0,0.023071,3310.0,0.023073,1040.0,0.023075,240.0
1753592070275,04:54:30.275,bybit,ACH/USDT:USDT,0.023072,1550.0,0.023071,3310.0,0.023073,1040.0,0.023075,240.0
1753592070375,04:54:30.375,bybit,ACH/USDT:USDT,0.023072,1550.0,0.023071,3310.0,0.023073,1040.0,0.023075,240.0
1753592070775,04:54:30.775,bybit,ACH/USDT:USDT,0.023072,1550.0,0.023071,3310.0,0.023073,1040.0,0.023075,240.0
1753592070875,04:54:30.875,bybit,ACH/USDT:USDT,0.023072,1550.0,0.023071,3310.0,0.023073,1040.0,0.023075,240.0
1753592072676,04:54:32.676,bybit,ACH/USDT:USDT,0.023072,1550.0,0.023071,3310.0,0.023073,1040.0,0.023075,240.0
1753592072774,04:54:32.774,bybit,ACH/USDT:USDT,0.023072,1550.0,0.023071,3310.0,0.023073,1040.0,0.023075,240.0
1753592073174,04:54:33.174,bybit,ACH/USDT:USDT,0.023072,1550.0,0.023071,3310.0,0.023073,1040.0,0.023075,240.0
1753592073274,04:54:33.274,bybit,ACH/USDT:USDT,0.023072,1550.0,0.023071,3310.0,0.023073,1040.0,0.023075,240.0
1753592073375,04:54:33.375,bybit,ACH/USDT:USDT,0.023072,1550.0,0.023071,3310.0,0.023073,1040.0,0.023075,240.0
1753592073873,04:54:33.873,bybit,ACH/USDT:USDT,0.023072,1550.0,0.023071,3310.0,0.023073,1040.0,0.023075,240.0
1753592073976,04:54:33.976,bybit,ACH/USDT:USDT,0.023072,1540.0,0.023071,3310.0,0.023073,1040.0,0.023075,240.0
1753592074675,04:54:34.675,bybit,ACH/USDT:USDT,0.023072,1540.0,0.023071,3310.0,0.023073,1040.0,0.023075,240.0
1753592074776,04:54:34.776,bybit,ACH/USDT:USDT,0.023072,9170.0,0.023071,3310.0,0.023073,1040.0,0.023075,240.0
1753592075174,04:54:35.174,bybit,ACH/USDT:USDT,0.023072,9170.0,0.023071,3310.0,0.023073,1040.0,0.023075,240.0
1753592075274,04:54:35.274,bybit,ACH/USDT:USDT,0.023072,9170.0,0.023071,3310.0,0.023073,1040.0,0.023075,240.0
1753592075575,04:54:35.575,bybit,ACH/USDT:USDT,0.023072,9170.0,0.023071,3310.0,0.023073,1040.0,0.023075,240.0
1753592075677,04:54:35.677,bybit,ACH/USDT:USDT,0.023072,9170.0,0.023071,3310.0,0.023073,1040.0,0.023075,240.0
1753592075773,04:54:35.773,bybit,ACH/USDT:USDT,0.023072,9170.0,0.023071,3310.0,0.023073,2210.0,0.023075,240.0
1753592075875,04:54:35.875,bybit,ACH/USDT:USDT,0.023072,9170.0,0.023071,3310.0,0.023073,2210.0,0.023075,240.0
1753592076075,04:54:36.075,bybit,ACH/USDT:USDT,0.023072,9170.0,0.023071,3310.0,0.023073,2210.0,0.023075,240.0
1753592076674,04:54:36.674,bybit,ACH/USDT:USDT,0.023072,9170.0,0.023071,3310.0,0.023073,2210.0,0.023075,240.0
1753592076775,04:54:36.775,bybit,ACH/USDT:USDT,0.023071,3310.0,0.023064,4080.0,0.023072,2390.0,0.023073,2210.0
1753592076875,04:54:36.875,bybit,ACH/USDT:USDT,0.023071,3310.0,0.023065,700.0,0.023072,2390.0,0.023073,2210.0
1753592077074,04:54:37.074,bybit,ACH/USDT:USDT,0.023071,3310.0,0.023065,700.0,0.023072,2390.0,0.023073,2210.0
1753592077275,04:54:37.275,bybit,ACH/USDT:USDT,0.023071,3310.0,0.023065,700.0,0.023072,2390.0,0.023073,2210.0
1753592077375,04:54:37.375,bybit,ACH/USDT:USDT,0.023071,3310.0,0.023065,700.0,0.023072,2390.0,0.023073,2210.0
1753592077476,04:54:37.476,bybit,ACH/USDT:USDT,0.023071,3310.0,0.023065,700.0,0.023072,2390.0,0.023073,2210.0
1753592077676,04:54:37.676,bybit,ACH/USDT:USDT,0.023071,3310.0,0.023065,700.0,0.023072,2390.0,0.023073,2210.0
1753592077773,04:54:37.773,bybit,ACH/USDT:USDT,0.023071,3310.0,0.023065,700.0,0.023072,2390.0,0.023073,2210.0
1753592078075,04:54:38.075,bybit,ACH/USDT:USDT,0.023071,3310.0,0.023065,700.0,0.023072,2390.0,0.023073,2210.0
1753592078677,04:54:38.677,bybit,ACH/USDT:USDT,0.023071,3310.0,0.023065,700.0,0.023072,2390.0,0.023073,2210.0
1753592078875,04:54:38.875,bybit,ACH/USDT:USDT,0.023071,380.0,0.023065,700.0,0.023072,2390.0,0.023073,2210.0
1753592078974,04:54:38.974,bybit,ACH/USDT:USDT,0.023064,3010.0,0.02306,790.0,0.023071,3570.0,0.023072,390.0
1753592079074,04:54:39.074,bybit,ACH/USDT:USDT,0.023064,3010.0,0.023062,550.0,0.023071,3570.0,0.023073,2210.0
1753592079175,04:54:39.175,bybit,ACH/USDT:USDT,0.023064,3010.0,0.023062,550.0,0.023071,3570.0,0.023073,2210.0
1753592079275,04:54:39.275,bybit,ACH/USDT:USDT,0.023064,3010.0,0.023062,550.0,0.023069,1180.0,0.023073,2210.0
1753592079376,04:54:39.376,bybit,ACH/USDT:USDT,0.023064,3010.0,0.023062,550.0,0.023069,1180.0,0.023073,2210.0
1753592079474,04:54:39.474,bybit,ACH/USDT:USDT,0.023065,1190.0,0.023062,550.0,0.023069,1180.0,0.023073,2210.0
1753592079575,04:54:39.575,bybit,ACH/USDT:USDT,0.023065,1190.0,0.023062,550.0,0.023069,1180.0,0.023073,2210.0
1753592079875,04:54:39.875,bybit,ACH/USDT:USDT,0.023067,62100.0,0.023066,1190.0,0.023069,1180.0,0.023073,2210.0
1753592079975,04:54:39.975,bybit,ACH/USDT:USDT,0.023067,62100.0,0.023065,870.0,0.023069,1180.0,0.023073,2210.0
1753592080374,04:54:40.374,bybit,ACH/USDT:USDT,0.023067,62100.0,0.023065,870.0,0.023069,1180.0,0.023073,2210.0
1753592080475,04:54:40.475,bybit,ACH/USDT:USDT,0.023067,62100.0,0.023065,870.0,0.023069,1180.0,0.023073,2210.0
1753592080574,04:54:40.574,bybit,ACH/USDT:USDT,0.023067,62100.0,0.023065,870.0,0.023069,1180.0,0.023073,2210.0
1753592080674,04:54:40.674,bybit,ACH/USDT:USDT,0.023067,62100.0,0.023065,870.0,0.023069,1180.0,0.023073,2210.0
1753592081175,04:54:41.175,bybit,ACH/USDT:USDT,0.023068,1190.0,0.023067,62100.0,0.023073,2210.0,0.023075,240.0
1753592081275,04:54:41.275,bybit,ACH/USDT:USDT,0.023068,1190.0,0.023067,62100.0,0.023071,2390.0,0.023073,2210.0
1753592081374,04:54:41.374,bybit,ACH/USDT:USDT,0.023068,1190.0,0.023067,62100.0,0.023071,2390.0,0.023073,2210.0
1753592081575,04:54:41.575,bybit,ACH/USDT:USDT,0.023069,1190.0,0.023067,62100.0,0.023071,2390.0,0.023073,2210.0
1753592081776,04:54:41.776,bybit,ACH/USDT:USDT,0.02307,1190.0,0.023067,62100.0,0.023071,2390.0,0.023073,2210.0
1753592081874,04:54:41.874,bybit,ACH/USDT:USDT,0.02307,1190.0,0.023067,62100.0,0.023071,2390.0,0.023073,2210.0
1753592081974,04:54:41.974,bybit,ACH/USDT:USDT,0.02307,1190.0,0.023067,62100.0,0.023071,2390.0,0.023073,2210.0
1753592082374,04:54:42.374,bybit,ACH/USDT:USDT,0.02307,1190.0,0.023067,62100.0,0.023071,2390.0,0.023073,2210.0
1753592082675,04:54:42.675,bybit,ACH/USDT:USDT,0.023067,62100.0,0.023061,1070.0,0.023069,1210.0,0.02307,4780.0
1753592082776,04:54:42.776,bybit,ACH/USDT:USDT,0.023067,62100.0,0.023061,1070.0,0.023073,2210.0,0.023074,380.0
1753592082873,04:54:42.873,bybit,ACH/USDT:USDT,0.023067,62100.0,0.023061,1070.0,0.023071,1180.0,0.023073,2210.0
1753592082975,04:54:42.975,bybit,ACH/USDT:USDT,0.023067,62100.0,0.023061,1070.0,0.023069,1180.0,0.02307,2390.0
1753592083074,04:54:43.074,bybit,ACH/USDT:USDT,0.023067,62100.0,0.023061,1070.0,0.023069,1180.0,0.023073,2210.0
1753592083174,04:54:43.174,bybit,ACH/USDT:USDT,0.023067,62100.0,0.023061,1070.0,0.023069,1180.0,0.023073,2210.0
1753592083274,04:54:43.274,bybit,ACH/USDT:USDT,0.023067,62100.0,0.023061,1070.0,0.023069,1180.0,0.023073,2210.0
1753592083375,04:54:43.375,bybit,ACH/USDT:USDT,0.023067,62100.0,0.023061,1070.0,0.023069,1180.0,0.023073,2210.0
1753592083475,04:54:43.475,bybit,ACH/USDT:USDT,0.023067,62100.0,0.023061,1070.0,0.023069,1180.0,0.023073,2210.0
1753592084074,04:54:44.074,bybit,ACH/USDT:USDT,0.023067,62100.0,0.023061,1070.0,0.023069,1180.0,0.023073,2210.0
1753592084175,04:54:44.175,bybit,ACH/USDT:USDT,0.023067,62100.0,0.023061,1070.0,0.023069,1180.0,0.023073,2210.0
1753592084674,04:54:44.674,bybit,ACH/USDT:USDT,0.023067,62100.0,0.023061,1070.0,0.023069,1180.0,0.023073,2210.0
1753592084775,04:54:44.775,bybit,ACH/USDT:USDT,0.023067,62100.0,0.023061,1070.0,0.023069,1180.0,0.023073,2210.0
1753592084874,04:54:44.874,bybit,ACH/USDT:USDT,0.023067,62100.0,0.023061,1070.0,0.023069,1180.0,0.023073,2210.0
1753592084975,04:54:44.975,bybit,ACH/USDT:USDT,0.023067,62100.0,0.023061,1070.0,0.023069,1180.0,0.023073,2210.0
1753592085176,04:54:45.176,bybit,ACH/USDT:USDT,0.023067,62100.0,0.023061,1070.0,0.023069,1180.0,0.023073,2210.0
1753592085276,04:54:45.276,bybit,ACH/USDT:USDT,0.023067,62100.0,0.023061,1070.0,0.023069,1180.0,0.023073,2210.0
1753592085975,04:54:45.975,bybit,ACH/USDT:USDT,0.023067,62100.0,0.023061,1070.0,0.023069,1180.0,0.023073,2210.0
1753592086174,04:54:46.174,bybit,ACH/USDT:USDT,0.023067,62100.0,0.023061,1070.0,0.023069,1180.0,0.023073,2210.0
1753592086775,04:54:46.775,bybit,ACH/USDT:USDT,0.023067,62100.0,0.023061,1070.0,0.023069,1180.0,0.023073,2210.0
1753592086875,04:54:46.875,bybit,ACH/USDT:USDT,0.023067,62100.0,0.023061,1070.0,0.023069,1180.0,0.023073,2210.0
1753592086974,04:54:46.974,bybit,ACH/USDT:USDT,0.023067,62100.0,0.023061,1070.0,0.023069,1180.0,0.023073,2210.0
1753592087476,04:54:47.476,bybit,ACH/USDT:USDT,0.023068,1190.0,0.023067,62100.0,0.023073,2210.0,0.023075,240.0
1753592087575,04:54:47.575,bybit,ACH/USDT:USDT,0.023068,1190.0,0.023067,62100.0,0.023073,2210.0,0.023075,240.0
1753592087678,04:54:47.678,bybit,ACH/USDT:USDT,0.023069,2060.0,0.023067,62970.0,0.023073,2210.0,0.023075,240.0
1753592087775,04:54:47.775,bybit,ACH/USDT:USDT,0.02307,1190.0,0.023069,870.0,0.023073,2210.0,0.023075,240.0
1753592087876,04:54:47.876,bybit,ACH/USDT:USDT,0.02307,1190.0,0.023069,870.0,0.023073,2210.0,0.023075,240.0
1753592087975,04:54:47.975,bybit,ACH/USDT:USDT,0.02307,1190.0,0.023069,870.0,0.023073,2210.0,0.023075,240.0
1753592088075,04:54:48.075,bybit,ACH/USDT:USDT,0.02307,1190.0,0.023069,870.0,0.023073,2210.0,0.023075,240.0
1753592088673,04:54:48.673,bybit,ACH/USDT:USDT,0.02307,1190.0,0.023069,870.0,0.023073,2210.0,0.023075,240.0
1753592088775,04:54:48.775,bybit,ACH/USDT:USDT,0.023071,1190.0,0.023069,870.0,0.023073,2210.0,0.023075,240.0
1753592088976,04:54:48.976,bybit,ACH/USDT:USDT,0.023072,1190.0,0.023069,870.0,0.023073,2130.0,0.023075,240.0
1753592089074,04:54:49.074,bybit,ACH/USDT:USDT,0.023072,1190.0,0.023069,870.0,0.023073,2130.0,0.023075,240.0
1753592089375,04:54:49.375,bybit,ACH/USDT:USDT,0.023072,1190.0,0.023069,870.0,0.023073,2130.0,0.023075,240.0
1753592089677,04:54:49.677,bybit,ACH/USDT:USDT,0.023072,1190.0,0.023069,870.0,0.023073,2130.0,0.023075,240.0
1753592089975,04:54:49.975,bybit,ACH/USDT:USDT,0.023072,1190.0,0.023069,870.0,0.023073,2130.0,0.023075,240.0
1753592090075,04:54:50.075,bybit,ACH/USDT:USDT,0.023072,1190.0,0.023069,870.0,0.023073,2130.0,0.023075,240.0
1753592090675,04:54:50.675,bybit,ACH/USDT:USDT,0.023072,1190.0,0.023069,870.0,0.023073,2130.0,0.023075,240.0
1753592091373,04:54:51.373,bybit,ACH/USDT:USDT,0.023072,1190.0,0.023069,870.0,0.023073,2130.0,0.023075,240.0
1753592092276,04:54:52.276,bybit,ACH/USDT:USDT,0.023072,1190.0,0.023069,870.0,0.023073,2130.0,0.023075,240.0
1753592092875,04:54:52.875,bybit,ACH/USDT:USDT,0.023072,1190.0,0.023069,870.0,0.023073,2130.0,0.023075,240.0
1753592093775,04:54:53.775,bybit,ACH/USDT:USDT,0.023072,1190.0,0.023069,870.0,0.023073,2130.0,0.023075,240.0
1753592094773,04:54:54.773,bybit,ACH/USDT:USDT,0.023072,1190.0,0.023069,870.0,0.023073,2130.0,0.023075,240.0
1753592094875,04:54:54.875,bybit,ACH/USDT:USDT,0.023072,1190.0,0.023069,870.0,0.023073,2130.0,0.023075,240.0
1753592095274,04:54:55.274,bybit,ACH/USDT:USDT,0.023072,1190.0,0.023069,870.0,0.023073,2130.0,0.023075,240.0
1753592095375,04:54:55.375,bybit,ACH/USDT:USDT,0.023072,1190.0,0.023069,870.0,0.023073,2130.0,0.023075,240.0
1753592095474,04:54:55.474,bybit,ACH/USDT:USDT,0.023072,1190.0,0.023069,870.0,0.023073,2130.0,0.023075,240.0
1753592095680,04:54:55.680,bybit,ACH/USDT:USDT,0.023072,1190.0,0.023069,870.0,0.023073,2130.0,0.023075,240.0
1753592095775,04:54:55.775,bybit,ACH/USDT:USDT,0.023072,1190.0,0.023069,870.0,0.023073,2130.0,0.023075,240.0
1753592095975,04:54:55.975,bybit,ACH/USDT:USDT,0.023072,1190.0,0.023069,870.0,0.023073,2130.0,0.023075,240.0
1753592096279,04:54:56.279,bybit,ACH/USDT:USDT,0.023072,1190.0,0.023069,870.0,0.023073,2130.0,0.023075,240.0
1753592096374,04:54:56.374,bybit,ACH/USDT:USDT,0.023072,1190.0,0.023069,870.0,0.023073,2130.0,0.023075,240.0
1753592096475,04:54:56.475,bybit,ACH/USDT:USDT,0.023072,1190.0,0.023069,870.0,0.023073,2130.0,0.023075,240.0
1753592096574,04:54:56.574,bybit,ACH/USDT:USDT,0.023072,1190.0,0.023069,870.0,0.023073,2130.0,0.023075,240.0
1753592097074,04:54:57.074,bybit,ACH/USDT:USDT,0.023072,1190.0,0.023069,870.0,0.023073,2130.0,0.023075,240.0
1753592097775,04:54:57.775,bybit,ACH/USDT:USDT,0.023072,1190.0,0.023069,870.0,0.023073,2130.0,0.023075,240.0
1753592098075,04:54:58.075,bybit,ACH/USDT:USDT,0.023072,1190.0,0.023069,870.0,0.023073,2130.0,0.023075,240.0
1753592098175,04:54:58.175,bybit,ACH/USDT:USDT,0.023072,1190.0,0.023069,870.0,0.023073,2130.0,0.023075,240.0
1753592098574,04:54:58.574,bybit,ACH/USDT:USDT,0.023072,1190.0,0.023069,870.0,0.023073,2130.0,0.023075,240.0
1753592099074,04:54:59.074,bybit,ACH/USDT:USDT,0.023072,1190.0,0.023069,1590.0,0.023073,2130.0,0.023075,240.0
1753592099174,04:54:59.174,bybit,ACH/USDT:USDT,0.023072,1190.0,0.023069,1590.0,0.023073,2130.0,0.023075,240.0
1753592099374,04:54:59.374,bybit,ACH/USDT:USDT,0.023072,1190.0,0.023069,1590.0,0.023073,2130.0,0.023075,240.0
1753592099574,04:54:59.574,bybit,ACH/USDT:USDT,0.023072,1190.0,0.023069,1590.0,0.023073,2130.0,0.023075,240.0
1753592099680,04:54:59.680,bybit,ACH/USDT:USDT,0.023072,1190.0,0.023069,1590.0,0.023073,2130.0,0.023075,240.0
1753592100074,04:55:00.074,bybit,ACH/USDT:USDT,0.023072,1190.0,0.023069,1590.0,0.023073,1090.0,0.023075,240.0
1753592100174,04:55:00.174,bybit,ACH/USDT:USDT,0.023072,1190.0,0.023069,720.0,0.023073,1090.0,0.023075,240.0
1753592100473,04:55:00.473,bybit,ACH/USDT:USDT,0.023072,1190.0,0.023069,720.0,0.023073,1090.0,0.023074,190.0
1753592100675,04:55:00.675,bybit,ACH/USDT:USDT,0.023072,1190.0,0.023069,720.0,0.023073,1090.0,0.023074,190.0
1753592101075,04:55:01.075,bybit,ACH/USDT:USDT,0.023072,1190.0,0.023069,720.0,0.023073,1090.0,0.023074,190.0
1753592101174,04:55:01.174,bybit,ACH/USDT:USDT,0.023072,1190.0,0.023069,720.0,0.023073,1090.0,0.023074,190.0
1753592101274,04:55:01.274,bybit,ACH/USDT:USDT,0.023072,1190.0,0.023069,720.0,0.023073,1090.0,0.023074,190.0
1753592101375,04:55:01.375,bybit,ACH/USDT:USDT,0.023072,1190.0,0.023069,720.0,0.023073,1090.0,0.023074,190.0
1753592101576,04:55:01.576,bybit,ACH/USDT:USDT,0.023072,1190.0,0.023069,720.0,0.023073,1090.0,0.023074,190.0
1753592101876,04:55:01.876,bybit,ACH/USDT:USDT,0.023073,1910.0,0.023072,870.0,0.023074,190.0,0.023075,240.0
1753592101975,04:55:01.975,bybit,ACH/USDT:USDT,0.023073,1910.0,0.023072,870.0,0.023074,190.0,0.023075,240.0
1753592102374,04:55:02.374,bybit,ACH/USDT:USDT,0.023073,1910.0,0.023072,870.0,0.023074,190.0,0.023075,240.0
1753592102775,04:55:02.775,bybit,ACH/USDT:USDT,0.023073,1910.0,0.023072,870.0,0.023074,190.0,0.023075,240.0
1753592102873,04:55:02.873,bybit,ACH/USDT:USDT,0.023073,1910.0,0.023072,870.0,0.023074,190.0,0.023075,240.0
1753592102973,04:55:02.973,bybit,ACH/USDT:USDT,0.023073,1910.0,0.023072,870.0,0.023074,190.0,0.023075,240.0
1753592103073,04:55:03.073,bybit,ACH/USDT:USDT,0.023073,1910.0,0.023072,870.0,0.023074,190.0,0.023075,240.0
1753592103275,04:55:03.275,bybit,ACH/USDT:USDT,0.023073,1910.0,0.023072,870.0,0.023074,190.0,0.023075,240.0
1753592103375,04:55:03.375,bybit,ACH/USDT:USDT,0.023073,1910.0,0.023072,870.0,0.023074,190.0,0.023075,240.0
1753592103682,04:55:03.682,bybit,ACH/USDT:USDT,0.023073,1910.0,0.023072,870.0,0.023074,190.0,0.023075,240.0
1753592103873,04:55:03.873,bybit,ACH/USDT:USDT,0.023073,1910.0,0.023072,870.0,0.023074,190.0,0.023075,240.0
1753592104275,04:55:04.275,bybit,ACH/USDT:USDT,0.023073,1910.0,0.023072,870.0,0.023074,190.0,0.023075,240.0
1753592104374,04:55:04.374,bybit,ACH/USDT:USDT,0.023073,1910.0,0.023072,870.0,0.023074,190.0,0.023075,240.0
1753592104475,04:55:04.475,bybit,ACH/USDT:USDT,0.023073,1910.0,0.023072,870.0,0.023074,190.0,0.023075,240.0
1753592105074,04:55:05.074,bybit,ACH/USDT:USDT,0.023073,1910.0,0.02307,720.0,0.023074,190.0,0.023075,240.0
1753592105175,04:55:05.175,bybit,ACH/USDT:USDT,0.023073,1910.0,0.02307,720.0,0.023074,190.0,0.023075,240.0
1753592105275,04:55:05.275,bybit,ACH/USDT:USDT,0.023073,1910.0,0.02307,720.0,0.023074,190.0,0.023075,240.0
1753592105375,04:55:05.375,bybit,ACH/USDT:USDT,0.023073,1910.0,0.02307,720.0,0.023074,190.0,0.023075,240.0
1753592106175,04:55:06.175,bybit,ACH/USDT:USDT,0.023073,1910.0,0.02307,720.0,0.023074,190.0,0.023075,240.0
1753592106675,04:55:06.675,bybit,ACH/USDT:USDT,0.023073,1910.0,0.02307,720.0,0.023074,190.0,0.023075,240.0
1753592107575,04:55:07.575,bybit,ACH/USDT:USDT,0.023073,1910.0,0.023072,870.0,0.023074,190.0,0.023075,240.0
1753592108475,04:55:08.475,bybit,ACH/USDT:USDT,0.023073,1910.0,0.023072,870.0,0.023074,190.0,0.023075,240.0
1753592109184,04:55:09.184,bybit,ACH/USDT:USDT,0.023073,1910.0,0.023072,870.0,0.023074,190.0,0.023075,240.0
1753592109873,04:55:09.873,bybit,ACH/USDT:USDT,0.023073,1910.0,0.023072,870.0,0.023074,190.0,0.023075,240.0
1753592109974,04:55:09.974,bybit,ACH/USDT:USDT,0.023073,1910.0,0.023072,870.0,0.023074,190.0,0.023075,240.0
1753592110175,04:55:10.175,bybit,ACH/USDT:USDT,0.023073,1910.0,0.023072,870.0,0.023074,190.0,0.023075,240.0
1753592110873,04:55:10.873,bybit,ACH/USDT:USDT,0.023073,1910.0,0.023072,870.0,0.023074,190.0,0.023075,240.0
1753592111375,04:55:11.375,bybit,ACH/USDT:USDT,0.023073,1910.0,0.023072,870.0,0.023074,190.0,0.023075,240.0
1753592111475,04:55:11.475,bybit,ACH/USDT:USDT,0.023073,1910.0,0.023072,870.0,0.023074,190.0,0.023075,240.0
1753592111575,04:55:11.575,bybit,ACH/USDT:USDT,0.023073,1910.0,0.023072,870.0,0.023074,190.0,0.023075,240.0
1753592111873,04:55:11.873,bybit,ACH/USDT:USDT,0.023073,1910.0,0.02307,720.0,0.023074,190.0,0.023075,240.0
1753592111974,04:55:11.974,bybit,ACH/USDT:USDT,0.023073,1910.0,0.02307,720.0,0.023074,190.0,0.023075,240.0
1753592112174,04:55:12.174,bybit,ACH/USDT:USDT,0.023073,1910.0,0.02307,720.0,0.023074,190.0,0.023075,240.0
1753592112275,04:55:12.275,bybit,ACH/USDT:USDT,0.023073,1910.0,0.02307,720.0,0.023074,190.0,0.023075,240.0
1753592112476,04:55:12.476,bybit,ACH/USDT:USDT,0.023073,1910.0,0.02307,720.0,0.023074,190.0,0.023075,240.0
1753592112974,04:55:12.974,bybit,ACH/USDT:USDT,0.023073,1910.0,0.02307,720.0,0.023074,190.0,0.023075,240.0
1753592113475,04:55:13.475,bybit,ACH/USDT:USDT,0.02307,1190.0,0.023069,720.0,0.023073,3570.0,0.023074,190.0
1753592113574,04:55:13.574,bybit,ACH/USDT:USDT,0.02307,1190.0,0.023069,720.0,0.023073,3570.0,0.023074,190.0
1753592113677,04:55:13.677,bybit,ACH/USDT:USDT,0.023071,1190.0,0.023069,720.0,0.023073,3570.0,0.023074,190.0
1753592113875,04:55:13.875,bybit,ACH/USDT:USDT,0.023071,1190.0,0.023069,720.0,0.023073,3570.0,0.023074,190.0
1753592113975,04:55:13.975,bybit,ACH/USDT:USDT,0.023071,1190.0,0.023069,720.0,0.023073,3570.0,0.023074,190.0
1753592114074,04:55:14.074,bybit,ACH/USDT:USDT,0.023071,1190.0,0.023069,720.0,0.023073,3570.0,0.023074,190.0
1753592114677,04:55:14.677,bybit,ACH/USDT:USDT,0.023071,1190.0,0.023069,720.0,0.023073,3570.0,0.023074,190.0
1753592114774,04:55:14.774,bybit,ACH/USDT:USDT,0.023071,1190.0,0.023069,720.0,0.023073,3570.0,0.023074,190.0
1753592115474,04:55:15.474,bybit,ACH/USDT:USDT,0.023071,1190.0,0.023069,720.0,0.023073,3570.0,0.023074,190.0
1753592115677,04:55:15.677,bybit,ACH/USDT:USDT,0.023071,1190.0,0.023069,720.0,0.023073,3570.0,0.023074,190.0
1753592115775,04:55:15.775,bybit,ACH/USDT:USDT,0.023072,1190.0,0.023069,720.0,0.023073,3570.0,0.023074,190.0
1753592115874,04:55:15.874,bybit,ACH/USDT:USDT,0.023072,1190.0,0.023069,720.0,0.023073,3570.0,0.023074,190.0
1753592116075,04:55:16.075,bybit,ACH/USDT:USDT,0.023072,1190.0,0.023069,720.0,0.023073,3570.0,0.023074,190.0
1753592116573,04:55:16.573,bybit,ACH/USDT:USDT,0.023072,1190.0,0.023069,720.0,0.023073,3570.0,0.023074,190.0
1753592116775,04:55:16.775,bybit,ACH/USDT:USDT,0.023072,1190.0,0.023069,720.0,0.023073,3570.0,0.023074,190.0
1753592116975,04:55:16.975,bybit,ACH/USDT:USDT,0.023072,1190.0,0.023069,720.0,0.023073,3570.0,0.023074,190.0
1753592117775,04:55:17.775,bybit,ACH/USDT:USDT,0.023072,1190.0,0.023069,720.0,0.023073,3570.0,0.023074,190.0
1753592117874,04:55:17.874,bybit,ACH/USDT:USDT,0.023072,1190.0,0.023069,720.0,0.023073,3570.0,0.023074,190.0
1753592118775,04:55:18.775,bybit,ACH/USDT:USDT,0.023072,1190.0,0.023069,720.0,0.023073,3570.0,0.023074,190.0
1753592118875,04:55:18.875,bybit,ACH/USDT:USDT,0.023072,1190.0,0.023069,720.0,0.023073,3670.0,0.023074,190.0
1753592121476,04:55:21.476,bybit,ACH/USDT:USDT,0.023072,1190.0,0.023069,720.0,0.023073,3670.0,0.023074,190.0
1753592122774,04:55:22.774,bybit,ACH/USDT:USDT,0.023072,1190.0,0.023067,62100.0,0.023073,3670.0,0.023074,190.0
1753592122873,04:55:22.873,bybit,ACH/USDT:USDT,0.023072,1190.0,0.023067,62100.0,0.023073,3670.0,0.023074,190.0
1753592123075,04:55:23.075,bybit,ACH/USDT:USDT,0.023072,1190.0,0.023067,62100.0,0.023073,3670.0,0.023074,190.0
1753592123276,04:55:23.276,bybit,ACH/USDT:USDT,0.023072,1190.0,0.023067,62100.0,0.023073,3670.0,0.023074,190.0
1753592123375,04:55:23.375,bybit,ACH/USDT:USDT,0.023072,1190.0,0.023067,62100.0,0.023073,3670.0,0.023074,190.0
1753592123474,04:55:23.474,bybit,ACH/USDT:USDT,0.023072,1190.0,0.023067,62100.0,0.023073,3670.0,0.023074,190.0
1753592123574,04:55:23.574,bybit,ACH/USDT:USDT,0.023067,62100.0,0.023066,220.0,0.023072,3570.0,0.023073,100.0
1753592123678,04:55:23.678,bybit,ACH/USDT:USDT,0.023067,62100.0,0.023066,220.0,0.023071,3570.0,0.023073,100.0
1753592123775,04:55:23.775,bybit,ACH/USDT:USDT,0.023068,1190.0,0.023067,62100.0,0.023071,3570.0,0.023073,100.0
1753592123875,04:55:23.875,bybit,ACH/USDT:USDT,0.023068,1190.0,0.023067,62100.0,0.023071,3570.0,0.023073,100.0
1753592123975,04:55:23.975,bybit,ACH/USDT:USDT,0.023068,1190.0,0.023067,62100.0,0.023071,3570.0,0.023073,100.0
1753592124175,04:55:24.175,bybit,ACH/USDT:USDT,0.023068,1190.0,0.023067,62100.0,0.023071,3570.0,0.023073,100.0
1753592124576,04:55:24.576,bybit,ACH/USDT:USDT,0.023068,1190.0,0.023067,62100.0,0.023071,3570.0,0.023073,100.0
1753592125375,04:55:25.375,bybit,ACH/USDT:USDT,0.023068,1190.0,0.023067,62100.0,0.023071,3570.0,0.023073,100.0
1753592125576,04:55:25.576,bybit,ACH/USDT:USDT,0.023069,1190.0,0.023067,62100.0,0.023071,3570.0,0.023073,100.0
1753592125674,04:55:25.674,bybit,ACH/USDT:USDT,0.023069,1190.0,0.023067,62100.0,0.023071,3570.0,0.023073,100.0
1753592125776,04:55:25.776,bybit,ACH/USDT:USDT,0.023069,1190.0,0.023067,62100.0,0.023071,3570.0,0.023073,100.0
1753592125874,04:55:25.874,bybit,ACH/USDT:USDT,0.023069,1190.0,0.023067,62100.0,0.023071,3570.0,0.023073,100.0
1753592126374,04:55:26.374,bybit,ACH/USDT:USDT,0.023069,1190.0,0.023067,62100.0,0.023071,3570.0,0.023073,100.0
1753592126773,04:55:26.773,bybit,ACH/USDT:USDT,0.023069,1190.0,0.023067,62100.0,0.023071,3570.0,0.023073,100.0
1753592127176,04:55:27.176,bybit,ACH/USDT:USDT,0.023069,1190.0,0.023067,62100.0,0.023071,3570.0,0.023073,100.0
1753592127474,04:55:27.474,bybit,ACH/USDT:USDT,0.023069,1190.0,0.023067,62100.0,0.023071,3570.0,0.023073,100.0
1753592128373,04:55:28.373,bybit,ACH/USDT:USDT,0.023069,1190.0,0.023067,62100.0,0.023071,3570.0,0.023073,100.0
1753592128473,04:55:28.473,bybit,ACH/USDT:USDT,0.023069,1190.0,0.023067,62100.0,0.023071,3570.0,0.023073,100.0
1753592128673,04:55:28.673,bybit,ACH/USDT:USDT,0.023069,1190.0,0.023067,62100.0,0.023071,3570.0,0.023073,100.0
1753592128774,04:55:28.774,bybit,ACH/USDT:USDT,0.023069,1190.0,0.023067,62100.0,0.023071,3570.0,0.023073,100.0
1753592128875,04:55:28.875,bybit,ACH/USDT:USDT,0.023069,1190.0,0.023067,62100.0,0.023071,3570.0,0.023073,100.0
1753592128975,04:55:28.975,bybit,ACH/USDT:USDT,0.023069,1190.0,0.023067,62100.0,0.023071,3570.0,0.023073,100.0
1753592130376,04:55:30.376,bybit,ACH/USDT:USDT,0.023069,1190.0,0.023067,62100.0,0.023071,3570.0,0.023073,100.0
1753592131975,04:55:31.975,bybit,ACH/USDT:USDT,0.023069,250.0,0.023067,62100.0,0.02307,3570.0,0.023073,100.0
1753592132375,04:55:32.375,bybit,ACH/USDT:USDT,0.023069,250.0,0.023067,62100.0,0.02307,3570.0,0.023073,100.0
1753592132576,04:55:32.576,bybit,ACH/USDT:USDT,0.023069,250.0,0.023067,62100.0,0.02307,3570.0,0.023073,100.0
1753592133175,04:55:33.175,bybit,ACH/USDT:USDT,0.023069,250.0,0.023067,62100.0,0.02307,3570.0,0.023073,100.0
1753592133275,04:55:33.275,bybit,ACH/USDT:USDT,0.023069,250.0,0.023067,62100.0,0.02307,3570.0,0.023073,100.0
1753592133476,04:55:33.476,bybit,ACH/USDT:USDT,0.023069,250.0,0.023067,62100.0,0.02307,3570.0,0.023073,100.0
1753592133677,04:55:33.677,bybit,ACH/USDT:USDT,0.023069,250.0,0.023067,62100.0,0.02307,3570.0,0.023073,100.0
1753592133773,04:55:33.773,bybit,ACH/USDT:USDT,0.023069,250.0,0.023067,62100.0,0.02307,3570.0,0.023073,600.0
1753592133873,04:55:33.873,bybit,ACH/USDT:USDT,0.023069,250.0,0.023067,62100.0,0.02307,3570.0,0.023073,100.0
1753592133975,04:55:33.975,bybit,ACH/USDT:USDT,0.023069,250.0,0.023067,62100.0,0.02307,3570.0,0.023073,100.0
1753592134475,04:55:34.475,bybit,ACH/USDT:USDT,0.023069,250.0,0.023067,62100.0,0.02307,3570.0,0.023073,100.0
1753592134574,04:55:34.574,bybit,ACH/USDT:USDT,0.023069,250.0,0.023067,62100.0,0.02307,3570.0,0.023073,100.0
1753592134674,04:55:34.674,bybit,ACH/USDT:USDT,0.023069,250.0,0.023067,62100.0,0.02307,3570.0,0.023073,100.0
1753592134973,04:55:34.973,bybit,ACH/USDT:USDT,0.023069,250.0,0.023067,62100.0,0.02307,3570.0,0.023073,100.0
1753592135975,04:55:35.975,bybit,ACH/USDT:USDT,0.023067,62100.0,0.023066,220.0,0.023069,4780.0,0.02307,390.0
1753592136075,04:55:36.075,bybit,ACH/USDT:USDT,0.023067,62100.0,0.023066,220.0,0.023068,3570.0,0.023069,1210.0
1753592136178,04:55:36.178,bybit,ACH/USDT:USDT,0.023067,62100.0,0.023066,220.0,0.023068,3570.0,0.023069,1210.0
1753592136275,04:55:36.275,bybit,ACH/USDT:USDT,0.023067,62100.0,0.023066,220.0,0.023068,3570.0,0.023069,1210.0
1753592136474,04:55:36.474,bybit,ACH/USDT:USDT,0.023067,62100.0,0.023066,220.0,0.023068,3570.0,0.023069,1210.0
1753592136575,04:55:36.575,bybit,ACH/USDT:USDT,0.023067,62100.0,0.023066,220.0,0.023068,3570.0,0.023073,920.0
1753592136674,04:55:36.674,bybit,ACH/USDT:USDT,0.023067,62100.0,0.023066,220.0,0.023068,3570.0,0.023073,920.0
1753592136974,04:55:36.974,bybit,ACH/USDT:USDT,0.023067,62100.0,0.023066,220.0,0.023068,3570.0,0.023073,920.0
1753592137073,04:55:37.073,bybit,ACH/USDT:USDT,0.023067,62100.0,0.023066,220.0,0.023068,3570.0,0.023073,920.0
1753592137275,04:55:37.275,bybit,ACH/USDT:USDT,0.023067,62100.0,0.023066,220.0,0.023068,3570.0,0.023073,920.0
1753592137373,04:55:37.373,bybit,ACH/USDT:USDT,0.023067,62100.0,0.023066,220.0,0.023068,3570.0,0.023073,920.0
1753592137475,04:55:37.475,bybit,ACH/USDT:USDT,0.023067,62100.0,0.023066,220.0,0.023068,3570.0,0.023073,920.0
1753592137575,04:55:37.575,bybit,ACH/USDT:USDT,0.023067,62100.0,0.023066,220.0,0.023068,3570.0,0.023073,920.0
1753592137975,04:55:37.975,bybit,ACH/USDT:USDT,0.023067,62100.0,0.023066,220.0,0.023068,3570.0,0.023073,920.0
1753592138075,04:55:38.075,bybit,ACH/USDT:USDT,0.023067,62100.0,0.023066,220.0,0.023068,3570.0,0.023073,920.0
1753592138175,04:55:38.175,bybit,ACH/USDT:USDT,0.023067,62100.0,0.023066,220.0,0.023068,3570.0,0.023073,920.0
1753592138674,04:55:38.674,bybit,ACH/USDT:USDT,0.023067,62100.0,0.023066,220.0,0.023068,3570.0,0.023073,540.0
1753592138775,04:55:38.775,bybit,ACH/USDT:USDT,0.023067,62100.0,0.023066,220.0,0.023068,3570.0,0.023073,540.0
1753592138974,04:55:38.974,bybit,ACH/USDT:USDT,0.023067,62100.0,0.023066,220.0,0.023068,3570.0,0.023073,540.0
1753592139274,04:55:39.274,bybit,ACH/USDT:USDT,0.023067,62100.0,0.023066,220.0,0.023068,3570.0,0.023073,540.0
1753592139474,04:55:39.474,bybit,ACH/USDT:USDT,0.023067,62100.0,0.023066,220.0,0.023068,3570.0,0.023073,920.0
1753592139775,04:55:39.775,bybit,ACH/USDT:USDT,0.023067,62100.0,0.023066,220.0,0.023068,3570.0,0.023073,920.0
1753592139975,04:55:39.975,bybit,ACH/USDT:USDT,0.023067,62100.0,0.023066,220.0,0.023068,3570.0,0.023073,920.0
1753592140474,04:55:40.474,bybit,ACH/USDT:USDT,0.023067,62100.0,0.023066,220.0,0.023068,3570.0,0.023073,920.0
1753592140574,04:55:40.574,bybit,ACH/USDT:USDT,0.023067,62100.0,0.023066,220.0,0.023068,3570.0,0.023073,920.0
1753592140874,04:55:40.874,bybit,ACH/USDT:USDT,0.023067,62100.0,0.023066,220.0,0.023068,3570.0,0.023073,920.0
1753592141174,04:55:41.174,bybit,ACH/USDT:USDT,0.023067,62100.0,0.023066,220.0,0.023068,3570.0,0.023073,540.0
1753592141275,04:55:41.275,bybit,ACH/USDT:USDT,0.023067,62100.0,0.023066,220.0,0.023068,3570.0,0.023073,540.0
1753592141373,04:55:41.373,bybit,ACH/USDT:USDT,0.023067,62100.0,0.023066,220.0,0.023068,3570.0,0.023073,540.0
1753592141475,04:55:41.475,bybit,ACH/USDT:USDT,0.023067,62100.0,0.023066,220.0,0.023068,3570.0,0.023073,920.0
1753592141775,04:55:41.775,bybit,ACH/USDT:USDT,0.023067,62100.0,0.023066,220.0,0.023068,3570.0,0.023073,920.0
1753592141875,04:55:41.875,bybit,ACH/USDT:USDT,0.023067,62100.0,0.023066,220.0,0.023068,3570.0,0.023073,540.0
1753592142375,04:55:42.375,bybit,ACH/USDT:USDT,0.023067,62100.0,0.023066,220.0,0.023068,3570.0,0.023073,920.0
1753592142774,04:55:42.774,bybit,ACH/USDT:USDT,0.023067,62100.0,0.023066,220.0,0.023068,3570.0,0.023073,920.0
1753592142875,04:55:42.875,bybit,ACH/USDT:USDT,0.023067,62100.0,0.023066,220.0,0.023068,3570.0,0.023073,920.0
1753592143775,04:55:43.775,bybit,ACH/USDT:USDT,0.023067,62100.0,0.023066,220.0,0.023068,3570.0,0.023073,540.0
1753592144075,04:55:44.075,bybit,ACH/USDT:USDT,0.023067,62100.0,0.023066,220.0,0.023068,3570.0,0.023073,540.0
1753592144575,04:55:44.575,bybit,ACH/USDT:USDT,0.023067,62100.0,0.023066,220.0,0.023068,3570.0,0.023073,540.0
1753592144675,04:55:44.675,bybit,ACH/USDT:USDT,0.023067,62100.0,0.023066,220.0,0.023068,3570.0,0.023073,540.0
1753592144773,04:55:44.773,bybit,ACH/USDT:USDT,0.023067,62160.0,0.023066,220.0,0.023068,3570.0,0.023073,100.0
1753592144875,04:55:44.875,bybit,ACH/USDT:USDT,0.023067,62160.0,0.023066,220.0,0.023068,3570.0,0.023073,100.0
1753592145573,04:55:45.573,bybit,ACH/USDT:USDT,0.023067,62160.0,0.023066,220.0,0.023068,3570.0,0.023073,100.0
1753592147274,04:55:47.274,bybit,ACH/USDT:USDT,0.023067,62160.0,0.023066,220.0,0.023068,3570.0,0.023073,100.0
1753592147374,04:55:47.374,bybit,ACH/USDT:USDT,0.023067,62160.0,0.023066,220.0,0.023068,3570.0,0.023073,100.0
1753592147476,04:55:47.476,bybit,ACH/USDT:USDT,0.023067,62160.0,0.023066,220.0,0.023068,3570.0,0.023073,100.0
1753592147583,04:55:47.583,bybit,ACH/USDT:USDT,0.023067,62160.0,0.023066,220.0,0.023068,3570.0,0.023073,100.0
1753592147678,04:55:47.678,bybit,ACH/USDT:USDT,0.023067,62160.0,0.023066,220.0,0.023068,3570.0,0.023073,100.0
1753592148674,04:55:48.674,bybit,ACH/USDT:USDT,0.023067,62160.0,0.023066,220.0,0.023068,3570.0,0.023073,100.0
1753592148775,04:55:48.775,bybit,ACH/USDT:USDT,0.023067,62160.0,0.023066,220.0,0.023068,3570.0,0.023073,530.0
1753592148874,04:55:48.874,bybit,ACH/USDT:USDT,0.023067,62160.0,0.023066,220.0,0.023068,3570.0,0.023073,530.0
1753592148974,04:55:48.974,bybit,ACH/USDT:USDT,0.023067,62160.0,0.023066,220.0,0.023068,3570.0,0.023073,100.0
1753592149073,04:55:49.073,bybit,ACH/USDT:USDT,0.023067,62160.0,0.023066,220.0,0.023068,3570.0,0.023073,100.0
1753592149275,04:55:49.275,bybit,ACH/USDT:USDT,0.023067,62160.0,0.023066,220.0,0.023068,3570.0,0.023073,100.0
1753592149375,04:55:49.375,bybit,ACH/USDT:USDT,0.023067,62160.0,0.023066,220.0,0.023068,3570.0,0.023073,100.0
1753592150174,04:55:50.174,bybit,ACH/USDT:USDT,0.023067,62160.0,0.023066,220.0,0.023068,3570.0,0.023073,100.0
1753592150275,04:55:50.275,bybit,ACH/USDT:USDT,0.023067,62160.0,0.023066,220.0,0.023068,3570.0,0.023073,100.0
1753592150373,04:55:50.373,bybit,ACH/USDT:USDT,0.023067,62160.0,0.023066,220.0,0.023068,3570.0,0.023073,100.0
1753592151574,04:55:51.574,bybit,ACH/USDT:USDT,0.023067,62160.0,0.023066,220.0,0.023068,3570.0,0.023073,100.0
1753592151974,04:55:51.974,bybit,ACH/USDT:USDT,0.023067,62160.0,0.023066,220.0,0.023068,3570.0,0.023073,100.0
1753592152375,04:55:52.375,bybit,ACH/USDT:USDT,0.023067,62160.0,0.023066,220.0,0.023068,3570.0,0.023073,100.0
1753592152475,04:55:52.475,bybit,ACH/USDT:USDT,0.023067,62160.0,0.023066,220.0,0.023068,3570.0,0.023073,100.0
1753592153374,04:55:53.374,bybit,ACH/USDT:USDT,0.023067,62160.0,0.023066,220.0,0.023068,3570.0,0.023073,100.0
1753592153681,04:55:53.681,bybit,ACH/USDT:USDT,0.023067,62160.0,0.023066,220.0,0.023068,3570.0,0.023073,100.0
1753592154475,04:55:54.475,bybit,ACH/USDT:USDT,0.023067,62160.0,0.023066,220.0,0.023068,3570.0,0.023073,100.0
1753592154973,04:55:54.973,bybit,ACH/USDT:USDT,0.023067,62160.0,0.023066,220.0,0.023068,3570.0,0.023073,100.0
1753592155374,04:55:55.374,bybit,ACH/USDT:USDT,0.023067,62160.0,0.023066,220.0,0.023068,3570.0,0.023073,100.0
1753592155473,04:55:55.473,bybit,ACH/USDT:USDT,0.023067,62160.0,0.023066,220.0,0.023068,3570.0,0.023073,100.0
1753592155574,04:55:55.574,bybit,ACH/USDT:USDT,0.023067,62160.0,0.023066,220.0,0.023068,3570.0,0.023073,100.0
1753592155683,04:55:55.683,bybit,ACH/USDT:USDT,0.023067,62160.0,0.023066,1090.0,0.023068,3570.0,0.023073,100.0
1753592155775,04:55:55.775,bybit,ACH/USDT:USDT,0.023068,1910.0,0.023067,62160.0,0.023073,100.0,0.023074,190.0
1753592155875,04:55:55.875,bybit,ACH/USDT:USDT,0.023068,1910.0,0.023067,62160.0,0.023073,100.0,0.023074,190.0
1753592156075,04:55:56.075,bybit,ACH/USDT:USDT,0.023068,1910.0,0.023067,62160.0,0.023073,100.0,0.023074,190.0
1753592156375,04:55:56.375,bybit,ACH/USDT:USDT,0.023069,1910.0,0.023068,720.0,0.023073,100.0,0.023074,190.0
1753592157176,04:55:57.176,bybit,ACH/USDT:USDT,0.023069,1910.0,0.023068,720.0,0.023073,100.0,0.023074,190.0
1753592157275,04:55:57.275,bybit,ACH/USDT:USDT,0.02307,1190.0,0.023069,720.0,0.023073,100.0,0.023074,190.0
1753592157375,04:55:57.375,bybit,ACH/USDT:USDT,0.02307,1190.0,0.023069,720.0,0.023073,100.0,0.023074,190.0
1753592157474,04:55:57.474,bybit,ACH/USDT:USDT,0.02307,1190.0,0.023069,720.0,0.023073,1520.0,0.023074,190.0
1753592157575,04:55:57.575,bybit,ACH/USDT:USDT,0.02307,1190.0,0.023069,720.0,0.023073,1520.0,0.023074,190.0
1753592157677,04:55:57.677,bybit,ACH/USDT:USDT,0.02307,1190.0,0.023069,720.0,0.023073,1520.0,0.023074,190.0
1753592157874,04:55:57.874,bybit,ACH/USDT:USDT,0.02307,1190.0,0.023069,720.0,0.023073,1520.0,0.023074,190.0
1753592158075,04:55:58.075,bybit,ACH/USDT:USDT,0.02307,1190.0,0.023069,720.0,0.023073,1520.0,0.023074,190.0
1753592158475,04:55:58.475,bybit,ACH/USDT:USDT,0.023071,1190.0,0.023069,720.0,0.023073,1520.0,0.023074,190.0
1753592158675,04:55:58.675,bybit,ACH/USDT:USDT,0.023071,1190.0,0.023069,720.0,0.023073,1520.0,0.023074,190.0
1753592159475,04:55:59.475,bybit,ACH/USDT:USDT,0.023071,1190.0,0.023069,720.0,0.023073,1520.0,0.023074,190.0
1753592159973,04:55:59.973,bybit,ACH/USDT:USDT,0.023071,1190.0,0.023069,720.0,0.023073,1520.0,0.023074,190.0
1753592160074,04:56:00.074,bybit,ACH/USDT:USDT,0.023072,1190.0,0.023071,1190.0,0.023073,1520.0,0.023075,240.0
1753592160176,04:56:00.176,bybit,ACH/USDT:USDT,0.023072,1190.0,0.023069,720.0,0.023073,1520.0,0.023075,240.0
1753592160275,04:56:00.275,bybit,ACH/USDT:USDT,0.023072,1190.0,0.023069,720.0,0.023073,1520.0,0.023075,240.0
1753592160474,04:56:00.474,bybit,ACH/USDT:USDT,0.023072,1190.0,0.023069,720.0,0.023073,1520.0,0.023075,240.0
1753592160675,04:56:00.675,bybit,ACH/USDT:USDT,0.023072,1190.0,0.023069,720.0,0.023073,1520.0,0.023075,240.0
1753592160774,04:56:00.774,bybit,ACH/USDT:USDT,0.023072,1190.0,0.023069,720.0,0.023073,1520.0,0.023075,240.0
1753592161475,04:56:01.475,bybit,ACH/USDT:USDT,0.023072,1190.0,0.023069,720.0,0.023073,1520.0,0.023075,240.0
1753592161673,04:56:01.673,bybit,ACH/USDT:USDT,0.023072,1190.0,0.023069,720.0,0.023073,1520.0,0.023075,240.0
1753592161876,04:56:01.876,bybit,ACH/USDT:USDT,0.023072,1190.0,0.023069,720.0,0.023073,1520.0,0.023075,240.0
1753592161975,04:56:01.975,bybit,ACH/USDT:USDT,0.023072,1190.0,0.023069,720.0,0.023073,1520.0,0.023075,240.0
1753592162074,04:56:02.074,bybit,ACH/USDT:USDT,0.023072,1190.0,0.023069,720.0,0.023073,1520.0,0.023075,240.0
1753592162176,04:56:02.176,bybit,ACH/USDT:USDT,0.023072,1190.0,0.023069,720.0,0.023073,1520.0,0.023075,240.0
1753592162775,04:56:02.775,bybit,ACH/USDT:USDT,0.023072,1190.0,0.023069,720.0,0.023073,1520.0,0.023075,240.0
1753592163974,04:56:03.974,bybit,ACH/USDT:USDT,0.023072,1190.0,0.023069,720.0,0.023073,1520.0,0.023075,240.0
1753592164075,04:56:04.075,bybit,ACH/USDT:USDT,0.023072,1190.0,0.023069,720.0,0.023073,1520.0,0.023075,240.0
1753592164174,04:56:04.174,bybit,ACH/USDT:USDT,0.023072,1190.0,0.023069,720.0,0.023073,1520.0,0.023075,240.0
1753592165174,04:56:05.174,bybit,ACH/USDT:USDT,0.023072,1190.0,0.023069,720.0,0.023073,100.0,0.023075,240.0
1753592165375,04:56:05.375,bybit,ACH/USDT:USDT,0.023072,1190.0,0.023069,720.0,0.023073,100.0,0.023075,240.0
1753592165575,04:56:05.575,bybit,ACH/USDT:USDT,0.023072,1190.0,0.023069,720.0,0.023073,100.0,0.023075,240.0
1753592165975,04:56:05.975,bybit,ACH/USDT:USDT,0.023067,36360.0,0.023065,220.0,0.023068,5870.0,0.023073,10080.0
1753592166076,04:56:06.076,bybit,ACH/USDT:USDT,0.023067,36360.0,0.023065,220.0,0.023068,3030.0,0.023073,1750.0
1753592166176,04:56:06.176,bybit,ACH/USDT:USDT,0.023067,36360.0,0.023065,220.0,0.023068,3030.0,0.023073,1310.0
1753592166275,04:56:06.275,bybit,ACH/USDT:USDT,0.023067,36360.0,0.023065,220.0,0.023068,2390.0,0.023073,1310.0
1753592166375,04:56:06.375,bybit,ACH/USDT:USDT,0.023067,36360.0,0.023065,220.0,0.023068,2390.0,0.023073,1310.0
1753592166475,04:56:06.475,bybit,ACH/USDT:USDT,0.023067,36360.0,0.023065,220.0,0.023068,2390.0,0.023073,1310.0
1753592166573,04:56:06.573,bybit,ACH/USDT:USDT,0.023067,36360.0,0.023065,220.0,0.023068,2390.0,0.023073,1310.0
1753592166775,04:56:06.775,bybit,ACH/USDT:USDT,0.023067,36360.0,0.023065,220.0,0.023068,2390.0,0.023073,1310.0
1753592166875,04:56:06.875,bybit,ACH/USDT:USDT,0.023067,36360.0,0.023065,220.0,0.023068,2650.0,0.023073,1310.0
1753592167075,04:56:07.075,bybit,ACH/USDT:USDT,0.023067,36360.0,0.023065,220.0,0.023068,2650.0,0.023073,1310.0
1753592167174,04:56:07.174,bybit,ACH/USDT:USDT,0.023067,36360.0,0.023065,220.0,0.023068,2650.0,0.023073,1310.0
