timestamp,time,exchange,symbol,bid1_price,bid1_volume,bid2_price,bid2_volume,ask1_price,ask1_volume,ask2_price,ask2_volume
1753591883457,04:51:23.457,binance,1INCH/USDT:USDT,0.2847,9204.0,0.2846,16849.0,0.2848,4435.0,0.2849,11706.0
1753591883693,04:51:23.693,binance,1INCH/USDT:USDT,0.2847,9204.0,0.2846,18867.0,0.2848,4435.0,0.2849,11706.0
1753591883977,04:51:23.977,binance,1INCH/USDT:USDT,0.2847,9204.0,0.2846,18867.0,0.2848,4435.0,0.2849,11706.0
1753591884088,04:51:24.088,binance,1INCH/USDT:USDT,0.2847,9204.0,0.2846,18867.0,0.2848,4435.0,0.2849,11706.0
1753591884429,04:51:24.429,binance,1INCH/USDT:USDT,0.2847,9223.0,0.2846,18867.0,0.2848,4435.0,0.2849,11706.0
1753591884602,04:51:24.602,binance,1INCH/USDT:USDT,0.2847,7310.0,0.2846,18867.0,0.2848,4435.0,0.2849,11706.0
1753591885111,04:51:25.111,binance,1INCH/USDT:USDT,0.2847,7284.0,0.2846,18867.0,0.2848,3835.0,0.2849,11706.0
1753591885227,04:51:25.227,binance,1INCH/USDT:USDT,0.2847,7069.0,0.2846,18867.0,0.2848,6777.0,0.2849,11706.0
1753591885335,04:51:25.335,binance,1INCH/USDT:USDT,0.2847,7069.0,0.2846,18867.0,0.2848,6835.0,0.2849,10909.0
1753591885565,04:51:25.565,binance,1INCH/USDT:USDT,0.2847,7067.0,0.2846,18867.0,0.2848,6835.0,0.2849,10560.0
1753591885684,04:51:25.684,binance,1INCH/USDT:USDT,0.2847,7093.0,0.2846,18867.0,0.2848,6974.0,0.2849,10560.0
1753591886802,04:51:26.802,binance,1INCH/USDT:USDT,0.2847,7067.0,0.2846,18867.0,0.2848,6974.0,0.2849,10560.0
1753591887586,04:51:27.586,binance,1INCH/USDT:USDT,0.2847,7067.0,0.2846,18867.0,0.2848,6764.0,0.2849,10560.0
1753591887701,04:51:27.701,binance,1INCH/USDT:USDT,0.2847,7067.0,0.2846,18867.0,0.2848,6764.0,0.2849,10560.0
1753591888616,04:51:28.616,binance,1INCH/USDT:USDT,0.2847,7067.0,0.2846,18867.0,0.2848,6764.0,0.2849,10560.0
1753591889102,04:51:29.102,binance,1INCH/USDT:USDT,0.2847,7067.0,0.2846,18867.0,0.2848,6764.0,0.2849,10560.0
1753591889209,04:51:29.209,binance,1INCH/USDT:USDT,0.2847,7067.0,0.2846,18867.0,0.2848,6764.0,0.2849,10560.0
1753591889702,04:51:29.702,binance,1INCH/USDT:USDT,0.2847,7093.0,0.2846,18867.0,0.2848,6764.0,0.2849,10560.0
1753591890302,04:51:30.302,binance,1INCH/USDT:USDT,0.2847,7067.0,0.2846,18867.0,0.2848,6764.0,0.2849,10560.0
1753591890409,04:51:30.409,binance,1INCH/USDT:USDT,0.2847,7067.0,0.2846,18867.0,0.2848,6764.0,0.2849,10560.0
1753591890572,04:51:30.572,binance,1INCH/USDT:USDT,0.2847,7067.0,0.2846,18867.0,0.2848,6764.0,0.2849,10560.0
1753591890902,04:51:30.902,binance,1INCH/USDT:USDT,0.2847,7067.0,0.2846,18867.0,0.2848,6764.0,0.2849,10560.0
1753591891088,04:51:31.088,binance,1INCH/USDT:USDT,0.2847,7067.0,0.2846,18867.0,0.2848,3764.0,0.2849,10560.0
1753591891298,04:51:31.298,binance,1INCH/USDT:USDT,0.2847,7067.0,0.2846,18867.0,0.2848,3764.0,0.2849,10560.0
1753591891502,04:51:31.502,binance,1INCH/USDT:USDT,0.2847,7067.0,0.2846,18867.0,0.2848,3764.0,0.2849,10560.0
1753591891859,04:51:31.859,binance,1INCH/USDT:USDT,0.2847,7067.0,0.2846,19745.0,0.2848,3657.0,0.2849,10560.0
1753591892040,04:51:32.040,binance,1INCH/USDT:USDT,0.2847,7067.0,0.2846,19745.0,0.2848,3657.0,0.2849,10560.0
1753591892172,04:51:32.172,binance,1INCH/USDT:USDT,0.2847,7067.0,0.2846,19745.0,0.2848,3657.0,0.2849,10560.0
1753591892469,04:51:32.469,binance,1INCH/USDT:USDT,0.2847,6904.0,0.2846,19745.0,0.2848,3728.0,0.2849,10560.0
1753591892585,04:51:32.585,binance,1INCH/USDT:USDT,0.2847,6904.0,0.2846,19745.0,0.2848,3657.0,0.2849,10560.0
1753591892687,04:51:32.687,binance,1INCH/USDT:USDT,0.2847,6904.0,0.2846,19745.0,0.2848,3657.0,0.2849,10560.0
1753591892848,04:51:32.848,binance,1INCH/USDT:USDT,0.2847,6904.0,0.2846,19745.0,0.2848,3657.0,0.2849,10560.0
1753591893071,04:51:33.071,binance,1INCH/USDT:USDT,0.2847,6904.0,0.2846,19745.0,0.2848,3657.0,0.2849,10560.0
1753591893573,04:51:33.573,binance,1INCH/USDT:USDT,0.2847,6904.0,0.2846,19745.0,0.2848,1886.0,0.2849,12191.0
1753591893702,04:51:33.702,binance,1INCH/USDT:USDT,0.2847,6904.0,0.2846,19745.0,0.2848,1886.0,0.2849,12191.0
1753591893865,04:51:33.865,binance,1INCH/USDT:USDT,0.2847,6904.0,0.2846,19745.0,0.2848,1886.0,0.2849,12191.0
1753591894302,04:51:34.302,binance,1INCH/USDT:USDT,0.2847,6930.0,0.2846,19745.0,0.2848,1886.0,0.2849,12191.0
1753591894451,04:51:34.451,binance,1INCH/USDT:USDT,0.2847,6930.0,0.2846,19745.0,0.2848,1886.0,0.2849,12191.0
1753591894729,04:51:34.729,binance,1INCH/USDT:USDT,0.2847,6930.0,0.2846,19745.0,0.2848,1886.0,0.2849,12191.0
1753591895010,04:51:35.010,binance,1INCH/USDT:USDT,0.2847,6904.0,0.2846,17727.0,0.2848,3592.0,0.2849,10560.0
1753591895487,04:51:35.487,binance,1INCH/USDT:USDT,0.2847,6904.0,0.2846,17727.0,0.2848,3592.0,0.2849,10560.0
1753591895616,04:51:35.616,binance,1INCH/USDT:USDT,0.2847,6904.0,0.2846,17727.0,0.2848,3592.0,0.2849,10560.0
1753591896219,04:51:36.219,binance,1INCH/USDT:USDT,0.2847,6904.0,0.2846,17727.0,0.2848,3592.0,0.2849,10560.0
1753591897871,04:51:37.871,binance,1INCH/USDT:USDT,0.2847,6904.0,0.2846,17727.0,0.2848,3592.0,0.2849,10560.0
1753591898012,04:51:38.012,binance,1INCH/USDT:USDT,0.2847,6904.0,0.2846,17727.0,0.2848,3592.0,0.2849,10560.0
1753591898615,04:51:38.615,binance,1INCH/USDT:USDT,0.2847,6904.0,0.2846,17727.0,0.2848,3592.0,0.2849,10560.0
1753591898802,04:51:38.802,binance,1INCH/USDT:USDT,0.2847,6904.0,0.2846,17727.0,0.2848,3592.0,0.2849,10560.0
1753591899560,04:51:39.560,binance,1INCH/USDT:USDT,0.2847,6904.0,0.2846,17727.0,0.2848,49.0,0.2849,9792.0
1753591899668,04:51:39.668,binance,1INCH/USDT:USDT,0.2847,6904.0,0.2846,17727.0,0.2848,49.0,0.2849,8316.0
1753591899809,04:51:39.809,binance,1INCH/USDT:USDT,0.2847,6904.0,0.2846,17727.0,0.2848,49.0,0.2849,10212.0
1753591899911,04:51:39.911,binance,1INCH/USDT:USDT,0.2848,6761.0,0.2847,12093.0,0.2849,6317.0,0.285,21152.0
1753591900013,04:51:40.013,binance,1INCH/USDT:USDT,0.2848,4964.0,0.2847,12144.0,0.2849,6317.0,0.285,21152.0
1753591900200,04:51:40.200,binance,1INCH/USDT:USDT,0.2848,4964.0,0.2847,11362.0,0.2849,6317.0,0.285,21152.0
1753591900358,04:51:40.358,binance,1INCH/USDT:USDT,0.2848,4964.0,0.2847,11362.0,0.2849,6317.0,0.285,21152.0
1753591900478,04:51:40.478,binance,1INCH/USDT:USDT,0.2848,4964.0,0.2847,11362.0,0.2849,6317.0,0.285,21152.0
1753591900581,04:51:40.581,binance,1INCH/USDT:USDT,0.2848,4964.0,0.2847,11362.0,0.2849,6317.0,0.285,21152.0
1753591900694,04:51:40.694,binance,1INCH/USDT:USDT,0.2848,4964.0,0.2847,11362.0,0.2849,6317.0,0.285,21152.0
1753591901002,04:51:41.002,binance,1INCH/USDT:USDT,0.2848,4964.0,0.2847,11362.0,0.2849,6317.0,0.285,21269.0
1753591901201,04:51:41.201,binance,1INCH/USDT:USDT,0.2848,7494.0,0.2847,13850.0,0.2849,3879.0,0.285,21269.0
1753591901426,04:51:41.426,binance,1INCH/USDT:USDT,0.2848,7494.0,0.2847,21375.0,0.2849,3821.0,0.285,17652.0
1753591901551,04:51:41.551,binance,1INCH/USDT:USDT,0.2848,7494.0,0.2847,21375.0,0.2849,3821.0,0.285,17652.0
1753591901656,04:51:41.656,binance,1INCH/USDT:USDT,0.2848,7494.0,0.2847,21375.0,0.2849,3821.0,0.285,17652.0
1753591901763,04:51:41.763,binance,1INCH/USDT:USDT,0.2848,7494.0,0.2847,21375.0,0.2849,3498.0,0.285,17652.0
1753591901864,04:51:41.864,binance,1INCH/USDT:USDT,0.2848,7494.0,0.2847,21375.0,0.2849,3498.0,0.285,17000.0
1753591901970,04:51:41.970,binance,1INCH/USDT:USDT,0.2848,7494.0,0.2847,21375.0,0.2849,3498.0,0.285,17000.0
1753591902083,04:51:42.083,binance,1INCH/USDT:USDT,0.2848,7494.0,0.2847,21375.0,0.2849,3498.0,0.285,17000.0
1753591902202,04:51:42.202,binance,1INCH/USDT:USDT,0.2848,7494.0,0.2847,21375.0,0.2849,3498.0,0.285,17000.0
1753591902397,04:51:42.397,binance,1INCH/USDT:USDT,0.2848,7494.0,0.2847,21375.0,0.2849,3498.0,0.285,17000.0
1753591902502,04:51:42.502,binance,1INCH/USDT:USDT,0.2848,7494.0,0.2847,21375.0,0.2849,3498.0,0.285,17000.0
1753591902702,04:51:42.702,binance,1INCH/USDT:USDT,0.2848,7494.0,0.2847,21375.0,0.2849,3498.0,0.285,17000.0
1753591902946,04:51:42.946,binance,1INCH/USDT:USDT,0.2848,7494.0,0.2847,21375.0,0.2849,3498.0,0.285,17000.0
1753591903126,04:51:43.126,binance,1INCH/USDT:USDT,0.2848,7494.0,0.2847,21375.0,0.2849,3498.0,0.285,17000.0
1753591903277,04:51:43.277,binance,1INCH/USDT:USDT,0.2848,7494.0,0.2847,21375.0,0.2849,3498.0,0.285,17000.0
1753591903502,04:51:43.502,binance,1INCH/USDT:USDT,0.2848,7494.0,0.2847,21375.0,0.2849,3498.0,0.285,17000.0
1753591903698,04:51:43.698,binance,1INCH/USDT:USDT,0.2848,7494.0,0.2847,21375.0,0.2849,3498.0,0.285,17000.0
1753591903801,04:51:43.801,binance,1INCH/USDT:USDT,0.2848,7494.0,0.2847,21375.0,0.2849,3498.0,0.285,17000.0
1753591903951,04:51:43.951,binance,1INCH/USDT:USDT,0.2848,7494.0,0.2847,21375.0,0.2849,3498.0,0.285,17000.0
1753591904054,04:51:44.054,binance,1INCH/USDT:USDT,0.2848,7494.0,0.2847,21375.0,0.2849,3498.0,0.285,17000.0
1753591904202,04:51:44.202,binance,1INCH/USDT:USDT,0.2848,7494.0,0.2847,21375.0,0.2849,3498.0,0.285,17000.0
1753591904433,04:51:44.433,binance,1INCH/USDT:USDT,0.2848,7494.0,0.2847,21375.0,0.2849,3498.0,0.285,17746.0
1753591904802,04:51:44.802,binance,1INCH/USDT:USDT,0.2848,7494.0,0.2847,21375.0,0.2849,3498.0,0.285,17746.0
1753591904938,04:51:44.938,binance,1INCH/USDT:USDT,0.2848,7494.0,0.2847,21375.0,0.2849,3498.0,0.285,17746.0
1753591905202,04:51:45.202,binance,1INCH/USDT:USDT,0.2848,7494.0,0.2847,21375.0,0.2849,3498.0,0.285,21081.0
1753591905346,04:51:45.346,binance,1INCH/USDT:USDT,0.2848,7494.0,0.2847,21375.0,0.2849,3498.0,0.285,21081.0
1753591905795,04:51:45.795,binance,1INCH/USDT:USDT,0.2848,7494.0,0.2847,21375.0,0.2849,3498.0,0.285,21913.0
1753591905908,04:51:45.908,binance,1INCH/USDT:USDT,0.2848,7494.0,0.2847,21375.0,0.2849,3498.0,0.285,23342.0
1753591906031,04:51:46.031,binance,1INCH/USDT:USDT,0.2848,7494.0,0.2847,21375.0,0.2849,3498.0,0.285,23342.0
1753591906322,04:51:46.322,binance,1INCH/USDT:USDT,0.2848,7494.0,0.2847,21375.0,0.2849,3498.0,0.285,23342.0
1753591906901,04:51:46.901,binance,1INCH/USDT:USDT,0.2848,7494.0,0.2847,21375.0,0.2849,3498.0,0.285,23342.0
1753591907002,04:51:47.002,binance,1INCH/USDT:USDT,0.2848,7494.0,0.2847,21375.0,0.2849,3498.0,0.285,23342.0
1753591907602,04:51:47.602,binance,1INCH/USDT:USDT,0.2848,7494.0,0.2847,21375.0,0.2849,3498.0,0.285,23342.0
1753591907720,04:51:47.720,binance,1INCH/USDT:USDT,0.2848,7494.0,0.2847,21375.0,0.2849,3498.0,0.285,23342.0
1753591907852,04:51:47.852,binance,1INCH/USDT:USDT,0.2848,7494.0,0.2847,21375.0,0.2849,3498.0,0.285,23342.0
1753591909387,04:51:49.387,binance,1INCH/USDT:USDT,0.2848,7494.0,0.2847,21375.0,0.2849,3498.0,0.285,23342.0
1753591909730,04:51:49.730,binance,1INCH/USDT:USDT,0.2848,7494.0,0.2847,21375.0,0.2849,3498.0,0.285,23342.0
1753591909848,04:51:49.848,binance,1INCH/USDT:USDT,0.2848,7494.0,0.2847,21375.0,0.2849,3498.0,0.285,23342.0
1753591910002,04:51:50.002,binance,1INCH/USDT:USDT,0.2848,7494.0,0.2847,21375.0,0.2849,3498.0,0.285,23342.0
1753591910447,04:51:50.447,binance,1INCH/USDT:USDT,0.2848,7494.0,0.2847,21375.0,0.2849,3498.0,0.285,23342.0
1753591910602,04:51:50.602,binance,1INCH/USDT:USDT,0.2848,7494.0,0.2847,21375.0,0.2849,3498.0,0.285,23342.0
1753591910713,04:51:50.713,binance,1INCH/USDT:USDT,0.2848,7494.0,0.2847,21375.0,0.2849,3498.0,0.285,23342.0
1753591911012,04:51:51.012,binance,1INCH/USDT:USDT,0.2848,7494.0,0.2847,21375.0,0.2849,3498.0,0.285,23342.0
1753591911201,04:51:51.201,binance,1INCH/USDT:USDT,0.2848,7494.0,0.2847,21375.0,0.2849,3498.0,0.285,23342.0
1753591911378,04:51:51.378,binance,1INCH/USDT:USDT,0.2848,7494.0,0.2847,21375.0,0.2849,3498.0,0.285,23342.0
1753591911701,04:51:51.701,binance,1INCH/USDT:USDT,0.2848,7402.0,0.2847,18375.0,0.2849,6498.0,0.285,23342.0
1753591911803,04:51:51.803,binance,1INCH/USDT:USDT,0.2848,2009.0,0.2847,18375.0,0.2849,8878.0,0.285,22072.0
1753591911905,04:51:51.905,binance,1INCH/USDT:USDT,0.2848,2067.0,0.2847,15794.0,0.2849,8936.0,0.285,22902.0
1753591912010,04:51:52.010,binance,1INCH/USDT:USDT,0.2848,2067.0,0.2847,16548.0,0.2849,8936.0,0.285,22785.0
1753591912151,04:51:52.151,binance,1INCH/USDT:USDT,0.2848,3908.0,0.2847,16548.0,0.2849,5936.0,0.285,22785.0
1753591912256,04:51:52.256,binance,1INCH/USDT:USDT,0.2848,3908.0,0.2847,16548.0,0.2849,5936.0,0.285,22785.0
1753591912460,04:51:52.460,binance,1INCH/USDT:USDT,0.2848,3908.0,0.2847,16548.0,0.2849,5936.0,0.285,22785.0
1753591913397,04:51:53.397,binance,1INCH/USDT:USDT,0.2848,3908.0,0.2847,16548.0,0.2849,5936.0,0.285,22785.0
1753591914502,04:51:54.502,binance,1INCH/USDT:USDT,0.2848,3908.0,0.2847,16548.0,0.2849,5936.0,0.285,22785.0
1753591914741,04:51:54.741,binance,1INCH/USDT:USDT,0.2848,3908.0,0.2847,16529.0,0.2849,5955.0,0.285,22785.0
1753591914911,04:51:54.911,binance,1INCH/USDT:USDT,0.2848,3908.0,0.2847,16529.0,0.2849,5955.0,0.285,22785.0
1753591915102,04:51:55.102,binance,1INCH/USDT:USDT,0.2848,3908.0,0.2847,16529.0,0.2849,5955.0,0.285,22785.0
1753591915249,04:51:55.249,binance,1INCH/USDT:USDT,0.2848,3908.0,0.2847,16530.0,0.2849,5971.0,0.285,22785.0
1753591916189,04:51:56.189,binance,1INCH/USDT:USDT,0.2848,3908.0,0.2847,16530.0,0.2849,5971.0,0.285,22785.0
1753591916302,04:51:56.302,binance,1INCH/USDT:USDT,0.2848,3908.0,0.2847,16530.0,0.2849,5971.0,0.285,22785.0
1753591916501,04:51:56.501,binance,1INCH/USDT:USDT,0.2848,3908.0,0.2847,16530.0,0.2849,5971.0,0.285,22785.0
1753591916817,04:51:56.817,binance,1INCH/USDT:USDT,0.2848,3908.0,0.2847,16530.0,0.2849,5971.0,0.285,22785.0
1753591917001,04:51:57.001,binance,1INCH/USDT:USDT,0.2848,3908.0,0.2847,16530.0,0.2849,5971.0,0.285,22785.0
1753591917179,04:51:57.179,binance,1INCH/USDT:USDT,0.2848,3908.0,0.2847,16530.0,0.2849,5988.0,0.285,22785.0
1753591917354,04:51:57.354,binance,1INCH/USDT:USDT,0.2848,3908.0,0.2847,16530.0,0.2849,6279.0,0.285,22785.0
1753591917502,04:51:57.502,binance,1INCH/USDT:USDT,0.2848,3908.0,0.2847,16530.0,0.2849,6279.0,0.285,22785.0
1753591918001,04:51:58.001,binance,1INCH/USDT:USDT,0.2848,3908.0,0.2847,16530.0,0.2849,6279.0,0.285,22785.0
1753591918539,04:51:58.539,binance,1INCH/USDT:USDT,0.2848,3908.0,0.2847,16530.0,0.2849,6279.0,0.285,22785.0
1753591918701,04:51:58.701,binance,1INCH/USDT:USDT,0.2848,3908.0,0.2847,16530.0,0.2849,6279.0,0.285,22785.0
1753591918899,04:51:58.899,binance,1INCH/USDT:USDT,0.2848,3908.0,0.2847,16530.0,0.2849,6279.0,0.285,22785.0
1753591919186,04:51:59.186,binance,1INCH/USDT:USDT,0.2848,240.0,0.2847,13961.0,0.2849,6235.0,0.285,22785.0
1753591919294,04:51:59.294,binance,1INCH/USDT:USDT,0.2848,240.0,0.2847,15753.0,0.2849,6275.0,0.285,22785.0
1753591919667,04:51:59.667,binance,1INCH/USDT:USDT,0.2848,240.0,0.2847,15753.0,0.2849,9275.0,0.285,22785.0
1753591920014,04:52:00.014,binance,1INCH/USDT:USDT,0.2847,7402.0,0.2846,24395.0,0.2848,2186.0,0.2849,9351.0
1753591920117,04:52:00.117,binance,1INCH/USDT:USDT,0.2847,7376.0,0.2846,24395.0,0.2848,2244.0,0.2849,9351.0
1753591920220,04:52:00.220,binance,1INCH/USDT:USDT,0.2847,8283.0,0.2846,24395.0,0.2848,2244.0,0.2849,8216.0
1753591920574,04:52:00.574,binance,1INCH/USDT:USDT,0.2847,7376.0,0.2846,22377.0,0.2848,4014.0,0.2849,9570.0
1753591920685,04:52:00.685,binance,1INCH/USDT:USDT,0.2847,7376.0,0.2846,22180.0,0.2848,4014.0,0.2849,9570.0
1753591920787,04:52:00.787,binance,1INCH/USDT:USDT,0.2847,7376.0,0.2846,22180.0,0.2848,4014.0,0.2849,9570.0
1753591921148,04:52:01.148,binance,1INCH/USDT:USDT,0.2847,7376.0,0.2846,18498.0,0.2848,4014.0,0.2849,9570.0
1753591921271,04:52:01.271,binance,1INCH/USDT:USDT,0.2847,7376.0,0.2846,18498.0,0.2848,4014.0,0.2849,9570.0
1753591921616,04:52:01.616,binance,1INCH/USDT:USDT,0.2847,8102.0,0.2846,18498.0,0.2849,6570.0,0.285,21483.0
1753591921726,04:52:01.726,binance,1INCH/USDT:USDT,0.2848,3323.0,0.2847,13036.0,0.2849,4321.0,0.285,21483.0
1753591921931,04:52:01.931,binance,1INCH/USDT:USDT,0.2848,6751.0,0.2847,13718.0,0.2849,6230.0,0.285,21483.0
1753591922058,04:52:02.058,binance,1INCH/USDT:USDT,0.2848,6809.0,0.2847,13718.0,0.2849,6230.0,0.285,21483.0
1753591922164,04:52:02.164,binance,1INCH/USDT:USDT,0.2848,6809.0,0.2847,12978.0,0.2849,6230.0,0.285,18806.0
1753591922288,04:52:02.288,binance,1INCH/USDT:USDT,0.2848,6373.0,0.2847,13855.0,0.2849,6230.0,0.285,18806.0
1753591922398,04:52:02.398,binance,1INCH/USDT:USDT,0.2848,6373.0,0.2847,13855.0,0.2849,6230.0,0.285,18806.0
1753591922611,04:52:02.611,binance,1INCH/USDT:USDT,0.2847,9336.0,0.2846,25438.0,0.2848,656.0,0.2849,7218.0
1753591922736,04:52:02.736,binance,1INCH/USDT:USDT,0.2847,11092.0,0.2846,25438.0,0.2848,656.0,0.2849,7218.0
1753591922858,04:52:02.858,binance,1INCH/USDT:USDT,0.2848,1887.0,0.2847,12267.0,0.2849,6381.0,0.285,17377.0
1753591922965,04:52:02.965,binance,1INCH/USDT:USDT,0.2848,1945.0,0.2847,12267.0,0.2849,6381.0,0.285,17377.0
1753591923151,04:52:03.151,binance,1INCH/USDT:USDT,0.2848,1945.0,0.2847,12267.0,0.2849,6381.0,0.285,17377.0
1753591923254,04:52:03.254,binance,1INCH/USDT:USDT,0.2848,1945.0,0.2847,12285.0,0.2849,6366.0,0.285,17377.0
1753591923401,04:52:03.401,binance,1INCH/USDT:USDT,0.2848,3867.0,0.2847,12285.0,0.2849,6339.0,0.285,17377.0
1753591923507,04:52:03.507,binance,1INCH/USDT:USDT,0.2848,3867.0,0.2847,12285.0,0.2849,6339.0,0.285,17377.0
1753591923610,04:52:03.610,binance,1INCH/USDT:USDT,0.2848,3867.0,0.2847,10436.0,0.2849,6339.0,0.285,17377.0
1753591923755,04:52:03.755,binance,1INCH/USDT:USDT,0.2848,3867.0,0.2847,11313.0,0.2849,6339.0,0.285,17377.0
1753591923906,04:52:03.906,binance,1INCH/USDT:USDT,0.2848,3867.0,0.2847,11313.0,0.2849,6339.0,0.285,17377.0
1753591924019,04:52:04.019,binance,1INCH/USDT:USDT,0.2848,3867.0,0.2847,11313.0,0.2849,6339.0,0.285,17377.0
1753591924120,04:52:04.120,binance,1INCH/USDT:USDT,0.2848,3867.0,0.2847,11313.0,0.2849,6339.0,0.285,17377.0
1753591924385,04:52:04.385,binance,1INCH/USDT:USDT,0.2848,1945.0,0.2847,13139.0,0.2849,6339.0,0.285,17377.0
1753591924533,04:52:04.533,binance,1INCH/USDT:USDT,0.2848,1945.0,0.2847,13139.0,0.2849,6339.0,0.285,17377.0
1753591924701,04:52:04.701,binance,1INCH/USDT:USDT,0.2848,1945.0,0.2847,13139.0,0.2849,6339.0,0.285,17377.0
1753591924802,04:52:04.802,binance,1INCH/USDT:USDT,0.2848,1945.0,0.2847,11313.0,0.2849,6339.0,0.285,17377.0
1753591924971,04:52:04.971,binance,1INCH/USDT:USDT,0.2848,1945.0,0.2847,11313.0,0.2849,6339.0,0.285,17377.0
1753591925564,04:52:05.564,binance,1INCH/USDT:USDT,0.2848,1945.0,0.2847,11313.0,0.2849,6339.0,0.285,17377.0
1753591925728,04:52:05.728,binance,1INCH/USDT:USDT,0.2848,1945.0,0.2847,11313.0,0.2849,6339.0,0.285,17377.0
1753591926088,04:52:06.088,binance,1INCH/USDT:USDT,0.2848,1945.0,0.2847,11313.0,0.2849,6188.0,0.285,17377.0
1753591926202,04:52:06.202,binance,1INCH/USDT:USDT,0.2848,1945.0,0.2847,13139.0,0.2849,6188.0,0.285,17377.0
1753591926350,04:52:06.350,binance,1INCH/USDT:USDT,0.2848,1945.0,0.2847,11313.0,0.2849,6188.0,0.285,17377.0
1753591926595,04:52:06.595,binance,1INCH/USDT:USDT,0.2848,1945.0,0.2847,11313.0,0.2849,6188.0,0.285,17159.0
1753591927402,04:52:07.402,binance,1INCH/USDT:USDT,0.2848,1945.0,0.2847,11313.0,0.2849,6188.0,0.285,17159.0
1753591927749,04:52:07.749,binance,1INCH/USDT:USDT,0.2848,1945.0,0.2847,11313.0,0.2849,6188.0,0.285,17159.0
1753591928002,04:52:08.002,binance,1INCH/USDT:USDT,0.2848,1945.0,0.2847,11313.0,0.2849,6188.0,0.285,17159.0
1753591928602,04:52:08.602,binance,1INCH/USDT:USDT,0.2848,1945.0,0.2847,11313.0,0.2849,6188.0,0.285,24131.0
1753591928746,04:52:08.746,binance,1INCH/USDT:USDT,0.2848,1945.0,0.2847,12280.0,0.2849,6188.0,0.285,26105.0
1753591928847,04:52:08.847,binance,1INCH/USDT:USDT,0.2848,1945.0,0.2847,12280.0,0.2849,6188.0,0.285,26105.0
1753591929019,04:52:09.019,binance,1INCH/USDT:USDT,0.2848,1945.0,0.2847,11403.0,0.2849,6188.0,0.285,26105.0
1753591929147,04:52:09.147,binance,1INCH/USDT:USDT,0.2848,1945.0,0.2847,11403.0,0.2849,6188.0,0.285,26105.0
1753591929302,04:52:09.302,binance,1INCH/USDT:USDT,0.2848,1945.0,0.2847,11403.0,0.2849,6188.0,0.285,26105.0
1753591929588,04:52:09.588,binance,1INCH/USDT:USDT,0.2848,1945.0,0.2847,11403.0,0.2849,6188.0,0.285,26105.0
1753591929697,04:52:09.697,binance,1INCH/USDT:USDT,0.2848,1945.0,0.2847,11403.0,0.2849,6188.0,0.285,26105.0
1753591929798,04:52:09.798,binance,1INCH/USDT:USDT,0.2848,1945.0,0.2847,11403.0,0.2849,6188.0,0.285,26105.0
1753591929962,04:52:09.962,binance,1INCH/USDT:USDT,0.2848,1945.0,0.2847,11403.0,0.2849,6188.0,0.285,26105.0
1753591930147,04:52:10.147,binance,1INCH/USDT:USDT,0.2848,1945.0,0.2847,11403.0,0.2849,6188.0,0.285,26105.0
1753591930264,04:52:10.264,binance,1INCH/USDT:USDT,0.2848,1945.0,0.2847,11403.0,0.2849,6188.0,0.285,26105.0
1753591930402,04:52:10.402,binance,1INCH/USDT:USDT,0.2848,1945.0,0.2847,11403.0,0.2849,6188.0,0.285,26105.0
1753591930757,04:52:10.757,binance,1INCH/USDT:USDT,0.2848,1945.0,0.2847,11403.0,0.2849,6188.0,0.285,26105.0
1753591930902,04:52:10.902,binance,1INCH/USDT:USDT,0.2848,1945.0,0.2847,11403.0,0.2849,6188.0,0.285,26105.0
1753591931098,04:52:11.098,binance,1INCH/USDT:USDT,0.2848,3766.0,0.2847,11403.0,0.2849,6188.0,0.285,26105.0
1753591931219,04:52:11.219,binance,1INCH/USDT:USDT,0.2848,3766.0,0.2847,11403.0,0.2849,6188.0,0.285,26105.0
1753591931377,04:52:11.377,binance,1INCH/USDT:USDT,0.2848,3766.0,0.2847,11403.0,0.2849,6188.0,0.285,26105.0
1753591931502,04:52:11.502,binance,1INCH/USDT:USDT,0.2848,3766.0,0.2847,11403.0,0.2849,6188.0,0.285,26105.0
1753591932102,04:52:12.102,binance,1INCH/USDT:USDT,0.2848,3766.0,0.2847,11403.0,0.2849,6188.0,0.285,26105.0
1753591932319,04:52:12.319,binance,1INCH/USDT:USDT,0.2847,8105.0,0.2846,35100.0,0.2848,760.0,0.2849,6130.0
1753591932446,04:52:12.446,binance,1INCH/USDT:USDT,0.2847,10071.0,0.2846,35100.0,0.2848,2517.0,0.2849,9130.0
1753591932547,04:52:12.547,binance,1INCH/USDT:USDT,0.2848,5107.0,0.2847,15802.0,0.2849,8890.0,0.285,25967.0
1753591932669,04:52:12.669,binance,1INCH/USDT:USDT,0.2848,580.0,0.2847,12544.0,0.2849,8890.0,0.285,25967.0
1753591932773,04:52:12.773,binance,1INCH/USDT:USDT,0.2848,344.0,0.2847,13096.0,0.2849,8948.0,0.285,26452.0
1753591932879,04:52:12.879,binance,1INCH/USDT:USDT,0.2848,402.0,0.2847,14860.0,0.2849,9006.0,0.285,26452.0
1753591933202,04:52:13.202,binance,1INCH/USDT:USDT,0.2848,402.0,0.2847,14860.0,0.2849,9006.0,0.285,26452.0
1753591933395,04:52:13.395,binance,1INCH/USDT:USDT,0.2848,402.0,0.2847,14860.0,0.2849,9006.0,0.285,26452.0
1753591933607,04:52:13.607,binance,1INCH/USDT:USDT,0.2847,11067.0,0.2846,33645.0,0.2848,1850.0,0.2849,8216.0
1753591933735,04:52:13.735,binance,1INCH/USDT:USDT,0.2847,11067.0,0.2846,29963.0,0.2848,1850.0,0.2849,8216.0
1753591933840,04:52:13.840,binance,1INCH/USDT:USDT,0.2847,11067.0,0.2846,29963.0,0.2848,1850.0,0.2849,8234.0
1753591933943,04:52:13.943,binance,1INCH/USDT:USDT,0.2847,11067.0,0.2846,29963.0,0.2848,1850.0,0.2849,8234.0
1753591934443,04:52:14.443,binance,1INCH/USDT:USDT,0.2847,11041.0,0.2846,29963.0,0.2848,1850.0,0.2849,8234.0
1753591934562,04:52:14.562,binance,1INCH/USDT:USDT,0.2847,11041.0,0.2846,29963.0,0.2848,1850.0,0.2849,8234.0
1753591934701,04:52:14.701,binance,1INCH/USDT:USDT,0.2848,1563.0,0.2847,13427.0,0.2849,7339.0,0.285,25967.0
1753591934914,04:52:14.914,binance,1INCH/USDT:USDT,0.2848,1968.0,0.2847,13080.0,0.2849,9238.0,0.285,25967.0
1753591935054,04:52:15.054,binance,1INCH/USDT:USDT,0.2848,2026.0,0.2847,13080.0,0.2849,9238.0,0.285,25967.0
1753591935648,04:52:15.648,binance,1INCH/USDT:USDT,0.2848,2026.0,0.2847,12374.0,0.2849,6238.0,0.285,25967.0
1753591935788,04:52:15.788,binance,1INCH/USDT:USDT,0.2848,2026.0,0.2847,12374.0,0.2849,6238.0,0.285,25967.0
1753591935928,04:52:15.928,binance,1INCH/USDT:USDT,0.2848,2026.0,0.2847,12374.0,0.2849,6238.0,0.285,25967.0
1753591936042,04:52:16.042,binance,1INCH/USDT:USDT,0.2848,2026.0,0.2847,12374.0,0.2849,6238.0,0.285,25967.0
1753591936202,04:52:16.202,binance,1INCH/USDT:USDT,0.2848,3820.0,0.2847,12374.0,0.2849,6238.0,0.285,25967.0
1753591936308,04:52:16.308,binance,1INCH/USDT:USDT,0.2848,3820.0,0.2847,14173.0,0.2849,6238.0,0.285,25967.0
1753591936502,04:52:16.502,binance,1INCH/USDT:USDT,0.2848,3820.0,0.2847,14173.0,0.2849,6238.0,0.285,25967.0
1753591936804,04:52:16.804,binance,1INCH/USDT:USDT,0.2848,3476.0,0.2847,12374.0,0.2849,6238.0,0.285,25967.0
1753591936915,04:52:16.915,binance,1INCH/USDT:USDT,0.2848,3476.0,0.2847,12374.0,0.2849,6238.0,0.285,25967.0
1753591937046,04:52:17.046,binance,1INCH/USDT:USDT,0.2848,3476.0,0.2847,12374.0,0.2849,6238.0,0.285,25967.0
1753591937391,04:52:17.391,binance,1INCH/USDT:USDT,0.2848,3476.0,0.2847,12374.0,0.2849,6238.0,0.285,25967.0
1753591937602,04:52:17.602,binance,1INCH/USDT:USDT,0.2848,3476.0,0.2847,12374.0,0.2849,6238.0,0.285,25967.0
1753591937861,04:52:17.861,binance,1INCH/USDT:USDT,0.2848,3476.0,0.2847,12374.0,0.2849,6238.0,0.285,25967.0
1753591938003,04:52:18.003,binance,1INCH/USDT:USDT,0.2848,3476.0,0.2847,12374.0,0.2849,6238.0,0.285,25967.0
1753591938202,04:52:18.202,binance,1INCH/USDT:USDT,0.2848,3476.0,0.2847,12374.0,0.2849,6238.0,0.285,25967.0
1753591938602,04:52:18.602,binance,1INCH/USDT:USDT,0.2848,3476.0,0.2847,12374.0,0.2849,6238.0,0.285,25967.0
1753591938802,04:52:18.802,binance,1INCH/USDT:USDT,0.2848,3476.0,0.2847,12374.0,0.2849,6238.0,0.285,25967.0
1753591939340,04:52:19.340,binance,1INCH/USDT:USDT,0.2848,3476.0,0.2847,12374.0,0.2849,6263.0,0.285,25967.0
1753591939498,04:52:19.498,binance,1INCH/USDT:USDT,0.2848,3476.0,0.2847,12374.0,0.2849,6263.0,0.285,25967.0
1753591939702,04:52:19.702,binance,1INCH/USDT:USDT,0.2848,3476.0,0.2847,12374.0,0.2849,6263.0,0.285,25967.0
1753591939848,04:52:19.848,binance,1INCH/USDT:USDT,0.2848,3476.0,0.2847,12374.0,0.2849,6263.0,0.285,25967.0
1753591940070,04:52:20.070,binance,1INCH/USDT:USDT,0.2848,3476.0,0.2847,12374.0,0.2849,6263.0,0.285,25967.0
1753591940302,04:52:20.302,binance,1INCH/USDT:USDT,0.2848,3476.0,0.2847,12374.0,0.2849,6258.0,0.285,25967.0
1753591940438,04:52:20.438,binance,1INCH/USDT:USDT,0.2848,3476.0,0.2847,12374.0,0.2849,6258.0,0.285,25967.0
1753591940578,04:52:20.578,binance,1INCH/USDT:USDT,0.2848,3476.0,0.2847,12374.0,0.2849,6258.0,0.285,25967.0
1753591941084,04:52:21.084,binance,1INCH/USDT:USDT,0.2848,3476.0,0.2847,12374.0,0.2849,6258.0,0.285,25831.0
1753591941503,04:52:21.503,binance,1INCH/USDT:USDT,0.2848,3476.0,0.2847,12374.0,0.2849,6258.0,0.285,25831.0
1753591941850,04:52:21.850,binance,1INCH/USDT:USDT,0.2848,3568.0,0.2847,11915.0,0.2849,5810.0,0.285,18859.0
1753591942067,04:52:22.067,binance,1INCH/USDT:USDT,0.2848,3568.0,0.2847,13726.0,0.2849,5810.0,0.285,18859.0
1753591942201,04:52:22.201,binance,1INCH/USDT:USDT,0.2848,3568.0,0.2847,11915.0,0.2849,5810.0,0.285,18859.0
1753591942490,04:52:22.490,binance,1INCH/USDT:USDT,0.2848,3568.0,0.2847,11915.0,0.2849,5810.0,0.285,18859.0
1753591942602,04:52:22.602,binance,1INCH/USDT:USDT,0.2848,3568.0,0.2847,11915.0,0.2849,5810.0,0.285,18859.0
1753591942864,04:52:22.864,binance,1INCH/USDT:USDT,0.2848,3568.0,0.2847,11915.0,0.2849,5810.0,0.285,18859.0
1753591943019,04:52:23.019,binance,1INCH/USDT:USDT,0.2848,3568.0,0.2847,11915.0,0.2849,5810.0,0.285,18859.0
1753591943202,04:52:23.202,binance,1INCH/USDT:USDT,0.2848,3568.0,0.2847,11915.0,0.2849,5810.0,0.285,18859.0
1753591943389,04:52:23.389,binance,1INCH/USDT:USDT,0.2848,6006.0,0.2847,13726.0,0.2849,5810.0,0.285,18859.0
1753591943711,04:52:23.711,binance,1INCH/USDT:USDT,0.2848,6006.0,0.2847,13726.0,0.2849,5810.0,0.285,18859.0
1753591943846,04:52:23.846,binance,1INCH/USDT:USDT,0.2848,6006.0,0.2847,13726.0,0.2849,5810.0,0.285,18859.0
1753591944131,04:52:24.131,binance,1INCH/USDT:USDT,0.2848,6334.0,0.2847,13726.0,0.2849,4768.0,0.285,18859.0
1753591944287,04:52:24.287,binance,1INCH/USDT:USDT,0.2848,6334.0,0.2847,13726.0,0.2849,4768.0,0.285,18859.0
1753591944479,04:52:24.479,binance,1INCH/USDT:USDT,0.2848,6334.0,0.2847,15541.0,0.2849,4787.0,0.285,18859.0
1753591944802,04:52:24.802,binance,1INCH/USDT:USDT,0.2849,6535.0,0.2848,10184.0,0.285,3038.0,0.2851,18087.0
1753591944905,04:52:24.905,binance,1INCH/USDT:USDT,0.2849,6535.0,0.2848,11799.0,0.285,1947.0,0.2851,9801.0
1753591945011,04:52:25.011,binance,1INCH/USDT:USDT,0.2849,8260.0,0.2848,10175.0,0.285,3568.0,0.2851,9801.0
1753591945128,04:52:25.128,binance,1INCH/USDT:USDT,0.2849,8260.0,0.2848,10175.0,0.285,3568.0,0.2851,9801.0
1753591945256,04:52:25.256,binance,1INCH/USDT:USDT,0.2849,8258.0,0.2848,10175.0,0.285,3568.0,0.2851,12801.0
1753591945357,04:52:25.357,binance,1INCH/USDT:USDT,0.2849,8258.0,0.2848,10175.0,0.285,3568.0,0.2851,12801.0
1753591945463,04:52:25.463,binance,1INCH/USDT:USDT,0.2849,8258.0,0.2848,10175.0,0.285,3568.0,0.2851,12801.0
1753591945576,04:52:25.576,binance,1INCH/USDT:USDT,0.2849,8258.0,0.2848,10175.0,0.285,3568.0,0.2851,12801.0
1753591945687,04:52:25.687,binance,1INCH/USDT:USDT,0.2849,8258.0,0.2848,10175.0,0.285,3568.0,0.2851,12801.0
1753591945828,04:52:25.828,binance,1INCH/USDT:USDT,0.2849,8258.0,0.2848,10175.0,0.285,3568.0,0.2851,12801.0
1753591945930,04:52:25.930,binance,1INCH/USDT:USDT,0.2849,8258.0,0.2848,10175.0,0.285,3568.0,0.2851,12531.0
1753591946039,04:52:26.039,binance,1INCH/USDT:USDT,0.2849,8258.0,0.2848,10175.0,0.285,3568.0,0.2851,12531.0
1753591946147,04:52:26.147,binance,1INCH/USDT:USDT,0.2849,8258.0,0.2848,11052.0,0.285,3568.0,0.2851,12531.0
1753591946263,04:52:26.263,binance,1INCH/USDT:USDT,0.2849,8258.0,0.2848,11052.0,0.285,3568.0,0.2851,13226.0
1753591946399,04:52:26.399,binance,1INCH/USDT:USDT,0.2849,8258.0,0.2848,11052.0,0.285,3568.0,0.2851,15330.0
1753591946882,04:52:26.882,binance,1INCH/USDT:USDT,0.2849,8258.0,0.2848,11052.0,0.285,3568.0,0.2851,16407.0
1753591946991,04:52:26.991,binance,1INCH/USDT:USDT,0.2849,8370.0,0.2848,11052.0,0.285,3568.0,0.2851,16407.0
1753591947193,04:52:27.193,binance,1INCH/USDT:USDT,0.2849,8370.0,0.2848,11052.0,0.285,3568.0,0.2851,16407.0
1753591947302,04:52:27.302,binance,1INCH/USDT:USDT,0.2849,8370.0,0.2848,11052.0,0.285,3568.0,0.2851,16407.0
1753591947502,04:52:27.502,binance,1INCH/USDT:USDT,0.2849,8370.0,0.2848,11052.0,0.285,3568.0,0.2851,16407.0
1753591947649,04:52:27.649,binance,1INCH/USDT:USDT,0.2849,8370.0,0.2848,11052.0,0.285,3568.0,0.2851,16407.0
1753591947802,04:52:27.802,binance,1INCH/USDT:USDT,0.2849,8370.0,0.2848,11052.0,0.285,3568.0,0.2851,16407.0
1753591947942,04:52:27.942,binance,1INCH/USDT:USDT,0.2849,8370.0,0.2848,11052.0,0.285,3568.0,0.2851,16407.0
1753591948046,04:52:28.046,binance,1INCH/USDT:USDT,0.2849,8370.0,0.2848,11052.0,0.285,3568.0,0.2851,16407.0
1753591948287,04:52:28.287,binance,1INCH/USDT:USDT,0.2849,8389.0,0.2848,11052.0,0.285,3568.0,0.2851,16407.0
1753591948402,04:52:28.402,binance,1INCH/USDT:USDT,0.2849,8389.0,0.2848,11052.0,0.285,3568.0,0.2851,16407.0
1753591948567,04:52:28.567,binance,1INCH/USDT:USDT,0.2849,8389.0,0.2848,11052.0,0.285,3568.0,0.2851,16407.0
1753591948702,04:52:28.702,binance,1INCH/USDT:USDT,0.2849,8389.0,0.2848,11052.0,0.285,3568.0,0.2851,16407.0
1753591948848,04:52:28.848,binance,1INCH/USDT:USDT,0.2849,8389.0,0.2848,11052.0,0.285,3568.0,0.2851,16407.0
1753591948951,04:52:28.951,binance,1INCH/USDT:USDT,0.2849,8389.0,0.2848,11052.0,0.285,3568.0,0.2851,16407.0
1753591949102,04:52:29.102,binance,1INCH/USDT:USDT,0.2849,8389.0,0.2848,11052.0,0.285,3568.0,0.2851,16407.0
1753591949240,04:52:29.240,binance,1INCH/USDT:USDT,0.2849,8389.0,0.2848,11052.0,0.285,3568.0,0.2851,16407.0
1753591949346,04:52:29.346,binance,1INCH/USDT:USDT,0.2849,8389.0,0.2848,11052.0,0.285,3568.0,0.2851,16407.0
1753591949448,04:52:29.448,binance,1INCH/USDT:USDT,0.2849,8389.0,0.2848,11052.0,0.285,3568.0,0.2851,16407.0
1753591949702,04:52:29.702,binance,1INCH/USDT:USDT,0.2849,8389.0,0.2848,11052.0,0.285,3568.0,0.2851,16407.0
1753591949863,04:52:29.863,binance,1INCH/USDT:USDT,0.2849,8389.0,0.2848,11052.0,0.285,3568.0,0.2851,16407.0
1753591950038,04:52:30.038,binance,1INCH/USDT:USDT,0.2849,7271.0,0.2848,19974.0,0.285,6006.0,0.2851,16407.0
1753591950287,04:52:30.287,binance,1INCH/USDT:USDT,0.2849,7271.0,0.2848,19974.0,0.285,9006.0,0.2851,16407.0
1753591950802,04:52:30.802,binance,1INCH/USDT:USDT,0.2849,7271.0,0.2848,19974.0,0.285,9006.0,0.2851,16173.0
1753591950903,04:52:30.903,binance,1INCH/USDT:USDT,0.2849,7271.0,0.2848,19974.0,0.285,9006.0,0.2851,16173.0
1753591951076,04:52:31.076,binance,1INCH/USDT:USDT,0.2849,7363.0,0.2848,19974.0,0.285,6006.0,0.2851,16173.0
1753591951180,04:52:31.180,binance,1INCH/USDT:USDT,0.2849,7363.0,0.2848,19974.0,0.285,3568.0,0.2851,16173.0
1753591951303,04:52:31.303,binance,1INCH/USDT:USDT,0.2849,7363.0,0.2848,19974.0,0.285,3568.0,0.2851,16173.0
1753591951407,04:52:31.407,binance,1INCH/USDT:USDT,0.2849,7363.0,0.2848,19974.0,0.285,3568.0,0.2851,16173.0
1753591951702,04:52:31.702,binance,1INCH/USDT:USDT,0.2849,7363.0,0.2848,19974.0,0.285,3568.0,0.2851,16173.0
1753591951902,04:52:31.902,binance,1INCH/USDT:USDT,0.2849,7363.0,0.2848,19974.0,0.285,3568.0,0.2851,16173.0
1753591952071,04:52:32.071,binance,1INCH/USDT:USDT,0.2849,7363.0,0.2848,19974.0,0.285,3568.0,0.2851,16173.0
1753591952268,04:52:32.268,binance,1INCH/USDT:USDT,0.2849,7363.0,0.2848,19974.0,0.285,3568.0,0.2851,16173.0
1753591952407,04:52:32.407,binance,1INCH/USDT:USDT,0.2849,7363.0,0.2848,19974.0,0.285,3568.0,0.2851,16173.0
1753591952807,04:52:32.807,binance,1INCH/USDT:USDT,0.2849,7363.0,0.2848,19974.0,0.285,3568.0,0.2851,16173.0
1753591952957,04:52:32.957,binance,1INCH/USDT:USDT,0.2849,7363.0,0.2848,19974.0,0.285,3568.0,0.2851,16173.0
1753591953102,04:52:33.102,binance,1INCH/USDT:USDT,0.2849,7363.0,0.2848,19974.0,0.285,3568.0,0.2851,16173.0
1753591953497,04:52:33.497,binance,1INCH/USDT:USDT,0.2849,7363.0,0.2848,19974.0,0.285,3568.0,0.2851,16173.0
1753591953602,04:52:33.602,binance,1INCH/USDT:USDT,0.2849,7363.0,0.2848,19974.0,0.285,3568.0,0.2851,16173.0
1753591954104,04:52:34.104,binance,1INCH/USDT:USDT,0.2849,7363.0,0.2848,19974.0,0.285,3568.0,0.2851,16173.0
1753591954302,04:52:34.302,binance,1INCH/USDT:USDT,0.2849,7363.0,0.2848,19974.0,0.285,3568.0,0.2851,16173.0
1753591954573,04:52:34.573,binance,1INCH/USDT:USDT,0.2849,7363.0,0.2848,19974.0,0.285,3568.0,0.2851,16173.0
1753591954702,04:52:34.702,binance,1INCH/USDT:USDT,0.2849,7365.0,0.2848,19974.0,0.285,3760.0,0.2851,16173.0
1753591954964,04:52:34.964,binance,1INCH/USDT:USDT,0.2849,7365.0,0.2848,19097.0,0.285,3760.0,0.2851,16173.0
1753591955197,04:52:35.197,binance,1INCH/USDT:USDT,0.2849,7365.0,0.2848,19097.0,0.285,3760.0,0.2851,16173.0
1753591955302,04:52:35.302,binance,1INCH/USDT:USDT,0.2849,7365.0,0.2848,19097.0,0.285,3760.0,0.2851,16173.0
1753591955694,04:52:35.694,binance,1INCH/USDT:USDT,0.2849,7365.0,0.2848,13300.0,0.285,3760.0,0.2851,16173.0
1753591955987,04:52:35.987,binance,1INCH/USDT:USDT,0.2849,7365.0,0.2848,13300.0,0.285,3760.0,0.2851,16173.0
1753591956402,04:52:36.402,binance,1INCH/USDT:USDT,0.2849,7365.0,0.2848,13300.0,0.285,3760.0,0.2851,16173.0
1753591957002,04:52:37.002,binance,1INCH/USDT:USDT,0.2849,7365.0,0.2848,13300.0,0.285,3760.0,0.2851,16173.0
1753591957403,04:52:37.403,binance,1INCH/USDT:USDT,0.2849,7365.0,0.2848,13300.0,0.285,3760.0,0.2851,16173.0
1753591957602,04:52:37.602,binance,1INCH/USDT:USDT,0.2849,7365.0,0.2848,13300.0,0.285,3760.0,0.2851,16173.0
1753591958003,04:52:38.003,binance,1INCH/USDT:USDT,0.2849,7365.0,0.2848,13300.0,0.285,3760.0,0.2851,16173.0
1753591958109,04:52:38.109,binance,1INCH/USDT:USDT,0.2849,7365.0,0.2848,13300.0,0.285,3760.0,0.2851,16173.0
1753591958267,04:52:38.267,binance,1INCH/USDT:USDT,0.2849,7365.0,0.2848,13300.0,0.285,3760.0,0.2851,16173.0
1753591958537,04:52:38.537,binance,1INCH/USDT:USDT,0.2849,7365.0,0.2848,13300.0,0.285,3760.0,0.2851,16173.0
1753591958694,04:52:38.694,binance,1INCH/USDT:USDT,0.2849,7365.0,0.2848,20906.0,0.285,3760.0,0.2851,16173.0
1753591958802,04:52:38.802,binance,1INCH/USDT:USDT,0.2849,7365.0,0.2848,20906.0,0.285,3760.0,0.2851,16173.0
1753591959237,04:52:39.237,binance,1INCH/USDT:USDT,0.2849,7365.0,0.2848,20906.0,0.285,3760.0,0.2851,16173.0
1753591959602,04:52:39.602,binance,1INCH/USDT:USDT,0.2849,7365.0,0.2848,20906.0,0.285,3760.0,0.2851,16173.0
1753591959775,04:52:39.775,binance,1INCH/USDT:USDT,0.2849,7529.0,0.2848,21783.0,0.285,250.0,0.2851,13173.0
1753591959920,04:52:39.920,binance,1INCH/USDT:USDT,0.2849,7529.0,0.2848,21783.0,0.285,250.0,0.2851,12946.0
1753591960202,04:52:40.202,binance,1INCH/USDT:USDT,0.2849,10529.0,0.2848,21783.0,0.285,250.0,0.2851,12946.0
1753591960337,04:52:40.337,binance,1INCH/USDT:USDT,0.2849,10529.0,0.2848,21783.0,0.285,250.0,0.2851,12946.0
1753591960447,04:52:40.447,binance,1INCH/USDT:USDT,0.2849,10529.0,0.2848,21783.0,0.285,250.0,0.2851,12946.0
1753591960566,04:52:40.566,binance,1INCH/USDT:USDT,0.2849,10548.0,0.2848,21783.0,0.285,250.0,0.2851,12946.0
1753591960802,04:52:40.802,binance,1INCH/USDT:USDT,0.2849,10548.0,0.2848,21783.0,0.285,250.0,0.2851,12946.0
1753591960986,04:52:40.986,binance,1INCH/USDT:USDT,0.2849,10548.0,0.2848,21783.0,0.285,250.0,0.2851,12946.0
1753591961292,04:52:41.292,binance,1INCH/USDT:USDT,0.2849,7384.0,0.2848,21783.0,0.285,2393.0,0.2851,10306.0
1753591961402,04:52:41.402,binance,1INCH/USDT:USDT,0.2849,7384.0,0.2848,21783.0,0.285,2393.0,0.2851,10306.0
1753591961560,04:52:41.560,binance,1INCH/USDT:USDT,0.2849,7384.0,0.2848,19974.0,0.285,4164.0,0.2851,10306.0
1753591961668,04:52:41.668,binance,1INCH/USDT:USDT,0.2849,7384.0,0.2848,12394.0,0.285,4164.0,0.2851,10306.0
1753591961802,04:52:41.802,binance,1INCH/USDT:USDT,0.2849,7384.0,0.2848,14203.0,0.285,4164.0,0.2851,10306.0
1753591961907,04:52:41.907,binance,1INCH/USDT:USDT,0.2849,7384.0,0.2848,14203.0,0.285,4164.0,0.2851,10306.0
1753591962102,04:52:42.102,binance,1INCH/USDT:USDT,0.2849,7384.0,0.2848,14203.0,0.285,4164.0,0.2851,10306.0
1753591962208,04:52:42.208,binance,1INCH/USDT:USDT,0.2849,7384.0,0.2848,14203.0,0.285,4164.0,0.2851,13306.0
1753591962347,04:52:42.347,binance,1INCH/USDT:USDT,0.2849,7384.0,0.2848,14203.0,0.285,4164.0,0.2851,13306.0
1753591962468,04:52:42.468,binance,1INCH/USDT:USDT,0.2849,7384.0,0.2848,14203.0,0.285,4164.0,0.2851,12993.0
1753591962572,04:52:42.572,binance,1INCH/USDT:USDT,0.2849,7366.0,0.2848,14203.0,0.285,4164.0,0.2851,12993.0
1753591962702,04:52:42.702,binance,1INCH/USDT:USDT,0.2849,7366.0,0.2848,14203.0,0.285,4164.0,0.2851,12993.0
1753591962902,04:52:42.902,binance,1INCH/USDT:USDT,0.2849,7366.0,0.2848,14203.0,0.285,4164.0,0.2851,12993.0
1753591963902,04:52:43.902,binance,1INCH/USDT:USDT,0.2849,7366.0,0.2848,14203.0,0.285,2393.0,0.2851,12993.0
1753591964102,04:52:44.102,binance,1INCH/USDT:USDT,0.2849,7366.0,0.2848,14203.0,0.285,2393.0,0.2851,12993.0
1753591964502,04:52:44.502,binance,1INCH/USDT:USDT,0.2849,7366.0,0.2848,14203.0,0.285,2393.0,0.2851,12993.0
1753591964702,04:52:44.702,binance,1INCH/USDT:USDT,0.2849,7366.0,0.2848,14203.0,0.285,1795.0,0.2851,12993.0
1753591964851,04:52:44.851,binance,1INCH/USDT:USDT,0.2849,7366.0,0.2848,14203.0,0.285,1795.0,0.2851,12993.0
1753591965102,04:52:45.102,binance,1INCH/USDT:USDT,0.2849,7366.0,0.2848,14203.0,0.285,1795.0,0.2851,12993.0
1753591965702,04:52:45.702,binance,1INCH/USDT:USDT,0.2849,7366.0,0.2848,14203.0,0.285,1795.0,0.2851,12993.0
1753591965902,04:52:45.902,binance,1INCH/USDT:USDT,0.2849,7366.0,0.2848,14203.0,0.285,1795.0,0.2851,12993.0
1753591966117,04:52:46.117,binance,1INCH/USDT:USDT,0.2849,7366.0,0.2848,14203.0,0.285,1795.0,0.2851,12993.0
1753591966246,04:52:46.246,binance,1INCH/USDT:USDT,0.2849,7366.0,0.2848,14203.0,0.285,1795.0,0.2851,12993.0
1753591966664,04:52:46.664,binance,1INCH/USDT:USDT,0.2849,7366.0,0.2848,14203.0,0.285,1820.0,0.2851,12993.0
1753591966797,04:52:46.797,binance,1INCH/USDT:USDT,0.2849,7366.0,0.2848,14203.0,0.285,1820.0,0.2851,12993.0
1753591966902,04:52:46.902,binance,1INCH/USDT:USDT,0.2849,7366.0,0.2848,14203.0,0.285,1820.0,0.2851,12993.0
1753591967102,04:52:47.102,binance,1INCH/USDT:USDT,0.2849,7366.0,0.2848,14203.0,0.285,1820.0,0.2851,12993.0
1753591967302,04:52:47.302,binance,1INCH/USDT:USDT,0.2849,7366.0,0.2848,14203.0,0.285,1820.0,0.2851,12993.0
1753591967602,04:52:47.602,binance,1INCH/USDT:USDT,0.2849,7366.0,0.2848,14203.0,0.285,1820.0,0.2851,12993.0
1753591967903,04:52:47.903,binance,1INCH/USDT:USDT,0.2849,7366.0,0.2848,14203.0,0.285,1820.0,0.2851,12993.0
1753591968166,04:52:48.166,binance,1INCH/USDT:USDT,0.2849,7366.0,0.2848,14203.0,0.285,275.0,0.2851,9993.0
1753591968310,04:52:48.310,binance,1INCH/USDT:USDT,0.2849,7366.0,0.2848,14203.0,0.285,275.0,0.2851,11548.0
1753591968458,04:52:48.458,binance,1INCH/USDT:USDT,0.2849,7366.0,0.2848,14203.0,0.285,275.0,0.2851,11548.0
1753591968567,04:52:48.567,binance,1INCH/USDT:USDT,0.2849,7366.0,0.2848,14203.0,0.285,275.0,0.2851,11548.0
1753591968702,04:52:48.702,binance,1INCH/USDT:USDT,0.2849,7366.0,0.2848,14203.0,0.285,275.0,0.2851,11548.0
1753591969033,04:52:49.033,binance,1INCH/USDT:USDT,0.2849,10366.0,0.2848,14203.0,0.285,275.0,0.2851,11548.0
1753591969157,04:52:49.157,binance,1INCH/USDT:USDT,0.2849,10366.0,0.2848,16919.0,0.285,275.0,0.2851,11548.0
1753591969287,04:52:49.287,binance,1INCH/USDT:USDT,0.2849,10366.0,0.2848,16919.0,0.285,275.0,0.2851,11548.0
1753591969401,04:52:49.401,binance,1INCH/USDT:USDT,0.2849,10366.0,0.2848,16919.0,0.285,275.0,0.2851,11548.0
1753591969557,04:52:49.557,binance,1INCH/USDT:USDT,0.2849,10366.0,0.2848,16919.0,0.285,275.0,0.2851,11548.0
1753591969754,04:52:49.754,binance,1INCH/USDT:USDT,0.2849,10366.0,0.2848,16919.0,0.285,275.0,0.2851,11548.0
1753591969900,04:52:49.900,binance,1INCH/USDT:USDT,0.2848,4632.0,0.2847,12973.0,0.2849,1815.0,0.285,14042.0
1753591970104,04:52:50.104,binance,1INCH/USDT:USDT,0.2848,6557.0,0.2847,16235.0,0.2849,6661.0,0.285,16277.0
1753591970209,04:52:50.209,binance,1INCH/USDT:USDT,0.2848,6557.0,0.2847,16235.0,0.2849,6661.0,0.285,15475.0
1753591970349,04:52:50.349,binance,1INCH/USDT:USDT,0.2848,6627.0,0.2847,16235.0,0.2849,6661.0,0.285,15475.0
1753591970455,04:52:50.455,binance,1INCH/USDT:USDT,0.2848,6627.0,0.2847,16235.0,0.2849,3661.0,0.285,15475.0
1753591970558,04:52:50.558,binance,1INCH/USDT:USDT,0.2848,6627.0,0.2847,16235.0,0.2849,3661.0,0.285,15475.0
1753591970685,04:52:50.685,binance,1INCH/USDT:USDT,0.2848,6627.0,0.2847,16235.0,0.2849,3661.0,0.285,15475.0
1753591970821,04:52:50.821,binance,1INCH/USDT:USDT,0.2848,6627.0,0.2847,16235.0,0.2849,3661.0,0.285,16352.0
1753591970930,04:52:50.930,binance,1INCH/USDT:USDT,0.2848,6627.0,0.2847,14229.0,0.2849,3661.0,0.285,16352.0
1753591971047,04:52:51.047,binance,1INCH/USDT:USDT,0.2848,6627.0,0.2847,14955.0,0.2849,7687.0,0.285,16352.0
1753591971161,04:52:51.161,binance,1INCH/USDT:USDT,0.2848,6606.0,0.2847,14955.0,0.2849,7687.0,0.285,16352.0
1753591971368,04:52:51.368,binance,1INCH/USDT:USDT,0.2848,6606.0,0.2847,14955.0,0.2849,7687.0,0.285,16514.0
1753591971744,04:52:51.744,binance,1INCH/USDT:USDT,0.2848,6606.0,0.2847,14229.0,0.2849,7687.0,0.285,16514.0
1753591971901,04:52:51.901,binance,1INCH/USDT:USDT,0.2848,6606.0,0.2847,14229.0,0.2849,7687.0,0.285,17210.0
1753591972005,04:52:52.005,binance,1INCH/USDT:USDT,0.2848,6606.0,0.2847,14229.0,0.2849,7687.0,0.285,17210.0
1753591972137,04:52:52.137,binance,1INCH/USDT:USDT,0.2848,6606.0,0.2847,14955.0,0.2849,4687.0,0.285,17210.0
1753591972240,04:52:52.240,binance,1INCH/USDT:USDT,0.2848,6606.0,0.2847,14955.0,0.2849,4687.0,0.285,17210.0
1753591972440,04:52:52.440,binance,1INCH/USDT:USDT,0.2848,6606.0,0.2847,14955.0,0.2849,4687.0,0.285,18741.0
1753591972647,04:52:52.647,binance,1INCH/USDT:USDT,0.2848,6606.0,0.2847,14955.0,0.2849,4687.0,0.285,18741.0
1753591972802,04:52:52.802,binance,1INCH/USDT:USDT,0.2848,11465.0,0.2847,14955.0,0.2849,4687.0,0.285,18741.0
1753591972942,04:52:52.942,binance,1INCH/USDT:USDT,0.2848,11465.0,0.2847,14973.0,0.2849,4687.0,0.285,18741.0
1753591973086,04:52:53.086,binance,1INCH/USDT:USDT,0.2848,11465.0,0.2847,14041.0,0.2849,3603.0,0.285,18741.0
1753591973203,04:52:53.203,binance,1INCH/USDT:USDT,0.2848,11465.0,0.2847,14041.0,0.2849,3661.0,0.285,18741.0
1753591973601,04:52:53.601,binance,1INCH/USDT:USDT,0.2848,11468.0,0.2847,14041.0,0.2849,3661.0,0.285,18741.0
1753591973739,04:52:53.739,binance,1INCH/USDT:USDT,0.2848,11468.0,0.2847,14041.0,0.2849,3661.0,0.285,18549.0
1753591973857,04:52:53.857,binance,1INCH/USDT:USDT,0.2848,11468.0,0.2847,14041.0,0.2849,3661.0,0.285,18549.0
1753591974902,04:52:54.902,binance,1INCH/USDT:USDT,0.2848,11468.0,0.2847,14041.0,0.2849,3661.0,0.285,18549.0
1753591975037,04:52:55.037,binance,1INCH/USDT:USDT,0.2848,11468.0,0.2847,14041.0,0.2849,3661.0,0.285,18549.0
1753591975624,04:52:55.624,binance,1INCH/USDT:USDT,0.2848,11468.0,0.2847,14041.0,0.2849,4687.0,0.285,18803.0
1753591976052,04:52:56.052,binance,1INCH/USDT:USDT,0.2848,11468.0,0.2847,14041.0,0.2849,7733.0,0.285,18803.0
1753591976202,04:52:56.202,binance,1INCH/USDT:USDT,0.2848,11468.0,0.2847,14041.0,0.2849,7733.0,0.285,18803.0
1753591976602,04:52:56.602,binance,1INCH/USDT:USDT,0.2848,11468.0,0.2847,14041.0,0.2849,7733.0,0.285,18803.0
1753591976737,04:52:56.737,binance,1INCH/USDT:USDT,0.2848,11468.0,0.2847,14041.0,0.2849,7733.0,0.285,18803.0
1753591976995,04:52:56.995,binance,1INCH/USDT:USDT,0.2848,11468.0,0.2847,14041.0,0.2849,7733.0,0.285,18803.0
1753591977202,04:52:57.202,binance,1INCH/USDT:USDT,0.2848,11468.0,0.2847,14041.0,0.2849,7733.0,0.285,18803.0
1753591977401,04:52:57.401,binance,1INCH/USDT:USDT,0.2848,11468.0,0.2847,14041.0,0.2849,7733.0,0.285,17892.0
1753591977558,04:52:57.558,binance,1INCH/USDT:USDT,0.2848,11492.0,0.2847,14041.0,0.2849,7733.0,0.285,17892.0
1753591977747,04:52:57.747,binance,1INCH/USDT:USDT,0.2848,11492.0,0.2847,14041.0,0.2849,7733.0,0.285,17892.0
1753591977858,04:52:57.858,binance,1INCH/USDT:USDT,0.2848,11492.0,0.2847,14041.0,0.2849,7733.0,0.285,17892.0
1753591978002,04:52:58.002,binance,1INCH/USDT:USDT,0.2848,11320.0,0.2847,14041.0,0.2849,7804.0,0.285,17892.0
1753591978104,04:52:58.104,binance,1INCH/USDT:USDT,0.2848,11320.0,0.2847,14041.0,0.2849,7804.0,0.285,17892.0
1753591978228,04:52:58.228,binance,1INCH/USDT:USDT,0.2848,11320.0,0.2847,14041.0,0.2849,7804.0,0.285,17892.0
1753591978357,04:52:58.357,binance,1INCH/USDT:USDT,0.2848,11320.0,0.2847,14041.0,0.2849,7804.0,0.285,17892.0
1753591978459,04:52:58.459,binance,1INCH/USDT:USDT,0.2848,11320.0,0.2847,14041.0,0.2849,7804.0,0.285,17892.0
1753591978898,04:52:58.898,binance,1INCH/USDT:USDT,0.2849,1763.0,0.2848,11398.0,0.285,14497.0,0.2851,26783.0
1753591979000,04:52:59.000,binance,1INCH/USDT:USDT,0.2849,78.0,0.2848,11398.0,0.285,14555.0,0.2851,22516.0
1753591979122,04:52:59.122,binance,1INCH/USDT:USDT,0.2849,78.0,0.2848,11398.0,0.285,14905.0,0.2851,23691.0
1753591979227,04:52:59.227,binance,1INCH/USDT:USDT,0.2849,78.0,0.2848,12238.0,0.285,14905.0,0.2851,23691.0
1753591979393,04:52:59.393,binance,1INCH/USDT:USDT,0.2848,11030.0,0.2847,7572.0,0.2849,4956.0,0.285,14276.0
1753591979502,04:52:59.502,binance,1INCH/USDT:USDT,0.2848,11088.0,0.2847,8298.0,0.2849,1747.0,0.285,13926.0
1753591979644,04:52:59.644,binance,1INCH/USDT:USDT,0.2848,11088.0,0.2847,8298.0,0.2849,1747.0,0.285,13926.0
1753591979790,04:52:59.790,binance,1INCH/USDT:USDT,0.2849,775.0,0.2848,12129.0,0.285,12758.0,0.2851,19441.0
1753591979891,04:52:59.891,binance,1INCH/USDT:USDT,0.2849,833.0,0.2848,12129.0,0.285,12816.0,0.2851,21265.0
1753591980002,04:53:00.002,binance,1INCH/USDT:USDT,0.2849,3653.0,0.2848,10494.0,0.285,13067.0,0.2851,22952.0
1753591980103,04:53:00.103,binance,1INCH/USDT:USDT,0.2849,833.0,0.2848,10494.0,0.285,13766.0,0.2851,22952.0
1753591980222,04:53:00.222,binance,1INCH/USDT:USDT,0.2848,9395.0,0.2847,8649.0,0.2849,320.0,0.285,13314.0
1753591980328,04:53:00.328,binance,1INCH/USDT:USDT,0.2848,11253.0,0.2847,10924.0,0.285,10379.0,0.2851,21836.0
1753591980429,04:53:00.429,binance,1INCH/USDT:USDT,0.2849,833.0,0.2848,12346.0,0.285,10465.0,0.2851,21836.0
1753591980538,04:53:00.538,binance,1INCH/USDT:USDT,0.2849,833.0,0.2848,12346.0,0.285,10465.0,0.2851,21836.0
1753591980639,04:53:00.639,binance,1INCH/USDT:USDT,0.2849,2577.0,0.2848,10546.0,0.285,12255.0,0.2851,21836.0
1753591980871,04:53:00.871,binance,1INCH/USDT:USDT,0.2849,2577.0,0.2848,10564.0,0.285,10724.0,0.2851,23269.0
1753591980997,04:53:00.997,binance,1INCH/USDT:USDT,0.2849,2577.0,0.2848,10564.0,0.285,10724.0,0.2851,23269.0
1753591981102,04:53:01.102,binance,1INCH/USDT:USDT,0.2849,2577.0,0.2848,10564.0,0.285,10724.0,0.2851,23269.0
1753591981292,04:53:01.292,binance,1INCH/USDT:USDT,0.2849,2577.0,0.2848,10564.0,0.285,10724.0,0.2851,23269.0
1753591981455,04:53:01.455,binance,1INCH/USDT:USDT,0.2849,2577.0,0.2848,10564.0,0.285,10028.0,0.2851,23552.0
1753591981557,04:53:01.557,binance,1INCH/USDT:USDT,0.2849,2577.0,0.2848,10564.0,0.285,10028.0,0.2851,23552.0
1753591981702,04:53:01.702,binance,1INCH/USDT:USDT,0.2848,10564.0,0.2847,12261.0,0.285,10028.0,0.2851,24428.0
1753591981905,04:53:01.905,binance,1INCH/USDT:USDT,0.2848,10927.0,0.2847,11384.0,0.2849,1912.0,0.285,8835.0
1753591982036,04:53:02.036,binance,1INCH/USDT:USDT,0.2848,10985.0,0.2847,10924.0,0.2849,1970.0,0.285,8868.0
1753591982159,04:53:02.159,binance,1INCH/USDT:USDT,0.2848,10985.0,0.2847,10924.0,0.2849,1994.0,0.285,8868.0
1753591982262,04:53:02.262,binance,1INCH/USDT:USDT,0.2848,10985.0,0.2847,10924.0,0.2849,1994.0,0.285,8868.0
1753591982418,04:53:02.418,binance,1INCH/USDT:USDT,0.2848,10986.0,0.2847,10924.0,0.2849,1994.0,0.285,8886.0
1753591982561,04:53:02.561,binance,1INCH/USDT:USDT,0.2848,11006.0,0.2847,10924.0,0.2849,1970.0,0.285,8886.0
1753591982664,04:53:02.664,binance,1INCH/USDT:USDT,0.2848,11006.0,0.2847,10924.0,0.2849,1970.0,0.285,8886.0
1753591982801,04:53:02.801,binance,1INCH/USDT:USDT,0.2848,11006.0,0.2847,10924.0,0.2849,1970.0,0.285,8886.0
1753591983183,04:53:03.183,binance,1INCH/USDT:USDT,0.2848,11006.0,0.2847,10924.0,0.2849,1970.0,0.285,9763.0
1753591983402,04:53:03.402,binance,1INCH/USDT:USDT,0.2848,11006.0,0.2847,10924.0,0.2849,1970.0,0.285,9763.0
1753591983616,04:53:03.616,binance,1INCH/USDT:USDT,0.2848,11006.0,0.2847,10924.0,0.2849,2996.0,0.285,9763.0
1753591983903,04:53:03.903,binance,1INCH/USDT:USDT,0.2848,11006.0,0.2847,10924.0,0.2849,4781.0,0.285,9763.0
1753591984017,04:53:04.017,binance,1INCH/USDT:USDT,0.2848,11006.0,0.2847,10924.0,0.2849,4781.0,0.285,9763.0
1753591984127,04:53:04.127,binance,1INCH/USDT:USDT,0.2848,11006.0,0.2847,10198.0,0.2849,4781.0,0.285,9763.0
1753591984302,04:53:04.302,binance,1INCH/USDT:USDT,0.2848,11006.0,0.2847,10924.0,0.2849,4781.0,0.285,9763.0
1753591984616,04:53:04.616,binance,1INCH/USDT:USDT,0.2848,11006.0,0.2847,8649.0,0.2849,4827.0,0.285,16689.0
1753591984902,04:53:04.902,binance,1INCH/USDT:USDT,0.2848,11006.0,0.2847,8649.0,0.2849,4827.0,0.285,16689.0
1753591985057,04:53:05.057,binance,1INCH/USDT:USDT,0.2848,11006.0,0.2847,8649.0,0.2849,4827.0,0.285,16689.0
1753591985374,04:53:05.374,binance,1INCH/USDT:USDT,0.2848,11006.0,0.2847,10924.0,0.2849,4827.0,0.285,16689.0
1753591985602,04:53:05.602,binance,1INCH/USDT:USDT,0.2848,11006.0,0.2847,10924.0,0.2849,4827.0,0.285,16689.0
1753591985762,04:53:05.762,binance,1INCH/USDT:USDT,0.2848,11006.0,0.2847,10924.0,0.2849,4827.0,0.285,16689.0
1753591985884,04:53:05.884,binance,1INCH/USDT:USDT,0.2848,11006.0,0.2847,10924.0,0.2849,4827.0,0.285,16689.0
1753591986107,04:53:06.107,binance,1INCH/USDT:USDT,0.2848,11006.0,0.2847,10924.0,0.2849,3755.0,0.285,17013.0
1753591986227,04:53:06.227,binance,1INCH/USDT:USDT,0.2848,11006.0,0.2847,10924.0,0.2849,4781.0,0.285,17013.0
1753591986555,04:53:06.555,binance,1INCH/USDT:USDT,0.2848,11006.0,0.2847,10924.0,0.2849,4781.0,0.285,18505.0
1753591986657,04:53:06.657,binance,1INCH/USDT:USDT,0.2848,11006.0,0.2847,10924.0,0.2849,4827.0,0.285,18505.0
1753591986802,04:53:06.802,binance,1INCH/USDT:USDT,0.2848,11006.0,0.2847,10924.0,0.2849,4593.0,0.285,18505.0
1753591986908,04:53:06.908,binance,1INCH/USDT:USDT,0.2848,7301.0,0.2847,10924.0,0.2849,7593.0,0.285,22712.0
1753591987080,04:53:07.080,binance,1INCH/USDT:USDT,0.2848,7301.0,0.2847,8649.0,0.2849,7593.0,0.285,24202.0
1753591987186,04:53:07.186,binance,1INCH/USDT:USDT,0.2848,7302.0,0.2847,10234.0,0.2849,7593.0,0.285,24202.0
1753591987301,04:53:07.301,binance,1INCH/USDT:USDT,0.2848,7302.0,0.2847,10234.0,0.2849,7593.0,0.285,24202.0
1753591987428,04:53:07.428,binance,1INCH/USDT:USDT,0.2848,7302.0,0.2847,10234.0,0.2849,7593.0,0.285,24202.0
1753591987539,04:53:07.539,binance,1INCH/USDT:USDT,0.2848,9153.0,0.2847,8649.0,0.2849,7593.0,0.285,24202.0
1753591987901,04:53:07.901,binance,1INCH/USDT:USDT,0.2848,9153.0,0.2847,10928.0,0.2849,7593.0,0.285,24202.0
1753591988902,04:53:08.902,binance,1INCH/USDT:USDT,0.2848,9153.0,0.2847,10928.0,0.2849,7612.0,0.285,24202.0
1753591989502,04:53:09.502,binance,1INCH/USDT:USDT,0.2848,9153.0,0.2847,10928.0,0.2849,7612.0,0.285,24202.0
1753591989636,04:53:09.636,binance,1INCH/USDT:USDT,0.2848,9153.0,0.2847,8649.0,0.2849,9427.0,0.285,24202.0
1753591990087,04:53:10.087,binance,1INCH/USDT:USDT,0.2848,9153.0,0.2847,8649.0,0.2849,9427.0,0.285,24202.0
1753591990194,04:53:10.194,binance,1INCH/USDT:USDT,0.2848,9153.0,0.2847,8649.0,0.2849,9427.0,0.285,24202.0
1753591990602,04:53:10.602,binance,1INCH/USDT:USDT,0.2848,9153.0,0.2847,8649.0,0.2849,9427.0,0.285,24202.0
1753591990974,04:53:10.974,binance,1INCH/USDT:USDT,0.2848,9153.0,0.2847,8649.0,0.2849,9427.0,0.285,24500.0
1753591991147,04:53:11.147,binance,1INCH/USDT:USDT,0.2848,9153.0,0.2847,8649.0,0.2849,9427.0,0.285,24500.0
1753591991697,04:53:11.697,binance,1INCH/USDT:USDT,0.2848,9153.0,0.2847,8649.0,0.2849,9427.0,0.285,24500.0
1753591991801,04:53:11.801,binance,1INCH/USDT:USDT,0.2848,9153.0,0.2847,8649.0,0.2849,9427.0,0.285,24500.0
1753591991913,04:53:11.913,binance,1INCH/USDT:USDT,0.2848,7302.0,0.2847,8649.0,0.2849,9427.0,0.285,24851.0
1753591992420,04:53:12.420,binance,1INCH/USDT:USDT,0.2847,11858.0,0.2846,23272.0,0.2848,12410.0,0.2849,12008.0
1753591992527,04:53:12.527,binance,1INCH/USDT:USDT,0.2847,11916.0,0.2846,12169.0,0.2848,7338.0,0.2849,16557.0
1753591992632,04:53:12.632,binance,1INCH/USDT:USDT,0.2847,11916.0,0.2846,8748.0,0.2848,7338.0,0.2849,16557.0
1753591992849,04:53:12.849,binance,1INCH/USDT:USDT,0.2847,11916.0,0.2846,6503.0,0.2848,10338.0,0.2849,16557.0
1753591992978,04:53:12.978,binance,1INCH/USDT:USDT,0.2847,11916.0,0.2846,6503.0,0.2848,10338.0,0.2849,16557.0
1753591993202,04:53:13.202,binance,1INCH/USDT:USDT,0.2847,11916.0,0.2846,6503.0,0.2848,10338.0,0.2849,16557.0
1753591993346,04:53:13.346,binance,1INCH/USDT:USDT,0.2847,6713.0,0.2846,6503.0,0.2848,10338.0,0.2849,16563.0
1753591993670,04:53:13.670,binance,1INCH/USDT:USDT,0.2847,4882.0,0.2846,6503.0,0.2848,10338.0,0.2849,16563.0
1753591993776,04:53:13.776,binance,1INCH/USDT:USDT,0.2847,4882.0,0.2846,9503.0,0.2848,10338.0,0.2849,16563.0
1753591993902,04:53:13.902,binance,1INCH/USDT:USDT,0.2847,4882.0,0.2846,9503.0,0.2848,10338.0,0.2849,16563.0
1753591994036,04:53:14.036,binance,1INCH/USDT:USDT,0.2847,4882.0,0.2846,9503.0,0.2848,10338.0,0.2849,16563.0
1753591994302,04:53:14.302,binance,1INCH/USDT:USDT,0.2847,4882.0,0.2846,9503.0,0.2848,10338.0,0.2849,16563.0
1753591994405,04:53:14.405,binance,1INCH/USDT:USDT,0.2847,4882.0,0.2846,9503.0,0.2848,10338.0,0.2849,16563.0
1753591994553,04:53:14.553,binance,1INCH/USDT:USDT,0.2847,4882.0,0.2846,9503.0,0.2848,10338.0,0.2849,16563.0
1753591994666,04:53:14.666,binance,1INCH/USDT:USDT,0.2847,4882.0,0.2846,9503.0,0.2848,10338.0,0.2849,16563.0
1753591994903,04:53:14.903,binance,1INCH/USDT:USDT,0.2847,4882.0,0.2846,9503.0,0.2848,10338.0,0.2849,16563.0
1753591995102,04:53:15.102,binance,1INCH/USDT:USDT,0.2847,4882.0,0.2846,9503.0,0.2848,10338.0,0.2849,16563.0
1753591995217,04:53:15.217,binance,1INCH/USDT:USDT,0.2847,4882.0,0.2846,9503.0,0.2848,10338.0,0.2849,16563.0
1753591995417,04:53:15.417,binance,1INCH/USDT:USDT,0.2847,4882.0,0.2846,9503.0,0.2848,10338.0,0.2849,16563.0
1753591995523,04:53:15.523,binance,1INCH/USDT:USDT,0.2847,4882.0,0.2846,9503.0,0.2848,10338.0,0.2849,16795.0
1753591995654,04:53:15.654,binance,1INCH/USDT:USDT,0.2847,4882.0,0.2846,9503.0,0.2848,10338.0,0.2849,15319.0
1753591996329,04:53:16.329,binance,1INCH/USDT:USDT,0.2847,5224.0,0.2846,9503.0,0.2848,7338.0,0.2849,15656.0
1753591996448,04:53:16.448,binance,1INCH/USDT:USDT,0.2847,5224.0,0.2846,9503.0,0.2848,7338.0,0.2849,15656.0
1753591996590,04:53:16.590,binance,1INCH/USDT:USDT,0.2847,5224.0,0.2846,9854.0,0.2848,7338.0,0.2849,14168.0
1753591996843,04:53:16.843,binance,1INCH/USDT:USDT,0.2847,5224.0,0.2846,9854.0,0.2848,7338.0,0.2849,14168.0
1753591997002,04:53:17.002,binance,1INCH/USDT:USDT,0.2847,5224.0,0.2846,9854.0,0.2848,7338.0,0.2849,14168.0
1753591997146,04:53:17.146,binance,1INCH/USDT:USDT,0.2847,5224.0,0.2846,9854.0,0.2848,7338.0,0.2849,14168.0
1753591997403,04:53:17.403,binance,1INCH/USDT:USDT,0.2847,5224.0,0.2846,9854.0,0.2848,7400.0,0.2849,14168.0
1753591997601,04:53:17.601,binance,1INCH/USDT:USDT,0.2847,5224.0,0.2846,9854.0,0.2848,7400.0,0.2849,14168.0
1753591997702,04:53:17.702,binance,1INCH/USDT:USDT,0.2847,5224.0,0.2846,11002.0,0.2848,7400.0,0.2849,15062.0
1753591997809,04:53:17.809,binance,1INCH/USDT:USDT,0.2847,5224.0,0.2846,11002.0,0.2848,7400.0,0.2849,15062.0
1753591997953,04:53:17.953,binance,1INCH/USDT:USDT,0.2847,5224.0,0.2846,11002.0,0.2848,7400.0,0.2849,15062.0
1753591998102,04:53:18.102,binance,1INCH/USDT:USDT,0.2847,5224.0,0.2846,11002.0,0.2848,7400.0,0.2849,15062.0
1753591998287,04:53:18.287,binance,1INCH/USDT:USDT,0.2847,5954.0,0.2846,11002.0,0.2848,7400.0,0.2849,15062.0
1753591998425,04:53:18.425,binance,1INCH/USDT:USDT,0.2847,5954.0,0.2846,11002.0,0.2848,7400.0,0.2849,15056.0
1753591998557,04:53:18.557,binance,1INCH/USDT:USDT,0.2847,5954.0,0.2846,11002.0,0.2848,7400.0,0.2849,15056.0
1753591998660,04:53:18.660,binance,1INCH/USDT:USDT,0.2847,5954.0,0.2846,11002.0,0.2848,7400.0,0.2849,15056.0
1753591998801,04:53:18.801,binance,1INCH/USDT:USDT,0.2847,5954.0,0.2846,11002.0,0.2848,7400.0,0.2849,15056.0
1753591998907,04:53:18.907,binance,1INCH/USDT:USDT,0.2847,7735.0,0.2846,11002.0,0.2848,6653.0,0.2849,14719.0
1753591999008,04:53:19.008,binance,1INCH/USDT:USDT,0.2847,7735.0,0.2846,13217.0,0.2848,4841.0,0.2849,14719.0
1753591999117,04:53:19.117,binance,1INCH/USDT:USDT,0.2847,7735.0,0.2846,13217.0,0.2848,4841.0,0.2849,14744.0
1753591999302,04:53:19.302,binance,1INCH/USDT:USDT,0.2847,7735.0,0.2846,13217.0,0.2848,4841.0,0.2849,14744.0
1753591999702,04:53:19.702,binance,1INCH/USDT:USDT,0.2847,7735.0,0.2846,13217.0,0.2848,4841.0,0.2849,14744.0
1753592000302,04:53:20.302,binance,1INCH/USDT:USDT,0.2847,7735.0,0.2846,13217.0,0.2848,4841.0,0.2849,14744.0
1753592000407,04:53:20.407,binance,1INCH/USDT:USDT,0.2847,7735.0,0.2846,13217.0,0.2848,4841.0,0.2849,14744.0
1753592000586,04:53:20.586,binance,1INCH/USDT:USDT,0.2847,7735.0,0.2846,13606.0,0.2848,4841.0,0.2849,14744.0
1753592000902,04:53:20.902,binance,1INCH/USDT:USDT,0.2847,7735.0,0.2846,13606.0,0.2848,4841.0,0.2849,14744.0
1753592001251,04:53:21.251,binance,1INCH/USDT:USDT,0.2847,7735.0,0.2846,13606.0,0.2848,4841.0,0.2849,14909.0
1753592001502,04:53:21.502,binance,1INCH/USDT:USDT,0.2847,7735.0,0.2846,13606.0,0.2848,4841.0,0.2849,14909.0
1753592001652,04:53:21.652,binance,1INCH/USDT:USDT,0.2847,7735.0,0.2846,13606.0,0.2848,68.0,0.2849,14909.0
1753592001929,04:53:21.929,binance,1INCH/USDT:USDT,0.2847,7735.0,0.2846,13606.0,0.2848,68.0,0.2849,13696.0
1753592002097,04:53:22.097,binance,1INCH/USDT:USDT,0.2847,7735.0,0.2846,13606.0,0.2848,1921.0,0.2849,12052.0
1753592002204,04:53:22.204,binance,1INCH/USDT:USDT,0.2847,7735.0,0.2846,13606.0,0.2848,1979.0,0.2849,12052.0
1753592002310,04:53:22.310,binance,1INCH/USDT:USDT,0.2847,7735.0,0.2846,13606.0,0.2848,1979.0,0.2849,12052.0
1753592002499,04:53:22.499,binance,1INCH/USDT:USDT,0.2847,7735.0,0.2846,13606.0,0.2848,1979.0,0.2849,12637.0
1753592002602,04:53:22.602,binance,1INCH/USDT:USDT,0.2847,7735.0,0.2846,13606.0,0.2848,1979.0,0.2849,12637.0
1753592003301,04:53:23.301,binance,1INCH/USDT:USDT,0.2847,7735.0,0.2846,14484.0,0.2848,1979.0,0.2849,12637.0
1753592003411,04:53:23.411,binance,1INCH/USDT:USDT,0.2847,10677.0,0.2846,19846.0,0.2848,556.0,0.2849,12579.0
1753592003517,04:53:23.517,binance,1INCH/USDT:USDT,0.2847,10677.0,0.2846,19846.0,0.2848,556.0,0.2849,13267.0
1753592003621,04:53:23.621,binance,1INCH/USDT:USDT,0.2848,3268.0,0.2847,11500.0,0.2849,13242.0,0.285,24864.0
1753592003723,04:53:23.723,binance,1INCH/USDT:USDT,0.2848,3326.0,0.2847,11500.0,0.2849,13300.0,0.285,24864.0
1753592003902,04:53:23.902,binance,1INCH/USDT:USDT,0.2848,3326.0,0.2847,11500.0,0.2849,13300.0,0.285,24864.0
1753592004034,04:53:24.034,binance,1INCH/USDT:USDT,0.2848,3326.0,0.2847,11500.0,0.2849,13300.0,0.285,24864.0
1753592004137,04:53:24.137,binance,1INCH/USDT:USDT,0.2848,3326.0,0.2847,11500.0,0.2849,13300.0,0.285,24864.0
1753592004267,04:53:24.267,binance,1INCH/USDT:USDT,0.2848,3326.0,0.2847,11500.0,0.2849,13300.0,0.285,24864.0
1753592004413,04:53:24.413,binance,1INCH/USDT:USDT,0.2848,3326.0,0.2847,11500.0,0.2849,13300.0,0.285,24864.0
1753592004564,04:53:24.564,binance,1INCH/USDT:USDT,0.2848,3326.0,0.2847,11500.0,0.2849,13300.0,0.285,24864.0
1753592004702,04:53:24.702,binance,1INCH/USDT:USDT,0.2848,3326.0,0.2847,11500.0,0.2849,13300.0,0.285,24864.0
1753592004825,04:53:24.825,binance,1INCH/USDT:USDT,0.2848,3326.0,0.2847,11518.0,0.2849,10346.0,0.285,24864.0
1753592005104,04:53:25.104,binance,1INCH/USDT:USDT,0.2848,3326.0,0.2847,11518.0,0.2849,10346.0,0.285,24864.0
1753592005287,04:53:25.287,binance,1INCH/USDT:USDT,0.2848,3326.0,0.2847,11518.0,0.2849,10181.0,0.285,25027.0
1753592005676,04:53:25.676,binance,1INCH/USDT:USDT,0.2848,3326.0,0.2847,11518.0,0.2849,10181.0,0.285,25027.0
1753592005779,04:53:25.779,binance,1INCH/USDT:USDT,0.2848,804.0,0.2847,8518.0,0.2849,10181.0,0.285,24773.0
1753592005902,04:53:25.902,binance,1INCH/USDT:USDT,0.2848,804.0,0.2847,10307.0,0.2849,10181.0,0.285,24773.0
1753592006079,04:53:26.079,binance,1INCH/USDT:USDT,0.2848,2582.0,0.2847,8518.0,0.2849,10181.0,0.285,25323.0
1753592006247,04:53:26.247,binance,1INCH/USDT:USDT,0.2848,2582.0,0.2847,8518.0,0.2849,10181.0,0.285,25323.0
1753592006366,04:53:26.366,binance,1INCH/USDT:USDT,0.2848,2601.0,0.2847,8518.0,0.2849,10181.0,0.285,25323.0
1753592006494,04:53:26.494,binance,1INCH/USDT:USDT,0.2848,2601.0,0.2847,8518.0,0.2849,10181.0,0.285,25323.0
1753592006641,04:53:26.641,binance,1INCH/USDT:USDT,0.2848,2601.0,0.2847,8518.0,0.2849,10181.0,0.285,25323.0
1753592006912,04:53:26.912,binance,1INCH/USDT:USDT,0.2848,2601.0,0.2847,8518.0,0.2849,9011.0,0.285,18745.0
1753592007522,04:53:27.522,binance,1INCH/USDT:USDT,0.2848,2601.0,0.2847,8518.0,0.2849,9011.0,0.285,18745.0
1753592007627,04:53:27.627,binance,1INCH/USDT:USDT,0.2848,2601.0,0.2847,8518.0,0.2849,8353.0,0.285,19161.0
1753592007901,04:53:27.901,binance,1INCH/USDT:USDT,0.2848,2601.0,0.2847,8518.0,0.2849,8353.0,0.285,19161.0
1753592008146,04:53:28.146,binance,1INCH/USDT:USDT,0.2848,2601.0,0.2847,8518.0,0.2849,8353.0,0.285,19161.0
1753592008248,04:53:28.248,binance,1INCH/USDT:USDT,0.2848,2620.0,0.2847,8518.0,0.2849,8353.0,0.285,19161.0
1753592008499,04:53:28.499,binance,1INCH/USDT:USDT,0.2848,2620.0,0.2847,8518.0,0.2849,8353.0,0.285,19161.0
1753592009202,04:53:29.202,binance,1INCH/USDT:USDT,0.2848,2620.0,0.2847,8518.0,0.2849,8353.0,0.285,19161.0
1753592009368,04:53:29.368,binance,1INCH/USDT:USDT,0.2848,2620.0,0.2847,8518.0,0.2849,8353.0,0.285,19161.0
1753592009547,04:53:29.547,binance,1INCH/USDT:USDT,0.2848,2620.0,0.2847,8518.0,0.2849,8353.0,0.285,19161.0
1753592009751,04:53:29.751,binance,1INCH/USDT:USDT,0.2848,2620.0,0.2847,8518.0,0.2849,8353.0,0.285,19161.0
1753592009901,04:53:29.901,binance,1INCH/USDT:USDT,0.2848,2620.0,0.2847,8518.0,0.2849,8353.0,0.285,19161.0
1753592010403,04:53:30.403,binance,1INCH/USDT:USDT,0.2848,2620.0,0.2847,8518.0,0.2849,8353.0,0.285,19161.0
1753592010915,04:53:30.915,binance,1INCH/USDT:USDT,0.2848,2620.0,0.2847,8518.0,0.2849,8353.0,0.285,19076.0
1753592011019,04:53:31.019,binance,1INCH/USDT:USDT,0.2848,2620.0,0.2847,8518.0,0.2849,8353.0,0.285,20636.0
1753592011239,04:53:31.239,binance,1INCH/USDT:USDT,0.2848,2620.0,0.2847,8518.0,0.2849,8353.0,0.285,20636.0
1753592011478,04:53:31.478,binance,1INCH/USDT:USDT,0.2848,2620.0,0.2847,8518.0,0.2849,8353.0,0.285,21965.0
1753592011587,04:53:31.587,binance,1INCH/USDT:USDT,0.2848,2620.0,0.2847,8518.0,0.2849,8353.0,0.285,21965.0
1753592011798,04:53:31.798,binance,1INCH/USDT:USDT,0.2848,2007.0,0.2847,8518.0,0.2849,8353.0,0.285,21965.0
1753592012002,04:53:32.002,binance,1INCH/USDT:USDT,0.2848,2007.0,0.2847,10088.0,0.2849,8353.0,0.285,21965.0
1753592012151,04:53:32.151,binance,1INCH/USDT:USDT,0.2848,3846.0,0.2847,8518.0,0.2849,8353.0,0.285,26010.0
1753592012603,04:53:32.603,binance,1INCH/USDT:USDT,0.2848,3846.0,0.2847,8518.0,0.2849,8353.0,0.285,26010.0
1753592012878,04:53:32.878,binance,1INCH/USDT:USDT,0.2848,3846.0,0.2847,8518.0,0.2849,8424.0,0.285,26010.0
1753592013202,04:53:33.202,binance,1INCH/USDT:USDT,0.2848,3846.0,0.2847,8518.0,0.2849,8424.0,0.285,26010.0
1753592013802,04:53:33.802,binance,1INCH/USDT:USDT,0.2848,3846.0,0.2847,8518.0,0.2849,8424.0,0.285,26010.0
1753592014402,04:53:34.402,binance,1INCH/USDT:USDT,0.2848,3846.0,0.2847,8518.0,0.2849,8424.0,0.285,26010.0
1753592014703,04:53:34.703,binance,1INCH/USDT:USDT,0.2848,3846.0,0.2847,8518.0,0.2849,8424.0,0.285,26010.0
1753592015582,04:53:35.582,binance,1INCH/USDT:USDT,0.2848,5613.0,0.2847,8518.0,0.2849,7352.0,0.285,26010.0
1753592015712,04:53:35.712,binance,1INCH/USDT:USDT,0.2848,7929.0,0.2847,17431.0,0.2849,90.0,0.285,19000.0
1753592015846,04:53:35.846,binance,1INCH/USDT:USDT,0.2848,7929.0,0.2847,17431.0,0.2849,90.0,0.285,17860.0
1753592015968,04:53:35.968,binance,1INCH/USDT:USDT,0.2848,7929.0,0.2847,17431.0,0.2849,90.0,0.285,17860.0
1753592016074,04:53:36.074,binance,1INCH/USDT:USDT,0.2848,7929.0,0.2847,17431.0,0.2849,90.0,0.285,19455.0
1753592016178,04:53:36.178,binance,1INCH/USDT:USDT,0.2848,7929.0,0.2847,17431.0,0.2849,90.0,0.285,19455.0
1753592016287,04:53:36.287,binance,1INCH/USDT:USDT,0.2848,7950.0,0.2847,17431.0,0.2849,1701.0,0.285,19455.0
1753592016389,04:53:36.389,binance,1INCH/USDT:USDT,0.2848,7950.0,0.2847,17431.0,0.2849,1759.0,0.285,17855.0
1753592016493,04:53:36.493,binance,1INCH/USDT:USDT,0.2848,7950.0,0.2847,17431.0,0.2849,1759.0,0.285,17855.0
1753592016595,04:53:36.595,binance,1INCH/USDT:USDT,0.2848,10950.0,0.2847,17431.0,0.2849,1759.0,0.285,17855.0
1753592016812,04:53:36.812,binance,1INCH/USDT:USDT,0.2848,7950.0,0.2847,12228.0,0.2849,109.0,0.285,17855.0
1753592016917,04:53:36.917,binance,1INCH/USDT:USDT,0.2848,7950.0,0.2847,12228.0,0.2849,1789.0,0.285,17855.0
1753592017047,04:53:37.047,binance,1INCH/USDT:USDT,0.2848,7950.0,0.2847,10087.0,0.2849,1847.0,0.285,17855.0
1753592017302,04:53:37.302,binance,1INCH/USDT:USDT,0.2848,7950.0,0.2847,10087.0,0.2849,1847.0,0.285,17855.0
1753592017406,04:53:37.406,binance,1INCH/USDT:USDT,0.2848,7950.0,0.2847,12304.0,0.2849,1847.0,0.285,17855.0
1753592017897,04:53:37.897,binance,1INCH/USDT:USDT,0.2848,7950.0,0.2847,12304.0,0.2849,1847.0,0.285,17855.0
1753592018002,04:53:38.002,binance,1INCH/USDT:USDT,0.2848,7950.0,0.2847,12304.0,0.2849,1847.0,0.285,17855.0
1753592018172,04:53:38.172,binance,1INCH/USDT:USDT,0.2848,7950.0,0.2847,12304.0,0.2849,2873.0,0.285,17855.0
1753592018402,04:53:38.402,binance,1INCH/USDT:USDT,0.2848,7950.0,0.2847,12304.0,0.2849,2873.0,0.285,17855.0
1753592018527,04:53:38.527,binance,1INCH/USDT:USDT,0.2848,7950.0,0.2847,12304.0,0.2849,2873.0,0.285,17855.0
1753592018797,04:53:38.797,binance,1INCH/USDT:USDT,0.2848,7950.0,0.2847,12304.0,0.2849,1847.0,0.285,17855.0
1753592018941,04:53:38.941,binance,1INCH/USDT:USDT,0.2848,7950.0,0.2847,12304.0,0.2849,1847.0,0.285,17855.0
1753592019044,04:53:39.044,binance,1INCH/USDT:USDT,0.2848,7950.0,0.2847,12304.0,0.2849,1847.0,0.285,17855.0
1753592019187,04:53:39.187,binance,1INCH/USDT:USDT,0.2848,7950.0,0.2847,12304.0,0.2849,1847.0,0.285,17855.0
1753592019502,04:53:39.502,binance,1INCH/USDT:USDT,0.2848,7950.0,0.2847,12304.0,0.2849,1847.0,0.285,17855.0
1753592019607,04:53:39.607,binance,1INCH/USDT:USDT,0.2848,7950.0,0.2847,12304.0,0.2849,1847.0,0.285,17855.0
1753592020097,04:53:40.097,binance,1INCH/USDT:USDT,0.2848,7950.0,0.2847,12304.0,0.2849,1847.0,0.285,17855.0
1753592020202,04:53:40.202,binance,1INCH/USDT:USDT,0.2848,7950.0,0.2847,12304.0,0.2849,1847.0,0.285,17855.0
1753592020326,04:53:40.326,binance,1INCH/USDT:USDT,0.2848,7950.0,0.2847,12304.0,0.2849,1847.0,0.285,17855.0
1753592020534,04:53:40.534,binance,1INCH/USDT:USDT,0.2848,10950.0,0.2847,12304.0,0.2849,109.0,0.285,17855.0
1753592020677,04:53:40.677,binance,1INCH/USDT:USDT,0.2848,10950.0,0.2847,12304.0,0.2849,109.0,0.285,17855.0
1753592020779,04:53:40.779,binance,1INCH/USDT:USDT,0.2848,7950.0,0.2847,12304.0,0.2849,1725.0,0.285,17855.0
1753592021203,04:53:41.203,binance,1INCH/USDT:USDT,0.2848,7950.0,0.2847,12304.0,0.2849,1725.0,0.285,17855.0
1753592021402,04:53:41.402,binance,1INCH/USDT:USDT,0.2848,7950.0,0.2847,12304.0,0.2849,1725.0,0.285,17855.0
1753592021802,04:53:41.802,binance,1INCH/USDT:USDT,0.2848,7950.0,0.2847,12304.0,0.2849,1725.0,0.285,17855.0
1753592021955,04:53:41.955,binance,1INCH/USDT:USDT,0.2848,7950.0,0.2847,12304.0,0.2849,1725.0,0.285,17855.0
1753592022298,04:53:42.298,binance,1INCH/USDT:USDT,0.2848,7950.0,0.2847,12304.0,0.2849,1725.0,0.285,16742.0
1753592022402,04:53:42.402,binance,1INCH/USDT:USDT,0.2848,7950.0,0.2847,12304.0,0.2849,1725.0,0.285,16742.0
1753592022557,04:53:42.557,binance,1INCH/USDT:USDT,0.2848,8033.0,0.2847,12304.0,0.2849,1744.0,0.285,16742.0
1753592023002,04:53:43.002,binance,1INCH/USDT:USDT,0.2848,8033.0,0.2847,12304.0,0.2849,1744.0,0.285,16742.0
1753592023134,04:53:43.134,binance,1INCH/USDT:USDT,0.2848,8033.0,0.2847,12304.0,0.2849,186.0,0.285,16742.0
1753592023369,04:53:43.369,binance,1INCH/USDT:USDT,0.2848,8033.0,0.2847,12304.0,0.2849,186.0,0.285,18482.0
1753592023499,04:53:43.499,binance,1INCH/USDT:USDT,0.2848,8033.0,0.2847,12304.0,0.2849,186.0,0.285,18482.0
1753592023601,04:53:43.601,binance,1INCH/USDT:USDT,0.2848,8033.0,0.2847,12304.0,0.2849,186.0,0.285,18482.0
1753592024008,04:53:44.008,binance,1INCH/USDT:USDT,0.2848,8033.0,0.2847,12304.0,0.2849,186.0,0.285,18482.0
1753592024303,04:53:44.303,binance,1INCH/USDT:USDT,0.2848,8033.0,0.2847,12304.0,0.2849,186.0,0.285,18482.0
1753592024702,04:53:44.702,binance,1INCH/USDT:USDT,0.2848,8033.0,0.2847,12304.0,0.2849,186.0,0.285,18482.0
1753592025257,04:53:45.257,binance,1INCH/USDT:USDT,0.2848,8033.0,0.2847,12304.0,0.2849,186.0,0.285,18482.0
1753592025401,04:53:45.401,binance,1INCH/USDT:USDT,0.2848,8033.0,0.2847,12304.0,0.2849,186.0,0.285,18482.0
1753592025692,04:53:45.692,binance,1INCH/USDT:USDT,0.2848,8033.0,0.2847,12304.0,0.2849,186.0,0.285,18493.0
1753592025802,04:53:45.802,binance,1INCH/USDT:USDT,0.2848,8033.0,0.2847,12304.0,0.2849,186.0,0.285,18493.0
1753592025967,04:53:45.967,binance,1INCH/USDT:USDT,0.2848,8033.0,0.2847,12304.0,0.2849,186.0,0.285,18493.0
1753592026387,04:53:46.387,binance,1INCH/USDT:USDT,0.2848,8033.0,0.2847,12304.0,0.2849,186.0,0.285,18493.0
1753592026541,04:53:46.541,binance,1INCH/USDT:USDT,0.2848,8033.0,0.2847,12304.0,0.2849,186.0,0.285,17748.0
1753592026796,04:53:46.796,binance,1INCH/USDT:USDT,0.2848,8033.0,0.2847,11578.0,0.2849,2007.0,0.285,16008.0
1753592026900,04:53:46.900,binance,1INCH/USDT:USDT,0.2848,8033.0,0.2847,12304.0,0.2849,2065.0,0.285,16008.0
1753592027032,04:53:47.032,binance,1INCH/USDT:USDT,0.2848,8033.0,0.2847,12304.0,0.2849,2065.0,0.285,16008.0
1753592027311,04:53:47.311,binance,1INCH/USDT:USDT,0.2848,8033.0,0.2847,12304.0,0.2849,2065.0,0.285,15056.0
1753592027437,04:53:47.437,binance,1INCH/USDT:USDT,0.2848,8033.0,0.2847,12304.0,0.2849,2065.0,0.285,15056.0
1753592028128,04:53:48.128,binance,1INCH/USDT:USDT,0.2848,8033.0,0.2847,12304.0,0.2849,186.0,0.285,15056.0
1753592028352,04:53:48.352,binance,1INCH/USDT:USDT,0.2848,8033.0,0.2847,12304.0,0.2849,186.0,0.285,16660.0
1753592028462,04:53:48.462,binance,1INCH/USDT:USDT,0.2848,11033.0,0.2847,12304.0,0.2849,186.0,0.285,16660.0
1753592028602,04:53:48.602,binance,1INCH/USDT:USDT,0.2848,11033.0,0.2847,12304.0,0.2849,186.0,0.285,16660.0
1753592028926,04:53:48.926,binance,1INCH/USDT:USDT,0.2848,11033.0,0.2847,12304.0,0.2849,186.0,0.285,16660.0
1753592029302,04:53:49.302,binance,1INCH/USDT:USDT,0.2848,11033.0,0.2847,12304.0,0.2849,186.0,0.285,16660.0
1753592029431,04:53:49.431,binance,1INCH/USDT:USDT,0.2848,11033.0,0.2847,12304.0,0.2849,186.0,0.285,16660.0
1753592029702,04:53:49.702,binance,1INCH/USDT:USDT,0.2848,11033.0,0.2847,12304.0,0.2849,186.0,0.285,16660.0
1753592030252,04:53:50.252,binance,1INCH/USDT:USDT,0.2848,11033.0,0.2847,12304.0,0.2849,186.0,0.285,16230.0
1753592030402,04:53:50.402,binance,1INCH/USDT:USDT,0.2848,11033.0,0.2847,12304.0,0.2849,186.0,0.285,16230.0
1753592030598,04:53:50.598,binance,1INCH/USDT:USDT,0.2848,11033.0,0.2847,12304.0,0.2849,186.0,0.285,16451.0
1753592030747,04:53:50.747,binance,1INCH/USDT:USDT,0.2848,11033.0,0.2847,13407.0,0.2849,186.0,0.285,23423.0
1753592030852,04:53:50.852,binance,1INCH/USDT:USDT,0.2848,11033.0,0.2847,13407.0,0.2849,186.0,0.285,23423.0
1753592031002,04:53:51.002,binance,1INCH/USDT:USDT,0.2848,11033.0,0.2847,13407.0,0.2849,186.0,0.285,23423.0
1753592031397,04:53:51.397,binance,1INCH/USDT:USDT,0.2848,11033.0,0.2847,13407.0,0.2849,186.0,0.285,23423.0
1753592031501,04:53:51.501,binance,1INCH/USDT:USDT,0.2848,11033.0,0.2847,13407.0,0.2849,186.0,0.285,23423.0
1753592031742,04:53:51.742,binance,1INCH/USDT:USDT,0.2848,11033.0,0.2847,13407.0,0.2849,186.0,0.285,23040.0
1753592032162,04:53:52.162,binance,1INCH/USDT:USDT,0.2849,9412.0,0.2848,9245.0,0.285,11717.0,0.2851,24445.0
1753592032266,04:53:52.266,binance,1INCH/USDT:USDT,0.2849,7618.0,0.2848,9245.0,0.285,10556.0,0.2851,24445.0
1753592032396,04:53:52.396,binance,1INCH/USDT:USDT,0.2849,7618.0,0.2848,9245.0,0.285,10556.0,0.2851,24445.0
1753592032602,04:53:52.602,binance,1INCH/USDT:USDT,0.2849,7618.0,0.2848,9245.0,0.285,10556.0,0.2851,24445.0
1753592032726,04:53:52.726,binance,1INCH/USDT:USDT,0.2849,7618.0,0.2848,9245.0,0.285,10602.0,0.2851,25171.0
1753592033101,04:53:53.101,binance,1INCH/USDT:USDT,0.2849,7276.0,0.2848,9245.0,0.285,10602.0,0.2851,25171.0
1753592033202,04:53:53.202,binance,1INCH/USDT:USDT,0.2849,7276.0,0.2848,9245.0,0.285,10602.0,0.2851,25171.0
1753592033389,04:53:53.389,binance,1INCH/USDT:USDT,0.2849,7276.0,0.2848,9245.0,0.285,10602.0,0.2851,25171.0
1753592033548,04:53:53.548,binance,1INCH/USDT:USDT,0.2849,7276.0,0.2848,9245.0,0.285,10602.0,0.2851,25171.0
1753592033697,04:53:53.697,binance,1INCH/USDT:USDT,0.2849,7276.0,0.2848,9245.0,0.285,10602.0,0.2851,25171.0
1753592033802,04:53:53.802,binance,1INCH/USDT:USDT,0.2849,7276.0,0.2848,9245.0,0.285,10602.0,0.2851,25171.0
1753592033904,04:53:53.904,binance,1INCH/USDT:USDT,0.2849,7276.0,0.2848,9245.0,0.285,10602.0,0.2851,25171.0
1753592034011,04:53:54.011,binance,1INCH/USDT:USDT,0.2849,1480.0,0.2848,9245.0,0.285,10602.0,0.2851,25171.0
1753592034202,04:53:54.202,binance,1INCH/USDT:USDT,0.2849,1480.0,0.2848,10968.0,0.285,10602.0,0.2851,25171.0
1753592034480,04:53:54.480,binance,1INCH/USDT:USDT,0.2849,1480.0,0.2848,10968.0,0.285,10602.0,0.2851,25171.0
1753592035002,04:53:55.002,binance,1INCH/USDT:USDT,0.2849,3226.0,0.2848,9245.0,0.285,10602.0,0.2851,25171.0
1753592035202,04:53:55.202,binance,1INCH/USDT:USDT,0.2849,3245.0,0.2848,9270.0,0.285,9003.0,0.2851,26807.0
1753592035303,04:53:55.303,binance,1INCH/USDT:USDT,0.2849,3245.0,0.2848,9270.0,0.285,9003.0,0.2851,26807.0
1753592035569,04:53:55.569,binance,1INCH/USDT:USDT,0.2849,3466.0,0.2848,9251.0,0.285,9003.0,0.2851,26807.0
1753592035803,04:53:55.803,binance,1INCH/USDT:USDT,0.2849,3466.0,0.2848,9251.0,0.285,9003.0,0.2851,26807.0
1753592035997,04:53:55.997,binance,1INCH/USDT:USDT,0.2849,3466.0,0.2848,9251.0,0.285,9003.0,0.2851,26807.0
1753592036257,04:53:56.257,binance,1INCH/USDT:USDT,0.2849,3466.0,0.2848,9251.0,0.285,8299.0,0.2851,27032.0
1753592036365,04:53:56.365,binance,1INCH/USDT:USDT,0.2849,3466.0,0.2848,9251.0,0.285,8299.0,0.2851,27032.0
1753592036502,04:53:56.502,binance,1INCH/USDT:USDT,0.2849,3466.0,0.2848,9251.0,0.285,8299.0,0.2851,27032.0
1753592036862,04:53:56.862,binance,1INCH/USDT:USDT,0.2849,5782.0,0.2848,10931.0,0.285,7606.0,0.2851,19632.0
1753592036977,04:53:56.977,binance,1INCH/USDT:USDT,0.2849,5782.0,0.2848,9251.0,0.285,7606.0,0.2851,16106.0
1753592037080,04:53:57.080,binance,1INCH/USDT:USDT,0.2849,5782.0,0.2848,9251.0,0.285,7606.0,0.2851,16106.0
1753592037602,04:53:57.602,binance,1INCH/USDT:USDT,0.2849,5782.0,0.2848,11016.0,0.285,6689.0,0.2851,17205.0
1753592037902,04:53:57.902,binance,1INCH/USDT:USDT,0.2849,5782.0,0.2848,11016.0,0.285,6689.0,0.2851,17205.0
1753592038202,04:53:58.202,binance,1INCH/USDT:USDT,0.2849,5782.0,0.2848,11016.0,0.285,6689.0,0.2851,17931.0
1753592038340,04:53:58.340,binance,1INCH/USDT:USDT,0.2849,5782.0,0.2848,9232.0,0.285,6689.0,0.2851,17931.0
1753592038446,04:53:58.446,binance,1INCH/USDT:USDT,0.2849,5782.0,0.2848,9232.0,0.285,6689.0,0.2851,17931.0
1753592038560,04:53:58.560,binance,1INCH/USDT:USDT,0.2849,5782.0,0.2848,9232.0,0.285,6689.0,0.2851,17931.0
1753592038704,04:53:58.704,binance,1INCH/USDT:USDT,0.2849,5782.0,0.2848,9232.0,0.285,6689.0,0.2851,17931.0
1753592038877,04:53:58.877,binance,1INCH/USDT:USDT,0.2849,5801.0,0.2848,10997.0,0.285,6689.0,0.2851,17931.0
1753592039035,04:53:59.035,binance,1INCH/USDT:USDT,0.2849,5801.0,0.2848,10997.0,0.285,6710.0,0.2851,17931.0
1753592039302,04:53:59.302,binance,1INCH/USDT:USDT,0.2849,5801.0,0.2848,10997.0,0.285,6710.0,0.2851,17931.0
1753592039407,04:53:59.407,binance,1INCH/USDT:USDT,0.2849,5801.0,0.2848,9232.0,0.285,6710.0,0.2851,17931.0
1753592039902,04:53:59.902,binance,1INCH/USDT:USDT,0.2849,5801.0,0.2848,9232.0,0.285,6710.0,0.2851,17931.0
1753592040104,04:54:00.104,binance,1INCH/USDT:USDT,0.2849,5801.0,0.2848,9232.0,0.285,6710.0,0.2851,17895.0
1753592040453,04:54:00.453,binance,1INCH/USDT:USDT,0.2849,5801.0,0.2848,9232.0,0.285,6710.0,0.2851,19534.0
1753592040602,04:54:00.602,binance,1INCH/USDT:USDT,0.2849,5801.0,0.2848,9232.0,0.285,6710.0,0.2851,21067.0
1753592041102,04:54:01.102,binance,1INCH/USDT:USDT,0.2849,5801.0,0.2848,9232.0,0.285,6710.0,0.2851,21067.0
1753592041476,04:54:01.476,binance,1INCH/USDT:USDT,0.2849,6531.0,0.2848,11857.0,0.285,5113.0,0.2851,19471.0
1753592041591,04:54:01.591,binance,1INCH/USDT:USDT,0.2849,6531.0,0.2848,11857.0,0.285,5113.0,0.2851,19471.0
1753592041694,04:54:01.694,binance,1INCH/USDT:USDT,0.2849,6531.0,0.2848,11857.0,0.285,5113.0,0.2851,19471.0
1753592041818,04:54:01.818,binance,1INCH/USDT:USDT,0.2849,6531.0,0.2848,11857.0,0.285,5113.0,0.2851,19471.0
1753592041928,04:54:01.928,binance,1INCH/USDT:USDT,0.2849,6531.0,0.2848,11857.0,0.285,5113.0,0.2851,19471.0
1753592042102,04:54:02.102,binance,1INCH/USDT:USDT,0.2849,6531.0,0.2848,11857.0,0.285,5113.0,0.2851,19471.0
1753592042257,04:54:02.257,binance,1INCH/USDT:USDT,0.2849,6531.0,0.2848,11857.0,0.285,5163.0,0.2851,22379.0
1753592042367,04:54:02.367,binance,1INCH/USDT:USDT,0.2849,6531.0,0.2848,11857.0,0.285,6189.0,0.2851,22379.0
1753592042522,04:54:02.522,binance,1INCH/USDT:USDT,0.2849,6531.0,0.2848,11857.0,0.285,6189.0,0.2851,22379.0
1753592042637,04:54:02.637,binance,1INCH/USDT:USDT,0.2849,6531.0,0.2848,11857.0,0.285,6189.0,0.2851,22379.0
1753592042777,04:54:02.777,binance,1INCH/USDT:USDT,0.2849,6610.0,0.2848,9905.0,0.285,6189.0,0.2851,22379.0
1753592043001,04:54:03.001,binance,1INCH/USDT:USDT,0.2849,6610.0,0.2848,9905.0,0.285,6189.0,0.2851,22379.0
1753592043202,04:54:03.202,binance,1INCH/USDT:USDT,0.2849,6634.0,0.2848,9905.0,0.285,6189.0,0.2851,23225.0
1753592043308,04:54:03.308,binance,1INCH/USDT:USDT,0.2849,6634.0,0.2848,11991.0,0.285,6189.0,0.2851,23225.0
1753592043444,04:54:03.444,binance,1INCH/USDT:USDT,0.2849,6634.0,0.2848,11991.0,0.285,6189.0,0.2851,23225.0
1753592043685,04:54:03.685,binance,1INCH/USDT:USDT,0.2849,6634.0,0.2848,11991.0,0.285,6189.0,0.2851,23225.0
1753592044283,04:54:04.283,binance,1INCH/USDT:USDT,0.2849,9634.0,0.2848,11991.0,0.285,5163.0,0.2851,23225.0
1753592044409,04:54:04.409,binance,1INCH/USDT:USDT,0.2849,9634.0,0.2848,11991.0,0.285,2589.0,0.2851,22379.0
1753592044538,04:54:04.538,binance,1INCH/USDT:USDT,0.2849,9634.0,0.2848,11991.0,0.285,2589.0,0.2851,21844.0
1753592044694,04:54:04.694,binance,1INCH/USDT:USDT,0.2849,9634.0,0.2848,11991.0,0.285,4266.0,0.2851,21844.0
1753592044809,04:54:04.809,binance,1INCH/USDT:USDT,0.2849,9634.0,0.2848,11991.0,0.285,4266.0,0.2851,21844.0
1753592044987,04:54:04.987,binance,1INCH/USDT:USDT,0.2849,9634.0,0.2848,11991.0,0.285,4266.0,0.2851,21844.0
1753592045148,04:54:05.148,binance,1INCH/USDT:USDT,0.2849,9634.0,0.2848,11991.0,0.285,2589.0,0.2851,21844.0
1753592045351,04:54:05.351,binance,1INCH/USDT:USDT,0.2849,9634.0,0.2848,11991.0,0.285,2589.0,0.2851,23707.0
1753592045559,04:54:05.559,binance,1INCH/USDT:USDT,0.2849,9634.0,0.2848,11991.0,0.285,4163.0,0.2851,21844.0
1753592045701,04:54:05.701,binance,1INCH/USDT:USDT,0.2849,9634.0,0.2848,11991.0,0.285,4163.0,0.2851,21844.0
1753592046102,04:54:06.102,binance,1INCH/USDT:USDT,0.2849,9634.0,0.2848,11991.0,0.285,4113.0,0.2851,21844.0
1753592046207,04:54:06.207,binance,1INCH/USDT:USDT,0.2849,9634.0,0.2848,9905.0,0.285,4113.0,0.2851,21844.0
1753592046617,04:54:06.617,binance,1INCH/USDT:USDT,0.2849,9634.0,0.2848,9905.0,0.285,4113.0,0.2851,21844.0
1753592047202,04:54:07.202,binance,1INCH/USDT:USDT,0.2849,9634.0,0.2848,9905.0,0.285,4113.0,0.2851,21844.0
1753592047802,04:54:07.802,binance,1INCH/USDT:USDT,0.2849,9634.0,0.2848,9905.0,0.285,4113.0,0.2851,21844.0
1753592048377,04:54:08.377,binance,1INCH/USDT:USDT,0.2849,9668.0,0.2848,9884.0,0.285,4113.0,0.2851,21844.0
1753592048749,04:54:08.749,binance,1INCH/USDT:USDT,0.2849,9668.0,0.2848,11273.0,0.285,4113.0,0.2851,28816.0
1753592048856,04:54:08.856,binance,1INCH/USDT:USDT,0.2849,9668.0,0.2848,11273.0,0.285,4113.0,0.2851,28816.0
1753592049002,04:54:09.002,binance,1INCH/USDT:USDT,0.2849,9668.0,0.2848,11273.0,0.285,4113.0,0.2851,28816.0
1753592049227,04:54:09.227,binance,1INCH/USDT:USDT,0.2849,9668.0,0.2848,11273.0,0.285,4113.0,0.2851,28816.0
1753592049423,04:54:09.423,binance,1INCH/USDT:USDT,0.2849,9687.0,0.2848,11273.0,0.285,4113.0,0.2851,28816.0
1753592049601,04:54:09.601,binance,1INCH/USDT:USDT,0.2849,9687.0,0.2848,11273.0,0.285,4113.0,0.2851,28816.0
1753592049953,04:54:09.953,binance,1INCH/USDT:USDT,0.2849,9687.0,0.2848,11273.0,0.285,4187.0,0.2851,28816.0
1753592050057,04:54:10.057,binance,1INCH/USDT:USDT,0.2849,9687.0,0.2848,11273.0,0.285,4187.0,0.2851,28816.0
1753592050183,04:54:10.183,binance,1INCH/USDT:USDT,0.2849,9687.0,0.2848,11273.0,0.285,117.0,0.2851,28816.0
1753592050288,04:54:10.288,binance,1INCH/USDT:USDT,0.2849,9687.0,0.2848,11273.0,0.285,117.0,0.2851,28816.0
1753592050401,04:54:10.401,binance,1INCH/USDT:USDT,0.2849,9687.0,0.2848,11273.0,0.285,117.0,0.2851,30626.0
1753592050592,04:54:10.592,binance,1INCH/USDT:USDT,0.2849,9687.0,0.2848,11273.0,0.285,117.0,0.2851,27662.0
1753592050713,04:54:10.713,binance,1INCH/USDT:USDT,0.2849,9687.0,0.2848,11273.0,0.285,1701.0,0.2851,25852.0
1753592050830,04:54:10.830,binance,1INCH/USDT:USDT,0.2849,9694.0,0.2848,11273.0,0.285,1759.0,0.2851,25852.0
1753592050970,04:54:10.970,binance,1INCH/USDT:USDT,0.2849,9694.0,0.2848,13474.0,0.285,1759.0,0.2851,25852.0
1753592051102,04:54:11.102,binance,1INCH/USDT:USDT,0.2849,9694.0,0.2848,13474.0,0.285,175.0,0.2851,25852.0
1753592051371,04:54:11.371,binance,1INCH/USDT:USDT,0.285,1059.0,0.2849,10893.0,0.2851,12848.0,0.2852,25244.0
1753592051473,04:54:11.473,binance,1INCH/USDT:USDT,0.285,564.0,0.2849,9778.0,0.2851,15830.0,0.2852,25769.0
1753592051580,04:54:11.580,binance,1INCH/USDT:USDT,0.285,1165.0,0.2849,8613.0,0.2851,16550.0,0.2852,24893.0
1753592051682,04:54:11.682,binance,1INCH/USDT:USDT,0.285,1223.0,0.2849,10239.0,0.2851,13275.0,0.2852,28407.0
1753592051846,04:54:11.846,binance,1INCH/USDT:USDT,0.285,1223.0,0.2849,10239.0,0.2851,13275.0,0.2852,33092.0
1753592051952,04:54:11.952,binance,1INCH/USDT:USDT,0.285,1223.0,0.2849,10239.0,0.2851,13275.0,0.2852,33092.0
1753592052060,04:54:12.060,binance,1INCH/USDT:USDT,0.285,1223.0,0.2849,10452.0,0.2851,13275.0,0.2852,33092.0
1753592052202,04:54:12.202,binance,1INCH/USDT:USDT,0.285,1223.0,0.2849,10452.0,0.2851,9314.0,0.2852,34884.0
1753592052447,04:54:12.447,binance,1INCH/USDT:USDT,0.285,1223.0,0.2849,10452.0,0.2851,9314.0,0.2852,34884.0
1753592052550,04:54:12.550,binance,1INCH/USDT:USDT,0.285,1223.0,0.2849,12385.0,0.2851,10190.0,0.2852,34884.0
1753592052651,04:54:12.651,binance,1INCH/USDT:USDT,0.285,1223.0,0.2849,12385.0,0.2851,10190.0,0.2852,34884.0
1753592052754,04:54:12.754,binance,1INCH/USDT:USDT,0.285,1223.0,0.2849,12385.0,0.2851,10190.0,0.2852,34884.0
1753592052931,04:54:12.931,binance,1INCH/USDT:USDT,0.285,1223.0,0.2849,12403.0,0.2851,10190.0,0.2852,34884.0
1753592053202,04:54:13.202,binance,1INCH/USDT:USDT,0.285,1223.0,0.2849,12403.0,0.2851,10190.0,0.2852,34884.0
1753592053354,04:54:13.354,binance,1INCH/USDT:USDT,0.285,1223.0,0.2849,12403.0,0.2851,10190.0,0.2852,34884.0
1753592053527,04:54:13.527,binance,1INCH/USDT:USDT,0.285,2803.0,0.2849,10777.0,0.2851,10190.0,0.2852,34884.0
1753592053669,04:54:13.669,binance,1INCH/USDT:USDT,0.285,2803.0,0.2849,10777.0,0.2851,10190.0,0.2852,34884.0
1753592053902,04:54:13.902,binance,1INCH/USDT:USDT,0.285,2803.0,0.2849,10777.0,0.2851,10190.0,0.2852,34884.0
1753592054184,04:54:14.184,binance,1INCH/USDT:USDT,0.285,2803.0,0.2849,10777.0,0.2851,10190.0,0.2852,34884.0
1753592054408,04:54:14.408,binance,1INCH/USDT:USDT,0.285,2803.0,0.2849,10777.0,0.2851,9920.0,0.2852,34884.0
1753592054559,04:54:14.559,binance,1INCH/USDT:USDT,0.285,2803.0,0.2849,10777.0,0.2851,9920.0,0.2852,34884.0
1753592055129,04:54:15.129,binance,1INCH/USDT:USDT,0.285,2803.0,0.2849,10777.0,0.2851,9920.0,0.2852,34896.0
1753592055509,04:54:15.509,binance,1INCH/USDT:USDT,0.285,2803.0,0.2849,10777.0,0.2851,9622.0,0.2852,35204.0
1753592055615,04:54:15.615,binance,1INCH/USDT:USDT,0.285,3544.0,0.2849,10777.0,0.2851,9622.0,0.2852,35204.0
1753592055745,04:54:15.745,binance,1INCH/USDT:USDT,0.285,3544.0,0.2849,10777.0,0.2851,9622.0,0.2852,35204.0
1753592056002,04:54:16.002,binance,1INCH/USDT:USDT,0.285,3544.0,0.2849,10777.0,0.2851,9622.0,0.2852,35204.0
1753592056113,04:54:16.113,binance,1INCH/USDT:USDT,0.285,1964.0,0.2849,10777.0,0.2851,12628.0,0.2852,35204.0
1753592056221,04:54:16.221,binance,1INCH/USDT:USDT,0.285,1964.0,0.2849,10777.0,0.2851,12628.0,0.2852,35204.0
1753592056402,04:54:16.402,binance,1INCH/USDT:USDT,0.285,1964.0,0.2849,12386.0,0.2851,12490.0,0.2852,35239.0
1753592056506,04:54:16.506,binance,1INCH/USDT:USDT,0.285,1964.0,0.2849,12386.0,0.2851,12490.0,0.2852,35239.0
1753592056813,04:54:16.813,binance,1INCH/USDT:USDT,0.2849,6525.0,0.2848,14658.0,0.285,7068.0,0.2851,20909.0
1753592057019,04:54:17.019,binance,1INCH/USDT:USDT,0.2849,6525.0,0.2848,15490.0,0.285,5433.0,0.2851,23437.0
1753592057139,04:54:17.139,binance,1INCH/USDT:USDT,0.2849,9525.0,0.2848,15490.0,0.285,5433.0,0.2851,23437.0
1753592057337,04:54:17.337,binance,1INCH/USDT:USDT,0.2849,9525.0,0.2848,15702.0,0.285,3724.0,0.2851,24963.0
1753592057497,04:54:17.497,binance,1INCH/USDT:USDT,0.2849,9525.0,0.2848,15702.0,0.285,3724.0,0.2851,24747.0
1753592057702,04:54:17.702,binance,1INCH/USDT:USDT,0.2849,9525.0,0.2848,15702.0,0.285,3724.0,0.2851,26375.0
1753592057902,04:54:17.902,binance,1INCH/USDT:USDT,0.2849,9525.0,0.2848,15702.0,0.285,3724.0,0.2851,26375.0
1753592058103,04:54:18.103,binance,1INCH/USDT:USDT,0.2849,9525.0,0.2848,15702.0,0.285,3724.0,0.2851,26375.0
1753592058278,04:54:18.278,binance,1INCH/USDT:USDT,0.2849,9525.0,0.2848,15702.0,0.285,3724.0,0.2851,26375.0
1753592058502,04:54:18.502,binance,1INCH/USDT:USDT,0.2849,9525.0,0.2848,15702.0,0.285,3724.0,0.2851,26375.0
1753592058606,04:54:18.606,binance,1INCH/USDT:USDT,0.2849,6525.0,0.2848,15702.0,0.285,6444.0,0.2851,24747.0
1753592059102,04:54:19.102,binance,1INCH/USDT:USDT,0.2849,6525.0,0.2848,15702.0,0.285,6444.0,0.2851,24747.0
1753592059302,04:54:19.302,binance,1INCH/USDT:USDT,0.2849,6525.0,0.2848,15702.0,0.285,6444.0,0.2851,24747.0
1753592059657,04:54:19.657,binance,1INCH/USDT:USDT,0.2849,6525.0,0.2848,15702.0,0.285,6444.0,0.2851,24747.0
1753592060802,04:54:20.802,binance,1INCH/USDT:USDT,0.2849,6525.0,0.2848,16090.0,0.285,6444.0,0.2851,24747.0
1753592060992,04:54:20.992,binance,1INCH/USDT:USDT,0.2849,6525.0,0.2848,16090.0,0.285,6444.0,0.2851,28001.0
1753592061290,04:54:21.290,binance,1INCH/USDT:USDT,0.2849,6525.0,0.2848,16090.0,0.285,6490.0,0.2851,27955.0
1753592061402,04:54:21.402,binance,1INCH/USDT:USDT,0.2849,6530.0,0.2848,16090.0,0.285,6496.0,0.2851,28034.0
1753592061598,04:54:21.598,binance,1INCH/USDT:USDT,0.2849,6530.0,0.2848,16090.0,0.285,6496.0,0.2851,28407.0
1753592061835,04:54:21.835,binance,1INCH/USDT:USDT,0.2849,6530.0,0.2848,16090.0,0.285,6496.0,0.2851,28407.0
1753592062002,04:54:22.002,binance,1INCH/USDT:USDT,0.2849,6530.0,0.2848,16090.0,0.285,6450.0,0.2851,28407.0
1753592062105,04:54:22.105,binance,1INCH/USDT:USDT,0.2849,6530.0,0.2848,16090.0,0.285,6450.0,0.2851,28407.0
1753592062345,04:54:22.345,binance,1INCH/USDT:USDT,0.2849,6530.0,0.2848,16090.0,0.285,6450.0,0.2851,28407.0
1753592062538,04:54:22.538,binance,1INCH/USDT:USDT,0.2849,6530.0,0.2848,16090.0,0.285,6450.0,0.2851,28407.0
1753592062702,04:54:22.702,binance,1INCH/USDT:USDT,0.2849,6530.0,0.2848,16090.0,0.285,6496.0,0.2851,28407.0
1753592063038,04:54:23.038,binance,1INCH/USDT:USDT,0.2849,6188.0,0.2848,16090.0,0.285,9496.0,0.2851,28407.0
1753592063402,04:54:23.402,binance,1INCH/USDT:USDT,0.2849,6188.0,0.2848,16090.0,0.285,9496.0,0.2851,28407.0
1753592063527,04:54:23.527,binance,1INCH/USDT:USDT,0.2849,6188.0,0.2848,16090.0,0.285,6496.0,0.2851,28407.0
1753592063687,04:54:23.687,binance,1INCH/USDT:USDT,0.2849,6188.0,0.2848,16090.0,0.285,6496.0,0.2851,28407.0
1753592063844,04:54:23.844,binance,1INCH/USDT:USDT,0.2849,6188.0,0.2848,18312.0,0.285,6496.0,0.2851,28407.0
1753592064073,04:54:24.073,binance,1INCH/USDT:USDT,0.2849,6188.0,0.2848,18312.0,0.285,5424.0,0.2851,24955.0
1753592064189,04:54:24.189,binance,1INCH/USDT:USDT,0.2849,6188.0,0.2848,18312.0,0.285,5424.0,0.2851,24955.0
1753592064291,04:54:24.291,binance,1INCH/USDT:USDT,0.2849,6188.0,0.2848,18312.0,0.285,5424.0,0.2851,24955.0
1753592064402,04:54:24.402,binance,1INCH/USDT:USDT,0.2849,6188.0,0.2848,18312.0,0.285,5424.0,0.2851,24955.0
1753592064555,04:54:24.555,binance,1INCH/USDT:USDT,0.2849,6188.0,0.2848,18312.0,0.285,5424.0,0.2851,24955.0
1753592064905,04:54:24.905,binance,1INCH/USDT:USDT,0.2849,6188.0,0.2848,18312.0,0.285,5424.0,0.2851,24955.0
1753592065516,04:54:25.516,binance,1INCH/USDT:USDT,0.2849,6939.0,0.2848,18312.0,0.285,5424.0,0.2851,24955.0
1753592066002,04:54:26.002,binance,1INCH/USDT:USDT,0.2849,6939.0,0.2848,18312.0,0.285,5424.0,0.2851,24955.0
1753592066214,04:54:26.214,binance,1INCH/USDT:USDT,0.2849,6188.0,0.2848,18312.0,0.285,5424.0,0.2851,25118.0
1753592066418,04:54:26.418,binance,1INCH/USDT:USDT,0.2849,6188.0,0.2848,18312.0,0.285,5424.0,0.2851,24431.0
1753592067192,04:54:27.192,binance,1INCH/USDT:USDT,0.2849,6188.0,0.2848,18312.0,0.285,5418.0,0.2851,24431.0
1753592067702,04:54:27.702,binance,1INCH/USDT:USDT,0.2849,6188.0,0.2848,18312.0,0.285,5418.0,0.2851,24431.0
1753592067851,04:54:27.851,binance,1INCH/USDT:USDT,0.2849,6169.0,0.2848,18312.0,0.285,5418.0,0.2851,24431.0
1753592068006,04:54:28.006,binance,1INCH/USDT:USDT,0.2849,6169.0,0.2848,18312.0,0.285,6444.0,0.2851,24431.0
1753592068302,04:54:28.302,binance,1INCH/USDT:USDT,0.2849,6169.0,0.2848,18312.0,0.285,6444.0,0.2851,24431.0
1753592068720,04:54:28.720,binance,1INCH/USDT:USDT,0.2849,6169.0,0.2848,18312.0,0.285,6444.0,0.2851,24431.0
1753592068846,04:54:28.846,binance,1INCH/USDT:USDT,0.2849,6169.0,0.2848,18312.0,0.285,6444.0,0.2851,24431.0
1753592069402,04:54:29.402,binance,1INCH/USDT:USDT,0.2849,6235.0,0.2848,18312.0,0.285,5418.0,0.2851,24431.0
1753592069806,04:54:29.806,binance,1INCH/USDT:USDT,0.2849,6216.0,0.2848,18312.0,0.285,5418.0,0.2851,24431.0
1753592070002,04:54:30.002,binance,1INCH/USDT:USDT,0.2849,6216.0,0.2848,18312.0,0.285,5418.0,0.2851,24431.0
1753592070187,04:54:30.187,binance,1INCH/USDT:USDT,0.2849,6216.0,0.2848,18312.0,0.285,5418.0,0.2851,24431.0
1753592070422,04:54:30.422,binance,1INCH/USDT:USDT,0.2849,6210.0,0.2848,18312.0,0.285,5418.0,0.2851,23614.0
1753592070602,04:54:30.602,binance,1INCH/USDT:USDT,0.2849,6210.0,0.2848,18312.0,0.285,5418.0,0.2851,23614.0
1753592070747,04:54:30.747,binance,1INCH/USDT:USDT,0.2849,6210.0,0.2848,18312.0,0.285,5418.0,0.2851,22077.0
1753592070870,04:54:30.870,binance,1INCH/USDT:USDT,0.2849,6210.0,0.2848,18312.0,0.285,5418.0,0.2851,22077.0
1753592071202,04:54:31.202,binance,1INCH/USDT:USDT,0.2849,6210.0,0.2848,18312.0,0.285,5418.0,0.2851,22077.0
1753592071308,04:54:31.308,binance,1INCH/USDT:USDT,0.2849,6210.0,0.2848,18312.0,0.285,5418.0,0.2851,22077.0
1753592071417,04:54:31.417,binance,1INCH/USDT:USDT,0.2849,6210.0,0.2848,18312.0,0.285,5418.0,0.2851,22077.0
1753592071802,04:54:31.802,binance,1INCH/USDT:USDT,0.2849,6210.0,0.2848,18312.0,0.285,5418.0,0.2851,22077.0
1753592071943,04:54:31.943,binance,1INCH/USDT:USDT,0.2849,6210.0,0.2848,18312.0,0.285,5418.0,0.2851,22077.0
1753592072402,04:54:32.402,binance,1INCH/USDT:USDT,0.2849,6210.0,0.2848,18312.0,0.285,5418.0,0.2851,20309.0
1753592072546,04:54:32.546,binance,1INCH/USDT:USDT,0.2849,6210.0,0.2848,18312.0,0.285,6444.0,0.2851,20309.0
1753592073003,04:54:33.003,binance,1INCH/USDT:USDT,0.2849,6210.0,0.2848,18312.0,0.285,6444.0,0.2851,20309.0
1753592073109,04:54:33.109,binance,1INCH/USDT:USDT,0.2849,6210.0,0.2848,18312.0,0.285,6444.0,0.2851,20309.0
1753592073520,04:54:33.520,binance,1INCH/USDT:USDT,0.2849,6210.0,0.2848,18312.0,0.285,6444.0,0.2851,20309.0
1753592073623,04:54:33.623,binance,1INCH/USDT:USDT,0.2849,6210.0,0.2848,18312.0,0.285,6444.0,0.2851,20309.0
1753592074102,04:54:34.102,binance,1INCH/USDT:USDT,0.2849,6210.0,0.2848,18312.0,0.285,6444.0,0.2851,20309.0
1753592074868,04:54:34.868,binance,1INCH/USDT:USDT,0.2849,6210.0,0.2848,15258.0,0.285,6490.0,0.2851,21273.0
1753592075079,04:54:35.079,binance,1INCH/USDT:USDT,0.2849,6210.0,0.2848,15258.0,0.285,6490.0,0.2851,21273.0
1753592075202,04:54:35.202,binance,1INCH/USDT:USDT,0.2849,6210.0,0.2848,15258.0,0.285,6490.0,0.2851,21273.0
1753592076050,04:54:36.050,binance,1INCH/USDT:USDT,0.2849,6210.0,0.2848,15258.0,0.285,6490.0,0.2851,21273.0
1753592076276,04:54:36.276,binance,1INCH/USDT:USDT,0.2849,6208.0,0.2848,15258.0,0.285,6490.0,0.2851,21273.0
1753592076658,04:54:36.658,binance,1INCH/USDT:USDT,0.2849,447.0,0.2848,14489.0,0.285,6490.0,0.2851,23880.0
1753592076763,04:54:36.763,binance,1INCH/USDT:USDT,0.2848,8641.0,0.2847,22090.0,0.2849,3028.0,0.285,7373.0
1753592076869,04:54:36.869,binance,1INCH/USDT:USDT,0.2848,6870.0,0.2847,18474.0,0.2849,873.0,0.285,16170.0
1753592077104,04:54:37.104,binance,1INCH/USDT:USDT,0.2848,6870.0,0.2847,18687.0,0.2849,931.0,0.285,18002.0
1753592077497,04:54:37.497,binance,1INCH/USDT:USDT,0.2848,6870.0,0.2847,18687.0,0.2849,931.0,0.285,18879.0
1753592077603,04:54:37.603,binance,1INCH/USDT:USDT,0.2848,6870.0,0.2847,18687.0,0.2849,2519.0,0.285,17991.0
1753592077746,04:54:37.746,binance,1INCH/USDT:USDT,0.2848,6482.0,0.2847,18687.0,0.2849,2519.0,0.285,17991.0
1753592078002,04:54:38.002,binance,1INCH/USDT:USDT,0.2848,6482.0,0.2847,18687.0,0.2849,2519.0,0.285,17991.0
1753592078108,04:54:38.108,binance,1INCH/USDT:USDT,0.2848,6482.0,0.2847,18687.0,0.2849,2519.0,0.285,17991.0
1753592078320,04:54:38.320,binance,1INCH/USDT:USDT,0.2848,6482.0,0.2847,18687.0,0.2849,2519.0,0.285,17991.0
1753592078602,04:54:38.602,binance,1INCH/USDT:USDT,0.2848,6482.0,0.2847,18687.0,0.2849,2519.0,0.285,17991.0
1753592078869,04:54:38.869,binance,1INCH/USDT:USDT,0.2848,6140.0,0.2847,18687.0,0.2849,4404.0,0.285,18107.0
1753592079202,04:54:39.202,binance,1INCH/USDT:USDT,0.2848,6140.0,0.2847,18687.0,0.2849,4404.0,0.285,18107.0
1753592079476,04:54:39.476,binance,1INCH/USDT:USDT,0.2848,6159.0,0.2847,18687.0,0.2849,4404.0,0.285,18107.0
1753592079802,04:54:39.802,binance,1INCH/USDT:USDT,0.2848,6159.0,0.2847,18687.0,0.2849,4404.0,0.285,18107.0
1753592079942,04:54:39.942,binance,1INCH/USDT:USDT,0.2848,6159.0,0.2847,18687.0,0.2849,4404.0,0.285,18107.0
1753592080357,04:54:40.357,binance,1INCH/USDT:USDT,0.2848,6159.0,0.2847,18687.0,0.2849,4422.0,0.285,18107.0
1753592080532,04:54:40.532,binance,1INCH/USDT:USDT,0.2848,7060.0,0.2847,18687.0,0.2849,235.0,0.285,8010.0
1753592080637,04:54:40.637,binance,1INCH/USDT:USDT,0.2848,6180.0,0.2847,18687.0,0.2849,2074.0,0.285,8010.0
1753592080757,04:54:40.757,binance,1INCH/USDT:USDT,0.2848,6180.0,0.2847,18687.0,0.2849,3947.0,0.285,9464.0
1753592080867,04:54:40.867,binance,1INCH/USDT:USDT,0.2848,6134.0,0.2847,18687.0,0.2849,6947.0,0.285,9522.0
1753592081276,04:54:41.276,binance,1INCH/USDT:USDT,0.2848,6134.0,0.2847,18687.0,0.2849,6947.0,0.285,9522.0
1753592081402,04:54:41.402,binance,1INCH/USDT:USDT,0.2848,6134.0,0.2847,18687.0,0.2849,6947.0,0.285,9522.0
1753592081936,04:54:41.936,binance,1INCH/USDT:USDT,0.2848,3702.0,0.2847,17109.0,0.2849,6947.0,0.285,13440.0
1753592082037,04:54:42.037,binance,1INCH/USDT:USDT,0.2848,39.0,0.2847,14119.0,0.2849,9379.0,0.285,13440.0
1753592082258,04:54:42.258,binance,1INCH/USDT:USDT,0.2848,6135.0,0.2847,10189.0,0.2849,9103.0,0.285,12833.0
1753592082375,04:54:42.375,binance,1INCH/USDT:USDT,0.2848,5212.0,0.2847,10189.0,0.2849,9584.0,0.285,12833.0
1753592082478,04:54:42.478,binance,1INCH/USDT:USDT,0.2848,5212.0,0.2847,10189.0,0.2849,9584.0,0.285,12833.0
1753592082705,04:54:42.705,binance,1INCH/USDT:USDT,0.2847,9251.0,0.2846,13824.0,0.2849,9584.0,0.285,12833.0
1753592082806,04:54:42.806,binance,1INCH/USDT:USDT,0.2847,8169.0,0.2846,15787.0,0.2848,4261.0,0.2849,11983.0
1753592082907,04:54:42.907,binance,1INCH/USDT:USDT,0.2847,9761.0,0.2846,12129.0,0.2848,6015.0,0.2849,11582.0
1753592083008,04:54:43.008,binance,1INCH/USDT:USDT,0.2847,9761.0,0.2846,12129.0,0.2848,6073.0,0.2849,11582.0
1753592083120,04:54:43.120,binance,1INCH/USDT:USDT,0.2847,9306.0,0.2846,12129.0,0.2848,6073.0,0.2849,11582.0
1753592083230,04:54:43.230,binance,1INCH/USDT:USDT,0.2847,9306.0,0.2846,12129.0,0.2848,6073.0,0.2849,11582.0
1753592083335,04:54:43.335,binance,1INCH/USDT:USDT,0.2847,9157.0,0.2846,12129.0,0.2848,6073.0,0.2849,11582.0
1753592083441,04:54:43.441,binance,1INCH/USDT:USDT,0.2847,9157.0,0.2846,12129.0,0.2848,6073.0,0.2849,11582.0
1753592083601,04:54:43.601,binance,1INCH/USDT:USDT,0.2847,9157.0,0.2846,12129.0,0.2848,6073.0,0.2849,11600.0
1753592083998,04:54:43.998,binance,1INCH/USDT:USDT,0.2847,9219.0,0.2846,12216.0,0.2848,6073.0,0.2849,11600.0
1753592084104,04:54:44.104,binance,1INCH/USDT:USDT,0.2847,9219.0,0.2846,12216.0,0.2848,6073.0,0.2849,11600.0
1753592084211,04:54:44.211,binance,1INCH/USDT:USDT,0.2847,9157.0,0.2846,12216.0,0.2848,6073.0,0.2849,11600.0
1753592084602,04:54:44.602,binance,1INCH/USDT:USDT,0.2847,9157.0,0.2846,12216.0,0.2848,6073.0,0.2849,11600.0
1753592085018,04:54:45.018,binance,1INCH/USDT:USDT,0.2847,9157.0,0.2846,12321.0,0.2848,6073.0,0.2849,11600.0
1753592085128,04:54:45.128,binance,1INCH/USDT:USDT,0.2847,9157.0,0.2846,12321.0,0.2848,6073.0,0.2849,11600.0
1753592085303,04:54:45.303,binance,1INCH/USDT:USDT,0.2847,9157.0,0.2846,12321.0,0.2848,6073.0,0.2849,11600.0
1753592085802,04:54:45.802,binance,1INCH/USDT:USDT,0.2847,9157.0,0.2846,12321.0,0.2848,5047.0,0.2849,11600.0
1753592086206,04:54:46.206,binance,1INCH/USDT:USDT,0.2847,6429.0,0.2846,14611.0,0.2848,71.0,0.2849,11891.0
1753592086329,04:54:46.329,binance,1INCH/USDT:USDT,0.2847,6487.0,0.2846,14611.0,0.2848,71.0,0.2849,11916.0
1753592086451,04:54:46.451,binance,1INCH/USDT:USDT,0.2847,6487.0,0.2846,14611.0,0.2848,71.0,0.2849,11916.0
1753592086794,04:54:46.794,binance,1INCH/USDT:USDT,0.2847,6487.0,0.2846,14611.0,0.2848,5161.0,0.2849,10919.0
1753592086896,04:54:46.896,binance,1INCH/USDT:USDT,0.2847,6487.0,0.2846,14611.0,0.2848,5219.0,0.2849,9162.0
1753592087077,04:54:47.077,binance,1INCH/USDT:USDT,0.2847,6487.0,0.2846,14611.0,0.2848,3958.0,0.2849,9908.0
1753592087235,04:54:47.235,binance,1INCH/USDT:USDT,0.2847,6487.0,0.2846,14611.0,0.2848,3958.0,0.2849,9908.0
1753592087387,04:54:47.387,binance,1INCH/USDT:USDT,0.2847,6487.0,0.2846,14611.0,0.2848,3958.0,0.2849,11723.0
