timestamp,time,symbol,bid1_price,bid1_volume,bid2_price,bid2_volume,ask1_price,ask1_volume,ask2_price,ask2_volume
1753546944168,16:22:24.168,1INCH/USDT:USDT,0.2826,26154.2,0.2825,61759.6,0.2827,328.3,0.2828,49829.8
1753546945519,16:22:25.519,1INCH/USDT:USDT,0.2827,2182.0,0.2826,32850.3,0.2828,27884.5,0.2829,87081.6
1753546946119,16:22:26.119,1INCH/USDT:USDT,0.2827,2903.9,0.2826,38294.0,0.2828,27884.5,0.2829,87081.6
1753546946269,16:22:26.269,1INCH/USDT:USDT,0.2827,2575.6,0.2826,42088.4,0.2828,27884.5,0.2829,87081.6
1753546946420,16:22:26.420,1INCH/USDT:USDT,0.2827,2510.3,0.2826,42482.0,0.2828,27884.5,0.2829,87081.6
1753546946570,16:22:26.570,1INCH/USDT:USDT,0.2827,2510.3,0.2826,42482.0,0.2828,27884.5,0.2829,87081.6
1753546946720,16:22:26.720,1INCH/USDT:USDT,0.2827,2510.3,0.2826,42482.0,0.2828,27884.5,0.2829,87081.6
1753546946870,16:22:26.870,1INCH/USDT:USDT,0.2827,2510.3,0.2826,42482.0,0.2828,27884.5,0.2829,87081.6
1753546947170,16:22:27.170,1INCH/USDT:USDT,0.2828,2182.0,0.2827,16573.5,0.2829,76575.5,0.283,16674.6
1753546947320,16:22:27.320,1INCH/USDT:USDT,0.2828,10904.8,0.2827,51000.7,0.2829,31322.7,0.283,16674.6
1753546947470,16:22:27.470,1INCH/USDT:USDT,0.2828,4511.2,0.2827,64917.6,0.2829,24064.5,0.283,42985.9
1753546948071,16:22:28.071,1INCH/USDT:USDT,0.2828,10904.8,0.2827,63117.6,0.2829,31322.7,0.283,42985.9
1753546948371,16:22:28.371,1INCH/USDT:USDT,0.2828,4511.2,0.2827,44744.1,0.2829,31322.7,0.283,42985.9
1753546948521,16:22:28.521,1INCH/USDT:USDT,0.2828,4511.2,0.2827,49981.4,0.2829,31322.7,0.283,42985.9
1753546948671,16:22:28.671,1INCH/USDT:USDT,0.2828,4511.2,0.2827,49981.4,0.2829,31322.7,0.283,42985.9
1753546948821,16:22:28.821,1INCH/USDT:USDT,0.2828,4511.2,0.2827,49981.4,0.2829,31322.7,0.283,42985.9
1753546949421,16:22:29.421,1INCH/USDT:USDT,0.2828,4511.2,0.2827,49981.4,0.2829,31322.7,0.283,42985.9
1753546949571,16:22:29.571,1INCH/USDT:USDT,0.2828,4182.9,0.2827,49981.4,0.2829,31322.7,0.283,42985.9
1753546949721,16:22:29.721,1INCH/USDT:USDT,0.2828,4182.9,0.2827,49981.4,0.2829,31322.7,0.283,42985.9
1753546950472,16:22:30.472,1INCH/USDT:USDT,0.2828,4500.3,0.2827,49981.4,0.2829,31322.7,0.283,42985.9
1753546950622,16:22:30.622,1INCH/USDT:USDT,0.2828,4500.3,0.2827,49981.4,0.2829,31322.7,0.283,42985.9
1753546950772,16:22:30.772,1INCH/USDT:USDT,0.2828,4500.3,0.2827,49981.4,0.2829,31322.7,0.283,42985.9
1753546951072,16:22:31.072,1INCH/USDT:USDT,0.2828,4500.3,0.2827,49981.4,0.2829,31322.7,0.283,42985.9
1753546952273,16:22:32.273,1INCH/USDT:USDT,0.2828,4500.3,0.2827,49981.4,0.2829,31322.7,0.283,42985.9
1753546953173,16:22:33.173,1INCH/USDT:USDT,0.2828,10500.3,0.2827,49981.4,0.2829,31322.7,0.283,42985.9
1753546953774,16:22:33.774,1INCH/USDT:USDT,0.2828,10500.3,0.2827,49981.4,0.2829,31322.7,0.283,37542.2
1753546953924,16:22:33.924,1INCH/USDT:USDT,0.2828,10500.3,0.2827,49981.4,0.2829,31322.7,0.283,42985.9
1753546954074,16:22:34.074,1INCH/USDT:USDT,0.2828,10500.3,0.2827,49981.4,0.2829,31322.7,0.283,42985.9
1753546954224,16:22:34.224,1INCH/USDT:USDT,0.2828,10500.3,0.2827,49981.4,0.2829,31322.7,0.283,42985.9
1753546954674,16:22:34.674,1INCH/USDT:USDT,0.2828,4500.3,0.2827,49981.4,0.2829,31322.7,0.283,42985.9
1753546954825,16:22:34.825,1INCH/USDT:USDT,0.2828,4500.3,0.2827,49981.4,0.2829,31322.7,0.283,42985.9
1753546954975,16:22:34.975,1INCH/USDT:USDT,0.2828,4500.3,0.2827,49981.4,0.2829,31322.7,0.283,42985.9
1753546955275,16:22:35.275,1INCH/USDT:USDT,0.2828,4500.3,0.2827,49981.4,0.2829,31322.7,0.283,42985.9
1753546955425,16:22:35.425,1INCH/USDT:USDT,0.2828,4500.3,0.2827,49981.4,0.2829,31322.7,0.283,42985.9
1753546955575,16:22:35.575,1INCH/USDT:USDT,0.2828,4500.3,0.2827,49981.4,0.2829,31322.7,0.283,42985.9
1753546955725,16:22:35.725,1INCH/USDT:USDT,0.2828,4500.3,0.2827,49981.4,0.2829,31322.7,0.283,42985.9
1753546955875,16:22:35.875,1INCH/USDT:USDT,0.2828,4500.3,0.2827,49981.4,0.2829,31322.7,0.283,42985.9
1753546956025,16:22:36.025,1INCH/USDT:USDT,0.2828,4500.3,0.2827,49981.4,0.2829,31322.7,0.283,42985.9
1753546956175,16:22:36.175,1INCH/USDT:USDT,0.2828,4500.3,0.2827,49981.4,0.2829,31322.7,0.283,42985.9
1753546956325,16:22:36.325,1INCH/USDT:USDT,0.2828,4500.3,0.2827,49981.4,0.2829,31322.7,0.283,42985.9
1753546956475,16:22:36.475,1INCH/USDT:USDT,0.2828,4500.3,0.2827,49981.4,0.2829,31322.7,0.283,42985.9
1753546956926,16:22:36.926,1INCH/USDT:USDT,0.2828,4500.3,0.2827,49981.4,0.2829,31322.7,0.283,42985.9
1753546957076,16:22:37.076,1INCH/USDT:USDT,0.2828,4500.3,0.2827,49981.4,0.2829,31322.7,0.283,42985.9
1753546957226,16:22:37.226,1INCH/USDT:USDT,0.2828,4500.3,0.2827,49981.4,0.2829,31322.7,0.283,42985.9
1753546957376,16:22:37.376,1INCH/USDT:USDT,0.2828,4500.3,0.2827,49981.4,0.2829,31322.7,0.283,42985.9
1753546957526,16:22:37.526,1INCH/USDT:USDT,0.2828,4500.3,0.2827,49981.4,0.2829,31322.7,0.283,42985.9
1753546957676,16:22:37.676,1INCH/USDT:USDT,0.2828,4500.3,0.2827,49981.4,0.2829,31322.7,0.283,42985.9
1753546957826,16:22:37.826,1INCH/USDT:USDT,0.2828,4500.3,0.2827,49981.4,0.2829,31322.7,0.283,42985.9
1753546957976,16:22:37.976,1INCH/USDT:USDT,0.2828,4500.3,0.2827,49981.4,0.2829,31322.7,0.283,42985.9
1753546958126,16:22:38.126,1INCH/USDT:USDT,0.2828,4500.3,0.2827,49981.4,0.2829,31322.7,0.283,42985.9
1753546958276,16:22:38.276,1INCH/USDT:USDT,0.2828,4500.3,0.2827,49981.4,0.2829,31322.7,0.283,42985.9
1753546958427,16:22:38.427,1INCH/USDT:USDT,0.2828,4500.3,0.2827,49981.4,0.2829,31322.7,0.283,42985.9
1753546958577,16:22:38.577,1INCH/USDT:USDT,0.2828,4500.3,0.2827,49981.4,0.2829,31322.7,0.283,42985.9
1753546958727,16:22:38.727,1INCH/USDT:USDT,0.2828,4500.3,0.2827,49981.4,0.2829,31322.7,0.283,42985.9
1753546958877,16:22:38.877,1INCH/USDT:USDT,0.2828,4500.3,0.2827,49981.4,0.2829,31322.7,0.283,42985.9
1753546959027,16:22:39.027,1INCH/USDT:USDT,0.2828,4500.3,0.2827,49981.4,0.2829,31322.7,0.283,42985.9
1753546959177,16:22:39.177,1INCH/USDT:USDT,0.2828,4500.3,0.2827,49981.4,0.2829,31322.7,0.283,42985.9
1753546959327,16:22:39.327,1INCH/USDT:USDT,0.2828,4500.3,0.2827,49981.4,0.2829,31322.7,0.283,42985.9
1753546959477,16:22:39.477,1INCH/USDT:USDT,0.2828,4500.3,0.2827,49981.4,0.2829,31322.7,0.283,42985.9
1753546959627,16:22:39.627,1INCH/USDT:USDT,0.2828,4500.3,0.2827,49981.4,0.2829,31322.7,0.283,42985.9
1753546959777,16:22:39.777,1INCH/USDT:USDT,0.2828,4500.3,0.2827,49981.4,0.2829,31322.7,0.283,42985.9
1753546959927,16:22:39.927,1INCH/USDT:USDT,0.2828,4500.3,0.2827,49981.4,0.2829,31322.7,0.283,42985.9
1753546960077,16:22:40.077,1INCH/USDT:USDT,0.2828,11462.6,0.2827,49981.4,0.2829,18373.9,0.283,37542.2
1753546960228,16:22:40.228,1INCH/USDT:USDT,0.2828,11462.6,0.2827,49981.4,0.2829,18373.9,0.283,37542.2
1753546960378,16:22:40.378,1INCH/USDT:USDT,0.2828,5625.3,0.2827,49981.4,0.2829,18373.9,0.283,37542.2
1753546960528,16:22:40.528,1INCH/USDT:USDT,0.2828,12273.7,0.2827,49981.4,0.2829,18373.9,0.283,37542.2
1753546960678,16:22:40.678,1INCH/USDT:USDT,0.2828,5551.4,0.2827,49981.4,0.2829,25632.1,0.283,42985.9
1753546960828,16:22:40.828,1INCH/USDT:USDT,0.2828,4829.1,0.2827,49981.4,0.2829,25632.1,0.283,42985.9
1753546960978,16:22:40.978,1INCH/USDT:USDT,0.2828,5153.1,0.2827,49981.4,0.2829,25632.1,0.283,42985.9
1753546961128,16:22:41.128,1INCH/USDT:USDT,0.2828,5153.1,0.2827,49981.4,0.2829,18373.9,0.283,42985.9
1753546961278,16:22:41.278,1INCH/USDT:USDT,0.2828,6002.6,0.2827,49981.4,0.2829,18373.9,0.283,42985.9
1753546961428,16:22:41.428,1INCH/USDT:USDT,0.2828,6002.6,0.2827,49981.4,0.2829,18373.9,0.283,42985.9
1753546961578,16:22:41.578,1INCH/USDT:USDT,0.2828,6002.6,0.2827,49981.4,0.2829,18373.9,0.283,42985.9
1753546961728,16:22:41.728,1INCH/USDT:USDT,0.2828,6002.6,0.2827,49981.4,0.2829,18373.9,0.283,42985.9
1753546961878,16:22:41.878,1INCH/USDT:USDT,0.2828,12002.6,0.2827,49981.4,0.2829,18373.9,0.283,42985.9
1753546962029,16:22:42.029,1INCH/USDT:USDT,0.2828,12002.6,0.2827,49981.4,0.2829,18373.9,0.283,42985.9
1753546962179,16:22:42.179,1INCH/USDT:USDT,0.2828,6002.6,0.2827,49981.4,0.2829,18373.9,0.283,42985.9
1753546962329,16:22:42.329,1INCH/USDT:USDT,0.2828,6002.6,0.2827,49981.4,0.2829,18373.9,0.283,42985.9
1753546962479,16:22:42.479,1INCH/USDT:USDT,0.2828,6002.6,0.2827,49981.4,0.2829,18373.9,0.283,42985.9
1753546962629,16:22:42.629,1INCH/USDT:USDT,0.2828,6002.6,0.2827,49981.4,0.2829,18373.9,0.283,42985.9
1753546962779,16:22:42.779,1INCH/USDT:USDT,0.2828,6002.6,0.2827,49981.4,0.2829,18373.9,0.283,42985.9
1753546962929,16:22:42.929,1INCH/USDT:USDT,0.2828,12002.6,0.2827,49981.4,0.2829,18373.9,0.283,42985.9
1753546963079,16:22:43.079,1INCH/USDT:USDT,0.2828,12002.6,0.2827,49981.4,0.2829,18373.9,0.283,42985.9
1753546963229,16:22:43.229,1INCH/USDT:USDT,0.2828,12002.6,0.2827,49981.4,0.2829,18373.9,0.283,42985.9
1753546963379,16:22:43.379,1INCH/USDT:USDT,0.2828,12002.6,0.2827,49981.4,0.2829,18373.9,0.283,42985.9
1753546963529,16:22:43.529,1INCH/USDT:USDT,0.2828,12002.6,0.2827,49981.4,0.2829,18373.9,0.283,42985.9
1753546963679,16:22:43.679,1INCH/USDT:USDT,0.2828,12002.6,0.2827,49981.4,0.2829,18373.9,0.283,42985.9
1753546963829,16:22:43.829,1INCH/USDT:USDT,0.2828,12396.2,0.2827,49981.4,0.2829,18373.9,0.283,42985.9
1753546963980,16:22:43.980,1INCH/USDT:USDT,0.2828,12396.2,0.2827,49981.4,0.2829,18373.9,0.283,42985.9
1753546964130,16:22:44.130,1INCH/USDT:USDT,0.2828,12396.2,0.2827,49981.4,0.2829,18373.9,0.283,42985.9
1753546964280,16:22:44.280,1INCH/USDT:USDT,0.2828,12396.2,0.2827,49981.4,0.2829,18373.9,0.283,42985.9
1753546964430,16:22:44.430,1INCH/USDT:USDT,0.2828,12002.6,0.2827,49981.4,0.2829,18373.9,0.283,42985.9
1753546964580,16:22:44.580,1INCH/USDT:USDT,0.2828,12002.6,0.2827,49981.4,0.2829,18373.9,0.283,42985.9
1753546964730,16:22:44.730,1INCH/USDT:USDT,0.2828,12002.6,0.2827,49981.4,0.2829,18373.9,0.283,42985.9
1753546964880,16:22:44.880,1INCH/USDT:USDT,0.2828,12002.6,0.2827,49981.4,0.2829,18373.9,0.283,42985.9
1753546965330,16:22:45.330,1INCH/USDT:USDT,0.2828,12002.6,0.2827,49981.4,0.2829,22967.3,0.283,42985.9
1753546965631,16:22:45.631,1INCH/USDT:USDT,0.2828,13285.3,0.2827,49981.4,0.2829,22967.3,0.283,37542.2
1753546965781,16:22:45.781,1INCH/USDT:USDT,0.2828,13285.3,0.2827,49981.4,0.2829,22967.3,0.283,37542.2
1753546965931,16:22:45.931,1INCH/USDT:USDT,0.2828,13285.3,0.2827,49981.4,0.2829,22967.3,0.283,37542.2
1753546966081,16:22:46.081,1INCH/USDT:USDT,0.2828,13285.3,0.2827,49981.4,0.2829,22967.3,0.283,37542.2
1753546966231,16:22:46.231,1INCH/USDT:USDT,0.2828,13285.3,0.2827,49981.4,0.2829,22967.3,0.283,37542.2
1753546966381,16:22:46.381,1INCH/USDT:USDT,0.2828,13285.3,0.2827,49981.4,0.2829,22967.3,0.283,37542.2
1753546966531,16:22:46.531,1INCH/USDT:USDT,0.2828,13285.3,0.2827,49981.4,0.2829,22967.3,0.283,42985.9
1753546966681,16:22:46.681,1INCH/USDT:USDT,0.2828,13285.3,0.2827,49981.4,0.2829,22967.3,0.283,42985.9
1753546966831,16:22:46.831,1INCH/USDT:USDT,0.2828,13285.3,0.2827,49981.4,0.2829,22967.3,0.283,42985.9
1753546966981,16:22:46.981,1INCH/USDT:USDT,0.2828,13285.3,0.2827,49981.4,0.2829,22967.3,0.283,42985.9
1753546967131,16:22:47.131,1INCH/USDT:USDT,0.2828,13285.3,0.2827,49981.4,0.2829,22967.3,0.283,42985.9
1753546967282,16:22:47.282,1INCH/USDT:USDT,0.2828,13285.3,0.2827,49981.4,0.2829,22967.3,0.283,42985.9
1753546967432,16:22:47.432,1INCH/USDT:USDT,0.2828,12891.7,0.2827,49981.4,0.2829,22967.3,0.283,42985.9
1753546967582,16:22:47.582,1INCH/USDT:USDT,0.2828,12891.7,0.2827,49981.4,0.2829,22967.3,0.283,42985.9
1753546967732,16:22:47.732,1INCH/USDT:USDT,0.2828,12891.7,0.2827,49981.4,0.2829,22967.3,0.283,42985.9
1753546967882,16:22:47.882,1INCH/USDT:USDT,0.2828,12891.7,0.2827,49981.4,0.2829,22967.3,0.283,42985.9
1753546968032,16:22:48.032,1INCH/USDT:USDT,0.2828,12002.6,0.2827,49981.4,0.2829,22967.3,0.283,42985.9
1753546968182,16:22:48.182,1INCH/USDT:USDT,0.2828,12002.6,0.2827,49981.4,0.2829,22967.3,0.283,42985.9
1753546968332,16:22:48.332,1INCH/USDT:USDT,0.2828,12002.6,0.2827,49981.4,0.2829,22967.3,0.283,42985.9
1753546968482,16:22:48.482,1INCH/USDT:USDT,0.2828,12002.6,0.2827,49981.4,0.2829,22967.3,0.283,42985.9
1753546968932,16:22:48.932,1INCH/USDT:USDT,0.2828,12396.2,0.2827,49981.4,0.2829,22967.3,0.283,42985.9
1753546969083,16:22:49.083,1INCH/USDT:USDT,0.2828,12396.2,0.2827,49981.4,0.2829,22967.3,0.283,42985.9
1753546969233,16:22:49.233,1INCH/USDT:USDT,0.2828,12396.2,0.2827,49981.4,0.2829,22967.3,0.283,42985.9
1753546969383,16:22:49.383,1INCH/USDT:USDT,0.2828,7125.0,0.2827,49981.4,0.2829,22967.3,0.283,42985.9
1753546969533,16:22:49.533,1INCH/USDT:USDT,0.2828,7445.1,0.2827,49981.4,0.2829,22967.3,0.283,42985.9
1753546969683,16:22:49.683,1INCH/USDT:USDT,0.2828,7445.1,0.2827,49981.4,0.2829,22967.3,0.283,42985.9
1753546969833,16:22:49.833,1INCH/USDT:USDT,0.2828,7445.1,0.2827,49981.4,0.2829,22967.3,0.283,42985.9
1753546969983,16:22:49.983,1INCH/USDT:USDT,0.2828,7445.1,0.2827,49981.4,0.2829,22967.3,0.283,42985.9
1753546970133,16:22:50.133,1INCH/USDT:USDT,0.2828,1125.0,0.2827,49981.4,0.2829,22967.3,0.283,42985.9
1753546970283,16:22:50.283,1INCH/USDT:USDT,0.2828,1125.0,0.2827,49981.4,0.2829,22967.3,0.283,42985.9
1753546970433,16:22:50.433,1INCH/USDT:USDT,0.2828,1125.0,0.2827,49981.4,0.2829,22967.3,0.283,42985.9
1753546970583,16:22:50.583,1INCH/USDT:USDT,0.2828,1125.0,0.2827,49981.4,0.2829,22967.3,0.283,42985.9
1753546970733,16:22:50.733,1INCH/USDT:USDT,0.2828,1125.0,0.2827,49981.4,0.2829,22967.3,0.283,42985.9
1753546970884,16:22:50.884,1INCH/USDT:USDT,0.2828,1125.0,0.2827,49981.4,0.2829,22967.3,0.283,42985.9
1753546971034,16:22:51.034,1INCH/USDT:USDT,0.2828,1125.0,0.2827,49981.4,0.2829,22967.3,0.283,42985.9
1753546971184,16:22:51.184,1INCH/USDT:USDT,0.2828,1125.0,0.2827,49981.4,0.2829,22967.3,0.283,42985.9
1753546971334,16:22:51.334,1INCH/USDT:USDT,0.2828,1445.1,0.2827,49981.4,0.2829,22967.3,0.283,42985.9
1753546971484,16:22:51.484,1INCH/USDT:USDT,0.2828,1445.1,0.2827,49981.4,0.2829,22967.3,0.283,42985.9
1753546971634,16:22:51.634,1INCH/USDT:USDT,0.2828,1445.1,0.2827,49981.4,0.2829,22967.3,0.283,42985.9
1753546971784,16:22:51.784,1INCH/USDT:USDT,0.2828,7445.1,0.2827,49981.4,0.2829,22967.3,0.283,42985.9
1753546971934,16:22:51.934,1INCH/USDT:USDT,0.2828,7445.1,0.2827,49981.4,0.2829,18373.9,0.283,42985.9
1753546972084,16:22:52.084,1INCH/USDT:USDT,0.2828,7445.1,0.2827,49981.4,0.2829,18373.9,0.283,42985.9
1753546972234,16:22:52.234,1INCH/USDT:USDT,0.2828,7445.1,0.2827,49981.4,0.2829,25632.1,0.283,42985.9
1753546972384,16:22:52.384,1INCH/USDT:USDT,0.2828,7445.1,0.2827,49981.4,0.2829,25632.1,0.283,42985.9
1753546972534,16:22:52.534,1INCH/USDT:USDT,0.2828,7445.1,0.2827,49981.4,0.2829,25632.1,0.283,42985.9
1753546972685,16:22:52.685,1INCH/USDT:USDT,0.2828,7838.7,0.2827,49981.4,0.2829,18373.9,0.283,42985.9
1753546972835,16:22:52.835,1INCH/USDT:USDT,0.2828,8497.2,0.2827,49981.4,0.2829,18373.9,0.283,42985.9
1753546972985,16:22:52.985,1INCH/USDT:USDT,0.2828,8890.8,0.2827,49981.4,0.2829,18373.9,0.283,42985.9
1753546973135,16:22:53.135,1INCH/USDT:USDT,0.2828,7445.1,0.2827,49981.4,0.2829,18373.9,0.283,42985.9
1753546973285,16:22:53.285,1INCH/USDT:USDT,0.2828,7445.1,0.2827,49981.4,0.2829,18373.9,0.283,42985.9
1753546973435,16:22:53.435,1INCH/USDT:USDT,0.2828,7445.1,0.2827,49981.4,0.2829,18373.9,0.283,42985.9
1753546973585,16:22:53.585,1INCH/USDT:USDT,0.2828,7445.1,0.2827,49981.4,0.2829,18373.9,0.283,42985.9
1753546973735,16:22:53.735,1INCH/USDT:USDT,0.2828,7445.1,0.2827,49981.4,0.2829,18373.9,0.283,42985.9
1753546973885,16:22:53.885,1INCH/USDT:USDT,0.2828,7445.1,0.2827,49981.4,0.2829,18373.9,0.283,42985.9
1753546974035,16:22:54.035,1INCH/USDT:USDT,0.2828,7445.1,0.2827,49981.4,0.2829,18373.9,0.283,42985.9
1753546974185,16:22:54.185,1INCH/USDT:USDT,0.2828,7445.1,0.2827,49981.4,0.2829,18373.9,0.283,42985.9
1753546974335,16:22:54.335,1INCH/USDT:USDT,0.2828,7445.1,0.2827,49981.4,0.2829,18373.9,0.283,42985.9
1753546974485,16:22:54.485,1INCH/USDT:USDT,0.2828,7445.1,0.2827,49981.4,0.2829,18373.9,0.283,42985.9
1753546974636,16:22:54.636,1INCH/USDT:USDT,0.2828,7445.1,0.2827,49981.4,0.2829,18373.9,0.283,42985.9
1753546974786,16:22:54.786,1INCH/USDT:USDT,0.2828,7445.1,0.2827,49981.4,0.2829,18373.9,0.283,42985.9
1753546974936,16:22:54.936,1INCH/USDT:USDT,0.2828,7445.1,0.2827,49981.4,0.2829,18373.9,0.283,42985.9
1753546975086,16:22:55.086,1INCH/USDT:USDT,0.2828,7445.1,0.2827,49981.4,0.2829,18373.9,0.283,42985.9
1753546975236,16:22:55.236,1INCH/USDT:USDT,0.2828,7445.1,0.2827,49981.4,0.2829,18373.9,0.283,42985.9
1753546975386,16:22:55.386,1INCH/USDT:USDT,0.2828,7445.1,0.2827,49981.4,0.2829,18373.9,0.283,42985.9
1753546975536,16:22:55.536,1INCH/USDT:USDT,0.2828,7445.1,0.2827,49981.4,0.2829,18373.9,0.283,42985.9
1753546975686,16:22:55.686,1INCH/USDT:USDT,0.2828,7445.1,0.2827,49981.4,0.2829,18373.9,0.283,42985.9
1753546975836,16:22:55.836,1INCH/USDT:USDT,0.2828,7445.1,0.2827,49981.4,0.2829,18373.9,0.283,42985.9
1753546975986,16:22:55.986,1INCH/USDT:USDT,0.2828,7445.1,0.2827,49981.4,0.2829,18373.9,0.283,42985.9
1753546976136,16:22:56.136,1INCH/USDT:USDT,0.2828,7445.1,0.2827,49981.4,0.2829,18373.9,0.283,42985.9
1753546976287,16:22:56.287,1INCH/USDT:USDT,0.2828,7445.1,0.2827,49981.4,0.2829,18373.9,0.283,42985.9
1753546976437,16:22:56.437,1INCH/USDT:USDT,0.2828,7445.1,0.2827,49981.4,0.2829,18373.9,0.283,42985.9
1753546976587,16:22:56.587,1INCH/USDT:USDT,0.2828,7445.1,0.2827,49981.4,0.2829,18373.9,0.283,42985.9
1753546976737,16:22:56.737,1INCH/USDT:USDT,0.2828,7445.1,0.2827,49981.4,0.2829,18373.9,0.283,42985.9
1753546976887,16:22:56.887,1INCH/USDT:USDT,0.2828,7445.1,0.2827,49981.4,0.2829,18373.9,0.283,42985.9
1753546977037,16:22:57.037,1INCH/USDT:USDT,0.2828,7445.1,0.2827,49981.4,0.2829,18373.9,0.283,42985.9
1753546977187,16:22:57.187,1INCH/USDT:USDT,0.2828,7445.1,0.2827,49981.4,0.2829,18373.9,0.283,42985.9
1753546977337,16:22:57.337,1INCH/USDT:USDT,0.2828,7445.1,0.2827,49981.4,0.2829,18373.9,0.283,42985.9
1753546977487,16:22:57.487,1INCH/USDT:USDT,0.2828,7445.1,0.2827,49981.4,0.2829,18373.9,0.283,106560.1
1753546977637,16:22:57.637,1INCH/USDT:USDT,0.2828,7445.1,0.2827,49981.4,0.2829,18373.9,0.283,85692.5
1753546977787,16:22:57.787,1INCH/USDT:USDT,0.2828,7445.1,0.2827,49981.4,0.2829,18373.9,0.283,22118.3
1753546977937,16:22:57.937,1INCH/USDT:USDT,0.2828,7445.1,0.2827,49981.4,0.2829,18373.9,0.283,42527.4
1753546978088,16:22:58.088,1INCH/USDT:USDT,0.2828,7445.1,0.2827,49981.4,0.2829,18373.9,0.283,42527.4
1753546978238,16:22:58.238,1INCH/USDT:USDT,0.2828,7445.1,0.2827,49981.4,0.2829,18373.9,0.283,42527.4
1753546978388,16:22:58.388,1INCH/USDT:USDT,0.2828,7445.1,0.2827,49981.4,0.2829,18373.9,0.283,42527.4
1753546978538,16:22:58.538,1INCH/USDT:USDT,0.2828,7445.1,0.2827,49981.4,0.2829,18373.9,0.283,42527.4
1753546978688,16:22:58.688,1INCH/USDT:USDT,0.2828,7445.1,0.2827,49981.4,0.2829,18373.9,0.283,42527.4
1753546978838,16:22:58.838,1INCH/USDT:USDT,0.2828,7445.1,0.2827,49981.4,0.2829,18373.9,0.283,42527.4
1753546978988,16:22:58.988,1INCH/USDT:USDT,0.2828,7445.1,0.2827,49981.4,0.2829,18373.9,0.283,42527.4
1753546979138,16:22:59.138,1INCH/USDT:USDT,0.2828,7445.1,0.2827,49981.4,0.2829,18373.9,0.283,42527.4
1753546979288,16:22:59.288,1INCH/USDT:USDT,0.2828,7445.1,0.2827,49981.4,0.2829,18373.9,0.283,42527.4
1753546979438,16:22:59.438,1INCH/USDT:USDT,0.2828,7445.1,0.2827,49981.4,0.2829,18373.9,0.283,42527.4
1753546979588,16:22:59.588,1INCH/USDT:USDT,0.2828,7445.1,0.2827,49981.4,0.2829,18373.9,0.283,42527.4
1753546979738,16:22:59.738,1INCH/USDT:USDT,0.2828,7445.1,0.2827,49981.4,0.2829,18373.9,0.283,42527.4
1753546979889,16:22:59.889,1INCH/USDT:USDT,0.2828,7445.1,0.2827,49981.4,0.2829,18373.9,0.283,42527.4
1753546980039,16:23:00.039,1INCH/USDT:USDT,0.2828,7445.1,0.2827,49981.4,0.2829,18373.9,0.283,42527.4
1753546980189,16:23:00.189,1INCH/USDT:USDT,0.2828,7445.1,0.2827,49981.4,0.2829,25632.1,0.283,42527.4
1753546980339,16:23:00.339,1INCH/USDT:USDT,0.2828,1125.0,0.2827,49981.4,0.2829,31002.6,0.283,42527.4
1753546980489,16:23:00.489,1INCH/USDT:USDT,0.2828,1455.3,0.2827,49981.4,0.2829,31396.2,0.283,42527.4
1753546980639,16:23:00.639,1INCH/USDT:USDT,0.2828,1125.0,0.2827,49981.4,0.2829,31396.2,0.283,42527.4
1753546980789,16:23:00.789,1INCH/USDT:USDT,0.2828,1125.0,0.2827,49981.4,0.2829,31396.2,0.283,42527.4
1753546980939,16:23:00.939,1INCH/USDT:USDT,0.2828,1455.3,0.2827,49981.4,0.2829,31002.6,0.283,42527.4
1753546981089,16:23:01.089,1INCH/USDT:USDT,0.2828,1125.0,0.2827,49981.4,0.2829,31002.6,0.283,42527.4
1753546981239,16:23:01.239,1INCH/USDT:USDT,0.2828,1125.0,0.2827,49981.4,0.2829,31396.2,0.283,42527.4
1753546981389,16:23:01.389,1INCH/USDT:USDT,0.2828,1125.0,0.2827,49981.4,0.2829,31396.2,0.283,42527.4
1753546981539,16:23:01.539,1INCH/USDT:USDT,0.2828,1125.0,0.2827,49981.4,0.2829,31396.2,0.283,42527.4
1753546981690,16:23:01.690,1INCH/USDT:USDT,0.2828,1125.0,0.2827,49981.4,0.2829,31396.2,0.283,42527.4
1753546981840,16:23:01.840,1INCH/USDT:USDT,0.2828,1125.0,0.2827,49981.4,0.2829,31002.6,0.283,42527.4
1753546981990,16:23:01.990,1INCH/USDT:USDT,0.2828,1107.2,0.2827,49981.4,0.2829,31002.6,0.283,42527.4
1753546982140,16:23:02.140,1INCH/USDT:USDT,0.2827,2225.9,0.2826,8383.2,0.2828,3321.6,0.2829,36839.9
1753546982290,16:23:02.290,1INCH/USDT:USDT,0.2826,20251.9,0.2825,36992.9,0.2828,24971.7,0.2829,105540.5
1753546982440,16:23:02.440,1INCH/USDT:USDT,0.2826,1455.3,0.2825,28085.7,0.2827,25185.1,0.2828,49250.5
1753546982590,16:23:02.590,1INCH/USDT:USDT,0.2826,2910.0,0.2825,15383.8,0.2827,37887.0,0.2828,49250.5
1753546982740,16:23:02.740,1INCH/USDT:USDT,0.2826,2910.0,0.2825,25796.8,0.2827,25185.1,0.2828,49250.5
1753546982890,16:23:02.890,1INCH/USDT:USDT,0.2826,2910.0,0.2825,18831.0,0.2827,24461.2,0.2828,49250.5
1753546983040,16:23:03.040,1INCH/USDT:USDT,0.2826,2910.0,0.2825,24274.7,0.2827,6000.0,0.2828,49250.5
1753546983190,16:23:03.190,1INCH/USDT:USDT,0.2826,2910.0,0.2825,24274.7,0.2827,18466.1,0.2828,49250.5
1753546983340,16:23:03.340,1INCH/USDT:USDT,0.2826,2910.0,0.2825,34147.0,0.2827,18466.1,0.2828,49250.5
1753546983491,16:23:03.491,1INCH/USDT:USDT,0.2826,6714.6,0.2825,34147.0,0.2827,18466.1,0.2828,49250.5
1753546983641,16:23:03.641,1INCH/USDT:USDT,0.2826,6384.3,0.2825,28703.3,0.2827,25724.3,0.2828,49250.5
1753546983791,16:23:03.791,1INCH/USDT:USDT,0.2826,6384.3,0.2825,32695.8,0.2827,18466.1,0.2828,49250.5
1753546983941,16:23:03.941,1INCH/USDT:USDT,0.2826,4101.8,0.2825,36276.2,0.2827,18466.1,0.2828,49250.5
1753546984091,16:23:04.091,1INCH/USDT:USDT,0.2826,4101.8,0.2825,41719.9,0.2827,18466.1,0.2828,49250.5
1753546984241,16:23:04.241,1INCH/USDT:USDT,0.2826,4101.8,0.2825,41719.9,0.2827,18466.1,0.2828,49250.5
1753546984391,16:23:04.391,1INCH/USDT:USDT,0.2826,4432.1,0.2825,41719.9,0.2827,18466.1,0.2828,49250.5
1753546984541,16:23:04.541,1INCH/USDT:USDT,0.2826,4432.1,0.2825,41719.9,0.2827,18466.1,0.2828,49250.5
1753546984691,16:23:04.691,1INCH/USDT:USDT,0.2826,11695.9,0.2825,41719.9,0.2827,330.3,0.2828,49250.5
1753546984841,16:23:04.841,1INCH/USDT:USDT,0.2826,2910.0,0.2825,41719.9,0.2827,24792.7,0.2828,49250.5
1753546984991,16:23:04.991,1INCH/USDT:USDT,0.2826,7318.1,0.2825,41719.9,0.2827,24792.7,0.2828,49250.5
1753546985142,16:23:05.142,1INCH/USDT:USDT,0.2826,4432.1,0.2825,41719.9,0.2827,24792.7,0.2828,49250.5
1753546985292,16:23:05.292,1INCH/USDT:USDT,0.2826,4432.1,0.2825,41719.9,0.2827,24792.7,0.2828,49250.5
1753546985442,16:23:05.442,1INCH/USDT:USDT,0.2826,4432.1,0.2825,41719.9,0.2827,24792.7,0.2828,49250.5
1753546985592,16:23:05.592,1INCH/USDT:USDT,0.2826,4432.1,0.2825,41719.9,0.2827,24792.7,0.2828,49250.5
1753546985742,16:23:05.742,1INCH/USDT:USDT,0.2826,4432.1,0.2825,41719.9,0.2827,24792.7,0.2828,49250.5
1753546985892,16:23:05.892,1INCH/USDT:USDT,0.2826,4432.1,0.2825,41719.9,0.2827,24792.7,0.2828,49250.5
1753546986042,16:23:06.042,1INCH/USDT:USDT,0.2826,4432.1,0.2825,41719.9,0.2827,24814.7,0.2828,49250.5
1753546986192,16:23:06.192,1INCH/USDT:USDT,0.2826,4432.1,0.2825,41719.9,0.2827,24814.7,0.2828,49250.5
1753546986342,16:23:06.342,1INCH/USDT:USDT,0.2826,8003.0,0.2825,41719.9,0.2827,18484.4,0.2828,45250.5
1753546986492,16:23:06.492,1INCH/USDT:USDT,0.2826,15261.2,0.2825,41719.9,0.2827,22.0,0.2828,63706.4
1753546986642,16:23:06.642,1INCH/USDT:USDT,0.2826,21261.2,0.2825,41719.9,0.2827,22.0,0.2828,58262.7
1753546986792,16:23:06.792,1INCH/USDT:USDT,0.2826,26704.9,0.2825,41719.9,0.2827,22.0,0.2828,32971.1
1753546986943,16:23:06.943,1INCH/USDT:USDT,0.2826,26704.9,0.2825,41719.9,0.2827,22.0,0.2828,38295.3
1753546987093,16:23:07.093,1INCH/USDT:USDT,0.2826,21261.2,0.2825,41719.9,0.2827,22.0,0.2828,43739.0
1753546987243,16:23:07.243,1INCH/USDT:USDT,0.2826,21261.2,0.2825,41719.9,0.2827,22.0,0.2828,43739.0
1753546987393,16:23:07.393,1INCH/USDT:USDT,0.2826,21261.2,0.2825,41719.9,0.2827,22.0,0.2828,43739.0
1753546987543,16:23:07.543,1INCH/USDT:USDT,0.2826,21261.2,0.2825,41719.9,0.2827,22.0,0.2828,43739.0
1753546987693,16:23:07.693,1INCH/USDT:USDT,0.2826,21261.2,0.2825,41719.9,0.2827,22.0,0.2828,43739.0
1753546987843,16:23:07.843,1INCH/USDT:USDT,0.2826,21261.2,0.2825,41719.9,0.2827,22.0,0.2828,36838.3
1753546987993,16:23:07.993,1INCH/USDT:USDT,0.2826,21261.2,0.2825,41719.9,0.2827,22.0,0.2828,38420.8
1753546988143,16:23:08.143,1INCH/USDT:USDT,0.2826,21261.2,0.2825,41719.9,0.2827,22.0,0.2828,38420.8
1753546988293,16:23:08.293,1INCH/USDT:USDT,0.2826,21261.2,0.2825,41719.9,0.2827,22.0,0.2828,38420.8
1753546988443,16:23:08.443,1INCH/USDT:USDT,0.2826,21261.2,0.2825,41719.9,0.2827,22.0,0.2828,38420.8
1753546988593,16:23:08.593,1INCH/USDT:USDT,0.2826,21261.2,0.2825,41719.9,0.2827,22.0,0.2828,38420.8
1753546988744,16:23:08.744,1INCH/USDT:USDT,0.2826,21261.2,0.2825,41719.9,0.2827,22.0,0.2828,38420.8
1753546988894,16:23:08.894,1INCH/USDT:USDT,0.2826,21261.2,0.2825,41719.9,0.2827,22.0,0.2828,38420.8
1753546989044,16:23:09.044,1INCH/USDT:USDT,0.2826,21261.2,0.2825,41719.9,0.2827,22.0,0.2828,38420.8
1753546989194,16:23:09.194,1INCH/USDT:USDT,0.2826,21261.2,0.2825,41719.9,0.2827,22.0,0.2828,38420.8
1753546989344,16:23:09.344,1INCH/USDT:USDT,0.2826,21261.2,0.2825,41719.9,0.2827,22.0,0.2828,38420.8
1753546989494,16:23:09.494,1INCH/USDT:USDT,0.2826,21261.2,0.2825,41719.9,0.2827,22.0,0.2828,38420.8
1753546989794,16:23:09.794,1INCH/USDT:USDT,0.2826,21261.2,0.2825,41719.9,0.2827,22.0,0.2828,38420.8
1753546989944,16:23:09.944,1INCH/USDT:USDT,0.2826,21261.2,0.2825,41719.9,0.2827,22.0,0.2828,38420.8
1753546990094,16:23:10.094,1INCH/USDT:USDT,0.2826,21261.2,0.2825,41719.9,0.2827,22.0,0.2828,38420.8
1753546990244,16:23:10.244,1INCH/USDT:USDT,0.2826,21261.2,0.2825,41719.9,0.2827,22.0,0.2828,38420.8
1753546990394,16:23:10.394,1INCH/USDT:USDT,0.2826,21261.2,0.2825,41719.9,0.2827,22.0,0.2828,38420.8
1753546990545,16:23:10.545,1INCH/USDT:USDT,0.2826,21261.2,0.2825,41719.9,0.2827,22.0,0.2828,38420.8
1753546990695,16:23:10.695,1INCH/USDT:USDT,0.2826,21261.2,0.2825,41719.9,0.2827,22.0,0.2828,38420.8
1753546990845,16:23:10.845,1INCH/USDT:USDT,0.2826,21261.2,0.2825,41719.9,0.2827,22.0,0.2828,38420.8
1753546990995,16:23:10.995,1INCH/USDT:USDT,0.2826,21261.2,0.2825,41719.9,0.2827,22.0,0.2828,38420.8
1753546991145,16:23:11.145,1INCH/USDT:USDT,0.2827,9931.3,0.2826,33431.2,0.2828,18455.9,0.2829,36243.5
1753546991295,16:23:11.295,1INCH/USDT:USDT,0.2827,11052.0,0.2826,70172.3,0.2829,36243.5,0.283,85698.9
1753546991445,16:23:11.445,1INCH/USDT:USDT,0.2828,1454.7,0.2827,34168.2,0.2829,38369.8,0.283,85698.9
1753546991595,16:23:11.595,1INCH/USDT:USDT,0.2828,1784.0,0.2827,51939.8,0.2829,38369.8,0.283,85698.9
1753546991745,16:23:11.745,1INCH/USDT:USDT,0.2828,1784.0,0.2827,51939.8,0.2829,38369.8,0.283,85698.9
1753546991895,16:23:11.895,1INCH/USDT:USDT,0.2828,1784.0,0.2827,51939.8,0.2829,38369.8,0.283,85698.9
1753546992045,16:23:12.045,1INCH/USDT:USDT,0.2828,1784.0,0.2827,51939.8,0.2829,38369.8,0.283,85698.9
1753546992195,16:23:12.195,1INCH/USDT:USDT,0.2828,1784.0,0.2827,51939.8,0.2829,38369.8,0.283,85698.9
1753546992346,16:23:12.346,1INCH/USDT:USDT,0.2828,1784.0,0.2827,51939.8,0.2829,38369.8,0.283,85698.9
1753546992496,16:23:12.496,1INCH/USDT:USDT,0.2828,1784.0,0.2827,51939.8,0.2829,38369.8,0.283,85698.9
1753546992646,16:23:12.646,1INCH/USDT:USDT,0.2828,1784.0,0.2827,41664.6,0.2829,38369.8,0.283,85698.9
1753546992796,16:23:12.796,1INCH/USDT:USDT,0.2828,1784.0,0.2827,41664.6,0.2829,38369.8,0.283,85698.9
1753546992946,16:23:12.946,1INCH/USDT:USDT,0.2828,1784.0,0.2827,41664.6,0.2829,38369.8,0.283,85698.9
1753546993096,16:23:13.096,1INCH/USDT:USDT,0.2828,1784.0,0.2827,41664.6,0.2829,38369.8,0.283,85698.9
1753546993246,16:23:13.246,1INCH/USDT:USDT,0.2828,1784.0,0.2827,47108.3,0.2829,32926.1,0.283,85698.9
1753546993396,16:23:13.396,1INCH/USDT:USDT,0.2828,1784.0,0.2827,47108.3,0.2829,32926.1,0.283,85698.9
1753546993546,16:23:13.546,1INCH/USDT:USDT,0.2828,7784.0,0.2827,47108.3,0.2829,32926.1,0.283,85698.9
1753546993696,16:23:13.696,1INCH/USDT:USDT,0.2828,7784.0,0.2827,47108.3,0.2829,32926.1,0.283,85698.9
1753546993846,16:23:13.846,1INCH/USDT:USDT,0.2828,7784.0,0.2827,47108.3,0.2829,32926.1,0.283,85698.9
1753546993997,16:23:13.997,1INCH/USDT:USDT,0.2828,7784.0,0.2827,47108.3,0.2829,32926.1,0.283,22118.3
1753546994147,16:23:14.147,1INCH/USDT:USDT,0.2828,7784.0,0.2827,47108.3,0.2829,32926.1,0.283,42530.8
1753546994297,16:23:14.297,1INCH/USDT:USDT,0.2828,7784.0,0.2827,47108.3,0.2829,32926.1,0.283,42530.8
1753546994447,16:23:14.447,1INCH/USDT:USDT,0.2828,7784.0,0.2827,47108.3,0.2829,32926.1,0.283,42530.8
1753546994597,16:23:14.597,1INCH/USDT:USDT,0.2828,7784.0,0.2827,47108.3,0.2829,32926.1,0.283,42530.8
1753546994747,16:23:14.747,1INCH/USDT:USDT,0.2828,7784.0,0.2827,47108.3,0.2829,32926.1,0.283,42530.8
1753546994897,16:23:14.897,1INCH/USDT:USDT,0.2828,7784.0,0.2827,47108.3,0.2829,32926.1,0.283,42530.8
1753546995047,16:23:15.047,1INCH/USDT:USDT,0.2828,7784.0,0.2827,47108.3,0.2829,32926.1,0.283,42530.8
1753546995197,16:23:15.197,1INCH/USDT:USDT,0.2828,7784.0,0.2827,47108.3,0.2829,32926.1,0.283,42530.8
1753546995347,16:23:15.347,1INCH/USDT:USDT,0.2828,7784.0,0.2827,47108.3,0.2829,32926.1,0.283,42530.8
1753546995497,16:23:15.497,1INCH/USDT:USDT,0.2828,7784.0,0.2827,47108.3,0.2829,32926.1,0.283,42530.8
1753546995647,16:23:15.647,1INCH/USDT:USDT,0.2828,7784.0,0.2827,47108.3,0.2829,32926.1,0.283,42530.8
1753546995798,16:23:15.798,1INCH/USDT:USDT,0.2828,7784.0,0.2827,47108.3,0.2829,32926.1,0.283,42530.8
1753546995948,16:23:15.948,1INCH/USDT:USDT,0.2828,7784.0,0.2827,47108.3,0.2829,32926.1,0.283,42530.8
1753546996098,16:23:16.098,1INCH/USDT:USDT,0.2828,7784.0,0.2827,47108.3,0.2829,32926.1,0.283,42530.8
1753546996398,16:23:16.398,1INCH/USDT:USDT,0.2828,7784.0,0.2827,47108.3,0.2829,27555.6,0.283,42530.8
1753546996548,16:23:16.548,1INCH/USDT:USDT,0.2828,3306.1,0.2827,49054.3,0.2829,24145.8,0.283,42530.8
1753546996698,16:23:16.698,1INCH/USDT:USDT,0.2828,1454.7,0.2827,49054.3,0.2829,31797.6,0.283,42530.8
1753546996848,16:23:16.848,1INCH/USDT:USDT,0.2828,1454.7,0.2827,49054.3,0.2829,31797.6,0.283,42530.8
1753546996998,16:23:16.998,1INCH/USDT:USDT,0.2828,1784.0,0.2827,49054.3,0.2829,24145.8,0.283,42530.8
1753546997148,16:23:17.148,1INCH/USDT:USDT,0.2828,1784.0,0.2827,49054.3,0.2829,31404.0,0.283,42530.8
1753546997298,16:23:17.298,1INCH/USDT:USDT,0.2828,6264.7,0.2827,49054.3,0.2829,31404.0,0.283,42530.8
1753546997448,16:23:17.448,1INCH/USDT:USDT,0.2828,11264.7,0.2827,49054.3,0.2829,31404.0,0.283,42530.8
1753546997599,16:23:17.599,1INCH/USDT:USDT,0.2828,8306.1,0.2827,49054.3,0.2829,31404.0,0.283,42530.8
1753546997749,16:23:17.749,1INCH/USDT:USDT,0.2828,9490.2,0.2827,49054.3,0.2829,31404.0,0.283,42530.8
1753546997899,16:23:17.899,1INCH/USDT:USDT,0.2828,9490.2,0.2827,49054.3,0.2829,31404.0,0.283,42530.8
1753546998049,16:23:18.049,1INCH/USDT:USDT,0.2828,9490.2,0.2827,49054.3,0.2829,31404.0,0.283,42530.8
1753546998199,16:23:18.199,1INCH/USDT:USDT,0.2828,9490.2,0.2827,49054.3,0.2829,31404.0,0.283,42530.8
1753546998349,16:23:18.349,1INCH/USDT:USDT,0.2828,4490.2,0.2827,49054.3,0.2829,31404.0,0.283,42530.8
1753546998499,16:23:18.499,1INCH/USDT:USDT,0.2828,4490.2,0.2827,49054.3,0.2829,31404.0,0.283,42530.8
1753546998799,16:23:18.799,1INCH/USDT:USDT,0.2828,4490.2,0.2827,49054.3,0.2829,24145.8,0.283,42530.8
1753546998949,16:23:18.949,1INCH/USDT:USDT,0.2828,4490.2,0.2827,49054.3,0.2829,24145.8,0.283,42530.8
1753546999099,16:23:19.099,1INCH/USDT:USDT,0.2828,4490.2,0.2827,49054.3,0.2829,24145.8,0.283,42530.8
1753546999249,16:23:19.249,1INCH/USDT:USDT,0.2828,4490.2,0.2827,49054.3,0.2829,24145.8,0.283,42530.8
1753546999400,16:23:19.400,1INCH/USDT:USDT,0.2828,10490.2,0.2827,49054.3,0.2829,24145.8,0.283,42530.8
1753546999550,16:23:19.550,1INCH/USDT:USDT,0.2828,10490.2,0.2827,49054.3,0.2829,24145.8,0.283,42530.8
1753546999700,16:23:19.700,1INCH/USDT:USDT,0.2828,10490.2,0.2827,49054.3,0.2829,24145.8,0.283,42530.8
1753546999850,16:23:19.850,1INCH/USDT:USDT,0.2828,10490.2,0.2827,49054.3,0.2829,24145.8,0.283,42530.8
1753547000000,16:23:20.000,1INCH/USDT:USDT,0.2828,10490.2,0.2827,49054.3,0.2829,24145.8,0.283,42530.8
1753547000150,16:23:20.150,1INCH/USDT:USDT,0.2828,10490.2,0.2827,49054.3,0.2829,24145.8,0.283,42530.8
1753547000300,16:23:20.300,1INCH/USDT:USDT,0.2828,10490.2,0.2827,49054.3,0.2829,24145.8,0.283,42530.8
1753547000450,16:23:20.450,1INCH/USDT:USDT,0.2828,10490.2,0.2827,49054.3,0.2829,24145.8,0.283,42530.8
1753547000600,16:23:20.600,1INCH/USDT:USDT,0.2828,10490.2,0.2827,49054.3,0.2829,24145.8,0.283,42530.8
1753547000750,16:23:20.750,1INCH/USDT:USDT,0.2828,10490.2,0.2827,49054.3,0.2829,24145.8,0.283,42530.8
1753547000900,16:23:20.900,1INCH/USDT:USDT,0.2828,10490.2,0.2827,49054.3,0.2829,24145.8,0.283,42530.8
1753547001050,16:23:21.050,1INCH/USDT:USDT,0.2828,10490.2,0.2827,49054.3,0.2829,24145.8,0.283,42530.8
1753547001201,16:23:21.201,1INCH/USDT:USDT,0.2828,10490.2,0.2827,49054.3,0.2829,24145.8,0.283,42530.8
1753547001351,16:23:21.351,1INCH/USDT:USDT,0.2828,10490.2,0.2827,49054.3,0.2829,24145.8,0.283,42530.8
1753547001501,16:23:21.501,1INCH/USDT:USDT,0.2828,4490.2,0.2827,49054.3,0.2829,31404.0,0.283,42530.8
1753547001651,16:23:21.651,1INCH/USDT:USDT,0.2828,4490.2,0.2827,49054.3,0.2829,31404.0,0.283,42530.8
1753547001801,16:23:21.801,1INCH/USDT:USDT,0.2828,4490.2,0.2827,49054.3,0.2829,31404.0,0.283,42530.8
1753547001951,16:23:21.951,1INCH/USDT:USDT,0.2828,4490.2,0.2827,49054.3,0.2829,31404.0,0.283,42530.8
1753547002101,16:23:22.101,1INCH/USDT:USDT,0.2828,4490.2,0.2827,49054.3,0.2829,31404.0,0.283,42530.8
1753547002251,16:23:22.251,1INCH/USDT:USDT,0.2828,4081.1,0.2827,49054.3,0.2829,31404.0,0.283,42530.8
1753547002401,16:23:22.401,1INCH/USDT:USDT,0.2828,4081.1,0.2827,49054.3,0.2829,31404.0,0.283,42530.8
1753547002551,16:23:22.551,1INCH/USDT:USDT,0.2828,4081.1,0.2827,49054.3,0.2829,31404.0,0.283,85696.1
1753547002701,16:23:22.701,1INCH/USDT:USDT,0.2828,4081.1,0.2827,49054.3,0.2829,31404.0,0.283,85696.1
1753547002851,16:23:22.851,1INCH/USDT:USDT,0.2828,4081.1,0.2827,49054.3,0.2829,31404.0,0.283,85696.1
1753547003002,16:23:23.002,1INCH/USDT:USDT,0.2828,4081.1,0.2827,49054.3,0.2829,31404.0,0.283,85696.1
1753547003152,16:23:23.152,1INCH/USDT:USDT,0.2828,4081.1,0.2827,49054.3,0.2829,31404.0,0.283,85696.1
1753547003302,16:23:23.302,1INCH/USDT:USDT,0.2828,4081.1,0.2827,49054.3,0.2829,31404.0,0.283,85696.1
1753547003452,16:23:23.452,1INCH/USDT:USDT,0.2828,10081.1,0.2827,49054.3,0.2829,31404.0,0.283,85696.1
1753547003602,16:23:23.602,1INCH/USDT:USDT,0.2828,11495.3,0.2827,49054.3,0.2829,23816.5,0.283,22118.3
1753547003752,16:23:23.752,1INCH/USDT:USDT,0.2828,11495.3,0.2827,49054.3,0.2829,23816.5,0.283,42528.2
1753547003902,16:23:23.902,1INCH/USDT:USDT,0.2828,10081.1,0.2827,49054.3,0.2829,23816.5,0.283,42528.2
1753547004052,16:23:24.052,1INCH/USDT:USDT,0.2828,10081.1,0.2827,49054.3,0.2829,23816.5,0.283,42528.2
1753547004202,16:23:24.202,1INCH/USDT:USDT,0.2828,10081.1,0.2827,49054.3,0.2829,23816.5,0.283,42528.2
1753547004652,16:23:24.652,1INCH/USDT:USDT,0.2828,10081.1,0.2827,49054.3,0.2829,23816.5,0.283,42528.2
1753547004803,16:23:24.803,1INCH/USDT:USDT,0.2828,10081.1,0.2827,49054.3,0.2829,23816.5,0.283,42528.2
1753547005103,16:23:25.103,1INCH/USDT:USDT,0.2828,5966.6,0.2827,49054.3,0.2829,31074.7,0.283,42528.2
1753547005253,16:23:25.253,1INCH/USDT:USDT,0.2828,5966.6,0.2827,49054.3,0.2829,31074.7,0.283,42528.2
1753547005403,16:23:25.403,1INCH/USDT:USDT,0.2828,5966.6,0.2827,49054.3,0.2829,23816.5,0.283,42528.2
1753547005553,16:23:25.553,1INCH/USDT:USDT,0.2828,5966.6,0.2827,49054.3,0.2829,31074.7,0.283,42528.2
1753547005703,16:23:25.703,1INCH/USDT:USDT,0.2828,5966.6,0.2827,49054.3,0.2829,31074.7,0.283,42528.2
1753547005853,16:23:25.853,1INCH/USDT:USDT,0.2828,5966.6,0.2827,49054.3,0.2829,31074.7,0.283,42528.2
1753547006003,16:23:26.003,1INCH/USDT:USDT,0.2828,5966.6,0.2827,49054.3,0.2829,31074.7,0.283,42528.2
1753547006153,16:23:26.153,1INCH/USDT:USDT,0.2828,5966.6,0.2827,49054.3,0.2829,31074.7,0.283,42528.2
1753547006303,16:23:26.303,1INCH/USDT:USDT,0.2828,5966.6,0.2827,49054.3,0.2829,31074.7,0.283,42528.2
1753547006454,16:23:26.454,1INCH/USDT:USDT,0.2828,5966.6,0.2827,49054.3,0.2829,31074.7,0.283,42528.2
1753547006604,16:23:26.604,1INCH/USDT:USDT,0.2828,5966.6,0.2827,49054.3,0.2829,31074.7,0.283,42528.2
1753547006754,16:23:26.754,1INCH/USDT:USDT,0.2828,5966.6,0.2827,49054.3,0.2829,31074.7,0.283,42528.2
1753547006904,16:23:26.904,1INCH/USDT:USDT,0.2828,5966.6,0.2827,49054.3,0.2829,31074.7,0.283,42528.2
1753547007054,16:23:27.054,1INCH/USDT:USDT,0.2828,5966.6,0.2827,49054.3,0.2829,31074.7,0.283,42528.2
1753547007204,16:23:27.204,1INCH/USDT:USDT,0.2828,5966.6,0.2827,49054.3,0.2829,31074.7,0.283,42528.2
1753547007354,16:23:27.354,1INCH/USDT:USDT,0.2828,5966.6,0.2827,49054.3,0.2829,31074.7,0.283,42528.2
1753547007504,16:23:27.504,1INCH/USDT:USDT,0.2828,5966.6,0.2827,49054.3,0.2829,31074.7,0.283,42528.2
1753547007654,16:23:27.654,1INCH/USDT:USDT,0.2828,5966.6,0.2827,49054.3,0.2829,23816.5,0.283,42528.2
1753547007804,16:23:27.804,1INCH/USDT:USDT,0.2828,5966.6,0.2827,49054.3,0.2829,23816.5,0.283,42528.2
1753547007954,16:23:27.954,1INCH/USDT:USDT,0.2828,5966.6,0.2827,43610.6,0.2829,23816.5,0.283,42528.2
1753547008255,16:23:28.255,1INCH/USDT:USDT,0.2828,5966.6,0.2827,49054.3,0.2829,23816.5,0.283,42528.2
1753547008405,16:23:28.405,1INCH/USDT:USDT,0.2828,5966.6,0.2827,49054.3,0.2829,23816.5,0.283,42528.2
1753547008555,16:23:28.555,1INCH/USDT:USDT,0.2828,5966.6,0.2827,49054.3,0.2829,23816.5,0.283,42528.2
1753547008705,16:23:28.705,1INCH/USDT:USDT,0.2828,5966.6,0.2827,49054.3,0.2829,23816.5,0.283,42528.2
1753547008855,16:23:28.855,1INCH/USDT:USDT,0.2828,5966.6,0.2827,49054.3,0.2829,23816.5,0.283,42528.2
1753547009155,16:23:29.155,1INCH/USDT:USDT,0.2828,5966.6,0.2827,49054.3,0.2829,23816.5,0.283,42528.2
1753547009305,16:23:29.305,1INCH/USDT:USDT,0.2828,1045.6,0.2827,49054.3,0.2829,31074.7,0.283,42528.2
1753547009455,16:23:29.455,1INCH/USDT:USDT,0.2828,1045.6,0.2827,49054.3,0.2829,31468.3,0.283,42528.2
1753547009605,16:23:29.605,1INCH/USDT:USDT,0.2827,33735.5,0.2826,65749.5,0.2829,36912.0,0.283,42528.2
1753547009755,16:23:29.755,1INCH/USDT:USDT,0.2827,27560.7,0.2826,75617.7,0.2828,6322.0,0.2829,42432.5
1753547009905,16:23:29.905,1INCH/USDT:USDT,0.2827,17883.0,0.2826,75617.7,0.2828,6322.0,0.2829,58539.0
1753547010055,16:23:30.055,1INCH/USDT:USDT,0.2827,15930.1,0.2826,75617.7,0.2828,6322.0,0.2829,58539.0
1753547010206,16:23:30.206,1INCH/USDT:USDT,0.2827,16268.7,0.2826,75617.7,0.2828,6000.0,0.2829,58539.0
1753547010356,16:23:30.356,1INCH/USDT:USDT,0.2827,16268.7,0.2826,75617.7,0.2828,6000.0,0.2829,58539.0
1753547010506,16:23:30.506,1INCH/USDT:USDT,0.2827,16268.7,0.2826,75617.7,0.2828,6000.0,0.2829,58539.0
1753547010656,16:23:30.656,1INCH/USDT:USDT,0.2827,16268.7,0.2826,75617.7,0.2828,6000.0,0.2829,58539.0
1753547010806,16:23:30.806,1INCH/USDT:USDT,0.2827,10268.7,0.2826,75617.7,0.2828,6322.0,0.2829,58539.0
1753547010956,16:23:30.956,1INCH/USDT:USDT,0.2827,10268.7,0.2826,75617.7,0.2828,6000.0,0.2829,58539.0
1753547011106,16:23:31.106,1INCH/USDT:USDT,0.2827,10268.7,0.2826,75617.7,0.2828,6000.0,0.2829,58539.0
1753547011256,16:23:31.256,1INCH/USDT:USDT,0.2827,16268.7,0.2826,75617.7,0.2828,6000.0,0.2829,58539.0
1753547011406,16:23:31.406,1INCH/USDT:USDT,0.2827,16268.7,0.2826,75617.7,0.2828,6000.0,0.2829,58539.0
1753547011556,16:23:31.556,1INCH/USDT:USDT,0.2827,16268.7,0.2826,75617.7,0.2829,58539.0,0.283,85691.6
1753547011706,16:23:31.706,1INCH/USDT:USDT,0.2827,16268.7,0.2826,75617.7,0.2828,322.0,0.2829,58539.0
1753547011857,16:23:31.857,1INCH/USDT:USDT,0.2827,16268.7,0.2826,75617.7,0.2828,322.0,0.2829,58539.0
1753547012007,16:23:32.007,1INCH/USDT:USDT,0.2827,16268.7,0.2826,75617.7,0.2828,322.0,0.2829,58539.0
1753547012157,16:23:32.157,1INCH/USDT:USDT,0.2827,16268.7,0.2826,75617.7,0.2828,322.0,0.2829,58539.0
1753547012307,16:23:32.307,1INCH/USDT:USDT,0.2827,16454.1,0.2826,75617.7,0.2828,322.0,0.2829,58539.0
1753547012457,16:23:32.457,1INCH/USDT:USDT,0.2827,16454.1,0.2826,75617.7,0.2828,322.0,0.2829,58539.0
1753547012607,16:23:32.607,1INCH/USDT:USDT,0.2827,16454.1,0.2826,75617.7,0.2828,322.0,0.2829,58539.0
1753547012757,16:23:32.757,1INCH/USDT:USDT,0.2827,16454.1,0.2826,73848.7,0.2828,322.0,0.2829,58539.0
1753547012907,16:23:32.907,1INCH/USDT:USDT,0.2827,16454.1,0.2826,73848.7,0.2828,322.0,0.2829,58539.0
1753547013057,16:23:33.057,1INCH/USDT:USDT,0.2827,16454.1,0.2826,73848.7,0.2828,322.0,0.2829,58539.0
1753547013207,16:23:33.207,1INCH/USDT:USDT,0.2827,16454.1,0.2826,73848.7,0.2828,6322.0,0.2829,58539.0
1753547013357,16:23:33.357,1INCH/USDT:USDT,0.2827,10454.1,0.2826,73848.7,0.2828,6322.0,0.2829,58539.0
1753547013507,16:23:33.507,1INCH/USDT:USDT,0.2827,10454.1,0.2826,73848.7,0.2828,6322.0,0.2829,58539.0
1753547013658,16:23:33.658,1INCH/USDT:USDT,0.2827,10454.1,0.2826,73848.7,0.2828,6322.0,0.2829,58539.0
1753547013808,16:23:33.808,1INCH/USDT:USDT,0.2827,10454.1,0.2826,73848.7,0.2828,6322.0,0.2829,58539.0
1753547013958,16:23:33.958,1INCH/USDT:USDT,0.2827,10454.1,0.2826,73848.7,0.2828,6322.0,0.2829,58539.0
1753547014108,16:23:34.108,1INCH/USDT:USDT,0.2827,10454.1,0.2826,73848.7,0.2828,6322.0,0.2829,58539.0
1753547014258,16:23:34.258,1INCH/USDT:USDT,0.2827,10454.1,0.2826,73848.7,0.2828,6322.0,0.2829,58539.0
1753547014408,16:23:34.408,1INCH/USDT:USDT,0.2827,10454.1,0.2826,73848.7,0.2828,6322.0,0.2829,58539.0
1753547014558,16:23:34.558,1INCH/USDT:USDT,0.2827,10454.1,0.2826,73848.7,0.2828,6322.0,0.2829,58539.0
1753547014708,16:23:34.708,1INCH/USDT:USDT,0.2827,10454.1,0.2826,73848.7,0.2828,6322.0,0.2829,58539.0
1753547014858,16:23:34.858,1INCH/USDT:USDT,0.2827,10454.1,0.2826,73848.7,0.2828,6322.0,0.2829,58539.0
1753547015008,16:23:35.008,1INCH/USDT:USDT,0.2827,10454.1,0.2826,73848.7,0.2828,6322.0,0.2829,58539.0
1753547015158,16:23:35.158,1INCH/USDT:USDT,0.2827,10454.1,0.2826,73848.7,0.2828,6322.0,0.2829,58539.0
1753547015308,16:23:35.308,1INCH/USDT:USDT,0.2827,10454.1,0.2826,73848.7,0.2828,6322.0,0.2829,58539.0
1753547015459,16:23:35.459,1INCH/USDT:USDT,0.2827,10454.1,0.2826,73848.7,0.2828,6322.0,0.2829,58539.0
1753547015609,16:23:35.609,1INCH/USDT:USDT,0.2827,10454.1,0.2826,73848.7,0.2828,6322.0,0.2829,58539.0
1753547015759,16:23:35.759,1INCH/USDT:USDT,0.2827,10454.1,0.2826,73848.7,0.2828,6322.0,0.2829,58539.0
1753547015909,16:23:35.909,1INCH/USDT:USDT,0.2827,10454.1,0.2826,73848.7,0.2828,6322.0,0.2829,58539.0
1753547016059,16:23:36.059,1INCH/USDT:USDT,0.2827,10454.1,0.2826,73848.7,0.2828,322.0,0.2829,58145.4
1753547016209,16:23:36.209,1INCH/USDT:USDT,0.2827,15454.1,0.2826,73848.7,0.2828,6322.0,0.2829,58145.4
1753547016359,16:23:36.359,1INCH/USDT:USDT,0.2827,15454.1,0.2826,73848.7,0.2828,6322.0,0.2829,58145.4
1753547016509,16:23:36.509,1INCH/USDT:USDT,0.2827,15454.1,0.2826,73848.7,0.2828,6322.0,0.2829,58145.4
1753547016659,16:23:36.659,1INCH/USDT:USDT,0.2827,15454.1,0.2826,73848.7,0.2828,6322.0,0.2829,58145.4
1753547016809,16:23:36.809,1INCH/USDT:USDT,0.2827,15454.1,0.2826,73848.7,0.2828,6322.0,0.2829,58145.4
1753547016959,16:23:36.959,1INCH/USDT:USDT,0.2827,15454.1,0.2826,73848.7,0.2828,6322.0,0.2829,58145.4
1753547017109,16:23:37.109,1INCH/USDT:USDT,0.2827,15454.1,0.2826,73848.7,0.2828,6322.0,0.2829,58145.4
1753547017260,16:23:37.260,1INCH/USDT:USDT,0.2827,10454.1,0.2826,73848.7,0.2828,6322.0,0.2829,58145.4
1753547017560,16:23:37.560,1INCH/USDT:USDT,0.2827,10454.1,0.2826,73848.7,0.2828,322.0,0.2829,58145.4
1753547017710,16:23:37.710,1INCH/USDT:USDT,0.2827,10454.1,0.2826,73848.7,0.2828,322.0,0.2829,58145.4
1753547017860,16:23:37.860,1INCH/USDT:USDT,0.2827,10454.1,0.2826,73848.7,0.2828,322.0,0.2829,58145.4
1753547018010,16:23:38.010,1INCH/USDT:USDT,0.2827,10454.1,0.2826,73848.7,0.2829,58145.4,0.283,22118.3
1753547018160,16:23:38.160,1INCH/USDT:USDT,0.2827,16454.1,0.2826,73848.7,0.2828,322.0,0.2829,58145.4
1753547018310,16:23:38.310,1INCH/USDT:USDT,0.2827,16454.1,0.2826,73848.7,0.2828,322.0,0.2829,58145.4
1753547018460,16:23:38.460,1INCH/USDT:USDT,0.2827,16454.1,0.2826,73848.7,0.2828,322.0,0.2829,58145.4
1753547018610,16:23:38.610,1INCH/USDT:USDT,0.2827,16454.1,0.2826,73848.7,0.2828,322.0,0.2829,58145.4
1753547018760,16:23:38.760,1INCH/USDT:USDT,0.2827,16454.1,0.2826,73848.7,0.2828,322.0,0.2829,58145.4
1753547018910,16:23:38.910,1INCH/USDT:USDT,0.2827,16454.1,0.2826,73848.7,0.2828,322.0,0.2829,58145.4
1753547019061,16:23:39.061,1INCH/USDT:USDT,0.2827,16454.1,0.2826,73848.7,0.2828,322.0,0.2829,58145.4
1753547019211,16:23:39.211,1INCH/USDT:USDT,0.2827,16454.1,0.2826,73848.7,0.2829,58145.4,0.283,22118.3
1753547019361,16:23:39.361,1INCH/USDT:USDT,0.2827,16454.1,0.2826,73848.7,0.2828,321.5,0.2829,58145.4
1753547019511,16:23:39.511,1INCH/USDT:USDT,0.2827,16454.1,0.2826,73848.7,0.2828,321.5,0.2829,58145.4
1753547019661,16:23:39.661,1INCH/USDT:USDT,0.2827,10454.1,0.2826,73848.7,0.2829,58539.0,0.283,22118.3
1753547019811,16:23:39.811,1INCH/USDT:USDT,0.2827,10454.1,0.2826,73848.7,0.2828,321.5,0.2829,58539.0
1753547019961,16:23:39.961,1INCH/USDT:USDT,0.2827,10454.1,0.2826,73848.7,0.2828,321.5,0.2829,58539.0
1753547020111,16:23:40.111,1INCH/USDT:USDT,0.2827,10454.1,0.2826,73848.7,0.2829,58145.4,0.283,22118.3
1753547020261,16:23:40.261,1INCH/USDT:USDT,0.2828,2916.6,0.2827,16454.1,0.2829,58145.4,0.283,22118.3
1753547020411,16:23:40.411,1INCH/USDT:USDT,0.2828,2916.6,0.2827,36199.9,0.2829,58145.4,0.283,22118.3
1753547020561,16:23:40.561,1INCH/USDT:USDT,0.2828,2916.6,0.2827,36199.9,0.2829,58145.4,0.283,22118.3
1753547020711,16:23:40.711,1INCH/USDT:USDT,0.2827,36199.9,0.2826,54112.6,0.2829,58145.4,0.283,22118.3
1753547020862,16:23:40.862,1INCH/USDT:USDT,0.2827,16454.1,0.2826,73854.7,0.2829,58145.4,0.283,22118.3
1753547021012,16:23:41.012,1INCH/USDT:USDT,0.2827,16454.1,0.2826,73854.7,0.2829,58145.4,0.283,22118.3
1753547021162,16:23:41.162,1INCH/USDT:USDT,0.2827,16454.1,0.2826,73854.7,0.2829,58539.0,0.283,22118.3
1753547021312,16:23:41.312,1INCH/USDT:USDT,0.2827,16454.1,0.2826,73854.7,0.2829,58539.0,0.283,22118.3
1753547021462,16:23:41.462,1INCH/USDT:USDT,0.2827,16454.1,0.2826,73854.7,0.2828,321.5,0.2829,58539.0
1753547021612,16:23:41.612,1INCH/USDT:USDT,0.2827,16454.1,0.2826,73854.7,0.2828,321.5,0.2829,58539.0
1753547021762,16:23:41.762,1INCH/USDT:USDT,0.2827,16454.1,0.2826,73854.7,0.2828,321.5,0.2829,58539.0
1753547021912,16:23:41.912,1INCH/USDT:USDT,0.2827,16454.1,0.2826,73854.7,0.2828,321.5,0.2829,58539.0
1753547022212,16:23:42.212,1INCH/USDT:USDT,0.2827,16454.1,0.2826,73854.7,0.2828,6321.5,0.2829,58539.0
1753547022362,16:23:42.362,1INCH/USDT:USDT,0.2827,16454.1,0.2826,73854.7,0.2828,321.5,0.2829,58145.4
1753547022513,16:23:42.513,1INCH/USDT:USDT,0.2827,16454.1,0.2826,73854.7,0.2829,58145.4,0.283,22118.3
1753547022663,16:23:42.663,1INCH/USDT:USDT,0.2827,16454.1,0.2826,73854.7,0.2829,58145.4,0.283,22118.3
1753547022813,16:23:42.813,1INCH/USDT:USDT,0.2827,16454.1,0.2826,73854.7,0.2829,58539.0,0.283,22118.3
1753547022963,16:23:42.963,1INCH/USDT:USDT,0.2827,16454.1,0.2826,73854.7,0.2829,58539.0,0.283,22118.3
1753547023113,16:23:43.113,1INCH/USDT:USDT,0.2827,16454.1,0.2826,73854.7,0.2829,58145.4,0.283,22118.3
1753547023413,16:23:43.413,1INCH/USDT:USDT,0.2827,16847.7,0.2826,73854.7,0.2829,58145.4,0.283,22118.3
1753547023563,16:23:43.563,1INCH/USDT:USDT,0.2827,16847.7,0.2826,73854.7,0.2829,58145.4,0.283,22118.3
1753547023713,16:23:43.713,1INCH/USDT:USDT,0.2827,16454.1,0.2826,73854.7,0.2829,58145.4,0.283,22118.3
1753547023863,16:23:43.863,1INCH/USDT:USDT,0.2827,16454.1,0.2826,73854.7,0.2828,321.5,0.2829,58539.0
1753547024013,16:23:44.013,1INCH/USDT:USDT,0.2827,16454.1,0.2826,73854.7,0.2828,6321.5,0.2829,58145.4
1753547024163,16:23:44.163,1INCH/USDT:USDT,0.2827,16454.1,0.2826,73854.7,0.2828,6321.5,0.2829,58145.4
1753547024313,16:23:44.313,1INCH/USDT:USDT,0.2827,16454.1,0.2826,73854.7,0.2828,6321.5,0.2829,58145.4
1753547024464,16:23:44.464,1INCH/USDT:USDT,0.2827,16454.1,0.2826,73854.7,0.2828,6321.5,0.2829,58145.4
1753547024614,16:23:44.614,1INCH/USDT:USDT,0.2827,10454.1,0.2826,73854.7,0.2828,6321.5,0.2829,58145.4
1753547024764,16:23:44.764,1INCH/USDT:USDT,0.2827,10454.1,0.2826,73854.7,0.2828,6321.5,0.2829,58145.4
1753547024914,16:23:44.914,1INCH/USDT:USDT,0.2827,3195.9,0.2826,73854.7,0.2828,6321.5,0.2829,58145.4
1753547025064,16:23:45.064,1INCH/USDT:USDT,0.2827,3195.9,0.2826,73854.7,0.2828,6321.5,0.2829,58145.4
1753547025214,16:23:45.214,1INCH/USDT:USDT,0.2827,3195.9,0.2826,73854.7,0.2828,6321.5,0.2829,58145.4
1753547025364,16:23:45.364,1INCH/USDT:USDT,0.2827,3195.9,0.2826,73854.7,0.2828,6321.5,0.2829,58145.4
1753547025514,16:23:45.514,1INCH/USDT:USDT,0.2827,3195.9,0.2826,73854.7,0.2828,6321.5,0.2829,58145.4
1753547025664,16:23:45.664,1INCH/USDT:USDT,0.2827,3195.9,0.2826,73854.7,0.2828,6321.5,0.2829,58145.4
1753547025964,16:23:45.964,1INCH/USDT:USDT,0.2827,3195.9,0.2826,73854.7,0.2828,321.5,0.2829,58145.4
1753547026114,16:23:46.114,1INCH/USDT:USDT,0.2827,9195.9,0.2826,73854.7,0.2829,58145.4,0.283,22118.3
1753547026265,16:23:46.265,1INCH/USDT:USDT,0.2827,9195.9,0.2826,73854.7,0.2828,6321.5,0.2829,58539.0
1753547026415,16:23:46.415,1INCH/USDT:USDT,0.2827,2866.6,0.2826,73854.7,0.2828,6321.5,0.2829,58539.0
1753547026565,16:23:46.565,1INCH/USDT:USDT,0.2827,2866.6,0.2826,55410.1,0.2828,6321.5,0.2829,58539.0
1753547026715,16:23:46.715,1INCH/USDT:USDT,0.2827,2866.6,0.2826,55410.1,0.2828,6321.5,0.2829,58539.0
1753547026865,16:23:46.865,1INCH/USDT:USDT,0.2827,2866.6,0.2826,55410.1,0.2828,6321.5,0.2829,58539.0
1753547027015,16:23:47.015,1INCH/USDT:USDT,0.2827,2866.6,0.2826,73798.8,0.2828,6321.5,0.2829,58539.0
1753547027165,16:23:47.165,1INCH/USDT:USDT,0.2827,3188.1,0.2826,73798.8,0.2828,6321.5,0.2829,58539.0
1753547027315,16:23:47.315,1INCH/USDT:USDT,0.2827,3188.1,0.2826,73798.8,0.2828,6321.5,0.2829,58539.0
1753547027465,16:23:47.465,1INCH/USDT:USDT,0.2827,3188.1,0.2826,73798.8,0.2828,6321.5,0.2829,58539.0
1753547027615,16:23:47.615,1INCH/USDT:USDT,0.2827,3188.1,0.2826,73798.8,0.2828,6321.5,0.2829,58539.0
1753547027765,16:23:47.765,1INCH/USDT:USDT,0.2827,3188.1,0.2826,73798.8,0.2828,6321.5,0.2829,58539.0
1753547027916,16:23:47.916,1INCH/USDT:USDT,0.2827,3188.1,0.2826,73798.8,0.2828,6321.5,0.2829,58539.0
1753547028066,16:23:48.066,1INCH/USDT:USDT,0.2827,3188.1,0.2826,73798.8,0.2828,6321.5,0.2829,58539.0
1753547028216,16:23:48.216,1INCH/USDT:USDT,0.2827,3188.1,0.2826,73798.8,0.2828,6321.5,0.2829,58539.0
1753547028366,16:23:48.366,1INCH/USDT:USDT,0.2827,3188.1,0.2826,73798.8,0.2828,6321.5,0.2829,58539.0
1753547028516,16:23:48.516,1INCH/USDT:USDT,0.2827,3188.1,0.2826,73798.8,0.2828,6321.5,0.2829,58539.0
1753547028666,16:23:48.666,1INCH/USDT:USDT,0.2827,3188.1,0.2826,73798.8,0.2828,6321.5,0.2829,58539.0
1753547028816,16:23:48.816,1INCH/USDT:USDT,0.2827,3188.1,0.2826,73798.8,0.2828,6321.5,0.2829,58539.0
1753547028966,16:23:48.966,1INCH/USDT:USDT,0.2827,2866.6,0.2826,73798.8,0.2828,6321.5,0.2829,58539.0
1753547029116,16:23:49.116,1INCH/USDT:USDT,0.2827,2131.4,0.2826,68355.1,0.2828,6321.5,0.2829,58145.4
1753547029266,16:23:49.266,1INCH/USDT:USDT,0.2827,2131.4,0.2826,68355.1,0.2828,6321.5,0.2829,58145.4
1753547029416,16:23:49.416,1INCH/USDT:USDT,0.2827,2131.4,0.2826,68355.1,0.2828,6321.5,0.2829,58145.4
1753547029566,16:23:49.566,1INCH/USDT:USDT,0.2827,2131.4,0.2826,68355.1,0.2828,6321.5,0.2829,58145.4
1753547029717,16:23:49.717,1INCH/USDT:USDT,0.2827,2131.4,0.2826,68355.1,0.2828,6715.1,0.2829,58145.4
1753547029867,16:23:49.867,1INCH/USDT:USDT,0.2827,2131.4,0.2826,68355.1,0.2828,6715.1,0.2829,58145.4
1753547030017,16:23:50.017,1INCH/USDT:USDT,0.2827,2131.4,0.2826,68355.1,0.2828,6715.1,0.2829,58145.4
1753547030167,16:23:50.167,1INCH/USDT:USDT,0.2827,2131.4,0.2826,68355.1,0.2828,6715.1,0.2829,58145.4
1753547030317,16:23:50.317,1INCH/USDT:USDT,0.2827,2131.4,0.2826,68355.1,0.2828,6321.5,0.2829,58145.4
1753547030467,16:23:50.467,1INCH/USDT:USDT,0.2827,2131.4,0.2826,68355.1,0.2828,6321.5,0.2829,58145.4
1753547030617,16:23:50.617,1INCH/USDT:USDT,0.2827,2131.4,0.2826,68355.1,0.2828,6321.5,0.2829,58145.4
1753547030767,16:23:50.767,1INCH/USDT:USDT,0.2827,2455.4,0.2826,68355.1,0.2828,6321.5,0.2829,58145.4
1753547030917,16:23:50.917,1INCH/USDT:USDT,0.2827,2455.4,0.2826,68355.1,0.2828,6321.5,0.2829,58145.4
1753547031067,16:23:51.067,1INCH/USDT:USDT,0.2827,8455.4,0.2826,68355.1,0.2828,6321.5,0.2829,58145.4
1753547031217,16:23:51.217,1INCH/USDT:USDT,0.2827,2455.4,0.2826,68355.1,0.2828,6321.5,0.2829,58145.4
1753547031367,16:23:51.367,1INCH/USDT:USDT,0.2827,2131.4,0.2826,68355.1,0.2828,6321.5,0.2829,58145.4
1753547031518,16:23:51.518,1INCH/USDT:USDT,0.2827,2131.4,0.2826,68355.1,0.2828,6321.5,0.2829,58145.4
1753547031668,16:23:51.668,1INCH/USDT:USDT,0.2827,2131.4,0.2826,68355.1,0.2828,6321.5,0.2829,58145.4
1753547031818,16:23:51.818,1INCH/USDT:USDT,0.2827,2131.4,0.2826,68355.1,0.2828,6321.5,0.2829,58145.4
1753547031968,16:23:51.968,1INCH/USDT:USDT,0.2827,2131.4,0.2826,68355.1,0.2828,6321.5,0.2829,58145.4
1753547032118,16:23:52.118,1INCH/USDT:USDT,0.2827,2455.4,0.2826,68355.1,0.2828,6321.5,0.2829,58145.4
1753547032268,16:23:52.268,1INCH/USDT:USDT,0.2827,2455.4,0.2826,68355.1,0.2828,6321.5,0.2829,58145.4
1753547032418,16:23:52.418,1INCH/USDT:USDT,0.2827,2455.4,0.2826,68355.1,0.2828,6321.5,0.2829,58145.4
1753547032568,16:23:52.568,1INCH/USDT:USDT,0.2827,2455.4,0.2826,68355.1,0.2828,6321.5,0.2829,58145.4
1753547032718,16:23:52.718,1INCH/USDT:USDT,0.2827,2455.4,0.2826,68355.1,0.2828,6321.5,0.2829,58145.4
1753547032868,16:23:52.868,1INCH/USDT:USDT,0.2827,2455.4,0.2826,68355.1,0.2828,6321.5,0.2829,58145.4
1753547033018,16:23:53.018,1INCH/USDT:USDT,0.2827,8455.4,0.2826,68355.1,0.2828,6321.5,0.2829,58145.4
1753547033168,16:23:53.168,1INCH/USDT:USDT,0.2827,8455.4,0.2826,68355.1,0.2828,6321.5,0.2829,58145.4
1753547033319,16:23:53.319,1INCH/USDT:USDT,0.2827,8455.4,0.2826,68355.1,0.2828,6321.5,0.2829,58145.4
1753547033469,16:23:53.469,1INCH/USDT:USDT,0.2827,8455.4,0.2826,68355.1,0.2828,6321.5,0.2829,58145.4
1753547033619,16:23:53.619,1INCH/USDT:USDT,0.2827,2131.4,0.2826,68355.1,0.2828,6321.5,0.2829,58145.4
1753547033769,16:23:53.769,1INCH/USDT:USDT,0.2827,2131.4,0.2826,68355.1,0.2828,6321.5,0.2829,58145.4
1753547033919,16:23:53.919,1INCH/USDT:USDT,0.2827,2131.4,0.2826,68355.1,0.2828,6321.5,0.2829,58145.4
1753547034069,16:23:54.069,1INCH/USDT:USDT,0.2827,2131.4,0.2826,68355.1,0.2828,6321.5,0.2829,58145.4
1753547034219,16:23:54.219,1INCH/USDT:USDT,0.2827,2131.4,0.2826,68355.1,0.2828,6321.5,0.2829,58145.4
1753547034369,16:23:54.369,1INCH/USDT:USDT,0.2827,2131.4,0.2826,68355.1,0.2828,6321.5,0.2829,58145.4
1753547034519,16:23:54.519,1INCH/USDT:USDT,0.2827,2455.4,0.2826,68355.1,0.2828,6321.5,0.2829,58145.4
1753547034669,16:23:54.669,1INCH/USDT:USDT,0.2827,2455.4,0.2826,68355.1,0.2828,6321.5,0.2829,58145.4
1753547034819,16:23:54.819,1INCH/USDT:USDT,0.2827,2455.4,0.2826,68355.1,0.2828,6321.5,0.2829,58145.4
1753547035120,16:23:55.120,1INCH/USDT:USDT,0.2827,2455.4,0.2826,68355.1,0.2828,6321.5,0.2829,58145.4
1753547035270,16:23:55.270,1INCH/USDT:USDT,0.2827,2131.4,0.2826,68355.1,0.2828,6321.5,0.2829,58145.4
1753547035420,16:23:55.420,1INCH/USDT:USDT,0.2827,2131.4,0.2826,68355.1,0.2828,6321.5,0.2829,58145.4
1753547035570,16:23:55.570,1INCH/USDT:USDT,0.2827,2131.4,0.2826,68355.1,0.2828,6321.5,0.2829,58145.4
1753547035720,16:23:55.720,1INCH/USDT:USDT,0.2827,2131.4,0.2826,68355.1,0.2828,6321.5,0.2829,58145.4
1753547035870,16:23:55.870,1INCH/USDT:USDT,0.2827,2131.4,0.2826,68355.1,0.2828,6321.5,0.2829,58145.4
1753547036020,16:23:56.020,1INCH/USDT:USDT,0.2827,2131.4,0.2826,68355.1,0.2828,6321.5,0.2829,58145.4
1753547036170,16:23:56.170,1INCH/USDT:USDT,0.2827,2131.4,0.2826,68355.1,0.2828,6321.5,0.2829,58145.4
1753547036320,16:23:56.320,1INCH/USDT:USDT,0.2827,2131.4,0.2826,68355.1,0.2828,6321.5,0.2829,58145.4
1753547036470,16:23:56.470,1INCH/USDT:USDT,0.2827,2131.4,0.2826,68355.1,0.2828,6321.5,0.2829,58145.4
1753547036620,16:23:56.620,1INCH/USDT:USDT,0.2827,2131.4,0.2826,68355.1,0.2828,6321.5,0.2829,58145.4
1753547036770,16:23:56.770,1INCH/USDT:USDT,0.2827,2131.4,0.2826,68355.1,0.2828,6321.5,0.2829,58145.4
1753547036921,16:23:56.921,1INCH/USDT:USDT,0.2827,2131.4,0.2826,68355.1,0.2828,6321.5,0.2829,58145.4
1753547037071,16:23:57.071,1INCH/USDT:USDT,0.2827,2131.4,0.2826,68355.1,0.2828,6321.5,0.2829,58145.4
1753547037221,16:23:57.221,1INCH/USDT:USDT,0.2827,2131.4,0.2826,68355.1,0.2828,6321.5,0.2829,58145.4
1753547037371,16:23:57.371,1INCH/USDT:USDT,0.2827,2131.4,0.2826,68355.1,0.2828,6321.5,0.2829,58145.4
1753547037521,16:23:57.521,1INCH/USDT:USDT,0.2827,2131.4,0.2826,68355.1,0.2828,6321.5,0.2829,58145.4
1753547037671,16:23:57.671,1INCH/USDT:USDT,0.2827,2131.4,0.2826,68355.1,0.2828,6321.5,0.2829,58145.4
1753547037821,16:23:57.821,1INCH/USDT:USDT,0.2827,2131.4,0.2826,68355.1,0.2828,6321.5,0.2829,58145.4
1753547037971,16:23:57.971,1INCH/USDT:USDT,0.2827,2131.4,0.2826,68355.1,0.2828,6321.5,0.2829,58145.4
1753547038121,16:23:58.121,1INCH/USDT:USDT,0.2827,2131.4,0.2826,68355.1,0.2828,6321.5,0.2829,58145.4
1753547038271,16:23:58.271,1INCH/USDT:USDT,0.2827,2455.4,0.2826,68355.1,0.2828,6321.5,0.2829,58145.4
1753547038421,16:23:58.421,1INCH/USDT:USDT,0.2827,2455.4,0.2826,68355.1,0.2828,6321.5,0.2829,58145.4
1753547038571,16:23:58.571,1INCH/USDT:USDT,0.2827,2455.4,0.2826,68355.1,0.2828,6321.5,0.2829,58145.4
1753547038722,16:23:58.722,1INCH/USDT:USDT,0.2827,2455.4,0.2826,68355.1,0.2828,6321.5,0.2829,58145.4
1753547038872,16:23:58.872,1INCH/USDT:USDT,0.2827,2455.4,0.2826,68355.1,0.2828,6321.5,0.2829,58145.4
1753547039022,16:23:59.022,1INCH/USDT:USDT,0.2827,2455.4,0.2826,68355.1,0.2828,6321.5,0.2829,58145.4
1753547039172,16:23:59.172,1INCH/USDT:USDT,0.2827,2455.4,0.2826,68355.1,0.2828,6321.5,0.2829,58145.4
1753547039322,16:23:59.322,1INCH/USDT:USDT,0.2827,2455.4,0.2826,68355.1,0.2828,6321.5,0.2829,58145.4
1753547039472,16:23:59.472,1INCH/USDT:USDT,0.2827,2455.4,0.2826,68355.1,0.2828,6321.5,0.2829,58145.4
1753547039622,16:23:59.622,1INCH/USDT:USDT,0.2827,2455.4,0.2826,68355.1,0.2828,6321.5,0.2829,58145.4
1753547039772,16:23:59.772,1INCH/USDT:USDT,0.2827,2455.4,0.2826,68355.1,0.2828,6321.5,0.2829,58145.4
1753547039922,16:23:59.922,1INCH/USDT:USDT,0.2827,2455.4,0.2826,68355.1,0.2828,6321.5,0.2829,58145.4
1753547040072,16:24:00.072,1INCH/USDT:USDT,0.2827,2455.4,0.2826,68355.1,0.2828,6321.5,0.2829,58145.4
1753547040222,16:24:00.222,1INCH/USDT:USDT,0.2827,2455.4,0.2826,68355.1,0.2828,6321.5,0.2829,58145.4
1753547040373,16:24:00.373,1INCH/USDT:USDT,0.2827,2455.4,0.2826,68355.1,0.2828,6321.5,0.2829,58145.4
1753547040523,16:24:00.523,1INCH/USDT:USDT,0.2827,2455.4,0.2826,68355.1,0.2828,6321.5,0.2829,58145.4
1753547040673,16:24:00.673,1INCH/USDT:USDT,0.2827,2455.4,0.2826,68355.1,0.2828,6321.5,0.2829,58145.4
1753547040823,16:24:00.823,1INCH/USDT:USDT,0.2827,2455.4,0.2826,68355.1,0.2828,6321.5,0.2829,58145.4
1753547040973,16:24:00.973,1INCH/USDT:USDT,0.2827,2455.4,0.2826,68355.1,0.2828,6321.5,0.2829,58145.4
1753547041123,16:24:01.123,1INCH/USDT:USDT,0.2827,2455.4,0.2826,68355.1,0.2828,6321.5,0.2829,58145.4
1753547041423,16:24:01.423,1INCH/USDT:USDT,0.2827,2455.4,0.2826,68355.1,0.2828,6321.5,0.2829,58145.4
1753547041573,16:24:01.573,1INCH/USDT:USDT,0.2827,7455.4,0.2826,68355.1,0.2828,6321.5,0.2829,58145.4
1753547041723,16:24:01.723,1INCH/USDT:USDT,0.2827,7455.4,0.2826,68355.1,0.2828,6321.5,0.2829,58145.4
1753547041873,16:24:01.873,1INCH/USDT:USDT,0.2827,7455.4,0.2826,68355.1,0.2828,6321.5,0.2829,58145.4
1753547042023,16:24:02.023,1INCH/USDT:USDT,0.2827,2455.4,0.2826,68355.1,0.2828,6321.5,0.2829,58145.4
1753547042174,16:24:02.174,1INCH/USDT:USDT,0.2827,2455.4,0.2826,68355.1,0.2828,6321.5,0.2829,58145.4
1753547042324,16:24:02.324,1INCH/USDT:USDT,0.2827,2455.4,0.2826,68355.1,0.2828,6321.5,0.2829,58145.4
1753547042474,16:24:02.474,1INCH/USDT:USDT,0.2827,2455.4,0.2826,68355.1,0.2828,6321.5,0.2829,58145.4
1753547042624,16:24:02.624,1INCH/USDT:USDT,0.2827,2455.4,0.2826,68355.1,0.2828,6321.5,0.2829,58145.4
1753547042774,16:24:02.774,1INCH/USDT:USDT,0.2827,2131.4,0.2826,68355.1,0.2828,6321.5,0.2829,58145.4
1753547042924,16:24:02.924,1INCH/USDT:USDT,0.2827,2131.4,0.2826,68355.1,0.2828,6321.5,0.2829,58145.4
1753547043074,16:24:03.074,1INCH/USDT:USDT,0.2827,2459.6,0.2826,68355.1,0.2828,6321.5,0.2829,58145.4
1753547043224,16:24:03.224,1INCH/USDT:USDT,0.2827,2459.6,0.2826,68355.1,0.2828,6321.5,0.2829,58145.4
1753547043374,16:24:03.374,1INCH/USDT:USDT,0.2827,2459.6,0.2826,68355.1,0.2828,6321.5,0.2829,58145.4
1753547043524,16:24:03.524,1INCH/USDT:USDT,0.2827,2459.6,0.2826,68355.1,0.2828,6321.5,0.2829,58145.4
1753547043674,16:24:03.674,1INCH/USDT:USDT,0.2827,2459.6,0.2826,68355.1,0.2828,6321.5,0.2829,58145.4
1753547043824,16:24:03.824,1INCH/USDT:USDT,0.2827,7459.6,0.2826,68355.1,0.2828,6321.5,0.2829,58145.4
1753547043975,16:24:03.975,1INCH/USDT:USDT,0.2827,7459.6,0.2826,68355.1,0.2828,6321.5,0.2829,58145.4
1753547044125,16:24:04.125,1INCH/USDT:USDT,0.2827,7459.6,0.2826,68355.1,0.2828,6321.5,0.2829,58145.4
1753547044275,16:24:04.275,1INCH/USDT:USDT,0.2827,7459.6,0.2826,68355.1,0.2828,321.5,0.2829,58145.4
1753547044425,16:24:04.425,1INCH/USDT:USDT,0.2827,7459.6,0.2826,68355.1,0.2828,321.5,0.2829,58145.4
1753547044575,16:24:04.575,1INCH/USDT:USDT,0.2827,7459.6,0.2826,68355.1,0.2828,321.5,0.2829,58145.4
1753547044725,16:24:04.725,1INCH/USDT:USDT,0.2827,7459.6,0.2826,68355.1,0.2828,321.5,0.2829,58145.4
1753547045025,16:24:05.025,1INCH/USDT:USDT,0.2827,16111.4,0.2826,73798.8,0.2828,80.3,0.2829,58145.4
1753547045175,16:24:05.175,1INCH/USDT:USDT,0.2827,16111.4,0.2826,73798.8,0.2828,80.3,0.2829,58145.4
1753547045325,16:24:05.325,1INCH/USDT:USDT,0.2827,16111.4,0.2826,73798.8,0.2828,80.3,0.2829,58145.4
1753547045475,16:24:05.475,1INCH/USDT:USDT,0.2827,16111.4,0.2826,73798.8,0.2828,80.3,0.2829,58145.4
1753547045625,16:24:05.625,1INCH/USDT:USDT,0.2827,16111.4,0.2826,73798.8,0.2828,80.3,0.2829,58145.4
1753547045776,16:24:05.776,1INCH/USDT:USDT,0.2827,16111.4,0.2826,73798.8,0.2828,80.3,0.2829,58145.4
1753547045926,16:24:05.926,1INCH/USDT:USDT,0.2827,16111.4,0.2826,73798.8,0.2828,80.3,0.2829,58145.4
1753547046076,16:24:06.076,1INCH/USDT:USDT,0.2827,16111.4,0.2826,73798.8,0.2828,80.3,0.2829,58145.4
1753547046226,16:24:06.226,1INCH/USDT:USDT,0.2827,16111.4,0.2826,73798.8,0.2828,80.3,0.2829,58145.4
1753547046376,16:24:06.376,1INCH/USDT:USDT,0.2827,16111.4,0.2826,73798.8,0.2828,80.3,0.2829,58145.4
1753547046526,16:24:06.526,1INCH/USDT:USDT,0.2827,16111.4,0.2826,73798.8,0.2828,80.3,0.2829,58145.4
1753547046676,16:24:06.676,1INCH/USDT:USDT,0.2827,16111.4,0.2826,73798.8,0.2828,80.3,0.2829,58145.4
1753547046826,16:24:06.826,1INCH/USDT:USDT,0.2827,16111.4,0.2826,73798.8,0.2828,80.3,0.2829,58145.4
1753547046976,16:24:06.976,1INCH/USDT:USDT,0.2827,16111.4,0.2826,73798.8,0.2828,80.3,0.2829,58145.4
1753547047126,16:24:07.126,1INCH/USDT:USDT,0.2827,16111.4,0.2826,73798.8,0.2828,80.3,0.2829,58145.4
1753547047276,16:24:07.276,1INCH/USDT:USDT,0.2827,16111.4,0.2826,73798.8,0.2828,80.3,0.2829,58145.4
1753547047426,16:24:07.426,1INCH/USDT:USDT,0.2827,16111.4,0.2826,73798.8,0.2828,80.3,0.2829,58145.4
1753547047577,16:24:07.577,1INCH/USDT:USDT,0.2827,16111.4,0.2826,73798.8,0.2828,80.3,0.2829,58145.4
1753547047727,16:24:07.727,1INCH/USDT:USDT,0.2827,16111.4,0.2826,73798.8,0.2828,80.3,0.2829,58145.4
1753547047877,16:24:07.877,1INCH/USDT:USDT,0.2827,16111.4,0.2826,73798.8,0.2828,80.3,0.2829,58145.4
1753547048027,16:24:08.027,1INCH/USDT:USDT,0.2827,16111.4,0.2826,73798.8,0.2828,80.3,0.2829,58145.4
1753547048177,16:24:08.177,1INCH/USDT:USDT,0.2827,16111.4,0.2826,73798.8,0.2828,80.3,0.2829,58145.4
1753547048327,16:24:08.327,1INCH/USDT:USDT,0.2827,16111.4,0.2826,73798.8,0.2828,80.3,0.2829,50887.2
1753547048477,16:24:08.477,1INCH/USDT:USDT,0.2827,21555.1,0.2826,73798.8,0.2828,80.3,0.2829,45443.5
1753547048627,16:24:08.627,1INCH/USDT:USDT,0.2827,16111.4,0.2826,73798.8,0.2828,80.3,0.2829,45443.5
1753547048777,16:24:08.777,1INCH/USDT:USDT,0.2827,16111.4,0.2826,73798.8,0.2828,80.3,0.2829,45443.5
1753547048927,16:24:08.927,1INCH/USDT:USDT,0.2827,16111.4,0.2826,73798.8,0.2828,80.3,0.2829,45443.5
1753547049077,16:24:09.077,1INCH/USDT:USDT,0.2827,16111.4,0.2826,73798.8,0.2828,80.3,0.2829,45443.5
1753547049227,16:24:09.227,1INCH/USDT:USDT,0.2827,16111.4,0.2826,73798.8,0.2828,80.3,0.2829,45443.5
1753547049377,16:24:09.377,1INCH/USDT:USDT,0.2827,16111.4,0.2826,73798.8,0.2828,80.3,0.2829,45443.5
1753547049528,16:24:09.528,1INCH/USDT:USDT,0.2827,16111.4,0.2826,73798.8,0.2828,80.3,0.2829,45443.5
1753547049678,16:24:09.678,1INCH/USDT:USDT,0.2827,16111.4,0.2826,73798.8,0.2828,80.3,0.2829,45443.5
1753547049828,16:24:09.828,1INCH/USDT:USDT,0.2827,16111.4,0.2826,73798.8,0.2828,80.3,0.2829,45443.5
1753547049978,16:24:09.978,1INCH/USDT:USDT,0.2827,16111.4,0.2826,73798.8,0.2828,80.3,0.2829,45443.5
1753547050128,16:24:10.128,1INCH/USDT:USDT,0.2827,16111.4,0.2826,73798.8,0.2828,80.3,0.2829,45443.5
1753547050278,16:24:10.278,1INCH/USDT:USDT,0.2827,16111.4,0.2826,73798.8,0.2828,80.3,0.2829,45443.5
1753547050428,16:24:10.428,1INCH/USDT:USDT,0.2827,16111.4,0.2826,73798.8,0.2828,80.3,0.2829,45443.5
1753547050578,16:24:10.578,1INCH/USDT:USDT,0.2827,16111.4,0.2826,73798.8,0.2828,80.3,0.2829,45443.5
1753547050728,16:24:10.728,1INCH/USDT:USDT,0.2827,16111.4,0.2826,73798.8,0.2828,80.3,0.2829,45443.5
1753547050878,16:24:10.878,1INCH/USDT:USDT,0.2827,16111.4,0.2826,73798.8,0.2828,80.3,0.2829,45443.5
1753547051028,16:24:11.028,1INCH/USDT:USDT,0.2827,16111.4,0.2826,73798.8,0.2828,80.3,0.2829,45443.5
1753547051178,16:24:11.178,1INCH/USDT:USDT,0.2827,16111.4,0.2826,73798.8,0.2828,80.3,0.2829,45443.5
1753547051329,16:24:11.329,1INCH/USDT:USDT,0.2827,16111.4,0.2826,73798.8,0.2828,80.3,0.2829,45443.5
1753547051479,16:24:11.479,1INCH/USDT:USDT,0.2827,16111.4,0.2826,73798.8,0.2828,80.3,0.2829,45443.5
1753547051629,16:24:11.629,1INCH/USDT:USDT,0.2827,16111.4,0.2826,73798.8,0.2828,80.3,0.2829,45443.5
1753547051779,16:24:11.779,1INCH/USDT:USDT,0.2827,16111.4,0.2826,73798.8,0.2828,80.3,0.2829,45443.5
1753547051929,16:24:11.929,1INCH/USDT:USDT,0.2827,16111.4,0.2826,73798.8,0.2828,80.3,0.2829,45443.5
1753547052079,16:24:12.079,1INCH/USDT:USDT,0.2827,16111.4,0.2826,73798.8,0.2828,80.3,0.2829,45443.5
1753547052229,16:24:12.229,1INCH/USDT:USDT,0.2827,16111.4,0.2826,73798.8,0.2828,80.3,0.2829,45443.5
1753547052379,16:24:12.379,1INCH/USDT:USDT,0.2827,16111.4,0.2826,73798.8,0.2828,80.3,0.2829,45443.5
1753547052529,16:24:12.529,1INCH/USDT:USDT,0.2827,16111.4,0.2826,73798.8,0.2828,80.3,0.2829,23816.5
1753547052679,16:24:12.679,1INCH/USDT:USDT,0.2827,16111.4,0.2826,73798.8,0.2828,80.3,0.2829,29260.2
1753547052829,16:24:12.829,1INCH/USDT:USDT,0.2827,16111.4,0.2826,73798.8,0.2828,80.3,0.2829,29260.2
1753547052979,16:24:12.979,1INCH/USDT:USDT,0.2827,16111.4,0.2826,73798.8,0.2828,80.3,0.2829,29260.2
1753547053130,16:24:13.130,1INCH/USDT:USDT,0.2827,16111.4,0.2826,73798.8,0.2828,80.3,0.2829,29260.2
1753547053280,16:24:13.280,1INCH/USDT:USDT,0.2827,16111.4,0.2826,73798.8,0.2828,80.3,0.2829,29260.2
1753547053430,16:24:13.430,1INCH/USDT:USDT,0.2827,16111.4,0.2826,73798.8,0.2828,80.3,0.2829,29260.2
1753547053580,16:24:13.580,1INCH/USDT:USDT,0.2827,16111.4,0.2826,73798.8,0.2828,80.3,0.2829,29260.2
1753547053730,16:24:13.730,1INCH/USDT:USDT,0.2827,16111.4,0.2826,73798.8,0.2828,80.3,0.2829,29260.2
1753547053880,16:24:13.880,1INCH/USDT:USDT,0.2827,16111.4,0.2826,73798.8,0.2828,80.3,0.2829,29260.2
1753547054030,16:24:14.030,1INCH/USDT:USDT,0.2827,16111.4,0.2826,73798.8,0.2828,80.3,0.2829,29260.2
1753547054180,16:24:14.180,1INCH/USDT:USDT,0.2827,16111.4,0.2826,73798.8,0.2828,80.3,0.2829,29260.2
1753547054330,16:24:14.330,1INCH/USDT:USDT,0.2827,16111.4,0.2826,73798.8,0.2828,80.3,0.2829,29260.2
1753547054480,16:24:14.480,1INCH/USDT:USDT,0.2827,16111.4,0.2826,73798.8,0.2828,80.3,0.2829,29260.2
1753547054630,16:24:14.630,1INCH/USDT:USDT,0.2827,16111.4,0.2826,73798.8,0.2828,80.3,0.2829,29260.2
1753547054780,16:24:14.780,1INCH/USDT:USDT,0.2827,16111.4,0.2826,73798.8,0.2828,80.3,0.2829,29260.2
1753547054931,16:24:14.931,1INCH/USDT:USDT,0.2827,16111.4,0.2826,73798.8,0.2828,80.3,0.2829,29260.2
1753547055081,16:24:15.081,1INCH/USDT:USDT,0.2827,15717.8,0.2826,74192.4,0.2828,80.3,0.2829,29582.1
1753547055231,16:24:15.231,1INCH/USDT:USDT,0.2827,15717.8,0.2826,74192.4,0.2828,80.3,0.2829,29582.1
1753547055531,16:24:15.531,1INCH/USDT:USDT,0.2827,15717.8,0.2826,74192.4,0.2828,80.3,0.2829,29582.1
1753547055681,16:24:15.681,1INCH/USDT:USDT,0.2827,15717.8,0.2826,74192.4,0.2828,80.3,0.2829,29582.1
1753547055831,16:24:15.831,1INCH/USDT:USDT,0.2827,15717.8,0.2826,74192.4,0.2828,6080.3,0.2829,29582.1
1753547055981,16:24:15.981,1INCH/USDT:USDT,0.2827,15717.8,0.2826,74192.4,0.2828,80.3,0.2829,29582.1
1753547056131,16:24:16.131,1INCH/USDT:USDT,0.2827,15717.8,0.2826,74192.4,0.2828,80.3,0.2829,29582.1
1753547056281,16:24:16.281,1INCH/USDT:USDT,0.2827,15717.8,0.2826,74192.4,0.2828,80.3,0.2829,29582.1
1753547056431,16:24:16.431,1INCH/USDT:USDT,0.2827,15717.8,0.2826,74192.4,0.2828,80.3,0.2829,29582.1
1753547056581,16:24:16.581,1INCH/USDT:USDT,0.2827,15717.8,0.2826,74192.4,0.2828,80.3,0.2829,29582.1
1753547056732,16:24:16.732,1INCH/USDT:USDT,0.2827,15717.8,0.2826,74192.4,0.2828,80.3,0.2829,29582.1
1753547056882,16:24:16.882,1INCH/USDT:USDT,0.2827,15717.8,0.2826,74192.4,0.2828,80.3,0.2829,29582.1
1753547057032,16:24:17.032,1INCH/USDT:USDT,0.2827,15717.8,0.2826,74192.4,0.2828,80.3,0.2829,29582.1
1753547057182,16:24:17.182,1INCH/USDT:USDT,0.2827,15717.8,0.2826,74192.4,0.2828,80.3,0.2829,29582.1
1753547057332,16:24:17.332,1INCH/USDT:USDT,0.2827,15717.8,0.2826,74192.4,0.2828,80.3,0.2829,29582.1
1753547057482,16:24:17.482,1INCH/USDT:USDT,0.2827,15717.8,0.2826,74192.4,0.2828,80.3,0.2829,29582.1
1753547057632,16:24:17.632,1INCH/USDT:USDT,0.2827,15717.8,0.2826,74192.4,0.2828,80.3,0.2829,29582.1
1753547057782,16:24:17.782,1INCH/USDT:USDT,0.2827,15717.8,0.2826,74192.4,0.2828,80.3,0.2829,29582.1
1753547057932,16:24:17.932,1INCH/USDT:USDT,0.2827,15717.8,0.2826,74192.4,0.2828,80.3,0.2829,29582.1
1753547058082,16:24:18.082,1INCH/USDT:USDT,0.2827,15717.8,0.2826,74192.4,0.2828,80.3,0.2829,29582.1
1753547058232,16:24:18.232,1INCH/USDT:USDT,0.2827,15717.8,0.2826,74192.4,0.2828,80.3,0.2829,29582.1
1753547058382,16:24:18.382,1INCH/USDT:USDT,0.2827,15717.8,0.2826,74192.4,0.2829,29582.1,0.283,22118.3
1753547058533,16:24:18.533,1INCH/USDT:USDT,0.2828,1454.7,0.2827,15717.8,0.2829,29582.1,0.283,22118.3
1753547058683,16:24:18.683,1INCH/USDT:USDT,0.2828,1781.5,0.2827,35455.0,0.2829,29582.1,0.283,22118.3
1753547058833,16:24:18.833,1INCH/USDT:USDT,0.2828,1781.5,0.2827,35455.0,0.2829,29582.1,0.283,22118.3
1753547058983,16:24:18.983,1INCH/USDT:USDT,0.2828,1781.5,0.2827,35455.0,0.2829,29582.1,0.283,22118.3
1753547059133,16:24:19.133,1INCH/USDT:USDT,0.2828,1781.5,0.2827,35455.0,0.2829,29582.1,0.283,22118.3
1753547059283,16:24:19.283,1INCH/USDT:USDT,0.2828,1781.5,0.2827,35455.0,0.2829,29582.1,0.283,22118.3
1753547059433,16:24:19.433,1INCH/USDT:USDT,0.2828,1781.5,0.2827,40898.7,0.2829,23816.5,0.283,22118.3
1753547059583,16:24:19.583,1INCH/USDT:USDT,0.2828,1781.5,0.2827,40898.7,0.2829,23816.5,0.283,22118.3
1753547059733,16:24:19.733,1INCH/USDT:USDT,0.2828,1781.5,0.2827,40898.7,0.2829,23816.5,0.283,22118.3
1753547059883,16:24:19.883,1INCH/USDT:USDT,0.2828,1781.5,0.2827,40898.7,0.2829,23816.5,0.283,22118.3
1753547060033,16:24:20.033,1INCH/USDT:USDT,0.2828,1454.7,0.2827,40898.7,0.2829,23816.5,0.283,22118.3
1753547060183,16:24:20.183,1INCH/USDT:USDT,0.2828,1454.7,0.2827,40898.7,0.2829,23816.5,0.283,22118.3
1753547060333,16:24:20.333,1INCH/USDT:USDT,0.2828,1454.7,0.2827,40898.7,0.2829,23816.5,0.283,22118.3
1753547060484,16:24:20.484,1INCH/USDT:USDT,0.2828,1781.5,0.2827,40898.7,0.2829,23816.5,0.283,22118.3
1753547060634,16:24:20.634,1INCH/USDT:USDT,0.2828,1781.5,0.2827,40898.7,0.2829,23816.5,0.283,22118.3
1753547060784,16:24:20.784,1INCH/USDT:USDT,0.2828,1781.5,0.2827,40898.7,0.2829,23816.5,0.283,22118.3
1753547060934,16:24:20.934,1INCH/USDT:USDT,0.2828,1781.5,0.2827,40898.7,0.2829,23816.5,0.283,22118.3
1753547061084,16:24:21.084,1INCH/USDT:USDT,0.2828,1781.5,0.2827,40898.7,0.2829,23816.5,0.283,22118.3
1753547061234,16:24:21.234,1INCH/USDT:USDT,0.2828,1781.5,0.2827,40898.7,0.2829,23816.5,0.283,22118.3
1753547061384,16:24:21.384,1INCH/USDT:USDT,0.2828,1781.5,0.2827,40898.7,0.2829,23816.5,0.283,22118.3
1753547061534,16:24:21.534,1INCH/USDT:USDT,0.2828,1781.5,0.2827,40898.7,0.2829,23816.5,0.283,22118.3
1753547061684,16:24:21.684,1INCH/USDT:USDT,0.2828,1781.5,0.2827,40898.7,0.2829,23816.5,0.283,22118.3
1753547061834,16:24:21.834,1INCH/USDT:USDT,0.2828,1781.5,0.2827,40898.7,0.2829,23816.5,0.283,22118.3
1753547061984,16:24:21.984,1INCH/USDT:USDT,0.2827,40898.7,0.2826,54450.3,0.2829,24210.1,0.283,22118.3
1753547062135,16:24:22.135,1INCH/USDT:USDT,0.2827,21161.5,0.2826,74179.8,0.2829,23816.5,0.283,22118.3
1753547062285,16:24:22.285,1INCH/USDT:USDT,0.2827,21161.5,0.2826,74179.8,0.2829,23816.5,0.283,22118.3
1753547062435,16:24:22.435,1INCH/USDT:USDT,0.2827,21161.5,0.2826,74179.8,0.2829,23816.5,0.283,22118.3
1753547062585,16:24:22.585,1INCH/USDT:USDT,0.2827,15717.8,0.2826,74179.8,0.2829,24210.1,0.283,22118.3
1753547062735,16:24:22.735,1INCH/USDT:USDT,0.2827,15717.8,0.2826,74179.8,0.2829,30210.1,0.283,22118.3
1753547063035,16:24:23.035,1INCH/USDT:USDT,0.2827,15717.8,0.2826,74179.8,0.2829,30210.1,0.283,22118.3
1753547063185,16:24:23.185,1INCH/USDT:USDT,0.2828,326.8,0.2827,15717.8,0.2829,30210.1,0.283,22118.3
1753547063335,16:24:23.335,1INCH/USDT:USDT,0.2827,25585.9,0.2826,73786.2,0.2829,30210.1,0.283,85704.4
1753547063485,16:24:23.485,1INCH/USDT:USDT,0.2827,15717.8,0.2826,73789.2,0.2829,42912.0,0.283,85704.4
1753547063635,16:24:23.635,1INCH/USDT:USDT,0.2827,15717.8,0.2826,73789.2,0.2829,42912.0,0.283,22118.3
1753547063785,16:24:23.785,1INCH/USDT:USDT,0.2828,326.8,0.2827,15717.8,0.2829,36518.4,0.283,22118.3
1753547063936,16:24:23.936,1INCH/USDT:USDT,0.2828,1781.5,0.2827,35451.2,0.2829,36518.4,0.283,22118.3
1753547064086,16:24:24.086,1INCH/USDT:USDT,0.2828,1781.5,0.2827,35451.2,0.2829,36518.4,0.283,22118.3
1753547064236,16:24:24.236,1INCH/USDT:USDT,0.2828,1781.5,0.2827,35451.2,0.2829,36518.4,0.283,22118.3
1753547064386,16:24:24.386,1INCH/USDT:USDT,0.2828,1454.7,0.2827,35451.2,0.2829,31074.7,0.283,22118.3
1753547064536,16:24:24.536,1INCH/USDT:USDT,0.2828,1454.7,0.2827,35451.2,0.2829,31074.7,0.283,22118.3
1753547064836,16:24:24.836,1INCH/USDT:USDT,0.2828,1454.7,0.2827,35451.2,0.2829,31468.3,0.283,22118.3
1753547064986,16:24:24.986,1INCH/USDT:USDT,0.2828,1454.7,0.2827,35451.2,0.2829,31074.7,0.283,22511.9
1753547065136,16:24:25.136,1INCH/USDT:USDT,0.2828,1454.7,0.2827,35451.2,0.2829,31468.3,0.283,22511.9
1753547065286,16:24:25.286,1INCH/USDT:USDT,0.2828,1454.7,0.2827,40894.9,0.2829,31468.3,0.283,22511.9
1753547065436,16:24:25.436,1INCH/USDT:USDT,0.2828,1454.7,0.2827,40894.9,0.2829,31468.3,0.283,22511.9
1753547065586,16:24:25.586,1INCH/USDT:USDT,0.2828,1454.7,0.2827,40894.9,0.2829,31468.3,0.283,22511.9
1753547065737,16:24:25.737,1INCH/USDT:USDT,0.2828,1454.7,0.2827,40894.9,0.2829,31468.3,0.283,22511.9
1753547065887,16:24:25.887,1INCH/USDT:USDT,0.2827,40894.9,0.2826,54056.7,0.2829,31468.3,0.283,22511.9
1753547066037,16:24:26.037,1INCH/USDT:USDT,0.2827,21161.5,0.2826,73788.1,0.2829,31468.3,0.283,22511.9
1753547066187,16:24:26.187,1INCH/USDT:USDT,0.2827,21161.5,0.2826,73788.1,0.2829,31468.3,0.283,22511.9
1753547066337,16:24:26.337,1INCH/USDT:USDT,0.2827,21161.5,0.2826,73788.1,0.2829,31468.3,0.283,22511.9
1753547066487,16:24:26.487,1INCH/USDT:USDT,0.2827,21161.5,0.2826,73788.1,0.2829,31468.3,0.283,22511.9
1753547066637,16:24:26.637,1INCH/USDT:USDT,0.2827,21161.5,0.2826,73788.1,0.2829,31468.3,0.283,22511.9
1753547066787,16:24:26.787,1INCH/USDT:USDT,0.2828,326.8,0.2827,21161.5,0.2829,31468.3,0.283,22511.9
1753547066937,16:24:26.937,1INCH/USDT:USDT,0.2828,1454.7,0.2827,40898.5,0.2829,31468.3,0.283,22511.9
1753547067087,16:24:27.087,1INCH/USDT:USDT,0.2828,1454.7,0.2827,40898.5,0.2829,31074.7,0.283,22511.9
1753547067237,16:24:27.237,1INCH/USDT:USDT,0.2828,1454.7,0.2827,40898.5,0.2829,31074.7,0.283,22511.9
1753547067387,16:24:27.387,1INCH/USDT:USDT,0.2828,1454.7,0.2827,40898.5,0.2829,31074.7,0.283,22511.9
1753547067538,16:24:27.538,1INCH/USDT:USDT,0.2828,1454.7,0.2827,40898.5,0.2829,31074.7,0.283,22511.9
1753547067688,16:24:27.688,1INCH/USDT:USDT,0.2828,1454.7,0.2827,40898.5,0.2829,31074.7,0.283,22511.9
1753547067838,16:24:27.838,1INCH/USDT:USDT,0.2828,1454.7,0.2827,40898.5,0.2829,31074.7,0.283,22511.9
1753547067988,16:24:27.988,1INCH/USDT:USDT,0.2828,1781.5,0.2827,40898.5,0.2829,31074.7,0.283,22511.9
1753547068138,16:24:28.138,1INCH/USDT:USDT,0.2828,1781.5,0.2827,40898.5,0.2829,31074.7,0.283,22511.9
1753547068288,16:24:28.288,1INCH/USDT:USDT,0.2828,1781.5,0.2827,40898.5,0.2829,31074.7,0.283,22511.9
1753547068438,16:24:28.438,1INCH/USDT:USDT,0.2827,40898.5,0.2826,54056.7,0.2829,31074.7,0.283,22511.9
1753547068588,16:24:28.588,1INCH/USDT:USDT,0.2827,21161.5,0.2826,73790.4,0.2829,31468.3,0.283,22118.3
1753547068738,16:24:28.738,1INCH/USDT:USDT,0.2827,21161.5,0.2826,73790.4,0.2829,31468.3,0.283,22118.3
1753547068888,16:24:28.888,1INCH/USDT:USDT,0.2827,21161.5,0.2826,73790.4,0.2829,31468.3,0.283,22118.3
1753547069038,16:24:29.038,1INCH/USDT:USDT,0.2828,329.5,0.2827,21161.5,0.2829,31468.3,0.283,22118.3
1753547069188,16:24:29.188,1INCH/USDT:USDT,0.2828,6784.2,0.2827,40897.8,0.2829,31074.7,0.283,22511.9
1753547069339,16:24:29.339,1INCH/USDT:USDT,0.2828,6784.2,0.2827,40897.8,0.2829,31074.7,0.283,22511.9
1753547069489,16:24:29.489,1INCH/USDT:USDT,0.2828,6784.2,0.2827,40897.8,0.2829,31074.7,0.283,22511.9
1753547069789,16:24:29.789,1INCH/USDT:USDT,0.2828,6784.2,0.2827,40897.8,0.2829,31074.7,0.283,22511.9
1753547069939,16:24:29.939,1INCH/USDT:USDT,0.2828,6784.2,0.2827,40897.8,0.2829,31074.7,0.283,22511.9
1753547070089,16:24:30.089,1INCH/USDT:USDT,0.2828,6784.2,0.2827,40897.8,0.2829,31074.7,0.283,22511.9
1753547070239,16:24:30.239,1INCH/USDT:USDT,0.2828,6784.2,0.2827,40897.8,0.2829,31074.7,0.283,22511.9
1753547070389,16:24:30.389,1INCH/USDT:USDT,0.2828,6454.7,0.2827,40897.8,0.2829,31074.7,0.283,22511.9
1753547070539,16:24:30.539,1INCH/USDT:USDT,0.2828,6454.7,0.2827,40897.8,0.2829,31074.7,0.283,22511.9
1753547070689,16:24:30.689,1INCH/USDT:USDT,0.2828,6454.7,0.2827,40897.8,0.2829,31074.7,0.283,22511.9
1753547070839,16:24:30.839,1INCH/USDT:USDT,0.2828,1454.7,0.2827,40897.8,0.2829,31074.7,0.283,22511.9
1753547070989,16:24:30.989,1INCH/USDT:USDT,0.2828,1454.7,0.2827,40897.8,0.2829,31074.7,0.283,22511.9
1753547071140,16:24:31.140,1INCH/USDT:USDT,0.2828,1454.7,0.2827,50457.9,0.2829,31074.7,0.283,42924.6
1753547071290,16:24:31.290,1INCH/USDT:USDT,0.2828,1784.2,0.2827,50457.9,0.2829,31074.7,0.283,42924.6
1753547071440,16:24:31.440,1INCH/USDT:USDT,0.2828,1784.2,0.2827,50457.9,0.2829,31074.7,0.283,42924.6
1753547071590,16:24:31.590,1INCH/USDT:USDT,0.2828,1784.2,0.2827,50457.9,0.2829,31074.7,0.283,42924.6
1753547071740,16:24:31.740,1INCH/USDT:USDT,0.2828,1784.2,0.2827,50457.9,0.2829,31074.7,0.283,42924.6
1753547072040,16:24:32.040,1INCH/USDT:USDT,0.2828,1784.2,0.2827,50457.9,0.2829,31074.7,0.283,42924.6
1753547072190,16:24:32.190,1INCH/USDT:USDT,0.2828,1784.2,0.2827,50457.9,0.2829,31074.7,0.283,42924.6
1753547072340,16:24:32.340,1INCH/USDT:USDT,0.2828,1784.2,0.2827,50457.9,0.2829,31074.7,0.283,42924.6
1753547072490,16:24:32.490,1INCH/USDT:USDT,0.2828,7784.2,0.2827,50457.9,0.2829,31074.7,0.283,42924.6
1753547072640,16:24:32.640,1INCH/USDT:USDT,0.2829,2192.8,0.2828,17906.2,0.283,29829.1,0.2831,87050.5
1753547072790,16:24:32.790,1INCH/USDT:USDT,0.2829,2192.8,0.2828,43120.8,0.283,32842.6,0.2831,87050.5
1753547072941,16:24:32.941,1INCH/USDT:USDT,0.2828,32616.1,0.2827,30721.6,0.283,32842.6,0.2831,87050.5
1753547073091,16:24:33.091,1INCH/USDT:USDT,0.2829,329.5,0.2828,15797.9,0.283,54223.4,0.2831,87050.5
1753547073241,16:24:33.241,1INCH/USDT:USDT,0.2829,2916.6,0.2828,37947.5,0.283,32842.6,0.2831,87050.5
1753547073391,16:24:33.391,1INCH/USDT:USDT,0.2829,2916.6,0.2828,32608.8,0.283,32842.6,0.2831,87050.5
1753547073541,16:24:33.541,1INCH/USDT:USDT,0.2829,2916.6,0.2828,32608.8,0.283,32842.6,0.2831,87050.5
1753547073691,16:24:33.691,1INCH/USDT:USDT,0.2829,2916.6,0.2828,32608.8,0.283,32842.6,0.2831,87050.5
1753547073841,16:24:33.841,1INCH/USDT:USDT,0.2829,2916.6,0.2828,38052.5,0.283,32842.6,0.2831,87050.5
1753547073991,16:24:33.991,1INCH/USDT:USDT,0.2829,3246.1,0.2828,38052.5,0.283,32842.6,0.2831,87050.5
1753547074141,16:24:34.141,1INCH/USDT:USDT,0.2829,3246.1,0.2828,38052.5,0.283,32842.6,0.2831,87050.5
1753547074291,16:24:34.291,1INCH/USDT:USDT,0.2829,3246.1,0.2828,38052.5,0.283,32842.6,0.2831,87050.5
1753547074441,16:24:34.441,1INCH/USDT:USDT,0.2829,3246.1,0.2828,38052.5,0.283,32842.6,0.2831,87050.5
1753547074591,16:24:34.591,1INCH/USDT:USDT,0.2829,3246.1,0.2828,38052.5,0.283,32842.6,0.2831,87050.5
1753547074742,16:24:34.742,1INCH/USDT:USDT,0.2829,3246.1,0.2828,38052.5,0.283,32842.6,0.2831,87050.5
1753547074892,16:24:34.892,1INCH/USDT:USDT,0.2829,3246.1,0.2828,38052.5,0.283,32842.6,0.2831,87050.5
1753547075042,16:24:35.042,1INCH/USDT:USDT,0.2829,3246.1,0.2828,38052.5,0.283,32842.6,0.2831,87050.5
1753547075192,16:24:35.192,1INCH/USDT:USDT,0.2829,3246.1,0.2828,38052.5,0.283,32842.6,0.2831,87050.5
1753547075342,16:24:35.342,1INCH/USDT:USDT,0.2829,3246.1,0.2828,38052.5,0.283,32842.6,0.2831,87050.5
1753547075492,16:24:35.492,1INCH/USDT:USDT,0.2829,9246.1,0.2828,38052.5,0.283,32842.6,0.2831,87050.5
1753547075642,16:24:35.642,1INCH/USDT:USDT,0.283,2192.8,0.2829,9639.7,0.2831,18020.6,0.2832,85807.0
1753547075792,16:24:35.792,1INCH/USDT:USDT,0.283,2586.4,0.2829,41602.4,0.2831,32832.0,0.2832,22223.8
1753547075942,16:24:35.942,1INCH/USDT:USDT,0.283,2522.3,0.2829,49412.2,0.2831,32832.0,0.2832,41437.5
1753547076092,16:24:36.092,1INCH/USDT:USDT,0.283,2522.3,0.2829,49412.2,0.2831,32832.0,0.2832,41437.5
1753547076242,16:24:36.242,1INCH/USDT:USDT,0.283,2522.3,0.2829,54855.9,0.2831,32832.0,0.2832,41437.5
1753547076543,16:24:36.543,1INCH/USDT:USDT,0.283,2522.3,0.2829,54855.9,0.2831,32832.0,0.2832,41437.5
1753547076693,16:24:36.693,1INCH/USDT:USDT,0.283,2522.3,0.2829,54855.9,0.2831,32832.0,0.2832,41437.5
1753547076843,16:24:36.843,1INCH/USDT:USDT,0.283,329.5,0.2829,49412.2,0.2831,32832.0,0.2832,41437.5
1753547076993,16:24:36.993,1INCH/USDT:USDT,0.283,329.5,0.2829,41602.4,0.2831,32832.0,0.2832,41437.5
1753547077143,16:24:37.143,1INCH/USDT:USDT,0.283,329.5,0.2829,41602.4,0.2831,32832.0,0.2832,41437.5
1753547077293,16:24:37.293,1INCH/USDT:USDT,0.283,329.5,0.2829,41602.4,0.2831,32832.0,0.2832,41437.5
1753547077593,16:24:37.593,1INCH/USDT:USDT,0.283,329.5,0.2829,47046.1,0.2831,32832.0,0.2832,41437.5
1753547077743,16:24:37.743,1INCH/USDT:USDT,0.283,329.5,0.2829,47046.1,0.2831,32832.0,0.2832,41437.5
1753547077893,16:24:37.893,1INCH/USDT:USDT,0.283,329.5,0.2829,47046.1,0.2831,32832.0,0.2832,41437.5
1753547078043,16:24:38.043,1INCH/USDT:USDT,0.283,329.5,0.2829,47046.1,0.2831,32832.0,0.2832,41437.5
1753547078194,16:24:38.194,1INCH/USDT:USDT,0.283,329.5,0.2829,47046.1,0.2831,32832.0,0.2832,41437.5
1753547078344,16:24:38.344,1INCH/USDT:USDT,0.283,329.5,0.2829,47046.1,0.2831,32832.0,0.2832,41437.5
1753547078494,16:24:38.494,1INCH/USDT:USDT,0.283,329.5,0.2829,47046.1,0.2831,32832.0,0.2832,41437.5
1753547078644,16:24:38.644,1INCH/USDT:USDT,0.283,6329.5,0.2829,47046.1,0.2831,32832.0,0.2832,41437.5
1753547078794,16:24:38.794,1INCH/USDT:USDT,0.283,6329.5,0.2829,47046.1,0.2831,32832.0,0.2832,41437.5
1753547078944,16:24:38.944,1INCH/USDT:USDT,0.283,6329.5,0.2829,47046.1,0.2831,32832.0,0.2832,41437.5
1753547079094,16:24:39.094,1INCH/USDT:USDT,0.283,6329.5,0.2829,47046.1,0.2831,32832.0,0.2832,41437.5
1753547079244,16:24:39.244,1INCH/USDT:USDT,0.283,6329.5,0.2829,47046.1,0.2831,32832.0,0.2832,41437.5
1753547079394,16:24:39.394,1INCH/USDT:USDT,0.283,6329.5,0.2829,47046.1,0.2831,32832.0,0.2832,41437.5
1753547079544,16:24:39.544,1INCH/USDT:USDT,0.283,6329.5,0.2829,47046.1,0.2831,32832.0,0.2832,41437.5
1753547079694,16:24:39.694,1INCH/USDT:USDT,0.283,6329.5,0.2829,47046.1,0.2831,32832.0,0.2832,41437.5
1753547079845,16:24:39.845,1INCH/USDT:USDT,0.283,6329.5,0.2829,47046.1,0.2831,32832.0,0.2832,41437.5
1753547079995,16:24:39.995,1INCH/USDT:USDT,0.283,6329.5,0.2829,47046.1,0.2831,32832.0,0.2832,41437.5
1753547080145,16:24:40.145,1INCH/USDT:USDT,0.283,6329.5,0.2829,40278.4,0.2831,32832.0,0.2832,41437.5
1753547080295,16:24:40.295,1INCH/USDT:USDT,0.283,329.5,0.2829,49304.4,0.2831,32832.0,0.2832,41437.5
1753547080445,16:24:40.445,1INCH/USDT:USDT,0.283,329.5,0.2829,49304.4,0.2831,32832.0,0.2832,41437.5
1753547080595,16:24:40.595,1INCH/USDT:USDT,0.283,329.5,0.2829,49304.4,0.2831,32832.0,0.2832,41437.5
1753547080745,16:24:40.745,1INCH/USDT:USDT,0.283,329.5,0.2829,49304.4,0.2831,32832.0,0.2832,41437.5
1753547080895,16:24:40.895,1INCH/USDT:USDT,0.283,329.5,0.2829,49304.4,0.2831,32832.0,0.2832,41437.5
1753547081045,16:24:41.045,1INCH/USDT:USDT,0.283,329.5,0.2829,49304.4,0.2831,32832.0,0.2832,41437.5
1753547081195,16:24:41.195,1INCH/USDT:USDT,0.283,329.5,0.2829,49304.4,0.2831,32832.0,0.2832,41437.5
1753547081345,16:24:41.345,1INCH/USDT:USDT,0.283,329.5,0.2829,49304.4,0.2831,32832.0,0.2832,41437.5
1753547081495,16:24:41.495,1INCH/USDT:USDT,0.283,6329.5,0.2829,49304.4,0.2831,32832.0,0.2832,41437.5
1753547081646,16:24:41.646,1INCH/USDT:USDT,0.283,6329.5,0.2829,49304.4,0.2831,32832.0,0.2832,41437.5
1753547081796,16:24:41.796,1INCH/USDT:USDT,0.283,6329.5,0.2829,49304.4,0.2831,32832.0,0.2832,41437.5
1753547081946,16:24:41.946,1INCH/USDT:USDT,0.283,6329.5,0.2829,49304.4,0.2831,32832.0,0.2832,41437.5
1753547082096,16:24:42.096,1INCH/USDT:USDT,0.283,6329.5,0.2829,49304.4,0.2831,32832.0,0.2832,41437.5
1753547082246,16:24:42.246,1INCH/USDT:USDT,0.283,6329.5,0.2829,49304.4,0.2831,32832.0,0.2832,41437.5
1753547082396,16:24:42.396,1INCH/USDT:USDT,0.283,6329.5,0.2829,49304.4,0.2831,32832.0,0.2832,41437.5
1753547082546,16:24:42.546,1INCH/USDT:USDT,0.283,6329.5,0.2829,49304.4,0.2831,32832.0,0.2832,41437.5
1753547082696,16:24:42.696,1INCH/USDT:USDT,0.283,6329.5,0.2829,49304.4,0.2831,32832.0,0.2832,41437.5
1753547082846,16:24:42.846,1INCH/USDT:USDT,0.283,6329.5,0.2829,49304.4,0.2831,32832.0,0.2832,41437.5
1753547082996,16:24:42.996,1INCH/USDT:USDT,0.283,6329.5,0.2829,49304.4,0.2831,32832.0,0.2832,41437.5
1753547083146,16:24:43.146,1INCH/USDT:USDT,0.283,6329.5,0.2829,49304.4,0.2831,32832.0,0.2832,41437.5
1753547083296,16:24:43.296,1INCH/USDT:USDT,0.283,6329.5,0.2829,49304.4,0.2831,32832.0,0.2832,41437.5
1753547083447,16:24:43.447,1INCH/USDT:USDT,0.283,6329.5,0.2829,49304.4,0.2831,32832.0,0.2832,41437.5
1753547083597,16:24:43.597,1INCH/USDT:USDT,0.283,6329.5,0.2829,49304.4,0.2831,32832.0,0.2832,41437.5
1753547083747,16:24:43.747,1INCH/USDT:USDT,0.283,6329.5,0.2829,49304.4,0.2831,32832.0,0.2832,41437.5
1753547083897,16:24:43.897,1INCH/USDT:USDT,0.283,6329.5,0.2829,49304.4,0.2831,32832.0,0.2832,41437.5
1753547084047,16:24:44.047,1INCH/USDT:USDT,0.283,6329.5,0.2829,49304.4,0.2831,32832.0,0.2832,41437.5
1753547084197,16:24:44.197,1INCH/USDT:USDT,0.283,6329.5,0.2829,49304.4,0.2831,32832.0,0.2832,41437.5
1753547084347,16:24:44.347,1INCH/USDT:USDT,0.283,6329.5,0.2829,49304.4,0.2831,32832.0,0.2832,41437.5
1753547084497,16:24:44.497,1INCH/USDT:USDT,0.283,6329.5,0.2829,49304.4,0.2831,32832.0,0.2832,41437.5
1753547084647,16:24:44.647,1INCH/USDT:USDT,0.283,6329.5,0.2829,49304.4,0.2831,32832.0,0.2832,41437.5
1753547084797,16:24:44.797,1INCH/USDT:USDT,0.283,6329.5,0.2829,49304.4,0.2831,32832.0,0.2832,41437.5
1753547084947,16:24:44.947,1INCH/USDT:USDT,0.283,6329.5,0.2829,49304.4,0.2831,32832.0,0.2832,41437.5
1753547085248,16:24:45.248,1INCH/USDT:USDT,0.283,6329.5,0.2829,49304.4,0.2831,32832.0,0.2832,41437.5
1753547085398,16:24:45.398,1INCH/USDT:USDT,0.283,6329.5,0.2829,49304.4,0.2831,32832.0,0.2832,41437.5
1753547085548,16:24:45.548,1INCH/USDT:USDT,0.283,329.5,0.2829,49304.4,0.2831,32832.0,0.2832,41437.5
1753547085698,16:24:45.698,1INCH/USDT:USDT,0.283,329.5,0.2829,49304.4,0.2831,32832.0,0.2832,41437.5
1753547085848,16:24:45.848,1INCH/USDT:USDT,0.283,329.5,0.2829,49304.4,0.2831,32832.0,0.2832,41437.5
1753547085998,16:24:45.998,1INCH/USDT:USDT,0.283,329.5,0.2829,49304.4,0.2831,32832.0,0.2832,41437.5
1753547086148,16:24:46.148,1INCH/USDT:USDT,0.283,329.5,0.2829,49304.4,0.2831,32832.0,0.2832,41437.5
1753547086298,16:24:46.298,1INCH/USDT:USDT,0.283,329.5,0.2829,49304.4,0.2831,32832.0,0.2832,41437.5
1753547086448,16:24:46.448,1INCH/USDT:USDT,0.283,329.5,0.2829,49304.4,0.2831,32832.0,0.2832,41437.5
1753547086598,16:24:46.598,1INCH/USDT:USDT,0.283,329.5,0.2829,49304.4,0.2831,32832.0,0.2832,41437.5
1753547086748,16:24:46.748,1INCH/USDT:USDT,0.283,329.5,0.2829,49304.4,0.2831,32832.0,0.2832,41437.5
1753547086899,16:24:46.899,1INCH/USDT:USDT,0.283,329.5,0.2829,49304.4,0.2831,32832.0,0.2832,41437.5
1753547087049,16:24:47.049,1INCH/USDT:USDT,0.283,329.5,0.2829,49304.4,0.2831,32832.0,0.2832,41437.5
1753547087199,16:24:47.199,1INCH/USDT:USDT,0.283,329.5,0.2829,49304.4,0.2831,32832.0,0.2832,41437.5
1753547087349,16:24:47.349,1INCH/USDT:USDT,0.283,329.5,0.2829,49304.4,0.2831,32832.0,0.2832,41437.5
1753547087499,16:24:47.499,1INCH/USDT:USDT,0.283,329.5,0.2829,49304.4,0.2831,32832.0,0.2832,41437.5
1753547087649,16:24:47.649,1INCH/USDT:USDT,0.283,329.5,0.2829,49304.4,0.2831,32832.0,0.2832,41437.5
1753547087799,16:24:47.799,1INCH/USDT:USDT,0.2829,49304.4,0.2828,53788.0,0.2831,32832.0,0.2832,41437.5
1753547087949,16:24:47.949,1INCH/USDT:USDT,0.2829,32496.1,0.2828,73521.1,0.2831,36639.5,0.2832,41437.5
1753547088099,16:24:48.099,1INCH/USDT:USDT,0.2829,32496.1,0.2828,73521.1,0.2831,36639.5,0.2832,41437.5
1753547088249,16:24:48.249,1INCH/USDT:USDT,0.2829,32889.7,0.2828,73521.1,0.2831,36639.5,0.2832,41437.5
1753547088399,16:24:48.399,1INCH/USDT:USDT,0.283,329.7,0.2829,32889.7,0.2831,36639.5,0.2832,41062.7
1753547088549,16:24:48.549,1INCH/USDT:USDT,0.283,1784.4,0.2829,43868.9,0.2831,32832.0,0.2832,41062.7
1753547088700,16:24:48.700,1INCH/USDT:USDT,0.283,1784.4,0.2829,43868.9,0.2831,32832.0,0.2832,41062.7
1753547088850,16:24:48.850,1INCH/USDT:USDT,0.283,1784.4,0.2829,43868.9,0.2831,32832.0,0.2832,41062.7
1753547089000,16:24:49.000,1INCH/USDT:USDT,0.283,1784.4,0.2829,43868.9,0.2831,32832.0,0.2832,41062.7
1753547089150,16:24:49.150,1INCH/USDT:USDT,0.283,1784.4,0.2829,43868.9,0.2831,32832.0,0.2832,41062.7
1753547089300,16:24:49.300,1INCH/USDT:USDT,0.283,1784.4,0.2829,43868.9,0.2831,32832.0,0.2832,41062.7
1753547089450,16:24:49.450,1INCH/USDT:USDT,0.283,1784.4,0.2829,43868.9,0.2831,32832.0,0.2832,41062.7
1753547089600,16:24:49.600,1INCH/USDT:USDT,0.283,1454.7,0.2829,43868.9,0.2831,32832.0,0.2832,41062.7
1753547089750,16:24:49.750,1INCH/USDT:USDT,0.283,1454.7,0.2829,49312.6,0.2831,32832.0,0.2832,41062.7
1753547089900,16:24:49.900,1INCH/USDT:USDT,0.283,1454.7,0.2829,49312.6,0.2831,32832.0,0.2832,41062.7
1753547090050,16:24:50.050,1INCH/USDT:USDT,0.283,1454.7,0.2829,49312.6,0.2831,32832.0,0.2832,41062.7
1753547090200,16:24:50.200,1INCH/USDT:USDT,0.283,1776.1,0.2829,49312.6,0.2831,32832.0,0.2832,41062.7
1753547090350,16:24:50.350,1INCH/USDT:USDT,0.283,1776.1,0.2829,49312.6,0.2831,32832.0,0.2832,41062.7
1753547090501,16:24:50.501,1INCH/USDT:USDT,0.283,1776.1,0.2829,49312.6,0.2831,32511.4,0.2832,41062.7
1753547090651,16:24:50.651,1INCH/USDT:USDT,0.283,1776.1,0.2829,49312.6,0.2831,32511.4,0.2832,41062.7
1753547090801,16:24:50.801,1INCH/USDT:USDT,0.283,1776.1,0.2829,49312.6,0.2831,32511.4,0.2832,41062.7
1753547090951,16:24:50.951,1INCH/USDT:USDT,0.283,1776.1,0.2829,49312.6,0.2831,32511.4,0.2832,41062.7
1753547091101,16:24:51.101,1INCH/USDT:USDT,0.283,1776.1,0.2829,49312.6,0.2831,32511.4,0.2832,41062.7
1753547091251,16:24:51.251,1INCH/USDT:USDT,0.283,1776.1,0.2829,49312.6,0.2831,32511.4,0.2832,41062.7
1753547091401,16:24:51.401,1INCH/USDT:USDT,0.283,1776.1,0.2829,49312.6,0.2831,32511.4,0.2832,41062.7
1753547091551,16:24:51.551,1INCH/USDT:USDT,0.283,1776.1,0.2829,49312.6,0.2831,32511.4,0.2832,41062.7
1753547091701,16:24:51.701,1INCH/USDT:USDT,0.283,1776.1,0.2829,49312.6,0.2831,32511.4,0.2832,41062.7
1753547091851,16:24:51.851,1INCH/USDT:USDT,0.283,1454.7,0.2829,49312.6,0.2831,32511.4,0.2832,41062.7
1753547092001,16:24:52.001,1INCH/USDT:USDT,0.283,1454.7,0.2829,49312.6,0.2831,32511.4,0.2832,41062.7
1753547092152,16:24:52.152,1INCH/USDT:USDT,0.283,1776.1,0.2829,49312.6,0.2831,32511.4,0.2832,41062.7
1753547092302,16:24:52.302,1INCH/USDT:USDT,0.283,1776.1,0.2829,49312.6,0.2831,32511.4,0.2832,41062.7
1753547092452,16:24:52.452,1INCH/USDT:USDT,0.283,1776.1,0.2829,49312.6,0.2831,32511.4,0.2832,41062.7
1753547092602,16:24:52.602,1INCH/USDT:USDT,0.283,1776.1,0.2829,49312.6,0.2831,32511.4,0.2832,41062.7
1753547092752,16:24:52.752,1INCH/USDT:USDT,0.283,1776.1,0.2829,49312.6,0.2831,32511.4,0.2832,41062.7
1753547092902,16:24:52.902,1INCH/USDT:USDT,0.283,1776.1,0.2829,49312.6,0.2831,32511.4,0.2832,41062.7
1753547093052,16:24:53.052,1INCH/USDT:USDT,0.283,1776.1,0.2829,49312.6,0.2831,32511.4,0.2832,41062.7
1753547093202,16:24:53.202,1INCH/USDT:USDT,0.283,1776.1,0.2829,49312.6,0.2831,32511.4,0.2832,41062.7
1753547093352,16:24:53.352,1INCH/USDT:USDT,0.283,1776.1,0.2829,42054.4,0.2831,32511.4,0.2832,41062.7
1753547093502,16:24:53.502,1INCH/USDT:USDT,0.283,1776.1,0.2829,42054.4,0.2831,32511.4,0.2832,41062.7
1753547093652,16:24:53.652,1INCH/USDT:USDT,0.283,1776.1,0.2829,42054.4,0.2831,32511.4,0.2832,41062.7
1753547093953,16:24:53.953,1INCH/USDT:USDT,0.283,1776.1,0.2829,42054.4,0.2831,32511.4,0.2832,41062.7
1753547094103,16:24:54.103,1INCH/USDT:USDT,0.283,1776.1,0.2829,42054.4,0.2831,32511.4,0.2832,41062.7
1753547094253,16:24:54.253,1INCH/USDT:USDT,0.283,1776.1,0.2829,42054.4,0.2831,32511.4,0.2832,41062.7
1753547094403,16:24:54.403,1INCH/USDT:USDT,0.283,1776.1,0.2829,42054.4,0.2831,32511.4,0.2832,41062.7
1753547094553,16:24:54.553,1INCH/USDT:USDT,0.283,1776.1,0.2829,42054.4,0.2831,32511.4,0.2832,41062.7
1753547094703,16:24:54.703,1INCH/USDT:USDT,0.283,1454.7,0.2829,42054.4,0.2831,32511.4,0.2832,41062.7
1753547094853,16:24:54.853,1INCH/USDT:USDT,0.283,1454.7,0.2829,42054.4,0.2831,32511.4,0.2832,41062.7
1753547095003,16:24:55.003,1INCH/USDT:USDT,0.283,1454.7,0.2829,42054.4,0.2831,32511.4,0.2832,41062.7
1753547095153,16:24:55.153,1INCH/USDT:USDT,0.283,1454.7,0.2829,42054.4,0.2831,32511.4,0.2832,41062.7
1753547095303,16:24:55.303,1INCH/USDT:USDT,0.283,1454.7,0.2829,42054.4,0.2831,32511.4,0.2832,41062.7
1753547095453,16:24:55.453,1INCH/USDT:USDT,0.283,1454.7,0.2829,42054.4,0.2831,32511.4,0.2832,41062.7
1753547095603,16:24:55.603,1INCH/USDT:USDT,0.283,1454.7,0.2829,42054.4,0.2831,32511.4,0.2832,41062.7
1753547095754,16:24:55.754,1INCH/USDT:USDT,0.283,1776.1,0.2829,42054.4,0.2831,32511.4,0.2832,41062.7
1753547095904,16:24:55.904,1INCH/USDT:USDT,0.283,1776.1,0.2829,42054.4,0.2831,32511.4,0.2832,41062.7
1753547096054,16:24:56.054,1INCH/USDT:USDT,0.283,1776.1,0.2829,42054.4,0.2831,32511.4,0.2832,41062.7
1753547096204,16:24:56.204,1INCH/USDT:USDT,0.283,1776.1,0.2829,42054.4,0.2831,32511.4,0.2832,41062.7
1753547096354,16:24:56.354,1INCH/USDT:USDT,0.283,1776.1,0.2829,42054.4,0.2831,32511.4,0.2832,41062.7
1753547096504,16:24:56.504,1INCH/USDT:USDT,0.283,1776.1,0.2829,42054.4,0.2831,32511.4,0.2832,41062.7
1753547096654,16:24:56.654,1INCH/USDT:USDT,0.283,1776.1,0.2829,42054.4,0.2831,32511.4,0.2832,41062.7
1753547096804,16:24:56.804,1INCH/USDT:USDT,0.283,1776.1,0.2829,42054.4,0.2831,32511.4,0.2832,41062.7
1753547096954,16:24:56.954,1INCH/USDT:USDT,0.283,1454.7,0.2829,42054.4,0.2831,32511.4,0.2832,41062.7
1753547097104,16:24:57.104,1INCH/USDT:USDT,0.283,1454.7,0.2829,42054.4,0.2831,32511.4,0.2832,41062.7
1753547097254,16:24:57.254,1INCH/USDT:USDT,0.283,1454.7,0.2829,42054.4,0.2831,32511.4,0.2832,41062.7
1753547097404,16:24:57.404,1INCH/USDT:USDT,0.283,1454.7,0.2829,42054.4,0.2831,32511.4,0.2832,41062.7
1753547097555,16:24:57.555,1INCH/USDT:USDT,0.283,1454.7,0.2829,42054.4,0.2831,32905.0,0.2832,41062.7
1753547097705,16:24:57.705,1INCH/USDT:USDT,0.283,1776.1,0.2829,42054.4,0.2831,32511.4,0.2832,41062.7
1753547097855,16:24:57.855,1INCH/USDT:USDT,0.283,1776.1,0.2829,42054.4,0.2831,32511.4,0.2832,41062.7
1753547098005,16:24:58.005,1INCH/USDT:USDT,0.283,1776.1,0.2829,42054.4,0.2831,32511.4,0.2832,41062.7
1753547098155,16:24:58.155,1INCH/USDT:USDT,0.283,1776.1,0.2829,42054.4,0.2831,32511.4,0.2832,41062.7
1753547098305,16:24:58.305,1INCH/USDT:USDT,0.2829,42054.4,0.2828,53788.0,0.2831,32511.4,0.2832,41062.7
1753547098455,16:24:58.455,1INCH/USDT:USDT,0.2829,25237.9,0.2828,73521.0,0.283,321.4,0.2831,36318.9
1753547098605,16:24:58.605,1INCH/USDT:USDT,0.2829,16211.9,0.2828,73521.0,0.283,321.4,0.2831,36318.9
1753547098755,16:24:58.755,1INCH/USDT:USDT,0.2829,13363.4,0.2828,73521.0,0.283,321.4,0.2831,41762.6
1753547098905,16:24:58.905,1INCH/USDT:USDT,0.2829,13363.4,0.2828,73521.0,0.283,321.4,0.2831,41762.6
1753547099055,16:24:59.055,1INCH/USDT:USDT,0.2829,9246.1,0.2828,73521.0,0.283,321.4,0.2831,41762.6
1753547099205,16:24:59.205,1INCH/USDT:USDT,0.2829,13582.7,0.2828,73521.0,0.2831,41762.6,0.2832,41062.7
1753547099506,16:24:59.506,1INCH/USDT:USDT,0.2829,24458.6,0.2828,73521.0,0.2831,41762.6,0.2832,41062.7
1753547099656,16:24:59.656,1INCH/USDT:USDT,0.2829,24458.6,0.2828,73521.0,0.283,320.6,0.2831,41762.6
1753547099806,16:24:59.806,1INCH/USDT:USDT,0.2829,10768.2,0.2828,73521.0,0.283,320.6,0.2831,41762.6
1753547099956,16:24:59.956,1INCH/USDT:USDT,0.2829,13291.4,0.2828,73521.0,0.283,320.6,0.2831,41762.6
1753547100106,16:25:00.106,1INCH/USDT:USDT,0.2829,13291.4,0.2828,73521.0,0.283,320.6,0.2831,41762.6
1753547100256,16:25:00.256,1INCH/USDT:USDT,0.2829,13291.4,0.2828,73521.0,0.283,6320.6,0.2831,41762.6
1753547100406,16:25:00.406,1INCH/USDT:USDT,0.2829,5679.9,0.2828,68077.3,0.283,7900.7,0.2831,41762.6
1753547100556,16:25:00.556,1INCH/USDT:USDT,0.2829,4218.0,0.2828,49723.2,0.283,8261.1,0.2831,60352.7
1753547100706,16:25:00.706,1INCH/USDT:USDT,0.2829,4218.0,0.2828,31366.5,0.283,20963.0,0.2831,60352.7
1753547100856,16:25:00.856,1INCH/USDT:USDT,0.2829,4218.0,0.2828,42137.0,0.283,20963.0,0.2831,60352.7
1753547101006,16:25:01.006,1INCH/USDT:USDT,0.2829,4538.6,0.2828,42137.0,0.283,20602.6,0.2831,60352.7
1753547101156,16:25:01.156,1INCH/USDT:USDT,0.2829,4538.6,0.2828,42137.0,0.283,20602.6,0.2831,60352.7
1753547101306,16:25:01.306,1INCH/USDT:USDT,0.2829,14367.3,0.2828,47580.7,0.2831,50287.2,0.2832,89210.2
1753547101457,16:25:01.457,1INCH/USDT:USDT,0.283,1454.7,0.2829,12138.1,0.2831,55730.9,0.2832,89210.2
1753547101757,16:25:01.757,1INCH/USDT:USDT,0.283,1454.7,0.2829,30065.1,0.2831,37955.1,0.2832,89210.2
1753547101907,16:25:01.907,1INCH/USDT:USDT,0.283,1454.7,0.2829,28826.0,0.2831,37955.1,0.2832,89210.2
1753547102207,16:25:02.207,1INCH/USDT:USDT,0.283,1454.7,0.2829,28826.0,0.2831,37955.1,0.2832,89210.2
