timestamp,time,exchange,symbol,bid1_price,bid1_volume,bid2_price,bid2_volume,ask1_price,ask1_volume,ask2_price,ask2_volume
1753591882942,04:51:22.942,bitget,ACT/USDT:USDT,0.0458,433.0,0.04579,15568.0,0.04581,10000.0,0.04582,49020.0
1753591883543,04:51:23.543,bitget,ACT/USDT:USDT,0.0458,433.0,0.04579,15568.0,0.04581,10000.0,0.04582,49020.0
1753591883843,04:51:23.843,bitget,ACT/USDT:USDT,0.0458,433.0,0.04579,15568.0,0.04581,10000.0,0.04582,49020.0
1753591883993,04:51:23.993,bitget,ACT/USDT:USDT,0.0458,433.0,0.04579,15568.0,0.04581,10000.0,0.04582,49020.0
1753591884143,04:51:24.143,bitget,ACT/USDT:USDT,0.0458,433.0,0.04579,15568.0,0.04581,10000.0,0.04582,49020.0
1753591884293,04:51:24.293,bitget,ACT/USDT:USDT,0.0458,433.0,0.04579,15568.0,0.04581,10000.0,0.04582,49020.0
1753591885044,04:51:25.044,bitget,ACT/USDT:USDT,0.0458,433.0,0.04579,15568.0,0.04581,10000.0,0.04582,49020.0
1753591885494,04:51:25.494,bitget,ACT/USDT:USDT,0.0458,433.0,0.04579,15568.0,0.04581,10000.0,0.04582,50340.0
1753591886394,04:51:26.394,bitget,ACT/USDT:USDT,0.0458,433.0,0.04579,15568.0,0.04581,10000.0,0.04582,50340.0
1753591886845,04:51:26.845,bitget,ACT/USDT:USDT,0.0458,433.0,0.04579,15568.0,0.04581,10000.0,0.04582,50340.0
1753591887445,04:51:27.445,bitget,ACT/USDT:USDT,0.0458,433.0,0.04579,15568.0,0.04581,10000.0,0.04582,50340.0
1753591887896,04:51:27.896,bitget,ACT/USDT:USDT,0.0458,433.0,0.04579,15568.0,0.04581,10000.0,0.04582,50340.0
1753591888646,04:51:28.646,bitget,ACT/USDT:USDT,0.0458,433.0,0.04579,15568.0,0.04581,10000.0,0.04582,50340.0
1753591888796,04:51:28.796,bitget,ACT/USDT:USDT,0.0458,433.0,0.04579,15568.0,0.04581,10000.0,0.04582,50340.0
1753591889096,04:51:29.096,bitget,ACT/USDT:USDT,0.0458,433.0,0.04579,15568.0,0.04581,10000.0,0.04582,50340.0
1753591889697,04:51:29.697,bitget,ACT/USDT:USDT,0.0458,433.0,0.04579,15568.0,0.04581,10000.0,0.04582,50340.0
1753591889847,04:51:29.847,bitget,ACT/USDT:USDT,0.0458,433.0,0.04579,15568.0,0.04581,10000.0,0.04582,50340.0
1753591890447,04:51:30.447,bitget,ACT/USDT:USDT,0.0458,433.0,0.04579,15568.0,0.04581,10000.0,0.04582,50340.0
1753591890897,04:51:30.897,bitget,ACT/USDT:USDT,0.0458,433.0,0.04579,15568.0,0.04581,10000.0,0.04582,50340.0
1753591891197,04:51:31.197,bitget,ACT/USDT:USDT,0.0458,433.0,0.04579,15568.0,0.04581,10000.0,0.04582,50340.0
1753591891948,04:51:31.948,bitget,ACT/USDT:USDT,0.0458,1753.0,0.04579,15568.0,0.04582,49020.0,0.04583,64127.0
1753591892098,04:51:32.098,bitget,ACT/USDT:USDT,0.0458,1753.0,0.04579,15568.0,0.04582,49020.0,0.04583,64127.0
1753591892248,04:51:32.248,bitget,ACT/USDT:USDT,0.0458,1753.0,0.04579,15568.0,0.04581,10000.0,0.04582,49020.0
1753591892398,04:51:32.398,bitget,ACT/USDT:USDT,0.0458,1753.0,0.04579,15568.0,0.04581,10000.0,0.04582,49020.0
1753591892548,04:51:32.548,bitget,ACT/USDT:USDT,0.0458,1753.0,0.04579,15568.0,0.04581,10000.0,0.04582,49020.0
1753591892698,04:51:32.698,bitget,ACT/USDT:USDT,0.0458,1753.0,0.04579,15568.0,0.04581,10000.0,0.04582,49020.0
1753591892849,04:51:32.849,bitget,ACT/USDT:USDT,0.0458,1753.0,0.04579,15568.0,0.04581,10000.0,0.04582,49020.0
1753591892999,04:51:32.999,bitget,ACT/USDT:USDT,0.0458,1753.0,0.04579,15568.0,0.04581,10000.0,0.04582,49020.0
1753591893149,04:51:33.149,bitget,ACT/USDT:USDT,0.0458,1753.0,0.04579,15568.0,0.04581,10000.0,0.04582,49020.0
1753591893299,04:51:33.299,bitget,ACT/USDT:USDT,0.0458,1753.0,0.04579,15568.0,0.04581,10000.0,0.04582,49020.0
1753591893599,04:51:33.599,bitget,ACT/USDT:USDT,0.0458,1753.0,0.04579,48078.0,0.04582,49020.0,0.04583,64127.0
1753591893899,04:51:33.899,bitget,ACT/USDT:USDT,0.0458,11753.0,0.04579,48078.0,0.04582,49020.0,0.04583,64127.0
1753591894500,04:51:34.500,bitget,ACT/USDT:USDT,0.0458,11753.0,0.04579,48078.0,0.04582,49020.0,0.04583,64127.0
1753591895100,04:51:35.100,bitget,ACT/USDT:USDT,0.0458,11753.0,0.04579,48078.0,0.04582,49020.0,0.04583,64127.0
1753591895250,04:51:35.250,bitget,ACT/USDT:USDT,0.0458,11753.0,0.04579,48078.0,0.04582,49020.0,0.04583,64127.0
1753591895400,04:51:35.400,bitget,ACT/USDT:USDT,0.0458,11753.0,0.04579,48078.0,0.04582,49020.0,0.04583,64127.0
1753591897051,04:51:37.051,bitget,ACT/USDT:USDT,0.0458,10707.0,0.04579,46986.0,0.04582,32510.0,0.04583,64127.0
1753591897952,04:51:37.952,bitget,ACT/USDT:USDT,0.04581,433.0,0.0458,10274.0,0.04582,32510.0,0.04583,52754.0
1753591898402,04:51:38.402,bitget,ACT/USDT:USDT,0.04581,433.0,0.0458,10274.0,0.04582,32510.0,0.04583,52754.0
1753591898702,04:51:38.702,bitget,ACT/USDT:USDT,0.04581,433.0,0.0458,10274.0,0.04582,32510.0,0.04583,52754.0
1753591898852,04:51:38.852,bitget,ACT/USDT:USDT,0.04581,433.0,0.0458,10274.0,0.04582,32510.0,0.04583,52754.0
1753591899152,04:51:39.152,bitget,ACT/USDT:USDT,0.04581,433.0,0.0458,10274.0,0.04582,32510.0,0.04583,52754.0
1753591899753,04:51:39.753,bitget,ACT/USDT:USDT,0.04581,433.0,0.0458,10274.0,0.04583,52754.0,0.04584,56854.0
1753591899903,04:51:39.903,bitget,ACT/USDT:USDT,0.04581,433.0,0.0458,10274.0,0.04583,52754.0,0.04584,56854.0
1753591900053,04:51:40.053,bitget,ACT/USDT:USDT,0.04581,433.0,0.0458,10274.0,0.04583,52754.0,0.04584,56854.0
1753591900203,04:51:40.203,bitget,ACT/USDT:USDT,0.04581,10433.0,0.0458,20274.0,0.04583,52754.0,0.04584,56854.0
1753591900503,04:51:40.503,bitget,ACT/USDT:USDT,0.04581,10433.0,0.0458,20274.0,0.04583,52754.0,0.04584,56854.0
1753591900653,04:51:40.653,bitget,ACT/USDT:USDT,0.04581,10433.0,0.0458,20274.0,0.04583,52754.0,0.04584,56854.0
1753591900803,04:51:40.803,bitget,ACT/USDT:USDT,0.04581,10433.0,0.0458,20274.0,0.04583,52754.0,0.04584,56854.0
1753591900953,04:51:40.953,bitget,ACT/USDT:USDT,0.04582,433.0,0.04581,10000.0,0.04583,43237.0,0.04584,56854.0
1753591901104,04:51:41.104,bitget,ACT/USDT:USDT,0.04582,433.0,0.04581,10000.0,0.04583,43237.0,0.04584,56854.0
1753591901854,04:51:41.854,bitget,ACT/USDT:USDT,0.04582,433.0,0.04581,10000.0,0.04583,43237.0,0.04584,56854.0
1753591902004,04:51:42.004,bitget,ACT/USDT:USDT,0.04582,433.0,0.04581,10000.0,0.04583,43237.0,0.04584,56854.0
1753591902304,04:51:42.304,bitget,ACT/USDT:USDT,0.04582,433.0,0.04581,10000.0,0.04583,43237.0,0.04584,56854.0
1753591902454,04:51:42.454,bitget,ACT/USDT:USDT,0.04582,433.0,0.04581,10000.0,0.04583,43237.0,0.04584,58174.0
1753591902604,04:51:42.604,bitget,ACT/USDT:USDT,0.04582,433.0,0.04581,10000.0,0.04583,43237.0,0.04584,58174.0
1753591902755,04:51:42.755,bitget,ACT/USDT:USDT,0.04582,433.0,0.04581,10000.0,0.04583,43237.0,0.04584,58174.0
1753591902905,04:51:42.905,bitget,ACT/USDT:USDT,0.04582,433.0,0.04581,10000.0,0.04583,43237.0,0.04584,58174.0
1753591903055,04:51:43.055,bitget,ACT/USDT:USDT,0.04582,433.0,0.04581,10000.0,0.04583,43237.0,0.04584,58174.0
1753591903505,04:51:43.505,bitget,ACT/USDT:USDT,0.04582,433.0,0.04581,10000.0,0.04583,43237.0,0.04584,58174.0
1753591903655,04:51:43.655,bitget,ACT/USDT:USDT,0.04582,433.0,0.04581,10000.0,0.04583,43237.0,0.04584,58174.0
1753591903805,04:51:43.805,bitget,ACT/USDT:USDT,0.04582,433.0,0.04581,10000.0,0.04583,43237.0,0.04584,58174.0
1753591903955,04:51:43.955,bitget,ACT/USDT:USDT,0.04582,433.0,0.04581,10000.0,0.04583,43237.0,0.04584,58174.0
1753591904105,04:51:44.105,bitget,ACT/USDT:USDT,0.04582,433.0,0.04581,10000.0,0.04583,43237.0,0.04584,58174.0
1753591904856,04:51:44.856,bitget,ACT/USDT:USDT,0.04582,433.0,0.04581,10000.0,0.04583,43237.0,0.04584,58174.0
1753591905306,04:51:45.306,bitget,ACT/USDT:USDT,0.04582,433.0,0.04581,10000.0,0.04583,43237.0,0.04584,58174.0
1753591905606,04:51:45.606,bitget,ACT/USDT:USDT,0.04582,433.0,0.04581,10000.0,0.04583,43237.0,0.04584,58174.0
1753591906357,04:51:46.357,bitget,ACT/USDT:USDT,0.04582,433.0,0.04581,10000.0,0.04583,43237.0,0.04584,58174.0
1753591906507,04:51:46.507,bitget,ACT/USDT:USDT,0.04582,433.0,0.04581,10000.0,0.04583,43237.0,0.04584,58174.0
1753591906657,04:51:46.657,bitget,ACT/USDT:USDT,0.04582,433.0,0.04581,10000.0,0.04583,43237.0,0.04584,58174.0
1753591907107,04:51:47.107,bitget,ACT/USDT:USDT,0.04582,433.0,0.04581,10000.0,0.04583,43237.0,0.04584,58174.0
1753591907258,04:51:47.258,bitget,ACT/USDT:USDT,0.04582,433.0,0.04581,10000.0,0.04583,43237.0,0.04584,58174.0
1753591908158,04:51:48.158,bitget,ACT/USDT:USDT,0.04582,433.0,0.04581,10000.0,0.04583,43237.0,0.04584,58174.0
1753591908458,04:51:48.458,bitget,ACT/USDT:USDT,0.04582,433.0,0.04581,10000.0,0.04583,43237.0,0.04584,58174.0
1753591908758,04:51:48.758,bitget,ACT/USDT:USDT,0.04582,433.0,0.04581,10000.0,0.04583,43237.0,0.04584,58174.0
1753591908909,04:51:48.909,bitget,ACT/USDT:USDT,0.04582,433.0,0.04581,10000.0,0.04583,43237.0,0.04584,58174.0
1753591909359,04:51:49.359,bitget,ACT/USDT:USDT,0.04582,433.0,0.04581,10000.0,0.04583,43237.0,0.04584,58174.0
1753591909509,04:51:49.509,bitget,ACT/USDT:USDT,0.04582,433.0,0.04581,10000.0,0.04583,43237.0,0.04584,58174.0
1753591909659,04:51:49.659,bitget,ACT/USDT:USDT,0.04582,433.0,0.04581,10000.0,0.04583,43237.0,0.04584,58174.0
1753591909959,04:51:49.959,bitget,ACT/USDT:USDT,0.04582,433.0,0.04581,10000.0,0.04583,43237.0,0.04584,58174.0
1753591910109,04:51:50.109,bitget,ACT/USDT:USDT,0.04582,433.0,0.04581,10000.0,0.04583,43237.0,0.04584,58174.0
1753591910259,04:51:50.259,bitget,ACT/USDT:USDT,0.04582,433.0,0.04581,10000.0,0.04583,43237.0,0.04584,58174.0
1753591910409,04:51:50.409,bitget,ACT/USDT:USDT,0.04582,433.0,0.04581,10000.0,0.04583,43237.0,0.04584,58174.0
1753591910860,04:51:50.860,bitget,ACT/USDT:USDT,0.04582,433.0,0.04581,10000.0,0.04583,43237.0,0.04584,58174.0
1753591911160,04:51:51.160,bitget,ACT/USDT:USDT,0.04582,433.0,0.04581,10000.0,0.04583,43237.0,0.04584,58174.0
1753591911460,04:51:51.460,bitget,ACT/USDT:USDT,0.04582,433.0,0.04581,10000.0,0.04583,43237.0,0.04584,58174.0
1753591911760,04:51:51.760,bitget,ACT/USDT:USDT,0.04582,433.0,0.0458,63511.0,0.04583,43237.0,0.04584,58174.0
1753591911910,04:51:51.910,bitget,ACT/USDT:USDT,0.0458,54557.0,0.04579,46986.0,0.04583,43237.0,0.04584,58174.0
1753591912060,04:51:52.060,bitget,ACT/USDT:USDT,0.04581,433.0,0.0458,63511.0,0.04582,10000.0,0.04583,43237.0
1753591912511,04:51:52.511,bitget,ACT/USDT:USDT,0.04581,433.0,0.0458,63511.0,0.04582,10000.0,0.04583,43237.0
1753591912661,04:51:52.661,bitget,ACT/USDT:USDT,0.04581,433.0,0.0458,63511.0,0.04582,10000.0,0.04583,43237.0
1753591912811,04:51:52.811,bitget,ACT/USDT:USDT,0.04581,433.0,0.0458,63511.0,0.04582,10000.0,0.04583,43237.0
1753591913711,04:51:53.711,bitget,ACT/USDT:USDT,0.04581,433.0,0.0458,63511.0,0.04582,10000.0,0.04583,43237.0
1753591913861,04:51:53.861,bitget,ACT/USDT:USDT,0.04581,433.0,0.0458,63511.0,0.04582,10000.0,0.04583,43237.0
1753591914011,04:51:54.011,bitget,ACT/USDT:USDT,0.04581,433.0,0.0458,63511.0,0.04582,10000.0,0.04583,43237.0
1753591914312,04:51:54.312,bitget,ACT/USDT:USDT,0.04581,433.0,0.0458,63511.0,0.04582,10000.0,0.04583,43237.0
1753591914462,04:51:54.462,bitget,ACT/USDT:USDT,0.04581,433.0,0.0458,63511.0,0.04582,10000.0,0.04583,43237.0
1753591915212,04:51:55.212,bitget,ACT/USDT:USDT,0.04581,433.0,0.0458,63511.0,0.04582,10000.0,0.04583,43237.0
1753591915362,04:51:55.362,bitget,ACT/USDT:USDT,0.04581,433.0,0.0458,63511.0,0.04582,10000.0,0.04583,43237.0
1753591915512,04:51:55.512,bitget,ACT/USDT:USDT,0.04581,433.0,0.0458,63511.0,0.04582,10000.0,0.04583,43237.0
1753591916113,04:51:56.113,bitget,ACT/USDT:USDT,0.04581,433.0,0.0458,63511.0,0.04582,10000.0,0.04583,43237.0
1753591916263,04:51:56.263,bitget,ACT/USDT:USDT,0.04581,433.0,0.0458,63511.0,0.04582,10000.0,0.04583,43237.0
1753591916413,04:51:56.413,bitget,ACT/USDT:USDT,0.04581,433.0,0.0458,63511.0,0.04582,10000.0,0.04583,43237.0
1753591917463,04:51:57.463,bitget,ACT/USDT:USDT,0.04581,433.0,0.0458,63511.0,0.04582,10000.0,0.04583,43237.0
1753591917614,04:51:57.614,bitget,ACT/USDT:USDT,0.04581,433.0,0.0458,63511.0,0.04582,10000.0,0.04583,43237.0
1753591917764,04:51:57.764,bitget,ACT/USDT:USDT,0.04581,433.0,0.0458,63511.0,0.04582,10000.0,0.04583,43237.0
1753591918514,04:51:58.514,bitget,ACT/USDT:USDT,0.04581,433.0,0.0458,63511.0,0.04582,10000.0,0.04583,43237.0
1753591918664,04:51:58.664,bitget,ACT/USDT:USDT,0.04581,433.0,0.0458,63511.0,0.04582,10000.0,0.04583,43237.0
1753591918964,04:51:58.964,bitget,ACT/USDT:USDT,0.04581,433.0,0.0458,63511.0,0.04582,10000.0,0.04583,43237.0
1753591919114,04:51:59.114,bitget,ACT/USDT:USDT,0.04581,433.0,0.0458,63511.0,0.04582,10000.0,0.04583,43237.0
1753591919264,04:51:59.264,bitget,ACT/USDT:USDT,0.04581,433.0,0.0458,63511.0,0.04582,10000.0,0.04583,43237.0
1753591919715,04:51:59.715,bitget,ACT/USDT:USDT,0.04581,433.0,0.0458,63511.0,0.04582,10000.0,0.04583,43237.0
1753591919865,04:51:59.865,bitget,ACT/USDT:USDT,0.04581,433.0,0.0458,63511.0,0.04582,10000.0,0.04583,43237.0
1753591920015,04:52:00.015,bitget,ACT/USDT:USDT,0.04581,433.0,0.0458,63511.0,0.04582,10000.0,0.04583,43237.0
1753591920315,04:52:00.315,bitget,ACT/USDT:USDT,0.04581,433.0,0.0458,63511.0,0.04582,10000.0,0.04583,43237.0
1753591920465,04:52:00.465,bitget,ACT/USDT:USDT,0.04581,433.0,0.0458,63511.0,0.04582,10000.0,0.04583,43237.0
1753591920615,04:52:00.615,bitget,ACT/USDT:USDT,0.04581,433.0,0.0458,63511.0,0.04582,10000.0,0.04583,43237.0
1753591920915,04:52:00.915,bitget,ACT/USDT:USDT,0.04581,433.0,0.0458,63511.0,0.04582,10000.0,0.04583,43237.0
1753591921966,04:52:01.966,bitget,ACT/USDT:USDT,0.04581,10433.0,0.0458,62419.0,0.04583,32510.0,0.04584,58174.0
1753591922116,04:52:02.116,bitget,ACT/USDT:USDT,0.04581,26001.0,0.0458,62419.0,0.04583,32510.0,0.04584,58174.0
1753591922266,04:52:02.266,bitget,ACT/USDT:USDT,0.04581,26001.0,0.0458,62419.0,0.04583,32510.0,0.04584,58174.0
1753591922566,04:52:02.566,bitget,ACT/USDT:USDT,0.04581,433.0,0.0458,62419.0,0.04583,32510.0,0.04584,58174.0
1753591922867,04:52:02.867,bitget,ACT/USDT:USDT,0.04581,433.0,0.0458,62419.0,0.04583,32510.0,0.04584,58174.0
1753591923017,04:52:03.017,bitget,ACT/USDT:USDT,0.04581,433.0,0.0458,62419.0,0.04583,32510.0,0.04584,58174.0
1753591923317,04:52:03.317,bitget,ACT/USDT:USDT,0.04581,433.0,0.0458,62419.0,0.04583,32510.0,0.04584,58174.0
1753591923467,04:52:03.467,bitget,ACT/USDT:USDT,0.04581,433.0,0.0458,62419.0,0.04583,32510.0,0.04584,58174.0
1753591923617,04:52:03.617,bitget,ACT/USDT:USDT,0.04581,433.0,0.0458,62419.0,0.04583,32510.0,0.04584,58174.0
1753591923767,04:52:03.767,bitget,ACT/USDT:USDT,0.04581,433.0,0.0458,62419.0,0.04583,32510.0,0.04584,58174.0
1753591924668,04:52:04.668,bitget,ACT/USDT:USDT,0.04581,10433.0,0.0458,62419.0,0.04583,32510.0,0.04584,58174.0
1753591924818,04:52:04.818,bitget,ACT/USDT:USDT,0.04581,10433.0,0.0458,62419.0,0.04583,32510.0,0.04584,58174.0
1753591925118,04:52:05.118,bitget,ACT/USDT:USDT,0.04581,10433.0,0.0458,62419.0,0.04583,32510.0,0.04584,58174.0
1753591925268,04:52:05.268,bitget,ACT/USDT:USDT,0.04581,10433.0,0.0458,62419.0,0.04583,32510.0,0.04584,58174.0
1753591925568,04:52:05.568,bitget,ACT/USDT:USDT,0.04581,10433.0,0.0458,62419.0,0.04583,32510.0,0.04584,58174.0
1753591925868,04:52:05.868,bitget,ACT/USDT:USDT,0.04581,10433.0,0.0458,62419.0,0.04583,32510.0,0.04584,58174.0
1753591926018,04:52:06.018,bitget,ACT/USDT:USDT,0.04581,10433.0,0.0458,62419.0,0.04583,32510.0,0.04584,58174.0
1753591926319,04:52:06.319,bitget,ACT/USDT:USDT,0.04581,10433.0,0.0458,62419.0,0.04583,32510.0,0.04584,58174.0
1753591926469,04:52:06.469,bitget,ACT/USDT:USDT,0.04581,10433.0,0.0458,62419.0,0.04583,32510.0,0.04584,58174.0
1753591927069,04:52:07.069,bitget,ACT/USDT:USDT,0.04581,10433.0,0.0458,62419.0,0.04583,32510.0,0.04584,58174.0
1753591927219,04:52:07.219,bitget,ACT/USDT:USDT,0.04581,10433.0,0.0458,62419.0,0.04583,32510.0,0.04584,58174.0
1753591927369,04:52:07.369,bitget,ACT/USDT:USDT,0.04581,10433.0,0.0458,62419.0,0.04583,32510.0,0.04584,58174.0
1753591927669,04:52:07.669,bitget,ACT/USDT:USDT,0.04581,10433.0,0.0458,62419.0,0.04583,32510.0,0.04584,58174.0
1753591928120,04:52:08.120,bitget,ACT/USDT:USDT,0.04581,10433.0,0.0458,62419.0,0.04583,32510.0,0.04584,58174.0
1753591928270,04:52:08.270,bitget,ACT/USDT:USDT,0.04581,10433.0,0.0458,62419.0,0.04583,32510.0,0.04584,58174.0
1753591928570,04:52:08.570,bitget,ACT/USDT:USDT,0.04581,10433.0,0.0458,62419.0,0.04583,32510.0,0.04584,58174.0
1753591928720,04:52:08.720,bitget,ACT/USDT:USDT,0.04581,10433.0,0.0458,62419.0,0.04583,32510.0,0.04584,58174.0
1753591929020,04:52:09.020,bitget,ACT/USDT:USDT,0.04581,10433.0,0.0458,62419.0,0.04583,32510.0,0.04584,58174.0
1753591929170,04:52:09.170,bitget,ACT/USDT:USDT,0.04581,10433.0,0.0458,62419.0,0.04583,32510.0,0.04584,58174.0
1753591929320,04:52:09.320,bitget,ACT/USDT:USDT,0.04581,10433.0,0.0458,62419.0,0.04583,32510.0,0.04584,58174.0
1753591929470,04:52:09.470,bitget,ACT/USDT:USDT,0.04581,10433.0,0.0458,62419.0,0.04583,32510.0,0.04584,58174.0
1753591929621,04:52:09.621,bitget,ACT/USDT:USDT,0.04581,10433.0,0.0458,62419.0,0.04583,32510.0,0.04584,58174.0
1753591929921,04:52:09.921,bitget,ACT/USDT:USDT,0.04581,10433.0,0.0458,62419.0,0.04583,32510.0,0.04584,58174.0
1753591930071,04:52:10.071,bitget,ACT/USDT:USDT,0.04581,10433.0,0.0458,62419.0,0.04583,32510.0,0.04584,58174.0
1753591930221,04:52:10.221,bitget,ACT/USDT:USDT,0.04581,10433.0,0.0458,62419.0,0.04583,32510.0,0.04584,58174.0
1753591930521,04:52:10.521,bitget,ACT/USDT:USDT,0.04581,10433.0,0.0458,62419.0,0.04583,32510.0,0.04584,58174.0
1753591930971,04:52:10.971,bitget,ACT/USDT:USDT,0.04581,10433.0,0.0458,62419.0,0.04583,32510.0,0.04584,58174.0
1753591931121,04:52:11.121,bitget,ACT/USDT:USDT,0.04581,10000.0,0.0458,62419.0,0.04583,32510.0,0.04584,58174.0
1753591931271,04:52:11.271,bitget,ACT/USDT:USDT,0.04582,433.0,0.04581,10000.0,0.04583,32510.0,0.04584,58174.0
1753591931422,04:52:11.422,bitget,ACT/USDT:USDT,0.04582,433.0,0.04581,10000.0,0.04583,32510.0,0.04584,58174.0
1753591931572,04:52:11.572,bitget,ACT/USDT:USDT,0.04582,433.0,0.04581,25568.0,0.04583,32510.0,0.04584,58174.0
1753591931722,04:52:11.722,bitget,ACT/USDT:USDT,0.04582,433.0,0.04581,25568.0,0.04584,58174.0,0.04585,64786.0
1753591931872,04:52:11.872,bitget,ACT/USDT:USDT,0.04582,433.0,0.04581,25568.0,0.04583,10000.0,0.04584,56854.0
1753591932172,04:52:12.172,bitget,ACT/USDT:USDT,0.04582,433.0,0.04581,25568.0,0.04583,10000.0,0.04584,56854.0
1753591932322,04:52:12.322,bitget,ACT/USDT:USDT,0.04582,433.0,0.04581,25568.0,0.04583,10000.0,0.04584,56854.0
1753591932772,04:52:12.772,bitget,ACT/USDT:USDT,0.04582,433.0,0.04581,25568.0,0.04583,10000.0,0.04584,58174.0
1753591932922,04:52:12.922,bitget,ACT/USDT:USDT,0.04582,433.0,0.04581,25568.0,0.04583,10000.0,0.04584,58174.0
1753591933673,04:52:13.673,bitget,ACT/USDT:USDT,0.04582,433.0,0.04581,25568.0,0.04583,10000.0,0.04584,58174.0
1753591933823,04:52:13.823,bitget,ACT/USDT:USDT,0.04582,433.0,0.04581,25568.0,0.04583,10000.0,0.04584,58174.0
1753591933973,04:52:13.973,bitget,ACT/USDT:USDT,0.04582,433.0,0.04581,25568.0,0.04583,10000.0,0.04584,58174.0
1753591934123,04:52:14.123,bitget,ACT/USDT:USDT,0.04582,433.0,0.04581,25568.0,0.04583,10000.0,0.04584,58174.0
1753591934273,04:52:14.273,bitget,ACT/USDT:USDT,0.04582,433.0,0.04581,25568.0,0.04583,10000.0,0.04584,58174.0
1753591934573,04:52:14.573,bitget,ACT/USDT:USDT,0.04582,433.0,0.04581,25568.0,0.04583,10000.0,0.04584,58174.0
1753591934723,04:52:14.723,bitget,ACT/USDT:USDT,0.04582,433.0,0.04581,25568.0,0.04583,10000.0,0.04584,58174.0
1753591934874,04:52:14.874,bitget,ACT/USDT:USDT,0.04582,433.0,0.04581,25568.0,0.04583,10000.0,0.04584,58174.0
1753591935174,04:52:15.174,bitget,ACT/USDT:USDT,0.04582,433.0,0.04581,25568.0,0.04583,10000.0,0.04584,58174.0
1753591935324,04:52:15.324,bitget,ACT/USDT:USDT,0.04582,433.0,0.04581,25568.0,0.04583,10000.0,0.04584,58174.0
1753591935474,04:52:15.474,bitget,ACT/USDT:USDT,0.04582,433.0,0.04581,25568.0,0.04583,10000.0,0.04584,58174.0
1753591935624,04:52:15.624,bitget,ACT/USDT:USDT,0.04582,433.0,0.04581,25568.0,0.04583,10000.0,0.04584,58174.0
1753591935774,04:52:15.774,bitget,ACT/USDT:USDT,0.04582,433.0,0.04581,25568.0,0.04583,10000.0,0.04584,58174.0
1753591935924,04:52:15.924,bitget,ACT/USDT:USDT,0.04582,433.0,0.04581,25568.0,0.04583,10000.0,0.04584,58174.0
1753591936224,04:52:16.224,bitget,ACT/USDT:USDT,0.04582,433.0,0.04581,25568.0,0.04583,10000.0,0.04584,58174.0
1753591936825,04:52:16.825,bitget,ACT/USDT:USDT,0.04582,433.0,0.04581,25568.0,0.04583,10000.0,0.04584,58174.0
1753591936975,04:52:16.975,bitget,ACT/USDT:USDT,0.04582,433.0,0.04581,25568.0,0.04583,10000.0,0.04584,58174.0
1753591937125,04:52:17.125,bitget,ACT/USDT:USDT,0.04582,433.0,0.04581,25568.0,0.04583,10000.0,0.04584,58174.0
1753591937275,04:52:17.275,bitget,ACT/USDT:USDT,0.04582,433.0,0.04581,25568.0,0.04583,10000.0,0.04584,58174.0
1753591937725,04:52:17.725,bitget,ACT/USDT:USDT,0.04582,433.0,0.04581,25568.0,0.04583,10000.0,0.04584,58174.0
1753591937875,04:52:17.875,bitget,ACT/USDT:USDT,0.04582,433.0,0.04581,25568.0,0.04583,10000.0,0.04584,58174.0
1753591938926,04:52:18.926,bitget,ACT/USDT:USDT,0.04582,433.0,0.04581,25568.0,0.04583,10000.0,0.04584,58174.0
1753591939076,04:52:19.076,bitget,ACT/USDT:USDT,0.04582,433.0,0.04581,25568.0,0.04583,10000.0,0.04584,58174.0
1753591939376,04:52:19.376,bitget,ACT/USDT:USDT,0.04582,433.0,0.04581,25568.0,0.04583,10000.0,0.04584,58174.0
1753591939676,04:52:19.676,bitget,ACT/USDT:USDT,0.04582,433.0,0.04581,25568.0,0.04583,10000.0,0.04584,58174.0
1753591939826,04:52:19.826,bitget,ACT/USDT:USDT,0.04582,433.0,0.04581,25568.0,0.04583,10000.0,0.04584,58174.0
1753591939977,04:52:19.977,bitget,ACT/USDT:USDT,0.04582,433.0,0.04581,25568.0,0.04583,10000.0,0.04584,58174.0
1753591940127,04:52:20.127,bitget,ACT/USDT:USDT,0.04582,433.0,0.04581,25568.0,0.04583,10000.0,0.04584,58174.0
1753591940277,04:52:20.277,bitget,ACT/USDT:USDT,0.04582,433.0,0.04581,25568.0,0.04583,10000.0,0.04584,58174.0
1753591940427,04:52:20.427,bitget,ACT/USDT:USDT,0.04582,433.0,0.04581,25568.0,0.04583,10000.0,0.04584,58174.0
1753591940577,04:52:20.577,bitget,ACT/USDT:USDT,0.04582,433.0,0.04581,25568.0,0.04583,10000.0,0.04584,58174.0
1753591940727,04:52:20.727,bitget,ACT/USDT:USDT,0.04582,433.0,0.04581,25568.0,0.04583,10000.0,0.04584,58174.0
1753591941327,04:52:21.327,bitget,ACT/USDT:USDT,0.04582,433.0,0.04581,25568.0,0.04583,10000.0,0.04584,58174.0
1753591941478,04:52:21.478,bitget,ACT/USDT:USDT,0.04582,433.0,0.04581,25568.0,0.04583,10000.0,0.04584,58174.0
1753591941928,04:52:21.928,bitget,ACT/USDT:USDT,0.04582,433.0,0.04581,25568.0,0.04583,10000.0,0.04584,58174.0
1753591942078,04:52:22.078,bitget,ACT/USDT:USDT,0.04582,433.0,0.04581,25568.0,0.04583,10000.0,0.04584,58174.0
1753591942228,04:52:22.228,bitget,ACT/USDT:USDT,0.04582,433.0,0.04581,25568.0,0.04583,10000.0,0.04584,58174.0
1753591942378,04:52:22.378,bitget,ACT/USDT:USDT,0.04582,433.0,0.04581,25568.0,0.04583,10000.0,0.04584,58174.0
1753591942528,04:52:22.528,bitget,ACT/USDT:USDT,0.04582,433.0,0.04581,25568.0,0.04583,10000.0,0.04584,58174.0
1753591942678,04:52:22.678,bitget,ACT/USDT:USDT,0.04582,433.0,0.04581,25568.0,0.04583,10000.0,0.04584,58174.0
1753591942978,04:52:22.978,bitget,ACT/USDT:USDT,0.04582,433.0,0.04581,25568.0,0.04583,10000.0,0.04584,58174.0
1753591943129,04:52:23.129,bitget,ACT/USDT:USDT,0.04582,433.0,0.04581,25568.0,0.04583,10000.0,0.04584,58174.0
1753591943279,04:52:23.279,bitget,ACT/USDT:USDT,0.04582,1753.0,0.04581,56986.0,0.04584,45481.0,0.04585,76159.0
1753591943429,04:52:23.429,bitget,ACT/USDT:USDT,0.04582,1753.0,0.04581,56986.0,0.04584,45481.0,0.04585,64363.0
1753591943729,04:52:23.729,bitget,ACT/USDT:USDT,0.04582,11753.0,0.04581,56986.0,0.04584,45481.0,0.04585,64363.0
1753591944179,04:52:24.179,bitget,ACT/USDT:USDT,0.04582,11753.0,0.04581,56986.0,0.04584,45481.0,0.04585,64363.0
1753591944329,04:52:24.329,bitget,ACT/USDT:USDT,0.04582,11753.0,0.04581,56986.0,0.04584,45481.0,0.04585,64363.0
1753591944479,04:52:24.479,bitget,ACT/USDT:USDT,0.04582,11753.0,0.04581,56986.0,0.04584,45481.0,0.04585,64363.0
1753591944629,04:52:24.629,bitget,ACT/USDT:USDT,0.04582,11753.0,0.04581,56986.0,0.04584,45481.0,0.04585,64363.0
1753591944780,04:52:24.780,bitget,ACT/USDT:USDT,0.04582,11753.0,0.04581,56986.0,0.04584,45481.0,0.04585,64363.0
1753591945230,04:52:25.230,bitget,ACT/USDT:USDT,0.04582,11753.0,0.04581,56986.0,0.04584,45481.0,0.04585,64363.0
1753591945380,04:52:25.380,bitget,ACT/USDT:USDT,0.04582,11753.0,0.04581,56986.0,0.04584,45481.0,0.04585,64363.0
1753591945530,04:52:25.530,bitget,ACT/USDT:USDT,0.04582,11753.0,0.04581,56986.0,0.04584,45481.0,0.04585,64363.0
1753591945680,04:52:25.680,bitget,ACT/USDT:USDT,0.04582,11753.0,0.04581,56986.0,0.04584,45481.0,0.04585,64363.0
1753591945830,04:52:25.830,bitget,ACT/USDT:USDT,0.04582,11753.0,0.04581,56986.0,0.04584,45481.0,0.04585,64363.0
1753591945980,04:52:25.980,bitget,ACT/USDT:USDT,0.04582,11753.0,0.04581,56986.0,0.04584,45481.0,0.04585,64363.0
1753591946281,04:52:26.281,bitget,ACT/USDT:USDT,0.04582,11753.0,0.04581,56986.0,0.04584,45481.0,0.04585,64363.0
1753591946731,04:52:26.731,bitget,ACT/USDT:USDT,0.04582,23706.0,0.04581,56986.0,0.04584,32510.0,0.04585,64363.0
1753591946881,04:52:26.881,bitget,ACT/USDT:USDT,0.04582,23706.0,0.04581,56986.0,0.04584,32510.0,0.04585,64363.0
1753591947031,04:52:27.031,bitget,ACT/USDT:USDT,0.04582,23706.0,0.04581,56986.0,0.04584,32510.0,0.04585,64363.0
1753591947181,04:52:27.181,bitget,ACT/USDT:USDT,0.04582,23706.0,0.04581,56986.0,0.04584,32510.0,0.04585,64363.0
1753591947331,04:52:27.331,bitget,ACT/USDT:USDT,0.04582,23706.0,0.04581,56986.0,0.04584,32510.0,0.04585,64363.0
1753591947481,04:52:27.481,bitget,ACT/USDT:USDT,0.04582,23706.0,0.04581,56986.0,0.04584,32510.0,0.04585,64363.0
1753591948682,04:52:28.682,bitget,ACT/USDT:USDT,0.04582,10433.0,0.04581,24476.0,0.04584,32510.0,0.04585,64363.0
1753591948832,04:52:28.832,bitget,ACT/USDT:USDT,0.04582,10433.0,0.04581,24476.0,0.04584,32510.0,0.04585,64363.0
1753591948982,04:52:28.982,bitget,ACT/USDT:USDT,0.04582,10433.0,0.04581,24476.0,0.04584,32510.0,0.04585,64363.0
1753591949132,04:52:29.132,bitget,ACT/USDT:USDT,0.04582,10433.0,0.04581,24476.0,0.04584,32510.0,0.04585,64363.0
1753591949282,04:52:29.282,bitget,ACT/USDT:USDT,0.04582,10433.0,0.04581,24476.0,0.04584,32510.0,0.04585,64363.0
1753591949432,04:52:29.432,bitget,ACT/USDT:USDT,0.04582,10433.0,0.04581,24476.0,0.04584,32510.0,0.04585,64363.0
1753591950783,04:52:30.783,bitget,ACT/USDT:USDT,0.0458,51099.0,0.04579,46986.0,0.04582,10237.0,0.04583,42510.0
1753591950933,04:52:30.933,bitget,ACT/USDT:USDT,0.0458,51099.0,0.04579,46986.0,0.04582,10237.0,0.04583,42510.0
1753591951234,04:52:31.234,bitget,ACT/USDT:USDT,0.0458,52419.0,0.04579,46986.0,0.04582,237.0,0.04583,42510.0
1753591952134,04:52:32.134,bitget,ACT/USDT:USDT,0.04581,433.0,0.0458,52419.0,0.04582,10237.0,0.04583,42510.0
1753591952735,04:52:32.735,bitget,ACT/USDT:USDT,0.04581,433.0,0.0458,52419.0,0.04582,10237.0,0.04583,42510.0
1753591953185,04:52:33.185,bitget,ACT/USDT:USDT,0.04581,433.0,0.0458,52419.0,0.04582,10237.0,0.04583,42510.0
1753591953335,04:52:33.335,bitget,ACT/USDT:USDT,0.04581,433.0,0.0458,52419.0,0.04582,10237.0,0.04583,42510.0
1753591953635,04:52:33.635,bitget,ACT/USDT:USDT,0.04581,433.0,0.0458,52419.0,0.04582,10237.0,0.04583,42510.0
1753591953785,04:52:33.785,bitget,ACT/USDT:USDT,0.04581,433.0,0.0458,52419.0,0.04582,10237.0,0.04583,42510.0
1753591954085,04:52:34.085,bitget,ACT/USDT:USDT,0.04581,433.0,0.0458,52419.0,0.04582,10237.0,0.04583,42510.0
1753591954235,04:52:34.235,bitget,ACT/USDT:USDT,0.04581,433.0,0.0458,52419.0,0.04582,10237.0,0.04583,42510.0
1753591954536,04:52:34.536,bitget,ACT/USDT:USDT,0.04581,433.0,0.0458,52419.0,0.04582,10237.0,0.04583,42510.0
1753591954686,04:52:34.686,bitget,ACT/USDT:USDT,0.04581,433.0,0.0458,52419.0,0.04582,10237.0,0.04583,42510.0
1753591954836,04:52:34.836,bitget,ACT/USDT:USDT,0.04581,433.0,0.0458,52419.0,0.04582,10237.0,0.04583,42510.0
1753591954986,04:52:34.986,bitget,ACT/USDT:USDT,0.04581,433.0,0.0458,52419.0,0.04582,10237.0,0.04583,42510.0
1753591955136,04:52:35.136,bitget,ACT/USDT:USDT,0.04581,433.0,0.0458,52419.0,0.04582,10237.0,0.04583,42510.0
1753591955286,04:52:35.286,bitget,ACT/USDT:USDT,0.04581,433.0,0.0458,52419.0,0.04582,10237.0,0.04583,42510.0
1753591955586,04:52:35.586,bitget,ACT/USDT:USDT,0.04581,433.0,0.0458,52419.0,0.04582,10237.0,0.04583,42510.0
1753591955736,04:52:35.736,bitget,ACT/USDT:USDT,0.04581,433.0,0.0458,52419.0,0.04582,10237.0,0.04583,42510.0
1753591955887,04:52:35.887,bitget,ACT/USDT:USDT,0.04581,433.0,0.0458,52419.0,0.04582,10237.0,0.04583,42510.0
1753591956037,04:52:36.037,bitget,ACT/USDT:USDT,0.04581,433.0,0.0458,52419.0,0.04582,10237.0,0.04583,42510.0
1753591956487,04:52:36.487,bitget,ACT/USDT:USDT,0.04581,433.0,0.0458,52419.0,0.04582,10237.0,0.04583,42510.0
1753591956637,04:52:36.637,bitget,ACT/USDT:USDT,0.04581,433.0,0.0458,52419.0,0.04582,10237.0,0.04583,42510.0
1753591957087,04:52:37.087,bitget,ACT/USDT:USDT,0.04581,433.0,0.0458,52419.0,0.04582,10237.0,0.04583,42510.0
1753591957688,04:52:37.688,bitget,ACT/USDT:USDT,0.04581,433.0,0.0458,52419.0,0.04582,10237.0,0.04583,42510.0
1753591957838,04:52:37.838,bitget,ACT/USDT:USDT,0.04581,433.0,0.0458,52419.0,0.04582,10237.0,0.04583,42510.0
1753591958588,04:52:38.588,bitget,ACT/USDT:USDT,0.04581,433.0,0.0458,52419.0,0.04582,10237.0,0.04583,42510.0
1753591958889,04:52:38.889,bitget,ACT/USDT:USDT,0.04581,433.0,0.0458,52419.0,0.04582,10237.0,0.04583,42510.0
1753591959339,04:52:39.339,bitget,ACT/USDT:USDT,0.04581,433.0,0.0458,52419.0,0.04582,10237.0,0.04583,42510.0
1753591959489,04:52:39.489,bitget,ACT/USDT:USDT,0.04581,433.0,0.0458,52419.0,0.04582,10237.0,0.04583,42510.0
1753591959789,04:52:39.789,bitget,ACT/USDT:USDT,0.04581,433.0,0.0458,52419.0,0.04582,237.0,0.04583,42510.0
1753591959939,04:52:39.939,bitget,ACT/USDT:USDT,0.04581,2159.0,0.0458,52419.0,0.04582,237.0,0.04583,10000.0
1753591960540,04:52:40.540,bitget,ACT/USDT:USDT,0.04581,24727.0,0.0458,52419.0,0.04583,10000.0,0.04584,48893.0
1753591960690,04:52:40.690,bitget,ACT/USDT:USDT,0.04581,24727.0,0.0458,52419.0,0.04583,42510.0,0.04584,48893.0
1753591960840,04:52:40.840,bitget,ACT/USDT:USDT,0.04581,24727.0,0.0458,52419.0,0.04583,42510.0,0.04584,48893.0
1753591961140,04:52:41.140,bitget,ACT/USDT:USDT,0.04581,24727.0,0.0458,52419.0,0.04583,42510.0,0.04584,48893.0
1753591961440,04:52:41.440,bitget,ACT/USDT:USDT,0.04581,24727.0,0.0458,52419.0,0.04583,42510.0,0.04584,48893.0
1753591961590,04:52:41.590,bitget,ACT/USDT:USDT,0.04581,13001.0,0.0458,52419.0,0.04583,42510.0,0.04584,48893.0
1753591961890,04:52:41.890,bitget,ACT/USDT:USDT,0.04581,13001.0,0.0458,52419.0,0.04583,42510.0,0.04584,48893.0
1753591962041,04:52:42.041,bitget,ACT/USDT:USDT,0.04581,13001.0,0.0458,52419.0,0.04583,42510.0,0.04584,48893.0
1753591962191,04:52:42.191,bitget,ACT/USDT:USDT,0.04581,13001.0,0.0458,52419.0,0.04583,42510.0,0.04584,48893.0
1753591962341,04:52:42.341,bitget,ACT/USDT:USDT,0.04581,13001.0,0.0458,52419.0,0.04583,42510.0,0.04584,48893.0
1753591962491,04:52:42.491,bitget,ACT/USDT:USDT,0.04581,23001.0,0.0458,52419.0,0.04583,42510.0,0.04584,48893.0
1753591963091,04:52:43.091,bitget,ACT/USDT:USDT,0.04581,23001.0,0.0458,52419.0,0.04583,42510.0,0.04584,48893.0
1753591963391,04:52:43.391,bitget,ACT/USDT:USDT,0.04581,23001.0,0.0458,52419.0,0.04583,42510.0,0.04584,48893.0
1753591963541,04:52:43.541,bitget,ACT/USDT:USDT,0.04581,23001.0,0.0458,52419.0,0.04583,42510.0,0.04584,48893.0
1753591963692,04:52:43.692,bitget,ACT/USDT:USDT,0.04581,23001.0,0.0458,52419.0,0.04583,42510.0,0.04584,48893.0
1753591963842,04:52:43.842,bitget,ACT/USDT:USDT,0.04581,23001.0,0.0458,52419.0,0.04583,42510.0,0.04584,48893.0
1753591964142,04:52:44.142,bitget,ACT/USDT:USDT,0.04581,23001.0,0.0458,52419.0,0.04583,42510.0,0.04584,48893.0
1753591964292,04:52:44.292,bitget,ACT/USDT:USDT,0.04581,23001.0,0.0458,52419.0,0.04583,42510.0,0.04584,48893.0
1753591965042,04:52:45.042,bitget,ACT/USDT:USDT,0.04581,23001.0,0.0458,52419.0,0.04583,42510.0,0.04584,48893.0
1753591965193,04:52:45.193,bitget,ACT/USDT:USDT,0.04581,23001.0,0.0458,52419.0,0.04583,42510.0,0.04584,48893.0
1753591965493,04:52:45.493,bitget,ACT/USDT:USDT,0.04581,23001.0,0.0458,52419.0,0.04583,42510.0,0.04584,48893.0
1753591965793,04:52:45.793,bitget,ACT/USDT:USDT,0.04581,23001.0,0.0458,52419.0,0.04583,42510.0,0.04584,48893.0
1753591965943,04:52:45.943,bitget,ACT/USDT:USDT,0.04581,23001.0,0.0458,52419.0,0.04583,42510.0,0.04584,48893.0
1753591966393,04:52:46.393,bitget,ACT/USDT:USDT,0.04581,23001.0,0.0458,52419.0,0.04583,42510.0,0.04584,48893.0
1753591966543,04:52:46.543,bitget,ACT/USDT:USDT,0.04581,23001.0,0.0458,52419.0,0.04583,42510.0,0.04584,48893.0
1753591966694,04:52:46.694,bitget,ACT/USDT:USDT,0.04581,23001.0,0.0458,52419.0,0.04583,10000.0,0.04584,48893.0
1753591966844,04:52:46.844,bitget,ACT/USDT:USDT,0.04581,23001.0,0.0458,52419.0,0.04583,10000.0,0.04584,48893.0
1753591967144,04:52:47.144,bitget,ACT/USDT:USDT,0.04581,23001.0,0.0458,52419.0,0.04583,10000.0,0.04584,48893.0
1753591967444,04:52:47.444,bitget,ACT/USDT:USDT,0.04581,23001.0,0.0458,52419.0,0.04583,10000.0,0.04584,48893.0
1753591967594,04:52:47.594,bitget,ACT/USDT:USDT,0.04581,23001.0,0.0458,52419.0,0.04583,10000.0,0.04584,48893.0
1753591967744,04:52:47.744,bitget,ACT/USDT:USDT,0.04581,23001.0,0.0458,52419.0,0.04583,10000.0,0.04584,48893.0
1753591967894,04:52:47.894,bitget,ACT/USDT:USDT,0.04581,23001.0,0.0458,52419.0,0.04583,10000.0,0.04584,48893.0
1753591968044,04:52:48.044,bitget,ACT/USDT:USDT,0.04581,23001.0,0.0458,52419.0,0.04583,10000.0,0.04584,48893.0
1753591968194,04:52:48.194,bitget,ACT/USDT:USDT,0.04582,433.0,0.04581,22568.0,0.04584,48893.0,0.04585,64363.0
1753591968345,04:52:48.345,bitget,ACT/USDT:USDT,0.04582,433.0,0.04581,21476.0,0.04584,48893.0,0.04585,64363.0
1753591968795,04:52:48.795,bitget,ACT/USDT:USDT,0.04582,10433.0,0.04581,21476.0,0.04584,48893.0,0.04585,64363.0
1753591969095,04:52:49.095,bitget,ACT/USDT:USDT,0.04582,10433.0,0.04581,21476.0,0.04584,48893.0,0.04585,64363.0
1753591969245,04:52:49.245,bitget,ACT/USDT:USDT,0.04582,10433.0,0.04581,21476.0,0.04584,48893.0,0.04585,64363.0
1753591969395,04:52:49.395,bitget,ACT/USDT:USDT,0.04582,10433.0,0.04581,21476.0,0.04584,48893.0,0.04585,64363.0
1753591969545,04:52:49.545,bitget,ACT/USDT:USDT,0.04582,10433.0,0.04581,21476.0,0.04584,48893.0,0.04585,64363.0
1753591969695,04:52:49.695,bitget,ACT/USDT:USDT,0.04582,10433.0,0.04581,21476.0,0.04584,48893.0,0.04585,64363.0
1753591969846,04:52:49.846,bitget,ACT/USDT:USDT,0.04582,10433.0,0.04581,21476.0,0.04584,48893.0,0.04585,64363.0
1753591969996,04:52:49.996,bitget,ACT/USDT:USDT,0.04582,10433.0,0.04581,21476.0,0.04584,48893.0,0.04585,64363.0
1753591970596,04:52:50.596,bitget,ACT/USDT:USDT,0.04582,11753.0,0.04581,21476.0,0.04584,48893.0,0.04585,64363.0
1753591970746,04:52:50.746,bitget,ACT/USDT:USDT,0.04582,11753.0,0.04581,21476.0,0.04584,48893.0,0.04585,64363.0
1753591970896,04:52:50.896,bitget,ACT/USDT:USDT,0.04582,11753.0,0.04581,21476.0,0.04584,48893.0,0.04585,64363.0
1753591971046,04:52:51.046,bitget,ACT/USDT:USDT,0.04582,11753.0,0.04581,21476.0,0.04584,48893.0,0.04585,64363.0
1753591971196,04:52:51.196,bitget,ACT/USDT:USDT,0.04582,11753.0,0.04581,21476.0,0.04584,48893.0,0.04585,64363.0
1753591971347,04:52:51.347,bitget,ACT/USDT:USDT,0.04582,11753.0,0.04581,21476.0,0.04584,48893.0,0.04585,64363.0
1753591971497,04:52:51.497,bitget,ACT/USDT:USDT,0.04582,11753.0,0.04581,21476.0,0.04584,48893.0,0.04585,64363.0
1753591971647,04:52:51.647,bitget,ACT/USDT:USDT,0.04582,11753.0,0.04581,21476.0,0.04584,48893.0,0.04585,64363.0
1753591971797,04:52:51.797,bitget,ACT/USDT:USDT,0.04582,11753.0,0.04581,21476.0,0.04584,48893.0,0.04585,64363.0
1753591971947,04:52:51.947,bitget,ACT/USDT:USDT,0.04582,11753.0,0.04581,21476.0,0.04584,48893.0,0.04585,64363.0
1753591972097,04:52:52.097,bitget,ACT/USDT:USDT,0.04582,11753.0,0.04581,21476.0,0.04584,48893.0,0.04585,64363.0
