timestamp,time,symbol,bid1_price,bid1_volume,bid2_price,bid2_volume,ask1_price,ask1_volume,ask2_price,ask2_volume
1753546945234,16:22:25.234,AERO/USDT:USDT,0.9035,101.0,0.9034,1099.0,0.9041,101.0,0.9042,80.0
1753546946134,16:22:26.134,AERO/USDT:USDT,0.9035,381.0,0.9034,1099.0,0.9041,101.0,0.9043,1188.0
1753546946435,16:22:26.435,AERO/USDT:USDT,0.9035,381.0,0.9034,1099.0,0.9041,101.0,0.9043,1188.0
1753546946885,16:22:26.885,AERO/USDT:USDT,0.9035,288.0,0.9033,92.0,0.9041,101.0,0.9043,89.0
1753546947035,16:22:27.035,AERO/USDT:USDT,0.9035,212.0,0.9033,92.0,0.9041,101.0,0.9043,89.0
1753546947185,16:22:27.185,AERO/USDT:USDT,0.9035,212.0,0.9033,92.0,0.9041,101.0,0.9043,89.0
1753546947335,16:22:27.335,AERO/USDT:USDT,0.9035,212.0,0.9033,92.0,0.9041,101.0,0.9043,89.0
1753546947485,16:22:27.485,AERO/USDT:USDT,0.9035,212.0,0.9033,92.0,0.9041,101.0,0.9043,89.0
1753546948086,16:22:28.086,AERO/USDT:USDT,0.9035,1160.0,0.9033,92.0,0.9041,101.0,0.9043,89.0
1753546948236,16:22:28.236,AERO/USDT:USDT,0.9035,1160.0,0.9033,92.0,0.9041,101.0,0.9043,89.0
1753546948386,16:22:28.386,AERO/USDT:USDT,0.9035,1160.0,0.9033,92.0,0.9041,101.0,0.9043,89.0
1753546948536,16:22:28.536,AERO/USDT:USDT,0.9035,1160.0,0.9033,92.0,0.9041,101.0,0.9043,89.0
1753546948686,16:22:28.686,AERO/USDT:USDT,0.9035,1160.0,0.9033,92.0,0.9041,101.0,0.9043,89.0
1753546948836,16:22:28.836,AERO/USDT:USDT,0.9035,1160.0,0.9033,92.0,0.9041,101.0,0.9043,89.0
1753546949436,16:22:29.436,AERO/USDT:USDT,0.9035,1160.0,0.9033,92.0,0.9041,101.0,0.9043,89.0
1753546949887,16:22:29.887,AERO/USDT:USDT,0.9035,1160.0,0.9033,92.0,0.9041,101.0,0.9043,89.0
1753546950637,16:22:30.637,AERO/USDT:USDT,0.9035,1160.0,0.9033,92.0,0.9041,101.0,0.9043,89.0
1753546953789,16:22:33.789,AERO/USDT:USDT,0.9035,405.0,0.9033,92.0,0.9041,101.0,0.9042,80.0
1753546953939,16:22:33.939,AERO/USDT:USDT,0.9035,405.0,0.9033,92.0,0.9041,101.0,0.9042,80.0
1753546954540,16:22:34.540,AERO/USDT:USDT,0.9035,405.0,0.9033,92.0,0.9041,101.0,0.9042,80.0
1753546954690,16:22:34.690,AERO/USDT:USDT,0.9035,405.0,0.9033,92.0,0.9041,101.0,0.9042,80.0
1753546954840,16:22:34.840,AERO/USDT:USDT,0.9035,405.0,0.9033,92.0,0.9041,101.0,0.9042,80.0
1753546954990,16:22:34.990,AERO/USDT:USDT,0.9035,405.0,0.9033,92.0,0.9041,101.0,0.9042,80.0
1753546955140,16:22:35.140,AERO/USDT:USDT,0.9035,405.0,0.9033,92.0,0.9041,101.0,0.9042,80.0
1753546955290,16:22:35.290,AERO/USDT:USDT,0.9035,405.0,0.9033,92.0,0.9041,101.0,0.9042,80.0
1753546955440,16:22:35.440,AERO/USDT:USDT,0.9035,405.0,0.9033,92.0,0.9041,101.0,0.9042,80.0
1753546955590,16:22:35.590,AERO/USDT:USDT,0.9035,405.0,0.9033,92.0,0.9041,101.0,0.9042,80.0
1753546955890,16:22:35.890,AERO/USDT:USDT,0.9035,405.0,0.9033,92.0,0.9041,101.0,0.9042,80.0
1753546956191,16:22:36.191,AERO/USDT:USDT,0.9035,405.0,0.9033,92.0,0.9041,101.0,0.9042,80.0
1753546956491,16:22:36.491,AERO/USDT:USDT,0.9035,405.0,0.9033,92.0,0.9041,101.0,0.9042,80.0
1753546956791,16:22:36.791,AERO/USDT:USDT,0.9035,405.0,0.9033,92.0,0.9041,101.0,0.9042,80.0
1753546957091,16:22:37.091,AERO/USDT:USDT,0.9035,405.0,0.9033,92.0,0.9041,101.0,0.9042,80.0
1753546957391,16:22:37.391,AERO/USDT:USDT,0.9035,405.0,0.9033,92.0,0.9041,101.0,0.9042,80.0
1753546957542,16:22:37.542,AERO/USDT:USDT,0.9035,405.0,0.9033,92.0,0.9041,101.0,0.9042,80.0
1753546957692,16:22:37.692,AERO/USDT:USDT,0.9035,405.0,0.9033,92.0,0.9041,101.0,0.9042,80.0
1753546957842,16:22:37.842,AERO/USDT:USDT,0.9035,405.0,0.9033,92.0,0.9041,101.0,0.9042,80.0
1753546957992,16:22:37.992,AERO/USDT:USDT,0.9035,405.0,0.9033,92.0,0.9041,101.0,0.9042,80.0
1753546958142,16:22:38.142,AERO/USDT:USDT,0.9035,405.0,0.9033,92.0,0.9041,101.0,0.9042,80.0
1753546958292,16:22:38.292,AERO/USDT:USDT,0.9035,405.0,0.9033,92.0,0.9041,101.0,0.9042,80.0
1753546958442,16:22:38.442,AERO/USDT:USDT,0.9035,405.0,0.9033,92.0,0.9041,101.0,0.9042,80.0
1753546958742,16:22:38.742,AERO/USDT:USDT,0.9035,405.0,0.9033,92.0,0.9041,101.0,0.9042,80.0
1753546958892,16:22:38.892,AERO/USDT:USDT,0.9035,405.0,0.9033,92.0,0.9041,101.0,0.9042,80.0
1753546959193,16:22:39.193,AERO/USDT:USDT,0.9035,405.0,0.9033,92.0,0.9041,101.0,0.9042,80.0
1753546959643,16:22:39.643,AERO/USDT:USDT,0.9035,405.0,0.9033,92.0,0.9041,101.0,0.9042,80.0
1753546959793,16:22:39.793,AERO/USDT:USDT,0.9035,405.0,0.9033,92.0,0.9041,101.0,0.9042,80.0
1753546959943,16:22:39.943,AERO/USDT:USDT,0.9035,405.0,0.9033,92.0,0.9041,101.0,0.9042,80.0
1753546960093,16:22:40.093,AERO/USDT:USDT,0.9035,381.0,0.9033,92.0,0.9041,101.0,0.9042,80.0
1753546960243,16:22:40.243,AERO/USDT:USDT,0.9035,381.0,0.9033,92.0,0.9041,101.0,0.9042,80.0
1753546960393,16:22:40.393,AERO/USDT:USDT,0.9035,381.0,0.9033,92.0,0.9041,101.0,0.9042,80.0
1753546960694,16:22:40.694,AERO/USDT:USDT,0.9035,381.0,0.9031,688.0,0.9041,190.0,0.9042,80.0
1753546960994,16:22:40.994,AERO/USDT:USDT,0.9035,381.0,0.9032,89.0,0.9041,190.0,0.9042,80.0
1753546961294,16:22:41.294,AERO/USDT:USDT,0.9035,941.0,0.9032,89.0,0.9041,190.0,0.9042,80.0
1753546961594,16:22:41.594,AERO/USDT:USDT,0.9035,381.0,0.9032,89.0,0.9041,190.0,0.9042,80.0
1753546961744,16:22:41.744,AERO/USDT:USDT,0.9035,381.0,0.9032,89.0,0.9041,190.0,0.9042,80.0
1753546961894,16:22:41.894,AERO/USDT:USDT,0.9035,381.0,0.9032,89.0,0.9041,190.0,0.9042,80.0
1753546962045,16:22:42.045,AERO/USDT:USDT,0.9035,381.0,0.9032,89.0,0.9041,190.0,0.9042,80.0
1753546962195,16:22:42.195,AERO/USDT:USDT,0.9035,381.0,0.9032,89.0,0.9041,190.0,0.9042,80.0
1753546962345,16:22:42.345,AERO/USDT:USDT,0.9035,381.0,0.9032,89.0,0.9041,190.0,0.9042,80.0
1753546962495,16:22:42.495,AERO/USDT:USDT,0.9035,381.0,0.9032,89.0,0.9041,190.0,0.9042,80.0
1753546962645,16:22:42.645,AERO/USDT:USDT,0.9035,381.0,0.9032,89.0,0.9041,190.0,0.9042,80.0
1753546962795,16:22:42.795,AERO/USDT:USDT,0.9035,381.0,0.9032,89.0,0.9041,190.0,0.9042,80.0
1753546962945,16:22:42.945,AERO/USDT:USDT,0.9035,381.0,0.9032,89.0,0.9041,190.0,0.9042,80.0
1753546963395,16:22:43.395,AERO/USDT:USDT,0.9035,381.0,0.9032,89.0,0.9041,190.0,0.9042,80.0
1753546963545,16:22:43.545,AERO/USDT:USDT,0.9035,381.0,0.9032,89.0,0.9041,190.0,0.9042,80.0
1753546963696,16:22:43.696,AERO/USDT:USDT,0.9035,381.0,0.9032,89.0,0.9041,190.0,0.9042,80.0
1753546963846,16:22:43.846,AERO/USDT:USDT,0.9035,381.0,0.9032,89.0,0.9041,190.0,0.9042,80.0
1753546963996,16:22:43.996,AERO/USDT:USDT,0.9035,381.0,0.9032,89.0,0.9041,190.0,0.9042,80.0
1753546964296,16:22:44.296,AERO/USDT:USDT,0.9035,381.0,0.9032,89.0,0.9041,190.0,0.9042,80.0
1753546964446,16:22:44.446,AERO/USDT:USDT,0.9035,381.0,0.9032,89.0,0.9041,190.0,0.9042,80.0
1753546964746,16:22:44.746,AERO/USDT:USDT,0.9035,381.0,0.9032,89.0,0.9041,190.0,0.9042,80.0
1753546964896,16:22:44.896,AERO/USDT:USDT,0.9035,381.0,0.9032,89.0,0.9041,190.0,0.9042,80.0
1753546965647,16:22:45.647,AERO/USDT:USDT,0.9035,381.0,0.9032,89.0,0.9041,101.0,0.9042,80.0
1753546965797,16:22:45.797,AERO/USDT:USDT,0.9035,1221.0,0.9032,89.0,0.9041,101.0,0.9042,80.0
1753546966547,16:22:46.547,AERO/USDT:USDT,0.9035,381.0,0.9032,89.0,0.9041,101.0,0.9042,80.0
1753546966848,16:22:46.848,AERO/USDT:USDT,0.9035,381.0,0.9032,89.0,0.9041,101.0,0.9042,80.0
1753546966998,16:22:46.998,AERO/USDT:USDT,0.9035,381.0,0.9032,89.0,0.9041,101.0,0.9042,80.0
1753546967148,16:22:47.148,AERO/USDT:USDT,0.9035,381.0,0.9032,89.0,0.9041,101.0,0.9042,80.0
1753546967298,16:22:47.298,AERO/USDT:USDT,0.9035,381.0,0.9032,89.0,0.9041,101.0,0.9042,80.0
1753546967598,16:22:47.598,AERO/USDT:USDT,0.9035,381.0,0.9032,89.0,0.9041,101.0,0.9042,80.0
1753546967748,16:22:47.748,AERO/USDT:USDT,0.9035,381.0,0.9032,89.0,0.9041,101.0,0.9042,80.0
1753546967898,16:22:47.898,AERO/USDT:USDT,0.9035,381.0,0.9032,89.0,0.9041,101.0,0.9042,80.0
1753546968048,16:22:48.048,AERO/USDT:USDT,0.9035,381.0,0.9032,89.0,0.9041,101.0,0.9042,80.0
1753546968198,16:22:48.198,AERO/USDT:USDT,0.9035,381.0,0.9032,89.0,0.9041,101.0,0.9042,80.0
1753546969099,16:22:49.099,AERO/USDT:USDT,0.9035,381.0,0.9032,89.0,0.9041,101.0,0.9042,80.0
1753546969249,16:22:49.249,AERO/USDT:USDT,0.9035,381.0,0.9032,89.0,0.9041,101.0,0.9042,80.0
1753546969399,16:22:49.399,AERO/USDT:USDT,0.9035,381.0,0.9032,89.0,0.9041,101.0,0.9042,80.0
1753546969549,16:22:49.549,AERO/USDT:USDT,0.9035,381.0,0.9032,89.0,0.9041,101.0,0.9042,80.0
1753546969849,16:22:49.849,AERO/USDT:USDT,0.9035,381.0,0.9032,89.0,0.9041,101.0,0.9042,80.0
1753546970000,16:22:50.000,AERO/USDT:USDT,0.9035,381.0,0.9032,89.0,0.9041,101.0,0.9042,80.0
1753546970150,16:22:50.150,AERO/USDT:USDT,0.9035,381.0,0.9032,89.0,0.9041,101.0,0.9042,80.0
1753546970300,16:22:50.300,AERO/USDT:USDT,0.9035,381.0,0.9032,89.0,0.9041,101.0,0.9042,80.0
1753546970750,16:22:50.750,AERO/USDT:USDT,0.9035,381.0,0.9032,89.0,0.9041,101.0,0.9042,80.0
1753546970900,16:22:50.900,AERO/USDT:USDT,0.9035,381.0,0.9032,89.0,0.9041,101.0,0.9042,80.0
1753546971050,16:22:51.050,AERO/USDT:USDT,0.9035,381.0,0.9032,89.0,0.9041,101.0,0.9042,80.0
1753546971200,16:22:51.200,AERO/USDT:USDT,0.9035,381.0,0.9032,89.0,0.9041,101.0,0.9042,80.0
1753546971350,16:22:51.350,AERO/USDT:USDT,0.9035,381.0,0.9032,89.0,0.9041,101.0,0.9042,80.0
1753546971650,16:22:51.650,AERO/USDT:USDT,0.9035,381.0,0.9032,89.0,0.9041,101.0,0.9042,80.0
1753546971801,16:22:51.801,AERO/USDT:USDT,0.9035,381.0,0.9032,89.0,0.9041,101.0,0.9042,80.0
1753546971951,16:22:51.951,AERO/USDT:USDT,0.9035,381.0,0.9032,89.0,0.9041,101.0,0.9042,80.0
1753546972251,16:22:52.251,AERO/USDT:USDT,0.9035,381.0,0.9032,89.0,0.9041,101.0,0.9042,80.0
1753546972401,16:22:52.401,AERO/USDT:USDT,0.9035,381.0,0.9032,89.0,0.9041,101.0,0.9042,80.0
1753546972701,16:22:52.701,AERO/USDT:USDT,0.9035,381.0,0.9032,89.0,0.9041,101.0,0.9042,80.0
1753546973301,16:22:53.301,AERO/USDT:USDT,0.9035,381.0,0.9032,89.0,0.9041,101.0,0.9042,80.0
1753546973452,16:22:53.452,AERO/USDT:USDT,0.9035,381.0,0.9032,89.0,0.9041,101.0,0.9042,80.0
1753546973602,16:22:53.602,AERO/USDT:USDT,0.9035,381.0,0.9032,89.0,0.9041,101.0,0.9042,80.0
1753546973752,16:22:53.752,AERO/USDT:USDT,0.9035,381.0,0.9032,89.0,0.9041,101.0,0.9042,80.0
1753546973902,16:22:53.902,AERO/USDT:USDT,0.9035,381.0,0.9032,89.0,0.9041,101.0,0.9042,80.0
1753546974052,16:22:54.052,AERO/USDT:USDT,0.9035,381.0,0.9032,89.0,0.9041,101.0,0.9042,80.0
1753546974202,16:22:54.202,AERO/USDT:USDT,0.9035,381.0,0.9032,89.0,0.9041,101.0,0.9042,80.0
1753546974352,16:22:54.352,AERO/USDT:USDT,0.9035,381.0,0.9032,89.0,0.9041,101.0,0.9042,80.0
1753546974502,16:22:54.502,AERO/USDT:USDT,0.9035,381.0,0.9032,89.0,0.9041,101.0,0.9042,80.0
1753546974652,16:22:54.652,AERO/USDT:USDT,0.9035,381.0,0.9032,89.0,0.9041,101.0,0.9042,80.0
1753546974802,16:22:54.802,AERO/USDT:USDT,0.9035,381.0,0.9032,89.0,0.9041,101.0,0.9042,80.0
1753546975253,16:22:55.253,AERO/USDT:USDT,0.9035,381.0,0.9032,89.0,0.9041,101.0,0.9042,80.0
1753546975403,16:22:55.403,AERO/USDT:USDT,0.9035,381.0,0.9032,89.0,0.9041,101.0,0.9042,80.0
1753546975553,16:22:55.553,AERO/USDT:USDT,0.9035,381.0,0.9032,89.0,0.9041,101.0,0.9042,80.0
1753546975703,16:22:55.703,AERO/USDT:USDT,0.9035,381.0,0.9032,89.0,0.9041,101.0,0.9042,80.0
1753546975853,16:22:55.853,AERO/USDT:USDT,0.9035,381.0,0.9032,89.0,0.9041,101.0,0.9042,80.0
1753546976003,16:22:56.003,AERO/USDT:USDT,0.9035,381.0,0.9032,89.0,0.9041,101.0,0.9042,80.0
1753546976153,16:22:56.153,AERO/USDT:USDT,0.9035,381.0,0.9032,89.0,0.9041,101.0,0.9042,80.0
1753546976303,16:22:56.303,AERO/USDT:USDT,0.9035,381.0,0.9032,89.0,0.9041,101.0,0.9042,80.0
1753546976454,16:22:56.454,AERO/USDT:USDT,0.9035,381.0,0.9032,89.0,0.9041,101.0,0.9042,80.0
1753546976604,16:22:56.604,AERO/USDT:USDT,0.9035,381.0,0.9032,89.0,0.9041,101.0,0.9042,80.0
1753546976754,16:22:56.754,AERO/USDT:USDT,0.9035,381.0,0.9032,89.0,0.9041,101.0,0.9042,80.0
1753546976904,16:22:56.904,AERO/USDT:USDT,0.9035,381.0,0.9032,89.0,0.9041,101.0,0.9042,80.0
1753546977204,16:22:57.204,AERO/USDT:USDT,0.9035,381.0,0.9032,89.0,0.9041,101.0,0.9042,80.0
1753546977354,16:22:57.354,AERO/USDT:USDT,0.9035,381.0,0.9032,89.0,0.9041,101.0,0.9042,80.0
1753546977504,16:22:57.504,AERO/USDT:USDT,0.9035,381.0,0.9032,89.0,0.9041,101.0,0.9042,80.0
1753546977654,16:22:57.654,AERO/USDT:USDT,0.9035,381.0,0.9032,89.0,0.9041,101.0,0.9042,80.0
1753546977954,16:22:57.954,AERO/USDT:USDT,0.9035,381.0,0.9032,89.0,0.9041,101.0,0.9042,80.0
1753546978105,16:22:58.105,AERO/USDT:USDT,0.9035,381.0,0.9032,89.0,0.9041,101.0,0.9042,80.0
1753546978405,16:22:58.405,AERO/USDT:USDT,0.9035,381.0,0.9032,89.0,0.9041,101.0,0.9042,80.0
1753546978555,16:22:58.555,AERO/USDT:USDT,0.9035,381.0,0.9032,89.0,0.9041,101.0,0.9042,80.0
1753546978855,16:22:58.855,AERO/USDT:USDT,0.9035,381.0,0.9032,89.0,0.9041,101.0,0.9042,80.0
1753546979005,16:22:59.005,AERO/USDT:USDT,0.9035,381.0,0.9032,89.0,0.9041,101.0,0.9042,80.0
1753546979155,16:22:59.155,AERO/USDT:USDT,0.9035,381.0,0.9032,89.0,0.9041,101.0,0.9042,80.0
1753546979305,16:22:59.305,AERO/USDT:USDT,0.9035,381.0,0.9032,89.0,0.9041,101.0,0.9042,80.0
1753546979455,16:22:59.455,AERO/USDT:USDT,0.9035,381.0,0.9032,89.0,0.9041,101.0,0.9042,80.0
1753546979606,16:22:59.606,AERO/USDT:USDT,0.9035,381.0,0.9032,89.0,0.9041,101.0,0.9042,80.0
1753546979906,16:22:59.906,AERO/USDT:USDT,0.9035,381.0,0.9032,89.0,0.9041,101.0,0.9042,80.0
1753546980056,16:23:00.056,AERO/USDT:USDT,0.9035,381.0,0.9032,89.0,0.9041,101.0,0.9042,80.0
1753546980206,16:23:00.206,AERO/USDT:USDT,0.9035,381.0,0.9032,89.0,0.9041,101.0,0.9042,80.0
1753546980356,16:23:00.356,AERO/USDT:USDT,0.9035,381.0,0.9032,89.0,0.9041,101.0,0.9042,80.0
1753546980806,16:23:00.806,AERO/USDT:USDT,0.9035,381.0,0.9032,89.0,0.9041,101.0,0.9042,80.0
1753546980956,16:23:00.956,AERO/USDT:USDT,0.9035,381.0,0.9032,89.0,0.9041,101.0,0.9042,80.0
1753546981106,16:23:01.106,AERO/USDT:USDT,0.9035,381.0,0.9032,89.0,0.9041,101.0,0.9042,80.0
1753546981257,16:23:01.257,AERO/USDT:USDT,0.9035,381.0,0.9032,89.0,0.9041,189.0,0.9042,80.0
1753546981407,16:23:01.407,AERO/USDT:USDT,0.9035,381.0,0.9032,89.0,0.9041,189.0,0.9042,80.0
1753546981557,16:23:01.557,AERO/USDT:USDT,0.9035,381.0,0.9032,89.0,0.9041,189.0,0.9042,80.0
1753546981707,16:23:01.707,AERO/USDT:USDT,0.9035,381.0,0.9032,89.0,0.904,1099.0,0.9041,189.0
1753546981857,16:23:01.857,AERO/USDT:USDT,0.9032,101.0,0.9031,100.0,0.9039,101.0,0.904,1099.0
1753546982007,16:23:02.007,AERO/USDT:USDT,0.9032,101.0,0.9031,100.0,0.9039,173.0,0.904,1099.0
1753546982157,16:23:02.157,AERO/USDT:USDT,0.9032,156.0,0.903,1099.0,0.9039,173.0,0.904,1099.0
1753546982457,16:23:02.457,AERO/USDT:USDT,0.9027,101.0,0.9026,2298.0,0.9031,101.0,0.9036,1099.0
1753546982608,16:23:02.608,AERO/USDT:USDT,0.9027,101.0,0.9026,1662.0,0.9031,101.0,0.9036,1099.0
1753546982757,16:23:02.757,AERO/USDT:USDT,0.9027,655.0,0.9026,1662.0,0.9031,101.0,0.9032,80.0
1753546983208,16:23:03.208,AERO/USDT:USDT,0.9029,568.0,0.9028,1099.0,0.9038,188.0,0.9039,4827.0
1753546983508,16:23:03.508,AERO/USDT:USDT,0.9029,1821.0,0.9028,1099.0,0.9037,101.0,0.9038,100.0
1753546983658,16:23:03.658,AERO/USDT:USDT,0.9029,1821.0,0.9028,1099.0,0.9037,101.0,0.9038,100.0
1753546983808,16:23:03.808,AERO/USDT:USDT,0.9029,1821.0,0.9028,1099.0,0.9037,101.0,0.9038,100.0
1753546984259,16:23:04.259,AERO/USDT:USDT,0.9029,2080.0,0.9028,1099.0,0.9037,101.0,0.9038,100.0
1753546984409,16:23:04.409,AERO/USDT:USDT,0.9029,2080.0,0.9028,1099.0,0.9037,101.0,0.9038,100.0
1753546984559,16:23:04.559,AERO/USDT:USDT,0.9029,420.0,0.9028,1099.0,0.9037,101.0,0.9038,100.0
1753546984709,16:23:04.709,AERO/USDT:USDT,0.9029,1821.0,0.9028,1099.0,0.9037,101.0,0.9038,100.0
1753546984859,16:23:04.859,AERO/USDT:USDT,0.9029,1821.0,0.9028,1099.0,0.9037,101.0,0.9038,100.0
1753546985159,16:23:05.159,AERO/USDT:USDT,0.9029,1821.0,0.9028,1099.0,0.9037,101.0,0.9038,100.0
1753546985309,16:23:05.309,AERO/USDT:USDT,0.9029,1821.0,0.9028,1099.0,0.9037,101.0,0.9038,100.0
1753546985459,16:23:05.459,AERO/USDT:USDT,0.9029,1821.0,0.9028,1099.0,0.9037,101.0,0.9038,100.0
1753546985609,16:23:05.609,AERO/USDT:USDT,0.9029,1821.0,0.9028,1099.0,0.9037,101.0,0.9038,100.0
1753546985910,16:23:05.910,AERO/USDT:USDT,0.9029,1821.0,0.9028,1209.0,0.9037,101.0,0.9038,100.0
1753546986060,16:23:06.060,AERO/USDT:USDT,0.9029,1821.0,0.9028,1209.0,0.9037,101.0,0.9038,100.0
1753546986210,16:23:06.210,AERO/USDT:USDT,0.9029,1821.0,0.9028,1209.0,0.9037,101.0,0.9039,88.0
1753546986360,16:23:06.360,AERO/USDT:USDT,0.9033,101.0,0.9032,1099.0,0.9037,101.0,0.9041,88.0
1753546986510,16:23:06.510,AERO/USDT:USDT,0.9033,101.0,0.9032,1099.0,0.9037,101.0,0.9041,88.0
1753546986660,16:23:06.660,AERO/USDT:USDT,0.9033,101.0,0.9032,1099.0,0.9037,101.0,0.9041,88.0
1753546986810,16:23:06.810,AERO/USDT:USDT,0.9033,101.0,0.9032,1099.0,0.9037,101.0,0.9041,88.0
1753546986960,16:23:06.960,AERO/USDT:USDT,0.9033,101.0,0.9032,1099.0,0.9037,101.0,0.9041,88.0
1753546987110,16:23:07.110,AERO/USDT:USDT,0.9033,101.0,0.9032,1099.0,0.9037,101.0,0.9041,88.0
1753546987260,16:23:07.260,AERO/USDT:USDT,0.9033,101.0,0.9032,1099.0,0.9037,101.0,0.9041,88.0
1753546987410,16:23:07.410,AERO/USDT:USDT,0.9033,581.0,0.9032,1099.0,0.9037,101.0,0.9041,88.0
1753546987561,16:23:07.561,AERO/USDT:USDT,0.9033,581.0,0.9032,1099.0,0.9037,101.0,0.9041,88.0
1753546987711,16:23:07.711,AERO/USDT:USDT,0.9033,581.0,0.9032,1099.0,0.9037,101.0,0.9041,88.0
1753546987861,16:23:07.861,AERO/USDT:USDT,0.9033,581.0,0.9032,1099.0,0.9037,101.0,0.9041,88.0
1753546988011,16:23:08.011,AERO/USDT:USDT,0.9033,581.0,0.9032,1099.0,0.9041,88.0,0.9042,4751.0
1753546988161,16:23:08.161,AERO/USDT:USDT,0.9033,581.0,0.9032,1099.0,0.904,101.0,0.9041,88.0
1753546988461,16:23:08.461,AERO/USDT:USDT,0.9033,581.0,0.9032,1099.0,0.904,101.0,0.9041,88.0
1753546988611,16:23:08.611,AERO/USDT:USDT,0.9033,581.0,0.9032,1099.0,0.904,101.0,0.9041,88.0
1753546988761,16:23:08.761,AERO/USDT:USDT,0.9033,581.0,0.9032,1099.0,0.904,101.0,0.9041,88.0
1753546988911,16:23:08.911,AERO/USDT:USDT,0.9033,581.0,0.9032,1099.0,0.904,101.0,0.9041,88.0
1753546989062,16:23:09.062,AERO/USDT:USDT,0.9033,581.0,0.9032,1099.0,0.904,101.0,0.9041,88.0
1753546989362,16:23:09.362,AERO/USDT:USDT,0.9033,581.0,0.9032,1099.0,0.904,101.0,0.9043,89.0
1753546989512,16:23:09.512,AERO/USDT:USDT,0.9033,251.0,0.9032,1099.0,0.904,101.0,0.9043,89.0
1753546989662,16:23:09.662,AERO/USDT:USDT,0.9033,251.0,0.9032,1099.0,0.904,101.0,0.9043,89.0
1753546989812,16:23:09.812,AERO/USDT:USDT,0.9033,251.0,0.9032,1099.0,0.904,101.0,0.9043,89.0
1753546989962,16:23:09.962,AERO/USDT:USDT,0.9033,362.0,0.9032,1099.0,0.904,101.0,0.9043,89.0
1753546990112,16:23:10.112,AERO/USDT:USDT,0.9033,362.0,0.9032,1099.0,0.904,101.0,0.9043,89.0
1753546990262,16:23:10.262,AERO/USDT:USDT,0.9033,362.0,0.9032,1099.0,0.904,101.0,0.9043,89.0
1753546990412,16:23:10.412,AERO/USDT:USDT,0.9033,362.0,0.9032,1099.0,0.904,101.0,0.9043,89.0
1753546990562,16:23:10.562,AERO/USDT:USDT,0.9033,362.0,0.9032,1099.0,0.904,101.0,0.9043,89.0
1753546990863,16:23:10.863,AERO/USDT:USDT,0.9033,362.0,0.9031,91.0,0.904,101.0,0.9043,89.0
1753546991013,16:23:11.013,AERO/USDT:USDT,0.9033,362.0,0.9031,91.0,0.904,101.0,0.9043,89.0
1753546991163,16:23:11.163,AERO/USDT:USDT,0.9033,362.0,0.9031,91.0,0.904,101.0,0.9043,89.0
1753546991313,16:23:11.313,AERO/USDT:USDT,0.9033,725.0,0.9031,91.0,0.904,101.0,0.9043,89.0
1753546991463,16:23:11.463,AERO/USDT:USDT,0.9033,362.0,0.9031,91.0,0.904,101.0,0.9043,89.0
1753546991613,16:23:11.613,AERO/USDT:USDT,0.9033,362.0,0.9031,91.0,0.904,101.0,0.9043,89.0
1753546991763,16:23:11.763,AERO/USDT:USDT,0.9033,362.0,0.9031,91.0,0.904,101.0,0.9043,89.0
1753546992063,16:23:12.063,AERO/USDT:USDT,0.9033,642.0,0.9031,91.0,0.904,101.0,0.9043,89.0
1753546992364,16:23:12.364,AERO/USDT:USDT,0.9033,642.0,0.9031,91.0,0.904,101.0,0.9043,89.0
1753546992514,16:23:12.514,AERO/USDT:USDT,0.9033,642.0,0.9032,110.0,0.904,101.0,0.9043,89.0
1753546992664,16:23:12.664,AERO/USDT:USDT,0.9033,642.0,0.9031,91.0,0.904,101.0,0.9043,89.0
1753546992814,16:23:12.814,AERO/USDT:USDT,0.9033,642.0,0.9031,91.0,0.904,101.0,0.9043,89.0
1753546992964,16:23:12.964,AERO/USDT:USDT,0.9033,642.0,0.9031,91.0,0.904,101.0,0.9043,89.0
1753546993114,16:23:13.114,AERO/USDT:USDT,0.9033,642.0,0.9031,91.0,0.904,101.0,0.9043,89.0
1753546993264,16:23:13.264,AERO/USDT:USDT,0.9033,642.0,0.9031,91.0,0.904,101.0,0.9043,89.0
1753546993414,16:23:13.414,AERO/USDT:USDT,0.9033,642.0,0.9031,91.0,0.904,101.0,0.9043,89.0
1753546993564,16:23:13.564,AERO/USDT:USDT,0.9033,642.0,0.9031,91.0,0.904,101.0,0.9043,89.0
1753546993714,16:23:13.714,AERO/USDT:USDT,0.9033,642.0,0.9031,91.0,0.904,101.0,0.9043,89.0
1753546993864,16:23:13.864,AERO/USDT:USDT,0.9033,642.0,0.9031,91.0,0.904,101.0,0.9043,89.0
1753546994015,16:23:14.015,AERO/USDT:USDT,0.9033,362.0,0.9031,91.0,0.904,101.0,0.9043,89.0
1753546994165,16:23:14.165,AERO/USDT:USDT,0.9033,362.0,0.9031,91.0,0.904,101.0,0.9043,89.0
1753546994315,16:23:14.315,AERO/USDT:USDT,0.9033,362.0,0.9031,91.0,0.904,101.0,0.9043,89.0
1753546994465,16:23:14.465,AERO/USDT:USDT,0.9033,362.0,0.9031,91.0,0.904,101.0,0.9043,89.0
1753546994915,16:23:14.915,AERO/USDT:USDT,0.9033,362.0,0.9031,91.0,0.904,101.0,0.9043,89.0
1753546995065,16:23:15.065,AERO/USDT:USDT,0.9033,362.0,0.9031,91.0,0.904,101.0,0.9043,89.0
1753546995215,16:23:15.215,AERO/USDT:USDT,0.9033,362.0,0.9031,91.0,0.904,101.0,0.9043,89.0
1753546995365,16:23:15.365,AERO/USDT:USDT,0.9033,212.0,0.9031,91.0,0.904,101.0,0.9043,89.0
1753546995516,16:23:15.516,AERO/USDT:USDT,0.9033,212.0,0.9031,91.0,0.904,101.0,0.9043,89.0
1753546995666,16:23:15.666,AERO/USDT:USDT,0.9033,212.0,0.9031,91.0,0.904,101.0,0.9043,89.0
1753546995816,16:23:15.816,AERO/USDT:USDT,0.9033,212.0,0.9031,91.0,0.904,101.0,0.9043,89.0
1753546996267,16:23:16.267,AERO/USDT:USDT,0.9033,212.0,0.9031,91.0,0.904,101.0,0.9043,89.0
1753546996465,16:23:16.465,AERO/USDT:USDT,0.9033,212.0,0.9031,91.0,0.904,101.0,0.9043,89.0
1753546996704,16:23:16.704,AERO/USDT:USDT,0.9033,212.0,0.9031,91.0,0.904,101.0,0.9041,80.0
1753546996864,16:23:16.864,AERO/USDT:USDT,0.9033,212.0,0.9031,91.0,0.904,101.0,0.9041,80.0
1753546997016,16:23:17.016,AERO/USDT:USDT,0.9033,508.0,0.9031,91.0,0.904,101.0,0.9041,80.0
1753546997166,16:23:17.166,AERO/USDT:USDT,0.9033,508.0,0.9031,91.0,0.904,101.0,0.9041,80.0
1753546997317,16:23:17.317,AERO/USDT:USDT,0.9033,508.0,0.9031,91.0,0.904,101.0,0.9041,80.0
1753546997467,16:23:17.467,AERO/USDT:USDT,0.9033,508.0,0.9031,91.0,0.904,101.0,0.9041,80.0
1753546997617,16:23:17.617,AERO/USDT:USDT,0.9033,508.0,0.9031,91.0,0.904,101.0,0.9041,80.0
1753546997767,16:23:17.767,AERO/USDT:USDT,0.9033,508.0,0.9031,91.0,0.904,101.0,0.9041,80.0
1753546997917,16:23:17.917,AERO/USDT:USDT,0.9033,508.0,0.9031,91.0,0.904,101.0,0.9041,80.0
1753546998217,16:23:18.217,AERO/USDT:USDT,0.9033,508.0,0.9031,91.0,0.904,101.0,0.9041,80.0
1753546998367,16:23:18.367,AERO/USDT:USDT,0.9033,508.0,0.9031,91.0,0.904,101.0,0.9041,80.0
1753546998517,16:23:18.517,AERO/USDT:USDT,0.9033,508.0,0.9031,91.0,0.904,101.0,0.9041,80.0
1753546998667,16:23:18.667,AERO/USDT:USDT,0.9033,508.0,0.9031,91.0,0.904,101.0,0.9041,80.0
1753546998818,16:23:18.818,AERO/USDT:USDT,0.9033,508.0,0.9031,91.0,0.904,101.0,0.9041,80.0
1753546999118,16:23:19.118,AERO/USDT:USDT,0.9033,508.0,0.9031,91.0,0.904,101.0,0.9043,89.0
1753546999268,16:23:19.268,AERO/USDT:USDT,0.9033,563.0,0.9032,110.0,0.904,101.0,0.9043,89.0
1753546999418,16:23:19.418,AERO/USDT:USDT,0.9033,563.0,0.9031,201.0,0.904,101.0,0.9043,89.0
1753546999568,16:23:19.568,AERO/USDT:USDT,0.9033,563.0,0.9031,91.0,0.904,101.0,0.9043,89.0
1753546999718,16:23:19.718,AERO/USDT:USDT,0.9033,563.0,0.9031,553.0,0.904,101.0,0.9043,1002.0
1753547000018,16:23:20.018,AERO/USDT:USDT,0.9033,563.0,0.9032,1190.0,0.904,101.0,0.9043,1002.0
1753547000319,16:23:20.319,AERO/USDT:USDT,0.9033,563.0,0.9032,1190.0,0.904,101.0,0.9043,1002.0
1753547000619,16:23:20.619,AERO/USDT:USDT,0.9033,508.0,0.9032,1190.0,0.904,101.0,0.9043,1002.0
1753547000919,16:23:20.919,AERO/USDT:USDT,0.9033,508.0,0.9032,1190.0,0.904,101.0,0.9043,1002.0
1753547001069,16:23:21.069,AERO/USDT:USDT,0.9033,508.0,0.9032,1190.0,0.904,101.0,0.9043,1002.0
1753547001219,16:23:21.219,AERO/USDT:USDT,0.9033,508.0,0.9032,1190.0,0.904,101.0,0.9043,1002.0
1753547001369,16:23:21.369,AERO/USDT:USDT,0.9033,508.0,0.9032,1190.0,0.904,101.0,0.9043,1002.0
1753547001519,16:23:21.519,AERO/USDT:USDT,0.9033,508.0,0.9032,1190.0,0.904,101.0,0.9043,1002.0
1753547001669,16:23:21.669,AERO/USDT:USDT,0.9033,508.0,0.9032,1190.0,0.904,101.0,0.9043,1002.0
1753547001820,16:23:21.820,AERO/USDT:USDT,0.9033,508.0,0.9032,1190.0,0.904,101.0,0.9043,1002.0
1753547002270,16:23:22.270,AERO/USDT:USDT,0.9033,563.0,0.9032,1190.0,0.904,101.0,0.9043,1002.0
1753547002420,16:23:22.420,AERO/USDT:USDT,0.9033,618.0,0.9032,1190.0,0.904,101.0,0.9043,1002.0
1753547002720,16:23:22.720,AERO/USDT:USDT,0.9033,563.0,0.9032,1190.0,0.904,101.0,0.9043,1002.0
1753547003020,16:23:23.020,AERO/USDT:USDT,0.9033,563.0,0.9032,1190.0,0.904,101.0,0.9043,1002.0
1753547003171,16:23:23.171,AERO/USDT:USDT,0.9033,673.0,0.9032,1190.0,0.904,101.0,0.9043,1002.0
1753547003321,16:23:23.321,AERO/USDT:USDT,0.9033,673.0,0.9032,1190.0,0.904,101.0,0.9043,1002.0
1753547003771,16:23:23.771,AERO/USDT:USDT,0.9035,101.0,0.9034,191.0,0.9046,13374.0,0.9047,91.0
1753547004071,16:23:24.071,AERO/USDT:USDT,0.9037,429.0,0.9036,1099.0,0.9043,101.0,0.9044,1099.0
1753547004822,16:23:24.822,AERO/USDT:USDT,0.9037,429.0,0.9036,1099.0,0.9043,101.0,0.9046,89.0
1753547005122,16:23:25.122,AERO/USDT:USDT,0.9037,288.0,0.9036,1099.0,0.9043,101.0,0.9044,80.0
1753547005272,16:23:25.272,AERO/USDT:USDT,0.9037,101.0,0.9036,1099.0,0.9043,101.0,0.9044,80.0
1753547005422,16:23:25.422,AERO/USDT:USDT,0.9037,288.0,0.9036,1099.0,0.9043,101.0,0.9044,80.0
1753547005572,16:23:25.572,AERO/USDT:USDT,0.9037,101.0,0.9036,1099.0,0.9043,101.0,0.9044,80.0
1753547006172,16:23:26.172,AERO/USDT:USDT,0.9037,101.0,0.9036,1099.0,0.9043,101.0,0.9044,80.0
1753547006473,16:23:26.473,AERO/USDT:USDT,0.9037,101.0,0.9036,1099.0,0.9043,101.0,0.9044,80.0
1753547006623,16:23:26.623,AERO/USDT:USDT,0.9037,101.0,0.9036,1099.0,0.9043,101.0,0.9044,80.0
1753547006773,16:23:26.773,AERO/USDT:USDT,0.9037,101.0,0.9036,1099.0,0.9043,101.0,0.9044,80.0
1753547006923,16:23:26.923,AERO/USDT:USDT,0.9037,101.0,0.9036,1099.0,0.9043,101.0,0.9044,80.0
1753547007223,16:23:27.223,AERO/USDT:USDT,0.9037,101.0,0.9036,1099.0,0.9043,101.0,0.9044,80.0
1753547007523,16:23:27.523,AERO/USDT:USDT,0.9037,101.0,0.9036,1099.0,0.9043,101.0,0.9044,80.0
1753547007673,16:23:27.673,AERO/USDT:USDT,0.9037,101.0,0.9036,1099.0,0.9043,101.0,0.9044,80.0
1753547007973,16:23:27.973,AERO/USDT:USDT,0.9037,101.0,0.9036,1099.0,0.9043,101.0,0.9044,80.0
1753547008274,16:23:28.274,AERO/USDT:USDT,0.9037,101.0,0.9036,1099.0,0.9043,101.0,0.9044,80.0
1753547008424,16:23:28.424,AERO/USDT:USDT,0.9037,288.0,0.9036,1099.0,0.9043,101.0,0.9044,80.0
1753547008574,16:23:28.574,AERO/USDT:USDT,0.9037,101.0,0.9036,1099.0,0.9043,101.0,0.9044,80.0
1753547008724,16:23:28.724,AERO/USDT:USDT,0.9037,101.0,0.9036,1099.0,0.9043,101.0,0.9044,80.0
1753547009024,16:23:29.024,AERO/USDT:USDT,0.9037,101.0,0.9036,1099.0,0.9043,101.0,0.9044,80.0
1753547009174,16:23:29.174,AERO/USDT:USDT,0.9037,101.0,0.9036,1099.0,0.9043,101.0,0.9044,80.0
1753547009324,16:23:29.324,AERO/USDT:USDT,0.9037,101.0,0.9036,1099.0,0.9043,101.0,0.9044,80.0
1753547009474,16:23:29.474,AERO/USDT:USDT,0.9037,101.0,0.9035,100.0,0.9043,101.0,0.9044,80.0
1753547009925,16:23:29.925,AERO/USDT:USDT,0.9037,101.0,0.9035,100.0,0.9043,190.0,0.9044,80.0
1753547010375,16:23:30.375,AERO/USDT:USDT,0.9037,101.0,0.9035,100.0,0.9043,190.0,0.9044,80.0
1753547010525,16:23:30.525,AERO/USDT:USDT,0.9037,101.0,0.9035,100.0,0.9043,190.0,0.9044,80.0
1753547010675,16:23:30.675,AERO/USDT:USDT,0.9037,101.0,0.9035,100.0,0.9043,190.0,0.9044,80.0
1753547010975,16:23:30.975,AERO/USDT:USDT,0.9037,101.0,0.9035,100.0,0.9043,190.0,0.9044,80.0
1753547011125,16:23:31.125,AERO/USDT:USDT,0.9037,101.0,0.9035,100.0,0.9043,190.0,0.9044,80.0
1753547011426,16:23:31.426,AERO/USDT:USDT,0.9037,101.0,0.9035,100.0,0.9043,190.0,0.9044,80.0
1753547011576,16:23:31.576,AERO/USDT:USDT,0.9037,101.0,0.9035,100.0,0.9043,190.0,0.9044,80.0
1753547011726,16:23:31.726,AERO/USDT:USDT,0.9037,101.0,0.9035,100.0,0.9043,190.0,0.9044,80.0
1753547011876,16:23:31.876,AERO/USDT:USDT,0.9037,101.0,0.9035,100.0,0.9043,190.0,0.9044,80.0
1753547012026,16:23:32.026,AERO/USDT:USDT,0.9037,101.0,0.9035,100.0,0.9043,190.0,0.9044,80.0
1753547012176,16:23:32.176,AERO/USDT:USDT,0.9037,101.0,0.9035,100.0,0.9043,190.0,0.9044,80.0
1753547012326,16:23:32.326,AERO/USDT:USDT,0.9037,101.0,0.9035,100.0,0.9043,190.0,0.9044,80.0
1753547012477,16:23:32.477,AERO/USDT:USDT,0.9037,101.0,0.9035,100.0,0.9043,190.0,0.9044,80.0
1753547012627,16:23:32.627,AERO/USDT:USDT,0.9037,101.0,0.9035,100.0,0.9043,190.0,0.9044,80.0
1753547013077,16:23:33.077,AERO/USDT:USDT,0.9037,101.0,0.9035,100.0,0.9043,190.0,0.9044,80.0
1753547013227,16:23:33.227,AERO/USDT:USDT,0.9037,101.0,0.9035,100.0,0.9043,190.0,0.9044,80.0
1753547013527,16:23:33.527,AERO/USDT:USDT,0.9037,101.0,0.9035,100.0,0.9043,190.0,0.9044,80.0
1753547013677,16:23:33.677,AERO/USDT:USDT,0.9037,101.0,0.9035,100.0,0.9043,190.0,0.9044,80.0
1753547014278,16:23:34.278,AERO/USDT:USDT,0.9037,101.0,0.9035,100.0,0.9043,190.0,0.9044,80.0
1753547014428,16:23:34.428,AERO/USDT:USDT,0.9037,101.0,0.9035,100.0,0.9043,190.0,0.9044,80.0
1753547014578,16:23:34.578,AERO/USDT:USDT,0.9037,101.0,0.9035,100.0,0.9043,190.0,0.9044,80.0
1753547014728,16:23:34.728,AERO/USDT:USDT,0.9037,101.0,0.9035,100.0,0.9043,190.0,0.9044,80.0
1753547015028,16:23:35.028,AERO/USDT:USDT,0.9037,101.0,0.9035,100.0,0.9043,190.0,0.9044,80.0
1753547015178,16:23:35.178,AERO/USDT:USDT,0.9037,101.0,0.9035,100.0,0.9043,190.0,0.9044,80.0
1753547015478,16:23:35.478,AERO/USDT:USDT,0.9037,101.0,0.9035,100.0,0.9043,190.0,0.9044,80.0
1753547015628,16:23:35.628,AERO/USDT:USDT,0.9037,101.0,0.9035,100.0,0.9043,190.0,0.9044,80.0
1753547015929,16:23:35.929,AERO/USDT:USDT,0.9037,101.0,0.9035,100.0,0.9043,190.0,0.9044,80.0
1753547016079,16:23:36.079,AERO/USDT:USDT,0.9037,101.0,0.9035,100.0,0.9043,190.0,0.9044,80.0
1753547016679,16:23:36.679,AERO/USDT:USDT,0.9037,101.0,0.9035,100.0,0.9043,190.0,0.9044,80.0
1753547016829,16:23:36.829,AERO/USDT:USDT,0.9037,101.0,0.9035,100.0,0.9043,190.0,0.9044,80.0
1753547016979,16:23:36.979,AERO/USDT:USDT,0.9037,101.0,0.9035,100.0,0.9043,190.0,0.9044,80.0
1753547017129,16:23:37.129,AERO/USDT:USDT,0.9037,101.0,0.9035,100.0,0.9043,190.0,0.9044,80.0
1753547017279,16:23:37.279,AERO/USDT:USDT,0.9037,101.0,0.9035,100.0,0.9043,190.0,0.9044,80.0
1753547017430,16:23:37.430,AERO/USDT:USDT,0.9037,101.0,0.9035,100.0,0.9043,190.0,0.9044,80.0
1753547017730,16:23:37.730,AERO/USDT:USDT,0.9037,101.0,0.9035,100.0,0.9043,190.0,0.9044,80.0
1753547017880,16:23:37.880,AERO/USDT:USDT,0.9037,101.0,0.9035,100.0,0.9043,190.0,0.9044,80.0
1753547018180,16:23:38.180,AERO/USDT:USDT,0.9037,101.0,0.9035,100.0,0.9043,190.0,0.9044,80.0
1753547018330,16:23:38.330,AERO/USDT:USDT,0.9037,101.0,0.9035,100.0,0.9043,190.0,0.9044,80.0
1753547018480,16:23:38.480,AERO/USDT:USDT,0.9037,101.0,0.9035,100.0,0.9043,190.0,0.9044,80.0
1753547018781,16:23:38.781,AERO/USDT:USDT,0.9037,101.0,0.9035,100.0,0.9043,190.0,0.9044,80.0
1753547018931,16:23:38.931,AERO/USDT:USDT,0.9037,101.0,0.9035,100.0,0.9043,190.0,0.9044,80.0
1753547019231,16:23:39.231,AERO/USDT:USDT,0.9037,101.0,0.9035,100.0,0.9043,190.0,0.9044,80.0
1753547019681,16:23:39.681,AERO/USDT:USDT,0.9037,101.0,0.9035,100.0,0.9043,190.0,0.9044,80.0
1753547020131,16:23:40.131,AERO/USDT:USDT,0.9037,101.0,0.9035,100.0,0.9043,190.0,0.9044,80.0
1753547020281,16:23:40.281,AERO/USDT:USDT,0.9037,101.0,0.9035,100.0,0.9043,190.0,0.9044,80.0
1753547020582,16:23:40.582,AERO/USDT:USDT,0.9037,381.0,0.9035,100.0,0.9043,190.0,0.9044,80.0
1753547021032,16:23:41.032,AERO/USDT:USDT,0.9037,101.0,0.9035,100.0,0.9043,190.0,0.9044,80.0
1753547021182,16:23:41.182,AERO/USDT:USDT,0.9037,338.0,0.9035,100.0,0.9043,190.0,0.9044,80.0
1753547021482,16:23:41.482,AERO/USDT:USDT,0.9037,338.0,0.9035,100.0,0.9043,190.0,0.9044,80.0
1753547021632,16:23:41.632,AERO/USDT:USDT,0.9037,338.0,0.9035,100.0,0.9043,190.0,0.9044,80.0
1753547021783,16:23:41.783,AERO/USDT:USDT,0.9037,338.0,0.9035,100.0,0.9043,190.0,0.9044,80.0
1753547021933,16:23:41.933,AERO/USDT:USDT,0.9037,338.0,0.9035,100.0,0.9043,190.0,0.9044,80.0
1753547022083,16:23:42.083,AERO/USDT:USDT,0.9037,338.0,0.9035,100.0,0.9043,190.0,0.9044,80.0
1753547022683,16:23:42.683,AERO/USDT:USDT,0.9037,338.0,0.9035,100.0,0.9043,190.0,0.9044,80.0
1753547022833,16:23:42.833,AERO/USDT:USDT,0.9037,338.0,0.9035,100.0,0.9043,190.0,0.9044,80.0
1753547023133,16:23:43.133,AERO/USDT:USDT,0.9037,338.0,0.9035,100.0,0.9043,190.0,0.9044,80.0
1753547023284,16:23:43.284,AERO/USDT:USDT,0.9037,338.0,0.9035,100.0,0.9043,190.0,0.9044,80.0
1753547023434,16:23:43.434,AERO/USDT:USDT,0.9037,338.0,0.9035,100.0,0.9043,190.0,0.9044,80.0
1753547023734,16:23:43.734,AERO/USDT:USDT,0.9037,338.0,0.9035,100.0,0.9043,190.0,0.9044,80.0
1753547023884,16:23:43.884,AERO/USDT:USDT,0.9037,338.0,0.9035,100.0,0.9043,190.0,0.9044,80.0
1753547024034,16:23:44.034,AERO/USDT:USDT,0.9037,338.0,0.9035,100.0,0.9043,190.0,0.9044,80.0
1753547024334,16:23:44.334,AERO/USDT:USDT,0.9037,338.0,0.9035,100.0,0.9043,190.0,0.9044,80.0
1753547024935,16:23:44.935,AERO/USDT:USDT,0.9037,101.0,0.9035,100.0,0.9043,190.0,0.9044,80.0
1753547025235,16:23:45.235,AERO/USDT:USDT,0.9037,101.0,0.9035,100.0,0.9043,190.0,0.9044,80.0
1753547025385,16:23:45.385,AERO/USDT:USDT,0.9037,101.0,0.9035,100.0,0.9043,190.0,0.9044,80.0
1753547025535,16:23:45.535,AERO/USDT:USDT,0.9037,101.0,0.9035,100.0,0.9043,190.0,0.9044,80.0
1753547025685,16:23:45.685,AERO/USDT:USDT,0.9037,101.0,0.9035,100.0,0.9043,190.0,0.9044,80.0
1753547025985,16:23:45.985,AERO/USDT:USDT,0.9037,101.0,0.9035,100.0,0.9043,190.0,0.9044,80.0
1753547026135,16:23:46.135,AERO/USDT:USDT,0.9037,101.0,0.9035,100.0,0.9043,190.0,0.9044,80.0
1753547026286,16:23:46.286,AERO/USDT:USDT,0.9037,101.0,0.9035,100.0,0.9043,190.0,0.9044,80.0
1753547026436,16:23:46.436,AERO/USDT:USDT,0.9037,101.0,0.9035,100.0,0.9043,190.0,0.9044,80.0
1753547026586,16:23:46.586,AERO/USDT:USDT,0.9037,101.0,0.9035,100.0,0.9043,190.0,0.9044,80.0
1753547026736,16:23:46.736,AERO/USDT:USDT,0.9037,101.0,0.9035,100.0,0.9043,190.0,0.9044,80.0
1753547027336,16:23:47.336,AERO/USDT:USDT,0.9037,101.0,0.9035,100.0,0.9043,190.0,0.9044,80.0
1753547027486,16:23:47.486,AERO/USDT:USDT,0.9037,101.0,0.9035,100.0,0.9043,190.0,0.9044,80.0
1753547027786,16:23:47.786,AERO/USDT:USDT,0.9037,101.0,0.9035,100.0,0.9043,190.0,0.9044,80.0
1753547027937,16:23:47.937,AERO/USDT:USDT,0.9037,101.0,0.9035,100.0,0.9043,190.0,0.9044,80.0
1753547028087,16:23:48.087,AERO/USDT:USDT,0.9037,101.0,0.9035,100.0,0.9043,190.0,0.9044,80.0
1753547028387,16:23:48.387,AERO/USDT:USDT,0.9037,101.0,0.9035,100.0,0.9043,190.0,0.9044,80.0
1753547028537,16:23:48.537,AERO/USDT:USDT,0.9037,101.0,0.9035,100.0,0.9043,190.0,0.9044,80.0
1753547028687,16:23:48.687,AERO/USDT:USDT,0.9037,101.0,0.9035,100.0,0.9043,190.0,0.9044,80.0
1753547028837,16:23:48.837,AERO/USDT:USDT,0.9037,101.0,0.9035,100.0,0.9043,190.0,0.9044,80.0
1753547028987,16:23:48.987,AERO/USDT:USDT,0.9037,101.0,0.9035,100.0,0.9043,190.0,0.9044,80.0
1753547029438,16:23:49.438,AERO/USDT:USDT,0.9037,101.0,0.9035,100.0,0.9043,190.0,0.9044,80.0
1753547029588,16:23:49.588,AERO/USDT:USDT,0.9037,101.0,0.9035,100.0,0.9043,190.0,0.9044,80.0
1753547030038,16:23:50.038,AERO/USDT:USDT,0.9037,101.0,0.9035,100.0,0.9043,190.0,0.9044,80.0
1753547030188,16:23:50.188,AERO/USDT:USDT,0.9037,101.0,0.9035,100.0,0.9043,190.0,0.9044,80.0
1753547030338,16:23:50.338,AERO/USDT:USDT,0.9037,101.0,0.9035,100.0,0.9043,190.0,0.9044,80.0
1753547030488,16:23:50.488,AERO/USDT:USDT,0.9037,101.0,0.9035,100.0,0.9043,190.0,0.9044,80.0
1753547031239,16:23:51.239,AERO/USDT:USDT,0.9037,101.0,0.9035,100.0,0.9043,190.0,0.9044,80.0
1753547031389,16:23:51.389,AERO/USDT:USDT,0.9037,155.0,0.9035,100.0,0.9043,190.0,0.9044,80.0
1753547031539,16:23:51.539,AERO/USDT:USDT,0.9037,101.0,0.9035,100.0,0.9043,190.0,0.9044,80.0
1753547031839,16:23:51.839,AERO/USDT:USDT,0.9037,101.0,0.9035,100.0,0.9043,190.0,0.9044,80.0
1753547031989,16:23:51.989,AERO/USDT:USDT,0.9037,101.0,0.9035,100.0,0.9043,190.0,0.9044,80.0
1753547032289,16:23:52.289,AERO/USDT:USDT,0.9037,101.0,0.9035,100.0,0.9043,190.0,0.9044,80.0
1753547032440,16:23:52.440,AERO/USDT:USDT,0.9037,101.0,0.9035,100.0,0.9043,190.0,0.9044,80.0
1753547032590,16:23:52.590,AERO/USDT:USDT,0.9037,101.0,0.9035,100.0,0.9043,190.0,0.9044,80.0
1753547032740,16:23:52.740,AERO/USDT:USDT,0.9037,101.0,0.9035,100.0,0.9043,190.0,0.9044,80.0
1753547033190,16:23:53.190,AERO/USDT:USDT,0.9037,101.0,0.9035,100.0,0.9043,190.0,0.9044,80.0
1753547033340,16:23:53.340,AERO/USDT:USDT,0.9037,101.0,0.9035,100.0,0.9043,190.0,0.9044,80.0
1753547033490,16:23:53.490,AERO/USDT:USDT,0.9037,101.0,0.9035,100.0,0.9043,190.0,0.9044,80.0
1753547033790,16:23:53.790,AERO/USDT:USDT,0.9037,169.0,0.9035,100.0,0.9043,190.0,0.9044,80.0
1753547033940,16:23:53.940,AERO/USDT:USDT,0.9037,169.0,0.9035,100.0,0.9043,190.0,0.9044,80.0
1753547034541,16:23:54.541,AERO/USDT:USDT,0.9037,169.0,0.9035,100.0,0.9043,190.0,0.9044,80.0
1753547035291,16:23:55.291,AERO/USDT:USDT,0.9037,169.0,0.9035,100.0,0.9043,190.0,0.9044,80.0
1753547035441,16:23:55.441,AERO/USDT:USDT,0.9037,169.0,0.9035,100.0,0.9043,190.0,0.9044,80.0
1753547035591,16:23:55.591,AERO/USDT:USDT,0.9037,169.0,0.9035,100.0,0.9043,190.0,0.9044,80.0
1753547035892,16:23:55.892,AERO/USDT:USDT,0.9037,169.0,0.9035,100.0,0.9043,190.0,0.9044,80.0
1753547036192,16:23:56.192,AERO/USDT:USDT,0.9037,169.0,0.9035,100.0,0.9043,190.0,0.9044,80.0
1753547036342,16:23:56.342,AERO/USDT:USDT,0.9037,169.0,0.9035,100.0,0.9043,190.0,0.9044,80.0
1753547036792,16:23:56.792,AERO/USDT:USDT,0.9037,169.0,0.9035,100.0,0.9043,190.0,0.9044,80.0
1753547037092,16:23:57.092,AERO/USDT:USDT,0.9037,169.0,0.9035,100.0,0.9043,190.0,0.9044,80.0
1753547037243,16:23:57.243,AERO/USDT:USDT,0.9037,169.0,0.9035,100.0,0.9043,190.0,0.9044,80.0
1753547037693,16:23:57.693,AERO/USDT:USDT,0.9037,169.0,0.9035,100.0,0.9043,190.0,0.9044,80.0
1753547037843,16:23:57.843,AERO/USDT:USDT,0.9037,169.0,0.9035,100.0,0.9043,190.0,0.9044,80.0
1753547037993,16:23:57.993,AERO/USDT:USDT,0.9037,169.0,0.9035,100.0,0.9043,190.0,0.9044,80.0
1753547038293,16:23:58.293,AERO/USDT:USDT,0.9037,169.0,0.9035,100.0,0.9043,190.0,0.9044,80.0
1753547038443,16:23:58.443,AERO/USDT:USDT,0.9037,169.0,0.9035,100.0,0.9043,190.0,0.9044,80.0
1753547038593,16:23:58.593,AERO/USDT:USDT,0.9037,169.0,0.9035,100.0,0.9043,190.0,0.9044,80.0
1753547039044,16:23:59.044,AERO/USDT:USDT,0.9037,169.0,0.9035,100.0,0.9043,190.0,0.9044,80.0
1753547039344,16:23:59.344,AERO/USDT:USDT,0.9037,169.0,0.9035,100.0,0.9043,190.0,0.9044,80.0
1753547039644,16:23:59.644,AERO/USDT:USDT,0.9037,169.0,0.9035,100.0,0.9043,190.0,0.9044,80.0
1753547039794,16:23:59.794,AERO/USDT:USDT,0.9037,169.0,0.9035,100.0,0.9043,190.0,0.9044,80.0
1753547039944,16:23:59.944,AERO/USDT:USDT,0.9037,169.0,0.9035,100.0,0.9043,190.0,0.9044,80.0
1753547040094,16:24:00.094,AERO/USDT:USDT,0.9037,169.0,0.9035,100.0,0.9043,190.0,0.9044,80.0
1753547040395,16:24:00.395,AERO/USDT:USDT,0.9037,169.0,0.9035,100.0,0.9043,190.0,0.9044,80.0
1753547040695,16:24:00.695,AERO/USDT:USDT,0.9037,169.0,0.9035,100.0,0.9043,190.0,0.9044,80.0
1753547040845,16:24:00.845,AERO/USDT:USDT,0.9037,169.0,0.9035,100.0,0.9043,190.0,0.9044,80.0
1753547040995,16:24:00.995,AERO/USDT:USDT,0.9037,169.0,0.9035,100.0,0.9043,190.0,0.9044,80.0
1753547041145,16:24:01.145,AERO/USDT:USDT,0.9037,169.0,0.9035,100.0,0.9043,190.0,0.9044,80.0
1753547041295,16:24:01.295,AERO/USDT:USDT,0.9037,169.0,0.9035,100.0,0.9043,190.0,0.9044,80.0
1753547041595,16:24:01.595,AERO/USDT:USDT,0.9037,101.0,0.9035,100.0,0.9043,190.0,0.9044,80.0
1753547041746,16:24:01.746,AERO/USDT:USDT,0.9037,101.0,0.9035,100.0,0.9043,190.0,0.9044,80.0
1753547042046,16:24:02.046,AERO/USDT:USDT,0.9037,101.0,0.9035,100.0,0.9043,190.0,0.9044,80.0
1753547042346,16:24:02.346,AERO/USDT:USDT,0.9037,101.0,0.9035,100.0,0.9043,190.0,0.9044,80.0
1753547042496,16:24:02.496,AERO/USDT:USDT,0.9037,101.0,0.9035,100.0,0.9043,190.0,0.9044,80.0
1753547042796,16:24:02.796,AERO/USDT:USDT,0.9037,101.0,0.9035,100.0,0.9043,190.0,0.9044,80.0
1753547043096,16:24:03.096,AERO/USDT:USDT,0.9037,101.0,0.9035,100.0,0.9043,190.0,0.9044,80.0
1753547043246,16:24:03.246,AERO/USDT:USDT,0.9037,101.0,0.9035,100.0,0.9043,190.0,0.9044,80.0
1753547043397,16:24:03.397,AERO/USDT:USDT,0.9037,607.0,0.9035,100.0,0.9043,190.0,0.9044,80.0
1753547043697,16:24:03.697,AERO/USDT:USDT,0.9037,607.0,0.9035,100.0,0.9043,190.0,0.9044,80.0
1753547043847,16:24:03.847,AERO/USDT:USDT,0.9037,607.0,0.9035,100.0,0.9043,190.0,0.9044,80.0
1753547043997,16:24:03.997,AERO/USDT:USDT,0.9037,607.0,0.9035,100.0,0.9043,190.0,0.9044,80.0
1753547044147,16:24:04.147,AERO/USDT:USDT,0.9037,607.0,0.9035,100.0,0.9043,190.0,0.9044,80.0
1753547044297,16:24:04.297,AERO/USDT:USDT,0.9037,676.0,0.9035,100.0,0.9043,190.0,0.9044,80.0
1753547044447,16:24:04.447,AERO/USDT:USDT,0.9037,676.0,0.9035,100.0,0.9043,190.0,0.9047,1004.0
1753547044597,16:24:04.597,AERO/USDT:USDT,0.9037,676.0,0.9035,100.0,0.9043,190.0,0.9047,1004.0
1753547044747,16:24:04.747,AERO/USDT:USDT,0.9037,676.0,0.9035,100.0,0.9043,190.0,0.9047,1004.0
1753547044898,16:24:04.898,AERO/USDT:USDT,0.9037,676.0,0.9035,100.0,0.9043,190.0,0.9047,1004.0
1753547045048,16:24:05.048,AERO/USDT:USDT,0.9037,746.0,0.9035,100.0,0.9043,190.0,0.9047,1004.0
1753547045198,16:24:05.198,AERO/USDT:USDT,0.9037,746.0,0.9035,100.0,0.9043,190.0,0.9047,1004.0
1753547045348,16:24:05.348,AERO/USDT:USDT,0.9037,746.0,0.9035,100.0,0.9043,190.0,0.9047,1004.0
1753547045498,16:24:05.498,AERO/USDT:USDT,0.9037,746.0,0.9035,100.0,0.9043,190.0,0.9047,1004.0
1753547045648,16:24:05.648,AERO/USDT:USDT,0.9037,746.0,0.9035,100.0,0.9043,190.0,0.9047,1004.0
1753547045798,16:24:05.798,AERO/USDT:USDT,0.9037,746.0,0.9035,100.0,0.9043,190.0,0.9047,1004.0
1753547045948,16:24:05.948,AERO/USDT:USDT,0.9037,746.0,0.9035,100.0,0.9043,190.0,0.9047,1004.0
1753547046399,16:24:06.399,AERO/USDT:USDT,0.9037,312.0,0.9035,100.0,0.9043,190.0,0.9047,1004.0
1753547046549,16:24:06.549,AERO/USDT:USDT,0.9037,865.0,0.9035,100.0,0.9043,190.0,0.9047,1004.0
1753547046699,16:24:06.699,AERO/USDT:USDT,0.9037,865.0,0.9035,100.0,0.9043,190.0,0.9047,1004.0
1753547046849,16:24:06.849,AERO/USDT:USDT,0.9037,865.0,0.9035,100.0,0.9043,190.0,0.9047,1004.0
1753547046999,16:24:06.999,AERO/USDT:USDT,0.9037,865.0,0.9035,100.0,0.9043,190.0,0.9047,1004.0
1753547047299,16:24:07.299,AERO/USDT:USDT,0.9037,1012.0,0.9035,100.0,0.9043,190.0,0.9047,1004.0
1753547047449,16:24:07.449,AERO/USDT:USDT,0.9037,1012.0,0.9035,100.0,0.9043,190.0,0.9047,1004.0
1753547047599,16:24:07.599,AERO/USDT:USDT,0.9037,1012.0,0.9035,100.0,0.9043,190.0,0.9047,1004.0
1753547047749,16:24:07.749,AERO/USDT:USDT,0.9037,1012.0,0.9035,100.0,0.9043,190.0,0.9047,1004.0
1753547047900,16:24:07.900,AERO/USDT:USDT,0.9037,1012.0,0.9035,100.0,0.9043,190.0,0.9047,1114.0
1753547048050,16:24:08.050,AERO/USDT:USDT,0.9037,1012.0,0.9035,100.0,0.9043,190.0,0.9047,1114.0
1753547048200,16:24:08.200,AERO/USDT:USDT,0.9037,1012.0,0.9035,100.0,0.9043,190.0,0.9047,1114.0
1753547048350,16:24:08.350,AERO/USDT:USDT,0.9037,1012.0,0.9035,100.0,0.9043,190.0,0.9047,1114.0
1753547048650,16:24:08.650,AERO/USDT:USDT,0.9037,1012.0,0.9035,100.0,0.9043,190.0,0.9047,1114.0
1753547048950,16:24:08.950,AERO/USDT:USDT,0.9037,1012.0,0.9035,100.0,0.9043,190.0,0.9047,1004.0
1753547049100,16:24:09.100,AERO/USDT:USDT,0.9037,1012.0,0.9035,100.0,0.9043,190.0,0.9047,1004.0
1753547049250,16:24:09.250,AERO/USDT:USDT,0.9037,1012.0,0.9035,100.0,0.9043,190.0,0.9047,91.0
1753547049401,16:24:09.401,AERO/USDT:USDT,0.9037,1012.0,0.9035,100.0,0.9043,190.0,0.9047,91.0
1753547049701,16:24:09.701,AERO/USDT:USDT,0.9037,940.0,0.9035,100.0,0.9043,190.0,0.9047,91.0
1753547049851,16:24:09.851,AERO/USDT:USDT,0.9037,940.0,0.9035,100.0,0.9043,190.0,0.9047,91.0
1753547050001,16:24:10.001,AERO/USDT:USDT,0.9037,940.0,0.9035,100.0,0.9043,190.0,0.9047,91.0
1753547050151,16:24:10.151,AERO/USDT:USDT,0.9037,940.0,0.9035,100.0,0.9043,190.0,0.9047,91.0
1753547050301,16:24:10.301,AERO/USDT:USDT,0.9037,387.0,0.9035,100.0,0.9043,190.0,0.9047,91.0
1753547050451,16:24:10.451,AERO/USDT:USDT,0.9037,454.0,0.9035,100.0,0.9043,190.0,0.9047,91.0
1753547050901,16:24:10.901,AERO/USDT:USDT,0.9037,454.0,0.9035,100.0,0.9043,190.0,0.9047,91.0
1753547051052,16:24:11.052,AERO/USDT:USDT,0.9037,454.0,0.9035,100.0,0.9043,190.0,0.9047,91.0
1753547051352,16:24:11.352,AERO/USDT:USDT,0.9037,387.0,0.9035,100.0,0.9043,190.0,0.9047,91.0
1753547051502,16:24:11.502,AERO/USDT:USDT,0.9037,466.0,0.9035,100.0,0.9043,190.0,0.9047,91.0
1753547051652,16:24:11.652,AERO/USDT:USDT,0.9037,466.0,0.9035,100.0,0.9043,101.0,0.9047,91.0
1753547051802,16:24:11.802,AERO/USDT:USDT,0.9037,1859.0,0.9035,100.0,0.9043,101.0,0.9047,91.0
1753547052102,16:24:12.102,AERO/USDT:USDT,0.9037,1970.0,0.9036,91.0,0.9046,101.0,0.9047,91.0
1753547052402,16:24:12.402,AERO/USDT:USDT,0.9039,101.0,0.9038,1099.0,0.9046,101.0,0.9047,91.0
1753547052553,16:24:12.553,AERO/USDT:USDT,0.9039,101.0,0.9038,1209.0,0.9046,101.0,0.9047,91.0
1753547052703,16:24:12.703,AERO/USDT:USDT,0.9039,156.0,0.9038,1209.0,0.9046,101.0,0.9047,91.0
1753547052853,16:24:12.853,AERO/USDT:USDT,0.9039,267.0,0.9038,1209.0,0.9046,101.0,0.9047,91.0
1753547053003,16:24:13.003,AERO/USDT:USDT,0.9039,267.0,0.9038,1209.0,0.9046,101.0,0.9047,91.0
1753547053153,16:24:13.153,AERO/USDT:USDT,0.9039,267.0,0.9038,1209.0,0.9046,101.0,0.9047,91.0
1753547053453,16:24:13.453,AERO/USDT:USDT,0.9039,232.0,0.9038,1209.0,0.9046,101.0,0.9047,91.0
1753547053753,16:24:13.753,AERO/USDT:USDT,0.9039,232.0,0.9038,1209.0,0.9046,101.0,0.9047,171.0
1753547054053,16:24:14.053,AERO/USDT:USDT,0.9039,267.0,0.9036,91.0,0.9046,101.0,0.9047,171.0
1753547054204,16:24:14.204,AERO/USDT:USDT,0.9039,212.0,0.9036,1190.0,0.9046,101.0,0.9047,171.0
1753547054354,16:24:14.354,AERO/USDT:USDT,0.9039,212.0,0.9036,1190.0,0.9046,101.0,0.9047,171.0
1753547054504,16:24:14.504,AERO/USDT:USDT,0.9039,101.0,0.9036,1190.0,0.9046,192.0,0.9047,171.0
1753547055104,16:24:15.104,AERO/USDT:USDT,0.9039,101.0,0.9035,100.0,0.9043,101.0,0.9044,1099.0
1753547055404,16:24:15.404,AERO/USDT:USDT,0.9039,101.0,0.9035,100.0,0.9043,101.0,0.9044,1099.0
1753547055705,16:24:15.705,AERO/USDT:USDT,0.9036,101.0,0.9035,274.0,0.9043,170.0,0.9044,1190.0
1753547056005,16:24:16.005,AERO/USDT:USDT,0.9036,212.0,0.9035,550.0,0.9043,261.0,0.9044,91.0
1753547056305,16:24:16.305,AERO/USDT:USDT,0.9036,212.0,0.9035,450.0,0.9043,261.0,0.9044,91.0
1753547056755,16:24:16.755,AERO/USDT:USDT,0.9036,212.0,0.9035,450.0,0.9043,261.0,0.9044,91.0
1753547057206,16:24:17.206,AERO/USDT:USDT,0.9036,212.0,0.9035,450.0,0.9043,261.0,0.9044,91.0
1753547057506,16:24:17.506,AERO/USDT:USDT,0.9036,212.0,0.9035,450.0,0.9043,261.0,0.9044,91.0
1753547057656,16:24:17.656,AERO/USDT:USDT,0.9036,212.0,0.9035,450.0,0.9043,261.0,0.9044,91.0
1753547058106,16:24:18.106,AERO/USDT:USDT,0.9036,212.0,0.9035,450.0,0.9043,261.0,0.9044,91.0
1753547058256,16:24:18.256,AERO/USDT:USDT,0.9036,212.0,0.9035,450.0,0.9043,261.0,0.9044,91.0
1753547058556,16:24:18.556,AERO/USDT:USDT,0.9036,2424.0,0.9035,450.0,0.9043,261.0,0.9044,91.0
1753547058706,16:24:18.706,AERO/USDT:USDT,0.9036,2424.0,0.9035,450.0,0.9043,261.0,0.9044,91.0
1753547058856,16:24:18.856,AERO/USDT:USDT,0.9036,2626.0,0.9034,100.0,0.9043,261.0,0.9044,91.0
1753547059007,16:24:19.007,AERO/USDT:USDT,0.9036,2912.0,0.9034,100.0,0.9043,261.0,0.9044,91.0
1753547059157,16:24:19.157,AERO/USDT:USDT,0.9036,2912.0,0.9034,100.0,0.9043,261.0,0.9044,91.0
1753547059307,16:24:19.307,AERO/USDT:USDT,0.9036,2912.0,0.9034,100.0,0.9043,261.0,0.9044,91.0
1753547059621,16:24:19.621,AERO/USDT:USDT,0.9036,2912.0,0.9034,100.0,0.9043,261.0,0.9044,91.0
1753547059793,16:24:19.793,AERO/USDT:USDT,0.9036,2912.0,0.9034,100.0,0.9043,261.0,0.9044,91.0
1753547060207,16:24:20.207,AERO/USDT:USDT,0.9036,2912.0,0.9034,100.0,0.9043,261.0,0.9044,91.0
1753547060358,16:24:20.358,AERO/USDT:USDT,0.9036,2912.0,0.9034,100.0,0.9043,261.0,0.9044,91.0
1753547060508,16:24:20.508,AERO/USDT:USDT,0.9036,2912.0,0.9034,100.0,0.9043,261.0,0.9044,91.0
1753547060658,16:24:20.658,AERO/USDT:USDT,0.9036,2912.0,0.9034,100.0,0.9043,261.0,0.9044,91.0
1753547060808,16:24:20.808,AERO/USDT:USDT,0.9036,2912.0,0.9034,100.0,0.9043,261.0,0.9044,91.0
1753547061108,16:24:21.108,AERO/USDT:USDT,0.9036,2912.0,0.9034,100.0,0.9043,261.0,0.9044,91.0
1753547061558,16:24:21.558,AERO/USDT:USDT,0.9036,2912.0,0.9034,100.0,0.9043,261.0,0.9044,91.0
1753547062309,16:24:22.309,AERO/USDT:USDT,0.9036,2912.0,0.9034,100.0,0.9043,261.0,0.9044,91.0
1753547062459,16:24:22.459,AERO/USDT:USDT,0.9036,2912.0,0.9034,100.0,0.9043,261.0,0.9044,91.0
1753547062609,16:24:22.609,AERO/USDT:USDT,0.9036,2912.0,0.9034,100.0,0.9043,261.0,0.9044,91.0
1753547062759,16:24:22.759,AERO/USDT:USDT,0.9036,2912.0,0.9034,100.0,0.9043,261.0,0.9044,91.0
1753547062909,16:24:22.909,AERO/USDT:USDT,0.9036,2912.0,0.9034,100.0,0.9043,261.0,0.9044,91.0
1753547063209,16:24:23.209,AERO/USDT:USDT,0.9036,2912.0,0.9034,100.0,0.9043,261.0,0.9044,91.0
1753547063509,16:24:23.509,AERO/USDT:USDT,0.9036,2912.0,0.9034,100.0,0.9043,261.0,0.9044,91.0
1753547063660,16:24:23.660,AERO/USDT:USDT,0.9036,2912.0,0.9034,100.0,0.9043,261.0,0.9044,91.0
1753547063810,16:24:23.810,AERO/USDT:USDT,0.9036,2912.0,0.9034,100.0,0.9043,261.0,0.9044,91.0
1753547063960,16:24:23.960,AERO/USDT:USDT,0.9036,2912.0,0.9034,100.0,0.9043,261.0,0.9044,91.0
1753547064260,16:24:24.260,AERO/USDT:USDT,0.9036,2912.0,0.9034,100.0,0.9043,261.0,0.9044,91.0
1753547064560,16:24:24.560,AERO/USDT:USDT,0.9036,2424.0,0.9034,100.0,0.9043,261.0,0.9044,91.0
1753547064710,16:24:24.710,AERO/USDT:USDT,0.9036,3101.0,0.9034,100.0,0.9043,261.0,0.9044,91.0
1753547064860,16:24:24.860,AERO/USDT:USDT,0.9036,3101.0,0.9034,100.0,0.9043,261.0,0.9044,91.0
1753547065010,16:24:25.010,AERO/USDT:USDT,0.9036,3101.0,0.9034,100.0,0.9043,261.0,0.9044,91.0
1753547065311,16:24:25.311,AERO/USDT:USDT,0.9036,3101.0,0.9034,100.0,0.9043,261.0,0.9044,91.0
1753547065461,16:24:25.461,AERO/USDT:USDT,0.9036,3101.0,0.9034,100.0,0.9043,261.0,0.9044,91.0
1753547065761,16:24:25.761,AERO/USDT:USDT,0.9036,101.0,0.9034,100.0,0.9042,1190.0,0.9043,261.0
1753547066361,16:24:26.361,AERO/USDT:USDT,0.9036,101.0,0.9034,100.0,0.9041,101.0,0.9042,1099.0
1753547066511,16:24:26.511,AERO/USDT:USDT,0.9036,101.0,0.9034,100.0,0.9041,101.0,0.9043,160.0
1753547066661,16:24:26.661,AERO/USDT:USDT,0.9036,101.0,0.9034,100.0,0.9041,101.0,0.9043,1259.0
1753547066962,16:24:26.962,AERO/USDT:USDT,0.9036,101.0,0.9034,100.0,0.9041,101.0,0.9043,1259.0
1753547067412,16:24:27.412,AERO/USDT:USDT,0.9036,321.0,0.9034,100.0,0.9041,101.0,0.9043,1259.0
1753547067562,16:24:27.562,AERO/USDT:USDT,0.9036,321.0,0.9034,100.0,0.9041,101.0,0.9043,1259.0
1753547067712,16:24:27.712,AERO/USDT:USDT,0.9036,321.0,0.9034,100.0,0.9041,101.0,0.9043,1259.0
1753547068162,16:24:28.162,AERO/USDT:USDT,0.9036,376.0,0.9034,100.0,0.9041,101.0,0.9043,1259.0
1753547068463,16:24:28.463,AERO/USDT:USDT,0.9036,376.0,0.9034,100.0,0.9041,101.0,0.9043,1259.0
1753547068613,16:24:28.613,AERO/USDT:USDT,0.9036,101.0,0.9034,100.0,0.9041,101.0,0.9042,1099.0
1753547068763,16:24:28.763,AERO/USDT:USDT,0.9036,101.0,0.9034,100.0,0.9041,101.0,0.9042,1099.0
1753547068913,16:24:28.913,AERO/USDT:USDT,0.9036,101.0,0.9034,100.0,0.9041,101.0,0.9042,1099.0
1753547069963,16:24:29.963,AERO/USDT:USDT,0.9036,819.0,0.9034,100.0,0.9041,101.0,0.9042,1099.0
1753547070114,16:24:30.114,AERO/USDT:USDT,0.9036,819.0,0.9034,100.0,0.9041,101.0,0.9042,1099.0
1753547070414,16:24:30.414,AERO/USDT:USDT,0.9036,934.0,0.9034,100.0,0.9042,979.0,0.9043,160.0
1753547070564,16:24:30.564,AERO/USDT:USDT,0.9036,934.0,0.9034,100.0,0.9041,101.0,0.9043,160.0
1753547070714,16:24:30.714,AERO/USDT:USDT,0.9036,934.0,0.9034,100.0,0.9041,101.0,0.9043,1259.0
1753547070864,16:24:30.864,AERO/USDT:USDT,0.9036,934.0,0.9034,100.0,0.9041,101.0,0.9043,1259.0
1753547071014,16:24:31.014,AERO/USDT:USDT,0.9036,934.0,0.9034,100.0,0.9041,101.0,0.9043,1259.0
1753547071314,16:24:31.314,AERO/USDT:USDT,0.9036,1050.0,0.9034,100.0,0.9041,101.0,0.9043,160.0
1753547071464,16:24:31.464,AERO/USDT:USDT,0.9036,1050.0,0.9034,100.0,0.9041,101.0,0.9043,1259.0
1753547071915,16:24:31.915,AERO/USDT:USDT,0.9036,886.0,0.9034,100.0,0.9041,101.0,0.9043,1259.0
1753547072365,16:24:32.365,AERO/USDT:USDT,0.9036,1085.0,0.9034,100.0,0.9041,101.0,0.9043,1259.0
1753547072515,16:24:32.515,AERO/USDT:USDT,0.9036,1085.0,0.9034,100.0,0.9041,101.0,0.9043,160.0
1753547072665,16:24:32.665,AERO/USDT:USDT,0.9036,1085.0,0.9034,100.0,0.9041,101.0,0.9042,1099.0
1753547072815,16:24:32.815,AERO/USDT:USDT,0.9036,1202.0,0.9034,100.0,0.9041,101.0,0.9042,1099.0
1753547073416,16:24:33.416,AERO/USDT:USDT,0.9036,1202.0,0.9034,100.0,0.9041,101.0,0.9042,1099.0
1753547073866,16:24:33.866,AERO/USDT:USDT,0.9036,1202.0,0.9034,100.0,0.9041,101.0,0.9042,1099.0
1753547074016,16:24:34.016,AERO/USDT:USDT,0.9036,1489.0,0.9035,91.0,0.9041,101.0,0.9044,913.0
1753547074166,16:24:34.166,AERO/USDT:USDT,0.9036,1489.0,0.9035,91.0,0.9041,101.0,0.9044,913.0
1753547074316,16:24:34.316,AERO/USDT:USDT,0.9036,1489.0,0.9035,91.0,0.9041,101.0,0.9044,913.0
1753547074767,16:24:34.767,AERO/USDT:USDT,0.9036,1489.0,0.9035,91.0,0.9041,101.0,0.9044,913.0
1753547075067,16:24:35.067,AERO/USDT:USDT,0.9036,1612.0,0.9035,91.0,0.9041,101.0,0.9044,913.0
1753547075217,16:24:35.217,AERO/USDT:USDT,0.9036,1612.0,0.9035,91.0,0.9041,101.0,0.9044,913.0
1753547075667,16:24:35.667,AERO/USDT:USDT,0.9036,2534.0,0.9035,91.0,0.9044,913.0,0.9045,91.0
1753547075817,16:24:35.817,AERO/USDT:USDT,0.9036,2534.0,0.9035,91.0,0.9043,101.0,0.9045,91.0
1753547075967,16:24:35.967,AERO/USDT:USDT,0.9036,2534.0,0.9035,91.0,0.9043,101.0,0.9045,91.0
1753547076268,16:24:36.268,AERO/USDT:USDT,0.9036,2534.0,0.9035,91.0,0.9043,101.0,0.9045,91.0
1753547076418,16:24:36.418,AERO/USDT:USDT,0.9036,2534.0,0.9035,91.0,0.9043,101.0,0.9045,91.0
1753547076718,16:24:36.718,AERO/USDT:USDT,0.9036,2534.0,0.9035,91.0,0.9043,101.0,0.9045,91.0
1753547077018,16:24:37.018,AERO/USDT:USDT,0.9036,2534.0,0.9035,91.0,0.9043,101.0,0.9045,91.0
1753547077318,16:24:37.318,AERO/USDT:USDT,0.9036,2534.0,0.9035,91.0,0.9043,101.0,0.9045,91.0
1753547077619,16:24:37.619,AERO/USDT:USDT,0.9036,2534.0,0.9035,91.0,0.9043,101.0,0.9045,91.0
1753547078069,16:24:38.069,AERO/USDT:USDT,0.9036,2534.0,0.9035,91.0,0.9043,101.0,0.9045,91.0
1753547078219,16:24:38.219,AERO/USDT:USDT,0.9036,2534.0,0.9035,91.0,0.9043,101.0,0.9045,91.0
1753547078369,16:24:38.369,AERO/USDT:USDT,0.9036,2534.0,0.9035,91.0,0.9043,101.0,0.9045,91.0
1753547078519,16:24:38.519,AERO/USDT:USDT,0.9036,2534.0,0.9035,91.0,0.9043,101.0,0.9045,91.0
1753547078819,16:24:38.819,AERO/USDT:USDT,0.9036,2534.0,0.9035,91.0,0.9043,101.0,0.9045,91.0
1753547078969,16:24:38.969,AERO/USDT:USDT,0.9036,2534.0,0.9035,91.0,0.9043,101.0,0.9045,91.0
1753547079119,16:24:39.119,AERO/USDT:USDT,0.9036,2534.0,0.9035,91.0,0.9043,101.0,0.9045,91.0
1753547079420,16:24:39.420,AERO/USDT:USDT,0.9036,2534.0,0.9035,91.0,0.9043,101.0,0.9045,91.0
1753547079570,16:24:39.570,AERO/USDT:USDT,0.9036,2534.0,0.9035,91.0,0.9043,101.0,0.9045,91.0
1753547079720,16:24:39.720,AERO/USDT:USDT,0.9036,2534.0,0.9035,91.0,0.9043,101.0,0.9045,91.0
1753547080020,16:24:40.020,AERO/USDT:USDT,0.9036,2534.0,0.9035,91.0,0.9043,101.0,0.9045,91.0
1753547080170,16:24:40.170,AERO/USDT:USDT,0.9036,2534.0,0.9035,91.0,0.9043,101.0,0.9045,91.0
1753547080320,16:24:40.320,AERO/USDT:USDT,0.9036,2534.0,0.9035,91.0,0.9043,101.0,0.9045,91.0
1753547080470,16:24:40.470,AERO/USDT:USDT,0.9036,2534.0,0.9035,91.0,0.9043,101.0,0.9045,91.0
1753547080620,16:24:40.620,AERO/USDT:USDT,0.9036,2534.0,0.9035,91.0,0.9043,101.0,0.9045,91.0
1753547080920,16:24:40.920,AERO/USDT:USDT,0.9036,2534.0,0.9035,91.0,0.9043,101.0,0.9045,91.0
1753547081221,16:24:41.221,AERO/USDT:USDT,0.9036,2534.0,0.9035,91.0,0.9043,101.0,0.9045,91.0
1753547081521,16:24:41.521,AERO/USDT:USDT,0.9036,1421.0,0.9035,91.0,0.9043,101.0,0.9045,91.0
1753547081821,16:24:41.821,AERO/USDT:USDT,0.9038,201.0,0.9037,6031.0,0.9043,101.0,0.9047,1915.0
1753547081971,16:24:41.971,AERO/USDT:USDT,0.9038,1431.0,0.9037,6031.0,0.9047,91.0,0.9048,91.0
1753547082421,16:24:42.421,AERO/USDT:USDT,0.904,101.0,0.9039,192.0,0.9046,101.0,0.9049,89.0
1753547082572,16:24:42.572,AERO/USDT:USDT,0.904,212.0,0.9039,192.0,0.9046,101.0,0.9049,89.0
1753547082722,16:24:42.722,AERO/USDT:USDT,0.904,267.0,0.9039,192.0,0.9046,101.0,0.9049,89.0
1753547082872,16:24:42.872,AERO/USDT:USDT,0.904,377.0,0.9039,192.0,0.9046,101.0,0.9049,89.0
1753547083022,16:24:43.022,AERO/USDT:USDT,0.904,377.0,0.9039,192.0,0.9046,101.0,0.9049,89.0
1753547083172,16:24:43.172,AERO/USDT:USDT,0.904,377.0,0.9039,192.0,0.9046,101.0,0.9049,89.0
1753547083322,16:24:43.322,AERO/USDT:USDT,0.904,267.0,0.9039,192.0,0.9046,101.0,0.9049,89.0
1753547083472,16:24:43.472,AERO/USDT:USDT,0.904,267.0,0.9039,192.0,0.9046,101.0,0.9049,89.0
1753547083622,16:24:43.622,AERO/USDT:USDT,0.904,267.0,0.9039,192.0,0.9046,101.0,0.9049,89.0
1753547083922,16:24:43.922,AERO/USDT:USDT,0.904,267.0,0.9039,192.0,0.9046,101.0,0.9049,89.0
1753547084073,16:24:44.073,AERO/USDT:USDT,0.904,267.0,0.9039,192.0,0.9046,101.0,0.9049,89.0
1753547084373,16:24:44.373,AERO/USDT:USDT,0.904,267.0,0.9039,192.0,0.9046,101.0,0.9049,89.0
1753547084823,16:24:44.823,AERO/USDT:USDT,0.904,267.0,0.9039,192.0,0.9046,101.0,0.9049,89.0
1753547084973,16:24:44.973,AERO/USDT:USDT,0.904,212.0,0.9039,192.0,0.9046,101.0,0.9049,89.0
1753547085123,16:24:45.123,AERO/USDT:USDT,0.904,212.0,0.9039,192.0,0.9046,101.0,0.9049,89.0
1753547085423,16:24:45.423,AERO/USDT:USDT,0.904,212.0,0.9039,192.0,0.9046,101.0,0.9049,89.0
1753547085574,16:24:45.574,AERO/USDT:USDT,0.904,212.0,0.9039,192.0,0.9046,101.0,0.9049,89.0
1753547086024,16:24:46.024,AERO/USDT:USDT,0.904,377.0,0.9039,192.0,0.9046,101.0,0.9049,89.0
1753547086324,16:24:46.324,AERO/USDT:USDT,0.904,377.0,0.9039,192.0,0.9046,101.0,0.9049,89.0
1753547086624,16:24:46.624,AERO/USDT:USDT,0.904,487.0,0.9039,192.0,0.9046,101.0,0.9049,89.0
1753547086774,16:24:46.774,AERO/USDT:USDT,0.904,487.0,0.9039,192.0,0.9046,101.0,0.9049,89.0
1753547087074,16:24:47.074,AERO/USDT:USDT,0.904,487.0,0.9039,192.0,0.9046,101.0,0.9049,89.0
1753547087525,16:24:47.525,AERO/USDT:USDT,0.904,487.0,0.9039,192.0,0.9046,101.0,0.9049,89.0
1753547087675,16:24:47.675,AERO/USDT:USDT,0.904,487.0,0.9039,192.0,0.9046,101.0,0.9049,89.0
1753547088575,16:24:48.575,AERO/USDT:USDT,0.904,221.0,0.9039,192.0,0.9046,101.0,0.9049,89.0
1753547088726,16:24:48.726,AERO/USDT:USDT,0.904,221.0,0.9039,192.0,0.9046,101.0,0.9049,89.0
1753547088876,16:24:48.876,AERO/USDT:USDT,0.904,221.0,0.9039,192.0,0.9046,101.0,0.9049,89.0
1753547089026,16:24:49.026,AERO/USDT:USDT,0.904,221.0,0.9039,192.0,0.9046,101.0,0.9049,89.0
1753547089176,16:24:49.176,AERO/USDT:USDT,0.904,221.0,0.9039,192.0,0.9046,101.0,0.9049,89.0
1753547089476,16:24:49.476,AERO/USDT:USDT,0.904,442.0,0.9039,192.0,0.9046,101.0,0.9047,80.0
1753547089626,16:24:49.626,AERO/USDT:USDT,0.904,332.0,0.9039,192.0,0.9046,101.0,0.9047,80.0
1753547089776,16:24:49.776,AERO/USDT:USDT,0.904,221.0,0.9039,192.0,0.9046,101.0,0.9047,80.0
1753547089926,16:24:49.926,AERO/USDT:USDT,0.904,221.0,0.9039,192.0,0.9046,101.0,0.9047,80.0
1753547090076,16:24:50.076,AERO/USDT:USDT,0.904,221.0,0.9039,192.0,0.9046,101.0,0.9047,80.0
1753547090226,16:24:50.226,AERO/USDT:USDT,0.904,221.0,0.9039,192.0,0.9046,101.0,0.9047,80.0
1753547090377,16:24:50.377,AERO/USDT:USDT,0.904,221.0,0.9039,192.0,0.9046,101.0,0.9047,80.0
1753547090827,16:24:50.827,AERO/USDT:USDT,0.904,1433.0,0.9039,192.0,0.9046,101.0,0.9049,89.0
1753547091127,16:24:51.127,AERO/USDT:USDT,0.904,1542.0,0.9039,192.0,0.9046,101.0,0.9049,89.0
1753547091277,16:24:51.277,AERO/USDT:USDT,0.904,1542.0,0.9039,192.0,0.9046,101.0,0.9049,89.0
1753547091878,16:24:51.878,AERO/USDT:USDT,0.904,1651.0,0.9039,192.0,0.9046,101.0,0.9049,89.0
1753547092028,16:24:52.028,AERO/USDT:USDT,0.904,1651.0,0.9039,192.0,0.9046,101.0,0.9049,89.0
1753547092178,16:24:52.178,AERO/USDT:USDT,0.904,1651.0,0.9039,192.0,0.9046,101.0,0.9049,89.0
1753547092328,16:24:52.328,AERO/USDT:USDT,0.904,1651.0,0.9039,192.0,0.9046,101.0,0.9049,89.0
1753547092628,16:24:52.628,AERO/USDT:USDT,0.904,1651.0,0.9039,192.0,0.9046,101.0,0.9049,89.0
1753547092778,16:24:52.778,AERO/USDT:USDT,0.904,1651.0,0.9039,192.0,0.9046,101.0,0.9049,89.0
1753547092928,16:24:52.928,AERO/USDT:USDT,0.904,1651.0,0.9039,192.0,0.9046,101.0,0.9049,89.0
1753547093078,16:24:53.078,AERO/USDT:USDT,0.904,1651.0,0.9039,192.0,0.9046,101.0,0.9049,89.0
1753547093228,16:24:53.228,AERO/USDT:USDT,0.904,1651.0,0.9039,192.0,0.9046,101.0,0.9049,89.0
1753547093378,16:24:53.378,AERO/USDT:USDT,0.904,1651.0,0.9039,192.0,0.9046,101.0,0.9049,89.0
1753547093528,16:24:53.528,AERO/USDT:USDT,0.904,1651.0,0.9039,192.0,0.9046,101.0,0.9049,89.0
1753547093979,16:24:53.979,AERO/USDT:USDT,0.904,1651.0,0.9039,192.0,0.9046,101.0,0.9049,89.0
1753547094129,16:24:54.129,AERO/USDT:USDT,0.904,1651.0,0.9039,192.0,0.9046,101.0,0.9049,89.0
1753547094429,16:24:54.429,AERO/USDT:USDT,0.904,1651.0,0.9039,192.0,0.9046,101.0,0.9049,89.0
1753547094579,16:24:54.579,AERO/USDT:USDT,0.904,1651.0,0.9039,192.0,0.9046,101.0,0.9049,89.0
1753547094729,16:24:54.729,AERO/USDT:USDT,0.904,1651.0,0.9039,192.0,0.9046,101.0,0.9049,89.0
1753547095029,16:24:55.029,AERO/USDT:USDT,0.904,1651.0,0.9039,192.0,0.9046,101.0,0.9049,89.0
1753547095180,16:24:55.180,AERO/USDT:USDT,0.904,1651.0,0.9039,192.0,0.9046,101.0,0.9049,89.0
1753547095330,16:24:55.330,AERO/USDT:USDT,0.904,1651.0,0.9039,192.0,0.9046,101.0,0.9049,89.0
1753547095480,16:24:55.480,AERO/USDT:USDT,0.904,1651.0,0.9039,192.0,0.9046,101.0,0.9049,89.0
1753547095630,16:24:55.630,AERO/USDT:USDT,0.904,1651.0,0.9039,192.0,0.9046,101.0,0.9049,89.0
1753547095780,16:24:55.780,AERO/USDT:USDT,0.904,1651.0,0.9039,192.0,0.9046,101.0,0.9049,89.0
1753547095930,16:24:55.930,AERO/USDT:USDT,0.904,1651.0,0.9039,192.0,0.9046,101.0,0.9049,89.0
1753547096080,16:24:56.080,AERO/USDT:USDT,0.904,1651.0,0.9039,192.0,0.9046,101.0,0.9049,89.0
1753547096230,16:24:56.230,AERO/USDT:USDT,0.904,1651.0,0.9039,192.0,0.9046,101.0,0.9049,89.0
1753547096380,16:24:56.380,AERO/USDT:USDT,0.904,1651.0,0.9039,192.0,0.9046,101.0,0.9049,89.0
1753547096530,16:24:56.530,AERO/USDT:USDT,0.904,1651.0,0.9039,192.0,0.9046,101.0,0.9049,89.0
1753547096680,16:24:56.680,AERO/USDT:USDT,0.904,1651.0,0.9039,192.0,0.9046,101.0,0.9049,89.0
1753547096831,16:24:56.831,AERO/USDT:USDT,0.904,1651.0,0.9039,192.0,0.9046,101.0,0.9049,89.0
1753547096981,16:24:56.981,AERO/USDT:USDT,0.904,1651.0,0.9039,192.0,0.9046,101.0,0.9049,89.0
1753547097131,16:24:57.131,AERO/USDT:USDT,0.904,1651.0,0.9039,192.0,0.9046,101.0,0.9049,89.0
1753547097281,16:24:57.281,AERO/USDT:USDT,0.904,1651.0,0.9039,192.0,0.9046,101.0,0.9049,89.0
1753547097581,16:24:57.581,AERO/USDT:USDT,0.904,1651.0,0.9039,192.0,0.9046,101.0,0.9049,89.0
1753547097731,16:24:57.731,AERO/USDT:USDT,0.904,1651.0,0.9039,192.0,0.9046,101.0,0.9049,89.0
1753547097881,16:24:57.881,AERO/USDT:USDT,0.904,1651.0,0.9039,192.0,0.9046,101.0,0.9049,89.0
1753547098482,16:24:58.482,AERO/USDT:USDT,0.904,1651.0,0.9039,192.0,0.9046,101.0,0.9049,89.0
1753547098632,16:24:58.632,AERO/USDT:USDT,0.904,1651.0,0.9039,192.0,0.9046,101.0,0.9049,89.0
1753547098932,16:24:58.932,AERO/USDT:USDT,0.904,1651.0,0.9039,192.0,0.9046,101.0,0.9049,89.0
1753547099232,16:24:59.232,AERO/USDT:USDT,0.904,1651.0,0.9039,192.0,0.9046,101.0,0.9049,89.0
1753547099683,16:24:59.683,AERO/USDT:USDT,0.904,1651.0,0.9039,192.0,0.9046,101.0,0.9049,89.0
1753547099833,16:24:59.833,AERO/USDT:USDT,0.904,1651.0,0.9039,192.0,0.9046,101.0,0.9049,89.0
1753547100133,16:25:00.133,AERO/USDT:USDT,0.904,1651.0,0.9039,192.0,0.9046,101.0,0.9049,89.0
1753547100583,16:25:00.583,AERO/USDT:USDT,0.904,101.0,0.9039,100.0,0.9046,191.0,0.9047,80.0
1753547100733,16:25:00.733,AERO/USDT:USDT,0.904,101.0,0.9038,100.0,0.9046,191.0,0.9047,80.0
1753547101334,16:25:01.334,AERO/USDT:USDT,0.904,101.0,0.9038,100.0,0.9044,163.0,0.9045,99.0
1753547101484,16:25:01.484,AERO/USDT:USDT,0.904,101.0,0.9038,100.0,0.9044,163.0,0.9045,99.0
1753547101934,16:25:01.934,AERO/USDT:USDT,0.904,101.0,0.9038,100.0,0.9044,163.0,0.9045,99.0
1753547102084,16:25:02.084,AERO/USDT:USDT,0.904,101.0,0.9038,100.0,0.9044,163.0,0.9045,99.0
1753547102384,16:25:02.384,AERO/USDT:USDT,0.904,101.0,0.9038,100.0,0.9044,163.0,0.9045,99.0
1753547102534,16:25:02.534,AERO/USDT:USDT,0.904,101.0,0.9038,100.0,0.9044,163.0,0.9045,99.0
1753547102685,16:25:02.685,AERO/USDT:USDT,0.904,101.0,0.9038,100.0,0.9044,163.0,0.9045,99.0
1753547103135,16:25:03.135,AERO/USDT:USDT,0.904,101.0,0.9038,100.0,0.9044,163.0,0.9045,99.0
1753547103585,16:25:03.585,AERO/USDT:USDT,0.904,101.0,0.9038,100.0,0.9044,163.0,0.9045,99.0
1753547103735,16:25:03.735,AERO/USDT:USDT,0.904,101.0,0.9038,100.0,0.9044,163.0,0.9045,99.0
1753547104035,16:25:04.035,AERO/USDT:USDT,0.904,101.0,0.9038,100.0,0.9044,163.0,0.9045,99.0
1753547104186,16:25:04.186,AERO/USDT:USDT,0.904,101.0,0.9038,100.0,0.9044,163.0,0.9045,99.0
1753547104336,16:25:04.336,AERO/USDT:USDT,0.904,101.0,0.9038,100.0,0.9044,163.0,0.9045,99.0
1753547104636,16:25:04.636,AERO/USDT:USDT,0.904,101.0,0.9038,100.0,0.9044,163.0,0.9045,99.0
1753547104936,16:25:04.936,AERO/USDT:USDT,0.904,1.0,0.9038,100.0,0.9044,163.0,0.9045,99.0
1753547105837,16:25:05.837,AERO/USDT:USDT,0.9038,1524.0,0.9037,100.0,0.9044,253.0,0.9045,189.0
1753547106137,16:25:06.137,AERO/USDT:USDT,0.9038,100.0,0.9037,100.0,0.9044,253.0,0.9045,189.0
1753547106287,16:25:06.287,AERO/USDT:USDT,0.9035,4736.0,0.9033,697.0,0.9042,101.0,0.9043,90.0
1753547106437,16:25:06.437,AERO/USDT:USDT,0.9036,101.0,0.9035,4736.0,0.9042,191.0,0.9043,90.0
1753547106587,16:25:06.587,AERO/USDT:USDT,0.9036,101.0,0.9035,4913.0,0.9042,101.0,0.9043,90.0
1753547106737,16:25:06.737,AERO/USDT:USDT,0.9036,2213.0,0.9035,236.0,0.9042,101.0,0.9044,152.0
1753547107037,16:25:07.037,AERO/USDT:USDT,0.9038,101.0,0.9037,2302.0,0.9042,101.0,0.9046,1189.0
1753547107638,16:25:07.638,AERO/USDT:USDT,0.9038,101.0,0.9037,90.0,0.9046,405.0,0.9048,90.0
1753547107938,16:25:07.938,AERO/USDT:USDT,0.9038,101.0,0.9037,90.0,0.9046,405.0,0.9048,90.0
1753547108538,16:25:08.538,AERO/USDT:USDT,0.9038,101.0,0.9037,90.0,0.9046,405.0,0.9048,90.0
1753547108688,16:25:08.688,AERO/USDT:USDT,0.9038,101.0,0.9037,90.0,0.9045,1099.0,0.9046,62.0
1753547108838,16:25:08.838,AERO/USDT:USDT,0.9038,654.0,0.9037,90.0,0.9045,1099.0,0.9046,62.0
1753547109139,16:25:09.139,AERO/USDT:USDT,0.9038,1220.0,0.9037,90.0,0.9045,1099.0,0.9046,62.0
1753547109439,16:25:09.439,AERO/USDT:USDT,0.9038,1220.0,0.9037,90.0,0.9045,1099.0,0.9046,62.0
1753547109739,16:25:09.739,AERO/USDT:USDT,0.9038,1220.0,0.9037,90.0,0.9045,1099.0,0.9046,62.0
1753547110039,16:25:10.039,AERO/USDT:USDT,0.9038,1220.0,0.9037,90.0,0.9045,1099.0,0.9046,62.0
1753547110189,16:25:10.189,AERO/USDT:USDT,0.9038,1220.0,0.9037,90.0,0.9045,1099.0,0.9046,62.0
1753547110490,16:25:10.490,AERO/USDT:USDT,0.9038,1220.0,0.9037,90.0,0.9045,1099.0,0.9046,62.0
1753547110640,16:25:10.640,AERO/USDT:USDT,0.9038,1220.0,0.9037,90.0,0.9045,1099.0,0.9046,62.0
1753547110940,16:25:10.940,AERO/USDT:USDT,0.9038,2879.0,0.9037,90.0,0.9046,62.0,0.9048,90.0
1753547111090,16:25:11.090,AERO/USDT:USDT,0.9038,2879.0,0.9037,90.0,0.9046,62.0,0.9048,90.0
1753547111240,16:25:11.240,AERO/USDT:USDT,0.9038,2990.0,0.9037,90.0,0.9046,62.0,0.9048,90.0
1753547111540,16:25:11.540,AERO/USDT:USDT,0.9038,3044.0,0.9037,90.0,0.9046,62.0,0.9048,90.0
1753547111690,16:25:11.690,AERO/USDT:USDT,0.9038,3044.0,0.9037,90.0,0.9046,62.0,0.9048,90.0
1753547111840,16:25:11.840,AERO/USDT:USDT,0.9038,3044.0,0.9037,90.0,0.9046,62.0,0.9048,90.0
1753547112141,16:25:12.141,AERO/USDT:USDT,0.9038,3044.0,0.9037,90.0,0.9046,62.0,0.9048,90.0
1753547112591,16:25:12.591,AERO/USDT:USDT,0.9038,3044.0,0.9037,90.0,0.9046,62.0,0.9048,90.0
1753547113041,16:25:13.041,AERO/USDT:USDT,0.9038,348.0,0.9037,90.0,0.9045,1099.0,0.9046,62.0
1753547113341,16:25:13.341,AERO/USDT:USDT,0.9038,403.0,0.9037,90.0,0.9045,1099.0,0.9046,62.0
1753547113942,16:25:13.942,AERO/USDT:USDT,0.9038,2725.0,0.9037,90.0,0.9046,62.0,0.9048,90.0
1753547114242,16:25:14.242,AERO/USDT:USDT,0.9038,513.0,0.9037,90.0,0.9045,1099.0,0.9046,62.0
1753547114992,16:25:14.992,AERO/USDT:USDT,0.9038,568.0,0.9037,90.0,0.9046,62.0,0.9048,90.0
1753547115443,16:25:15.443,AERO/USDT:USDT,0.9038,101.0,0.9035,90.0,0.9045,1099.0,0.9046,62.0
1753547115743,16:25:15.743,AERO/USDT:USDT,0.9038,160.0,0.9035,90.0,0.9045,1099.0,0.9046,62.0
1753547116043,16:25:16.043,AERO/USDT:USDT,0.9038,101.0,0.9034,4826.0,0.9045,1099.0,0.9046,154.0
1753547116343,16:25:16.343,AERO/USDT:USDT,0.9038,101.0,0.9034,90.0,0.9045,1099.0,0.9046,154.0
1753547116643,16:25:16.643,AERO/USDT:USDT,0.9038,101.0,0.9034,90.0,0.9045,1099.0,0.9046,154.0
1753547116793,16:25:16.793,AERO/USDT:USDT,0.9038,101.0,0.9034,90.0,0.9045,1099.0,0.9046,154.0
1753547116944,16:25:16.944,AERO/USDT:USDT,0.9038,101.0,0.9034,90.0,0.9045,1099.0,0.9046,154.0
1753547117544,16:25:17.544,AERO/USDT:USDT,0.9038,101.0,0.9034,90.0,0.9045,1099.0,0.9046,154.0
1753547118144,16:25:18.144,AERO/USDT:USDT,0.9038,101.0,0.9034,90.0,0.9045,1099.0,0.9046,154.0
1753547118294,16:25:18.294,AERO/USDT:USDT,0.9038,101.0,0.9034,90.0,0.9045,1099.0,0.9046,154.0
1753547118444,16:25:18.444,AERO/USDT:USDT,0.9038,101.0,0.9034,90.0,0.9045,1099.0,0.9046,154.0
1753547118595,16:25:18.595,AERO/USDT:USDT,0.9038,101.0,0.9034,90.0,0.9045,1099.0,0.9046,154.0
1753547118745,16:25:18.745,AERO/USDT:USDT,0.9038,101.0,0.9034,90.0,0.9045,1099.0,0.9046,154.0
1753547119045,16:25:19.045,AERO/USDT:USDT,0.9039,496.0,0.9038,436.0,0.9048,90.0,0.9049,4825.0
1753547119345,16:25:19.345,AERO/USDT:USDT,0.904,101.0,0.9039,496.0,0.9048,90.0,0.9049,4825.0
1753547119645,16:25:19.645,AERO/USDT:USDT,0.904,765.0,0.9039,496.0,0.9048,90.0,0.9049,4825.0
1753547120096,16:25:20.096,AERO/USDT:USDT,0.904,654.0,0.9039,496.0,0.9048,90.0,0.9049,4825.0
1753547120246,16:25:20.246,AERO/USDT:USDT,0.904,654.0,0.9039,496.0,0.9048,90.0,0.9049,4825.0
1753547120546,16:25:20.546,AERO/USDT:USDT,0.904,654.0,0.9039,496.0,0.9048,90.0,0.9049,4825.0
1753547120696,16:25:20.696,AERO/USDT:USDT,0.904,654.0,0.9039,496.0,0.9048,90.0,0.9049,4825.0
1753547121146,16:25:21.146,AERO/USDT:USDT,0.904,654.0,0.9039,496.0,0.9048,90.0,0.9049,4825.0
1753547121296,16:25:21.296,AERO/USDT:USDT,0.904,654.0,0.9039,496.0,0.9048,90.0,0.9049,4825.0
1753547121747,16:25:21.747,AERO/USDT:USDT,0.904,654.0,0.9039,496.0,0.9048,90.0,0.9049,4825.0
1753547122047,16:25:22.047,AERO/USDT:USDT,0.904,654.0,0.9039,496.0,0.9048,90.0,0.9049,4825.0
1753547122347,16:25:22.347,AERO/USDT:USDT,0.904,654.0,0.9039,496.0,0.9048,90.0,0.9049,4825.0
1753547122647,16:25:22.647,AERO/USDT:USDT,0.904,654.0,0.9039,496.0,0.9048,90.0,0.9049,4825.0
1753547122797,16:25:22.797,AERO/USDT:USDT,0.904,654.0,0.9039,496.0,0.9048,90.0,0.9049,4825.0
1753547122947,16:25:22.947,AERO/USDT:USDT,0.904,654.0,0.9039,496.0,0.9048,90.0,0.9049,4825.0
1753547123097,16:25:23.097,AERO/USDT:USDT,0.904,654.0,0.9039,496.0,0.9048,90.0,0.9049,4825.0
1753547123248,16:25:23.248,AERO/USDT:USDT,0.904,654.0,0.9039,496.0,0.9048,90.0,0.9049,4825.0
1753547123548,16:25:23.548,AERO/USDT:USDT,0.904,654.0,0.9039,496.0,0.9048,90.0,0.9049,4825.0
1753547123848,16:25:23.848,AERO/USDT:USDT,0.904,654.0,0.9038,55.0,0.9048,90.0,0.9049,4825.0
1753547123998,16:25:23.998,AERO/USDT:USDT,0.904,654.0,0.9038,55.0,0.9048,90.0,0.9049,4825.0
1753547124148,16:25:24.148,AERO/USDT:USDT,0.904,654.0,0.9038,55.0,0.9046,1099.0,0.9048,90.0
1753547124298,16:25:24.298,AERO/USDT:USDT,0.904,654.0,0.9038,55.0,0.9046,1099.0,0.9048,90.0
1753547124448,16:25:24.448,AERO/USDT:USDT,0.904,654.0,0.9038,55.0,0.9047,80.0,0.9048,90.0
1753547124748,16:25:24.748,AERO/USDT:USDT,0.904,654.0,0.9038,55.0,0.9046,1099.0,0.9047,80.0
1753547124899,16:25:24.899,AERO/USDT:USDT,0.9035,101.0,0.9034,90.0,0.9046,1397.0,0.9047,80.0
1753547125049,16:25:25.049,AERO/USDT:USDT,0.9035,101.0,0.9034,90.0,0.9046,1397.0,0.9047,80.0
1753547125349,16:25:25.349,AERO/USDT:USDT,0.9035,212.0,0.9034,90.0,0.9046,1397.0,0.9047,80.0
1753547125499,16:25:25.499,AERO/USDT:USDT,0.9035,326.0,0.9034,90.0,0.9042,1099.0,0.9046,1397.0
1753547125799,16:25:25.799,AERO/USDT:USDT,0.9035,326.0,0.9034,90.0,0.9042,1099.0,0.9043,172.0
1753547126249,16:25:26.249,AERO/USDT:USDT,0.9035,326.0,0.9034,90.0,0.9042,1099.0,0.9043,172.0
1753547126850,16:25:26.850,AERO/USDT:USDT,0.9035,326.0,0.9034,90.0,0.9042,1099.0,0.9043,172.0
1753547127000,16:25:27.000,AERO/USDT:USDT,0.9035,326.0,0.9034,90.0,0.9042,1099.0,0.9043,172.0
1753547127150,16:25:27.150,AERO/USDT:USDT,0.9035,326.0,0.9034,90.0,0.9042,1099.0,0.9043,172.0
1753547127450,16:25:27.450,AERO/USDT:USDT,0.9035,326.0,0.9034,90.0,0.9042,1099.0,0.9043,172.0
1753547127600,16:25:27.600,AERO/USDT:USDT,0.9035,326.0,0.9034,90.0,0.9043,172.0,0.9046,1397.0
1753547127900,16:25:27.900,AERO/USDT:USDT,0.9035,1432.0,0.9034,90.0,0.9043,92.0,0.9046,1099.0
1753547128051,16:25:28.051,AERO/USDT:USDT,0.9036,1099.0,0.9035,1432.0,0.9043,92.0,0.9046,1099.0
1753547128201,16:25:28.201,AERO/USDT:USDT,0.9037,491.0,0.9036,1892.0,0.9048,90.0,0.9049,4825.0
1753547128801,16:25:28.801,AERO/USDT:USDT,0.9037,312.0,0.9036,1595.0,0.9046,62.0,0.9048,90.0
1753547128951,16:25:28.951,AERO/USDT:USDT,0.9037,312.0,0.9036,1595.0,0.9046,62.0,0.9048,90.0
1753547129251,16:25:29.251,AERO/USDT:USDT,0.9037,312.0,0.9036,1595.0,0.9045,1099.0,0.9046,62.0
1753547129401,16:25:29.401,AERO/USDT:USDT,0.9037,312.0,0.9036,1595.0,0.9045,1099.0,0.9046,62.0
1753547129552,16:25:29.552,AERO/USDT:USDT,0.9037,312.0,0.9036,1595.0,0.9045,1099.0,0.9046,62.0
1753547129702,16:25:29.702,AERO/USDT:USDT,0.9037,312.0,0.9036,1595.0,0.9045,1099.0,0.9046,62.0
1753547129852,16:25:29.852,AERO/USDT:USDT,0.9037,312.0,0.9036,1099.0,0.9045,1099.0,0.9046,62.0
1753547130002,16:25:30.002,AERO/USDT:USDT,0.9037,312.0,0.9036,1099.0,0.9045,1099.0,0.9046,62.0
1753547130152,16:25:30.152,AERO/USDT:USDT,0.9037,312.0,0.9036,1099.0,0.9045,1099.0,0.9046,62.0
1753547130302,16:25:30.302,AERO/USDT:USDT,0.9037,312.0,0.9036,1099.0,0.9045,1099.0,0.9046,62.0
1753547130452,16:25:30.452,AERO/USDT:USDT,0.9037,312.0,0.9036,1099.0,0.9045,1099.0,0.9046,62.0
1753547130602,16:25:30.602,AERO/USDT:USDT,0.9037,312.0,0.9036,1099.0,0.9046,62.0,0.9048,90.0
1753547131653,16:25:31.653,AERO/USDT:USDT,0.9037,2524.0,0.9036,1099.0,0.9045,1099.0,0.9046,154.0
1753547132253,16:25:32.253,AERO/USDT:USDT,0.9037,2524.0,0.9036,1099.0,0.9045,1099.0,0.9046,154.0
1753547132704,16:25:32.704,AERO/USDT:USDT,0.9037,2524.0,0.9036,1099.0,0.9044,1099.0,0.9046,154.0
1753547132854,16:25:32.854,AERO/USDT:USDT,0.9037,2524.0,0.9036,1099.0,0.9044,1099.0,0.9046,154.0
1753547133304,16:25:33.304,AERO/USDT:USDT,0.9037,2524.0,0.9036,1099.0,0.9044,1099.0,0.9046,154.0
1753547133454,16:25:33.454,AERO/USDT:USDT,0.9037,2524.0,0.9036,1099.0,0.9044,1099.0,0.9046,154.0
1753547133754,16:25:33.754,AERO/USDT:USDT,0.9037,2524.0,0.9036,1099.0,0.9044,1099.0,0.9046,154.0
1753547133904,16:25:33.904,AERO/USDT:USDT,0.9037,2524.0,0.9036,1099.0,0.9044,1099.0,0.9046,154.0
1753547134054,16:25:34.054,AERO/USDT:USDT,0.9037,2524.0,0.9036,1099.0,0.9044,1099.0,0.9046,154.0
1753547134205,16:25:34.205,AERO/USDT:USDT,0.9037,2524.0,0.9036,1099.0,0.9044,1099.0,0.9046,154.0
1753547134355,16:25:34.355,AERO/USDT:USDT,0.9037,2524.0,0.9036,1099.0,0.9044,1099.0,0.9046,154.0
1753547134505,16:25:34.505,AERO/USDT:USDT,0.9037,2524.0,0.9036,1099.0,0.9044,1099.0,0.9046,154.0
1753547134805,16:25:34.805,AERO/USDT:USDT,0.9037,2524.0,0.9036,1099.0,0.9046,154.0,0.9048,1914.0
1753547135105,16:25:35.105,AERO/USDT:USDT,0.9037,2524.0,0.9036,1099.0,0.9045,1099.0,0.9046,154.0
1753547135255,16:25:35.255,AERO/USDT:USDT,0.9037,2524.0,0.9036,1099.0,0.9045,1099.0,0.9046,154.0
1753547135405,16:25:35.405,AERO/USDT:USDT,0.9037,2524.0,0.9036,1099.0,0.9045,1099.0,0.9046,154.0
1753547135556,16:25:35.556,AERO/USDT:USDT,0.9037,2524.0,0.9036,1099.0,0.9045,1099.0,0.9046,154.0
1753547136006,16:25:36.006,AERO/USDT:USDT,0.9037,2524.0,0.9035,147.0,0.9045,1099.0,0.9046,154.0
1753547136156,16:25:36.156,AERO/USDT:USDT,0.9037,2524.0,0.9035,147.0,0.9045,1099.0,0.9046,154.0
1753547136456,16:25:36.456,AERO/USDT:USDT,0.9037,2524.0,0.9035,147.0,0.9045,1099.0,0.9046,154.0
1753547136606,16:25:36.606,AERO/USDT:USDT,0.9037,2524.0,0.9035,147.0,0.9046,154.0,0.9048,1001.0
1753547136756,16:25:36.756,AERO/USDT:USDT,0.9037,2524.0,0.9035,147.0,0.9045,1099.0,0.9046,154.0
1753547137507,16:25:37.507,AERO/USDT:USDT,0.9037,2524.0,0.9035,147.0,0.9045,1099.0,0.9046,154.0
1753547137657,16:25:37.657,AERO/USDT:USDT,0.9037,2524.0,0.9035,147.0,0.9045,1099.0,0.9046,154.0
1753547137807,16:25:37.807,AERO/USDT:USDT,0.9037,2524.0,0.9035,147.0,0.9045,1099.0,0.9046,154.0
1753547138107,16:25:38.107,AERO/USDT:USDT,0.9037,2524.0,0.9035,147.0,0.9045,1099.0,0.9046,154.0
1753547138257,16:25:38.257,AERO/USDT:USDT,0.9037,2524.0,0.9035,147.0,0.9045,1099.0,0.9046,154.0
1753547138407,16:25:38.407,AERO/USDT:USDT,0.9037,2524.0,0.9035,147.0,0.9045,1099.0,0.9046,154.0
1753547138557,16:25:38.557,AERO/USDT:USDT,0.9037,2524.0,0.9035,147.0,0.9045,1099.0,0.9046,154.0
1753547139758,16:25:39.758,AERO/USDT:USDT,0.9037,2524.0,0.9035,147.0,0.9045,1099.0,0.9046,154.0
1753547139908,16:25:39.908,AERO/USDT:USDT,0.9037,2524.0,0.9035,147.0,0.9045,1099.0,0.9046,154.0
1753547140058,16:25:40.058,AERO/USDT:USDT,0.9037,2524.0,0.9035,147.0,0.9045,1099.0,0.9046,154.0
1753547140208,16:25:40.208,AERO/USDT:USDT,0.9037,2524.0,0.9035,147.0,0.9045,1099.0,0.9046,154.0
1753547140809,16:25:40.809,AERO/USDT:USDT,0.9037,2524.0,0.9035,55.0,0.9044,1099.0,0.9046,154.0
1753547141559,16:25:41.559,AERO/USDT:USDT,0.9037,2424.0,0.9035,55.0,0.9046,1253.0,0.9048,5736.0
1753547141709,16:25:41.709,AERO/USDT:USDT,0.9037,2424.0,0.9035,55.0,0.9046,1253.0,0.9048,5736.0
1753547142160,16:25:42.160,AERO/USDT:USDT,0.9037,212.0,0.9035,55.0,0.9046,1253.0,0.9048,5736.0
1753547142310,16:25:42.310,AERO/USDT:USDT,0.9037,212.0,0.9035,55.0,0.9046,1253.0,0.9048,5736.0
1753547142460,16:25:42.460,AERO/USDT:USDT,0.9037,212.0,0.9035,55.0,0.9046,1253.0,0.9048,5736.0
1753547143060,16:25:43.060,AERO/USDT:USDT,0.9037,212.0,0.9035,55.0,0.9046,1253.0,0.9048,5736.0
1753547143210,16:25:43.210,AERO/USDT:USDT,0.9037,212.0,0.9035,55.0,0.9046,1253.0,0.9048,5736.0
1753547143360,16:25:43.360,AERO/USDT:USDT,0.9037,212.0,0.9035,55.0,0.9046,1253.0,0.9048,5736.0
1753547143510,16:25:43.510,AERO/USDT:USDT,0.9037,212.0,0.9035,55.0,0.9046,1253.0,0.9048,5736.0
1753547143661,16:25:43.661,AERO/USDT:USDT,0.9037,212.0,0.9035,55.0,0.9046,1253.0,0.9048,5736.0
1753547144111,16:25:44.111,AERO/USDT:USDT,0.9037,212.0,0.9035,55.0,0.9046,1253.0,0.9048,5736.0
1753547144261,16:25:44.261,AERO/USDT:USDT,0.9037,212.0,0.9035,55.0,0.9046,1253.0,0.9048,5736.0
1753547144411,16:25:44.411,AERO/USDT:USDT,0.9037,212.0,0.9035,55.0,0.9046,1253.0,0.9048,5736.0
1753547144711,16:25:44.711,AERO/USDT:USDT,0.9037,212.0,0.9035,55.0,0.9046,1253.0,0.9048,5736.0
1753547144861,16:25:44.861,AERO/USDT:USDT,0.9037,212.0,0.9035,55.0,0.9046,1253.0,0.9048,5736.0
1753547145011,16:25:45.011,AERO/USDT:USDT,0.9037,212.0,0.9035,55.0,0.9046,1253.0,0.9048,5736.0
1753547145312,16:25:45.312,AERO/USDT:USDT,0.9037,212.0,0.9035,55.0,0.9046,1253.0,0.9048,5736.0
1753547145912,16:25:45.912,AERO/USDT:USDT,0.9037,2424.0,0.9035,55.0,0.9046,1253.0,0.9048,5736.0
1753547146062,16:25:46.062,AERO/USDT:USDT,0.9037,2424.0,0.9035,55.0,0.9046,1253.0,0.9048,5736.0
1753547146212,16:25:46.212,AERO/USDT:USDT,0.9037,2424.0,0.9035,55.0,0.9046,1253.0,0.9048,5736.0
1753547146963,16:25:46.963,AERO/USDT:USDT,0.9037,212.0,0.9035,55.0,0.9046,1253.0,0.9048,5736.0
1753547147863,16:25:47.863,AERO/USDT:USDT,0.9037,101.0,0.9032,1190.0,0.9042,1179.0,0.9043,4904.0
1753547148013,16:25:48.013,AERO/USDT:USDT,0.9037,101.0,0.9032,1190.0,0.9042,1179.0,0.9043,4904.0
1753547148313,16:25:48.313,AERO/USDT:USDT,0.9037,101.0,0.9032,1190.0,0.9042,1179.0,0.9043,4904.0
1753547148464,16:25:48.464,AERO/USDT:USDT,0.9037,101.0,0.9032,1190.0,0.9042,1179.0,0.9043,4904.0
1753547148614,16:25:48.614,AERO/USDT:USDT,0.9037,101.0,0.9032,1190.0,0.9042,80.0,0.9043,4904.0
1753547148764,16:25:48.764,AERO/USDT:USDT,0.9037,101.0,0.9032,1190.0,0.9042,1179.0,0.9043,4904.0
1753547148914,16:25:48.914,AERO/USDT:USDT,0.9037,101.0,0.9032,1190.0,0.9042,1179.0,0.9043,4904.0
1753547149064,16:25:49.064,AERO/USDT:USDT,0.9037,101.0,0.9032,1190.0,0.9042,1179.0,0.9043,4904.0
1753547149364,16:25:49.364,AERO/USDT:USDT,0.9037,101.0,0.9032,1190.0,0.9042,1179.0,0.9043,4904.0
1753547149514,16:25:49.514,AERO/USDT:USDT,0.9037,101.0,0.9032,1190.0,0.9042,1179.0,0.9043,4904.0
1753547149664,16:25:49.664,AERO/USDT:USDT,0.9037,101.0,0.9032,1190.0,0.9042,1179.0,0.9043,4904.0
1753547149965,16:25:49.965,AERO/USDT:USDT,0.9037,101.0,0.9032,1190.0,0.9042,1179.0,0.9043,4904.0
1753547150265,16:25:50.265,AERO/USDT:USDT,0.9037,101.0,0.9032,1190.0,0.9042,1179.0,0.9043,4904.0
1753547150415,16:25:50.415,AERO/USDT:USDT,0.9037,101.0,0.9032,1190.0,0.9042,1179.0,0.9043,4904.0
1753547150565,16:25:50.565,AERO/USDT:USDT,0.9037,101.0,0.9032,1190.0,0.9042,1179.0,0.9043,4904.0
1753547150715,16:25:50.715,AERO/USDT:USDT,0.9037,101.0,0.9032,1190.0,0.9042,1268.0,0.9043,4904.0
1753547151165,16:25:51.165,AERO/USDT:USDT,0.9037,101.0,0.9032,91.0,0.9042,1268.0,0.9043,4904.0
1753547151316,16:25:51.316,AERO/USDT:USDT,0.9037,101.0,0.9032,91.0,0.9042,1268.0,0.9043,4904.0
1753547151466,16:25:51.466,AERO/USDT:USDT,0.9037,101.0,0.9032,1190.0,0.9042,1268.0,0.9043,4904.0
1753547151616,16:25:51.616,AERO/USDT:USDT,0.9037,101.0,0.9032,1190.0,0.9042,1268.0,0.9043,4904.0
1753547151766,16:25:51.766,AERO/USDT:USDT,0.9037,101.0,0.9032,1190.0,0.9042,1268.0,0.9043,4904.0
1753547152666,16:25:52.666,AERO/USDT:USDT,0.9033,101.0,0.9032,1190.0,0.9042,1268.0,0.9043,4904.0
1753547152816,16:25:52.816,AERO/USDT:USDT,0.9033,212.0,0.9032,1190.0,0.9042,1268.0,0.9043,4904.0
1753547152967,16:25:52.967,AERO/USDT:USDT,0.9033,212.0,0.9032,1190.0,0.9042,1268.0,0.9043,4904.0
1753547153567,16:25:53.567,AERO/USDT:USDT,0.9033,364.0,0.9032,91.0,0.9042,1268.0,0.9043,4904.0
1753547153717,16:25:53.717,AERO/USDT:USDT,0.9033,322.0,0.9032,91.0,0.9042,1268.0,0.9043,4904.0
1753547153867,16:25:53.867,AERO/USDT:USDT,0.9033,322.0,0.9032,91.0,0.9042,1268.0,0.9043,4904.0
1753547154167,16:25:54.167,AERO/USDT:USDT,0.9033,212.0,0.9032,201.0,0.9042,1268.0,0.9043,4904.0
1753547154618,16:25:54.618,AERO/USDT:USDT,0.9033,402.0,0.9032,91.0,0.9042,6003.0,0.9043,169.0
1753547154918,16:25:54.918,AERO/USDT:USDT,0.9033,212.0,0.9032,91.0,0.9042,6003.0,0.9043,169.0
1753547155218,16:25:55.218,AERO/USDT:USDT,0.9033,212.0,0.9032,91.0,0.9042,6003.0,0.9043,169.0
1753547155669,16:25:55.669,AERO/USDT:USDT,0.9033,322.0,0.9032,91.0,0.9042,6003.0,0.9043,169.0
1753547155819,16:25:55.819,AERO/USDT:USDT,0.9033,212.0,0.9032,201.0,0.9042,6003.0,0.9043,169.0
1753547155969,16:25:55.969,AERO/USDT:USDT,0.9033,212.0,0.9032,201.0,0.9042,6003.0,0.9043,169.0
1753547156119,16:25:56.119,AERO/USDT:USDT,0.9033,212.0,0.9032,201.0,0.9042,6003.0,0.9043,169.0
1753547156569,16:25:56.569,AERO/USDT:USDT,0.9033,212.0,0.9032,91.0,0.9042,6003.0,0.9043,169.0
1753547156719,16:25:56.719,AERO/USDT:USDT,0.9033,212.0,0.9032,91.0,0.9042,6003.0,0.9043,169.0
1753547156869,16:25:56.869,AERO/USDT:USDT,0.9033,212.0,0.9032,91.0,0.9042,6003.0,0.9043,169.0
1753547157019,16:25:57.019,AERO/USDT:USDT,0.9033,212.0,0.9032,91.0,0.9042,6003.0,0.9043,169.0
1753547157320,16:25:57.320,AERO/USDT:USDT,0.9033,212.0,0.9032,91.0,0.9042,6003.0,0.9043,169.0
1753547157620,16:25:57.620,AERO/USDT:USDT,0.9033,212.0,0.9032,91.0,0.9042,6003.0,0.9043,169.0
1753547157920,16:25:57.920,AERO/USDT:USDT,0.9033,212.0,0.9032,91.0,0.9042,6003.0,0.9043,169.0
1753547158370,16:25:58.370,AERO/USDT:USDT,0.9033,212.0,0.9032,91.0,0.9042,6003.0,0.9043,169.0
1753547158520,16:25:58.520,AERO/USDT:USDT,0.9033,212.0,0.9032,91.0,0.9042,6003.0,0.9043,169.0
1753547158670,16:25:58.670,AERO/USDT:USDT,0.9033,212.0,0.9032,91.0,0.9042,6003.0,0.9043,169.0
1753547158820,16:25:58.820,AERO/USDT:USDT,0.9033,212.0,0.9032,91.0,0.9042,6003.0,0.9043,169.0
1753547158971,16:25:58.971,AERO/USDT:USDT,0.9033,212.0,0.9032,91.0,0.9042,6003.0,0.9043,169.0
1753547159271,16:25:59.271,AERO/USDT:USDT,0.9033,212.0,0.9032,91.0,0.9042,6003.0,0.9043,169.0
1753547159571,16:25:59.571,AERO/USDT:USDT,0.9033,212.0,0.9032,91.0,0.9042,6003.0,0.9043,169.0
1753547159721,16:25:59.721,AERO/USDT:USDT,0.9033,212.0,0.9032,91.0,0.9042,6003.0,0.9043,169.0
1753547159871,16:25:59.871,AERO/USDT:USDT,0.9033,278.0,0.9032,91.0,0.9042,6003.0,0.9043,169.0
1753547160171,16:26:00.171,AERO/USDT:USDT,0.9033,212.0,0.9032,91.0,0.9042,6003.0,0.9043,169.0
1753547160472,16:26:00.472,AERO/USDT:USDT,0.9033,212.0,0.9032,91.0,0.9042,6003.0,0.9043,169.0
1753547161222,16:26:01.222,AERO/USDT:USDT,0.9033,1012.0,0.9032,91.0,0.9042,6003.0,0.9043,169.0
1753547161522,16:26:01.522,AERO/USDT:USDT,0.9033,1012.0,0.9032,91.0,0.9042,6003.0,0.9043,169.0
1753547162423,16:26:02.423,AERO/USDT:USDT,0.9033,1012.0,0.9032,91.0,0.9042,6003.0,0.9043,169.0
1753547162573,16:26:02.573,AERO/USDT:USDT,0.9033,1012.0,0.9032,91.0,0.9042,6003.0,0.9043,169.0
1753547162873,16:26:02.873,AERO/USDT:USDT,0.9033,1012.0,0.9032,91.0,0.9042,6003.0,0.9043,169.0
1753547163173,16:26:03.173,AERO/USDT:USDT,0.9033,1012.0,0.9032,91.0,0.9042,6003.0,0.9043,169.0
1753547165575,16:26:05.575,AERO/USDT:USDT,0.903,6.0,0.9027,198.0,0.9038,5915.0,0.9039,170.0
1753547165875,16:26:05.875,AERO/USDT:USDT,0.903,6.0,0.9027,198.0,0.9038,5915.0,0.9039,170.0
1753547166025,16:26:06.025,AERO/USDT:USDT,0.903,6.0,0.9027,88.0,0.9038,5915.0,0.9039,170.0
1753547166325,16:26:06.325,AERO/USDT:USDT,0.903,6.0,0.9027,88.0,0.9038,5915.0,0.9039,170.0
1753547166476,16:26:06.476,AERO/USDT:USDT,0.903,6.0,0.9027,88.0,0.9038,5915.0,0.9039,170.0
1753547166626,16:26:06.626,AERO/USDT:USDT,0.903,6.0,0.9027,88.0,0.9038,5915.0,0.9039,170.0
1753547167226,16:26:07.226,AERO/USDT:USDT,0.903,6.0,0.9027,88.0,0.9036,93.0,0.9037,193.0
1753547167826,16:26:07.826,AERO/USDT:USDT,0.903,6.0,0.9027,88.0,0.9036,93.0,0.9037,193.0
1753547168127,16:26:08.127,AERO/USDT:USDT,0.903,207.0,0.9027,88.0,0.9036,93.0,0.9037,193.0
1753547168727,16:26:08.727,AERO/USDT:USDT,0.9031,101.0,0.903,6.0,0.9036,93.0,0.9037,193.0
1753547168877,16:26:08.877,AERO/USDT:USDT,0.9031,101.0,0.903,6.0,0.9036,93.0,0.9037,193.0
1753547169027,16:26:09.027,AERO/USDT:USDT,0.9031,101.0,0.903,6.0,0.9036,93.0,0.9037,193.0
1753547169628,16:26:09.628,AERO/USDT:USDT,0.9031,101.0,0.903,6.0,0.9036,93.0,0.9037,193.0
1753547170378,16:26:10.378,AERO/USDT:USDT,0.9031,101.0,0.903,6.0,0.9037,100.0,0.9038,5915.0
1753547170828,16:26:10.828,AERO/USDT:USDT,0.9031,101.0,0.903,6.0,0.9037,100.0,0.9038,5915.0
1753547170978,16:26:10.978,AERO/USDT:USDT,0.9031,101.0,0.903,6.0,0.9037,193.0,0.9038,5915.0
1753547171879,16:26:11.879,AERO/USDT:USDT,0.903,6.0,0.9028,100.0,0.9036,93.0,0.9037,193.0
1753547172329,16:26:12.329,AERO/USDT:USDT,0.903,6.0,0.9026,88.0,0.9036,93.0,0.9037,193.0
1753547172479,16:26:12.479,AERO/USDT:USDT,0.903,6.0,0.9026,88.0,0.9036,93.0,0.9037,193.0
1753547172629,16:26:12.629,AERO/USDT:USDT,0.903,6.0,0.9026,88.0,0.9036,93.0,0.9037,193.0
1753547172930,16:26:12.930,AERO/USDT:USDT,0.903,6.0,0.9027,100.0,0.9036,93.0,0.9037,193.0
1753547173230,16:26:13.230,AERO/USDT:USDT,0.903,6.0,0.9027,100.0,0.9037,193.0,0.9038,5915.0
1753547173380,16:26:13.380,AERO/USDT:USDT,0.903,660.0,0.9027,596.0,0.9038,5835.0,0.9039,90.0
1753547174130,16:26:14.130,AERO/USDT:USDT,0.9031,305.0,0.903,99.0,0.9038,4736.0,0.9039,90.0
1753547174581,16:26:14.581,AERO/USDT:USDT,0.9031,717.0,0.903,99.0,0.9038,4736.0,0.9039,170.0
1753547175481,16:26:15.481,AERO/USDT:USDT,0.9031,717.0,0.903,99.0,0.9038,4736.0,0.9039,170.0
1753547175631,16:26:15.631,AERO/USDT:USDT,0.9031,717.0,0.903,99.0,0.9038,4736.0,0.9039,170.0
1753547175781,16:26:15.781,AERO/USDT:USDT,0.9031,717.0,0.903,99.0,0.9038,4736.0,0.9039,170.0
1753547175931,16:26:15.931,AERO/USDT:USDT,0.9031,717.0,0.903,99.0,0.9038,4736.0,0.9039,170.0
1753547176082,16:26:16.082,AERO/USDT:USDT,0.9031,717.0,0.903,99.0,0.9038,4736.0,0.9039,170.0
1753547176232,16:26:16.232,AERO/USDT:USDT,0.9031,717.0,0.903,99.0,0.9038,4736.0,0.9039,170.0
1753547176382,16:26:16.382,AERO/USDT:USDT,0.9031,717.0,0.903,99.0,0.9038,4736.0,0.9039,170.0
1753547176832,16:26:16.832,AERO/USDT:USDT,0.9031,717.0,0.903,99.0,0.9038,4736.0,0.9039,90.0
1753547177132,16:26:17.132,AERO/USDT:USDT,0.9031,717.0,0.903,99.0,0.9038,4736.0,0.9039,90.0
1753547177432,16:26:17.432,AERO/USDT:USDT,0.9031,717.0,0.903,99.0,0.9038,4736.0,0.9039,90.0
1753547177733,16:26:17.733,AERO/USDT:USDT,0.9031,717.0,0.903,99.0,0.9038,4736.0,0.9039,90.0
1753547178033,16:26:18.033,AERO/USDT:USDT,0.9031,717.0,0.903,99.0,0.9038,4736.0,0.9039,90.0
1753547178483,16:26:18.483,AERO/USDT:USDT,0.9031,717.0,0.903,99.0,0.9038,4736.0,0.9039,90.0
1753547179084,16:26:19.084,AERO/USDT:USDT,0.9031,717.0,0.903,99.0,0.9038,4736.0,0.9039,90.0
1753547179834,16:26:19.834,AERO/USDT:USDT,0.9031,717.0,0.903,99.0,0.9038,4736.0,0.9039,90.0
1753547180735,16:26:20.735,AERO/USDT:USDT,0.9031,717.0,0.903,99.0,0.9038,4736.0,0.9039,90.0
1753547180885,16:26:20.885,AERO/USDT:USDT,0.9031,717.0,0.903,99.0,0.9038,4736.0,0.9039,90.0
1753547181035,16:26:21.035,AERO/USDT:USDT,0.9031,717.0,0.903,99.0,0.9038,4736.0,0.9039,90.0
1753547181185,16:26:21.185,AERO/USDT:USDT,0.9031,717.0,0.903,99.0,0.9038,4736.0,0.9039,90.0
1753547181785,16:26:21.785,AERO/USDT:USDT,0.9031,717.0,0.903,99.0,0.9038,4736.0,0.9039,90.0
