timestamp,time,exchange,symbol,bid1_price,bid1_volume,bid2_price,bid2_volume,ask1_price,ask1_volume,ask2_price,ask2_volume
1753591897207,04:51:37.207,okx,ACH/USDT:USDT,0.02302,292.0,0.02301,2401.0,0.02303,886.0,0.02304,2255.0
1753591897707,04:51:37.707,okx,ACH/USDT:USDT,0.02302,292.0,0.02301,2401.0,0.02303,806.0,0.02304,2255.0
1753591898507,04:51:38.507,okx,ACH/USDT:USDT,0.02302,368.0,0.02301,2401.0,0.02303,806.0,0.02304,2213.0
1753591898707,04:51:38.707,okx,ACH/USDT:USDT,0.02302,292.0,0.02301,2401.0,0.02303,882.0,0.02304,2255.0
1753591900207,04:51:40.207,okx,ACH/USDT:USDT,0.02302,904.0,0.02301,2397.0,0.02303,295.0,0.02304,1660.0
1753591900307,04:51:40.307,okx,ACH/USDT:USDT,0.02302,904.0,0.02301,2397.0,0.02303,185.0,0.02304,1490.0
1753591901207,04:51:41.207,okx,ACH/USDT:USDT,0.02302,904.0,0.02301,2777.0,0.02303,48.0,0.02304,1351.0
1753591902607,04:51:42.607,okx,ACH/USDT:USDT,0.02302,942.0,0.02301,2819.0,0.02303,48.0,0.02304,1351.0
1753591902707,04:51:42.707,okx,ACH/USDT:USDT,0.02302,942.0,0.02301,2819.0,0.02303,48.0,0.02304,1351.0
1753591903707,04:51:43.707,okx,ACH/USDT:USDT,0.02302,942.0,0.02301,2861.0,0.02303,25.0,0.02304,1351.0
1753591905207,04:51:45.207,okx,ACH/USDT:USDT,0.02302,942.0,0.02301,3510.0,0.02303,28.0,0.02304,1151.0
1753591905907,04:51:45.907,okx,ACH/USDT:USDT,0.02302,942.0,0.02301,3467.0,0.02303,28.0,0.02304,1151.0
1753591906007,04:51:46.007,okx,ACH/USDT:USDT,0.02302,1142.0,0.02301,3510.0,0.02303,28.0,0.02304,1151.0
1753591907707,04:51:47.707,okx,ACH/USDT:USDT,0.02302,1142.0,0.02301,3713.0,0.02303,28.0,0.02304,1151.0
1753591908107,04:51:48.107,okx,ACH/USDT:USDT,0.02303,1156.0,0.02302,3234.0,0.02304,112.0,0.02305,1063.0
1753591908207,04:51:48.207,okx,ACH/USDT:USDT,0.02303,1293.0,0.02302,3106.0,0.02304,114.0,0.02305,1196.0
1753591908607,04:51:48.607,okx,ACH/USDT:USDT,0.02303,1293.0,0.02302,2882.0,0.02304,140.0,0.02305,1196.0
1753591909007,04:51:49.007,okx,ACH/USDT:USDT,0.02303,1293.0,0.02302,2882.0,0.02304,140.0,0.02305,1396.0
1753591909207,04:51:49.207,okx,ACH/USDT:USDT,0.02303,1293.0,0.02302,2968.0,0.02304,140.0,0.02305,1396.0
1753591909407,04:51:49.407,okx,ACH/USDT:USDT,0.02303,1293.0,0.02302,2882.0,0.02304,140.0,0.02305,1396.0
1753591909607,04:51:49.607,okx,ACH/USDT:USDT,0.02303,1293.0,0.02302,2882.0,0.02304,140.0,0.02305,1396.0
1753591909907,04:51:49.907,okx,ACH/USDT:USDT,0.02303,1293.0,0.02302,2882.0,0.02304,140.0,0.02305,1418.0
1753591910007,04:51:50.007,okx,ACH/USDT:USDT,0.02303,1293.0,0.02302,2882.0,0.02304,140.0,0.02305,1418.0
1753591910507,04:51:50.507,okx,ACH/USDT:USDT,0.02303,1293.0,0.02302,2882.0,0.02304,140.0,0.02305,1418.0
1753591910607,04:51:50.607,okx,ACH/USDT:USDT,0.02303,1293.0,0.02302,2882.0,0.02304,140.0,0.02305,1418.0
1753591911707,04:51:51.707,okx,ACH/USDT:USDT,0.02303,1093.0,0.02302,2882.0,0.02304,140.0,0.02305,1418.0
1753591912007,04:51:52.007,okx,ACH/USDT:USDT,0.02303,1093.0,0.02302,2663.0,0.02304,274.0,0.02305,1285.0
1753591912207,04:51:52.207,okx,ACH/USDT:USDT,0.02303,1093.0,0.02302,2663.0,0.02304,140.0,0.02305,1285.0
1753591914007,04:51:54.007,okx,ACH/USDT:USDT,0.02303,1127.0,0.02302,2709.0,0.02304,140.0,0.02305,1430.0
1753591916907,04:51:56.907,okx,ACH/USDT:USDT,0.02303,1022.0,0.02302,2625.0,0.02304,371.0,0.02305,1285.0
1753591918107,04:51:58.107,okx,ACH/USDT:USDT,0.02303,1051.0,0.02302,2625.0,0.02304,371.0,0.02305,1285.0
1753591919507,04:51:59.507,okx,ACH/USDT:USDT,0.02303,1127.0,0.02302,2625.0,0.02304,371.0,0.02305,1285.0
1753591920107,04:52:00.107,okx,ACH/USDT:USDT,0.02303,1127.0,0.02302,2625.0,0.02304,371.0,0.02305,1285.0
1753591921907,04:52:01.907,okx,ACH/USDT:USDT,0.02303,1127.0,0.02302,3235.0,0.02304,3.0,0.02305,1215.0
1753591922007,04:52:02.007,okx,ACH/USDT:USDT,0.02303,1170.0,0.02302,3320.0,0.02304,3.0,0.02305,1393.0
1753591929807,04:52:09.807,okx,ACH/USDT:USDT,0.02303,1027.0,0.02302,2668.0,0.02304,138.0,0.02305,1393.0
1753591934407,04:52:14.407,okx,ACH/USDT:USDT,0.02303,1035.0,0.02302,2625.0,0.02304,268.0,0.02305,1263.0
1753591937507,04:52:17.507,okx,ACH/USDT:USDT,0.02303,1036.0,0.02302,2625.0,0.02304,138.0,0.02305,1263.0
1753591937907,04:52:17.907,okx,ACH/USDT:USDT,0.02303,1036.0,0.02302,2625.0,0.02304,138.0,0.02305,1388.0
1753591943307,04:52:23.307,okx,ACH/USDT:USDT,0.02303,1040.0,0.02302,4535.0,0.02304,3.0,0.02305,1206.0
1753591943707,04:52:23.707,okx,ACH/USDT:USDT,0.02304,293.0,0.02303,2285.0,0.02305,644.0,0.02306,1269.0
1753591944007,04:52:24.007,okx,ACH/USDT:USDT,0.02304,293.0,0.02303,2285.0,0.02305,644.0,0.02306,1269.0
1753591946807,04:52:26.807,okx,ACH/USDT:USDT,0.02304,781.0,0.02303,2377.0,0.02305,174.0,0.02306,1269.0
1753591948607,04:52:28.607,okx,ACH/USDT:USDT,0.02304,752.0,0.02303,2377.0,0.02305,174.0,0.02306,1404.0
1753591950007,04:52:30.007,okx,ACH/USDT:USDT,0.02304,137.0,0.02303,2513.0,0.02305,649.0,0.02306,1269.0
1753591950307,04:52:30.307,okx,ACH/USDT:USDT,0.02304,369.0,0.02303,2513.0,0.02305,544.0,0.02306,1269.0
1753591951207,04:52:31.207,okx,ACH/USDT:USDT,0.02304,804.0,0.02303,2377.0,0.02305,307.0,0.02306,1269.0
1753591952407,04:52:32.407,okx,ACH/USDT:USDT,0.02304,926.0,0.02303,2356.0,0.02305,307.0,0.02306,1269.0
1753591953107,04:52:33.107,okx,ACH/USDT:USDT,0.02304,926.0,0.02303,2356.0,0.02305,307.0,0.02306,1269.0
1753591954207,04:52:34.207,okx,ACH/USDT:USDT,0.02304,926.0,0.02303,2356.0,0.02305,307.0,0.02306,2015.0
1753591954407,04:52:34.407,okx,ACH/USDT:USDT,0.02304,933.0,0.02303,2356.0,0.02305,307.0,0.02306,2015.0
1753591955307,04:52:35.307,okx,ACH/USDT:USDT,0.02304,933.0,0.02303,2356.0,0.02305,307.0,0.02306,2015.0
1753591956307,04:52:36.307,okx,ACH/USDT:USDT,0.02304,933.0,0.02303,2313.0,0.02305,151.0,0.02306,2160.0
1753591957407,04:52:37.407,okx,ACH/USDT:USDT,0.02304,904.0,0.02303,2356.0,0.02305,151.0,0.02306,2160.0
1753591958907,04:52:38.907,okx,ACH/USDT:USDT,0.02304,976.0,0.02303,2651.0,0.02305,2.0,0.02306,1899.0
1753591959807,04:52:39.807,okx,ACH/USDT:USDT,0.02304,1357.0,0.02303,3499.0,0.02305,2.0,0.02306,949.0
1753591960107,04:52:40.107,okx,ACH/USDT:USDT,0.02304,1357.0,0.02303,3456.0,0.02305,2.0,0.02306,949.0
1753591961407,04:52:41.407,okx,ACH/USDT:USDT,0.02304,1281.0,0.02303,3228.0,0.02305,30.0,0.02306,1149.0
1753591962607,04:52:42.607,okx,ACH/USDT:USDT,0.02304,1357.0,0.02303,2636.0,0.02305,137.0,0.02306,1149.0
1753591962907,04:52:42.907,okx,ACH/USDT:USDT,0.02304,1357.0,0.02303,2636.0,0.02305,137.0,0.02306,1149.0
1753591963507,04:52:43.507,okx,ACH/USDT:USDT,0.02304,1357.0,0.02303,2888.0,0.02305,1.0,0.02306,1149.0
1753591963707,04:52:43.707,okx,ACH/USDT:USDT,0.02304,1357.0,0.02303,3099.0,0.02305,1.0,0.02306,1149.0
1753591964107,04:52:44.107,okx,ACH/USDT:USDT,0.02304,1360.0,0.02303,3141.0,0.02305,1.0,0.02306,1149.0
1753591964507,04:52:44.507,okx,ACH/USDT:USDT,0.02304,1360.0,0.02303,3606.0,0.02305,1.0,0.02306,1149.0
1753591968107,04:52:48.107,okx,ACH/USDT:USDT,0.02304,1349.0,0.02303,3797.0,0.02305,1.0,0.02306,949.0
1753591968207,04:52:48.207,okx,ACH/USDT:USDT,0.02304,1349.0,0.02303,3840.0,0.02305,1.0,0.02306,949.0
1753591971607,04:52:51.607,okx,ACH/USDT:USDT,0.02305,744.0,0.02304,2712.0,0.02306,542.0,0.02307,1271.0
1753591972207,04:52:52.207,okx,ACH/USDT:USDT,0.02305,602.0,0.02304,2709.0,0.02306,542.0,0.02307,1389.0
1753591972807,04:52:52.807,okx,ACH/USDT:USDT,0.02305,602.0,0.02304,2556.0,0.02306,542.0,0.02307,1389.0
1753591973307,04:52:53.307,okx,ACH/USDT:USDT,0.02305,1136.0,0.02304,2930.0,0.02306,156.0,0.02307,1411.0
1753591974107,04:52:54.107,okx,ACH/USDT:USDT,0.02305,1151.0,0.02304,2994.0,0.02306,156.0,0.02307,1411.0
1753591975007,04:52:55.007,okx,ACH/USDT:USDT,0.02305,1151.0,0.02304,3036.0,0.02306,156.0,0.02307,1411.0
1753591976507,04:52:56.507,okx,ACH/USDT:USDT,0.02305,1122.0,0.02304,2655.0,0.02306,156.0,0.02307,1411.0
1753591977307,04:52:57.307,okx,ACH/USDT:USDT,0.02305,1122.0,0.02304,2655.0,0.02306,156.0,0.02307,1411.0
1753591978407,04:52:58.407,okx,ACH/USDT:USDT,0.02305,1151.0,0.02304,3035.0,0.02306,156.0,0.02307,1411.0
1753591979407,04:52:59.407,okx,ACH/USDT:USDT,0.02305,2317.0,0.02304,3206.0,0.02306,16.0,0.02307,1589.0
1753591979507,04:52:59.507,okx,ACH/USDT:USDT,0.02305,2317.0,0.02304,3307.0,0.02306,18.0,0.02307,1328.0
1753591979807,04:52:59.807,okx,ACH/USDT:USDT,0.02305,2317.0,0.02304,3436.0,0.02306,18.0,0.02307,1328.0
1753591979907,04:52:59.907,okx,ACH/USDT:USDT,0.02305,2317.0,0.02304,3434.0,0.02306,18.0,0.02307,1328.0
1753591983307,04:53:03.307,okx,ACH/USDT:USDT,0.02305,2344.0,0.02304,3786.0,0.02306,19.0,0.02307,1128.0
1753591984907,04:53:04.907,okx,ACH/USDT:USDT,0.02305,1853.0,0.02304,2737.0,0.02306,310.0,0.02307,988.0
1753591985107,04:53:05.107,okx,ACH/USDT:USDT,0.02305,1853.0,0.02304,2737.0,0.02306,310.0,0.02307,988.0
1753591987207,04:53:07.207,okx,ACH/USDT:USDT,0.02305,1853.0,0.02304,2546.0,0.02306,683.0,0.02307,988.0
1753591987707,04:53:07.707,okx,ACH/USDT:USDT,0.02305,1853.0,0.02304,2546.0,0.02306,683.0,0.02307,988.0
1753591989807,04:53:09.807,okx,ACH/USDT:USDT,0.02305,1853.0,0.02304,2163.0,0.02306,415.0,0.02307,1556.0
1753591990107,04:53:10.107,okx,ACH/USDT:USDT,0.02305,1853.0,0.02304,2546.0,0.02306,386.0,0.02307,1556.0
1753591991207,04:53:11.207,okx,ACH/USDT:USDT,0.02305,1853.0,0.02304,2546.0,0.02306,310.0,0.02307,1556.0
1753591992007,04:53:12.007,okx,ACH/USDT:USDT,0.02305,2344.0,0.02304,2588.0,0.02306,176.0,0.02307,1694.0
1753591992607,04:53:12.607,okx,ACH/USDT:USDT,0.02305,1853.0,0.02304,2630.0,0.02306,382.0,0.02307,1556.0
1753591992907,04:53:12.907,okx,ACH/USDT:USDT,0.02305,1714.0,0.02304,2546.0,0.02306,668.0,0.02307,1556.0
1753591993107,04:53:13.107,okx,ACH/USDT:USDT,0.02305,1714.0,0.02304,2667.0,0.02306,639.0,0.02307,1556.0
1753591993607,04:53:13.607,okx,ACH/USDT:USDT,0.02305,1869.0,0.02304,2546.0,0.02306,306.0,0.02307,1556.0
1753591996207,04:53:16.207,okx,ACH/USDT:USDT,0.02305,1945.0,0.02304,2546.0,0.02306,306.0,0.02307,1556.0
1753591996807,04:53:16.807,okx,ACH/USDT:USDT,0.02305,1945.0,0.02304,2546.0,0.02306,306.0,0.02307,1556.0
1753591998507,04:53:18.507,okx,ACH/USDT:USDT,0.02305,1870.0,0.02304,2546.0,0.02306,382.0,0.02307,1556.0
1753592001607,04:53:21.607,okx,ACH/USDT:USDT,0.02305,1870.0,0.02304,2546.0,0.02306,399.0,0.02307,1556.0
1753592002307,04:53:22.307,okx,ACH/USDT:USDT,0.02305,1871.0,0.02304,2546.0,0.02306,269.0,0.02307,1698.0
1753592003207,04:53:23.207,okx,ACH/USDT:USDT,0.02305,1883.0,0.02304,2546.0,0.02306,240.0,0.02307,1698.0
1753592003607,04:53:23.607,okx,ACH/USDT:USDT,0.02305,2374.0,0.02304,3054.0,0.02306,29.0,0.02307,1698.0
1753592004807,04:53:24.807,okx,ACH/USDT:USDT,0.02305,2374.0,0.02304,3149.0,0.02306,7.0,0.02307,1720.0
1753592005007,04:53:25.007,okx,ACH/USDT:USDT,0.02305,2374.0,0.02304,3232.0,0.02306,7.0,0.02307,1720.0
1753592005807,04:53:25.807,okx,ACH/USDT:USDT,0.02305,1417.0,0.02304,2691.0,0.02306,713.0,0.02307,988.0
1753592006007,04:53:26.007,okx,ACH/USDT:USDT,0.02305,1522.0,0.02304,2691.0,0.02306,684.0,0.02307,988.0
1753592006307,04:53:26.307,okx,ACH/USDT:USDT,0.02305,1664.0,0.02304,2546.0,0.02306,283.0,0.02307,988.0
1753592007207,04:53:27.207,okx,ACH/USDT:USDT,0.02305,1664.0,0.02304,2546.0,0.02306,283.0,0.02307,988.0
1753592007607,04:53:27.607,okx,ACH/USDT:USDT,0.02305,1664.0,0.02304,2546.0,0.02306,283.0,0.02307,988.0
1753592010907,04:53:30.907,okx,ACH/USDT:USDT,0.02305,2050.0,0.02304,2672.0,0.02306,165.0,0.02307,988.0
1753592011207,04:53:31.207,okx,ACH/USDT:USDT,0.02305,2050.0,0.02304,2968.0,0.02306,143.0,0.02307,1141.0
1753592011307,04:53:31.307,okx,ACH/USDT:USDT,0.02305,2050.0,0.02304,3010.0,0.02306,31.0,0.02307,1141.0
1753592013307,04:53:33.307,okx,ACH/USDT:USDT,0.02305,1664.0,0.02304,3222.0,0.02306,112.0,0.02307,1709.0
1753592013407,04:53:33.407,okx,ACH/USDT:USDT,0.02305,1664.0,0.02304,3053.0,0.02306,114.0,0.02307,1709.0
1753592013507,04:53:33.507,okx,ACH/USDT:USDT,0.02305,1664.0,0.02304,3053.0,0.02306,136.0,0.02307,1687.0
1753592014307,04:53:34.307,okx,ACH/USDT:USDT,0.02305,1664.0,0.02304,3010.0,0.02306,114.0,0.02307,1709.0
1753592015507,04:53:35.507,okx,ACH/USDT:USDT,0.02305,2050.0,0.02304,3010.0,0.02306,5.0,0.02307,1141.0
1753592015707,04:53:35.707,okx,ACH/USDT:USDT,0.02305,2050.0,0.02304,3139.0,0.02306,5.0,0.02307,1141.0
1753592016407,04:53:36.407,okx,ACH/USDT:USDT,0.02305,2046.0,0.02304,3182.0,0.02306,5.0,0.02307,1141.0
1753592018307,04:53:38.307,okx,ACH/USDT:USDT,0.02305,1560.0,0.02304,2630.0,0.02306,630.0,0.02307,988.0
1753592019607,04:53:39.607,okx,ACH/USDT:USDT,0.02305,1665.0,0.02304,2546.0,0.02306,302.0,0.02307,988.0
1753592020207,04:53:40.207,okx,ACH/USDT:USDT,0.02305,1636.0,0.02304,2546.0,0.02306,302.0,0.02307,988.0
1753592020407,04:53:40.407,okx,ACH/USDT:USDT,0.02305,2051.0,0.02304,2841.0,0.02306,136.0,0.02307,988.0
1753592020507,04:53:40.507,okx,ACH/USDT:USDT,0.02305,2034.0,0.02304,2841.0,0.02306,136.0,0.02307,1108.0
1753592020807,04:53:40.807,okx,ACH/USDT:USDT,0.02305,1648.0,0.02304,2588.0,0.02306,161.0,0.02307,1108.0
1753592021207,04:53:41.207,okx,ACH/USDT:USDT,0.02305,1648.0,0.02304,2546.0,0.02306,282.0,0.02307,1556.0
1753592022507,04:53:42.507,okx,ACH/USDT:USDT,0.02305,1663.0,0.02304,2546.0,0.02306,280.0,0.02307,1556.0
1753592025407,04:53:45.407,okx,ACH/USDT:USDT,0.02305,1671.0,0.02304,2546.0,0.02306,257.0,0.02307,1556.0
1753592025807,04:53:45.807,okx,ACH/USDT:USDT,0.02305,1595.0,0.02304,2546.0,0.02306,284.0,0.02307,1556.0
1753592026707,04:53:46.707,okx,ACH/USDT:USDT,0.02305,1657.0,0.02304,2546.0,0.02306,297.0,0.02307,1556.0
1753592028807,04:53:48.807,okx,ACH/USDT:USDT,0.02305,2043.0,0.02304,2927.0,0.02306,152.0,0.02307,1702.0
1753592029207,04:53:49.207,okx,ACH/USDT:USDT,0.02305,2014.0,0.02304,2927.0,0.02306,152.0,0.02307,1702.0
1753592030507,04:53:50.507,okx,ACH/USDT:USDT,0.02305,1552.0,0.02304,2588.0,0.02306,157.0,0.02307,1724.0
1753592031607,04:53:51.607,okx,ACH/USDT:USDT,0.02305,2043.0,0.02304,2884.0,0.02306,20.0,0.02307,1724.0
1753592034207,04:53:54.207,okx,ACH/USDT:USDT,0.02305,2043.0,0.02304,3320.0,0.02306,67.0,0.02307,1724.0
1753592035507,04:53:55.507,okx,ACH/USDT:USDT,0.02305,2043.0,0.02304,3449.0,0.02306,67.0,0.02307,1724.0
1753592036007,04:53:56.007,okx,ACH/USDT:USDT,0.02305,2043.0,0.02304,3449.0,0.02306,67.0,0.02307,1724.0
1753592038907,04:53:58.907,okx,ACH/USDT:USDT,0.02305,1657.0,0.02304,3383.0,0.02306,97.0,0.02307,1724.0
1753592040207,04:54:00.207,okx,ACH/USDT:USDT,0.02305,1657.0,0.02304,3268.0,0.02306,119.0,0.02307,1724.0
1753592041307,04:54:01.307,okx,ACH/USDT:USDT,0.02305,1657.0,0.02304,3097.0,0.02306,119.0,0.02307,1724.0
1753592042907,04:54:02.907,okx,ACH/USDT:USDT,0.02306,1114.0,0.02305,3555.0,0.02307,217.0,0.02308,1245.0
1753592043007,04:54:03.007,okx,ACH/USDT:USDT,0.02306,1271.0,0.02305,3413.0,0.02307,245.0,0.02308,1391.0
1753592043107,04:54:03.107,okx,ACH/USDT:USDT,0.02306,1271.0,0.02305,3413.0,0.02307,245.0,0.02308,1391.0
1753592043507,04:54:03.507,okx,ACH/USDT:USDT,0.02306,1271.0,0.02305,3413.0,0.02307,245.0,0.02308,1591.0
1753592043707,04:54:03.707,okx,ACH/USDT:USDT,0.02306,1271.0,0.02305,3413.0,0.02307,245.0,0.02308,1591.0
1753592044007,04:54:04.007,okx,ACH/USDT:USDT,0.02306,1271.0,0.02305,3413.0,0.02307,245.0,0.02308,1591.0
1753592046807,04:54:06.807,okx,ACH/USDT:USDT,0.02306,1376.0,0.02305,3647.0,0.02307,219.0,0.02308,1391.0
1753592049007,04:54:09.007,okx,ACH/USDT:USDT,0.02306,1419.0,0.02305,3683.0,0.02307,219.0,0.02308,1391.0
1753592049107,04:54:09.107,okx,ACH/USDT:USDT,0.02306,1419.0,0.02305,3683.0,0.02307,219.0,0.02308,1391.0
1753592049607,04:54:09.607,okx,ACH/USDT:USDT,0.02306,1419.0,0.02305,3683.0,0.02307,219.0,0.02308,1391.0
1753592049907,04:54:09.907,okx,ACH/USDT:USDT,0.02306,1419.0,0.02305,3683.0,0.02307,219.0,0.02308,1391.0
1753592050707,04:54:10.707,okx,ACH/USDT:USDT,0.02306,1419.0,0.02305,3682.0,0.02307,219.0,0.02308,1130.0
1753592054907,04:54:14.907,okx,ACH/USDT:USDT,0.02306,1419.0,0.02305,3386.0,0.02307,247.0,0.02308,1130.0
1753592056807,04:54:16.807,okx,ACH/USDT:USDT,0.02306,1018.0,0.02305,3337.0,0.02307,474.0,0.02308,1184.0
1753592061607,04:54:21.607,okx,ACH/USDT:USDT,0.02306,947.0,0.02305,3337.0,0.02307,503.0,0.02308,1752.0
1753592063107,04:54:23.107,okx,ACH/USDT:USDT,0.02306,947.0,0.02305,3337.0,0.02307,579.0,0.02308,1752.0
1753592064507,04:54:24.507,okx,ACH/USDT:USDT,0.02306,947.0,0.02305,3337.0,0.02307,579.0,0.02308,1752.0
1753592068007,04:54:28.007,okx,ACH/USDT:USDT,0.02306,1334.0,0.02305,3337.0,0.02307,351.0,0.02308,1691.0
1753592071207,04:54:31.207,okx,ACH/USDT:USDT,0.02306,1439.0,0.02305,3337.0,0.02307,219.0,0.02308,1691.0
1753592074807,04:54:34.807,okx,ACH/USDT:USDT,0.02306,1439.0,0.02305,3337.0,0.02307,350.0,0.02308,1691.0
1753592075607,04:54:35.607,okx,ACH/USDT:USDT,0.02306,1363.0,0.02305,3337.0,0.02307,326.0,0.02308,1691.0
1753592076007,04:54:36.007,okx,ACH/USDT:USDT,0.02306,1439.0,0.02305,3337.0,0.02307,326.0,0.02308,1691.0
1753592080007,04:54:40.007,okx,ACH/USDT:USDT,0.02306,205.0,0.02305,3683.0,0.02307,889.0,0.02308,2142.0
1753592080307,04:54:40.307,okx,ACH/USDT:USDT,0.02306,205.0,0.02305,3683.0,0.02307,889.0,0.02308,2184.0
1753592081107,04:54:41.107,okx,ACH/USDT:USDT,0.02306,205.0,0.02305,3683.0,0.02307,889.0,0.02308,2352.0
1753592081407,04:54:41.407,okx,ACH/USDT:USDT,0.02306,205.0,0.02305,3683.0,0.02307,889.0,0.02308,2563.0
1753592081507,04:54:41.507,okx,ACH/USDT:USDT,0.02306,255.0,0.02305,3683.0,0.02307,889.0,0.02308,2563.0
1753592081907,04:54:41.907,okx,ACH/USDT:USDT,0.02306,255.0,0.02305,3683.0,0.02307,889.0,0.02308,2758.0
1753592082207,04:54:42.207,okx,ACH/USDT:USDT,0.02306,255.0,0.02305,3683.0,0.02307,889.0,0.02308,2842.0
1753592082807,04:54:42.807,okx,ACH/USDT:USDT,0.02306,1.0,0.02305,3405.0,0.02307,889.0,0.02308,3045.0
1753592082907,04:54:42.907,okx,ACH/USDT:USDT,0.02306,1.0,0.02305,3406.0,0.02307,1067.0,0.02308,2909.0
1753592083007,04:54:43.007,okx,ACH/USDT:USDT,0.02306,1.0,0.02305,3406.0,0.02307,1069.0,0.02308,2909.0
1753592083307,04:54:43.307,okx,ACH/USDT:USDT,0.02306,246.0,0.02305,3667.0,0.02307,1066.0,0.02308,3035.0
1753592083807,04:54:43.807,okx,ACH/USDT:USDT,0.02306,246.0,0.02305,3667.0,0.02307,1066.0,0.02308,2702.0
1753592084707,04:54:44.707,okx,ACH/USDT:USDT,0.02306,246.0,0.02305,3667.0,0.02307,1066.0,0.02308,2171.0
1753592085607,04:54:45.607,okx,ACH/USDT:USDT,0.02306,246.0,0.02305,3667.0,0.02307,1066.0,0.02308,2171.0
1753592087307,04:54:47.307,okx,ACH/USDT:USDT,0.02306,474.0,0.02305,3528.0,0.02307,990.0,0.02308,1876.0
1753592087407,04:54:47.407,okx,ACH/USDT:USDT,0.02306,752.0,0.02305,3528.0,0.02307,489.0,0.02308,1876.0
1753592089307,04:54:49.307,okx,ACH/USDT:USDT,0.02306,859.0,0.02305,3624.0,0.02307,282.0,0.02308,1552.0
1753592091107,04:54:51.107,okx,ACH/USDT:USDT,0.02306,859.0,0.02305,3624.0,0.02307,282.0,0.02308,1552.0
1753592092207,04:54:52.207,okx,ACH/USDT:USDT,0.02306,859.0,0.02305,3624.0,0.02307,282.0,0.02308,1552.0
1753592092407,04:54:52.407,okx,ACH/USDT:USDT,0.02306,859.0,0.02305,3624.0,0.02307,282.0,0.02308,1552.0
1753592094307,04:54:54.307,okx,ACH/USDT:USDT,0.02306,859.0,0.02305,3624.0,0.02307,303.0,0.02308,1552.0
1753592094507,04:54:54.507,okx,ACH/USDT:USDT,0.02306,859.0,0.02305,3624.0,0.02307,303.0,0.02308,1552.0
1753592095207,04:54:55.207,okx,ACH/USDT:USDT,0.02306,859.0,0.02305,3624.0,0.02307,303.0,0.02308,1552.0
1753592098007,04:54:58.007,okx,ACH/USDT:USDT,0.02306,859.0,0.02305,3624.0,0.02307,279.0,0.02308,1552.0
1753592099007,04:54:59.007,okx,ACH/USDT:USDT,0.02306,859.0,0.02305,3624.0,0.02307,170.0,0.02308,1552.0
1753592099307,04:54:59.307,okx,ACH/USDT:USDT,0.02306,902.0,0.02305,4088.0,0.02307,29.0,0.02308,828.0
1753592100007,04:55:00.007,okx,ACH/USDT:USDT,0.02306,902.0,0.02305,4088.0,0.02307,29.0,0.02308,1028.0
1753592100307,04:55:00.307,okx,ACH/USDT:USDT,0.02306,797.0,0.02305,3750.0,0.02307,165.0,0.02308,1169.0
1753592100407,04:55:00.407,okx,ACH/USDT:USDT,0.02306,895.0,0.02305,3750.0,0.02307,165.0,0.02308,1169.0
1753592101107,04:55:01.107,okx,ACH/USDT:USDT,0.02306,895.0,0.02305,3666.0,0.02307,143.0,0.02308,1169.0
1753592103907,04:55:03.907,okx,ACH/USDT:USDT,0.02306,905.0,0.02305,3998.0,0.02307,58.0,0.02308,969.0
1753592104107,04:55:04.107,okx,ACH/USDT:USDT,0.02306,905.0,0.02305,3998.0,0.02307,31.0,0.02308,969.0
1753592104307,04:55:04.307,okx,ACH/USDT:USDT,0.02306,878.0,0.02305,3872.0,0.02307,31.0,0.02308,969.0
1753592108707,04:55:08.707,okx,ACH/USDT:USDT,0.02306,918.0,0.02305,3877.0,0.02307,32.0,0.02308,1125.0
1753592115407,04:55:15.407,okx,ACH/USDT:USDT,0.02306,387.0,0.02305,3470.0,0.02307,836.0,0.02308,1552.0
1753592118507,04:55:18.507,okx,ACH/USDT:USDT,0.02306,871.0,0.02305,3470.0,0.02307,481.0,0.02308,1552.0
1753592121707,04:55:21.707,okx,ACH/USDT:USDT,0.02306,773.0,0.02305,3470.0,0.02307,481.0,0.02308,1552.0
1753592122207,04:55:22.207,okx,ACH/USDT:USDT,0.02306,871.0,0.02305,3470.0,0.02307,481.0,0.02308,1552.0
1753592122807,04:55:22.807,okx,ACH/USDT:USDT,0.02306,262.0,0.02305,3470.0,0.02307,845.0,0.02308,1552.0
1753592123107,04:55:23.107,okx,ACH/USDT:USDT,0.02306,155.0,0.02305,3617.0,0.02307,847.0,0.02308,1552.0
1753592123207,04:55:23.207,okx,ACH/USDT:USDT,0.02306,264.0,0.02305,3617.0,0.02307,776.0,0.02308,1594.0
1753592123607,04:55:23.607,okx,ACH/USDT:USDT,0.02306,155.0,0.02305,3617.0,0.02307,874.0,0.02308,1974.0
1753592124807,04:55:24.807,okx,ACH/USDT:USDT,0.02306,155.0,0.02305,3617.0,0.02307,874.0,0.02308,2513.0
1753592125607,04:55:25.607,okx,ACH/USDT:USDT,0.02306,264.0,0.02305,3617.0,0.02307,874.0,0.02308,2513.0
1753592125707,04:55:25.707,okx,ACH/USDT:USDT,0.02306,264.0,0.02305,3617.0,0.02307,874.0,0.02308,2471.0
1753592125807,04:55:25.807,okx,ACH/USDT:USDT,0.02306,264.0,0.02305,3617.0,0.02307,874.0,0.02308,2387.0
1753592126307,04:55:26.307,okx,ACH/USDT:USDT,0.02306,264.0,0.02305,3617.0,0.02307,874.0,0.02308,2303.0
1753592126707,04:55:26.707,okx,ACH/USDT:USDT,0.02306,264.0,0.02305,3617.0,0.02307,874.0,0.02308,2184.0
1753592128807,04:55:28.807,okx,ACH/USDT:USDT,0.02306,264.0,0.02305,3617.0,0.02307,874.0,0.02308,2394.0
1753592131507,04:55:31.507,okx,ACH/USDT:USDT,0.02306,258.0,0.02305,3617.0,0.02307,940.0,0.02308,2394.0
1753592132507,04:55:32.507,okx,ACH/USDT:USDT,0.02306,258.0,0.02305,3617.0,0.02307,940.0,0.02308,2610.0
1753592133707,04:55:33.707,okx,ACH/USDT:USDT,0.02306,258.0,0.02305,3617.0,0.02307,940.0,0.02308,2779.0
1753592133807,04:55:33.807,okx,ACH/USDT:USDT,0.02306,149.0,0.02305,3617.0,0.02307,940.0,0.02308,2779.0
1753592134507,04:55:34.507,okx,ACH/USDT:USDT,0.02306,149.0,0.02305,3617.0,0.02307,976.0,0.02308,3078.0
1753592134607,04:55:34.607,okx,ACH/USDT:USDT,0.02306,149.0,0.02305,3617.0,0.02307,976.0,0.02308,3120.0
1753592135007,04:55:35.007,okx,ACH/USDT:USDT,0.02306,149.0,0.02305,3617.0,0.02307,973.0,0.02308,3245.0
1753592135707,04:55:35.707,okx,ACH/USDT:USDT,0.02306,124.0,0.02305,3617.0,0.02307,973.0,0.02308,3628.0
1753592135807,04:55:35.807,okx,ACH/USDT:USDT,0.02306,124.0,0.02305,3617.0,0.02307,973.0,0.02308,3755.0
1753592136107,04:55:36.107,okx,ACH/USDT:USDT,0.02305,2318.0,0.02304,2304.0,0.02306,151.0,0.02307,2052.0
1753592136207,04:55:36.207,okx,ACH/USDT:USDT,0.02305,2318.0,0.02304,2304.0,0.02306,151.0,0.02307,2052.0
1753592136607,04:55:36.607,okx,ACH/USDT:USDT,0.02305,2318.0,0.02304,2600.0,0.02306,151.0,0.02307,2052.0
1753592137007,04:55:37.007,okx,ACH/USDT:USDT,0.02305,2704.0,0.02304,2642.0,0.02306,29.0,0.02307,2052.0
1753592137307,04:55:37.307,okx,ACH/USDT:USDT,0.02305,2818.0,0.02304,2620.0,0.02306,29.0,0.02307,1627.0
1753592137807,04:55:37.807,okx,ACH/USDT:USDT,0.02305,2845.0,0.02304,2620.0,0.02306,29.0,0.02307,1627.0
1753592138407,04:55:38.407,okx,ACH/USDT:USDT,0.02305,2845.0,0.02304,2620.0,0.02306,29.0,0.02307,1627.0
1753592139307,04:55:39.307,okx,ACH/USDT:USDT,0.02305,2845.0,0.02304,2662.0,0.02306,29.0,0.02307,1627.0
1753592139707,04:55:39.707,okx,ACH/USDT:USDT,0.02305,2845.0,0.02304,2662.0,0.02306,29.0,0.02307,1627.0
1753592140107,04:55:40.107,okx,ACH/USDT:USDT,0.02305,2818.0,0.02304,2662.0,0.02306,29.0,0.02307,1627.0
1753592141607,04:55:41.607,okx,ACH/USDT:USDT,0.02305,2845.0,0.02304,2662.0,0.02306,6.0,0.02307,1627.0
1753592144107,04:55:44.107,okx,ACH/USDT:USDT,0.02305,2845.0,0.02304,2904.0,0.02306,6.0,0.02307,1627.0
1753592146107,04:55:46.107,okx,ACH/USDT:USDT,0.02305,2845.0,0.02304,3517.0,0.02306,6.0,0.02307,1366.0
1753592146607,04:55:46.607,okx,ACH/USDT:USDT,0.02305,2459.0,0.02304,3809.0,0.02306,81.0,0.02307,1267.0
1753592147007,04:55:47.007,okx,ACH/USDT:USDT,0.02305,2459.0,0.02304,3548.0,0.02306,81.0,0.02307,1267.0
1753592147207,04:55:47.207,okx,ACH/USDT:USDT,0.02305,2459.0,0.02304,3507.0,0.02306,81.0,0.02307,1267.0
1753592147507,04:55:47.507,okx,ACH/USDT:USDT,0.02305,2459.0,0.02304,3465.0,0.02306,96.0,0.02307,1835.0
1753592149807,04:55:49.807,okx,ACH/USDT:USDT,0.02306,146.0,0.02305,3633.0,0.02307,1622.0,0.02308,2063.0
1753592150107,04:55:50.107,okx,ACH/USDT:USDT,0.02306,146.0,0.02305,3633.0,0.02307,1619.0,0.02308,2061.0
1753592151507,04:55:51.507,okx,ACH/USDT:USDT,0.02306,146.0,0.02305,3633.0,0.02307,1649.0,0.02308,2019.0
1753592152507,04:55:52.507,okx,ACH/USDT:USDT,0.02306,146.0,0.02305,3633.0,0.02307,1649.0,0.02308,2019.0
1753592152607,04:55:52.607,okx,ACH/USDT:USDT,0.02306,146.0,0.02305,3633.0,0.02307,1649.0,0.02308,2019.0
1753592152707,04:55:52.707,okx,ACH/USDT:USDT,0.02306,146.0,0.02305,3633.0,0.02307,1649.0,0.02308,2019.0
1753592153707,04:55:53.707,okx,ACH/USDT:USDT,0.02306,253.0,0.02305,3633.0,0.02307,1066.0,0.02308,2587.0
1753592154307,04:55:54.307,okx,ACH/USDT:USDT,0.02306,253.0,0.02305,3633.0,0.02307,968.0,0.02308,2503.0
1753592155507,04:55:55.507,okx,ACH/USDT:USDT,0.02306,146.0,0.02305,3633.0,0.02307,1066.0,0.02308,2294.0
1753592155607,04:55:55.607,okx,ACH/USDT:USDT,0.02306,146.0,0.02305,3633.0,0.02307,1066.0,0.02308,2252.0
1753592158407,04:55:58.407,okx,ACH/USDT:USDT,0.02306,250.0,0.02305,3562.0,0.02307,701.0,0.02308,1852.0
1753592158507,04:55:58.507,okx,ACH/USDT:USDT,0.02306,323.0,0.02305,3562.0,0.02307,701.0,0.02308,1852.0
1753592159407,04:55:59.407,okx,ACH/USDT:USDT,0.02306,323.0,0.02305,3562.0,0.02307,701.0,0.02308,1852.0
1753592160107,04:56:00.107,okx,ACH/USDT:USDT,0.02306,234.0,0.02305,3562.0,0.02307,381.0,0.02308,1810.0
1753592160307,04:56:00.307,okx,ACH/USDT:USDT,0.02306,237.0,0.02305,3562.0,0.02307,683.0,0.02308,1810.0
1753592162007,04:56:02.007,okx,ACH/USDT:USDT,0.02306,335.0,0.02305,3561.0,0.02307,683.0,0.02308,1768.0
1753592162107,04:56:02.107,okx,ACH/USDT:USDT,0.02306,335.0,0.02305,3561.0,0.02307,683.0,0.02308,1768.0
1753592162907,04:56:02.907,okx,ACH/USDT:USDT,0.02306,335.0,0.02305,3899.0,0.02307,683.0,0.02308,1768.0
1753592163907,04:56:03.907,okx,ACH/USDT:USDT,0.02306,796.0,0.02305,3711.0,0.02307,366.0,0.02308,1768.0
1753592164207,04:56:04.207,okx,ACH/USDT:USDT,0.02306,317.0,0.02305,3415.0,0.02307,366.0,0.02308,1768.0
1753592164307,04:56:04.307,okx,ACH/USDT:USDT,0.02306,317.0,0.02305,3415.0,0.02307,366.0,0.02308,1768.0
1753592165207,04:56:05.207,okx,ACH/USDT:USDT,0.02306,290.0,0.02305,3415.0,0.02307,729.0,0.02308,1768.0
1753592166507,04:56:06.507,okx,ACH/USDT:USDT,0.02306,30.0,0.02305,3508.0,0.02307,1048.0,0.02308,3032.0
1753592167207,04:56:07.207,okx,ACH/USDT:USDT,0.02306,27.0,0.02305,3247.0,0.02307,1048.0,0.02308,3134.0
1753592169607,04:56:09.607,okx,ACH/USDT:USDT,0.02306,29.0,0.02305,3508.0,0.02307,1048.0,0.02308,3685.0
1753592171107,04:56:11.107,okx,ACH/USDT:USDT,0.02306,29.0,0.02305,3508.0,0.02307,1048.0,0.02308,3685.0
1753592172007,04:56:12.007,okx,ACH/USDT:USDT,0.02306,29.0,0.02305,3508.0,0.02307,1048.0,0.02308,3685.0
1753592172707,04:56:12.707,okx,ACH/USDT:USDT,0.02306,29.0,0.02305,3508.0,0.02307,1048.0,0.02308,3612.0
1753592173707,04:56:13.707,okx,ACH/USDT:USDT,0.02306,28.0,0.02305,3247.0,0.02307,1021.0,0.02308,2789.0
1753592174607,04:56:14.607,okx,ACH/USDT:USDT,0.02306,30.0,0.02305,3247.0,0.02307,977.0,0.02308,2833.0
1753592176807,04:56:16.807,okx,ACH/USDT:USDT,0.02306,30.0,0.02305,3508.0,0.02307,1048.0,0.02308,2918.0
1753592176907,04:56:16.907,okx,ACH/USDT:USDT,0.02306,30.0,0.02305,3508.0,0.02307,1048.0,0.02308,2918.0
1753592181307,04:56:21.307,okx,ACH/USDT:USDT,0.02306,141.0,0.02305,3508.0,0.02307,1018.0,0.02308,2286.0
1753592181607,04:56:21.607,okx,ACH/USDT:USDT,0.02306,34.0,0.02305,3508.0,0.02307,1045.0,0.02308,2286.0
1753592182407,04:56:22.407,okx,ACH/USDT:USDT,0.02306,35.0,0.02305,3508.0,0.02307,1045.0,0.02308,2328.0
1753592182807,04:56:22.807,okx,ACH/USDT:USDT,0.02306,144.0,0.02305,3508.0,0.02307,947.0,0.02308,2853.0
1753592183307,04:56:23.307,okx,ACH/USDT:USDT,0.02306,146.0,0.02305,3508.0,0.02307,947.0,0.02308,2032.0
1753592183407,04:56:23.407,okx,ACH/USDT:USDT,0.02306,142.0,0.02305,3508.0,0.02307,947.0,0.02308,2032.0
1753592183507,04:56:23.507,okx,ACH/USDT:USDT,0.02306,162.0,0.02305,3508.0,0.02307,947.0,0.02308,1990.0
1753592186207,04:56:26.207,okx,ACH/USDT:USDT,0.02306,51.0,0.02305,3551.0,0.02307,1045.0,0.02308,2244.0
1753592186507,04:56:26.507,okx,ACH/USDT:USDT,0.02306,51.0,0.02305,3551.0,0.02307,1045.0,0.02308,2349.0
1753592188507,04:56:28.507,okx,ACH/USDT:USDT,0.02305,1819.0,0.02304,2584.0,0.02306,157.0,0.02307,1132.0
1753592189107,04:56:29.107,okx,ACH/USDT:USDT,0.02305,1819.0,0.02304,2584.0,0.02306,179.0,0.02307,1136.0
1753592189707,04:56:29.707,okx,ACH/USDT:USDT,0.02305,1819.0,0.02304,2668.0,0.02306,179.0,0.02307,1397.0
1753592190007,04:56:30.007,okx,ACH/USDT:USDT,0.02305,1819.0,0.02304,2668.0,0.02306,179.0,0.02307,1397.0
1753592190107,04:56:30.107,okx,ACH/USDT:USDT,0.02305,1819.0,0.02304,2838.0,0.02306,179.0,0.02307,1136.0
1753592192007,04:56:32.007,okx,ACH/USDT:USDT,0.02305,1569.0,0.02304,2796.0,0.02306,176.0,0.02307,1397.0
1753592196507,04:56:36.507,okx,ACH/USDT:USDT,0.02305,1955.0,0.02304,2711.0,0.02306,176.0,0.02307,1965.0
1753592196707,04:56:36.707,okx,ACH/USDT:USDT,0.02305,2047.0,0.02304,2837.0,0.02306,176.0,0.02307,1965.0
1753592198107,04:56:38.107,okx,ACH/USDT:USDT,0.02305,2046.0,0.02304,3177.0,0.02306,56.0,0.02307,2106.0
1753592199407,04:56:39.407,okx,ACH/USDT:USDT,0.02305,2046.0,0.02304,3831.0,0.02306,28.0,0.02307,1845.0
1753592200307,04:56:40.307,okx,ACH/USDT:USDT,0.02305,2049.0,0.02304,4416.0,0.02306,28.0,0.02307,1845.0
1753592201007,04:56:41.007,okx,ACH/USDT:USDT,0.02305,2034.0,0.02304,4273.0,0.02306,28.0,0.02307,1845.0
1753592205107,04:56:45.107,okx,ACH/USDT:USDT,0.02305,2033.0,0.02304,4441.0,0.02306,28.0,0.02307,1845.0
1753592208407,04:56:48.407,okx,ACH/USDT:USDT,0.02306,872.0,0.02305,3211.0,0.02307,484.0,0.02308,1590.0
1753592211607,04:56:51.607,okx,ACH/USDT:USDT,0.02306,447.0,0.02305,3647.0,0.02307,638.0,0.02308,1968.0
1753592214407,04:56:54.407,okx,ACH/USDT:USDT,0.02306,844.0,0.02305,3740.0,0.02307,306.0,0.02308,1752.0
1753592216407,04:56:56.407,okx,ACH/USDT:USDT,0.02306,845.0,0.02305,3740.0,0.02307,306.0,0.02308,1752.0
1753592217307,04:56:57.307,okx,ACH/USDT:USDT,0.02306,257.0,0.02305,3647.0,0.02307,708.0,0.02308,1752.0
1753592217607,04:56:57.607,okx,ACH/USDT:USDT,0.02306,226.0,0.02305,3647.0,0.02307,708.0,0.02308,1752.0
1753592218307,04:56:58.307,okx,ACH/USDT:USDT,0.02306,226.0,0.02305,3647.0,0.02307,637.0,0.02308,1878.0
1753592219507,04:56:59.507,okx,ACH/USDT:USDT,0.02306,342.0,0.02305,3647.0,0.02307,610.0,0.02308,1878.0
1753592219807,04:56:59.807,okx,ACH/USDT:USDT,0.02306,232.0,0.02305,3647.0,0.02307,708.0,0.02308,1920.0
1753592220007,04:57:00.007,okx,ACH/USDT:USDT,0.02306,232.0,0.02305,3647.0,0.02307,708.0,0.02308,2005.0
1753592220307,04:57:00.307,okx,ACH/USDT:USDT,0.02306,232.0,0.02305,3647.0,0.02307,708.0,0.02308,2283.0
1753592220507,04:57:00.507,okx,ACH/USDT:USDT,0.02306,232.0,0.02305,3647.0,0.02307,708.0,0.02308,2325.0
1753592221107,04:57:01.107,okx,ACH/USDT:USDT,0.02306,232.0,0.02305,3649.0,0.02307,886.0,0.02308,2573.0
1753592221407,04:57:01.407,okx,ACH/USDT:USDT,0.02306,232.0,0.02305,3649.0,0.02307,886.0,0.02308,2415.0
1753592223107,04:57:03.107,okx,ACH/USDT:USDT,0.02305,1211.0,0.02304,2475.0,0.02306,783.0,0.02307,1689.0
1753592223407,04:57:03.407,okx,ACH/USDT:USDT,0.02305,1.0,0.02304,1671.0,0.02306,1048.0,0.02307,2070.0
1753592224407,04:57:04.407,okx,ACH/USDT:USDT,0.02305,292.0,0.02304,2072.0,0.02306,652.0,0.02307,1247.0
1753592224507,04:57:04.507,okx,ACH/USDT:USDT,0.02305,292.0,0.02304,2072.0,0.02306,723.0,0.02307,1247.0
1753592225107,04:57:05.107,okx,ACH/USDT:USDT,0.02305,138.0,0.02304,2072.0,0.02306,1056.0,0.02307,1331.0
1753592230507,04:57:10.507,okx,ACH/USDT:USDT,0.02305,1289.0,0.02304,2468.0,0.02306,164.0,0.02307,1425.0
1753592231107,04:57:11.107,okx,ACH/USDT:USDT,0.02305,1289.0,0.02304,2468.0,0.02306,164.0,0.02307,1164.0
1753592231307,04:57:11.307,okx,ACH/USDT:USDT,0.02305,1289.0,0.02304,2680.0,0.02306,164.0,0.02307,986.0
1753592231807,04:57:11.807,okx,ACH/USDT:USDT,0.02305,1289.0,0.02304,2680.0,0.02306,164.0,0.02307,986.0
1753592233407,04:57:13.407,okx,ACH/USDT:USDT,0.02305,1289.0,0.02304,2680.0,0.02306,164.0,0.02307,986.0
1753592233707,04:57:13.707,okx,ACH/USDT:USDT,0.02305,1262.0,0.02304,2680.0,0.02306,164.0,0.02307,1247.0
1753592234107,04:57:14.107,okx,ACH/USDT:USDT,0.02305,1160.0,0.02304,2673.0,0.02306,164.0,0.02307,1247.0
1753592235107,04:57:15.107,okx,ACH/USDT:USDT,0.02305,1279.0,0.02304,2215.0,0.02306,164.0,0.02307,1247.0
1753592238007,04:57:18.007,okx,ACH/USDT:USDT,0.02305,676.0,0.02304,2215.0,0.02306,575.0,0.02307,1247.0
1753592238207,04:57:18.207,okx,ACH/USDT:USDT,0.02305,292.0,0.02304,2599.0,0.02306,648.0,0.02307,1247.0
1753592238407,04:57:18.407,okx,ACH/USDT:USDT,0.02305,292.0,0.02304,2599.0,0.02306,550.0,0.02307,1247.0
1753592238907,04:57:18.907,okx,ACH/USDT:USDT,0.02305,776.0,0.02304,2599.0,0.02306,273.0,0.02307,1247.0
1753592241307,04:57:21.307,okx,ACH/USDT:USDT,0.02305,893.0,0.02304,2557.0,0.02306,164.0,0.02307,986.0
1753592241507,04:57:21.507,okx,ACH/USDT:USDT,0.02305,894.0,0.02304,2557.0,0.02306,164.0,0.02307,1164.0
1753592242707,04:57:22.707,okx,ACH/USDT:USDT,0.02305,894.0,0.02304,2557.0,0.02306,164.0,0.02307,1164.0
1753592244107,04:57:24.107,okx,ACH/USDT:USDT,0.02305,894.0,0.02304,2557.0,0.02306,164.0,0.02307,1164.0
1753592245307,04:57:25.307,okx,ACH/USDT:USDT,0.02305,894.0,0.02304,2557.0,0.02306,164.0,0.02307,1164.0
1753592245907,04:57:25.907,okx,ACH/USDT:USDT,0.02305,894.0,0.02304,2557.0,0.02306,164.0,0.02307,1425.0
1753592246107,04:57:26.107,okx,ACH/USDT:USDT,0.02305,894.0,0.02304,2473.0,0.02306,164.0,0.02307,1425.0
1753592247407,04:57:27.407,okx,ACH/USDT:USDT,0.02305,894.0,0.02304,2473.0,0.02306,164.0,0.02307,1425.0
1753592247507,04:57:27.507,okx,ACH/USDT:USDT,0.02305,894.0,0.02304,2473.0,0.02306,164.0,0.02307,1425.0
1753592247707,04:57:27.707,okx,ACH/USDT:USDT,0.02305,894.0,0.02304,2473.0,0.02306,164.0,0.02307,1425.0
1753592247807,04:57:27.807,okx,ACH/USDT:USDT,0.02305,894.0,0.02304,2473.0,0.02306,164.0,0.02307,1425.0
1753592249807,04:57:29.807,okx,ACH/USDT:USDT,0.02305,391.0,0.02304,2431.0,0.02306,572.0,0.02307,1425.0
1753592251307,04:57:31.307,okx,ACH/USDT:USDT,0.02305,786.0,0.02304,2555.0,0.02306,276.0,0.02307,1425.0
1753592252107,04:57:32.107,okx,ACH/USDT:USDT,0.02305,786.0,0.02304,2555.0,0.02306,276.0,0.02307,1425.0
1753592252207,04:57:32.207,okx,ACH/USDT:USDT,0.02305,786.0,0.02304,2555.0,0.02306,276.0,0.02307,1425.0
1753592252807,04:57:32.807,okx,ACH/USDT:USDT,0.02305,786.0,0.02304,2555.0,0.02306,276.0,0.02307,1425.0
1753592253307,04:57:33.307,okx,ACH/USDT:USDT,0.02305,924.0,0.02304,2431.0,0.02306,276.0,0.02307,1425.0
1753592254907,04:57:34.907,okx,ACH/USDT:USDT,0.02305,924.0,0.02304,2431.0,0.02306,164.0,0.02307,1164.0
1753592262707,04:57:42.707,okx,ACH/USDT:USDT,0.02305,945.0,0.02304,2431.0,0.02306,164.0,0.02307,1426.0
1753592264007,04:57:44.007,okx,ACH/USDT:USDT,0.02305,945.0,0.02304,2431.0,0.02306,164.0,0.02307,1426.0
1753592264207,04:57:44.207,okx,ACH/USDT:USDT,0.02305,945.0,0.02304,2473.0,0.02306,164.0,0.02307,1426.0
1753592266207,04:57:46.207,okx,ACH/USDT:USDT,0.02305,945.0,0.02304,2769.0,0.02306,164.0,0.02307,1426.0
1753592267307,04:57:47.307,okx,ACH/USDT:USDT,0.02305,945.0,0.02304,2853.0,0.02306,164.0,0.02307,1165.0
1753592268607,04:57:48.607,okx,ACH/USDT:USDT,0.02305,865.0,0.02304,2599.0,0.02306,164.0,0.02307,1426.0
1753592269207,04:57:49.207,okx,ACH/USDT:USDT,0.02305,936.0,0.02304,2557.0,0.02306,164.0,0.02307,1426.0
1753592270707,04:57:50.707,okx,ACH/USDT:USDT,0.02305,936.0,0.02304,2515.0,0.02306,164.0,0.02307,1426.0
1753592271107,04:57:51.107,okx,ACH/USDT:USDT,0.02305,936.0,0.02304,2431.0,0.02306,164.0,0.02307,1426.0
1753592273607,04:57:53.607,okx,ACH/USDT:USDT,0.02305,826.0,0.02304,2431.0,0.02306,282.0,0.02307,1426.0
1753592273707,04:57:53.707,okx,ACH/USDT:USDT,0.02305,259.0,0.02304,2573.0,0.02306,696.0,0.02307,1426.0
1753592274207,04:57:54.207,okx,ACH/USDT:USDT,0.02305,259.0,0.02304,2573.0,0.02306,625.0,0.02307,1510.0
1753592274407,04:57:54.407,okx,ACH/USDT:USDT,0.02305,259.0,0.02304,2573.0,0.02306,695.0,0.02307,1510.0
1753592278807,04:57:58.807,okx,ACH/USDT:USDT,0.02305,259.0,0.02304,2573.0,0.02306,624.0,0.02307,1594.0
1753592280007,04:58:00.007,okx,ACH/USDT:USDT,0.02305,259.0,0.02304,2572.0,0.02306,695.0,0.02307,1594.0
1753592280807,04:58:00.807,okx,ACH/USDT:USDT,0.02305,149.0,0.02304,2572.0,0.02306,895.0,0.02307,1678.0
1753592281007,04:58:01.007,okx,ACH/USDT:USDT,0.02305,149.0,0.02304,2573.0,0.02306,895.0,0.02307,1678.0
1753592281507,04:58:01.507,okx,ACH/USDT:USDT,0.02305,124.0,0.02304,2501.0,0.02306,873.0,0.02307,2561.0
1753592281707,04:58:01.707,okx,ACH/USDT:USDT,0.02305,124.0,0.02304,2501.0,0.02306,873.0,0.02307,2561.0
1753592282707,04:58:02.707,okx,ACH/USDT:USDT,0.02305,148.0,0.02304,2501.0,0.02306,1089.0,0.02307,2324.0
1753592283007,04:58:03.007,okx,ACH/USDT:USDT,0.02305,148.0,0.02304,2501.0,0.02306,1089.0,0.02307,2817.0
1753592285107,04:58:05.107,okx,ACH/USDT:USDT,0.02305,124.0,0.02304,2501.0,0.02306,1089.0,0.02307,2927.0
1753592286507,04:58:06.507,okx,ACH/USDT:USDT,0.02305,152.0,0.02304,2501.0,0.02306,1109.0,0.02307,2796.0
1753592286707,04:58:06.707,okx,ACH/USDT:USDT,0.02305,152.0,0.02304,2501.0,0.02306,1038.0,0.02307,2796.0
1753592289807,04:58:09.807,okx,ACH/USDT:USDT,0.02305,264.0,0.02304,2501.0,0.02306,1109.0,0.02307,2246.0
1753592290307,04:58:10.307,okx,ACH/USDT:USDT,0.02305,264.0,0.02304,2501.0,0.02306,893.0,0.02307,2204.0
1753592290507,04:58:10.507,okx,ACH/USDT:USDT,0.02305,264.0,0.02304,2501.0,0.02306,893.0,0.02307,2204.0
1753592292207,04:58:12.207,okx,ACH/USDT:USDT,0.02305,349.0,0.02304,2501.0,0.02306,893.0,0.02307,1954.0
1753592292307,04:58:12.307,okx,ACH/USDT:USDT,0.02305,349.0,0.02304,2501.0,0.02306,893.0,0.02307,1869.0
1753592294307,04:58:14.307,okx,ACH/USDT:USDT,0.02305,349.0,0.02304,2501.0,0.02306,1038.0,0.02307,1869.0
1753592294907,04:58:14.907,okx,ACH/USDT:USDT,0.02305,349.0,0.02304,2501.0,0.02306,1031.0,0.02307,1868.0
1753592295107,04:58:15.107,okx,ACH/USDT:USDT,0.02305,349.0,0.02304,2501.0,0.02306,1005.0,0.02307,1826.0
1753592297307,04:58:17.307,okx,ACH/USDT:USDT,0.02305,350.0,0.02304,2501.0,0.02306,1005.0,0.02307,1657.0
1753592304907,04:58:24.907,okx,ACH/USDT:USDT,0.02305,353.0,0.02304,2501.0,0.02306,1005.0,0.02307,1277.0
1753592306707,04:58:26.707,okx,ACH/USDT:USDT,0.02305,353.0,0.02304,2501.0,0.02306,1005.0,0.02307,1193.0
1753592307207,04:58:27.207,okx,ACH/USDT:USDT,0.02305,353.0,0.02304,2501.0,0.02306,1005.0,0.02307,1193.0
1753592307807,04:58:27.807,okx,ACH/USDT:USDT,0.02305,424.0,0.02304,2501.0,0.02306,978.0,0.02307,1193.0
1753592308807,04:58:28.807,okx,ACH/USDT:USDT,0.02305,424.0,0.02304,2501.0,0.02306,662.0,0.02307,1151.0
1753592312607,04:58:32.607,okx,ACH/USDT:USDT,0.02305,349.0,0.02304,2501.0,0.02306,451.0,0.02307,1203.0
1753592314407,04:58:34.407,okx,ACH/USDT:USDT,0.02305,349.0,0.02304,2501.0,0.02306,528.0,0.02307,1203.0
1753592316407,04:58:36.407,okx,ACH/USDT:USDT,0.02305,350.0,0.02304,2501.0,0.02306,842.0,0.02307,1203.0
1753592323707,04:58:43.707,okx,ACH/USDT:USDT,0.02305,958.0,0.02304,2916.0,0.02306,165.0,0.02307,1298.0
1753592325507,04:58:45.507,okx,ACH/USDT:USDT,0.02305,958.0,0.02304,2831.0,0.02306,165.0,0.02307,1298.0
1753592326507,04:58:46.507,okx,ACH/USDT:USDT,0.02305,958.0,0.02304,2874.0,0.02306,165.0,0.02307,1298.0
1753592328807,04:58:48.807,okx,ACH/USDT:USDT,0.02305,958.0,0.02304,2851.0,0.02306,274.0,0.02307,1203.0
1753592329507,04:58:49.507,okx,ACH/USDT:USDT,0.02305,960.0,0.02304,2937.0,0.02306,274.0,0.02307,1203.0
1753592330507,04:58:50.507,okx,ACH/USDT:USDT,0.02305,960.0,0.02304,3530.0,0.02306,189.0,0.02307,1292.0
1753592330807,04:58:50.807,okx,ACH/USDT:USDT,0.02305,960.0,0.02304,3387.0,0.02306,189.0,0.02307,1292.0
1753592330907,04:58:50.907,okx,ACH/USDT:USDT,0.02305,960.0,0.02304,3258.0,0.02306,189.0,0.02307,1292.0
1753592333507,04:58:53.507,okx,ACH/USDT:USDT,0.02305,960.0,0.02304,2750.0,0.02306,339.0,0.02307,1203.0
1753592335407,04:58:55.407,okx,ACH/USDT:USDT,0.02305,960.0,0.02304,2708.0,0.02306,310.0,0.02307,1203.0
1753592335607,04:58:55.607,okx,ACH/USDT:USDT,0.02305,960.0,0.02304,3088.0,0.02306,310.0,0.02307,1203.0
1753592338307,04:58:58.307,okx,ACH/USDT:USDT,0.02305,959.0,0.02304,3021.0,0.02306,222.0,0.02307,1301.0
1753592340107,04:59:00.107,okx,ACH/USDT:USDT,0.02305,959.0,0.02304,3349.0,0.02306,222.0,0.02307,1301.0
1753592340407,04:59:00.407,okx,ACH/USDT:USDT,0.02305,959.0,0.02304,3416.0,0.02306,218.0,0.02307,1301.0
1753592340607,04:59:00.607,okx,ACH/USDT:USDT,0.02305,959.0,0.02304,3230.0,0.02306,218.0,0.02307,1301.0
1753592343507,04:59:03.507,okx,ACH/USDT:USDT,0.02305,1002.0,0.02304,4191.0,0.02306,14.0,0.02307,1122.0
1753592345607,04:59:05.607,okx,ACH/USDT:USDT,0.02305,1002.0,0.02304,4191.0,0.02306,14.0,0.02307,1122.0
1753592347307,04:59:07.307,okx,ACH/USDT:USDT,0.02305,1106.0,0.02304,4191.0,0.02306,1.0,0.02307,1122.0
1753592347807,04:59:07.807,okx,ACH/USDT:USDT,0.02305,1106.0,0.02304,4191.0,0.02306,1.0,0.02307,1122.0
1753592349407,04:59:09.407,okx,ACH/USDT:USDT,0.02305,1106.0,0.02304,4320.0,0.02306,1.0,0.02307,1122.0
1753592349507,04:59:09.507,okx,ACH/USDT:USDT,0.02305,1106.0,0.02304,4646.0,0.02306,1.0,0.02307,1122.0
1753592350307,04:59:10.307,okx,ACH/USDT:USDT,0.02305,1106.0,0.02304,4688.0,0.02306,1.0,0.02307,1122.0
1753592355307,04:59:15.307,okx,ACH/USDT:USDT,0.02305,1114.0,0.02304,4377.0,0.02306,1.0,0.02307,944.0
1753592356807,04:59:16.807,okx,ACH/USDT:USDT,0.02305,1114.0,0.02304,4731.0,0.02306,1.0,0.02307,944.0
1753592358707,04:59:18.707,okx,ACH/USDT:USDT,0.02306,574.0,0.02305,3105.0,0.02307,788.0,0.02308,984.0
1753592359107,04:59:19.107,okx,ACH/USDT:USDT,0.02306,467.0,0.02305,3105.0,0.02307,788.0,0.02308,1184.0
1753592359407,04:59:19.407,okx,ACH/USDT:USDT,0.02306,467.0,0.02305,2840.0,0.02307,788.0,0.02308,1184.0
1753592359507,04:59:19.507,okx,ACH/USDT:USDT,0.02306,430.0,0.02305,2840.0,0.02307,859.0,0.02308,1184.0
1753592361507,04:59:21.507,okx,ACH/USDT:USDT,0.02306,430.0,0.02305,2840.0,0.02307,788.0,0.02308,1184.0
1753592365407,04:59:25.407,okx,ACH/USDT:USDT,0.02306,1203.0,0.02305,2529.0,0.02307,445.0,0.02308,1184.0
1753592365907,04:59:25.907,okx,ACH/USDT:USDT,0.02306,1132.0,0.02305,2529.0,0.02307,445.0,0.02308,1184.0
1753592367707,04:59:27.707,okx,ACH/USDT:USDT,0.02306,1203.0,0.02305,2529.0,0.02307,445.0,0.02308,1184.0
1753592367907,04:59:27.907,okx,ACH/USDT:USDT,0.02306,1203.0,0.02305,2529.0,0.02307,445.0,0.02308,1184.0
1753592368407,04:59:28.407,okx,ACH/USDT:USDT,0.02306,1404.0,0.02305,2378.0,0.02307,308.0,0.02308,1184.0
1753592368507,04:59:28.507,okx,ACH/USDT:USDT,0.02306,1404.0,0.02305,2378.0,0.02307,304.0,0.02308,1184.0
1753592372207,04:59:32.207,okx,ACH/USDT:USDT,0.02306,1786.0,0.02305,2524.0,0.02307,343.0,0.02308,1184.0
1753592377007,04:59:37.007,okx,ACH/USDT:USDT,0.02306,1786.0,0.02305,2609.0,0.02307,343.0,0.02308,1184.0
1753592379307,04:59:39.307,okx,ACH/USDT:USDT,0.02306,1786.0,0.02305,2609.0,0.02307,343.0,0.02308,1184.0
1753592379407,04:59:39.407,okx,ACH/USDT:USDT,0.02306,1677.0,0.02305,2609.0,0.02307,343.0,0.02308,1184.0
1753592379507,04:59:39.507,okx,ACH/USDT:USDT,0.02306,1770.0,0.02305,2609.0,0.02307,343.0,0.02308,1184.0
1753592380407,04:59:40.407,okx,ACH/USDT:USDT,0.02306,1770.0,0.02305,3404.0,0.02307,219.0,0.02308,1184.0
1753592381307,04:59:41.307,okx,ACH/USDT:USDT,0.02306,1765.0,0.02305,3826.0,0.02307,219.0,0.02308,1184.0
1753592381407,04:59:41.407,okx,ACH/USDT:USDT,0.02306,1765.0,0.02305,3867.0,0.02307,219.0,0.02308,1184.0
1753592381807,04:59:41.807,okx,ACH/USDT:USDT,0.02306,1765.0,0.02305,4076.0,0.02307,219.0,0.02308,914.0
1753592382307,04:59:42.307,okx,ACH/USDT:USDT,0.02306,1765.0,0.02305,4414.0,0.02307,219.0,0.02308,914.0
1753592384807,04:59:44.807,okx,ACH/USDT:USDT,0.02306,1763.0,0.02305,4421.0,0.02307,219.0,0.02308,914.0
1753592385307,04:59:45.307,okx,ACH/USDT:USDT,0.02306,1763.0,0.02305,4591.0,0.02307,219.0,0.02308,914.0
1753592385607,04:59:45.607,okx,ACH/USDT:USDT,0.02306,1763.0,0.02305,4362.0,0.02307,219.0,0.02308,1114.0
1753592386107,04:59:46.107,okx,ACH/USDT:USDT,0.02306,1677.0,0.02305,4362.0,0.02307,219.0,0.02308,1114.0
1753592386707,04:59:46.707,okx,ACH/USDT:USDT,0.02306,1755.0,0.02305,4233.0,0.02307,248.0,0.02308,1114.0
1753592388307,04:59:48.307,okx,ACH/USDT:USDT,0.02306,1755.0,0.02305,4106.0,0.02307,248.0,0.02308,1114.0
1753592390307,04:59:50.307,okx,ACH/USDT:USDT,0.02306,1755.0,0.02305,3936.0,0.02307,248.0,0.02308,1114.0
1753592390407,04:59:50.407,okx,ACH/USDT:USDT,0.02306,1755.0,0.02305,3581.0,0.02307,248.0,0.02308,1114.0
1753592390707,04:59:50.707,okx,ACH/USDT:USDT,0.02306,1298.0,0.02305,3623.0,0.02307,648.0,0.02308,1114.0
1753592390807,04:59:50.807,okx,ACH/USDT:USDT,0.02306,1369.0,0.02305,3539.0,0.02307,648.0,0.02308,1114.0
1753592390907,04:59:50.907,okx,ACH/USDT:USDT,0.02306,1369.0,0.02305,3497.0,0.02307,670.0,0.02308,1092.0
1753592391007,04:59:51.007,okx,ACH/USDT:USDT,0.02306,1369.0,0.02305,3382.0,0.02307,670.0,0.02308,1092.0
1753592392407,04:59:52.407,okx,ACH/USDT:USDT,0.02306,1370.0,0.02305,2609.0,0.02307,757.0,0.02308,1184.0
1753592393107,04:59:53.107,okx,ACH/USDT:USDT,0.02306,1370.0,0.02305,2609.0,0.02307,757.0,0.02308,1184.0
1753592393507,04:59:53.507,okx,ACH/USDT:USDT,0.02306,1370.0,0.02305,2609.0,0.02307,379.0,0.02308,1184.0
1753592396507,04:59:56.507,okx,ACH/USDT:USDT,0.02306,1752.0,0.02305,3097.0,0.02307,219.0,0.02308,1303.0
1753592400507,05:00:00.507,okx,ACH/USDT:USDT,0.02306,1220.0,0.02305,3532.0,0.02307,324.0,0.02308,1028.0
1753592402107,05:00:02.107,okx,ACH/USDT:USDT,0.02306,1164.0,0.02305,2978.0,0.02307,699.0,0.02308,989.0
1753592402802,05:00:02.802,okx,ACH/USDT:USDT,0.02306,980.0,0.02305,2668.0,0.02307,538.0,0.02308,985.0
1753592404602,05:00:04.602,okx,ACH/USDT:USDT,0.02306,956.0,0.02305,2668.0,0.02307,538.0,0.02308,985.0
1753592404802,05:00:04.802,okx,ACH/USDT:USDT,0.02306,956.0,0.02305,2668.0,0.02307,538.0,0.02308,985.0
1753592406502,05:00:06.502,okx,ACH/USDT:USDT,0.02306,256.0,0.02305,2957.0,0.02307,900.0,0.02308,1993.0
1753592406602,05:00:06.602,okx,ACH/USDT:USDT,0.02306,256.0,0.02305,2575.0,0.02307,900.0,0.02308,2013.0
1753592406702,05:00:06.702,okx,ACH/USDT:USDT,0.02306,256.0,0.02305,2957.0,0.02307,900.0,0.02308,2055.0
1753592408002,05:00:08.002,okx,ACH/USDT:USDT,0.02306,279.0,0.02305,2957.0,0.02307,900.0,0.02308,2360.0
1753592408702,05:00:08.702,okx,ACH/USDT:USDT,0.02306,279.0,0.02305,2957.0,0.02307,900.0,0.02308,2335.0
1753592409202,05:00:09.202,okx,ACH/USDT:USDT,0.02306,279.0,0.02305,2957.0,0.02307,900.0,0.02308,2252.0
1753592409402,05:00:09.402,okx,ACH/USDT:USDT,0.02306,279.0,0.02305,2957.0,0.02307,900.0,0.02308,2252.0
1753592410102,05:00:10.102,okx,ACH/USDT:USDT,0.02306,279.0,0.02305,2957.0,0.02307,900.0,0.02308,2147.0
1753592411302,05:00:11.302,okx,ACH/USDT:USDT,0.02306,397.0,0.02305,2957.0,0.02307,900.0,0.02308,1940.0
1753592413402,05:00:13.402,okx,ACH/USDT:USDT,0.02306,397.0,0.02305,2957.0,0.02307,900.0,0.02308,2024.0
1753592414002,05:00:14.002,okx,ACH/USDT:USDT,0.02306,397.0,0.02305,2957.0,0.02307,900.0,0.02308,2066.0
1753592414802,05:00:14.802,okx,ACH/USDT:USDT,0.02306,397.0,0.02305,2957.0,0.02307,900.0,0.02308,2151.0
1753592415902,05:00:15.902,okx,ACH/USDT:USDT,0.02306,397.0,0.02305,2957.0,0.02307,923.0,0.02308,2193.0
1753592416202,05:00:16.202,okx,ACH/USDT:USDT,0.02306,397.0,0.02305,2957.0,0.02307,923.0,0.02308,2321.0
1753592416302,05:00:16.302,okx,ACH/USDT:USDT,0.02306,397.0,0.02305,2957.0,0.02307,923.0,0.02308,2364.0
1753592416902,05:00:16.902,okx,ACH/USDT:USDT,0.02306,287.0,0.02305,2957.0,0.02307,923.0,0.02308,2641.0
1753592417102,05:00:17.102,okx,ACH/USDT:USDT,0.02306,1.0,0.02305,2653.0,0.02307,934.0,0.02308,3068.0
1753592417202,05:00:17.202,okx,ACH/USDT:USDT,0.02306,1.0,0.02305,2914.0,0.02307,934.0,0.02308,3363.0
1753592417702,05:00:17.702,okx,ACH/USDT:USDT,0.02306,1.0,0.02305,2914.0,0.02307,934.0,0.02308,4168.0
1753592417802,05:00:17.802,okx,ACH/USDT:USDT,0.02306,1.0,0.02305,2914.0,0.02307,934.0,0.02308,4210.0
1753592420002,05:00:20.002,okx,ACH/USDT:USDT,0.02306,1.0,0.02305,2509.0,0.02307,934.0,0.02308,4358.0
1753592420502,05:00:20.502,okx,ACH/USDT:USDT,0.02306,4.0,0.02305,2509.0,0.02307,934.0,0.02308,4430.0
1753592420802,05:00:20.802,okx,ACH/USDT:USDT,0.02306,4.0,0.02305,2509.0,0.02307,934.0,0.02308,4430.0
1753592420902,05:00:20.902,okx,ACH/USDT:USDT,0.02306,4.0,0.02305,2509.0,0.02307,934.0,0.02308,4430.0
1753592421202,05:00:21.202,okx,ACH/USDT:USDT,0.02306,4.0,0.02305,2631.0,0.02307,934.0,0.02308,4685.0
1753592421402,05:00:21.402,okx,ACH/USDT:USDT,0.02306,4.0,0.02305,2631.0,0.02307,934.0,0.02308,4811.0
1753592421602,05:00:21.602,okx,ACH/USDT:USDT,0.02306,4.0,0.02305,2631.0,0.02307,934.0,0.02308,4854.0
1753592422102,05:00:22.102,okx,ACH/USDT:USDT,0.02306,4.0,0.02305,2631.0,0.02307,934.0,0.02308,4811.0
1753592422802,05:00:22.802,okx,ACH/USDT:USDT,0.02306,4.0,0.02305,2631.0,0.02307,934.0,0.02308,4897.0
1753592424502,05:00:24.502,okx,ACH/USDT:USDT,0.02306,4.0,0.02305,2892.0,0.02307,934.0,0.02308,4897.0
1753592424602,05:00:24.602,okx,ACH/USDT:USDT,0.02306,4.0,0.02305,2892.0,0.02307,943.0,0.02308,4897.0
1753592424702,05:00:24.702,okx,ACH/USDT:USDT,0.02306,4.0,0.02305,2892.0,0.02307,945.0,0.02308,4897.0
1753592425002,05:00:25.002,okx,ACH/USDT:USDT,0.02306,4.0,0.02305,2631.0,0.02307,945.0,0.02308,4897.0
1753592425102,05:00:25.102,okx,ACH/USDT:USDT,0.02306,4.0,0.02305,2509.0,0.02307,948.0,0.02308,4897.0
1753592425202,05:00:25.202,okx,ACH/USDT:USDT,0.02306,4.0,0.02305,2509.0,0.02307,949.0,0.02308,4897.0
1753592425302,05:00:25.302,okx,ACH/USDT:USDT,0.02306,4.0,0.02305,2509.0,0.02307,950.0,0.02308,4876.0
1753592425602,05:00:25.602,okx,ACH/USDT:USDT,0.02306,4.0,0.02305,2509.0,0.02307,950.0,0.02308,4876.0
1753592426202,05:00:26.202,okx,ACH/USDT:USDT,0.02306,4.0,0.02305,2509.0,0.02307,950.0,0.02308,4876.0
1753592426402,05:00:26.402,okx,ACH/USDT:USDT,0.02306,4.0,0.02305,2509.0,0.02307,1015.0,0.02308,4876.0
1753592426802,05:00:26.802,okx,ACH/USDT:USDT,0.02305,1853.0,0.02304,4011.0,0.02306,28.0,0.02307,791.0
1753592427002,05:00:27.002,okx,ACH/USDT:USDT,0.02305,1409.0,0.02304,4038.0,0.02306,361.0,0.02307,1380.0
1753592427402,05:00:27.402,okx,ACH/USDT:USDT,0.02305,598.0,0.02304,4420.0,0.02306,774.0,0.02307,1759.0
1753592427702,05:00:27.702,okx,ACH/USDT:USDT,0.02305,146.0,0.02304,4241.0,0.02306,774.0,0.02307,1759.0
1753592427802,05:00:27.802,okx,ACH/USDT:USDT,0.02305,146.0,0.02304,4164.0,0.02306,774.0,0.02307,1800.0
1753592428302,05:00:28.302,okx,ACH/USDT:USDT,0.02305,146.0,0.02304,4164.0,0.02306,774.0,0.02307,2094.0
1753592428502,05:00:28.502,okx,ACH/USDT:USDT,0.02305,146.0,0.02304,4164.0,0.02306,774.0,0.02307,2136.0
1753592428602,05:00:28.602,okx,ACH/USDT:USDT,0.02305,146.0,0.02304,4164.0,0.02306,774.0,0.02307,2220.0
1753592429102,05:00:29.102,okx,ACH/USDT:USDT,0.02305,300.0,0.02304,4164.0,0.02306,774.0,0.02307,2385.0
1753592429202,05:00:29.202,okx,ACH/USDT:USDT,0.02305,300.0,0.02304,4164.0,0.02306,774.0,0.02307,2343.0
1753592429302,05:00:29.302,okx,ACH/USDT:USDT,0.02305,300.0,0.02304,4164.0,0.02306,774.0,0.02307,2302.0
1753592429802,05:00:29.802,okx,ACH/USDT:USDT,0.02305,300.0,0.02304,4164.0,0.02306,838.0,0.02307,2241.0
1753592430402,05:00:30.402,okx,ACH/USDT:USDT,0.02305,300.0,0.02304,4164.0,0.02306,747.0,0.02307,1946.0
1753592430502,05:00:30.502,okx,ACH/USDT:USDT,0.02305,711.0,0.02304,4164.0,0.02306,444.0,0.02307,1694.0
1753592430702,05:00:30.702,okx,ACH/USDT:USDT,0.02305,711.0,0.02304,4164.0,0.02306,335.0,0.02307,1694.0
1753592431102,05:00:31.102,okx,ACH/USDT:USDT,0.02305,300.0,0.02304,4164.0,0.02306,673.0,0.02307,1694.0
1753592431202,05:00:31.202,okx,ACH/USDT:USDT,0.02305,300.0,0.02304,4164.0,0.02306,739.0,0.02307,1694.0
1753592431402,05:00:31.402,okx,ACH/USDT:USDT,0.02305,146.0,0.02304,4164.0,0.02306,739.0,0.02307,1943.0
1753592431702,05:00:31.702,okx,ACH/USDT:USDT,0.02305,30.0,0.02304,4164.0,0.02306,717.0,0.02307,2809.0
1753592431802,05:00:31.802,okx,ACH/USDT:USDT,0.02305,30.0,0.02304,4164.0,0.02306,717.0,0.02307,2809.0
1753592432202,05:00:32.202,okx,ACH/USDT:USDT,0.02305,30.0,0.02304,4164.0,0.02306,717.0,0.02307,2936.0
1753592432602,05:00:32.602,okx,ACH/USDT:USDT,0.02305,29.0,0.02304,4703.0,0.02306,717.0,0.02307,3359.0
1753592432802,05:00:32.802,okx,ACH/USDT:USDT,0.02305,29.0,0.02304,4703.0,0.02306,717.0,0.02307,3359.0
1753592434802,05:00:34.802,okx,ACH/USDT:USDT,0.02305,29.0,0.02304,4703.0,0.02306,717.0,0.02307,3657.0
1753592434902,05:00:34.902,okx,ACH/USDT:USDT,0.02305,29.0,0.02304,4703.0,0.02306,717.0,0.02307,3657.0
1753592435902,05:00:35.902,okx,ACH/USDT:USDT,0.02305,184.0,0.02304,4703.0,0.02306,693.0,0.02307,3419.0
1753592436102,05:00:36.102,okx,ACH/USDT:USDT,0.02305,184.0,0.02304,4703.0,0.02306,693.0,0.02307,3376.0
1753592436502,05:00:36.502,okx,ACH/USDT:USDT,0.02305,183.0,0.02304,4703.0,0.02306,695.0,0.02307,2953.0
1753592437902,05:00:37.902,okx,ACH/USDT:USDT,0.02305,793.0,0.02304,4164.0,0.02307,2440.0,0.02308,1700.0
1753592438002,05:00:38.002,okx,ACH/USDT:USDT,0.02306,219.0,0.02305,2954.0,0.02307,397.0,0.02308,1566.0
1753592438202,05:00:38.202,okx,ACH/USDT:USDT,0.02306,143.0,0.02305,2498.0,0.02307,659.0,0.02308,1608.0
1753592438302,05:00:38.302,okx,ACH/USDT:USDT,0.02306,143.0,0.02305,2498.0,0.02307,659.0,0.02308,1949.0
1753592438702,05:00:38.702,okx,ACH/USDT:USDT,0.02306,681.0,0.02305,2759.0,0.02307,180.0,0.02308,1733.0
1753592438802,05:00:38.802,okx,ACH/USDT:USDT,0.02306,681.0,0.02305,2759.0,0.02307,271.0,0.02308,1733.0
1753592438902,05:00:38.902,okx,ACH/USDT:USDT,0.02306,683.0,0.02305,2759.0,0.02307,273.0,0.02308,1733.0
1753592439102,05:00:39.102,okx,ACH/USDT:USDT,0.02306,297.0,0.02305,2759.0,0.02307,248.0,0.02308,1733.0
1753592439502,05:00:39.502,okx,ACH/USDT:USDT,0.02306,297.0,0.02305,2759.0,0.02307,273.0,0.02308,1733.0
1753592441002,05:00:41.002,okx,ACH/USDT:USDT,0.02306,143.0,0.02305,2759.0,0.02307,473.0,0.02308,1733.0
1753592441502,05:00:41.502,okx,ACH/USDT:USDT,0.02306,157.0,0.02305,2759.0,0.02307,473.0,0.02308,1733.0
1753592442502,05:00:42.502,okx,ACH/USDT:USDT,0.02306,157.0,0.02305,2498.0,0.02307,673.0,0.02308,1933.0
1753592443002,05:00:43.002,okx,ACH/USDT:USDT,0.02306,157.0,0.02305,2498.0,0.02307,673.0,0.02308,2060.0
1753592443502,05:00:43.502,okx,ACH/USDT:USDT,0.02306,157.0,0.02305,2759.0,0.02307,673.0,0.02308,2060.0
1753592443802,05:00:43.802,okx,ACH/USDT:USDT,0.02306,157.0,0.02305,2759.0,0.02307,673.0,0.02308,2397.0
1753592444702,05:00:44.702,okx,ACH/USDT:USDT,0.02306,157.0,0.02305,2759.0,0.02307,673.0,0.02308,2523.0
1753592447002,05:00:47.002,okx,ACH/USDT:USDT,0.02306,157.0,0.02305,2759.0,0.02307,675.0,0.02308,2984.0
1753592449002,05:00:49.002,okx,ACH/USDT:USDT,0.02306,16.0,0.02305,2498.0,0.02307,678.0,0.02308,4274.0
1753592449402,05:00:49.402,okx,ACH/USDT:USDT,0.02306,16.0,0.02305,2498.0,0.02307,678.0,0.02308,4189.0
1753592449502,05:00:49.502,okx,ACH/USDT:USDT,0.02306,17.0,0.02305,2498.0,0.02307,681.0,0.02308,4189.0
1753592450202,05:00:50.202,okx,ACH/USDT:USDT,0.02306,17.0,0.02305,2498.0,0.02307,685.0,0.02308,4358.0
1753592450602,05:00:50.602,okx,ACH/USDT:USDT,0.02306,17.0,0.02305,2498.0,0.02307,863.0,0.02308,4647.0
1753592451202,05:00:51.202,okx,ACH/USDT:USDT,0.02306,17.0,0.02305,2498.0,0.02307,863.0,0.02308,4647.0
1753592451302,05:00:51.302,okx,ACH/USDT:USDT,0.02306,152.0,0.02305,2498.0,0.02307,863.0,0.02308,4606.0
1753592451402,05:00:51.402,okx,ACH/USDT:USDT,0.02306,152.0,0.02305,2759.0,0.02307,863.0,0.02308,4538.0
1753592451602,05:00:51.602,okx,ACH/USDT:USDT,0.02306,152.0,0.02305,2759.0,0.02307,863.0,0.02308,4401.0
1753592452802,05:00:52.802,okx,ACH/USDT:USDT,0.02306,139.0,0.02305,2759.0,0.02307,886.0,0.02308,4307.0
1753592454002,05:00:54.002,okx,ACH/USDT:USDT,0.02305,524.0,0.02304,3715.0,0.02306,677.0,0.02307,1682.0
1753592454202,05:00:54.202,okx,ACH/USDT:USDT,0.02305,292.0,0.02304,3715.0,0.02306,659.0,0.02307,1552.0
1753592454702,05:00:54.702,okx,ACH/USDT:USDT,0.02305,678.0,0.02304,3868.0,0.02306,242.0,0.02307,1175.0
1753592454902,05:00:54.902,okx,ACH/USDT:USDT,0.02305,678.0,0.02304,4122.0,0.02306,242.0,0.02307,1175.0
1753592457102,05:00:57.102,okx,ACH/USDT:USDT,0.02305,678.0,0.02304,3868.0,0.02306,152.0,0.02307,1175.0
1753592458502,05:00:58.502,okx,ACH/USDT:USDT,0.02305,678.0,0.02304,3910.0,0.02306,151.0,0.02307,1175.0
1753592458802,05:00:58.802,okx,ACH/USDT:USDT,0.02305,678.0,0.02304,3910.0,0.02306,151.0,0.02307,1175.0
1753592459002,05:00:59.002,okx,ACH/USDT:USDT,0.02305,678.0,0.02304,4423.0,0.02306,152.0,0.02307,1353.0
1753592460502,05:01:00.502,okx,ACH/USDT:USDT,0.02305,678.0,0.02304,4055.0,0.02306,40.0,0.02307,1353.0
1753592460902,05:01:00.902,okx,ACH/USDT:USDT,0.02305,678.0,0.02304,4056.0,0.02306,40.0,0.02307,1353.0
1753592461402,05:01:01.402,okx,ACH/USDT:USDT,0.02305,678.0,0.02304,4056.0,0.02306,254.0,0.02307,1157.0
1753592461902,05:01:01.902,okx,ACH/USDT:USDT,0.02305,678.0,0.02304,4197.0,0.02306,345.0,0.02307,1157.0
1753592462602,05:01:02.602,okx,ACH/USDT:USDT,0.02305,678.0,0.02304,4197.0,0.02306,345.0,0.02307,1157.0
1753592464602,05:01:04.602,okx,ACH/USDT:USDT,0.02305,678.0,0.02304,4197.0,0.02306,375.0,0.02307,1134.0
1753592465102,05:01:05.102,okx,ACH/USDT:USDT,0.02305,678.0,0.02304,4380.0,0.02306,309.0,0.02307,1134.0
1753592466002,05:01:06.002,okx,ACH/USDT:USDT,0.02305,678.0,0.02304,4464.0,0.02306,309.0,0.02307,1134.0
1753592467902,05:01:07.902,okx,ACH/USDT:USDT,0.02305,678.0,0.02304,4718.0,0.02306,291.0,0.02307,1134.0
1753592469202,05:01:09.202,okx,ACH/USDT:USDT,0.02305,1151.0,0.02304,4718.0,0.02306,291.0,0.02307,1134.0
1753592469402,05:01:09.402,okx,ACH/USDT:USDT,0.02305,1151.0,0.02304,4718.0,0.02306,291.0,0.02307,1134.0
1753592469702,05:01:09.702,okx,ACH/USDT:USDT,0.02305,1151.0,0.02304,4718.0,0.02306,291.0,0.02307,1134.0
1753592470302,05:01:10.302,okx,ACH/USDT:USDT,0.02305,1151.0,0.02304,4760.0,0.02306,291.0,0.02307,1134.0
1753592471502,05:01:11.502,okx,ACH/USDT:USDT,0.02305,1060.0,0.02304,4760.0,0.02306,316.0,0.02307,1134.0
1753592471702,05:01:11.702,okx,ACH/USDT:USDT,0.02305,1062.0,0.02304,4760.0,0.02306,316.0,0.02307,1134.0
1753592472402,05:01:12.402,okx,ACH/USDT:USDT,0.02305,1291.0,0.02304,4725.0,0.02306,291.0,0.02307,1134.0
1753592472502,05:01:12.502,okx,ACH/USDT:USDT,0.02305,1291.0,0.02304,4809.0,0.02306,291.0,0.02307,1134.0
1753592472802,05:01:12.802,okx,ACH/USDT:USDT,0.02305,1291.0,0.02304,4809.0,0.02306,265.0,0.02307,1134.0
1753592472902,05:01:12.902,okx,ACH/USDT:USDT,0.02305,1291.0,0.02304,4895.0,0.02306,265.0,0.02307,1134.0
1753592474002,05:01:14.002,okx,ACH/USDT:USDT,0.02305,1200.0,0.02304,4725.0,0.02306,291.0,0.02307,1134.0
1753592477502,05:01:17.502,okx,ACH/USDT:USDT,0.02305,1411.0,0.02304,5167.0,0.02306,364.0,0.02307,1134.0
1753592478002,05:01:18.002,okx,ACH/USDT:USDT,0.02305,1411.0,0.02304,5124.0,0.02306,364.0,0.02307,1134.0
1753592478302,05:01:18.302,okx,ACH/USDT:USDT,0.02305,1411.0,0.02304,4982.0,0.02306,265.0,0.02307,1134.0
1753592478402,05:01:18.402,okx,ACH/USDT:USDT,0.02305,1412.0,0.02304,4982.0,0.02306,265.0,0.02307,1134.0
1753592478602,05:01:18.602,okx,ACH/USDT:USDT,0.02306,738.0,0.02305,3039.0,0.02307,374.0,0.02308,1172.0
1753592478702,05:01:18.702,okx,ACH/USDT:USDT,0.02306,871.0,0.02305,2901.0,0.02307,374.0,0.02308,1172.0
1753592478802,05:01:18.802,okx,ACH/USDT:USDT,0.02306,962.0,0.02305,2876.0,0.02307,251.0,0.02308,1172.0
1753592479402,05:01:19.402,okx,ACH/USDT:USDT,0.02306,962.0,0.02305,2964.0,0.02307,73.0,0.02308,1350.0
1753592479502,05:01:19.502,okx,ACH/USDT:USDT,0.02306,787.0,0.02305,2964.0,0.02307,73.0,0.02308,1363.0
1753592479602,05:01:19.602,okx,ACH/USDT:USDT,0.02306,721.0,0.02305,2964.0,0.02307,73.0,0.02308,1563.0
1753592479702,05:01:19.702,okx,ACH/USDT:USDT,0.02306,787.0,0.02305,2964.0,0.02307,73.0,0.02308,1563.0
1753592479902,05:01:19.902,okx,ACH/USDT:USDT,0.02307,82.0,0.02306,2051.0,0.02308,1123.0,0.02309,2931.0
1753592480102,05:01:20.102,okx,ACH/USDT:USDT,0.02307,82.0,0.02306,2051.0,0.02308,1126.0,0.02309,2973.0
1753592480302,05:01:20.302,okx,ACH/USDT:USDT,0.02307,30.0,0.02306,2051.0,0.02308,1126.0,0.02309,4237.0
1753592480502,05:01:20.502,okx,ACH/USDT:USDT,0.02307,30.0,0.02306,2051.0,0.02308,1126.0,0.02309,4229.0
1753592481202,05:01:21.202,okx,ACH/USDT:USDT,0.02307,30.0,0.02306,2312.0,0.02308,1126.0,0.02309,4328.0
1753592482002,05:01:22.002,okx,ACH/USDT:USDT,0.02307,444.0,0.02306,2223.0,0.02308,1051.0,0.02309,3888.0
1753592482502,05:01:22.502,okx,ACH/USDT:USDT,0.02307,560.0,0.02306,2223.0,0.02308,620.0,0.02309,2145.0
1753592482702,05:01:22.702,okx,ACH/USDT:USDT,0.02307,560.0,0.02306,2223.0,0.02308,620.0,0.02309,2145.0
1753592482802,05:01:22.802,okx,ACH/USDT:USDT,0.02307,560.0,0.02306,2223.0,0.02308,620.0,0.02309,2145.0
1753592482902,05:01:22.902,okx,ACH/USDT:USDT,0.02307,560.0,0.02306,2223.0,0.02308,620.0,0.02309,2145.0
1753592483502,05:01:23.502,okx,ACH/USDT:USDT,0.02307,560.0,0.02306,2223.0,0.02308,554.0,0.02309,1766.0
1753592484502,05:01:24.502,okx,ACH/USDT:USDT,0.02307,948.0,0.02306,2227.0,0.02308,550.0,0.02309,1686.0
1753592484602,05:01:24.602,okx,ACH/USDT:USDT,0.02307,948.0,0.02306,2227.0,0.02308,641.0,0.02309,1686.0
1753592484802,05:01:24.802,okx,ACH/USDT:USDT,0.02307,948.0,0.02306,2227.0,0.02308,616.0,0.02309,1686.0
1753592485402,05:01:25.402,okx,ACH/USDT:USDT,0.02307,950.0,0.02306,2227.0,0.02308,728.0,0.02309,1423.0
1753592485502,05:01:25.502,okx,ACH/USDT:USDT,0.02307,950.0,0.02306,2227.0,0.02308,794.0,0.02309,1623.0
1753592486102,05:01:26.102,okx,ACH/USDT:USDT,0.02307,950.0,0.02306,2227.0,0.02308,819.0,0.02309,1623.0
1753592487202,05:01:27.202,okx,ACH/USDT:USDT,0.02307,950.0,0.02306,2227.0,0.02308,728.0,0.02309,1623.0
1753592487802,05:01:27.802,okx,ACH/USDT:USDT,0.02307,426.0,0.02306,2227.0,0.02308,1066.0,0.02309,1623.0
1753592487902,05:01:27.902,okx,ACH/USDT:USDT,0.02307,426.0,0.02306,2227.0,0.02308,1066.0,0.02309,1623.0
1753592488202,05:01:28.202,okx,ACH/USDT:USDT,0.02307,426.0,0.02306,2227.0,0.02308,1066.0,0.02309,1749.0
1753592488302,05:01:28.302,okx,ACH/USDT:USDT,0.02307,426.0,0.02306,2227.0,0.02308,1066.0,0.02309,2171.0
1753592489202,05:01:29.202,okx,ACH/USDT:USDT,0.02307,426.0,0.02306,2346.0,0.02308,819.0,0.02309,2213.0
1753592489302,05:01:29.302,okx,ACH/USDT:USDT,0.02307,426.0,0.02306,2346.0,0.02308,819.0,0.02309,2213.0
1753592489402,05:01:29.402,okx,ACH/USDT:USDT,0.02307,426.0,0.02306,2346.0,0.02308,819.0,0.02309,2213.0
1753592489902,05:01:29.902,okx,ACH/USDT:USDT,0.02307,426.0,0.02306,2346.0,0.02308,819.0,0.02309,2213.0
1753592490702,05:01:30.702,okx,ACH/USDT:USDT,0.02307,426.0,0.02306,2346.0,0.02308,819.0,0.02309,2213.0
1753592491402,05:01:31.402,okx,ACH/USDT:USDT,0.02307,1005.0,0.02306,2227.0,0.02308,728.0,0.02309,2045.0
1753592492002,05:01:32.002,okx,ACH/USDT:USDT,0.02307,941.0,0.02306,2227.0,0.02308,856.0,0.02309,2003.0
1753592492102,05:01:32.102,okx,ACH/USDT:USDT,0.02307,941.0,0.02306,2227.0,0.02308,856.0,0.02309,2003.0
1753592494502,05:01:34.502,okx,ACH/USDT:USDT,0.02307,549.0,0.02306,2227.0,0.02308,1113.0,0.02309,1917.0
1753592494602,05:01:34.602,okx,ACH/USDT:USDT,0.02307,549.0,0.02306,2227.0,0.02308,1179.0,0.02309,1917.0
1753592494702,05:01:34.702,okx,ACH/USDT:USDT,0.02307,549.0,0.02306,2227.0,0.02308,1179.0,0.02309,1959.0
1753592494802,05:01:34.802,okx,ACH/USDT:USDT,0.02307,549.0,0.02306,2227.0,0.02308,1179.0,0.02309,1959.0
1753592495102,05:01:35.102,okx,ACH/USDT:USDT,0.02307,615.0,0.02306,2227.0,0.02308,1088.0,0.02309,1875.0
1753592496302,05:01:36.302,okx,ACH/USDT:USDT,0.02307,615.0,0.02306,2227.0,0.02308,790.0,0.02309,1792.0
1753592497502,05:01:37.502,okx,ACH/USDT:USDT,0.02307,615.0,0.02306,2227.0,0.02308,1039.0,0.02309,1623.0
1753592499102,05:01:39.102,okx,ACH/USDT:USDT,0.02307,1028.0,0.02306,2566.0,0.02308,487.0,0.02309,1017.0
1753592500702,05:01:40.702,okx,ACH/USDT:USDT,0.02307,1028.0,0.02306,2650.0,0.02308,487.0,0.02309,1017.0
1753592501002,05:01:41.002,okx,ACH/USDT:USDT,0.02307,1028.0,0.02306,2396.0,0.02308,487.0,0.02309,1017.0
1753592501102,05:01:41.102,okx,ACH/USDT:USDT,0.02307,1028.0,0.02306,2354.0,0.02308,487.0,0.02309,1017.0
1753592501302,05:01:41.302,okx,ACH/USDT:USDT,0.02307,1028.0,0.02306,2312.0,0.02308,487.0,0.02309,1217.0
1753592504202,05:01:44.202,okx,ACH/USDT:USDT,0.02307,1029.0,0.02306,2734.0,0.02308,487.0,0.02309,1217.0
1753592505402,05:01:45.402,okx,ACH/USDT:USDT,0.02308,1136.0,0.02307,2394.0,0.02309,181.0,0.0231,1283.0
1753592505502,05:01:45.502,okx,ACH/USDT:USDT,0.02308,1136.0,0.02307,2394.0,0.02309,181.0,0.0231,1283.0
1753592505602,05:01:45.602,okx,ACH/USDT:USDT,0.02308,1136.0,0.02307,2877.0,0.02309,44.0,0.0231,1022.0
1753592505802,05:01:45.802,okx,ACH/USDT:USDT,0.02308,1136.0,0.02307,3004.0,0.02309,38.0,0.0231,1022.0
1753592506102,05:01:46.102,okx,ACH/USDT:USDT,0.02308,1091.0,0.02307,3004.0,0.02309,40.0,0.0231,1022.0
1753592506702,05:01:46.702,okx,ACH/USDT:USDT,0.02308,1091.0,0.02307,2860.0,0.02309,66.0,0.0231,1022.0
1753592506902,05:01:46.902,okx,ACH/USDT:USDT,0.02308,1091.0,0.02307,2860.0,0.02309,66.0,0.0231,1022.0
1753592507002,05:01:47.002,okx,ACH/USDT:USDT,0.02308,1091.0,0.02307,2860.0,0.02309,66.0,0.0231,1022.0
1753592507102,05:01:47.102,okx,ACH/USDT:USDT,0.02308,1091.0,0.02307,2860.0,0.02309,66.0,0.0231,1022.0
1753592507302,05:01:47.302,okx,ACH/USDT:USDT,0.02308,1091.0,0.02307,2860.0,0.02309,66.0,0.0231,1222.0
1753592508002,05:01:48.002,okx,ACH/USDT:USDT,0.02308,1091.0,0.02307,2860.0,0.02309,74.0,0.0231,1222.0
1753592509202,05:01:49.202,okx,ACH/USDT:USDT,0.02309,191.0,0.02308,2263.0,0.0231,836.0,0.02311,2900.0
1753592509402,05:01:49.402,okx,ACH/USDT:USDT,0.02309,193.0,0.02308,2363.0,0.0231,672.0,0.02311,3446.0
1753592509502,05:01:49.502,okx,ACH/USDT:USDT,0.02309,165.0,0.02308,2363.0,0.0231,738.0,0.02311,3489.0
1753592509702,05:01:49.702,okx,ACH/USDT:USDT,0.02309,165.0,0.02308,2363.0,0.0231,738.0,0.02311,3809.0
1753592510302,05:01:50.302,okx,ACH/USDT:USDT,0.02308,864.0,0.02307,3035.0,0.02309,425.0,0.0231,1146.0
1753592511202,05:01:51.202,okx,ACH/USDT:USDT,0.02308,143.0,0.02307,2282.0,0.02309,789.0,0.0231,1652.0
1753592512602,05:01:52.602,okx,ACH/USDT:USDT,0.02308,145.0,0.02307,1899.0,0.02309,811.0,0.0231,2907.0
1753592512802,05:01:52.802,okx,ACH/USDT:USDT,0.02308,145.0,0.02307,1899.0,0.02309,811.0,0.0231,2864.0
1753592513202,05:01:53.202,okx,ACH/USDT:USDT,0.02308,145.0,0.02307,1899.0,0.02309,811.0,0.0231,2906.0
1753592513502,05:01:53.502,okx,ACH/USDT:USDT,0.02308,145.0,0.02307,1899.0,0.02309,803.0,0.0231,2906.0
1753592514402,05:01:54.402,okx,ACH/USDT:USDT,0.02308,225.0,0.02307,1894.0,0.02309,803.0,0.0231,3077.0
1753592514502,05:01:54.502,okx,ACH/USDT:USDT,0.02308,227.0,0.02307,1892.0,0.02309,803.0,0.0231,3077.0
1753592515202,05:01:55.202,okx,ACH/USDT:USDT,0.02308,202.0,0.02307,1892.0,0.02309,803.0,0.0231,3591.0
1753592515302,05:01:55.302,okx,ACH/USDT:USDT,0.02308,202.0,0.02307,1892.0,0.02309,803.0,0.0231,3720.0
1753592515402,05:01:55.402,okx,ACH/USDT:USDT,0.02308,202.0,0.02307,1892.0,0.02309,803.0,0.0231,3763.0
1753592515502,05:01:55.502,okx,ACH/USDT:USDT,0.02308,202.0,0.02307,1892.0,0.02309,803.0,0.0231,3805.0
1753592516002,05:01:56.002,okx,ACH/USDT:USDT,0.02307,531.0,0.02306,2834.0,0.02308,295.0,0.02309,1255.0
1753592516102,05:01:56.102,okx,ACH/USDT:USDT,0.02307,533.0,0.02306,2955.0,0.02308,363.0,0.02309,1255.0
1753592516202,05:01:56.202,okx,ACH/USDT:USDT,0.02307,533.0,0.02306,2701.0,0.02308,297.0,0.02309,1255.0
1753592516802,05:01:56.802,okx,ACH/USDT:USDT,0.02307,533.0,0.02306,2701.0,0.02308,297.0,0.02309,1277.0
1753592517602,05:01:57.602,okx,ACH/USDT:USDT,0.02307,533.0,0.02306,2955.0,0.02308,192.0,0.02309,1277.0
1753592518902,05:01:58.902,okx,ACH/USDT:USDT,0.02307,660.0,0.02306,2834.0,0.02308,192.0,0.02309,1277.0
1753592519002,05:01:59.002,okx,ACH/USDT:USDT,0.02307,660.0,0.02306,2834.0,0.02308,192.0,0.02309,1277.0
1753592519802,05:01:59.802,okx,ACH/USDT:USDT,0.02307,724.0,0.02306,2918.0,0.02308,192.0,0.02309,1455.0
1753592520102,05:02:00.102,okx,ACH/USDT:USDT,0.02307,724.0,0.02306,3004.0,0.02308,165.0,0.02309,1455.0
1753592521902,05:02:01.902,okx,ACH/USDT:USDT,0.02307,27.0,0.02306,2192.0,0.02308,660.0,0.02309,1261.0
1753592522002,05:02:02.002,okx,ACH/USDT:USDT,0.02307,27.0,0.02306,2192.0,0.02308,594.0,0.02309,1413.0
1753592522302,05:02:02.302,okx,ACH/USDT:USDT,0.02306,1047.0,0.02305,3483.0,0.02307,232.0,0.02308,1324.0
1753592523302,05:02:03.302,okx,ACH/USDT:USDT,0.02306,275.0,0.02305,3048.0,0.02307,525.0,0.02308,1324.0
1753592523402,05:02:03.402,okx,ACH/USDT:USDT,0.02306,275.0,0.02305,3048.0,0.02307,525.0,0.02308,1281.0
1753592524902,05:02:04.902,okx,ACH/USDT:USDT,0.02306,275.0,0.02305,2964.0,0.02307,525.0,0.02308,1281.0
1753592525802,05:02:05.802,okx,ACH/USDT:USDT,0.02306,752.0,0.02305,3218.0,0.02307,287.0,0.02308,1281.0
1753592525902,05:02:05.902,okx,ACH/USDT:USDT,0.02306,752.0,0.02305,3260.0,0.02307,186.0,0.02308,1281.0
1753592526302,05:02:06.302,okx,ACH/USDT:USDT,0.02306,752.0,0.02305,3428.0,0.02307,77.0,0.02308,1281.0
1753592526502,05:02:06.502,okx,ACH/USDT:USDT,0.02306,752.0,0.02305,3514.0,0.02307,27.0,0.02308,1103.0
1753592526702,05:02:06.702,okx,ACH/USDT:USDT,0.02306,752.0,0.02305,3514.0,0.02307,27.0,0.02308,1103.0
1753592527202,05:02:07.202,okx,ACH/USDT:USDT,0.02306,752.0,0.02305,3868.0,0.02307,1.0,0.02308,1154.0
1753592528202,05:02:08.202,okx,ACH/USDT:USDT,0.02306,727.0,0.02305,3681.0,0.02307,206.0,0.02308,1090.0
1753592528302,05:02:08.302,okx,ACH/USDT:USDT,0.02306,727.0,0.02305,3557.0,0.02307,206.0,0.02308,1090.0
1753592528402,05:02:08.402,okx,ACH/USDT:USDT,0.02306,661.0,0.02305,3471.0,0.02307,206.0,0.02308,1090.0
1753592528502,05:02:08.502,okx,ACH/USDT:USDT,0.02306,752.0,0.02305,3429.0,0.02307,206.0,0.02308,1090.0
1753592529402,05:02:09.402,okx,ACH/USDT:USDT,0.02306,752.0,0.02305,3048.0,0.02307,206.0,0.02308,1090.0
1753592531202,05:02:11.202,okx,ACH/USDT:USDT,0.02306,661.0,0.02305,3048.0,0.02307,206.0,0.02308,1090.0
1753592531502,05:02:11.502,okx,ACH/USDT:USDT,0.02306,149.0,0.02305,3048.0,0.02307,523.0,0.02308,1024.0
1753592531702,05:02:11.702,okx,ACH/USDT:USDT,0.02306,149.0,0.02305,2964.0,0.02307,457.0,0.02308,1024.0
1753592533102,05:02:13.102,okx,ACH/USDT:USDT,0.02306,149.0,0.02305,2737.0,0.02307,523.0,0.02308,1244.0
1753592533202,05:02:13.202,okx,ACH/USDT:USDT,0.02306,149.0,0.02305,2737.0,0.02307,523.0,0.02308,1370.0
1753592533302,05:02:13.302,okx,ACH/USDT:USDT,0.02306,149.0,0.02305,2737.0,0.02307,523.0,0.02308,1496.0
1753592533702,05:02:13.702,okx,ACH/USDT:USDT,0.02306,149.0,0.02305,2998.0,0.02307,457.0,0.02308,1581.0
1753592534002,05:02:14.002,okx,ACH/USDT:USDT,0.02306,149.0,0.02305,2998.0,0.02307,723.0,0.02308,1581.0
1753592534202,05:02:14.202,okx,ACH/USDT:USDT,0.02306,149.0,0.02305,2998.0,0.02307,723.0,0.02308,1623.0
1753592534602,05:02:14.602,okx,ACH/USDT:USDT,0.02306,37.0,0.02305,2737.0,0.02307,723.0,0.02308,2071.0
1753592535002,05:02:15.002,okx,ACH/USDT:USDT,0.02306,2.0,0.02305,2694.0,0.02307,723.0,0.02308,2522.0
1753592535402,05:02:15.402,okx,ACH/USDT:USDT,0.02306,683.0,0.02305,2955.0,0.02307,206.0,0.02308,2299.0
1753592535502,05:02:15.502,okx,ACH/USDT:USDT,0.02306,685.0,0.02305,2955.0,0.02307,206.0,0.02308,2172.0
1753592535702,05:02:15.702,okx,ACH/USDT:USDT,0.02306,685.0,0.02305,2955.0,0.02307,297.0,0.02308,2172.0
1753592535802,05:02:15.802,okx,ACH/USDT:USDT,0.02306,685.0,0.02305,2955.0,0.02307,297.0,0.02308,2172.0
1753592536202,05:02:16.202,okx,ACH/USDT:USDT,0.02306,685.0,0.02305,2955.0,0.02307,297.0,0.02308,1962.0
1753592536502,05:02:16.502,okx,ACH/USDT:USDT,0.02306,640.0,0.02305,2955.0,0.02307,401.0,0.02308,1202.0
1753592537202,05:02:17.202,okx,ACH/USDT:USDT,0.02306,640.0,0.02305,2955.0,0.02307,306.0,0.02308,1202.0
1753592537502,05:02:17.502,okx,ACH/USDT:USDT,0.02306,641.0,0.02305,2955.0,0.02307,306.0,0.02308,1202.0
1753592539902,05:02:19.902,okx,ACH/USDT:USDT,0.02306,771.0,0.02305,2923.0,0.02307,240.0,0.02308,1202.0
1753592540302,05:02:20.302,okx,ACH/USDT:USDT,0.02306,771.0,0.02305,2923.0,0.02307,305.0,0.02308,1202.0
1753592541502,05:02:21.502,okx,ACH/USDT:USDT,0.02306,771.0,0.02305,2966.0,0.02307,239.0,0.02308,1202.0
1753592541602,05:02:21.602,okx,ACH/USDT:USDT,0.02306,771.0,0.02305,2966.0,0.02307,239.0,0.02308,1202.0
1753592542402,05:02:22.402,okx,ACH/USDT:USDT,0.02306,798.0,0.02305,2966.0,0.02307,214.0,0.02308,1202.0
1753592544302,05:02:24.302,okx,ACH/USDT:USDT,0.02306,864.0,0.02305,3304.0,0.02307,99.0,0.02308,1202.0
1753592546802,05:02:26.802,okx,ACH/USDT:USDT,0.02306,643.0,0.02305,3146.0,0.02307,497.0,0.02308,1202.0
1753592548002,05:02:28.002,okx,ACH/USDT:USDT,0.02306,643.0,0.02305,3104.0,0.02307,406.0,0.02308,1202.0
1753592548202,05:02:28.202,okx,ACH/USDT:USDT,0.02306,643.0,0.02305,3104.0,0.02307,406.0,0.02308,1202.0
1753592548302,05:02:28.302,okx,ACH/USDT:USDT,0.02306,734.0,0.02305,3104.0,0.02307,406.0,0.02308,1202.0
1753592548402,05:02:28.402,okx,ACH/USDT:USDT,0.02306,668.0,0.02305,3104.0,0.02307,406.0,0.02308,1202.0
1753592549302,05:02:29.302,okx,ACH/USDT:USDT,0.02306,734.0,0.02305,3104.0,0.02307,406.0,0.02308,1202.0
1753592549502,05:02:29.502,okx,ACH/USDT:USDT,0.02306,854.0,0.02305,2966.0,0.02307,206.0,0.02308,1202.0
1753592551202,05:02:31.202,okx,ACH/USDT:USDT,0.02306,854.0,0.02305,2966.0,0.02307,206.0,0.02308,1202.0
1753592551602,05:02:31.602,okx,ACH/USDT:USDT,0.02306,854.0,0.02305,2966.0,0.02307,206.0,0.02308,1202.0
1753592553602,05:02:33.602,okx,ACH/USDT:USDT,0.02306,897.0,0.02305,3008.0,0.02307,98.0,0.02308,1202.0
1753592555702,05:02:35.702,okx,ACH/USDT:USDT,0.02306,737.0,0.02305,3050.0,0.02307,348.0,0.02308,1058.0
1753592555902,05:02:35.902,okx,ACH/USDT:USDT,0.02306,737.0,0.02305,2964.0,0.02307,348.0,0.02308,1058.0
1753592556002,05:02:36.002,okx,ACH/USDT:USDT,0.02306,737.0,0.02305,2964.0,0.02307,348.0,0.02308,1058.0
1753592556302,05:02:36.302,okx,ACH/USDT:USDT,0.02306,351.0,0.02305,2922.0,0.02307,489.0,0.02308,1058.0
1753592557102,05:02:37.102,okx,ACH/USDT:USDT,0.02306,231.0,0.02305,2922.0,0.02307,491.0,0.02308,1058.0
1753592557402,05:02:37.402,okx,ACH/USDT:USDT,0.02306,231.0,0.02305,3042.0,0.02307,491.0,0.02308,1100.0
1753592557502,05:02:37.502,okx,ACH/USDT:USDT,0.02306,140.0,0.02305,3042.0,0.02307,516.0,0.02308,1226.0
1753592557802,05:02:37.802,okx,ACH/USDT:USDT,0.02306,140.0,0.02305,3042.0,0.02307,516.0,0.02308,1394.0
1753592558602,05:02:38.602,okx,ACH/USDT:USDT,0.02306,31.0,0.02305,2689.0,0.02307,582.0,0.02308,1730.0
1753592558702,05:02:38.702,okx,ACH/USDT:USDT,0.02306,31.0,0.02305,2689.0,0.02307,782.0,0.02308,1815.0
1753592559302,05:02:39.302,okx,ACH/USDT:USDT,0.02306,4.0,0.02305,2689.0,0.02307,782.0,0.02308,2786.0
1753592559402,05:02:39.402,okx,ACH/USDT:USDT,0.02306,4.0,0.02305,2689.0,0.02307,782.0,0.02308,2894.0
1753592559902,05:02:39.902,okx,ACH/USDT:USDT,0.02306,5.0,0.02305,2689.0,0.02307,782.0,0.02308,3345.0
1753592560302,05:02:40.302,okx,ACH/USDT:USDT,0.02306,5.0,0.02305,2689.0,0.02307,785.0,0.02308,4095.0
1753592560402,05:02:40.402,okx,ACH/USDT:USDT,0.02306,5.0,0.02305,2689.0,0.02307,789.0,0.02308,4137.0
1753592560702,05:02:40.702,okx,ACH/USDT:USDT,0.02306,5.0,0.02305,2689.0,0.02307,789.0,0.02308,4222.0
1753592561002,05:02:41.002,okx,ACH/USDT:USDT,0.02306,9.0,0.02305,2689.0,0.02307,789.0,0.02308,4222.0
1753592561102,05:02:41.102,okx,ACH/USDT:USDT,0.02306,9.0,0.02305,2689.0,0.02307,789.0,0.02308,4179.0
1753592561702,05:02:41.702,okx,ACH/USDT:USDT,0.02306,9.0,0.02305,2689.0,0.02307,789.0,0.02308,4264.0
1753592562402,05:02:42.402,okx,ACH/USDT:USDT,0.02306,5.0,0.02305,2302.0,0.02307,789.0,0.02308,4435.0
1753592562602,05:02:42.602,okx,ACH/USDT:USDT,0.02306,5.0,0.02305,2302.0,0.02307,794.0,0.02308,4435.0
1753592562902,05:02:42.902,okx,ACH/USDT:USDT,0.02306,5.0,0.02305,2302.0,0.02307,794.0,0.02308,4478.0
1753592563202,05:02:43.202,okx,ACH/USDT:USDT,0.02306,5.0,0.02305,2182.0,0.02307,794.0,0.02308,4736.0
1753592563602,05:02:43.602,okx,ACH/USDT:USDT,0.02305,827.0,0.02304,4024.0,0.02306,198.0,0.02307,1446.0
1753592563702,05:02:43.702,okx,ACH/USDT:USDT,0.02305,761.0,0.02304,4024.0,0.02306,200.0,0.02307,1446.0
1753592564002,05:02:44.002,okx,ACH/USDT:USDT,0.02305,761.0,0.02304,4024.0,0.02306,200.0,0.02307,1663.0
1753592564302,05:02:44.302,okx,ACH/USDT:USDT,0.02305,761.0,0.02304,4024.0,0.02306,200.0,0.02307,1660.0
1753592564402,05:02:44.402,okx,ACH/USDT:USDT,0.02305,761.0,0.02304,4024.0,0.02306,200.0,0.02307,1660.0
1753592564502,05:02:44.502,okx,ACH/USDT:USDT,0.02305,761.0,0.02304,4024.0,0.02306,200.0,0.02307,1660.0
1753592567002,05:02:47.002,okx,ACH/USDT:USDT,0.02305,949.0,0.02304,3977.0,0.02306,222.0,0.02307,1648.0
1753592567102,05:02:47.102,okx,ACH/USDT:USDT,0.02305,949.0,0.02304,3977.0,0.02306,222.0,0.02307,1648.0
1753592567502,05:02:47.502,okx,ACH/USDT:USDT,0.02305,949.0,0.02304,3808.0,0.02306,222.0,0.02307,1648.0
1753592568602,05:02:48.602,okx,ACH/USDT:USDT,0.02305,761.0,0.02304,3808.0,0.02306,222.0,0.02307,1826.0
1753592569602,05:02:49.602,okx,ACH/USDT:USDT,0.02305,761.0,0.02304,3948.0,0.02306,222.0,0.02307,1826.0
1753592570402,05:02:50.402,okx,ACH/USDT:USDT,0.02305,932.0,0.02304,3808.0,0.02306,222.0,0.02307,1826.0
1753592570502,05:02:50.502,okx,ACH/USDT:USDT,0.02305,932.0,0.02304,4019.0,0.02306,222.0,0.02307,1826.0
1753592572502,05:02:52.502,okx,ACH/USDT:USDT,0.02305,907.0,0.02304,4062.0,0.02306,222.0,0.02307,1826.0
1753592572802,05:02:52.802,okx,ACH/USDT:USDT,0.02305,907.0,0.02304,3808.0,0.02306,222.0,0.02307,1826.0
1753592573002,05:02:53.002,okx,ACH/USDT:USDT,0.02305,147.0,0.02304,3943.0,0.02306,541.0,0.02307,1826.0
1753592573202,05:02:53.202,okx,ACH/USDT:USDT,0.02305,147.0,0.02304,3943.0,0.02306,541.0,0.02307,1952.0
1753592573302,05:02:53.302,okx,ACH/USDT:USDT,0.02305,36.0,0.02304,3943.0,0.02306,541.0,0.02307,2539.0
1753592573902,05:02:53.902,okx,ACH/USDT:USDT,0.02305,7.0,0.02304,4396.0,0.02306,541.0,0.02307,2707.0
1753592574102,05:02:54.102,okx,ACH/USDT:USDT,0.02305,24.0,0.02304,4396.0,0.02306,541.0,0.02307,2707.0
1753592574302,05:02:54.302,okx,ACH/USDT:USDT,0.02305,26.0,0.02304,4396.0,0.02306,541.0,0.02307,2918.0
1753592574502,05:02:54.502,okx,ACH/USDT:USDT,0.02305,26.0,0.02304,4396.0,0.02306,519.0,0.02307,2918.0
1753592575202,05:02:55.202,okx,ACH/USDT:USDT,0.02305,26.0,0.02304,4396.0,0.02306,553.0,0.02307,3042.0
1753592575902,05:02:55.902,okx,ACH/USDT:USDT,0.02305,1.0,0.02304,4002.0,0.02306,771.0,0.02307,3829.0
1753592576002,05:02:56.002,okx,ACH/USDT:USDT,0.02305,1.0,0.02304,4002.0,0.02306,771.0,0.02307,3914.0
1753592576202,05:02:56.202,okx,ACH/USDT:USDT,0.02305,26.0,0.02304,4002.0,0.02306,555.0,0.02307,3956.0
1753592576302,05:02:56.302,okx,ACH/USDT:USDT,0.02305,26.0,0.02304,4002.0,0.02306,555.0,0.02307,3956.0
1753592576602,05:02:56.602,okx,ACH/USDT:USDT,0.02305,26.0,0.02304,4002.0,0.02306,555.0,0.02307,4041.0
1753592576702,05:02:56.702,okx,ACH/USDT:USDT,0.02305,26.0,0.02304,4002.0,0.02306,555.0,0.02307,4041.0
1753592577002,05:02:57.002,okx,ACH/USDT:USDT,0.02305,1.0,0.02304,4002.0,0.02306,771.0,0.02307,4548.0
1753592577202,05:02:57.202,okx,ACH/USDT:USDT,0.02305,1.0,0.02304,3480.0,0.02306,1168.0,0.02307,4633.0
1753592577402,05:02:57.402,okx,ACH/USDT:USDT,0.02305,1.0,0.02304,3480.0,0.02306,1175.0,0.02307,4702.0
1753592577602,05:02:57.602,okx,ACH/USDT:USDT,0.02305,1.0,0.02304,3480.0,0.02306,1505.0,0.02307,4730.0
1753592578202,05:02:58.202,okx,ACH/USDT:USDT,0.02305,2.0,0.02304,3480.0,0.02306,1505.0,0.02307,4773.0
1753592578902,05:02:58.902,okx,ACH/USDT:USDT,0.02305,1.0,0.02304,3480.0,0.02306,1375.0,0.02307,4816.0
1753592579302,05:02:59.302,okx,ACH/USDT:USDT,0.02305,1.0,0.02304,3480.0,0.02306,1375.0,0.02307,4875.0
1753592579502,05:02:59.502,okx,ACH/USDT:USDT,0.02305,1.0,0.02304,3480.0,0.02306,1375.0,0.02307,4875.0
1753592579802,05:02:59.802,okx,ACH/USDT:USDT,0.02305,1.0,0.02304,3480.0,0.02306,1375.0,0.02307,4918.0
1753592580002,05:03:00.002,okx,ACH/USDT:USDT,0.02305,1.0,0.02304,3480.0,0.02306,1375.0,0.02307,4918.0
1753592580402,05:03:00.402,okx,ACH/USDT:USDT,0.02305,1.0,0.02304,3480.0,0.02306,1761.0,0.02307,4918.0
1753592581102,05:03:01.102,okx,ACH/USDT:USDT,0.02305,28.0,0.02304,3480.0,0.02306,1761.0,0.02307,4919.0
1753592581502,05:03:01.502,okx,ACH/USDT:USDT,0.02304,3209.0,0.02303,4206.0,0.02306,881.0,0.02307,4532.0
1753592581602,05:03:01.602,okx,ACH/USDT:USDT,0.02304,3437.0,0.02303,4206.0,0.02306,881.0,0.02307,4807.0
1753592581702,05:03:01.702,okx,ACH/USDT:USDT,0.02305,1.0,0.02304,3207.0,0.02306,905.0,0.02307,5036.0
1753592581802,05:03:01.802,okx,ACH/USDT:USDT,0.02305,1.0,0.02304,3551.0,0.02306,906.0,0.02307,5120.0
1753592581902,05:03:01.902,okx,ACH/USDT:USDT,0.02305,1.0,0.02304,3232.0,0.02306,905.0,0.02307,5120.0
1753592582002,05:03:02.002,okx,ACH/USDT:USDT,0.02305,1.0,0.02304,3576.0,0.02306,881.0,0.02307,5120.0
1753592582102,05:03:02.102,okx,ACH/USDT:USDT,0.02305,2.0,0.02304,3576.0,0.02306,881.0,0.02307,5120.0
1753592582502,05:03:02.502,okx,ACH/USDT:USDT,0.02304,3462.0,0.02303,4206.0,0.02306,906.0,0.02307,4360.0
1753592583102,05:03:03.102,okx,ACH/USDT:USDT,0.02304,2457.0,0.02303,4857.0,0.02305,135.0,0.02306,1191.0
1753592583202,05:03:03.202,okx,ACH/USDT:USDT,0.02304,2457.0,0.02303,4857.0,0.02305,135.0,0.02306,1191.0
1753592583302,05:03:03.302,okx,ACH/USDT:USDT,0.02304,2457.0,0.02303,4714.0,0.02305,135.0,0.02306,1191.0
1753592583602,05:03:03.602,okx,ACH/USDT:USDT,0.02304,2457.0,0.02303,4756.0,0.02305,135.0,0.02306,1391.0
1753592584802,05:03:04.802,okx,ACH/USDT:USDT,0.02304,2523.0,0.02303,4756.0,0.02305,135.0,0.02306,1391.0
1753592584902,05:03:04.902,okx,ACH/USDT:USDT,0.02304,2457.0,0.02303,4756.0,0.02305,135.0,0.02306,1391.0
1753592585002,05:03:05.002,okx,ACH/USDT:USDT,0.02304,2457.0,0.02303,4756.0,0.02305,135.0,0.02306,1391.0
1753592585102,05:03:05.102,okx,ACH/USDT:USDT,0.02304,2457.0,0.02303,4756.0,0.02305,135.0,0.02306,1391.0
1753592585802,05:03:05.802,okx,ACH/USDT:USDT,0.02304,2457.0,0.02303,4714.0,0.02305,135.0,0.02306,1391.0
1753592586302,05:03:06.302,okx,ACH/USDT:USDT,0.02304,2457.0,0.02303,4544.0,0.02305,135.0,0.02306,1391.0
1753592586702,05:03:06.702,okx,ACH/USDT:USDT,0.02304,1832.0,0.02303,4290.0,0.02305,670.0,0.02306,1275.0
1753592587002,05:03:07.002,okx,ACH/USDT:USDT,0.02303,445.0,0.02302,5146.0,0.02304,270.0,0.02305,1316.0
1753592587302,05:03:07.302,okx,ACH/USDT:USDT,0.02303,1163.0,0.02302,4892.0,0.02304,193.0,0.02305,1316.0
1753592587402,05:03:07.402,okx,ACH/USDT:USDT,0.02303,1163.0,0.02302,4585.0,0.02304,193.0,0.02305,1494.0
1753592587502,05:03:07.502,okx,ACH/USDT:USDT,0.02303,1163.0,0.02302,4585.0,0.02304,193.0,0.02305,1494.0
1753592587602,05:03:07.602,okx,ACH/USDT:USDT,0.02303,1163.0,0.02302,4585.0,0.02304,193.0,0.02305,1494.0
1753592588002,05:03:08.002,okx,ACH/USDT:USDT,0.02303,1163.0,0.02302,4585.0,0.02304,193.0,0.02305,1494.0
1753592588102,05:03:08.102,okx,ACH/USDT:USDT,0.02303,1097.0,0.02302,4585.0,0.02304,193.0,0.02305,1494.0
1753592588402,05:03:08.402,okx,ACH/USDT:USDT,0.02303,1097.0,0.02302,4331.0,0.02304,193.0,0.02305,1494.0
1753592588602,05:03:08.602,okx,ACH/USDT:USDT,0.02303,1151.0,0.02302,4331.0,0.02304,194.0,0.02305,1494.0
1753592588702,05:03:08.702,okx,ACH/USDT:USDT,0.02303,1217.0,0.02302,4331.0,0.02304,193.0,0.02305,1494.0
1753592588802,05:03:08.802,okx,ACH/USDT:USDT,0.02303,1151.0,0.02302,4331.0,0.02304,194.0,0.02305,1494.0
1753592588902,05:03:08.902,okx,ACH/USDT:USDT,0.02303,1151.0,0.02302,4331.0,0.02304,194.0,0.02305,1494.0
1753592589002,05:03:09.002,okx,ACH/USDT:USDT,0.02303,1217.0,0.02302,4331.0,0.02304,193.0,0.02305,1494.0
1753592589902,05:03:09.902,okx,ACH/USDT:USDT,0.02303,29.0,0.02302,4638.0,0.02304,888.0,0.02305,1953.0
1753592591202,05:03:11.202,okx,ACH/USDT:USDT,0.02303,27.0,0.02302,4286.0,0.02304,1041.0,0.02305,2625.0
1753592591302,05:03:11.302,okx,ACH/USDT:USDT,0.02303,27.0,0.02302,4286.0,0.02304,1041.0,0.02305,2709.0
1753592592302,05:03:12.302,okx,ACH/USDT:USDT,0.02303,28.0,0.02302,4286.0,0.02304,1041.0,0.02305,2709.0
1753592592902,05:03:12.902,okx,ACH/USDT:USDT,0.02303,28.0,0.02302,3269.0,0.02304,1041.0,0.02305,2624.0
1753592593002,05:03:13.002,okx,ACH/USDT:USDT,0.02303,28.0,0.02302,3269.0,0.02304,1041.0,0.02305,2663.0
1753592593702,05:03:13.702,okx,ACH/USDT:USDT,0.02303,28.0,0.02302,2796.0,0.02304,1041.0,0.02305,2832.0
1753592593802,05:03:13.802,okx,ACH/USDT:USDT,0.02303,28.0,0.02302,2796.0,0.02304,1041.0,0.02305,2874.0
1753592594102,05:03:14.102,okx,ACH/USDT:USDT,0.02303,322.0,0.02302,2796.0,0.02304,733.0,0.02305,2505.0
1753592594302,05:03:14.302,okx,ACH/USDT:USDT,0.02303,322.0,0.02302,2796.0,0.02304,733.0,0.02305,2463.0
1753592594402,05:03:14.402,okx,ACH/USDT:USDT,0.02303,322.0,0.02302,2796.0,0.02304,733.0,0.02305,2337.0
1753592594502,05:03:14.502,okx,ACH/USDT:USDT,0.02303,322.0,0.02302,2796.0,0.02304,733.0,0.02305,2295.0
1753592595002,05:03:15.002,okx,ACH/USDT:USDT,0.02303,432.0,0.02302,2670.0,0.02304,799.0,0.02305,2127.0
1753592595302,05:03:15.302,okx,ACH/USDT:USDT,0.02303,432.0,0.02302,2670.0,0.02304,733.0,0.02305,2169.0
1753592595902,05:03:15.902,okx,ACH/USDT:USDT,0.02303,28.0,0.02302,2807.0,0.02304,824.0,0.02305,2169.0
1753592596102,05:03:16.102,okx,ACH/USDT:USDT,0.02303,28.0,0.02302,2807.0,0.02304,824.0,0.02305,2211.0
1753592596202,05:03:16.202,okx,ACH/USDT:USDT,0.02303,28.0,0.02302,2807.0,0.02304,824.0,0.02305,2295.0
1753592596302,05:03:16.302,okx,ACH/USDT:USDT,0.02303,135.0,0.02302,2807.0,0.02304,824.0,0.02305,2586.0
1753592596402,05:03:16.402,okx,ACH/USDT:USDT,0.02303,135.0,0.02302,2807.0,0.02304,733.0,0.02305,2586.0
1753592597102,05:03:17.102,okx,ACH/USDT:USDT,0.02303,28.0,0.02302,2807.0,0.02304,824.0,0.02305,2586.0
1753592598202,05:03:18.202,okx,ACH/USDT:USDT,0.02303,28.0,0.02302,2807.0,0.02304,826.0,0.02305,2629.0
1753592598702,05:03:18.702,okx,ACH/USDT:USDT,0.02303,28.0,0.02302,2807.0,0.02304,827.0,0.02305,3205.0
1753592599202,05:03:19.202,okx,ACH/USDT:USDT,0.02303,28.0,0.02302,2807.0,0.02304,827.0,0.02305,3593.0
1753592599302,05:03:19.302,okx,ACH/USDT:USDT,0.02303,28.0,0.02302,2807.0,0.02304,827.0,0.02305,3509.0
1753592599402,05:03:19.402,okx,ACH/USDT:USDT,0.02303,28.0,0.02302,2807.0,0.02304,827.0,0.02305,3594.0
1753592601502,05:03:21.502,okx,ACH/USDT:USDT,0.02303,28.0,0.02302,4039.0,0.02304,1006.0,0.02305,3545.0
1753592602302,05:03:22.302,okx,ACH/USDT:USDT,0.02303,810.0,0.02302,4045.0,0.02304,470.0,0.02305,2780.0
1753592603202,05:03:23.202,okx,ACH/USDT:USDT,0.02303,810.0,0.02302,4045.0,0.02304,362.0,0.02305,1954.0
1753592604402,05:03:24.402,okx,ACH/USDT:USDT,0.02303,1053.0,0.02302,4681.0,0.02304,12.0,0.02305,1376.0
1753592604802,05:03:24.802,okx,ACH/USDT:USDT,0.02303,944.0,0.02302,4681.0,0.02304,12.0,0.02305,1376.0
1753592605102,05:03:25.102,okx,ACH/USDT:USDT,0.02303,944.0,0.02302,4595.0,0.02304,142.0,0.02305,1376.0
1753592605202,05:03:25.202,okx,ACH/USDT:USDT,0.02303,919.0,0.02302,4213.0,0.02304,210.0,0.02305,1376.0
1753592605302,05:03:25.302,okx,ACH/USDT:USDT,0.02303,944.0,0.02302,4213.0,0.02304,144.0,0.02305,1376.0
1753592605402,05:03:25.402,okx,ACH/USDT:USDT,0.02303,944.0,0.02302,4256.0,0.02304,144.0,0.02305,1376.0
1753592605502,05:03:25.502,okx,ACH/USDT:USDT,0.02303,744.0,0.02302,4256.0,0.02304,144.0,0.02305,1376.0
1753592605602,05:03:25.602,okx,ACH/USDT:USDT,0.02303,744.0,0.02302,4256.0,0.02304,144.0,0.02305,1376.0
1753592605702,05:03:25.702,okx,ACH/USDT:USDT,0.02303,744.0,0.02302,4214.0,0.02304,144.0,0.02305,1376.0
1753592605802,05:03:25.802,okx,ACH/USDT:USDT,0.02303,744.0,0.02302,4214.0,0.02304,144.0,0.02305,1376.0
1753592606202,05:03:26.202,okx,ACH/USDT:USDT,0.02303,398.0,0.02302,4171.0,0.02304,672.0,0.02305,1520.0
1753592606802,05:03:26.802,okx,ACH/USDT:USDT,0.02303,398.0,0.02302,4002.0,0.02304,647.0,0.02305,1520.0
1753592607002,05:03:27.002,okx,ACH/USDT:USDT,0.02303,136.0,0.02302,4002.0,0.02304,672.0,0.02305,1520.0
1753592607402,05:03:27.402,okx,ACH/USDT:USDT,0.02303,28.0,0.02302,3641.0,0.02304,672.0,0.02305,2117.0
1753592608102,05:03:28.102,okx,ACH/USDT:USDT,0.02303,28.0,0.02302,3641.0,0.02304,872.0,0.02305,2327.0
1753592608302,05:03:28.302,okx,ACH/USDT:USDT,0.02303,28.0,0.02302,3641.0,0.02304,872.0,0.02305,2495.0
1753592608502,05:03:28.502,okx,ACH/USDT:USDT,0.02303,28.0,0.02302,3641.0,0.02304,872.0,0.02305,2495.0
1753592608602,05:03:28.602,okx,ACH/USDT:USDT,0.02303,28.0,0.02302,3641.0,0.02304,872.0,0.02305,2495.0
1753592609302,05:03:29.302,okx,ACH/USDT:USDT,0.02303,28.0,0.02302,3641.0,0.02304,872.0,0.02305,2791.0
1753592610302,05:03:30.302,okx,ACH/USDT:USDT,0.02303,28.0,0.02302,3641.0,0.02304,872.0,0.02305,3042.0
1753592611102,05:03:31.102,okx,ACH/USDT:USDT,0.02303,28.0,0.02302,3641.0,0.02304,894.0,0.02305,3169.0
1753592611302,05:03:31.302,okx,ACH/USDT:USDT,0.02303,28.0,0.02302,3641.0,0.02304,894.0,0.02305,3382.0
1753592613402,05:03:33.402,okx,ACH/USDT:USDT,0.02303,28.0,0.02302,3641.0,0.02304,952.0,0.02305,3473.0
1753592614402,05:03:34.402,okx,ACH/USDT:USDT,0.02303,121.0,0.02302,3641.0,0.02304,952.0,0.02305,3218.0
1753592614602,05:03:34.602,okx,ACH/USDT:USDT,0.02303,121.0,0.02302,3641.0,0.02304,952.0,0.02305,3090.0
1753592615102,05:03:35.102,okx,ACH/USDT:USDT,0.02303,121.0,0.02302,3641.0,0.02304,952.0,0.02305,3005.0
1753592615302,05:03:35.302,okx,ACH/USDT:USDT,0.02303,121.0,0.02302,3641.0,0.02304,952.0,0.02305,2881.0
1753592615402,05:03:35.402,okx,ACH/USDT:USDT,0.02303,121.0,0.02302,3641.0,0.02304,952.0,0.02305,2790.0
1753592616002,05:03:36.002,okx,ACH/USDT:USDT,0.02303,123.0,0.02302,3641.0,0.02304,927.0,0.02305,2790.0
1753592616802,05:03:36.802,okx,ACH/USDT:USDT,0.02303,28.0,0.02302,3641.0,0.02304,952.0,0.02305,2790.0
1753592616902,05:03:36.902,okx,ACH/USDT:USDT,0.02303,117.0,0.02302,3641.0,0.02304,952.0,0.02305,2790.0
1753592619002,05:03:39.002,okx,ACH/USDT:USDT,0.02303,28.0,0.02302,2671.0,0.02304,951.0,0.02305,2790.0
1753592619202,05:03:39.202,okx,ACH/USDT:USDT,0.02303,28.0,0.02302,2671.0,0.02304,951.0,0.02305,2790.0
1753592620402,05:03:40.402,okx,ACH/USDT:USDT,0.02303,28.0,0.02302,2671.0,0.02304,952.0,0.02305,2960.0
1753592620702,05:03:40.702,okx,ACH/USDT:USDT,0.02303,28.0,0.02302,2671.0,0.02304,952.0,0.02305,3088.0
1753592621302,05:03:41.302,okx,ACH/USDT:USDT,0.02303,117.0,0.02302,2671.0,0.02304,952.0,0.02305,3220.0
1753592621402,05:03:41.402,okx,ACH/USDT:USDT,0.02303,28.0,0.02302,2671.0,0.02304,952.0,0.02305,3220.0
1753592621502,05:03:41.502,okx,ACH/USDT:USDT,0.02303,140.0,0.02302,2671.0,0.02304,952.0,0.02305,3177.0
1753592621602,05:03:41.602,okx,ACH/USDT:USDT,0.02303,142.0,0.02302,2671.0,0.02304,952.0,0.02305,3127.0
1753592622302,05:03:42.302,okx,ACH/USDT:USDT,0.02303,127.0,0.02302,2671.0,0.02304,861.0,0.02305,2914.0
1753592623102,05:03:43.102,okx,ACH/USDT:USDT,0.02303,235.0,0.02302,2671.0,0.02304,861.0,0.02305,2833.0
1753592623302,05:03:43.302,okx,ACH/USDT:USDT,0.02303,235.0,0.02302,2671.0,0.02304,861.0,0.02305,2706.0
1753592623502,05:03:43.502,okx,ACH/USDT:USDT,0.02303,235.0,0.02302,2671.0,0.02304,861.0,0.02305,2579.0
1753592624502,05:03:44.502,okx,ACH/USDT:USDT,0.02303,139.0,0.02302,2671.0,0.02304,942.0,0.02305,2537.0
1753592624802,05:03:44.802,okx,ACH/USDT:USDT,0.02303,139.0,0.02302,2671.0,0.02304,942.0,0.02305,2537.0
1753592625002,05:03:45.002,okx,ACH/USDT:USDT,0.02303,139.0,0.02302,2671.0,0.02304,942.0,0.02305,2537.0
1753592625102,05:03:45.102,okx,ACH/USDT:USDT,0.02303,139.0,0.02302,2671.0,0.02304,967.0,0.02305,2537.0
1753592626702,05:03:46.702,okx,ACH/USDT:USDT,0.02303,869.0,0.02302,2754.0,0.02304,356.0,0.02305,2245.0
1753592626802,05:03:46.802,okx,ACH/USDT:USDT,0.02303,1012.0,0.02302,2670.0,0.02304,358.0,0.02305,2254.0
1753592627202,05:03:47.202,okx,ACH/USDT:USDT,0.02303,1012.0,0.02302,2755.0,0.02304,228.0,0.02305,2056.0
1753592627602,05:03:47.602,okx,ACH/USDT:USDT,0.02303,987.0,0.02302,2671.0,0.02304,286.0,0.02305,1980.0
1753592627802,05:03:47.802,okx,ACH/USDT:USDT,0.02303,1012.0,0.02302,2671.0,0.02304,338.0,0.02305,1929.0
1753592628302,05:03:48.302,okx,ACH/USDT:USDT,0.02303,1012.0,0.02302,2671.0,0.02304,178.0,0.02305,1929.0
1753592628502,05:03:48.502,okx,ACH/USDT:USDT,0.02303,1012.0,0.02302,2671.0,0.02304,178.0,0.02305,1929.0
1753592628802,05:03:48.802,okx,ACH/USDT:USDT,0.02303,1012.0,0.02302,2671.0,0.02304,178.0,0.02305,1929.0
1753592629102,05:03:49.102,okx,ACH/USDT:USDT,0.02303,1012.0,0.02302,2671.0,0.02304,286.0,0.02305,1988.0
1753592629302,05:03:49.302,okx,ACH/USDT:USDT,0.02303,987.0,0.02302,2671.0,0.02304,286.0,0.02305,1988.0
1753592629902,05:03:49.902,okx,ACH/USDT:USDT,0.02303,987.0,0.02302,2671.0,0.02304,178.0,0.02305,1788.0
1753592631102,05:03:51.102,okx,ACH/USDT:USDT,0.02303,1602.0,0.02302,3221.0,0.02304,154.0,0.02305,1140.0
1753592631602,05:03:51.602,okx,ACH/USDT:USDT,0.02303,1602.0,0.02302,3330.0,0.02304,154.0,0.02305,1140.0
1753592631802,05:03:51.802,okx,ACH/USDT:USDT,0.02303,1602.0,0.02302,3416.0,0.02304,154.0,0.02305,1140.0
1753592634102,05:03:54.102,okx,ACH/USDT:USDT,0.02303,1212.0,0.02302,5438.0,0.02304,162.0,0.02305,1318.0
1753592634202,05:03:54.202,okx,ACH/USDT:USDT,0.02303,1212.0,0.02302,5480.0,0.02304,162.0,0.02305,1318.0
1753592634602,05:03:54.602,okx,ACH/USDT:USDT,0.02303,1214.0,0.02302,5962.0,0.02304,10.0,0.02305,1138.0
1753592638002,05:03:58.002,okx,ACH/USDT:USDT,0.02303,1214.0,0.02302,6048.0,0.02304,10.0,0.02305,1138.0
1753592638102,05:03:58.102,okx,ACH/USDT:USDT,0.02303,1214.0,0.02302,6048.0,0.02304,10.0,0.02305,1138.0
1753592638202,05:03:58.202,okx,ACH/USDT:USDT,0.02303,1214.0,0.02302,6005.0,0.02304,10.0,0.02305,1138.0
1753592638502,05:03:58.502,okx,ACH/USDT:USDT,0.02303,1189.0,0.02302,5565.0,0.02304,37.0,0.02305,1399.0
1753592638602,05:03:58.602,okx,ACH/USDT:USDT,0.02303,1189.0,0.02302,5438.0,0.02304,37.0,0.02305,1399.0
1753592639102,05:03:59.102,okx,ACH/USDT:USDT,0.02303,1214.0,0.02302,5438.0,0.02304,37.0,0.02305,1399.0
1753592639202,05:03:59.202,okx,ACH/USDT:USDT,0.02303,1214.0,0.02302,5438.0,0.02304,37.0,0.02305,1399.0
1753592639302,05:03:59.302,okx,ACH/USDT:USDT,0.02303,1214.0,0.02302,5352.0,0.02304,37.0,0.02305,1399.0
1753592639402,05:03:59.402,okx,ACH/USDT:USDT,0.02303,1214.0,0.02302,5352.0,0.02304,12.0,0.02305,1138.0
1753592639502,05:03:59.502,okx,ACH/USDT:USDT,0.02303,1214.0,0.02302,5624.0,0.02304,12.0,0.02305,1138.0
1753592640002,05:04:00.002,okx,ACH/USDT:USDT,0.02303,1214.0,0.02302,5624.0,0.02304,12.0,0.02305,1138.0
1753592640302,05:04:00.302,okx,ACH/USDT:USDT,0.02303,1214.0,0.02302,5710.0,0.02304,12.0,0.02305,1138.0
1753592640402,05:04:00.402,okx,ACH/USDT:USDT,0.02303,1214.0,0.02302,5856.0,0.02304,12.0,0.02305,1138.0
1753592640902,05:04:00.902,okx,ACH/USDT:USDT,0.02303,1217.0,0.02302,6113.0,0.02304,12.0,0.02305,1138.0
1753592641202,05:04:01.202,okx,ACH/USDT:USDT,0.02303,1217.0,0.02302,6113.0,0.02304,12.0,0.02305,1138.0
1753592641302,05:04:01.302,okx,ACH/USDT:USDT,0.02303,1217.0,0.02302,6282.0,0.02304,12.0,0.02305,1138.0
1753592641602,05:04:01.602,okx,ACH/USDT:USDT,0.02303,1217.0,0.02302,6325.0,0.02304,12.0,0.02305,1138.0
1753592643202,05:04:03.202,okx,ACH/USDT:USDT,0.02303,1217.0,0.02302,6495.0,0.02304,12.0,0.02305,1138.0
1753592643402,05:04:03.402,okx,ACH/USDT:USDT,0.02303,1217.0,0.02302,6495.0,0.02304,12.0,0.02305,1138.0
1753592643902,05:04:03.902,okx,ACH/USDT:USDT,0.02303,1217.0,0.02302,6495.0,0.02304,12.0,0.02305,1138.0
1753592644102,05:04:04.102,okx,ACH/USDT:USDT,0.02303,1217.0,0.02302,6495.0,0.02304,12.0,0.02305,1138.0
1753592644402,05:04:04.402,okx,ACH/USDT:USDT,0.02303,1217.0,0.02302,6536.0,0.02304,12.0,0.02305,1138.0
1753592645102,05:04:05.102,okx,ACH/USDT:USDT,0.02303,1307.0,0.02302,6536.0,0.02304,12.0,0.02305,1138.0
1753592646202,05:04:06.202,okx,ACH/USDT:USDT,0.02303,1307.0,0.02302,6577.0,0.02304,19.0,0.02305,1138.0
1753592646302,05:04:06.302,okx,ACH/USDT:USDT,0.02303,1307.0,0.02302,6577.0,0.02304,19.0,0.02305,1138.0
1753592647102,05:04:07.102,okx,ACH/USDT:USDT,0.02303,1307.0,0.02302,6577.0,0.02304,19.0,0.02305,1138.0
1753592648002,05:04:08.002,okx,ACH/USDT:USDT,0.02303,1307.0,0.02302,6577.0,0.02304,19.0,0.02305,1138.0
1753592649902,05:04:09.902,okx,ACH/USDT:USDT,0.02304,1004.0,0.02303,4968.0,0.02305,137.0,0.02306,1106.0
1753592650002,05:04:10.002,okx,ACH/USDT:USDT,0.02305,289.0,0.02304,3861.0,0.02306,761.0,0.02307,1861.0
1753592650402,05:04:10.402,okx,ACH/USDT:USDT,0.02305,341.0,0.02304,2675.0,0.02306,614.0,0.02307,1933.0
1753592650602,05:04:10.602,okx,ACH/USDT:USDT,0.02305,341.0,0.02304,2675.0,0.02306,614.0,0.02307,1975.0
1753592650702,05:04:10.702,okx,ACH/USDT:USDT,0.02305,373.0,0.02304,2675.0,0.02306,614.0,0.02307,1975.0
1753592651102,05:04:11.102,okx,ACH/USDT:USDT,0.02305,391.0,0.02304,2675.0,0.02306,611.0,0.02307,1932.0
1753592651302,05:04:11.302,okx,ACH/USDT:USDT,0.02305,391.0,0.02304,2675.0,0.02306,611.0,0.02307,1890.0
1753592651402,05:04:11.402,okx,ACH/USDT:USDT,0.02305,391.0,0.02304,2675.0,0.02306,611.0,0.02307,1890.0
1753592651502,05:04:11.502,okx,ACH/USDT:USDT,0.02305,399.0,0.02304,2675.0,0.02306,611.0,0.02307,1890.0
1753592652402,05:04:12.402,okx,ACH/USDT:USDT,0.02305,399.0,0.02304,2675.0,0.02306,611.0,0.02307,1890.0
1753592653602,05:04:13.602,okx,ACH/USDT:USDT,0.02305,894.0,0.02304,2675.0,0.02306,224.0,0.02307,1513.0
1753592653702,05:04:13.702,okx,ACH/USDT:USDT,0.02305,894.0,0.02304,2675.0,0.02306,224.0,0.02307,1513.0
1753592653802,05:04:13.802,okx,ACH/USDT:USDT,0.02305,894.0,0.02304,2675.0,0.02306,224.0,0.02307,1513.0
1753592655302,05:04:15.302,okx,ACH/USDT:USDT,0.02305,1003.0,0.02304,2697.0,0.02306,165.0,0.02307,1513.0
1753592655502,05:04:15.502,okx,ACH/USDT:USDT,0.02305,1003.0,0.02304,2697.0,0.02306,165.0,0.02307,1513.0
1753592655602,05:04:15.602,okx,ACH/USDT:USDT,0.02305,1003.0,0.02304,2697.0,0.02306,165.0,0.02307,1513.0
1753592655702,05:04:15.702,okx,ACH/USDT:USDT,0.02305,937.0,0.02304,2697.0,0.02306,165.0,0.02307,1568.0
1753592656502,05:04:16.502,okx,ACH/USDT:USDT,0.02305,1028.0,0.02304,2504.0,0.02306,57.0,0.02307,1307.0
1753592656602,05:04:16.602,okx,ACH/USDT:USDT,0.02305,1028.0,0.02304,2546.0,0.02306,53.0,0.02307,1307.0
1753592656702,05:04:16.702,okx,ACH/USDT:USDT,0.02305,1028.0,0.02304,2546.0,0.02306,53.0,0.02307,1307.0
1753592657402,05:04:17.402,okx,ACH/USDT:USDT,0.02305,1029.0,0.02304,2546.0,0.02306,164.0,0.02307,1307.0
1753592659502,05:04:19.502,okx,ACH/USDT:USDT,0.02305,1029.0,0.02304,2504.0,0.02306,164.0,0.02307,1507.0
1753592660602,05:04:20.602,okx,ACH/USDT:USDT,0.02305,1031.0,0.02304,2504.0,0.02306,31.0,0.02307,1529.0
1753592661502,05:04:21.502,okx,ACH/USDT:USDT,0.02305,988.0,0.02304,2546.0,0.02306,258.0,0.02307,1529.0
1753592663002,05:04:23.002,okx,ACH/USDT:USDT,0.02305,988.0,0.02304,2906.0,0.02306,31.0,0.02307,1529.0
1753592663602,05:04:23.602,okx,ACH/USDT:USDT,0.02305,1031.0,0.02304,3317.0,0.02306,1.0,0.02307,1525.0
1753592664102,05:04:24.102,okx,ACH/USDT:USDT,0.02305,1031.0,0.02304,3700.0,0.02306,1.0,0.02307,1325.0
1753592669202,05:04:29.202,okx,ACH/USDT:USDT,0.02305,1231.0,0.02304,3318.0,0.02306,1.0,0.02307,1325.0
1753592669502,05:04:29.502,okx,ACH/USDT:USDT,0.02305,1231.0,0.02304,3360.0,0.02306,1.0,0.02307,1325.0
1753592670002,05:04:30.002,okx,ACH/USDT:USDT,0.02305,1231.0,0.02304,3741.0,0.02306,1.0,0.02307,1325.0
1753592671402,05:04:31.402,okx,ACH/USDT:USDT,0.02305,1232.0,0.02304,3824.0,0.02306,1.0,0.02307,1325.0
1753592672002,05:04:32.002,okx,ACH/USDT:USDT,0.02305,1232.0,0.02304,3824.0,0.02306,1.0,0.02307,1325.0
1753592672502,05:04:32.502,okx,ACH/USDT:USDT,0.02305,513.0,0.02304,3234.0,0.02306,667.0,0.02307,1448.0
1753592672602,05:04:32.602,okx,ACH/USDT:USDT,0.02305,513.0,0.02304,3234.0,0.02306,667.0,0.02307,1448.0
1753592673202,05:04:33.202,okx,ACH/USDT:USDT,0.02305,538.0,0.02304,3234.0,0.02306,601.0,0.02307,1448.0
1753592673702,05:04:33.702,okx,ACH/USDT:USDT,0.02305,116.0,0.02304,3037.0,0.02306,693.0,0.02307,2377.0
1753592674302,05:04:34.302,okx,ACH/USDT:USDT,0.02305,116.0,0.02304,3037.0,0.02306,693.0,0.02307,2798.0
