timestamp,time,symbol,bid1_price,bid1_volume,bid2_price,bid2_volume,ask1_price,ask1_volume,ask2_price,ask2_volume
1753546946059,16:22:26.059,ADA/USDT:USDT,0.8353,77431.0,0.8352,78792.0,0.8354,20909.0,0.8355,20859.0
1753546946161,16:22:26.161,ADA/USDT:USDT,0.8353,77431.0,0.8352,84002.0,0.8354,18197.0,0.8355,17628.0
1753546946263,16:22:26.263,ADA/USDT:USDT,0.8353,77431.0,0.8352,93123.0,0.8354,18197.0,0.8355,17628.0
1753546946376,16:22:26.376,ADA/USDT:USDT,0.8353,65449.0,0.8352,97595.0,0.8354,18964.0,0.8355,19097.0
1753546946480,16:22:26.480,ADA/USDT:USDT,0.8354,64935.0,0.8353,68669.0,0.8355,14929.0,0.8356,28502.0
1753546946581,16:22:26.581,ADA/USDT:USDT,0.8354,64955.0,0.8353,70687.0,0.8355,4208.0,0.8356,24097.0
1753546946683,16:22:26.683,ADA/USDT:USDT,0.8354,78400.0,0.8353,74920.0,0.8355,4208.0,0.8356,24010.0
1753546946784,16:22:26.784,ADA/USDT:USDT,0.8354,78846.0,0.8353,77565.0,0.8355,4170.0,0.8356,23029.0
1753546946888,16:22:26.888,ADA/USDT:USDT,0.8354,79623.0,0.8353,78163.0,0.8355,4170.0,0.8356,16533.0
1753546947110,16:22:27.110,ADA/USDT:USDT,0.8354,80839.0,0.8353,81877.0,0.8355,4160.0,0.8356,11651.0
1753546947316,16:22:27.316,ADA/USDT:USDT,0.8354,80860.0,0.8353,81996.0,0.8355,4186.0,0.8356,11564.0
1753546947419,16:22:27.419,ADA/USDT:USDT,0.8354,80860.0,0.8353,81996.0,0.8355,9079.0,0.8356,11651.0
1753546947521,16:22:27.521,ADA/USDT:USDT,0.8355,45521.0,0.8354,77243.0,0.8356,56389.0,0.8357,17217.0
1753546947625,16:22:27.625,ADA/USDT:USDT,0.8355,42137.0,0.8354,70377.0,0.8356,56416.0,0.8357,15828.0
1753546947940,16:22:27.940,ADA/USDT:USDT,0.8355,4957.0,0.8354,56712.0,0.8356,56622.0,0.8357,24114.0
1753546948050,16:22:28.050,ADA/USDT:USDT,0.8355,152.0,0.8354,38576.0,0.8356,56646.0,0.8357,24635.0
1753546948156,16:22:28.156,ADA/USDT:USDT,0.8354,8680.0,0.8353,42646.0,0.8355,95965.0,0.8356,63391.0
1753546948361,16:22:28.361,ADA/USDT:USDT,0.8354,11152.0,0.8353,22380.0,0.8355,96072.0,0.8356,62631.0
1753546948465,16:22:28.465,ADA/USDT:USDT,0.8354,11442.0,0.8353,25379.0,0.8355,100379.0,0.8356,62750.0
1753546948566,16:22:28.566,ADA/USDT:USDT,0.8354,11876.0,0.8353,25618.0,0.8355,106211.0,0.8356,70911.0
1753546948670,16:22:28.670,ADA/USDT:USDT,0.8354,11876.0,0.8353,25618.0,0.8355,106211.0,0.8356,70911.0
1753546948775,16:22:28.775,ADA/USDT:USDT,0.8354,36645.0,0.8353,25696.0,0.8355,93741.0,0.8356,68174.0
1753546948881,16:22:28.881,ADA/USDT:USDT,0.8354,30248.0,0.8353,26500.0,0.8355,93741.0,0.8356,67070.0
1753546949200,16:22:29.200,ADA/USDT:USDT,0.8354,14532.0,0.8353,26585.0,0.8355,93828.0,0.8356,67007.0
1753546949407,16:22:29.407,ADA/USDT:USDT,0.8353,7013.0,0.8352,62101.0,0.8354,66337.0,0.8355,97026.0
1753546949712,16:22:29.712,ADA/USDT:USDT,0.8353,1337.0,0.8352,39847.0,0.8354,81013.0,0.8355,94756.0
1753546949922,16:22:29.922,ADA/USDT:USDT,0.8353,9828.0,0.8352,39847.0,0.8354,64466.0,0.8355,94732.0
1753546950472,16:22:30.472,ADA/USDT:USDT,0.8352,36169.0,0.8351,36644.0,0.8353,65904.0,0.8354,63802.0
1753546950578,16:22:30.578,ADA/USDT:USDT,0.8352,35984.0,0.8351,36590.0,0.8353,65904.0,0.8354,63722.0
1753546950689,16:22:30.689,ADA/USDT:USDT,0.8352,36223.0,0.8351,37270.0,0.8353,65991.0,0.8354,63722.0
1753546950827,16:22:30.827,ADA/USDT:USDT,0.8352,49459.0,0.8351,37947.0,0.8353,51058.0,0.8354,63666.0
1753546951056,16:22:31.056,ADA/USDT:USDT,0.8352,42650.0,0.8351,38295.0,0.8353,51058.0,0.8354,63666.0
1753546952261,16:22:32.261,ADA/USDT:USDT,0.8352,43429.0,0.8351,46890.0,0.8353,22297.0,0.8354,63008.0
1753546952365,16:22:32.365,ADA/USDT:USDT,0.8352,65170.0,0.8351,48288.0,0.8353,932.0,0.8354,52228.0
1753546953199,16:22:33.199,ADA/USDT:USDT,0.8354,35949.0,0.8353,37411.0,0.8355,48058.0,0.8356,65627.0
1753546953627,16:22:33.627,ADA/USDT:USDT,0.8354,49039.0,0.8353,49166.0,0.8355,42673.0,0.8356,63101.0
1753546953848,16:22:33.848,ADA/USDT:USDT,0.8354,43275.0,0.8353,49316.0,0.8355,42712.0,0.8356,63101.0
1753546953957,16:22:33.957,ADA/USDT:USDT,0.8354,48969.0,0.8353,49316.0,0.8355,42782.0,0.8356,63101.0
1753546954062,16:22:34.062,ADA/USDT:USDT,0.8354,36675.0,0.8353,49316.0,0.8355,42782.0,0.8356,63101.0
1753546954200,16:22:34.200,ADA/USDT:USDT,0.8354,43714.0,0.8353,49168.0,0.8355,42782.0,0.8356,63101.0
1753546954625,16:22:34.625,ADA/USDT:USDT,0.8354,44332.0,0.8353,49168.0,0.8355,42809.0,0.8356,63101.0
1753546954748,16:22:34.748,ADA/USDT:USDT,0.8354,37840.0,0.8353,49168.0,0.8355,42809.0,0.8356,63101.0
1753546954889,16:22:34.889,ADA/USDT:USDT,0.8354,37840.0,0.8353,48740.0,0.8355,42809.0,0.8356,63101.0
1753546954995,16:22:34.995,ADA/USDT:USDT,0.8353,15206.0,0.8352,62470.0,0.8354,76584.0,0.8355,92027.0
1753546955097,16:22:35.097,ADA/USDT:USDT,0.8353,24568.0,0.8352,56335.0,0.8354,43489.0,0.8355,53891.0
1753546955199,16:22:35.199,ADA/USDT:USDT,0.8353,29012.0,0.8352,56335.0,0.8354,43489.0,0.8355,53891.0
1753546955303,16:22:35.303,ADA/USDT:USDT,0.8353,29012.0,0.8352,56598.0,0.8354,41431.0,0.8355,53891.0
1753546955404,16:22:35.404,ADA/USDT:USDT,0.8353,30692.0,0.8352,56269.0,0.8354,41431.0,0.8355,53891.0
1753546955505,16:22:35.505,ADA/USDT:USDT,0.8353,30931.0,0.8352,56867.0,0.8354,41431.0,0.8355,53891.0
1753546955611,16:22:35.611,ADA/USDT:USDT,0.8353,30931.0,0.8352,56867.0,0.8354,41450.0,0.8355,53866.0
1753546955717,16:22:35.717,ADA/USDT:USDT,0.8353,30931.0,0.8352,56867.0,0.8354,41450.0,0.8355,53866.0
1753546955823,16:22:35.823,ADA/USDT:USDT,0.8353,30938.0,0.8352,55485.0,0.8354,40792.0,0.8355,53866.0
1753546955936,16:22:35.936,ADA/USDT:USDT,0.8354,49474.0,0.8353,55136.0,0.8355,47798.0,0.8356,65181.0
1753546956038,16:22:36.038,ADA/USDT:USDT,0.8354,49170.0,0.8353,55895.0,0.8355,47818.0,0.8356,62083.0
1753546956148,16:22:36.148,ADA/USDT:USDT,0.8354,43972.0,0.8353,55143.0,0.8355,47818.0,0.8356,62083.0
1753546956250,16:22:36.250,ADA/USDT:USDT,0.8354,37644.0,0.8353,41564.0,0.8355,47818.0,0.8356,62083.0
1753546956376,16:22:36.376,ADA/USDT:USDT,0.8353,8105.0,0.8352,53718.0,0.8354,70171.0,0.8355,66368.0
1753546956479,16:22:36.479,ADA/USDT:USDT,0.8353,22376.0,0.8352,45422.0,0.8354,67311.0,0.8355,61691.0
1753546956687,16:22:36.687,ADA/USDT:USDT,0.8353,28868.0,0.8352,53970.0,0.8354,65788.0,0.8355,55888.0
1753546956925,16:22:36.925,ADA/USDT:USDT,0.8353,27497.0,0.8352,53994.0,0.8354,65788.0,0.8355,52969.0
1753546957103,16:22:37.103,ADA/USDT:USDT,0.8353,33241.0,0.8352,53994.0,0.8354,65789.0,0.8355,52948.0
1753546957215,16:22:37.215,ADA/USDT:USDT,0.8353,33221.0,0.8352,53994.0,0.8354,65796.0,0.8355,52948.0
1753546957318,16:22:37.318,ADA/USDT:USDT,0.8353,33241.0,0.8352,53994.0,0.8354,64050.0,0.8355,52948.0
1753546957436,16:22:37.436,ADA/USDT:USDT,0.8353,27569.0,0.8352,54399.0,0.8354,39750.0,0.8355,52948.0
1753546957540,16:22:37.540,ADA/USDT:USDT,0.8353,33245.0,0.8352,54399.0,0.8354,39750.0,0.8355,52948.0
1753546957647,16:22:37.647,ADA/USDT:USDT,0.8353,19119.0,0.8352,53970.0,0.8354,39750.0,0.8355,52948.0
1753546957748,16:22:37.748,ADA/USDT:USDT,0.8353,19119.0,0.8352,53970.0,0.8354,39750.0,0.8355,52948.0
1753546957901,16:22:37.901,ADA/USDT:USDT,0.8353,24795.0,0.8352,53970.0,0.8354,39750.0,0.8355,52948.0
1753546958006,16:22:38.006,ADA/USDT:USDT,0.8353,31267.0,0.8352,54399.0,0.8354,39695.0,0.8355,52948.0
1753546958119,16:22:38.119,ADA/USDT:USDT,0.8353,31267.0,0.8352,54399.0,0.8354,39695.0,0.8355,52948.0
1753546958243,16:22:38.243,ADA/USDT:USDT,0.8353,31554.0,0.8352,54638.0,0.8354,39695.0,0.8355,52948.0
1753546958345,16:22:38.345,ADA/USDT:USDT,0.8353,25082.0,0.8352,54638.0,0.8354,39702.0,0.8355,52948.0
1753546958446,16:22:38.446,ADA/USDT:USDT,0.8353,32092.0,0.8352,54639.0,0.8354,39702.0,0.8355,52948.0
1753546958557,16:22:38.557,ADA/USDT:USDT,0.8353,32210.0,0.8352,56194.0,0.8354,39826.0,0.8355,52824.0
1753546958678,16:22:38.678,ADA/USDT:USDT,0.8353,32210.0,0.8352,56194.0,0.8354,39742.0,0.8355,52824.0
1753546958781,16:22:38.781,ADA/USDT:USDT,0.8353,25455.0,0.8352,55788.0,0.8354,39827.0,0.8355,52824.0
1753546958909,16:22:38.909,ADA/USDT:USDT,0.8353,20473.0,0.8352,53994.0,0.8354,39827.0,0.8355,52848.0
1753546959046,16:22:39.046,ADA/USDT:USDT,0.8353,19118.0,0.8352,53994.0,0.8354,39704.0,0.8355,52824.0
1753546959152,16:22:39.152,ADA/USDT:USDT,0.8353,19118.0,0.8352,53994.0,0.8354,39704.0,0.8355,52848.0
1753546959254,16:22:39.254,ADA/USDT:USDT,0.8353,30479.0,0.8352,53994.0,0.8354,39787.0,0.8355,52824.0
1753546959358,16:22:39.358,ADA/USDT:USDT,0.8353,30480.0,0.8352,54402.0,0.8354,39954.0,0.8355,52824.0
1753546959497,16:22:39.497,ADA/USDT:USDT,0.8353,30480.0,0.8352,51824.0,0.8354,39989.0,0.8355,52824.0
1753546959604,16:22:39.604,ADA/USDT:USDT,0.8353,22710.0,0.8352,51392.0,0.8354,39989.0,0.8355,52824.0
1753546959711,16:22:39.711,ADA/USDT:USDT,0.8353,22717.0,0.8352,51800.0,0.8354,39726.0,0.8355,52824.0
1753546959827,16:22:39.827,ADA/USDT:USDT,0.8353,15488.0,0.8352,51392.0,0.8354,39726.0,0.8355,52824.0
1753546959932,16:22:39.932,ADA/USDT:USDT,0.8353,15567.0,0.8352,51800.0,0.8354,39726.0,0.8355,52824.0
1753546960033,16:22:40.033,ADA/USDT:USDT,0.8354,29463.0,0.8353,54716.0,0.8355,29920.0,0.8356,64676.0
1753546960134,16:22:40.134,ADA/USDT:USDT,0.8354,37420.0,0.8353,42200.0,0.8355,44062.0,0.8356,60009.0
1753546960236,16:22:40.236,ADA/USDT:USDT,0.8354,29511.0,0.8353,41285.0,0.8355,53549.0,0.8356,59970.0
1753546960337,16:22:40.337,ADA/USDT:USDT,0.8354,9160.0,0.8353,32069.0,0.8355,64950.0,0.8356,60208.0
1753546960447,16:22:40.447,ADA/USDT:USDT,0.8353,26556.0,0.8352,39515.0,0.8354,49202.0,0.8355,66851.0
1753546960549,16:22:40.549,ADA/USDT:USDT,0.8353,26576.0,0.8352,50131.0,0.8354,49222.0,0.8355,66875.0
1753546960652,16:22:40.652,ADA/USDT:USDT,0.8353,16713.0,0.8352,49631.0,0.8354,49222.0,0.8355,66875.0
1753546960775,16:22:40.775,ADA/USDT:USDT,0.8353,8695.0,0.8352,42164.0,0.8354,54608.0,0.8355,66875.0
1753546960881,16:22:40.881,ADA/USDT:USDT,0.8353,58183.0,0.8352,79427.0,0.8354,3997.0,0.8355,51452.0
1753546960983,16:22:40.983,ADA/USDT:USDT,0.8354,56057.0,0.8353,61822.0,0.8355,40654.0,0.8356,60846.0
1753546961084,16:22:41.084,ADA/USDT:USDT,0.8355,42399.0,0.8354,35734.0,0.8356,34898.0,0.8357,30270.0
1753546961186,16:22:41.186,ADA/USDT:USDT,0.8355,14808.0,0.8354,59203.0,0.8356,43148.0,0.8357,56393.0
1753546961292,16:22:41.292,ADA/USDT:USDT,0.8355,2393.0,0.8354,35459.0,0.8356,44970.0,0.8357,66184.0
1753546961400,16:22:41.400,ADA/USDT:USDT,0.8355,4410.0,0.8354,35459.0,0.8356,45076.0,0.8357,60970.0
1753546961602,16:22:41.602,ADA/USDT:USDT,0.8355,6083.0,0.8354,48457.0,0.8356,45076.0,0.8357,56401.0
1753546961709,16:22:41.709,ADA/USDT:USDT,0.8355,21224.0,0.8354,63219.0,0.8356,43167.0,0.8357,56401.0
1753546961811,16:22:41.811,ADA/USDT:USDT,0.8355,16635.0,0.8354,63225.0,0.8356,43254.0,0.8357,60970.0
1753546961934,16:22:41.934,ADA/USDT:USDT,0.8355,18360.0,0.8354,64076.0,0.8356,43254.0,0.8357,56401.0
1753546962143,16:22:42.143,ADA/USDT:USDT,0.8355,18360.0,0.8354,59514.0,0.8356,43289.0,0.8357,56547.0
1753546962247,16:22:42.247,ADA/USDT:USDT,0.8355,17577.0,0.8354,59538.0,0.8356,43335.0,0.8357,51978.0
1753546962355,16:22:42.355,ADA/USDT:USDT,0.8355,17577.0,0.8354,59538.0,0.8356,43335.0,0.8357,51978.0
1753546962458,16:22:42.458,ADA/USDT:USDT,0.8355,22747.0,0.8354,59991.0,0.8356,44014.0,0.8357,21242.0
1753546962559,16:22:42.559,ADA/USDT:USDT,0.8355,17702.0,0.8354,60230.0,0.8356,44014.0,0.8357,21242.0
1753546962703,16:22:42.703,ADA/USDT:USDT,0.8355,22138.0,0.8354,60230.0,0.8356,44012.0,0.8357,21242.0
1753546962847,16:22:42.847,ADA/USDT:USDT,0.8355,17698.0,0.8354,60230.0,0.8356,43982.0,0.8357,21242.0
1753546962950,16:22:42.950,ADA/USDT:USDT,0.8355,17698.0,0.8354,60230.0,0.8356,40546.0,0.8357,21242.0
1753546963068,16:22:43.068,ADA/USDT:USDT,0.8355,17698.0,0.8354,60230.0,0.8356,40546.0,0.8357,21242.0
1753546963221,16:22:43.221,ADA/USDT:USDT,0.8355,27008.0,0.8354,55008.0,0.8356,40546.0,0.8357,20405.0
1753546963428,16:22:43.428,ADA/USDT:USDT,0.8355,22657.0,0.8354,55082.0,0.8356,40600.0,0.8357,20324.0
1753546963532,16:22:43.532,ADA/USDT:USDT,0.8355,17702.0,0.8354,55082.0,0.8356,40600.0,0.8357,20324.0
1753546963647,16:22:43.647,ADA/USDT:USDT,0.8355,17702.0,0.8354,55082.0,0.8356,40600.0,0.8357,20324.0
1753546963803,16:22:43.803,ADA/USDT:USDT,0.8355,45651.0,0.8354,99561.0,0.8356,1040.0,0.8357,10678.0
1753546963908,16:22:43.908,ADA/USDT:USDT,0.8357,27190.0,0.8356,53980.0,0.8358,45911.0,0.8359,38530.0
1753546964010,16:22:44.010,ADA/USDT:USDT,0.8357,27328.0,0.8356,44335.0,0.8358,59799.0,0.8359,39281.0
1753546964114,16:22:44.114,ADA/USDT:USDT,0.8357,32172.0,0.8356,40573.0,0.8358,59831.0,0.8359,36149.0
1753546964215,16:22:44.215,ADA/USDT:USDT,0.8357,27210.0,0.8356,40573.0,0.8358,59918.0,0.8359,34559.0
1753546964316,16:22:44.316,ADA/USDT:USDT,0.8357,22244.0,0.8356,37194.0,0.8358,60111.0,0.8359,66346.0
1753546964419,16:22:44.419,ADA/USDT:USDT,0.8357,22464.0,0.8356,37194.0,0.8358,60111.0,0.8359,66465.0
1753546964524,16:22:44.524,ADA/USDT:USDT,0.8357,40175.0,0.8356,37635.0,0.8358,54128.0,0.8359,66441.0
1753546964626,16:22:44.626,ADA/USDT:USDT,0.8357,35834.0,0.8356,37226.0,0.8358,54128.0,0.8359,66441.0
1753546964727,16:22:44.727,ADA/USDT:USDT,0.8357,35834.0,0.8356,37226.0,0.8358,54128.0,0.8359,66441.0
1753546964845,16:22:44.845,ADA/USDT:USDT,0.8357,27784.0,0.8356,37226.0,0.8358,54128.0,0.8359,66441.0
1753546964953,16:22:44.953,ADA/USDT:USDT,0.8357,27784.0,0.8356,37233.0,0.8358,54128.0,0.8359,66441.0
1753546965296,16:22:45.296,ADA/USDT:USDT,0.8357,61574.0,0.8356,44303.0,0.8358,19789.0,0.8359,29642.0
1753546965399,16:22:45.399,ADA/USDT:USDT,0.8357,61419.0,0.8356,46984.0,0.8358,30687.0,0.8359,29642.0
1753546965603,16:22:45.603,ADA/USDT:USDT,0.8357,56560.0,0.8356,46984.0,0.8358,41448.0,0.8359,28313.0
1753546965709,16:22:45.709,ADA/USDT:USDT,0.8357,56560.0,0.8356,46984.0,0.8358,41448.0,0.8359,28313.0
1753546965821,16:22:45.821,ADA/USDT:USDT,0.8357,66021.0,0.8356,47008.0,0.8358,41448.0,0.8359,28289.0
1753546965933,16:22:45.933,ADA/USDT:USDT,0.8357,66021.0,0.8356,48837.0,0.8358,8830.0,0.8359,29814.0
1753546966048,16:22:46.048,ADA/USDT:USDT,0.8357,66021.0,0.8356,48837.0,0.8358,8830.0,0.8359,29814.0
1753546966168,16:22:46.168,ADA/USDT:USDT,0.8357,66021.0,0.8356,48837.0,0.8358,8830.0,0.8359,29814.0
1753546966274,16:22:46.274,ADA/USDT:USDT,0.8357,67702.0,0.8356,48837.0,0.8358,8830.0,0.8359,29814.0
1753546966376,16:22:46.376,ADA/USDT:USDT,0.8357,44324.0,0.8356,48402.0,0.8358,41448.0,0.8359,29814.0
1753546966481,16:22:46.481,ADA/USDT:USDT,0.8357,38017.0,0.8356,42131.0,0.8358,41448.0,0.8359,29814.0
1753546966583,16:22:46.583,ADA/USDT:USDT,0.8357,67020.0,0.8356,82873.0,0.8358,8217.0,0.8359,29814.0
1753546966684,16:22:46.684,ADA/USDT:USDT,0.8358,39380.0,0.8357,54446.0,0.8359,56991.0,0.836,23526.0
1753546966785,16:22:46.785,ADA/USDT:USDT,0.8358,39299.0,0.8357,49343.0,0.8359,53246.0,0.836,18964.0
1753546966886,16:22:46.886,ADA/USDT:USDT,0.8358,39180.0,0.8357,49343.0,0.8359,53246.0,0.836,24220.0
1753546966988,16:22:46.988,ADA/USDT:USDT,0.8358,39180.0,0.8357,49352.0,0.8359,53246.0,0.836,24220.0
1753546967249,16:22:47.249,ADA/USDT:USDT,0.8358,39180.0,0.8357,43961.0,0.8359,48327.0,0.836,24220.0
1753546967356,16:22:47.356,ADA/USDT:USDT,0.8358,10805.0,0.8357,39002.0,0.8359,57379.0,0.836,55024.0
1753546967467,16:22:47.467,ADA/USDT:USDT,0.8358,10805.0,0.8357,39002.0,0.8359,59090.0,0.836,55143.0
1753546967572,16:22:47.572,ADA/USDT:USDT,0.8358,9162.0,0.8357,39002.0,0.8359,62914.0,0.836,56825.0
1753546967678,16:22:47.678,ADA/USDT:USDT,0.8358,1755.0,0.8357,37325.0,0.8359,62914.0,0.836,63646.0
1753546967787,16:22:47.787,ADA/USDT:USDT,0.8358,1755.0,0.8357,37325.0,0.8359,63033.0,0.836,63646.0
1753546967906,16:22:47.906,ADA/USDT:USDT,0.8358,1755.0,0.8357,37325.0,0.8359,54086.0,0.836,63646.0
1753546968009,16:22:48.009,ADA/USDT:USDT,0.8358,1755.0,0.8357,37325.0,0.8359,63087.0,0.836,63646.0
1753546968121,16:22:48.121,ADA/USDT:USDT,0.8357,10930.0,0.8356,39452.0,0.8358,116377.0,0.8359,66148.0
1753546968222,16:22:48.222,ADA/USDT:USDT,0.8357,71886.0,0.8356,40273.0,0.8358,8098.0,0.8359,52348.0
1753546968323,16:22:48.323,ADA/USDT:USDT,0.8357,45976.0,0.8356,82589.0,0.8358,21922.0,0.8359,51831.0
1753546968433,16:22:48.433,ADA/USDT:USDT,0.8357,46094.0,0.8356,82708.0,0.8358,18862.0,0.8359,52070.0
1753546968556,16:22:48.556,ADA/USDT:USDT,0.8357,46144.0,0.8356,82708.0,0.8358,20634.0,0.8359,52070.0
1753546968690,16:22:48.690,ADA/USDT:USDT,0.8357,46152.0,0.8356,82708.0,0.8358,20634.0,0.8359,52070.0
1753546968794,16:22:48.794,ADA/USDT:USDT,0.8357,54882.0,0.8356,85508.0,0.8358,175.0,0.8359,36879.0
1753546968895,16:22:48.895,ADA/USDT:USDT,0.8358,88224.0,0.8357,48044.0,0.8359,19110.0,0.836,23649.0
1753546968997,16:22:48.997,ADA/USDT:USDT,0.8358,74593.0,0.8357,52284.0,0.8359,17661.0,0.836,23649.0
1753546969101,16:22:49.101,ADA/USDT:USDT,0.8358,33645.0,0.8357,48034.0,0.8359,36518.0,0.836,23673.0
1753546969210,16:22:49.210,ADA/USDT:USDT,0.8358,33875.0,0.8357,39070.0,0.8359,20104.0,0.836,23673.0
1753546969318,16:22:49.318,ADA/USDT:USDT,0.8358,60104.0,0.8357,71880.0,0.8359,4661.0,0.836,15257.0
1753546969425,16:22:49.425,ADA/USDT:USDT,0.8358,66824.0,0.8357,73200.0,0.8359,4661.0,0.836,15257.0
1753546969528,16:22:49.528,ADA/USDT:USDT,0.8359,33933.0,0.8358,76949.0,0.836,15896.0,0.8361,27187.0
1753546969629,16:22:49.629,ADA/USDT:USDT,0.8359,41425.0,0.8358,85781.0,0.836,15917.0,0.8361,18713.0
1753546969730,16:22:49.730,ADA/USDT:USDT,0.8359,51829.0,0.8358,83314.0,0.836,5176.0,0.8361,18713.0
1753546969832,16:22:49.832,ADA/USDT:USDT,0.8359,47521.0,0.8358,83314.0,0.836,5176.0,0.8361,18721.0
1753546969942,16:22:49.942,ADA/USDT:USDT,0.8359,32991.0,0.8358,83223.0,0.836,44863.0,0.8361,20234.0
1753546970050,16:22:50.050,ADA/USDT:USDT,0.8359,5134.0,0.8358,41024.0,0.836,54637.0,0.8361,23394.0
1753546970152,16:22:50.152,ADA/USDT:USDT,0.8359,222.0,0.8358,32483.0,0.836,54637.0,0.8361,57062.0
1753546970262,16:22:50.262,ADA/USDT:USDT,0.8358,17902.0,0.8357,36687.0,0.8359,110992.0,0.836,58295.0
1753546970369,16:22:50.369,ADA/USDT:USDT,0.8358,18100.0,0.8357,36695.0,0.8359,62335.0,0.836,58319.0
1753546970471,16:22:50.471,ADA/USDT:USDT,0.8358,17943.0,0.8357,39858.0,0.8359,62335.0,0.836,58319.0
1753546970579,16:22:50.579,ADA/USDT:USDT,0.8358,15872.0,0.8357,38770.0,0.8359,62335.0,0.836,58319.0
1753546970681,16:22:50.681,ADA/USDT:USDT,0.8358,55069.0,0.8357,48402.0,0.8359,43897.0,0.836,55582.0
1753546970783,16:22:50.783,ADA/USDT:USDT,0.8358,27834.0,0.8357,48750.0,0.8359,43984.0,0.836,51412.0
1753546970888,16:22:50.888,ADA/USDT:USDT,0.8358,15879.0,0.8357,48327.0,0.8359,44604.0,0.836,54212.0
1753546970998,16:22:50.998,ADA/USDT:USDT,0.8358,15879.0,0.8357,48303.0,0.8359,44604.0,0.836,54212.0
1753546971162,16:22:51.162,ADA/USDT:USDT,0.8358,23951.0,0.8357,48743.0,0.8359,44604.0,0.836,54212.0
1753546971269,16:22:51.269,ADA/USDT:USDT,0.8358,24250.0,0.8357,48743.0,0.8359,44517.0,0.836,54212.0
1753546971576,16:22:51.576,ADA/USDT:USDT,0.8358,16178.0,0.8357,38787.0,0.8359,44621.0,0.836,54212.0
1753546971680,16:22:51.680,ADA/USDT:USDT,0.8358,16178.0,0.8357,38763.0,0.8359,44621.0,0.836,54236.0
1753546971786,16:22:51.786,ADA/USDT:USDT,0.8358,16178.0,0.8357,38763.0,0.8359,44629.0,0.836,54229.0
1753546971956,16:22:51.956,ADA/USDT:USDT,0.8358,24250.0,0.8357,38787.0,0.8359,44629.0,0.836,54205.0
1753546972062,16:22:52.062,ADA/USDT:USDT,0.8358,24250.0,0.8357,38787.0,0.8359,44542.0,0.836,51492.0
1753546972184,16:22:52.184,ADA/USDT:USDT,0.8358,24131.0,0.8357,38787.0,0.8359,44635.0,0.836,51405.0
1753546972298,16:22:52.298,ADA/USDT:USDT,0.8358,28129.0,0.8357,39205.0,0.8359,44545.0,0.836,51492.0
1753546972400,16:22:52.400,ADA/USDT:USDT,0.8358,25429.0,0.8357,41786.0,0.8359,45661.0,0.836,50207.0
1753546972503,16:22:52.503,ADA/USDT:USDT,0.8359,31248.0,0.8358,66389.0,0.836,40652.0,0.8361,26771.0
1753546972608,16:22:52.608,ADA/USDT:USDT,0.8359,29179.0,0.8358,83763.0,0.836,44062.0,0.8361,26779.0
1753546972710,16:22:52.710,ADA/USDT:USDT,0.8359,1402.0,0.8358,34690.0,0.836,49728.0,0.8361,56534.0
1753546972921,16:22:52.921,ADA/USDT:USDT,0.8359,13969.0,0.8358,30098.0,0.836,48203.0,0.8361,61102.0
1753546973038,16:22:53.038,ADA/USDT:USDT,0.8359,13969.0,0.8358,30098.0,0.836,48203.0,0.8361,61102.0
1753546973150,16:22:53.150,ADA/USDT:USDT,0.8359,13718.0,0.8358,30098.0,0.836,48203.0,0.8361,61102.0
1753546973447,16:22:53.447,ADA/USDT:USDT,0.8359,15758.0,0.8358,28141.0,0.836,44103.0,0.8361,61154.0
1753546973552,16:22:53.552,ADA/USDT:USDT,0.8359,24131.0,0.8358,27872.0,0.836,44594.0,0.8361,61178.0
1753546973678,16:22:53.678,ADA/USDT:USDT,0.8359,24131.0,0.8358,27896.0,0.836,42434.0,0.8361,61154.0
1753546973793,16:22:53.793,ADA/USDT:USDT,0.8359,27719.0,0.8358,27896.0,0.836,42434.0,0.8361,61154.0
1753546973952,16:22:53.952,ADA/USDT:USDT,0.8359,19647.0,0.8358,27896.0,0.836,42434.0,0.8361,61154.0
1753546974129,16:22:54.129,ADA/USDT:USDT,0.8359,19647.0,0.8358,27896.0,0.836,40378.0,0.8361,61154.0
1753546974248,16:22:54.248,ADA/USDT:USDT,0.8361,20415.0,0.836,33647.0,0.8362,50314.0,0.8363,98058.0
1753546974349,16:22:54.349,ADA/USDT:USDT,0.8361,21879.0,0.836,33298.0,0.8362,50334.0,0.8363,110434.0
1753546974453,16:22:54.453,ADA/USDT:USDT,0.8361,46830.0,0.836,36181.0,0.8362,50334.0,0.8363,115594.0
1753546974561,16:22:54.561,ADA/USDT:USDT,0.8361,46806.0,0.836,36181.0,0.8362,50334.0,0.8363,115614.0
1753546974668,16:22:54.668,ADA/USDT:USDT,0.8361,46806.0,0.836,36181.0,0.8362,50334.0,0.8363,115614.0
1753546974772,16:22:54.772,ADA/USDT:USDT,0.8361,53901.0,0.836,36181.0,0.8362,50328.0,0.8363,115614.0
1753546974888,16:22:54.888,ADA/USDT:USDT,0.8361,46806.0,0.836,34985.0,0.8362,50328.0,0.8363,115614.0
1753546974999,16:22:54.999,ADA/USDT:USDT,0.8361,46806.0,0.836,34985.0,0.8362,50328.0,0.8363,115614.0
1753546975102,16:22:55.102,ADA/USDT:USDT,0.8361,46806.0,0.836,34985.0,0.8362,50328.0,0.8363,115614.0
1753546975216,16:22:55.216,ADA/USDT:USDT,0.8361,46806.0,0.836,33939.0,0.8362,53255.0,0.8363,117221.0
1753546975317,16:22:55.317,ADA/USDT:USDT,0.8361,46817.0,0.836,33939.0,0.8362,53253.0,0.8363,117221.0
1753546975449,16:22:55.449,ADA/USDT:USDT,0.8361,46952.0,0.836,33939.0,0.8362,51968.0,0.8363,117221.0
1753546975555,16:22:55.555,ADA/USDT:USDT,0.8361,50540.0,0.836,33939.0,0.8362,52699.0,0.8363,117221.0
1753546975685,16:22:55.685,ADA/USDT:USDT,0.8361,50874.0,0.836,33939.0,0.8362,52699.0,0.8363,117109.0
1753546975802,16:22:55.802,ADA/USDT:USDT,0.8361,50874.0,0.836,33939.0,0.8362,52699.0,0.8363,117109.0
1753546975905,16:22:55.905,ADA/USDT:USDT,0.8361,50877.0,0.836,33939.0,0.8362,52699.0,0.8363,117109.0
1753546976010,16:22:56.010,ADA/USDT:USDT,0.8361,50877.0,0.836,33939.0,0.8362,52699.0,0.8363,117109.0
1753546976121,16:22:56.121,ADA/USDT:USDT,0.8361,50877.0,0.836,33939.0,0.8362,52329.0,0.8363,114279.0
1753546976267,16:22:56.267,ADA/USDT:USDT,0.8361,50877.0,0.836,33928.0,0.8362,52329.0,0.8363,114279.0
1753546976388,16:22:56.388,ADA/USDT:USDT,0.8361,50148.0,0.836,33952.0,0.8362,46152.0,0.8363,114279.0
1753546976490,16:22:56.490,ADA/USDT:USDT,0.8361,58640.0,0.836,33952.0,0.8362,46142.0,0.8363,114160.0
1753546976609,16:22:56.609,ADA/USDT:USDT,0.8361,36329.0,0.836,33928.0,0.8362,46142.0,0.8363,114160.0
1753546976749,16:22:56.749,ADA/USDT:USDT,0.8361,36339.0,0.836,33952.0,0.8362,46142.0,0.8363,114160.0
1753546976858,16:22:56.858,ADA/USDT:USDT,0.8361,36339.0,0.836,33952.0,0.8362,46142.0,0.8363,114160.0
1753546976960,16:22:56.960,ADA/USDT:USDT,0.8361,36354.0,0.836,33952.0,0.8362,46142.0,0.8363,110100.0
1753546977068,16:22:57.068,ADA/USDT:USDT,0.8361,64154.0,0.836,34368.0,0.8362,46142.0,0.8363,109535.0
1753546977209,16:22:57.209,ADA/USDT:USDT,0.8361,72250.0,0.836,62966.0,0.8362,13137.0,0.8363,59451.0
1753546977310,16:22:57.310,ADA/USDT:USDT,0.8361,74393.0,0.836,68510.0,0.8362,2396.0,0.8363,51813.0
1753546977411,16:22:57.411,ADA/USDT:USDT,0.8361,74400.0,0.836,72510.0,0.8362,12411.0,0.8363,51813.0
1753546977512,16:22:57.512,ADA/USDT:USDT,0.8361,60043.0,0.836,72070.0,0.8362,29093.0,0.8363,53783.0
1753546977622,16:22:57.622,ADA/USDT:USDT,0.8361,51956.0,0.836,35128.0,0.8362,44778.0,0.8363,53783.0
1753546977785,16:22:57.785,ADA/USDT:USDT,0.8361,67160.0,0.836,63712.0,0.8362,20503.0,0.8363,53783.0
1753546977910,16:22:57.910,ADA/USDT:USDT,0.8361,67160.0,0.836,63712.0,0.8362,20503.0,0.8363,53783.0
1753546978013,16:22:58.013,ADA/USDT:USDT,0.8361,60065.0,0.836,63712.0,0.8362,22992.0,0.8363,53807.0
1753546978151,16:22:58.151,ADA/USDT:USDT,0.8361,60065.0,0.836,63712.0,0.8362,22992.0,0.8363,53807.0
1753546978281,16:22:58.281,ADA/USDT:USDT,0.8361,59743.0,0.836,63712.0,0.8362,20468.0,0.8363,53807.0
1753546978383,16:22:58.383,ADA/USDT:USDT,0.8361,51637.0,0.836,35128.0,0.8362,45675.0,0.8363,53862.0
1753546978485,16:22:58.485,ADA/USDT:USDT,0.8361,63411.0,0.836,35547.0,0.8362,42061.0,0.8363,53862.0
1753546978594,16:22:58.594,ADA/USDT:USDT,0.8361,56316.0,0.836,35128.0,0.8362,42377.0,0.8363,53862.0
1753546978752,16:22:58.752,ADA/USDT:USDT,0.8361,56324.0,0.836,35152.0,0.8362,42377.0,0.8363,53862.0
1753546978855,16:22:58.855,ADA/USDT:USDT,0.8361,56076.0,0.836,35547.0,0.8362,39944.0,0.8363,53862.0
1753546978968,16:22:58.968,ADA/USDT:USDT,0.8361,56076.0,0.836,35547.0,0.8362,39944.0,0.8363,53862.0
1753546979079,16:22:59.079,ADA/USDT:USDT,0.8361,56076.0,0.836,35571.0,0.8362,39944.0,0.8363,53862.0
1753546979198,16:22:59.198,ADA/USDT:USDT,0.8361,55728.0,0.836,35547.0,0.8362,40219.0,0.8363,53862.0
1753546979346,16:22:59.346,ADA/USDT:USDT,0.8361,55806.0,0.836,35547.0,0.8362,39944.0,0.8363,53862.0
1753546979482,16:22:59.482,ADA/USDT:USDT,0.8361,56215.0,0.836,35547.0,0.8362,39943.0,0.8363,55462.0
1753546979595,16:22:59.595,ADA/USDT:USDT,0.8361,56215.0,0.836,35128.0,0.8362,42650.0,0.8363,55462.0
1753546979699,16:22:59.699,ADA/USDT:USDT,0.8361,56215.0,0.836,35128.0,0.8362,39943.0,0.8363,55462.0
1753546979800,16:22:59.800,ADA/USDT:USDT,0.8361,64363.0,0.836,35549.0,0.8362,39943.0,0.8363,55438.0
1753546979910,16:22:59.910,ADA/USDT:USDT,0.8361,71458.0,0.836,35573.0,0.8362,39943.0,0.8363,55438.0
1753546980015,16:23:00.015,ADA/USDT:USDT,0.8361,78410.0,0.836,35573.0,0.8362,20776.0,0.8363,55438.0
1753546980117,16:23:00.117,ADA/USDT:USDT,0.8361,42514.0,0.836,29372.0,0.8362,46378.0,0.8363,55438.0
1753546980218,16:23:00.218,ADA/USDT:USDT,0.8361,14306.0,0.836,28972.0,0.8362,63135.0,0.8363,62613.0
1753546980319,16:23:00.319,ADA/USDT:USDT,0.8361,13455.0,0.836,28972.0,0.8362,56315.0,0.8363,62613.0
1753546980421,16:23:00.421,ADA/USDT:USDT,0.8361,13455.0,0.836,20424.0,0.8362,56315.0,0.8363,62613.0
1753546980538,16:23:00.538,ADA/USDT:USDT,0.8361,13492.0,0.836,20424.0,0.8362,56434.0,0.8363,62793.0
1753546980645,16:23:00.645,ADA/USDT:USDT,0.8361,13489.0,0.836,20424.0,0.8362,56434.0,0.8363,62793.0
1753546980749,16:23:00.749,ADA/USDT:USDT,0.8361,13488.0,0.836,20424.0,0.8362,56434.0,0.8363,62793.0
1753546980855,16:23:00.855,ADA/USDT:USDT,0.836,24516.0,0.8359,18133.0,0.8361,92353.0,0.8362,64551.0
1753546980959,16:23:00.959,ADA/USDT:USDT,0.836,59220.0,0.8359,17785.0,0.8361,37559.0,0.8362,61792.0
1753546981062,16:23:01.062,ADA/USDT:USDT,0.836,39473.0,0.8359,23240.0,0.8361,26844.0,0.8362,47950.0
1753546981164,16:23:01.164,ADA/USDT:USDT,0.836,45375.0,0.8359,23664.0,0.8361,16363.0,0.8362,48048.0
1753546981273,16:23:01.273,ADA/USDT:USDT,0.836,43973.0,0.8359,24446.0,0.8361,33703.0,0.8362,48048.0
1753546981380,16:23:01.380,ADA/USDT:USDT,0.836,51462.0,0.8359,25054.0,0.8361,9114.0,0.8362,48048.0
1753546981485,16:23:01.485,ADA/USDT:USDT,0.836,43973.0,0.8359,24630.0,0.8361,38108.0,0.8362,47930.0
1753546981601,16:23:01.601,ADA/USDT:USDT,0.836,22877.0,0.8359,19060.0,0.8361,47084.0,0.8362,47930.0
1753546981720,16:23:01.720,ADA/USDT:USDT,0.836,22941.0,0.8359,19060.0,0.8361,52510.0,0.8362,47930.0
1753546981830,16:23:01.830,ADA/USDT:USDT,0.836,22941.0,0.8359,19060.0,0.8361,50693.0,0.8362,47930.0
1753546981936,16:23:01.936,ADA/USDT:USDT,0.836,307.0,0.8359,19060.0,0.8361,63598.0,0.8362,50730.0
1753546982040,16:23:02.040,ADA/USDT:USDT,0.8358,3235.0,0.8357,25984.0,0.8359,1354.0,0.836,58250.0
1753546982141,16:23:02.141,ADA/USDT:USDT,0.8356,45215.0,0.8355,26851.0,0.8357,5752.0,0.8358,16975.0
1753546982242,16:23:02.242,ADA/USDT:USDT,0.8356,14136.0,0.8355,26570.0,0.8357,7375.0,0.8358,89456.0
1753546982343,16:23:02.343,ADA/USDT:USDT,0.8356,20283.0,0.8355,10570.0,0.8357,11641.0,0.8358,101587.0
1753546982444,16:23:02.444,ADA/USDT:USDT,0.8356,18400.0,0.8355,18925.0,0.8357,21150.0,0.8358,94479.0
1753546982545,16:23:02.545,ADA/USDT:USDT,0.8356,17839.0,0.8355,11725.0,0.8357,64426.0,0.8358,56046.0
1753546982648,16:23:02.648,ADA/USDT:USDT,0.8356,18653.0,0.8355,19115.0,0.8357,27217.0,0.8358,43618.0
1753546982752,16:23:02.752,ADA/USDT:USDT,0.8356,49775.0,0.8355,19115.0,0.8357,55.0,0.8358,21518.0
1753546982853,16:23:02.853,ADA/USDT:USDT,0.8356,52427.0,0.8355,48400.0,0.8357,10443.0,0.8358,12759.0
1753546982956,16:23:02.956,ADA/USDT:USDT,0.8357,73100.0,0.8356,114387.0,0.8358,9203.0,0.8359,24443.0
1753546983057,16:23:03.057,ADA/USDT:USDT,0.8358,32950.0,0.8357,114275.0,0.8359,23588.0,0.836,30987.0
1753546983158,16:23:03.158,ADA/USDT:USDT,0.8358,46064.0,0.8357,100032.0,0.8359,22391.0,0.836,35946.0
1753546983264,16:23:03.264,ADA/USDT:USDT,0.8358,46103.0,0.8357,90793.0,0.8359,27553.0,0.836,34187.0
1753546983370,16:23:03.370,ADA/USDT:USDT,0.8358,46103.0,0.8357,90912.0,0.8359,25683.0,0.836,34187.0
1753546983494,16:23:03.494,ADA/USDT:USDT,0.8358,12144.0,0.8357,44920.0,0.8359,38791.0,0.836,41927.0
1753546983596,16:23:03.596,ADA/USDT:USDT,0.8357,18586.0,0.8356,71156.0,0.8358,61975.0,0.8359,68784.0
1753546983697,16:23:03.697,ADA/USDT:USDT,0.8357,5307.0,0.8356,36230.0,0.8358,62010.0,0.8359,68784.0
1753546983809,16:23:03.809,ADA/USDT:USDT,0.8357,736.0,0.8356,36230.0,0.8358,62010.0,0.8359,72327.0
1753546983920,16:23:03.920,ADA/USDT:USDT,0.8356,5015.0,0.8355,32264.0,0.8357,61970.0,0.8358,60891.0
1753546984021,16:23:04.021,ADA/USDT:USDT,0.8356,1440.0,0.8355,15497.0,0.8357,61990.0,0.8358,67426.0
1753546984136,16:23:04.136,ADA/USDT:USDT,0.8356,1440.0,0.8355,15497.0,0.8357,69376.0,0.8358,93183.0
1753546984249,16:23:04.249,ADA/USDT:USDT,0.8356,1430.0,0.8355,15505.0,0.8357,69543.0,0.8358,87200.0
1753546984350,16:23:04.350,ADA/USDT:USDT,0.8356,1430.0,0.8355,15505.0,0.8357,62275.0,0.8358,87319.0
1753546984473,16:23:04.473,ADA/USDT:USDT,0.8356,57077.0,0.8355,15157.0,0.8357,34235.0,0.8358,62063.0
1753546984577,16:23:04.577,ADA/USDT:USDT,0.8356,54710.0,0.8355,19250.0,0.8357,31541.0,0.8358,46668.0
1753546984697,16:23:04.697,ADA/USDT:USDT,0.8356,54710.0,0.8355,26739.0,0.8357,14212.0,0.8358,45986.0
1753546984799,16:23:04.799,ADA/USDT:USDT,0.8356,54710.0,0.8355,41699.0,0.8357,9028.0,0.8358,45386.0
1753546984901,16:23:04.901,ADA/USDT:USDT,0.8356,54710.0,0.8355,41699.0,0.8357,9028.0,0.8358,42387.0
1753546985005,16:23:05.005,ADA/USDT:USDT,0.8356,54719.0,0.8355,44738.0,0.8357,9028.0,0.8358,42394.0
1753546985106,16:23:05.106,ADA/USDT:USDT,0.8356,54719.0,0.8355,44857.0,0.8357,9028.0,0.8358,41672.0
1753546985223,16:23:05.223,ADA/USDT:USDT,0.8356,54719.0,0.8355,44857.0,0.8357,9010.0,0.8358,45262.0
1753546985333,16:23:05.333,ADA/USDT:USDT,0.8356,54719.0,0.8355,47562.0,0.8357,19751.0,0.8358,45262.0
1753546985436,16:23:05.436,ADA/USDT:USDT,0.8356,54711.0,0.8355,39954.0,0.8357,19775.0,0.8358,52751.0
1753546985538,16:23:05.538,ADA/USDT:USDT,0.8356,55201.0,0.8355,40246.0,0.8357,20472.0,0.8358,61334.0
1753546985658,16:23:05.658,ADA/USDT:USDT,0.8356,55147.0,0.8355,40246.0,0.8357,20472.0,0.8358,61343.0
1753546985778,16:23:05.778,ADA/USDT:USDT,0.8356,55118.0,0.8355,40485.0,0.8357,20472.0,0.8358,52784.0
1753546985880,16:23:05.880,ADA/USDT:USDT,0.8356,55012.0,0.8355,40127.0,0.8357,28551.0,0.8358,61343.0
1753546986003,16:23:06.003,ADA/USDT:USDT,0.8356,54930.0,0.8355,40127.0,0.8357,19230.0,0.8358,53854.0
1753546986104,16:23:06.104,ADA/USDT:USDT,0.8356,62408.0,0.8355,62447.0,0.8357,857.0,0.8358,45271.0
1753546986205,16:23:06.205,ADA/USDT:USDT,0.8357,85939.0,0.8356,84277.0,0.8358,3714.0,0.8359,47757.0
1753546986306,16:23:06.306,ADA/USDT:USDT,0.8358,40719.0,0.8357,91229.0,0.8359,19803.0,0.836,30239.0
1753546986407,16:23:06.407,ADA/USDT:USDT,0.8358,93795.0,0.8357,114263.0,0.8359,907.0,0.836,15824.0
1753546986508,16:23:06.508,ADA/USDT:USDT,0.8358,94746.0,0.8357,121800.0,0.8359,10001.0,0.836,15824.0
1753546986610,16:23:06.610,ADA/USDT:USDT,0.8359,84319.0,0.8358,97829.0,0.836,11710.0,0.8361,34290.0
1753546986713,16:23:06.713,ADA/USDT:USDT,0.8359,92644.0,0.8358,99049.0,0.836,2616.0,0.8361,23200.0
1753546986815,16:23:06.815,ADA/USDT:USDT,0.836,74080.0,0.8359,87516.0,0.8361,24948.0,0.8362,59933.0
1753546986916,16:23:06.916,ADA/USDT:USDT,0.836,65532.0,0.8359,87397.0,0.8361,26337.0,0.8362,64823.0
1753546987017,16:23:07.017,ADA/USDT:USDT,0.836,65552.0,0.8359,87397.0,0.8361,22915.0,0.8362,60375.0
1753546987125,16:23:07.125,ADA/USDT:USDT,0.836,47677.0,0.8359,81734.0,0.8361,50611.0,0.8362,57867.0
1753546987231,16:23:07.231,ADA/USDT:USDT,0.836,33532.0,0.8359,81945.0,0.8361,54381.0,0.8362,57693.0
1753546987336,16:23:07.336,ADA/USDT:USDT,0.836,41021.0,0.8359,81945.0,0.8361,46309.0,0.8362,57687.0
1753546987439,16:23:07.439,ADA/USDT:USDT,0.836,41021.0,0.8359,82184.0,0.8361,46421.0,0.8362,59336.0
1753546987540,16:23:07.540,ADA/USDT:USDT,0.836,33532.0,0.8359,73601.0,0.8361,46481.0,0.8362,59510.0
1753546987644,16:23:07.644,ADA/USDT:USDT,0.836,68100.0,0.8359,87351.0,0.8361,671.0,0.8362,47665.0
1753546987745,16:23:07.745,ADA/USDT:USDT,0.8361,65606.0,0.836,73004.0,0.8362,52818.0,0.8363,50598.0
1753546987848,16:23:07.848,ADA/USDT:USDT,0.8361,68568.0,0.836,63497.0,0.8362,54627.0,0.8363,44586.0
1753546987954,16:23:07.954,ADA/USDT:USDT,0.8361,68916.0,0.836,56008.0,0.8362,51849.0,0.8363,44586.0
1753546988055,16:23:08.055,ADA/USDT:USDT,0.8361,68916.0,0.836,63497.0,0.8362,51849.0,0.8363,44833.0
1753546988190,16:23:08.190,ADA/USDT:USDT,0.8361,18838.0,0.836,53887.0,0.8362,58742.0,0.8363,45064.0
1753546988294,16:23:08.294,ADA/USDT:USDT,0.8361,36304.0,0.836,53887.0,0.8362,51260.0,0.8363,44687.0
1753546988399,16:23:08.399,ADA/USDT:USDT,0.8361,36356.0,0.836,53919.0,0.8362,49401.0,0.8363,52176.0
1753546988504,16:23:08.504,ADA/USDT:USDT,0.8361,36356.0,0.836,53919.0,0.8362,62814.0,0.8363,44687.0
1753546988608,16:23:08.608,ADA/USDT:USDT,0.8361,39227.0,0.836,62717.0,0.8362,49526.0,0.8363,44861.0
1753546988726,16:23:08.726,ADA/USDT:USDT,0.8361,39575.0,0.836,62345.0,0.8362,26919.0,0.8363,44742.0
1753546988827,16:23:08.827,ADA/USDT:USDT,0.8361,39575.0,0.836,46297.0,0.8362,36479.0,0.8363,60790.0
1753546988937,16:23:08.937,ADA/USDT:USDT,0.8361,36697.0,0.836,46297.0,0.8362,36479.0,0.8363,60814.0
1753546989042,16:23:09.042,ADA/USDT:USDT,0.8361,37175.0,0.836,46297.0,0.8362,36479.0,0.8363,52255.0
1753546989155,16:23:09.155,ADA/USDT:USDT,0.8361,37175.0,0.836,62345.0,0.8362,36479.0,0.8363,52136.0
1753546989259,16:23:09.259,ADA/USDT:USDT,0.8361,44533.0,0.836,62376.0,0.8362,36501.0,0.8363,44623.0
1753546989381,16:23:09.381,ADA/USDT:USDT,0.8361,37400.0,0.836,62376.0,0.8362,35903.0,0.8363,44623.0
1753546989486,16:23:09.486,ADA/USDT:USDT,0.8361,37052.0,0.836,54141.0,0.8362,43955.0,0.8363,60380.0
1753546989587,16:23:09.587,ADA/USDT:USDT,0.8361,37048.0,0.836,46652.0,0.8362,57518.0,0.8363,60380.0
1753546989708,16:23:09.708,ADA/USDT:USDT,0.8361,37048.0,0.836,46652.0,0.8362,57518.0,0.8363,60380.0
1753546989809,16:23:09.809,ADA/USDT:USDT,0.8361,37055.0,0.836,54141.0,0.8362,53673.0,0.8363,60380.0
1753546989927,16:23:09.927,ADA/USDT:USDT,0.8361,37065.0,0.836,62700.0,0.8362,53673.0,0.8363,51821.0
1753546990177,16:23:10.177,ADA/USDT:USDT,0.8361,38038.0,0.836,62352.0,0.8362,30745.0,0.8363,44506.0
1753546990287,16:23:10.287,ADA/USDT:USDT,0.8361,50296.0,0.836,62376.0,0.8362,13591.0,0.8363,43385.0
1753546990391,16:23:10.391,ADA/USDT:USDT,0.8361,47519.0,0.836,65176.0,0.8362,8664.0,0.8363,46957.0
1753546990492,16:23:10.492,ADA/USDT:USDT,0.8361,38030.0,0.836,56593.0,0.8362,30700.0,0.8363,46957.0
1753546990608,16:23:10.608,ADA/USDT:USDT,0.8361,38030.0,0.836,56593.0,0.8362,30470.0,0.8363,63005.0
1753546990716,16:23:10.716,ADA/USDT:USDT,0.8361,44536.0,0.836,65176.0,0.8362,21082.0,0.8363,46957.0
1753546990818,16:23:10.818,ADA/USDT:USDT,0.8361,60323.0,0.836,65176.0,0.8362,17636.0,0.8363,46957.0
1753546990920,16:23:10.920,ADA/USDT:USDT,0.8361,60323.0,0.836,84365.0,0.8362,6915.0,0.8363,38355.0
1753546991024,16:23:11.024,ADA/USDT:USDT,0.8362,67611.0,0.8361,78096.0,0.8363,31685.0,0.8364,50385.0
1753546991125,16:23:11.125,ADA/USDT:USDT,0.8362,49888.0,0.8361,47702.0,0.8363,58022.0,0.8364,38791.0
1753546991227,16:23:11.227,ADA/USDT:USDT,0.8362,49888.0,0.8361,63502.0,0.8363,54448.0,0.8364,43645.0
1753546991328,16:23:11.328,ADA/USDT:USDT,0.8362,49888.0,0.8361,54595.0,0.8363,54468.0,0.8364,36449.0
1753546991439,16:23:11.439,ADA/USDT:USDT,0.8362,50236.0,0.8361,63154.0,0.8363,54780.0,0.8364,36449.0
1753546991548,16:23:11.548,ADA/USDT:USDT,0.8362,57734.0,0.8361,63145.0,0.8363,45240.0,0.8364,36449.0
1753546991655,16:23:11.655,ADA/USDT:USDT,0.8362,50245.0,0.8361,63145.0,0.8363,45240.0,0.8364,43938.0
1753546991769,16:23:11.769,ADA/USDT:USDT,0.8362,49923.0,0.8361,62636.0,0.8363,45902.0,0.8364,52497.0
1753546991870,16:23:11.870,ADA/USDT:USDT,0.8362,50271.0,0.8361,46588.0,0.8363,46141.0,0.8364,52497.0
1753546991999,16:23:11.999,ADA/USDT:USDT,0.8362,29812.0,0.8361,46936.0,0.8363,58267.0,0.8364,44637.0
1753546992101,16:23:12.101,ADA/USDT:USDT,0.8362,29843.0,0.8361,54425.0,0.8363,66582.0,0.8364,44754.0
1753546992209,16:23:12.209,ADA/USDT:USDT,0.8362,29917.0,0.8361,54449.0,0.8363,66568.0,0.8364,44754.0
1753546992326,16:23:12.326,ADA/USDT:USDT,0.8362,243.0,0.8361,40224.0,0.8363,66568.0,0.8364,51001.0
1753546992429,16:23:12.429,ADA/USDT:USDT,0.8362,1436.0,0.8361,40217.0,0.8363,68142.0,0.8364,55902.0
1753546992542,16:23:12.542,ADA/USDT:USDT,0.8361,29660.0,0.836,53849.0,0.8362,95880.0,0.8363,103947.0
1753546992645,16:23:12.645,ADA/USDT:USDT,0.8361,28847.0,0.836,53849.0,0.8362,103305.0,0.8363,100310.0
1753546992758,16:23:12.758,ADA/USDT:USDT,0.8361,36910.0,0.836,61338.0,0.8362,95782.0,0.8363,105608.0
1753546992861,16:23:12.861,ADA/USDT:USDT,0.8361,50988.0,0.836,69549.0,0.8362,16892.0,0.8363,82424.0
1753546992962,16:23:12.962,ADA/USDT:USDT,0.8361,50988.0,0.836,69620.0,0.8362,14491.0,0.8363,74712.0
1753546993073,16:23:13.073,ADA/USDT:USDT,0.8362,4980.0,0.8361,50962.0,0.8363,74685.0,0.8364,55241.0
1753546993174,16:23:13.174,ADA/USDT:USDT,0.8362,27302.0,0.8361,62901.0,0.8363,60789.0,0.8364,29559.0
1753546993275,16:23:13.275,ADA/USDT:USDT,0.8362,27302.0,0.8361,62925.0,0.8363,68865.0,0.8364,29559.0
1753546993378,16:23:13.378,ADA/USDT:USDT,0.8362,10830.0,0.8361,42420.0,0.8363,74264.0,0.8364,30512.0
1753546993485,16:23:13.485,ADA/USDT:USDT,0.8362,8102.0,0.8361,36167.0,0.8363,75556.0,0.8364,31850.0
1753546993589,16:23:13.589,ADA/USDT:USDT,0.8362,8102.0,0.8361,36174.0,0.8363,75472.0,0.8364,35437.0
1753546993706,16:23:13.706,ADA/USDT:USDT,0.8362,8102.0,0.8361,36174.0,0.8363,75711.0,0.8364,35437.0
1753546993808,16:23:13.808,ADA/USDT:USDT,0.8362,8102.0,0.8361,36193.0,0.8363,75711.0,0.8364,35318.0
1753546993911,16:23:13.911,ADA/USDT:USDT,0.8362,24469.0,0.8361,44752.0,0.8363,65716.0,0.8364,30444.0
1753546994013,16:23:14.013,ADA/USDT:USDT,0.8362,25642.0,0.8361,52241.0,0.8363,65716.0,0.8364,33845.0
1753546994116,16:23:14.116,ADA/USDT:USDT,0.8362,1203.0,0.8361,43682.0,0.8363,75290.0,0.8364,34255.0
1753546994225,16:23:14.225,ADA/USDT:USDT,0.8362,203.0,0.8361,43674.0,0.8363,75288.0,0.8364,34397.0
1753546994346,16:23:14.346,ADA/USDT:USDT,0.8362,220.0,0.8361,36193.0,0.8363,75291.0,0.8364,43553.0
1753546994457,16:23:14.457,ADA/USDT:USDT,0.8362,220.0,0.8361,36193.0,0.8363,75291.0,0.8364,34994.0
1753546994558,16:23:14.558,ADA/USDT:USDT,0.8362,8292.0,0.8361,36193.0,0.8363,76872.0,0.8364,38303.0
1753546994690,16:23:14.690,ADA/USDT:USDT,0.8362,24691.0,0.8361,52241.0,0.8363,68758.0,0.8364,38161.0
1753546994796,16:23:14.796,ADA/USDT:USDT,0.8362,24711.0,0.8361,52241.0,0.8363,68997.0,0.8364,38161.0
1753546994898,16:23:14.898,ADA/USDT:USDT,0.8362,24711.0,0.8361,52241.0,0.8363,68584.0,0.8364,37632.0
1753546995015,16:23:15.015,ADA/USDT:USDT,0.8362,24711.0,0.8361,52241.0,0.8363,68584.0,0.8364,37806.0
1753546995118,16:23:15.118,ADA/USDT:USDT,0.8362,24721.0,0.8361,52241.0,0.8363,68584.0,0.8364,37806.0
1753546995228,16:23:15.228,ADA/USDT:USDT,0.8362,24721.0,0.8361,52265.0,0.8363,68996.0,0.8364,37632.0
1753546995334,16:23:15.334,ADA/USDT:USDT,0.8362,17232.0,0.8361,44776.0,0.8363,69180.0,0.8364,37632.0
1753546995438,16:23:15.438,ADA/USDT:USDT,0.8362,18806.0,0.8361,44776.0,0.8363,69180.0,0.8364,38044.0
1753546995539,16:23:15.539,ADA/USDT:USDT,0.8362,17283.0,0.8361,36217.0,0.8363,73809.0,0.8364,37632.0
1753546995642,16:23:15.642,ADA/USDT:USDT,0.8362,17283.0,0.8361,36217.0,0.8363,73809.0,0.8364,37632.0
1753546995758,16:23:15.758,ADA/USDT:USDT,0.8362,17273.0,0.8361,36193.0,0.8363,74048.0,0.8364,37632.0
1753546995909,16:23:15.909,ADA/USDT:USDT,0.8362,17273.0,0.8361,36193.0,0.8363,73823.0,0.8364,37632.0
1753546996038,16:23:16.038,ADA/USDT:USDT,0.8362,17273.0,0.8361,36193.0,0.8363,72333.0,0.8364,38080.0
1753546996144,16:23:16.144,ADA/USDT:USDT,0.8362,17325.0,0.8361,36193.0,0.8363,72452.0,0.8364,38080.0
1753546996253,16:23:16.253,ADA/USDT:USDT,0.8362,17636.0,0.8361,36217.0,0.8363,72460.0,0.8364,38056.0
1753546996355,16:23:16.355,ADA/USDT:USDT,0.8362,17637.0,0.8361,36193.0,0.8363,72441.0,0.8364,38199.0
1753546996465,16:23:16.465,ADA/USDT:USDT,0.8362,17637.0,0.8361,36193.0,0.8363,72441.0,0.8364,38199.0
1753546996570,16:23:16.570,ADA/USDT:USDT,0.8361,190.0,0.836,39854.0,0.8362,95348.0,0.8363,88309.0
1753546996676,16:23:16.676,ADA/USDT:USDT,0.8359,46913.0,0.8358,93522.0,0.836,61412.0,0.8361,96146.0
1753546996777,16:23:16.777,ADA/USDT:USDT,0.8359,27847.0,0.8358,70000.0,0.836,53360.0,0.8361,94632.0
1753546996878,16:23:16.878,ADA/USDT:USDT,0.8359,57251.0,0.8358,70251.0,0.836,6.0,0.8361,71109.0
1753546996985,16:23:16.985,ADA/USDT:USDT,0.836,65514.0,0.8359,61039.0,0.8361,19677.0,0.8362,83864.0
1753546997086,16:23:17.086,ADA/USDT:USDT,0.836,65190.0,0.8359,61039.0,0.8361,12883.0,0.8362,74559.0
1753546997187,16:23:17.187,ADA/USDT:USDT,0.8361,77587.0,0.836,66941.0,0.8362,15164.0,0.8363,89424.0
1753546997298,16:23:17.298,ADA/USDT:USDT,0.8361,77587.0,0.836,71962.0,0.8362,14830.0,0.8363,88632.0
1753546997400,16:23:17.400,ADA/USDT:USDT,0.8361,62011.0,0.836,71552.0,0.8362,35441.0,0.8363,88625.0
1753546997609,16:23:17.609,ADA/USDT:USDT,0.8361,62011.0,0.836,60734.0,0.8362,35441.0,0.8363,91528.0
1753546997723,16:23:17.723,ADA/USDT:USDT,0.8361,61961.0,0.836,52151.0,0.8362,42347.0,0.8363,86623.0
1753546997858,16:23:17.858,ADA/USDT:USDT,0.8361,77537.0,0.836,61030.0,0.8362,19812.0,0.8363,78033.0
1753546997980,16:23:17.980,ADA/USDT:USDT,0.8361,77537.0,0.836,77196.0,0.8362,19812.0,0.8363,73729.0
1753546998083,16:23:18.083,ADA/USDT:USDT,0.8361,61613.0,0.836,68665.0,0.8362,45551.0,0.8363,81218.0
1753546998185,16:23:18.185,ADA/USDT:USDT,0.8361,61620.0,0.836,76154.0,0.8362,47573.0,0.8363,82024.0
1753546998398,16:23:18.398,ADA/USDT:USDT,0.8361,69612.0,0.836,84829.0,0.8362,24897.0,0.8363,73729.0
1753546998532,16:23:18.532,ADA/USDT:USDT,0.8361,69612.0,0.836,84836.0,0.8362,8790.0,0.8363,73729.0
1753546998635,16:23:18.635,ADA/USDT:USDT,0.8361,69612.0,0.836,84836.0,0.8362,19496.0,0.8363,73721.0
1753546998739,16:23:18.739,ADA/USDT:USDT,0.8361,61775.0,0.836,68791.0,0.8362,42944.0,0.8363,89039.0
1753546998841,16:23:18.841,ADA/USDT:USDT,0.8361,62221.0,0.836,76161.0,0.8362,42944.0,0.8363,89039.0
1753546998948,16:23:18.948,ADA/USDT:USDT,0.8361,70058.0,0.836,84053.0,0.8362,21327.0,0.8363,73721.0
1753546999089,16:23:19.089,ADA/USDT:USDT,0.8361,77887.0,0.836,84053.0,0.8362,20043.0,0.8363,73475.0
1753546999192,16:23:19.192,ADA/USDT:USDT,0.8361,77887.0,0.836,84196.0,0.8362,20043.0,0.8363,73475.0
1753546999311,16:23:19.311,ADA/USDT:USDT,0.8361,78546.0,0.836,91225.0,0.8362,19425.0,0.8363,73475.0
1753546999414,16:23:19.414,ADA/USDT:USDT,0.8361,78612.0,0.836,91225.0,0.8362,19543.0,0.8363,73475.0
1753546999540,16:23:19.540,ADA/USDT:USDT,0.8361,70783.0,0.836,91225.0,0.8362,19333.0,0.8363,73475.0
1753546999688,16:23:19.688,ADA/USDT:USDT,0.8361,70783.0,0.836,91225.0,0.8362,19333.0,0.8363,73475.0
1753546999808,16:23:19.808,ADA/USDT:USDT,0.8361,70783.0,0.836,94025.0,0.8362,19611.0,0.8363,73475.0
1753546999937,16:23:19.937,ADA/USDT:USDT,0.8361,70783.0,0.836,94025.0,0.8362,19613.0,0.8363,73475.0
1753547000039,16:23:20.039,ADA/USDT:USDT,0.8362,52567.0,0.8361,79352.0,0.8363,40299.0,0.8364,49019.0
1753547000140,16:23:20.140,ADA/USDT:USDT,0.8362,45455.0,0.8361,79231.0,0.8363,16969.0,0.8364,23527.0
1753547000241,16:23:20.241,ADA/USDT:USDT,0.8362,45613.0,0.8361,79076.0,0.8363,21033.0,0.8364,36149.0
1753547000344,16:23:20.344,ADA/USDT:USDT,0.8362,46355.0,0.8361,70327.0,0.8363,35339.0,0.8364,36143.0
1753547000446,16:23:20.446,ADA/USDT:USDT,0.8362,39005.0,0.8361,60362.0,0.8363,48627.0,0.8364,44528.0
1753547000550,16:23:20.550,ADA/USDT:USDT,0.8362,31022.0,0.8361,60362.0,0.8363,42987.0,0.8364,44726.0
1753547000655,16:23:20.655,ADA/USDT:USDT,0.8362,31022.0,0.8361,60362.0,0.8363,46292.0,0.8364,44552.0
1753547000763,16:23:20.763,ADA/USDT:USDT,0.8362,31022.0,0.8361,60362.0,0.8363,55066.0,0.8364,44552.0
1753547000888,16:23:20.888,ADA/USDT:USDT,0.8362,31022.0,0.8361,60362.0,0.8363,47577.0,0.8364,44552.0
1753547000990,16:23:20.990,ADA/USDT:USDT,0.8362,31022.0,0.8361,60362.0,0.8363,47577.0,0.8364,44552.0
1753547001108,16:23:21.108,ADA/USDT:USDT,0.8362,31022.0,0.8361,60362.0,0.8363,47577.0,0.8364,44552.0
1753547001229,16:23:21.229,ADA/USDT:USDT,0.8362,31022.0,0.8361,60362.0,0.8363,53813.0,0.8364,44552.0
1753547001354,16:23:21.354,ADA/USDT:USDT,0.8362,31143.0,0.8361,60362.0,0.8363,46429.0,0.8364,44552.0
1753547001478,16:23:21.478,ADA/USDT:USDT,0.8362,1481.0,0.8361,59505.0,0.8363,67126.0,0.8364,53782.0
1753547001585,16:23:21.585,ADA/USDT:USDT,0.8362,9553.0,0.8361,59919.0,0.8363,49486.0,0.8364,53368.0
1753547001697,16:23:21.697,ADA/USDT:USDT,0.8362,9573.0,0.8361,59919.0,0.8363,49490.0,0.8364,53368.0
1753547001802,16:23:21.802,ADA/USDT:USDT,0.8362,9573.0,0.8361,59919.0,0.8363,49729.0,0.8364,53368.0
1753547001959,16:23:21.959,ADA/USDT:USDT,0.8362,38171.0,0.8361,59571.0,0.8363,40739.0,0.8364,39359.0
1753547002060,16:23:22.060,ADA/USDT:USDT,0.8362,37816.0,0.8361,59919.0,0.8363,40739.0,0.8364,39359.0
1753547002186,16:23:22.186,ADA/USDT:USDT,0.8362,37823.0,0.8361,59943.0,0.8363,40978.0,0.8364,39359.0
1753547002309,16:23:22.309,ADA/USDT:USDT,0.8362,37824.0,0.8361,59919.0,0.8363,41152.0,0.8364,39209.0
1753547002446,16:23:22.446,ADA/USDT:USDT,0.8362,20306.0,0.8361,59853.0,0.8363,49444.0,0.8364,39185.0
1753547002555,16:23:22.555,ADA/USDT:USDT,0.8362,27795.0,0.8361,59853.0,0.8363,45854.0,0.8364,31696.0
1753547002674,16:23:22.674,ADA/USDT:USDT,0.8362,54264.0,0.8361,87742.0,0.8363,21047.0,0.8364,29182.0
1753547002777,16:23:22.777,ADA/USDT:USDT,0.8361,24898.0,0.836,76325.0,0.8362,69595.0,0.8363,95043.0
1753547002895,16:23:22.895,ADA/USDT:USDT,0.8361,40479.0,0.836,76207.0,0.8362,64241.0,0.8363,95391.0
1753547003006,16:23:23.006,ADA/USDT:USDT,0.8361,31966.0,0.836,76391.0,0.8362,64241.0,0.8363,95043.0
1753547003109,16:23:23.109,ADA/USDT:USDT,0.8361,38917.0,0.836,76043.0,0.8362,64265.0,0.8363,95415.0
1753547003338,16:23:23.338,ADA/USDT:USDT,0.8361,53258.0,0.836,76052.0,0.8362,13088.0,0.8363,68718.0
1753547003440,16:23:23.440,ADA/USDT:USDT,0.8362,40246.0,0.8361,52323.0,0.8363,32767.0,0.8364,33334.0
1753547003544,16:23:23.544,ADA/USDT:USDT,0.8362,40128.0,0.8361,52098.0,0.8363,32528.0,0.8364,30231.0
1753547003647,16:23:23.647,ADA/USDT:USDT,0.8362,32628.0,0.8361,52446.0,0.8363,27716.0,0.8364,29378.0
1753547003750,16:23:23.750,ADA/USDT:USDT,0.8362,32637.0,0.8361,45175.0,0.8363,41189.0,0.8364,29030.0
1753547003855,16:23:23.855,ADA/USDT:USDT,0.8362,19295.0,0.8361,44766.0,0.8363,45935.0,0.8364,29030.0
1753547003978,16:23:23.978,ADA/USDT:USDT,0.8362,19295.0,0.8361,45182.0,0.8363,41189.0,0.8364,29030.0
1753547004086,16:23:24.086,ADA/USDT:USDT,0.8362,26784.0,0.8361,45182.0,0.8363,41189.0,0.8364,29030.0
1753547004188,16:23:24.188,ADA/USDT:USDT,0.8362,8962.0,0.8361,44766.0,0.8363,46140.0,0.8364,29030.0
1753547004341,16:23:24.341,ADA/USDT:USDT,0.8361,32332.0,0.836,82614.0,0.8362,46495.0,0.8363,67230.0
1753547004447,16:23:24.447,ADA/USDT:USDT,0.8361,54364.0,0.836,91806.0,0.8362,1469.0,0.8363,47800.0
1753547004549,16:23:24.549,ADA/USDT:USDT,0.8361,46993.0,0.836,96154.0,0.8362,6.0,0.8363,47561.0
1753547004651,16:23:24.651,ADA/USDT:USDT,0.8362,19290.0,0.8361,47049.0,0.8363,46368.0,0.8364,53424.0
1753547004755,16:23:24.755,ADA/USDT:USDT,0.8362,19290.0,0.8361,47062.0,0.8363,46388.0,0.8364,30030.0
1753547004959,16:23:24.959,ADA/USDT:USDT,0.8361,24260.0,0.836,75991.0,0.8362,60266.0,0.8363,62201.0
1753547005060,16:23:25.060,ADA/USDT:USDT,0.8361,31501.0,0.836,61448.0,0.8362,49565.0,0.8363,54473.0
1753547005167,16:23:25.167,ADA/USDT:USDT,0.8361,31501.0,0.836,70988.0,0.8362,46373.0,0.8363,54473.0
1753547005268,16:23:25.268,ADA/USDT:USDT,0.8361,31262.0,0.836,70988.0,0.8362,45649.0,0.8363,54736.0
1753547005395,16:23:25.395,ADA/USDT:USDT,0.8361,22335.0,0.836,63986.0,0.8362,45160.0,0.8363,54712.0
1753547005502,16:23:25.502,ADA/USDT:USDT,0.8361,9206.0,0.836,45989.0,0.8362,61502.0,0.8363,53385.0
1753547005603,16:23:25.603,ADA/USDT:USDT,0.836,25741.0,0.8359,77426.0,0.8361,66702.0,0.8362,53571.0
1753547005704,16:23:25.704,ADA/USDT:USDT,0.836,26072.0,0.8359,71455.0,0.8361,52912.0,0.8362,46068.0
1753547005805,16:23:25.805,ADA/USDT:USDT,0.836,35356.0,0.8359,71694.0,0.8361,46784.0,0.8362,46068.0
1753547005907,16:23:25.907,ADA/USDT:USDT,0.836,25231.0,0.8359,70668.0,0.8361,47132.0,0.8362,47668.0
1753547006008,16:23:26.008,ADA/USDT:USDT,0.836,24063.0,0.8359,55469.0,0.8361,55964.0,0.8362,46983.0
1753547006110,16:23:26.110,ADA/USDT:USDT,0.836,20354.0,0.8359,55469.0,0.8361,46756.0,0.8362,46983.0
1753547006216,16:23:26.216,ADA/USDT:USDT,0.836,20354.0,0.8359,51942.0,0.8361,56333.0,0.8362,46983.0
1753547006323,16:23:26.323,ADA/USDT:USDT,0.836,20354.0,0.8359,52360.0,0.8361,48880.0,0.8362,46938.0
1753547006426,16:23:26.426,ADA/USDT:USDT,0.836,20354.0,0.8359,61972.0,0.8361,48960.0,0.8362,46895.0
1753547006548,16:23:26.548,ADA/USDT:USDT,0.836,19854.0,0.8359,61972.0,0.8361,47162.0,0.8362,46895.0
1753547006651,16:23:26.651,ADA/USDT:USDT,0.836,28722.0,0.8359,61624.0,0.8361,38742.0,0.8362,46895.0
1753547006785,16:23:26.785,ADA/USDT:USDT,0.836,63149.0,0.8359,64424.0,0.8361,938.0,0.8362,36585.0
1753547006890,16:23:26.890,ADA/USDT:USDT,0.836,63306.0,0.8359,70049.0,0.8361,719.0,0.8362,36592.0
1753547007018,16:23:27.018,ADA/USDT:USDT,0.8361,54793.0,0.836,58385.0,0.8362,22803.0,0.8363,61113.0
1753547007122,16:23:27.122,ADA/USDT:USDT,0.8361,54714.0,0.836,59124.0,0.8362,22803.0,0.8363,54394.0
1753547007247,16:23:27.247,ADA/USDT:USDT,0.8361,54714.0,0.836,59124.0,0.8362,22725.0,0.8363,53541.0
1753547007368,16:23:27.368,ADA/USDT:USDT,0.8361,51819.0,0.836,59124.0,0.8362,24947.0,0.8363,53550.0
1753547007473,16:23:27.473,ADA/USDT:USDT,0.8361,40749.0,0.836,49560.0,0.8362,39187.0,0.8363,53550.0
1753547007579,16:23:27.579,ADA/USDT:USDT,0.8361,53592.0,0.836,59219.0,0.8362,13042.0,0.8363,53550.0
1753547007684,16:23:27.684,ADA/USDT:USDT,0.8361,40401.0,0.836,59219.0,0.8362,36136.0,0.8363,53550.0
1753547007787,16:23:27.787,ADA/USDT:USDT,0.8361,48238.0,0.836,62922.0,0.8362,12406.0,0.8363,53550.0
1753547007898,16:23:27.898,ADA/USDT:USDT,0.8361,48238.0,0.836,63842.0,0.8362,12406.0,0.8363,53550.0
1753547008005,16:23:28.005,ADA/USDT:USDT,0.8361,40401.0,0.836,60949.0,0.8362,35470.0,0.8363,53574.0
1753547008110,16:23:28.110,ADA/USDT:USDT,0.8361,47890.0,0.836,58184.0,0.8362,35470.0,0.8363,53574.0
1753547008223,16:23:28.223,ADA/USDT:USDT,0.8361,40401.0,0.836,58951.0,0.8362,35470.0,0.8363,53574.0
1753547008326,16:23:28.326,ADA/USDT:USDT,0.8361,48309.0,0.836,58603.0,0.8362,35530.0,0.8363,53550.0
1753547008428,16:23:28.428,ADA/USDT:USDT,0.8361,48309.0,0.836,58603.0,0.8362,37335.0,0.8363,53543.0
1753547008531,16:23:28.531,ADA/USDT:USDT,0.8361,48197.0,0.836,56324.0,0.8362,37335.0,0.8363,53543.0
1753547008650,16:23:28.650,ADA/USDT:USDT,0.8361,40420.0,0.836,56253.0,0.8362,45407.0,0.8363,53567.0
1753547008756,16:23:28.756,ADA/USDT:USDT,0.8361,48257.0,0.836,55905.0,0.8362,43050.0,0.8363,53543.0
1753547008879,16:23:28.879,ADA/USDT:USDT,0.8361,48257.0,0.836,55905.0,0.8362,43073.0,0.8363,53532.0
1753547008985,16:23:28.985,ADA/USDT:USDT,0.8361,48257.0,0.836,55810.0,0.8362,16093.0,0.8363,53532.0
1753547009104,16:23:29.104,ADA/USDT:USDT,0.8361,48257.0,0.836,58610.0,0.8362,12773.0,0.8363,49421.0
1753547009220,16:23:29.220,ADA/USDT:USDT,0.836,41017.0,0.8359,73797.0,0.8361,28990.0,0.8362,69753.0
1753547009422,16:23:29.422,ADA/USDT:USDT,0.8359,25335.0,0.8358,31602.0,0.836,151812.0,0.8361,63645.0
1753547009523,16:23:29.523,ADA/USDT:USDT,0.8359,21690.0,0.8358,26290.0,0.836,100069.0,0.8361,64245.0
1753547009624,16:23:29.624,ADA/USDT:USDT,0.8359,9353.0,0.8358,26474.0,0.836,105207.0,0.8361,64428.0
1753547009847,16:23:29.847,ADA/USDT:USDT,0.8359,28182.0,0.8358,26474.0,0.836,97229.0,0.8361,62840.0
1753547009965,16:23:29.965,ADA/USDT:USDT,0.8359,35671.0,0.8358,26474.0,0.836,97227.0,0.8361,62840.0
1753547010066,16:23:30.066,ADA/USDT:USDT,0.8359,28182.0,0.8358,38735.0,0.836,97227.0,0.8361,62816.0
1753547010170,16:23:30.170,ADA/USDT:USDT,0.8359,35671.0,0.8358,38735.0,0.836,57405.0,0.8361,59897.0
1753547010278,16:23:30.278,ADA/USDT:USDT,0.8359,28182.0,0.8358,38854.0,0.836,46766.0,0.8361,64538.0
1753547010384,16:23:30.384,ADA/USDT:USDT,0.8359,27982.0,0.8358,38830.0,0.836,48861.0,0.8361,64562.0
1753547010485,16:23:30.485,ADA/USDT:USDT,0.8359,27982.0,0.8358,38830.0,0.836,57420.0,0.8361,66162.0
1753547010605,16:23:30.605,ADA/USDT:USDT,0.8359,27982.0,0.8358,38711.0,0.836,60117.0,0.8361,66162.0
1753547010710,16:23:30.710,ADA/USDT:USDT,0.8359,19870.0,0.8358,37871.0,0.836,52661.0,0.8361,66281.0
1753547010811,16:23:30.811,ADA/USDT:USDT,0.8359,35451.0,0.8358,37871.0,0.836,48513.0,0.8361,66162.0
1753547010928,16:23:30.928,ADA/USDT:USDT,0.8359,56755.0,0.8358,69646.0,0.836,18473.0,0.8361,64538.0
1753547011049,16:23:31.049,ADA/USDT:USDT,0.8359,40937.0,0.8358,70486.0,0.836,26545.0,0.8361,64538.0
1753547011156,16:23:31.156,ADA/USDT:USDT,0.8359,48426.0,0.8358,70486.0,0.836,19214.0,0.8361,64538.0
1753547011278,16:23:31.278,ADA/USDT:USDT,0.8359,48426.0,0.8358,70486.0,0.836,15332.0,0.8361,64538.0
1753547011384,16:23:31.384,ADA/USDT:USDT,0.8359,48450.0,0.8358,70486.0,0.836,16205.0,0.8361,64538.0
1753547011521,16:23:31.521,ADA/USDT:USDT,0.8359,50134.0,0.8358,70804.0,0.836,13073.0,0.8361,59904.0
1753547011625,16:23:31.625,ADA/USDT:USDT,0.8359,61208.0,0.8358,75272.0,0.836,2332.0,0.8361,51232.0
1753547011844,16:23:31.844,ADA/USDT:USDT,0.8359,61208.0,0.8358,82268.0,0.836,2332.0,0.8361,33292.0
1753547011958,16:23:31.958,ADA/USDT:USDT,0.8359,61208.0,0.8358,82268.0,0.836,2331.0,0.8361,33292.0
1753547012066,16:23:32.066,ADA/USDT:USDT,0.8359,53603.0,0.8358,82604.0,0.836,2354.0,0.8361,33280.0
1753547012172,16:23:32.172,ADA/USDT:USDT,0.8359,53603.0,0.8358,83868.0,0.836,2375.0,0.8361,33280.0
1753547012301,16:23:32.301,ADA/USDT:USDT,0.8359,53628.0,0.8358,87199.0,0.836,11469.0,0.8361,33280.0
1753547012403,16:23:32.403,ADA/USDT:USDT,0.8359,53628.0,0.8358,88096.0,0.836,11469.0,0.8361,33280.0
1753547012543,16:23:32.543,ADA/USDT:USDT,0.8359,45872.0,0.8358,91044.0,0.836,11755.0,0.8361,41113.0
1753547012645,16:23:32.645,ADA/USDT:USDT,0.8359,45872.0,0.8358,85400.0,0.836,19545.0,0.8361,41137.0
1753547012747,16:23:32.747,ADA/USDT:USDT,0.8359,42522.0,0.8358,71630.0,0.836,38620.0,0.8361,42737.0
1753547012848,16:23:32.848,ADA/USDT:USDT,0.8359,42522.0,0.8358,69808.0,0.836,42209.0,0.8361,42737.0
1753547012963,16:23:32.963,ADA/USDT:USDT,0.8359,52817.0,0.8358,73817.0,0.836,38095.0,0.8361,42713.0
1753547013098,16:23:33.098,ADA/USDT:USDT,0.8359,45328.0,0.8358,73817.0,0.836,37856.0,0.8361,42976.0
1753547013304,16:23:33.304,ADA/USDT:USDT,0.8359,41999.0,0.8358,42474.0,0.836,57230.0,0.8361,42737.0
1753547013407,16:23:33.407,ADA/USDT:USDT,0.8359,21632.0,0.8358,32815.0,0.836,58515.0,0.8361,43160.0
1753547013511,16:23:33.511,ADA/USDT:USDT,0.8358,28377.0,0.8357,75536.0,0.8359,81074.0,0.836,60787.0
1753547013614,16:23:33.614,ADA/USDT:USDT,0.8358,11020.0,0.8357,60584.0,0.8359,79789.0,0.836,60787.0
1753547013719,16:23:33.719,ADA/USDT:USDT,0.8358,19092.0,0.8357,60823.0,0.8359,79789.0,0.836,60787.0
1753547013927,16:23:33.927,ADA/USDT:USDT,0.8358,39865.0,0.8357,70646.0,0.8359,23793.0,0.836,49946.0
1753547014035,16:23:34.035,ADA/USDT:USDT,0.8358,39865.0,0.8357,70646.0,0.8359,23793.0,0.836,48346.0
1753547014188,16:23:34.188,ADA/USDT:USDT,0.8359,30514.0,0.8358,46052.0,0.836,45647.0,0.8361,45947.0
1753547014290,16:23:34.290,ADA/USDT:USDT,0.8358,26403.0,0.8357,46318.0,0.8359,70445.0,0.836,51590.0
1753547014392,16:23:34.392,ADA/USDT:USDT,0.8358,26403.0,0.8357,46565.0,0.8359,68409.0,0.836,51590.0
1753547014500,16:23:34.500,ADA/USDT:USDT,0.8358,55009.0,0.8357,51222.0,0.8359,52066.0,0.836,49394.0
1753547014601,16:23:34.601,ADA/USDT:USDT,0.8358,63199.0,0.8357,53142.0,0.8359,16713.0,0.836,46084.0
1753547014705,16:23:34.705,ADA/USDT:USDT,0.8358,63223.0,0.8357,62682.0,0.8359,13702.0,0.836,40656.0
1753547014806,16:23:34.806,ADA/USDT:USDT,0.8358,63223.0,0.8357,62921.0,0.8359,13702.0,0.836,40656.0
1753547014920,16:23:34.920,ADA/USDT:USDT,0.8358,55389.0,0.8357,62921.0,0.8359,13702.0,0.836,40656.0
1753547015026,16:23:35.026,ADA/USDT:USDT,0.8358,55365.0,0.8357,62945.0,0.8359,13702.0,0.836,40656.0
1753547015156,16:23:35.156,ADA/USDT:USDT,0.8358,55365.0,0.8357,62945.0,0.8359,13702.0,0.836,40656.0
1753547015289,16:23:35.289,ADA/USDT:USDT,0.8358,55365.0,0.8357,62945.0,0.8359,13773.0,0.836,40587.0
1753547015410,16:23:35.410,ADA/USDT:USDT,0.8358,55365.0,0.8357,62945.0,0.8359,13773.0,0.836,40587.0
1753547015521,16:23:35.521,ADA/USDT:USDT,0.8358,55365.0,0.8357,62706.0,0.8359,13567.0,0.836,40348.0
1753547015623,16:23:35.623,ADA/USDT:USDT,0.8358,64963.0,0.8357,63000.0,0.8359,13567.0,0.836,40078.0
1753547015734,16:23:35.734,ADA/USDT:USDT,0.8358,54368.0,0.8357,63000.0,0.8359,16627.0,0.836,40317.0
1753547015854,16:23:35.854,ADA/USDT:USDT,0.8358,46879.0,0.8357,62976.0,0.8359,24699.0,0.836,40317.0
1753547016082,16:23:36.082,ADA/USDT:USDT,0.8358,54368.0,0.8357,63096.0,0.8359,16627.0,0.836,40317.0
1753547016210,16:23:36.210,ADA/USDT:USDT,0.8358,46879.0,0.8357,63120.0,0.8359,13554.0,0.836,40317.0
1753547016311,16:23:36.311,ADA/USDT:USDT,0.8358,46879.0,0.8357,63120.0,0.8359,13554.0,0.836,40341.0
1753547016448,16:23:36.448,ADA/USDT:USDT,0.8358,62916.0,0.8357,63096.0,0.8359,13554.0,0.836,40317.0
1753547016551,16:23:36.551,ADA/USDT:USDT,0.8358,62916.0,0.8357,63239.0,0.8359,13569.0,0.836,40078.0
1753547016659,16:23:36.659,ADA/USDT:USDT,0.8358,63061.0,0.8357,66039.0,0.8359,13582.0,0.836,40078.0
1753547016761,16:23:36.761,ADA/USDT:USDT,0.8358,63032.0,0.8357,66039.0,0.8359,13627.0,0.836,40277.0
1753547016904,16:23:36.904,ADA/USDT:USDT,0.8358,63032.0,0.8357,66039.0,0.8359,13627.0,0.836,40277.0
1753547017026,16:23:37.026,ADA/USDT:USDT,0.8358,63032.0,0.8357,66039.0,0.8359,13627.0,0.836,40301.0
1753547017210,16:23:37.210,ADA/USDT:USDT,0.8358,39402.0,0.8357,63101.0,0.8359,22071.0,0.836,39953.0
1753547017314,16:23:37.314,ADA/USDT:USDT,0.8358,60005.0,0.8357,63101.0,0.8359,13689.0,0.836,35515.0
1753547017415,16:23:37.415,ADA/USDT:USDT,0.8359,85110.0,0.8358,77504.0,0.836,20016.0,0.8361,44379.0
1753547017518,16:23:37.518,ADA/USDT:USDT,0.8359,23229.0,0.8358,50184.0,0.836,43755.0,0.8361,44807.0
1753547017619,16:23:37.619,ADA/USDT:USDT,0.8359,19735.0,0.8358,45879.0,0.836,63392.0,0.8361,47607.0
1753547017724,16:23:37.724,ADA/USDT:USDT,0.8359,40223.0,0.8358,36136.0,0.836,39237.0,0.8361,47187.0
1753547017834,16:23:37.834,ADA/USDT:USDT,0.8359,45396.0,0.8358,65227.0,0.836,25051.0,0.8361,44387.0
1753547017948,16:23:37.948,ADA/USDT:USDT,0.8359,45396.0,0.8358,65227.0,0.836,20428.0,0.8361,47976.0
1753547018049,16:23:38.049,ADA/USDT:USDT,0.8359,45396.0,0.8358,65227.0,0.836,20428.0,0.8361,47976.0
1753547018160,16:23:38.160,ADA/USDT:USDT,0.8359,45396.0,0.8358,65227.0,0.836,23152.0,0.8361,47976.0
1753547018268,16:23:38.268,ADA/USDT:USDT,0.8359,40571.0,0.8358,64799.0,0.836,31203.0,0.8361,47976.0
1753547018369,16:23:38.369,ADA/USDT:USDT,0.8359,44324.0,0.8358,65219.0,0.836,31222.0,0.8361,47976.0
1753547018480,16:23:38.480,ADA/USDT:USDT,0.8359,44708.0,0.8358,65243.0,0.836,20417.0,0.8361,47976.0
1753547018605,16:23:38.605,ADA/USDT:USDT,0.8359,44893.0,0.8358,65243.0,0.836,24312.0,0.8361,47976.0
1753547018707,16:23:38.707,ADA/USDT:USDT,0.8359,45694.0,0.8358,65243.0,0.836,20178.0,0.8361,47976.0
1753547018920,16:23:38.920,ADA/USDT:USDT,0.8359,41565.0,0.8358,67014.0,0.836,6624.0,0.8361,47976.0
1753547019123,16:23:39.123,ADA/USDT:USDT,0.8359,58966.0,0.8358,79378.0,0.836,17238.0,0.8361,47976.0
1753547019226,16:23:39.226,ADA/USDT:USDT,0.8359,58966.0,0.8358,79378.0,0.836,17047.0,0.8361,47976.0
1753547019330,16:23:39.330,ADA/USDT:USDT,0.8359,51470.0,0.8358,79378.0,0.836,17084.0,0.8361,47976.0
1753547019436,16:23:39.436,ADA/USDT:USDT,0.8359,51470.0,0.8358,79378.0,0.836,17323.0,0.8361,47976.0
1753547019538,16:23:39.538,ADA/USDT:USDT,0.8359,51477.0,0.8358,69807.0,0.836,25335.0,0.8361,47976.0
1753547019642,16:23:39.642,ADA/USDT:USDT,0.8359,51470.0,0.8358,69807.0,0.836,17323.0,0.8361,48000.0
1753547019832,16:23:39.832,ADA/USDT:USDT,0.8359,51470.0,0.8358,69807.0,0.836,17175.0,0.8361,47976.0
1753547019971,16:23:39.971,ADA/USDT:USDT,0.836,55801.0,0.8359,53241.0,0.8361,43068.0,0.8362,91493.0
1753547020073,16:23:40.073,ADA/USDT:USDT,0.836,44835.0,0.8359,54085.0,0.8361,39219.0,0.8362,91493.0
1753547020186,16:23:40.186,ADA/USDT:USDT,0.836,28279.0,0.8359,54003.0,0.8361,39219.0,0.8362,90292.0
1753547020293,16:23:40.293,ADA/USDT:USDT,0.836,11359.0,0.8359,53192.0,0.8361,44804.0,0.8362,90292.0
1753547020404,16:23:40.404,ADA/USDT:USDT,0.836,11359.0,0.8359,53192.0,0.8361,44804.0,0.8362,90531.0
1753547020593,16:23:40.593,ADA/USDT:USDT,0.836,618.0,0.8359,43618.0,0.8361,61472.0,0.8362,93785.0
1753547020714,16:23:40.714,ADA/USDT:USDT,0.836,1135.0,0.8359,42258.0,0.8361,64030.0,0.8362,90229.0
1753547020818,16:23:40.818,ADA/USDT:USDT,0.836,1135.0,0.8359,40632.0,0.8361,64030.0,0.8362,91979.0
1753547020928,16:23:40.928,ADA/USDT:USDT,0.8359,40262.0,0.8358,52563.0,0.836,100568.0,0.8361,79951.0
1753547021029,16:23:41.029,ADA/USDT:USDT,0.8359,40610.0,0.8358,52563.0,0.836,82767.0,0.8361,64834.0
1753547021133,16:23:41.133,ADA/USDT:USDT,0.8359,40610.0,0.8358,52563.0,0.836,82767.0,0.8361,64596.0
1753547021240,16:23:41.240,ADA/USDT:USDT,0.8359,40265.0,0.8358,52563.0,0.836,71551.0,0.8361,64596.0
1753547021371,16:23:41.371,ADA/USDT:USDT,0.8359,40606.0,0.8358,52993.0,0.836,70187.0,0.8361,64572.0
1753547021614,16:23:41.614,ADA/USDT:USDT,0.8359,40268.0,0.8358,53341.0,0.836,70187.0,0.8361,64572.0
1753547021716,16:23:41.716,ADA/USDT:USDT,0.8359,40268.0,0.8358,53341.0,0.836,70187.0,0.8361,64572.0
1753547021917,16:23:41.917,ADA/USDT:USDT,0.8359,40268.0,0.8358,53365.0,0.836,70186.0,0.8361,64811.0
1753547022022,16:23:42.022,ADA/USDT:USDT,0.8359,48105.0,0.8358,52587.0,0.836,56684.0,0.8361,64811.0
1753547022131,16:23:42.131,ADA/USDT:USDT,0.8359,48105.0,0.8358,52587.0,0.836,56684.0,0.8361,64572.0
1753547022232,16:23:42.232,ADA/USDT:USDT,0.8359,45121.0,0.8358,52587.0,0.836,56684.0,0.8361,64453.0
1753547022359,16:23:42.359,ADA/USDT:USDT,0.8359,62773.0,0.8358,52563.0,0.836,24193.0,0.8361,64453.0
1753547022462,16:23:42.462,ADA/USDT:USDT,0.8359,62797.0,0.8358,62103.0,0.836,21849.0,0.8361,61623.0
1753547022571,16:23:42.571,ADA/USDT:USDT,0.8359,62797.0,0.8358,62342.0,0.836,21849.0,0.8361,61623.0
1753547022694,16:23:42.694,ADA/USDT:USDT,0.8359,62797.0,0.8358,65142.0,0.836,21869.0,0.8361,44244.0
1753547022848,16:23:42.848,ADA/USDT:USDT,0.8359,62797.0,0.8358,65142.0,0.836,21869.0,0.8361,35422.0
1753547022965,16:23:42.965,ADA/USDT:USDT,0.8359,62797.0,0.8358,65142.0,0.836,21869.0,0.8361,35422.0
1753547023091,16:23:43.091,ADA/USDT:USDT,0.836,72654.0,0.8359,48402.0,0.8361,14802.0,0.8362,70543.0
1753547023194,16:23:43.194,ADA/USDT:USDT,0.836,35349.0,0.8359,57872.0,0.8361,30635.0,0.8362,72143.0
1753547023297,16:23:43.297,ADA/USDT:USDT,0.836,43238.0,0.8359,47922.0,0.8361,30629.0,0.8362,72143.0
1753547023400,16:23:43.400,ADA/USDT:USDT,0.836,43238.0,0.8359,47922.0,0.8361,27569.0,0.8362,72143.0
1753547023574,16:23:43.574,ADA/USDT:USDT,0.836,43238.0,0.8359,47922.0,0.8361,27569.0,0.8362,72143.0
1753547023680,16:23:43.680,ADA/USDT:USDT,0.836,35749.0,0.8359,47922.0,0.8361,29203.0,0.8362,72143.0
1753547023782,16:23:43.782,ADA/USDT:USDT,0.8359,30369.0,0.8358,52911.0,0.836,68188.0,0.8361,71277.0
1753547023883,16:23:43.883,ADA/USDT:USDT,0.8359,40253.0,0.8358,52911.0,0.836,77389.0,0.8361,69992.0
1753547023984,16:23:43.984,ADA/USDT:USDT,0.8359,40253.0,0.8358,52911.0,0.836,77389.0,0.8361,70016.0
1753547024208,16:23:44.208,ADA/USDT:USDT,0.8359,44523.0,0.8358,52587.0,0.836,38379.0,0.8361,57777.0
1753547024324,16:23:44.324,ADA/USDT:USDT,0.8359,51989.0,0.8358,52587.0,0.836,38416.0,0.8361,57777.0
1753547024435,16:23:44.435,ADA/USDT:USDT,0.8359,51989.0,0.8358,53138.0,0.836,35356.0,0.8361,57777.0
1753547024538,16:23:44.538,ADA/USDT:USDT,0.8359,51989.0,0.8358,62678.0,0.836,35356.0,0.8361,57777.0
1753547024746,16:23:44.746,ADA/USDT:USDT,0.8359,52013.0,0.8358,65335.0,0.836,27714.0,0.8361,48317.0
1753547024879,16:23:44.879,ADA/USDT:USDT,0.8359,44633.0,0.8358,62535.0,0.836,20712.0,0.8361,48556.0
1753547024983,16:23:44.983,ADA/USDT:USDT,0.8359,44633.0,0.8358,62535.0,0.836,20712.0,0.8361,48341.0
1753547025091,16:23:45.091,ADA/USDT:USDT,0.8359,44685.0,0.8358,47575.0,0.836,33949.0,0.8361,48317.0
1753547025195,16:23:45.195,ADA/USDT:USDT,0.8359,44685.0,0.8358,47575.0,0.836,26947.0,0.8361,48317.0
1753547025317,16:23:45.317,ADA/USDT:USDT,0.8359,44753.0,0.8358,47575.0,0.836,26952.0,0.8361,48317.0
1753547025421,16:23:45.421,ADA/USDT:USDT,0.8359,44753.0,0.8358,47575.0,0.836,27601.0,0.8361,48341.0
1753547025523,16:23:45.523,ADA/USDT:USDT,0.8359,44753.0,0.8358,47575.0,0.836,34707.0,0.8361,48341.0
1753547025635,16:23:45.635,ADA/USDT:USDT,0.8359,44760.0,0.8358,47575.0,0.836,27705.0,0.8361,48341.0
1753547025745,16:23:45.745,ADA/USDT:USDT,0.8359,44760.0,0.8358,47575.0,0.836,27705.0,0.8361,49189.0
1753547025855,16:23:45.855,ADA/USDT:USDT,0.8359,60149.0,0.8358,83714.0,0.836,184.0,0.8361,23980.0
1753547025956,16:23:45.956,ADA/USDT:USDT,0.836,102920.0,0.8359,68618.0,0.8361,15886.0,0.8362,69497.0
1753547026061,16:23:46.061,ADA/USDT:USDT,0.836,95584.0,0.8359,68500.0,0.8361,17704.0,0.8362,68704.0
1753547026176,16:23:46.176,ADA/USDT:USDT,0.836,52032.0,0.8359,49570.0,0.8361,44533.0,0.8362,68704.0
1753547026287,16:23:46.287,ADA/USDT:USDT,0.836,51746.0,0.8359,46713.0,0.8361,48508.0,0.8362,66718.0
1753547026388,16:23:46.388,ADA/USDT:USDT,0.836,69020.0,0.8359,36940.0,0.8361,43495.0,0.8362,66742.0
1753547026528,16:23:46.528,ADA/USDT:USDT,0.836,61946.0,0.8359,34021.0,0.8361,44783.0,0.8362,66742.0
1753547026642,16:23:46.642,ADA/USDT:USDT,0.836,61946.0,0.8359,34021.0,0.8361,44783.0,0.8362,66742.0
1753547026780,16:23:46.780,ADA/USDT:USDT,0.836,61946.0,0.8359,34021.0,0.8361,44783.0,0.8362,66742.0
1753547026901,16:23:46.901,ADA/USDT:USDT,0.836,58570.0,0.8359,34021.0,0.8361,35423.0,0.8362,66742.0
1753547027032,16:23:47.032,ADA/USDT:USDT,0.836,65761.0,0.8359,34021.0,0.8361,35423.0,0.8362,66742.0
1753547027155,16:23:47.155,ADA/USDT:USDT,0.836,58687.0,0.8359,33507.0,0.8361,35423.0,0.8362,66718.0
1753547027328,16:23:47.328,ADA/USDT:USDT,0.836,58703.0,0.8359,33942.0,0.8361,35662.0,0.8362,66718.0
1753547027494,16:23:47.494,ADA/USDT:USDT,0.836,58703.0,0.8359,33942.0,0.8361,35430.0,0.8362,66718.0
1753547027605,16:23:47.605,ADA/USDT:USDT,0.836,65777.0,0.8359,33966.0,0.8361,31230.0,0.8362,67924.0
1753547027750,16:23:47.750,ADA/USDT:USDT,0.836,65777.0,0.8359,33966.0,0.8361,31229.0,0.8362,67924.0
1753547027866,16:23:47.866,ADA/USDT:USDT,0.836,65119.0,0.8359,36331.0,0.8361,25625.0,0.8362,67924.0
1753547027969,16:23:47.969,ADA/USDT:USDT,0.836,65119.0,0.8359,36331.0,0.8361,25623.0,0.8362,67924.0
1753547028228,16:23:48.228,ADA/USDT:USDT,0.836,64852.0,0.8359,39131.0,0.8361,25623.0,0.8362,67924.0
1753547028333,16:23:48.333,ADA/USDT:USDT,0.836,61046.0,0.8359,39411.0,0.8361,19711.0,0.8362,67924.0
1753547028475,16:23:48.475,ADA/USDT:USDT,0.836,61046.0,0.8359,39411.0,0.8361,19711.0,0.8362,67924.0
1753547028578,16:23:48.578,ADA/USDT:USDT,0.836,61046.0,0.8359,72170.0,0.8361,5390.0,0.8362,71513.0
1753547028686,16:23:48.686,ADA/USDT:USDT,0.836,54281.0,0.8359,72146.0,0.8361,22904.0,0.8362,71513.0
1753547028834,16:23:48.834,ADA/USDT:USDT,0.836,54281.0,0.8359,67916.0,0.8361,22904.0,0.8362,71513.0
1753547028936,16:23:48.936,ADA/USDT:USDT,0.836,54448.0,0.8359,67940.0,0.8361,22904.0,0.8362,71513.0
1753547029052,16:23:49.052,ADA/USDT:USDT,0.836,61440.0,0.8359,67940.0,0.8361,22904.0,0.8362,71491.0
1753547029158,16:23:49.158,ADA/USDT:USDT,0.836,54653.0,0.8359,67916.0,0.8361,26493.0,0.8362,67926.0
1753547029259,16:23:49.259,ADA/USDT:USDT,0.836,54653.0,0.8359,67916.0,0.8361,26493.0,0.8362,67926.0
1753547029361,16:23:49.361,ADA/USDT:USDT,0.836,61459.0,0.8359,67918.0,0.8361,34565.0,0.8362,67926.0
1753547029464,16:23:49.464,ADA/USDT:USDT,0.836,61626.0,0.8359,67918.0,0.8361,26493.0,0.8362,67902.0
1753547029566,16:23:49.566,ADA/USDT:USDT,0.836,61679.0,0.8359,67935.0,0.8361,26254.0,0.8362,67902.0
1753547029676,16:23:49.676,ADA/USDT:USDT,0.836,61679.0,0.8359,67935.0,0.8361,26254.0,0.8362,67902.0
1753547029786,16:23:49.786,ADA/USDT:USDT,0.836,61679.0,0.8359,70925.0,0.8361,26493.0,0.8362,67902.0
1753547029947,16:23:49.947,ADA/USDT:USDT,0.836,61679.0,0.8359,70925.0,0.8361,26493.0,0.8362,67902.0
1753547030075,16:23:50.075,ADA/USDT:USDT,0.836,54914.0,0.8359,70901.0,0.8361,34565.0,0.8362,67926.0
1753547030178,16:23:50.178,ADA/USDT:USDT,0.836,61679.0,0.8359,70486.0,0.8361,34326.0,0.8362,67926.0
1753547030288,16:23:50.288,ADA/USDT:USDT,0.836,61679.0,0.8359,70926.0,0.8361,25974.0,0.8362,67902.0
1753547030398,16:23:50.398,ADA/USDT:USDT,0.836,55040.0,0.8359,70926.0,0.8361,17902.0,0.8362,67902.0
1753547030509,16:23:50.509,ADA/USDT:USDT,0.836,61805.0,0.8359,70926.0,0.8361,25157.0,0.8362,66696.0
1753547030626,16:23:50.626,ADA/USDT:USDT,0.836,78156.0,0.8359,71045.0,0.8361,14313.0,0.8362,48954.0
1753547030750,16:23:50.750,ADA/USDT:USDT,0.8362,24581.0,0.8361,76953.0,0.8363,50101.0,0.8364,45627.0
1753547030851,16:23:50.851,ADA/USDT:USDT,0.8362,15917.0,0.8361,74852.0,0.8363,56045.0,0.8364,45627.0
1753547030954,16:23:50.954,ADA/USDT:USDT,0.8362,5162.0,0.8361,57296.0,0.8363,56045.0,0.8364,46066.0
1753547031061,16:23:51.061,ADA/USDT:USDT,0.8362,15903.0,0.8361,57296.0,0.8363,56044.0,0.8364,41796.0
1753547031163,16:23:51.163,ADA/USDT:USDT,0.8362,5162.0,0.8361,40358.0,0.8363,63005.0,0.8364,42230.0
1753547031266,16:23:51.266,ADA/USDT:USDT,0.836,27596.0,0.8359,50228.0,0.8361,64641.0,0.8362,97703.0
1753547031369,16:23:51.369,ADA/USDT:USDT,0.836,27545.0,0.8359,35276.0,0.8361,70487.0,0.8362,97584.0
1753547031471,16:23:51.471,ADA/USDT:USDT,0.836,41585.0,0.8359,34928.0,0.8361,25882.0,0.8362,96299.0
1753547031578,16:23:51.578,ADA/USDT:USDT,0.836,41401.0,0.8359,36336.0,0.8361,16593.0,0.8362,96299.0
1753547031681,16:23:51.681,ADA/USDT:USDT,0.836,62832.0,0.8359,64872.0,0.8361,5852.0,0.8362,47366.0
1753547031785,16:23:51.785,ADA/USDT:USDT,0.836,63488.0,0.8359,69102.0,0.8361,5852.0,0.8362,44306.0
1753547032002,16:23:52.002,ADA/USDT:USDT,0.836,57999.0,0.8359,70393.0,0.8361,5852.0,0.8362,22663.0
1753547032109,16:23:52.109,ADA/USDT:USDT,0.836,61588.0,0.8359,70393.0,0.8361,5852.0,0.8362,22663.0
1753547032228,16:23:52.228,ADA/USDT:USDT,0.836,62432.0,0.8359,76971.0,0.8361,5852.0,0.8362,22663.0
1753547032344,16:23:52.344,ADA/USDT:USDT,0.8362,39708.0,0.8361,78257.0,0.8363,46023.0,0.8364,60821.0
1753547032445,16:23:52.445,ADA/USDT:USDT,0.8362,22423.0,0.8361,76374.0,0.8363,56523.0,0.8364,41259.0
1753547032547,16:23:52.547,ADA/USDT:USDT,0.8362,29058.0,0.8361,71779.0,0.8363,56175.0,0.8364,41607.0
1753547032668,16:23:52.668,ADA/USDT:USDT,0.8362,29058.0,0.8361,71779.0,0.8363,56175.0,0.8364,41607.0
1753547032777,16:23:52.777,ADA/USDT:USDT,0.8362,29406.0,0.8361,72209.0,0.8363,54890.0,0.8364,41607.0
1753547032888,16:23:52.888,ADA/USDT:USDT,0.8362,40045.0,0.8361,73053.0,0.8363,36187.0,0.8364,41607.0
1753547033009,16:23:53.009,ADA/USDT:USDT,0.8362,24181.0,0.8361,73053.0,0.8363,36187.0,0.8364,41607.0
1753547033110,16:23:53.110,ADA/USDT:USDT,0.8362,22429.0,0.8361,72623.0,0.8363,60382.0,0.8364,41259.0
1753547033228,16:23:53.228,ADA/USDT:USDT,0.8362,13721.0,0.8361,67912.0,0.8363,61667.0,0.8364,41259.0
1753547033460,16:23:53.460,ADA/USDT:USDT,0.8362,402.0,0.8361,36363.0,0.8363,61676.0,0.8364,50654.0
1753547033571,16:23:53.571,ADA/USDT:USDT,0.8361,3018.0,0.836,54320.0,0.8362,97961.0,0.8363,64928.0
1753547033674,16:23:53.674,ADA/USDT:USDT,0.8361,13819.0,0.836,42127.0,0.8362,104962.0,0.8363,62514.0
1753547033777,16:23:53.777,ADA/USDT:USDT,0.8361,28526.0,0.836,42553.0,0.8362,97937.0,0.8363,62497.0
1753547033878,16:23:53.878,ADA/USDT:USDT,0.8361,20454.0,0.836,42127.0,0.8362,97937.0,0.8363,62497.0
1753547034009,16:23:54.009,ADA/USDT:USDT,0.8361,42720.0,0.836,42205.0,0.8362,52480.0,0.8363,62845.0
1753547034124,16:23:54.124,ADA/USDT:USDT,0.8361,43843.0,0.836,80168.0,0.8362,16779.0,0.8363,61245.0
1753547034245,16:23:54.245,ADA/USDT:USDT,0.8361,42771.0,0.836,80168.0,0.8362,10747.0,0.8363,60422.0
1753547034347,16:23:54.347,ADA/USDT:USDT,0.8361,36579.0,0.836,81374.0,0.8362,11823.0,0.8363,60422.0
1753547034448,16:23:54.448,ADA/USDT:USDT,0.8361,48853.0,0.836,81374.0,0.8362,11846.0,0.8363,55889.0
1753547034549,16:23:54.549,ADA/USDT:USDT,0.8361,48860.0,0.836,81367.0,0.8362,11846.0,0.8363,55889.0
1753547034766,16:23:54.766,ADA/USDT:USDT,0.8361,41835.0,0.836,81391.0,0.8362,11846.0,0.8363,55889.0
1753547034881,16:23:54.881,ADA/USDT:USDT,0.8361,35871.0,0.836,71827.0,0.8362,19915.0,0.8363,55913.0
1753547034984,16:23:54.984,ADA/USDT:USDT,0.8361,22043.0,0.836,43404.0,0.8362,24450.0,0.8363,57513.0
1753547035088,16:23:55.088,ADA/USDT:USDT,0.8361,21925.0,0.836,43404.0,0.8362,31175.0,0.8363,57513.0
1753547035229,16:23:55.229,ADA/USDT:USDT,0.8361,21925.0,0.836,43752.0,0.8362,56205.0,0.8363,57165.0
1753547035338,16:23:55.338,ADA/USDT:USDT,0.8361,21925.0,0.836,43752.0,0.8362,51096.0,0.8363,57513.0
1753547035440,16:23:55.440,ADA/USDT:USDT,0.8361,27600.0,0.836,37953.0,0.8362,44369.0,0.8363,57513.0
1753547035544,16:23:55.544,ADA/USDT:USDT,0.8361,8956.0,0.836,37527.0,0.8362,52918.0,0.8363,63553.0
1753547035658,16:23:55.658,ADA/USDT:USDT,0.8361,8956.0,0.836,37527.0,0.8362,46169.0,0.8363,63553.0
1753547035828,16:23:55.828,ADA/USDT:USDT,0.8361,8956.0,0.836,37527.0,0.8362,46169.0,0.8363,63553.0
1753547035936,16:23:55.936,ADA/USDT:USDT,0.8361,23398.0,0.836,37955.0,0.8362,45821.0,0.8363,63529.0
1753547036109,16:23:56.109,ADA/USDT:USDT,0.8361,23398.0,0.836,37979.0,0.8362,45821.0,0.8363,63529.0
1753547036269,16:23:56.269,ADA/USDT:USDT,0.8361,41024.0,0.836,37631.0,0.8362,45795.0,0.8363,61077.0
1753547036385,16:23:56.385,ADA/USDT:USDT,0.8361,40988.0,0.836,37631.0,0.8362,45795.0,0.8363,61077.0
1753547036497,16:23:56.497,ADA/USDT:USDT,0.8361,27836.0,0.836,37551.0,0.8362,52125.0,0.8363,61077.0
1753547036648,16:23:56.648,ADA/USDT:USDT,0.8361,27836.0,0.836,36321.0,0.8362,52125.0,0.8363,61077.0
1753547036809,16:23:56.809,ADA/USDT:USDT,0.8361,27836.0,0.836,36321.0,0.8362,52125.0,0.8363,61101.0
1753547036948,16:23:56.948,ADA/USDT:USDT,0.8361,5820.0,0.836,36321.0,0.8362,51776.0,0.8363,67232.0
1753547037052,16:23:57.052,ADA/USDT:USDT,0.8361,5820.0,0.836,36321.0,0.8362,51752.0,0.8363,68055.0
1753547037185,16:23:57.185,ADA/USDT:USDT,0.8361,5827.0,0.836,36321.0,0.8362,51752.0,0.8363,68055.0
1753547037302,16:23:57.302,ADA/USDT:USDT,0.8361,5827.0,0.836,36321.0,0.8362,51752.0,0.8363,68055.0
1753547037409,16:23:57.409,ADA/USDT:USDT,0.8361,6062.0,0.836,36321.0,0.8362,51767.0,0.8363,70857.0
1753547037534,16:23:57.534,ADA/USDT:USDT,0.8361,6062.0,0.836,36321.0,0.8362,51766.0,0.8363,70857.0
1753547037638,16:23:57.638,ADA/USDT:USDT,0.8361,6062.0,0.836,36321.0,0.8362,51766.0,0.8363,70857.0
1753547037759,16:23:57.759,ADA/USDT:USDT,0.8361,6062.0,0.836,36321.0,0.8362,51766.0,0.8363,70857.0
1753547037862,16:23:57.862,ADA/USDT:USDT,0.8361,6062.0,0.836,36321.0,0.8362,51766.0,0.8363,70857.0
1753547037988,16:23:57.988,ADA/USDT:USDT,0.8361,13526.0,0.836,36345.0,0.8362,51766.0,0.8363,70857.0
1753547038092,16:23:58.092,ADA/USDT:USDT,0.8361,21598.0,0.836,25604.0,0.8362,51418.0,0.8363,70402.0
1753547038229,16:23:58.229,ADA/USDT:USDT,0.8362,46612.0,0.8361,45380.0,0.8363,62318.0,0.8364,33603.0
1753547038331,16:23:58.331,ADA/USDT:USDT,0.8362,9772.0,0.8361,58257.0,0.8363,64497.0,0.8364,17771.0
1753547038434,16:23:58.434,ADA/USDT:USDT,0.8362,26142.0,0.8361,43648.0,0.8363,46439.0,0.8364,21102.0
1753547038539,16:23:58.539,ADA/USDT:USDT,0.8362,29370.0,0.8361,43648.0,0.8363,43031.0,0.8364,26293.0
1753547038641,16:23:58.641,ADA/USDT:USDT,0.8362,29370.0,0.8361,43648.0,0.8363,43031.0,0.8364,26293.0
1753547038789,16:23:58.789,ADA/USDT:USDT,0.8362,36859.0,0.8361,43648.0,0.8363,43031.0,0.8364,26641.0
1753547038892,16:23:58.892,ADA/USDT:USDT,0.8362,36859.0,0.8361,43648.0,0.8363,43031.0,0.8364,26641.0
1753547038998,16:23:58.998,ADA/USDT:USDT,0.8362,18467.0,0.8361,43191.0,0.8363,61090.0,0.8364,26293.0
1753547039104,16:23:59.104,ADA/USDT:USDT,0.8362,18467.0,0.8361,43191.0,0.8363,61090.0,0.8364,26293.0
1753547039229,16:23:59.229,ADA/USDT:USDT,0.8362,18467.0,0.8361,43624.0,0.8363,43808.0,0.8364,26293.0
1753547039368,16:23:59.368,ADA/USDT:USDT,0.8362,18467.0,0.8361,43624.0,0.8363,44029.0,0.8364,26293.0
1753547039470,16:23:59.470,ADA/USDT:USDT,0.8362,18476.0,0.8361,47204.0,0.8363,43808.0,0.8364,27893.0
1753547039584,16:23:59.584,ADA/USDT:USDT,0.8362,29217.0,0.8361,47204.0,0.8363,43460.0,0.8364,28241.0
1753547039686,16:23:59.686,ADA/USDT:USDT,0.8362,36999.0,0.8361,47204.0,0.8363,43460.0,0.8364,29064.0
1753547039793,16:23:59.793,ADA/USDT:USDT,0.8362,36999.0,0.8361,47228.0,0.8363,43031.0,0.8364,29064.0
1753547039907,16:23:59.907,ADA/USDT:USDT,0.8362,44959.0,0.8361,79320.0,0.8363,10884.0,0.8364,22273.0
1753547040028,16:24:00.028,ADA/USDT:USDT,0.8362,44983.0,0.8361,83549.0,0.8363,10884.0,0.8364,22273.0
1753547040150,16:24:00.150,ADA/USDT:USDT,0.8362,37118.0,0.8361,93405.0,0.8363,10884.0,0.8364,18925.0
1753547040265,16:24:00.265,ADA/USDT:USDT,0.8363,81075.0,0.8362,85356.0,0.8364,16897.0,0.8365,41481.0
1753547040369,16:24:00.369,ADA/USDT:USDT,0.8363,91075.0,0.8362,68300.0,0.8364,17136.0,0.8365,36544.0
1753547040474,16:24:00.474,ADA/USDT:USDT,0.8363,83807.0,0.8362,64989.0,0.8364,17375.0,0.8365,36544.0
1753547040585,16:24:00.585,ADA/USDT:USDT,0.8363,53658.0,0.8362,62294.0,0.8364,45563.0,0.8365,36544.0
1753547040691,16:24:00.691,ADA/USDT:USDT,0.8363,53540.0,0.8362,62294.0,0.8364,45661.0,0.8365,36568.0
1753547040904,16:24:00.904,ADA/USDT:USDT,0.8363,53540.0,0.8362,62294.0,0.8364,45284.0,0.8365,36568.0
1753547041007,16:24:01.007,ADA/USDT:USDT,0.8363,53540.0,0.8362,62294.0,0.8364,38521.0,0.8365,36568.0
1753547041111,16:24:01.111,ADA/USDT:USDT,0.8363,53658.0,0.8362,62294.0,0.8364,38515.0,0.8365,36568.0
1753547041239,16:24:01.239,ADA/USDT:USDT,0.8363,67432.0,0.8362,62294.0,0.8364,38515.0,0.8365,36544.0
1753547041342,16:24:01.342,ADA/USDT:USDT,0.8363,60408.0,0.8362,62300.0,0.8364,38395.0,0.8365,36544.0
1753547041444,16:24:01.444,ADA/USDT:USDT,0.8363,53633.0,0.8362,71840.0,0.8364,16334.0,0.8365,36544.0
1753547041545,16:24:01.545,ADA/USDT:USDT,0.8363,54129.0,0.8362,80858.0,0.8364,24167.0,0.8365,36783.0
1753547041647,16:24:01.647,ADA/USDT:USDT,0.8363,54235.0,0.8362,80858.0,0.8364,24167.0,0.8365,36783.0
1753547041750,16:24:01.750,ADA/USDT:USDT,0.8363,60694.0,0.8362,80858.0,0.8364,24167.0,0.8365,36783.0
1753547041851,16:24:01.851,ADA/USDT:USDT,0.8363,60694.0,0.8362,80858.0,0.8364,24167.0,0.8365,36783.0
1753547041960,16:24:01.960,ADA/USDT:USDT,0.8363,54211.0,0.8362,80834.0,0.8364,24166.0,0.8365,36783.0
1753547042101,16:24:02.101,ADA/USDT:USDT,0.8363,51321.0,0.8362,80834.0,0.8364,37280.0,0.8365,36783.0
1753547042202,16:24:02.202,ADA/USDT:USDT,0.8363,51315.0,0.8362,80834.0,0.8364,37519.0,0.8365,36544.0
1753547042306,16:24:02.306,ADA/USDT:USDT,0.8363,51297.0,0.8362,80834.0,0.8364,37280.0,0.8365,36544.0
1753547042407,16:24:02.407,ADA/USDT:USDT,0.8363,51295.0,0.8362,80834.0,0.8364,38031.0,0.8365,36783.0
1753547042512,16:24:02.512,ADA/USDT:USDT,0.8363,51340.0,0.8362,80756.0,0.8364,29959.0,0.8365,36796.0
1753547042613,16:24:02.613,ADA/USDT:USDT,0.8363,51334.0,0.8362,80756.0,0.8364,25939.0,0.8365,36796.0
1753547042725,16:24:02.725,ADA/USDT:USDT,0.8363,37060.0,0.8362,63121.0,0.8364,54104.0,0.8365,38048.0
1753547042836,16:24:02.836,ADA/USDT:USDT,0.8363,37060.0,0.8362,63121.0,0.8364,47554.0,0.8365,38396.0
1753547042942,16:24:02.942,ADA/USDT:USDT,0.8363,50267.0,0.8362,62338.0,0.8364,47553.0,0.8365,38157.0
1753547043058,16:24:03.058,ADA/USDT:USDT,0.8363,56357.0,0.8362,62338.0,0.8364,47124.0,0.8365,38157.0
1753547043166,16:24:03.166,ADA/USDT:USDT,0.8363,56357.0,0.8362,62338.0,0.8364,47124.0,0.8365,38396.0
1753547043290,16:24:03.290,ADA/USDT:USDT,0.8363,56395.0,0.8362,62338.0,0.8364,47123.0,0.8365,38157.0
1753547043395,16:24:03.395,ADA/USDT:USDT,0.8363,56494.0,0.8362,62338.0,0.8364,47131.0,0.8365,38157.0
1753547043498,16:24:03.498,ADA/USDT:USDT,0.8363,56746.0,0.8362,62338.0,0.8364,47121.0,0.8365,36796.0
1753547043609,16:24:03.609,ADA/USDT:USDT,0.8363,62767.0,0.8362,62338.0,0.8364,25935.0,0.8365,36796.0
1753547043714,16:24:03.714,ADA/USDT:USDT,0.8363,56701.0,0.8362,62338.0,0.8364,25935.0,0.8365,36796.0
1753547043817,16:24:03.817,ADA/USDT:USDT,0.8363,56494.0,0.8362,77531.0,0.8364,26174.0,0.8365,36557.0
1753547043925,16:24:03.925,ADA/USDT:USDT,0.8363,56312.0,0.8362,77555.0,0.8364,25970.0,0.8365,36557.0
1753547044058,16:24:04.058,ADA/USDT:USDT,0.8364,6871.0,0.8363,68723.0,0.8365,28485.0,0.8366,71762.0
1753547044159,16:24:04.159,ADA/USDT:USDT,0.8364,72638.0,0.8363,58748.0,0.8365,32018.0,0.8366,44597.0
1753547044262,16:24:04.262,ADA/USDT:USDT,0.8364,72638.0,0.8363,58748.0,0.8365,32016.0,0.8366,44932.0
1753547044376,16:24:04.376,ADA/USDT:USDT,0.8364,66629.0,0.8363,55930.0,0.8365,32007.0,0.8366,44932.0
1753547044477,16:24:04.477,ADA/USDT:USDT,0.8364,67101.0,0.8363,49449.0,0.8365,33244.0,0.8366,44932.0
1753547044585,16:24:04.585,ADA/USDT:USDT,0.8364,72794.0,0.8363,49370.0,0.8365,33244.0,0.8366,45171.0
1753547044731,16:24:04.731,ADA/USDT:USDT,0.8364,73887.0,0.8363,49370.0,0.8365,33257.0,0.8366,45171.0
1753547044844,16:24:04.844,ADA/USDT:USDT,0.8364,73887.0,0.8363,49370.0,0.8365,33257.0,0.8366,45171.0
1753547044953,16:24:04.953,ADA/USDT:USDT,0.8364,73896.0,0.8363,49370.0,0.8365,33257.0,0.8366,45171.0
1753547045072,16:24:05.072,ADA/USDT:USDT,0.8364,73896.0,0.8363,49370.0,0.8365,33257.0,0.8366,45171.0
1753547045174,16:24:05.174,ADA/USDT:USDT,0.8364,73896.0,0.8363,49394.0,0.8365,33257.0,0.8366,45171.0
1753547045413,16:24:05.413,ADA/USDT:USDT,0.8364,68285.0,0.8363,49394.0,0.8365,33253.0,0.8366,45171.0
1753547045514,16:24:05.514,ADA/USDT:USDT,0.8364,68253.0,0.8363,49370.0,0.8365,34253.0,0.8366,45171.0
1753547045633,16:24:05.633,ADA/USDT:USDT,0.8364,73844.0,0.8363,52956.0,0.8365,34253.0,0.8366,45171.0
1753547045739,16:24:05.739,ADA/USDT:USDT,0.8364,270804.0,0.8363,59730.0,0.8365,51396.0,0.8366,43571.0
1753547045840,16:24:05.840,ADA/USDT:USDT,0.8364,278836.0,0.8363,61372.0,0.8365,40496.0,0.8366,43332.0
1753547045941,16:24:05.941,ADA/USDT:USDT,0.8364,279209.0,0.8363,61491.0,0.8365,51196.0,0.8366,43332.0
1753547046045,16:24:06.045,ADA/USDT:USDT,0.8364,272154.0,0.8363,60206.0,0.8365,49624.0,0.8366,43332.0
1753547046151,16:24:06.151,ADA/USDT:USDT,0.8364,266561.0,0.8363,60206.0,0.8365,49624.0,0.8366,43332.0
1753547046261,16:24:06.261,ADA/USDT:USDT,0.8364,266489.0,0.8363,60206.0,0.8365,49614.0,0.8366,43356.0
1753547046368,16:24:06.368,ADA/USDT:USDT,0.8364,271617.0,0.8363,60087.0,0.8365,49624.0,0.8366,43571.0
1753547046477,16:24:06.477,ADA/USDT:USDT,0.8364,270300.0,0.8363,59345.0,0.8365,49614.0,0.8366,43571.0
1753547046579,16:24:06.579,ADA/USDT:USDT,0.8364,270791.0,0.8363,60540.0,0.8365,49614.0,0.8366,43571.0
1753547046694,16:24:06.694,ADA/USDT:USDT,0.8364,269885.0,0.8363,60745.0,0.8365,49614.0,0.8366,43571.0
1753547046795,16:24:06.795,ADA/USDT:USDT,0.8364,269885.0,0.8363,60745.0,0.8365,49614.0,0.8366,43571.0
1753547046905,16:24:06.905,ADA/USDT:USDT,0.8364,270002.0,0.8363,60745.0,0.8365,49614.0,0.8366,43571.0
1753547047016,16:24:07.016,ADA/USDT:USDT,0.8364,270002.0,0.8363,60745.0,0.8365,49614.0,0.8366,43571.0
1753547047122,16:24:07.122,ADA/USDT:USDT,0.8364,270002.0,0.8363,60745.0,0.8365,49614.0,0.8366,43571.0
1753547047228,16:24:07.228,ADA/USDT:USDT,0.8364,269981.0,0.8363,60745.0,0.8365,49614.0,0.8366,43571.0
1753547047333,16:24:07.333,ADA/USDT:USDT,0.8364,269981.0,0.8363,60745.0,0.8365,49614.0,0.8366,43571.0
1753547047439,16:24:07.439,ADA/USDT:USDT,0.8364,269970.0,0.8363,60745.0,0.8365,49605.0,0.8366,43571.0
1753547047555,16:24:07.555,ADA/USDT:USDT,0.8364,269970.0,0.8363,60745.0,0.8365,50158.0,0.8366,43571.0
1753547047666,16:24:07.666,ADA/USDT:USDT,0.8364,269970.0,0.8363,56493.0,0.8365,50158.0,0.8366,43571.0
1753547047773,16:24:07.773,ADA/USDT:USDT,0.8364,269785.0,0.8363,56493.0,0.8365,50157.0,0.8366,43571.0
1753547047888,16:24:07.888,ADA/USDT:USDT,0.8364,269822.0,0.8363,56517.0,0.8365,50157.0,0.8366,43558.0
1753547047999,16:24:07.999,ADA/USDT:USDT,0.8364,269833.0,0.8363,56517.0,0.8365,50157.0,0.8366,43571.0
1753547048102,16:24:08.102,ADA/USDT:USDT,0.8364,269885.0,0.8363,56517.0,0.8365,50157.0,0.8366,43571.0
1753547048204,16:24:08.204,ADA/USDT:USDT,0.8364,271170.0,0.8363,59317.0,0.8365,50157.0,0.8366,43571.0
1753547048309,16:24:08.309,ADA/USDT:USDT,0.8364,266362.0,0.8363,56517.0,0.8365,63825.0,0.8366,43571.0
1753547048414,16:24:08.414,ADA/USDT:USDT,0.8364,213871.0,0.8363,51507.0,0.8365,77672.0,0.8366,46138.0
1753547048516,16:24:08.516,ADA/USDT:USDT,0.8364,214782.0,0.8363,45931.0,0.8365,72650.0,0.8366,46399.0
1753547048617,16:24:08.617,ADA/USDT:USDT,0.8364,214782.0,0.8363,45931.0,0.8365,72753.0,0.8366,46401.0
1753547048758,16:24:08.758,ADA/USDT:USDT,0.8364,215121.0,0.8363,50671.0,0.8365,64677.0,0.8366,46138.0
1753547048860,16:24:08.860,ADA/USDT:USDT,0.8364,219786.0,0.8363,50695.0,0.8365,64618.0,0.8366,46138.0
1753547048992,16:24:08.992,ADA/USDT:USDT,0.8364,219786.0,0.8363,50695.0,0.8365,64618.0,0.8366,46138.0
1753547049101,16:24:09.101,ADA/USDT:USDT,0.8364,215148.0,0.8363,50668.0,0.8365,64618.0,0.8366,46377.0
1753547049215,16:24:09.215,ADA/USDT:USDT,0.8364,215286.0,0.8363,50553.0,0.8365,64618.0,0.8366,46377.0
1753547049345,16:24:09.345,ADA/USDT:USDT,0.8364,215286.0,0.8363,52317.0,0.8365,64618.0,0.8366,46377.0
1753547049454,16:24:09.454,ADA/USDT:USDT,0.8364,214921.0,0.8363,52317.0,0.8365,64734.0,0.8366,44777.0
1753547049562,16:24:09.562,ADA/USDT:USDT,0.8364,214420.0,0.8363,52205.0,0.8365,64737.0,0.8366,44777.0
1753547049674,16:24:09.674,ADA/USDT:USDT,0.8364,214420.0,0.8363,52205.0,0.8365,64737.0,0.8366,44777.0
1753547049798,16:24:09.798,ADA/USDT:USDT,0.8364,213838.0,0.8363,52181.0,0.8365,64654.0,0.8366,44801.0
1753547049899,16:24:09.899,ADA/USDT:USDT,0.8364,213847.0,0.8363,52181.0,0.8365,64648.0,0.8366,44777.0
1753547050000,16:24:10.000,ADA/USDT:USDT,0.8364,213797.0,0.8363,52193.0,0.8365,64598.0,0.8366,44777.0
1753547050107,16:24:10.107,ADA/USDT:USDT,0.8364,213955.0,0.8363,52226.0,0.8365,64580.0,0.8366,44786.0
1753547050210,16:24:10.210,ADA/USDT:USDT,0.8364,213979.0,0.8363,52226.0,0.8365,64580.0,0.8366,43014.0
1753547050313,16:24:10.313,ADA/USDT:USDT,0.8364,213953.0,0.8363,52226.0,0.8365,64580.0,0.8366,43014.0
1753547050458,16:24:10.458,ADA/USDT:USDT,0.8364,213953.0,0.8363,52226.0,0.8365,64573.0,0.8366,43014.0
1753547050605,16:24:10.605,ADA/USDT:USDT,0.8364,208558.0,0.8363,52202.0,0.8365,66134.0,0.8366,43014.0
1753547050733,16:24:10.733,ADA/USDT:USDT,0.8364,208558.0,0.8363,52202.0,0.8365,66134.0,0.8366,43038.0
1753547050834,16:24:10.834,ADA/USDT:USDT,0.8364,212663.0,0.8363,52202.0,0.8365,65967.0,0.8366,43038.0
1753547050968,16:24:10.968,ADA/USDT:USDT,0.8364,204684.0,0.8363,52202.0,0.8365,65967.0,0.8366,43038.0
1753547051077,16:24:11.077,ADA/USDT:USDT,0.8364,208849.0,0.8363,52214.0,0.8365,65961.0,0.8366,43014.0
1753547051182,16:24:11.182,ADA/USDT:USDT,0.8364,207564.0,0.8363,52226.0,0.8365,65961.0,0.8366,43014.0
1753547051299,16:24:11.299,ADA/USDT:USDT,0.8364,206696.0,0.8363,52226.0,0.8365,65961.0,0.8366,43052.0
1753547051508,16:24:11.508,ADA/USDT:USDT,0.8364,207981.0,0.8363,52226.0,0.8365,65973.0,0.8366,43052.0
1753547051618,16:24:11.618,ADA/USDT:USDT,0.8364,211961.0,0.8363,52226.0,0.8365,65973.0,0.8366,43052.0
1753547051754,16:24:11.754,ADA/USDT:USDT,0.8364,211985.0,0.8363,52226.0,0.8365,65462.0,0.8366,43052.0
1753547051858,16:24:11.858,ADA/USDT:USDT,0.8364,211985.0,0.8363,55026.0,0.8365,51691.0,0.8366,42804.0
1753547051979,16:24:11.979,ADA/USDT:USDT,0.8364,211985.0,0.8363,55026.0,0.8365,51691.0,0.8366,42813.0
1753547052093,16:24:12.093,ADA/USDT:USDT,0.8364,212820.0,0.8363,55026.0,0.8365,51691.0,0.8366,43052.0
1753547052202,16:24:12.202,ADA/USDT:USDT,0.8364,212787.0,0.8363,55026.0,0.8365,51673.0,0.8366,43052.0
1753547052315,16:24:12.315,ADA/USDT:USDT,0.8365,66117.0,0.8364,218227.0,0.8366,30685.0,0.8367,25824.0
1753547052416,16:24:12.416,ADA/USDT:USDT,0.8365,64820.0,0.8364,211719.0,0.8366,45147.0,0.8367,25847.0
1753547052525,16:24:12.525,ADA/USDT:USDT,0.8365,70219.0,0.8364,205737.0,0.8366,45147.0,0.8367,25847.0
1753547052634,16:24:12.634,ADA/USDT:USDT,0.8365,78226.0,0.8364,205713.0,0.8366,19951.0,0.8367,29672.0
1753547052745,16:24:12.745,ADA/USDT:USDT,0.8365,75837.0,0.8364,205737.0,0.8366,19984.0,0.8367,29433.0
1753547052848,16:24:12.848,ADA/USDT:USDT,0.8365,75830.0,0.8364,205737.0,0.8366,19984.0,0.8367,29433.0
1753547052949,16:24:12.949,ADA/USDT:USDT,0.8365,61613.0,0.8364,205713.0,0.8366,19984.0,0.8367,28593.0
1753547053064,16:24:13.064,ADA/USDT:USDT,0.8365,74011.0,0.8364,205732.0,0.8366,19984.0,0.8367,28569.0
1753547053168,16:24:13.168,ADA/USDT:USDT,0.8365,60418.0,0.8364,205732.0,0.8366,30725.0,0.8367,28808.0
1753547053275,16:24:13.275,ADA/USDT:USDT,0.8365,62294.0,0.8364,202523.0,0.8366,30739.0,0.8367,30169.0
1753547053385,16:24:13.385,ADA/USDT:USDT,0.8365,68117.0,0.8364,202523.0,0.8366,30722.0,0.8367,30432.0
1753547053497,16:24:13.497,ADA/USDT:USDT,0.8365,68143.0,0.8364,202514.0,0.8366,39757.0,0.8367,30456.0
1753547053603,16:24:13.603,ADA/USDT:USDT,0.8365,38591.0,0.8364,202503.0,0.8366,59220.0,0.8367,29869.0
1753547053710,16:24:13.710,ADA/USDT:USDT,0.8365,44709.0,0.8364,202530.0,0.8366,54558.0,0.8367,30217.0
1753547053812,16:24:13.812,ADA/USDT:USDT,0.8365,38401.0,0.8364,202530.0,0.8366,55752.0,0.8367,33256.0
1753547053925,16:24:13.925,ADA/USDT:USDT,0.8365,37206.0,0.8364,202530.0,0.8366,57158.0,0.8367,32908.0
1753547054031,16:24:14.031,ADA/USDT:USDT,0.8365,63767.0,0.8364,204662.0,0.8366,53863.0,0.8367,30108.0
1753547054132,16:24:14.132,ADA/USDT:USDT,0.8365,57113.0,0.8364,204662.0,0.8366,31305.0,0.8367,30432.0
1753547054240,16:24:14.240,ADA/USDT:USDT,0.8365,57113.0,0.8364,204649.0,0.8366,31325.0,0.8367,30432.0
1753547054346,16:24:14.346,ADA/USDT:USDT,0.8365,41843.0,0.8364,204649.0,0.8366,53860.0,0.8367,32257.0
1753547054462,16:24:14.462,ADA/USDT:USDT,0.8365,29168.0,0.8364,204768.0,0.8366,54208.0,0.8367,31909.0
1753547054571,16:24:14.571,ADA/USDT:USDT,0.8365,29049.0,0.8364,203155.0,0.8366,54184.0,0.8367,31909.0
1753547054698,16:24:14.698,ADA/USDT:USDT,0.8365,29049.0,0.8364,203155.0,0.8366,54184.0,0.8367,31909.0
1753547054801,16:24:14.801,ADA/USDT:USDT,0.8365,34632.0,0.8364,203155.0,0.8366,58483.0,0.8367,34709.0
1753547054913,16:24:14.913,ADA/USDT:USDT,0.8365,34632.0,0.8364,203155.0,0.8366,58135.0,0.8367,34818.0
1753547055016,16:24:15.016,ADA/USDT:USDT,0.8365,34632.0,0.8364,203155.0,0.8366,58374.0,0.8367,34470.0
1753547055126,16:24:15.126,ADA/USDT:USDT,0.8366,28430.0,0.8365,115354.0,0.8367,40419.0,0.8368,24670.0
1753547055228,16:24:15.228,ADA/USDT:USDT,0.8366,30141.0,0.8365,75028.0,0.8367,43451.0,0.8368,20805.0
1753547055330,16:24:15.330,ADA/USDT:USDT,0.8365,64671.0,0.8364,36589.0,0.8366,38762.0,0.8367,69234.0
1753547055439,16:24:15.439,ADA/USDT:USDT,0.8365,68139.0,0.8364,46696.0,0.8366,38775.0,0.8367,69337.0
1753547055544,16:24:15.544,ADA/USDT:USDT,0.8365,68139.0,0.8364,45735.0,0.8366,38766.0,0.8367,69337.0
1753547055647,16:24:15.647,ADA/USDT:USDT,0.8365,6935.0,0.8364,12341.0,0.8366,79881.0,0.8367,68995.0
1753547055748,16:24:15.748,ADA/USDT:USDT,0.8365,15170.0,0.8364,30884.0,0.8366,72391.0,0.8367,69232.0
1753547055851,16:24:15.851,ADA/USDT:USDT,0.8365,2430.0,0.8364,30310.0,0.8366,58955.0,0.8367,59664.0
1753547055952,16:24:15.952,ADA/USDT:USDT,0.8365,64550.0,0.8364,62346.0,0.8366,31248.0,0.8367,46228.0
1753547056057,16:24:16.057,ADA/USDT:USDT,0.8365,61025.0,0.8364,62465.0,0.8366,22154.0,0.8367,46228.0
1753547056160,16:24:16.160,ADA/USDT:USDT,0.8365,61312.0,0.8364,62465.0,0.8366,22154.0,0.8367,46235.0
1753547056262,16:24:16.262,ADA/USDT:USDT,0.8365,53841.0,0.8364,62465.0,0.8366,22164.0,0.8367,46235.0
1753547056368,16:24:16.368,ADA/USDT:USDT,0.8365,61331.0,0.8364,62465.0,0.8366,22164.0,0.8367,46235.0
1753547056471,16:24:16.471,ADA/USDT:USDT,0.8365,59846.0,0.8364,62465.0,0.8366,22147.0,0.8367,46235.0
1753547056593,16:24:16.593,ADA/USDT:USDT,0.8365,59846.0,0.8364,62465.0,0.8366,22237.0,0.8367,46235.0
1753547056703,16:24:16.703,ADA/USDT:USDT,0.8365,59846.0,0.8364,62465.0,0.8366,21987.0,0.8367,46235.0
1753547056824,16:24:16.824,ADA/USDT:USDT,0.8365,59543.0,0.8364,62465.0,0.8366,21956.0,0.8367,46235.0
1753547056968,16:24:16.968,ADA/USDT:USDT,0.8365,59543.0,0.8364,62465.0,0.8366,21956.0,0.8367,46235.0
1753547057078,16:24:17.078,ADA/USDT:USDT,0.8365,59543.0,0.8364,62465.0,0.8366,21956.0,0.8367,46235.0
1753547057180,16:24:17.180,ADA/USDT:USDT,0.8365,59050.0,0.8364,62465.0,0.8366,21956.0,0.8367,46243.0
1753547057288,16:24:17.288,ADA/USDT:USDT,0.8365,59168.0,0.8364,62489.0,0.8366,24254.0,0.8367,46243.0
1753547057391,16:24:17.391,ADA/USDT:USDT,0.8365,51678.0,0.8364,62465.0,0.8366,24264.0,0.8367,46232.0
1753547057496,16:24:17.496,ADA/USDT:USDT,0.8365,51942.0,0.8364,62346.0,0.8366,24264.0,0.8367,46256.0
1753547057605,16:24:17.605,ADA/USDT:USDT,0.8365,59432.0,0.8364,62346.0,0.8366,24114.0,0.8367,46232.0
1753547057741,16:24:17.741,ADA/USDT:USDT,0.8365,68291.0,0.8364,65146.0,0.8366,11995.0,0.8367,46232.0
1753547057843,16:24:17.843,ADA/USDT:USDT,0.8365,68291.0,0.8364,65146.0,0.8366,11875.0,0.8367,43582.0
1753547057966,16:24:17.966,ADA/USDT:USDT,0.8366,85569.0,0.8365,95459.0,0.8367,10850.0,0.8368,19754.0
1753547058086,16:24:18.086,ADA/USDT:USDT,0.8366,77643.0,0.8365,95428.0,0.8367,10823.0,0.8368,27826.0
1753547058191,16:24:18.191,ADA/USDT:USDT,0.8366,85619.0,0.8365,95435.0,0.8367,10823.0,0.8368,27826.0
1753547058297,16:24:18.297,ADA/USDT:USDT,0.8367,19158.0,0.8366,67857.0,0.8368,64416.0,0.8369,40185.0
1753547058399,16:24:18.399,ADA/USDT:USDT,0.8366,64863.0,0.8365,94785.0,0.8367,27685.0,0.8368,64419.0
1753547058500,16:24:18.500,ADA/USDT:USDT,0.8366,39406.0,0.8365,94561.0,0.8367,47823.0,0.8368,64093.0
1753547058602,16:24:18.602,ADA/USDT:USDT,0.8366,39449.0,0.8365,94213.0,0.8367,22434.0,0.8368,64441.0
1753547058809,16:24:18.809,ADA/USDT:USDT,0.8366,53462.0,0.8365,94189.0,0.8367,18446.0,0.8368,64449.0
1753547058934,16:24:18.934,ADA/USDT:USDT,0.8366,55012.0,0.8365,97176.0,0.8367,18446.0,0.8368,64456.0
1753547059063,16:24:19.063,ADA/USDT:USDT,0.8366,55493.0,0.8365,97176.0,0.8367,18446.0,0.8368,64456.0
1753547059176,16:24:19.176,ADA/USDT:USDT,0.8366,46718.0,0.8365,97176.0,0.8367,18446.0,0.8368,64456.0
1753547059277,16:24:19.277,ADA/USDT:USDT,0.8366,46798.0,0.8365,97107.0,0.8367,18432.0,0.8368,64456.0
1753547059390,16:24:19.390,ADA/USDT:USDT,0.8366,56952.0,0.8365,97107.0,0.8367,13184.0,0.8368,64456.0
1753547059501,16:24:19.501,ADA/USDT:USDT,0.8367,54425.0,0.8366,89614.0,0.8368,31162.0,0.8369,30341.0
1753547059602,16:24:19.602,ADA/USDT:USDT,0.8365,33721.0,0.8364,41131.0,0.8366,126579.0,0.8367,73728.0
1753547059704,16:24:19.704,ADA/USDT:USDT,0.8365,6927.0,0.8364,19655.0,0.8366,132205.0,0.8367,75028.0
1753547059805,16:24:19.805,ADA/USDT:USDT,0.8365,42508.0,0.8364,49351.0,0.8366,58018.0,0.8367,74549.0
1753547059909,16:24:19.909,ADA/USDT:USDT,0.8365,42473.0,0.8364,58915.0,0.8366,50536.0,0.8367,74076.0
1753547060127,16:24:20.127,ADA/USDT:USDT,0.8365,23326.0,0.8364,29195.0,0.8366,55474.0,0.8367,80230.0
1753547060251,16:24:20.251,ADA/USDT:USDT,0.8365,41471.0,0.8364,29655.0,0.8366,50536.0,0.8367,80230.0
1753547060358,16:24:20.358,ADA/USDT:USDT,0.8365,41562.0,0.8364,29679.0,0.8366,55543.0,0.8367,80236.0
1753547060464,16:24:20.464,ADA/USDT:USDT,0.8365,75091.0,0.8364,33660.0,0.8366,50521.0,0.8367,80236.0
1753547060565,16:24:20.565,ADA/USDT:USDT,0.8365,41562.0,0.8364,34967.0,0.8366,50521.0,0.8367,79720.0
1753547060677,16:24:20.677,ADA/USDT:USDT,0.8365,41562.0,0.8364,33772.0,0.8366,50521.0,0.8367,79720.0
1753547060784,16:24:20.784,ADA/USDT:USDT,0.8365,54030.0,0.8364,33772.0,0.8366,50521.0,0.8367,79720.0
1753547060893,16:24:20.893,ADA/USDT:USDT,0.8365,41606.0,0.8364,34120.0,0.8366,50521.0,0.8367,79720.0
1753547061012,16:24:21.012,ADA/USDT:USDT,0.8365,41606.0,0.8364,34120.0,0.8366,50521.0,0.8367,79720.0
1753547061118,16:24:21.118,ADA/USDT:USDT,0.8365,41606.0,0.8364,34120.0,0.8366,53524.0,0.8367,79372.0
1753547061221,16:24:21.221,ADA/USDT:USDT,0.8365,23375.0,0.8364,33660.0,0.8366,54129.0,0.8367,82196.0
1753547061328,16:24:21.328,ADA/USDT:USDT,0.8365,41583.0,0.8364,34122.0,0.8366,50606.0,0.8367,82520.0
1753547061430,16:24:21.430,ADA/USDT:USDT,0.8365,23358.0,0.8364,33660.0,0.8366,55739.0,0.8367,83036.0
1753547061551,16:24:21.551,ADA/USDT:USDT,0.8365,23371.0,0.8364,34146.0,0.8366,50606.0,0.8367,83043.0
1753547061657,16:24:21.657,ADA/USDT:USDT,0.8365,6205.0,0.8364,33660.0,0.8366,55746.0,0.8367,83043.0
1753547061758,16:24:21.758,ADA/USDT:USDT,0.8365,3664.0,0.8364,36387.0,0.8366,55746.0,0.8367,88078.0
1753547061861,16:24:21.861,ADA/USDT:USDT,0.8365,3480.0,0.8364,36571.0,0.8366,55746.0,0.8367,91020.0
1753547061978,16:24:21.978,ADA/USDT:USDT,0.8365,3480.0,0.8364,27031.0,0.8366,55746.0,0.8367,91020.0
1753547062097,16:24:22.097,ADA/USDT:USDT,0.8365,3480.0,0.8364,27031.0,0.8366,63807.0,0.8367,91020.0
1753547062213,16:24:22.213,ADA/USDT:USDT,0.8365,3480.0,0.8364,27031.0,0.8366,71353.0,0.8367,91020.0
1753547062326,16:24:22.326,ADA/USDT:USDT,0.8364,2875.0,0.8363,41791.0,0.8365,114346.0,0.8366,84598.0
1753547062429,16:24:22.429,ADA/USDT:USDT,0.8363,28983.0,0.8362,73308.0,0.8364,54812.0,0.8365,104524.0
1753547062531,16:24:22.531,ADA/USDT:USDT,0.8363,36657.0,0.8362,78048.0,0.8364,52786.0,0.8365,104418.0
1753547062633,16:24:22.633,ADA/USDT:USDT,0.8363,65317.0,0.8362,78164.0,0.8364,44008.0,0.8365,75090.0
1753547062769,16:24:22.769,ADA/USDT:USDT,0.8363,65317.0,0.8362,78403.0,0.8364,22646.0,0.8365,72290.0
1753547062870,16:24:22.870,ADA/USDT:USDT,0.8363,54542.0,0.8362,78403.0,0.8364,25134.0,0.8365,71256.0
1753547062978,16:24:22.978,ADA/USDT:USDT,0.8363,54542.0,0.8362,78403.0,0.8364,17062.0,0.8365,71256.0
1753547063081,16:24:23.081,ADA/USDT:USDT,0.8363,54542.0,0.8362,78403.0,0.8364,16526.0,0.8365,71256.0
1753547063186,16:24:23.186,ADA/USDT:USDT,0.8363,55042.0,0.8362,78403.0,0.8364,16526.0,0.8365,71256.0
1753547063295,16:24:23.295,ADA/USDT:USDT,0.8363,56841.0,0.8362,78403.0,0.8364,16536.0,0.8365,71256.0
1753547063506,16:24:23.506,ADA/USDT:USDT,0.8363,64448.0,0.8362,78522.0,0.8364,17422.0,0.8365,71263.0
1753547063609,16:24:23.609,ADA/USDT:USDT,0.8363,66236.0,0.8362,78522.0,0.8364,11674.0,0.8365,66759.0
1753547063715,16:24:23.715,ADA/USDT:USDT,0.8364,31098.0,0.8363,75688.0,0.8365,16544.0,0.8366,53007.0
1753547063816,16:24:23.816,ADA/USDT:USDT,0.8364,86256.0,0.8363,97745.0,0.8365,10765.0,0.8366,50201.0
1753547063919,16:24:23.919,ADA/USDT:USDT,0.8364,86263.0,0.8363,99799.0,0.8365,10848.0,0.8366,50145.0
1753547064040,16:24:24.040,ADA/USDT:USDT,0.8364,79261.0,0.8363,99823.0,0.8365,10848.0,0.8366,50145.0
