timestamp,time,symbol,bid1_price,bid1_volume,bid2_price,bid2_volume,ask1_price,ask1_volume,ask2_price,ask2_volume
1753546956556,16:22:36.556,ADA/USDT:USDT,0.8357,8000.0,0.8355,124000.0,0.8366,9000.0,0.8367,418000.0
1753546957326,16:22:37.326,ADA/USDT:USDT,0.8357,8000.0,0.8355,124000.0,0.8366,9000.0,0.8367,418000.0
1753546957376,16:22:37.376,ADA/USDT:USDT,0.8357,8000.0,0.8355,124000.0,0.8366,9000.0,0.8367,418000.0
1753546959131,16:22:39.131,ADA/USDT:USDT,0.8357,8000.0,0.8355,124000.0,0.8366,9000.0,0.8367,418000.0
1753546959180,16:22:39.180,ADA/USDT:USDT,0.8357,8000.0,0.8355,124000.0,0.8366,9000.0,0.8367,418000.0
1753546960042,16:22:40.042,ADA/USDT:USDT,0.8357,8000.0,0.8355,124000.0,0.8366,9000.0,0.8367,417000.0
1753546960093,16:22:40.093,ADA/USDT:USDT,0.8357,8000.0,0.8355,124000.0,0.8366,9000.0,0.8367,417000.0
1753546960142,16:22:40.142,ADA/USDT:USDT,0.8357,8000.0,0.8355,124000.0,0.8366,9000.0,0.8367,418000.0
1753546960192,16:22:40.192,ADA/USDT:USDT,0.8357,8000.0,0.8355,124000.0,0.8364,8000.0,0.8365,161000.0
1753546960282,16:22:40.282,ADA/USDT:USDT,0.8357,8000.0,0.8355,124000.0,0.8364,8000.0,0.8365,161000.0
1753546960511,16:22:40.511,ADA/USDT:USDT,0.8357,8000.0,0.8355,124000.0,0.8364,8000.0,0.8365,161000.0
1753546960779,16:22:40.779,ADA/USDT:USDT,0.8357,8000.0,0.8355,124000.0,0.8364,8000.0,0.8366,9000.0
1753546960828,16:22:40.828,ADA/USDT:USDT,0.8357,8000.0,0.8355,124000.0,0.8366,9000.0,0.8367,579000.0
1753546961041,16:22:41.041,ADA/USDT:USDT,0.8357,8000.0,0.8355,124000.0,0.8366,9000.0,0.8367,579000.0
1753546961091,16:22:41.091,ADA/USDT:USDT,0.8357,8000.0,0.8355,124000.0,0.8366,9000.0,0.8367,579000.0
1753546961140,16:22:41.140,ADA/USDT:USDT,0.8357,8000.0,0.8355,124000.0,0.8366,9000.0,0.8367,579000.0
1753546961189,16:22:41.189,ADA/USDT:USDT,0.8357,8000.0,0.8355,124000.0,0.8366,9000.0,0.8367,579000.0
1753546961238,16:22:41.238,ADA/USDT:USDT,0.8357,8000.0,0.8355,136000.0,0.8366,9000.0,0.8367,578000.0
1753546961294,16:22:41.294,ADA/USDT:USDT,0.8357,8000.0,0.8355,136000.0,0.8366,9000.0,0.8367,417000.0
1753546961344,16:22:41.344,ADA/USDT:USDT,0.8357,8000.0,0.8355,136000.0,0.8366,9000.0,0.8367,417000.0
1753546961736,16:22:41.736,ADA/USDT:USDT,0.8358,18000.0,0.8357,8000.0,0.8366,9000.0,0.8367,417000.0
1753546961785,16:22:41.785,ADA/USDT:USDT,0.8357,8000.0,0.8355,136000.0,0.8366,9000.0,0.8367,417000.0
1753546961785,16:22:41.785,ADA/USDT:USDT,0.8363,18000.0,0.8362,8000.0,0.8366,9000.0,0.8367,417000.0
1753546961834,16:22:41.834,ADA/USDT:USDT,0.8363,18000.0,0.8362,8000.0,0.8366,9000.0,0.8367,417000.0
1753546961883,16:22:41.883,ADA/USDT:USDT,0.8363,18000.0,0.8362,8000.0,0.8366,9000.0,0.8367,417000.0
1753546962007,16:22:42.007,ADA/USDT:USDT,0.8363,18000.0,0.8362,8000.0,0.8366,9000.0,0.8367,417000.0
1753546962056,16:22:42.056,ADA/USDT:USDT,0.8363,18000.0,0.8362,8000.0,0.8366,9000.0,0.8367,417000.0
1753546962298,16:22:42.298,ADA/USDT:USDT,0.8363,18000.0,0.8362,8000.0,0.8366,9000.0,0.8367,417000.0
1753546962348,16:22:42.348,ADA/USDT:USDT,0.8363,18000.0,0.8362,8000.0,0.8366,9000.0,0.8367,417000.0
1753546962429,16:22:42.429,ADA/USDT:USDT,0.8363,18000.0,0.8362,8000.0,0.8366,9000.0,0.8367,417000.0
1753546962478,16:22:42.478,ADA/USDT:USDT,0.8363,18000.0,0.8362,8000.0,0.8366,9000.0,0.8367,417000.0
1753546962556,16:22:42.556,ADA/USDT:USDT,0.8363,18000.0,0.8362,8000.0,0.8366,9000.0,0.8367,417000.0
1753546962823,16:22:42.823,ADA/USDT:USDT,0.8363,18000.0,0.8362,8000.0,0.8366,9000.0,0.8367,417000.0
1753546962923,16:22:42.923,ADA/USDT:USDT,0.8363,18000.0,0.8362,8000.0,0.8366,9000.0,0.8367,417000.0
1753546962972,16:22:42.972,ADA/USDT:USDT,0.8363,18000.0,0.8362,8000.0,0.8366,9000.0,0.8367,417000.0
1753546963844,16:22:43.844,ADA/USDT:USDT,0.8363,18000.0,0.8362,8000.0,0.8367,417000.0,0.8369,170000.0
1753546963894,16:22:43.894,ADA/USDT:USDT,0.8363,26000.0,0.8362,8000.0,0.8367,417000.0,0.8369,170000.0
1753546963943,16:22:43.943,ADA/USDT:USDT,0.8363,26000.0,0.8362,8000.0,0.8367,417000.0,0.8369,170000.0
1753546963992,16:22:43.992,ADA/USDT:USDT,0.8363,26000.0,0.8362,8000.0,0.8367,417000.0,0.8369,170000.0
1753546964088,16:22:44.088,ADA/USDT:USDT,0.8363,26000.0,0.8362,8000.0,0.8367,8000.0,0.8369,170000.0
1753546964138,16:22:44.138,ADA/USDT:USDT,0.8363,26000.0,0.8362,8000.0,0.8367,8000.0,0.8369,579000.0
1753546964187,16:22:44.187,ADA/USDT:USDT,0.8363,26000.0,0.8362,8000.0,0.8367,8000.0,0.8369,579000.0
1753546964236,16:22:44.236,ADA/USDT:USDT,0.8363,26000.0,0.8362,8000.0,0.8367,8000.0,0.8369,418000.0
1753546964526,16:22:44.526,ADA/USDT:USDT,0.8364,8000.0,0.8363,26000.0,0.8367,8000.0,0.8369,418000.0
1753546964576,16:22:44.576,ADA/USDT:USDT,0.8364,8000.0,0.8363,8000.0,0.8368,8000.0,0.8369,418000.0
1753546964625,16:22:44.625,ADA/USDT:USDT,0.8364,8000.0,0.8363,8000.0,0.8368,8000.0,0.8369,418000.0
1753546964683,16:22:44.683,ADA/USDT:USDT,0.8363,8000.0,0.8362,8000.0,0.8368,8000.0,0.8369,418000.0
1753546964732,16:22:44.732,ADA/USDT:USDT,0.8361,8000.0,0.8359,38000.0,0.8368,8000.0,0.8369,418000.0
1753546964781,16:22:44.781,ADA/USDT:USDT,0.8359,8000.0,0.8358,30000.0,0.8368,8000.0,0.8369,418000.0
1753546964891,16:22:44.891,ADA/USDT:USDT,0.8359,8000.0,0.8358,30000.0,0.8368,8000.0,0.8369,418000.0
1753546964941,16:22:44.941,ADA/USDT:USDT,0.8359,8000.0,0.8358,38000.0,0.8368,8000.0,0.8369,418000.0
1753546965273,16:22:45.273,ADA/USDT:USDT,0.8359,8000.0,0.8358,38000.0,0.8368,8000.0,0.8369,418000.0
1753546965322,16:22:45.322,ADA/USDT:USDT,0.8359,8000.0,0.8358,38000.0,0.8368,8000.0,0.8369,418000.0
1753546965371,16:22:45.371,ADA/USDT:USDT,0.8359,8000.0,0.8358,38000.0,0.8368,8000.0,0.8369,418000.0
1753546965420,16:22:45.420,ADA/USDT:USDT,0.8359,8000.0,0.8358,38000.0,0.8368,8000.0,0.8369,417000.0
1753546965469,16:22:45.469,ADA/USDT:USDT,0.8359,8000.0,0.8358,38000.0,0.8368,8000.0,0.8369,417000.0
1753546965523,16:22:45.523,ADA/USDT:USDT,0.8359,8000.0,0.8358,38000.0,0.8368,8000.0,0.8369,417000.0
1753546965572,16:22:45.572,ADA/USDT:USDT,0.8359,8000.0,0.8358,38000.0,0.8368,8000.0,0.8369,417000.0
1753546965621,16:22:45.621,ADA/USDT:USDT,0.8359,8000.0,0.8358,38000.0,0.8368,8000.0,0.8369,417000.0
1753546965869,16:22:45.869,ADA/USDT:USDT,0.8359,8000.0,0.8358,38000.0,0.8368,8000.0,0.8369,417000.0
1753546966391,16:22:46.391,ADA/USDT:USDT,0.8359,8000.0,0.8358,38000.0,0.8368,8000.0,0.8369,417000.0
1753546966440,16:22:46.440,ADA/USDT:USDT,0.8359,8000.0,0.8358,38000.0,0.8368,8000.0,0.8369,417000.0
1753546966786,16:22:46.786,ADA/USDT:USDT,0.8359,9000.0,0.8358,38000.0,0.8368,8000.0,0.8369,417000.0
1753546966836,16:22:46.836,ADA/USDT:USDT,0.836,8000.0,0.8359,9000.0,0.8368,8000.0,0.8369,417000.0
1753546967585,16:22:47.585,ADA/USDT:USDT,0.836,8000.0,0.8359,9000.0,0.8368,8000.0,0.8369,417000.0
1753546967635,16:22:47.635,ADA/USDT:USDT,0.8361,8000.0,0.836,38000.0,0.8368,8000.0,0.8369,417000.0
1753546967684,16:22:47.684,ADA/USDT:USDT,0.8361,8000.0,0.836,38000.0,0.8368,8000.0,0.8369,417000.0
1753546967733,16:22:47.733,ADA/USDT:USDT,0.8361,8000.0,0.836,38000.0,0.8368,8000.0,0.8369,417000.0
1753546967782,16:22:47.782,ADA/USDT:USDT,0.8361,8000.0,0.836,38000.0,0.8368,8000.0,0.8369,417000.0
1753546967831,16:22:47.831,ADA/USDT:USDT,0.8361,8000.0,0.836,38000.0,0.8368,8000.0,0.8369,417000.0
1753546968280,16:22:48.280,ADA/USDT:USDT,0.8361,8000.0,0.836,38000.0,0.8368,8000.0,0.8369,417000.0
1753546968330,16:22:48.330,ADA/USDT:USDT,0.836,8000.0,0.8359,38000.0,0.8368,8000.0,0.8369,417000.0
1753546968379,16:22:48.379,ADA/USDT:USDT,0.836,8000.0,0.8359,38000.0,0.8368,8000.0,0.8369,417000.0
1753546968550,16:22:48.550,ADA/USDT:USDT,0.836,8000.0,0.8359,38000.0,0.8368,8000.0,0.8369,417000.0
1753546968783,16:22:48.783,ADA/USDT:USDT,0.836,8000.0,0.8359,38000.0,0.8368,8000.0,0.8369,417000.0
1753546968833,16:22:48.833,ADA/USDT:USDT,0.836,8000.0,0.8359,38000.0,0.8368,8000.0,0.8369,417000.0
1753546968894,16:22:48.894,ADA/USDT:USDT,0.836,8000.0,0.8359,38000.0,0.8368,8000.0,0.8369,417000.0
1753546968943,16:22:48.943,ADA/USDT:USDT,0.836,8000.0,0.8359,39000.0,0.8368,8000.0,0.8369,417000.0
1753546969580,16:22:49.580,ADA/USDT:USDT,0.836,8000.0,0.8359,51000.0,0.8368,8000.0,0.8369,417000.0
1753546969629,16:22:49.629,ADA/USDT:USDT,0.836,8000.0,0.8359,51000.0,0.837,8000.0,0.8371,170000.0
1753546969629,16:22:49.629,ADA/USDT:USDT,0.8361,8000.0,0.836,38000.0,0.837,8000.0,0.8371,169000.0
1753546969678,16:22:49.678,ADA/USDT:USDT,0.8361,8000.0,0.836,38000.0,0.837,8000.0,0.8371,8000.0
1753546969727,16:22:49.727,ADA/USDT:USDT,0.8367,18000.0,0.8366,8000.0,0.8372,416000.0,0.8373,1417000.0
1753546969776,16:22:49.776,ADA/USDT:USDT,0.8367,18000.0,0.8366,8000.0,0.8372,416000.0,0.8373,1417000.0
1753546969776,16:22:49.776,ADA/USDT:USDT,0.8367,18000.0,0.8366,8000.0,0.8371,8000.0,0.8372,416000.0
1753546969879,16:22:49.879,ADA/USDT:USDT,0.8367,18000.0,0.8366,8000.0,0.8371,8000.0,0.8372,416000.0
1753546970019,16:22:50.019,ADA/USDT:USDT,0.8367,18000.0,0.8365,93000.0,0.8371,8000.0,0.8372,416000.0
1753546970068,16:22:50.068,ADA/USDT:USDT,0.8365,93000.0,0.8364,8000.0,0.8371,8000.0,0.8372,416000.0
1753546970117,16:22:50.117,ADA/USDT:USDT,0.8365,45000.0,0.8364,8000.0,0.8371,8000.0,0.8372,416000.0
1753546970167,16:22:50.167,ADA/USDT:USDT,0.8365,45000.0,0.8364,8000.0,0.8371,8000.0,0.8372,416000.0
1753546970241,16:22:50.241,ADA/USDT:USDT,0.8365,45000.0,0.8364,8000.0,0.8371,8000.0,0.8372,416000.0
1753546970291,16:22:50.291,ADA/USDT:USDT,0.8363,8000.0,0.8361,38000.0,0.8371,9000.0,0.8372,416000.0
1753546970340,16:22:50.340,ADA/USDT:USDT,0.8361,8000.0,0.836,38000.0,0.837,8000.0,0.8371,9000.0
1753546970389,16:22:50.389,ADA/USDT:USDT,0.8361,8000.0,0.836,38000.0,0.837,8000.0,0.8371,9000.0
1753546970461,16:22:50.461,ADA/USDT:USDT,0.8361,8000.0,0.836,38000.0,0.837,8000.0,0.8371,9000.0
1753546970511,16:22:50.511,ADA/USDT:USDT,0.8361,8000.0,0.836,38000.0,0.837,8000.0,0.8371,9000.0
1753546970560,16:22:50.560,ADA/USDT:USDT,0.8361,8000.0,0.836,38000.0,0.837,8000.0,0.8371,9000.0
1753546970609,16:22:50.609,ADA/USDT:USDT,0.8361,8000.0,0.836,38000.0,0.837,8000.0,0.8371,9000.0
1753546970858,16:22:50.858,ADA/USDT:USDT,0.8361,8000.0,0.836,38000.0,0.837,8000.0,0.8371,9000.0
1753546971489,16:22:51.489,ADA/USDT:USDT,0.8361,8000.0,0.836,38000.0,0.837,8000.0,0.8371,9000.0
1753546971538,16:22:51.538,ADA/USDT:USDT,0.8361,8000.0,0.836,38000.0,0.837,8000.0,0.8371,9000.0
1753546972208,16:22:52.208,ADA/USDT:USDT,0.8361,8000.0,0.836,38000.0,0.837,8000.0,0.8371,9000.0
1753546972258,16:22:52.258,ADA/USDT:USDT,0.8361,8000.0,0.836,38000.0,0.837,8000.0,0.8371,9000.0
1753546972353,16:22:52.353,ADA/USDT:USDT,0.8361,8000.0,0.836,38000.0,0.837,8000.0,0.8371,9000.0
1753546972736,16:22:52.736,ADA/USDT:USDT,0.8361,8000.0,0.836,38000.0,0.837,8000.0,0.8371,9000.0
1753546972785,16:22:52.785,ADA/USDT:USDT,0.8361,8000.0,0.836,38000.0,0.837,8000.0,0.8371,9000.0
1753546973063,16:22:53.063,ADA/USDT:USDT,0.8361,8000.0,0.836,38000.0,0.837,8000.0,0.8371,9000.0
1753546973112,16:22:53.112,ADA/USDT:USDT,0.8361,8000.0,0.836,38000.0,0.837,8000.0,0.8371,9000.0
1753546973249,16:22:53.249,ADA/USDT:USDT,0.8361,8000.0,0.836,38000.0,0.837,8000.0,0.8371,9000.0
1753546973299,16:22:53.299,ADA/USDT:USDT,0.8361,8000.0,0.836,38000.0,0.837,8000.0,0.8371,9000.0
1753546973583,16:22:53.583,ADA/USDT:USDT,0.8361,8000.0,0.836,38000.0,0.837,8000.0,0.8371,9000.0
1753546973632,16:22:53.632,ADA/USDT:USDT,0.8361,8000.0,0.836,38000.0,0.837,8000.0,0.8371,9000.0
1753546973681,16:22:53.681,ADA/USDT:USDT,0.8366,18000.0,0.8365,8000.0,0.837,8000.0,0.8371,9000.0
1753546973730,16:22:53.730,ADA/USDT:USDT,0.8366,18000.0,0.8365,8000.0,0.837,8000.0,0.8371,9000.0
1753546973845,16:22:53.845,ADA/USDT:USDT,0.8366,18000.0,0.8365,8000.0,0.837,8000.0,0.8371,9000.0
1753546973895,16:22:53.895,ADA/USDT:USDT,0.8366,18000.0,0.8365,8000.0,0.837,8000.0,0.8371,9000.0
1753546974224,16:22:54.224,ADA/USDT:USDT,0.8366,18000.0,0.8365,8000.0,0.837,8000.0,0.8371,9000.0
1753546974273,16:22:54.273,ADA/USDT:USDT,0.8366,8000.0,0.8365,8000.0,0.8372,8000.0,0.8373,1416000.0
1753546974322,16:22:54.322,ADA/USDT:USDT,0.8366,8000.0,0.8365,8000.0,0.8372,8000.0,0.8373,1416000.0
1753546974371,16:22:54.371,ADA/USDT:USDT,0.8366,8000.0,0.8365,8000.0,0.8372,8000.0,0.8373,170000.0
1753546974420,16:22:54.420,ADA/USDT:USDT,0.8363,8000.0,0.8361,136000.0,0.8372,8000.0,0.8373,170000.0
1753546974539,16:22:54.539,ADA/USDT:USDT,0.8363,8000.0,0.8361,136000.0,0.8372,8000.0,0.8373,170000.0
1753546974588,16:22:54.588,ADA/USDT:USDT,0.8363,8000.0,0.8361,136000.0,0.8372,8000.0,0.8373,170000.0
1753546974846,16:22:54.846,ADA/USDT:USDT,0.8363,8000.0,0.8361,136000.0,0.8372,8000.0,0.8373,170000.0
1753546974895,16:22:54.895,ADA/USDT:USDT,0.8363,8000.0,0.8361,136000.0,0.8372,8000.0,0.8373,170000.0
1753546975019,16:22:55.019,ADA/USDT:USDT,0.8363,8000.0,0.8361,136000.0,0.8372,8000.0,0.8373,170000.0
1753546975287,16:22:55.287,ADA/USDT:USDT,0.8363,8000.0,0.8361,136000.0,0.8372,8000.0,0.8373,170000.0
1753546975971,16:22:55.971,ADA/USDT:USDT,0.8363,8000.0,0.8361,136000.0,0.8372,8000.0,0.8373,170000.0
1753546976020,16:22:56.020,ADA/USDT:USDT,0.8363,8000.0,0.8361,136000.0,0.8372,8000.0,0.8373,170000.0
1753546976371,16:22:56.371,ADA/USDT:USDT,0.8364,18000.0,0.8363,8000.0,0.8372,8000.0,0.8373,170000.0
1753546976420,16:22:56.420,ADA/USDT:USDT,0.8368,18000.0,0.8366,93000.0,0.8372,8000.0,0.8373,170000.0
1753546976469,16:22:56.469,ADA/USDT:USDT,0.8368,18000.0,0.8367,8000.0,0.8372,8000.0,0.8373,170000.0
1753546976518,16:22:56.518,ADA/USDT:USDT,0.8368,18000.0,0.8367,8000.0,0.8372,8000.0,0.8373,170000.0
1753546976660,16:22:56.660,ADA/USDT:USDT,0.8368,18000.0,0.8366,93000.0,0.8372,8000.0,0.8373,170000.0
1753546976733,16:22:56.733,ADA/USDT:USDT,0.8368,18000.0,0.8366,93000.0,0.8372,8000.0,0.8373,170000.0
1753546976832,16:22:56.832,ADA/USDT:USDT,0.8368,18000.0,0.8367,8000.0,0.8372,8000.0,0.8373,170000.0
1753546977065,16:22:57.065,ADA/USDT:USDT,0.8368,18000.0,0.8367,8000.0,0.8372,8000.0,0.8373,170000.0
1753546977299,16:22:57.299,ADA/USDT:USDT,0.8368,18000.0,0.8367,8000.0,0.8372,8000.0,0.8373,170000.0
1753546977349,16:22:57.349,ADA/USDT:USDT,0.8368,18000.0,0.8367,8000.0,0.8372,8000.0,0.8373,170000.0
1753546977398,16:22:57.398,ADA/USDT:USDT,0.8368,18000.0,0.8367,8000.0,0.8372,8000.0,0.8373,170000.0
1753546977447,16:22:57.447,ADA/USDT:USDT,0.8368,18000.0,0.8367,8000.0,0.8372,8000.0,0.8373,9000.0
1753546977496,16:22:57.496,ADA/USDT:USDT,0.8369,18000.0,0.8367,8000.0,0.8373,9000.0,0.8374,417000.0
1753546977545,16:22:57.545,ADA/USDT:USDT,0.8369,18000.0,0.8367,93000.0,0.8373,9000.0,0.8374,417000.0
1753546977594,16:22:57.594,ADA/USDT:USDT,0.8369,18000.0,0.8367,93000.0,0.8373,9000.0,0.8374,417000.0
1753546977643,16:22:57.643,ADA/USDT:USDT,0.8367,45000.0,0.8366,8000.0,0.8373,9000.0,0.8374,417000.0
1753546977693,16:22:57.693,ADA/USDT:USDT,0.8367,45000.0,0.8366,8000.0,0.8373,9000.0,0.8374,417000.0
1753546977881,16:22:57.881,ADA/USDT:USDT,0.8368,8000.0,0.8367,45000.0,0.8373,9000.0,0.8374,417000.0
1753546977931,16:22:57.931,ADA/USDT:USDT,0.8369,18000.0,0.8368,8000.0,0.8373,9000.0,0.8374,417000.0
1753546977980,16:22:57.980,ADA/USDT:USDT,0.8369,18000.0,0.8368,8000.0,0.8373,9000.0,0.8374,417000.0
1753546978031,16:22:58.031,ADA/USDT:USDT,0.8369,18000.0,0.8368,8000.0,0.8373,9000.0,0.8374,417000.0
1753546978080,16:22:58.080,ADA/USDT:USDT,0.8369,18000.0,0.8367,93000.0,0.8373,9000.0,0.8374,417000.0
1753546978303,16:22:58.303,ADA/USDT:USDT,0.8369,18000.0,0.8367,93000.0,0.8373,9000.0,0.8374,417000.0
1753546978773,16:22:58.773,ADA/USDT:USDT,0.8369,18000.0,0.8367,93000.0,0.8373,9000.0,0.8374,417000.0
1753546978822,16:22:58.822,ADA/USDT:USDT,0.8369,18000.0,0.8367,93000.0,0.8373,9000.0,0.8374,417000.0
1753546978919,16:22:58.919,ADA/USDT:USDT,0.8369,18000.0,0.8367,93000.0,0.8373,9000.0,0.8374,417000.0
1753546978968,16:22:58.968,ADA/USDT:USDT,0.8369,18000.0,0.8367,93000.0,0.8373,9000.0,0.8374,417000.0
1753546979183,16:22:59.183,ADA/USDT:USDT,0.8369,18000.0,0.8367,93000.0,0.8373,9000.0,0.8374,417000.0
1753546979233,16:22:59.233,ADA/USDT:USDT,0.8369,18000.0,0.8367,93000.0,0.8373,9000.0,0.8374,417000.0
1753546979310,16:22:59.310,ADA/USDT:USDT,0.8369,18000.0,0.8367,93000.0,0.8373,9000.0,0.8374,417000.0
1753546979839,16:22:59.839,ADA/USDT:USDT,0.8369,18000.0,0.8368,8000.0,0.8373,9000.0,0.8374,417000.0
1753546980039,16:23:00.039,ADA/USDT:USDT,0.8369,18000.0,0.8368,8000.0,0.8373,9000.0,0.8374,417000.0
1753546980194,16:23:00.194,ADA/USDT:USDT,0.8368,8000.0,0.8367,93000.0,0.8373,9000.0,0.8374,417000.0
1753546980243,16:23:00.243,ADA/USDT:USDT,0.8363,8000.0,0.8361,136000.0,0.8373,9000.0,0.8374,417000.0
1753546980292,16:23:00.292,ADA/USDT:USDT,0.8363,8000.0,0.8361,136000.0,0.8373,9000.0,0.8374,417000.0
1753546980341,16:23:00.341,ADA/USDT:USDT,0.8363,8000.0,0.8361,136000.0,0.8373,9000.0,0.8374,417000.0
1753546980439,16:23:00.439,ADA/USDT:USDT,0.8363,8000.0,0.8361,136000.0,0.8373,9000.0,0.8374,417000.0
1753546980488,16:23:00.488,ADA/USDT:USDT,0.8363,8000.0,0.8361,136000.0,0.8373,9000.0,0.8374,417000.0
1753546980537,16:23:00.537,ADA/USDT:USDT,0.8363,8000.0,0.8361,124000.0,0.8373,9000.0,0.8374,417000.0
1753546980586,16:23:00.586,ADA/USDT:USDT,0.8363,8000.0,0.8361,124000.0,0.8373,9000.0,0.8374,417000.0
1753546980828,16:23:00.828,ADA/USDT:USDT,0.8364,18000.0,0.8363,8000.0,0.8373,9000.0,0.8374,417000.0
1753546980878,16:23:00.878,ADA/USDT:USDT,0.8366,8000.0,0.8365,8000.0,0.8373,9000.0,0.8374,417000.0
1753546980927,16:23:00.927,ADA/USDT:USDT,0.8366,8000.0,0.8365,8000.0,0.8373,9000.0,0.8374,417000.0
1753546980995,16:23:00.995,ADA/USDT:USDT,0.8365,8000.0,0.8364,85000.0,0.8373,9000.0,0.8374,417000.0
1753546981044,16:23:01.044,ADA/USDT:USDT,0.8363,8000.0,0.8361,94000.0,0.8373,9000.0,0.8374,417000.0
1753546981093,16:23:01.093,ADA/USDT:USDT,0.8363,8000.0,0.8361,94000.0,0.8373,9000.0,0.8374,417000.0
1753546981143,16:23:01.143,ADA/USDT:USDT,0.8363,8000.0,0.8361,94000.0,0.8373,9000.0,0.8374,417000.0
1753546981252,16:23:01.252,ADA/USDT:USDT,0.8364,18000.0,0.8363,8000.0,0.8373,9000.0,0.8374,417000.0
1753546981302,16:23:01.302,ADA/USDT:USDT,0.8368,18000.0,0.8366,8000.0,0.8373,9000.0,0.8374,417000.0
1753546981351,16:23:01.351,ADA/USDT:USDT,0.8368,18000.0,0.8367,8000.0,0.8373,9000.0,0.8374,417000.0
1753546981400,16:23:01.400,ADA/USDT:USDT,0.8368,18000.0,0.8367,8000.0,0.8373,9000.0,0.8374,417000.0
1753546981449,16:23:01.449,ADA/USDT:USDT,0.8368,18000.0,0.8367,8000.0,0.8373,9000.0,0.8374,417000.0
1753546981601,16:23:01.601,ADA/USDT:USDT,0.8368,18000.0,0.8366,93000.0,0.8373,9000.0,0.8374,417000.0
1753546981650,16:23:01.650,ADA/USDT:USDT,0.8366,45000.0,0.8363,8000.0,0.8373,9000.0,0.8374,417000.0
1753546981699,16:23:01.699,ADA/USDT:USDT,0.8366,45000.0,0.8364,85000.0,0.8373,9000.0,0.8374,417000.0
1753546981849,16:23:01.849,ADA/USDT:USDT,0.8367,18000.0,0.8366,45000.0,0.8373,9000.0,0.8374,417000.0
1753546981898,16:23:01.898,ADA/USDT:USDT,0.8368,18000.0,0.8367,8000.0,0.8373,9000.0,0.8374,417000.0
1753546981967,16:23:01.967,ADA/USDT:USDT,0.8368,18000.0,0.8366,93000.0,0.8373,9000.0,0.8374,417000.0
1753546982017,16:23:02.017,ADA/USDT:USDT,0.8366,45000.0,0.8364,85000.0,0.8373,9000.0,0.8374,417000.0
1753546982066,16:23:02.066,ADA/USDT:USDT,0.8366,45000.0,0.8364,85000.0,0.8373,9000.0,0.8374,417000.0
1753546982115,16:23:02.115,ADA/USDT:USDT,0.8366,45000.0,0.8364,85000.0,0.8373,9000.0,0.8374,417000.0
1753546982180,16:23:02.180,ADA/USDT:USDT,0.8361,8000.0,0.836,8000.0,0.8372,1000.0,0.8373,9000.0
1753546982252,16:23:02.252,ADA/USDT:USDT,0.8359,8000.0,0.8358,21000.0,0.8373,9000.0,0.8374,417000.0
1753546982305,16:23:02.305,ADA/USDT:USDT,0.8359,8000.0,0.8358,21000.0,0.8369,1000.0,0.8373,9000.0
1753546982369,16:23:02.369,ADA/USDT:USDT,0.836,18000.0,0.8359,8000.0,0.8367,8000.0,0.8368,416000.0
1753546982422,16:23:02.422,ADA/USDT:USDT,0.8361,8000.0,0.8359,8000.0,0.8367,8000.0,0.8368,416000.0
1753546982471,16:23:02.471,ADA/USDT:USDT,0.8361,8000.0,0.8359,8000.0,0.8367,8000.0,0.8368,416000.0
1753546982520,16:23:02.520,ADA/USDT:USDT,0.8359,8000.0,0.8358,8000.0,0.8367,8000.0,0.8368,416000.0
1753546982569,16:23:02.569,ADA/USDT:USDT,0.8358,8000.0,0.8357,9000.0,0.8367,8000.0,0.8368,416000.0
1753546982618,16:23:02.618,ADA/USDT:USDT,0.8358,8000.0,0.8357,9000.0,0.8367,8000.0,0.8368,416000.0
1753546982674,16:23:02.674,ADA/USDT:USDT,0.8358,8000.0,0.8357,9000.0,0.8367,8000.0,0.8368,416000.0
1753546982723,16:23:02.723,ADA/USDT:USDT,0.8358,8000.0,0.8357,9000.0,0.8367,8000.0,0.8368,416000.0
1753546982773,16:23:02.773,ADA/USDT:USDT,0.8358,8000.0,0.8357,9000.0,0.8367,8000.0,0.8368,416000.0
1753546982822,16:23:02.822,ADA/USDT:USDT,0.8358,8000.0,0.8357,9000.0,0.8367,8000.0,0.8368,416000.0
1753546982871,16:23:02.871,ADA/USDT:USDT,0.8358,8000.0,0.8357,9000.0,0.8367,8000.0,0.8368,416000.0
1753546982920,16:23:02.920,ADA/USDT:USDT,0.8364,18000.0,0.8363,8000.0,0.8368,416000.0,0.8369,1000.0
1753546982969,16:23:02.969,ADA/USDT:USDT,0.8364,18000.0,0.8363,8000.0,0.8368,416000.0,0.8369,1000.0
1753546983018,16:23:03.018,ADA/USDT:USDT,0.8364,18000.0,0.8363,8000.0,0.8368,416000.0,0.8371,1000.0
1753546983067,16:23:03.067,ADA/USDT:USDT,0.8364,26000.0,0.8363,8000.0,0.8368,416000.0,0.8371,1000.0
1753546983116,16:23:03.116,ADA/USDT:USDT,0.8365,8000.0,0.8364,8000.0,0.8369,8000.0,0.837,417000.0
1753546983166,16:23:03.166,ADA/USDT:USDT,0.8365,8000.0,0.8364,8000.0,0.8369,8000.0,0.837,417000.0
1753546983232,16:23:03.232,ADA/USDT:USDT,0.8364,8000.0,0.8363,93000.0,0.8369,8000.0,0.837,417000.0
1753546983282,16:23:03.282,ADA/USDT:USDT,0.836,8000.0,0.8359,1000.0,0.8369,8000.0,0.837,417000.0
1753546983586,16:23:03.586,ADA/USDT:USDT,0.836,8000.0,0.8359,1000.0,0.8369,8000.0,0.837,417000.0
1753546983636,16:23:03.636,ADA/USDT:USDT,0.836,8000.0,0.8359,1000.0,0.8369,8000.0,0.837,417000.0
1753546983686,16:23:03.686,ADA/USDT:USDT,0.836,8000.0,0.8359,1000.0,0.8369,8000.0,0.837,417000.0
1753546983735,16:23:03.735,ADA/USDT:USDT,0.836,8000.0,0.8359,1000.0,0.8369,8000.0,0.837,417000.0
1753546983784,16:23:03.784,ADA/USDT:USDT,0.836,8000.0,0.8359,1000.0,0.8369,8000.0,0.837,417000.0
1753546983864,16:23:03.864,ADA/USDT:USDT,0.836,8000.0,0.8359,1000.0,0.8369,8000.0,0.837,417000.0
1753546983913,16:23:03.913,ADA/USDT:USDT,0.836,8000.0,0.8358,8000.0,0.8369,8000.0,0.837,417000.0
1753546983962,16:23:03.962,ADA/USDT:USDT,0.8358,8000.0,0.8357,21000.0,0.8369,8000.0,0.837,417000.0
1753546984011,16:23:04.011,ADA/USDT:USDT,0.8358,8000.0,0.8357,9000.0,0.8369,8000.0,0.837,417000.0
1753546984060,16:23:04.060,ADA/USDT:USDT,0.8357,8000.0,0.8356,12000.0,0.8368,8000.0,0.8369,9000.0
1753546984109,16:23:04.109,ADA/USDT:USDT,0.8357,8000.0,0.8356,12000.0,0.8368,8000.0,0.8369,9000.0
1753546984158,16:23:04.158,ADA/USDT:USDT,0.8357,8000.0,0.8355,161000.0,0.8368,8000.0,0.8369,9000.0
1753546984319,16:23:04.319,ADA/USDT:USDT,0.8357,8000.0,0.8355,161000.0,0.8368,8000.0,0.8369,9000.0
1753546984369,16:23:04.369,ADA/USDT:USDT,0.8357,8000.0,0.8355,161000.0,0.8368,8000.0,0.8369,9000.0
1753546984622,16:23:04.622,ADA/USDT:USDT,0.8357,8000.0,0.8356,12000.0,0.8368,8000.0,0.8369,9000.0
1753546984805,16:23:04.805,ADA/USDT:USDT,0.8357,8000.0,0.8356,12000.0,0.8368,8000.0,0.8369,9000.0
1753546984854,16:23:04.854,ADA/USDT:USDT,0.8357,8000.0,0.8356,12000.0,0.8368,8000.0,0.8369,9000.0
1753546985290,16:23:05.290,ADA/USDT:USDT,0.8357,8000.0,0.8356,12000.0,0.8368,8000.0,0.8369,9000.0
1753546985340,16:23:05.340,ADA/USDT:USDT,0.8357,8000.0,0.8356,12000.0,0.8368,8000.0,0.8369,9000.0
1753546985389,16:23:05.389,ADA/USDT:USDT,0.8357,8000.0,0.8356,12000.0,0.8368,8000.0,0.8369,9000.0
1753546985438,16:23:05.438,ADA/USDT:USDT,0.8357,8000.0,0.8356,12000.0,0.8368,8000.0,0.8369,9000.0
1753546985487,16:23:05.487,ADA/USDT:USDT,0.8363,18000.0,0.8362,8000.0,0.8368,8000.0,0.8369,9000.0
1753546985536,16:23:05.536,ADA/USDT:USDT,0.8364,18000.0,0.8362,8000.0,0.8368,8000.0,0.8369,9000.0
1753546985585,16:23:05.585,ADA/USDT:USDT,0.8364,18000.0,0.8363,8000.0,0.8368,8000.0,0.8369,9000.0
1753546985661,16:23:05.661,ADA/USDT:USDT,0.8364,18000.0,0.8363,8000.0,0.8368,8000.0,0.8369,9000.0
1753546985844,16:23:05.844,ADA/USDT:USDT,0.8364,18000.0,0.8363,8000.0,0.8368,8000.0,0.8369,9000.0
1753546986192,16:23:06.192,ADA/USDT:USDT,0.8364,18000.0,0.8363,8000.0,0.8368,8000.0,0.8369,9000.0
1753546986243,16:23:06.243,ADA/USDT:USDT,0.8364,26000.0,0.8363,8000.0,0.8368,8000.0,0.8369,9000.0
1753546986293,16:23:06.293,ADA/USDT:USDT,0.8364,26000.0,0.8363,8000.0,0.8369,8000.0,0.837,417000.0
1753546986344,16:23:06.344,ADA/USDT:USDT,0.8366,18000.0,0.8364,93000.0,0.8369,8000.0,0.837,417000.0
1753546986394,16:23:06.394,ADA/USDT:USDT,0.8367,18000.0,0.8365,8000.0,0.8369,8000.0,0.837,417000.0
1753546986443,16:23:06.443,ADA/USDT:USDT,0.8367,18000.0,0.8365,8000.0,0.8369,8000.0,0.837,417000.0
1753546986492,16:23:06.492,ADA/USDT:USDT,0.8367,18000.0,0.8366,8000.0,0.837,417000.0,0.8371,1000.0
1753546986541,16:23:06.541,ADA/USDT:USDT,0.8366,8000.0,0.8365,93000.0,0.837,417000.0,0.8371,1000.0
1753546986541,16:23:06.541,ADA/USDT:USDT,0.8366,8000.0,0.8365,8000.0,0.837,417000.0,0.8371,1000.0
1753546986590,16:23:06.590,ADA/USDT:USDT,0.8366,8000.0,0.8365,8000.0,0.8369,8000.0,0.837,417000.0
1753546986639,16:23:06.639,ADA/USDT:USDT,0.836,8000.0,0.8359,13000.0,0.8369,8000.0,0.837,417000.0
1753546986688,16:23:06.688,ADA/USDT:USDT,0.836,8000.0,0.8359,13000.0,0.8369,8000.0,0.837,417000.0
1753546986737,16:23:06.737,ADA/USDT:USDT,0.836,8000.0,0.8359,13000.0,0.8369,8000.0,0.837,417000.0
1753546986863,16:23:06.863,ADA/USDT:USDT,0.8361,1000.0,0.836,8000.0,0.8369,8000.0,0.837,417000.0
1753546986913,16:23:06.913,ADA/USDT:USDT,0.8368,18000.0,0.8366,8000.0,0.837,417000.0,0.8373,1000.0
1753546986962,16:23:06.962,ADA/USDT:USDT,0.8368,18000.0,0.8367,8000.0,0.837,417000.0,0.8374,8000.0
1753546987011,16:23:07.011,ADA/USDT:USDT,0.8368,18000.0,0.8367,8000.0,0.837,417000.0,0.8374,8000.0
1753546987060,16:23:07.060,ADA/USDT:USDT,0.8368,18000.0,0.8367,8000.0,0.837,417000.0,0.8374,8000.0
1753546987119,16:23:07.119,ADA/USDT:USDT,0.8368,18000.0,0.8367,8000.0,0.837,417000.0,0.8374,8000.0
1753546987169,16:23:07.169,ADA/USDT:USDT,0.8368,18000.0,0.8366,93000.0,0.837,417000.0,0.8374,8000.0
1753546987218,16:23:07.218,ADA/USDT:USDT,0.8368,18000.0,0.8366,93000.0,0.8372,8000.0,0.8373,409000.0
1753546987267,16:23:07.267,ADA/USDT:USDT,0.8368,18000.0,0.8367,8000.0,0.8372,8000.0,0.8373,409000.0
1753546987316,16:23:07.316,ADA/USDT:USDT,0.8368,18000.0,0.8367,8000.0,0.8372,8000.0,0.8373,409000.0
1753546987489,16:23:07.489,ADA/USDT:USDT,0.8368,18000.0,0.8367,8000.0,0.8372,8000.0,0.8373,409000.0
1753546987539,16:23:07.539,ADA/USDT:USDT,0.8368,18000.0,0.8367,8000.0,0.8372,8000.0,0.8373,570000.0
1753546987600,16:23:07.600,ADA/USDT:USDT,0.8368,18000.0,0.8367,8000.0,0.8372,8000.0,0.8373,570000.0
1753546987723,16:23:07.723,ADA/USDT:USDT,0.8368,18000.0,0.8367,8000.0,0.8372,8000.0,0.8373,570000.0
1753546987772,16:23:07.772,ADA/USDT:USDT,0.8368,18000.0,0.8367,8000.0,0.8372,8000.0,0.8373,570000.0
1753546987821,16:23:07.821,ADA/USDT:USDT,0.8368,18000.0,0.8367,8000.0,0.8372,8000.0,0.8373,570000.0
1753546988311,16:23:08.311,ADA/USDT:USDT,0.8368,18000.0,0.8367,8000.0,0.8372,8000.0,0.8373,570000.0
1753546988360,16:23:08.360,ADA/USDT:USDT,0.8369,18000.0,0.8367,8000.0,0.8372,8000.0,0.8373,570000.0
1753546988409,16:23:08.409,ADA/USDT:USDT,0.8369,18000.0,0.8368,8000.0,0.8372,8000.0,0.8373,570000.0
1753546988604,16:23:08.604,ADA/USDT:USDT,0.8369,18000.0,0.8368,8000.0,0.8372,8000.0,0.8373,570000.0
1753546988653,16:23:08.653,ADA/USDT:USDT,0.8369,18000.0,0.8368,8000.0,0.8372,8000.0,0.8373,570000.0
1753546988764,16:23:08.764,ADA/USDT:USDT,0.8369,18000.0,0.8368,8000.0,0.8372,8000.0,0.8373,570000.0
1753546988813,16:23:08.813,ADA/USDT:USDT,0.8369,18000.0,0.8368,8000.0,0.8372,8000.0,0.8373,570000.0
1753546988862,16:23:08.862,ADA/USDT:USDT,0.8369,18000.0,0.8368,8000.0,0.8372,8000.0,0.8373,570000.0
1753546989038,16:23:09.038,ADA/USDT:USDT,0.8369,18000.0,0.8368,8000.0,0.8372,8000.0,0.8373,570000.0
1753546989087,16:23:09.087,ADA/USDT:USDT,0.8369,18000.0,0.8368,8000.0,0.8372,8000.0,0.8373,570000.0
1753546989338,16:23:09.338,ADA/USDT:USDT,0.8369,18000.0,0.8368,8000.0,0.8372,8000.0,0.8373,570000.0
1753546989626,16:23:09.626,ADA/USDT:USDT,0.8368,8000.0,0.8367,93000.0,0.8372,8000.0,0.8373,570000.0
1753546989675,16:23:09.675,ADA/USDT:USDT,0.8362,8000.0,0.8361,1000.0,0.8372,8000.0,0.8373,570000.0
1753546990184,16:23:10.184,ADA/USDT:USDT,0.8362,8000.0,0.8361,1000.0,0.8372,8000.0,0.8373,570000.0
1753546990233,16:23:10.233,ADA/USDT:USDT,0.8362,8000.0,0.8361,1000.0,0.8372,8000.0,0.8373,570000.0
1753546990489,16:23:10.489,ADA/USDT:USDT,0.8362,8000.0,0.8361,1000.0,0.8372,8000.0,0.8373,570000.0
1753546990538,16:23:10.538,ADA/USDT:USDT,0.8362,8000.0,0.8361,1000.0,0.8372,8000.0,0.8373,570000.0
1753546990915,16:23:10.915,ADA/USDT:USDT,0.8362,8000.0,0.8361,1000.0,0.8372,8000.0,0.8373,570000.0
1753546990966,16:23:10.966,ADA/USDT:USDT,0.8363,1000.0,0.8362,8000.0,0.8372,8000.0,0.8373,570000.0
1753546991015,16:23:11.015,ADA/USDT:USDT,0.8369,18000.0,0.8368,8000.0,0.8372,8000.0,0.8373,570000.0
1753546991065,16:23:11.065,ADA/USDT:USDT,0.8369,18000.0,0.8368,8000.0,0.8372,8000.0,0.8373,409000.0
1753546991116,16:23:11.116,ADA/USDT:USDT,0.8369,18000.0,0.8368,8000.0,0.8372,8000.0,0.8373,409000.0
1753546991166,16:23:11.166,ADA/USDT:USDT,0.8369,18000.0,0.8368,8000.0,0.8372,8000.0,0.8373,409000.0
1753546991331,16:23:11.331,ADA/USDT:USDT,0.8369,18000.0,0.8368,8000.0,0.8372,8000.0,0.8373,409000.0
1753546991380,16:23:11.380,ADA/USDT:USDT,0.8369,18000.0,0.8368,8000.0,0.8372,8000.0,0.8373,409000.0
1753546991488,16:23:11.488,ADA/USDT:USDT,0.8369,18000.0,0.8368,8000.0,0.8372,8000.0,0.8373,409000.0
1753546991538,16:23:11.538,ADA/USDT:USDT,0.8369,18000.0,0.8368,8000.0,0.8372,8000.0,0.8373,409000.0
1753546991587,16:23:11.587,ADA/USDT:USDT,0.8369,18000.0,0.8368,8000.0,0.8372,8000.0,0.8373,409000.0
1753546991744,16:23:11.744,ADA/USDT:USDT,0.8369,18000.0,0.8368,8000.0,0.8372,8000.0,0.8373,409000.0
1753546991852,16:23:11.852,ADA/USDT:USDT,0.8369,18000.0,0.8368,8000.0,0.8372,8000.0,0.8373,409000.0
1753546991901,16:23:11.901,ADA/USDT:USDT,0.8369,18000.0,0.8368,8000.0,0.8372,8000.0,0.8373,409000.0
1753546991980,16:23:11.980,ADA/USDT:USDT,0.8369,18000.0,0.8368,8000.0,0.8372,8000.0,0.8373,409000.0
1753546992313,16:23:12.313,ADA/USDT:USDT,0.8368,8000.0,0.8367,93000.0,0.8372,8000.0,0.8373,409000.0
1753546992363,16:23:12.363,ADA/USDT:USDT,0.8364,8000.0,0.8363,1000.0,0.8372,8000.0,0.8373,409000.0
1753546992417,16:23:12.417,ADA/USDT:USDT,0.8364,8000.0,0.8363,1000.0,0.8372,8000.0,0.8373,409000.0
1753546992490,16:23:12.490,ADA/USDT:USDT,0.8364,8000.0,0.8363,1000.0,0.8372,8000.0,0.8373,409000.0
1753546992595,16:23:12.595,ADA/USDT:USDT,0.8364,8000.0,0.8363,1000.0,0.8372,8000.0,0.8373,409000.0
1753546992645,16:23:12.645,ADA/USDT:USDT,0.8364,8000.0,0.8363,1000.0,0.8372,8000.0,0.8373,409000.0
1753546992714,16:23:12.714,ADA/USDT:USDT,0.8364,8000.0,0.8363,1000.0,0.8372,8000.0,0.8373,409000.0
1753546992873,16:23:12.873,ADA/USDT:USDT,0.8364,8000.0,0.8363,1000.0,0.8372,8000.0,0.8373,409000.0
1753546992922,16:23:12.922,ADA/USDT:USDT,0.8364,8000.0,0.8363,1000.0,0.8372,8000.0,0.8373,409000.0
1753546993972,16:23:13.972,ADA/USDT:USDT,0.8364,8000.0,0.8363,1000.0,0.8372,8000.0,0.8373,409000.0
1753546994159,16:23:14.159,ADA/USDT:USDT,0.8364,8000.0,0.8363,1000.0,0.8372,8000.0,0.8373,409000.0
1753546994238,16:23:14.238,ADA/USDT:USDT,0.8364,8000.0,0.8363,1000.0,0.8372,8000.0,0.8373,409000.0
1753546994288,16:23:14.288,ADA/USDT:USDT,0.8364,8000.0,0.8363,1000.0,0.8372,8000.0,0.8373,409000.0
1753546994892,16:23:14.892,ADA/USDT:USDT,0.8364,8000.0,0.8363,1000.0,0.8372,8000.0,0.8373,409000.0
1753546994942,16:23:14.942,ADA/USDT:USDT,0.8369,18000.0,0.8368,8000.0,0.8372,8000.0,0.8373,409000.0
1753546994991,16:23:14.991,ADA/USDT:USDT,0.8369,18000.0,0.8368,8000.0,0.8372,8000.0,0.8373,409000.0
1753546995602,16:23:15.602,ADA/USDT:USDT,0.8369,18000.0,0.8368,8000.0,0.8372,8000.0,0.8373,409000.0
1753546995874,16:23:15.874,ADA/USDT:USDT,0.8369,18000.0,0.8368,8000.0,0.8372,8000.0,0.8373,409000.0
1753546996575,16:23:16.575,ADA/USDT:USDT,0.8368,8000.0,0.8367,93000.0,0.8372,8000.0,0.8373,409000.0
1753546996626,16:23:16.626,ADA/USDT:USDT,0.8364,8000.0,0.8363,30000.0,0.8372,8000.0,0.8373,409000.0
1753546996675,16:23:16.675,ADA/USDT:USDT,0.8364,8000.0,0.8362,39000.0,0.8372,8000.0,0.8373,409000.0
1753546996724,16:23:16.724,ADA/USDT:USDT,0.8364,8000.0,0.8362,39000.0,0.8372,8000.0,0.8373,409000.0
1753546996773,16:23:16.773,ADA/USDT:USDT,0.8364,8000.0,0.8362,38000.0,0.8372,8000.0,0.8373,409000.0
1753546996822,16:23:16.822,ADA/USDT:USDT,0.8364,8000.0,0.8362,38000.0,0.8372,8000.0,0.8373,409000.0
1753546996871,16:23:16.871,ADA/USDT:USDT,0.8364,8000.0,0.8362,38000.0,0.8372,8000.0,0.8373,409000.0
1753546996920,16:23:16.920,ADA/USDT:USDT,0.8364,8000.0,0.8362,38000.0,0.8372,8000.0,0.8373,409000.0
1753546996972,16:23:16.972,ADA/USDT:USDT,0.8364,8000.0,0.8362,38000.0,0.8372,8000.0,0.8373,409000.0
1753546997022,16:23:17.022,ADA/USDT:USDT,0.8364,8000.0,0.8362,38000.0,0.8372,8000.0,0.8373,409000.0
1753546997071,16:23:17.071,ADA/USDT:USDT,0.8364,8000.0,0.8362,38000.0,0.8372,8000.0,0.8373,409000.0
1753546997146,16:23:17.146,ADA/USDT:USDT,0.8364,8000.0,0.8362,38000.0,0.8372,8000.0,0.8373,409000.0
1753546997195,16:23:17.195,ADA/USDT:USDT,0.8364,8000.0,0.8362,39000.0,0.8372,8000.0,0.8373,409000.0
1753546997244,16:23:17.244,ADA/USDT:USDT,0.8364,8000.0,0.8362,39000.0,0.8372,8000.0,0.8373,409000.0
1753546997294,16:23:17.294,ADA/USDT:USDT,0.8364,8000.0,0.8362,39000.0,0.8372,8000.0,0.8373,409000.0
1753546997343,16:23:17.343,ADA/USDT:USDT,0.8364,8000.0,0.8362,124000.0,0.8372,8000.0,0.8373,409000.0
1753546997475,16:23:17.475,ADA/USDT:USDT,0.8364,8000.0,0.8362,124000.0,0.8372,8000.0,0.8373,409000.0
1753546997525,16:23:17.525,ADA/USDT:USDT,0.8364,8000.0,0.8362,124000.0,0.8372,8000.0,0.8373,409000.0
1753546997596,16:23:17.596,ADA/USDT:USDT,0.8364,8000.0,0.8362,124000.0,0.8372,8000.0,0.8373,409000.0
1753546997828,16:23:17.828,ADA/USDT:USDT,0.8364,8000.0,0.8362,124000.0,0.8372,8000.0,0.8373,409000.0
1753546997877,16:23:17.877,ADA/USDT:USDT,0.8364,8000.0,0.8362,124000.0,0.8372,8000.0,0.8373,409000.0
1753546997994,16:23:17.994,ADA/USDT:USDT,0.8364,8000.0,0.8362,124000.0,0.8372,8000.0,0.8373,409000.0
1753546998400,16:23:18.400,ADA/USDT:USDT,0.8364,8000.0,0.8362,124000.0,0.8372,8000.0,0.8373,409000.0
1753546999563,16:23:19.563,ADA/USDT:USDT,0.8364,8000.0,0.8362,124000.0,0.8372,8000.0,0.8373,409000.0
1753546999613,16:23:19.613,ADA/USDT:USDT,0.8364,8000.0,0.8362,124000.0,0.8372,8000.0,0.8373,409000.0
1753546999783,16:23:19.783,ADA/USDT:USDT,0.8364,8000.0,0.8362,124000.0,0.8372,8000.0,0.8373,409000.0
1753546999833,16:23:19.833,ADA/USDT:USDT,0.8364,8000.0,0.8362,124000.0,0.8372,8000.0,0.8373,409000.0
1753547000091,16:23:20.091,ADA/USDT:USDT,0.8365,18000.0,0.8364,8000.0,0.8372,8000.0,0.8373,409000.0
1753547000140,16:23:20.140,ADA/USDT:USDT,0.8369,18000.0,0.8368,9000.0,0.8372,8000.0,0.8373,409000.0
1753547000189,16:23:20.189,ADA/USDT:USDT,0.8369,18000.0,0.8368,9000.0,0.8372,8000.0,0.8373,409000.0
1753547000238,16:23:20.238,ADA/USDT:USDT,0.8369,18000.0,0.8368,9000.0,0.8372,8000.0,0.8373,409000.0
1753547000603,16:23:20.603,ADA/USDT:USDT,0.8369,18000.0,0.8368,9000.0,0.8372,8000.0,0.8373,409000.0
1753547000874,16:23:20.874,ADA/USDT:USDT,0.8369,18000.0,0.8368,9000.0,0.8372,8000.0,0.8373,409000.0
1753547001480,16:23:21.480,ADA/USDT:USDT,0.8368,9000.0,0.8367,94000.0,0.8372,8000.0,0.8373,409000.0
1753547001529,16:23:21.529,ADA/USDT:USDT,0.8364,8000.0,0.8362,39000.0,0.8372,8000.0,0.8373,409000.0
1753547001761,16:23:21.761,ADA/USDT:USDT,0.8364,8000.0,0.8362,39000.0,0.8372,8000.0,0.8373,409000.0
1753547001831,16:23:21.831,ADA/USDT:USDT,0.8364,8000.0,0.8362,124000.0,0.8372,8000.0,0.8373,409000.0
1753547002379,16:23:22.379,ADA/USDT:USDT,0.8364,8000.0,0.8362,124000.0,0.8372,8000.0,0.8373,409000.0
1753547002428,16:23:22.428,ADA/USDT:USDT,0.8364,8000.0,0.8362,124000.0,0.8372,8000.0,0.8373,409000.0
1753547002636,16:23:22.636,ADA/USDT:USDT,0.8364,8000.0,0.8362,124000.0,0.8372,8000.0,0.8373,409000.0
1753547002685,16:23:22.685,ADA/USDT:USDT,0.8364,8000.0,0.8362,124000.0,0.8372,8000.0,0.8373,409000.0
1753547003058,16:23:23.058,ADA/USDT:USDT,0.8364,8000.0,0.8362,124000.0,0.8372,8000.0,0.8373,409000.0
1753547003107,16:23:23.107,ADA/USDT:USDT,0.8364,8000.0,0.8362,124000.0,0.8372,8000.0,0.8373,409000.0
1753547003241,16:23:23.241,ADA/USDT:USDT,0.8364,8000.0,0.8362,124000.0,0.8372,8000.0,0.8373,409000.0
1753547003409,16:23:23.409,ADA/USDT:USDT,0.8364,8000.0,0.8362,124000.0,0.8372,8000.0,0.8373,409000.0
1753547003508,16:23:23.508,ADA/USDT:USDT,0.8364,8000.0,0.8362,124000.0,0.8372,8000.0,0.8373,409000.0
1753547004571,16:23:24.571,ADA/USDT:USDT,0.8365,18000.0,0.8364,8000.0,0.8372,8000.0,0.8373,409000.0
1753547004621,16:23:24.621,ADA/USDT:USDT,0.8369,18000.0,0.8367,9000.0,0.8372,8000.0,0.8373,409000.0
1753547004670,16:23:24.670,ADA/USDT:USDT,0.8369,18000.0,0.8368,9000.0,0.8372,8000.0,0.8373,409000.0
1753547004738,16:23:24.738,ADA/USDT:USDT,0.8369,18000.0,0.8368,9000.0,0.8372,8000.0,0.8373,409000.0
1753547004788,16:23:24.788,ADA/USDT:USDT,0.8369,18000.0,0.8368,9000.0,0.8372,8000.0,0.8373,409000.0
1753547004907,16:23:24.907,ADA/USDT:USDT,0.8368,9000.0,0.8367,94000.0,0.8372,8000.0,0.8373,409000.0
1753547004956,16:23:24.956,ADA/USDT:USDT,0.8364,8000.0,0.8362,9000.0,0.8372,8000.0,0.8373,409000.0
1753547005013,16:23:25.013,ADA/USDT:USDT,0.8364,8000.0,0.8362,9000.0,0.8372,8000.0,0.8373,409000.0
1753547005062,16:23:25.062,ADA/USDT:USDT,0.8364,8000.0,0.8362,9000.0,0.8372,8000.0,0.8373,409000.0
1753547005111,16:23:25.111,ADA/USDT:USDT,0.8364,8000.0,0.8362,9000.0,0.8372,8000.0,0.8373,409000.0
1753547005160,16:23:25.160,ADA/USDT:USDT,0.8364,8000.0,0.8362,9000.0,0.8372,8000.0,0.8373,409000.0
1753547005209,16:23:25.209,ADA/USDT:USDT,0.8364,8000.0,0.8362,94000.0,0.8372,8000.0,0.8373,409000.0
1753547005374,16:23:25.374,ADA/USDT:USDT,0.8365,18000.0,0.8364,8000.0,0.8372,8000.0,0.8373,409000.0
1753547005424,16:23:25.424,ADA/USDT:USDT,0.8368,18000.0,0.8367,9000.0,0.8372,8000.0,0.8373,409000.0
1753547005473,16:23:25.473,ADA/USDT:USDT,0.8368,18000.0,0.8367,9000.0,0.8372,8000.0,0.8373,409000.0
1753547005578,16:23:25.578,ADA/USDT:USDT,0.8367,9000.0,0.8366,94000.0,0.8372,8000.0,0.8373,409000.0
1753547005627,16:23:25.627,ADA/USDT:USDT,0.8364,8000.0,0.8362,9000.0,0.8372,8000.0,0.8373,570000.0
1753547005676,16:23:25.676,ADA/USDT:USDT,0.8364,8000.0,0.8362,9000.0,0.8372,8000.0,0.8373,570000.0
1753547005725,16:23:25.725,ADA/USDT:USDT,0.8364,8000.0,0.8362,94000.0,0.8372,8000.0,0.8373,570000.0
1753547006022,16:23:26.022,ADA/USDT:USDT,0.8364,8000.0,0.8362,94000.0,0.8372,8000.0,0.8373,570000.0
1753547006597,16:23:26.597,ADA/USDT:USDT,0.8364,8000.0,0.8362,94000.0,0.8372,8000.0,0.8373,570000.0
1753547006647,16:23:26.647,ADA/USDT:USDT,0.8364,8000.0,0.8362,94000.0,0.8372,8000.0,0.8373,570000.0
1753547006936,16:23:26.936,ADA/USDT:USDT,0.8364,8000.0,0.8362,94000.0,0.8372,8000.0,0.8373,570000.0
1753547006985,16:23:26.985,ADA/USDT:USDT,0.8364,8000.0,0.8362,94000.0,0.8372,8000.0,0.8373,570000.0
1753547007089,16:23:27.089,ADA/USDT:USDT,0.8364,8000.0,0.8362,94000.0,0.8372,8000.0,0.8373,570000.0
1753547007139,16:23:27.139,ADA/USDT:USDT,0.8364,8000.0,0.8362,94000.0,0.8372,8000.0,0.8373,570000.0
1753547007348,16:23:27.348,ADA/USDT:USDT,0.8364,8000.0,0.8362,94000.0,0.8372,8000.0,0.8373,570000.0
1753547007397,16:23:27.397,ADA/USDT:USDT,0.8364,8000.0,0.8362,94000.0,0.8372,8000.0,0.8373,570000.0
1753547007471,16:23:27.471,ADA/USDT:USDT,0.8364,8000.0,0.8362,94000.0,0.8372,8000.0,0.8373,570000.0
1753547007520,16:23:27.520,ADA/USDT:USDT,0.8364,8000.0,0.8362,94000.0,0.8372,8000.0,0.8373,570000.0
1753547007688,16:23:27.688,ADA/USDT:USDT,0.8364,8000.0,0.8362,94000.0,0.8372,8000.0,0.8373,570000.0
1753547007738,16:23:27.738,ADA/USDT:USDT,0.8364,8000.0,0.8362,94000.0,0.8372,8000.0,0.8373,570000.0
1753547008798,16:23:28.798,ADA/USDT:USDT,0.8365,18000.0,0.8364,8000.0,0.8372,8000.0,0.8373,570000.0
1753547008848,16:23:28.848,ADA/USDT:USDT,0.8368,18000.0,0.8367,8000.0,0.8372,8000.0,0.8373,570000.0
1753547008947,16:23:28.947,ADA/USDT:USDT,0.8368,18000.0,0.8367,8000.0,0.8372,8000.0,0.8373,570000.0
1753547009292,16:23:29.292,ADA/USDT:USDT,0.8367,8000.0,0.8366,93000.0,0.8372,8000.0,0.8373,570000.0
1753547009342,16:23:29.342,ADA/USDT:USDT,0.8364,8000.0,0.8362,9000.0,0.8372,8000.0,0.8373,570000.0
1753547009392,16:23:29.392,ADA/USDT:USDT,0.8364,8000.0,0.8362,9000.0,0.8372,8000.0,0.8373,570000.0
1753547009441,16:23:29.441,ADA/USDT:USDT,0.8361,8000.0,0.836,106000.0,0.8372,8000.0,0.8373,570000.0
1753547009490,16:23:29.490,ADA/USDT:USDT,0.8361,8000.0,0.836,64000.0,0.8371,8000.0,0.8372,9000.0
1753547010008,16:23:30.008,ADA/USDT:USDT,0.8361,8000.0,0.836,64000.0,0.8371,8000.0,0.8372,9000.0
1753547010057,16:23:30.057,ADA/USDT:USDT,0.8361,8000.0,0.836,64000.0,0.8371,8000.0,0.8372,9000.0
1753547010106,16:23:30.106,ADA/USDT:USDT,0.8361,8000.0,0.836,64000.0,0.8371,8000.0,0.8372,9000.0
1753547010371,16:23:30.371,ADA/USDT:USDT,0.8361,8000.0,0.836,64000.0,0.8371,8000.0,0.8372,9000.0
1753547010420,16:23:30.420,ADA/USDT:USDT,0.8361,8000.0,0.836,64000.0,0.8371,8000.0,0.8372,9000.0
1753547010496,16:23:30.496,ADA/USDT:USDT,0.8361,8000.0,0.836,64000.0,0.8371,8000.0,0.8372,9000.0
1753547010546,16:23:30.546,ADA/USDT:USDT,0.8361,8000.0,0.836,64000.0,0.8371,8000.0,0.8372,9000.0
1753547010702,16:23:30.702,ADA/USDT:USDT,0.8361,8000.0,0.836,64000.0,0.8371,8000.0,0.8372,9000.0
1753547010751,16:23:30.751,ADA/USDT:USDT,0.8361,8000.0,0.836,63000.0,0.8371,8000.0,0.8372,9000.0
1753547010805,16:23:30.805,ADA/USDT:USDT,0.8361,8000.0,0.836,64000.0,0.8371,8000.0,0.8372,9000.0
1753547013222,16:23:33.222,ADA/USDT:USDT,0.8361,8000.0,0.836,64000.0,0.8371,8000.0,0.8372,9000.0
1753547013281,16:23:33.281,ADA/USDT:USDT,0.8361,8000.0,0.836,64000.0,0.8371,8000.0,0.8372,9000.0
1753547013330,16:23:33.330,ADA/USDT:USDT,0.8361,8000.0,0.836,64000.0,0.8371,8000.0,0.8372,9000.0
1753547013542,16:23:33.542,ADA/USDT:USDT,0.8361,8000.0,0.836,64000.0,0.8371,8000.0,0.8372,9000.0
1753547013591,16:23:33.591,ADA/USDT:USDT,0.8361,8000.0,0.836,64000.0,0.8371,8000.0,0.8372,9000.0
1753547013640,16:23:33.640,ADA/USDT:USDT,0.8361,8000.0,0.836,63000.0,0.8371,8000.0,0.8372,9000.0
1753547013689,16:23:33.689,ADA/USDT:USDT,0.8361,8000.0,0.836,63000.0,0.8371,8000.0,0.8372,9000.0
1753547013842,16:23:33.842,ADA/USDT:USDT,0.8361,8000.0,0.836,63000.0,0.8371,8000.0,0.8372,9000.0
1753547013891,16:23:33.891,ADA/USDT:USDT,0.8361,8000.0,0.836,63000.0,0.8371,8000.0,0.8372,9000.0
1753547013940,16:23:33.940,ADA/USDT:USDT,0.8361,8000.0,0.836,63000.0,0.8371,8000.0,0.8372,9000.0
1753547014185,16:23:34.185,ADA/USDT:USDT,0.8361,8000.0,0.836,63000.0,0.8371,8000.0,0.8372,9000.0
1753547014235,16:23:34.235,ADA/USDT:USDT,0.8361,8000.0,0.836,63000.0,0.8371,8000.0,0.8372,9000.0
1753547014387,16:23:34.387,ADA/USDT:USDT,0.8361,8000.0,0.836,63000.0,0.8371,8000.0,0.8372,9000.0
1753547014436,16:23:34.436,ADA/USDT:USDT,0.8361,8000.0,0.836,63000.0,0.8371,8000.0,0.8372,170000.0
1753547014576,16:23:34.576,ADA/USDT:USDT,0.8361,8000.0,0.836,63000.0,0.8371,8000.0,0.8372,170000.0
1753547014625,16:23:34.625,ADA/USDT:USDT,0.8361,8000.0,0.836,63000.0,0.8371,8000.0,0.8372,170000.0
1753547015037,16:23:35.037,ADA/USDT:USDT,0.8362,18000.0,0.8361,8000.0,0.8371,8000.0,0.8372,170000.0
1753547015087,16:23:35.087,ADA/USDT:USDT,0.8366,18000.0,0.8364,8000.0,0.8371,8000.0,0.8372,170000.0
1753547015136,16:23:35.136,ADA/USDT:USDT,0.8366,18000.0,0.8365,8000.0,0.8371,8000.0,0.8372,170000.0
1753547015344,16:23:35.344,ADA/USDT:USDT,0.8366,18000.0,0.8365,8000.0,0.8371,8000.0,0.8372,170000.0
1753547015851,16:23:35.851,ADA/USDT:USDT,0.8366,18000.0,0.8365,8000.0,0.8371,8000.0,0.8372,170000.0
1753547015901,16:23:35.901,ADA/USDT:USDT,0.8366,18000.0,0.8365,8000.0,0.8371,8000.0,0.8372,170000.0
1753547016003,16:23:36.003,ADA/USDT:USDT,0.8366,18000.0,0.8365,8000.0,0.8371,8000.0,0.8372,170000.0
1753547016132,16:23:36.132,ADA/USDT:USDT,0.8366,18000.0,0.8365,8000.0,0.8371,8000.0,0.8372,170000.0
1753547016401,16:23:36.401,ADA/USDT:USDT,0.8366,18000.0,0.8365,8000.0,0.8371,8000.0,0.8372,170000.0
1753547017187,16:23:37.187,ADA/USDT:USDT,0.8366,18000.0,0.8365,8000.0,0.8371,8000.0,0.8372,170000.0
1753547017237,16:23:37.237,ADA/USDT:USDT,0.8365,9000.0,0.8364,8000.0,0.8371,8000.0,0.8372,170000.0
1753547017287,16:23:37.287,ADA/USDT:USDT,0.8365,9000.0,0.8364,8000.0,0.8371,8000.0,0.8372,170000.0
1753547017363,16:23:37.363,ADA/USDT:USDT,0.8364,8000.0,0.8363,85000.0,0.8371,8000.0,0.8372,170000.0
1753547017412,16:23:37.412,ADA/USDT:USDT,0.836,8000.0,0.8359,20000.0,0.8371,8000.0,0.8372,170000.0
1753547017461,16:23:37.461,ADA/USDT:USDT,0.8361,9000.0,0.836,9000.0,0.8371,8000.0,0.8372,170000.0
1753547017510,16:23:37.510,ADA/USDT:USDT,0.8361,9000.0,0.836,9000.0,0.8371,8000.0,0.8372,170000.0
1753547017681,16:23:37.681,ADA/USDT:USDT,0.8362,18000.0,0.8361,9000.0,0.8371,8000.0,0.8372,170000.0
1753547017730,16:23:37.730,ADA/USDT:USDT,0.8363,9000.0,0.8361,9000.0,0.8371,8000.0,0.8372,170000.0
1753547017842,16:23:37.842,ADA/USDT:USDT,0.8361,9000.0,0.836,9000.0,0.8371,8000.0,0.8372,170000.0
1753547017892,16:23:37.892,ADA/USDT:USDT,0.8361,9000.0,0.836,9000.0,0.8371,8000.0,0.8372,170000.0
1753547017941,16:23:37.941,ADA/USDT:USDT,0.8361,9000.0,0.836,9000.0,0.8371,8000.0,0.8372,170000.0
1753547018006,16:23:38.006,ADA/USDT:USDT,0.8361,9000.0,0.836,9000.0,0.8371,8000.0,0.8372,170000.0
1753547018055,16:23:38.055,ADA/USDT:USDT,0.8361,9000.0,0.836,9000.0,0.8371,8000.0,0.8372,170000.0
1753547018205,16:23:38.205,ADA/USDT:USDT,0.8361,9000.0,0.836,9000.0,0.8371,8000.0,0.8372,170000.0
1753547018255,16:23:38.255,ADA/USDT:USDT,0.8361,9000.0,0.836,9000.0,0.8371,8000.0,0.8372,170000.0
1753547018776,16:23:38.776,ADA/USDT:USDT,0.8361,9000.0,0.836,9000.0,0.8371,8000.0,0.8372,170000.0
1753547019034,16:23:39.034,ADA/USDT:USDT,0.8361,9000.0,0.836,9000.0,0.8371,8000.0,0.8372,170000.0
1753547020043,16:23:40.043,ADA/USDT:USDT,0.8361,9000.0,0.836,9000.0,0.8371,8000.0,0.8372,170000.0
1753547020092,16:23:40.092,ADA/USDT:USDT,0.8361,9000.0,0.836,21000.0,0.8371,8000.0,0.8372,170000.0
1753547020141,16:23:40.141,ADA/USDT:USDT,0.8361,9000.0,0.836,9000.0,0.8371,8000.0,0.8372,170000.0
1753547020191,16:23:40.191,ADA/USDT:USDT,0.8361,9000.0,0.836,21000.0,0.8371,8000.0,0.8372,170000.0
1753547020240,16:23:40.240,ADA/USDT:USDT,0.8361,9000.0,0.836,9000.0,0.8371,8000.0,0.8372,170000.0
1753547020464,16:23:40.464,ADA/USDT:USDT,0.8361,9000.0,0.836,9000.0,0.8371,8000.0,0.8372,170000.0
1753547020723,16:23:40.723,ADA/USDT:USDT,0.8362,18000.0,0.8361,9000.0,0.8371,8000.0,0.8372,170000.0
1753547020772,16:23:40.772,ADA/USDT:USDT,0.8365,9000.0,0.8364,9000.0,0.8371,8000.0,0.8372,170000.0
1753547020821,16:23:40.821,ADA/USDT:USDT,0.8365,9000.0,0.8364,9000.0,0.8371,8000.0,0.8372,9000.0
1753547020897,16:23:40.897,ADA/USDT:USDT,0.8364,9000.0,0.8363,9000.0,0.8371,8000.0,0.8372,9000.0
1753547020947,16:23:40.947,ADA/USDT:USDT,0.8361,9000.0,0.836,9000.0,0.8371,8000.0,0.8372,9000.0
1753547021527,16:23:41.527,ADA/USDT:USDT,0.8361,9000.0,0.836,9000.0,0.8371,8000.0,0.8372,9000.0
1753547021576,16:23:41.576,ADA/USDT:USDT,0.8361,9000.0,0.836,9000.0,0.8371,8000.0,0.8372,9000.0
1753547023065,16:23:43.065,ADA/USDT:USDT,0.8362,18000.0,0.8361,9000.0,0.8371,8000.0,0.8372,9000.0
1753547023114,16:23:43.114,ADA/USDT:USDT,0.8368,18000.0,0.8365,9000.0,0.8371,8000.0,0.8372,9000.0
1753547023163,16:23:43.163,ADA/USDT:USDT,0.8368,18000.0,0.8366,86000.0,0.8371,8000.0,0.8372,9000.0
1753547023212,16:23:43.212,ADA/USDT:USDT,0.8368,18000.0,0.8366,86000.0,0.8371,8000.0,0.8372,9000.0
1753547023261,16:23:43.261,ADA/USDT:USDT,0.8366,37000.0,0.8365,9000.0,0.8371,8000.0,0.8372,9000.0
1753547023310,16:23:43.310,ADA/USDT:USDT,0.8366,37000.0,0.8365,9000.0,0.8371,8000.0,0.8372,9000.0
1753547023359,16:23:43.359,ADA/USDT:USDT,0.8366,37000.0,0.8365,9000.0,0.8371,8000.0,0.8372,9000.0
1753547023616,16:23:43.616,ADA/USDT:USDT,0.8366,37000.0,0.8365,9000.0,0.8371,8000.0,0.8372,9000.0
1753547023785,16:23:43.785,ADA/USDT:USDT,0.8366,37000.0,0.8365,9000.0,0.8371,8000.0,0.8372,9000.0
1753547023835,16:23:43.835,ADA/USDT:USDT,0.8364,9000.0,0.8363,9000.0,0.8371,8000.0,0.8372,9000.0
1753547023884,16:23:43.884,ADA/USDT:USDT,0.8361,9000.0,0.836,39000.0,0.8371,8000.0,0.8372,9000.0
1753547023884,16:23:43.884,ADA/USDT:USDT,0.8361,9000.0,0.836,9000.0,0.8371,8000.0,0.8372,9000.0
1753547024135,16:23:44.135,ADA/USDT:USDT,0.8361,9000.0,0.836,9000.0,0.8371,8000.0,0.8372,9000.0
1753547024185,16:23:44.185,ADA/USDT:USDT,0.8361,9000.0,0.836,9000.0,0.8371,8000.0,0.8372,9000.0
1753547024286,16:23:44.286,ADA/USDT:USDT,0.8361,9000.0,0.836,9000.0,0.8371,8000.0,0.8372,9000.0
1753547024577,16:23:44.577,ADA/USDT:USDT,0.8361,9000.0,0.836,9000.0,0.8371,8000.0,0.8372,9000.0
1753547024627,16:23:44.627,ADA/USDT:USDT,0.8361,9000.0,0.836,9000.0,0.8371,8000.0,0.8372,9000.0
1753547024685,16:23:44.685,ADA/USDT:USDT,0.8361,9000.0,0.836,9000.0,0.8371,8000.0,0.8372,9000.0
1753547024735,16:23:44.735,ADA/USDT:USDT,0.8361,9000.0,0.836,9000.0,0.8371,8000.0,0.8372,9000.0
1753547025094,16:23:45.094,ADA/USDT:USDT,0.8361,9000.0,0.836,9000.0,0.8371,8000.0,0.8372,9000.0
1753547025144,16:23:45.144,ADA/USDT:USDT,0.8361,9000.0,0.836,9000.0,0.8371,8000.0,0.8372,9000.0
1753547025193,16:23:45.193,ADA/USDT:USDT,0.8361,9000.0,0.836,9000.0,0.8371,8000.0,0.8372,9000.0
1753547025707,16:23:45.707,ADA/USDT:USDT,0.8361,9000.0,0.836,9000.0,0.8371,8000.0,0.8372,9000.0
1753547025903,16:23:45.903,ADA/USDT:USDT,0.8361,9000.0,0.836,9000.0,0.8371,8000.0,0.8372,9000.0
1753547025953,16:23:45.953,ADA/USDT:USDT,0.8361,9000.0,0.836,9000.0,0.8371,8000.0,0.8372,9000.0
1753547026002,16:23:46.002,ADA/USDT:USDT,0.8361,9000.0,0.836,9000.0,0.8371,8000.0,0.8372,9000.0
1753547026051,16:23:46.051,ADA/USDT:USDT,0.8361,9000.0,0.836,9000.0,0.8371,8000.0,0.8372,9000.0
1753547026100,16:23:46.100,ADA/USDT:USDT,0.8361,9000.0,0.836,21000.0,0.8371,8000.0,0.8372,9000.0
1753547026284,16:23:46.284,ADA/USDT:USDT,0.8361,9000.0,0.836,9000.0,0.8371,8000.0,0.8372,9000.0
1753547026974,16:23:46.974,ADA/USDT:USDT,0.8361,9000.0,0.836,9000.0,0.8371,8000.0,0.8372,9000.0
1753547027969,16:23:47.969,ADA/USDT:USDT,0.8361,9000.0,0.836,21000.0,0.8371,8000.0,0.8372,9000.0
1753547028129,16:23:48.129,ADA/USDT:USDT,0.8361,9000.0,0.836,21000.0,0.8371,8000.0,0.8372,9000.0
1753547028287,16:23:48.287,ADA/USDT:USDT,0.8362,8000.0,0.8361,39000.0,0.8371,8000.0,0.8372,9000.0
1753547028337,16:23:48.337,ADA/USDT:USDT,0.8362,8000.0,0.8361,39000.0,0.8371,8000.0,0.8372,9000.0
1753547028389,16:23:48.389,ADA/USDT:USDT,0.8362,8000.0,0.8361,39000.0,0.8371,8000.0,0.8372,9000.0
1753547028439,16:23:48.439,ADA/USDT:USDT,0.8362,8000.0,0.8361,39000.0,0.8371,8000.0,0.8372,9000.0
1753547028493,16:23:48.493,ADA/USDT:USDT,0.8362,8000.0,0.8361,39000.0,0.8371,8000.0,0.8372,9000.0
1753547028585,16:23:48.585,ADA/USDT:USDT,0.8362,8000.0,0.8361,39000.0,0.8371,8000.0,0.8372,9000.0
1753547028634,16:23:48.634,ADA/USDT:USDT,0.8362,8000.0,0.8361,39000.0,0.8371,8000.0,0.8372,9000.0
1753547028683,16:23:48.683,ADA/USDT:USDT,0.8362,8000.0,0.8361,39000.0,0.8371,8000.0,0.8372,9000.0
1753547028950,16:23:48.950,ADA/USDT:USDT,0.8362,8000.0,0.8361,39000.0,0.8371,8000.0,0.8372,9000.0
1753547030016,16:23:50.016,ADA/USDT:USDT,0.8362,8000.0,0.8361,39000.0,0.8371,8000.0,0.8372,9000.0
1753547030091,16:23:50.091,ADA/USDT:USDT,0.8362,8000.0,0.8361,39000.0,0.8371,8000.0,0.8372,9000.0
1753547030143,16:23:50.143,ADA/USDT:USDT,0.8362,8000.0,0.8361,39000.0,0.8371,8000.0,0.8372,9000.0
1753547030275,16:23:50.275,ADA/USDT:USDT,0.8362,8000.0,0.8361,39000.0,0.8371,8000.0,0.8372,9000.0
1753547030509,16:23:50.509,ADA/USDT:USDT,0.8362,8000.0,0.8361,39000.0,0.8371,8000.0,0.8372,9000.0
1753547030559,16:23:50.559,ADA/USDT:USDT,0.8362,8000.0,0.8361,39000.0,0.8372,8000.0,0.8373,409000.0
1753547030689,16:23:50.689,ADA/USDT:USDT,0.8362,8000.0,0.8361,39000.0,0.8372,8000.0,0.8373,409000.0
1753547030745,16:23:50.745,ADA/USDT:USDT,0.8363,18000.0,0.8362,8000.0,0.8372,8000.0,0.8373,409000.0
1753547030794,16:23:50.794,ADA/USDT:USDT,0.8368,18000.0,0.8367,8000.0,0.8372,8000.0,0.8373,409000.0
1753547030843,16:23:50.843,ADA/USDT:USDT,0.8368,18000.0,0.8367,8000.0,0.8372,8000.0,0.8373,409000.0
1753547030898,16:23:50.898,ADA/USDT:USDT,0.8368,18000.0,0.8367,8000.0,0.8372,8000.0,0.8373,409000.0
1753547031042,16:23:51.042,ADA/USDT:USDT,0.8368,18000.0,0.8367,8000.0,0.8372,8000.0,0.8373,409000.0
1753547031092,16:23:51.092,ADA/USDT:USDT,0.8368,18000.0,0.8367,8000.0,0.8372,8000.0,0.8373,409000.0
1753547031142,16:23:51.142,ADA/USDT:USDT,0.8368,18000.0,0.8367,8000.0,0.8372,8000.0,0.8373,409000.0
1753547031248,16:23:51.248,ADA/USDT:USDT,0.8367,8000.0,0.8366,94000.0,0.8372,8000.0,0.8373,409000.0
1753547031297,16:23:51.297,ADA/USDT:USDT,0.8364,8000.0,0.8363,38000.0,0.8372,8000.0,0.8373,409000.0
1753547031346,16:23:51.346,ADA/USDT:USDT,0.8363,8000.0,0.8362,38000.0,0.8372,8000.0,0.8373,409000.0
1753547031396,16:23:51.396,ADA/USDT:USDT,0.8363,8000.0,0.8362,38000.0,0.8372,8000.0,0.8373,409000.0
1753547031445,16:23:51.445,ADA/USDT:USDT,0.8363,8000.0,0.8362,38000.0,0.8372,8000.0,0.8373,409000.0
1753547031983,16:23:51.983,ADA/USDT:USDT,0.8363,8000.0,0.8362,38000.0,0.8372,8000.0,0.8373,409000.0
1753547032032,16:23:52.032,ADA/USDT:USDT,0.8363,8000.0,0.8362,38000.0,0.8372,8000.0,0.8373,409000.0
1753547032032,16:23:52.032,ADA/USDT:USDT,0.8363,8000.0,0.8362,38000.0,0.8372,8000.0,0.8373,409000.0
1753547032355,16:23:52.355,ADA/USDT:USDT,0.8363,8000.0,0.8362,38000.0,0.8372,8000.0,0.8373,409000.0
1753547032405,16:23:52.405,ADA/USDT:USDT,0.8365,18000.0,0.8364,18000.0,0.8372,8000.0,0.8373,409000.0
1753547032454,16:23:52.454,ADA/USDT:USDT,0.8369,18000.0,0.8367,94000.0,0.8372,8000.0,0.8373,409000.0
1753547032503,16:23:52.503,ADA/USDT:USDT,0.8369,18000.0,0.8367,94000.0,0.8372,8000.0,0.8373,409000.0
1753547032742,16:23:52.742,ADA/USDT:USDT,0.8369,18000.0,0.8367,94000.0,0.8372,8000.0,0.8373,409000.0
1753547032791,16:23:52.791,ADA/USDT:USDT,0.8369,18000.0,0.8367,94000.0,0.8372,8000.0,0.8373,409000.0
1753547032840,16:23:52.840,ADA/USDT:USDT,0.8369,18000.0,0.8368,8000.0,0.8372,8000.0,0.8373,409000.0
1753547033097,16:23:53.097,ADA/USDT:USDT,0.8369,18000.0,0.8367,94000.0,0.8372,8000.0,0.8373,409000.0
1753547033322,16:23:53.322,ADA/USDT:USDT,0.8367,94000.0,0.8365,8000.0,0.8372,8000.0,0.8373,409000.0
1753547033371,16:23:53.371,ADA/USDT:USDT,0.8367,45000.0,0.8365,94000.0,0.8372,8000.0,0.8373,409000.0
1753547033420,16:23:53.420,ADA/USDT:USDT,0.8367,45000.0,0.8365,94000.0,0.8372,8000.0,0.8373,409000.0
1753547033601,16:23:53.601,ADA/USDT:USDT,0.8367,37000.0,0.8365,94000.0,0.8372,8000.0,0.8373,409000.0
1753547033650,16:23:53.650,ADA/USDT:USDT,0.8366,8000.0,0.8365,8000.0,0.8372,8000.0,0.8373,409000.0
1753547033764,16:23:53.764,ADA/USDT:USDT,0.8365,8000.0,0.8363,38000.0,0.8372,8000.0,0.8373,409000.0
1753547033814,16:23:53.814,ADA/USDT:USDT,0.8365,8000.0,0.8363,38000.0,0.8372,8000.0,0.8373,409000.0
1753547034456,16:23:54.456,ADA/USDT:USDT,0.8365,8000.0,0.8363,124000.0,0.8372,8000.0,0.8373,409000.0
1753547034631,16:23:54.631,ADA/USDT:USDT,0.8365,8000.0,0.8363,124000.0,0.8372,8000.0,0.8373,409000.0
1753547034898,16:23:54.898,ADA/USDT:USDT,0.8365,8000.0,0.8363,124000.0,0.8372,8000.0,0.8373,409000.0
1753547035373,16:23:55.373,ADA/USDT:USDT,0.8365,8000.0,0.8363,124000.0,0.8372,8000.0,0.8373,409000.0
1753547035474,16:23:55.474,ADA/USDT:USDT,0.8365,8000.0,0.8363,124000.0,0.8372,8000.0,0.8373,409000.0
1753547035524,16:23:55.524,ADA/USDT:USDT,0.8365,8000.0,0.8363,124000.0,0.8372,8000.0,0.8373,409000.0
1753547036560,16:23:56.560,ADA/USDT:USDT,0.8365,8000.0,0.8363,124000.0,0.8372,8000.0,0.8373,409000.0
1753547036924,16:23:56.924,ADA/USDT:USDT,0.8366,18000.0,0.8365,8000.0,0.8372,8000.0,0.8373,409000.0
1753547036973,16:23:56.973,ADA/USDT:USDT,0.8368,18000.0,0.8367,9000.0,0.8372,8000.0,0.8373,409000.0
1753547037022,16:23:57.022,ADA/USDT:USDT,0.8368,18000.0,0.8366,95000.0,0.8372,8000.0,0.8373,409000.0
1753547037159,16:23:57.159,ADA/USDT:USDT,0.8368,18000.0,0.8367,9000.0,0.8372,8000.0,0.8373,409000.0
1753547037645,16:23:57.645,ADA/USDT:USDT,0.8368,18000.0,0.8367,9000.0,0.8372,8000.0,0.8373,409000.0
1753547037913,16:23:57.913,ADA/USDT:USDT,0.8368,18000.0,0.8367,9000.0,0.8372,8000.0,0.8373,409000.0
1753547038189,16:23:58.189,ADA/USDT:USDT,0.8368,18000.0,0.8367,9000.0,0.8372,8000.0,0.8373,409000.0
1753547038238,16:23:58.238,ADA/USDT:USDT,0.8368,18000.0,0.8367,9000.0,0.8372,8000.0,0.8373,409000.0
1753547038287,16:23:58.287,ADA/USDT:USDT,0.8368,18000.0,0.8366,9000.0,0.8373,9000.0,0.8374,169000.0
1753547038336,16:23:58.336,ADA/USDT:USDT,0.8371,18000.0,0.8369,95000.0,0.8373,9000.0,0.8374,169000.0
1753547038385,16:23:58.385,ADA/USDT:USDT,0.8369,46000.0,0.8368,9000.0,0.8373,9000.0,0.8374,8000.0
1753547038434,16:23:58.434,ADA/USDT:USDT,0.8369,46000.0,0.8368,9000.0,0.8373,9000.0,0.8374,8000.0
1753547038483,16:23:58.483,ADA/USDT:USDT,0.8369,37000.0,0.8368,9000.0,0.8374,8000.0,0.8375,416000.0
1753547038620,16:23:58.620,ADA/USDT:USDT,0.8369,37000.0,0.8368,9000.0,0.8374,8000.0,0.8375,416000.0
1753547038669,16:23:58.669,ADA/USDT:USDT,0.8369,37000.0,0.8368,9000.0,0.8374,8000.0,0.8375,416000.0
1753547038842,16:23:58.842,ADA/USDT:USDT,0.8369,37000.0,0.8368,9000.0,0.8374,8000.0,0.8375,416000.0
1753547039403,16:23:59.403,ADA/USDT:USDT,0.8369,37000.0,0.8368,9000.0,0.8374,8000.0,0.8375,416000.0
1753547039453,16:23:59.453,ADA/USDT:USDT,0.8369,37000.0,0.8368,9000.0,0.8374,8000.0,0.8375,416000.0
1753547039636,16:23:59.636,ADA/USDT:USDT,0.8369,37000.0,0.8368,9000.0,0.8374,8000.0,0.8375,416000.0
1753547039686,16:23:59.686,ADA/USDT:USDT,0.8365,8000.0,0.8363,9000.0,0.8374,8000.0,0.8375,416000.0
1753547039735,16:23:59.735,ADA/USDT:USDT,0.8365,8000.0,0.8363,95000.0,0.8374,8000.0,0.8375,416000.0
1753547039784,16:23:59.784,ADA/USDT:USDT,0.8365,8000.0,0.8363,95000.0,0.8374,8000.0,0.8375,416000.0
1753547039900,16:23:59.900,ADA/USDT:USDT,0.8366,18000.0,0.8365,8000.0,0.8374,8000.0,0.8375,416000.0
1753547039949,16:23:59.949,ADA/USDT:USDT,0.837,18000.0,0.8368,9000.0,0.8374,8000.0,0.8375,416000.0
1753547039998,16:23:59.998,ADA/USDT:USDT,0.837,18000.0,0.8368,9000.0,0.8374,8000.0,0.8375,416000.0
1753547040047,16:24:00.047,ADA/USDT:USDT,0.837,18000.0,0.8368,9000.0,0.8374,8000.0,0.8375,416000.0
1753547040319,16:24:00.319,ADA/USDT:USDT,0.837,18000.0,0.8368,9000.0,0.8374,8000.0,0.8375,416000.0
1753547040368,16:24:00.368,ADA/USDT:USDT,0.837,18000.0,0.8368,9000.0,0.8374,8000.0,0.8375,416000.0
1753547040423,16:24:00.423,ADA/USDT:USDT,0.837,18000.0,0.8368,9000.0,0.8374,8000.0,0.8375,416000.0
1753547040862,16:24:00.862,ADA/USDT:USDT,0.837,18000.0,0.8368,9000.0,0.8374,8000.0,0.8375,416000.0
1753547040911,16:24:00.911,ADA/USDT:USDT,0.837,18000.0,0.8368,9000.0,0.8374,8000.0,0.8375,416000.0
1753547041163,16:24:01.163,ADA/USDT:USDT,0.837,18000.0,0.8368,9000.0,0.8374,8000.0,0.8375,416000.0
1753547041212,16:24:01.212,ADA/USDT:USDT,0.837,18000.0,0.8368,9000.0,0.8374,8000.0,0.8375,416000.0
1753547041393,16:24:01.393,ADA/USDT:USDT,0.837,18000.0,0.8368,9000.0,0.8374,8000.0,0.8375,416000.0
1753547041443,16:24:01.443,ADA/USDT:USDT,0.837,18000.0,0.8368,9000.0,0.8374,8000.0,0.8375,416000.0
1753547042976,16:24:02.976,ADA/USDT:USDT,0.837,18000.0,0.8368,9000.0,0.8374,8000.0,0.8375,416000.0
1753547043026,16:24:03.026,ADA/USDT:USDT,0.837,18000.0,0.8368,9000.0,0.8374,8000.0,0.8375,416000.0
1753547044128,16:24:04.128,ADA/USDT:USDT,0.8371,18000.0,0.837,18000.0,0.8374,8000.0,0.8375,416000.0
1753547044178,16:24:04.178,ADA/USDT:USDT,0.8372,18000.0,0.837,86000.0,0.8374,8000.0,0.8375,416000.0
1753547044227,16:24:04.227,ADA/USDT:USDT,0.8372,18000.0,0.837,86000.0,0.8374,8000.0,0.8375,416000.0
1753547044276,16:24:04.276,ADA/USDT:USDT,0.8372,18000.0,0.837,86000.0,0.8374,8000.0,0.8375,416000.0
1753547045154,16:24:05.154,ADA/USDT:USDT,0.8372,18000.0,0.837,86000.0,0.8374,8000.0,0.8375,416000.0
1753547045423,16:24:05.423,ADA/USDT:USDT,0.8372,18000.0,0.837,86000.0,0.8374,8000.0,0.8375,416000.0
1753547045769,16:24:05.769,ADA/USDT:USDT,0.837,86000.0,0.8368,9000.0,0.8374,8000.0,0.8375,416000.0
1753547045819,16:24:05.819,ADA/USDT:USDT,0.837,86000.0,0.8368,9000.0,0.8374,8000.0,0.8375,416000.0
1753547045868,16:24:05.868,ADA/USDT:USDT,0.8371,8000.0,0.837,86000.0,0.8374,8000.0,0.8375,416000.0
1753547046000,16:24:06.000,ADA/USDT:USDT,0.8371,8000.0,0.8368,9000.0,0.8374,8000.0,0.8375,416000.0
1753547046049,16:24:06.049,ADA/USDT:USDT,0.8367,9000.0,0.8365,9000.0,0.8374,8000.0,0.8375,416000.0
1753547046098,16:24:06.098,ADA/USDT:USDT,0.8367,9000.0,0.8365,9000.0,0.8374,8000.0,0.8375,416000.0
1753547046228,16:24:06.228,ADA/USDT:USDT,0.8367,9000.0,0.8365,9000.0,0.8374,8000.0,0.8375,416000.0
1753547046277,16:24:06.277,ADA/USDT:USDT,0.8367,9000.0,0.8365,95000.0,0.8374,8000.0,0.8375,416000.0
1753547046920,16:24:06.920,ADA/USDT:USDT,0.8367,9000.0,0.8365,95000.0,0.8374,8000.0,0.8375,416000.0
1753547046993,16:24:06.993,ADA/USDT:USDT,0.8367,9000.0,0.8365,95000.0,0.8374,8000.0,0.8375,416000.0
1753547047042,16:24:07.042,ADA/USDT:USDT,0.8367,9000.0,0.8365,95000.0,0.8374,8000.0,0.8375,416000.0
1753547047300,16:24:07.300,ADA/USDT:USDT,0.8367,9000.0,0.8365,95000.0,0.8374,8000.0,0.8375,416000.0
1753547047589,16:24:07.589,ADA/USDT:USDT,0.8367,9000.0,0.8365,95000.0,0.8374,8000.0,0.8375,416000.0
1753547047786,16:24:07.786,ADA/USDT:USDT,0.8367,9000.0,0.8365,95000.0,0.8374,8000.0,0.8375,416000.0
1753547047835,16:24:07.835,ADA/USDT:USDT,0.8367,9000.0,0.8365,95000.0,0.8374,8000.0,0.8375,416000.0
1753547047920,16:24:07.920,ADA/USDT:USDT,0.8368,18000.0,0.8367,9000.0,0.8374,8000.0,0.8375,416000.0
1753547047969,16:24:07.969,ADA/USDT:USDT,0.8372,18000.0,0.837,8000.0,0.8374,8000.0,0.8375,416000.0
1753547048018,16:24:08.018,ADA/USDT:USDT,0.8372,18000.0,0.837,94000.0,0.8374,8000.0,0.8375,416000.0
1753547048137,16:24:08.137,ADA/USDT:USDT,0.8372,18000.0,0.837,94000.0,0.8374,8000.0,0.8375,416000.0
1753547048438,16:24:08.438,ADA/USDT:USDT,0.8372,18000.0,0.837,86000.0,0.8374,8000.0,0.8375,416000.0
1753547048487,16:24:08.487,ADA/USDT:USDT,0.837,37000.0,0.8369,8000.0,0.8374,8000.0,0.8375,416000.0
1753547048536,16:24:08.536,ADA/USDT:USDT,0.837,37000.0,0.8369,8000.0,0.8374,8000.0,0.8375,416000.0
1753547048585,16:24:08.585,ADA/USDT:USDT,0.837,37000.0,0.8369,8000.0,0.8374,8000.0,0.8375,416000.0
1753547048790,16:24:08.790,ADA/USDT:USDT,0.8371,18000.0,0.837,37000.0,0.8374,8000.0,0.8375,416000.0
1753547048839,16:24:08.839,ADA/USDT:USDT,0.8372,18000.0,0.837,86000.0,0.8374,8000.0,0.8375,416000.0
1753547048888,16:24:08.888,ADA/USDT:USDT,0.8372,18000.0,0.837,86000.0,0.8374,8000.0,0.8375,416000.0
1753547049142,16:24:09.142,ADA/USDT:USDT,0.8372,18000.0,0.837,86000.0,0.8374,8000.0,0.8375,416000.0
1753547049413,16:24:09.413,ADA/USDT:USDT,0.8372,18000.0,0.837,86000.0,0.8374,8000.0,0.8375,416000.0
1753547049779,16:24:09.779,ADA/USDT:USDT,0.837,86000.0,0.8369,8000.0,0.8374,8000.0,0.8375,416000.0
1753547049828,16:24:09.828,ADA/USDT:USDT,0.837,37000.0,0.8369,8000.0,0.8374,8000.0,0.8375,416000.0
1753547049919,16:24:09.919,ADA/USDT:USDT,0.837,37000.0,0.8369,8000.0,0.8374,8000.0,0.8375,416000.0
1753547049969,16:24:09.969,ADA/USDT:USDT,0.837,37000.0,0.8369,8000.0,0.8374,8000.0,0.8375,416000.0
1753547051153,16:24:11.153,ADA/USDT:USDT,0.837,37000.0,0.8369,8000.0,0.8374,8000.0,0.8375,416000.0
1753547051422,16:24:11.422,ADA/USDT:USDT,0.837,37000.0,0.8369,8000.0,0.8374,8000.0,0.8375,416000.0
1753547051840,16:24:11.840,ADA/USDT:USDT,0.8371,18000.0,0.837,37000.0,0.8374,8000.0,0.8375,416000.0
1753547051890,16:24:11.890,ADA/USDT:USDT,0.8372,18000.0,0.8369,8000.0,0.8374,8000.0,0.8375,416000.0
1753547051939,16:24:11.939,ADA/USDT:USDT,0.8372,18000.0,0.837,85000.0,0.8374,8000.0,0.8375,416000.0
1753547052345,16:24:12.345,ADA/USDT:USDT,0.8372,18000.0,0.837,85000.0,0.8374,8000.0,0.8375,8000.0
1753547052395,16:24:12.395,ADA/USDT:USDT,0.8371,8000.0,0.8369,8000.0,0.8375,8000.0,0.8376,169000.0
1753547052444,16:24:12.444,ADA/USDT:USDT,0.8371,8000.0,0.8369,93000.0,0.8375,8000.0,0.8376,169000.0
1753547052493,16:24:12.493,ADA/USDT:USDT,0.8371,8000.0,0.8369,93000.0,0.8375,8000.0,0.8376,169000.0
1753547052580,16:24:12.580,ADA/USDT:USDT,0.8371,8000.0,0.8369,93000.0,0.8375,8000.0,0.8376,169000.0
1753547052630,16:24:12.630,ADA/USDT:USDT,0.8371,8000.0,0.8369,93000.0,0.8375,8000.0,0.8376,169000.0
1753547052710,16:24:12.710,ADA/USDT:USDT,0.8371,8000.0,0.8369,93000.0,0.8375,8000.0,0.8376,169000.0
1753547052760,16:24:12.760,ADA/USDT:USDT,0.8373,18000.0,0.837,8000.0,0.8375,8000.0,0.8376,169000.0
1753547052809,16:24:12.809,ADA/USDT:USDT,0.8373,18000.0,0.8371,85000.0,0.8375,8000.0,0.8376,169000.0
1753547052858,16:24:12.858,ADA/USDT:USDT,0.8373,18000.0,0.8371,85000.0,0.8375,8000.0,0.8376,169000.0
1753547052907,16:24:12.907,ADA/USDT:USDT,0.8373,18000.0,0.8371,85000.0,0.8375,8000.0,0.8376,169000.0
1753547052956,16:24:12.956,ADA/USDT:USDT,0.8373,18000.0,0.8371,85000.0,0.8375,8000.0,0.8376,169000.0
1753547053150,16:24:13.150,ADA/USDT:USDT,0.8373,18000.0,0.8371,85000.0,0.8375,8000.0,0.8376,169000.0
1753547053421,16:24:13.421,ADA/USDT:USDT,0.8373,18000.0,0.8371,85000.0,0.8375,8000.0,0.8376,169000.0
1753547053470,16:24:13.470,ADA/USDT:USDT,0.8371,37000.0,0.837,8000.0,0.8375,8000.0,0.8376,169000.0
1753547053976,16:24:13.976,ADA/USDT:USDT,0.8371,37000.0,0.837,8000.0,0.8375,8000.0,0.8376,169000.0
1753547054026,16:24:14.026,ADA/USDT:USDT,0.8371,37000.0,0.837,8000.0,0.8375,8000.0,0.8376,169000.0
1753547054444,16:24:14.444,ADA/USDT:USDT,0.8371,37000.0,0.837,8000.0,0.8375,8000.0,0.8376,169000.0
1753547054600,16:24:14.600,ADA/USDT:USDT,0.8371,37000.0,0.837,8000.0,0.8375,8000.0,0.8376,169000.0
1753547054650,16:24:14.650,ADA/USDT:USDT,0.8371,37000.0,0.837,8000.0,0.8375,8000.0,0.8376,169000.0
1753547054885,16:24:14.885,ADA/USDT:USDT,0.8372,18000.0,0.8371,37000.0,0.8375,8000.0,0.8376,169000.0
1753547054935,16:24:14.935,ADA/USDT:USDT,0.8373,18000.0,0.8371,85000.0,0.8375,8000.0,0.8376,8000.0
1753547054984,16:24:14.984,ADA/USDT:USDT,0.8371,37000.0,0.837,8000.0,0.8376,8000.0,0.8377,124000.0
1753547055033,16:24:15.033,ADA/USDT:USDT,0.8371,37000.0,0.837,8000.0,0.8376,8000.0,0.8377,124000.0
1753547055082,16:24:15.082,ADA/USDT:USDT,0.8371,37000.0,0.837,8000.0,0.8376,8000.0,0.8377,124000.0
1753547055131,16:24:15.131,ADA/USDT:USDT,0.8371,37000.0,0.837,8000.0,0.8376,8000.0,0.8377,124000.0
1753547055180,16:24:15.180,ADA/USDT:USDT,0.837,8000.0,0.8369,93000.0,0.8376,8000.0,0.8377,124000.0
1753547055229,16:24:15.229,ADA/USDT:USDT,0.8373,18000.0,0.8371,85000.0,0.8376,8000.0,0.8377,124000.0
1753547055278,16:24:15.278,ADA/USDT:USDT,0.8373,18000.0,0.8371,85000.0,0.8376,8000.0,0.8377,124000.0
1753547055327,16:24:15.327,ADA/USDT:USDT,0.8373,18000.0,0.8371,85000.0,0.8376,8000.0,0.8377,124000.0
1753547055376,16:24:15.376,ADA/USDT:USDT,0.8371,37000.0,0.837,8000.0,0.8376,8000.0,0.8377,124000.0
1753547055425,16:24:15.425,ADA/USDT:USDT,0.8371,37000.0,0.837,8000.0,0.8376,8000.0,0.8377,124000.0
1753547055474,16:24:15.474,ADA/USDT:USDT,0.8371,37000.0,0.837,8000.0,0.8376,8000.0,0.8377,124000.0
1753547055523,16:24:15.523,ADA/USDT:USDT,0.8371,37000.0,0.837,8000.0,0.8376,8000.0,0.8377,124000.0
1753547055708,16:24:15.708,ADA/USDT:USDT,0.8371,37000.0,0.837,8000.0,0.8376,8000.0,0.8377,124000.0
1753547055757,16:24:15.757,ADA/USDT:USDT,0.8371,37000.0,0.837,9000.0,0.8376,8000.0,0.8377,124000.0
1753547055806,16:24:15.806,ADA/USDT:USDT,0.8371,37000.0,0.837,9000.0,0.8376,8000.0,0.8377,124000.0
1753547055911,16:24:15.911,ADA/USDT:USDT,0.8371,37000.0,0.837,9000.0,0.8376,8000.0,0.8377,124000.0
1753547055999,16:24:15.999,ADA/USDT:USDT,0.8371,37000.0,0.837,9000.0,0.8376,8000.0,0.8377,124000.0
1753547056048,16:24:16.048,ADA/USDT:USDT,0.8371,37000.0,0.837,9000.0,0.8376,8000.0,0.8377,124000.0
1753547056301,16:24:16.301,ADA/USDT:USDT,0.8371,37000.0,0.837,9000.0,0.8376,8000.0,0.8377,124000.0
1753547056400,16:24:16.400,ADA/USDT:USDT,0.8371,37000.0,0.837,9000.0,0.8376,8000.0,0.8377,124000.0
1753547057764,16:24:17.764,ADA/USDT:USDT,0.8371,37000.0,0.837,9000.0,0.8376,8000.0,0.8377,124000.0
1753547057814,16:24:17.814,ADA/USDT:USDT,0.8373,18000.0,0.8371,85000.0,0.8376,8000.0,0.8377,124000.0
1753547057863,16:24:17.863,ADA/USDT:USDT,0.8374,18000.0,0.8372,85000.0,0.8376,8000.0,0.8377,124000.0
1753547058188,16:24:18.188,ADA/USDT:USDT,0.8374,18000.0,0.8372,85000.0,0.8376,8000.0,0.8377,124000.0
1753547058241,16:24:18.241,ADA/USDT:USDT,0.8374,18000.0,0.8372,85000.0,0.8376,8000.0,0.8377,124000.0
1753547058291,16:24:18.291,ADA/USDT:USDT,0.8374,18000.0,0.8372,85000.0,0.8376,8000.0,0.8377,124000.0
1753547058353,16:24:18.353,ADA/USDT:USDT,0.8374,18000.0,0.8373,9000.0,0.8376,8000.0,0.8377,124000.0
1753547058402,16:24:18.402,ADA/USDT:USDT,0.8374,18000.0,0.8372,85000.0,0.8376,8000.0,0.8377,124000.0
1753547058451,16:24:18.451,ADA/USDT:USDT,0.8372,37000.0,0.8371,9000.0,0.8376,8000.0,0.8377,124000.0
1753547058500,16:24:18.500,ADA/USDT:USDT,0.8372,37000.0,0.8371,9000.0,0.8376,8000.0,0.8377,124000.0
1753547058549,16:24:18.549,ADA/USDT:USDT,0.8372,37000.0,0.8371,9000.0,0.8376,8000.0,0.8377,124000.0
1753547058598,16:24:18.598,ADA/USDT:USDT,0.8372,37000.0,0.8371,9000.0,0.8376,8000.0,0.8377,124000.0
1753547058647,16:24:18.647,ADA/USDT:USDT,0.8372,37000.0,0.8371,9000.0,0.8376,8000.0,0.8377,124000.0
1753547058944,16:24:18.944,ADA/USDT:USDT,0.8372,37000.0,0.8371,9000.0,0.8376,8000.0,0.8377,124000.0
1753547059406,16:24:19.406,ADA/USDT:USDT,0.8372,37000.0,0.8371,9000.0,0.8376,8000.0,0.8377,124000.0
1753547059456,16:24:19.456,ADA/USDT:USDT,0.8374,18000.0,0.8371,9000.0,0.8376,8000.0,0.8377,124000.0
1753547059505,16:24:19.505,ADA/USDT:USDT,0.8374,18000.0,0.8373,9000.0,0.8376,8000.0,0.8377,124000.0
1753547059556,16:24:19.556,ADA/USDT:USDT,0.8375,18000.0,0.8373,9000.0,0.8377,124000.0,0.8379,417000.0
1753547059605,16:24:19.605,ADA/USDT:USDT,0.8373,37000.0,0.8371,9000.0,0.8376,9000.0,0.8377,124000.0
1753547059655,16:24:19.655,ADA/USDT:USDT,0.8373,37000.0,0.8371,94000.0,0.8376,9000.0,0.8377,124000.0
1753547059704,16:24:19.704,ADA/USDT:USDT,0.8371,46000.0,0.8369,93000.0,0.8376,9000.0,0.8377,124000.0
1753547059753,16:24:19.753,ADA/USDT:USDT,0.8371,37000.0,0.837,9000.0,0.8376,9000.0,0.8377,124000.0
1753547059808,16:24:19.808,ADA/USDT:USDT,0.8371,37000.0,0.837,9000.0,0.8376,9000.0,0.8377,124000.0
1753547059857,16:24:19.857,ADA/USDT:USDT,0.8371,37000.0,0.837,9000.0,0.8376,9000.0,0.8377,124000.0
1753547059906,16:24:19.906,ADA/USDT:USDT,0.8371,37000.0,0.837,9000.0,0.8376,9000.0,0.8377,124000.0
1753547059955,16:24:19.955,ADA/USDT:USDT,0.8371,37000.0,0.837,9000.0,0.8376,9000.0,0.8377,124000.0
1753547060004,16:24:20.004,ADA/USDT:USDT,0.8371,37000.0,0.837,9000.0,0.8376,9000.0,0.8377,124000.0
1753547060085,16:24:20.085,ADA/USDT:USDT,0.8371,37000.0,0.837,9000.0,0.8376,9000.0,0.8377,124000.0
1753547060135,16:24:20.135,ADA/USDT:USDT,0.8371,37000.0,0.837,9000.0,0.8376,9000.0,0.8377,124000.0
1753547060184,16:24:20.184,ADA/USDT:USDT,0.8371,37000.0,0.837,9000.0,0.8376,9000.0,0.8377,124000.0
1753547060233,16:24:20.233,ADA/USDT:USDT,0.8371,37000.0,0.837,9000.0,0.8376,9000.0,0.8377,124000.0
1753547060289,16:24:20.289,ADA/USDT:USDT,0.8371,37000.0,0.837,9000.0,0.8376,9000.0,0.8377,124000.0
1753547060448,16:24:20.448,ADA/USDT:USDT,0.8371,37000.0,0.837,9000.0,0.8376,9000.0,0.8377,124000.0
1753547060522,16:24:20.522,ADA/USDT:USDT,0.8372,18000.0,0.8371,37000.0,0.8376,9000.0,0.8377,124000.0
1753547060571,16:24:20.571,ADA/USDT:USDT,0.8372,18000.0,0.8371,9000.0,0.8376,9000.0,0.8377,124000.0
1753547060874,16:24:20.874,ADA/USDT:USDT,0.8372,18000.0,0.8371,9000.0,0.8376,9000.0,0.8377,124000.0
1753547060924,16:24:20.924,ADA/USDT:USDT,0.8372,18000.0,0.8371,9000.0,0.8376,9000.0,0.8377,124000.0
1753547061297,16:24:21.297,ADA/USDT:USDT,0.8372,18000.0,0.8371,9000.0,0.8376,9000.0,0.8377,124000.0
1753547061730,16:24:21.730,ADA/USDT:USDT,0.8372,18000.0,0.837,94000.0,0.8376,9000.0,0.8377,124000.0
1753547061779,16:24:21.779,ADA/USDT:USDT,0.837,46000.0,0.8369,8000.0,0.8376,9000.0,0.8377,124000.0
1753547061828,16:24:21.828,ADA/USDT:USDT,0.837,46000.0,0.8369,8000.0,0.8376,9000.0,0.8377,124000.0
1753547061877,16:24:21.877,ADA/USDT:USDT,0.837,46000.0,0.8369,8000.0,0.8376,9000.0,0.8377,124000.0
1753547061954,16:24:21.954,ADA/USDT:USDT,0.837,46000.0,0.8369,8000.0,0.8376,9000.0,0.8377,124000.0
1753547062004,16:24:22.004,ADA/USDT:USDT,0.837,46000.0,0.8369,8000.0,0.8376,9000.0,0.8377,124000.0
1753547062186,16:24:22.186,ADA/USDT:USDT,0.837,46000.0,0.8369,8000.0,0.8376,9000.0,0.8377,124000.0
1753547062324,16:24:22.324,ADA/USDT:USDT,0.837,37000.0,0.8369,8000.0,0.8376,9000.0,0.8377,124000.0
1753547062373,16:24:22.373,ADA/USDT:USDT,0.837,37000.0,0.8369,8000.0,0.8376,9000.0,0.8377,125000.0
1753547062422,16:24:22.422,ADA/USDT:USDT,0.8369,8000.0,0.8367,94000.0,0.8376,9000.0,0.8377,125000.0
1753547062471,16:24:22.471,ADA/USDT:USDT,0.8368,9000.0,0.8367,9000.0,0.8376,9000.0,0.8377,125000.0
1753547062520,16:24:22.520,ADA/USDT:USDT,0.8368,9000.0,0.8367,9000.0,0.8376,9000.0,0.8377,125000.0
1753547062569,16:24:22.569,ADA/USDT:USDT,0.8368,9000.0,0.8367,9000.0,0.8376,9000.0,0.8377,125000.0
1753547062618,16:24:22.618,ADA/USDT:USDT,0.8367,9000.0,0.8366,85000.0,0.8376,9000.0,0.8377,125000.0
1753547062667,16:24:22.667,ADA/USDT:USDT,0.8367,9000.0,0.8365,38000.0,0.8376,9000.0,0.8377,125000.0
1753547062716,16:24:22.716,ADA/USDT:USDT,0.8367,9000.0,0.8365,123000.0,0.8376,9000.0,0.8377,125000.0
1753547062789,16:24:22.789,ADA/USDT:USDT,0.8367,9000.0,0.8365,123000.0,0.8376,9000.0,0.8377,125000.0
1753547062838,16:24:22.838,ADA/USDT:USDT,0.8371,18000.0,0.8369,9000.0,0.8374,9000.0,0.8375,161000.0
1753547062887,16:24:22.887,ADA/USDT:USDT,0.8371,18000.0,0.8369,94000.0,0.8374,9000.0,0.8375,161000.0
1753547062936,16:24:22.936,ADA/USDT:USDT,0.8369,46000.0,0.8368,9000.0,0.8374,9000.0,0.8375,161000.0
1753547063037,16:24:23.037,ADA/USDT:USDT,0.837,18000.0,0.8369,46000.0,0.8374,9000.0,0.8375,161000.0
1753547063086,16:24:23.086,ADA/USDT:USDT,0.8371,18000.0,0.8369,94000.0,0.8374,9000.0,0.8375,161000.0
1753547063135,16:24:23.135,ADA/USDT:USDT,0.8371,18000.0,0.837,9000.0,0.8374,9000.0,0.8375,161000.0
1753547063184,16:24:23.184,ADA/USDT:USDT,0.8371,18000.0,0.837,9000.0,0.8374,9000.0,0.8375,161000.0
1753547063233,16:24:23.233,ADA/USDT:USDT,0.8371,18000.0,0.837,9000.0,0.8374,9000.0,0.8375,161000.0
1753547063386,16:24:23.386,ADA/USDT:USDT,0.8371,18000.0,0.837,9000.0,0.8374,9000.0,0.8375,161000.0
1753547063436,16:24:23.436,ADA/USDT:USDT,0.8371,18000.0,0.837,9000.0,0.8374,9000.0,0.8375,161000.0
1753547063485,16:24:23.485,ADA/USDT:USDT,0.8371,18000.0,0.837,9000.0,0.8374,9000.0,0.8375,161000.0
1753547063592,16:24:23.592,ADA/USDT:USDT,0.8371,18000.0,0.837,9000.0,0.8374,9000.0,0.8375,161000.0
1753547063641,16:24:23.641,ADA/USDT:USDT,0.8371,18000.0,0.837,9000.0,0.8374,9000.0,0.8375,161000.0
1753547063695,16:24:23.695,ADA/USDT:USDT,0.8371,18000.0,0.837,9000.0,0.8374,9000.0,0.8376,9000.0
1753547063744,16:24:23.744,ADA/USDT:USDT,0.837,9000.0,0.8369,94000.0,0.8376,9000.0,0.8377,125000.0
1753547063744,16:24:23.744,ADA/USDT:USDT,0.8372,18000.0,0.837,9000.0,0.8376,9000.0,0.8377,125000.0
1753547063793,16:24:23.793,ADA/USDT:USDT,0.8372,18000.0,0.837,94000.0,0.8376,9000.0,0.8377,125000.0
1753547063842,16:24:23.842,ADA/USDT:USDT,0.8372,18000.0,0.8371,9000.0,0.8376,9000.0,0.8377,125000.0
1753547063891,16:24:23.891,ADA/USDT:USDT,0.8372,18000.0,0.8371,9000.0,0.8376,9000.0,0.8377,125000.0
1753547064401,16:24:24.401,ADA/USDT:USDT,0.8372,18000.0,0.837,94000.0,0.8376,9000.0,0.8377,125000.0
1753547064662,16:24:24.662,ADA/USDT:USDT,0.8372,18000.0,0.8371,9000.0,0.8376,9000.0,0.8377,125000.0
1753547065184,16:24:25.184,ADA/USDT:USDT,0.8372,18000.0,0.8371,9000.0,0.8376,9000.0,0.8377,125000.0
1753547065469,16:24:25.469,ADA/USDT:USDT,0.8372,18000.0,0.8371,9000.0,0.8376,9000.0,0.8377,125000.0
1753547065610,16:24:25.610,ADA/USDT:USDT,0.8372,18000.0,0.837,94000.0,0.8376,9000.0,0.8377,125000.0
1753547065660,16:24:25.660,ADA/USDT:USDT,0.837,37000.0,0.8369,9000.0,0.8376,9000.0,0.8377,125000.0
1753547065709,16:24:25.709,ADA/USDT:USDT,0.837,37000.0,0.8369,9000.0,0.8374,9000.0,0.8375,161000.0
1753547065758,16:24:25.758,ADA/USDT:USDT,0.837,37000.0,0.8369,9000.0,0.8374,9000.0,0.8375,161000.0
1753547065807,16:24:25.807,ADA/USDT:USDT,0.837,37000.0,0.8369,9000.0,0.8374,9000.0,0.8375,161000.0
1753547066356,16:24:26.356,ADA/USDT:USDT,0.837,37000.0,0.8369,9000.0,0.8374,9000.0,0.8375,161000.0
1753547066406,16:24:26.406,ADA/USDT:USDT,0.837,37000.0,0.8369,9000.0,0.8374,9000.0,0.8375,161000.0
1753547066507,16:24:26.507,ADA/USDT:USDT,0.8371,18000.0,0.837,37000.0,0.8374,9000.0,0.8375,161000.0
1753547066556,16:24:26.556,ADA/USDT:USDT,0.8372,18000.0,0.8369,9000.0,0.8374,9000.0,0.8375,161000.0
1753547066605,16:24:26.605,ADA/USDT:USDT,0.8372,18000.0,0.837,85000.0,0.8374,9000.0,0.8375,161000.0
1753547066681,16:24:26.681,ADA/USDT:USDT,0.8372,18000.0,0.837,85000.0,0.8374,9000.0,0.8375,161000.0
1753547066752,16:24:26.752,ADA/USDT:USDT,0.8372,18000.0,0.8371,9000.0,0.8374,9000.0,0.8375,161000.0
1753547066801,16:24:26.801,ADA/USDT:USDT,0.8372,18000.0,0.8371,9000.0,0.8374,9000.0,0.8375,161000.0
1753547067117,16:24:27.117,ADA/USDT:USDT,0.8372,18000.0,0.8371,9000.0,0.8375,161000.0,0.8376,9000.0
1753547067166,16:24:27.166,ADA/USDT:USDT,0.8373,18000.0,0.8371,9000.0,0.8375,161000.0,0.8376,9000.0
1753547067215,16:24:27.215,ADA/USDT:USDT,0.8373,18000.0,0.8371,94000.0,0.8375,161000.0,0.8376,9000.0
1753547067282,16:24:27.282,ADA/USDT:USDT,0.8373,18000.0,0.8371,94000.0,0.8375,161000.0,0.8376,9000.0
1753547067345,16:24:27.345,ADA/USDT:USDT,0.8373,18000.0,0.8371,94000.0,0.8375,161000.0,0.8376,9000.0
1753547067429,16:24:27.429,ADA/USDT:USDT,0.8373,18000.0,0.8371,94000.0,0.8374,9000.0,0.8375,161000.0
1753547067478,16:24:27.478,ADA/USDT:USDT,0.8373,18000.0,0.8371,85000.0,0.8374,9000.0,0.8375,161000.0
1753547067536,16:24:27.536,ADA/USDT:USDT,0.8371,85000.0,0.8369,9000.0,0.8374,9000.0,0.8375,161000.0
1753547067586,16:24:27.586,ADA/USDT:USDT,0.8371,37000.0,0.837,9000.0,0.8374,9000.0,0.8375,161000.0
1753547068120,16:24:28.120,ADA/USDT:USDT,0.8371,37000.0,0.837,9000.0,0.8374,9000.0,0.8375,161000.0
1753547068186,16:24:28.186,ADA/USDT:USDT,0.8371,37000.0,0.837,9000.0,0.8374,9000.0,0.8375,161000.0
1753547068235,16:24:28.235,ADA/USDT:USDT,0.8371,37000.0,0.837,9000.0,0.8374,9000.0,0.8375,161000.0
1753547069057,16:24:29.057,ADA/USDT:USDT,0.8371,37000.0,0.837,9000.0,0.8374,9000.0,0.8375,161000.0
1753547069172,16:24:29.172,ADA/USDT:USDT,0.8371,37000.0,0.837,9000.0,0.8374,9000.0,0.8375,161000.0
1753547069221,16:24:29.221,ADA/USDT:USDT,0.8371,37000.0,0.837,9000.0,0.8374,9000.0,0.8375,161000.0
1753547069543,16:24:29.543,ADA/USDT:USDT,0.8372,18000.0,0.8371,37000.0,0.8374,9000.0,0.8375,161000.0
1753547069593,16:24:29.593,ADA/USDT:USDT,0.8373,18000.0,0.8371,85000.0,0.8376,9000.0,0.8377,286000.0
1753547069642,16:24:29.642,ADA/USDT:USDT,0.8373,18000.0,0.8371,85000.0,0.8376,9000.0,0.8377,286000.0
1753547069703,16:24:29.703,ADA/USDT:USDT,0.8373,18000.0,0.8371,85000.0,0.8376,9000.0,0.8377,286000.0
1753547069753,16:24:29.753,ADA/USDT:USDT,0.8373,18000.0,0.8371,85000.0,0.8376,9000.0,0.8377,286000.0
1753547069802,16:24:29.802,ADA/USDT:USDT,0.8373,18000.0,0.8372,9000.0,0.8376,9000.0,0.8377,286000.0
1753547070098,16:24:30.098,ADA/USDT:USDT,0.8373,18000.0,0.8371,85000.0,0.8376,9000.0,0.8377,286000.0
1753547070312,16:24:30.312,ADA/USDT:USDT,0.8373,18000.0,0.8371,85000.0,0.8376,9000.0,0.8377,286000.0
1753547070437,16:24:30.437,ADA/USDT:USDT,0.8373,18000.0,0.8371,85000.0,0.8376,9000.0,0.8377,286000.0
1753547070582,16:24:30.582,ADA/USDT:USDT,0.8373,18000.0,0.8371,85000.0,0.8376,9000.0,0.8377,286000.0
1753547070924,16:24:30.924,ADA/USDT:USDT,0.8371,85000.0,0.837,9000.0,0.8376,9000.0,0.8377,286000.0
1753547070974,16:24:30.974,ADA/USDT:USDT,0.8371,33000.0,0.837,9000.0,0.8376,9000.0,0.8377,286000.0
1753547071391,16:24:31.391,ADA/USDT:USDT,0.8372,9000.0,0.8371,33000.0,0.8376,9000.0,0.8377,286000.0
1753547071441,16:24:31.441,ADA/USDT:USDT,0.8374,16000.0,0.8372,85000.0,0.8376,9000.0,0.8377,286000.0
1753547071492,16:24:31.492,ADA/USDT:USDT,0.8374,16000.0,0.8372,85000.0,0.8376,9000.0,0.8377,286000.0
1753547071638,16:24:31.638,ADA/USDT:USDT,0.8374,16000.0,0.8372,85000.0,0.8376,9000.0,0.8377,286000.0
1753547071886,16:24:31.886,ADA/USDT:USDT,0.8374,16000.0,0.8372,85000.0,0.8376,9000.0,0.8377,286000.0
1753547071938,16:24:31.938,ADA/USDT:USDT,0.8374,16000.0,0.8372,85000.0,0.8376,9000.0,0.8377,286000.0
1753547071989,16:24:31.989,ADA/USDT:USDT,0.8374,16000.0,0.8372,85000.0,0.8376,9000.0,0.8377,285000.0
1753547072084,16:24:32.084,ADA/USDT:USDT,0.8374,16000.0,0.8372,85000.0,0.8376,9000.0,0.8377,285000.0
1753547072144,16:24:32.144,ADA/USDT:USDT,0.8374,16000.0,0.8372,85000.0,0.8376,9000.0,0.8377,124000.0
1753547072193,16:24:32.193,ADA/USDT:USDT,0.8374,16000.0,0.8372,85000.0,0.8376,9000.0,0.8377,124000.0
1753547072242,16:24:32.242,ADA/USDT:USDT,0.8367,9000.0,0.8366,39000.0,0.8376,9000.0,0.8377,124000.0
1753547072291,16:24:32.291,ADA/USDT:USDT,0.8366,9000.0,0.8365,106000.0,0.8376,9000.0,0.8377,124000.0
1753547072340,16:24:32.340,ADA/USDT:USDT,0.8366,9000.0,0.8365,106000.0,0.8376,9000.0,0.8377,124000.0
1753547072389,16:24:32.389,ADA/USDT:USDT,0.8366,9000.0,0.8365,106000.0,0.8376,9000.0,0.8377,124000.0
1753547072778,16:24:32.778,ADA/USDT:USDT,0.8367,16000.0,0.8366,9000.0,0.8376,9000.0,0.8377,124000.0
1753547072827,16:24:32.827,ADA/USDT:USDT,0.8372,16000.0,0.837,9000.0,0.8376,9000.0,0.8377,124000.0
1753547072876,16:24:32.876,ADA/USDT:USDT,0.8372,16000.0,0.8371,9000.0,0.8376,9000.0,0.8377,124000.0
1753547072925,16:24:32.925,ADA/USDT:USDT,0.8372,16000.0,0.8371,9000.0,0.8376,9000.0,0.8377,124000.0
1753547072988,16:24:32.988,ADA/USDT:USDT,0.8372,16000.0,0.8371,9000.0,0.8376,9000.0,0.8377,124000.0
1753547073038,16:24:33.038,ADA/USDT:USDT,0.8372,16000.0,0.8371,9000.0,0.8376,9000.0,0.8377,124000.0
1753547073223,16:24:33.223,ADA/USDT:USDT,0.8372,16000.0,0.8371,9000.0,0.8376,9000.0,0.8377,124000.0
1753547073683,16:24:33.683,ADA/USDT:USDT,0.8372,16000.0,0.8371,9000.0,0.8376,9000.0,0.8377,124000.0
1753547073913,16:24:33.913,ADA/USDT:USDT,0.8372,16000.0,0.8371,9000.0,0.8376,9000.0,0.8377,124000.0
1753547073963,16:24:33.963,ADA/USDT:USDT,0.8374,16000.0,0.8372,9000.0,0.8376,9000.0,0.8377,124000.0
1753547074012,16:24:34.012,ADA/USDT:USDT,0.8374,16000.0,0.8372,94000.0,0.8376,9000.0,0.8377,124000.0
1753547074077,16:24:34.077,ADA/USDT:USDT,0.8374,16000.0,0.8372,94000.0,0.8376,9000.0,0.8377,124000.0
1753547074126,16:24:34.126,ADA/USDT:USDT,0.8374,16000.0,0.8372,94000.0,0.8376,9000.0,0.8377,124000.0
1753547074175,16:24:34.175,ADA/USDT:USDT,0.8374,16000.0,0.8372,94000.0,0.8376,9000.0,0.8377,124000.0
1753547074383,16:24:34.383,ADA/USDT:USDT,0.8374,16000.0,0.8372,94000.0,0.8376,9000.0,0.8377,124000.0
1753547074494,16:24:34.494,ADA/USDT:USDT,0.8374,16000.0,0.8372,94000.0,0.8376,9000.0,0.8377,124000.0
1753547075001,16:24:35.001,ADA/USDT:USDT,0.8372,94000.0,0.837,9000.0,0.8376,9000.0,0.8377,124000.0
1753547075050,16:24:35.050,ADA/USDT:USDT,0.8372,42000.0,0.837,9000.0,0.8376,9000.0,0.8377,124000.0
1753547075099,16:24:35.099,ADA/USDT:USDT,0.8372,42000.0,0.837,94000.0,0.8376,9000.0,0.8377,124000.0
1753547075390,16:24:35.390,ADA/USDT:USDT,0.8373,9000.0,0.8372,42000.0,0.8376,9000.0,0.8377,124000.0
1753547075440,16:24:35.440,ADA/USDT:USDT,0.8374,16000.0,0.8372,94000.0,0.8376,9000.0,0.8377,124000.0
1753547075502,16:24:35.502,ADA/USDT:USDT,0.8374,16000.0,0.8372,94000.0,0.8376,9000.0,0.8377,124000.0
1753547075551,16:24:35.551,ADA/USDT:USDT,0.8374,16000.0,0.8373,8000.0,0.8376,9000.0,0.8377,124000.0
1753547075652,16:24:35.652,ADA/USDT:USDT,0.8375,16000.0,0.8372,94000.0,0.8376,8000.0,0.8377,124000.0
1753547075701,16:24:35.701,ADA/USDT:USDT,0.8375,16000.0,0.8373,85000.0,0.8376,8000.0,0.8377,124000.0
1753547075750,16:24:35.750,ADA/USDT:USDT,0.8375,16000.0,0.8373,85000.0,0.8377,124000.0,0.8378,9000.0
1753547075814,16:24:35.814,ADA/USDT:USDT,0.8375,16000.0,0.8373,85000.0,0.8377,124000.0,0.8378,9000.0
1753547076011,16:24:36.011,ADA/USDT:USDT,0.8375,16000.0,0.8373,85000.0,0.8377,124000.0,0.8378,9000.0
1753547076061,16:24:36.061,ADA/USDT:USDT,0.8375,16000.0,0.8373,85000.0,0.8377,124000.0,0.8378,9000.0
1753547076110,16:24:36.110,ADA/USDT:USDT,0.8375,16000.0,0.8373,85000.0,0.8377,124000.0,0.8378,9000.0
1753547076197,16:24:36.197,ADA/USDT:USDT,0.8375,16000.0,0.8373,85000.0,0.8377,124000.0,0.8378,9000.0
1753547076423,16:24:36.423,ADA/USDT:USDT,0.8375,16000.0,0.8373,85000.0,0.8376,8000.0,0.8377,124000.0
1753547076473,16:24:36.473,ADA/USDT:USDT,0.8375,16000.0,0.8373,85000.0,0.8376,8000.0,0.8377,124000.0
1753547076522,16:24:36.522,ADA/USDT:USDT,0.8375,16000.0,0.8373,85000.0,0.8376,8000.0,0.8377,124000.0
1753547076633,16:24:36.633,ADA/USDT:USDT,0.8375,16000.0,0.8373,85000.0,0.8377,124000.0,0.8378,9000.0
1753547076682,16:24:36.682,ADA/USDT:USDT,0.8376,16000.0,0.8373,85000.0,0.8377,124000.0,0.8378,9000.0
1753547076731,16:24:36.731,ADA/USDT:USDT,0.8376,16000.0,0.8374,85000.0,0.8377,124000.0,0.8378,9000.0
1753547076805,16:24:36.805,ADA/USDT:USDT,0.8376,16000.0,0.8374,85000.0,0.8377,124000.0,0.8378,9000.0
1753547077132,16:24:37.132,ADA/USDT:USDT,0.8376,16000.0,0.8374,85000.0,0.8377,124000.0,0.8378,9000.0
1753547077230,16:24:37.230,ADA/USDT:USDT,0.8374,85000.0,0.837,9000.0,0.8377,124000.0,0.8378,9000.0
1753547077280,16:24:37.280,ADA/USDT:USDT,0.8374,33000.0,0.8373,8000.0,0.8377,124000.0,0.8378,9000.0
1753547077329,16:24:37.329,ADA/USDT:USDT,0.8374,33000.0,0.8373,8000.0,0.8377,124000.0,0.8378,9000.0
1753547077538,16:24:37.538,ADA/USDT:USDT,0.8374,33000.0,0.8373,8000.0,0.8377,124000.0,0.8378,9000.0
1753547077588,16:24:37.588,ADA/USDT:USDT,0.8374,33000.0,0.8373,8000.0,0.8377,124000.0,0.8378,9000.0
1753547077637,16:24:37.637,ADA/USDT:USDT,0.8374,33000.0,0.8373,8000.0,0.8377,115000.0,0.8378,9000.0
1753547077686,16:24:37.686,ADA/USDT:USDT,0.8376,16000.0,0.8374,85000.0,0.8377,115000.0,0.8378,9000.0
1753547077735,16:24:37.735,ADA/USDT:USDT,0.8376,16000.0,0.8374,85000.0,0.8377,115000.0,0.8378,9000.0
1753547077784,16:24:37.784,ADA/USDT:USDT,0.8376,16000.0,0.8375,8000.0,0.8377,115000.0,0.8378,9000.0
1753547077833,16:24:37.833,ADA/USDT:USDT,0.8376,16000.0,0.8374,85000.0,0.8377,115000.0,0.8378,9000.0
1753547077882,16:24:37.882,ADA/USDT:USDT,0.8376,16000.0,0.8374,85000.0,0.8377,115000.0,0.8378,9000.0
1753547078012,16:24:38.012,ADA/USDT:USDT,0.8376,16000.0,0.8375,8000.0,0.8377,115000.0,0.8378,9000.0
1753547078092,16:24:38.092,ADA/USDT:USDT,0.8375,8000.0,0.8374,85000.0,0.8377,115000.0,0.8378,9000.0
1753547078141,16:24:38.141,ADA/USDT:USDT,0.837,9000.0,0.8369,39000.0,0.8377,115000.0,0.8378,9000.0
1753547078287,16:24:38.287,ADA/USDT:USDT,0.837,9000.0,0.8369,40000.0,0.8377,115000.0,0.8378,9000.0
1753547078336,16:24:38.336,ADA/USDT:USDT,0.837,9000.0,0.8369,40000.0,0.8377,115000.0,0.8378,9000.0
1753547078754,16:24:38.754,ADA/USDT:USDT,0.837,9000.0,0.8369,40000.0,0.8376,8000.0,0.8377,115000.0
1753547078804,16:24:38.804,ADA/USDT:USDT,0.837,9000.0,0.8369,40000.0,0.8377,115000.0,0.8378,9000.0
1753547078804,16:24:38.804,ADA/USDT:USDT,0.8375,16000.0,0.8373,93000.0,0.8377,115000.0,0.8378,9000.0
1753547078853,16:24:38.853,ADA/USDT:USDT,0.8375,16000.0,0.8373,93000.0,0.8377,115000.0,0.8378,9000.0
1753547078902,16:24:38.902,ADA/USDT:USDT,0.8375,16000.0,0.8374,8000.0,0.8377,115000.0,0.8378,9000.0
1753547079094,16:24:39.094,ADA/USDT:USDT,0.8374,8000.0,0.8373,93000.0,0.8377,115000.0,0.8378,9000.0
1753547079144,16:24:39.144,ADA/USDT:USDT,0.837,9000.0,0.8369,40000.0,0.8377,115000.0,0.8378,9000.0
1753547079224,16:24:39.224,ADA/USDT:USDT,0.837,9000.0,0.8369,40000.0,0.8377,115000.0,0.8378,9000.0
1753547079515,16:24:39.515,ADA/USDT:USDT,0.837,9000.0,0.8369,40000.0,0.8377,115000.0,0.8378,9000.0
1753547079576,16:24:39.576,ADA/USDT:USDT,0.8371,16000.0,0.837,9000.0,0.8377,115000.0,0.8378,9000.0
1753547079625,16:24:39.625,ADA/USDT:USDT,0.8375,16000.0,0.8373,85000.0,0.8377,115000.0,0.8378,9000.0
1753547079674,16:24:39.674,ADA/USDT:USDT,0.8375,16000.0,0.8374,8000.0,0.8377,115000.0,0.8378,9000.0
1753547079787,16:24:39.787,ADA/USDT:USDT,0.8375,16000.0,0.8374,8000.0,0.8377,115000.0,0.8378,9000.0
1753547079837,16:24:39.837,ADA/USDT:USDT,0.8375,16000.0,0.8374,8000.0,0.8377,115000.0,0.8378,9000.0
1753547079893,16:24:39.893,ADA/USDT:USDT,0.8375,16000.0,0.8374,8000.0,0.8377,115000.0,0.8378,9000.0
1753547079943,16:24:39.943,ADA/USDT:USDT,0.8375,16000.0,0.8374,8000.0,0.8377,115000.0,0.8378,9000.0
1753547080202,16:24:40.202,ADA/USDT:USDT,0.8374,8000.0,0.8373,85000.0,0.8377,115000.0,0.8378,9000.0
1753547080251,16:24:40.251,ADA/USDT:USDT,0.837,9000.0,0.8369,40000.0,0.8377,115000.0,0.8378,9000.0
1753547080301,16:24:40.301,ADA/USDT:USDT,0.837,9000.0,0.8369,40000.0,0.8377,115000.0,0.8378,9000.0
1753547080351,16:24:40.351,ADA/USDT:USDT,0.8374,16000.0,0.8372,8000.0,0.8377,115000.0,0.8378,9000.0
1753547080400,16:24:40.400,ADA/USDT:USDT,0.8374,16000.0,0.8373,8000.0,0.8377,115000.0,0.8378,9000.0
1753547080449,16:24:40.449,ADA/USDT:USDT,0.8373,8000.0,0.8372,8000.0,0.8376,8000.0,0.8377,115000.0
1753547080498,16:24:40.498,ADA/USDT:USDT,0.8373,8000.0,0.8372,8000.0,0.8376,8000.0,0.8377,115000.0
1753547080547,16:24:40.547,ADA/USDT:USDT,0.8369,9000.0,0.8368,39000.0,0.8376,8000.0,0.8377,115000.0
1753547080596,16:24:40.596,ADA/USDT:USDT,0.8368,9000.0,0.8367,31000.0,0.8376,8000.0,0.8377,115000.0
1753547080645,16:24:40.645,ADA/USDT:USDT,0.8368,9000.0,0.8367,39000.0,0.8376,8000.0,0.8377,115000.0
1753547080694,16:24:40.694,ADA/USDT:USDT,0.8368,9000.0,0.8367,39000.0,0.8376,8000.0,0.8377,115000.0
1753547080939,16:24:40.939,ADA/USDT:USDT,0.8369,16000.0,0.8368,9000.0,0.8376,8000.0,0.8377,115000.0
1753547080988,16:24:40.988,ADA/USDT:USDT,0.8373,16000.0,0.8372,8000.0,0.8376,8000.0,0.8377,115000.0
1753547081037,16:24:41.037,ADA/USDT:USDT,0.8373,16000.0,0.8372,8000.0,0.8376,8000.0,0.8377,115000.0
1753547081138,16:24:41.138,ADA/USDT:USDT,0.8373,16000.0,0.8372,8000.0,0.8376,8000.0,0.8377,115000.0
1753547081187,16:24:41.187,ADA/USDT:USDT,0.8373,16000.0,0.8372,8000.0,0.8376,8000.0,0.8377,115000.0
1753547081236,16:24:41.236,ADA/USDT:USDT,0.8373,16000.0,0.8372,8000.0,0.8376,8000.0,0.8377,115000.0
1753547081329,16:24:41.329,ADA/USDT:USDT,0.8373,24000.0,0.8372,8000.0,0.8376,8000.0,0.8377,115000.0
1753547081379,16:24:41.379,ADA/USDT:USDT,0.8375,16000.0,0.8373,93000.0,0.8377,115000.0,0.8378,9000.0
1753547081428,16:24:41.428,ADA/USDT:USDT,0.8375,16000.0,0.8374,8000.0,0.8377,115000.0,0.8378,9000.0
1753547081482,16:24:41.482,ADA/USDT:USDT,0.8375,16000.0,0.8374,8000.0,0.8377,115000.0,0.8378,9000.0
1753547081546,16:24:41.546,ADA/USDT:USDT,0.8375,16000.0,0.8374,8000.0,0.8377,115000.0,0.8378,9000.0
1753547081596,16:24:41.596,ADA/USDT:USDT,0.8375,16000.0,0.8374,8000.0,0.8377,115000.0,0.8378,9000.0
1753547082119,16:24:42.119,ADA/USDT:USDT,0.8375,16000.0,0.8374,8000.0,0.8377,115000.0,0.8378,9000.0
1753547082168,16:24:42.168,ADA/USDT:USDT,0.8375,16000.0,0.8374,8000.0,0.8377,115000.0,0.8378,9000.0
1753547082357,16:24:42.357,ADA/USDT:USDT,0.8375,16000.0,0.8374,8000.0,0.8377,115000.0,0.8378,9000.0
1753547082407,16:24:42.407,ADA/USDT:USDT,0.8375,16000.0,0.8374,8000.0,0.8377,115000.0,0.8378,9000.0
1753547082456,16:24:42.456,ADA/USDT:USDT,0.8375,16000.0,0.8374,8000.0,0.8377,115000.0,0.8378,9000.0
1753547082505,16:24:42.505,ADA/USDT:USDT,0.8376,16000.0,0.8375,16000.0,0.8377,115000.0,0.8378,9000.0
1753547082555,16:24:42.555,ADA/USDT:USDT,0.8376,16000.0,0.8374,8000.0,0.8377,115000.0,0.8378,9000.0
1753547082604,16:24:42.604,ADA/USDT:USDT,0.8376,16000.0,0.8374,93000.0,0.8377,115000.0,0.8378,9000.0
1753547082653,16:24:42.653,ADA/USDT:USDT,0.8376,16000.0,0.8374,93000.0,0.8377,115000.0,0.8378,9000.0
1753547082702,16:24:42.702,ADA/USDT:USDT,0.8376,16000.0,0.8375,8000.0,0.8377,115000.0,0.8378,9000.0
1753547082889,16:24:42.889,ADA/USDT:USDT,0.8376,16000.0,0.8374,93000.0,0.8377,115000.0,0.8378,9000.0
1753547082955,16:24:42.955,ADA/USDT:USDT,0.8376,16000.0,0.8374,93000.0,0.8377,115000.0,0.8378,9000.0
1753547083004,16:24:43.004,ADA/USDT:USDT,0.8376,16000.0,0.8374,93000.0,0.8377,115000.0,0.8378,9000.0
1753547083085,16:24:43.085,ADA/USDT:USDT,0.8374,93000.0,0.8373,8000.0,0.8377,115000.0,0.8378,9000.0
1753547083135,16:24:43.135,ADA/USDT:USDT,0.8374,41000.0,0.8373,8000.0,0.8377,115000.0,0.8378,9000.0
1753547083135,16:24:43.135,ADA/USDT:USDT,0.8374,41000.0,0.8373,8000.0,0.8377,115000.0,0.8378,9000.0
1753547083214,16:24:43.214,ADA/USDT:USDT,0.8374,41000.0,0.8373,8000.0,0.8377,115000.0,0.8378,9000.0
1753547083370,16:24:43.370,ADA/USDT:USDT,0.8374,41000.0,0.8373,8000.0,0.8377,115000.0,0.8378,9000.0
1753547083480,16:24:43.480,ADA/USDT:USDT,0.8374,41000.0,0.8373,8000.0,0.8377,115000.0,0.8378,9000.0
1753547084587,16:24:44.587,ADA/USDT:USDT,0.8374,41000.0,0.8373,8000.0,0.8377,115000.0,0.8378,9000.0
1753547084637,16:24:44.637,ADA/USDT:USDT,0.8374,41000.0,0.8373,8000.0,0.8377,115000.0,0.8378,9000.0
1753547085348,16:24:45.348,ADA/USDT:USDT,0.8374,41000.0,0.8373,8000.0,0.8377,115000.0,0.8378,9000.0
1753547085397,16:24:45.397,ADA/USDT:USDT,0.8375,16000.0,0.8374,41000.0,0.8377,115000.0,0.8378,9000.0
1753547085446,16:24:45.446,ADA/USDT:USDT,0.8374,93000.0,0.8373,8000.0,0.8377,115000.0,0.8378,9000.0
1753547085495,16:24:45.495,ADA/USDT:USDT,0.8374,41000.0,0.8373,8000.0,0.8377,115000.0,0.8378,9000.0
1753547085562,16:24:45.562,ADA/USDT:USDT,0.8374,41000.0,0.8373,8000.0,0.8377,115000.0,0.8378,9000.0
1753547085612,16:24:45.612,ADA/USDT:USDT,0.8376,16000.0,0.8373,8000.0,0.8377,115000.0,0.8378,9000.0
1753547085661,16:24:45.661,ADA/USDT:USDT,0.8376,16000.0,0.8374,85000.0,0.8377,115000.0,0.8378,9000.0
1753547085710,16:24:45.710,ADA/USDT:USDT,0.8374,33000.0,0.8373,8000.0,0.8377,115000.0,0.8378,9000.0
1753547086043,16:24:46.043,ADA/USDT:USDT,0.8375,16000.0,0.8374,33000.0,0.8377,115000.0,0.8378,9000.0
1753547086092,16:24:46.092,ADA/USDT:USDT,0.8376,16000.0,0.8374,85000.0,0.8377,115000.0,0.8378,9000.0
1753547086141,16:24:46.141,ADA/USDT:USDT,0.8376,16000.0,0.8374,85000.0,0.8377,115000.0,0.8378,9000.0
1753547086330,16:24:46.330,ADA/USDT:USDT,0.8374,85000.0,0.8373,8000.0,0.8377,115000.0,0.8378,9000.0
1753547086379,16:24:46.379,ADA/USDT:USDT,0.8376,16000.0,0.8373,8000.0,0.8377,115000.0,0.8378,9000.0
1753547086428,16:24:46.428,ADA/USDT:USDT,0.8376,16000.0,0.8374,85000.0,0.8377,115000.0,0.8378,9000.0
1753547087143,16:24:47.143,ADA/USDT:USDT,0.8374,85000.0,0.8373,8000.0,0.8377,115000.0,0.8378,9000.0
1753547087193,16:24:47.193,ADA/USDT:USDT,0.8374,33000.0,0.8373,8000.0,0.8377,115000.0,0.8378,9000.0
1753547087242,16:24:47.242,ADA/USDT:USDT,0.8374,33000.0,0.8373,8000.0,0.8377,115000.0,0.8378,9000.0
1753547087378,16:24:47.378,ADA/USDT:USDT,0.8375,16000.0,0.8374,33000.0,0.8377,115000.0,0.8378,9000.0
1753547087427,16:24:47.427,ADA/USDT:USDT,0.8373,8000.0,0.8372,85000.0,0.8377,115000.0,0.8378,9000.0
1753547087427,16:24:47.427,ADA/USDT:USDT,0.8376,16000.0,0.8373,8000.0,0.8377,115000.0,0.8378,9000.0
1753547087476,16:24:47.476,ADA/USDT:USDT,0.8376,16000.0,0.8374,85000.0,0.8377,115000.0,0.8378,9000.0
1753547087525,16:24:47.525,ADA/USDT:USDT,0.8376,16000.0,0.8374,85000.0,0.8377,115000.0,0.8378,9000.0
1753547087574,16:24:47.574,ADA/USDT:USDT,0.8374,33000.0,0.8373,8000.0,0.8377,115000.0,0.8378,9000.0
1753547087694,16:24:47.694,ADA/USDT:USDT,0.8374,33000.0,0.8373,8000.0,0.8376,8000.0,0.8377,115000.0
1753547087744,16:24:47.744,ADA/USDT:USDT,0.8375,16000.0,0.8374,33000.0,0.8377,115000.0,0.8378,9000.0
1753547087793,16:24:47.793,ADA/USDT:USDT,0.8375,16000.0,0.8373,93000.0,0.8377,115000.0,0.8378,9000.0
1753547087842,16:24:47.842,ADA/USDT:USDT,0.8374,16000.0,0.8373,8000.0,0.8376,8000.0,0.8377,115000.0
1753547087891,16:24:47.891,ADA/USDT:USDT,0.8375,16000.0,0.8373,8000.0,0.8377,115000.0,0.8378,9000.0
1753547087940,16:24:47.940,ADA/USDT:USDT,0.8375,16000.0,0.8373,93000.0,0.8377,115000.0,0.8378,9000.0
1753547088031,16:24:48.031,ADA/USDT:USDT,0.8375,16000.0,0.8373,93000.0,0.8377,115000.0,0.8378,9000.0
1753547088263,16:24:48.263,ADA/USDT:USDT,0.8375,16000.0,0.8374,8000.0,0.8377,115000.0,0.8378,9000.0
1753547088312,16:24:48.312,ADA/USDT:USDT,0.8375,16000.0,0.8374,8000.0,0.8377,115000.0,0.8378,9000.0
1753547088522,16:24:48.522,ADA/USDT:USDT,0.8376,16000.0,0.8375,16000.0,0.8377,115000.0,0.8378,9000.0
1753547088571,16:24:48.571,ADA/USDT:USDT,0.8376,16000.0,0.8374,8000.0,0.8377,115000.0,0.8379,416000.0
1753547088620,16:24:48.620,ADA/USDT:USDT,0.8376,16000.0,0.8375,8000.0,0.8377,115000.0,0.8379,416000.0
1753547088872,16:24:48.872,ADA/USDT:USDT,0.8376,16000.0,0.8375,8000.0,0.8377,115000.0,0.8378,8000.0
1753547088979,16:24:48.979,ADA/USDT:USDT,0.8376,16000.0,0.8374,93000.0,0.8377,115000.0,0.8378,8000.0
1753547089137,16:24:49.137,ADA/USDT:USDT,0.8374,93000.0,0.8373,8000.0,0.8377,115000.0,0.8378,8000.0
1753547089187,16:24:49.187,ADA/USDT:USDT,0.8375,16000.0,0.8374,8000.0,0.8377,115000.0,0.8378,8000.0
1753547089387,16:24:49.387,ADA/USDT:USDT,0.8375,16000.0,0.8374,8000.0,0.8377,115000.0,0.8378,8000.0
1753547089437,16:24:49.437,ADA/USDT:USDT,0.8375,16000.0,0.8374,8000.0,0.8377,115000.0,0.8378,8000.0
1753547090335,16:24:50.335,ADA/USDT:USDT,0.8375,16000.0,0.8374,8000.0,0.8377,115000.0,0.8378,8000.0
1753547090385,16:24:50.385,ADA/USDT:USDT,0.8376,16000.0,0.8375,8000.0,0.8377,115000.0,0.8379,408000.0
1753547090434,16:24:50.434,ADA/USDT:USDT,0.8376,16000.0,0.8375,8000.0,0.8377,115000.0,0.8379,408000.0
1753547090483,16:24:50.483,ADA/USDT:USDT,0.8376,16000.0,0.8375,8000.0,0.8377,115000.0,0.8379,408000.0
1753547090532,16:24:50.532,ADA/USDT:USDT,0.8376,16000.0,0.8375,8000.0,0.8377,115000.0,0.8379,408000.0
1753547090581,16:24:50.581,ADA/USDT:USDT,0.8376,16000.0,0.8375,8000.0,0.8377,115000.0,0.8379,408000.0
1753547090630,16:24:50.630,ADA/USDT:USDT,0.8376,16000.0,0.8375,8000.0,0.8377,115000.0,0.838,8000.0
1753547090679,16:24:50.679,ADA/USDT:USDT,0.8376,16000.0,0.8375,8000.0,0.8377,115000.0,0.838,8000.0
1753547090728,16:24:50.728,ADA/USDT:USDT,0.8376,16000.0,0.8375,8000.0,0.8377,115000.0,0.838,8000.0
1753547090777,16:24:50.777,ADA/USDT:USDT,0.8376,16000.0,0.8375,8000.0,0.8377,115000.0,0.838,8000.0
1753547090826,16:24:50.826,ADA/USDT:USDT,0.8376,16000.0,0.8375,8000.0,0.8377,115000.0,0.838,8000.0
1753547090875,16:24:50.875,ADA/USDT:USDT,0.8376,16000.0,0.8375,8000.0,0.8377,115000.0,0.838,8000.0
1753547092425,16:24:52.425,ADA/USDT:USDT,0.8376,16000.0,0.8375,8000.0,0.8377,115000.0,0.838,8000.0
1753547092475,16:24:52.475,ADA/USDT:USDT,0.8376,16000.0,0.8375,8000.0,0.8377,115000.0,0.838,8000.0
1753547092524,16:24:52.524,ADA/USDT:USDT,0.8376,16000.0,0.8375,8000.0,0.8377,115000.0,0.838,8000.0
1753547092780,16:24:52.780,ADA/USDT:USDT,0.8376,16000.0,0.8375,8000.0,0.8377,115000.0,0.838,8000.0
1753547092830,16:24:52.830,ADA/USDT:USDT,0.8376,16000.0,0.8375,8000.0,0.8377,115000.0,0.838,8000.0
1753547092879,16:24:52.879,ADA/USDT:USDT,0.8376,16000.0,0.8375,8000.0,0.8377,115000.0,0.838,8000.0
1753547093680,16:24:53.680,ADA/USDT:USDT,0.8376,16000.0,0.8375,8000.0,0.8377,115000.0,0.838,8000.0
1753547094058,16:24:54.058,ADA/USDT:USDT,0.8375,8000.0,0.8374,93000.0,0.8377,115000.0,0.838,8000.0
1753547094108,16:24:54.108,ADA/USDT:USDT,0.8373,8000.0,0.8371,93000.0,0.8377,115000.0,0.838,8000.0
1753547094188,16:24:54.188,ADA/USDT:USDT,0.8373,8000.0,0.8371,93000.0,0.8377,115000.0,0.838,8000.0
1753547094237,16:24:54.237,ADA/USDT:USDT,0.8373,8000.0,0.8371,93000.0,0.8377,115000.0,0.838,8000.0
1753547095270,16:24:55.270,ADA/USDT:USDT,0.8373,8000.0,0.8371,93000.0,0.8377,115000.0,0.838,8000.0
1753547095539,16:24:55.539,ADA/USDT:USDT,0.8373,8000.0,0.8371,93000.0,0.8377,115000.0,0.838,8000.0
1753547096536,16:24:56.536,ADA/USDT:USDT,0.8373,8000.0,0.8371,93000.0,0.8377,115000.0,0.838,8000.0
1753547097480,16:24:57.480,ADA/USDT:USDT,0.8373,8000.0,0.8371,93000.0,0.8377,115000.0,0.838,8000.0
1753547097530,16:24:57.530,ADA/USDT:USDT,0.8374,16000.0,0.8373,8000.0,0.8377,115000.0,0.838,8000.0
1753547097628,16:24:57.628,ADA/USDT:USDT,0.8376,16000.0,0.8374,85000.0,0.8377,115000.0,0.838,8000.0
