timestamp,time,exchange,symbol,bid1_price,bid1_volume,bid2_price,bid2_volume,ask1_price,ask1_volume,ask2_price,ask2_volume
1753591881116,04:51:21.116,bitget,1INCH/USDT:USDT,0.2849,2000.7,0.2848,57134.0,0.285,9597.4,0.2851,51775.3
1753591882617,04:51:22.617,bitget,1INCH/USDT:USDT,0.2849,7444.4,0.2848,57134.0,0.285,9597.4,0.2851,46331.6
1753591882767,04:51:22.767,bitget,1INCH/USDT:USDT,0.2849,2000.7,0.2848,57134.0,0.285,9597.4,0.2851,46331.6
1753591882917,04:51:22.917,bitget,1INCH/USDT:USDT,0.2849,2000.7,0.2848,57134.0,0.285,9597.4,0.2851,46331.6
1753591883367,04:51:23.367,bitget,1INCH/USDT:USDT,0.2849,323.5,0.2848,57134.0,0.285,9597.4,0.2851,46331.6
1753591883517,04:51:23.517,bitget,1INCH/USDT:USDT,0.2849,323.5,0.2848,57134.0,0.285,9597.4,0.2851,46331.6
1753591883667,04:51:23.667,bitget,1INCH/USDT:USDT,0.2849,323.5,0.2848,57134.0,0.285,9597.4,0.2851,46331.6
1753591883818,04:51:23.818,bitget,1INCH/USDT:USDT,0.2849,323.5,0.2848,57134.0,0.285,9597.4,0.2851,46331.6
1753591883968,04:51:23.968,bitget,1INCH/USDT:USDT,0.2849,323.5,0.2848,57134.0,0.285,9597.4,0.2851,46331.6
1753591884118,04:51:24.118,bitget,1INCH/USDT:USDT,0.2849,323.5,0.2848,57134.0,0.285,9597.4,0.2851,46331.6
1753591884268,04:51:24.268,bitget,1INCH/USDT:USDT,0.2849,323.5,0.2848,57134.0,0.285,9597.4,0.2851,46331.6
1753591884418,04:51:24.418,bitget,1INCH/USDT:USDT,0.2849,323.5,0.2848,57134.0,0.285,9597.4,0.2851,46331.6
1753591885168,04:51:25.168,bitget,1INCH/USDT:USDT,0.2849,1677.2,0.2848,57130.8,0.285,9597.4,0.2851,46331.6
1753591885318,04:51:25.318,bitget,1INCH/USDT:USDT,0.2848,57130.8,0.2847,99494.2,0.285,9971.9,0.2851,46331.6
1753591885468,04:51:25.468,bitget,1INCH/USDT:USDT,0.2848,47416.9,0.2847,99494.2,0.2849,1591.6,0.285,9597.4
1753591885769,04:51:25.769,bitget,1INCH/USDT:USDT,0.2848,20522.0,0.2847,46041.5,0.2849,1591.6,0.285,17190.0
1753591885919,04:51:25.919,bitget,1INCH/USDT:USDT,0.2848,21202.1,0.2847,46041.5,0.2849,1591.6,0.285,17190.0
1753591886369,04:51:26.369,bitget,1INCH/USDT:USDT,0.2848,20978.5,0.2847,63666.9,0.2849,1909.1,0.285,17190.0
1753591886669,04:51:26.669,bitget,1INCH/USDT:USDT,0.2848,21155.8,0.2847,63666.9,0.2849,8909.1,0.285,17190.0
1753591886819,04:51:26.819,bitget,1INCH/USDT:USDT,0.2848,21155.8,0.2847,63666.9,0.2849,8909.1,0.285,17190.0
1753591887420,04:51:27.420,bitget,1INCH/USDT:USDT,0.2848,21155.8,0.2847,63666.9,0.2849,8909.1,0.285,17190.0
1753591887570,04:51:27.570,bitget,1INCH/USDT:USDT,0.2848,21155.8,0.2847,63666.9,0.2849,8909.1,0.285,17190.0
1753591887870,04:51:27.870,bitget,1INCH/USDT:USDT,0.2848,21155.8,0.2847,63666.9,0.2849,8909.1,0.285,17190.0
1753591888620,04:51:28.620,bitget,1INCH/USDT:USDT,0.2848,14155.8,0.2847,63666.9,0.2849,8909.1,0.285,17190.0
1753591888770,04:51:28.770,bitget,1INCH/USDT:USDT,0.2848,14155.8,0.2847,63666.9,0.2849,8909.1,0.285,17190.0
1753591889071,04:51:29.071,bitget,1INCH/USDT:USDT,0.2848,14155.8,0.2847,63666.9,0.2849,8909.1,0.285,17190.0
1753591889371,04:51:29.371,bitget,1INCH/USDT:USDT,0.2848,14155.8,0.2847,63666.9,0.2849,8909.1,0.285,17190.0
1753591889671,04:51:29.671,bitget,1INCH/USDT:USDT,0.2848,14155.8,0.2847,63666.9,0.2849,8909.1,0.285,17190.0
1753591889821,04:51:29.821,bitget,1INCH/USDT:USDT,0.2848,14155.8,0.2847,63666.9,0.2849,8909.1,0.285,17190.0
1753591889971,04:51:29.971,bitget,1INCH/USDT:USDT,0.2848,14155.8,0.2847,63666.9,0.2849,8909.1,0.285,17190.0
1753591890121,04:51:30.121,bitget,1INCH/USDT:USDT,0.2848,14155.8,0.2847,63666.9,0.2849,8909.1,0.285,17190.0
1753591890271,04:51:30.271,bitget,1INCH/USDT:USDT,0.2848,14155.8,0.2847,63666.9,0.2849,8909.1,0.285,17190.0
1753591890421,04:51:30.421,bitget,1INCH/USDT:USDT,0.2848,14155.8,0.2847,63666.9,0.2849,8909.1,0.285,17190.0
1753591890571,04:51:30.571,bitget,1INCH/USDT:USDT,0.2848,14155.8,0.2847,63666.9,0.2849,8909.1,0.285,17190.0
1753591890721,04:51:30.721,bitget,1INCH/USDT:USDT,0.2848,14155.8,0.2847,63666.9,0.2849,8909.1,0.285,17190.0
1753591890872,04:51:30.872,bitget,1INCH/USDT:USDT,0.2848,14155.8,0.2847,63666.9,0.2849,8909.1,0.285,17190.0
1753591891022,04:51:31.022,bitget,1INCH/USDT:USDT,0.2848,14155.8,0.2847,63666.9,0.2849,8909.1,0.285,17190.0
1753591891172,04:51:31.172,bitget,1INCH/USDT:USDT,0.2848,14155.8,0.2847,63666.9,0.2849,7000.0,0.285,17190.0
1753591891322,04:51:31.322,bitget,1INCH/USDT:USDT,0.2848,14530.3,0.2847,63666.9,0.2849,7000.0,0.285,17190.0
1753591891472,04:51:31.472,bitget,1INCH/USDT:USDT,0.2848,21530.3,0.2847,63666.9,0.2849,7000.0,0.285,17190.0
1753591891622,04:51:31.622,bitget,1INCH/USDT:USDT,0.2848,33227.5,0.2847,63666.9,0.285,17190.0,0.2851,42062.2
1753591891772,04:51:31.772,bitget,1INCH/USDT:USDT,0.2849,1677.2,0.2848,33227.5,0.285,9071.2,0.2851,51775.5
1753591892072,04:51:32.072,bitget,1INCH/USDT:USDT,0.2849,1994.7,0.2848,42566.7,0.285,9071.2,0.2851,51775.5
1753591892222,04:51:32.222,bitget,1INCH/USDT:USDT,0.2849,1994.7,0.2848,42566.7,0.285,9071.2,0.2851,51775.5
1753591892372,04:51:32.372,bitget,1INCH/USDT:USDT,0.2849,1994.7,0.2848,42566.7,0.285,9071.2,0.2851,51775.5
1753591892522,04:51:32.522,bitget,1INCH/USDT:USDT,0.2849,1994.7,0.2848,42566.7,0.285,9445.7,0.2851,51775.5
1753591892673,04:51:32.673,bitget,1INCH/USDT:USDT,0.2849,1994.7,0.2848,42566.7,0.285,9445.7,0.2851,51775.5
1753591892823,04:51:32.823,bitget,1INCH/USDT:USDT,0.2849,1994.7,0.2848,42566.7,0.285,10542.0,0.2851,51775.5
1753591892973,04:51:32.973,bitget,1INCH/USDT:USDT,0.2849,1994.7,0.2848,42566.7,0.285,10542.0,0.2851,51775.5
1753591893123,04:51:33.123,bitget,1INCH/USDT:USDT,0.2849,1994.7,0.2848,42566.7,0.285,10542.0,0.2851,51775.5
1753591893273,04:51:33.273,bitget,1INCH/USDT:USDT,0.2849,1994.7,0.2848,42566.7,0.285,10542.0,0.2851,51775.5
1753591893423,04:51:33.423,bitget,1INCH/USDT:USDT,0.2849,1994.7,0.2848,42566.7,0.285,10167.5,0.2851,51775.5
1753591893573,04:51:33.573,bitget,1INCH/USDT:USDT,0.2849,1994.7,0.2848,42566.7,0.285,10167.5,0.2851,51775.5
1753591893873,04:51:33.873,bitget,1INCH/USDT:USDT,0.2849,1994.7,0.2848,42566.7,0.285,10167.5,0.2851,51775.5
1753591894323,04:51:34.323,bitget,1INCH/USDT:USDT,0.2849,1994.7,0.2848,42566.7,0.285,10167.5,0.2851,51775.5
1753591894474,04:51:34.474,bitget,1INCH/USDT:USDT,0.2849,1994.7,0.2848,42566.7,0.285,10167.5,0.2851,51775.5
1753591895074,04:51:35.074,bitget,1INCH/USDT:USDT,0.2849,1994.7,0.2848,42566.7,0.285,8950.4,0.2851,51775.5
1753591895224,04:51:35.224,bitget,1INCH/USDT:USDT,0.2849,1994.7,0.2848,42566.7,0.285,8950.4,0.2851,51775.5
1753591895374,04:51:35.374,bitget,1INCH/USDT:USDT,0.2849,1994.7,0.2848,42566.7,0.285,8950.4,0.2851,51775.5
1753591895524,04:51:35.524,bitget,1INCH/USDT:USDT,0.2849,1994.7,0.2848,42566.7,0.285,8950.4,0.2851,51775.5
1753591896124,04:51:36.124,bitget,1INCH/USDT:USDT,0.2849,1994.7,0.2848,42566.7,0.285,8950.4,0.2851,51775.5
1753591897025,04:51:37.025,bitget,1INCH/USDT:USDT,0.2849,1997.9,0.2848,42566.7,0.285,8950.4,0.2851,51775.5
1753591897175,04:51:37.175,bitget,1INCH/USDT:USDT,0.2849,1997.9,0.2848,42566.7,0.285,8950.4,0.2851,51775.5
1753591897775,04:51:37.775,bitget,1INCH/USDT:USDT,0.2849,1997.9,0.2848,42566.7,0.285,8950.4,0.2851,51775.5
1753591897925,04:51:37.925,bitget,1INCH/USDT:USDT,0.2849,1997.9,0.2848,42566.7,0.285,8950.4,0.2851,51775.5
1753591898076,04:51:38.076,bitget,1INCH/USDT:USDT,0.2849,1997.9,0.2848,42566.7,0.285,8950.4,0.2851,51775.5
1753591898226,04:51:38.226,bitget,1INCH/USDT:USDT,0.2849,1997.9,0.2848,42566.7,0.285,8950.4,0.2851,51775.5
1753591898376,04:51:38.376,bitget,1INCH/USDT:USDT,0.2849,1997.9,0.2848,42566.7,0.285,8950.4,0.2851,51775.5
1753591898526,04:51:38.526,bitget,1INCH/USDT:USDT,0.2849,1997.9,0.2848,42566.7,0.285,8950.4,0.2851,51775.5
1753591898676,04:51:38.676,bitget,1INCH/USDT:USDT,0.2849,1997.9,0.2848,42566.7,0.285,8950.4,0.2851,51775.5
1753591898826,04:51:38.826,bitget,1INCH/USDT:USDT,0.2849,1997.9,0.2848,42566.7,0.285,8950.4,0.2851,51775.5
1753591899126,04:51:39.126,bitget,1INCH/USDT:USDT,0.2849,1997.9,0.2848,42566.7,0.285,8950.4,0.2851,51775.5
1753591899576,04:51:39.576,bitget,1INCH/USDT:USDT,0.2849,1997.9,0.2848,42566.7,0.285,8575.9,0.2851,51775.5
1753591899726,04:51:39.726,bitget,1INCH/USDT:USDT,0.2849,1997.9,0.2848,42566.7,0.285,7331.6,0.2851,51775.5
1753591899877,04:51:39.877,bitget,1INCH/USDT:USDT,0.2849,1997.9,0.2848,42566.7,0.285,7000.0,0.2851,51775.5
1753591900027,04:51:40.027,bitget,1INCH/USDT:USDT,0.2849,15390.5,0.2848,42566.7,0.2851,46507.3,0.2852,79923.9
1753591900177,04:51:40.177,bitget,1INCH/USDT:USDT,0.2849,23684.2,0.2848,42566.7,0.2851,37168.5,0.2852,26459.8
1753591900327,04:51:40.327,bitget,1INCH/USDT:USDT,0.2849,23684.2,0.2848,42566.7,0.2851,36794.0,0.2852,26459.8
1753591900477,04:51:40.477,bitget,1INCH/USDT:USDT,0.285,320.7,0.2849,23684.2,0.2851,37168.5,0.2852,26459.8
1753591900627,04:51:40.627,bitget,1INCH/USDT:USDT,0.285,320.7,0.2849,31719.5,0.2851,34533.7,0.2852,45125.6
1753591900777,04:51:40.777,bitget,1INCH/USDT:USDT,0.285,320.7,0.2849,46841.4,0.2851,34533.7,0.2852,45125.6
1753591900927,04:51:40.927,bitget,1INCH/USDT:USDT,0.285,320.7,0.2849,46921.5,0.2851,34159.2,0.2852,45125.6
1753591901077,04:51:41.077,bitget,1INCH/USDT:USDT,0.285,320.7,0.2849,44340.2,0.2851,34159.2,0.2852,45125.6
1753591901227,04:51:41.227,bitget,1INCH/USDT:USDT,0.285,320.7,0.2849,44340.2,0.2851,35427.7,0.2852,45125.6
1753591901377,04:51:41.377,bitget,1INCH/USDT:USDT,0.285,1997.9,0.2849,44340.2,0.2851,10033.8,0.2852,63254.1
1753591901527,04:51:41.527,bitget,1INCH/USDT:USDT,0.285,1997.9,0.2849,44918.9,0.2851,11196.7,0.2852,63254.1
1753591901678,04:51:41.678,bitget,1INCH/USDT:USDT,0.285,1997.9,0.2849,31404.5,0.2851,11196.7,0.2852,63254.1
1753591901828,04:51:41.828,bitget,1INCH/USDT:USDT,0.285,1997.9,0.2849,31404.5,0.2851,11196.7,0.2852,63254.1
1753591902128,04:51:42.128,bitget,1INCH/USDT:USDT,0.285,1997.9,0.2849,31404.5,0.2851,11196.7,0.2852,63254.1
1753591902278,04:51:42.278,bitget,1INCH/USDT:USDT,0.285,1997.9,0.2849,52289.3,0.2851,11196.7,0.2852,63254.1
1753591902428,04:51:42.428,bitget,1INCH/USDT:USDT,0.285,1997.9,0.2849,52289.3,0.2851,11196.7,0.2852,63254.1
1753591902578,04:51:42.578,bitget,1INCH/USDT:USDT,0.285,1997.9,0.2849,52289.3,0.2851,11196.7,0.2852,63254.1
1753591902728,04:51:42.728,bitget,1INCH/USDT:USDT,0.285,1997.9,0.2849,52289.3,0.2851,11196.7,0.2852,63254.1
1753591902878,04:51:42.878,bitget,1INCH/USDT:USDT,0.285,1997.9,0.2849,52289.3,0.2851,11196.7,0.2852,63254.1
1753591903028,04:51:43.028,bitget,1INCH/USDT:USDT,0.285,1997.9,0.2849,52289.3,0.2851,11196.7,0.2852,63254.1
1753591903178,04:51:43.178,bitget,1INCH/USDT:USDT,0.285,1997.9,0.2849,52289.3,0.2851,11196.7,0.2852,63254.1
1753591903328,04:51:43.328,bitget,1INCH/USDT:USDT,0.285,1997.9,0.2849,52289.3,0.2851,11196.7,0.2852,63254.1
1753591903478,04:51:43.478,bitget,1INCH/USDT:USDT,0.285,1997.9,0.2849,52289.3,0.2851,11196.7,0.2852,63254.1
1753591903629,04:51:43.629,bitget,1INCH/USDT:USDT,0.285,1997.9,0.2849,52289.3,0.2851,11196.7,0.2852,63254.1
1753591903779,04:51:43.779,bitget,1INCH/USDT:USDT,0.285,1997.9,0.2849,52289.3,0.2851,11196.7,0.2852,63254.1
1753591903929,04:51:43.929,bitget,1INCH/USDT:USDT,0.285,1997.9,0.2849,52289.3,0.2851,11196.7,0.2852,63254.1
1753591904079,04:51:44.079,bitget,1INCH/USDT:USDT,0.285,1997.9,0.2849,52289.3,0.2851,11196.7,0.2852,63254.1
1753591904229,04:51:44.229,bitget,1INCH/USDT:USDT,0.285,1997.9,0.2849,52289.3,0.2851,11196.7,0.2852,63254.1
1753591904379,04:51:44.379,bitget,1INCH/USDT:USDT,0.285,1997.9,0.2849,52289.3,0.2851,11196.7,0.2852,63254.1
1753591904529,04:51:44.529,bitget,1INCH/USDT:USDT,0.285,1997.9,0.2849,52289.3,0.2851,11196.7,0.2852,63254.1
1753591904829,04:51:44.829,bitget,1INCH/USDT:USDT,0.285,1997.9,0.2849,52289.3,0.2851,11196.7,0.2852,63254.1
1753591904979,04:51:44.979,bitget,1INCH/USDT:USDT,0.285,1997.9,0.2849,52289.3,0.2851,11196.7,0.2852,63254.1
1753591905129,04:51:45.129,bitget,1INCH/USDT:USDT,0.285,1997.9,0.2849,52289.3,0.2851,11196.7,0.2852,63254.1
1753591905279,04:51:45.279,bitget,1INCH/USDT:USDT,0.285,1997.9,0.2849,52289.3,0.2851,11196.7,0.2852,63254.1
1753591905430,04:51:45.430,bitget,1INCH/USDT:USDT,0.285,1997.9,0.2849,52289.3,0.2851,11196.7,0.2852,63254.1
1753591905580,04:51:45.580,bitget,1INCH/USDT:USDT,0.285,1997.9,0.2849,52289.3,0.2851,11196.7,0.2852,63254.1
1753591905730,04:51:45.730,bitget,1INCH/USDT:USDT,0.285,1997.9,0.2849,52289.3,0.2851,11196.7,0.2852,63254.1
1753591905880,04:51:45.880,bitget,1INCH/USDT:USDT,0.285,1997.9,0.2849,52289.3,0.2851,11196.7,0.2852,63254.1
1753591906030,04:51:46.030,bitget,1INCH/USDT:USDT,0.285,1997.9,0.2849,52289.3,0.2851,11196.7,0.2852,63254.1
1753591906180,04:51:46.180,bitget,1INCH/USDT:USDT,0.285,1997.9,0.2849,52289.3,0.2851,11196.7,0.2852,63254.1
1753591906330,04:51:46.330,bitget,1INCH/USDT:USDT,0.285,1997.9,0.2849,52289.3,0.2851,11196.7,0.2852,63254.1
1753591906480,04:51:46.480,bitget,1INCH/USDT:USDT,0.285,1997.9,0.2849,52289.3,0.2851,11196.7,0.2852,63254.1
1753591906630,04:51:46.630,bitget,1INCH/USDT:USDT,0.285,1997.9,0.2849,52289.3,0.2851,11021.2,0.2852,63254.1
1753591906780,04:51:46.780,bitget,1INCH/USDT:USDT,0.285,1997.9,0.2849,52289.3,0.2851,11021.2,0.2852,63254.1
1753591906930,04:51:46.930,bitget,1INCH/USDT:USDT,0.285,1997.9,0.2849,52289.3,0.2851,11021.2,0.2852,63254.1
1753591907080,04:51:47.080,bitget,1INCH/USDT:USDT,0.285,1997.9,0.2849,52289.3,0.2851,11021.2,0.2852,63254.1
1753591907231,04:51:47.231,bitget,1INCH/USDT:USDT,0.285,1997.9,0.2849,52289.3,0.2851,11021.2,0.2852,63254.1
1753591907381,04:51:47.381,bitget,1INCH/USDT:USDT,0.285,1997.9,0.2849,52289.3,0.2851,11021.2,0.2852,63254.1
1753591907531,04:51:47.531,bitget,1INCH/USDT:USDT,0.285,1997.9,0.2849,52289.3,0.2851,11021.2,0.2852,63254.1
1753591907681,04:51:47.681,bitget,1INCH/USDT:USDT,0.285,1997.9,0.2849,52289.3,0.2851,11021.2,0.2852,63254.1
1753591907831,04:51:47.831,bitget,1INCH/USDT:USDT,0.285,1997.9,0.2849,52289.3,0.2851,11021.2,0.2852,63254.1
1753591907981,04:51:47.981,bitget,1INCH/USDT:USDT,0.285,1997.9,0.2849,52289.3,0.2851,11021.2,0.2852,63254.1
1753591908131,04:51:48.131,bitget,1INCH/USDT:USDT,0.285,1997.9,0.2849,52289.3,0.2851,11021.2,0.2852,63254.1
1753591908281,04:51:48.281,bitget,1INCH/USDT:USDT,0.285,1997.9,0.2849,52289.3,0.2851,11021.2,0.2852,63254.1
1753591908431,04:51:48.431,bitget,1INCH/USDT:USDT,0.285,1997.9,0.2849,52289.3,0.2851,11021.2,0.2852,63254.1
1753591908581,04:51:48.581,bitget,1INCH/USDT:USDT,0.285,1997.9,0.2849,52289.3,0.2851,11021.2,0.2852,63254.1
1753591908731,04:51:48.731,bitget,1INCH/USDT:USDT,0.285,1997.9,0.2849,52289.3,0.2851,11021.2,0.2852,63254.1
1753591909032,04:51:49.032,bitget,1INCH/USDT:USDT,0.285,1997.9,0.2849,52289.3,0.2851,11021.2,0.2852,63254.1
1753591909182,04:51:49.182,bitget,1INCH/USDT:USDT,0.285,1997.9,0.2849,52289.3,0.2851,11021.2,0.2852,63254.1
1753591909332,04:51:49.332,bitget,1INCH/USDT:USDT,0.285,1997.9,0.2849,52289.3,0.2851,11021.2,0.2852,63254.1
1753591909482,04:51:49.482,bitget,1INCH/USDT:USDT,0.285,7441.6,0.2849,52289.3,0.2851,11021.2,0.2852,57810.4
1753591909632,04:51:49.632,bitget,1INCH/USDT:USDT,0.285,7441.6,0.2849,52289.3,0.2851,11021.2,0.2852,57810.4
1753591909782,04:51:49.782,bitget,1INCH/USDT:USDT,0.285,1997.9,0.2849,52289.3,0.2851,11021.2,0.2852,63254.1
1753591910082,04:51:50.082,bitget,1INCH/USDT:USDT,0.285,1997.9,0.2849,52289.3,0.2851,11021.2,0.2852,44588.3
1753591910232,04:51:50.232,bitget,1INCH/USDT:USDT,0.285,1997.9,0.2849,52289.3,0.2851,11021.2,0.2852,44588.3
1753591910382,04:51:50.382,bitget,1INCH/USDT:USDT,0.285,1997.9,0.2849,52289.3,0.2851,11021.2,0.2852,44588.3
1753591910532,04:51:50.532,bitget,1INCH/USDT:USDT,0.285,1997.9,0.2849,52289.3,0.2851,11021.2,0.2852,44588.3
1753591910682,04:51:50.682,bitget,1INCH/USDT:USDT,0.285,1997.9,0.2849,52289.3,0.2851,11021.2,0.2852,44588.3
1753591910832,04:51:50.832,bitget,1INCH/USDT:USDT,0.285,1997.9,0.2849,52289.3,0.2851,11021.2,0.2852,44588.3
1753591910983,04:51:50.983,bitget,1INCH/USDT:USDT,0.285,1997.9,0.2849,52289.3,0.2851,11021.2,0.2852,44588.3
1753591911133,04:51:51.133,bitget,1INCH/USDT:USDT,0.285,1997.9,0.2849,52289.3,0.2851,11021.2,0.2852,44588.3
1753591911283,04:51:51.283,bitget,1INCH/USDT:USDT,0.285,1997.9,0.2849,52289.3,0.2851,11021.2,0.2852,44588.3
1753591911433,04:51:51.433,bitget,1INCH/USDT:USDT,0.285,1997.9,0.2849,52289.3,0.2851,11021.2,0.2852,44588.3
1753591911583,04:51:51.583,bitget,1INCH/USDT:USDT,0.285,1997.9,0.2849,52289.3,0.2851,11021.2,0.2852,44588.3
1753591911733,04:51:51.733,bitget,1INCH/USDT:USDT,0.285,1677.2,0.2849,52289.3,0.2851,11196.6,0.2852,44588.3
1753591912033,04:51:52.033,bitget,1INCH/USDT:USDT,0.2849,18176.2,0.2848,26961.3,0.285,9387.4,0.2851,8762.3
1753591912183,04:51:52.183,bitget,1INCH/USDT:USDT,0.2849,23091.0,0.2848,26961.3,0.2851,17204.4,0.2852,34877.5
1753591912333,04:51:52.333,bitget,1INCH/USDT:USDT,0.285,2005.0,0.2849,28960.9,0.2851,7493.8,0.2852,44591.8
1753591912483,04:51:52.483,bitget,1INCH/USDT:USDT,0.285,2005.0,0.2849,54745.8,0.2851,7493.8,0.2852,44591.8
1753591912633,04:51:52.633,bitget,1INCH/USDT:USDT,0.285,2005.0,0.2849,54745.8,0.2851,10012.4,0.2852,44591.8
1753591912784,04:51:52.784,bitget,1INCH/USDT:USDT,0.285,2005.0,0.2849,51832.0,0.2851,10012.4,0.2852,44591.8
1753591912934,04:51:52.934,bitget,1INCH/USDT:USDT,0.285,2005.0,0.2849,51832.0,0.2851,11273.6,0.2852,44591.8
1753591913234,04:51:53.234,bitget,1INCH/USDT:USDT,0.285,2005.0,0.2849,51832.0,0.2851,11273.6,0.2852,44591.8
1753591913384,04:51:53.384,bitget,1INCH/USDT:USDT,0.285,2005.0,0.2849,51832.0,0.2851,11273.6,0.2852,44591.8
1753591913534,04:51:53.534,bitget,1INCH/USDT:USDT,0.285,2005.0,0.2849,51832.0,0.2851,11273.6,0.2852,44591.8
1753591913684,04:51:53.684,bitget,1INCH/USDT:USDT,0.285,2005.0,0.2849,51832.0,0.2851,11273.6,0.2852,44591.8
1753591913834,04:51:53.834,bitget,1INCH/USDT:USDT,0.285,2005.0,0.2849,51832.0,0.2851,11273.6,0.2852,44591.8
1753591913984,04:51:53.984,bitget,1INCH/USDT:USDT,0.285,2005.0,0.2849,51832.0,0.2851,11273.6,0.2852,44591.8
1753591914134,04:51:54.134,bitget,1INCH/USDT:USDT,0.285,2005.0,0.2849,51832.0,0.2851,11273.6,0.2852,44591.8
1753591914284,04:51:54.284,bitget,1INCH/USDT:USDT,0.285,2005.0,0.2849,51832.0,0.2851,11273.6,0.2852,44591.8
1753591914434,04:51:54.434,bitget,1INCH/USDT:USDT,0.285,2005.0,0.2849,51832.0,0.2851,11273.6,0.2852,44591.8
1753591914585,04:51:54.585,bitget,1INCH/USDT:USDT,0.285,2005.0,0.2849,51832.0,0.2851,11273.6,0.2852,44591.8
1753591914735,04:51:54.735,bitget,1INCH/USDT:USDT,0.285,327.8,0.2849,51832.0,0.2851,11648.1,0.2852,44591.8
1753591914885,04:51:54.885,bitget,1INCH/USDT:USDT,0.285,327.8,0.2849,70456.6,0.2851,11648.1,0.2852,44591.8
1753591915335,04:51:55.335,bitget,1INCH/USDT:USDT,0.285,327.8,0.2849,70456.6,0.2851,11273.6,0.2852,44591.8
1753591915485,04:51:55.485,bitget,1INCH/USDT:USDT,0.285,327.8,0.2849,70456.6,0.2851,11273.6,0.2852,44591.8
1753591915785,04:51:55.785,bitget,1INCH/USDT:USDT,0.285,327.8,0.2849,70456.6,0.2851,11273.6,0.2852,44591.8
1753591916085,04:51:56.085,bitget,1INCH/USDT:USDT,0.285,327.8,0.2849,70456.6,0.2851,11273.6,0.2852,44591.8
1753591916235,04:51:56.235,bitget,1INCH/USDT:USDT,0.285,327.8,0.2849,70456.6,0.2851,11273.6,0.2852,44591.8
1753591916386,04:51:56.386,bitget,1INCH/USDT:USDT,0.285,327.8,0.2849,70456.6,0.2851,11273.6,0.2852,44591.8
1753591916536,04:51:56.536,bitget,1INCH/USDT:USDT,0.285,327.8,0.2849,70456.6,0.2851,11273.6,0.2852,44591.8
1753591916686,04:51:56.686,bitget,1INCH/USDT:USDT,0.285,327.8,0.2849,70456.6,0.2851,11273.6,0.2852,44591.8
1753591916836,04:51:56.836,bitget,1INCH/USDT:USDT,0.285,327.8,0.2849,70456.6,0.2851,11273.6,0.2852,44591.8
1753591916986,04:51:56.986,bitget,1INCH/USDT:USDT,0.285,327.8,0.2849,51832.0,0.2851,11273.6,0.2852,44591.8
1753591917136,04:51:57.136,bitget,1INCH/USDT:USDT,0.285,327.8,0.2849,51832.0,0.2851,11273.6,0.2852,44591.8
1753591917286,04:51:57.286,bitget,1INCH/USDT:USDT,0.285,327.8,0.2849,51832.0,0.2851,11273.6,0.2852,44591.8
1753591917436,04:51:57.436,bitget,1INCH/USDT:USDT,0.285,327.8,0.2849,51832.0,0.2851,11273.6,0.2852,44591.8
1753591917586,04:51:57.586,bitget,1INCH/USDT:USDT,0.285,327.8,0.2849,51832.0,0.2851,11273.6,0.2852,44591.8
1753591917736,04:51:57.736,bitget,1INCH/USDT:USDT,0.285,327.8,0.2849,51832.0,0.2851,11273.6,0.2852,44591.8
1753591917886,04:51:57.886,bitget,1INCH/USDT:USDT,0.285,327.8,0.2849,51832.0,0.2851,11273.6,0.2852,44591.8
1753591918036,04:51:58.036,bitget,1INCH/USDT:USDT,0.285,327.8,0.2849,51832.0,0.2851,11273.6,0.2852,44591.8
1753591918337,04:51:58.337,bitget,1INCH/USDT:USDT,0.285,327.8,0.2849,51832.0,0.2851,11273.6,0.2852,44591.8
1753591918487,04:51:58.487,bitget,1INCH/USDT:USDT,0.285,327.8,0.2849,51832.0,0.2851,11273.6,0.2852,44591.8
1753591918637,04:51:58.637,bitget,1INCH/USDT:USDT,0.285,327.8,0.2849,51832.0,0.2851,11273.6,0.2852,44591.8
1753591918787,04:51:58.787,bitget,1INCH/USDT:USDT,0.285,327.8,0.2849,51832.0,0.2851,11273.6,0.2852,44591.8
1753591918937,04:51:58.937,bitget,1INCH/USDT:USDT,0.285,327.8,0.2849,51832.0,0.2851,11273.6,0.2852,44591.8
1753591919237,04:51:59.237,bitget,1INCH/USDT:USDT,0.2849,23091.0,0.2848,45649.3,0.285,8915.8,0.2851,18531.8
1753591919387,04:51:59.387,bitget,1INCH/USDT:USDT,0.2849,23091.0,0.2848,32137.5,0.285,8915.8,0.2851,24466.2
1753591919537,04:51:59.537,bitget,1INCH/USDT:USDT,0.2849,23091.0,0.2848,32137.5,0.285,8915.8,0.2851,24466.2
1753591919687,04:51:59.687,bitget,1INCH/USDT:USDT,0.2849,23091.0,0.2848,32137.5,0.285,8915.8,0.2851,24466.2
1753591919837,04:51:59.837,bitget,1INCH/USDT:USDT,0.2849,23091.0,0.2848,32137.5,0.285,8915.8,0.2851,24466.2
1753591919988,04:51:59.988,bitget,1INCH/USDT:USDT,0.2849,3309.0,0.2848,32137.5,0.285,9290.3,0.2851,29909.9
1753591920138,04:52:00.138,bitget,1INCH/USDT:USDT,0.2849,3309.0,0.2848,32137.5,0.285,9697.7,0.2851,29909.9
1753591920288,04:52:00.288,bitget,1INCH/USDT:USDT,0.2849,3309.0,0.2848,32137.5,0.285,10651.2,0.2851,29909.9
1753591920438,04:52:00.438,bitget,1INCH/USDT:USDT,0.2849,3309.0,0.2848,32137.5,0.285,10651.2,0.2851,29909.9
1753591920588,04:52:00.588,bitget,1INCH/USDT:USDT,0.2849,320.7,0.2848,32137.5,0.285,11025.7,0.2851,29909.9
1753591920738,04:52:00.738,bitget,1INCH/USDT:USDT,0.2849,320.7,0.2848,32137.5,0.285,11025.7,0.2851,39254.7
1753591920888,04:52:00.888,bitget,1INCH/USDT:USDT,0.2849,320.7,0.2848,32137.5,0.285,11025.7,0.2851,39254.7
1753591921338,04:52:01.338,bitget,1INCH/USDT:USDT,0.2849,320.7,0.2848,32137.5,0.285,11025.7,0.2851,39254.7
1753591921488,04:52:01.488,bitget,1INCH/USDT:USDT,0.2849,320.7,0.2848,32137.5,0.285,10651.2,0.2851,39254.7
1753591921638,04:52:01.638,bitget,1INCH/USDT:USDT,0.2849,7578.9,0.2848,32137.5,0.285,10327.0,0.2851,39079.3
1753591921788,04:52:01.788,bitget,1INCH/USDT:USDT,0.2849,26071.0,0.2848,32137.5,0.285,1591.6,0.2851,26552.9
1753591921939,04:52:01.939,bitget,1INCH/USDT:USDT,0.2849,26071.0,0.2848,26964.9,0.285,1591.6,0.2851,26552.9
1753591922089,04:52:02.089,bitget,1INCH/USDT:USDT,0.2849,33071.0,0.2848,26964.9,0.285,1591.6,0.2851,26552.9
1753591922239,04:52:02.239,bitget,1INCH/USDT:USDT,0.2849,33071.0,0.2848,26964.9,0.285,1591.6,0.2851,26552.9
1753591922389,04:52:02.389,bitget,1INCH/USDT:USDT,0.2849,26071.0,0.2848,26964.9,0.285,1915.8,0.2851,31996.6
1753591922539,04:52:02.539,bitget,1INCH/USDT:USDT,0.2849,18438.6,0.2848,26964.9,0.285,1915.8,0.2851,39254.8
1753591922689,04:52:02.689,bitget,1INCH/USDT:USDT,0.2849,18438.6,0.2848,26964.9,0.285,1915.8,0.2851,39254.8
1753591922839,04:52:02.839,bitget,1INCH/USDT:USDT,0.2849,320.7,0.2848,45082.8,0.285,2112.5,0.2851,39254.8
1753591922989,04:52:02.989,bitget,1INCH/USDT:USDT,0.2849,7885.3,0.2848,45082.8,0.285,2309.2,0.2851,31996.6
1753591923139,04:52:03.139,bitget,1INCH/USDT:USDT,0.2849,14885.3,0.2848,45082.8,0.285,8915.8,0.2851,31996.6
1753591923289,04:52:03.289,bitget,1INCH/USDT:USDT,0.2849,14885.3,0.2848,45082.8,0.285,8915.8,0.2851,31996.6
1753591923439,04:52:03.439,bitget,1INCH/USDT:USDT,0.2849,15259.8,0.2848,45082.8,0.285,8915.8,0.2851,31996.6
1753591923590,04:52:03.590,bitget,1INCH/USDT:USDT,0.2849,15259.8,0.2848,45082.8,0.285,8915.8,0.2851,31996.6
1753591923740,04:52:03.740,bitget,1INCH/USDT:USDT,0.2849,15259.8,0.2848,45082.8,0.285,8915.8,0.2851,31996.6
1753591923890,04:52:03.890,bitget,1INCH/USDT:USDT,0.2849,15259.8,0.2848,45082.8,0.285,8915.8,0.2851,31996.6
1753591924040,04:52:04.040,bitget,1INCH/USDT:USDT,0.2849,15259.8,0.2848,45082.8,0.285,8915.8,0.2851,31996.6
1753591924190,04:52:04.190,bitget,1INCH/USDT:USDT,0.2849,15259.8,0.2848,45082.8,0.285,8915.8,0.2851,31996.6
1753591924340,04:52:04.340,bitget,1INCH/USDT:USDT,0.2849,15259.8,0.2848,45082.8,0.285,1591.6,0.2851,31996.6
1753591924490,04:52:04.490,bitget,1INCH/USDT:USDT,0.2849,14885.3,0.2848,45082.8,0.285,1915.8,0.2851,31996.6
1753591924640,04:52:04.640,bitget,1INCH/USDT:USDT,0.2849,14885.3,0.2848,45082.8,0.285,1915.8,0.2851,31996.6
1753591924790,04:52:04.790,bitget,1INCH/USDT:USDT,0.2849,14885.3,0.2848,45082.8,0.285,1915.8,0.2851,31996.6
1753591924940,04:52:04.940,bitget,1INCH/USDT:USDT,0.2849,14885.3,0.2848,45082.8,0.285,1915.8,0.2851,31996.6
1753591925090,04:52:05.090,bitget,1INCH/USDT:USDT,0.2849,14885.3,0.2848,45082.8,0.285,1915.8,0.2851,31996.6
1753591925240,04:52:05.240,bitget,1INCH/USDT:USDT,0.2849,14885.3,0.2848,45082.8,0.285,1915.8,0.2851,31996.6
1753591925390,04:52:05.390,bitget,1INCH/USDT:USDT,0.2849,14885.3,0.2848,45082.8,0.285,1915.8,0.2851,31996.6
1753591925541,04:52:05.541,bitget,1INCH/USDT:USDT,0.2849,14885.3,0.2848,45082.8,0.285,1591.6,0.2851,31996.6
1753591925841,04:52:05.841,bitget,1INCH/USDT:USDT,0.2849,14885.3,0.2848,45082.8,0.285,1920.2,0.2851,31996.6
1753591925991,04:52:05.991,bitget,1INCH/USDT:USDT,0.2849,14885.3,0.2848,45082.8,0.285,8920.2,0.2851,31996.6
1753591926141,04:52:06.141,bitget,1INCH/USDT:USDT,0.2849,14885.3,0.2848,45082.8,0.285,8920.2,0.2851,31996.6
1753591926291,04:52:06.291,bitget,1INCH/USDT:USDT,0.2849,14885.3,0.2848,45082.8,0.285,8920.2,0.2851,31996.6
1753591926441,04:52:06.441,bitget,1INCH/USDT:USDT,0.2849,14885.3,0.2848,45082.8,0.285,8920.2,0.2851,31996.6
1753591926591,04:52:06.591,bitget,1INCH/USDT:USDT,0.2849,14885.3,0.2848,45082.8,0.285,8920.2,0.2851,31996.6
1753591926741,04:52:06.741,bitget,1INCH/USDT:USDT,0.2849,14885.3,0.2848,45082.8,0.285,8920.2,0.2851,31996.6
1753591926891,04:52:06.891,bitget,1INCH/USDT:USDT,0.2849,14885.3,0.2848,45082.8,0.285,8920.2,0.2851,31996.6
1753591927041,04:52:07.041,bitget,1INCH/USDT:USDT,0.2849,14885.3,0.2848,45082.8,0.285,8920.2,0.2851,31996.6
1753591927191,04:52:07.191,bitget,1INCH/USDT:USDT,0.2849,14885.3,0.2848,45082.8,0.285,8920.2,0.2851,31996.6
1753591927342,04:52:07.342,bitget,1INCH/USDT:USDT,0.2849,14885.3,0.2848,45082.8,0.285,8920.2,0.2851,31996.6
1753591927492,04:52:07.492,bitget,1INCH/USDT:USDT,0.2849,14885.3,0.2848,45082.8,0.285,8920.2,0.2851,31996.6
1753591927642,04:52:07.642,bitget,1INCH/USDT:USDT,0.2849,14885.3,0.2848,45082.8,0.285,8920.2,0.2851,31996.6
1753591927792,04:52:07.792,bitget,1INCH/USDT:USDT,0.2849,14885.3,0.2848,45082.8,0.285,8920.2,0.2851,31996.6
1753591927942,04:52:07.942,bitget,1INCH/USDT:USDT,0.2849,14885.3,0.2848,45082.8,0.285,8920.2,0.2851,31996.6
1753591928092,04:52:08.092,bitget,1INCH/USDT:USDT,0.2849,14885.3,0.2848,45082.8,0.285,8920.2,0.2851,31996.6
1753591928242,04:52:08.242,bitget,1INCH/USDT:USDT,0.2849,14885.3,0.2848,45082.8,0.285,8920.2,0.2851,31996.6
1753591928392,04:52:08.392,bitget,1INCH/USDT:USDT,0.2849,14885.3,0.2848,45082.8,0.285,8920.2,0.2851,31996.6
1753591928542,04:52:08.542,bitget,1INCH/USDT:USDT,0.2849,14885.3,0.2848,45082.8,0.285,8920.2,0.2851,31996.6
1753591928692,04:52:08.692,bitget,1INCH/USDT:USDT,0.2849,14885.3,0.2848,45082.8,0.285,8920.2,0.2851,31996.6
1753591928842,04:52:08.842,bitget,1INCH/USDT:USDT,0.2849,14885.3,0.2848,45082.8,0.285,8920.2,0.2851,31996.6
1753591928992,04:52:08.992,bitget,1INCH/USDT:USDT,0.2849,14885.3,0.2848,45082.8,0.285,8920.2,0.2851,31996.6
1753591929143,04:52:09.143,bitget,1INCH/USDT:USDT,0.2849,14885.3,0.2848,45082.8,0.285,1591.6,0.2851,31996.6
1753591929293,04:52:09.293,bitget,1INCH/USDT:USDT,0.2849,14885.3,0.2848,45082.8,0.285,1591.6,0.2851,31996.6
1753591929443,04:52:09.443,bitget,1INCH/USDT:USDT,0.2849,14885.3,0.2848,45082.8,0.285,1920.2,0.2851,31996.6
1753591929593,04:52:09.593,bitget,1INCH/USDT:USDT,0.2849,14885.3,0.2848,45082.8,0.285,1591.6,0.2851,31996.6
1753591929743,04:52:09.743,bitget,1INCH/USDT:USDT,0.2849,14885.3,0.2848,45082.8,0.285,1591.6,0.2851,31996.6
1753591929893,04:52:09.893,bitget,1INCH/USDT:USDT,0.2849,14885.3,0.2848,45082.8,0.285,1920.2,0.2851,31996.6
1753591930043,04:52:10.043,bitget,1INCH/USDT:USDT,0.2849,14885.3,0.2848,45082.8,0.285,1920.2,0.2851,31996.6
1753591930193,04:52:10.193,bitget,1INCH/USDT:USDT,0.2849,14885.3,0.2848,45082.8,0.285,1920.2,0.2851,31996.6
1753591930343,04:52:10.343,bitget,1INCH/USDT:USDT,0.2849,14885.3,0.2848,45082.8,0.285,1920.2,0.2851,31996.6
1753591930493,04:52:10.493,bitget,1INCH/USDT:USDT,0.2849,14885.3,0.2848,45082.8,0.285,1920.2,0.2851,31996.6
1753591930643,04:52:10.643,bitget,1INCH/USDT:USDT,0.2849,14885.3,0.2848,45082.8,0.285,1920.2,0.2851,31996.6
1753591930793,04:52:10.793,bitget,1INCH/USDT:USDT,0.2849,14885.3,0.2848,45082.8,0.285,1920.2,0.2851,31996.6
1753591930944,04:52:10.944,bitget,1INCH/USDT:USDT,0.2849,14885.3,0.2848,45082.8,0.285,1920.2,0.2851,31996.6
1753591931094,04:52:11.094,bitget,1INCH/USDT:USDT,0.2849,14885.3,0.2848,45082.8,0.285,1920.2,0.2851,31996.6
1753591931244,04:52:11.244,bitget,1INCH/USDT:USDT,0.2849,14885.3,0.2848,45082.8,0.285,1591.6,0.2851,31996.6
1753591931394,04:52:11.394,bitget,1INCH/USDT:USDT,0.2849,15259.8,0.2848,45082.8,0.2851,31996.6,0.2852,51784.0
1753591931544,04:52:11.544,bitget,1INCH/USDT:USDT,0.2849,26947.4,0.2848,45082.8,0.2851,22282.4,0.2852,61502.0
1753591931694,04:52:11.694,bitget,1INCH/USDT:USDT,0.2849,26947.4,0.2848,45082.8,0.285,328.6,0.2851,22282.4
1753591931844,04:52:11.844,bitget,1INCH/USDT:USDT,0.2849,16385.2,0.2848,45082.8,0.285,1920.2,0.2851,22282.4
1753591931994,04:52:11.994,bitget,1INCH/USDT:USDT,0.2849,14885.3,0.2848,45082.8,0.285,1591.6,0.2851,32000.4
1753591932144,04:52:12.144,bitget,1INCH/USDT:USDT,0.2849,14885.3,0.2848,45082.8,0.285,1920.2,0.2851,32000.4
1753591932294,04:52:12.294,bitget,1INCH/USDT:USDT,0.2849,14578.9,0.2848,45082.8,0.285,1920.2,0.2851,32000.4
1753591932444,04:52:12.444,bitget,1INCH/USDT:USDT,0.2849,14578.9,0.2848,26964.9,0.285,1920.2,0.2851,39258.6
1753591932594,04:52:12.594,bitget,1INCH/USDT:USDT,0.2849,7320.7,0.2848,45082.5,0.285,328.6,0.2851,39258.6
1753591932745,04:52:12.745,bitget,1INCH/USDT:USDT,0.2849,7320.7,0.2848,26964.9,0.285,328.6,0.2851,39258.6
1753591932895,04:52:12.895,bitget,1INCH/USDT:USDT,0.2849,7320.7,0.2848,26964.9,0.285,328.6,0.2851,39258.6
1753591933045,04:52:13.045,bitget,1INCH/USDT:USDT,0.2849,7320.7,0.2848,45082.4,0.285,7328.6,0.2851,39258.6
1753591933195,04:52:13.195,bitget,1INCH/USDT:USDT,0.2849,7320.7,0.2848,45082.4,0.285,7328.6,0.2851,39258.6
1753591933345,04:52:13.345,bitget,1INCH/USDT:USDT,0.2849,7320.7,0.2848,45082.4,0.285,7328.6,0.2851,39258.6
1753591933495,04:52:13.495,bitget,1INCH/USDT:USDT,0.2849,7320.7,0.2848,45082.4,0.285,7328.6,0.2851,39258.6
1753591933645,04:52:13.645,bitget,1INCH/USDT:USDT,0.2849,7320.7,0.2848,45082.4,0.285,7328.6,0.2851,39258.6
1753591933795,04:52:13.795,bitget,1INCH/USDT:USDT,0.2849,7320.7,0.2848,45082.4,0.285,7328.6,0.2851,39258.6
1753591933945,04:52:13.945,bitget,1INCH/USDT:USDT,0.2849,7320.7,0.2848,45082.4,0.285,7328.6,0.2851,39258.6
1753591934095,04:52:14.095,bitget,1INCH/USDT:USDT,0.2849,7320.7,0.2848,45082.4,0.285,7328.6,0.2851,39258.6
1753591934245,04:52:14.245,bitget,1INCH/USDT:USDT,0.2849,7320.7,0.2848,45082.4,0.285,7328.6,0.2851,39258.6
1753591934395,04:52:14.395,bitget,1INCH/USDT:USDT,0.2849,7320.7,0.2848,45082.4,0.285,7328.6,0.2851,39258.6
1753591934546,04:52:14.546,bitget,1INCH/USDT:USDT,0.2849,7320.7,0.2848,45082.4,0.285,7328.6,0.2851,39258.6
1753591934696,04:52:14.696,bitget,1INCH/USDT:USDT,0.2849,7320.7,0.2848,45082.4,0.285,7328.6,0.2851,39258.6
1753591934846,04:52:14.846,bitget,1INCH/USDT:USDT,0.2849,7320.7,0.2848,45082.4,0.285,7000.0,0.2851,33814.9
1753591934996,04:52:14.996,bitget,1INCH/USDT:USDT,0.2849,14578.9,0.2848,45082.4,0.285,7000.0,0.2851,44019.4
1753591935146,04:52:15.146,bitget,1INCH/USDT:USDT,0.2849,14578.9,0.2848,45082.4,0.285,7000.0,0.2851,44019.4
1753591935296,04:52:15.296,bitget,1INCH/USDT:USDT,0.2849,14578.9,0.2848,45082.4,0.285,7000.0,0.2851,44019.4
1753591935596,04:52:15.596,bitget,1INCH/USDT:USDT,0.2849,14578.9,0.2848,45082.4,0.285,7000.0,0.2851,31345.6
1753591935746,04:52:15.746,bitget,1INCH/USDT:USDT,0.2849,14578.9,0.2848,45082.4,0.285,7000.0,0.2851,31345.6
1753591935896,04:52:15.896,bitget,1INCH/USDT:USDT,0.2849,14578.9,0.2848,45082.4,0.285,7000.0,0.2851,31345.6
1753591936046,04:52:16.046,bitget,1INCH/USDT:USDT,0.2849,14578.9,0.2848,45082.4,0.285,7000.0,0.2851,31345.6
1753591936197,04:52:16.197,bitget,1INCH/USDT:USDT,0.2849,14578.9,0.2848,45082.4,0.2851,31345.6,0.2852,51773.0
1753591936347,04:52:16.347,bitget,1INCH/USDT:USDT,0.285,328.5,0.2849,26985.6,0.2851,14369.4,0.2852,61492.0
1753591936497,04:52:16.497,bitget,1INCH/USDT:USDT,0.285,328.5,0.2849,36706.1,0.2851,12937.6,0.2852,61492.0
1753591936647,04:52:16.647,bitget,1INCH/USDT:USDT,0.285,328.5,0.2849,36706.1,0.2851,7493.9,0.2852,61492.0
1753591936797,04:52:16.797,bitget,1INCH/USDT:USDT,0.285,328.5,0.2849,42149.8,0.2851,7493.9,0.2852,61492.0
1753591936947,04:52:16.947,bitget,1INCH/USDT:USDT,0.2849,36706.1,0.2848,35366.2,0.2851,7493.9,0.2852,61492.0
1753591937097,04:52:17.097,bitget,1INCH/USDT:USDT,0.285,328.5,0.2849,26985.6,0.2851,7868.4,0.2852,61492.0
1753591937247,04:52:17.247,bitget,1INCH/USDT:USDT,0.285,328.5,0.2849,36706.1,0.2851,7493.9,0.2852,61492.0
1753591937397,04:52:17.397,bitget,1INCH/USDT:USDT,0.285,328.5,0.2849,42149.8,0.2851,7493.9,0.2852,61492.0
1753591937547,04:52:17.547,bitget,1INCH/USDT:USDT,0.285,328.5,0.2849,42149.8,0.2851,7493.9,0.2852,61492.0
1753591937697,04:52:17.697,bitget,1INCH/USDT:USDT,0.285,328.5,0.2849,42149.8,0.2851,7493.9,0.2852,61492.0
1753591937847,04:52:17.847,bitget,1INCH/USDT:USDT,0.285,328.5,0.2849,42149.8,0.2851,7493.9,0.2852,61492.0
1753591937998,04:52:17.998,bitget,1INCH/USDT:USDT,0.285,328.5,0.2849,42149.8,0.2851,7493.9,0.2852,61492.0
1753591938147,04:52:18.147,bitget,1INCH/USDT:USDT,0.285,328.5,0.2849,42149.8,0.2851,7493.9,0.2852,61492.0
1753591938298,04:52:18.298,bitget,1INCH/USDT:USDT,0.285,328.5,0.2849,42149.8,0.2851,7868.4,0.2852,61492.0
1753591938448,04:52:18.448,bitget,1INCH/USDT:USDT,0.285,328.5,0.2849,42149.8,0.2851,7868.4,0.2852,61492.0
1753591938598,04:52:18.598,bitget,1INCH/USDT:USDT,0.285,328.5,0.2849,42149.8,0.2851,7868.4,0.2852,61492.0
1753591938748,04:52:18.748,bitget,1INCH/USDT:USDT,0.285,328.5,0.2849,42149.8,0.2851,7493.9,0.2852,61866.5
1753591938898,04:52:18.898,bitget,1INCH/USDT:USDT,0.285,328.5,0.2849,42149.8,0.2851,7493.9,0.2852,61866.5
1753591939048,04:52:19.048,bitget,1INCH/USDT:USDT,0.285,328.5,0.2849,42149.8,0.2851,8599.0,0.2852,61866.5
1753591939348,04:52:19.348,bitget,1INCH/USDT:USDT,0.285,328.5,0.2849,42149.8,0.2851,8599.0,0.2852,61866.5
1753591939498,04:52:19.498,bitget,1INCH/USDT:USDT,0.285,328.5,0.2849,42149.8,0.2851,8973.5,0.2852,61866.5
1753591939648,04:52:19.648,bitget,1INCH/USDT:USDT,0.285,328.5,0.2849,42149.8,0.2851,8973.5,0.2852,61866.5
1753591939799,04:52:19.799,bitget,1INCH/USDT:USDT,0.285,328.5,0.2849,42149.8,0.2851,8973.5,0.2852,61866.5
1753591939949,04:52:19.949,bitget,1INCH/USDT:USDT,0.285,328.5,0.2849,42149.8,0.2851,8973.5,0.2852,61866.5
1753591940099,04:52:20.099,bitget,1INCH/USDT:USDT,0.285,328.5,0.2849,42149.8,0.2851,8973.5,0.2852,61866.5
1753591940249,04:52:20.249,bitget,1INCH/USDT:USDT,0.285,328.5,0.2849,42149.8,0.2851,8973.5,0.2852,61866.5
1753591940399,04:52:20.399,bitget,1INCH/USDT:USDT,0.285,328.5,0.2849,42149.8,0.2851,8599.0,0.2852,61866.5
1753591940699,04:52:20.699,bitget,1INCH/USDT:USDT,0.285,328.5,0.2849,42149.8,0.2851,8599.0,0.2852,61866.5
1753591940849,04:52:20.849,bitget,1INCH/USDT:USDT,0.285,328.5,0.2849,42149.8,0.2851,8599.0,0.2852,61866.5
1753591940999,04:52:20.999,bitget,1INCH/USDT:USDT,0.285,328.5,0.2849,42149.8,0.2851,8599.0,0.2852,61866.5
1753591941149,04:52:21.149,bitget,1INCH/USDT:USDT,0.285,328.5,0.2849,42149.8,0.2851,8599.0,0.2852,61866.5
1753591941299,04:52:21.299,bitget,1INCH/USDT:USDT,0.285,328.5,0.2849,42149.8,0.2851,8973.5,0.2852,61866.5
1753591941449,04:52:21.449,bitget,1INCH/USDT:USDT,0.285,328.5,0.2849,42149.8,0.2851,8973.5,0.2852,61866.5
1753591941600,04:52:21.600,bitget,1INCH/USDT:USDT,0.285,328.5,0.2849,42149.8,0.2851,8973.5,0.2852,61866.5
1753591941750,04:52:21.750,bitget,1INCH/USDT:USDT,0.285,328.5,0.2849,42149.8,0.2851,8973.5,0.2852,61866.5
1753591941900,04:52:21.900,bitget,1INCH/USDT:USDT,0.285,328.5,0.2849,42149.8,0.2851,8599.0,0.2852,61866.5
1753591942050,04:52:22.050,bitget,1INCH/USDT:USDT,0.285,328.5,0.2849,42149.8,0.2851,8599.0,0.2852,61866.5
1753591942200,04:52:22.200,bitget,1INCH/USDT:USDT,0.285,328.5,0.2849,42149.8,0.2851,8599.0,0.2852,61866.5
1753591942350,04:52:22.350,bitget,1INCH/USDT:USDT,0.285,328.5,0.2849,42149.8,0.2851,8599.0,0.2852,61866.5
1753591942500,04:52:22.500,bitget,1INCH/USDT:USDT,0.285,328.5,0.2849,42149.8,0.2851,8599.0,0.2852,61866.5
1753591942650,04:52:22.650,bitget,1INCH/USDT:USDT,0.285,328.5,0.2849,42149.8,0.2851,8599.0,0.2852,61866.5
1753591942800,04:52:22.800,bitget,1INCH/USDT:USDT,0.285,328.5,0.2849,42149.8,0.2851,8599.0,0.2852,61866.5
1753591942950,04:52:22.950,bitget,1INCH/USDT:USDT,0.285,328.5,0.2849,42149.8,0.2851,8599.0,0.2852,61866.5
1753591943100,04:52:23.100,bitget,1INCH/USDT:USDT,0.285,328.5,0.2849,42149.8,0.2851,8599.0,0.2852,61866.5
1753591943250,04:52:23.250,bitget,1INCH/USDT:USDT,0.285,328.5,0.2849,42149.8,0.2851,8599.0,0.2852,61866.5
1753591943400,04:52:23.400,bitget,1INCH/USDT:USDT,0.285,328.5,0.2849,42149.8,0.2851,8599.0,0.2852,61866.5
1753591943551,04:52:23.551,bitget,1INCH/USDT:USDT,0.285,328.5,0.2849,42149.8,0.2851,8599.0,0.2852,61866.5
1753591943701,04:52:23.701,bitget,1INCH/USDT:USDT,0.285,328.5,0.2849,42149.8,0.2851,8599.0,0.2852,61866.5
1753591943851,04:52:23.851,bitget,1INCH/USDT:USDT,0.285,7328.5,0.2849,42149.8,0.2851,8599.0,0.2852,61866.5
1753591944001,04:52:24.001,bitget,1INCH/USDT:USDT,0.285,7328.5,0.2849,42149.8,0.2851,8599.0,0.2852,61866.5
1753591944151,04:52:24.151,bitget,1INCH/USDT:USDT,0.285,7328.5,0.2849,42149.8,0.2851,8599.0,0.2852,61866.5
1753591944301,04:52:24.301,bitget,1INCH/USDT:USDT,0.285,7328.5,0.2849,42149.8,0.2851,8599.0,0.2852,61866.5
1753591944451,04:52:24.451,bitget,1INCH/USDT:USDT,0.285,7328.5,0.2849,42149.8,0.2851,8599.0,0.2852,61866.5
1753591944601,04:52:24.601,bitget,1INCH/USDT:USDT,0.285,7328.5,0.2849,42149.8,0.2851,8599.0,0.2852,61866.5
1753591944751,04:52:24.751,bitget,1INCH/USDT:USDT,0.285,7328.5,0.2849,42149.8,0.2851,9199.7,0.2852,61866.5
1753591944901,04:52:24.901,bitget,1INCH/USDT:USDT,0.285,22237.0,0.2849,42149.8,0.2852,39246.5,0.2853,16754.6
1753591945051,04:52:25.051,bitget,1INCH/USDT:USDT,0.2851,2005.7,0.285,31159.9,0.2852,18611.8,0.2853,26470.8
1753591945201,04:52:25.201,bitget,1INCH/USDT:USDT,0.2851,2005.7,0.285,58997.2,0.2852,1661.7,0.2853,44587.3
1753591945352,04:52:25.352,bitget,1INCH/USDT:USDT,0.2851,2005.7,0.285,58997.2,0.2852,1661.7,0.2853,44587.3
1753591945502,04:52:25.502,bitget,1INCH/USDT:USDT,0.2851,2005.7,0.285,53448.6,0.2852,1661.7,0.2853,44587.3
1753591945652,04:52:25.652,bitget,1INCH/USDT:USDT,0.2851,2005.7,0.285,53448.6,0.2852,1661.7,0.2853,44587.3
1753591945802,04:52:25.802,bitget,1INCH/USDT:USDT,0.2851,2005.7,0.285,53448.6,0.2852,9731.3,0.2853,44587.3
1753591945952,04:52:25.952,bitget,1INCH/USDT:USDT,0.2851,2005.7,0.285,53448.6,0.2852,9731.3,0.2853,44587.3
1753591946252,04:52:26.252,bitget,1INCH/USDT:USDT,0.2851,2005.7,0.285,53448.6,0.2852,9731.3,0.2853,44587.3
1753591946402,04:52:26.402,bitget,1INCH/USDT:USDT,0.2851,2005.7,0.285,55809.7,0.2852,9731.3,0.2853,44587.3
1753591946552,04:52:26.552,bitget,1INCH/USDT:USDT,0.2851,2005.7,0.285,55809.7,0.2852,9731.3,0.2853,44587.3
1753591946702,04:52:26.702,bitget,1INCH/USDT:USDT,0.2851,2005.7,0.285,55809.7,0.2852,9731.3,0.2853,44587.3
1753591946852,04:52:26.852,bitget,1INCH/USDT:USDT,0.2851,2005.7,0.285,55809.7,0.2852,9731.3,0.2853,44587.3
1753591947303,04:52:27.303,bitget,1INCH/USDT:USDT,0.2851,2005.7,0.285,55809.7,0.2852,9433.3,0.2853,44587.3
1753591947453,04:52:27.453,bitget,1INCH/USDT:USDT,0.2851,2005.7,0.285,55809.7,0.2852,9433.3,0.2853,44587.3
1753591947603,04:52:27.603,bitget,1INCH/USDT:USDT,0.2851,2005.7,0.285,55809.7,0.2852,9433.3,0.2853,44587.3
1753591947753,04:52:27.753,bitget,1INCH/USDT:USDT,0.2851,2005.7,0.285,55809.7,0.2852,9433.3,0.2853,44587.3
1753591947903,04:52:27.903,bitget,1INCH/USDT:USDT,0.2851,2005.7,0.285,55809.7,0.2852,9433.3,0.2853,44587.3
1753591948053,04:52:28.053,bitget,1INCH/USDT:USDT,0.2851,2005.7,0.285,55809.7,0.2852,8661.7,0.2853,44587.3
1753591948203,04:52:28.203,bitget,1INCH/USDT:USDT,0.2851,2005.7,0.285,74463.1,0.2852,8661.7,0.2853,44587.3
1753591948353,04:52:28.353,bitget,1INCH/USDT:USDT,0.2851,2005.7,0.285,74463.1,0.2852,8661.7,0.2853,44587.3
1753591948503,04:52:28.503,bitget,1INCH/USDT:USDT,0.2851,2005.7,0.285,74463.1,0.2852,9731.3,0.2853,44587.3
1753591948653,04:52:28.653,bitget,1INCH/USDT:USDT,0.2851,2005.7,0.285,74463.1,0.2852,9731.3,0.2853,44587.3
1753591948803,04:52:28.803,bitget,1INCH/USDT:USDT,0.2851,2005.7,0.285,74463.1,0.2852,9731.3,0.2853,44587.3
1753591949104,04:52:29.104,bitget,1INCH/USDT:USDT,0.2851,2005.7,0.285,74463.1,0.2852,9731.3,0.2853,44587.3
1753591949254,04:52:29.254,bitget,1INCH/USDT:USDT,0.2851,2005.7,0.285,74463.1,0.2852,9731.3,0.2853,44587.3
1753591949404,04:52:29.404,bitget,1INCH/USDT:USDT,0.2851,2005.7,0.285,74463.1,0.2852,9731.3,0.2853,44587.3
1753591949554,04:52:29.554,bitget,1INCH/USDT:USDT,0.2851,2005.7,0.285,74463.1,0.2852,9731.3,0.2853,44587.3
1753591949704,04:52:29.704,bitget,1INCH/USDT:USDT,0.2851,2005.7,0.285,74463.1,0.2852,9731.3,0.2853,44587.3
1753591949854,04:52:29.854,bitget,1INCH/USDT:USDT,0.2851,2005.7,0.285,74463.1,0.2852,9731.3,0.2853,44587.3
1753591950004,04:52:30.004,bitget,1INCH/USDT:USDT,0.2851,2005.7,0.285,72631.0,0.2852,9731.3,0.2853,44587.3
1753591950154,04:52:30.154,bitget,1INCH/USDT:USDT,0.285,72256.5,0.2849,17251.0,0.2852,9731.3,0.2853,44587.3
1753591950905,04:52:30.905,bitget,1INCH/USDT:USDT,0.2851,2008.2,0.285,60053.5,0.2852,9731.3,0.2853,44587.3
1753591951055,04:52:31.055,bitget,1INCH/USDT:USDT,0.2851,2008.2,0.285,60053.5,0.2852,9731.3,0.2853,44587.3
1753591951205,04:52:31.205,bitget,1INCH/USDT:USDT,0.2851,1677.2,0.285,60053.5,0.2852,9731.3,0.2853,44587.3
1753591951355,04:52:31.355,bitget,1INCH/USDT:USDT,0.2851,2008.2,0.285,51235.1,0.2852,9731.3,0.2853,44587.3
1753591951505,04:52:31.505,bitget,1INCH/USDT:USDT,0.2851,2008.2,0.285,51235.1,0.2852,9731.3,0.2853,44587.3
1753591951655,04:52:31.655,bitget,1INCH/USDT:USDT,0.2851,2008.2,0.285,51235.1,0.2852,9731.3,0.2853,44587.3
1753591951805,04:52:31.805,bitget,1INCH/USDT:USDT,0.2851,2008.2,0.285,51235.1,0.2852,9731.3,0.2853,44587.3
1753591951955,04:52:31.955,bitget,1INCH/USDT:USDT,0.2851,2008.2,0.285,51235.1,0.2852,9731.3,0.2853,44587.3
1753591952105,04:52:32.105,bitget,1INCH/USDT:USDT,0.2851,2008.2,0.285,51235.1,0.2852,9731.3,0.2853,44587.3
1753591952255,04:52:32.255,bitget,1INCH/USDT:USDT,0.2851,2008.2,0.285,51235.1,0.2852,9731.3,0.2853,44587.3
1753591952405,04:52:32.405,bitget,1INCH/USDT:USDT,0.2851,2008.2,0.285,51235.1,0.2852,9731.3,0.2853,44587.3
1753591952555,04:52:32.555,bitget,1INCH/USDT:USDT,0.2851,2008.2,0.285,51235.1,0.2852,9731.3,0.2853,44587.3
1753591952705,04:52:32.705,bitget,1INCH/USDT:USDT,0.2851,2008.2,0.285,51235.1,0.2852,9731.3,0.2853,44587.3
1753591952856,04:52:32.856,bitget,1INCH/USDT:USDT,0.2851,2008.2,0.285,51235.1,0.2852,9731.3,0.2853,44587.3
1753591953006,04:52:33.006,bitget,1INCH/USDT:USDT,0.2851,2008.2,0.285,51235.1,0.2852,9731.3,0.2853,44587.3
1753591953156,04:52:33.156,bitget,1INCH/USDT:USDT,0.2851,2008.2,0.285,51235.1,0.2852,9731.3,0.2853,44587.3
1753591953306,04:52:33.306,bitget,1INCH/USDT:USDT,0.2851,2008.2,0.285,51235.1,0.2852,9731.3,0.2853,44587.3
1753591953456,04:52:33.456,bitget,1INCH/USDT:USDT,0.2851,2008.2,0.285,51235.1,0.2852,9731.3,0.2853,44587.3
1753591953606,04:52:33.606,bitget,1INCH/USDT:USDT,0.2851,2008.2,0.285,51235.1,0.2852,9731.3,0.2853,44587.3
1753591953756,04:52:33.756,bitget,1INCH/USDT:USDT,0.2851,2008.2,0.285,51235.1,0.2852,9731.3,0.2853,44587.3
1753591953906,04:52:33.906,bitget,1INCH/USDT:USDT,0.2851,2008.2,0.285,51235.1,0.2852,9731.3,0.2853,44587.3
1753591954056,04:52:34.056,bitget,1INCH/USDT:USDT,0.2851,2008.2,0.285,51235.1,0.2852,9731.3,0.2853,44587.3
1753591954206,04:52:34.206,bitget,1INCH/USDT:USDT,0.2851,2008.2,0.285,51235.1,0.2852,9731.3,0.2853,44587.3
1753591954356,04:52:34.356,bitget,1INCH/USDT:USDT,0.2851,2008.2,0.285,51235.1,0.2852,9731.3,0.2853,44587.3
1753591954506,04:52:34.506,bitget,1INCH/USDT:USDT,0.2851,2008.2,0.285,51235.1,0.2852,9731.3,0.2853,44587.3
1753591954657,04:52:34.657,bitget,1INCH/USDT:USDT,0.2851,2008.2,0.285,51235.1,0.2852,9731.3,0.2853,44587.3
1753591954807,04:52:34.807,bitget,1INCH/USDT:USDT,0.2851,2008.2,0.285,51235.1,0.2852,9731.3,0.2853,44587.3
1753591954957,04:52:34.957,bitget,1INCH/USDT:USDT,0.2851,2008.2,0.285,51235.1,0.2852,9731.3,0.2853,44587.3
1753591955107,04:52:35.107,bitget,1INCH/USDT:USDT,0.2851,2008.2,0.285,51235.1,0.2852,9731.3,0.2853,44587.3
1753591955257,04:52:35.257,bitget,1INCH/USDT:USDT,0.2851,2008.2,0.285,51235.1,0.2852,9731.3,0.2853,44587.3
1753591955407,04:52:35.407,bitget,1INCH/USDT:USDT,0.2851,2008.2,0.285,51235.1,0.2852,9731.3,0.2853,44587.3
1753591955557,04:52:35.557,bitget,1INCH/USDT:USDT,0.2851,2008.2,0.285,51235.1,0.2852,9731.3,0.2853,44587.3
1753591955707,04:52:35.707,bitget,1INCH/USDT:USDT,0.2851,2008.2,0.285,51235.1,0.2852,9731.3,0.2853,44587.3
1753591955857,04:52:35.857,bitget,1INCH/USDT:USDT,0.2851,2008.2,0.285,51235.1,0.2852,9731.3,0.2853,44587.3
1753591956007,04:52:36.007,bitget,1INCH/USDT:USDT,0.2851,2008.2,0.285,51235.1,0.2852,9731.3,0.2853,44587.3
1753591956157,04:52:36.157,bitget,1INCH/USDT:USDT,0.2851,2008.2,0.285,51235.1,0.2852,9731.3,0.2853,44587.3
1753591956307,04:52:36.307,bitget,1INCH/USDT:USDT,0.2851,2008.2,0.285,51235.1,0.2852,9731.3,0.2853,44587.3
1753591956458,04:52:36.458,bitget,1INCH/USDT:USDT,0.2851,2008.2,0.285,51235.1,0.2852,9731.3,0.2853,44587.3
1753591956608,04:52:36.608,bitget,1INCH/USDT:USDT,0.2851,2008.2,0.285,51235.1,0.2852,9731.3,0.2853,44587.3
1753591956758,04:52:36.758,bitget,1INCH/USDT:USDT,0.2851,2008.2,0.285,51235.1,0.2852,9731.3,0.2853,44587.3
1753591956908,04:52:36.908,bitget,1INCH/USDT:USDT,0.2851,2008.2,0.285,51235.1,0.2852,9731.3,0.2853,44587.3
1753591957058,04:52:37.058,bitget,1INCH/USDT:USDT,0.2851,2008.2,0.285,51235.1,0.2852,9731.3,0.2853,44587.3
1753591957208,04:52:37.208,bitget,1INCH/USDT:USDT,0.2851,2008.2,0.285,51235.1,0.2852,9731.3,0.2853,44587.3
1753591957358,04:52:37.358,bitget,1INCH/USDT:USDT,0.2851,2008.2,0.285,51235.1,0.2852,9731.3,0.2853,44587.3
1753591957508,04:52:37.508,bitget,1INCH/USDT:USDT,0.2851,2008.2,0.285,51235.1,0.2852,9731.3,0.2853,44587.3
1753591957658,04:52:37.658,bitget,1INCH/USDT:USDT,0.2851,2008.2,0.285,51235.1,0.2852,9731.3,0.2853,44587.3
1753591957808,04:52:37.808,bitget,1INCH/USDT:USDT,0.2851,2008.2,0.285,51235.1,0.2852,9731.3,0.2853,44587.3
1753591957958,04:52:37.958,bitget,1INCH/USDT:USDT,0.2851,2008.2,0.285,51235.1,0.2852,9731.3,0.2853,44587.3
1753591958109,04:52:38.109,bitget,1INCH/USDT:USDT,0.2851,2008.2,0.285,51235.1,0.2852,9731.3,0.2853,44587.3
1753591958259,04:52:38.259,bitget,1INCH/USDT:USDT,0.2851,2008.2,0.285,51235.1,0.2852,7494.3,0.2853,44587.3
1753591958409,04:52:38.409,bitget,1INCH/USDT:USDT,0.2851,2008.2,0.285,51235.1,0.2852,7494.3,0.2853,44587.3
1753591958559,04:52:38.559,bitget,1INCH/USDT:USDT,0.2851,2008.2,0.285,51235.1,0.2852,7494.3,0.2853,44587.3
1753591958709,04:52:38.709,bitget,1INCH/USDT:USDT,0.2851,2008.2,0.285,51235.1,0.2852,8621.5,0.2853,44587.3
1753591959009,04:52:39.009,bitget,1INCH/USDT:USDT,0.2851,2008.2,0.285,51235.1,0.2852,10875.9,0.2853,44587.3
1753591959309,04:52:39.309,bitget,1INCH/USDT:USDT,0.2851,2008.2,0.285,51235.1,0.2852,10875.9,0.2853,44587.3
1753591959459,04:52:39.459,bitget,1INCH/USDT:USDT,0.2851,2008.2,0.285,51235.1,0.2852,10875.9,0.2853,44587.3
1753591959609,04:52:39.609,bitget,1INCH/USDT:USDT,0.2851,2008.2,0.285,51235.1,0.2852,10875.9,0.2853,44587.3
1753591959759,04:52:39.759,bitget,1INCH/USDT:USDT,0.2851,2008.2,0.285,51235.1,0.2852,7175.4,0.2853,44587.3
1753591959910,04:52:39.910,bitget,1INCH/USDT:USDT,0.2851,2008.2,0.285,51235.1,0.2852,7175.4,0.2853,44587.3
1753591960060,04:52:40.060,bitget,1INCH/USDT:USDT,0.2851,2008.2,0.285,51235.1,0.2852,7175.4,0.2853,44587.3
1753591960210,04:52:40.210,bitget,1INCH/USDT:USDT,0.2851,2008.2,0.285,51235.1,0.2852,7175.4,0.2853,44587.3
1753591960360,04:52:40.360,bitget,1INCH/USDT:USDT,0.2851,2008.2,0.285,51235.1,0.2852,7526.0,0.2853,44587.3
1753591960510,04:52:40.510,bitget,1INCH/USDT:USDT,0.2851,2008.2,0.285,51235.1,0.2852,7175.4,0.2853,44587.3
1753591960660,04:52:40.660,bitget,1INCH/USDT:USDT,0.2851,9008.2,0.285,51235.1,0.2852,7678.9,0.2853,44587.3
1753591960810,04:52:40.810,bitget,1INCH/USDT:USDT,0.2851,9008.2,0.285,51235.1,0.2852,8029.5,0.2853,44587.3
1753591960960,04:52:40.960,bitget,1INCH/USDT:USDT,0.2851,9008.2,0.285,51235.1,0.2852,8029.5,0.2853,44587.3
1753591961110,04:52:41.110,bitget,1INCH/USDT:USDT,0.2851,9008.2,0.285,51235.1,0.2852,8029.5,0.2853,44587.3
1753591961260,04:52:41.260,bitget,1INCH/USDT:USDT,0.2851,2008.2,0.285,51235.1,0.2852,8029.5,0.2853,44587.3
1753591961410,04:52:41.410,bitget,1INCH/USDT:USDT,0.2851,2008.2,0.285,51235.1,0.2852,8029.5,0.2853,44587.3
1753591961560,04:52:41.560,bitget,1INCH/USDT:USDT,0.2851,2008.2,0.285,51235.1,0.2852,8029.5,0.2853,44587.3
1753591961711,04:52:41.711,bitget,1INCH/USDT:USDT,0.2851,2008.2,0.285,51235.1,0.2852,8029.5,0.2853,44587.3
1753591961861,04:52:41.861,bitget,1INCH/USDT:USDT,0.2851,2008.2,0.285,51235.1,0.2852,8029.5,0.2853,44587.3
1753591962011,04:52:42.011,bitget,1INCH/USDT:USDT,0.2851,2008.2,0.285,51235.1,0.2852,8029.5,0.2853,44587.3
1753591962161,04:52:42.161,bitget,1INCH/USDT:USDT,0.2851,2008.2,0.285,51235.1,0.2852,8029.5,0.2853,44587.3
1753591962311,04:52:42.311,bitget,1INCH/USDT:USDT,0.2851,2008.2,0.285,51235.1,0.2852,8029.5,0.2853,44587.3
1753591962461,04:52:42.461,bitget,1INCH/USDT:USDT,0.2851,2008.2,0.285,51235.1,0.2852,8029.5,0.2853,44587.3
1753591962611,04:52:42.611,bitget,1INCH/USDT:USDT,0.2851,2008.2,0.285,51235.1,0.2852,8029.5,0.2853,44587.3
1753591962761,04:52:42.761,bitget,1INCH/USDT:USDT,0.2851,2008.2,0.285,51235.1,0.2852,8029.5,0.2853,44587.3
1753591962911,04:52:42.911,bitget,1INCH/USDT:USDT,0.2851,2008.2,0.285,51235.1,0.2852,8029.5,0.2853,44587.3
1753591963061,04:52:43.061,bitget,1INCH/USDT:USDT,0.2851,2008.2,0.285,51235.1,0.2852,8029.5,0.2853,44587.3
1753591963211,04:52:43.211,bitget,1INCH/USDT:USDT,0.2851,2008.2,0.285,51235.1,0.2852,8029.5,0.2853,44587.3
1753591963361,04:52:43.361,bitget,1INCH/USDT:USDT,0.2851,2008.2,0.285,51235.1,0.2852,8029.5,0.2853,44587.3
1753591963662,04:52:43.662,bitget,1INCH/USDT:USDT,0.2851,2008.2,0.285,51235.1,0.2852,8029.5,0.2853,44587.3
1753591963812,04:52:43.812,bitget,1INCH/USDT:USDT,0.2851,2008.2,0.285,51235.1,0.2852,8029.5,0.2853,44587.3
1753591963962,04:52:43.962,bitget,1INCH/USDT:USDT,0.2851,2008.2,0.285,51235.1,0.2852,8029.5,0.2853,44587.3
1753591964112,04:52:44.112,bitget,1INCH/USDT:USDT,0.2851,2008.2,0.285,51235.1,0.2852,8029.5,0.2853,44587.3
1753591964262,04:52:44.262,bitget,1INCH/USDT:USDT,0.2851,2008.2,0.285,51235.1,0.2852,8029.5,0.2853,44587.3
1753591964412,04:52:44.412,bitget,1INCH/USDT:USDT,0.2851,2008.2,0.285,51235.1,0.2852,8029.5,0.2853,44587.3
1753591964562,04:52:44.562,bitget,1INCH/USDT:USDT,0.2851,2008.2,0.285,51235.1,0.2852,8029.5,0.2853,44587.3
1753591964712,04:52:44.712,bitget,1INCH/USDT:USDT,0.2851,2008.2,0.285,51235.1,0.2852,8029.5,0.2853,44587.3
1753591964862,04:52:44.862,bitget,1INCH/USDT:USDT,0.2851,2008.2,0.285,51235.1,0.2852,8029.5,0.2853,44587.3
1753591965012,04:52:45.012,bitget,1INCH/USDT:USDT,0.2851,2008.2,0.285,51235.1,0.2852,8029.5,0.2853,44587.3
1753591965162,04:52:45.162,bitget,1INCH/USDT:USDT,0.2851,2008.2,0.285,51235.1,0.2852,8029.5,0.2853,44587.3
1753591965313,04:52:45.313,bitget,1INCH/USDT:USDT,0.2851,2008.2,0.285,51235.1,0.2852,8029.5,0.2853,44587.3
1753591965463,04:52:45.463,bitget,1INCH/USDT:USDT,0.2851,2008.2,0.285,51235.1,0.2852,8029.5,0.2853,44587.3
1753591965613,04:52:45.613,bitget,1INCH/USDT:USDT,0.2851,2008.2,0.285,51235.1,0.2852,8029.5,0.2853,44587.3
1753591965763,04:52:45.763,bitget,1INCH/USDT:USDT,0.2851,2008.2,0.285,51235.1,0.2852,8029.5,0.2853,44587.3
1753591965913,04:52:45.913,bitget,1INCH/USDT:USDT,0.2851,2008.2,0.285,51235.1,0.2852,8029.5,0.2853,44587.3
1753591966063,04:52:46.063,bitget,1INCH/USDT:USDT,0.2851,2008.2,0.285,51235.1,0.2852,8029.5,0.2853,44587.3
1753591966213,04:52:46.213,bitget,1INCH/USDT:USDT,0.2851,2008.2,0.285,51235.1,0.2852,8029.5,0.2853,44587.3
1753591966363,04:52:46.363,bitget,1INCH/USDT:USDT,0.2851,2008.2,0.285,51235.1,0.2852,8029.5,0.2853,44587.3
1753591966513,04:52:46.513,bitget,1INCH/USDT:USDT,0.2851,2008.2,0.285,51235.1,0.2852,8029.5,0.2853,44587.3
1753591966663,04:52:46.663,bitget,1INCH/USDT:USDT,0.2851,2008.2,0.285,51235.1,0.2852,7503.6,0.2853,44587.3
1753591966813,04:52:46.813,bitget,1INCH/USDT:USDT,0.2851,2008.2,0.285,51235.1,0.2852,9140.4,0.2853,44587.3
1753591966964,04:52:46.964,bitget,1INCH/USDT:USDT,0.2851,2008.2,0.285,51235.1,0.2852,9140.4,0.2853,44587.3
1753591967114,04:52:47.114,bitget,1INCH/USDT:USDT,0.2851,2008.2,0.285,51235.1,0.2852,9140.4,0.2853,44587.3
1753591967264,04:52:47.264,bitget,1INCH/USDT:USDT,0.2851,2008.2,0.285,51235.1,0.2852,9140.4,0.2853,44587.3
1753591967414,04:52:47.414,bitget,1INCH/USDT:USDT,0.2851,2008.2,0.285,51235.1,0.2852,9140.4,0.2853,44587.3
1753591967564,04:52:47.564,bitget,1INCH/USDT:USDT,0.2851,2008.2,0.285,51235.1,0.2852,9140.4,0.2853,44587.3
1753591967714,04:52:47.714,bitget,1INCH/USDT:USDT,0.2851,2008.2,0.285,51235.1,0.2852,9140.4,0.2853,44587.3
1753591968014,04:52:48.014,bitget,1INCH/USDT:USDT,0.2851,2008.2,0.285,51235.1,0.2852,9140.4,0.2853,44587.3
1753591968164,04:52:48.164,bitget,1INCH/USDT:USDT,0.2851,2008.2,0.285,51235.1,0.2852,8594.8,0.2853,44587.3
1753591968464,04:52:48.464,bitget,1INCH/USDT:USDT,0.2851,2008.2,0.285,51235.1,0.2852,7503.6,0.2853,44587.3
1753591968614,04:52:48.614,bitget,1INCH/USDT:USDT,0.2851,9008.2,0.285,51235.1,0.2852,7503.6,0.2853,44587.3
1753591968764,04:52:48.764,bitget,1INCH/USDT:USDT,0.2851,9008.2,0.285,51235.1,0.2852,7503.6,0.2853,44587.3
1753591968915,04:52:48.915,bitget,1INCH/USDT:USDT,0.2851,9008.2,0.285,51235.1,0.2852,175.4,0.2853,44587.3
1753591969365,04:52:49.365,bitget,1INCH/USDT:USDT,0.2851,9008.2,0.285,51235.1,0.2852,2098.6,0.2853,44587.3
1753591969515,04:52:49.515,bitget,1INCH/USDT:USDT,0.2851,9008.2,0.285,51235.1,0.2852,2098.6,0.2853,44587.3
1753591969665,04:52:49.665,bitget,1INCH/USDT:USDT,0.2851,9008.2,0.285,51235.1,0.2852,2098.6,0.2853,44587.3
1753591969815,04:52:49.815,bitget,1INCH/USDT:USDT,0.2851,9008.2,0.285,51235.1,0.2852,2098.6,0.2853,44587.3
1753591969965,04:52:49.965,bitget,1INCH/USDT:USDT,0.2849,9510.2,0.2848,12878.3,0.285,56678.8,0.2851,14451.9
1753591970115,04:52:50.115,bitget,1INCH/USDT:USDT,0.2849,2605.7,0.2848,21091.1,0.285,5443.7,0.2851,38968.5
1753591970265,04:52:50.265,bitget,1INCH/USDT:USDT,0.2849,9863.9,0.2848,21091.1,0.285,5443.7,0.2851,38968.5
1753591970415,04:52:50.415,bitget,1INCH/USDT:USDT,0.2849,9863.9,0.2848,27564.2,0.285,5443.7,0.2851,38968.5
1753591970565,04:52:50.565,bitget,1INCH/USDT:USDT,0.2849,16863.9,0.2848,27564.2,0.285,5443.7,0.2851,38968.5
1753591970716,04:52:50.716,bitget,1INCH/USDT:USDT,0.2849,16863.9,0.2848,27564.2,0.285,5443.7,0.2851,38968.5
1753591970866,04:52:50.866,bitget,1INCH/USDT:USDT,0.2849,16863.9,0.2848,47965.1,0.285,5443.7,0.2851,38968.5
1753591971016,04:52:51.016,bitget,1INCH/USDT:USDT,0.2849,16863.9,0.2848,47965.1,0.285,5443.7,0.2851,38968.5
1753591971166,04:52:51.166,bitget,1INCH/USDT:USDT,0.2849,16863.9,0.2848,47965.1,0.285,5443.7,0.2851,38968.5
1753591971316,04:52:51.316,bitget,1INCH/USDT:USDT,0.2849,16863.9,0.2848,47965.1,0.285,5443.7,0.2851,38968.5
1753591971466,04:52:51.466,bitget,1INCH/USDT:USDT,0.2849,16863.9,0.2848,47965.1,0.285,5443.7,0.2851,38968.5
1753591971616,04:52:51.616,bitget,1INCH/USDT:USDT,0.2849,16863.9,0.2848,47965.1,0.285,5443.7,0.2851,38968.5
1753591971766,04:52:51.766,bitget,1INCH/USDT:USDT,0.2849,16863.9,0.2848,47965.1,0.285,5443.7,0.2851,38968.5
1753591971916,04:52:51.916,bitget,1INCH/USDT:USDT,0.2849,16863.9,0.2848,47965.1,0.285,5443.7,0.2851,38968.5
1753591972066,04:52:52.066,bitget,1INCH/USDT:USDT,0.2849,16863.9,0.2848,47965.1,0.285,5443.7,0.2851,38968.5
