timestamp,time,symbol,bid1_price,bid1_volume,bid2_price,bid2_volume,ask1_price,ask1_volume,ask2_price,ask2_volume
1753546946089,16:22:26.089,AAVE/USDT:USDT,294.78,29.6,294.77,7.4,294.79,1.1,294.8,0.4
1753546946190,16:22:26.190,AAVE/USDT:USDT,294.78,29.6,294.77,7.4,294.79,1.1,294.8,0.4
1753546946413,16:22:26.413,AAVE/USDT:USDT,294.78,29.3,294.77,6.7,294.79,8.4,294.8,0.4
1753546946539,16:22:26.539,AAVE/USDT:USDT,294.78,29.3,294.77,6.7,294.79,1.1,294.8,0.4
1753546946646,16:22:26.646,AAVE/USDT:USDT,294.78,29.3,294.77,6.7,294.79,1.1,294.8,0.4
1753546946749,16:22:26.749,AAVE/USDT:USDT,294.78,29.3,294.77,6.7,294.79,1.1,294.8,0.4
1753546946852,16:22:26.852,AAVE/USDT:USDT,294.78,29.3,294.77,6.7,294.79,1.1,294.8,0.4
1753546947167,16:22:27.167,AAVE/USDT:USDT,294.81,32.3,294.8,27.2,294.82,0.2,294.83,1.0
1753546947268,16:22:27.268,AAVE/USDT:USDT,294.81,36.1,294.8,28.8,294.82,0.2,294.83,0.1
1753546947375,16:22:27.375,AAVE/USDT:USDT,294.81,36.1,294.8,23.8,294.82,0.2,294.83,0.1
1753546947478,16:22:27.478,AAVE/USDT:USDT,294.81,36.4,294.8,27.2,294.82,0.2,294.83,0.1
1753546948037,16:22:28.037,AAVE/USDT:USDT,294.83,19.4,294.82,13.2,294.84,6.3,294.85,1.7
1753546948239,16:22:28.239,AAVE/USDT:USDT,294.83,0.5,294.82,7.7,294.84,6.3,294.85,2.6
1753546948349,16:22:28.349,AAVE/USDT:USDT,294.83,0.5,294.82,7.7,294.84,6.3,294.85,2.6
1753546948453,16:22:28.453,AAVE/USDT:USDT,294.83,0.5,294.82,7.7,294.84,7.9,294.85,2.6
1753546948555,16:22:28.555,AAVE/USDT:USDT,294.83,10.2,294.82,7.7,294.84,7.9,294.85,1.7
1753546948777,16:22:28.777,AAVE/USDT:USDT,294.83,10.2,294.82,7.7,294.84,1.8,294.85,1.7
1753546948878,16:22:28.878,AAVE/USDT:USDT,294.83,16.8,294.82,12.7,294.84,1.8,294.85,1.7
1753546949453,16:22:29.453,AAVE/USDT:USDT,294.83,0.8,294.82,7.7,294.84,9.0,294.85,1.8
1753546949558,16:22:29.558,AAVE/USDT:USDT,294.83,0.7,294.82,1.6,294.84,11.3,294.85,2.7
1753546949662,16:22:29.662,AAVE/USDT:USDT,294.83,0.8,294.82,1.6,294.84,10.5,294.85,2.7
1753546949768,16:22:29.768,AAVE/USDT:USDT,294.83,0.8,294.82,1.6,294.84,10.5,294.85,2.7
1753546950524,16:22:30.524,AAVE/USDT:USDT,294.81,12.7,294.8,3.2,294.82,8.3,294.83,5.5
1753546950627,16:22:30.627,AAVE/USDT:USDT,294.81,9.2,294.8,3.2,294.82,8.3,294.83,5.5
1753546950838,16:22:30.838,AAVE/USDT:USDT,294.81,9.2,294.8,3.3,294.82,8.3,294.83,5.5
1753546951043,16:22:31.043,AAVE/USDT:USDT,294.81,9.2,294.8,3.3,294.82,8.3,294.83,5.5
1753546951753,16:22:31.753,AAVE/USDT:USDT,294.81,11.6,294.8,3.3,294.82,9.8,294.83,5.5
1753546952237,16:22:32.237,AAVE/USDT:USDT,294.81,11.6,294.8,3.3,294.82,9.8,294.83,5.5
1753546952340,16:22:32.340,AAVE/USDT:USDT,294.81,15.1,294.8,3.3,294.82,8.3,294.83,2.4
1753546953066,16:22:33.066,AAVE/USDT:USDT,294.83,21.9,294.82,7.7,294.84,0.2,294.85,0.5
1753546953193,16:22:33.193,AAVE/USDT:USDT,294.83,20.3,294.82,7.7,294.84,6.3,294.85,0.5
1753546953725,16:22:33.725,AAVE/USDT:USDT,294.83,20.4,294.82,10.5,294.84,0.2,294.85,0.5
1753546953845,16:22:33.845,AAVE/USDT:USDT,294.83,25.4,294.82,15.5,294.84,0.2,294.85,0.5
1753546953948,16:22:33.948,AAVE/USDT:USDT,294.83,25.4,294.82,15.5,294.84,0.2,294.85,0.5
1753546954051,16:22:34.051,AAVE/USDT:USDT,294.83,25.4,294.82,15.5,294.84,0.2,294.85,0.5
1753546954154,16:22:34.154,AAVE/USDT:USDT,294.83,25.4,294.82,15.5,294.84,0.2,294.85,0.5
1753546954655,16:22:34.655,AAVE/USDT:USDT,294.83,27.4,294.82,7.7,294.84,0.2,294.85,0.5
1753546954758,16:22:34.758,AAVE/USDT:USDT,294.83,27.4,294.82,7.7,294.84,2.1,294.85,0.5
1753546954861,16:22:34.861,AAVE/USDT:USDT,294.83,27.4,294.82,7.7,294.84,2.2,294.85,0.5
1753546954964,16:22:34.964,AAVE/USDT:USDT,294.83,25.6,294.82,7.7,294.84,2.2,294.85,0.5
1753546955110,16:22:35.110,AAVE/USDT:USDT,294.83,25.6,294.82,7.7,294.84,2.2,294.85,0.5
1753546955213,16:22:35.213,AAVE/USDT:USDT,294.83,25.6,294.82,7.7,294.84,2.2,294.85,0.5
1753546955358,16:22:35.358,AAVE/USDT:USDT,294.83,25.6,294.82,7.7,294.84,10.3,294.85,0.5
1753546955459,16:22:35.459,AAVE/USDT:USDT,294.83,25.7,294.82,7.7,294.84,10.5,294.85,0.5
1753546955560,16:22:35.560,AAVE/USDT:USDT,294.83,25.7,294.82,7.7,294.84,10.5,294.85,0.5
1753546955765,16:22:35.765,AAVE/USDT:USDT,294.86,26.7,294.84,20.7,294.87,6.4,294.88,3.2
1753546955876,16:22:35.876,AAVE/USDT:USDT,294.86,27.3,294.84,20.7,294.87,6.4,294.88,3.2
1753546955978,16:22:35.978,AAVE/USDT:USDT,294.86,27.3,294.84,20.7,294.87,6.4,294.88,3.2
1753546956085,16:22:36.085,AAVE/USDT:USDT,294.86,27.3,294.84,20.7,294.87,6.4,294.88,3.2
1753546956188,16:22:36.188,AAVE/USDT:USDT,294.86,27.3,294.84,20.7,294.87,6.4,294.88,3.2
1753546956291,16:22:36.291,AAVE/USDT:USDT,294.86,27.3,294.84,20.7,294.87,6.4,294.88,1.6
1753546956512,16:22:36.512,AAVE/USDT:USDT,294.86,22.7,294.84,20.7,294.87,6.4,294.88,1.6
1753546956817,16:22:36.817,AAVE/USDT:USDT,294.86,22.7,294.84,19.8,294.87,6.4,294.88,1.6
1753546956923,16:22:36.923,AAVE/USDT:USDT,294.86,22.9,294.84,19.8,294.87,6.4,294.88,1.6
1753546957037,16:22:37.037,AAVE/USDT:USDT,294.86,22.9,294.84,19.8,294.87,6.4,294.88,1.6
1753546957140,16:22:37.140,AAVE/USDT:USDT,294.86,22.7,294.84,19.8,294.87,6.4,294.88,1.6
1753546957248,16:22:37.248,AAVE/USDT:USDT,294.86,22.7,294.84,19.8,294.87,6.4,294.88,1.6
1753546957349,16:22:37.349,AAVE/USDT:USDT,294.86,23.2,294.85,1.6,294.87,0.2,294.88,0.1
1753546957450,16:22:37.450,AAVE/USDT:USDT,294.86,24.7,294.85,1.6,294.87,0.2,294.88,0.1
1753546957552,16:22:37.552,AAVE/USDT:USDT,294.86,26.8,294.85,1.6,294.87,0.2,294.88,0.1
1753546957682,16:22:37.682,AAVE/USDT:USDT,294.86,27.0,294.84,19.8,294.87,6.4,294.88,0.1
1753546957788,16:22:37.788,AAVE/USDT:USDT,294.86,27.0,294.84,19.8,294.87,6.4,294.88,0.1
1753546957890,16:22:37.890,AAVE/USDT:USDT,294.86,27.0,294.84,19.8,294.87,6.4,294.88,0.1
1753546958017,16:22:38.017,AAVE/USDT:USDT,294.86,27.0,294.84,19.8,294.87,6.4,294.88,0.2
1753546958131,16:22:38.131,AAVE/USDT:USDT,294.86,27.0,294.84,19.8,294.87,6.4,294.88,0.2
1753546958234,16:22:38.234,AAVE/USDT:USDT,294.86,27.0,294.84,19.8,294.87,6.4,294.88,0.2
1753546958339,16:22:38.339,AAVE/USDT:USDT,294.86,27.0,294.84,19.8,294.87,6.4,294.88,0.2
1753546958460,16:22:38.460,AAVE/USDT:USDT,294.86,27.0,294.84,19.8,294.87,6.4,294.88,0.2
1753546958563,16:22:38.563,AAVE/USDT:USDT,294.86,27.0,294.84,19.8,294.87,6.4,294.88,0.2
1753546958725,16:22:38.725,AAVE/USDT:USDT,294.86,27.0,294.84,19.8,294.87,6.4,294.88,0.2
1753546958831,16:22:38.831,AAVE/USDT:USDT,294.86,5.7,294.84,19.8,294.87,10.2,294.88,1.7
1753546958934,16:22:38.934,AAVE/USDT:USDT,294.86,1.4,294.84,11.3,294.87,10.3,294.88,6.1
1753546959037,16:22:39.037,AAVE/USDT:USDT,294.86,1.4,294.85,1.6,294.87,10.3,294.88,5.3
1753546959260,16:22:39.260,AAVE/USDT:USDT,294.86,3.7,294.85,1.6,294.87,10.3,294.88,5.3
1753546959366,16:22:39.366,AAVE/USDT:USDT,294.86,4.2,294.85,1.6,294.87,10.3,294.88,3.8
1753546959472,16:22:39.472,AAVE/USDT:USDT,294.86,4.4,294.85,1.6,294.87,10.3,294.88,3.8
1753546959575,16:22:39.575,AAVE/USDT:USDT,294.86,4.4,294.85,1.6,294.87,10.3,294.88,3.8
1753546959695,16:22:39.695,AAVE/USDT:USDT,294.86,4.4,294.84,11.3,294.87,10.3,294.88,3.8
1753546959808,16:22:39.808,AAVE/USDT:USDT,294.86,4.4,294.84,11.3,294.87,10.3,294.88,3.8
1753546959913,16:22:39.913,AAVE/USDT:USDT,294.86,4.5,294.84,11.3,294.87,10.3,294.88,3.8
1753546960019,16:22:40.019,AAVE/USDT:USDT,294.87,51.4,294.86,19.5,294.88,0.1,294.89,0.4
1753546960120,16:22:40.120,AAVE/USDT:USDT,294.87,5.8,294.86,10.4,294.88,8.8,294.89,0.3
1753546960221,16:22:40.221,AAVE/USDT:USDT,294.87,0.8,294.86,4.4,294.88,9.0,294.89,0.3
1753546960323,16:22:40.323,AAVE/USDT:USDT,294.86,5.2,294.84,1.1,294.87,17.9,294.88,7.7
1753546960426,16:22:40.426,AAVE/USDT:USDT,294.86,5.0,294.85,0.9,294.87,17.9,294.88,7.7
1753546960536,16:22:40.536,AAVE/USDT:USDT,294.86,5.8,294.84,1.1,294.87,18.0,294.88,7.7
1753546960642,16:22:40.642,AAVE/USDT:USDT,294.84,0.7,294.83,1.2,294.85,34.4,294.86,11.5
1753546960744,16:22:40.744,AAVE/USDT:USDT,294.84,0.8,294.83,1.2,294.85,34.5,294.86,11.5
1753546960848,16:22:40.848,AAVE/USDT:USDT,294.85,13.7,294.84,11.6,294.86,6.1,294.87,13.5
1753546960949,16:22:40.949,AAVE/USDT:USDT,294.85,4.1,294.84,8.3,294.86,6.2,294.87,13.5
1753546961052,16:22:41.052,AAVE/USDT:USDT,294.86,27.1,294.85,1.4,294.87,6.2,294.88,6.2
1753546961155,16:22:41.155,AAVE/USDT:USDT,294.87,4.8,294.86,13.8,294.88,6.3,294.89,0.4
1753546961258,16:22:41.258,AAVE/USDT:USDT,294.87,2.6,294.86,13.8,294.88,7.0,294.89,0.4
1753546961414,16:22:41.414,AAVE/USDT:USDT,294.87,2.6,294.86,13.8,294.88,8.7,294.89,0.4
1753546961519,16:22:41.519,AAVE/USDT:USDT,294.87,2.8,294.86,13.8,294.88,8.7,294.89,0.4
1753546961622,16:22:41.622,AAVE/USDT:USDT,294.87,2.8,294.86,13.8,294.88,8.7,294.89,0.4
1753546961728,16:22:41.728,AAVE/USDT:USDT,294.87,2.8,294.86,10.7,294.88,8.7,294.89,0.4
1753546961834,16:22:41.834,AAVE/USDT:USDT,294.87,2.8,294.86,7.6,294.88,8.7,294.89,0.4
1753546961967,16:22:41.967,AAVE/USDT:USDT,294.87,2.8,294.86,2.4,294.88,8.7,294.89,0.4
1753546962070,16:22:42.070,AAVE/USDT:USDT,294.87,2.8,294.86,2.4,294.88,8.7,294.89,0.4
1753546962172,16:22:42.172,AAVE/USDT:USDT,294.87,0.1,294.85,3.8,294.88,10.2,294.89,3.8
1753546962274,16:22:42.274,AAVE/USDT:USDT,294.87,0.8,294.85,4.7,294.88,10.2,294.89,3.8
1753546962382,16:22:42.382,AAVE/USDT:USDT,294.87,0.9,294.86,0.9,294.88,10.2,294.89,3.0
1753546962486,16:22:42.486,AAVE/USDT:USDT,294.87,0.9,294.86,0.9,294.88,10.2,294.89,2.9
1753546962592,16:22:42.592,AAVE/USDT:USDT,294.87,0.5,294.85,3.8,294.88,10.2,294.89,6.3
1753546962694,16:22:42.694,AAVE/USDT:USDT,294.87,0.5,294.85,3.8,294.88,10.2,294.89,6.3
1753546962798,16:22:42.798,AAVE/USDT:USDT,294.87,0.5,294.85,3.8,294.88,10.2,294.89,8.5
1753546962904,16:22:42.904,AAVE/USDT:USDT,294.87,0.5,294.85,3.8,294.88,10.2,294.89,8.5
1753546963009,16:22:43.009,AAVE/USDT:USDT,294.87,0.5,294.85,3.8,294.88,10.5,294.89,8.5
1753546963110,16:22:43.110,AAVE/USDT:USDT,294.87,0.5,294.85,3.8,294.88,10.5,294.89,8.5
1753546963214,16:22:43.214,AAVE/USDT:USDT,294.87,0.5,294.85,3.8,294.88,10.6,294.89,8.5
1753546963324,16:22:43.324,AAVE/USDT:USDT,294.87,0.5,294.85,3.8,294.88,10.6,294.89,8.5
1753546963448,16:22:43.448,AAVE/USDT:USDT,294.87,0.5,294.85,3.8,294.88,10.6,294.89,8.5
1753546963555,16:22:43.555,AAVE/USDT:USDT,294.87,0.5,294.85,3.8,294.88,10.6,294.89,15.0
1753546963658,16:22:43.658,AAVE/USDT:USDT,294.87,0.5,294.85,3.8,294.88,10.6,294.89,15.0
1753546963761,16:22:43.761,AAVE/USDT:USDT,294.87,0.4,294.85,3.8,294.88,10.6,294.89,3.5
1753546963863,16:22:43.863,AAVE/USDT:USDT,294.87,0.5,294.86,0.9,294.88,10.6,294.89,0.4
1753546963966,16:22:43.966,AAVE/USDT:USDT,294.87,6.6,294.86,2.4,294.88,10.6,294.89,0.4
1753546964080,16:22:44.080,AAVE/USDT:USDT,294.87,6.6,294.86,1.5,294.88,10.6,294.89,0.4
1753546964183,16:22:44.183,AAVE/USDT:USDT,294.87,6.8,294.86,1.5,294.88,10.6,294.89,0.4
1753546964302,16:22:44.302,AAVE/USDT:USDT,294.87,6.8,294.86,1.5,294.88,10.6,294.89,0.4
1753546964409,16:22:44.409,AAVE/USDT:USDT,294.87,6.8,294.86,1.5,294.88,10.6,294.89,0.4
1753546964510,16:22:44.510,AAVE/USDT:USDT,294.87,10.3,294.86,1.5,294.88,10.6,294.89,0.4
1753546964613,16:22:44.613,AAVE/USDT:USDT,294.87,10.3,294.86,2.4,294.88,10.6,294.89,0.4
1753546964716,16:22:44.716,AAVE/USDT:USDT,294.87,6.8,294.86,1.5,294.88,10.6,294.89,0.4
1753546964837,16:22:44.837,AAVE/USDT:USDT,294.87,6.9,294.86,1.5,294.88,10.6,294.89,0.4
1753546964945,16:22:44.945,AAVE/USDT:USDT,294.87,6.9,294.86,1.5,294.88,10.6,294.89,0.4
1753546965264,16:22:45.264,AAVE/USDT:USDT,294.87,10.4,294.86,2.4,294.88,3.0,294.89,0.4
1753546965374,16:22:45.374,AAVE/USDT:USDT,294.87,14.0,294.86,2.4,294.88,3.0,294.89,0.4
1753546965475,16:22:45.475,AAVE/USDT:USDT,294.87,14.0,294.86,2.4,294.88,3.0,294.89,0.4
1753546965608,16:22:45.608,AAVE/USDT:USDT,294.87,14.0,294.86,2.4,294.88,3.0,294.89,0.4
1753546966006,16:22:46.006,AAVE/USDT:USDT,294.87,12.4,294.86,7.4,294.88,3.0,294.89,0.4
1753546966133,16:22:46.133,AAVE/USDT:USDT,294.87,12.4,294.86,7.4,294.88,3.0,294.89,0.4
1753546966240,16:22:46.240,AAVE/USDT:USDT,294.87,12.4,294.86,7.4,294.88,3.0,294.89,0.4
1753546966342,16:22:46.342,AAVE/USDT:USDT,294.87,12.4,294.86,7.4,294.88,3.0,294.89,0.4
1753546966455,16:22:46.455,AAVE/USDT:USDT,294.87,19.0,294.86,6.5,294.88,5.8,294.89,0.4
1753546966664,16:22:46.664,AAVE/USDT:USDT,294.87,19.0,294.86,6.5,294.88,5.8,294.89,0.4
1753546966768,16:22:46.768,AAVE/USDT:USDT,294.87,19.0,294.86,6.5,294.88,5.8,294.89,0.4
1753546966870,16:22:46.870,AAVE/USDT:USDT,294.87,19.0,294.86,6.5,294.88,5.8,294.89,0.4
1753546966973,16:22:46.973,AAVE/USDT:USDT,294.87,19.0,294.86,6.5,294.88,5.8,294.89,0.4
1753546967075,16:22:47.075,AAVE/USDT:USDT,294.87,19.2,294.86,6.5,294.88,5.2,294.89,0.4
1753546967197,16:22:47.197,AAVE/USDT:USDT,294.87,18.8,294.86,6.5,294.88,5.2,294.89,0.4
1753546967313,16:22:47.313,AAVE/USDT:USDT,294.87,19.3,294.86,1.5,294.88,5.2,294.89,0.4
1753546967460,16:22:47.460,AAVE/USDT:USDT,294.87,19.3,294.86,1.5,294.88,5.2,294.89,0.4
1753546967578,16:22:47.578,AAVE/USDT:USDT,294.87,19.1,294.86,1.5,294.88,5.2,294.89,0.4
1753546967681,16:22:47.681,AAVE/USDT:USDT,294.87,13.0,294.86,1.5,294.88,5.2,294.89,5.4
1753546967784,16:22:47.784,AAVE/USDT:USDT,294.87,11.0,294.86,1.5,294.88,5.2,294.89,7.8
1753546967894,16:22:47.894,AAVE/USDT:USDT,294.87,11.0,294.86,1.5,294.88,5.2,294.89,7.9
1753546968022,16:22:48.022,AAVE/USDT:USDT,294.87,11.0,294.86,1.5,294.88,5.2,294.89,7.9
1753546968129,16:22:48.129,AAVE/USDT:USDT,294.87,11.0,294.86,1.5,294.88,5.2,294.89,7.9
1753546968231,16:22:48.231,AAVE/USDT:USDT,294.87,11.3,294.86,1.5,294.88,5.2,294.89,5.5
1753546968334,16:22:48.334,AAVE/USDT:USDT,294.87,11.3,294.86,1.5,294.88,5.2,294.89,5.5
1753546968490,16:22:48.490,AAVE/USDT:USDT,294.87,11.5,294.86,1.5,294.88,5.2,294.89,5.4
1753546968593,16:22:48.593,AAVE/USDT:USDT,294.87,11.5,294.86,1.5,294.88,5.2,294.89,5.4
1753546968704,16:22:48.704,AAVE/USDT:USDT,294.87,13.2,294.86,1.5,294.88,5.2,294.89,5.4
1753546968808,16:22:48.808,AAVE/USDT:USDT,294.87,14.1,294.86,2.2,294.88,5.2,294.89,0.3
1753546968913,16:22:48.913,AAVE/USDT:USDT,294.87,16.3,294.86,5.8,294.88,5.2,294.89,0.3
1753546969017,16:22:49.017,AAVE/USDT:USDT,294.87,16.3,294.86,5.8,294.88,5.2,294.89,0.3
1753546969130,16:22:49.130,AAVE/USDT:USDT,294.87,12.8,294.86,2.2,294.88,5.2,294.89,0.3
1753546969248,16:22:49.248,AAVE/USDT:USDT,294.87,12.8,294.86,2.2,294.88,5.2,294.89,0.3
1753546969377,16:22:49.377,AAVE/USDT:USDT,294.87,12.8,294.86,2.2,294.88,5.2,294.89,0.3
1753546969486,16:22:49.486,AAVE/USDT:USDT,294.87,15.2,294.86,2.2,294.88,5.2,294.89,0.3
1753546969589,16:22:49.589,AAVE/USDT:USDT,294.87,15.2,294.86,2.2,294.88,5.2,294.89,0.3
1753546969693,16:22:49.693,AAVE/USDT:USDT,294.87,13.5,294.86,1.5,294.88,5.2,294.89,0.3
1753546969828,16:22:49.828,AAVE/USDT:USDT,294.87,15.2,294.86,2.2,294.88,5.2,294.89,0.3
1753546969931,16:22:49.931,AAVE/USDT:USDT,294.87,13.5,294.86,2.2,294.88,5.2,294.89,0.3
1753546970078,16:22:50.078,AAVE/USDT:USDT,294.87,13.5,294.86,1.5,294.88,5.2,294.89,0.4
1753546970180,16:22:50.180,AAVE/USDT:USDT,294.87,13.5,294.86,1.5,294.88,5.2,294.89,0.4
1753546970283,16:22:50.283,AAVE/USDT:USDT,294.87,13.5,294.86,1.5,294.88,5.2,294.89,0.4
1753546970386,16:22:50.386,AAVE/USDT:USDT,294.87,13.5,294.86,1.5,294.88,5.2,294.89,0.4
1753546970488,16:22:50.488,AAVE/USDT:USDT,294.87,13.5,294.86,1.5,294.88,5.2,294.89,0.4
1753546970854,16:22:50.854,AAVE/USDT:USDT,294.87,12.6,294.86,1.5,294.88,5.2,294.89,0.4
1753546970955,16:22:50.955,AAVE/USDT:USDT,294.87,13.4,294.86,1.5,294.88,9.7,294.89,0.3
1753546971057,16:22:51.057,AAVE/USDT:USDT,294.87,13.4,294.86,1.5,294.88,9.7,294.89,0.3
1753546971168,16:22:51.168,AAVE/USDT:USDT,294.87,13.4,294.86,1.5,294.88,9.7,294.89,0.3
1753546971372,16:22:51.372,AAVE/USDT:USDT,294.87,13.5,294.86,1.5,294.88,9.7,294.89,0.3
1753546971474,16:22:51.474,AAVE/USDT:USDT,294.87,15.2,294.86,1.5,294.88,6.9,294.89,0.3
1753546971577,16:22:51.577,AAVE/USDT:USDT,294.87,15.2,294.86,1.5,294.88,6.9,294.89,0.3
1753546971727,16:22:51.727,AAVE/USDT:USDT,294.87,15.2,294.86,1.5,294.88,6.9,294.89,0.3
1753546971830,16:22:51.830,AAVE/USDT:USDT,294.87,15.3,294.86,1.5,294.88,6.9,294.89,0.3
1753546971983,16:22:51.983,AAVE/USDT:USDT,294.87,15.3,294.86,1.5,294.88,6.9,294.89,0.3
1753546972087,16:22:52.087,AAVE/USDT:USDT,294.87,15.3,294.86,2.2,294.88,0.8,294.89,0.3
1753546972190,16:22:52.190,AAVE/USDT:USDT,294.87,15.9,294.86,1.5,294.88,6.9,294.89,0.3
1753546972291,16:22:52.291,AAVE/USDT:USDT,294.87,15.9,294.86,1.5,294.88,6.9,294.89,0.3
1753546972406,16:22:52.406,AAVE/USDT:USDT,294.87,15.9,294.86,2.2,294.88,0.2,294.89,0.3
1753546972509,16:22:52.509,AAVE/USDT:USDT,294.87,15.9,294.86,2.2,294.88,0.2,294.89,0.3
1753546972611,16:22:52.611,AAVE/USDT:USDT,294.87,20.9,294.86,9.3,294.88,0.2,294.89,0.3
1753546972714,16:22:52.714,AAVE/USDT:USDT,294.87,20.9,294.86,9.3,294.88,0.2,294.89,0.3
1753546972816,16:22:52.816,AAVE/USDT:USDT,294.87,19.2,294.86,6.5,294.88,0.2,294.89,0.3
1753546972919,16:22:52.919,AAVE/USDT:USDT,294.87,19.2,294.86,6.5,294.88,0.2,294.89,0.3
1753546973102,16:22:53.102,AAVE/USDT:USDT,294.87,19.2,294.86,6.5,294.88,0.2,294.89,0.3
1753546973206,16:22:53.206,AAVE/USDT:USDT,294.87,19.2,294.86,6.5,294.88,0.2,294.89,0.3
1753546973361,16:22:53.361,AAVE/USDT:USDT,294.87,19.2,294.86,6.5,294.88,0.2,294.89,0.3
1753546973463,16:22:53.463,AAVE/USDT:USDT,294.87,19.2,294.86,6.5,294.88,0.2,294.89,0.4
1753546973603,16:22:53.603,AAVE/USDT:USDT,294.87,19.2,294.86,6.5,294.88,0.2,294.89,0.4
1753546973706,16:22:53.706,AAVE/USDT:USDT,294.87,19.2,294.86,6.5,294.88,0.2,294.89,0.4
1753546973808,16:22:53.808,AAVE/USDT:USDT,294.87,19.2,294.86,6.5,294.88,0.2,294.89,0.4
1753546973963,16:22:53.963,AAVE/USDT:USDT,294.87,19.2,294.86,6.5,294.88,0.2,294.89,0.4
1753546974066,16:22:54.066,AAVE/USDT:USDT,294.87,19.2,294.86,6.5,294.88,0.2,294.89,0.4
1753546974168,16:22:54.168,AAVE/USDT:USDT,294.87,19.4,294.86,6.5,294.88,0.2,294.89,0.4
1753546974369,16:22:54.369,AAVE/USDT:USDT,294.87,19.4,294.86,6.5,294.88,0.2,294.89,0.4
1753546974472,16:22:54.472,AAVE/USDT:USDT,294.87,19.4,294.86,6.5,294.88,0.2,294.89,0.4
1753546974574,16:22:54.574,AAVE/USDT:USDT,294.87,19.4,294.86,6.5,294.88,0.2,294.89,0.4
1753546974757,16:22:54.757,AAVE/USDT:USDT,294.87,19.4,294.86,6.5,294.88,0.2,294.89,0.4
1753546974860,16:22:54.860,AAVE/USDT:USDT,294.87,19.4,294.86,6.5,294.88,0.2,294.89,0.4
1753546974963,16:22:54.963,AAVE/USDT:USDT,294.87,19.4,294.86,6.5,294.88,0.2,294.89,0.4
1753546975261,16:22:55.261,AAVE/USDT:USDT,294.87,19.2,294.86,6.5,294.88,0.2,294.89,0.3
1753546975362,16:22:55.362,AAVE/USDT:USDT,294.87,19.6,294.86,6.6,294.88,0.2,294.89,0.3
1753546975465,16:22:55.465,AAVE/USDT:USDT,294.87,19.5,294.86,6.6,294.88,0.2,294.89,0.3
1753546975579,16:22:55.579,AAVE/USDT:USDT,294.87,20.9,294.86,6.7,294.88,0.2,294.89,0.3
1753546975683,16:22:55.683,AAVE/USDT:USDT,294.87,20.9,294.86,6.7,294.88,0.2,294.89,0.3
1753546975787,16:22:55.787,AAVE/USDT:USDT,294.87,20.9,294.86,6.7,294.88,0.2,294.89,0.3
1753546975889,16:22:55.889,AAVE/USDT:USDT,294.87,20.9,294.86,6.7,294.88,0.2,294.89,0.3
1753546975992,16:22:55.992,AAVE/USDT:USDT,294.87,20.9,294.86,6.7,294.88,0.2,294.89,0.3
1753546976095,16:22:56.095,AAVE/USDT:USDT,294.87,20.9,294.86,6.7,294.88,0.2,294.89,0.3
1753546976283,16:22:56.283,AAVE/USDT:USDT,294.87,20.9,294.86,6.7,294.88,0.2,294.89,0.3
1753546976386,16:22:56.386,AAVE/USDT:USDT,294.87,20.7,294.86,6.7,294.89,0.3,294.9,7.5
1753546976488,16:22:56.488,AAVE/USDT:USDT,294.88,23.8,294.87,24.0,294.89,0.3,294.9,7.5
1753546976592,16:22:56.592,AAVE/USDT:USDT,294.88,18.7,294.87,14.8,294.89,6.4,294.9,7.4
1753546976696,16:22:56.696,AAVE/USDT:USDT,294.88,18.7,294.87,14.8,294.89,6.5,294.9,7.4
1753546976800,16:22:56.800,AAVE/USDT:USDT,294.88,18.7,294.87,14.8,294.89,6.5,294.9,7.4
1753546976903,16:22:56.903,AAVE/USDT:USDT,294.88,18.7,294.87,14.7,294.89,6.5,294.9,7.4
1753546977006,16:22:57.006,AAVE/USDT:USDT,294.88,22.8,294.87,14.7,294.89,6.5,294.9,7.4
1753546977110,16:22:57.110,AAVE/USDT:USDT,294.88,22.8,294.87,14.7,294.89,6.5,294.9,7.4
1753546977218,16:22:57.218,AAVE/USDT:USDT,294.88,22.8,294.87,14.7,294.89,6.5,294.9,7.4
1753546977355,16:22:57.355,AAVE/USDT:USDT,294.88,22.8,294.87,14.7,294.89,6.5,294.9,7.4
1753546977460,16:22:57.460,AAVE/USDT:USDT,294.88,22.9,294.87,13.0,294.89,6.5,294.9,7.4
1753546977570,16:22:57.570,AAVE/USDT:USDT,294.88,23.7,294.87,13.0,294.89,6.5,294.9,7.4
1753546977673,16:22:57.673,AAVE/USDT:USDT,294.88,23.7,294.87,13.0,294.89,6.5,294.9,7.4
1753546977776,16:22:57.776,AAVE/USDT:USDT,294.88,23.7,294.87,13.0,294.89,6.5,294.9,7.4
1753546977899,16:22:57.899,AAVE/USDT:USDT,294.9,20.2,294.89,23.9,294.91,0.2,294.92,0.8
1753546978002,16:22:58.002,AAVE/USDT:USDT,294.9,22.0,294.89,32.9,294.91,0.2,294.92,0.8
1753546978105,16:22:58.105,AAVE/USDT:USDT,294.9,20.5,294.89,35.9,294.91,0.2,294.92,0.8
1753546978207,16:22:58.207,AAVE/USDT:USDT,294.9,20.5,294.89,26.9,294.91,0.2,294.92,0.8
1753546978310,16:22:58.310,AAVE/USDT:USDT,294.9,21.1,294.89,26.9,294.91,0.2,294.92,0.8
1753546978413,16:22:58.413,AAVE/USDT:USDT,294.9,21.1,294.89,26.9,294.91,0.2,294.92,0.8
1753546978528,16:22:58.528,AAVE/USDT:USDT,294.9,27.6,294.89,26.9,294.91,0.2,294.92,0.8
1753546978648,16:22:58.648,AAVE/USDT:USDT,294.91,18.3,294.9,30.1,294.92,0.6,294.93,0.3
1753546978753,16:22:58.753,AAVE/USDT:USDT,294.91,18.5,294.9,30.1,294.92,0.6,294.93,0.3
1753546978865,16:22:58.865,AAVE/USDT:USDT,294.91,18.5,294.9,30.1,294.92,0.6,294.93,0.3
1753546979069,16:22:59.069,AAVE/USDT:USDT,294.91,6.8,294.9,9.4,294.92,11.2,294.93,0.2
1753546979190,16:22:59.190,AAVE/USDT:USDT,294.91,6.8,294.9,9.4,294.92,11.2,294.93,0.2
1753546979307,16:22:59.307,AAVE/USDT:USDT,294.91,8.9,294.9,9.4,294.92,9.8,294.93,0.2
1753546979409,16:22:59.409,AAVE/USDT:USDT,294.91,8.9,294.9,9.4,294.92,9.8,294.93,0.2
1753546979512,16:22:59.512,AAVE/USDT:USDT,294.91,12.4,294.9,7.9,294.92,6.7,294.93,0.2
1753546979635,16:22:59.635,AAVE/USDT:USDT,294.91,12.4,294.9,7.9,294.92,6.7,294.93,0.2
1753546979746,16:22:59.746,AAVE/USDT:USDT,294.91,14.0,294.9,7.9,294.92,6.7,294.93,0.2
1753546979854,16:22:59.854,AAVE/USDT:USDT,294.91,14.0,294.9,7.9,294.92,6.5,294.93,0.2
1753546979980,16:22:59.980,AAVE/USDT:USDT,294.91,14.0,294.9,7.9,294.92,6.5,294.93,0.2
1753546980102,16:23:00.102,AAVE/USDT:USDT,294.91,10.0,294.9,7.9,294.92,6.5,294.93,0.2
1753546980203,16:23:00.203,AAVE/USDT:USDT,294.91,6.2,294.9,1.5,294.92,7.9,294.93,0.2
1753546980306,16:23:00.306,AAVE/USDT:USDT,294.91,7.9,294.9,7.2,294.92,7.1,294.93,0.2
1753546980408,16:23:00.408,AAVE/USDT:USDT,294.91,6.7,294.9,6.5,294.92,6.4,294.93,0.2
1753546980518,16:23:00.518,AAVE/USDT:USDT,294.91,6.1,294.9,6.5,294.92,6.4,294.93,0.2
1753546980622,16:23:00.622,AAVE/USDT:USDT,294.91,6.1,294.9,6.5,294.92,6.4,294.93,0.2
1753546980724,16:23:00.724,AAVE/USDT:USDT,294.91,6.1,294.9,6.5,294.92,6.4,294.93,0.2
1753546980826,16:23:00.826,AAVE/USDT:USDT,294.91,7.8,294.9,6.5,294.92,6.4,294.93,0.2
1753546980927,16:23:00.927,AAVE/USDT:USDT,294.91,8.0,294.9,6.5,294.92,6.4,294.93,0.2
1753546981036,16:23:01.036,AAVE/USDT:USDT,294.91,6.3,294.9,6.5,294.92,6.4,294.93,0.2
1753546981140,16:23:01.140,AAVE/USDT:USDT,294.91,6.1,294.9,6.5,294.92,6.4,294.93,0.2
1753546981243,16:23:01.243,AAVE/USDT:USDT,294.91,6.1,294.9,6.5,294.92,6.4,294.93,0.2
1753546981370,16:23:01.370,AAVE/USDT:USDT,294.91,6.1,294.9,6.5,294.92,6.4,294.93,0.2
1753546981481,16:23:01.481,AAVE/USDT:USDT,294.91,6.1,294.9,6.5,294.92,6.4,294.93,0.2
1753546981584,16:23:01.584,AAVE/USDT:USDT,294.91,6.1,294.9,6.5,294.92,6.4,294.93,0.2
1753546981688,16:23:01.688,AAVE/USDT:USDT,294.91,6.4,294.9,6.5,294.92,6.4,294.93,0.2
1753546981798,16:23:01.798,AAVE/USDT:USDT,294.91,6.4,294.9,2.2,294.92,5.8,294.93,0.2
1753546981901,16:23:01.901,AAVE/USDT:USDT,294.91,6.4,294.9,2.2,294.92,5.8,294.93,0.2
1753546982005,16:23:02.005,AAVE/USDT:USDT,294.91,6.4,294.9,1.5,294.92,5.8,294.93,0.2
1753546982112,16:23:02.112,AAVE/USDT:USDT,294.79,14.6,294.78,16.1,294.84,7.3,294.85,2.9
1753546982213,16:23:02.213,AAVE/USDT:USDT,294.76,3.9,294.75,35.6,294.8,1.9,294.82,0.2
1753546982314,16:23:02.314,AAVE/USDT:USDT,294.77,0.1,294.76,5.5,294.79,11.7,294.8,19.0
1753546982415,16:23:02.415,AAVE/USDT:USDT,294.78,0.2,294.77,0.1,294.79,21.4,294.8,50.9
1753546982517,16:23:02.517,AAVE/USDT:USDT,294.78,2.3,294.77,0.8,294.79,18.1,294.8,42.1
1753546982618,16:23:02.618,AAVE/USDT:USDT,294.78,3.2,294.77,4.4,294.79,19.8,294.8,22.9
1753546982721,16:23:02.721,AAVE/USDT:USDT,294.78,13.6,294.77,4.2,294.79,2.4,294.8,16.1
1753546982822,16:23:02.822,AAVE/USDT:USDT,294.79,1.5,294.78,13.8,294.8,6.2,294.81,3.3
1753546982925,16:23:02.925,AAVE/USDT:USDT,294.79,51.7,294.78,15.4,294.8,0.1,294.81,0.1
1753546983026,16:23:03.026,AAVE/USDT:USDT,294.83,12.0,294.82,12.0,294.84,6.2,294.85,6.2
1753546983127,16:23:03.127,AAVE/USDT:USDT,294.83,6.1,294.82,12.0,294.84,6.5,294.85,6.2
1753546983233,16:23:03.233,AAVE/USDT:USDT,294.83,6.1,294.82,12.0,294.84,6.5,294.85,6.2
1753546983336,16:23:03.336,AAVE/USDT:USDT,294.83,6.1,294.82,12.0,294.84,6.5,294.85,11.1
1753546983438,16:23:03.438,AAVE/USDT:USDT,294.83,6.2,294.82,12.0,294.84,6.5,294.85,11.1
1753546983541,16:23:03.541,AAVE/USDT:USDT,294.83,6.3,294.82,12.0,294.84,6.5,294.85,11.1
1753546983648,16:23:03.648,AAVE/USDT:USDT,294.83,0.4,294.81,4.5,294.84,9.5,294.85,11.1
1753546983750,16:23:03.750,AAVE/USDT:USDT,294.83,0.4,294.81,0.1,294.84,9.5,294.85,11.1
1753546983851,16:23:03.851,AAVE/USDT:USDT,294.8,1.8,294.79,0.2,294.81,35.5,294.82,25.6
1753546983952,16:23:03.952,AAVE/USDT:USDT,294.8,1.9,294.79,0.2,294.81,40.0,294.82,8.3
1753546984065,16:23:04.065,AAVE/USDT:USDT,294.8,1.1,294.79,0.2,294.81,40.1,294.82,8.3
1753546984177,16:23:04.177,AAVE/USDT:USDT,294.8,1.0,294.79,0.2,294.81,40.1,294.82,8.3
1753546984280,16:23:04.280,AAVE/USDT:USDT,294.8,1.0,294.79,1.0,294.81,40.1,294.82,8.3
1753546984426,16:23:04.426,AAVE/USDT:USDT,294.8,12.4,294.79,0.9,294.81,16.5,294.82,8.3
1753546984527,16:23:04.527,AAVE/USDT:USDT,294.8,11.7,294.79,0.9,294.81,7.9,294.83,8.0
1753546984633,16:23:04.633,AAVE/USDT:USDT,294.8,10.2,294.79,0.9,294.81,8.1,294.83,8.0
1753546984738,16:23:04.738,AAVE/USDT:USDT,294.8,10.2,294.79,0.9,294.81,8.1,294.83,8.0
1753546984843,16:23:04.843,AAVE/USDT:USDT,294.8,10.1,294.79,0.1,294.81,8.1,294.83,12.2
1753546984948,16:23:04.948,AAVE/USDT:USDT,294.8,10.2,294.79,0.1,294.81,8.1,294.83,12.2
1753546985051,16:23:05.051,AAVE/USDT:USDT,294.8,10.2,294.79,0.1,294.81,7.5,294.83,12.2
1753546985159,16:23:05.159,AAVE/USDT:USDT,294.8,10.2,294.79,0.1,294.81,7.6,294.83,12.2
1753546985265,16:23:05.265,AAVE/USDT:USDT,294.8,10.2,294.79,0.1,294.81,7.6,294.83,12.2
1753546985369,16:23:05.369,AAVE/USDT:USDT,294.8,10.2,294.79,0.1,294.81,7.6,294.82,0.8
1753546985478,16:23:05.478,AAVE/USDT:USDT,294.8,13.2,294.79,0.1,294.81,7.6,294.82,5.0
1753546985582,16:23:05.582,AAVE/USDT:USDT,294.8,13.2,294.79,0.1,294.81,7.6,294.82,16.3
1753546985685,16:23:05.685,AAVE/USDT:USDT,294.8,13.2,294.79,0.1,294.81,7.6,294.82,16.3
1753546985793,16:23:05.793,AAVE/USDT:USDT,294.8,23.2,294.79,0.1,294.81,7.6,294.82,7.6
1753546985899,16:23:05.899,AAVE/USDT:USDT,294.8,23.2,294.79,0.1,294.81,7.6,294.82,5.0
1753546986002,16:23:06.002,AAVE/USDT:USDT,294.8,23.2,294.79,0.1,294.81,7.6,294.83,8.0
1753546986105,16:23:06.105,AAVE/USDT:USDT,294.83,14.9,294.82,18.5,294.84,6.2,294.85,13.4
1753546986208,16:23:06.208,AAVE/USDT:USDT,294.85,40.7,294.84,33.2,294.86,6.2,294.87,7.0
1753546986309,16:23:06.309,AAVE/USDT:USDT,294.86,10.2,294.85,24.6,294.87,4.6,294.88,0.3
1753546986413,16:23:06.413,AAVE/USDT:USDT,294.86,23.6,294.85,10.5,294.87,4.7,294.88,0.2
1753546986515,16:23:06.515,AAVE/USDT:USDT,294.86,23.6,294.85,10.5,294.87,4.7,294.88,0.2
1753546986632,16:23:06.632,AAVE/USDT:USDT,294.86,23.7,294.85,10.5,294.87,4.7,294.88,0.2
1753546986740,16:23:06.740,AAVE/USDT:USDT,294.86,23.7,294.85,10.5,294.87,4.7,294.88,0.2
1753546986847,16:23:06.847,AAVE/USDT:USDT,294.87,24.9,294.86,22.1,294.88,0.2,294.89,7.3
1753546986948,16:23:06.948,AAVE/USDT:USDT,294.88,17.8,294.87,17.1,294.89,7.3,294.9,0.2
1753546987059,16:23:07.059,AAVE/USDT:USDT,294.88,18.8,294.87,17.1,294.89,7.3,294.9,0.2
1753546987162,16:23:07.162,AAVE/USDT:USDT,294.88,7.9,294.87,16.7,294.89,7.3,294.9,0.9
1753546987265,16:23:07.265,AAVE/USDT:USDT,294.88,7.7,294.87,16.7,294.89,7.3,294.9,0.2
1753546987367,16:23:07.367,AAVE/USDT:USDT,294.88,10.0,294.87,16.7,294.89,7.3,294.9,0.2
1753546987470,16:23:07.470,AAVE/USDT:USDT,294.88,10.0,294.87,16.7,294.89,7.3,294.9,0.2
1753546987572,16:23:07.572,AAVE/USDT:USDT,294.88,10.0,294.87,16.7,294.89,7.3,294.9,0.2
1753546987694,16:23:07.694,AAVE/USDT:USDT,294.88,10.0,294.87,16.7,294.89,7.3,294.9,0.2
1753546987798,16:23:07.798,AAVE/USDT:USDT,294.89,40.8,294.88,6.9,294.9,0.1,294.91,0.2
1753546987901,16:23:07.901,AAVE/USDT:USDT,294.89,40.9,294.88,6.9,294.9,0.1,294.91,0.2
1753546988009,16:23:08.009,AAVE/USDT:USDT,294.89,39.5,294.88,3.3,294.9,6.3,294.91,0.1
1753546988111,16:23:08.111,AAVE/USDT:USDT,294.89,37.7,294.88,3.3,294.9,6.3,294.91,0.1
1753546988219,16:23:08.219,AAVE/USDT:USDT,294.89,18.3,294.88,3.3,294.9,6.3,294.91,0.1
1753546988320,16:23:08.320,AAVE/USDT:USDT,294.89,18.3,294.88,3.3,294.9,6.3,294.91,2.2
1753546988421,16:23:08.421,AAVE/USDT:USDT,294.89,18.3,294.88,3.3,294.9,6.3,294.91,2.2
1753546988525,16:23:08.525,AAVE/USDT:USDT,294.89,18.3,294.88,3.3,294.9,6.3,294.91,2.2
1753546988643,16:23:08.643,AAVE/USDT:USDT,294.89,17.4,294.88,3.3,294.9,6.3,294.91,2.2
1753546988763,16:23:08.763,AAVE/USDT:USDT,294.89,17.4,294.88,8.3,294.9,0.3,294.91,0.1
1753546988866,16:23:08.866,AAVE/USDT:USDT,294.89,17.4,294.88,8.3,294.9,0.3,294.91,0.1
1753546988975,16:23:08.975,AAVE/USDT:USDT,294.89,17.4,294.88,8.3,294.9,6.4,294.91,0.8
1753546989077,16:23:09.077,AAVE/USDT:USDT,294.89,17.4,294.88,8.3,294.9,6.5,294.91,2.2
1753546989180,16:23:09.180,AAVE/USDT:USDT,294.89,17.4,294.88,8.3,294.9,6.5,294.91,2.2
1753546989298,16:23:09.298,AAVE/USDT:USDT,294.89,17.4,294.88,8.3,294.9,6.5,294.91,2.2
1753546989500,16:23:09.500,AAVE/USDT:USDT,294.89,11.5,294.88,3.3,294.9,6.5,294.91,2.2
1753546989604,16:23:09.604,AAVE/USDT:USDT,294.89,11.5,294.88,3.3,294.9,6.5,294.91,2.2
1753546989708,16:23:09.708,AAVE/USDT:USDT,294.89,11.5,294.88,3.3,294.9,6.5,294.91,2.2
1753546989849,16:23:09.849,AAVE/USDT:USDT,294.89,13.3,294.88,3.3,294.9,6.5,294.91,2.2
1753546989966,16:23:09.966,AAVE/USDT:USDT,294.89,13.3,294.88,3.3,294.9,6.5,294.91,2.2
1753546990074,16:23:10.074,AAVE/USDT:USDT,294.89,13.3,294.88,3.3,294.9,6.5,294.91,2.2
1753546990313,16:23:10.313,AAVE/USDT:USDT,294.89,15.0,294.88,3.3,294.9,6.5,294.91,2.2
1753546990416,16:23:10.416,AAVE/USDT:USDT,294.89,26.1,294.88,2.9,294.9,6.5,294.91,2.2
1753546990518,16:23:10.518,AAVE/USDT:USDT,294.89,26.1,294.88,2.9,294.9,6.5,294.91,2.2
1753546990620,16:23:10.620,AAVE/USDT:USDT,294.89,26.1,294.88,2.9,294.9,6.5,294.91,2.2
1753546990767,16:23:10.767,AAVE/USDT:USDT,294.89,22.6,294.88,2.9,294.9,6.5,294.91,2.2
1753546990869,16:23:10.869,AAVE/USDT:USDT,294.89,20.8,294.88,2.9,294.9,0.4,294.91,0.1
1753546990975,16:23:10.975,AAVE/USDT:USDT,294.9,34.0,294.89,16.1,294.92,13.0,294.93,0.3
1753546991076,16:23:11.076,AAVE/USDT:USDT,294.91,31.4,294.9,23.6,294.92,11.8,294.93,0.2
1753546991177,16:23:11.177,AAVE/USDT:USDT,294.91,29.8,294.9,21.6,294.92,11.9,294.93,0.2
1753546991280,16:23:11.280,AAVE/USDT:USDT,294.91,29.8,294.9,21.6,294.92,11.9,294.93,0.2
1753546991384,16:23:11.384,AAVE/USDT:USDT,294.91,34.8,294.9,21.6,294.92,10.1,294.93,0.2
1753546991486,16:23:11.486,AAVE/USDT:USDT,294.91,37.3,294.9,21.6,294.92,10.5,294.93,0.2
1753546991588,16:23:11.588,AAVE/USDT:USDT,294.91,39.8,294.9,21.6,294.92,10.5,294.93,0.2
1753546991708,16:23:11.708,AAVE/USDT:USDT,294.91,39.8,294.9,21.6,294.92,10.5,294.93,0.2
1753546991811,16:23:11.811,AAVE/USDT:USDT,294.91,34.8,294.9,18.1,294.92,10.5,294.93,0.2
1753546991912,16:23:11.912,AAVE/USDT:USDT,294.91,34.4,294.9,18.1,294.92,10.5,294.93,0.2
1753546992021,16:23:12.021,AAVE/USDT:USDT,294.91,34.4,294.9,18.1,294.92,11.7,294.93,0.2
1753546992122,16:23:12.122,AAVE/USDT:USDT,294.91,34.4,294.9,18.1,294.92,1.7,294.93,0.2
1753546992225,16:23:12.225,AAVE/USDT:USDT,294.91,34.4,294.9,18.1,294.92,1.7,294.93,0.2
1753546992328,16:23:12.328,AAVE/USDT:USDT,294.91,34.4,294.9,18.1,294.92,1.7,294.93,0.2
1753546992431,16:23:12.431,AAVE/USDT:USDT,294.91,35.0,294.9,18.1,294.92,7.8,294.93,0.2
1753546992545,16:23:12.545,AAVE/USDT:USDT,294.91,35.1,294.9,18.1,294.92,7.8,294.93,0.2
1753546992647,16:23:12.647,AAVE/USDT:USDT,294.91,35.7,294.9,18.1,294.92,7.8,294.93,0.2
1753546992770,16:23:12.770,AAVE/USDT:USDT,294.91,35.7,294.9,18.1,294.92,7.8,294.93,0.2
1753546992873,16:23:12.873,AAVE/USDT:USDT,294.91,35.7,294.9,18.1,294.92,7.8,294.93,0.2
1753546992976,16:23:12.976,AAVE/USDT:USDT,294.91,35.7,294.9,18.1,294.92,7.8,294.93,0.2
1753546993100,16:23:13.100,AAVE/USDT:USDT,294.91,35.7,294.9,18.1,294.92,7.8,294.93,0.2
1753546993214,16:23:13.214,AAVE/USDT:USDT,294.91,35.7,294.9,18.1,294.92,7.8,294.93,0.2
1753546993316,16:23:13.316,AAVE/USDT:USDT,294.92,44.9,294.91,19.7,294.93,0.2,294.94,0.3
1753546993418,16:23:13.418,AAVE/USDT:USDT,294.93,32.0,294.92,20.2,294.94,0.2,294.95,0.4
1753546993624,16:23:13.624,AAVE/USDT:USDT,294.93,20.7,294.92,12.0,294.94,6.4,294.95,1.0
1753546993727,16:23:13.727,AAVE/USDT:USDT,294.93,20.7,294.92,12.0,294.94,6.4,294.95,1.0
1753546993831,16:23:13.831,AAVE/USDT:USDT,294.93,20.7,294.92,12.0,294.94,6.4,294.95,1.0
1753546993949,16:23:13.949,AAVE/USDT:USDT,294.93,20.5,294.92,15.1,294.94,0.2,294.95,0.2
1753546994050,16:23:14.050,AAVE/USDT:USDT,294.93,20.5,294.92,15.1,294.94,6.4,294.95,0.2
1753546994152,16:23:14.152,AAVE/USDT:USDT,294.93,20.5,294.92,15.1,294.94,6.4,294.95,0.9
1753546994257,16:23:14.257,AAVE/USDT:USDT,294.93,20.6,294.92,15.1,294.94,6.4,294.95,0.2
1753546994359,16:23:14.359,AAVE/USDT:USDT,294.93,20.6,294.92,15.1,294.94,6.4,294.95,0.2
1753546994493,16:23:14.493,AAVE/USDT:USDT,294.93,23.2,294.92,15.1,294.94,0.2,294.95,0.2
1753546994596,16:23:14.596,AAVE/USDT:USDT,294.97,20.0,294.96,18.8,294.98,10.5,294.99,0.4
1753546994699,16:23:14.699,AAVE/USDT:USDT,294.97,19.3,294.96,18.8,294.98,1.5,294.99,0.4
1753546994804,16:23:14.804,AAVE/USDT:USDT,294.97,15.8,294.96,15.2,294.98,7.6,294.99,0.4
1753546994908,16:23:14.908,AAVE/USDT:USDT,294.97,26.4,294.96,15.2,294.98,7.6,294.99,0.4
1753546995012,16:23:15.012,AAVE/USDT:USDT,294.97,27.0,294.96,15.2,294.98,7.6,294.99,0.4
1753546995113,16:23:15.113,AAVE/USDT:USDT,294.97,28.9,294.96,15.2,294.98,7.6,294.99,0.4
1753546995222,16:23:15.222,AAVE/USDT:USDT,294.97,28.9,294.96,15.2,294.98,7.6,294.99,0.4
1753546995325,16:23:15.325,AAVE/USDT:USDT,294.97,28.9,294.96,15.2,294.98,7.6,294.99,0.4
1753546995427,16:23:15.427,AAVE/USDT:USDT,294.97,28.9,294.96,15.2,294.98,7.6,294.99,0.4
1753546995533,16:23:15.533,AAVE/USDT:USDT,294.97,28.3,294.96,15.2,294.98,8.0,294.99,0.4
1753546995638,16:23:15.638,AAVE/USDT:USDT,294.97,28.3,294.96,15.2,294.98,1.9,294.99,0.4
1753546995739,16:23:15.739,AAVE/USDT:USDT,294.97,28.3,294.96,15.2,294.98,1.9,294.99,0.4
1753546995846,16:23:15.846,AAVE/USDT:USDT,294.97,28.3,294.96,15.2,294.98,8.0,294.99,0.4
1753546995949,16:23:15.949,AAVE/USDT:USDT,294.97,28.3,294.96,15.2,294.98,8.0,294.99,0.4
1753546996052,16:23:16.052,AAVE/USDT:USDT,294.97,28.3,294.96,15.2,294.98,1.9,294.99,0.4
1753546996155,16:23:16.155,AAVE/USDT:USDT,294.97,28.5,294.96,15.2,294.98,1.9,294.99,0.4
1753546996277,16:23:16.277,AAVE/USDT:USDT,294.97,28.5,294.96,15.2,294.98,6.7,294.99,0.4
1753546996378,16:23:16.378,AAVE/USDT:USDT,294.97,20.3,294.96,15.2,294.98,6.7,294.99,1.1
1753546996481,16:23:16.481,AAVE/USDT:USDT,294.97,22.8,294.96,15.2,294.98,0.6,294.99,0.4
1753546996590,16:23:16.590,AAVE/USDT:USDT,294.97,22.8,294.96,4.6,294.98,9.3,294.99,6.0
1753546996700,16:23:16.700,AAVE/USDT:USDT,294.97,21.9,294.96,4.6,294.98,9.3,294.99,8.1
1753546996803,16:23:16.803,AAVE/USDT:USDT,294.97,21.9,294.96,4.6,294.98,9.3,294.99,8.1
1753546996908,16:23:16.908,AAVE/USDT:USDT,294.97,21.9,294.96,4.6,294.98,9.3,294.99,3.2
1753546997015,16:23:17.015,AAVE/USDT:USDT,294.97,21.9,294.96,4.6,294.98,9.6,294.99,2.5
1753546997121,16:23:17.121,AAVE/USDT:USDT,294.97,21.9,294.96,4.6,294.98,7.0,294.99,0.4
1753546997328,16:23:17.328,AAVE/USDT:USDT,294.97,23.0,294.96,4.6,294.98,0.9,294.99,0.4
1753546997440,16:23:17.440,AAVE/USDT:USDT,294.97,23.0,294.96,4.6,294.98,0.9,294.99,0.4
1753546997546,16:23:17.546,AAVE/USDT:USDT,294.97,22.0,294.96,4.6,294.98,7.1,294.99,0.4
1753546997648,16:23:17.648,AAVE/USDT:USDT,294.97,23.1,294.96,4.6,294.98,7.2,294.99,1.1
1753546997751,16:23:17.751,AAVE/USDT:USDT,294.97,23.1,294.96,4.6,294.98,7.2,294.99,1.1
1753546997878,16:23:17.878,AAVE/USDT:USDT,294.97,23.1,294.96,4.6,294.98,7.2,294.99,0.4
1753546997979,16:23:17.979,AAVE/USDT:USDT,294.97,23.1,294.96,4.6,294.98,7.2,294.99,0.4
1753546998099,16:23:18.099,AAVE/USDT:USDT,294.97,23.1,294.96,4.6,294.98,8.6,294.99,0.4
1753546998205,16:23:18.205,AAVE/USDT:USDT,294.97,22.9,294.96,4.6,294.98,8.6,294.99,0.4
1753546998308,16:23:18.308,AAVE/USDT:USDT,294.97,20.4,294.96,4.6,294.98,8.6,294.99,0.4
1753546998448,16:23:18.448,AAVE/USDT:USDT,294.97,21.2,294.96,4.6,294.98,8.6,294.99,0.4
1753546998553,16:23:18.553,AAVE/USDT:USDT,294.97,21.2,294.96,4.6,294.98,7.1,294.99,0.4
1753546998654,16:23:18.654,AAVE/USDT:USDT,294.97,21.2,294.96,4.6,294.98,7.1,294.99,0.4
1753546998755,16:23:18.755,AAVE/USDT:USDT,294.97,21.2,294.96,4.6,294.98,7.2,294.99,0.4
1753546998859,16:23:18.859,AAVE/USDT:USDT,294.97,21.2,294.96,4.6,294.98,7.2,294.99,0.4
1753546999064,16:23:19.064,AAVE/USDT:USDT,294.97,21.2,294.96,4.6,294.98,7.2,294.99,0.4
1753546999198,16:23:19.198,AAVE/USDT:USDT,294.97,8.9,294.96,4.6,294.98,8.6,294.99,1.1
1753546999300,16:23:19.300,AAVE/USDT:USDT,294.97,8.9,294.96,4.6,294.98,8.6,294.99,0.4
1753546999506,16:23:19.506,AAVE/USDT:USDT,294.97,8.9,294.96,4.6,294.98,8.6,294.99,0.4
1753546999607,16:23:19.607,AAVE/USDT:USDT,294.97,12.4,294.96,4.6,294.98,8.5,294.99,0.4
1753546999710,16:23:19.710,AAVE/USDT:USDT,294.97,12.4,294.96,4.6,294.98,8.5,294.99,0.4
1753546999821,16:23:19.821,AAVE/USDT:USDT,294.97,14.9,294.96,4.6,294.98,8.5,294.99,0.4
1753546999925,16:23:19.925,AAVE/USDT:USDT,294.97,13.4,294.96,4.6,294.98,8.5,294.99,0.4
1753547000028,16:23:20.028,AAVE/USDT:USDT,294.97,10.5,294.96,4.6,294.98,8.5,294.99,2.0
1753547000130,16:23:20.130,AAVE/USDT:USDT,294.97,10.5,294.96,4.6,294.98,8.5,294.99,1.3
1753547000233,16:23:20.233,AAVE/USDT:USDT,294.97,10.6,294.96,4.6,294.98,8.5,294.99,1.3
1753547000457,16:23:20.457,AAVE/USDT:USDT,294.97,10.5,294.96,4.6,294.98,8.5,294.99,1.3
1753547000560,16:23:20.560,AAVE/USDT:USDT,294.97,20.5,294.96,4.6,294.98,8.5,294.99,1.3
1753547000663,16:23:20.663,AAVE/USDT:USDT,294.97,20.5,294.96,4.6,294.98,8.5,294.99,1.3
1753547000901,16:23:20.901,AAVE/USDT:USDT,294.97,20.5,294.96,4.8,294.98,8.5,294.99,1.3
1753547001007,16:23:21.007,AAVE/USDT:USDT,294.97,20.5,294.96,4.8,294.98,8.5,294.99,1.3
1753547001117,16:23:21.117,AAVE/USDT:USDT,294.97,20.5,294.96,4.8,294.98,8.5,294.99,1.3
1753547001246,16:23:21.246,AAVE/USDT:USDT,294.97,20.5,294.96,4.8,294.98,8.5,294.99,1.3
1753547001349,16:23:21.349,AAVE/USDT:USDT,294.97,20.5,294.96,4.8,294.98,9.4,294.99,1.3
1753547001486,16:23:21.486,AAVE/USDT:USDT,294.97,20.5,294.96,4.8,294.98,9.4,294.99,6.9
1753547001589,16:23:21.589,AAVE/USDT:USDT,294.97,20.5,294.96,4.8,294.98,9.4,294.99,9.1
1753547001692,16:23:21.692,AAVE/USDT:USDT,294.97,20.5,294.96,4.6,294.98,9.4,294.99,9.2
1753547001906,16:23:21.906,AAVE/USDT:USDT,294.97,20.5,294.96,4.6,294.98,23.9,294.99,9.2
1753547002013,16:23:22.013,AAVE/USDT:USDT,294.97,20.5,294.96,4.6,294.98,23.9,294.99,10.1
1753547002118,16:23:22.118,AAVE/USDT:USDT,294.97,20.5,294.96,4.6,294.98,23.9,294.99,1.4
1753547002221,16:23:22.221,AAVE/USDT:USDT,294.97,20.5,294.96,4.6,294.98,23.9,294.99,1.4
1753547002322,16:23:22.322,AAVE/USDT:USDT,294.97,20.5,294.96,4.6,294.98,23.9,294.99,1.4
1753547002428,16:23:22.428,AAVE/USDT:USDT,294.97,20.5,294.96,4.6,294.98,23.9,294.99,1.4
1753547002560,16:23:22.560,AAVE/USDT:USDT,294.97,20.5,294.96,4.6,294.98,23.9,294.99,1.4
1753547002677,16:23:22.677,AAVE/USDT:USDT,294.97,20.5,294.96,4.6,294.98,23.9,294.99,1.4
1753547002780,16:23:22.780,AAVE/USDT:USDT,294.97,20.5,294.96,4.7,294.98,23.9,294.99,1.4
1753547002913,16:23:22.913,AAVE/USDT:USDT,294.97,20.5,294.96,4.7,294.98,6.8,294.99,1.3
1753547003014,16:23:23.014,AAVE/USDT:USDT,294.97,20.5,294.96,4.7,294.98,8.2,294.99,1.3
1753547003118,16:23:23.118,AAVE/USDT:USDT,294.97,20.5,294.96,4.7,294.98,8.2,294.99,1.3
1753547003228,16:23:23.228,AAVE/USDT:USDT,294.97,20.5,294.96,4.7,294.98,8.2,294.99,3.4
1753547003332,16:23:23.332,AAVE/USDT:USDT,294.97,20.5,294.96,4.7,294.98,8.2,294.99,1.3
1753547003433,16:23:23.433,AAVE/USDT:USDT,294.97,20.5,294.96,9.7,294.98,6.8,294.99,1.3
1753547003535,16:23:23.535,AAVE/USDT:USDT,294.97,22.0,294.96,9.7,294.98,6.8,294.99,1.3
1753547003638,16:23:23.638,AAVE/USDT:USDT,294.97,22.0,294.96,9.7,294.98,6.8,294.99,1.3
1753547003742,16:23:23.742,AAVE/USDT:USDT,294.97,22.0,294.96,9.7,294.98,6.8,294.99,1.3
1753547003877,16:23:23.877,AAVE/USDT:USDT,294.97,22.0,294.96,9.7,294.98,6.8,294.99,1.3
1753547003984,16:23:23.984,AAVE/USDT:USDT,294.97,22.0,294.96,9.7,294.98,6.8,294.99,1.3
1753547004091,16:23:24.091,AAVE/USDT:USDT,294.97,22.0,294.96,4.7,294.98,6.8,294.99,1.3
1753547004212,16:23:24.212,AAVE/USDT:USDT,294.97,22.2,294.96,4.7,294.98,6.8,294.99,1.3
1753547004317,16:23:24.317,AAVE/USDT:USDT,294.97,22.1,294.96,4.7,294.98,6.8,294.99,1.3
1753547004495,16:23:24.495,AAVE/USDT:USDT,294.97,22.0,294.96,4.7,294.98,6.8,294.99,1.3
1753547004608,16:23:24.608,AAVE/USDT:USDT,294.97,22.0,294.96,4.7,294.98,6.8,294.99,1.3
1753547004712,16:23:24.712,AAVE/USDT:USDT,294.97,22.0,294.96,4.7,294.98,6.8,294.99,2.0
1753547005129,16:23:25.129,AAVE/USDT:USDT,294.97,21.8,294.96,4.7,294.98,8.2,294.99,4.5
1753547005252,16:23:25.252,AAVE/USDT:USDT,294.97,21.8,294.96,4.7,294.98,8.2,294.99,7.0
1753547005378,16:23:25.378,AAVE/USDT:USDT,294.97,21.8,294.96,4.7,294.98,8.2,294.99,7.0
1753547005484,16:23:25.484,AAVE/USDT:USDT,294.97,21.8,294.96,4.7,294.98,10.6,294.99,9.8
1753547005594,16:23:25.594,AAVE/USDT:USDT,294.97,21.8,294.96,4.7,294.98,8.2,294.99,9.8
1753547005700,16:23:25.700,AAVE/USDT:USDT,294.97,22.0,294.96,4.7,294.98,8.2,294.99,9.8
1753547005821,16:23:25.821,AAVE/USDT:USDT,294.97,22.0,294.96,4.7,294.98,7.9,294.99,9.8
1753547005926,16:23:25.926,AAVE/USDT:USDT,294.97,22.0,294.96,4.7,294.98,26.7,294.99,9.1
1753547006040,16:23:26.040,AAVE/USDT:USDT,294.97,21.8,294.96,0.2,294.98,26.7,294.99,9.1
1753547006148,16:23:26.148,AAVE/USDT:USDT,294.97,21.8,294.96,0.2,294.98,26.7,294.99,9.1
1753547006294,16:23:26.294,AAVE/USDT:USDT,294.97,21.8,294.96,0.2,294.98,26.7,294.99,9.1
1753547006403,16:23:26.403,AAVE/USDT:USDT,294.97,21.8,294.96,0.2,294.98,26.7,294.99,9.1
1753547006530,16:23:26.530,AAVE/USDT:USDT,294.97,21.8,294.96,0.2,294.98,26.7,294.99,9.1
1753547006648,16:23:26.648,AAVE/USDT:USDT,294.97,24.0,294.96,0.2,294.98,26.7,294.99,9.1
1753547006751,16:23:26.751,AAVE/USDT:USDT,294.97,24.0,294.96,0.2,294.98,26.7,294.99,9.1
1753547006854,16:23:26.854,AAVE/USDT:USDT,294.97,24.0,294.96,0.2,294.98,26.7,294.99,9.1
1753547006964,16:23:26.964,AAVE/USDT:USDT,294.97,24.0,294.96,0.2,294.98,26.7,294.99,1.3
1753547007065,16:23:27.065,AAVE/USDT:USDT,294.97,24.0,294.96,0.2,294.98,26.6,294.99,1.3
1753547007209,16:23:27.209,AAVE/USDT:USDT,294.97,24.2,294.96,0.2,294.98,26.6,294.99,1.3
1753547007345,16:23:27.345,AAVE/USDT:USDT,294.97,24.2,294.96,0.2,294.98,26.1,294.99,1.3
1753547007518,16:23:27.518,AAVE/USDT:USDT,294.97,24.2,294.96,0.2,294.98,24.7,294.99,1.3
1753547007648,16:23:27.648,AAVE/USDT:USDT,294.97,24.2,294.96,0.2,294.98,24.7,294.99,1.3
1753547007751,16:23:27.751,AAVE/USDT:USDT,294.97,24.3,294.96,0.2,294.98,24.7,294.99,1.3
1753547007999,16:23:27.999,AAVE/USDT:USDT,294.97,24.3,294.96,0.2,294.98,24.7,294.99,1.3
1753547008332,16:23:28.332,AAVE/USDT:USDT,294.97,24.1,294.96,0.2,294.98,24.5,294.99,1.3
1753547008490,16:23:28.490,AAVE/USDT:USDT,294.97,24.1,294.96,0.2,294.98,24.5,294.99,1.3
1753547008670,16:23:28.670,AAVE/USDT:USDT,294.97,24.1,294.96,0.2,294.98,24.5,294.99,1.3
1753547008771,16:23:28.771,AAVE/USDT:USDT,294.97,24.1,294.96,0.2,294.98,24.5,294.99,6.2
1753547008918,16:23:28.918,AAVE/USDT:USDT,294.97,24.1,294.96,0.2,294.98,24.5,294.99,6.2
1753547009171,16:23:29.171,AAVE/USDT:USDT,294.97,24.1,294.96,3.8,294.98,19.9,294.99,0.4
1753547009274,16:23:29.274,AAVE/USDT:USDT,294.93,0.5,294.92,0.3,294.94,42.9,294.95,49.8
1753547009376,16:23:29.376,AAVE/USDT:USDT,294.93,0.2,294.92,0.3,294.94,40.2,294.95,11.6
1753547009477,16:23:29.477,AAVE/USDT:USDT,294.9,0.1,294.89,0.4,294.91,34.7,294.92,41.7
1753547009578,16:23:29.578,AAVE/USDT:USDT,294.9,11.7,294.89,1.2,294.91,8.9,294.92,1.4
1753547009681,16:23:29.681,AAVE/USDT:USDT,294.9,5.7,294.89,1.2,294.91,9.0,294.92,1.4
1753547009794,16:23:29.794,AAVE/USDT:USDT,294.9,2.4,294.89,1.2,294.91,9.1,294.92,1.4
1753547009904,16:23:29.904,AAVE/USDT:USDT,294.9,0.4,294.89,0.4,294.91,14.9,294.92,4.3
1753547010007,16:23:30.007,AAVE/USDT:USDT,294.9,0.4,294.89,1.1,294.91,14.9,294.92,4.3
1753547010110,16:23:30.110,AAVE/USDT:USDT,294.9,0.4,294.89,1.1,294.91,14.9,294.92,4.3
1753547010217,16:23:30.217,AAVE/USDT:USDT,294.9,10.1,294.89,1.9,294.91,14.9,294.92,1.4
1753547010320,16:23:30.320,AAVE/USDT:USDT,294.9,10.1,294.89,1.9,294.91,14.9,294.92,1.4
1753547010424,16:23:30.424,AAVE/USDT:USDT,294.9,0.5,294.89,1.1,294.91,14.9,294.92,1.4
1753547010526,16:23:30.526,AAVE/USDT:USDT,294.9,0.5,294.89,1.1,294.91,14.9,294.92,1.4
1753547010629,16:23:30.629,AAVE/USDT:USDT,294.9,11.2,294.89,1.9,294.91,14.9,294.92,1.4
1753547010749,16:23:30.749,AAVE/USDT:USDT,294.9,0.3,294.89,1.1,294.91,14.9,294.92,1.4
1753547010869,16:23:30.869,AAVE/USDT:USDT,294.9,14.6,294.89,4.4,294.91,14.9,294.92,1.4
1753547010971,16:23:30.971,AAVE/USDT:USDT,294.9,16.3,294.89,4.4,294.91,14.9,294.92,1.4
1753547011073,16:23:31.073,AAVE/USDT:USDT,294.9,16.4,294.89,4.4,294.91,14.9,294.92,1.4
1753547011196,16:23:31.196,AAVE/USDT:USDT,294.9,14.7,294.89,4.4,294.91,14.9,294.92,1.4
1753547011337,16:23:31.337,AAVE/USDT:USDT,294.9,14.7,294.89,4.4,294.91,14.9,294.92,1.4
1753547011442,16:23:31.442,AAVE/USDT:USDT,294.9,14.9,294.89,1.1,294.91,14.9,294.92,1.4
1753547011548,16:23:31.548,AAVE/USDT:USDT,294.9,16.6,294.89,1.1,294.91,7.6,294.92,1.4
1753547011677,16:23:31.677,AAVE/USDT:USDT,294.9,19.5,294.89,5.2,294.91,7.6,294.92,1.4
1753547011783,16:23:31.783,AAVE/USDT:USDT,294.9,19.5,294.89,5.2,294.91,7.6,294.92,1.4
1753547011908,16:23:31.908,AAVE/USDT:USDT,294.9,19.5,294.89,5.2,294.91,7.6,294.93,9.6
1753547012011,16:23:32.011,AAVE/USDT:USDT,294.9,19.5,294.89,5.2,294.91,7.6,294.93,9.6
1753547012114,16:23:32.114,AAVE/USDT:USDT,294.9,19.5,294.89,5.5,294.91,7.6,294.93,9.6
1753547012237,16:23:32.237,AAVE/USDT:USDT,294.9,19.6,294.89,10.5,294.91,7.6,294.93,9.6
1753547012339,16:23:32.339,AAVE/USDT:USDT,294.9,19.6,294.89,10.5,294.91,7.6,294.93,9.6
1753547012441,16:23:32.441,AAVE/USDT:USDT,294.9,19.6,294.89,10.5,294.91,7.6,294.93,9.6
1753547012654,16:23:32.654,AAVE/USDT:USDT,294.9,14.5,294.89,9.7,294.91,7.6,294.93,9.6
1753547012755,16:23:32.755,AAVE/USDT:USDT,294.9,13.9,294.89,1.4,294.91,7.6,294.93,9.6
1753547012858,16:23:32.858,AAVE/USDT:USDT,294.9,13.9,294.89,2.2,294.91,7.6,294.93,9.6
1753547012961,16:23:32.961,AAVE/USDT:USDT,294.9,16.7,294.89,1.4,294.91,7.6,294.93,9.6
1753547013085,16:23:33.085,AAVE/USDT:USDT,294.9,13.8,294.89,1.4,294.91,7.6,294.93,9.6
1753547013201,16:23:33.201,AAVE/USDT:USDT,294.9,13.8,294.89,2.2,294.91,7.6,294.93,9.6
1753547013319,16:23:33.319,AAVE/USDT:USDT,294.9,13.2,294.89,1.4,294.91,7.6,294.93,9.6
1753547013421,16:23:33.421,AAVE/USDT:USDT,294.9,7.1,294.89,1.4,294.91,7.6,294.92,1.4
1753547013523,16:23:33.523,AAVE/USDT:USDT,294.9,7.1,294.89,1.4,294.91,7.6,294.92,1.4
1753547013626,16:23:33.626,AAVE/USDT:USDT,294.9,7.1,294.89,1.4,294.91,7.6,294.92,1.4
1753547013730,16:23:33.730,AAVE/USDT:USDT,294.9,7.1,294.89,1.4,294.91,7.6,294.92,1.4
1753547013833,16:23:33.833,AAVE/USDT:USDT,294.9,7.1,294.89,1.4,294.91,7.6,294.92,1.4
1753547013936,16:23:33.936,AAVE/USDT:USDT,294.9,8.9,294.89,1.4,294.91,7.6,294.92,1.4
1753547014038,16:23:34.038,AAVE/USDT:USDT,294.9,7.1,294.89,1.4,294.91,7.6,294.92,1.4
1753547014140,16:23:34.140,AAVE/USDT:USDT,294.9,7.1,294.89,1.4,294.91,7.6,294.92,6.4
1753547014241,16:23:34.241,AAVE/USDT:USDT,294.89,1.4,294.88,12.3,294.9,2.4,294.91,7.6
1753547014342,16:23:34.342,AAVE/USDT:USDT,294.89,8.6,294.88,1.8,294.9,26.7,294.91,6.0
1753547014445,16:23:34.445,AAVE/USDT:USDT,294.89,8.9,294.88,1.8,294.9,26.7,294.91,6.0
1753547014614,16:23:34.614,AAVE/USDT:USDT,294.89,8.9,294.88,1.8,294.9,26.7,294.91,6.0
1753547014717,16:23:34.717,AAVE/USDT:USDT,294.89,12.4,294.88,1.9,294.9,6.1,294.91,6.0
1753547014951,16:23:34.951,AAVE/USDT:USDT,294.89,10.4,294.88,2.7,294.9,6.1,294.91,6.0
1753547015080,16:23:35.080,AAVE/USDT:USDT,294.89,10.8,294.88,2.6,294.9,5.3,294.91,6.0
1753547015183,16:23:35.183,AAVE/USDT:USDT,294.89,6.7,294.88,2.6,294.9,5.3,294.91,6.0
1753547015298,16:23:35.298,AAVE/USDT:USDT,294.89,7.4,294.88,2.6,294.9,5.3,294.91,6.0
1753547015402,16:23:35.402,AAVE/USDT:USDT,294.89,7.4,294.88,2.6,294.9,5.3,294.91,6.0
1753547015506,16:23:35.506,AAVE/USDT:USDT,294.89,16.7,294.88,7.6,294.9,1.2,294.91,0.2
1753547015613,16:23:35.613,AAVE/USDT:USDT,294.89,13.3,294.88,7.0,294.9,7.3,294.91,1.0
1753547015715,16:23:35.715,AAVE/USDT:USDT,294.89,13.3,294.88,2.0,294.9,7.3,294.91,1.0
1753547015818,16:23:35.818,AAVE/USDT:USDT,294.89,15.3,294.88,2.0,294.9,7.3,294.91,1.0
1753547015929,16:23:35.929,AAVE/USDT:USDT,294.89,15.3,294.88,2.0,294.9,7.3,294.91,1.0
1753547016052,16:23:36.052,AAVE/USDT:USDT,294.89,14.0,294.88,1.8,294.9,8.9,294.91,1.0
1753547016153,16:23:36.153,AAVE/USDT:USDT,294.89,14.0,294.88,1.8,294.9,7.3,294.91,1.0
1753547016265,16:23:36.265,AAVE/USDT:USDT,294.89,14.0,294.88,1.8,294.9,7.3,294.91,1.0
1753547016368,16:23:36.368,AAVE/USDT:USDT,294.89,14.0,294.88,1.8,294.9,7.3,294.91,1.0
1753547016607,16:23:36.607,AAVE/USDT:USDT,294.89,15.8,294.88,1.8,294.9,6.2,294.91,1.0
1753547016709,16:23:36.709,AAVE/USDT:USDT,294.89,15.8,294.88,1.8,294.9,6.2,294.91,1.0
1753547016830,16:23:36.830,AAVE/USDT:USDT,294.89,15.8,294.88,1.8,294.9,6.2,294.91,0.2
1753547016933,16:23:36.933,AAVE/USDT:USDT,294.89,14.0,294.88,1.8,294.9,6.2,294.91,1.0
1753547017035,16:23:37.035,AAVE/USDT:USDT,294.89,15.8,294.88,1.8,294.9,6.2,294.91,0.2
1753547017137,16:23:37.137,AAVE/USDT:USDT,294.89,9.1,294.88,0.4,294.9,7.6,294.91,1.0
1753547017238,16:23:37.238,AAVE/USDT:USDT,294.91,7.9,294.9,19.8,294.92,9.0,294.93,6.2
1753547017339,16:23:37.339,AAVE/USDT:USDT,294.91,13.0,294.9,19.8,294.92,0.3,294.93,6.2
1753547017440,16:23:37.440,AAVE/USDT:USDT,294.91,9.5,294.9,19.8,294.92,0.3,294.93,0.2
1753547017542,16:23:37.542,AAVE/USDT:USDT,294.91,9.5,294.9,18.6,294.92,7.6,294.93,1.0
1753547017645,16:23:37.645,AAVE/USDT:USDT,294.91,11.2,294.9,18.6,294.92,1.5,294.93,0.2
1753547017746,16:23:37.746,AAVE/USDT:USDT,294.91,14.7,294.9,18.6,294.92,0.3,294.93,0.2
1753547017867,16:23:37.867,AAVE/USDT:USDT,294.91,14.7,294.9,18.6,294.92,0.3,294.93,0.2
1753547017971,16:23:37.971,AAVE/USDT:USDT,294.91,14.7,294.9,18.6,294.92,0.3,294.93,0.2
1753547018074,16:23:38.074,AAVE/USDT:USDT,294.91,14.7,294.9,18.6,294.92,0.3,294.93,0.2
1753547018274,16:23:38.274,AAVE/USDT:USDT,294.92,8.3,294.91,12.6,294.93,7.7,294.94,16.2
1753547018377,16:23:38.377,AAVE/USDT:USDT,294.92,8.3,294.91,12.6,294.93,7.7,294.94,16.2
1753547018479,16:23:38.479,AAVE/USDT:USDT,294.92,16.2,294.91,12.6,294.93,7.7,294.94,16.2
1753547018581,16:23:38.581,AAVE/USDT:USDT,294.92,14.2,294.91,12.6,294.93,7.7,294.94,16.2
1753547018714,16:23:38.714,AAVE/USDT:USDT,294.92,14.2,294.91,12.6,294.93,7.7,294.94,16.2
1753547018817,16:23:38.817,AAVE/USDT:USDT,294.92,14.2,294.91,12.6,294.93,7.7,294.94,16.2
1753547018919,16:23:38.919,AAVE/USDT:USDT,294.92,6.1,294.91,6.2,294.93,9.0,294.94,16.2
1753547019021,16:23:39.021,AAVE/USDT:USDT,294.92,6.1,294.91,6.2,294.93,9.0,294.94,16.2
1753547019123,16:23:39.123,AAVE/USDT:USDT,294.92,6.1,294.91,6.2,294.93,9.0,294.94,16.2
1753547019278,16:23:39.278,AAVE/USDT:USDT,294.92,6.1,294.91,6.2,294.93,9.0,294.94,16.2
1753547019382,16:23:39.382,AAVE/USDT:USDT,294.92,6.1,294.91,6.2,294.93,9.0,294.94,16.2
1753547019528,16:23:39.528,AAVE/USDT:USDT,294.92,6.8,294.91,6.2,294.93,9.0,294.94,16.2
1753547019630,16:23:39.630,AAVE/USDT:USDT,294.92,8.1,294.91,6.2,294.93,9.0,294.94,16.2
1753547019733,16:23:39.733,AAVE/USDT:USDT,294.92,8.1,294.91,6.2,294.93,9.0,294.94,16.2
1753547019939,16:23:39.939,AAVE/USDT:USDT,294.92,11.6,294.91,9.5,294.93,6.5,294.94,16.2
1753547020042,16:23:40.042,AAVE/USDT:USDT,294.92,11.6,294.91,9.5,294.93,0.4,294.94,16.2
1753547020152,16:23:40.152,AAVE/USDT:USDT,294.92,9.9,294.91,9.5,294.93,7.7,294.94,16.2
1753547020260,16:23:40.260,AAVE/USDT:USDT,294.92,10.0,294.91,9.5,294.93,7.5,294.94,16.2
1753547020416,16:23:40.416,AAVE/USDT:USDT,294.92,10.0,294.91,9.5,294.93,7.5,294.94,16.2
1753547020525,16:23:40.525,AAVE/USDT:USDT,294.92,11.7,294.91,9.5,294.93,0.3,294.94,16.2
1753547020627,16:23:40.627,AAVE/USDT:USDT,294.92,8.2,294.91,6.2,294.93,8.9,294.94,16.2
1753547020728,16:23:40.728,AAVE/USDT:USDT,294.92,13.3,294.91,10.3,294.93,0.3,294.94,16.2
1753547020829,16:23:40.829,AAVE/USDT:USDT,294.92,13.3,294.91,10.3,294.93,0.3,294.94,16.2
1753547020949,16:23:40.949,AAVE/USDT:USDT,294.92,11.7,294.91,9.5,294.93,0.3,294.94,16.2
1753547021050,16:23:41.050,AAVE/USDT:USDT,294.92,10.0,294.91,6.2,294.93,8.8,294.94,16.2
1753547021153,16:23:41.153,AAVE/USDT:USDT,294.92,10.0,294.91,6.2,294.93,8.8,294.94,16.2
1753547021256,16:23:41.256,AAVE/USDT:USDT,294.92,10.0,294.91,6.2,294.93,8.8,294.94,16.2
1753547021359,16:23:41.359,AAVE/USDT:USDT,294.92,11.8,294.91,6.2,294.93,0.3,294.94,16.3
1753547021463,16:23:41.463,AAVE/USDT:USDT,294.92,10.1,294.91,6.2,294.93,8.6,294.94,16.3
1753547021568,16:23:41.568,AAVE/USDT:USDT,294.92,8.3,294.91,6.2,294.93,8.6,294.94,16.3
1753547021670,16:23:41.670,AAVE/USDT:USDT,294.92,8.3,294.91,6.2,294.93,8.6,294.94,16.3
1753547021773,16:23:41.773,AAVE/USDT:USDT,294.92,8.3,294.91,6.2,294.93,8.6,294.94,16.3
1753547021920,16:23:41.920,AAVE/USDT:USDT,294.92,8.3,294.91,6.2,294.93,8.6,294.94,16.3
1753547022032,16:23:42.032,AAVE/USDT:USDT,294.92,10.1,294.91,6.2,294.93,0.3,294.94,16.2
1753547022133,16:23:42.133,AAVE/USDT:USDT,294.92,11.8,294.91,6.2,294.93,0.3,294.94,16.2
1753547022236,16:23:42.236,AAVE/USDT:USDT,294.92,11.8,294.91,6.2,294.93,6.4,294.94,16.2
1753547022339,16:23:42.339,AAVE/USDT:USDT,294.92,13.7,294.91,6.2,294.93,1.3,294.94,16.3
1753547022441,16:23:42.441,AAVE/USDT:USDT,294.92,15.6,294.91,7.0,294.93,0.3,294.94,10.1
1753547022550,16:23:42.550,AAVE/USDT:USDT,294.92,15.6,294.91,7.0,294.93,0.3,294.94,10.1
1753547022653,16:23:42.653,AAVE/USDT:USDT,294.92,15.7,294.91,7.0,294.93,0.3,294.94,10.1
1753547022754,16:23:42.754,AAVE/USDT:USDT,294.92,15.7,294.91,7.0,294.93,0.3,294.94,10.1
1753547022889,16:23:42.889,AAVE/USDT:USDT,294.92,15.7,294.91,7.0,294.93,0.3,294.94,10.1
1753547023044,16:23:43.044,AAVE/USDT:USDT,294.96,16.3,294.94,33.5,294.97,2.2,294.98,4.7
1753547023147,16:23:43.147,AAVE/USDT:USDT,294.96,13.0,294.94,32.0,294.97,10.7,294.98,5.5
1753547023249,16:23:43.249,AAVE/USDT:USDT,294.96,0.6,294.94,23.6,294.97,11.8,294.98,6.9
1753547023350,16:23:43.350,AAVE/USDT:USDT,294.96,0.6,294.94,23.6,294.97,11.8,294.98,6.9
1753547023466,16:23:43.466,AAVE/USDT:USDT,294.96,0.6,294.94,25.2,294.97,11.8,294.98,6.9
1753547023569,16:23:43.569,AAVE/USDT:USDT,294.96,7.2,294.95,0.8,294.97,9.8,294.98,6.1
1753547023748,16:23:43.748,AAVE/USDT:USDT,294.96,7.1,294.94,23.5,294.97,9.8,294.98,6.9
1753547023855,16:23:43.855,AAVE/USDT:USDT,294.96,7.1,294.94,14.0,294.97,14.8,294.98,6.1
1753547023958,16:23:43.958,AAVE/USDT:USDT,294.96,7.1,294.94,14.0,294.97,14.8,294.98,6.9
1753547024060,16:23:44.060,AAVE/USDT:USDT,294.96,7.1,294.95,1.3,294.97,16.4,294.98,11.9
1753547024172,16:23:44.172,AAVE/USDT:USDT,294.96,7.1,294.95,1.3,294.97,16.4,294.98,11.9
1753547024325,16:23:44.325,AAVE/USDT:USDT,294.95,1.3,294.94,1.6,294.96,33.1,294.97,14.8
1753547024429,16:23:44.429,AAVE/USDT:USDT,294.95,1.3,294.94,1.6,294.96,33.1,294.97,9.9
1753547024547,16:23:44.547,AAVE/USDT:USDT,294.95,1.4,294.94,0.8,294.96,33.1,294.97,9.9
1753547024648,16:23:44.648,AAVE/USDT:USDT,294.95,1.4,294.94,0.8,294.96,33.1,294.97,9.9
1753547024774,16:23:44.774,AAVE/USDT:USDT,294.92,1.1,294.91,0.2,294.93,21.9,294.94,20.1
1753547024876,16:23:44.876,AAVE/USDT:USDT,294.92,1.1,294.91,0.2,294.93,22.0,294.94,20.1
1753547024980,16:23:44.980,AAVE/USDT:USDT,294.92,1.1,294.91,0.2,294.93,23.6,294.94,28.8
1753547025083,16:23:45.083,AAVE/USDT:USDT,294.92,1.1,294.91,0.2,294.93,28.6,294.94,28.8
1753547025191,16:23:45.191,AAVE/USDT:USDT,294.92,1.1,294.91,0.2,294.93,28.6,294.94,28.8
1753547025330,16:23:45.330,AAVE/USDT:USDT,294.92,1.1,294.91,0.2,294.93,28.6,294.94,28.8
1753547025431,16:23:45.431,AAVE/USDT:USDT,294.92,1.1,294.91,0.2,294.93,28.6,294.94,28.8
1753547025556,16:23:45.556,AAVE/USDT:USDT,294.92,1.1,294.91,0.2,294.93,29.1,294.94,28.8
1753547025718,16:23:45.718,AAVE/USDT:USDT,294.92,1.1,294.91,0.2,294.93,29.1,294.94,28.8
1753547025849,16:23:45.849,AAVE/USDT:USDT,294.92,1.1,294.91,0.2,294.93,24.1,294.94,28.8
1753547025950,16:23:45.950,AAVE/USDT:USDT,294.92,10.7,294.91,0.9,294.93,6.6,294.94,7.5
1753547026053,16:23:46.053,AAVE/USDT:USDT,294.92,9.0,294.91,5.1,294.93,7.8,294.94,7.5
1753547026164,16:23:46.164,AAVE/USDT:USDT,294.92,9.0,294.91,5.1,294.93,7.8,294.94,7.5
1753547026266,16:23:46.266,AAVE/USDT:USDT,294.92,9.0,294.91,5.1,294.93,9.0,294.94,8.3
1753547026383,16:23:46.383,AAVE/USDT:USDT,294.92,7.5,294.91,0.1,294.93,9.0,294.94,8.3
1753547026486,16:23:46.486,AAVE/USDT:USDT,294.92,7.5,294.91,0.1,294.93,9.0,294.94,8.3
1753547026588,16:23:46.588,AAVE/USDT:USDT,294.92,7.5,294.91,0.1,294.93,8.9,294.94,8.3
1753547026746,16:23:46.746,AAVE/USDT:USDT,294.92,7.5,294.91,0.1,294.93,13.9,294.94,8.3
1753547026885,16:23:46.885,AAVE/USDT:USDT,294.92,7.5,294.91,0.1,294.93,13.9,294.94,8.3
1753547026988,16:23:46.988,AAVE/USDT:USDT,294.92,7.7,294.91,0.1,294.93,7.7,294.94,7.5
1753547027091,16:23:47.091,AAVE/USDT:USDT,294.92,7.7,294.91,0.1,294.93,7.7,294.94,7.5
1753547027209,16:23:47.209,AAVE/USDT:USDT,294.92,7.7,294.91,0.1,294.93,7.7,294.94,7.5
1753547027332,16:23:47.332,AAVE/USDT:USDT,294.92,10.8,294.91,0.1,294.93,7.7,294.94,7.5
1753547027439,16:23:47.439,AAVE/USDT:USDT,294.92,10.8,294.91,0.1,294.93,7.7,294.94,7.5
1753547027550,16:23:47.550,AAVE/USDT:USDT,294.92,10.8,294.91,0.1,294.93,7.7,294.94,7.5
1753547027652,16:23:47.652,AAVE/USDT:USDT,294.98,0.7,294.97,6.1,294.99,5.5,295.0,3.6
1753547027753,16:23:47.753,AAVE/USDT:USDT,294.94,6.2,294.93,12.4,294.95,10.5,294.96,7.9
1753547027855,16:23:47.855,AAVE/USDT:USDT,294.94,6.2,294.93,12.5,294.95,9.7,294.96,7.1
1753547027968,16:23:47.968,AAVE/USDT:USDT,294.94,6.2,294.93,12.5,294.95,9.7,294.96,7.1
1753547028077,16:23:48.077,AAVE/USDT:USDT,294.94,6.2,294.93,12.5,294.95,9.7,294.96,7.1
1753547028180,16:23:48.180,AAVE/USDT:USDT,294.94,6.2,294.93,12.5,294.95,9.7,294.96,6.2
1753547028323,16:23:48.323,AAVE/USDT:USDT,294.94,6.2,294.93,12.5,294.95,9.7,294.96,6.2
1753547028450,16:23:48.450,AAVE/USDT:USDT,294.94,6.2,294.93,12.5,294.95,9.7,294.96,6.2
1753547028553,16:23:48.553,AAVE/USDT:USDT,294.94,6.2,294.93,12.5,294.95,9.7,294.96,6.2
1753547028660,16:23:48.660,AAVE/USDT:USDT,294.94,6.2,294.93,12.5,294.95,9.7,294.96,6.2
1753547028776,16:23:48.776,AAVE/USDT:USDT,294.94,6.2,294.93,7.5,294.95,9.7,294.96,6.2
1753547028879,16:23:48.879,AAVE/USDT:USDT,294.94,6.6,294.93,7.5,294.95,9.7,294.96,6.2
1753547028981,16:23:48.981,AAVE/USDT:USDT,294.94,7.0,294.93,7.5,294.95,9.7,294.96,6.2
1753547029099,16:23:49.099,AAVE/USDT:USDT,294.94,7.0,294.93,7.5,294.95,9.7,294.96,6.2
1753547029205,16:23:49.205,AAVE/USDT:USDT,294.94,7.0,294.93,7.5,294.95,9.7,294.96,6.2
1753547029342,16:23:49.342,AAVE/USDT:USDT,294.94,7.0,294.93,7.5,294.95,9.7,294.96,6.2
1753547029453,16:23:49.453,AAVE/USDT:USDT,294.94,7.4,294.93,7.5,294.95,9.7,294.96,6.2
1753547029573,16:23:49.573,AAVE/USDT:USDT,294.94,7.4,294.93,7.5,294.95,9.7,294.96,6.2
1753547029780,16:23:49.780,AAVE/USDT:USDT,294.94,7.4,294.93,7.5,294.95,9.7,294.96,6.2
1753547030049,16:23:50.049,AAVE/USDT:USDT,294.94,7.4,294.93,6.3,294.95,9.7,294.96,6.2
1753547030152,16:23:50.152,AAVE/USDT:USDT,294.94,7.4,294.93,6.3,294.95,9.7,294.96,6.2
1753547030323,16:23:50.323,AAVE/USDT:USDT,294.95,26.7,294.94,11.3,294.96,0.1,294.97,0.1
1753547030425,16:23:50.425,AAVE/USDT:USDT,294.95,28.0,294.94,11.1,294.96,0.1,294.97,0.1
1753547030595,16:23:50.595,AAVE/USDT:USDT,294.95,28.0,294.94,11.1,294.96,0.1,294.97,0.1
1753547030701,16:23:50.701,AAVE/USDT:USDT,294.95,28.0,294.94,11.1,294.96,0.2,294.97,0.1
1753547030804,16:23:50.804,AAVE/USDT:USDT,294.95,28.0,294.94,11.1,294.96,0.2,294.97,0.1
1753547031009,16:23:51.009,AAVE/USDT:USDT,294.95,28.8,294.94,7.8,294.96,0.2,294.97,0.1
1753547031171,16:23:51.171,AAVE/USDT:USDT,294.95,28.8,294.94,7.8,294.96,0.2,294.97,0.1
1753547031279,16:23:51.279,AAVE/USDT:USDT,294.95,7.5,294.94,7.7,294.96,7.5,294.97,0.9
1753547031381,16:23:51.381,AAVE/USDT:USDT,294.95,7.5,294.94,7.7,294.96,7.5,294.97,0.9
1753547031484,16:23:51.484,AAVE/USDT:USDT,294.95,7.5,294.94,7.7,294.96,7.5,294.97,0.9
1753547031588,16:23:51.588,AAVE/USDT:USDT,294.95,11.1,294.94,8.5,294.96,1.4,294.97,0.1
1753547031691,16:23:51.691,AAVE/USDT:USDT,294.95,14.6,294.94,8.5,294.96,1.4,294.97,0.1
1753547031794,16:23:51.794,AAVE/USDT:USDT,294.95,14.6,294.94,8.5,294.96,1.4,294.97,0.1
1753547032005,16:23:52.005,AAVE/USDT:USDT,294.95,11.1,294.94,9.1,294.96,1.4,294.97,0.1
1753547032123,16:23:52.123,AAVE/USDT:USDT,294.95,14.6,294.94,9.1,294.96,1.4,294.97,0.1
1753547032226,16:23:52.226,AAVE/USDT:USDT,294.95,14.6,294.94,9.1,294.96,1.4,294.97,0.1
1753547032329,16:23:52.329,AAVE/USDT:USDT,294.95,13.0,294.94,9.1,294.96,1.4,294.97,0.1
1753547032467,16:23:52.467,AAVE/USDT:USDT,294.95,13.0,294.94,9.1,294.96,1.4,294.97,0.1
1753547032570,16:23:52.570,AAVE/USDT:USDT,294.95,13.0,294.94,9.1,294.96,1.4,294.97,0.1
1753547032672,16:23:52.672,AAVE/USDT:USDT,294.95,15.5,294.94,9.9,294.96,1.4,294.97,0.1
1753547032775,16:23:52.775,AAVE/USDT:USDT,294.95,15.8,294.94,9.1,294.96,1.4,294.97,0.1
1753547032878,16:23:52.878,AAVE/USDT:USDT,294.95,15.8,294.94,9.1,294.96,1.4,294.97,0.1
1753547032980,16:23:52.980,AAVE/USDT:USDT,294.95,15.8,294.94,9.1,294.96,1.4,294.97,0.1
1753547033092,16:23:53.092,AAVE/USDT:USDT,294.95,16.7,294.94,9.1,294.96,1.4,294.97,0.1
1753547033226,16:23:53.226,AAVE/USDT:USDT,294.95,16.7,294.94,9.1,294.96,1.4,294.97,0.1
1753547033342,16:23:53.342,AAVE/USDT:USDT,294.95,18.5,294.94,9.1,294.96,1.5,294.97,0.1
1753547033446,16:23:53.446,AAVE/USDT:USDT,294.95,18.5,294.94,9.1,294.96,1.5,294.97,0.1
1753547033549,16:23:53.549,AAVE/USDT:USDT,294.95,13.4,294.94,9.1,294.96,8.8,294.97,0.9
1753547033650,16:23:53.650,AAVE/USDT:USDT,294.95,13.4,294.94,9.1,294.96,8.8,294.97,0.9
1753547033753,16:23:53.753,AAVE/USDT:USDT,294.95,13.4,294.94,9.1,294.96,8.8,294.97,1.0
1753547033867,16:23:53.867,AAVE/USDT:USDT,294.95,13.4,294.94,9.1,294.96,8.8,294.97,0.9
1753547033980,16:23:53.980,AAVE/USDT:USDT,294.95,13.4,294.94,9.1,294.96,8.8,294.97,0.9
1753547034106,16:23:54.106,AAVE/USDT:USDT,294.95,13.4,294.94,9.1,294.96,8.8,294.97,0.9
1753547034209,16:23:54.209,AAVE/USDT:USDT,294.95,13.4,294.94,9.1,294.96,8.8,294.97,0.9
1753547034315,16:23:54.315,AAVE/USDT:USDT,294.95,16.9,294.94,9.1,294.96,1.4,294.97,0.1
1753547034418,16:23:54.418,AAVE/USDT:USDT,294.95,16.8,294.94,9.1,294.96,1.4,294.97,0.1
1753547034528,16:23:54.528,AAVE/USDT:USDT,294.95,16.8,294.94,9.1,294.96,1.4,294.97,0.1
1753547034667,16:23:54.667,AAVE/USDT:USDT,294.95,16.8,294.94,9.1,294.96,1.4,294.97,0.1
1753547034792,16:23:54.792,AAVE/USDT:USDT,294.95,11.3,294.94,9.1,294.96,19.1,294.97,0.1
1753547034896,16:23:54.896,AAVE/USDT:USDT,294.95,11.3,294.94,9.1,294.96,17.0,294.97,0.1
1753547034999,16:23:54.999,AAVE/USDT:USDT,294.95,11.3,294.94,9.1,294.96,17.0,294.97,0.1
1753547035101,16:23:55.101,AAVE/USDT:USDT,294.95,14.8,294.94,9.1,294.96,17.0,294.97,0.1
1753547035202,16:23:55.202,AAVE/USDT:USDT,294.95,14.8,294.94,9.1,294.96,17.0,294.97,0.1
1753547035305,16:23:55.305,AAVE/USDT:USDT,294.95,13.1,294.94,9.1,294.96,17.0,294.97,0.1
1753547035450,16:23:55.450,AAVE/USDT:USDT,294.95,13.1,294.94,9.1,294.96,17.0,294.97,0.1
1753547035552,16:23:55.552,AAVE/USDT:USDT,294.95,13.1,294.94,9.1,294.96,17.0,294.97,0.1
1753547035655,16:23:55.655,AAVE/USDT:USDT,294.95,13.1,294.94,9.1,294.96,17.0,294.97,0.1
1753547035758,16:23:55.758,AAVE/USDT:USDT,294.95,11.5,294.94,9.1,294.96,15.7,294.97,0.1
1753547035860,16:23:55.860,AAVE/USDT:USDT,294.95,11.5,294.94,9.1,294.96,15.7,294.97,0.1
1753547035977,16:23:55.977,AAVE/USDT:USDT,294.95,15.0,294.94,9.1,294.96,15.7,294.97,0.1
1753547036080,16:23:56.080,AAVE/USDT:USDT,294.95,15.0,294.94,9.1,294.96,7.5,294.97,0.1
1753547036183,16:23:56.183,AAVE/USDT:USDT,294.95,15.0,294.94,9.1,294.96,7.5,294.97,0.1
1753547036431,16:23:56.431,AAVE/USDT:USDT,294.95,15.0,294.94,9.1,294.96,2.2,294.97,0.1
1753547036533,16:23:56.533,AAVE/USDT:USDT,294.95,13.3,294.94,9.1,294.96,8.3,294.97,0.9
1753547036658,16:23:56.658,AAVE/USDT:USDT,294.95,15.0,294.94,9.1,294.96,8.3,294.97,0.9
1753547036760,16:23:56.760,AAVE/USDT:USDT,294.95,13.5,294.94,9.1,294.96,8.3,294.97,0.9
1753547036862,16:23:56.862,AAVE/USDT:USDT,294.95,13.5,294.94,9.1,294.96,8.3,294.97,0.1
1753547037106,16:23:57.106,AAVE/USDT:USDT,294.95,13.5,294.94,9.1,294.96,8.3,294.97,0.9
1753547037293,16:23:57.293,AAVE/USDT:USDT,294.95,13.6,294.94,9.1,294.96,8.2,294.97,0.1
1753547037395,16:23:57.395,AAVE/USDT:USDT,294.95,15.3,294.94,9.1,294.96,8.2,294.97,0.1
1753547037504,16:23:57.504,AAVE/USDT:USDT,294.95,15.3,294.94,9.1,294.96,8.2,294.97,0.1
1753547037625,16:23:57.625,AAVE/USDT:USDT,294.95,15.3,294.94,9.1,294.96,8.2,294.97,0.1
1753547037728,16:23:57.728,AAVE/USDT:USDT,294.95,15.3,294.94,9.1,294.96,8.2,294.97,0.1
1753547037928,16:23:57.928,AAVE/USDT:USDT,294.95,15.3,294.94,9.1,294.96,2.1,294.97,0.1
1753547038049,16:23:58.049,AAVE/USDT:USDT,294.95,13.6,294.94,9.1,294.96,15.3,294.97,0.1
1753547038178,16:23:58.178,AAVE/USDT:USDT,294.95,15.3,294.94,9.1,294.96,15.3,294.97,0.1
1753547038281,16:23:58.281,AAVE/USDT:USDT,294.95,13.5,294.94,9.1,294.96,15.3,294.97,0.1
1753547038383,16:23:58.383,AAVE/USDT:USDT,294.95,13.5,294.94,9.1,294.96,5.0,294.97,0.1
1753547038485,16:23:58.485,AAVE/USDT:USDT,294.95,13.5,294.94,9.1,294.96,5.0,294.97,0.1
1753547038588,16:23:58.588,AAVE/USDT:USDT,294.95,15.3,294.94,9.1,294.96,5.0,294.97,0.1
1753547038691,16:23:58.691,AAVE/USDT:USDT,294.95,13.6,294.94,9.1,294.96,5.0,294.97,0.1
1753547038806,16:23:58.806,AAVE/USDT:USDT,294.95,13.6,294.94,9.1,294.96,5.0,294.97,0.9
1753547038934,16:23:58.934,AAVE/USDT:USDT,294.95,11.8,294.94,9.1,294.96,5.0,294.97,0.9
1753547039040,16:23:59.040,AAVE/USDT:USDT,294.95,11.8,294.94,9.1,294.96,5.0,294.97,0.9
1753547039159,16:23:59.159,AAVE/USDT:USDT,294.95,11.8,294.94,9.1,294.96,5.0,294.97,0.9
1753547039263,16:23:59.263,AAVE/USDT:USDT,294.95,11.8,294.94,9.1,294.96,5.0,294.97,0.1
1753547039365,16:23:59.365,AAVE/USDT:USDT,294.95,11.8,294.94,9.1,294.96,5.0,294.97,0.1
1753547039489,16:23:59.489,AAVE/USDT:USDT,294.95,11.8,294.94,9.1,294.96,5.0,294.97,0.1
1753547039606,16:23:59.606,AAVE/USDT:USDT,294.95,15.3,294.94,9.2,294.96,5.0,294.97,0.1
1753547039709,16:23:59.709,AAVE/USDT:USDT,294.95,15.3,294.94,9.2,294.96,5.0,294.97,0.1
1753547039894,16:23:59.894,AAVE/USDT:USDT,294.95,15.3,294.94,9.2,294.96,5.0,294.97,0.1
1753547039997,16:23:59.997,AAVE/USDT:USDT,294.95,15.3,294.94,9.2,294.96,5.0,294.97,0.1
1753547040102,16:24:00.102,AAVE/USDT:USDT,294.95,15.3,294.94,9.2,294.96,5.0,294.97,0.1
1753547040203,16:24:00.203,AAVE/USDT:USDT,294.95,15.3,294.94,9.1,294.96,5.0,294.97,0.1
1753547040308,16:24:00.308,AAVE/USDT:USDT,294.95,15.3,294.94,9.1,294.96,5.0,294.97,0.1
1753547040411,16:24:00.411,AAVE/USDT:USDT,294.95,15.3,294.94,9.1,294.96,5.1,294.97,0.9
1753547040515,16:24:00.515,AAVE/USDT:USDT,294.95,15.3,294.94,9.1,294.96,5.1,294.97,0.9
1753547040618,16:24:00.618,AAVE/USDT:USDT,294.95,15.3,294.94,9.1,294.96,5.1,294.97,0.9
1753547041008,16:24:01.008,AAVE/USDT:USDT,294.95,13.6,294.94,9.1,294.96,5.1,294.97,0.9
1753547041115,16:24:01.115,AAVE/USDT:USDT,294.95,15.3,294.94,9.1,294.96,5.1,294.97,0.9
1753547041218,16:24:01.218,AAVE/USDT:USDT,294.95,15.3,294.94,9.2,294.96,5.1,294.97,0.1
1753547041380,16:24:01.380,AAVE/USDT:USDT,294.95,15.3,294.94,9.2,294.96,5.1,294.97,0.1
1753547041500,16:24:01.500,AAVE/USDT:USDT,294.95,15.3,294.94,9.2,294.96,5.1,294.97,0.1
1753547041725,16:24:01.725,AAVE/USDT:USDT,294.95,15.3,294.94,9.1,294.96,5.1,294.97,0.1
1753547041829,16:24:01.829,AAVE/USDT:USDT,294.95,15.3,294.94,9.1,294.96,5.1,294.97,0.1
1753547041931,16:24:01.931,AAVE/USDT:USDT,294.95,11.8,294.94,9.1,294.96,5.1,294.97,0.9
1753547042038,16:24:02.038,AAVE/USDT:USDT,294.95,15.3,294.94,9.1,294.96,5.1,294.97,0.1
1753547042140,16:24:02.140,AAVE/USDT:USDT,294.95,15.3,294.94,9.1,294.96,5.1,294.97,0.1
1753547042242,16:24:02.242,AAVE/USDT:USDT,294.95,15.3,294.94,9.1,294.96,5.1,294.97,0.1
1753547042489,16:24:02.489,AAVE/USDT:USDT,294.95,15.3,294.94,9.1,294.96,5.1,294.97,0.1
1753547042592,16:24:02.592,AAVE/USDT:USDT,294.95,15.3,294.94,9.1,294.96,5.1,294.97,0.1
1753547042695,16:24:02.695,AAVE/USDT:USDT,294.95,15.3,294.94,9.1,294.96,5.1,294.97,0.9
1753547042801,16:24:02.801,AAVE/USDT:USDT,294.95,15.3,294.94,9.1,294.96,5.1,294.97,0.9
1753547042904,16:24:02.904,AAVE/USDT:USDT,294.95,13.6,294.94,9.1,294.96,5.1,294.97,0.9
1753547043067,16:24:03.067,AAVE/USDT:USDT,294.95,13.6,294.94,9.1,294.96,5.1,294.97,0.9
1753547043170,16:24:03.170,AAVE/USDT:USDT,294.95,13.6,294.94,9.1,294.96,5.1,294.97,0.9
1753547043273,16:24:03.273,AAVE/USDT:USDT,294.95,13.7,294.94,9.1,294.96,5.1,294.97,0.9
1753547043412,16:24:03.412,AAVE/USDT:USDT,294.95,15.4,294.94,9.1,294.96,5.1,294.97,0.1
1753547043515,16:24:03.515,AAVE/USDT:USDT,294.95,15.4,294.94,9.1,294.96,5.1,294.97,0.1
1753547043679,16:24:03.679,AAVE/USDT:USDT,294.95,15.4,294.94,9.1,294.96,5.1,294.97,0.1
1753547043836,16:24:03.836,AAVE/USDT:USDT,294.95,12.7,294.94,9.1,294.96,5.1,294.97,0.1
1753547043943,16:24:03.943,AAVE/USDT:USDT,294.95,15.4,294.94,9.1,294.96,5.1,294.97,0.1
1753547044046,16:24:04.046,AAVE/USDT:USDT,294.95,15.4,294.94,9.1,294.96,5.1,294.97,0.1
1753547044149,16:24:04.149,AAVE/USDT:USDT,294.95,15.4,294.94,9.1,294.96,5.1,294.97,0.1
1753547044252,16:24:04.252,AAVE/USDT:USDT,294.97,25.8,294.96,16.9,294.98,0.1,294.99,1.2
1753547044354,16:24:04.354,AAVE/USDT:USDT,294.97,25.8,294.96,16.9,294.98,0.1,294.99,0.3
1753547044463,16:24:04.463,AAVE/USDT:USDT,294.97,25.8,294.96,16.9,294.98,0.1,294.99,0.3
1753547044565,16:24:04.565,AAVE/USDT:USDT,294.97,25.8,294.96,16.9,294.98,0.1,294.99,0.3
1753547044670,16:24:04.670,AAVE/USDT:USDT,294.97,28.2,294.96,16.9,294.98,0.1,294.99,0.3
1753547044771,16:24:04.771,AAVE/USDT:USDT,294.97,28.2,294.96,16.9,294.98,0.2,294.99,0.3
1753547044874,16:24:04.874,AAVE/USDT:USDT,294.97,28.2,294.96,16.9,294.98,0.2,294.99,0.3
1753547044977,16:24:04.977,AAVE/USDT:USDT,294.97,28.2,294.96,16.9,294.98,0.2,294.99,0.3
1753547045085,16:24:05.085,AAVE/USDT:USDT,294.97,28.2,294.96,16.9,294.98,0.2,294.99,0.3
1753547045190,16:24:05.190,AAVE/USDT:USDT,294.97,28.2,294.96,16.9,294.98,0.2,294.99,0.3
1753547045292,16:24:05.292,AAVE/USDT:USDT,294.97,28.2,294.96,11.9,294.98,0.2,294.99,0.3
1753547045460,16:24:05.460,AAVE/USDT:USDT,294.97,28.2,294.96,11.9,294.98,0.2,294.99,0.3
1753547045563,16:24:05.563,AAVE/USDT:USDT,294.97,33.9,294.96,11.9,294.98,0.2,294.99,0.3
1753547045664,16:24:05.664,AAVE/USDT:USDT,294.97,33.9,294.96,11.9,294.98,0.2,294.99,0.3
1753547045766,16:24:05.766,AAVE/USDT:USDT,294.97,34.2,294.96,11.9,294.98,0.2,294.99,0.3
1753547045868,16:24:05.868,AAVE/USDT:USDT,294.97,34.2,294.96,11.9,294.98,0.6,294.99,0.3
1753547045971,16:24:05.971,AAVE/USDT:USDT,294.97,34.2,294.96,11.9,294.98,0.6,294.99,0.3
1753547046074,16:24:06.074,AAVE/USDT:USDT,294.97,34.2,294.96,11.9,294.98,0.6,294.99,0.3
1753547046177,16:24:06.177,AAVE/USDT:USDT,294.97,34.2,294.96,11.9,294.98,0.6,294.99,0.3
1753547046280,16:24:06.280,AAVE/USDT:USDT,294.97,34.2,294.96,11.9,294.98,0.6,294.99,0.3
1753547046408,16:24:06.408,AAVE/USDT:USDT,294.97,32.5,294.96,11.9,294.98,0.6,294.99,0.3
1753547046511,16:24:06.511,AAVE/USDT:USDT,294.97,32.5,294.96,11.9,294.98,0.6,294.99,0.3
1753547046614,16:24:06.614,AAVE/USDT:USDT,294.97,32.5,294.96,11.9,294.98,0.6,294.99,0.3
1753547046755,16:24:06.755,AAVE/USDT:USDT,294.97,32.5,294.96,11.9,294.98,0.6,294.99,0.3
1753547046858,16:24:06.858,AAVE/USDT:USDT,294.97,32.7,294.96,11.9,294.98,0.6,294.99,0.3
1753547046967,16:24:06.967,AAVE/USDT:USDT,294.97,32.7,294.96,11.9,294.98,0.6,294.99,0.3
1753547047070,16:24:07.070,AAVE/USDT:USDT,294.97,32.7,294.96,11.9,294.98,0.6,294.99,0.3
1753547047176,16:24:07.176,AAVE/USDT:USDT,294.97,32.7,294.96,11.9,294.98,0.6,294.99,0.3
1753547047279,16:24:07.279,AAVE/USDT:USDT,294.97,32.7,294.96,11.9,294.98,0.6,294.99,0.3
1753547047404,16:24:07.404,AAVE/USDT:USDT,294.97,15.2,294.96,11.9,294.98,17.5,294.99,4.7
1753547047507,16:24:07.507,AAVE/USDT:USDT,294.97,15.2,294.96,11.9,294.98,17.5,294.99,4.7
1753547047610,16:24:07.610,AAVE/USDT:USDT,294.97,17.0,294.96,11.9,294.98,17.5,294.99,4.7
1753547047713,16:24:07.713,AAVE/USDT:USDT,294.97,15.2,294.96,11.9,294.98,17.5,294.99,4.7
1753547047850,16:24:07.850,AAVE/USDT:USDT,294.97,15.2,294.96,8.8,294.98,17.5,294.99,4.7
1753547047953,16:24:07.953,AAVE/USDT:USDT,294.97,15.2,294.96,8.8,294.98,17.5,294.99,4.7
1753547048066,16:24:08.066,AAVE/USDT:USDT,294.97,15.2,294.96,8.8,294.98,17.5,294.99,4.7
1753547048207,16:24:08.207,AAVE/USDT:USDT,294.97,15.2,294.96,8.8,294.98,17.5,294.99,4.7
1753547048310,16:24:08.310,AAVE/USDT:USDT,294.97,15.2,294.96,8.8,294.98,17.5,294.99,4.7
1753547048414,16:24:08.414,AAVE/USDT:USDT,294.97,15.2,294.96,6.4,294.98,17.5,294.99,4.7
1753547048620,16:24:08.620,AAVE/USDT:USDT,294.97,10.1,294.96,1.5,294.98,17.5,294.99,4.7
1753547048726,16:24:08.726,AAVE/USDT:USDT,294.97,10.1,294.96,1.5,294.98,17.5,294.99,4.7
1753547048829,16:24:08.829,AAVE/USDT:USDT,294.97,10.1,294.96,1.5,294.98,17.5,294.99,4.7
1753547048993,16:24:08.993,AAVE/USDT:USDT,294.97,11.9,294.96,1.5,294.98,17.4,294.99,0.2
1753547049210,16:24:09.210,AAVE/USDT:USDT,294.97,10.1,294.96,1.5,294.98,17.4,294.99,0.2
1753547049314,16:24:09.314,AAVE/USDT:USDT,294.97,10.1,294.96,1.5,294.98,17.4,294.99,0.2
1753547049417,16:24:09.417,AAVE/USDT:USDT,294.97,10.1,294.96,1.5,294.98,17.4,294.99,0.2
1753547049519,16:24:09.519,AAVE/USDT:USDT,294.97,11.9,294.96,1.5,294.98,17.4,294.99,0.2
1753547049622,16:24:09.622,AAVE/USDT:USDT,294.97,10.1,294.96,1.5,294.98,17.4,294.99,0.2
1753547049724,16:24:09.724,AAVE/USDT:USDT,294.97,10.1,294.96,1.5,294.98,17.4,294.99,0.2
1753547049870,16:24:09.870,AAVE/USDT:USDT,294.97,10.1,294.96,1.5,294.98,17.4,294.99,0.2
1753547049973,16:24:09.973,AAVE/USDT:USDT,294.97,10.1,294.96,1.5,294.98,17.4,294.99,0.2
1753547050075,16:24:10.075,AAVE/USDT:USDT,294.97,10.1,294.96,1.5,294.98,17.4,294.99,0.2
1753547050177,16:24:10.177,AAVE/USDT:USDT,294.97,10.1,294.96,1.5,294.98,17.4,294.99,0.2
1753547050284,16:24:10.284,AAVE/USDT:USDT,294.97,10.1,294.96,1.5,294.98,17.4,294.99,0.2
1753547050410,16:24:10.410,AAVE/USDT:USDT,294.97,10.5,294.96,1.5,294.98,17.4,294.99,0.2
1753547050512,16:24:10.512,AAVE/USDT:USDT,294.97,10.5,294.96,1.5,294.98,17.4,294.99,0.2
1753547050613,16:24:10.613,AAVE/USDT:USDT,294.97,14.0,294.96,1.5,294.98,17.4,294.99,0.2
1753547050720,16:24:10.720,AAVE/USDT:USDT,294.97,15.3,294.96,1.5,294.98,17.4,294.99,0.2
1753547050822,16:24:10.822,AAVE/USDT:USDT,294.97,15.3,294.96,2.3,294.98,17.0,294.99,0.2
1753547050924,16:24:10.924,AAVE/USDT:USDT,294.97,15.3,294.96,1.5,294.98,17.0,294.99,0.2
1753547051032,16:24:11.032,AAVE/USDT:USDT,294.97,15.3,294.96,1.5,294.98,17.0,294.99,0.2
1753547051133,16:24:11.133,AAVE/USDT:USDT,294.97,12.7,294.96,1.5,294.98,17.0,294.99,0.2
1753547051235,16:24:11.235,AAVE/USDT:USDT,294.97,16.2,294.96,1.5,294.98,17.0,294.99,0.2
1753547051347,16:24:11.347,AAVE/USDT:USDT,294.97,16.2,294.96,1.5,294.98,17.0,294.99,0.2
1753547051451,16:24:11.451,AAVE/USDT:USDT,294.97,16.2,294.96,1.5,294.98,17.4,294.99,0.2
1753547051554,16:24:11.554,AAVE/USDT:USDT,294.97,16.2,294.96,1.5,294.98,17.4,294.99,0.2
1753547051657,16:24:11.657,AAVE/USDT:USDT,294.97,16.2,294.96,1.5,294.98,17.5,294.99,0.2
1753547051759,16:24:11.759,AAVE/USDT:USDT,294.97,16.2,294.96,1.5,294.98,17.5,294.99,0.2
1753547051866,16:24:11.866,AAVE/USDT:USDT,294.97,16.2,294.96,1.5,294.98,17.6,294.99,0.2
1753547052021,16:24:12.021,AAVE/USDT:USDT,294.97,16.2,294.96,1.5,294.98,17.6,294.99,0.2
1753547052123,16:24:12.123,AAVE/USDT:USDT,294.97,16.2,294.96,1.5,294.98,17.6,294.99,0.2
1753547052225,16:24:12.225,AAVE/USDT:USDT,294.97,16.4,294.96,1.5,294.98,17.6,294.99,0.2
1753547052357,16:24:12.357,AAVE/USDT:USDT,294.97,16.4,294.96,2.3,294.98,14.5,294.99,0.2
1753547052460,16:24:12.460,AAVE/USDT:USDT,294.97,16.5,294.96,1.5,294.98,14.5,294.99,0.2
1753547052563,16:24:12.563,AAVE/USDT:USDT,294.97,16.5,294.96,1.5,294.98,14.5,294.99,0.2
1753547052792,16:24:12.792,AAVE/USDT:USDT,294.97,16.5,294.96,6.5,294.98,14.5,294.99,0.2
1753547052895,16:24:12.895,AAVE/USDT:USDT,294.97,16.3,294.96,6.5,294.98,14.5,294.99,0.2
1753547053017,16:24:13.017,AAVE/USDT:USDT,294.97,16.3,294.96,6.5,294.98,14.5,294.99,0.2
1753547053120,16:24:13.120,AAVE/USDT:USDT,294.97,14.6,294.96,6.5,294.98,14.5,294.99,0.2
1753547053233,16:24:13.233,AAVE/USDT:USDT,294.97,15.1,294.96,6.5,294.98,14.5,294.99,0.2
1753547053336,16:24:13.336,AAVE/USDT:USDT,294.97,16.8,294.96,6.5,294.98,12.4,294.99,0.2
1753547053439,16:24:13.439,AAVE/USDT:USDT,294.97,16.0,294.96,6.5,294.98,12.5,294.99,0.2
1753547053542,16:24:13.542,AAVE/USDT:USDT,294.97,16.0,294.96,6.5,294.98,12.5,294.99,0.2
1753547053669,16:24:13.669,AAVE/USDT:USDT,294.97,16.2,294.96,6.5,294.98,12.5,294.99,0.2
1753547053771,16:24:13.771,AAVE/USDT:USDT,294.97,16.2,294.96,6.5,294.98,12.5,294.99,0.2
1753547053874,16:24:13.874,AAVE/USDT:USDT,294.97,16.2,294.96,6.5,294.98,12.5,294.99,0.2
1753547053977,16:24:13.977,AAVE/USDT:USDT,294.97,16.0,294.96,6.5,294.98,12.5,294.99,0.2
1753547054109,16:24:14.109,AAVE/USDT:USDT,294.97,16.2,294.96,6.5,294.98,13.5,294.99,0.2
1753547054214,16:24:14.214,AAVE/USDT:USDT,294.97,16.2,294.96,6.5,294.98,13.5,294.99,0.2
1753547054467,16:24:14.467,AAVE/USDT:USDT,294.97,16.2,294.96,1.5,294.98,13.5,294.99,4.6
1753547054568,16:24:14.568,AAVE/USDT:USDT,294.97,14.4,294.96,1.5,294.98,13.6,294.99,4.7
1753547054672,16:24:14.672,AAVE/USDT:USDT,294.97,14.4,294.96,1.5,294.98,13.6,294.99,4.7
1753547054777,16:24:14.777,AAVE/USDT:USDT,294.97,14.4,294.96,1.6,294.98,13.6,294.99,4.7
1753547054968,16:24:14.968,AAVE/USDT:USDT,294.97,14.4,294.96,1.6,294.98,13.6,294.99,4.7
1753547055121,16:24:15.121,AAVE/USDT:USDT,294.97,14.4,294.96,1.6,294.98,13.6,294.99,0.3
1753547055224,16:24:15.224,AAVE/USDT:USDT,294.97,14.4,294.96,1.6,294.98,13.6,294.99,0.3
1753547055431,16:24:15.431,AAVE/USDT:USDT,294.93,15.5,294.92,9.4,294.94,14.3,294.95,6.1
1753547055534,16:24:15.534,AAVE/USDT:USDT,294.93,16.4,294.92,9.4,294.94,14.4,294.95,6.1
1753547055635,16:24:15.635,AAVE/USDT:USDT,294.93,16.4,294.92,7.8,294.94,14.4,294.95,6.1
1753547055738,16:24:15.738,AAVE/USDT:USDT,294.93,16.4,294.92,7.8,294.94,14.6,294.95,6.1
1753547055865,16:24:15.865,AAVE/USDT:USDT,294.93,16.4,294.92,7.8,294.94,14.6,294.95,6.1
1753547055968,16:24:15.968,AAVE/USDT:USDT,294.93,16.4,294.92,7.8,294.94,14.6,294.96,1.6
1753547056070,16:24:16.070,AAVE/USDT:USDT,294.93,16.4,294.92,7.8,294.94,14.6,294.96,1.6
1753547056195,16:24:16.195,AAVE/USDT:USDT,294.93,16.4,294.92,7.8,294.94,14.6,294.96,1.6
1753547056356,16:24:16.356,AAVE/USDT:USDT,294.93,16.4,294.92,7.8,294.94,14.6,294.96,1.6
1753547056462,16:24:16.462,AAVE/USDT:USDT,294.93,18.0,294.92,8.6,294.94,0.3,294.96,0.4
1753547056563,16:24:16.563,AAVE/USDT:USDT,294.93,18.0,294.92,8.6,294.94,0.3,294.96,1.6
1753547056665,16:24:16.665,AAVE/USDT:USDT,294.93,18.0,294.92,8.6,294.94,0.3,294.96,1.6
1753547056773,16:24:16.773,AAVE/USDT:USDT,294.93,18.0,294.92,8.6,294.94,0.3,294.96,1.6
1753547056875,16:24:16.875,AAVE/USDT:USDT,294.93,18.0,294.92,8.6,294.94,0.3,294.96,1.6
1753547057021,16:24:17.021,AAVE/USDT:USDT,294.93,18.0,294.92,8.6,294.94,0.3,294.96,1.6
1753547057124,16:24:17.124,AAVE/USDT:USDT,294.96,15.5,294.95,6.2,294.97,9.0,294.98,16.3
1753547057227,16:24:17.227,AAVE/USDT:USDT,294.96,14.4,294.95,6.2,294.97,6.1,294.98,16.3
1753547057328,16:24:17.328,AAVE/USDT:USDT,294.96,14.4,294.95,6.2,294.97,6.1,294.98,16.3
1753547057430,16:24:17.430,AAVE/USDT:USDT,294.96,16.2,294.95,6.2,294.97,6.1,294.98,16.2
1753547057545,16:24:17.545,AAVE/USDT:USDT,294.96,17.5,294.95,6.2,294.97,6.1,294.98,16.2
1753547057805,16:24:17.805,AAVE/USDT:USDT,294.96,17.5,294.95,6.2,294.97,6.1,294.98,16.2
1753547057908,16:24:17.908,AAVE/USDT:USDT,294.96,17.5,294.95,7.0,294.97,6.1,294.98,16.2
1753547058011,16:24:18.011,AAVE/USDT:USDT,294.97,26.2,294.96,4.7,294.98,16.1,294.99,0.2
1753547058139,16:24:18.139,AAVE/USDT:USDT,294.97,26.2,294.96,4.7,294.98,16.1,294.99,0.2
1753547058243,16:24:18.243,AAVE/USDT:USDT,294.97,26.2,294.96,4.7,294.98,16.1,294.99,0.2
1753547058403,16:24:18.403,AAVE/USDT:USDT,294.97,26.6,294.96,4.7,294.98,16.1,294.99,0.2
1753547058517,16:24:18.517,AAVE/USDT:USDT,294.97,28.2,294.96,3.4,294.98,16.8,294.99,0.2
1753547058635,16:24:18.635,AAVE/USDT:USDT,294.97,20.5,294.96,3.4,294.98,16.8,294.99,0.2
1753547058737,16:24:18.737,AAVE/USDT:USDT,294.97,20.5,294.96,3.4,294.98,16.8,294.99,0.2
1753547058894,16:24:18.894,AAVE/USDT:USDT,294.97,17.0,294.96,3.4,294.98,16.8,294.99,0.2
1753547059071,16:24:19.071,AAVE/USDT:USDT,294.97,17.0,294.96,3.4,294.98,16.8,294.99,0.2
1753547059174,16:24:19.174,AAVE/USDT:USDT,294.97,17.0,294.96,3.4,294.98,16.7,294.99,0.2
1753547059277,16:24:19.277,AAVE/USDT:USDT,294.97,15.2,294.96,3.4,294.98,16.7,294.99,0.2
1753547059382,16:24:19.382,AAVE/USDT:USDT,294.97,18.7,294.96,3.8,294.98,16.7,294.99,0.2
1753547059484,16:24:19.484,AAVE/USDT:USDT,294.97,18.8,294.96,3.8,294.98,16.7,294.99,0.2
1753547059585,16:24:19.585,AAVE/USDT:USDT,294.97,15.9,294.96,3.8,294.98,16.7,294.99,0.2
1753547059688,16:24:19.688,AAVE/USDT:USDT,294.97,15.9,294.96,8.8,294.98,16.7,294.99,0.2
1753547059817,16:24:19.817,AAVE/USDT:USDT,294.97,15.9,294.96,8.9,294.98,16.7,294.99,0.2
1753547059920,16:24:19.920,AAVE/USDT:USDT,294.97,15.9,294.96,8.9,294.98,16.7,294.99,0.2
1753547060023,16:24:20.023,AAVE/USDT:USDT,294.97,14.1,294.96,7.7,294.98,16.7,294.99,0.2
1753547060126,16:24:20.126,AAVE/USDT:USDT,294.97,14.1,294.96,7.7,294.98,16.7,294.99,0.2
1753547060268,16:24:20.268,AAVE/USDT:USDT,294.97,17.6,294.96,7.7,294.98,16.7,294.99,0.2
1753547060371,16:24:20.371,AAVE/USDT:USDT,294.97,17.6,294.96,7.7,294.98,16.7,294.99,0.2
1753547060541,16:24:20.541,AAVE/USDT:USDT,294.97,17.6,294.96,7.7,294.98,16.7,294.99,0.2
1753547060644,16:24:20.644,AAVE/USDT:USDT,294.97,15.9,294.96,7.7,294.98,16.7,294.99,0.2
1753547060786,16:24:20.786,AAVE/USDT:USDT,294.97,15.9,294.96,7.7,294.98,16.7,294.99,0.2
1753547060913,16:24:20.913,AAVE/USDT:USDT,294.97,14.1,294.96,7.6,294.98,16.7,294.99,0.2
1753547061014,16:24:21.014,AAVE/USDT:USDT,294.97,14.1,294.96,2.6,294.98,16.7,294.99,0.2
1753547061117,16:24:21.117,AAVE/USDT:USDT,294.97,14.1,294.96,2.6,294.98,16.7,294.99,0.2
1753547061221,16:24:21.221,AAVE/USDT:USDT,294.97,15.9,294.96,2.6,294.98,16.7,294.99,0.2
1753547061324,16:24:21.324,AAVE/USDT:USDT,294.97,15.9,294.96,3.4,294.98,5.1,294.99,0.2
1753547061425,16:24:21.425,AAVE/USDT:USDT,294.97,16.1,294.96,2.7,294.98,5.1,294.99,0.2
1753547061527,16:24:21.527,AAVE/USDT:USDT,294.97,16.1,294.96,2.6,294.98,5.1,294.99,0.2
1753547061630,16:24:21.630,AAVE/USDT:USDT,294.97,14.4,294.96,3.4,294.98,5.2,294.99,0.2
1753547061732,16:24:21.732,AAVE/USDT:USDT,294.97,14.4,294.96,3.4,294.98,5.2,294.99,0.2
1753547061841,16:24:21.841,AAVE/USDT:USDT,294.97,16.2,294.96,3.4,294.98,5.2,294.99,0.2
1753547061944,16:24:21.944,AAVE/USDT:USDT,294.97,14.2,294.96,2.6,294.98,5.2,294.99,1.0
1753547062047,16:24:22.047,AAVE/USDT:USDT,294.97,8.3,294.96,3.4,294.98,5.2,294.99,1.0
1753547062159,16:24:22.159,AAVE/USDT:USDT,294.97,8.3,294.96,3.4,294.98,5.2,294.99,1.0
1753547062396,16:24:22.396,AAVE/USDT:USDT,294.97,2.1,294.96,2.6,294.98,11.5,294.99,1.0
1753547062501,16:24:22.501,AAVE/USDT:USDT,294.97,2.1,294.96,2.6,294.98,10.1,294.99,1.0
1753547062609,16:24:22.609,AAVE/USDT:USDT,294.97,2.1,294.96,2.6,294.98,10.1,294.99,1.0
1753547062712,16:24:22.712,AAVE/USDT:USDT,294.97,2.1,294.96,2.6,294.98,10.1,294.99,1.0
1753547062814,16:24:22.814,AAVE/USDT:USDT,294.97,8.2,294.96,3.4,294.98,10.1,294.99,0.2
1753547062924,16:24:22.924,AAVE/USDT:USDT,294.97,2.2,294.96,2.6,294.98,10.1,294.99,1.0
1753547063038,16:24:23.038,AAVE/USDT:USDT,294.97,8.3,294.96,2.6,294.98,10.1,294.99,0.2
1753547063141,16:24:23.141,AAVE/USDT:USDT,294.97,8.3,294.96,3.4,294.98,10.1,294.99,0.2
1753547063249,16:24:23.249,AAVE/USDT:USDT,294.97,8.3,294.96,3.4,294.98,5.2,294.99,0.2
1753547063352,16:24:23.352,AAVE/USDT:USDT,294.97,8.3,294.96,3.4,294.98,5.2,294.99,0.2
1753547063553,16:24:23.553,AAVE/USDT:USDT,294.97,8.3,294.96,3.4,294.98,5.2,294.99,0.2
1753547063728,16:24:23.728,AAVE/USDT:USDT,294.97,13.4,294.96,3.4,294.98,5.2,294.99,0.2
1753547063831,16:24:23.831,AAVE/USDT:USDT,294.97,13.4,294.96,3.4,294.98,6.3,294.99,0.2
1753547063934,16:24:23.934,AAVE/USDT:USDT,294.97,13.4,294.96,3.4,294.98,6.3,294.99,0.2
1753547064092,16:24:24.092,AAVE/USDT:USDT,294.97,13.1,294.96,3.4,294.98,6.3,294.99,0.2
1753547064195,16:24:24.195,AAVE/USDT:USDT,294.97,11.5,294.96,3.4,294.98,6.3,294.99,0.2
1753547064298,16:24:24.298,AAVE/USDT:USDT,294.97,9.8,294.96,3.5,294.98,6.3,294.99,1.0
1753547064399,16:24:24.399,AAVE/USDT:USDT,294.97,8.0,294.96,3.5,294.98,6.3,294.99,1.0
1753547064551,16:24:24.551,AAVE/USDT:USDT,294.97,8.1,294.96,2.7,294.98,6.3,294.99,1.0
1753547064654,16:24:24.654,AAVE/USDT:USDT,294.97,16.6,294.96,2.7,294.98,6.3,294.99,0.2
1753547064755,16:24:24.755,AAVE/USDT:USDT,294.97,16.6,294.96,2.7,294.98,6.3,294.99,0.2
1753547064867,16:24:24.867,AAVE/USDT:USDT,294.97,16.6,294.96,2.7,294.98,6.3,294.99,1.0
1753547064969,16:24:24.969,AAVE/USDT:USDT,294.97,16.6,294.96,2.7,294.98,6.3,294.99,1.0
1753547065098,16:24:25.098,AAVE/USDT:USDT,294.97,16.6,294.96,2.7,294.98,6.3,294.99,1.0
1753547065202,16:24:25.202,AAVE/USDT:USDT,294.97,16.7,294.96,3.5,294.98,6.3,294.99,0.2
1753547065304,16:24:25.304,AAVE/USDT:USDT,294.97,16.7,294.96,3.5,294.98,3.5,294.99,0.2
1753547065405,16:24:25.405,AAVE/USDT:USDT,294.97,13.2,294.96,2.7,294.98,9.6,294.99,0.2
1753547065507,16:24:25.507,AAVE/USDT:USDT,294.97,13.1,294.96,2.7,294.98,10.1,294.99,0.2
1753547065633,16:24:25.633,AAVE/USDT:USDT,294.97,1.8,294.96,1.3,294.98,11.5,294.99,1.0
1753547065735,16:24:25.735,AAVE/USDT:USDT,294.97,2.0,294.96,1.3,294.98,11.5,294.99,1.0
1753547065838,16:24:25.838,AAVE/USDT:USDT,294.97,2.0,294.96,1.3,294.98,11.5,294.99,1.0
1753547065956,16:24:25.956,AAVE/USDT:USDT,294.97,2.0,294.96,1.3,294.98,11.5,294.99,1.0
1753547066061,16:24:26.061,AAVE/USDT:USDT,294.97,2.0,294.96,1.3,294.98,11.5,294.99,1.0
1753547066167,16:24:26.167,AAVE/USDT:USDT,294.97,2.1,294.96,2.1,294.98,10.1,294.99,1.0
1753547066271,16:24:26.271,AAVE/USDT:USDT,294.97,2.1,294.96,2.1,294.98,10.1,294.99,1.0
1753547066373,16:24:26.373,AAVE/USDT:USDT,294.97,2.1,294.96,2.1,294.98,10.1,294.99,1.0
1753547066476,16:24:26.476,AAVE/USDT:USDT,294.97,2.8,294.96,2.1,294.98,10.1,294.99,1.0
1753547066587,16:24:26.587,AAVE/USDT:USDT,294.97,2.8,294.96,2.1,294.98,10.1,294.99,1.0
1753547066731,16:24:26.731,AAVE/USDT:USDT,294.97,2.8,294.96,2.1,294.98,10.1,294.99,1.0
1753547066876,16:24:26.876,AAVE/USDT:USDT,294.97,8.9,294.96,1.4,294.98,10.1,294.99,0.2
1753547066978,16:24:26.978,AAVE/USDT:USDT,294.97,8.9,294.96,1.4,294.98,10.1,294.99,0.2
1753547067081,16:24:27.081,AAVE/USDT:USDT,294.97,8.9,294.96,2.8,294.98,10.1,294.99,0.2
1753547067183,16:24:27.183,AAVE/USDT:USDT,294.97,9.0,294.96,2.8,294.98,10.1,294.99,0.2
1753547067298,16:24:27.298,AAVE/USDT:USDT,294.97,9.0,294.96,2.9,294.98,10.1,294.99,0.2
1753547067418,16:24:27.418,AAVE/USDT:USDT,294.97,9.0,294.96,2.9,294.98,10.1,294.99,0.2
1753547067521,16:24:27.521,AAVE/USDT:USDT,294.97,9.0,294.96,2.9,294.98,10.1,294.99,0.2
1753547067649,16:24:27.649,AAVE/USDT:USDT,294.97,10.6,294.96,2.9,294.98,10.1,294.99,0.2
1753547067766,16:24:27.766,AAVE/USDT:USDT,294.97,14.1,294.96,2.9,294.98,10.1,294.99,0.2
1753547067867,16:24:27.867,AAVE/USDT:USDT,294.97,14.1,294.96,2.9,294.98,10.1,294.99,0.2
1753547067979,16:24:27.979,AAVE/USDT:USDT,294.97,14.1,294.96,2.9,294.98,10.1,294.99,0.2
1753547068105,16:24:28.105,AAVE/USDT:USDT,294.97,12.4,294.96,2.9,294.98,4.0,294.99,0.2
1753547068207,16:24:28.207,AAVE/USDT:USDT,294.97,12.3,294.96,2.9,294.98,4.0,294.99,0.2
1753547068330,16:24:28.330,AAVE/USDT:USDT,294.97,8.9,294.96,2.0,294.98,4.0,294.99,1.0
1753547068433,16:24:28.433,AAVE/USDT:USDT,294.97,8.9,294.96,2.8,294.98,4.0,294.99,1.0
1753547068536,16:24:28.536,AAVE/USDT:USDT,294.97,12.8,294.96,2.8,294.98,4.0,294.99,0.2
1753547068658,16:24:28.658,AAVE/USDT:USDT,294.97,11.2,294.96,2.8,294.98,4.0,294.99,0.2
1753547068761,16:24:28.761,AAVE/USDT:USDT,294.97,11.2,294.96,2.0,294.98,4.1,294.99,1.0
1753547068865,16:24:28.865,AAVE/USDT:USDT,294.97,11.2,294.96,2.0,294.98,4.1,294.99,1.0
1753547068987,16:24:28.987,AAVE/USDT:USDT,294.97,12.8,294.96,2.8,294.98,4.1,294.99,0.2
1753547069090,16:24:29.090,AAVE/USDT:USDT,294.97,12.8,294.96,2.9,294.98,4.1,294.99,0.2
1753547069192,16:24:29.192,AAVE/USDT:USDT,294.97,13.0,294.96,2.9,294.98,4.1,294.99,0.2
1753547069351,16:24:29.351,AAVE/USDT:USDT,294.97,13.0,294.96,2.9,294.98,4.4,294.99,0.2
1753547069519,16:24:29.519,AAVE/USDT:USDT,294.97,13.0,294.96,2.9,294.98,4.4,294.99,0.2
1753547069622,16:24:29.622,AAVE/USDT:USDT,294.97,7.9,294.96,2.8,294.98,4.4,294.99,0.2
1753547069729,16:24:29.729,AAVE/USDT:USDT,294.97,13.9,294.96,2.4,294.98,4.4,294.99,0.2
1753547069831,16:24:29.831,AAVE/USDT:USDT,294.97,13.9,294.96,2.4,294.98,4.4,294.99,0.2
1753547069958,16:24:29.958,AAVE/USDT:USDT,294.97,13.9,294.96,2.4,294.98,4.4,294.99,0.2
1753547070060,16:24:30.060,AAVE/USDT:USDT,294.97,14.0,294.96,2.4,294.98,4.4,294.99,0.2
1753547070185,16:24:30.185,AAVE/USDT:USDT,294.97,12.2,294.96,2.4,294.98,4.4,294.99,0.2
1753547070290,16:24:30.290,AAVE/USDT:USDT,294.97,12.2,294.96,2.4,294.98,4.4,294.99,0.2
1753547070429,16:24:30.429,AAVE/USDT:USDT,294.97,13.9,294.96,2.4,294.98,4.4,294.99,0.2
1753547070644,16:24:30.644,AAVE/USDT:USDT,294.97,13.4,294.96,2.4,294.98,3.1,294.99,0.2
1753547070747,16:24:30.747,AAVE/USDT:USDT,294.97,16.6,294.96,7.5,294.98,1.0,294.99,0.2
1753547070849,16:24:30.849,AAVE/USDT:USDT,294.97,16.6,294.96,7.5,294.98,1.0,294.99,0.2
1753547070982,16:24:30.982,AAVE/USDT:USDT,294.97,16.6,294.96,12.0,294.98,1.0,294.99,0.2
1753547071086,16:24:31.086,AAVE/USDT:USDT,294.97,16.7,294.96,10.2,294.98,1.1,294.99,0.2
1753547071189,16:24:31.189,AAVE/USDT:USDT,294.99,7.0,294.98,16.9,295.0,10.5,295.01,1.1
1753547071292,16:24:31.292,AAVE/USDT:USDT,294.99,14.5,294.98,20.3,295.0,1.5,295.01,0.2
1753547071394,16:24:31.394,AAVE/USDT:USDT,294.99,20.0,294.98,22.9,295.0,1.5,295.01,0.2
1753547071500,16:24:31.500,AAVE/USDT:USDT,294.99,25.0,294.98,23.0,295.0,1.6,295.01,0.2
1753547071607,16:24:31.607,AAVE/USDT:USDT,294.99,25.0,294.98,23.0,295.0,1.6,295.01,0.2
1753547071715,16:24:31.715,AAVE/USDT:USDT,294.99,25.0,294.98,28.8,295.0,0.5,295.01,0.2
1753547071818,16:24:31.818,AAVE/USDT:USDT,294.99,25.0,294.98,28.8,295.0,0.5,295.01,0.2
1753547071921,16:24:31.921,AAVE/USDT:USDT,294.99,25.0,294.98,28.0,295.0,0.6,295.01,0.2
1753547072022,16:24:32.022,AAVE/USDT:USDT,294.99,25.0,294.98,28.0,295.0,0.6,295.01,0.2
1753547072125,16:24:32.125,AAVE/USDT:USDT,294.99,25.0,294.98,28.0,295.0,0.6,295.01,0.2
1753547072228,16:24:32.228,AAVE/USDT:USDT,294.99,25.0,294.98,28.0,295.0,0.6,295.01,0.2
1753547072434,16:24:32.434,AAVE/USDT:USDT,295.03,14.7,295.02,3.0,295.04,4.8,295.05,0.4
1753547072538,16:24:32.538,AAVE/USDT:USDT,295.03,18.4,295.02,6.4,295.04,4.8,295.05,0.4
1753547072640,16:24:32.640,AAVE/USDT:USDT,295.03,18.4,295.02,6.4,295.04,4.8,295.05,0.4
1753547072749,16:24:32.749,AAVE/USDT:USDT,295.03,19.5,295.02,6.4,295.04,4.8,295.05,0.4
1753547072852,16:24:32.852,AAVE/USDT:USDT,295.03,19.5,295.02,6.4,295.04,4.8,295.05,5.1
1753547072955,16:24:32.955,AAVE/USDT:USDT,295.03,19.5,295.02,6.4,295.04,4.8,295.05,5.1
1753547073058,16:24:33.058,AAVE/USDT:USDT,295.03,19.5,295.02,6.4,295.04,4.8,295.05,5.1
1753547073161,16:24:33.161,AAVE/USDT:USDT,295.03,19.5,295.02,6.4,295.04,4.8,295.05,5.1
1753547073265,16:24:33.265,AAVE/USDT:USDT,295.03,19.5,295.02,6.4,295.04,4.8,295.05,5.1
1753547073367,16:24:33.367,AAVE/USDT:USDT,295.03,22.5,295.02,10.6,295.04,4.8,295.05,5.1
1753547073470,16:24:33.470,AAVE/USDT:USDT,295.03,22.6,295.02,12.1,295.04,4.8,295.05,5.1
1753547073573,16:24:33.573,AAVE/USDT:USDT,295.03,22.6,295.02,12.1,295.04,4.8,295.05,5.1
1753547073688,16:24:33.688,AAVE/USDT:USDT,295.03,22.6,295.02,12.1,295.04,4.8,295.05,5.1
1753547073791,16:24:33.791,AAVE/USDT:USDT,295.02,5.1,295.01,7.0,295.03,35.3,295.04,4.8
1753547073893,16:24:33.893,AAVE/USDT:USDT,295.03,13.4,295.02,14.1,295.04,4.7,295.05,5.1
1753547073996,16:24:33.996,AAVE/USDT:USDT,295.03,13.5,295.02,14.0,295.04,4.8,295.05,5.1
1753547074099,16:24:34.099,AAVE/USDT:USDT,295.03,13.5,295.02,14.0,295.04,4.8,295.05,0.4
1753547074204,16:24:34.204,AAVE/USDT:USDT,295.03,13.6,295.02,14.0,295.04,4.8,295.05,0.4
1753547074323,16:24:34.323,AAVE/USDT:USDT,295.03,13.6,295.02,14.0,295.04,4.8,295.05,0.4
1753547074429,16:24:34.429,AAVE/USDT:USDT,295.03,10.9,295.02,10.6,295.04,4.8,295.05,0.4
1753547074532,16:24:34.532,AAVE/USDT:USDT,295.03,17.9,295.02,10.6,295.04,4.8,295.05,0.4
1753547074635,16:24:34.635,AAVE/USDT:USDT,295.03,18.1,295.02,10.6,295.04,4.8,295.05,0.4
1753547074741,16:24:34.741,AAVE/USDT:USDT,295.03,18.1,295.02,10.6,295.04,4.8,295.05,0.4
1753547074852,16:24:34.852,AAVE/USDT:USDT,295.03,18.1,295.02,10.6,295.04,4.8,295.05,0.4
1753547074987,16:24:34.987,AAVE/USDT:USDT,295.03,18.1,295.02,10.6,295.04,4.8,295.05,0.4
1753547075089,16:24:35.089,AAVE/USDT:USDT,295.03,18.1,295.02,10.6,295.04,4.8,295.05,0.4
1753547075191,16:24:35.191,AAVE/USDT:USDT,295.03,18.1,295.02,10.6,295.04,4.8,295.05,0.4
1753547075310,16:24:35.310,AAVE/USDT:USDT,295.03,18.1,295.02,10.6,295.04,4.8,295.05,0.4
1753547075413,16:24:35.413,AAVE/USDT:USDT,295.03,18.1,295.02,10.6,295.04,4.8,295.05,0.4
1753547075527,16:24:35.527,AAVE/USDT:USDT,295.05,18.2,295.04,34.4,295.06,0.6,295.07,1.0
1753547075628,16:24:35.628,AAVE/USDT:USDT,295.05,25.1,295.04,36.0,295.06,0.6,295.07,0.9
1753547075832,16:24:35.832,AAVE/USDT:USDT,295.05,22.1,295.04,35.9,295.06,0.7,295.07,0.9
1753547075935,16:24:35.935,AAVE/USDT:USDT,295.05,22.1,295.04,35.9,295.06,0.7,295.07,0.9
1753547076046,16:24:36.046,AAVE/USDT:USDT,295.05,22.1,295.04,35.9,295.06,0.7,295.07,0.9
1753547076153,16:24:36.153,AAVE/USDT:USDT,295.05,22.1,295.04,35.9,295.06,0.7,295.07,0.9
1753547076256,16:24:36.256,AAVE/USDT:USDT,295.04,15.2,295.03,21.1,295.05,18.4,295.06,8.1
1753547076357,16:24:36.357,AAVE/USDT:USDT,295.04,9.2,295.03,21.1,295.05,18.5,295.06,8.1
1753547076468,16:24:36.468,AAVE/USDT:USDT,295.04,14.1,295.03,21.1,295.05,18.5,295.06,8.1
1753547076575,16:24:36.575,AAVE/USDT:USDT,295.04,14.2,295.03,5.8,295.05,18.5,295.06,8.1
1753547076678,16:24:36.678,AAVE/USDT:USDT,295.04,14.2,295.03,5.8,295.05,6.1,295.06,8.1
1753547076787,16:24:36.787,AAVE/USDT:USDT,295.04,14.2,295.03,5.8,295.05,6.2,295.06,8.1
1753547076893,16:24:36.893,AAVE/USDT:USDT,295.04,14.2,295.03,5.8,295.05,6.2,295.06,8.1
1753547076995,16:24:36.995,AAVE/USDT:USDT,295.04,14.2,295.03,5.8,295.05,6.2,295.06,8.1
1753547077100,16:24:37.100,AAVE/USDT:USDT,295.04,14.2,295.03,5.8,295.05,6.2,295.06,8.1
1753547077202,16:24:37.202,AAVE/USDT:USDT,295.04,14.2,295.03,6.6,295.05,6.2,295.06,8.1
1753547077307,16:24:37.307,AAVE/USDT:USDT,295.04,14.2,295.03,6.6,295.05,6.2,295.06,8.1
1753547077425,16:24:37.425,AAVE/USDT:USDT,295.04,14.2,295.03,11.6,295.05,6.2,295.06,8.1
1753547077527,16:24:37.527,AAVE/USDT:USDT,295.04,14.2,295.03,10.8,295.05,6.2,295.06,8.1
1753547077650,16:24:37.650,AAVE/USDT:USDT,295.04,14.2,295.03,10.8,295.05,6.2,295.06,8.1
1753547077756,16:24:37.756,AAVE/USDT:USDT,295.04,14.2,295.03,10.8,295.05,6.2,295.06,8.1
1753547077873,16:24:37.873,AAVE/USDT:USDT,295.04,14.2,295.03,10.8,295.05,6.2,295.06,8.1
1753547077975,16:24:37.975,AAVE/USDT:USDT,295.04,14.2,295.03,10.8,295.05,6.2,295.06,8.1
1753547078078,16:24:38.078,AAVE/USDT:USDT,295.05,22.8,295.04,17.0,295.06,6.7,295.07,0.8
1753547078181,16:24:38.181,AAVE/USDT:USDT,295.05,22.9,295.04,17.0,295.06,6.8,295.07,0.8
1753547078284,16:24:38.284,AAVE/USDT:USDT,295.05,22.9,295.04,17.0,295.06,6.8,295.07,0.8
1753547078399,16:24:38.399,AAVE/USDT:USDT,295.05,22.9,295.04,13.6,295.06,6.8,295.07,0.8
1753547078500,16:24:38.500,AAVE/USDT:USDT,295.05,22.9,295.04,13.6,295.06,6.8,295.07,0.8
1753547078608,16:24:38.608,AAVE/USDT:USDT,295.05,22.9,295.04,13.6,295.06,6.8,295.07,0.8
1753547078709,16:24:38.709,AAVE/USDT:USDT,295.05,23.0,295.04,13.6,295.06,6.8,295.07,0.8
1753547078812,16:24:38.812,AAVE/USDT:USDT,295.05,23.0,295.04,13.6,295.06,6.8,295.07,0.8
1753547078914,16:24:38.914,AAVE/USDT:USDT,295.05,23.0,295.04,13.6,295.06,6.8,295.07,0.8
1753547079025,16:24:39.025,AAVE/USDT:USDT,295.05,23.0,295.04,13.6,295.06,6.8,295.07,0.8
1753547079126,16:24:39.126,AAVE/USDT:USDT,295.05,13.6,295.04,13.6,295.06,6.8,295.07,1.6
1753547079227,16:24:39.227,AAVE/USDT:USDT,295.05,13.5,295.04,13.6,295.06,6.8,295.07,1.6
1753547079332,16:24:39.332,AAVE/USDT:USDT,295.05,2.2,295.04,7.5,295.06,8.2,295.07,1.6
1753547079456,16:24:39.456,AAVE/USDT:USDT,295.05,2.3,295.04,7.5,295.06,10.1,295.07,1.6
1753547079561,16:24:39.561,AAVE/USDT:USDT,295.05,2.3,295.04,7.5,295.06,10.1,295.07,1.6
1753547079735,16:24:39.735,AAVE/USDT:USDT,295.05,1.8,295.04,7.5,295.06,13.6,295.07,1.6
1753547079836,16:24:39.836,AAVE/USDT:USDT,295.05,2.5,295.04,7.5,295.06,11.8,295.07,0.8
1753547079939,16:24:39.939,AAVE/USDT:USDT,295.05,2.5,295.04,7.5,295.06,11.8,295.07,0.8
1753547080049,16:24:40.049,AAVE/USDT:USDT,295.05,2.5,295.04,7.5,295.06,11.8,295.07,1.6
1753547080151,16:24:40.151,AAVE/USDT:USDT,295.05,2.9,295.04,7.5,295.06,11.8,295.07,1.6
1753547080253,16:24:40.253,AAVE/USDT:USDT,295.05,2.9,295.04,7.5,295.06,11.8,295.07,1.6
1753547080356,16:24:40.356,AAVE/USDT:USDT,295.05,2.8,295.04,7.5,295.06,11.9,295.07,1.6
1753547080480,16:24:40.480,AAVE/USDT:USDT,295.05,3.8,295.04,7.5,295.06,10.1,295.07,0.8
1753547080586,16:24:40.586,AAVE/USDT:USDT,295.05,3.3,295.04,7.5,295.06,16.2,295.07,1.6
1753547080697,16:24:40.697,AAVE/USDT:USDT,295.05,3.8,295.04,7.5,295.06,16.2,295.07,0.8
1753547080804,16:24:40.804,AAVE/USDT:USDT,295.05,3.8,295.04,7.5,295.06,16.2,295.07,0.8
1753547080911,16:24:40.911,AAVE/USDT:USDT,295.05,3.8,295.04,7.5,295.06,14.3,295.07,0.8
1753547081014,16:24:41.014,AAVE/USDT:USDT,295.05,5.0,295.04,9.7,295.06,12.9,295.07,0.8
1753547081117,16:24:41.117,AAVE/USDT:USDT,295.05,5.0,295.04,8.9,295.06,12.9,295.07,0.8
1753547081222,16:24:41.222,AAVE/USDT:USDT,295.05,5.0,295.04,8.9,295.06,12.9,295.07,0.8
1753547081338,16:24:41.338,AAVE/USDT:USDT,295.05,5.2,295.04,8.9,295.06,12.9,295.07,0.8
1753547081441,16:24:41.441,AAVE/USDT:USDT,295.05,15.0,295.04,12.3,295.06,7.1,295.07,0.8
1753547081544,16:24:41.544,AAVE/USDT:USDT,295.05,14.5,295.04,8.9,295.06,8.6,295.07,0.8
1753547081645,16:24:41.645,AAVE/USDT:USDT,295.05,11.7,295.04,8.9,295.06,8.7,295.07,0.8
1753547081766,16:24:41.766,AAVE/USDT:USDT,295.05,11.7,295.04,8.9,295.06,8.7,295.07,0.8
1753547081869,16:24:41.869,AAVE/USDT:USDT,295.05,11.7,295.04,8.9,295.06,8.7,295.07,0.8
1753547082002,16:24:42.002,AAVE/USDT:USDT,295.05,11.7,295.04,8.9,295.06,8.7,295.07,0.8
1753547082103,16:24:42.103,AAVE/USDT:USDT,295.05,13.3,295.04,12.4,295.06,7.2,295.07,0.8
1753547082206,16:24:42.206,AAVE/USDT:USDT,295.05,11.7,295.04,9.0,295.06,7.2,295.07,0.8
1753547082310,16:24:42.310,AAVE/USDT:USDT,295.05,11.8,295.04,9.0,295.06,7.2,295.07,0.8
1753547082413,16:24:42.413,AAVE/USDT:USDT,295.05,11.8,295.04,12.4,295.06,7.2,295.07,0.8
1753547082516,16:24:42.516,AAVE/USDT:USDT,295.05,13.4,295.04,12.4,295.06,7.2,295.07,0.8
