timestamp,time,symbol,bid1_price,bid1_volume,bid2_price,bid2_volume,ask1_price,ask1_volume,ask2_price,ask2_volume
1753546948191,16:22:28.191,AAVE/USDT:USDT,294.85,3.37,294.84,3.49,294.86,0.07,294.87,0.04
1753546948391,16:22:28.391,AAVE/USDT:USDT,294.85,3.37,294.84,3.49,294.86,0.29,294.87,0.04
1753546948491,16:22:28.491,AAVE/USDT:USDT,294.85,3.37,294.84,3.49,294.86,0.29,294.87,0.04
1753546948592,16:22:28.592,AAVE/USDT:USDT,294.9,0.62,294.88,0.02,294.91,1.21,294.92,0.1
1753546948691,16:22:28.691,AAVE/USDT:USDT,294.9,0.62,294.88,0.02,294.91,1.21,294.92,0.1
1753546948791,16:22:28.791,AAVE/USDT:USDT,294.9,0.62,294.88,0.02,294.91,1.21,294.92,0.1
1753546948891,16:22:28.891,AAVE/USDT:USDT,294.9,0.62,294.88,1.38,294.91,1.21,294.92,0.1
1753546949492,16:22:29.492,AAVE/USDT:USDT,294.87,0.04,294.86,0.07,294.88,1.61,294.89,3.14
1753546949592,16:22:29.592,AAVE/USDT:USDT,294.86,0.62,294.85,0.66,294.87,0.34,294.88,1.71
1753546949791,16:22:29.791,AAVE/USDT:USDT,294.86,0.72,294.85,0.66,294.87,0.34,294.88,1.06
1753546950491,16:22:30.491,AAVE/USDT:USDT,294.86,0.75,294.85,0.04,294.87,2.78,294.88,1.06
1753546950592,16:22:30.592,AAVE/USDT:USDT,294.86,0.75,294.85,0.04,294.87,2.78,294.88,1.06
1753546950691,16:22:30.691,AAVE/USDT:USDT,294.86,0.75,294.85,0.04,294.87,2.06,294.88,1.06
1753546950791,16:22:30.791,AAVE/USDT:USDT,294.86,0.75,294.85,0.04,294.87,2.06,294.88,1.06
1753546950891,16:22:30.891,AAVE/USDT:USDT,294.86,0.75,294.85,0.04,294.87,2.06,294.88,1.06
1753546950991,16:22:30.991,AAVE/USDT:USDT,294.86,0.75,294.85,0.04,294.87,2.06,294.88,1.06
1753546951092,16:22:31.092,AAVE/USDT:USDT,294.86,0.75,294.85,0.04,294.87,2.06,294.88,1.06
1753546952291,16:22:32.291,AAVE/USDT:USDT,294.86,0.85,294.85,0.04,294.87,2.06,294.88,1.06
1753546952391,16:22:32.391,AAVE/USDT:USDT,294.86,1.47,294.84,2.09,294.87,2.06,294.88,1.06
1753546953091,16:22:33.091,AAVE/USDT:USDT,294.89,0.72,294.87,1.22,294.9,0.74,294.91,0.79
1753546953191,16:22:33.191,AAVE/USDT:USDT,294.89,0.72,294.87,1.22,294.9,0.74,294.91,0.79
1753546953791,16:22:33.791,AAVE/USDT:USDT,294.9,1.74,294.89,0.79,294.91,0.72,294.92,0.14
1753546953891,16:22:33.891,AAVE/USDT:USDT,294.9,1.74,294.89,0.79,294.91,0.72,294.92,0.14
1753546953991,16:22:33.991,AAVE/USDT:USDT,294.9,1.74,294.89,0.79,294.91,0.72,294.92,0.14
1753546954091,16:22:34.091,AAVE/USDT:USDT,294.9,1.74,294.89,0.79,294.91,0.72,294.92,0.14
1753546954191,16:22:34.191,AAVE/USDT:USDT,294.9,1.71,294.89,0.69,294.91,0.72,294.92,0.14
1753546954691,16:22:34.691,AAVE/USDT:USDT,294.92,1.27,294.9,2.62,294.93,1.05,294.94,0.05
1753546954792,16:22:34.792,AAVE/USDT:USDT,294.92,1.27,294.9,0.78,294.93,2.55,294.94,0.05
1753546954891,16:22:34.891,AAVE/USDT:USDT,294.92,1.37,294.9,0.68,294.93,2.55,294.94,0.05
1753546954991,16:22:34.991,AAVE/USDT:USDT,294.92,1.37,294.9,0.68,294.93,2.55,294.94,0.05
1753546955091,16:22:35.091,AAVE/USDT:USDT,294.92,1.37,294.9,0.68,294.93,2.55,294.94,0.05
1753546955191,16:22:35.191,AAVE/USDT:USDT,294.92,1.37,294.9,0.68,294.93,2.55,294.94,0.05
1753546955292,16:22:35.292,AAVE/USDT:USDT,294.92,1.37,294.9,0.68,294.93,2.55,294.94,0.05
1753546955391,16:22:35.391,AAVE/USDT:USDT,294.92,1.37,294.9,0.68,294.93,2.55,294.94,0.05
1753546955491,16:22:35.491,AAVE/USDT:USDT,294.92,1.37,294.9,0.68,294.93,2.55,294.94,0.05
1753546955591,16:22:35.591,AAVE/USDT:USDT,294.92,1.37,294.9,0.68,294.93,2.55,294.94,0.05
1753546955691,16:22:35.691,AAVE/USDT:USDT,294.92,1.37,294.9,2.0,294.93,0.71,294.94,0.05
1753546955791,16:22:35.791,AAVE/USDT:USDT,294.92,1.37,294.9,2.0,294.93,0.71,294.94,0.05
1753546955891,16:22:35.891,AAVE/USDT:USDT,294.92,1.37,294.9,2.0,294.93,0.71,294.94,0.05
1753546955991,16:22:35.991,AAVE/USDT:USDT,294.92,1.37,294.9,2.0,294.93,0.94,294.94,0.05
1753546956091,16:22:36.091,AAVE/USDT:USDT,294.92,1.37,294.9,2.0,294.93,0.71,294.94,0.05
1753546956291,16:22:36.291,AAVE/USDT:USDT,294.92,1.37,294.9,2.0,294.93,0.71,294.94,0.05
1753546956491,16:22:36.491,AAVE/USDT:USDT,294.92,1.37,294.9,2.0,294.93,1.05,294.94,0.05
1753546956591,16:22:36.591,AAVE/USDT:USDT,294.92,1.37,294.9,2.0,294.93,1.05,294.94,0.05
1753546956892,16:22:36.892,AAVE/USDT:USDT,294.92,1.37,294.9,2.0,294.93,1.05,294.94,0.05
1753546956991,16:22:36.991,AAVE/USDT:USDT,294.92,1.37,294.9,2.0,294.93,1.05,294.94,0.05
1753546957091,16:22:37.091,AAVE/USDT:USDT,294.92,1.37,294.9,2.0,294.93,1.05,294.94,0.05
1753546957191,16:22:37.191,AAVE/USDT:USDT,294.92,1.37,294.9,2.0,294.93,1.05,294.94,0.05
1753546957291,16:22:37.291,AAVE/USDT:USDT,294.92,1.37,294.9,2.0,294.93,1.05,294.94,0.05
1753546957391,16:22:37.391,AAVE/USDT:USDT,294.92,1.49,294.9,2.0,294.93,1.05,294.94,0.05
1753546957491,16:22:37.491,AAVE/USDT:USDT,294.92,1.49,294.9,2.0,294.93,1.05,294.94,0.05
1753546957591,16:22:37.591,AAVE/USDT:USDT,294.92,3.61,294.9,2.0,294.93,0.71,294.94,0.05
1753546957691,16:22:37.691,AAVE/USDT:USDT,294.93,0.65,294.92,2.99,294.94,0.19,294.95,0.37
1753546957791,16:22:37.791,AAVE/USDT:USDT,294.93,0.75,294.92,2.89,294.94,0.91,294.95,0.33
1753546957892,16:22:37.892,AAVE/USDT:USDT,294.93,0.72,294.92,2.89,294.94,0.91,294.95,0.33
1753546957990,16:22:37.990,AAVE/USDT:USDT,294.93,0.72,294.92,2.89,294.94,0.91,294.95,0.33
1753546958091,16:22:38.091,AAVE/USDT:USDT,294.93,0.72,294.92,2.89,294.94,0.91,294.95,0.33
1753546958191,16:22:38.191,AAVE/USDT:USDT,294.93,0.72,294.92,2.89,294.94,0.91,294.95,0.33
1753546958291,16:22:38.291,AAVE/USDT:USDT,294.93,0.72,294.92,2.23,294.94,0.91,294.95,0.33
1753546958390,16:22:38.390,AAVE/USDT:USDT,294.93,2.95,294.91,0.04,294.94,0.91,294.95,0.33
1753546958492,16:22:38.492,AAVE/USDT:USDT,294.93,2.95,294.91,0.04,294.94,0.91,294.95,0.33
1753546958691,16:22:38.691,AAVE/USDT:USDT,294.93,2.95,294.91,0.04,294.94,0.91,294.95,0.33
1753546958891,16:22:38.891,AAVE/USDT:USDT,294.9,0.64,294.89,0.04,294.91,3.4,294.92,1.5
1753546958991,16:22:38.991,AAVE/USDT:USDT,294.9,0.64,294.89,0.04,294.91,3.4,294.92,1.5
1753546959091,16:22:39.091,AAVE/USDT:USDT,294.9,0.64,294.89,0.04,294.91,3.4,294.92,1.5
1753546959191,16:22:39.191,AAVE/USDT:USDT,294.9,0.64,294.89,0.04,294.91,3.4,294.92,1.5
1753546959291,16:22:39.291,AAVE/USDT:USDT,294.9,1.39,294.88,0.02,294.91,3.4,294.93,6.69
1753546959391,16:22:39.391,AAVE/USDT:USDT,294.9,1.39,294.88,0.06,294.91,3.4,294.93,6.69
1753546959492,16:22:39.492,AAVE/USDT:USDT,294.9,1.39,294.88,1.35,294.91,3.4,294.93,5.94
1753546959591,16:22:39.591,AAVE/USDT:USDT,294.9,1.39,294.88,1.35,294.91,0.62,294.93,3.52
1753546959691,16:22:39.691,AAVE/USDT:USDT,294.9,1.37,294.88,1.35,294.91,0.62,294.93,3.52
1753546959790,16:22:39.790,AAVE/USDT:USDT,294.9,1.37,294.88,1.35,294.91,0.62,294.93,3.52
1753546959891,16:22:39.891,AAVE/USDT:USDT,294.9,1.37,294.88,1.35,294.91,0.62,294.93,3.52
1753546959992,16:22:39.992,AAVE/USDT:USDT,294.93,0.49,294.92,3.53,294.94,0.02,294.95,0.04
1753546960091,16:22:40.091,AAVE/USDT:USDT,294.92,0.62,294.9,0.97,294.93,3.54,294.94,3.26
1753546960191,16:22:40.191,AAVE/USDT:USDT,294.92,1.38,294.9,0.97,294.93,2.78,294.94,3.26
1753546960291,16:22:40.291,AAVE/USDT:USDT,294.92,1.38,294.9,0.97,294.93,2.78,294.94,3.26
1753546960391,16:22:40.391,AAVE/USDT:USDT,294.92,0.62,294.9,0.97,294.93,2.78,294.94,4.91
1753546960491,16:22:40.491,AAVE/USDT:USDT,294.9,0.64,294.89,0.07,294.91,1.07,294.92,3.17
1753546960591,16:22:40.591,AAVE/USDT:USDT,294.9,0.64,294.89,0.07,294.91,1.07,294.92,1.45
1753546960691,16:22:40.691,AAVE/USDT:USDT,294.9,0.1,294.89,0.04,294.91,2.93,294.92,2.79
1753546960791,16:22:40.791,AAVE/USDT:USDT,294.9,0.1,294.89,0.04,294.91,2.93,294.92,1.14
1753546960891,16:22:40.891,AAVE/USDT:USDT,294.91,2.39,294.9,1.74,294.92,0.34,294.93,0.38
1753546960992,16:22:40.992,AAVE/USDT:USDT,294.91,0.62,294.9,1.5,294.92,1.07,294.93,0.34
1753546961091,16:22:41.091,AAVE/USDT:USDT,294.92,1.76,294.91,1.38,294.93,0.53,294.94,0.05
1753546961192,16:22:41.192,AAVE/USDT:USDT,294.93,0.62,294.92,1.38,294.94,1.09,294.96,1.6
1753546961291,16:22:41.291,AAVE/USDT:USDT,294.93,0.62,294.92,1.38,294.94,1.09,294.96,3.12
1753546961391,16:22:41.391,AAVE/USDT:USDT,294.93,0.62,294.92,1.38,294.94,1.09,294.96,3.12
1753546961491,16:22:41.491,AAVE/USDT:USDT,294.93,0.62,294.92,1.38,294.94,1.09,294.96,3.12
1753546961591,16:22:41.591,AAVE/USDT:USDT,294.93,0.72,294.92,1.38,294.94,1.09,294.96,3.12
1753546961691,16:22:41.691,AAVE/USDT:USDT,294.93,0.72,294.92,1.38,294.94,1.09,294.96,3.12
1753546961791,16:22:41.791,AAVE/USDT:USDT,294.93,0.72,294.92,1.01,294.94,1.09,294.96,3.12
1753546961891,16:22:41.891,AAVE/USDT:USDT,294.93,0.72,294.92,1.01,294.94,1.09,294.96,3.12
1753546961990,16:22:41.990,AAVE/USDT:USDT,294.93,0.72,294.92,1.01,294.94,1.09,294.96,3.12
1753546962091,16:22:42.091,AAVE/USDT:USDT,294.93,0.72,294.92,1.01,294.94,1.09,294.96,3.12
1753546962191,16:22:42.191,AAVE/USDT:USDT,294.93,0.72,294.92,0.62,294.94,3.03,294.96,4.44
1753546962291,16:22:42.291,AAVE/USDT:USDT,294.93,0.72,294.92,0.62,294.94,3.03,294.96,4.44
1753546962391,16:22:42.391,AAVE/USDT:USDT,294.93,0.62,294.92,0.62,294.94,3.03,294.96,3.12
1753546962493,16:22:42.493,AAVE/USDT:USDT,294.93,0.75,294.92,0.62,294.94,3.03,294.96,3.12
1753546962591,16:22:42.591,AAVE/USDT:USDT,294.93,0.75,294.92,0.62,294.94,3.03,294.96,3.12
1753546962691,16:22:42.691,AAVE/USDT:USDT,294.93,0.75,294.92,0.62,294.94,3.03,294.96,3.12
1753546962791,16:22:42.791,AAVE/USDT:USDT,294.93,0.75,294.92,0.62,294.94,3.03,294.96,3.12
1753546962891,16:22:42.891,AAVE/USDT:USDT,294.93,0.75,294.92,0.62,294.94,3.03,294.96,4.44
1753546962991,16:22:42.991,AAVE/USDT:USDT,294.93,0.75,294.92,0.62,294.94,3.03,294.96,4.44
1753546963191,16:22:43.191,AAVE/USDT:USDT,294.93,0.75,294.92,0.62,294.94,3.03,294.96,4.44
1753546963291,16:22:43.291,AAVE/USDT:USDT,294.93,0.75,294.92,0.62,294.94,3.03,294.96,4.44
1753546963391,16:22:43.391,AAVE/USDT:USDT,294.93,0.75,294.92,0.62,294.94,3.03,294.96,4.44
1753546963491,16:22:43.491,AAVE/USDT:USDT,294.93,0.75,294.92,0.62,294.94,3.35,294.96,4.44
1753546963591,16:22:43.591,AAVE/USDT:USDT,294.93,0.75,294.92,0.62,294.94,3.45,294.96,4.44
1753546963691,16:22:43.691,AAVE/USDT:USDT,294.93,0.75,294.92,0.62,294.94,3.45,294.96,4.44
1753546963793,16:22:43.793,AAVE/USDT:USDT,294.93,1.5,294.92,0.62,294.94,3.45,294.96,3.12
1753546963891,16:22:43.891,AAVE/USDT:USDT,294.93,1.5,294.92,0.62,294.94,3.13,294.96,3.12
1753546963991,16:22:43.991,AAVE/USDT:USDT,294.93,1.5,294.92,0.62,294.94,2.4,294.96,1.6
1753546964091,16:22:44.091,AAVE/USDT:USDT,294.93,1.5,294.92,0.62,294.94,1.98,294.96,1.6
1753546964192,16:22:44.192,AAVE/USDT:USDT,294.93,1.5,294.92,0.62,294.94,1.98,294.96,1.6
1753546964291,16:22:44.291,AAVE/USDT:USDT,294.93,1.5,294.92,0.62,294.94,1.98,294.96,1.6
1753546964391,16:22:44.391,AAVE/USDT:USDT,294.93,1.5,294.92,0.62,294.94,1.98,294.96,1.6
1753546964490,16:22:44.490,AAVE/USDT:USDT,294.93,1.5,294.92,0.62,294.94,0.46,294.96,3.09
1753546964591,16:22:44.591,AAVE/USDT:USDT,294.93,1.5,294.92,0.62,294.94,0.46,294.96,1.6
1753546964691,16:22:44.691,AAVE/USDT:USDT,294.93,1.5,294.92,0.62,294.94,0.46,294.96,1.6
1753546964791,16:22:44.791,AAVE/USDT:USDT,294.93,1.5,294.92,0.62,294.94,1.98,294.96,1.6
1753546964891,16:22:44.891,AAVE/USDT:USDT,294.93,0.75,294.92,0.62,294.94,1.98,294.96,3.08
1753546964990,16:22:44.990,AAVE/USDT:USDT,294.93,0.75,294.92,0.62,294.94,1.98,294.96,3.08
1753546965391,16:22:45.391,AAVE/USDT:USDT,294.93,1.51,294.92,3.33,294.94,0.02,294.96,1.6
1753546965491,16:22:45.491,AAVE/USDT:USDT,294.93,1.51,294.92,3.33,294.94,0.02,294.96,1.6
1753546965591,16:22:45.591,AAVE/USDT:USDT,294.93,1.51,294.92,3.33,294.94,0.02,294.96,1.6
1753546965791,16:22:45.791,AAVE/USDT:USDT,294.93,1.51,294.92,3.33,294.94,0.02,294.96,1.6
1753546965891,16:22:45.891,AAVE/USDT:USDT,294.93,1.51,294.92,3.33,294.94,0.02,294.96,1.6
1753546965990,16:22:45.990,AAVE/USDT:USDT,294.93,1.51,294.92,3.33,294.94,0.02,294.96,1.6
1753546966091,16:22:46.091,AAVE/USDT:USDT,294.93,1.51,294.92,3.33,294.94,0.02,294.96,1.6
1753546966391,16:22:46.391,AAVE/USDT:USDT,294.93,1.51,294.92,3.33,294.94,0.02,294.96,1.6
1753546966491,16:22:46.491,AAVE/USDT:USDT,294.93,1.51,294.92,3.33,294.94,0.02,294.96,1.6
1753546966591,16:22:46.591,AAVE/USDT:USDT,294.93,1.51,294.92,3.33,294.94,0.02,294.96,1.6
1753546966692,16:22:46.692,AAVE/USDT:USDT,294.93,1.51,294.92,3.33,294.94,0.75,294.95,0.59
1753546966791,16:22:46.791,AAVE/USDT:USDT,294.93,1.51,294.92,3.33,294.94,0.75,294.96,3.07
1753546966891,16:22:46.891,AAVE/USDT:USDT,294.93,1.51,294.92,3.33,294.94,0.75,294.96,3.07
1753546966991,16:22:46.991,AAVE/USDT:USDT,294.93,1.51,294.92,3.33,294.94,0.75,294.96,3.07
1753546967091,16:22:47.091,AAVE/USDT:USDT,294.93,1.51,294.92,3.33,294.94,0.02,294.96,3.07
1753546967190,16:22:47.190,AAVE/USDT:USDT,294.93,1.51,294.92,3.33,294.94,0.02,294.96,3.07
1753546967291,16:22:47.291,AAVE/USDT:USDT,294.93,1.51,294.92,3.33,294.94,0.02,294.96,3.07
1753546967390,16:22:47.390,AAVE/USDT:USDT,294.93,1.51,294.92,3.33,294.94,0.02,294.96,3.06
1753546967491,16:22:47.491,AAVE/USDT:USDT,294.93,1.51,294.92,3.33,294.94,0.02,294.96,3.06
1753546967591,16:22:47.591,AAVE/USDT:USDT,294.93,1.51,294.92,3.33,294.94,0.02,294.96,3.06
1753546967691,16:22:47.691,AAVE/USDT:USDT,294.93,1.51,294.92,3.33,294.94,1.48,294.96,3.06
1753546967791,16:22:47.791,AAVE/USDT:USDT,294.93,1.51,294.92,3.33,294.94,1.48,294.96,3.06
1753546967891,16:22:47.891,AAVE/USDT:USDT,294.93,1.51,294.92,3.33,294.94,1.48,294.96,3.06
1753546967992,16:22:47.992,AAVE/USDT:USDT,294.93,1.51,294.92,3.33,294.94,1.48,294.96,3.06
1753546968091,16:22:48.091,AAVE/USDT:USDT,294.93,1.51,294.92,3.33,294.94,1.48,294.96,3.06
1753546968191,16:22:48.191,AAVE/USDT:USDT,294.93,0.75,294.92,3.33,294.94,1.48,294.96,3.06
1753546968291,16:22:48.291,AAVE/USDT:USDT,294.93,0.75,294.92,3.33,294.94,1.48,294.96,3.06
1753546968391,16:22:48.391,AAVE/USDT:USDT,294.93,0.78,294.92,3.33,294.94,1.48,294.96,3.06
1753546968491,16:22:48.491,AAVE/USDT:USDT,294.93,1.54,294.92,3.33,294.94,0.02,294.96,3.06
1753546968591,16:22:48.591,AAVE/USDT:USDT,294.93,1.54,294.92,3.33,294.94,0.02,294.96,3.06
1753546968691,16:22:48.691,AAVE/USDT:USDT,294.93,1.54,294.92,3.33,294.94,0.02,294.96,3.06
1753546968791,16:22:48.791,AAVE/USDT:USDT,294.93,1.54,294.92,3.33,294.94,0.02,294.96,0.08
1753546968890,16:22:48.890,AAVE/USDT:USDT,294.93,1.54,294.92,3.33,294.94,0.02,294.96,0.08
1753546968991,16:22:48.991,AAVE/USDT:USDT,294.93,1.54,294.92,3.33,294.94,0.02,294.96,0.08
1753546969091,16:22:49.091,AAVE/USDT:USDT,294.93,1.54,294.92,3.33,294.94,0.02,294.96,0.08
1753546969191,16:22:49.191,AAVE/USDT:USDT,294.93,1.54,294.92,3.33,294.94,0.02,294.96,0.08
1753546969291,16:22:49.291,AAVE/USDT:USDT,294.93,1.54,294.92,3.33,294.94,0.02,294.96,0.08
1753546969391,16:22:49.391,AAVE/USDT:USDT,294.93,1.54,294.92,3.33,294.94,0.02,294.96,0.08
1753546969490,16:22:49.490,AAVE/USDT:USDT,294.93,1.54,294.92,3.33,294.94,0.02,294.96,0.08
1753546969591,16:22:49.591,AAVE/USDT:USDT,294.93,1.54,294.92,3.33,294.94,0.02,294.96,0.08
1753546969692,16:22:49.692,AAVE/USDT:USDT,294.93,1.54,294.92,3.33,294.94,0.02,294.96,0.08
1753546969791,16:22:49.791,AAVE/USDT:USDT,294.93,1.54,294.92,3.33,294.94,0.02,294.96,0.08
1753546969891,16:22:49.891,AAVE/USDT:USDT,294.93,1.54,294.92,3.33,294.94,0.02,294.96,0.08
1753546969991,16:22:49.991,AAVE/USDT:USDT,294.93,1.54,294.92,3.33,294.94,0.02,294.96,0.08
1753546970092,16:22:50.092,AAVE/USDT:USDT,294.93,0.75,294.92,0.62,294.94,1.48,294.96,2.79
1753546970191,16:22:50.191,AAVE/USDT:USDT,294.93,0.75,294.92,0.62,294.94,1.48,294.96,2.79
1753546970291,16:22:50.291,AAVE/USDT:USDT,294.93,0.75,294.92,0.62,294.94,1.48,294.96,2.79
1753546970391,16:22:50.391,AAVE/USDT:USDT,294.93,0.75,294.92,0.62,294.94,1.48,294.96,2.79
1753546970491,16:22:50.491,AAVE/USDT:USDT,294.93,0.75,294.92,0.62,294.94,1.48,294.96,2.79
1753546970591,16:22:50.591,AAVE/USDT:USDT,294.93,0.75,294.92,0.62,294.94,1.48,294.96,2.79
1753546970691,16:22:50.691,AAVE/USDT:USDT,294.93,0.75,294.92,0.62,294.94,1.48,294.96,2.79
1753546970792,16:22:50.792,AAVE/USDT:USDT,294.93,0.75,294.92,0.62,294.94,1.48,294.96,2.79
1753546970890,16:22:50.890,AAVE/USDT:USDT,294.93,2.19,294.92,3.33,294.94,0.02,294.96,0.08
1753546970992,16:22:50.992,AAVE/USDT:USDT,294.93,2.19,294.92,3.33,294.94,0.02,294.96,2.74
1753546971091,16:22:51.091,AAVE/USDT:USDT,294.93,2.19,294.92,3.33,294.94,0.02,294.96,2.74
1753546971191,16:22:51.191,AAVE/USDT:USDT,294.93,2.5,294.92,3.33,294.94,0.02,294.96,1.54
1753546971291,16:22:51.291,AAVE/USDT:USDT,294.93,2.5,294.92,3.33,294.94,0.02,294.96,1.54
1753546971391,16:22:51.391,AAVE/USDT:USDT,294.93,2.5,294.92,3.33,294.94,0.02,294.96,1.54
1753546971491,16:22:51.491,AAVE/USDT:USDT,294.93,2.5,294.92,3.33,294.94,0.02,294.96,1.54
1753546971591,16:22:51.591,AAVE/USDT:USDT,294.93,2.5,294.92,3.33,294.94,0.02,294.96,1.54
1753546971891,16:22:51.891,AAVE/USDT:USDT,294.93,2.5,294.92,3.33,294.94,0.02,294.96,1.54
1753546971991,16:22:51.991,AAVE/USDT:USDT,294.93,2.32,294.92,3.33,294.94,0.02,294.96,1.54
1753546972091,16:22:52.091,AAVE/USDT:USDT,294.93,2.32,294.92,3.33,294.94,0.02,294.96,1.54
1753546972191,16:22:52.191,AAVE/USDT:USDT,294.93,2.32,294.92,3.33,294.94,0.02,294.96,1.54
1753546972291,16:22:52.291,AAVE/USDT:USDT,294.93,2.19,294.92,3.33,294.94,0.02,294.96,1.54
1753546972390,16:22:52.390,AAVE/USDT:USDT,294.93,2.29,294.92,3.33,294.94,0.02,294.96,1.54
1753546972491,16:22:52.491,AAVE/USDT:USDT,294.93,2.6,294.92,3.33,294.94,0.02,294.96,0.08
1753546972590,16:22:52.590,AAVE/USDT:USDT,294.93,2.6,294.92,3.33,294.94,0.02,294.96,0.08
1753546972691,16:22:52.691,AAVE/USDT:USDT,294.93,2.6,294.92,3.33,294.94,0.02,294.96,0.08
1753546972792,16:22:52.792,AAVE/USDT:USDT,294.93,2.6,294.92,3.33,294.94,0.02,294.96,0.08
1753546972891,16:22:52.891,AAVE/USDT:USDT,294.93,2.6,294.92,3.33,294.94,0.02,294.96,0.08
1753546972991,16:22:52.991,AAVE/USDT:USDT,294.93,2.6,294.92,3.33,294.94,0.02,294.96,0.08
1753546973091,16:22:53.091,AAVE/USDT:USDT,294.93,2.29,294.92,3.33,294.94,0.02,294.96,0.08
1753546973291,16:22:53.291,AAVE/USDT:USDT,294.93,2.29,294.92,3.33,294.94,0.02,294.96,0.08
1753546973392,16:22:53.392,AAVE/USDT:USDT,294.93,2.49,294.92,3.33,294.94,0.02,294.96,0.08
1753546973491,16:22:53.491,AAVE/USDT:USDT,294.93,2.49,294.92,3.33,294.94,0.02,294.96,0.08
1753546973591,16:22:53.591,AAVE/USDT:USDT,294.93,2.49,294.92,3.33,294.94,0.02,294.96,0.08
1753546973692,16:22:53.692,AAVE/USDT:USDT,294.93,2.49,294.92,3.33,294.94,0.02,294.96,0.08
1753546973791,16:22:53.791,AAVE/USDT:USDT,294.93,3.46,294.92,3.33,294.94,0.02,294.96,0.08
1753546973890,16:22:53.890,AAVE/USDT:USDT,294.93,3.46,294.92,3.33,294.94,0.02,294.96,0.08
1753546973991,16:22:53.991,AAVE/USDT:USDT,294.93,3.46,294.92,3.33,294.94,0.02,294.96,0.08
1753546974091,16:22:54.091,AAVE/USDT:USDT,294.93,3.46,294.92,3.33,294.94,0.02,294.96,0.08
1753546974191,16:22:54.191,AAVE/USDT:USDT,294.93,3.46,294.92,3.33,294.94,0.02,294.96,1.21
1753546974291,16:22:54.291,AAVE/USDT:USDT,294.93,3.46,294.92,3.33,294.94,0.02,294.96,0.08
1753546974391,16:22:54.391,AAVE/USDT:USDT,294.93,3.46,294.92,3.33,294.94,0.02,294.96,0.08
1753546974490,16:22:54.490,AAVE/USDT:USDT,294.93,3.46,294.92,3.33,294.94,0.02,294.96,0.08
1753546974593,16:22:54.593,AAVE/USDT:USDT,294.93,3.46,294.92,3.33,294.94,0.02,294.96,0.08
1753546974691,16:22:54.691,AAVE/USDT:USDT,294.93,3.46,294.92,3.33,294.94,0.02,294.96,0.08
1753546974991,16:22:54.991,AAVE/USDT:USDT,294.93,3.46,294.92,3.33,294.94,0.02,294.96,0.08
1753546975091,16:22:55.091,AAVE/USDT:USDT,294.93,3.46,294.92,3.33,294.94,0.02,294.96,0.08
1753546975191,16:22:55.191,AAVE/USDT:USDT,294.93,3.46,294.92,3.33,294.94,0.02,294.96,0.08
1753546975292,16:22:55.292,AAVE/USDT:USDT,294.93,3.46,294.92,3.33,294.94,0.02,294.96,0.08
1753546975391,16:22:55.391,AAVE/USDT:USDT,294.93,3.46,294.92,3.33,294.94,0.02,294.96,0.08
1753546975491,16:22:55.491,AAVE/USDT:USDT,294.93,3.46,294.92,3.33,294.94,0.02,294.96,0.08
1753546975591,16:22:55.591,AAVE/USDT:USDT,294.93,3.46,294.92,3.33,294.94,0.02,294.96,0.08
1753546975691,16:22:55.691,AAVE/USDT:USDT,294.93,3.46,294.92,3.33,294.94,0.02,294.96,0.08
1753546975891,16:22:55.891,AAVE/USDT:USDT,294.93,3.46,294.92,3.33,294.94,0.02,294.96,0.08
1753546975991,16:22:55.991,AAVE/USDT:USDT,294.93,3.46,294.92,3.33,294.94,0.02,294.96,0.08
1753546976091,16:22:56.091,AAVE/USDT:USDT,294.93,3.46,294.92,3.33,294.94,0.02,294.96,0.08
1753546976290,16:22:56.290,AAVE/USDT:USDT,294.93,3.46,294.92,3.33,294.94,0.02,294.96,1.22
1753546976391,16:22:56.391,AAVE/USDT:USDT,294.93,3.46,294.92,3.33,294.94,0.02,294.96,1.22
1753546976491,16:22:56.491,AAVE/USDT:USDT,294.93,3.46,294.92,3.33,294.94,0.02,294.96,0.08
1753546976592,16:22:56.592,AAVE/USDT:USDT,294.93,3.46,294.92,3.33,294.94,0.02,294.96,0.08
1753546976690,16:22:56.690,AAVE/USDT:USDT,294.93,3.46,294.92,3.33,294.94,0.02,294.96,0.08
1753546976791,16:22:56.791,AAVE/USDT:USDT,294.93,3.46,294.92,3.33,294.94,0.02,294.96,0.08
1753546976891,16:22:56.891,AAVE/USDT:USDT,294.93,3.46,294.92,3.33,294.94,0.02,294.96,0.08
1753546976991,16:22:56.991,AAVE/USDT:USDT,294.93,3.46,294.92,3.33,294.94,0.02,294.96,0.08
1753546977091,16:22:57.091,AAVE/USDT:USDT,294.93,3.49,294.92,3.33,294.94,0.02,294.96,0.08
1753546977192,16:22:57.192,AAVE/USDT:USDT,294.93,3.49,294.92,3.33,294.94,0.02,294.96,0.08
1753546977291,16:22:57.291,AAVE/USDT:USDT,294.93,3.49,294.92,3.33,294.94,0.02,294.96,0.08
1753546977391,16:22:57.391,AAVE/USDT:USDT,294.93,3.49,294.92,3.33,294.94,0.02,294.96,0.08
1753546977492,16:22:57.492,AAVE/USDT:USDT,294.93,3.49,294.92,3.33,294.94,0.02,294.96,0.08
1753546977591,16:22:57.591,AAVE/USDT:USDT,294.93,3.49,294.92,3.33,294.94,0.02,294.96,0.08
1753546977691,16:22:57.691,AAVE/USDT:USDT,294.93,3.49,294.92,3.33,294.94,0.02,294.96,0.08
1753546977793,16:22:57.793,AAVE/USDT:USDT,294.93,2.84,294.92,3.33,294.94,0.02,294.96,0.08
1753546977892,16:22:57.892,AAVE/USDT:USDT,294.97,2.67,294.96,2.45,294.98,7.63,294.99,1.21
1753546977992,16:22:57.992,AAVE/USDT:USDT,294.97,2.87,294.96,0.64,294.98,7.63,294.99,1.21
1753546978091,16:22:58.091,AAVE/USDT:USDT,294.97,1.42,294.96,0.64,294.98,7.63,294.99,1.21
1753546978191,16:22:58.191,AAVE/USDT:USDT,294.97,1.42,294.96,0.64,294.98,7.63,294.99,1.21
1753546978291,16:22:58.291,AAVE/USDT:USDT,294.97,1.52,294.96,0.64,294.98,7.63,294.99,1.21
1753546978390,16:22:58.390,AAVE/USDT:USDT,294.97,1.52,294.96,0.64,294.98,7.63,294.99,1.21
1753546978491,16:22:58.491,AAVE/USDT:USDT,294.97,1.52,294.96,0.64,294.98,7.63,294.99,1.21
1753546978591,16:22:58.591,AAVE/USDT:USDT,294.97,1.65,294.96,0.64,294.98,7.63,294.99,1.21
1753546978691,16:22:58.691,AAVE/USDT:USDT,294.97,1.65,294.96,0.64,294.98,7.63,294.99,1.21
1753546978791,16:22:58.791,AAVE/USDT:USDT,294.97,2.0,294.96,0.64,294.98,7.63,294.99,1.21
1753546978891,16:22:58.891,AAVE/USDT:USDT,294.97,2.0,294.96,0.64,294.98,7.63,294.99,1.21
1753546978991,16:22:58.991,AAVE/USDT:USDT,294.97,1.38,294.96,0.64,294.98,7.63,294.99,1.21
1753546979091,16:22:59.091,AAVE/USDT:USDT,294.97,1.38,294.96,0.64,294.98,7.63,294.99,1.21
1753546979191,16:22:59.191,AAVE/USDT:USDT,294.97,1.38,294.96,0.64,294.98,6.37,294.99,1.21
1753546979292,16:22:59.292,AAVE/USDT:USDT,294.97,1.38,294.96,0.64,294.98,6.37,294.99,1.21
1753546979390,16:22:59.390,AAVE/USDT:USDT,294.97,1.46,294.96,0.64,294.98,6.37,294.99,1.21
1753546979490,16:22:59.490,AAVE/USDT:USDT,294.97,1.49,294.96,0.64,294.98,6.37,294.99,1.21
1753546979592,16:22:59.592,AAVE/USDT:USDT,294.97,1.49,294.96,0.64,294.98,6.37,294.99,1.21
1753546979691,16:22:59.691,AAVE/USDT:USDT,294.97,1.36,294.96,0.64,294.98,6.57,294.99,1.21
1753546979791,16:22:59.791,AAVE/USDT:USDT,294.97,1.5,294.96,0.64,294.98,6.57,294.99,1.21
1753546979891,16:22:59.891,AAVE/USDT:USDT,294.97,1.49,294.96,0.64,294.98,6.57,294.99,1.21
1753546979991,16:22:59.991,AAVE/USDT:USDT,294.97,1.49,294.96,0.64,294.98,6.57,294.99,1.21
1753546980092,16:23:00.092,AAVE/USDT:USDT,294.97,1.49,294.96,0.64,294.98,6.57,294.99,1.21
1753546980191,16:23:00.191,AAVE/USDT:USDT,294.97,1.46,294.96,0.64,294.98,6.57,294.99,1.21
1753546980291,16:23:00.291,AAVE/USDT:USDT,294.97,1.55,294.96,0.64,294.98,6.57,294.99,1.21
1753546980391,16:23:00.391,AAVE/USDT:USDT,294.97,1.55,294.96,0.64,294.98,6.57,294.99,1.21
1753546980490,16:23:00.490,AAVE/USDT:USDT,294.97,1.55,294.96,0.64,294.98,6.57,294.99,1.21
1753546980591,16:23:00.591,AAVE/USDT:USDT,294.97,1.48,294.96,0.64,294.98,6.57,294.99,1.21
1753546980690,16:23:00.690,AAVE/USDT:USDT,294.97,1.51,294.96,0.64,294.98,6.57,294.99,1.21
1753546980791,16:23:00.791,AAVE/USDT:USDT,294.97,1.56,294.96,0.64,294.98,6.57,294.99,1.21
1753546980891,16:23:00.891,AAVE/USDT:USDT,294.97,1.56,294.96,0.64,294.98,6.57,294.99,1.21
1753546980991,16:23:00.991,AAVE/USDT:USDT,294.97,1.56,294.96,0.64,294.98,6.57,294.99,1.21
1753546981091,16:23:01.091,AAVE/USDT:USDT,294.97,1.48,294.96,0.64,294.98,6.57,294.99,1.21
1753546981191,16:23:01.191,AAVE/USDT:USDT,294.97,1.57,294.96,0.64,294.98,6.96,294.99,1.21
1753546981291,16:23:01.291,AAVE/USDT:USDT,294.97,1.57,294.96,0.64,294.98,6.96,294.99,1.21
1753546981391,16:23:01.391,AAVE/USDT:USDT,294.97,1.6,294.96,0.64,294.98,6.96,294.99,1.21
1753546981491,16:23:01.491,AAVE/USDT:USDT,294.97,1.63,294.96,0.64,294.98,7.35,294.99,1.21
1753546981591,16:23:01.591,AAVE/USDT:USDT,294.97,1.63,294.96,0.64,294.98,7.35,294.99,1.21
1753546981691,16:23:01.691,AAVE/USDT:USDT,294.97,1.63,294.96,0.64,294.98,7.35,294.99,1.21
1753546981791,16:23:01.791,AAVE/USDT:USDT,294.97,1.51,294.96,0.64,294.98,7.35,294.99,1.21
1753546981891,16:23:01.891,AAVE/USDT:USDT,294.97,1.51,294.96,0.64,294.98,7.35,294.99,1.21
1753546981991,16:23:01.991,AAVE/USDT:USDT,294.97,1.51,294.96,0.64,294.98,7.35,294.99,1.21
1753546982093,16:23:02.093,AAVE/USDT:USDT,294.82,0.06,294.81,2.64,294.83,1.76,294.84,2.68
1753546982192,16:23:02.192,AAVE/USDT:USDT,294.84,3.94,294.83,9.63,294.85,0.2,294.86,0.56
1753546982292,16:23:02.292,AAVE/USDT:USDT,294.85,3.36,294.84,4.42,294.86,0.56,294.87,6.48
1753546982391,16:23:02.391,AAVE/USDT:USDT,294.85,3.36,294.84,2.92,294.86,1.78,294.87,5.1
1753546982492,16:23:02.492,AAVE/USDT:USDT,294.85,3.02,294.84,2.92,294.86,1.78,294.88,9.3
1753546982591,16:23:02.591,AAVE/USDT:USDT,294.85,3.02,294.84,2.92,294.86,1.78,294.88,6.19
1753546982691,16:23:02.691,AAVE/USDT:USDT,294.85,4.82,294.84,1.2,294.86,1.78,294.88,6.19
1753546982792,16:23:02.792,AAVE/USDT:USDT,294.85,4.82,294.84,1.2,294.86,1.78,294.88,6.19
1753546982891,16:23:02.891,AAVE/USDT:USDT,294.85,4.82,294.84,1.2,294.86,0.56,294.88,5.52
1753546982991,16:23:02.991,AAVE/USDT:USDT,294.87,7.4,294.86,4.2,294.88,0.02,294.9,0.48
1753546983092,16:23:03.092,AAVE/USDT:USDT,294.87,7.71,294.86,3.89,294.88,0.02,294.9,0.06
1753546983191,16:23:03.191,AAVE/USDT:USDT,294.87,7.71,294.86,3.89,294.88,0.02,294.9,0.06
1753546983291,16:23:03.291,AAVE/USDT:USDT,294.87,7.71,294.86,3.89,294.88,0.02,294.9,0.06
1753546983391,16:23:03.391,AAVE/USDT:USDT,294.87,7.82,294.86,3.89,294.88,0.02,294.9,0.06
1753546983491,16:23:03.491,AAVE/USDT:USDT,294.87,10.77,294.86,3.89,294.88,0.02,294.9,0.06
1753546983591,16:23:03.591,AAVE/USDT:USDT,294.87,10.46,294.86,3.89,294.88,0.02,294.9,0.06
1753546983691,16:23:03.691,AAVE/USDT:USDT,294.87,6.06,294.86,3.55,294.88,0.36,294.9,2.92
1753546983793,16:23:03.793,AAVE/USDT:USDT,294.87,4.37,294.86,0.78,294.88,0.39,294.9,2.92
1753546983891,16:23:03.891,AAVE/USDT:USDT,294.87,3.59,294.86,0.78,294.88,5.7,294.9,5.27
1753546983991,16:23:03.991,AAVE/USDT:USDT,294.87,3.59,294.86,0.78,294.88,5.7,294.9,5.27
1753546984091,16:23:04.091,AAVE/USDT:USDT,294.87,3.59,294.86,0.78,294.88,5.7,294.9,5.27
1753546984191,16:23:04.191,AAVE/USDT:USDT,294.87,3.59,294.86,0.78,294.88,5.7,294.9,5.27
1753546984291,16:23:04.291,AAVE/USDT:USDT,294.87,3.59,294.86,0.78,294.88,5.7,294.9,5.27
1753546984391,16:23:04.391,AAVE/USDT:USDT,294.87,3.59,294.86,0.78,294.88,5.7,294.9,5.27
1753546984492,16:23:04.492,AAVE/USDT:USDT,294.87,3.59,294.86,0.78,294.88,3.36,294.9,3.59
1753546984597,16:23:04.597,AAVE/USDT:USDT,294.87,3.59,294.86,0.78,294.88,3.36,294.9,3.59
1753546984691,16:23:04.691,AAVE/USDT:USDT,294.87,3.59,294.86,0.78,294.88,3.36,294.9,3.59
1753546984791,16:23:04.791,AAVE/USDT:USDT,294.87,3.59,294.86,0.78,294.88,3.36,294.9,3.59
1753546984890,16:23:04.890,AAVE/USDT:USDT,294.87,3.59,294.86,0.78,294.88,3.36,294.9,3.59
1753546984990,16:23:04.990,AAVE/USDT:USDT,294.87,3.59,294.86,0.78,294.88,3.36,294.9,3.59
1753546985091,16:23:05.091,AAVE/USDT:USDT,294.87,3.59,294.86,0.78,294.88,3.36,294.9,3.59
1753546985192,16:23:05.192,AAVE/USDT:USDT,294.87,3.59,294.86,0.78,294.88,3.36,294.9,3.59
1753546985391,16:23:05.391,AAVE/USDT:USDT,294.87,3.59,294.86,0.78,294.88,3.36,294.9,3.59
1753546985491,16:23:05.491,AAVE/USDT:USDT,294.87,3.59,294.86,0.78,294.88,3.36,294.9,3.59
1753546985592,16:23:05.592,AAVE/USDT:USDT,294.87,3.59,294.86,0.78,294.88,3.36,294.9,3.59
1753546985690,16:23:05.690,AAVE/USDT:USDT,294.87,3.59,294.86,0.78,294.88,3.36,294.9,2.07
1753546985791,16:23:05.791,AAVE/USDT:USDT,294.87,3.59,294.86,0.78,294.88,3.36,294.9,2.07
1753546985891,16:23:05.891,AAVE/USDT:USDT,294.87,3.59,294.86,0.78,294.88,3.36,294.9,2.07
1753546985991,16:23:05.991,AAVE/USDT:USDT,294.87,3.59,294.86,0.78,294.88,3.36,294.9,2.07
1753546986092,16:23:06.092,AAVE/USDT:USDT,294.87,3.59,294.86,0.78,294.88,1.3,294.9,0.06
1753546986192,16:23:06.192,AAVE/USDT:USDT,294.91,4.93,294.9,5.79,294.92,1.03,294.93,8.06
1753546986297,16:23:06.297,AAVE/USDT:USDT,294.91,4.93,294.9,4.07,294.92,1.03,294.93,0.56
1753546986392,16:23:06.392,AAVE/USDT:USDT,294.91,5.04,294.9,4.07,294.92,1.13,294.93,0.56
1753546986491,16:23:06.491,AAVE/USDT:USDT,294.91,7.99,294.9,4.07,294.92,1.13,294.93,0.56
1753546986590,16:23:06.590,AAVE/USDT:USDT,294.91,7.99,294.9,4.07,294.92,1.13,294.93,0.56
1753546986691,16:23:06.691,AAVE/USDT:USDT,294.91,7.99,294.9,4.07,294.92,1.13,294.93,0.56
1753546986791,16:23:06.791,AAVE/USDT:USDT,294.91,7.99,294.9,4.07,294.92,1.13,294.93,0.56
1753546986891,16:23:06.891,AAVE/USDT:USDT,294.95,4.71,294.94,6.09,294.96,0.06,294.97,3.68
1753546986992,16:23:06.992,AAVE/USDT:USDT,294.95,4.71,294.94,6.09,294.96,0.06,294.97,3.68
1753546987091,16:23:07.091,AAVE/USDT:USDT,294.95,2.99,294.94,3.58,294.96,0.06,294.97,3.68
1753546987191,16:23:07.191,AAVE/USDT:USDT,294.95,3.58,294.93,1.78,294.96,0.96,294.97,3.68
1753546987291,16:23:07.291,AAVE/USDT:USDT,294.95,3.58,294.93,1.78,294.96,0.06,294.97,3.64
1753546987391,16:23:07.391,AAVE/USDT:USDT,294.95,3.58,294.93,1.78,294.96,8.46,294.97,3.64
1753546987491,16:23:07.491,AAVE/USDT:USDT,294.95,3.58,294.93,1.78,294.96,8.46,294.97,3.64
1753546987591,16:23:07.591,AAVE/USDT:USDT,294.95,3.58,294.93,1.78,294.96,8.46,294.97,3.64
1753546987691,16:23:07.691,AAVE/USDT:USDT,294.95,3.58,294.93,1.78,294.96,8.46,294.97,3.64
1753546987793,16:23:07.793,AAVE/USDT:USDT,294.95,5.08,294.93,3.07,294.96,8.46,294.97,3.64
1753546987891,16:23:07.891,AAVE/USDT:USDT,294.95,5.08,294.93,3.07,294.96,8.46,294.97,3.64
1753546987991,16:23:07.991,AAVE/USDT:USDT,294.95,3.58,294.93,3.07,294.96,8.46,294.97,3.64
1753546988091,16:23:08.091,AAVE/USDT:USDT,294.95,3.58,294.93,3.07,294.96,8.46,294.97,3.64
1753546988190,16:23:08.190,AAVE/USDT:USDT,294.95,3.58,294.93,3.07,294.96,8.46,294.97,3.64
1753546988291,16:23:08.291,AAVE/USDT:USDT,294.95,3.58,294.93,3.07,294.96,8.46,294.97,3.64
1753546988391,16:23:08.391,AAVE/USDT:USDT,294.95,3.58,294.93,3.07,294.96,8.46,294.97,3.64
1753546988591,16:23:08.591,AAVE/USDT:USDT,294.95,3.58,294.93,3.07,294.96,8.46,294.97,3.64
1753546988691,16:23:08.691,AAVE/USDT:USDT,294.95,3.58,294.94,2.71,294.96,8.46,294.97,3.64
1753546988791,16:23:08.791,AAVE/USDT:USDT,294.95,3.58,294.94,2.71,294.96,8.46,294.97,3.64
1753546988891,16:23:08.891,AAVE/USDT:USDT,294.95,3.58,294.94,2.71,294.96,8.46,294.97,3.64
1753546988990,16:23:08.990,AAVE/USDT:USDT,294.95,3.58,294.94,2.71,294.96,8.46,294.97,3.64
1753546989091,16:23:09.091,AAVE/USDT:USDT,294.95,3.58,294.94,2.71,294.96,8.46,294.97,3.64
1753546989190,16:23:09.190,AAVE/USDT:USDT,294.95,3.58,294.94,2.71,294.96,8.46,294.97,3.64
1753546989291,16:23:09.291,AAVE/USDT:USDT,294.95,3.58,294.94,2.71,294.96,8.46,294.97,3.64
1753546989391,16:23:09.391,AAVE/USDT:USDT,294.95,3.58,294.94,2.71,294.96,8.46,294.97,3.64
1753546989490,16:23:09.490,AAVE/USDT:USDT,294.95,3.72,294.94,2.71,294.96,8.46,294.97,3.64
1753546989592,16:23:09.592,AAVE/USDT:USDT,294.95,3.72,294.94,2.71,294.96,8.46,294.97,3.64
1753546989690,16:23:09.690,AAVE/USDT:USDT,294.95,3.72,294.94,2.71,294.96,8.46,294.97,3.64
1753546989891,16:23:09.891,AAVE/USDT:USDT,294.95,3.72,294.94,2.71,294.96,8.46,294.97,3.64
1753546989992,16:23:09.992,AAVE/USDT:USDT,294.95,3.72,294.94,2.71,294.96,8.46,294.97,3.64
1753546990091,16:23:10.091,AAVE/USDT:USDT,294.95,3.72,294.94,2.71,294.96,8.46,294.97,3.64
1753546990191,16:23:10.191,AAVE/USDT:USDT,294.95,3.72,294.94,2.71,294.96,8.46,294.97,3.64
1753546990290,16:23:10.290,AAVE/USDT:USDT,294.95,3.72,294.94,2.71,294.96,8.46,294.97,3.64
1753546990391,16:23:10.391,AAVE/USDT:USDT,294.95,3.72,294.94,2.71,294.96,8.46,294.97,3.64
1753546990491,16:23:10.491,AAVE/USDT:USDT,294.95,3.72,294.94,2.71,294.96,8.46,294.97,3.64
1753546990591,16:23:10.591,AAVE/USDT:USDT,294.95,3.72,294.94,2.71,294.96,8.46,294.97,3.64
1753546990791,16:23:10.791,AAVE/USDT:USDT,294.95,3.72,294.94,2.71,294.96,8.46,294.97,3.64
1753546990891,16:23:10.891,AAVE/USDT:USDT,294.95,5.22,294.94,2.71,294.96,8.46,294.97,3.64
1753546990991,16:23:10.991,AAVE/USDT:USDT,294.96,9.89,294.95,8.59,294.97,0.56,294.98,6.61
1753546991091,16:23:11.091,AAVE/USDT:USDT,294.97,5.97,294.96,11.86,294.98,6.57,294.99,0.65
1753546991192,16:23:11.192,AAVE/USDT:USDT,294.97,4.9,294.96,5.05,294.98,6.57,294.99,0.65
1753546991291,16:23:11.291,AAVE/USDT:USDT,294.97,4.9,294.96,5.05,294.98,6.57,294.99,0.65
1753546991391,16:23:11.391,AAVE/USDT:USDT,294.97,6.4,294.96,5.05,294.98,6.57,294.99,0.65
1753546991490,16:23:11.490,AAVE/USDT:USDT,294.97,6.4,294.96,5.05,294.98,6.57,294.99,0.65
1753546991591,16:23:11.591,AAVE/USDT:USDT,294.97,6.4,294.96,5.05,294.98,6.57,294.99,0.65
1753546991691,16:23:11.691,AAVE/USDT:USDT,294.97,9.34,294.96,5.05,294.98,6.57,294.99,0.65
1753546991791,16:23:11.791,AAVE/USDT:USDT,294.97,9.53,294.96,5.05,294.98,6.57,294.99,0.65
1753546991891,16:23:11.891,AAVE/USDT:USDT,294.97,9.53,294.96,5.05,294.98,6.57,294.99,0.65
1753546991991,16:23:11.991,AAVE/USDT:USDT,294.97,9.53,294.96,5.05,294.98,6.57,294.99,0.65
1753546992091,16:23:12.091,AAVE/USDT:USDT,294.97,8.03,294.96,5.05,294.98,6.57,294.99,0.65
1753546992191,16:23:12.191,AAVE/USDT:USDT,294.97,8.03,294.96,5.05,294.98,6.57,294.99,0.65
1753546992291,16:23:12.291,AAVE/USDT:USDT,294.97,8.03,294.96,5.05,294.98,6.57,294.99,0.65
1753546992391,16:23:12.391,AAVE/USDT:USDT,294.97,8.03,294.96,5.05,294.98,6.57,294.99,0.65
1753546992602,16:23:12.602,AAVE/USDT:USDT,294.97,8.03,294.96,5.05,294.98,6.57,294.99,0.65
1753546992691,16:23:12.691,AAVE/USDT:USDT,294.97,8.03,294.96,5.05,294.98,6.57,294.99,0.65
1753546992791,16:23:12.791,AAVE/USDT:USDT,294.97,8.03,294.96,5.05,294.98,6.57,294.99,0.65
1753546992891,16:23:12.891,AAVE/USDT:USDT,294.97,8.03,294.96,5.05,294.98,6.57,294.99,0.65
1753546992991,16:23:12.991,AAVE/USDT:USDT,294.97,8.03,294.96,5.05,294.98,6.57,294.99,0.65
1753546993091,16:23:13.091,AAVE/USDT:USDT,294.97,8.03,294.96,5.05,294.98,6.57,294.99,0.65
1753546993190,16:23:13.190,AAVE/USDT:USDT,294.97,8.03,294.96,5.05,294.98,6.57,294.99,0.65
1753546993291,16:23:13.291,AAVE/USDT:USDT,294.97,8.03,294.96,5.05,294.98,6.57,294.99,0.65
1753546993391,16:23:13.391,AAVE/USDT:USDT,294.97,8.03,294.96,5.05,294.98,6.57,294.99,0.65
1753546993490,16:23:13.490,AAVE/USDT:USDT,294.97,8.03,294.96,5.05,294.98,6.57,294.99,0.65
1753546993591,16:23:13.591,AAVE/USDT:USDT,294.97,8.03,294.96,5.05,294.98,6.57,294.99,0.65
1753546993691,16:23:13.691,AAVE/USDT:USDT,294.97,8.03,294.96,5.05,294.98,6.57,294.99,0.65
1753546993792,16:23:13.792,AAVE/USDT:USDT,294.97,8.03,294.96,5.05,294.98,6.57,294.99,0.65
1753546993890,16:23:13.890,AAVE/USDT:USDT,294.97,8.03,294.96,5.05,294.98,6.57,294.99,0.65
1753546993991,16:23:13.991,AAVE/USDT:USDT,294.99,8.75,294.98,5.27,295.0,0.58,295.01,0.04
1753546994091,16:23:14.091,AAVE/USDT:USDT,294.99,8.75,294.98,5.2,295.0,0.58,295.01,0.04
1753546994191,16:23:14.191,AAVE/USDT:USDT,294.99,6.58,294.98,5.2,295.0,0.58,295.01,0.04
1753546994291,16:23:14.291,AAVE/USDT:USDT,294.99,6.58,294.98,5.2,295.0,0.58,295.01,0.04
1753546994392,16:23:14.392,AAVE/USDT:USDT,294.99,6.58,294.98,5.2,295.0,0.58,295.01,0.04
1753546994491,16:23:14.491,AAVE/USDT:USDT,294.99,6.58,294.98,5.2,295.0,0.58,295.01,0.04
1753546994591,16:23:14.591,AAVE/USDT:USDT,294.99,9.83,294.98,5.2,295.0,0.58,295.01,0.04
1753546994693,16:23:14.693,AAVE/USDT:USDT,295.05,0.38,295.04,0.36,295.06,0.5,295.07,0.1
1753546994791,16:23:14.791,AAVE/USDT:USDT,295.05,0.38,295.04,0.36,295.06,0.5,295.07,1.04
1753546994891,16:23:14.891,AAVE/USDT:USDT,295.05,0.38,295.04,0.36,295.06,0.5,295.07,1.04
1753546994991,16:23:14.991,AAVE/USDT:USDT,295.05,0.63,295.04,0.36,295.06,0.5,295.07,1.04
1753546995090,16:23:15.090,AAVE/USDT:USDT,295.05,0.63,295.04,0.36,295.06,0.5,295.07,1.04
1753546995191,16:23:15.191,AAVE/USDT:USDT,295.05,0.63,295.04,0.36,295.06,0.81,295.07,1.04
1753546995291,16:23:15.291,AAVE/USDT:USDT,295.05,0.63,295.04,0.36,295.06,1.84,295.07,1.04
1753546995392,16:23:15.392,AAVE/USDT:USDT,295.05,3.57,295.04,0.36,295.06,2.77,295.07,1.0
1753546995491,16:23:15.491,AAVE/USDT:USDT,295.05,11.28,295.04,0.36,295.06,2.43,295.07,1.0
1753546995591,16:23:15.591,AAVE/USDT:USDT,295.05,11.28,295.04,0.36,295.06,2.43,295.07,1.0
1753546995691,16:23:15.691,AAVE/USDT:USDT,295.05,11.28,295.04,0.36,295.06,3.51,295.07,1.0
1753546995793,16:23:15.793,AAVE/USDT:USDT,295.05,11.28,295.04,0.36,295.06,3.51,295.07,1.0
1753546995891,16:23:15.891,AAVE/USDT:USDT,295.05,11.28,295.04,0.36,295.06,3.51,295.07,1.0
1753546995991,16:23:15.991,AAVE/USDT:USDT,295.05,11.28,295.04,0.36,295.06,3.51,295.07,1.0
1753546996091,16:23:16.091,AAVE/USDT:USDT,295.05,11.28,295.04,0.36,295.06,3.51,295.07,1.0
1753546996191,16:23:16.191,AAVE/USDT:USDT,295.05,11.28,295.04,0.36,295.06,3.51,295.07,1.0
1753546996291,16:23:16.291,AAVE/USDT:USDT,295.05,11.28,295.04,0.36,295.06,3.51,295.07,1.0
1753546996391,16:23:16.391,AAVE/USDT:USDT,295.05,11.28,295.04,0.36,295.06,3.51,295.07,3.08
1753546996491,16:23:16.491,AAVE/USDT:USDT,295.05,11.28,295.04,0.36,295.06,3.51,295.07,3.08
1753546996591,16:23:16.591,AAVE/USDT:USDT,295.03,0.04,295.02,0.11,295.04,6.87,295.05,12.01
1753546996691,16:23:16.691,AAVE/USDT:USDT,295.02,0.07,295.01,0.04,295.03,4.44,295.04,9.46
1753546996791,16:23:16.791,AAVE/USDT:USDT,295.02,0.07,295.01,0.04,295.03,4.44,295.04,6.77
1753546996891,16:23:16.891,AAVE/USDT:USDT,295.02,1.44,295.0,1.33,295.03,0.44,295.04,1.25
1753546996991,16:23:16.991,AAVE/USDT:USDT,295.02,1.44,295.0,1.33,295.03,0.44,295.04,0.34
1753546997091,16:23:17.091,AAVE/USDT:USDT,295.02,1.44,295.0,2.82,295.03,0.44,295.04,0.34
1753546997191,16:23:17.191,AAVE/USDT:USDT,295.02,4.22,295.0,2.82,295.03,0.1,295.05,0.04
1753546997292,16:23:17.292,AAVE/USDT:USDT,295.02,4.22,295.0,2.82,295.03,0.1,295.05,0.04
1753546997391,16:23:17.391,AAVE/USDT:USDT,295.02,4.22,295.0,2.82,295.03,1.03,295.05,0.04
1753546997491,16:23:17.491,AAVE/USDT:USDT,295.02,4.22,295.0,2.82,295.03,1.03,295.05,0.04
1753546997591,16:23:17.591,AAVE/USDT:USDT,295.02,4.22,295.0,2.82,295.03,1.03,295.05,0.04
1753546997691,16:23:17.691,AAVE/USDT:USDT,295.02,4.22,295.0,1.33,295.03,1.03,295.05,1.36
1753546997793,16:23:17.793,AAVE/USDT:USDT,295.02,4.22,295.0,1.33,295.03,1.03,295.05,1.36
1753546997891,16:23:17.891,AAVE/USDT:USDT,295.02,4.22,295.0,1.33,295.03,1.03,295.05,1.36
1753546998091,16:23:18.091,AAVE/USDT:USDT,295.02,4.22,295.0,1.33,295.03,1.03,295.05,1.36
1753546998192,16:23:18.192,AAVE/USDT:USDT,295.02,4.22,295.0,1.33,295.03,1.03,295.05,1.36
1753546998291,16:23:18.291,AAVE/USDT:USDT,295.02,4.22,295.0,1.33,295.03,1.03,295.05,1.36
1753546998391,16:23:18.391,AAVE/USDT:USDT,295.02,4.22,295.0,1.33,295.03,1.03,295.05,1.36
1753546998491,16:23:18.491,AAVE/USDT:USDT,295.02,4.22,295.0,1.33,295.03,1.03,295.05,1.36
1753546998591,16:23:18.591,AAVE/USDT:USDT,295.02,4.22,295.0,1.33,295.03,1.03,295.05,1.36
1753546998691,16:23:18.691,AAVE/USDT:USDT,295.02,4.22,295.0,1.33,295.03,1.03,295.05,1.36
1753546998791,16:23:18.791,AAVE/USDT:USDT,295.02,4.22,295.0,1.33,295.03,1.03,295.05,1.36
1753546999091,16:23:19.091,AAVE/USDT:USDT,295.02,4.22,295.01,2.71,295.03,1.03,295.05,1.36
1753546999191,16:23:19.191,AAVE/USDT:USDT,295.02,4.22,295.01,2.71,295.03,1.03,295.05,1.36
1753546999291,16:23:19.291,AAVE/USDT:USDT,295.02,4.22,295.01,2.71,295.03,1.03,295.05,1.36
1753546999391,16:23:19.391,AAVE/USDT:USDT,295.02,4.22,295.01,2.71,295.03,1.03,295.05,1.36
1753546999491,16:23:19.491,AAVE/USDT:USDT,295.02,4.22,295.01,2.71,295.03,1.03,295.05,1.36
1753546999591,16:23:19.591,AAVE/USDT:USDT,295.02,4.22,295.01,2.71,295.03,1.03,295.05,1.36
1753546999691,16:23:19.691,AAVE/USDT:USDT,295.02,4.22,295.01,2.71,295.03,1.03,295.05,1.36
1753546999791,16:23:19.791,AAVE/USDT:USDT,295.02,4.22,295.01,2.71,295.03,1.03,295.05,1.36
1753546999891,16:23:19.891,AAVE/USDT:USDT,295.02,4.22,295.01,2.71,295.03,1.03,295.05,1.36
1753546999990,16:23:19.990,AAVE/USDT:USDT,295.02,2.15,295.01,2.71,295.03,1.03,295.05,3.61
1753547000090,16:23:20.090,AAVE/USDT:USDT,295.02,1.82,295.01,2.71,295.03,1.03,295.05,3.61
1753547000191,16:23:20.191,AAVE/USDT:USDT,295.02,1.82,295.01,2.71,295.03,1.03,295.05,1.36
1753547000291,16:23:20.291,AAVE/USDT:USDT,295.02,1.82,295.01,2.71,295.03,1.03,295.05,1.36
1753547000391,16:23:20.391,AAVE/USDT:USDT,295.02,1.82,295.01,2.71,295.03,1.03,295.05,1.36
1753547000491,16:23:20.491,AAVE/USDT:USDT,295.02,1.82,295.01,2.71,295.03,1.02,295.05,1.36
1753547000591,16:23:20.591,AAVE/USDT:USDT,295.02,1.82,295.01,2.71,295.03,1.02,295.05,1.36
1753547000691,16:23:20.691,AAVE/USDT:USDT,295.02,1.82,295.01,2.71,295.03,1.02,295.05,1.36
1753547000791,16:23:20.791,AAVE/USDT:USDT,295.02,1.82,295.01,2.71,295.03,1.02,295.05,1.36
1753547000891,16:23:20.891,AAVE/USDT:USDT,295.02,1.82,295.01,2.71,295.03,1.02,295.05,1.36
1753547000991,16:23:20.991,AAVE/USDT:USDT,295.02,1.82,295.01,2.71,295.03,1.02,295.05,1.36
1753547001092,16:23:21.092,AAVE/USDT:USDT,295.02,1.82,295.01,2.71,295.03,1.02,295.05,1.36
1753547001191,16:23:21.191,AAVE/USDT:USDT,295.02,1.82,295.01,2.71,295.03,1.02,295.05,1.36
1753547001291,16:23:21.291,AAVE/USDT:USDT,295.02,1.82,295.01,2.71,295.03,1.02,295.05,1.36
1753547001391,16:23:21.391,AAVE/USDT:USDT,295.02,1.82,295.01,2.71,295.03,1.02,295.05,1.36
1753547001491,16:23:21.491,AAVE/USDT:USDT,295.02,0.97,295.01,2.71,295.03,1.02,295.05,1.36
1753547001591,16:23:21.591,AAVE/USDT:USDT,295.02,2.31,295.01,2.71,295.03,1.02,295.05,1.36
1753547001794,16:23:21.794,AAVE/USDT:USDT,295.02,2.31,295.01,2.71,295.03,1.02,295.05,1.36
1753547001891,16:23:21.891,AAVE/USDT:USDT,295.02,2.31,295.01,2.71,295.03,1.02,295.05,1.36
1753547001991,16:23:21.991,AAVE/USDT:USDT,295.02,2.31,295.01,2.71,295.03,1.02,295.05,1.36
1753547002091,16:23:22.091,AAVE/USDT:USDT,295.02,2.31,295.01,2.71,295.03,1.02,295.05,1.36
1753547002191,16:23:22.191,AAVE/USDT:USDT,295.02,2.31,295.01,2.71,295.03,1.02,295.05,1.36
1753547002291,16:23:22.291,AAVE/USDT:USDT,295.02,2.31,295.01,2.71,295.03,1.02,295.05,1.36
1753547002391,16:23:22.391,AAVE/USDT:USDT,295.02,2.31,295.01,2.71,295.03,1.02,295.05,1.36
1753547002494,16:23:22.494,AAVE/USDT:USDT,295.02,2.31,295.01,2.71,295.03,1.02,295.05,1.36
1753547002591,16:23:22.591,AAVE/USDT:USDT,295.02,2.31,295.01,2.71,295.03,1.02,295.05,1.36
1753547002691,16:23:22.691,AAVE/USDT:USDT,295.02,2.31,295.01,2.71,295.03,1.02,295.05,1.36
1753547002791,16:23:22.791,AAVE/USDT:USDT,295.02,2.31,295.01,2.71,295.03,1.02,295.05,1.36
1753547002892,16:23:22.892,AAVE/USDT:USDT,295.02,2.31,295.01,2.71,295.03,1.02,295.05,1.36
1753547002990,16:23:22.990,AAVE/USDT:USDT,295.02,2.31,295.01,2.71,295.03,2.18,295.05,1.36
1753547003091,16:23:23.091,AAVE/USDT:USDT,295.02,2.31,295.01,2.71,295.03,2.18,295.05,2.85
1753547003190,16:23:23.190,AAVE/USDT:USDT,295.02,2.31,295.01,2.71,295.03,2.18,295.05,2.85
1753547003291,16:23:23.291,AAVE/USDT:USDT,295.02,2.31,295.01,2.71,295.03,2.18,295.05,2.85
1753547003392,16:23:23.392,AAVE/USDT:USDT,295.02,2.31,295.01,2.71,295.03,2.18,295.05,1.36
1753547003490,16:23:23.490,AAVE/USDT:USDT,295.02,2.31,295.01,2.71,295.03,2.18,295.05,1.36
1753547003591,16:23:23.591,AAVE/USDT:USDT,295.02,2.31,295.01,2.71,295.03,2.18,295.05,1.36
1753547003691,16:23:23.691,AAVE/USDT:USDT,295.02,2.31,295.01,2.71,295.03,2.18,295.05,1.36
1753547003793,16:23:23.793,AAVE/USDT:USDT,295.02,2.31,295.01,2.71,295.03,2.18,295.05,1.36
1753547003890,16:23:23.890,AAVE/USDT:USDT,295.02,2.31,295.01,2.71,295.03,2.18,295.05,1.36
1753547004091,16:23:24.091,AAVE/USDT:USDT,295.02,2.31,295.01,2.71,295.03,2.18,295.05,1.36
1753547004190,16:23:24.190,AAVE/USDT:USDT,295.02,2.31,295.01,2.71,295.03,2.18,295.05,1.36
1753547004291,16:23:24.291,AAVE/USDT:USDT,295.02,2.31,295.01,2.71,295.03,2.18,295.05,1.36
1753547004691,16:23:24.691,AAVE/USDT:USDT,295.02,2.31,295.01,2.71,295.03,2.18,295.05,1.36
1753547004791,16:23:24.791,AAVE/USDT:USDT,295.02,2.31,295.01,2.71,295.03,2.18,295.05,1.36
1753547004891,16:23:24.891,AAVE/USDT:USDT,295.02,0.97,295.0,2.77,295.03,3.65,295.05,4.07
1753547004991,16:23:24.991,AAVE/USDT:USDT,295.02,0.07,295.0,0.06,295.03,3.65,295.04,2.71
1753547005091,16:23:25.091,AAVE/USDT:USDT,295.02,0.07,295.0,0.06,295.03,3.65,295.04,2.71
1753547005191,16:23:25.191,AAVE/USDT:USDT,295.02,0.07,295.0,0.06,295.03,3.65,295.04,2.71
1753547005292,16:23:25.292,AAVE/USDT:USDT,295.02,0.07,295.0,0.06,295.03,3.65,295.04,2.71
1753547005391,16:23:25.391,AAVE/USDT:USDT,295.02,0.07,295.0,0.06,295.03,3.65,295.04,2.71
1753547005491,16:23:25.491,AAVE/USDT:USDT,295.02,0.07,295.0,0.06,295.03,3.65,295.04,2.71
1753547005591,16:23:25.591,AAVE/USDT:USDT,295.02,0.07,295.0,1.33,295.03,3.65,295.04,2.71
1753547005691,16:23:25.691,AAVE/USDT:USDT,295.02,0.07,295.0,1.33,295.03,3.65,295.04,2.71
1753547005793,16:23:25.793,AAVE/USDT:USDT,295.02,0.07,295.0,1.33,295.03,3.65,295.04,2.71
1753547005991,16:23:25.991,AAVE/USDT:USDT,295.02,0.07,295.0,1.33,295.03,3.65,295.04,2.71
1753547006091,16:23:26.091,AAVE/USDT:USDT,295.02,0.07,295.0,1.33,295.03,3.65,295.04,2.71
1753547006191,16:23:26.191,AAVE/USDT:USDT,295.02,0.07,295.0,1.33,295.03,2.49,295.04,2.71
1753547006290,16:23:26.290,AAVE/USDT:USDT,295.02,0.07,295.0,1.33,295.03,3.54,295.04,2.71
1753547006391,16:23:26.391,AAVE/USDT:USDT,295.02,0.07,295.0,1.33,295.03,3.54,295.04,2.71
1753547006491,16:23:26.491,AAVE/USDT:USDT,295.02,0.07,295.0,1.33,295.03,3.54,295.04,2.71
1753547006591,16:23:26.591,AAVE/USDT:USDT,295.02,0.07,295.0,1.33,295.03,3.54,295.04,2.71
1753547006691,16:23:26.691,AAVE/USDT:USDT,295.02,0.07,295.0,1.33,295.03,3.54,295.04,2.71
1753547006791,16:23:26.791,AAVE/USDT:USDT,295.02,0.07,295.0,1.33,295.03,3.54,295.04,2.71
1753547006891,16:23:26.891,AAVE/USDT:USDT,295.02,0.07,295.0,1.33,295.08,11.58,295.09,14.81
1753547006992,16:23:26.992,AAVE/USDT:USDT,295.03,0.38,295.02,3.48,295.04,0.37,295.06,2.7
1753547007091,16:23:27.091,AAVE/USDT:USDT,295.03,0.38,295.02,3.48,295.04,0.37,295.06,2.7
1753547007190,16:23:27.190,AAVE/USDT:USDT,295.03,0.38,295.02,3.48,295.04,0.37,295.06,2.7
1753547007291,16:23:27.291,AAVE/USDT:USDT,295.03,0.38,295.02,3.48,295.04,0.37,295.06,2.7
1753547007391,16:23:27.391,AAVE/USDT:USDT,295.03,0.38,295.02,3.48,295.04,0.37,295.06,2.7
1753547007491,16:23:27.491,AAVE/USDT:USDT,295.03,0.38,295.02,3.48,295.04,0.37,295.06,2.7
1753547007591,16:23:27.591,AAVE/USDT:USDT,295.03,1.63,295.02,3.48,295.04,0.03,295.06,2.7
1753547007691,16:23:27.691,AAVE/USDT:USDT,295.03,1.63,295.02,3.48,295.04,0.03,295.06,2.7
1753547007791,16:23:27.791,AAVE/USDT:USDT,295.03,1.63,295.02,2.16,295.04,0.03,295.06,2.7
1753547008091,16:23:28.091,AAVE/USDT:USDT,295.02,2.16,295.01,2.71,295.03,0.34,295.04,0.37
1753547008191,16:23:28.191,AAVE/USDT:USDT,295.02,2.16,295.01,2.71,295.03,0.34,295.04,0.37
1753547008292,16:23:28.292,AAVE/USDT:USDT,295.02,2.16,295.01,2.71,295.03,0.34,295.04,0.37
1753547008390,16:23:28.390,AAVE/USDT:USDT,295.02,2.16,295.01,2.71,295.03,0.34,295.04,0.37
1753547008491,16:23:28.491,AAVE/USDT:USDT,295.02,2.16,295.01,2.71,295.03,0.34,295.04,0.37
1753547008591,16:23:28.591,AAVE/USDT:USDT,295.02,0.98,295.01,2.71,295.03,0.34,295.04,0.37
1753547008691,16:23:28.691,AAVE/USDT:USDT,295.02,0.98,295.01,2.71,295.03,0.34,295.04,0.37
1753547008791,16:23:28.791,AAVE/USDT:USDT,295.02,0.98,295.01,2.71,295.03,0.34,295.04,0.37
1753547008891,16:23:28.891,AAVE/USDT:USDT,295.02,0.07,295.01,2.71,295.03,0.34,295.04,0.37
1753547008991,16:23:28.991,AAVE/USDT:USDT,295.02,0.07,295.01,2.71,295.03,0.34,295.04,0.37
1753547009092,16:23:29.092,AAVE/USDT:USDT,295.03,0.17,295.02,2.26,295.04,0.34,295.06,8.92
1753547009192,16:23:29.192,AAVE/USDT:USDT,295.04,0.9,295.03,2.32,295.05,0.34,295.06,2.66
1753547009292,16:23:29.292,AAVE/USDT:USDT,294.98,0.06,294.97,0.04,294.99,2.96,295.0,7.64
1753547009392,16:23:29.392,AAVE/USDT:USDT,294.98,0.02,294.97,0.04,294.99,2.96,295.0,6.15
1753547009491,16:23:29.491,AAVE/USDT:USDT,294.98,0.02,294.97,0.04,294.99,2.96,295.0,7.09
1753547009591,16:23:29.591,AAVE/USDT:USDT,294.98,0.02,294.97,0.04,294.99,2.96,295.0,6.98
1753547009691,16:23:29.691,AAVE/USDT:USDT,294.98,0.02,294.97,0.04,294.99,2.96,295.0,6.98
1753547009793,16:23:29.793,AAVE/USDT:USDT,294.98,0.02,294.97,0.04,294.99,2.96,295.0,6.98
1753547009890,16:23:29.890,AAVE/USDT:USDT,294.98,0.02,294.97,0.04,294.99,2.96,295.0,8.7
1753547009990,16:23:29.990,AAVE/USDT:USDT,294.98,0.02,294.97,0.04,294.99,2.96,295.0,8.7
1753547010091,16:23:30.091,AAVE/USDT:USDT,294.98,0.02,294.97,0.04,294.99,2.96,295.0,8.7
1753547010191,16:23:30.191,AAVE/USDT:USDT,294.98,0.02,294.97,0.04,294.99,2.96,295.0,6.98
1753547010291,16:23:30.291,AAVE/USDT:USDT,294.98,0.02,294.97,0.04,294.99,2.96,295.0,11.75
1753547010391,16:23:30.391,AAVE/USDT:USDT,294.98,0.02,294.97,0.04,294.99,2.96,295.0,11.75
1753547010491,16:23:30.491,AAVE/USDT:USDT,294.98,0.02,294.97,0.04,294.99,2.96,295.0,11.75
1753547010592,16:23:30.592,AAVE/USDT:USDT,294.98,0.02,294.97,0.04,294.99,2.96,295.0,11.75
1753547010691,16:23:30.691,AAVE/USDT:USDT,294.95,0.04,294.94,1.35,294.96,0.62,294.97,0.62
1753547010792,16:23:30.792,AAVE/USDT:USDT,294.94,0.02,294.93,0.04,294.95,0.88,294.96,2.73
1753547010891,16:23:30.891,AAVE/USDT:USDT,294.94,3.47,294.92,1.37,294.95,0.15,294.97,2.43
1753547010992,16:23:30.992,AAVE/USDT:USDT,294.94,3.47,294.92,1.37,294.95,0.15,294.98,5.08
1753547011099,16:23:31.099,AAVE/USDT:USDT,294.94,3.47,294.92,1.37,294.95,0.15,294.98,4.7
1753547011191,16:23:31.191,AAVE/USDT:USDT,294.94,3.47,294.92,1.37,294.95,0.15,294.98,4.7
1753547011291,16:23:31.291,AAVE/USDT:USDT,294.94,3.47,294.92,1.37,294.95,0.15,294.98,4.7
1753547011392,16:23:31.392,AAVE/USDT:USDT,294.94,3.47,294.92,1.37,294.95,0.15,294.98,4.7
1753547011491,16:23:31.491,AAVE/USDT:USDT,294.94,3.47,294.92,1.37,294.95,0.15,294.98,4.7
1753547011590,16:23:31.590,AAVE/USDT:USDT,294.95,2.85,294.94,4.97,294.98,3.81,294.99,3.42
1753547011691,16:23:31.691,AAVE/USDT:USDT,294.97,3.01,294.96,5.06,294.98,2.43,294.99,2.09
1753547011791,16:23:31.791,AAVE/USDT:USDT,294.97,3.01,294.96,5.06,294.98,2.43,294.99,2.09
1753547011990,16:23:31.990,AAVE/USDT:USDT,294.97,3.01,294.96,5.06,294.98,2.43,294.99,2.09
1753547012092,16:23:32.092,AAVE/USDT:USDT,294.97,1.63,294.96,3.0,294.98,2.43,294.99,2.09
1753547012191,16:23:32.191,AAVE/USDT:USDT,294.97,1.63,294.96,3.0,294.98,2.43,294.99,2.09
1753547012291,16:23:32.291,AAVE/USDT:USDT,294.97,1.63,294.96,3.0,294.98,2.43,294.99,2.09
1753547012391,16:23:32.391,AAVE/USDT:USDT,294.97,1.63,294.96,3.0,294.98,2.43,294.99,2.09
1753547012491,16:23:32.491,AAVE/USDT:USDT,294.97,0.9,294.96,3.0,294.98,2.43,294.99,2.09
1753547012591,16:23:32.591,AAVE/USDT:USDT,294.97,0.9,294.96,3.0,294.98,2.43,294.99,2.09
1753547012691,16:23:32.691,AAVE/USDT:USDT,294.96,3.0,294.95,3.0,294.97,0.34,294.98,2.43
1753547012791,16:23:32.791,AAVE/USDT:USDT,294.96,3.0,294.95,3.0,294.97,0.34,294.98,2.43
1753547012890,16:23:32.890,AAVE/USDT:USDT,294.96,3.0,294.95,3.0,294.97,0.34,294.98,2.43
1753547012990,16:23:32.990,AAVE/USDT:USDT,294.96,3.0,294.95,3.0,294.97,0.34,294.98,2.43
1753547013091,16:23:33.091,AAVE/USDT:USDT,294.96,3.0,294.95,3.0,294.97,0.34,294.98,2.43
1753547013191,16:23:33.191,AAVE/USDT:USDT,294.96,3.0,294.95,3.0,294.97,0.34,294.98,2.43
1753547013291,16:23:33.291,AAVE/USDT:USDT,294.96,1.78,294.95,3.0,294.97,0.34,294.98,2.43
1753547013391,16:23:33.391,AAVE/USDT:USDT,294.96,1.78,294.95,1.78,294.97,0.34,294.98,2.43
1753547013491,16:23:33.491,AAVE/USDT:USDT,294.95,1.78,294.94,3.05,294.96,0.34,294.97,1.98
1753547013591,16:23:33.591,AAVE/USDT:USDT,294.95,1.78,294.94,3.05,294.96,0.34,294.97,1.98
1753547013691,16:23:33.691,AAVE/USDT:USDT,294.95,1.78,294.94,3.05,294.96,0.34,294.97,1.98
1753547013891,16:23:33.891,AAVE/USDT:USDT,294.95,1.78,294.94,3.05,294.96,0.34,294.97,1.98
1753547013991,16:23:33.991,AAVE/USDT:USDT,294.95,1.78,294.94,3.05,294.96,0.34,294.97,1.98
1753547014090,16:23:34.090,AAVE/USDT:USDT,294.95,1.78,294.94,3.05,294.96,0.34,294.97,0.34
1753547014190,16:23:34.190,AAVE/USDT:USDT,294.95,2.42,294.94,3.05,294.96,0.34,294.97,0.34
1753547014291,16:23:34.291,AAVE/USDT:USDT,294.94,1.02,294.93,0.04,294.95,0.96,294.96,0.34
1753547014391,16:23:34.391,AAVE/USDT:USDT,294.94,1.78,294.92,1.37,294.95,0.62,294.96,0.34
1753547014491,16:23:34.491,AAVE/USDT:USDT,294.94,1.78,294.92,1.37,294.95,0.62,294.96,0.34
1753547014591,16:23:34.591,AAVE/USDT:USDT,294.94,1.78,294.92,1.37,294.95,0.62,294.96,0.34
1753547014691,16:23:34.691,AAVE/USDT:USDT,294.94,5.33,294.93,4.72,294.95,0.62,294.96,0.34
1753547014791,16:23:34.791,AAVE/USDT:USDT,294.94,3.83,294.93,4.72,294.95,0.62,294.96,0.34
1753547014891,16:23:34.891,AAVE/USDT:USDT,294.94,3.83,294.93,4.72,294.95,0.62,294.96,0.34
1753547014990,16:23:34.990,AAVE/USDT:USDT,294.94,3.83,294.93,3.49,294.95,0.62,294.96,0.34
1753547015091,16:23:35.091,AAVE/USDT:USDT,294.94,3.49,294.93,3.49,294.95,0.62,294.96,0.34
1753547015190,16:23:35.190,AAVE/USDT:USDT,294.94,3.49,294.93,4.72,294.95,0.62,294.96,0.34
1753547015291,16:23:35.291,AAVE/USDT:USDT,294.94,3.49,294.93,4.72,294.95,0.62,294.96,0.34
1753547015391,16:23:35.391,AAVE/USDT:USDT,294.94,3.49,294.93,4.72,294.95,0.62,294.96,0.34
1753547015491,16:23:35.491,AAVE/USDT:USDT,294.94,3.49,294.93,4.72,294.95,0.62,294.97,1.63
1753547015591,16:23:35.591,AAVE/USDT:USDT,294.94,3.49,294.93,3.49,294.95,0.62,294.97,1.63
1753547015691,16:23:35.691,AAVE/USDT:USDT,294.94,3.36,294.93,3.49,294.95,0.62,294.97,1.63
1753547015794,16:23:35.794,AAVE/USDT:USDT,294.94,0.89,294.93,1.77,294.95,0.62,294.97,1.63
1753547015891,16:23:35.891,AAVE/USDT:USDT,294.94,0.89,294.93,1.77,294.95,0.62,294.97,1.63
1753547015991,16:23:35.991,AAVE/USDT:USDT,294.94,0.89,294.93,1.77,294.95,0.62,294.97,1.63
1753547016091,16:23:36.091,AAVE/USDT:USDT,294.94,0.89,294.93,1.77,294.95,0.62,294.97,1.63
1753547016191,16:23:36.191,AAVE/USDT:USDT,294.94,0.89,294.93,1.77,294.95,0.62,294.97,1.63
1753547016291,16:23:36.291,AAVE/USDT:USDT,294.94,0.89,294.93,1.77,294.95,0.62,294.97,1.63
1753547016391,16:23:36.391,AAVE/USDT:USDT,294.94,1.75,294.93,1.77,294.95,0.62,294.97,1.63
1753547016491,16:23:36.491,AAVE/USDT:USDT,294.94,1.75,294.93,1.77,294.95,0.62,294.97,1.63
1753547016592,16:23:36.592,AAVE/USDT:USDT,294.94,1.75,294.93,1.77,294.95,0.62,294.97,1.63
1753547016691,16:23:36.691,AAVE/USDT:USDT,294.94,1.75,294.93,1.77,294.95,0.62,294.97,1.63
1753547016791,16:23:36.791,AAVE/USDT:USDT,294.94,1.75,294.93,1.77,294.95,0.62,294.97,1.63
1753547016891,16:23:36.891,AAVE/USDT:USDT,294.94,1.75,294.93,1.77,294.95,0.62,294.97,1.63
1753547016990,16:23:36.990,AAVE/USDT:USDT,294.94,1.75,294.93,1.77,294.95,0.62,294.97,1.63
1753547017091,16:23:37.091,AAVE/USDT:USDT,294.94,1.75,294.93,1.77,294.95,0.62,294.97,1.63
1753547017191,16:23:37.191,AAVE/USDT:USDT,294.94,0.89,294.93,0.89,294.95,0.96,294.97,1.63
1753547017291,16:23:37.291,AAVE/USDT:USDT,294.96,0.74,294.95,3.58,294.97,0.34,294.99,3.42
1753547017391,16:23:37.391,AAVE/USDT:USDT,294.97,0.83,294.96,2.96,294.99,2.09,295.0,8.29
1753547017491,16:23:37.491,AAVE/USDT:USDT,294.98,0.88,294.97,2.69,294.99,0.34,295.0,6.61
1753547017591,16:23:37.591,AAVE/USDT:USDT,294.96,2.96,294.95,1.86,294.97,0.62,294.98,0.34
1753547017691,16:23:37.691,AAVE/USDT:USDT,294.96,2.96,294.95,1.86,294.97,0.62,294.98,0.34
1753547017791,16:23:37.791,AAVE/USDT:USDT,294.96,2.96,294.95,1.86,294.97,0.62,294.98,0.34
1753547017890,16:23:37.890,AAVE/USDT:USDT,294.96,2.96,294.95,3.38,294.97,0.62,295.0,6.65
1753547017991,16:23:37.991,AAVE/USDT:USDT,294.96,2.96,294.95,3.38,294.97,0.62,295.0,6.65
1753547018291,16:23:38.291,AAVE/USDT:USDT,294.96,2.96,294.95,3.38,294.97,0.62,295.0,7.97
1753547018391,16:23:38.391,AAVE/USDT:USDT,294.96,2.96,294.95,3.38,294.97,0.62,295.0,7.97
1753547018591,16:23:38.591,AAVE/USDT:USDT,294.96,2.96,294.95,3.38,294.97,0.62,295.0,7.97
1753547018691,16:23:38.691,AAVE/USDT:USDT,294.96,2.96,294.95,3.38,294.97,0.62,295.0,7.97
1753547018891,16:23:38.891,AAVE/USDT:USDT,294.96,1.77,294.95,3.38,294.97,0.62,295.0,7.97
1753547018990,16:23:38.990,AAVE/USDT:USDT,294.96,1.77,294.95,3.38,294.97,0.62,295.0,7.97
1753547019091,16:23:39.091,AAVE/USDT:USDT,294.96,2.34,294.95,3.38,294.97,0.62,295.0,7.97
1753547019191,16:23:39.191,AAVE/USDT:USDT,294.96,2.34,294.95,3.38,294.97,0.62,295.0,7.97
1753547019291,16:23:39.291,AAVE/USDT:USDT,294.96,2.34,294.95,3.38,294.97,0.62,295.0,7.97
1753547019391,16:23:39.391,AAVE/USDT:USDT,294.96,2.34,294.95,3.38,294.97,0.62,295.0,7.97
1753547019491,16:23:39.491,AAVE/USDT:USDT,294.96,2.34,294.95,3.38,294.97,0.62,295.0,7.97
1753547019591,16:23:39.591,AAVE/USDT:USDT,294.96,2.34,294.95,3.38,294.97,0.62,295.0,7.97
1753547019691,16:23:39.691,AAVE/USDT:USDT,294.96,2.34,294.95,3.38,294.97,0.62,295.0,7.97
1753547019793,16:23:39.793,AAVE/USDT:USDT,294.96,2.34,294.95,3.38,294.97,0.62,295.0,7.97
1753547019892,16:23:39.892,AAVE/USDT:USDT,294.96,2.44,294.95,3.38,294.97,0.62,295.0,7.97
1753547019991,16:23:39.991,AAVE/USDT:USDT,294.96,2.24,294.95,3.38,294.97,0.62,295.0,7.97
1753547020090,16:23:40.090,AAVE/USDT:USDT,294.96,2.24,294.95,3.38,294.97,0.62,295.0,7.97
1753547020191,16:23:40.191,AAVE/USDT:USDT,294.96,2.24,294.95,3.38,294.97,0.62,295.0,7.97
1753547020291,16:23:40.291,AAVE/USDT:USDT,294.96,2.24,294.95,3.38,294.97,0.62,295.0,7.97
1753547020390,16:23:40.390,AAVE/USDT:USDT,294.96,2.24,294.95,3.38,294.97,0.62,295.0,7.97
1753547020491,16:23:40.491,AAVE/USDT:USDT,294.96,2.24,294.95,3.38,294.97,0.62,295.0,7.97
1753547020691,16:23:40.691,AAVE/USDT:USDT,294.96,2.24,294.95,3.38,294.97,0.62,295.0,1.43
1753547020790,16:23:40.790,AAVE/USDT:USDT,294.96,2.24,294.95,3.38,294.97,0.62,295.0,1.43
1753547020891,16:23:40.891,AAVE/USDT:USDT,294.96,2.24,294.95,3.38,294.97,0.62,295.0,1.43
1753547020991,16:23:40.991,AAVE/USDT:USDT,294.96,2.24,294.95,3.38,294.97,0.62,295.0,1.43
1753547021091,16:23:41.091,AAVE/USDT:USDT,294.96,2.24,294.95,3.38,294.97,0.62,295.0,1.43
1753547021191,16:23:41.191,AAVE/USDT:USDT,294.96,2.24,294.95,3.38,294.97,0.62,295.0,1.43
1753547021291,16:23:41.291,AAVE/USDT:USDT,294.96,2.24,294.95,3.38,294.97,0.62,295.0,1.43
1753547021391,16:23:41.391,AAVE/USDT:USDT,294.96,2.24,294.95,3.38,294.97,0.62,295.0,1.43
1753547021491,16:23:41.491,AAVE/USDT:USDT,294.96,2.24,294.95,3.38,294.97,0.62,295.0,1.43
1753547021591,16:23:41.591,AAVE/USDT:USDT,294.96,2.24,294.95,3.38,294.97,0.62,295.0,1.43
1753547021691,16:23:41.691,AAVE/USDT:USDT,294.96,2.24,294.95,3.38,294.97,0.62,295.0,1.43
1753547021891,16:23:41.891,AAVE/USDT:USDT,294.96,2.24,294.95,3.38,294.97,0.62,295.0,1.43
1753547021991,16:23:41.991,AAVE/USDT:USDT,294.96,2.24,294.95,3.38,294.97,0.62,295.0,1.43
1753547022095,16:23:42.095,AAVE/USDT:USDT,294.96,2.24,294.95,3.38,294.97,0.62,295.0,1.43
1753547022291,16:23:42.291,AAVE/USDT:USDT,294.96,2.24,294.95,3.38,294.97,0.62,295.0,1.43
1753547022391,16:23:42.391,AAVE/USDT:USDT,294.99,1.89,294.98,5.37,295.0,0.07,295.01,0.04
1753547022491,16:23:42.491,AAVE/USDT:USDT,294.99,1.89,294.98,4.99,295.0,0.07,295.01,0.04
1753547022591,16:23:42.591,AAVE/USDT:USDT,294.99,1.89,294.98,4.99,295.0,0.07,295.01,0.04
1753547022691,16:23:42.691,AAVE/USDT:USDT,294.99,1.89,294.98,4.99,295.0,0.07,295.01,0.04
1753547022792,16:23:42.792,AAVE/USDT:USDT,294.99,1.89,294.98,4.99,295.0,0.05,295.01,0.04
1753547022891,16:23:42.891,AAVE/USDT:USDT,294.99,1.89,294.98,4.99,295.0,0.05,295.01,0.04
1753547022991,16:23:42.991,AAVE/USDT:USDT,294.99,1.99,294.98,4.99,295.0,0.05,295.01,0.04
1753547023091,16:23:43.091,AAVE/USDT:USDT,294.99,4.21,294.98,6.29,295.0,0.05,295.01,0.04
1753547023191,16:23:43.191,AAVE/USDT:USDT,294.99,4.21,294.98,6.29,295.0,0.05,295.01,0.04
1753547023291,16:23:43.291,AAVE/USDT:USDT,294.99,3.58,294.98,4.99,295.0,0.05,295.01,0.04
1753547023391,16:23:43.391,AAVE/USDT:USDT,294.99,3.58,294.98,4.99,295.0,0.05,295.01,0.04
1753547023491,16:23:43.491,AAVE/USDT:USDT,294.99,3.58,294.98,4.99,295.0,0.05,295.01,0.04
1753547023591,16:23:43.591,AAVE/USDT:USDT,294.99,3.58,294.98,4.99,295.0,0.05,295.01,0.04
1753547023690,16:23:43.690,AAVE/USDT:USDT,294.99,3.58,294.98,4.99,295.0,0.05,295.01,0.04
1753547023793,16:23:43.793,AAVE/USDT:USDT,294.99,1.71,294.98,2.11,295.0,0.05,295.01,0.04
1753547023891,16:23:43.891,AAVE/USDT:USDT,294.99,1.71,294.98,2.11,295.0,0.05,295.01,0.04
1753547023991,16:23:43.991,AAVE/USDT:USDT,294.99,0.98,294.98,1.77,295.0,0.39,295.01,0.04
1753547024092,16:23:44.092,AAVE/USDT:USDT,294.99,0.98,294.98,1.77,295.0,0.39,295.01,0.04
1753547024191,16:23:44.191,AAVE/USDT:USDT,294.99,0.98,294.98,1.77,295.0,0.39,295.01,0.04
1753547024292,16:23:44.292,AAVE/USDT:USDT,294.99,0.1,294.97,1.81,295.0,3.23,295.01,0.04
1753547024391,16:23:44.391,AAVE/USDT:USDT,294.99,0.1,294.97,1.81,295.0,3.23,295.01,0.04
1753547024491,16:23:44.491,AAVE/USDT:USDT,294.99,0.1,294.97,1.81,295.0,3.23,295.01,0.04
1753547024591,16:23:44.591,AAVE/USDT:USDT,294.99,0.1,294.97,0.04,295.0,3.23,295.01,0.04
1753547024691,16:23:44.691,AAVE/USDT:USDT,294.99,0.1,294.97,0.04,295.0,3.23,295.01,0.04
1753547024792,16:23:44.792,AAVE/USDT:USDT,294.97,0.04,294.96,0.04,294.98,1.72,294.99,4.12
1753547024891,16:23:44.891,AAVE/USDT:USDT,294.94,0.02,294.93,0.93,294.95,0.34,294.96,0.92
1753547024992,16:23:44.992,AAVE/USDT:USDT,294.94,0.02,294.93,0.93,294.95,0.24,294.96,0.34
1753547025091,16:23:45.091,AAVE/USDT:USDT,294.94,0.02,294.93,0.93,294.95,0.24,294.96,0.34
1753547025191,16:23:45.191,AAVE/USDT:USDT,294.94,0.02,294.93,0.93,294.95,0.24,294.96,0.34
1753547025292,16:23:45.292,AAVE/USDT:USDT,294.94,0.02,294.93,0.93,294.95,0.24,294.96,0.34
1753547025391,16:23:45.391,AAVE/USDT:USDT,294.94,0.02,294.93,0.93,294.95,0.24,294.96,0.34
1753547025491,16:23:45.491,AAVE/USDT:USDT,294.94,0.02,294.93,0.93,294.95,0.24,294.96,0.34
1753547025591,16:23:45.591,AAVE/USDT:USDT,294.94,0.12,294.93,0.93,294.95,0.24,294.96,0.34
1753547025691,16:23:45.691,AAVE/USDT:USDT,294.94,0.12,294.93,0.93,294.95,0.24,294.96,0.34
1753547025793,16:23:45.793,AAVE/USDT:USDT,294.94,0.12,294.93,0.93,294.95,0.24,294.96,0.34
1753547025891,16:23:45.891,AAVE/USDT:USDT,294.95,1.12,294.94,2.69,294.96,0.62,294.97,0.34
1753547025992,16:23:45.992,AAVE/USDT:USDT,294.95,3.51,294.94,3.92,294.96,0.62,294.98,0.04
1753547026091,16:23:46.091,AAVE/USDT:USDT,294.95,3.51,294.94,3.92,294.96,0.62,294.98,0.04
1753547026192,16:23:46.192,AAVE/USDT:USDT,294.95,3.51,294.94,3.92,294.96,0.62,294.98,0.04
1753547026291,16:23:46.291,AAVE/USDT:USDT,294.95,2.55,294.94,2.59,294.96,0.62,294.98,0.04
1753547026391,16:23:46.391,AAVE/USDT:USDT,294.95,2.55,294.94,2.59,294.96,0.62,294.98,0.04
1753547026491,16:23:46.491,AAVE/USDT:USDT,294.95,2.55,294.94,2.59,294.96,0.62,294.98,0.04
1753547026592,16:23:46.592,AAVE/USDT:USDT,294.95,2.55,294.94,2.59,294.96,0.62,294.98,0.04
1753547026690,16:23:46.690,AAVE/USDT:USDT,294.95,2.55,294.94,2.59,294.96,0.62,294.98,0.04
1753547026791,16:23:46.791,AAVE/USDT:USDT,294.95,2.57,294.94,2.59,294.96,0.62,294.98,0.04
1753547026891,16:23:46.891,AAVE/USDT:USDT,294.95,3.68,294.94,1.48,294.96,0.62,294.98,0.04
1753547026991,16:23:46.991,AAVE/USDT:USDT,294.95,3.68,294.94,2.71,294.96,0.62,294.98,0.04
1753547027091,16:23:47.091,AAVE/USDT:USDT,294.95,3.68,294.94,2.71,294.96,0.62,294.98,0.04
1753547027191,16:23:47.191,AAVE/USDT:USDT,294.95,3.68,294.94,2.71,294.96,0.62,294.98,0.04
1753547027291,16:23:47.291,AAVE/USDT:USDT,294.95,3.68,294.94,2.71,294.96,0.62,294.98,0.04
1753547027391,16:23:47.391,AAVE/USDT:USDT,294.95,3.68,294.94,2.71,294.96,0.62,294.98,0.04
1753547027491,16:23:47.491,AAVE/USDT:USDT,294.95,3.68,294.94,2.71,294.96,0.62,294.98,0.04
1753547027590,16:23:47.590,AAVE/USDT:USDT,294.95,3.68,294.94,2.71,294.96,0.62,294.98,0.04
1753547027692,16:23:47.692,AAVE/USDT:USDT,294.99,4.58,294.98,6.49,295.0,0.02,295.01,0.04
1753547027793,16:23:47.793,AAVE/USDT:USDT,294.99,0.1,294.98,0.17,295.0,1.84,295.01,0.04
1753547027891,16:23:47.891,AAVE/USDT:USDT,294.99,1.21,294.98,0.17,295.0,1.5,295.02,1.29
1753547027991,16:23:47.991,AAVE/USDT:USDT,294.99,1.21,294.98,0.17,295.0,1.5,295.02,1.29
1753547028091,16:23:48.091,AAVE/USDT:USDT,294.99,1.21,294.98,0.17,295.0,1.5,295.02,2.78
1753547028191,16:23:48.191,AAVE/USDT:USDT,294.99,1.21,294.98,0.17,295.0,1.5,295.02,2.78
1753547028291,16:23:48.291,AAVE/USDT:USDT,294.99,2.25,294.98,0.17,295.0,1.5,295.02,2.78
1753547028391,16:23:48.391,AAVE/USDT:USDT,294.99,2.25,294.98,0.17,295.0,0.3,295.02,2.78
1753547028492,16:23:48.492,AAVE/USDT:USDT,294.99,2.25,294.98,0.17,295.0,0.3,295.02,2.78
1753547028591,16:23:48.591,AAVE/USDT:USDT,294.99,2.25,294.98,0.17,295.0,0.3,295.02,2.78
1753547028791,16:23:48.791,AAVE/USDT:USDT,294.99,2.25,294.98,0.17,295.0,0.59,295.02,2.78
1753547028891,16:23:48.891,AAVE/USDT:USDT,294.99,2.25,294.98,0.17,295.0,0.59,295.02,2.78
1753547028991,16:23:48.991,AAVE/USDT:USDT,294.99,2.25,294.98,0.17,295.0,0.59,295.02,2.78
1753547029091,16:23:49.091,AAVE/USDT:USDT,294.99,2.25,294.98,0.17,295.0,0.59,295.02,2.78
1753547029191,16:23:49.191,AAVE/USDT:USDT,294.99,2.25,294.98,0.17,295.0,0.59,295.02,2.78
1753547029290,16:23:49.290,AAVE/USDT:USDT,294.99,2.25,294.98,0.17,295.0,0.59,295.02,2.78
1753547029391,16:23:49.391,AAVE/USDT:USDT,294.99,2.25,294.98,0.17,295.0,0.36,295.02,2.78
1753547029491,16:23:49.491,AAVE/USDT:USDT,294.99,2.25,294.98,0.17,295.0,0.36,295.02,2.78
1753547029591,16:23:49.591,AAVE/USDT:USDT,294.99,2.25,294.98,0.17,295.0,0.36,295.02,2.78
1753547029791,16:23:49.791,AAVE/USDT:USDT,294.99,2.25,294.98,0.17,295.0,0.36,295.02,2.78
1753547029891,16:23:49.891,AAVE/USDT:USDT,294.99,2.25,294.98,0.17,295.0,0.36,295.02,2.78
1753547029990,16:23:49.990,AAVE/USDT:USDT,294.99,2.25,294.98,0.17,295.0,0.36,295.02,2.78
1753547030090,16:23:50.090,AAVE/USDT:USDT,294.99,2.25,294.98,0.17,295.0,0.36,295.02,2.78
1753547030191,16:23:50.191,AAVE/USDT:USDT,294.99,2.25,294.98,0.17,295.0,0.36,295.02,2.78
1753547030291,16:23:50.291,AAVE/USDT:USDT,294.99,2.25,294.98,0.17,295.0,0.02,295.02,0.06
1753547030391,16:23:50.391,AAVE/USDT:USDT,294.99,2.25,294.98,0.17,295.0,0.02,295.02,0.06
1753547030491,16:23:50.491,AAVE/USDT:USDT,294.99,2.25,294.98,0.17,295.0,0.02,295.02,0.06
1753547030591,16:23:50.591,AAVE/USDT:USDT,294.99,2.25,294.98,0.17,295.0,0.02,295.02,0.06
1753547030691,16:23:50.691,AAVE/USDT:USDT,294.99,2.25,294.98,0.17,295.0,0.02,295.02,0.06
1753547030791,16:23:50.791,AAVE/USDT:USDT,294.99,2.25,294.98,0.17,295.0,0.02,295.02,0.06
1753547030891,16:23:50.891,AAVE/USDT:USDT,294.99,2.25,294.98,0.17,295.0,0.02,295.02,0.06
1753547030991,16:23:50.991,AAVE/USDT:USDT,294.99,2.25,294.98,0.17,295.0,0.02,295.02,0.06
1753547031091,16:23:51.091,AAVE/USDT:USDT,294.99,2.25,294.98,0.17,295.0,0.02,295.02,0.06
1753547031190,16:23:51.190,AAVE/USDT:USDT,294.99,2.25,294.98,0.17,295.0,0.02,295.02,0.06
1753547031291,16:23:51.291,AAVE/USDT:USDT,294.99,2.25,294.98,0.17,295.0,0.02,295.02,1.33
1753547031391,16:23:51.391,AAVE/USDT:USDT,294.99,2.25,294.98,0.17,295.0,0.02,295.02,1.33
1753547031490,16:23:51.490,AAVE/USDT:USDT,294.99,2.25,294.98,0.17,295.0,0.02,295.02,1.33
1753547031590,16:23:51.590,AAVE/USDT:USDT,294.99,2.25,294.98,0.17,295.0,0.02,295.02,1.33
1753547031690,16:23:51.690,AAVE/USDT:USDT,294.99,2.25,294.98,0.17,295.0,0.02,295.02,1.33
1753547031793,16:23:51.793,AAVE/USDT:USDT,294.99,2.25,294.98,0.17,295.0,0.02,295.02,1.33
1753547031891,16:23:51.891,AAVE/USDT:USDT,294.99,3.29,294.98,0.17,295.0,0.02,295.02,1.33
1753547031991,16:23:51.991,AAVE/USDT:USDT,294.99,3.29,294.98,0.17,295.0,0.02,295.02,1.33
1753547032190,16:23:52.190,AAVE/USDT:USDT,294.99,3.29,294.98,0.17,295.0,0.02,295.02,1.33
1753547032291,16:23:52.291,AAVE/USDT:USDT,294.99,3.29,294.98,0.17,295.0,0.02,295.02,1.33
1753547032391,16:23:52.391,AAVE/USDT:USDT,294.99,3.29,294.98,0.17,295.0,0.02,295.02,1.33
1753547032491,16:23:52.491,AAVE/USDT:USDT,294.99,3.29,294.98,0.17,295.0,0.02,295.02,1.33
1753547032590,16:23:52.590,AAVE/USDT:USDT,294.99,3.29,294.98,0.17,295.0,0.02,295.02,1.33
1753547032691,16:23:52.691,AAVE/USDT:USDT,294.99,3.29,294.98,0.17,295.0,0.02,295.02,1.33
1753547032791,16:23:52.791,AAVE/USDT:USDT,294.99,3.29,294.98,0.17,295.0,0.02,295.02,1.33
1753547032891,16:23:52.891,AAVE/USDT:USDT,294.99,2.12,294.98,0.17,295.0,0.02,295.02,1.33
1753547032991,16:23:52.991,AAVE/USDT:USDT,294.99,3.54,294.98,0.17,295.0,0.02,295.02,1.33
1753547033091,16:23:53.091,AAVE/USDT:USDT,294.99,3.54,294.98,0.17,295.0,0.02,295.02,1.33
1753547033191,16:23:53.191,AAVE/USDT:USDT,294.99,3.54,294.98,0.17,295.0,0.02,295.02,1.33
1753547033291,16:23:53.291,AAVE/USDT:USDT,294.99,3.54,294.98,0.17,295.0,0.02,295.02,1.33
1753547033391,16:23:53.391,AAVE/USDT:USDT,294.99,3.54,294.98,0.17,295.0,0.02,295.02,1.33
1753547033591,16:23:53.591,AAVE/USDT:USDT,294.99,3.54,294.98,0.17,295.0,0.02,295.02,1.33
1753547033691,16:23:53.691,AAVE/USDT:USDT,294.99,2.56,294.98,0.17,295.0,0.02,295.02,1.33
1753547033791,16:23:53.791,AAVE/USDT:USDT,294.99,2.56,294.98,0.17,295.0,0.02,295.02,1.33
1753547033891,16:23:53.891,AAVE/USDT:USDT,294.99,2.56,294.98,0.17,295.0,0.02,295.02,1.33
1753547033991,16:23:53.991,AAVE/USDT:USDT,294.99,2.56,294.98,0.17,295.0,0.02,295.02,1.33
1753547034091,16:23:54.091,AAVE/USDT:USDT,294.99,2.56,294.98,0.17,295.0,0.02,295.02,1.33
1753547034191,16:23:54.191,AAVE/USDT:USDT,294.99,2.56,294.98,0.17,295.0,0.02,295.02,1.33
1753547034291,16:23:54.291,AAVE/USDT:USDT,294.99,2.56,294.98,0.17,295.0,0.02,295.02,1.33
1753547034390,16:23:54.390,AAVE/USDT:USDT,294.99,3.57,294.98,0.17,295.0,0.02,295.02,1.33
1753547034491,16:23:54.491,AAVE/USDT:USDT,294.99,3.57,294.98,0.17,295.0,0.02,295.02,1.33
1753547034792,16:23:54.792,AAVE/USDT:USDT,294.99,2.57,294.98,0.17,295.0,0.17,295.02,1.33
1753547034891,16:23:54.891,AAVE/USDT:USDT,294.99,2.57,294.98,0.17,295.0,0.17,295.02,1.33
1753547034991,16:23:54.991,AAVE/USDT:USDT,294.99,2.61,294.98,0.17,295.0,0.17,295.02,1.33
1753547035091,16:23:55.091,AAVE/USDT:USDT,294.99,2.61,294.98,0.17,295.0,0.17,295.02,1.33
1753547035191,16:23:55.191,AAVE/USDT:USDT,294.99,2.61,294.98,0.17,295.0,0.17,295.02,1.33
1753547035291,16:23:55.291,AAVE/USDT:USDT,294.99,2.61,294.98,0.17,295.0,0.17,295.02,1.33
1753547035391,16:23:55.391,AAVE/USDT:USDT,294.99,2.61,294.98,0.17,295.0,0.17,295.02,1.33
1753547035491,16:23:55.491,AAVE/USDT:USDT,294.99,2.61,294.98,0.17,295.0,0.17,295.02,1.33
1753547035691,16:23:55.691,AAVE/USDT:USDT,294.99,2.61,294.98,0.17,295.0,0.17,295.02,1.33
1753547035793,16:23:55.793,AAVE/USDT:USDT,294.99,2.61,294.98,0.17,295.0,0.17,295.02,1.33
1753547035891,16:23:55.891,AAVE/USDT:USDT,294.99,2.61,294.98,0.17,295.0,0.17,295.02,1.33
1753547035991,16:23:55.991,AAVE/USDT:USDT,294.99,2.99,294.98,0.17,295.0,0.17,295.02,1.33
1753547036091,16:23:56.091,AAVE/USDT:USDT,294.99,2.99,294.98,0.17,295.0,0.17,295.02,1.33
1753547036191,16:23:56.191,AAVE/USDT:USDT,294.99,2.99,294.98,0.17,295.0,0.17,295.02,1.33
1753547036291,16:23:56.291,AAVE/USDT:USDT,294.99,2.99,294.98,0.17,295.0,0.17,295.02,1.33
1753547036391,16:23:56.391,AAVE/USDT:USDT,294.99,2.99,294.98,0.17,295.0,0.17,295.02,1.33
1753547036491,16:23:56.491,AAVE/USDT:USDT,294.99,2.99,294.98,0.17,295.0,0.17,295.02,1.33
1753547036591,16:23:56.591,AAVE/USDT:USDT,294.99,2.99,294.98,0.17,295.0,0.17,295.02,1.33
1753547036690,16:23:56.690,AAVE/USDT:USDT,294.99,2.99,294.98,0.17,295.0,0.17,295.02,1.33
1753547036791,16:23:56.791,AAVE/USDT:USDT,294.99,2.99,294.98,0.17,295.0,0.17,295.02,1.33
1753547036890,16:23:56.890,AAVE/USDT:USDT,294.99,2.99,294.98,0.17,295.0,0.17,295.02,1.33
1753547036991,16:23:56.991,AAVE/USDT:USDT,294.99,2.99,294.98,0.17,295.0,0.17,295.02,1.33
1753547037091,16:23:57.091,AAVE/USDT:USDT,294.99,2.99,294.98,0.17,295.0,0.17,295.02,1.33
1753547037191,16:23:57.191,AAVE/USDT:USDT,294.99,2.99,294.98,0.17,295.0,0.17,295.02,1.33
1753547037291,16:23:57.291,AAVE/USDT:USDT,294.99,2.99,294.98,0.17,295.0,0.17,295.02,1.33
1753547037391,16:23:57.391,AAVE/USDT:USDT,294.99,2.99,294.98,0.17,295.0,0.17,295.02,1.33
1753547037491,16:23:57.491,AAVE/USDT:USDT,294.99,2.99,294.98,0.17,295.0,0.17,295.02,1.33
1753547037591,16:23:57.591,AAVE/USDT:USDT,294.99,2.99,294.98,0.17,295.0,0.17,295.02,1.33
1753547037691,16:23:57.691,AAVE/USDT:USDT,294.99,2.99,294.98,0.17,295.0,0.17,295.02,1.33
1753547037793,16:23:57.793,AAVE/USDT:USDT,294.99,2.99,294.98,0.17,295.0,0.17,295.02,1.33
1753547037891,16:23:57.891,AAVE/USDT:USDT,294.99,4.65,294.98,0.17,295.0,0.17,295.02,1.33
1753547037991,16:23:57.991,AAVE/USDT:USDT,294.99,4.65,294.98,0.17,295.0,0.17,295.02,1.33
1753547038090,16:23:58.090,AAVE/USDT:USDT,294.99,4.65,294.98,0.17,295.0,0.17,295.02,1.33
1753547038191,16:23:58.191,AAVE/USDT:USDT,294.99,4.67,294.98,0.17,295.0,0.17,295.02,1.33
1753547038291,16:23:58.291,AAVE/USDT:USDT,294.99,4.67,294.98,0.17,295.0,0.17,295.02,1.33
1753547038410,16:23:58.410,AAVE/USDT:USDT,294.99,4.67,294.98,0.17,295.0,0.17,295.02,1.33
1753547038491,16:23:58.491,AAVE/USDT:USDT,294.99,4.67,294.98,0.17,295.0,0.02,295.02,1.33
1753547038592,16:23:58.592,AAVE/USDT:USDT,294.99,4.67,294.98,0.17,295.0,0.02,295.02,1.33
1753547038691,16:23:58.691,AAVE/USDT:USDT,294.99,4.67,294.98,0.17,295.0,0.02,295.02,1.33
1753547038792,16:23:58.792,AAVE/USDT:USDT,294.99,4.67,294.98,0.17,295.0,0.02,295.02,1.33
1753547038891,16:23:58.891,AAVE/USDT:USDT,294.99,4.67,294.98,0.17,295.0,0.02,295.02,1.33
1753547038991,16:23:58.991,AAVE/USDT:USDT,294.99,4.69,294.98,0.17,295.0,0.02,295.02,1.33
1753547039091,16:23:59.091,AAVE/USDT:USDT,294.99,4.69,294.98,0.17,295.0,0.02,295.02,1.33
1753547039191,16:23:59.191,AAVE/USDT:USDT,294.99,4.69,294.98,0.17,295.0,0.02,295.02,1.33
1753547039391,16:23:59.391,AAVE/USDT:USDT,294.99,4.69,294.98,0.17,295.0,0.02,295.02,1.33
1753547039491,16:23:59.491,AAVE/USDT:USDT,294.99,4.69,294.98,0.17,295.0,0.02,295.02,1.33
1753547039591,16:23:59.591,AAVE/USDT:USDT,294.99,4.69,294.98,0.17,295.0,0.02,295.02,1.33
1753547039690,16:23:59.690,AAVE/USDT:USDT,294.99,4.69,294.98,0.17,295.0,0.02,295.02,1.33
1753547039891,16:23:59.891,AAVE/USDT:USDT,294.99,4.69,294.98,0.17,295.0,0.02,295.02,1.33
1753547039991,16:23:59.991,AAVE/USDT:USDT,294.99,4.65,294.98,0.17,295.0,0.02,295.02,1.33
1753547040091,16:24:00.091,AAVE/USDT:USDT,294.99,4.65,294.98,0.17,295.0,0.15,295.02,1.33
1753547040291,16:24:00.291,AAVE/USDT:USDT,294.99,4.65,294.98,0.17,295.0,0.15,295.02,1.33
1753547040391,16:24:00.391,AAVE/USDT:USDT,294.99,4.65,294.98,0.17,295.0,0.15,295.02,1.33
1753547040491,16:24:00.491,AAVE/USDT:USDT,294.99,4.65,294.98,0.17,295.0,0.15,295.02,1.33
1753547040590,16:24:00.590,AAVE/USDT:USDT,294.99,4.65,294.98,0.17,295.0,0.15,295.02,1.33
1753547040691,16:24:00.691,AAVE/USDT:USDT,294.99,4.65,294.98,0.17,295.0,0.15,295.02,1.33
1753547040791,16:24:00.791,AAVE/USDT:USDT,294.99,4.65,294.98,0.17,295.0,0.15,295.02,1.33
1753547040991,16:24:00.991,AAVE/USDT:USDT,294.99,4.64,294.98,0.17,295.0,0.15,295.02,1.33
1753547041190,16:24:01.190,AAVE/USDT:USDT,294.99,4.64,294.98,0.17,295.0,0.15,295.02,1.33
1753547041291,16:24:01.291,AAVE/USDT:USDT,294.99,4.64,294.98,0.17,295.0,0.15,295.02,1.33
1753547041591,16:24:01.591,AAVE/USDT:USDT,294.99,4.64,294.98,0.17,295.0,0.15,295.02,1.33
1753547041691,16:24:01.691,AAVE/USDT:USDT,294.99,4.64,294.98,0.17,295.0,0.15,295.02,1.33
1753547041891,16:24:01.891,AAVE/USDT:USDT,294.99,4.64,294.98,0.17,295.0,0.15,295.02,1.33
1753547041991,16:24:01.991,AAVE/USDT:USDT,294.99,4.64,294.98,0.17,295.0,0.15,295.02,1.33
1753547042091,16:24:02.091,AAVE/USDT:USDT,294.99,4.64,294.98,0.17,295.0,0.15,295.02,1.33
1753547042291,16:24:02.291,AAVE/USDT:USDT,294.99,4.64,294.98,0.17,295.0,0.15,295.02,1.33
1753547042491,16:24:02.491,AAVE/USDT:USDT,294.99,4.64,294.98,0.17,295.0,0.15,295.02,1.33
1753547042691,16:24:02.691,AAVE/USDT:USDT,294.99,4.64,294.98,0.17,295.0,0.15,295.02,1.33
1753547042791,16:24:02.791,AAVE/USDT:USDT,294.99,4.64,294.98,0.17,295.0,0.15,295.02,1.33
1753547042891,16:24:02.891,AAVE/USDT:USDT,294.99,4.64,294.98,0.17,295.0,0.15,295.02,1.33
1753547042991,16:24:02.991,AAVE/USDT:USDT,294.99,4.64,294.98,0.17,295.0,0.15,295.02,1.33
1753547043091,16:24:03.091,AAVE/USDT:USDT,294.99,4.64,294.98,0.17,295.0,0.15,295.02,1.33
1753547043191,16:24:03.191,AAVE/USDT:USDT,294.99,4.64,294.98,0.17,295.0,0.15,295.02,1.33
1753547043291,16:24:03.291,AAVE/USDT:USDT,294.99,4.64,294.98,0.17,295.0,0.15,295.02,1.33
1753547043391,16:24:03.391,AAVE/USDT:USDT,294.99,4.64,294.98,0.17,295.0,0.15,295.02,1.33
1753547043793,16:24:03.793,AAVE/USDT:USDT,294.99,4.64,294.98,0.17,295.0,0.15,295.02,1.33
1753547043890,16:24:03.890,AAVE/USDT:USDT,294.99,4.64,294.98,0.17,295.0,0.15,295.02,1.33
1753547044091,16:24:04.091,AAVE/USDT:USDT,294.99,4.64,294.98,0.17,295.0,0.15,295.02,1.33
1753547044191,16:24:04.191,AAVE/USDT:USDT,294.99,4.64,294.98,0.17,295.0,0.15,295.02,1.33
1753547044291,16:24:04.291,AAVE/USDT:USDT,295.02,5.95,295.01,3.63,295.03,0.03,295.04,0.44
1753547044391,16:24:04.391,AAVE/USDT:USDT,295.02,5.95,295.01,3.56,295.03,0.03,295.04,0.44
1753547044491,16:24:04.491,AAVE/USDT:USDT,295.02,5.95,295.01,3.56,295.03,0.03,295.04,0.44
1753547044591,16:24:04.591,AAVE/USDT:USDT,295.02,5.33,295.01,3.56,295.03,0.03,295.04,0.44
1753547044791,16:24:04.791,AAVE/USDT:USDT,295.02,5.33,295.01,3.56,295.03,0.03,295.04,0.44
1753547044891,16:24:04.891,AAVE/USDT:USDT,295.02,5.81,295.01,3.56,295.03,0.03,295.04,0.44
1753547044991,16:24:04.991,AAVE/USDT:USDT,295.02,6.88,295.01,3.56,295.03,0.03,295.04,0.44
1753547045090,16:24:05.090,AAVE/USDT:USDT,295.02,8.31,295.01,3.56,295.03,0.03,295.04,0.44
1753547045191,16:24:05.191,AAVE/USDT:USDT,295.02,8.31,295.01,3.56,295.03,0.03,295.04,0.44
1753547045291,16:24:05.291,AAVE/USDT:USDT,295.02,8.31,295.01,3.56,295.03,0.03,295.04,0.44
1753547045391,16:24:05.391,AAVE/USDT:USDT,295.02,8.31,295.01,3.56,295.03,0.03,295.04,0.44
1753547045491,16:24:05.491,AAVE/USDT:USDT,295.02,8.31,295.01,5.08,295.03,0.03,295.04,0.44
1753547045591,16:24:05.591,AAVE/USDT:USDT,295.02,8.31,295.01,5.08,295.03,0.03,295.04,0.44
1753547045691,16:24:05.691,AAVE/USDT:USDT,295.02,8.32,295.01,5.08,295.03,0.03,295.04,0.44
1753547045794,16:24:05.794,AAVE/USDT:USDT,295.02,8.32,295.01,5.08,295.03,0.03,295.04,0.44
1753547045891,16:24:05.891,AAVE/USDT:USDT,295.02,8.32,295.01,5.08,295.03,0.03,295.04,0.44
1753547045991,16:24:05.991,AAVE/USDT:USDT,295.02,8.32,295.01,5.08,295.03,0.03,295.04,0.44
1753547046090,16:24:06.090,AAVE/USDT:USDT,295.02,8.32,295.01,5.08,295.03,0.03,295.04,0.44
1753547046191,16:24:06.191,AAVE/USDT:USDT,295.02,8.32,295.01,5.08,295.03,0.03,295.04,0.44
1753547046291,16:24:06.291,AAVE/USDT:USDT,295.02,8.32,295.01,5.08,295.03,0.03,295.04,0.44
1753547046391,16:24:06.391,AAVE/USDT:USDT,295.02,8.32,295.01,5.08,295.03,0.03,295.04,0.44
1753547046490,16:24:06.490,AAVE/USDT:USDT,295.02,8.32,295.01,5.08,295.03,0.03,295.04,0.44
1753547046591,16:24:06.591,AAVE/USDT:USDT,295.02,8.32,295.01,5.08,295.03,0.03,295.04,0.44
1753547046791,16:24:06.791,AAVE/USDT:USDT,295.02,8.32,295.01,5.08,295.03,0.03,295.04,0.44
1753547046891,16:24:06.891,AAVE/USDT:USDT,295.02,8.32,295.01,5.08,295.03,0.01,295.04,0.44
1753547047091,16:24:07.091,AAVE/USDT:USDT,295.02,8.32,295.01,5.08,295.03,0.01,295.04,0.44
1753547047191,16:24:07.191,AAVE/USDT:USDT,295.02,8.32,295.01,5.08,295.03,0.01,295.04,0.44
1753547047291,16:24:07.291,AAVE/USDT:USDT,295.02,8.32,295.01,5.08,295.03,0.01,295.04,0.44
1753547047391,16:24:07.391,AAVE/USDT:USDT,295.02,8.32,295.01,5.08,295.03,0.01,295.04,0.44
1753547047491,16:24:07.491,AAVE/USDT:USDT,295.02,7.75,295.01,5.08,295.03,0.01,295.04,0.44
1753547047591,16:24:07.591,AAVE/USDT:USDT,295.02,7.75,295.01,5.08,295.03,0.01,295.04,0.44
1753547047692,16:24:07.692,AAVE/USDT:USDT,295.02,7.75,295.01,5.08,295.03,0.01,295.04,0.44
1753547047791,16:24:07.791,AAVE/USDT:USDT,295.02,5.9,295.01,3.58,295.03,0.01,295.04,0.44
1753547047891,16:24:07.891,AAVE/USDT:USDT,295.02,5.42,295.01,3.58,295.03,0.01,295.04,0.44
1753547047991,16:24:07.991,AAVE/USDT:USDT,295.02,5.03,295.01,3.58,295.03,0.01,295.04,0.44
1753547048091,16:24:08.091,AAVE/USDT:USDT,295.02,5.03,295.01,3.58,295.03,0.01,295.04,0.44
1753547048191,16:24:08.191,AAVE/USDT:USDT,295.02,5.03,295.01,3.58,295.03,0.01,295.04,0.44
1753547048291,16:24:08.291,AAVE/USDT:USDT,295.02,5.03,295.01,3.58,295.03,0.01,295.04,0.44
1753547048391,16:24:08.391,AAVE/USDT:USDT,295.02,5.03,295.01,3.58,295.03,0.01,295.04,0.44
1753547048491,16:24:08.491,AAVE/USDT:USDT,295.02,2.97,295.01,1.52,295.03,0.35,295.04,0.44
1753547048594,16:24:08.594,AAVE/USDT:USDT,295.02,2.97,295.01,1.52,295.03,0.35,295.04,0.44
1753547048691,16:24:08.691,AAVE/USDT:USDT,295.02,2.97,295.01,1.52,295.03,0.35,295.04,0.44
1753547048791,16:24:08.791,AAVE/USDT:USDT,295.02,2.97,295.01,1.52,295.03,0.35,295.04,0.44
1753547048891,16:24:08.891,AAVE/USDT:USDT,295.02,2.97,295.01,1.52,295.03,0.35,295.04,0.44
1753547048992,16:24:08.992,AAVE/USDT:USDT,295.02,2.97,295.01,1.52,295.03,0.35,295.04,0.44
1753547049091,16:24:09.091,AAVE/USDT:USDT,295.02,2.97,295.01,1.52,295.03,0.35,295.04,0.44
1753547049192,16:24:09.192,AAVE/USDT:USDT,295.02,2.97,295.01,1.52,295.03,0.35,295.04,0.44
1753547049291,16:24:09.291,AAVE/USDT:USDT,295.02,2.97,295.01,1.52,295.03,0.35,295.04,0.44
1753547049390,16:24:09.390,AAVE/USDT:USDT,295.02,2.97,295.01,1.52,295.03,0.35,295.04,0.44
1753547049491,16:24:09.491,AAVE/USDT:USDT,295.02,2.97,295.01,1.52,295.03,0.35,295.04,0.44
1753547049590,16:24:09.590,AAVE/USDT:USDT,295.02,2.97,295.01,1.52,295.03,0.35,295.04,0.44
1753547049691,16:24:09.691,AAVE/USDT:USDT,295.02,2.97,295.01,1.52,295.03,0.35,295.04,0.44
1753547049891,16:24:09.891,AAVE/USDT:USDT,295.02,2.97,295.01,1.52,295.03,0.35,295.04,0.44
1753547049991,16:24:09.991,AAVE/USDT:USDT,295.02,2.97,295.01,1.52,295.03,0.35,295.04,0.44
1753547050091,16:24:10.091,AAVE/USDT:USDT,295.02,1.89,295.01,1.52,295.03,0.35,295.04,0.44
1753547050191,16:24:10.191,AAVE/USDT:USDT,295.02,3.31,295.01,1.52,295.03,0.35,295.04,0.44
1753547050292,16:24:10.292,AAVE/USDT:USDT,295.02,3.41,295.01,1.52,295.03,0.35,295.04,0.44
1753547050391,16:24:10.391,AAVE/USDT:USDT,295.02,3.41,295.01,1.52,295.03,0.35,295.04,0.44
1753547050491,16:24:10.491,AAVE/USDT:USDT,295.02,3.41,295.01,1.52,295.03,0.35,295.04,0.44
1753547050591,16:24:10.591,AAVE/USDT:USDT,295.02,3.41,295.01,1.52,295.03,0.35,295.04,0.44
1753547050691,16:24:10.691,AAVE/USDT:USDT,295.02,3.41,295.01,1.52,295.03,0.35,295.04,0.44
1753547050791,16:24:10.791,AAVE/USDT:USDT,295.02,3.41,295.01,1.52,295.03,0.35,295.04,0.44
1753547050890,16:24:10.890,AAVE/USDT:USDT,295.02,3.41,295.01,1.52,295.03,0.01,295.04,0.44
1753547051091,16:24:11.091,AAVE/USDT:USDT,295.02,3.41,295.01,4.23,295.03,0.01,295.04,0.44
1753547051191,16:24:11.191,AAVE/USDT:USDT,295.02,3.37,295.01,4.23,295.03,0.01,295.04,0.44
1753547051291,16:24:11.291,AAVE/USDT:USDT,295.02,3.37,295.01,4.23,295.03,0.01,295.04,0.44
1753547051391,16:24:11.391,AAVE/USDT:USDT,295.02,3.37,295.01,4.23,295.03,0.01,295.04,0.44
1753547051691,16:24:11.691,AAVE/USDT:USDT,295.02,3.37,295.01,4.23,295.03,0.01,295.04,0.44
1753547051794,16:24:11.794,AAVE/USDT:USDT,295.02,3.37,295.01,4.23,295.03,0.01,295.04,0.44
1753547051891,16:24:11.891,AAVE/USDT:USDT,295.02,3.37,295.01,4.23,295.03,0.01,295.04,0.44
1753547052191,16:24:12.191,AAVE/USDT:USDT,295.02,3.37,295.01,4.23,295.03,0.01,295.04,0.44
1753547052290,16:24:12.290,AAVE/USDT:USDT,295.02,3.37,295.01,4.23,295.03,0.01,295.04,0.44
1753547052391,16:24:12.391,AAVE/USDT:USDT,295.02,3.37,295.01,4.23,295.03,0.01,295.04,0.44
1753547052491,16:24:12.491,AAVE/USDT:USDT,295.02,3.37,295.01,4.23,295.03,0.01,295.04,0.44
1753547052590,16:24:12.590,AAVE/USDT:USDT,295.02,3.37,295.01,4.23,295.03,0.01,295.04,0.44
1753547052991,16:24:12.991,AAVE/USDT:USDT,295.02,3.37,295.01,4.23,295.03,0.01,295.04,0.44
1753547053191,16:24:13.191,AAVE/USDT:USDT,295.02,3.37,295.01,4.23,295.03,0.01,295.04,0.44
1753547053291,16:24:13.291,AAVE/USDT:USDT,295.02,3.37,295.01,4.23,295.03,0.01,295.04,0.44
1753547053392,16:24:13.392,AAVE/USDT:USDT,295.02,3.37,295.01,4.23,295.03,0.01,295.04,0.44
1753547053491,16:24:13.491,AAVE/USDT:USDT,295.02,3.37,295.01,4.23,295.03,0.01,295.04,0.44
1753547053591,16:24:13.591,AAVE/USDT:USDT,295.02,3.37,295.01,4.23,295.03,0.01,295.04,0.44
1753547053691,16:24:13.691,AAVE/USDT:USDT,295.02,3.37,295.01,4.23,295.03,0.01,295.04,0.44
1753547053991,16:24:13.991,AAVE/USDT:USDT,295.02,3.37,295.01,4.23,295.03,0.01,295.04,0.44
1753547054090,16:24:14.090,AAVE/USDT:USDT,295.02,3.37,295.01,4.23,295.03,0.01,295.04,0.44
1753547054191,16:24:14.191,AAVE/USDT:USDT,295.02,3.37,295.01,4.23,295.03,0.01,295.04,0.44
1753547054292,16:24:14.292,AAVE/USDT:USDT,295.02,3.37,295.01,4.23,295.03,0.01,295.04,0.44
1753547054391,16:24:14.391,AAVE/USDT:USDT,295.02,3.37,295.01,4.23,295.03,0.01,295.04,0.44
1753547054491,16:24:14.491,AAVE/USDT:USDT,295.02,3.37,295.01,4.23,295.03,0.01,295.04,0.44
1753547054591,16:24:14.591,AAVE/USDT:USDT,295.02,3.37,295.01,4.23,295.03,0.01,295.04,0.44
1753547054691,16:24:14.691,AAVE/USDT:USDT,295.02,3.37,295.01,4.23,295.03,0.01,295.04,0.44
1753547054791,16:24:14.791,AAVE/USDT:USDT,295.02,3.37,295.01,4.23,295.03,0.01,295.04,0.44
1753547054891,16:24:14.891,AAVE/USDT:USDT,295.02,3.37,295.01,4.23,295.03,0.01,295.04,0.44
1753547055191,16:24:15.191,AAVE/USDT:USDT,295.02,3.37,295.01,4.23,295.03,0.01,295.04,0.44
1753547055291,16:24:15.291,AAVE/USDT:USDT,295.02,3.39,295.01,4.23,295.03,0.01,295.04,0.44
1753547055391,16:24:15.391,AAVE/USDT:USDT,295.02,3.39,295.01,4.23,295.03,0.01,295.04,0.44
1753547055492,16:24:15.492,AAVE/USDT:USDT,295.02,3.04,295.01,2.71,295.03,9.0,295.04,8.53
1753547055591,16:24:15.591,AAVE/USDT:USDT,295.02,3.08,295.01,2.71,295.03,6.7,295.04,6.6
1753547055691,16:24:15.691,AAVE/USDT:USDT,295.02,3.08,295.0,3.77,295.03,6.7,295.04,6.6
1753547055793,16:24:15.793,AAVE/USDT:USDT,295.02,3.08,295.0,3.77,295.03,6.65,295.04,6.66
1753547055891,16:24:15.891,AAVE/USDT:USDT,295.02,3.08,295.0,3.62,295.03,6.65,295.04,6.66
1753547055991,16:24:15.991,AAVE/USDT:USDT,295.02,2.08,295.0,3.62,295.03,6.65,295.04,5.97
1753547056091,16:24:16.091,AAVE/USDT:USDT,295.02,2.08,295.0,3.62,295.03,3.59,295.04,6.64
1753547056191,16:24:16.191,AAVE/USDT:USDT,295.02,2.08,295.0,3.62,295.03,3.59,295.04,9.64
1753547056391,16:24:16.391,AAVE/USDT:USDT,295.02,2.08,295.0,3.62,295.03,3.59,295.04,9.64
1753547056491,16:24:16.491,AAVE/USDT:USDT,295.02,2.08,295.0,3.62,295.03,1.98,295.04,3.46
1753547056591,16:24:16.591,AAVE/USDT:USDT,295.02,2.08,295.0,3.62,295.03,1.98,295.04,0.46
1753547056691,16:24:16.691,AAVE/USDT:USDT,295.02,2.08,295.0,3.62,295.03,1.98,295.04,0.46
1753547056792,16:24:16.792,AAVE/USDT:USDT,295.02,2.08,295.0,3.62,295.03,1.98,295.04,0.46
1753547056891,16:24:16.891,AAVE/USDT:USDT,295.02,2.08,295.0,3.62,295.03,1.98,295.04,0.46
1753547056991,16:24:16.991,AAVE/USDT:USDT,295.02,2.08,295.0,3.62,295.03,1.98,295.04,0.45
1753547057091,16:24:17.091,AAVE/USDT:USDT,295.02,2.08,295.0,3.62,295.03,1.98,295.04,0.45
1753547057191,16:24:17.191,AAVE/USDT:USDT,295.02,2.08,295.01,2.71,295.03,0.01,295.04,0.4
1753547057291,16:24:17.291,AAVE/USDT:USDT,295.02,2.74,295.01,2.71,295.03,0.01,295.04,0.4
1753547057391,16:24:17.391,AAVE/USDT:USDT,295.02,2.74,295.01,2.71,295.03,0.01,295.04,0.4
1753547057491,16:24:17.491,AAVE/USDT:USDT,295.02,2.74,295.01,2.71,295.03,0.01,295.04,0.4
1753547057591,16:24:17.591,AAVE/USDT:USDT,295.02,2.74,295.01,4.23,295.03,0.01,295.04,0.4
1753547057691,16:24:17.691,AAVE/USDT:USDT,295.02,2.74,295.01,4.23,295.03,0.01,295.04,0.4
1753547057792,16:24:17.792,AAVE/USDT:USDT,295.02,2.74,295.01,4.23,295.03,0.01,295.04,0.4
1753547057891,16:24:17.891,AAVE/USDT:USDT,295.02,2.74,295.01,4.23,295.03,0.01,295.04,0.4
1753547057991,16:24:17.991,AAVE/USDT:USDT,295.02,2.74,295.01,4.23,295.03,0.01,295.04,0.4
1753547058091,16:24:18.091,AAVE/USDT:USDT,295.02,2.74,295.01,4.23,295.03,0.01,295.04,0.4
1753547058191,16:24:18.191,AAVE/USDT:USDT,295.02,2.74,295.01,4.23,295.03,0.01,295.04,0.4
1753547058291,16:24:18.291,AAVE/USDT:USDT,295.02,2.74,295.01,4.23,295.03,0.01,295.04,0.4
1753547058390,16:24:18.390,AAVE/USDT:USDT,295.02,2.74,295.01,4.23,295.03,0.01,295.04,0.4
1753547058491,16:24:18.491,AAVE/USDT:USDT,295.02,2.74,295.01,4.23,295.03,0.01,295.04,0.4
1753547058591,16:24:18.591,AAVE/USDT:USDT,295.02,2.74,295.01,4.23,295.03,0.01,295.04,0.4
1753547058691,16:24:18.691,AAVE/USDT:USDT,295.02,2.74,295.01,4.23,295.03,0.01,295.04,0.4
1753547058791,16:24:18.791,AAVE/USDT:USDT,295.02,2.74,295.01,4.23,295.03,0.01,295.04,0.4
1753547058891,16:24:18.891,AAVE/USDT:USDT,295.02,2.74,295.01,4.23,295.03,0.01,295.04,0.4
1753547058991,16:24:18.991,AAVE/USDT:USDT,295.02,2.74,295.01,4.23,295.03,0.01,295.04,0.4
1753547059091,16:24:19.091,AAVE/USDT:USDT,295.02,2.74,295.01,4.23,295.03,0.01,295.04,0.4
1753547059191,16:24:19.191,AAVE/USDT:USDT,295.02,2.74,295.01,4.23,295.03,0.01,295.04,0.4
1753547059291,16:24:19.291,AAVE/USDT:USDT,295.02,2.81,295.01,4.23,295.03,0.01,295.04,0.4
1753547059492,16:24:19.492,AAVE/USDT:USDT,295.04,7.67,295.03,6.17,295.05,0.04,295.06,3.72
1753547059591,16:24:19.591,AAVE/USDT:USDT,295.04,4.7,295.03,4.7,295.05,0.04,295.06,3.72
1753547059691,16:24:19.691,AAVE/USDT:USDT,295.04,4.7,295.03,4.7,295.05,0.04,295.06,3.72
1753547059791,16:24:19.791,AAVE/USDT:USDT,295.04,4.7,295.03,4.7,295.05,0.04,295.06,3.72
1753547059891,16:24:19.891,AAVE/USDT:USDT,295.04,4.7,295.03,4.7,295.05,0.04,295.06,3.72
1753547059991,16:24:19.991,AAVE/USDT:USDT,295.04,4.7,295.03,4.7,295.05,0.04,295.06,3.72
1753547060091,16:24:20.091,AAVE/USDT:USDT,295.04,1.12,295.03,2.64,295.05,0.23,295.06,5.59
1753547060191,16:24:20.191,AAVE/USDT:USDT,295.04,1.25,295.03,2.64,295.05,0.23,295.06,5.59
1753547060291,16:24:20.291,AAVE/USDT:USDT,295.04,2.13,295.03,2.64,295.05,0.04,295.06,3.72
1753547060391,16:24:20.391,AAVE/USDT:USDT,295.04,2.13,295.03,2.64,295.05,0.04,295.06,3.72
1753547060491,16:24:20.491,AAVE/USDT:USDT,295.04,2.13,295.03,4.41,295.05,0.04,295.06,3.72
1753547060591,16:24:20.591,AAVE/USDT:USDT,295.04,2.13,295.03,4.41,295.05,0.04,295.06,3.72
1753547060691,16:24:20.691,AAVE/USDT:USDT,295.04,2.13,295.03,4.41,295.05,0.04,295.06,3.72
1753547060791,16:24:20.791,AAVE/USDT:USDT,295.04,2.13,295.03,4.41,295.05,0.04,295.06,3.72
1753547060892,16:24:20.892,AAVE/USDT:USDT,295.04,2.13,295.03,4.41,295.05,0.04,295.06,3.72
1753547060991,16:24:20.991,AAVE/USDT:USDT,295.04,2.13,295.03,4.41,295.05,0.04,295.06,3.72
1753547061095,16:24:21.095,AAVE/USDT:USDT,295.04,2.13,295.03,4.41,295.05,0.04,295.06,3.72
1753547061191,16:24:21.191,AAVE/USDT:USDT,295.04,2.13,295.03,4.41,295.05,0.04,295.06,3.72
1753547061291,16:24:21.291,AAVE/USDT:USDT,295.04,2.13,295.03,3.56,295.05,0.04,295.06,3.72
1753547061391,16:24:21.391,AAVE/USDT:USDT,295.04,2.13,295.03,3.56,295.05,0.04,295.06,3.72
1753547061491,16:24:21.491,AAVE/USDT:USDT,295.04,2.13,295.03,3.56,295.05,0.04,295.06,3.72
1753547061691,16:24:21.691,AAVE/USDT:USDT,295.04,3.04,295.03,3.56,295.05,0.04,295.06,3.72
1753547061793,16:24:21.793,AAVE/USDT:USDT,295.04,3.04,295.03,3.56,295.05,0.04,295.06,3.72
1753547061891,16:24:21.891,AAVE/USDT:USDT,295.04,3.04,295.03,3.56,295.05,0.04,295.06,3.72
1753547061991,16:24:21.991,AAVE/USDT:USDT,295.04,3.04,295.03,3.56,295.05,0.04,295.06,3.72
1753547062091,16:24:22.091,AAVE/USDT:USDT,295.04,3.04,295.03,3.56,295.05,0.04,295.06,3.72
1753547062191,16:24:22.191,AAVE/USDT:USDT,295.04,3.04,295.03,3.56,295.05,0.04,295.06,3.72
1753547062491,16:24:22.491,AAVE/USDT:USDT,295.04,2.91,295.02,2.71,295.05,2.48,295.06,7.55
1753547062591,16:24:22.591,AAVE/USDT:USDT,295.04,2.91,295.02,2.71,295.05,2.48,295.06,7.55
1753547062691,16:24:22.691,AAVE/USDT:USDT,295.04,2.91,295.02,2.71,295.05,2.48,295.06,7.55
1753547062792,16:24:22.792,AAVE/USDT:USDT,295.04,2.91,295.02,2.71,295.05,2.48,295.06,7.55
1753547062892,16:24:22.892,AAVE/USDT:USDT,295.04,2.91,295.02,2.71,295.05,1.76,295.06,5.69
1753547062991,16:24:22.991,AAVE/USDT:USDT,295.04,2.91,295.02,2.71,295.05,1.76,295.06,5.69
1753547063091,16:24:23.091,AAVE/USDT:USDT,295.04,2.91,295.02,2.71,295.05,0.89,295.06,5.69
1753547063191,16:24:23.191,AAVE/USDT:USDT,295.04,2.91,295.02,2.71,295.05,0.89,295.06,5.69
1753547063291,16:24:23.291,AAVE/USDT:USDT,295.04,2.93,295.02,2.71,295.05,0.89,295.06,5.69
1753547063391,16:24:23.391,AAVE/USDT:USDT,295.04,2.93,295.02,2.71,295.05,0.89,295.06,3.72
1753547063490,16:24:23.490,AAVE/USDT:USDT,295.04,2.93,295.02,2.71,295.05,0.89,295.06,3.72
1753547063591,16:24:23.591,AAVE/USDT:USDT,295.04,2.93,295.03,2.71,295.05,0.89,295.06,3.72
1753547063691,16:24:23.691,AAVE/USDT:USDT,295.04,2.93,295.03,2.71,295.05,0.04,295.06,3.72
1753547063791,16:24:23.791,AAVE/USDT:USDT,295.04,2.93,295.03,2.71,295.05,0.04,295.06,3.72
1753547063891,16:24:23.891,AAVE/USDT:USDT,295.04,2.93,295.03,2.71,295.05,0.04,295.06,3.72
1753547063991,16:24:23.991,AAVE/USDT:USDT,295.04,2.93,295.03,2.71,295.05,0.04,295.06,3.72
1753547064091,16:24:24.091,AAVE/USDT:USDT,295.04,2.93,295.03,2.71,295.05,0.04,295.06,3.72
1753547064190,16:24:24.190,AAVE/USDT:USDT,295.04,2.93,295.03,2.71,295.05,0.04,295.06,3.72
1753547064291,16:24:24.291,AAVE/USDT:USDT,295.04,2.93,295.03,2.71,295.05,0.04,295.06,3.72
1753547064391,16:24:24.391,AAVE/USDT:USDT,295.04,2.93,295.03,2.71,295.05,0.04,295.06,5.57
1753547064491,16:24:24.491,AAVE/USDT:USDT,295.04,2.93,295.03,2.71,295.05,0.04,295.06,5.57
1753547064591,16:24:24.591,AAVE/USDT:USDT,295.04,2.93,295.03,2.71,295.05,0.04,295.06,5.57
1753547064691,16:24:24.691,AAVE/USDT:USDT,295.04,2.93,295.03,2.71,295.05,0.04,295.06,5.57
1753547064790,16:24:24.790,AAVE/USDT:USDT,295.04,2.93,295.03,2.71,295.05,0.04,295.06,5.57
1753547064891,16:24:24.891,AAVE/USDT:USDT,295.04,2.93,295.03,2.71,295.05,0.04,295.06,5.57
1753547065190,16:24:25.190,AAVE/USDT:USDT,295.04,2.93,295.03,2.71,295.05,0.04,295.06,5.57
1753547065291,16:24:25.291,AAVE/USDT:USDT,295.04,2.93,295.03,2.71,295.05,0.04,295.06,3.72
1753547065391,16:24:25.391,AAVE/USDT:USDT,295.04,2.93,295.03,2.71,295.05,0.04,295.06,3.72
1753547065491,16:24:25.491,AAVE/USDT:USDT,295.04,2.93,295.03,2.71,295.05,0.04,295.06,3.72
1753547065591,16:24:25.591,AAVE/USDT:USDT,295.04,2.93,295.03,2.71,295.05,0.04,295.06,5.57
1753547065691,16:24:25.691,AAVE/USDT:USDT,295.04,2.93,295.01,4.03,295.05,3.83,295.06,9.18
1753547065794,16:24:25.794,AAVE/USDT:USDT,295.04,2.93,295.01,4.03,295.05,3.83,295.06,9.18
1753547065891,16:24:25.891,AAVE/USDT:USDT,295.04,2.93,295.01,4.03,295.05,3.83,295.06,9.18
1753547065991,16:24:25.991,AAVE/USDT:USDT,295.04,2.93,295.01,1.32,295.05,3.83,295.06,9.18
1753547066090,16:24:26.090,AAVE/USDT:USDT,295.04,2.93,295.01,1.32,295.05,3.83,295.06,9.18
1753547066191,16:24:26.191,AAVE/USDT:USDT,295.04,2.93,295.01,1.32,295.05,3.11,295.06,7.43
1753547066291,16:24:26.291,AAVE/USDT:USDT,295.04,0.9,295.01,1.32,295.05,1.23,295.06,5.57
1753547066391,16:24:26.391,AAVE/USDT:USDT,295.04,3.29,295.01,1.32,295.05,1.23,295.06,5.57
1753547066491,16:24:26.491,AAVE/USDT:USDT,295.04,3.29,295.01,1.32,295.05,1.23,295.06,5.57
1753547066591,16:24:26.591,AAVE/USDT:USDT,295.04,3.29,295.01,1.32,295.05,1.23,295.06,5.57
1753547066791,16:24:26.791,AAVE/USDT:USDT,295.04,3.29,295.03,2.71,295.05,0.38,295.06,5.57
1753547066891,16:24:26.891,AAVE/USDT:USDT,295.04,3.29,295.03,2.71,295.05,0.38,295.06,5.57
1753547066990,16:24:26.990,AAVE/USDT:USDT,295.04,3.29,295.03,2.71,295.05,0.38,295.06,5.57
1753547067091,16:24:27.091,AAVE/USDT:USDT,295.04,3.29,295.03,2.71,295.05,0.38,295.06,5.57
1753547067290,16:24:27.290,AAVE/USDT:USDT,295.04,3.29,295.03,2.71,295.05,0.38,295.06,3.72
1753547067391,16:24:27.391,AAVE/USDT:USDT,295.04,3.29,295.03,2.71,295.05,0.38,295.06,3.72
1753547067491,16:24:27.491,AAVE/USDT:USDT,295.04,3.29,295.03,2.71,295.05,0.38,295.06,3.72
1753547067590,16:24:27.590,AAVE/USDT:USDT,295.04,3.29,295.03,2.71,295.05,0.38,295.06,5.39
1753547067691,16:24:27.691,AAVE/USDT:USDT,295.04,3.29,295.03,2.71,295.05,0.38,295.06,5.39
1753547067791,16:24:27.791,AAVE/USDT:USDT,295.04,3.29,295.03,2.71,295.05,0.38,295.06,5.39
1753547067891,16:24:27.891,AAVE/USDT:USDT,295.04,3.29,295.03,2.71,295.05,0.38,295.06,5.39
1753547067991,16:24:27.991,AAVE/USDT:USDT,295.04,3.29,295.03,2.71,295.05,0.38,295.06,3.72
1753547068091,16:24:28.091,AAVE/USDT:USDT,295.04,3.29,295.03,2.71,295.05,0.38,295.06,3.72
1753547068191,16:24:28.191,AAVE/USDT:USDT,295.04,3.29,295.03,2.71,295.05,0.38,295.06,3.72
1753547068391,16:24:28.391,AAVE/USDT:USDT,295.04,3.29,295.03,2.71,295.05,0.38,295.06,3.72
1753547068491,16:24:28.491,AAVE/USDT:USDT,295.04,3.29,295.03,2.71,295.05,0.38,295.06,3.72
1753547068591,16:24:28.591,AAVE/USDT:USDT,295.04,3.29,295.03,2.71,295.05,0.38,295.06,3.72
1753547068691,16:24:28.691,AAVE/USDT:USDT,295.04,3.29,295.03,2.71,295.05,0.38,295.06,3.72
1753547068890,16:24:28.890,AAVE/USDT:USDT,295.04,3.29,295.03,2.71,295.05,0.38,295.06,3.72
1753547068991,16:24:28.991,AAVE/USDT:USDT,295.04,3.29,295.03,2.71,295.05,0.38,295.06,3.72
1753547069091,16:24:29.091,AAVE/USDT:USDT,295.04,3.29,295.03,2.71,295.05,0.38,295.06,3.72
1753547069191,16:24:29.191,AAVE/USDT:USDT,295.04,3.29,295.03,2.71,295.05,0.38,295.06,3.72
1753547069291,16:24:29.291,AAVE/USDT:USDT,295.04,3.29,295.03,2.71,295.05,0.38,295.06,3.72
1753547069391,16:24:29.391,AAVE/USDT:USDT,295.04,3.29,295.03,2.71,295.05,0.38,295.06,3.72
1753547069491,16:24:29.491,AAVE/USDT:USDT,295.04,3.29,295.03,2.71,295.05,0.38,295.06,3.72
1753547069591,16:24:29.591,AAVE/USDT:USDT,295.04,3.29,295.03,2.71,295.05,0.38,295.06,3.72
1753547069691,16:24:29.691,AAVE/USDT:USDT,295.04,3.29,295.03,2.71,295.05,0.38,295.06,3.72
1753547069793,16:24:29.793,AAVE/USDT:USDT,295.04,3.29,295.03,2.71,295.05,0.13,295.06,3.72
1753547069891,16:24:29.891,AAVE/USDT:USDT,295.04,3.29,295.03,2.71,295.05,0.13,295.06,3.72
1753547070091,16:24:30.091,AAVE/USDT:USDT,295.04,3.29,295.03,2.71,295.05,0.13,295.06,3.72
1753547070191,16:24:30.191,AAVE/USDT:USDT,295.04,3.29,295.03,2.71,295.05,0.13,295.06,3.72
1753547070291,16:24:30.291,AAVE/USDT:USDT,295.04,3.29,295.03,2.71,295.05,0.13,295.06,3.72
1753547070391,16:24:30.391,AAVE/USDT:USDT,295.04,3.29,295.03,2.71,295.05,0.13,295.06,3.72
1753547070492,16:24:30.492,AAVE/USDT:USDT,295.04,3.29,295.03,2.71,295.05,0.13,295.06,3.72
1753547070591,16:24:30.591,AAVE/USDT:USDT,295.04,3.29,295.03,2.71,295.05,0.13,295.06,3.72
1753547070691,16:24:30.691,AAVE/USDT:USDT,295.04,3.29,295.03,4.03,295.05,0.13,295.06,3.72
1753547070791,16:24:30.791,AAVE/USDT:USDT,295.04,3.29,295.03,4.03,295.05,0.13,295.06,3.72
1753547070891,16:24:30.891,AAVE/USDT:USDT,295.04,3.29,295.03,4.03,295.05,0.13,295.06,3.72
1753547070991,16:24:30.991,AAVE/USDT:USDT,295.04,3.29,295.03,4.03,295.05,0.13,295.06,3.72
1753547071091,16:24:31.091,AAVE/USDT:USDT,295.04,3.29,295.03,4.03,295.05,0.13,295.06,3.72
1753547071191,16:24:31.191,AAVE/USDT:USDT,295.04,3.29,295.03,2.71,295.05,0.13,295.06,0.05
1753547071292,16:24:31.292,AAVE/USDT:USDT,295.07,5.02,295.06,4.64,295.08,0.02,295.09,1.39
1753547071391,16:24:31.391,AAVE/USDT:USDT,295.07,5.02,295.06,4.97,295.08,0.02,295.09,0.05
1753547071491,16:24:31.491,AAVE/USDT:USDT,295.07,5.02,295.06,4.97,295.08,0.02,295.09,0.05
1753547071591,16:24:31.591,AAVE/USDT:USDT,295.07,5.02,295.06,4.97,295.08,0.02,295.09,0.05
1753547071691,16:24:31.691,AAVE/USDT:USDT,295.07,7.41,295.06,4.97,295.08,0.02,295.09,0.05
1753547071792,16:24:31.792,AAVE/USDT:USDT,295.07,7.41,295.06,4.97,295.08,0.02,295.09,0.05
1753547071891,16:24:31.891,AAVE/USDT:USDT,295.07,7.41,295.06,4.97,295.08,0.02,295.09,0.05
