timestamp,time,exchange,symbol,bid1_price,bid1_volume,bid2_price,bid2_volume,ask1_price,ask1_volume,ask2_price,ask2_volume
1753591883918,04:51:23.918,binance,ACT/USDT:USDT,0.04578,12886.0,0.04577,30362.0,0.04579,12906.0,0.0458,30500.0
1753591884102,04:51:24.102,binance,ACT/USDT:USDT,0.04578,12886.0,0.04577,30362.0,0.04579,12906.0,0.0458,30500.0
1753591884269,04:51:24.269,binance,ACT/USDT:USDT,0.04578,12886.0,0.04577,30362.0,0.04579,12906.0,0.0458,30500.0
1753591884472,04:51:24.472,binance,ACT/USDT:USDT,0.04578,12886.0,0.04577,30362.0,0.04579,12906.0,0.0458,30500.0
1753591885272,04:51:25.272,binance,ACT/USDT:USDT,0.04578,13162.0,0.04577,30362.0,0.04579,13016.0,0.0458,30500.0
1753591885402,04:51:25.402,binance,ACT/USDT:USDT,0.04578,13162.0,0.04577,30362.0,0.04579,13016.0,0.0458,30500.0
1753591885546,04:51:25.546,binance,ACT/USDT:USDT,0.04578,13162.0,0.04577,30362.0,0.04579,13016.0,0.0458,33454.0
1753591885876,04:51:25.876,binance,ACT/USDT:USDT,0.04578,13162.0,0.04577,30362.0,0.04579,13016.0,0.0458,33454.0
1753591886001,04:51:26.001,binance,ACT/USDT:USDT,0.04578,13162.0,0.04577,30362.0,0.04579,13016.0,0.0458,33454.0
1753591886464,04:51:26.464,binance,ACT/USDT:USDT,0.04578,13162.0,0.04577,30362.0,0.04579,13016.0,0.0458,33454.0
1753591886578,04:51:26.578,binance,ACT/USDT:USDT,0.04578,13162.0,0.04577,30362.0,0.04579,13016.0,0.0458,33454.0
1753591886798,04:51:26.798,binance,ACT/USDT:USDT,0.04578,13162.0,0.04577,30362.0,0.04579,13016.0,0.0458,33454.0
1753591887563,04:51:27.563,binance,ACT/USDT:USDT,0.04578,12886.0,0.04577,30362.0,0.04579,13016.0,0.0458,33454.0
1753591888702,04:51:28.702,binance,ACT/USDT:USDT,0.04578,12886.0,0.04577,30362.0,0.04579,13016.0,0.0458,33454.0
1753591889651,04:51:29.651,binance,ACT/USDT:USDT,0.04578,12886.0,0.04577,30362.0,0.04579,12464.0,0.0458,28568.0
1753591889787,04:51:29.787,binance,ACT/USDT:USDT,0.04578,12886.0,0.04577,30362.0,0.04579,12464.0,0.0458,28568.0
1753591889902,04:51:29.902,binance,ACT/USDT:USDT,0.04578,12886.0,0.04577,30362.0,0.04579,12464.0,0.0458,28568.0
1753591890327,04:51:30.327,binance,ACT/USDT:USDT,0.04578,12886.0,0.04577,30362.0,0.04579,12464.0,0.0458,28568.0
1753591890446,04:51:30.446,binance,ACT/USDT:USDT,0.04578,12886.0,0.04577,30362.0,0.04579,12464.0,0.0458,28568.0
1753591890623,04:51:30.623,binance,ACT/USDT:USDT,0.04578,12886.0,0.04577,30362.0,0.04579,12464.0,0.0458,28568.0
1753591891107,04:51:31.107,binance,ACT/USDT:USDT,0.04578,13162.0,0.04577,30362.0,0.04579,12224.0,0.0458,19040.0
1753591891279,04:51:31.279,binance,ACT/USDT:USDT,0.04578,13162.0,0.04577,30362.0,0.04579,12224.0,0.0458,19040.0
1753591891602,04:51:31.602,binance,ACT/USDT:USDT,0.04578,13162.0,0.04577,30362.0,0.04579,12224.0,0.0458,19040.0
1753591891806,04:51:31.806,binance,ACT/USDT:USDT,0.04578,13162.0,0.04577,30362.0,0.04579,12224.0,0.0458,19040.0
1753591892102,04:51:32.102,binance,ACT/USDT:USDT,0.04578,13162.0,0.04577,30362.0,0.04579,12224.0,0.0458,19040.0
1753591892237,04:51:32.237,binance,ACT/USDT:USDT,0.04578,13162.0,0.04577,30362.0,0.04579,12224.0,0.0458,18736.0
1753591892515,04:51:32.515,binance,ACT/USDT:USDT,0.04578,13162.0,0.04577,30362.0,0.04579,12224.0,0.0458,18736.0
1753591892702,04:51:32.702,binance,ACT/USDT:USDT,0.04578,13162.0,0.04577,30362.0,0.04579,12224.0,0.0458,18736.0
1753591893302,04:51:33.302,binance,ACT/USDT:USDT,0.04578,13162.0,0.04577,30362.0,0.04579,1071.0,0.0458,18736.0
1753591893409,04:51:33.409,binance,ACT/USDT:USDT,0.04578,13162.0,0.04577,30362.0,0.04579,1071.0,0.0458,18321.0
1753591893556,04:51:33.556,binance,ACT/USDT:USDT,0.04578,13162.0,0.04577,30362.0,0.04579,1071.0,0.0458,22225.0
1753591893818,04:51:33.818,binance,ACT/USDT:USDT,0.04578,13162.0,0.04577,30362.0,0.04579,1071.0,0.0458,22225.0
1753591894339,04:51:34.339,binance,ACT/USDT:USDT,0.04578,13162.0,0.04577,30362.0,0.04579,1071.0,0.0458,22225.0
1753591894859,04:51:34.859,binance,ACT/USDT:USDT,0.04578,13162.0,0.04577,30362.0,0.04579,1071.0,0.0458,22225.0
1753591894962,04:51:34.962,binance,ACT/USDT:USDT,0.04578,13162.0,0.04577,30362.0,0.04579,1071.0,0.0458,22225.0
1753591895399,04:51:35.399,binance,ACT/USDT:USDT,0.04578,13162.0,0.04577,30362.0,0.04579,1071.0,0.0458,22225.0
1753591895613,04:51:35.613,binance,ACT/USDT:USDT,0.04578,13162.0,0.04577,30362.0,0.04579,920.0,0.0458,22225.0
1753591897156,04:51:37.156,binance,ACT/USDT:USDT,0.04578,12069.0,0.04577,37174.0,0.04579,675.0,0.0458,21971.0
1753591897592,04:51:37.592,binance,ACT/USDT:USDT,0.04578,12069.0,0.04577,37174.0,0.04579,675.0,0.0458,21971.0
1753591897794,04:51:37.794,binance,ACT/USDT:USDT,0.04579,5995.0,0.04578,16988.0,0.0458,20897.0,0.04581,45384.0
1753591897900,04:51:37.900,binance,ACT/USDT:USDT,0.04579,5995.0,0.04578,16988.0,0.0458,20897.0,0.04581,46632.0
1753591898039,04:51:38.039,binance,ACT/USDT:USDT,0.04579,5995.0,0.04578,16988.0,0.0458,20744.0,0.04581,46632.0
1753591898142,04:51:38.142,binance,ACT/USDT:USDT,0.04579,5995.0,0.04578,16988.0,0.0458,20744.0,0.04581,46632.0
1753591898278,04:51:38.278,binance,ACT/USDT:USDT,0.04579,5995.0,0.04578,16988.0,0.0458,20981.0,0.04581,46632.0
1753591898451,04:51:38.451,binance,ACT/USDT:USDT,0.04579,5995.0,0.04578,16988.0,0.0458,20981.0,0.04581,46632.0
1753591898560,04:51:38.560,binance,ACT/USDT:USDT,0.04579,5995.0,0.04578,16988.0,0.0458,20744.0,0.04581,46632.0
1753591898734,04:51:38.734,binance,ACT/USDT:USDT,0.04579,5995.0,0.04578,16988.0,0.0458,20744.0,0.04581,46632.0
1753591898882,04:51:38.882,binance,ACT/USDT:USDT,0.04579,5995.0,0.04578,16988.0,0.0458,20744.0,0.04581,46632.0
1753591899042,04:51:39.042,binance,ACT/USDT:USDT,0.04579,5995.0,0.04578,16988.0,0.0458,20960.0,0.04581,46632.0
1753591899144,04:51:39.144,binance,ACT/USDT:USDT,0.04579,5995.0,0.04578,16988.0,0.0458,20960.0,0.04581,46632.0
1753591899552,04:51:39.552,binance,ACT/USDT:USDT,0.04579,6271.0,0.04578,16988.0,0.0458,20960.0,0.04581,41632.0
1753591899659,04:51:39.659,binance,ACT/USDT:USDT,0.04579,6271.0,0.04578,16988.0,0.0458,20960.0,0.04581,37108.0
1753591899788,04:51:39.788,binance,ACT/USDT:USDT,0.04579,6271.0,0.04578,16988.0,0.0458,13393.0,0.04581,37108.0
1753591899992,04:51:39.992,binance,ACT/USDT:USDT,0.04579,6271.0,0.04578,16988.0,0.0458,13393.0,0.04581,31691.0
1753591900114,04:51:40.114,binance,ACT/USDT:USDT,0.04579,6271.0,0.04578,16988.0,0.0458,13393.0,0.04581,31691.0
1753591900251,04:51:40.251,binance,ACT/USDT:USDT,0.04579,6271.0,0.04578,16988.0,0.0458,10362.0,0.04581,27562.0
1753591900458,04:51:40.458,binance,ACT/USDT:USDT,0.04579,6271.0,0.04578,16988.0,0.0458,8622.0,0.04581,20556.0
1753591900564,04:51:40.564,binance,ACT/USDT:USDT,0.04579,6271.0,0.04578,16988.0,0.0458,8622.0,0.04581,20556.0
1753591900702,04:51:40.702,binance,ACT/USDT:USDT,0.04579,6271.0,0.04578,16988.0,0.0458,4626.0,0.04581,17746.0
1753591900843,04:51:40.843,binance,ACT/USDT:USDT,0.04579,6271.0,0.04578,16988.0,0.0458,722.0,0.04581,17746.0
1753591900962,04:51:40.962,binance,ACT/USDT:USDT,0.04579,6271.0,0.04578,16988.0,0.0458,722.0,0.04581,17746.0
1753591901065,04:51:41.065,binance,ACT/USDT:USDT,0.04579,6271.0,0.04578,16988.0,0.0458,722.0,0.04581,21847.0
1753591901219,04:51:41.219,binance,ACT/USDT:USDT,0.04579,6271.0,0.04578,16988.0,0.0458,722.0,0.04581,21847.0
1753591901788,04:51:41.788,binance,ACT/USDT:USDT,0.04579,6271.0,0.04578,16988.0,0.0458,722.0,0.04581,21847.0
1753591901902,04:51:41.902,binance,ACT/USDT:USDT,0.04579,6271.0,0.04578,16988.0,0.0458,722.0,0.04581,21847.0
1753591902252,04:51:42.252,binance,ACT/USDT:USDT,0.04579,6271.0,0.04578,16988.0,0.0458,9116.0,0.04581,19884.0
1753591902355,04:51:42.355,binance,ACT/USDT:USDT,0.04579,6271.0,0.04578,16988.0,0.0458,9116.0,0.04581,19884.0
1753591902566,04:51:42.566,binance,ACT/USDT:USDT,0.04579,6271.0,0.04578,16988.0,0.0458,9116.0,0.04581,19884.0
1753591902802,04:51:42.802,binance,ACT/USDT:USDT,0.04579,6271.0,0.04578,16988.0,0.0458,9116.0,0.04581,19884.0
1753591903066,04:51:43.066,binance,ACT/USDT:USDT,0.04579,6271.0,0.04578,16988.0,0.0458,9116.0,0.04581,19884.0
1753591903402,04:51:43.402,binance,ACT/USDT:USDT,0.04579,6271.0,0.04578,16988.0,0.0458,9116.0,0.04581,19884.0
1753591903513,04:51:43.513,binance,ACT/USDT:USDT,0.04579,6271.0,0.04578,16988.0,0.0458,9116.0,0.04581,19884.0
1753591903938,04:51:43.938,binance,ACT/USDT:USDT,0.04579,6271.0,0.04578,16988.0,0.0458,9116.0,0.04581,19884.0
1753591904102,04:51:44.102,binance,ACT/USDT:USDT,0.04579,6271.0,0.04578,16988.0,0.0458,9116.0,0.04581,19884.0
1753591904502,04:51:44.502,binance,ACT/USDT:USDT,0.04579,6271.0,0.04578,16988.0,0.0458,9116.0,0.04581,19884.0
1753591904841,04:51:44.841,binance,ACT/USDT:USDT,0.04579,6271.0,0.04578,16988.0,0.0458,9116.0,0.04581,19884.0
1753591904943,04:51:44.943,binance,ACT/USDT:USDT,0.04579,6271.0,0.04578,16988.0,0.0458,9116.0,0.04581,19884.0
1753591905102,04:51:45.102,binance,ACT/USDT:USDT,0.04579,6271.0,0.04578,16988.0,0.0458,9116.0,0.04581,19884.0
1753591905229,04:51:45.229,binance,ACT/USDT:USDT,0.04579,6384.0,0.04578,16988.0,0.0458,9116.0,0.04581,19884.0
1753591905702,04:51:45.702,binance,ACT/USDT:USDT,0.04579,6384.0,0.04578,16988.0,0.0458,9116.0,0.04581,18706.0
1753591906072,04:51:46.072,binance,ACT/USDT:USDT,0.04579,6384.0,0.04578,16988.0,0.0458,9116.0,0.04581,18706.0
1753591906302,04:51:46.302,binance,ACT/USDT:USDT,0.04579,6384.0,0.04578,16988.0,0.0458,9116.0,0.04581,18706.0
1753591906692,04:51:46.692,binance,ACT/USDT:USDT,0.04579,6384.0,0.04578,16988.0,0.0458,9226.0,0.04581,18706.0
1753591906799,04:51:46.799,binance,ACT/USDT:USDT,0.04579,6384.0,0.04578,16988.0,0.0458,9226.0,0.04581,18706.0
1753591906902,04:51:46.902,binance,ACT/USDT:USDT,0.04579,6384.0,0.04578,16988.0,0.0458,9226.0,0.04581,18706.0
1753591907157,04:51:47.157,binance,ACT/USDT:USDT,0.04579,6384.0,0.04578,16988.0,0.0458,9226.0,0.04581,18706.0
1753591907281,04:51:47.281,binance,ACT/USDT:USDT,0.04579,6384.0,0.04578,16988.0,0.0458,9226.0,0.04581,18706.0
1753591907390,04:51:47.390,binance,ACT/USDT:USDT,0.04579,6384.0,0.04578,16988.0,0.0458,9226.0,0.04581,18706.0
1753591907502,04:51:47.502,binance,ACT/USDT:USDT,0.04579,6384.0,0.04578,16988.0,0.0458,9226.0,0.04581,18706.0
1753591908102,04:51:48.102,binance,ACT/USDT:USDT,0.04579,6384.0,0.04578,16988.0,0.0458,9226.0,0.04581,18706.0
1753591908228,04:51:48.228,binance,ACT/USDT:USDT,0.04579,6384.0,0.04578,16988.0,0.0458,9226.0,0.04581,18706.0
1753591908658,04:51:48.658,binance,ACT/USDT:USDT,0.04579,6384.0,0.04578,16988.0,0.0458,9226.0,0.04581,18706.0
1753591908828,04:51:48.828,binance,ACT/USDT:USDT,0.04579,6384.0,0.04578,16988.0,0.0458,9226.0,0.04581,18706.0
1753591908956,04:51:48.956,binance,ACT/USDT:USDT,0.04579,6384.0,0.04578,16988.0,0.0458,9226.0,0.04581,18706.0
1753591909109,04:51:49.109,binance,ACT/USDT:USDT,0.04579,6384.0,0.04578,16988.0,0.0458,9226.0,0.04581,18706.0
1753591909218,04:51:49.218,binance,ACT/USDT:USDT,0.04579,6384.0,0.04578,16988.0,0.0458,9226.0,0.04581,18706.0
1753591909702,04:51:49.702,binance,ACT/USDT:USDT,0.04579,6384.0,0.04578,16988.0,0.0458,9226.0,0.04581,18706.0
1753591910201,04:51:50.201,binance,ACT/USDT:USDT,0.04579,6384.0,0.04578,16988.0,0.0458,9226.0,0.04581,18706.0
1753591910302,04:51:50.302,binance,ACT/USDT:USDT,0.04579,6384.0,0.04578,16988.0,0.0458,9226.0,0.04581,18706.0
1753591910445,04:51:50.445,binance,ACT/USDT:USDT,0.04579,16505.0,0.04578,6803.0,0.0458,9226.0,0.04581,18706.0
1753591910864,04:51:50.864,binance,ACT/USDT:USDT,0.04579,16505.0,0.04578,6803.0,0.0458,9226.0,0.04581,18706.0
1753591911002,04:51:51.002,binance,ACT/USDT:USDT,0.04579,16505.0,0.04578,6803.0,0.0458,9226.0,0.04581,18706.0
1753591911502,04:51:51.502,binance,ACT/USDT:USDT,0.04579,16884.0,0.04578,6803.0,0.0458,9226.0,0.04581,18706.0
1753591911775,04:51:51.775,binance,ACT/USDT:USDT,0.04579,16608.0,0.04578,1884.0,0.0458,9226.0,0.04581,18706.0
1753591911897,04:51:51.897,binance,ACT/USDT:USDT,0.04579,16608.0,0.04578,18042.0,0.0458,9226.0,0.04581,18706.0
1753591912020,04:51:52.020,binance,ACT/USDT:USDT,0.04579,16884.0,0.04578,18042.0,0.0458,9226.0,0.04581,18706.0
1753591912147,04:51:52.147,binance,ACT/USDT:USDT,0.04579,16884.0,0.04578,18042.0,0.0458,9226.0,0.04581,18706.0
1753591912532,04:51:52.532,binance,ACT/USDT:USDT,0.04579,16884.0,0.04578,18042.0,0.0458,9226.0,0.04581,15930.0
1753591912702,04:51:52.702,binance,ACT/USDT:USDT,0.04579,16884.0,0.04578,18042.0,0.0458,9226.0,0.04581,15930.0
1753591913102,04:51:53.102,binance,ACT/USDT:USDT,0.04579,16884.0,0.04578,18042.0,0.0458,9226.0,0.04581,15930.0
1753591913702,04:51:53.702,binance,ACT/USDT:USDT,0.04579,16884.0,0.04578,18042.0,0.0458,9226.0,0.04581,15930.0
1753591915379,04:51:55.379,binance,ACT/USDT:USDT,0.04579,16884.0,0.04578,18042.0,0.0458,9226.0,0.04581,15930.0
1753591915731,04:51:55.731,binance,ACT/USDT:USDT,0.04579,16884.0,0.04578,18042.0,0.0458,9226.0,0.04581,15930.0
1753591915832,04:51:55.832,binance,ACT/USDT:USDT,0.04579,16884.0,0.04578,18042.0,0.0458,9359.0,0.04581,15930.0
1753591916206,04:51:56.206,binance,ACT/USDT:USDT,0.04579,16884.0,0.04578,18042.0,0.0458,9359.0,0.04581,17519.0
1753591916346,04:51:56.346,binance,ACT/USDT:USDT,0.04579,16884.0,0.04578,18042.0,0.0458,9359.0,0.04581,21171.0
1753591916602,04:51:56.602,binance,ACT/USDT:USDT,0.04579,16884.0,0.04578,18042.0,0.0458,9359.0,0.04581,21171.0
1753591917202,04:51:57.202,binance,ACT/USDT:USDT,0.04579,16884.0,0.04578,18042.0,0.0458,9359.0,0.04581,21171.0
1753591917802,04:51:57.802,binance,ACT/USDT:USDT,0.04579,16884.0,0.04578,18042.0,0.0458,9359.0,0.04581,21171.0
1753591917986,04:51:57.986,binance,ACT/USDT:USDT,0.04579,16884.0,0.04578,18042.0,0.0458,9492.0,0.04581,21171.0
1753591918127,04:51:58.127,binance,ACT/USDT:USDT,0.04579,16884.0,0.04578,18042.0,0.0458,9492.0,0.04581,21171.0
1753591918338,04:51:58.338,binance,ACT/USDT:USDT,0.04579,16884.0,0.04578,18042.0,0.0458,9492.0,0.04581,21171.0
1753591918502,04:51:58.502,binance,ACT/USDT:USDT,0.04579,16884.0,0.04578,18042.0,0.0458,9492.0,0.04581,21171.0
1753591918791,04:51:58.791,binance,ACT/USDT:USDT,0.04579,16884.0,0.04578,18042.0,0.0458,9492.0,0.04581,21171.0
1753591918902,04:51:58.902,binance,ACT/USDT:USDT,0.04579,16884.0,0.04578,18042.0,0.0458,9492.0,0.04581,21171.0
1753591919282,04:51:59.282,binance,ACT/USDT:USDT,0.04579,16884.0,0.04578,18042.0,0.0458,9492.0,0.04581,21171.0
1753591919502,04:51:59.502,binance,ACT/USDT:USDT,0.04579,16884.0,0.04578,18042.0,0.0458,9492.0,0.04581,21171.0
1753591919628,04:51:59.628,binance,ACT/USDT:USDT,0.04579,16884.0,0.04578,18042.0,0.0458,9492.0,0.04581,21171.0
1753591920063,04:52:00.063,binance,ACT/USDT:USDT,0.04579,16884.0,0.04578,18042.0,0.0458,9492.0,0.04581,21171.0
1753591920201,04:52:00.201,binance,ACT/USDT:USDT,0.04579,16884.0,0.04578,18042.0,0.0458,9492.0,0.04581,19582.0
1753591920602,04:52:00.602,binance,ACT/USDT:USDT,0.04579,16884.0,0.04578,18042.0,0.0458,9492.0,0.04581,19582.0
1753591920760,04:52:00.760,binance,ACT/USDT:USDT,0.04579,16884.0,0.04578,18042.0,0.0458,9492.0,0.04581,19582.0
1753591921005,04:52:01.005,binance,ACT/USDT:USDT,0.04579,16771.0,0.04578,18042.0,0.0458,9492.0,0.04581,19582.0
1753591921202,04:52:01.202,binance,ACT/USDT:USDT,0.04579,16771.0,0.04578,18042.0,0.0458,9492.0,0.04581,19582.0
1753591921324,04:52:01.324,binance,ACT/USDT:USDT,0.04579,16771.0,0.04578,18042.0,0.0458,9492.0,0.04581,19582.0
1753591921464,04:52:01.464,binance,ACT/USDT:USDT,0.04579,16771.0,0.04578,18042.0,0.0458,9492.0,0.04581,19582.0
1753591921584,04:52:01.584,binance,ACT/USDT:USDT,0.04579,16771.0,0.04578,18042.0,0.0458,8770.0,0.04581,19582.0
1753591921720,04:52:01.720,binance,ACT/USDT:USDT,0.04579,16771.0,0.04578,18042.0,0.0458,376.0,0.04581,19582.0
1753591921824,04:52:01.824,binance,ACT/USDT:USDT,0.04579,16771.0,0.04578,18042.0,0.0458,376.0,0.04581,19582.0
1753591922020,04:52:02.020,binance,ACT/USDT:USDT,0.04579,16771.0,0.04578,18403.0,0.0458,376.0,0.04581,19582.0
1753591922133,04:52:02.133,binance,ACT/USDT:USDT,0.04579,22802.0,0.04578,18403.0,0.0458,376.0,0.04581,19375.0
1753591922325,04:52:02.325,binance,ACT/USDT:USDT,0.04579,22802.0,0.04578,18403.0,0.0458,8481.0,0.04581,19375.0
1753591922478,04:52:02.478,binance,ACT/USDT:USDT,0.04579,22802.0,0.04578,18403.0,0.0458,8481.0,0.04581,19375.0
1753591922599,04:52:02.599,binance,ACT/USDT:USDT,0.04579,22802.0,0.04578,18403.0,0.0458,8481.0,0.04581,18982.0
1753591922902,04:52:02.902,binance,ACT/USDT:USDT,0.04579,22802.0,0.04578,18403.0,0.0458,8481.0,0.04581,18982.0
1753591923458,04:52:03.458,binance,ACT/USDT:USDT,0.04579,22802.0,0.04578,18403.0,0.0458,8481.0,0.04581,18982.0
1753591923559,04:52:03.559,binance,ACT/USDT:USDT,0.04579,22802.0,0.04578,18403.0,0.0458,8481.0,0.04581,18982.0
1753591923802,04:52:03.802,binance,ACT/USDT:USDT,0.04579,22802.0,0.04578,23403.0,0.0458,8481.0,0.04581,18982.0
1753591923919,04:52:03.919,binance,ACT/USDT:USDT,0.04579,22802.0,0.04578,23403.0,0.0458,8481.0,0.04581,18982.0
1753591924021,04:52:04.021,binance,ACT/USDT:USDT,0.04579,22802.0,0.04578,23403.0,0.0458,8481.0,0.04581,18982.0
1753591924214,04:52:04.214,binance,ACT/USDT:USDT,0.04579,22802.0,0.04578,23403.0,0.0458,8481.0,0.04581,18982.0
1753591924502,04:52:04.502,binance,ACT/USDT:USDT,0.04579,22802.0,0.04578,23403.0,0.0458,8481.0,0.04581,18982.0
1753591924808,04:52:04.808,binance,ACT/USDT:USDT,0.04579,22802.0,0.04578,23403.0,0.0458,8481.0,0.04581,18982.0
1753591925432,04:52:05.432,binance,ACT/USDT:USDT,0.04579,22802.0,0.04578,23403.0,0.0458,8481.0,0.04581,18982.0
1753591925614,04:52:05.614,binance,ACT/USDT:USDT,0.04579,22802.0,0.04578,23403.0,0.0458,8481.0,0.04581,18982.0
1753591925958,04:52:05.958,binance,ACT/USDT:USDT,0.04579,22802.0,0.04578,23403.0,0.0458,8481.0,0.04581,18982.0
1753591926097,04:52:06.097,binance,ACT/USDT:USDT,0.04579,22802.0,0.04578,23403.0,0.0458,8481.0,0.04581,15172.0
1753591926199,04:52:06.199,binance,ACT/USDT:USDT,0.04579,22802.0,0.04578,23403.0,0.0458,8481.0,0.04581,15172.0
1753591926499,04:52:06.499,binance,ACT/USDT:USDT,0.04579,22802.0,0.04578,23403.0,0.0458,8481.0,0.04581,15172.0
1753591926802,04:52:06.802,binance,ACT/USDT:USDT,0.04579,22802.0,0.04578,23403.0,0.0458,8481.0,0.04581,15342.0
1753591926987,04:52:06.987,binance,ACT/USDT:USDT,0.04579,22802.0,0.04578,23403.0,0.0458,8481.0,0.04581,15342.0
1753591927220,04:52:07.220,binance,ACT/USDT:USDT,0.04579,22802.0,0.04578,23403.0,0.0458,8481.0,0.04581,15342.0
1753591927327,04:52:07.327,binance,ACT/USDT:USDT,0.04579,22802.0,0.04578,23403.0,0.0458,8481.0,0.04581,15342.0
1753591927430,04:52:07.430,binance,ACT/USDT:USDT,0.04579,22802.0,0.04578,23403.0,0.0458,8481.0,0.04581,15342.0
1753591928158,04:52:08.158,binance,ACT/USDT:USDT,0.04579,22802.0,0.04578,23403.0,0.0458,7390.0,0.04581,15342.0
1753591928289,04:52:08.289,binance,ACT/USDT:USDT,0.04579,22802.0,0.04578,23403.0,0.0458,7390.0,0.04581,15342.0
1753591928502,04:52:08.502,binance,ACT/USDT:USDT,0.04579,22802.0,0.04578,23403.0,0.0458,7390.0,0.04581,15342.0
1753591929068,04:52:09.068,binance,ACT/USDT:USDT,0.04579,22802.0,0.04578,23403.0,0.0458,7390.0,0.04581,15342.0
1753591929174,04:52:09.174,binance,ACT/USDT:USDT,0.04579,22802.0,0.04578,23403.0,0.0458,7390.0,0.04581,15342.0
1753591929465,04:52:09.465,binance,ACT/USDT:USDT,0.04579,22802.0,0.04578,23403.0,0.0458,7641.0,0.04581,15342.0
1753591929602,04:52:09.602,binance,ACT/USDT:USDT,0.04579,22802.0,0.04578,23403.0,0.0458,7641.0,0.04581,15342.0
1753591929744,04:52:09.744,binance,ACT/USDT:USDT,0.04579,22802.0,0.04578,23403.0,0.0458,7641.0,0.04581,15342.0
1753591930202,04:52:10.202,binance,ACT/USDT:USDT,0.04579,22802.0,0.04578,23403.0,0.0458,7641.0,0.04581,15342.0
1753591930387,04:52:10.387,binance,ACT/USDT:USDT,0.04579,22802.0,0.04578,23403.0,0.0458,7641.0,0.04581,15342.0
1753591931149,04:52:11.149,binance,ACT/USDT:USDT,0.04579,22802.0,0.04578,23403.0,0.0458,251.0,0.04581,15342.0
1753591931357,04:52:11.357,binance,ACT/USDT:USDT,0.04579,22802.0,0.04578,23403.0,0.0458,251.0,0.04581,15342.0
1753591931538,04:52:11.538,binance,ACT/USDT:USDT,0.04579,22802.0,0.04578,23403.0,0.0458,251.0,0.04581,15342.0
1753591931660,04:52:11.660,binance,ACT/USDT:USDT,0.04579,22802.0,0.04578,23403.0,0.0458,251.0,0.04581,11241.0
1753591931779,04:52:11.779,binance,ACT/USDT:USDT,0.04579,22802.0,0.04578,26356.0,0.0458,251.0,0.04581,11241.0
1753591931922,04:52:11.922,binance,ACT/USDT:USDT,0.04579,22802.0,0.04578,26356.0,0.0458,251.0,0.04581,11071.0
1753591932048,04:52:12.048,binance,ACT/USDT:USDT,0.04579,22802.0,0.04578,26356.0,0.0458,251.0,0.04581,15204.0
1753591932182,04:52:12.182,binance,ACT/USDT:USDT,0.04579,22802.0,0.04578,26356.0,0.0458,251.0,0.04581,15204.0
1753591932371,04:52:12.371,binance,ACT/USDT:USDT,0.04579,22423.0,0.04578,26356.0,0.0458,1829.0,0.04581,15204.0
1753591932614,04:52:12.614,binance,ACT/USDT:USDT,0.04579,22423.0,0.04578,26356.0,0.0458,1829.0,0.04581,15204.0
1753591933108,04:52:13.108,binance,ACT/USDT:USDT,0.04579,22423.0,0.04578,26356.0,0.0458,1829.0,0.04581,15204.0
1753591933563,04:52:13.563,binance,ACT/USDT:USDT,0.04579,22423.0,0.04578,26356.0,0.0458,1829.0,0.04581,15204.0
1753591933702,04:52:13.702,binance,ACT/USDT:USDT,0.04579,22423.0,0.04578,26356.0,0.0458,1829.0,0.04581,15204.0
1753591933807,04:52:13.807,binance,ACT/USDT:USDT,0.04579,22423.0,0.04578,26356.0,0.0458,1829.0,0.04581,15204.0
1753591934802,04:52:14.802,binance,ACT/USDT:USDT,0.04579,22423.0,0.04578,26356.0,0.0458,1829.0,0.04581,15204.0
1753591935147,04:52:15.147,binance,ACT/USDT:USDT,0.04579,22423.0,0.04578,26356.0,0.0458,1829.0,0.04581,15204.0
1753591935402,04:52:15.402,binance,ACT/USDT:USDT,0.04579,22423.0,0.04578,26356.0,0.0458,1829.0,0.04581,15204.0
1753591935719,04:52:15.719,binance,ACT/USDT:USDT,0.04579,22423.0,0.04578,26356.0,0.0458,1829.0,0.04581,15204.0
1753591936002,04:52:16.002,binance,ACT/USDT:USDT,0.04579,22423.0,0.04578,26356.0,0.0458,1829.0,0.04581,15204.0
1753591936214,04:52:16.214,binance,ACT/USDT:USDT,0.04579,22423.0,0.04578,26356.0,0.0458,1829.0,0.04581,15204.0
1753591936452,04:52:16.452,binance,ACT/USDT:USDT,0.04579,22423.0,0.04578,26356.0,0.0458,1829.0,0.04581,15204.0
1753591936602,04:52:16.602,binance,ACT/USDT:USDT,0.04579,22423.0,0.04578,26356.0,0.0458,1829.0,0.04581,15204.0
1753591937179,04:52:17.179,binance,ACT/USDT:USDT,0.04579,22423.0,0.04578,26356.0,0.0458,1829.0,0.04581,15204.0
1753591937377,04:52:17.377,binance,ACT/USDT:USDT,0.04579,22423.0,0.04578,26356.0,0.0458,1829.0,0.04581,15204.0
1753591937702,04:52:17.702,binance,ACT/USDT:USDT,0.04579,22423.0,0.04578,26356.0,0.0458,1829.0,0.04581,15204.0
1753591938302,04:52:18.302,binance,ACT/USDT:USDT,0.04579,22423.0,0.04578,26356.0,0.0458,1829.0,0.04581,15204.0
1753591938889,04:52:18.889,binance,ACT/USDT:USDT,0.04579,22423.0,0.04578,26356.0,0.0458,1829.0,0.04581,15204.0
1753591938994,04:52:18.994,binance,ACT/USDT:USDT,0.04579,22423.0,0.04578,26356.0,0.0458,1829.0,0.04581,15204.0
1753591939288,04:52:19.288,binance,ACT/USDT:USDT,0.04579,22423.0,0.04578,26356.0,0.0458,1829.0,0.04581,15204.0
1753591939402,04:52:19.402,binance,ACT/USDT:USDT,0.04579,22423.0,0.04578,26356.0,0.0458,1829.0,0.04581,15204.0
1753591939538,04:52:19.538,binance,ACT/USDT:USDT,0.04579,22423.0,0.04578,26356.0,0.0458,1994.0,0.04581,15204.0
1753591940002,04:52:20.002,binance,ACT/USDT:USDT,0.04579,22423.0,0.04578,26356.0,0.0458,1994.0,0.04581,15204.0
1753591940434,04:52:20.434,binance,ACT/USDT:USDT,0.04579,22423.0,0.04578,26356.0,0.0458,1817.0,0.04581,15204.0
1753591940571,04:52:20.571,binance,ACT/USDT:USDT,0.04579,22423.0,0.04578,26356.0,0.0458,1858.0,0.04581,15204.0
1753591940726,04:52:20.726,binance,ACT/USDT:USDT,0.04579,22423.0,0.04578,26356.0,0.0458,1858.0,0.04581,15204.0
1753591940898,04:52:20.898,binance,ACT/USDT:USDT,0.04579,22423.0,0.04578,26356.0,0.0458,1858.0,0.04581,15204.0
1753591941090,04:52:21.090,binance,ACT/USDT:USDT,0.04579,22423.0,0.04578,26356.0,0.0458,1858.0,0.04581,15204.0
1753591941472,04:52:21.472,binance,ACT/USDT:USDT,0.04579,22423.0,0.04578,26356.0,0.0458,1858.0,0.04581,15204.0
1753591941702,04:52:21.702,binance,ACT/USDT:USDT,0.04579,22423.0,0.04578,26356.0,0.0458,1858.0,0.04581,15204.0
1753591942237,04:52:22.237,binance,ACT/USDT:USDT,0.04579,22423.0,0.04578,26356.0,0.0458,1858.0,0.04581,15204.0
1753591942348,04:52:22.348,binance,ACT/USDT:USDT,0.04579,22423.0,0.04578,26356.0,0.0458,1858.0,0.04581,15204.0
1753591942802,04:52:22.802,binance,ACT/USDT:USDT,0.04579,22423.0,0.04578,26356.0,0.0458,1858.0,0.04581,15204.0
1753591943233,04:52:23.233,binance,ACT/USDT:USDT,0.0458,10865.0,0.04579,23385.0,0.04581,11071.0,0.04582,24080.0
1753591943336,04:52:23.336,binance,ACT/USDT:USDT,0.0458,10865.0,0.04579,30399.0,0.04581,2968.0,0.04582,23699.0
1753591943447,04:52:23.447,binance,ACT/USDT:USDT,0.0458,10865.0,0.04579,30399.0,0.04581,2968.0,0.04582,27693.0
1753591943702,04:52:23.702,binance,ACT/USDT:USDT,0.0458,10865.0,0.04579,30399.0,0.04581,2968.0,0.04582,27693.0
1753591943810,04:52:23.810,binance,ACT/USDT:USDT,0.0458,10865.0,0.04579,30399.0,0.04581,2968.0,0.04582,27693.0
1753591944002,04:52:24.002,binance,ACT/USDT:USDT,0.0458,10865.0,0.04579,30399.0,0.04581,2968.0,0.04582,27693.0
1753591944254,04:52:24.254,binance,ACT/USDT:USDT,0.0458,10865.0,0.04579,30211.0,0.04581,2968.0,0.04582,27693.0
1753591944438,04:52:24.438,binance,ACT/USDT:USDT,0.0458,10865.0,0.04579,30211.0,0.04581,2968.0,0.04582,27693.0
1753591944561,04:52:24.561,binance,ACT/USDT:USDT,0.0458,10976.0,0.04579,30211.0,0.04581,2968.0,0.04582,22279.0
1753591944675,04:52:24.675,binance,ACT/USDT:USDT,0.0458,10976.0,0.04579,30211.0,0.04581,2968.0,0.04582,22279.0
1753591944894,04:52:24.894,binance,ACT/USDT:USDT,0.0458,10976.0,0.04579,30211.0,0.04581,2968.0,0.04582,22279.0
1753591945412,04:52:25.412,binance,ACT/USDT:USDT,0.0458,10976.0,0.04579,30211.0,0.04581,2968.0,0.04582,22279.0
1753591945602,04:52:25.602,binance,ACT/USDT:USDT,0.0458,10976.0,0.04579,30546.0,0.04581,2968.0,0.04582,22279.0
1753591945852,04:52:25.852,binance,ACT/USDT:USDT,0.0458,10976.0,0.04579,30546.0,0.04581,2968.0,0.04582,22279.0
1753591946004,04:52:26.004,binance,ACT/USDT:USDT,0.0458,10976.0,0.04579,30546.0,0.04581,2968.0,0.04582,22279.0
1753591946119,04:52:26.119,binance,ACT/USDT:USDT,0.0458,10976.0,0.04579,30546.0,0.04581,2968.0,0.04582,22279.0
1753591946395,04:52:26.395,binance,ACT/USDT:USDT,0.0458,10976.0,0.04579,30546.0,0.04581,636.0,0.04582,18898.0
1753591946513,04:52:26.513,binance,ACT/USDT:USDT,0.0458,12227.0,0.04579,30907.0,0.04581,636.0,0.04582,18898.0
1753591946702,04:52:26.702,binance,ACT/USDT:USDT,0.0458,12227.0,0.04579,30907.0,0.04581,636.0,0.04582,16704.0
1753591947302,04:52:27.302,binance,ACT/USDT:USDT,0.0458,12227.0,0.04579,30907.0,0.04581,636.0,0.04582,16704.0
1753591947843,04:52:27.843,binance,ACT/USDT:USDT,0.0458,12227.0,0.04579,30907.0,0.04581,636.0,0.04582,16704.0
1753591948355,04:52:28.355,binance,ACT/USDT:USDT,0.0458,1638.0,0.04579,27784.0,0.04581,8886.0,0.04582,16704.0
1753591948458,04:52:28.458,binance,ACT/USDT:USDT,0.0458,1638.0,0.04579,27784.0,0.04581,8886.0,0.04582,16704.0
1753591948750,04:52:28.750,binance,ACT/USDT:USDT,0.0458,1638.0,0.04579,27784.0,0.04581,8886.0,0.04582,16704.0
1753591949002,04:52:29.002,binance,ACT/USDT:USDT,0.0458,1638.0,0.04579,27784.0,0.04581,8886.0,0.04582,16704.0
1753591949398,04:52:29.398,binance,ACT/USDT:USDT,0.0458,1362.0,0.04579,27784.0,0.04581,8886.0,0.04582,21192.0
1753591949553,04:52:29.553,binance,ACT/USDT:USDT,0.0458,1362.0,0.04579,27784.0,0.04581,8886.0,0.04582,21192.0
1753591949701,04:52:29.701,binance,ACT/USDT:USDT,0.0458,1362.0,0.04579,27784.0,0.04581,8886.0,0.04582,21192.0
1753591950025,04:52:30.025,binance,ACT/USDT:USDT,0.04579,20409.0,0.04578,33641.0,0.0458,12456.0,0.04581,13374.0
1753591950126,04:52:30.126,binance,ACT/USDT:USDT,0.04579,20074.0,0.04578,28770.0,0.0458,12406.0,0.04581,13646.0
1753591950247,04:52:30.247,binance,ACT/USDT:USDT,0.04579,20074.0,0.04578,28770.0,0.0458,12406.0,0.04581,13646.0
1753591950801,04:52:30.801,binance,ACT/USDT:USDT,0.04579,20074.0,0.04578,28770.0,0.0458,12406.0,0.04581,13646.0
1753591950998,04:52:30.998,binance,ACT/USDT:USDT,0.04579,20074.0,0.04578,28770.0,0.0458,12406.0,0.04581,13646.0
1753591951174,04:52:31.174,binance,ACT/USDT:USDT,0.04579,20074.0,0.04578,28770.0,0.0458,129.0,0.04581,8403.0
1753591951287,04:52:31.287,binance,ACT/USDT:USDT,0.04579,20074.0,0.04578,26485.0,0.0458,8379.0,0.04581,12973.0
1753591951400,04:52:31.400,binance,ACT/USDT:USDT,0.04579,20074.0,0.04578,26485.0,0.0458,12157.0,0.04581,13360.0
1753591951735,04:52:31.735,binance,ACT/USDT:USDT,0.04579,20074.0,0.04578,26485.0,0.0458,12157.0,0.04581,16075.0
1753591952062,04:52:32.062,binance,ACT/USDT:USDT,0.04579,20074.0,0.04578,19871.0,0.0458,12157.0,0.04581,16075.0
1753591952302,04:52:32.302,binance,ACT/USDT:USDT,0.04579,20074.0,0.04578,19871.0,0.0458,12157.0,0.04581,16075.0
1753591952409,04:52:32.409,binance,ACT/USDT:USDT,0.04579,20074.0,0.04578,19871.0,0.0458,12157.0,0.04581,16075.0
1753591952761,04:52:32.761,binance,ACT/USDT:USDT,0.04579,33690.0,0.04578,19871.0,0.0458,12157.0,0.04581,16075.0
1753591952868,04:52:32.868,binance,ACT/USDT:USDT,0.04579,33690.0,0.04578,19871.0,0.0458,12157.0,0.04581,16075.0
1753591953402,04:52:33.402,binance,ACT/USDT:USDT,0.04579,33690.0,0.04578,19871.0,0.0458,12157.0,0.04581,16075.0
1753591954002,04:52:34.002,binance,ACT/USDT:USDT,0.04579,33690.0,0.04578,19871.0,0.0458,12157.0,0.04581,16075.0
1753591954562,04:52:34.562,binance,ACT/USDT:USDT,0.04579,33690.0,0.04578,14871.0,0.0458,12157.0,0.04581,16075.0
1753591954665,04:52:34.665,binance,ACT/USDT:USDT,0.04579,33690.0,0.04578,14871.0,0.0458,12157.0,0.04581,16075.0
1753591954891,04:52:34.891,binance,ACT/USDT:USDT,0.04579,33690.0,0.04578,14871.0,0.0458,12157.0,0.04581,16075.0
1753591955102,04:52:35.102,binance,ACT/USDT:USDT,0.04579,33690.0,0.04578,14871.0,0.0458,12157.0,0.04581,16075.0
1753591955477,04:52:35.477,binance,ACT/USDT:USDT,0.04579,33690.0,0.04578,14871.0,0.0458,11121.0,0.04581,11505.0
1753591955647,04:52:35.647,binance,ACT/USDT:USDT,0.04579,33690.0,0.04578,14871.0,0.0458,11121.0,0.04581,11505.0
1753591955750,04:52:35.750,binance,ACT/USDT:USDT,0.04579,33690.0,0.04578,14871.0,0.0458,11121.0,0.04581,11505.0
1753591955857,04:52:35.857,binance,ACT/USDT:USDT,0.04579,33690.0,0.04578,14871.0,0.0458,11121.0,0.04581,11505.0
1753591956081,04:52:36.081,binance,ACT/USDT:USDT,0.04579,33690.0,0.04578,14871.0,0.0458,11121.0,0.04581,11505.0
1753591956202,04:52:36.202,binance,ACT/USDT:USDT,0.04579,33690.0,0.04578,14871.0,0.0458,11121.0,0.04581,11505.0
1753591956418,04:52:36.418,binance,ACT/USDT:USDT,0.04579,33690.0,0.04578,14871.0,0.0458,11121.0,0.04581,11505.0
1753591956596,04:52:36.596,binance,ACT/USDT:USDT,0.04579,33690.0,0.04578,14871.0,0.0458,11121.0,0.04581,11505.0
1753591956802,04:52:36.802,binance,ACT/USDT:USDT,0.04579,33690.0,0.04578,14871.0,0.0458,11121.0,0.04581,11505.0
1753591957402,04:52:37.402,binance,ACT/USDT:USDT,0.04579,33690.0,0.04578,14871.0,0.0458,11121.0,0.04581,11505.0
1753591957888,04:52:37.888,binance,ACT/USDT:USDT,0.04579,33690.0,0.04578,14871.0,0.0458,11121.0,0.04581,11505.0
1753591958097,04:52:38.097,binance,ACT/USDT:USDT,0.04579,33690.0,0.04578,14871.0,0.0458,11121.0,0.04581,11505.0
1753591958204,04:52:38.204,binance,ACT/USDT:USDT,0.04579,33690.0,0.04578,14871.0,0.0458,11121.0,0.04581,11505.0
1753591958415,04:52:38.415,binance,ACT/USDT:USDT,0.04579,33690.0,0.04578,14871.0,0.0458,11121.0,0.04581,11505.0
1753591958539,04:52:38.539,binance,ACT/USDT:USDT,0.04579,33690.0,0.04578,14871.0,0.0458,11121.0,0.04581,11505.0
1753591959096,04:52:39.096,binance,ACT/USDT:USDT,0.04579,33690.0,0.04578,14871.0,0.0458,11121.0,0.04581,11505.0
1753591959204,04:52:39.204,binance,ACT/USDT:USDT,0.04579,33931.0,0.04578,14871.0,0.0458,11121.0,0.04581,11505.0
1753591959543,04:52:39.543,binance,ACT/USDT:USDT,0.04579,33931.0,0.04578,14871.0,0.0458,11121.0,0.04581,11505.0
1753591959702,04:52:39.702,binance,ACT/USDT:USDT,0.04579,33931.0,0.04578,14871.0,0.0458,125.0,0.04581,11505.0
1753591959804,04:52:39.804,binance,ACT/USDT:USDT,0.0458,10593.0,0.04579,38472.0,0.04581,10965.0,0.04582,17289.0
1753591959977,04:52:39.977,binance,ACT/USDT:USDT,0.0458,10593.0,0.04579,38472.0,0.04581,15253.0,0.04582,21789.0
1753591960080,04:52:40.080,binance,ACT/USDT:USDT,0.0458,10593.0,0.04579,38472.0,0.04581,15253.0,0.04582,21789.0
1753591960409,04:52:40.409,binance,ACT/USDT:USDT,0.0458,10593.0,0.04579,38807.0,0.04581,15253.0,0.04582,21789.0
1753591960516,04:52:40.516,binance,ACT/USDT:USDT,0.0458,276.0,0.04579,38807.0,0.04581,15253.0,0.04582,21789.0
1753591960648,04:52:40.648,binance,ACT/USDT:USDT,0.0458,276.0,0.04579,38807.0,0.04581,15253.0,0.04582,21789.0
1753591960784,04:52:40.784,binance,ACT/USDT:USDT,0.0458,276.0,0.04579,38807.0,0.04581,15253.0,0.04582,21789.0
1753591961002,04:52:41.002,binance,ACT/USDT:USDT,0.0458,276.0,0.04579,38807.0,0.04581,15253.0,0.04582,17612.0
1753591961357,04:52:41.357,binance,ACT/USDT:USDT,0.0458,276.0,0.04579,38807.0,0.04581,12538.0,0.04582,17917.0
1753591961549,04:52:41.549,binance,ACT/USDT:USDT,0.04579,34266.0,0.04578,17817.0,0.04581,12538.0,0.04582,17917.0
1753591962250,04:52:42.250,binance,ACT/USDT:USDT,0.04579,34266.0,0.04578,17817.0,0.04581,12538.0,0.04582,17917.0
1753591962802,04:52:42.802,binance,ACT/USDT:USDT,0.04579,34266.0,0.04578,17817.0,0.04581,12538.0,0.04582,17917.0
1753591962998,04:52:42.998,binance,ACT/USDT:USDT,0.04579,34266.0,0.04578,17817.0,0.04581,12538.0,0.04582,17917.0
1753591963188,04:52:43.188,binance,ACT/USDT:USDT,0.04579,34266.0,0.04578,17817.0,0.04581,12538.0,0.04582,17917.0
1753591963702,04:52:43.702,binance,ACT/USDT:USDT,0.04579,34266.0,0.04578,17817.0,0.04581,12538.0,0.04582,17917.0
1753591963856,04:52:43.856,binance,ACT/USDT:USDT,0.04579,34266.0,0.04578,17817.0,0.04581,12538.0,0.04582,17917.0
1753591964302,04:52:44.302,binance,ACT/USDT:USDT,0.04579,34266.0,0.04578,22817.0,0.04581,12538.0,0.04582,17917.0
1753591964562,04:52:44.562,binance,ACT/USDT:USDT,0.04579,34266.0,0.04578,22817.0,0.04581,12538.0,0.04582,17917.0
1753591964902,04:52:44.902,binance,ACT/USDT:USDT,0.04579,34266.0,0.04578,22817.0,0.04581,12538.0,0.04582,17917.0
1753591965106,04:52:45.106,binance,ACT/USDT:USDT,0.04579,34266.0,0.04578,22817.0,0.04581,12654.0,0.04582,17917.0
1753591965502,04:52:45.502,binance,ACT/USDT:USDT,0.04579,34266.0,0.04578,22817.0,0.04581,12654.0,0.04582,17917.0
1753591966102,04:52:46.102,binance,ACT/USDT:USDT,0.04579,34266.0,0.04578,22817.0,0.04581,12654.0,0.04582,17917.0
1753591966449,04:52:46.449,binance,ACT/USDT:USDT,0.04579,34266.0,0.04578,22817.0,0.04581,12654.0,0.04582,14738.0
1753591966557,04:52:46.557,binance,ACT/USDT:USDT,0.0458,8616.0,0.04579,39324.0,0.04581,12654.0,0.04582,14738.0
1753591966658,04:52:46.658,binance,ACT/USDT:USDT,0.0458,8616.0,0.04579,39324.0,0.04581,12654.0,0.04582,14738.0
1753591966954,04:52:46.954,binance,ACT/USDT:USDT,0.0458,8616.0,0.04579,39324.0,0.04581,12654.0,0.04582,14738.0
1753591967108,04:52:47.108,binance,ACT/USDT:USDT,0.0458,8616.0,0.04579,39324.0,0.04581,12654.0,0.04582,14738.0
1753591967549,04:52:47.549,binance,ACT/USDT:USDT,0.0458,8616.0,0.04579,39324.0,0.04581,12654.0,0.04582,14738.0
1753591967702,04:52:47.702,binance,ACT/USDT:USDT,0.0458,8616.0,0.04579,39324.0,0.04581,12654.0,0.04582,14738.0
1753591967833,04:52:47.833,binance,ACT/USDT:USDT,0.0458,8616.0,0.04579,39324.0,0.04581,12413.0,0.04582,14738.0
1753591967939,04:52:47.939,binance,ACT/USDT:USDT,0.0458,8616.0,0.04579,39324.0,0.04581,12413.0,0.04582,14738.0
1753591968164,04:52:48.164,binance,ACT/USDT:USDT,0.0458,8616.0,0.04579,39324.0,0.04581,4404.0,0.04582,14336.0
1753591968927,04:52:48.927,binance,ACT/USDT:USDT,0.0458,8616.0,0.04579,39324.0,0.04581,4404.0,0.04582,14336.0
1753591969112,04:52:49.112,binance,ACT/USDT:USDT,0.0458,8616.0,0.04579,39324.0,0.04581,4404.0,0.04582,14336.0
1753591969288,04:52:49.288,binance,ACT/USDT:USDT,0.0458,8731.0,0.04579,39324.0,0.04581,4404.0,0.04582,14336.0
1753591969802,04:52:49.802,binance,ACT/USDT:USDT,0.0458,8731.0,0.04579,39324.0,0.04581,4404.0,0.04582,14336.0
1753591969913,04:52:49.913,binance,ACT/USDT:USDT,0.0458,8731.0,0.04579,39324.0,0.04581,4404.0,0.04582,14336.0
1753591970212,04:52:50.212,binance,ACT/USDT:USDT,0.0458,8731.0,0.04579,39324.0,0.04581,4404.0,0.04582,14336.0
1753591970389,04:52:50.389,binance,ACT/USDT:USDT,0.0458,8731.0,0.04579,15587.0,0.04581,4404.0,0.04582,14336.0
1753591970491,04:52:50.491,binance,ACT/USDT:USDT,0.0458,32357.0,0.04579,15587.0,0.04581,4404.0,0.04582,14336.0
1753591970678,04:52:50.678,binance,ACT/USDT:USDT,0.0458,32357.0,0.04579,15587.0,0.04581,4404.0,0.04582,14336.0
1753591970837,04:52:50.837,binance,ACT/USDT:USDT,0.0458,32357.0,0.04579,15587.0,0.04581,4404.0,0.04582,14336.0
1753591970989,04:52:50.989,binance,ACT/USDT:USDT,0.0458,32357.0,0.04579,15587.0,0.04581,4404.0,0.04582,14336.0
1753591971102,04:52:51.102,binance,ACT/USDT:USDT,0.0458,32357.0,0.04579,15587.0,0.04581,4404.0,0.04582,14336.0
1753591971502,04:52:51.502,binance,ACT/USDT:USDT,0.0458,32357.0,0.04579,15587.0,0.04581,4404.0,0.04582,14336.0
1753591972102,04:52:52.102,binance,ACT/USDT:USDT,0.0458,32357.0,0.04579,15587.0,0.04581,4404.0,0.04582,14336.0
1753591972242,04:52:52.242,binance,ACT/USDT:USDT,0.0458,32357.0,0.04579,17770.0,0.04581,570.0,0.04582,9836.0
1753591972360,04:52:52.360,binance,ACT/USDT:USDT,0.0458,32357.0,0.04579,18131.0,0.04581,570.0,0.04582,9836.0
1753591972502,04:52:52.502,binance,ACT/USDT:USDT,0.0458,32357.0,0.04579,18131.0,0.04581,570.0,0.04582,14063.0
1753591973289,04:52:53.289,binance,ACT/USDT:USDT,0.0458,32357.0,0.04579,18131.0,0.04581,570.0,0.04582,5913.0
1753591973402,04:52:53.402,binance,ACT/USDT:USDT,0.0458,32357.0,0.04579,18131.0,0.04581,570.0,0.04582,5913.0
1753591973539,04:52:53.539,binance,ACT/USDT:USDT,0.0458,32357.0,0.04579,18131.0,0.04581,570.0,0.04582,5913.0
1753591973802,04:52:53.802,binance,ACT/USDT:USDT,0.0458,32357.0,0.04579,18131.0,0.04581,570.0,0.04582,5913.0
1753591973918,04:52:53.918,binance,ACT/USDT:USDT,0.0458,32357.0,0.04579,18131.0,0.04581,570.0,0.04582,5913.0
1753591974402,04:52:54.402,binance,ACT/USDT:USDT,0.0458,32357.0,0.04579,18131.0,0.04581,570.0,0.04582,5913.0
1753591975557,04:52:55.557,binance,ACT/USDT:USDT,0.0458,32357.0,0.04579,18131.0,0.04581,570.0,0.04582,5913.0
1753591975668,04:52:55.668,binance,ACT/USDT:USDT,0.0458,32357.0,0.04579,18131.0,0.04581,570.0,0.04582,5913.0
1753591975769,04:52:55.769,binance,ACT/USDT:USDT,0.0458,32357.0,0.04579,18131.0,0.04581,570.0,0.04582,5913.0
1753591976056,04:52:56.056,binance,ACT/USDT:USDT,0.0458,32357.0,0.04579,18131.0,0.04581,570.0,0.04582,5913.0
1753591976169,04:52:56.169,binance,ACT/USDT:USDT,0.0458,32357.0,0.04579,18131.0,0.04581,570.0,0.04582,5913.0
1753591976541,04:52:56.541,binance,ACT/USDT:USDT,0.0458,32357.0,0.04579,18131.0,0.04581,570.0,0.04582,5913.0
1753591976644,04:52:56.644,binance,ACT/USDT:USDT,0.0458,32357.0,0.04579,18131.0,0.04581,570.0,0.04582,5913.0
1753591976889,04:52:56.889,binance,ACT/USDT:USDT,0.0458,32357.0,0.04579,18131.0,0.04581,570.0,0.04582,5913.0
1753591977097,04:52:57.097,binance,ACT/USDT:USDT,0.0458,32357.0,0.04579,18131.0,0.04581,570.0,0.04582,5913.0
1753591977200,04:52:57.200,binance,ACT/USDT:USDT,0.0458,32357.0,0.04579,18131.0,0.04581,570.0,0.04582,5913.0
1753591977470,04:52:57.470,binance,ACT/USDT:USDT,0.0458,32357.0,0.04579,18131.0,0.04581,570.0,0.04582,5913.0
1753591977791,04:52:57.791,binance,ACT/USDT:USDT,0.0458,32357.0,0.04579,18131.0,0.04581,570.0,0.04582,5913.0
1753591977908,04:52:57.908,binance,ACT/USDT:USDT,0.0458,32357.0,0.04579,18131.0,0.04581,570.0,0.04582,5913.0
1753591978202,04:52:58.202,binance,ACT/USDT:USDT,0.0458,32357.0,0.04579,18131.0,0.04581,570.0,0.04582,5913.0
1753591978524,04:52:58.524,binance,ACT/USDT:USDT,0.0458,32357.0,0.04579,18131.0,0.04581,570.0,0.04582,5913.0
1753591978767,04:52:58.767,binance,ACT/USDT:USDT,0.0458,32357.0,0.04579,21125.0,0.04581,570.0,0.04582,5913.0
1753591979059,04:52:59.059,binance,ACT/USDT:USDT,0.0458,32357.0,0.04579,21125.0,0.04581,570.0,0.04582,5913.0
1753591979302,04:52:59.302,binance,ACT/USDT:USDT,0.0458,24017.0,0.04579,21125.0,0.04581,8614.0,0.04582,5913.0
1753591979409,04:52:59.409,binance,ACT/USDT:USDT,0.0458,24017.0,0.04579,18942.0,0.04581,8614.0,0.04582,5913.0
1753591979515,04:52:59.515,binance,ACT/USDT:USDT,0.0458,24017.0,0.04579,18942.0,0.04581,570.0,0.04582,5913.0
1753591979630,04:52:59.630,binance,ACT/USDT:USDT,0.0458,24017.0,0.04579,18942.0,0.04581,570.0,0.04582,5913.0
1753591979754,04:52:59.754,binance,ACT/USDT:USDT,0.0458,24017.0,0.04579,18942.0,0.04581,570.0,0.04582,5913.0
1753591979859,04:52:59.859,binance,ACT/USDT:USDT,0.0458,24017.0,0.04579,18942.0,0.04581,570.0,0.04582,5913.0
1753591980126,04:53:00.126,binance,ACT/USDT:USDT,0.0458,24017.0,0.04579,18942.0,0.04581,570.0,0.04582,5913.0
1753591980238,04:53:00.238,binance,ACT/USDT:USDT,0.0458,24133.0,0.04579,18942.0,0.04581,570.0,0.04582,5913.0
1753591980358,04:53:00.358,binance,ACT/USDT:USDT,0.0458,24133.0,0.04579,18942.0,0.04581,570.0,0.04582,5913.0
1753591980502,04:53:00.502,binance,ACT/USDT:USDT,0.0458,24133.0,0.04579,18942.0,0.04581,570.0,0.04582,5913.0
1753591980607,04:53:00.607,binance,ACT/USDT:USDT,0.0458,24133.0,0.04579,18942.0,0.04581,570.0,0.04582,5913.0
1753591980902,04:53:00.902,binance,ACT/USDT:USDT,0.0458,24133.0,0.04579,18942.0,0.04581,570.0,0.04582,5913.0
1753591981087,04:53:01.087,binance,ACT/USDT:USDT,0.0458,24133.0,0.04579,18942.0,0.04581,570.0,0.04582,5913.0
1753591981261,04:53:01.261,binance,ACT/USDT:USDT,0.0458,24133.0,0.04579,18942.0,0.04581,1055.0,0.04582,5913.0
1753591981502,04:53:01.502,binance,ACT/USDT:USDT,0.0458,24133.0,0.04579,18942.0,0.04581,1055.0,0.04582,5913.0
1753591982029,04:53:02.029,binance,ACT/USDT:USDT,0.0458,24133.0,0.04579,18942.0,0.04581,1055.0,0.04582,5913.0
1753591982450,04:53:02.450,binance,ACT/USDT:USDT,0.0458,24133.0,0.04579,20387.0,0.04581,1055.0,0.04582,5913.0
1753591982602,04:53:02.602,binance,ACT/USDT:USDT,0.0458,24133.0,0.04579,20387.0,0.04581,1055.0,0.04582,5913.0
1753591983181,04:53:03.181,binance,ACT/USDT:USDT,0.0458,24133.0,0.04579,20387.0,0.04581,1055.0,0.04582,5913.0
1753591983724,04:53:03.724,binance,ACT/USDT:USDT,0.0458,24133.0,0.04579,20387.0,0.04581,1055.0,0.04582,5913.0
1753591983868,04:53:03.868,binance,ACT/USDT:USDT,0.0458,24133.0,0.04579,20387.0,0.04581,1055.0,0.04582,5913.0
1753591984298,04:53:04.298,binance,ACT/USDT:USDT,0.0458,24133.0,0.04579,20387.0,0.04581,1055.0,0.04582,5913.0
1753591984565,04:53:04.565,binance,ACT/USDT:USDT,0.0458,24133.0,0.04579,20387.0,0.04581,1055.0,0.04582,13957.0
1753591984718,04:53:04.718,binance,ACT/USDT:USDT,0.0458,23857.0,0.04579,20387.0,0.04581,9099.0,0.04582,13957.0
1753591984883,04:53:04.883,binance,ACT/USDT:USDT,0.0458,23857.0,0.04579,20387.0,0.04581,9099.0,0.04582,13957.0
1753591985001,04:53:05.001,binance,ACT/USDT:USDT,0.0458,23857.0,0.04579,20387.0,0.04581,9099.0,0.04582,13957.0
1753591985392,04:53:05.392,binance,ACT/USDT:USDT,0.0458,24133.0,0.04579,20387.0,0.04581,9099.0,0.04582,13957.0
1753591985591,04:53:05.591,binance,ACT/USDT:USDT,0.0458,24133.0,0.04579,20387.0,0.04581,9099.0,0.04582,13957.0
1753591986002,04:53:06.002,binance,ACT/USDT:USDT,0.0458,24133.0,0.04579,20387.0,0.04581,9099.0,0.04582,13957.0
1753591986164,04:53:06.164,binance,ACT/USDT:USDT,0.0458,24133.0,0.04579,20387.0,0.04581,9099.0,0.04582,13957.0
1753591986599,04:53:06.599,binance,ACT/USDT:USDT,0.0458,24133.0,0.04579,20387.0,0.04581,9099.0,0.04582,13957.0
1753591987102,04:53:07.102,binance,ACT/USDT:USDT,0.0458,24133.0,0.04579,20387.0,0.04581,9099.0,0.04582,13957.0
1753591987407,04:53:07.407,binance,ACT/USDT:USDT,0.0458,24133.0,0.04579,20387.0,0.04581,9242.0,0.04582,13957.0
1753591987538,04:53:07.538,binance,ACT/USDT:USDT,0.0458,24133.0,0.04579,20387.0,0.04581,9242.0,0.04582,13957.0
1753591987641,04:53:07.641,binance,ACT/USDT:USDT,0.0458,24133.0,0.04579,20387.0,0.04581,9242.0,0.04582,13957.0
1753591987768,04:53:07.768,binance,ACT/USDT:USDT,0.0458,24133.0,0.04579,20387.0,0.04581,9242.0,0.04582,13957.0
1753591988054,04:53:08.054,binance,ACT/USDT:USDT,0.0458,23857.0,0.04579,20387.0,0.04581,9242.0,0.04582,13957.0
1753591988243,04:53:08.243,binance,ACT/USDT:USDT,0.0458,23857.0,0.04579,20387.0,0.04581,9242.0,0.04582,13957.0
1753591988348,04:53:08.348,binance,ACT/USDT:USDT,0.0458,23857.0,0.04579,20387.0,0.04581,9242.0,0.04582,13957.0
1753591988802,04:53:08.802,binance,ACT/USDT:USDT,0.0458,23741.0,0.04579,20387.0,0.04581,9242.0,0.04582,13957.0
1753591989008,04:53:09.008,binance,ACT/USDT:USDT,0.0458,23741.0,0.04579,20387.0,0.04581,9242.0,0.04582,13957.0
1753591989333,04:53:09.333,binance,ACT/USDT:USDT,0.0458,23741.0,0.04579,20387.0,0.04581,9242.0,0.04582,13957.0
1753591989468,04:53:09.468,binance,ACT/USDT:USDT,0.0458,23741.0,0.04579,20387.0,0.04581,9242.0,0.04582,13957.0
1753591989576,04:53:09.576,binance,ACT/USDT:USDT,0.0458,23741.0,0.04579,20387.0,0.04581,9242.0,0.04582,13957.0
1753591989902,04:53:09.902,binance,ACT/USDT:USDT,0.0458,23741.0,0.04579,20387.0,0.04581,9242.0,0.04582,13957.0
1753591990322,04:53:10.322,binance,ACT/USDT:USDT,0.0458,23741.0,0.04579,20387.0,0.04581,9242.0,0.04582,13957.0
1753591990449,04:53:10.449,binance,ACT/USDT:USDT,0.0458,23741.0,0.04579,20387.0,0.04581,9242.0,0.04582,13957.0
1753591990552,04:53:10.552,binance,ACT/USDT:USDT,0.0458,23741.0,0.04579,20387.0,0.04581,9242.0,0.04582,13957.0
1753591991053,04:53:11.053,binance,ACT/USDT:USDT,0.0458,23741.0,0.04579,20387.0,0.04581,9242.0,0.04582,15465.0
1753591991202,04:53:11.202,binance,ACT/USDT:USDT,0.0458,23741.0,0.04579,20387.0,0.04581,9242.0,0.04582,15465.0
1753591991384,04:53:11.384,binance,ACT/USDT:USDT,0.0458,24902.0,0.04579,20387.0,0.04581,9242.0,0.04582,15465.0
1753591991492,04:53:11.492,binance,ACT/USDT:USDT,0.0458,31587.0,0.04579,20387.0,0.04581,9242.0,0.04582,15465.0
1753591991602,04:53:11.602,binance,ACT/USDT:USDT,0.0458,31587.0,0.04579,20387.0,0.04581,9242.0,0.04582,15465.0
1753591992005,04:53:12.005,binance,ACT/USDT:USDT,0.0458,31587.0,0.04579,20387.0,0.04581,9242.0,0.04582,15465.0
1753591992116,04:53:12.116,binance,ACT/USDT:USDT,0.0458,31587.0,0.04579,20387.0,0.04581,9242.0,0.04582,15465.0
1753591992318,04:53:12.318,binance,ACT/USDT:USDT,0.0458,31587.0,0.04579,20387.0,0.04581,9242.0,0.04582,15465.0
1753591992419,04:53:12.419,binance,ACT/USDT:USDT,0.0458,19776.0,0.04579,17117.0,0.04581,9242.0,0.04582,19659.0
1753591992523,04:53:12.523,binance,ACT/USDT:USDT,0.04579,12922.0,0.04578,20416.0,0.04581,21430.0,0.04582,39669.0
1753591992634,04:53:12.634,binance,ACT/USDT:USDT,0.04579,11248.0,0.04578,20416.0,0.0458,4279.0,0.04581,21337.0
1753591992932,04:53:12.932,binance,ACT/USDT:USDT,0.04579,11248.0,0.04578,20416.0,0.0458,4279.0,0.04581,21337.0
1753591993123,04:53:13.123,binance,ACT/USDT:USDT,0.04579,11248.0,0.04578,20416.0,0.0458,4279.0,0.04581,21337.0
1753591993226,04:53:13.226,binance,ACT/USDT:USDT,0.04579,11248.0,0.04578,20416.0,0.0458,4279.0,0.04581,21337.0
1753591993458,04:53:13.458,binance,ACT/USDT:USDT,0.04578,9208.0,0.04577,57097.0,0.04579,4572.0,0.0458,14547.0
1753591993560,04:53:13.560,binance,ACT/USDT:USDT,0.04578,9208.0,0.04577,62322.0,0.04579,4572.0,0.0458,14908.0
1753591993754,04:53:13.754,binance,ACT/USDT:USDT,0.04578,9208.0,0.04577,62322.0,0.04579,4572.0,0.0458,14908.0
1753591994002,04:53:14.002,binance,ACT/USDT:USDT,0.04578,9208.0,0.04577,57097.0,0.04579,4572.0,0.0458,15033.0
1753591994209,04:53:14.209,binance,ACT/USDT:USDT,0.04578,9208.0,0.04577,57097.0,0.04579,4572.0,0.0458,12920.0
1753591994589,04:53:14.589,binance,ACT/USDT:USDT,0.04578,9208.0,0.04577,57097.0,0.04579,4572.0,0.0458,12795.0
1753591994938,04:53:14.938,binance,ACT/USDT:USDT,0.04578,9208.0,0.04577,57097.0,0.04579,4572.0,0.0458,12795.0
1753591995272,04:53:15.272,binance,ACT/USDT:USDT,0.04578,9208.0,0.04577,57097.0,0.04579,144.0,0.0458,12795.0
1753591995374,04:53:15.374,binance,ACT/USDT:USDT,0.04578,9208.0,0.04577,57097.0,0.04579,144.0,0.0458,12795.0
1753591995529,04:53:15.529,binance,ACT/USDT:USDT,0.04578,9208.0,0.04577,57097.0,0.04579,144.0,0.0458,12795.0
1753591995630,04:53:15.630,binance,ACT/USDT:USDT,0.04578,9208.0,0.04577,57097.0,0.04579,8299.0,0.0458,12795.0
1753591996144,04:53:16.144,binance,ACT/USDT:USDT,0.04578,9208.0,0.04577,57097.0,0.04579,8299.0,0.0458,12795.0
1753591996301,04:53:16.301,binance,ACT/USDT:USDT,0.04578,9208.0,0.04577,57097.0,0.04579,8299.0,0.0458,12795.0
1753591996419,04:53:16.419,binance,ACT/USDT:USDT,0.04578,9208.0,0.04577,57097.0,0.04579,8299.0,0.0458,12795.0
1753591996577,04:53:16.577,binance,ACT/USDT:USDT,0.04578,9208.0,0.04577,57097.0,0.04579,144.0,0.0458,12795.0
1753591996702,04:53:16.702,binance,ACT/USDT:USDT,0.04578,9208.0,0.04577,57097.0,0.04579,144.0,0.0458,12795.0
1753591996818,04:53:16.818,binance,ACT/USDT:USDT,0.04578,9208.0,0.04577,57097.0,0.04579,144.0,0.0458,12795.0
1753591997124,04:53:17.124,binance,ACT/USDT:USDT,0.04578,9510.0,0.04577,57097.0,0.04579,144.0,0.0458,12795.0
1753591997229,04:53:17.229,binance,ACT/USDT:USDT,0.04578,9510.0,0.04577,57097.0,0.04579,144.0,0.0458,12795.0
1753591997463,04:53:17.463,binance,ACT/USDT:USDT,0.04578,9510.0,0.04577,57097.0,0.04579,144.0,0.0458,12795.0
1753591997570,04:53:17.570,binance,ACT/USDT:USDT,0.04578,9510.0,0.04577,57097.0,0.04579,144.0,0.0458,12795.0
1753591997802,04:53:17.802,binance,ACT/USDT:USDT,0.04578,9510.0,0.04577,57097.0,0.04579,144.0,0.0458,12795.0
1753591998276,04:53:18.276,binance,ACT/USDT:USDT,0.04578,9510.0,0.04577,57097.0,0.04579,144.0,0.0458,12795.0
1753591998402,04:53:18.402,binance,ACT/USDT:USDT,0.04578,9510.0,0.04577,57097.0,0.04579,144.0,0.0458,12795.0
1753591998537,04:53:18.537,binance,ACT/USDT:USDT,0.04578,9510.0,0.04577,57097.0,0.04579,144.0,0.0458,12795.0
1753591998738,04:53:18.738,binance,ACT/USDT:USDT,0.04578,9510.0,0.04577,57097.0,0.04579,144.0,0.0458,12795.0
1753591999168,04:53:19.168,binance,ACT/USDT:USDT,0.04578,9510.0,0.04577,57097.0,0.04579,144.0,0.0458,12795.0
1753591999407,04:53:19.407,binance,ACT/USDT:USDT,0.04578,9510.0,0.04577,57097.0,0.04579,144.0,0.0458,12795.0
1753591999603,04:53:19.603,binance,ACT/USDT:USDT,0.04578,9510.0,0.04577,57097.0,0.04579,144.0,0.0458,12795.0
1753591999932,04:53:19.932,binance,ACT/USDT:USDT,0.04578,9510.0,0.04577,57097.0,0.04579,144.0,0.0458,12795.0
1753592000188,04:53:20.188,binance,ACT/USDT:USDT,0.04578,9510.0,0.04577,57097.0,0.04579,144.0,0.0458,14087.0
1753592000348,04:53:20.348,binance,ACT/USDT:USDT,0.04578,9649.0,0.04577,57097.0,0.04579,144.0,0.0458,14087.0
1753592000729,04:53:20.729,binance,ACT/USDT:USDT,0.04578,9649.0,0.04577,57097.0,0.04579,144.0,0.0458,14087.0
1753592000856,04:53:20.856,binance,ACT/USDT:USDT,0.04578,9649.0,0.04577,57097.0,0.04579,144.0,0.0458,14087.0
1753592001174,04:53:21.174,binance,ACT/USDT:USDT,0.04578,9649.0,0.04577,57097.0,0.04579,144.0,0.0458,14087.0
1753592001302,04:53:21.302,binance,ACT/USDT:USDT,0.04578,9649.0,0.04577,57097.0,0.04579,144.0,0.0458,14087.0
1753592001495,04:53:21.495,binance,ACT/USDT:USDT,0.04578,9649.0,0.04577,57097.0,0.04579,144.0,0.0458,14087.0
1753592001800,04:53:21.800,binance,ACT/USDT:USDT,0.04578,9649.0,0.04577,57097.0,0.04579,144.0,0.0458,14087.0
1753592001902,04:53:21.902,binance,ACT/USDT:USDT,0.04578,9649.0,0.04577,57097.0,0.04579,144.0,0.0458,14087.0
1753592002178,04:53:22.178,binance,ACT/USDT:USDT,0.04578,11354.0,0.04577,57097.0,0.04579,144.0,0.0458,14087.0
1753592002402,04:53:22.402,binance,ACT/USDT:USDT,0.04578,11354.0,0.04577,57097.0,0.04579,144.0,0.0458,14472.0
1753592003002,04:53:23.002,binance,ACT/USDT:USDT,0.04578,11354.0,0.04577,57097.0,0.04579,144.0,0.0458,14472.0
1753592003604,04:53:23.604,binance,ACT/USDT:USDT,0.04578,11354.0,0.04577,57097.0,0.04579,144.0,0.0458,14472.0
1753592003712,04:53:23.712,binance,ACT/USDT:USDT,0.04578,11354.0,0.04577,57097.0,0.04579,144.0,0.0458,14472.0
1753592004129,04:53:24.129,binance,ACT/USDT:USDT,0.04578,11354.0,0.04577,57097.0,0.04579,144.0,0.0458,14472.0
1753592004702,04:53:24.702,binance,ACT/USDT:USDT,0.04578,11354.0,0.04577,57097.0,0.04579,144.0,0.0458,14472.0
1753592005031,04:53:25.031,binance,ACT/USDT:USDT,0.04578,11354.0,0.04577,57097.0,0.04579,144.0,0.0458,14472.0
1753592005299,04:53:25.299,binance,ACT/USDT:USDT,0.04578,11354.0,0.04577,57097.0,0.04579,144.0,0.0458,14472.0
1753592005550,04:53:25.550,binance,ACT/USDT:USDT,0.04578,11354.0,0.04577,57097.0,0.04579,144.0,0.0458,14472.0
1753592006602,04:53:26.602,binance,ACT/USDT:USDT,0.04578,11354.0,0.04577,57097.0,0.04579,144.0,0.0458,14472.0
1753592006929,04:53:26.929,binance,ACT/USDT:USDT,0.04578,11354.0,0.04577,62137.0,0.04579,144.0,0.0458,5932.0
1753592007180,04:53:27.180,binance,ACT/USDT:USDT,0.04578,11354.0,0.04577,62137.0,0.04579,144.0,0.0458,5932.0
1753592007518,04:53:27.518,binance,ACT/USDT:USDT,0.04578,16475.0,0.04577,62137.0,0.04579,598.0,0.0458,5478.0
1753592008003,04:53:28.003,binance,ACT/USDT:USDT,0.04578,16475.0,0.04577,62137.0,0.04579,598.0,0.0458,5478.0
1753592008588,04:53:28.588,binance,ACT/USDT:USDT,0.04578,16475.0,0.04577,62137.0,0.04579,598.0,0.0458,5478.0
1753592008816,04:53:28.816,binance,ACT/USDT:USDT,0.04578,16823.0,0.04577,62137.0,0.04579,598.0,0.0458,5478.0
1753592009018,04:53:29.018,binance,ACT/USDT:USDT,0.04578,16823.0,0.04577,62137.0,0.04579,598.0,0.0458,5478.0
1753592009190,04:53:29.190,binance,ACT/USDT:USDT,0.04578,16823.0,0.04577,62137.0,0.04579,598.0,0.0458,5478.0
1753592009515,04:53:29.515,binance,ACT/USDT:USDT,0.04578,16823.0,0.04577,62137.0,0.04579,598.0,0.0458,5478.0
1753592009648,04:53:29.648,binance,ACT/USDT:USDT,0.04578,16823.0,0.04577,62137.0,0.04579,598.0,0.0458,5478.0
1753592009752,04:53:29.752,binance,ACT/USDT:USDT,0.04578,16823.0,0.04577,62137.0,0.04579,598.0,0.0458,5478.0
1753592009902,04:53:29.902,binance,ACT/USDT:USDT,0.04578,16823.0,0.04577,62137.0,0.04579,598.0,0.0458,5478.0
1753592010010,04:53:30.010,binance,ACT/USDT:USDT,0.04578,16823.0,0.04577,62137.0,0.04579,598.0,0.0458,5478.0
1753592010303,04:53:30.303,binance,ACT/USDT:USDT,0.04578,16823.0,0.04577,62137.0,0.04579,598.0,0.0458,5478.0
1753592010902,04:53:30.902,binance,ACT/USDT:USDT,0.04578,16823.0,0.04577,62137.0,0.04579,598.0,0.0458,5478.0
1753592011007,04:53:31.007,binance,ACT/USDT:USDT,0.04578,16823.0,0.04577,62137.0,0.04579,598.0,0.0458,5478.0
1753592011209,04:53:31.209,binance,ACT/USDT:USDT,0.04578,16823.0,0.04577,62137.0,0.04579,598.0,0.0458,5478.0
1753592011459,04:53:31.459,binance,ACT/USDT:USDT,0.04578,16823.0,0.04577,62137.0,0.04579,598.0,0.0458,5478.0
1753592011574,04:53:31.574,binance,ACT/USDT:USDT,0.04578,16823.0,0.04577,62137.0,0.04579,598.0,0.0458,5478.0
1753592011978,04:53:31.978,binance,ACT/USDT:USDT,0.04578,16823.0,0.04577,62137.0,0.04579,598.0,0.0458,5478.0
1753592012247,04:53:32.247,binance,ACT/USDT:USDT,0.04578,16823.0,0.04577,62137.0,0.04579,598.0,0.0458,5478.0
1753592012459,04:53:32.459,binance,ACT/USDT:USDT,0.04579,10976.0,0.04578,26144.0,0.0458,5478.0,0.04581,21745.0
1753592012560,04:53:32.560,binance,ACT/USDT:USDT,0.04579,10976.0,0.04578,26505.0,0.0458,4186.0,0.04581,18315.0
1753592012688,04:53:32.688,binance,ACT/USDT:USDT,0.04579,10976.0,0.04578,26366.0,0.0458,4186.0,0.04581,18315.0
1753592013058,04:53:33.058,binance,ACT/USDT:USDT,0.04579,11166.0,0.04578,26366.0,0.0458,4186.0,0.04581,18315.0
1753592013441,04:53:33.441,binance,ACT/USDT:USDT,0.04579,11166.0,0.04578,26366.0,0.0458,4186.0,0.04581,18315.0
1753592013561,04:53:33.561,binance,ACT/USDT:USDT,0.04579,11166.0,0.04578,26366.0,0.0458,4186.0,0.04581,18315.0
1753592013702,04:53:33.702,binance,ACT/USDT:USDT,0.04579,11166.0,0.04578,26366.0,0.0458,4186.0,0.04581,18315.0
1753592014202,04:53:34.202,binance,ACT/USDT:USDT,0.04579,11166.0,0.04578,26366.0,0.0458,4186.0,0.04581,18315.0
1753592014559,04:53:34.559,binance,ACT/USDT:USDT,0.04579,11166.0,0.04578,26366.0,0.0458,4186.0,0.04581,18315.0
1753592014681,04:53:34.681,binance,ACT/USDT:USDT,0.04579,11166.0,0.04578,26366.0,0.0458,4186.0,0.04581,18315.0
1753592014901,04:53:34.901,binance,ACT/USDT:USDT,0.04579,11166.0,0.04578,26366.0,0.0458,4186.0,0.04581,18315.0
1753592015008,04:53:35.008,binance,ACT/USDT:USDT,0.04579,11166.0,0.04578,26366.0,0.0458,4186.0,0.04581,18315.0
1753592015302,04:53:35.302,binance,ACT/USDT:USDT,0.04579,11166.0,0.04578,26366.0,0.0458,4186.0,0.04581,18315.0
1753592015520,04:53:35.520,binance,ACT/USDT:USDT,0.04579,11166.0,0.04578,24661.0,0.0458,4186.0,0.04581,18315.0
1753592015658,04:53:35.658,binance,ACT/USDT:USDT,0.04579,12871.0,0.04578,24661.0,0.0458,4186.0,0.04581,13315.0
1753592015769,04:53:35.769,binance,ACT/USDT:USDT,0.0458,1601.0,0.04579,10470.0,0.04581,13174.0,0.04582,39758.0
1753592015874,04:53:35.874,binance,ACT/USDT:USDT,0.0458,1601.0,0.04579,15460.0,0.04581,13174.0,0.04582,44018.0
1753592015980,04:53:35.980,binance,ACT/USDT:USDT,0.0458,2220.0,0.04579,15460.0,0.04581,17179.0,0.04582,37364.0
1753592016169,04:53:36.169,binance,ACT/USDT:USDT,0.0458,2220.0,0.04579,13565.0,0.04581,17179.0,0.04582,37364.0
1753592016403,04:53:36.403,binance,ACT/USDT:USDT,0.0458,2220.0,0.04579,13565.0,0.04581,17179.0,0.04582,37364.0
1753592016555,04:53:36.555,binance,ACT/USDT:USDT,0.0458,2220.0,0.04579,13565.0,0.04581,17183.0,0.04582,37364.0
1753592016704,04:53:36.704,binance,ACT/USDT:USDT,0.0458,2220.0,0.04579,13565.0,0.04581,17183.0,0.04582,36201.0
1753592016856,04:53:36.856,binance,ACT/USDT:USDT,0.0458,2220.0,0.04579,13565.0,0.04581,17183.0,0.04582,36201.0
1753592016958,04:53:36.958,binance,ACT/USDT:USDT,0.0458,2220.0,0.04579,13565.0,0.04581,17183.0,0.04582,36201.0
1753592017243,04:53:37.243,binance,ACT/USDT:USDT,0.04579,9114.0,0.04578,24170.0,0.04581,13042.0,0.04582,32996.0
1753592017348,04:53:37.348,binance,ACT/USDT:USDT,0.04579,8575.0,0.04578,24170.0,0.04581,13042.0,0.04582,32996.0
1753592017509,04:53:37.509,binance,ACT/USDT:USDT,0.04579,9211.0,0.04578,24170.0,0.04581,13042.0,0.04582,32996.0
1753592017638,04:53:37.638,binance,ACT/USDT:USDT,0.04579,9356.0,0.04578,24170.0,0.04581,13042.0,0.04582,32996.0
1753592017794,04:53:37.794,binance,ACT/USDT:USDT,0.04579,9356.0,0.04578,24170.0,0.04581,13042.0,0.04582,32996.0
1753592018089,04:53:38.089,binance,ACT/USDT:USDT,0.04579,9356.0,0.04578,24170.0,0.04581,13042.0,0.04582,32996.0
1753592018557,04:53:38.557,binance,ACT/USDT:USDT,0.04579,9356.0,0.04578,24170.0,0.04581,13042.0,0.04582,32996.0
1753592018702,04:53:38.702,binance,ACT/USDT:USDT,0.04579,9356.0,0.04578,24170.0,0.04581,13042.0,0.04582,32996.0
1753592019202,04:53:39.202,binance,ACT/USDT:USDT,0.04579,9356.0,0.04578,24170.0,0.04581,13042.0,0.04582,32996.0
1753592019351,04:53:39.351,binance,ACT/USDT:USDT,0.04579,9356.0,0.04578,24170.0,0.04581,13042.0,0.04582,32996.0
1753592019802,04:53:39.802,binance,ACT/USDT:USDT,0.04579,9356.0,0.04578,24170.0,0.04581,13042.0,0.04582,32996.0
1753592020093,04:53:40.093,binance,ACT/USDT:USDT,0.04579,9356.0,0.04578,24170.0,0.04581,13175.0,0.04582,32996.0
1753592020334,04:53:40.334,binance,ACT/USDT:USDT,0.04579,9356.0,0.04578,24170.0,0.04581,13175.0,0.04582,33260.0
1753592020486,04:53:40.486,binance,ACT/USDT:USDT,0.0458,8369.0,0.04579,14853.0,0.04581,12814.0,0.04582,26006.0
1753592020596,04:53:40.596,binance,ACT/USDT:USDT,0.0458,8369.0,0.04579,14853.0,0.04581,12814.0,0.04582,26006.0
1753592020979,04:53:40.979,binance,ACT/USDT:USDT,0.0458,8369.0,0.04579,14708.0,0.04581,12814.0,0.04582,26006.0
1753592021144,04:53:41.144,binance,ACT/USDT:USDT,0.04579,9778.0,0.04578,34017.0,0.04581,12814.0,0.04582,26006.0
1753592021502,04:53:41.502,binance,ACT/USDT:USDT,0.0458,8645.0,0.04579,9778.0,0.04581,12814.0,0.04582,26006.0
1753592021609,04:53:41.609,binance,ACT/USDT:USDT,0.0458,276.0,0.04579,14913.0,0.04581,12814.0,0.04582,26006.0
1753592022102,04:53:42.102,binance,ACT/USDT:USDT,0.0458,276.0,0.04579,14913.0,0.04581,12814.0,0.04582,26006.0
1753592022245,04:53:42.245,binance,ACT/USDT:USDT,0.0458,276.0,0.04579,14913.0,0.04581,12814.0,0.04582,26006.0
1753592022442,04:53:42.442,binance,ACT/USDT:USDT,0.04579,9778.0,0.04578,34017.0,0.04581,12814.0,0.04582,26006.0
1753592022625,04:53:42.625,binance,ACT/USDT:USDT,0.04579,9778.0,0.04578,34017.0,0.04581,12814.0,0.04582,26006.0
1753592022802,04:53:42.802,binance,ACT/USDT:USDT,0.04579,9778.0,0.04578,34017.0,0.04581,12814.0,0.04582,26006.0
1753592023110,04:53:43.110,binance,ACT/USDT:USDT,0.0458,8645.0,0.04579,14913.0,0.04581,12814.0,0.04582,26006.0
1753592023211,04:53:43.211,binance,ACT/USDT:USDT,0.0458,8645.0,0.04579,14913.0,0.04581,12814.0,0.04582,26006.0
1753592023319,04:53:43.319,binance,ACT/USDT:USDT,0.0458,9683.0,0.04579,14913.0,0.04581,4770.0,0.04582,26006.0
1753592023460,04:53:43.460,binance,ACT/USDT:USDT,0.0458,9683.0,0.04579,14913.0,0.04581,4770.0,0.04582,25599.0
1753592023561,04:53:43.561,binance,ACT/USDT:USDT,0.0458,9683.0,0.04579,14913.0,0.04581,4770.0,0.04582,25599.0
1753592023802,04:53:43.802,binance,ACT/USDT:USDT,0.0458,9683.0,0.04579,14913.0,0.04581,4770.0,0.04582,25599.0
1753592024550,04:53:44.550,binance,ACT/USDT:USDT,0.0458,9683.0,0.04579,14913.0,0.04581,4770.0,0.04582,25599.0
1753592025003,04:53:45.003,binance,ACT/USDT:USDT,0.0458,9683.0,0.04579,14913.0,0.04581,4770.0,0.04582,25599.0
1753592025198,04:53:45.198,binance,ACT/USDT:USDT,0.0458,9683.0,0.04579,14913.0,0.04581,4770.0,0.04582,25599.0
1753592025358,04:53:45.358,binance,ACT/USDT:USDT,0.0458,9683.0,0.04579,14913.0,0.04581,4770.0,0.04582,25599.0
1753592025602,04:53:45.602,binance,ACT/USDT:USDT,0.0458,9683.0,0.04579,14913.0,0.04581,4770.0,0.04582,25599.0
1753592026201,04:53:46.201,binance,ACT/USDT:USDT,0.0458,9683.0,0.04579,14913.0,0.04581,4770.0,0.04582,25599.0
1753592026335,04:53:46.335,binance,ACT/USDT:USDT,0.0458,9683.0,0.04579,14913.0,0.04581,4770.0,0.04582,25599.0
1753592026721,04:53:46.721,binance,ACT/USDT:USDT,0.0458,9683.0,0.04579,14913.0,0.04581,4770.0,0.04582,25599.0
1753592026823,04:53:46.823,binance,ACT/USDT:USDT,0.0458,9683.0,0.04579,14913.0,0.04581,4770.0,0.04582,25599.0
1753592027011,04:53:47.011,binance,ACT/USDT:USDT,0.0458,9683.0,0.04579,14913.0,0.04581,4770.0,0.04582,20599.0
1753592027124,04:53:47.124,binance,ACT/USDT:USDT,0.0458,9683.0,0.04579,14913.0,0.04581,4770.0,0.04582,20599.0
1753592027243,04:53:47.243,binance,ACT/USDT:USDT,0.0458,9683.0,0.04579,14913.0,0.04581,4770.0,0.04582,20335.0
1753592027378,04:53:47.378,binance,ACT/USDT:USDT,0.0458,9683.0,0.04579,14913.0,0.04581,4770.0,0.04582,20335.0
1753592027613,04:53:47.613,binance,ACT/USDT:USDT,0.0458,9683.0,0.04579,14913.0,0.04581,4770.0,0.04582,20335.0
1753592027793,04:53:47.793,binance,ACT/USDT:USDT,0.0458,9519.0,0.04579,14913.0,0.04581,4770.0,0.04582,20335.0
1753592027959,04:53:47.959,binance,ACT/USDT:USDT,0.0458,9519.0,0.04579,14913.0,0.04581,4770.0,0.04582,20335.0
1753592028238,04:53:48.238,binance,ACT/USDT:USDT,0.0458,9519.0,0.04579,14913.0,0.04581,4770.0,0.04582,20335.0
1753592028383,04:53:48.383,binance,ACT/USDT:USDT,0.0458,9519.0,0.04579,14913.0,0.04581,4770.0,0.04582,20335.0
1753592028485,04:53:48.485,binance,ACT/USDT:USDT,0.0458,9519.0,0.04579,14913.0,0.04581,4770.0,0.04582,20335.0
1753592028588,04:53:48.588,binance,ACT/USDT:USDT,0.0458,9519.0,0.04579,14913.0,0.04581,4770.0,0.04582,20335.0
1753592028732,04:53:48.732,binance,ACT/USDT:USDT,0.0458,9519.0,0.04579,14913.0,0.04581,4770.0,0.04582,20335.0
1753592028868,04:53:48.868,binance,ACT/USDT:USDT,0.0458,9519.0,0.04579,14913.0,0.04581,4770.0,0.04582,20335.0
1753592029002,04:53:49.002,binance,ACT/USDT:USDT,0.0458,9519.0,0.04579,14913.0,0.04581,4770.0,0.04582,20335.0
1753592029158,04:53:49.158,binance,ACT/USDT:USDT,0.0458,9519.0,0.04579,14913.0,0.04581,4770.0,0.04582,20335.0
1753592029493,04:53:49.493,binance,ACT/USDT:USDT,0.0458,9519.0,0.04579,14913.0,0.04581,4770.0,0.04582,20335.0
1753592029596,04:53:49.596,binance,ACT/USDT:USDT,0.0458,9519.0,0.04579,14913.0,0.04581,4770.0,0.04582,20335.0
1753592029791,04:53:49.791,binance,ACT/USDT:USDT,0.0458,9519.0,0.04579,14913.0,0.04581,4770.0,0.04582,20335.0
1753592030102,04:53:50.102,binance,ACT/USDT:USDT,0.0458,9519.0,0.04579,14913.0,0.04581,4770.0,0.04582,20335.0
1753592030439,04:53:50.439,binance,ACT/USDT:USDT,0.0458,9519.0,0.04579,14913.0,0.04581,765.0,0.04582,20335.0
1753592030572,04:53:50.572,binance,ACT/USDT:USDT,0.0458,9519.0,0.04579,15274.0,0.04581,897.0,0.04582,20335.0
1753592030702,04:53:50.702,binance,ACT/USDT:USDT,0.0458,9519.0,0.04579,15274.0,0.04581,897.0,0.04582,24098.0
1753592031011,04:53:51.011,binance,ACT/USDT:USDT,0.0458,9519.0,0.04579,15274.0,0.04581,897.0,0.04582,24098.0
1753592031146,04:53:51.146,binance,ACT/USDT:USDT,0.0458,9519.0,0.04579,15274.0,0.04581,897.0,0.04582,24098.0
1753592031248,04:53:51.248,binance,ACT/USDT:USDT,0.0458,9519.0,0.04579,15274.0,0.04581,897.0,0.04582,24098.0
1753592031484,04:53:51.484,binance,ACT/USDT:USDT,0.0458,9519.0,0.04579,15274.0,0.04581,922.0,0.04582,24098.0
1753592031750,04:53:51.750,binance,ACT/USDT:USDT,0.0458,9519.0,0.04579,15274.0,0.04581,922.0,0.04582,24098.0
1753592031901,04:53:51.901,binance,ACT/USDT:USDT,0.0458,9519.0,0.04579,15274.0,0.04581,922.0,0.04582,24098.0
1753592032154,04:53:52.154,binance,ACT/USDT:USDT,0.0458,9519.0,0.04579,15274.0,0.04581,922.0,0.04582,24098.0
1753592032309,04:53:52.309,binance,ACT/USDT:USDT,0.0458,9519.0,0.04579,15274.0,0.04581,922.0,0.04582,24098.0
1753592032556,04:53:52.556,binance,ACT/USDT:USDT,0.0458,9519.0,0.04579,15274.0,0.04581,928.0,0.04582,24098.0
1753592032829,04:53:52.829,binance,ACT/USDT:USDT,0.0458,9519.0,0.04579,15274.0,0.04581,1055.0,0.04582,24098.0
1753592033002,04:53:53.002,binance,ACT/USDT:USDT,0.0458,9519.0,0.04579,15274.0,0.04581,1055.0,0.04582,24098.0
1753592033243,04:53:53.243,binance,ACT/USDT:USDT,0.0458,9519.0,0.04579,15274.0,0.04581,1055.0,0.04582,24098.0
1753592033346,04:53:53.346,binance,ACT/USDT:USDT,0.0458,9519.0,0.04579,15274.0,0.04581,1055.0,0.04582,24098.0
1753592033471,04:53:53.471,binance,ACT/USDT:USDT,0.0458,9519.0,0.04579,15274.0,0.04581,1055.0,0.04582,24098.0
1753592034163,04:53:54.163,binance,ACT/USDT:USDT,0.0458,9519.0,0.04579,15274.0,0.04581,1055.0,0.04582,24098.0
1753592034502,04:53:54.502,binance,ACT/USDT:USDT,0.0458,12889.0,0.04579,15274.0,0.04581,1055.0,0.04582,24098.0
1753592034734,04:53:54.734,binance,ACT/USDT:USDT,0.0458,12889.0,0.04579,15274.0,0.04581,1055.0,0.04582,24098.0
1753592035017,04:53:55.017,binance,ACT/USDT:USDT,0.0458,12889.0,0.04579,15274.0,0.04581,1055.0,0.04582,24098.0
1753592035469,04:53:55.469,binance,ACT/USDT:USDT,0.0458,9519.0,0.04579,15274.0,0.04581,1055.0,0.04582,24098.0
1753592035602,04:53:55.602,binance,ACT/USDT:USDT,0.0458,9519.0,0.04579,15274.0,0.04581,1055.0,0.04582,24098.0
1753592036159,04:53:56.159,binance,ACT/USDT:USDT,0.0458,9519.0,0.04579,15274.0,0.04581,1055.0,0.04582,24098.0
1753592036625,04:53:56.625,binance,ACT/USDT:USDT,0.0458,9519.0,0.04579,15274.0,0.04581,1055.0,0.04582,24098.0
1753592036783,04:53:56.783,binance,ACT/USDT:USDT,0.0458,9519.0,0.04579,15274.0,0.04581,1055.0,0.04582,24098.0
1753592036975,04:53:56.975,binance,ACT/USDT:USDT,0.0458,9519.0,0.04579,15274.0,0.04581,1055.0,0.04582,24098.0
1753592037169,04:53:57.169,binance,ACT/USDT:USDT,0.0458,9519.0,0.04579,15274.0,0.04581,1055.0,0.04582,24098.0
1753592037608,04:53:57.608,binance,ACT/USDT:USDT,0.0458,9519.0,0.04579,15274.0,0.04581,1055.0,0.04582,24098.0
1753592037802,04:53:57.802,binance,ACT/USDT:USDT,0.0458,9519.0,0.04579,15274.0,0.04581,1055.0,0.04582,24098.0
1753592037933,04:53:57.933,binance,ACT/USDT:USDT,0.0458,9519.0,0.04579,15274.0,0.04581,1055.0,0.04582,24098.0
1753592038064,04:53:58.064,binance,ACT/USDT:USDT,0.0458,9519.0,0.04579,15274.0,0.04581,1055.0,0.04582,24098.0
1753592038209,04:53:58.209,binance,ACT/USDT:USDT,0.0458,9519.0,0.04579,15274.0,0.04581,1055.0,0.04582,24098.0
1753592038402,04:53:58.402,binance,ACT/USDT:USDT,0.0458,9519.0,0.04579,15274.0,0.04581,1055.0,0.04582,24098.0
1753592039002,04:53:59.002,binance,ACT/USDT:USDT,0.0458,9519.0,0.04579,15274.0,0.04581,1055.0,0.04582,24098.0
1753592039263,04:53:59.263,binance,ACT/USDT:USDT,0.0458,15342.0,0.04579,15274.0,0.04581,1055.0,0.04582,24098.0
1753592039559,04:53:59.559,binance,ACT/USDT:USDT,0.0458,15342.0,0.04579,15274.0,0.04581,1055.0,0.04582,24098.0
1753592039701,04:53:59.701,binance,ACT/USDT:USDT,0.0458,15342.0,0.04579,15274.0,0.04581,1055.0,0.04582,24098.0
1753592040102,04:54:00.102,binance,ACT/USDT:USDT,0.0458,15342.0,0.04579,15274.0,0.04581,1055.0,0.04582,24098.0
1753592040562,04:54:00.562,binance,ACT/USDT:USDT,0.0458,15771.0,0.04579,15274.0,0.04581,1055.0,0.04582,24098.0
1753592040667,04:54:00.667,binance,ACT/USDT:USDT,0.0458,15771.0,0.04579,15274.0,0.04581,1055.0,0.04582,24098.0
1753592040801,04:54:00.801,binance,ACT/USDT:USDT,0.0458,15771.0,0.04579,15274.0,0.04581,1055.0,0.04582,24098.0
1753592040988,04:54:00.988,binance,ACT/USDT:USDT,0.0458,15771.0,0.04579,15274.0,0.04581,1055.0,0.04582,24098.0
1753592041202,04:54:01.202,binance,ACT/USDT:USDT,0.0458,15771.0,0.04579,15274.0,0.04581,1055.0,0.04582,21929.0
1753592041610,04:54:01.610,binance,ACT/USDT:USDT,0.0458,15771.0,0.04579,15274.0,0.04581,1055.0,0.04582,21929.0
1753592041738,04:54:01.738,binance,ACT/USDT:USDT,0.0458,15771.0,0.04579,15274.0,0.04581,1055.0,0.04582,21929.0
1753592041925,04:54:01.925,binance,ACT/USDT:USDT,0.0458,15771.0,0.04579,15274.0,0.04581,1055.0,0.04582,21929.0
1753592042206,04:54:02.206,binance,ACT/USDT:USDT,0.0458,15771.0,0.04579,15274.0,0.04581,1055.0,0.04582,21929.0
1753592042467,04:54:02.467,binance,ACT/USDT:USDT,0.0458,15771.0,0.04579,15274.0,0.04581,1055.0,0.04582,21929.0
1753592042580,04:54:02.580,binance,ACT/USDT:USDT,0.0458,15771.0,0.04579,15274.0,0.04581,1055.0,0.04582,21929.0
1753592042802,04:54:02.802,binance,ACT/USDT:USDT,0.0458,15771.0,0.04579,15274.0,0.04581,1055.0,0.04582,21929.0
1753592043041,04:54:03.041,binance,ACT/USDT:USDT,0.0458,15771.0,0.04579,15274.0,0.04581,1055.0,0.04582,21929.0
1753592043399,04:54:03.399,binance,ACT/USDT:USDT,0.0458,15771.0,0.04579,20274.0,0.04581,1055.0,0.04582,21929.0
1753592043502,04:54:03.502,binance,ACT/USDT:USDT,0.0458,15771.0,0.04579,20274.0,0.04581,1055.0,0.04582,21929.0
1753592044045,04:54:04.045,binance,ACT/USDT:USDT,0.0458,15771.0,0.04579,20546.0,0.04581,1190.0,0.04582,21929.0
1753592044254,04:54:04.254,binance,ACT/USDT:USDT,0.04583,4617.0,0.04582,30661.0,0.04584,8682.0,0.04585,11158.0
1753592044355,04:54:04.355,binance,ACT/USDT:USDT,0.04583,5655.0,0.04582,36869.0,0.04584,8297.0,0.04585,10758.0
1753592044459,04:54:04.459,binance,ACT/USDT:USDT,0.04583,6233.0,0.04582,36869.0,0.04584,8297.0,0.04585,14456.0
1753592044561,04:54:04.561,binance,ACT/USDT:USDT,0.04583,6509.0,0.04582,36869.0,0.04584,8297.0,0.04585,14456.0
1753592044684,04:54:04.684,binance,ACT/USDT:USDT,0.04583,6509.0,0.04582,36869.0,0.04584,8297.0,0.04585,14456.0
1753592044822,04:54:04.822,binance,ACT/USDT:USDT,0.04583,6509.0,0.04582,36869.0,0.04584,8297.0,0.04585,12776.0
1753592044959,04:54:04.959,binance,ACT/USDT:USDT,0.04583,6509.0,0.04582,36869.0,0.04584,8297.0,0.04585,12776.0
1753592045066,04:54:05.066,binance,ACT/USDT:USDT,0.04583,6509.0,0.04582,36869.0,0.04584,8297.0,0.04585,12776.0
1753592045171,04:54:05.171,binance,ACT/USDT:USDT,0.04583,6509.0,0.04582,37141.0,0.04584,8297.0,0.04585,12776.0
1753592045284,04:54:05.284,binance,ACT/USDT:USDT,0.04583,6509.0,0.04582,37141.0,0.04584,8297.0,0.04585,12776.0
1753592045451,04:54:05.451,binance,ACT/USDT:USDT,0.04583,6509.0,0.04582,37141.0,0.04584,8297.0,0.04585,12776.0
1753592045553,04:54:05.553,binance,ACT/USDT:USDT,0.04583,6509.0,0.04582,37141.0,0.04584,8297.0,0.04585,12776.0
1753592045657,04:54:05.657,binance,ACT/USDT:USDT,0.04583,6509.0,0.04582,37141.0,0.04584,8297.0,0.04585,12776.0
1753592045798,04:54:05.798,binance,ACT/USDT:USDT,0.04583,6509.0,0.04582,37141.0,0.04584,8297.0,0.04585,12776.0
1753592045904,04:54:05.904,binance,ACT/USDT:USDT,0.04583,6509.0,0.04582,37141.0,0.04584,8297.0,0.04585,12776.0
1753592046260,04:54:06.260,binance,ACT/USDT:USDT,0.04583,6652.0,0.04582,37141.0,0.04584,8297.0,0.04585,14459.0
1753592046364,04:54:06.364,binance,ACT/USDT:USDT,0.04583,6652.0,0.04582,37141.0,0.04584,8297.0,0.04585,14459.0
1753592046558,04:54:06.558,binance,ACT/USDT:USDT,0.04583,6652.0,0.04582,37141.0,0.04584,8297.0,0.04585,14459.0
1753592046736,04:54:06.736,binance,ACT/USDT:USDT,0.04583,6652.0,0.04582,37141.0,0.04584,8297.0,0.04585,14459.0
1753592046932,04:54:06.932,binance,ACT/USDT:USDT,0.04583,6652.0,0.04582,37141.0,0.04584,8297.0,0.04585,14459.0
1753592047102,04:54:07.102,binance,ACT/USDT:USDT,0.04583,6652.0,0.04582,37141.0,0.04584,8297.0,0.04585,14459.0
1753592047278,04:54:07.278,binance,ACT/USDT:USDT,0.04583,6652.0,0.04582,37141.0,0.04584,8297.0,0.04585,14459.0
1753592047412,04:54:07.412,binance,ACT/USDT:USDT,0.04583,6652.0,0.04582,37141.0,0.04584,8297.0,0.04585,14459.0
1753592047517,04:54:07.517,binance,ACT/USDT:USDT,0.04583,6652.0,0.04582,37141.0,0.04584,8297.0,0.04585,14459.0
1753592047702,04:54:07.702,binance,ACT/USDT:USDT,0.04583,6652.0,0.04582,37141.0,0.04584,8297.0,0.04585,14459.0
1753592048117,04:54:08.117,binance,ACT/USDT:USDT,0.04583,6652.0,0.04582,37141.0,0.04584,8297.0,0.04585,14459.0
1753592048258,04:54:08.258,binance,ACT/USDT:USDT,0.04583,6652.0,0.04582,37141.0,0.04584,8297.0,0.04585,14459.0
1753592048365,04:54:08.365,binance,ACT/USDT:USDT,0.04583,6652.0,0.04582,37141.0,0.04584,8297.0,0.04585,14459.0
1753592048603,04:54:08.603,binance,ACT/USDT:USDT,0.04583,6652.0,0.04582,37141.0,0.04584,8297.0,0.04585,14459.0
1753592048802,04:54:08.802,binance,ACT/USDT:USDT,0.04583,6652.0,0.04582,37141.0,0.04584,8297.0,0.04585,14459.0
1753592049179,04:54:09.179,binance,ACT/USDT:USDT,0.04583,6652.0,0.04582,37141.0,0.04584,8297.0,0.04585,14459.0
1753592049329,04:54:09.329,binance,ACT/USDT:USDT,0.04583,6652.0,0.04582,37141.0,0.04584,8297.0,0.04585,14459.0
1753592049439,04:54:09.439,binance,ACT/USDT:USDT,0.04583,6652.0,0.04582,37141.0,0.04584,8297.0,0.04585,14459.0
1753592050112,04:54:10.112,binance,ACT/USDT:USDT,0.04583,6652.0,0.04582,37141.0,0.04584,8297.0,0.04585,14459.0
1753592050213,04:54:10.213,binance,ACT/USDT:USDT,0.04584,1791.0,0.04583,6675.0,0.04585,14306.0,0.04586,24167.0
1753592050318,04:54:10.318,binance,ACT/USDT:USDT,0.04584,1791.0,0.04583,6947.0,0.04585,14306.0,0.04586,24167.0
1753592050429,04:54:10.429,binance,ACT/USDT:USDT,0.04584,1791.0,0.04583,6947.0,0.04585,14306.0,0.04586,24167.0
1753592050547,04:54:10.547,binance,ACT/USDT:USDT,0.04584,1791.0,0.04583,6947.0,0.04585,14306.0,0.04586,18754.0
1753592050819,04:54:10.819,binance,ACT/USDT:USDT,0.04584,2358.0,0.04583,6947.0,0.04585,14306.0,0.04586,18754.0
1753592050925,04:54:10.925,binance,ACT/USDT:USDT,0.04584,2358.0,0.04583,6947.0,0.04585,14306.0,0.04586,18754.0
1753592051343,04:54:11.343,binance,ACT/USDT:USDT,0.04584,1791.0,0.04583,6947.0,0.04585,14306.0,0.04586,24536.0
1753592051449,04:54:11.449,binance,ACT/USDT:USDT,0.04584,1791.0,0.04583,6947.0,0.04585,14306.0,0.04586,24536.0
1753592051552,04:54:11.552,binance,ACT/USDT:USDT,0.04584,1791.0,0.04583,6947.0,0.04585,14306.0,0.04586,24536.0
1753592051883,04:54:11.883,binance,ACT/USDT:USDT,0.04584,1791.0,0.04583,6947.0,0.04585,14306.0,0.04586,24536.0
1753592052102,04:54:12.102,binance,ACT/USDT:USDT,0.04584,1791.0,0.04583,6947.0,0.04585,14306.0,0.04586,24536.0
1753592052203,04:54:12.203,binance,ACT/USDT:USDT,0.04584,1791.0,0.04583,6947.0,0.04585,12623.0,0.04586,19381.0
1753592052622,04:54:12.622,binance,ACT/USDT:USDT,0.04584,1791.0,0.04583,6947.0,0.04585,12623.0,0.04586,19381.0
1753592052727,04:54:12.727,binance,ACT/USDT:USDT,0.04584,1791.0,0.04583,6947.0,0.04585,12623.0,0.04586,19381.0
1753592053061,04:54:13.061,binance,ACT/USDT:USDT,0.04584,1791.0,0.04583,5909.0,0.04585,11585.0,0.04586,18988.0
1753592053179,04:54:13.179,binance,ACT/USDT:USDT,0.04584,1791.0,0.04583,5909.0,0.04585,11585.0,0.04586,18988.0
1753592053283,04:54:13.283,binance,ACT/USDT:USDT,0.04584,1791.0,0.04583,5909.0,0.04585,11585.0,0.04586,18988.0
1753592053399,04:54:13.399,binance,ACT/USDT:USDT,0.04584,1791.0,0.04583,5909.0,0.04585,11585.0,0.04586,18988.0
1753592053517,04:54:13.517,binance,ACT/USDT:USDT,0.04584,1791.0,0.04583,5909.0,0.04585,11585.0,0.04586,18988.0
1753592053634,04:54:13.634,binance,ACT/USDT:USDT,0.04584,2067.0,0.04583,5909.0,0.04585,11585.0,0.04586,18988.0
1753592053736,04:54:13.736,binance,ACT/USDT:USDT,0.04584,2695.0,0.04583,5909.0,0.04585,11585.0,0.04586,18988.0
1753592054120,04:54:14.120,binance,ACT/USDT:USDT,0.04584,2695.0,0.04583,5909.0,0.04585,11585.0,0.04586,18988.0
1753592054226,04:54:14.226,binance,ACT/USDT:USDT,0.04584,2067.0,0.04583,5909.0,0.04585,11585.0,0.04586,18988.0
1753592054328,04:54:14.328,binance,ACT/USDT:USDT,0.04584,2067.0,0.04583,5909.0,0.04585,11585.0,0.04586,18988.0
1753592054461,04:54:14.461,binance,ACT/USDT:USDT,0.04584,2067.0,0.04583,5909.0,0.04585,11585.0,0.04586,18988.0
1753592054587,04:54:14.587,binance,ACT/USDT:USDT,0.04584,2067.0,0.04583,5909.0,0.04585,11585.0,0.04586,18988.0
1753592054849,04:54:14.849,binance,ACT/USDT:USDT,0.04584,2067.0,0.04583,5909.0,0.04585,11585.0,0.04586,18988.0
1753592054957,04:54:14.957,binance,ACT/USDT:USDT,0.04584,2067.0,0.04583,5909.0,0.04585,11585.0,0.04586,18988.0
1753592055064,04:54:15.064,binance,ACT/USDT:USDT,0.04584,2067.0,0.04583,5909.0,0.04585,11585.0,0.04586,18988.0
1753592055191,04:54:15.191,binance,ACT/USDT:USDT,0.04584,2067.0,0.04583,5909.0,0.04585,11585.0,0.04586,18988.0
1753592055368,04:54:15.368,binance,ACT/USDT:USDT,0.04584,2067.0,0.04583,5909.0,0.04585,11585.0,0.04586,18988.0
1753592055503,04:54:15.503,binance,ACT/USDT:USDT,0.04584,2067.0,0.04583,5909.0,0.04585,11585.0,0.04586,18988.0
1753592055788,04:54:15.788,binance,ACT/USDT:USDT,0.04584,2067.0,0.04583,5909.0,0.04585,11585.0,0.04586,18988.0
1753592055914,04:54:15.914,binance,ACT/USDT:USDT,0.04584,1791.0,0.04583,5909.0,0.04585,11585.0,0.04586,18988.0
1753592056059,04:54:16.059,binance,ACT/USDT:USDT,0.04584,1791.0,0.04583,5909.0,0.04585,11585.0,0.04586,18988.0
1753592056176,04:54:16.176,binance,ACT/USDT:USDT,0.04584,1791.0,0.04583,5909.0,0.04585,11585.0,0.04586,18988.0
1753592056371,04:54:16.371,binance,ACT/USDT:USDT,0.04584,1791.0,0.04583,5909.0,0.04585,11585.0,0.04586,18988.0
1753592056565,04:54:16.565,binance,ACT/USDT:USDT,0.04584,1791.0,0.04583,5909.0,0.04585,11585.0,0.04586,18988.0
1753592056667,04:54:16.667,binance,ACT/USDT:USDT,0.04584,2326.0,0.04583,5909.0,0.04585,11585.0,0.04586,18988.0
1753592057102,04:54:17.102,binance,ACT/USDT:USDT,0.04584,2326.0,0.04583,5909.0,0.04585,11585.0,0.04586,18988.0
1753592057219,04:54:17.219,binance,ACT/USDT:USDT,0.04584,1791.0,0.04583,5909.0,0.04585,11585.0,0.04586,18988.0
1753592057335,04:54:17.335,binance,ACT/USDT:USDT,0.04584,1791.0,0.04583,5909.0,0.04585,11585.0,0.04586,21292.0
1753592057854,04:54:17.854,binance,ACT/USDT:USDT,0.04584,1791.0,0.04583,5909.0,0.04585,11585.0,0.04586,21292.0
1753592058302,04:54:18.302,binance,ACT/USDT:USDT,0.04584,1791.0,0.04583,6707.0,0.04585,11585.0,0.04586,21292.0
1753592059357,04:54:19.357,binance,ACT/USDT:USDT,0.04584,1791.0,0.04583,6707.0,0.04585,11585.0,0.04586,21292.0
1753592059502,04:54:19.502,binance,ACT/USDT:USDT,0.04584,1791.0,0.04583,6707.0,0.04585,11585.0,0.04586,21292.0
1753592059636,04:54:19.636,binance,ACT/USDT:USDT,0.04584,1791.0,0.04583,6707.0,0.04585,11585.0,0.04586,21292.0
1753592060102,04:54:20.102,binance,ACT/USDT:USDT,0.04584,2474.0,0.04583,6707.0,0.04585,11732.0,0.04586,21292.0
1753592060322,04:54:20.322,binance,ACT/USDT:USDT,0.04584,2474.0,0.04583,6707.0,0.04585,11732.0,0.04586,21292.0
1753592060435,04:54:20.435,binance,ACT/USDT:USDT,0.04584,2474.0,0.04583,6707.0,0.04585,11732.0,0.04586,21292.0
1753592060604,04:54:20.604,binance,ACT/USDT:USDT,0.04584,2474.0,0.04583,6707.0,0.04585,11732.0,0.04586,21292.0
1753592060706,04:54:20.706,binance,ACT/USDT:USDT,0.04584,2474.0,0.04583,6707.0,0.04585,11732.0,0.04586,21292.0
1753592060994,04:54:20.994,binance,ACT/USDT:USDT,0.04584,2474.0,0.04583,6707.0,0.04585,11732.0,0.04586,21292.0
1753592061109,04:54:21.109,binance,ACT/USDT:USDT,0.04584,2474.0,0.04583,6707.0,0.04585,11732.0,0.04586,21292.0
1753592061302,04:54:21.302,binance,ACT/USDT:USDT,0.04584,2474.0,0.04583,6707.0,0.04585,11732.0,0.04586,21292.0
1753592061623,04:54:21.623,binance,ACT/USDT:USDT,0.04584,2474.0,0.04583,6707.0,0.04585,11732.0,0.04586,21292.0
1753592061802,04:54:21.802,binance,ACT/USDT:USDT,0.04584,2474.0,0.04583,6707.0,0.04585,11732.0,0.04586,21292.0
1753592062132,04:54:22.132,binance,ACT/USDT:USDT,0.04584,2664.0,0.04583,6707.0,0.04585,11732.0,0.04586,21292.0
1753592062238,04:54:22.238,binance,ACT/USDT:USDT,0.04584,2664.0,0.04583,6707.0,0.04585,11732.0,0.04586,21292.0
1753592062375,04:54:22.375,binance,ACT/USDT:USDT,0.04584,2664.0,0.04583,6707.0,0.04585,11732.0,0.04586,21292.0
1753592062702,04:54:22.702,binance,ACT/USDT:USDT,0.04584,2664.0,0.04583,6707.0,0.04585,11732.0,0.04586,21292.0
1753592062835,04:54:22.835,binance,ACT/USDT:USDT,0.04584,2445.0,0.04583,6707.0,0.04585,11732.0,0.04586,21292.0
1753592063106,04:54:23.106,binance,ACT/USDT:USDT,0.04584,2445.0,0.04583,6707.0,0.04585,11732.0,0.04586,21292.0
1753592063245,04:54:23.245,binance,ACT/USDT:USDT,0.04584,2445.0,0.04583,6707.0,0.04585,11732.0,0.04586,21292.0
1753592063364,04:54:23.364,binance,ACT/USDT:USDT,0.04584,2445.0,0.04583,6707.0,0.04585,11732.0,0.04586,21292.0
1753592063474,04:54:23.474,binance,ACT/USDT:USDT,0.04584,2445.0,0.04583,6707.0,0.04585,11732.0,0.04586,21292.0
1753592063604,04:54:23.604,binance,ACT/USDT:USDT,0.04584,2445.0,0.04583,6707.0,0.04585,11732.0,0.04586,21292.0
1753592063759,04:54:23.759,binance,ACT/USDT:USDT,0.04584,2445.0,0.04583,6707.0,0.04585,11732.0,0.04586,21292.0
1753592064074,04:54:24.074,binance,ACT/USDT:USDT,0.04584,2255.0,0.04583,6707.0,0.04585,11371.0,0.04586,21292.0
1753592064185,04:54:24.185,binance,ACT/USDT:USDT,0.04584,2255.0,0.04583,5909.0,0.04585,11371.0,0.04586,21292.0
1753592064302,04:54:24.302,binance,ACT/USDT:USDT,0.04584,2255.0,0.04583,5909.0,0.04585,11371.0,0.04586,21292.0
1753592064717,04:54:24.717,binance,ACT/USDT:USDT,0.04584,2255.0,0.04583,5909.0,0.04585,11371.0,0.04586,21292.0
1753592064829,04:54:24.829,binance,ACT/USDT:USDT,0.04584,2255.0,0.04583,5909.0,0.04585,11371.0,0.04586,21292.0
1753592064938,04:54:24.938,binance,ACT/USDT:USDT,0.04584,2255.0,0.04583,5909.0,0.04585,11371.0,0.04586,21292.0
1753592065114,04:54:25.114,binance,ACT/USDT:USDT,0.04584,2255.0,0.04583,5909.0,0.04585,11371.0,0.04586,21292.0
1753592065234,04:54:25.234,binance,ACT/USDT:USDT,0.04584,2531.0,0.04583,5909.0,0.04585,11371.0,0.04586,21292.0
1753592065358,04:54:25.358,binance,ACT/USDT:USDT,0.04584,2531.0,0.04583,6707.0,0.04585,11371.0,0.04586,21292.0
1753592065463,04:54:25.463,binance,ACT/USDT:USDT,0.04584,2531.0,0.04583,6707.0,0.04585,11371.0,0.04586,17318.0
1753592065614,04:54:25.614,binance,ACT/USDT:USDT,0.04584,2531.0,0.04583,6707.0,0.04585,11371.0,0.04586,17318.0
1753592065902,04:54:25.902,binance,ACT/USDT:USDT,0.04584,2531.0,0.04583,6707.0,0.04585,11371.0,0.04586,17318.0
1753592066186,04:54:26.186,binance,ACT/USDT:USDT,0.04584,2721.0,0.04583,6707.0,0.04585,11223.0,0.04586,17318.0
1753592066308,04:54:26.308,binance,ACT/USDT:USDT,0.04584,2721.0,0.04583,6707.0,0.04585,11371.0,0.04586,11536.0
1753592066462,04:54:26.462,binance,ACT/USDT:USDT,0.04584,2721.0,0.04583,6707.0,0.04585,11371.0,0.04586,11536.0
1753592066564,04:54:26.564,binance,ACT/USDT:USDT,0.04584,2721.0,0.04583,6707.0,0.04585,11371.0,0.04586,11536.0
1753592067051,04:54:27.051,binance,ACT/USDT:USDT,0.04584,2721.0,0.04583,6707.0,0.04585,11371.0,0.04586,11536.0
1753592067154,04:54:27.154,binance,ACT/USDT:USDT,0.04584,2721.0,0.04583,6707.0,0.04585,11371.0,0.04586,11536.0
1753592067702,04:54:27.702,binance,ACT/USDT:USDT,0.04584,2721.0,0.04583,6707.0,0.04585,11371.0,0.04586,11536.0
1753592068169,04:54:28.169,binance,ACT/USDT:USDT,0.04584,2721.0,0.04583,6707.0,0.04585,11371.0,0.04586,16536.0
1753592068699,04:54:28.699,binance,ACT/USDT:USDT,0.04584,2721.0,0.04583,6707.0,0.04585,11371.0,0.04586,16536.0
1753592068805,04:54:28.805,binance,ACT/USDT:USDT,0.04584,2721.0,0.04583,6707.0,0.04585,11371.0,0.04586,16536.0
1753592069021,04:54:29.021,binance,ACT/USDT:USDT,0.04584,2721.0,0.04583,6707.0,0.04585,11371.0,0.04586,16536.0
1753592069164,04:54:29.164,binance,ACT/USDT:USDT,0.04584,2721.0,0.04583,6707.0,0.04585,11371.0,0.04586,16536.0
1753592069266,04:54:29.266,binance,ACT/USDT:USDT,0.04584,6963.0,0.04583,6707.0,0.04585,11371.0,0.04586,16536.0
1753592069369,04:54:29.369,binance,ACT/USDT:USDT,0.04584,6963.0,0.04583,6707.0,0.04585,11371.0,0.04586,16536.0
1753592069603,04:54:29.603,binance,ACT/USDT:USDT,0.04584,6963.0,0.04583,6707.0,0.04585,11371.0,0.04586,16536.0
1753592070755,04:54:30.755,binance,ACT/USDT:USDT,0.04584,6963.0,0.04583,6707.0,0.04585,11371.0,0.04586,16536.0
1753592071101,04:54:31.101,binance,ACT/USDT:USDT,0.04584,6963.0,0.04583,6707.0,0.04585,11371.0,0.04586,16536.0
1753592071208,04:54:31.208,binance,ACT/USDT:USDT,0.04584,6963.0,0.04583,6707.0,0.04585,11371.0,0.04586,16536.0
1753592071639,04:54:31.639,binance,ACT/USDT:USDT,0.04584,6963.0,0.04583,6707.0,0.04585,11371.0,0.04586,16536.0
1753592071760,04:54:31.760,binance,ACT/USDT:USDT,0.04584,6963.0,0.04583,6707.0,0.04585,11371.0,0.04586,16536.0
1753592072199,04:54:32.199,binance,ACT/USDT:USDT,0.04584,6963.0,0.04583,6707.0,0.04585,11371.0,0.04586,16536.0
1753592072421,04:54:32.421,binance,ACT/USDT:USDT,0.04584,6963.0,0.04583,6707.0,0.04585,11714.0,0.04586,16536.0
1753592072557,04:54:32.557,binance,ACT/USDT:USDT,0.04584,6963.0,0.04583,6707.0,0.04585,11714.0,0.04586,16536.0
1753592072802,04:54:32.802,binance,ACT/USDT:USDT,0.04584,6963.0,0.04583,6707.0,0.04585,11714.0,0.04586,16536.0
1753592073389,04:54:33.389,binance,ACT/USDT:USDT,0.04584,6963.0,0.04583,6707.0,0.04585,11714.0,0.04586,16536.0
1753592073902,04:54:33.902,binance,ACT/USDT:USDT,0.04584,6963.0,0.04583,6707.0,0.04585,11714.0,0.04586,16536.0
1753592074363,04:54:34.363,binance,ACT/USDT:USDT,0.04584,11641.0,0.04583,6707.0,0.04585,11714.0,0.04586,16536.0
1753592074676,04:54:34.676,binance,ACT/USDT:USDT,0.04584,11641.0,0.04583,6707.0,0.04585,11567.0,0.04586,16536.0
1753592075002,04:54:35.002,binance,ACT/USDT:USDT,0.04584,11641.0,0.04583,6707.0,0.04585,11567.0,0.04586,16536.0
1753592075153,04:54:35.153,binance,ACT/USDT:USDT,0.04584,11641.0,0.04583,6707.0,0.04585,11567.0,0.04586,16536.0
1753592075602,04:54:35.602,binance,ACT/USDT:USDT,0.04584,11641.0,0.04583,6707.0,0.04585,11567.0,0.04586,16536.0
1753592075969,04:54:35.969,binance,ACT/USDT:USDT,0.04584,11641.0,0.04583,6707.0,0.04585,11567.0,0.04586,14232.0
1753592076178,04:54:36.178,binance,ACT/USDT:USDT,0.04584,11641.0,0.04583,6707.0,0.04585,11567.0,0.04586,14232.0
1753592076302,04:54:36.302,binance,ACT/USDT:USDT,0.04584,11641.0,0.04583,6707.0,0.04585,11567.0,0.04586,14232.0
1753592076423,04:54:36.423,binance,ACT/USDT:USDT,0.04584,11641.0,0.04583,6707.0,0.04585,11567.0,0.04586,14232.0
1753592076660,04:54:36.660,binance,ACT/USDT:USDT,0.04583,6707.0,0.04582,49307.0,0.04584,9412.0,0.04585,11567.0
1753592076761,04:54:36.761,binance,ACT/USDT:USDT,0.04583,2664.0,0.04582,18392.0,0.04584,11501.0,0.04585,14919.0
1753592076863,04:54:36.863,binance,ACT/USDT:USDT,0.04583,2521.0,0.04582,18970.0,0.04584,11501.0,0.04585,17937.0
1753592076969,04:54:36.969,binance,ACT/USDT:USDT,0.04583,2521.0,0.04582,18970.0,0.04584,11501.0,0.04585,17937.0
1753592077161,04:54:37.161,binance,ACT/USDT:USDT,0.04583,2521.0,0.04582,18970.0,0.04584,11501.0,0.04585,17937.0
1753592077388,04:54:37.388,binance,ACT/USDT:USDT,0.04583,1723.0,0.04582,18970.0,0.04584,11501.0,0.04585,17810.0
1753592077517,04:54:37.517,binance,ACT/USDT:USDT,0.04583,1723.0,0.04582,18970.0,0.04584,11501.0,0.04585,17810.0
1753592077715,04:54:37.715,binance,ACT/USDT:USDT,0.04583,1723.0,0.04582,18970.0,0.04584,11621.0,0.04585,17810.0
1753592077816,04:54:37.816,binance,ACT/USDT:USDT,0.04583,1723.0,0.04582,18970.0,0.04584,11621.0,0.04585,17810.0
1753592077970,04:54:37.970,binance,ACT/USDT:USDT,0.04583,2521.0,0.04582,18970.0,0.04584,11621.0,0.04585,17810.0
1753592078502,04:54:38.502,binance,ACT/USDT:USDT,0.04583,2521.0,0.04582,18970.0,0.04584,11621.0,0.04585,17810.0
1753592078718,04:54:38.718,binance,ACT/USDT:USDT,0.04583,2521.0,0.04582,18970.0,0.04584,11621.0,0.04585,17810.0
1753592078913,04:54:38.913,binance,ACT/USDT:USDT,0.04583,1648.0,0.04582,10593.0,0.04584,11621.0,0.04585,17810.0
1753592079020,04:54:39.020,binance,ACT/USDT:USDT,0.04583,850.0,0.04582,10593.0,0.04584,11621.0,0.04585,22810.0
1753592079128,04:54:39.128,binance,ACT/USDT:USDT,0.04583,850.0,0.04582,10593.0,0.04584,11621.0,0.04585,22810.0
1753592079283,04:54:39.283,binance,ACT/USDT:USDT,0.04583,850.0,0.04582,10593.0,0.04584,11621.0,0.04585,22810.0
1753592079427,04:54:39.427,binance,ACT/USDT:USDT,0.04583,850.0,0.04582,10593.0,0.04584,11621.0,0.04585,22810.0
1753592079550,04:54:39.550,binance,ACT/USDT:USDT,0.04583,3042.0,0.04582,10593.0,0.04584,11621.0,0.04585,22810.0
1753592079655,04:54:39.655,binance,ACT/USDT:USDT,0.04583,2464.0,0.04582,10593.0,0.04584,11621.0,0.04585,22810.0
1753592079777,04:54:39.777,binance,ACT/USDT:USDT,0.04583,2464.0,0.04582,10593.0,0.04584,11748.0,0.04585,22810.0
1753592079903,04:54:39.903,binance,ACT/USDT:USDT,0.04583,2464.0,0.04582,11159.0,0.04584,11748.0,0.04585,22810.0
1753592080102,04:54:40.102,binance,ACT/USDT:USDT,0.04583,1873.0,0.04582,6024.0,0.04584,11748.0,0.04585,22810.0
1753592080208,04:54:40.208,binance,ACT/USDT:USDT,0.04583,1873.0,0.04582,6024.0,0.04584,11748.0,0.04585,22810.0
1753592080372,04:54:40.372,binance,ACT/USDT:USDT,0.04582,719.0,0.04581,9328.0,0.04583,12014.0,0.04584,16376.0
1753592080475,04:54:40.475,binance,ACT/USDT:USDT,0.04582,566.0,0.04581,15217.0,0.04583,12154.0,0.04584,16240.0
1753592080581,04:54:40.581,binance,ACT/USDT:USDT,0.04582,566.0,0.04581,15217.0,0.04583,12154.0,0.04584,16240.0
1753592080708,04:54:40.708,binance,ACT/USDT:USDT,0.04582,566.0,0.04581,15217.0,0.04583,12154.0,0.04584,16120.0
1753592080820,04:54:40.820,binance,ACT/USDT:USDT,0.04582,566.0,0.04581,15217.0,0.04583,12154.0,0.04584,16120.0
1753592080929,04:54:40.929,binance,ACT/USDT:USDT,0.04582,566.0,0.04581,15217.0,0.04583,12154.0,0.04584,16120.0
1753592081554,04:54:41.554,binance,ACT/USDT:USDT,0.04582,566.0,0.04581,15217.0,0.04583,12154.0,0.04584,16120.0
1753592081735,04:54:41.735,binance,ACT/USDT:USDT,0.04582,566.0,0.04581,15217.0,0.04583,12154.0,0.04584,16120.0
1753592082053,04:54:42.053,binance,ACT/USDT:USDT,0.04581,751.0,0.0458,8982.0,0.04583,12154.0,0.04584,19492.0
1753592082155,04:54:42.155,binance,ACT/USDT:USDT,0.04581,2352.0,0.0458,26704.0,0.04582,8369.0,0.04583,16248.0
1753592082370,04:54:42.370,binance,ACT/USDT:USDT,0.04581,2806.0,0.0458,26704.0,0.04582,8369.0,0.04583,18626.0
1753592082519,04:54:42.519,binance,ACT/USDT:USDT,0.04581,2806.0,0.0458,26704.0,0.04582,8369.0,0.04583,18626.0
1753592082814,04:54:42.814,binance,ACT/USDT:USDT,0.04581,2806.0,0.0458,26704.0,0.04582,8369.0,0.04583,18626.0
1753592083136,04:54:43.136,binance,ACT/USDT:USDT,0.04581,2806.0,0.0458,15503.0,0.04582,8513.0,0.04583,18626.0
1753592083239,04:54:43.239,binance,ACT/USDT:USDT,0.04581,2806.0,0.0458,15503.0,0.04582,8513.0,0.04583,18626.0
1753592083359,04:54:43.359,binance,ACT/USDT:USDT,0.04581,2806.0,0.0458,15503.0,0.04582,8513.0,0.04583,18626.0
1753592083557,04:54:43.557,binance,ACT/USDT:USDT,0.04581,2806.0,0.0458,15503.0,0.04582,8513.0,0.04583,18626.0
1753592083691,04:54:43.691,binance,ACT/USDT:USDT,0.04581,2806.0,0.0458,15503.0,0.04582,8513.0,0.04583,18626.0
1753592083816,04:54:43.816,binance,ACT/USDT:USDT,0.04581,2806.0,0.0458,15503.0,0.04582,8513.0,0.04583,18626.0
1753592083947,04:54:43.947,binance,ACT/USDT:USDT,0.04581,2806.0,0.0458,15503.0,0.04582,8513.0,0.04583,18626.0
1753592084317,04:54:44.317,binance,ACT/USDT:USDT,0.04581,2806.0,0.0458,15503.0,0.04582,8513.0,0.04583,18626.0
1753592084501,04:54:44.501,binance,ACT/USDT:USDT,0.04581,2806.0,0.0458,15503.0,0.04582,8513.0,0.04583,18626.0
1753592084645,04:54:44.645,binance,ACT/USDT:USDT,0.04581,2806.0,0.0458,15503.0,0.04582,8513.0,0.04583,18626.0
1753592084814,04:54:44.814,binance,ACT/USDT:USDT,0.04581,2806.0,0.0458,15503.0,0.04582,8513.0,0.04583,18626.0
1753592084917,04:54:44.917,binance,ACT/USDT:USDT,0.04581,2806.0,0.0458,15503.0,0.04582,8513.0,0.04583,18626.0
1753592085087,04:54:45.087,binance,ACT/USDT:USDT,0.04581,2806.0,0.0458,15503.0,0.04582,8513.0,0.04583,18626.0
1753592085317,04:54:45.317,binance,ACT/USDT:USDT,0.04581,2806.0,0.0458,15503.0,0.04582,8513.0,0.04583,18626.0
1753592085439,04:54:45.439,binance,ACT/USDT:USDT,0.04581,2121.0,0.0458,15503.0,0.04582,8513.0,0.04583,18626.0
1753592085585,04:54:45.585,binance,ACT/USDT:USDT,0.04581,2121.0,0.0458,15503.0,0.04582,8513.0,0.04583,18626.0
1753592085699,04:54:45.699,binance,ACT/USDT:USDT,0.04581,2121.0,0.0458,16151.0,0.04582,8513.0,0.04583,18626.0
1753592086103,04:54:46.103,binance,ACT/USDT:USDT,0.04581,1961.0,0.0458,16151.0,0.04582,8513.0,0.04583,18626.0
1753592086415,04:54:46.415,binance,ACT/USDT:USDT,0.04581,1961.0,0.0458,16151.0,0.04582,8513.0,0.04583,18626.0
1753592086519,04:54:46.519,binance,ACT/USDT:USDT,0.04581,1961.0,0.0458,16151.0,0.04582,8513.0,0.04583,18626.0
1753592086643,04:54:46.643,binance,ACT/USDT:USDT,0.04581,1961.0,0.0458,16151.0,0.04582,8513.0,0.04583,18626.0
1753592087153,04:54:47.153,binance,ACT/USDT:USDT,0.04581,1961.0,0.0458,16151.0,0.04582,8513.0,0.04583,20964.0
1753592087256,04:54:47.256,binance,ACT/USDT:USDT,0.04581,1961.0,0.0458,16151.0,0.04582,8513.0,0.04583,20964.0
1753592087417,04:54:47.417,binance,ACT/USDT:USDT,0.04581,1961.0,0.0458,16151.0,0.04582,8513.0,0.04583,20964.0
1753592087802,04:54:47.802,binance,ACT/USDT:USDT,0.04581,1961.0,0.0458,16151.0,0.04582,8513.0,0.04583,20964.0
1753592088014,04:54:48.014,binance,ACT/USDT:USDT,0.04581,1961.0,0.0458,16151.0,0.04582,8513.0,0.04583,20964.0
1753592088402,04:54:48.402,binance,ACT/USDT:USDT,0.04581,2167.0,0.0458,16151.0,0.04582,8513.0,0.04583,20964.0
1753592088506,04:54:48.506,binance,ACT/USDT:USDT,0.04581,2167.0,0.0458,16151.0,0.04582,8513.0,0.04583,20964.0
1753592088747,04:54:48.747,binance,ACT/USDT:USDT,0.04581,2167.0,0.0458,16151.0,0.04582,8513.0,0.04583,20964.0
1753592089002,04:54:49.002,binance,ACT/USDT:USDT,0.04581,2167.0,0.0458,16151.0,0.04582,8513.0,0.04583,20964.0
1753592089584,04:54:49.584,binance,ACT/USDT:USDT,0.04581,2167.0,0.0458,16151.0,0.04582,8513.0,0.04583,20964.0
1753592089687,04:54:49.687,binance,ACT/USDT:USDT,0.04581,2167.0,0.0458,16151.0,0.04582,8513.0,0.04583,20964.0
1753592090102,04:54:50.102,binance,ACT/USDT:USDT,0.04581,2167.0,0.0458,16151.0,0.04582,8513.0,0.04583,20964.0
1753592090250,04:54:50.250,binance,ACT/USDT:USDT,0.04581,2167.0,0.0458,16151.0,0.04582,8513.0,0.04583,18626.0
1753592090604,04:54:50.604,binance,ACT/USDT:USDT,0.04581,2167.0,0.0458,16151.0,0.04582,8513.0,0.04583,18626.0
1753592091108,04:54:51.108,binance,ACT/USDT:USDT,0.04581,2167.0,0.0458,16151.0,0.04582,8513.0,0.04583,18626.0
1753592091216,04:54:51.216,binance,ACT/USDT:USDT,0.04581,2167.0,0.0458,16151.0,0.04582,8513.0,0.04583,18626.0
1753592091421,04:54:51.421,binance,ACT/USDT:USDT,0.04581,2167.0,0.0458,16151.0,0.04582,8513.0,0.04583,18626.0
1753592091851,04:54:51.851,binance,ACT/USDT:USDT,0.04581,2167.0,0.0458,16151.0,0.04582,8513.0,0.04583,18626.0
1753592092117,04:54:52.117,binance,ACT/USDT:USDT,0.04581,2167.0,0.0458,16151.0,0.04582,8513.0,0.04583,18626.0
1753592092278,04:54:52.278,binance,ACT/USDT:USDT,0.04581,2167.0,0.0458,16151.0,0.04582,8513.0,0.04583,18626.0
1753592092517,04:54:52.517,binance,ACT/USDT:USDT,0.04581,2167.0,0.0458,16151.0,0.04582,8513.0,0.04583,18626.0
1753592092760,04:54:52.760,binance,ACT/USDT:USDT,0.04581,2167.0,0.0458,16151.0,0.04582,8513.0,0.04583,18987.0
1753592092863,04:54:52.863,binance,ACT/USDT:USDT,0.04581,2167.0,0.0458,16151.0,0.04582,8513.0,0.04583,18987.0
1753592093001,04:54:53.001,binance,ACT/USDT:USDT,0.04581,2167.0,0.0458,16151.0,0.04582,8513.0,0.04583,18987.0
1753592093402,04:54:53.402,binance,ACT/USDT:USDT,0.04581,2167.0,0.0458,16151.0,0.04582,8513.0,0.04583,18987.0
1753592093508,04:54:53.508,binance,ACT/USDT:USDT,0.04581,2167.0,0.0458,16151.0,0.04582,8513.0,0.04583,18987.0
1753592093656,04:54:53.656,binance,ACT/USDT:USDT,0.04581,2167.0,0.0458,16151.0,0.04582,8513.0,0.04583,18987.0
1753592094759,04:54:54.759,binance,ACT/USDT:USDT,0.04581,2167.0,0.0458,16151.0,0.04582,8513.0,0.04583,18987.0
1753592094915,04:54:54.915,binance,ACT/USDT:USDT,0.04581,2167.0,0.0458,16151.0,0.04582,8513.0,0.04583,18987.0
1753592095018,04:54:55.018,binance,ACT/USDT:USDT,0.04581,2443.0,0.0458,16151.0,0.04582,8967.0,0.04583,18987.0
1753592095179,04:54:55.179,binance,ACT/USDT:USDT,0.04581,2443.0,0.0458,16151.0,0.04582,8967.0,0.04583,18987.0
1753592095579,04:54:55.579,binance,ACT/USDT:USDT,0.04581,2443.0,0.0458,16151.0,0.04582,8823.0,0.04583,18987.0
1753592095732,04:54:55.732,binance,ACT/USDT:USDT,0.04581,2443.0,0.0458,16151.0,0.04582,8823.0,0.04583,18987.0
1753592096565,04:54:56.565,binance,ACT/USDT:USDT,0.04581,2443.0,0.0458,16151.0,0.04582,8823.0,0.04583,18987.0
1753592096739,04:54:56.739,binance,ACT/USDT:USDT,0.04581,2167.0,0.0458,16151.0,0.04582,8823.0,0.04583,18987.0
1753592096869,04:54:56.869,binance,ACT/USDT:USDT,0.04581,2167.0,0.0458,16151.0,0.04582,8823.0,0.04583,18987.0
1753592097402,04:54:57.402,binance,ACT/USDT:USDT,0.04581,2167.0,0.0458,16151.0,0.04582,8823.0,0.04583,18987.0
1753592097612,04:54:57.612,binance,ACT/USDT:USDT,0.04581,2443.0,0.0458,16151.0,0.04582,8823.0,0.04583,18987.0
1753592097714,04:54:57.714,binance,ACT/USDT:USDT,0.04581,2443.0,0.0458,16151.0,0.04582,8823.0,0.04583,18987.0
1753592097950,04:54:57.950,binance,ACT/USDT:USDT,0.04581,2443.0,0.0458,16151.0,0.04582,8823.0,0.04583,18987.0
1753592098278,04:54:58.278,binance,ACT/USDT:USDT,0.04581,2443.0,0.0458,16151.0,0.04582,8823.0,0.04583,18987.0
1753592098564,04:54:58.564,binance,ACT/USDT:USDT,0.04581,10584.0,0.0458,25802.0,0.04582,596.0,0.04583,14753.0
1753592098666,04:54:58.666,binance,ACT/USDT:USDT,0.04581,10584.0,0.0458,27984.0,0.04582,596.0,0.04583,14753.0
1753592098774,04:54:58.774,binance,ACT/USDT:USDT,0.04581,10584.0,0.0458,27984.0,0.04582,596.0,0.04583,14753.0
1753592098877,04:54:58.877,binance,ACT/USDT:USDT,0.04581,10584.0,0.0458,27984.0,0.04582,596.0,0.04583,14753.0
1753592099081,04:54:59.081,binance,ACT/USDT:USDT,0.04582,12373.0,0.04581,9344.0,0.04583,2378.0,0.04584,8089.0
1753592099184,04:54:59.184,binance,ACT/USDT:USDT,0.04582,12373.0,0.04581,14570.0,0.04583,2378.0,0.04584,8089.0
1753592099293,04:54:59.293,binance,ACT/USDT:USDT,0.04582,12373.0,0.04581,14570.0,0.04583,2378.0,0.04584,16819.0
1753592099410,04:54:59.410,binance,ACT/USDT:USDT,0.04582,12373.0,0.04581,14570.0,0.04583,2378.0,0.04584,16819.0
1753592099537,04:54:59.537,binance,ACT/USDT:USDT,0.04582,12373.0,0.04581,14570.0,0.04583,2378.0,0.04584,16819.0
1753592099662,04:54:59.662,binance,ACT/USDT:USDT,0.04582,12373.0,0.04581,14570.0,0.04583,2378.0,0.04584,16819.0
1753592099784,04:54:59.784,binance,ACT/USDT:USDT,0.04582,12373.0,0.04581,14570.0,0.04583,2378.0,0.04584,16819.0
1753592099902,04:54:59.902,binance,ACT/USDT:USDT,0.04582,12373.0,0.04581,14570.0,0.04583,2378.0,0.04584,16819.0
1753592100248,04:55:00.248,binance,ACT/USDT:USDT,0.04582,886.0,0.04581,14570.0,0.04583,8141.0,0.04584,18857.0
1753592100502,04:55:00.502,binance,ACT/USDT:USDT,0.04582,886.0,0.04581,14570.0,0.04583,8141.0,0.04584,18857.0
1753592100743,04:55:00.743,binance,ACT/USDT:USDT,0.04582,886.0,0.04581,14570.0,0.04583,8141.0,0.04584,18857.0
1753592100978,04:55:00.978,binance,ACT/USDT:USDT,0.04582,886.0,0.04581,14570.0,0.04583,8141.0,0.04584,17875.0
1753592101081,04:55:01.081,binance,ACT/USDT:USDT,0.04582,886.0,0.04581,14570.0,0.04583,8141.0,0.04584,23453.0
1753592101339,04:55:01.339,binance,ACT/USDT:USDT,0.04582,886.0,0.04581,14570.0,0.04583,8141.0,0.04584,17875.0
1753592101528,04:55:01.528,binance,ACT/USDT:USDT,0.04582,9027.0,0.04581,14570.0,0.04583,8141.0,0.04584,17875.0
1753592101702,04:55:01.702,binance,ACT/USDT:USDT,0.04582,9027.0,0.04581,14570.0,0.04583,8265.0,0.04584,17875.0
1753592101812,04:55:01.812,binance,ACT/USDT:USDT,0.04582,9027.0,0.04581,14570.0,0.04583,8265.0,0.04584,17875.0
1753592101930,04:55:01.930,binance,ACT/USDT:USDT,0.04582,9027.0,0.04581,14570.0,0.04583,8265.0,0.04584,17875.0
