timestamp,time,exchange,symbol,bid1_price,bid1_volume,bid2_price,bid2_volume,ask1_price,ask1_volume,ask2_price,ask2_volume
1753591885519,04:51:25.519,bybit,ACT/USDT:USDT,0.04577,6821.0,0.04576,5389.0,0.04578,155.0,0.04579,3388.0
1753591885619,04:51:25.619,bybit,ACT/USDT:USDT,0.04577,6821.0,0.04576,5389.0,0.04578,155.0,0.04579,3388.0
1753591886718,04:51:26.718,bybit,ACT/USDT:USDT,0.04577,6821.0,0.04576,5389.0,0.04578,155.0,0.04579,3388.0
1753591886818,04:51:26.818,bybit,ACT/USDT:USDT,0.04577,6821.0,0.04576,5389.0,0.04578,155.0,0.04579,3388.0
1753591886919,04:51:26.919,bybit,ACT/USDT:USDT,0.04577,6821.0,0.04576,5389.0,0.04578,155.0,0.04579,3388.0
1753591887918,04:51:27.918,bybit,ACT/USDT:USDT,0.04577,6821.0,0.04576,5389.0,0.04578,155.0,0.04579,3388.0
1753591889020,04:51:29.020,bybit,ACT/USDT:USDT,0.04577,6821.0,0.04576,5389.0,0.04578,155.0,0.04579,3388.0
1753591889619,04:51:29.619,bybit,ACT/USDT:USDT,0.04577,6821.0,0.04576,5389.0,0.04578,155.0,0.04579,3388.0
1753591889718,04:51:29.718,bybit,ACT/USDT:USDT,0.04577,6821.0,0.04576,6680.0,0.04578,155.0,0.04579,3388.0
1753591890219,04:51:30.219,bybit,ACT/USDT:USDT,0.04577,6821.0,0.04576,6680.0,0.04578,155.0,0.04579,3388.0
1753591890318,04:51:30.318,bybit,ACT/USDT:USDT,0.04577,6821.0,0.04576,6680.0,0.04578,155.0,0.04579,3388.0
1753591890818,04:51:30.818,bybit,ACT/USDT:USDT,0.04577,6821.0,0.04576,6680.0,0.04578,155.0,0.04579,3388.0
1753591890918,04:51:30.918,bybit,ACT/USDT:USDT,0.04577,6821.0,0.04576,6680.0,0.04578,155.0,0.04579,3388.0
1753591891919,04:51:31.919,bybit,ACT/USDT:USDT,0.04577,6821.0,0.04576,6680.0,0.04578,155.0,0.04579,3388.0
1753591892018,04:51:32.018,bybit,ACT/USDT:USDT,0.04577,6821.0,0.04576,6680.0,0.04578,155.0,0.04579,3388.0
1753591892517,04:51:32.517,bybit,ACT/USDT:USDT,0.04577,6821.0,0.04576,6680.0,0.04578,155.0,0.04579,3388.0
1753591892619,04:51:32.619,bybit,ACT/USDT:USDT,0.04577,6821.0,0.04576,6680.0,0.04578,155.0,0.04579,3388.0
1753591893119,04:51:33.119,bybit,ACT/USDT:USDT,0.04577,6821.0,0.04576,6680.0,0.04578,155.0,0.04579,3388.0
1753591893219,04:51:33.219,bybit,ACT/USDT:USDT,0.04577,6821.0,0.04576,6680.0,0.04578,155.0,0.04579,3388.0
1753591893319,04:51:33.319,bybit,ACT/USDT:USDT,0.04577,6821.0,0.04576,6680.0,0.04578,155.0,0.04579,3388.0
1753591894419,04:51:34.419,bybit,ACT/USDT:USDT,0.04577,6821.0,0.04576,6680.0,0.04578,155.0,0.04579,3388.0
1753591894524,04:51:34.524,bybit,ACT/USDT:USDT,0.04577,12342.0,0.04576,6680.0,0.04578,155.0,0.04579,3388.0
1753591895319,04:51:35.319,bybit,ACT/USDT:USDT,0.04577,12342.0,0.04576,6680.0,0.04578,155.0,0.04579,3388.0
1753591895419,04:51:35.419,bybit,ACT/USDT:USDT,0.04577,12342.0,0.04576,6680.0,0.04578,155.0,0.04579,3388.0
1753591896418,04:51:36.418,bybit,ACT/USDT:USDT,0.04577,12342.0,0.04576,6680.0,0.04578,155.0,0.04579,3388.0
1753591897819,04:51:37.819,bybit,ACT/USDT:USDT,0.04577,9436.0,0.04576,6680.0,0.04578,155.0,0.0458,10069.0
1753591897918,04:51:37.918,bybit,ACT/USDT:USDT,0.04577,13805.0,0.04576,6680.0,0.04578,155.0,0.0458,10069.0
1753591898020,04:51:38.020,bybit,ACT/USDT:USDT,0.04577,13805.0,0.04576,6680.0,0.04578,155.0,0.0458,10069.0
1753591898219,04:51:38.219,bybit,ACT/USDT:USDT,0.04577,13805.0,0.04576,6680.0,0.04578,155.0,0.0458,11360.0
1753591898319,04:51:38.319,bybit,ACT/USDT:USDT,0.04577,19397.0,0.04576,5389.0,0.04578,155.0,0.0458,11360.0
1753591899718,04:51:39.718,bybit,ACT/USDT:USDT,0.04577,19397.0,0.04576,5389.0,0.04578,155.0,0.0458,11360.0
1753591900020,04:51:40.020,bybit,ACT/USDT:USDT,0.04577,21582.0,0.04576,5389.0,0.04578,155.0,0.0458,11360.0
1753591900720,04:51:40.720,bybit,ACT/USDT:USDT,0.04579,6887.0,0.04578,30742.0,0.04581,8537.0,0.04582,12253.0
1753591901319,04:51:41.319,bybit,ACT/USDT:USDT,0.04579,7154.0,0.04578,16643.0,0.04581,8537.0,0.04582,12253.0
1753591901619,04:51:41.619,bybit,ACT/USDT:USDT,0.04579,7154.0,0.04578,16643.0,0.04581,8537.0,0.04582,12253.0
1753591901719,04:51:41.719,bybit,ACT/USDT:USDT,0.04579,7154.0,0.04578,16643.0,0.04581,8537.0,0.04582,12415.0
1753591901817,04:51:41.817,bybit,ACT/USDT:USDT,0.04579,7154.0,0.04578,16643.0,0.04581,8537.0,0.04582,12415.0
1753591902219,04:51:42.219,bybit,ACT/USDT:USDT,0.04579,7154.0,0.04578,16643.0,0.04581,8537.0,0.04582,12415.0
1753591902319,04:51:42.319,bybit,ACT/USDT:USDT,0.04579,2210.0,0.04578,16643.0,0.0458,1153.0,0.04581,8537.0
1753591902918,04:51:42.918,bybit,ACT/USDT:USDT,0.04579,2210.0,0.04578,16643.0,0.0458,1153.0,0.04581,8537.0
1753591903419,04:51:43.419,bybit,ACT/USDT:USDT,0.04579,2210.0,0.04578,16643.0,0.0458,1153.0,0.04581,8537.0
1753591903520,04:51:43.520,bybit,ACT/USDT:USDT,0.04579,2210.0,0.04578,16643.0,0.0458,1153.0,0.04581,8537.0
1753591904020,04:51:44.020,bybit,ACT/USDT:USDT,0.04579,2210.0,0.04578,16643.0,0.0458,1153.0,0.04581,8537.0
1753591904118,04:51:44.118,bybit,ACT/USDT:USDT,0.04579,2210.0,0.04578,16643.0,0.0458,1153.0,0.04581,8537.0
1753591905118,04:51:45.118,bybit,ACT/USDT:USDT,0.04579,2210.0,0.04578,16643.0,0.0458,1153.0,0.04581,8537.0
1753591905219,04:51:45.219,bybit,ACT/USDT:USDT,0.04579,2210.0,0.04578,16643.0,0.0458,1153.0,0.04581,8537.0
1753591905419,04:51:45.419,bybit,ACT/USDT:USDT,0.04579,2210.0,0.04578,16643.0,0.0458,1153.0,0.04581,8537.0
1753591905719,04:51:45.719,bybit,ACT/USDT:USDT,0.04579,2210.0,0.04578,16643.0,0.0458,1153.0,0.04581,8537.0
1753591905818,04:51:45.818,bybit,ACT/USDT:USDT,0.04579,2210.0,0.04578,16643.0,0.0458,1153.0,0.04581,8537.0
1753591906219,04:51:46.219,bybit,ACT/USDT:USDT,0.04579,2210.0,0.04578,16643.0,0.0458,1153.0,0.04581,8537.0
1753591906319,04:51:46.319,bybit,ACT/USDT:USDT,0.04579,2210.0,0.04578,16643.0,0.0458,1153.0,0.04581,8537.0
1753591906819,04:51:46.819,bybit,ACT/USDT:USDT,0.04579,2210.0,0.04578,16643.0,0.0458,1153.0,0.04581,8537.0
1753591906918,04:51:46.918,bybit,ACT/USDT:USDT,0.04579,2210.0,0.04578,16643.0,0.0458,1153.0,0.04581,8537.0
1753591907418,04:51:47.418,bybit,ACT/USDT:USDT,0.04579,2210.0,0.04578,16643.0,0.0458,1153.0,0.04581,8537.0
1753591907518,04:51:47.518,bybit,ACT/USDT:USDT,0.04579,2210.0,0.04578,16643.0,0.0458,1153.0,0.04581,8537.0
1753591908019,04:51:48.019,bybit,ACT/USDT:USDT,0.04579,2210.0,0.04578,16643.0,0.0458,1153.0,0.04581,8537.0
1753591908119,04:51:48.119,bybit,ACT/USDT:USDT,0.04579,2210.0,0.04578,16643.0,0.0458,1153.0,0.04581,8537.0
1753591908618,04:51:48.618,bybit,ACT/USDT:USDT,0.04579,2210.0,0.04578,16643.0,0.0458,1153.0,0.04581,8537.0
1753591908718,04:51:48.718,bybit,ACT/USDT:USDT,0.04579,2210.0,0.04578,16643.0,0.0458,1153.0,0.04581,8537.0
1753591909118,04:51:49.118,bybit,ACT/USDT:USDT,0.04579,2210.0,0.04578,16643.0,0.0458,1153.0,0.04581,8537.0
1753591909619,04:51:49.619,bybit,ACT/USDT:USDT,0.04579,2210.0,0.04578,16643.0,0.0458,1153.0,0.04581,8537.0
1753591909718,04:51:49.718,bybit,ACT/USDT:USDT,0.04579,2210.0,0.04578,16643.0,0.0458,1153.0,0.04581,8537.0
1753591910219,04:51:50.219,bybit,ACT/USDT:USDT,0.04579,2210.0,0.04578,16643.0,0.0458,1153.0,0.04581,8537.0
1753591910319,04:51:50.319,bybit,ACT/USDT:USDT,0.04579,2210.0,0.04578,16643.0,0.0458,1153.0,0.04581,8537.0
1753591910419,04:51:50.419,bybit,ACT/USDT:USDT,0.04579,2210.0,0.04578,16643.0,0.0458,1153.0,0.04581,8537.0
1753591910818,04:51:50.818,bybit,ACT/USDT:USDT,0.04579,2210.0,0.04578,16643.0,0.0458,1153.0,0.04581,8537.0
1753591910918,04:51:50.918,bybit,ACT/USDT:USDT,0.04579,2210.0,0.04578,16643.0,0.0458,1153.0,0.04581,8537.0
1753591911419,04:51:51.419,bybit,ACT/USDT:USDT,0.04579,2210.0,0.04578,16643.0,0.0458,1153.0,0.04581,8537.0
1753591911519,04:51:51.519,bybit,ACT/USDT:USDT,0.04579,2210.0,0.04578,16643.0,0.0458,1153.0,0.04581,8537.0
1753591911919,04:51:51.919,bybit,ACT/USDT:USDT,0.04579,2210.0,0.04578,16643.0,0.0458,1153.0,0.04581,8537.0
1753591912119,04:51:52.119,bybit,ACT/USDT:USDT,0.04579,2210.0,0.04578,16643.0,0.0458,1153.0,0.04581,8537.0
1753591912524,04:51:52.524,bybit,ACT/USDT:USDT,0.04579,2210.0,0.04578,16643.0,0.0458,1153.0,0.04581,8537.0
1753591912619,04:51:52.619,bybit,ACT/USDT:USDT,0.04579,2210.0,0.04578,16643.0,0.0458,1153.0,0.04581,8537.0
1753591913019,04:51:53.019,bybit,ACT/USDT:USDT,0.04579,2210.0,0.04578,16643.0,0.0458,1153.0,0.04581,8537.0
1753591913119,04:51:53.119,bybit,ACT/USDT:USDT,0.04579,2210.0,0.04578,16643.0,0.0458,1153.0,0.04581,8537.0
1753591913618,04:51:53.618,bybit,ACT/USDT:USDT,0.04579,2210.0,0.04578,16643.0,0.0458,1153.0,0.04581,8537.0
1753591913719,04:51:53.719,bybit,ACT/USDT:USDT,0.04579,2210.0,0.04578,16643.0,0.0458,1153.0,0.04581,8537.0
1753591914218,04:51:54.218,bybit,ACT/USDT:USDT,0.04579,2210.0,0.04578,16643.0,0.0458,1153.0,0.04581,8537.0
1753591914318,04:51:54.318,bybit,ACT/USDT:USDT,0.04579,2210.0,0.04578,16643.0,0.0458,1153.0,0.04581,8537.0
1753591914919,04:51:54.919,bybit,ACT/USDT:USDT,0.04579,2210.0,0.04578,16643.0,0.0458,1153.0,0.04581,8537.0
1753591915419,04:51:55.419,bybit,ACT/USDT:USDT,0.04579,2210.0,0.04578,16643.0,0.0458,1153.0,0.04581,8537.0
1753591915519,04:51:55.519,bybit,ACT/USDT:USDT,0.04579,2210.0,0.04578,16643.0,0.0458,1153.0,0.04581,8537.0
1753591915919,04:51:55.919,bybit,ACT/USDT:USDT,0.04579,2210.0,0.04578,16643.0,0.0458,1153.0,0.04581,8537.0
1753591916019,04:51:56.019,bybit,ACT/USDT:USDT,0.04579,2210.0,0.04578,16643.0,0.0458,1153.0,0.04581,8537.0
1753591916524,04:51:56.524,bybit,ACT/USDT:USDT,0.04579,2210.0,0.04578,16643.0,0.0458,1153.0,0.04581,8537.0
1753591916619,04:51:56.619,bybit,ACT/USDT:USDT,0.04579,2210.0,0.04578,16643.0,0.0458,1153.0,0.04581,8537.0
1753591917119,04:51:57.119,bybit,ACT/USDT:USDT,0.04579,2210.0,0.04578,16643.0,0.0458,1153.0,0.04581,8537.0
1753591917219,04:51:57.219,bybit,ACT/USDT:USDT,0.04579,2210.0,0.04578,16643.0,0.0458,1153.0,0.04581,8537.0
1753591917718,04:51:57.718,bybit,ACT/USDT:USDT,0.04579,2210.0,0.04578,16643.0,0.0458,1153.0,0.04581,8537.0
1753591917818,04:51:57.818,bybit,ACT/USDT:USDT,0.04579,2210.0,0.04578,16643.0,0.0458,1153.0,0.04581,8537.0
1753591918019,04:51:58.019,bybit,ACT/USDT:USDT,0.04579,2210.0,0.04578,16481.0,0.0458,1153.0,0.04581,8699.0
1753591918119,04:51:58.119,bybit,ACT/USDT:USDT,0.04579,2210.0,0.04578,16481.0,0.0458,1153.0,0.04581,8699.0
1753591918318,04:51:58.318,bybit,ACT/USDT:USDT,0.04579,2210.0,0.04578,16481.0,0.0458,1153.0,0.04581,8699.0
1753591919519,04:51:59.519,bybit,ACT/USDT:USDT,0.04579,2210.0,0.04578,16481.0,0.0458,1153.0,0.04581,8699.0
1753591919619,04:51:59.619,bybit,ACT/USDT:USDT,0.04579,2210.0,0.04578,16481.0,0.0458,1153.0,0.04581,8699.0
1753591920020,04:52:00.020,bybit,ACT/USDT:USDT,0.04579,2210.0,0.04578,16481.0,0.0458,1153.0,0.04581,8699.0
1753591920119,04:52:00.119,bybit,ACT/USDT:USDT,0.04579,2210.0,0.04578,16481.0,0.0458,1153.0,0.04581,8699.0
1753591920619,04:52:00.619,bybit,ACT/USDT:USDT,0.04579,2210.0,0.04578,16481.0,0.0458,1153.0,0.04581,8537.0
1753591920719,04:52:00.719,bybit,ACT/USDT:USDT,0.04579,2210.0,0.04578,16481.0,0.0458,1153.0,0.04581,8699.0
1753591921118,04:52:01.118,bybit,ACT/USDT:USDT,0.04579,2210.0,0.04578,16481.0,0.0458,1153.0,0.04581,8699.0
1753591921219,04:52:01.219,bybit,ACT/USDT:USDT,0.04579,2210.0,0.04578,16481.0,0.0458,1153.0,0.04581,8699.0
1753591921520,04:52:01.520,bybit,ACT/USDT:USDT,0.04579,2210.0,0.04578,16643.0,0.0458,1153.0,0.04581,2246.0
1753591921722,04:52:01.722,bybit,ACT/USDT:USDT,0.04579,2210.0,0.04578,16643.0,0.0458,1153.0,0.04581,2246.0
1753591921819,04:52:01.819,bybit,ACT/USDT:USDT,0.04579,2210.0,0.04578,16643.0,0.04581,2246.0,0.04582,17966.0
1753591921919,04:52:01.919,bybit,ACT/USDT:USDT,0.04579,7203.0,0.04578,16643.0,0.04581,2246.0,0.04582,17966.0
1753591922220,04:52:02.220,bybit,ACT/USDT:USDT,0.04579,7203.0,0.04578,16643.0,0.04581,2246.0,0.04582,17966.0
1753591922819,04:52:02.819,bybit,ACT/USDT:USDT,0.04579,7203.0,0.04578,16643.0,0.04581,2246.0,0.04582,17966.0
1753591923418,04:52:03.418,bybit,ACT/USDT:USDT,0.04579,7203.0,0.04578,16643.0,0.04581,2246.0,0.04582,17966.0
1753591923519,04:52:03.519,bybit,ACT/USDT:USDT,0.04579,7203.0,0.04578,16643.0,0.04581,2246.0,0.04582,17966.0
1753591923918,04:52:03.918,bybit,ACT/USDT:USDT,0.04579,7203.0,0.04578,16643.0,0.04581,2246.0,0.04582,17966.0
1753591924020,04:52:04.020,bybit,ACT/USDT:USDT,0.04579,7203.0,0.04578,16643.0,0.04581,2246.0,0.04582,17966.0
1753591924418,04:52:04.418,bybit,ACT/USDT:USDT,0.04579,7203.0,0.04578,16643.0,0.04581,2246.0,0.04582,17966.0
1753591924523,04:52:04.523,bybit,ACT/USDT:USDT,0.04579,7203.0,0.04578,16643.0,0.04581,2246.0,0.04582,17966.0
1753591925019,04:52:05.019,bybit,ACT/USDT:USDT,0.04579,7203.0,0.04578,16643.0,0.04581,2246.0,0.04582,17966.0
1753591925118,04:52:05.118,bybit,ACT/USDT:USDT,0.04579,7203.0,0.04578,16643.0,0.04581,2246.0,0.04582,17966.0
1753591925319,04:52:05.319,bybit,ACT/USDT:USDT,0.04579,7203.0,0.04578,16643.0,0.04581,2246.0,0.04582,17966.0
1753591925418,04:52:05.418,bybit,ACT/USDT:USDT,0.04579,7203.0,0.04578,16643.0,0.04581,2246.0,0.04582,17966.0
1753591925619,04:52:05.619,bybit,ACT/USDT:USDT,0.04579,2210.0,0.04578,16643.0,0.0458,1153.0,0.04581,3537.0
1753591925719,04:52:05.719,bybit,ACT/USDT:USDT,0.04579,2210.0,0.04578,16643.0,0.0458,1153.0,0.04581,3537.0
1753591925819,04:52:05.819,bybit,ACT/USDT:USDT,0.04579,2210.0,0.04578,16643.0,0.0458,1153.0,0.04581,3537.0
1753591926020,04:52:06.020,bybit,ACT/USDT:USDT,0.04579,2210.0,0.04578,16643.0,0.0458,1153.0,0.04581,3537.0
1753591926119,04:52:06.119,bybit,ACT/USDT:USDT,0.04579,2210.0,0.04578,16643.0,0.0458,1153.0,0.04581,3537.0
1753591926219,04:52:06.219,bybit,ACT/USDT:USDT,0.04579,2210.0,0.04578,16643.0,0.0458,1153.0,0.04581,3537.0
1753591926618,04:52:06.618,bybit,ACT/USDT:USDT,0.04579,2210.0,0.04578,16643.0,0.0458,1153.0,0.04581,3537.0
1753591926718,04:52:06.718,bybit,ACT/USDT:USDT,0.04579,2210.0,0.04578,16643.0,0.0458,1153.0,0.04581,3537.0
1753591926819,04:52:06.819,bybit,ACT/USDT:USDT,0.04579,2210.0,0.04578,16643.0,0.0458,1153.0,0.04581,3537.0
1753591927219,04:52:07.219,bybit,ACT/USDT:USDT,0.04579,2210.0,0.04578,16643.0,0.0458,1153.0,0.04581,3537.0
1753591927319,04:52:07.319,bybit,ACT/USDT:USDT,0.04579,2210.0,0.04578,16643.0,0.0458,1153.0,0.04581,3537.0
1753591927817,04:52:07.817,bybit,ACT/USDT:USDT,0.04579,2210.0,0.04578,16643.0,0.0458,1153.0,0.04581,3537.0
1753591927919,04:52:07.919,bybit,ACT/USDT:USDT,0.04579,2247.0,0.04578,16643.0,0.0458,1153.0,0.04581,3537.0
1753591928218,04:52:08.218,bybit,ACT/USDT:USDT,0.04579,2247.0,0.04578,16643.0,0.0458,1153.0,0.04581,3537.0
1753591928418,04:52:08.418,bybit,ACT/USDT:USDT,0.04579,2247.0,0.04578,16643.0,0.0458,1153.0,0.04581,3537.0
1753591928520,04:52:08.520,bybit,ACT/USDT:USDT,0.04579,2247.0,0.04578,16643.0,0.0458,1153.0,0.04581,3537.0
1753591929019,04:52:09.019,bybit,ACT/USDT:USDT,0.04579,2247.0,0.04578,16643.0,0.0458,1153.0,0.04581,3537.0
1753591929119,04:52:09.119,bybit,ACT/USDT:USDT,0.04579,2247.0,0.04578,16643.0,0.0458,1153.0,0.04581,3537.0
1753591929519,04:52:09.519,bybit,ACT/USDT:USDT,0.04579,2247.0,0.04578,16643.0,0.0458,1153.0,0.04581,3537.0
1753591929618,04:52:09.618,bybit,ACT/USDT:USDT,0.04579,2247.0,0.04578,16643.0,0.0458,1153.0,0.04581,3537.0
1753591930119,04:52:10.119,bybit,ACT/USDT:USDT,0.04579,2247.0,0.04578,16643.0,0.0458,1153.0,0.04581,3537.0
1753591930219,04:52:10.219,bybit,ACT/USDT:USDT,0.04579,2247.0,0.04578,16643.0,0.0458,1153.0,0.04581,3537.0
1753591930718,04:52:10.718,bybit,ACT/USDT:USDT,0.04579,2247.0,0.04578,16643.0,0.0458,1153.0,0.04581,3537.0
1753591930819,04:52:10.819,bybit,ACT/USDT:USDT,0.04579,2247.0,0.04578,16643.0,0.0458,1153.0,0.04581,3537.0
1753591931719,04:52:11.719,bybit,ACT/USDT:USDT,0.0458,3485.0,0.04579,6428.0,0.04583,7897.0,0.04584,23963.0
1753591931819,04:52:11.819,bybit,ACT/USDT:USDT,0.0458,3485.0,0.04579,6428.0,0.04583,7897.0,0.04584,23963.0
1753591931918,04:52:11.918,bybit,ACT/USDT:USDT,0.0458,3485.0,0.04579,6428.0,0.04582,2122.0,0.04583,9188.0
1753591932019,04:52:12.019,bybit,ACT/USDT:USDT,0.0458,3485.0,0.04579,6428.0,0.04582,2122.0,0.04583,9350.0
1753591932319,04:52:12.319,bybit,ACT/USDT:USDT,0.0458,3485.0,0.04579,6428.0,0.04582,2122.0,0.04583,9350.0
1753591932418,04:52:12.418,bybit,ACT/USDT:USDT,0.0458,3485.0,0.04579,6428.0,0.04582,2122.0,0.04583,9350.0
1753591932619,04:52:12.619,bybit,ACT/USDT:USDT,0.0458,3485.0,0.04579,6428.0,0.04582,2122.0,0.04583,9350.0
1753591932719,04:52:12.719,bybit,ACT/USDT:USDT,0.0458,3485.0,0.04579,6428.0,0.04582,2122.0,0.04583,9350.0
1753591932919,04:52:12.919,bybit,ACT/USDT:USDT,0.0458,3485.0,0.04579,6428.0,0.04582,2122.0,0.04583,9350.0
1753591933020,04:52:13.020,bybit,ACT/USDT:USDT,0.0458,3485.0,0.04579,6428.0,0.04582,2122.0,0.04583,9350.0
1753591933619,04:52:13.619,bybit,ACT/USDT:USDT,0.0458,3485.0,0.04579,6428.0,0.04582,2122.0,0.04583,9188.0
1753591933918,04:52:13.918,bybit,ACT/USDT:USDT,0.0458,3485.0,0.04579,6428.0,0.04582,2122.0,0.04583,9188.0
1753591934119,04:52:14.119,bybit,ACT/USDT:USDT,0.0458,3485.0,0.04579,6428.0,0.04582,2122.0,0.04583,9188.0
1753591934219,04:52:14.219,bybit,ACT/USDT:USDT,0.0458,3485.0,0.04579,6428.0,0.04582,2122.0,0.04583,9188.0
1753591934719,04:52:14.719,bybit,ACT/USDT:USDT,0.0458,3485.0,0.04579,6428.0,0.04582,2122.0,0.04583,9188.0
1753591934819,04:52:14.819,bybit,ACT/USDT:USDT,0.0458,3485.0,0.04579,6428.0,0.04582,2122.0,0.04583,9188.0
1753591935219,04:52:15.219,bybit,ACT/USDT:USDT,0.0458,3485.0,0.04579,6428.0,0.04582,2122.0,0.04583,9188.0
1753591935319,04:52:15.319,bybit,ACT/USDT:USDT,0.0458,3485.0,0.04579,6428.0,0.04582,2122.0,0.04583,9188.0
1753591935419,04:52:15.419,bybit,ACT/USDT:USDT,0.0458,3485.0,0.04579,6428.0,0.04582,2122.0,0.04583,9188.0
1753591936020,04:52:16.020,bybit,ACT/USDT:USDT,0.0458,3485.0,0.04579,6428.0,0.04582,2122.0,0.04583,9188.0
1753591936523,04:52:16.523,bybit,ACT/USDT:USDT,0.0458,3485.0,0.04579,6428.0,0.04582,2122.0,0.04583,9188.0
1753591936618,04:52:16.618,bybit,ACT/USDT:USDT,0.0458,3485.0,0.04579,6428.0,0.04582,2122.0,0.04583,9188.0
1753591937118,04:52:17.118,bybit,ACT/USDT:USDT,0.0458,3485.0,0.04579,6428.0,0.04582,2122.0,0.04583,9350.0
1753591937219,04:52:17.219,bybit,ACT/USDT:USDT,0.0458,3485.0,0.04579,6428.0,0.04582,2122.0,0.04583,9350.0
1753591937318,04:52:17.318,bybit,ACT/USDT:USDT,0.0458,3485.0,0.04579,6428.0,0.04582,2122.0,0.04583,9350.0
1753591937718,04:52:17.718,bybit,ACT/USDT:USDT,0.0458,3485.0,0.04579,6428.0,0.04582,2122.0,0.04583,9350.0
1753591938218,04:52:18.218,bybit,ACT/USDT:USDT,0.0458,3485.0,0.04579,6428.0,0.04582,2122.0,0.04583,9350.0
1753591938319,04:52:18.319,bybit,ACT/USDT:USDT,0.0458,3485.0,0.04579,6428.0,0.04582,2122.0,0.04583,9350.0
1753591938418,04:52:18.418,bybit,ACT/USDT:USDT,0.0458,3485.0,0.04579,6428.0,0.04582,2122.0,0.04583,9350.0
1753591938818,04:52:18.818,bybit,ACT/USDT:USDT,0.0458,3485.0,0.04579,6428.0,0.04582,2122.0,0.04583,9350.0
1753591938918,04:52:18.918,bybit,ACT/USDT:USDT,0.0458,3485.0,0.04579,6428.0,0.04582,2122.0,0.04583,9188.0
1753591939418,04:52:19.418,bybit,ACT/USDT:USDT,0.0458,3485.0,0.04579,6428.0,0.04582,2122.0,0.04583,9188.0
1753591939519,04:52:19.519,bybit,ACT/USDT:USDT,0.0458,3485.0,0.04579,6428.0,0.04582,2122.0,0.04583,9350.0
1753591940019,04:52:20.019,bybit,ACT/USDT:USDT,0.0458,3485.0,0.04579,6428.0,0.04582,2122.0,0.04583,9350.0
1753591940118,04:52:20.118,bybit,ACT/USDT:USDT,0.0458,3485.0,0.04579,6428.0,0.04582,2122.0,0.04583,9350.0
1753591940318,04:52:20.318,bybit,ACT/USDT:USDT,0.0458,3485.0,0.04579,6428.0,0.04582,2122.0,0.04583,9350.0
1753591940419,04:52:20.419,bybit,ACT/USDT:USDT,0.0458,3485.0,0.04579,6590.0,0.04582,2122.0,0.04583,9188.0
1753591940618,04:52:20.618,bybit,ACT/USDT:USDT,0.0458,3485.0,0.04579,6590.0,0.04582,2122.0,0.04583,9188.0
1753591940719,04:52:20.719,bybit,ACT/USDT:USDT,0.0458,3485.0,0.04579,6590.0,0.04582,2122.0,0.04583,9188.0
1753591940918,04:52:20.918,bybit,ACT/USDT:USDT,0.0458,3485.0,0.04579,6590.0,0.04582,2122.0,0.04583,9350.0
1753591941218,04:52:21.218,bybit,ACT/USDT:USDT,0.0458,3485.0,0.04579,6590.0,0.04582,2122.0,0.04583,9188.0
1753591941618,04:52:21.618,bybit,ACT/USDT:USDT,0.0458,3485.0,0.04579,6590.0,0.04582,2122.0,0.04583,9188.0
1753591941719,04:52:21.719,bybit,ACT/USDT:USDT,0.0458,3485.0,0.04579,6590.0,0.04582,2122.0,0.04583,9188.0
1753591942218,04:52:22.218,bybit,ACT/USDT:USDT,0.0458,3485.0,0.04579,6590.0,0.04582,2122.0,0.04583,9350.0
1753591942318,04:52:22.318,bybit,ACT/USDT:USDT,0.0458,3485.0,0.04579,6590.0,0.04582,2122.0,0.04583,9350.0
1753591942718,04:52:22.718,bybit,ACT/USDT:USDT,0.0458,3485.0,0.04579,6590.0,0.04582,2122.0,0.04583,9350.0
1753591942819,04:52:22.819,bybit,ACT/USDT:USDT,0.0458,3485.0,0.04579,6590.0,0.04582,2122.0,0.04583,9350.0
1753591943219,04:52:23.219,bybit,ACT/USDT:USDT,0.0458,3485.0,0.04579,6590.0,0.04582,2122.0,0.04583,5713.0
1753591943318,04:52:23.318,bybit,ACT/USDT:USDT,0.0458,3485.0,0.04579,6780.0,0.04582,2122.0,0.04583,5713.0
1753591944020,04:52:24.020,bybit,ACT/USDT:USDT,0.0458,3485.0,0.04579,13478.0,0.04582,2122.0,0.04583,5713.0
1753591944318,04:52:24.318,bybit,ACT/USDT:USDT,0.0458,3485.0,0.04579,13478.0,0.04582,2122.0,0.04583,5713.0
1753591944419,04:52:24.419,bybit,ACT/USDT:USDT,0.0458,3485.0,0.04579,13478.0,0.04582,2122.0,0.04583,5713.0
1753591944618,04:52:24.618,bybit,ACT/USDT:USDT,0.0458,3485.0,0.04579,13478.0,0.04582,2122.0,0.04583,5713.0
1753591944918,04:52:24.918,bybit,ACT/USDT:USDT,0.0458,3485.0,0.04579,13478.0,0.04582,2122.0,0.04583,5713.0
1753591945017,04:52:25.017,bybit,ACT/USDT:USDT,0.0458,3485.0,0.04579,13478.0,0.04582,2122.0,0.04583,5713.0
1753591945519,04:52:25.519,bybit,ACT/USDT:USDT,0.0458,3485.0,0.04579,13478.0,0.04582,2122.0,0.04583,5713.0
1753591945919,04:52:25.919,bybit,ACT/USDT:USDT,0.0458,3485.0,0.04579,13478.0,0.04582,2122.0,0.04583,5713.0
1753591946018,04:52:26.018,bybit,ACT/USDT:USDT,0.0458,3485.0,0.04579,13478.0,0.04582,2122.0,0.04583,5875.0
1753591946618,04:52:26.618,bybit,ACT/USDT:USDT,0.0458,3485.0,0.04579,13478.0,0.04582,2122.0,0.04583,5713.0
1753591946818,04:52:26.818,bybit,ACT/USDT:USDT,0.0458,3485.0,0.04579,13478.0,0.04582,2122.0,0.04583,5713.0
1753591947018,04:52:27.018,bybit,ACT/USDT:USDT,0.0458,3485.0,0.04579,13478.0,0.04582,2122.0,0.04583,5713.0
1753591947119,04:52:27.119,bybit,ACT/USDT:USDT,0.0458,3485.0,0.04579,13478.0,0.04582,2122.0,0.04583,5713.0
1753591947219,04:52:27.219,bybit,ACT/USDT:USDT,0.0458,3485.0,0.04579,13316.0,0.04582,2122.0,0.04583,5875.0
1753591947619,04:52:27.619,bybit,ACT/USDT:USDT,0.0458,3485.0,0.04579,13316.0,0.04582,2122.0,0.04583,5875.0
1753591947719,04:52:27.719,bybit,ACT/USDT:USDT,0.0458,3485.0,0.04579,13316.0,0.04582,2122.0,0.04583,5875.0
1753591948219,04:52:28.219,bybit,ACT/USDT:USDT,0.0458,3485.0,0.04579,13316.0,0.04582,2122.0,0.04583,5875.0
1753591948319,04:52:28.319,bybit,ACT/USDT:USDT,0.0458,3485.0,0.04579,8133.0,0.04582,2122.0,0.04583,7166.0
1753591948523,04:52:28.523,bybit,ACT/USDT:USDT,0.0458,3485.0,0.04579,8133.0,0.04581,1153.0,0.04582,2284.0
1753591948818,04:52:28.818,bybit,ACT/USDT:USDT,0.0458,3485.0,0.04579,8133.0,0.04581,1153.0,0.04582,2122.0
1753591948919,04:52:28.919,bybit,ACT/USDT:USDT,0.0458,3485.0,0.04579,8133.0,0.04581,1153.0,0.04582,2122.0
1753591950020,04:52:30.020,bybit,ACT/USDT:USDT,0.0458,2194.0,0.04579,8133.0,0.04581,1153.0,0.04582,3576.0
1753591950419,04:52:30.419,bybit,ACT/USDT:USDT,0.0458,2194.0,0.04579,8133.0,0.04581,1153.0,0.04582,3576.0
1753591950918,04:52:30.918,bybit,ACT/USDT:USDT,0.0458,2194.0,0.04579,8133.0,0.04581,1153.0,0.04582,3576.0
1753591951026,04:52:31.026,bybit,ACT/USDT:USDT,0.0458,2194.0,0.04579,8133.0,0.04581,1153.0,0.04582,3576.0
1753591951120,04:52:31.120,bybit,ACT/USDT:USDT,0.0458,2194.0,0.04579,8133.0,0.04581,1153.0,0.04582,3414.0
1753591951319,04:52:31.319,bybit,ACT/USDT:USDT,0.0458,2209.0,0.04579,8117.0,0.04581,1153.0,0.04582,3576.0
1753591951419,04:52:31.419,bybit,ACT/USDT:USDT,0.0458,2209.0,0.04579,8117.0,0.04581,1153.0,0.04582,3576.0
1753591951520,04:52:31.520,bybit,ACT/USDT:USDT,0.0458,2209.0,0.04579,8117.0,0.04581,1153.0,0.04582,3576.0
1753591951919,04:52:31.919,bybit,ACT/USDT:USDT,0.0458,2209.0,0.04579,8117.0,0.04581,1153.0,0.04582,3576.0
1753591952020,04:52:32.020,bybit,ACT/USDT:USDT,0.0458,2209.0,0.04579,8117.0,0.04581,1153.0,0.04582,3576.0
1753591952119,04:52:32.119,bybit,ACT/USDT:USDT,0.0458,2209.0,0.04579,8117.0,0.04581,1153.0,0.04582,3414.0
1753591952523,04:52:32.523,bybit,ACT/USDT:USDT,0.0458,2209.0,0.04579,8117.0,0.04581,1153.0,0.04582,3414.0
1753591952619,04:52:32.619,bybit,ACT/USDT:USDT,0.0458,2209.0,0.04579,8117.0,0.04581,1153.0,0.04582,3576.0
1753591953118,04:52:33.118,bybit,ACT/USDT:USDT,0.0458,2209.0,0.04579,8117.0,0.04581,1153.0,0.04582,3576.0
1753591953218,04:52:33.218,bybit,ACT/USDT:USDT,0.0458,2209.0,0.04579,8117.0,0.04581,1153.0,0.04582,3576.0
1753591953719,04:52:33.719,bybit,ACT/USDT:USDT,0.0458,2209.0,0.04579,8117.0,0.04581,1153.0,0.04582,3576.0
1753591953818,04:52:33.818,bybit,ACT/USDT:USDT,0.0458,2209.0,0.04579,8117.0,0.04581,1153.0,0.04582,3576.0
1753591954319,04:52:34.319,bybit,ACT/USDT:USDT,0.0458,2209.0,0.04579,8117.0,0.04581,1153.0,0.04582,3576.0
1753591954418,04:52:34.418,bybit,ACT/USDT:USDT,0.0458,2209.0,0.04579,8117.0,0.04581,1153.0,0.04582,3576.0
1753591954819,04:52:34.819,bybit,ACT/USDT:USDT,0.0458,2269.0,0.04579,8117.0,0.04581,1153.0,0.04582,3576.0
1753591954919,04:52:34.919,bybit,ACT/USDT:USDT,0.0458,2269.0,0.04579,8117.0,0.04581,1153.0,0.04582,3576.0
1753591955020,04:52:35.020,bybit,ACT/USDT:USDT,0.0458,2269.0,0.04579,8117.0,0.04581,1153.0,0.04582,3576.0
1753591955419,04:52:35.419,bybit,ACT/USDT:USDT,0.0458,2269.0,0.04579,8117.0,0.04581,1153.0,0.04582,3576.0
1753591955519,04:52:35.519,bybit,ACT/USDT:USDT,0.0458,2269.0,0.04579,8117.0,0.04581,1153.0,0.04582,3576.0
1753591955619,04:52:35.619,bybit,ACT/USDT:USDT,0.0458,2269.0,0.04579,8117.0,0.04581,1153.0,0.04582,3576.0
1753591955918,04:52:35.918,bybit,ACT/USDT:USDT,0.0458,2269.0,0.04579,8117.0,0.04581,1153.0,0.04582,3414.0
1753591956019,04:52:36.019,bybit,ACT/USDT:USDT,0.0458,2269.0,0.04579,8117.0,0.04581,1153.0,0.04582,3414.0
1753591956118,04:52:36.118,bybit,ACT/USDT:USDT,0.0458,2269.0,0.04579,8117.0,0.04581,1153.0,0.04582,3414.0
1753591956219,04:52:36.219,bybit,ACT/USDT:USDT,0.0458,2269.0,0.04579,8117.0,0.04581,1153.0,0.04582,3414.0
1753591956618,04:52:36.618,bybit,ACT/USDT:USDT,0.0458,2269.0,0.04579,8117.0,0.04581,1153.0,0.04582,3414.0
1753591956717,04:52:36.717,bybit,ACT/USDT:USDT,0.0458,2269.0,0.04579,8117.0,0.04581,1153.0,0.04582,3414.0
1753591957118,04:52:37.118,bybit,ACT/USDT:USDT,0.0458,2269.0,0.04579,8117.0,0.04581,1153.0,0.04582,3414.0
1753591957218,04:52:37.218,bybit,ACT/USDT:USDT,0.0458,2269.0,0.04579,8117.0,0.04581,1153.0,0.04582,3414.0
1753591957318,04:52:37.318,bybit,ACT/USDT:USDT,0.0458,2269.0,0.04579,8117.0,0.04581,1153.0,0.04582,3414.0
1753591957719,04:52:37.719,bybit,ACT/USDT:USDT,0.0458,2269.0,0.04579,8117.0,0.04581,1153.0,0.04582,3414.0
1753591957918,04:52:37.918,bybit,ACT/USDT:USDT,0.0458,2269.0,0.04579,8117.0,0.04581,1153.0,0.04582,3414.0
1753591958318,04:52:38.318,bybit,ACT/USDT:USDT,0.0458,2269.0,0.04579,8117.0,0.04581,1153.0,0.04582,3414.0
1753591958420,04:52:38.420,bybit,ACT/USDT:USDT,0.0458,2269.0,0.04579,8117.0,0.04581,1153.0,0.04582,3576.0
1753591958918,04:52:38.918,bybit,ACT/USDT:USDT,0.0458,2269.0,0.04579,8117.0,0.04581,1153.0,0.04582,3576.0
1753591959119,04:52:39.119,bybit,ACT/USDT:USDT,0.0458,2269.0,0.04579,8117.0,0.04581,1153.0,0.04582,3414.0
1753591959419,04:52:39.419,bybit,ACT/USDT:USDT,0.0458,2269.0,0.04579,8117.0,0.04581,1153.0,0.04582,3414.0
1753591959818,04:52:39.818,bybit,ACT/USDT:USDT,0.0458,3651.0,0.04579,8117.0,0.04582,2122.0,0.04583,7004.0
1753591959919,04:52:39.919,bybit,ACT/USDT:USDT,0.0458,3651.0,0.04579,8117.0,0.04582,2122.0,0.04583,7004.0
1753591961020,04:52:41.020,bybit,ACT/USDT:USDT,0.0458,3651.0,0.04579,8117.0,0.04582,2122.0,0.04583,7004.0
1753591961118,04:52:41.118,bybit,ACT/USDT:USDT,0.0458,3651.0,0.04579,8117.0,0.04582,2122.0,0.04583,7004.0
1753591961519,04:52:41.519,bybit,ACT/USDT:USDT,0.0458,3651.0,0.04579,8117.0,0.04582,2122.0,0.04583,7166.0
1753591961619,04:52:41.619,bybit,ACT/USDT:USDT,0.0458,3651.0,0.04579,8117.0,0.04582,2122.0,0.04583,7166.0
1753591961818,04:52:41.818,bybit,ACT/USDT:USDT,0.04581,32.0,0.0458,1442.0,0.04582,2122.0,0.04583,7166.0
1753591961918,04:52:41.918,bybit,ACT/USDT:USDT,0.04581,32.0,0.0458,1442.0,0.04582,2122.0,0.04583,7166.0
1753591962118,04:52:42.118,bybit,ACT/USDT:USDT,0.04581,32.0,0.0458,1442.0,0.04582,2122.0,0.04583,7166.0
1753591962219,04:52:42.219,bybit,ACT/USDT:USDT,0.04581,32.0,0.0458,1442.0,0.04582,2122.0,0.04583,7166.0
1753591962619,04:52:42.619,bybit,ACT/USDT:USDT,0.04581,32.0,0.0458,1442.0,0.04582,2122.0,0.04583,7166.0
1753591962719,04:52:42.719,bybit,ACT/USDT:USDT,0.04581,32.0,0.0458,1442.0,0.04582,2122.0,0.04583,7166.0
1753591963219,04:52:43.219,bybit,ACT/USDT:USDT,0.04581,32.0,0.0458,1442.0,0.04582,2122.0,0.04583,7166.0
1753591963319,04:52:43.319,bybit,ACT/USDT:USDT,0.04581,32.0,0.0458,1442.0,0.04582,2122.0,0.04583,7166.0
1753591963419,04:52:43.419,bybit,ACT/USDT:USDT,0.04581,32.0,0.0458,1442.0,0.04582,2122.0,0.04583,7166.0
1753591963519,04:52:43.519,bybit,ACT/USDT:USDT,0.04581,32.0,0.0458,1442.0,0.04582,2122.0,0.04583,7166.0
1753591963719,04:52:43.719,bybit,ACT/USDT:USDT,0.04581,32.0,0.0458,1442.0,0.04582,2122.0,0.04583,7166.0
1753591963818,04:52:43.818,bybit,ACT/USDT:USDT,0.04581,32.0,0.0458,1442.0,0.04582,2122.0,0.04583,7166.0
1753591964419,04:52:44.419,bybit,ACT/USDT:USDT,0.04581,32.0,0.0458,1442.0,0.04582,2122.0,0.04583,7166.0
1753591964819,04:52:44.819,bybit,ACT/USDT:USDT,0.04581,32.0,0.0458,1442.0,0.04582,2122.0,0.04583,7166.0
1753591964919,04:52:44.919,bybit,ACT/USDT:USDT,0.04581,32.0,0.0458,1442.0,0.04582,2122.0,0.04583,7166.0
1753591965418,04:52:45.418,bybit,ACT/USDT:USDT,0.04581,32.0,0.0458,1442.0,0.04582,2122.0,0.04583,7166.0
1753591965519,04:52:45.519,bybit,ACT/USDT:USDT,0.04581,32.0,0.0458,1442.0,0.04582,2122.0,0.04583,7166.0
1753591966020,04:52:46.020,bybit,ACT/USDT:USDT,0.04581,32.0,0.0458,1442.0,0.04582,2122.0,0.04583,7166.0
1753591966118,04:52:46.118,bybit,ACT/USDT:USDT,0.04581,32.0,0.0458,1442.0,0.04582,2122.0,0.04583,7166.0
1753591966525,04:52:46.525,bybit,ACT/USDT:USDT,0.04581,32.0,0.0458,1442.0,0.04582,2122.0,0.04583,7166.0
1753591966919,04:52:46.919,bybit,ACT/USDT:USDT,0.04581,32.0,0.0458,1442.0,0.04582,2122.0,0.04583,7166.0
1753591967020,04:52:47.020,bybit,ACT/USDT:USDT,0.04581,32.0,0.0458,1442.0,0.04582,2122.0,0.04583,7166.0
1753591967118,04:52:47.118,bybit,ACT/USDT:USDT,0.04581,32.0,0.0458,1442.0,0.04582,2122.0,0.04583,7166.0
1753591967219,04:52:47.219,bybit,ACT/USDT:USDT,0.04581,32.0,0.0458,1442.0,0.04582,2122.0,0.04583,7166.0
1753591967719,04:52:47.719,bybit,ACT/USDT:USDT,0.04581,32.0,0.0458,1442.0,0.04582,2122.0,0.04583,7166.0
1753591968119,04:52:48.119,bybit,ACT/USDT:USDT,0.04581,32.0,0.0458,1442.0,0.04582,2122.0,0.04583,7166.0
1753591968219,04:52:48.219,bybit,ACT/USDT:USDT,0.04581,32.0,0.0458,1442.0,0.04582,2122.0,0.04583,7004.0
1753591968319,04:52:48.319,bybit,ACT/USDT:USDT,0.04581,32.0,0.0458,1442.0,0.04582,2122.0,0.04583,7004.0
1753591968719,04:52:48.719,bybit,ACT/USDT:USDT,0.04581,32.0,0.0458,1442.0,0.04582,2122.0,0.04583,7004.0
1753591968818,04:52:48.818,bybit,ACT/USDT:USDT,0.04581,32.0,0.0458,1442.0,0.04582,2122.0,0.04583,7166.0
1753591969318,04:52:49.318,bybit,ACT/USDT:USDT,0.04581,32.0,0.0458,1442.0,0.04582,2122.0,0.04583,7004.0
1753591969920,04:52:49.920,bybit,ACT/USDT:USDT,0.04581,32.0,0.0458,1442.0,0.04582,2122.0,0.04583,7166.0
1753591970219,04:52:50.219,bybit,ACT/USDT:USDT,0.04581,32.0,0.0458,1442.0,0.04582,2122.0,0.04583,7166.0
1753591970419,04:52:50.419,bybit,ACT/USDT:USDT,0.04581,32.0,0.0458,1442.0,0.04582,2122.0,0.04583,7166.0
1753591970521,04:52:50.521,bybit,ACT/USDT:USDT,0.04581,32.0,0.0458,1442.0,0.04582,2122.0,0.04583,7166.0
1753591970919,04:52:50.919,bybit,ACT/USDT:USDT,0.04581,32.0,0.0458,1442.0,0.04582,2122.0,0.04583,7166.0
1753591971018,04:52:51.018,bybit,ACT/USDT:USDT,0.04581,32.0,0.0458,1442.0,0.04582,2122.0,0.04583,7166.0
1753591971119,04:52:51.119,bybit,ACT/USDT:USDT,0.04581,32.0,0.0458,1442.0,0.04582,2122.0,0.04583,7166.0
1753591971618,04:52:51.618,bybit,ACT/USDT:USDT,0.04581,90.0,0.0458,1382.0,0.04582,2122.0,0.04583,7166.0
1753591971718,04:52:51.718,bybit,ACT/USDT:USDT,0.04581,90.0,0.0458,1382.0,0.04582,2122.0,0.04583,7166.0
