timestamp,time,exchange,symbol,bid1_price,bid1_volume,bid2_price,bid2_volume,ask1_price,ask1_volume,ask2_price,ask2_volume
1753591881074,04:51:21.074,bitget,A/USDT:USDT,0.57586,12.0,0.57576,60.0,0.57595,109.0,0.57596,8948.0
1753591881374,04:51:21.374,bitget,A/USDT:USDT,0.57586,12.0,0.57576,60.0,0.57595,109.0,0.57596,8948.0
1753591882875,04:51:22.875,bitget,A/USDT:USDT,0.57586,12.0,0.57576,60.0,0.57595,109.0,0.57596,8948.0
1753591883625,04:51:23.625,bitget,A/USDT:USDT,0.57586,12.0,0.57576,60.0,0.57595,109.0,0.57596,8948.0
1753591883775,04:51:23.775,bitget,A/USDT:USDT,0.57586,12.0,0.57576,60.0,0.57595,109.0,0.57596,8948.0
1753591883925,04:51:23.925,bitget,A/USDT:USDT,0.57586,12.0,0.57576,60.0,0.57595,109.0,0.57596,8948.0
1753591884076,04:51:24.076,bitget,A/USDT:USDT,0.57586,12.0,0.57576,60.0,0.57595,109.0,0.57596,8948.0
1753591884226,04:51:24.226,bitget,A/USDT:USDT,0.57586,12.0,0.57576,60.0,0.57595,109.0,0.57596,8948.0
1753591885247,04:51:25.247,bitget,A/USDT:USDT,0.57586,12.0,0.57576,60.0,0.57595,109.0,0.57596,8948.0
1753591885397,04:51:25.397,bitget,A/USDT:USDT,0.57586,12.0,0.57576,60.0,0.57595,109.0,0.57596,8948.0
1753591885570,04:51:25.570,bitget,A/USDT:USDT,0.57586,120.0,0.57576,60.0,0.57595,109.0,0.57596,8948.0
1753591885877,04:51:25.877,bitget,A/USDT:USDT,0.57586,12.0,0.57576,60.0,0.57595,109.0,0.57596,8948.0
1753591886027,04:51:26.027,bitget,A/USDT:USDT,0.57586,12.0,0.57576,60.0,0.57595,109.0,0.57596,8948.0
1753591886327,04:51:26.327,bitget,A/USDT:USDT,0.57586,12.0,0.57576,60.0,0.57595,109.0,0.57596,8948.0
1753591886477,04:51:26.477,bitget,A/USDT:USDT,0.57586,12.0,0.57576,60.0,0.57595,109.0,0.57596,8948.0
1753591886777,04:51:26.777,bitget,A/USDT:USDT,0.57586,12.0,0.57576,60.0,0.57595,109.0,0.57596,8948.0
1753591886927,04:51:26.927,bitget,A/USDT:USDT,0.57586,12.0,0.57576,60.0,0.57595,109.0,0.57596,8948.0
1753591887228,04:51:27.228,bitget,A/USDT:USDT,0.57586,12.0,0.57576,60.0,0.57595,109.0,0.57596,8946.0
1753591887378,04:51:27.378,bitget,A/USDT:USDT,0.57586,12.0,0.57576,60.0,0.57595,109.0,0.57596,8946.0
1753591887528,04:51:27.528,bitget,A/USDT:USDT,0.57586,12.0,0.57576,60.0,0.57595,109.0,0.57596,8946.0
1753591887678,04:51:27.678,bitget,A/USDT:USDT,0.57586,12.0,0.57576,60.0,0.57595,109.0,0.57596,8946.0
1753591887828,04:51:27.828,bitget,A/USDT:USDT,0.57586,12.0,0.57576,60.0,0.57595,109.0,0.57596,8946.0
1753591888579,04:51:28.579,bitget,A/USDT:USDT,0.57586,12.0,0.57576,60.0,0.57595,109.0,0.57596,8946.0
1753591888729,04:51:28.729,bitget,A/USDT:USDT,0.57586,12.0,0.57576,60.0,0.57595,109.0,0.57596,8946.0
1753591889029,04:51:29.029,bitget,A/USDT:USDT,0.57586,12.0,0.57576,60.0,0.57595,109.0,0.57596,8946.0
1753591889179,04:51:29.179,bitget,A/USDT:USDT,0.57586,12.0,0.57576,60.0,0.57595,109.0,0.57596,8946.0
1753591889629,04:51:29.629,bitget,A/USDT:USDT,0.57586,12.0,0.57576,60.0,0.57595,109.0,0.57596,8946.0
1753591889779,04:51:29.779,bitget,A/USDT:USDT,0.57586,12.0,0.57576,60.0,0.57595,109.0,0.57596,8946.0
1753591890230,04:51:30.230,bitget,A/USDT:USDT,0.57586,12.0,0.57576,60.0,0.57595,109.0,0.57596,8946.0
1753591890380,04:51:30.380,bitget,A/USDT:USDT,0.57586,12.0,0.57576,60.0,0.57595,109.0,0.57596,8946.0
1753591890530,04:51:30.530,bitget,A/USDT:USDT,0.57586,12.0,0.57576,60.0,0.57595,109.0,0.57596,8946.0
1753591890830,04:51:30.830,bitget,A/USDT:USDT,0.57586,119.0,0.57576,60.0,0.57595,109.0,0.57596,8946.0
1753591890980,04:51:30.980,bitget,A/USDT:USDT,0.57587,107.0,0.57586,12.0,0.57595,109.0,0.57596,8946.0
1753591891130,04:51:31.130,bitget,A/USDT:USDT,0.57587,107.0,0.57586,12.0,0.57595,109.0,0.57596,8946.0
1753591891280,04:51:31.280,bitget,A/USDT:USDT,0.57587,107.0,0.57586,12.0,0.57595,109.0,0.57596,8946.0
1753591891430,04:51:31.430,bitget,A/USDT:USDT,0.57587,107.0,0.57586,12.0,0.57595,109.0,0.57596,8946.0
1753591891580,04:51:31.580,bitget,A/USDT:USDT,0.57587,107.0,0.57586,12.0,0.57595,109.0,0.57596,8946.0
1753591891731,04:51:31.731,bitget,A/USDT:USDT,0.57587,107.0,0.57586,12.0,0.57595,109.0,0.57596,8946.0
1753591891881,04:51:31.881,bitget,A/USDT:USDT,0.57586,12.0,0.57576,60.0,0.57595,109.0,0.57596,8946.0
1753591892031,04:51:32.031,bitget,A/USDT:USDT,0.57587,107.0,0.57586,12.0,0.57595,109.0,0.57596,8946.0
1753591892181,04:51:32.181,bitget,A/USDT:USDT,0.57587,107.0,0.57586,12.0,0.57595,109.0,0.57596,8946.0
1753591892331,04:51:32.331,bitget,A/USDT:USDT,0.57587,107.0,0.57586,12.0,0.57595,109.0,0.57596,8946.0
1753591892481,04:51:32.481,bitget,A/USDT:USDT,0.57587,107.0,0.57586,12.0,0.57595,109.0,0.57596,8946.0
1753591892631,04:51:32.631,bitget,A/USDT:USDT,0.57587,107.0,0.57586,12.0,0.57595,109.0,0.57596,8946.0
1753591892781,04:51:32.781,bitget,A/USDT:USDT,0.57587,107.0,0.57586,12.0,0.57595,109.0,0.57596,8946.0
1753591892931,04:51:32.931,bitget,A/USDT:USDT,0.57587,107.0,0.57586,12.0,0.57595,109.0,0.57596,8946.0
1753591893081,04:51:33.081,bitget,A/USDT:USDT,0.57587,107.0,0.57586,12.0,0.57595,109.0,0.57596,8946.0
1753591893231,04:51:33.231,bitget,A/USDT:USDT,0.57587,107.0,0.57586,12.0,0.57595,109.0,0.57596,8946.0
1753591893381,04:51:33.381,bitget,A/USDT:USDT,0.57587,107.0,0.57586,12.0,0.57595,109.0,0.57596,8946.0
1753591893532,04:51:33.532,bitget,A/USDT:USDT,0.57587,107.0,0.57586,12.0,0.57595,109.0,0.57596,8946.0
1753591893682,04:51:33.682,bitget,A/USDT:USDT,0.57587,107.0,0.57586,12.0,0.57595,109.0,0.57596,8946.0
1753591893832,04:51:33.832,bitget,A/USDT:USDT,0.57587,107.0,0.57586,12.0,0.57595,109.0,0.57596,8946.0
1753591893982,04:51:33.982,bitget,A/USDT:USDT,0.57587,107.0,0.57586,12.0,0.57595,109.0,0.57596,8946.0
1753591894282,04:51:34.282,bitget,A/USDT:USDT,0.57587,107.0,0.57586,12.0,0.57595,109.0,0.57596,8946.0
1753591894882,04:51:34.882,bitget,A/USDT:USDT,0.57587,107.0,0.57586,12.0,0.57595,109.0,0.57596,8946.0
1753591895032,04:51:35.032,bitget,A/USDT:USDT,0.57587,107.0,0.57586,12.0,0.57595,109.0,0.57596,8946.0
1753591895183,04:51:35.183,bitget,A/USDT:USDT,0.57587,107.0,0.57586,12.0,0.57595,109.0,0.57596,8946.0
1753591895483,04:51:35.483,bitget,A/USDT:USDT,0.57587,107.0,0.57586,12.0,0.57595,109.0,0.57596,8946.0
1753591896233,04:51:36.233,bitget,A/USDT:USDT,0.57586,12.0,0.57576,60.0,0.57595,109.0,0.57596,8946.0
1753591896984,04:51:36.984,bitget,A/USDT:USDT,0.57587,107.0,0.57586,12.0,0.57595,109.0,0.57596,8946.0
1753591897134,04:51:37.134,bitget,A/USDT:USDT,0.57587,107.0,0.57586,12.0,0.57595,109.0,0.57596,8946.0
1753591897734,04:51:37.734,bitget,A/USDT:USDT,0.57587,107.0,0.57586,12.0,0.57595,109.0,0.57596,8946.0
1753591897884,04:51:37.884,bitget,A/USDT:USDT,0.57587,107.0,0.57586,12.0,0.57595,109.0,0.57596,8946.0
1753591898034,04:51:38.034,bitget,A/USDT:USDT,0.57587,107.0,0.57586,12.0,0.57595,109.0,0.57596,8946.0
1753591898184,04:51:38.184,bitget,A/USDT:USDT,0.57587,107.0,0.57586,12.0,0.57595,109.0,0.57596,8946.0
1753591898335,04:51:38.335,bitget,A/USDT:USDT,0.57587,107.0,0.57586,12.0,0.57595,109.0,0.57596,8946.0
1753591898635,04:51:38.635,bitget,A/USDT:USDT,0.57587,107.0,0.57586,12.0,0.57595,109.0,0.57596,8946.0
1753591898785,04:51:38.785,bitget,A/USDT:USDT,0.57587,107.0,0.57586,12.0,0.57595,109.0,0.57596,8946.0
1753591898935,04:51:38.935,bitget,A/USDT:USDT,0.57587,107.0,0.57586,12.0,0.57595,109.0,0.57596,8946.0
1753591899385,04:51:39.385,bitget,A/USDT:USDT,0.57587,107.0,0.57586,12.0,0.57595,109.0,0.57596,8946.0
1753591899535,04:51:39.535,bitget,A/USDT:USDT,0.57587,107.0,0.57586,12.0,0.57595,109.0,0.57596,8946.0
1753591899836,04:51:39.836,bitget,A/USDT:USDT,0.57587,107.0,0.57586,12.0,0.57595,108.0,0.57596,8946.0
1753591900136,04:51:40.136,bitget,A/USDT:USDT,0.57587,107.0,0.57586,12.0,0.57596,8946.0,0.57601,108.0
1753591900436,04:51:40.436,bitget,A/USDT:USDT,0.57587,107.0,0.57586,12.0,0.57596,8946.0,0.57601,108.0
1753591900586,04:51:40.586,bitget,A/USDT:USDT,0.57587,107.0,0.57586,12.0,0.57595,108.0,0.57596,8946.0
1753591900736,04:51:40.736,bitget,A/USDT:USDT,0.57587,107.0,0.57586,12.0,0.57596,8946.0,0.57601,108.0
1753591900886,04:51:40.886,bitget,A/USDT:USDT,0.57587,107.0,0.57586,12.0,0.57596,8946.0,0.57601,108.0
1753591901036,04:51:41.036,bitget,A/USDT:USDT,0.57587,107.0,0.57586,12.0,0.57596,8946.0,0.57601,108.0
1753591901487,04:51:41.487,bitget,A/USDT:USDT,0.57587,107.0,0.57586,12.0,0.57595,108.0,0.57596,8946.0
1753591901637,04:51:41.637,bitget,A/USDT:USDT,0.57587,107.0,0.57586,12.0,0.57595,108.0,0.57596,8946.0
1753591901937,04:51:41.937,bitget,A/USDT:USDT,0.57587,107.0,0.57586,12.0,0.57595,108.0,0.57596,8946.0
1753591902237,04:51:42.237,bitget,A/USDT:USDT,0.57587,107.0,0.57586,12.0,0.57596,8946.0,0.57601,108.0
1753591902537,04:51:42.537,bitget,A/USDT:USDT,0.57587,107.0,0.57586,12.0,0.57596,8946.0,0.57601,108.0
1753591902687,04:51:42.687,bitget,A/USDT:USDT,0.57587,107.0,0.57586,12.0,0.57596,8946.0,0.57601,108.0
1753591902837,04:51:42.837,bitget,A/USDT:USDT,0.57587,107.0,0.57586,12.0,0.57596,8946.0,0.57601,108.0
1753591902987,04:51:42.987,bitget,A/USDT:USDT,0.57587,107.0,0.57586,12.0,0.57596,8946.0,0.57601,108.0
1753591903138,04:51:43.138,bitget,A/USDT:USDT,0.57587,107.0,0.57586,12.0,0.57595,108.0,0.57601,108.0
1753591903288,04:51:43.288,bitget,A/USDT:USDT,0.57587,107.0,0.57586,12.0,0.57598,8944.0,0.57601,108.0
1753591903438,04:51:43.438,bitget,A/USDT:USDT,0.57587,107.0,0.57586,12.0,0.57595,108.0,0.57598,8944.0
1753591903588,04:51:43.588,bitget,A/USDT:USDT,0.57587,107.0,0.57586,12.0,0.57598,8944.0,0.57601,108.0
1753591903888,04:51:43.888,bitget,A/USDT:USDT,0.57587,107.0,0.57586,12.0,0.57595,108.0,0.57598,8944.0
1753591904038,04:51:44.038,bitget,A/USDT:USDT,0.57587,107.0,0.57586,12.0,0.57595,108.0,0.57598,8944.0
1753591904188,04:51:44.188,bitget,A/USDT:USDT,0.57587,107.0,0.57586,12.0,0.57595,108.0,0.57598,8944.0
1753591904338,04:51:44.338,bitget,A/USDT:USDT,0.57587,107.0,0.57586,12.0,0.57595,108.0,0.57598,8944.0
1753591904488,04:51:44.488,bitget,A/USDT:USDT,0.57587,107.0,0.57586,12.0,0.57595,108.0,0.57598,8944.0
1753591904639,04:51:44.639,bitget,A/USDT:USDT,0.57587,107.0,0.57586,12.0,0.57595,108.0,0.57598,8944.0
1753591905089,04:51:45.089,bitget,A/USDT:USDT,0.57587,107.0,0.57586,12.0,0.57595,108.0,0.57598,8944.0
1753591905539,04:51:45.539,bitget,A/USDT:USDT,0.57587,107.0,0.57586,12.0,0.57595,108.0,0.57598,8944.0
1753591905689,04:51:45.689,bitget,A/USDT:USDT,0.57587,107.0,0.57586,12.0,0.57595,108.0,0.57598,8944.0
1753591905989,04:51:45.989,bitget,A/USDT:USDT,0.57587,107.0,0.57586,12.0,0.57595,108.0,0.57598,8944.0
1753591906139,04:51:46.139,bitget,A/USDT:USDT,0.57587,107.0,0.57586,12.0,0.57595,108.0,0.57598,8944.0
1753591906289,04:51:46.289,bitget,A/USDT:USDT,0.57587,107.0,0.57586,12.0,0.57595,108.0,0.57598,8944.0
1753591906440,04:51:46.440,bitget,A/USDT:USDT,0.57587,107.0,0.57586,12.0,0.57595,108.0,0.57598,8944.0
1753591906590,04:51:46.590,bitget,A/USDT:USDT,0.57587,107.0,0.57586,12.0,0.57595,108.0,0.57598,8944.0
1753591906740,04:51:46.740,bitget,A/USDT:USDT,0.57587,107.0,0.57586,12.0,0.57595,108.0,0.57598,8944.0
1753591906890,04:51:46.890,bitget,A/USDT:USDT,0.57587,107.0,0.57586,12.0,0.57595,108.0,0.57598,8944.0
1753591907040,04:51:47.040,bitget,A/USDT:USDT,0.57587,107.0,0.57586,12.0,0.57595,108.0,0.57598,8944.0
1753591907190,04:51:47.190,bitget,A/USDT:USDT,0.57587,107.0,0.57586,12.0,0.57595,108.0,0.57598,8944.0
1753591907340,04:51:47.340,bitget,A/USDT:USDT,0.57587,107.0,0.57586,12.0,0.57595,108.0,0.57598,8944.0
1753591907490,04:51:47.490,bitget,A/USDT:USDT,0.57587,107.0,0.57586,12.0,0.57595,108.0,0.57598,8944.0
1753591907640,04:51:47.640,bitget,A/USDT:USDT,0.57587,107.0,0.57586,12.0,0.57595,108.0,0.57598,8944.0
1753591907790,04:51:47.790,bitget,A/USDT:USDT,0.57587,107.0,0.57586,12.0,0.57595,108.0,0.57598,8944.0
1753591907941,04:51:47.941,bitget,A/USDT:USDT,0.57587,107.0,0.57586,12.0,0.57595,108.0,0.57598,8944.0
1753591908091,04:51:48.091,bitget,A/USDT:USDT,0.57587,107.0,0.57586,12.0,0.57595,108.0,0.57598,8944.0
1753591908241,04:51:48.241,bitget,A/USDT:USDT,0.57587,107.0,0.57586,12.0,0.57595,108.0,0.57598,8944.0
1753591908391,04:51:48.391,bitget,A/USDT:USDT,0.57587,107.0,0.57586,12.0,0.57595,108.0,0.57598,8944.0
1753591908541,04:51:48.541,bitget,A/USDT:USDT,0.57587,107.0,0.57586,12.0,0.57595,108.0,0.57598,8944.0
1753591908691,04:51:48.691,bitget,A/USDT:USDT,0.57587,107.0,0.57586,12.0,0.57595,108.0,0.57598,8944.0
1753591908841,04:51:48.841,bitget,A/USDT:USDT,0.57587,107.0,0.57586,12.0,0.57595,108.0,0.57598,8944.0
1753591908991,04:51:48.991,bitget,A/USDT:USDT,0.57587,107.0,0.57586,12.0,0.57595,108.0,0.57598,8944.0
1753591909141,04:51:49.141,bitget,A/USDT:USDT,0.57587,107.0,0.57586,12.0,0.57595,108.0,0.57598,8944.0
1753591909291,04:51:49.291,bitget,A/USDT:USDT,0.57587,107.0,0.57586,12.0,0.57595,108.0,0.57598,8944.0
1753591909442,04:51:49.442,bitget,A/USDT:USDT,0.57587,107.0,0.57586,12.0,0.57595,108.0,0.57598,8944.0
1753591909591,04:51:49.591,bitget,A/USDT:USDT,0.57587,107.0,0.57586,12.0,0.57595,108.0,0.57598,8944.0
1753591909742,04:51:49.742,bitget,A/USDT:USDT,0.57587,107.0,0.57586,12.0,0.57595,108.0,0.57598,8944.0
1753591909892,04:51:49.892,bitget,A/USDT:USDT,0.57587,107.0,0.57586,12.0,0.57595,108.0,0.57598,8944.0
1753591910042,04:51:50.042,bitget,A/USDT:USDT,0.57587,107.0,0.57586,12.0,0.57595,108.0,0.57598,8944.0
1753591910192,04:51:50.192,bitget,A/USDT:USDT,0.57587,107.0,0.57586,12.0,0.57595,108.0,0.57598,8944.0
1753591910492,04:51:50.492,bitget,A/USDT:USDT,0.57587,107.0,0.57586,12.0,0.57595,108.0,0.57598,8944.0
1753591910642,04:51:50.642,bitget,A/USDT:USDT,0.57587,107.0,0.57586,12.0,0.57595,108.0,0.57598,8944.0
1753591910792,04:51:50.792,bitget,A/USDT:USDT,0.57587,107.0,0.57586,12.0,0.57595,108.0,0.57598,8944.0
1753591910942,04:51:50.942,bitget,A/USDT:USDT,0.57587,107.0,0.57586,12.0,0.57595,108.0,0.57598,8944.0
1753591911092,04:51:51.092,bitget,A/USDT:USDT,0.57587,107.0,0.57586,12.0,0.57595,108.0,0.57598,8944.0
1753591911243,04:51:51.243,bitget,A/USDT:USDT,0.57586,12.0,0.57585,60.0,0.57595,108.0,0.57598,8944.0
1753591911393,04:51:51.393,bitget,A/USDT:USDT,0.57587,108.0,0.57586,12.0,0.57595,108.0,0.57598,8944.0
1753591911543,04:51:51.543,bitget,A/USDT:USDT,0.57587,108.0,0.57586,12.0,0.57595,108.0,0.57598,8944.0
1753591912143,04:51:52.143,bitget,A/USDT:USDT,0.57587,108.0,0.57586,12.0,0.57595,108.0,0.57598,8944.0
1753591912443,04:51:52.443,bitget,A/USDT:USDT,0.57587,108.0,0.57586,12.0,0.57595,108.0,0.57598,8944.0
1753591912593,04:51:52.593,bitget,A/USDT:USDT,0.57587,108.0,0.57586,12.0,0.57595,108.0,0.57598,8944.0
1753591912743,04:51:52.743,bitget,A/USDT:USDT,0.57587,108.0,0.57586,12.0,0.57595,108.0,0.57598,8944.0
1753591912894,04:51:52.894,bitget,A/USDT:USDT,0.57587,108.0,0.57586,12.0,0.57595,108.0,0.57598,8944.0
1753591913044,04:51:53.044,bitget,A/USDT:USDT,0.57587,108.0,0.57586,12.0,0.57595,108.0,0.57598,8944.0
1753591913344,04:51:53.344,bitget,A/USDT:USDT,0.57587,108.0,0.57586,12.0,0.57595,108.0,0.57598,8944.0
1753591913494,04:51:53.494,bitget,A/USDT:USDT,0.57587,108.0,0.57586,12.0,0.57595,108.0,0.57598,8944.0
1753591913644,04:51:53.644,bitget,A/USDT:USDT,0.57587,108.0,0.57586,12.0,0.57595,108.0,0.57598,8944.0
1753591913794,04:51:53.794,bitget,A/USDT:USDT,0.57587,108.0,0.57586,12.0,0.57595,108.0,0.57598,8944.0
1753591914094,04:51:54.094,bitget,A/USDT:USDT,0.57587,108.0,0.57586,12.0,0.57595,108.0,0.57598,8944.0
1753591914244,04:51:54.244,bitget,A/USDT:USDT,0.57587,108.0,0.57586,12.0,0.57595,108.0,0.57598,8944.0
1753591914395,04:51:54.395,bitget,A/USDT:USDT,0.57587,108.0,0.57586,12.0,0.57595,108.0,0.57598,8944.0
1753591914545,04:51:54.545,bitget,A/USDT:USDT,0.57587,108.0,0.57586,12.0,0.57595,108.0,0.57598,8944.0
1753591914695,04:51:54.695,bitget,A/USDT:USDT,0.57587,108.0,0.57586,12.0,0.57595,108.0,0.57598,8944.0
1753591914995,04:51:54.995,bitget,A/USDT:USDT,0.57586,12.0,0.57585,60.0,0.57595,108.0,0.57598,8944.0
1753591915145,04:51:55.145,bitget,A/USDT:USDT,0.57586,120.0,0.57585,60.0,0.57595,108.0,0.57598,8944.0
1753591915295,04:51:55.295,bitget,A/USDT:USDT,0.57587,108.0,0.57586,12.0,0.57595,108.0,0.57598,8944.0
1753591915445,04:51:55.445,bitget,A/USDT:USDT,0.57587,108.0,0.57586,12.0,0.57595,108.0,0.57598,8944.0
1753591915595,04:51:55.595,bitget,A/USDT:USDT,0.57587,108.0,0.57586,12.0,0.57595,108.0,0.57598,8944.0
1753591915745,04:51:55.745,bitget,A/USDT:USDT,0.57587,108.0,0.57586,12.0,0.57595,108.0,0.57598,8944.0
1753591915895,04:51:55.895,bitget,A/USDT:USDT,0.57587,108.0,0.57586,12.0,0.57595,108.0,0.57598,8944.0
1753591916046,04:51:56.046,bitget,A/USDT:USDT,0.57587,108.0,0.57586,12.0,0.57595,108.0,0.57598,8944.0
1753591916346,04:51:56.346,bitget,A/USDT:USDT,0.57587,108.0,0.57586,12.0,0.57595,108.0,0.57598,8944.0
1753591916496,04:51:56.496,bitget,A/USDT:USDT,0.57586,12.0,0.57585,60.0,0.57595,108.0,0.57598,8944.0
1753591916646,04:51:56.646,bitget,A/USDT:USDT,0.57587,108.0,0.57586,12.0,0.57595,108.0,0.57598,8944.0
1753591916796,04:51:56.796,bitget,A/USDT:USDT,0.57587,108.0,0.57586,12.0,0.57595,108.0,0.57598,8944.0
1753591916946,04:51:56.946,bitget,A/USDT:USDT,0.57587,108.0,0.57586,12.0,0.57595,108.0,0.57598,8944.0
1753591917096,04:51:57.096,bitget,A/USDT:USDT,0.57587,108.0,0.57586,12.0,0.57595,108.0,0.57598,8944.0
1753591917246,04:51:57.246,bitget,A/USDT:USDT,0.57587,108.0,0.57586,12.0,0.57595,108.0,0.57598,8944.0
1753591917396,04:51:57.396,bitget,A/USDT:USDT,0.57587,108.0,0.57586,12.0,0.57595,108.0,0.57598,8944.0
1753591917697,04:51:57.697,bitget,A/USDT:USDT,0.57587,108.0,0.57586,12.0,0.57595,108.0,0.57598,8944.0
1753591917847,04:51:57.847,bitget,A/USDT:USDT,0.57587,108.0,0.57586,12.0,0.57595,108.0,0.57598,8944.0
1753591918147,04:51:58.147,bitget,A/USDT:USDT,0.57587,108.0,0.57586,12.0,0.57595,108.0,0.57598,8944.0
1753591918597,04:51:58.597,bitget,A/USDT:USDT,0.57587,108.0,0.57586,12.0,0.57595,108.0,0.57598,8944.0
1753591918747,04:51:58.747,bitget,A/USDT:USDT,0.57587,108.0,0.57586,12.0,0.57595,108.0,0.57598,8944.0
1753591919047,04:51:59.047,bitget,A/USDT:USDT,0.57587,108.0,0.57586,12.0,0.57595,108.0,0.57598,8944.0
1753591919198,04:51:59.198,bitget,A/USDT:USDT,0.57587,108.0,0.57586,12.0,0.57595,108.0,0.57598,8944.0
1753591919348,04:51:59.348,bitget,A/USDT:USDT,0.57587,111.0,0.57586,12.0,0.57595,108.0,0.57598,8944.0
1753591919498,04:51:59.498,bitget,A/USDT:USDT,0.57587,111.0,0.57586,12.0,0.57595,108.0,0.57598,8944.0
1753591919648,04:51:59.648,bitget,A/USDT:USDT,0.57587,111.0,0.57586,12.0,0.57595,108.0,0.57598,8944.0
1753591919798,04:51:59.798,bitget,A/USDT:USDT,0.57587,111.0,0.57586,12.0,0.57595,108.0,0.57598,8944.0
1753591919948,04:51:59.948,bitget,A/USDT:USDT,0.57587,111.0,0.57586,12.0,0.57595,108.0,0.57598,8944.0
1753591920098,04:52:00.098,bitget,A/USDT:USDT,0.57587,111.0,0.57586,12.0,0.57595,108.0,0.57598,8944.0
1753591920248,04:52:00.248,bitget,A/USDT:USDT,0.57587,111.0,0.57586,12.0,0.57595,108.0,0.57598,8944.0
1753591920398,04:52:00.398,bitget,A/USDT:USDT,0.57587,111.0,0.57586,12.0,0.57595,108.0,0.57598,8944.0
1753591920549,04:52:00.549,bitget,A/USDT:USDT,0.57588,111.0,0.57586,12.0,0.57595,108.0,0.57598,8944.0
1753591920699,04:52:00.699,bitget,A/USDT:USDT,0.57586,12.0,0.57585,60.0,0.57595,108.0,0.57598,8944.0
1753591920849,04:52:00.849,bitget,A/USDT:USDT,0.57586,123.0,0.57585,60.0,0.57595,108.0,0.57598,8944.0
1753591921149,04:52:01.149,bitget,A/USDT:USDT,0.57587,111.0,0.57586,12.0,0.57595,108.0,0.57598,8944.0
1753591921299,04:52:01.299,bitget,A/USDT:USDT,0.57587,111.0,0.57586,12.0,0.57595,108.0,0.57598,8944.0
1753591921449,04:52:01.449,bitget,A/USDT:USDT,0.57587,111.0,0.57586,12.0,0.57595,108.0,0.57598,8944.0
1753591921599,04:52:01.599,bitget,A/USDT:USDT,0.57587,111.0,0.57586,12.0,0.57598,8944.0,0.57604,60.0
1753591921749,04:52:01.749,bitget,A/USDT:USDT,0.57587,111.0,0.57586,12.0,0.57597,111.0,0.57598,8944.0
1753591922050,04:52:02.050,bitget,A/USDT:USDT,0.57587,111.0,0.57586,12.0,0.57615,111.0,0.57621,31256.0
1753591922350,04:52:02.350,bitget,A/USDT:USDT,0.57592,111.0,0.57586,12.0,0.57614,8942.0,0.57617,111.0
1753591922500,04:52:02.500,bitget,A/USDT:USDT,0.57592,111.0,0.57586,12.0,0.57614,8942.0,0.57621,31256.0
1753591922650,04:52:02.650,bitget,A/USDT:USDT,0.57592,111.0,0.57586,12.0,0.57612,111.0,0.57614,8942.0
1753591922800,04:52:02.800,bitget,A/USDT:USDT,0.57592,111.0,0.57586,12.0,0.57612,111.0,0.57614,8942.0
1753591922950,04:52:02.950,bitget,A/USDT:USDT,0.57592,111.0,0.57586,12.0,0.57612,111.0,0.57614,8942.0
1753591923400,04:52:03.400,bitget,A/USDT:USDT,0.57592,111.0,0.57586,12.0,0.57612,111.0,0.57615,8942.0
1753591923550,04:52:03.550,bitget,A/USDT:USDT,0.57592,111.0,0.57586,12.0,0.57612,111.0,0.57615,8942.0
1753591924001,04:52:04.001,bitget,A/USDT:USDT,0.57592,111.0,0.57586,12.0,0.57614,111.0,0.57615,8942.0
1753591924151,04:52:04.151,bitget,A/USDT:USDT,0.57592,111.0,0.57586,12.0,0.57614,111.0,0.57615,8942.0
1753591924451,04:52:04.451,bitget,A/USDT:USDT,0.57592,213.0,0.57586,12.0,0.57615,8942.0,0.57627,111.0
1753591924601,04:52:04.601,bitget,A/USDT:USDT,0.57597,111.0,0.57592,102.0,0.57614,111.0,0.57615,8942.0
1753591924751,04:52:04.751,bitget,A/USDT:USDT,0.57597,128.0,0.57594,41.0,0.57614,111.0,0.57615,8942.0
1753591924901,04:52:04.901,bitget,A/USDT:USDT,0.57602,111.0,0.57597,17.0,0.57614,111.0,0.57623,8942.0
1753591925051,04:52:05.051,bitget,A/USDT:USDT,0.57602,111.0,0.57597,17.0,0.57614,111.0,0.57623,8942.0
1753591925201,04:52:05.201,bitget,A/USDT:USDT,0.57602,111.0,0.57597,17.0,0.57614,111.0,0.57623,8942.0
1753591925352,04:52:05.352,bitget,A/USDT:USDT,0.57602,111.0,0.57597,17.0,0.57614,111.0,0.57623,8942.0
1753591925502,04:52:05.502,bitget,A/USDT:USDT,0.57602,111.0,0.57597,17.0,0.57614,111.0,0.57623,8942.0
1753591925652,04:52:05.652,bitget,A/USDT:USDT,0.57602,111.0,0.57597,17.0,0.57614,111.0,0.57623,8942.0
1753591925952,04:52:05.952,bitget,A/USDT:USDT,0.57602,111.0,0.57597,17.0,0.57614,111.0,0.57623,8942.0
1753591926102,04:52:06.102,bitget,A/USDT:USDT,0.57602,111.0,0.57597,17.0,0.57614,111.0,0.57623,8942.0
1753591926252,04:52:06.252,bitget,A/USDT:USDT,0.57602,111.0,0.57597,17.0,0.57614,111.0,0.57623,8942.0
1753591926402,04:52:06.402,bitget,A/USDT:USDT,0.57602,111.0,0.57597,17.0,0.57614,111.0,0.57623,8942.0
1753591926552,04:52:06.552,bitget,A/USDT:USDT,0.57602,111.0,0.57597,17.0,0.57614,111.0,0.57623,8942.0
1753591926702,04:52:06.702,bitget,A/USDT:USDT,0.57602,111.0,0.57597,17.0,0.57614,111.0,0.57623,8942.0
1753591926852,04:52:06.852,bitget,A/USDT:USDT,0.57602,111.0,0.57597,17.0,0.57614,111.0,0.57623,8942.0
1753591927003,04:52:07.003,bitget,A/USDT:USDT,0.57602,111.0,0.57597,17.0,0.57614,111.0,0.57623,8942.0
1753591927153,04:52:07.153,bitget,A/USDT:USDT,0.57602,111.0,0.57597,17.0,0.57614,111.0,0.57623,8942.0
1753591927453,04:52:07.453,bitget,A/USDT:USDT,0.57602,111.0,0.57597,17.0,0.57614,111.0,0.57623,8942.0
1753591927603,04:52:07.603,bitget,A/USDT:USDT,0.57602,111.0,0.57597,17.0,0.57614,111.0,0.57623,8942.0
1753591927753,04:52:07.753,bitget,A/USDT:USDT,0.57602,111.0,0.57597,17.0,0.57614,111.0,0.57623,8942.0
1753591927903,04:52:07.903,bitget,A/USDT:USDT,0.57602,111.0,0.57597,17.0,0.57614,111.0,0.57623,8942.0
1753591928203,04:52:08.203,bitget,A/USDT:USDT,0.57602,111.0,0.57597,17.0,0.57614,111.0,0.57623,8942.0
1753591928353,04:52:08.353,bitget,A/USDT:USDT,0.57602,111.0,0.57597,17.0,0.57614,111.0,0.57623,8942.0
1753591928504,04:52:08.504,bitget,A/USDT:USDT,0.57602,111.0,0.57597,17.0,0.57614,111.0,0.57623,8942.0
1753591928654,04:52:08.654,bitget,A/USDT:USDT,0.57602,111.0,0.57597,17.0,0.57614,111.0,0.57623,8942.0
1753591928804,04:52:08.804,bitget,A/USDT:USDT,0.57602,111.0,0.57597,17.0,0.57614,111.0,0.57623,8942.0
1753591929104,04:52:09.104,bitget,A/USDT:USDT,0.57602,111.0,0.57597,17.0,0.57614,108.0,0.57623,8942.0
1753591929254,04:52:09.254,bitget,A/USDT:USDT,0.57602,111.0,0.57597,17.0,0.57614,108.0,0.57623,8942.0
1753591929404,04:52:09.404,bitget,A/USDT:USDT,0.57602,111.0,0.57597,17.0,0.57614,108.0,0.57623,8942.0
1753591929554,04:52:09.554,bitget,A/USDT:USDT,0.57602,111.0,0.57597,17.0,0.57614,108.0,0.57623,8942.0
1753591929704,04:52:09.704,bitget,A/USDT:USDT,0.57602,111.0,0.57597,17.0,0.57614,108.0,0.57623,8942.0
1753591929854,04:52:09.854,bitget,A/USDT:USDT,0.57602,111.0,0.57597,17.0,0.57614,108.0,0.57623,8942.0
1753591930004,04:52:10.004,bitget,A/USDT:USDT,0.57602,111.0,0.57597,17.0,0.57614,108.0,0.57623,8942.0
1753591930155,04:52:10.155,bitget,A/USDT:USDT,0.57602,111.0,0.57597,17.0,0.57614,108.0,0.57623,8942.0
1753591930305,04:52:10.305,bitget,A/USDT:USDT,0.57602,111.0,0.57597,17.0,0.57614,108.0,0.57623,8942.0
1753591930455,04:52:10.455,bitget,A/USDT:USDT,0.57602,111.0,0.57597,17.0,0.57614,108.0,0.57623,8942.0
1753591930605,04:52:10.605,bitget,A/USDT:USDT,0.57602,111.0,0.57597,17.0,0.57614,108.0,0.57623,8942.0
1753591931055,04:52:11.055,bitget,A/USDT:USDT,0.57602,111.0,0.57597,17.0,0.57614,108.0,0.57623,8942.0
1753591931355,04:52:11.355,bitget,A/USDT:USDT,0.57602,111.0,0.57597,17.0,0.57618,108.0,0.57623,8942.0
1753591931505,04:52:11.505,bitget,A/USDT:USDT,0.57602,111.0,0.57597,17.0,0.57618,108.0,0.57623,8942.0
1753591931656,04:52:11.656,bitget,A/USDT:USDT,0.57602,111.0,0.57597,17.0,0.57618,108.0,0.57623,8942.0
1753591931806,04:52:11.806,bitget,A/USDT:USDT,0.57602,111.0,0.57597,17.0,0.57618,108.0,0.57623,8942.0
1753591931956,04:52:11.956,bitget,A/USDT:USDT,0.57602,111.0,0.57597,17.0,0.57618,108.0,0.57623,8942.0
1753591932106,04:52:12.106,bitget,A/USDT:USDT,0.57602,111.0,0.57597,17.0,0.57618,108.0,0.57623,8942.0
1753591932256,04:52:12.256,bitget,A/USDT:USDT,0.57602,111.0,0.57597,17.0,0.57618,108.0,0.57623,8942.0
1753591932406,04:52:12.406,bitget,A/USDT:USDT,0.57602,111.0,0.57597,17.0,0.57618,108.0,0.57623,8942.0
1753591932556,04:52:12.556,bitget,A/USDT:USDT,0.57602,111.0,0.57597,17.0,0.57618,108.0,0.57623,8942.0
1753591932706,04:52:12.706,bitget,A/USDT:USDT,0.57602,111.0,0.57597,17.0,0.57618,108.0,0.57623,8942.0
1753591932856,04:52:12.856,bitget,A/USDT:USDT,0.57602,111.0,0.57597,17.0,0.57618,108.0,0.57623,8942.0
1753591933006,04:52:13.006,bitget,A/USDT:USDT,0.57602,111.0,0.57597,17.0,0.57618,108.0,0.57623,8942.0
1753591933157,04:52:13.157,bitget,A/USDT:USDT,0.57602,111.0,0.57597,17.0,0.57618,108.0,0.57623,8942.0
1753591933457,04:52:13.457,bitget,A/USDT:USDT,0.57602,111.0,0.57597,17.0,0.57618,108.0,0.57623,8942.0
1753591933757,04:52:13.757,bitget,A/USDT:USDT,0.57602,111.0,0.57597,17.0,0.57618,108.0,0.57623,8942.0
1753591933907,04:52:13.907,bitget,A/USDT:USDT,0.57602,111.0,0.57597,17.0,0.57618,108.0,0.57623,8942.0
1753591934057,04:52:14.057,bitget,A/USDT:USDT,0.57602,111.0,0.57597,17.0,0.57618,108.0,0.57623,8942.0
1753591934207,04:52:14.207,bitget,A/USDT:USDT,0.57602,111.0,0.57597,17.0,0.57618,108.0,0.57623,8942.0
1753591934357,04:52:14.357,bitget,A/USDT:USDT,0.57602,111.0,0.57597,17.0,0.57618,108.0,0.57623,8942.0
1753591934507,04:52:14.507,bitget,A/USDT:USDT,0.57602,111.0,0.57597,17.0,0.57618,108.0,0.57623,8942.0
1753591934657,04:52:14.657,bitget,A/USDT:USDT,0.57602,111.0,0.57597,17.0,0.57618,108.0,0.57623,8942.0
1753591934958,04:52:14.958,bitget,A/USDT:USDT,0.57602,111.0,0.57597,17.0,0.57618,108.0,0.57623,8942.0
1753591935108,04:52:15.108,bitget,A/USDT:USDT,0.57602,111.0,0.57597,17.0,0.57618,108.0,0.57623,8942.0
1753591935258,04:52:15.258,bitget,A/USDT:USDT,0.57602,111.0,0.57597,17.0,0.57618,108.0,0.57623,8942.0
1753591935708,04:52:15.708,bitget,A/USDT:USDT,0.57602,111.0,0.57597,17.0,0.57618,108.0,0.57619,8938.0
1753591935858,04:52:15.858,bitget,A/USDT:USDT,0.57602,111.0,0.57597,17.0,0.57618,108.0,0.57619,8938.0
1753591936008,04:52:16.008,bitget,A/USDT:USDT,0.57609,12.0,0.57602,111.0,0.57618,108.0,0.57619,8938.0
1753591936158,04:52:16.158,bitget,A/USDT:USDT,0.57612,108.0,0.57609,12.0,0.57618,108.0,0.57619,8938.0
1753591936458,04:52:16.458,bitget,A/USDT:USDT,0.57612,108.0,0.57609,12.0,0.57618,108.0,0.57619,8938.0
1753591936609,04:52:16.609,bitget,A/USDT:USDT,0.57612,108.0,0.57609,12.0,0.57618,108.0,0.57619,8938.0
1753591936759,04:52:16.759,bitget,A/USDT:USDT,0.57612,108.0,0.57609,12.0,0.57618,108.0,0.57619,8938.0
1753591936909,04:52:16.909,bitget,A/USDT:USDT,0.57612,108.0,0.57609,12.0,0.57618,108.0,0.57619,8938.0
1753591937059,04:52:17.059,bitget,A/USDT:USDT,0.57612,108.0,0.57609,12.0,0.57618,108.0,0.57619,8938.0
1753591937209,04:52:17.209,bitget,A/USDT:USDT,0.57612,108.0,0.57609,12.0,0.57618,108.0,0.57619,8938.0
1753591937659,04:52:17.659,bitget,A/USDT:USDT,0.57612,108.0,0.57609,12.0,0.57618,108.0,0.57619,8938.0
1753591938110,04:52:18.110,bitget,A/USDT:USDT,0.57612,108.0,0.57609,12.0,0.57618,108.0,0.57619,8938.0
1753591938260,04:52:18.260,bitget,A/USDT:USDT,0.57612,108.0,0.57609,12.0,0.57618,108.0,0.57619,8938.0
1753591938410,04:52:18.410,bitget,A/USDT:USDT,0.57612,108.0,0.57609,12.0,0.57618,108.0,0.57619,8938.0
1753591938710,04:52:18.710,bitget,A/USDT:USDT,0.57612,108.0,0.57609,12.0,0.57618,108.0,0.57619,8938.0
1753591939010,04:52:19.010,bitget,A/USDT:USDT,0.57612,108.0,0.57609,12.0,0.57618,108.0,0.57619,8938.0
1753591939160,04:52:19.160,bitget,A/USDT:USDT,0.57612,108.0,0.57609,12.0,0.57618,108.0,0.57619,8938.0
1753591939310,04:52:19.310,bitget,A/USDT:USDT,0.57612,108.0,0.57609,12.0,0.57618,108.0,0.57619,8938.0
1753591939761,04:52:19.761,bitget,A/USDT:USDT,0.57612,108.0,0.57609,12.0,0.57618,108.0,0.57619,8938.0
1753591939911,04:52:19.911,bitget,A/USDT:USDT,0.57612,108.0,0.57609,12.0,0.57618,108.0,0.57619,8938.0
1753591940061,04:52:20.061,bitget,A/USDT:USDT,0.57612,108.0,0.57609,12.0,0.57618,108.0,0.57619,8938.0
1753591940211,04:52:20.211,bitget,A/USDT:USDT,0.57612,108.0,0.57609,12.0,0.57618,108.0,0.57619,8938.0
1753591940361,04:52:20.361,bitget,A/USDT:USDT,0.57612,108.0,0.57609,12.0,0.57618,108.0,0.57619,8938.0
1753591940511,04:52:20.511,bitget,A/USDT:USDT,0.57612,108.0,0.57609,12.0,0.57618,108.0,0.57619,8938.0
1753591940661,04:52:20.661,bitget,A/USDT:USDT,0.57612,108.0,0.57609,12.0,0.57618,108.0,0.57619,8938.0
1753591940811,04:52:20.811,bitget,A/USDT:USDT,0.57612,108.0,0.57609,12.0,0.57618,108.0,0.57619,8938.0
1753591940961,04:52:20.961,bitget,A/USDT:USDT,0.57612,108.0,0.57609,12.0,0.57618,108.0,0.57619,8938.0
1753591941111,04:52:21.111,bitget,A/USDT:USDT,0.57612,108.0,0.57609,12.0,0.57619,8938.0,0.57627,111.0
1753591941262,04:52:21.262,bitget,A/USDT:USDT,0.57612,108.0,0.57609,12.0,0.57619,8938.0,0.57627,111.0
1753591941412,04:52:21.412,bitget,A/USDT:USDT,0.57612,108.0,0.57609,12.0,0.57619,8938.0,0.57627,111.0
1753591941562,04:52:21.562,bitget,A/USDT:USDT,0.57612,108.0,0.57609,12.0,0.57619,8938.0,0.57627,111.0
1753591941862,04:52:21.862,bitget,A/USDT:USDT,0.57612,108.0,0.57609,12.0,0.57619,8938.0,0.57627,111.0
1753591942012,04:52:22.012,bitget,A/USDT:USDT,0.57612,108.0,0.57609,12.0,0.57619,8938.0,0.57627,111.0
1753591942462,04:52:22.462,bitget,A/USDT:USDT,0.57612,108.0,0.57609,12.0,0.57619,8938.0,0.57627,111.0
1753591942612,04:52:22.612,bitget,A/USDT:USDT,0.57612,108.0,0.57609,12.0,0.57619,8938.0,0.57627,111.0
1753591942762,04:52:22.762,bitget,A/USDT:USDT,0.57612,108.0,0.57609,12.0,0.57619,8938.0,0.57627,111.0
1753591943063,04:52:23.063,bitget,A/USDT:USDT,0.57612,108.0,0.57609,12.0,0.57619,8938.0,0.57627,111.0
1753591943213,04:52:23.213,bitget,A/USDT:USDT,0.57612,108.0,0.57609,12.0,0.57619,8938.0,0.57627,111.0
1753591943585,04:52:23.585,bitget,A/USDT:USDT,0.57612,108.0,0.57609,12.0,0.57619,8938.0,0.57627,111.0
1753591943785,04:52:23.785,bitget,A/USDT:USDT,0.57612,108.0,0.57609,12.0,0.57619,8938.0,0.57627,111.0
1753591943937,04:52:23.937,bitget,A/USDT:USDT,0.57612,108.0,0.57609,12.0,0.57619,8938.0,0.57627,111.0
1753591944113,04:52:24.113,bitget,A/USDT:USDT,0.57612,108.0,0.57609,12.0,0.57619,8938.0,0.57627,111.0
1753591944263,04:52:24.263,bitget,A/USDT:USDT,0.57612,108.0,0.57609,12.0,0.57619,8938.0,0.57627,111.0
1753591944413,04:52:24.413,bitget,A/USDT:USDT,0.57612,108.0,0.57609,12.0,0.57619,8938.0,0.57627,111.0
1753591944714,04:52:24.714,bitget,A/USDT:USDT,0.57612,108.0,0.57609,12.0,0.57619,8938.0,0.57627,111.0
1753591944864,04:52:24.864,bitget,A/USDT:USDT,0.57612,108.0,0.57609,12.0,0.57619,8938.0,0.57627,111.0
1753591945014,04:52:25.014,bitget,A/USDT:USDT,0.57612,108.0,0.57609,12.0,0.57619,8938.0,0.57627,111.0
1753591945164,04:52:25.164,bitget,A/USDT:USDT,0.57612,108.0,0.57609,12.0,0.57618,107.0,0.57619,8938.0
1753591945314,04:52:25.314,bitget,A/USDT:USDT,0.57612,108.0,0.57609,12.0,0.57618,107.0,0.57619,8938.0
1753591945464,04:52:25.464,bitget,A/USDT:USDT,0.57612,108.0,0.57609,12.0,0.57618,107.0,0.57619,8938.0
1753591945614,04:52:25.614,bitget,A/USDT:USDT,0.57612,108.0,0.57609,12.0,0.57618,107.0,0.57619,8938.0
1753591945764,04:52:25.764,bitget,A/USDT:USDT,0.57612,108.0,0.57609,12.0,0.57619,8938.0,0.57627,111.0
1753591946215,04:52:26.215,bitget,A/USDT:USDT,0.57612,108.0,0.57609,12.0,0.57618,107.0,0.57619,8938.0
1753591946365,04:52:26.365,bitget,A/USDT:USDT,0.57612,108.0,0.57609,12.0,0.57619,8938.0,0.57627,111.0
1753591946665,04:52:26.665,bitget,A/USDT:USDT,0.57612,108.0,0.57609,12.0,0.57618,107.0,0.57619,8938.0
1753591946815,04:52:26.815,bitget,A/USDT:USDT,0.57612,108.0,0.57609,12.0,0.57618,107.0,0.57619,8938.0
1753591947115,04:52:27.115,bitget,A/USDT:USDT,0.57612,108.0,0.57609,12.0,0.57618,107.0,0.57619,8938.0
1753591947265,04:52:27.265,bitget,A/USDT:USDT,0.57612,108.0,0.57609,12.0,0.57619,8938.0,0.57627,111.0
1753591947415,04:52:27.415,bitget,A/USDT:USDT,0.57612,108.0,0.57609,12.0,0.57618,107.0,0.57619,8938.0
1753591947565,04:52:27.565,bitget,A/USDT:USDT,0.57612,108.0,0.57609,12.0,0.57618,107.0,0.57619,8938.0
1753591947866,04:52:27.866,bitget,A/USDT:USDT,0.57612,108.0,0.57609,12.0,0.57618,107.0,0.57619,8938.0
1753591948016,04:52:28.016,bitget,A/USDT:USDT,0.57612,108.0,0.57609,12.0,0.57618,107.0,0.57619,8938.0
1753591948166,04:52:28.166,bitget,A/USDT:USDT,0.57612,108.0,0.57609,12.0,0.57618,107.0,0.57619,8938.0
1753591948316,04:52:28.316,bitget,A/USDT:USDT,0.57612,108.0,0.57609,12.0,0.57618,107.0,0.57619,8938.0
1753591948466,04:52:28.466,bitget,A/USDT:USDT,0.57612,108.0,0.57609,12.0,0.57618,107.0,0.57619,8938.0
1753591948616,04:52:28.616,bitget,A/USDT:USDT,0.57612,108.0,0.57609,12.0,0.57618,107.0,0.57619,8938.0
1753591948766,04:52:28.766,bitget,A/USDT:USDT,0.57612,108.0,0.57609,12.0,0.57618,107.0,0.57619,8938.0
1753591949216,04:52:29.216,bitget,A/USDT:USDT,0.57612,108.0,0.57609,12.0,0.57618,107.0,0.57619,8938.0
1753591949367,04:52:29.367,bitget,A/USDT:USDT,0.57612,108.0,0.57609,12.0,0.57618,107.0,0.57619,8938.0
1753591949517,04:52:29.517,bitget,A/USDT:USDT,0.5761,107.0,0.57609,12.0,0.57618,107.0,0.57619,8938.0
1753591949667,04:52:29.667,bitget,A/USDT:USDT,0.5761,107.0,0.57609,12.0,0.57618,107.0,0.57619,8938.0
1753591949967,04:52:29.967,bitget,A/USDT:USDT,0.5761,107.0,0.57609,12.0,0.57618,107.0,0.57619,8938.0
1753591950267,04:52:30.267,bitget,A/USDT:USDT,0.5761,107.0,0.57609,12.0,0.57618,107.0,0.57619,8938.0
1753591950417,04:52:30.417,bitget,A/USDT:USDT,0.5761,107.0,0.57609,12.0,0.57618,107.0,0.57619,8938.0
1753591951168,04:52:31.168,bitget,A/USDT:USDT,0.57609,12.0,0.57605,60.0,0.57618,107.0,0.57619,8938.0
1753591951468,04:52:31.468,bitget,A/USDT:USDT,0.57609,119.0,0.57571,106.0,0.57616,107.0,0.57619,8938.0
1753591951618,04:52:31.618,bitget,A/USDT:USDT,0.57611,107.0,0.57609,12.0,0.57616,107.0,0.57619,8938.0
1753591951768,04:52:31.768,bitget,A/USDT:USDT,0.57609,12.0,0.57571,106.0,0.57616,107.0,0.57619,8938.0
1753591951918,04:52:31.918,bitget,A/USDT:USDT,0.57609,12.0,0.57605,39.0,0.57616,107.0,0.57619,8938.0
1753591952068,04:52:32.068,bitget,A/USDT:USDT,0.57609,12.0,0.57605,39.0,0.57616,107.0,0.57619,8938.0
1753591952218,04:52:32.218,bitget,A/USDT:USDT,0.57612,107.0,0.57609,12.0,0.57619,8938.0,0.57624,60.0
1753591952368,04:52:32.368,bitget,A/USDT:USDT,0.57612,107.0,0.57609,12.0,0.57618,107.0,0.57619,8938.0
1753591952518,04:52:32.518,bitget,A/USDT:USDT,0.57612,107.0,0.57609,12.0,0.57618,107.0,0.57619,8938.0
1753591952669,04:52:32.669,bitget,A/USDT:USDT,0.57612,107.0,0.57609,12.0,0.57618,107.0,0.57619,8938.0
1753591952819,04:52:32.819,bitget,A/USDT:USDT,0.57612,107.0,0.57609,12.0,0.57618,107.0,0.57619,8938.0
1753591952969,04:52:32.969,bitget,A/USDT:USDT,0.57612,107.0,0.57609,12.0,0.57618,107.0,0.57619,8938.0
1753591953269,04:52:33.269,bitget,A/USDT:USDT,0.57612,107.0,0.57609,12.0,0.57618,107.0,0.57621,8935.0
1753591953569,04:52:33.569,bitget,A/USDT:USDT,0.57612,107.0,0.57609,12.0,0.57618,107.0,0.57621,8935.0
1753591953719,04:52:33.719,bitget,A/USDT:USDT,0.57612,107.0,0.57609,12.0,0.57618,107.0,0.57621,8935.0
1753591954019,04:52:34.019,bitget,A/USDT:USDT,0.57612,107.0,0.57609,12.0,0.57618,107.0,0.57621,8935.0
1753591954169,04:52:34.169,bitget,A/USDT:USDT,0.57612,107.0,0.57609,12.0,0.57618,107.0,0.57621,8935.0
1753591954320,04:52:34.320,bitget,A/USDT:USDT,0.57612,107.0,0.57609,12.0,0.57618,107.0,0.57621,8935.0
1753591954470,04:52:34.470,bitget,A/USDT:USDT,0.57612,107.0,0.57609,12.0,0.57618,107.0,0.57621,8935.0
1753591954620,04:52:34.620,bitget,A/USDT:USDT,0.57609,12.0,0.57605,39.0,0.57618,107.0,0.57621,8935.0
1753591954770,04:52:34.770,bitget,A/USDT:USDT,0.57609,119.0,0.57605,39.0,0.57618,107.0,0.57621,8935.0
1753591955070,04:52:35.070,bitget,A/USDT:USDT,0.57612,107.0,0.57609,12.0,0.57618,107.0,0.57621,8935.0
1753591955220,04:52:35.220,bitget,A/USDT:USDT,0.57612,107.0,0.57609,12.0,0.57618,107.0,0.57621,8935.0
1753591955520,04:52:35.520,bitget,A/USDT:USDT,0.5761,107.0,0.57609,12.0,0.57618,107.0,0.57621,8935.0
1753591955670,04:52:35.670,bitget,A/USDT:USDT,0.5761,107.0,0.57609,12.0,0.57618,107.0,0.57621,8935.0
1753591955820,04:52:35.820,bitget,A/USDT:USDT,0.5761,107.0,0.57609,12.0,0.57618,107.0,0.57621,8935.0
1753591956271,04:52:36.271,bitget,A/USDT:USDT,0.5761,107.0,0.57609,12.0,0.57618,107.0,0.57621,8935.0
1753591956421,04:52:36.421,bitget,A/USDT:USDT,0.5761,107.0,0.57609,12.0,0.57618,107.0,0.57621,8935.0
1753591956571,04:52:36.571,bitget,A/USDT:USDT,0.5761,107.0,0.57609,12.0,0.57618,107.0,0.57621,8935.0
1753591956721,04:52:36.721,bitget,A/USDT:USDT,0.5761,107.0,0.57609,12.0,0.57618,107.0,0.57621,8935.0
1753591956871,04:52:36.871,bitget,A/USDT:USDT,0.5761,107.0,0.57609,12.0,0.57618,107.0,0.57621,8935.0
1753591957021,04:52:37.021,bitget,A/USDT:USDT,0.5761,107.0,0.57609,12.0,0.57618,107.0,0.57621,8935.0
1753591957171,04:52:37.171,bitget,A/USDT:USDT,0.5761,107.0,0.57609,12.0,0.57618,107.0,0.57621,8935.0
1753591957321,04:52:37.321,bitget,A/USDT:USDT,0.57609,12.0,0.57605,39.0,0.57618,107.0,0.57621,8935.0
1753591957472,04:52:37.472,bitget,A/USDT:USDT,0.57609,119.0,0.57605,39.0,0.57618,107.0,0.57621,8935.0
1753591957622,04:52:37.622,bitget,A/USDT:USDT,0.5761,107.0,0.57609,12.0,0.57618,107.0,0.57621,8935.0
1753591957772,04:52:37.772,bitget,A/USDT:USDT,0.5761,107.0,0.57609,12.0,0.57618,107.0,0.57621,8935.0
1753591957922,04:52:37.922,bitget,A/USDT:USDT,0.5761,107.0,0.57609,12.0,0.57618,107.0,0.57621,8935.0
1753591958222,04:52:38.222,bitget,A/USDT:USDT,0.57609,12.0,0.57605,39.0,0.57618,107.0,0.57621,8935.0
1753591958372,04:52:38.372,bitget,A/USDT:USDT,0.57609,119.0,0.57605,39.0,0.57618,107.0,0.57621,8935.0
1753591958522,04:52:38.522,bitget,A/USDT:USDT,0.57609,119.0,0.57605,39.0,0.57618,107.0,0.57621,8935.0
1753591958672,04:52:38.672,bitget,A/USDT:USDT,0.57609,12.0,0.57605,39.0,0.57618,107.0,0.57621,8935.0
1753591958822,04:52:38.822,bitget,A/USDT:USDT,0.5761,107.0,0.57609,12.0,0.57614,107.0,0.57621,8935.0
1753591958972,04:52:38.972,bitget,A/USDT:USDT,0.5761,107.0,0.57609,12.0,0.5762,107.0,0.57621,8935.0
1753591959122,04:52:39.122,bitget,A/USDT:USDT,0.5761,107.0,0.57609,12.0,0.5762,107.0,0.57621,8935.0
1753591959273,04:52:39.273,bitget,A/USDT:USDT,0.5761,107.0,0.57609,12.0,0.5762,107.0,0.57621,8935.0
1753591959423,04:52:39.423,bitget,A/USDT:USDT,0.5761,107.0,0.57609,12.0,0.5762,107.0,0.57621,8935.0
1753591959573,04:52:39.573,bitget,A/USDT:USDT,0.5761,107.0,0.57609,12.0,0.5762,107.0,0.57621,8935.0
1753591959723,04:52:39.723,bitget,A/USDT:USDT,0.5761,107.0,0.57609,12.0,0.57621,8935.0,0.57627,111.0
1753591959873,04:52:39.873,bitget,A/USDT:USDT,0.5761,107.0,0.57609,12.0,0.57621,8935.0,0.57627,111.0
1753591960023,04:52:40.023,bitget,A/USDT:USDT,0.5761,107.0,0.57609,12.0,0.57621,8935.0,0.57627,111.0
1753591960173,04:52:40.173,bitget,A/USDT:USDT,0.5761,107.0,0.57609,12.0,0.57621,8935.0,0.57627,111.0
1753591960473,04:52:40.473,bitget,A/USDT:USDT,0.5761,107.0,0.57609,12.0,0.57621,8935.0,0.57627,111.0
1753591960623,04:52:40.623,bitget,A/USDT:USDT,0.5761,107.0,0.57609,12.0,0.5762,107.0,0.57621,8935.0
1753591960774,04:52:40.774,bitget,A/USDT:USDT,0.5761,107.0,0.57609,12.0,0.5762,107.0,0.57621,8935.0
1753591960924,04:52:40.924,bitget,A/USDT:USDT,0.5761,107.0,0.57609,12.0,0.5762,107.0,0.57621,8935.0
1753591961074,04:52:41.074,bitget,A/USDT:USDT,0.5761,107.0,0.57609,12.0,0.5762,107.0,0.57621,8935.0
1753591961224,04:52:41.224,bitget,A/USDT:USDT,0.5761,107.0,0.57609,12.0,0.5762,107.0,0.57621,8935.0
1753591961374,04:52:41.374,bitget,A/USDT:USDT,0.5761,107.0,0.57609,12.0,0.5762,107.0,0.57621,8935.0
1753591961524,04:52:41.524,bitget,A/USDT:USDT,0.5761,107.0,0.57609,12.0,0.5762,107.0,0.57621,8935.0
1753591961674,04:52:41.674,bitget,A/USDT:USDT,0.5761,107.0,0.57609,12.0,0.5762,107.0,0.57621,8935.0
1753591961824,04:52:41.824,bitget,A/USDT:USDT,0.5761,107.0,0.57609,12.0,0.5762,107.0,0.57621,8935.0
1753591961974,04:52:41.974,bitget,A/USDT:USDT,0.5761,107.0,0.57609,12.0,0.5762,107.0,0.57621,8935.0
1753591962124,04:52:42.124,bitget,A/USDT:USDT,0.5761,107.0,0.57609,12.0,0.5762,107.0,0.57621,8935.0
1753591962274,04:52:42.274,bitget,A/USDT:USDT,0.5761,107.0,0.57609,12.0,0.5762,107.0,0.57621,8935.0
1753591962575,04:52:42.575,bitget,A/USDT:USDT,0.5761,107.0,0.57609,12.0,0.5762,107.0,0.57621,8935.0
1753591962725,04:52:42.725,bitget,A/USDT:USDT,0.5761,107.0,0.57609,12.0,0.5762,107.0,0.57621,8935.0
1753591963175,04:52:43.175,bitget,A/USDT:USDT,0.5761,107.0,0.57609,12.0,0.5762,107.0,0.57621,8935.0
1753591963325,04:52:43.325,bitget,A/USDT:USDT,0.5761,107.0,0.57609,12.0,0.5762,107.0,0.57621,8935.0
1753591963475,04:52:43.475,bitget,A/USDT:USDT,0.5761,107.0,0.57609,12.0,0.5762,107.0,0.57621,8935.0
1753591963625,04:52:43.625,bitget,A/USDT:USDT,0.5761,107.0,0.57609,12.0,0.5762,107.0,0.57621,8935.0
1753591963775,04:52:43.775,bitget,A/USDT:USDT,0.5761,107.0,0.57609,12.0,0.5762,107.0,0.57621,8935.0
1753591963925,04:52:43.925,bitget,A/USDT:USDT,0.5761,107.0,0.57609,12.0,0.5762,107.0,0.57621,8935.0
1753591964076,04:52:44.076,bitget,A/USDT:USDT,0.5761,107.0,0.57609,12.0,0.5762,107.0,0.57621,8935.0
1753591964226,04:52:44.226,bitget,A/USDT:USDT,0.5761,107.0,0.57609,12.0,0.5762,107.0,0.57621,8935.0
1753591964376,04:52:44.376,bitget,A/USDT:USDT,0.5761,107.0,0.57609,12.0,0.5762,107.0,0.57621,8935.0
1753591964526,04:52:44.526,bitget,A/USDT:USDT,0.5761,107.0,0.57609,12.0,0.5762,107.0,0.57621,8935.0
1753591964676,04:52:44.676,bitget,A/USDT:USDT,0.5761,107.0,0.57609,12.0,0.5762,107.0,0.57621,8935.0
1753591964826,04:52:44.826,bitget,A/USDT:USDT,0.5761,107.0,0.57609,12.0,0.5762,107.0,0.57621,8935.0
1753591964976,04:52:44.976,bitget,A/USDT:USDT,0.5761,107.0,0.57609,12.0,0.5762,107.0,0.57621,8935.0
1753591965126,04:52:45.126,bitget,A/USDT:USDT,0.5761,107.0,0.57609,12.0,0.5762,107.0,0.57621,8935.0
1753591965276,04:52:45.276,bitget,A/USDT:USDT,0.5761,107.0,0.57609,12.0,0.5762,107.0,0.57621,8935.0
1753591965426,04:52:45.426,bitget,A/USDT:USDT,0.5761,107.0,0.57609,12.0,0.5762,107.0,0.57621,8935.0
1753591965576,04:52:45.576,bitget,A/USDT:USDT,0.5761,107.0,0.57609,12.0,0.5762,107.0,0.57621,8935.0
1753591965727,04:52:45.727,bitget,A/USDT:USDT,0.5761,107.0,0.57609,12.0,0.5762,107.0,0.57621,8935.0
1753591965877,04:52:45.877,bitget,A/USDT:USDT,0.5761,107.0,0.57609,12.0,0.5762,107.0,0.57621,8935.0
1753591966027,04:52:46.027,bitget,A/USDT:USDT,0.5761,107.0,0.57609,12.0,0.5762,107.0,0.57621,8935.0
1753591966477,04:52:46.477,bitget,A/USDT:USDT,0.5761,107.0,0.57609,12.0,0.5762,107.0,0.57621,8935.0
1753591966927,04:52:46.927,bitget,A/USDT:USDT,0.5761,107.0,0.57609,12.0,0.5762,107.0,0.57621,8935.0
1753591967077,04:52:47.077,bitget,A/USDT:USDT,0.5761,107.0,0.57609,12.0,0.5762,107.0,0.57621,8935.0
1753591967227,04:52:47.227,bitget,A/USDT:USDT,0.5761,107.0,0.57609,12.0,0.5762,107.0,0.57622,8933.0
1753591967378,04:52:47.378,bitget,A/USDT:USDT,0.5761,107.0,0.57609,12.0,0.5762,107.0,0.57622,8933.0
1753591967528,04:52:47.528,bitget,A/USDT:USDT,0.5761,107.0,0.57609,12.0,0.5762,107.0,0.57622,8933.0
1753591967678,04:52:47.678,bitget,A/USDT:USDT,0.5761,107.0,0.57609,12.0,0.5762,107.0,0.57622,8933.0
1753591967828,04:52:47.828,bitget,A/USDT:USDT,0.5761,107.0,0.57609,12.0,0.5762,107.0,0.57622,8933.0
1753591967978,04:52:47.978,bitget,A/USDT:USDT,0.5761,107.0,0.57609,12.0,0.5762,107.0,0.57622,8933.0
1753591968128,04:52:48.128,bitget,A/USDT:USDT,0.5761,107.0,0.57609,12.0,0.57622,8933.0,0.57626,60.0
1753591968278,04:52:48.278,bitget,A/USDT:USDT,0.5761,107.0,0.57609,12.0,0.57622,8933.0,0.57626,60.0
1753591968578,04:52:48.578,bitget,A/USDT:USDT,0.5761,107.0,0.57609,12.0,0.57622,8933.0,0.57626,60.0
1753591968728,04:52:48.728,bitget,A/USDT:USDT,0.5761,107.0,0.57609,12.0,0.57622,8933.0,0.57626,60.0
1753591968879,04:52:48.879,bitget,A/USDT:USDT,0.5761,107.0,0.57609,12.0,0.57622,8933.0,0.57626,60.0
1753591969029,04:52:49.029,bitget,A/USDT:USDT,0.5761,107.0,0.57609,12.0,0.57622,8933.0,0.57626,60.0
1753591969179,04:52:49.179,bitget,A/USDT:USDT,0.5761,107.0,0.57609,12.0,0.57622,8933.0,0.57626,60.0
1753591969329,04:52:49.329,bitget,A/USDT:USDT,0.5761,107.0,0.57609,12.0,0.57622,8933.0,0.57626,60.0
1753591969479,04:52:49.479,bitget,A/USDT:USDT,0.5761,107.0,0.57609,12.0,0.57622,8933.0,0.57626,60.0
1753591969629,04:52:49.629,bitget,A/USDT:USDT,0.5761,107.0,0.57609,12.0,0.57622,8933.0,0.57626,60.0
1753591969779,04:52:49.779,bitget,A/USDT:USDT,0.5761,107.0,0.57609,12.0,0.57621,108.0,0.57622,8933.0
1753591970229,04:52:50.229,bitget,A/USDT:USDT,0.5761,107.0,0.57609,12.0,0.57621,108.0,0.57622,8933.0
1753591970379,04:52:50.379,bitget,A/USDT:USDT,0.5761,107.0,0.57609,12.0,0.57621,108.0,0.57622,8933.0
1753591970530,04:52:50.530,bitget,A/USDT:USDT,0.5761,107.0,0.57609,12.0,0.57621,108.0,0.57622,8933.0
1753591970680,04:52:50.680,bitget,A/USDT:USDT,0.5761,107.0,0.57609,12.0,0.57621,108.0,0.57622,8933.0
1753591970980,04:52:50.980,bitget,A/USDT:USDT,0.5761,107.0,0.57609,12.0,0.57621,108.0,0.57622,8933.0
1753591971130,04:52:51.130,bitget,A/USDT:USDT,0.5761,107.0,0.57609,12.0,0.57621,108.0,0.57622,8933.0
1753591971280,04:52:51.280,bitget,A/USDT:USDT,0.5761,107.0,0.57609,12.0,0.57622,8933.0,0.57627,111.0
1753591971430,04:52:51.430,bitget,A/USDT:USDT,0.5761,107.0,0.57609,12.0,0.57621,108.0,0.57622,8933.0
1753591971580,04:52:51.580,bitget,A/USDT:USDT,0.5761,107.0,0.57609,12.0,0.57621,108.0,0.57622,8933.0
1753591971730,04:52:51.730,bitget,A/USDT:USDT,0.5761,107.0,0.57609,12.0,0.57621,108.0,0.57622,8933.0
1753591971880,04:52:51.880,bitget,A/USDT:USDT,0.5761,107.0,0.57609,12.0,0.57621,108.0,0.57622,8933.0
1753591972031,04:52:52.031,bitget,A/USDT:USDT,0.5761,107.0,0.57609,12.0,0.57621,108.0,0.57622,8933.0
1753591972181,04:52:52.181,bitget,A/USDT:USDT,0.5761,107.0,0.57609,12.0,0.57622,8933.0,0.57627,111.0
1753591972331,04:52:52.331,bitget,A/USDT:USDT,0.5761,107.0,0.57609,12.0,0.57622,8933.0,0.57627,111.0
1753591972481,04:52:52.481,bitget,A/USDT:USDT,0.5761,107.0,0.57609,12.0,0.57622,8933.0,0.57627,111.0
1753591973081,04:52:53.081,bitget,A/USDT:USDT,0.5761,107.0,0.57609,12.0,0.57622,8933.0,0.57627,111.0
1753591973231,04:52:53.231,bitget,A/USDT:USDT,0.5761,107.0,0.57609,12.0,0.57622,8933.0,0.57627,111.0
1753591973381,04:52:53.381,bitget,A/USDT:USDT,0.5761,107.0,0.57609,12.0,0.57622,8933.0,0.57627,111.0
1753591973531,04:52:53.531,bitget,A/USDT:USDT,0.5761,107.0,0.57609,12.0,0.57622,8933.0,0.57627,111.0
1753591973682,04:52:53.682,bitget,A/USDT:USDT,0.5761,107.0,0.57609,12.0,0.57622,8933.0,0.57627,111.0
1753591973982,04:52:53.982,bitget,A/USDT:USDT,0.5761,107.0,0.57609,12.0,0.57621,108.0,0.57622,8933.0
1753591974132,04:52:54.132,bitget,A/USDT:USDT,0.5761,107.0,0.57609,12.0,0.57621,108.0,0.57622,8933.0
1753591974282,04:52:54.282,bitget,A/USDT:USDT,0.5761,107.0,0.57609,12.0,0.57621,108.0,0.57622,8933.0
1753591974582,04:52:54.582,bitget,A/USDT:USDT,0.5761,107.0,0.57609,12.0,0.57622,8933.0,0.57627,111.0
1753591974732,04:52:54.732,bitget,A/USDT:USDT,0.5761,107.0,0.57609,12.0,0.57622,8933.0,0.57627,111.0
1753591974882,04:52:54.882,bitget,A/USDT:USDT,0.5761,107.0,0.57609,12.0,0.57621,108.0,0.57622,8933.0
1753591975032,04:52:55.032,bitget,A/USDT:USDT,0.5761,107.0,0.57609,12.0,0.57621,108.0,0.57622,8933.0
1753591975483,04:52:55.483,bitget,A/USDT:USDT,0.5761,107.0,0.57609,12.0,0.57621,108.0,0.57622,8933.0
1753591975633,04:52:55.633,bitget,A/USDT:USDT,0.5761,107.0,0.57609,12.0,0.57621,108.0,0.57622,8933.0
1753591975783,04:52:55.783,bitget,A/USDT:USDT,0.5761,107.0,0.57609,12.0,0.57621,108.0,0.57622,8933.0
1753591975933,04:52:55.933,bitget,A/USDT:USDT,0.5761,107.0,0.57609,12.0,0.57621,108.0,0.57622,8933.0
1753591976083,04:52:56.083,bitget,A/USDT:USDT,0.5761,107.0,0.57609,12.0,0.57621,108.0,0.57622,8933.0
1753591976233,04:52:56.233,bitget,A/USDT:USDT,0.5761,107.0,0.57609,12.0,0.57621,108.0,0.57622,8933.0
1753591976383,04:52:56.383,bitget,A/USDT:USDT,0.5761,107.0,0.57609,12.0,0.57621,108.0,0.57622,8933.0
1753591976533,04:52:56.533,bitget,A/USDT:USDT,0.5761,107.0,0.57609,12.0,0.57621,108.0,0.57622,8933.0
1753591976683,04:52:56.683,bitget,A/USDT:USDT,0.5761,107.0,0.57609,12.0,0.57621,108.0,0.57622,8933.0
1753591976984,04:52:56.984,bitget,A/USDT:USDT,0.5761,107.0,0.57609,12.0,0.57621,108.0,0.57622,8933.0
1753591977284,04:52:57.284,bitget,A/USDT:USDT,0.5761,107.0,0.57609,12.0,0.57621,108.0,0.57622,8933.0
1753591977434,04:52:57.434,bitget,A/USDT:USDT,0.5761,107.0,0.57609,12.0,0.57621,108.0,0.57622,8933.0
1753591977584,04:52:57.584,bitget,A/USDT:USDT,0.5761,107.0,0.57609,12.0,0.57621,108.0,0.57622,8933.0
1753591977734,04:52:57.734,bitget,A/USDT:USDT,0.5761,107.0,0.57609,12.0,0.57621,108.0,0.57622,8933.0
1753591977884,04:52:57.884,bitget,A/USDT:USDT,0.5761,107.0,0.57609,12.0,0.57621,108.0,0.57622,8933.0
1753591978034,04:52:58.034,bitget,A/USDT:USDT,0.5761,107.0,0.57609,12.0,0.57621,108.0,0.57622,8933.0
1753591978334,04:52:58.334,bitget,A/USDT:USDT,0.5761,107.0,0.57609,12.0,0.57621,108.0,0.57622,8933.0
1753591978635,04:52:58.635,bitget,A/USDT:USDT,0.5761,107.0,0.57609,12.0,0.57621,108.0,0.57622,8933.0
1753591978785,04:52:58.785,bitget,A/USDT:USDT,0.5761,107.0,0.57609,12.0,0.57621,108.0,0.57622,8933.0
1753591978935,04:52:58.935,bitget,A/USDT:USDT,0.5761,107.0,0.57609,12.0,0.57621,108.0,0.57622,8933.0
1753591979085,04:52:59.085,bitget,A/USDT:USDT,0.5761,107.0,0.57609,12.0,0.57621,108.0,0.57622,8933.0
1753591979385,04:52:59.385,bitget,A/USDT:USDT,0.57609,12.0,0.57605,39.0,0.57621,108.0,0.57622,8933.0
1753591979685,04:52:59.685,bitget,A/USDT:USDT,0.57612,110.0,0.57609,12.0,0.57622,8933.0,0.57627,111.0
1753591979986,04:52:59.986,bitget,A/USDT:USDT,0.57612,110.0,0.57609,12.0,0.57622,8933.0,0.57628,110.0
1753591980586,04:53:00.586,bitget,A/USDT:USDT,0.57612,110.0,0.57609,12.0,0.57622,8933.0,0.57634,110.0
1753591980736,04:53:00.736,bitget,A/USDT:USDT,0.57612,110.0,0.57609,12.0,0.57622,8933.0,0.57634,110.0
1753591980886,04:53:00.886,bitget,A/USDT:USDT,0.57612,110.0,0.57609,12.0,0.57622,8933.0,0.57634,110.0
1753591981036,04:53:01.036,bitget,A/USDT:USDT,0.57612,110.0,0.57609,12.0,0.57622,8933.0,0.57634,110.0
1753591981186,04:53:01.186,bitget,A/USDT:USDT,0.57612,110.0,0.57609,12.0,0.57622,8933.0,0.57634,110.0
1753591981336,04:53:01.336,bitget,A/USDT:USDT,0.57612,110.0,0.57609,12.0,0.57622,8933.0,0.57634,110.0
1753591981637,04:53:01.637,bitget,A/USDT:USDT,0.57612,110.0,0.57609,12.0,0.57622,8933.0,0.57634,110.0
1753591981937,04:53:01.937,bitget,A/USDT:USDT,0.57612,110.0,0.57609,12.0,0.57622,8933.0,0.57634,110.0
1753591982087,04:53:02.087,bitget,A/USDT:USDT,0.57612,110.0,0.57609,12.0,0.57622,8933.0,0.57634,110.0
1753591982387,04:53:02.387,bitget,A/USDT:USDT,0.57612,110.0,0.57609,12.0,0.57622,8933.0,0.57634,110.0
1753591982537,04:53:02.537,bitget,A/USDT:USDT,0.57612,110.0,0.57609,12.0,0.57622,8933.0,0.57634,110.0
1753591982987,04:53:02.987,bitget,A/USDT:USDT,0.57612,110.0,0.57609,12.0,0.57622,8933.0,0.57634,110.0
1753591983137,04:53:03.137,bitget,A/USDT:USDT,0.57612,110.0,0.57609,12.0,0.57622,8933.0,0.57634,110.0
1753591983438,04:53:03.438,bitget,A/USDT:USDT,0.57612,110.0,0.57609,12.0,0.57627,110.0,0.57628,8932.0
1753591983738,04:53:03.738,bitget,A/USDT:USDT,0.57612,110.0,0.57609,12.0,0.57627,110.0,0.57628,8932.0
1753591984038,04:53:04.038,bitget,A/USDT:USDT,0.57612,110.0,0.57609,12.0,0.57627,110.0,0.57628,8932.0
1753591984338,04:53:04.338,bitget,A/USDT:USDT,0.57612,110.0,0.57609,12.0,0.57627,110.0,0.57628,8932.0
1753591984488,04:53:04.488,bitget,A/USDT:USDT,0.57612,110.0,0.57609,12.0,0.57627,110.0,0.57628,8932.0
1753591984638,04:53:04.638,bitget,A/USDT:USDT,0.57612,110.0,0.57609,12.0,0.57627,110.0,0.57628,8932.0
1753591984789,04:53:04.789,bitget,A/USDT:USDT,0.57612,110.0,0.57609,12.0,0.57627,110.0,0.57628,8932.0
1753591984939,04:53:04.939,bitget,A/USDT:USDT,0.57612,110.0,0.57609,12.0,0.57627,110.0,0.57628,8932.0
1753591985239,04:53:05.239,bitget,A/USDT:USDT,0.57612,110.0,0.57609,12.0,0.57627,110.0,0.57628,8932.0
1753591985389,04:53:05.389,bitget,A/USDT:USDT,0.57612,110.0,0.57609,12.0,0.57627,110.0,0.57628,8932.0
1753591985539,04:53:05.539,bitget,A/USDT:USDT,0.57612,110.0,0.57609,12.0,0.57627,110.0,0.57628,8932.0
1753591985839,04:53:05.839,bitget,A/USDT:USDT,0.57612,110.0,0.57609,12.0,0.57627,110.0,0.57628,8932.0
1753591986290,04:53:06.290,bitget,A/USDT:USDT,0.57612,110.0,0.57609,12.0,0.57627,110.0,0.57628,8932.0
1753591986440,04:53:06.440,bitget,A/USDT:USDT,0.57612,110.0,0.57609,12.0,0.57627,110.0,0.57628,8932.0
1753591986590,04:53:06.590,bitget,A/USDT:USDT,0.57612,110.0,0.57609,12.0,0.57627,110.0,0.57628,8932.0
1753591986740,04:53:06.740,bitget,A/USDT:USDT,0.57612,110.0,0.57609,12.0,0.57627,110.0,0.57628,8932.0
1753591987040,04:53:07.040,bitget,A/USDT:USDT,0.57609,12.0,0.57605,39.0,0.57627,110.0,0.57628,8932.0
1753591987190,04:53:07.190,bitget,A/USDT:USDT,0.5761,110.0,0.57609,12.0,0.57627,110.0,0.57628,8932.0
1753591987340,04:53:07.340,bitget,A/USDT:USDT,0.5761,110.0,0.57609,12.0,0.57627,110.0,0.57628,8932.0
1753591987490,04:53:07.490,bitget,A/USDT:USDT,0.5761,110.0,0.57609,12.0,0.57627,110.0,0.57628,8932.0
1753591987790,04:53:07.790,bitget,A/USDT:USDT,0.5761,110.0,0.57609,12.0,0.57627,110.0,0.57628,8932.0
1753591987941,04:53:07.941,bitget,A/USDT:USDT,0.5761,110.0,0.57609,12.0,0.57627,110.0,0.57628,8932.0
1753591988241,04:53:08.241,bitget,A/USDT:USDT,0.5761,110.0,0.57609,12.0,0.57627,110.0,0.57628,8932.0
1753591988841,04:53:08.841,bitget,A/USDT:USDT,0.5761,110.0,0.57609,12.0,0.57627,110.0,0.57628,8932.0
1753591989141,04:53:09.141,bitget,A/USDT:USDT,0.5761,110.0,0.57609,12.0,0.57627,110.0,0.57628,8932.0
1753591989291,04:53:09.291,bitget,A/USDT:USDT,0.5761,110.0,0.57609,12.0,0.57627,110.0,0.57628,8932.0
1753591989441,04:53:09.441,bitget,A/USDT:USDT,0.5761,110.0,0.57609,12.0,0.57627,110.0,0.57628,8932.0
1753591989592,04:53:09.592,bitget,A/USDT:USDT,0.5761,110.0,0.57609,12.0,0.57627,110.0,0.57628,8932.0
1753591989742,04:53:09.742,bitget,A/USDT:USDT,0.5761,110.0,0.57609,12.0,0.57627,110.0,0.57628,8932.0
1753591990042,04:53:10.042,bitget,A/USDT:USDT,0.5761,110.0,0.57609,12.0,0.57627,110.0,0.57628,8932.0
1753591990342,04:53:10.342,bitget,A/USDT:USDT,0.5761,110.0,0.57609,12.0,0.57627,110.0,0.57628,8932.0
1753591990642,04:53:10.642,bitget,A/USDT:USDT,0.5761,110.0,0.57609,12.0,0.57627,110.0,0.57628,8932.0
1753591990943,04:53:10.943,bitget,A/USDT:USDT,0.5761,110.0,0.57609,12.0,0.57627,110.0,0.57628,8932.0
1753591991093,04:53:11.093,bitget,A/USDT:USDT,0.5761,110.0,0.57609,12.0,0.57627,110.0,0.57628,8932.0
1753591991543,04:53:11.543,bitget,A/USDT:USDT,0.5761,110.0,0.57609,12.0,0.57627,110.0,0.57628,8932.0
1753591991843,04:53:11.843,bitget,A/USDT:USDT,0.5761,110.0,0.57609,12.0,0.57627,110.0,0.57628,8932.0
1753591991993,04:53:11.993,bitget,A/USDT:USDT,0.5761,110.0,0.57609,12.0,0.57627,110.0,0.57628,8932.0
1753591992293,04:53:12.293,bitget,A/USDT:USDT,0.5761,110.0,0.57609,12.0,0.57627,110.0,0.57628,8932.0
1753591992443,04:53:12.443,bitget,A/USDT:USDT,0.5761,110.0,0.57609,12.0,0.57627,110.0,0.57628,8932.0
1753591992744,04:53:12.744,bitget,A/USDT:USDT,0.57609,12.0,0.57605,39.0,0.57627,110.0,0.57628,8932.0
1753591993794,04:53:13.794,bitget,A/USDT:USDT,0.57609,12.0,0.57571,106.0,0.57622,107.0,0.57628,8932.0
1753591993944,04:53:13.944,bitget,A/USDT:USDT,0.57609,12.0,0.57571,106.0,0.57622,107.0,0.57628,8932.0
1753591994094,04:53:14.094,bitget,A/USDT:USDT,0.57609,12.0,0.57571,106.0,0.57622,107.0,0.57628,8932.0
1753591994545,04:53:14.545,bitget,A/USDT:USDT,0.57609,12.0,0.57571,106.0,0.57622,107.0,0.57628,8932.0
1753591994695,04:53:14.695,bitget,A/USDT:USDT,0.57609,12.0,0.57571,106.0,0.57622,107.0,0.57628,8932.0
1753591994845,04:53:14.845,bitget,A/USDT:USDT,0.57609,12.0,0.57571,106.0,0.57622,107.0,0.57628,8932.0
1753591994995,04:53:14.995,bitget,A/USDT:USDT,0.57609,12.0,0.57571,106.0,0.57622,107.0,0.57628,8932.0
1753591995295,04:53:15.295,bitget,A/USDT:USDT,0.57609,12.0,0.57571,106.0,0.57622,107.0,0.57628,8932.0
1753591995445,04:53:15.445,bitget,A/USDT:USDT,0.57609,12.0,0.57598,39.0,0.57622,107.0,0.57628,8932.0
1753591995595,04:53:15.595,bitget,A/USDT:USDT,0.57609,12.0,0.57598,39.0,0.57622,107.0,0.57628,8932.0
1753591995896,04:53:15.896,bitget,A/USDT:USDT,0.57609,12.0,0.57571,106.0,0.57622,107.0,0.57628,8932.0
1753591996496,04:53:16.496,bitget,A/USDT:USDT,0.57609,12.0,0.57571,106.0,0.57622,107.0,0.57628,8932.0
1753591997246,04:53:17.246,bitget,A/USDT:USDT,0.57609,12.0,0.57595,39.0,0.57622,107.0,0.57628,8932.0
1753591997547,04:53:17.547,bitget,A/USDT:USDT,0.57609,12.0,0.57595,39.0,0.57622,107.0,0.57628,8932.0
1753591997697,04:53:17.697,bitget,A/USDT:USDT,0.57609,12.0,0.57595,39.0,0.57622,107.0,0.57628,8932.0
1753591997847,04:53:17.847,bitget,A/USDT:USDT,0.57609,12.0,0.57595,39.0,0.57622,107.0,0.57628,8932.0
1753591998447,04:53:18.447,bitget,A/USDT:USDT,0.57609,12.0,0.57595,39.0,0.57622,107.0,0.57628,8932.0
1753591998597,04:53:18.597,bitget,A/USDT:USDT,0.57609,12.0,0.57595,39.0,0.57622,107.0,0.57628,8932.0
1753591998747,04:53:18.747,bitget,A/USDT:USDT,0.57609,12.0,0.57595,39.0,0.57622,107.0,0.57628,8932.0
1753591999348,04:53:19.348,bitget,A/USDT:USDT,0.57609,119.0,0.57595,39.0,0.57622,107.0,0.57628,8932.0
1753591999648,04:53:19.648,bitget,A/USDT:USDT,0.5761,107.0,0.57609,12.0,0.57622,107.0,0.57628,8932.0
1753591999948,04:53:19.948,bitget,A/USDT:USDT,0.57609,12.0,0.57595,39.0,0.57622,107.0,0.57628,8932.0
1753592000248,04:53:20.248,bitget,A/USDT:USDT,0.57609,119.0,0.57595,39.0,0.57622,107.0,0.57628,8932.0
1753592000549,04:53:20.549,bitget,A/USDT:USDT,0.57609,12.0,0.57595,39.0,0.57622,107.0,0.57628,8932.0
1753592000849,04:53:20.849,bitget,A/USDT:USDT,0.57609,12.0,0.57595,39.0,0.57622,107.0,0.57628,8932.0
1753592000999,04:53:20.999,bitget,A/USDT:USDT,0.57609,12.0,0.57595,39.0,0.57622,107.0,0.57628,8932.0
1753592001149,04:53:21.149,bitget,A/USDT:USDT,0.57609,12.0,0.57595,39.0,0.57622,107.0,0.57628,8932.0
1753592001449,04:53:21.449,bitget,A/USDT:USDT,0.57609,119.0,0.57595,39.0,0.57622,107.0,0.57628,8932.0
1753592001749,04:53:21.749,bitget,A/USDT:USDT,0.5761,107.0,0.57609,12.0,0.57622,107.0,0.57628,8932.0
1753592002049,04:53:22.049,bitget,A/USDT:USDT,0.5761,107.0,0.57609,12.0,0.57622,107.0,0.57628,8932.0
1753592002199,04:53:22.199,bitget,A/USDT:USDT,0.5761,107.0,0.57609,12.0,0.57622,107.0,0.57628,8932.0
1753592002350,04:53:22.350,bitget,A/USDT:USDT,0.5761,107.0,0.57609,12.0,0.57622,107.0,0.57628,8932.0
1753592002500,04:53:22.500,bitget,A/USDT:USDT,0.5761,107.0,0.57609,12.0,0.57622,107.0,0.57628,8932.0
1753592002650,04:53:22.650,bitget,A/USDT:USDT,0.5761,107.0,0.57609,12.0,0.57622,107.0,0.57628,8932.0
1753592002950,04:53:22.950,bitget,A/USDT:USDT,0.5761,107.0,0.57609,12.0,0.57622,107.0,0.57628,8932.0
1753592003100,04:53:23.100,bitget,A/USDT:USDT,0.5761,107.0,0.57609,12.0,0.57622,107.0,0.57631,60.0
1753592003400,04:53:23.400,bitget,A/USDT:USDT,0.5761,107.0,0.57609,12.0,0.57617,107.0,0.57621,8932.0
1753592003700,04:53:23.700,bitget,A/USDT:USDT,0.5761,107.0,0.57609,12.0,0.57621,8932.0,0.57623,107.0
1753592004451,04:53:24.451,bitget,A/USDT:USDT,0.5761,107.0,0.57609,12.0,0.57619,107.0,0.57621,8932.0
1753592004751,04:53:24.751,bitget,A/USDT:USDT,0.5761,107.0,0.57609,12.0,0.57619,107.0,0.57621,8932.0
1753592004901,04:53:24.901,bitget,A/USDT:USDT,0.5761,107.0,0.57609,12.0,0.57619,107.0,0.57621,8932.0
1753592005201,04:53:25.201,bitget,A/USDT:USDT,0.5761,107.0,0.57609,12.0,0.57619,107.0,0.57621,8932.0
1753592005351,04:53:25.351,bitget,A/USDT:USDT,0.5761,107.0,0.57609,12.0,0.57619,107.0,0.57621,8932.0
1753592005502,04:53:25.502,bitget,A/USDT:USDT,0.5761,107.0,0.57609,12.0,0.57619,107.0,0.57621,8932.0
1753592005652,04:53:25.652,bitget,A/USDT:USDT,0.5761,107.0,0.57609,12.0,0.57619,107.0,0.57621,8932.0
1753592005952,04:53:25.952,bitget,A/USDT:USDT,0.5761,107.0,0.57609,12.0,0.57619,107.0,0.57621,8932.0
1753592006102,04:53:26.102,bitget,A/USDT:USDT,0.5761,107.0,0.57609,12.0,0.57619,107.0,0.57621,8932.0
1753592006252,04:53:26.252,bitget,A/USDT:USDT,0.5761,107.0,0.57609,12.0,0.57619,107.0,0.57621,8932.0
1753592006552,04:53:26.552,bitget,A/USDT:USDT,0.5761,107.0,0.57609,12.0,0.57619,107.0,0.57621,8932.0
1753592006702,04:53:26.702,bitget,A/USDT:USDT,0.5761,107.0,0.57609,12.0,0.57619,107.0,0.57621,8932.0
1753592007153,04:53:27.153,bitget,A/USDT:USDT,0.5761,107.0,0.57609,12.0,0.57619,107.0,0.57621,8932.0
1753592007453,04:53:27.453,bitget,A/USDT:USDT,0.5761,107.0,0.57609,12.0,0.57619,107.0,0.57621,8932.0
1753592007903,04:53:27.903,bitget,A/USDT:USDT,0.5761,107.0,0.57609,12.0,0.57619,107.0,0.57621,8932.0
1753592008203,04:53:28.203,bitget,A/USDT:USDT,0.5761,107.0,0.57609,12.0,0.57619,107.0,0.57621,8932.0
1753592008353,04:53:28.353,bitget,A/USDT:USDT,0.5761,107.0,0.57609,12.0,0.57619,107.0,0.57621,8932.0
1753592009104,04:53:29.104,bitget,A/USDT:USDT,0.5761,107.0,0.57609,12.0,0.57619,107.0,0.57621,8932.0
1753592009254,04:53:29.254,bitget,A/USDT:USDT,0.5761,107.0,0.57609,12.0,0.57619,107.0,0.57621,8932.0
1753592009554,04:53:29.554,bitget,A/USDT:USDT,0.5761,107.0,0.57609,12.0,0.57619,107.0,0.57621,8932.0
1753592009854,04:53:29.854,bitget,A/USDT:USDT,0.5761,107.0,0.57609,12.0,0.57619,107.0,0.57621,8932.0
1753592010154,04:53:30.154,bitget,A/USDT:USDT,0.5761,107.0,0.57609,12.0,0.57619,107.0,0.57621,8932.0
1753592011055,04:53:31.055,bitget,A/USDT:USDT,0.5761,107.0,0.57609,12.0,0.57619,107.0,0.57621,8932.0
1753592011205,04:53:31.205,bitget,A/USDT:USDT,0.5761,107.0,0.57609,12.0,0.57619,107.0,0.57621,8932.0
1753592011505,04:53:31.505,bitget,A/USDT:USDT,0.5761,107.0,0.57609,12.0,0.57619,107.0,0.57621,8932.0
1753592011805,04:53:31.805,bitget,A/USDT:USDT,0.5761,107.0,0.57609,12.0,0.57619,107.0,0.57621,8932.0
1753592012106,04:53:32.106,bitget,A/USDT:USDT,0.5761,107.0,0.57609,12.0,0.57619,107.0,0.57621,8932.0
1753592012556,04:53:32.556,bitget,A/USDT:USDT,0.5761,107.0,0.57609,12.0,0.57619,107.0,0.57621,8932.0
1753592013006,04:53:33.006,bitget,A/USDT:USDT,0.5761,107.0,0.57609,12.0,0.57619,107.0,0.57621,8932.0
1753592013306,04:53:33.306,bitget,A/USDT:USDT,0.5761,107.0,0.57609,12.0,0.57619,107.0,0.57621,8932.0
1753592013456,04:53:33.456,bitget,A/USDT:USDT,0.5761,107.0,0.57609,12.0,0.57619,107.0,0.57621,8932.0
1753592013757,04:53:33.757,bitget,A/USDT:USDT,0.5761,107.0,0.57609,12.0,0.57619,107.0,0.57621,8932.0
1753592013907,04:53:33.907,bitget,A/USDT:USDT,0.5761,107.0,0.57609,12.0,0.57619,107.0,0.57621,8932.0
1753592014057,04:53:34.057,bitget,A/USDT:USDT,0.5761,107.0,0.57609,12.0,0.57619,107.0,0.57621,8932.0
1753592014207,04:53:34.207,bitget,A/USDT:USDT,0.5761,107.0,0.57609,12.0,0.57619,107.0,0.57621,8932.0
1753592014507,04:53:34.507,bitget,A/USDT:USDT,0.5761,107.0,0.57609,12.0,0.57619,107.0,0.57621,8932.0
1753592014657,04:53:34.657,bitget,A/USDT:USDT,0.5761,107.0,0.57609,12.0,0.57619,107.0,0.57621,8932.0
1753592014957,04:53:34.957,bitget,A/USDT:USDT,0.5761,107.0,0.57609,12.0,0.57619,107.0,0.57621,8932.0
1753592015107,04:53:35.107,bitget,A/USDT:USDT,0.5761,107.0,0.57609,12.0,0.57619,107.0,0.57621,8932.0
1753592015558,04:53:35.558,bitget,A/USDT:USDT,0.5761,107.0,0.57609,12.0,0.57619,107.0,0.57623,8931.0
1753592015708,04:53:35.708,bitget,A/USDT:USDT,0.5761,107.0,0.57609,12.0,0.57619,107.0,0.57623,8931.0
1753592015858,04:53:35.858,bitget,A/USDT:USDT,0.5761,107.0,0.57609,12.0,0.57623,8931.0,0.57631,60.0
1753592016008,04:53:36.008,bitget,A/USDT:USDT,0.5761,107.0,0.57609,12.0,0.57621,109.0,0.57623,8931.0
1753592016458,04:53:36.458,bitget,A/USDT:USDT,0.5761,107.0,0.57609,12.0,0.57621,109.0,0.57623,8931.0
1753592016608,04:53:36.608,bitget,A/USDT:USDT,0.5761,107.0,0.57609,12.0,0.57621,109.0,0.57623,8931.0
1753592016758,04:53:36.758,bitget,A/USDT:USDT,0.5761,107.0,0.57609,12.0,0.57621,109.0,0.57623,8931.0
1753592016908,04:53:36.908,bitget,A/USDT:USDT,0.5761,107.0,0.57609,12.0,0.57621,109.0,0.57623,8931.0
1753592017059,04:53:37.059,bitget,A/USDT:USDT,0.5761,107.0,0.57609,12.0,0.57621,109.0,0.57623,8931.0
1753592017359,04:53:37.359,bitget,A/USDT:USDT,0.5761,107.0,0.57609,12.0,0.57621,109.0,0.57623,8931.0
1753592017959,04:53:37.959,bitget,A/USDT:USDT,0.5761,107.0,0.57609,12.0,0.57621,109.0,0.57623,8931.0
1753592018109,04:53:38.109,bitget,A/USDT:USDT,0.57609,12.0,0.57603,60.0,0.57621,109.0,0.57622,60.0
1753592018410,04:53:38.410,bitget,A/USDT:USDT,0.57609,12.0,0.57603,60.0,0.57621,109.0,0.57622,60.0
1753592018560,04:53:38.560,bitget,A/USDT:USDT,0.57609,119.0,0.57603,60.0,0.57621,109.0,0.57622,60.0
1753592018710,04:53:38.710,bitget,A/USDT:USDT,0.57609,119.0,0.57603,60.0,0.57621,109.0,0.57622,60.0
1753592019010,04:53:39.010,bitget,A/USDT:USDT,0.5761,107.0,0.57609,12.0,0.57621,109.0,0.57622,60.0
1753592019160,04:53:39.160,bitget,A/USDT:USDT,0.5761,107.0,0.57609,12.0,0.57621,109.0,0.57622,60.0
1753592019310,04:53:39.310,bitget,A/USDT:USDT,0.5761,107.0,0.57609,12.0,0.57621,109.0,0.57622,60.0
1753592019610,04:53:39.610,bitget,A/USDT:USDT,0.5761,107.0,0.57609,12.0,0.57621,109.0,0.57622,60.0
1753592019760,04:53:39.760,bitget,A/USDT:USDT,0.5761,107.0,0.57609,12.0,0.57621,109.0,0.57622,60.0
1753592020211,04:53:40.211,bitget,A/USDT:USDT,0.5761,107.0,0.57609,12.0,0.57621,109.0,0.57622,60.0
1753592020361,04:53:40.361,bitget,A/USDT:USDT,0.5761,107.0,0.57609,12.0,0.57621,109.0,0.57622,60.0
1753592020661,04:53:40.661,bitget,A/USDT:USDT,0.5761,107.0,0.57609,12.0,0.57621,109.0,0.57622,60.0
1753592020961,04:53:40.961,bitget,A/USDT:USDT,0.5761,107.0,0.57609,12.0,0.57621,109.0,0.57622,60.0
1753592021111,04:53:41.111,bitget,A/USDT:USDT,0.5761,107.0,0.57609,12.0,0.57621,109.0,0.57622,60.0
1753592021862,04:53:41.862,bitget,A/USDT:USDT,0.5761,107.0,0.57609,12.0,0.57621,109.0,0.57622,60.0
1753592022762,04:53:42.762,bitget,A/USDT:USDT,0.5761,107.0,0.57609,12.0,0.57621,109.0,0.57622,60.0
1753592022912,04:53:42.912,bitget,A/USDT:USDT,0.5761,107.0,0.57609,12.0,0.57621,109.0,0.57622,60.0
1753592023062,04:53:43.062,bitget,A/USDT:USDT,0.5761,107.0,0.57609,12.0,0.57621,109.0,0.57622,60.0
1753592023212,04:53:43.212,bitget,A/USDT:USDT,0.5761,107.0,0.57609,12.0,0.57621,109.0,0.57622,60.0
1753592023963,04:53:43.963,bitget,A/USDT:USDT,0.5761,107.0,0.57609,12.0,0.57621,109.0,0.57622,60.0
1753592024563,04:53:44.563,bitget,A/USDT:USDT,0.5761,107.0,0.57609,12.0,0.57621,109.0,0.57622,60.0
1753592024713,04:53:44.713,bitget,A/USDT:USDT,0.5761,107.0,0.57609,12.0,0.57621,109.0,0.57622,60.0
1753592025614,04:53:45.614,bitget,A/USDT:USDT,0.5761,107.0,0.57609,12.0,0.57621,109.0,0.57622,60.0
1753592025764,04:53:45.764,bitget,A/USDT:USDT,0.5761,107.0,0.57609,12.0,0.57621,109.0,0.57622,60.0
1753592026214,04:53:46.214,bitget,A/USDT:USDT,0.5761,107.0,0.57609,12.0,0.57621,109.0,0.57622,60.0
1753592026364,04:53:46.364,bitget,A/USDT:USDT,0.5761,107.0,0.57609,12.0,0.57621,109.0,0.57622,60.0
1753592026815,04:53:46.815,bitget,A/USDT:USDT,0.5761,107.0,0.57609,12.0,0.57621,109.0,0.57622,60.0
1753592026965,04:53:46.965,bitget,A/USDT:USDT,0.5761,107.0,0.57609,12.0,0.57621,109.0,0.57622,60.0
1753592027115,04:53:47.115,bitget,A/USDT:USDT,0.5761,107.0,0.57609,12.0,0.57621,109.0,0.57622,60.0
1753592027265,04:53:47.265,bitget,A/USDT:USDT,0.5761,107.0,0.57609,12.0,0.57621,109.0,0.57622,60.0
1753592027415,04:53:47.415,bitget,A/USDT:USDT,0.5761,107.0,0.57609,12.0,0.57621,109.0,0.57622,60.0
1753592027565,04:53:47.565,bitget,A/USDT:USDT,0.5761,107.0,0.57609,12.0,0.57621,109.0,0.57622,60.0
1753592027865,04:53:47.865,bitget,A/USDT:USDT,0.5761,107.0,0.57609,12.0,0.57621,109.0,0.57622,60.0
1753592028015,04:53:48.015,bitget,A/USDT:USDT,0.5761,107.0,0.57609,12.0,0.57621,109.0,0.57622,60.0
1753592028466,04:53:48.466,bitget,A/USDT:USDT,0.5761,107.0,0.57609,12.0,0.5762,109.0,0.57622,60.0
1753592028616,04:53:48.616,bitget,A/USDT:USDT,0.5761,107.0,0.57609,12.0,0.5762,109.0,0.57622,60.0
1753592028766,04:53:48.766,bitget,A/USDT:USDT,0.5761,107.0,0.57609,12.0,0.5762,109.0,0.57622,60.0
1753592028916,04:53:48.916,bitget,A/USDT:USDT,0.5761,107.0,0.57609,12.0,0.5762,109.0,0.57622,60.0
1753592029066,04:53:49.066,bitget,A/USDT:USDT,0.5761,107.0,0.57609,12.0,0.5762,109.0,0.57622,60.0
1753592029216,04:53:49.216,bitget,A/USDT:USDT,0.5761,107.0,0.57609,12.0,0.5762,109.0,0.57622,60.0
1753592029366,04:53:49.366,bitget,A/USDT:USDT,0.5761,107.0,0.57609,12.0,0.57622,60.0,0.57623,8931.0
1753592029516,04:53:49.516,bitget,A/USDT:USDT,0.5761,107.0,0.57609,12.0,0.57623,8931.0,0.57645,109.0
1753592029666,04:53:49.666,bitget,A/USDT:USDT,0.5761,107.0,0.57609,12.0,0.57623,8931.0,0.57645,109.0
1753592029817,04:53:49.817,bitget,A/USDT:USDT,0.5761,107.0,0.57609,12.0,0.57622,109.0,0.57623,8931.0
1753592030567,04:53:50.567,bitget,A/USDT:USDT,0.5761,107.0,0.57609,12.0,0.57622,109.0,0.57623,8931.0
1753592030717,04:53:50.717,bitget,A/USDT:USDT,0.5761,107.0,0.57609,12.0,0.57622,109.0,0.57623,8931.0
1753592030867,04:53:50.867,bitget,A/USDT:USDT,0.5761,107.0,0.57609,12.0,0.57622,109.0,0.57623,8931.0
1753592031017,04:53:51.017,bitget,A/USDT:USDT,0.5761,107.0,0.57609,12.0,0.57622,109.0,0.57623,8931.0
1753592031167,04:53:51.167,bitget,A/USDT:USDT,0.5761,107.0,0.57609,12.0,0.57622,109.0,0.57623,8931.0
1753592031318,04:53:51.318,bitget,A/USDT:USDT,0.5761,107.0,0.57609,12.0,0.57622,109.0,0.57623,8931.0
1753592031618,04:53:51.618,bitget,A/USDT:USDT,0.5761,107.0,0.57609,12.0,0.57622,109.0,0.57623,8931.0
1753592031768,04:53:51.768,bitget,A/USDT:USDT,0.5761,107.0,0.57609,12.0,0.57622,109.0,0.57623,8931.0
1753592031918,04:53:51.918,bitget,A/USDT:USDT,0.5761,107.0,0.57609,12.0,0.57622,109.0,0.57623,8931.0
1753592032068,04:53:52.068,bitget,A/USDT:USDT,0.5761,107.0,0.57609,12.0,0.57622,109.0,0.57623,8931.0
1753592032218,04:53:52.218,bitget,A/USDT:USDT,0.5761,107.0,0.57609,12.0,0.57623,8931.0,0.57627,60.0
1753592032368,04:53:52.368,bitget,A/USDT:USDT,0.5761,107.0,0.57609,12.0,0.57622,109.0,0.57623,8931.0
1753592032518,04:53:52.518,bitget,A/USDT:USDT,0.5761,107.0,0.57609,12.0,0.57622,109.0,0.57623,8931.0
1753592032818,04:53:52.818,bitget,A/USDT:USDT,0.5761,107.0,0.57609,12.0,0.57622,109.0,0.57623,8931.0
1753592032969,04:53:52.969,bitget,A/USDT:USDT,0.5761,107.0,0.57609,12.0,0.57622,109.0,0.57623,8931.0
1753592033269,04:53:53.269,bitget,A/USDT:USDT,0.5761,107.0,0.57609,12.0,0.57622,109.0,0.57626,8930.0
1753592033419,04:53:53.419,bitget,A/USDT:USDT,0.5761,107.0,0.57609,12.0,0.57622,109.0,0.57626,8930.0
1753592033569,04:53:53.569,bitget,A/USDT:USDT,0.5761,107.0,0.57609,12.0,0.57622,109.0,0.57626,8930.0
1753592033869,04:53:53.869,bitget,A/USDT:USDT,0.5761,107.0,0.57609,12.0,0.57622,109.0,0.57626,8930.0
1753592034169,04:53:54.169,bitget,A/USDT:USDT,0.5761,107.0,0.57609,12.0,0.57622,109.0,0.57626,8930.0
1753592034319,04:53:54.319,bitget,A/USDT:USDT,0.5761,107.0,0.57609,12.0,0.57626,7886.0,0.57627,60.0
1753592034470,04:53:54.470,bitget,A/USDT:USDT,0.5761,107.0,0.57609,12.0,0.57622,109.0,0.57626,7886.0
1753592034620,04:53:54.620,bitget,A/USDT:USDT,0.5761,107.0,0.57609,12.0,0.57622,109.0,0.57626,7886.0
1753592034920,04:53:54.920,bitget,A/USDT:USDT,0.5761,107.0,0.57609,12.0,0.57622,109.0,0.57626,7886.0
1753592035520,04:53:55.520,bitget,A/USDT:USDT,0.5761,107.0,0.57609,12.0,0.57626,7886.0,0.57627,60.0
1753592035820,04:53:55.820,bitget,A/USDT:USDT,0.5761,107.0,0.57609,12.0,0.57626,7886.0,0.57627,60.0
1753592035971,04:53:55.971,bitget,A/USDT:USDT,0.5761,107.0,0.57609,12.0,0.57626,7886.0,0.57627,60.0
1753592036121,04:53:56.121,bitget,A/USDT:USDT,0.5761,107.0,0.57609,12.0,0.57626,7886.0,0.57627,60.0
1753592036271,04:53:56.271,bitget,A/USDT:USDT,0.5761,107.0,0.57609,12.0,0.57626,7886.0,0.57627,60.0
1753592036571,04:53:56.571,bitget,A/USDT:USDT,0.5761,107.0,0.57609,12.0,0.57626,7886.0,0.57627,60.0
1753592036721,04:53:56.721,bitget,A/USDT:USDT,0.5761,107.0,0.57609,12.0,0.57626,7886.0,0.57627,60.0
1753592036871,04:53:56.871,bitget,A/USDT:USDT,0.5761,107.0,0.57609,12.0,0.57626,7886.0,0.57627,60.0
1753592037021,04:53:57.021,bitget,A/USDT:USDT,0.5761,107.0,0.57609,12.0,0.57626,7886.0,0.57627,60.0
1753592037622,04:53:57.622,bitget,A/USDT:USDT,0.5761,107.0,0.57609,12.0,0.57626,7886.0,0.57627,60.0
1753592037772,04:53:57.772,bitget,A/USDT:USDT,0.5761,107.0,0.57609,12.0,0.57626,7886.0,0.57627,60.0
1753592038072,04:53:58.072,bitget,A/USDT:USDT,0.5761,107.0,0.57609,12.0,0.57626,7886.0,0.57627,60.0
1753592038372,04:53:58.372,bitget,A/USDT:USDT,0.5761,107.0,0.57609,12.0,0.57626,7886.0,0.57627,60.0
1753592038672,04:53:58.672,bitget,A/USDT:USDT,0.5761,107.0,0.57609,12.0,0.57626,7886.0,0.57627,60.0
1753592038972,04:53:58.972,bitget,A/USDT:USDT,0.5761,107.0,0.57609,12.0,0.57626,7886.0,0.57627,60.0
1753592039123,04:53:59.123,bitget,A/USDT:USDT,0.5761,107.0,0.57609,12.0,0.57626,7886.0,0.57627,60.0
1753592039273,04:53:59.273,bitget,A/USDT:USDT,0.5761,107.0,0.57609,12.0,0.57626,7886.0,0.57627,60.0
1753592039423,04:53:59.423,bitget,A/USDT:USDT,0.5761,107.0,0.57609,12.0,0.57626,7886.0,0.57627,60.0
1753592039573,04:53:59.573,bitget,A/USDT:USDT,0.5761,107.0,0.57609,12.0,0.57626,7886.0,0.57627,60.0
1753592040023,04:54:00.023,bitget,A/USDT:USDT,0.5761,107.0,0.57609,12.0,0.57626,7886.0,0.57627,60.0
1753592040173,04:54:00.173,bitget,A/USDT:USDT,0.5761,107.0,0.57609,12.0,0.57626,7886.0,0.57627,60.0
1753592040473,04:54:00.473,bitget,A/USDT:USDT,0.5761,107.0,0.57609,12.0,0.57626,7886.0,0.57627,60.0
1753592040624,04:54:00.624,bitget,A/USDT:USDT,0.5761,107.0,0.57609,12.0,0.57626,7886.0,0.57627,60.0
1753592040774,04:54:00.774,bitget,A/USDT:USDT,0.5761,107.0,0.57609,12.0,0.57626,7886.0,0.57627,60.0
1753592041074,04:54:01.074,bitget,A/USDT:USDT,0.5761,107.0,0.57609,12.0,0.57626,7886.0,0.57627,60.0
1753592041224,04:54:01.224,bitget,A/USDT:USDT,0.5761,107.0,0.57609,12.0,0.57626,7886.0,0.57627,60.0
1753592041374,04:54:01.374,bitget,A/USDT:USDT,0.5761,107.0,0.57609,12.0,0.57626,7886.0,0.57627,60.0
1753592041674,04:54:01.674,bitget,A/USDT:USDT,0.5761,107.0,0.57609,12.0,0.57626,7886.0,0.57627,60.0
1753592041824,04:54:01.824,bitget,A/USDT:USDT,0.5761,107.0,0.57609,12.0,0.57626,7886.0,0.57627,60.0
1753592041974,04:54:01.974,bitget,A/USDT:USDT,0.5761,107.0,0.57609,12.0,0.57626,7886.0,0.57627,60.0
1753592042124,04:54:02.124,bitget,A/USDT:USDT,0.5761,107.0,0.57609,12.0,0.57626,7886.0,0.57627,60.0
1753592042275,04:54:02.275,bitget,A/USDT:USDT,0.5761,107.0,0.57609,12.0,0.57626,7886.0,0.57627,60.0
1753592042425,04:54:02.425,bitget,A/USDT:USDT,0.5761,107.0,0.57609,12.0,0.57626,7886.0,0.57627,60.0
1753592042575,04:54:02.575,bitget,A/USDT:USDT,0.5761,107.0,0.57609,12.0,0.57626,7886.0,0.57627,60.0
1753592042875,04:54:02.875,bitget,A/USDT:USDT,0.5761,107.0,0.57609,12.0,0.57626,7886.0,0.57627,60.0
1753592043025,04:54:03.025,bitget,A/USDT:USDT,0.5761,107.0,0.57609,12.0,0.57626,7886.0,0.57627,60.0
1753592043625,04:54:03.625,bitget,A/USDT:USDT,0.5761,107.0,0.57609,12.0,0.57626,7886.0,0.57627,60.0
1753592043776,04:54:03.776,bitget,A/USDT:USDT,0.5761,107.0,0.57609,12.0,0.57626,7886.0,0.57627,60.0
1753592043926,04:54:03.926,bitget,A/USDT:USDT,0.5761,107.0,0.57609,12.0,0.57626,7886.0,0.57627,60.0
1753592044076,04:54:04.076,bitget,A/USDT:USDT,0.5761,107.0,0.57609,12.0,0.57626,7886.0,0.57627,60.0
1753592044976,04:54:04.976,bitget,A/USDT:USDT,0.5761,107.0,0.57609,12.0,0.57626,7886.0,0.57627,60.0
1753592045427,04:54:05.427,bitget,A/USDT:USDT,0.5761,107.0,0.57609,12.0,0.57626,7886.0,0.57627,60.0
1753592045577,04:54:05.577,bitget,A/USDT:USDT,0.5761,107.0,0.57609,12.0,0.57626,7886.0,0.57627,60.0
1753592045877,04:54:05.877,bitget,A/USDT:USDT,0.5761,107.0,0.57609,12.0,0.57626,7886.0,0.57627,60.0
1753592046027,04:54:06.027,bitget,A/USDT:USDT,0.5761,107.0,0.57609,12.0,0.57626,7886.0,0.57627,60.0
1753592046177,04:54:06.177,bitget,A/USDT:USDT,0.5761,107.0,0.57609,12.0,0.57626,7886.0,0.57627,60.0
1753592046477,04:54:06.477,bitget,A/USDT:USDT,0.5761,107.0,0.57609,12.0,0.57626,7886.0,0.57627,60.0
1753592046627,04:54:06.627,bitget,A/USDT:USDT,0.5761,107.0,0.57609,12.0,0.57626,7886.0,0.57627,60.0
1753592046777,04:54:06.777,bitget,A/USDT:USDT,0.5761,107.0,0.57609,12.0,0.57626,7886.0,0.57627,60.0
1753592046927,04:54:06.927,bitget,A/USDT:USDT,0.5761,107.0,0.57609,12.0,0.57626,7886.0,0.57627,60.0
1753592047077,04:54:07.077,bitget,A/USDT:USDT,0.5761,107.0,0.57609,12.0,0.57626,7886.0,0.57627,60.0
1753592047228,04:54:07.228,bitget,A/USDT:USDT,0.5761,107.0,0.57609,12.0,0.57627,8989.0,0.57645,109.0
1753592047378,04:54:07.378,bitget,A/USDT:USDT,0.5761,107.0,0.57609,12.0,0.57627,8989.0,0.57645,109.0
1753592047678,04:54:07.678,bitget,A/USDT:USDT,0.5761,107.0,0.57609,12.0,0.57627,8989.0,0.57645,109.0
1753592047828,04:54:07.828,bitget,A/USDT:USDT,0.5761,107.0,0.57609,12.0,0.57627,8989.0,0.57645,109.0
1753592047978,04:54:07.978,bitget,A/USDT:USDT,0.5761,107.0,0.57609,12.0,0.57627,8989.0,0.57645,109.0
1753592048428,04:54:08.428,bitget,A/USDT:USDT,0.5761,107.0,0.57609,12.0,0.57627,8989.0,0.57645,109.0
1753592048578,04:54:08.578,bitget,A/USDT:USDT,0.5761,107.0,0.57609,12.0,0.57627,8989.0,0.57645,109.0
1753592048728,04:54:08.728,bitget,A/USDT:USDT,0.5761,107.0,0.57609,12.0,0.57627,8989.0,0.57645,109.0
1753592048879,04:54:08.879,bitget,A/USDT:USDT,0.5761,107.0,0.57609,12.0,0.57627,8989.0,0.57645,109.0
1753592049179,04:54:09.179,bitget,A/USDT:USDT,0.5761,107.0,0.57609,12.0,0.57627,8989.0,0.57645,109.0
1753592049479,04:54:09.479,bitget,A/USDT:USDT,0.5761,107.0,0.57609,12.0,0.57627,8989.0,0.57645,109.0
1753592049629,04:54:09.629,bitget,A/USDT:USDT,0.5761,107.0,0.57609,12.0,0.57627,8989.0,0.57645,109.0
1753592049929,04:54:09.929,bitget,A/USDT:USDT,0.5761,107.0,0.57609,12.0,0.57627,8989.0,0.57645,109.0
1753592050079,04:54:10.079,bitget,A/USDT:USDT,0.5761,107.0,0.57609,12.0,0.57627,8929.0,0.57645,109.0
1753592050229,04:54:10.229,bitget,A/USDT:USDT,0.5761,107.0,0.57609,12.0,0.57627,8929.0,0.57645,109.0
1753592050379,04:54:10.379,bitget,A/USDT:USDT,0.5761,107.0,0.57609,12.0,0.57627,8929.0,0.57645,109.0
1753592050830,04:54:10.830,bitget,A/USDT:USDT,0.5761,107.0,0.57609,12.0,0.57627,8929.0,0.57645,109.0
1753592050980,04:54:10.980,bitget,A/USDT:USDT,0.5761,107.0,0.57609,12.0,0.57627,8929.0,0.57645,109.0
1753592051430,04:54:11.430,bitget,A/USDT:USDT,0.5761,107.0,0.57609,12.0,0.57627,8929.0,0.57645,109.0
1753592051580,04:54:11.580,bitget,A/USDT:USDT,0.5761,107.0,0.57609,12.0,0.57627,8929.0,0.57645,109.0
1753592051880,04:54:11.880,bitget,A/USDT:USDT,0.5761,107.0,0.57609,12.0,0.57627,8929.0,0.57645,109.0
1753592052181,04:54:12.181,bitget,A/USDT:USDT,0.5761,107.0,0.57609,12.0,0.57645,109.0,0.57649,31237.0
1753592052331,04:54:12.331,bitget,A/USDT:USDT,0.5761,107.0,0.57609,12.0,0.57644,8929.0,0.57645,109.0
1753592052631,04:54:12.631,bitget,A/USDT:USDT,0.5761,107.0,0.57609,12.0,0.57644,8929.0,0.57645,109.0
1753592053231,04:54:13.231,bitget,A/USDT:USDT,0.5761,107.0,0.57609,12.0,0.57644,8929.0,0.57645,109.0
1753592053531,04:54:13.531,bitget,A/USDT:USDT,0.5761,107.0,0.57609,12.0,0.57644,9679.0,0.57645,109.0
1753592054132,04:54:14.132,bitget,A/USDT:USDT,0.5761,107.0,0.57609,12.0,0.57644,9679.0,0.57645,109.0
1753592054282,04:54:14.282,bitget,A/USDT:USDT,0.5761,107.0,0.57609,12.0,0.57644,9679.0,0.57645,109.0
1753592054432,04:54:14.432,bitget,A/USDT:USDT,0.5761,107.0,0.57609,12.0,0.57644,9739.0,0.57645,109.0
1753592054582,04:54:14.582,bitget,A/USDT:USDT,0.5761,107.0,0.57609,12.0,0.57644,9739.0,0.57645,109.0
1753592054732,04:54:14.732,bitget,A/USDT:USDT,0.5761,107.0,0.57609,12.0,0.57644,9739.0,0.57645,109.0
1753592054882,04:54:14.882,bitget,A/USDT:USDT,0.5761,107.0,0.57609,12.0,0.57644,9739.0,0.57645,109.0
1753592055483,04:54:15.483,bitget,A/USDT:USDT,0.5761,107.0,0.57609,12.0,0.57644,9739.0,0.57645,109.0
1753592056233,04:54:16.233,bitget,A/USDT:USDT,0.5761,107.0,0.57609,12.0,0.57644,9739.0,0.57645,109.0
1753592056833,04:54:16.833,bitget,A/USDT:USDT,0.5761,107.0,0.57609,12.0,0.57644,9739.0,0.57645,109.0
1753592056984,04:54:16.984,bitget,A/USDT:USDT,0.5761,107.0,0.57609,12.0,0.57644,9739.0,0.57645,109.0
1753592057134,04:54:17.134,bitget,A/USDT:USDT,0.5761,107.0,0.57609,12.0,0.57644,9739.0,0.57645,109.0
1753592057584,04:54:17.584,bitget,A/USDT:USDT,0.5761,107.0,0.57609,12.0,0.57644,9739.0,0.57645,109.0
1753592057734,04:54:17.734,bitget,A/USDT:USDT,0.5761,107.0,0.57609,12.0,0.57644,9739.0,0.57645,109.0
1753592057884,04:54:17.884,bitget,A/USDT:USDT,0.5761,107.0,0.57609,12.0,0.57644,9739.0,0.57645,109.0
1753592058034,04:54:18.034,bitget,A/USDT:USDT,0.5761,107.0,0.57609,12.0,0.57644,9739.0,0.57645,109.0
1753592058184,04:54:18.184,bitget,A/USDT:USDT,0.5761,107.0,0.57609,12.0,0.57644,9739.0,0.57645,109.0
1753592058635,04:54:18.635,bitget,A/USDT:USDT,0.5761,107.0,0.57609,12.0,0.57644,9739.0,0.57645,109.0
1753592059235,04:54:19.235,bitget,A/USDT:USDT,0.5761,107.0,0.57609,12.0,0.57644,9739.0,0.57645,109.0
1753592059385,04:54:19.385,bitget,A/USDT:USDT,0.5761,107.0,0.57609,12.0,0.57644,9739.0,0.57645,109.0
1753592059535,04:54:19.535,bitget,A/USDT:USDT,0.5761,107.0,0.57609,12.0,0.57644,9739.0,0.57645,109.0
1753592059835,04:54:19.835,bitget,A/USDT:USDT,0.5761,107.0,0.57609,12.0,0.57644,9739.0,0.57645,109.0
1753592060136,04:54:20.136,bitget,A/USDT:USDT,0.5761,107.0,0.57609,12.0,0.57644,9739.0,0.57645,109.0
1753592060436,04:54:20.436,bitget,A/USDT:USDT,0.5761,107.0,0.57609,12.0,0.57644,9739.0,0.57645,109.0
1753592060586,04:54:20.586,bitget,A/USDT:USDT,0.5761,107.0,0.57609,12.0,0.57644,9739.0,0.57645,109.0
1753592060736,04:54:20.736,bitget,A/USDT:USDT,0.5761,107.0,0.57609,12.0,0.57644,9739.0,0.57645,109.0
1753592060886,04:54:20.886,bitget,A/USDT:USDT,0.5761,107.0,0.57609,12.0,0.57644,9739.0,0.57645,109.0
1753592061036,04:54:21.036,bitget,A/USDT:USDT,0.5761,107.0,0.57609,12.0,0.57644,9739.0,0.57645,109.0
1753592061336,04:54:21.336,bitget,A/USDT:USDT,0.5761,107.0,0.57609,12.0,0.57644,9739.0,0.57645,109.0
1753592061486,04:54:21.486,bitget,A/USDT:USDT,0.5761,107.0,0.57609,12.0,0.57644,9739.0,0.57645,109.0
1753592061636,04:54:21.636,bitget,A/USDT:USDT,0.5761,107.0,0.57609,12.0,0.57644,9739.0,0.57645,109.0
1753592061786,04:54:21.786,bitget,A/USDT:USDT,0.5761,107.0,0.57609,12.0,0.57644,9739.0,0.57645,109.0
1753592061937,04:54:21.937,bitget,A/USDT:USDT,0.5761,107.0,0.57609,12.0,0.57644,9739.0,0.57645,109.0
1753592062237,04:54:22.237,bitget,A/USDT:USDT,0.5761,107.0,0.57609,12.0,0.57644,9739.0,0.57645,109.0
1753592062387,04:54:22.387,bitget,A/USDT:USDT,0.5761,107.0,0.57609,12.0,0.57644,9739.0,0.57645,109.0
1753592062537,04:54:22.537,bitget,A/USDT:USDT,0.5761,107.0,0.57609,12.0,0.57644,9739.0,0.57645,109.0
1753592062687,04:54:22.687,bitget,A/USDT:USDT,0.5761,107.0,0.57609,12.0,0.57644,9739.0,0.57645,109.0
1753592062987,04:54:22.987,bitget,A/USDT:USDT,0.5761,107.0,0.57609,12.0,0.57644,9845.0,0.57645,109.0
1753592063287,04:54:23.287,bitget,A/USDT:USDT,0.5761,107.0,0.57609,12.0,0.57643,8928.0,0.57644,488.0
1753592063438,04:54:23.438,bitget,A/USDT:USDT,0.5761,107.0,0.57609,12.0,0.57643,8928.0,0.57644,488.0
1753592063588,04:54:23.588,bitget,A/USDT:USDT,0.5761,107.0,0.57609,12.0,0.57643,8928.0,0.57644,488.0
1753592063738,04:54:23.738,bitget,A/USDT:USDT,0.5761,107.0,0.57609,12.0,0.57643,8928.0,0.57644,488.0
1753592063888,04:54:23.888,bitget,A/USDT:USDT,0.5761,107.0,0.57609,12.0,0.57643,8928.0,0.57644,488.0
1753592064488,04:54:24.488,bitget,A/USDT:USDT,0.5761,107.0,0.57609,12.0,0.57643,8928.0,0.57644,488.0
1753592064938,04:54:24.938,bitget,A/USDT:USDT,0.5761,107.0,0.57609,12.0,0.57643,8928.0,0.57644,488.0
1753592065088,04:54:25.088,bitget,A/USDT:USDT,0.5761,107.0,0.57609,12.0,0.57643,8928.0,0.57644,488.0
1753592065239,04:54:25.239,bitget,A/USDT:USDT,0.5761,107.0,0.57609,12.0,0.57643,8928.0,0.57644,488.0
1753592065689,04:54:25.689,bitget,A/USDT:USDT,0.5761,107.0,0.57609,12.0,0.57643,8928.0,0.57644,488.0
1753592065839,04:54:25.839,bitget,A/USDT:USDT,0.5761,107.0,0.57609,12.0,0.57643,8928.0,0.57644,488.0
1753592066290,04:54:26.290,bitget,A/USDT:USDT,0.5761,107.0,0.57609,12.0,0.57643,8928.0,0.57644,488.0
1753592066502,04:54:26.502,bitget,A/USDT:USDT,0.5761,107.0,0.57609,12.0,0.57643,8928.0,0.57644,488.0
1753592066706,04:54:26.706,bitget,A/USDT:USDT,0.5761,107.0,0.57609,12.0,0.57643,8928.0,0.57644,60.0
1753592066890,04:54:26.890,bitget,A/USDT:USDT,0.5761,107.0,0.57609,12.0,0.57643,9356.0,0.57644,60.0
1753592067040,04:54:27.040,bitget,A/USDT:USDT,0.5761,107.0,0.57609,12.0,0.57643,9356.0,0.57644,60.0
1753592067340,04:54:27.340,bitget,A/USDT:USDT,0.5761,107.0,0.57609,12.0,0.57643,9356.0,0.57644,60.0
1753592067490,04:54:27.490,bitget,A/USDT:USDT,0.5761,107.0,0.57609,12.0,0.57643,9356.0,0.57644,60.0
1753592067790,04:54:27.790,bitget,A/USDT:USDT,0.5761,107.0,0.57609,12.0,0.57643,9356.0,0.57644,60.0
1753592067940,04:54:27.940,bitget,A/USDT:USDT,0.5761,107.0,0.57609,12.0,0.57643,9356.0,0.57644,60.0
1753592068090,04:54:28.090,bitget,A/USDT:USDT,0.5761,107.0,0.57609,12.0,0.57643,9356.0,0.57644,60.0
1753592068240,04:54:28.240,bitget,A/USDT:USDT,0.5761,107.0,0.57609,12.0,0.57643,9356.0,0.57644,60.0
1753592068540,04:54:28.540,bitget,A/USDT:USDT,0.5761,107.0,0.57609,12.0,0.57643,9356.0,0.57644,60.0
1753592068841,04:54:28.841,bitget,A/USDT:USDT,0.5761,107.0,0.57609,12.0,0.57643,9356.0,0.57644,60.0
1753592069141,04:54:29.141,bitget,A/USDT:USDT,0.5761,107.0,0.57609,12.0,0.57643,9356.0,0.57644,60.0
1753592069742,04:54:29.742,bitget,A/USDT:USDT,0.5761,107.0,0.57609,12.0,0.57643,9356.0,0.57644,60.0
1753592069992,04:54:29.992,bitget,A/USDT:USDT,0.5761,107.0,0.57609,12.0,0.57643,9356.0,0.57644,60.0
1753592070191,04:54:30.191,bitget,A/USDT:USDT,0.5761,107.0,0.57609,12.0,0.57643,9356.0,0.57644,60.0
1753592070342,04:54:30.342,bitget,A/USDT:USDT,0.5761,107.0,0.57609,12.0,0.57643,9356.0,0.57644,60.0
1753592070492,04:54:30.492,bitget,A/USDT:USDT,0.5761,107.0,0.57609,12.0,0.57643,9356.0,0.57644,60.0
1753592070792,04:54:30.792,bitget,A/USDT:USDT,0.5761,107.0,0.57609,12.0,0.57643,9356.0,0.57644,60.0
1753592071092,04:54:31.092,bitget,A/USDT:USDT,0.5761,107.0,0.57609,12.0,0.57643,9356.0,0.57644,60.0
1753592071392,04:54:31.392,bitget,A/USDT:USDT,0.5761,107.0,0.57609,12.0,0.57643,9356.0,0.57644,60.0
1753592071842,04:54:31.842,bitget,A/USDT:USDT,0.5761,107.0,0.57609,12.0,0.57643,9356.0,0.57644,60.0
1753592071993,04:54:31.993,bitget,A/USDT:USDT,0.5761,107.0,0.57609,12.0,0.57643,9356.0,0.57644,60.0
1753592072143,04:54:32.143,bitget,A/USDT:USDT,0.5761,107.0,0.57609,12.0,0.57643,9356.0,0.57644,60.0
1753592072293,04:54:32.293,bitget,A/USDT:USDT,0.5761,107.0,0.57609,12.0,0.57643,9356.0,0.57644,60.0
1753592072443,04:54:32.443,bitget,A/USDT:USDT,0.5761,107.0,0.57609,12.0,0.57643,9356.0,0.57644,60.0
1753592072593,04:54:32.593,bitget,A/USDT:USDT,0.5761,107.0,0.57609,12.0,0.57643,9356.0,0.57644,60.0
1753592072893,04:54:32.893,bitget,A/USDT:USDT,0.5761,107.0,0.57609,12.0,0.57643,9356.0,0.57644,60.0
1753592073193,04:54:33.193,bitget,A/USDT:USDT,0.5761,107.0,0.57609,12.0,0.57643,9356.0,0.57644,60.0
1753592073343,04:54:33.343,bitget,A/USDT:USDT,0.5761,107.0,0.57609,12.0,0.57643,9356.0,0.57644,60.0
1753592073493,04:54:33.493,bitget,A/USDT:USDT,0.5761,107.0,0.57609,12.0,0.57643,9356.0,0.57644,60.0
1753592073944,04:54:33.944,bitget,A/USDT:USDT,0.5761,107.0,0.57609,12.0,0.57643,9356.0,0.57644,60.0
1753592074244,04:54:34.244,bitget,A/USDT:USDT,0.5761,107.0,0.57609,12.0,0.57643,9356.0,0.57644,60.0
1753592074694,04:54:34.694,bitget,A/USDT:USDT,0.5761,107.0,0.57609,12.0,0.57643,9356.0,0.57644,60.0
1753592074844,04:54:34.844,bitget,A/USDT:USDT,0.5761,107.0,0.57609,12.0,0.57643,9356.0,0.57644,60.0
1753592074994,04:54:34.994,bitget,A/USDT:USDT,0.5761,107.0,0.57609,12.0,0.57643,9356.0,0.57644,60.0
1753592075144,04:54:35.144,bitget,A/USDT:USDT,0.5761,107.0,0.57609,12.0,0.57643,9356.0,0.57644,60.0
1753592075295,04:54:35.295,bitget,A/USDT:USDT,0.5761,107.0,0.57609,12.0,0.57643,9356.0,0.57644,60.0
1753592075445,04:54:35.445,bitget,A/USDT:USDT,0.5761,107.0,0.57609,12.0,0.57643,9356.0,0.57644,60.0
1753592075895,04:54:35.895,bitget,A/USDT:USDT,0.5761,107.0,0.57609,12.0,0.57643,9356.0,0.57644,60.0
1753592076045,04:54:36.045,bitget,A/USDT:USDT,0.5761,107.0,0.57609,12.0,0.57643,9356.0,0.57644,60.0
1753592076195,04:54:36.195,bitget,A/USDT:USDT,0.5761,107.0,0.57609,12.0,0.57643,9356.0,0.57644,60.0
1753592076345,04:54:36.345,bitget,A/USDT:USDT,0.5761,107.0,0.57609,12.0,0.57643,9356.0,0.57644,60.0
1753592076645,04:54:36.645,bitget,A/USDT:USDT,0.5761,107.0,0.57609,12.0,0.57643,9356.0,0.57644,60.0
1753592076946,04:54:36.946,bitget,A/USDT:USDT,0.57609,12.0,0.57572,100.0,0.57643,9616.0,0.57644,60.0
1753592077096,04:54:37.096,bitget,A/USDT:USDT,0.57611,106.0,0.57609,12.0,0.57643,10304.0,0.57644,60.0
1753592077396,04:54:37.396,bitget,A/USDT:USDT,0.57611,106.0,0.57609,12.0,0.57643,9448.0,0.57644,60.0
1753592077546,04:54:37.546,bitget,A/USDT:USDT,0.57609,119.0,0.57572,100.0,0.57643,9448.0,0.57644,60.0
1753592077846,04:54:37.846,bitget,A/USDT:USDT,0.57609,119.0,0.57572,100.0,0.57643,9448.0,0.57644,60.0
1753592078146,04:54:38.146,bitget,A/USDT:USDT,0.5761,107.0,0.57609,12.0,0.57643,9448.0,0.57644,60.0
1753592078597,04:54:38.597,bitget,A/USDT:USDT,0.5761,107.0,0.57609,12.0,0.57643,9448.0,0.57644,60.0
1753592078747,04:54:38.747,bitget,A/USDT:USDT,0.5761,107.0,0.57609,12.0,0.57643,9448.0,0.57644,60.0
1753592078897,04:54:38.897,bitget,A/USDT:USDT,0.57609,12.0,0.57572,100.0,0.57643,9102.0,0.57644,60.0
1753592079197,04:54:39.197,bitget,A/USDT:USDT,0.57609,12.0,0.57572,100.0,0.57643,9450.0,0.57644,60.0
1753592079647,04:54:39.647,bitget,A/USDT:USDT,0.5761,107.0,0.57609,12.0,0.57643,9450.0,0.57644,60.0
1753592079947,04:54:39.947,bitget,A/USDT:USDT,0.5761,107.0,0.57609,12.0,0.57643,9450.0,0.57644,60.0
1753592080398,04:54:40.398,bitget,A/USDT:USDT,0.5761,107.0,0.57609,12.0,0.57643,9450.0,0.57644,60.0
1753592080548,04:54:40.548,bitget,A/USDT:USDT,0.57609,12.0,0.57572,100.0,0.57643,9450.0,0.57644,60.0
1753592080848,04:54:40.848,bitget,A/USDT:USDT,0.57609,12.0,0.57572,100.0,0.57643,9450.0,0.57644,60.0
1753592081448,04:54:41.448,bitget,A/USDT:USDT,0.57609,12.0,0.57572,100.0,0.57643,9450.0,0.57644,60.0
1753592081598,04:54:41.598,bitget,A/USDT:USDT,0.57609,12.0,0.57572,100.0,0.57643,9450.0,0.57644,60.0
1753592081899,04:54:41.899,bitget,A/USDT:USDT,0.57609,12.0,0.57572,100.0,0.57643,9450.0,0.57644,60.0
1753592082199,04:54:42.199,bitget,A/USDT:USDT,0.57609,12.0,0.57572,100.0,0.57643,9450.0,0.57644,60.0
1753592082349,04:54:42.349,bitget,A/USDT:USDT,0.57609,12.0,0.57572,100.0,0.57643,9450.0,0.57644,60.0
1753592082499,04:54:42.499,bitget,A/USDT:USDT,0.57609,12.0,0.57572,100.0,0.57643,9450.0,0.57644,60.0
1753592082649,04:54:42.649,bitget,A/USDT:USDT,0.57609,12.0,0.57572,100.0,0.57643,9450.0,0.57644,60.0
1753592082799,04:54:42.799,bitget,A/USDT:USDT,0.57609,12.0,0.57572,100.0,0.57643,8928.0,0.57644,60.0
1753592082949,04:54:42.949,bitget,A/USDT:USDT,0.57609,12.0,0.57572,100.0,0.57643,8928.0,0.57644,60.0
1753592083400,04:54:43.400,bitget,A/USDT:USDT,0.57609,12.0,0.57572,100.0,0.57642,40174.0,0.57644,167.0
1753592083700,04:54:43.700,bitget,A/USDT:USDT,0.57609,12.0,0.57572,100.0,0.57642,40174.0,0.57644,167.0
1753592084000,04:54:44.000,bitget,A/USDT:USDT,0.57609,12.0,0.57572,100.0,0.57642,40174.0,0.57644,167.0
1753592084300,04:54:44.300,bitget,A/USDT:USDT,0.57609,12.0,0.57572,100.0,0.57642,40174.0,0.57644,167.0
1753592084600,04:54:44.600,bitget,A/USDT:USDT,0.57609,12.0,0.57572,100.0,0.57642,40174.0,0.57644,167.0
1753592084751,04:54:44.751,bitget,A/USDT:USDT,0.57609,12.0,0.57572,100.0,0.57642,40174.0,0.57644,167.0
1753592084901,04:54:44.901,bitget,A/USDT:USDT,0.57609,12.0,0.57572,100.0,0.5764,113.0,0.57642,40696.0
1753592085051,04:54:45.051,bitget,A/USDT:USDT,0.57609,12.0,0.57572,100.0,0.5764,113.0,0.57642,40696.0
1753592085201,04:54:45.201,bitget,A/USDT:USDT,0.57609,12.0,0.57572,100.0,0.5764,113.0,0.57642,40696.0
1753592085501,04:54:45.501,bitget,A/USDT:USDT,0.57609,12.0,0.57572,100.0,0.5764,113.0,0.57642,40696.0
1753592085801,04:54:45.801,bitget,A/USDT:USDT,0.57609,12.0,0.57572,100.0,0.5764,113.0,0.57642,40696.0
1753592085951,04:54:45.951,bitget,A/USDT:USDT,0.57609,12.0,0.57572,100.0,0.5764,113.0,0.57642,40696.0
1753592086252,04:54:46.252,bitget,A/USDT:USDT,0.57609,12.0,0.57572,100.0,0.5764,107.0,0.57642,40696.0
1753592086402,04:54:46.402,bitget,A/USDT:USDT,0.57609,12.0,0.57572,100.0,0.5764,107.0,0.57642,40696.0
1753592086552,04:54:46.552,bitget,A/USDT:USDT,0.57609,12.0,0.57572,100.0,0.5764,107.0,0.57642,40696.0
1753592086852,04:54:46.852,bitget,A/USDT:USDT,0.57609,12.0,0.57572,100.0,0.5764,107.0,0.57642,40696.0
1753592087002,04:54:47.002,bitget,A/USDT:USDT,0.57609,12.0,0.57572,100.0,0.5764,107.0,0.57642,40696.0
1753592087152,04:54:47.152,bitget,A/USDT:USDT,0.57609,12.0,0.57572,100.0,0.5764,107.0,0.57642,40696.0
1753592087302,04:54:47.302,bitget,A/USDT:USDT,0.57609,12.0,0.57572,100.0,0.5764,107.0,0.57642,40696.0
1753592087452,04:54:47.452,bitget,A/USDT:USDT,0.57609,12.0,0.57572,100.0,0.5764,107.0,0.57642,40696.0
1753592087752,04:54:47.752,bitget,A/USDT:USDT,0.57609,12.0,0.57572,100.0,0.5764,107.0,0.57642,40696.0
1753592088053,04:54:48.053,bitget,A/USDT:USDT,0.57609,12.0,0.57572,100.0,0.57639,31244.0,0.5764,107.0
1753592088203,04:54:48.203,bitget,A/USDT:USDT,0.57609,12.0,0.57572,100.0,0.57639,31244.0,0.5764,107.0
1753592088353,04:54:48.353,bitget,A/USDT:USDT,0.57609,12.0,0.57572,100.0,0.57639,31244.0,0.5764,107.0
1753592088503,04:54:48.503,bitget,A/USDT:USDT,0.57609,12.0,0.57572,100.0,0.57639,31244.0,0.5764,107.0
1753592088953,04:54:48.953,bitget,A/USDT:USDT,0.57609,12.0,0.57572,100.0,0.57639,31244.0,0.5764,107.0
1753592089253,04:54:49.253,bitget,A/USDT:USDT,0.57609,12.0,0.57572,100.0,0.57639,31244.0,0.5764,107.0
1753592089403,04:54:49.403,bitget,A/USDT:USDT,0.57609,12.0,0.57572,100.0,0.57639,31244.0,0.5764,107.0
1753592089704,04:54:49.704,bitget,A/USDT:USDT,0.57609,12.0,0.57572,100.0,0.57639,31244.0,0.5764,107.0
1753592090154,04:54:50.154,bitget,A/USDT:USDT,0.57609,12.0,0.57572,100.0,0.57639,31244.0,0.5764,107.0
1753592090304,04:54:50.304,bitget,A/USDT:USDT,0.57609,12.0,0.57572,100.0,0.57639,31244.0,0.5764,107.0
1753592090604,04:54:50.604,bitget,A/USDT:USDT,0.57609,12.0,0.57572,100.0,0.57639,31244.0,0.5764,107.0
1753592090904,04:54:50.904,bitget,A/USDT:USDT,0.57609,12.0,0.57572,100.0,0.57639,31244.0,0.5764,107.0
1753592091054,04:54:51.054,bitget,A/USDT:USDT,0.57609,12.0,0.57572,100.0,0.57639,31244.0,0.5764,107.0
1753592091205,04:54:51.205,bitget,A/USDT:USDT,0.57609,12.0,0.57572,100.0,0.57639,31244.0,0.5764,107.0
1753592091805,04:54:51.805,bitget,A/USDT:USDT,0.57609,12.0,0.57572,100.0,0.57639,31244.0,0.5764,107.0
1753592092105,04:54:52.105,bitget,A/USDT:USDT,0.57609,12.0,0.57572,100.0,0.57639,31244.0,0.5764,107.0
1753592092255,04:54:52.255,bitget,A/USDT:USDT,0.57609,12.0,0.57572,100.0,0.57639,31244.0,0.5764,107.0
1753592092405,04:54:52.405,bitget,A/USDT:USDT,0.57609,12.0,0.57572,100.0,0.57639,31244.0,0.5764,107.0
1753592092555,04:54:52.555,bitget,A/USDT:USDT,0.57609,12.0,0.57572,100.0,0.57639,31244.0,0.5764,107.0
1753592092705,04:54:52.705,bitget,A/USDT:USDT,0.57609,12.0,0.57572,100.0,0.57639,31244.0,0.5764,107.0
1753592092856,04:54:52.856,bitget,A/USDT:USDT,0.57609,12.0,0.57572,100.0,0.57638,31245.0,0.5764,107.0
1753592093156,04:54:53.156,bitget,A/USDT:USDT,0.57609,12.0,0.57572,100.0,0.57638,31245.0,0.5764,107.0
1753592093306,04:54:53.306,bitget,A/USDT:USDT,0.57609,12.0,0.57572,100.0,0.57638,31245.0,0.5764,107.0
1753592093456,04:54:53.456,bitget,A/USDT:USDT,0.57609,12.0,0.57572,100.0,0.57638,31245.0,0.5764,107.0
1753592093906,04:54:53.906,bitget,A/USDT:USDT,0.57609,12.0,0.57572,100.0,0.57638,31245.0,0.57639,921.0
1753592094356,04:54:54.356,bitget,A/USDT:USDT,0.57609,12.0,0.57572,100.0,0.57633,106.0,0.57638,31245.0
1753592094507,04:54:54.507,bitget,A/USDT:USDT,0.57609,12.0,0.57572,100.0,0.57632,8932.0,0.57633,106.0
1753592094657,04:54:54.657,bitget,A/USDT:USDT,0.57609,12.0,0.57572,100.0,0.57627,106.0,0.57632,8932.0
1753592094807,04:54:54.807,bitget,A/USDT:USDT,0.57609,12.0,0.57572,100.0,0.57627,106.0,0.57632,8932.0
1753592095107,04:54:55.107,bitget,A/USDT:USDT,0.57609,12.0,0.57572,100.0,0.57622,106.0,0.57632,8932.0
1753592095257,04:54:55.257,bitget,A/USDT:USDT,0.57609,12.0,0.57572,100.0,0.57622,106.0,0.57626,8931.0
1753592095407,04:54:55.407,bitget,A/USDT:USDT,0.57609,12.0,0.57572,100.0,0.57622,106.0,0.57626,8931.0
1753592095557,04:54:55.557,bitget,A/USDT:USDT,0.57609,12.0,0.57572,100.0,0.57622,106.0,0.57626,8931.0
1753592095857,04:54:55.857,bitget,A/USDT:USDT,0.57609,12.0,0.57572,100.0,0.57622,106.0,0.57626,8931.0
1753592096158,04:54:56.158,bitget,A/USDT:USDT,0.57609,12.0,0.57572,100.0,0.57622,106.0,0.57626,8931.0
1753592096758,04:54:56.758,bitget,A/USDT:USDT,0.57609,12.0,0.57572,100.0,0.57622,106.0,0.57626,8931.0
1753592097208,04:54:57.208,bitget,A/USDT:USDT,0.57609,12.0,0.57572,100.0,0.57622,106.0,0.57626,8931.0
1753592097508,04:54:57.508,bitget,A/USDT:USDT,0.57609,12.0,0.57572,100.0,0.57622,106.0,0.57626,8931.0
1753592097809,04:54:57.809,bitget,A/USDT:USDT,0.57609,12.0,0.57572,100.0,0.57622,106.0,0.57626,8931.0
1753592097959,04:54:57.959,bitget,A/USDT:USDT,0.57609,12.0,0.57572,100.0,0.57622,106.0,0.57626,8931.0
1753592098109,04:54:58.109,bitget,A/USDT:USDT,0.57609,12.0,0.57572,100.0,0.57622,106.0,0.57626,8931.0
1753592098259,04:54:58.259,bitget,A/USDT:USDT,0.57609,12.0,0.57572,100.0,0.57622,106.0,0.57626,8931.0
1753592098409,04:54:58.409,bitget,A/USDT:USDT,0.57609,12.0,0.57572,100.0,0.57622,106.0,0.57626,8931.0
1753592098559,04:54:58.559,bitget,A/USDT:USDT,0.57609,12.0,0.57572,100.0,0.57622,106.0,0.57626,8931.0
1753592098709,04:54:58.709,bitget,A/USDT:USDT,0.57609,12.0,0.57572,100.0,0.57622,106.0,0.57626,8931.0
1753592098859,04:54:58.859,bitget,A/USDT:USDT,0.57609,12.0,0.57572,100.0,0.57622,106.0,0.57626,8931.0
1753592099159,04:54:59.159,bitget,A/USDT:USDT,0.57609,12.0,0.57572,100.0,0.57622,106.0,0.57626,8931.0
1753592099460,04:54:59.460,bitget,A/USDT:USDT,0.57609,12.0,0.57572,100.0,0.57622,106.0,0.57626,8931.0
1753592099760,04:54:59.760,bitget,A/USDT:USDT,0.57609,12.0,0.57572,100.0,0.57622,106.0,0.57626,8931.0
1753592099910,04:54:59.910,bitget,A/USDT:USDT,0.57609,12.0,0.57572,100.0,0.57622,106.0,0.57626,8931.0
1753592100210,04:55:00.210,bitget,A/USDT:USDT,0.57609,12.0,0.57572,100.0,0.57622,106.0,0.57626,8931.0
1753592100510,04:55:00.510,bitget,A/USDT:USDT,0.57609,12.0,0.57572,100.0,0.57617,108.0,0.57626,8931.0
1753592101111,04:55:01.111,bitget,A/USDT:USDT,0.57609,12.0,0.57583,62.0,0.57611,108.0,0.57616,8931.0
1753592101261,04:55:01.261,bitget,A/USDT:USDT,0.57609,12.0,0.57583,62.0,0.57611,108.0,0.57616,8931.0
1753592101561,04:55:01.561,bitget,A/USDT:USDT,0.57609,12.0,0.57583,62.0,0.57611,108.0,0.57616,8931.0
1753592101861,04:55:01.861,bitget,A/USDT:USDT,0.57609,12.0,0.57583,62.0,0.57611,108.0,0.57616,8931.0
1753592102011,04:55:02.011,bitget,A/USDT:USDT,0.57609,12.0,0.57583,62.0,0.57611,108.0,0.57616,8931.0
1753592102161,04:55:02.161,bitget,A/USDT:USDT,0.57609,12.0,0.57583,62.0,0.57611,108.0,0.57616,8931.0
