timestamp,time,exchange,symbol,bid1_price,bid1_volume,bid2_price,bid2_volume,ask1_price,ask1_volume,ask2_price,ask2_volume
1753591900204,04:51:40.204,bitmex,AEVO/USDT:USDT,0.1077,269.0,0.1066,477.0,0.1088,137.0,0.1089,191.0
1753591900254,04:51:40.254,bitmex,AEVO/USDT:USDT,0.1078,192.0,0.1077,66.0,0.1088,137.0,0.1089,191.0
1753591900303,04:51:40.303,bitmex,AEVO/USDT:USDT,0.1078,264.0,0.1067,447.0,0.1088,137.0,0.1089,191.0
1753591901575,04:51:41.575,bitmex,AEVO/USDT:USDT,0.1078,264.0,0.1067,447.0,0.1088,137.0,0.1089,191.0
1753591901647,04:51:41.647,bitmex,AEVO/USDT:USDT,0.1078,264.0,0.1067,447.0,0.1088,137.0,0.1089,191.0
1753591902505,04:51:42.505,bitmex,AEVO/USDT:USDT,0.1078,264.0,0.1067,447.0,0.1088,137.0,0.1089,191.0
1753591902554,04:51:42.554,bitmex,AEVO/USDT:USDT,0.1078,264.0,0.1067,447.0,0.1088,137.0,0.1089,191.0
1753591903665,04:51:43.665,bitmex,AEVO/USDT:USDT,0.1078,264.0,0.1067,447.0,0.1088,137.0,0.1089,191.0
1753591903714,04:51:43.714,bitmex,AEVO/USDT:USDT,0.1078,264.0,0.1067,447.0,0.1088,137.0,0.1089,191.0
1753591904825,04:51:44.825,bitmex,AEVO/USDT:USDT,0.1078,264.0,0.1067,447.0,0.1088,137.0,0.1089,191.0
1753591904884,04:51:44.884,bitmex,AEVO/USDT:USDT,0.1078,264.0,0.1067,447.0,0.1088,137.0,0.1089,191.0
1753591906062,04:51:46.062,bitmex,AEVO/USDT:USDT,0.1078,264.0,0.1067,447.0,0.1088,137.0,0.1089,191.0
1753591906112,04:51:46.112,bitmex,AEVO/USDT:USDT,0.1078,264.0,0.1067,447.0,0.1088,137.0,0.1089,191.0
1753591907226,04:51:47.226,bitmex,AEVO/USDT:USDT,0.1078,264.0,0.1067,447.0,0.1088,137.0,0.1089,191.0
1753591907276,04:51:47.276,bitmex,AEVO/USDT:USDT,0.1078,264.0,0.1067,447.0,0.1088,137.0,0.1089,191.0
1753591908407,04:51:48.407,bitmex,AEVO/USDT:USDT,0.1078,264.0,0.1067,447.0,0.1088,137.0,0.1089,191.0
1753591908456,04:51:48.456,bitmex,AEVO/USDT:USDT,0.1078,264.0,0.1067,447.0,0.1088,137.0,0.1089,191.0
1753591909618,04:51:49.618,bitmex,AEVO/USDT:USDT,0.1078,264.0,0.1067,447.0,0.1088,137.0,0.1089,191.0
1753591909668,04:51:49.668,bitmex,AEVO/USDT:USDT,0.1078,264.0,0.1067,447.0,0.1088,137.0,0.1089,191.0
1753591910702,04:51:50.702,bitmex,AEVO/USDT:USDT,0.1078,264.0,0.1067,447.0,0.1088,137.0,0.1089,191.0
1753591910752,04:51:50.752,bitmex,AEVO/USDT:USDT,0.1078,264.0,0.1067,447.0,0.1088,137.0,0.1089,191.0
1753591913156,04:51:53.156,bitmex,AEVO/USDT:USDT,0.1078,264.0,0.1067,447.0,0.1088,137.0,0.1089,191.0
1753591913206,04:51:53.206,bitmex,AEVO/USDT:USDT,0.1078,264.0,0.1067,447.0,0.1088,137.0,0.1089,191.0
1753591914365,04:51:54.365,bitmex,AEVO/USDT:USDT,0.1078,264.0,0.1067,447.0,0.1088,137.0,0.1089,191.0
1753591914415,04:51:54.415,bitmex,AEVO/USDT:USDT,0.1078,264.0,0.1067,447.0,0.1088,137.0,0.1089,191.0
1753591916554,04:51:56.554,bitmex,AEVO/USDT:USDT,0.1078,264.0,0.1067,476.0,0.1088,137.0,0.1089,191.0
1753591916604,04:51:56.604,bitmex,AEVO/USDT:USDT,0.1078,264.0,0.1067,476.0,0.1088,137.0,0.1089,191.0
1753591917777,04:51:57.777,bitmex,AEVO/USDT:USDT,0.1078,264.0,0.1067,476.0,0.1088,137.0,0.1089,191.0
1753591917843,04:51:57.843,bitmex,AEVO/USDT:USDT,0.1078,264.0,0.1067,476.0,0.1088,137.0,0.1089,191.0
1753591918878,04:51:58.878,bitmex,AEVO/USDT:USDT,0.1078,264.0,0.1067,476.0,0.1088,137.0,0.1089,191.0
1753591918975,04:51:58.975,bitmex,AEVO/USDT:USDT,0.1078,264.0,0.1067,476.0,0.1088,137.0,0.1089,191.0
1753591920052,04:52:00.052,bitmex,AEVO/USDT:USDT,0.1078,264.0,0.1067,476.0,0.1088,137.0,0.1089,191.0
1753591920114,04:52:00.114,bitmex,AEVO/USDT:USDT,0.1078,264.0,0.1067,476.0,0.1088,137.0,0.1089,191.0
1753591921357,04:52:01.357,bitmex,AEVO/USDT:USDT,0.1078,264.0,0.1067,476.0,0.1088,137.0,0.1089,191.0
1753591921407,04:52:01.407,bitmex,AEVO/USDT:USDT,0.1078,264.0,0.1067,476.0,0.1088,137.0,0.1089,191.0
1753591922492,04:52:02.492,bitmex,AEVO/USDT:USDT,0.1078,264.0,0.1067,476.0,0.1088,137.0,0.1089,191.0
1753591922608,04:52:02.608,bitmex,AEVO/USDT:USDT,0.1078,264.0,0.1067,476.0,0.1088,137.0,0.1089,191.0
1753591923757,04:52:03.757,bitmex,AEVO/USDT:USDT,0.1078,264.0,0.1067,476.0,0.1088,137.0,0.1089,191.0
1753591923807,04:52:03.807,bitmex,AEVO/USDT:USDT,0.1078,264.0,0.1067,476.0,0.1088,137.0,0.1089,191.0
1753591924763,04:52:04.763,bitmex,AEVO/USDT:USDT,0.1078,264.0,0.1067,476.0,0.1088,137.0,0.1089,191.0
1753591924814,04:52:04.814,bitmex,AEVO/USDT:USDT,0.1078,264.0,0.1067,476.0,0.1088,137.0,0.1089,191.0
1753591925944,04:52:05.944,bitmex,AEVO/USDT:USDT,0.1078,264.0,0.1067,476.0,0.1088,137.0,0.1089,191.0
1753591925994,04:52:05.994,bitmex,AEVO/USDT:USDT,0.1078,264.0,0.1067,476.0,0.1088,137.0,0.1089,191.0
1753591927285,04:52:07.285,bitmex,AEVO/USDT:USDT,0.1078,264.0,0.1067,476.0,0.1088,137.0,0.1089,191.0
1753591927335,04:52:07.335,bitmex,AEVO/USDT:USDT,0.1078,264.0,0.1067,476.0,0.1088,137.0,0.1089,191.0
1753591928324,04:52:08.324,bitmex,AEVO/USDT:USDT,0.1078,264.0,0.1067,476.0,0.1088,137.0,0.1089,191.0
1753591928374,04:52:08.374,bitmex,AEVO/USDT:USDT,0.1078,264.0,0.1067,476.0,0.1088,137.0,0.1089,191.0
1753591929501,04:52:09.501,bitmex,AEVO/USDT:USDT,0.1078,264.0,0.1067,476.0,0.1088,137.0,0.1089,191.0
1753591929555,04:52:09.555,bitmex,AEVO/USDT:USDT,0.1078,264.0,0.1067,476.0,0.1088,137.0,0.1089,191.0
1753591930662,04:52:10.662,bitmex,AEVO/USDT:USDT,0.1078,72.0,0.1061,30.0,0.1088,137.0,0.1089,191.0
1753591930735,04:52:10.735,bitmex,AEVO/USDT:USDT,0.1078,72.0,0.1061,30.0,0.1088,137.0,0.1098,27.0
1753591931707,04:52:11.707,bitmex,AEVO/USDT:USDT,0.1078,275.0,0.1061,30.0,0.1088,137.0,0.1098,27.0
1753591931764,04:52:11.764,bitmex,AEVO/USDT:USDT,0.1078,275.0,0.1061,30.0,0.1088,137.0,0.1089,191.0
1753591931814,04:52:11.814,bitmex,AEVO/USDT:USDT,0.1078,275.0,0.1067,450.0,0.1088,137.0,0.1089,191.0
1753591931863,04:52:11.863,bitmex,AEVO/USDT:USDT,0.1078,275.0,0.1067,450.0,0.1088,137.0,0.1089,191.0
1753591933126,04:52:13.126,bitmex,AEVO/USDT:USDT,0.1078,275.0,0.1067,450.0,0.1088,137.0,0.1089,191.0
1753591933185,04:52:13.185,bitmex,AEVO/USDT:USDT,0.1078,275.0,0.1067,450.0,0.1088,137.0,0.1089,191.0
1753591934164,04:52:14.164,bitmex,AEVO/USDT:USDT,0.1078,275.0,0.1067,450.0,0.1088,137.0,0.1089,191.0
1753591934245,04:52:14.245,bitmex,AEVO/USDT:USDT,0.1078,275.0,0.1067,450.0,0.1088,137.0,0.1089,191.0
1753591935255,04:52:15.255,bitmex,AEVO/USDT:USDT,0.1078,275.0,0.1067,450.0,0.1088,137.0,0.1089,191.0
1753591935305,04:52:15.305,bitmex,AEVO/USDT:USDT,0.1078,275.0,0.1067,450.0,0.1088,137.0,0.1089,191.0
1753591937664,04:52:17.664,bitmex,AEVO/USDT:USDT,0.1078,275.0,0.1067,450.0,0.1088,137.0,0.1089,191.0
1753591937714,04:52:17.714,bitmex,AEVO/USDT:USDT,0.1078,275.0,0.1067,450.0,0.1088,137.0,0.1089,191.0
1753591939086,04:52:19.086,bitmex,AEVO/USDT:USDT,0.1078,275.0,0.1067,450.0,0.1088,137.0,0.1089,191.0
1753591939156,04:52:19.156,bitmex,AEVO/USDT:USDT,0.1078,275.0,0.1067,450.0,0.1088,137.0,0.1089,191.0
1753591940057,04:52:20.057,bitmex,AEVO/USDT:USDT,0.1078,275.0,0.1067,450.0,0.1088,137.0,0.1089,191.0
1753591940107,04:52:20.107,bitmex,AEVO/USDT:USDT,0.1078,275.0,0.1067,450.0,0.1088,137.0,0.1089,191.0
1753591941185,04:52:21.185,bitmex,AEVO/USDT:USDT,0.1078,72.0,0.1061,30.0,0.1088,137.0,0.1089,191.0
1753591941234,04:52:21.234,bitmex,AEVO/USDT:USDT,0.1078,72.0,0.1061,30.0,0.1088,137.0,0.1098,27.0
1753591942304,04:52:22.304,bitmex,AEVO/USDT:USDT,0.1078,280.0,0.1061,30.0,0.1088,137.0,0.1098,27.0
1753591942354,04:52:22.354,bitmex,AEVO/USDT:USDT,0.1078,280.0,0.1061,30.0,0.1088,137.0,0.1089,204.0
1753591942409,04:52:22.409,bitmex,AEVO/USDT:USDT,0.1078,280.0,0.1061,30.0,0.1088,137.0,0.1089,204.0
1753591942458,04:52:22.458,bitmex,AEVO/USDT:USDT,0.1078,280.0,0.1061,30.0,0.1088,137.0,0.1089,204.0
1753591943466,04:52:23.466,bitmex,AEVO/USDT:USDT,0.1078,280.0,0.1061,30.0,0.1088,137.0,0.1089,204.0
1753591943516,04:52:23.516,bitmex,AEVO/USDT:USDT,0.1078,280.0,0.1061,30.0,0.1088,137.0,0.1089,204.0
1753591944798,04:52:24.798,bitmex,AEVO/USDT:USDT,0.1078,280.0,0.1061,30.0,0.1088,137.0,0.1089,204.0
1753591944848,04:52:24.848,bitmex,AEVO/USDT:USDT,0.1078,280.0,0.1061,30.0,0.1088,137.0,0.1089,204.0
1753591945803,04:52:25.803,bitmex,AEVO/USDT:USDT,0.1078,280.0,0.1061,30.0,0.1088,137.0,0.1089,204.0
1753591945853,04:52:25.853,bitmex,AEVO/USDT:USDT,0.1078,280.0,0.1061,30.0,0.1088,137.0,0.1089,204.0
1753591947011,04:52:27.011,bitmex,AEVO/USDT:USDT,0.1078,280.0,0.1061,30.0,0.1088,137.0,0.1089,204.0
1753591947060,04:52:27.060,bitmex,AEVO/USDT:USDT,0.1078,280.0,0.1061,30.0,0.1088,137.0,0.1089,204.0
1753591948153,04:52:28.153,bitmex,AEVO/USDT:USDT,0.1078,280.0,0.1061,30.0,0.1088,137.0,0.1089,204.0
1753591948202,04:52:28.202,bitmex,AEVO/USDT:USDT,0.1078,280.0,0.1067,468.0,0.1088,137.0,0.1089,204.0
1753591949317,04:52:29.317,bitmex,AEVO/USDT:USDT,0.1078,280.0,0.1067,468.0,0.1088,137.0,0.1089,204.0
1753591949367,04:52:29.367,bitmex,AEVO/USDT:USDT,0.1078,280.0,0.1067,468.0,0.1088,137.0,0.1089,204.0
1753591950734,04:52:30.734,bitmex,AEVO/USDT:USDT,0.1078,280.0,0.1067,468.0,0.1088,137.0,0.1089,204.0
1753591950783,04:52:30.783,bitmex,AEVO/USDT:USDT,0.1078,280.0,0.1067,468.0,0.1088,137.0,0.1089,204.0
1753591951663,04:52:31.663,bitmex,AEVO/USDT:USDT,0.1078,280.0,0.1067,468.0,0.1088,137.0,0.1089,204.0
1753591951713,04:52:31.713,bitmex,AEVO/USDT:USDT,0.1078,280.0,0.1067,468.0,0.1088,137.0,0.1089,204.0
1753591952835,04:52:32.835,bitmex,AEVO/USDT:USDT,0.1078,280.0,0.1067,468.0,0.1088,137.0,0.1089,204.0
1753591952884,04:52:32.884,bitmex,AEVO/USDT:USDT,0.1078,280.0,0.1067,468.0,0.1088,137.0,0.1089,204.0
1753591954006,04:52:34.006,bitmex,AEVO/USDT:USDT,0.1078,280.0,0.1067,468.0,0.1088,137.0,0.1089,204.0
1753591954056,04:52:34.056,bitmex,AEVO/USDT:USDT,0.1078,280.0,0.1067,468.0,0.1088,137.0,0.1089,204.0
1753591955183,04:52:35.183,bitmex,AEVO/USDT:USDT,0.1078,280.0,0.1067,468.0,0.1088,137.0,0.1089,204.0
1753591955232,04:52:35.232,bitmex,AEVO/USDT:USDT,0.1078,280.0,0.1067,468.0,0.1088,137.0,0.1089,204.0
1753591956471,04:52:36.471,bitmex,AEVO/USDT:USDT,0.1078,280.0,0.1067,468.0,0.1088,137.0,0.1089,204.0
1753591956521,04:52:36.521,bitmex,AEVO/USDT:USDT,0.1078,280.0,0.1067,468.0,0.1088,137.0,0.1089,204.0
1753591957524,04:52:37.524,bitmex,AEVO/USDT:USDT,0.1078,280.0,0.1067,468.0,0.1088,137.0,0.1089,204.0
1753591957573,04:52:37.573,bitmex,AEVO/USDT:USDT,0.1078,280.0,0.1067,468.0,0.1088,137.0,0.1089,204.0
1753591958697,04:52:38.697,bitmex,AEVO/USDT:USDT,0.1078,280.0,0.1067,468.0,0.1088,137.0,0.1089,204.0
1753591958746,04:52:38.746,bitmex,AEVO/USDT:USDT,0.1078,280.0,0.1067,468.0,0.1088,137.0,0.1089,204.0
1753591959868,04:52:39.868,bitmex,AEVO/USDT:USDT,0.1078,280.0,0.1067,468.0,0.1088,137.0,0.1089,204.0
1753591959917,04:52:39.917,bitmex,AEVO/USDT:USDT,0.1078,280.0,0.1067,468.0,0.1088,137.0,0.1089,204.0
1753591961042,04:52:41.042,bitmex,AEVO/USDT:USDT,0.1078,280.0,0.1067,468.0,0.1088,137.0,0.1089,204.0
1753591961091,04:52:41.091,bitmex,AEVO/USDT:USDT,0.1078,280.0,0.1067,468.0,0.1088,137.0,0.1089,204.0
1753591962375,04:52:42.375,bitmex,AEVO/USDT:USDT,0.1078,280.0,0.1067,468.0,0.1088,137.0,0.1089,204.0
1753591962425,04:52:42.425,bitmex,AEVO/USDT:USDT,0.1078,280.0,0.1067,468.0,0.1088,137.0,0.1089,204.0
1753591963400,04:52:43.400,bitmex,AEVO/USDT:USDT,0.1078,280.0,0.1067,936.0,0.1088,137.0,0.1089,204.0
1753591963449,04:52:43.449,bitmex,AEVO/USDT:USDT,0.1078,280.0,0.1067,936.0,0.1088,137.0,0.1089,204.0
1753591964575,04:52:44.575,bitmex,AEVO/USDT:USDT,0.1078,280.0,0.1067,936.0,0.1088,137.0,0.1089,204.0
1753591964624,04:52:44.624,bitmex,AEVO/USDT:USDT,0.1078,280.0,0.1067,936.0,0.1088,137.0,0.1089,204.0
1753591965743,04:52:45.743,bitmex,AEVO/USDT:USDT,0.1078,280.0,0.1067,936.0,0.1088,137.0,0.1089,204.0
1753591965793,04:52:45.793,bitmex,AEVO/USDT:USDT,0.1078,280.0,0.1067,936.0,0.1088,137.0,0.1089,204.0
1753591966914,04:52:46.914,bitmex,AEVO/USDT:USDT,0.1078,280.0,0.1067,936.0,0.1088,137.0,0.1089,204.0
1753591966964,04:52:46.964,bitmex,AEVO/USDT:USDT,0.1078,280.0,0.1067,936.0,0.1088,137.0,0.1089,204.0
1753591968084,04:52:48.084,bitmex,AEVO/USDT:USDT,0.1078,280.0,0.1067,936.0,0.1088,137.0,0.1089,204.0
1753591968134,04:52:48.134,bitmex,AEVO/USDT:USDT,0.1078,280.0,0.1067,936.0,0.1088,137.0,0.1089,204.0
1753591969337,04:52:49.337,bitmex,AEVO/USDT:USDT,0.1078,280.0,0.1067,468.0,0.1088,137.0,0.1089,204.0
1753591969387,04:52:49.387,bitmex,AEVO/USDT:USDT,0.1078,280.0,0.1067,468.0,0.1088,137.0,0.1089,204.0
1753591970434,04:52:50.434,bitmex,AEVO/USDT:USDT,0.1078,280.0,0.1067,468.0,0.1088,137.0,0.1089,204.0
1753591970484,04:52:50.484,bitmex,AEVO/USDT:USDT,0.1078,280.0,0.1067,468.0,0.1088,137.0,0.1089,204.0
1753591971606,04:52:51.606,bitmex,AEVO/USDT:USDT,0.1078,280.0,0.1067,468.0,0.1088,137.0,0.1089,204.0
1753591971655,04:52:51.655,bitmex,AEVO/USDT:USDT,0.1078,280.0,0.1067,468.0,0.1088,137.0,0.1089,204.0
1753591972778,04:52:52.778,bitmex,AEVO/USDT:USDT,0.1078,280.0,0.1067,468.0,0.1088,137.0,0.1089,204.0
1753591972828,04:52:52.828,bitmex,AEVO/USDT:USDT,0.1078,280.0,0.1067,468.0,0.1088,137.0,0.1089,204.0
1753591973943,04:52:53.943,bitmex,AEVO/USDT:USDT,0.1078,280.0,0.1067,468.0,0.1088,137.0,0.1089,204.0
1753591973992,04:52:53.992,bitmex,AEVO/USDT:USDT,0.1078,280.0,0.1067,468.0,0.1088,137.0,0.1089,204.0
1753591975203,04:52:55.203,bitmex,AEVO/USDT:USDT,0.1078,280.0,0.1067,468.0,0.1088,137.0,0.1089,204.0
1753591975253,04:52:55.253,bitmex,AEVO/USDT:USDT,0.1078,280.0,0.1067,468.0,0.1088,137.0,0.1089,204.0
1753591976337,04:52:56.337,bitmex,AEVO/USDT:USDT,0.1078,280.0,0.1067,468.0,0.1088,137.0,0.1089,204.0
1753591976386,04:52:56.386,bitmex,AEVO/USDT:USDT,0.1078,280.0,0.1067,468.0,0.1088,137.0,0.1089,204.0
1753591977039,04:52:57.039,bitmex,AEVO/USDT:USDT,0.1078,280.0,0.1067,468.0,0.1089,204.0,0.1098,27.0
1753591977474,04:52:57.474,bitmex,AEVO/USDT:USDT,0.1078,280.0,0.1067,468.0,0.1089,204.0,0.1098,27.0
1753591977523,04:52:57.523,bitmex,AEVO/USDT:USDT,0.1078,280.0,0.1067,468.0,0.1089,204.0,0.1098,27.0
1753591978643,04:52:58.643,bitmex,AEVO/USDT:USDT,0.1078,280.0,0.1067,468.0,0.1089,204.0,0.1098,27.0
1753591978692,04:52:58.692,bitmex,AEVO/USDT:USDT,0.1078,280.0,0.1067,467.0,0.1089,204.0,0.1098,27.0
1753591979891,04:52:59.891,bitmex,AEVO/USDT:USDT,0.1078,280.0,0.1067,467.0,0.1089,204.0,0.1098,27.0
1753591979940,04:52:59.940,bitmex,AEVO/USDT:USDT,0.1078,280.0,0.1067,467.0,0.1089,204.0,0.1098,27.0
1753591981219,04:53:01.219,bitmex,AEVO/USDT:USDT,0.1078,280.0,0.1067,467.0,0.1089,204.0,0.1098,27.0
1753591982318,04:53:02.318,bitmex,AEVO/USDT:USDT,0.1078,280.0,0.1067,467.0,0.1089,204.0,0.1098,27.0
1753591982367,04:53:02.367,bitmex,AEVO/USDT:USDT,0.1079,201.0,0.1078,72.0,0.109,198.0,0.1098,27.0
1753591982416,04:53:02.416,bitmex,AEVO/USDT:USDT,0.1079,274.0,0.1067,467.0,0.109,198.0,0.1098,27.0
1753591983332,04:53:03.332,bitmex,AEVO/USDT:USDT,0.1079,274.0,0.1067,467.0,0.109,198.0,0.1098,27.0
1753591983381,04:53:03.381,bitmex,AEVO/USDT:USDT,0.1079,274.0,0.1067,467.0,0.109,198.0,0.1098,27.0
1753591984515,04:53:04.515,bitmex,AEVO/USDT:USDT,0.1079,274.0,0.1067,467.0,0.109,198.0,0.1098,27.0
1753591984576,04:53:04.576,bitmex,AEVO/USDT:USDT,0.1079,274.0,0.1067,467.0,0.109,198.0,0.1098,27.0
1753591985725,04:53:05.725,bitmex,AEVO/USDT:USDT,0.1079,274.0,0.1067,467.0,0.1089,196.0,0.1098,27.0
1753591985775,04:53:05.775,bitmex,AEVO/USDT:USDT,0.1079,73.0,0.1078,198.0,0.1089,196.0,0.1098,27.0
1753591985824,04:53:05.824,bitmex,AEVO/USDT:USDT,0.1079,73.0,0.1078,198.0,0.1089,196.0,0.1098,27.0
1753591987207,04:53:07.207,bitmex,AEVO/USDT:USDT,0.1079,73.0,0.1078,198.0,0.1089,196.0,0.1098,27.0
1753591987256,04:53:07.256,bitmex,AEVO/USDT:USDT,0.1079,73.0,0.1078,198.0,0.1089,196.0,0.1098,27.0
1753591988625,04:53:08.625,bitmex,AEVO/USDT:USDT,0.1079,73.0,0.1078,198.0,0.1089,196.0,0.1098,27.0
1753591988674,04:53:08.674,bitmex,AEVO/USDT:USDT,0.1079,73.0,0.1078,198.0,0.1089,196.0,0.1098,27.0
1753591989414,04:53:09.414,bitmex,AEVO/USDT:USDT,0.1079,73.0,0.1078,198.0,0.1089,196.0,0.1098,27.0
1753591989474,04:53:09.474,bitmex,AEVO/USDT:USDT,0.1079,73.0,0.1078,198.0,0.1089,196.0,0.1098,27.0
1753591990515,04:53:10.515,bitmex,AEVO/USDT:USDT,0.1079,73.0,0.1078,198.0,0.1089,196.0,0.1098,27.0
1753591990565,04:53:10.565,bitmex,AEVO/USDT:USDT,0.1079,73.0,0.1078,198.0,0.1089,196.0,0.1098,27.0
1753591991685,04:53:11.685,bitmex,AEVO/USDT:USDT,0.1079,73.0,0.1078,198.0,0.1089,196.0,0.1098,27.0
1753591991734,04:53:11.734,bitmex,AEVO/USDT:USDT,0.1079,73.0,0.1078,198.0,0.1089,196.0,0.1098,27.0
1753591992125,04:53:12.125,bitmex,AEVO/USDT:USDT,0.1079,73.0,0.1078,198.0,0.1089,196.0,0.109,137.0
1753591992866,04:53:12.866,bitmex,AEVO/USDT:USDT,0.1079,73.0,0.1078,198.0,0.1089,196.0,0.109,137.0
1753591992949,04:53:12.949,bitmex,AEVO/USDT:USDT,0.1079,73.0,0.1078,198.0,0.1089,196.0,0.109,137.0
1753591994165,04:53:14.165,bitmex,AEVO/USDT:USDT,0.1079,73.0,0.1078,198.0,0.1089,196.0,0.109,137.0
1753591994215,04:53:14.215,bitmex,AEVO/USDT:USDT,0.1079,73.0,0.1078,198.0,0.1089,196.0,0.109,137.0
1753591995326,04:53:15.326,bitmex,AEVO/USDT:USDT,0.1079,73.0,0.1078,198.0,0.1089,196.0,0.109,137.0
1753591995375,04:53:15.375,bitmex,AEVO/USDT:USDT,0.1079,73.0,0.1078,198.0,0.1089,196.0,0.109,137.0
1753591996424,04:53:16.424,bitmex,AEVO/USDT:USDT,0.1079,73.0,0.1078,198.0,0.1089,196.0,0.109,137.0
1753591996474,04:53:16.474,bitmex,AEVO/USDT:USDT,0.1079,73.0,0.1078,198.0,0.1089,196.0,0.109,137.0
1753591997645,04:53:17.645,bitmex,AEVO/USDT:USDT,0.1079,73.0,0.1078,198.0,0.1089,196.0,0.109,137.0
1753591997694,04:53:17.694,bitmex,AEVO/USDT:USDT,0.1079,73.0,0.1078,198.0,0.1089,196.0,0.109,137.0
1753591998736,04:53:18.736,bitmex,AEVO/USDT:USDT,0.1079,73.0,0.1078,198.0,0.1089,196.0,0.109,137.0
1753591998785,04:53:18.785,bitmex,AEVO/USDT:USDT,0.1079,73.0,0.1078,198.0,0.1089,196.0,0.109,137.0
1753592000044,04:53:20.044,bitmex,AEVO/USDT:USDT,0.1079,73.0,0.1078,198.0,0.1089,196.0,0.109,137.0
1753592000094,04:53:20.094,bitmex,AEVO/USDT:USDT,0.1079,73.0,0.1078,198.0,0.1089,196.0,0.109,137.0
1753592001062,04:53:21.062,bitmex,AEVO/USDT:USDT,0.1079,73.0,0.1078,198.0,0.1089,196.0,0.109,137.0
1753592001112,04:53:21.112,bitmex,AEVO/USDT:USDT,0.1079,73.0,0.1078,198.0,0.1089,196.0,0.109,137.0
1753592002290,04:53:22.290,bitmex,AEVO/USDT:USDT,0.1079,73.0,0.1078,198.0,0.1089,196.0,0.109,137.0
1753592002339,04:53:22.339,bitmex,AEVO/USDT:USDT,0.1079,73.0,0.1078,198.0,0.1089,196.0,0.109,137.0
1753592003414,04:53:23.414,bitmex,AEVO/USDT:USDT,0.1079,73.0,0.1078,198.0,0.1089,196.0,0.109,137.0
1753592003463,04:53:23.463,bitmex,AEVO/USDT:USDT,0.1079,73.0,0.1078,198.0,0.1089,196.0,0.109,137.0
1753592004651,04:53:24.651,bitmex,AEVO/USDT:USDT,0.1079,73.0,0.1078,198.0,0.1089,196.0,0.109,137.0
1753592004701,04:53:24.701,bitmex,AEVO/USDT:USDT,0.1079,73.0,0.1078,198.0,0.1089,196.0,0.109,137.0
1753592005828,04:53:25.828,bitmex,AEVO/USDT:USDT,0.1079,73.0,0.1078,198.0,0.1089,196.0,0.109,137.0
1753592006969,04:53:26.969,bitmex,AEVO/USDT:USDT,0.1079,73.0,0.1078,198.0,0.1089,196.0,0.109,137.0
1753592007018,04:53:27.018,bitmex,AEVO/USDT:USDT,0.1079,73.0,0.1078,198.0,0.1089,196.0,0.109,137.0
1753592008074,04:53:28.074,bitmex,AEVO/USDT:USDT,0.1079,73.0,0.1078,198.0,0.1089,196.0,0.109,137.0
1753592008123,04:53:28.123,bitmex,AEVO/USDT:USDT,0.1079,73.0,0.1078,198.0,0.1089,196.0,0.109,137.0
1753592009254,04:53:29.254,bitmex,AEVO/USDT:USDT,0.1079,73.0,0.1078,198.0,0.1089,196.0,0.109,137.0
1753592009303,04:53:29.303,bitmex,AEVO/USDT:USDT,0.1079,73.0,0.1078,198.0,0.1089,196.0,0.109,137.0
1753592010432,04:53:30.432,bitmex,AEVO/USDT:USDT,0.1079,73.0,0.1078,198.0,0.1089,196.0,0.109,137.0
1753592010482,04:53:30.482,bitmex,AEVO/USDT:USDT,0.1079,73.0,0.1078,198.0,0.1089,196.0,0.109,137.0
1753592011667,04:53:31.667,bitmex,AEVO/USDT:USDT,0.1079,73.0,0.1078,198.0,0.1089,196.0,0.109,137.0
1753592011716,04:53:31.716,bitmex,AEVO/USDT:USDT,0.1079,73.0,0.1078,198.0,0.1089,196.0,0.109,137.0
1753592012804,04:53:32.804,bitmex,AEVO/USDT:USDT,0.1079,73.0,0.1078,198.0,0.1089,196.0,0.109,137.0
1753592012854,04:53:32.854,bitmex,AEVO/USDT:USDT,0.1079,73.0,0.1078,198.0,0.1089,196.0,0.109,137.0
1753592014025,04:53:34.025,bitmex,AEVO/USDT:USDT,0.1079,73.0,0.1078,198.0,0.1089,196.0,0.109,137.0
1753592014074,04:53:34.074,bitmex,AEVO/USDT:USDT,0.1079,73.0,0.1078,198.0,0.1089,196.0,0.109,137.0
1753592015125,04:53:35.125,bitmex,AEVO/USDT:USDT,0.1079,73.0,0.1078,198.0,0.1089,196.0,0.109,137.0
1753592015194,04:53:35.194,bitmex,AEVO/USDT:USDT,0.1079,73.0,0.1078,198.0,0.1089,196.0,0.109,137.0
1753592016353,04:53:36.353,bitmex,AEVO/USDT:USDT,0.1079,73.0,0.1078,198.0,0.1089,196.0,0.109,137.0
1753592016403,04:53:36.403,bitmex,AEVO/USDT:USDT,0.1079,73.0,0.1078,198.0,0.1089,196.0,0.109,137.0
1753592017530,04:53:37.530,bitmex,AEVO/USDT:USDT,0.1079,73.0,0.1078,198.0,0.1089,196.0,0.109,137.0
1753592017579,04:53:37.579,bitmex,AEVO/USDT:USDT,0.1079,73.0,0.1078,198.0,0.1089,196.0,0.109,137.0
1753592018667,04:53:38.667,bitmex,AEVO/USDT:USDT,0.1079,263.0,0.1067,466.0,0.1089,196.0,0.109,137.0
1753592018716,04:53:38.716,bitmex,AEVO/USDT:USDT,0.1079,263.0,0.1067,466.0,0.109,344.0,0.1098,27.0
1753592019812,04:53:39.812,bitmex,AEVO/USDT:USDT,0.1079,263.0,0.1067,466.0,0.109,344.0,0.1098,27.0
1753592019862,04:53:39.862,bitmex,AEVO/USDT:USDT,0.1079,263.0,0.1067,466.0,0.109,344.0,0.1098,27.0
1753592021044,04:53:41.044,bitmex,AEVO/USDT:USDT,0.1079,263.0,0.1067,466.0,0.109,344.0,0.1098,27.0
1753592021094,04:53:41.094,bitmex,AEVO/USDT:USDT,0.1079,263.0,0.1067,466.0,0.109,344.0,0.1098,27.0
1753592022172,04:53:42.172,bitmex,AEVO/USDT:USDT,0.1079,263.0,0.1067,466.0,0.109,344.0,0.1098,27.0
1753592022244,04:53:42.244,bitmex,AEVO/USDT:USDT,0.1079,263.0,0.1067,466.0,0.109,344.0,0.1098,27.0
1753592023385,04:53:43.385,bitmex,AEVO/USDT:USDT,0.1079,263.0,0.1067,466.0,0.109,344.0,0.1098,27.0
1753592023435,04:53:43.435,bitmex,AEVO/USDT:USDT,0.1079,263.0,0.1067,466.0,0.109,344.0,0.1098,27.0
1753592024514,04:53:44.514,bitmex,AEVO/USDT:USDT,0.1079,263.0,0.1068,456.0,0.109,344.0,0.1098,27.0
1753592024563,04:53:44.563,bitmex,AEVO/USDT:USDT,0.1079,263.0,0.1068,456.0,0.109,344.0,0.1098,27.0
1753592025729,04:53:45.729,bitmex,AEVO/USDT:USDT,0.1079,263.0,0.1068,456.0,0.109,344.0,0.1098,27.0
1753592025778,04:53:45.778,bitmex,AEVO/USDT:USDT,0.1079,263.0,0.1068,456.0,0.109,344.0,0.1098,27.0
1753592026843,04:53:46.843,bitmex,AEVO/USDT:USDT,0.1079,263.0,0.1068,456.0,0.109,344.0,0.1098,27.0
1753592026893,04:53:46.893,bitmex,AEVO/USDT:USDT,0.1079,263.0,0.1068,456.0,0.109,344.0,0.1098,27.0
1753592028049,04:53:48.049,bitmex,AEVO/USDT:USDT,0.1079,263.0,0.1068,456.0,0.109,344.0,0.1098,27.0
1753592028099,04:53:48.099,bitmex,AEVO/USDT:USDT,0.1079,263.0,0.1068,456.0,0.109,344.0,0.1098,27.0
1753592029385,04:53:49.385,bitmex,AEVO/USDT:USDT,0.1079,263.0,0.1068,456.0,0.109,344.0,0.1098,27.0
1753592029435,04:53:49.435,bitmex,AEVO/USDT:USDT,0.1079,263.0,0.1068,456.0,0.109,344.0,0.1098,27.0
1753592030419,04:53:50.419,bitmex,AEVO/USDT:USDT,0.1079,263.0,0.1068,456.0,0.109,344.0,0.1098,27.0
1753592030469,04:53:50.469,bitmex,AEVO/USDT:USDT,0.1079,263.0,0.1068,456.0,0.109,344.0,0.1098,27.0
1753592031581,04:53:51.581,bitmex,AEVO/USDT:USDT,0.1079,263.0,0.1068,456.0,0.109,344.0,0.1098,27.0
1753592031630,04:53:51.630,bitmex,AEVO/USDT:USDT,0.1079,263.0,0.1068,456.0,0.109,344.0,0.1098,27.0
1753592032945,04:53:52.945,bitmex,AEVO/USDT:USDT,0.1079,263.0,0.1068,456.0,0.109,344.0,0.1098,27.0
1753592032994,04:53:52.994,bitmex,AEVO/USDT:USDT,0.1079,263.0,0.1068,456.0,0.109,344.0,0.1098,27.0
1753592033944,04:53:53.944,bitmex,AEVO/USDT:USDT,0.1079,263.0,0.1068,456.0,0.109,344.0,0.1098,27.0
1753592033994,04:53:53.994,bitmex,AEVO/USDT:USDT,0.1079,263.0,0.1068,456.0,0.109,344.0,0.1098,27.0
1753592035170,04:53:55.170,bitmex,AEVO/USDT:USDT,0.1079,263.0,0.1068,456.0,0.109,344.0,0.1098,27.0
1753592035220,04:53:55.220,bitmex,AEVO/USDT:USDT,0.1079,263.0,0.1068,456.0,0.109,344.0,0.1098,27.0
1753592037471,04:53:57.471,bitmex,AEVO/USDT:USDT,0.1079,263.0,0.1068,456.0,0.109,344.0,0.1098,27.0
1753592037520,04:53:57.520,bitmex,AEVO/USDT:USDT,0.1079,263.0,0.1068,456.0,0.109,344.0,0.1098,27.0
1753592038643,04:53:58.643,bitmex,AEVO/USDT:USDT,0.1079,263.0,0.1068,456.0,0.109,344.0,0.1098,27.0
1753592038693,04:53:58.693,bitmex,AEVO/USDT:USDT,0.1079,263.0,0.1068,456.0,0.109,344.0,0.1098,27.0
1753592039835,04:53:59.835,bitmex,AEVO/USDT:USDT,0.1079,263.0,0.1068,456.0,0.109,344.0,0.1098,27.0
1753592040189,04:54:00.189,bitmex,AEVO/USDT:USDT,0.1079,263.0,0.1069,72.0,0.109,344.0,0.1098,27.0
1753592040238,04:54:00.238,bitmex,AEVO/USDT:USDT,0.1079,190.0,0.1069,72.0,0.109,344.0,0.1098,27.0
1753592041005,04:54:01.005,bitmex,AEVO/USDT:USDT,0.1079,190.0,0.1069,72.0,0.109,344.0,0.1098,27.0
1753592041054,04:54:01.054,bitmex,AEVO/USDT:USDT,0.1079,190.0,0.1069,72.0,0.109,344.0,0.1098,27.0
1753592042176,04:54:02.176,bitmex,AEVO/USDT:USDT,0.1079,190.0,0.1069,72.0,0.109,344.0,0.1098,27.0
1753592042225,04:54:02.225,bitmex,AEVO/USDT:USDT,0.1079,190.0,0.1069,72.0,0.109,344.0,0.1098,27.0
1753592043304,04:54:03.304,bitmex,AEVO/USDT:USDT,0.1079,190.0,0.1069,72.0,0.109,344.0,0.1098,27.0
1753592043353,04:54:03.353,bitmex,AEVO/USDT:USDT,0.1079,190.0,0.1069,72.0,0.109,344.0,0.1098,27.0
1753592044490,04:54:04.490,bitmex,AEVO/USDT:USDT,0.1079,190.0,0.1069,72.0,0.109,344.0,0.1098,27.0
1753592044540,04:54:04.540,bitmex,AEVO/USDT:USDT,0.1079,190.0,0.1069,72.0,0.109,344.0,0.1098,27.0
1753592045646,04:54:05.646,bitmex,AEVO/USDT:USDT,0.1079,190.0,0.1069,72.0,0.109,344.0,0.1098,27.0
1753592046897,04:54:06.897,bitmex,AEVO/USDT:USDT,0.108,197.0,0.1069,72.0,0.109,137.0,0.1091,190.0
1753592046946,04:54:06.946,bitmex,AEVO/USDT:USDT,0.108,197.0,0.1069,72.0,0.109,137.0,0.1091,190.0
1753592047966,04:54:07.966,bitmex,AEVO/USDT:USDT,0.108,197.0,0.1069,72.0,0.109,137.0,0.1091,190.0
1753592048015,04:54:08.015,bitmex,AEVO/USDT:USDT,0.108,197.0,0.1069,72.0,0.109,137.0,0.1091,190.0
1753592049096,04:54:09.096,bitmex,AEVO/USDT:USDT,0.108,197.0,0.1069,72.0,0.109,137.0,0.1091,190.0
1753592049145,04:54:09.145,bitmex,AEVO/USDT:USDT,0.108,197.0,0.1069,58.0,0.109,137.0,0.1091,190.0
1753592050259,04:54:10.259,bitmex,AEVO/USDT:USDT,0.108,197.0,0.1069,58.0,0.109,137.0,0.1091,190.0
1753592050308,04:54:10.308,bitmex,AEVO/USDT:USDT,0.108,197.0,0.1069,58.0,0.109,137.0,0.1091,190.0
1753592051494,04:54:11.494,bitmex,AEVO/USDT:USDT,0.108,197.0,0.1069,58.0,0.109,137.0,0.1091,190.0
1753592051543,04:54:11.543,bitmex,AEVO/USDT:USDT,0.108,197.0,0.1069,58.0,0.109,137.0,0.1091,190.0
1753592052842,04:54:12.842,bitmex,AEVO/USDT:USDT,0.108,197.0,0.1069,58.0,0.109,137.0,0.1091,190.0
1753592052891,04:54:12.891,bitmex,AEVO/USDT:USDT,0.108,197.0,0.1069,58.0,0.109,137.0,0.1091,190.0
1753592053807,04:54:13.807,bitmex,AEVO/USDT:USDT,0.108,197.0,0.1069,58.0,0.109,137.0,0.1091,190.0
1753592053875,04:54:13.875,bitmex,AEVO/USDT:USDT,0.108,197.0,0.1069,58.0,0.109,137.0,0.1091,190.0
1753592055025,04:54:15.025,bitmex,AEVO/USDT:USDT,0.108,197.0,0.1069,497.0,0.109,137.0,0.1091,190.0
1753592055074,04:54:15.074,bitmex,AEVO/USDT:USDT,0.108,197.0,0.1069,497.0,0.109,137.0,0.1091,190.0
1753592056152,04:54:16.152,bitmex,AEVO/USDT:USDT,0.108,197.0,0.1069,497.0,0.109,137.0,0.1091,190.0
1753592056203,04:54:16.203,bitmex,AEVO/USDT:USDT,0.108,197.0,0.1069,497.0,0.109,137.0,0.1091,190.0
1753592057283,04:54:17.283,bitmex,AEVO/USDT:USDT,0.108,197.0,0.1069,497.0,0.109,137.0,0.1091,190.0
1753592057332,04:54:17.332,bitmex,AEVO/USDT:USDT,0.108,197.0,0.1069,497.0,0.109,137.0,0.1091,190.0
1753592058665,04:54:18.665,bitmex,AEVO/USDT:USDT,0.108,197.0,0.1069,497.0,0.109,137.0,0.1091,190.0
1753592058715,04:54:18.715,bitmex,AEVO/USDT:USDT,0.108,197.0,0.1069,497.0,0.109,137.0,0.1091,190.0
1753592059619,04:54:19.619,bitmex,AEVO/USDT:USDT,0.108,197.0,0.1069,497.0,0.109,137.0,0.1091,190.0
1753592059684,04:54:19.684,bitmex,AEVO/USDT:USDT,0.108,197.0,0.1069,497.0,0.109,137.0,0.1091,190.0
1753592060815,04:54:20.815,bitmex,AEVO/USDT:USDT,0.108,197.0,0.1069,497.0,0.109,137.0,0.1091,190.0
1753592060864,04:54:20.864,bitmex,AEVO/USDT:USDT,0.108,197.0,0.1069,497.0,0.109,137.0,0.1091,190.0
1753592063174,04:54:23.174,bitmex,AEVO/USDT:USDT,0.108,197.0,0.1069,497.0,0.109,137.0,0.1091,190.0
1753592063223,04:54:23.223,bitmex,AEVO/USDT:USDT,0.108,197.0,0.1069,497.0,0.109,137.0,0.1091,190.0
1753592064317,04:54:24.317,bitmex,AEVO/USDT:USDT,0.108,197.0,0.1069,497.0,0.109,137.0,0.1091,190.0
1753592064395,04:54:24.395,bitmex,AEVO/USDT:USDT,0.108,197.0,0.1069,497.0,0.109,137.0,0.1091,190.0
1753592065521,04:54:25.521,bitmex,AEVO/USDT:USDT,0.108,197.0,0.1069,497.0,0.109,137.0,0.1091,190.0
1753592065570,04:54:25.570,bitmex,AEVO/USDT:USDT,0.108,197.0,0.1069,497.0,0.109,137.0,0.1091,190.0
1753592066765,04:54:26.765,bitmex,AEVO/USDT:USDT,0.108,197.0,0.1069,497.0,0.109,137.0,0.1091,190.0
1753592066823,04:54:26.823,bitmex,AEVO/USDT:USDT,0.108,197.0,0.1069,497.0,0.109,137.0,0.1091,190.0
1753592067916,04:54:27.916,bitmex,AEVO/USDT:USDT,0.108,197.0,0.1069,497.0,0.109,137.0,0.1091,190.0
1753592067966,04:54:27.966,bitmex,AEVO/USDT:USDT,0.108,197.0,0.1069,497.0,0.109,137.0,0.1091,190.0
1753592069095,04:54:29.095,bitmex,AEVO/USDT:USDT,0.108,197.0,0.1069,497.0,0.109,137.0,0.1091,190.0
1753592069145,04:54:29.145,bitmex,AEVO/USDT:USDT,0.108,197.0,0.1069,497.0,0.109,137.0,0.1091,190.0
1753592070324,04:54:30.324,bitmex,AEVO/USDT:USDT,0.108,197.0,0.1069,497.0,0.109,137.0,0.1091,190.0
1753592070373,04:54:30.373,bitmex,AEVO/USDT:USDT,0.108,197.0,0.1069,505.0,0.109,137.0,0.1091,190.0
1753592071435,04:54:31.435,bitmex,AEVO/USDT:USDT,0.108,197.0,0.1069,505.0,0.109,137.0,0.1091,190.0
1753592071494,04:54:31.494,bitmex,AEVO/USDT:USDT,0.108,197.0,0.1069,505.0,0.109,137.0,0.1091,190.0
1753592072098,04:54:32.098,bitmex,AEVO/USDT:USDT,0.108,197.0,0.1069,505.0,0.1091,190.0,0.1098,27.0
1753592072604,04:54:32.604,bitmex,AEVO/USDT:USDT,0.108,197.0,0.1069,505.0,0.1091,190.0,0.1098,27.0
1753592072653,04:54:32.653,bitmex,AEVO/USDT:USDT,0.108,197.0,0.1069,505.0,0.1091,190.0,0.1098,27.0
1753592073775,04:54:33.775,bitmex,AEVO/USDT:USDT,0.108,197.0,0.1069,505.0,0.1091,190.0,0.1098,27.0
1753592073825,04:54:33.825,bitmex,AEVO/USDT:USDT,0.108,197.0,0.1069,505.0,0.1091,190.0,0.1098,27.0
1753592074945,04:54:34.945,bitmex,AEVO/USDT:USDT,0.108,197.0,0.1069,505.0,0.1091,190.0,0.1098,27.0
1753592074995,04:54:34.995,bitmex,AEVO/USDT:USDT,0.108,197.0,0.1069,505.0,0.1091,190.0,0.1098,27.0
1753592076131,04:54:36.131,bitmex,AEVO/USDT:USDT,0.108,197.0,0.1069,505.0,0.1091,190.0,0.1098,27.0
1753592076183,04:54:36.183,bitmex,AEVO/USDT:USDT,0.108,197.0,0.1069,505.0,0.1091,190.0,0.1098,27.0
1753592077516,04:54:37.516,bitmex,AEVO/USDT:USDT,0.108,197.0,0.1069,505.0,0.1091,190.0,0.1098,27.0
1753592077565,04:54:37.565,bitmex,AEVO/USDT:USDT,0.108,197.0,0.1069,505.0,0.1091,190.0,0.1098,27.0
1753592078543,04:54:38.543,bitmex,AEVO/USDT:USDT,0.108,197.0,0.1069,505.0,0.1091,190.0,0.1098,27.0
1753592078592,04:54:38.592,bitmex,AEVO/USDT:USDT,0.108,197.0,0.1069,505.0,0.1091,190.0,0.1098,27.0
1753592079634,04:54:39.634,bitmex,AEVO/USDT:USDT,0.108,197.0,0.1069,505.0,0.1091,190.0,0.1098,27.0
1753592079684,04:54:39.684,bitmex,AEVO/USDT:USDT,0.108,197.0,0.1069,505.0,0.1091,190.0,0.1098,27.0
1753592080807,04:54:40.807,bitmex,AEVO/USDT:USDT,0.108,197.0,0.1069,505.0,0.1091,190.0,0.1098,27.0
1753592082458,04:54:42.458,bitmex,AEVO/USDT:USDT,0.108,197.0,0.1069,505.0,0.1091,327.0,0.1098,27.0
1753592083527,04:54:43.527,bitmex,AEVO/USDT:USDT,0.108,197.0,0.1069,505.0,0.109,192.0,0.1091,137.0
1753592083577,04:54:43.577,bitmex,AEVO/USDT:USDT,0.1079,191.0,0.1069,505.0,0.109,192.0,0.1091,137.0
1753592083635,04:54:43.635,bitmex,AEVO/USDT:USDT,0.1079,191.0,0.1069,505.0,0.109,192.0,0.1091,137.0
1753592083684,04:54:43.684,bitmex,AEVO/USDT:USDT,0.1079,191.0,0.1069,505.0,0.109,192.0,0.1091,137.0
1753592084426,04:54:44.426,bitmex,AEVO/USDT:USDT,0.1079,191.0,0.1069,505.0,0.109,192.0,0.1091,137.0
1753592084475,04:54:44.475,bitmex,AEVO/USDT:USDT,0.1079,191.0,0.1069,505.0,0.109,192.0,0.1091,137.0
1753592085529,04:54:45.529,bitmex,AEVO/USDT:USDT,0.1079,191.0,0.1069,58.0,0.109,192.0,0.1091,137.0
1753592085578,04:54:45.578,bitmex,AEVO/USDT:USDT,0.1079,191.0,0.1069,58.0,0.109,192.0,0.1091,137.0
1753592086724,04:54:46.724,bitmex,AEVO/USDT:USDT,0.1079,191.0,0.1069,58.0,0.109,192.0,0.1091,137.0
1753592086774,04:54:46.774,bitmex,AEVO/USDT:USDT,0.1079,191.0,0.1069,58.0,0.109,192.0,0.1091,137.0
1753592087907,04:54:47.907,bitmex,AEVO/USDT:USDT,0.1079,191.0,0.1069,58.0,0.109,192.0,0.1091,137.0
1753592087963,04:54:47.963,bitmex,AEVO/USDT:USDT,0.1079,191.0,0.1069,58.0,0.109,192.0,0.1091,137.0
1753592089003,04:54:49.003,bitmex,AEVO/USDT:USDT,0.1079,191.0,0.1069,58.0,0.109,192.0,0.1091,137.0
1753592089053,04:54:49.053,bitmex,AEVO/USDT:USDT,0.1079,191.0,0.1069,58.0,0.109,192.0,0.1091,137.0
1753592090317,04:54:50.317,bitmex,AEVO/USDT:USDT,0.1079,191.0,0.1069,58.0,0.109,192.0,0.1091,137.0
1753592090367,04:54:50.367,bitmex,AEVO/USDT:USDT,0.1079,191.0,0.1069,58.0,0.109,192.0,0.1091,137.0
1753592091354,04:54:51.354,bitmex,AEVO/USDT:USDT,0.1079,191.0,0.1069,58.0,0.109,192.0,0.1091,137.0
1753592091403,04:54:51.403,bitmex,AEVO/USDT:USDT,0.1079,191.0,0.1069,58.0,0.109,192.0,0.1091,137.0
1753592092264,04:54:52.264,bitmex,AEVO/USDT:USDT,0.1079,191.0,0.1069,58.0,0.109,192.0,0.1098,27.0
1753592092533,04:54:52.533,bitmex,AEVO/USDT:USDT,0.1079,191.0,0.1069,58.0,0.109,192.0,0.1098,27.0
1753592092582,04:54:52.582,bitmex,AEVO/USDT:USDT,0.1079,191.0,0.1069,58.0,0.109,192.0,0.1098,27.0
1753592093694,04:54:53.694,bitmex,AEVO/USDT:USDT,0.1079,191.0,0.1069,58.0,0.109,192.0,0.1098,27.0
1753592093743,04:54:53.743,bitmex,AEVO/USDT:USDT,0.1079,191.0,0.1069,58.0,0.109,192.0,0.1098,27.0
1753592094875,04:54:54.875,bitmex,AEVO/USDT:USDT,0.1079,191.0,0.1069,58.0,0.109,192.0,0.1098,27.0
1753592094924,04:54:54.924,bitmex,AEVO/USDT:USDT,0.1079,191.0,0.1069,58.0,0.109,192.0,0.1098,27.0
1753592096073,04:54:56.073,bitmex,AEVO/USDT:USDT,0.1079,191.0,0.1069,58.0,0.109,192.0,0.1098,27.0
1753592096122,04:54:56.122,bitmex,AEVO/USDT:USDT,0.1079,191.0,0.1069,58.0,0.109,192.0,0.1098,27.0
1753592097183,04:54:57.183,bitmex,AEVO/USDT:USDT,0.1079,191.0,0.1069,58.0,0.109,329.0,0.1098,27.0
1753592097232,04:54:57.232,bitmex,AEVO/USDT:USDT,0.1079,191.0,0.1069,58.0,0.109,329.0,0.1098,27.0
1753592097281,04:54:57.281,bitmex,AEVO/USDT:USDT,0.1079,191.0,0.1069,58.0,0.109,329.0,0.1098,27.0
1753592098384,04:54:58.384,bitmex,AEVO/USDT:USDT,0.1079,191.0,0.1069,58.0,0.109,329.0,0.1098,27.0
1753592098434,04:54:58.434,bitmex,AEVO/USDT:USDT,0.1079,191.0,0.1069,58.0,0.109,329.0,0.1098,27.0
1753592099641,04:54:59.641,bitmex,AEVO/USDT:USDT,0.1079,191.0,0.1069,58.0,0.109,329.0,0.1098,27.0
1753592099709,04:54:59.709,bitmex,AEVO/USDT:USDT,0.1079,191.0,0.1069,58.0,0.109,329.0,0.1098,27.0
1753592100834,04:55:00.834,bitmex,AEVO/USDT:USDT,0.1079,191.0,0.1069,58.0,0.109,329.0,0.1098,27.0
1753592100884,04:55:00.884,bitmex,AEVO/USDT:USDT,0.1079,191.0,0.1069,58.0,0.109,329.0,0.1098,27.0
1753592102123,04:55:02.123,bitmex,AEVO/USDT:USDT,0.1079,191.0,0.1069,58.0,0.109,329.0,0.1098,27.0
1753592103065,04:55:03.065,bitmex,AEVO/USDT:USDT,0.1079,191.0,0.1069,58.0,0.109,329.0,0.1098,27.0
1753592104394,04:55:04.394,bitmex,AEVO/USDT:USDT,0.1079,191.0,0.1069,58.0,0.109,329.0,0.1098,27.0
1753592105438,04:55:05.438,bitmex,AEVO/USDT:USDT,0.1079,191.0,0.1069,58.0,0.109,329.0,0.1098,27.0
1753592105487,04:55:05.487,bitmex,AEVO/USDT:USDT,0.1079,191.0,0.1069,58.0,0.109,329.0,0.1098,27.0
1753592106674,04:55:06.674,bitmex,AEVO/USDT:USDT,0.1079,191.0,0.1069,58.0,0.109,329.0,0.1098,27.0
1753592106724,04:55:06.724,bitmex,AEVO/USDT:USDT,0.1079,191.0,0.1069,58.0,0.109,329.0,0.1098,27.0
1753592107875,04:55:07.875,bitmex,AEVO/USDT:USDT,0.1079,191.0,0.1069,58.0,0.109,329.0,0.1098,27.0
1753592108962,04:55:08.962,bitmex,AEVO/USDT:USDT,0.1079,191.0,0.1069,58.0,0.109,329.0,0.1098,27.0
1753592110064,04:55:10.064,bitmex,AEVO/USDT:USDT,0.1079,191.0,0.1069,58.0,0.109,329.0,0.1098,27.0
1753592110114,04:55:10.114,bitmex,AEVO/USDT:USDT,0.1079,191.0,0.1069,58.0,0.109,329.0,0.1098,27.0
1753592111293,04:55:11.293,bitmex,AEVO/USDT:USDT,0.1079,191.0,0.1069,58.0,0.109,329.0,0.1098,27.0
1753592111345,04:55:11.345,bitmex,AEVO/USDT:USDT,0.1079,191.0,0.1069,58.0,0.109,329.0,0.1098,27.0
1753592112495,04:55:12.495,bitmex,AEVO/USDT:USDT,0.1079,191.0,0.1069,58.0,0.109,329.0,0.1098,27.0
1753592112544,04:55:12.544,bitmex,AEVO/USDT:USDT,0.1079,191.0,0.1069,58.0,0.109,329.0,0.1098,27.0
1753592113903,04:55:13.903,bitmex,AEVO/USDT:USDT,0.1079,191.0,0.1069,58.0,0.109,329.0,0.1098,27.0
1753592113953,04:55:13.953,bitmex,AEVO/USDT:USDT,0.1079,191.0,0.1069,58.0,0.109,329.0,0.1098,27.0
1753592114824,04:55:14.824,bitmex,AEVO/USDT:USDT,0.1079,191.0,0.1069,58.0,0.109,329.0,0.1098,27.0
1753592114873,04:55:14.873,bitmex,AEVO/USDT:USDT,0.1079,191.0,0.1069,58.0,0.109,329.0,0.1098,27.0
1753592115984,04:55:15.984,bitmex,AEVO/USDT:USDT,0.1079,191.0,0.1069,58.0,0.109,329.0,0.1098,27.0
1753592116033,04:55:16.033,bitmex,AEVO/USDT:USDT,0.1079,191.0,0.1069,58.0,0.109,329.0,0.1098,27.0
1753592117707,04:55:17.707,bitmex,AEVO/USDT:USDT,0.1079,191.0,0.1069,58.0,0.109,329.0,0.1098,27.0
1753592118413,04:55:18.413,bitmex,AEVO/USDT:USDT,0.1079,191.0,0.1069,58.0,0.109,329.0,0.1098,27.0
1753592118467,04:55:18.467,bitmex,AEVO/USDT:USDT,0.1079,191.0,0.1069,58.0,0.109,329.0,0.1098,27.0
1753592119615,04:55:19.615,bitmex,AEVO/USDT:USDT,0.1079,191.0,0.1069,58.0,0.109,329.0,0.1098,27.0
1753592119683,04:55:19.683,bitmex,AEVO/USDT:USDT,0.1079,191.0,0.1069,58.0,0.109,329.0,0.1098,27.0
1753592120824,04:55:20.824,bitmex,AEVO/USDT:USDT,0.1079,191.0,0.1069,58.0,0.109,329.0,0.1098,27.0
1753592121987,04:55:21.987,bitmex,AEVO/USDT:USDT,0.1079,191.0,0.1069,58.0,0.109,329.0,0.1098,27.0
1753592123267,04:55:23.267,bitmex,AEVO/USDT:USDT,0.1079,191.0,0.1069,58.0,0.109,329.0,0.1098,27.0
1753592123316,04:55:23.316,bitmex,AEVO/USDT:USDT,0.1079,191.0,0.1069,58.0,0.109,329.0,0.1098,27.0
1753592124567,04:55:24.567,bitmex,AEVO/USDT:USDT,0.1079,191.0,0.1069,58.0,0.109,329.0,0.1098,27.0
1753592124617,04:55:24.617,bitmex,AEVO/USDT:USDT,0.1079,191.0,0.1069,58.0,0.109,329.0,0.1098,27.0
1753592125515,04:55:25.515,bitmex,AEVO/USDT:USDT,0.1079,191.0,0.1069,58.0,0.109,329.0,0.1098,27.0
1753592126667,04:55:26.667,bitmex,AEVO/USDT:USDT,0.1079,191.0,0.1069,58.0,0.109,329.0,0.1098,27.0
1753592127854,04:55:27.854,bitmex,AEVO/USDT:USDT,0.1079,191.0,0.1069,58.0,0.109,329.0,0.1098,27.0
1753592127915,04:55:27.915,bitmex,AEVO/USDT:USDT,0.1079,191.0,0.1069,58.0,0.109,329.0,0.1098,27.0
1753592129156,04:55:29.156,bitmex,AEVO/USDT:USDT,0.1079,191.0,0.1069,58.0,0.109,329.0,0.1098,27.0
1753592129206,04:55:29.206,bitmex,AEVO/USDT:USDT,0.1079,191.0,0.1069,58.0,0.109,329.0,0.1098,27.0
1753592130224,04:55:30.224,bitmex,AEVO/USDT:USDT,0.1079,191.0,0.1069,58.0,0.109,329.0,0.1098,27.0
1753592130274,04:55:30.274,bitmex,AEVO/USDT:USDT,0.1079,191.0,0.1069,58.0,0.109,329.0,0.1098,27.0
1753592131396,04:55:31.396,bitmex,AEVO/USDT:USDT,0.1079,242.0,0.1068,452.0,0.109,329.0,0.1098,27.0
1753592132487,04:55:32.487,bitmex,AEVO/USDT:USDT,0.1079,242.0,0.1068,452.0,0.109,329.0,0.1098,27.0
1753592132546,04:55:32.546,bitmex,AEVO/USDT:USDT,0.1079,242.0,0.1068,452.0,0.109,329.0,0.1098,27.0
1753592133747,04:55:33.747,bitmex,AEVO/USDT:USDT,0.1079,242.0,0.1068,452.0,0.109,329.0,0.1098,27.0
1753592133797,04:55:33.797,bitmex,AEVO/USDT:USDT,0.1079,242.0,0.1068,452.0,0.109,329.0,0.1098,27.0
1753592134978,04:55:34.978,bitmex,AEVO/USDT:USDT,0.1079,242.0,0.1068,452.0,0.109,329.0,0.1098,27.0
1753592135027,04:55:35.027,bitmex,AEVO/USDT:USDT,0.1079,242.0,0.1068,452.0,0.109,329.0,0.1098,27.0
1753592136254,04:55:36.254,bitmex,AEVO/USDT:USDT,0.1079,242.0,0.1068,452.0,0.109,329.0,0.1098,27.0
1753592136303,04:55:36.303,bitmex,AEVO/USDT:USDT,0.1079,242.0,0.1068,452.0,0.109,329.0,0.1098,27.0
1753592137313,04:55:37.313,bitmex,AEVO/USDT:USDT,0.1079,242.0,0.1068,452.0,0.109,329.0,0.1098,27.0
1753592137363,04:55:37.363,bitmex,AEVO/USDT:USDT,0.1079,242.0,0.1068,452.0,0.109,329.0,0.1098,27.0
1753592138447,04:55:38.447,bitmex,AEVO/USDT:USDT,0.1079,242.0,0.1068,452.0,0.109,329.0,0.1098,27.0
1753592138497,04:55:38.497,bitmex,AEVO/USDT:USDT,0.1079,242.0,0.1068,452.0,0.109,329.0,0.1098,27.0
1753592139594,04:55:39.594,bitmex,AEVO/USDT:USDT,0.1079,242.0,0.1068,452.0,0.109,329.0,0.1098,27.0
1753592139643,04:55:39.643,bitmex,AEVO/USDT:USDT,0.1079,242.0,0.1068,452.0,0.109,329.0,0.1098,27.0
1753592140159,04:55:40.159,bitmex,AEVO/USDT:USDT,0.1079,306.0,0.1068,452.0,0.109,329.0,0.1098,27.0
1753592140209,04:55:40.209,bitmex,AEVO/USDT:USDT,0.1079,255.0,0.1068,452.0,0.109,329.0,0.1098,27.0
1753592140841,04:55:40.841,bitmex,AEVO/USDT:USDT,0.1079,255.0,0.1068,452.0,0.109,329.0,0.1098,27.0
1753592140890,04:55:40.890,bitmex,AEVO/USDT:USDT,0.1079,255.0,0.1068,452.0,0.109,329.0,0.1098,27.0
1753592142218,04:55:42.218,bitmex,AEVO/USDT:USDT,0.1079,255.0,0.1068,452.0,0.109,329.0,0.1098,27.0
1753592144277,04:55:44.277,bitmex,AEVO/USDT:USDT,0.1079,255.0,0.1068,452.0,0.109,329.0,0.1098,27.0
1753592144326,04:55:44.326,bitmex,AEVO/USDT:USDT,0.1079,255.0,0.1068,452.0,0.109,329.0,0.1098,27.0
1753592145619,04:55:45.619,bitmex,AEVO/USDT:USDT,0.1079,255.0,0.1068,452.0,0.109,329.0,0.1098,27.0
1753592145668,04:55:45.668,bitmex,AEVO/USDT:USDT,0.1079,255.0,0.1068,452.0,0.109,329.0,0.1098,27.0
1753592146582,04:55:46.582,bitmex,AEVO/USDT:USDT,0.1079,255.0,0.1068,451.0,0.109,329.0,0.1098,27.0
1753592146675,04:55:46.675,bitmex,AEVO/USDT:USDT,0.1079,255.0,0.1068,451.0,0.109,329.0,0.1098,27.0
1753592147767,04:55:47.767,bitmex,AEVO/USDT:USDT,0.1079,255.0,0.1068,451.0,0.109,329.0,0.1098,27.0
1753592147817,04:55:47.817,bitmex,AEVO/USDT:USDT,0.1079,255.0,0.1068,451.0,0.109,329.0,0.1098,27.0
1753592149807,04:55:49.807,bitmex,AEVO/USDT:USDT,0.1079,255.0,0.1068,451.0,0.109,329.0,0.1098,27.0
1753592149857,04:55:49.857,bitmex,AEVO/USDT:USDT,0.1079,255.0,0.1068,451.0,0.109,329.0,0.1098,27.0
1753592150303,04:55:50.303,bitmex,AEVO/USDT:USDT,0.1079,255.0,0.1068,451.0,0.109,329.0,0.1098,27.0
1753592152185,04:55:52.185,bitmex,AEVO/USDT:USDT,0.1079,255.0,0.1068,451.0,0.109,329.0,0.1098,27.0
1753592152235,04:55:52.235,bitmex,AEVO/USDT:USDT,0.1079,255.0,0.1068,451.0,0.109,329.0,0.1098,27.0
1753592152748,04:55:52.748,bitmex,AEVO/USDT:USDT,0.1079,255.0,0.1068,451.0,0.109,329.0,0.1098,27.0
1753592153713,04:55:53.713,bitmex,AEVO/USDT:USDT,0.1079,255.0,0.1068,451.0,0.109,329.0,0.1098,27.0
1753592153763,04:55:53.763,bitmex,AEVO/USDT:USDT,0.1079,255.0,0.1068,451.0,0.109,329.0,0.1098,27.0
1753592154814,04:55:54.814,bitmex,AEVO/USDT:USDT,0.1079,255.0,0.1068,451.0,0.109,329.0,0.1098,27.0
1753592154864,04:55:54.864,bitmex,AEVO/USDT:USDT,0.1079,255.0,0.1068,451.0,0.109,329.0,0.1098,27.0
1753592156133,04:55:56.133,bitmex,AEVO/USDT:USDT,0.1079,255.0,0.1068,451.0,0.109,329.0,0.1098,27.0
1753592158678,04:55:58.678,bitmex,AEVO/USDT:USDT,0.1079,255.0,0.1068,451.0,0.109,329.0,0.1098,27.0
1753592158728,04:55:58.728,bitmex,AEVO/USDT:USDT,0.1079,255.0,0.1068,451.0,0.109,329.0,0.1098,27.0
1753592159565,04:55:59.565,bitmex,AEVO/USDT:USDT,0.108,191.0,0.1079,64.0,0.109,329.0,0.1098,27.0
1753592159615,04:55:59.615,bitmex,AEVO/USDT:USDT,0.108,191.0,0.1079,64.0,0.109,137.0,0.1091,197.0
1753592159664,04:55:59.664,bitmex,AEVO/USDT:USDT,0.108,191.0,0.1079,64.0,0.109,137.0,0.1091,197.0
1753592159934,04:55:59.934,bitmex,AEVO/USDT:USDT,0.108,191.0,0.1068,451.0,0.109,137.0,0.1091,197.0
1753592159984,04:55:59.984,bitmex,AEVO/USDT:USDT,0.108,261.0,0.1068,451.0,0.109,137.0,0.1091,197.0
1753592160738,04:56:00.738,bitmex,AEVO/USDT:USDT,0.108,261.0,0.1068,451.0,0.109,137.0,0.1091,197.0
1753592160788,04:56:00.788,bitmex,AEVO/USDT:USDT,0.108,261.0,0.1068,451.0,0.109,137.0,0.1091,197.0
1753592161841,04:56:01.841,bitmex,AEVO/USDT:USDT,0.108,261.0,0.1069,434.0,0.109,137.0,0.1091,197.0
1753592161891,04:56:01.891,bitmex,AEVO/USDT:USDT,0.108,261.0,0.1069,434.0,0.109,137.0,0.1091,197.0
1753592163147,04:56:03.147,bitmex,AEVO/USDT:USDT,0.108,261.0,0.1069,434.0,0.109,137.0,0.1091,197.0
1753592163196,04:56:03.196,bitmex,AEVO/USDT:USDT,0.108,261.0,0.1069,434.0,0.109,137.0,0.1091,197.0
1753592164557,04:56:04.557,bitmex,AEVO/USDT:USDT,0.108,261.0,0.1069,434.0,0.109,137.0,0.1091,197.0
1753592164607,04:56:04.607,bitmex,AEVO/USDT:USDT,0.108,261.0,0.1069,434.0,0.109,137.0,0.1091,197.0
1753592165423,04:56:05.423,bitmex,AEVO/USDT:USDT,0.108,261.0,0.1069,434.0,0.109,137.0,0.1091,197.0
1753592165472,04:56:05.472,bitmex,AEVO/USDT:USDT,0.108,261.0,0.1069,434.0,0.109,137.0,0.1091,197.0
1753592166537,04:56:06.537,bitmex,AEVO/USDT:USDT,0.108,261.0,0.1069,434.0,0.109,137.0,0.1091,197.0
1753592166596,04:56:06.596,bitmex,AEVO/USDT:USDT,0.108,261.0,0.1069,434.0,0.109,137.0,0.1091,197.0
1753592167093,04:56:07.093,bitmex,AEVO/USDT:USDT,0.108,261.0,0.1069,434.0,0.1091,197.0,0.1098,27.0
1753592167775,04:56:07.775,bitmex,AEVO/USDT:USDT,0.108,261.0,0.1069,434.0,0.1091,197.0,0.1098,27.0
1753592167824,04:56:07.824,bitmex,AEVO/USDT:USDT,0.108,261.0,0.1069,434.0,0.1091,197.0,0.1098,27.0
1753592168934,04:56:08.934,bitmex,AEVO/USDT:USDT,0.108,261.0,0.1069,434.0,0.1091,197.0,0.1098,27.0
1753592168983,04:56:08.983,bitmex,AEVO/USDT:USDT,0.108,261.0,0.1069,434.0,0.1091,197.0,0.1098,27.0
1753592170271,04:56:10.271,bitmex,AEVO/USDT:USDT,0.108,261.0,0.1069,434.0,0.1091,197.0,0.1098,27.0
1753592170321,04:56:10.321,bitmex,AEVO/USDT:USDT,0.108,261.0,0.1069,434.0,0.1091,197.0,0.1098,27.0
1753592171211,04:56:11.211,bitmex,AEVO/USDT:USDT,0.108,261.0,0.1069,434.0,0.1091,197.0,0.1098,27.0
1753592171285,04:56:11.285,bitmex,AEVO/USDT:USDT,0.108,261.0,0.1069,434.0,0.1091,197.0,0.1098,27.0
1753592172006,04:56:12.006,bitmex,AEVO/USDT:USDT,0.108,261.0,0.1069,434.0,0.1091,334.0,0.1098,27.0
1753592172456,04:56:12.456,bitmex,AEVO/USDT:USDT,0.108,261.0,0.1069,434.0,0.1091,334.0,0.1098,27.0
1753592172523,04:56:12.523,bitmex,AEVO/USDT:USDT,0.108,261.0,0.1069,434.0,0.1091,334.0,0.1098,27.0
1753592173604,04:56:13.604,bitmex,AEVO/USDT:USDT,0.108,261.0,0.1069,434.0,0.1091,334.0,0.1098,27.0
1753592173675,04:56:13.675,bitmex,AEVO/USDT:USDT,0.108,261.0,0.1069,434.0,0.1091,334.0,0.1098,27.0
1753592174794,04:56:14.794,bitmex,AEVO/USDT:USDT,0.108,261.0,0.1069,434.0,0.1091,334.0,0.1098,27.0
1753592174843,04:56:14.843,bitmex,AEVO/USDT:USDT,0.108,261.0,0.1069,434.0,0.1091,334.0,0.1098,27.0
1753592176258,04:56:16.258,bitmex,AEVO/USDT:USDT,0.108,261.0,0.1069,434.0,0.1091,334.0,0.1098,27.0
1753592176308,04:56:16.308,bitmex,AEVO/USDT:USDT,0.108,261.0,0.1069,434.0,0.1091,334.0,0.1098,27.0
1753592177123,04:56:17.123,bitmex,AEVO/USDT:USDT,0.108,261.0,0.1069,441.0,0.1091,334.0,0.1098,27.0
1753592177173,04:56:17.173,bitmex,AEVO/USDT:USDT,0.108,261.0,0.1069,441.0,0.1091,334.0,0.1098,27.0
1753592178234,04:56:18.234,bitmex,AEVO/USDT:USDT,0.108,261.0,0.1069,441.0,0.1091,334.0,0.1098,27.0
1753592178284,04:56:18.284,bitmex,AEVO/USDT:USDT,0.108,261.0,0.1069,441.0,0.1091,334.0,0.1098,27.0
1753592179485,04:56:19.485,bitmex,AEVO/USDT:USDT,0.108,261.0,0.1069,441.0,0.1091,137.0,0.1098,27.0
1753592179535,04:56:19.535,bitmex,AEVO/USDT:USDT,0.108,70.0,0.1061,30.0,0.1091,137.0,0.1098,27.0
1753592180610,04:56:20.610,bitmex,AEVO/USDT:USDT,0.108,268.0,0.1061,30.0,0.1091,137.0,0.1098,27.0
1753592180660,04:56:20.660,bitmex,AEVO/USDT:USDT,0.108,268.0,0.1061,30.0,0.1091,343.0,0.1098,27.0
1753592180709,04:56:20.709,bitmex,AEVO/USDT:USDT,0.108,268.0,0.1061,30.0,0.1091,343.0,0.1098,27.0
1753592181926,04:56:21.926,bitmex,AEVO/USDT:USDT,0.108,268.0,0.1061,30.0,0.1091,343.0,0.1098,27.0
1753592181975,04:56:21.975,bitmex,AEVO/USDT:USDT,0.108,268.0,0.1061,30.0,0.1091,343.0,0.1098,27.0
1753592184525,04:56:24.525,bitmex,AEVO/USDT:USDT,0.108,268.0,0.1061,30.0,0.1091,343.0,0.1098,27.0
1753592184574,04:56:24.574,bitmex,AEVO/USDT:USDT,0.108,268.0,0.1061,30.0,0.1091,343.0,0.1098,27.0
1753592185445,04:56:25.445,bitmex,AEVO/USDT:USDT,0.108,268.0,0.1061,30.0,0.1091,343.0,0.1098,27.0
1753592185494,04:56:25.494,bitmex,AEVO/USDT:USDT,0.108,268.0,0.1061,30.0,0.1091,343.0,0.1098,27.0
1753592186702,04:56:26.702,bitmex,AEVO/USDT:USDT,0.108,268.0,0.1061,30.0,0.1091,343.0,0.1098,27.0
1753592186754,04:56:26.754,bitmex,AEVO/USDT:USDT,0.108,268.0,0.1061,30.0,0.1091,343.0,0.1098,27.0
1753592187858,04:56:27.858,bitmex,AEVO/USDT:USDT,0.108,268.0,0.1061,30.0,0.1091,343.0,0.1098,27.0
1753592187908,04:56:27.908,bitmex,AEVO/USDT:USDT,0.108,268.0,0.1061,30.0,0.1091,343.0,0.1098,27.0
1753592189094,04:56:29.094,bitmex,AEVO/USDT:USDT,0.108,268.0,0.1061,30.0,0.1091,343.0,0.1098,27.0
1753592189144,04:56:29.144,bitmex,AEVO/USDT:USDT,0.108,268.0,0.1061,30.0,0.1091,343.0,0.1098,27.0
1753592192244,04:56:32.244,bitmex,AEVO/USDT:USDT,0.108,268.0,0.1061,30.0,0.1091,343.0,0.1098,27.0
1753592192305,04:56:32.305,bitmex,AEVO/USDT:USDT,0.108,268.0,0.1061,30.0,0.1091,343.0,0.1098,27.0
1753592192928,04:56:32.928,bitmex,AEVO/USDT:USDT,0.108,268.0,0.1061,30.0,0.1091,343.0,0.1098,27.0
1753592192977,04:56:32.977,bitmex,AEVO/USDT:USDT,0.108,268.0,0.1061,30.0,0.1091,343.0,0.1098,27.0
1753592194258,04:56:34.258,bitmex,AEVO/USDT:USDT,0.108,268.0,0.1061,30.0,0.1091,343.0,0.1098,27.0
1753592194307,04:56:34.307,bitmex,AEVO/USDT:USDT,0.108,268.0,0.1069,453.0,0.1091,343.0,0.1098,27.0
1753592195307,04:56:35.307,bitmex,AEVO/USDT:USDT,0.108,268.0,0.1069,453.0,0.1091,343.0,0.1098,27.0
1753592195356,04:56:35.356,bitmex,AEVO/USDT:USDT,0.108,268.0,0.1069,453.0,0.1091,343.0,0.1098,27.0
1753592196494,04:56:36.494,bitmex,AEVO/USDT:USDT,0.108,268.0,0.1069,453.0,0.1091,343.0,0.1098,27.0
1753592196554,04:56:36.554,bitmex,AEVO/USDT:USDT,0.108,268.0,0.1069,453.0,0.1091,343.0,0.1098,27.0
1753592197704,04:56:37.704,bitmex,AEVO/USDT:USDT,0.108,268.0,0.1069,453.0,0.1091,343.0,0.1098,27.0
1753592197754,04:56:37.754,bitmex,AEVO/USDT:USDT,0.108,268.0,0.1069,453.0,0.1091,343.0,0.1098,27.0
1753592198927,04:56:38.927,bitmex,AEVO/USDT:USDT,0.108,268.0,0.1069,453.0,0.1091,343.0,0.1098,27.0
1753592198976,04:56:38.976,bitmex,AEVO/USDT:USDT,0.108,268.0,0.1069,453.0,0.1091,343.0,0.1098,27.0
1753592200555,04:56:40.555,bitmex,AEVO/USDT:USDT,0.108,268.0,0.1069,453.0,0.1091,343.0,0.1098,27.0
1753592201561,04:56:41.561,bitmex,AEVO/USDT:USDT,0.1081,260.0,0.1069,453.0,0.1091,137.0,0.1092,209.0
1753592203035,04:56:43.035,bitmex,AEVO/USDT:USDT,0.1081,260.0,0.1069,453.0,0.1091,137.0,0.1092,209.0
1753592203085,04:56:43.085,bitmex,AEVO/USDT:USDT,0.1081,260.0,0.1069,453.0,0.1091,137.0,0.1092,209.0
1753592204228,04:56:44.228,bitmex,AEVO/USDT:USDT,0.1081,260.0,0.1069,453.0,0.1091,137.0,0.1092,209.0
1753592204278,04:56:44.278,bitmex,AEVO/USDT:USDT,0.1081,260.0,0.1069,453.0,0.1091,137.0,0.1092,209.0
1753592206220,04:56:46.220,bitmex,AEVO/USDT:USDT,0.1081,260.0,0.1069,453.0,0.1091,137.0,0.1092,209.0
1753592207722,04:56:47.722,bitmex,AEVO/USDT:USDT,0.1081,260.0,0.1069,453.0,0.1091,137.0,0.1092,209.0
1753592207825,04:56:47.825,bitmex,AEVO/USDT:USDT,0.1081,260.0,0.1069,453.0,0.1091,137.0,0.1092,209.0
1753592208640,04:56:48.640,bitmex,AEVO/USDT:USDT,0.1081,260.0,0.1061,30.0,0.1091,137.0,0.1092,209.0
1753592208690,04:56:48.690,bitmex,AEVO/USDT:USDT,0.1081,260.0,0.1061,30.0,0.1091,137.0,0.1092,209.0
1753592209695,04:56:49.695,bitmex,AEVO/USDT:USDT,0.1081,260.0,0.1061,30.0,0.1091,137.0,0.1092,209.0
1753592209745,04:56:49.745,bitmex,AEVO/USDT:USDT,0.1081,260.0,0.1061,30.0,0.1091,137.0,0.1092,209.0
1753592210886,04:56:50.886,bitmex,AEVO/USDT:USDT,0.1081,260.0,0.1061,30.0,0.1091,137.0,0.1092,209.0
1753592210935,04:56:50.935,bitmex,AEVO/USDT:USDT,0.1081,260.0,0.107,464.0,0.1091,137.0,0.1092,209.0
1753592212045,04:56:52.045,bitmex,AEVO/USDT:USDT,0.1081,260.0,0.107,464.0,0.1091,137.0,0.1092,209.0
1753592212094,04:56:52.094,bitmex,AEVO/USDT:USDT,0.1081,260.0,0.107,464.0,0.1091,137.0,0.1092,209.0
1753592213228,04:56:53.228,bitmex,AEVO/USDT:USDT,0.1081,260.0,0.107,464.0,0.1091,137.0,0.1092,209.0
1753592213278,04:56:53.278,bitmex,AEVO/USDT:USDT,0.1081,260.0,0.107,464.0,0.1091,137.0,0.1092,209.0
1753592214445,04:56:54.445,bitmex,AEVO/USDT:USDT,0.1081,260.0,0.107,464.0,0.1091,137.0,0.1092,209.0
1753592214495,04:56:54.495,bitmex,AEVO/USDT:USDT,0.1081,260.0,0.107,464.0,0.1091,137.0,0.1092,209.0
1753592215575,04:56:55.575,bitmex,AEVO/USDT:USDT,0.1081,260.0,0.107,464.0,0.1091,137.0,0.1092,209.0
1753592215625,04:56:55.625,bitmex,AEVO/USDT:USDT,0.1081,260.0,0.107,464.0,0.1091,137.0,0.1092,209.0
1753592216784,04:56:56.784,bitmex,AEVO/USDT:USDT,0.1081,260.0,0.107,464.0,0.1091,137.0,0.1092,209.0
1753592216833,04:56:56.833,bitmex,AEVO/USDT:USDT,0.1081,260.0,0.107,464.0,0.1091,137.0,0.1092,209.0
1753592218719,04:56:58.719,bitmex,AEVO/USDT:USDT,0.1081,260.0,0.107,464.0,0.1091,137.0,0.1092,209.0
1753592218769,04:56:58.769,bitmex,AEVO/USDT:USDT,0.1081,260.0,0.107,464.0,0.1091,137.0,0.1092,209.0
1753592219464,04:56:59.464,bitmex,AEVO/USDT:USDT,0.1081,260.0,0.107,464.0,0.1091,137.0,0.1092,209.0
1753592219538,04:56:59.538,bitmex,AEVO/USDT:USDT,0.1081,260.0,0.107,464.0,0.1091,137.0,0.1092,209.0
1753592220801,04:57:00.801,bitmex,AEVO/USDT:USDT,0.1081,69.0,0.108,191.0,0.1091,137.0,0.1092,209.0
1753592220851,04:57:00.851,bitmex,AEVO/USDT:USDT,0.1081,69.0,0.108,191.0,0.1091,137.0,0.1092,209.0
1753592220900,04:57:00.900,bitmex,AEVO/USDT:USDT,0.1081,69.0,0.108,191.0,0.1091,332.0,0.1098,27.0
1753592221746,04:57:01.746,bitmex,AEVO/USDT:USDT,0.1081,69.0,0.108,191.0,0.1091,332.0,0.1098,27.0
1753592221807,04:57:01.807,bitmex,AEVO/USDT:USDT,0.1081,69.0,0.108,191.0,0.1091,332.0,0.1098,27.0
1753592223166,04:57:03.166,bitmex,AEVO/USDT:USDT,0.1081,69.0,0.108,191.0,0.1091,332.0,0.1098,27.0
1753592223216,04:57:03.216,bitmex,AEVO/USDT:USDT,0.1081,69.0,0.108,191.0,0.1091,332.0,0.1098,27.0
1753592224397,04:57:04.397,bitmex,AEVO/USDT:USDT,0.1081,69.0,0.1079,200.0,0.1091,332.0,0.1098,27.0
1753592224455,04:57:04.455,bitmex,AEVO/USDT:USDT,0.1081,69.0,0.1079,200.0,0.1091,332.0,0.1098,27.0
1753592224505,04:57:04.505,bitmex,AEVO/USDT:USDT,0.1081,69.0,0.1079,200.0,0.109,205.0,0.1091,137.0
1753592225180,04:57:05.180,bitmex,AEVO/USDT:USDT,0.1081,69.0,0.108,69.0,0.109,205.0,0.1091,137.0
1753592225230,04:57:05.230,bitmex,AEVO/USDT:USDT,0.1079,200.0,0.1071,69.0,0.109,205.0,0.1091,137.0
1753592225588,04:57:05.588,bitmex,AEVO/USDT:USDT,0.1079,200.0,0.1071,69.0,0.109,205.0,0.1091,137.0
1753592225637,04:57:05.637,bitmex,AEVO/USDT:USDT,0.1079,200.0,0.1071,69.0,0.109,205.0,0.1091,137.0
1753592226568,04:57:06.568,bitmex,AEVO/USDT:USDT,0.1079,200.0,0.1071,69.0,0.109,205.0,0.1091,137.0
1753592226618,04:57:06.618,bitmex,AEVO/USDT:USDT,0.108,208.0,0.1071,69.0,0.1091,336.0,0.1098,27.0
1753592227795,04:57:07.795,bitmex,AEVO/USDT:USDT,0.108,208.0,0.1071,69.0,0.1091,336.0,0.1098,27.0
1753592227845,04:57:07.845,bitmex,AEVO/USDT:USDT,0.108,208.0,0.1071,69.0,0.1091,336.0,0.1098,27.0
1753592228835,04:57:08.835,bitmex,AEVO/USDT:USDT,0.108,208.0,0.1071,69.0,0.1091,336.0,0.1098,27.0
1753592228885,04:57:08.885,bitmex,AEVO/USDT:USDT,0.108,208.0,0.1071,69.0,0.1091,336.0,0.1098,27.0
1753592230157,04:57:10.157,bitmex,AEVO/USDT:USDT,0.108,208.0,0.1071,125.0,0.1091,336.0,0.1098,27.0
1753592230206,04:57:10.206,bitmex,AEVO/USDT:USDT,0.108,208.0,0.1071,56.0,0.1091,336.0,0.1098,27.0
1753592230736,04:57:10.736,bitmex,AEVO/USDT:USDT,0.108,208.0,0.1071,56.0,0.1091,336.0,0.1098,27.0
1753592230785,04:57:10.785,bitmex,AEVO/USDT:USDT,0.108,208.0,0.1071,56.0,0.1091,336.0,0.1098,27.0
1753592231536,04:57:11.536,bitmex,AEVO/USDT:USDT,0.108,208.0,0.1071,56.0,0.1091,336.0,0.1098,27.0
1753592231585,04:57:11.585,bitmex,AEVO/USDT:USDT,0.108,208.0,0.1071,56.0,0.1091,336.0,0.1098,27.0
1753592232783,04:57:12.783,bitmex,AEVO/USDT:USDT,0.108,208.0,0.1071,56.0,0.1091,336.0,0.1098,27.0
1753592232833,04:57:12.833,bitmex,AEVO/USDT:USDT,0.108,208.0,0.1071,56.0,0.1091,336.0,0.1098,27.0
1753592233821,04:57:13.821,bitmex,AEVO/USDT:USDT,0.108,208.0,0.1071,56.0,0.1091,336.0,0.1098,27.0
1753592233871,04:57:13.871,bitmex,AEVO/USDT:USDT,0.108,208.0,0.1071,56.0,0.1091,336.0,0.1098,27.0
1753592235304,04:57:15.304,bitmex,AEVO/USDT:USDT,0.108,208.0,0.1071,56.0,0.1091,336.0,0.1098,27.0
1753592235375,04:57:15.375,bitmex,AEVO/USDT:USDT,0.108,208.0,0.1071,56.0,0.1091,336.0,0.1098,27.0
1753592236159,04:57:16.159,bitmex,AEVO/USDT:USDT,0.108,208.0,0.1071,56.0,0.1091,336.0,0.1098,27.0
1753592236209,04:57:16.209,bitmex,AEVO/USDT:USDT,0.108,208.0,0.1071,56.0,0.1091,336.0,0.1098,27.0
1753592237346,04:57:17.346,bitmex,AEVO/USDT:USDT,0.108,208.0,0.1071,56.0,0.1091,336.0,0.1098,27.0
1753592237401,04:57:17.401,bitmex,AEVO/USDT:USDT,0.108,208.0,0.1071,56.0,0.1091,336.0,0.1098,27.0
1753592238455,04:57:18.455,bitmex,AEVO/USDT:USDT,0.108,208.0,0.1071,56.0,0.1091,336.0,0.1098,27.0
1753592238504,04:57:18.504,bitmex,AEVO/USDT:USDT,0.108,208.0,0.1071,56.0,0.1091,336.0,0.1098,27.0
1753592239744,04:57:19.744,bitmex,AEVO/USDT:USDT,0.108,208.0,0.1071,56.0,0.1091,336.0,0.1098,27.0
1753592239794,04:57:19.794,bitmex,AEVO/USDT:USDT,0.108,208.0,0.1071,56.0,0.1091,336.0,0.1098,27.0
1753592240955,04:57:20.955,bitmex,AEVO/USDT:USDT,0.108,208.0,0.1071,56.0,0.1091,336.0,0.1098,27.0
1753592241005,04:57:21.005,bitmex,AEVO/USDT:USDT,0.108,208.0,0.1071,56.0,0.1091,336.0,0.1098,27.0
1753592242116,04:57:22.116,bitmex,AEVO/USDT:USDT,0.108,208.0,0.1071,56.0,0.1091,336.0,0.1098,27.0
1753592242175,04:57:22.175,bitmex,AEVO/USDT:USDT,0.108,208.0,0.1071,56.0,0.1091,336.0,0.1098,27.0
1753592243136,04:57:23.136,bitmex,AEVO/USDT:USDT,0.108,208.0,0.1071,56.0,0.1091,336.0,0.1098,27.0
1753592243194,04:57:23.194,bitmex,AEVO/USDT:USDT,0.108,208.0,0.1071,56.0,0.1091,336.0,0.1098,27.0
1753592244392,04:57:24.392,bitmex,AEVO/USDT:USDT,0.108,208.0,0.1071,56.0,0.1091,336.0,0.1098,27.0
1753592244441,04:57:24.441,bitmex,AEVO/USDT:USDT,0.108,208.0,0.1071,56.0,0.1091,336.0,0.1098,27.0
1753592245685,04:57:25.685,bitmex,AEVO/USDT:USDT,0.108,208.0,0.1071,56.0,0.1091,336.0,0.1098,27.0
1753592245745,04:57:25.745,bitmex,AEVO/USDT:USDT,0.108,208.0,0.1071,56.0,0.1091,336.0,0.1098,27.0
1753592246883,04:57:26.883,bitmex,AEVO/USDT:USDT,0.108,208.0,0.1071,56.0,0.1091,336.0,0.1098,27.0
1753592246953,04:57:26.953,bitmex,AEVO/USDT:USDT,0.108,208.0,0.1071,56.0,0.1091,336.0,0.1098,27.0
1753592247983,04:57:27.983,bitmex,AEVO/USDT:USDT,0.108,208.0,0.1071,56.0,0.1091,336.0,0.1098,27.0
1753592248033,04:57:28.033,bitmex,AEVO/USDT:USDT,0.108,208.0,0.1071,56.0,0.1091,336.0,0.1098,27.0
1753592249153,04:57:29.153,bitmex,AEVO/USDT:USDT,0.108,208.0,0.1071,56.0,0.1091,336.0,0.1098,27.0
1753592249203,04:57:29.203,bitmex,AEVO/USDT:USDT,0.108,208.0,0.1071,56.0,0.1091,336.0,0.1098,27.0
1753592250325,04:57:30.325,bitmex,AEVO/USDT:USDT,0.108,208.0,0.1071,56.0,0.1091,336.0,0.1098,27.0
1753592250375,04:57:30.375,bitmex,AEVO/USDT:USDT,0.1079,197.0,0.1071,56.0,0.109,196.0,0.1091,137.0
1753592251639,04:57:31.639,bitmex,AEVO/USDT:USDT,0.1079,197.0,0.1071,56.0,0.109,196.0,0.1091,137.0
1753592251689,04:57:31.689,bitmex,AEVO/USDT:USDT,0.1079,197.0,0.1071,56.0,0.109,196.0,0.1091,137.0
1753592252683,04:57:32.683,bitmex,AEVO/USDT:USDT,0.1079,197.0,0.1071,56.0,0.109,196.0,0.1091,137.0
1753592252735,04:57:32.735,bitmex,AEVO/USDT:USDT,0.1079,197.0,0.1071,56.0,0.109,196.0,0.1091,137.0
1753592253855,04:57:33.855,bitmex,AEVO/USDT:USDT,0.1079,197.0,0.1071,56.0,0.1091,330.0,0.1098,27.0
1753592253904,04:57:33.904,bitmex,AEVO/USDT:USDT,0.108,191.0,0.107,52.0,0.1091,330.0,0.1098,27.0
1753592255036,04:57:35.036,bitmex,AEVO/USDT:USDT,0.108,191.0,0.107,52.0,0.1091,330.0,0.1098,27.0
1753592255086,04:57:35.086,bitmex,AEVO/USDT:USDT,0.108,191.0,0.107,52.0,0.1091,330.0,0.1098,27.0
1753592256194,04:57:36.194,bitmex,AEVO/USDT:USDT,0.108,191.0,0.107,52.0,0.1091,330.0,0.1098,27.0
1753592256243,04:57:36.243,bitmex,AEVO/USDT:USDT,0.108,191.0,0.107,52.0,0.1091,330.0,0.1098,27.0
1753592257475,04:57:37.475,bitmex,AEVO/USDT:USDT,0.108,191.0,0.107,52.0,0.1091,330.0,0.1098,27.0
1753592257524,04:57:37.524,bitmex,AEVO/USDT:USDT,0.108,191.0,0.107,52.0,0.1091,330.0,0.1098,27.0
1753592258611,04:57:38.611,bitmex,AEVO/USDT:USDT,0.108,191.0,0.107,52.0,0.1091,330.0,0.1098,27.0
1753592258660,04:57:38.660,bitmex,AEVO/USDT:USDT,0.108,191.0,0.107,52.0,0.1091,330.0,0.1098,27.0
1753592259734,04:57:39.734,bitmex,AEVO/USDT:USDT,0.108,191.0,0.107,52.0,0.1091,330.0,0.1098,27.0
1753592259784,04:57:39.784,bitmex,AEVO/USDT:USDT,0.108,191.0,0.107,52.0,0.1091,330.0,0.1098,27.0
1753592260909,04:57:40.909,bitmex,AEVO/USDT:USDT,0.108,191.0,0.107,52.0,0.1091,330.0,0.1098,27.0
1753592260958,04:57:40.958,bitmex,AEVO/USDT:USDT,0.108,191.0,0.107,52.0,0.1091,330.0,0.1098,27.0
1753592262074,04:57:42.074,bitmex,AEVO/USDT:USDT,0.108,191.0,0.107,52.0,0.1091,330.0,0.1098,27.0
1753592262124,04:57:42.124,bitmex,AEVO/USDT:USDT,0.108,191.0,0.107,52.0,0.1091,330.0,0.1098,27.0
1753592263410,04:57:43.410,bitmex,AEVO/USDT:USDT,0.108,191.0,0.107,52.0,0.1091,330.0,0.1098,27.0
1753592263459,04:57:43.459,bitmex,AEVO/USDT:USDT,0.108,191.0,0.107,52.0,0.1091,330.0,0.1098,27.0
1753592264494,04:57:44.494,bitmex,AEVO/USDT:USDT,0.108,191.0,0.107,52.0,0.1091,330.0,0.1098,27.0
1753592264543,04:57:44.543,bitmex,AEVO/USDT:USDT,0.108,191.0,0.107,52.0,0.1091,330.0,0.1098,27.0
1753592265604,04:57:45.604,bitmex,AEVO/USDT:USDT,0.108,191.0,0.107,52.0,0.1091,330.0,0.1098,27.0
1753592265654,04:57:45.654,bitmex,AEVO/USDT:USDT,0.108,191.0,0.107,52.0,0.1091,330.0,0.1098,27.0
1753592266772,04:57:46.772,bitmex,AEVO/USDT:USDT,0.108,191.0,0.107,52.0,0.1091,330.0,0.1098,27.0
1753592266821,04:57:46.821,bitmex,AEVO/USDT:USDT,0.108,191.0,0.107,52.0,0.1091,330.0,0.1098,27.0
1753592267945,04:57:47.945,bitmex,AEVO/USDT:USDT,0.108,191.0,0.107,52.0,0.1091,330.0,0.1098,27.0
1753592267994,04:57:47.994,bitmex,AEVO/USDT:USDT,0.108,191.0,0.107,52.0,0.1091,330.0,0.1098,27.0
1753592269305,04:57:49.305,bitmex,AEVO/USDT:USDT,0.108,191.0,0.107,52.0,0.1091,330.0,0.1098,27.0
1753592269355,04:57:49.355,bitmex,AEVO/USDT:USDT,0.108,191.0,0.107,52.0,0.1091,330.0,0.1098,27.0
1753592270397,04:57:50.397,bitmex,AEVO/USDT:USDT,0.108,191.0,0.107,52.0,0.1091,330.0,0.1098,27.0
1753592270447,04:57:50.447,bitmex,AEVO/USDT:USDT,0.108,191.0,0.107,52.0,0.1091,330.0,0.1098,27.0
1753592271464,04:57:51.464,bitmex,AEVO/USDT:USDT,0.108,191.0,0.107,52.0,0.1091,330.0,0.1098,27.0
1753592271513,04:57:51.513,bitmex,AEVO/USDT:USDT,0.108,191.0,0.107,52.0,0.1091,330.0,0.1098,27.0
1753592272633,04:57:52.633,bitmex,AEVO/USDT:USDT,0.108,191.0,0.107,52.0,0.1091,330.0,0.1098,27.0
1753592274972,04:57:54.972,bitmex,AEVO/USDT:USDT,0.108,191.0,0.107,52.0,0.1091,330.0,0.1098,27.0
1753592276246,04:57:56.246,bitmex,AEVO/USDT:USDT,0.108,191.0,0.107,52.0,0.1091,330.0,0.1098,27.0
1753592276325,04:57:56.325,bitmex,AEVO/USDT:USDT,0.108,191.0,0.107,52.0,0.1091,330.0,0.1098,27.0
1753592277375,04:57:57.375,bitmex,AEVO/USDT:USDT,0.108,191.0,0.107,52.0,0.1091,330.0,0.1098,27.0
1753592277424,04:57:57.424,bitmex,AEVO/USDT:USDT,0.108,191.0,0.107,52.0,0.1091,330.0,0.1098,27.0
1753592278510,04:57:58.510,bitmex,AEVO/USDT:USDT,0.108,191.0,0.107,52.0,0.1091,330.0,0.1098,27.0
1753592279677,04:57:59.677,bitmex,AEVO/USDT:USDT,0.108,191.0,0.107,52.0,0.1091,330.0,0.1098,27.0
1753592279727,04:57:59.727,bitmex,AEVO/USDT:USDT,0.108,191.0,0.107,52.0,0.1091,330.0,0.1098,27.0
1753592280849,04:58:00.849,bitmex,AEVO/USDT:USDT,0.108,191.0,0.107,52.0,0.1091,330.0,0.1098,27.0
1753592280898,04:58:00.898,bitmex,AEVO/USDT:USDT,0.108,191.0,0.107,52.0,0.1091,330.0,0.1098,27.0
1753592282314,04:58:02.314,bitmex,AEVO/USDT:USDT,0.1079,205.0,0.107,52.0,0.1091,330.0,0.1098,27.0
1753592282364,04:58:02.364,bitmex,AEVO/USDT:USDT,0.1079,205.0,0.107,52.0,0.109,190.0,0.1091,137.0
1753592282413,04:58:02.413,bitmex,AEVO/USDT:USDT,0.1079,205.0,0.107,52.0,0.109,190.0,0.1091,137.0
1753592283215,04:58:03.215,bitmex,AEVO/USDT:USDT,0.1079,205.0,0.107,52.0,0.109,190.0,0.1091,137.0
1753592283265,04:58:03.265,bitmex,AEVO/USDT:USDT,0.1079,205.0,0.107,52.0,0.109,190.0,0.1091,137.0
1753592284426,04:58:04.426,bitmex,AEVO/USDT:USDT,0.1079,205.0,0.107,52.0,0.109,190.0,0.1091,137.0
1753592285534,04:58:05.534,bitmex,AEVO/USDT:USDT,0.108,195.0,0.107,52.0,0.109,190.0,0.1091,137.0
1753592285584,04:58:05.584,bitmex,AEVO/USDT:USDT,0.108,195.0,0.107,52.0,0.1091,328.0,0.1098,27.0
1753592285633,04:58:05.633,bitmex,AEVO/USDT:USDT,0.108,195.0,0.107,52.0,0.1091,328.0,0.1098,27.0
1753592287355,04:58:07.355,bitmex,AEVO/USDT:USDT,0.108,245.0,0.107,52.0,0.1091,328.0,0.1098,27.0
1753592287404,04:58:07.404,bitmex,AEVO/USDT:USDT,0.108,245.0,0.1069,453.0,0.1091,328.0,0.1098,27.0
1753592287558,04:58:07.558,bitmex,AEVO/USDT:USDT,0.108,245.0,0.1069,453.0,0.1091,191.0,0.1098,27.0
1753592288005,04:58:08.005,bitmex,AEVO/USDT:USDT,0.108,245.0,0.1069,453.0,0.1091,191.0,0.1098,27.0
1753592288054,04:58:08.054,bitmex,AEVO/USDT:USDT,0.108,245.0,0.1069,452.0,0.1091,191.0,0.1098,27.0
1753592290194,04:58:10.194,bitmex,AEVO/USDT:USDT,0.108,245.0,0.1069,452.0,0.1091,191.0,0.1098,27.0
1753592290254,04:58:10.254,bitmex,AEVO/USDT:USDT,0.108,245.0,0.1069,452.0,0.1091,191.0,0.1098,27.0
1753592291045,04:58:11.045,bitmex,AEVO/USDT:USDT,0.108,245.0,0.1069,452.0,0.1091,191.0,0.1098,27.0
1753592291094,04:58:11.094,bitmex,AEVO/USDT:USDT,0.108,245.0,0.1069,452.0,0.1091,191.0,0.1098,27.0
1753592292209,04:58:12.209,bitmex,AEVO/USDT:USDT,0.108,245.0,0.1069,452.0,0.1091,191.0,0.1098,27.0
1753592292258,04:58:12.258,bitmex,AEVO/USDT:USDT,0.108,245.0,0.1069,452.0,0.1091,191.0,0.1098,27.0
1753592293263,04:58:13.263,bitmex,AEVO/USDT:USDT,0.108,245.0,0.1069,452.0,0.1091,191.0,0.1098,27.0
1753592293313,04:58:13.313,bitmex,AEVO/USDT:USDT,0.108,245.0,0.1069,452.0,0.1091,191.0,0.1098,27.0
1753592295124,04:58:15.124,bitmex,AEVO/USDT:USDT,0.108,245.0,0.1069,452.0,0.1091,191.0,0.1098,27.0
1753592295174,04:58:15.174,bitmex,AEVO/USDT:USDT,0.108,245.0,0.1069,452.0,0.1091,191.0,0.1098,27.0
1753592296034,04:58:16.034,bitmex,AEVO/USDT:USDT,0.108,245.0,0.1069,452.0,0.1091,191.0,0.1098,27.0
1753592296083,04:58:16.083,bitmex,AEVO/USDT:USDT,0.108,245.0,0.1069,452.0,0.1091,191.0,0.1098,27.0
1753592297195,04:58:17.195,bitmex,AEVO/USDT:USDT,0.108,245.0,0.1069,452.0,0.1091,191.0,0.1098,27.0
1753592297244,04:58:17.244,bitmex,AEVO/USDT:USDT,0.108,245.0,0.1069,452.0,0.1091,191.0,0.1098,27.0
1753592297293,04:58:17.293,bitmex,AEVO/USDT:USDT,0.108,245.0,0.1069,452.0,0.1091,328.0,0.1098,27.0
1753592298163,04:58:18.163,bitmex,AEVO/USDT:USDT,0.108,308.0,0.1069,452.0,0.1091,328.0,0.1098,27.0
1753592298212,04:58:18.212,bitmex,AEVO/USDT:USDT,0.108,258.0,0.1069,452.0,0.1091,328.0,0.1098,27.0
1753592298325,04:58:18.325,bitmex,AEVO/USDT:USDT,0.108,258.0,0.1069,452.0,0.1091,328.0,0.1098,27.0
1753592298374,04:58:18.374,bitmex,AEVO/USDT:USDT,0.108,258.0,0.1069,452.0,0.1091,328.0,0.1098,27.0
1753592300182,04:58:20.182,bitmex,AEVO/USDT:USDT,0.108,258.0,0.1069,452.0,0.1091,328.0,0.1098,27.0
1753592300245,04:58:20.245,bitmex,AEVO/USDT:USDT,0.108,258.0,0.1069,452.0,0.1091,328.0,0.1098,27.0
1753592301014,04:58:21.014,bitmex,AEVO/USDT:USDT,0.108,258.0,0.1069,452.0,0.1091,328.0,0.1098,27.0
1753592301063,04:58:21.063,bitmex,AEVO/USDT:USDT,0.108,258.0,0.1069,452.0,0.1091,328.0,0.1098,27.0
1753592302200,04:58:22.200,bitmex,AEVO/USDT:USDT,0.108,258.0,0.1069,452.0,0.1091,328.0,0.1098,27.0
1753592302249,04:58:22.249,bitmex,AEVO/USDT:USDT,0.108,258.0,0.1069,452.0,0.1091,328.0,0.1098,27.0
1753592303285,04:58:23.285,bitmex,AEVO/USDT:USDT,0.108,258.0,0.1069,452.0,0.1091,328.0,0.1098,27.0
1753592303335,04:58:23.335,bitmex,AEVO/USDT:USDT,0.108,258.0,0.1069,452.0,0.1091,328.0,0.1098,27.0
1753592304541,04:58:24.541,bitmex,AEVO/USDT:USDT,0.108,258.0,0.1069,447.0,0.1091,328.0,0.1098,27.0
1753592305778,04:58:25.778,bitmex,AEVO/USDT:USDT,0.108,258.0,0.1069,447.0,0.1091,328.0,0.1098,27.0
1753592306899,04:58:26.899,bitmex,AEVO/USDT:USDT,0.108,258.0,0.1069,447.0,0.1091,328.0,0.1098,27.0
1753592306948,04:58:26.948,bitmex,AEVO/USDT:USDT,0.108,258.0,0.1069,447.0,0.1091,328.0,0.1098,27.0
1753592308081,04:58:28.081,bitmex,AEVO/USDT:USDT,0.108,258.0,0.1069,447.0,0.1091,328.0,0.1098,27.0
1753592308131,04:58:28.131,bitmex,AEVO/USDT:USDT,0.108,258.0,0.1069,447.0,0.1091,328.0,0.1098,27.0
1753592309355,04:58:29.355,bitmex,AEVO/USDT:USDT,0.108,258.0,0.1069,447.0,0.1091,328.0,0.1098,27.0
1753592310404,04:58:30.404,bitmex,AEVO/USDT:USDT,0.108,258.0,0.1069,447.0,0.1091,328.0,0.1098,27.0
1753592311635,04:58:31.635,bitmex,AEVO/USDT:USDT,0.108,258.0,0.1069,447.0,0.1091,328.0,0.1098,27.0
1753592311684,04:58:31.684,bitmex,AEVO/USDT:USDT,0.108,258.0,0.1069,447.0,0.1091,328.0,0.1098,27.0
1753592312698,04:58:32.698,bitmex,AEVO/USDT:USDT,0.108,258.0,0.1069,447.0,0.1091,328.0,0.1098,27.0
1753592312748,04:58:32.748,bitmex,AEVO/USDT:USDT,0.108,258.0,0.1069,447.0,0.1091,328.0,0.1098,27.0
1753592313888,04:58:33.888,bitmex,AEVO/USDT:USDT,0.108,258.0,0.1069,447.0,0.1091,328.0,0.1098,27.0
1753592313937,04:58:33.937,bitmex,AEVO/USDT:USDT,0.108,258.0,0.1069,447.0,0.1091,328.0,0.1098,27.0
1753592315119,04:58:35.119,bitmex,AEVO/USDT:USDT,0.108,258.0,0.1069,447.0,0.1091,328.0,0.1098,27.0
1753592315169,04:58:35.169,bitmex,AEVO/USDT:USDT,0.108,258.0,0.1069,447.0,0.1091,328.0,0.1098,27.0
1753592316265,04:58:36.265,bitmex,AEVO/USDT:USDT,0.108,258.0,0.1069,447.0,0.1091,328.0,0.1098,27.0
1753592316315,04:58:36.315,bitmex,AEVO/USDT:USDT,0.108,258.0,0.1069,447.0,0.1091,328.0,0.1098,27.0
1753592317655,04:58:37.655,bitmex,AEVO/USDT:USDT,0.108,258.0,0.1069,447.0,0.1091,328.0,0.1098,27.0
1753592317705,04:58:37.705,bitmex,AEVO/USDT:USDT,0.108,258.0,0.1069,447.0,0.1091,328.0,0.1098,27.0
1753592318664,04:58:38.664,bitmex,AEVO/USDT:USDT,0.108,258.0,0.1069,447.0,0.1091,328.0,0.1098,27.0
1753592318714,04:58:38.714,bitmex,AEVO/USDT:USDT,0.108,258.0,0.1069,447.0,0.1091,328.0,0.1098,27.0
1753592319806,04:58:39.806,bitmex,AEVO/USDT:USDT,0.108,258.0,0.1069,438.0,0.1091,328.0,0.1098,27.0
1753592319855,04:58:39.855,bitmex,AEVO/USDT:USDT,0.108,258.0,0.1069,438.0,0.1091,328.0,0.1098,27.0
1753592320956,04:58:40.956,bitmex,AEVO/USDT:USDT,0.108,258.0,0.1069,438.0,0.1091,328.0,0.1098,27.0
1753592322107,04:58:42.107,bitmex,AEVO/USDT:USDT,0.108,258.0,0.1069,438.0,0.1091,328.0,0.1098,27.0
1753592322168,04:58:42.168,bitmex,AEVO/USDT:USDT,0.108,258.0,0.1069,438.0,0.1091,328.0,0.1098,27.0
1753592323593,04:58:43.593,bitmex,AEVO/USDT:USDT,0.108,258.0,0.1069,438.0,0.1091,328.0,0.1098,27.0
1753592323642,04:58:43.642,bitmex,AEVO/USDT:USDT,0.108,258.0,0.1069,438.0,0.1091,328.0,0.1098,27.0
1753592324577,04:58:44.577,bitmex,AEVO/USDT:USDT,0.108,258.0,0.1069,438.0,0.1091,328.0,0.1098,27.0
1753592324626,04:58:44.626,bitmex,AEVO/USDT:USDT,0.108,258.0,0.1069,438.0,0.1091,328.0,0.1098,27.0
1753592325695,04:58:45.695,bitmex,AEVO/USDT:USDT,0.108,258.0,0.1069,438.0,0.1091,328.0,0.1098,27.0
1753592326858,04:58:46.858,bitmex,AEVO/USDT:USDT,0.108,258.0,0.1069,438.0,0.1091,328.0,0.1098,27.0
1753592326908,04:58:46.908,bitmex,AEVO/USDT:USDT,0.108,258.0,0.1069,438.0,0.1091,328.0,0.1098,27.0
1753592330975,04:58:50.975,bitmex,AEVO/USDT:USDT,0.108,258.0,0.1069,438.0,0.1091,328.0,0.1098,27.0
1753592331024,04:58:51.024,bitmex,AEVO/USDT:USDT,0.108,258.0,0.1069,438.0,0.1091,328.0,0.1098,27.0
1753592332296,04:58:52.296,bitmex,AEVO/USDT:USDT,0.108,258.0,0.1069,438.0,0.1091,328.0,0.1098,27.0
1753592332345,04:58:52.345,bitmex,AEVO/USDT:USDT,0.108,258.0,0.1069,438.0,0.1091,328.0,0.1098,27.0
1753592333323,04:58:53.323,bitmex,AEVO/USDT:USDT,0.108,258.0,0.1069,438.0,0.1091,328.0,0.1098,27.0
1753592333389,04:58:53.389,bitmex,AEVO/USDT:USDT,0.108,258.0,0.1069,438.0,0.1091,328.0,0.1098,27.0
1753592334614,04:58:54.614,bitmex,AEVO/USDT:USDT,0.108,258.0,0.1069,438.0,0.1091,328.0,0.1098,27.0
1753592334663,04:58:54.663,bitmex,AEVO/USDT:USDT,0.108,258.0,0.1069,438.0,0.1091,328.0,0.1098,27.0
1753592336065,04:58:56.065,bitmex,AEVO/USDT:USDT,0.108,258.0,0.1069,455.0,0.1091,328.0,0.1098,27.0
1753592336115,04:58:56.115,bitmex,AEVO/USDT:USDT,0.108,258.0,0.1069,455.0,0.1091,328.0,0.1098,27.0
1753592337027,04:58:57.027,bitmex,AEVO/USDT:USDT,0.108,258.0,0.1069,455.0,0.1091,328.0,0.1098,27.0
1753592337106,04:58:57.106,bitmex,AEVO/USDT:USDT,0.108,258.0,0.1069,455.0,0.1091,328.0,0.1098,27.0
1753592338618,04:58:58.618,bitmex,AEVO/USDT:USDT,0.108,258.0,0.1069,455.0,0.1091,328.0,0.1098,27.0
1753592338668,04:58:58.668,bitmex,AEVO/USDT:USDT,0.108,258.0,0.1069,455.0,0.1091,328.0,0.1098,27.0
1753592339526,04:58:59.526,bitmex,AEVO/USDT:USDT,0.108,258.0,0.1069,455.0,0.1091,328.0,0.1098,27.0
1753592339575,04:58:59.575,bitmex,AEVO/USDT:USDT,0.108,258.0,0.1069,455.0,0.1091,328.0,0.1098,27.0
1753592340693,04:59:00.693,bitmex,AEVO/USDT:USDT,0.108,258.0,0.1069,455.0,0.1091,328.0,0.1098,27.0
1753592340743,04:59:00.743,bitmex,AEVO/USDT:USDT,0.108,258.0,0.1069,455.0,0.1091,328.0,0.1098,27.0
1753592341804,04:59:01.804,bitmex,AEVO/USDT:USDT,0.1081,205.0,0.108,63.0,0.1091,328.0,0.1098,27.0
1753592341912,04:59:01.912,bitmex,AEVO/USDT:USDT,0.1081,205.0,0.1069,455.0,0.1091,137.0,0.1092,199.0
1753592341961,04:59:01.961,bitmex,AEVO/USDT:USDT,0.1081,235.0,0.1069,455.0,0.1091,137.0,0.1092,199.0
1753592342825,04:59:02.825,bitmex,AEVO/USDT:USDT,0.1081,235.0,0.107,30.0,0.1091,137.0,0.1092,199.0
1753592342875,04:59:02.875,bitmex,AEVO/USDT:USDT,0.1081,205.0,0.107,30.0,0.1091,137.0,0.1092,199.0
1753592342983,04:59:02.983,bitmex,AEVO/USDT:USDT,0.1081,205.0,0.107,30.0,0.1091,137.0,0.1092,199.0
1753592343032,04:59:03.032,bitmex,AEVO/USDT:USDT,0.1081,205.0,0.107,30.0,0.1091,137.0,0.1092,199.0
1753592344094,04:59:04.094,bitmex,AEVO/USDT:USDT,0.108,198.0,0.107,30.0,0.1091,137.0,0.1092,199.0
1753592344148,04:59:04.148,bitmex,AEVO/USDT:USDT,0.108,198.0,0.107,30.0,0.1091,137.0,0.1092,199.0
1753592344198,04:59:04.198,bitmex,AEVO/USDT:USDT,0.108,198.0,0.107,30.0,0.1091,328.0,0.1098,27.0
1753592345334,04:59:05.334,bitmex,AEVO/USDT:USDT,0.108,198.0,0.107,30.0,0.1091,328.0,0.1098,27.0
1753592345394,04:59:05.394,bitmex,AEVO/USDT:USDT,0.108,198.0,0.107,30.0,0.1091,328.0,0.1098,27.0
1753592346438,04:59:06.438,bitmex,AEVO/USDT:USDT,0.108,198.0,0.107,30.0,0.1091,328.0,0.1098,27.0
1753592346487,04:59:06.487,bitmex,AEVO/USDT:USDT,0.108,198.0,0.107,30.0,0.1091,328.0,0.1098,27.0
1753592347627,04:59:07.627,bitmex,AEVO/USDT:USDT,0.108,198.0,0.107,30.0,0.1091,328.0,0.1098,27.0
1753592347677,04:59:07.677,bitmex,AEVO/USDT:USDT,0.108,198.0,0.107,30.0,0.1091,328.0,0.1098,27.0
1753592348785,04:59:08.785,bitmex,AEVO/USDT:USDT,0.108,198.0,0.107,30.0,0.1091,328.0,0.1098,27.0
1753592348834,04:59:08.834,bitmex,AEVO/USDT:USDT,0.108,198.0,0.107,30.0,0.1091,328.0,0.1098,27.0
1753592350074,04:59:10.074,bitmex,AEVO/USDT:USDT,0.108,198.0,0.107,30.0,0.1091,328.0,0.1098,27.0
1753592350123,04:59:10.123,bitmex,AEVO/USDT:USDT,0.108,198.0,0.107,30.0,0.1091,328.0,0.1098,27.0
1753592351334,04:59:11.334,bitmex,AEVO/USDT:USDT,0.108,198.0,0.107,30.0,0.1091,328.0,0.1098,27.0
1753592351384,04:59:11.384,bitmex,AEVO/USDT:USDT,0.108,198.0,0.107,30.0,0.1091,328.0,0.1098,27.0
1753592352535,04:59:12.535,bitmex,AEVO/USDT:USDT,0.108,198.0,0.107,30.0,0.1091,328.0,0.1098,27.0
1753592352585,04:59:12.585,bitmex,AEVO/USDT:USDT,0.108,198.0,0.107,30.0,0.1091,328.0,0.1098,27.0
1753592353603,04:59:13.603,bitmex,AEVO/USDT:USDT,0.108,198.0,0.107,30.0,0.1091,328.0,0.1098,27.0
1753592353653,04:59:13.653,bitmex,AEVO/USDT:USDT,0.108,198.0,0.107,30.0,0.1091,328.0,0.1098,27.0
1753592354683,04:59:14.683,bitmex,AEVO/USDT:USDT,0.108,198.0,0.107,30.0,0.1091,328.0,0.1098,27.0
1753592354745,04:59:14.745,bitmex,AEVO/USDT:USDT,0.108,198.0,0.107,30.0,0.1091,328.0,0.1098,27.0
1753592355846,04:59:15.846,bitmex,AEVO/USDT:USDT,0.108,198.0,0.107,30.0,0.1091,328.0,0.1098,27.0
1753592355895,04:59:15.895,bitmex,AEVO/USDT:USDT,0.108,198.0,0.107,30.0,0.1091,328.0,0.1098,27.0
1753592357113,04:59:17.113,bitmex,AEVO/USDT:USDT,0.108,198.0,0.107,30.0,0.1091,328.0,0.1098,27.0
1753592357163,04:59:17.163,bitmex,AEVO/USDT:USDT,0.108,198.0,0.107,30.0,0.1091,328.0,0.1098,27.0
1753592358373,04:59:18.373,bitmex,AEVO/USDT:USDT,0.108,198.0,0.107,30.0,0.1091,328.0,0.1098,27.0
1753592359597,04:59:19.597,bitmex,AEVO/USDT:USDT,0.108,198.0,0.107,30.0,0.1091,328.0,0.1098,27.0
1753592360556,04:59:20.556,bitmex,AEVO/USDT:USDT,0.108,198.0,0.107,30.0,0.1091,328.0,0.1098,27.0
1753592361787,04:59:21.787,bitmex,AEVO/USDT:USDT,0.108,198.0,0.107,30.0,0.1091,328.0,0.1098,27.0
1753592361837,04:59:21.837,bitmex,AEVO/USDT:USDT,0.108,198.0,0.107,30.0,0.1091,328.0,0.1098,27.0
1753592362949,04:59:22.949,bitmex,AEVO/USDT:USDT,0.108,198.0,0.107,30.0,0.1091,328.0,0.1098,27.0
1753592362999,04:59:22.999,bitmex,AEVO/USDT:USDT,0.108,198.0,0.107,30.0,0.1091,328.0,0.1098,27.0
1753592364228,04:59:24.228,bitmex,AEVO/USDT:USDT,0.108,198.0,0.107,30.0,0.1091,328.0,0.1098,27.0
1753592364278,04:59:24.278,bitmex,AEVO/USDT:USDT,0.108,198.0,0.107,30.0,0.1091,328.0,0.1098,27.0
1753592365296,04:59:25.296,bitmex,AEVO/USDT:USDT,0.108,198.0,0.107,30.0,0.1091,328.0,0.1098,27.0
1753592365346,04:59:25.346,bitmex,AEVO/USDT:USDT,0.108,198.0,0.107,30.0,0.1091,328.0,0.1098,27.0
1753592366412,04:59:26.412,bitmex,AEVO/USDT:USDT,0.108,198.0,0.107,30.0,0.1091,328.0,0.1098,27.0
1753592368695,04:59:28.695,bitmex,AEVO/USDT:USDT,0.108,198.0,0.107,30.0,0.1091,328.0,0.1098,27.0
1753592369985,04:59:29.985,bitmex,AEVO/USDT:USDT,0.108,198.0,0.107,30.0,0.1091,328.0,0.1098,27.0
1753592370063,04:59:30.063,bitmex,AEVO/USDT:USDT,0.108,198.0,0.107,30.0,0.1091,328.0,0.1098,27.0
1753592371129,04:59:31.129,bitmex,AEVO/USDT:USDT,0.108,198.0,0.107,30.0,0.1091,328.0,0.1098,27.0
1753592372259,04:59:32.259,bitmex,AEVO/USDT:USDT,0.108,198.0,0.107,30.0,0.1091,328.0,0.1098,27.0
1753592372308,04:59:32.308,bitmex,AEVO/USDT:USDT,0.108,198.0,0.107,30.0,0.1091,328.0,0.1098,27.0
1753592373375,04:59:33.375,bitmex,AEVO/USDT:USDT,0.108,198.0,0.107,30.0,0.1091,328.0,0.1098,27.0
1753592373425,04:59:33.425,bitmex,AEVO/USDT:USDT,0.108,198.0,0.107,30.0,0.1091,328.0,0.1098,27.0
1753592374562,04:59:34.562,bitmex,AEVO/USDT:USDT,0.1081,196.0,0.107,30.0,0.1091,328.0,0.1098,27.0
1753592374611,04:59:34.611,bitmex,AEVO/USDT:USDT,0.1081,196.0,0.107,30.0,0.1091,328.0,0.1098,27.0
1753592374660,04:59:34.660,bitmex,AEVO/USDT:USDT,0.1081,196.0,0.107,30.0,0.1091,137.0,0.1092,207.0
1753592375837,04:59:35.837,bitmex,AEVO/USDT:USDT,0.1081,196.0,0.107,30.0,0.1091,137.0,0.1092,207.0
1753592375924,04:59:35.924,bitmex,AEVO/USDT:USDT,0.1081,196.0,0.107,30.0,0.1091,137.0,0.1092,207.0
1753592377079,04:59:37.079,bitmex,AEVO/USDT:USDT,0.1081,196.0,0.107,30.0,0.1091,137.0,0.1092,207.0
1753592377128,04:59:37.128,bitmex,AEVO/USDT:USDT,0.1081,196.0,0.107,30.0,0.1091,137.0,0.1092,207.0
1753592378194,04:59:38.194,bitmex,AEVO/USDT:USDT,0.1081,196.0,0.107,30.0,0.1091,137.0,0.1092,207.0
1753592378255,04:59:38.255,bitmex,AEVO/USDT:USDT,0.1081,196.0,0.107,30.0,0.1091,137.0,0.1092,207.0
1753592379935,04:59:39.935,bitmex,AEVO/USDT:USDT,0.1081,196.0,0.107,30.0,0.1091,137.0,0.1092,207.0
1753592379984,04:59:39.984,bitmex,AEVO/USDT:USDT,0.1081,196.0,0.107,30.0,0.1091,137.0,0.1092,207.0
1753592381089,04:59:41.089,bitmex,AEVO/USDT:USDT,0.1081,196.0,0.107,30.0,0.1091,137.0,0.1092,207.0
1753592381138,04:59:41.138,bitmex,AEVO/USDT:USDT,0.1081,196.0,0.107,30.0,0.1091,137.0,0.1092,207.0
1753592382220,04:59:42.220,bitmex,AEVO/USDT:USDT,0.1081,196.0,0.107,477.0,0.1091,137.0,0.1092,207.0
1753592382269,04:59:42.269,bitmex,AEVO/USDT:USDT,0.1081,196.0,0.107,477.0,0.1091,137.0,0.1092,207.0
1753592383243,04:59:43.243,bitmex,AEVO/USDT:USDT,0.1081,196.0,0.107,477.0,0.1091,137.0,0.1092,207.0
1753592383293,04:59:43.293,bitmex,AEVO/USDT:USDT,0.1081,196.0,0.107,477.0,0.1091,137.0,0.1092,207.0
1753592384501,04:59:44.501,bitmex,AEVO/USDT:USDT,0.1081,196.0,0.107,477.0,0.1091,137.0,0.1092,207.0
1753592384550,04:59:44.550,bitmex,AEVO/USDT:USDT,0.1081,196.0,0.107,477.0,0.1091,137.0,0.1092,207.0
1753592385643,04:59:45.643,bitmex,AEVO/USDT:USDT,0.1081,196.0,0.107,477.0,0.1091,137.0,0.1092,207.0
1753592385693,04:59:45.693,bitmex,AEVO/USDT:USDT,0.1081,196.0,0.107,477.0,0.1091,137.0,0.1092,207.0
1753592386993,04:59:46.993,bitmex,AEVO/USDT:USDT,0.1081,196.0,0.107,477.0,0.1091,137.0,0.1092,207.0
1753592387055,04:59:47.055,bitmex,AEVO/USDT:USDT,0.1081,196.0,0.107,477.0,0.1091,137.0,0.1092,207.0
1753592388062,04:59:48.062,bitmex,AEVO/USDT:USDT,0.1081,196.0,0.107,477.0,0.1091,137.0,0.1092,207.0
1753592388112,04:59:48.112,bitmex,AEVO/USDT:USDT,0.1081,196.0,0.107,477.0,0.1091,137.0,0.1092,207.0
1753592389172,04:59:49.172,bitmex,AEVO/USDT:USDT,0.1081,196.0,0.107,477.0,0.1091,137.0,0.1092,207.0
1753592389222,04:59:49.222,bitmex,AEVO/USDT:USDT,0.1081,196.0,0.107,477.0,0.1091,137.0,0.1092,207.0
1753592390357,04:59:50.357,bitmex,AEVO/USDT:USDT,0.1081,196.0,0.107,477.0,0.1091,137.0,0.1092,207.0
1753592390407,04:59:50.407,bitmex,AEVO/USDT:USDT,0.1081,196.0,0.107,477.0,0.1091,137.0,0.1092,207.0
1753592391584,04:59:51.584,bitmex,AEVO/USDT:USDT,0.1081,196.0,0.107,477.0,0.1091,137.0,0.1092,207.0
1753592391654,04:59:51.654,bitmex,AEVO/USDT:USDT,0.1081,196.0,0.107,477.0,0.1091,137.0,0.1092,207.0
1753592392831,04:59:52.831,bitmex,AEVO/USDT:USDT,0.1081,196.0,0.107,477.0,0.1091,137.0,0.1092,207.0
1753592392881,04:59:52.881,bitmex,AEVO/USDT:USDT,0.1081,196.0,0.107,477.0,0.1091,137.0,0.1092,207.0
1753592393923,04:59:53.923,bitmex,AEVO/USDT:USDT,0.1081,196.0,0.107,477.0,0.1091,137.0,0.1092,207.0
1753592393973,04:59:53.973,bitmex,AEVO/USDT:USDT,0.1081,196.0,0.107,477.0,0.1091,137.0,0.1092,207.0
1753592395035,04:59:55.035,bitmex,AEVO/USDT:USDT,0.1081,196.0,0.107,477.0,0.1091,137.0,0.1092,207.0
1753592395085,04:59:55.085,bitmex,AEVO/USDT:USDT,0.1081,196.0,0.107,477.0,0.1091,137.0,0.1092,207.0
1753592396284,04:59:56.284,bitmex,AEVO/USDT:USDT,0.1081,196.0,0.107,477.0,0.1091,137.0,0.1092,207.0
1753592397374,04:59:57.374,bitmex,AEVO/USDT:USDT,0.1081,196.0,0.107,477.0,0.1091,137.0,0.1092,207.0
1753592398742,04:59:58.742,bitmex,AEVO/USDT:USDT,0.1081,196.0,0.107,477.0,0.1091,137.0,0.1092,207.0
1753592398792,04:59:58.792,bitmex,AEVO/USDT:USDT,0.1081,196.0,0.107,477.0,0.1091,137.0,0.1092,207.0
1753592399725,04:59:59.725,bitmex,AEVO/USDT:USDT,0.1081,196.0,0.107,477.0,0.1091,137.0,0.1092,207.0
1753592399794,04:59:59.794,bitmex,AEVO/USDT:USDT,0.1081,196.0,0.107,477.0,0.1091,137.0,0.1092,207.0
1753592400975,05:00:00.975,bitmex,AEVO/USDT:USDT,0.1081,196.0,0.107,477.0,0.1091,137.0,0.1092,207.0
1753592401045,05:00:01.045,bitmex,AEVO/USDT:USDT,0.1081,196.0,0.107,477.0,0.1091,137.0,0.1092,207.0
1753592402188,05:00:02.188,bitmex,AEVO/USDT:USDT,0.1081,196.0,0.107,477.0,0.1091,137.0,0.1092,207.0
1753592402425,05:00:02.425,bitmex,AEVO/USDT:USDT,0.1081,196.0,0.107,477.0,0.1091,137.0,0.1092,207.0
1753592403366,05:00:03.366,bitmex,AEVO/USDT:USDT,0.1081,196.0,0.107,477.0,0.1091,137.0,0.1092,207.0
1753592403416,05:00:03.416,bitmex,AEVO/USDT:USDT,0.1081,196.0,0.107,477.0,0.1091,137.0,0.1092,207.0
1753592404648,05:00:04.648,bitmex,AEVO/USDT:USDT,0.1081,196.0,0.107,477.0,0.1091,137.0,0.1092,207.0
1753592404698,05:00:04.698,bitmex,AEVO/USDT:USDT,0.1081,196.0,0.107,477.0,0.1091,137.0,0.1092,207.0
1753592405706,05:00:05.706,bitmex,AEVO/USDT:USDT,0.1081,196.0,0.107,477.0,0.1091,137.0,0.1092,207.0
1753592405755,05:00:05.755,bitmex,AEVO/USDT:USDT,0.1081,196.0,0.107,477.0,0.1091,137.0,0.1092,207.0
1753592406825,05:00:06.825,bitmex,AEVO/USDT:USDT,0.1081,196.0,0.107,477.0,0.1091,137.0,0.1092,207.0
1753592406874,05:00:06.874,bitmex,AEVO/USDT:USDT,0.1081,196.0,0.107,477.0,0.1091,137.0,0.1092,207.0
1753592407255,05:00:07.255,bitmex,AEVO/USDT:USDT,0.1081,196.0,0.107,447.0,0.1091,137.0,0.1092,207.0
1753592407305,05:00:07.305,bitmex,AEVO/USDT:USDT,0.1081,226.0,0.107,447.0,0.1091,137.0,0.1092,207.0
1753592407944,05:00:07.944,bitmex,AEVO/USDT:USDT,0.1081,226.0,0.107,447.0,0.1091,137.0,0.1092,207.0
1753592407993,05:00:07.993,bitmex,AEVO/USDT:USDT,0.1081,226.0,0.107,447.0,0.1091,137.0,0.1092,207.0
1753592408113,05:00:08.113,bitmex,AEVO/USDT:USDT,0.1081,196.0,0.107,447.0,0.1091,137.0,0.1092,207.0
1753592408162,05:00:08.162,bitmex,AEVO/USDT:USDT,0.1081,245.0,0.107,447.0,0.1091,137.0,0.1092,207.0
1753592409153,05:00:09.153,bitmex,AEVO/USDT:USDT,0.1081,245.0,0.107,447.0,0.1091,137.0,0.1092,207.0
1753592409203,05:00:09.203,bitmex,AEVO/USDT:USDT,0.1081,245.0,0.107,447.0,0.1091,137.0,0.1092,207.0
1753592410285,05:00:10.285,bitmex,AEVO/USDT:USDT,0.1081,245.0,0.107,447.0,0.1091,137.0,0.1092,207.0
1753592410334,05:00:10.334,bitmex,AEVO/USDT:USDT,0.1081,245.0,0.107,447.0,0.1091,137.0,0.1092,207.0
1753592411554,05:00:11.554,bitmex,AEVO/USDT:USDT,0.1081,245.0,0.107,447.0,0.1091,137.0,0.1092,207.0
1753592411604,05:00:11.604,bitmex,AEVO/USDT:USDT,0.1081,245.0,0.107,447.0,0.1091,137.0,0.1092,207.0
1753592412681,05:00:12.681,bitmex,AEVO/USDT:USDT,0.1081,245.0,0.107,447.0,0.1091,137.0,0.1092,207.0
1753592412730,05:00:12.730,bitmex,AEVO/USDT:USDT,0.1081,245.0,0.107,446.0,0.1091,137.0,0.1092,207.0
1753592413805,05:00:13.805,bitmex,AEVO/USDT:USDT,0.1081,245.0,0.107,446.0,0.1091,137.0,0.1092,207.0
1753592414975,05:00:14.975,bitmex,AEVO/USDT:USDT,0.1081,245.0,0.107,446.0,0.1091,137.0,0.1092,207.0
1753592416138,05:00:16.138,bitmex,AEVO/USDT:USDT,0.1081,245.0,0.107,446.0,0.1091,137.0,0.1092,207.0
1753592416188,05:00:16.188,bitmex,AEVO/USDT:USDT,0.1081,245.0,0.107,446.0,0.1091,137.0,0.1092,207.0
1753592416276,05:00:16.276,bitmex,AEVO/USDT:USDT,0.1081,196.0,0.107,446.0,0.1091,137.0,0.1092,207.0
1753592416325,05:00:16.325,bitmex,AEVO/USDT:USDT,0.1081,258.0,0.107,446.0,0.1091,137.0,0.1092,207.0
1753592417560,05:00:17.560,bitmex,AEVO/USDT:USDT,0.1081,258.0,0.107,446.0,0.1091,137.0,0.1092,207.0
1753592418473,05:00:18.473,bitmex,AEVO/USDT:USDT,0.1081,258.0,0.107,446.0,0.1091,137.0,0.1092,207.0
1753592419665,05:00:19.665,bitmex,AEVO/USDT:USDT,0.1081,258.0,0.107,446.0,0.1091,137.0,0.1092,207.0
1753592420889,05:00:20.889,bitmex,AEVO/USDT:USDT,0.1081,258.0,0.107,446.0,0.1091,137.0,0.1092,207.0
1753592420939,05:00:20.939,bitmex,AEVO/USDT:USDT,0.1081,258.0,0.107,446.0,0.1091,137.0,0.1092,207.0
1753592421996,05:00:21.996,bitmex,AEVO/USDT:USDT,0.1081,258.0,0.107,446.0,0.1091,137.0,0.1092,207.0
1753592423334,05:00:23.334,bitmex,AEVO/USDT:USDT,0.1081,258.0,0.107,446.0,0.1091,137.0,0.1092,207.0
1753592423384,05:00:23.384,bitmex,AEVO/USDT:USDT,0.1081,258.0,0.107,446.0,0.1091,137.0,0.1092,207.0
1753592424465,05:00:24.465,bitmex,AEVO/USDT:USDT,0.1081,258.0,0.107,446.0,0.1091,137.0,0.1092,207.0
1753592424515,05:00:24.515,bitmex,AEVO/USDT:USDT,0.1081,258.0,0.107,446.0,0.1091,137.0,0.1092,207.0
1753592425525,05:00:25.525,bitmex,AEVO/USDT:USDT,0.1081,258.0,0.107,446.0,0.1091,137.0,0.1092,207.0
1753592425578,05:00:25.578,bitmex,AEVO/USDT:USDT,0.1081,258.0,0.107,446.0,0.1091,137.0,0.1092,207.0
1753592426773,05:00:26.773,bitmex,AEVO/USDT:USDT,0.1081,258.0,0.107,446.0,0.1091,137.0,0.1092,207.0
1753592426855,05:00:26.855,bitmex,AEVO/USDT:USDT,0.1081,258.0,0.107,446.0,0.1091,137.0,0.1092,207.0
1753592428025,05:00:28.025,bitmex,AEVO/USDT:USDT,0.1081,258.0,0.107,475.0,0.1091,137.0,0.1092,207.0
1753592428075,05:00:28.075,bitmex,AEVO/USDT:USDT,0.1081,258.0,0.107,475.0,0.1091,137.0,0.1092,207.0
1753592429356,05:00:29.356,bitmex,AEVO/USDT:USDT,0.1081,258.0,0.107,475.0,0.1091,137.0,0.1092,207.0
1753592430382,05:00:30.382,bitmex,AEVO/USDT:USDT,0.1081,258.0,0.107,475.0,0.1091,137.0,0.1092,207.0
1753592430431,05:00:30.431,bitmex,AEVO/USDT:USDT,0.1081,258.0,0.107,475.0,0.1091,137.0,0.1092,207.0
1753592430929,05:00:30.929,bitmex,AEVO/USDT:USDT,0.1081,196.0,0.107,475.0,0.1091,137.0,0.1092,207.0
1753592431029,05:00:31.029,bitmex,AEVO/USDT:USDT,0.1081,226.0,0.107,475.0,0.1091,137.0,0.1092,207.0
1753592431514,05:00:31.514,bitmex,AEVO/USDT:USDT,0.1081,226.0,0.107,475.0,0.1091,137.0,0.1092,207.0
1753592431563,05:00:31.563,bitmex,AEVO/USDT:USDT,0.1081,226.0,0.107,475.0,0.1091,137.0,0.1092,207.0
1753592432734,05:00:32.734,bitmex,AEVO/USDT:USDT,0.1081,226.0,0.107,475.0,0.1091,137.0,0.1092,207.0
1753592432783,05:00:32.783,bitmex,AEVO/USDT:USDT,0.1081,226.0,0.107,475.0,0.1091,137.0,0.1092,207.0
1753592433813,05:00:33.813,bitmex,AEVO/USDT:USDT,0.1081,226.0,0.107,475.0,0.1091,137.0,0.1092,207.0
1753592433862,05:00:33.862,bitmex,AEVO/USDT:USDT,0.1081,226.0,0.107,475.0,0.1091,137.0,0.1092,207.0
1753592435237,05:00:35.237,bitmex,AEVO/USDT:USDT,0.1081,226.0,0.107,475.0,0.1091,137.0,0.1092,207.0
1753592435287,05:00:35.287,bitmex,AEVO/USDT:USDT,0.1081,226.0,0.107,475.0,0.1091,137.0,0.1092,207.0
1753592436987,05:00:36.987,bitmex,AEVO/USDT:USDT,0.1081,226.0,0.107,475.0,0.1091,137.0,0.1092,207.0
1753592437045,05:00:37.045,bitmex,AEVO/USDT:USDT,0.1081,226.0,0.107,475.0,0.1091,137.0,0.1092,207.0
1753592438108,05:00:38.108,bitmex,AEVO/USDT:USDT,0.1081,226.0,0.107,475.0,0.1091,137.0,0.1092,207.0
1753592438158,05:00:38.158,bitmex,AEVO/USDT:USDT,0.1081,226.0,0.107,475.0,0.1091,137.0,0.1092,207.0
1753592439134,05:00:39.134,bitmex,AEVO/USDT:USDT,0.1081,226.0,0.107,475.0,0.1091,137.0,0.1092,207.0
1753592439183,05:00:39.183,bitmex,AEVO/USDT:USDT,0.1081,226.0,0.107,475.0,0.1091,137.0,0.1092,207.0
1753592440256,05:00:40.256,bitmex,AEVO/USDT:USDT,0.1081,226.0,0.107,475.0,0.1091,137.0,0.1092,207.0
1753592440377,05:00:40.377,bitmex,AEVO/USDT:USDT,0.1081,226.0,0.107,475.0,0.1091,137.0,0.1092,207.0
1753592441476,05:00:41.476,bitmex,AEVO/USDT:USDT,0.1081,226.0,0.107,475.0,0.1091,137.0,0.1092,207.0
1753592441545,05:00:41.545,bitmex,AEVO/USDT:USDT,0.1081,226.0,0.107,475.0,0.1091,137.0,0.1092,207.0
1753592442712,05:00:42.712,bitmex,AEVO/USDT:USDT,0.1081,226.0,0.107,475.0,0.1091,137.0,0.1092,207.0
1753592442774,05:00:42.774,bitmex,AEVO/USDT:USDT,0.1081,226.0,0.107,475.0,0.1091,137.0,0.1092,207.0
1753592443756,05:00:43.756,bitmex,AEVO/USDT:USDT,0.1081,226.0,0.107,468.0,0.1091,137.0,0.1092,207.0
1753592443814,05:00:43.814,bitmex,AEVO/USDT:USDT,0.1081,226.0,0.107,468.0,0.1091,137.0,0.1092,207.0
1753592444953,05:00:44.953,bitmex,AEVO/USDT:USDT,0.1081,226.0,0.107,468.0,0.1091,137.0,0.1092,207.0
1753592445003,05:00:45.003,bitmex,AEVO/USDT:USDT,0.1081,226.0,0.107,468.0,0.1091,137.0,0.1092,207.0
1753592446173,05:00:46.173,bitmex,AEVO/USDT:USDT,0.1081,226.0,0.107,468.0,0.1091,137.0,0.1092,207.0
1753592446223,05:00:46.223,bitmex,AEVO/USDT:USDT,0.1081,226.0,0.107,468.0,0.1091,137.0,0.1092,207.0
1753592447385,05:00:47.385,bitmex,AEVO/USDT:USDT,0.1081,226.0,0.107,468.0,0.1091,137.0,0.1092,207.0
1753592448690,05:00:48.690,bitmex,AEVO/USDT:USDT,0.1081,226.0,0.107,468.0,0.1091,137.0,0.1092,207.0
1753592448739,05:00:48.739,bitmex,AEVO/USDT:USDT,0.1081,226.0,0.107,468.0,0.1091,137.0,0.1092,207.0
1753592448788,05:00:48.788,bitmex,AEVO/USDT:USDT,0.1081,226.0,0.1071,30.0,0.1091,137.0,0.1092,207.0
1753592448837,05:00:48.837,bitmex,AEVO/USDT:USDT,0.1081,196.0,0.1071,30.0,0.1091,137.0,0.1092,207.0
1753592449616,05:00:49.616,bitmex,AEVO/USDT:USDT,0.1081,196.0,0.1071,30.0,0.1091,137.0,0.1092,207.0
1753592449665,05:00:49.665,bitmex,AEVO/USDT:USDT,0.1081,196.0,0.1071,30.0,0.1091,137.0,0.1092,207.0
1753592450833,05:00:50.833,bitmex,AEVO/USDT:USDT,0.1081,196.0,0.1071,30.0,0.1091,137.0,0.1092,207.0
1753592450882,05:00:50.882,bitmex,AEVO/USDT:USDT,0.1081,196.0,0.1071,30.0,0.1091,137.0,0.1092,207.0
1753592451964,05:00:51.964,bitmex,AEVO/USDT:USDT,0.1081,196.0,0.1071,30.0,0.1091,137.0,0.1092,207.0
1753592452013,05:00:52.013,bitmex,AEVO/USDT:USDT,0.1081,196.0,0.1071,30.0,0.1091,137.0,0.1092,207.0
1753592453216,05:00:53.216,bitmex,AEVO/USDT:USDT,0.1081,196.0,0.1071,30.0,0.1091,137.0,0.1092,207.0
1753592453303,05:00:53.303,bitmex,AEVO/USDT:USDT,0.1081,196.0,0.1071,30.0,0.1091,137.0,0.1092,207.0
1753592454488,05:00:54.488,bitmex,AEVO/USDT:USDT,0.1081,196.0,0.1071,30.0,0.1091,137.0,0.1092,207.0
1753592454537,05:00:54.537,bitmex,AEVO/USDT:USDT,0.1081,196.0,0.1071,30.0,0.1091,137.0,0.1092,207.0
1753592455593,05:00:55.593,bitmex,AEVO/USDT:USDT,0.1081,196.0,0.1071,30.0,0.1091,137.0,0.1092,207.0
1753592455642,05:00:55.642,bitmex,AEVO/USDT:USDT,0.1081,196.0,0.1071,30.0,0.1091,137.0,0.1092,207.0
1753592456804,05:00:56.804,bitmex,AEVO/USDT:USDT,0.1081,196.0,0.1071,30.0,0.1091,137.0,0.1092,207.0
1753592456854,05:00:56.854,bitmex,AEVO/USDT:USDT,0.1081,196.0,0.1071,30.0,0.1091,137.0,0.1092,207.0
1753592457873,05:00:57.873,bitmex,AEVO/USDT:USDT,0.1081,196.0,0.1071,30.0,0.1091,137.0,0.1092,207.0
1753592457922,05:00:57.922,bitmex,AEVO/USDT:USDT,0.1081,196.0,0.1071,30.0,0.1091,137.0,0.1092,207.0
1753592458993,05:00:58.993,bitmex,AEVO/USDT:USDT,0.1081,196.0,0.1071,30.0,0.1091,137.0,0.1092,207.0
1753592459042,05:00:59.042,bitmex,AEVO/USDT:USDT,0.1081,196.0,0.1071,30.0,0.1091,137.0,0.1092,207.0
1753592460404,05:01:00.404,bitmex,AEVO/USDT:USDT,0.1081,196.0,0.1071,30.0,0.1091,137.0,0.1092,207.0
1753592461414,05:01:01.414,bitmex,AEVO/USDT:USDT,0.1081,196.0,0.1071,30.0,0.1091,137.0,0.1092,207.0
1753592461464,05:01:01.464,bitmex,AEVO/USDT:USDT,0.1081,196.0,0.1071,30.0,0.1091,137.0,0.1092,207.0
1753592462774,05:01:02.774,bitmex,AEVO/USDT:USDT,0.1081,196.0,0.1071,30.0,0.1091,137.0,0.1092,207.0
1753592462823,05:01:02.823,bitmex,AEVO/USDT:USDT,0.1081,196.0,0.1071,30.0,0.1091,137.0,0.1092,207.0
1753592463784,05:01:03.784,bitmex,AEVO/USDT:USDT,0.1081,196.0,0.1071,30.0,0.1091,137.0,0.1092,207.0
1753592463833,05:01:03.833,bitmex,AEVO/USDT:USDT,0.1081,196.0,0.1071,30.0,0.1091,137.0,0.1092,207.0
1753592464972,05:01:04.972,bitmex,AEVO/USDT:USDT,0.1081,196.0,0.1071,30.0,0.1091,137.0,0.1092,207.0
1753592465022,05:01:05.022,bitmex,AEVO/USDT:USDT,0.1081,196.0,0.1071,30.0,0.1091,137.0,0.1092,207.0
1753592466143,05:01:06.143,bitmex,AEVO/USDT:USDT,0.1081,196.0,0.1071,30.0,0.1091,137.0,0.1092,207.0
1753592466192,05:01:06.192,bitmex,AEVO/USDT:USDT,0.1081,196.0,0.1071,30.0,0.1091,137.0,0.1092,207.0
1753592467259,05:01:07.259,bitmex,AEVO/USDT:USDT,0.1081,196.0,0.1071,30.0,0.1091,137.0,0.1092,207.0
1753592467333,05:01:07.333,bitmex,AEVO/USDT:USDT,0.1081,196.0,0.1071,30.0,0.1091,137.0,0.1092,207.0
1753592470458,05:01:10.458,bitmex,AEVO/USDT:USDT,0.1081,196.0,0.1071,30.0,0.1091,137.0,0.1092,207.0
1753592470507,05:01:10.507,bitmex,AEVO/USDT:USDT,0.1081,196.0,0.1071,30.0,0.1091,137.0,0.1092,207.0
1753592471559,05:01:11.559,bitmex,AEVO/USDT:USDT,0.1081,196.0,0.1071,30.0,0.1091,137.0,0.1092,207.0
1753592471608,05:01:11.608,bitmex,AEVO/USDT:USDT,0.1081,196.0,0.1071,30.0,0.1091,137.0,0.1092,207.0
1753592472733,05:01:12.733,bitmex,AEVO/USDT:USDT,0.1081,196.0,0.1071,30.0,0.1091,137.0,0.1092,207.0
1753592474543,05:01:14.543,bitmex,AEVO/USDT:USDT,0.1081,196.0,0.1071,30.0,0.1091,137.0,0.1092,207.0
1753592474593,05:01:14.593,bitmex,AEVO/USDT:USDT,0.1081,196.0,0.1071,30.0,0.1091,137.0,0.1092,207.0
1753592475485,05:01:15.485,bitmex,AEVO/USDT:USDT,0.1081,196.0,0.1071,30.0,0.1091,137.0,0.1092,207.0
1753592475535,05:01:15.535,bitmex,AEVO/USDT:USDT,0.1081,196.0,0.1071,30.0,0.1091,137.0,0.1092,207.0
1753592477341,05:01:17.341,bitmex,AEVO/USDT:USDT,0.1081,196.0,0.1071,30.0,0.1091,137.0,0.1092,207.0
1753592477391,05:01:17.391,bitmex,AEVO/USDT:USDT,0.1081,196.0,0.1071,30.0,0.1091,137.0,0.1092,207.0
1753592477978,05:01:17.978,bitmex,AEVO/USDT:USDT,0.1081,196.0,0.1071,30.0,0.1091,137.0,0.1092,207.0
1753592478028,05:01:18.028,bitmex,AEVO/USDT:USDT,0.1081,196.0,0.1071,30.0,0.1091,137.0,0.1092,207.0
1753592478971,05:01:18.971,bitmex,AEVO/USDT:USDT,0.1081,196.0,0.1071,30.0,0.1091,137.0,0.1092,207.0
1753592480375,05:01:20.375,bitmex,AEVO/USDT:USDT,0.1081,196.0,0.1071,30.0,0.1091,137.0,0.1092,207.0
1753592480425,05:01:20.425,bitmex,AEVO/USDT:USDT,0.1081,196.0,0.1071,30.0,0.1091,137.0,0.1092,207.0
1753592481410,05:01:21.410,bitmex,AEVO/USDT:USDT,0.1081,196.0,0.1071,30.0,0.1091,137.0,0.1092,207.0
1753592481459,05:01:21.459,bitmex,AEVO/USDT:USDT,0.1081,196.0,0.1071,30.0,0.1091,137.0,0.1092,207.0
1753592482491,05:01:22.491,bitmex,AEVO/USDT:USDT,0.1081,196.0,0.1071,30.0,0.1091,137.0,0.1092,207.0
1753592482544,05:01:22.544,bitmex,AEVO/USDT:USDT,0.1081,196.0,0.1071,30.0,0.1091,137.0,0.1092,207.0
1753592483664,05:01:23.664,bitmex,AEVO/USDT:USDT,0.1081,196.0,0.1071,30.0,0.1091,137.0,0.1092,207.0
1753592483714,05:01:23.714,bitmex,AEVO/USDT:USDT,0.1081,196.0,0.1071,30.0,0.1091,137.0,0.1092,207.0
1753592484893,05:01:24.893,bitmex,AEVO/USDT:USDT,0.1081,196.0,0.1071,30.0,0.1091,137.0,0.1092,207.0
1753592484943,05:01:24.943,bitmex,AEVO/USDT:USDT,0.1081,196.0,0.1071,30.0,0.1091,137.0,0.1092,207.0
1753592487215,05:01:27.215,bitmex,AEVO/USDT:USDT,0.1081,196.0,0.1071,30.0,0.1091,137.0,0.1092,207.0
1753592488029,05:01:28.029,bitmex,AEVO/USDT:USDT,0.1081,196.0,0.1071,30.0,0.1091,137.0,0.1092,207.0
1753592488079,05:01:28.079,bitmex,AEVO/USDT:USDT,0.1081,196.0,0.1071,30.0,0.1091,137.0,0.1092,207.0
1753592489244,05:01:29.244,bitmex,AEVO/USDT:USDT,0.1081,196.0,0.1071,30.0,0.1091,137.0,0.1092,207.0
1753592489294,05:01:29.294,bitmex,AEVO/USDT:USDT,0.1081,196.0,0.1071,30.0,0.1091,137.0,0.1092,207.0
1753592490325,05:01:30.325,bitmex,AEVO/USDT:USDT,0.1081,196.0,0.1071,30.0,0.1091,137.0,0.1092,207.0
1753592490375,05:01:30.375,bitmex,AEVO/USDT:USDT,0.1081,196.0,0.1071,30.0,0.1091,137.0,0.1092,207.0
1753592491540,05:01:31.540,bitmex,AEVO/USDT:USDT,0.1081,196.0,0.1071,30.0,0.1091,137.0,0.1092,207.0
1753592492118,05:01:32.118,bitmex,AEVO/USDT:USDT,0.1081,196.0,0.107,455.0,0.1091,137.0,0.1092,207.0
1753592492168,05:01:32.168,bitmex,AEVO/USDT:USDT,0.1081,196.0,0.1071,52.0,0.1091,137.0,0.1092,207.0
1753592492816,05:01:32.816,bitmex,AEVO/USDT:USDT,0.1081,196.0,0.1071,52.0,0.1091,137.0,0.1092,207.0
1753592494005,05:01:34.005,bitmex,AEVO/USDT:USDT,0.1081,196.0,0.1071,52.0,0.1091,137.0,0.1092,207.0
1753592494054,05:01:34.054,bitmex,AEVO/USDT:USDT,0.1081,196.0,0.1071,52.0,0.1091,137.0,0.1092,207.0
1753592494999,05:01:34.999,bitmex,AEVO/USDT:USDT,0.1081,196.0,0.1071,52.0,0.1091,137.0,0.1092,207.0
1753592495049,05:01:35.049,bitmex,AEVO/USDT:USDT,0.1081,196.0,0.1071,52.0,0.1091,137.0,0.1092,207.0
1753592496269,05:01:36.269,bitmex,AEVO/USDT:USDT,0.1081,196.0,0.1071,52.0,0.1091,137.0,0.1092,207.0
1753592497328,05:01:37.328,bitmex,AEVO/USDT:USDT,0.1081,196.0,0.1071,52.0,0.1091,137.0,0.1092,207.0
1753592497394,05:01:37.394,bitmex,AEVO/USDT:USDT,0.1081,196.0,0.1071,52.0,0.1091,137.0,0.1092,207.0
1753592498621,05:01:38.621,bitmex,AEVO/USDT:USDT,0.1081,196.0,0.1071,52.0,0.1091,137.0,0.1092,207.0
1753592498685,05:01:38.685,bitmex,AEVO/USDT:USDT,0.1081,196.0,0.1071,52.0,0.1091,137.0,0.1092,207.0
1753592499904,05:01:39.904,bitmex,AEVO/USDT:USDT,0.1081,196.0,0.1071,52.0,0.1091,137.0,0.1092,207.0
1753592499953,05:01:39.953,bitmex,AEVO/USDT:USDT,0.1081,196.0,0.1071,52.0,0.1091,137.0,0.1092,207.0
1753592500942,05:01:40.942,bitmex,AEVO/USDT:USDT,0.1081,196.0,0.1071,52.0,0.1091,137.0,0.1098,27.0
1753592500994,05:01:40.994,bitmex,AEVO/USDT:USDT,0.1071,52.0,0.107,455.0,0.1091,137.0,0.1098,27.0
1753592501043,05:01:41.043,bitmex,AEVO/USDT:USDT,0.107,455.0,0.1061,30.0,0.1091,137.0,0.1098,27.0
1753592501092,05:01:41.092,bitmex,AEVO/USDT:USDT,0.107,455.0,0.1062,30.0,0.1091,137.0,0.1098,27.0
1753592502474,05:01:42.474,bitmex,AEVO/USDT:USDT,0.1081,199.0,0.1071,30.0,0.1091,137.0,0.1092,196.0
1753592502524,05:01:42.524,bitmex,AEVO/USDT:USDT,0.1081,199.0,0.1071,30.0,0.1091,137.0,0.1092,196.0
1753592503523,05:01:43.523,bitmex,AEVO/USDT:USDT,0.1081,199.0,0.1071,30.0,0.1091,137.0,0.1092,196.0
1753592503573,05:01:43.573,bitmex,AEVO/USDT:USDT,0.1081,199.0,0.1071,30.0,0.1091,137.0,0.1092,196.0
1753592504793,05:01:44.793,bitmex,AEVO/USDT:USDT,0.1081,199.0,0.1071,30.0,0.1091,137.0,0.1092,196.0
1753592505814,05:01:45.814,bitmex,AEVO/USDT:USDT,0.1081,199.0,0.1071,30.0,0.1091,137.0,0.1092,196.0
1753592505864,05:01:45.864,bitmex,AEVO/USDT:USDT,0.1081,199.0,0.1071,30.0,0.1091,137.0,0.1092,196.0
1753592507045,05:01:47.045,bitmex,AEVO/USDT:USDT,0.1081,199.0,0.1071,30.0,0.1091,137.0,0.1092,196.0
1753592507095,05:01:47.095,bitmex,AEVO/USDT:USDT,0.1081,199.0,0.1071,30.0,0.1091,137.0,0.1092,196.0
1753592508169,05:01:48.169,bitmex,AEVO/USDT:USDT,0.1081,199.0,0.1071,30.0,0.1091,137.0,0.1092,196.0
1753592508224,05:01:48.224,bitmex,AEVO/USDT:USDT,0.1081,199.0,0.1071,30.0,0.1091,137.0,0.1092,196.0
1753592509456,05:01:49.456,bitmex,AEVO/USDT:USDT,0.1081,199.0,0.1071,30.0,0.1091,137.0,0.1093,201.0
1753592509505,05:01:49.505,bitmex,AEVO/USDT:USDT,0.1082,200.0,0.1071,30.0,0.1091,137.0,0.1093,201.0
1753592513054,05:01:53.054,bitmex,AEVO/USDT:USDT,0.1081,206.0,0.1071,30.0,0.1091,137.0,0.1092,203.0
1753592513104,05:01:53.104,bitmex,AEVO/USDT:USDT,0.1081,206.0,0.1071,30.0,0.1091,137.0,0.1092,203.0
