timestamp,time,symbol,bid1_price,bid1_volume,bid2_price,bid2_volume,ask1_price,ask1_volume,ask2_price,ask2_volume
1753546945906,16:22:25.906,1INCH/USDT:USDT,0.2827,6926.0,0.2826,15338.0,0.2828,5953.0,0.2829,27066.0
1753546946112,16:22:26.112,1INCH/USDT:USDT,0.2827,9310.0,0.2826,17427.0,0.2828,2403.0,0.2829,25431.0
1753546946554,16:22:26.554,1INCH/USDT:USDT,0.2827,9329.0,0.2826,18871.0,0.2828,2403.0,0.2829,25078.0
1753546946657,16:22:26.657,1INCH/USDT:USDT,0.2827,9329.0,0.2826,18871.0,0.2828,2403.0,0.2829,26883.0
1753546946839,16:22:26.839,1INCH/USDT:USDT,0.2827,9329.0,0.2826,18871.0,0.2828,2403.0,0.2829,26883.0
1753546947115,16:22:27.115,1INCH/USDT:USDT,0.2828,12224.0,0.2827,19854.0,0.2829,1350.0,0.283,18290.0
1753546947319,16:22:27.319,1INCH/USDT:USDT,0.2828,12694.0,0.2827,20631.0,0.2829,750.0,0.283,22669.0
1753546947423,16:22:27.423,1INCH/USDT:USDT,0.2828,12694.0,0.2827,21577.0,0.2829,1521.0,0.283,19913.0
1753546947538,16:22:27.538,1INCH/USDT:USDT,0.2828,12694.0,0.2827,22275.0,0.2829,1521.0,0.283,19913.0
1753546947982,16:22:27.982,1INCH/USDT:USDT,0.2828,16694.0,0.2827,22275.0,0.2829,1521.0,0.283,19939.0
1753546948088,16:22:28.088,1INCH/USDT:USDT,0.2828,16694.0,0.2827,22628.0,0.2829,1521.0,0.283,19939.0
1753546948198,16:22:28.198,1INCH/USDT:USDT,0.2828,12694.0,0.2827,23333.0,0.2829,3367.0,0.283,18316.0
1753546948304,16:22:28.304,1INCH/USDT:USDT,0.2828,12694.0,0.2827,22981.0,0.2829,3368.0,0.283,19199.0
1753546948507,16:22:28.507,1INCH/USDT:USDT,0.2828,11939.0,0.2827,21930.0,0.2829,3368.0,0.283,19199.0
1753546948649,16:22:28.649,1INCH/USDT:USDT,0.2828,11939.0,0.2827,21577.0,0.2829,3368.0,0.283,19199.0
1753546948751,16:22:28.751,1INCH/USDT:USDT,0.2828,11939.0,0.2827,21929.0,0.2829,1522.0,0.283,19199.0
1753546948919,16:22:28.919,1INCH/USDT:USDT,0.2828,15939.0,0.2827,21577.0,0.2829,1522.0,0.283,19199.0
1753546949286,16:22:29.286,1INCH/USDT:USDT,0.2828,15939.0,0.2827,21929.0,0.2829,1522.0,0.283,20830.0
1753546949549,16:22:29.549,1INCH/USDT:USDT,0.2828,11939.0,0.2827,21577.0,0.2829,3195.0,0.283,19199.0
1753546949779,16:22:29.779,1INCH/USDT:USDT,0.2828,11939.0,0.2827,21577.0,0.2829,3195.0,0.283,19199.0
1753546950550,16:22:30.550,1INCH/USDT:USDT,0.2828,11939.0,0.2827,22029.0,0.2829,3195.0,0.283,19199.0
1753546950658,16:22:30.658,1INCH/USDT:USDT,0.2828,11939.0,0.2827,22234.0,0.2829,3195.0,0.283,19199.0
1753546952296,16:22:32.296,1INCH/USDT:USDT,0.2828,10564.0,0.2827,23240.0,0.2829,7195.0,0.283,19199.0
1753546953779,16:22:33.779,1INCH/USDT:USDT,0.2828,10564.0,0.2827,25354.0,0.2829,1943.0,0.283,21090.0
1753546953916,16:22:33.916,1INCH/USDT:USDT,0.2828,13564.0,0.2827,25354.0,0.2829,1943.0,0.283,21090.0
1753546954656,16:22:34.656,1INCH/USDT:USDT,0.2828,10564.0,0.2827,25354.0,0.2829,1943.0,0.283,21090.0
1753546954802,16:22:34.802,1INCH/USDT:USDT,0.2828,10564.0,0.2827,25354.0,0.2829,1943.0,0.283,21090.0
1753546955402,16:22:35.402,1INCH/USDT:USDT,0.2828,10564.0,0.2827,25354.0,0.2829,1943.0,0.283,21090.0
1753546955741,16:22:35.741,1INCH/USDT:USDT,0.2828,10564.0,0.2827,24998.0,0.2829,1943.0,0.283,21090.0
1753546956002,16:22:36.002,1INCH/USDT:USDT,0.2828,10584.0,0.2827,24978.0,0.2829,1943.0,0.283,21090.0
1753546956516,16:22:36.516,1INCH/USDT:USDT,0.2828,10584.0,0.2827,24626.0,0.2829,1943.0,0.283,21090.0
1753546956881,16:22:36.881,1INCH/USDT:USDT,0.2828,10584.0,0.2827,24626.0,0.2829,1943.0,0.283,21254.0
1753546957019,16:22:37.019,1INCH/USDT:USDT,0.2828,10584.0,0.2827,24978.0,0.2829,1943.0,0.283,21254.0
1753546957124,16:22:37.124,1INCH/USDT:USDT,0.2828,10584.0,0.2827,24978.0,0.2829,1943.0,0.283,21254.0
1753546957561,16:22:37.561,1INCH/USDT:USDT,0.2828,10584.0,0.2827,24978.0,0.2829,1943.0,0.283,21254.0
1753546957686,16:22:37.686,1INCH/USDT:USDT,0.2828,10584.0,0.2827,24978.0,0.2829,1943.0,0.283,21254.0
1753546957802,16:22:37.802,1INCH/USDT:USDT,0.2828,10584.0,0.2827,24978.0,0.2829,1943.0,0.283,21254.0
1753546957995,16:22:37.995,1INCH/USDT:USDT,0.2828,10584.0,0.2827,24978.0,0.2829,1943.0,0.283,21254.0
1753546958108,16:22:38.108,1INCH/USDT:USDT,0.2828,10584.0,0.2827,24978.0,0.2829,1943.0,0.283,21254.0
1753546958246,16:22:38.246,1INCH/USDT:USDT,0.2828,10584.0,0.2827,24978.0,0.2829,1943.0,0.283,21254.0
1753546958728,16:22:38.728,1INCH/USDT:USDT,0.2828,10584.0,0.2827,24978.0,0.2829,1943.0,0.283,21254.0
1753546958902,16:22:38.902,1INCH/USDT:USDT,0.2828,10584.0,0.2827,24978.0,0.2829,1943.0,0.283,21254.0
1753546959133,16:22:39.133,1INCH/USDT:USDT,0.2828,10584.0,0.2827,24978.0,0.2829,1943.0,0.283,21254.0
1753546959295,16:22:39.295,1INCH/USDT:USDT,0.2828,10584.0,0.2827,24978.0,0.2829,1943.0,0.283,21254.0
1753546959401,16:22:39.401,1INCH/USDT:USDT,0.2828,10584.0,0.2827,24978.0,0.2829,1943.0,0.283,21254.0
1753546959802,16:22:39.802,1INCH/USDT:USDT,0.2828,10584.0,0.2827,24978.0,0.2829,1943.0,0.283,21254.0
1753546960061,16:22:40.061,1INCH/USDT:USDT,0.2829,362.0,0.2828,19860.0,0.283,9719.0,0.2831,48201.0
1753546960162,16:22:40.162,1INCH/USDT:USDT,0.2829,370.0,0.2828,20742.0,0.283,8801.0,0.2831,29092.0
1753546960268,16:22:40.268,1INCH/USDT:USDT,0.2829,2038.0,0.2828,18761.0,0.283,10485.0,0.2831,29092.0
1753546960372,16:22:40.372,1INCH/USDT:USDT,0.2829,1727.0,0.2828,18761.0,0.283,10650.0,0.2831,29092.0
1753546960500,16:22:40.500,1INCH/USDT:USDT,0.2829,1786.0,0.2828,18761.0,0.283,10763.0,0.2831,29127.0
1753546960605,16:22:40.605,1INCH/USDT:USDT,0.2828,15096.0,0.2827,22220.0,0.2829,3902.0,0.283,18565.0
1753546960707,16:22:40.707,1INCH/USDT:USDT,0.2828,9014.0,0.2827,24688.0,0.2829,4060.0,0.283,28084.0
1753546960823,16:22:40.823,1INCH/USDT:USDT,0.2828,10883.0,0.2827,26798.0,0.2829,4346.0,0.283,26400.0
1753546960927,16:22:40.927,1INCH/USDT:USDT,0.2828,10883.0,0.2827,27143.0,0.2829,2567.0,0.283,28662.0
1753546961031,16:22:41.031,1INCH/USDT:USDT,0.2828,10883.0,0.2827,27673.0,0.2829,67.0,0.283,27119.0
1753546961149,16:22:41.149,1INCH/USDT:USDT,0.2828,10883.0,0.2827,27926.0,0.2829,67.0,0.283,27119.0
1753546961275,16:22:41.275,1INCH/USDT:USDT,0.2828,10883.0,0.2827,27926.0,0.2829,67.0,0.283,28736.0
1753546961796,16:22:41.796,1INCH/USDT:USDT,0.2828,14883.0,0.2827,27229.0,0.2829,67.0,0.283,28754.0
1753546961900,16:22:41.900,1INCH/USDT:USDT,0.2828,14883.0,0.2827,27229.0,0.2829,67.0,0.283,28754.0
1753546962002,16:22:42.002,1INCH/USDT:USDT,0.2828,14883.0,0.2827,27229.0,0.2829,67.0,0.283,28754.0
1753546962146,16:22:42.146,1INCH/USDT:USDT,0.2828,14883.0,0.2827,27229.0,0.2829,67.0,0.283,28754.0
1753546962385,16:22:42.385,1INCH/USDT:USDT,0.2828,14883.0,0.2827,27229.0,0.2829,67.0,0.283,28754.0
1753546962585,16:22:42.585,1INCH/USDT:USDT,0.2828,14883.0,0.2827,27229.0,0.2829,67.0,0.283,28754.0
1753546962830,16:22:42.830,1INCH/USDT:USDT,0.2828,14904.0,0.2827,27229.0,0.2829,67.0,0.283,28754.0
1753546962933,16:22:42.933,1INCH/USDT:USDT,0.2828,14904.0,0.2827,27229.0,0.2829,67.0,0.283,28754.0
1753546963091,16:22:43.091,1INCH/USDT:USDT,0.2828,14904.0,0.2827,28465.0,0.2829,67.0,0.283,28754.0
1753546963194,16:22:43.194,1INCH/USDT:USDT,0.2828,14904.0,0.2827,28465.0,0.2829,67.0,0.283,28754.0
1753546963402,16:22:43.402,1INCH/USDT:USDT,0.2828,14904.0,0.2827,28465.0,0.2829,67.0,0.283,28754.0
1753546963997,16:22:43.997,1INCH/USDT:USDT,0.2828,14904.0,0.2827,28818.0,0.2829,67.0,0.283,24754.0
1753546964101,16:22:44.101,1INCH/USDT:USDT,0.2828,14904.0,0.2827,28818.0,0.2829,67.0,0.283,24754.0
1753546964418,16:22:44.418,1INCH/USDT:USDT,0.2828,14904.0,0.2827,28818.0,0.2829,282.0,0.283,24754.0
1753546964523,16:22:44.523,1INCH/USDT:USDT,0.2828,14936.0,0.2827,29132.0,0.2829,648.0,0.283,24754.0
1753546964902,16:22:44.902,1INCH/USDT:USDT,0.2828,14936.0,0.2827,29132.0,0.2829,648.0,0.283,24754.0
1753546965405,16:22:45.405,1INCH/USDT:USDT,0.2829,1872.0,0.2828,19620.0,0.283,10566.0,0.2831,29611.0
1753546965509,16:22:45.509,1INCH/USDT:USDT,0.2829,1872.0,0.2828,20275.0,0.283,10566.0,0.2831,32842.0
1753546965623,16:22:45.623,1INCH/USDT:USDT,0.2829,1872.0,0.2828,20275.0,0.283,10566.0,0.2831,32842.0
1753546965763,16:22:45.763,1INCH/USDT:USDT,0.2829,1872.0,0.2828,20275.0,0.283,10566.0,0.2831,32842.0
1753546965902,16:22:45.902,1INCH/USDT:USDT,0.2829,1872.0,0.2828,20275.0,0.283,10566.0,0.2831,32842.0
1753546966102,16:22:46.102,1INCH/USDT:USDT,0.2829,1892.0,0.2828,20255.0,0.283,10566.0,0.2831,32842.0
1753546966206,16:22:46.206,1INCH/USDT:USDT,0.2829,1728.0,0.2828,19844.0,0.283,10566.0,0.2831,32842.0
1753546966380,16:22:46.380,1INCH/USDT:USDT,0.2829,1728.0,0.2828,18441.0,0.283,10566.0,0.2831,28893.0
1753546966511,16:22:46.511,1INCH/USDT:USDT,0.2829,1728.0,0.2828,18343.0,0.283,10566.0,0.2831,29599.0
1753546966686,16:22:46.686,1INCH/USDT:USDT,0.2829,5728.0,0.2828,18343.0,0.283,10566.0,0.2831,29599.0
1753546966806,16:22:46.806,1INCH/USDT:USDT,0.2829,5728.0,0.2828,18343.0,0.283,10566.0,0.2831,29599.0
1753546966911,16:22:46.911,1INCH/USDT:USDT,0.2829,5728.0,0.2828,18343.0,0.283,10566.0,0.2831,29599.0
1753546967405,16:22:47.405,1INCH/USDT:USDT,0.2829,1728.0,0.2828,18343.0,0.283,10585.0,0.2831,29599.0
1753546967515,16:22:47.515,1INCH/USDT:USDT,0.2829,1728.0,0.2828,18343.0,0.283,10585.0,0.2831,29599.0
1753546967691,16:22:47.691,1INCH/USDT:USDT,0.2829,20.0,0.2828,18343.0,0.283,14585.0,0.2831,29599.0
1753546967837,16:22:47.837,1INCH/USDT:USDT,0.2829,20.0,0.2828,20029.0,0.283,14585.0,0.2831,29599.0
1753546967949,16:22:47.949,1INCH/USDT:USDT,0.2829,20.0,0.2828,20029.0,0.283,10585.0,0.2831,29599.0
1753546968074,16:22:48.074,1INCH/USDT:USDT,0.2829,20.0,0.2828,20029.0,0.283,10585.0,0.2831,29599.0
1753546968198,16:22:48.198,1INCH/USDT:USDT,0.2829,20.0,0.2828,20029.0,0.283,10585.0,0.2831,29599.0
1753546968301,16:22:48.301,1INCH/USDT:USDT,0.2829,20.0,0.2828,20029.0,0.283,10585.0,0.2831,29599.0
1753546968483,16:22:48.483,1INCH/USDT:USDT,0.2829,39.0,0.2828,20029.0,0.283,10585.0,0.2831,29599.0
1753546968602,16:22:48.602,1INCH/USDT:USDT,0.2829,1836.0,0.2828,18343.0,0.283,10585.0,0.2831,29599.0
1753546968715,16:22:48.715,1INCH/USDT:USDT,0.2829,1836.0,0.2828,18343.0,0.283,10585.0,0.2831,29599.0
1753546969202,16:22:49.202,1INCH/USDT:USDT,0.2829,1836.0,0.2828,18343.0,0.283,10585.0,0.2831,29599.0
1753546969308,16:22:49.308,1INCH/USDT:USDT,0.2829,39.0,0.2828,14683.0,0.283,10585.0,0.2831,31414.0
1753546969419,16:22:49.419,1INCH/USDT:USDT,0.2829,39.0,0.2828,14683.0,0.283,10585.0,0.2831,31414.0
1753546969596,16:22:49.596,1INCH/USDT:USDT,0.2829,39.0,0.2828,19436.0,0.283,10585.0,0.2831,31414.0
1753546969704,16:22:49.704,1INCH/USDT:USDT,0.2829,39.0,0.2828,19436.0,0.283,14585.0,0.2831,31414.0
1753546969901,16:22:49.901,1INCH/USDT:USDT,0.2829,39.0,0.2828,19436.0,0.283,14585.0,0.2831,31414.0
1753546970084,16:22:50.084,1INCH/USDT:USDT,0.2829,39.0,0.2828,15436.0,0.283,14585.0,0.2831,32140.0
1753546970271,16:22:50.271,1INCH/USDT:USDT,0.2829,39.0,0.2828,15436.0,0.283,14585.0,0.2831,32140.0
1753546970402,16:22:50.402,1INCH/USDT:USDT,0.2829,39.0,0.2828,15436.0,0.283,14585.0,0.2831,32140.0
1753546970658,16:22:50.658,1INCH/USDT:USDT,0.2829,87.0,0.2828,15436.0,0.283,14585.0,0.2831,32140.0
1753546970903,16:22:50.903,1INCH/USDT:USDT,0.2829,87.0,0.2828,15436.0,0.283,14585.0,0.2831,32140.0
1753546971102,16:22:51.102,1INCH/USDT:USDT,0.2829,87.0,0.2828,15436.0,0.283,14585.0,0.2831,32140.0
1753546971495,16:22:51.495,1INCH/USDT:USDT,0.2829,87.0,0.2828,15172.0,0.283,14585.0,0.2831,32140.0
1753546971601,16:22:51.601,1INCH/USDT:USDT,0.2829,87.0,0.2828,15172.0,0.283,14585.0,0.2831,32469.0
1753546972002,16:22:52.002,1INCH/USDT:USDT,0.2829,68.0,0.2828,15172.0,0.283,14585.0,0.2831,32469.0
1753546972105,16:22:52.105,1INCH/USDT:USDT,0.2829,68.0,0.2828,15172.0,0.283,14585.0,0.2831,32469.0
1753546972304,16:22:52.304,1INCH/USDT:USDT,0.2829,103.0,0.2828,15151.0,0.283,14585.0,0.2831,32469.0
1753546972470,16:22:52.470,1INCH/USDT:USDT,0.2829,1800.0,0.2828,14820.0,0.283,10718.0,0.2831,49237.0
1753546972574,16:22:52.574,1INCH/USDT:USDT,0.2829,1859.0,0.2828,14820.0,0.283,10366.0,0.2831,49237.0
1753546972704,16:22:52.704,1INCH/USDT:USDT,0.2829,5859.0,0.2828,14820.0,0.283,10366.0,0.2831,49237.0
1753546972809,16:22:52.809,1INCH/USDT:USDT,0.2829,1859.0,0.2828,14820.0,0.283,10366.0,0.2831,49237.0
1753546972931,16:22:52.931,1INCH/USDT:USDT,0.2829,1859.0,0.2828,13424.0,0.283,10366.0,0.2831,30410.0
1753546973102,16:22:53.102,1INCH/USDT:USDT,0.2829,1859.0,0.2828,13424.0,0.283,10366.0,0.2831,30410.0
1753546973431,16:22:53.431,1INCH/USDT:USDT,0.2829,1858.0,0.2828,13424.0,0.283,10366.0,0.2831,30410.0
1753546973535,16:22:53.535,1INCH/USDT:USDT,0.2829,1858.0,0.2828,13424.0,0.283,10366.0,0.2831,30410.0
1753546973646,16:22:53.646,1INCH/USDT:USDT,0.2829,1858.0,0.2828,13424.0,0.283,10366.0,0.2831,30410.0
1753546974302,16:22:54.302,1INCH/USDT:USDT,0.2829,1858.0,0.2828,13424.0,0.283,10366.0,0.2831,30410.0
1753546974474,16:22:54.474,1INCH/USDT:USDT,0.2829,1858.0,0.2828,13424.0,0.283,10366.0,0.2831,30410.0
1753546974689,16:22:54.689,1INCH/USDT:USDT,0.2829,1858.0,0.2828,13424.0,0.283,10366.0,0.2831,30410.0
1753546975302,16:22:55.302,1INCH/USDT:USDT,0.2829,1858.0,0.2828,13424.0,0.283,10366.0,0.2831,30410.0
1753546975902,16:22:55.902,1INCH/USDT:USDT,0.2829,1858.0,0.2828,13424.0,0.283,10366.0,0.2831,30410.0
1753546976456,16:22:56.456,1INCH/USDT:USDT,0.2829,1858.0,0.2828,13424.0,0.283,10366.0,0.2831,30410.0
1753546976660,16:22:56.660,1INCH/USDT:USDT,0.2829,1858.0,0.2828,13424.0,0.283,14366.0,0.2831,30410.0
1753546976965,16:22:56.965,1INCH/USDT:USDT,0.2829,1858.0,0.2828,13424.0,0.283,14366.0,0.2831,30410.0
1753546977078,16:22:57.078,1INCH/USDT:USDT,0.2829,1858.0,0.2828,13227.0,0.283,14366.0,0.2831,30410.0
1753546977228,16:22:57.228,1INCH/USDT:USDT,0.2829,1858.0,0.2828,13227.0,0.283,10366.0,0.2831,30410.0
1753546977400,16:22:57.400,1INCH/USDT:USDT,0.2829,1966.0,0.2828,14623.0,0.283,10366.0,0.2831,30410.0
1753546977902,16:22:57.902,1INCH/USDT:USDT,0.2829,1966.0,0.2828,13227.0,0.283,10581.0,0.2831,30410.0
1753546978079,16:22:58.079,1INCH/USDT:USDT,0.2829,1966.0,0.2828,14623.0,0.283,10527.0,0.2831,30410.0
1753546978304,16:22:58.304,1INCH/USDT:USDT,0.2829,1966.0,0.2828,13227.0,0.283,10527.0,0.2831,30410.0
1753546978568,16:22:58.568,1INCH/USDT:USDT,0.2829,1966.0,0.2828,13227.0,0.283,14527.0,0.2831,30410.0
1753546978681,16:22:58.681,1INCH/USDT:USDT,0.2829,1966.0,0.2828,13227.0,0.283,14527.0,0.2831,30410.0
1753546978921,16:22:58.921,1INCH/USDT:USDT,0.2829,1966.0,0.2828,13227.0,0.283,14899.0,0.2831,30410.0
1753546979175,16:22:59.175,1INCH/USDT:USDT,0.2829,1966.0,0.2828,13227.0,0.283,14899.0,0.2831,30410.0
1753546979301,16:22:59.301,1INCH/USDT:USDT,0.2829,1966.0,0.2828,13227.0,0.283,14899.0,0.2831,30410.0
1753546979702,16:22:59.702,1INCH/USDT:USDT,0.2829,2022.0,0.2828,13227.0,0.283,14899.0,0.2831,30410.0
1753546979902,16:22:59.902,1INCH/USDT:USDT,0.2829,2022.0,0.2828,13227.0,0.283,14899.0,0.2831,30410.0
1753546980104,16:23:00.104,1INCH/USDT:USDT,0.2829,2022.0,0.2828,13227.0,0.283,14899.0,0.2831,30410.0
1753546980210,16:23:00.210,1INCH/USDT:USDT,0.2828,9300.0,0.2827,23642.0,0.2829,1832.0,0.283,28356.0
1753546980317,16:23:00.317,1INCH/USDT:USDT,0.2828,11268.0,0.2827,25978.0,0.2829,3712.0,0.283,25508.0
1753546980440,16:23:00.440,1INCH/USDT:USDT,0.2828,10613.0,0.2827,26331.0,0.2829,3712.0,0.283,25508.0
1753546980557,16:23:00.557,1INCH/USDT:USDT,0.2828,10613.0,0.2827,26837.0,0.2829,3712.0,0.283,25508.0
1753546980709,16:23:00.709,1INCH/USDT:USDT,0.2828,10613.0,0.2827,26837.0,0.2829,3712.0,0.283,25635.0
1753546980815,16:23:00.815,1INCH/USDT:USDT,0.2828,10613.0,0.2827,26837.0,0.2829,3712.0,0.283,25464.0
1753546980918,16:23:00.918,1INCH/USDT:USDT,0.2828,10613.0,0.2827,26837.0,0.2829,3712.0,0.283,24985.0
1753546981058,16:23:01.058,1INCH/USDT:USDT,0.2828,10613.0,0.2827,26837.0,0.2829,3712.0,0.283,24985.0
1753546981181,16:23:01.181,1INCH/USDT:USDT,0.2828,8788.0,0.2827,26837.0,0.2829,3800.0,0.283,24985.0
1753546981287,16:23:01.287,1INCH/USDT:USDT,0.2828,8788.0,0.2827,26413.0,0.2829,3800.0,0.283,24985.0
1753546981390,16:23:01.390,1INCH/USDT:USDT,0.2828,8788.0,0.2827,26479.0,0.2829,3800.0,0.283,24985.0
1753546981498,16:23:01.498,1INCH/USDT:USDT,0.2828,8788.0,0.2827,27529.0,0.2829,3800.0,0.283,25275.0
1753546981603,16:23:01.603,1INCH/USDT:USDT,0.2828,8788.0,0.2827,29314.0,0.2829,3800.0,0.283,25275.0
1753546981821,16:23:01.821,1INCH/USDT:USDT,0.2828,8788.0,0.2827,28787.0,0.2829,3800.0,0.283,25275.0
1753546981977,16:23:01.977,1INCH/USDT:USDT,0.2828,8788.0,0.2827,28061.0,0.2829,3800.0,0.283,25275.0
1753546982111,16:23:02.111,1INCH/USDT:USDT,0.2827,19861.0,0.2826,34150.0,0.2828,3600.0,0.2829,12344.0
1753546982324,16:23:02.324,1INCH/USDT:USDT,0.2826,16961.0,0.2825,51445.0,0.2828,12929.0,0.2829,12823.0
1753546982428,16:23:02.428,1INCH/USDT:USDT,0.2826,17153.0,0.2825,39083.0,0.2827,3409.0,0.2828,13132.0
1753546982530,16:23:02.530,1INCH/USDT:USDT,0.2826,19851.0,0.2825,17291.0,0.2827,3445.0,0.2828,17744.0
1753546982647,16:23:02.647,1INCH/USDT:USDT,0.2826,11273.0,0.2825,16521.0,0.2827,448.0,0.2828,17709.0
1753546982749,16:23:02.749,1INCH/USDT:USDT,0.2826,11273.0,0.2825,16499.0,0.2827,507.0,0.2828,17648.0
1753546982859,16:23:02.859,1INCH/USDT:USDT,0.2826,11724.0,0.2825,17863.0,0.2827,59.0,0.2828,19594.0
1753546982971,16:23:02.971,1INCH/USDT:USDT,0.2827,2222.0,0.2826,12435.0,0.2828,16481.0,0.2829,20527.0
1753546983072,16:23:03.072,1INCH/USDT:USDT,0.2827,1936.0,0.2826,14630.0,0.2828,13401.0,0.2829,21058.0
1753546983179,16:23:03.179,1INCH/USDT:USDT,0.2827,1936.0,0.2826,14630.0,0.2828,10631.0,0.2829,23828.0
1753546983304,16:23:03.304,1INCH/USDT:USDT,0.2827,1936.0,0.2826,14256.0,0.2828,11455.0,0.2829,23828.0
1753546983408,16:23:03.408,1INCH/USDT:USDT,0.2827,1936.0,0.2826,14256.0,0.2828,11455.0,0.2829,24180.0
1753546983534,16:23:03.534,1INCH/USDT:USDT,0.2827,1936.0,0.2826,14256.0,0.2828,15455.0,0.2829,24533.0
1753546983676,16:23:03.676,1INCH/USDT:USDT,0.2826,14056.0,0.2825,16705.0,0.2828,17564.0,0.2829,25259.0
1753546983777,16:23:03.777,1INCH/USDT:USDT,0.2826,11903.0,0.2825,16705.0,0.2827,316.0,0.2828,20101.0
1753546983881,16:23:03.881,1INCH/USDT:USDT,0.2826,13518.0,0.2825,16705.0,0.2827,1935.0,0.2828,18507.0
1753546983991,16:23:03.991,1INCH/USDT:USDT,0.2826,13518.0,0.2825,16705.0,0.2827,1935.0,0.2828,18507.0
1753546984101,16:23:04.101,1INCH/USDT:USDT,0.2826,13518.0,0.2825,16705.0,0.2827,1935.0,0.2828,18507.0
1753546984206,16:23:04.206,1INCH/USDT:USDT,0.2826,13518.0,0.2825,16705.0,0.2827,1935.0,0.2828,18507.0
1753546984316,16:23:04.316,1INCH/USDT:USDT,0.2826,13518.0,0.2825,16705.0,0.2827,1935.0,0.2828,18507.0
1753546984417,16:23:04.417,1INCH/USDT:USDT,0.2826,13518.0,0.2825,17055.0,0.2827,1678.0,0.2828,18507.0
1753546984518,16:23:04.518,1INCH/USDT:USDT,0.2826,13459.0,0.2825,18994.0,0.2827,1499.0,0.2828,18516.0
1753546984629,16:23:04.629,1INCH/USDT:USDT,0.2826,13459.0,0.2825,22215.0,0.2827,1177.0,0.2828,20150.0
1753546984741,16:23:04.741,1INCH/USDT:USDT,0.2827,1909.0,0.2826,11880.0,0.2828,16125.0,0.2829,24711.0
1753546984853,16:23:04.853,1INCH/USDT:USDT,0.2827,1968.0,0.2826,11880.0,0.2828,16184.0,0.2829,24711.0
1753546985185,16:23:05.185,1INCH/USDT:USDT,0.2827,1968.0,0.2826,11898.0,0.2828,16184.0,0.2829,24711.0
1753546985288,16:23:05.288,1INCH/USDT:USDT,0.2827,1968.0,0.2826,11898.0,0.2828,16184.0,0.2829,24711.0
1753546985546,16:23:05.546,1INCH/USDT:USDT,0.2827,1968.0,0.2826,18013.0,0.2828,16184.0,0.2829,26120.0
1753546985651,16:23:05.651,1INCH/USDT:USDT,0.2827,1968.0,0.2826,18013.0,0.2828,16184.0,0.2829,26120.0
1753546985796,16:23:05.796,1INCH/USDT:USDT,0.2827,1968.0,0.2826,18013.0,0.2828,16184.0,0.2829,26120.0
1753546986097,16:23:06.097,1INCH/USDT:USDT,0.2827,1968.0,0.2826,18488.0,0.2828,16184.0,0.2829,26120.0
1753546986230,16:23:06.230,1INCH/USDT:USDT,0.2827,4925.0,0.2826,17949.0,0.2828,11409.0,0.2829,25237.0
1753546986334,16:23:06.334,1INCH/USDT:USDT,0.2827,10440.0,0.2826,19722.0,0.2828,3238.0,0.2829,22199.0
1753546986515,16:23:06.515,1INCH/USDT:USDT,0.2827,14440.0,0.2826,19722.0,0.2828,883.0,0.2829,20032.0
1753546986621,16:23:06.621,1INCH/USDT:USDT,0.2827,14440.0,0.2826,20737.0,0.2828,883.0,0.2829,18366.0
1753546986724,16:23:06.724,1INCH/USDT:USDT,0.2827,15151.0,0.2826,20553.0,0.2828,883.0,0.2829,17835.0
1753546986936,16:23:06.936,1INCH/USDT:USDT,0.2827,15151.0,0.2826,20553.0,0.2828,883.0,0.2829,17835.0
1753546987042,16:23:07.042,1INCH/USDT:USDT,0.2827,15151.0,0.2826,20553.0,0.2828,883.0,0.2829,17835.0
1753546987188,16:23:07.188,1INCH/USDT:USDT,0.2827,15151.0,0.2826,20553.0,0.2828,883.0,0.2829,17835.0
1753546987431,16:23:07.431,1INCH/USDT:USDT,0.2827,15151.0,0.2826,20903.0,0.2828,883.0,0.2829,17835.0
1753546987563,16:23:07.563,1INCH/USDT:USDT,0.2827,15151.0,0.2826,20903.0,0.2828,883.0,0.2829,17483.0
1753546987703,16:23:07.703,1INCH/USDT:USDT,0.2827,15151.0,0.2826,21255.0,0.2828,883.0,0.2829,16593.0
1753546987846,16:23:07.846,1INCH/USDT:USDT,0.2827,15151.0,0.2826,21608.0,0.2828,883.0,0.2829,16593.0
1753546987953,16:23:07.953,1INCH/USDT:USDT,0.2827,15151.0,0.2826,21608.0,0.2828,883.0,0.2829,16593.0
1753546988091,16:23:08.091,1INCH/USDT:USDT,0.2827,15151.0,0.2826,21608.0,0.2828,1059.0,0.2829,16593.0
1753546988308,16:23:08.308,1INCH/USDT:USDT,0.2827,15202.0,0.2826,21608.0,0.2828,1059.0,0.2829,16593.0
1753546988548,16:23:08.548,1INCH/USDT:USDT,0.2827,15202.0,0.2826,22314.0,0.2828,1059.0,0.2829,13823.0
1753546988655,16:23:08.655,1INCH/USDT:USDT,0.2827,15202.0,0.2826,22314.0,0.2828,1059.0,0.2829,13823.0
1753546988981,16:23:08.981,1INCH/USDT:USDT,0.2827,15202.0,0.2826,22314.0,0.2828,1059.0,0.2829,13823.0
1753546989105,16:23:09.105,1INCH/USDT:USDT,0.2827,15202.0,0.2826,22314.0,0.2828,1059.0,0.2829,13823.0
1753546989445,16:23:09.445,1INCH/USDT:USDT,0.2827,15202.0,0.2826,22314.0,0.2828,1059.0,0.2829,13858.0
1753546989686,16:23:09.686,1INCH/USDT:USDT,0.2827,15202.0,0.2826,22314.0,0.2828,1059.0,0.2829,13858.0
1753546989800,16:23:09.800,1INCH/USDT:USDT,0.2827,15202.0,0.2826,23359.0,0.2828,1059.0,0.2829,13858.0
1753546990309,16:23:10.309,1INCH/USDT:USDT,0.2827,15202.0,0.2826,24876.0,0.2828,1059.0,0.2829,13858.0
1753546990631,16:23:10.631,1INCH/USDT:USDT,0.2827,15576.0,0.2826,25726.0,0.2828,1059.0,0.2829,13858.0
1753546990746,16:23:10.746,1INCH/USDT:USDT,0.2827,15576.0,0.2826,25726.0,0.2828,1085.0,0.2829,13858.0
1753546991046,16:23:11.046,1INCH/USDT:USDT,0.2828,9187.0,0.2827,18801.0,0.2829,10587.0,0.283,29809.0
1753546991150,16:23:11.150,1INCH/USDT:USDT,0.2828,9726.0,0.2827,18380.0,0.2829,3779.0,0.283,30587.0
1753546991256,16:23:11.256,1INCH/USDT:USDT,0.2828,9726.0,0.2827,18380.0,0.2829,3899.0,0.283,30587.0
1753546991358,16:23:11.358,1INCH/USDT:USDT,0.2828,9726.0,0.2827,19106.0,0.2829,3899.0,0.283,30587.0
1753546991492,16:23:11.492,1INCH/USDT:USDT,0.2828,13726.0,0.2827,19106.0,0.2829,3899.0,0.283,27818.0
1753546991609,16:23:11.609,1INCH/USDT:USDT,0.2828,13726.0,0.2827,19106.0,0.2829,3899.0,0.283,27818.0
1753546991802,16:23:11.802,1INCH/USDT:USDT,0.2828,13726.0,0.2827,19106.0,0.2829,3899.0,0.283,27818.0
1753546992063,16:23:12.063,1INCH/USDT:USDT,0.2828,13726.0,0.2827,21077.0,0.2829,3899.0,0.283,27818.0
1753546992267,16:23:12.267,1INCH/USDT:USDT,0.2828,13726.0,0.2827,21077.0,0.2829,3899.0,0.283,27818.0
1753546992376,16:23:12.376,1INCH/USDT:USDT,0.2828,13726.0,0.2827,21077.0,0.2829,3899.0,0.283,27818.0
1753546992577,16:23:12.577,1INCH/USDT:USDT,0.2828,13726.0,0.2827,22553.0,0.2829,3899.0,0.283,27818.0
1753546992849,16:23:12.849,1INCH/USDT:USDT,0.2828,13832.0,0.2827,22553.0,0.2829,3899.0,0.283,27818.0
1753546993002,16:23:13.002,1INCH/USDT:USDT,0.2828,13832.0,0.2827,22553.0,0.2829,3899.0,0.283,27818.0
1753546993109,16:23:13.109,1INCH/USDT:USDT,0.2828,13832.0,0.2827,22553.0,0.2829,3899.0,0.283,27818.0
1753546993216,16:23:13.216,1INCH/USDT:USDT,0.2828,13832.0,0.2827,22553.0,0.2829,1202.0,0.283,27040.0
1753546993481,16:23:13.481,1INCH/USDT:USDT,0.2828,13832.0,0.2827,22553.0,0.2829,1202.0,0.283,28928.0
1753546993602,16:23:13.602,1INCH/USDT:USDT,0.2828,13832.0,0.2827,22905.0,0.2829,1202.0,0.283,28928.0
1753546993736,16:23:13.736,1INCH/USDT:USDT,0.2828,13832.0,0.2827,22905.0,0.2829,1399.0,0.283,28928.0
1753546993972,16:23:13.972,1INCH/USDT:USDT,0.2828,14222.0,0.2827,22905.0,0.2829,612.0,0.283,23281.0
1753546994078,16:23:14.078,1INCH/USDT:USDT,0.2828,14222.0,0.2827,22905.0,0.2829,612.0,0.283,22927.0
1753546994288,16:23:14.288,1INCH/USDT:USDT,0.2828,14222.0,0.2827,22905.0,0.2829,519.0,0.283,22927.0
1753546994562,16:23:14.562,1INCH/USDT:USDT,0.2828,14222.0,0.2827,23255.0,0.2829,519.0,0.283,22927.0
1753546994666,16:23:14.666,1INCH/USDT:USDT,0.2828,14222.0,0.2827,23255.0,0.2829,519.0,0.283,22927.0
1753546995221,16:23:15.221,1INCH/USDT:USDT,0.2828,14222.0,0.2827,23607.0,0.2829,606.0,0.283,22927.0
1753546995553,16:23:15.553,1INCH/USDT:USDT,0.2828,14222.0,0.2827,23607.0,0.2829,768.0,0.283,22927.0
1753546995702,16:23:15.702,1INCH/USDT:USDT,0.2828,14222.0,0.2827,23607.0,0.2829,768.0,0.283,22927.0
1753546995828,16:23:15.828,1INCH/USDT:USDT,0.2828,14222.0,0.2827,23607.0,0.2829,768.0,0.283,22927.0
1753546996054,16:23:16.054,1INCH/USDT:USDT,0.2828,14222.0,0.2827,24301.0,0.2829,768.0,0.283,22927.0
1753546996173,16:23:16.173,1INCH/USDT:USDT,0.2828,14222.0,0.2827,24301.0,0.2829,681.0,0.283,22927.0
1753546996298,16:23:16.298,1INCH/USDT:USDT,0.2828,15440.0,0.2827,24418.0,0.2829,681.0,0.283,22044.0
1753546996406,16:23:16.406,1INCH/USDT:USDT,0.2828,15440.0,0.2827,24418.0,0.2829,681.0,0.283,19961.0
1753546996579,16:23:16.579,1INCH/USDT:USDT,0.2828,9223.0,0.2827,23557.0,0.2829,4899.0,0.283,18073.0
1753546996787,16:23:16.787,1INCH/USDT:USDT,0.2828,9282.0,0.2827,22549.0,0.2829,4958.0,0.283,21177.0
1753546996901,16:23:16.901,1INCH/USDT:USDT,0.2828,9282.0,0.2827,22549.0,0.2829,4240.0,0.283,21177.0
1753546997140,16:23:17.140,1INCH/USDT:USDT,0.2828,9282.0,0.2827,22549.0,0.2829,681.0,0.283,21177.0
1753546997250,16:23:17.250,1INCH/USDT:USDT,0.2828,9282.0,0.2827,22549.0,0.2829,681.0,0.283,21177.0
1753546997386,16:23:17.386,1INCH/USDT:USDT,0.2828,13282.0,0.2827,22549.0,0.2829,681.0,0.283,22718.0
1753546997507,16:23:17.507,1INCH/USDT:USDT,0.2828,13734.0,0.2827,23431.0,0.2829,643.0,0.283,22718.0
1753546997689,16:23:17.689,1INCH/USDT:USDT,0.2828,13734.0,0.2827,22901.0,0.2829,643.0,0.283,22718.0
1753546997902,16:23:17.902,1INCH/USDT:USDT,0.2828,13734.0,0.2827,22901.0,0.2829,643.0,0.283,22718.0
1753546998264,16:23:18.264,1INCH/USDT:USDT,0.2828,9734.0,0.2827,22901.0,0.2829,643.0,0.283,22718.0
1753546998370,16:23:18.370,1INCH/USDT:USDT,0.2828,9734.0,0.2827,22901.0,0.2829,643.0,0.283,23601.0
1753546998502,16:23:18.502,1INCH/USDT:USDT,0.2828,9734.0,0.2827,22901.0,0.2829,643.0,0.283,23601.0
1753546999102,16:23:19.102,1INCH/USDT:USDT,0.2828,9734.0,0.2827,22901.0,0.2829,643.0,0.283,23601.0
1753546999571,16:23:19.571,1INCH/USDT:USDT,0.2828,13734.0,0.2827,22901.0,0.2829,622.0,0.283,23601.0
1753546999702,16:23:19.702,1INCH/USDT:USDT,0.2828,13734.0,0.2827,22901.0,0.2829,622.0,0.283,23601.0
1753546999866,16:23:19.866,1INCH/USDT:USDT,0.2828,13734.0,0.2827,23253.0,0.2829,622.0,0.283,23601.0
1753547000232,16:23:20.232,1INCH/USDT:USDT,0.2828,13734.0,0.2827,23253.0,0.2829,622.0,0.283,23601.0
1753547000334,16:23:20.334,1INCH/USDT:USDT,0.2828,13734.0,0.2827,23253.0,0.2829,622.0,0.283,23601.0
1753547000617,16:23:20.617,1INCH/USDT:USDT,0.2828,13734.0,0.2827,22810.0,0.2829,622.0,0.283,23601.0
1753547000908,16:23:20.908,1INCH/USDT:USDT,0.2828,13734.0,0.2827,23163.0,0.2829,622.0,0.283,23601.0
1753547001386,16:23:21.386,1INCH/USDT:USDT,0.2828,13734.0,0.2827,23163.0,0.2829,622.0,0.283,23601.0
1753547001496,16:23:21.496,1INCH/USDT:USDT,0.2828,9734.0,0.2827,21990.0,0.2829,2401.0,0.283,22060.0
1753547001620,16:23:21.620,1INCH/USDT:USDT,0.2828,9734.0,0.2827,21638.0,0.2829,2401.0,0.283,22060.0
1753547001759,16:23:21.759,1INCH/USDT:USDT,0.2828,9734.0,0.2827,21638.0,0.2829,2401.0,0.283,22060.0
1753547001911,16:23:21.911,1INCH/USDT:USDT,0.2828,9734.0,0.2827,21638.0,0.2829,2401.0,0.283,22060.0
1753547002025,16:23:22.025,1INCH/USDT:USDT,0.2828,9734.0,0.2827,21257.0,0.2829,2639.0,0.283,22060.0
1753547002333,16:23:22.333,1INCH/USDT:USDT,0.2828,9734.0,0.2827,21257.0,0.2829,2639.0,0.283,22060.0
1753547002502,16:23:22.502,1INCH/USDT:USDT,0.2828,9734.0,0.2827,21257.0,0.2829,2639.0,0.283,22060.0
1753547002608,16:23:22.608,1INCH/USDT:USDT,0.2828,9734.0,0.2827,21257.0,0.2829,2639.0,0.283,22060.0
1753547002709,16:23:22.709,1INCH/USDT:USDT,0.2828,9734.0,0.2827,21257.0,0.2829,2639.0,0.283,22060.0
1753547003095,16:23:23.095,1INCH/USDT:USDT,0.2828,9300.0,0.2827,21257.0,0.2829,2639.0,0.283,22060.0
1753547003359,16:23:23.359,1INCH/USDT:USDT,0.2828,13300.0,0.2827,21257.0,0.2829,2639.0,0.283,22060.0
1753547003468,16:23:23.468,1INCH/USDT:USDT,0.2828,13300.0,0.2827,21609.0,0.2829,860.0,0.283,22060.0
1753547003577,16:23:23.577,1INCH/USDT:USDT,0.2828,13300.0,0.2827,21609.0,0.2829,860.0,0.283,22060.0
1753547003694,16:23:23.694,1INCH/USDT:USDT,0.2828,13300.0,0.2827,21609.0,0.2829,860.0,0.283,23963.0
1753547003927,16:23:23.927,1INCH/USDT:USDT,0.2828,13300.0,0.2827,21609.0,0.2829,947.0,0.283,23963.0
1753547004152,16:23:24.152,1INCH/USDT:USDT,0.2828,13300.0,0.2827,21609.0,0.2829,947.0,0.283,23963.0
1753547004257,16:23:24.257,1INCH/USDT:USDT,0.2828,13300.0,0.2827,21609.0,0.2829,860.0,0.283,23963.0
1753547004569,16:23:24.569,1INCH/USDT:USDT,0.2828,13300.0,0.2827,21962.0,0.2829,860.0,0.283,23963.0
1753547004702,16:23:24.702,1INCH/USDT:USDT,0.2828,13300.0,0.2827,21962.0,0.2829,860.0,0.283,23963.0
1753547004841,16:23:24.841,1INCH/USDT:USDT,0.2828,13300.0,0.2827,22668.0,0.2829,860.0,0.283,23963.0
1753547005111,16:23:25.111,1INCH/USDT:USDT,0.2828,9318.0,0.2827,22668.0,0.2829,2442.0,0.283,22060.0
1753547005214,16:23:25.214,1INCH/USDT:USDT,0.2828,9318.0,0.2827,22841.0,0.2829,860.0,0.283,22060.0
1753547005336,16:23:25.336,1INCH/USDT:USDT,0.2828,13318.0,0.2827,22841.0,0.2829,860.0,0.283,22060.0
1753547005538,16:23:25.538,1INCH/USDT:USDT,0.2828,9318.0,0.2827,22488.0,0.2829,2624.0,0.283,22060.0
1753547005650,16:23:25.650,1INCH/USDT:USDT,0.2828,9318.0,0.2827,21783.0,0.2829,2624.0,0.283,22060.0
1753547005802,16:23:25.802,1INCH/USDT:USDT,0.2828,9318.0,0.2827,23235.0,0.2829,2624.0,0.283,22060.0
1753547005905,16:23:25.905,1INCH/USDT:USDT,0.2828,9318.0,0.2827,23235.0,0.2829,2624.0,0.283,23048.0
1753547006067,16:23:26.067,1INCH/USDT:USDT,0.2828,9318.0,0.2827,23235.0,0.2829,2775.0,0.283,23048.0
1753547006297,16:23:26.297,1INCH/USDT:USDT,0.2828,9318.0,0.2827,22882.0,0.2829,2775.0,0.283,23048.0
1753547006528,16:23:26.528,1INCH/USDT:USDT,0.2828,9337.0,0.2827,22882.0,0.2829,2775.0,0.283,23048.0
1753547006956,16:23:26.956,1INCH/USDT:USDT,0.2828,9337.0,0.2827,22882.0,0.2829,2775.0,0.283,23048.0
1753547007110,16:23:27.110,1INCH/USDT:USDT,0.2828,9337.0,0.2827,23234.0,0.2829,2952.0,0.283,23048.0
1753547007314,16:23:27.314,1INCH/USDT:USDT,0.2828,13337.0,0.2827,23234.0,0.2829,2952.0,0.283,23048.0
1753547007502,16:23:27.502,1INCH/USDT:USDT,0.2828,13337.0,0.2827,23234.0,0.2829,2952.0,0.283,23048.0
1753547007605,16:23:27.605,1INCH/USDT:USDT,0.2828,13337.0,0.2827,23234.0,0.2829,1188.0,0.283,23048.0
1753547007726,16:23:27.726,1INCH/USDT:USDT,0.2828,13337.0,0.2827,25049.0,0.2829,1188.0,0.283,23048.0
1753547007828,16:23:27.828,1INCH/USDT:USDT,0.2828,13337.0,0.2827,23234.0,0.2829,1188.0,0.283,24915.0
1753547008102,16:23:28.102,1INCH/USDT:USDT,0.2828,13337.0,0.2827,23234.0,0.2829,1279.0,0.283,24915.0
1753547008702,16:23:28.702,1INCH/USDT:USDT,0.2828,13337.0,0.2827,23234.0,0.2829,1279.0,0.283,24915.0
1753547008934,16:23:28.934,1INCH/USDT:USDT,0.2828,13337.0,0.2827,23234.0,0.2829,1279.0,0.283,24915.0
1753547009302,16:23:29.302,1INCH/USDT:USDT,0.2828,9337.0,0.2827,22882.0,0.2829,5978.0,0.283,23048.0
1753547009427,16:23:29.427,1INCH/USDT:USDT,0.2828,8798.0,0.2827,22530.0,0.2829,7077.0,0.283,23048.0
1753547009529,16:23:29.529,1INCH/USDT:USDT,0.2828,1438.0,0.2827,16035.0,0.2829,11077.0,0.283,28697.0
1753547009642,16:23:29.642,1INCH/USDT:USDT,0.2828,1438.0,0.2827,15324.0,0.2829,11077.0,0.283,28697.0
1753547009758,16:23:29.758,1INCH/USDT:USDT,0.2828,1438.0,0.2827,16626.0,0.2829,11077.0,0.283,28697.0
1753547009861,16:23:29.861,1INCH/USDT:USDT,0.2828,1438.0,0.2827,16626.0,0.2829,11077.0,0.283,28697.0
1753547009983,16:23:29.983,1INCH/USDT:USDT,0.2828,1438.0,0.2827,16252.0,0.2829,11224.0,0.283,28697.0
1753547010279,16:23:30.279,1INCH/USDT:USDT,0.2828,1438.0,0.2827,16252.0,0.2829,11224.0,0.283,28697.0
1753547010398,16:23:30.398,1INCH/USDT:USDT,0.2828,1438.0,0.2827,16252.0,0.2829,11224.0,0.283,26667.0
1753547010507,16:23:30.507,1INCH/USDT:USDT,0.2828,1438.0,0.2827,16111.0,0.2829,11224.0,0.283,27372.0
1753547010753,16:23:30.753,1INCH/USDT:USDT,0.2828,1438.0,0.2827,16111.0,0.2829,16739.0,0.283,27372.0
1753547010902,16:23:30.902,1INCH/USDT:USDT,0.2828,3199.0,0.2827,14048.0,0.2829,16739.0,0.283,27372.0
1753547011052,16:23:31.052,1INCH/USDT:USDT,0.2828,3199.0,0.2827,14048.0,0.2829,16739.0,0.283,27372.0
1753547011447,16:23:31.447,1INCH/USDT:USDT,0.2828,220.0,0.2827,14048.0,0.2829,16739.0,0.283,27372.0
1753547011555,16:23:31.555,1INCH/USDT:USDT,0.2828,2046.0,0.2827,14422.0,0.2829,12739.0,0.283,27372.0
1753547012002,16:23:32.002,1INCH/USDT:USDT,0.2828,2046.0,0.2827,14422.0,0.2829,12739.0,0.283,27372.0
1753547012307,16:23:32.307,1INCH/USDT:USDT,0.2828,2046.0,0.2827,14422.0,0.2829,12739.0,0.283,27372.0
1753547012868,16:23:32.868,1INCH/USDT:USDT,0.2828,220.0,0.2827,15964.0,0.2829,12739.0,0.283,27372.0
1753547013003,16:23:33.003,1INCH/USDT:USDT,0.2828,220.0,0.2827,15964.0,0.2829,12739.0,0.283,27372.0
1753547013202,16:23:33.202,1INCH/USDT:USDT,0.2828,220.0,0.2827,15964.0,0.2829,16739.0,0.283,27372.0
1753547013447,16:23:33.447,1INCH/USDT:USDT,0.2828,220.0,0.2827,15964.0,0.2829,16739.0,0.283,27372.0
1753547013563,16:23:33.563,1INCH/USDT:USDT,0.2828,220.0,0.2827,15964.0,0.2829,16739.0,0.283,28406.0
1753547013704,16:23:33.704,1INCH/USDT:USDT,0.2828,220.0,0.2827,15964.0,0.2829,16739.0,0.283,28758.0
1753547013823,16:23:33.823,1INCH/USDT:USDT,0.2828,220.0,0.2827,15964.0,0.2829,16739.0,0.283,28758.0
1753547014205,16:23:34.205,1INCH/USDT:USDT,0.2828,220.0,0.2827,18964.0,0.2829,12739.0,0.283,28758.0
1753547014315,16:23:34.315,1INCH/USDT:USDT,0.2828,220.0,0.2827,15964.0,0.2829,12739.0,0.283,28758.0
1753547014523,16:23:34.523,1INCH/USDT:USDT,0.2828,220.0,0.2827,15964.0,0.2829,12739.0,0.283,29110.0
1753547014731,16:23:34.731,1INCH/USDT:USDT,0.2828,220.0,0.2827,15964.0,0.2829,12915.0,0.283,29110.0
1753547014836,16:23:34.836,1INCH/USDT:USDT,0.2828,220.0,0.2827,15964.0,0.2829,12915.0,0.283,29110.0
1753547014970,16:23:34.970,1INCH/USDT:USDT,0.2828,220.0,0.2827,15964.0,0.2829,12915.0,0.283,29110.0
1753547015225,16:23:35.225,1INCH/USDT:USDT,0.2828,220.0,0.2827,19964.0,0.2829,17009.0,0.283,29110.0
1753547015585,16:23:35.585,1INCH/USDT:USDT,0.2828,220.0,0.2827,19964.0,0.2829,17009.0,0.283,29110.0
1753547015959,16:23:35.959,1INCH/USDT:USDT,0.2828,2487.0,0.2827,18538.0,0.2829,11930.0,0.283,29110.0
1753547016065,16:23:36.065,1INCH/USDT:USDT,0.2828,2487.0,0.2827,18314.0,0.2829,11930.0,0.283,28781.0
1753547016453,16:23:36.453,1INCH/USDT:USDT,0.2828,2487.0,0.2827,18314.0,0.2829,11930.0,0.283,28076.0
1753547016555,16:23:36.555,1INCH/USDT:USDT,0.2828,2025.0,0.2827,18314.0,0.2829,11956.0,0.283,27724.0
1753547016666,16:23:36.666,1INCH/USDT:USDT,0.2828,2025.0,0.2827,18314.0,0.2829,11956.0,0.283,27372.0
1753547016801,16:23:36.801,1INCH/USDT:USDT,0.2828,2044.0,0.2827,18314.0,0.2829,11956.0,0.283,27372.0
1753547016974,16:23:36.974,1INCH/USDT:USDT,0.2828,2044.0,0.2827,18314.0,0.2829,11975.0,0.283,27372.0
1753547017218,16:23:37.218,1INCH/USDT:USDT,0.2828,239.0,0.2827,18314.0,0.2829,11975.0,0.283,27372.0
1753547017466,16:23:37.466,1INCH/USDT:USDT,0.2828,2292.0,0.2827,18314.0,0.2829,7975.0,0.283,27372.0
1753547017602,16:23:37.602,1INCH/USDT:USDT,0.2828,2292.0,0.2827,18314.0,0.2829,7975.0,0.283,27372.0
1753547017715,16:23:37.715,1INCH/USDT:USDT,0.2828,2292.0,0.2827,18314.0,0.2829,7975.0,0.283,27372.0
1753547018205,16:23:38.205,1INCH/USDT:USDT,0.2828,2292.0,0.2827,18314.0,0.2829,7975.0,0.283,27372.0
1753547018355,16:23:38.355,1INCH/USDT:USDT,0.2828,2292.0,0.2827,18314.0,0.2829,7975.0,0.283,27372.0
1753547018553,16:23:38.553,1INCH/USDT:USDT,0.2828,2292.0,0.2827,18314.0,0.2829,7975.0,0.283,27372.0
1753547018702,16:23:38.702,1INCH/USDT:USDT,0.2828,2292.0,0.2827,18314.0,0.2829,7975.0,0.283,27372.0
1753547018901,16:23:38.901,1INCH/USDT:USDT,0.2828,2292.0,0.2827,18314.0,0.2829,7975.0,0.283,27372.0
1753547019202,16:23:39.202,1INCH/USDT:USDT,0.2828,2292.0,0.2827,18314.0,0.2829,7975.0,0.283,27372.0
1753547019402,16:23:39.402,1INCH/USDT:USDT,0.2828,2292.0,0.2827,18314.0,0.2829,7975.0,0.283,27372.0
1753547019671,16:23:39.671,1INCH/USDT:USDT,0.2828,2292.0,0.2827,17588.0,0.2829,9789.0,0.283,27020.0
1753547019795,16:23:39.795,1INCH/USDT:USDT,0.2828,239.0,0.2827,17588.0,0.2829,9789.0,0.283,27020.0
1753547019926,16:23:39.926,1INCH/USDT:USDT,0.2828,239.0,0.2827,19420.0,0.2829,9789.0,0.283,27020.0
1753547020116,16:23:40.116,1INCH/USDT:USDT,0.2828,6027.0,0.2827,18314.0,0.2829,9789.0,0.283,27020.0
1753547020286,16:23:40.286,1INCH/USDT:USDT,0.2828,6027.0,0.2827,18523.0,0.2829,9789.0,0.283,27020.0
1753547020629,16:23:40.629,1INCH/USDT:USDT,0.2828,2027.0,0.2827,18523.0,0.2829,9789.0,0.283,27020.0
1753547020902,16:23:40.902,1INCH/USDT:USDT,0.2828,2027.0,0.2827,18523.0,0.2829,9789.0,0.283,27020.0
1753547021102,16:23:41.102,1INCH/USDT:USDT,0.2828,2027.0,0.2827,18523.0,0.2829,9789.0,0.283,27020.0
1753547021281,16:23:41.281,1INCH/USDT:USDT,0.2828,2027.0,0.2827,17797.0,0.2829,9789.0,0.283,27020.0
1753547021495,16:23:41.495,1INCH/USDT:USDT,0.2828,2027.0,0.2827,17797.0,0.2829,9789.0,0.283,27020.0
1753547021602,16:23:41.602,1INCH/USDT:USDT,0.2828,2027.0,0.2827,18071.0,0.2829,9789.0,0.283,27020.0
1753547021802,16:23:41.802,1INCH/USDT:USDT,0.2828,2027.0,0.2827,18071.0,0.2829,9789.0,0.283,27020.0
1753547021910,16:23:41.910,1INCH/USDT:USDT,0.2828,2027.0,0.2827,18414.0,0.2829,9789.0,0.283,27020.0
1753547022226,16:23:42.226,1INCH/USDT:USDT,0.2828,2066.0,0.2827,18414.0,0.2829,9789.0,0.283,27020.0
1753547022345,16:23:42.345,1INCH/USDT:USDT,0.2828,2066.0,0.2827,18414.0,0.2829,9789.0,0.283,27020.0
1753547022460,16:23:42.460,1INCH/USDT:USDT,0.2828,2066.0,0.2827,18414.0,0.2829,10077.0,0.283,27020.0
1753547022602,16:23:42.602,1INCH/USDT:USDT,0.2828,2066.0,0.2827,18414.0,0.2829,10077.0,0.283,27020.0
1753547022802,16:23:42.802,1INCH/USDT:USDT,0.2828,2066.0,0.2827,18414.0,0.2829,10077.0,0.283,27020.0
1753547023109,16:23:43.109,1INCH/USDT:USDT,0.2828,6066.0,0.2827,18414.0,0.2829,9915.0,0.283,27020.0
1753547023303,16:23:43.303,1INCH/USDT:USDT,0.2828,6066.0,0.2827,19140.0,0.2829,9915.0,0.283,27020.0
1753547023439,16:23:43.439,1INCH/USDT:USDT,0.2828,6066.0,0.2827,19140.0,0.2829,9915.0,0.283,26667.0
1753547023665,16:23:43.665,1INCH/USDT:USDT,0.2828,6066.0,0.2827,19140.0,0.2829,9915.0,0.283,26667.0
1753547023768,16:23:43.768,1INCH/USDT:USDT,0.2828,2066.0,0.2827,19140.0,0.2829,9915.0,0.283,26667.0
1753547023906,16:23:43.906,1INCH/USDT:USDT,0.2828,2066.0,0.2827,19140.0,0.2829,9915.0,0.283,26667.0
1753547024125,16:23:44.125,1INCH/USDT:USDT,0.2828,2066.0,0.2827,19140.0,0.2829,13915.0,0.283,26667.0
1753547024302,16:23:44.302,1INCH/USDT:USDT,0.2828,2066.0,0.2827,19140.0,0.2829,14100.0,0.283,26667.0
1753547024490,16:23:44.490,1INCH/USDT:USDT,0.2828,2066.0,0.2827,19140.0,0.2829,14100.0,0.283,26667.0
1753547024593,16:23:44.593,1INCH/USDT:USDT,0.2828,2066.0,0.2827,19140.0,0.2829,14100.0,0.283,26667.0
1753547024802,16:23:44.802,1INCH/USDT:USDT,0.2828,278.0,0.2827,18414.0,0.2829,14190.0,0.283,26667.0
1753547024925,16:23:44.925,1INCH/USDT:USDT,0.2828,278.0,0.2827,18414.0,0.2829,14190.0,0.283,27372.0
1753547025102,16:23:45.102,1INCH/USDT:USDT,0.2828,278.0,0.2827,20127.0,0.2829,14190.0,0.283,27372.0
1753547025254,16:23:45.254,1INCH/USDT:USDT,0.2828,278.0,0.2827,20127.0,0.2829,14228.0,0.283,27372.0
1753547025375,16:23:45.375,1INCH/USDT:USDT,0.2828,278.0,0.2827,20127.0,0.2829,14228.0,0.283,27372.0
1753547025565,16:23:45.565,1INCH/USDT:USDT,0.2828,278.0,0.2827,20127.0,0.2829,14228.0,0.283,27724.0
1753547025702,16:23:45.702,1INCH/USDT:USDT,0.2828,278.0,0.2827,20127.0,0.2829,14188.0,0.283,27724.0
1753547025900,16:23:45.900,1INCH/USDT:USDT,0.2828,2073.0,0.2827,18414.0,0.2829,10188.0,0.283,27724.0
1753547026034,16:23:46.034,1INCH/USDT:USDT,0.2828,278.0,0.2827,18024.0,0.2829,12218.0,0.283,38010.0
1753547026185,16:23:46.185,1INCH/USDT:USDT,0.2828,278.0,0.2827,18024.0,0.2829,12218.0,0.283,38010.0
1753547026312,16:23:46.312,1INCH/USDT:USDT,0.2828,278.0,0.2827,19880.0,0.2829,10188.0,0.283,33019.0
1753547026446,16:23:46.446,1INCH/USDT:USDT,0.2828,278.0,0.2827,19880.0,0.2829,10188.0,0.283,33019.0
1753547026702,16:23:46.702,1INCH/USDT:USDT,0.2828,278.0,0.2827,19880.0,0.2829,10188.0,0.283,33019.0
1753547026976,16:23:46.976,1INCH/USDT:USDT,0.2828,278.0,0.2827,19880.0,0.2829,10188.0,0.283,33019.0
1753547027091,16:23:47.091,1INCH/USDT:USDT,0.2828,278.0,0.2827,20261.0,0.2829,14188.0,0.283,33019.0
1753547027302,16:23:47.302,1INCH/USDT:USDT,0.2828,278.0,0.2827,20261.0,0.2829,14228.0,0.283,33019.0
1753547027421,16:23:47.421,1INCH/USDT:USDT,0.2828,298.0,0.2827,20261.0,0.2829,14228.0,0.283,33019.0
1753547027595,16:23:47.595,1INCH/USDT:USDT,0.2828,298.0,0.2827,20261.0,0.2829,14257.0,0.283,33000.0
1753547027902,16:23:47.902,1INCH/USDT:USDT,0.2828,298.0,0.2827,20261.0,0.2829,14217.0,0.283,33000.0
1753547028502,16:23:48.502,1INCH/USDT:USDT,0.2828,298.0,0.2827,20261.0,0.2829,14217.0,0.283,33000.0
1753547028958,16:23:48.958,1INCH/USDT:USDT,0.2827,19284.0,0.2826,22537.0,0.2828,5800.0,0.2829,17657.0
1753547029062,16:23:49.062,1INCH/USDT:USDT,0.2827,19284.0,0.2826,22537.0,0.2828,5471.0,0.2829,17697.0
1753547029167,16:23:49.167,1INCH/USDT:USDT,0.2827,19284.0,0.2826,22537.0,0.2828,5214.0,0.2829,17697.0
1753547029302,16:23:49.302,1INCH/USDT:USDT,0.2827,19284.0,0.2826,22537.0,0.2828,5214.0,0.2829,17697.0
1753547029432,16:23:49.432,1INCH/USDT:USDT,0.2827,19284.0,0.2826,22887.0,0.2828,5589.0,0.2829,16280.0
1753547029549,16:23:49.549,1INCH/USDT:USDT,0.2827,19284.0,0.2826,23240.0,0.2828,5589.0,0.2829,16280.0
1753547029652,16:23:49.652,1INCH/USDT:USDT,0.2827,15284.0,0.2826,23592.0,0.2828,5589.0,0.2829,16280.0
1753547029789,16:23:49.789,1INCH/USDT:USDT,0.2827,15284.0,0.2826,23592.0,0.2828,5589.0,0.2829,16280.0
1753547029902,16:23:49.902,1INCH/USDT:USDT,0.2827,15284.0,0.2826,23592.0,0.2828,5589.0,0.2829,16280.0
1753547030053,16:23:50.053,1INCH/USDT:USDT,0.2827,15284.0,0.2826,23168.0,0.2828,5589.0,0.2829,16280.0
1753547030198,16:23:50.198,1INCH/USDT:USDT,0.2827,14912.0,0.2826,24079.0,0.2828,3459.0,0.2829,16280.0
1753547030385,16:23:50.385,1INCH/USDT:USDT,0.2827,14912.0,0.2826,23959.0,0.2828,3459.0,0.2829,16280.0
1753547030515,16:23:50.515,1INCH/USDT:USDT,0.2827,14912.0,0.2826,23959.0,0.2828,3459.0,0.2829,16280.0
1753547030676,16:23:50.676,1INCH/USDT:USDT,0.2827,14912.0,0.2826,23959.0,0.2828,483.0,0.2829,14768.0
1753547030957,16:23:50.957,1INCH/USDT:USDT,0.2827,18912.0,0.2826,24418.0,0.2828,483.0,0.2829,16524.0
1753547031163,16:23:51.163,1INCH/USDT:USDT,0.2827,14912.0,0.2826,25545.0,0.2828,2094.0,0.2829,14768.0
1753547031276,16:23:51.276,1INCH/USDT:USDT,0.2827,14519.0,0.2826,26376.0,0.2828,2094.0,0.2829,14768.0
1753547031384,16:23:51.384,1INCH/USDT:USDT,0.2827,14519.0,0.2826,26729.0,0.2828,2094.0,0.2829,14768.0
1753547031502,16:23:51.502,1INCH/USDT:USDT,0.2827,14519.0,0.2826,27435.0,0.2828,2094.0,0.2829,14768.0
1753547031802,16:23:51.802,1INCH/USDT:USDT,0.2827,14519.0,0.2826,27435.0,0.2828,2094.0,0.2829,14768.0
1753547032047,16:23:52.047,1INCH/USDT:USDT,0.2827,14519.0,0.2826,27435.0,0.2828,2191.0,0.2829,14768.0
1753547032192,16:23:52.192,1INCH/USDT:USDT,0.2827,14519.0,0.2826,27435.0,0.2828,2191.0,0.2829,14768.0
1753547032303,16:23:52.303,1INCH/USDT:USDT,0.2827,13795.0,0.2826,28844.0,0.2828,2191.0,0.2829,14768.0
1753547032501,16:23:52.501,1INCH/USDT:USDT,0.2827,13823.0,0.2826,28844.0,0.2828,2191.0,0.2829,14768.0
1753547032625,16:23:52.625,1INCH/USDT:USDT,0.2827,13823.0,0.2826,28844.0,0.2828,2277.0,0.2829,14768.0
1753547033002,16:23:53.002,1INCH/USDT:USDT,0.2827,17823.0,0.2826,28844.0,0.2828,2277.0,0.2829,14768.0
1753547033202,16:23:53.202,1INCH/USDT:USDT,0.2827,17823.0,0.2826,28844.0,0.2828,2277.0,0.2829,14768.0
1753547033510,16:23:53.510,1INCH/USDT:USDT,0.2827,13823.0,0.2826,28844.0,0.2828,2277.0,0.2829,14768.0
1753547033702,16:23:53.702,1INCH/USDT:USDT,0.2827,13823.0,0.2826,28844.0,0.2828,2277.0,0.2829,14768.0
1753547034202,16:23:54.202,1INCH/USDT:USDT,0.2827,13823.0,0.2826,28844.0,0.2828,2277.0,0.2829,14768.0
1753547034402,16:23:54.402,1INCH/USDT:USDT,0.2827,13823.0,0.2826,28844.0,0.2828,2277.0,0.2829,14768.0
1753547034802,16:23:54.802,1INCH/USDT:USDT,0.2827,13823.0,0.2826,28844.0,0.2828,2277.0,0.2829,14768.0
1753547034997,16:23:54.997,1INCH/USDT:USDT,0.2827,13823.0,0.2826,28844.0,0.2828,2277.0,0.2829,14768.0
1753547035179,16:23:55.179,1INCH/USDT:USDT,0.2827,13823.0,0.2826,28766.0,0.2828,2310.0,0.2829,14739.0
1753547035402,16:23:55.402,1INCH/USDT:USDT,0.2827,13823.0,0.2826,28766.0,0.2828,2310.0,0.2829,14739.0
1753547035595,16:23:55.595,1INCH/USDT:USDT,0.2827,14080.0,0.2826,28766.0,0.2828,2310.0,0.2829,14739.0
1753547036002,16:23:56.002,1INCH/USDT:USDT,0.2827,14080.0,0.2826,28766.0,0.2828,2310.0,0.2829,14739.0
1753547036121,16:23:56.121,1INCH/USDT:USDT,0.2827,14080.0,0.2826,28766.0,0.2828,2461.0,0.2829,14739.0
1753547036310,16:23:56.310,1INCH/USDT:USDT,0.2827,14080.0,0.2826,28766.0,0.2828,2461.0,0.2829,14739.0
1753547036461,16:23:56.461,1INCH/USDT:USDT,0.2827,14080.0,0.2826,28766.0,0.2828,2461.0,0.2829,14739.0
1753547036802,16:23:56.802,1INCH/USDT:USDT,0.2827,14080.0,0.2826,28766.0,0.2828,2507.0,0.2829,14739.0
1753547037402,16:23:57.402,1INCH/USDT:USDT,0.2827,14080.0,0.2826,28766.0,0.2828,2507.0,0.2829,16185.0
1753547037982,16:23:57.982,1INCH/USDT:USDT,0.2827,14080.0,0.2826,28766.0,0.2828,2526.0,0.2829,16185.0
1753547038328,16:23:58.328,1INCH/USDT:USDT,0.2827,14099.0,0.2826,28766.0,0.2828,2526.0,0.2829,16185.0
1753547038502,16:23:58.502,1INCH/USDT:USDT,0.2827,14118.0,0.2826,28766.0,0.2828,2526.0,0.2829,16166.0
1753547038639,16:23:58.639,1INCH/USDT:USDT,0.2827,14118.0,0.2826,28766.0,0.2828,2526.0,0.2829,16166.0
1753547038748,16:23:58.748,1INCH/USDT:USDT,0.2827,14118.0,0.2826,28766.0,0.2828,2522.0,0.2829,16166.0
1753547038902,16:23:58.902,1INCH/USDT:USDT,0.2827,14118.0,0.2826,28766.0,0.2828,2522.0,0.2829,16166.0
1753547039065,16:23:59.065,1INCH/USDT:USDT,0.2827,14118.0,0.2826,28766.0,0.2828,2632.0,0.2829,16166.0
1753547039195,16:23:59.195,1INCH/USDT:USDT,0.2827,14118.0,0.2826,28766.0,0.2828,2632.0,0.2829,16166.0
1753547039502,16:23:59.502,1INCH/USDT:USDT,0.2827,14118.0,0.2826,28766.0,0.2828,2822.0,0.2829,16166.0
1753547039702,16:23:59.702,1INCH/USDT:USDT,0.2827,14118.0,0.2826,28766.0,0.2828,2822.0,0.2829,16166.0
1753547040002,16:24:00.002,1INCH/USDT:USDT,0.2827,14118.0,0.2826,28766.0,0.2828,2822.0,0.2829,16166.0
1753547040136,16:24:00.136,1INCH/USDT:USDT,0.2827,14118.0,0.2826,28765.0,0.2828,2822.0,0.2829,16166.0
1753547040311,16:24:00.311,1INCH/USDT:USDT,0.2827,14118.0,0.2826,28765.0,0.2828,2822.0,0.2829,16166.0
1753547040572,16:24:00.572,1INCH/USDT:USDT,0.2827,14118.0,0.2826,28765.0,0.2828,2822.0,0.2829,16166.0
1753547040675,16:24:00.675,1INCH/USDT:USDT,0.2827,14118.0,0.2826,28765.0,0.2828,2822.0,0.2829,16166.0
1753547040802,16:24:00.802,1INCH/USDT:USDT,0.2827,14118.0,0.2826,28765.0,0.2828,2822.0,0.2829,16166.0
1753547040929,16:24:00.929,1INCH/USDT:USDT,0.2827,14118.0,0.2826,28575.0,0.2828,2822.0,0.2829,16166.0
1753547041041,16:24:01.041,1INCH/USDT:USDT,0.2827,14118.0,0.2826,28575.0,0.2828,2822.0,0.2829,16166.0
1753547041143,16:24:01.143,1INCH/USDT:USDT,0.2827,14118.0,0.2826,28575.0,0.2828,2822.0,0.2829,16166.0
1753547041259,16:24:01.259,1INCH/USDT:USDT,0.2827,14118.0,0.2826,28575.0,0.2828,2822.0,0.2829,16166.0
1753547041389,16:24:01.389,1INCH/USDT:USDT,0.2827,14118.0,0.2826,28575.0,0.2828,1211.0,0.2829,14755.0
1753547041634,16:24:01.634,1INCH/USDT:USDT,0.2827,14118.0,0.2826,28575.0,0.2828,1211.0,0.2829,16594.0
1753547041802,16:24:01.802,1INCH/USDT:USDT,0.2827,14118.0,0.2826,28575.0,0.2828,2811.0,0.2829,23806.0
1753547042095,16:24:02.095,1INCH/USDT:USDT,0.2827,14118.0,0.2826,28575.0,0.2828,2811.0,0.2829,23806.0
1753547042198,16:24:02.198,1INCH/USDT:USDT,0.2827,14118.0,0.2826,28575.0,0.2828,2811.0,0.2829,23806.0
1753547042301,16:24:02.301,1INCH/USDT:USDT,0.2827,14118.0,0.2826,28575.0,0.2828,2811.0,0.2829,23806.0
1753547042402,16:24:02.402,1INCH/USDT:USDT,0.2827,14118.0,0.2826,28575.0,0.2828,2729.0,0.2829,23806.0
1753547042503,16:24:02.503,1INCH/USDT:USDT,0.2827,14118.0,0.2826,28575.0,0.2828,2812.0,0.2829,23806.0
1753547042702,16:24:02.702,1INCH/USDT:USDT,0.2827,14118.0,0.2826,28575.0,0.2828,2812.0,0.2829,23806.0
1753547043002,16:24:03.002,1INCH/USDT:USDT,0.2827,14118.0,0.2826,28575.0,0.2828,2812.0,0.2829,23806.0
1753547043208,16:24:03.208,1INCH/USDT:USDT,0.2827,15119.0,0.2826,27583.0,0.2828,2967.0,0.2829,23806.0
1753547043602,16:24:03.602,1INCH/USDT:USDT,0.2827,15181.0,0.2826,27608.0,0.2828,2967.0,0.2829,23831.0
1753547044202,16:24:04.202,1INCH/USDT:USDT,0.2827,15181.0,0.2826,27608.0,0.2828,1367.0,0.2829,23831.0
1753547044312,16:24:04.312,1INCH/USDT:USDT,0.2827,15181.0,0.2826,27608.0,0.2828,1367.0,0.2829,23831.0
1753547044442,16:24:04.442,1INCH/USDT:USDT,0.2827,15181.0,0.2826,27608.0,0.2828,1367.0,0.2829,25497.0
1753547044712,16:24:04.712,1INCH/USDT:USDT,0.2828,10534.0,0.2827,18552.0,0.2829,8474.0,0.283,28789.0
1753547044819,16:24:04.819,1INCH/USDT:USDT,0.2828,10534.0,0.2827,18577.0,0.2829,8492.0,0.283,28789.0
1753547044922,16:24:04.922,1INCH/USDT:USDT,0.2828,10534.0,0.2827,18929.0,0.2829,8492.0,0.283,28789.0
1753547045059,16:24:05.059,1INCH/USDT:USDT,0.2828,11526.0,0.2827,17576.0,0.2829,8492.0,0.283,28789.0
1753547045214,16:24:05.214,1INCH/USDT:USDT,0.2828,11526.0,0.2827,17569.0,0.2829,8492.0,0.283,28789.0
1753547045318,16:24:05.318,1INCH/USDT:USDT,0.2828,11526.0,0.2827,18459.0,0.2829,8492.0,0.283,28789.0
1753547045426,16:24:05.426,1INCH/USDT:USDT,0.2828,11526.0,0.2827,18459.0,0.2829,8492.0,0.283,28789.0
1753547045538,16:24:05.538,1INCH/USDT:USDT,0.2828,11526.0,0.2827,18459.0,0.2829,8492.0,0.283,28789.0
1753547045728,16:24:05.728,1INCH/USDT:USDT,0.2828,11526.0,0.2827,18985.0,0.2829,8492.0,0.283,28789.0
1753547045831,16:24:05.831,1INCH/USDT:USDT,0.2828,12273.0,0.2827,20513.0,0.2829,8492.0,0.283,28789.0
1753547046001,16:24:06.001,1INCH/USDT:USDT,0.2828,12273.0,0.2827,20513.0,0.2829,8492.0,0.283,28789.0
1753547046108,16:24:06.108,1INCH/USDT:USDT,0.2828,12273.0,0.2827,20161.0,0.2829,8492.0,0.283,28789.0
1753547046216,16:24:06.216,1INCH/USDT:USDT,0.2828,12273.0,0.2827,20513.0,0.2829,8492.0,0.283,28789.0
1753547046402,16:24:06.402,1INCH/USDT:USDT,0.2828,12273.0,0.2827,21966.0,0.2829,8492.0,0.283,28789.0
1753547046609,16:24:06.609,1INCH/USDT:USDT,0.2828,12273.0,0.2827,21966.0,0.2829,8492.0,0.283,28789.0
1753547046888,16:24:06.888,1INCH/USDT:USDT,0.2828,12273.0,0.2827,21614.0,0.2829,8492.0,0.283,28789.0
1753547046991,16:24:06.991,1INCH/USDT:USDT,0.2828,12273.0,0.2827,22496.0,0.2829,8492.0,0.283,28789.0
1753547047138,16:24:07.138,1INCH/USDT:USDT,0.2828,12273.0,0.2827,22921.0,0.2829,8492.0,0.283,28789.0
1753547047663,16:24:07.663,1INCH/USDT:USDT,0.2828,12273.0,0.2827,22921.0,0.2829,8492.0,0.283,28789.0
1753547047818,16:24:07.818,1INCH/USDT:USDT,0.2828,12273.0,0.2827,22921.0,0.2829,8492.0,0.283,28789.0
1753547048095,16:24:08.095,1INCH/USDT:USDT,0.2828,12273.0,0.2827,22921.0,0.2829,8675.0,0.283,28789.0
1753547048431,16:24:08.431,1INCH/USDT:USDT,0.2828,12273.0,0.2827,22921.0,0.2829,8675.0,0.283,28789.0
1753547048548,16:24:08.548,1INCH/USDT:USDT,0.2828,12273.0,0.2827,22921.0,0.2829,8675.0,0.283,28789.0
1753547048884,16:24:08.884,1INCH/USDT:USDT,0.2828,12326.0,0.2827,21520.0,0.2829,8651.0,0.283,28789.0
1753547049390,16:24:09.390,1INCH/USDT:USDT,0.2828,12326.0,0.2827,21520.0,0.2829,8651.0,0.283,28789.0
1753547049571,16:24:09.571,1INCH/USDT:USDT,0.2828,12326.0,0.2827,21520.0,0.2829,8651.0,0.283,28789.0
1753547049967,16:24:09.967,1INCH/USDT:USDT,0.2828,12326.0,0.2827,21520.0,0.2829,8651.0,0.283,28789.0
1753547050185,16:24:10.185,1INCH/USDT:USDT,0.2828,12326.0,0.2827,21520.0,0.2829,8651.0,0.283,28789.0
1753547050390,16:24:10.390,1INCH/USDT:USDT,0.2828,12345.0,0.2827,21520.0,0.2829,8651.0,0.283,28789.0
1753547050667,16:24:10.667,1INCH/USDT:USDT,0.2828,12345.0,0.2827,21872.0,0.2829,8651.0,0.283,28789.0
1753547050812,16:24:10.812,1INCH/USDT:USDT,0.2828,12345.0,0.2827,21872.0,0.2829,8651.0,0.283,28789.0
1753547051002,16:24:11.002,1INCH/USDT:USDT,0.2828,12345.0,0.2827,21872.0,0.2829,8651.0,0.283,28789.0
1753547051373,16:24:11.373,1INCH/USDT:USDT,0.2828,12345.0,0.2827,21872.0,0.2829,8651.0,0.283,28789.0
1753547051575,16:24:11.575,1INCH/USDT:USDT,0.2828,12345.0,0.2827,21872.0,0.2829,1470.0,0.283,28789.0
1753547051812,16:24:11.812,1INCH/USDT:USDT,0.2828,16345.0,0.2827,21872.0,0.2829,1611.0,0.283,30698.0
1753547051956,16:24:11.956,1INCH/USDT:USDT,0.2828,16345.0,0.2827,21929.0,0.2829,1611.0,0.283,30698.0
1753547052102,16:24:12.102,1INCH/USDT:USDT,0.2828,16345.0,0.2827,21929.0,0.2829,1611.0,0.283,30698.0
1753547052443,16:24:12.443,1INCH/USDT:USDT,0.2828,16345.0,0.2827,22279.0,0.2829,1611.0,0.283,30698.0
1753547052567,16:24:12.567,1INCH/USDT:USDT,0.2828,16345.0,0.2827,22631.0,0.2829,1611.0,0.283,30698.0
1753547052802,16:24:12.802,1INCH/USDT:USDT,0.2828,16345.0,0.2827,22984.0,0.2829,1611.0,0.283,30698.0
1753547053785,16:24:13.785,1INCH/USDT:USDT,0.2828,16345.0,0.2827,22984.0,0.2829,1611.0,0.283,30698.0
1753547053902,16:24:13.902,1INCH/USDT:USDT,0.2828,16345.0,0.2827,22984.0,0.2829,1611.0,0.283,30698.0
1753547054806,16:24:14.806,1INCH/USDT:USDT,0.2828,16345.0,0.2827,22984.0,0.2829,1611.0,0.283,30698.0
1753547055035,16:24:15.035,1INCH/USDT:USDT,0.2828,12345.0,0.2827,22632.0,0.2829,3673.0,0.283,28789.0
1753547055165,16:24:15.165,1INCH/USDT:USDT,0.2828,12345.0,0.2827,22280.0,0.2829,3673.0,0.283,28789.0
1753547055365,16:24:15.365,1INCH/USDT:USDT,0.2828,12345.0,0.2827,22280.0,0.2829,3673.0,0.283,28789.0
1753547055510,16:24:15.510,1INCH/USDT:USDT,0.2828,12345.0,0.2827,21927.0,0.2829,3809.0,0.283,28789.0
1753547055757,16:24:15.757,1INCH/USDT:USDT,0.2828,11806.0,0.2827,21927.0,0.2829,7809.0,0.283,28789.0
1753547055902,16:24:15.902,1INCH/USDT:USDT,0.2828,11806.0,0.2827,21577.0,0.2829,7809.0,0.283,28789.0
1753547056109,16:24:16.109,1INCH/USDT:USDT,0.2828,11806.0,0.2827,21577.0,0.2829,3809.0,0.283,28789.0
1753547056315,16:24:16.315,1INCH/USDT:USDT,0.2828,11806.0,0.2827,21577.0,0.2829,3809.0,0.283,28789.0
1753547056435,16:24:16.435,1INCH/USDT:USDT,0.2828,11806.0,0.2827,21577.0,0.2829,3809.0,0.283,28789.0
1753547056681,16:24:16.681,1INCH/USDT:USDT,0.2828,11806.0,0.2827,21577.0,0.2829,3809.0,0.283,28789.0
1753547056867,16:24:16.867,1INCH/USDT:USDT,0.2828,11806.0,0.2827,21577.0,0.2829,3809.0,0.283,37840.0
1753547057002,16:24:17.002,1INCH/USDT:USDT,0.2828,11806.0,0.2827,21577.0,0.2829,3809.0,0.283,37840.0
1753547057170,16:24:17.170,1INCH/USDT:USDT,0.2828,11806.0,0.2827,21577.0,0.2829,3809.0,0.283,37840.0
1753547057917,16:24:17.917,1INCH/USDT:USDT,0.2828,11806.0,0.2827,21929.0,0.2829,3809.0,0.283,37840.0
1753547058067,16:24:18.067,1INCH/USDT:USDT,0.2828,11806.0,0.2827,21929.0,0.2829,3809.0,0.283,37840.0
1753547058175,16:24:18.175,1INCH/USDT:USDT,0.2828,11806.0,0.2827,21929.0,0.2829,3809.0,0.283,37840.0
1753547058302,16:24:18.302,1INCH/USDT:USDT,0.2828,11806.0,0.2827,21929.0,0.2829,3809.0,0.283,37840.0
1753547058404,16:24:18.404,1INCH/USDT:USDT,0.2828,11784.0,0.2827,21929.0,0.2829,3809.0,0.283,37840.0
1753547058577,16:24:18.577,1INCH/USDT:USDT,0.2828,11784.0,0.2827,21929.0,0.2829,3809.0,0.283,37840.0
1753547058702,16:24:18.702,1INCH/USDT:USDT,0.2828,15784.0,0.2827,21929.0,0.2829,1940.0,0.283,37840.0
1753547058932,16:24:18.932,1INCH/USDT:USDT,0.2828,15784.0,0.2827,21929.0,0.2829,1940.0,0.283,39405.0
1753547059203,16:24:19.203,1INCH/USDT:USDT,0.2828,15784.0,0.2827,21929.0,0.2829,1940.0,0.283,39405.0
1753547059401,16:24:19.401,1INCH/USDT:USDT,0.2828,15784.0,0.2827,21929.0,0.2829,1940.0,0.283,39405.0
1753547059528,16:24:19.528,1INCH/USDT:USDT,0.2828,15784.0,0.2827,22459.0,0.2829,1940.0,0.283,39405.0
1753547059632,16:24:19.632,1INCH/USDT:USDT,0.2828,15784.0,0.2827,21929.0,0.2829,1940.0,0.283,39405.0
1753547059738,16:24:19.738,1INCH/USDT:USDT,0.2828,15784.0,0.2827,21929.0,0.2829,3580.0,0.283,37840.0
1753547059841,16:24:19.841,1INCH/USDT:USDT,0.2828,15784.0,0.2827,21929.0,0.2829,1940.0,0.283,37840.0
1753547060102,16:24:20.102,1INCH/USDT:USDT,0.2828,15784.0,0.2827,21577.0,0.2829,3473.0,0.283,37840.0
1753547060221,16:24:20.221,1INCH/USDT:USDT,0.2828,15784.0,0.2827,21577.0,0.2829,3473.0,0.283,37840.0
1753547060367,16:24:20.367,1INCH/USDT:USDT,0.2828,15847.0,0.2827,21867.0,0.2829,3473.0,0.283,37840.0
1753547060502,16:24:20.502,1INCH/USDT:USDT,0.2828,15847.0,0.2827,21867.0,0.2829,3473.0,0.283,37840.0
1753547060765,16:24:20.765,1INCH/USDT:USDT,0.2828,15847.0,0.2827,21867.0,0.2829,3670.0,0.283,37840.0
1753547060902,16:24:20.902,1INCH/USDT:USDT,0.2828,15847.0,0.2827,21867.0,0.2829,3670.0,0.283,37840.0
1753547061068,16:24:21.068,1INCH/USDT:USDT,0.2828,15847.0,0.2827,21867.0,0.2829,3670.0,0.283,37840.0
1753547061171,16:24:21.171,1INCH/USDT:USDT,0.2828,15847.0,0.2827,21604.0,0.2829,3670.0,0.283,37840.0
1753547061410,16:24:21.410,1INCH/USDT:USDT,0.2828,15883.0,0.2827,21604.0,0.2829,3670.0,0.283,37840.0
1753547061541,16:24:21.541,1INCH/USDT:USDT,0.2828,15883.0,0.2827,21604.0,0.2829,3670.0,0.283,37840.0
1753547061645,16:24:21.645,1INCH/USDT:USDT,0.2828,15883.0,0.2827,21604.0,0.2829,3670.0,0.283,37840.0
1753547061875,16:24:21.875,1INCH/USDT:USDT,0.2828,15883.0,0.2827,21252.0,0.2829,3744.0,0.283,37840.0
1753547061995,16:24:21.995,1INCH/USDT:USDT,0.2828,11883.0,0.2827,21078.0,0.2829,5874.0,0.283,37840.0
1753547062103,16:24:22.103,1INCH/USDT:USDT,0.2828,11883.0,0.2827,21078.0,0.2829,5874.0,0.283,37858.0
1753547062536,16:24:22.536,1INCH/USDT:USDT,0.2828,9349.0,0.2827,21078.0,0.2829,7695.0,0.283,39229.0
1753547062647,16:24:22.647,1INCH/USDT:USDT,0.2828,9349.0,0.2827,20906.0,0.2829,7695.0,0.283,39229.0
1753547062867,16:24:22.867,1INCH/USDT:USDT,0.2828,9349.0,0.2827,20906.0,0.2829,7695.0,0.283,30178.0
1753547063411,16:24:23.411,1INCH/USDT:USDT,0.2828,9349.0,0.2827,20906.0,0.2829,7695.0,0.283,30178.0
1753547063569,16:24:23.569,1INCH/USDT:USDT,0.2828,9349.0,0.2827,20906.0,0.2829,7695.0,0.283,30178.0
1753547063671,16:24:23.671,1INCH/USDT:USDT,0.2828,9349.0,0.2827,20906.0,0.2829,5565.0,0.283,30178.0
1753547063822,16:24:23.822,1INCH/USDT:USDT,0.2828,9349.0,0.2827,20906.0,0.2829,5565.0,0.283,30178.0
1753547064482,16:24:24.482,1INCH/USDT:USDT,0.2828,9312.0,0.2827,20906.0,0.2829,5601.0,0.283,30178.0
1753547065111,16:24:25.111,1INCH/USDT:USDT,0.2828,9312.0,0.2827,20906.0,0.2829,5601.0,0.283,30178.0
1753547065402,16:24:25.402,1INCH/USDT:USDT,0.2828,9312.0,0.2827,20906.0,0.2829,5601.0,0.283,30178.0
1753547065650,16:24:25.650,1INCH/USDT:USDT,0.2828,9001.0,0.2827,20906.0,0.2829,7021.0,0.283,30178.0
1753547065763,16:24:25.763,1INCH/USDT:USDT,0.2828,9114.0,0.2827,20855.0,0.2829,7021.0,0.283,30178.0
1753547065996,16:24:25.996,1INCH/USDT:USDT,0.2828,8122.0,0.2827,20481.0,0.2829,7021.0,0.283,30178.0
1753547066176,16:24:26.176,1INCH/USDT:USDT,0.2828,8122.0,0.2827,20481.0,0.2829,7021.0,0.283,30530.0
1753547066427,16:24:26.427,1INCH/USDT:USDT,0.2828,8137.0,0.2827,21847.0,0.2829,7021.0,0.283,30530.0
1753547066602,16:24:26.602,1INCH/USDT:USDT,0.2828,8137.0,0.2827,21847.0,0.2829,7021.0,0.283,30530.0
1753547066737,16:24:26.737,1INCH/USDT:USDT,0.2828,8137.0,0.2827,22065.0,0.2829,5780.0,0.283,30530.0
1753547067028,16:24:27.028,1INCH/USDT:USDT,0.2828,8137.0,0.2827,22065.0,0.2829,5780.0,0.283,30530.0
1753547067155,16:24:27.155,1INCH/USDT:USDT,0.2828,8137.0,0.2827,22065.0,0.2829,5780.0,0.283,30178.0
1753547067802,16:24:27.802,1INCH/USDT:USDT,0.2828,8137.0,0.2827,22065.0,0.2829,5780.0,0.283,30178.0
1753547068879,16:24:28.879,1INCH/USDT:USDT,0.2828,8137.0,0.2827,22065.0,0.2829,5780.0,0.283,30178.0
1753547069003,16:24:29.003,1INCH/USDT:USDT,0.2828,8137.0,0.2827,22065.0,0.2829,5780.0,0.283,30178.0
1753547069233,16:24:29.233,1INCH/USDT:USDT,0.2828,8676.0,0.2827,22065.0,0.2829,5780.0,0.283,30178.0
1753547069380,16:24:29.380,1INCH/USDT:USDT,0.2828,9146.0,0.2827,21780.0,0.2829,5780.0,0.283,30178.0
1753547069524,16:24:29.524,1INCH/USDT:USDT,0.2828,13146.0,0.2827,21780.0,0.2829,2426.0,0.283,28856.0
1753547069647,16:24:29.647,1INCH/USDT:USDT,0.2828,13146.0,0.2827,21780.0,0.2829,2426.0,0.283,30678.0
1753547069755,16:24:29.755,1INCH/USDT:USDT,0.2828,9146.0,0.2827,21780.0,0.2829,2402.0,0.283,30678.0
1753547069858,16:24:29.858,1INCH/USDT:USDT,0.2828,9146.0,0.2827,21780.0,0.2829,2559.0,0.283,30678.0
1753547070318,16:24:30.318,1INCH/USDT:USDT,0.2828,9140.0,0.2827,21780.0,0.2829,4574.0,0.283,28856.0
1753547070432,16:24:30.432,1INCH/USDT:USDT,0.2828,9140.0,0.2827,21780.0,0.2829,4574.0,0.283,28856.0
1753547070639,16:24:30.639,1INCH/USDT:USDT,0.2828,9140.0,0.2827,21322.0,0.2829,4574.0,0.283,29101.0
1753547070742,16:24:30.742,1INCH/USDT:USDT,0.2828,9107.0,0.2827,21322.0,0.2829,4574.0,0.283,29385.0
1753547070875,16:24:30.875,1INCH/USDT:USDT,0.2828,9107.0,0.2827,21322.0,0.2829,4574.0,0.283,29385.0
1753547071270,16:24:31.270,1INCH/USDT:USDT,0.2828,9166.0,0.2827,21322.0,0.2829,4574.0,0.283,27242.0
1753547071373,16:24:31.373,1INCH/USDT:USDT,0.2828,9166.0,0.2827,21674.0,0.2829,4574.0,0.283,27242.0
1753547071871,16:24:31.871,1INCH/USDT:USDT,0.2828,10158.0,0.2827,20682.0,0.2829,2748.0,0.283,27242.0
1753547072146,16:24:32.146,1INCH/USDT:USDT,0.2828,10158.0,0.2827,20682.0,0.2829,2748.0,0.283,28953.0
1753547072275,16:24:32.275,1INCH/USDT:USDT,0.2828,10158.0,0.2827,19191.0,0.2829,2748.0,0.283,28953.0
1753547072401,16:24:32.401,1INCH/USDT:USDT,0.2828,10158.0,0.2827,19191.0,0.2829,2748.0,0.283,28953.0
1753547072578,16:24:32.578,1INCH/USDT:USDT,0.2829,11066.0,0.2828,19776.0,0.283,2636.0,0.2831,34384.0
1753547072682,16:24:32.682,1INCH/USDT:USDT,0.2829,11125.0,0.2828,18720.0,0.283,2695.0,0.2831,34384.0
1753547072801,16:24:32.801,1INCH/USDT:USDT,0.2829,11125.0,0.2828,18720.0,0.283,2805.0,0.2831,36000.0
1753547072915,16:24:32.915,1INCH/USDT:USDT,0.2829,11125.0,0.2828,18719.0,0.283,4588.0,0.2831,34384.0
1753547073019,16:24:33.019,1INCH/USDT:USDT,0.2829,11125.0,0.2828,18367.0,0.283,4588.0,0.2831,34384.0
1753547073165,16:24:33.165,1INCH/USDT:USDT,0.2829,11125.0,0.2828,18367.0,0.283,4588.0,0.2831,34384.0
1753547073558,16:24:33.558,1INCH/USDT:USDT,0.2829,11125.0,0.2828,18719.0,0.283,2805.0,0.2831,34384.0
1753547073661,16:24:33.661,1INCH/USDT:USDT,0.2829,11125.0,0.2828,18719.0,0.283,2805.0,0.2831,14698.0
1753547073908,16:24:33.908,1INCH/USDT:USDT,0.2829,11125.0,0.2828,18719.0,0.283,2805.0,0.2831,16608.0
1753547074152,16:24:34.152,1INCH/USDT:USDT,0.2829,11125.0,0.2828,20135.0,0.283,4632.0,0.2831,14698.0
1753547074265,16:24:34.265,1INCH/USDT:USDT,0.2829,11125.0,0.2828,20135.0,0.283,4632.0,0.2831,14698.0
1753547074440,16:24:34.440,1INCH/USDT:USDT,0.2829,11125.0,0.2828,20135.0,0.283,4632.0,0.2831,14698.0
1753547074708,16:24:34.708,1INCH/USDT:USDT,0.2829,11125.0,0.2828,20135.0,0.283,4632.0,0.2831,14698.0
1753547074819,16:24:34.819,1INCH/USDT:USDT,0.2829,11125.0,0.2828,20135.0,0.283,4632.0,0.2831,14698.0
1753547074972,16:24:34.972,1INCH/USDT:USDT,0.2829,11125.0,0.2828,20135.0,0.283,4632.0,0.2831,14698.0
1753547075302,16:24:35.302,1INCH/USDT:USDT,0.2829,11125.0,0.2828,20135.0,0.283,4632.0,0.2831,14698.0
1753547075472,16:24:35.472,1INCH/USDT:USDT,0.2829,14144.0,0.2828,20135.0,0.283,2805.0,0.2831,14698.0
1753547075573,16:24:35.573,1INCH/USDT:USDT,0.283,8657.0,0.2829,17694.0,0.2831,6112.0,0.2832,40341.0
1753547075675,16:24:35.675,1INCH/USDT:USDT,0.283,7451.0,0.2829,19083.0,0.2831,555.0,0.2832,16463.0
1753547075778,16:24:35.778,1INCH/USDT:USDT,0.283,9698.0,0.2829,18423.0,0.2831,496.0,0.2832,17497.0
1753547075879,16:24:35.879,1INCH/USDT:USDT,0.283,9698.0,0.2829,18423.0,0.2831,555.0,0.2832,17497.0
1753547076058,16:24:36.058,1INCH/USDT:USDT,0.283,9698.0,0.2829,18423.0,0.2831,555.0,0.2832,19205.0
1753547076169,16:24:36.169,1INCH/USDT:USDT,0.283,9698.0,0.2829,20590.0,0.2831,555.0,0.2832,14554.0
1753547076273,16:24:36.273,1INCH/USDT:USDT,0.283,9698.0,0.2829,20590.0,0.2831,555.0,0.2832,14554.0
1753547076377,16:24:36.377,1INCH/USDT:USDT,0.283,9698.0,0.2829,20590.0,0.2831,555.0,0.2832,14554.0
1753547076520,16:24:36.520,1INCH/USDT:USDT,0.283,9698.0,0.2829,20590.0,0.2831,555.0,0.2832,17670.0
1753547076625,16:24:36.625,1INCH/USDT:USDT,0.283,9698.0,0.2829,20590.0,0.2831,555.0,0.2832,17670.0
1753547076726,16:24:36.726,1INCH/USDT:USDT,0.283,9698.0,0.2829,18775.0,0.2831,2494.0,0.2832,15962.0
1753547076898,16:24:36.898,1INCH/USDT:USDT,0.283,9698.0,0.2829,18423.0,0.2831,2494.0,0.2832,15962.0
1753547077013,16:24:37.013,1INCH/USDT:USDT,0.283,9698.0,0.2829,18775.0,0.2831,2655.0,0.2832,15962.0
1753547077117,16:24:37.117,1INCH/USDT:USDT,0.283,9698.0,0.2829,18775.0,0.2831,2655.0,0.2832,15962.0
1753547077224,16:24:37.224,1INCH/USDT:USDT,0.283,9698.0,0.2829,20997.0,0.2831,2655.0,0.2832,15962.0
1753547077401,16:24:37.401,1INCH/USDT:USDT,0.283,9698.0,0.2829,20997.0,0.2831,2655.0,0.2832,15962.0
1753547077541,16:24:37.541,1INCH/USDT:USDT,0.283,9698.0,0.2829,21710.0,0.2831,2655.0,0.2832,15962.0
1753547077647,16:24:37.647,1INCH/USDT:USDT,0.283,9698.0,0.2829,21710.0,0.2831,2216.0,0.2832,15962.0
1753547077749,16:24:37.749,1INCH/USDT:USDT,0.283,9698.0,0.2829,21358.0,0.2831,2216.0,0.2832,15962.0
1753547077858,16:24:37.858,1INCH/USDT:USDT,0.283,9698.0,0.2829,21358.0,0.2831,2216.0,0.2832,15962.0
1753547077963,16:24:37.963,1INCH/USDT:USDT,0.283,9698.0,0.2829,21710.0,0.2831,2216.0,0.2832,15962.0
1753547078339,16:24:38.339,1INCH/USDT:USDT,0.283,9762.0,0.2829,21710.0,0.2831,656.0,0.2832,17554.0
1753547078483,16:24:38.483,1INCH/USDT:USDT,0.283,9762.0,0.2829,22060.0,0.2831,656.0,0.2832,17554.0
1753547078902,16:24:38.902,1INCH/USDT:USDT,0.283,9762.0,0.2829,22060.0,0.2831,656.0,0.2832,17554.0
1753547079322,16:24:39.322,1INCH/USDT:USDT,0.283,9762.0,0.2829,22807.0,0.2831,656.0,0.2832,17554.0
1753547079435,16:24:39.435,1INCH/USDT:USDT,0.283,9762.0,0.2829,23159.0,0.2831,656.0,0.2832,17554.0
1753547079973,16:24:39.973,1INCH/USDT:USDT,0.283,9762.0,0.2829,23159.0,0.2831,656.0,0.2832,17554.0
1753547080101,16:24:40.101,1INCH/USDT:USDT,0.283,9762.0,0.2829,23159.0,0.2831,656.0,0.2832,17554.0
1753547080311,16:24:40.311,1INCH/USDT:USDT,0.283,9762.0,0.2829,22807.0,0.2831,2387.0,0.2832,15962.0
1753547080421,16:24:40.421,1INCH/USDT:USDT,0.283,9762.0,0.2829,22455.0,0.2831,6387.0,0.2832,15962.0
1753547080536,16:24:40.536,1INCH/USDT:USDT,0.283,9762.0,0.2829,22480.0,0.2831,6387.0,0.2832,15962.0
1753547080867,16:24:40.867,1INCH/USDT:USDT,0.283,9762.0,0.2829,22480.0,0.2831,6387.0,0.2832,15962.0
1753547081046,16:24:41.046,1INCH/USDT:USDT,0.283,9762.0,0.2829,22480.0,0.2831,6387.0,0.2832,16058.0
1753547081296,16:24:41.296,1INCH/USDT:USDT,0.283,9762.0,0.2829,22832.0,0.2831,2455.0,0.2832,16058.0
1753547081403,16:24:41.403,1INCH/USDT:USDT,0.283,13762.0,0.2829,22172.0,0.2831,724.0,0.2832,20058.0
1753547081602,16:24:41.602,1INCH/USDT:USDT,0.283,13762.0,0.2829,22172.0,0.2831,724.0,0.2832,21638.0
1753547081741,16:24:41.741,1INCH/USDT:USDT,0.283,9762.0,0.2829,22172.0,0.2831,2517.0,0.2832,20058.0
1753547082162,16:24:42.162,1INCH/USDT:USDT,0.283,9762.0,0.2829,20728.0,0.2831,2517.0,0.2832,20080.0
1753547082265,16:24:42.265,1INCH/USDT:USDT,0.283,9762.0,0.2829,20728.0,0.2831,2517.0,0.2832,20080.0
1753547082467,16:24:42.467,1INCH/USDT:USDT,0.283,14252.0,0.2829,20728.0,0.2831,724.0,0.2832,20080.0
1753547082604,16:24:42.604,1INCH/USDT:USDT,0.283,14252.0,0.2829,21783.0,0.2831,932.0,0.2832,20080.0
1753547082952,16:24:42.952,1INCH/USDT:USDT,0.283,14252.0,0.2829,21783.0,0.2831,932.0,0.2832,21840.0
1753547083138,16:24:43.138,1INCH/USDT:USDT,0.283,14252.0,0.2829,21783.0,0.2831,978.0,0.2832,21840.0
1753547083240,16:24:43.240,1INCH/USDT:USDT,0.283,14252.0,0.2829,21783.0,0.2831,978.0,0.2832,21840.0
1753547083346,16:24:43.346,1INCH/USDT:USDT,0.283,14252.0,0.2829,21783.0,0.2831,978.0,0.2832,21840.0
1753547083449,16:24:43.449,1INCH/USDT:USDT,0.283,14252.0,0.2829,21783.0,0.2831,978.0,0.2832,21840.0
1753547083558,16:24:43.558,1INCH/USDT:USDT,0.283,14252.0,0.2829,21783.0,0.2831,978.0,0.2832,21840.0
1753547083902,16:24:43.902,1INCH/USDT:USDT,0.283,14252.0,0.2829,21783.0,0.2831,978.0,0.2832,21840.0
1753547084503,16:24:44.503,1INCH/USDT:USDT,0.283,14252.0,0.2829,21783.0,0.2831,978.0,0.2832,21840.0
1753547084605,16:24:44.605,1INCH/USDT:USDT,0.283,14252.0,0.2829,21783.0,0.2831,978.0,0.2832,21840.0
1753547085046,16:24:45.046,1INCH/USDT:USDT,0.283,14252.0,0.2829,21783.0,0.2831,978.0,0.2832,21840.0
1753547085168,16:24:45.168,1INCH/USDT:USDT,0.283,14252.0,0.2829,21783.0,0.2831,978.0,0.2832,21840.0
1753547085363,16:24:45.363,1INCH/USDT:USDT,0.283,14341.0,0.2829,21783.0,0.2831,978.0,0.2832,21840.0
1753547085474,16:24:45.474,1INCH/USDT:USDT,0.283,11211.0,0.2829,21783.0,0.2831,978.0,0.2832,21840.0
1753547085747,16:24:45.747,1INCH/USDT:USDT,0.283,11211.0,0.2829,21783.0,0.2831,1303.0,0.2832,21840.0
1753547086010,16:24:46.010,1INCH/USDT:USDT,0.283,11211.0,0.2829,21783.0,0.2831,1303.0,0.2832,21840.0
1753547086139,16:24:46.139,1INCH/USDT:USDT,0.283,11211.0,0.2829,21783.0,0.2831,1303.0,0.2832,21840.0
1753547086404,16:24:46.404,1INCH/USDT:USDT,0.283,11211.0,0.2829,21783.0,0.2831,1303.0,0.2832,21840.0
1753547086507,16:24:46.507,1INCH/USDT:USDT,0.283,11211.0,0.2829,21783.0,0.2831,1303.0,0.2832,21801.0
1753547087132,16:24:47.132,1INCH/USDT:USDT,0.283,11211.0,0.2829,21783.0,0.2831,3192.0,0.2832,20293.0
1753547087235,16:24:47.235,1INCH/USDT:USDT,0.283,11211.0,0.2829,21783.0,0.2831,3192.0,0.2832,20293.0
1753547087429,16:24:47.429,1INCH/USDT:USDT,0.283,9851.0,0.2829,21764.0,0.2831,3192.0,0.2832,20293.0
1753547087532,16:24:47.532,1INCH/USDT:USDT,0.283,11212.0,0.2829,21764.0,0.2831,3192.0,0.2832,20293.0
1753547087675,16:24:47.675,1INCH/USDT:USDT,0.283,10673.0,0.2829,18060.0,0.2831,3192.0,0.2832,20293.0
1753547087781,16:24:47.781,1INCH/USDT:USDT,0.283,10673.0,0.2829,17707.0,0.2831,3192.0,0.2832,20293.0
1753547088254,16:24:48.254,1INCH/USDT:USDT,0.283,11212.0,0.2829,17707.0,0.2831,3192.0,0.2832,20293.0
1753547088400,16:24:48.400,1INCH/USDT:USDT,0.283,11212.0,0.2829,17357.0,0.2831,7192.0,0.2832,20293.0
1753547088502,16:24:48.502,1INCH/USDT:USDT,0.283,11212.0,0.2829,17357.0,0.2831,3192.0,0.2832,20293.0
1753547088625,16:24:48.625,1INCH/USDT:USDT,0.283,11212.0,0.2829,17357.0,0.2831,3192.0,0.2832,20293.0
1753547088763,16:24:48.763,1INCH/USDT:USDT,0.283,11212.0,0.2829,17357.0,0.2831,3192.0,0.2832,20293.0
1753547089288,16:24:49.288,1INCH/USDT:USDT,0.283,11212.0,0.2829,17357.0,0.2831,3192.0,0.2832,20293.0
1753547089867,16:24:49.867,1INCH/USDT:USDT,0.283,11212.0,0.2829,17357.0,0.2831,3192.0,0.2832,29344.0
1753547089973,16:24:49.973,1INCH/USDT:USDT,0.283,11212.0,0.2829,17357.0,0.2831,3192.0,0.2832,29344.0
1753547090196,16:24:50.196,1INCH/USDT:USDT,0.283,11212.0,0.2829,17357.0,0.2831,3192.0,0.2832,29344.0
1753547090302,16:24:50.302,1INCH/USDT:USDT,0.283,15212.0,0.2829,17357.0,0.2831,1303.0,0.2832,29344.0
1753547090558,16:24:50.558,1INCH/USDT:USDT,0.283,15212.0,0.2829,17357.0,0.2831,1477.0,0.2832,31167.0
1753547090702,16:24:50.702,1INCH/USDT:USDT,0.283,15212.0,0.2829,17357.0,0.2831,1477.0,0.2832,31167.0
1753547091263,16:24:51.263,1INCH/USDT:USDT,0.283,11212.0,0.2829,17357.0,0.2831,3271.0,0.2832,29344.0
1753547091488,16:24:51.488,1INCH/USDT:USDT,0.283,11212.0,0.2829,17707.0,0.2831,3271.0,0.2832,29344.0
1753547091612,16:24:51.612,1INCH/USDT:USDT,0.283,11212.0,0.2829,17707.0,0.2831,3271.0,0.2832,29344.0
1753547091802,16:24:51.802,1INCH/USDT:USDT,0.283,11212.0,0.2829,17707.0,0.2831,3271.0,0.2832,29344.0
1753547092110,16:24:52.110,1INCH/USDT:USDT,0.283,11212.0,0.2829,17707.0,0.2831,3271.0,0.2832,29344.0
1753547092402,16:24:52.402,1INCH/USDT:USDT,0.283,11212.0,0.2829,17707.0,0.2831,3271.0,0.2832,29344.0
1753547092725,16:24:52.725,1INCH/USDT:USDT,0.283,11240.0,0.2829,17707.0,0.2831,3271.0,0.2832,29344.0
1753547093339,16:24:53.339,1INCH/USDT:USDT,0.283,11240.0,0.2829,17707.0,0.2831,3370.0,0.2832,29344.0
1753547093602,16:24:53.602,1INCH/USDT:USDT,0.283,11240.0,0.2829,17707.0,0.2831,3370.0,0.2832,29379.0
1753547093707,16:24:53.707,1INCH/USDT:USDT,0.283,11240.0,0.2829,17707.0,0.2831,3370.0,0.2832,29379.0
1753547094129,16:24:54.129,1INCH/USDT:USDT,0.283,11240.0,0.2829,17707.0,0.2831,3370.0,0.2832,29379.0
1753547094301,16:24:54.301,1INCH/USDT:USDT,0.283,11240.0,0.2829,17707.0,0.2831,3370.0,0.2832,29379.0
1753547094685,16:24:54.685,1INCH/USDT:USDT,0.283,11240.0,0.2829,17707.0,0.2831,3370.0,0.2832,29379.0
1753547094802,16:24:54.802,1INCH/USDT:USDT,0.283,11240.0,0.2829,17707.0,0.2831,5500.0,0.2832,29379.0
1753547095090,16:24:55.090,1INCH/USDT:USDT,0.283,11240.0,0.2829,17357.0,0.2831,5500.0,0.2832,29379.0
1753547095696,16:24:55.696,1INCH/USDT:USDT,0.283,11240.0,0.2829,17357.0,0.2831,3708.0,0.2832,29379.0
1753547095902,16:24:55.902,1INCH/USDT:USDT,0.283,11240.0,0.2829,17357.0,0.2831,3708.0,0.2832,31263.0
1753547096101,16:24:56.101,1INCH/USDT:USDT,0.283,11240.0,0.2829,17357.0,0.2831,5599.0,0.2832,29379.0
1753547096502,16:24:56.502,1INCH/USDT:USDT,0.283,11240.0,0.2829,17357.0,0.2831,5599.0,0.2832,29379.0
1753547097069,16:24:57.069,1INCH/USDT:USDT,0.283,11240.0,0.2829,17357.0,0.2831,5599.0,0.2832,29379.0
1753547097202,16:24:57.202,1INCH/USDT:USDT,0.283,11240.0,0.2829,17357.0,0.2831,9599.0,0.2832,29379.0
1753547097303,16:24:57.303,1INCH/USDT:USDT,0.283,11240.0,0.2829,17357.0,0.2831,9599.0,0.2832,29379.0
1753547097560,16:24:57.560,1INCH/USDT:USDT,0.283,11240.0,0.2829,17357.0,0.2831,9768.0,0.2832,29379.0
1753547097691,16:24:57.691,1INCH/USDT:USDT,0.283,11240.0,0.2829,17357.0,0.2831,5768.0,0.2832,30687.0
1753547098326,16:24:58.326,1INCH/USDT:USDT,0.283,8862.0,0.2829,17357.0,0.2831,7600.0,0.2832,30687.0
1753547099375,16:24:59.375,1INCH/USDT:USDT,0.283,8943.0,0.2829,17357.0,0.2831,7600.0,0.2832,30687.0
1753547099492,16:24:59.492,1INCH/USDT:USDT,0.283,8943.0,0.2829,17357.0,0.2831,7600.0,0.2832,30687.0
1753547099614,16:24:59.614,1INCH/USDT:USDT,0.283,8943.0,0.2829,17357.0,0.2831,7600.0,0.2832,30687.0
1753547099902,16:24:59.902,1INCH/USDT:USDT,0.283,8943.0,0.2829,17357.0,0.2831,7600.0,0.2832,30687.0
1753547100103,16:25:00.103,1INCH/USDT:USDT,0.283,8943.0,0.2829,17357.0,0.2831,7600.0,0.2832,30630.0
1753547100230,16:25:00.230,1INCH/USDT:USDT,0.283,1996.0,0.2829,15872.0,0.2831,11600.0,0.2832,30630.0
1753547100344,16:25:00.344,1INCH/USDT:USDT,0.2829,11880.0,0.2828,20673.0,0.283,2194.0,0.2831,24877.0
1753547100453,16:25:00.453,1INCH/USDT:USDT,0.2829,13487.0,0.2828,20754.0,0.283,3775.0,0.2831,22712.0
1753547100565,16:25:00.565,1INCH/USDT:USDT,0.2829,13487.0,0.2828,17490.0,0.283,3775.0,0.2831,24527.0
1753547100670,16:25:00.670,1INCH/USDT:USDT,0.2829,13487.0,0.2828,17842.0,0.283,3775.0,0.2831,23251.0
1753547100819,16:25:00.819,1INCH/USDT:USDT,0.2829,11788.0,0.2828,18329.0,0.283,3775.0,0.2831,23251.0
1753547100920,16:25:00.920,1INCH/USDT:USDT,0.2829,11788.0,0.2828,17976.0,0.283,3775.0,0.2831,23251.0
1753547101211,16:25:01.211,1INCH/USDT:USDT,0.283,4809.0,0.2829,17268.0,0.2831,7511.0,0.2832,27218.0
1753547101322,16:25:01.322,1INCH/USDT:USDT,0.283,6429.0,0.2829,15720.0,0.2831,9175.0,0.2832,27218.0
1753547101559,16:25:01.559,1INCH/USDT:USDT,0.283,6429.0,0.2829,16711.0,0.2831,9175.0,0.2832,27218.0
1753547101663,16:25:01.663,1INCH/USDT:USDT,0.283,6429.0,0.2829,16711.0,0.2831,9175.0,0.2832,27218.0
1753547101802,16:25:01.802,1INCH/USDT:USDT,0.283,6429.0,0.2829,16711.0,0.2831,9175.0,0.2832,27218.0
1753547102293,16:25:02.293,1INCH/USDT:USDT,0.283,6429.0,0.2829,16711.0,0.2831,9175.0,0.2832,27218.0
1753547102396,16:25:02.396,1INCH/USDT:USDT,0.283,6429.0,0.2829,16711.0,0.2831,9175.0,0.2832,27218.0
1753547102529,16:25:02.529,1INCH/USDT:USDT,0.283,6474.0,0.2829,16711.0,0.2831,9175.0,0.2832,27218.0
1753547102633,16:25:02.633,1INCH/USDT:USDT,0.283,6474.0,0.2829,16711.0,0.2831,9175.0,0.2832,27218.0
1753547102741,16:25:02.741,1INCH/USDT:USDT,0.283,6474.0,0.2829,16711.0,0.2831,9370.0,0.2832,27218.0
1753547102878,16:25:02.878,1INCH/USDT:USDT,0.283,6474.0,0.2829,16711.0,0.2831,9370.0,0.2832,27923.0
1753547102980,16:25:02.980,1INCH/USDT:USDT,0.283,6474.0,0.2829,16711.0,0.2831,9370.0,0.2832,27923.0
1753547103129,16:25:03.129,1INCH/USDT:USDT,0.283,6474.0,0.2829,17437.0,0.2831,5370.0,0.2832,27923.0
1753547103245,16:25:03.245,1INCH/USDT:USDT,0.283,6474.0,0.2829,17967.0,0.2831,5370.0,0.2832,27571.0
1753547103362,16:25:03.362,1INCH/USDT:USDT,0.283,6474.0,0.2829,17437.0,0.2831,5370.0,0.2832,27218.0
1753547103502,16:25:03.502,1INCH/USDT:USDT,0.283,6474.0,0.2829,17437.0,0.2831,5370.0,0.2832,27218.0
1753547103637,16:25:03.637,1INCH/USDT:USDT,0.283,11713.0,0.2829,17437.0,0.2831,1874.0,0.2832,25188.0
1753547103846,16:25:03.846,1INCH/USDT:USDT,0.283,13136.0,0.2829,16446.0,0.2831,1874.0,0.2832,19400.0
1753547103951,16:25:03.951,1INCH/USDT:USDT,0.283,13136.0,0.2829,16446.0,0.2831,1909.0,0.2832,19365.0
1753547104085,16:25:04.085,1INCH/USDT:USDT,0.283,13136.0,0.2829,16446.0,0.2831,1909.0,0.2832,19365.0
1753547104262,16:25:04.262,1INCH/USDT:USDT,0.283,13136.0,0.2829,16446.0,0.2831,3808.0,0.2832,17536.0
1753547104430,16:25:04.430,1INCH/USDT:USDT,0.283,13136.0,0.2829,16796.0,0.2831,3808.0,0.2832,17536.0
1753547104546,16:25:04.546,1INCH/USDT:USDT,0.283,13136.0,0.2829,17502.0,0.2831,3808.0,0.2832,17536.0
1753547104678,16:25:04.678,1INCH/USDT:USDT,0.283,13094.0,0.2829,17502.0,0.2831,3808.0,0.2832,17536.0
1753547105019,16:25:05.019,1INCH/USDT:USDT,0.283,10594.0,0.2829,15558.0,0.2831,3808.0,0.2832,17536.0
1753547105122,16:25:05.122,1INCH/USDT:USDT,0.283,1202.0,0.2829,13022.0,0.2831,15621.0,0.2832,22473.0
1753547105237,16:25:05.237,1INCH/USDT:USDT,0.2829,9500.0,0.2828,22942.0,0.283,4048.0,0.2831,18201.0
1753547105340,16:25:05.340,1INCH/USDT:USDT,0.2829,8967.0,0.2828,19694.0,0.283,10556.0,0.2831,20355.0
1753547105446,16:25:05.446,1INCH/USDT:USDT,0.2829,8967.0,0.2828,19694.0,0.283,10556.0,0.2831,20355.0
1753547105547,16:25:05.547,1INCH/USDT:USDT,0.2829,8208.0,0.2828,20137.0,0.283,10556.0,0.2831,20850.0
1753547105650,16:25:05.650,1INCH/USDT:USDT,0.2829,8208.0,0.2828,16489.0,0.283,10556.0,0.2831,20968.0
1753547105751,16:25:05.751,1INCH/USDT:USDT,0.2829,8208.0,0.2828,16137.0,0.283,10556.0,0.2831,20968.0
1753547105901,16:25:05.901,1INCH/USDT:USDT,0.2829,8208.0,0.2828,16137.0,0.283,10556.0,0.2831,22288.0
1753547106015,16:25:06.015,1INCH/USDT:USDT,0.2829,8208.0,0.2828,15787.0,0.283,10556.0,0.2831,22288.0
1753547106146,16:25:06.146,1INCH/USDT:USDT,0.2829,1178.0,0.2828,12479.0,0.283,14556.0,0.2831,22288.0
1753547106268,16:25:06.268,1INCH/USDT:USDT,0.2829,1178.0,0.2828,12479.0,0.283,14556.0,0.2831,22640.0
1753547106375,16:25:06.375,1INCH/USDT:USDT,0.2828,723.0,0.2827,17667.0,0.2829,8034.0,0.283,17274.0
1753547106485,16:25:06.485,1INCH/USDT:USDT,0.2828,782.0,0.2827,15252.0,0.2829,14123.0,0.283,25441.0
1753547106590,16:25:06.590,1INCH/USDT:USDT,0.2828,782.0,0.2827,13546.0,0.2829,14123.0,0.283,25441.0
1753547106800,16:25:06.800,1INCH/USDT:USDT,0.2828,2347.0,0.2827,11558.0,0.2829,11123.0,0.283,25441.0
1753547106956,16:25:06.956,1INCH/USDT:USDT,0.2828,2347.0,0.2827,11784.0,0.2829,11123.0,0.283,25441.0
1753547107062,16:25:07.062,1INCH/USDT:USDT,0.2828,2347.0,0.2827,11784.0,0.2829,11123.0,0.283,25441.0
1753547107186,16:25:07.186,1INCH/USDT:USDT,0.2828,2347.0,0.2827,15784.0,0.2829,14123.0,0.283,25441.0
1753547107347,16:25:07.347,1INCH/USDT:USDT,0.2828,782.0,0.2827,15784.0,0.2829,14123.0,0.283,25441.0
1753547107502,16:25:07.502,1INCH/USDT:USDT,0.2828,782.0,0.2827,15784.0,0.2829,14123.0,0.283,25441.0
1753547107648,16:25:07.648,1INCH/USDT:USDT,0.2828,782.0,0.2827,17681.0,0.2829,14123.0,0.283,25441.0
1753547107799,16:25:07.799,1INCH/USDT:USDT,0.2828,716.0,0.2827,17681.0,0.2829,14145.0,0.283,27094.0
1753547107907,16:25:07.907,1INCH/USDT:USDT,0.2828,716.0,0.2827,17681.0,0.2829,14164.0,0.283,27094.0
1753547108062,16:25:08.062,1INCH/USDT:USDT,0.2828,716.0,0.2827,17681.0,0.2829,14164.0,0.283,29985.0
1753547108165,16:25:08.165,1INCH/USDT:USDT,0.2828,716.0,0.2827,17681.0,0.2829,14164.0,0.283,29985.0
1753547108302,16:25:08.302,1INCH/USDT:USDT,0.2828,716.0,0.2827,17681.0,0.2829,14164.0,0.283,29985.0
1753547108602,16:25:08.602,1INCH/USDT:USDT,0.2828,242.0,0.2827,15856.0,0.2829,15484.0,0.283,29985.0
1753547108705,16:25:08.705,1INCH/USDT:USDT,0.2827,13122.0,0.2826,14257.0,0.2828,36.0,0.2829,19825.0
1753547108864,16:25:08.864,1INCH/USDT:USDT,0.2827,14882.0,0.2826,14257.0,0.2828,36.0,0.2829,19825.0
1753547108969,16:25:08.969,1INCH/USDT:USDT,0.2827,14882.0,0.2826,14257.0,0.2828,36.0,0.2829,19825.0
1753547109110,16:25:09.110,1INCH/USDT:USDT,0.2827,14882.0,0.2826,14257.0,0.2828,330.0,0.2829,19825.0
1753547109220,16:25:09.220,1INCH/USDT:USDT,0.2827,14882.0,0.2826,15141.0,0.2828,330.0,0.2829,19825.0
1753547109550,16:25:09.550,1INCH/USDT:USDT,0.2827,14940.0,0.2826,17255.0,0.2828,330.0,0.2829,19825.0
1753547109802,16:25:09.802,1INCH/USDT:USDT,0.2827,15666.0,0.2826,17255.0,0.2828,330.0,0.2829,19904.0
1753547110007,16:25:10.007,1INCH/USDT:USDT,0.2827,15666.0,0.2826,17255.0,0.2828,330.0,0.2829,19904.0
1753547110112,16:25:10.112,1INCH/USDT:USDT,0.2827,15666.0,0.2826,17255.0,0.2828,330.0,0.2829,19904.0
1753547110252,16:25:10.252,1INCH/USDT:USDT,0.2827,15666.0,0.2826,17607.0,0.2828,330.0,0.2829,19904.0
1753547110356,16:25:10.356,1INCH/USDT:USDT,0.2827,15666.0,0.2826,17607.0,0.2828,330.0,0.2829,19904.0
1753547110488,16:25:10.488,1INCH/USDT:USDT,0.2827,15666.0,0.2826,17607.0,0.2828,330.0,0.2829,19904.0
1753547110599,16:25:10.599,1INCH/USDT:USDT,0.2827,15666.0,0.2826,17607.0,0.2828,330.0,0.2829,19904.0
1753547110707,16:25:10.707,1INCH/USDT:USDT,0.2827,15666.0,0.2826,17607.0,0.2828,330.0,0.2829,19904.0
1753547110902,16:25:10.902,1INCH/USDT:USDT,0.2827,15666.0,0.2826,17966.0,0.2828,330.0,0.2829,19904.0
1753547111086,16:25:11.086,1INCH/USDT:USDT,0.2827,15666.0,0.2826,17966.0,0.2828,330.0,0.2829,19904.0
1753547111257,16:25:11.257,1INCH/USDT:USDT,0.2827,15666.0,0.2826,18034.0,0.2828,330.0,0.2829,19904.0
1753547111467,16:25:11.467,1INCH/USDT:USDT,0.2827,15666.0,0.2826,18034.0,0.2828,418.0,0.2829,19904.0
1753547111780,16:25:11.780,1INCH/USDT:USDT,0.2827,15666.0,0.2826,18222.0,0.2828,418.0,0.2829,19904.0
1753547112002,16:25:12.002,1INCH/USDT:USDT,0.2827,15666.0,0.2826,18222.0,0.2828,418.0,0.2829,19904.0
1753547112291,16:25:12.291,1INCH/USDT:USDT,0.2827,15440.0,0.2826,18680.0,0.2828,418.0,0.2829,19904.0
1753547112491,16:25:12.491,1INCH/USDT:USDT,0.2827,10263.0,0.2826,18911.0,0.2828,418.0,0.2829,19904.0
1753547112596,16:25:12.596,1INCH/USDT:USDT,0.2827,10802.0,0.2826,18911.0,0.2828,420.0,0.2829,19904.0
1753547112747,16:25:12.747,1INCH/USDT:USDT,0.2827,10802.0,0.2826,18911.0,0.2828,420.0,0.2829,19904.0
1753547112919,16:25:12.919,1INCH/USDT:USDT,0.2827,10076.0,0.2826,18559.0,0.2828,4129.0,0.2829,18067.0
1753547113064,16:25:13.064,1INCH/USDT:USDT,0.2827,10076.0,0.2826,18206.0,0.2828,8129.0,0.2829,18067.0
1753547113167,16:25:13.167,1INCH/USDT:USDT,0.2827,10076.0,0.2826,18558.0,0.2828,8129.0,0.2829,18067.0
1753547113404,16:25:13.404,1INCH/USDT:USDT,0.2827,10802.0,0.2826,18558.0,0.2828,384.0,0.2829,18067.0
1753547113569,16:25:13.569,1INCH/USDT:USDT,0.2827,10802.0,0.2826,17852.0,0.2828,384.0,0.2829,19905.0
1753547113675,16:25:13.675,1INCH/USDT:USDT,0.2827,10076.0,0.2826,17500.0,0.2828,2024.0,0.2829,18067.0
1753547113819,16:25:13.819,1INCH/USDT:USDT,0.2827,10076.0,0.2826,17148.0,0.2828,3842.0,0.2829,18067.0
1753547113953,16:25:13.953,1INCH/USDT:USDT,0.2827,10076.0,0.2826,16798.0,0.2828,3842.0,0.2829,17184.0
1753547114118,16:25:14.118,1INCH/USDT:USDT,0.2827,2196.0,0.2826,15296.0,0.2828,7842.0,0.2829,19845.0
1753547114225,16:25:14.225,1INCH/USDT:USDT,0.2827,2196.0,0.2826,16479.0,0.2828,7877.0,0.2829,19845.0
1753547114387,16:25:14.387,1INCH/USDT:USDT,0.2827,2196.0,0.2826,14943.0,0.2828,7877.0,0.2829,19845.0
1753547114596,16:25:14.596,1INCH/USDT:USDT,0.2827,2196.0,0.2826,14943.0,0.2828,7877.0,0.2829,19845.0
1753547114959,16:25:14.959,1INCH/USDT:USDT,0.2827,2196.0,0.2826,14943.0,0.2828,7877.0,0.2829,20772.0
1753547115066,16:25:15.066,1INCH/USDT:USDT,0.2827,2196.0,0.2826,14943.0,0.2828,7877.0,0.2829,20772.0
1753547115214,16:25:15.214,1INCH/USDT:USDT,0.2827,2196.0,0.2826,14943.0,0.2828,7877.0,0.2829,20772.0
1753547115376,16:25:15.376,1INCH/USDT:USDT,0.2827,2196.0,0.2826,14943.0,0.2828,7877.0,0.2829,20772.0
1753547115501,16:25:15.501,1INCH/USDT:USDT,0.2827,2196.0,0.2826,14943.0,0.2828,7877.0,0.2829,20772.0
1753547115859,16:25:15.859,1INCH/USDT:USDT,0.2827,318.0,0.2826,18943.0,0.2828,13118.0,0.2829,21124.0
1753547116011,16:25:16.011,1INCH/USDT:USDT,0.2827,318.0,0.2826,20584.0,0.2828,13373.0,0.2829,21477.0
1753547116402,16:25:16.402,1INCH/USDT:USDT,0.2827,318.0,0.2826,20355.0,0.2828,13373.0,0.2829,21477.0
1753547116572,16:25:16.572,1INCH/USDT:USDT,0.2827,318.0,0.2826,20355.0,0.2828,13564.0,0.2829,21476.0
1753547116712,16:25:16.712,1INCH/USDT:USDT,0.2827,318.0,0.2826,20124.0,0.2828,13564.0,0.2829,21829.0
1753547117002,16:25:17.002,1INCH/USDT:USDT,0.2827,318.0,0.2826,20124.0,0.2828,13564.0,0.2829,21829.0
1753547117142,16:25:17.142,1INCH/USDT:USDT,0.2827,1881.0,0.2826,18288.0,0.2828,13564.0,0.2829,21829.0
1753547117307,16:25:17.307,1INCH/USDT:USDT,0.2827,1881.0,0.2826,18288.0,0.2828,13564.0,0.2829,21829.0
1753547117469,16:25:17.469,1INCH/USDT:USDT,0.2827,1970.0,0.2826,18288.0,0.2828,13586.0,0.2829,21807.0
1753547117585,16:25:17.585,1INCH/USDT:USDT,0.2827,2996.0,0.2826,18288.0,0.2828,13586.0,0.2829,21455.0
1753547117706,16:25:17.706,1INCH/USDT:USDT,0.2827,5353.0,0.2826,18288.0,0.2828,9586.0,0.2829,21455.0
1753547118030,16:25:18.030,1INCH/USDT:USDT,0.2827,5353.0,0.2826,18288.0,0.2828,9586.0,0.2829,21455.0
1753547118202,16:25:18.202,1INCH/USDT:USDT,0.2827,5353.0,0.2826,18288.0,0.2828,9586.0,0.2829,21455.0
1753547118542,16:25:18.542,1INCH/USDT:USDT,0.2827,5353.0,0.2826,19892.0,0.2828,9586.0,0.2829,20750.0
1753547118795,16:25:18.795,1INCH/USDT:USDT,0.2827,5353.0,0.2826,19892.0,0.2828,9586.0,0.2829,20750.0
1753547119336,16:25:19.336,1INCH/USDT:USDT,0.2827,7085.0,0.2826,19892.0,0.2828,2529.0,0.2829,20022.0
1753547119790,16:25:19.790,1INCH/USDT:USDT,0.2827,12324.0,0.2826,19892.0,0.2828,2529.0,0.2829,20022.0
1753547119902,16:25:19.902,1INCH/USDT:USDT,0.2827,12324.0,0.2826,19892.0,0.2828,2529.0,0.2829,20022.0
1753547120223,16:25:20.223,1INCH/USDT:USDT,0.2827,12324.0,0.2826,19704.0,0.2828,2529.0,0.2829,20022.0
1753547120402,16:25:20.402,1INCH/USDT:USDT,0.2827,12324.0,0.2826,19704.0,0.2828,2529.0,0.2829,20022.0
1753547120550,16:25:20.550,1INCH/USDT:USDT,0.2827,12324.0,0.2826,19827.0,0.2828,2529.0,0.2829,20022.0
1753547120685,16:25:20.685,1INCH/USDT:USDT,0.2827,12324.0,0.2826,19827.0,0.2828,2529.0,0.2829,20022.0
1753547120890,16:25:20.890,1INCH/USDT:USDT,0.2827,12324.0,0.2826,19827.0,0.2828,2529.0,0.2829,19139.0
1753547121002,16:25:21.002,1INCH/USDT:USDT,0.2827,12324.0,0.2826,19827.0,0.2828,2529.0,0.2829,19139.0
1753547121512,16:25:21.512,1INCH/USDT:USDT,0.2827,12324.0,0.2826,19827.0,0.2828,2529.0,0.2829,19139.0
1753547121615,16:25:21.615,1INCH/USDT:USDT,0.2827,12324.0,0.2826,19827.0,0.2828,2529.0,0.2829,19139.0
1753547121857,16:25:21.857,1INCH/USDT:USDT,0.2827,12324.0,0.2826,19663.0,0.2828,2529.0,0.2829,19139.0
1753547122102,16:25:22.102,1INCH/USDT:USDT,0.2827,12324.0,0.2826,19663.0,0.2828,2735.0,0.2829,19139.0
1753547122702,16:25:22.702,1INCH/USDT:USDT,0.2827,12324.0,0.2826,19595.0,0.2828,2735.0,0.2829,19139.0
1753547122902,16:25:22.902,1INCH/USDT:USDT,0.2827,12324.0,0.2826,19595.0,0.2828,2735.0,0.2829,19139.0
1753547123016,16:25:23.016,1INCH/USDT:USDT,0.2827,12324.0,0.2826,19243.0,0.2828,2735.0,0.2829,19139.0
1753547123457,16:25:23.457,1INCH/USDT:USDT,0.2827,9503.0,0.2826,19243.0,0.2828,2735.0,0.2829,20525.0
1753547123614,16:25:23.614,1INCH/USDT:USDT,0.2827,9503.0,0.2826,19243.0,0.2828,2735.0,0.2829,19139.0
1753547123736,16:25:23.736,1INCH/USDT:USDT,0.2827,9503.0,0.2826,19243.0,0.2828,2733.0,0.2829,19139.0
1753547123880,16:25:23.880,1INCH/USDT:USDT,0.2827,9503.0,0.2826,19243.0,0.2828,2733.0,0.2829,19139.0
1753547123985,16:25:23.985,1INCH/USDT:USDT,0.2827,9503.0,0.2826,19243.0,0.2828,2733.0,0.2829,19139.0
1753547124231,16:25:24.231,1INCH/USDT:USDT,0.2827,9501.0,0.2826,19243.0,0.2828,2733.0,0.2829,19139.0
1753547124402,16:25:24.402,1INCH/USDT:USDT,0.2827,9529.0,0.2826,19243.0,0.2828,2733.0,0.2829,19139.0
1753547124560,16:25:24.560,1INCH/USDT:USDT,0.2827,9529.0,0.2826,19243.0,0.2828,2733.0,0.2829,19139.0
1753547124987,16:25:24.987,1INCH/USDT:USDT,0.2827,9529.0,0.2826,19243.0,0.2828,6733.0,0.2829,19139.0
1753547125110,16:25:25.110,1INCH/USDT:USDT,0.2827,2725.0,0.2826,19243.0,0.2828,6777.0,0.2829,20481.0
1753547125250,16:25:25.250,1INCH/USDT:USDT,0.2827,2725.0,0.2826,19243.0,0.2828,6777.0,0.2829,20481.0
1753547125502,16:25:25.502,1INCH/USDT:USDT,0.2827,2725.0,0.2826,19243.0,0.2828,6777.0,0.2829,20481.0
1753547125685,16:25:25.685,1INCH/USDT:USDT,0.2827,2725.0,0.2826,19243.0,0.2828,6777.0,0.2829,20481.0
1753547125799,16:25:25.799,1INCH/USDT:USDT,0.2827,2697.0,0.2826,19243.0,0.2828,6777.0,0.2829,20481.0
1753547125936,16:25:25.936,1INCH/USDT:USDT,0.2827,2697.0,0.2826,19243.0,0.2828,6777.0,0.2829,21457.0
1753547126038,16:25:26.038,1INCH/USDT:USDT,0.2827,2697.0,0.2826,19243.0,0.2828,6924.0,0.2829,21457.0
1753547126265,16:25:26.265,1INCH/USDT:USDT,0.2827,2697.0,0.2826,19790.0,0.2828,6924.0,0.2829,21457.0
1753547126568,16:25:26.568,1INCH/USDT:USDT,0.2827,4262.0,0.2826,19790.0,0.2828,2924.0,0.2829,21457.0
1753547126673,16:25:26.673,1INCH/USDT:USDT,0.2827,4262.0,0.2826,19790.0,0.2828,2924.0,0.2829,20071.0
1753547126830,16:25:26.830,1INCH/USDT:USDT,0.2827,4281.0,0.2826,20285.0,0.2828,2924.0,0.2829,20071.0
1753547126959,16:25:26.959,1INCH/USDT:USDT,0.2827,8281.0,0.2826,20996.0,0.2828,1284.0,0.2829,20071.0
1753547127102,16:25:27.102,1INCH/USDT:USDT,0.2827,8281.0,0.2826,20996.0,0.2828,1284.0,0.2829,20071.0
1753547127460,16:25:27.460,1INCH/USDT:USDT,0.2827,8281.0,0.2826,20996.0,0.2828,1284.0,0.2829,21937.0
1753547127565,16:25:27.565,1INCH/USDT:USDT,0.2827,8281.0,0.2826,20996.0,0.2828,1284.0,0.2829,21937.0
1753547127702,16:25:27.702,1INCH/USDT:USDT,0.2827,8281.0,0.2826,20996.0,0.2828,1284.0,0.2829,21937.0
1753547128220,16:25:28.220,1INCH/USDT:USDT,0.2828,5390.0,0.2827,14842.0,0.2829,8866.0,0.283,22688.0
1753547128328,16:25:28.328,1INCH/USDT:USDT,0.2828,6974.0,0.2827,19207.0,0.2829,10516.0,0.283,23041.0
1753547128429,16:25:28.429,1INCH/USDT:USDT,0.2828,7033.0,0.2827,18504.0,0.2829,10575.0,0.283,21327.0
1753547128564,16:25:28.564,1INCH/USDT:USDT,0.2828,3284.0,0.2827,16209.0,0.2829,10575.0,0.283,21327.0
1753547128668,16:25:28.668,1INCH/USDT:USDT,0.2828,431.0,0.2827,15429.0,0.2829,10516.0,0.283,30457.0
1753547128771,16:25:28.771,1INCH/USDT:USDT,0.2828,834.0,0.2827,16170.0,0.2829,10575.0,0.283,30810.0
1753547128918,16:25:28.918,1INCH/USDT:USDT,0.2828,834.0,0.2827,17878.0,0.2829,14575.0,0.283,30810.0
1753547129118,16:25:29.118,1INCH/USDT:USDT,0.2828,834.0,0.2827,17878.0,0.2829,14575.0,0.283,30810.0
1753547129221,16:25:29.221,1INCH/USDT:USDT,0.2828,834.0,0.2827,17878.0,0.2829,14575.0,0.283,30810.0
1753547129328,16:25:29.328,1INCH/USDT:USDT,0.2828,834.0,0.2827,17878.0,0.2829,14575.0,0.283,30810.0
1753547129429,16:25:29.429,1INCH/USDT:USDT,0.2827,14104.0,0.2826,21739.0,0.2828,1645.0,0.2829,18019.0
1753547129542,16:25:29.542,1INCH/USDT:USDT,0.2827,10643.0,0.2826,21386.0,0.2828,1704.0,0.2829,17666.0
1753547129771,16:25:29.771,1INCH/USDT:USDT,0.2827,8825.0,0.2826,21386.0,0.2828,3577.0,0.2829,27087.0
1753547129876,16:25:29.876,1INCH/USDT:USDT,0.2827,8286.0,0.2826,21386.0,0.2828,7596.0,0.2829,25779.0
1753547129990,16:25:29.990,1INCH/USDT:USDT,0.2827,8286.0,0.2826,21386.0,0.2828,7596.0,0.2829,26484.0
1753547130297,16:25:30.297,1INCH/USDT:USDT,0.2827,1072.0,0.2826,19782.0,0.2828,12835.0,0.2829,30053.0
1753547130414,16:25:30.414,1INCH/USDT:USDT,0.2827,1072.0,0.2826,21386.0,0.2828,13000.0,0.2829,23032.0
1753547130517,16:25:30.517,1INCH/USDT:USDT,0.2827,1074.0,0.2826,21386.0,0.2828,13000.0,0.2829,22327.0
1753547130902,16:25:30.902,1INCH/USDT:USDT,0.2827,1074.0,0.2826,20891.0,0.2828,13000.0,0.2829,22327.0
1753547131022,16:25:31.022,1INCH/USDT:USDT,0.2827,1074.0,0.2826,20891.0,0.2828,13186.0,0.2829,22680.0
1753547131145,16:25:31.145,1INCH/USDT:USDT,0.2827,1074.0,0.2826,20891.0,0.2828,13186.0,0.2829,22680.0
1753547131274,16:25:31.274,1INCH/USDT:USDT,0.2827,985.0,0.2826,20180.0,0.2828,13186.0,0.2829,22680.0
1753547131377,16:25:31.377,1INCH/USDT:USDT,0.2827,1072.0,0.2826,20180.0,0.2828,13186.0,0.2829,22680.0
1753547131502,16:25:31.502,1INCH/USDT:USDT,0.2827,1072.0,0.2826,20180.0,0.2828,13186.0,0.2829,22680.0
1753547131701,16:25:31.701,1INCH/USDT:USDT,0.2827,1072.0,0.2826,20180.0,0.2828,13186.0,0.2829,22680.0
1753547132092,16:25:32.092,1INCH/USDT:USDT,0.2827,1072.0,0.2826,19677.0,0.2828,13186.0,0.2829,22680.0
1753547132195,16:25:32.195,1INCH/USDT:USDT,0.2827,1072.0,0.2826,19677.0,0.2828,13186.0,0.2829,22680.0
1753547132325,16:25:32.325,1INCH/USDT:USDT,0.2827,1082.0,0.2826,19677.0,0.2828,13186.0,0.2829,22680.0
1753547132523,16:25:32.523,1INCH/USDT:USDT,0.2827,1082.0,0.2826,19677.0,0.2828,13186.0,0.2829,22680.0
1753547132646,16:25:32.646,1INCH/USDT:USDT,0.2827,1082.0,0.2826,19677.0,0.2828,13269.0,0.2829,22680.0
1753547132802,16:25:32.802,1INCH/USDT:USDT,0.2827,1082.0,0.2826,19677.0,0.2828,13269.0,0.2829,22680.0
1753547132970,16:25:32.970,1INCH/USDT:USDT,0.2827,3173.0,0.2826,18073.0,0.2828,13236.0,0.2829,22680.0
1753547133402,16:25:33.402,1INCH/USDT:USDT,0.2827,3173.0,0.2826,18073.0,0.2828,13236.0,0.2829,22680.0
1753547134395,16:25:34.395,1INCH/USDT:USDT,0.2827,3173.0,0.2826,18073.0,0.2828,13236.0,0.2829,22680.0
1753547134497,16:25:34.497,1INCH/USDT:USDT,0.2827,3173.0,0.2826,18073.0,0.2828,13236.0,0.2829,22680.0
1753547135455,16:25:35.455,1INCH/USDT:USDT,0.2827,3173.0,0.2826,18073.0,0.2828,13236.0,0.2829,22680.0
1753547135558,16:25:35.558,1INCH/USDT:USDT,0.2827,3173.0,0.2826,18073.0,0.2828,13236.0,0.2829,22680.0
1753547135912,16:25:35.912,1INCH/USDT:USDT,0.2826,11553.0,0.2825,18736.0,0.2827,2159.0,0.2828,18321.0
1753547136015,16:25:36.015,1INCH/USDT:USDT,0.2826,9790.0,0.2825,18782.0,0.2827,2155.0,0.2828,19571.0
1753547136129,16:25:36.129,1INCH/USDT:USDT,0.2826,11593.0,0.2825,20085.0,0.2827,3539.0,0.2828,17962.0
1753547136230,16:25:36.230,1INCH/USDT:USDT,0.2826,11593.0,0.2825,20475.0,0.2827,2544.0,0.2828,16712.0
1753547136333,16:25:36.333,1INCH/USDT:USDT,0.2826,11593.0,0.2825,20527.0,0.2827,2544.0,0.2828,16712.0
1753547136445,16:25:36.445,1INCH/USDT:USDT,0.2826,11549.0,0.2825,21577.0,0.2827,2544.0,0.2828,16712.0
1753547136547,16:25:36.547,1INCH/USDT:USDT,0.2826,11549.0,0.2825,22539.0,0.2827,2544.0,0.2828,16712.0
1753547136702,16:25:36.702,1INCH/USDT:USDT,0.2826,11549.0,0.2825,22539.0,0.2827,2544.0,0.2828,16712.0
1753547136854,16:25:36.854,1INCH/USDT:USDT,0.2826,13516.0,0.2825,22539.0,0.2827,6544.0,0.2828,16712.0
1753547136980,16:25:36.980,1INCH/USDT:USDT,0.2826,13516.0,0.2825,21835.0,0.2827,6544.0,0.2828,16712.0
1753547137155,16:25:37.155,1INCH/USDT:USDT,0.2826,13516.0,0.2825,21835.0,0.2827,6544.0,0.2828,16712.0
1753547137302,16:25:37.302,1INCH/USDT:USDT,0.2826,13516.0,0.2825,21835.0,0.2827,6544.0,0.2828,16712.0
1753547137409,16:25:37.409,1INCH/USDT:USDT,0.2826,13516.0,0.2825,22188.0,0.2827,6544.0,0.2828,16712.0
1753547137649,16:25:37.649,1INCH/USDT:USDT,0.2826,13516.0,0.2825,21835.0,0.2827,6544.0,0.2828,16712.0
1753547137757,16:25:37.757,1INCH/USDT:USDT,0.2826,13516.0,0.2825,21835.0,0.2827,6544.0,0.2828,16712.0
1753547137902,16:25:37.902,1INCH/USDT:USDT,0.2826,13516.0,0.2825,21835.0,0.2827,6544.0,0.2828,16712.0
1753547138030,16:25:38.030,1INCH/USDT:USDT,0.2826,13516.0,0.2825,21482.0,0.2827,6742.0,0.2828,16712.0
1753547138202,16:25:38.202,1INCH/USDT:USDT,0.2826,13516.0,0.2825,21210.0,0.2827,6742.0,0.2828,16712.0
1753547138604,16:25:38.604,1INCH/USDT:USDT,0.2826,13516.0,0.2825,21210.0,0.2827,6742.0,0.2828,16712.0
1753547139702,16:25:39.702,1INCH/USDT:USDT,0.2826,13516.0,0.2825,20507.0,0.2827,6742.0,0.2828,16712.0
1753547139902,16:25:39.902,1INCH/USDT:USDT,0.2826,13516.0,0.2825,20160.0,0.2827,6742.0,0.2828,16712.0
1753547140038,16:25:40.038,1INCH/USDT:USDT,0.2826,4384.0,0.2825,18608.0,0.2827,6742.0,0.2828,21697.0
1753547140169,16:25:40.169,1INCH/USDT:USDT,0.2826,4384.0,0.2825,18608.0,0.2827,6742.0,0.2828,21697.0
1753547140554,16:25:40.554,1INCH/USDT:USDT,0.2826,6293.0,0.2825,18608.0,0.2827,6761.0,0.2828,21697.0
1753547140702,16:25:40.702,1INCH/USDT:USDT,0.2826,6293.0,0.2825,18608.0,0.2827,6761.0,0.2828,21697.0
1753547140849,16:25:40.849,1INCH/USDT:USDT,0.2826,6293.0,0.2825,18608.0,0.2827,6780.0,0.2828,21697.0
1753547140952,16:25:40.952,1INCH/USDT:USDT,0.2826,6293.0,0.2825,18608.0,0.2827,6780.0,0.2828,21697.0
1753547141302,16:25:41.302,1INCH/USDT:USDT,0.2826,6293.0,0.2825,18608.0,0.2827,6780.0,0.2828,21697.0
1753547141406,16:25:41.406,1INCH/USDT:USDT,0.2826,7177.0,0.2825,17724.0,0.2827,6780.0,0.2828,21697.0
1753547141632,16:25:41.632,1INCH/USDT:USDT,0.2826,3927.0,0.2825,17724.0,0.2827,11756.0,0.2828,24449.0
1753547141803,16:25:41.803,1INCH/USDT:USDT,0.2826,3993.0,0.2825,17371.0,0.2827,11756.0,0.2828,24449.0
1753547141932,16:25:41.932,1INCH/USDT:USDT,0.2826,3993.0,0.2825,19226.0,0.2827,11902.0,0.2828,25441.0
1753547142046,16:25:42.046,1INCH/USDT:USDT,0.2826,3993.0,0.2825,19226.0,0.2827,11902.0,0.2828,25441.0
1753547142282,16:25:42.282,1INCH/USDT:USDT,0.2826,3993.0,0.2825,19226.0,0.2827,11922.0,0.2828,25441.0
1753547142402,16:25:42.402,1INCH/USDT:USDT,0.2826,5856.0,0.2825,17371.0,0.2827,11922.0,0.2828,25441.0
1753547142504,16:25:42.504,1INCH/USDT:USDT,0.2826,5856.0,0.2825,17371.0,0.2827,11922.0,0.2828,25441.0
1753547143002,16:25:43.002,1INCH/USDT:USDT,0.2826,5856.0,0.2825,17371.0,0.2827,11922.0,0.2828,25441.0
1753547143180,16:25:43.180,1INCH/USDT:USDT,0.2826,5856.0,0.2825,17371.0,0.2827,11922.0,0.2828,25441.0
1753547143675,16:25:43.675,1INCH/USDT:USDT,0.2826,5856.0,0.2825,17371.0,0.2827,11922.0,0.2828,25441.0
1753547143856,16:25:43.856,1INCH/USDT:USDT,0.2826,5856.0,0.2825,17371.0,0.2827,11922.0,0.2828,28205.0
1753547143962,16:25:43.962,1INCH/USDT:USDT,0.2826,5856.0,0.2825,17371.0,0.2827,11922.0,0.2828,28205.0
1753547144185,16:25:44.185,1INCH/USDT:USDT,0.2826,5856.0,0.2825,17319.0,0.2827,11922.0,0.2828,28205.0
1753547144325,16:25:44.325,1INCH/USDT:USDT,0.2826,5856.0,0.2825,17267.0,0.2827,11922.0,0.2828,28205.0
1753547144447,16:25:44.447,1INCH/USDT:USDT,0.2826,5856.0,0.2825,17215.0,0.2827,11922.0,0.2828,28205.0
1753547144649,16:25:44.649,1INCH/USDT:USDT,0.2826,5885.0,0.2825,17215.0,0.2827,11922.0,0.2828,28205.0
1753547144802,16:25:44.802,1INCH/USDT:USDT,0.2826,5885.0,0.2825,17215.0,0.2827,11922.0,0.2828,28205.0
1753547145512,16:25:45.512,1INCH/USDT:USDT,0.2826,5885.0,0.2825,17215.0,0.2827,11922.0,0.2828,28205.0
1753547145640,16:25:45.640,1INCH/USDT:USDT,0.2826,5885.0,0.2825,18134.0,0.2827,11977.0,0.2828,28240.0
1753547145747,16:25:45.747,1INCH/USDT:USDT,0.2826,5885.0,0.2825,18134.0,0.2827,11977.0,0.2828,28240.0
1753547145898,16:25:45.898,1INCH/USDT:USDT,0.2826,5885.0,0.2825,18290.0,0.2827,11977.0,0.2828,28240.0
1753547146036,16:25:46.036,1INCH/USDT:USDT,0.2826,5885.0,0.2825,18290.0,0.2827,11977.0,0.2828,28240.0
1753547146386,16:25:46.386,1INCH/USDT:USDT,0.2826,5885.0,0.2825,18290.0,0.2827,11977.0,0.2828,28240.0
1753547146500,16:25:46.500,1INCH/USDT:USDT,0.2826,5885.0,0.2825,19268.0,0.2827,11977.0,0.2828,28240.0
1753547146903,16:25:46.903,1INCH/USDT:USDT,0.2826,5885.0,0.2825,19268.0,0.2827,11977.0,0.2828,30623.0
1753547147015,16:25:47.015,1INCH/USDT:USDT,0.2825,11218.0,0.2824,11519.0,0.2826,8801.0,0.2827,19892.0
1753547147119,16:25:47.119,1INCH/USDT:USDT,0.2825,11225.0,0.2824,11519.0,0.2826,8860.0,0.2827,18077.0
1753547147227,16:25:47.227,1INCH/USDT:USDT,0.2825,2223.0,0.2824,9545.0,0.2826,8860.0,0.2827,21432.0
1753547147421,16:25:47.421,1INCH/USDT:USDT,0.2825,4124.0,0.2824,9545.0,0.2826,8879.0,0.2827,21432.0
