timestamp,time,exchange,symbol,bid1_price,bid1_volume,bid2_price,bid2_volume,ask1_price,ask1_volume,ask2_price,ask2_volume
1753591899618,04:51:39.618,bitmex,A/USDT:USDT,0.4605,5300.0,0.4582,7200.0,0.6908,5400.0,0.6937,7200.0
1753591901814,04:51:41.814,bitmex,A/USDT:USDT,0.4605,5300.0,0.4582,7200.0,0.6937,7200.0,1.0,1000.0
1753591901863,04:51:41.863,bitmex,A/USDT:USDT,0.4582,7200.0,0.3316,29400.0,0.6937,7200.0,1.0,1000.0
1753591901964,04:51:41.964,bitmex,A/USDT:USDT,0.4582,7200.0,0.3316,29400.0,0.6937,7200.0,0.9999,7200.0
1753591902013,04:51:42.013,bitmex,A/USDT:USDT,0.3317,7200.0,0.3316,29400.0,0.9999,7200.0,1.0,1000.0
1753591902195,04:51:42.195,bitmex,A/USDT:USDT,0.3317,7200.0,0.0001,100000000.0,0.9999,7200.0,1.0,1000.0
1753591902245,04:51:42.245,bitmex,A/USDT:USDT,0.0001,100000000.0,,,1.0,1000.0,9.9999,7200.0
1753591905427,04:51:45.427,bitmex,A/USDT:USDT,0.0001,100000000.0,,,0.6908,5200.0,1.0,1000.0
1753591905476,04:51:45.476,bitmex,A/USDT:USDT,0.4605,5500.0,0.4552,10800.0,0.6908,5200.0,0.7146,13700.0
1753591906639,04:51:46.639,bitmex,A/USDT:USDT,0.4605,12700.0,0.4552,10800.0,0.6908,5200.0,0.7146,13700.0
1753591907603,04:51:47.603,bitmex,A/USDT:USDT,0.4605,12700.0,0.4552,10800.0,0.6908,5200.0,0.7146,13700.0
1753591907653,04:51:47.653,bitmex,A/USDT:USDT,0.4605,12700.0,0.4552,10800.0,0.6908,5200.0,0.7146,13700.0
1753591909638,04:51:49.638,bitmex,A/USDT:USDT,0.4605,12700.0,0.4552,10800.0,0.6908,12400.0,0.7146,13700.0
1753591909688,04:51:49.688,bitmex,A/USDT:USDT,0.4605,12700.0,0.4552,10800.0,0.6908,12400.0,0.7146,13700.0
1753591909737,04:51:49.737,bitmex,A/USDT:USDT,0.4605,12700.0,0.4552,10800.0,0.6908,12400.0,0.7146,13700.0
1753591911298,04:51:51.298,bitmex,A/USDT:USDT,0.4605,12700.0,0.4552,10800.0,0.6908,12400.0,0.7146,13700.0
1753591911357,04:51:51.357,bitmex,A/USDT:USDT,0.4605,12700.0,0.4552,10800.0,0.6908,12400.0,0.7146,13700.0
1753591913515,04:51:53.515,bitmex,A/USDT:USDT,0.4605,12700.0,0.4552,10800.0,0.6908,12400.0,0.7146,13700.0
1753591913565,04:51:53.565,bitmex,A/USDT:USDT,0.4605,12700.0,0.4552,10800.0,0.6908,12400.0,0.7146,13700.0
1753591915535,04:51:55.535,bitmex,A/USDT:USDT,0.4605,12700.0,0.4552,10800.0,0.6908,12400.0,0.7146,13700.0
1753591915585,04:51:55.585,bitmex,A/USDT:USDT,0.4605,12700.0,0.4552,10800.0,0.6908,12400.0,0.6943,10200.0
1753591917151,04:51:57.151,bitmex,A/USDT:USDT,0.4605,12700.0,0.4552,10800.0,0.6908,12400.0,0.6943,10200.0
1753591917200,04:51:57.200,bitmex,A/USDT:USDT,0.4605,12700.0,0.4552,10800.0,0.6908,12400.0,0.6943,10200.0
1753591919203,04:51:59.203,bitmex,A/USDT:USDT,0.4605,12700.0,0.4552,10800.0,0.6908,12400.0,0.6943,10200.0
1753591919253,04:51:59.253,bitmex,A/USDT:USDT,0.4605,12700.0,0.4552,10800.0,0.6908,12400.0,0.6943,10200.0
1753591921626,04:52:01.626,bitmex,A/USDT:USDT,0.4605,12700.0,0.4552,10800.0,0.6908,12400.0,0.6943,10200.0
1753591922020,04:52:02.020,bitmex,A/USDT:USDT,0.4605,12700.0,0.4552,10800.0,0.6908,5200.0,0.6942,7200.0
1753591923156,04:52:03.156,bitmex,A/USDT:USDT,0.4605,12700.0,0.4552,10800.0,0.691,5200.0,0.6942,7200.0
1753591923206,04:52:03.206,bitmex,A/USDT:USDT,0.4606,5200.0,0.4605,7200.0,0.691,5200.0,0.6942,7200.0
1753591923255,04:52:03.255,bitmex,A/USDT:USDT,0.4606,12400.0,0.4552,10800.0,0.691,5200.0,0.6942,7200.0
1753591923304,04:52:03.304,bitmex,A/USDT:USDT,0.4606,12400.0,0.4552,10800.0,0.691,5200.0,0.6942,7200.0
1753591925164,04:52:05.164,bitmex,A/USDT:USDT,0.4606,12400.0,0.4552,10800.0,0.6911,5200.0,0.6942,7200.0
1753591925225,04:52:05.225,bitmex,A/USDT:USDT,0.4606,12400.0,0.4552,10800.0,0.6911,5200.0,0.6942,7200.0
1753591925274,04:52:05.274,bitmex,A/USDT:USDT,0.4606,12400.0,0.4552,10800.0,0.6911,5200.0,0.6942,7200.0
1753591927403,04:52:07.403,bitmex,A/USDT:USDT,0.4606,12400.0,0.4552,10800.0,0.6911,5200.0,0.6942,7200.0
1753591927452,04:52:07.452,bitmex,A/USDT:USDT,0.4606,12400.0,0.4583,10600.0,0.6911,5200.0,0.6942,7200.0
1753591928926,04:52:08.926,bitmex,A/USDT:USDT,0.4606,12400.0,0.4583,10600.0,0.6911,5200.0,0.6942,7200.0
1753591928975,04:52:08.975,bitmex,A/USDT:USDT,0.4606,12400.0,0.4583,10600.0,0.6911,5200.0,0.6942,7200.0
1753591930933,04:52:10.933,bitmex,A/USDT:USDT,0.4606,12400.0,0.4583,10600.0,0.6911,5200.0,0.6942,7200.0
1753591930982,04:52:10.982,bitmex,A/USDT:USDT,0.4606,12400.0,0.4583,10600.0,0.6911,5200.0,0.6942,7200.0
1753591930982,04:52:10.982,bitmex,A/USDT:USDT,0.4606,12400.0,0.4583,10600.0,0.6911,5200.0,0.6942,7200.0
1753591933238,04:52:13.238,bitmex,A/USDT:USDT,0.4606,12400.0,0.4583,10600.0,0.6911,5200.0,0.6942,7200.0
1753591933287,04:52:13.287,bitmex,A/USDT:USDT,0.4606,12400.0,0.4583,10600.0,0.6911,5200.0,0.6942,7200.0
1753591934909,04:52:14.909,bitmex,A/USDT:USDT,0.4606,12400.0,0.4583,10600.0,0.6911,5200.0,0.6942,7200.0
1753591934958,04:52:14.958,bitmex,A/USDT:USDT,0.4606,12400.0,0.4583,10600.0,0.6911,5200.0,0.6942,7200.0
1753591936874,04:52:16.874,bitmex,A/USDT:USDT,0.4606,12800.0,0.4583,10600.0,0.6911,5200.0,0.6942,7200.0
1753591936975,04:52:16.975,bitmex,A/USDT:USDT,0.4606,12800.0,0.4583,10600.0,0.6911,5200.0,0.6942,7200.0
1753591937024,04:52:17.024,bitmex,A/USDT:USDT,0.4606,12800.0,0.4583,10600.0,0.6911,5200.0,0.6942,7200.0
1753591938705,04:52:18.705,bitmex,A/USDT:USDT,0.4606,12800.0,0.4583,10600.0,0.6911,5200.0,0.6942,7200.0
1753591938775,04:52:18.775,bitmex,A/USDT:USDT,0.4606,12800.0,0.4583,10600.0,0.6911,5200.0,0.6942,7200.0
1753591940749,04:52:20.749,bitmex,A/USDT:USDT,0.4606,12800.0,0.4583,10600.0,0.6911,5200.0,0.6942,7200.0
1753591940799,04:52:20.799,bitmex,A/USDT:USDT,0.4606,12800.0,0.4583,10600.0,0.6911,5200.0,0.6942,7200.0
1753591942744,04:52:22.744,bitmex,A/USDT:USDT,0.4606,12800.0,0.4583,10600.0,0.6911,5200.0,0.6942,7200.0
1753591942793,04:52:22.793,bitmex,A/USDT:USDT,0.4606,12800.0,0.4583,10600.0,0.6911,5200.0,0.6942,7200.0
1753591944753,04:52:24.753,bitmex,A/USDT:USDT,0.4606,12800.0,0.4583,10600.0,0.6911,5600.0,0.6942,7200.0
1753591944802,04:52:24.802,bitmex,A/USDT:USDT,0.4606,12500.0,0.4583,10600.0,0.6911,5600.0,0.6942,7200.0
1753591944851,04:52:24.851,bitmex,A/USDT:USDT,0.4606,12500.0,0.4583,10600.0,0.6911,5600.0,0.6942,7200.0
1753591946685,04:52:26.685,bitmex,A/USDT:USDT,0.4606,12800.0,0.4583,10600.0,0.6911,5600.0,0.6942,7200.0
1753591946735,04:52:26.735,bitmex,A/USDT:USDT,0.4606,12800.0,0.4583,10600.0,0.6911,5200.0,0.6942,7200.0
1753591946735,04:52:26.735,bitmex,A/USDT:USDT,0.4606,12800.0,0.4583,10600.0,0.6911,5200.0,0.6942,7200.0
1753591948584,04:52:28.584,bitmex,A/USDT:USDT,0.4606,12800.0,0.4554,11500.0,0.6911,5200.0,0.6942,7200.0
1753591948633,04:52:28.633,bitmex,A/USDT:USDT,0.4606,12800.0,0.4554,11500.0,0.6911,5200.0,0.6942,7200.0
1753591952339,04:52:32.339,bitmex,A/USDT:USDT,0.4606,12800.0,0.4583,10800.0,0.6911,5200.0,0.6942,7200.0
1753591952389,04:52:32.389,bitmex,A/USDT:USDT,0.4606,12800.0,0.4583,10800.0,0.6911,5200.0,0.6942,7200.0
1753591954313,04:52:34.313,bitmex,A/USDT:USDT,0.4606,12800.0,0.4583,10800.0,0.6911,5200.0,0.6942,7200.0
1753591954362,04:52:34.362,bitmex,A/USDT:USDT,0.4606,12800.0,0.4583,10800.0,0.6911,5200.0,0.6942,7200.0
1753591956242,04:52:36.242,bitmex,A/USDT:USDT,0.4606,12800.0,0.4583,10800.0,0.6911,5200.0,0.6942,7200.0
1753591956292,04:52:36.292,bitmex,A/USDT:USDT,0.4606,12800.0,0.4583,10800.0,0.6911,5200.0,0.6942,7200.0
1753591958194,04:52:38.194,bitmex,A/USDT:USDT,0.4606,12800.0,0.4583,10800.0,0.6911,5200.0,0.6942,7200.0
1753591958244,04:52:38.244,bitmex,A/USDT:USDT,0.4606,12800.0,0.4583,10800.0,0.6911,5200.0,0.6942,7200.0
1753591960211,04:52:40.211,bitmex,A/USDT:USDT,0.4606,12800.0,0.4583,10800.0,0.6911,5200.0,0.6942,7200.0
1753591960260,04:52:40.260,bitmex,A/USDT:USDT,0.4606,12800.0,0.4583,10800.0,0.6911,5200.0,0.6942,7200.0
1753591962102,04:52:42.102,bitmex,A/USDT:USDT,0.4606,12800.0,0.4583,10800.0,0.6911,5200.0,0.6942,7200.0
1753591962152,04:52:42.152,bitmex,A/USDT:USDT,0.4606,12800.0,0.4583,10800.0,0.6911,5200.0,0.6942,7200.0
1753591964059,04:52:44.059,bitmex,A/USDT:USDT,0.4606,12800.0,0.4583,10800.0,0.6911,5200.0,0.6942,7200.0
1753591964109,04:52:44.109,bitmex,A/USDT:USDT,0.4606,12800.0,0.4583,10800.0,0.6911,5200.0,0.6942,7200.0
1753591966005,04:52:46.005,bitmex,A/USDT:USDT,0.4606,12800.0,0.4583,10800.0,0.6911,5200.0,0.6942,7200.0
1753591966055,04:52:46.055,bitmex,A/USDT:USDT,0.4606,12800.0,0.4583,10800.0,0.6911,5200.0,0.6942,7200.0
1753591967964,04:52:47.964,bitmex,A/USDT:USDT,0.4606,12800.0,0.4583,10800.0,0.6911,5200.0,0.6942,7200.0
1753591968014,04:52:48.014,bitmex,A/USDT:USDT,0.4606,12800.0,0.4583,10800.0,0.6911,5200.0,0.6942,7200.0
1753591969915,04:52:49.915,bitmex,A/USDT:USDT,0.4606,12800.0,0.4583,10800.0,0.6911,5200.0,0.6942,7200.0
1753591969964,04:52:49.964,bitmex,A/USDT:USDT,0.4606,12800.0,0.4583,10800.0,0.6911,5200.0,0.6942,7200.0
1753591971864,04:52:51.864,bitmex,A/USDT:USDT,0.4606,12800.0,0.4583,10800.0,0.6911,5200.0,0.6942,7200.0
1753591971913,04:52:51.913,bitmex,A/USDT:USDT,0.4606,12800.0,0.4583,10800.0,0.6911,5200.0,0.6942,7200.0
1753591973838,04:52:53.838,bitmex,A/USDT:USDT,0.4606,12800.0,0.4583,10400.0,0.6911,5200.0,0.6942,7200.0
1753591973888,04:52:53.888,bitmex,A/USDT:USDT,0.4606,12800.0,0.4583,10400.0,0.6911,5200.0,0.6942,7200.0
1753591975775,04:52:55.775,bitmex,A/USDT:USDT,0.4606,12800.0,0.4583,10400.0,0.6911,5200.0,0.6942,7200.0
1753591975824,04:52:55.824,bitmex,A/USDT:USDT,0.4606,12800.0,0.4583,10400.0,0.6911,5200.0,0.6942,7200.0
1753591977725,04:52:57.725,bitmex,A/USDT:USDT,0.4606,12800.0,0.4583,10400.0,0.6911,5200.0,0.6942,7200.0
1753591977774,04:52:57.774,bitmex,A/USDT:USDT,0.4606,12800.0,0.4583,10400.0,0.6911,5200.0,0.6942,7200.0
1753591979835,04:52:59.835,bitmex,A/USDT:USDT,0.4606,12800.0,0.4583,10400.0,0.6911,5200.0,0.6942,7200.0
1753591979884,04:52:59.884,bitmex,A/USDT:USDT,0.4606,12800.0,0.4583,10400.0,0.6911,5200.0,0.6942,7200.0
1753591981634,04:53:01.634,bitmex,A/USDT:USDT,0.4606,12800.0,0.4583,10400.0,0.6912,5300.0,0.6942,7200.0
1753591981683,04:53:01.683,bitmex,A/USDT:USDT,0.4607,5500.0,0.4606,7200.0,0.6912,5300.0,0.6942,7200.0
1753591981889,04:53:01.889,bitmex,A/USDT:USDT,0.4607,12700.0,0.4606,7200.0,0.6912,5300.0,0.6942,7200.0
1753591981938,04:53:01.938,bitmex,A/USDT:USDT,0.4607,12700.0,0.4583,10400.0,0.6912,5300.0,0.6942,7200.0
1753591983584,04:53:03.584,bitmex,A/USDT:USDT,0.4607,12700.0,0.4583,10400.0,0.6912,5300.0,0.6942,7200.0
1753591983634,04:53:03.634,bitmex,A/USDT:USDT,0.4607,12700.0,0.4583,10400.0,0.6912,5300.0,0.6942,7200.0
1753591985654,04:53:05.654,bitmex,A/USDT:USDT,0.4607,12700.0,0.4583,10400.0,0.6912,5600.0,0.6942,7200.0
1753591985704,04:53:05.704,bitmex,A/USDT:USDT,0.4607,12600.0,0.4583,10400.0,0.6912,5600.0,0.6942,7200.0
1753591985753,04:53:05.753,bitmex,A/USDT:USDT,0.4607,12600.0,0.4583,10400.0,0.6912,5600.0,0.6942,7200.0
1753591988185,04:53:08.185,bitmex,A/USDT:USDT,0.4607,12600.0,0.4583,10400.0,0.6912,5600.0,0.6942,7200.0
1753591988235,04:53:08.235,bitmex,A/USDT:USDT,0.4607,12600.0,0.4583,10400.0,0.6912,5600.0,0.6942,7200.0
1753591989206,04:53:09.206,bitmex,A/USDT:USDT,0.4607,12600.0,0.4583,10400.0,0.6912,12800.0,0.6942,7200.0
1753591989255,04:53:09.255,bitmex,A/USDT:USDT,0.4607,12600.0,0.4583,10400.0,0.6912,12800.0,0.6946,10800.0
1753591990014,04:53:10.014,bitmex,A/USDT:USDT,0.4607,12600.0,0.4583,10400.0,0.6912,12800.0,0.6946,10800.0
1753591990074,04:53:10.074,bitmex,A/USDT:USDT,0.4607,12600.0,0.4583,10400.0,0.6912,12800.0,0.6946,10800.0
1753591991992,04:53:11.992,bitmex,A/USDT:USDT,0.4607,12600.0,0.4583,10400.0,0.6912,12800.0,0.6946,10800.0
1753591992041,04:53:12.041,bitmex,A/USDT:USDT,0.4607,12600.0,0.4583,10400.0,0.6912,12800.0,0.6946,10800.0
1753591992892,04:53:12.892,bitmex,A/USDT:USDT,0.4607,5400.0,0.4583,10400.0,0.6912,12800.0,0.6946,10800.0
1753591992941,04:53:12.941,bitmex,A/USDT:USDT,0.4607,5400.0,0.4584,7200.0,0.6912,12800.0,0.6946,10800.0
1753591993914,04:53:13.914,bitmex,A/USDT:USDT,0.4607,5400.0,0.4584,7200.0,0.6911,5600.0,0.6912,7200.0
1753591993964,04:53:13.964,bitmex,A/USDT:USDT,0.4584,7200.0,0.4583,10400.0,0.6911,5600.0,0.6912,7200.0
1753591993964,04:53:13.964,bitmex,A/USDT:USDT,0.4606,5500.0,0.4584,7200.0,0.6911,5600.0,0.6912,7200.0
1753591994023,04:53:14.023,bitmex,A/USDT:USDT,0.4606,5500.0,0.4584,7200.0,0.6911,12800.0,0.6912,7200.0
1753591994073,04:53:14.073,bitmex,A/USDT:USDT,0.4606,5500.0,0.4584,7200.0,0.6911,12800.0,0.6946,10800.0
1753591995864,04:53:15.864,bitmex,A/USDT:USDT,0.4606,5600.0,0.4584,7200.0,0.6911,12800.0,0.6946,10800.0
1753591995914,04:53:15.914,bitmex,A/USDT:USDT,0.4606,5600.0,0.4584,7200.0,0.6911,12600.0,0.6946,10800.0
1753591995983,04:53:15.983,bitmex,A/USDT:USDT,0.4606,5600.0,0.4584,7200.0,0.6911,12600.0,0.6946,10800.0
1753591997857,04:53:17.857,bitmex,A/USDT:USDT,0.4606,5600.0,0.4584,7200.0,0.6911,12600.0,0.6946,10800.0
1753591997906,04:53:17.906,bitmex,A/USDT:USDT,0.4607,5600.0,0.4584,7200.0,0.6911,12500.0,0.6946,10800.0
1753591997955,04:53:17.955,bitmex,A/USDT:USDT,0.4607,5600.0,0.4584,7200.0,0.6911,12500.0,0.6946,10800.0
1753591999778,04:53:19.778,bitmex,A/USDT:USDT,0.4607,5600.0,0.4584,7200.0,0.6911,12500.0,0.6946,10800.0
1753592000084,04:53:20.084,bitmex,A/USDT:USDT,0.4607,5600.0,0.4584,7200.0,0.6911,12500.0,0.6946,10800.0
1753592001727,04:53:21.727,bitmex,A/USDT:USDT,0.4607,5600.0,0.4584,7200.0,0.6911,12500.0,0.6946,10800.0
1753592001777,04:53:21.777,bitmex,A/USDT:USDT,0.4607,5600.0,0.4584,7200.0,0.6911,12500.0,0.6946,10800.0
1753592003690,04:53:23.690,bitmex,A/USDT:USDT,0.4607,5600.0,0.4584,7200.0,0.6911,12500.0,0.6946,10800.0
1753592003801,04:53:23.801,bitmex,A/USDT:USDT,0.4607,5600.0,0.4584,7200.0,0.6911,12500.0,0.6946,10800.0
1753592005645,04:53:25.645,bitmex,A/USDT:USDT,0.4607,5600.0,0.4584,7200.0,0.6911,12500.0,0.6946,10800.0
1753592005695,04:53:25.695,bitmex,A/USDT:USDT,0.4607,5600.0,0.4584,7200.0,0.6911,12500.0,0.6946,10800.0
1753592007583,04:53:27.583,bitmex,A/USDT:USDT,0.4607,5600.0,0.4584,7200.0,0.6911,12500.0,0.6946,10800.0
1753592007632,04:53:27.632,bitmex,A/USDT:USDT,0.4607,5600.0,0.4584,7200.0,0.6911,12500.0,0.6946,10800.0
1753592009577,04:53:29.577,bitmex,A/USDT:USDT,0.4607,5600.0,0.4584,7200.0,0.6911,12500.0,0.6946,10800.0
1753592009627,04:53:29.627,bitmex,A/USDT:USDT,0.4607,5600.0,0.4584,7200.0,0.6911,12700.0,0.6946,9900.0
1753592011484,04:53:31.484,bitmex,A/USDT:USDT,0.4607,5600.0,0.4584,7200.0,0.6911,12500.0,0.6946,9900.0
1753592011533,04:53:31.533,bitmex,A/USDT:USDT,0.4607,5600.0,0.4584,7200.0,0.6911,12500.0,0.6946,9900.0
1753592011582,04:53:31.582,bitmex,A/USDT:USDT,0.4607,5600.0,0.4584,7200.0,0.6911,12500.0,0.6946,9900.0
1753592013440,04:53:33.440,bitmex,A/USDT:USDT,0.4607,5600.0,0.4584,7200.0,0.6911,12500.0,0.6946,9900.0
1753592013489,04:53:33.489,bitmex,A/USDT:USDT,0.4607,5600.0,0.4584,7200.0,0.6911,12500.0,0.6946,9900.0
1753592015457,04:53:35.457,bitmex,A/USDT:USDT,0.4607,5600.0,0.4584,7200.0,0.6911,12500.0,0.6946,9900.0
1753592015506,04:53:35.506,bitmex,A/USDT:USDT,0.4607,5600.0,0.4584,7200.0,0.6911,12500.0,0.6946,9900.0
1753592017364,04:53:37.364,bitmex,A/USDT:USDT,0.4607,5600.0,0.4584,7200.0,0.6911,12500.0,0.6946,9900.0
1753592017414,04:53:37.414,bitmex,A/USDT:USDT,0.4607,5600.0,0.4584,7200.0,0.6911,12500.0,0.6946,9900.0
1753592019305,04:53:39.305,bitmex,A/USDT:USDT,0.4607,5400.0,0.4584,7200.0,0.6911,12500.0,0.6946,9900.0
1753592019355,04:53:39.355,bitmex,A/USDT:USDT,0.4607,5400.0,0.4584,7200.0,0.6911,12500.0,0.6946,9900.0
1753592019404,04:53:39.404,bitmex,A/USDT:USDT,0.4607,5400.0,0.4584,7200.0,0.6911,12400.0,0.6946,9900.0
1753592021343,04:53:41.343,bitmex,A/USDT:USDT,0.4607,5400.0,0.4584,7200.0,0.6911,12400.0,0.6946,9900.0
1753592021393,04:53:41.393,bitmex,A/USDT:USDT,0.4607,5400.0,0.4584,17900.0,0.6911,12400.0,0.6946,9900.0
1753592023209,04:53:43.209,bitmex,A/USDT:USDT,0.4607,5400.0,0.4584,17900.0,0.6911,12400.0,0.6946,9900.0
1753592023259,04:53:43.259,bitmex,A/USDT:USDT,0.4607,5400.0,0.4584,17900.0,0.6911,12400.0,0.6946,9900.0
1753592025166,04:53:45.166,bitmex,A/USDT:USDT,0.4607,5400.0,0.4584,17900.0,0.6911,12400.0,0.6946,9900.0
1753592025215,04:53:45.215,bitmex,A/USDT:USDT,0.4607,5400.0,0.4584,17900.0,0.6911,12400.0,0.6946,9900.0
1753592027127,04:53:47.127,bitmex,A/USDT:USDT,0.4584,7200.0,0.0001,100000000.0,0.6911,12400.0,0.6946,9900.0
1753592027177,04:53:47.177,bitmex,A/USDT:USDT,0.0002,7200.0,0.0001,100000000.0,0.6911,12400.0,0.6946,9900.0
1753592027226,04:53:47.226,bitmex,A/USDT:USDT,0.0002,7200.0,0.0001,100000000.0,0.6911,7200.0,1.0,1000.0
1753592027498,04:53:47.498,bitmex,A/USDT:USDT,0.0002,7200.0,0.0001,100012100.0,0.6911,7200.0,1.0,1000.0
1753592027547,04:53:47.547,bitmex,A/USDT:USDT,0.0001,100012100.0,,,0.6911,12100.0,1.0,1000.0
1753592029481,04:53:49.481,bitmex,A/USDT:USDT,0.0001,100012100.0,,,1.0,1000.0,10.0,100000.0
1753592031013,04:53:51.013,bitmex,A/USDT:USDT,0.4607,5200.0,0.0001,100012100.0,1.0,1000.0,10.0,100000.0
1753592031063,04:53:51.063,bitmex,A/USDT:USDT,0.4607,5200.0,0.4497,12600.0,0.6911,5300.0,0.7207,14300.0
1753592031136,04:53:51.136,bitmex,A/USDT:USDT,0.4607,5200.0,0.4497,12600.0,0.6911,5300.0,0.7207,14300.0
1753592033254,04:53:53.254,bitmex,A/USDT:USDT,0.4607,5200.0,0.4497,12600.0,0.6911,5600.0,0.7207,14300.0
1753592033303,04:53:53.303,bitmex,A/USDT:USDT,0.4607,5600.0,0.4498,7200.0,0.6911,5600.0,0.7207,14300.0
1753592034837,04:53:54.837,bitmex,A/USDT:USDT,0.4607,5600.0,0.4498,7200.0,0.6911,5600.0,0.7206,7200.0
1753592034986,04:53:54.986,bitmex,A/USDT:USDT,0.4607,5600.0,0.4498,7200.0,0.6911,5600.0,0.7206,7200.0
1753592035035,04:53:55.035,bitmex,A/USDT:USDT,0.4607,5600.0,0.4498,7200.0,0.6911,5600.0,0.7206,7200.0
1753592036884,04:53:56.884,bitmex,A/USDT:USDT,0.4607,5600.0,0.4498,7200.0,0.6911,5600.0,0.6946,10600.0
1753592036933,04:53:56.933,bitmex,A/USDT:USDT,0.4607,5300.0,0.4498,7200.0,0.6911,5500.0,0.6946,10600.0
1753592038487,04:53:58.487,bitmex,A/USDT:USDT,0.4607,5300.0,0.4498,7200.0,0.6911,5500.0,0.6945,7200.0
1753592038537,04:53:58.537,bitmex,A/USDT:USDT,0.4607,5300.0,0.4498,7200.0,0.6911,5500.0,0.6945,7200.0
1753592038961,04:53:58.961,bitmex,A/USDT:USDT,0.4607,5300.0,0.4498,7200.0,0.6911,5500.0,0.6945,7200.0
1753592039011,04:53:59.011,bitmex,A/USDT:USDT,0.4607,5300.0,0.4498,7200.0,0.6911,5500.0,0.6945,7200.0
1753592040824,04:54:00.824,bitmex,A/USDT:USDT,0.4607,5300.0,0.4498,7200.0,0.6911,5500.0,0.6945,7200.0
1753592040874,04:54:00.874,bitmex,A/USDT:USDT,0.4607,5300.0,0.4498,7200.0,0.6911,5500.0,0.6945,7200.0
1753592042735,04:54:02.735,bitmex,A/USDT:USDT,0.4607,5300.0,0.4498,7200.0,0.6911,5500.0,0.6945,7200.0
1753592042785,04:54:02.785,bitmex,A/USDT:USDT,0.4607,5300.0,0.4498,7200.0,0.6911,5500.0,0.6945,7200.0
1753592044916,04:54:04.916,bitmex,A/USDT:USDT,0.4607,5300.0,0.4498,7200.0,0.6911,5500.0,0.6945,7200.0
1753592044966,04:54:04.966,bitmex,A/USDT:USDT,0.4607,5300.0,0.4498,7200.0,0.6911,5500.0,0.6945,7200.0
1753592046696,04:54:06.696,bitmex,A/USDT:USDT,0.4607,5300.0,0.4498,7200.0,0.6911,5500.0,0.6945,7200.0
1753592046745,04:54:06.745,bitmex,A/USDT:USDT,0.4607,5300.0,0.4498,7200.0,0.6911,5500.0,0.6945,7200.0
1753592048915,04:54:08.915,bitmex,A/USDT:USDT,0.4607,5300.0,0.4498,7200.0,0.6911,5500.0,0.6945,7200.0
1753592050068,04:54:10.068,bitmex,A/USDT:USDT,0.4607,5300.0,0.4585,7200.0,0.6911,5500.0,0.6945,7200.0
1753592050117,04:54:10.117,bitmex,A/USDT:USDT,0.4607,5300.0,0.4585,7200.0,0.6911,5500.0,0.6945,7200.0
1753592050763,04:54:10.763,bitmex,A/USDT:USDT,0.4607,5300.0,0.4585,7200.0,0.6912,5200.0,0.6945,7200.0
1753592050835,04:54:10.835,bitmex,A/USDT:USDT,0.4607,5300.0,0.4585,7200.0,0.6912,5200.0,0.6945,7200.0
1753592050884,04:54:10.884,bitmex,A/USDT:USDT,0.4607,5300.0,0.4585,7200.0,0.6912,5200.0,0.6945,7200.0
1753592052644,04:54:12.644,bitmex,A/USDT:USDT,0.4607,5500.0,0.4585,7200.0,0.6912,5200.0,0.6945,7200.0
1753592052694,04:54:12.694,bitmex,A/USDT:USDT,0.4607,5500.0,0.4585,7200.0,0.6912,5300.0,0.6945,7200.0
1753592054663,04:54:14.663,bitmex,A/USDT:USDT,0.4607,5500.0,0.4585,7200.0,0.6912,5300.0,0.6945,7200.0
1753592054713,04:54:14.713,bitmex,A/USDT:USDT,0.4607,5500.0,0.4585,7200.0,0.6912,5300.0,0.6945,7200.0
1753592056424,04:54:16.424,bitmex,A/USDT:USDT,0.4607,5500.0,0.4585,7200.0,0.6912,5300.0,0.6945,7200.0
1753592056475,04:54:16.475,bitmex,A/USDT:USDT,0.4607,5500.0,0.4585,7200.0,0.6912,5300.0,0.6945,7200.0
1753592058362,04:54:18.362,bitmex,A/USDT:USDT,0.4607,5500.0,0.4585,7200.0,0.6912,5300.0,0.6945,7200.0
1753592058411,04:54:18.411,bitmex,A/USDT:USDT,0.4607,5500.0,0.4585,7200.0,0.6912,5300.0,0.6945,7200.0
1753592060382,04:54:20.382,bitmex,A/USDT:USDT,0.4607,5500.0,0.4585,7200.0,0.6912,5300.0,0.6945,7200.0
1753592060432,04:54:20.432,bitmex,A/USDT:USDT,0.4607,5500.0,0.4585,7200.0,0.6912,5300.0,0.6945,7200.0
1753592061196,04:54:21.196,bitmex,A/USDT:USDT,0.4607,5500.0,0.4584,10100.0,0.6912,5300.0,0.6945,7200.0
1753592061245,04:54:21.245,bitmex,A/USDT:USDT,0.4607,12700.0,0.4584,10100.0,0.6912,5300.0,0.6945,7200.0
1753592062285,04:54:22.285,bitmex,A/USDT:USDT,0.4607,12700.0,0.4584,10100.0,0.6912,5300.0,0.6945,7200.0
1753592062335,04:54:22.335,bitmex,A/USDT:USDT,0.4607,12700.0,0.4584,10100.0,0.6912,5300.0,0.6945,7200.0
1753592064246,04:54:24.246,bitmex,A/USDT:USDT,0.4607,12700.0,0.4584,10100.0,0.6912,5300.0,0.6945,7200.0
1753592064295,04:54:24.295,bitmex,A/USDT:USDT,0.4607,12700.0,0.4584,10100.0,0.6912,5300.0,0.6945,7200.0
1753592066258,04:54:26.258,bitmex,A/USDT:USDT,0.4607,12700.0,0.4555,11000.0,0.6912,5300.0,0.6945,7200.0
1753592066307,04:54:26.307,bitmex,A/USDT:USDT,0.4607,12700.0,0.4555,11000.0,0.6912,5300.0,0.6945,7200.0
1753592068077,04:54:28.077,bitmex,A/USDT:USDT,0.4607,12700.0,0.4555,11000.0,0.6912,5600.0,0.6945,7200.0
1753592068126,04:54:28.126,bitmex,A/USDT:USDT,0.4607,12700.0,0.4526,11900.0,0.6912,5600.0,0.6945,7200.0
1753592068175,04:54:28.175,bitmex,A/USDT:USDT,0.4607,12700.0,0.4526,11900.0,0.6912,5600.0,0.6945,7200.0
1753592070086,04:54:30.086,bitmex,A/USDT:USDT,0.4607,12700.0,0.4497,24300.0,0.6912,5600.0,0.6945,7200.0
1753592070148,04:54:30.148,bitmex,A/USDT:USDT,0.4607,12700.0,0.4497,24300.0,0.6912,5600.0,0.6945,7200.0
1753592072127,04:54:32.127,bitmex,A/USDT:USDT,0.4607,12700.0,0.4584,10200.0,0.6912,5600.0,0.6945,7200.0
1753592072177,04:54:32.177,bitmex,A/USDT:USDT,0.4607,12700.0,0.4584,10200.0,0.6912,5600.0,0.6945,7200.0
1753592073979,04:54:33.979,bitmex,A/USDT:USDT,0.4607,12700.0,0.4584,10200.0,0.6912,5600.0,0.6945,7200.0
1753592074028,04:54:34.028,bitmex,A/USDT:USDT,0.4607,12700.0,0.4584,10200.0,0.6912,5600.0,0.6945,7200.0
1753592075977,04:54:35.977,bitmex,A/USDT:USDT,0.4607,12700.0,0.4584,10200.0,0.6912,5600.0,0.6945,7200.0
1753592076027,04:54:36.027,bitmex,A/USDT:USDT,0.4607,12700.0,0.4584,10200.0,0.6912,5600.0,0.6945,7200.0
1753592078005,04:54:38.005,bitmex,A/USDT:USDT,0.4607,12700.0,0.4584,10200.0,0.6912,5600.0,0.6945,7200.0
1753592078054,04:54:38.054,bitmex,A/USDT:USDT,0.4607,12700.0,0.4584,10200.0,0.6912,5600.0,0.6945,7200.0
1753592078103,04:54:38.103,bitmex,A/USDT:USDT,0.4607,12800.0,0.4584,10200.0,0.6911,5300.0,0.6945,7200.0
1753592079847,04:54:39.847,bitmex,A/USDT:USDT,0.4607,7200.0,0.4606,5500.0,0.6911,5300.0,0.6945,7200.0
1753592079896,04:54:39.896,bitmex,A/USDT:USDT,0.4607,7200.0,0.4606,5500.0,0.6911,5400.0,0.6945,7200.0
1753592081793,04:54:41.793,bitmex,A/USDT:USDT,0.4607,7200.0,0.4606,5500.0,0.6911,5400.0,0.6945,7200.0
1753592081842,04:54:41.842,bitmex,A/USDT:USDT,0.4607,7200.0,0.4606,5500.0,0.6911,5400.0,0.6945,7200.0
1753592083902,04:54:43.902,bitmex,A/USDT:USDT,0.4607,7200.0,0.4606,5500.0,0.6909,5500.0,0.6945,7200.0
1753592083952,04:54:43.952,bitmex,A/USDT:USDT,0.4607,7200.0,0.4605,5300.0,0.6909,5500.0,0.6945,7200.0
1753592084001,04:54:44.001,bitmex,A/USDT:USDT,0.4607,7200.0,0.4605,5300.0,0.6909,5500.0,0.6944,10500.0
1753592084260,04:54:44.260,bitmex,A/USDT:USDT,0.4607,7200.0,0.4605,5300.0,0.6909,5500.0,0.6943,7200.0
1753592084309,04:54:44.309,bitmex,A/USDT:USDT,0.4607,7200.0,0.4605,5300.0,0.6909,5500.0,0.6943,7200.0
1753592085699,04:54:45.699,bitmex,A/USDT:USDT,0.4607,7200.0,0.4605,5500.0,0.6909,5500.0,0.6943,7200.0
1753592085748,04:54:45.748,bitmex,A/USDT:USDT,0.4607,7200.0,0.4605,5500.0,0.6909,5400.0,0.6943,7200.0
1753592087667,04:54:47.667,bitmex,A/USDT:USDT,0.4607,7200.0,0.4605,5500.0,0.6909,5600.0,0.6943,7200.0
1753592087716,04:54:47.716,bitmex,A/USDT:USDT,0.4607,7200.0,0.4605,5500.0,0.6909,5600.0,0.6943,7200.0
1753592087765,04:54:47.765,bitmex,A/USDT:USDT,0.4607,7200.0,0.4605,5400.0,0.6909,5600.0,0.6943,7200.0
1753592089726,04:54:49.726,bitmex,A/USDT:USDT,0.4607,7200.0,0.4605,5400.0,0.6909,5600.0,0.6943,7200.0
1753592089797,04:54:49.797,bitmex,A/USDT:USDT,0.4607,7200.0,0.4605,5400.0,0.6909,5600.0,0.6943,7200.0
1753592091565,04:54:51.565,bitmex,A/USDT:USDT,0.4607,7200.0,0.0001,100000000.0,0.6909,5600.0,0.6943,7200.0
1753592091615,04:54:51.615,bitmex,A/USDT:USDT,0.4607,7200.0,0.0001,100000000.0,0.6943,7200.0,1.0,1000.0
1753592092266,04:54:52.266,bitmex,A/USDT:USDT,0.0001,100000000.0,,,0.6943,7200.0,1.0,1000.0
1753592092316,04:54:52.316,bitmex,A/USDT:USDT,0.0002,7300.0,0.0001,100000000.0,0.9999,7300.0,1.0,1000.0
1753592095604,04:54:55.604,bitmex,A/USDT:USDT,0.4605,5300.0,0.0002,7300.0,0.9999,7300.0,1.0,1000.0
1753592095653,04:54:55.653,bitmex,A/USDT:USDT,0.4605,5300.0,0.0002,7300.0,0.6909,5500.0,0.9999,7300.0
1753592095702,04:54:55.702,bitmex,A/USDT:USDT,0.4605,5300.0,0.4292,14400.0,0.6909,5500.0,0.706,13300.0
1753592096830,04:54:56.830,bitmex,A/USDT:USDT,0.4605,5300.0,0.4293,7300.0,0.6909,5500.0,0.706,13300.0
1753592096879,04:54:56.879,bitmex,A/USDT:USDT,0.4605,5300.0,0.4293,7300.0,0.6909,12800.0,0.706,13300.0
1753592097423,04:54:57.423,bitmex,A/USDT:USDT,0.4605,5300.0,0.4293,7300.0,0.6909,12800.0,0.706,13300.0
1753592097473,04:54:57.473,bitmex,A/USDT:USDT,0.4605,5300.0,0.4293,7300.0,0.6909,12800.0,0.706,13300.0
1753592099373,04:54:59.373,bitmex,A/USDT:USDT,0.4605,5200.0,0.4293,7300.0,0.6909,12800.0,0.706,13300.0
1753592099422,04:54:59.422,bitmex,A/USDT:USDT,0.4605,5200.0,0.4582,10400.0,0.6909,12700.0,0.706,13300.0
1753592099471,04:54:59.471,bitmex,A/USDT:USDT,0.4605,5200.0,0.4583,7300.0,0.6909,12700.0,0.706,13300.0
1753592101432,04:55:01.432,bitmex,A/USDT:USDT,0.4605,5200.0,0.4583,7300.0,0.6909,12700.0,0.706,13300.0
1753592101482,04:55:01.482,bitmex,A/USDT:USDT,0.4605,5200.0,0.4583,7300.0,0.6909,12700.0,0.706,13300.0
1753592103279,04:55:03.279,bitmex,A/USDT:USDT,0.4605,5200.0,0.4583,7300.0,0.6909,12700.0,0.706,13300.0
1753592103344,04:55:03.344,bitmex,A/USDT:USDT,0.4605,5200.0,0.4583,7300.0,0.6909,12700.0,0.706,13300.0
1753592105236,04:55:05.236,bitmex,A/USDT:USDT,0.4605,5200.0,0.4583,7300.0,0.6909,12700.0,0.706,13300.0
1753592105286,04:55:05.286,bitmex,A/USDT:USDT,0.4605,5200.0,0.4583,7300.0,0.6909,12700.0,0.706,13300.0
1753592107363,04:55:07.363,bitmex,A/USDT:USDT,0.4605,5200.0,0.4583,7300.0,0.6909,12700.0,0.706,13300.0
1753592107413,04:55:07.413,bitmex,A/USDT:USDT,0.4605,5200.0,0.4583,7300.0,0.6909,12700.0,0.706,13300.0
1753592109144,04:55:09.144,bitmex,A/USDT:USDT,0.4605,5200.0,0.4583,7300.0,0.6909,12700.0,0.706,13300.0
1753592109193,04:55:09.193,bitmex,A/USDT:USDT,0.4605,5200.0,0.4583,7300.0,0.6909,12700.0,0.706,13300.0
1753592111096,04:55:11.096,bitmex,A/USDT:USDT,0.4605,5200.0,0.4583,7300.0,0.6909,12700.0,0.6944,10700.0
1753592111145,04:55:11.145,bitmex,A/USDT:USDT,0.4605,5200.0,0.4583,7300.0,0.6909,12700.0,0.6944,10700.0
1753592113158,04:55:13.158,bitmex,A/USDT:USDT,0.4605,5200.0,0.4583,7300.0,0.6909,12700.0,0.6944,10700.0
1753592113208,04:55:13.208,bitmex,A/USDT:USDT,0.4605,5200.0,0.4583,7300.0,0.6909,12700.0,0.6944,10700.0
1753592114998,04:55:14.998,bitmex,A/USDT:USDT,0.4605,5200.0,0.4583,7300.0,0.6909,12700.0,0.6944,10700.0
1753592115048,04:55:15.048,bitmex,A/USDT:USDT,0.4605,5200.0,0.4583,7300.0,0.6909,12700.0,0.6944,10700.0
1753592117175,04:55:17.175,bitmex,A/USDT:USDT,0.4605,5200.0,0.4583,7300.0,0.6909,12700.0,0.6944,10700.0
1753592117224,04:55:17.224,bitmex,A/USDT:USDT,0.4605,5200.0,0.4583,7300.0,0.6909,12700.0,0.6944,10700.0
1753592119009,04:55:19.009,bitmex,A/USDT:USDT,0.4583,7300.0,0.0001,100000000.0,0.6909,12700.0,0.6944,10700.0
1753592119059,04:55:19.059,bitmex,A/USDT:USDT,0.4583,7300.0,0.0001,100000000.0,0.6909,7300.0,1.0,1000.0
1753592120034,04:55:20.034,bitmex,A/USDT:USDT,0.0001,100000000.0,,,0.6909,7300.0,1.0,1000.0
1753592120083,04:55:20.083,bitmex,A/USDT:USDT,0.0002,7300.0,0.0001,100000000.0,0.6909,7300.0,1.0,1000.0
1753592120453,04:55:20.453,bitmex,A/USDT:USDT,0.0002,7300.0,0.0001,100000000.0,0.6909,19400.0,1.0,1000.0
1753592120503,04:55:20.503,bitmex,A/USDT:USDT,0.0001,100012100.0,,,0.6909,12100.0,1.0,1000.0
1753592122906,04:55:22.906,bitmex,A/USDT:USDT,0.0001,100012100.0,,,0.6909,12100.0,0.7059,13000.0
1753592123499,04:55:23.499,bitmex,A/USDT:USDT,0.4605,5600.0,0.4292,14100.0,0.6908,17700.0,0.7059,13000.0
1753592124885,04:55:24.885,bitmex,A/USDT:USDT,0.4603,5300.0,0.4292,14100.0,0.6908,17700.0,0.7059,13000.0
1753592124934,04:55:24.934,bitmex,A/USDT:USDT,0.4603,5300.0,0.4292,14100.0,0.6906,5300.0,0.6908,12100.0
1753592124991,04:55:24.991,bitmex,A/USDT:USDT,0.4603,5300.0,0.4292,14100.0,0.6906,5300.0,0.6908,12100.0
1753592125208,04:55:25.208,bitmex,A/USDT:USDT,0.4603,5300.0,0.4293,7300.0,0.6906,5300.0,0.6908,12100.0
1753592126832,04:55:26.832,bitmex,A/USDT:USDT,0.4603,5300.0,0.458,10100.0,0.6906,5300.0,0.6908,12100.0
1753592126881,04:55:26.881,bitmex,A/USDT:USDT,0.4603,5300.0,0.458,10100.0,0.6906,5300.0,0.6908,12100.0
1753592127986,04:55:27.986,bitmex,A/USDT:USDT,0.4603,5300.0,0.458,10100.0,0.6906,5300.0,0.7059,13000.0
1753592128766,04:55:28.766,bitmex,A/USDT:USDT,0.4603,5300.0,0.458,10100.0,0.6906,5300.0,0.7059,13000.0
1753592128815,04:55:28.815,bitmex,A/USDT:USDT,0.4603,5300.0,0.458,10100.0,0.6906,5300.0,0.7059,13000.0
1753592130714,04:55:30.714,bitmex,A/USDT:USDT,0.4293,7300.0,0.0001,100000000.0,0.6906,12600.0,0.7059,13000.0
1753592130764,04:55:30.764,bitmex,A/USDT:USDT,0.4293,7300.0,0.0001,100000000.0,0.6906,7300.0,1.0,1000.0
1753592131936,04:55:31.936,bitmex,A/USDT:USDT,0.4293,7300.0,0.0002,7500.0,0.6906,7300.0,1.0,1000.0
1753592131985,04:55:31.985,bitmex,A/USDT:USDT,0.0002,7500.0,0.0001,100000000.0,0.6906,7300.0,1.0,1000.0
1753592132665,04:55:32.665,bitmex,A/USDT:USDT,0.0002,7500.0,0.0001,100000000.0,0.6906,12700.0,1.0,1000.0
1753592132714,04:55:32.714,bitmex,A/USDT:USDT,0.4603,5300.0,0.0002,7500.0,0.6906,12700.0,1.0,1000.0
1753592132763,04:55:32.763,bitmex,A/USDT:USDT,0.4603,5300.0,0.4522,11800.0,0.6906,12700.0,0.7173,14100.0
1753592134634,04:55:34.634,bitmex,A/USDT:USDT,0.4603,5300.0,0.4522,11800.0,0.6906,12700.0,0.7173,14100.0
1753592134683,04:55:34.683,bitmex,A/USDT:USDT,0.4603,5300.0,0.4522,11800.0,0.6906,12700.0,0.7173,14100.0
1753592135086,04:55:35.086,bitmex,A/USDT:USDT,0.4603,5300.0,0.4523,7300.0,0.6906,12700.0,0.7173,14100.0
1753592135135,04:55:35.135,bitmex,A/USDT:USDT,0.4603,5300.0,0.4523,7300.0,0.6906,12700.0,0.7173,14100.0
1753592136575,04:55:36.575,bitmex,A/USDT:USDT,0.4603,5400.0,0.4523,7300.0,0.6906,12700.0,0.7173,14100.0
1753592136624,04:55:36.624,bitmex,A/USDT:USDT,0.4603,5400.0,0.4523,7300.0,0.6906,12600.0,0.7173,14100.0
1753592136673,04:55:36.673,bitmex,A/USDT:USDT,0.4603,5400.0,0.4523,7300.0,0.6906,12600.0,0.7173,14100.0
1753592138555,04:55:38.555,bitmex,A/USDT:USDT,0.4603,5600.0,0.4523,7300.0,0.6906,12600.0,0.7173,14100.0
1753592138605,04:55:38.605,bitmex,A/USDT:USDT,0.4603,5600.0,0.4523,7300.0,0.6906,12700.0,0.7173,14100.0
1753592138654,04:55:38.654,bitmex,A/USDT:USDT,0.4603,5600.0,0.4523,7300.0,0.6906,12700.0,0.7173,14100.0
1753592140479,04:55:40.479,bitmex,A/USDT:USDT,0.4603,5600.0,0.4523,7300.0,0.6906,12700.0,0.6941,10800.0
1753592140528,04:55:40.528,bitmex,A/USDT:USDT,0.4603,5600.0,0.4523,7300.0,0.6906,12700.0,0.6941,10800.0
1753592142433,04:55:42.433,bitmex,A/USDT:USDT,0.4603,5600.0,0.4523,7300.0,0.6906,12700.0,0.6941,10800.0
1753592142483,04:55:42.483,bitmex,A/USDT:USDT,0.4603,5600.0,0.4523,7300.0,0.6906,12700.0,0.6941,10800.0
1753592144384,04:55:44.384,bitmex,A/USDT:USDT,0.4603,5600.0,0.4523,7300.0,0.6906,12700.0,0.6941,10800.0
1753592144434,04:55:44.434,bitmex,A/USDT:USDT,0.4603,5600.0,0.4523,7300.0,0.6906,12700.0,0.6941,10800.0
1753592146341,04:55:46.341,bitmex,A/USDT:USDT,0.4603,5600.0,0.4523,7300.0,0.6906,12700.0,0.6941,10800.0
1753592146390,04:55:46.390,bitmex,A/USDT:USDT,0.4603,5600.0,0.4523,7300.0,0.6906,12700.0,0.6941,10800.0
1753592148373,04:55:48.373,bitmex,A/USDT:USDT,0.4603,5600.0,0.4523,7300.0,0.6906,12700.0,0.6941,10800.0
1753592148423,04:55:48.423,bitmex,A/USDT:USDT,0.4603,5600.0,0.4523,7300.0,0.6906,12700.0,0.6941,10800.0
1753592150378,04:55:50.378,bitmex,A/USDT:USDT,0.4603,5600.0,0.4523,7300.0,0.6906,7300.0,1.0,1000.0
1753592150427,04:55:50.427,bitmex,A/USDT:USDT,0.4523,7300.0,0.0001,100000000.0,0.6906,7300.0,1.0,1000.0
1753592150982,04:55:50.982,bitmex,A/USDT:USDT,0.4523,7300.0,0.0002,7300.0,0.6906,7300.0,1.0,1000.0
1753592151032,04:55:51.032,bitmex,A/USDT:USDT,0.0002,7300.0,0.0001,100000000.0,0.6906,7300.0,1.0,1000.0
1753592151948,04:55:51.948,bitmex,A/USDT:USDT,0.0002,7300.0,0.0001,100012100.0,0.6906,7300.0,1.0,1000.0
1753592151997,04:55:51.997,bitmex,A/USDT:USDT,0.0001,100012100.0,,,0.6906,12100.0,1.0,1000.0
1753592154151,04:55:54.151,bitmex,A/USDT:USDT,0.4603,5600.0,0.0001,100012100.0,0.6906,12100.0,1.0,1000.0
1753592154205,04:55:54.205,bitmex,A/USDT:USDT,0.4603,5600.0,0.0001,100012100.0,0.6906,17700.0,1.0,1000.0
1753592154255,04:55:54.255,bitmex,A/USDT:USDT,0.4603,5600.0,0.4261,13800.0,0.6906,17700.0,0.7086,13400.0
1753592154377,04:55:54.377,bitmex,A/USDT:USDT,0.4603,5600.0,0.4262,12100.0,0.6906,17700.0,0.7086,13400.0
1753592154426,04:55:54.426,bitmex,A/USDT:USDT,0.4603,5600.0,0.4261,13800.0,0.6906,17700.0,0.7086,13400.0
1753592154886,04:55:54.886,bitmex,A/USDT:USDT,0.4603,5600.0,0.4262,7300.0,0.6906,17700.0,0.7086,13400.0
1753592155860,04:55:55.860,bitmex,A/USDT:USDT,0.4603,5600.0,0.4262,7300.0,0.6906,5600.0,0.7086,13400.0
1753592156567,04:55:56.567,bitmex,A/USDT:USDT,0.4603,5600.0,0.4262,7300.0,0.6906,5600.0,0.7086,13400.0
1753592156617,04:55:56.617,bitmex,A/USDT:USDT,0.4603,5600.0,0.458,10700.0,0.6906,5600.0,0.7086,13400.0
1753592158194,04:55:58.194,bitmex,A/USDT:USDT,0.4603,5200.0,0.458,10700.0,0.6906,5600.0,0.7086,13400.0
1753592158244,04:55:58.244,bitmex,A/USDT:USDT,0.4603,5200.0,0.458,10700.0,0.6906,5400.0,0.7086,13400.0
1753592158293,04:55:58.293,bitmex,A/USDT:USDT,0.4603,5200.0,0.458,10700.0,0.6906,5400.0,0.7086,13400.0
1753592158385,04:55:58.385,bitmex,A/USDT:USDT,0.4603,5200.0,0.458,10700.0,0.6906,12700.0,0.7086,13400.0
1753592160182,04:56:00.182,bitmex,A/USDT:USDT,0.4603,5200.0,0.458,10700.0,0.6906,12700.0,0.7086,13400.0
1753592160231,04:56:00.231,bitmex,A/USDT:USDT,0.4604,5500.0,0.458,10700.0,0.6906,7300.0,0.6907,5300.0
1753592162107,04:56:02.107,bitmex,A/USDT:USDT,0.4604,5300.0,0.458,10700.0,0.6906,7300.0,0.6907,5300.0
1753592162157,04:56:02.157,bitmex,A/USDT:USDT,0.4604,5300.0,0.458,10700.0,0.6906,7300.0,0.6907,5500.0
1753592162207,04:56:02.207,bitmex,A/USDT:USDT,0.4604,5300.0,0.458,10700.0,0.6906,7300.0,0.6907,5500.0
1753592162275,04:56:02.275,bitmex,A/USDT:USDT,0.4604,5300.0,0.458,10700.0,0.6906,7300.0,0.6907,5500.0
1753592164094,04:56:04.094,bitmex,A/USDT:USDT,0.4604,5400.0,0.458,10700.0,0.6906,7300.0,0.6907,5500.0
1753592164143,04:56:04.143,bitmex,A/USDT:USDT,0.4604,5400.0,0.458,10700.0,0.6906,7300.0,0.6907,5300.0
1753592164192,04:56:04.192,bitmex,A/USDT:USDT,0.4604,5400.0,0.458,10700.0,0.6906,7300.0,0.6907,5300.0
1753592164685,04:56:04.685,bitmex,A/USDT:USDT,0.4604,5400.0,0.458,10700.0,0.6906,7300.0,0.6907,5300.0
1753592164734,04:56:04.734,bitmex,A/USDT:USDT,0.4604,5400.0,0.4581,7300.0,0.6906,7300.0,0.6907,5300.0
1753592166015,04:56:06.015,bitmex,A/USDT:USDT,0.4604,5400.0,0.4581,7300.0,0.6906,7300.0,0.6907,5300.0
1753592166065,04:56:06.065,bitmex,A/USDT:USDT,0.4604,5400.0,0.4581,7300.0,0.6906,7300.0,0.6907,5300.0
1753592168154,04:56:08.154,bitmex,A/USDT:USDT,0.4604,5400.0,0.4581,7300.0,0.6906,7300.0,0.6907,5300.0
1753592168203,04:56:08.203,bitmex,A/USDT:USDT,0.4604,5400.0,0.4581,7300.0,0.6906,7300.0,0.6907,5300.0
1753592169938,04:56:09.938,bitmex,A/USDT:USDT,0.4604,5400.0,0.4581,7300.0,0.6906,7300.0,0.6907,5300.0
1753592169987,04:56:09.987,bitmex,A/USDT:USDT,0.4604,5400.0,0.4581,7300.0,0.6906,7300.0,0.6907,5300.0
1753592171838,04:56:11.838,bitmex,A/USDT:USDT,0.4604,5400.0,0.4581,7300.0,0.6906,7300.0,0.6907,5300.0
1753592171932,04:56:11.932,bitmex,A/USDT:USDT,0.4604,5400.0,0.4581,7300.0,0.6906,7300.0,0.6907,5300.0
1753592173791,04:56:13.791,bitmex,A/USDT:USDT,0.4581,7300.0,0.0001,100000000.0,0.6906,7300.0,0.6907,5300.0
1753592173841,04:56:13.841,bitmex,A/USDT:USDT,0.4581,7300.0,0.0001,100000000.0,0.6906,7300.0,1.0,1000.0
1753592173937,04:56:13.937,bitmex,A/USDT:USDT,0.0001,100000000.0,,,0.6906,7300.0,1.0,1000.0
1753592173986,04:56:13.986,bitmex,A/USDT:USDT,0.0002,7300.0,0.0001,100000000.0,0.9999,7300.0,1.0,1000.0
1753592175633,04:56:15.633,bitmex,A/USDT:USDT,0.4604,5500.0,0.0002,7300.0,0.9999,7300.0,1.0,1000.0
1753592175683,04:56:15.683,bitmex,A/USDT:USDT,0.4604,5500.0,0.0002,7300.0,0.6907,5200.0,0.9999,7300.0
1753592175732,04:56:15.732,bitmex,A/USDT:USDT,0.4604,5500.0,0.432,13500.0,0.6907,5200.0,0.7028,11900.0
1753592176685,04:56:16.685,bitmex,A/USDT:USDT,0.4604,5500.0,0.432,13500.0,0.6907,5200.0,0.7028,11900.0
1753592176735,04:56:16.735,bitmex,A/USDT:USDT,0.4604,5500.0,0.4321,7300.0,0.6907,5200.0,0.7028,11900.0
1753592177595,04:56:17.595,bitmex,A/USDT:USDT,0.4604,5500.0,0.4321,7300.0,0.6907,5200.0,0.7028,11900.0
1753592177653,04:56:17.653,bitmex,A/USDT:USDT,0.4604,5500.0,0.4321,7300.0,0.6907,5200.0,0.7028,11900.0
1753592179535,04:56:19.535,bitmex,A/USDT:USDT,0.4604,5500.0,0.4321,7300.0,0.6907,5200.0,0.7028,11900.0
1753592179585,04:56:19.585,bitmex,A/USDT:USDT,0.4604,5500.0,0.4321,7300.0,0.6907,5200.0,0.7027,7300.0
1753592179634,04:56:19.634,bitmex,A/USDT:USDT,0.4604,5500.0,0.4321,7300.0,0.7027,7300.0,1.0,1000.0
1753592179685,04:56:19.685,bitmex,A/USDT:USDT,0.4321,7300.0,0.0001,100000000.0,0.7027,7300.0,1.0,1000.0
1753592181499,04:56:21.499,bitmex,A/USDT:USDT,0.4321,7300.0,0.0001,100000000.0,0.6907,5400.0,0.7027,7300.0
1753592181549,04:56:21.549,bitmex,A/USDT:USDT,0.4604,5600.0,0.4321,7300.0,0.6907,5400.0,0.7027,7300.0
1753592183454,04:56:23.454,bitmex,A/USDT:USDT,0.4604,5200.0,0.4321,7300.0,0.6907,5400.0,0.7027,7300.0
1753592183504,04:56:23.504,bitmex,A/USDT:USDT,0.4604,5200.0,0.4581,10900.0,0.6907,5400.0,0.7027,7300.0
1753592183886,04:56:23.886,bitmex,A/USDT:USDT,0.4604,5200.0,0.4582,7300.0,0.6907,5400.0,0.7027,7300.0
1753592183935,04:56:23.935,bitmex,A/USDT:USDT,0.4604,5200.0,0.4582,7300.0,0.6907,5400.0,0.7027,7300.0
1753592185518,04:56:25.518,bitmex,A/USDT:USDT,0.4604,5200.0,0.4582,7300.0,0.6907,5400.0,0.7027,7300.0
1753592185584,04:56:25.584,bitmex,A/USDT:USDT,0.4604,5200.0,0.4582,7300.0,0.6907,5400.0,0.7027,7300.0
1753592187354,04:56:27.354,bitmex,A/USDT:USDT,0.4604,5200.0,0.4582,7300.0,0.6907,5400.0,0.7027,7300.0
1753592187403,04:56:27.403,bitmex,A/USDT:USDT,0.4604,5200.0,0.4582,7300.0,0.6907,5400.0,0.7027,7300.0
1753592189394,04:56:29.394,bitmex,A/USDT:USDT,0.4604,5200.0,0.4582,7300.0,0.6907,5400.0,0.7027,7300.0
1753592189444,04:56:29.444,bitmex,A/USDT:USDT,0.4604,5200.0,0.4582,7300.0,0.6907,5400.0,0.7027,7300.0
1753592191737,04:56:31.737,bitmex,A/USDT:USDT,0.4604,5400.0,0.4582,7300.0,0.6907,5400.0,0.7027,7300.0
1753592191787,04:56:31.787,bitmex,A/USDT:USDT,0.4604,5400.0,0.4582,7300.0,0.6908,5200.0,0.7027,7300.0
1753592191836,04:56:31.836,bitmex,A/USDT:USDT,0.4604,5400.0,0.4582,7300.0,0.6908,5200.0,0.7027,7300.0
1753592193496,04:56:33.496,bitmex,A/USDT:USDT,0.4604,5500.0,0.4582,7300.0,0.6908,5200.0,0.7027,7300.0
1753592193554,04:56:33.554,bitmex,A/USDT:USDT,0.4604,5500.0,0.4582,7300.0,0.6908,5200.0,0.7027,7300.0
1753592193604,04:56:33.604,bitmex,A/USDT:USDT,0.4604,5500.0,0.4582,7300.0,0.6908,5600.0,0.7027,7300.0
1753592195453,04:56:35.453,bitmex,A/USDT:USDT,0.4604,5500.0,0.4582,7300.0,0.6908,5200.0,0.7027,7300.0
1753592195503,04:56:35.503,bitmex,A/USDT:USDT,0.4605,5600.0,0.4582,7300.0,0.6908,5200.0,0.7027,7300.0
1753592195552,04:56:35.552,bitmex,A/USDT:USDT,0.4605,5600.0,0.4582,7300.0,0.6908,5200.0,0.6943,9900.0
1753592195765,04:56:35.765,bitmex,A/USDT:USDT,0.4605,5600.0,0.4581,10900.0,0.6908,5200.0,0.6943,9900.0
1753592195814,04:56:35.814,bitmex,A/USDT:USDT,0.4605,12900.0,0.4581,10900.0,0.6908,5200.0,0.6942,7300.0
1753592197716,04:56:37.716,bitmex,A/USDT:USDT,0.4605,12900.0,0.4581,10900.0,0.6908,5200.0,0.6942,7300.0
1753592197766,04:56:37.766,bitmex,A/USDT:USDT,0.4605,12900.0,0.4581,10900.0,0.6908,5200.0,0.6942,7300.0
1753592199357,04:56:39.357,bitmex,A/USDT:USDT,0.4605,12600.0,0.4581,10900.0,0.6908,5200.0,0.6942,7300.0
1753592199406,04:56:39.406,bitmex,A/USDT:USDT,0.4605,12600.0,0.4581,10900.0,0.6909,5200.0,0.6942,7300.0
1753592199455,04:56:39.455,bitmex,A/USDT:USDT,0.4605,12600.0,0.4581,10900.0,0.6909,5200.0,0.6942,7300.0
1753592201647,04:56:41.647,bitmex,A/USDT:USDT,0.4605,12600.0,0.4581,10900.0,0.6909,5200.0,0.6942,7300.0
1753592203736,04:56:43.736,bitmex,A/USDT:USDT,0.4605,12600.0,0.4581,10900.0,0.6909,5500.0,0.6942,7300.0
1753592203785,04:56:43.785,bitmex,A/USDT:USDT,0.4605,12600.0,0.4581,10900.0,0.6909,5500.0,0.6942,7300.0
1753592205735,04:56:45.735,bitmex,A/USDT:USDT,0.4605,12600.0,0.4581,10900.0,0.6909,5500.0,0.6942,7300.0
1753592205784,04:56:45.784,bitmex,A/USDT:USDT,0.4605,12600.0,0.4581,10900.0,0.6909,5500.0,0.6942,7300.0
1753592207903,04:56:47.903,bitmex,A/USDT:USDT,0.4605,12600.0,0.4582,10600.0,0.6909,5500.0,0.6942,7300.0
1753592207953,04:56:47.953,bitmex,A/USDT:USDT,0.4605,12900.0,0.4582,10600.0,0.6909,5400.0,0.6942,7300.0
1753592209826,04:56:49.826,bitmex,A/USDT:USDT,0.4605,12900.0,0.4582,10600.0,0.6909,5400.0,0.6942,7300.0
1753592209876,04:56:49.876,bitmex,A/USDT:USDT,0.4605,12900.0,0.4582,10600.0,0.6909,5400.0,0.6942,7300.0
1753592209925,04:56:49.925,bitmex,A/USDT:USDT,0.4605,12600.0,0.4582,10600.0,0.6909,5400.0,0.6942,7300.0
1753592211404,04:56:51.404,bitmex,A/USDT:USDT,0.4605,12700.0,0.4582,10600.0,0.6909,5400.0,0.6942,7300.0
1753592211462,04:56:51.462,bitmex,A/USDT:USDT,0.4605,12700.0,0.4582,10600.0,0.6909,5400.0,0.6942,7300.0
1753592211512,04:56:51.512,bitmex,A/USDT:USDT,0.4605,12700.0,0.4582,10600.0,0.6909,5600.0,0.6942,7300.0
1753592213594,04:56:53.594,bitmex,A/USDT:USDT,0.4605,12700.0,0.4582,10600.0,0.6909,5600.0,0.6942,7300.0
1753592213644,04:56:53.644,bitmex,A/USDT:USDT,0.4605,12700.0,0.4582,10600.0,0.6909,5600.0,0.6942,7300.0
1753592215697,04:56:55.697,bitmex,A/USDT:USDT,0.4605,12700.0,0.4582,10600.0,0.6909,5600.0,0.6942,7300.0
1753592215746,04:56:55.746,bitmex,A/USDT:USDT,0.4605,12700.0,0.4582,10600.0,0.6909,5600.0,0.6942,7300.0
1753592218235,04:56:58.235,bitmex,A/USDT:USDT,0.4605,12700.0,0.4582,10600.0,0.6909,5600.0,0.6942,7300.0
1753592218285,04:56:58.285,bitmex,A/USDT:USDT,0.4605,12700.0,0.4582,10600.0,0.6909,5600.0,0.6942,7300.0
1753592220001,04:57:00.001,bitmex,A/USDT:USDT,0.4605,12600.0,0.4582,10600.0,0.6909,5600.0,0.6942,7300.0
1753592220053,04:57:00.053,bitmex,A/USDT:USDT,0.4605,12600.0,0.4582,10600.0,0.6909,5600.0,0.6942,7300.0
1753592220103,04:57:00.103,bitmex,A/USDT:USDT,0.4605,12600.0,0.4582,10600.0,0.6909,5600.0,0.6942,7300.0
1753592221974,04:57:01.974,bitmex,A/USDT:USDT,0.4605,12600.0,0.4582,10600.0,0.6909,5600.0,0.6942,7300.0
1753592222023,04:57:02.023,bitmex,A/USDT:USDT,0.4605,12600.0,0.4582,10600.0,0.6909,5600.0,0.6942,7300.0
1753592223905,04:57:03.905,bitmex,A/USDT:USDT,0.4605,7300.0,0.4604,5500.0,0.6909,5600.0,0.6942,7300.0
1753592223955,04:57:03.955,bitmex,A/USDT:USDT,0.4605,7300.0,0.4604,5500.0,0.6908,5300.0,0.6942,7300.0
1753592224005,04:57:04.005,bitmex,A/USDT:USDT,0.4605,7300.0,0.4604,5500.0,0.6908,5300.0,0.6942,7300.0
1753592225874,04:57:05.874,bitmex,A/USDT:USDT,0.4605,7300.0,0.4604,5500.0,0.6908,5300.0,0.6942,7300.0
1753592225946,04:57:05.946,bitmex,A/USDT:USDT,0.4605,7300.0,0.4604,5500.0,0.6908,5300.0,0.6942,7300.0
1753592228019,04:57:08.019,bitmex,A/USDT:USDT,0.4605,7300.0,0.4604,5500.0,0.6908,5300.0,0.6942,7300.0
1753592228069,04:57:08.069,bitmex,A/USDT:USDT,0.4605,7300.0,0.4604,5500.0,0.6908,5300.0,0.6942,7300.0
1753592230102,04:57:10.102,bitmex,A/USDT:USDT,0.4605,7300.0,0.4604,5500.0,0.6908,5300.0,0.6944,10900.0
1753592230151,04:57:10.151,bitmex,A/USDT:USDT,0.4605,7300.0,0.4604,5500.0,0.6908,12600.0,0.6944,10900.0
1753592230250,04:57:10.250,bitmex,A/USDT:USDT,0.4605,7300.0,0.4604,5500.0,0.6908,12600.0,0.6944,10900.0
1753592230300,04:57:10.300,bitmex,A/USDT:USDT,0.4605,7300.0,0.4604,5500.0,0.6908,12600.0,0.6944,10900.0
1753592232014,04:57:12.014,bitmex,A/USDT:USDT,0.4605,7300.0,0.4604,5500.0,0.6908,12600.0,0.6944,10900.0
1753592232063,04:57:12.063,bitmex,A/USDT:USDT,0.4605,7300.0,0.4604,5500.0,0.6908,12600.0,0.6944,10900.0
1753592234807,04:57:14.807,bitmex,A/USDT:USDT,0.4605,7300.0,0.4604,5500.0,0.6908,12600.0,0.6944,10900.0
1753592234857,04:57:14.857,bitmex,A/USDT:USDT,0.4605,7300.0,0.4604,5600.0,0.6908,7300.0,0.6944,10900.0
1753592234857,04:57:14.857,bitmex,A/USDT:USDT,0.4605,7300.0,0.4604,5600.0,0.6907,5500.0,0.6908,7300.0
1753592234985,04:57:14.985,bitmex,A/USDT:USDT,0.4605,7300.0,0.4604,5600.0,0.6907,5500.0,0.6944,10900.0
1753592235034,04:57:15.034,bitmex,A/USDT:USDT,0.4605,7300.0,0.4604,5600.0,0.6907,12800.0,0.6944,10900.0
1753592236565,04:57:16.565,bitmex,A/USDT:USDT,0.4605,7300.0,0.4604,5600.0,0.6907,12800.0,0.6944,10900.0
1753592236615,04:57:16.615,bitmex,A/USDT:USDT,0.4605,7300.0,0.4604,5600.0,0.6907,12800.0,0.6944,10900.0
1753592238683,04:57:18.683,bitmex,A/USDT:USDT,0.4605,7300.0,0.4604,5600.0,0.6907,12800.0,0.6944,10900.0
1753592238732,04:57:18.732,bitmex,A/USDT:USDT,0.4605,7300.0,0.4604,5600.0,0.6907,12800.0,0.6944,10900.0
1753592240416,04:57:20.416,bitmex,A/USDT:USDT,0.4605,7300.0,0.4604,5600.0,0.6907,12800.0,0.6944,10900.0
1753592240466,04:57:20.466,bitmex,A/USDT:USDT,0.4605,7300.0,0.4604,5600.0,0.6907,12800.0,0.6944,10900.0
1753592242843,04:57:22.843,bitmex,A/USDT:USDT,0.4605,7300.0,0.4604,5600.0,0.6907,12800.0,0.6944,10900.0
1753592242892,04:57:22.892,bitmex,A/USDT:USDT,0.4605,7300.0,0.4604,5600.0,0.6907,12800.0,0.6944,10900.0
1753592244746,04:57:24.746,bitmex,A/USDT:USDT,0.4605,7300.0,0.4604,5600.0,0.6907,12800.0,0.6944,10900.0
1753592244795,04:57:24.795,bitmex,A/USDT:USDT,0.4605,7300.0,0.4604,5600.0,0.6907,12800.0,0.6942,10300.0
1753592246825,04:57:26.825,bitmex,A/USDT:USDT,0.4605,7300.0,0.4604,5600.0,0.6907,12800.0,0.6942,10300.0
1753592246874,04:57:26.874,bitmex,A/USDT:USDT,0.4605,7300.0,0.4604,5600.0,0.6907,12800.0,0.6942,10300.0
1753592248714,04:57:28.714,bitmex,A/USDT:USDT,0.4605,7300.0,0.4604,5600.0,0.6907,12800.0,0.6942,10300.0
1753592248763,04:57:28.763,bitmex,A/USDT:USDT,0.4605,7300.0,0.4604,5600.0,0.6907,12800.0,0.6942,10300.0
1753592250746,04:57:30.746,bitmex,A/USDT:USDT,0.4605,7300.0,0.4604,5600.0,0.6907,12800.0,0.6942,10300.0
1753592252563,04:57:32.563,bitmex,A/USDT:USDT,0.4605,7300.0,0.4604,5600.0,0.6907,12800.0,0.6942,10300.0
1753592252614,04:57:32.614,bitmex,A/USDT:USDT,0.4605,7300.0,0.4604,5600.0,0.6907,12800.0,0.6942,10300.0
1753592254514,04:57:34.514,bitmex,A/USDT:USDT,0.4605,7300.0,0.4604,5600.0,0.6907,12800.0,0.6942,10300.0
1753592254574,04:57:34.574,bitmex,A/USDT:USDT,0.4605,7300.0,0.4604,5600.0,0.6907,12800.0,0.6942,10300.0
1753592256180,04:57:36.180,bitmex,A/USDT:USDT,0.4604,5600.0,0.4581,10900.0,0.6907,12800.0,0.6942,10300.0
1753592256230,04:57:36.230,bitmex,A/USDT:USDT,0.4604,5600.0,0.4582,7300.0,0.6907,12800.0,0.6942,10300.0
1753592256394,04:57:36.394,bitmex,A/USDT:USDT,0.4604,5600.0,0.4582,7300.0,0.6907,12900.0,0.6942,10300.0
1753592256443,04:57:36.443,bitmex,A/USDT:USDT,0.4604,5300.0,0.4582,7300.0,0.6907,12900.0,0.6942,10300.0
1753592256492,04:57:36.492,bitmex,A/USDT:USDT,0.4604,5300.0,0.4582,7300.0,0.6907,12900.0,0.6942,10300.0
1753592256541,04:57:36.541,bitmex,A/USDT:USDT,0.4604,5300.0,0.4582,7300.0,0.6907,12900.0,0.6942,10300.0
1753592258295,04:57:38.295,bitmex,A/USDT:USDT,0.4604,5300.0,0.4582,7300.0,0.6907,12900.0,0.6942,10300.0
1753592258345,04:57:38.345,bitmex,A/USDT:USDT,0.4604,5300.0,0.4582,7300.0,0.6907,12900.0,0.6942,10300.0
1753592260234,04:57:40.234,bitmex,A/USDT:USDT,0.4604,5300.0,0.4582,7300.0,0.6907,12900.0,0.6942,10300.0
1753592260284,04:57:40.284,bitmex,A/USDT:USDT,0.4604,5300.0,0.4582,7300.0,0.6907,12900.0,0.6942,10300.0
1753592262192,04:57:42.192,bitmex,A/USDT:USDT,0.4604,5300.0,0.4582,7300.0,0.6907,12900.0,0.6942,10300.0
1753592262241,04:57:42.241,bitmex,A/USDT:USDT,0.4604,5600.0,0.4582,7300.0,0.6907,12700.0,0.6942,10300.0
1753592262290,04:57:42.290,bitmex,A/USDT:USDT,0.4604,5600.0,0.4582,7300.0,0.6907,12700.0,0.6942,10300.0
1753592264134,04:57:44.134,bitmex,A/USDT:USDT,0.4604,5600.0,0.4582,7300.0,0.6907,12700.0,0.6942,10300.0
1753592264183,04:57:44.183,bitmex,A/USDT:USDT,0.4604,5600.0,0.4582,7300.0,0.6907,12700.0,0.6942,10300.0
1753592266086,04:57:46.086,bitmex,A/USDT:USDT,0.4604,5600.0,0.4582,7300.0,0.6907,12700.0,0.6942,10300.0
1753592266135,04:57:46.135,bitmex,A/USDT:USDT,0.4604,5300.0,0.4582,7300.0,0.6907,12900.0,0.6942,10300.0
1753592268085,04:57:48.085,bitmex,A/USDT:USDT,0.4604,5300.0,0.4582,7300.0,0.6907,12900.0,0.6942,10900.0
1753592270049,04:57:50.049,bitmex,A/USDT:USDT,0.4604,5300.0,0.4582,7300.0,0.6907,12900.0,0.6942,10900.0
1753592270098,04:57:50.098,bitmex,A/USDT:USDT,0.4604,5300.0,0.4582,7300.0,0.6906,5300.0,0.6907,7300.0
1753592270147,04:57:50.147,bitmex,A/USDT:USDT,0.4603,5200.0,0.4582,7300.0,0.6906,5300.0,0.6907,7300.0
1753592270196,04:57:50.196,bitmex,A/USDT:USDT,0.4603,5200.0,0.4582,7300.0,0.6906,12600.0,0.6942,10900.0
1753592271944,04:57:51.944,bitmex,A/USDT:USDT,0.4603,5200.0,0.4582,7300.0,0.6906,12600.0,0.6942,10900.0
1753592271994,04:57:51.994,bitmex,A/USDT:USDT,0.4603,5200.0,0.4582,7300.0,0.6906,12600.0,0.6942,10900.0
1753592273896,04:57:53.896,bitmex,A/USDT:USDT,0.4603,5200.0,0.4582,7300.0,0.6906,12600.0,0.6942,10900.0
1753592273945,04:57:53.945,bitmex,A/USDT:USDT,0.4603,5200.0,0.4582,7300.0,0.6906,12600.0,0.6942,10900.0
1753592275946,04:57:55.946,bitmex,A/USDT:USDT,0.4603,5200.0,0.4582,7300.0,0.6906,12600.0,0.6942,10900.0
1753592277853,04:57:57.853,bitmex,A/USDT:USDT,0.4603,5200.0,0.4582,7300.0,0.6906,12600.0,0.6942,10900.0
1753592279753,04:57:59.753,bitmex,A/USDT:USDT,0.4603,5200.0,0.4582,7300.0,0.6906,12600.0,0.6942,10900.0
1753592279802,04:57:59.802,bitmex,A/USDT:USDT,0.4603,5200.0,0.4582,7300.0,0.6906,12600.0,0.6942,10900.0
1753592281803,04:58:01.803,bitmex,A/USDT:USDT,0.4603,5200.0,0.4582,7300.0,0.6906,12600.0,0.6942,10900.0
1753592281853,04:58:01.853,bitmex,A/USDT:USDT,0.4603,5200.0,0.4582,7300.0,0.6906,12600.0,0.6942,10900.0
1753592283664,04:58:03.664,bitmex,A/USDT:USDT,0.4603,5200.0,0.4582,7300.0,0.6906,12600.0,0.6942,10900.0
1753592283714,04:58:03.714,bitmex,A/USDT:USDT,0.4603,5200.0,0.4582,7300.0,0.6906,12600.0,0.6942,10900.0
1753592285634,04:58:05.634,bitmex,A/USDT:USDT,0.4603,5200.0,0.4582,7300.0,0.6906,12600.0,0.6942,10900.0
1753592285684,04:58:05.684,bitmex,A/USDT:USDT,0.4603,5200.0,0.4582,7300.0,0.6906,12600.0,0.6942,10900.0
1753592287569,04:58:07.569,bitmex,A/USDT:USDT,0.4604,5200.0,0.4582,7300.0,0.6906,12600.0,0.6942,10900.0
1753592287618,04:58:07.618,bitmex,A/USDT:USDT,0.4604,5200.0,0.4582,7300.0,0.6906,7300.0,0.6907,5600.0
1753592289742,04:58:09.742,bitmex,A/USDT:USDT,0.4603,5600.0,0.4582,7300.0,0.6906,7300.0,0.6907,5600.0
1753592289792,04:58:09.792,bitmex,A/USDT:USDT,0.4603,5600.0,0.4582,7300.0,0.6906,12800.0,0.6942,10900.0
1753592289841,04:58:09.841,bitmex,A/USDT:USDT,0.4603,5600.0,0.4582,7300.0,0.6906,12800.0,0.6942,10900.0
1753592291504,04:58:11.504,bitmex,A/USDT:USDT,0.4603,5600.0,0.4582,7300.0,0.6906,12800.0,0.6942,10900.0
1753592291554,04:58:11.554,bitmex,A/USDT:USDT,0.4603,5600.0,0.4582,7300.0,0.6906,12800.0,0.6941,10200.0
1753592293462,04:58:13.462,bitmex,A/USDT:USDT,0.4603,5600.0,0.4582,7300.0,0.6906,12800.0,0.6941,10200.0
1753592293511,04:58:13.511,bitmex,A/USDT:USDT,0.4603,5600.0,0.4582,7300.0,0.6906,12800.0,0.6941,10200.0
1753592295412,04:58:15.412,bitmex,A/USDT:USDT,0.4603,5600.0,0.4582,7300.0,0.6906,12800.0,0.6941,10200.0
1753592295461,04:58:15.461,bitmex,A/USDT:USDT,0.4603,5600.0,0.4582,7300.0,0.6906,12800.0,0.6941,10200.0
1753592297365,04:58:17.365,bitmex,A/USDT:USDT,0.4603,5600.0,0.4582,7300.0,0.6906,12800.0,0.6941,10200.0
1753592297414,04:58:17.414,bitmex,A/USDT:USDT,0.4603,5600.0,0.4582,7300.0,0.6906,12800.0,0.6941,10200.0
1753592299742,04:58:19.742,bitmex,A/USDT:USDT,0.4603,5600.0,0.4582,7300.0,0.6906,12800.0,0.6941,10200.0
1753592299792,04:58:19.792,bitmex,A/USDT:USDT,0.4603,5600.0,0.4582,7300.0,0.6906,12800.0,0.6941,10200.0
1753592301564,04:58:21.564,bitmex,A/USDT:USDT,0.4603,5600.0,0.4582,7300.0,0.6906,12800.0,0.6941,10200.0
1753592301613,04:58:21.613,bitmex,A/USDT:USDT,0.4603,5600.0,0.4582,7300.0,0.6906,12800.0,0.6941,10200.0
1753592303524,04:58:23.524,bitmex,A/USDT:USDT,0.4603,5600.0,0.4582,7300.0,0.6906,12800.0,0.6941,10200.0
1753592303573,04:58:23.573,bitmex,A/USDT:USDT,0.4603,5600.0,0.4582,7300.0,0.6906,12800.0,0.6941,10200.0
1753592305416,04:58:25.416,bitmex,A/USDT:USDT,0.4603,5600.0,0.4582,7300.0,0.6906,12800.0,0.6941,10200.0
1753592305474,04:58:25.474,bitmex,A/USDT:USDT,0.4603,5600.0,0.4582,7300.0,0.6906,12800.0,0.6941,10200.0
1753592307366,04:58:27.366,bitmex,A/USDT:USDT,0.4603,5500.0,0.4582,7300.0,0.6906,12800.0,0.6941,10200.0
1753592307428,04:58:27.428,bitmex,A/USDT:USDT,0.4603,5500.0,0.4582,7300.0,0.6906,12800.0,0.6941,10200.0
1753592309539,04:58:29.539,bitmex,A/USDT:USDT,0.4603,5500.0,0.4582,7300.0,0.6906,12800.0,0.6941,10200.0
1753592309588,04:58:29.588,bitmex,A/USDT:USDT,0.4603,5500.0,0.4582,7300.0,0.6906,12800.0,0.6941,10200.0
1753592311273,04:58:31.273,bitmex,A/USDT:USDT,0.4603,5500.0,0.4582,7300.0,0.6906,12800.0,0.6941,10200.0
1753592313268,04:58:33.268,bitmex,A/USDT:USDT,0.4603,5500.0,0.4582,7300.0,0.6906,12800.0,0.6941,10200.0
1753592313318,04:58:33.318,bitmex,A/USDT:USDT,0.4603,5500.0,0.4582,7300.0,0.6906,12800.0,0.6941,10200.0
1753592315376,04:58:35.376,bitmex,A/USDT:USDT,0.4582,7300.0,0.0001,100000000.0,0.6906,12800.0,0.6941,10200.0
1753592315426,04:58:35.426,bitmex,A/USDT:USDT,0.4582,7300.0,0.0001,100000000.0,0.6906,7300.0,1.0,1000.0
1753592317296,04:58:37.296,bitmex,A/USDT:USDT,0.4603,5200.0,0.4582,7300.0,0.6906,7300.0,1.0,1000.0
1753592317345,04:58:37.345,bitmex,A/USDT:USDT,0.4603,5200.0,0.4582,7300.0,0.6906,12600.0,1.0,1000.0
1753592317394,04:58:37.394,bitmex,A/USDT:USDT,0.4603,5200.0,0.4582,7300.0,0.6906,12600.0,0.6941,10300.0
1753592319163,04:58:39.163,bitmex,A/USDT:USDT,0.4603,5200.0,0.4582,7300.0,0.6906,12600.0,0.6941,10300.0
1753592319212,04:58:39.212,bitmex,A/USDT:USDT,0.4603,5200.0,0.4582,7300.0,0.6906,12600.0,0.6941,10300.0
1753592321298,04:58:41.298,bitmex,A/USDT:USDT,0.4603,5200.0,0.4582,7300.0,0.6906,12600.0,0.6941,10300.0
1753592321347,04:58:41.347,bitmex,A/USDT:USDT,0.4603,5200.0,0.4582,7300.0,0.6906,12600.0,0.6941,10300.0
1753592323211,04:58:43.211,bitmex,A/USDT:USDT,0.4603,5200.0,0.4582,7300.0,0.6906,7300.0,0.6907,5300.0
1753592323260,04:58:43.260,bitmex,A/USDT:USDT,0.4604,5300.0,0.4582,7300.0,0.6906,7300.0,0.6907,5300.0
1753592323309,04:58:43.309,bitmex,A/USDT:USDT,0.4604,5300.0,0.4582,7300.0,0.6906,7300.0,0.6907,5300.0
1753592325109,04:58:45.109,bitmex,A/USDT:USDT,0.4604,5300.0,0.4582,7300.0,0.6906,7300.0,0.6907,5300.0
1753592325159,04:58:45.159,bitmex,A/USDT:USDT,0.4604,5300.0,0.4582,7300.0,0.6906,7300.0,0.6907,5300.0
1753592327103,04:58:47.103,bitmex,A/USDT:USDT,0.4604,5300.0,0.4582,7300.0,0.6906,7300.0,0.6907,5300.0
1753592327174,04:58:47.174,bitmex,A/USDT:USDT,0.4604,5300.0,0.4582,7300.0,0.6906,7300.0,0.6907,5300.0
1753592328877,04:58:48.877,bitmex,A/USDT:USDT,0.4604,5300.0,0.4582,7300.0,0.6906,7300.0,0.6907,5300.0
1753592328926,04:58:48.926,bitmex,A/USDT:USDT,0.4604,5400.0,0.4582,7300.0,0.6906,7300.0,0.6907,5200.0
1753592331145,04:58:51.145,bitmex,A/USDT:USDT,0.4604,5400.0,0.4582,7300.0,0.6906,7300.0,0.6907,5200.0
1753592331195,04:58:51.195,bitmex,A/USDT:USDT,0.4604,5400.0,0.4582,7300.0,0.6906,7300.0,0.6907,5200.0
1753592332825,04:58:52.825,bitmex,A/USDT:USDT,0.4582,7300.0,0.0001,100000000.0,0.6906,7300.0,1.0,1000.0
1753592333067,04:58:53.067,bitmex,A/USDT:USDT,0.4582,7300.0,0.0002,7300.0,0.6906,7300.0,1.0,1000.0
1753592333117,04:58:53.117,bitmex,A/USDT:USDT,0.0002,7300.0,0.0001,100000000.0,0.6906,7300.0,1.0,1000.0
1753592334168,04:58:54.168,bitmex,A/USDT:USDT,0.0002,7300.0,0.0001,100012200.0,0.6906,7300.0,1.0,1000.0
1753592334217,04:58:54.217,bitmex,A/USDT:USDT,0.0001,100012200.0,,,0.6906,12200.0,1.0,1000.0
1753592340878,04:59:00.878,bitmex,A/USDT:USDT,0.4604,5200.0,0.0001,100012200.0,0.6906,12200.0,1.0,1000.0
1753592340927,04:59:00.927,bitmex,A/USDT:USDT,0.4604,5200.0,0.4524,12200.0,0.6906,12200.0,0.6907,5200.0
1753592340976,04:59:00.976,bitmex,A/USDT:USDT,0.4604,5200.0,0.4524,12200.0,0.6906,12200.0,0.6907,5200.0
1753592341536,04:59:01.536,bitmex,A/USDT:USDT,0.4604,5200.0,0.4524,12200.0,0.6907,5200.0,0.7174,14600.0
1753592341585,04:59:01.585,bitmex,A/USDT:USDT,0.4604,5200.0,0.4524,7300.0,0.6906,7300.0,0.6907,5200.0
1753592342588,04:59:02.588,bitmex,A/USDT:USDT,0.4604,5200.0,0.4524,7300.0,0.6906,7300.0,0.6907,5600.0
1753592342637,04:59:02.637,bitmex,A/USDT:USDT,0.4604,5200.0,0.4524,7300.0,0.6906,7300.0,0.6907,5600.0
1753592344585,04:59:04.585,bitmex,A/USDT:USDT,0.4604,5200.0,0.4524,7300.0,0.6906,7300.0,0.6907,5600.0
1753592344634,04:59:04.634,bitmex,A/USDT:USDT,0.4604,5200.0,0.4524,7300.0,0.6906,7300.0,0.6907,5600.0
1753592346083,04:59:06.083,bitmex,A/USDT:USDT,0.4604,5200.0,0.4524,7300.0,0.6907,5600.0,0.7174,14600.0
1753592346621,04:59:06.621,bitmex,A/USDT:USDT,0.4604,5200.0,0.4524,7300.0,0.6907,5600.0,0.7174,14600.0
1753592346671,04:59:06.671,bitmex,A/USDT:USDT,0.4604,5200.0,0.4524,7300.0,0.6907,5600.0,0.7174,14600.0
1753592348383,04:59:08.383,bitmex,A/USDT:USDT,0.4604,5200.0,0.4524,7300.0,0.6907,5600.0,0.7174,14600.0
1753592348445,04:59:08.445,bitmex,A/USDT:USDT,0.4604,5200.0,0.4524,7300.0,0.6907,5600.0,0.6942,10100.0
1753592349634,04:59:09.634,bitmex,A/USDT:USDT,0.4604,5200.0,0.4523,12200.0,0.6907,5600.0,0.6942,10100.0
1753592350338,04:59:10.338,bitmex,A/USDT:USDT,0.4604,5200.0,0.4523,12200.0,0.6907,5600.0,0.6942,10100.0
1753592350394,04:59:10.394,bitmex,A/USDT:USDT,0.4604,5200.0,0.4523,12200.0,0.6907,5600.0,0.6942,10100.0
1753592352634,04:59:12.634,bitmex,A/USDT:USDT,0.4604,5200.0,0.4524,800.0,0.6907,5600.0,0.6942,10100.0
1753592354236,04:59:14.236,bitmex,A/USDT:USDT,0.4604,5200.0,0.4524,800.0,0.6907,5600.0,0.6942,10100.0
1753592354285,04:59:14.285,bitmex,A/USDT:USDT,0.4604,5200.0,0.4524,800.0,0.6907,5600.0,0.6942,10100.0
1753592356208,04:59:16.208,bitmex,A/USDT:USDT,0.4604,5200.0,0.4524,800.0,0.6907,5600.0,0.6942,10100.0
1753592356257,04:59:16.257,bitmex,A/USDT:USDT,0.4604,5200.0,0.4524,800.0,0.6907,5600.0,0.6942,10100.0
1753592356306,04:59:16.306,bitmex,A/USDT:USDT,0.4604,5400.0,0.4524,800.0,0.6908,5600.0,0.6942,10100.0
1753592358446,04:59:18.446,bitmex,A/USDT:USDT,0.4604,5600.0,0.4524,800.0,0.6908,5600.0,0.6942,10100.0
1753592358496,04:59:18.496,bitmex,A/USDT:USDT,0.4604,5600.0,0.4524,800.0,0.6908,5600.0,0.6942,10100.0
1753592358545,04:59:18.545,bitmex,A/USDT:USDT,0.4604,5600.0,0.4524,800.0,0.6908,5200.0,0.6942,10100.0
1753592360164,04:59:20.164,bitmex,A/USDT:USDT,0.4604,5600.0,0.4524,800.0,0.6908,5600.0,0.6942,10100.0
1753592360214,04:59:20.214,bitmex,A/USDT:USDT,0.4604,5500.0,0.4581,10400.0,0.6908,5600.0,0.6942,10100.0
1753592360819,04:59:20.819,bitmex,A/USDT:USDT,0.4604,5500.0,0.4581,10400.0,0.6908,5600.0,0.6942,10100.0
1753592360868,04:59:20.868,bitmex,A/USDT:USDT,0.4604,5500.0,0.4582,800.0,0.6908,5600.0,0.6942,10100.0
1753592362083,04:59:22.083,bitmex,A/USDT:USDT,0.4604,5500.0,0.4582,800.0,0.6908,5600.0,0.6942,10100.0
1753592362165,04:59:22.165,bitmex,A/USDT:USDT,0.4604,5500.0,0.4582,800.0,0.6908,5600.0,0.6942,10100.0
1753592364314,04:59:24.314,bitmex,A/USDT:USDT,0.4604,5500.0,0.4582,800.0,0.6908,5600.0,0.6942,10100.0
1753592364363,04:59:24.363,bitmex,A/USDT:USDT,0.4604,5500.0,0.4582,800.0,0.6908,5600.0,0.6942,10100.0
1753592364363,04:59:24.363,bitmex,A/USDT:USDT,0.4604,5500.0,0.4582,800.0,0.6908,5600.0,0.6942,10100.0
1753592366033,04:59:26.033,bitmex,A/USDT:USDT,0.4604,5500.0,0.4582,800.0,0.6908,5600.0,0.6942,10100.0
1753592366096,04:59:26.096,bitmex,A/USDT:USDT,0.4604,5500.0,0.4582,800.0,0.6908,5600.0,0.6942,10100.0
1753592367984,04:59:27.984,bitmex,A/USDT:USDT,0.4604,5500.0,0.4582,800.0,0.6908,5600.0,0.6942,10100.0
1753592368033,04:59:28.033,bitmex,A/USDT:USDT,0.4582,800.0,0.4581,10400.0,0.6908,5200.0,0.6942,10100.0
1753592368033,04:59:28.033,bitmex,A/USDT:USDT,0.4605,5300.0,0.4582,800.0,0.6908,5200.0,0.6942,10100.0
1753592368085,04:59:28.085,bitmex,A/USDT:USDT,0.4605,5300.0,0.4582,800.0,0.6908,5200.0,0.6942,10100.0
1753592368557,04:59:28.557,bitmex,A/USDT:USDT,0.4605,6100.0,0.4582,800.0,0.6908,5200.0,0.6942,10100.0
1753592368607,04:59:28.607,bitmex,A/USDT:USDT,0.4605,6100.0,0.4581,10400.0,0.6908,5200.0,0.6942,10100.0
1753592370256,04:59:30.256,bitmex,A/USDT:USDT,0.4605,6100.0,0.4581,10400.0,0.6908,5200.0,0.6942,10100.0
1753592370334,04:59:30.334,bitmex,A/USDT:USDT,0.4605,6100.0,0.4581,10400.0,0.6908,5200.0,0.6942,10100.0
1753592371935,04:59:31.935,bitmex,A/USDT:USDT,0.4605,6100.0,0.4581,10400.0,0.6908,5200.0,0.6942,10100.0
1753592371935,04:59:31.935,bitmex,A/USDT:USDT,0.4605,6100.0,0.4581,10400.0,0.6908,5200.0,0.6942,10100.0
1753592371984,04:59:31.984,bitmex,A/USDT:USDT,0.4605,6100.0,0.4581,10400.0,0.6908,5200.0,0.6942,10100.0
1753592373944,04:59:33.944,bitmex,A/USDT:USDT,0.4605,6100.0,0.4581,10400.0,0.6908,5200.0,0.6942,10100.0
1753592373993,04:59:33.993,bitmex,A/USDT:USDT,0.4605,6100.0,0.4581,10400.0,0.6908,5200.0,0.6942,10100.0
1753592376156,04:59:36.156,bitmex,A/USDT:USDT,0.4605,6100.0,0.4581,10400.0,0.6908,5400.0,0.6942,10100.0
1753592376206,04:59:36.206,bitmex,A/USDT:USDT,0.4605,6300.0,0.4581,10400.0,0.6908,5400.0,0.6942,10100.0
1753592376255,04:59:36.255,bitmex,A/USDT:USDT,0.4605,6300.0,0.4581,10400.0,0.6908,5400.0,0.6942,10100.0
1753592377898,04:59:37.898,bitmex,A/USDT:USDT,0.4605,6300.0,0.4581,10400.0,0.6908,5400.0,0.6942,10100.0
1753592377948,04:59:37.948,bitmex,A/USDT:USDT,0.4605,6300.0,0.4581,10400.0,0.6908,5400.0,0.6942,10100.0
1753592380116,04:59:40.116,bitmex,A/USDT:USDT,0.4605,6300.0,0.4552,11300.0,0.6908,5400.0,0.6942,10100.0
1753592380255,04:59:40.255,bitmex,A/USDT:USDT,0.4605,6300.0,0.4552,11300.0,0.6908,5400.0,0.6943,10700.0
1753592381764,04:59:41.764,bitmex,A/USDT:USDT,0.4605,6300.0,0.4523,23300.0,0.6908,5400.0,0.6943,10700.0
1753592381813,04:59:41.813,bitmex,A/USDT:USDT,0.4605,6300.0,0.4523,23300.0,0.6908,5400.0,0.6943,10700.0
1753592383527,04:59:43.527,bitmex,A/USDT:USDT,0.4605,6300.0,0.4582,10000.0,0.6908,5400.0,0.6943,10700.0
1753592383576,04:59:43.576,bitmex,A/USDT:USDT,0.4605,6300.0,0.4582,10000.0,0.6908,5400.0,0.6943,10700.0
1753592385782,04:59:45.782,bitmex,A/USDT:USDT,0.4605,6300.0,0.4582,10000.0,0.6908,5400.0,0.6943,10700.0
1753592385831,04:59:45.831,bitmex,A/USDT:USDT,0.4605,6300.0,0.4582,10000.0,0.6908,5400.0,0.6943,10700.0
1753592387445,04:59:47.445,bitmex,A/USDT:USDT,0.4605,6300.0,0.4582,10000.0,0.6908,5400.0,0.6943,10700.0
1753592387494,04:59:47.494,bitmex,A/USDT:USDT,0.4605,6300.0,0.4582,10000.0,0.6908,5400.0,0.6943,10700.0
1753592389455,04:59:49.455,bitmex,A/USDT:USDT,0.4605,6300.0,0.4582,10000.0,0.6908,5400.0,0.6943,10700.0
1753592389505,04:59:49.505,bitmex,A/USDT:USDT,0.4605,6300.0,0.4582,10000.0,0.6908,5400.0,0.6943,10700.0
1753592391724,04:59:51.724,bitmex,A/USDT:USDT,0.4605,800.0,0.0001,100000000.0,0.6908,5400.0,0.6943,10700.0
1753592391773,04:59:51.773,bitmex,A/USDT:USDT,0.4605,800.0,0.0001,100000000.0,1.0,1000.0,10.0,100000.0
1753592393306,04:59:53.306,bitmex,A/USDT:USDT,0.4605,6000.0,0.0001,100000000.0,1.0,1000.0,10.0,100000.0
1753592393355,04:59:53.355,bitmex,A/USDT:USDT,0.4605,6000.0,0.4466,13000.0,0.6908,5600.0,1.0,1000.0
1753592393404,04:59:53.404,bitmex,A/USDT:USDT,0.4605,6000.0,0.4466,13000.0,0.6908,5600.0,0.7233,14000.0
1753592395312,04:59:55.312,bitmex,A/USDT:USDT,0.4605,6000.0,0.4466,13000.0,0.6908,5600.0,0.7233,14000.0
1753592395361,04:59:55.361,bitmex,A/USDT:USDT,0.4605,6000.0,0.4466,13000.0,0.6908,5600.0,0.7233,14000.0
1753592397439,04:59:57.439,bitmex,A/USDT:USDT,0.4605,6000.0,0.4466,13000.0,0.6908,5600.0,0.6943,10600.0
1753592397489,04:59:57.489,bitmex,A/USDT:USDT,0.4605,6000.0,0.4466,13000.0,0.6908,5600.0,0.6943,10600.0
1753592399154,04:59:59.154,bitmex,A/USDT:USDT,0.4605,6000.0,0.4466,13000.0,0.6908,5600.0,0.6943,10600.0
1753592399203,04:59:59.203,bitmex,A/USDT:USDT,0.4605,6000.0,0.4466,13000.0,0.6908,5600.0,0.6943,10600.0
1753592401178,05:00:01.178,bitmex,A/USDT:USDT,0.4605,6000.0,0.4466,13000.0,0.6908,5600.0,0.6943,10600.0
1753592401227,05:00:01.227,bitmex,A/USDT:USDT,0.4605,6000.0,0.4466,13000.0,0.6908,5600.0,0.6943,10600.0
1753592403446,05:00:03.446,bitmex,A/USDT:USDT,0.4605,6000.0,0.4466,13000.0,0.6908,5600.0,0.6943,10600.0
1753592403495,05:00:03.495,bitmex,A/USDT:USDT,0.4605,6000.0,0.4466,13000.0,0.6908,5600.0,0.6943,10600.0
1753592405013,05:00:05.013,bitmex,A/USDT:USDT,0.4606,5600.0,0.4605,800.0,0.6908,5600.0,0.6943,10600.0
1753592405074,05:00:05.074,bitmex,A/USDT:USDT,0.4606,5600.0,0.4605,800.0,0.6911,5400.0,0.6943,10600.0
1753592405124,05:00:05.124,bitmex,A/USDT:USDT,0.4606,5600.0,0.4605,800.0,0.6911,5400.0,0.6943,10600.0
1753592406079,05:00:06.079,bitmex,A/USDT:USDT,0.4606,5600.0,0.4466,13000.0,0.6911,5400.0,0.6943,10600.0
1753592406129,05:00:06.129,bitmex,A/USDT:USDT,0.4606,6400.0,0.4466,13000.0,0.6911,5400.0,0.6943,10600.0
1753592407049,05:00:07.049,bitmex,A/USDT:USDT,0.4606,6400.0,0.4466,13000.0,0.6911,5400.0,0.6943,10600.0
1753592407099,05:00:07.099,bitmex,A/USDT:USDT,0.4607,5500.0,0.4606,800.0,0.6911,5300.0,0.6943,10600.0
1753592407157,05:00:07.157,bitmex,A/USDT:USDT,0.4607,6300.0,0.4606,800.0,0.6911,5300.0,0.6943,10600.0
1753592407207,05:00:07.207,bitmex,A/USDT:USDT,0.4607,6300.0,0.4466,13000.0,0.6911,5300.0,0.6943,10600.0
1753592408474,05:00:08.474,bitmex,A/USDT:USDT,0.4607,13600.0,0.4466,13000.0,0.6911,5300.0,0.6943,10600.0
1753592408523,05:00:08.523,bitmex,A/USDT:USDT,0.4607,12800.0,0.4466,13000.0,0.6911,5300.0,0.6942,7300.0
1753592409245,05:00:09.245,bitmex,A/USDT:USDT,0.4607,12800.0,0.4466,13000.0,0.6911,5200.0,0.6942,7300.0
1753592409294,05:00:09.294,bitmex,A/USDT:USDT,0.4607,12800.0,0.4584,10400.0,0.6911,5200.0,0.6942,7300.0
1753592409343,05:00:09.343,bitmex,A/USDT:USDT,0.4607,12800.0,0.4584,10400.0,0.6911,5200.0,0.6942,7300.0
1753592410933,05:00:10.933,bitmex,A/USDT:USDT,0.4607,12800.0,0.4584,10400.0,0.6911,5300.0,0.6942,7300.0
1753592410983,05:00:10.983,bitmex,A/USDT:USDT,0.4607,12800.0,0.4584,10400.0,0.6911,5300.0,0.6942,7300.0
1753592412870,05:00:12.870,bitmex,A/USDT:USDT,0.4607,12600.0,0.4584,10400.0,0.6911,5300.0,0.6942,7300.0
1753592412925,05:00:12.925,bitmex,A/USDT:USDT,0.4607,12600.0,0.4584,10400.0,0.6911,5600.0,0.6942,7300.0
1753592412974,05:00:12.974,bitmex,A/USDT:USDT,0.4607,12600.0,0.4584,10400.0,0.6911,5600.0,0.6942,7300.0
1753592414788,05:00:14.788,bitmex,A/USDT:USDT,0.4607,12600.0,0.4584,10400.0,0.6911,5600.0,0.6942,7300.0
1753592414837,05:00:14.837,bitmex,A/USDT:USDT,0.4607,12600.0,0.4584,10400.0,0.6911,5600.0,0.6942,7300.0
1753592416735,05:00:16.735,bitmex,A/USDT:USDT,0.4607,12600.0,0.4584,10400.0,0.6911,5600.0,0.6942,7300.0
1753592416784,05:00:16.784,bitmex,A/USDT:USDT,0.4607,12600.0,0.4584,10400.0,0.6911,5600.0,0.6942,7300.0
1753592418698,05:00:18.698,bitmex,A/USDT:USDT,0.4607,12600.0,0.4584,10400.0,0.6911,5600.0,0.6942,7300.0
1753592418747,05:00:18.747,bitmex,A/USDT:USDT,0.4607,12600.0,0.4584,10400.0,0.6911,5600.0,0.6942,7300.0
1753592420646,05:00:20.646,bitmex,A/USDT:USDT,0.4607,12600.0,0.4584,10400.0,0.6911,5600.0,0.6942,7300.0
1753592420696,05:00:20.696,bitmex,A/USDT:USDT,0.4607,12600.0,0.4584,10400.0,0.6911,5600.0,0.6942,7300.0
1753592422596,05:00:22.596,bitmex,A/USDT:USDT,0.4607,7300.0,0.4606,5300.0,0.6911,5600.0,0.6942,7300.0
1753592422646,05:00:22.646,bitmex,A/USDT:USDT,0.4607,7300.0,0.4606,5300.0,0.6911,5600.0,0.6942,7300.0
1753592422695,05:00:22.695,bitmex,A/USDT:USDT,0.4607,7300.0,0.4606,5300.0,0.6911,5200.0,0.6942,7300.0
1753592424604,05:00:24.604,bitmex,A/USDT:USDT,0.4607,7300.0,0.4606,5300.0,0.6911,5400.0,0.6942,7300.0
1753592424654,05:00:24.654,bitmex,A/USDT:USDT,0.4607,12700.0,0.4555,11300.0,0.6911,5400.0,0.6942,7300.0
1753592426559,05:00:26.559,bitmex,A/USDT:USDT,0.4607,12700.0,0.4526,11700.0,0.6911,5400.0,0.6942,7300.0
1753592426609,05:00:26.609,bitmex,A/USDT:USDT,0.4607,12700.0,0.4526,11700.0,0.6911,5400.0,0.6942,7300.0
1753592428507,05:00:28.507,bitmex,A/USDT:USDT,0.4607,12700.0,0.4526,11700.0,0.6911,5300.0,0.6942,7300.0
1753592428556,05:00:28.556,bitmex,A/USDT:USDT,0.4607,12800.0,0.4497,12700.0,0.6911,5300.0,0.6942,7300.0
1753592429488,05:00:29.488,bitmex,A/USDT:USDT,0.4607,12800.0,0.4497,12700.0,0.6911,5300.0,0.6946,10700.0
1753592429538,05:00:29.538,bitmex,A/USDT:USDT,0.4607,6300.0,0.4497,12700.0,0.6911,5300.0,0.6946,10700.0
1753592430563,05:00:30.563,bitmex,A/USDT:USDT,0.4607,6300.0,0.4497,12700.0,0.6911,5300.0,0.6946,10700.0
1753592430612,05:00:30.612,bitmex,A/USDT:USDT,0.4607,6300.0,0.4468,12400.0,0.6911,5300.0,0.6946,10700.0
1753592432376,05:00:32.376,bitmex,A/USDT:USDT,0.4607,6300.0,0.4584,10000.0,0.6911,5300.0,0.6946,10700.0
1753592432425,05:00:32.425,bitmex,A/USDT:USDT,0.4607,6300.0,0.4584,10000.0,0.6911,5300.0,0.6946,10700.0
1753592434367,05:00:34.367,bitmex,A/USDT:USDT,0.4607,6300.0,0.4584,10000.0,0.6911,5300.0,0.6946,10700.0
1753592436555,05:00:36.555,bitmex,A/USDT:USDT,0.4607,6400.0,0.4584,10000.0,0.6912,5200.0,0.6946,10700.0
1753592436605,05:00:36.605,bitmex,A/USDT:USDT,0.4607,6300.0,0.4584,10000.0,0.6912,5200.0,0.6946,10700.0
1753592436654,05:00:36.654,bitmex,A/USDT:USDT,0.4607,6300.0,0.4584,10000.0,0.6912,5200.0,0.6946,10700.0
1753592438515,05:00:38.515,bitmex,A/USDT:USDT,0.4607,6300.0,0.4584,10000.0,0.6912,5200.0,0.6946,10700.0
1753592438566,05:00:38.566,bitmex,A/USDT:USDT,0.4607,6300.0,0.4584,10000.0,0.6912,5200.0,0.6946,10700.0
1753592442409,05:00:42.409,bitmex,A/USDT:USDT,0.4607,6000.0,0.4584,10000.0,0.6912,5600.0,0.6946,10700.0
1753592442459,05:00:42.459,bitmex,A/USDT:USDT,0.4607,6400.0,0.4584,10000.0,0.6912,5600.0,0.6946,10700.0
1753592442508,05:00:42.508,bitmex,A/USDT:USDT,0.4607,6400.0,0.4584,10000.0,0.6912,5600.0,0.6946,10700.0
1753592442558,05:00:42.558,bitmex,A/USDT:USDT,0.4607,6400.0,0.4584,10000.0,0.6912,5600.0,0.6946,10700.0
1753592444424,05:00:44.424,bitmex,A/USDT:USDT,0.4607,6400.0,0.4584,10000.0,0.6912,5600.0,0.6946,10700.0
1753592444474,05:00:44.474,bitmex,A/USDT:USDT,0.4607,6400.0,0.4584,10000.0,0.6912,5600.0,0.6947,10800.0
1753592446379,05:00:46.379,bitmex,A/USDT:USDT,0.4607,6100.0,0.4584,10000.0,0.6912,5600.0,0.6947,10800.0
1753592446429,05:00:46.429,bitmex,A/USDT:USDT,0.4607,6100.0,0.4584,10000.0,0.6912,5400.0,0.6947,10800.0
1753592446478,05:00:46.478,bitmex,A/USDT:USDT,0.4607,6100.0,0.4584,10000.0,0.6912,5400.0,0.6947,10800.0
1753592448326,05:00:48.326,bitmex,A/USDT:USDT,0.4607,6100.0,0.4584,10000.0,0.6912,5400.0,0.6947,10800.0
1753592448376,05:00:48.376,bitmex,A/USDT:USDT,0.4607,6100.0,0.4584,10000.0,0.6912,5400.0,0.6947,10800.0
1753592450275,05:00:50.275,bitmex,A/USDT:USDT,0.4607,6100.0,0.4584,10000.0,0.6912,5400.0,0.6947,10800.0
1753592450324,05:00:50.324,bitmex,A/USDT:USDT,0.4607,6100.0,0.4584,10000.0,0.6912,5400.0,0.6947,10800.0
1753592452183,05:00:52.183,bitmex,A/USDT:USDT,0.4607,6100.0,0.4584,10000.0,0.6912,5400.0,0.6947,10800.0
1753592452232,05:00:52.232,bitmex,A/USDT:USDT,0.4607,6100.0,0.4584,10000.0,0.6912,5400.0,0.6947,10800.0
1753592454485,05:00:54.485,bitmex,A/USDT:USDT,0.4607,6100.0,0.4584,10000.0,0.6912,5400.0,0.6947,10800.0
1753592454564,05:00:54.564,bitmex,A/USDT:USDT,0.4607,6100.0,0.4584,10000.0,0.6912,5400.0,0.6947,10800.0
1753592456075,05:00:56.075,bitmex,A/USDT:USDT,0.4607,6100.0,0.4584,10000.0,0.6912,5400.0,0.6947,10800.0
1753592458034,05:00:58.034,bitmex,A/USDT:USDT,0.4607,6100.0,0.4584,10000.0,0.6912,5400.0,0.6947,10800.0
1753592460028,05:01:00.028,bitmex,A/USDT:USDT,0.4607,6100.0,0.4584,10000.0,0.6912,5400.0,0.6947,10800.0
1753592461992,05:01:01.992,bitmex,A/USDT:USDT,0.4607,6100.0,0.4584,10000.0,0.6912,5400.0,0.6947,10800.0
1753592463945,05:01:03.945,bitmex,A/USDT:USDT,0.4607,6100.0,0.4584,10000.0,0.6912,5400.0,0.6947,10800.0
1753592463994,05:01:03.994,bitmex,A/USDT:USDT,0.4607,6100.0,0.4584,10000.0,0.6912,5400.0,0.6947,10800.0
1753592465840,05:01:05.840,bitmex,A/USDT:USDT,0.4607,6100.0,0.4584,10000.0,0.6912,5400.0,0.6947,10800.0
1753592465913,05:01:05.913,bitmex,A/USDT:USDT,0.4607,6100.0,0.4584,10000.0,0.6912,5400.0,0.6947,10800.0
1753592467795,05:01:07.795,bitmex,A/USDT:USDT,0.4607,800.0,0.0001,100000000.0,0.6912,5400.0,0.6947,10800.0
1753592467853,05:01:07.853,bitmex,A/USDT:USDT,0.4607,800.0,0.0001,100000000.0,1.0,1000.0,10.0,100000.0
1753592470115,05:01:10.115,bitmex,A/USDT:USDT,0.4607,6200.0,0.0001,100000000.0,1.0,1000.0,10.0,100000.0
1753592470164,05:01:10.164,bitmex,A/USDT:USDT,0.4607,6200.0,0.441,14500.0,0.6912,5500.0,1.0,1000.0
1753592470213,05:01:10.213,bitmex,A/USDT:USDT,0.4607,6200.0,0.441,14500.0,0.6912,5500.0,0.6947,10800.0
1753592472054,05:01:12.054,bitmex,A/USDT:USDT,0.4607,6200.0,0.441,14500.0,0.6912,5500.0,0.6947,10800.0
1753592472104,05:01:12.104,bitmex,A/USDT:USDT,0.4607,6200.0,0.441,14500.0,0.6912,5500.0,0.6947,10800.0
1753592474105,05:01:14.105,bitmex,A/USDT:USDT,0.4607,6200.0,0.441,14500.0,0.6912,5500.0,0.6947,10800.0
1753592474154,05:01:14.154,bitmex,A/USDT:USDT,0.4607,6200.0,0.441,14500.0,0.6912,5500.0,0.6947,10800.0
1753592476054,05:01:16.054,bitmex,A/USDT:USDT,0.4607,6200.0,0.441,14500.0,0.6912,5500.0,0.6947,10800.0
1753592476103,05:01:16.103,bitmex,A/USDT:USDT,0.4607,6200.0,0.441,14500.0,0.6912,5500.0,0.6947,10800.0
1753592478088,05:01:18.088,bitmex,A/USDT:USDT,0.4607,6200.0,0.441,14500.0,0.6912,5500.0,0.6947,10800.0
1753592478137,05:01:18.137,bitmex,A/USDT:USDT,0.4607,6200.0,0.441,14500.0,0.6912,5500.0,0.6947,10800.0
1753592480395,05:01:20.395,bitmex,A/USDT:USDT,0.4608,5300.0,0.4607,800.0,0.6912,5500.0,0.6947,10800.0
1753592480444,05:01:20.444,bitmex,A/USDT:USDT,0.4608,5300.0,0.4607,800.0,0.6912,5500.0,0.6947,10800.0
1753592480493,05:01:20.493,bitmex,A/USDT:USDT,0.4608,5300.0,0.4607,800.0,0.6913,5400.0,0.6947,10800.0
1753592480542,05:01:20.542,bitmex,A/USDT:USDT,0.4608,6100.0,0.441,14500.0,0.6913,5400.0,0.6947,10800.0
1753592481865,05:01:21.865,bitmex,A/USDT:USDT,0.4608,6100.0,0.4585,10700.0,0.6913,5400.0,0.6947,10800.0
1753592481914,05:01:21.914,bitmex,A/USDT:USDT,0.4608,6400.0,0.4585,10700.0,0.6913,5400.0,0.6947,10800.0
1753592481963,05:01:21.963,bitmex,A/USDT:USDT,0.4608,6400.0,0.4585,10700.0,0.6913,5500.0,0.6947,10800.0
1753592483837,05:01:23.837,bitmex,A/USDT:USDT,0.4608,6400.0,0.4585,10700.0,0.6913,5500.0,0.6947,10800.0
1753592483887,05:01:23.887,bitmex,A/USDT:USDT,0.4608,6400.0,0.4585,10700.0,0.6913,5500.0,0.6947,10800.0
1753592486726,05:01:26.726,bitmex,A/USDT:USDT,0.4608,6400.0,0.4585,10700.0,0.6913,5500.0,0.6947,10800.0
1753592486775,05:01:26.775,bitmex,A/USDT:USDT,0.4608,6400.0,0.4585,10700.0,0.6913,5500.0,0.6947,10800.0
1753592488505,05:01:28.505,bitmex,A/USDT:USDT,0.4608,6400.0,0.4585,10700.0,0.6913,5500.0,0.6947,10800.0
1753592488564,05:01:28.564,bitmex,A/USDT:USDT,0.4608,6400.0,0.4585,10700.0,0.6913,5500.0,0.6947,10800.0
1753592490488,05:01:30.488,bitmex,A/USDT:USDT,0.4608,6400.0,0.4585,10700.0,0.6913,5500.0,0.6947,10800.0
1753592490537,05:01:30.537,bitmex,A/USDT:USDT,0.4608,6400.0,0.4585,10700.0,0.6913,5500.0,0.6947,10800.0
1753592491466,05:01:31.466,bitmex,A/USDT:USDT,0.4608,13700.0,0.4585,10700.0,0.6913,5500.0,0.6947,10800.0
1753592491515,05:01:31.515,bitmex,A/USDT:USDT,0.4608,12900.0,0.4585,10700.0,0.6913,5500.0,0.6946,7300.0
1753592492467,05:01:32.467,bitmex,A/USDT:USDT,0.4608,12900.0,0.4585,10700.0,0.6913,5500.0,0.6946,7300.0
1753592492517,05:01:32.517,bitmex,A/USDT:USDT,0.4608,12900.0,0.4585,10700.0,0.6913,5500.0,0.6946,7300.0
1753592494355,05:01:34.355,bitmex,A/USDT:USDT,0.4608,12500.0,0.4585,10700.0,0.6913,5500.0,0.6946,7300.0
1753592494414,05:01:34.414,bitmex,A/USDT:USDT,0.4608,12500.0,0.4556,10500.0,0.6913,5500.0,0.6946,7300.0
1753592494464,05:01:34.464,bitmex,A/USDT:USDT,0.4608,12500.0,0.4556,10500.0,0.6914,5300.0,0.6946,7300.0
1753592496412,05:01:36.412,bitmex,A/USDT:USDT,0.4608,12500.0,0.4527,12100.0,0.6914,5300.0,0.6946,7300.0
1753592496461,05:01:36.461,bitmex,A/USDT:USDT,0.4608,12500.0,0.4527,12100.0,0.6914,5300.0,0.6946,7300.0
1753592498260,05:01:38.260,bitmex,A/USDT:USDT,0.4608,12500.0,0.4498,11900.0,0.6914,5300.0,0.6946,7300.0
1753592498673,05:01:38.673,bitmex,A/USDT:USDT,0.4608,12500.0,0.4498,11900.0,0.6914,5300.0,0.6946,7300.0
1753592500274,05:01:40.274,bitmex,A/USDT:USDT,0.4608,12500.0,0.4498,11900.0,0.6915,5400.0,0.6946,7300.0
1753592500323,05:01:40.323,bitmex,A/USDT:USDT,0.4609,5300.0,0.4608,7300.0,0.6915,5400.0,0.6946,7300.0
1753592500372,05:01:40.372,bitmex,A/USDT:USDT,0.4609,5300.0,0.4608,7300.0,0.6915,5400.0,0.6946,7300.0
1753592500611,05:01:40.611,bitmex,A/USDT:USDT,0.4609,5300.0,0.4608,7300.0,0.6915,5400.0,0.6948,10000.0
1753592500660,05:01:40.660,bitmex,A/USDT:USDT,0.4609,5300.0,0.4608,800.0,0.6915,5400.0,0.6948,10000.0
1753592502548,05:01:42.548,bitmex,A/USDT:USDT,0.4609,5300.0,0.4608,800.0,0.6915,5400.0,0.6948,10000.0
1753592502616,05:01:42.616,bitmex,A/USDT:USDT,0.4609,5300.0,0.4608,800.0,0.6915,5400.0,0.6948,10000.0
1753592504124,05:01:44.124,bitmex,A/USDT:USDT,0.4609,5300.0,0.4608,800.0,0.6915,5200.0,0.6948,10000.0
1753592504173,05:01:44.173,bitmex,A/USDT:USDT,0.4609,5400.0,0.4608,800.0,0.6915,5200.0,0.6948,10000.0
1753592504222,05:01:44.222,bitmex,A/USDT:USDT,0.4609,5400.0,0.4608,800.0,0.6915,5200.0,0.6948,10000.0
1753592506134,05:01:46.134,bitmex,A/USDT:USDT,0.4609,5400.0,0.4608,800.0,0.6915,5200.0,0.6948,10000.0
1753592506183,05:01:46.183,bitmex,A/USDT:USDT,0.461,5200.0,0.4608,800.0,0.6916,5300.0,0.6948,10000.0
1753592506836,05:01:46.836,bitmex,A/USDT:USDT,0.461,5200.0,0.4587,10300.0,0.6916,5300.0,0.6948,10000.0
1753592506886,05:01:46.886,bitmex,A/USDT:USDT,0.461,6000.0,0.4587,10300.0,0.6916,5300.0,0.6948,10000.0
1753592508231,05:01:48.231,bitmex,A/USDT:USDT,0.461,6000.0,0.4587,10300.0,0.6916,5300.0,0.6948,10000.0
1753592508280,05:01:48.280,bitmex,A/USDT:USDT,0.461,6000.0,0.4587,10300.0,0.6916,5300.0,0.6948,10000.0
1753592510057,05:01:50.057,bitmex,A/USDT:USDT,0.461,6200.0,0.4587,10300.0,0.6916,5300.0,0.6948,10000.0
1753592510107,05:01:50.107,bitmex,A/USDT:USDT,0.461,6200.0,0.4587,10300.0,0.6916,5200.0,0.6948,10000.0
1753592514214,05:01:54.214,bitmex,A/USDT:USDT,0.461,800.0,0.4608,5600.0,0.6914,5400.0,0.6948,10000.0
1753592514263,05:01:54.263,bitmex,A/USDT:USDT,0.461,800.0,0.4608,5600.0,0.6914,5400.0,0.6948,10000.0
1753592515882,05:01:55.882,bitmex,A/USDT:USDT,0.461,800.0,0.4608,5200.0,0.6914,5400.0,0.6948,10000.0
1753592515931,05:01:55.931,bitmex,A/USDT:USDT,0.461,800.0,0.4608,5200.0,0.6913,5200.0,0.6948,10000.0
1753592515980,05:01:55.980,bitmex,A/USDT:USDT,0.461,800.0,0.4608,5200.0,0.6913,5200.0,0.6948,10000.0
1753592517871,05:01:57.871,bitmex,A/USDT:USDT,0.461,800.0,0.4608,5500.0,0.6913,5200.0,0.6948,10000.0
1753592517921,05:01:57.921,bitmex,A/USDT:USDT,0.461,800.0,0.4608,5500.0,0.6914,5500.0,0.6948,10000.0
1753592517970,05:01:57.970,bitmex,A/USDT:USDT,0.461,800.0,0.4608,5500.0,0.6914,5500.0,0.6948,10600.0
1753592519852,05:01:59.852,bitmex,A/USDT:USDT,0.461,800.0,0.4608,5500.0,0.6913,5600.0,0.6948,10600.0
1753592519902,05:01:59.902,bitmex,A/USDT:USDT,0.461,800.0,0.4608,5500.0,0.6913,5600.0,0.6948,10600.0
1753592521788,05:02:01.788,bitmex,A/USDT:USDT,0.461,800.0,0.4608,5400.0,0.6913,5200.0,0.6948,10600.0
1753592523988,05:02:03.988,bitmex,A/USDT:USDT,0.461,800.0,0.4606,5600.0,0.6911,5600.0,0.6948,10600.0
1753592525659,05:02:05.659,bitmex,A/USDT:USDT,0.461,800.0,0.4606,5600.0,0.6911,5600.0,0.6948,10600.0
1753592525708,05:02:05.708,bitmex,A/USDT:USDT,0.461,800.0,0.4606,5600.0,0.691,5200.0,0.6948,10600.0
1753592527604,05:02:07.604,bitmex,A/USDT:USDT,0.461,800.0,0.4606,5600.0,0.691,5500.0,0.6948,10600.0
1753592527658,05:02:07.658,bitmex,A/USDT:USDT,0.461,800.0,0.4606,5600.0,0.691,5500.0,0.6948,10600.0
1753592527708,05:02:07.708,bitmex,A/USDT:USDT,0.461,800.0,0.4606,5600.0,0.691,5500.0,0.6948,10600.0
1753592529634,05:02:09.634,bitmex,A/USDT:USDT,0.461,800.0,0.4606,5500.0,0.691,5500.0,0.6948,10600.0
1753592529702,05:02:09.702,bitmex,A/USDT:USDT,0.461,800.0,0.4606,5500.0,0.691,5500.0,0.6948,10600.0
1753592529752,05:02:09.752,bitmex,A/USDT:USDT,0.461,800.0,0.4606,5500.0,0.691,5300.0,0.6948,10600.0
1753592531504,05:02:11.504,bitmex,A/USDT:USDT,0.461,800.0,0.4606,5500.0,0.691,5300.0,0.6948,10600.0
1753592531554,05:02:11.554,bitmex,A/USDT:USDT,0.461,800.0,0.4605,5400.0,0.6909,5500.0,0.6948,10600.0
1753592533470,05:02:13.470,bitmex,A/USDT:USDT,0.461,800.0,0.4605,5400.0,0.6909,5500.0,0.6948,10600.0
1753592533578,05:02:13.578,bitmex,A/USDT:USDT,0.461,800.0,0.4605,5400.0,0.6909,5500.0,0.6948,10600.0
1753592535507,05:02:15.507,bitmex,A/USDT:USDT,0.461,800.0,0.4605,5500.0,0.6909,5500.0,0.6948,10600.0
1753592535556,05:02:15.556,bitmex,A/USDT:USDT,0.461,800.0,0.4605,5500.0,0.6908,5400.0,0.6948,10600.0
1753592535605,05:02:15.605,bitmex,A/USDT:USDT,0.461,800.0,0.4605,5500.0,0.6908,5400.0,0.6948,10600.0
1753592537303,05:02:17.303,bitmex,A/USDT:USDT,0.461,800.0,0.4605,5500.0,0.6908,5400.0,0.6948,10600.0
1753592537352,05:02:17.352,bitmex,A/USDT:USDT,0.461,800.0,0.4605,5500.0,0.6908,5400.0,0.6948,10600.0
1753592539324,05:02:19.324,bitmex,A/USDT:USDT,0.461,800.0,0.4605,5500.0,0.6908,5400.0,0.6948,10600.0
1753592539374,05:02:19.374,bitmex,A/USDT:USDT,0.461,800.0,0.4605,5500.0,0.6908,5400.0,0.6948,10600.0
1753592541406,05:02:21.406,bitmex,A/USDT:USDT,0.461,800.0,0.4605,5500.0,0.6908,5200.0,0.6948,10600.0
1753592541455,05:02:21.455,bitmex,A/USDT:USDT,0.461,800.0,0.4605,5600.0,0.6908,5200.0,0.6977,11600.0
1753592541455,05:02:21.455,bitmex,A/USDT:USDT,0.461,800.0,0.4605,5600.0,0.6908,5200.0,0.6943,10900.0
1753592541504,05:02:21.504,bitmex,A/USDT:USDT,0.461,800.0,0.4605,5600.0,0.6908,5200.0,0.6943,10900.0
1753592543594,05:02:23.594,bitmex,A/USDT:USDT,0.461,800.0,0.4605,5600.0,0.6908,5200.0,0.6943,10900.0
1753592543644,05:02:23.644,bitmex,A/USDT:USDT,0.461,800.0,0.4605,5600.0,0.6908,5200.0,0.6943,10900.0
1753592545285,05:02:25.285,bitmex,A/USDT:USDT,0.461,800.0,0.4605,5300.0,0.6908,5200.0,0.6943,10900.0
1753592545335,05:02:25.335,bitmex,A/USDT:USDT,0.461,800.0,0.4605,5300.0,0.6909,5200.0,0.6943,10900.0
1753592545384,05:02:25.384,bitmex,A/USDT:USDT,0.461,800.0,0.4605,5300.0,0.6909,5200.0,0.6943,10900.0
1753592547254,05:02:27.254,bitmex,A/USDT:USDT,0.461,800.0,0.4605,5200.0,0.6909,5200.0,0.6943,10900.0
1753592547304,05:02:27.304,bitmex,A/USDT:USDT,0.461,800.0,0.4605,5200.0,0.6909,5400.0,0.6943,10900.0
1753592549188,05:02:29.188,bitmex,A/USDT:USDT,0.461,800.0,0.4605,5200.0,0.6909,5400.0,0.6943,10900.0
1753592549237,05:02:29.237,bitmex,A/USDT:USDT,0.461,800.0,0.4605,5600.0,0.6908,5200.0,0.6943,10900.0
1753592551141,05:02:31.141,bitmex,A/USDT:USDT,0.461,800.0,0.4605,5600.0,0.6909,5400.0,0.6943,10900.0
1753592551191,05:02:31.191,bitmex,A/USDT:USDT,0.461,800.0,0.4605,5500.0,0.6909,5400.0,0.6943,10900.0
1753592553153,05:02:33.153,bitmex,A/USDT:USDT,0.461,800.0,0.4605,5500.0,0.6909,5400.0,0.6943,10900.0
1753592553153,05:02:33.153,bitmex,A/USDT:USDT,0.461,800.0,0.4605,5500.0,0.6909,5400.0,0.6943,10900.0
1753592556235,05:02:36.235,bitmex,A/USDT:USDT,0.461,800.0,0.4606,5300.0,0.6909,5400.0,0.6943,10900.0
1753592556297,05:02:36.297,bitmex,A/USDT:USDT,0.461,800.0,0.4606,5300.0,0.6909,5400.0,0.6943,10900.0
1753592556346,05:02:36.346,bitmex,A/USDT:USDT,0.461,800.0,0.4606,5300.0,0.691,5400.0,0.6943,10900.0
1753592558062,05:02:38.062,bitmex,A/USDT:USDT,0.461,800.0,0.4606,5300.0,0.691,5400.0,0.6943,10900.0
1753592558111,05:02:38.111,bitmex,A/USDT:USDT,0.461,800.0,0.4605,5200.0,0.6909,5300.0,0.6943,10900.0
1753592562733,05:02:42.733,bitmex,A/USDT:USDT,0.461,800.0,0.4605,5200.0,0.6909,5300.0,0.6943,10900.0
1753592562782,05:02:42.782,bitmex,A/USDT:USDT,0.461,800.0,0.4605,5200.0,0.6909,5300.0,0.6943,10900.0
1753592563554,05:02:43.554,bitmex,A/USDT:USDT,0.4606,7300.0,0.4605,5200.0,0.6909,5300.0,0.6942,7300.0
1753592564674,05:02:44.674,bitmex,A/USDT:USDT,0.4606,7300.0,0.4605,5300.0,0.6909,5300.0,0.6942,7300.0
1753592564744,05:02:44.744,bitmex,A/USDT:USDT,0.4606,7300.0,0.4605,5300.0,0.6908,5400.0,0.6942,7300.0
1753592564794,05:02:44.794,bitmex,A/USDT:USDT,0.4606,7300.0,0.4605,5300.0,0.6908,5400.0,0.6942,7300.0
1753592566727,05:02:46.727,bitmex,A/USDT:USDT,0.4606,7300.0,0.4605,5300.0,0.6908,5400.0,0.6942,7300.0
1753592566776,05:02:46.776,bitmex,A/USDT:USDT,0.4606,7300.0,0.4605,5600.0,0.6908,5600.0,0.6942,7300.0
1753592568575,05:02:48.575,bitmex,A/USDT:USDT,0.4606,7300.0,0.4605,5600.0,0.6908,5600.0,0.6942,7300.0
1753592570529,05:02:50.529,bitmex,A/USDT:USDT,0.4606,7300.0,0.4605,5600.0,0.6908,5600.0,0.6942,7300.0
1753592570578,05:02:50.578,bitmex,A/USDT:USDT,0.4606,7300.0,0.4605,5600.0,0.6908,5600.0,0.6942,7300.0
1753592572476,05:02:52.476,bitmex,A/USDT:USDT,0.4606,7300.0,0.4605,5600.0,0.6908,5600.0,0.6942,7300.0
1753592572525,05:02:52.525,bitmex,A/USDT:USDT,0.4606,7300.0,0.4605,5600.0,0.6908,5600.0,0.6942,7300.0
1753592574444,05:02:54.444,bitmex,A/USDT:USDT,0.4606,7300.0,0.4605,5600.0,0.6908,5600.0,0.6942,7300.0
1753592574494,05:02:54.494,bitmex,A/USDT:USDT,0.4606,7300.0,0.4605,5600.0,0.6908,5600.0,0.6942,7300.0
1753592575468,05:02:55.468,bitmex,A/USDT:USDT,0.4606,7300.0,0.4605,5600.0,0.6908,5600.0,0.6943,10700.0
1753592576536,05:02:56.536,bitmex,A/USDT:USDT,0.4605,5600.0,0.4583,800.0,1.0,1000.0,10.0,100000.0
1753592576586,05:02:56.586,bitmex,A/USDT:USDT,0.4583,800.0,0.0001,100000000.0,1.0,1000.0,10.0,100000.0
1753592580264,05:03:00.264,bitmex,A/USDT:USDT,0.4604,5600.0,0.4583,800.0,1.0,1000.0,10.0,100000.0
1753592582582,05:03:02.582,bitmex,A/USDT:USDT,0.4604,5600.0,0.4583,800.0,0.6908,5500.0,0.7087,13300.0
1753592582631,05:03:02.631,bitmex,A/USDT:USDT,0.4604,5600.0,0.4583,800.0,0.6908,5500.0,0.7087,13300.0
1753592582680,05:03:02.680,bitmex,A/USDT:USDT,0.4604,5600.0,0.4583,800.0,0.6908,5500.0,0.7087,13300.0
1753592584127,05:03:04.127,bitmex,A/USDT:USDT,0.4605,5600.0,0.4583,800.0,0.6908,5500.0,0.7087,13300.0
1753592584177,05:03:04.177,bitmex,A/USDT:USDT,0.4605,5600.0,0.4583,800.0,0.6908,5300.0,0.7087,13300.0
1753592584226,05:03:04.226,bitmex,A/USDT:USDT,0.4605,5600.0,0.4583,800.0,0.6908,5300.0,0.7087,13300.0
1753592586125,05:03:06.125,bitmex,A/USDT:USDT,0.4605,5600.0,0.4583,800.0,0.6908,5300.0,0.7087,13300.0
1753592586174,05:03:06.174,bitmex,A/USDT:USDT,0.4605,5600.0,0.4583,800.0,0.6908,5300.0,0.7087,13300.0
1753592588255,05:03:08.255,bitmex,A/USDT:USDT,0.4605,5600.0,0.4583,800.0,0.6908,5600.0,0.7087,13300.0
1753592588305,05:03:08.305,bitmex,A/USDT:USDT,0.4604,5300.0,0.4583,800.0,0.6908,5600.0,0.7087,13300.0
1753592588354,05:03:08.354,bitmex,A/USDT:USDT,0.4604,5300.0,0.4583,800.0,0.6908,5600.0,0.7087,13300.0
1753592589987,05:03:09.987,bitmex,A/USDT:USDT,0.4604,5400.0,0.4583,800.0,0.6908,5600.0,0.7087,13300.0
1753592590036,05:03:10.036,bitmex,A/USDT:USDT,0.4604,5400.0,0.4583,800.0,0.6907,5300.0,0.7087,13300.0
1753592590104,05:03:10.104,bitmex,A/USDT:USDT,0.4604,5400.0,0.4583,800.0,0.6907,5300.0,0.7087,13300.0
1753592590154,05:03:10.154,bitmex,A/USDT:USDT,0.4604,5400.0,0.4583,800.0,0.6907,5300.0,0.7087,13300.0
1753592591959,05:03:11.959,bitmex,A/USDT:USDT,0.4604,5400.0,0.4583,800.0,0.6907,5300.0,0.7087,13300.0
1753592592045,05:03:12.045,bitmex,A/USDT:USDT,0.4604,5400.0,0.4583,800.0,0.6907,5300.0,0.7087,13300.0
1753592595903,05:03:15.903,bitmex,A/USDT:USDT,0.4604,5400.0,0.4583,800.0,0.6908,5500.0,0.6942,10900.0
1753592595952,05:03:15.952,bitmex,A/USDT:USDT,0.4604,5400.0,0.4583,800.0,0.6908,5500.0,0.6942,10900.0
1753592597796,05:03:17.796,bitmex,A/USDT:USDT,0.4604,5400.0,0.4583,800.0,0.6908,5500.0,0.6942,10900.0
1753592597846,05:03:17.846,bitmex,A/USDT:USDT,0.4605,5300.0,0.4583,800.0,0.6908,5200.0,0.6942,10900.0
1753592597895,05:03:17.895,bitmex,A/USDT:USDT,0.4605,5300.0,0.4583,800.0,0.6908,5200.0,0.6942,10900.0
1753592599935,05:03:19.935,bitmex,A/USDT:USDT,0.4604,5300.0,0.4583,800.0,0.6908,5200.0,0.6942,10900.0
1753592599984,05:03:19.984,bitmex,A/USDT:USDT,0.4604,5300.0,0.4583,800.0,0.6908,5200.0,0.6942,10900.0
1753592600033,05:03:20.033,bitmex,A/USDT:USDT,0.4604,5300.0,0.4583,800.0,0.6908,5600.0,0.6942,10900.0
1753592601764,05:03:21.764,bitmex,A/USDT:USDT,0.4604,5400.0,0.4583,800.0,0.6908,5600.0,0.6942,10900.0
1753592601814,05:03:21.814,bitmex,A/USDT:USDT,0.4604,5400.0,0.4583,800.0,0.6907,5300.0,0.6942,10900.0
1753592603657,05:03:23.657,bitmex,A/USDT:USDT,0.4604,5400.0,0.4583,800.0,0.6908,5600.0,0.6942,10900.0
1753592603707,05:03:23.707,bitmex,A/USDT:USDT,0.4604,5200.0,0.4583,800.0,0.6908,5600.0,0.6942,10900.0
1753592603756,05:03:23.756,bitmex,A/USDT:USDT,0.4604,5200.0,0.4583,800.0,0.6908,5600.0,0.6942,10900.0
1753592605784,05:03:25.784,bitmex,A/USDT:USDT,0.4604,5300.0,0.4583,800.0,0.6908,5600.0,0.6942,10900.0
1753592605841,05:03:25.841,bitmex,A/USDT:USDT,0.4604,5300.0,0.4583,800.0,0.6908,5600.0,0.6942,10900.0
1753592605891,05:03:25.891,bitmex,A/USDT:USDT,0.4604,5300.0,0.4583,800.0,0.6908,5500.0,0.6942,10900.0
1753592605940,05:03:25.940,bitmex,A/USDT:USDT,0.4604,5300.0,0.4583,800.0,0.6908,5500.0,0.6942,10900.0
1753592607620,05:03:27.620,bitmex,A/USDT:USDT,0.4604,5300.0,0.4583,800.0,0.6908,5600.0,0.6942,10900.0
1753592607670,05:03:27.670,bitmex,A/USDT:USDT,0.4604,5300.0,0.4583,800.0,0.6908,5600.0,0.6971,10800.0
1753592609574,05:03:29.574,bitmex,A/USDT:USDT,0.4604,5300.0,0.4583,800.0,0.6908,5600.0,0.7001,11700.0
1753592611633,05:03:31.633,bitmex,A/USDT:USDT,0.4604,5300.0,0.4583,800.0,0.6908,5600.0,0.7029,12700.0
1753592611683,05:03:31.683,bitmex,A/USDT:USDT,0.4604,5300.0,0.4583,800.0,0.6908,5600.0,0.7029,12700.0
1753592613494,05:03:33.494,bitmex,A/USDT:USDT,0.4604,5300.0,0.4583,800.0,0.6908,5600.0,0.7058,13100.0
1753592613543,05:03:33.543,bitmex,A/USDT:USDT,0.4604,5300.0,0.4583,800.0,0.6908,5600.0,0.7058,13100.0
1753592615405,05:03:35.405,bitmex,A/USDT:USDT,0.4604,5300.0,0.4583,800.0,0.6908,5600.0,0.7087,27400.0
1753592615455,05:03:35.455,bitmex,A/USDT:USDT,0.4604,5300.0,0.4583,800.0,0.6908,5600.0,0.7087,27400.0
1753592617557,05:03:37.557,bitmex,A/USDT:USDT,0.4604,5300.0,0.4583,800.0,0.6908,5600.0,0.6942,10500.0
1753592617606,05:03:37.606,bitmex,A/USDT:USDT,0.4604,5300.0,0.4583,800.0,0.6908,5600.0,0.6942,10500.0
1753592619283,05:03:39.283,bitmex,A/USDT:USDT,0.4604,5300.0,0.4583,800.0,0.6908,5600.0,0.6942,10500.0
1753592619344,05:03:39.344,bitmex,A/USDT:USDT,0.4604,5300.0,0.4583,800.0,0.6908,5600.0,0.6942,10500.0
1753592621235,05:03:41.235,bitmex,A/USDT:USDT,0.4604,5300.0,0.4583,800.0,0.6908,5600.0,0.6942,10500.0
1753592621294,05:03:41.294,bitmex,A/USDT:USDT,0.4604,5300.0,0.4583,800.0,0.6908,5600.0,0.6942,10500.0
1753592623315,05:03:43.315,bitmex,A/USDT:USDT,0.4604,5300.0,0.4583,800.0,0.6908,5600.0,0.6942,10500.0
1753592625139,05:03:45.139,bitmex,A/USDT:USDT,0.4604,5300.0,0.4583,800.0,0.6908,5600.0,0.6942,10500.0
1753592625189,05:03:45.189,bitmex,A/USDT:USDT,0.4604,5300.0,0.4583,800.0,0.6908,5600.0,0.6942,10500.0
1753592627095,05:03:47.095,bitmex,A/USDT:USDT,0.4604,5300.0,0.4583,800.0,0.6908,5600.0,0.6942,10500.0
1753592627144,05:03:47.144,bitmex,A/USDT:USDT,0.4604,5300.0,0.4583,800.0,0.6908,5600.0,0.6942,10500.0
1753592629160,05:03:49.160,bitmex,A/USDT:USDT,0.4604,5300.0,0.4583,800.0,0.6908,5400.0,0.6942,10500.0
1753592629209,05:03:49.209,bitmex,A/USDT:USDT,0.4604,5400.0,0.4583,800.0,0.6908,5400.0,0.6942,10500.0
1753592631058,05:03:51.058,bitmex,A/USDT:USDT,0.4605,5200.0,0.4583,800.0,0.6908,5400.0,0.6942,10500.0
1753592631108,05:03:51.108,bitmex,A/USDT:USDT,0.4605,5200.0,0.4583,800.0,0.6908,5400.0,0.6942,10500.0
1753592632955,05:03:52.955,bitmex,A/USDT:USDT,0.4605,5200.0,0.4583,800.0,0.6908,5400.0,0.6942,10500.0
1753592633008,05:03:53.008,bitmex,A/USDT:USDT,0.4605,5200.0,0.4583,800.0,0.6908,5400.0,0.6942,10500.0
1753592634987,05:03:54.987,bitmex,A/USDT:USDT,0.4605,5200.0,0.4583,800.0,0.6908,5400.0,0.6942,10500.0
1753592635036,05:03:55.036,bitmex,A/USDT:USDT,0.4605,5200.0,0.4583,800.0,0.6908,5400.0,0.6942,10500.0
1753592635187,05:03:55.187,bitmex,A/USDT:USDT,0.4605,5200.0,0.4583,800.0,0.6908,5400.0,0.6942,10500.0
1753592635738,05:03:55.738,bitmex,A/USDT:USDT,0.4605,5200.0,0.4583,800.0,0.6908,5400.0,0.6941,7300.0
1753592635787,05:03:55.787,bitmex,A/USDT:USDT,0.4605,5200.0,0.4583,7300.0,0.6908,5400.0,0.6941,7300.0
1753592636914,05:03:56.914,bitmex,A/USDT:USDT,0.4605,5200.0,0.4583,7300.0,0.6908,5400.0,0.6941,7300.0
1753592636964,05:03:56.964,bitmex,A/USDT:USDT,0.4605,5200.0,0.4583,7300.0,0.6908,5400.0,0.6941,7300.0
1753592638810,05:03:58.810,bitmex,A/USDT:USDT,0.4605,5200.0,0.4583,7300.0,0.6908,5400.0,0.6941,7300.0
1753592638860,05:03:58.860,bitmex,A/USDT:USDT,0.4604,5500.0,0.4583,7300.0,0.6908,5200.0,0.6941,7300.0
1753592640844,05:04:00.844,bitmex,A/USDT:USDT,0.4604,5500.0,0.4583,7300.0,0.6908,5200.0,0.6941,7300.0
1753592640893,05:04:00.893,bitmex,A/USDT:USDT,0.4604,5200.0,0.4583,7300.0,0.6941,7300.0,0.6942,10500.0
1753592640893,05:04:00.893,bitmex,A/USDT:USDT,0.4604,5200.0,0.4583,7300.0,0.6907,5500.0,0.6941,7300.0
1753592640951,05:04:00.951,bitmex,A/USDT:USDT,0.4604,5200.0,0.4583,7300.0,0.6907,5500.0,0.6941,7300.0
1753592644695,05:04:04.695,bitmex,A/USDT:USDT,0.4604,5200.0,0.4583,7300.0,0.6907,5500.0,0.6941,7300.0
1753592644749,05:04:04.749,bitmex,A/USDT:USDT,0.4604,5200.0,0.4583,7300.0,0.6907,5500.0,0.6941,7300.0
1753592646674,05:04:06.674,bitmex,A/USDT:USDT,0.4604,5200.0,0.4583,7300.0,0.6907,5500.0,0.6941,7300.0
1753592646724,05:04:06.724,bitmex,A/USDT:USDT,0.4604,5200.0,0.4583,7300.0,0.6907,5500.0,0.6941,7300.0
1753592648636,05:04:08.636,bitmex,A/USDT:USDT,0.4604,5200.0,0.4583,7300.0,0.6907,5500.0,0.6941,7300.0
1753592648685,05:04:08.685,bitmex,A/USDT:USDT,0.4604,5200.0,0.4583,7300.0,0.6907,5500.0,0.6941,7300.0
1753592650535,05:04:10.535,bitmex,A/USDT:USDT,0.4604,5200.0,0.4583,7300.0,0.6907,5500.0,0.6941,7300.0
1753592650584,05:04:10.584,bitmex,A/USDT:USDT,0.4604,5200.0,0.4583,7300.0,0.6907,5500.0,0.6941,7300.0
1753592652537,05:04:12.537,bitmex,A/USDT:USDT,0.4604,5200.0,0.4583,7300.0,0.6907,5500.0,0.6941,7300.0
1753592652586,05:04:12.586,bitmex,A/USDT:USDT,0.4604,5200.0,0.4583,7300.0,0.6907,5500.0,0.6941,7300.0
1753592654477,05:04:14.477,bitmex,A/USDT:USDT,0.4604,5200.0,0.4583,7300.0,0.6907,5500.0,0.6941,7300.0
1753592654527,05:04:14.527,bitmex,A/USDT:USDT,0.4604,5200.0,0.4583,7300.0,0.6907,5500.0,0.6941,7300.0
1753592656387,05:04:16.387,bitmex,A/USDT:USDT,0.4604,5200.0,0.4583,7300.0,0.6907,5400.0,0.6941,7300.0
1753592656437,05:04:16.437,bitmex,A/USDT:USDT,0.4604,5600.0,0.4583,7300.0,0.6907,5400.0,0.6941,7300.0
1753592656486,05:04:16.486,bitmex,A/USDT:USDT,0.4604,5600.0,0.4583,7300.0,0.6907,5400.0,0.6941,7300.0
1753592658384,05:04:18.384,bitmex,A/USDT:USDT,0.4604,5600.0,0.4583,7300.0,0.6907,5400.0,0.6941,7300.0
1753592658464,05:04:18.464,bitmex,A/USDT:USDT,0.4604,5600.0,0.4583,7300.0,0.6907,5400.0,0.6941,7300.0
1753592660294,05:04:20.294,bitmex,A/USDT:USDT,0.4604,5600.0,0.4583,7300.0,0.6907,5400.0,0.6941,7300.0
1753592660344,05:04:20.344,bitmex,A/USDT:USDT,0.4604,5600.0,0.4583,7300.0,0.6907,5400.0,0.6941,7300.0
1753592664381,05:04:24.381,bitmex,A/USDT:USDT,0.4604,5200.0,0.4583,7300.0,0.6907,5400.0,0.6941,7300.0
1753592664431,05:04:24.431,bitmex,A/USDT:USDT,0.4604,5200.0,0.4583,7300.0,0.6907,5500.0,0.6941,7300.0
1753592664480,05:04:24.480,bitmex,A/USDT:USDT,0.4604,5200.0,0.4583,7300.0,0.6907,5500.0,0.6941,7300.0
1753592666155,05:04:26.155,bitmex,A/USDT:USDT,0.4604,5200.0,0.4583,7300.0,0.6907,5500.0,0.6941,7300.0
1753592666204,05:04:26.204,bitmex,A/USDT:USDT,0.4604,5200.0,0.4583,7300.0,0.6907,5500.0,0.6941,7300.0
1753592668174,05:04:28.174,bitmex,A/USDT:USDT,0.4604,5200.0,0.4583,7300.0,0.6907,5500.0,0.6941,7300.0
1753592668223,05:04:28.223,bitmex,A/USDT:USDT,0.4604,5200.0,0.4583,7300.0,0.6907,5500.0,0.6941,7300.0
1753592670183,05:04:30.183,bitmex,A/USDT:USDT,0.4604,5200.0,0.4583,7300.0,0.6907,5500.0,0.6941,7300.0
1753592672070,05:04:32.070,bitmex,A/USDT:USDT,0.4604,5200.0,0.4583,7300.0,0.6907,5500.0,0.6941,7300.0
1753592672120,05:04:32.120,bitmex,A/USDT:USDT,0.4604,5200.0,0.4583,7300.0,0.6907,5500.0,0.6941,7300.0
1753592673972,05:04:33.972,bitmex,A/USDT:USDT,0.4604,5200.0,0.4583,7300.0,0.6907,5500.0,0.6941,7300.0
1753592674024,05:04:34.024,bitmex,A/USDT:USDT,0.4604,5200.0,0.4583,7300.0,0.6907,5500.0,0.6941,7300.0
1753592676087,05:04:36.087,bitmex,A/USDT:USDT,0.4604,5200.0,0.4583,7300.0,0.6907,5500.0,0.6941,7300.0
1753592676137,05:04:36.137,bitmex,A/USDT:USDT,0.4604,5200.0,0.4583,7300.0,0.6907,5500.0,0.6941,7300.0
1753592677871,05:04:37.871,bitmex,A/USDT:USDT,0.4604,5200.0,0.4583,7300.0,0.6907,5500.0,0.6941,7300.0
1753592677920,05:04:37.920,bitmex,A/USDT:USDT,0.4604,5200.0,0.4583,7300.0,0.6907,5500.0,0.6941,7300.0
1753592679836,05:04:39.836,bitmex,A/USDT:USDT,0.4604,5200.0,0.4583,7300.0,0.6907,5500.0,0.6941,7300.0
1753592679885,05:04:39.885,bitmex,A/USDT:USDT,0.4604,5200.0,0.4583,7300.0,0.6907,5500.0,0.6941,7300.0
1753592681778,05:04:41.778,bitmex,A/USDT:USDT,0.4604,5600.0,0.4583,7300.0,0.6907,5500.0,0.6941,7300.0
1753592681838,05:04:41.838,bitmex,A/USDT:USDT,0.4604,5600.0,0.4583,7300.0,0.6907,5500.0,0.6941,7300.0
1753592681887,05:04:41.887,bitmex,A/USDT:USDT,0.4604,5600.0,0.4583,7300.0,0.6907,5500.0,0.6941,7300.0
1753592683734,05:04:43.734,bitmex,A/USDT:USDT,0.4604,5600.0,0.4583,7300.0,0.6907,5500.0,0.6941,7300.0
1753592683784,05:04:43.784,bitmex,A/USDT:USDT,0.4604,5600.0,0.4583,7300.0,0.6907,5500.0,0.6941,7300.0
1753592685030,05:04:45.030,bitmex,A/USDT:USDT,0.4604,5600.0,0.4583,7300.0,0.6907,5500.0,0.6942,10200.0
1753592685080,05:04:45.080,bitmex,A/USDT:USDT,0.4604,5600.0,0.4583,7300.0,0.6907,12800.0,0.6942,10200.0
1753592685746,05:04:45.746,bitmex,A/USDT:USDT,0.4604,5600.0,0.4583,7300.0,0.6907,12800.0,0.6942,10200.0
1753592687709,05:04:47.709,bitmex,A/USDT:USDT,0.4604,5600.0,0.4583,7300.0,0.6907,12800.0,0.6942,10900.0
1753592687758,05:04:47.758,bitmex,A/USDT:USDT,0.4604,5600.0,0.4583,7300.0,0.6907,12800.0,0.6942,10900.0
1753592689587,05:04:49.587,bitmex,A/USDT:USDT,0.4604,5600.0,0.4583,7300.0,0.6907,12800.0,0.6942,10900.0
1753592689644,05:04:49.644,bitmex,A/USDT:USDT,0.4604,5600.0,0.4583,7300.0,0.6907,12800.0,0.6942,10900.0
1753592691538,05:04:51.538,bitmex,A/USDT:USDT,0.4604,5600.0,0.4583,7300.0,0.6907,12800.0,0.6942,10900.0
1753592691587,05:04:51.587,bitmex,A/USDT:USDT,0.4604,5600.0,0.4583,7300.0,0.6907,12800.0,0.6942,10900.0
1753592693605,05:04:53.605,bitmex,A/USDT:USDT,0.4604,5600.0,0.4583,7300.0,0.6907,12800.0,0.6942,10900.0
1753592693655,05:04:53.655,bitmex,A/USDT:USDT,0.4604,5600.0,0.4583,7300.0,0.6907,12800.0,0.6942,10900.0
1753592695445,05:04:55.445,bitmex,A/USDT:USDT,0.4604,5600.0,0.4583,7300.0,0.6907,12600.0,0.6942,10900.0
1753592695495,05:04:55.495,bitmex,A/USDT:USDT,0.4604,5600.0,0.4583,7300.0,0.6907,12600.0,0.6942,10900.0
1753592695544,05:04:55.544,bitmex,A/USDT:USDT,0.4604,5600.0,0.4583,7300.0,0.6907,12600.0,0.6942,10900.0
1753592697396,05:04:57.396,bitmex,A/USDT:USDT,0.4604,5600.0,0.4583,7300.0,0.6907,12600.0,0.6942,10900.0
1753592697445,05:04:57.445,bitmex,A/USDT:USDT,0.4604,5600.0,0.4583,7300.0,0.6907,12500.0,0.6942,10900.0
1753592699669,05:04:59.669,bitmex,A/USDT:USDT,0.4604,5600.0,0.4583,7300.0,0.6907,12500.0,0.6942,10900.0
1753592699718,05:04:59.718,bitmex,A/USDT:USDT,0.4604,5600.0,0.4583,7300.0,0.6907,12500.0,0.6942,10900.0
1753592701448,05:05:01.448,bitmex,A/USDT:USDT,0.4604,5600.0,0.4583,7300.0,0.6907,12500.0,0.6942,10900.0
1753592701497,05:05:01.497,bitmex,A/USDT:USDT,0.4604,5600.0,0.4583,7300.0,0.6907,12500.0,0.6942,10900.0
