timestamp,time,exchange,symbol,bid1_price,bid1_volume,bid2_price,bid2_volume,ask1_price,ask1_volume,ask2_price,ask2_volume
1753591853243,04:50:53.243,blofin,1INCH/USDT:USDT,0.2845,531.0,0.2842,8897.0,0.2847,374.0,0.2848,36409.0
1753591854155,04:50:54.155,blofin,1INCH/USDT:USDT,0.2845,532.0,0.2842,8897.0,0.2847,372.0,0.2848,36409.0
1753591854746,04:50:54.746,blofin,1INCH/USDT:USDT,0.2845,532.0,0.2843,9124.0,0.2847,376.0,0.2849,47542.0
1753591855244,04:50:55.244,blofin,1INCH/USDT:USDT,0.2845,531.0,0.2842,852.0,0.2847,376.0,0.2851,44257.0
1753591855747,04:50:55.747,blofin,1INCH/USDT:USDT,0.2845,531.0,0.2842,852.0,0.2847,378.0,0.2851,44257.0
1753591856246,04:50:56.246,blofin,1INCH/USDT:USDT,0.2845,700.0,0.2842,852.0,0.2847,378.0,0.2851,38396.0
1753591857248,04:50:57.248,blofin,1INCH/USDT:USDT,0.2845,532.0,0.2842,852.0,0.2847,378.0,0.2852,74394.0
1753591857747,04:50:57.747,blofin,1INCH/USDT:USDT,0.2845,532.0,0.2841,129585.0,0.2847,378.0,0.2852,74394.0
1753591858247,04:50:58.247,blofin,1INCH/USDT:USDT,0.2845,532.0,0.2841,39377.0,0.2847,379.0,0.2852,84459.0
1753591858748,04:50:58.748,blofin,1INCH/USDT:USDT,0.2845,532.0,0.2841,39377.0,0.2847,379.0,0.2852,84459.0
1753591859249,04:50:59.249,blofin,1INCH/USDT:USDT,0.2845,531.0,0.2844,65355.0,0.2847,375.0,0.2852,4193.0
1753591860250,04:51:00.250,blofin,1INCH/USDT:USDT,0.2845,612.0,0.284,41733.0,0.2847,375.0,0.2848,34663.0
1753591860753,04:51:00.753,blofin,1INCH/USDT:USDT,0.2845,612.0,0.284,41733.0,0.2847,378.0,0.2848,34663.0
1753591861252,04:51:01.252,blofin,1INCH/USDT:USDT,0.2845,610.0,0.2843,87450.0,0.2847,378.0,0.285,42265.0
1753591861753,04:51:01.753,blofin,1INCH/USDT:USDT,0.2845,610.0,0.2843,87450.0,0.2847,378.0,0.285,42265.0
1753591960904,04:52:40.904,blofin,1INCH/USDT:USDT,0.2847,2422.0,0.2845,610.0,0.2847,378.0,0.2849,1688.0
1753591961403,04:52:41.403,blofin,1INCH/USDT:USDT,0.2847,1560.0,0.2845,122712.0,0.2847,378.0,0.2849,1688.0
1753591962240,04:52:42.240,blofin,1INCH/USDT:USDT,0.2847,1377.0,0.2842,15315.0,0.2847,378.0,0.2849,1859.0
1753591962403,04:52:42.403,blofin,1INCH/USDT:USDT,0.2847,1377.0,0.2842,15315.0,0.2847,378.0,0.2849,1860.0
1753591963405,04:52:43.405,blofin,1INCH/USDT:USDT,0.2847,1376.0,0.2842,139846.0,0.2847,378.0,0.2849,1852.0
1753591963907,04:52:43.907,blofin,1INCH/USDT:USDT,0.2847,1376.0,0.2842,139846.0,0.2847,378.0,0.2849,1849.0
1753591964407,04:52:44.407,blofin,1INCH/USDT:USDT,0.2847,1379.0,0.2843,1408.0,0.2847,378.0,0.2849,1848.0
1753591965408,04:52:45.408,blofin,1INCH/USDT:USDT,0.2847,1643.0,0.2844,98192.0,0.2847,378.0,0.2849,1677.0
1753591966237,04:52:46.237,blofin,1INCH/USDT:USDT,0.2847,1643.0,0.2845,80516.0,0.2847,378.0,0.2849,1678.0
1753591967412,04:52:47.412,blofin,1INCH/USDT:USDT,0.2847,1643.0,0.2845,60979.0,0.2847,378.0,0.2849,1677.0
1753591967913,04:52:47.913,blofin,1INCH/USDT:USDT,0.2847,1643.0,0.2845,60979.0,0.2847,378.0,0.2849,1677.0
1753591968415,04:52:48.415,blofin,1INCH/USDT:USDT,0.2847,7737.0,0.2846,69058.0,0.2847,378.0,0.2849,1680.0
1753591968914,04:52:48.914,blofin,1INCH/USDT:USDT,0.2847,7737.0,0.2846,69058.0,0.2847,378.0,0.2849,1680.0
1753591969416,04:52:49.416,blofin,1INCH/USDT:USDT,0.2847,7737.0,0.2846,18439.0,0.2847,378.0,0.2849,1679.0
1753592056546,04:54:16.546,blofin,1INCH/USDT:USDT,0.2847,447.0,0.2842,22045.0,0.2847,378.0,0.2849,1679.0
1753592057047,04:54:17.047,blofin,1INCH/USDT:USDT,0.2847,449.0,0.2842,22045.0,0.2847,378.0,0.2849,1679.0
1753592057547,04:54:17.547,blofin,1INCH/USDT:USDT,0.2847,270.0,0.2843,131068.0,0.2847,378.0,0.2849,1679.0
1753592058047,04:54:18.047,blofin,1INCH/USDT:USDT,0.2847,270.0,0.2843,131068.0,0.2847,378.0,0.2849,1962.0
1753592058549,04:54:18.549,blofin,1INCH/USDT:USDT,0.2847,270.0,0.2843,164042.0,0.2847,378.0,0.2849,1962.0
1753592059049,04:54:19.049,blofin,1INCH/USDT:USDT,0.2847,270.0,0.2843,164042.0,0.2847,378.0,0.2849,1963.0
1753592059550,04:54:19.550,blofin,1INCH/USDT:USDT,0.2847,43.0,0.2845,68432.0,0.2847,378.0,0.2849,2440.0
1753592060311,04:54:20.311,blofin,1INCH/USDT:USDT,0.2847,263.0,0.2846,108988.0,0.2847,378.0,0.2849,2440.0
1753592061552,04:54:21.552,blofin,1INCH/USDT:USDT,0.2847,263.0,0.2843,1774.0,0.2847,378.0,0.2849,2488.0
1753592062052,04:54:22.052,blofin,1INCH/USDT:USDT,0.2847,263.0,0.2843,1774.0,0.2847,378.0,0.2849,2488.0
1753592062553,04:54:22.553,blofin,1INCH/USDT:USDT,0.2847,263.0,0.2846,58299.0,0.2847,378.0,0.2849,2181.0
1753592063313,04:54:23.313,blofin,1INCH/USDT:USDT,0.2847,261.0,0.2842,49945.0,0.2847,378.0,0.2849,2488.0
1753592064055,04:54:24.055,blofin,1INCH/USDT:USDT,0.2847,264.0,0.2842,49945.0,0.2847,378.0,0.2849,2490.0
1753592064558,04:54:24.558,blofin,1INCH/USDT:USDT,0.2847,8578.0,0.2842,115077.0,0.2847,378.0,0.2849,2223.0
1753592151699,04:55:51.699,blofin,1INCH/USDT:USDT,0.2847,8578.0,0.2843,52212.0,0.2847,378.0,0.2849,2223.0
1753592152377,04:55:52.377,blofin,1INCH/USDT:USDT,0.2847,8578.0,0.2844,8966.0,0.2847,378.0,0.2848,2156.0
1753592152696,04:55:52.696,blofin,1INCH/USDT:USDT,0.2847,8578.0,0.2844,8966.0,0.2847,378.0,0.2848,2156.0
1753592153698,04:55:53.698,blofin,1INCH/USDT:USDT,0.2847,8578.0,0.2846,322.0,0.2847,378.0,0.2848,2166.0
1753592154379,04:55:54.379,blofin,1INCH/USDT:USDT,0.2847,8578.0,0.2846,325.0,0.2847,378.0,0.2848,2166.0
1753592154700,04:55:54.700,blofin,1INCH/USDT:USDT,0.2847,8578.0,0.2846,325.0,0.2847,378.0,0.2848,2166.0
1753592155200,04:55:55.200,blofin,1INCH/USDT:USDT,0.2847,8578.0,0.2846,322.0,0.2847,378.0,0.2848,2166.0
1753592155702,04:55:55.702,blofin,1INCH/USDT:USDT,0.2847,8578.0,0.2846,322.0,0.2847,378.0,0.2848,2166.0
1753592156380,04:55:56.380,blofin,1INCH/USDT:USDT,0.2847,8578.0,0.2846,1225.0,0.2847,378.0,0.2848,1896.0
1753592156703,04:55:56.703,blofin,1INCH/USDT:USDT,0.2847,8578.0,0.2846,1225.0,0.2847,378.0,0.2848,1897.0
1753592157706,04:55:57.706,blofin,1INCH/USDT:USDT,0.2847,8578.0,0.2846,1225.0,0.2847,378.0,0.2848,1895.0
1753592158208,04:55:58.208,blofin,1INCH/USDT:USDT,0.2847,8578.0,0.2846,1226.0,0.2847,378.0,0.2848,1895.0
1753592158382,04:55:58.382,blofin,1INCH/USDT:USDT,0.2847,8578.0,0.2846,1226.0,0.2847,378.0,0.2848,1895.0
1753592159382,04:55:59.382,blofin,1INCH/USDT:USDT,0.2847,8578.0,0.2846,1224.0,0.2847,378.0,0.2848,1894.0
1753592160211,04:56:00.211,blofin,1INCH/USDT:USDT,0.2847,8578.0,0.2846,1281.0,0.2847,378.0,0.2848,618.0
1753592245832,04:57:25.832,blofin,1INCH/USDT:USDT,0.2847,8578.0,0.2846,355.0,0.2847,378.0,0.2848,618.0
1753592246447,04:57:26.447,blofin,1INCH/USDT:USDT,0.2847,8578.0,0.2846,351.0,0.2847,378.0,0.2848,618.0
1753592247448,04:57:27.448,blofin,1INCH/USDT:USDT,0.2847,8578.0,0.2846,354.0,0.2847,378.0,0.2848,800.0
1753592248338,04:57:28.338,blofin,1INCH/USDT:USDT,0.2847,8578.0,0.2846,356.0,0.2847,378.0,0.2848,800.0
1753592248451,04:57:28.451,blofin,1INCH/USDT:USDT,0.2847,8578.0,0.2846,356.0,0.2847,378.0,0.2848,374.0
1753592248839,04:57:28.839,blofin,1INCH/USDT:USDT,0.2847,8578.0,0.2846,356.0,0.2847,378.0,0.2848,374.0
1753592249452,04:57:29.452,blofin,1INCH/USDT:USDT,0.2847,8578.0,0.2846,357.0,0.2847,378.0,0.2848,371.0
1753592249840,04:57:29.840,blofin,1INCH/USDT:USDT,0.2847,8578.0,0.2846,406.0,0.2847,378.0,0.2848,372.0
1753592250452,04:57:30.452,blofin,1INCH/USDT:USDT,0.2847,8578.0,0.2846,406.0,0.2847,378.0,0.2848,996.0
1753592250844,04:57:30.844,blofin,1INCH/USDT:USDT,0.2847,8578.0,0.2846,406.0,0.2847,378.0,0.2848,995.0
1753592251846,04:57:31.846,blofin,1INCH/USDT:USDT,0.2847,8578.0,0.2846,404.0,0.2847,378.0,0.2848,797.0
1753592252453,04:57:32.453,blofin,1INCH/USDT:USDT,0.2847,8578.0,0.2846,427.0,0.2847,378.0,0.2848,799.0
1753592253459,04:57:33.459,blofin,1INCH/USDT:USDT,0.2847,8578.0,0.2846,403.0,0.2847,378.0,0.2848,369.0
1753592254460,04:57:34.460,blofin,1INCH/USDT:USDT,0.2847,8578.0,0.2846,404.0,0.2847,378.0,0.2848,373.0
1753592255351,04:57:35.351,blofin,1INCH/USDT:USDT,0.2847,8578.0,0.2846,877.0,0.2847,378.0,0.2848,191.0
1753592255849,04:57:35.849,blofin,1INCH/USDT:USDT,0.2847,8578.0,0.2846,573.0,0.2847,378.0,0.2848,179.0
1753592256459,04:57:36.459,blofin,1INCH/USDT:USDT,0.2847,8578.0,0.2846,1259.0,0.2847,378.0,0.2848,182.0
1753592256850,04:57:36.850,blofin,1INCH/USDT:USDT,0.2847,8578.0,0.2846,1259.0,0.2847,378.0,0.2848,180.0
1753592257459,04:57:37.459,blofin,1INCH/USDT:USDT,0.2847,8578.0,0.2846,804.0,0.2847,378.0,0.2848,180.0
1753592367516,04:59:27.516,blofin,1INCH/USDT:USDT,0.2849,894.0,0.2848,7427.0,0.2847,378.0,0.2848,180.0
1753592368017,04:59:28.017,blofin,1INCH/USDT:USDT,0.2849,894.0,0.2847,8578.0,0.2847,378.0,0.2848,180.0
1753592368517,04:59:28.517,blofin,1INCH/USDT:USDT,0.2849,897.0,0.2847,8578.0,0.2847,378.0,0.2848,180.0
1753592369518,04:59:29.518,blofin,1INCH/USDT:USDT,0.2849,1328.0,0.2847,51934.0,0.2847,378.0,0.2848,180.0
1753592370018,04:59:30.018,blofin,1INCH/USDT:USDT,0.2849,4194.0,0.2847,30785.0,0.2847,378.0,0.2848,180.0
1753592371023,04:59:31.023,blofin,1INCH/USDT:USDT,0.2849,4195.0,0.2846,72100.0,0.2847,378.0,0.2848,180.0
1753592372023,04:59:32.023,blofin,1INCH/USDT:USDT,0.2849,3764.0,0.2845,46807.0,0.2847,378.0,0.2848,180.0
1753592372525,04:59:32.525,blofin,1INCH/USDT:USDT,0.2849,3763.0,0.2845,46807.0,0.2847,378.0,0.2848,180.0
1753592373026,04:59:33.026,blofin,1INCH/USDT:USDT,0.2849,4276.0,0.2844,22110.0,0.2847,378.0,0.2848,180.0
1753592373526,04:59:33.526,blofin,1INCH/USDT:USDT,0.2849,4274.0,0.2844,22110.0,0.2847,378.0,0.2848,180.0
1753592374028,04:59:34.028,blofin,1INCH/USDT:USDT,0.2849,4272.0,0.2846,103404.0,0.2847,378.0,0.2848,180.0
1753592374527,04:59:34.527,blofin,1INCH/USDT:USDT,0.2849,4272.0,0.2846,103404.0,0.2847,378.0,0.2848,180.0
1753592375030,04:59:35.030,blofin,1INCH/USDT:USDT,0.2849,3759.0,0.2844,95949.0,0.2847,378.0,0.2848,180.0
1753592376029,04:59:36.029,blofin,1INCH/USDT:USDT,0.2849,4275.0,0.2845,25828.0,0.2847,378.0,0.2848,180.0
1753592376531,04:59:36.531,blofin,1INCH/USDT:USDT,0.2849,4275.0,0.2845,25828.0,0.2847,378.0,0.2848,180.0
1753592377029,04:59:37.029,blofin,1INCH/USDT:USDT,0.2849,4344.0,0.2845,65298.0,0.2847,378.0,0.2848,180.0
1753592377530,04:59:37.530,blofin,1INCH/USDT:USDT,0.2849,4344.0,0.2845,65298.0,0.2847,378.0,0.2848,180.0
1753592378030,04:59:38.030,blofin,1INCH/USDT:USDT,0.2849,4344.0,0.2845,5027.0,0.2847,378.0,0.2848,180.0
1753592378531,04:59:38.531,blofin,1INCH/USDT:USDT,0.2849,4344.0,0.2845,5027.0,0.2847,378.0,0.2848,180.0
1753592484191,05:01:24.191,blofin,1INCH/USDT:USDT,0.2849,4344.0,0.2846,911.0,0.2847,378.0,0.2848,180.0
1753592484692,05:01:24.692,blofin,1INCH/USDT:USDT,0.2851,2216.0,0.285,4.0,0.2847,378.0,0.2848,180.0
1753592485692,05:01:25.692,blofin,1INCH/USDT:USDT,0.2851,2509.0,0.285,4.0,0.2847,378.0,0.2848,180.0
1753592487194,05:01:27.194,blofin,1INCH/USDT:USDT,0.2851,2509.0,0.285,4.0,0.2847,378.0,0.2848,180.0
1753592487695,05:01:27.695,blofin,1INCH/USDT:USDT,0.2851,1529.0,0.285,56365.0,0.2847,378.0,0.2848,180.0
1753592488697,05:01:28.697,blofin,1INCH/USDT:USDT,0.2851,1532.0,0.285,60916.0,0.2847,378.0,0.2848,180.0
1753592489698,05:01:29.698,blofin,1INCH/USDT:USDT,0.2851,1530.0,0.285,67693.0,0.2847,378.0,0.2848,180.0
1753592490701,05:01:30.701,blofin,1INCH/USDT:USDT,0.2851,4981.0,0.285,4.0,0.2847,378.0,0.2848,180.0
1753592491703,05:01:31.703,blofin,1INCH/USDT:USDT,0.2851,4981.0,0.285,4.0,0.2847,378.0,0.2848,180.0
1753592492704,05:01:32.704,blofin,1INCH/USDT:USDT,0.2851,5174.0,0.285,4.0,0.2847,378.0,0.2848,180.0
1753592569820,05:02:49.820,blofin,1INCH/USDT:USDT,0.2851,5174.0,0.285,4.0,0.2847,378.0,0.2848,180.0
1753592570320,05:02:50.320,blofin,1INCH/USDT:USDT,0.2851,5174.0,0.285,4.0,0.2847,378.0,0.2848,180.0
1753592570821,05:02:50.821,blofin,1INCH/USDT:USDT,0.2851,5174.0,0.285,4.0,0.2847,378.0,0.2848,180.0
1753592571690,05:02:51.690,blofin,1INCH/USDT:USDT,0.2851,5174.0,0.285,4.0,0.2847,378.0,0.2848,180.0
1753592572395,05:02:52.395,blofin,1INCH/USDT:USDT,0.2851,5174.0,0.285,4.0,0.2847,378.0,0.2848,180.0
1753592573059,05:02:53.059,blofin,1INCH/USDT:USDT,0.2851,5174.0,0.285,4.0,0.2847,378.0,0.2848,180.0
1753592573324,05:02:53.324,blofin,1INCH/USDT:USDT,0.2851,5174.0,0.285,4.0,0.2847,378.0,0.2848,1329.0
1753592573826,05:02:53.826,blofin,1INCH/USDT:USDT,0.2851,5174.0,0.285,4.0,0.2847,378.0,0.2848,193.0
1753592574325,05:02:54.325,blofin,1INCH/USDT:USDT,0.2851,5174.0,0.285,4.0,0.2847,378.0,0.2848,193.0
1753592574826,05:02:54.826,blofin,1INCH/USDT:USDT,0.2851,5174.0,0.285,4.0,0.2847,378.0,0.2848,417.0
1753592575334,05:02:55.334,blofin,1INCH/USDT:USDT,0.2851,5174.0,0.285,4.0,0.2847,378.0,0.2848,417.0
1753592575827,05:02:55.827,blofin,1INCH/USDT:USDT,0.2851,5174.0,0.285,4.0,0.2847,378.0,0.2848,418.0
1753592576695,05:02:56.695,blofin,1INCH/USDT:USDT,0.2851,5174.0,0.285,4.0,0.2847,378.0,0.2848,403.0
1753592577385,05:02:57.385,blofin,1INCH/USDT:USDT,0.2851,5174.0,0.285,4.0,0.2847,451.0,0.2848,91834.0
1753592577832,05:02:57.832,blofin,1INCH/USDT:USDT,0.2851,5174.0,0.285,4.0,0.2847,449.0,0.2848,2.0
1753592578397,05:02:58.397,blofin,1INCH/USDT:USDT,0.2851,5174.0,0.285,4.0,0.2847,452.0,0.285,2.0
1753592579335,05:02:59.335,blofin,1INCH/USDT:USDT,0.2851,5174.0,0.285,4.0,0.2847,456.0,0.285,13066.0
1753592579836,05:02:59.836,blofin,1INCH/USDT:USDT,0.2851,5174.0,0.285,4.0,0.2847,505.0,0.285,2.0
1753592580336,05:03:00.336,blofin,1INCH/USDT:USDT,0.2851,5174.0,0.285,4.0,0.2847,504.0,0.285,2.0
1753592580837,05:03:00.837,blofin,1INCH/USDT:USDT,0.2851,5174.0,0.285,4.0,0.2847,468.0,0.285,50370.0
1753592581336,05:03:01.336,blofin,1INCH/USDT:USDT,0.2851,5174.0,0.285,4.0,0.2847,468.0,0.285,50370.0
1753592683775,05:04:43.775,blofin,1INCH/USDT:USDT,0.2851,5174.0,0.285,4.0,0.2847,468.0,0.2849,1915.0
1753592684497,05:04:44.497,blofin,1INCH/USDT:USDT,0.2851,5174.0,0.285,4.0,0.2847,468.0,0.2849,1915.0
1753592684998,05:04:44.998,blofin,1INCH/USDT:USDT,0.2851,5174.0,0.285,4.0,0.2847,468.0,0.2849,2371.0
1753592685502,05:04:45.502,blofin,1INCH/USDT:USDT,0.2851,5174.0,0.285,4.0,0.2847,468.0,0.2849,2371.0
1753592685999,05:04:45.999,blofin,1INCH/USDT:USDT,0.2851,5174.0,0.285,4.0,0.2847,468.0,0.2849,2372.0
1753592686779,05:04:46.779,blofin,1INCH/USDT:USDT,0.2851,5174.0,0.285,4.0,0.2847,468.0,0.2849,2370.0
1753592687001,05:04:47.001,blofin,1INCH/USDT:USDT,0.2851,5174.0,0.285,4.0,0.2847,468.0,0.2849,2370.0
1753592688003,05:04:48.003,blofin,1INCH/USDT:USDT,0.2851,5174.0,0.285,4.0,0.2847,468.0,0.2849,1916.0
1753592688504,05:04:48.504,blofin,1INCH/USDT:USDT,0.2851,5174.0,0.285,4.0,0.2847,468.0,0.2849,1916.0
1753592689006,05:04:49.006,blofin,1INCH/USDT:USDT,0.2851,5174.0,0.285,4.0,0.2847,468.0,0.2849,1916.0
1753592689783,05:04:49.783,blofin,1INCH/USDT:USDT,0.2851,5174.0,0.285,4.0,0.2847,468.0,0.2849,1916.0
1753592690007,05:04:50.007,blofin,1INCH/USDT:USDT,0.2851,5174.0,0.285,4.0,0.2847,468.0,0.2849,1916.0
1753592690781,05:04:50.781,blofin,1INCH/USDT:USDT,0.2851,5174.0,0.285,4.0,0.2847,468.0,0.2849,1977.0
1753592691009,05:04:51.009,blofin,1INCH/USDT:USDT,0.2851,5174.0,0.285,4.0,0.2847,468.0,0.2849,1977.0
1753592692010,05:04:52.010,blofin,1INCH/USDT:USDT,0.2851,5174.0,0.285,4.0,0.2847,468.0,0.2849,1975.0
1753592692510,05:04:52.510,blofin,1INCH/USDT:USDT,0.2851,5174.0,0.285,4.0,0.2847,468.0,0.2849,1975.0
1753592693013,05:04:53.013,blofin,1INCH/USDT:USDT,0.2851,5174.0,0.285,4.0,0.2847,468.0,0.2849,1533.0
1753592693782,05:04:53.782,blofin,1INCH/USDT:USDT,0.2851,5174.0,0.285,4.0,0.2847,468.0,0.2849,1549.0
1753592694012,05:04:54.012,blofin,1INCH/USDT:USDT,0.2851,5174.0,0.285,4.0,0.2847,468.0,0.2849,1551.0
1753592695016,05:04:55.016,blofin,1INCH/USDT:USDT,0.2851,5174.0,0.285,4.0,0.2847,468.0,0.2849,1741.0
1753592695515,05:04:55.515,blofin,1INCH/USDT:USDT,0.2851,5174.0,0.285,4.0,0.2847,468.0,0.2849,1745.0
1753592798863,05:06:38.863,blofin,1INCH/USDT:USDT,0.2851,5174.0,0.285,4.0,0.2847,468.0,0.2849,1745.0
1753592799670,05:06:39.670,blofin,1INCH/USDT:USDT,0.2851,5174.0,0.285,4.0,0.2847,468.0,0.2849,1745.0
1753592800173,05:06:40.173,blofin,1INCH/USDT:USDT,0.2851,5174.0,0.285,4.0,0.2847,468.0,0.2849,1745.0
1753592800864,05:06:40.864,blofin,1INCH/USDT:USDT,0.2851,5174.0,0.285,4.0,0.2847,468.0,0.2849,1745.0
1753592801181,05:06:41.181,blofin,1INCH/USDT:USDT,0.2851,5174.0,0.285,4.0,0.2847,468.0,0.2849,1745.0
1753592802674,05:06:42.674,blofin,1INCH/USDT:USDT,0.2851,5174.0,0.285,4.0,0.2847,468.0,0.2849,1745.0
1753592803174,05:06:43.174,blofin,1INCH/USDT:USDT,0.2851,5174.0,0.285,4.0,0.2847,468.0,0.2849,1745.0
1753592803865,05:06:43.865,blofin,1INCH/USDT:USDT,0.2851,5174.0,0.285,4.0,0.2847,468.0,0.2849,1745.0
1753592804678,05:06:44.678,blofin,1INCH/USDT:USDT,0.2851,5174.0,0.285,4.0,0.2847,468.0,0.2849,1745.0
1753592805178,05:06:45.178,blofin,1INCH/USDT:USDT,0.2851,5174.0,0.285,4.0,0.2847,468.0,0.2849,1745.0
1753592805867,05:06:45.867,blofin,1INCH/USDT:USDT,0.2851,5174.0,0.285,4.0,0.2847,468.0,0.2849,1745.0
1753592806180,05:06:46.180,blofin,1INCH/USDT:USDT,0.2851,5174.0,0.285,4.0,0.2847,468.0,0.2849,1745.0
1753592807182,05:06:47.182,blofin,1INCH/USDT:USDT,0.2851,5174.0,0.285,4.0,0.2847,468.0,0.2849,1745.0
1753592807683,05:06:47.683,blofin,1INCH/USDT:USDT,0.2851,5174.0,0.285,4.0,0.2847,468.0,0.2849,1745.0
1753592808183,05:06:48.183,blofin,1INCH/USDT:USDT,0.2851,5174.0,0.285,4.0,0.2847,468.0,0.2849,1745.0
1753592808876,05:06:48.876,blofin,1INCH/USDT:USDT,0.2851,5174.0,0.285,4.0,0.2847,468.0,0.2849,1745.0
1753592809184,05:06:49.184,blofin,1INCH/USDT:USDT,0.2851,5174.0,0.285,4.0,0.2847,468.0,0.2849,1745.0
1753592810186,05:06:50.186,blofin,1INCH/USDT:USDT,0.2851,5174.0,0.285,4.0,0.2847,468.0,0.2849,1745.0
1753592810686,05:06:50.686,blofin,1INCH/USDT:USDT,0.2851,5174.0,0.285,4.0,0.2847,468.0,0.2849,1745.0
1753592811186,05:06:51.186,blofin,1INCH/USDT:USDT,0.2851,5174.0,0.285,4.0,0.2847,468.0,0.2849,1745.0
1753592811871,05:06:51.871,blofin,1INCH/USDT:USDT,0.2851,5174.0,0.285,4.0,0.2847,468.0,0.2849,1745.0
1753592812190,05:06:52.190,blofin,1INCH/USDT:USDT,0.2851,5174.0,0.285,4.0,0.2847,468.0,0.2849,1745.0
1753592939390,05:08:59.390,blofin,1INCH/USDT:USDT,0.2851,5174.0,0.285,4.0,0.2847,468.0,0.2849,1745.0
1753592939963,05:08:59.963,blofin,1INCH/USDT:USDT,0.2851,5174.0,0.285,343.0,0.2847,468.0,0.2849,1745.0
1753592940543,05:09:00.543,blofin,1INCH/USDT:USDT,0.285,1.0,0.2849,354.0,0.2847,468.0,0.2849,1745.0
1753592941392,05:09:01.392,blofin,1INCH/USDT:USDT,0.2849,432.0,0.2846,19513.0,0.2847,468.0,0.2849,1745.0
1753592941961,05:09:01.961,blofin,1INCH/USDT:USDT,0.2849,544.0,0.2848,26409.0,0.2847,468.0,0.2849,1745.0
1753592942392,05:09:02.392,blofin,1INCH/USDT:USDT,0.2849,544.0,0.2848,26409.0,0.2847,468.0,0.2849,1745.0
1753592942962,05:09:02.962,blofin,1INCH/USDT:USDT,0.2849,544.0,0.2847,38222.0,0.2847,468.0,0.2849,1745.0
1753592943393,05:09:03.393,blofin,1INCH/USDT:USDT,0.2849,544.0,0.2847,38222.0,0.2847,468.0,0.2849,1745.0
1753592944396,05:09:04.396,blofin,1INCH/USDT:USDT,0.2849,537.0,0.2846,3070.0,0.2847,468.0,0.2849,1745.0
1753592944964,05:09:04.964,blofin,1INCH/USDT:USDT,0.2849,535.0,0.2845,43466.0,0.2847,468.0,0.2849,1745.0
1753592945963,05:09:05.963,blofin,1INCH/USDT:USDT,0.2849,551.0,0.2848,21366.0,0.2847,468.0,0.2849,1745.0
1753592946399,05:09:06.399,blofin,1INCH/USDT:USDT,0.2849,551.0,0.2848,21366.0,0.2847,468.0,0.2849,1745.0
1753592946966,05:09:06.966,blofin,1INCH/USDT:USDT,0.2849,565.0,0.2845,35383.0,0.2847,468.0,0.2849,1745.0
1753592947400,05:09:07.400,blofin,1INCH/USDT:USDT,0.2849,569.0,0.2845,35383.0,0.2847,468.0,0.2849,1745.0
1753592948402,05:09:08.402,blofin,1INCH/USDT:USDT,0.2849,580.0,0.2845,37648.0,0.2847,468.0,0.2849,1745.0
1753592948967,05:09:08.967,blofin,1INCH/USDT:USDT,0.2849,580.0,0.2845,1187.0,0.2847,468.0,0.2849,1745.0
1753593038537,05:10:38.537,blofin,1INCH/USDT:USDT,0.2849,580.0,0.2846,78429.0,0.2847,468.0,0.2849,1745.0
1753593039023,05:10:39.023,blofin,1INCH/USDT:USDT,0.2849,1966.0,0.2846,24350.0,0.2847,468.0,0.2849,1745.0
1753593039537,05:10:39.537,blofin,1INCH/USDT:USDT,0.2849,1968.0,0.2846,24350.0,0.2847,468.0,0.2849,1745.0
1753593040037,05:10:40.037,blofin,1INCH/USDT:USDT,0.2849,1969.0,0.2846,24350.0,0.2847,468.0,0.2849,1745.0
1753593041025,05:10:41.025,blofin,1INCH/USDT:USDT,0.2849,463.0,0.2845,4916.0,0.2847,468.0,0.2849,1745.0
1753593041540,05:10:41.540,blofin,1INCH/USDT:USDT,0.2849,461.0,0.2845,4916.0,0.2847,468.0,0.2849,1745.0
1753593042027,05:10:42.027,blofin,1INCH/USDT:USDT,0.2849,284.0,0.2845,33932.0,0.2847,468.0,0.2849,1745.0
1753593042541,05:10:42.541,blofin,1INCH/USDT:USDT,0.2849,284.0,0.2845,33932.0,0.2847,468.0,0.2849,1745.0
1753593043027,05:10:43.027,blofin,1INCH/USDT:USDT,0.2849,284.0,0.2848,65662.0,0.2847,468.0,0.2849,1745.0
1753593043542,05:10:43.542,blofin,1INCH/USDT:USDT,0.2849,284.0,0.2848,65662.0,0.2847,468.0,0.2849,1745.0
1753593044544,05:10:44.544,blofin,1INCH/USDT:USDT,0.2849,1033.0,0.2846,85839.0,0.2847,468.0,0.2849,1745.0
1753593045028,05:10:45.028,blofin,1INCH/USDT:USDT,0.2849,1034.0,0.2846,85839.0,0.2847,468.0,0.2849,1745.0
1753593045546,05:10:45.546,blofin,1INCH/USDT:USDT,0.2849,677.0,0.2844,30458.0,0.2847,468.0,0.2849,1745.0
1753593046546,05:10:46.546,blofin,1INCH/USDT:USDT,0.2849,273.0,0.2847,74217.0,0.2847,468.0,0.2849,1745.0
1753593047036,05:10:47.036,blofin,1INCH/USDT:USDT,0.2849,1237.0,0.2847,35190.0,0.2847,468.0,0.2849,1745.0
1753593132668,05:12:12.668,blofin,1INCH/USDT:USDT,0.2849,1237.0,0.2847,35190.0,0.2847,468.0,0.2849,1745.0
1753593133667,05:12:13.667,blofin,1INCH/USDT:USDT,0.285,34113.0,0.2849,1237.0,0.2847,468.0,0.2849,1745.0
1753593134169,05:12:14.169,blofin,1INCH/USDT:USDT,0.2849,60784.0,0.2847,39712.0,0.2847,468.0,0.2849,1745.0
1753593134668,05:12:14.668,blofin,1INCH/USDT:USDT,0.2849,60784.0,0.2847,39712.0,0.2847,468.0,0.2849,1745.0
1753593135170,05:12:15.170,blofin,1INCH/USDT:USDT,0.2852,37110.0,0.285,92288.0,0.2847,468.0,0.2849,1745.0
1753593136670,05:12:16.670,blofin,1INCH/USDT:USDT,0.2852,37896.0,0.2848,75780.0,0.2847,468.0,0.2849,1745.0
1753593137170,05:12:17.170,blofin,1INCH/USDT:USDT,0.2852,37105.0,0.285,71863.0,0.2847,468.0,0.2849,1745.0
1753593137673,05:12:17.673,blofin,1INCH/USDT:USDT,0.2852,37107.0,0.285,71863.0,0.2847,468.0,0.2849,1745.0
1753593138171,05:12:18.171,blofin,1INCH/USDT:USDT,0.2852,37893.0,0.2851,81725.0,0.2847,468.0,0.2849,1745.0
1753593138673,05:12:18.673,blofin,1INCH/USDT:USDT,0.2852,37892.0,0.2851,81725.0,0.2847,468.0,0.2849,1745.0
1753593139172,05:12:19.172,blofin,1INCH/USDT:USDT,0.2852,37320.0,0.2848,38005.0,0.2847,468.0,0.2849,1745.0
1753593140098,05:12:20.098,blofin,1INCH/USDT:USDT,0.2852,37319.0,0.2848,38005.0,0.2847,468.0,0.2849,1745.0
1753593140678,05:12:20.678,blofin,1INCH/USDT:USDT,0.2852,37890.0,0.285,4861.0,0.2847,468.0,0.2849,1745.0
1753593141177,05:12:21.177,blofin,1INCH/USDT:USDT,0.2852,37103.0,0.2849,92608.0,0.2847,468.0,0.2849,1745.0
1753593141678,05:12:21.678,blofin,1INCH/USDT:USDT,0.2852,37104.0,0.2849,92608.0,0.2847,468.0,0.2849,1745.0
1753593229169,05:13:49.169,blofin,1INCH/USDT:USDT,0.2852,37104.0,0.2851,300.0,0.2847,468.0,0.2849,1745.0
1753593230317,05:13:50.317,blofin,1INCH/USDT:USDT,0.2852,37104.0,0.2851,1266.0,0.2847,468.0,0.2849,1745.0
1753593230817,05:13:50.817,blofin,1INCH/USDT:USDT,0.2852,37104.0,0.2851,1266.0,0.2847,468.0,0.2849,1745.0
1753593231318,05:13:51.318,blofin,1INCH/USDT:USDT,0.2852,37104.0,0.2851,479.0,0.2847,468.0,0.2849,1745.0
1753593232167,05:13:52.167,blofin,1INCH/USDT:USDT,0.2852,37104.0,0.2851,300.0,0.2847,468.0,0.2849,1745.0
1753593232321,05:13:52.321,blofin,1INCH/USDT:USDT,0.2852,37104.0,0.2851,297.0,0.2847,468.0,0.2849,1745.0
1753593233320,05:13:53.320,blofin,1INCH/USDT:USDT,0.2852,37104.0,0.2851,297.0,0.2847,468.0,0.2849,1745.0
1753593233821,05:13:53.821,blofin,1INCH/USDT:USDT,0.2852,37104.0,0.2851,299.0,0.2847,468.0,0.2849,1745.0
1753593234322,05:13:54.322,blofin,1INCH/USDT:USDT,0.2852,37104.0,0.2851,299.0,0.2847,468.0,0.2849,1745.0
1753593235171,05:13:55.171,blofin,1INCH/USDT:USDT,0.2852,37104.0,0.2851,299.0,0.2847,468.0,0.2849,1745.0
1753593235326,05:13:55.326,blofin,1INCH/USDT:USDT,0.2852,37104.0,0.2851,1266.0,0.2847,468.0,0.2849,1745.0
1753593236326,05:13:56.326,blofin,1INCH/USDT:USDT,0.2852,37104.0,0.2851,482.0,0.2847,468.0,0.2849,1745.0
1753593236828,05:13:56.828,blofin,1INCH/USDT:USDT,0.2852,37104.0,0.2851,482.0,0.2847,468.0,0.2849,1745.0
1753593237329,05:13:57.329,blofin,1INCH/USDT:USDT,0.2852,37104.0,0.2851,697.0,0.2847,468.0,0.2849,1745.0
1753593238331,05:13:58.331,blofin,1INCH/USDT:USDT,0.2852,37104.0,0.2851,697.0,0.2847,468.0,0.2849,1745.0
1753593239174,05:13:59.174,blofin,1INCH/USDT:USDT,0.2852,37104.0,0.2851,696.0,0.2847,468.0,0.2849,1745.0
1753593239332,05:13:59.332,blofin,1INCH/USDT:USDT,0.2852,37104.0,0.2851,696.0,0.2847,468.0,0.2849,1745.0
1753593240333,05:14:00.333,blofin,1INCH/USDT:USDT,0.2852,37104.0,0.2851,481.0,0.2847,468.0,0.2849,1745.0
1753593240833,05:14:00.833,blofin,1INCH/USDT:USDT,0.2852,37104.0,0.2851,480.0,0.2847,468.0,0.2849,1745.0
1753593241335,05:14:01.335,blofin,1INCH/USDT:USDT,0.2852,37104.0,0.2851,287.0,0.2847,468.0,0.2849,1745.0
1753593352501,05:15:52.501,blofin,1INCH/USDT:USDT,0.2852,37104.0,0.2851,287.0,0.2847,468.0,0.2849,1745.0
1753593353259,05:15:53.259,blofin,1INCH/USDT:USDT,0.2852,37104.0,0.2851,287.0,0.2847,468.0,0.2849,1745.0
1753593353501,05:15:53.501,blofin,1INCH/USDT:USDT,0.2852,37104.0,0.2851,287.0,0.2847,468.0,0.2849,1745.0
1753593354501,05:15:54.501,blofin,1INCH/USDT:USDT,0.2852,37104.0,0.2851,287.0,0.2847,468.0,0.2849,1745.0
1753593355261,05:15:55.261,blofin,1INCH/USDT:USDT,0.2852,37104.0,0.2851,287.0,0.2847,468.0,0.2849,1745.0
1753593355505,05:15:55.505,blofin,1INCH/USDT:USDT,0.2852,37104.0,0.2851,287.0,0.2847,468.0,0.2849,1745.0
1753593356507,05:15:56.507,blofin,1INCH/USDT:USDT,0.2852,37104.0,0.2851,287.0,0.2847,468.0,0.2849,1745.0
1753593357006,05:15:57.006,blofin,1INCH/USDT:USDT,0.2852,37104.0,0.2851,287.0,0.2847,468.0,0.2849,1745.0
1753593357507,05:15:57.507,blofin,1INCH/USDT:USDT,0.2852,37104.0,0.2851,287.0,0.2847,468.0,0.2849,1745.0
1753593358509,05:15:58.509,blofin,1INCH/USDT:USDT,0.2852,37104.0,0.2851,287.0,0.2847,468.0,0.2849,1745.0
1753593359013,05:15:59.013,blofin,1INCH/USDT:USDT,0.2852,37104.0,0.2851,287.0,0.2847,468.0,0.2849,1745.0
1753593359510,05:15:59.510,blofin,1INCH/USDT:USDT,0.2852,37104.0,0.2851,287.0,0.2847,468.0,0.2849,1745.0
1753593360264,05:16:00.264,blofin,1INCH/USDT:USDT,0.2852,37104.0,0.2851,287.0,0.2847,468.0,0.2849,1745.0
1753593360512,05:16:00.512,blofin,1INCH/USDT:USDT,0.2852,37104.0,0.2851,287.0,0.2847,468.0,0.2849,1745.0
1753593361516,05:16:01.516,blofin,1INCH/USDT:USDT,0.2852,37104.0,0.2851,287.0,0.2847,468.0,0.2849,1745.0
1753593362016,05:16:02.016,blofin,1INCH/USDT:USDT,0.2852,37104.0,0.2851,287.0,0.2847,468.0,0.2849,1745.0
1753593362519,05:16:02.519,blofin,1INCH/USDT:USDT,0.2852,37104.0,0.2851,287.0,0.2847,468.0,0.2849,1745.0
1753593364020,05:16:04.020,blofin,1INCH/USDT:USDT,0.2852,37104.0,0.2851,287.0,0.2847,468.0,0.2849,1745.0
1753593364520,05:16:04.520,blofin,1INCH/USDT:USDT,0.2852,37104.0,0.2851,287.0,0.2847,468.0,0.2849,1745.0
1753593459334,05:17:39.334,blofin,1INCH/USDT:USDT,0.2852,37104.0,0.2851,287.0,0.2847,468.0,0.2849,1745.0
1753593460020,05:17:40.020,blofin,1INCH/USDT:USDT,0.2852,37104.0,0.2851,287.0,0.2847,468.0,0.2849,1745.0
1753593460723,05:17:40.723,blofin,1INCH/USDT:USDT,0.2852,37104.0,0.2851,287.0,0.2847,468.0,0.2849,1745.0
1753593461334,05:17:41.334,blofin,1INCH/USDT:USDT,0.2852,37104.0,0.2851,287.0,0.2847,468.0,0.2849,1745.0
1753593461663,05:17:41.663,blofin,1INCH/USDT:USDT,0.2852,37104.0,0.2851,287.0,0.2847,468.0,0.2849,1745.0
1753593462664,05:17:42.664,blofin,1INCH/USDT:USDT,0.2852,37104.0,0.2851,287.0,0.2847,468.0,0.2849,1745.0
1753593463166,05:17:43.166,blofin,1INCH/USDT:USDT,0.2852,37104.0,0.2851,287.0,0.2847,468.0,0.2849,1745.0
1753593464335,05:17:44.335,blofin,1INCH/USDT:USDT,0.2852,37104.0,0.2851,287.0,0.2847,468.0,0.2849,1745.0
1753593465168,05:17:45.168,blofin,1INCH/USDT:USDT,0.2852,37104.0,0.2851,287.0,0.2847,468.0,0.2849,1745.0
1753593465668,05:17:45.668,blofin,1INCH/USDT:USDT,0.2852,37104.0,0.2851,287.0,0.2847,468.0,0.2849,1745.0
1753593466337,05:17:46.337,blofin,1INCH/USDT:USDT,0.2852,37104.0,0.2851,287.0,0.2847,468.0,0.2849,1745.0
1753593466669,05:17:46.669,blofin,1INCH/USDT:USDT,0.2852,37104.0,0.2851,287.0,0.2847,468.0,0.2849,1745.0
1753593467338,05:17:47.338,blofin,1INCH/USDT:USDT,0.2852,37104.0,0.2851,287.0,0.2847,468.0,0.2849,1745.0
1753593468177,05:17:48.177,blofin,1INCH/USDT:USDT,0.2852,37104.0,0.2851,287.0,0.2847,468.0,0.2849,1745.0
1753593544788,05:19:04.788,blofin,1INCH/USDT:USDT,0.2852,37104.0,0.2851,3989.0,0.2847,468.0,0.2849,1745.0
1753593545289,05:19:05.289,blofin,1INCH/USDT:USDT,0.2852,37104.0,0.2851,3989.0,0.2847,468.0,0.2849,1745.0
1753593545795,05:19:05.795,blofin,1INCH/USDT:USDT,0.2852,37104.0,0.2851,3764.0,0.2847,468.0,0.2849,1745.0
1753593546396,05:19:06.396,blofin,1INCH/USDT:USDT,0.2852,37104.0,0.2851,3999.0,0.2847,468.0,0.2849,1745.0
1753593546790,05:19:06.790,blofin,1INCH/USDT:USDT,0.2852,37104.0,0.2851,3999.0,0.2847,468.0,0.2849,1745.0
1753593547792,05:19:07.792,blofin,1INCH/USDT:USDT,0.2852,37104.0,0.2851,4695.0,0.2847,468.0,0.2849,1745.0
1753593548397,05:19:08.397,blofin,1INCH/USDT:USDT,0.2852,37104.0,0.2851,4695.0,0.2847,468.0,0.2849,1745.0
1753593548792,05:19:08.792,blofin,1INCH/USDT:USDT,0.2852,37104.0,0.2851,4694.0,0.2847,468.0,0.2849,1745.0
1753593549794,05:19:09.794,blofin,1INCH/USDT:USDT,0.2852,37104.0,0.2851,4696.0,0.2847,468.0,0.2849,1745.0
1753593550412,05:19:10.412,blofin,1INCH/USDT:USDT,0.2852,4694.0,0.2851,4.0,0.2847,468.0,0.2849,1745.0
1753593552398,05:19:12.398,blofin,1INCH/USDT:USDT,0.2852,2774.0,0.2851,39727.0,0.2847,468.0,0.2849,1745.0
1753593552801,05:19:12.801,blofin,1INCH/USDT:USDT,0.2852,2776.0,0.2851,39727.0,0.2847,468.0,0.2849,1745.0
1753593553803,05:19:13.803,blofin,1INCH/USDT:USDT,0.2853,2767.0,0.2852,6.0,0.2847,468.0,0.2849,1745.0
1753593633925,05:20:33.925,blofin,1INCH/USDT:USDT,0.2853,2767.0,0.2852,562.0,0.2847,468.0,0.2849,1745.0
1753593634425,05:20:34.425,blofin,1INCH/USDT:USDT,0.2853,2767.0,0.2852,562.0,0.2847,468.0,0.2849,1745.0
1753593634926,05:20:34.926,blofin,1INCH/USDT:USDT,0.2853,2767.0,0.2852,865.0,0.2847,468.0,0.2849,1745.0
1753593635927,05:20:35.927,blofin,1INCH/USDT:USDT,0.2853,2767.0,0.2852,864.0,0.2847,468.0,0.2849,1745.0
1753593636430,05:20:36.430,blofin,1INCH/USDT:USDT,0.2853,2767.0,0.2852,863.0,0.2847,468.0,0.2849,1745.0
1753593636928,05:20:36.928,blofin,1INCH/USDT:USDT,0.2853,2767.0,0.2852,863.0,0.2847,468.0,0.2849,1745.0
1753593637929,05:20:37.929,blofin,1INCH/USDT:USDT,0.2853,2767.0,0.2852,864.0,0.2847,468.0,0.2849,1745.0
1753593638929,05:20:38.929,blofin,1INCH/USDT:USDT,0.2853,2767.0,0.2852,861.0,0.2847,468.0,0.2849,1745.0
1753593639430,05:20:39.430,blofin,1INCH/USDT:USDT,0.2853,2767.0,0.2852,861.0,0.2847,468.0,0.2849,1745.0
1753593639931,05:20:39.931,blofin,1INCH/USDT:USDT,0.2853,2767.0,0.2852,558.0,0.2847,468.0,0.2849,1745.0
1753593640485,05:20:40.485,blofin,1INCH/USDT:USDT,0.2852,566.0,0.2847,63352.0,0.2847,468.0,0.2849,1745.0
1753593640933,05:20:40.933,blofin,1INCH/USDT:USDT,0.2852,866.0,0.2851,46239.0,0.2847,468.0,0.2849,1745.0
1753593641935,05:20:41.935,blofin,1INCH/USDT:USDT,0.2852,866.0,0.285,24998.0,0.2847,468.0,0.2849,1745.0
1753593643936,05:20:43.936,blofin,1INCH/USDT:USDT,0.2852,863.0,0.2848,96177.0,0.2847,468.0,0.2849,1745.0
1753593644439,05:20:44.439,blofin,1INCH/USDT:USDT,0.2852,864.0,0.2848,96177.0,0.2847,468.0,0.2849,1745.0
1753593644937,05:20:44.937,blofin,1INCH/USDT:USDT,0.2852,864.0,0.2847,116488.0,0.2847,468.0,0.2849,1745.0
1753593645438,05:20:45.438,blofin,1INCH/USDT:USDT,0.2852,864.0,0.2847,116488.0,0.2847,468.0,0.2849,1745.0
1753593737540,05:22:17.540,blofin,1INCH/USDT:USDT,0.2853,661.0,0.2852,84545.0,0.2847,468.0,0.2849,1745.0
1753593738540,05:22:18.540,blofin,1INCH/USDT:USDT,0.2853,658.0,0.2849,102248.0,0.2847,468.0,0.2849,1745.0
1753593739082,05:22:19.082,blofin,1INCH/USDT:USDT,0.2853,658.0,0.2849,102248.0,0.2847,468.0,0.2849,1745.0
1753593739540,05:22:19.540,blofin,1INCH/USDT:USDT,0.2853,1244.0,0.2852,35831.0,0.2847,468.0,0.2849,1745.0
1753593740086,05:22:20.086,blofin,1INCH/USDT:USDT,0.2853,1248.0,0.2852,35831.0,0.2847,468.0,0.2849,1745.0
1753593740540,05:22:20.540,blofin,1INCH/USDT:USDT,0.2853,1244.0,0.2852,35831.0,0.2847,468.0,0.2849,1745.0
1753593741085,05:22:21.085,blofin,1INCH/USDT:USDT,0.2853,1464.0,0.285,35284.0,0.2847,468.0,0.2849,1745.0
1753593742087,05:22:22.087,blofin,1INCH/USDT:USDT,0.2853,1242.0,0.285,53387.0,0.2847,468.0,0.2849,1745.0
1753593742541,05:22:22.541,blofin,1INCH/USDT:USDT,0.2853,1249.0,0.285,12981.0,0.2847,468.0,0.2849,1745.0
1753593743093,05:22:23.093,blofin,1INCH/USDT:USDT,0.2853,1249.0,0.285,12981.0,0.2847,468.0,0.2849,1745.0
1753593744544,05:22:24.544,blofin,1INCH/USDT:USDT,0.2853,650.0,0.2851,13938.0,0.2847,468.0,0.2849,1745.0
1753593745091,05:22:25.091,blofin,1INCH/USDT:USDT,0.2853,652.0,0.2851,13938.0,0.2847,468.0,0.2849,1745.0
1753593745545,05:22:25.545,blofin,1INCH/USDT:USDT,0.2853,650.0,0.2851,13938.0,0.2847,468.0,0.2849,1745.0
1753593816200,05:23:36.200,blofin,1INCH/USDT:USDT,0.2856,1932.0,0.2853,650.0,0.2847,468.0,0.2849,1745.0
1753593816701,05:23:36.701,blofin,1INCH/USDT:USDT,0.2856,1933.0,0.2853,650.0,0.2847,468.0,0.2849,1745.0
1753593817598,05:23:37.598,blofin,1INCH/USDT:USDT,0.2856,3151.0,0.2853,650.0,0.2847,468.0,0.2849,1745.0
1753593818205,05:23:38.205,blofin,1INCH/USDT:USDT,0.2856,3151.0,0.2853,650.0,0.2847,468.0,0.2849,1745.0
1753593818706,05:23:38.706,blofin,1INCH/USDT:USDT,0.2856,3152.0,0.2853,650.0,0.2847,468.0,0.2849,1745.0
1753593819206,05:23:39.206,blofin,1INCH/USDT:USDT,0.2856,3153.0,0.2853,650.0,0.2847,468.0,0.2849,1745.0
1753593819706,05:23:39.706,blofin,1INCH/USDT:USDT,0.2856,2153.0,0.2855,75991.0,0.2847,468.0,0.2849,1745.0
1753593820715,05:23:40.715,blofin,1INCH/USDT:USDT,0.2859,1293.0,0.2856,59445.0,0.2847,468.0,0.2849,1745.0
1753593821216,05:23:41.216,blofin,1INCH/USDT:USDT,0.2859,4.0,0.2856,2.0,0.2847,468.0,0.2849,1745.0
1753593822216,05:23:42.216,blofin,1INCH/USDT:USDT,0.2859,1166.0,0.2856,10535.0,0.2847,468.0,0.2849,1745.0
1753593822714,05:23:42.714,blofin,1INCH/USDT:USDT,0.2859,1170.0,0.2856,2.0,0.2847,468.0,0.2849,1745.0
1753593823617,05:23:43.617,blofin,1INCH/USDT:USDT,0.2859,868.0,0.2856,24106.0,0.2847,468.0,0.2849,1745.0
1753593824723,05:23:44.723,blofin,1INCH/USDT:USDT,0.2859,3314.0,0.2856,2.0,0.2847,468.0,0.2849,1745.0
1753593825607,05:23:45.607,blofin,1INCH/USDT:USDT,0.2859,3313.0,0.2856,2.0,0.2847,468.0,0.2849,1745.0
1753593826220,05:23:46.220,blofin,1INCH/USDT:USDT,0.2859,3316.0,0.2856,2.0,0.2847,468.0,0.2849,1745.0
1753593826721,05:23:46.721,blofin,1INCH/USDT:USDT,0.2859,3316.0,0.2856,15800.0,0.2847,468.0,0.2849,1745.0
1753593827220,05:23:47.220,blofin,1INCH/USDT:USDT,0.2859,3315.0,0.2856,15800.0,0.2847,468.0,0.2849,1745.0
1753593919846,05:25:19.846,blofin,1INCH/USDT:USDT,0.2862,712.0,0.2858,46875.0,0.2847,468.0,0.2849,1745.0
1753593920674,05:25:20.674,blofin,1INCH/USDT:USDT,0.2862,710.0,0.2858,46875.0,0.2847,468.0,0.2849,1745.0
1753593920845,05:25:20.845,blofin,1INCH/USDT:USDT,0.2862,1268.0,0.286,56511.0,0.2847,468.0,0.2849,1745.0
1753593921380,05:25:21.380,blofin,1INCH/USDT:USDT,0.2862,1268.0,0.286,56511.0,0.2847,468.0,0.2849,1745.0
1753593922047,05:25:22.047,blofin,1INCH/USDT:USDT,0.2863,5006.0,0.2862,6.0,0.2847,468.0,0.2849,1745.0
1753593922675,05:25:22.675,blofin,1INCH/USDT:USDT,0.2863,1609.0,0.2862,6.0,0.2847,468.0,0.2849,1745.0
1753593923351,05:25:23.351,blofin,1INCH/USDT:USDT,0.2863,1609.0,0.2862,6.0,0.2847,468.0,0.2849,1745.0
1753593923852,05:25:23.852,blofin,1INCH/USDT:USDT,0.2863,2429.0,0.2862,48531.0,0.2847,468.0,0.2849,1745.0
1753593924680,05:25:24.680,blofin,1INCH/USDT:USDT,0.2863,2679.0,0.2862,6.0,0.2847,468.0,0.2849,1745.0
1753593924853,05:25:24.853,blofin,1INCH/USDT:USDT,0.2863,2679.0,0.2862,6.0,0.2847,468.0,0.2849,1745.0
1753593925853,05:25:25.853,blofin,1INCH/USDT:USDT,0.2863,3386.0,0.2862,5.0,0.2847,468.0,0.2849,1745.0
1753593926354,05:25:26.354,blofin,1INCH/USDT:USDT,0.2863,3386.0,0.2862,5.0,0.2847,468.0,0.2849,1745.0
1753593926854,05:25:26.854,blofin,1INCH/USDT:USDT,0.2863,3387.0,0.2862,5.0,0.2847,468.0,0.2849,1745.0
1753593927853,05:25:27.853,blofin,1INCH/USDT:USDT,0.2864,4114.0,0.2863,3.0,0.2847,468.0,0.2849,1745.0
1753593928357,05:25:28.357,blofin,1INCH/USDT:USDT,0.2864,4118.0,0.2862,16108.0,0.2847,468.0,0.2849,1745.0
1753593928859,05:25:28.859,blofin,1INCH/USDT:USDT,0.2864,3606.0,0.2862,5.0,0.2847,468.0,0.2849,1745.0
1753594001471,05:26:41.471,blofin,1INCH/USDT:USDT,0.2866,1136.0,0.2862,5.0,0.2847,468.0,0.2849,1745.0
1753594001974,05:26:41.974,blofin,1INCH/USDT:USDT,0.2866,1124.0,0.2863,43408.0,0.2847,468.0,0.2849,1745.0
1753594002473,05:26:42.473,blofin,1INCH/USDT:USDT,0.2866,1126.0,0.2863,43408.0,0.2847,468.0,0.2849,1745.0
1753594002972,05:26:42.972,blofin,1INCH/USDT:USDT,0.2866,1555.0,0.2863,32480.0,0.2847,468.0,0.2849,1745.0
1753594003738,05:26:43.738,blofin,1INCH/USDT:USDT,0.2866,2220.0,0.2862,82283.0,0.2847,468.0,0.2849,1745.0
1753594003976,05:26:43.976,blofin,1INCH/USDT:USDT,0.2866,2220.0,0.2862,82283.0,0.2847,468.0,0.2849,1745.0
1753594004977,05:26:44.977,blofin,1INCH/USDT:USDT,0.2866,1309.0,0.2861,9050.0,0.2847,468.0,0.2849,1745.0
1753594005478,05:26:45.478,blofin,1INCH/USDT:USDT,0.2866,1309.0,0.2861,9050.0,0.2847,468.0,0.2849,1745.0
1753594005978,05:26:45.978,blofin,1INCH/USDT:USDT,0.2866,2720.0,0.2864,36784.0,0.2847,468.0,0.2849,1745.0
1753594006741,05:26:46.741,blofin,1INCH/USDT:USDT,0.2866,1465.0,0.2863,40735.0,0.2847,468.0,0.2849,1745.0
1753594006979,05:26:46.979,blofin,1INCH/USDT:USDT,0.2867,1459.0,0.2866,6.0,0.2847,468.0,0.2849,1745.0
1753594007985,05:26:47.985,blofin,1INCH/USDT:USDT,0.2867,1982.0,0.2866,4.0,0.2847,468.0,0.2849,1745.0
1753594008741,05:26:48.741,blofin,1INCH/USDT:USDT,0.2867,2696.0,0.2866,4.0,0.2847,468.0,0.2849,1745.0
1753594008984,05:26:48.984,blofin,1INCH/USDT:USDT,0.2867,2695.0,0.2866,4.0,0.2847,468.0,0.2849,1745.0
1753594009987,05:26:49.987,blofin,1INCH/USDT:USDT,0.2867,1531.0,0.2866,4.0,0.2847,468.0,0.2849,1745.0
1753594010486,05:26:50.486,blofin,1INCH/USDT:USDT,0.2867,1531.0,0.2866,4.0,0.2847,468.0,0.2849,1745.0
1753594010991,05:26:50.991,blofin,1INCH/USDT:USDT,0.2867,1532.0,0.2866,4.0,0.2847,468.0,0.2849,1745.0
1753594011743,05:26:51.743,blofin,1INCH/USDT:USDT,0.2867,1994.0,0.2866,4.0,0.2847,468.0,0.2849,1745.0
1753594011987,05:26:51.987,blofin,1INCH/USDT:USDT,0.2867,1994.0,0.2866,4.0,0.2847,468.0,0.2849,1745.0
1753594012744,05:26:52.744,blofin,1INCH/USDT:USDT,0.2867,2447.0,0.2866,4.0,0.2847,468.0,0.2849,1745.0
1753594013489,05:26:53.489,blofin,1INCH/USDT:USDT,0.2867,2447.0,0.2866,4.0,0.2847,468.0,0.2849,1745.0
1753594115148,05:28:35.148,blofin,1INCH/USDT:USDT,0.2867,2447.0,0.2866,4.0,0.2847,468.0,0.2849,1745.0
1753594116147,05:28:36.147,blofin,1INCH/USDT:USDT,0.2867,2447.0,0.2866,1388.0,0.2847,468.0,0.2849,1745.0
1753594116646,05:28:36.646,blofin,1INCH/USDT:USDT,0.2867,2447.0,0.2866,1388.0,0.2847,468.0,0.2849,1745.0
1753594117148,05:28:37.148,blofin,1INCH/USDT:USDT,0.2867,2447.0,0.2866,1392.0,0.2847,468.0,0.2849,1745.0
1753594117825,05:28:37.825,blofin,1INCH/USDT:USDT,0.2867,2447.0,0.2866,2397.0,0.2847,468.0,0.2849,1745.0
1753594118650,05:28:38.650,blofin,1INCH/USDT:USDT,0.2867,2447.0,0.2866,2397.0,0.2847,468.0,0.2849,1745.0
1753594119314,05:28:39.314,blofin,1INCH/USDT:USDT,0.2867,5076.0,0.2866,6.0,0.2847,468.0,0.2849,1745.0
1753594119824,05:28:39.824,blofin,1INCH/USDT:USDT,0.2867,246.0,0.2866,1.0,0.2847,468.0,0.2849,1745.0
1753594120653,05:28:40.653,blofin,1INCH/USDT:USDT,0.2867,246.0,0.2866,1.0,0.2847,468.0,0.2849,1745.0
1753594121154,05:28:41.154,blofin,1INCH/USDT:USDT,0.2867,261.0,0.2864,85825.0,0.2847,468.0,0.2849,1745.0
1753594121825,05:28:41.825,blofin,1INCH/USDT:USDT,0.2867,260.0,0.2862,24800.0,0.2847,468.0,0.2849,1745.0
1753594122155,05:28:42.155,blofin,1INCH/USDT:USDT,0.2867,260.0,0.2862,24800.0,0.2847,468.0,0.2849,1745.0
1753594123157,05:28:43.157,blofin,1INCH/USDT:USDT,0.2867,260.0,0.2864,38705.0,0.2847,468.0,0.2849,1745.0
1753594123827,05:28:43.827,blofin,1INCH/USDT:USDT,0.2867,328.0,0.2862,36780.0,0.2847,468.0,0.2849,1745.0
1753594124158,05:28:44.158,blofin,1INCH/USDT:USDT,0.2867,327.0,0.2862,36780.0,0.2847,468.0,0.2849,1745.0
1753594125160,05:28:45.160,blofin,1INCH/USDT:USDT,0.2867,327.0,0.2862,90242.0,0.2847,468.0,0.2849,1745.0
1753594125830,05:28:45.830,blofin,1INCH/USDT:USDT,0.2867,330.0,0.2862,90242.0,0.2847,468.0,0.2849,1745.0
1753594219897,05:30:19.897,blofin,1INCH/USDT:USDT,0.2867,330.0,0.2866,510.0,0.2847,468.0,0.2849,1745.0
1753594220901,05:30:20.901,blofin,1INCH/USDT:USDT,0.2867,330.0,0.2866,510.0,0.2847,468.0,0.2849,1745.0
1753594221315,05:30:21.315,blofin,1INCH/USDT:USDT,0.2867,330.0,0.2866,230.0,0.2847,468.0,0.2849,1745.0
1753594222317,05:30:22.317,blofin,1INCH/USDT:USDT,0.2867,330.0,0.2866,520.0,0.2847,468.0,0.2849,1745.0
1753594222902,05:30:22.902,blofin,1INCH/USDT:USDT,0.2867,330.0,0.2866,48.0,0.2847,468.0,0.2849,1745.0
1753594223318,05:30:23.318,blofin,1INCH/USDT:USDT,0.2867,330.0,0.2866,48.0,0.2847,468.0,0.2849,1745.0
1753594223902,05:30:23.902,blofin,1INCH/USDT:USDT,0.2867,330.0,0.2866,56.0,0.2847,468.0,0.2849,1745.0
1753594224820,05:30:24.820,blofin,1INCH/USDT:USDT,0.2867,330.0,0.2866,60.0,0.2847,468.0,0.2849,1745.0
1753594225321,05:30:25.321,blofin,1INCH/USDT:USDT,0.2867,330.0,0.2866,348.0,0.2847,468.0,0.2849,1745.0
1753594225903,05:30:25.903,blofin,1INCH/USDT:USDT,0.2867,330.0,0.2866,344.0,0.2847,468.0,0.2849,1745.0
1753594226323,05:30:26.323,blofin,1INCH/USDT:USDT,0.2867,330.0,0.2866,347.0,0.2847,468.0,0.2849,1745.0
1753594227325,05:30:27.325,blofin,1INCH/USDT:USDT,0.2867,330.0,0.2866,337.0,0.2847,468.0,0.2849,1745.0
1753594227903,05:30:27.903,blofin,1INCH/USDT:USDT,0.2867,330.0,0.2866,338.0,0.2847,468.0,0.2849,1745.0
1753594228336,05:30:28.336,blofin,1INCH/USDT:USDT,0.2867,330.0,0.2866,338.0,0.2847,468.0,0.2849,1745.0
1753594312945,05:31:52.945,blofin,1INCH/USDT:USDT,0.2867,330.0,0.2866,338.0,0.2847,468.0,0.2849,1745.0
1753594313443,05:31:53.443,blofin,1INCH/USDT:USDT,0.2867,330.0,0.2866,338.0,0.2847,468.0,0.2849,1745.0
1753594314448,05:31:54.448,blofin,1INCH/USDT:USDT,0.2868,2933.0,0.2867,330.0,0.2847,468.0,0.2849,1745.0
1753594314945,05:31:54.945,blofin,1INCH/USDT:USDT,0.2868,2932.0,0.2867,330.0,0.2847,468.0,0.2849,1745.0
1753594315446,05:31:55.446,blofin,1INCH/USDT:USDT,0.2868,2157.0,0.2867,90623.0,0.2847,468.0,0.2849,1745.0
1753594316448,05:31:56.448,blofin,1INCH/USDT:USDT,0.2868,2353.0,0.2866,43126.0,0.2847,468.0,0.2849,1745.0
1753594316948,05:31:56.948,blofin,1INCH/USDT:USDT,0.2868,2352.0,0.2866,43126.0,0.2847,468.0,0.2849,1745.0
1753594317449,05:31:57.449,blofin,1INCH/USDT:USDT,0.2868,1878.0,0.2867,35607.0,0.2847,468.0,0.2849,1745.0
1753594317950,05:31:57.950,blofin,1INCH/USDT:USDT,0.2868,1877.0,0.2867,35607.0,0.2847,468.0,0.2849,1745.0
1753594318450,05:31:58.450,blofin,1INCH/USDT:USDT,0.2868,1877.0,0.2867,21794.0,0.2847,468.0,0.2849,1745.0
1753594318952,05:31:58.952,blofin,1INCH/USDT:USDT,0.2868,1879.0,0.2867,21794.0,0.2847,468.0,0.2849,1745.0
1753594319452,05:31:59.452,blofin,1INCH/USDT:USDT,0.2868,1879.0,0.2866,31402.0,0.2847,468.0,0.2849,1745.0
1753594320456,05:32:00.456,blofin,1INCH/USDT:USDT,0.2868,1880.0,0.2864,94149.0,0.2847,468.0,0.2849,1745.0
1753594320956,05:32:00.956,blofin,1INCH/USDT:USDT,0.2868,1880.0,0.2864,94149.0,0.2847,468.0,0.2849,1745.0
1753594321459,05:32:01.459,blofin,1INCH/USDT:USDT,0.2868,1873.0,0.2864,92348.0,0.2847,468.0,0.2849,1745.0
1753594401033,05:33:21.033,blofin,1INCH/USDT:USDT,0.2868,1873.0,0.2866,1257.0,0.2847,468.0,0.2849,1745.0
1753594401572,05:33:21.572,blofin,1INCH/USDT:USDT,0.2868,1873.0,0.2866,481.0,0.2847,468.0,0.2849,1745.0
1753594402579,05:33:22.579,blofin,1INCH/USDT:USDT,0.2868,1873.0,0.2866,486.0,0.2847,468.0,0.2849,1745.0
1753594403576,05:33:23.576,blofin,1INCH/USDT:USDT,0.2868,1873.0,0.2866,486.0,0.2847,468.0,0.2849,1745.0
1753594404115,05:33:24.115,blofin,1INCH/USDT:USDT,0.2868,1873.0,0.2867,488.0,0.2847,468.0,0.2849,1745.0
1753594404579,05:33:24.579,blofin,1INCH/USDT:USDT,0.2868,1873.0,0.2867,488.0,0.2847,468.0,0.2849,1745.0
1753594405034,05:33:25.034,blofin,1INCH/USDT:USDT,0.2868,1873.0,0.2867,1278.0,0.2847,468.0,0.2849,1745.0
1753594406036,05:33:26.036,blofin,1INCH/USDT:USDT,0.2868,1873.0,0.2867,1281.0,0.2847,468.0,0.2849,1745.0
1753594406581,05:33:26.581,blofin,1INCH/USDT:USDT,0.2868,1873.0,0.2867,1290.0,0.2847,468.0,0.2849,1745.0
1753594407035,05:33:27.035,blofin,1INCH/USDT:USDT,0.2868,1873.0,0.2867,1249.0,0.2847,468.0,0.2849,1745.0
1753594407581,05:33:27.581,blofin,1INCH/USDT:USDT,0.2868,1873.0,0.2867,1247.0,0.2847,468.0,0.2849,1745.0
1753594408036,05:33:28.036,blofin,1INCH/USDT:USDT,0.2868,1873.0,0.2867,1585.0,0.2847,468.0,0.2849,1745.0
1753594408583,05:33:28.583,blofin,1INCH/USDT:USDT,0.2868,1873.0,0.2867,1584.0,0.2847,468.0,0.2849,1745.0
1753594409037,05:33:29.037,blofin,1INCH/USDT:USDT,0.2868,1873.0,0.2867,1287.0,0.2847,468.0,0.2849,1745.0
1753594410088,05:33:30.088,blofin,1INCH/USDT:USDT,0.2868,1873.0,0.2867,1621.0,0.2847,468.0,0.2849,1745.0
1753594494215,05:34:54.215,blofin,1INCH/USDT:USDT,0.2868,1873.0,0.2867,1621.0,0.2847,468.0,0.2849,1745.0
1753594494715,05:34:54.715,blofin,1INCH/USDT:USDT,0.2868,1873.0,0.2867,1621.0,0.2847,468.0,0.2849,1745.0
1753594495218,05:34:55.218,blofin,1INCH/USDT:USDT,0.2868,1873.0,0.2867,1621.0,0.2847,468.0,0.2849,1745.0
1753594495942,05:34:55.942,blofin,1INCH/USDT:USDT,0.2868,1873.0,0.2867,1621.0,0.2847,468.0,0.2849,1745.0
1753594496531,05:34:56.531,blofin,1INCH/USDT:USDT,0.2868,1873.0,0.2867,1621.0,0.2847,468.0,0.2849,1745.0
1753594497121,05:34:57.121,blofin,1INCH/USDT:USDT,0.2868,1873.0,0.2867,1621.0,0.2847,468.0,0.2849,1745.0
1753594497719,05:34:57.719,blofin,1INCH/USDT:USDT,0.2868,1873.0,0.2867,1621.0,0.2847,468.0,0.2849,1745.0
1753594498275,05:34:58.275,blofin,1INCH/USDT:USDT,0.2868,1873.0,0.2867,1621.0,0.2847,468.0,0.2849,1745.0
1753594498842,05:34:58.842,blofin,1INCH/USDT:USDT,0.2868,1873.0,0.2867,1621.0,0.2847,468.0,0.2849,1745.0
1753594499220,05:34:59.220,blofin,1INCH/USDT:USDT,0.2868,1873.0,0.2867,1621.0,0.2847,468.0,0.2849,1745.0
1753594500110,05:35:00.110,blofin,1INCH/USDT:USDT,0.2868,1873.0,0.2867,1621.0,0.2847,468.0,0.2849,1745.0
1753594500723,05:35:00.723,blofin,1INCH/USDT:USDT,0.2868,1873.0,0.2867,1621.0,0.2847,468.0,0.2849,1745.0
1753594501222,05:35:01.222,blofin,1INCH/USDT:USDT,0.2868,1873.0,0.2867,1621.0,0.2847,468.0,0.2849,1745.0
1753594501724,05:35:01.724,blofin,1INCH/USDT:USDT,0.2868,1873.0,0.2867,1621.0,0.2847,468.0,0.2849,1745.0
1753594502224,05:35:02.224,blofin,1INCH/USDT:USDT,0.2868,1873.0,0.2867,1621.0,0.2847,468.0,0.2849,1745.0
1753594502726,05:35:02.726,blofin,1INCH/USDT:USDT,0.2868,1873.0,0.2867,1621.0,0.2847,468.0,0.2849,1745.0
1753594503227,05:35:03.227,blofin,1INCH/USDT:USDT,0.2868,1873.0,0.2867,1621.0,0.2847,468.0,0.2849,1745.0
1753594503729,05:35:03.729,blofin,1INCH/USDT:USDT,0.2868,1873.0,0.2867,1621.0,0.2847,468.0,0.2849,1745.0
1753594504229,05:35:04.229,blofin,1INCH/USDT:USDT,0.2868,1873.0,0.2867,1621.0,0.2847,468.0,0.2849,1745.0
1753594505114,05:35:05.114,blofin,1INCH/USDT:USDT,0.2868,1873.0,0.2867,1621.0,0.2847,468.0,0.2849,1745.0
1753594505733,05:35:05.733,blofin,1INCH/USDT:USDT,0.2868,1873.0,0.2867,1621.0,0.2847,468.0,0.2849,1745.0
1753594506233,05:35:06.233,blofin,1INCH/USDT:USDT,0.2868,1873.0,0.2867,1621.0,0.2847,468.0,0.2849,1745.0
1753594615393,05:36:55.393,blofin,1INCH/USDT:USDT,0.2868,1873.0,0.2867,1621.0,0.2847,468.0,0.2849,1745.0
1753594616199,05:36:56.199,blofin,1INCH/USDT:USDT,0.2868,1873.0,0.2867,1621.0,0.2847,468.0,0.2849,1745.0
1753594616895,05:36:56.895,blofin,1INCH/USDT:USDT,0.2868,1873.0,0.2867,1621.0,0.2847,468.0,0.2849,1745.0
1753594617395,05:36:57.395,blofin,1INCH/USDT:USDT,0.2868,1873.0,0.2867,1621.0,0.2847,468.0,0.2849,1745.0
1753594618201,05:36:58.201,blofin,1INCH/USDT:USDT,0.2868,1873.0,0.2867,1621.0,0.2847,468.0,0.2849,1745.0
1753594618899,05:36:58.899,blofin,1INCH/USDT:USDT,0.2868,1873.0,0.2867,1621.0,0.2847,468.0,0.2849,1745.0
1753594619399,05:36:59.399,blofin,1INCH/USDT:USDT,0.2868,1873.0,0.2867,1621.0,0.2847,468.0,0.2849,1745.0
1753594619901,05:36:59.901,blofin,1INCH/USDT:USDT,0.2868,1873.0,0.2867,1621.0,0.2847,468.0,0.2849,1745.0
1753594620401,05:37:00.401,blofin,1INCH/USDT:USDT,0.2868,1873.0,0.2867,1621.0,0.2847,468.0,0.2849,1745.0
1753594621202,05:37:01.202,blofin,1INCH/USDT:USDT,0.2868,1873.0,0.2867,1621.0,0.2847,468.0,0.2849,1745.0
1753594621903,05:37:01.903,blofin,1INCH/USDT:USDT,0.2868,1873.0,0.2867,1621.0,0.2847,468.0,0.2849,1745.0
1753594622404,05:37:02.404,blofin,1INCH/USDT:USDT,0.2868,1873.0,0.2867,1621.0,0.2847,468.0,0.2849,1745.0
1753594622762,05:37:02.762,blofin,1INCH/USDT:USDT,0.2868,1873.0,0.2867,1621.0,0.2847,468.0,0.2849,1745.0
1753594623482,05:37:03.482,blofin,1INCH/USDT:USDT,0.2868,1873.0,0.2867,1621.0,0.2847,468.0,0.2849,1745.0
1753594624204,05:37:04.204,blofin,1INCH/USDT:USDT,0.2868,1873.0,0.2867,1621.0,0.2847,468.0,0.2849,1745.0
1753594625543,05:37:05.543,blofin,1INCH/USDT:USDT,0.2868,1873.0,0.2867,1621.0,0.2847,468.0,0.2849,1745.0
1753594626205,05:37:06.205,blofin,1INCH/USDT:USDT,0.2868,1873.0,0.2867,1621.0,0.2847,468.0,0.2849,1745.0
1753594626409,05:37:06.409,blofin,1INCH/USDT:USDT,0.2868,1873.0,0.2867,1621.0,0.2847,468.0,0.2849,1745.0
1753594627206,05:37:07.206,blofin,1INCH/USDT:USDT,0.2868,1873.0,0.2867,1621.0,0.2847,468.0,0.2849,1745.0
1753594720534,05:38:40.534,blofin,1INCH/USDT:USDT,0.2868,423.0,0.2867,1621.0,0.2847,468.0,0.2849,1745.0
1753594721536,05:38:41.536,blofin,1INCH/USDT:USDT,0.2868,720.0,0.2866,4721.0,0.2847,468.0,0.2849,1745.0
1753594722036,05:38:42.036,blofin,1INCH/USDT:USDT,0.2868,720.0,0.2866,4721.0,0.2847,468.0,0.2849,1745.0
1753594722537,05:38:42.537,blofin,1INCH/USDT:USDT,0.2868,425.0,0.2866,4721.0,0.2847,468.0,0.2849,1745.0
1753594723284,05:38:43.284,blofin,1INCH/USDT:USDT,0.2868,464.0,0.2866,4721.0,0.2847,468.0,0.2849,1745.0
1753594724040,05:38:44.040,blofin,1INCH/USDT:USDT,0.2868,464.0,0.2866,4721.0,0.2847,468.0,0.2849,1745.0
1753594724541,05:38:44.541,blofin,1INCH/USDT:USDT,0.2868,1447.0,0.2866,4721.0,0.2847,468.0,0.2849,1745.0
1753594725284,05:38:45.284,blofin,1INCH/USDT:USDT,0.2868,645.0,0.2866,4721.0,0.2847,468.0,0.2849,1745.0
1753594725542,05:38:45.542,blofin,1INCH/USDT:USDT,0.2868,645.0,0.2866,4721.0,0.2847,468.0,0.2849,1745.0
1753594726543,05:38:46.543,blofin,1INCH/USDT:USDT,0.2868,1907.0,0.2866,4721.0,0.2847,468.0,0.2849,1745.0
1753594727288,05:38:47.288,blofin,1INCH/USDT:USDT,0.2868,2418.0,0.2866,4721.0,0.2847,468.0,0.2849,1745.0
1753594727546,05:38:47.546,blofin,1INCH/USDT:USDT,0.2868,2418.0,0.2866,4721.0,0.2847,468.0,0.2849,1745.0
1753594728546,05:38:48.546,blofin,1INCH/USDT:USDT,0.2869,2411.0,0.2868,4.0,0.2847,468.0,0.2849,1745.0
1753594729048,05:38:49.048,blofin,1INCH/USDT:USDT,0.2869,2414.0,0.2868,2.0,0.2847,468.0,0.2849,1745.0
1753594729549,05:38:49.549,blofin,1INCH/USDT:USDT,0.2869,1478.0,0.2868,2.0,0.2847,468.0,0.2849,1745.0
1753594809168,05:40:09.168,blofin,1INCH/USDT:USDT,0.2869,1478.0,0.2868,2.0,0.2847,468.0,0.2849,1745.0
1753594809668,05:40:09.668,blofin,1INCH/USDT:USDT,0.2873,4166.0,0.2871,78010.0,0.2847,468.0,0.2849,1745.0
1753594810347,05:40:10.347,blofin,1INCH/USDT:USDT,0.2873,4166.0,0.287,10013.0,0.2847,468.0,0.2849,1745.0
1753594810669,05:40:10.669,blofin,1INCH/USDT:USDT,0.2873,4166.0,0.287,10013.0,0.2847,468.0,0.2849,1745.0
1753594811321,05:40:11.321,blofin,1INCH/USDT:USDT,0.2873,4166.0,0.287,10013.0,0.2847,468.0,0.2849,1745.0
1753594811672,05:40:11.672,blofin,1INCH/USDT:USDT,0.2873,2549.0,0.2868,83081.0,0.2847,468.0,0.2849,1745.0
1753594812350,05:40:12.350,blofin,1INCH/USDT:USDT,0.2873,2319.0,0.2869,19294.0,0.2847,468.0,0.2849,1745.0
1753594812672,05:40:12.672,blofin,1INCH/USDT:USDT,0.2874,2317.0,0.2873,2.0,0.2847,468.0,0.2849,1745.0
1753594813354,05:40:13.354,blofin,1INCH/USDT:USDT,0.2874,1082.0,0.2873,2.0,0.2847,468.0,0.2849,1745.0
1753594814173,05:40:14.173,blofin,1INCH/USDT:USDT,0.2874,1083.0,0.2873,1.0,0.2847,468.0,0.2849,1745.0
1753594814685,05:40:14.685,blofin,1INCH/USDT:USDT,0.2874,1083.0,0.2873,1.0,0.2847,468.0,0.2849,1745.0
1753594815354,05:40:15.354,blofin,1INCH/USDT:USDT,0.2874,1084.0,0.2873,1.0,0.2847,468.0,0.2849,1745.0
1753594816177,05:40:16.177,blofin,1INCH/USDT:USDT,0.2874,1084.0,0.2873,1.0,0.2847,468.0,0.2849,1745.0
1753594816677,05:40:16.677,blofin,1INCH/USDT:USDT,0.2874,6.0,0.2873,34328.0,0.2847,468.0,0.2849,1745.0
1753594817380,05:40:17.380,blofin,1INCH/USDT:USDT,0.2873,1.0,0.2872,5160.0,0.2847,468.0,0.2849,1745.0
1753594817679,05:40:17.679,blofin,1INCH/USDT:USDT,0.2873,1.0,0.2872,2339.0,0.2847,468.0,0.2849,1745.0
1753594818682,05:40:18.682,blofin,1INCH/USDT:USDT,0.2873,1.0,0.2872,3.0,0.2847,468.0,0.2849,1745.0
1753594906427,05:41:46.427,blofin,1INCH/USDT:USDT,0.2873,1.0,0.2872,3647.0,0.2847,468.0,0.2849,1745.0
1753594906872,05:41:46.872,blofin,1INCH/USDT:USDT,0.2873,1.0,0.2872,1052.0,0.2847,468.0,0.2849,1745.0
1753594907425,05:41:47.425,blofin,1INCH/USDT:USDT,0.2873,1.0,0.2872,915.0,0.2847,468.0,0.2849,1745.0
1753594908310,05:41:48.310,blofin,1INCH/USDT:USDT,0.2873,1.0,0.2872,916.0,0.2847,468.0,0.2849,1745.0
1753594908809,05:41:48.809,blofin,1INCH/USDT:USDT,0.2873,1.0,0.2872,916.0,0.2847,468.0,0.2849,1745.0
1753594909811,05:41:49.811,blofin,1INCH/USDT:USDT,0.2873,1.0,0.2872,918.0,0.2847,468.0,0.2849,1745.0
1753594910814,05:41:50.814,blofin,1INCH/USDT:USDT,0.2873,1.0,0.2872,1211.0,0.2847,468.0,0.2849,1745.0
1753594911430,05:41:51.430,blofin,1INCH/USDT:USDT,0.2873,1.0,0.2872,1211.0,0.2847,468.0,0.2849,1745.0
1753594911817,05:41:51.817,blofin,1INCH/USDT:USDT,0.2873,1.0,0.2872,1225.0,0.2847,468.0,0.2849,1745.0
1753594912428,05:41:52.428,blofin,1INCH/USDT:USDT,0.2873,1.0,0.2872,721.0,0.2847,468.0,0.2849,1745.0
1753594913316,05:41:53.316,blofin,1INCH/USDT:USDT,0.2873,1.0,0.2872,721.0,0.2847,468.0,0.2849,1745.0
1753594913818,05:41:53.818,blofin,1INCH/USDT:USDT,0.2873,1.0,0.2872,923.0,0.2847,468.0,0.2849,1745.0
1753594914655,05:41:54.655,blofin,1INCH/USDT:USDT,0.2873,1.0,0.2872,4.0,0.2847,468.0,0.2849,1745.0
1753594915320,05:41:55.320,blofin,1INCH/USDT:USDT,0.2873,1.0,0.2871,3.0,0.2847,468.0,0.2849,1745.0
1753594915821,05:41:55.821,blofin,1INCH/USDT:USDT,0.2873,1.0,0.2871,3.0,0.2847,468.0,0.2849,1745.0
1753594916433,05:41:56.433,blofin,1INCH/USDT:USDT,0.2873,1.0,0.2871,3.0,0.2847,468.0,0.2849,1745.0
1753594916826,05:41:56.826,blofin,1INCH/USDT:USDT,0.2873,1.0,0.2871,3.0,0.2847,468.0,0.2849,1745.0
1753594917825,05:41:57.825,blofin,1INCH/USDT:USDT,0.2873,1.0,0.2871,3.0,0.2847,468.0,0.2849,1745.0
1753594918328,05:41:58.328,blofin,1INCH/USDT:USDT,0.2873,1.0,0.2871,3.0,0.2847,468.0,0.2849,1745.0
1753595017465,05:43:37.465,blofin,1INCH/USDT:USDT,0.2873,1.0,0.2871,3.0,0.2847,468.0,0.2849,1745.0
1753595017966,05:43:37.966,blofin,1INCH/USDT:USDT,0.2873,1.0,0.2871,3.0,0.2847,468.0,0.2849,1745.0
1753595018968,05:43:38.968,blofin,1INCH/USDT:USDT,0.2873,1.0,0.2871,3.0,0.2847,468.0,0.2849,1745.0
1753595019470,05:43:39.470,blofin,1INCH/USDT:USDT,0.2873,1.0,0.2871,3.0,0.2847,468.0,0.2849,1745.0
1753595019971,05:43:39.971,blofin,1INCH/USDT:USDT,0.2873,1.0,0.2871,3.0,0.2847,468.0,0.2849,1745.0
1753595020473,05:43:40.473,blofin,1INCH/USDT:USDT,0.2873,1.0,0.2871,3.0,0.2847,468.0,0.2849,1745.0
1753595020971,05:43:40.971,blofin,1INCH/USDT:USDT,0.2873,1.0,0.2871,3.0,0.2847,468.0,0.2849,1745.0
1753595021975,05:43:41.975,blofin,1INCH/USDT:USDT,0.2873,1.0,0.2871,3.0,0.2847,468.0,0.2849,1745.0
1753595022477,05:43:42.477,blofin,1INCH/USDT:USDT,0.2873,1.0,0.2871,3.0,0.2847,468.0,0.2849,1745.0
1753595022979,05:43:42.979,blofin,1INCH/USDT:USDT,0.2873,1.0,0.2871,3.0,0.2847,468.0,0.2849,1745.0
1753595023480,05:43:43.480,blofin,1INCH/USDT:USDT,0.2873,1.0,0.2871,3.0,0.2847,468.0,0.2849,1745.0
1753595024479,05:43:44.479,blofin,1INCH/USDT:USDT,0.2873,1.0,0.2871,3.0,0.2847,468.0,0.2849,1745.0
1753595025261,05:43:45.261,blofin,1INCH/USDT:USDT,0.2873,1.0,0.2871,3.0,0.2847,468.0,0.2849,1745.0
1753595025912,05:43:45.912,blofin,1INCH/USDT:USDT,0.2873,1.0,0.2871,3.0,0.2847,468.0,0.2849,1745.0
1753595101574,05:45:01.574,blofin,1INCH/USDT:USDT,0.2873,1.0,0.2871,3.0,0.2847,468.0,0.2849,1745.0
1753595102099,05:45:02.099,blofin,1INCH/USDT:USDT,0.2873,1.0,0.2871,3.0,0.2847,468.0,0.2849,1745.0
1753595102576,05:45:02.576,blofin,1INCH/USDT:USDT,0.2873,1.0,0.2871,3.0,0.2847,468.0,0.2849,1745.0
1753595103576,05:45:03.576,blofin,1INCH/USDT:USDT,0.2873,1.0,0.2871,3.0,0.2847,468.0,0.2849,1745.0
1753595104103,05:45:04.103,blofin,1INCH/USDT:USDT,0.2873,1.0,0.2871,3.0,0.2847,468.0,0.2849,1745.0
1753595104574,05:45:04.574,blofin,1INCH/USDT:USDT,0.2873,1.0,0.2871,3.0,0.2847,468.0,0.2849,1745.0
1753595105103,05:45:05.103,blofin,1INCH/USDT:USDT,0.2873,1.0,0.2871,3.0,0.2847,468.0,0.2849,1745.0
1753595105574,05:45:05.574,blofin,1INCH/USDT:USDT,0.2873,1.0,0.2871,3.0,0.2847,468.0,0.2849,1745.0
1753595106576,05:45:06.576,blofin,1INCH/USDT:USDT,0.2873,1.0,0.2871,3.0,0.2847,468.0,0.2849,1745.0
1753595107108,05:45:07.108,blofin,1INCH/USDT:USDT,0.2873,1.0,0.2871,3.0,0.2847,468.0,0.2849,1745.0
1753595107576,05:45:07.576,blofin,1INCH/USDT:USDT,0.2873,1.0,0.2871,3.0,0.2847,468.0,0.2849,1745.0
1753595108108,05:45:08.108,blofin,1INCH/USDT:USDT,0.2873,1.0,0.2871,3.0,0.2847,468.0,0.2849,1745.0
1753595108582,05:45:08.582,blofin,1INCH/USDT:USDT,0.2873,1.0,0.2871,3.0,0.2847,468.0,0.2849,1745.0
1753595109610,05:45:09.610,blofin,1INCH/USDT:USDT,0.2873,1.0,0.2871,3.0,0.2847,468.0,0.2849,1745.0
1753595110111,05:45:10.111,blofin,1INCH/USDT:USDT,0.2873,1.0,0.2871,3.0,0.2847,468.0,0.2849,1745.0
1753595110577,05:45:10.577,blofin,1INCH/USDT:USDT,0.2873,1.0,0.2871,3.0,0.2847,468.0,0.2849,1745.0
1753595111111,05:45:11.111,blofin,1INCH/USDT:USDT,0.2873,1.0,0.2871,3.0,0.2847,468.0,0.2849,1745.0
1753595112114,05:45:12.114,blofin,1INCH/USDT:USDT,0.2873,1.0,0.2871,3.0,0.2847,468.0,0.2849,1745.0
1753595112581,05:45:12.581,blofin,1INCH/USDT:USDT,0.2873,1.0,0.2871,3.0,0.2847,468.0,0.2849,1745.0
1753595113118,05:45:13.118,blofin,1INCH/USDT:USDT,0.2873,1.0,0.2871,3.0,0.2847,468.0,0.2849,1745.0
1753595113582,05:45:13.582,blofin,1INCH/USDT:USDT,0.2873,1.0,0.2871,3.0,0.2847,468.0,0.2849,1745.0
1753595227781,05:47:07.781,blofin,1INCH/USDT:USDT,0.2873,1.0,0.2871,3.0,0.2847,468.0,0.2849,1745.0
1753595228331,05:47:08.331,blofin,1INCH/USDT:USDT,0.2873,1.0,0.2871,3.0,0.2847,468.0,0.2849,1745.0
1753595229282,05:47:09.282,blofin,1INCH/USDT:USDT,0.2873,1.0,0.2871,3.0,0.2847,468.0,0.2849,1745.0
1753595229906,05:47:09.906,blofin,1INCH/USDT:USDT,0.2873,1.0,0.2871,3.0,0.2847,468.0,0.2849,1745.0
1753595230545,05:47:10.545,blofin,1INCH/USDT:USDT,0.2873,1.0,0.2871,3.0,0.2847,468.0,0.2849,1745.0
1753595231114,05:47:11.114,blofin,1INCH/USDT:USDT,0.2873,1.0,0.2871,3.0,0.2847,468.0,0.2849,1745.0
1753595231677,05:47:11.677,blofin,1INCH/USDT:USDT,0.2873,1.0,0.2871,3.0,0.2847,468.0,0.2849,1745.0
1753595232287,05:47:12.287,blofin,1INCH/USDT:USDT,0.2873,1.0,0.2871,3.0,0.2847,468.0,0.2849,1745.0
1753595232787,05:47:12.787,blofin,1INCH/USDT:USDT,0.2873,1.0,0.2871,3.0,0.2847,468.0,0.2849,1745.0
1753595233290,05:47:13.290,blofin,1INCH/USDT:USDT,0.2873,1.0,0.2871,3.0,0.2847,468.0,0.2849,1745.0
1753595234230,05:47:14.230,blofin,1INCH/USDT:USDT,0.2873,1.0,0.2871,3.0,0.2847,468.0,0.2849,1745.0
1753595234882,05:47:14.882,blofin,1INCH/USDT:USDT,0.2873,1.0,0.2871,3.0,0.2847,468.0,0.2849,1745.0
1753595235314,05:47:15.314,blofin,1INCH/USDT:USDT,0.2873,1.0,0.2871,3.0,0.2847,468.0,0.2849,1745.0
1753595235790,05:47:15.790,blofin,1INCH/USDT:USDT,0.2873,1.0,0.2871,3.0,0.2847,468.0,0.2849,1745.0
1753595236293,05:47:16.293,blofin,1INCH/USDT:USDT,0.2873,1.0,0.2871,3.0,0.2847,468.0,0.2849,1745.0
1753595236793,05:47:16.793,blofin,1INCH/USDT:USDT,0.2873,1.0,0.2871,3.0,0.2847,468.0,0.2849,1745.0
1753595237293,05:47:17.293,blofin,1INCH/USDT:USDT,0.2873,1.0,0.2871,3.0,0.2847,468.0,0.2849,1745.0
1753595327924,05:48:47.924,blofin,1INCH/USDT:USDT,0.2873,1.0,0.2871,3.0,0.2847,468.0,0.2849,1745.0
1753595328422,05:48:48.422,blofin,1INCH/USDT:USDT,0.2873,1.0,0.2871,3.0,0.2847,468.0,0.2849,1745.0
1753595328922,05:48:48.922,blofin,1INCH/USDT:USDT,0.2873,1.0,0.2871,3.0,0.2847,468.0,0.2849,1745.0
1753595329425,05:48:49.425,blofin,1INCH/USDT:USDT,0.2873,1.0,0.2871,3.0,0.2847,468.0,0.2849,1745.0
1753595329926,05:48:49.926,blofin,1INCH/USDT:USDT,0.2873,1.0,0.2871,3.0,0.2847,468.0,0.2849,1745.0
1753595330748,05:48:50.748,blofin,1INCH/USDT:USDT,0.2873,1.0,0.2871,3.0,0.2847,468.0,0.2849,1745.0
1753595331928,05:48:51.928,blofin,1INCH/USDT:USDT,0.2873,1.0,0.2871,3.0,0.2847,468.0,0.2849,1745.0
1753595332428,05:48:52.428,blofin,1INCH/USDT:USDT,0.2873,1.0,0.2871,3.0,0.2847,468.0,0.2849,1745.0
1753595333721,05:48:53.721,blofin,1INCH/USDT:USDT,0.2873,1.0,0.2871,3.0,0.2847,468.0,0.2849,1745.0
1753595334340,05:48:54.340,blofin,1INCH/USDT:USDT,0.2873,1.0,0.2871,3.0,0.2847,468.0,0.2849,1745.0
1753595335593,05:48:55.593,blofin,1INCH/USDT:USDT,0.2873,1.0,0.2871,3.0,0.2847,468.0,0.2849,1745.0
1753595336219,05:48:56.219,blofin,1INCH/USDT:USDT,0.2873,1.0,0.2871,3.0,0.2847,468.0,0.2849,1745.0
1753595336741,05:48:56.741,blofin,1INCH/USDT:USDT,0.2873,1.0,0.2871,3.0,0.2847,468.0,0.2849,1745.0
1753595337352,05:48:57.352,blofin,1INCH/USDT:USDT,0.2873,1.0,0.2871,3.0,0.2847,468.0,0.2849,1745.0
1753595337883,05:48:57.883,blofin,1INCH/USDT:USDT,0.2873,1.0,0.2871,3.0,0.2847,468.0,0.2849,1745.0
1753595338436,05:48:58.436,blofin,1INCH/USDT:USDT,0.2873,1.0,0.2871,3.0,0.2847,468.0,0.2849,1745.0
1753595338938,05:48:58.938,blofin,1INCH/USDT:USDT,0.2873,1.0,0.2871,3.0,0.2847,468.0,0.2849,1745.0
1753595339439,05:48:59.439,blofin,1INCH/USDT:USDT,0.2873,1.0,0.2871,3.0,0.2847,468.0,0.2849,1745.0
1753595455110,05:50:55.110,blofin,1INCH/USDT:USDT,0.2873,1.0,0.2871,3.0,0.2847,468.0,0.2849,1745.0
1753595455612,05:50:55.612,blofin,1INCH/USDT:USDT,0.2873,1.0,0.2871,3.0,0.2847,468.0,0.2849,1745.0
1753595456614,05:50:56.614,blofin,1INCH/USDT:USDT,0.2873,1.0,0.2871,3.0,0.2847,468.0,0.2849,1745.0
1753595457112,05:50:57.112,blofin,1INCH/USDT:USDT,0.2873,1.0,0.2871,3.0,0.2847,468.0,0.2849,1745.0
1753595457996,05:50:57.996,blofin,1INCH/USDT:USDT,0.2873,1.0,0.2871,3.0,0.2847,468.0,0.2849,1745.0
1753595458114,05:50:58.114,blofin,1INCH/USDT:USDT,0.2873,1.0,0.2871,3.0,0.2847,468.0,0.2849,1745.0
1753595459116,05:50:59.116,blofin,1INCH/USDT:USDT,0.2873,1.0,0.2871,3.0,0.2847,468.0,0.2849,1745.0
1753595459617,05:50:59.617,blofin,1INCH/USDT:USDT,0.2873,1.0,0.2871,3.0,0.2847,468.0,0.2849,1745.0
1753595460117,05:51:00.117,blofin,1INCH/USDT:USDT,0.2873,1.0,0.2871,3.0,0.2847,468.0,0.2849,1745.0
1753595460838,05:51:00.838,blofin,1INCH/USDT:USDT,0.2873,1.0,0.2871,3.0,0.2847,468.0,0.2849,1745.0
1753595461118,05:51:01.118,blofin,1INCH/USDT:USDT,0.2873,1.0,0.2871,3.0,0.2847,468.0,0.2849,1745.0
1753595462121,05:51:02.121,blofin,1INCH/USDT:USDT,0.2873,1.0,0.2871,3.0,0.2847,468.0,0.2849,1745.0
1753595462620,05:51:02.620,blofin,1INCH/USDT:USDT,0.2873,1.0,0.2871,3.0,0.2847,468.0,0.2849,1745.0
1753595463122,05:51:03.122,blofin,1INCH/USDT:USDT,0.2873,1.0,0.2871,3.0,0.2847,468.0,0.2849,1745.0
1753595463839,05:51:03.839,blofin,1INCH/USDT:USDT,0.2873,1.0,0.2871,3.0,0.2847,468.0,0.2849,1745.0
1753595549251,05:52:29.251,blofin,1INCH/USDT:USDT,0.2873,1.0,0.2871,3.0,0.2847,468.0,0.2849,1745.0
1753595549752,05:52:29.752,blofin,1INCH/USDT:USDT,0.2873,1.0,0.2871,3.0,0.2847,468.0,0.2849,1745.0
1753595550253,05:52:30.253,blofin,1INCH/USDT:USDT,0.2873,1.0,0.2871,3.0,0.2847,468.0,0.2849,1745.0
1753595550895,05:52:30.895,blofin,1INCH/USDT:USDT,0.2873,1.0,0.2871,3.0,0.2847,468.0,0.2849,1745.0
1753595551473,05:52:31.473,blofin,1INCH/USDT:USDT,0.2873,1.0,0.2871,3.0,0.2847,468.0,0.2849,1745.0
1753595552108,05:52:32.108,blofin,1INCH/USDT:USDT,0.2873,1.0,0.2871,3.0,0.2847,468.0,0.2849,1745.0
1753595552257,05:52:32.257,blofin,1INCH/USDT:USDT,0.2873,1.0,0.2871,3.0,0.2847,468.0,0.2849,1745.0
1753595553257,05:52:33.257,blofin,1INCH/USDT:USDT,0.2873,1.0,0.2871,3.0,0.2847,468.0,0.2849,1745.0
1753595553831,05:52:33.831,blofin,1INCH/USDT:USDT,0.2873,1.0,0.2871,3.0,0.2847,468.0,0.2849,1745.0
1753595554401,05:52:34.401,blofin,1INCH/USDT:USDT,0.2873,1.0,0.2871,3.0,0.2847,468.0,0.2849,1745.0
1753595554971,05:52:34.971,blofin,1INCH/USDT:USDT,0.2873,1.0,0.2871,3.0,0.2847,468.0,0.2849,1745.0
1753595555549,05:52:35.549,blofin,1INCH/USDT:USDT,0.2873,1.0,0.2871,3.0,0.2847,468.0,0.2849,1745.0
1753595556133,05:52:36.133,blofin,1INCH/USDT:USDT,0.2873,1.0,0.2871,3.0,0.2847,468.0,0.2849,1745.0
1753595556762,05:52:36.762,blofin,1INCH/USDT:USDT,0.2873,1.0,0.2871,3.0,0.2847,468.0,0.2849,1745.0
1753595557265,05:52:37.265,blofin,1INCH/USDT:USDT,0.2873,1.0,0.2871,3.0,0.2847,468.0,0.2849,1745.0
1753595557873,05:52:37.873,blofin,1INCH/USDT:USDT,0.2873,1.0,0.2871,3.0,0.2847,468.0,0.2849,1745.0
1753595558333,05:52:38.333,blofin,1INCH/USDT:USDT,0.2873,1.0,0.2871,3.0,0.2847,468.0,0.2849,1745.0
1753595558902,05:52:38.902,blofin,1INCH/USDT:USDT,0.2873,1.0,0.2871,3.0,0.2847,468.0,0.2849,1745.0
1753595559267,05:52:39.267,blofin,1INCH/USDT:USDT,0.2873,1.0,0.2871,3.0,0.2847,468.0,0.2849,1745.0
1753595652392,05:54:12.392,blofin,1INCH/USDT:USDT,0.2873,1.0,0.2871,3.0,0.2847,468.0,0.2849,1745.0
1753595653393,05:54:13.393,blofin,1INCH/USDT:USDT,0.2873,1.0,0.2871,3.0,0.2847,468.0,0.2849,1745.0
1753595653981,05:54:13.981,blofin,1INCH/USDT:USDT,0.2873,1.0,0.2871,3.0,0.2847,468.0,0.2849,1745.0
1753595655395,05:54:15.395,blofin,1INCH/USDT:USDT,0.2873,1.0,0.2871,3.0,0.2847,468.0,0.2849,1745.0
1753595655976,05:54:15.976,blofin,1INCH/USDT:USDT,0.2873,1.0,0.2871,3.0,0.2847,468.0,0.2849,1745.0
1753595656397,05:54:16.397,blofin,1INCH/USDT:USDT,0.2873,1.0,0.2871,3.0,0.2847,468.0,0.2849,1745.0
1753595656977,05:54:16.977,blofin,1INCH/USDT:USDT,0.2873,1.0,0.2871,3.0,0.2847,468.0,0.2849,1745.0
1753595657398,05:54:17.398,blofin,1INCH/USDT:USDT,0.2873,1.0,0.2871,3.0,0.2847,468.0,0.2849,1745.0
1753595658402,05:54:18.402,blofin,1INCH/USDT:USDT,0.2873,1.0,0.2871,3.0,0.2847,468.0,0.2849,1745.0
1753595658903,05:54:18.903,blofin,1INCH/USDT:USDT,0.2873,1.0,0.2871,3.0,0.2847,468.0,0.2849,1745.0
1753595659403,05:54:19.403,blofin,1INCH/USDT:USDT,0.2873,1.0,0.2871,3.0,0.2847,468.0,0.2849,1745.0
1753595659982,05:54:19.982,blofin,1INCH/USDT:USDT,0.2873,1.0,0.2871,3.0,0.2847,468.0,0.2849,1745.0
1753595660404,05:54:20.404,blofin,1INCH/USDT:USDT,0.2873,1.0,0.2871,3.0,0.2847,468.0,0.2849,1745.0
1753595660987,05:54:20.987,blofin,1INCH/USDT:USDT,0.2873,1.0,0.2871,3.0,0.2847,468.0,0.2849,1745.0
1753595661406,05:54:21.406,blofin,1INCH/USDT:USDT,0.2873,1.0,0.2871,3.0,0.2847,468.0,0.2849,1745.0
