timestamp,time,symbol,bid1_price,bid1_volume,bid2_price,bid2_volume,ask1_price,ask1_volume,ask2_price,ask2_volume
1753546945378,16:22:25.378,AERGO/USDT:USDT,0.13352,453.0,0.13351,518.0,0.13361,453.0,0.13362,994.0
1753546946128,16:22:26.128,AERGO/USDT:USDT,0.13352,453.0,0.13351,518.0,0.13361,453.0,0.13362,994.0
1753546946429,16:22:26.429,AERGO/USDT:USDT,0.13352,453.0,0.13351,518.0,0.13361,453.0,0.13362,994.0
1753546947329,16:22:27.329,AERGO/USDT:USDT,0.13352,453.0,0.13351,518.0,0.13361,453.0,0.13362,994.0
1753546947479,16:22:27.479,AERGO/USDT:USDT,0.13352,453.0,0.13351,518.0,0.13361,453.0,0.13362,994.0
1753546948080,16:22:28.080,AERGO/USDT:USDT,0.13352,3.0,0.13351,518.0,0.13361,453.0,0.13362,994.0
1753546948380,16:22:28.380,AERGO/USDT:USDT,0.13352,3.0,0.13351,518.0,0.13361,453.0,0.13362,994.0
1753546948680,16:22:28.680,AERGO/USDT:USDT,0.13352,3.0,0.13351,362.0,0.13361,453.0,0.13362,994.0
1753546949431,16:22:29.431,AERGO/USDT:USDT,0.13352,3.0,0.13351,362.0,0.13361,453.0,0.13362,994.0
1753546949581,16:22:29.581,AERGO/USDT:USDT,0.13352,3.0,0.13351,362.0,0.1336,454.0,0.13361,902.0
1753546950331,16:22:30.331,AERGO/USDT:USDT,0.13352,3.0,0.13351,362.0,0.1336,454.0,0.13361,902.0
1753546952282,16:22:32.282,AERGO/USDT:USDT,0.13352,3.0,0.13351,362.0,0.1336,454.0,0.13361,902.0
1753546953183,16:22:33.183,AERGO/USDT:USDT,0.13352,3.0,0.13351,362.0,0.1336,454.0,0.13361,902.0
1753546953633,16:22:33.633,AERGO/USDT:USDT,0.13352,3.0,0.13351,362.0,0.1336,454.0,0.13361,902.0
1753546953933,16:22:33.933,AERGO/USDT:USDT,0.13352,3.0,0.13351,362.0,0.1336,454.0,0.13361,902.0
1753546954234,16:22:34.234,AERGO/USDT:USDT,0.13352,3.0,0.13351,362.0,0.1336,454.0,0.13361,902.0
1753546954684,16:22:34.684,AERGO/USDT:USDT,0.13352,3.0,0.13351,362.0,0.1336,454.0,0.13362,994.0
1753546954984,16:22:34.984,AERGO/USDT:USDT,0.13352,3.0,0.13351,362.0,0.1336,454.0,0.13361,2279.0
1753546955134,16:22:35.134,AERGO/USDT:USDT,0.13352,3.0,0.13351,362.0,0.1336,454.0,0.13361,2279.0
1753546955284,16:22:35.284,AERGO/USDT:USDT,0.13352,3.0,0.13351,362.0,0.1336,454.0,0.13361,2279.0
1753546955434,16:22:35.434,AERGO/USDT:USDT,0.13352,3.0,0.13351,362.0,0.1336,454.0,0.13361,2279.0
1753546955584,16:22:35.584,AERGO/USDT:USDT,0.13352,3.0,0.13351,362.0,0.1336,454.0,0.13361,2279.0
1753546955885,16:22:35.885,AERGO/USDT:USDT,0.13352,3.0,0.13351,362.0,0.1336,454.0,0.13361,2279.0
1753546956035,16:22:36.035,AERGO/USDT:USDT,0.13352,3.0,0.13351,362.0,0.1336,454.0,0.13361,2279.0
1753546956785,16:22:36.785,AERGO/USDT:USDT,0.13352,3.0,0.13351,362.0,0.1336,454.0,0.13361,2279.0
1753546956935,16:22:36.935,AERGO/USDT:USDT,0.13352,3.0,0.13351,362.0,0.1336,454.0,0.13361,2279.0
1753546957085,16:22:37.085,AERGO/USDT:USDT,0.13352,3.0,0.13351,362.0,0.1336,454.0,0.13361,2279.0
1753546957235,16:22:37.235,AERGO/USDT:USDT,0.13352,3.0,0.13351,362.0,0.1336,454.0,0.13361,2279.0
1753546957385,16:22:37.385,AERGO/USDT:USDT,0.13352,3.0,0.13351,362.0,0.1336,454.0,0.13361,2279.0
1753546957536,16:22:37.536,AERGO/USDT:USDT,0.13352,3.0,0.13351,362.0,0.1336,454.0,0.13361,2279.0
1753546957686,16:22:37.686,AERGO/USDT:USDT,0.13352,3.0,0.13351,362.0,0.1336,454.0,0.13361,2279.0
1753546957986,16:22:37.986,AERGO/USDT:USDT,0.13352,3.0,0.13351,362.0,0.1336,454.0,0.13361,2279.0
1753546958736,16:22:38.736,AERGO/USDT:USDT,0.13352,3.0,0.13351,362.0,0.1336,454.0,0.13361,2279.0
1753546959036,16:22:39.036,AERGO/USDT:USDT,0.13352,3.0,0.13351,362.0,0.1336,454.0,0.13361,2279.0
1753546959337,16:22:39.337,AERGO/USDT:USDT,0.13352,3.0,0.13351,362.0,0.1336,454.0,0.13361,2279.0
1753546959637,16:22:39.637,AERGO/USDT:USDT,0.13352,3.0,0.13351,362.0,0.1336,454.0,0.13361,2279.0
1753546960237,16:22:40.237,AERGO/USDT:USDT,0.13352,3.0,0.13351,362.0,0.1336,454.0,0.13361,2279.0
1753546960687,16:22:40.687,AERGO/USDT:USDT,0.13351,604.0,0.1335,815.0,0.1336,454.0,0.13361,2279.0
1753546960988,16:22:40.988,AERGO/USDT:USDT,0.13351,1071.0,0.1335,362.0,0.1336,454.0,0.13361,2279.0
1753546961438,16:22:41.438,AERGO/USDT:USDT,0.13351,1071.0,0.1335,362.0,0.1336,454.0,0.13361,2279.0
1753546961588,16:22:41.588,AERGO/USDT:USDT,0.13351,1071.0,0.1335,362.0,0.1336,454.0,0.13361,2279.0
1753546962038,16:22:42.038,AERGO/USDT:USDT,0.13351,1071.0,0.1335,362.0,0.1336,454.0,0.13361,2279.0
1753546962339,16:22:42.339,AERGO/USDT:USDT,0.13351,1071.0,0.1335,362.0,0.1336,454.0,0.13361,2279.0
1753546962789,16:22:42.789,AERGO/USDT:USDT,0.13351,1071.0,0.1335,362.0,0.1336,454.0,0.13361,2279.0
1753546962939,16:22:42.939,AERGO/USDT:USDT,0.13351,1071.0,0.1335,362.0,0.1336,454.0,0.13361,2279.0
1753546963239,16:22:43.239,AERGO/USDT:USDT,0.13351,1071.0,0.1335,362.0,0.1336,454.0,0.13361,2279.0
1753546963389,16:22:43.389,AERGO/USDT:USDT,0.13351,1071.0,0.1335,362.0,0.1336,454.0,0.13361,2279.0
1753546963690,16:22:43.690,AERGO/USDT:USDT,0.13351,1071.0,0.1335,362.0,0.1336,454.0,0.13361,2279.0
1753546963840,16:22:43.840,AERGO/USDT:USDT,0.13351,1071.0,0.1335,362.0,0.1336,454.0,0.13361,2279.0
1753546963990,16:22:43.990,AERGO/USDT:USDT,0.13351,1071.0,0.1335,362.0,0.1336,454.0,0.13361,2279.0
1753546964140,16:22:44.140,AERGO/USDT:USDT,0.13351,1071.0,0.1335,362.0,0.1336,454.0,0.13361,2279.0
1753546964290,16:22:44.290,AERGO/USDT:USDT,0.13351,1071.0,0.1335,362.0,0.1336,454.0,0.13361,2279.0
1753546964440,16:22:44.440,AERGO/USDT:USDT,0.13351,1071.0,0.1335,362.0,0.1336,454.0,0.13361,2279.0
1753546964590,16:22:44.590,AERGO/USDT:USDT,0.13351,1071.0,0.1335,362.0,0.1336,454.0,0.13361,2279.0
1753546965641,16:22:45.641,AERGO/USDT:USDT,0.13351,1071.0,0.1335,362.0,0.1336,454.0,0.13361,2279.0
1753546966391,16:22:46.391,AERGO/USDT:USDT,0.13351,1071.0,0.1335,362.0,0.1336,454.0,0.13361,2279.0
1753546966541,16:22:46.541,AERGO/USDT:USDT,0.13351,1071.0,0.1335,362.0,0.1336,454.0,0.13361,2279.0
1753546966691,16:22:46.691,AERGO/USDT:USDT,0.13351,1071.0,0.1335,362.0,0.1336,454.0,0.13361,2279.0
1753546966992,16:22:46.992,AERGO/USDT:USDT,0.13351,1071.0,0.1335,362.0,0.1336,454.0,0.13361,2279.0
1753546967142,16:22:47.142,AERGO/USDT:USDT,0.13351,1071.0,0.1335,362.0,0.1336,454.0,0.13361,2279.0
1753546967292,16:22:47.292,AERGO/USDT:USDT,0.13351,1071.0,0.1335,362.0,0.1336,454.0,0.13361,2279.0
1753546967592,16:22:47.592,AERGO/USDT:USDT,0.13351,1071.0,0.1335,362.0,0.1336,454.0,0.13361,2279.0
1753546967742,16:22:47.742,AERGO/USDT:USDT,0.13351,1071.0,0.1335,362.0,0.1336,454.0,0.13361,2279.0
1753546967892,16:22:47.892,AERGO/USDT:USDT,0.13351,1071.0,0.1335,362.0,0.1336,454.0,0.13361,2279.0
1753546968042,16:22:48.042,AERGO/USDT:USDT,0.13351,1071.0,0.1335,362.0,0.1336,454.0,0.13361,2279.0
1753546968192,16:22:48.192,AERGO/USDT:USDT,0.13351,1071.0,0.1335,362.0,0.1336,454.0,0.13361,2279.0
1753546968943,16:22:48.943,AERGO/USDT:USDT,0.13351,1071.0,0.1335,362.0,0.1336,454.0,0.13361,2279.0
1753546969093,16:22:49.093,AERGO/USDT:USDT,0.13351,1071.0,0.1335,362.0,0.1336,454.0,0.13361,2279.0
1753546969243,16:22:49.243,AERGO/USDT:USDT,0.13351,1071.0,0.1335,362.0,0.1336,454.0,0.13361,2279.0
1753546969393,16:22:49.393,AERGO/USDT:USDT,0.13351,1071.0,0.1335,362.0,0.1336,454.0,0.13361,2279.0
1753546969543,16:22:49.543,AERGO/USDT:USDT,0.13351,1071.0,0.1335,362.0,0.1336,454.0,0.13361,2279.0
1753546969994,16:22:49.994,AERGO/USDT:USDT,0.13351,1071.0,0.1335,362.0,0.1336,454.0,0.13361,2279.0
1753546970144,16:22:50.144,AERGO/USDT:USDT,0.13351,1071.0,0.1335,362.0,0.1336,454.0,0.13361,2279.0
1753546970444,16:22:50.444,AERGO/USDT:USDT,0.13351,1071.0,0.1335,362.0,0.1336,454.0,0.13361,2279.0
1753546970744,16:22:50.744,AERGO/USDT:USDT,0.13351,1071.0,0.1335,362.0,0.1336,454.0,0.13361,2279.0
1753546970894,16:22:50.894,AERGO/USDT:USDT,0.13351,1071.0,0.1335,362.0,0.1336,454.0,0.13361,2279.0
1753546971044,16:22:51.044,AERGO/USDT:USDT,0.13351,1071.0,0.1335,362.0,0.1336,454.0,0.13361,2279.0
1753546971194,16:22:51.194,AERGO/USDT:USDT,0.13351,1071.0,0.1335,362.0,0.1336,454.0,0.13361,2279.0
1753546971344,16:22:51.344,AERGO/USDT:USDT,0.13351,1071.0,0.1335,362.0,0.1336,454.0,0.13361,2279.0
1753546971645,16:22:51.645,AERGO/USDT:USDT,0.13351,1071.0,0.1335,362.0,0.1336,454.0,0.13361,2279.0
1753546971945,16:22:51.945,AERGO/USDT:USDT,0.13351,1071.0,0.1335,362.0,0.1336,454.0,0.13361,2279.0
1753546972095,16:22:52.095,AERGO/USDT:USDT,0.13351,1071.0,0.1335,362.0,0.1336,454.0,0.13361,2279.0
1753546972245,16:22:52.245,AERGO/USDT:USDT,0.13351,1071.0,0.1335,362.0,0.1336,454.0,0.13361,2279.0
1753546972395,16:22:52.395,AERGO/USDT:USDT,0.13351,1071.0,0.1335,362.0,0.1336,454.0,0.13361,2279.0
1753546972545,16:22:52.545,AERGO/USDT:USDT,0.13351,1071.0,0.1335,362.0,0.1336,454.0,0.13361,2279.0
1753546972695,16:22:52.695,AERGO/USDT:USDT,0.13351,1071.0,0.1335,362.0,0.1336,454.0,0.13361,2279.0
1753546972995,16:22:52.995,AERGO/USDT:USDT,0.13351,1071.0,0.1335,362.0,0.1336,454.0,0.13361,2279.0
1753546973296,16:22:53.296,AERGO/USDT:USDT,0.13351,1071.0,0.1335,362.0,0.1336,454.0,0.13361,2279.0
1753546973446,16:22:53.446,AERGO/USDT:USDT,0.13351,1071.0,0.1335,362.0,0.1336,454.0,0.13361,2279.0
1753546973596,16:22:53.596,AERGO/USDT:USDT,0.13351,1071.0,0.1335,362.0,0.1336,454.0,0.13361,2279.0
1753546973746,16:22:53.746,AERGO/USDT:USDT,0.13351,1071.0,0.1335,362.0,0.1336,454.0,0.13361,2279.0
1753546973896,16:22:53.896,AERGO/USDT:USDT,0.13351,1071.0,0.1335,362.0,0.1336,454.0,0.13361,2279.0
1753546974196,16:22:54.196,AERGO/USDT:USDT,0.13351,1071.0,0.1335,362.0,0.1336,454.0,0.13361,2279.0
1753546974346,16:22:54.346,AERGO/USDT:USDT,0.13351,1071.0,0.1335,362.0,0.1336,454.0,0.13361,2279.0
1753546974646,16:22:54.646,AERGO/USDT:USDT,0.13351,1071.0,0.1335,362.0,0.1336,454.0,0.13361,2279.0
1753546974797,16:22:54.797,AERGO/USDT:USDT,0.13351,1071.0,0.1335,362.0,0.1336,454.0,0.13361,2279.0
1753546974947,16:22:54.947,AERGO/USDT:USDT,0.13351,1071.0,0.1335,362.0,0.1336,454.0,0.13361,2279.0
1753546975097,16:22:55.097,AERGO/USDT:USDT,0.13351,1071.0,0.1335,362.0,0.1336,454.0,0.13361,2279.0
1753546975397,16:22:55.397,AERGO/USDT:USDT,0.13351,1071.0,0.1335,362.0,0.1336,454.0,0.13361,2279.0
1753546975547,16:22:55.547,AERGO/USDT:USDT,0.13351,1071.0,0.1335,362.0,0.1336,454.0,0.13361,2279.0
1753546975697,16:22:55.697,AERGO/USDT:USDT,0.13351,1071.0,0.1335,362.0,0.1336,454.0,0.13361,2279.0
1753546975847,16:22:55.847,AERGO/USDT:USDT,0.13351,1071.0,0.1335,362.0,0.1336,454.0,0.13361,2279.0
1753546976148,16:22:56.148,AERGO/USDT:USDT,0.13351,1071.0,0.1335,362.0,0.1336,454.0,0.13361,2279.0
1753546976298,16:22:56.298,AERGO/USDT:USDT,0.13351,1071.0,0.1335,362.0,0.1336,454.0,0.13361,2279.0
1753546976448,16:22:56.448,AERGO/USDT:USDT,0.13351,1071.0,0.1335,362.0,0.1336,454.0,0.13361,2279.0
1753546976598,16:22:56.598,AERGO/USDT:USDT,0.13351,1071.0,0.1335,362.0,0.1336,454.0,0.13361,2279.0
1753546976748,16:22:56.748,AERGO/USDT:USDT,0.13351,1071.0,0.1335,362.0,0.1336,454.0,0.13361,2279.0
1753546976898,16:22:56.898,AERGO/USDT:USDT,0.13351,1071.0,0.1335,362.0,0.1336,454.0,0.13361,2279.0
1753546977048,16:22:57.048,AERGO/USDT:USDT,0.13351,1071.0,0.1335,362.0,0.1336,454.0,0.13361,2279.0
1753546977198,16:22:57.198,AERGO/USDT:USDT,0.13351,1071.0,0.1335,362.0,0.1336,454.0,0.13361,2279.0
1753546977348,16:22:57.348,AERGO/USDT:USDT,0.13351,1071.0,0.1335,362.0,0.1336,454.0,0.13361,2279.0
1753546977498,16:22:57.498,AERGO/USDT:USDT,0.13351,1071.0,0.1335,362.0,0.1336,454.0,0.13361,2279.0
1753546977648,16:22:57.648,AERGO/USDT:USDT,0.13351,1071.0,0.1335,362.0,0.1336,454.0,0.13361,2279.0
1753546977799,16:22:57.799,AERGO/USDT:USDT,0.13351,1071.0,0.1335,362.0,0.1336,454.0,0.13361,2279.0
1753546977949,16:22:57.949,AERGO/USDT:USDT,0.13351,1071.0,0.1335,362.0,0.1336,454.0,0.13361,2279.0
1753546978099,16:22:58.099,AERGO/USDT:USDT,0.13351,1071.0,0.1335,362.0,0.1336,454.0,0.13361,2279.0
1753546978249,16:22:58.249,AERGO/USDT:USDT,0.13351,1071.0,0.1335,362.0,0.1336,454.0,0.13361,2279.0
1753546978399,16:22:58.399,AERGO/USDT:USDT,0.13351,1071.0,0.1335,362.0,0.1336,454.0,0.13361,2279.0
1753546978549,16:22:58.549,AERGO/USDT:USDT,0.13351,1071.0,0.1335,362.0,0.1336,454.0,0.13361,2279.0
1753546978699,16:22:58.699,AERGO/USDT:USDT,0.13351,1071.0,0.1335,362.0,0.1336,454.0,0.13361,2279.0
1753546978849,16:22:58.849,AERGO/USDT:USDT,0.13351,1071.0,0.1335,362.0,0.1336,454.0,0.13361,2279.0
1753546979149,16:22:59.149,AERGO/USDT:USDT,0.13351,1071.0,0.1335,362.0,0.1336,454.0,0.13361,2279.0
1753546979450,16:22:59.450,AERGO/USDT:USDT,0.13351,1071.0,0.1335,362.0,0.1336,454.0,0.13361,2279.0
1753546979600,16:22:59.600,AERGO/USDT:USDT,0.13351,1071.0,0.1335,362.0,0.1336,454.0,0.13361,2279.0
1753546979750,16:22:59.750,AERGO/USDT:USDT,0.13351,1071.0,0.1335,362.0,0.1336,454.0,0.13361,2279.0
1753546979900,16:22:59.900,AERGO/USDT:USDT,0.13351,1071.0,0.1335,362.0,0.1336,454.0,0.13361,2279.0
1753546980050,16:23:00.050,AERGO/USDT:USDT,0.13351,1071.0,0.1335,362.0,0.1336,454.0,0.13361,2279.0
1753546980650,16:23:00.650,AERGO/USDT:USDT,0.13351,1071.0,0.1335,362.0,0.1336,454.0,0.13361,2279.0
1753546980800,16:23:00.800,AERGO/USDT:USDT,0.13351,1071.0,0.1335,362.0,0.1336,454.0,0.13361,2279.0
1753546980950,16:23:00.950,AERGO/USDT:USDT,0.13351,1071.0,0.1335,362.0,0.1336,454.0,0.13361,2279.0
1753546981101,16:23:01.101,AERGO/USDT:USDT,0.13351,1071.0,0.1335,362.0,0.1336,454.0,0.13361,2279.0
1753546981251,16:23:01.251,AERGO/USDT:USDT,0.13351,1071.0,0.1335,362.0,0.1336,4198.0,0.13361,2279.0
1753546981401,16:23:01.401,AERGO/USDT:USDT,0.13351,1071.0,0.1335,362.0,0.13359,452.0,0.1336,3744.0
1753546981551,16:23:01.551,AERGO/USDT:USDT,0.13351,1071.0,0.1335,362.0,0.13359,452.0,0.1336,3744.0
1753546981851,16:23:01.851,AERGO/USDT:USDT,0.13351,1071.0,0.1335,362.0,0.13359,452.0,0.1336,3744.0
1753546982001,16:23:02.001,AERGO/USDT:USDT,0.13351,604.0,0.1335,362.0,0.13359,452.0,0.1336,3744.0
1753546982151,16:23:02.151,AERGO/USDT:USDT,0.13349,362.0,0.13343,24418.0,0.13359,452.0,0.1336,1521.0
1753546982301,16:23:02.301,AERGO/USDT:USDT,0.13347,452.0,0.13345,452.0,0.13359,1644.0,0.1336,1521.0
1753546982451,16:23:02.451,AERGO/USDT:USDT,0.13345,452.0,0.13343,473.0,0.13358,452.0,0.13359,1192.0
1753546982602,16:23:02.602,AERGO/USDT:USDT,0.13345,521.0,0.13343,12440.0,0.13358,452.0,0.13359,1192.0
1753546982752,16:23:02.752,AERGO/USDT:USDT,0.13345,973.0,0.13343,12440.0,0.13358,452.0,0.1336,1521.0
1753546982902,16:23:02.902,AERGO/USDT:USDT,0.13345,973.0,0.13343,473.0,0.13358,452.0,0.1336,1521.0
1753546983052,16:23:03.052,AERGO/USDT:USDT,0.13345,973.0,0.13343,473.0,0.13358,1846.0,0.13361,2731.0
1753546983352,16:23:03.352,AERGO/USDT:USDT,0.13345,4718.0,0.13343,473.0,0.13357,452.0,0.13358,568.0
1753546983502,16:23:03.502,AERGO/USDT:USDT,0.13345,4718.0,0.13343,473.0,0.13357,452.0,0.13358,568.0
1753546983652,16:23:03.652,AERGO/USDT:USDT,0.13345,4718.0,0.13343,473.0,0.13357,452.0,0.13358,568.0
1753546983802,16:23:03.802,AERGO/USDT:USDT,0.13345,4718.0,0.13343,473.0,0.13357,452.0,0.13358,568.0
1753546983952,16:23:03.952,AERGO/USDT:USDT,0.13345,4718.0,0.13343,473.0,0.13357,452.0,0.13358,568.0
1753546984253,16:23:04.253,AERGO/USDT:USDT,0.13345,4718.0,0.13343,473.0,0.13357,452.0,0.13358,568.0
1753546984703,16:23:04.703,AERGO/USDT:USDT,0.13345,4718.0,0.13343,473.0,0.13357,452.0,0.13358,568.0
1753546984853,16:23:04.853,AERGO/USDT:USDT,0.13345,4718.0,0.13343,473.0,0.13357,452.0,0.13358,568.0
1753546985153,16:23:05.153,AERGO/USDT:USDT,0.13345,4718.0,0.13343,473.0,0.13357,452.0,0.13358,568.0
1753546985303,16:23:05.303,AERGO/USDT:USDT,0.13345,4718.0,0.13343,473.0,0.13357,452.0,0.13358,568.0
1753546985453,16:23:05.453,AERGO/USDT:USDT,0.13345,4718.0,0.13343,473.0,0.13357,452.0,0.13358,568.0
1753546985603,16:23:05.603,AERGO/USDT:USDT,0.13345,4718.0,0.13343,473.0,0.13357,452.0,0.13358,568.0
1753546986204,16:23:06.204,AERGO/USDT:USDT,0.13345,4718.0,0.13343,473.0,0.13357,452.0,0.13358,568.0
1753546986354,16:23:06.354,AERGO/USDT:USDT,0.13345,4718.0,0.13343,473.0,0.13357,452.0,0.13358,568.0
1753546986504,16:23:06.504,AERGO/USDT:USDT,0.13345,4718.0,0.13343,473.0,0.13357,452.0,0.13358,568.0
1753546986654,16:23:06.654,AERGO/USDT:USDT,0.13345,4718.0,0.13343,473.0,0.13357,452.0,0.13358,568.0
1753546986804,16:23:06.804,AERGO/USDT:USDT,0.13345,4718.0,0.13343,473.0,0.13357,452.0,0.13358,568.0
1753546986954,16:23:06.954,AERGO/USDT:USDT,0.13345,4718.0,0.13343,473.0,0.13357,452.0,0.13358,568.0
1753546987254,16:23:07.254,AERGO/USDT:USDT,0.13345,4718.0,0.13343,473.0,0.13357,452.0,0.13358,568.0
1753546987404,16:23:07.404,AERGO/USDT:USDT,0.13345,4718.0,0.13343,473.0,0.13357,452.0,0.13358,568.0
1753546987555,16:23:07.555,AERGO/USDT:USDT,0.13345,4718.0,0.13343,473.0,0.13357,452.0,0.13358,568.0
1753546987705,16:23:07.705,AERGO/USDT:USDT,0.13345,4718.0,0.13343,473.0,0.13357,452.0,0.13358,568.0
1753546987855,16:23:07.855,AERGO/USDT:USDT,0.13345,4718.0,0.13343,473.0,0.13357,452.0,0.13358,568.0
1753546988005,16:23:08.005,AERGO/USDT:USDT,0.13345,4718.0,0.13343,473.0,0.13357,452.0,0.13358,568.0
1753546988155,16:23:08.155,AERGO/USDT:USDT,0.13345,4718.0,0.13343,473.0,0.13357,452.0,0.13358,568.0
1753546988305,16:23:08.305,AERGO/USDT:USDT,0.13345,4718.0,0.13343,473.0,0.13357,452.0,0.13358,568.0
1753546988455,16:23:08.455,AERGO/USDT:USDT,0.13345,4718.0,0.13343,473.0,0.13357,452.0,0.13358,568.0
1753546988605,16:23:08.605,AERGO/USDT:USDT,0.13345,4718.0,0.13343,473.0,0.13357,452.0,0.13358,568.0
1753546988755,16:23:08.755,AERGO/USDT:USDT,0.13345,4718.0,0.13343,473.0,0.13357,452.0,0.13358,568.0
1753546988905,16:23:08.905,AERGO/USDT:USDT,0.13345,4718.0,0.13343,473.0,0.13357,452.0,0.13358,568.0
1753546989206,16:23:09.206,AERGO/USDT:USDT,0.13345,4718.0,0.13343,473.0,0.13357,452.0,0.13358,568.0
1753546989356,16:23:09.356,AERGO/USDT:USDT,0.13345,4718.0,0.13343,473.0,0.13357,452.0,0.13358,568.0
1753546989506,16:23:09.506,AERGO/USDT:USDT,0.13345,4718.0,0.13343,473.0,0.13357,452.0,0.13358,568.0
1753546989656,16:23:09.656,AERGO/USDT:USDT,0.13345,4718.0,0.13343,473.0,0.13357,452.0,0.13358,568.0
1753546989806,16:23:09.806,AERGO/USDT:USDT,0.13345,4718.0,0.13343,473.0,0.13357,452.0,0.13358,568.0
1753546989956,16:23:09.956,AERGO/USDT:USDT,0.13345,4718.0,0.13343,473.0,0.13357,452.0,0.13358,568.0
1753546990106,16:23:10.106,AERGO/USDT:USDT,0.13345,4718.0,0.13343,473.0,0.13357,452.0,0.13358,568.0
1753546990256,16:23:10.256,AERGO/USDT:USDT,0.13345,4718.0,0.13343,473.0,0.13357,452.0,0.13358,568.0
1753546990406,16:23:10.406,AERGO/USDT:USDT,0.13345,4718.0,0.13343,473.0,0.13357,452.0,0.13358,568.0
1753546990556,16:23:10.556,AERGO/USDT:USDT,0.13345,4718.0,0.13343,473.0,0.13357,452.0,0.13358,568.0
1753546990706,16:23:10.706,AERGO/USDT:USDT,0.13345,4718.0,0.13343,473.0,0.13357,452.0,0.13358,568.0
1753546990857,16:23:10.857,AERGO/USDT:USDT,0.13345,4718.0,0.13343,473.0,0.13357,452.0,0.13358,568.0
1753546991007,16:23:11.007,AERGO/USDT:USDT,0.13345,4718.0,0.13343,473.0,0.13357,452.0,0.13358,568.0
1753546991307,16:23:11.307,AERGO/USDT:USDT,0.13345,4718.0,0.13343,473.0,0.13357,452.0,0.13358,568.0
1753546991457,16:23:11.457,AERGO/USDT:USDT,0.13345,973.0,0.13343,473.0,0.13357,452.0,0.13358,568.0
1753546991607,16:23:11.607,AERGO/USDT:USDT,0.13345,973.0,0.13344,2279.0,0.13357,452.0,0.13359,452.0
1753546991757,16:23:11.757,AERGO/USDT:USDT,0.13345,973.0,0.13344,2279.0,0.13359,452.0,0.13361,4252.0
1753546991907,16:23:11.907,AERGO/USDT:USDT,0.13345,973.0,0.13344,2279.0,0.13359,452.0,0.13361,4252.0
1753546992057,16:23:12.057,AERGO/USDT:USDT,0.13345,973.0,0.13344,2279.0,0.13359,452.0,0.13361,4252.0
1753546992357,16:23:12.357,AERGO/USDT:USDT,0.13345,973.0,0.13344,2279.0,0.13359,452.0,0.13361,4252.0
1753546992658,16:23:12.658,AERGO/USDT:USDT,0.13345,973.0,0.13344,2279.0,0.13359,452.0,0.13361,4252.0
1753546992808,16:23:12.808,AERGO/USDT:USDT,0.13345,973.0,0.13344,2279.0,0.13359,452.0,0.13361,4252.0
1753546992958,16:23:12.958,AERGO/USDT:USDT,0.13345,973.0,0.13344,2279.0,0.13359,452.0,0.13361,4252.0
1753546993258,16:23:13.258,AERGO/USDT:USDT,0.13345,973.0,0.13344,2279.0,0.13359,452.0,0.13361,4252.0
1753546993408,16:23:13.408,AERGO/USDT:USDT,0.13345,973.0,0.13344,2279.0,0.13359,452.0,0.13361,4252.0
1753546993558,16:23:13.558,AERGO/USDT:USDT,0.13345,973.0,0.13344,2279.0,0.13359,452.0,0.13361,4252.0
1753546993708,16:23:13.708,AERGO/USDT:USDT,0.13345,973.0,0.13344,2279.0,0.13359,452.0,0.13361,4252.0
1753546993858,16:23:13.858,AERGO/USDT:USDT,0.13345,973.0,0.13344,2279.0,0.13359,452.0,0.13361,4252.0
1753546994008,16:23:14.008,AERGO/USDT:USDT,0.13345,973.0,0.13344,2279.0,0.13359,452.0,0.13361,4252.0
1753546994159,16:23:14.159,AERGO/USDT:USDT,0.13345,973.0,0.13344,2279.0,0.13359,452.0,0.13361,4252.0
1753546994309,16:23:14.309,AERGO/USDT:USDT,0.13345,973.0,0.13344,2279.0,0.13359,452.0,0.13361,4252.0
1753546994459,16:23:14.459,AERGO/USDT:USDT,0.13345,973.0,0.13344,2279.0,0.13359,452.0,0.13361,4252.0
1753546994609,16:23:14.609,AERGO/USDT:USDT,0.13345,973.0,0.13344,2279.0,0.13359,452.0,0.13361,4252.0
1753546994759,16:23:14.759,AERGO/USDT:USDT,0.13345,973.0,0.13344,2279.0,0.13359,452.0,0.13361,4252.0
1753546994909,16:23:14.909,AERGO/USDT:USDT,0.13345,973.0,0.13344,2279.0,0.13359,452.0,0.13361,4252.0
1753546995059,16:23:15.059,AERGO/USDT:USDT,0.13345,973.0,0.13344,2279.0,0.13359,452.0,0.13361,4252.0
1753546995209,16:23:15.209,AERGO/USDT:USDT,0.13345,973.0,0.13344,2279.0,0.13359,452.0,0.13361,2731.0
1753546995359,16:23:15.359,AERGO/USDT:USDT,0.13345,4718.0,0.13344,2279.0,0.13359,1020.0,0.13361,2731.0
1753546995509,16:23:15.509,AERGO/USDT:USDT,0.13346,1521.0,0.13345,4718.0,0.13358,466.0,0.13361,452.0
1753546996110,16:23:16.110,AERGO/USDT:USDT,0.13347,828.0,0.13346,1883.0,0.1336,466.0,0.13361,2279.0
1753546996260,16:23:16.260,AERGO/USDT:USDT,0.13347,828.0,0.13346,1883.0,0.1336,466.0,0.13361,2279.0
1753546996410,16:23:16.410,AERGO/USDT:USDT,0.13347,828.0,0.13346,1883.0,0.1336,466.0,0.13361,2279.0
1753546996560,16:23:16.560,AERGO/USDT:USDT,0.13347,828.0,0.13346,1883.0,0.1336,466.0,0.13361,2279.0
1753546996860,16:23:16.860,AERGO/USDT:USDT,0.13347,828.0,0.13346,362.0,0.13359,466.0,0.1336,2095.0
1753546997010,16:23:17.010,AERGO/USDT:USDT,0.13347,828.0,0.13346,362.0,0.13359,466.0,0.1336,2095.0
1753546997160,16:23:17.160,AERGO/USDT:USDT,0.13347,828.0,0.13346,362.0,0.13359,466.0,0.1336,2095.0
1753546997310,16:23:17.310,AERGO/USDT:USDT,0.13347,828.0,0.13346,362.0,0.13359,466.0,0.1336,574.0
1753546997460,16:23:17.460,AERGO/USDT:USDT,0.13347,828.0,0.13346,362.0,0.13359,466.0,0.1336,574.0
1753546997611,16:23:17.611,AERGO/USDT:USDT,0.13347,828.0,0.13346,362.0,0.13359,466.0,0.1336,574.0
1753546998061,16:23:18.061,AERGO/USDT:USDT,0.13347,828.0,0.13346,362.0,0.13359,466.0,0.1336,574.0
1753546998211,16:23:18.211,AERGO/USDT:USDT,0.13347,828.0,0.13346,362.0,0.13359,466.0,0.1336,574.0
1753546998511,16:23:18.511,AERGO/USDT:USDT,0.13347,828.0,0.13346,362.0,0.13359,466.0,0.1336,574.0
1753546998661,16:23:18.661,AERGO/USDT:USDT,0.13347,828.0,0.13346,362.0,0.13359,466.0,0.1336,574.0
1753546998811,16:23:18.811,AERGO/USDT:USDT,0.13347,828.0,0.13346,362.0,0.13359,466.0,0.1336,574.0
1753546999112,16:23:19.112,AERGO/USDT:USDT,0.13347,828.0,0.13346,362.0,0.13359,466.0,0.1336,574.0
1753546999262,16:23:19.262,AERGO/USDT:USDT,0.13347,828.0,0.13346,362.0,0.13359,466.0,0.1336,574.0
1753546999412,16:23:19.412,AERGO/USDT:USDT,0.13347,828.0,0.13346,362.0,0.13359,466.0,0.1336,574.0
1753546999562,16:23:19.562,AERGO/USDT:USDT,0.13347,828.0,0.13346,362.0,0.13359,466.0,0.1336,574.0
1753546999712,16:23:19.712,AERGO/USDT:USDT,0.13347,828.0,0.13346,362.0,0.13359,466.0,0.1336,574.0
1753546999862,16:23:19.862,AERGO/USDT:USDT,0.13347,828.0,0.13346,362.0,0.13359,466.0,0.1336,574.0
1753547000012,16:23:20.012,AERGO/USDT:USDT,0.13347,828.0,0.13346,362.0,0.13359,466.0,0.1336,574.0
1753547000613,16:23:20.613,AERGO/USDT:USDT,0.13347,828.0,0.13346,362.0,0.13359,466.0,0.1336,574.0
1753547000763,16:23:20.763,AERGO/USDT:USDT,0.13347,828.0,0.13346,362.0,0.13359,466.0,0.1336,574.0
1753547001063,16:23:21.063,AERGO/USDT:USDT,0.13347,828.0,0.13346,362.0,0.13359,466.0,0.1336,574.0
1753547001213,16:23:21.213,AERGO/USDT:USDT,0.13347,828.0,0.13346,362.0,0.13359,466.0,0.1336,574.0
1753547001363,16:23:21.363,AERGO/USDT:USDT,0.13347,828.0,0.13346,362.0,0.13359,466.0,0.1336,574.0
1753547001513,16:23:21.513,AERGO/USDT:USDT,0.13347,828.0,0.13346,362.0,0.13359,466.0,0.1336,574.0
1753547001813,16:23:21.813,AERGO/USDT:USDT,0.13347,828.0,0.13346,362.0,0.13359,466.0,0.1336,574.0
1753547001964,16:23:21.964,AERGO/USDT:USDT,0.13347,828.0,0.13346,362.0,0.13359,466.0,0.1336,574.0
1753547002114,16:23:22.114,AERGO/USDT:USDT,0.13347,828.0,0.13346,362.0,0.13359,466.0,0.1336,574.0
1753547002264,16:23:22.264,AERGO/USDT:USDT,0.13347,828.0,0.13346,362.0,0.13359,466.0,0.13361,2745.0
1753547002414,16:23:22.414,AERGO/USDT:USDT,0.13347,828.0,0.13346,362.0,0.13359,466.0,0.13361,2745.0
1753547002564,16:23:22.564,AERGO/USDT:USDT,0.13347,828.0,0.13346,362.0,0.13359,466.0,0.13361,2745.0
1753547002714,16:23:22.714,AERGO/USDT:USDT,0.13347,828.0,0.13346,362.0,0.13359,466.0,0.13361,2745.0
1753547003164,16:23:23.164,AERGO/USDT:USDT,0.13347,828.0,0.13346,362.0,0.13359,466.0,0.13361,2745.0
1753547003314,16:23:23.314,AERGO/USDT:USDT,0.13347,828.0,0.13346,362.0,0.13359,466.0,0.13361,2745.0
1753547003764,16:23:23.764,AERGO/USDT:USDT,0.13347,828.0,0.13346,362.0,0.13359,466.0,0.13361,2745.0
1753547004215,16:23:24.215,AERGO/USDT:USDT,0.13347,828.0,0.13346,362.0,0.13359,466.0,0.13361,2745.0
1753547005115,16:23:25.115,AERGO/USDT:USDT,0.13347,828.0,0.13346,362.0,0.13359,466.0,0.13361,2745.0
1753547005265,16:23:25.265,AERGO/USDT:USDT,0.13347,828.0,0.13346,362.0,0.13359,466.0,0.13361,2745.0
1753547005716,16:23:25.716,AERGO/USDT:USDT,0.13347,828.0,0.13346,362.0,0.13359,466.0,0.13361,2745.0
1753547005866,16:23:25.866,AERGO/USDT:USDT,0.13347,828.0,0.13346,362.0,0.13359,466.0,0.13361,2745.0
1753547006166,16:23:26.166,AERGO/USDT:USDT,0.13347,828.0,0.13346,362.0,0.13359,466.0,0.13361,2745.0
1753547006316,16:23:26.316,AERGO/USDT:USDT,0.13347,828.0,0.13346,362.0,0.13359,466.0,0.13361,2745.0
1753547006466,16:23:26.466,AERGO/USDT:USDT,0.13347,828.0,0.13346,362.0,0.13359,466.0,0.13361,2745.0
1753547006616,16:23:26.616,AERGO/USDT:USDT,0.13347,828.0,0.13346,362.0,0.13359,466.0,0.13361,2745.0
1753547006766,16:23:26.766,AERGO/USDT:USDT,0.13347,828.0,0.13346,362.0,0.13359,466.0,0.13361,2745.0
1753547006916,16:23:26.916,AERGO/USDT:USDT,0.13347,828.0,0.13346,362.0,0.13359,466.0,0.13361,2745.0
1753547007367,16:23:27.367,AERGO/USDT:USDT,0.13347,828.0,0.13346,362.0,0.13359,466.0,0.13361,2745.0
1753547007517,16:23:27.517,AERGO/USDT:USDT,0.13347,828.0,0.13346,362.0,0.13359,466.0,0.13361,2745.0
1753547007667,16:23:27.667,AERGO/USDT:USDT,0.13347,828.0,0.13346,362.0,0.13359,466.0,0.13361,2745.0
1753547007817,16:23:27.817,AERGO/USDT:USDT,0.13348,462.0,0.13347,362.0,0.13359,466.0,0.13361,2745.0
1753547007967,16:23:27.967,AERGO/USDT:USDT,0.13348,824.0,0.13347,362.0,0.13359,466.0,0.13361,2745.0
1753547008117,16:23:28.117,AERGO/USDT:USDT,0.13349,462.0,0.13348,362.0,0.13359,466.0,0.13361,2745.0
1753547008417,16:23:28.417,AERGO/USDT:USDT,0.13349,462.0,0.13348,362.0,0.13359,466.0,0.13361,2745.0
1753547008717,16:23:28.717,AERGO/USDT:USDT,0.13349,462.0,0.13348,362.0,0.13359,466.0,0.13361,2745.0
1753547009468,16:23:29.468,AERGO/USDT:USDT,0.13349,462.0,0.13348,362.0,0.13359,466.0,0.1336,1521.0
1753547009918,16:23:29.918,AERGO/USDT:USDT,0.13349,462.0,0.13348,362.0,0.13359,466.0,0.1336,1521.0
1753547010218,16:23:30.218,AERGO/USDT:USDT,0.13349,462.0,0.13348,362.0,0.13359,466.0,0.1336,1521.0
1753547010368,16:23:30.368,AERGO/USDT:USDT,0.13349,462.0,0.13348,362.0,0.13359,466.0,0.1336,1521.0
1753547010519,16:23:30.519,AERGO/USDT:USDT,0.13349,462.0,0.13348,362.0,0.13359,466.0,0.1336,1521.0
1753547010819,16:23:30.819,AERGO/USDT:USDT,0.13349,462.0,0.13348,362.0,0.13359,466.0,0.1336,1521.0
1753547011119,16:23:31.119,AERGO/USDT:USDT,0.13349,462.0,0.13348,362.0,0.13359,466.0,0.1336,1521.0
1753547011419,16:23:31.419,AERGO/USDT:USDT,0.13349,462.0,0.13348,362.0,0.13359,466.0,0.1336,1521.0
1753547011719,16:23:31.719,AERGO/USDT:USDT,0.13349,462.0,0.13348,362.0,0.13359,466.0,0.1336,1521.0
1753547011869,16:23:31.869,AERGO/USDT:USDT,0.13349,462.0,0.13348,362.0,0.13359,466.0,0.1336,1521.0
1753547012170,16:23:32.170,AERGO/USDT:USDT,0.13349,462.0,0.13348,362.0,0.13359,466.0,0.1336,1521.0
1753547012320,16:23:32.320,AERGO/USDT:USDT,0.13349,462.0,0.13348,362.0,0.13359,466.0,0.1336,1521.0
1753547012470,16:23:32.470,AERGO/USDT:USDT,0.13349,462.0,0.13348,362.0,0.13359,466.0,0.1336,1521.0
1753547012620,16:23:32.620,AERGO/USDT:USDT,0.13349,462.0,0.13348,362.0,0.13359,466.0,0.1336,1521.0
1753547012920,16:23:32.920,AERGO/USDT:USDT,0.13349,462.0,0.13348,362.0,0.13359,466.0,0.13361,2745.0
1753547013070,16:23:33.070,AERGO/USDT:USDT,0.13349,462.0,0.13348,362.0,0.13359,466.0,0.13361,2745.0
1753547013220,16:23:33.220,AERGO/USDT:USDT,0.13349,462.0,0.13348,362.0,0.13359,466.0,0.13361,2745.0
1753547013520,16:23:33.520,AERGO/USDT:USDT,0.13349,462.0,0.13348,362.0,0.13359,466.0,0.13361,2745.0
1753547013671,16:23:33.671,AERGO/USDT:USDT,0.13349,462.0,0.13348,362.0,0.13359,466.0,0.13361,2745.0
1753547013971,16:23:33.971,AERGO/USDT:USDT,0.13349,462.0,0.13348,362.0,0.13359,466.0,0.13361,2745.0
1753547014271,16:23:34.271,AERGO/USDT:USDT,0.13349,462.0,0.13348,362.0,0.13359,466.0,0.13361,2745.0
1753547014421,16:23:34.421,AERGO/USDT:USDT,0.13349,824.0,0.13348,362.0,0.13359,466.0,0.13361,2745.0
1753547014571,16:23:34.571,AERGO/USDT:USDT,0.1335,468.0,0.13349,362.0,0.13359,466.0,0.13361,2745.0
1753547014871,16:23:34.871,AERGO/USDT:USDT,0.1335,468.0,0.13349,362.0,0.13359,466.0,0.13361,2745.0
1753547015021,16:23:35.021,AERGO/USDT:USDT,0.1335,468.0,0.13349,362.0,0.13359,466.0,0.13361,2745.0
1753547015321,16:23:35.321,AERGO/USDT:USDT,0.1335,468.0,0.13349,362.0,0.13359,466.0,0.13361,2745.0
1753547015472,16:23:35.472,AERGO/USDT:USDT,0.1335,468.0,0.13349,362.0,0.13359,466.0,0.13361,2745.0
1753547015772,16:23:35.772,AERGO/USDT:USDT,0.1335,468.0,0.13349,362.0,0.13359,466.0,0.13361,2745.0
1753547015922,16:23:35.922,AERGO/USDT:USDT,0.1335,468.0,0.13349,362.0,0.13359,466.0,0.13361,2745.0
1753547016072,16:23:36.072,AERGO/USDT:USDT,0.1335,468.0,0.13349,362.0,0.13359,466.0,0.13361,2745.0
1753547016672,16:23:36.672,AERGO/USDT:USDT,0.1335,468.0,0.13349,362.0,0.13359,466.0,0.13361,2745.0
1753547016972,16:23:36.972,AERGO/USDT:USDT,0.1335,468.0,0.13349,362.0,0.13359,466.0,0.13361,2745.0
1753547017273,16:23:37.273,AERGO/USDT:USDT,0.1335,468.0,0.13349,362.0,0.13359,466.0,0.13361,2745.0
1753547017723,16:23:37.723,AERGO/USDT:USDT,0.1335,468.0,0.13349,362.0,0.13359,466.0,0.13361,2745.0
1753547018173,16:23:38.173,AERGO/USDT:USDT,0.1335,468.0,0.13349,362.0,0.13359,466.0,0.13361,2745.0
1753547018623,16:23:38.623,AERGO/USDT:USDT,0.1335,468.0,0.13349,362.0,0.13359,466.0,0.13361,2745.0
1753547018774,16:23:38.774,AERGO/USDT:USDT,0.1335,468.0,0.13349,362.0,0.13359,466.0,0.13361,2745.0
1753547018924,16:23:38.924,AERGO/USDT:USDT,0.1335,468.0,0.13349,362.0,0.13359,466.0,0.13361,2745.0
1753547019074,16:23:39.074,AERGO/USDT:USDT,0.1335,468.0,0.13349,362.0,0.13359,466.0,0.13361,2745.0
1753547019374,16:23:39.374,AERGO/USDT:USDT,0.1335,468.0,0.13349,362.0,0.13359,466.0,0.13361,2745.0
1753547019974,16:23:39.974,AERGO/USDT:USDT,0.1335,468.0,0.13349,362.0,0.13359,466.0,0.13361,2745.0
1753547020425,16:23:40.425,AERGO/USDT:USDT,0.1335,468.0,0.13349,362.0,0.13359,466.0,0.13361,2745.0
1753547020575,16:23:40.575,AERGO/USDT:USDT,0.1335,468.0,0.13349,362.0,0.13359,466.0,0.13361,2745.0
1753547021025,16:23:41.025,AERGO/USDT:USDT,0.1335,468.0,0.13349,362.0,0.13359,466.0,0.13361,2745.0
1753547021175,16:23:41.175,AERGO/USDT:USDT,0.1335,468.0,0.13349,362.0,0.13359,466.0,0.13361,2745.0
1753547021625,16:23:41.625,AERGO/USDT:USDT,0.1335,468.0,0.13349,362.0,0.13359,466.0,0.13361,2745.0
1753547021775,16:23:41.775,AERGO/USDT:USDT,0.1335,468.0,0.13349,362.0,0.13359,466.0,0.13361,2745.0
1753547022076,16:23:42.076,AERGO/USDT:USDT,0.1335,830.0,0.13349,362.0,0.13359,702.0,0.13361,2745.0
1753547022226,16:23:42.226,AERGO/USDT:USDT,0.13351,470.0,0.1335,362.0,0.13358,470.0,0.13359,236.0
1753547022376,16:23:42.376,AERGO/USDT:USDT,0.13351,470.0,0.1335,362.0,0.13358,470.0,0.13359,236.0
1753547022526,16:23:42.526,AERGO/USDT:USDT,0.13351,470.0,0.1335,362.0,0.13358,470.0,0.13359,236.0
1753547022976,16:23:42.976,AERGO/USDT:USDT,0.13351,470.0,0.1335,362.0,0.13358,470.0,0.13359,236.0
1753547023276,16:23:43.276,AERGO/USDT:USDT,0.13351,470.0,0.1335,362.0,0.13358,470.0,0.13359,236.0
1753547023426,16:23:43.426,AERGO/USDT:USDT,0.13351,470.0,0.1335,362.0,0.13358,470.0,0.13359,236.0
1753547023877,16:23:43.877,AERGO/USDT:USDT,0.13351,470.0,0.1335,362.0,0.13358,470.0,0.13359,236.0
1753547024777,16:23:44.777,AERGO/USDT:USDT,0.13351,470.0,0.1335,362.0,0.13358,470.0,0.13359,236.0
1753547024927,16:23:44.927,AERGO/USDT:USDT,0.13351,470.0,0.1335,362.0,0.13358,470.0,0.13359,236.0
1753547025228,16:23:45.228,AERGO/USDT:USDT,0.13351,470.0,0.1335,362.0,0.13358,470.0,0.13359,236.0
1753547025828,16:23:45.828,AERGO/USDT:USDT,0.13351,470.0,0.1335,362.0,0.13358,470.0,0.13359,236.0
1753547026128,16:23:46.128,AERGO/USDT:USDT,0.13351,470.0,0.1335,362.0,0.13358,470.0,0.13359,236.0
1753547026578,16:23:46.578,AERGO/USDT:USDT,0.13351,470.0,0.1335,362.0,0.13358,470.0,0.13359,236.0
1753547026728,16:23:46.728,AERGO/USDT:USDT,0.13351,470.0,0.1335,362.0,0.13358,470.0,0.13359,236.0
1753547027029,16:23:47.029,AERGO/USDT:USDT,0.13351,470.0,0.1335,362.0,0.13358,470.0,0.13359,236.0
1753547027629,16:23:47.629,AERGO/USDT:USDT,0.13351,470.0,0.1335,362.0,0.13358,470.0,0.13359,236.0
1753547028379,16:23:48.379,AERGO/USDT:USDT,0.13351,470.0,0.1335,362.0,0.13358,470.0,0.13359,236.0
1753547028530,16:23:48.530,AERGO/USDT:USDT,0.13351,470.0,0.1335,362.0,0.13358,470.0,0.13361,2745.0
1753547028680,16:23:48.680,AERGO/USDT:USDT,0.13351,470.0,0.1335,362.0,0.13358,470.0,0.13361,2745.0
1753547028830,16:23:48.830,AERGO/USDT:USDT,0.13351,470.0,0.1335,362.0,0.13358,470.0,0.13361,2745.0
1753547028980,16:23:48.980,AERGO/USDT:USDT,0.13351,470.0,0.1335,362.0,0.13358,470.0,0.13361,2745.0
1753547029130,16:23:49.130,AERGO/USDT:USDT,0.13351,470.0,0.1335,362.0,0.13358,470.0,0.13361,2745.0
1753547029430,16:23:49.430,AERGO/USDT:USDT,0.13351,470.0,0.1335,362.0,0.13358,470.0,0.13361,2745.0
1753547029580,16:23:49.580,AERGO/USDT:USDT,0.13351,470.0,0.1335,362.0,0.13358,470.0,0.13361,2745.0
1753547029730,16:23:49.730,AERGO/USDT:USDT,0.13351,470.0,0.1335,362.0,0.13358,470.0,0.13361,2745.0
1753547030331,16:23:50.331,AERGO/USDT:USDT,0.13351,470.0,0.1335,362.0,0.13358,470.0,0.13361,2745.0
1753547030481,16:23:50.481,AERGO/USDT:USDT,0.13351,470.0,0.1335,362.0,0.13358,470.0,0.13361,2745.0
1753547030631,16:23:50.631,AERGO/USDT:USDT,0.13351,470.0,0.1335,362.0,0.13358,470.0,0.13361,2745.0
1753547030781,16:23:50.781,AERGO/USDT:USDT,0.13351,470.0,0.1335,362.0,0.13358,470.0,0.13361,2745.0
1753547031231,16:23:51.231,AERGO/USDT:USDT,0.13351,470.0,0.1335,362.0,0.13358,470.0,0.13361,2745.0
1753547031381,16:23:51.381,AERGO/USDT:USDT,0.13351,470.0,0.1335,362.0,0.13358,470.0,0.13361,2745.0
1753547031681,16:23:51.681,AERGO/USDT:USDT,0.13351,470.0,0.1335,362.0,0.13358,470.0,0.13361,2745.0
1753547032132,16:23:52.132,AERGO/USDT:USDT,0.13351,470.0,0.1335,362.0,0.13358,470.0,0.13361,2745.0
1753547032582,16:23:52.582,AERGO/USDT:USDT,0.13351,470.0,0.1335,362.0,0.13358,470.0,0.13361,2745.0
1753547033033,16:23:53.033,AERGO/USDT:USDT,0.13351,470.0,0.1335,362.0,0.13358,470.0,0.13361,2745.0
1753547033183,16:23:53.183,AERGO/USDT:USDT,0.13351,470.0,0.1335,362.0,0.13358,470.0,0.13361,2745.0
1753547033333,16:23:53.333,AERGO/USDT:USDT,0.13351,470.0,0.1335,362.0,0.13358,470.0,0.13361,2745.0
1753547033483,16:23:53.483,AERGO/USDT:USDT,0.13351,470.0,0.1335,362.0,0.13358,470.0,0.13361,2745.0
1753547033633,16:23:53.633,AERGO/USDT:USDT,0.13351,470.0,0.1335,362.0,0.13358,470.0,0.13361,2745.0
1753547033783,16:23:53.783,AERGO/USDT:USDT,0.13351,470.0,0.1335,362.0,0.13358,470.0,0.13361,2745.0
1753547033933,16:23:53.933,AERGO/USDT:USDT,0.13351,470.0,0.1335,362.0,0.13358,470.0,0.13361,2745.0
1753547034083,16:23:54.083,AERGO/USDT:USDT,0.13351,470.0,0.1335,362.0,0.13358,470.0,0.13361,2745.0
1753547034233,16:23:54.233,AERGO/USDT:USDT,0.13351,470.0,0.1335,362.0,0.13358,470.0,0.13361,2745.0
1753547034534,16:23:54.534,AERGO/USDT:USDT,0.13351,470.0,0.1335,362.0,0.13358,470.0,0.13361,2745.0
1753547034834,16:23:54.834,AERGO/USDT:USDT,0.13351,470.0,0.1335,362.0,0.13358,470.0,0.13361,2745.0
1753547035134,16:23:55.134,AERGO/USDT:USDT,0.13351,470.0,0.1335,362.0,0.13358,470.0,0.13361,2745.0
1753547035434,16:23:55.434,AERGO/USDT:USDT,0.13351,470.0,0.1335,362.0,0.13358,470.0,0.13361,2745.0
1753547035885,16:23:55.885,AERGO/USDT:USDT,0.13351,470.0,0.1335,362.0,0.13358,470.0,0.13361,2745.0
1753547036035,16:23:56.035,AERGO/USDT:USDT,0.13351,470.0,0.1335,362.0,0.13358,470.0,0.13361,2745.0
1753547036185,16:23:56.185,AERGO/USDT:USDT,0.13351,470.0,0.1335,362.0,0.13358,470.0,0.13361,2745.0
1753547036335,16:23:56.335,AERGO/USDT:USDT,0.13351,470.0,0.1335,362.0,0.13358,470.0,0.13361,2745.0
1753547036785,16:23:56.785,AERGO/USDT:USDT,0.13351,470.0,0.1335,362.0,0.13358,470.0,0.13361,2745.0
1753547037085,16:23:57.085,AERGO/USDT:USDT,0.13351,470.0,0.1335,362.0,0.13358,470.0,0.13361,2745.0
1753547037235,16:23:57.235,AERGO/USDT:USDT,0.13351,470.0,0.1335,362.0,0.13358,470.0,0.13361,2745.0
1753547037385,16:23:57.385,AERGO/USDT:USDT,0.13351,470.0,0.1335,362.0,0.13358,470.0,0.13361,2745.0
1753547037686,16:23:57.686,AERGO/USDT:USDT,0.13351,470.0,0.1335,362.0,0.13358,470.0,0.13361,2745.0
1753547037836,16:23:57.836,AERGO/USDT:USDT,0.13351,470.0,0.1335,362.0,0.13358,470.0,0.13361,2745.0
1753547037986,16:23:57.986,AERGO/USDT:USDT,0.13351,470.0,0.1335,362.0,0.13358,470.0,0.13361,2745.0
1753547038286,16:23:58.286,AERGO/USDT:USDT,0.13351,470.0,0.1335,362.0,0.13358,470.0,0.13361,2745.0
1753547038436,16:23:58.436,AERGO/USDT:USDT,0.13351,470.0,0.1335,362.0,0.13358,470.0,0.13361,2745.0
1753547038886,16:23:58.886,AERGO/USDT:USDT,0.13351,470.0,0.1335,362.0,0.13358,470.0,0.13361,2745.0
1753547039036,16:23:59.036,AERGO/USDT:USDT,0.13351,470.0,0.1335,362.0,0.13358,470.0,0.13361,2745.0
1753547039186,16:23:59.186,AERGO/USDT:USDT,0.13351,470.0,0.1335,362.0,0.13358,470.0,0.13361,2745.0
1753547039337,16:23:59.337,AERGO/USDT:USDT,0.13351,470.0,0.1335,362.0,0.13358,470.0,0.13361,2745.0
1753547039637,16:23:59.637,AERGO/USDT:USDT,0.13351,470.0,0.1335,362.0,0.13358,470.0,0.13361,2745.0
1753547039937,16:23:59.937,AERGO/USDT:USDT,0.13351,470.0,0.1335,362.0,0.13358,470.0,0.13361,2745.0
1753547040087,16:24:00.087,AERGO/USDT:USDT,0.13351,470.0,0.1335,362.0,0.13358,470.0,0.13361,2745.0
1753547040237,16:24:00.237,AERGO/USDT:USDT,0.13351,470.0,0.1335,606.0,0.13358,470.0,0.13361,2745.0
1753547040387,16:24:00.387,AERGO/USDT:USDT,0.13351,470.0,0.1335,606.0,0.13358,470.0,0.13361,2745.0
1753547040687,16:24:00.687,AERGO/USDT:USDT,0.13351,470.0,0.1335,606.0,0.13358,470.0,0.13361,2745.0
1753547040837,16:24:00.837,AERGO/USDT:USDT,0.13351,470.0,0.1335,606.0,0.13358,470.0,0.13361,2745.0
1753547041138,16:24:01.138,AERGO/USDT:USDT,0.13351,470.0,0.1335,606.0,0.13358,470.0,0.13361,2745.0
1753547041438,16:24:01.438,AERGO/USDT:USDT,0.13351,470.0,0.1335,606.0,0.13358,470.0,0.13361,2745.0
1753547041588,16:24:01.588,AERGO/USDT:USDT,0.13351,470.0,0.1335,606.0,0.13358,470.0,0.13361,2745.0
1753547041738,16:24:01.738,AERGO/USDT:USDT,0.13351,470.0,0.1335,606.0,0.13358,470.0,0.13361,2745.0
1753547042038,16:24:02.038,AERGO/USDT:USDT,0.13351,470.0,0.1335,606.0,0.13358,470.0,0.13361,2745.0
1753547042338,16:24:02.338,AERGO/USDT:USDT,0.13351,470.0,0.1335,606.0,0.13358,470.0,0.13361,2745.0
1753547042488,16:24:02.488,AERGO/USDT:USDT,0.13351,470.0,0.1335,606.0,0.13358,470.0,0.13361,2745.0
1753547042638,16:24:02.638,AERGO/USDT:USDT,0.13351,470.0,0.1335,606.0,0.13358,470.0,0.13361,2745.0
1753547042939,16:24:02.939,AERGO/USDT:USDT,0.13351,470.0,0.1335,606.0,0.13358,470.0,0.13361,2745.0
1753547043089,16:24:03.089,AERGO/USDT:USDT,0.13351,470.0,0.1335,606.0,0.13358,470.0,0.13361,2745.0
1753547043389,16:24:03.389,AERGO/USDT:USDT,0.13351,470.0,0.1335,606.0,0.13358,470.0,0.13361,2745.0
1753547043689,16:24:03.689,AERGO/USDT:USDT,0.13351,470.0,0.1335,606.0,0.13358,470.0,0.13361,2745.0
1753547043839,16:24:03.839,AERGO/USDT:USDT,0.13351,470.0,0.1335,606.0,0.13358,470.0,0.13361,2745.0
1753547044140,16:24:04.140,AERGO/USDT:USDT,0.13351,470.0,0.1335,606.0,0.13358,470.0,0.13361,2745.0
1753547044290,16:24:04.290,AERGO/USDT:USDT,0.13351,470.0,0.1335,606.0,0.13358,470.0,0.13361,2745.0
1753547044440,16:24:04.440,AERGO/USDT:USDT,0.13351,470.0,0.1335,606.0,0.13358,470.0,0.13361,2745.0
1753547044590,16:24:04.590,AERGO/USDT:USDT,0.13351,470.0,0.1335,606.0,0.13358,470.0,0.13361,2745.0
1753547044740,16:24:04.740,AERGO/USDT:USDT,0.13351,470.0,0.1335,606.0,0.13358,470.0,0.13361,2745.0
1753547044890,16:24:04.890,AERGO/USDT:USDT,0.13351,470.0,0.1335,606.0,0.13358,470.0,0.13361,2745.0
1753547045040,16:24:05.040,AERGO/USDT:USDT,0.13351,470.0,0.1335,606.0,0.13358,470.0,0.13361,2745.0
1753547045190,16:24:05.190,AERGO/USDT:USDT,0.13351,470.0,0.1335,606.0,0.13358,470.0,0.13361,2745.0
1753547045641,16:24:05.641,AERGO/USDT:USDT,0.13351,470.0,0.1335,606.0,0.13358,470.0,0.13361,2745.0
1753547045791,16:24:05.791,AERGO/USDT:USDT,0.13351,470.0,0.1335,606.0,0.13358,470.0,0.13361,2745.0
1753547045941,16:24:05.941,AERGO/USDT:USDT,0.13351,470.0,0.1335,606.0,0.13358,470.0,0.13361,2745.0
1753547046391,16:24:06.391,AERGO/USDT:USDT,0.13351,470.0,0.1335,606.0,0.13358,470.0,0.13361,2745.0
1753547046541,16:24:06.541,AERGO/USDT:USDT,0.13351,470.0,0.1335,606.0,0.13358,470.0,0.13361,2745.0
1753547046691,16:24:06.691,AERGO/USDT:USDT,0.13351,470.0,0.1335,606.0,0.13358,470.0,0.13361,2745.0
1753547046991,16:24:06.991,AERGO/USDT:USDT,0.13351,470.0,0.1335,606.0,0.13358,470.0,0.13361,2745.0
1753547047141,16:24:07.141,AERGO/USDT:USDT,0.13351,470.0,0.1335,606.0,0.13358,470.0,0.13361,2745.0
1753547047292,16:24:07.292,AERGO/USDT:USDT,0.13351,470.0,0.1335,606.0,0.13358,470.0,0.13361,2745.0
1753547047592,16:24:07.592,AERGO/USDT:USDT,0.13351,470.0,0.1335,606.0,0.13358,470.0,0.13361,2745.0
1753547047742,16:24:07.742,AERGO/USDT:USDT,0.13351,470.0,0.1335,606.0,0.13358,470.0,0.13361,2745.0
1753547047892,16:24:07.892,AERGO/USDT:USDT,0.13351,470.0,0.1335,606.0,0.13358,470.0,0.13361,2745.0
1753547048042,16:24:08.042,AERGO/USDT:USDT,0.13351,470.0,0.1335,606.0,0.13358,470.0,0.13361,2745.0
1753547048192,16:24:08.192,AERGO/USDT:USDT,0.13351,470.0,0.1335,606.0,0.13358,470.0,0.13361,2745.0
1753547048342,16:24:08.342,AERGO/USDT:USDT,0.13351,470.0,0.1335,606.0,0.13358,470.0,0.13361,2745.0
1753547048642,16:24:08.642,AERGO/USDT:USDT,0.13351,470.0,0.1335,606.0,0.13358,470.0,0.13361,2745.0
1753547048793,16:24:08.793,AERGO/USDT:USDT,0.13351,470.0,0.1335,606.0,0.13358,470.0,0.13361,2745.0
1753547048943,16:24:08.943,AERGO/USDT:USDT,0.13351,470.0,0.1335,606.0,0.13358,470.0,0.13361,2745.0
1753547049243,16:24:09.243,AERGO/USDT:USDT,0.13351,470.0,0.1335,606.0,0.13358,470.0,0.13361,2745.0
1753547049393,16:24:09.393,AERGO/USDT:USDT,0.13351,470.0,0.1335,606.0,0.13358,470.0,0.13361,2745.0
1753547049693,16:24:09.693,AERGO/USDT:USDT,0.13351,470.0,0.1335,606.0,0.13358,470.0,0.13361,2745.0
1753547049993,16:24:09.993,AERGO/USDT:USDT,0.13351,470.0,0.1335,606.0,0.13358,470.0,0.13361,2745.0
1753547050143,16:24:10.143,AERGO/USDT:USDT,0.13351,470.0,0.1335,606.0,0.13358,470.0,0.13361,2745.0
1753547050294,16:24:10.294,AERGO/USDT:USDT,0.13351,470.0,0.1335,606.0,0.13358,470.0,0.13361,2745.0
1753547050744,16:24:10.744,AERGO/USDT:USDT,0.13351,470.0,0.1335,606.0,0.13358,470.0,0.13361,2745.0
1753547051044,16:24:11.044,AERGO/USDT:USDT,0.13351,470.0,0.1335,606.0,0.13358,470.0,0.13361,2745.0
1753547051194,16:24:11.194,AERGO/USDT:USDT,0.13351,470.0,0.1335,606.0,0.13358,470.0,0.13361,2745.0
1753547051944,16:24:11.944,AERGO/USDT:USDT,0.13351,470.0,0.1335,606.0,0.13358,470.0,0.13361,4266.0
1753547052695,16:24:12.695,AERGO/USDT:USDT,0.13351,470.0,0.1335,606.0,0.13358,470.0,0.13361,4266.0
1753547052995,16:24:12.995,AERGO/USDT:USDT,0.13351,470.0,0.1335,606.0,0.13358,470.0,0.13361,4266.0
1753547053145,16:24:13.145,AERGO/USDT:USDT,0.13351,470.0,0.1335,606.0,0.13358,470.0,0.13361,4266.0
1753547054196,16:24:14.196,AERGO/USDT:USDT,0.13351,470.0,0.1335,606.0,0.13358,470.0,0.13361,4266.0
1753547054346,16:24:14.346,AERGO/USDT:USDT,0.13351,470.0,0.1335,606.0,0.13358,470.0,0.13361,4266.0
1753547054496,16:24:14.496,AERGO/USDT:USDT,0.13351,470.0,0.1335,606.0,0.13358,470.0,0.13361,4266.0
1753547055096,16:24:15.096,AERGO/USDT:USDT,0.13351,470.0,0.1335,606.0,0.13358,470.0,0.13361,4266.0
1753547055247,16:24:15.247,AERGO/USDT:USDT,0.13351,470.0,0.1335,606.0,0.13358,470.0,0.13361,4266.0
1753547055547,16:24:15.547,AERGO/USDT:USDT,0.13351,470.0,0.1335,606.0,0.13358,470.0,0.13361,4266.0
1753547055697,16:24:15.697,AERGO/USDT:USDT,0.13351,470.0,0.1335,606.0,0.13358,470.0,0.13361,4266.0
1753547055997,16:24:15.997,AERGO/USDT:USDT,0.13351,470.0,0.1335,606.0,0.13358,470.0,0.13361,4266.0
1753547056147,16:24:16.147,AERGO/USDT:USDT,0.13351,470.0,0.1335,606.0,0.13358,470.0,0.13361,4266.0
1753547056297,16:24:16.297,AERGO/USDT:USDT,0.13351,470.0,0.1335,606.0,0.13358,470.0,0.13361,4266.0
1753547056447,16:24:16.447,AERGO/USDT:USDT,0.13351,470.0,0.1335,606.0,0.13358,470.0,0.13361,4266.0
1753547056597,16:24:16.597,AERGO/USDT:USDT,0.13351,470.0,0.1335,606.0,0.13358,470.0,0.13361,4266.0
1753547056747,16:24:16.747,AERGO/USDT:USDT,0.13351,470.0,0.1335,606.0,0.13358,470.0,0.13361,4266.0
1753547057198,16:24:17.198,AERGO/USDT:USDT,0.13351,470.0,0.1335,606.0,0.13358,470.0,0.13361,4266.0
1753547057498,16:24:17.498,AERGO/USDT:USDT,0.13351,470.0,0.1335,606.0,0.13358,470.0,0.13361,4266.0
1753547057948,16:24:17.948,AERGO/USDT:USDT,0.13351,470.0,0.1335,606.0,0.13358,470.0,0.13361,4266.0
1753547058098,16:24:18.098,AERGO/USDT:USDT,0.13351,470.0,0.1335,606.0,0.13358,470.0,0.13361,4266.0
1753547058549,16:24:18.549,AERGO/USDT:USDT,0.13351,470.0,0.1335,606.0,0.13358,470.0,0.13361,4266.0
1753547058699,16:24:18.699,AERGO/USDT:USDT,0.13351,470.0,0.1335,606.0,0.13358,470.0,0.13361,4266.0
1753547058849,16:24:18.849,AERGO/USDT:USDT,0.13351,470.0,0.1335,606.0,0.13358,470.0,0.13361,4266.0
1753547059299,16:24:19.299,AERGO/USDT:USDT,0.13351,470.0,0.1335,606.0,0.13358,470.0,0.13361,4266.0
1753547059449,16:24:19.449,AERGO/USDT:USDT,0.13351,470.0,0.1335,606.0,0.13358,470.0,0.13361,4266.0
1753547059749,16:24:19.749,AERGO/USDT:USDT,0.13351,470.0,0.1335,606.0,0.13358,470.0,0.13361,4266.0
1753547060200,16:24:20.200,AERGO/USDT:USDT,0.13351,470.0,0.1335,606.0,0.13358,470.0,0.13361,4266.0
1753547060350,16:24:20.350,AERGO/USDT:USDT,0.13351,470.0,0.1335,606.0,0.13358,470.0,0.13361,4266.0
1753547060500,16:24:20.500,AERGO/USDT:USDT,0.13351,470.0,0.1335,606.0,0.13358,470.0,0.13361,4266.0
1753547060951,16:24:20.951,AERGO/USDT:USDT,0.13351,470.0,0.1335,606.0,0.13358,470.0,0.13361,4266.0
1753547061101,16:24:21.101,AERGO/USDT:USDT,0.13351,470.0,0.1335,606.0,0.13358,470.0,0.13361,4266.0
1753547061251,16:24:21.251,AERGO/USDT:USDT,0.13351,470.0,0.1335,606.0,0.13358,470.0,0.13361,4266.0
1753547061401,16:24:21.401,AERGO/USDT:USDT,0.13351,470.0,0.1335,606.0,0.13358,470.0,0.13361,4266.0
1753547061551,16:24:21.551,AERGO/USDT:USDT,0.13351,470.0,0.1335,606.0,0.13358,470.0,0.13361,4266.0
1753547061701,16:24:21.701,AERGO/USDT:USDT,0.13351,470.0,0.1335,606.0,0.13358,470.0,0.13361,4266.0
1753547062001,16:24:22.001,AERGO/USDT:USDT,0.13351,470.0,0.1335,606.0,0.13358,470.0,0.13361,4266.0
1753547062302,16:24:22.302,AERGO/USDT:USDT,0.13351,470.0,0.1335,606.0,0.13358,470.0,0.13361,4266.0
1753547062452,16:24:22.452,AERGO/USDT:USDT,0.13351,470.0,0.1335,606.0,0.13358,470.0,0.13361,4266.0
1753547062602,16:24:22.602,AERGO/USDT:USDT,0.13351,470.0,0.1335,606.0,0.13358,470.0,0.13361,4266.0
1753547062752,16:24:22.752,AERGO/USDT:USDT,0.13351,470.0,0.1335,606.0,0.13358,470.0,0.13361,4266.0
1753547063352,16:24:23.352,AERGO/USDT:USDT,0.13351,470.0,0.1335,606.0,0.13358,470.0,0.13361,4266.0
1753547063502,16:24:23.502,AERGO/USDT:USDT,0.13351,470.0,0.1335,606.0,0.13358,470.0,0.13361,4266.0
1753547063652,16:24:23.652,AERGO/USDT:USDT,0.13351,470.0,0.1335,606.0,0.13358,470.0,0.13361,4266.0
1753547063802,16:24:23.802,AERGO/USDT:USDT,0.13351,470.0,0.1335,606.0,0.13358,470.0,0.13361,4266.0
1753547063953,16:24:23.953,AERGO/USDT:USDT,0.13351,470.0,0.1335,606.0,0.13358,470.0,0.13361,4266.0
1753547064103,16:24:24.103,AERGO/USDT:USDT,0.13351,470.0,0.1335,606.0,0.13358,470.0,0.13361,4266.0
1753547064253,16:24:24.253,AERGO/USDT:USDT,0.13351,470.0,0.1335,606.0,0.13358,470.0,0.13361,4266.0
1753547064403,16:24:24.403,AERGO/USDT:USDT,0.13351,470.0,0.1335,606.0,0.13358,470.0,0.13361,4266.0
1753547064553,16:24:24.553,AERGO/USDT:USDT,0.13351,470.0,0.1335,606.0,0.13358,470.0,0.13361,4266.0
1753547065153,16:24:25.153,AERGO/USDT:USDT,0.13351,470.0,0.1335,606.0,0.13358,470.0,0.13361,4266.0
1753547065303,16:24:25.303,AERGO/USDT:USDT,0.13351,470.0,0.1335,606.0,0.13358,470.0,0.13361,4266.0
1753547065754,16:24:25.754,AERGO/USDT:USDT,0.13351,470.0,0.1335,606.0,0.13358,470.0,0.13361,4266.0
1753547066204,16:24:26.204,AERGO/USDT:USDT,0.13351,470.0,0.1335,606.0,0.13358,470.0,0.13361,4266.0
1753547066354,16:24:26.354,AERGO/USDT:USDT,0.13351,470.0,0.1335,606.0,0.13358,470.0,0.13361,4266.0
1753547066504,16:24:26.504,AERGO/USDT:USDT,0.13351,470.0,0.1335,606.0,0.13358,470.0,0.13361,4266.0
1753547066654,16:24:26.654,AERGO/USDT:USDT,0.13351,470.0,0.1335,606.0,0.13358,470.0,0.13361,4266.0
1753547066954,16:24:26.954,AERGO/USDT:USDT,0.13351,470.0,0.1335,606.0,0.13358,470.0,0.13361,4266.0
1753547067105,16:24:27.105,AERGO/USDT:USDT,0.13351,470.0,0.1335,606.0,0.13358,470.0,0.13361,4266.0
1753547067254,16:24:27.254,AERGO/USDT:USDT,0.13351,470.0,0.1335,606.0,0.13358,470.0,0.13361,4266.0
1753547067855,16:24:27.855,AERGO/USDT:USDT,0.13351,470.0,0.1335,606.0,0.13358,470.0,0.13361,4266.0
1753547068005,16:24:28.005,AERGO/USDT:USDT,0.13351,470.0,0.1335,606.0,0.13358,470.0,0.13361,4266.0
1753547068155,16:24:28.155,AERGO/USDT:USDT,0.13351,470.0,0.1335,606.0,0.13358,470.0,0.13361,4266.0
1753547068455,16:24:28.455,AERGO/USDT:USDT,0.13351,470.0,0.1335,606.0,0.13358,470.0,0.13361,4266.0
1753547068605,16:24:28.605,AERGO/USDT:USDT,0.13351,470.0,0.1335,606.0,0.13358,470.0,0.13361,4266.0
1753547068755,16:24:28.755,AERGO/USDT:USDT,0.13351,470.0,0.1335,606.0,0.13358,470.0,0.13361,4266.0
1753547068905,16:24:28.905,AERGO/USDT:USDT,0.13351,470.0,0.1335,606.0,0.13358,470.0,0.13361,4266.0
1753547069206,16:24:29.206,AERGO/USDT:USDT,0.13351,470.0,0.1335,606.0,0.13358,470.0,0.13361,4266.0
1753547069356,16:24:29.356,AERGO/USDT:USDT,0.13351,470.0,0.1335,606.0,0.13358,470.0,0.13361,4266.0
1753547069806,16:24:29.806,AERGO/USDT:USDT,0.13351,470.0,0.1335,606.0,0.13358,470.0,0.13361,4266.0
1753547069956,16:24:29.956,AERGO/USDT:USDT,0.13351,470.0,0.1335,606.0,0.13358,470.0,0.13361,4266.0
1753547070406,16:24:30.406,AERGO/USDT:USDT,0.13351,470.0,0.1335,606.0,0.13358,470.0,0.13361,4266.0
1753547070707,16:24:30.707,AERGO/USDT:USDT,0.13351,470.0,0.1335,606.0,0.13358,470.0,0.13361,4266.0
1753547070857,16:24:30.857,AERGO/USDT:USDT,0.13351,470.0,0.1335,606.0,0.13358,470.0,0.13361,4266.0
1753547071157,16:24:31.157,AERGO/USDT:USDT,0.13351,470.0,0.1335,606.0,0.13358,470.0,0.13361,4266.0
1753547071307,16:24:31.307,AERGO/USDT:USDT,0.13351,470.0,0.1335,606.0,0.13358,470.0,0.13361,4266.0
1753547071607,16:24:31.607,AERGO/USDT:USDT,0.13351,470.0,0.1335,606.0,0.13358,470.0,0.13361,4266.0
1753547071907,16:24:31.907,AERGO/USDT:USDT,0.13351,470.0,0.1335,606.0,0.13358,470.0,0.13361,4266.0
1753547072358,16:24:32.358,AERGO/USDT:USDT,0.13351,470.0,0.1335,606.0,0.13358,470.0,0.13361,4266.0
1753547072658,16:24:32.658,AERGO/USDT:USDT,0.13351,470.0,0.1335,606.0,0.13358,470.0,0.13361,4266.0
1753547072808,16:24:32.808,AERGO/USDT:USDT,0.13351,470.0,0.1335,606.0,0.13358,470.0,0.13361,4266.0
1753547072958,16:24:32.958,AERGO/USDT:USDT,0.13351,470.0,0.1335,606.0,0.13358,470.0,0.13361,4266.0
1753547073258,16:24:33.258,AERGO/USDT:USDT,0.13351,470.0,0.1335,606.0,0.13358,470.0,0.13361,4266.0
1753547073408,16:24:33.408,AERGO/USDT:USDT,0.13351,470.0,0.1335,606.0,0.13358,470.0,0.13361,4266.0
1753547073708,16:24:33.708,AERGO/USDT:USDT,0.13351,470.0,0.1335,606.0,0.13358,470.0,0.13361,4266.0
1753547073858,16:24:33.858,AERGO/USDT:USDT,0.13351,470.0,0.1335,606.0,0.13358,470.0,0.13361,4266.0
1753547074009,16:24:34.009,AERGO/USDT:USDT,0.13351,470.0,0.1335,606.0,0.13358,470.0,0.13361,4266.0
1753547074309,16:24:34.309,AERGO/USDT:USDT,0.13351,470.0,0.1335,606.0,0.13358,470.0,0.13361,4266.0
1753547074459,16:24:34.459,AERGO/USDT:USDT,0.13351,470.0,0.1335,606.0,0.13358,470.0,0.13361,4266.0
1753547074609,16:24:34.609,AERGO/USDT:USDT,0.13351,470.0,0.1335,606.0,0.13358,470.0,0.13361,4266.0
1753547074909,16:24:34.909,AERGO/USDT:USDT,0.13351,470.0,0.1335,606.0,0.13358,470.0,0.13361,4266.0
1753547075209,16:24:35.209,AERGO/USDT:USDT,0.13351,470.0,0.1335,606.0,0.13358,470.0,0.13361,4266.0
1753547075960,16:24:35.960,AERGO/USDT:USDT,0.13351,470.0,0.1335,606.0,0.13358,470.0,0.13361,4266.0
1753547076260,16:24:36.260,AERGO/USDT:USDT,0.13351,470.0,0.1335,606.0,0.13358,470.0,0.13361,4266.0
1753547076410,16:24:36.410,AERGO/USDT:USDT,0.13351,470.0,0.1335,606.0,0.13358,470.0,0.13361,4266.0
1753547076710,16:24:36.710,AERGO/USDT:USDT,0.13351,470.0,0.1335,606.0,0.13358,470.0,0.13361,4266.0
1753547076860,16:24:36.860,AERGO/USDT:USDT,0.13351,470.0,0.1335,606.0,0.13358,470.0,0.13361,4266.0
1753547077160,16:24:37.160,AERGO/USDT:USDT,0.13351,470.0,0.1335,606.0,0.13358,470.0,0.13361,4266.0
1753547077311,16:24:37.311,AERGO/USDT:USDT,0.13351,470.0,0.1335,606.0,0.13358,470.0,0.13361,4266.0
1753547078061,16:24:38.061,AERGO/USDT:USDT,0.13351,470.0,0.1335,606.0,0.13358,470.0,0.13361,4266.0
1753547078211,16:24:38.211,AERGO/USDT:USDT,0.13351,470.0,0.1335,606.0,0.13358,470.0,0.13361,4266.0
1753547078361,16:24:38.361,AERGO/USDT:USDT,0.13351,470.0,0.1335,606.0,0.13358,470.0,0.13361,4266.0
1753547078511,16:24:38.511,AERGO/USDT:USDT,0.13351,470.0,0.1335,606.0,0.13358,470.0,0.13361,4266.0
1753547078661,16:24:38.661,AERGO/USDT:USDT,0.13352,362.0,0.13351,470.0,0.13361,466.0,0.13362,994.0
1753547078811,16:24:38.811,AERGO/USDT:USDT,0.13353,817.0,0.13352,362.0,0.13361,466.0,0.13362,994.0
1753547078962,16:24:38.962,AERGO/USDT:USDT,0.13354,455.0,0.13353,362.0,0.13361,466.0,0.13362,994.0
1753547079112,16:24:39.112,AERGO/USDT:USDT,0.13354,455.0,0.13353,362.0,0.13361,466.0,0.13362,758.0
1753547079262,16:24:39.262,AERGO/USDT:USDT,0.13354,455.0,0.13353,362.0,0.13361,466.0,0.13362,758.0
1753547079412,16:24:39.412,AERGO/USDT:USDT,0.13354,455.0,0.13353,362.0,0.13361,466.0,0.13362,758.0
1753547079562,16:24:39.562,AERGO/USDT:USDT,0.13354,455.0,0.13353,362.0,0.13361,466.0,0.13362,758.0
1753547080162,16:24:40.162,AERGO/USDT:USDT,0.13354,455.0,0.13353,362.0,0.1336,462.0,0.13361,1080.0
1753547080312,16:24:40.312,AERGO/USDT:USDT,0.13354,455.0,0.13353,362.0,0.1336,462.0,0.13361,1080.0
1753547080462,16:24:40.462,AERGO/USDT:USDT,0.13354,455.0,0.13353,362.0,0.1336,462.0,0.13361,1080.0
1753547080763,16:24:40.763,AERGO/USDT:USDT,0.13354,455.0,0.13353,362.0,0.1336,462.0,0.13361,1080.0
1753547080913,16:24:40.913,AERGO/USDT:USDT,0.13354,455.0,0.13353,362.0,0.1336,462.0,0.13361,1080.0
1753547081063,16:24:41.063,AERGO/USDT:USDT,0.13354,455.0,0.13353,362.0,0.1336,462.0,0.13361,1080.0
1753547081663,16:24:41.663,AERGO/USDT:USDT,0.13354,455.0,0.13353,362.0,0.1336,462.0,0.13361,1080.0
1753547081813,16:24:41.813,AERGO/USDT:USDT,0.13354,455.0,0.13353,362.0,0.1336,462.0,0.13361,1080.0
1753547081963,16:24:41.963,AERGO/USDT:USDT,0.13354,455.0,0.13353,362.0,0.1336,462.0,0.13361,1080.0
1753547082113,16:24:42.113,AERGO/USDT:USDT,0.13354,455.0,0.13353,362.0,0.1336,462.0,0.13361,1080.0
1753547082414,16:24:42.414,AERGO/USDT:USDT,0.13354,455.0,0.13353,362.0,0.1336,462.0,0.13361,1080.0
1753547082564,16:24:42.564,AERGO/USDT:USDT,0.13354,455.0,0.13353,362.0,0.1336,462.0,0.13361,1080.0
1753547082864,16:24:42.864,AERGO/USDT:USDT,0.13354,455.0,0.13353,362.0,0.1336,462.0,0.13361,1080.0
1753547083164,16:24:43.164,AERGO/USDT:USDT,0.13354,455.0,0.13353,362.0,0.1336,462.0,0.13361,1080.0
1753547083464,16:24:43.464,AERGO/USDT:USDT,0.13354,455.0,0.13353,362.0,0.1336,462.0,0.13361,1080.0
1753547083614,16:24:43.614,AERGO/USDT:USDT,0.13354,455.0,0.13353,362.0,0.1336,462.0,0.13361,1080.0
1753547083915,16:24:43.915,AERGO/USDT:USDT,0.13354,455.0,0.13353,362.0,0.1336,462.0,0.13361,1080.0
1753547084065,16:24:44.065,AERGO/USDT:USDT,0.13354,455.0,0.13353,362.0,0.1336,462.0,0.13361,1080.0
1753547084215,16:24:44.215,AERGO/USDT:USDT,0.13354,455.0,0.13353,362.0,0.1336,462.0,0.13361,1080.0
1753547084365,16:24:44.365,AERGO/USDT:USDT,0.13354,455.0,0.13353,362.0,0.1336,462.0,0.13361,1080.0
1753547084515,16:24:44.515,AERGO/USDT:USDT,0.13354,455.0,0.13353,362.0,0.1336,462.0,0.13361,1080.0
1753547084665,16:24:44.665,AERGO/USDT:USDT,0.13354,455.0,0.13353,362.0,0.1336,462.0,0.13361,1080.0
1753547084965,16:24:44.965,AERGO/USDT:USDT,0.13354,455.0,0.13353,362.0,0.1336,462.0,0.13361,1080.0
1753547085115,16:24:45.115,AERGO/USDT:USDT,0.13354,455.0,0.13353,362.0,0.1336,462.0,0.13361,1080.0
1753547085415,16:24:45.415,AERGO/USDT:USDT,0.13354,455.0,0.13353,362.0,0.1336,462.0,0.13361,1080.0
1753547085566,16:24:45.566,AERGO/USDT:USDT,0.13354,455.0,0.13353,362.0,0.1336,462.0,0.13361,1080.0
1753547085716,16:24:45.716,AERGO/USDT:USDT,0.13354,455.0,0.13353,362.0,0.1336,462.0,0.13361,1080.0
1753547086166,16:24:46.166,AERGO/USDT:USDT,0.13354,455.0,0.13353,362.0,0.1336,462.0,0.13361,1080.0
1753547086316,16:24:46.316,AERGO/USDT:USDT,0.13354,455.0,0.13353,362.0,0.1336,462.0,0.13361,1080.0
1753547086616,16:24:46.616,AERGO/USDT:USDT,0.13354,455.0,0.13353,362.0,0.1336,462.0,0.13361,1080.0
1753547086766,16:24:46.766,AERGO/USDT:USDT,0.13354,455.0,0.13353,362.0,0.1336,462.0,0.13361,1080.0
1753547087066,16:24:47.066,AERGO/USDT:USDT,0.13354,455.0,0.13353,362.0,0.1336,462.0,0.13361,1080.0
1753547087217,16:24:47.217,AERGO/USDT:USDT,0.13354,455.0,0.13353,362.0,0.1336,462.0,0.13361,1080.0
1753547087517,16:24:47.517,AERGO/USDT:USDT,0.13354,455.0,0.13353,362.0,0.1336,462.0,0.13361,1080.0
1753547087667,16:24:47.667,AERGO/USDT:USDT,0.13354,455.0,0.13353,362.0,0.1336,462.0,0.13361,1080.0
1753547087817,16:24:47.817,AERGO/USDT:USDT,0.13354,455.0,0.13353,362.0,0.1336,462.0,0.13361,1080.0
1753547088117,16:24:48.117,AERGO/USDT:USDT,0.13354,455.0,0.13353,362.0,0.1336,462.0,0.13361,1080.0
1753547088417,16:24:48.417,AERGO/USDT:USDT,0.13354,455.0,0.13353,362.0,0.1336,462.0,0.13361,1080.0
1753547088717,16:24:48.717,AERGO/USDT:USDT,0.13354,455.0,0.13353,362.0,0.1336,462.0,0.13361,1080.0
1753547088868,16:24:48.868,AERGO/USDT:USDT,0.13354,455.0,0.13353,362.0,0.1336,462.0,0.13361,1080.0
1753547089018,16:24:49.018,AERGO/USDT:USDT,0.13354,455.0,0.13353,362.0,0.1336,462.0,0.13361,1080.0
1753547089318,16:24:49.318,AERGO/USDT:USDT,0.13354,455.0,0.13353,362.0,0.1336,462.0,0.13361,1080.0
1753547089468,16:24:49.468,AERGO/USDT:USDT,0.13354,455.0,0.13353,362.0,0.1336,462.0,0.13361,1080.0
1753547089618,16:24:49.618,AERGO/USDT:USDT,0.13354,455.0,0.13353,362.0,0.1336,462.0,0.13361,1080.0
1753547089918,16:24:49.918,AERGO/USDT:USDT,0.13354,455.0,0.13353,362.0,0.1336,462.0,0.13361,1080.0
1753547090369,16:24:50.369,AERGO/USDT:USDT,0.13354,455.0,0.13353,362.0,0.1336,462.0,0.13361,1080.0
1753547090616,16:24:50.616,AERGO/USDT:USDT,0.13354,455.0,0.13353,362.0,0.1336,462.0,0.13361,1080.0
1753547090768,16:24:50.768,AERGO/USDT:USDT,0.13354,455.0,0.13353,362.0,0.1336,462.0,0.13361,1080.0
1753547090929,16:24:50.929,AERGO/USDT:USDT,0.13354,455.0,0.13353,362.0,0.1336,462.0,0.13361,1080.0
1753547091269,16:24:51.269,AERGO/USDT:USDT,0.13354,455.0,0.13353,362.0,0.1336,462.0,0.13361,1080.0
1753547091419,16:24:51.419,AERGO/USDT:USDT,0.13354,455.0,0.13353,362.0,0.1336,462.0,0.13361,1080.0
1753547091869,16:24:51.869,AERGO/USDT:USDT,0.13354,455.0,0.13353,362.0,0.1336,462.0,0.13361,1080.0
1753547092019,16:24:52.019,AERGO/USDT:USDT,0.13354,455.0,0.13353,362.0,0.1336,462.0,0.13361,1080.0
1753547092170,16:24:52.170,AERGO/USDT:USDT,0.13354,455.0,0.13353,362.0,0.1336,462.0,0.13361,1080.0
1753547092320,16:24:52.320,AERGO/USDT:USDT,0.13354,455.0,0.13353,362.0,0.1336,462.0,0.13361,1080.0
1753547092620,16:24:52.620,AERGO/USDT:USDT,0.13354,455.0,0.13353,362.0,0.1336,462.0,0.13361,1080.0
1753547092770,16:24:52.770,AERGO/USDT:USDT,0.13354,455.0,0.13353,362.0,0.1336,462.0,0.13361,1080.0
1753547093070,16:24:53.070,AERGO/USDT:USDT,0.13354,455.0,0.13353,362.0,0.1336,462.0,0.13361,1080.0
1753547093370,16:24:53.370,AERGO/USDT:USDT,0.13354,455.0,0.13353,362.0,0.1336,462.0,0.13361,1080.0
1753547094271,16:24:54.271,AERGO/USDT:USDT,0.13354,455.0,0.13353,362.0,0.1336,462.0,0.13361,1080.0
1753547094421,16:24:54.421,AERGO/USDT:USDT,0.13354,455.0,0.13353,362.0,0.1336,462.0,0.13361,1080.0
1753547094571,16:24:54.571,AERGO/USDT:USDT,0.13354,455.0,0.13353,362.0,0.1336,462.0,0.13361,1080.0
1753547094721,16:24:54.721,AERGO/USDT:USDT,0.13354,455.0,0.13353,362.0,0.1336,462.0,0.13361,1080.0
1753547094871,16:24:54.871,AERGO/USDT:USDT,0.13354,455.0,0.13353,362.0,0.1336,462.0,0.13361,1080.0
1753547095021,16:24:55.021,AERGO/USDT:USDT,0.13354,455.0,0.13353,362.0,0.1336,462.0,0.13361,1080.0
1753547095171,16:24:55.171,AERGO/USDT:USDT,0.13354,455.0,0.13353,362.0,0.1336,462.0,0.13361,1080.0
1753547095321,16:24:55.321,AERGO/USDT:USDT,0.13354,455.0,0.13353,362.0,0.1336,462.0,0.13361,1080.0
1753547095471,16:24:55.471,AERGO/USDT:USDT,0.13354,455.0,0.13353,362.0,0.1336,462.0,0.13361,1080.0
1753547095621,16:24:55.621,AERGO/USDT:USDT,0.13354,455.0,0.13353,362.0,0.1336,462.0,0.13361,1080.0
1753547095922,16:24:55.922,AERGO/USDT:USDT,0.13354,455.0,0.13353,362.0,0.1336,462.0,0.13361,1080.0
1753547096072,16:24:56.072,AERGO/USDT:USDT,0.13354,455.0,0.13353,362.0,0.1336,462.0,0.13361,1080.0
1753547096222,16:24:56.222,AERGO/USDT:USDT,0.13354,455.0,0.13353,362.0,0.1336,462.0,0.13361,1080.0
1753547096372,16:24:56.372,AERGO/USDT:USDT,0.13354,455.0,0.13353,362.0,0.1336,462.0,0.13361,1080.0
1753547096522,16:24:56.522,AERGO/USDT:USDT,0.13354,455.0,0.13353,362.0,0.1336,462.0,0.13361,1080.0
1753547096672,16:24:56.672,AERGO/USDT:USDT,0.13354,455.0,0.13353,362.0,0.1336,462.0,0.13361,1080.0
1753547096822,16:24:56.822,AERGO/USDT:USDT,0.13354,455.0,0.13353,362.0,0.1336,462.0,0.13362,758.0
1753547096972,16:24:56.972,AERGO/USDT:USDT,0.13354,455.0,0.13353,362.0,0.1336,462.0,0.13362,758.0
1753547097573,16:24:57.573,AERGO/USDT:USDT,0.13354,455.0,0.13353,362.0,0.1336,462.0,0.13362,758.0
1753547097723,16:24:57.723,AERGO/USDT:USDT,0.13354,455.0,0.13353,362.0,0.1336,462.0,0.13362,758.0
1753547097873,16:24:57.873,AERGO/USDT:USDT,0.13354,455.0,0.13353,362.0,0.1336,462.0,0.13362,758.0
1753547098023,16:24:58.023,AERGO/USDT:USDT,0.13354,455.0,0.13353,362.0,0.1336,462.0,0.13362,758.0
1753547098323,16:24:58.323,AERGO/USDT:USDT,0.13354,455.0,0.13353,362.0,0.1336,462.0,0.13362,758.0
1753547098623,16:24:58.623,AERGO/USDT:USDT,0.13354,455.0,0.13353,362.0,0.1336,462.0,0.13362,758.0
1753547099374,16:24:59.374,AERGO/USDT:USDT,0.13354,455.0,0.13353,362.0,0.1336,462.0,0.13362,758.0
1753547099524,16:24:59.524,AERGO/USDT:USDT,0.13354,455.0,0.13353,362.0,0.1336,462.0,0.13362,758.0
1753547099674,16:24:59.674,AERGO/USDT:USDT,0.13354,455.0,0.13353,362.0,0.1336,462.0,0.13362,758.0
1753547099824,16:24:59.824,AERGO/USDT:USDT,0.13354,455.0,0.13353,362.0,0.1336,462.0,0.13362,758.0
1753547099974,16:24:59.974,AERGO/USDT:USDT,0.13354,455.0,0.13353,362.0,0.1336,462.0,0.13362,758.0
1753547100124,16:25:00.124,AERGO/USDT:USDT,0.13354,455.0,0.13353,362.0,0.1336,462.0,0.13362,758.0
1753547100274,16:25:00.274,AERGO/USDT:USDT,0.13354,455.0,0.13353,362.0,0.1336,462.0,0.13362,758.0
1753547100424,16:25:00.424,AERGO/USDT:USDT,0.13354,455.0,0.13353,362.0,0.1336,462.0,0.13362,758.0
1753547100575,16:25:00.575,AERGO/USDT:USDT,0.13354,455.0,0.13353,362.0,0.1336,462.0,0.13362,758.0
1753547100725,16:25:00.725,AERGO/USDT:USDT,0.13354,455.0,0.13353,362.0,0.1336,462.0,0.13362,758.0
1753547100875,16:25:00.875,AERGO/USDT:USDT,0.13354,455.0,0.13353,362.0,0.1336,462.0,0.13362,758.0
1753547101175,16:25:01.175,AERGO/USDT:USDT,0.13354,455.0,0.13353,362.0,0.1336,462.0,0.13362,758.0
1753547101775,16:25:01.775,AERGO/USDT:USDT,0.13354,455.0,0.13353,362.0,0.1336,462.0,0.13362,758.0
1753547101925,16:25:01.925,AERGO/USDT:USDT,0.13354,455.0,0.13353,362.0,0.1336,462.0,0.13362,758.0
1753547102226,16:25:02.226,AERGO/USDT:USDT,0.13354,607.0,0.13353,681.0,0.1336,462.0,0.13362,758.0
1753547102376,16:25:02.376,AERGO/USDT:USDT,0.13354,152.0,0.13353,681.0,0.1336,462.0,0.13362,758.0
1753547102526,16:25:02.526,AERGO/USDT:USDT,0.13355,460.0,0.13354,152.0,0.1336,462.0,0.13362,758.0
1753547103276,16:25:03.276,AERGO/USDT:USDT,0.13355,460.0,0.13354,152.0,0.1336,462.0,0.13362,758.0
1753547104027,16:25:04.027,AERGO/USDT:USDT,0.13355,460.0,0.13354,152.0,0.1336,462.0,0.13362,758.0
1753547104327,16:25:04.327,AERGO/USDT:USDT,0.13355,460.0,0.13354,152.0,0.1336,462.0,0.13362,758.0
1753547104477,16:25:04.477,AERGO/USDT:USDT,0.13355,460.0,0.13354,152.0,0.1336,462.0,0.13362,758.0
1753547105227,16:25:05.227,AERGO/USDT:USDT,0.13355,460.0,0.13354,152.0,0.1336,462.0,0.13362,758.0
1753547105378,16:25:05.378,AERGO/USDT:USDT,0.13354,152.0,0.13353,1141.0,0.1336,462.0,0.13362,758.0
1753547105828,16:25:05.828,AERGO/USDT:USDT,0.13354,152.0,0.13353,1141.0,0.1336,462.0,0.13362,758.0
1753547105978,16:25:05.978,AERGO/USDT:USDT,0.13354,152.0,0.13353,1141.0,0.1336,462.0,0.13362,758.0
1753547106578,16:25:06.578,AERGO/USDT:USDT,0.13352,362.0,0.13351,470.0,0.1336,462.0,0.13362,758.0
1753547106728,16:25:06.728,AERGO/USDT:USDT,0.13352,362.0,0.13351,470.0,0.1336,1324.0,0.13362,1218.0
1753547107779,16:25:07.779,AERGO/USDT:USDT,0.13351,460.0,0.1335,612.0,0.13358,460.0,0.13359,139.0
1753547107929,16:25:07.929,AERGO/USDT:USDT,0.13351,460.0,0.1335,612.0,0.13358,460.0,0.13359,139.0
1753547108229,16:25:08.229,AERGO/USDT:USDT,0.13351,460.0,0.1335,612.0,0.13358,460.0,0.13359,139.0
1753547108530,16:25:08.530,AERGO/USDT:USDT,0.13351,460.0,0.1335,612.0,0.13358,460.0,0.13359,139.0
1753547108830,16:25:08.830,AERGO/USDT:USDT,0.13351,460.0,0.1335,612.0,0.13358,460.0,0.13359,139.0
1753547108980,16:25:08.980,AERGO/USDT:USDT,0.13351,460.0,0.1335,612.0,0.13358,460.0,0.13359,139.0
1753547109580,16:25:09.580,AERGO/USDT:USDT,0.13351,460.0,0.1335,612.0,0.13358,460.0,0.13359,139.0
1753547109730,16:25:09.730,AERGO/USDT:USDT,0.13351,460.0,0.1335,612.0,0.13358,460.0,0.13359,139.0
1753547109880,16:25:09.880,AERGO/USDT:USDT,0.13351,460.0,0.1335,612.0,0.13358,460.0,0.13359,139.0
1753547110481,16:25:10.481,AERGO/USDT:USDT,0.13351,460.0,0.1335,612.0,0.13358,460.0,0.13359,139.0
1753547110781,16:25:10.781,AERGO/USDT:USDT,0.13351,460.0,0.1335,612.0,0.13358,460.0,0.13359,139.0
1753547110931,16:25:10.931,AERGO/USDT:USDT,0.13351,460.0,0.1335,612.0,0.13358,460.0,0.13359,139.0
1753547111081,16:25:11.081,AERGO/USDT:USDT,0.13351,460.0,0.1335,612.0,0.13358,460.0,0.13359,139.0
1753547111231,16:25:11.231,AERGO/USDT:USDT,0.13351,460.0,0.1335,612.0,0.13358,460.0,0.13359,139.0
1753547111832,16:25:11.832,AERGO/USDT:USDT,0.13351,460.0,0.1335,612.0,0.13358,460.0,0.13359,139.0
1753547112132,16:25:12.132,AERGO/USDT:USDT,0.13351,460.0,0.1335,612.0,0.13358,460.0,0.13359,139.0
1753547112282,16:25:12.282,AERGO/USDT:USDT,0.13351,460.0,0.1335,612.0,0.13358,460.0,0.13359,139.0
1753547112432,16:25:12.432,AERGO/USDT:USDT,0.13351,460.0,0.1335,612.0,0.13358,460.0,0.13359,139.0
1753547112582,16:25:12.582,AERGO/USDT:USDT,0.13351,460.0,0.1335,612.0,0.13358,460.0,0.13359,139.0
1753547112882,16:25:12.882,AERGO/USDT:USDT,0.13351,460.0,0.1335,612.0,0.13358,460.0,0.13359,139.0
1753547113032,16:25:13.032,AERGO/USDT:USDT,0.13351,460.0,0.1335,612.0,0.13358,460.0,0.13359,139.0
1753547113332,16:25:13.332,AERGO/USDT:USDT,0.13351,460.0,0.1335,612.0,0.13358,460.0,0.13359,139.0
1753547113483,16:25:13.483,AERGO/USDT:USDT,0.13351,460.0,0.1335,612.0,0.13358,460.0,0.13359,139.0
1753547114683,16:25:14.683,AERGO/USDT:USDT,0.13351,460.0,0.1335,612.0,0.13359,472.0,0.1336,3883.0
1753547114833,16:25:14.833,AERGO/USDT:USDT,0.1335,1084.0,0.13348,472.0,0.13359,472.0,0.1336,3883.0
1753547114984,16:25:14.984,AERGO/USDT:USDT,0.1335,1084.0,0.13348,472.0,0.13359,472.0,0.1336,3883.0
1753547115434,16:25:15.434,AERGO/USDT:USDT,0.13351,472.0,0.1335,612.0,0.13359,472.0,0.1336,3883.0
1753547115584,16:25:15.584,AERGO/USDT:USDT,0.13351,472.0,0.1335,612.0,0.13359,472.0,0.1336,3883.0
1753547116034,16:25:16.034,AERGO/USDT:USDT,0.1335,612.0,0.13348,472.0,0.13358,472.0,0.13359,3744.0
1753547116184,16:25:16.184,AERGO/USDT:USDT,0.1335,612.0,0.13348,472.0,0.13358,472.0,0.13359,3744.0
1753547116334,16:25:16.334,AERGO/USDT:USDT,0.1335,612.0,0.13348,472.0,0.13358,472.0,0.13359,3744.0
1753547116484,16:25:16.484,AERGO/USDT:USDT,0.1335,1084.0,0.13348,472.0,0.13358,472.0,0.13359,3744.0
1753547116634,16:25:16.634,AERGO/USDT:USDT,0.1335,1084.0,0.13348,472.0,0.13358,472.0,0.13359,3744.0
1753547116785,16:25:16.785,AERGO/USDT:USDT,0.1335,1084.0,0.13348,472.0,0.13358,472.0,0.13359,3744.0
1753547116935,16:25:16.935,AERGO/USDT:USDT,0.1335,1084.0,0.13348,472.0,0.13358,472.0,0.13359,3744.0
1753547117535,16:25:17.535,AERGO/USDT:USDT,0.1335,1084.0,0.13348,472.0,0.13358,472.0,0.13359,3744.0
1753547117685,16:25:17.685,AERGO/USDT:USDT,0.1335,1084.0,0.13348,472.0,0.13358,472.0,0.13359,3744.0
1753547117985,16:25:17.985,AERGO/USDT:USDT,0.1335,1084.0,0.13348,472.0,0.13358,472.0,0.13359,3744.0
1753547118286,16:25:18.286,AERGO/USDT:USDT,0.1335,1084.0,0.13348,472.0,0.13358,472.0,0.13359,3744.0
1753547118586,16:25:18.586,AERGO/USDT:USDT,0.1335,1084.0,0.13348,472.0,0.13358,472.0,0.13359,3744.0
1753547118736,16:25:18.736,AERGO/USDT:USDT,0.1335,1084.0,0.13348,472.0,0.13358,472.0,0.13359,3744.0
1753547118886,16:25:18.886,AERGO/USDT:USDT,0.1335,612.0,0.13348,472.0,0.13358,472.0,0.13359,3744.0
1753547119336,16:25:19.336,AERGO/USDT:USDT,0.13351,472.0,0.1335,612.0,0.13358,472.0,0.1336,611.0
1753547119486,16:25:19.486,AERGO/USDT:USDT,0.13351,472.0,0.1335,612.0,0.13358,472.0,0.1336,611.0
1753547119636,16:25:19.636,AERGO/USDT:USDT,0.13351,472.0,0.1335,612.0,0.13358,472.0,0.1336,611.0
1753547120987,16:25:20.987,AERGO/USDT:USDT,0.13351,472.0,0.1335,612.0,0.13358,472.0,0.1336,611.0
1753547121438,16:25:21.438,AERGO/USDT:USDT,0.13351,472.0,0.1335,612.0,0.13358,472.0,0.1336,611.0
1753547121588,16:25:21.588,AERGO/USDT:USDT,0.13351,472.0,0.1335,612.0,0.13358,472.0,0.1336,611.0
1753547121738,16:25:21.738,AERGO/USDT:USDT,0.13351,472.0,0.1335,612.0,0.13358,472.0,0.1336,611.0
1753547122639,16:25:22.639,AERGO/USDT:USDT,0.13351,472.0,0.1335,612.0,0.13358,472.0,0.1336,611.0
1753547123689,16:25:23.689,AERGO/USDT:USDT,0.13344,454.0,0.13343,362.0,0.13357,454.0,0.13358,1192.0
1753547123839,16:25:23.839,AERGO/USDT:USDT,0.13344,454.0,0.13343,362.0,0.13357,454.0,0.13358,1192.0
1753547124289,16:25:24.289,AERGO/USDT:USDT,0.13344,454.0,0.13343,362.0,0.13357,454.0,0.13358,1192.0
1753547124439,16:25:24.439,AERGO/USDT:USDT,0.13344,454.0,0.13343,362.0,0.13357,454.0,0.1336,1988.0
1753547124740,16:25:24.740,AERGO/USDT:USDT,0.13345,454.0,0.13344,362.0,0.13354,454.0,0.13355,1521.0
1753547124890,16:25:24.890,AERGO/USDT:USDT,0.13345,454.0,0.13344,362.0,0.13354,454.0,0.13357,454.0
1753547125190,16:25:25.190,AERGO/USDT:USDT,0.13345,454.0,0.13344,362.0,0.13357,454.0,0.13359,156.0
1753547125340,16:25:25.340,AERGO/USDT:USDT,0.13345,454.0,0.13344,362.0,0.13357,454.0,0.13359,156.0
1753547125640,16:25:25.640,AERGO/USDT:USDT,0.13345,454.0,0.13344,362.0,0.13357,454.0,0.13359,156.0
1753547125790,16:25:25.790,AERGO/USDT:USDT,0.13345,454.0,0.13344,362.0,0.13357,454.0,0.13359,156.0
1753547125940,16:25:25.940,AERGO/USDT:USDT,0.13345,454.0,0.13344,362.0,0.13357,454.0,0.13359,156.0
1753547126691,16:25:26.691,AERGO/USDT:USDT,0.13345,454.0,0.13344,362.0,0.13357,454.0,0.13359,156.0
1753547126841,16:25:26.841,AERGO/USDT:USDT,0.13345,454.0,0.13344,362.0,0.13357,454.0,0.13359,156.0
1753547126991,16:25:26.991,AERGO/USDT:USDT,0.13345,454.0,0.13344,362.0,0.13357,454.0,0.13359,156.0
1753547127441,16:25:27.441,AERGO/USDT:USDT,0.13345,454.0,0.13344,362.0,0.13357,454.0,0.13359,156.0
1753547127591,16:25:27.591,AERGO/USDT:USDT,0.13345,454.0,0.13344,362.0,0.13357,454.0,0.13359,156.0
1753547128042,16:25:28.042,AERGO/USDT:USDT,0.13345,454.0,0.13344,362.0,0.13357,454.0,0.13359,156.0
1753547128642,16:25:28.642,AERGO/USDT:USDT,0.13347,454.0,0.13346,362.0,0.13357,454.0,0.13359,156.0
1753547128792,16:25:28.792,AERGO/USDT:USDT,0.13347,454.0,0.13346,362.0,0.13357,454.0,0.13359,156.0
1753547128942,16:25:28.942,AERGO/USDT:USDT,0.13347,454.0,0.13346,362.0,0.13357,454.0,0.13359,156.0
1753547129392,16:25:29.392,AERGO/USDT:USDT,0.13347,454.0,0.13346,362.0,0.13357,454.0,0.13359,156.0
1753547129542,16:25:29.542,AERGO/USDT:USDT,0.13347,454.0,0.13346,362.0,0.13357,454.0,0.13359,156.0
1753547130443,16:25:30.443,AERGO/USDT:USDT,0.13346,816.0,0.13345,362.0,0.13356,454.0,0.13357,256.0
1753547130593,16:25:30.593,AERGO/USDT:USDT,0.13346,816.0,0.13345,362.0,0.13356,454.0,0.13357,256.0
1753547130743,16:25:30.743,AERGO/USDT:USDT,0.13346,816.0,0.13345,362.0,0.13356,454.0,0.13357,256.0
1753547130893,16:25:30.893,AERGO/USDT:USDT,0.13346,816.0,0.13345,362.0,0.13356,454.0,0.13357,256.0
1753547131494,16:25:31.494,AERGO/USDT:USDT,0.13346,816.0,0.13345,362.0,0.13356,454.0,0.13357,256.0
1753547131644,16:25:31.644,AERGO/USDT:USDT,0.13346,816.0,0.13345,362.0,0.13356,454.0,0.13357,256.0
1753547131794,16:25:31.794,AERGO/USDT:USDT,0.13346,816.0,0.13345,362.0,0.13356,454.0,0.13357,256.0
1753547131944,16:25:31.944,AERGO/USDT:USDT,0.13346,816.0,0.13345,362.0,0.13356,454.0,0.13357,256.0
1753547132244,16:25:32.244,AERGO/USDT:USDT,0.13347,454.0,0.13346,362.0,0.13356,454.0,0.13357,256.0
1753547132544,16:25:32.544,AERGO/USDT:USDT,0.13347,454.0,0.13346,362.0,0.13356,454.0,0.13357,256.0
1753547133145,16:25:33.145,AERGO/USDT:USDT,0.13347,454.0,0.13346,362.0,0.13356,454.0,0.13357,256.0
1753547133295,16:25:33.295,AERGO/USDT:USDT,0.13347,454.0,0.13346,362.0,0.13356,454.0,0.13357,256.0
1753547133445,16:25:33.445,AERGO/USDT:USDT,0.13347,454.0,0.13346,362.0,0.13356,454.0,0.13357,256.0
1753547133595,16:25:33.595,AERGO/USDT:USDT,0.13347,454.0,0.13346,362.0,0.13356,454.0,0.13357,256.0
1753547133895,16:25:33.895,AERGO/USDT:USDT,0.13347,454.0,0.13346,362.0,0.13356,454.0,0.13357,256.0
1753547134045,16:25:34.045,AERGO/USDT:USDT,0.13347,454.0,0.13346,362.0,0.13356,454.0,0.13357,256.0
1753547134495,16:25:34.495,AERGO/USDT:USDT,0.13347,454.0,0.13346,362.0,0.13356,454.0,0.13357,256.0
1753547134796,16:25:34.796,AERGO/USDT:USDT,0.13347,454.0,0.13346,362.0,0.13356,454.0,0.13359,3601.0
1753547135096,16:25:35.096,AERGO/USDT:USDT,0.13347,454.0,0.13346,362.0,0.13356,454.0,0.13359,3601.0
1753547135246,16:25:35.246,AERGO/USDT:USDT,0.13347,454.0,0.13346,362.0,0.13356,454.0,0.13359,3601.0
1753547135396,16:25:35.396,AERGO/USDT:USDT,0.13347,454.0,0.13346,362.0,0.13356,454.0,0.13359,3601.0
1753547135546,16:25:35.546,AERGO/USDT:USDT,0.13347,454.0,0.13346,362.0,0.13356,454.0,0.13359,3601.0
1753547135996,16:25:35.996,AERGO/USDT:USDT,0.13347,454.0,0.13346,362.0,0.13356,454.0,0.13359,3601.0
1753547136597,16:25:36.597,AERGO/USDT:USDT,0.13346,816.0,0.13345,362.0,0.13354,454.0,0.13355,1659.0
1753547136747,16:25:36.747,AERGO/USDT:USDT,0.13346,816.0,0.13345,362.0,0.13354,454.0,0.13355,1659.0
1753547137197,16:25:37.197,AERGO/USDT:USDT,0.13346,816.0,0.13345,362.0,0.13354,454.0,0.13355,1659.0
1753547137497,16:25:37.497,AERGO/USDT:USDT,0.13346,816.0,0.13345,362.0,0.13354,454.0,0.13355,1659.0
1753547138098,16:25:38.098,AERGO/USDT:USDT,0.13346,816.0,0.13345,362.0,0.13354,454.0,0.13355,1659.0
1753547138398,16:25:38.398,AERGO/USDT:USDT,0.13346,816.0,0.13345,362.0,0.13354,454.0,0.13355,1659.0
1753547138548,16:25:38.548,AERGO/USDT:USDT,0.13346,816.0,0.13345,362.0,0.13354,454.0,0.13355,1659.0
1753547138848,16:25:38.848,AERGO/USDT:USDT,0.13346,816.0,0.13345,362.0,0.13354,454.0,0.13355,1659.0
1753547139599,16:25:39.599,AERGO/USDT:USDT,0.13346,816.0,0.13345,362.0,0.13354,454.0,0.13355,1659.0
1753547139899,16:25:39.899,AERGO/USDT:USDT,0.13346,816.0,0.13345,362.0,0.13354,454.0,0.13355,1659.0
1753547140049,16:25:40.049,AERGO/USDT:USDT,0.13346,816.0,0.13345,362.0,0.13354,454.0,0.13355,1659.0
1753547140799,16:25:40.799,AERGO/USDT:USDT,0.13346,816.0,0.13345,362.0,0.13354,454.0,0.13355,1659.0
1753547141250,16:25:41.250,AERGO/USDT:USDT,0.13346,362.0,0.13345,362.0,0.13354,454.0,0.13355,1659.0
1753547141400,16:25:41.400,AERGO/USDT:USDT,0.13346,362.0,0.13345,362.0,0.13354,454.0,0.13355,1659.0
1753547141550,16:25:41.550,AERGO/USDT:USDT,0.13346,362.0,0.13345,362.0,0.13354,454.0,0.13355,1659.0
1753547141700,16:25:41.700,AERGO/USDT:USDT,0.13346,362.0,0.13345,362.0,0.13354,454.0,0.13355,1659.0
1753547141850,16:25:41.850,AERGO/USDT:USDT,0.13346,362.0,0.13345,362.0,0.13354,454.0,0.13355,1659.0
1753547142150,16:25:42.150,AERGO/USDT:USDT,0.13346,362.0,0.13345,362.0,0.13354,454.0,0.13355,1659.0
1753547142300,16:25:42.300,AERGO/USDT:USDT,0.13346,826.0,0.13345,362.0,0.13354,454.0,0.13355,1659.0
1753547142450,16:25:42.450,AERGO/USDT:USDT,0.13346,826.0,0.13345,362.0,0.13354,454.0,0.13355,1659.0
1753547142600,16:25:42.600,AERGO/USDT:USDT,0.13346,826.0,0.13345,362.0,0.13354,454.0,0.13355,1659.0
1753547142750,16:25:42.750,AERGO/USDT:USDT,0.13346,826.0,0.13345,362.0,0.13354,454.0,0.13355,1659.0
1753547143201,16:25:43.201,AERGO/USDT:USDT,0.13346,362.0,0.13345,362.0,0.13354,454.0,0.13355,1659.0
1753547143351,16:25:43.351,AERGO/USDT:USDT,0.13346,826.0,0.13345,362.0,0.13354,454.0,0.13355,1659.0
1753547143501,16:25:43.501,AERGO/USDT:USDT,0.13346,826.0,0.13345,362.0,0.13354,454.0,0.13355,1659.0
1753547143651,16:25:43.651,AERGO/USDT:USDT,0.13346,826.0,0.13345,362.0,0.13354,454.0,0.13355,1659.0
1753547143951,16:25:43.951,AERGO/USDT:USDT,0.13346,826.0,0.13345,362.0,0.13354,454.0,0.13355,1659.0
1753547144251,16:25:44.251,AERGO/USDT:USDT,0.13346,826.0,0.13345,362.0,0.13354,454.0,0.13355,1659.0
1753547144401,16:25:44.401,AERGO/USDT:USDT,0.13346,826.0,0.13345,362.0,0.13354,454.0,0.13355,1659.0
1753547144852,16:25:44.852,AERGO/USDT:USDT,0.13346,826.0,0.13345,362.0,0.13354,454.0,0.13355,1659.0
1753547145002,16:25:45.002,AERGO/USDT:USDT,0.13346,826.0,0.13345,362.0,0.13354,454.0,0.13355,1659.0
1753547145302,16:25:45.302,AERGO/USDT:USDT,0.13346,826.0,0.13345,362.0,0.13354,454.0,0.13355,1659.0
1753547145452,16:25:45.452,AERGO/USDT:USDT,0.13346,826.0,0.13345,362.0,0.13354,454.0,0.13355,1659.0
1753547145902,16:25:45.902,AERGO/USDT:USDT,0.13346,826.0,0.13345,362.0,0.13354,454.0,0.13355,1659.0
1753547146053,16:25:46.053,AERGO/USDT:USDT,0.13346,826.0,0.13345,362.0,0.13354,454.0,0.13355,1659.0
1753547146203,16:25:46.203,AERGO/USDT:USDT,0.13346,826.0,0.13345,362.0,0.13354,454.0,0.13355,1659.0
1753547146353,16:25:46.353,AERGO/USDT:USDT,0.13346,362.0,0.13345,362.0,0.13354,454.0,0.13355,1659.0
1753547146503,16:25:46.503,AERGO/USDT:USDT,0.13346,362.0,0.13345,362.0,0.13354,454.0,0.13355,1659.0
1753547146803,16:25:46.803,AERGO/USDT:USDT,0.13346,362.0,0.13345,362.0,0.13354,454.0,0.13355,1659.0
1753547147253,16:25:47.253,AERGO/USDT:USDT,0.13346,362.0,0.13345,362.0,0.13354,454.0,0.13355,1659.0
1753547147703,16:25:47.703,AERGO/USDT:USDT,0.13346,362.0,0.13345,362.0,0.13354,454.0,0.13355,1659.0
1753547148154,16:25:48.154,AERGO/USDT:USDT,0.13346,974.0,0.13345,362.0,0.13354,454.0,0.13356,454.0
1753547148304,16:25:48.304,AERGO/USDT:USDT,0.13346,510.0,0.13345,362.0,0.13356,454.0,0.1336,472.0
1753547148454,16:25:48.454,AERGO/USDT:USDT,0.13347,464.0,0.13346,510.0,0.13357,238.0,0.1336,472.0
1753547148604,16:25:48.604,AERGO/USDT:USDT,0.13347,464.0,0.13346,510.0,0.13356,464.0,0.13357,238.0
1753547148904,16:25:48.904,AERGO/USDT:USDT,0.13347,464.0,0.13346,510.0,0.13356,464.0,0.13357,238.0
1753547149204,16:25:49.204,AERGO/USDT:USDT,0.13347,464.0,0.13346,510.0,0.13356,464.0,0.13357,238.0
1753547149505,16:25:49.505,AERGO/USDT:USDT,0.13347,464.0,0.13346,510.0,0.13356,464.0,0.13357,238.0
1753547149655,16:25:49.655,AERGO/USDT:USDT,0.13347,464.0,0.13346,510.0,0.13356,464.0,0.13357,238.0
1753547149805,16:25:49.805,AERGO/USDT:USDT,0.13347,464.0,0.13346,510.0,0.13356,464.0,0.13357,238.0
1753547150105,16:25:50.105,AERGO/USDT:USDT,0.13347,464.0,0.13346,510.0,0.13356,464.0,0.13357,238.0
1753547150255,16:25:50.255,AERGO/USDT:USDT,0.13347,464.0,0.13346,510.0,0.13356,464.0,0.13357,238.0
1753547150405,16:25:50.405,AERGO/USDT:USDT,0.13347,464.0,0.13346,510.0,0.13356,464.0,0.13357,238.0
1753547150555,16:25:50.555,AERGO/USDT:USDT,0.13347,464.0,0.13346,510.0,0.13356,464.0,0.13357,238.0
1753547150705,16:25:50.705,AERGO/USDT:USDT,0.13347,464.0,0.13346,510.0,0.13356,464.0,0.13357,238.0
1753547150855,16:25:50.855,AERGO/USDT:USDT,0.13347,464.0,0.13346,510.0,0.13356,464.0,0.13357,238.0
1753547151006,16:25:51.006,AERGO/USDT:USDT,0.13347,464.0,0.13346,510.0,0.13356,464.0,0.13357,238.0
1753547151156,16:25:51.156,AERGO/USDT:USDT,0.13347,464.0,0.13346,510.0,0.13356,464.0,0.13357,238.0
1753547151456,16:25:51.456,AERGO/USDT:USDT,0.13347,464.0,0.13346,510.0,0.13356,464.0,0.13357,238.0
1753547151606,16:25:51.606,AERGO/USDT:USDT,0.13347,464.0,0.13346,510.0,0.13356,464.0,0.13357,238.0
1753547151756,16:25:51.756,AERGO/USDT:USDT,0.13347,464.0,0.13346,510.0,0.13356,464.0,0.13357,238.0
1753547151906,16:25:51.906,AERGO/USDT:USDT,0.13347,464.0,0.13346,510.0,0.13356,464.0,0.13357,238.0
1753547152056,16:25:52.056,AERGO/USDT:USDT,0.13347,464.0,0.13346,510.0,0.13356,464.0,0.13357,238.0
1753547152356,16:25:52.356,AERGO/USDT:USDT,0.13347,464.0,0.13346,510.0,0.13356,464.0,0.13357,238.0
1753547152506,16:25:52.506,AERGO/USDT:USDT,0.13347,464.0,0.13346,510.0,0.13356,464.0,0.13357,238.0
1753547152807,16:25:52.807,AERGO/USDT:USDT,0.13347,4.0,0.13346,510.0,0.13356,464.0,0.13357,238.0
1753547152957,16:25:52.957,AERGO/USDT:USDT,0.13347,4.0,0.13346,510.0,0.13356,464.0,0.13357,238.0
1753547153707,16:25:53.707,AERGO/USDT:USDT,0.13347,4.0,0.13346,510.0,0.13356,464.0,0.13357,238.0
1753547154007,16:25:54.007,AERGO/USDT:USDT,0.13347,4.0,0.13346,510.0,0.13356,464.0,0.13357,238.0
1753547154157,16:25:54.157,AERGO/USDT:USDT,0.13347,4.0,0.13346,510.0,0.13356,464.0,0.13357,238.0
1753547154308,16:25:54.308,AERGO/USDT:USDT,0.13347,4.0,0.13346,510.0,0.13356,464.0,0.13357,238.0
1753547154608,16:25:54.608,AERGO/USDT:USDT,0.13347,4.0,0.13346,510.0,0.13356,464.0,0.13357,238.0
1753547154758,16:25:54.758,AERGO/USDT:USDT,0.13347,4.0,0.13346,510.0,0.13356,464.0,0.13357,238.0
1753547154908,16:25:54.908,AERGO/USDT:USDT,0.13347,4.0,0.13346,510.0,0.13356,464.0,0.13357,238.0
1753547155208,16:25:55.208,AERGO/USDT:USDT,0.13347,4.0,0.13346,510.0,0.13356,464.0,0.13357,238.0
1753547155508,16:25:55.508,AERGO/USDT:USDT,0.13347,4.0,0.13346,510.0,0.13356,464.0,0.13357,238.0
1753547155959,16:25:55.959,AERGO/USDT:USDT,0.13347,4.0,0.13346,510.0,0.13356,464.0,0.13357,238.0
1753547156109,16:25:56.109,AERGO/USDT:USDT,0.13347,4.0,0.13346,510.0,0.13356,464.0,0.13357,238.0
1753547156409,16:25:56.409,AERGO/USDT:USDT,0.13347,4.0,0.13346,510.0,0.13356,464.0,0.13357,238.0
1753547156559,16:25:56.559,AERGO/USDT:USDT,0.13347,4.0,0.13346,510.0,0.13356,464.0,0.13357,238.0
1753547156709,16:25:56.709,AERGO/USDT:USDT,0.13347,4.0,0.13346,510.0,0.13356,464.0,0.13357,238.0
1753547156859,16:25:56.859,AERGO/USDT:USDT,0.13347,4.0,0.13346,510.0,0.13356,464.0,0.13357,238.0
1753547157159,16:25:57.159,AERGO/USDT:USDT,0.13347,4.0,0.13346,510.0,0.13356,464.0,0.13357,238.0
1753547157309,16:25:57.309,AERGO/USDT:USDT,0.13347,4.0,0.13346,510.0,0.13356,464.0,0.13357,238.0
1753547157459,16:25:57.459,AERGO/USDT:USDT,0.13347,4.0,0.13346,510.0,0.13356,464.0,0.13357,238.0
1753547157610,16:25:57.610,AERGO/USDT:USDT,0.13347,4.0,0.13346,510.0,0.13356,464.0,0.13357,238.0
1753547157910,16:25:57.910,AERGO/USDT:USDT,0.13347,4.0,0.13346,510.0,0.13356,464.0,0.13357,238.0
1753547158210,16:25:58.210,AERGO/USDT:USDT,0.13347,366.0,0.13346,510.0,0.13356,464.0,0.1336,472.0
1753547158360,16:25:58.360,AERGO/USDT:USDT,0.13347,366.0,0.13346,510.0,0.13358,237.0,0.1336,472.0
1753547158510,16:25:58.510,AERGO/USDT:USDT,0.13347,366.0,0.13346,510.0,0.13357,460.0,0.13358,237.0
1753547158810,16:25:58.810,AERGO/USDT:USDT,0.13347,366.0,0.13346,510.0,0.13357,460.0,0.13358,237.0
1753547159411,16:25:59.411,AERGO/USDT:USDT,0.13347,366.0,0.13346,510.0,0.13357,460.0,0.13358,237.0
1753547159561,16:25:59.561,AERGO/USDT:USDT,0.13347,366.0,0.13346,510.0,0.13357,460.0,0.13358,237.0
1753547159711,16:25:59.711,AERGO/USDT:USDT,0.13347,366.0,0.13346,510.0,0.13357,460.0,0.13358,237.0
1753547159861,16:25:59.861,AERGO/USDT:USDT,0.13347,366.0,0.13346,510.0,0.13357,460.0,0.13358,237.0
1753547160011,16:26:00.011,AERGO/USDT:USDT,0.13347,366.0,0.13346,510.0,0.13357,460.0,0.13358,237.0
1753547160461,16:26:00.461,AERGO/USDT:USDT,0.13347,366.0,0.13346,510.0,0.13357,460.0,0.13358,237.0
1753547160611,16:26:00.611,AERGO/USDT:USDT,0.13347,366.0,0.13346,510.0,0.13357,460.0,0.13358,237.0
1753547161512,16:26:01.512,AERGO/USDT:USDT,0.13347,366.0,0.13346,510.0,0.13357,460.0,0.13358,237.0
1753547162112,16:26:02.112,AERGO/USDT:USDT,0.13347,366.0,0.13346,510.0,0.13357,460.0,0.13358,237.0
1753547163013,16:26:03.013,AERGO/USDT:USDT,0.13347,366.0,0.13346,510.0,0.13356,455.0,0.13357,3745.0
1753547163163,16:26:03.163,AERGO/USDT:USDT,0.13347,366.0,0.13346,510.0,0.13356,455.0,0.13357,3745.0
1753547163313,16:26:03.313,AERGO/USDT:USDT,0.13347,366.0,0.13346,510.0,0.13356,455.0,0.13357,3745.0
1753547163913,16:26:03.913,AERGO/USDT:USDT,0.13347,366.0,0.13346,510.0,0.13356,455.0,0.13357,3745.0
1753547164964,16:26:04.964,AERGO/USDT:USDT,0.13347,366.0,0.13346,510.0,0.13356,455.0,0.13357,3745.0
1753547165114,16:26:05.114,AERGO/USDT:USDT,0.13347,366.0,0.13346,510.0,0.13356,455.0,0.13357,3745.0
1753547165414,16:26:05.414,AERGO/USDT:USDT,0.13347,366.0,0.13346,510.0,0.13356,455.0,0.13357,3745.0
1753547166015,16:26:06.015,AERGO/USDT:USDT,0.13347,366.0,0.13346,510.0,0.13356,455.0,0.13357,3745.0
1753547166315,16:26:06.315,AERGO/USDT:USDT,0.13347,366.0,0.13346,510.0,0.13356,455.0,0.13357,3745.0
1753547166465,16:26:06.465,AERGO/USDT:USDT,0.13347,366.0,0.13346,510.0,0.13356,455.0,0.13357,3745.0
1753547166615,16:26:06.615,AERGO/USDT:USDT,0.13347,366.0,0.13346,510.0,0.13356,455.0,0.13357,3745.0
1753547167215,16:26:07.215,AERGO/USDT:USDT,0.13347,366.0,0.13346,510.0,0.13356,455.0,0.13357,3745.0
1753547167516,16:26:07.516,AERGO/USDT:USDT,0.13347,366.0,0.13346,510.0,0.13356,455.0,0.13357,3745.0
1753547167666,16:26:07.666,AERGO/USDT:USDT,0.13347,366.0,0.13346,510.0,0.13356,455.0,0.13357,3745.0
1753547167816,16:26:07.816,AERGO/USDT:USDT,0.13347,366.0,0.13346,510.0,0.13356,455.0,0.13357,3745.0
1753547168716,16:26:08.716,AERGO/USDT:USDT,0.13347,366.0,0.13346,510.0,0.13356,455.0,0.13357,3745.0
1753547170668,16:26:10.668,AERGO/USDT:USDT,0.13347,366.0,0.13346,510.0,0.13356,455.0,0.13357,3745.0
1753547170968,16:26:10.968,AERGO/USDT:USDT,0.13347,366.0,0.13346,510.0,0.13356,455.0,0.13357,3745.0
1753547171118,16:26:11.118,AERGO/USDT:USDT,0.13347,366.0,0.13346,510.0,0.13356,455.0,0.13357,3745.0
1753547171418,16:26:11.418,AERGO/USDT:USDT,0.13347,366.0,0.13346,510.0,0.13356,455.0,0.13358,237.0
1753547171868,16:26:11.868,AERGO/USDT:USDT,0.13347,366.0,0.13346,510.0,0.13356,455.0,0.13358,237.0
1753547172469,16:26:12.469,AERGO/USDT:USDT,0.13347,366.0,0.13346,510.0,0.13356,455.0,0.13358,237.0
1753547172919,16:26:12.919,AERGO/USDT:USDT,0.13347,366.0,0.13346,510.0,0.13356,455.0,0.13358,237.0
1753547173219,16:26:13.219,AERGO/USDT:USDT,0.13347,366.0,0.13346,510.0,0.13356,455.0,0.13358,237.0
1753547173369,16:26:13.369,AERGO/USDT:USDT,0.13347,366.0,0.13346,510.0,0.13356,455.0,0.13358,237.0
1753547174570,16:26:14.570,AERGO/USDT:USDT,0.13347,366.0,0.13346,510.0,0.13356,455.0,0.13358,237.0
1753547174720,16:26:14.720,AERGO/USDT:USDT,0.13347,366.0,0.13346,510.0,0.13356,455.0,0.13358,237.0
1753547175621,16:26:15.621,AERGO/USDT:USDT,0.13347,366.0,0.13346,510.0,0.13356,455.0,0.13358,237.0
1753547175771,16:26:15.771,AERGO/USDT:USDT,0.13347,366.0,0.13346,510.0,0.13356,455.0,0.13358,237.0
1753547177572,16:26:17.572,AERGO/USDT:USDT,0.13347,366.0,0.13346,510.0,0.13356,455.0,0.13358,237.0
1753547178022,16:26:18.022,AERGO/USDT:USDT,0.13347,366.0,0.13346,510.0,0.13356,455.0,0.13358,237.0
1753547178622,16:26:18.622,AERGO/USDT:USDT,0.13347,366.0,0.13346,510.0,0.13356,455.0,0.13358,237.0
1753547179073,16:26:19.073,AERGO/USDT:USDT,0.13347,366.0,0.13346,510.0,0.13356,455.0,0.13358,237.0
1753547179823,16:26:19.823,AERGO/USDT:USDT,0.13347,366.0,0.13346,510.0,0.13356,455.0,0.13358,237.0
1753547180123,16:26:20.123,AERGO/USDT:USDT,0.13347,366.0,0.13346,510.0,0.13356,455.0,0.13358,237.0
1753547180273,16:26:20.273,AERGO/USDT:USDT,0.13347,366.0,0.13346,510.0,0.13356,455.0,0.13358,237.0
1753547180724,16:26:20.724,AERGO/USDT:USDT,0.13347,366.0,0.13346,510.0,0.13356,455.0,0.13358,237.0
1753547181024,16:26:21.024,AERGO/USDT:USDT,0.13347,366.0,0.13346,510.0,0.13356,455.0,0.13358,237.0
1753547181474,16:26:21.474,AERGO/USDT:USDT,0.13347,366.0,0.13346,510.0,0.13356,455.0,0.13358,237.0
