timestamp,time,symbol,bid1_price,bid1_volume,bid2_price,bid2_volume,ask1_price,ask1_volume,ask2_price,ask2_volume
1753546944440,16:22:24.440,AEVO/USDT:USDT,0.1073,1803.6,0.1072,160323.4,0.1074,133394.2,0.1075,158000.3
1753546945340,16:22:25.340,AEVO/USDT:USDT,0.1073,11803.6,0.1072,190623.4,0.1074,102868.4,0.1075,158000.3
1753546945791,16:22:25.791,AEVO/USDT:USDT,0.1073,11803.6,0.1072,190623.4,0.1074,102488.5,0.1075,158000.3
1753546945941,16:22:25.941,AEVO/USDT:USDT,0.1073,11803.6,0.1072,190623.4,0.1074,102868.4,0.1075,158000.3
1753546946091,16:22:26.091,AEVO/USDT:USDT,0.1073,21604.1,0.1072,190623.4,0.1074,51913.1,0.1075,158000.3
1753546946241,16:22:26.241,AEVO/USDT:USDT,0.1073,33292.9,0.1072,186803.4,0.1074,83694.4,0.1075,155000.3
1753546946391,16:22:26.391,AEVO/USDT:USDT,0.1073,32913.0,0.1072,186803.4,0.1074,93002.8,0.1075,132642.3
1753546946541,16:22:26.541,AEVO/USDT:USDT,0.1073,32913.0,0.1072,186803.4,0.1074,93002.8,0.1075,128580.0
1753546946691,16:22:26.691,AEVO/USDT:USDT,0.1073,32913.0,0.1072,186803.4,0.1074,93002.8,0.1075,128580.0
1753546946841,16:22:26.841,AEVO/USDT:USDT,0.1073,32913.0,0.1072,186803.4,0.1074,93002.8,0.1075,128580.0
1753546946991,16:22:26.991,AEVO/USDT:USDT,0.1073,32913.0,0.1072,186803.4,0.1074,93002.8,0.1075,128580.0
1753546947141,16:22:27.141,AEVO/USDT:USDT,0.1073,32913.0,0.1072,186803.4,0.1074,93002.8,0.1075,128580.0
1753546947291,16:22:27.291,AEVO/USDT:USDT,0.1073,32913.0,0.1072,186803.4,0.1074,93002.8,0.1075,128580.0
1753546947441,16:22:27.441,AEVO/USDT:USDT,0.1073,32913.0,0.1072,186803.4,0.1074,93002.8,0.1075,128580.0
1753546948042,16:22:28.042,AEVO/USDT:USDT,0.1073,32913.0,0.1072,186803.4,0.1074,93002.8,0.1075,128580.0
1753546948192,16:22:28.192,AEVO/USDT:USDT,0.1073,32913.0,0.1072,186803.4,0.1074,93002.8,0.1075,128580.0
1753546948342,16:22:28.342,AEVO/USDT:USDT,0.1073,32913.0,0.1072,186803.4,0.1074,93002.8,0.1075,128580.0
1753546948492,16:22:28.492,AEVO/USDT:USDT,0.1073,32913.0,0.1072,186803.4,0.1074,93002.8,0.1075,128580.0
1753546948642,16:22:28.642,AEVO/USDT:USDT,0.1073,32913.0,0.1072,186803.4,0.1074,93002.8,0.1075,128580.0
1753546948792,16:22:28.792,AEVO/USDT:USDT,0.1073,32913.0,0.1072,186803.4,0.1074,93002.8,0.1075,128580.0
1753546949242,16:22:29.242,AEVO/USDT:USDT,0.1073,32913.0,0.1072,221638.8,0.1074,93006.8,0.1075,128542.8
1753546949392,16:22:29.392,AEVO/USDT:USDT,0.1073,32913.0,0.1072,221638.8,0.1074,93006.8,0.1075,128542.8
1753546949693,16:22:29.693,AEVO/USDT:USDT,0.1073,32913.0,0.1072,221638.8,0.1074,93006.8,0.1075,128542.8
1753546950443,16:22:30.443,AEVO/USDT:USDT,0.1073,32913.0,0.1072,221638.8,0.1074,93006.8,0.1075,128542.8
1753546950593,16:22:30.593,AEVO/USDT:USDT,0.1073,32913.0,0.1072,221638.8,0.1074,93006.8,0.1075,128542.8
1753546950743,16:22:30.743,AEVO/USDT:USDT,0.1073,32913.0,0.1072,221638.8,0.1074,93006.8,0.1075,128542.8
1753546950893,16:22:30.893,AEVO/USDT:USDT,0.1073,32913.0,0.1072,221638.8,0.1074,93006.8,0.1075,128542.8
1753546951043,16:22:31.043,AEVO/USDT:USDT,0.1073,32913.0,0.1072,221638.8,0.1074,93006.8,0.1075,128542.8
1753546952244,16:22:32.244,AEVO/USDT:USDT,0.1073,29093.0,0.1072,218478.3,0.1074,93006.8,0.1075,128542.8
1753546952394,16:22:32.394,AEVO/USDT:USDT,0.1073,29093.0,0.1072,218478.3,0.1074,93006.8,0.1075,128542.8
1753546953745,16:22:33.745,AEVO/USDT:USDT,0.1073,29093.0,0.1072,218478.3,0.1074,93006.8,0.1075,128542.8
1753546953895,16:22:33.895,AEVO/USDT:USDT,0.1073,29093.0,0.1072,218478.3,0.1074,93006.8,0.1075,128542.8
1753546954045,16:22:34.045,AEVO/USDT:USDT,0.1073,29093.0,0.1072,218478.3,0.1074,93006.8,0.1075,128542.8
1753546954195,16:22:34.195,AEVO/USDT:USDT,0.1073,29093.0,0.1072,218478.3,0.1074,93006.8,0.1075,128542.8
1753546954345,16:22:34.345,AEVO/USDT:USDT,0.1073,29093.0,0.1072,218478.3,0.1074,93006.8,0.1075,128542.8
1753546954645,16:22:34.645,AEVO/USDT:USDT,0.1073,29093.0,0.1072,218478.3,0.1074,93006.8,0.1075,128542.8
1753546954795,16:22:34.795,AEVO/USDT:USDT,0.1073,29093.0,0.1072,218478.3,0.1074,93006.8,0.1075,128542.8
1753546954946,16:22:34.946,AEVO/USDT:USDT,0.1073,29093.0,0.1072,218478.3,0.1074,93006.8,0.1075,128542.8
1753546955096,16:22:35.096,AEVO/USDT:USDT,0.1073,29093.0,0.1072,218478.3,0.1074,93006.8,0.1075,128542.8
1753546955246,16:22:35.246,AEVO/USDT:USDT,0.1073,29093.0,0.1072,218478.3,0.1074,93006.8,0.1075,128542.8
1753546955396,16:22:35.396,AEVO/USDT:USDT,0.1073,29093.0,0.1072,218478.3,0.1074,93006.8,0.1075,128542.8
1753546955546,16:22:35.546,AEVO/USDT:USDT,0.1073,29093.0,0.1072,218478.3,0.1074,93006.8,0.1075,128542.8
1753546955696,16:22:35.696,AEVO/USDT:USDT,0.1073,29093.0,0.1072,218478.3,0.1074,93006.8,0.1075,128542.8
1753546955846,16:22:35.846,AEVO/USDT:USDT,0.1073,29093.0,0.1072,218478.3,0.1074,93006.8,0.1075,128542.8
1753546955996,16:22:35.996,AEVO/USDT:USDT,0.1073,29093.0,0.1072,218478.3,0.1074,93006.8,0.1075,128542.8
1753546956446,16:22:36.446,AEVO/USDT:USDT,0.1073,29093.0,0.1072,218478.3,0.1074,93006.8,0.1075,128542.8
1753546956897,16:22:36.897,AEVO/USDT:USDT,0.1073,29093.0,0.1072,218478.3,0.1074,93006.8,0.1075,128542.8
1753546957047,16:22:37.047,AEVO/USDT:USDT,0.1073,29093.0,0.1072,218478.3,0.1074,93006.8,0.1075,128542.8
1753546957197,16:22:37.197,AEVO/USDT:USDT,0.1073,29093.0,0.1072,218478.3,0.1074,93006.8,0.1075,128542.8
1753546957347,16:22:37.347,AEVO/USDT:USDT,0.1073,29093.0,0.1072,218478.3,0.1074,93006.8,0.1075,128542.8
1753546957497,16:22:37.497,AEVO/USDT:USDT,0.1073,29093.0,0.1072,218478.3,0.1074,93006.8,0.1075,128542.8
1753546957647,16:22:37.647,AEVO/USDT:USDT,0.1073,29093.0,0.1072,218478.3,0.1074,93006.8,0.1075,128542.8
1753546957797,16:22:37.797,AEVO/USDT:USDT,0.1073,29093.0,0.1072,218478.3,0.1074,93006.8,0.1075,128542.8
1753546957947,16:22:37.947,AEVO/USDT:USDT,0.1073,29093.0,0.1072,218478.3,0.1074,93006.8,0.1075,128542.8
1753546958097,16:22:38.097,AEVO/USDT:USDT,0.1073,29093.0,0.1072,218478.3,0.1074,93006.8,0.1075,128542.8
1753546958247,16:22:38.247,AEVO/USDT:USDT,0.1073,29093.0,0.1072,218478.3,0.1074,93006.8,0.1075,128542.8
1753546958397,16:22:38.397,AEVO/USDT:USDT,0.1073,29093.0,0.1072,218478.3,0.1074,93006.8,0.1075,128542.8
1753546958547,16:22:38.547,AEVO/USDT:USDT,0.1073,29093.0,0.1072,218478.3,0.1074,93006.8,0.1075,128542.8
1753546958698,16:22:38.698,AEVO/USDT:USDT,0.1073,29093.0,0.1072,218478.3,0.1074,93006.8,0.1075,128542.8
1753546958848,16:22:38.848,AEVO/USDT:USDT,0.1073,29093.0,0.1072,218478.3,0.1074,93006.8,0.1075,128542.8
1753546958998,16:22:38.998,AEVO/USDT:USDT,0.1073,29093.0,0.1072,218478.3,0.1074,93006.8,0.1075,128542.8
1753546959148,16:22:39.148,AEVO/USDT:USDT,0.1073,29093.0,0.1072,218478.3,0.1074,92014.8,0.1075,128542.8
1753546959298,16:22:39.298,AEVO/USDT:USDT,0.1073,29093.0,0.1072,218478.3,0.1074,92014.8,0.1075,128542.8
1753546959448,16:22:39.448,AEVO/USDT:USDT,0.1073,29093.0,0.1072,218478.3,0.1074,92014.8,0.1075,128542.8
1753546959598,16:22:39.598,AEVO/USDT:USDT,0.1073,29093.0,0.1072,218478.3,0.1074,92014.8,0.1075,128542.8
1753546959748,16:22:39.748,AEVO/USDT:USDT,0.1073,29093.0,0.1072,218478.3,0.1074,92014.8,0.1075,128542.8
1753546959898,16:22:39.898,AEVO/USDT:USDT,0.1073,29093.0,0.1072,218478.3,0.1074,92014.8,0.1075,128542.8
1753546960048,16:22:40.048,AEVO/USDT:USDT,0.1073,32913.0,0.1072,218478.3,0.1074,82293.3,0.1075,128542.8
1753546960198,16:22:40.198,AEVO/USDT:USDT,0.1073,33292.9,0.1072,218478.3,0.1074,71100.8,0.1075,136919.2
1753546960348,16:22:40.348,AEVO/USDT:USDT,0.1073,33292.9,0.1072,218478.3,0.1074,71100.8,0.1075,136919.2
1753546960499,16:22:40.499,AEVO/USDT:USDT,0.1073,32913.0,0.1072,218478.3,0.1074,71100.8,0.1075,136919.2
1753546960649,16:22:40.649,AEVO/USDT:USDT,0.1073,32913.0,0.1072,218478.3,0.1074,71100.8,0.1075,136919.2
1753546960799,16:22:40.799,AEVO/USDT:USDT,0.1073,32913.0,0.1072,218478.3,0.1074,74920.8,0.1075,127612.6
1753546960949,16:22:40.949,AEVO/USDT:USDT,0.1073,32913.0,0.1072,218478.3,0.1074,74920.8,0.1075,127612.6
1753546961099,16:22:41.099,AEVO/USDT:USDT,0.1073,33292.9,0.1072,218478.3,0.1074,74920.8,0.1075,136919.2
1753546961249,16:22:41.249,AEVO/USDT:USDT,0.1073,33292.9,0.1072,218478.3,0.1074,74920.8,0.1075,136919.2
1753546961399,16:22:41.399,AEVO/USDT:USDT,0.1073,33292.9,0.1072,218478.3,0.1074,74920.8,0.1075,136919.2
1753546961549,16:22:41.549,AEVO/USDT:USDT,0.1073,32913.0,0.1072,218478.3,0.1074,74920.8,0.1075,136919.2
1753546961699,16:22:41.699,AEVO/USDT:USDT,0.1073,32913.0,0.1072,218478.3,0.1074,74920.8,0.1075,136919.2
1753546961849,16:22:41.849,AEVO/USDT:USDT,0.1073,32913.0,0.1072,218478.3,0.1074,74920.8,0.1075,136919.2
1753546961999,16:22:41.999,AEVO/USDT:USDT,0.1073,32913.0,0.1072,218478.3,0.1074,74920.8,0.1075,136919.2
1753546962149,16:22:42.149,AEVO/USDT:USDT,0.1073,32913.0,0.1072,218478.3,0.1074,74920.8,0.1075,136919.2
1753546962300,16:22:42.300,AEVO/USDT:USDT,0.1073,32913.0,0.1072,218478.3,0.1074,74920.8,0.1075,136919.2
1753546962450,16:22:42.450,AEVO/USDT:USDT,0.1073,32913.0,0.1072,218478.3,0.1074,74920.8,0.1075,136919.2
1753546962600,16:22:42.600,AEVO/USDT:USDT,0.1073,32913.0,0.1072,218478.3,0.1074,74920.8,0.1075,136919.2
1753546962750,16:22:42.750,AEVO/USDT:USDT,0.1073,32913.0,0.1072,218478.3,0.1074,74920.8,0.1075,136919.2
1753546962900,16:22:42.900,AEVO/USDT:USDT,0.1073,32913.0,0.1072,218478.3,0.1074,74920.8,0.1075,136919.2
1753546963050,16:22:43.050,AEVO/USDT:USDT,0.1073,32913.0,0.1072,218478.3,0.1074,74920.8,0.1075,136919.2
1753546963200,16:22:43.200,AEVO/USDT:USDT,0.1073,32913.0,0.1072,218478.3,0.1074,74920.8,0.1075,136919.2
1753546963350,16:22:43.350,AEVO/USDT:USDT,0.1073,32913.0,0.1072,218478.3,0.1074,74920.8,0.1075,136919.2
1753546963500,16:22:43.500,AEVO/USDT:USDT,0.1073,32913.0,0.1072,218478.3,0.1074,74920.8,0.1075,136919.2
1753546963650,16:22:43.650,AEVO/USDT:USDT,0.1073,32913.0,0.1072,218478.3,0.1074,74920.8,0.1075,136919.2
1753546963800,16:22:43.800,AEVO/USDT:USDT,0.1073,32913.0,0.1072,218478.3,0.1074,74920.8,0.1075,136919.2
1753546963950,16:22:43.950,AEVO/USDT:USDT,0.1073,33292.9,0.1072,218478.3,0.1074,74920.8,0.1075,136919.2
1753546964100,16:22:44.100,AEVO/USDT:USDT,0.1073,33292.9,0.1072,218478.3,0.1074,74920.8,0.1075,136919.2
1753546964251,16:22:44.251,AEVO/USDT:USDT,0.1073,33292.9,0.1072,218478.3,0.1074,74920.8,0.1075,136919.2
1753546964401,16:22:44.401,AEVO/USDT:USDT,0.1073,33292.9,0.1072,218478.3,0.1074,74920.8,0.1075,136919.2
1753546964551,16:22:44.551,AEVO/USDT:USDT,0.1073,33292.9,0.1072,218478.3,0.1074,74920.8,0.1075,136919.2
1753546964701,16:22:44.701,AEVO/USDT:USDT,0.1073,32913.0,0.1072,218478.3,0.1074,74920.8,0.1075,136919.2
1753546964851,16:22:44.851,AEVO/USDT:USDT,0.1073,32913.0,0.1072,218478.3,0.1074,74920.8,0.1075,136919.2
1753546965001,16:22:45.001,AEVO/USDT:USDT,0.1073,32913.0,0.1072,218478.3,0.1074,74920.8,0.1075,136919.2
1753546965301,16:22:45.301,AEVO/USDT:USDT,0.1073,74179.7,0.1072,177292.7,0.1074,70886.8,0.1075,136834.4
1753546965451,16:22:45.451,AEVO/USDT:USDT,0.1073,74179.7,0.1072,177292.7,0.1074,70886.8,0.1075,136834.4
1753546965601,16:22:45.601,AEVO/USDT:USDT,0.1073,74179.7,0.1072,177292.7,0.1074,70886.8,0.1075,136834.4
1753546965751,16:22:45.751,AEVO/USDT:USDT,0.1073,74179.7,0.1072,177292.7,0.1074,30000.0,0.1075,177721.0
1753546965901,16:22:45.901,AEVO/USDT:USDT,0.1073,74179.7,0.1072,177292.7,0.1074,30000.0,0.1075,177721.0
1753546966052,16:22:46.052,AEVO/USDT:USDT,0.1073,74179.7,0.1072,162292.7,0.1074,30000.0,0.1075,136834.4
1753546966202,16:22:46.202,AEVO/USDT:USDT,0.1073,73799.8,0.1072,162292.7,0.1074,70886.5,0.1075,136834.4
1753546966352,16:22:46.352,AEVO/USDT:USDT,0.1073,73799.8,0.1072,162292.7,0.1074,70886.5,0.1075,136834.4
1753546966502,16:22:46.502,AEVO/USDT:USDT,0.1073,73799.8,0.1072,162292.7,0.1074,70886.5,0.1075,136834.4
1753546966652,16:22:46.652,AEVO/USDT:USDT,0.1073,73799.8,0.1072,162292.7,0.1074,70886.5,0.1075,136834.4
1753546966802,16:22:46.802,AEVO/USDT:USDT,0.1073,73799.8,0.1072,162292.7,0.1074,70886.5,0.1075,136834.4
1753546966952,16:22:46.952,AEVO/USDT:USDT,0.1073,89179.7,0.1072,162292.7,0.1074,70886.5,0.1075,136834.4
1753546967102,16:22:47.102,AEVO/USDT:USDT,0.1073,89179.7,0.1072,162292.7,0.1074,70886.5,0.1075,136834.4
1753546967252,16:22:47.252,AEVO/USDT:USDT,0.1073,88799.8,0.1072,162292.7,0.1074,70886.5,0.1075,136834.4
1753546967403,16:22:47.403,AEVO/USDT:USDT,0.1073,89179.7,0.1072,162292.7,0.1074,70886.5,0.1075,136834.4
1753546967619,16:22:47.619,AEVO/USDT:USDT,0.1073,89179.7,0.1072,162292.7,0.1074,70886.5,0.1075,136834.4
1753546967845,16:22:47.845,AEVO/USDT:USDT,0.1073,88799.8,0.1072,162292.7,0.1074,70886.5,0.1075,136834.4
1753546968003,16:22:48.003,AEVO/USDT:USDT,0.1073,88799.8,0.1072,162292.7,0.1074,70886.5,0.1075,136834.4
1753546968153,16:22:48.153,AEVO/USDT:USDT,0.1073,88799.8,0.1072,162292.7,0.1074,70886.5,0.1075,136834.4
1753546968303,16:22:48.303,AEVO/USDT:USDT,0.1073,88799.8,0.1072,162292.7,0.1074,70886.5,0.1075,136834.4
1753546968453,16:22:48.453,AEVO/USDT:USDT,0.1073,89179.7,0.1072,162292.7,0.1074,70886.5,0.1075,136834.4
1753546968603,16:22:48.603,AEVO/USDT:USDT,0.1073,88799.8,0.1072,162292.7,0.1074,70886.5,0.1075,136834.4
1753546968753,16:22:48.753,AEVO/USDT:USDT,0.1073,88799.8,0.1072,162292.7,0.1074,70886.5,0.1075,136834.4
1753546968903,16:22:48.903,AEVO/USDT:USDT,0.1073,89179.7,0.1072,162292.7,0.1074,70886.5,0.1075,136834.4
1753546969053,16:22:49.053,AEVO/USDT:USDT,0.1073,89179.7,0.1072,162292.7,0.1074,70886.5,0.1075,136834.4
1753546969203,16:22:49.203,AEVO/USDT:USDT,0.1073,89179.7,0.1072,162292.7,0.1074,70886.5,0.1075,136834.4
1753546969353,16:22:49.353,AEVO/USDT:USDT,0.1073,89179.7,0.1072,162292.7,0.1074,70886.5,0.1075,136834.4
1753546969503,16:22:49.503,AEVO/USDT:USDT,0.1073,89179.7,0.1072,162292.7,0.1074,70886.5,0.1075,136834.4
1753546969654,16:22:49.654,AEVO/USDT:USDT,0.1073,89179.7,0.1072,162292.7,0.1074,70886.5,0.1075,136834.4
1753546969804,16:22:49.804,AEVO/USDT:USDT,0.1073,89179.7,0.1072,162292.7,0.1074,70886.5,0.1075,136834.4
1753546969954,16:22:49.954,AEVO/USDT:USDT,0.1073,89179.7,0.1072,162292.7,0.1074,70886.5,0.1075,136834.4
1753546970104,16:22:50.104,AEVO/USDT:USDT,0.1073,89179.7,0.1072,162292.7,0.1074,70886.5,0.1075,136834.4
1753546970254,16:22:50.254,AEVO/USDT:USDT,0.1073,88799.8,0.1072,162292.7,0.1074,70886.5,0.1075,136834.4
1753546970404,16:22:50.404,AEVO/USDT:USDT,0.1073,88799.8,0.1072,162292.7,0.1074,70886.5,0.1075,136834.4
1753546970554,16:22:50.554,AEVO/USDT:USDT,0.1073,88799.8,0.1072,162292.7,0.1074,70886.5,0.1075,136834.4
1753546970704,16:22:50.704,AEVO/USDT:USDT,0.1073,88799.8,0.1072,162292.7,0.1074,70886.5,0.1075,136834.4
1753546970854,16:22:50.854,AEVO/USDT:USDT,0.1073,88799.8,0.1072,162292.7,0.1074,70886.5,0.1075,136834.4
1753546971004,16:22:51.004,AEVO/USDT:USDT,0.1073,88799.8,0.1072,162292.7,0.1074,70886.5,0.1075,136834.4
1753546971154,16:22:51.154,AEVO/USDT:USDT,0.1073,88799.8,0.1072,162292.7,0.1074,70886.5,0.1075,136834.4
1753546971304,16:22:51.304,AEVO/USDT:USDT,0.1073,88799.8,0.1072,162292.7,0.1074,70886.5,0.1075,136834.4
1753546971455,16:22:51.455,AEVO/USDT:USDT,0.1073,88799.8,0.1072,162292.7,0.1074,70886.5,0.1075,136834.4
1753546971605,16:22:51.605,AEVO/USDT:USDT,0.1073,88799.8,0.1072,162292.7,0.1074,70886.5,0.1075,136834.4
1753546971755,16:22:51.755,AEVO/USDT:USDT,0.1073,88799.8,0.1072,162292.7,0.1074,70886.5,0.1075,136834.4
1753546971905,16:22:51.905,AEVO/USDT:USDT,0.1073,88799.8,0.1072,162292.7,0.1074,70886.5,0.1075,136834.4
1753546972055,16:22:52.055,AEVO/USDT:USDT,0.1073,88799.8,0.1072,162292.7,0.1074,70886.5,0.1075,136834.4
1753546972205,16:22:52.205,AEVO/USDT:USDT,0.1073,88799.8,0.1072,162292.7,0.1074,70886.5,0.1075,136834.4
1753546972355,16:22:52.355,AEVO/USDT:USDT,0.1073,88799.8,0.1072,162292.7,0.1074,70886.5,0.1075,136834.4
1753546972505,16:22:52.505,AEVO/USDT:USDT,0.1073,89179.7,0.1072,162292.7,0.1074,70886.5,0.1075,136834.4
1753546972655,16:22:52.655,AEVO/USDT:USDT,0.1073,89179.7,0.1072,162292.7,0.1074,70886.5,0.1075,136834.4
1753546972805,16:22:52.805,AEVO/USDT:USDT,0.1073,89179.7,0.1072,162292.7,0.1074,70886.5,0.1075,136834.4
1753546972955,16:22:52.955,AEVO/USDT:USDT,0.1073,88799.8,0.1072,162292.7,0.1074,70886.5,0.1075,136834.4
1753546973105,16:22:53.105,AEVO/USDT:USDT,0.1073,88799.8,0.1072,162292.7,0.1074,70886.5,0.1075,136834.4
1753546973256,16:22:53.256,AEVO/USDT:USDT,0.1073,88799.8,0.1072,162292.7,0.1074,70886.5,0.1075,136834.4
1753546973406,16:22:53.406,AEVO/USDT:USDT,0.1073,88799.8,0.1072,162292.7,0.1074,70886.5,0.1075,136834.4
1753546973556,16:22:53.556,AEVO/USDT:USDT,0.1073,88799.8,0.1072,162292.7,0.1074,70886.5,0.1075,136834.4
1753546973706,16:22:53.706,AEVO/USDT:USDT,0.1073,88799.8,0.1072,162292.7,0.1074,70886.5,0.1075,136834.4
1753546973856,16:22:53.856,AEVO/USDT:USDT,0.1073,88799.8,0.1072,162292.7,0.1074,70886.5,0.1075,136834.4
1753546974006,16:22:54.006,AEVO/USDT:USDT,0.1073,88799.8,0.1072,162292.7,0.1074,70886.5,0.1075,136834.4
1753546974156,16:22:54.156,AEVO/USDT:USDT,0.1073,88799.8,0.1072,162292.7,0.1074,70886.5,0.1075,136834.4
1753546974306,16:22:54.306,AEVO/USDT:USDT,0.1073,89179.7,0.1072,162292.7,0.1074,70886.5,0.1075,136834.4
1753546974456,16:22:54.456,AEVO/USDT:USDT,0.1073,88799.8,0.1072,162292.7,0.1074,70886.5,0.1075,136834.4
1753546974606,16:22:54.606,AEVO/USDT:USDT,0.1073,88799.8,0.1072,162292.7,0.1074,70886.5,0.1075,136834.4
1753546974756,16:22:54.756,AEVO/USDT:USDT,0.1073,88799.8,0.1072,162292.7,0.1074,70886.5,0.1075,136834.4
1753546974906,16:22:54.906,AEVO/USDT:USDT,0.1073,88799.8,0.1072,162292.7,0.1074,70886.5,0.1075,136834.4
1753546975057,16:22:55.057,AEVO/USDT:USDT,0.1073,88799.8,0.1072,162292.7,0.1074,70886.5,0.1075,136834.4
1753546975206,16:22:55.206,AEVO/USDT:USDT,0.1073,88799.8,0.1072,162292.7,0.1074,70886.5,0.1075,136834.4
1753546975357,16:22:55.357,AEVO/USDT:USDT,0.1073,88799.8,0.1072,162292.7,0.1074,70886.5,0.1075,136834.4
1753546975507,16:22:55.507,AEVO/USDT:USDT,0.1073,88799.8,0.1072,162292.7,0.1074,70886.5,0.1075,136834.4
1753546975657,16:22:55.657,AEVO/USDT:USDT,0.1073,88799.8,0.1072,162292.7,0.1074,70886.5,0.1075,136834.4
1753546975807,16:22:55.807,AEVO/USDT:USDT,0.1073,88799.8,0.1072,162292.7,0.1074,70886.5,0.1075,136834.4
1753546975957,16:22:55.957,AEVO/USDT:USDT,0.1073,88799.8,0.1072,162292.7,0.1074,70886.5,0.1075,136834.4
1753546976107,16:22:56.107,AEVO/USDT:USDT,0.1073,88799.8,0.1072,162292.7,0.1074,70886.5,0.1075,136834.4
1753546976257,16:22:56.257,AEVO/USDT:USDT,0.1073,88799.8,0.1072,162292.7,0.1074,70886.5,0.1075,136834.4
1753546976407,16:22:56.407,AEVO/USDT:USDT,0.1073,88799.8,0.1072,162292.7,0.1074,70886.5,0.1075,136834.4
1753546976557,16:22:56.557,AEVO/USDT:USDT,0.1073,88799.8,0.1072,162292.7,0.1074,70886.5,0.1075,136834.4
1753546976707,16:22:56.707,AEVO/USDT:USDT,0.1073,88799.8,0.1072,162292.7,0.1074,70886.5,0.1075,136834.4
1753546976857,16:22:56.857,AEVO/USDT:USDT,0.1073,88799.8,0.1072,162292.7,0.1074,70886.5,0.1075,136834.4
1753546977008,16:22:57.008,AEVO/USDT:USDT,0.1073,88799.8,0.1072,162292.7,0.1074,70886.5,0.1075,136834.4
1753546977158,16:22:57.158,AEVO/USDT:USDT,0.1073,88799.8,0.1072,162292.7,0.1074,70886.5,0.1075,136834.4
1753546977308,16:22:57.308,AEVO/USDT:USDT,0.1073,88799.8,0.1072,162292.7,0.1074,70886.5,0.1075,136834.4
1753546977458,16:22:57.458,AEVO/USDT:USDT,0.1073,89179.7,0.1072,155646.6,0.1074,30000.0,0.1075,177710.8
1753546977608,16:22:57.608,AEVO/USDT:USDT,0.1073,89179.7,0.1072,162292.7,0.1074,30000.0,0.1075,177710.8
1753546977758,16:22:57.758,AEVO/USDT:USDT,0.1073,89179.7,0.1072,162292.7,0.1074,30000.0,0.1075,177710.8
1753546977908,16:22:57.908,AEVO/USDT:USDT,0.1073,89179.7,0.1072,162292.7,0.1074,30000.0,0.1075,177710.8
1753546978058,16:22:58.058,AEVO/USDT:USDT,0.1073,89179.7,0.1072,162292.7,0.1074,30000.0,0.1075,177710.8
1753546978208,16:22:58.208,AEVO/USDT:USDT,0.1073,89179.7,0.1072,162292.7,0.1074,30000.0,0.1075,177710.8
1753546978358,16:22:58.358,AEVO/USDT:USDT,0.1073,89179.7,0.1072,162292.7,0.1074,30000.0,0.1075,177710.8
1753546978508,16:22:58.508,AEVO/USDT:USDT,0.1073,89179.7,0.1072,162292.7,0.1074,30000.0,0.1075,177710.8
1753546978658,16:22:58.658,AEVO/USDT:USDT,0.1073,89179.7,0.1072,162292.7,0.1074,30000.0,0.1075,177710.8
1753546978809,16:22:58.809,AEVO/USDT:USDT,0.1073,89179.7,0.1072,162292.7,0.1074,30000.0,0.1075,177710.8
1753546978959,16:22:58.959,AEVO/USDT:USDT,0.1073,89179.7,0.1072,162292.7,0.1074,30000.0,0.1075,177710.8
1753546979109,16:22:59.109,AEVO/USDT:USDT,0.1073,89179.7,0.1072,162292.7,0.1074,30000.0,0.1075,177710.8
1753546979259,16:22:59.259,AEVO/USDT:USDT,0.1073,89179.7,0.1072,162292.7,0.1074,30000.0,0.1075,177710.8
1753546979409,16:22:59.409,AEVO/USDT:USDT,0.1073,89179.7,0.1072,162292.7,0.1074,30000.0,0.1075,177710.8
1753546979559,16:22:59.559,AEVO/USDT:USDT,0.1073,89179.7,0.1072,162292.7,0.1074,30000.0,0.1075,177710.8
1753546979709,16:22:59.709,AEVO/USDT:USDT,0.1073,89179.7,0.1072,162292.7,0.1074,30000.0,0.1075,177710.8
1753546979859,16:22:59.859,AEVO/USDT:USDT,0.1073,89179.7,0.1072,162292.7,0.1074,30000.0,0.1075,177710.8
1753546980009,16:23:00.009,AEVO/USDT:USDT,0.1073,89179.7,0.1072,162292.7,0.1074,30000.0,0.1075,177710.8
1753546980159,16:23:00.159,AEVO/USDT:USDT,0.1073,89179.7,0.1072,162292.7,0.1074,30000.0,0.1075,177710.8
1753546980309,16:23:00.309,AEVO/USDT:USDT,0.1073,88799.8,0.1072,162292.7,0.1074,30000.0,0.1075,177710.8
1753546980459,16:23:00.459,AEVO/USDT:USDT,0.1073,88799.8,0.1072,162292.7,0.1074,30000.0,0.1075,177710.8
1753546980610,16:23:00.610,AEVO/USDT:USDT,0.1073,88799.8,0.1072,162292.7,0.1074,30000.0,0.1075,177710.8
1753546980760,16:23:00.760,AEVO/USDT:USDT,0.1073,88799.8,0.1072,162292.7,0.1074,30980.3,0.1075,177710.8
1753546980910,16:23:00.910,AEVO/USDT:USDT,0.1073,130283.2,0.1072,162292.7,0.1075,181530.8,0.1076,45337.9
1753546981060,16:23:01.060,AEVO/USDT:USDT,0.1074,1202.4,0.1073,129606.3,0.1075,180532.2,0.1076,34456.6
1753546981210,16:23:01.210,AEVO/USDT:USDT,0.1074,1202.4,0.1073,114211.3,0.1075,68733.4,0.1076,34456.6
1753546981360,16:23:01.360,AEVO/USDT:USDT,0.1074,1202.4,0.1073,249790.3,0.1075,68733.4,0.1076,146230.5
1753546981510,16:23:01.510,AEVO/USDT:USDT,0.1074,1202.4,0.1073,209251.1,0.1075,68733.4,0.1076,146230.5
1753546981660,16:23:01.660,AEVO/USDT:USDT,0.1074,1202.4,0.1073,209251.1,0.1075,68733.4,0.1076,146230.5
1753546981810,16:23:01.810,AEVO/USDT:USDT,0.1074,1202.4,0.1073,209251.1,0.1075,98733.4,0.1076,146230.5
1753546981960,16:23:01.960,AEVO/USDT:USDT,0.1074,1202.4,0.1073,209251.1,0.1075,98733.4,0.1076,146230.5
1753546982110,16:23:02.110,AEVO/USDT:USDT,0.1074,1202.4,0.1073,97477.2,0.1075,98733.4,0.1076,146230.5
1753546982260,16:23:02.260,AEVO/USDT:USDT,0.1073,52893.7,0.1072,136679.4,0.1074,3086.5,0.1075,213872.3
1753546982411,16:23:02.411,AEVO/USDT:USDT,0.1073,69959.3,0.1072,164991.8,0.1074,44337.1,0.1075,132800.1
1753546982561,16:23:02.561,AEVO/USDT:USDT,0.1073,70873.6,0.1072,164991.8,0.1074,43957.2,0.1075,142107.0
1753546982711,16:23:02.711,AEVO/USDT:USDT,0.1073,85873.6,0.1072,164991.8,0.1074,43957.2,0.1075,142107.0
1753546982861,16:23:02.861,AEVO/USDT:USDT,0.1073,85873.6,0.1072,164991.8,0.1074,72073.1,0.1075,142107.0
1753546983011,16:23:03.011,AEVO/USDT:USDT,0.1073,85873.6,0.1072,164991.8,0.1074,31202.4,0.1075,182977.4
1753546983161,16:23:03.161,AEVO/USDT:USDT,0.1073,85873.6,0.1072,164991.8,0.1074,31202.4,0.1075,182977.4
1753546983311,16:23:03.311,AEVO/USDT:USDT,0.1073,85873.6,0.1072,164991.8,0.1074,31202.4,0.1075,182977.4
1753546983461,16:23:03.461,AEVO/USDT:USDT,0.1073,85873.6,0.1072,164991.8,0.1074,31202.4,0.1075,182977.4
1753546983611,16:23:03.611,AEVO/USDT:USDT,0.1073,85873.6,0.1072,164991.8,0.1074,31202.4,0.1075,182977.4
1753546983761,16:23:03.761,AEVO/USDT:USDT,0.1073,85873.6,0.1072,164991.8,0.1074,31202.4,0.1075,182977.4
1753546983911,16:23:03.911,AEVO/USDT:USDT,0.1073,85873.6,0.1072,164991.8,0.1074,31202.4,0.1075,182977.4
1753546984061,16:23:04.061,AEVO/USDT:USDT,0.1073,85873.6,0.1072,164991.8,0.1074,31202.4,0.1075,182977.4
1753546984211,16:23:04.211,AEVO/USDT:USDT,0.1073,85873.6,0.1072,164991.8,0.1074,31202.4,0.1075,182977.4
1753546984362,16:23:04.362,AEVO/USDT:USDT,0.1073,85873.6,0.1072,164991.8,0.1074,31202.4,0.1075,182977.4
1753546984512,16:23:04.512,AEVO/USDT:USDT,0.1073,85873.6,0.1072,164991.8,0.1074,31202.4,0.1075,182977.4
1753546984662,16:23:04.662,AEVO/USDT:USDT,0.1073,85873.6,0.1072,164991.8,0.1074,31202.4,0.1075,182977.4
1753546984812,16:23:04.812,AEVO/USDT:USDT,0.1073,85873.6,0.1072,164991.8,0.1074,31202.4,0.1075,182977.4
1753546984962,16:23:04.962,AEVO/USDT:USDT,0.1073,85873.6,0.1072,164991.8,0.1074,31202.4,0.1075,182977.4
1753546985112,16:23:05.112,AEVO/USDT:USDT,0.1073,85873.6,0.1072,164991.8,0.1074,31202.4,0.1075,182977.4
1753546985262,16:23:05.262,AEVO/USDT:USDT,0.1073,85873.6,0.1072,164991.8,0.1074,31202.4,0.1075,182977.4
1753546985412,16:23:05.412,AEVO/USDT:USDT,0.1073,85873.6,0.1072,164991.8,0.1074,31202.4,0.1075,182977.4
1753546985562,16:23:05.562,AEVO/USDT:USDT,0.1073,85873.6,0.1072,164991.8,0.1074,31202.4,0.1075,182977.4
1753546985712,16:23:05.712,AEVO/USDT:USDT,0.1073,85873.6,0.1072,164991.8,0.1074,31202.4,0.1075,182977.4
1753546985862,16:23:05.862,AEVO/USDT:USDT,0.1073,85873.6,0.1072,164991.8,0.1074,31202.4,0.1075,182977.4
1753546986012,16:23:06.012,AEVO/USDT:USDT,0.1073,85873.6,0.1072,164991.8,0.1074,31202.4,0.1075,182977.4
1753546986163,16:23:06.163,AEVO/USDT:USDT,0.1073,85873.6,0.1072,164991.8,0.1074,31202.4,0.1075,182977.4
1753546986313,16:23:06.313,AEVO/USDT:USDT,0.1073,85873.6,0.1072,155671.7,0.1074,31202.4,0.1075,182977.4
1753546986463,16:23:06.463,AEVO/USDT:USDT,0.1073,95568.3,0.1072,155671.7,0.1074,31202.4,0.1075,182977.4
1753546986613,16:23:06.613,AEVO/USDT:USDT,0.1073,95568.3,0.1072,155671.7,0.1074,31202.4,0.1075,182977.4
1753546986763,16:23:06.763,AEVO/USDT:USDT,0.1073,95568.3,0.1072,155671.7,0.1074,31202.4,0.1075,182977.4
1753546986913,16:23:06.913,AEVO/USDT:USDT,0.1073,95568.3,0.1072,155671.7,0.1075,182977.4,0.1076,34456.6
1753546987063,16:23:07.063,AEVO/USDT:USDT,0.1074,1202.4,0.1073,137458.6,0.1075,71203.5,0.1076,146221.5
1753546987213,16:23:07.213,AEVO/USDT:USDT,0.1074,1202.4,0.1073,256967.4,0.1075,67141.2,0.1076,146221.5
1753546987363,16:23:07.363,AEVO/USDT:USDT,0.1074,1202.4,0.1073,218414.3,0.1075,67141.2,0.1076,146221.5
1753546987513,16:23:07.513,AEVO/USDT:USDT,0.1074,1202.4,0.1073,218414.3,0.1075,67141.2,0.1076,146221.5
1753546987663,16:23:07.663,AEVO/USDT:USDT,0.1074,26603.3,0.1073,218414.3,0.1075,87720.6,0.1076,146221.5
1753546987813,16:23:07.813,AEVO/USDT:USDT,0.1074,26603.3,0.1073,218414.3,0.1075,87720.6,0.1076,146221.5
1753546987964,16:23:07.964,AEVO/USDT:USDT,0.1074,26603.3,0.1073,218414.3,0.1075,87720.6,0.1076,146221.5
1753546988114,16:23:08.114,AEVO/USDT:USDT,0.1074,26603.3,0.1073,218414.3,0.1075,87720.6,0.1076,134907.2
1753546988264,16:23:08.264,AEVO/USDT:USDT,0.1074,17182.7,0.1073,218414.3,0.1075,97141.2,0.1076,134907.2
1753546988414,16:23:08.414,AEVO/USDT:USDT,0.1074,27127.7,0.1073,218414.3,0.1075,97141.2,0.1076,134907.2
1753546988564,16:23:08.564,AEVO/USDT:USDT,0.1074,27127.7,0.1073,218414.3,0.1075,97141.2,0.1076,140533.3
1753546988714,16:23:08.714,AEVO/USDT:USDT,0.1074,27127.7,0.1073,213414.3,0.1075,97521.1,0.1076,140533.3
1753546988864,16:23:08.864,AEVO/USDT:USDT,0.1074,27127.7,0.1073,213414.3,0.1075,97521.1,0.1076,140533.3
1753546989014,16:23:09.014,AEVO/USDT:USDT,0.1074,27127.7,0.1073,213414.3,0.1075,97141.2,0.1076,140533.3
1753546989164,16:23:09.164,AEVO/USDT:USDT,0.1074,27127.7,0.1073,213414.3,0.1075,97141.2,0.1076,140533.3
1753546989314,16:23:09.314,AEVO/USDT:USDT,0.1074,27127.7,0.1073,213414.3,0.1075,97141.2,0.1076,140533.3
1753546989464,16:23:09.464,AEVO/USDT:USDT,0.1074,27127.7,0.1073,213414.3,0.1075,97521.1,0.1076,146901.2
1753546989614,16:23:09.614,AEVO/USDT:USDT,0.1074,27127.7,0.1073,213414.3,0.1075,97141.2,0.1076,146901.2
1753546989764,16:23:09.764,AEVO/USDT:USDT,0.1074,27127.7,0.1073,213414.3,0.1075,97141.2,0.1076,146901.2
1753546989915,16:23:09.915,AEVO/USDT:USDT,0.1074,27127.7,0.1073,213414.3,0.1075,97141.2,0.1076,146901.2
1753546990065,16:23:10.065,AEVO/USDT:USDT,0.1074,27127.7,0.1073,213414.3,0.1075,97141.2,0.1076,146901.2
1753546990215,16:23:10.215,AEVO/USDT:USDT,0.1074,27127.7,0.1073,213414.3,0.1075,97141.2,0.1076,146901.2
1753546990365,16:23:10.365,AEVO/USDT:USDT,0.1074,27127.7,0.1073,213414.3,0.1075,97141.2,0.1076,146901.2
1753546990515,16:23:10.515,AEVO/USDT:USDT,0.1074,27127.7,0.1073,213414.3,0.1075,97141.2,0.1076,146901.2
1753546990665,16:23:10.665,AEVO/USDT:USDT,0.1074,27127.7,0.1073,213414.3,0.1075,97141.2,0.1076,146901.2
1753546990815,16:23:10.815,AEVO/USDT:USDT,0.1074,27127.7,0.1073,213414.3,0.1075,97141.2,0.1076,146901.2
1753546990965,16:23:10.965,AEVO/USDT:USDT,0.1074,27127.7,0.1073,213414.3,0.1075,97141.2,0.1076,146901.2
1753546991115,16:23:11.115,AEVO/USDT:USDT,0.1074,29391.7,0.1073,213414.3,0.1075,33723.3,0.1076,146901.2
1753546991265,16:23:11.265,AEVO/USDT:USDT,0.1074,29391.7,0.1073,219880.4,0.1075,33723.3,0.1076,175767.1
1753546991415,16:23:11.415,AEVO/USDT:USDT,0.1074,29391.7,0.1073,219880.4,0.1075,33723.3,0.1076,185061.9
1753546991565,16:23:11.565,AEVO/USDT:USDT,0.1074,29391.7,0.1073,219880.4,0.1075,33723.3,0.1076,185061.9
1753546991716,16:23:11.716,AEVO/USDT:USDT,0.1074,34391.7,0.1073,219880.4,0.1075,33723.3,0.1076,185061.9
1753546991866,16:23:11.866,AEVO/USDT:USDT,0.1074,34011.8,0.1073,219880.4,0.1075,33723.3,0.1076,185061.9
1753546992016,16:23:12.016,AEVO/USDT:USDT,0.1074,34011.8,0.1073,219880.4,0.1075,33723.3,0.1076,185061.9
1753546992166,16:23:12.166,AEVO/USDT:USDT,0.1074,34391.7,0.1073,219880.4,0.1075,33723.3,0.1076,185061.9
1753546992316,16:23:12.316,AEVO/USDT:USDT,0.1074,34391.7,0.1073,219880.4,0.1075,33723.3,0.1076,185061.9
1753546992466,16:23:12.466,AEVO/USDT:USDT,0.1074,34391.7,0.1073,219880.4,0.1075,33723.3,0.1076,185061.9
1753546992616,16:23:12.616,AEVO/USDT:USDT,0.1074,34011.8,0.1073,219880.4,0.1075,33723.3,0.1076,185061.9
1753546992766,16:23:12.766,AEVO/USDT:USDT,0.1074,34011.8,0.1073,219880.4,0.1075,33723.3,0.1076,185061.9
1753546992916,16:23:12.916,AEVO/USDT:USDT,0.1074,34011.8,0.1073,219880.4,0.1075,33723.3,0.1076,185061.9
1753546993066,16:23:13.066,AEVO/USDT:USDT,0.1074,34011.8,0.1073,219880.4,0.1075,33723.3,0.1076,185061.9
1753546993217,16:23:13.217,AEVO/USDT:USDT,0.1074,34011.8,0.1073,219880.4,0.1075,33723.3,0.1076,185061.9
1753546993366,16:23:13.366,AEVO/USDT:USDT,0.1074,34011.8,0.1073,219880.4,0.1075,33723.3,0.1076,185061.9
1753546993517,16:23:13.517,AEVO/USDT:USDT,0.1074,34011.8,0.1073,219880.4,0.1075,33723.3,0.1076,185061.9
1753546993667,16:23:13.667,AEVO/USDT:USDT,0.1074,34011.8,0.1073,219880.4,0.1075,33723.3,0.1076,185061.9
1753546993817,16:23:13.817,AEVO/USDT:USDT,0.1074,34011.8,0.1073,219880.4,0.1075,33723.3,0.1076,185061.9
1753546993967,16:23:13.967,AEVO/USDT:USDT,0.1074,34011.8,0.1073,219880.4,0.1075,33723.3,0.1076,185061.9
1753546994117,16:23:14.117,AEVO/USDT:USDT,0.1074,34011.8,0.1073,219880.4,0.1075,33723.3,0.1076,185061.9
1753546994267,16:23:14.267,AEVO/USDT:USDT,0.1074,34391.7,0.1073,219880.4,0.1075,31839.2,0.1076,185061.9
1753546994417,16:23:14.417,AEVO/USDT:USDT,0.1074,34391.7,0.1073,219880.4,0.1075,31839.2,0.1076,185061.9
1753546994567,16:23:14.567,AEVO/USDT:USDT,0.1074,34391.7,0.1073,219880.4,0.1075,31839.2,0.1076,185061.9
1753546994717,16:23:14.717,AEVO/USDT:USDT,0.1074,34391.7,0.1073,219880.4,0.1075,31839.2,0.1076,185061.9
1753546994867,16:23:14.867,AEVO/USDT:USDT,0.1074,34391.7,0.1073,219880.4,0.1075,31839.2,0.1076,185061.9
1753546995017,16:23:15.017,AEVO/USDT:USDT,0.1074,34391.7,0.1073,219880.4,0.1075,31839.2,0.1076,185061.9
1753546995167,16:23:15.167,AEVO/USDT:USDT,0.1074,34391.7,0.1073,219880.4,0.1075,31839.2,0.1076,185061.9
1753546995318,16:23:15.318,AEVO/USDT:USDT,0.1074,34391.7,0.1073,219880.4,0.1075,31839.2,0.1076,185061.9
1753546995468,16:23:15.468,AEVO/USDT:USDT,0.1074,34391.7,0.1073,219880.4,0.1075,31839.2,0.1076,185061.9
1753546995618,16:23:15.618,AEVO/USDT:USDT,0.1074,34391.7,0.1073,219880.4,0.1075,31839.2,0.1076,185061.9
1753546995768,16:23:15.768,AEVO/USDT:USDT,0.1074,34391.7,0.1073,219880.4,0.1075,31839.2,0.1076,185061.9
1753546995918,16:23:15.918,AEVO/USDT:USDT,0.1074,34391.7,0.1073,219880.4,0.1075,31839.2,0.1076,185061.9
1753546996068,16:23:16.068,AEVO/USDT:USDT,0.1074,34391.7,0.1073,219880.4,0.1075,31839.2,0.1076,185061.9
1753546996218,16:23:16.218,AEVO/USDT:USDT,0.1074,34391.7,0.1073,219880.4,0.1075,31839.2,0.1076,185061.9
1753546996368,16:23:16.368,AEVO/USDT:USDT,0.1074,34391.7,0.1073,219880.4,0.1075,31839.2,0.1076,185061.9
1753546996518,16:23:16.518,AEVO/USDT:USDT,0.1074,34391.7,0.1073,219880.4,0.1075,31839.2,0.1076,185061.9
1753546996668,16:23:16.668,AEVO/USDT:USDT,0.1074,34011.8,0.1073,219880.4,0.1075,31839.2,0.1076,185061.9
1753546996818,16:23:16.818,AEVO/USDT:USDT,0.1074,34011.8,0.1073,219880.4,0.1075,31839.2,0.1076,185061.9
1753546996968,16:23:16.968,AEVO/USDT:USDT,0.1074,34011.8,0.1073,219880.4,0.1075,31839.2,0.1076,185061.9
1753546997119,16:23:17.119,AEVO/USDT:USDT,0.1074,74853.4,0.1073,67244.8,0.1075,31839.2,0.1076,73278.7
1753546997269,16:23:17.269,AEVO/USDT:USDT,0.1074,75233.3,0.1073,178960.4,0.1075,31839.2,0.1076,184994.3
1753546997419,16:23:17.419,AEVO/USDT:USDT,0.1074,75233.3,0.1073,178960.4,0.1075,31839.2,0.1076,184994.3
1753546997569,16:23:17.569,AEVO/USDT:USDT,0.1074,75233.3,0.1073,168960.4,0.1075,31839.2,0.1076,184994.3
1753546997719,16:23:17.719,AEVO/USDT:USDT,0.1074,75233.3,0.1073,168960.4,0.1075,31839.2,0.1076,184994.3
1753546997869,16:23:17.869,AEVO/USDT:USDT,0.1074,75233.3,0.1073,168960.4,0.1075,31839.2,0.1076,184994.3
1753546998019,16:23:18.019,AEVO/USDT:USDT,0.1074,75233.3,0.1073,168960.4,0.1075,31839.2,0.1076,184994.3
1753546998169,16:23:18.169,AEVO/USDT:USDT,0.1074,75233.3,0.1073,168960.4,0.1075,31839.2,0.1076,184994.3
1753546998319,16:23:18.319,AEVO/USDT:USDT,0.1074,75233.3,0.1073,168960.4,0.1075,31839.2,0.1076,184994.3
1753546998469,16:23:18.469,AEVO/USDT:USDT,0.1074,75233.3,0.1073,168960.4,0.1075,31839.2,0.1076,184994.3
1753546998619,16:23:18.619,AEVO/USDT:USDT,0.1074,85233.3,0.1073,168960.4,0.1075,31839.2,0.1076,184994.3
1753546998769,16:23:18.769,AEVO/USDT:USDT,0.1074,85233.3,0.1073,168960.4,0.1075,31839.2,0.1076,184994.3
1753546998920,16:23:18.920,AEVO/USDT:USDT,0.1074,85233.3,0.1073,168960.4,0.1075,31839.2,0.1076,184994.3
1753546999070,16:23:19.070,AEVO/USDT:USDT,0.1074,84853.4,0.1073,168960.4,0.1075,31839.2,0.1076,184994.3
1753546999220,16:23:19.220,AEVO/USDT:USDT,0.1074,85233.3,0.1073,168960.4,0.1075,31839.2,0.1076,184994.3
1753546999370,16:23:19.370,AEVO/USDT:USDT,0.1074,85233.3,0.1073,168960.4,0.1075,31839.2,0.1076,184994.3
1753546999520,16:23:19.520,AEVO/USDT:USDT,0.1074,85233.3,0.1073,168960.4,0.1075,31839.2,0.1076,184994.3
1753546999670,16:23:19.670,AEVO/USDT:USDT,0.1074,84853.4,0.1073,168960.4,0.1075,31839.2,0.1076,184994.3
1753546999820,16:23:19.820,AEVO/USDT:USDT,0.1074,84853.4,0.1073,168960.4,0.1075,31839.2,0.1076,184994.3
1753546999970,16:23:19.970,AEVO/USDT:USDT,0.1074,84853.4,0.1073,168960.4,0.1075,31839.2,0.1076,184994.3
1753547000120,16:23:20.120,AEVO/USDT:USDT,0.1074,84853.4,0.1073,168960.4,0.1075,31839.2,0.1076,184994.3
1753547000270,16:23:20.270,AEVO/USDT:USDT,0.1074,84853.4,0.1073,168960.4,0.1075,31839.2,0.1076,184994.3
1753547000420,16:23:20.420,AEVO/USDT:USDT,0.1074,85233.3,0.1073,168960.4,0.1075,31839.2,0.1076,184994.3
1753547000570,16:23:20.570,AEVO/USDT:USDT,0.1074,84853.4,0.1073,168960.4,0.1075,31839.2,0.1076,184994.3
1753547000720,16:23:20.720,AEVO/USDT:USDT,0.1074,84853.4,0.1073,168960.4,0.1075,31839.2,0.1076,184994.3
1753547000871,16:23:20.871,AEVO/USDT:USDT,0.1074,84853.4,0.1073,168960.4,0.1075,31839.2,0.1076,184994.3
1753547001021,16:23:21.021,AEVO/USDT:USDT,0.1074,84853.4,0.1073,168960.4,0.1075,31839.2,0.1076,184994.3
1753547001171,16:23:21.171,AEVO/USDT:USDT,0.1074,84853.4,0.1073,168960.4,0.1075,31839.2,0.1076,184994.3
1753547001321,16:23:21.321,AEVO/USDT:USDT,0.1074,84853.4,0.1073,168960.4,0.1075,31839.2,0.1076,184994.3
1753547001471,16:23:21.471,AEVO/USDT:USDT,0.1074,84853.4,0.1073,168960.4,0.1075,31839.2,0.1076,184994.3
1753547001621,16:23:21.621,AEVO/USDT:USDT,0.1074,84853.4,0.1073,168960.4,0.1075,31839.2,0.1076,184994.3
1753547001771,16:23:21.771,AEVO/USDT:USDT,0.1074,84853.4,0.1073,168960.4,0.1075,31839.2,0.1076,184994.3
1753547001921,16:23:21.921,AEVO/USDT:USDT,0.1074,84853.4,0.1073,168960.4,0.1075,31839.2,0.1076,184994.3
1753547002071,16:23:22.071,AEVO/USDT:USDT,0.1074,84853.4,0.1073,168960.4,0.1075,31839.2,0.1076,184994.3
1753547002221,16:23:22.221,AEVO/USDT:USDT,0.1074,85233.3,0.1073,168960.4,0.1075,31839.2,0.1076,184994.3
1753547002371,16:23:22.371,AEVO/USDT:USDT,0.1074,85233.3,0.1073,168960.4,0.1075,31839.2,0.1076,184994.3
1753547002521,16:23:22.521,AEVO/USDT:USDT,0.1074,85233.3,0.1073,168960.4,0.1075,31839.2,0.1076,184994.3
1753547002672,16:23:22.672,AEVO/USDT:USDT,0.1074,85233.3,0.1073,168960.4,0.1075,31839.2,0.1076,184994.3
1753547002822,16:23:22.822,AEVO/USDT:USDT,0.1074,84853.4,0.1073,168960.4,0.1075,31839.2,0.1076,184994.3
1753547002972,16:23:22.972,AEVO/USDT:USDT,0.1074,85233.3,0.1073,168960.4,0.1075,31839.2,0.1076,184994.3
1753547003122,16:23:23.122,AEVO/USDT:USDT,0.1074,85233.3,0.1073,168960.4,0.1075,31839.2,0.1076,184994.3
1753547003272,16:23:23.272,AEVO/USDT:USDT,0.1074,84853.4,0.1073,168960.4,0.1075,31839.2,0.1076,184994.3
1753547003422,16:23:23.422,AEVO/USDT:USDT,0.1074,85233.3,0.1073,168960.4,0.1075,31839.2,0.1076,184994.3
1753547003572,16:23:23.572,AEVO/USDT:USDT,0.1074,85233.3,0.1073,168960.4,0.1075,31839.2,0.1076,184994.3
1753547003722,16:23:23.722,AEVO/USDT:USDT,0.1074,85233.3,0.1073,168960.4,0.1075,31839.2,0.1076,184994.3
1753547003872,16:23:23.872,AEVO/USDT:USDT,0.1074,85233.3,0.1073,168960.4,0.1075,31839.2,0.1076,184994.3
1753547004022,16:23:24.022,AEVO/USDT:USDT,0.1074,85233.3,0.1073,168960.4,0.1075,31839.2,0.1076,184994.3
1753547004172,16:23:24.172,AEVO/USDT:USDT,0.1074,85233.3,0.1073,168960.4,0.1075,31839.2,0.1076,184994.3
1753547004322,16:23:24.322,AEVO/USDT:USDT,0.1074,85233.3,0.1073,159645.6,0.1075,31839.2,0.1076,184994.3
1753547004623,16:23:24.623,AEVO/USDT:USDT,0.1074,85233.3,0.1073,168953.2,0.1075,31839.2,0.1076,184994.3
1753547004773,16:23:24.773,AEVO/USDT:USDT,0.1074,85233.3,0.1073,168953.2,0.1075,31839.2,0.1076,184994.3
1753547005073,16:23:25.073,AEVO/USDT:USDT,0.1074,85233.3,0.1073,168953.2,0.1075,31839.2,0.1076,184994.3
1753547005223,16:23:25.223,AEVO/USDT:USDT,0.1074,85233.3,0.1073,168953.2,0.1075,31839.2,0.1076,184994.3
1753547005373,16:23:25.373,AEVO/USDT:USDT,0.1074,85233.3,0.1073,168953.2,0.1075,31839.2,0.1076,184994.3
1753547005523,16:23:25.523,AEVO/USDT:USDT,0.1074,85233.3,0.1073,168953.2,0.1075,31839.2,0.1076,184994.3
1753547005673,16:23:25.673,AEVO/USDT:USDT,0.1074,85233.3,0.1073,168953.2,0.1075,31839.2,0.1076,184994.3
1753547005823,16:23:25.823,AEVO/USDT:USDT,0.1074,85233.3,0.1073,168953.2,0.1075,31839.2,0.1076,184994.3
1753547005973,16:23:25.973,AEVO/USDT:USDT,0.1074,85233.3,0.1073,168953.2,0.1075,31839.2,0.1076,184994.3
1753547006123,16:23:26.123,AEVO/USDT:USDT,0.1074,85233.3,0.1073,168953.2,0.1075,31839.2,0.1076,184994.3
1753547006274,16:23:26.274,AEVO/USDT:USDT,0.1074,85233.3,0.1073,168953.2,0.1075,31839.2,0.1076,184994.3
1753547006424,16:23:26.424,AEVO/USDT:USDT,0.1074,85233.3,0.1073,168953.2,0.1075,31839.2,0.1076,184994.3
1753547006574,16:23:26.574,AEVO/USDT:USDT,0.1074,85233.3,0.1073,168953.2,0.1075,31839.2,0.1076,184994.3
1753547006724,16:23:26.724,AEVO/USDT:USDT,0.1074,85233.3,0.1073,168953.2,0.1075,31839.2,0.1076,184994.3
1753547006874,16:23:26.874,AEVO/USDT:USDT,0.1074,85233.3,0.1073,168953.2,0.1075,31839.2,0.1076,184994.3
1753547007024,16:23:27.024,AEVO/USDT:USDT,0.1074,85233.3,0.1073,168953.2,0.1075,31839.2,0.1076,184994.3
1753547007174,16:23:27.174,AEVO/USDT:USDT,0.1074,85233.3,0.1073,168953.2,0.1075,31839.2,0.1076,184994.3
1753547007324,16:23:27.324,AEVO/USDT:USDT,0.1074,85233.3,0.1073,168953.2,0.1075,31839.2,0.1076,184994.3
1753547007474,16:23:27.474,AEVO/USDT:USDT,0.1074,85233.3,0.1073,168953.2,0.1075,31839.2,0.1076,184994.3
1753547007624,16:23:27.624,AEVO/USDT:USDT,0.1074,84853.4,0.1073,168953.2,0.1075,31839.2,0.1076,184994.3
1753547007774,16:23:27.774,AEVO/USDT:USDT,0.1074,85233.3,0.1073,168953.2,0.1075,31839.2,0.1076,184994.3
1753547007924,16:23:27.924,AEVO/USDT:USDT,0.1074,85233.3,0.1073,168953.2,0.1075,31839.2,0.1076,184994.3
1753547008074,16:23:28.074,AEVO/USDT:USDT,0.1074,85233.3,0.1073,168953.2,0.1075,31839.2,0.1076,184994.3
1753547008225,16:23:28.225,AEVO/USDT:USDT,0.1074,85233.3,0.1073,168953.2,0.1075,31839.2,0.1076,184994.3
1753547008375,16:23:28.375,AEVO/USDT:USDT,0.1074,85233.3,0.1073,168953.2,0.1075,31839.2,0.1076,184994.3
1753547008525,16:23:28.525,AEVO/USDT:USDT,0.1074,85233.3,0.1073,168953.2,0.1075,31839.2,0.1076,184994.3
1753547008675,16:23:28.675,AEVO/USDT:USDT,0.1074,85233.3,0.1073,168953.2,0.1075,31839.2,0.1076,184994.3
1753547008825,16:23:28.825,AEVO/USDT:USDT,0.1074,85233.3,0.1073,168953.2,0.1075,31839.2,0.1076,184994.3
1753547008975,16:23:28.975,AEVO/USDT:USDT,0.1074,85233.3,0.1073,168953.2,0.1075,31839.2,0.1076,184994.3
1753547009125,16:23:29.125,AEVO/USDT:USDT,0.1074,85233.3,0.1073,168953.2,0.1075,31839.2,0.1076,184994.3
1753547009275,16:23:29.275,AEVO/USDT:USDT,0.1074,85233.3,0.1073,168953.2,0.1075,31839.2,0.1076,184994.3
1753547009425,16:23:29.425,AEVO/USDT:USDT,0.1074,84853.4,0.1073,168953.2,0.1075,31839.2,0.1076,184994.3
1753547009575,16:23:29.575,AEVO/USDT:USDT,0.1074,84853.4,0.1073,168953.2,0.1075,31839.2,0.1076,184994.3
1753547009725,16:23:29.725,AEVO/USDT:USDT,0.1074,84853.4,0.1073,168953.2,0.1075,31839.2,0.1076,184994.3
1753547009875,16:23:29.875,AEVO/USDT:USDT,0.1074,84853.4,0.1073,168953.2,0.1075,31839.2,0.1076,184994.3
1753547010026,16:23:30.026,AEVO/USDT:USDT,0.1074,84853.4,0.1073,168953.2,0.1075,31839.2,0.1076,184994.3
1753547010176,16:23:30.176,AEVO/USDT:USDT,0.1074,84853.4,0.1073,168953.2,0.1075,31839.2,0.1076,184994.3
1753547010326,16:23:30.326,AEVO/USDT:USDT,0.1074,84853.4,0.1073,168953.2,0.1075,31839.2,0.1076,184994.3
1753547010476,16:23:30.476,AEVO/USDT:USDT,0.1074,84853.4,0.1073,168953.2,0.1075,31839.2,0.1076,184994.3
1753547010626,16:23:30.626,AEVO/USDT:USDT,0.1074,84853.4,0.1073,168953.2,0.1075,31839.2,0.1076,184994.3
1753547010776,16:23:30.776,AEVO/USDT:USDT,0.1074,84853.4,0.1073,168953.2,0.1075,33723.3,0.1076,184994.3
1753547010926,16:23:30.926,AEVO/USDT:USDT,0.1074,84853.4,0.1073,168953.2,0.1075,33723.3,0.1076,184994.3
1753547011076,16:23:31.076,AEVO/USDT:USDT,0.1074,84853.4,0.1073,168953.2,0.1075,33723.3,0.1076,184994.3
1753547011226,16:23:31.226,AEVO/USDT:USDT,0.1074,84853.4,0.1073,168953.2,0.1075,33723.3,0.1076,184994.3
1753547011376,16:23:31.376,AEVO/USDT:USDT,0.1074,84853.4,0.1073,168953.2,0.1075,33723.3,0.1076,184994.3
1753547011526,16:23:31.526,AEVO/USDT:USDT,0.1074,84853.4,0.1073,168953.2,0.1075,33723.3,0.1076,184994.3
1753547011676,16:23:31.676,AEVO/USDT:USDT,0.1074,84853.4,0.1073,168953.2,0.1075,33723.3,0.1076,184994.3
1753547011827,16:23:31.827,AEVO/USDT:USDT,0.1074,84853.4,0.1073,168953.2,0.1075,33723.3,0.1076,184994.3
1753547011977,16:23:31.977,AEVO/USDT:USDT,0.1074,84853.4,0.1073,168953.2,0.1075,33723.3,0.1076,184994.3
1753547012127,16:23:32.127,AEVO/USDT:USDT,0.1074,84853.4,0.1073,168953.2,0.1075,33723.3,0.1076,184994.3
1753547012277,16:23:32.277,AEVO/USDT:USDT,0.1074,84853.4,0.1073,168953.2,0.1075,33723.3,0.1076,184994.3
1753547012427,16:23:32.427,AEVO/USDT:USDT,0.1074,84853.4,0.1073,168953.2,0.1075,33723.3,0.1076,184994.3
1753547012577,16:23:32.577,AEVO/USDT:USDT,0.1074,84853.4,0.1073,168953.2,0.1075,33723.3,0.1076,184994.3
1753547012727,16:23:32.727,AEVO/USDT:USDT,0.1074,84853.4,0.1073,168953.2,0.1075,33723.3,0.1076,184994.3
1753547012877,16:23:32.877,AEVO/USDT:USDT,0.1074,84853.4,0.1073,168953.2,0.1075,33723.3,0.1076,184994.3
1753547013027,16:23:33.027,AEVO/USDT:USDT,0.1074,84853.4,0.1073,168953.2,0.1075,33723.3,0.1076,184994.3
1753547013177,16:23:33.177,AEVO/USDT:USDT,0.1074,84821.0,0.1073,57237.6,0.1075,33723.3,0.1076,73246.3
1753547013327,16:23:33.327,AEVO/USDT:USDT,0.1074,84821.0,0.1073,168905.6,0.1075,33723.3,0.1076,184914.3
1753547013477,16:23:33.477,AEVO/USDT:USDT,0.1074,84821.0,0.1073,168905.6,0.1075,33723.3,0.1076,184914.3
1753547013627,16:23:33.627,AEVO/USDT:USDT,0.1074,84821.0,0.1073,168905.6,0.1075,33723.3,0.1076,184914.3
1753547013778,16:23:33.778,AEVO/USDT:USDT,0.1074,84821.0,0.1073,168905.6,0.1075,33723.3,0.1076,184914.3
1753547013928,16:23:33.928,AEVO/USDT:USDT,0.1074,84821.0,0.1073,168905.6,0.1075,33723.3,0.1076,184914.3
1753547014078,16:23:34.078,AEVO/USDT:USDT,0.1074,84821.0,0.1073,168905.6,0.1075,33723.3,0.1076,184914.3
1753547014228,16:23:34.228,AEVO/USDT:USDT,0.1074,84821.0,0.1073,168905.6,0.1075,33723.3,0.1076,184914.3
1753547014378,16:23:34.378,AEVO/USDT:USDT,0.1074,84821.0,0.1073,168905.6,0.1075,33723.3,0.1076,184914.3
1753547014528,16:23:34.528,AEVO/USDT:USDT,0.1074,84821.0,0.1073,168905.6,0.1075,33723.3,0.1076,184914.3
1753547014678,16:23:34.678,AEVO/USDT:USDT,0.1074,84821.0,0.1073,168905.6,0.1075,33723.3,0.1076,184914.3
1753547014828,16:23:34.828,AEVO/USDT:USDT,0.1074,84821.0,0.1073,168905.6,0.1075,33723.3,0.1076,184914.3
1753547014978,16:23:34.978,AEVO/USDT:USDT,0.1074,84821.0,0.1073,168905.6,0.1075,33723.3,0.1076,184914.3
1753547015128,16:23:35.128,AEVO/USDT:USDT,0.1074,84821.0,0.1073,168905.6,0.1075,33723.3,0.1076,184914.3
1753547015278,16:23:35.278,AEVO/USDT:USDT,0.1074,84821.0,0.1073,168905.6,0.1075,33723.3,0.1076,175619.5
1753547015428,16:23:35.428,AEVO/USDT:USDT,0.1074,84821.0,0.1073,168905.6,0.1075,33723.3,0.1076,175619.5
1753547015579,16:23:35.579,AEVO/USDT:USDT,0.1074,84821.0,0.1073,168905.6,0.1075,33723.3,0.1076,175619.5
1753547015729,16:23:35.729,AEVO/USDT:USDT,0.1074,84821.0,0.1073,168905.6,0.1075,33723.3,0.1076,184917.9
1753547015879,16:23:35.879,AEVO/USDT:USDT,0.1074,84821.0,0.1073,168905.6,0.1075,33723.3,0.1076,184917.9
1753547016029,16:23:36.029,AEVO/USDT:USDT,0.1074,84821.0,0.1073,168905.6,0.1075,33723.3,0.1076,184917.9
1753547016179,16:23:36.179,AEVO/USDT:USDT,0.1074,84821.0,0.1073,168905.6,0.1075,33723.3,0.1076,184917.9
1753547016329,16:23:36.329,AEVO/USDT:USDT,0.1074,84821.0,0.1073,168905.6,0.1075,33723.3,0.1076,184917.9
1753547016479,16:23:36.479,AEVO/USDT:USDT,0.1074,84821.0,0.1073,168905.6,0.1075,33723.3,0.1076,184917.9
1753547016629,16:23:36.629,AEVO/USDT:USDT,0.1074,84821.0,0.1073,168905.6,0.1075,33723.3,0.1076,184917.9
1753547016779,16:23:36.779,AEVO/USDT:USDT,0.1074,84821.0,0.1073,168905.6,0.1075,31839.2,0.1076,184917.9
1753547016929,16:23:36.929,AEVO/USDT:USDT,0.1074,84821.0,0.1073,168905.6,0.1075,31839.2,0.1076,184917.9
1753547017079,16:23:37.079,AEVO/USDT:USDT,0.1074,84821.0,0.1073,168905.6,0.1075,31839.2,0.1076,184917.9
1753547017229,16:23:37.229,AEVO/USDT:USDT,0.1074,84821.0,0.1073,168905.6,0.1075,31839.2,0.1076,175619.5
1753547017530,16:23:37.530,AEVO/USDT:USDT,0.1074,85200.9,0.1073,168905.6,0.1075,31839.2,0.1076,175619.5
1753547017680,16:23:37.680,AEVO/USDT:USDT,0.1074,85200.9,0.1073,168905.6,0.1075,31839.2,0.1076,184915.3
1753547017830,16:23:37.830,AEVO/USDT:USDT,0.1074,85200.9,0.1073,168905.6,0.1075,31839.2,0.1076,184915.3
1753547017980,16:23:37.980,AEVO/USDT:USDT,0.1074,85200.9,0.1073,168905.6,0.1075,31839.2,0.1076,184915.3
1753547018130,16:23:38.130,AEVO/USDT:USDT,0.1074,85200.9,0.1073,168905.6,0.1075,31839.2,0.1076,184915.3
1753547018280,16:23:38.280,AEVO/USDT:USDT,0.1074,85200.9,0.1073,168905.6,0.1075,31839.2,0.1076,184915.3
1753547018430,16:23:38.430,AEVO/USDT:USDT,0.1074,85200.9,0.1073,168905.6,0.1075,31839.2,0.1076,184915.3
1753547018580,16:23:38.580,AEVO/USDT:USDT,0.1074,85200.9,0.1073,168905.6,0.1075,31839.2,0.1076,184915.3
1753547018730,16:23:38.730,AEVO/USDT:USDT,0.1074,84821.0,0.1073,168905.6,0.1075,31839.2,0.1076,184915.3
1753547018880,16:23:38.880,AEVO/USDT:USDT,0.1074,84821.0,0.1073,168905.6,0.1075,31839.2,0.1076,184915.3
1753547019030,16:23:39.030,AEVO/USDT:USDT,0.1074,84821.0,0.1073,168905.6,0.1075,31839.2,0.1076,184915.3
1753547019180,16:23:39.180,AEVO/USDT:USDT,0.1074,84821.0,0.1073,168905.6,0.1075,31839.2,0.1076,184915.3
1753547019331,16:23:39.331,AEVO/USDT:USDT,0.1074,84821.0,0.1073,168905.6,0.1075,31839.2,0.1076,184915.3
1753547019481,16:23:39.481,AEVO/USDT:USDT,0.1074,84821.0,0.1073,168905.6,0.1075,31839.2,0.1076,184915.3
1753547019631,16:23:39.631,AEVO/USDT:USDT,0.1074,84821.0,0.1073,168905.6,0.1075,31839.2,0.1076,184915.3
1753547019781,16:23:39.781,AEVO/USDT:USDT,0.1074,84821.0,0.1073,168905.6,0.1075,31839.2,0.1076,184915.3
1753547019931,16:23:39.931,AEVO/USDT:USDT,0.1074,84821.0,0.1073,168905.6,0.1075,31839.2,0.1076,184915.3
1753547020081,16:23:40.081,AEVO/USDT:USDT,0.1074,84821.0,0.1073,168905.6,0.1075,31839.2,0.1076,184915.3
1753547020231,16:23:40.231,AEVO/USDT:USDT,0.1074,84821.0,0.1073,168905.6,0.1075,31839.2,0.1076,184915.3
1753547020381,16:23:40.381,AEVO/USDT:USDT,0.1074,84821.0,0.1073,168905.6,0.1075,31839.2,0.1076,184915.3
1753547020531,16:23:40.531,AEVO/USDT:USDT,0.1074,84821.0,0.1073,168905.6,0.1075,31839.2,0.1076,184915.3
1753547020681,16:23:40.681,AEVO/USDT:USDT,0.1074,85200.9,0.1073,168905.6,0.1075,31337.4,0.1076,184915.3
1753547020831,16:23:40.831,AEVO/USDT:USDT,0.1074,85200.9,0.1073,168905.6,0.1075,30000.0,0.1076,184915.3
1753547020981,16:23:40.981,AEVO/USDT:USDT,0.1074,85200.9,0.1073,168905.6,0.1075,30000.0,0.1076,184915.3
1753547021132,16:23:41.132,AEVO/USDT:USDT,0.1074,84821.0,0.1073,168905.6,0.1075,30000.0,0.1076,184915.3
1753547021282,16:23:41.282,AEVO/USDT:USDT,0.1074,84821.0,0.1073,168905.6,0.1075,30000.0,0.1076,184915.3
1753547021432,16:23:41.432,AEVO/USDT:USDT,0.1074,84821.0,0.1073,168905.6,0.1075,30000.0,0.1076,184915.3
1753547021582,16:23:41.582,AEVO/USDT:USDT,0.1074,84821.0,0.1073,168905.6,0.1075,30000.0,0.1076,184915.3
1753547021732,16:23:41.732,AEVO/USDT:USDT,0.1074,84821.0,0.1073,168905.6,0.1075,30000.0,0.1076,184915.3
1753547021882,16:23:41.882,AEVO/USDT:USDT,0.1074,84821.0,0.1073,168905.6,0.1075,30000.0,0.1076,184915.3
1753547022032,16:23:42.032,AEVO/USDT:USDT,0.1074,84821.0,0.1073,168905.6,0.1075,30000.0,0.1076,184915.3
1753547022182,16:23:42.182,AEVO/USDT:USDT,0.1074,84821.0,0.1073,168905.6,0.1075,30000.0,0.1076,184915.3
1753547022332,16:23:42.332,AEVO/USDT:USDT,0.1074,84821.0,0.1073,168905.6,0.1075,30000.0,0.1076,184915.3
1753547022482,16:23:42.482,AEVO/USDT:USDT,0.1074,84821.0,0.1073,168905.6,0.1075,30000.0,0.1076,184915.3
1753547022632,16:23:42.632,AEVO/USDT:USDT,0.1074,85200.9,0.1073,168905.6,0.1075,30000.0,0.1076,184915.3
1753547022783,16:23:42.783,AEVO/USDT:USDT,0.1074,85200.9,0.1073,168905.6,0.1075,30000.0,0.1076,184915.3
1753547022933,16:23:42.933,AEVO/USDT:USDT,0.1074,85200.9,0.1073,168905.6,0.1075,30000.0,0.1076,184915.3
1753547023083,16:23:43.083,AEVO/USDT:USDT,0.1074,85200.9,0.1073,168905.6,0.1076,184915.3,0.1077,46151.8
1753547023233,16:23:43.233,AEVO/USDT:USDT,0.1075,1803.6,0.1074,84821.0,0.1076,76078.7,0.1077,157813.0
1753547023383,16:23:43.383,AEVO/USDT:USDT,0.1075,1803.6,0.1074,99180.4,0.1076,106078.7,0.1077,157813.0
1753547023533,16:23:43.533,AEVO/USDT:USDT,0.1075,1803.6,0.1074,210841.6,0.1076,106078.7,0.1077,157813.0
1753547023683,16:23:43.683,AEVO/USDT:USDT,0.1075,1803.6,0.1074,210841.6,0.1076,106078.7,0.1077,157813.0
1753547023833,16:23:43.833,AEVO/USDT:USDT,0.1075,1803.6,0.1074,210841.6,0.1076,106458.6,0.1077,157813.0
1753547023983,16:23:43.983,AEVO/USDT:USDT,0.1075,1803.6,0.1074,210841.6,0.1076,106458.6,0.1077,157813.0
1753547024133,16:23:44.133,AEVO/USDT:USDT,0.1075,1803.6,0.1074,210841.6,0.1076,106458.6,0.1077,157813.0
1753547024283,16:23:44.283,AEVO/USDT:USDT,0.1075,1803.6,0.1074,210841.6,0.1076,106458.6,0.1077,157813.0
1753547024433,16:23:44.433,AEVO/USDT:USDT,0.1074,210841.6,0.1073,31633.5,0.1076,106458.6,0.1077,157813.0
1753547024583,16:23:44.583,AEVO/USDT:USDT,0.1074,186482.2,0.1073,50672.7,0.1076,106458.6,0.1077,157813.0
1753547024734,16:23:44.734,AEVO/USDT:USDT,0.1074,186482.2,0.1073,50672.7,0.1076,106458.6,0.1077,157813.0
1753547024884,16:23:44.884,AEVO/USDT:USDT,0.1074,186482.2,0.1073,50672.7,0.1076,106458.6,0.1077,157813.0
1753547025034,16:23:45.034,AEVO/USDT:USDT,0.1074,74821.0,0.1073,162329.3,0.1076,218115.2,0.1077,46151.8
1753547025184,16:23:45.184,AEVO/USDT:USDT,0.1074,74821.0,0.1073,162329.3,0.1076,218115.2,0.1077,46151.8
1753547025334,16:23:45.334,AEVO/USDT:USDT,0.1074,84821.0,0.1073,162329.3,0.1076,218115.2,0.1077,46151.8
1753547025484,16:23:45.484,AEVO/USDT:USDT,0.1074,84821.0,0.1073,162329.3,0.1076,218115.2,0.1077,46151.8
1753547025634,16:23:45.634,AEVO/USDT:USDT,0.1074,84821.0,0.1073,162329.3,0.1076,218115.2,0.1077,46151.8
1753547025784,16:23:45.784,AEVO/USDT:USDT,0.1074,84821.0,0.1073,162329.3,0.1076,218115.2,0.1077,46151.8
1753547025934,16:23:45.934,AEVO/USDT:USDT,0.1074,84821.0,0.1073,162329.3,0.1076,218115.2,0.1077,46151.8
1753547026084,16:23:46.084,AEVO/USDT:USDT,0.1074,94128.2,0.1073,153021.7,0.1076,218115.2,0.1077,46151.8
1753547026234,16:23:46.234,AEVO/USDT:USDT,0.1074,84821.0,0.1073,162328.9,0.1076,218115.2,0.1077,46151.8
1753547026385,16:23:46.385,AEVO/USDT:USDT,0.1074,84821.0,0.1073,162328.9,0.1076,218115.2,0.1077,46151.8
1753547026535,16:23:46.535,AEVO/USDT:USDT,0.1074,84821.0,0.1073,162328.9,0.1076,218115.2,0.1077,46151.8
1753547026685,16:23:46.685,AEVO/USDT:USDT,0.1074,84821.0,0.1073,162328.9,0.1076,218115.2,0.1077,46151.8
1753547026835,16:23:46.835,AEVO/USDT:USDT,0.1074,84821.0,0.1073,162328.9,0.1076,218115.2,0.1077,46151.8
1753547026985,16:23:46.985,AEVO/USDT:USDT,0.1074,84821.0,0.1073,162328.9,0.1076,218115.2,0.1077,46151.8
1753547027135,16:23:47.135,AEVO/USDT:USDT,0.1074,84821.0,0.1073,162328.9,0.1076,218115.2,0.1077,46151.8
1753547027285,16:23:47.285,AEVO/USDT:USDT,0.1074,84821.0,0.1073,162328.9,0.1076,218115.2,0.1077,46151.8
1753547027435,16:23:47.435,AEVO/USDT:USDT,0.1074,84821.0,0.1073,162328.9,0.1076,218115.2,0.1077,46151.8
1753547027585,16:23:47.585,AEVO/USDT:USDT,0.1074,84821.0,0.1073,162328.9,0.1076,218115.2,0.1077,46151.8
1753547027735,16:23:47.735,AEVO/USDT:USDT,0.1074,84821.0,0.1073,162328.9,0.1076,218115.2,0.1077,46151.8
1753547027885,16:23:47.885,AEVO/USDT:USDT,0.1074,84821.0,0.1073,162328.9,0.1076,218115.2,0.1077,46151.8
1753547028035,16:23:48.035,AEVO/USDT:USDT,0.1074,84821.0,0.1073,162328.9,0.1076,218115.2,0.1077,46151.8
1753547028185,16:23:48.185,AEVO/USDT:USDT,0.1074,84821.0,0.1073,162328.9,0.1076,218115.2,0.1077,46151.8
1753547028336,16:23:48.336,AEVO/USDT:USDT,0.1074,84821.0,0.1073,162328.9,0.1076,218115.2,0.1077,46151.8
1753547028486,16:23:48.486,AEVO/USDT:USDT,0.1074,84821.0,0.1073,162328.9,0.1076,218115.2,0.1077,46151.8
1753547028636,16:23:48.636,AEVO/USDT:USDT,0.1074,84821.0,0.1073,162328.9,0.1076,218115.2,0.1077,46151.8
1753547028786,16:23:48.786,AEVO/USDT:USDT,0.1074,84821.0,0.1073,162328.9,0.1076,218115.2,0.1077,46151.8
1753547028936,16:23:48.936,AEVO/USDT:USDT,0.1074,84821.0,0.1073,162328.9,0.1076,218115.2,0.1077,46151.8
1753547029086,16:23:49.086,AEVO/USDT:USDT,0.1074,44011.8,0.1073,50672.3,0.1076,65649.4,0.1077,46151.8
1753547029236,16:23:49.236,AEVO/USDT:USDT,0.1074,84791.8,0.1073,162321.1,0.1076,218078.2,0.1077,46151.8
1753547029386,16:23:49.386,AEVO/USDT:USDT,0.1074,84791.8,0.1073,162321.1,0.1076,218078.2,0.1077,46151.8
1753547029536,16:23:49.536,AEVO/USDT:USDT,0.1074,84791.8,0.1073,162321.1,0.1076,218078.2,0.1077,46151.8
1753547029686,16:23:49.686,AEVO/USDT:USDT,0.1074,84791.8,0.1073,162321.1,0.1076,218078.2,0.1077,46151.8
1753547029836,16:23:49.836,AEVO/USDT:USDT,0.1074,84791.8,0.1073,162321.1,0.1076,218078.2,0.1077,46151.8
1753547029986,16:23:49.986,AEVO/USDT:USDT,0.1074,84791.8,0.1073,162321.1,0.1076,218078.2,0.1077,46151.8
1753547030137,16:23:50.137,AEVO/USDT:USDT,0.1074,84791.8,0.1073,162321.1,0.1076,218078.2,0.1077,46151.8
1753547030287,16:23:50.287,AEVO/USDT:USDT,0.1074,84791.8,0.1073,162321.1,0.1076,218078.2,0.1077,46151.8
1753547030437,16:23:50.437,AEVO/USDT:USDT,0.1074,84791.8,0.1073,162321.1,0.1076,218078.2,0.1077,46151.8
1753547030587,16:23:50.587,AEVO/USDT:USDT,0.1074,84791.8,0.1073,162321.1,0.1076,218078.2,0.1077,46151.8
1753547030737,16:23:50.737,AEVO/USDT:USDT,0.1074,85171.7,0.1073,162321.1,0.1076,217698.3,0.1077,46151.8
1753547030887,16:23:50.887,AEVO/USDT:USDT,0.1074,85171.7,0.1073,162321.3,0.1076,217698.3,0.1077,46151.8
1753547031037,16:23:51.037,AEVO/USDT:USDT,0.1074,85171.7,0.1073,153013.9,0.1076,217698.3,0.1077,46151.8
1753547031187,16:23:51.187,AEVO/USDT:USDT,0.1074,85171.7,0.1073,162321.2,0.1076,217698.3,0.1077,46151.8
1753547031337,16:23:51.337,AEVO/USDT:USDT,0.1074,84791.8,0.1073,162321.2,0.1076,218078.2,0.1077,46151.8
1753547031487,16:23:51.487,AEVO/USDT:USDT,0.1074,84791.8,0.1073,162321.2,0.1076,218078.2,0.1077,46151.8
1753547031637,16:23:51.637,AEVO/USDT:USDT,0.1074,84791.8,0.1073,162321.2,0.1076,218078.2,0.1077,46151.8
1753547031787,16:23:51.787,AEVO/USDT:USDT,0.1074,84791.8,0.1073,162321.2,0.1076,218078.2,0.1077,46151.8
1753547031937,16:23:51.937,AEVO/USDT:USDT,0.1074,84791.8,0.1073,162321.2,0.1076,218078.2,0.1077,46151.8
1753547032088,16:23:52.088,AEVO/USDT:USDT,0.1074,84791.8,0.1073,162321.2,0.1076,218078.2,0.1077,46151.8
1753547032238,16:23:52.238,AEVO/USDT:USDT,0.1074,84791.8,0.1073,162321.2,0.1076,218078.2,0.1077,46151.8
1753547032388,16:23:52.388,AEVO/USDT:USDT,0.1074,84791.8,0.1073,162321.2,0.1076,218078.2,0.1077,46151.8
1753547032538,16:23:52.538,AEVO/USDT:USDT,0.1074,84791.8,0.1073,162321.2,0.1076,218078.2,0.1077,46151.8
1753547032688,16:23:52.688,AEVO/USDT:USDT,0.1074,84791.8,0.1073,162321.2,0.1076,218078.2,0.1077,46151.8
1753547032838,16:23:52.838,AEVO/USDT:USDT,0.1074,84791.8,0.1073,162321.2,0.1076,218078.2,0.1077,46151.8
1753547032988,16:23:52.988,AEVO/USDT:USDT,0.1074,84791.8,0.1073,162321.2,0.1076,218078.2,0.1077,46151.8
1753547033138,16:23:53.138,AEVO/USDT:USDT,0.1074,84791.8,0.1073,162321.2,0.1076,218078.2,0.1077,46151.8
1753547033288,16:23:53.288,AEVO/USDT:USDT,0.1074,84791.8,0.1073,162321.2,0.1076,218078.2,0.1077,46151.8
1753547033438,16:23:53.438,AEVO/USDT:USDT,0.1074,84791.8,0.1073,162321.2,0.1076,218078.2,0.1077,46151.8
1753547033588,16:23:53.588,AEVO/USDT:USDT,0.1074,84791.8,0.1073,162321.2,0.1076,218078.2,0.1077,46151.8
1753547033738,16:23:53.738,AEVO/USDT:USDT,0.1074,84791.8,0.1073,162321.2,0.1076,218078.2,0.1077,46151.8
1753547033889,16:23:53.889,AEVO/USDT:USDT,0.1074,84791.8,0.1073,162321.2,0.1076,218078.2,0.1077,46151.8
1753547034039,16:23:54.039,AEVO/USDT:USDT,0.1074,84791.8,0.1073,162321.2,0.1076,218078.2,0.1077,46151.8
1753547034339,16:23:54.339,AEVO/USDT:USDT,0.1074,84791.8,0.1073,162321.2,0.1076,218078.2,0.1077,46151.8
1753547034489,16:23:54.489,AEVO/USDT:USDT,0.1074,84791.8,0.1073,162321.2,0.1076,218078.2,0.1077,46151.8
1753547034639,16:23:54.639,AEVO/USDT:USDT,0.1074,84791.8,0.1073,162321.2,0.1076,218078.2,0.1077,46151.8
1753547034789,16:23:54.789,AEVO/USDT:USDT,0.1074,84791.8,0.1073,162321.2,0.1076,218078.2,0.1077,46151.8
1753547034939,16:23:54.939,AEVO/USDT:USDT,0.1074,84791.8,0.1073,162321.2,0.1076,218078.2,0.1077,46151.8
1753547035089,16:23:55.089,AEVO/USDT:USDT,0.1074,84791.8,0.1073,162321.2,0.1076,218078.2,0.1077,46151.8
1753547035239,16:23:55.239,AEVO/USDT:USDT,0.1074,84791.8,0.1073,162321.2,0.1076,218078.2,0.1077,46151.8
1753547035389,16:23:55.389,AEVO/USDT:USDT,0.1074,84791.8,0.1073,153013.9,0.1076,218078.2,0.1077,46151.8
1753547035539,16:23:55.539,AEVO/USDT:USDT,0.1074,84791.8,0.1073,153013.9,0.1076,218078.2,0.1077,46151.8
1753547035690,16:23:55.690,AEVO/USDT:USDT,0.1074,84791.8,0.1073,153013.9,0.1076,218078.2,0.1077,46151.8
1753547035840,16:23:55.840,AEVO/USDT:USDT,0.1074,84791.8,0.1073,162321.3,0.1076,218078.2,0.1077,46151.8
1753547035990,16:23:55.990,AEVO/USDT:USDT,0.1074,84791.8,0.1073,162321.3,0.1076,218078.2,0.1077,46151.8
1753547036290,16:23:56.290,AEVO/USDT:USDT,0.1074,84791.8,0.1073,162321.3,0.1076,218078.2,0.1077,46151.8
1753547036440,16:23:56.440,AEVO/USDT:USDT,0.1074,84791.8,0.1073,162321.3,0.1076,218078.2,0.1077,46151.8
1753547036590,16:23:56.590,AEVO/USDT:USDT,0.1074,84791.8,0.1073,153013.9,0.1076,218078.2,0.1077,46151.8
1753547036740,16:23:56.740,AEVO/USDT:USDT,0.1074,84791.8,0.1073,153013.9,0.1076,218078.2,0.1077,46151.8
1753547036890,16:23:56.890,AEVO/USDT:USDT,0.1074,84791.8,0.1073,162321.2,0.1076,218078.2,0.1077,46151.8
1753547037040,16:23:57.040,AEVO/USDT:USDT,0.1074,84791.8,0.1073,162321.2,0.1076,218078.2,0.1077,46151.8
1753547037190,16:23:57.190,AEVO/USDT:USDT,0.1074,84791.8,0.1073,162321.2,0.1076,218078.2,0.1077,46151.8
1753547037340,16:23:57.340,AEVO/USDT:USDT,0.1074,84791.8,0.1073,162321.2,0.1076,218078.2,0.1077,46151.8
1753547037491,16:23:57.491,AEVO/USDT:USDT,0.1074,84791.8,0.1073,162321.2,0.1076,218078.2,0.1077,46151.8
1753547037641,16:23:57.641,AEVO/USDT:USDT,0.1074,84791.8,0.1073,162321.2,0.1076,218078.2,0.1077,46151.8
1753547037791,16:23:57.791,AEVO/USDT:USDT,0.1074,84791.8,0.1073,162321.2,0.1076,218078.2,0.1077,46151.8
1753547037941,16:23:57.941,AEVO/USDT:USDT,0.1074,84791.8,0.1073,162321.2,0.1076,218078.2,0.1077,46151.8
1753547038091,16:23:58.091,AEVO/USDT:USDT,0.1074,84791.8,0.1073,162321.2,0.1076,218078.2,0.1077,46151.8
1753547038241,16:23:58.241,AEVO/USDT:USDT,0.1074,84791.8,0.1073,162321.2,0.1076,218078.2,0.1077,46151.8
1753547038391,16:23:58.391,AEVO/USDT:USDT,0.1075,968.2,0.1074,85171.7,0.1076,217698.3,0.1077,46151.8
1753547038541,16:23:58.541,AEVO/USDT:USDT,0.1075,1202.4,0.1074,109127.0,0.1076,217698.3,0.1077,46151.8
1753547038691,16:23:58.691,AEVO/USDT:USDT,0.1075,1202.4,0.1074,109127.0,0.1076,217698.3,0.1077,46151.8
1753547038841,16:23:58.841,AEVO/USDT:USDT,0.1075,1202.4,0.1074,109127.0,0.1076,217698.3,0.1077,46151.8
1753547039141,16:23:59.141,AEVO/USDT:USDT,0.1074,85171.7,0.1073,168807.3,0.1076,217698.3,0.1077,46151.8
1753547039291,16:23:59.291,AEVO/USDT:USDT,0.1074,84791.8,0.1073,168807.3,0.1076,217698.3,0.1077,46151.8
1753547039442,16:23:59.442,AEVO/USDT:USDT,0.1074,84791.8,0.1073,168807.3,0.1076,218078.2,0.1077,46151.8
1753547039592,16:23:59.592,AEVO/USDT:USDT,0.1074,84791.8,0.1073,168807.3,0.1076,218078.2,0.1077,46151.8
1753547039742,16:23:59.742,AEVO/USDT:USDT,0.1074,84791.8,0.1073,168807.3,0.1076,218078.2,0.1077,46151.8
1753547039892,16:23:59.892,AEVO/USDT:USDT,0.1074,84791.8,0.1073,168807.3,0.1076,218078.2,0.1077,46151.8
1753547040042,16:24:00.042,AEVO/USDT:USDT,0.1074,84791.8,0.1073,168807.3,0.1076,218078.2,0.1077,46151.8
1753547040192,16:24:00.192,AEVO/USDT:USDT,0.1074,84791.8,0.1073,168807.3,0.1076,218078.2,0.1077,46151.8
1753547040342,16:24:00.342,AEVO/USDT:USDT,0.1074,84791.8,0.1073,168807.3,0.1076,218078.2,0.1077,46151.8
1753547040492,16:24:00.492,AEVO/USDT:USDT,0.1074,84791.8,0.1073,168807.3,0.1076,218078.2,0.1077,46151.8
1753547040642,16:24:00.642,AEVO/USDT:USDT,0.1074,84791.8,0.1073,168807.3,0.1076,218078.2,0.1077,46151.8
1753547040792,16:24:00.792,AEVO/USDT:USDT,0.1074,84791.8,0.1073,168807.3,0.1076,218078.2,0.1077,46151.8
1753547040942,16:24:00.942,AEVO/USDT:USDT,0.1074,84791.8,0.1073,168807.3,0.1076,218078.2,0.1077,46151.8
1753547041092,16:24:01.092,AEVO/USDT:USDT,0.1074,84791.8,0.1073,168807.3,0.1076,218078.2,0.1077,46151.8
1753547041243,16:24:01.243,AEVO/USDT:USDT,0.1074,84791.8,0.1073,168807.3,0.1076,218078.2,0.1077,46151.8
1753547041393,16:24:01.393,AEVO/USDT:USDT,0.1074,84791.8,0.1073,168807.2,0.1076,218078.2,0.1077,46151.8
1753547041543,16:24:01.543,AEVO/USDT:USDT,0.1074,84791.8,0.1073,168807.2,0.1076,218078.2,0.1077,46151.8
1753547041693,16:24:01.693,AEVO/USDT:USDT,0.1074,84791.8,0.1073,168807.2,0.1076,218078.2,0.1077,46151.8
1753547041843,16:24:01.843,AEVO/USDT:USDT,0.1074,84791.8,0.1073,168807.2,0.1076,218078.2,0.1077,46151.8
1753547041993,16:24:01.993,AEVO/USDT:USDT,0.1074,84791.8,0.1073,168807.2,0.1076,218078.2,0.1077,46151.8
1753547042143,16:24:02.143,AEVO/USDT:USDT,0.1074,85171.7,0.1073,168807.2,0.1076,217698.3,0.1077,46151.8
1753547042293,16:24:02.293,AEVO/USDT:USDT,0.1074,85171.7,0.1073,168807.2,0.1076,217698.3,0.1077,46151.8
1753547042443,16:24:02.443,AEVO/USDT:USDT,0.1074,85171.7,0.1073,168807.2,0.1076,217698.3,0.1077,46151.8
1753547042593,16:24:02.593,AEVO/USDT:USDT,0.1074,85171.7,0.1073,168807.2,0.1076,217698.3,0.1077,46151.8
1753547042743,16:24:02.743,AEVO/USDT:USDT,0.1074,85171.7,0.1073,168807.2,0.1076,217698.3,0.1077,46151.8
1753547042893,16:24:02.893,AEVO/USDT:USDT,0.1074,85171.7,0.1073,168807.2,0.1076,217698.3,0.1077,46151.8
1753547043044,16:24:03.044,AEVO/USDT:USDT,0.1074,85171.7,0.1073,168807.2,0.1076,217698.3,0.1077,46151.8
1753547043194,16:24:03.194,AEVO/USDT:USDT,0.1074,84791.8,0.1073,168807.2,0.1076,218078.2,0.1077,46151.8
1753547043344,16:24:03.344,AEVO/USDT:USDT,0.1074,84791.8,0.1073,168807.2,0.1076,218078.2,0.1077,46151.8
1753547043494,16:24:03.494,AEVO/USDT:USDT,0.1074,84791.8,0.1073,168807.2,0.1076,218078.2,0.1077,46151.8
1753547043644,16:24:03.644,AEVO/USDT:USDT,0.1074,85171.7,0.1073,168807.2,0.1076,218078.2,0.1077,46151.8
1753547043794,16:24:03.794,AEVO/USDT:USDT,0.1074,85171.7,0.1073,168807.2,0.1076,218078.2,0.1077,46151.8
1753547043944,16:24:03.944,AEVO/USDT:USDT,0.1074,85171.7,0.1073,168807.2,0.1076,218078.2,0.1077,46151.8
1753547044094,16:24:04.094,AEVO/USDT:USDT,0.1074,85171.7,0.1073,168807.2,0.1076,218078.2,0.1077,46151.8
1753547044244,16:24:04.244,AEVO/USDT:USDT,0.1074,85171.7,0.1073,168807.2,0.1076,217698.3,0.1077,46151.8
1753547044394,16:24:04.394,AEVO/USDT:USDT,0.1075,959.7,0.1074,85171.7,0.1076,106049.5,0.1077,46151.8
1753547044544,16:24:04.544,AEVO/USDT:USDT,0.1075,2162.1,0.1074,221139.4,0.1076,106049.5,0.1077,157789.2
1753547044694,16:24:04.694,AEVO/USDT:USDT,0.1075,2162.1,0.1074,221139.4,0.1076,106049.5,0.1077,157789.2
1753547044844,16:24:04.844,AEVO/USDT:USDT,0.1075,2162.1,0.1074,221139.4,0.1076,106049.5,0.1077,157789.2
1753547044995,16:24:04.995,AEVO/USDT:USDT,0.1075,2162.1,0.1074,221139.4,0.1076,106049.5,0.1077,157789.2
1753547045145,16:24:05.145,AEVO/USDT:USDT,0.1075,2162.1,0.1074,109471.3,0.1076,106018.8,0.1077,46151.8
1753547045295,16:24:05.295,AEVO/USDT:USDT,0.1075,2162.1,0.1074,221108.7,0.1076,106018.8,0.1077,157789.2
1753547045445,16:24:05.445,AEVO/USDT:USDT,0.1075,2162.1,0.1074,221108.7,0.1076,106018.8,0.1077,157789.2
1753547045595,16:24:05.595,AEVO/USDT:USDT,0.1075,2162.1,0.1074,221108.7,0.1076,106018.8,0.1077,157789.2
1753547045745,16:24:05.745,AEVO/USDT:USDT,0.1075,2162.1,0.1074,221108.7,0.1076,106018.8,0.1077,157789.2
1753547045895,16:24:05.895,AEVO/USDT:USDT,0.1075,2162.1,0.1074,221108.7,0.1076,106018.8,0.1077,157789.2
1753547046045,16:24:06.045,AEVO/USDT:USDT,0.1075,2162.1,0.1074,221108.7,0.1076,106018.8,0.1077,157789.2
1753547046195,16:24:06.195,AEVO/USDT:USDT,0.1075,2162.1,0.1074,221108.7,0.1076,106018.8,0.1077,157789.2
1753547046345,16:24:06.345,AEVO/USDT:USDT,0.1075,2162.1,0.1074,221108.7,0.1076,106018.8,0.1077,157789.2
1753547046495,16:24:06.495,AEVO/USDT:USDT,0.1075,2162.1,0.1074,221108.7,0.1076,106018.8,0.1077,157789.2
1753547046645,16:24:06.645,AEVO/USDT:USDT,0.1075,2162.1,0.1074,221108.7,0.1076,106018.8,0.1077,157789.2
1753547046796,16:24:06.796,AEVO/USDT:USDT,0.1075,2162.1,0.1074,221108.7,0.1076,106018.8,0.1077,157789.2
1753547046946,16:24:06.946,AEVO/USDT:USDT,0.1075,2162.1,0.1074,221108.7,0.1076,106018.8,0.1077,157789.2
1753547047096,16:24:07.096,AEVO/USDT:USDT,0.1075,2162.1,0.1074,221108.7,0.1076,106018.8,0.1077,157789.2
1753547047246,16:24:07.246,AEVO/USDT:USDT,0.1075,2162.1,0.1074,221108.7,0.1076,106018.8,0.1077,157789.2
1753547047396,16:24:07.396,AEVO/USDT:USDT,0.1075,2162.1,0.1074,221108.7,0.1076,106018.8,0.1077,157789.2
1753547047546,16:24:07.546,AEVO/USDT:USDT,0.1075,2162.1,0.1074,221108.7,0.1076,106018.8,0.1077,157789.2
1753547047696,16:24:07.696,AEVO/USDT:USDT,0.1075,1202.4,0.1074,221108.7,0.1076,106018.8,0.1077,157789.2
1753547047846,16:24:07.846,AEVO/USDT:USDT,0.1075,1202.4,0.1074,221108.7,0.1076,106018.8,0.1077,157789.2
1753547047996,16:24:07.996,AEVO/USDT:USDT,0.1075,1202.4,0.1074,221108.7,0.1076,106018.8,0.1077,157789.2
1753547048146,16:24:08.146,AEVO/USDT:USDT,0.1075,1202.4,0.1074,221108.7,0.1076,106018.8,0.1077,157789.2
1753547048296,16:24:08.296,AEVO/USDT:USDT,0.1075,1202.4,0.1074,221108.7,0.1076,106018.8,0.1077,157789.2
1753547048446,16:24:08.446,AEVO/USDT:USDT,0.1075,1202.4,0.1074,221108.7,0.1076,106018.8,0.1077,157789.2
1753547048597,16:24:08.597,AEVO/USDT:USDT,0.1074,221108.7,0.1073,31633.1,0.1076,106018.8,0.1077,157789.2
1753547048747,16:24:08.747,AEVO/USDT:USDT,0.1074,196778.4,0.1073,50701.4,0.1076,106018.8,0.1077,157789.2
1753547048897,16:24:08.897,AEVO/USDT:USDT,0.1074,196778.4,0.1073,50701.4,0.1076,106018.8,0.1077,157789.2
1753547049047,16:24:09.047,AEVO/USDT:USDT,0.1074,196778.4,0.1073,50701.4,0.1076,106018.8,0.1077,157789.2
1753547049197,16:24:09.197,AEVO/USDT:USDT,0.1074,196778.4,0.1073,50701.4,0.1076,106018.8,0.1077,157789.2
1753547049347,16:24:09.347,AEVO/USDT:USDT,0.1074,196778.4,0.1073,50701.4,0.1076,106018.8,0.1077,157789.2
1753547049497,16:24:09.497,AEVO/USDT:USDT,0.1074,196778.4,0.1073,50701.4,0.1076,106018.8,0.1077,157789.2
1753547049647,16:24:09.647,AEVO/USDT:USDT,0.1074,196778.4,0.1073,50701.4,0.1076,106018.8,0.1077,157789.2
1753547049797,16:24:09.797,AEVO/USDT:USDT,0.1074,196778.4,0.1073,50701.4,0.1076,106018.8,0.1077,157789.2
1753547049947,16:24:09.947,AEVO/USDT:USDT,0.1074,196778.4,0.1073,50701.4,0.1076,106018.8,0.1077,157789.2
1753547050097,16:24:10.097,AEVO/USDT:USDT,0.1074,196778.4,0.1073,50701.4,0.1076,106018.8,0.1077,157789.2
1753547050247,16:24:10.247,AEVO/USDT:USDT,0.1074,196778.4,0.1073,50701.4,0.1076,106018.8,0.1077,157789.2
1753547050397,16:24:10.397,AEVO/USDT:USDT,0.1074,196778.4,0.1073,50701.4,0.1076,106018.8,0.1077,157789.2
1753547050548,16:24:10.548,AEVO/USDT:USDT,0.1074,196778.4,0.1073,50701.4,0.1076,106018.8,0.1077,157789.2
1753547050698,16:24:10.698,AEVO/USDT:USDT,0.1074,196778.4,0.1073,50701.4,0.1076,106018.8,0.1077,157789.2
1753547050848,16:24:10.848,AEVO/USDT:USDT,0.1074,196778.4,0.1073,50701.4,0.1076,106018.8,0.1077,157789.2
1753547050998,16:24:10.998,AEVO/USDT:USDT,0.1074,196778.4,0.1073,50701.4,0.1076,106018.8,0.1077,157789.2
1753547051148,16:24:11.148,AEVO/USDT:USDT,0.1074,196778.4,0.1073,50701.4,0.1076,106018.8,0.1077,157789.2
1753547051298,16:24:11.298,AEVO/USDT:USDT,0.1074,196778.4,0.1073,50701.4,0.1076,106018.8,0.1077,157789.2
1753547051448,16:24:11.448,AEVO/USDT:USDT,0.1074,196778.4,0.1073,50701.4,0.1076,106018.8,0.1077,157789.2
1753547051598,16:24:11.598,AEVO/USDT:USDT,0.1074,196778.4,0.1073,50701.4,0.1076,106018.8,0.1077,157789.2
1753547051748,16:24:11.748,AEVO/USDT:USDT,0.1075,969.8,0.1074,196778.4,0.1076,106018.8,0.1077,157789.2
1753547051898,16:24:11.898,AEVO/USDT:USDT,0.1075,1202.4,0.1074,221103.4,0.1076,106018.8,0.1077,157789.2
1753547052048,16:24:12.048,AEVO/USDT:USDT,0.1075,1202.4,0.1074,221103.4,0.1076,106018.8,0.1077,157789.2
1753547052198,16:24:12.198,AEVO/USDT:USDT,0.1075,1202.4,0.1074,221103.4,0.1076,106018.8,0.1077,157789.2
1753547052349,16:24:12.349,AEVO/USDT:USDT,0.1075,1202.4,0.1074,221103.4,0.1076,106018.8,0.1077,157789.2
1753547052499,16:24:12.499,AEVO/USDT:USDT,0.1075,2172.2,0.1074,221103.4,0.1076,106018.8,0.1077,157789.2
1753547052649,16:24:12.649,AEVO/USDT:USDT,0.1075,2172.2,0.1074,221103.4,0.1076,106018.8,0.1077,157789.2
1753547052799,16:24:12.799,AEVO/USDT:USDT,0.1075,2172.2,0.1074,221103.4,0.1076,106018.8,0.1077,157789.2
1753547052949,16:24:12.949,AEVO/USDT:USDT,0.1075,2172.2,0.1074,221103.4,0.1076,106018.8,0.1077,157789.2
1753547053099,16:24:13.099,AEVO/USDT:USDT,0.1075,2172.2,0.1074,221103.4,0.1076,106018.8,0.1077,157789.2
1753547053249,16:24:13.249,AEVO/USDT:USDT,0.1075,2172.2,0.1074,221103.4,0.1076,106018.8,0.1077,157789.2
1753547053399,16:24:13.399,AEVO/USDT:USDT,0.1075,2172.2,0.1074,221103.4,0.1076,106018.8,0.1077,157789.2
1753547053549,16:24:13.549,AEVO/USDT:USDT,0.1075,2172.2,0.1074,221103.4,0.1076,106018.8,0.1077,157789.2
1753547053699,16:24:13.699,AEVO/USDT:USDT,0.1075,2172.2,0.1074,221103.4,0.1076,106018.8,0.1077,157789.2
1753547053849,16:24:13.849,AEVO/USDT:USDT,0.1075,969.8,0.1074,221103.4,0.1076,106018.8,0.1077,157789.2
1753547053999,16:24:13.999,AEVO/USDT:USDT,0.1075,969.8,0.1074,221103.4,0.1076,106018.8,0.1077,157789.2
1753547054150,16:24:14.150,AEVO/USDT:USDT,0.1075,969.8,0.1074,221103.4,0.1076,106018.8,0.1077,157789.2
1753547054300,16:24:14.300,AEVO/USDT:USDT,0.1075,969.8,0.1074,230410.3,0.1076,106018.8,0.1077,157789.2
1753547054450,16:24:14.450,AEVO/USDT:USDT,0.1075,969.8,0.1074,230410.3,0.1076,106018.8,0.1077,157789.2
1753547054600,16:24:14.600,AEVO/USDT:USDT,0.1075,969.8,0.1074,230410.3,0.1076,106018.8,0.1077,157789.2
1753547054750,16:24:14.750,AEVO/USDT:USDT,0.1075,969.8,0.1074,230410.3,0.1076,106018.8,0.1077,157789.2
1753547054900,16:24:14.900,AEVO/USDT:USDT,0.1075,969.8,0.1074,221103.4,0.1076,106018.8,0.1077,157789.2
1753547055050,16:24:15.050,AEVO/USDT:USDT,0.1075,969.8,0.1074,221103.4,0.1076,106018.8,0.1077,157789.2
1753547055200,16:24:15.200,AEVO/USDT:USDT,0.1075,969.8,0.1074,221103.4,0.1076,106018.8,0.1077,157789.2
1753547055350,16:24:15.350,AEVO/USDT:USDT,0.1075,969.8,0.1074,221103.4,0.1076,106018.8,0.1077,157789.2
1753547055500,16:24:15.500,AEVO/USDT:USDT,0.1075,969.8,0.1074,221103.4,0.1076,106018.8,0.1077,157789.2
1753547055800,16:24:15.800,AEVO/USDT:USDT,0.1074,196778.4,0.1073,41399.5,0.1076,106018.8,0.1077,157789.2
1753547055951,16:24:15.951,AEVO/USDT:USDT,0.1074,196778.4,0.1073,41399.5,0.1076,106018.8,0.1077,157789.2
1753547056101,16:24:16.101,AEVO/USDT:USDT,0.1074,196778.4,0.1073,50707.0,0.1076,106018.8,0.1077,157789.2
1753547056251,16:24:16.251,AEVO/USDT:USDT,0.1074,196778.4,0.1073,50707.0,0.1076,106018.8,0.1077,157789.2
1753547056401,16:24:16.401,AEVO/USDT:USDT,0.1074,196778.4,0.1073,50707.0,0.1076,106018.8,0.1077,157789.2
1753547056551,16:24:16.551,AEVO/USDT:USDT,0.1074,196778.4,0.1073,50707.0,0.1076,106018.8,0.1077,157789.2
1753547056701,16:24:16.701,AEVO/USDT:USDT,0.1074,196778.4,0.1073,50707.0,0.1076,106018.8,0.1077,157789.2
1753547056851,16:24:16.851,AEVO/USDT:USDT,0.1074,196778.4,0.1073,50707.0,0.1076,106018.8,0.1077,157789.2
1753547057001,16:24:17.001,AEVO/USDT:USDT,0.1074,196778.4,0.1073,50707.0,0.1076,106018.8,0.1077,157789.2
1753547057151,16:24:17.151,AEVO/USDT:USDT,0.1074,196778.4,0.1073,50707.0,0.1076,106018.8,0.1077,157789.2
1753547057301,16:24:17.301,AEVO/USDT:USDT,0.1074,196778.4,0.1073,50707.0,0.1076,106018.8,0.1077,157789.2
1753547057451,16:24:17.451,AEVO/USDT:USDT,0.1074,196778.4,0.1073,50707.0,0.1076,106018.8,0.1077,157789.2
1753547057601,16:24:17.601,AEVO/USDT:USDT,0.1074,196778.4,0.1073,50707.0,0.1076,106018.8,0.1077,157789.2
1753547057752,16:24:17.752,AEVO/USDT:USDT,0.1074,196778.4,0.1073,41399.5,0.1076,106018.8,0.1077,157789.2
1753547057902,16:24:17.902,AEVO/USDT:USDT,0.1074,196778.4,0.1073,41399.5,0.1076,106018.8,0.1077,157789.2
1753547058052,16:24:18.052,AEVO/USDT:USDT,0.1075,969.8,0.1074,196778.4,0.1076,106018.8,0.1077,157789.2
1753547058202,16:24:18.202,AEVO/USDT:USDT,0.1075,2172.2,0.1074,230407.3,0.1076,106018.8,0.1077,157789.2
1753547058352,16:24:18.352,AEVO/USDT:USDT,0.1075,2172.2,0.1074,230407.3,0.1076,106018.8,0.1077,157789.2
1753547058502,16:24:18.502,AEVO/USDT:USDT,0.1075,2172.2,0.1074,230407.3,0.1076,106018.8,0.1077,157789.2
1753547058652,16:24:18.652,AEVO/USDT:USDT,0.1075,2172.2,0.1074,230407.3,0.1076,106018.8,0.1077,157789.2
1753547058802,16:24:18.802,AEVO/USDT:USDT,0.1075,2172.2,0.1074,230407.3,0.1076,106018.8,0.1077,157789.2
1753547058952,16:24:18.952,AEVO/USDT:USDT,0.1075,2172.2,0.1074,230407.3,0.1076,106018.8,0.1077,157789.2
1753547059102,16:24:19.102,AEVO/USDT:USDT,0.1075,2172.2,0.1074,230407.3,0.1076,106018.8,0.1077,157789.2
1753547059252,16:24:19.252,AEVO/USDT:USDT,0.1075,2172.2,0.1074,230407.3,0.1076,106018.8,0.1077,157789.2
1753547059402,16:24:19.402,AEVO/USDT:USDT,0.1075,2172.2,0.1074,230407.3,0.1076,106018.8,0.1077,157789.2
1753547059552,16:24:19.552,AEVO/USDT:USDT,0.1075,2172.2,0.1074,230407.3,0.1076,106018.8,0.1077,157789.2
1753547059703,16:24:19.703,AEVO/USDT:USDT,0.1075,2172.2,0.1074,230407.3,0.1076,106018.8,0.1077,157789.2
1753547059853,16:24:19.853,AEVO/USDT:USDT,0.1075,2172.2,0.1074,230407.3,0.1076,106018.8,0.1077,157789.2
1753547060003,16:24:20.003,AEVO/USDT:USDT,0.1075,2172.2,0.1074,230407.3,0.1076,106018.8,0.1077,157789.2
1753547060153,16:24:20.153,AEVO/USDT:USDT,0.1075,2172.2,0.1074,230407.3,0.1076,106018.8,0.1077,157789.2
1753547060303,16:24:20.303,AEVO/USDT:USDT,0.1075,2172.2,0.1074,230407.3,0.1076,106018.8,0.1077,157789.2
1753547060453,16:24:20.453,AEVO/USDT:USDT,0.1075,11592.8,0.1074,230407.3,0.1076,96598.2,0.1077,157789.2
1753547060603,16:24:20.603,AEVO/USDT:USDT,0.1075,11592.8,0.1074,230407.3,0.1076,96598.2,0.1077,157789.2
1753547060753,16:24:20.753,AEVO/USDT:USDT,0.1075,11592.8,0.1074,230407.3,0.1076,96598.2,0.1077,157789.2
1753547060903,16:24:20.903,AEVO/USDT:USDT,0.1075,11592.8,0.1074,230407.3,0.1076,96598.2,0.1077,157789.2
1753547061053,16:24:21.053,AEVO/USDT:USDT,0.1075,11592.8,0.1074,230407.3,0.1076,96598.2,0.1077,157789.2
1753547061203,16:24:21.203,AEVO/USDT:USDT,0.1075,11592.8,0.1074,230364.0,0.1076,105983.5,0.1077,157781.2
1753547061353,16:24:21.353,AEVO/USDT:USDT,0.1075,11592.8,0.1074,230364.0,0.1076,105983.5,0.1077,157781.2
1753547061504,16:24:21.504,AEVO/USDT:USDT,0.1075,11592.8,0.1074,230364.0,0.1076,105983.5,0.1077,157781.2
1753547061654,16:24:21.654,AEVO/USDT:USDT,0.1075,11592.8,0.1074,230364.0,0.1076,105983.5,0.1077,157781.2
1753547061804,16:24:21.804,AEVO/USDT:USDT,0.1075,11592.8,0.1074,230364.0,0.1076,105983.5,0.1077,157781.2
1753547061954,16:24:21.954,AEVO/USDT:USDT,0.1075,11592.8,0.1074,230364.0,0.1076,105983.5,0.1077,157781.2
1753547062104,16:24:22.104,AEVO/USDT:USDT,0.1075,11592.8,0.1074,230364.0,0.1076,105983.5,0.1077,157781.2
1753547062254,16:24:22.254,AEVO/USDT:USDT,0.1075,11592.8,0.1074,230364.0,0.1076,105983.5,0.1077,157781.2
1753547062404,16:24:22.404,AEVO/USDT:USDT,0.1075,11592.8,0.1074,230364.0,0.1076,105983.5,0.1077,157781.2
1753547062554,16:24:22.554,AEVO/USDT:USDT,0.1075,2172.2,0.1074,230364.0,0.1076,105983.5,0.1077,157781.2
1753547062704,16:24:22.704,AEVO/USDT:USDT,0.1075,1202.4,0.1074,230364.0,0.1076,105983.5,0.1077,157781.2
1753547063004,16:24:23.004,AEVO/USDT:USDT,0.1075,2164.7,0.1074,230364.0,0.1076,105983.5,0.1077,157781.2
1753547063154,16:24:23.154,AEVO/USDT:USDT,0.1075,2164.7,0.1074,230364.0,0.1076,105983.5,0.1077,157781.2
1753547063305,16:24:23.305,AEVO/USDT:USDT,0.1075,2164.7,0.1074,230364.0,0.1076,105983.5,0.1077,157781.2
1753547063455,16:24:23.455,AEVO/USDT:USDT,0.1075,2164.7,0.1074,230364.0,0.1076,105983.5,0.1077,157781.2
1753547063605,16:24:23.605,AEVO/USDT:USDT,0.1075,2164.7,0.1074,230364.0,0.1076,105983.5,0.1077,157781.2
1753547063755,16:24:23.755,AEVO/USDT:USDT,0.1075,2164.7,0.1074,230364.0,0.1076,105983.5,0.1077,157781.2
1753547063905,16:24:23.905,AEVO/USDT:USDT,0.1075,2164.7,0.1074,230364.0,0.1076,105983.5,0.1077,157781.2
1753547064205,16:24:24.205,AEVO/USDT:USDT,0.1075,2164.7,0.1074,230364.0,0.1076,105983.5,0.1077,157781.2
1753547064355,16:24:24.355,AEVO/USDT:USDT,0.1075,2164.7,0.1074,230364.0,0.1076,105983.5,0.1077,157781.2
1753547064505,16:24:24.505,AEVO/USDT:USDT,0.1075,2164.7,0.1074,230364.0,0.1076,105983.5,0.1077,157781.2
1753547064655,16:24:24.655,AEVO/USDT:USDT,0.1075,2164.7,0.1074,230364.0,0.1076,105983.5,0.1077,157781.2
1753547064805,16:24:24.805,AEVO/USDT:USDT,0.1075,2164.7,0.1074,230364.0,0.1076,105983.5,0.1077,157781.2
1753547064955,16:24:24.955,AEVO/USDT:USDT,0.1075,2164.7,0.1074,230364.0,0.1076,105983.5,0.1077,157781.2
1753547065105,16:24:25.105,AEVO/USDT:USDT,0.1075,2164.7,0.1074,230364.0,0.1076,105983.5,0.1077,157781.2
1753547065256,16:24:25.256,AEVO/USDT:USDT,0.1075,2164.7,0.1074,230364.0,0.1076,105983.5,0.1077,157781.2
1753547065406,16:24:25.406,AEVO/USDT:USDT,0.1075,2164.7,0.1074,230364.0,0.1076,105983.5,0.1077,157781.2
1753547065556,16:24:25.556,AEVO/USDT:USDT,0.1075,2164.7,0.1074,230364.0,0.1076,105983.5,0.1077,157781.2
1753547065706,16:24:25.706,AEVO/USDT:USDT,0.1075,1202.4,0.1074,230364.0,0.1076,105983.5,0.1077,157781.2
1753547065856,16:24:25.856,AEVO/USDT:USDT,0.1075,1202.4,0.1074,230364.0,0.1076,106363.4,0.1077,157781.2
1753547066006,16:24:26.006,AEVO/USDT:USDT,0.1075,1202.4,0.1074,220677.4,0.1076,106363.4,0.1077,157781.2
1753547066156,16:24:26.156,AEVO/USDT:USDT,0.1075,1202.4,0.1074,229984.2,0.1076,106363.4,0.1077,157781.2
1753547066306,16:24:26.306,AEVO/USDT:USDT,0.1075,1202.4,0.1074,229984.2,0.1076,106363.4,0.1077,157781.2
1753547066456,16:24:26.456,AEVO/USDT:USDT,0.1075,1202.4,0.1074,229984.2,0.1076,106363.4,0.1077,157781.2
1753547066606,16:24:26.606,AEVO/USDT:USDT,0.1075,1202.4,0.1074,229984.2,0.1076,106363.4,0.1077,157781.2
1753547066756,16:24:26.756,AEVO/USDT:USDT,0.1075,1202.4,0.1074,229984.2,0.1076,106363.4,0.1077,157781.2
1753547066906,16:24:26.906,AEVO/USDT:USDT,0.1075,1202.4,0.1074,229984.2,0.1076,106363.4,0.1077,157781.2
1753547067057,16:24:27.057,AEVO/USDT:USDT,0.1075,1202.4,0.1074,229984.2,0.1076,106363.4,0.1077,157781.2
1753547067207,16:24:27.207,AEVO/USDT:USDT,0.1075,1202.4,0.1074,229984.2,0.1076,106363.4,0.1077,157781.2
1753547067357,16:24:27.357,AEVO/USDT:USDT,0.1075,1202.4,0.1074,229984.2,0.1076,105983.5,0.1077,157781.2
1753547067507,16:24:27.507,AEVO/USDT:USDT,0.1075,1202.4,0.1074,229984.2,0.1076,105983.5,0.1077,157781.2
1753547067657,16:24:27.657,AEVO/USDT:USDT,0.1075,1202.4,0.1074,229984.2,0.1076,106363.4,0.1077,157781.2
1753547067807,16:24:27.807,AEVO/USDT:USDT,0.1075,1202.4,0.1074,229984.2,0.1076,106363.4,0.1077,157781.2
1753547067957,16:24:27.957,AEVO/USDT:USDT,0.1075,1202.4,0.1074,229984.2,0.1076,106363.4,0.1077,157781.2
1753547068107,16:24:28.107,AEVO/USDT:USDT,0.1075,2164.7,0.1074,229984.2,0.1076,106363.4,0.1077,157781.2
1753547068257,16:24:28.257,AEVO/USDT:USDT,0.1075,2164.7,0.1074,229984.2,0.1076,105983.5,0.1077,157781.2
1753547068407,16:24:28.407,AEVO/USDT:USDT,0.1075,2164.7,0.1074,229984.2,0.1076,106363.4,0.1077,157781.2
1753547068557,16:24:28.557,AEVO/USDT:USDT,0.1075,1202.4,0.1074,229984.2,0.1076,106363.4,0.1077,157781.2
1753547068707,16:24:28.707,AEVO/USDT:USDT,0.1075,1202.4,0.1074,229984.2,0.1076,105983.5,0.1077,157781.2
1753547068857,16:24:28.857,AEVO/USDT:USDT,0.1075,1202.4,0.1074,229984.2,0.1076,105983.5,0.1077,157781.2
1753547069008,16:24:29.008,AEVO/USDT:USDT,0.1075,11585.3,0.1074,229984.2,0.1076,96562.9,0.1077,157781.2
1753547069158,16:24:29.158,AEVO/USDT:USDT,0.1075,11585.3,0.1074,229984.2,0.1076,55848.9,0.1077,157781.2
1753547069308,16:24:29.308,AEVO/USDT:USDT,0.1075,11965.2,0.1074,229984.2,0.1076,96543.1,0.1077,157781.2
1753547069458,16:24:29.458,AEVO/USDT:USDT,0.1075,13849.3,0.1074,229984.2,0.1076,96543.1,0.1077,157781.2
1753547069608,16:24:29.608,AEVO/USDT:USDT,0.1075,2164.7,0.1074,220677.4,0.1076,105963.7,0.1077,157781.2
1753547069758,16:24:29.758,AEVO/USDT:USDT,0.1075,2164.7,0.1074,220677.4,0.1076,105963.7,0.1077,157781.2
1753547069908,16:24:29.908,AEVO/USDT:USDT,0.1075,2164.7,0.1074,220677.4,0.1076,105963.7,0.1077,157781.2
1753547070058,16:24:30.058,AEVO/USDT:USDT,0.1075,2164.7,0.1074,220677.4,0.1076,105963.7,0.1077,157781.2
1753547070208,16:24:30.208,AEVO/USDT:USDT,0.1075,2164.7,0.1074,220677.4,0.1076,105963.7,0.1077,157781.2
1753547070358,16:24:30.358,AEVO/USDT:USDT,0.1075,1202.4,0.1074,220677.4,0.1076,105963.7,0.1077,157781.2
1753547070508,16:24:30.508,AEVO/USDT:USDT,0.1075,1202.4,0.1074,220677.4,0.1076,105963.7,0.1077,157781.2
1753547070658,16:24:30.658,AEVO/USDT:USDT,0.1075,2180.5,0.1074,220677.4,0.1076,105963.7,0.1077,157781.2
1753547070809,16:24:30.809,AEVO/USDT:USDT,0.1075,1202.4,0.1074,220677.4,0.1076,105963.7,0.1077,157781.2
1753547070959,16:24:30.959,AEVO/USDT:USDT,0.1075,1202.4,0.1074,220677.4,0.1076,105963.7,0.1077,157781.2
1753547071109,16:24:31.109,AEVO/USDT:USDT,0.1075,7849.1,0.1074,220677.4,0.1076,105963.7,0.1077,154197.7
1753547071259,16:24:31.259,AEVO/USDT:USDT,0.1075,18247.8,0.1074,226565.2,0.1076,96543.1,0.1077,154197.7
1753547071409,16:24:31.409,AEVO/USDT:USDT,0.1075,18247.8,0.1074,226565.2,0.1076,96543.1,0.1077,154197.7
1753547071559,16:24:31.559,AEVO/USDT:USDT,0.1075,18247.8,0.1074,211565.2,0.1076,96543.1,0.1077,151288.8
1753547071709,16:24:31.709,AEVO/USDT:USDT,0.1075,33247.8,0.1074,211565.2,0.1076,96543.1,0.1077,151288.8
1753547071859,16:24:31.859,AEVO/USDT:USDT,0.1075,33247.8,0.1074,211565.2,0.1076,96543.1,0.1077,149276.0
1753547072009,16:24:32.009,AEVO/USDT:USDT,0.1075,35131.9,0.1074,211565.2,0.1076,42733.1,0.1077,149276.0
1753547072159,16:24:32.159,AEVO/USDT:USDT,0.1075,35131.9,0.1074,217621.6,0.1076,83423.4,0.1077,142952.1
1753547072309,16:24:32.309,AEVO/USDT:USDT,0.1075,35131.9,0.1074,217621.6,0.1076,83423.4,0.1077,133662.3
1753547072459,16:24:32.459,AEVO/USDT:USDT,0.1075,35131.9,0.1074,217621.6,0.1076,83423.4,0.1077,142952.1
1753547072610,16:24:32.610,AEVO/USDT:USDT,0.1075,35131.9,0.1074,217621.6,0.1076,83423.4,0.1077,142952.1
1753547072760,16:24:32.760,AEVO/USDT:USDT,0.1075,35131.9,0.1074,215299.7,0.1076,83423.4,0.1077,142952.1
1753547072910,16:24:32.910,AEVO/USDT:USDT,0.1075,35131.9,0.1074,215299.7,0.1076,83423.4,0.1077,142952.1
1753547073060,16:24:33.060,AEVO/USDT:USDT,0.1075,35131.9,0.1074,215299.7,0.1076,83423.4,0.1077,142952.1
1753547073210,16:24:33.210,AEVO/USDT:USDT,0.1075,35131.9,0.1074,215299.7,0.1076,83423.4,0.1077,142952.1
1753547073360,16:24:33.360,AEVO/USDT:USDT,0.1075,35131.9,0.1074,215299.7,0.1076,83423.4,0.1077,142952.1
1753547073510,16:24:33.510,AEVO/USDT:USDT,0.1075,35131.9,0.1074,215299.7,0.1076,83423.4,0.1077,142952.1
1753547073660,16:24:33.660,AEVO/USDT:USDT,0.1075,35131.9,0.1074,215299.7,0.1076,83423.4,0.1077,142952.1
1753547073810,16:24:33.810,AEVO/USDT:USDT,0.1075,35131.9,0.1074,215299.7,0.1076,83423.4,0.1077,142952.1
1753547073960,16:24:33.960,AEVO/USDT:USDT,0.1075,35511.8,0.1074,215299.7,0.1076,83423.4,0.1077,142952.1
1753547074110,16:24:34.110,AEVO/USDT:USDT,0.1075,35511.8,0.1074,215299.7,0.1076,81539.3,0.1077,142952.1
1753547074260,16:24:34.260,AEVO/USDT:USDT,0.1075,35511.8,0.1074,215299.7,0.1076,81539.3,0.1077,142952.1
1753547074411,16:24:34.411,AEVO/USDT:USDT,0.1075,35511.8,0.1074,215299.7,0.1076,81539.3,0.1077,142952.1
1753547074561,16:24:34.561,AEVO/USDT:USDT,0.1075,35511.8,0.1074,215299.7,0.1076,81539.3,0.1077,142952.1
1753547074711,16:24:34.711,AEVO/USDT:USDT,0.1075,35511.8,0.1074,215299.7,0.1076,81539.3,0.1077,142952.1
1753547074861,16:24:34.861,AEVO/USDT:USDT,0.1075,35511.8,0.1074,215299.7,0.1076,81539.3,0.1077,142952.1
1753547075011,16:24:35.011,AEVO/USDT:USDT,0.1075,35511.8,0.1074,215299.7,0.1076,81539.3,0.1077,142952.1
1753547075161,16:24:35.161,AEVO/USDT:USDT,0.1075,35511.8,0.1074,215299.7,0.1076,81539.3,0.1077,142952.1
1753547075311,16:24:35.311,AEVO/USDT:USDT,0.1075,35511.8,0.1074,215299.7,0.1076,81539.3,0.1077,142952.1
1753547075461,16:24:35.461,AEVO/USDT:USDT,0.1075,35511.8,0.1074,215299.7,0.1076,81539.3,0.1077,142952.1
1753547075611,16:24:35.611,AEVO/USDT:USDT,0.1075,35511.8,0.1074,215299.7,0.1076,51539.3,0.1077,142952.1
1753547075761,16:24:35.761,AEVO/USDT:USDT,0.1075,35511.8,0.1074,215299.7,0.1076,51539.3,0.1077,142952.1
1753547075911,16:24:35.911,AEVO/USDT:USDT,0.1075,35511.8,0.1074,215299.7,0.1076,10849.0,0.1077,142952.1
1753547076061,16:24:36.061,AEVO/USDT:USDT,0.1075,35511.8,0.1074,215299.7,0.1076,13.4,0.1077,183633.1
1753547076212,16:24:36.212,AEVO/USDT:USDT,0.1075,35511.8,0.1074,215299.7,0.1076,13.4,0.1077,183633.1
1753547076512,16:24:36.512,AEVO/USDT:USDT,0.1075,35511.8,0.1074,215299.7,0.1076,13.4,0.1077,183633.1
1753547076662,16:24:36.662,AEVO/USDT:USDT,0.1075,35511.8,0.1074,215299.7,0.1076,13.4,0.1077,183633.1
1753547076812,16:24:36.812,AEVO/USDT:USDT,0.1075,35511.8,0.1074,215299.7,0.1076,13.4,0.1077,183633.1
1753547076962,16:24:36.962,AEVO/USDT:USDT,0.1075,35511.8,0.1074,215299.7,0.1076,13.4,0.1077,183633.1
1753547077112,16:24:37.112,AEVO/USDT:USDT,0.1075,35511.8,0.1074,215299.7,0.1076,13.4,0.1077,183633.1
1753547077262,16:24:37.262,AEVO/USDT:USDT,0.1075,76186.6,0.1074,174556.2,0.1076,13.4,0.1077,183597.4
1753547077562,16:24:37.562,AEVO/USDT:USDT,0.1075,76186.6,0.1074,174556.2,0.1076,13.4,0.1077,183597.4
1753547077712,16:24:37.712,AEVO/USDT:USDT,0.1075,76186.6,0.1074,159556.2,0.1076,13.4,0.1077,183597.4
1753547077862,16:24:37.862,AEVO/USDT:USDT,0.1075,76186.6,0.1074,159556.2,0.1076,13.4,0.1077,183597.4
1753547078013,16:24:38.013,AEVO/USDT:USDT,0.1075,76186.6,0.1074,159556.2,0.1076,13.4,0.1077,183597.4
1753547078163,16:24:38.163,AEVO/USDT:USDT,0.1075,76186.6,0.1074,159556.2,0.1076,13.4,0.1077,183597.4
1753547078313,16:24:38.313,AEVO/USDT:USDT,0.1075,76186.6,0.1074,159556.2,0.1076,13.4,0.1077,183597.4
1753547078463,16:24:38.463,AEVO/USDT:USDT,0.1075,76186.6,0.1074,159556.2,0.1076,13.4,0.1077,183597.4
1753547078613,16:24:38.613,AEVO/USDT:USDT,0.1075,76186.6,0.1074,159556.2,0.1076,13.4,0.1077,183597.4
1753547078763,16:24:38.763,AEVO/USDT:USDT,0.1075,91186.6,0.1074,159556.2,0.1076,13.4,0.1077,179754.6
1753547078913,16:24:38.913,AEVO/USDT:USDT,0.1075,91186.6,0.1074,159556.2,0.1076,13.4,0.1077,179754.6
1753547079063,16:24:39.063,AEVO/USDT:USDT,0.1075,91186.6,0.1074,159556.2,0.1076,13.4,0.1077,179754.6
1753547079213,16:24:39.213,AEVO/USDT:USDT,0.1075,90806.7,0.1074,159556.2,0.1076,13.4,0.1077,179754.6
1753547079363,16:24:39.363,AEVO/USDT:USDT,0.1075,91186.6,0.1074,159556.2,0.1076,13.4,0.1077,179754.6
1753547079513,16:24:39.513,AEVO/USDT:USDT,0.1075,91186.6,0.1074,159556.2,0.1076,13.4,0.1077,179754.6
1753547079663,16:24:39.663,AEVO/USDT:USDT,0.1075,91186.6,0.1074,159556.2,0.1076,13.4,0.1077,179754.6
1753547079813,16:24:39.813,AEVO/USDT:USDT,0.1075,91186.6,0.1074,159556.2,0.1076,13.4,0.1077,179754.6
1753547080114,16:24:40.114,AEVO/USDT:USDT,0.1075,91186.6,0.1074,159556.2,0.1076,13.4,0.1077,179754.6
1753547080264,16:24:40.264,AEVO/USDT:USDT,0.1075,91186.6,0.1074,159556.2,0.1076,13.4,0.1077,179754.6
1753547080414,16:24:40.414,AEVO/USDT:USDT,0.1075,91186.6,0.1074,159556.2,0.1076,13.4,0.1077,179754.6
1753547080564,16:24:40.564,AEVO/USDT:USDT,0.1075,91186.6,0.1074,159556.2,0.1076,13.4,0.1077,179754.6
1753547080714,16:24:40.714,AEVO/USDT:USDT,0.1075,90806.7,0.1074,159556.2,0.1076,13.4,0.1077,179754.6
1753547080864,16:24:40.864,AEVO/USDT:USDT,0.1075,90806.7,0.1074,159556.2,0.1076,13.4,0.1077,179754.6
1753547081014,16:24:41.014,AEVO/USDT:USDT,0.1075,90806.7,0.1074,159556.2,0.1076,13.4,0.1077,179754.6
1753547081164,16:24:41.164,AEVO/USDT:USDT,0.1075,90806.7,0.1074,159556.2,0.1076,13.4,0.1077,179754.6
1753547081314,16:24:41.314,AEVO/USDT:USDT,0.1075,90806.7,0.1074,159556.2,0.1076,13.4,0.1077,179754.6
1753547081464,16:24:41.464,AEVO/USDT:USDT,0.1075,91186.6,0.1074,159556.2,0.1076,13.4,0.1077,179754.6
1753547081614,16:24:41.614,AEVO/USDT:USDT,0.1075,90806.7,0.1074,159556.2,0.1076,13.4,0.1077,179754.6
1753547081765,16:24:41.765,AEVO/USDT:USDT,0.1075,90806.7,0.1074,168855.0,0.1076,13.4,0.1077,179754.6
1753547081915,16:24:41.915,AEVO/USDT:USDT,0.1075,90806.7,0.1074,168855.0,0.1076,13.4,0.1077,179754.6
1753547082065,16:24:42.065,AEVO/USDT:USDT,0.1075,90806.7,0.1074,168855.0,0.1076,13.4,0.1077,179754.6
1753547082215,16:24:42.215,AEVO/USDT:USDT,0.1075,90806.7,0.1074,168855.0,0.1076,13.4,0.1077,179754.6
1753547082365,16:24:42.365,AEVO/USDT:USDT,0.1075,90806.7,0.1074,168855.0,0.1076,13.4,0.1077,179754.6
1753547082515,16:24:42.515,AEVO/USDT:USDT,0.1075,91186.6,0.1074,168855.0,0.1076,13.4,0.1077,179754.6
1753547082665,16:24:42.665,AEVO/USDT:USDT,0.1075,91186.6,0.1074,168855.0,0.1076,13.4,0.1077,179754.6
1753547082815,16:24:42.815,AEVO/USDT:USDT,0.1075,91186.6,0.1074,168855.0,0.1076,13.4,0.1077,179754.6
1753547082965,16:24:42.965,AEVO/USDT:USDT,0.1075,90806.7,0.1074,168855.0,0.1076,13.4,0.1077,179754.6
1753547083115,16:24:43.115,AEVO/USDT:USDT,0.1075,90806.7,0.1074,168855.0,0.1076,13.4,0.1077,179754.6
1753547083265,16:24:43.265,AEVO/USDT:USDT,0.1075,90806.7,0.1074,168855.0,0.1076,13.4,0.1077,179754.6
1753547083415,16:24:43.415,AEVO/USDT:USDT,0.1075,90806.7,0.1074,168855.0,0.1076,13.4,0.1077,179754.6
1753547083566,16:24:43.566,AEVO/USDT:USDT,0.1075,90806.7,0.1074,168855.0,0.1076,13.4,0.1077,179754.6
1753547083716,16:24:43.716,AEVO/USDT:USDT,0.1075,90806.7,0.1074,168855.0,0.1076,13.4,0.1077,179754.6
1753547083866,16:24:43.866,AEVO/USDT:USDT,0.1075,90806.7,0.1074,168855.0,0.1076,13.4,0.1077,179754.6
1753547084016,16:24:44.016,AEVO/USDT:USDT,0.1075,90806.7,0.1074,168855.0,0.1076,13.4,0.1077,179754.6
1753547084166,16:24:44.166,AEVO/USDT:USDT,0.1075,90806.7,0.1074,168855.0,0.1076,13.4,0.1077,179754.6
1753547084316,16:24:44.316,AEVO/USDT:USDT,0.1075,90806.7,0.1074,168855.0,0.1076,13.4,0.1077,179754.6
1753547084466,16:24:44.466,AEVO/USDT:USDT,0.1075,90806.7,0.1074,168855.0,0.1076,13.4,0.1077,179754.6
1753547084616,16:24:44.616,AEVO/USDT:USDT,0.1075,90806.7,0.1074,168855.0,0.1076,13.4,0.1077,179754.6
1753547084766,16:24:44.766,AEVO/USDT:USDT,0.1075,90806.7,0.1074,168855.0,0.1076,13.4,0.1077,179754.6
1753547084916,16:24:44.916,AEVO/USDT:USDT,0.1075,90806.7,0.1074,168855.0,0.1076,13.4,0.1077,179754.6
1753547085066,16:24:45.066,AEVO/USDT:USDT,0.1075,90806.7,0.1074,168855.0,0.1076,13.4,0.1077,179754.6
1753547085216,16:24:45.216,AEVO/USDT:USDT,0.1075,90806.7,0.1074,168855.0,0.1076,13.4,0.1077,179754.6
1753547085366,16:24:45.366,AEVO/USDT:USDT,0.1075,90806.7,0.1074,168855.0,0.1076,13.4,0.1077,179754.6
1753547085517,16:24:45.517,AEVO/USDT:USDT,0.1075,90806.7,0.1074,168855.0,0.1076,13.4,0.1077,179754.6
1753547085667,16:24:45.667,AEVO/USDT:USDT,0.1075,90806.7,0.1074,168855.0,0.1076,13.4,0.1077,179754.6
1753547085817,16:24:45.817,AEVO/USDT:USDT,0.1075,90806.7,0.1074,168855.0,0.1076,13.4,0.1077,179754.6
1753547085967,16:24:45.967,AEVO/USDT:USDT,0.1075,90806.7,0.1074,168855.0,0.1076,13.4,0.1077,179754.6
1753547086117,16:24:46.117,AEVO/USDT:USDT,0.1075,90806.7,0.1074,168855.0,0.1076,13.4,0.1077,179754.6
1753547086267,16:24:46.267,AEVO/USDT:USDT,0.1075,90806.7,0.1074,168855.0,0.1076,13.4,0.1077,179754.6
1753547086417,16:24:46.417,AEVO/USDT:USDT,0.1075,90806.7,0.1074,168855.0,0.1076,13.4,0.1077,179754.6
1753547086567,16:24:46.567,AEVO/USDT:USDT,0.1075,90806.7,0.1074,168855.0,0.1076,13.4,0.1077,179754.6
1753547086717,16:24:46.717,AEVO/USDT:USDT,0.1075,90806.7,0.1074,168855.0,0.1076,13.4,0.1077,179754.6
1753547086867,16:24:46.867,AEVO/USDT:USDT,0.1075,90806.7,0.1074,168855.0,0.1076,13.4,0.1077,179754.6
1753547087017,16:24:47.017,AEVO/USDT:USDT,0.1075,90806.7,0.1074,168855.0,0.1076,13.4,0.1077,179754.6
1753547087167,16:24:47.167,AEVO/USDT:USDT,0.1075,90806.7,0.1074,168855.0,0.1076,13.4,0.1077,179754.6
1753547087318,16:24:47.318,AEVO/USDT:USDT,0.1075,90806.7,0.1074,168855.0,0.1076,13.4,0.1077,179754.6
1753547087468,16:24:47.468,AEVO/USDT:USDT,0.1075,90806.7,0.1074,168855.0,0.1076,13.4,0.1077,179754.6
1753547087618,16:24:47.618,AEVO/USDT:USDT,0.1075,90806.7,0.1074,168855.0,0.1076,13.4,0.1077,179754.6
1753547087768,16:24:47.768,AEVO/USDT:USDT,0.1075,90806.7,0.1074,168855.0,0.1076,13.4,0.1077,179754.6
1753547087918,16:24:47.918,AEVO/USDT:USDT,0.1075,90806.7,0.1074,168855.0,0.1076,13.4,0.1077,179754.6
1753547088068,16:24:48.068,AEVO/USDT:USDT,0.1075,90806.7,0.1074,168855.0,0.1076,13.4,0.1077,179754.6
1753547088218,16:24:48.218,AEVO/USDT:USDT,0.1075,90806.7,0.1074,168855.0,0.1076,13.4,0.1077,179754.6
1753547088368,16:24:48.368,AEVO/USDT:USDT,0.1075,90806.7,0.1074,168855.0,0.1076,13.4,0.1077,179754.6
1753547088518,16:24:48.518,AEVO/USDT:USDT,0.1075,90806.7,0.1074,168855.0,0.1076,6432.5,0.1077,179754.6
1753547088668,16:24:48.668,AEVO/USDT:USDT,0.1075,90806.7,0.1074,168855.0,0.1076,21432.5,0.1077,179754.6
1753547088818,16:24:48.818,AEVO/USDT:USDT,0.1075,90806.7,0.1074,168855.0,0.1076,21432.5,0.1077,179754.6
1753547088968,16:24:48.968,AEVO/USDT:USDT,0.1075,90806.7,0.1074,168855.0,0.1076,21432.5,0.1077,179754.6
1753547089119,16:24:49.119,AEVO/USDT:USDT,0.1075,90806.7,0.1074,168855.0,0.1076,21432.5,0.1077,179754.6
1753547089269,16:24:49.269,AEVO/USDT:USDT,0.1075,90806.7,0.1074,168855.0,0.1076,21432.5,0.1077,179754.6
1753547089419,16:24:49.419,AEVO/USDT:USDT,0.1075,90806.7,0.1074,168855.0,0.1076,21432.5,0.1077,179754.6
1753547089569,16:24:49.569,AEVO/USDT:USDT,0.1075,90806.7,0.1074,168855.0,0.1076,20914.9,0.1077,179754.6
1753547089719,16:24:49.719,AEVO/USDT:USDT,0.1075,90806.7,0.1074,168855.0,0.1076,30914.9,0.1077,179754.6
1753547089869,16:24:49.869,AEVO/USDT:USDT,0.1075,90806.7,0.1074,168855.0,0.1076,30914.9,0.1077,179754.6
1753547090019,16:24:50.019,AEVO/USDT:USDT,0.1075,90806.7,0.1074,168855.0,0.1076,30914.9,0.1077,179754.6
1753547090169,16:24:50.169,AEVO/USDT:USDT,0.1075,90806.7,0.1074,168855.0,0.1076,30914.9,0.1077,179754.6
1753547090319,16:24:50.319,AEVO/USDT:USDT,0.1075,90806.7,0.1074,168855.0,0.1076,30914.9,0.1077,179754.6
1753547090469,16:24:50.469,AEVO/USDT:USDT,0.1075,100105.2,0.1074,159556.2,0.1076,5914.9,0.1077,179754.6
1753547090619,16:24:50.619,AEVO/USDT:USDT,0.1075,100485.1,0.1074,159556.2,0.1076,13.4,0.1077,179754.6
1753547090920,16:24:50.920,AEVO/USDT:USDT,0.1075,91186.6,0.1074,168854.8,0.1076,13.4,0.1077,98674.0
1753547091070,16:24:51.070,AEVO/USDT:USDT,0.1075,91186.6,0.1074,168854.8,0.1076,13.4,0.1077,98674.0
1753547091220,16:24:51.220,AEVO/USDT:USDT,0.1075,91186.6,0.1074,168854.8,0.1076,13.4,0.1077,98674.0
1753547091370,16:24:51.370,AEVO/USDT:USDT,0.1075,91186.6,0.1074,168854.8,0.1076,13.4,0.1077,98674.0
1753547091670,16:24:51.670,AEVO/USDT:USDT,0.1075,90806.7,0.1074,168854.8,0.1076,13.4,0.1077,98674.0
1753547091820,16:24:51.820,AEVO/USDT:USDT,0.1075,90806.7,0.1074,168854.8,0.1076,13.4,0.1077,98674.0
1753547091970,16:24:51.970,AEVO/USDT:USDT,0.1075,90806.7,0.1074,168854.8,0.1076,13.4,0.1077,173815.9
1753547092120,16:24:52.120,AEVO/USDT:USDT,0.1075,90806.7,0.1074,168854.8,0.1076,13.4,0.1077,173815.9
1753547092270,16:24:52.270,AEVO/USDT:USDT,0.1075,90806.7,0.1074,168854.8,0.1076,13.4,0.1077,173815.9
1753547092420,16:24:52.420,AEVO/USDT:USDT,0.1075,90806.7,0.1074,168854.8,0.1076,13.4,0.1077,173815.9
1753547092570,16:24:52.570,AEVO/USDT:USDT,0.1075,90806.7,0.1074,159556.2,0.1076,13.4,0.1077,173815.9
1753547092720,16:24:52.720,AEVO/USDT:USDT,0.1075,90806.7,0.1074,168855.0,0.1076,13.4,0.1077,177505.5
1753547092870,16:24:52.870,AEVO/USDT:USDT,0.1075,90806.7,0.1074,168855.0,0.1076,13.4,0.1077,177505.5
1753547093021,16:24:53.021,AEVO/USDT:USDT,0.1075,90806.7,0.1074,168855.0,0.1076,13.4,0.1077,177505.5
1753547093171,16:24:53.171,AEVO/USDT:USDT,0.1075,90806.7,0.1074,168855.0,0.1076,13.4,0.1077,177505.5
1753547093321,16:24:53.321,AEVO/USDT:USDT,0.1075,90766.2,0.1074,168817.8,0.1076,13.4,0.1077,177465.0
1753547093471,16:24:53.471,AEVO/USDT:USDT,0.1075,90766.2,0.1074,168817.8,0.1076,13.4,0.1077,177465.0
1753547093621,16:24:53.621,AEVO/USDT:USDT,0.1075,90766.2,0.1074,168817.7,0.1076,13.4,0.1077,177465.0
1753547093771,16:24:53.771,AEVO/USDT:USDT,0.1075,90766.2,0.1074,168817.7,0.1076,13.4,0.1077,177465.0
1753547093921,16:24:53.921,AEVO/USDT:USDT,0.1075,90766.2,0.1074,168817.7,0.1076,13.4,0.1077,177465.0
1753547094071,16:24:54.071,AEVO/USDT:USDT,0.1075,90766.2,0.1074,168817.7,0.1076,13.4,0.1077,177465.0
1753547094221,16:24:54.221,AEVO/USDT:USDT,0.1075,90766.2,0.1074,168817.7,0.1076,13.4,0.1077,177465.0
1753547094371,16:24:54.371,AEVO/USDT:USDT,0.1075,90766.2,0.1074,168817.7,0.1076,13.4,0.1077,177465.0
1753547094521,16:24:54.521,AEVO/USDT:USDT,0.1075,90766.2,0.1074,168817.7,0.1076,13.4,0.1077,177465.0
1753547094671,16:24:54.671,AEVO/USDT:USDT,0.1075,90766.2,0.1074,168817.7,0.1076,13.4,0.1077,177465.0
1753547094822,16:24:54.822,AEVO/USDT:USDT,0.1075,90766.2,0.1074,168817.7,0.1076,13.4,0.1077,177465.0
1753547094972,16:24:54.972,AEVO/USDT:USDT,0.1075,90766.2,0.1074,168817.7,0.1076,13.4,0.1077,177465.0
1753547095122,16:24:55.122,AEVO/USDT:USDT,0.1075,90766.2,0.1074,168817.7,0.1076,13.4,0.1077,177465.0
1753547095272,16:24:55.272,AEVO/USDT:USDT,0.1075,90766.2,0.1074,159519.0,0.1076,13.4,0.1077,177465.0
1753547095422,16:24:55.422,AEVO/USDT:USDT,0.1075,90766.2,0.1074,168817.6,0.1076,13.4,0.1077,177465.0
