timestamp,time,symbol,bid1_price,bid1_volume,bid2_price,bid2_volume,ask1_price,ask1_volume,ask2_price,ask2_volume
1753546955002,16:22:35.002,1INCH/USDT:USDT,0.2828,1383.0,0.2827,8550.0,0.2829,1468.0,0.283,14179.0
1753546956902,16:22:36.902,1INCH/USDT:USDT,0.2828,1384.0,0.2827,8550.0,0.2829,1324.0,0.283,14179.0
1753546957302,16:22:37.302,1INCH/USDT:USDT,0.2828,1773.0,0.2827,8550.0,0.2829,1324.0,0.283,14179.0
1753546957602,16:22:37.602,1INCH/USDT:USDT,0.2828,1773.0,0.2827,8550.0,0.2829,1324.0,0.283,14179.0
1753546958002,16:22:38.002,1INCH/USDT:USDT,0.2828,1384.0,0.2827,8550.0,0.2829,1468.0,0.283,14179.0
1753546958102,16:22:38.102,1INCH/USDT:USDT,0.2828,1384.0,0.2827,8550.0,0.2829,1468.0,0.283,14179.0
1753546959202,16:22:39.202,1INCH/USDT:USDT,0.2828,1501.0,0.2827,8550.0,0.2829,1324.0,0.283,14179.0
1753546960402,16:22:40.402,1INCH/USDT:USDT,0.2828,1501.0,0.2827,11248.0,0.2829,1458.0,0.283,10433.0
1753546960502,16:22:40.502,1INCH/USDT:USDT,0.2828,1501.0,0.2827,11248.0,0.2829,1458.0,0.283,10433.0
1753546961702,16:22:41.702,1INCH/USDT:USDT,0.2828,1890.0,0.2827,10769.0,0.2829,1317.0,0.283,14206.0
1753546961802,16:22:41.802,1INCH/USDT:USDT,0.2828,1962.0,0.2827,10769.0,0.2829,1317.0,0.283,14062.0
1753546961902,16:22:41.902,1INCH/USDT:USDT,0.2828,1890.0,0.2827,10769.0,0.2829,1317.0,0.283,14062.0
1753546962302,16:22:42.302,1INCH/USDT:USDT,0.2828,1501.0,0.2827,10769.0,0.2829,1318.0,0.283,14062.0
1753546962502,16:22:42.502,1INCH/USDT:USDT,0.2828,1501.0,0.2827,10769.0,0.2829,1318.0,0.283,14062.0
1753546962602,16:22:42.602,1INCH/USDT:USDT,0.2828,1501.0,0.2827,10769.0,0.2829,1318.0,0.283,14062.0
1753546962702,16:22:42.702,1INCH/USDT:USDT,0.2828,1501.0,0.2827,10769.0,0.2829,1318.0,0.283,14062.0
1753546964602,16:22:44.602,1INCH/USDT:USDT,0.2828,2011.0,0.2827,10769.0,0.2829,1318.0,0.283,14062.0
1753546966802,16:22:46.802,1INCH/USDT:USDT,0.2828,3422.0,0.2827,11696.0,0.2829,430.0,0.283,9838.0
1753546967102,16:22:47.102,1INCH/USDT:USDT,0.2828,3422.0,0.2827,11696.0,0.2829,573.0,0.283,9982.0
1753546969702,16:22:49.702,1INCH/USDT:USDT,0.2828,1546.0,0.2827,8903.0,0.2829,1472.0,0.283,14365.0
1753546970602,16:22:50.602,1INCH/USDT:USDT,0.2828,1546.0,0.2827,8903.0,0.2829,1472.0,0.283,14365.0
1753546971402,16:22:51.402,1INCH/USDT:USDT,0.2828,1780.0,0.2827,8903.0,0.2829,1472.0,0.283,14365.0
1753546972002,16:22:52.002,1INCH/USDT:USDT,0.2828,1547.0,0.2827,8903.0,0.2829,1472.0,0.283,14718.0
1753546972902,16:22:52.902,1INCH/USDT:USDT,0.2828,1780.0,0.2827,9433.0,0.2829,1473.0,0.283,14574.0
1753546973002,16:22:53.002,1INCH/USDT:USDT,0.2828,2169.0,0.2827,7320.0,0.2829,1329.0,0.283,14574.0
1753546973402,16:22:53.402,1INCH/USDT:USDT,0.2828,2169.0,0.2827,7320.0,0.2829,1484.0,0.283,14574.0
1753546976602,16:22:56.602,1INCH/USDT:USDT,0.2828,1547.0,0.2827,9433.0,0.2829,1497.0,0.283,14564.0
1753546976802,16:22:56.802,1INCH/USDT:USDT,0.2828,1547.0,0.2827,7320.0,0.2829,1497.0,0.283,14564.0
1753546977402,16:22:57.402,1INCH/USDT:USDT,0.2828,2192.0,0.2827,9433.0,0.2829,1352.0,0.283,14564.0
1753546977602,16:22:57.602,1INCH/USDT:USDT,0.2828,2192.0,0.2827,9433.0,0.2829,1350.0,0.283,14261.0
1753546978002,16:22:58.002,1INCH/USDT:USDT,0.2828,2192.0,0.2827,9433.0,0.2829,1350.0,0.283,14680.0
1753546980002,16:23:00.002,1INCH/USDT:USDT,0.2828,1543.0,0.2827,9433.0,0.2829,1495.0,0.283,14680.0
1753546980302,16:23:00.302,1INCH/USDT:USDT,0.2828,1543.0,0.2827,8653.0,0.2829,1495.0,0.283,14680.0
1753546980402,16:23:00.402,1INCH/USDT:USDT,0.2828,1543.0,0.2827,8653.0,0.2829,1495.0,0.283,14680.0
1753546980502,16:23:00.502,1INCH/USDT:USDT,0.2828,1543.0,0.2827,8653.0,0.2829,1495.0,0.283,14680.0
1753546981702,16:23:01.702,1INCH/USDT:USDT,0.2828,1543.0,0.2827,22745.0,0.2829,1731.0,0.283,14680.0
1753546982502,16:23:02.502,1INCH/USDT:USDT,0.2826,1.0,0.2825,6658.0,0.2827,3459.0,0.2828,21317.0
1753546982602,16:23:02.602,1INCH/USDT:USDT,0.2826,1.0,0.2825,7280.0,0.2827,1646.0,0.2828,21317.0
1753546982802,16:23:02.802,1INCH/USDT:USDT,0.2826,914.0,0.2825,9398.0,0.2827,916.0,0.2828,21318.0
1753546984002,16:23:04.002,1INCH/USDT:USDT,0.2826,1.0,0.2825,7625.0,0.2827,1118.0,0.2828,17231.0
1753546984202,16:23:04.202,1INCH/USDT:USDT,0.2826,1.0,0.2825,7044.0,0.2827,1118.0,0.2828,17231.0
1753546984502,16:23:04.502,1INCH/USDT:USDT,0.2826,918.0,0.2825,7635.0,0.2827,976.0,0.2828,16609.0
1753546984702,16:23:04.702,1INCH/USDT:USDT,0.2826,918.0,0.2825,7635.0,0.2827,766.0,0.2828,16489.0
1753546985202,16:23:05.202,1INCH/USDT:USDT,0.2826,918.0,0.2825,9732.0,0.2827,768.0,0.2828,16489.0
1753546986502,16:23:06.502,1INCH/USDT:USDT,0.2826,1551.0,0.2825,13089.0,0.2827,65.0,0.2828,8214.0
1753546986602,16:23:06.602,1INCH/USDT:USDT,0.2826,1551.0,0.2825,13442.0,0.2827,65.0,0.2828,8214.0
1753546986802,16:23:06.802,1INCH/USDT:USDT,0.2827,2009.0,0.2826,11485.0,0.2828,920.0,0.2829,13371.0
1753546987102,16:23:07.102,1INCH/USDT:USDT,0.2827,1380.0,0.2826,11486.0,0.2828,1062.0,0.2829,13371.0
1753546987202,16:23:07.202,1INCH/USDT:USDT,0.2827,1380.0,0.2826,11486.0,0.2828,1062.0,0.2829,13371.0
1753546987502,16:23:07.502,1INCH/USDT:USDT,0.2827,1388.0,0.2826,11482.0,0.2828,1062.0,0.2829,13371.0
1753546987602,16:23:07.602,1INCH/USDT:USDT,0.2827,1388.0,0.2826,11482.0,0.2828,1062.0,0.2829,13371.0
1753546988802,16:23:08.802,1INCH/USDT:USDT,0.2827,1784.0,0.2826,11482.0,0.2828,920.0,0.2829,13371.0
1753546988902,16:23:08.902,1INCH/USDT:USDT,0.2827,1320.0,0.2826,11482.0,0.2828,1062.0,0.2829,13604.0
1753546989202,16:23:09.202,1INCH/USDT:USDT,0.2827,924.0,0.2826,11482.0,0.2828,1062.0,0.2829,13604.0
1753546989602,16:23:09.602,1INCH/USDT:USDT,0.2827,924.0,0.2826,11482.0,0.2828,1062.0,0.2829,14226.0
1753546989802,16:23:09.802,1INCH/USDT:USDT,0.2827,924.0,0.2826,11482.0,0.2828,1062.0,0.2829,14226.0
1753546990002,16:23:10.002,1INCH/USDT:USDT,0.2827,924.0,0.2826,11482.0,0.2828,1062.0,0.2829,13604.0
1753546991702,16:23:11.702,1INCH/USDT:USDT,0.2827,1878.0,0.2826,13247.0,0.2828,386.0,0.2829,3884.0
1753546992402,16:23:12.402,1INCH/USDT:USDT,0.2827,1876.0,0.2826,12894.0,0.2828,386.0,0.2829,5748.0
1753546992902,16:23:12.902,1INCH/USDT:USDT,0.2827,1876.0,0.2826,13247.0,0.2828,386.0,0.2829,5748.0
1753546993802,16:23:13.802,1INCH/USDT:USDT,0.2827,3759.0,0.2826,13597.0,0.2828,437.0,0.2829,5722.0
1753546994102,16:23:14.102,1INCH/USDT:USDT,0.2828,911.0,0.2827,11764.0,0.2829,1234.0,0.283,21447.0
1753546994402,16:23:14.402,1INCH/USDT:USDT,0.2828,1306.0,0.2827,11441.0,0.2829,1092.0,0.283,21447.0
1753546995102,16:23:15.102,1INCH/USDT:USDT,0.2828,1306.0,0.2827,11441.0,0.2829,1092.0,0.283,17614.0
1753546996302,16:23:16.302,1INCH/USDT:USDT,0.2828,3595.0,0.2827,9903.0,0.2829,4.0,0.283,13611.0
1753546996702,16:23:16.702,1INCH/USDT:USDT,0.2828,2330.0,0.2827,9274.0,0.2829,1054.0,0.283,14233.0
1753546996902,16:23:16.902,1INCH/USDT:USDT,0.2828,2330.0,0.2827,9896.0,0.2829,1054.0,0.283,14233.0
1753546997402,16:23:17.402,1INCH/USDT:USDT,0.2828,2726.0,0.2827,9896.0,0.2829,912.0,0.283,13611.0
1753546998202,16:23:18.202,1INCH/USDT:USDT,0.2828,2330.0,0.2827,9896.0,0.2829,143.0,0.283,13611.0
1753546998302,16:23:18.302,1INCH/USDT:USDT,0.2828,2330.0,0.2827,9896.0,0.2829,1051.0,0.283,13611.0
1753546999102,16:23:19.102,1INCH/USDT:USDT,0.2828,2726.0,0.2827,9896.0,0.2829,1.0,0.283,13611.0
1753547000602,16:23:20.602,1INCH/USDT:USDT,0.2828,3090.0,0.2827,9896.0,0.2829,1.0,0.283,13787.0
1753547001302,16:23:21.302,1INCH/USDT:USDT,0.2828,3090.0,0.2827,9896.0,0.2829,3.0,0.283,13787.0
1753547001402,16:23:21.402,1INCH/USDT:USDT,0.2828,3090.0,0.2827,9896.0,0.2829,1.0,0.283,13787.0
1753547001502,16:23:21.502,1INCH/USDT:USDT,0.2828,2409.0,0.2827,9543.0,0.2829,1112.0,0.283,14409.0
1753547002202,16:23:22.202,1INCH/USDT:USDT,0.2828,2411.0,0.2827,9543.0,0.2829,1258.0,0.283,14409.0
1753547003102,16:23:23.102,1INCH/USDT:USDT,0.2828,2411.0,0.2827,9896.0,0.2829,1257.0,0.283,14409.0
1753547003202,16:23:23.202,1INCH/USDT:USDT,0.2828,2411.0,0.2827,9896.0,0.2829,1113.0,0.283,14409.0
1753547003402,16:23:23.402,1INCH/USDT:USDT,0.2828,3451.0,0.2827,10563.0,0.2829,1.0,0.283,6181.0
1753547004202,16:23:24.202,1INCH/USDT:USDT,0.2829,1.0,0.2828,5732.0,0.283,2429.0,0.2831,23558.0
1753547004302,16:23:24.302,1INCH/USDT:USDT,0.2829,394.0,0.2828,5338.0,0.283,2429.0,0.2831,23558.0
1753547005102,16:23:25.102,1INCH/USDT:USDT,0.2829,2412.0,0.2828,5220.0,0.283,3080.0,0.2831,24294.0
1753547005902,16:23:25.902,1INCH/USDT:USDT,0.2829,2412.0,0.2828,7083.0,0.283,3080.0,0.2831,24294.0
1753547006002,16:23:26.002,1INCH/USDT:USDT,0.2829,2412.0,0.2828,7083.0,0.283,3080.0,0.2831,24294.0
1753547006202,16:23:26.202,1INCH/USDT:USDT,0.2829,2412.0,0.2828,7083.0,0.283,3080.0,0.2831,24294.0
1753547006402,16:23:26.402,1INCH/USDT:USDT,0.2829,2412.0,0.2828,7083.0,0.283,3080.0,0.2831,24294.0
1753547007602,16:23:27.602,1INCH/USDT:USDT,0.2829,2414.0,0.2828,7705.0,0.283,2285.0,0.2831,24294.0
1753547008802,16:23:28.802,1INCH/USDT:USDT,0.2829,2414.0,0.2828,7083.0,0.283,2285.0,0.2831,24294.0
1753547009202,16:23:29.202,1INCH/USDT:USDT,0.2829,2414.0,0.2828,7083.0,0.283,2285.0,0.2831,24294.0
1753547010402,16:23:30.402,1INCH/USDT:USDT,0.2828,316.0,0.2827,6808.0,0.2829,2873.0,0.283,23854.0
1753547010502,16:23:30.502,1INCH/USDT:USDT,0.2828,318.0,0.2827,6808.0,0.2829,2873.0,0.283,20061.0
1753547010902,16:23:30.902,1INCH/USDT:USDT,0.2828,318.0,0.2827,6808.0,0.2829,2873.0,0.283,20061.0
1753547011302,16:23:31.302,1INCH/USDT:USDT,0.2828,318.0,0.2827,6808.0,0.2829,2873.0,0.283,20061.0
1753547011602,16:23:31.602,1INCH/USDT:USDT,0.2828,318.0,0.2827,7430.0,0.2829,2311.0,0.283,20061.0
1753547012602,16:23:32.602,1INCH/USDT:USDT,0.2828,318.0,0.2827,6808.0,0.2829,2903.0,0.283,20061.0
1753547013302,16:23:33.302,1INCH/USDT:USDT,0.2828,318.0,0.2827,6808.0,0.2829,2903.0,0.283,20061.0
1753547013402,16:23:33.402,1INCH/USDT:USDT,0.2828,318.0,0.2827,6808.0,0.2829,2903.0,0.283,20414.0
1753547014202,16:23:34.202,1INCH/USDT:USDT,0.2828,321.0,0.2827,6808.0,0.2829,2903.0,0.283,20414.0
1753547014502,16:23:34.502,1INCH/USDT:USDT,0.2828,321.0,0.2827,6808.0,0.2829,2903.0,0.283,21118.0
1753547014602,16:23:34.602,1INCH/USDT:USDT,0.2828,321.0,0.2827,6808.0,0.2829,2903.0,0.283,21118.0
1753547015902,16:23:35.902,1INCH/USDT:USDT,0.2828,322.0,0.2827,9543.0,0.2829,1114.0,0.283,20414.0
1753547016302,16:23:36.302,1INCH/USDT:USDT,0.2828,318.0,0.2827,9543.0,0.2829,1258.0,0.283,18295.0
1753547016602,16:23:36.602,1INCH/USDT:USDT,0.2828,319.0,0.2827,9543.0,0.2829,1258.0,0.283,18295.0
1753547016802,16:23:36.802,1INCH/USDT:USDT,0.2828,319.0,0.2827,9543.0,0.2829,1258.0,0.283,18295.0
1753547017302,16:23:37.302,1INCH/USDT:USDT,0.2828,319.0,0.2827,7430.0,0.2829,1258.0,0.283,18295.0
1753547017402,16:23:37.402,1INCH/USDT:USDT,0.2828,319.0,0.2827,7430.0,0.2829,1114.0,0.283,18295.0
1753547018602,16:23:38.602,1INCH/USDT:USDT,0.2828,329.0,0.2827,9543.0,0.2829,1258.0,0.283,18295.0
1753547020302,16:23:40.302,1INCH/USDT:USDT,0.2828,1618.0,0.2827,9572.0,0.2829,1358.0,0.283,18059.0
1753547020702,16:23:40.702,1INCH/USDT:USDT,0.2828,358.0,0.2827,9572.0,0.2829,2399.0,0.283,18059.0
1753547021202,16:23:41.202,1INCH/USDT:USDT,0.2828,358.0,0.2827,9572.0,0.2829,2632.0,0.283,18059.0
1753547021402,16:23:41.402,1INCH/USDT:USDT,0.2828,358.0,0.2827,7459.0,0.2829,2632.0,0.283,18059.0
1753547022302,16:23:42.302,1INCH/USDT:USDT,0.2828,358.0,0.2827,7459.0,0.2829,2488.0,0.283,18059.0
1753547024702,16:23:44.702,1INCH/USDT:USDT,0.2828,363.0,0.2827,6837.0,0.2829,3093.0,0.283,18059.0
1753547024802,16:23:44.802,1INCH/USDT:USDT,0.2828,362.0,0.2827,6837.0,0.2829,3093.0,0.283,18059.0
1753547025002,16:23:45.002,1INCH/USDT:USDT,0.2828,1003.0,0.2827,6837.0,0.2829,3093.0,0.283,18059.0
1753547025102,16:23:45.102,1INCH/USDT:USDT,0.2828,1003.0,0.2827,6837.0,0.2829,3093.0,0.283,18059.0
1753547025402,16:23:45.402,1INCH/USDT:USDT,0.2828,1004.0,0.2827,7459.0,0.2829,2499.0,0.283,18412.0
1753547026102,16:23:46.102,1INCH/USDT:USDT,0.2827,1346.0,0.2826,12356.0,0.2828,532.0,0.2829,12090.0
1753547026402,16:23:46.402,1INCH/USDT:USDT,0.2827,980.0,0.2826,12356.0,0.2828,676.0,0.2829,12091.0
1753547026502,16:23:46.502,1INCH/USDT:USDT,0.2827,980.0,0.2826,12356.0,0.2828,530.0,0.2829,12091.0
1753547026902,16:23:46.902,1INCH/USDT:USDT,0.2827,980.0,0.2826,12356.0,0.2828,674.0,0.2829,12091.0
1753547027102,16:23:47.102,1INCH/USDT:USDT,0.2827,978.0,0.2826,12356.0,0.2828,674.0,0.2829,8915.0
1753547027302,16:23:47.302,1INCH/USDT:USDT,0.2827,978.0,0.2826,12356.0,0.2828,674.0,0.2829,8915.0
1753547028202,16:23:48.202,1INCH/USDT:USDT,0.2827,978.0,0.2826,12356.0,0.2828,682.0,0.2829,8915.0
1753547028302,16:23:48.302,1INCH/USDT:USDT,0.2827,978.0,0.2826,12356.0,0.2828,682.0,0.2829,8866.0
1753547029002,16:23:49.002,1INCH/USDT:USDT,0.2827,66.0,0.2826,9360.0,0.2828,1629.0,0.2829,9219.0
1753547030002,16:23:50.002,1INCH/USDT:USDT,0.2827,67.0,0.2826,11473.0,0.2828,1629.0,0.2829,9219.0
1753547030202,16:23:50.202,1INCH/USDT:USDT,0.2827,67.0,0.2826,11473.0,0.2828,1629.0,0.2829,9219.0
1753547031602,16:23:51.602,1INCH/USDT:USDT,0.2827,89.0,0.2826,9360.0,0.2828,1810.0,0.2829,8866.0
1753547031802,16:23:51.802,1INCH/USDT:USDT,0.2827,89.0,0.2826,9360.0,0.2828,1810.0,0.2829,8866.0
1753547032002,16:23:52.002,1INCH/USDT:USDT,0.2827,1007.0,0.2826,11473.0,0.2828,1810.0,0.2829,8866.0
1753547032602,16:23:52.602,1INCH/USDT:USDT,0.2827,1007.0,0.2826,11473.0,0.2828,1810.0,0.2829,8866.0
1753547033902,16:23:53.902,1INCH/USDT:USDT,0.2827,1007.0,0.2826,11473.0,0.2828,2043.0,0.2829,8866.0
1753547034302,16:23:54.302,1INCH/USDT:USDT,0.2827,1008.0,0.2826,11473.0,0.2828,2043.0,0.2829,8866.0
1753547035102,16:23:55.102,1INCH/USDT:USDT,0.2827,1008.0,0.2826,11473.0,0.2828,2043.0,0.2829,8866.0
1753547036402,16:23:56.402,1INCH/USDT:USDT,0.2827,1014.0,0.2826,11473.0,0.2828,2043.0,0.2829,8866.0
1753547036902,16:23:56.902,1INCH/USDT:USDT,0.2827,1014.0,0.2826,11473.0,0.2828,2043.0,0.2829,10134.0
1753547039102,16:23:59.102,1INCH/USDT:USDT,0.2827,1014.0,0.2826,11473.0,0.2828,2043.0,0.2829,10134.0
1753547039502,16:23:59.502,1INCH/USDT:USDT,0.2827,2427.0,0.2826,11473.0,0.2828,2043.0,0.2829,10134.0
1753547040302,16:24:00.302,1INCH/USDT:USDT,0.2827,2427.0,0.2826,11473.0,0.2828,1125.0,0.2829,10134.0
1753547040802,16:24:00.802,1INCH/USDT:USDT,0.2827,2427.0,0.2826,11473.0,0.2828,1126.0,0.2829,10134.0
1753547040902,16:24:00.902,1INCH/USDT:USDT,0.2827,2427.0,0.2826,11490.0,0.2828,1126.0,0.2829,10134.0
1753547041002,16:24:01.002,1INCH/USDT:USDT,0.2827,2427.0,0.2826,11490.0,0.2828,1126.0,0.2829,10134.0
1753547044202,16:24:04.202,1INCH/USDT:USDT,0.2827,3062.0,0.2826,11490.0,0.2828,1101.0,0.2829,9512.0
1753547044302,16:24:04.302,1INCH/USDT:USDT,0.2827,3062.0,0.2826,11490.0,0.2828,399.0,0.2829,9512.0
1753547044702,16:24:04.702,1INCH/USDT:USDT,0.2828,912.0,0.2827,10979.0,0.2829,1052.0,0.283,22318.0
1753547045202,16:24:05.202,1INCH/USDT:USDT,0.2828,1314.0,0.2827,10979.0,0.2829,1053.0,0.283,21117.0
1753547045302,16:24:05.302,1INCH/USDT:USDT,0.2828,1314.0,0.2827,10979.0,0.2829,1053.0,0.283,21117.0
1753547046202,16:24:06.202,1INCH/USDT:USDT,0.2828,1314.0,0.2827,10979.0,0.2829,909.0,0.283,16295.0
1753547048102,16:24:08.102,1INCH/USDT:USDT,0.2828,937.0,0.2827,10956.0,0.2829,1054.0,0.283,16295.0
1753547048702,16:24:08.702,1INCH/USDT:USDT,0.2828,937.0,0.2827,10956.0,0.2829,1054.0,0.283,16295.0
1753547050002,16:24:10.002,1INCH/USDT:USDT,0.2828,937.0,0.2827,10956.0,0.2829,1054.0,0.283,16295.0
1753547050402,16:24:10.402,1INCH/USDT:USDT,0.2828,937.0,0.2827,10955.0,0.2829,1054.0,0.283,16295.0
1753547051502,16:24:11.502,1INCH/USDT:USDT,0.2828,1479.0,0.2827,10955.0,0.2829,1068.0,0.283,16295.0
1753547051602,16:24:11.602,1INCH/USDT:USDT,0.2828,1479.0,0.2827,10955.0,0.2829,254.0,0.283,16295.0
1753547051902,16:24:11.902,1INCH/USDT:USDT,0.2828,1479.0,0.2827,10955.0,0.2829,393.0,0.283,16295.0
1753547052202,16:24:12.202,1INCH/USDT:USDT,0.2828,1479.0,0.2827,10955.0,0.2829,393.0,0.283,16295.0
1753547052502,16:24:12.502,1INCH/USDT:USDT,0.2828,1479.0,0.2827,10955.0,0.2829,393.0,0.283,16295.0
1753547052602,16:24:12.602,1INCH/USDT:USDT,0.2828,1479.0,0.2827,10955.0,0.2829,393.0,0.283,16295.0
1753547054702,16:24:14.702,1INCH/USDT:USDT,0.2828,1077.0,0.2827,10955.0,0.2829,394.0,0.283,16295.0
1753547054802,16:24:14.802,1INCH/USDT:USDT,0.2828,1077.0,0.2827,10955.0,0.2829,393.0,0.283,16295.0
1753547055002,16:24:15.002,1INCH/USDT:USDT,0.2828,1077.0,0.2827,10955.0,0.2829,1708.0,0.283,16295.0
1753547056102,16:24:16.102,1INCH/USDT:USDT,0.2828,1082.0,0.2827,10942.0,0.2829,1708.0,0.283,16295.0
1753547058102,16:24:18.102,1INCH/USDT:USDT,0.2828,1082.0,0.2827,10942.0,0.2829,1475.0,0.283,16295.0
1753547058702,16:24:18.702,1INCH/USDT:USDT,0.2828,1082.0,0.2827,10942.0,0.2829,1475.0,0.283,16648.0
1753547058802,16:24:18.802,1INCH/USDT:USDT,0.2828,1082.0,0.2827,10942.0,0.2829,1475.0,0.283,16648.0
1753547059502,16:24:19.502,1INCH/USDT:USDT,0.2828,3136.0,0.2827,9523.0,0.2829,1475.0,0.283,16026.0
1753547059802,16:24:19.802,1INCH/USDT:USDT,0.2828,2501.0,0.2827,9523.0,0.2829,1475.0,0.283,16648.0
1753547062502,16:24:22.502,1INCH/USDT:USDT,0.2828,1585.0,0.2827,8901.0,0.2829,2316.0,0.283,16648.0
1753547063002,16:24:23.002,1INCH/USDT:USDT,0.2828,1585.0,0.2827,8901.0,0.2829,2316.0,0.283,16648.0
1753547065602,16:24:25.602,1INCH/USDT:USDT,0.2828,1774.0,0.2827,9876.0,0.2829,2301.0,0.283,16648.0
1753547066402,16:24:26.402,1INCH/USDT:USDT,0.2828,4206.0,0.2827,9254.0,0.2829,2339.0,0.283,16648.0
1753547066602,16:24:26.602,1INCH/USDT:USDT,0.2828,4206.0,0.2827,9876.0,0.2829,2339.0,0.283,16648.0
1753547067402,16:24:27.402,1INCH/USDT:USDT,0.2828,4239.0,0.2827,9876.0,0.2829,1745.0,0.283,16648.0
1753547067602,16:24:27.602,1INCH/USDT:USDT,0.2828,4249.0,0.2827,9876.0,0.2829,1512.0,0.283,16648.0
1753547068302,16:24:28.302,1INCH/USDT:USDT,0.2828,3750.0,0.2827,9732.0,0.2829,2632.0,0.283,16648.0
1753547068402,16:24:28.402,1INCH/USDT:USDT,0.2828,3750.0,0.2827,9110.0,0.2829,3226.0,0.283,16648.0
1753547069202,16:24:29.202,1INCH/USDT:USDT,0.2828,3750.0,0.2827,9110.0,0.2829,3226.0,0.283,16648.0
1753547069402,16:24:29.402,1INCH/USDT:USDT,0.2828,3750.0,0.2827,9732.0,0.2829,2399.0,0.283,16648.0
1753547069502,16:24:29.502,1INCH/USDT:USDT,0.2828,3750.0,0.2827,9732.0,0.2829,1512.0,0.283,16648.0
1753547069702,16:24:29.702,1INCH/USDT:USDT,0.2828,3750.0,0.2827,9732.0,0.2829,1512.0,0.283,16648.0
1753547072102,16:24:32.102,1INCH/USDT:USDT,0.2828,5360.0,0.2827,12566.0,0.2829,1511.0,0.283,16295.0
1753547072902,16:24:32.902,1INCH/USDT:USDT,0.2829,1139.0,0.2828,10729.0,0.283,509.0,0.2831,18676.0
1753547076002,16:24:36.002,1INCH/USDT:USDT,0.283,1598.0,0.2829,11624.0,0.2831,540.0,0.2832,19051.0
1753547076502,16:24:36.502,1INCH/USDT:USDT,0.283,4252.0,0.2829,11266.0,0.2831,540.0,0.2832,17358.0
1753547076702,16:24:36.702,1INCH/USDT:USDT,0.283,4019.0,0.2829,11266.0,0.2831,684.0,0.2832,14147.0
1753547076902,16:24:36.902,1INCH/USDT:USDT,0.283,4019.0,0.2829,11266.0,0.2831,684.0,0.2832,14147.0
1753547077602,16:24:37.602,1INCH/USDT:USDT,0.283,3139.0,0.2829,9754.0,0.2831,1564.0,0.2832,13794.0
1753547081202,16:24:41.202,1INCH/USDT:USDT,0.283,3133.0,0.2829,9401.0,0.2831,2193.0,0.2832,13794.0
1753547081802,16:24:41.802,1INCH/USDT:USDT,0.283,3133.0,0.2829,9401.0,0.2831,1379.0,0.2832,13794.0
1753547082202,16:24:42.202,1INCH/USDT:USDT,0.283,3133.0,0.2829,9401.0,0.2831,1379.0,0.2832,13794.0
1753547082402,16:24:42.402,1INCH/USDT:USDT,0.283,3133.0,0.2829,9401.0,0.2831,1379.0,0.2832,13794.0
1753547082502,16:24:42.502,1INCH/USDT:USDT,0.283,3133.0,0.2829,9401.0,0.2831,1379.0,0.2832,13794.0
1753547082702,16:24:42.702,1INCH/USDT:USDT,0.283,3133.0,0.2829,9401.0,0.2831,1379.0,0.2832,13794.0
1753547082802,16:24:42.802,1INCH/USDT:USDT,0.283,3133.0,0.2829,9401.0,0.2831,1379.0,0.2832,13794.0
1753547084302,16:24:44.302,1INCH/USDT:USDT,0.283,3138.0,0.2829,9401.0,0.2831,1370.0,0.2832,13794.0
1753547084402,16:24:44.402,1INCH/USDT:USDT,0.283,3620.0,0.2829,9754.0,0.2831,1224.0,0.2832,13794.0
1753547084502,16:24:44.502,1INCH/USDT:USDT,0.283,3620.0,0.2829,9754.0,0.2831,1224.0,0.2832,13794.0
1753547086302,16:24:46.302,1INCH/USDT:USDT,0.283,3135.0,0.2829,9401.0,0.2831,1222.0,0.2832,13794.0
1753547087102,16:24:47.102,1INCH/USDT:USDT,0.283,3135.0,0.2829,9401.0,0.2831,1222.0,0.2832,13794.0
1753547088702,16:24:48.702,1INCH/USDT:USDT,0.283,3135.0,0.2829,9520.0,0.2831,1456.0,0.2832,13794.0
1753547089802,16:24:49.802,1INCH/USDT:USDT,0.283,3135.0,0.2829,9520.0,0.2831,1456.0,0.2832,13794.0
1753547090102,16:24:50.102,1INCH/USDT:USDT,0.283,3274.0,0.2829,9520.0,0.2831,1456.0,0.2832,13794.0
1753547090702,16:24:50.702,1INCH/USDT:USDT,0.283,3274.0,0.2829,9520.0,0.2831,1222.0,0.2832,13794.0
1753547091402,16:24:51.402,1INCH/USDT:USDT,0.283,3274.0,0.2829,9520.0,0.2831,1222.0,0.2832,13794.0
1753547091502,16:24:51.502,1INCH/USDT:USDT,0.283,3274.0,0.2829,9520.0,0.2831,1222.0,0.2832,13794.0
1753547092102,16:24:52.102,1INCH/USDT:USDT,0.283,3274.0,0.2829,9520.0,0.2831,1456.0,0.2832,13794.0
1753547092302,16:24:52.302,1INCH/USDT:USDT,0.283,3274.0,0.2829,9520.0,0.2831,1456.0,0.2832,13794.0
1753547095102,16:24:55.102,1INCH/USDT:USDT,0.283,3274.0,0.2829,9520.0,0.2831,3054.0,0.2832,13794.0
1753547096802,16:24:56.802,1INCH/USDT:USDT,0.283,3274.0,0.2829,7407.0,0.2831,3054.0,0.2832,13794.0
1753547101102,16:25:01.102,1INCH/USDT:USDT,0.283,5942.0,0.2829,5649.0,0.2831,871.0,0.2832,17732.0
1753547101202,16:25:01.202,1INCH/USDT:USDT,0.283,5943.0,0.2829,9978.0,0.2831,1178.0,0.2832,13794.0
1753547102202,16:25:02.202,1INCH/USDT:USDT,0.283,5802.0,0.2829,9978.0,0.2831,1749.0,0.2832,15561.0
1753547103802,16:25:03.802,1INCH/USDT:USDT,0.2831,24.0,0.283,13125.0,0.2832,3531.0,0.2833,20071.0
1753547104402,16:25:04.402,1INCH/USDT:USDT,0.2831,23.0,0.283,12517.0,0.2832,5402.0,0.2833,19718.0
1753547105002,16:25:05.002,1INCH/USDT:USDT,0.283,2836.0,0.2829,10977.0,0.2831,2754.0,0.2832,20388.0
1753547105702,16:25:05.702,1INCH/USDT:USDT,0.2829,37.0,0.2828,9322.0,0.283,3067.0,0.2831,17143.0
1753547106002,16:25:06.002,1INCH/USDT:USDT,0.2829,37.0,0.2828,8463.0,0.283,4067.0,0.2831,15377.0
1753547106702,16:25:06.702,1INCH/USDT:USDT,0.2827,920.0,0.2826,14464.0,0.2828,670.0,0.2829,4001.0
1753547107002,16:25:07.002,1INCH/USDT:USDT,0.2827,920.0,0.2826,14817.0,0.2828,1000.0,0.2829,4609.0
1753547107302,16:25:07.302,1INCH/USDT:USDT,0.2827,920.0,0.2826,14464.0,0.2828,1000.0,0.2829,4609.0
1753547108102,16:25:08.102,1INCH/USDT:USDT,0.2827,920.0,0.2826,11998.0,0.2828,1001.0,0.2829,4609.0
1753547108802,16:25:08.802,1INCH/USDT:USDT,0.2827,920.0,0.2826,13723.0,0.2828,1000.0,0.2829,8285.0
1753547109802,16:25:09.802,1INCH/USDT:USDT,0.2827,920.0,0.2826,13723.0,0.2828,1000.0,0.2829,5634.0
1753547111502,16:25:11.502,1INCH/USDT:USDT,0.2827,920.0,0.2826,13723.0,0.2828,1100.0,0.2829,6242.0
1753547113102,16:25:13.102,1INCH/USDT:USDT,0.2827,920.0,0.2826,10507.0,0.2828,1935.0,0.2829,7609.0
1753547113202,16:25:13.202,1INCH/USDT:USDT,0.2827,920.0,0.2826,10507.0,0.2828,1935.0,0.2829,7609.0
1753547113702,16:25:13.702,1INCH/USDT:USDT,0.2827,920.0,0.2826,13370.0,0.2828,1179.0,0.2829,6242.0
1753547113802,16:25:13.802,1INCH/USDT:USDT,0.2827,920.0,0.2826,12762.0,0.2828,1179.0,0.2829,6242.0
1753547114002,16:25:14.002,1INCH/USDT:USDT,0.2827,920.0,0.2826,11115.0,0.2828,1179.0,0.2829,7605.0
1753547114102,16:25:14.102,1INCH/USDT:USDT,0.2826,6160.0,0.2825,18994.0,0.2828,2316.0,0.2829,8057.0
1753547114602,16:25:14.602,1INCH/USDT:USDT,0.2827,912.0,0.2826,8784.0,0.2828,2062.0,0.2829,9751.0
1753547115902,16:25:15.902,1INCH/USDT:USDT,0.2826,4248.0,0.2825,16827.0,0.2828,4815.0,0.2829,9751.0
1753547117202,16:25:17.202,1INCH/USDT:USDT,0.2826,4476.0,0.2825,17179.0,0.2828,4207.0,0.2829,9143.0
1753547117702,16:25:17.702,1INCH/USDT:USDT,0.2827,911.0,0.2826,8983.0,0.2828,2234.0,0.2829,9751.0
1753547118602,16:25:18.602,1INCH/USDT:USDT,0.2827,911.0,0.2826,8983.0,0.2828,2234.0,0.2829,9751.0
1753547118802,16:25:18.802,1INCH/USDT:USDT,0.2827,911.0,0.2826,8983.0,0.2828,2234.0,0.2829,9751.0
1753547119802,16:25:19.802,1INCH/USDT:USDT,0.2827,1748.0,0.2826,10861.0,0.2828,2092.0,0.2829,7506.0
1753547121102,16:25:21.102,1INCH/USDT:USDT,0.2827,1892.0,0.2826,10861.0,0.2828,2091.0,0.2829,7506.0
1753547121402,16:25:21.402,1INCH/USDT:USDT,0.2827,4457.0,0.2826,10861.0,0.2828,2107.0,0.2829,7506.0
1753547122202,16:25:22.202,1INCH/USDT:USDT,0.2827,3849.0,0.2826,10861.0,0.2828,2107.0,0.2829,8114.0
1753547123902,16:25:23.902,1INCH/USDT:USDT,0.2827,4478.0,0.2826,10861.0,0.2828,2172.0,0.2829,8114.0
1753547125002,16:25:25.002,1INCH/USDT:USDT,0.2827,3643.0,0.2826,11214.0,0.2828,2172.0,0.2829,8114.0
1753547125102,16:25:25.102,1INCH/USDT:USDT,0.2827,3643.0,0.2826,11214.0,0.2828,2172.0,0.2829,8114.0
1753547125302,16:25:25.302,1INCH/USDT:USDT,0.2827,3643.0,0.2826,11214.0,0.2828,2406.0,0.2829,8114.0
1753547125802,16:25:25.802,1INCH/USDT:USDT,0.2827,3643.0,0.2826,10606.0,0.2828,3014.0,0.2829,8114.0
1753547128402,16:25:28.402,1INCH/USDT:USDT,0.2828,903.0,0.2827,11261.0,0.2829,1884.0,0.283,15471.0
1753547128802,16:25:28.802,1INCH/USDT:USDT,0.2827,6039.0,0.2826,10606.0,0.2829,3018.0,0.283,15471.0
1753547129402,16:25:29.402,1INCH/USDT:USDT,0.2827,5811.0,0.2826,10606.0,0.2829,3018.0,0.283,17414.0
1753547129502,16:25:29.502,1INCH/USDT:USDT,0.2827,5878.0,0.2826,10606.0,0.2829,6820.0,0.283,17414.0
1753547130002,16:25:30.002,1INCH/USDT:USDT,0.2827,2801.0,0.2826,8493.0,0.2828,1683.0,0.2829,8666.0
1753547130402,16:25:30.402,1INCH/USDT:USDT,0.2827,2801.0,0.2826,8493.0,0.2828,1683.0,0.2829,10481.0
1753547132902,16:25:32.902,1INCH/USDT:USDT,0.2827,2801.0,0.2826,8493.0,0.2828,1683.0,0.2829,10481.0
1753547133302,16:25:33.302,1INCH/USDT:USDT,0.2827,2800.0,0.2826,8493.0,0.2828,2289.0,0.2829,10481.0
1753547133602,16:25:33.602,1INCH/USDT:USDT,0.2827,3059.0,0.2826,8493.0,0.2828,1682.0,0.2829,10481.0
1753547134002,16:25:34.002,1INCH/USDT:USDT,0.2827,3071.0,0.2826,8493.0,0.2828,2291.0,0.2829,10481.0
1753547134202,16:25:34.202,1INCH/USDT:USDT,0.2827,3071.0,0.2826,8493.0,0.2828,1683.0,0.2829,8937.0
1753547136002,16:25:36.002,1INCH/USDT:USDT,0.2826,926.0,0.2825,14178.0,0.2827,2592.0,0.2828,19412.0
1753547136802,16:25:36.802,1INCH/USDT:USDT,0.2826,215.0,0.2825,15004.0,0.2827,2592.0,0.2828,18727.0
1753547138702,16:25:38.702,1INCH/USDT:USDT,0.2826,250.0,0.2825,15612.0,0.2827,2588.0,0.2828,18727.0
1753547141302,16:25:41.302,1INCH/USDT:USDT,0.2826,208.0,0.2825,14474.0,0.2827,3548.0,0.2828,19243.0
1753547141802,16:25:41.802,1INCH/USDT:USDT,0.2826,208.0,0.2825,14105.0,0.2827,4548.0,0.2828,20302.0
1753547142702,16:25:42.702,1INCH/USDT:USDT,0.2826,208.0,0.2825,14105.0,0.2827,4585.0,0.2828,20302.0
1753547142802,16:25:42.802,1INCH/USDT:USDT,0.2826,208.0,0.2825,14105.0,0.2827,3977.0,0.2828,20302.0
1753547144102,16:25:44.102,1INCH/USDT:USDT,0.2826,208.0,0.2825,14105.0,0.2827,4566.0,0.2828,20302.0
1753547145102,16:25:45.102,1INCH/USDT:USDT,0.2826,208.0,0.2825,14713.0,0.2827,3921.0,0.2828,19243.0
1753547145702,16:25:45.702,1INCH/USDT:USDT,0.2826,208.0,0.2825,14713.0,0.2827,3299.0,0.2828,19243.0
1753547145802,16:25:45.802,1INCH/USDT:USDT,0.2826,208.0,0.2825,14105.0,0.2827,3527.0,0.2828,19243.0
1753547146802,16:25:46.802,1INCH/USDT:USDT,0.2826,208.0,0.2825,14105.0,0.2827,4137.0,0.2828,20288.0
1753547147202,16:25:47.202,1INCH/USDT:USDT,0.2825,8127.0,0.2824,7520.0,0.2826,2304.0,0.2827,17928.0
1753547147302,16:25:47.302,1INCH/USDT:USDT,0.2825,8127.0,0.2824,7520.0,0.2826,2304.0,0.2827,17928.0
1753547147402,16:25:47.402,1INCH/USDT:USDT,0.2825,8127.0,0.2824,7520.0,0.2826,2304.0,0.2827,17928.0
1753547147602,16:25:47.602,1INCH/USDT:USDT,0.2825,8127.0,0.2824,10595.0,0.2826,1468.0,0.2827,17928.0
1753547148502,16:25:48.502,1INCH/USDT:USDT,0.2825,8125.0,0.2824,11654.0,0.2826,1705.0,0.2827,12651.0
1753547148802,16:25:48.802,1INCH/USDT:USDT,0.2825,8125.0,0.2824,11654.0,0.2826,1477.0,0.2827,12651.0
1753547148902,16:25:48.902,1INCH/USDT:USDT,0.2825,8125.0,0.2824,11654.0,0.2826,1705.0,0.2827,12651.0
1753547149702,16:25:49.702,1INCH/USDT:USDT,0.2825,8139.0,0.2824,11654.0,0.2826,563.0,0.2827,12649.0
1753547149802,16:25:49.802,1INCH/USDT:USDT,0.2825,8139.0,0.2824,11654.0,0.2826,705.0,0.2827,12649.0
1753547150402,16:25:50.402,1INCH/USDT:USDT,0.2825,8139.0,0.2824,11654.0,0.2826,705.0,0.2827,12649.0
1753547150602,16:25:50.602,1INCH/USDT:USDT,0.2825,8139.0,0.2824,11654.0,0.2826,705.0,0.2827,12649.0
1753547150702,16:25:50.702,1INCH/USDT:USDT,0.2825,8139.0,0.2824,11654.0,0.2826,705.0,0.2827,12649.0
1753547151602,16:25:51.602,1INCH/USDT:USDT,0.2825,8139.0,0.2824,11654.0,0.2826,933.0,0.2827,12649.0
1753547151902,16:25:51.902,1INCH/USDT:USDT,0.2825,8139.0,0.2824,9633.0,0.2826,2447.0,0.2827,12649.0
1753547153002,16:25:53.002,1INCH/USDT:USDT,0.2825,8139.0,0.2824,10241.0,0.2826,2447.0,0.2827,12649.0
1753547153102,16:25:53.102,1INCH/USDT:USDT,0.2825,8139.0,0.2824,10241.0,0.2826,1839.0,0.2827,12649.0
1753547153202,16:25:53.202,1INCH/USDT:USDT,0.2825,8139.0,0.2824,10241.0,0.2826,1851.0,0.2827,12649.0
1753547153502,16:25:53.502,1INCH/USDT:USDT,0.2825,8139.0,0.2824,10241.0,0.2826,945.0,0.2827,12649.0
1753547154602,16:25:54.602,1INCH/USDT:USDT,0.2825,8975.0,0.2824,10241.0,0.2826,575.0,0.2827,12649.0
1753547155102,16:25:55.102,1INCH/USDT:USDT,0.2825,8975.0,0.2824,10241.0,0.2826,715.0,0.2827,12649.0
1753547155202,16:25:55.202,1INCH/USDT:USDT,0.2825,8976.0,0.2824,10241.0,0.2826,715.0,0.2827,12649.0
1753547155702,16:25:55.702,1INCH/USDT:USDT,0.2825,8368.0,0.2824,12115.0,0.2826,715.0,0.2827,12649.0
1753547157402,16:25:57.402,1INCH/USDT:USDT,0.2825,8139.0,0.2824,9184.0,0.2826,716.0,0.2827,12649.0
1753547158202,16:25:58.202,1INCH/USDT:USDT,0.2825,9013.0,0.2824,10482.0,0.2826,576.0,0.2827,12649.0
1753547158602,16:25:58.602,1INCH/USDT:USDT,0.2825,9013.0,0.2824,10482.0,0.2826,576.0,0.2827,12649.0
1753547161902,16:26:01.902,1INCH/USDT:USDT,0.2825,8177.0,0.2824,10499.0,0.2826,1009.0,0.2827,12649.0
1753547162802,16:26:02.802,1INCH/USDT:USDT,0.2825,8177.0,0.2824,10499.0,0.2826,781.0,0.2827,12649.0
1753547164202,16:26:04.202,1INCH/USDT:USDT,0.2825,8176.0,0.2824,8025.0,0.2826,2504.0,0.2827,15523.0
1753547164502,16:26:04.502,1INCH/USDT:USDT,0.2825,8176.0,0.2824,8025.0,0.2826,3504.0,0.2827,15523.0
1753547165102,16:26:05.102,1INCH/USDT:USDT,0.2824,19.0,0.2823,6269.0,0.2825,3443.0,0.2826,18043.0
1753547165402,16:26:05.402,1INCH/USDT:USDT,0.2824,19.0,0.2823,6269.0,0.2825,3443.0,0.2826,18651.0
1753547165502,16:26:05.502,1INCH/USDT:USDT,0.2824,19.0,0.2823,6269.0,0.2825,3443.0,0.2826,18651.0
1753547166902,16:26:06.902,1INCH/USDT:USDT,0.2824,19.0,0.2823,6269.0,0.2825,3443.0,0.2826,18713.0
1753547167102,16:26:07.102,1INCH/USDT:USDT,0.2824,19.0,0.2823,6269.0,0.2825,3443.0,0.2826,18713.0
1753547170102,16:26:10.102,1INCH/USDT:USDT,0.2824,919.0,0.2823,8990.0,0.2825,1787.0,0.2826,15987.0
1753547172102,16:26:12.102,1INCH/USDT:USDT,0.2824,920.0,0.2823,9411.0,0.2825,896.0,0.2826,13198.0
1753547173902,16:26:13.902,1INCH/USDT:USDT,0.2824,1756.0,0.2823,9769.0,0.2825,1627.0,0.2826,12578.0
1753547174202,16:26:14.202,1INCH/USDT:USDT,0.2824,1148.0,0.2823,10477.0,0.2825,1627.0,0.2826,12578.0
1753547175502,16:26:15.502,1INCH/USDT:USDT,0.2824,1756.0,0.2823,10831.0,0.2825,1490.0,0.2826,12578.0
1753547176502,16:26:16.502,1INCH/USDT:USDT,0.2824,1756.0,0.2823,10831.0,0.2825,1490.0,0.2826,12578.0
1753547177102,16:26:17.102,1INCH/USDT:USDT,0.2824,1148.0,0.2823,10831.0,0.2825,1490.0,0.2826,13186.0
1753547178102,16:26:18.102,1INCH/USDT:USDT,0.2824,1308.0,0.2823,10831.0,0.2825,1490.0,0.2826,13186.0
1753547178402,16:26:18.402,1INCH/USDT:USDT,0.2824,1308.0,0.2823,10831.0,0.2825,1490.0,0.2826,13186.0
1753547179502,16:26:19.502,1INCH/USDT:USDT,0.2825,884.0,0.2824,12411.0,0.2826,1085.0,0.2827,14802.0
1753547180002,16:26:20.002,1INCH/USDT:USDT,0.2825,886.0,0.2824,10551.0,0.2826,375.0,0.2827,16617.0
1753547180102,16:26:20.102,1INCH/USDT:USDT,0.2825,886.0,0.2824,10551.0,0.2826,375.0,0.2827,16617.0
1753547181702,16:26:21.702,1INCH/USDT:USDT,0.2825,886.0,0.2824,10323.0,0.2826,1613.0,0.2827,15349.0
1753547181902,16:26:21.902,1INCH/USDT:USDT,0.2825,886.0,0.2824,10323.0,0.2826,2208.0,0.2827,15349.0
1753547182002,16:26:22.002,1INCH/USDT:USDT,0.2825,885.0,0.2824,9715.0,0.2826,2208.0,0.2827,14819.0
1753547182302,16:26:22.302,1INCH/USDT:USDT,0.2825,885.0,0.2824,7602.0,0.2826,2436.0,0.2827,14819.0
