timestamp,time,exchange,symbol,bid1_price,bid1_volume,bid2_price,bid2_volume,ask1_price,ask1_volume,ask2_price,ask2_volume
1753591884302,04:51:24.302,binance,ACE/USDT:USDT,0.5848,390.66,0.5847,265.01,0.5851,31.89,0.5852,433.97
1753591885387,04:51:25.387,binance,ACE/USDT:USDT,0.5848,390.66,0.5847,265.01,0.5851,31.89,0.5852,433.97
1753591885902,04:51:25.902,binance,ACE/USDT:USDT,0.5848,390.66,0.5847,265.01,0.5851,31.89,0.5852,433.97
1753591886042,04:51:26.042,binance,ACE/USDT:USDT,0.5848,170.96,0.5847,217.71,0.585,200.42,0.5851,223.38
1753591887802,04:51:27.802,binance,ACE/USDT:USDT,0.5848,170.96,0.5847,217.71,0.585,200.42,0.5851,223.38
1753591889002,04:51:29.002,binance,ACE/USDT:USDT,0.5848,170.96,0.5847,217.71,0.585,200.42,0.5851,223.38
1753591889138,04:51:29.138,binance,ACE/USDT:USDT,0.5848,182.26,0.5847,217.71,0.585,234.62,0.5851,223.38
1753591889621,04:51:29.621,binance,ACE/USDT:USDT,0.5848,182.26,0.5847,217.71,0.585,234.62,0.5851,223.38
1753591890375,04:51:30.375,binance,ACE/USDT:USDT,0.5848,216.46,0.5847,217.71,0.585,234.62,0.5851,223.38
1753591890618,04:51:30.618,binance,ACE/USDT:USDT,0.5848,182.26,0.5847,217.71,0.585,234.62,0.5851,223.38
1753591891202,04:51:31.202,binance,ACE/USDT:USDT,0.5848,216.46,0.5847,217.71,0.585,200.42,0.5851,257.58
1753591891357,04:51:31.357,binance,ACE/USDT:USDT,0.5848,216.46,0.5847,217.71,0.5851,257.58,0.5852,515.35
1753591891462,04:51:31.462,binance,ACE/USDT:USDT,0.5848,182.26,0.5847,217.71,0.585,200.42,0.5851,257.58
1753591891633,04:51:31.633,binance,ACE/USDT:USDT,0.5848,182.26,0.5847,217.71,0.585,200.42,0.5851,257.58
1753591891760,04:51:31.760,binance,ACE/USDT:USDT,0.5848,231.14,0.5847,217.71,0.585,200.42,0.5851,257.58
1753591892041,04:51:32.041,binance,ACE/USDT:USDT,0.5848,231.14,0.5847,217.71,0.5851,223.38,0.5852,549.55
1753591892143,04:51:32.143,binance,ACE/USDT:USDT,0.5848,231.14,0.5847,217.71,0.5851,257.58,0.5852,549.55
1753591892302,04:51:32.302,binance,ACE/USDT:USDT,0.5846,309.56,0.5845,449.72,0.585,426.12,0.5851,428.56
1753591892407,04:51:32.407,binance,ACE/USDT:USDT,0.5848,77.65,0.5847,200.42,0.585,426.12,0.5851,861.31
1753591892508,04:51:32.508,binance,ACE/USDT:USDT,0.5848,77.65,0.5847,200.42,0.585,426.12,0.5851,690.33
1753591892636,04:51:32.636,binance,ACE/USDT:USDT,0.5848,77.65,0.5847,200.42,0.585,426.12,0.5851,690.33
1753591892857,04:51:32.857,binance,ACE/USDT:USDT,0.5848,77.65,0.5847,200.42,0.585,426.12,0.5851,690.33
1753591892987,04:51:32.987,binance,ACE/USDT:USDT,0.5848,77.65,0.5847,200.42,0.585,426.12,0.5851,690.33
1753591893180,04:51:33.180,binance,ACE/USDT:USDT,0.5847,585.24,0.5846,390.93,0.585,398.01,0.5851,690.33
1753591893299,04:51:33.299,binance,ACE/USDT:USDT,0.5847,585.24,0.5846,390.93,0.585,398.01,0.5851,690.33
1753591893405,04:51:33.405,binance,ACE/USDT:USDT,0.5847,585.24,0.5846,390.93,0.585,398.01,0.5851,690.33
1753591894273,04:51:34.273,binance,ACE/USDT:USDT,0.5847,585.24,0.5846,390.93,0.585,398.01,0.5851,690.33
1753591894428,04:51:34.428,binance,ACE/USDT:USDT,0.5847,585.24,0.5846,390.93,0.585,398.01,0.5851,690.33
1753591895102,04:51:35.102,binance,ACE/USDT:USDT,0.5847,585.24,0.5846,390.93,0.585,363.8,0.5851,656.13
1753591895209,04:51:35.209,binance,ACE/USDT:USDT,0.5847,585.24,0.5846,390.93,0.585,363.8,0.5851,656.13
1753591895433,04:51:35.433,binance,ACE/USDT:USDT,0.5847,585.24,0.5846,390.93,0.585,363.8,0.5851,690.33
1753591895801,04:51:35.801,binance,ACE/USDT:USDT,0.5847,585.24,0.5846,390.93,0.585,363.8,0.5851,690.33
1753591897402,04:51:37.402,binance,ACE/USDT:USDT,0.5847,585.24,0.5846,390.93,0.585,363.8,0.5851,690.33
1753591898002,04:51:38.002,binance,ACE/USDT:USDT,0.5847,585.24,0.5846,390.93,0.585,363.8,0.5851,690.33
1753591898251,04:51:38.251,binance,ACE/USDT:USDT,0.5847,585.24,0.5846,390.93,0.585,363.8,0.5851,690.33
1753591898533,04:51:38.533,binance,ACE/USDT:USDT,0.5847,585.24,0.5846,390.93,0.585,398.0,0.5851,690.33
1753591898637,04:51:38.637,binance,ACE/USDT:USDT,0.5847,585.24,0.5846,390.93,0.585,398.0,0.5851,690.33
1753591898937,04:51:38.937,binance,ACE/USDT:USDT,0.5847,200.42,0.5846,138.59,0.585,398.0,0.5851,861.31
1753591899157,04:51:39.157,binance,ACE/USDT:USDT,0.5847,200.42,0.5846,138.59,0.585,398.0,0.5851,861.31
1753591899723,04:51:39.723,binance,ACE/USDT:USDT,0.5849,200.42,0.5848,189.77,0.5851,31.89,0.5852,893.77
1753591900183,04:51:40.183,binance,ACE/USDT:USDT,0.5849,200.42,0.5848,189.77,0.5851,31.89,0.5852,893.77
1753591900285,04:51:40.285,binance,ACE/USDT:USDT,0.5849,200.42,0.5848,189.77,0.5851,31.89,0.5852,893.77
1753591900397,04:51:40.397,binance,ACE/USDT:USDT,0.5849,200.42,0.5848,189.77,0.5851,31.89,0.5852,893.77
1753591900802,04:51:40.802,binance,ACE/USDT:USDT,0.5849,200.42,0.5848,189.77,0.5851,31.89,0.5852,893.77
1753591900937,04:51:40.937,binance,ACE/USDT:USDT,0.5849,200.42,0.5848,189.77,0.5851,31.89,0.5852,893.77
1753591901402,04:51:41.402,binance,ACE/USDT:USDT,0.5849,200.42,0.5848,189.77,0.5851,31.89,0.5852,893.77
1753591902002,04:51:42.002,binance,ACE/USDT:USDT,0.5849,200.42,0.5848,189.77,0.5851,31.89,0.5852,893.77
1753591902108,04:51:42.108,binance,ACE/USDT:USDT,0.5849,200.42,0.5848,189.77,0.5851,31.89,0.5852,927.96
1753591902603,04:51:42.603,binance,ACE/USDT:USDT,0.5849,200.42,0.5848,189.77,0.5851,31.89,0.5852,927.96
1753591902833,04:51:42.833,binance,ACE/USDT:USDT,0.5849,200.42,0.5848,189.77,0.5851,31.89,0.5852,927.96
1753591903078,04:51:43.078,binance,ACE/USDT:USDT,0.5849,200.42,0.5848,189.77,0.5851,31.89,0.5852,927.96
1753591903202,04:51:43.202,binance,ACE/USDT:USDT,0.5849,200.42,0.5848,189.77,0.5851,31.89,0.5852,927.96
1753591903433,04:51:43.433,binance,ACE/USDT:USDT,0.5849,200.42,0.5848,189.77,0.5851,66.08,0.5852,927.96
1753591903787,04:51:43.787,binance,ACE/USDT:USDT,0.5849,200.42,0.5848,189.77,0.5851,66.08,0.5852,927.96
1753591904302,04:51:44.302,binance,ACE/USDT:USDT,0.5849,200.42,0.5848,189.77,0.5851,66.08,0.5852,927.96
1753591904887,04:51:44.887,binance,ACE/USDT:USDT,0.5849,200.42,0.5848,189.77,0.5851,66.08,0.5852,927.96
1753591905001,04:51:45.001,binance,ACE/USDT:USDT,0.5849,200.42,0.5848,189.77,0.5851,66.08,0.5852,927.96
1753591905397,04:51:45.397,binance,ACE/USDT:USDT,0.5849,200.42,0.5848,189.77,0.5851,66.08,0.5852,927.96
1753591905502,04:51:45.502,binance,ACE/USDT:USDT,0.5849,200.42,0.5848,189.77,0.5851,66.08,0.5852,927.96
1753591905902,04:51:45.902,binance,ACE/USDT:USDT,0.5849,200.42,0.5848,189.77,0.5851,66.08,0.5852,927.96
1753591906502,04:51:46.502,binance,ACE/USDT:USDT,0.5849,200.42,0.5848,189.77,0.5851,66.08,0.5852,927.96
1753591906733,04:51:46.733,binance,ACE/USDT:USDT,0.5849,200.42,0.5848,189.77,0.5851,66.08,0.5852,927.96
1753591907201,04:51:47.201,binance,ACE/USDT:USDT,0.5849,200.42,0.5848,189.77,0.5851,66.08,0.5852,927.96
1753591908202,04:51:48.202,binance,ACE/USDT:USDT,0.5849,200.42,0.5848,189.77,0.5851,66.08,0.5852,927.96
1753591908802,04:51:48.802,binance,ACE/USDT:USDT,0.5849,200.42,0.5848,189.77,0.5851,66.08,0.5852,927.96
1753591908917,04:51:48.917,binance,ACE/USDT:USDT,0.5849,200.42,0.5848,189.77,0.5851,66.08,0.5852,927.96
1753591909227,04:51:49.227,binance,ACE/USDT:USDT,0.5849,200.42,0.5848,189.77,0.5851,66.08,0.5852,927.96
1753591909402,04:51:49.402,binance,ACE/USDT:USDT,0.5849,200.42,0.5848,189.77,0.5851,66.08,0.5852,927.96
1753591909513,04:51:49.513,binance,ACE/USDT:USDT,0.5849,200.42,0.5848,189.77,0.5851,66.08,0.5852,927.96
1753591909997,04:51:49.997,binance,ACE/USDT:USDT,0.5849,200.42,0.5848,189.77,0.5851,66.08,0.5852,927.96
1753591910109,04:51:50.109,binance,ACE/USDT:USDT,0.5849,200.42,0.5848,189.77,0.5851,66.08,0.5852,927.96
1753591910502,04:51:50.502,binance,ACE/USDT:USDT,0.5849,200.42,0.5848,189.77,0.5851,66.08,0.5852,927.96
1753591911102,04:51:51.102,binance,ACE/USDT:USDT,0.5849,200.42,0.5848,189.77,0.5851,66.08,0.5852,927.96
1753591911302,04:51:51.302,binance,ACE/USDT:USDT,0.5848,189.77,0.5847,271.37,0.5851,66.08,0.5852,846.56
1753591911407,04:51:51.407,binance,ACE/USDT:USDT,0.5848,189.77,0.5847,271.37,0.5851,66.08,0.5852,846.56
1753591911607,04:51:51.607,binance,ACE/USDT:USDT,0.5848,189.77,0.5847,271.37,0.5851,66.08,0.5852,846.56
1753591911830,04:51:51.830,binance,ACE/USDT:USDT,0.5847,81.6,0.5846,1061.16,0.585,200.42,0.5851,289.65
1753591911952,04:51:51.952,binance,ACE/USDT:USDT,0.5848,200.42,0.5847,189.39,0.585,234.62,0.5851,289.65
1753591912089,04:51:52.089,binance,ACE/USDT:USDT,0.5848,200.42,0.5847,189.39,0.585,34.2,0.5851,255.47
1753591912196,04:51:52.196,binance,ACE/USDT:USDT,0.5848,200.42,0.5847,189.39,0.585,34.2,0.5851,255.47
1753591912802,04:51:52.802,binance,ACE/USDT:USDT,0.5848,200.42,0.5847,189.39,0.585,34.2,0.5851,255.47
1753591913187,04:51:53.187,binance,ACE/USDT:USDT,0.5848,200.42,0.5847,189.39,0.585,34.2,0.5851,255.47
1753591913297,04:51:53.297,binance,ACE/USDT:USDT,0.5848,200.42,0.5847,189.39,0.585,34.2,0.5851,255.47
1753591913902,04:51:53.902,binance,ACE/USDT:USDT,0.5848,200.42,0.5847,189.39,0.585,34.2,0.5851,255.47
1753591914005,04:51:54.005,binance,ACE/USDT:USDT,0.5848,200.42,0.5847,189.39,0.585,34.2,0.5851,255.47
1753591914302,04:51:54.302,binance,ACE/USDT:USDT,0.5848,200.42,0.5847,189.39,0.585,34.2,0.5851,255.47
1753591914405,04:51:54.405,binance,ACE/USDT:USDT,0.5848,200.42,0.5847,189.39,0.585,34.2,0.5851,255.47
1753591914902,04:51:54.902,binance,ACE/USDT:USDT,0.5848,200.42,0.5847,189.39,0.585,34.2,0.5851,255.47
1753591915502,04:51:55.502,binance,ACE/USDT:USDT,0.5848,200.42,0.5847,189.39,0.585,34.2,0.5851,255.47
1753591916102,04:51:56.102,binance,ACE/USDT:USDT,0.5848,200.42,0.5847,189.39,0.585,34.2,0.5851,255.47
1753591916285,04:51:56.285,binance,ACE/USDT:USDT,0.5848,214.88,0.5847,189.39,0.585,200.42,0.5851,255.47
1753591916390,04:51:56.390,binance,ACE/USDT:USDT,0.5848,214.88,0.5847,189.39,0.585,234.62,0.5851,255.47
1753591916702,04:51:56.702,binance,ACE/USDT:USDT,0.5848,214.88,0.5847,189.39,0.585,234.62,0.5851,255.47
1753591916806,04:51:56.806,binance,ACE/USDT:USDT,0.5848,214.88,0.5847,189.39,0.585,234.62,0.5851,255.47
1753591916915,04:51:56.915,binance,ACE/USDT:USDT,0.5848,214.88,0.5847,189.39,0.585,234.62,0.5851,255.47
1753591917302,04:51:57.302,binance,ACE/USDT:USDT,0.5848,214.88,0.5847,189.39,0.585,234.62,0.5851,255.47
1753591917437,04:51:57.437,binance,ACE/USDT:USDT,0.5848,214.88,0.5847,189.39,0.585,234.62,0.5851,255.47
1753591917902,04:51:57.902,binance,ACE/USDT:USDT,0.5848,214.88,0.5847,189.39,0.585,234.62,0.5851,255.47
1753591918468,04:51:58.468,binance,ACE/USDT:USDT,0.5848,14.46,0.5847,189.39,0.585,234.62,0.5851,255.47
1753591918808,04:51:58.808,binance,ACE/USDT:USDT,0.5848,14.46,0.5847,189.39,0.585,200.42,0.5851,255.47
1753591918913,04:51:58.913,binance,ACE/USDT:USDT,0.5848,14.46,0.5847,189.39,0.585,200.42,0.5851,255.47
1753591919026,04:51:59.026,binance,ACE/USDT:USDT,0.5848,92.11,0.5847,189.39,0.585,200.42,0.5851,221.28
1753591919387,04:51:59.387,binance,ACE/USDT:USDT,0.5848,92.11,0.5847,189.39,0.585,200.42,0.5851,221.28
1753591920268,04:52:00.268,binance,ACE/USDT:USDT,0.5848,92.11,0.5847,189.39,0.585,234.62,0.5851,221.28
1753591920463,04:52:00.463,binance,ACE/USDT:USDT,0.5849,77.65,0.5848,14.46,0.585,206.49,0.5851,221.28
1753591920768,04:52:00.768,binance,ACE/USDT:USDT,0.5849,77.65,0.5848,14.46,0.585,206.49,0.5851,221.28
1753591920871,04:52:00.871,binance,ACE/USDT:USDT,0.5849,77.65,0.5848,14.46,0.585,206.49,0.5851,221.28
1753591921305,04:52:01.305,binance,ACE/USDT:USDT,0.5849,77.65,0.5848,14.46,0.585,206.49,0.5851,221.28
1753591921501,04:52:01.501,binance,ACE/USDT:USDT,0.5849,77.65,0.5848,14.46,0.5851,221.28,0.5852,823.37
1753591921620,04:52:01.620,binance,ACE/USDT:USDT,0.5849,77.65,0.5848,14.46,0.5851,31.89,0.5852,812.37
1753591921746,04:52:01.746,binance,ACE/USDT:USDT,0.5849,77.65,0.5848,14.46,0.5851,31.89,0.5852,812.37
1753591921945,04:52:01.945,binance,ACE/USDT:USDT,0.585,200.42,0.5849,77.65,0.5851,31.89,0.5852,812.37
1753591922094,04:52:02.094,binance,ACE/USDT:USDT,0.585,200.42,0.5848,196.38,0.5851,31.89,0.5852,228.23
1753591922195,04:52:02.195,binance,ACE/USDT:USDT,0.5849,200.42,0.5848,185.38,0.5851,31.89,0.5852,262.41
1753591922319,04:52:02.319,binance,ACE/USDT:USDT,0.5848,185.38,0.5847,189.39,0.5851,31.89,0.5852,262.41
1753591922502,04:52:02.502,binance,ACE/USDT:USDT,0.5848,185.38,0.5847,189.39,0.585,200.42,0.5851,66.09
1753591922608,04:52:02.608,binance,ACE/USDT:USDT,0.5848,185.38,0.5847,189.39,0.585,200.42,0.5851,66.09
1753591922837,04:52:02.837,binance,ACE/USDT:USDT,0.5848,185.38,0.5847,189.39,0.5851,100.27,0.5852,416.27
1753591922945,04:52:02.945,binance,ACE/USDT:USDT,0.5848,185.38,0.5847,189.39,0.5851,100.27,0.5852,416.27
1753591923260,04:52:03.260,binance,ACE/USDT:USDT,0.5848,185.38,0.5847,189.39,0.5851,100.27,0.5852,416.27
1753591923391,04:52:03.391,binance,ACE/USDT:USDT,0.5848,185.38,0.5847,189.39,0.5851,100.27,0.5852,416.27
1753591923496,04:52:03.496,binance,ACE/USDT:USDT,0.5848,185.38,0.5847,189.39,0.5851,100.27,0.5852,416.27
1753591923803,04:52:03.803,binance,ACE/USDT:USDT,0.5848,185.38,0.5847,189.39,0.5851,100.27,0.5852,416.27
1753591924002,04:52:04.002,binance,ACE/USDT:USDT,0.5848,185.38,0.5847,189.39,0.5851,100.27,0.5852,416.27
1753591924201,04:52:04.201,binance,ACE/USDT:USDT,0.5849,200.42,0.5848,185.38,0.5851,31.89,0.5852,416.27
1753591924700,04:52:04.700,binance,ACE/USDT:USDT,0.5849,200.42,0.5848,185.38,0.5851,31.89,0.5852,450.46
1753591925102,04:52:05.102,binance,ACE/USDT:USDT,0.5849,200.42,0.5848,185.38,0.5851,66.08,0.5852,450.46
1753591925302,04:52:05.302,binance,ACE/USDT:USDT,0.5849,200.42,0.5848,185.38,0.5851,66.08,0.5852,450.46
1753591925530,04:52:05.530,binance,ACE/USDT:USDT,0.5849,200.42,0.5848,185.38,0.5851,31.89,0.5852,450.46
1753591925702,04:52:05.702,binance,ACE/USDT:USDT,0.5849,200.42,0.5848,185.38,0.5851,31.89,0.5852,450.46
1753591925901,04:52:05.901,binance,ACE/USDT:USDT,0.5848,185.38,0.5847,189.39,0.5851,31.89,0.5852,450.46
1753591926012,04:52:06.012,binance,ACE/USDT:USDT,0.5848,185.38,0.5847,189.39,0.5851,31.89,0.5852,450.46
1753591926802,04:52:06.802,binance,ACE/USDT:USDT,0.5848,14.46,0.5847,189.39,0.5851,66.09,0.5852,450.46
1753591927002,04:52:07.002,binance,ACE/USDT:USDT,0.5848,14.46,0.5847,189.39,0.5851,100.27,0.5852,450.46
1753591927388,04:52:07.388,binance,ACE/USDT:USDT,0.5848,14.46,0.5847,189.39,0.5851,100.27,0.5852,450.46
1753591927602,04:52:07.602,binance,ACE/USDT:USDT,0.5848,14.46,0.5847,189.39,0.5851,100.27,0.5852,450.46
1753591927902,04:52:07.902,binance,ACE/USDT:USDT,0.5848,14.46,0.5847,189.39,0.5851,100.27,0.5852,450.46
1753591928202,04:52:08.202,binance,ACE/USDT:USDT,0.5848,14.46,0.5847,189.39,0.5851,100.27,0.5852,450.46
1753591928361,04:52:08.361,binance,ACE/USDT:USDT,0.5847,203.64,0.5846,1066.34,0.585,200.42,0.5851,289.89
1753591928464,04:52:08.464,binance,ACE/USDT:USDT,0.5847,203.64,0.5846,1066.34,0.585,200.42,0.5851,289.89
1753591928572,04:52:08.572,binance,ACE/USDT:USDT,0.5847,203.64,0.5846,1066.34,0.585,200.42,0.5851,289.89
1753591928699,04:52:08.699,binance,ACE/USDT:USDT,0.5848,200.42,0.5847,203.64,0.585,200.42,0.5851,289.89
1753591928902,04:52:08.902,binance,ACE/USDT:USDT,0.5848,200.42,0.5847,203.64,0.585,234.62,0.5851,289.89
1753591929013,04:52:09.013,binance,ACE/USDT:USDT,0.5848,200.42,0.5847,203.64,0.585,34.2,0.5851,289.89
1753591929118,04:52:09.118,binance,ACE/USDT:USDT,0.5848,200.42,0.5847,203.64,0.585,34.2,0.5851,289.89
1753591929438,04:52:09.438,binance,ACE/USDT:USDT,0.5848,200.42,0.5847,203.64,0.5851,289.89,0.5852,416.27
1753591929593,04:52:09.593,binance,ACE/USDT:USDT,0.5848,200.42,0.5847,203.64,0.5851,289.89,0.5852,416.27
1753591929703,04:52:09.703,binance,ACE/USDT:USDT,0.5848,200.42,0.5847,203.64,0.585,8.59,0.5851,289.89
1753591930102,04:52:10.102,binance,ACE/USDT:USDT,0.5848,200.42,0.5847,203.64,0.585,42.79,0.5851,289.89
1753591930302,04:52:10.302,binance,ACE/USDT:USDT,0.5848,200.42,0.5847,189.39,0.585,42.79,0.5851,289.89
1753591930702,04:52:10.702,binance,ACE/USDT:USDT,0.5848,200.42,0.5847,189.39,0.585,42.79,0.5851,289.89
1753591930805,04:52:10.805,binance,ACE/USDT:USDT,0.5848,200.42,0.5847,189.39,0.585,42.79,0.5851,289.89
1753591931302,04:52:11.302,binance,ACE/USDT:USDT,0.5848,200.42,0.5847,189.39,0.585,8.59,0.5851,289.89
1753591931417,04:52:11.417,binance,ACE/USDT:USDT,0.5848,200.42,0.5847,189.39,0.585,8.59,0.5851,289.89
1753591931873,04:52:11.873,binance,ACE/USDT:USDT,0.5848,200.42,0.5847,189.39,0.585,8.59,0.5851,289.89
1753591932005,04:52:12.005,binance,ACE/USDT:USDT,0.5848,200.42,0.5847,189.39,0.585,8.59,0.5851,289.89
1753591932130,04:52:12.130,binance,ACE/USDT:USDT,0.5848,200.42,0.5847,189.39,0.585,8.59,0.5851,289.89
1753591932434,04:52:12.434,binance,ACE/USDT:USDT,0.5848,200.42,0.5847,189.39,0.585,8.59,0.5851,289.89
1753591932540,04:52:12.540,binance,ACE/USDT:USDT,0.5848,200.42,0.5847,189.39,0.585,42.79,0.5851,289.89
1753591933002,04:52:13.002,binance,ACE/USDT:USDT,0.5848,200.42,0.5847,189.39,0.585,42.79,0.5851,289.89
1753591933117,04:52:13.117,binance,ACE/USDT:USDT,0.5848,200.42,0.5847,189.39,0.585,42.79,0.5851,289.89
1753591933465,04:52:13.465,binance,ACE/USDT:USDT,0.5848,213.8,0.5847,189.39,0.585,8.59,0.5851,255.69
1753591933717,04:52:13.717,binance,ACE/USDT:USDT,0.5848,213.8,0.5847,189.39,0.585,8.59,0.5851,255.69
1753591934102,04:52:14.102,binance,ACE/USDT:USDT,0.5848,213.8,0.5847,189.39,0.585,8.59,0.5851,289.89
1753591934302,04:52:14.302,binance,ACE/USDT:USDT,0.5848,213.8,0.5847,189.39,0.585,8.59,0.5851,289.89
1753591934802,04:52:14.802,binance,ACE/USDT:USDT,0.5848,213.8,0.5847,358.76,0.585,8.59,0.5851,255.69
1753591934911,04:52:14.911,binance,ACE/USDT:USDT,0.5848,213.8,0.5847,358.76,0.5849,8.98,0.585,8.59
1753591935024,04:52:15.024,binance,ACE/USDT:USDT,0.5848,213.8,0.5847,358.76,0.5849,8.98,0.585,8.59
1753591935209,04:52:15.209,binance,ACE/USDT:USDT,0.5848,213.8,0.5847,358.76,0.5849,8.98,0.585,8.59
1753591935311,04:52:15.311,binance,ACE/USDT:USDT,0.5848,213.8,0.5847,358.76,0.5849,8.98,0.585,8.59
1753591935766,04:52:15.766,binance,ACE/USDT:USDT,0.5848,213.8,0.5847,358.76,0.585,8.59,0.5851,31.89
1753591935869,04:52:15.869,binance,ACE/USDT:USDT,0.5848,213.8,0.5847,358.76,0.585,8.59,0.5851,66.07
1753591935978,04:52:15.978,binance,ACE/USDT:USDT,0.5848,213.8,0.5847,358.76,0.585,8.59,0.5851,66.07
1753591936135,04:52:16.135,binance,ACE/USDT:USDT,0.5848,213.8,0.5847,358.76,0.585,8.59,0.5851,66.07
1753591936497,04:52:16.497,binance,ACE/USDT:USDT,0.5848,213.8,0.5847,358.76,0.585,42.79,0.5851,100.27
1753591936657,04:52:16.657,binance,ACE/USDT:USDT,0.5848,213.8,0.5847,358.76,0.585,42.79,0.5851,145.06
1753591937002,04:52:17.002,binance,ACE/USDT:USDT,0.5848,213.8,0.5847,358.76,0.585,42.79,0.5851,145.06
1753591937202,04:52:17.202,binance,ACE/USDT:USDT,0.5848,213.8,0.5847,358.76,0.585,42.79,0.5851,145.06
1753591937518,04:52:17.518,binance,ACE/USDT:USDT,0.5848,213.8,0.5847,189.39,0.585,42.79,0.5851,145.06
1753591937621,04:52:17.621,binance,ACE/USDT:USDT,0.5848,213.8,0.5847,189.39,0.585,42.79,0.5851,100.27
1753591937777,04:52:17.777,binance,ACE/USDT:USDT,0.5848,213.8,0.5847,189.39,0.585,42.79,0.5851,100.27
1753591937902,04:52:17.902,binance,ACE/USDT:USDT,0.5848,213.8,0.5847,189.39,0.585,42.79,0.5851,100.27
1753591938402,04:52:18.402,binance,ACE/USDT:USDT,0.5848,213.8,0.5847,189.39,0.585,42.79,0.5851,66.09
1753591938618,04:52:18.618,binance,ACE/USDT:USDT,0.5848,213.8,0.5847,358.76,0.585,8.59,0.5851,66.09
1753591938722,04:52:18.722,binance,ACE/USDT:USDT,0.5848,213.8,0.5847,358.76,0.585,8.59,0.5851,66.09
1753591939002,04:52:19.002,binance,ACE/USDT:USDT,0.5848,213.8,0.5847,358.76,0.585,8.59,0.5851,66.09
1753591939595,04:52:19.595,binance,ACE/USDT:USDT,0.5848,213.8,0.5847,501.46,0.585,8.59,0.5851,66.09
1753591939698,04:52:19.698,binance,ACE/USDT:USDT,0.5848,213.8,0.5847,501.46,0.585,8.59,0.5851,66.09
1753591939802,04:52:19.802,binance,ACE/USDT:USDT,0.5848,213.8,0.5847,501.46,0.585,8.59,0.5851,66.09
1753591940203,04:52:20.203,binance,ACE/USDT:USDT,0.5848,213.8,0.5847,501.46,0.585,8.59,0.5851,66.09
1753591940322,04:52:20.322,binance,ACE/USDT:USDT,0.5848,213.8,0.5847,501.46,0.585,8.59,0.5851,66.09
1753591940467,04:52:20.467,binance,ACE/USDT:USDT,0.5848,213.8,0.5847,501.46,0.585,8.59,0.5851,66.09
1753591940802,04:52:20.802,binance,ACE/USDT:USDT,0.5848,213.8,0.5847,501.46,0.585,8.59,0.5851,66.09
1753591941001,04:52:21.001,binance,ACE/USDT:USDT,0.5848,213.8,0.5847,501.46,0.585,8.59,0.5851,66.09
1753591941297,04:52:21.297,binance,ACE/USDT:USDT,0.5848,213.8,0.5847,501.46,0.585,8.59,0.5851,66.09
1753591941401,04:52:21.401,binance,ACE/USDT:USDT,0.5848,213.8,0.5847,501.46,0.585,8.59,0.5851,66.09
1753591941601,04:52:21.601,binance,ACE/USDT:USDT,0.5848,213.8,0.5847,501.46,0.585,8.59,0.5851,66.09
1753591941902,04:52:21.902,binance,ACE/USDT:USDT,0.5848,213.8,0.5847,501.46,0.585,8.59,0.5851,66.09
1753591942102,04:52:22.102,binance,ACE/USDT:USDT,0.5848,213.8,0.5847,501.46,0.585,8.59,0.5851,66.09
1753591942502,04:52:22.502,binance,ACE/USDT:USDT,0.5848,213.8,0.5847,501.46,0.585,8.59,0.5851,66.09
1753591942701,04:52:22.701,binance,ACE/USDT:USDT,0.5848,213.8,0.5847,501.46,0.585,8.59,0.5851,66.09
1753591942920,04:52:22.920,binance,ACE/USDT:USDT,0.5848,222.78,0.5847,501.46,0.585,8.59,0.5851,31.89
1753591943026,04:52:23.026,binance,ACE/USDT:USDT,0.5848,222.78,0.5847,501.46,0.585,8.59,0.5851,31.89
1753591943324,04:52:23.324,binance,ACE/USDT:USDT,0.585,200.42,0.5849,184.8,0.5851,31.89,0.5852,109.41
1753591943434,04:52:23.434,binance,ACE/USDT:USDT,0.585,200.42,0.5849,184.8,0.5851,31.89,0.5852,109.41
1753591943633,04:52:23.633,binance,ACE/USDT:USDT,0.5849,184.8,0.5848,363.17,0.5851,31.89,0.5852,109.41
1753591943736,04:52:23.736,binance,ACE/USDT:USDT,0.5849,184.8,0.5848,504.27,0.5851,31.89,0.5852,109.41
1753591943902,04:52:23.902,binance,ACE/USDT:USDT,0.5849,184.8,0.5848,504.27,0.5851,31.89,0.5852,109.41
1753591944007,04:52:24.007,binance,ACE/USDT:USDT,0.5849,184.8,0.5848,504.27,0.5851,31.89,0.5852,109.41
1753591944178,04:52:24.178,binance,ACE/USDT:USDT,0.5849,184.8,0.5848,504.27,0.5851,31.89,0.5852,109.41
1753591944323,04:52:24.323,binance,ACE/USDT:USDT,0.5849,184.8,0.5848,361.58,0.5851,31.89,0.5852,109.41
1753591944472,04:52:24.472,binance,ACE/USDT:USDT,0.5849,184.8,0.5848,504.27,0.5851,31.89,0.5852,109.41
1753591944575,04:52:24.575,binance,ACE/USDT:USDT,0.5849,184.8,0.5848,504.27,0.5851,31.89,0.5852,109.41
1753591944687,04:52:24.687,binance,ACE/USDT:USDT,0.585,200.42,0.5849,184.8,0.5851,31.89,0.5852,27.81
1753591944817,04:52:24.817,binance,ACE/USDT:USDT,0.585,200.42,0.5849,184.8,0.5851,31.89,0.5852,27.81
1753591945000,04:52:25.000,binance,ACE/USDT:USDT,0.5849,184.8,0.5848,692.29,0.5851,31.89,0.5852,79.1
1753591945106,04:52:25.106,binance,ACE/USDT:USDT,0.5849,184.8,0.5848,692.29,0.5851,31.89,0.5852,113.28
1753591945212,04:52:25.212,binance,ACE/USDT:USDT,0.5849,184.8,0.5848,692.29,0.5851,31.89,0.5852,113.28
1753591945319,04:52:25.319,binance,ACE/USDT:USDT,0.5849,184.8,0.5848,692.29,0.5851,31.89,0.5852,79.09
1753591945634,04:52:25.634,binance,ACE/USDT:USDT,0.5849,184.8,0.5848,692.29,0.5851,31.89,0.5852,113.28
1753591945740,04:52:25.740,binance,ACE/USDT:USDT,0.5849,184.8,0.5848,692.29,0.5851,66.08,0.5852,113.28
1753591945902,04:52:25.902,binance,ACE/USDT:USDT,0.5849,184.8,0.5848,692.29,0.5851,66.08,0.5852,113.28
1753591946079,04:52:26.079,binance,ACE/USDT:USDT,0.5849,184.8,0.5848,380.24,0.5851,66.08,0.5852,113.28
1753591946302,04:52:26.302,binance,ACE/USDT:USDT,0.5849,184.8,0.5848,380.24,0.5851,66.08,0.5852,113.28
1753591946426,04:52:26.426,binance,ACE/USDT:USDT,0.5849,184.8,0.5848,549.6,0.5851,31.89,0.5852,113.28
1753591946552,04:52:26.552,binance,ACE/USDT:USDT,0.5849,184.8,0.5848,380.24,0.5851,31.89,0.5852,113.28
1753591946655,04:52:26.655,binance,ACE/USDT:USDT,0.5849,184.8,0.5848,380.24,0.5851,31.89,0.5852,113.28
1753591946777,04:52:26.777,binance,ACE/USDT:USDT,0.5849,184.8,0.5848,380.24,0.5851,31.89,0.5852,113.28
1753591946927,04:52:26.927,binance,ACE/USDT:USDT,0.5849,184.8,0.5848,549.6,0.5851,31.89,0.5852,113.28
1753591947122,04:52:27.122,binance,ACE/USDT:USDT,0.5849,184.8,0.5848,380.24,0.5851,66.08,0.5852,113.28
1753591947224,04:52:27.224,binance,ACE/USDT:USDT,0.5849,184.8,0.5848,210.38,0.5851,66.08,0.5852,113.28
1753591947402,04:52:27.402,binance,ACE/USDT:USDT,0.5849,184.8,0.5848,210.38,0.5851,66.08,0.5852,220.8
1753591947507,04:52:27.507,binance,ACE/USDT:USDT,0.5849,184.8,0.5848,210.38,0.5851,66.08,0.5852,220.8
1753591947687,04:52:27.687,binance,ACE/USDT:USDT,0.5849,184.8,0.5848,210.38,0.5851,66.08,0.5852,220.8
1753591948002,04:52:28.002,binance,ACE/USDT:USDT,0.5849,184.8,0.5848,210.38,0.5851,66.08,0.5852,220.8
1753591948118,04:52:28.118,binance,ACE/USDT:USDT,0.5849,184.8,0.5848,379.74,0.5851,66.08,0.5852,220.8
1753591948266,04:52:28.266,binance,ACE/USDT:USDT,0.5848,22.36,0.5847,288.85,0.5851,66.08,0.5852,220.8
1753591948398,04:52:28.398,binance,ACE/USDT:USDT,0.5848,22.36,0.5847,288.85,0.5851,66.08,0.5852,113.28
1753591948547,04:52:28.547,binance,ACE/USDT:USDT,0.5848,22.36,0.5847,288.85,0.5851,66.08,0.5852,113.28
1753591948902,04:52:28.902,binance,ACE/USDT:USDT,0.5848,22.36,0.5847,288.85,0.5851,66.08,0.5852,113.28
1753591949048,04:52:29.048,binance,ACE/USDT:USDT,0.5848,22.36,0.5847,288.85,0.5851,66.08,0.5852,113.28
1753591949196,04:52:29.196,binance,ACE/USDT:USDT,0.5848,22.36,0.5847,288.85,0.5851,66.08,0.5852,298.08
1753591949355,04:52:29.355,binance,ACE/USDT:USDT,0.5848,22.36,0.5847,206.49,0.585,200.42,0.5851,83.18
1753591949488,04:52:29.488,binance,ACE/USDT:USDT,0.5848,22.36,0.5847,206.49,0.585,200.42,0.5851,83.18
1753591949720,04:52:29.720,binance,ACE/USDT:USDT,0.5848,22.36,0.5847,206.49,0.5851,91.14,0.5852,263.9
1753591949822,04:52:29.822,binance,ACE/USDT:USDT,0.5848,22.36,0.5847,206.49,0.5851,91.14,0.5852,263.9
1753591949959,04:52:29.959,binance,ACE/USDT:USDT,0.5848,22.36,0.5847,206.49,0.585,200.42,0.5851,293.04
1753591950072,04:52:30.072,binance,ACE/USDT:USDT,0.5848,22.36,0.5847,206.49,0.585,200.42,0.5851,293.04
1753591950202,04:52:30.202,binance,ACE/USDT:USDT,0.5848,22.36,0.5847,206.49,0.585,200.42,0.5851,293.04
1753591950717,04:52:30.717,binance,ACE/USDT:USDT,0.5848,22.36,0.5847,206.49,0.585,200.42,0.5851,293.04
1753591950827,04:52:30.827,binance,ACE/USDT:USDT,0.5848,22.36,0.5847,206.49,0.585,200.42,0.5851,293.04
1753591951190,04:52:31.190,binance,ACE/USDT:USDT,0.5848,22.36,0.5847,206.49,0.585,200.42,0.5851,241.75
1753591951298,04:52:31.298,binance,ACE/USDT:USDT,0.5848,22.36,0.5847,206.49,0.585,200.42,0.5851,258.85
1753591951715,04:52:31.715,binance,ACE/USDT:USDT,0.5848,22.36,0.5847,206.49,0.585,200.42,0.5851,258.85
1753591951817,04:52:31.817,binance,ACE/USDT:USDT,0.5848,22.36,0.5847,206.49,0.585,200.42,0.5851,258.85
1753591951919,04:52:31.919,binance,ACE/USDT:USDT,0.5848,22.36,0.5847,206.49,0.585,200.42,0.5851,258.85
1753591952159,04:52:32.159,binance,ACE/USDT:USDT,0.5848,22.36,0.5847,206.49,0.5851,241.75,0.5852,229.71
1753591952267,04:52:32.267,binance,ACE/USDT:USDT,0.5848,22.36,0.5847,206.49,0.5851,241.75,0.5852,229.71
1753591952397,04:52:32.397,binance,ACE/USDT:USDT,0.5848,22.36,0.5847,206.49,0.5851,241.75,0.5852,229.71
1753591952780,04:52:32.780,binance,ACE/USDT:USDT,0.5848,22.36,0.5847,206.49,0.5851,275.95,0.5852,263.91
1753591952902,04:52:32.902,binance,ACE/USDT:USDT,0.5848,22.36,0.5847,206.49,0.585,200.42,0.5851,293.05
1753591953011,04:52:33.011,binance,ACE/USDT:USDT,0.5848,22.36,0.5847,206.49,0.585,234.62,0.5851,293.05
1753591953427,04:52:33.427,binance,ACE/USDT:USDT,0.5848,22.36,0.5847,206.49,0.585,234.62,0.5851,293.05
1753591953535,04:52:33.535,binance,ACE/USDT:USDT,0.5848,22.36,0.5847,206.49,0.585,234.62,0.5851,293.05
1753591953637,04:52:33.637,binance,ACE/USDT:USDT,0.5848,22.36,0.5847,206.49,0.585,216.62,0.5851,267.99
1753591954113,04:52:34.113,binance,ACE/USDT:USDT,0.5848,22.36,0.5847,206.49,0.585,216.62,0.5851,267.99
1753591954217,04:52:34.217,binance,ACE/USDT:USDT,0.5848,22.36,0.5847,206.49,0.585,216.62,0.5851,267.99
1753591954677,04:52:34.677,binance,ACE/USDT:USDT,0.5848,22.36,0.5847,206.49,0.585,216.62,0.5851,267.99
1753591955202,04:52:35.202,binance,ACE/USDT:USDT,0.5848,22.36,0.5847,206.49,0.585,216.62,0.5851,267.99
1753591955717,04:52:35.717,binance,ACE/USDT:USDT,0.5848,22.36,0.5847,206.49,0.585,216.62,0.5851,267.99
1753591956113,04:52:36.113,binance,ACE/USDT:USDT,0.5848,30.91,0.5847,206.49,0.585,182.42,0.5851,233.79
1753591956257,04:52:36.257,binance,ACE/USDT:USDT,0.5848,30.91,0.5847,206.49,0.585,182.42,0.5851,233.79
1753591956634,04:52:36.634,binance,ACE/USDT:USDT,0.5848,30.91,0.5847,206.49,0.585,182.42,0.5851,233.79
1753591956807,04:52:36.807,binance,ACE/USDT:USDT,0.5848,30.91,0.5847,206.49,0.585,182.42,0.5851,233.79
1753591957317,04:52:37.317,binance,ACE/USDT:USDT,0.5848,30.91,0.5847,206.49,0.585,182.42,0.5851,233.79
1753591957867,04:52:37.867,binance,ACE/USDT:USDT,0.5848,30.91,0.5847,206.49,0.585,182.42,0.5851,267.99
1753591958353,04:52:38.353,binance,ACE/USDT:USDT,0.5848,30.91,0.5847,206.49,0.585,191.4,0.5851,267.99
1753591958477,04:52:38.477,binance,ACE/USDT:USDT,0.5848,30.91,0.5847,206.49,0.585,225.6,0.5851,267.99
1753591958958,04:52:38.958,binance,ACE/USDT:USDT,0.5848,30.91,0.5847,206.49,0.585,191.4,0.5851,267.99
1753591959302,04:52:39.302,binance,ACE/USDT:USDT,0.5848,30.91,0.5847,206.49,0.585,191.4,0.5851,267.99
1753591959502,04:52:39.502,binance,ACE/USDT:USDT,0.5848,30.91,0.5847,206.49,0.585,191.4,0.5851,267.99
1753591959607,04:52:39.607,binance,ACE/USDT:USDT,0.5848,30.91,0.5847,206.49,0.585,225.6,0.5851,267.99
1753591959780,04:52:39.780,binance,ACE/USDT:USDT,0.5849,200.42,0.5848,232.26,0.585,42.44,0.5851,48.99
1753591959884,04:52:39.884,binance,ACE/USDT:USDT,0.5849,200.42,0.5848,232.26,0.585,42.44,0.5851,48.99
1753591960048,04:52:40.048,binance,ACE/USDT:USDT,0.5849,200.42,0.5848,232.26,0.585,42.44,0.5851,48.99
1753591960153,04:52:40.153,binance,ACE/USDT:USDT,0.5849,200.42,0.5848,232.26,0.585,42.44,0.5851,48.99
1753591960430,04:52:40.430,binance,ACE/USDT:USDT,0.5848,215.16,0.5847,545.72,0.585,42.44,0.5851,48.99
1753591960552,04:52:40.552,binance,ACE/USDT:USDT,0.5848,215.16,0.5847,688.42,0.585,42.44,0.5851,48.99
1753591960654,04:52:40.654,binance,ACE/USDT:USDT,0.5848,215.16,0.5847,688.42,0.585,42.44,0.5851,48.99
1753591960872,04:52:40.872,binance,ACE/USDT:USDT,0.5848,215.16,0.5847,688.42,0.585,42.44,0.5851,48.99
1753591961202,04:52:41.202,binance,ACE/USDT:USDT,0.5848,215.16,0.5847,688.42,0.585,42.44,0.5851,48.99
1753591961367,04:52:41.367,binance,ACE/USDT:USDT,0.5848,215.16,0.5847,545.73,0.585,42.44,0.5851,48.99
1753591961519,04:52:41.519,binance,ACE/USDT:USDT,0.5848,30.91,0.5847,376.36,0.585,42.44,0.5851,233.24
1753591961623,04:52:41.623,binance,ACE/USDT:USDT,0.5848,30.91,0.5847,376.36,0.585,42.44,0.5851,233.24
1753591961754,04:52:41.754,binance,ACE/USDT:USDT,0.5848,30.91,0.5847,376.36,0.585,42.44,0.5851,233.24
1753591961902,04:52:41.902,binance,ACE/USDT:USDT,0.5848,30.91,0.5847,376.36,0.585,42.44,0.5851,233.24
1753591962087,04:52:42.087,binance,ACE/USDT:USDT,0.5848,30.91,0.5847,376.36,0.585,42.44,0.5851,233.24
1753591962302,04:52:42.302,binance,ACE/USDT:USDT,0.5848,30.91,0.5847,376.36,0.585,42.44,0.5851,233.24
1753591962451,04:52:42.451,binance,ACE/USDT:USDT,0.5848,108.56,0.5847,545.73,0.585,42.44,0.5851,233.24
1753591962567,04:52:42.567,binance,ACE/USDT:USDT,0.5848,108.56,0.5847,375.86,0.585,42.44,0.5851,233.24
1753591962697,04:52:42.697,binance,ACE/USDT:USDT,0.5848,108.56,0.5847,375.86,0.585,42.44,0.5851,233.24
1753591962823,04:52:42.823,binance,ACE/USDT:USDT,0.5848,108.56,0.5847,375.86,0.585,42.44,0.5851,233.24
1753591963024,04:52:43.024,binance,ACE/USDT:USDT,0.5848,108.56,0.5847,206.49,0.585,42.44,0.5851,233.24
1753591963130,04:52:43.130,binance,ACE/USDT:USDT,0.5848,108.56,0.5847,206.49,0.585,42.44,0.5851,233.24
1753591963367,04:52:43.367,binance,ACE/USDT:USDT,0.5848,108.56,0.5847,206.49,0.585,42.44,0.5851,233.24
1753591963517,04:52:43.517,binance,ACE/USDT:USDT,0.5848,108.56,0.5847,375.86,0.585,42.44,0.5851,267.44
1753591963623,04:52:43.623,binance,ACE/USDT:USDT,0.5849,200.42,0.5848,48.01,0.585,42.44,0.5851,48.99
1753591963738,04:52:43.738,binance,ACE/USDT:USDT,0.5849,200.42,0.5848,231.38,0.585,42.44,0.5851,48.99
1753591963877,04:52:43.877,binance,ACE/USDT:USDT,0.5849,200.42,0.5848,231.38,0.585,42.44,0.5851,48.99
1753591964033,04:52:44.033,binance,ACE/USDT:USDT,0.5849,200.42,0.5848,231.38,0.585,42.44,0.5851,48.99
1753591964167,04:52:44.167,binance,ACE/USDT:USDT,0.5849,200.42,0.5848,231.38,0.585,42.44,0.5851,48.99
1753591964387,04:52:44.387,binance,ACE/USDT:USDT,0.5849,200.42,0.5848,231.38,0.585,42.44,0.5851,48.99
1753591964520,04:52:44.520,binance,ACE/USDT:USDT,0.5849,200.42,0.5848,231.38,0.585,42.44,0.5851,83.19
1753591964677,04:52:44.677,binance,ACE/USDT:USDT,0.5849,200.42,0.5848,231.38,0.585,42.44,0.5851,83.19
1753591965001,04:52:45.001,binance,ACE/USDT:USDT,0.5849,200.42,0.5848,231.38,0.585,42.44,0.5851,83.19
1753591965202,04:52:45.202,binance,ACE/USDT:USDT,0.5849,200.42,0.5848,231.38,0.585,42.44,0.5851,83.19
1753591965497,04:52:45.497,binance,ACE/USDT:USDT,0.5849,200.42,0.5848,231.38,0.585,42.44,0.5851,83.19
1753591965624,04:52:45.624,binance,ACE/USDT:USDT,0.5849,200.42,0.5848,231.38,0.585,42.44,0.5851,83.19
1753591965802,04:52:45.802,binance,ACE/USDT:USDT,0.5849,200.42,0.5848,231.38,0.585,42.44,0.5851,83.19
1753591965976,04:52:45.976,binance,ACE/USDT:USDT,0.5849,200.42,0.5848,231.38,0.585,42.44,0.5851,83.19
1753591966087,04:52:46.087,binance,ACE/USDT:USDT,0.5849,200.42,0.5848,231.38,0.585,42.44,0.5851,83.19
1753591966402,04:52:46.402,binance,ACE/USDT:USDT,0.5849,200.42,0.5848,231.38,0.585,42.44,0.5851,83.19
1753591966601,04:52:46.601,binance,ACE/USDT:USDT,0.5849,200.42,0.5848,231.38,0.585,42.44,0.5851,83.19
1753591966957,04:52:46.957,binance,ACE/USDT:USDT,0.5849,200.42,0.5848,231.38,0.585,76.64,0.5851,83.19
1753591967067,04:52:47.067,binance,ACE/USDT:USDT,0.5849,200.42,0.5848,231.38,0.585,42.44,0.5851,83.19
1753591967186,04:52:47.186,binance,ACE/USDT:USDT,0.5849,200.42,0.5848,231.38,0.585,42.44,0.5851,83.19
1753591967363,04:52:47.363,binance,ACE/USDT:USDT,0.5849,200.42,0.5848,231.38,0.585,42.44,0.5851,83.19
1753591968102,04:52:48.102,binance,ACE/USDT:USDT,0.5849,200.42,0.5848,231.38,0.585,42.44,0.5851,48.99
1753591968230,04:52:48.230,binance,ACE/USDT:USDT,0.5849,200.42,0.5848,402.32,0.5851,31.89,0.5852,53.46
1753591968332,04:52:48.332,binance,ACE/USDT:USDT,0.5849,200.42,0.5848,402.32,0.5851,31.89,0.5852,53.46
1753591968657,04:52:48.657,binance,ACE/USDT:USDT,0.5849,200.42,0.5848,402.32,0.5851,31.89,0.5852,87.65
1753591968762,04:52:48.762,binance,ACE/USDT:USDT,0.5849,200.42,0.5848,402.32,0.5851,66.08,0.5852,87.65
1753591969136,04:52:49.136,binance,ACE/USDT:USDT,0.5849,200.42,0.5848,402.32,0.5851,31.89,0.5852,87.65
1753591969301,04:52:49.301,binance,ACE/USDT:USDT,0.5849,200.42,0.5848,402.32,0.5851,31.89,0.5852,87.65
1753591969440,04:52:49.440,binance,ACE/USDT:USDT,0.5849,200.42,0.5848,402.32,0.5851,66.08,0.5852,87.65
1753591970001,04:52:50.001,binance,ACE/USDT:USDT,0.5849,200.42,0.5848,402.32,0.5851,66.08,0.5852,87.65
1753591970175,04:52:50.175,binance,ACE/USDT:USDT,0.5849,200.42,0.5848,402.32,0.5851,66.08,0.5852,87.65
1753591970368,04:52:50.368,binance,ACE/USDT:USDT,0.5849,200.42,0.5848,402.32,0.5851,31.89,0.5852,87.65
1753591970500,04:52:50.500,binance,ACE/USDT:USDT,0.5849,200.42,0.5848,545.01,0.5851,31.89,0.5852,53.46
1753591970923,04:52:50.923,binance,ACE/USDT:USDT,0.5849,200.42,0.5848,402.32,0.5851,31.89,0.5852,53.46
1753591971028,04:52:51.028,binance,ACE/USDT:USDT,0.5849,200.42,0.5848,402.32,0.5851,31.89,0.5852,87.65
1753591971269,04:52:51.269,binance,ACE/USDT:USDT,0.5849,200.42,0.5848,402.32,0.5851,66.08,0.5852,87.65
1753591971418,04:52:51.418,binance,ACE/USDT:USDT,0.5849,200.42,0.5848,402.32,0.5851,66.08,0.5852,87.65
1753591971602,04:52:51.602,binance,ACE/USDT:USDT,0.5849,200.42,0.5848,402.32,0.5851,66.08,0.5852,87.65
