timestamp,time,exchange,symbol,bid1_price,bid1_volume,bid2_price,bid2_volume,ask1_price,ask1_volume,ask2_price,ask2_volume
1753591881289,04:51:21.289,bitget,ACE/USDT:USDT,0.5849,109.22,0.5848,508.65,0.585,86.41,0.5851,338.92
1753591882941,04:51:22.941,bitget,ACE/USDT:USDT,0.5849,109.22,0.5848,508.65,0.585,86.41,0.5851,338.92
1753591883541,04:51:23.541,bitget,ACE/USDT:USDT,0.5849,109.22,0.5848,508.65,0.585,86.41,0.5851,338.92
1753591884291,04:51:24.291,bitget,ACE/USDT:USDT,0.5849,109.22,0.5848,508.65,0.585,86.41,0.5851,338.92
1753591885192,04:51:25.192,bitget,ACE/USDT:USDT,0.5848,508.65,0.5847,946.8,0.585,86.41,0.5851,338.92
1753591885342,04:51:25.342,bitget,ACE/USDT:USDT,0.5848,508.65,0.5847,946.8,0.585,86.41,0.5851,338.92
1753591885492,04:51:25.492,bitget,ACE/USDT:USDT,0.5848,508.65,0.5847,946.8,0.585,86.41,0.5851,338.92
1753591885792,04:51:25.792,bitget,ACE/USDT:USDT,0.5848,508.65,0.5847,946.8,0.585,86.41,0.5851,338.92
1753591886393,04:51:26.393,bitget,ACE/USDT:USDT,0.5848,193.92,0.5847,234.87,0.585,193.35,0.5851,397.36
1753591886693,04:51:26.693,bitget,ACE/USDT:USDT,0.5848,193.92,0.5847,234.87,0.585,193.35,0.5851,397.36
1753591886843,04:51:26.843,bitget,ACE/USDT:USDT,0.5848,193.92,0.5847,234.87,0.585,193.35,0.5851,397.36
1753591887894,04:51:27.894,bitget,ACE/USDT:USDT,0.5848,193.92,0.5847,234.87,0.585,193.35,0.5851,397.36
1753591888644,04:51:28.644,bitget,ACE/USDT:USDT,0.5848,193.92,0.5847,234.87,0.585,193.35,0.5851,397.36
1753591888794,04:51:28.794,bitget,ACE/USDT:USDT,0.5848,193.92,0.5847,234.87,0.585,193.35,0.5851,397.36
1753591889094,04:51:29.094,bitget,ACE/USDT:USDT,0.5848,193.92,0.5847,234.87,0.585,193.35,0.5851,397.36
1753591889695,04:51:29.695,bitget,ACE/USDT:USDT,0.5848,279.41,0.5847,576.79,0.585,193.35,0.5851,776.65
1753591889845,04:51:29.845,bitget,ACE/USDT:USDT,0.5848,279.41,0.5847,576.79,0.585,193.35,0.5851,776.65
1753591890145,04:51:30.145,bitget,ACE/USDT:USDT,0.5848,279.41,0.5847,576.79,0.585,193.35,0.5851,397.36
1753591890295,04:51:30.295,bitget,ACE/USDT:USDT,0.5848,279.41,0.5847,656.11,0.585,193.35,0.5851,397.36
1753591890445,04:51:30.445,bitget,ACE/USDT:USDT,0.5848,279.41,0.5847,656.11,0.585,193.35,0.5851,397.36
1753591890595,04:51:30.595,bitget,ACE/USDT:USDT,0.5848,279.41,0.5847,656.11,0.585,193.35,0.5851,397.36
1753591890745,04:51:30.745,bitget,ACE/USDT:USDT,0.5848,279.41,0.5847,656.11,0.585,193.35,0.5851,397.36
1753591890895,04:51:30.895,bitget,ACE/USDT:USDT,0.5848,279.41,0.5847,656.11,0.585,193.35,0.5851,397.36
1753591891195,04:51:31.195,bitget,ACE/USDT:USDT,0.5848,279.41,0.5847,656.11,0.585,193.35,0.5851,776.62
1753591891346,04:51:31.346,bitget,ACE/USDT:USDT,0.5848,279.41,0.5847,656.11,0.585,193.35,0.5851,397.36
1753591891496,04:51:31.496,bitget,ACE/USDT:USDT,0.5848,279.41,0.5847,946.8,0.585,86.41,0.5851,397.36
1753591891946,04:51:31.946,bitget,ACE/USDT:USDT,0.5848,279.41,0.5847,656.11,0.585,86.41,0.5851,397.36
1753591892246,04:51:32.246,bitget,ACE/USDT:USDT,0.5848,279.41,0.5847,946.8,0.585,86.41,0.5851,338.92
1753591892396,04:51:32.396,bitget,ACE/USDT:USDT,0.5847,108.37,0.5846,196.03,0.5849,193.35,0.585,86.41
1753591892697,04:51:32.697,bitget,ACE/USDT:USDT,0.5847,193.87,0.5846,361.74,0.585,193.35,0.5851,776.16
1753591892997,04:51:32.997,bitget,ACE/USDT:USDT,0.5848,106.94,0.5847,108.37,0.585,86.41,0.5851,396.86
1753591893147,04:51:33.147,bitget,ACE/USDT:USDT,0.5847,263.67,0.5846,444.39,0.585,86.41,0.5851,396.86
1753591893297,04:51:33.297,bitget,ACE/USDT:USDT,0.5848,106.94,0.5847,193.87,0.5849,86.41,0.585,193.35
1753591893447,04:51:33.447,bitget,ACE/USDT:USDT,0.5848,106.94,0.5847,193.87,0.5849,86.41,0.585,336.11
1753591893597,04:51:33.597,bitget,ACE/USDT:USDT,0.5848,106.94,0.5847,342.28,0.5849,86.41,0.585,336.11
1753591893747,04:51:33.747,bitget,ACE/USDT:USDT,0.5848,106.94,0.5847,342.28,0.5849,86.41,0.585,336.11
1753591893897,04:51:33.897,bitget,ACE/USDT:USDT,0.5848,106.94,0.5847,342.28,0.5849,86.41,0.585,336.11
1753591894198,04:51:34.198,bitget,ACE/USDT:USDT,0.5848,106.94,0.5847,342.28,0.5849,86.41,0.585,336.11
1753591894498,04:51:34.498,bitget,ACE/USDT:USDT,0.5848,106.94,0.5847,342.28,0.5849,86.41,0.585,336.11
1753591894948,04:51:34.948,bitget,ACE/USDT:USDT,0.5848,106.94,0.5847,342.28,0.5849,86.41,0.585,336.11
1753591895098,04:51:35.098,bitget,ACE/USDT:USDT,0.5848,106.94,0.5847,342.28,0.5849,86.41,0.585,336.11
1753591895248,04:51:35.248,bitget,ACE/USDT:USDT,0.5848,106.94,0.5847,342.28,0.5849,86.41,0.585,336.11
1753591895398,04:51:35.398,bitget,ACE/USDT:USDT,0.5848,106.94,0.5847,342.28,0.5849,86.41,0.585,336.11
1753591895548,04:51:35.548,bitget,ACE/USDT:USDT,0.5848,106.94,0.5847,342.28,0.5849,86.41,0.585,336.11
1753591896149,04:51:36.149,bitget,ACE/USDT:USDT,0.5848,106.94,0.5847,342.28,0.5849,86.41,0.585,336.11
1753591897049,04:51:37.049,bitget,ACE/USDT:USDT,0.5848,106.94,0.5847,342.28,0.5849,86.41,0.585,336.11
1753591897199,04:51:37.199,bitget,ACE/USDT:USDT,0.5848,106.94,0.5847,342.28,0.5849,86.41,0.585,336.11
1753591897800,04:51:37.800,bitget,ACE/USDT:USDT,0.5848,106.94,0.5847,342.28,0.5849,86.41,0.585,336.11
1753591897950,04:51:37.950,bitget,ACE/USDT:USDT,0.5848,106.94,0.5847,342.28,0.5849,86.41,0.585,336.11
1753591898100,04:51:38.100,bitget,ACE/USDT:USDT,0.5848,106.94,0.5847,342.28,0.5849,86.41,0.585,336.11
1753591898250,04:51:38.250,bitget,ACE/USDT:USDT,0.5848,106.94,0.5847,342.28,0.5849,86.41,0.585,336.11
1753591898550,04:51:38.550,bitget,ACE/USDT:USDT,0.5848,106.94,0.5847,342.28,0.5849,86.41,0.585,336.11
1753591898700,04:51:38.700,bitget,ACE/USDT:USDT,0.5848,106.94,0.5847,342.28,0.5849,86.41,0.585,336.11
1753591899151,04:51:39.151,bitget,ACE/USDT:USDT,0.5848,106.94,0.5847,342.28,0.5849,86.41,0.585,336.11
1753591899601,04:51:39.601,bitget,ACE/USDT:USDT,0.5848,106.94,0.5847,342.28,0.5849,86.41,0.585,229.17
1753591899901,04:51:39.901,bitget,ACE/USDT:USDT,0.5849,86.41,0.5848,106.94,0.5851,338.14,0.5852,106.94
1753591900051,04:51:40.051,bitget,ACE/USDT:USDT,0.5849,254.54,0.5848,203.34,0.585,86.41,0.5851,109.22
1753591900201,04:51:40.201,bitget,ACE/USDT:USDT,0.5849,254.54,0.5848,203.34,0.585,86.41,0.5851,338.14
1753591900351,04:51:40.351,bitget,ACE/USDT:USDT,0.5849,254.54,0.5848,288.82,0.585,86.41,0.5851,228.92
1753591900501,04:51:40.501,bitget,ACE/USDT:USDT,0.5849,254.54,0.5848,288.82,0.585,86.41,0.5851,228.92
1753591900652,04:51:40.652,bitget,ACE/USDT:USDT,0.5849,254.54,0.5848,288.82,0.585,86.41,0.5851,228.92
1753591901102,04:51:41.102,bitget,ACE/USDT:USDT,0.5849,254.54,0.5848,288.82,0.585,86.41,0.5851,228.92
1753591901252,04:51:41.252,bitget,ACE/USDT:USDT,0.5849,254.54,0.5848,288.82,0.585,86.41,0.5851,228.92
1753591901402,04:51:41.402,bitget,ACE/USDT:USDT,0.5849,254.54,0.5848,288.82,0.585,86.41,0.5851,228.92
1753591901552,04:51:41.552,bitget,ACE/USDT:USDT,0.5849,254.54,0.5848,288.82,0.585,86.41,0.5851,228.92
1753591901702,04:51:41.702,bitget,ACE/USDT:USDT,0.5849,254.54,0.5848,288.82,0.585,86.41,0.5851,228.92
1753591901852,04:51:41.852,bitget,ACE/USDT:USDT,0.5849,254.54,0.5848,288.82,0.585,86.41,0.5851,228.92
1753591902002,04:51:42.002,bitget,ACE/USDT:USDT,0.5849,254.54,0.5848,288.82,0.585,86.41,0.5851,228.92
1753591902152,04:51:42.152,bitget,ACE/USDT:USDT,0.5849,254.54,0.5848,288.82,0.585,86.41,0.5851,228.92
1753591902453,04:51:42.453,bitget,ACE/USDT:USDT,0.5849,254.54,0.5848,288.82,0.585,86.41,0.5851,228.92
1753591902753,04:51:42.753,bitget,ACE/USDT:USDT,0.5849,254.54,0.5848,288.82,0.585,86.41,0.5851,228.92
1753591902903,04:51:42.903,bitget,ACE/USDT:USDT,0.5849,254.54,0.5848,288.82,0.585,86.41,0.5851,228.92
1753591903053,04:51:43.053,bitget,ACE/USDT:USDT,0.5849,254.54,0.5848,288.82,0.585,86.41,0.5851,228.92
1753591903203,04:51:43.203,bitget,ACE/USDT:USDT,0.5849,254.54,0.5848,288.82,0.585,86.41,0.5851,228.92
1753591903353,04:51:43.353,bitget,ACE/USDT:USDT,0.5849,254.54,0.5848,288.82,0.585,86.41,0.5851,228.92
1753591903503,04:51:43.503,bitget,ACE/USDT:USDT,0.5849,254.54,0.5848,689.66,0.585,86.41,0.5851,228.92
1753591903653,04:51:43.653,bitget,ACE/USDT:USDT,0.5849,254.54,0.5848,689.66,0.585,86.41,0.5851,228.92
1753591904100,04:51:44.100,bitget,ACE/USDT:USDT,0.5849,254.54,0.5848,689.66,0.585,86.41,0.5851,228.92
1753591904254,04:51:44.254,bitget,ACE/USDT:USDT,0.5849,254.54,0.5848,689.66,0.585,86.41,0.5851,228.92
1753591904404,04:51:44.404,bitget,ACE/USDT:USDT,0.5849,254.54,0.5848,689.66,0.585,86.41,0.5851,228.92
1753591904554,04:51:44.554,bitget,ACE/USDT:USDT,0.5849,254.54,0.5848,689.66,0.585,86.41,0.5851,228.92
1753591904704,04:51:44.704,bitget,ACE/USDT:USDT,0.5849,254.54,0.5848,689.66,0.585,86.41,0.5851,228.92
1753591905004,04:51:45.004,bitget,ACE/USDT:USDT,0.5849,254.54,0.5848,689.66,0.585,86.41,0.5851,228.92
1753591905154,04:51:45.154,bitget,ACE/USDT:USDT,0.5849,254.54,0.5848,689.66,0.585,86.41,0.5851,228.92
1753591905304,04:51:45.304,bitget,ACE/USDT:USDT,0.5849,254.54,0.5848,689.66,0.585,86.41,0.5851,228.92
1753591905454,04:51:45.454,bitget,ACE/USDT:USDT,0.5849,254.54,0.5848,689.66,0.585,86.41,0.5851,228.92
1753591905605,04:51:45.605,bitget,ACE/USDT:USDT,0.5849,254.54,0.5848,689.66,0.585,86.41,0.5851,228.92
1753591905905,04:51:45.905,bitget,ACE/USDT:USDT,0.5849,254.54,0.5848,689.66,0.585,86.41,0.5851,228.92
1753591906205,04:51:46.205,bitget,ACE/USDT:USDT,0.5849,254.54,0.5848,689.66,0.585,86.41,0.5851,228.92
1753591906355,04:51:46.355,bitget,ACE/USDT:USDT,0.5849,254.54,0.5848,689.66,0.585,86.41,0.5851,228.92
1753591906505,04:51:46.505,bitget,ACE/USDT:USDT,0.5849,254.54,0.5848,689.66,0.585,86.41,0.5851,228.92
1753591906655,04:51:46.655,bitget,ACE/USDT:USDT,0.5849,254.54,0.5848,689.66,0.585,86.41,0.5851,228.92
1753591906805,04:51:46.805,bitget,ACE/USDT:USDT,0.5849,254.54,0.5848,689.66,0.585,86.41,0.5851,228.92
1753591906955,04:51:46.955,bitget,ACE/USDT:USDT,0.5849,254.54,0.5848,689.66,0.585,86.41,0.5851,228.92
1753591907105,04:51:47.105,bitget,ACE/USDT:USDT,0.5849,254.54,0.5848,689.66,0.585,86.41,0.5851,228.92
1753591907256,04:51:47.256,bitget,ACE/USDT:USDT,0.5849,254.54,0.5848,689.66,0.585,86.41,0.5851,228.92
1753591907406,04:51:47.406,bitget,ACE/USDT:USDT,0.5849,254.54,0.5848,689.66,0.585,86.41,0.5851,228.92
1753591907556,04:51:47.556,bitget,ACE/USDT:USDT,0.5849,254.54,0.5848,689.66,0.585,86.41,0.5851,228.92
1753591907706,04:51:47.706,bitget,ACE/USDT:USDT,0.5849,254.54,0.5848,689.66,0.585,86.41,0.5851,228.92
1753591908006,04:51:48.006,bitget,ACE/USDT:USDT,0.5849,254.54,0.5848,689.66,0.585,86.41,0.5851,228.92
1753591908156,04:51:48.156,bitget,ACE/USDT:USDT,0.5849,254.54,0.5848,689.66,0.585,86.41,0.5851,228.92
1753591908306,04:51:48.306,bitget,ACE/USDT:USDT,0.5849,254.54,0.5848,689.66,0.585,86.41,0.5851,228.92
1753591908456,04:51:48.456,bitget,ACE/USDT:USDT,0.5849,254.54,0.5848,288.82,0.585,86.41,0.5851,228.92
1753591908606,04:51:48.606,bitget,ACE/USDT:USDT,0.5849,254.54,0.5848,288.82,0.585,86.41,0.5851,228.92
1753591909057,04:51:49.057,bitget,ACE/USDT:USDT,0.5849,254.54,0.5848,288.82,0.585,86.41,0.5851,228.92
1753591909207,04:51:49.207,bitget,ACE/USDT:USDT,0.5849,254.54,0.5848,288.82,0.585,86.41,0.5851,228.92
1753591909357,04:51:49.357,bitget,ACE/USDT:USDT,0.5849,254.54,0.5848,288.82,0.585,86.41,0.5851,228.92
1753591909507,04:51:49.507,bitget,ACE/USDT:USDT,0.5849,254.54,0.5848,288.82,0.585,86.41,0.5851,228.92
1753591909807,04:51:49.807,bitget,ACE/USDT:USDT,0.5849,254.54,0.5848,288.82,0.585,86.41,0.5851,228.92
1753591909957,04:51:49.957,bitget,ACE/USDT:USDT,0.5849,254.54,0.5848,288.82,0.585,86.41,0.5851,228.92
1753591910257,04:51:50.257,bitget,ACE/USDT:USDT,0.5849,254.54,0.5848,288.82,0.585,86.41,0.5851,228.92
1753591910408,04:51:50.408,bitget,ACE/USDT:USDT,0.5849,254.54,0.5848,288.82,0.585,86.41,0.5851,228.92
1753591910558,04:51:50.558,bitget,ACE/USDT:USDT,0.5849,254.54,0.5848,288.82,0.585,86.41,0.5851,228.92
1753591910708,04:51:50.708,bitget,ACE/USDT:USDT,0.5849,254.54,0.5848,288.82,0.585,86.41,0.5851,228.92
1753591910858,04:51:50.858,bitget,ACE/USDT:USDT,0.5849,254.54,0.5848,288.82,0.585,86.41,0.5851,228.92
1753591911008,04:51:51.008,bitget,ACE/USDT:USDT,0.5849,254.54,0.5848,288.82,0.585,86.41,0.5851,228.92
1753591911158,04:51:51.158,bitget,ACE/USDT:USDT,0.5849,254.54,0.5848,288.82,0.585,86.41,0.5851,228.92
1753591911458,04:51:51.458,bitget,ACE/USDT:USDT,0.5849,254.54,0.5848,288.82,0.585,86.41,0.5851,228.92
1753591911608,04:51:51.608,bitget,ACE/USDT:USDT,0.5849,254.54,0.5848,288.82,0.585,86.41,0.5851,228.92
1753591911758,04:51:51.758,bitget,ACE/USDT:USDT,0.5849,62.23,0.5848,288.82,0.585,192.33,0.5851,228.92
1753591912059,04:51:52.059,bitget,ACE/USDT:USDT,0.5848,105.92,0.5847,346.79,0.5849,86.41,0.585,86.41
1753591912209,04:51:52.209,bitget,ACE/USDT:USDT,0.5848,105.92,0.5847,346.79,0.5849,86.41,0.585,228.38
1753591912359,04:51:52.359,bitget,ACE/USDT:USDT,0.5848,105.92,0.5847,261.29,0.5849,86.41,0.585,228.38
1753591912659,04:51:52.659,bitget,ACE/USDT:USDT,0.5848,105.92,0.5847,261.29,0.5849,86.41,0.585,228.38
1753591912809,04:51:52.809,bitget,ACE/USDT:USDT,0.5848,105.92,0.5847,261.29,0.5849,86.41,0.585,228.38
1753591912959,04:51:52.959,bitget,ACE/USDT:USDT,0.5848,105.92,0.5847,261.29,0.5849,86.41,0.585,228.38
1753591913109,04:51:53.109,bitget,ACE/USDT:USDT,0.5848,105.92,0.5847,261.29,0.5849,86.41,0.585,228.38
1753591913259,04:51:53.259,bitget,ACE/USDT:USDT,0.5848,105.92,0.5847,261.29,0.5849,86.41,0.585,228.38
1753591913409,04:51:53.409,bitget,ACE/USDT:USDT,0.5848,105.92,0.5847,261.29,0.5849,86.41,0.585,228.38
1753591913559,04:51:53.559,bitget,ACE/USDT:USDT,0.5848,105.92,0.5847,261.29,0.5849,86.41,0.585,228.38
1753591913860,04:51:53.860,bitget,ACE/USDT:USDT,0.5848,105.92,0.5847,261.29,0.5849,86.41,0.585,228.38
1753591914010,04:51:54.010,bitget,ACE/USDT:USDT,0.5848,105.92,0.5847,261.29,0.5849,86.41,0.585,228.38
1753591914610,04:51:54.610,bitget,ACE/USDT:USDT,0.5848,105.92,0.5847,261.29,0.5849,86.41,0.585,228.38
1753591914760,04:51:54.760,bitget,ACE/USDT:USDT,0.5848,105.92,0.5847,261.29,0.5849,86.41,0.585,228.38
1753591914910,04:51:54.910,bitget,ACE/USDT:USDT,0.5848,105.92,0.5847,261.29,0.5849,86.41,0.585,228.38
1753591915361,04:51:55.361,bitget,ACE/USDT:USDT,0.5848,105.92,0.5847,261.29,0.5849,86.41,0.585,228.38
1753591915661,04:51:55.661,bitget,ACE/USDT:USDT,0.5848,105.92,0.5847,261.29,0.5849,86.41,0.585,228.38
1753591915961,04:51:55.961,bitget,ACE/USDT:USDT,0.5848,105.92,0.5847,261.29,0.5849,86.41,0.585,228.38
1753591916561,04:51:56.561,bitget,ACE/USDT:USDT,0.5848,105.92,0.5847,261.29,0.585,86.41,0.5851,338.19
1753591916711,04:51:56.711,bitget,ACE/USDT:USDT,0.5848,105.92,0.5847,261.29,0.585,86.41,0.5851,338.19
1753591916862,04:51:56.862,bitget,ACE/USDT:USDT,0.5848,105.92,0.5847,261.29,0.585,86.41,0.5851,338.19
1753591917012,04:51:57.012,bitget,ACE/USDT:USDT,0.5848,105.92,0.5847,261.29,0.585,86.41,0.5851,338.19
1753591917162,04:51:57.162,bitget,ACE/USDT:USDT,0.5848,105.92,0.5847,261.29,0.585,86.41,0.5851,338.19
1753591917312,04:51:57.312,bitget,ACE/USDT:USDT,0.5848,105.92,0.5847,261.29,0.585,86.41,0.5851,338.19
1753591918062,04:51:58.062,bitget,ACE/USDT:USDT,0.5848,105.92,0.5847,261.29,0.585,86.41,0.5851,338.19
1753591918362,04:51:58.362,bitget,ACE/USDT:USDT,0.5848,105.92,0.5847,261.29,0.585,86.41,0.5851,338.19
1753591918513,04:51:58.513,bitget,ACE/USDT:USDT,0.5848,105.92,0.5847,261.29,0.585,86.41,0.5851,396.63
1753591918663,04:51:58.663,bitget,ACE/USDT:USDT,0.5848,105.92,0.5847,261.29,0.585,86.41,0.5851,396.63
1753591918813,04:51:58.813,bitget,ACE/USDT:USDT,0.5848,105.92,0.5847,261.29,0.585,196.43,0.5851,396.63
1753591918963,04:51:58.963,bitget,ACE/USDT:USDT,0.5848,105.92,0.5847,261.29,0.585,1461.04,0.5851,396.63
1753591919113,04:51:59.113,bitget,ACE/USDT:USDT,0.5848,105.92,0.5847,445.51,0.585,196.43,0.5851,396.63
1753591919413,04:51:59.413,bitget,ACE/USDT:USDT,0.5848,105.92,0.5847,445.51,0.585,196.43,0.5851,396.63
1753591919563,04:51:59.563,bitget,ACE/USDT:USDT,0.5848,105.92,0.5847,445.51,0.585,196.43,0.5851,396.63
1753591919713,04:51:59.713,bitget,ACE/USDT:USDT,0.5848,105.92,0.5847,445.51,0.585,196.43,0.5851,396.63
1753591919863,04:51:59.863,bitget,ACE/USDT:USDT,0.5848,105.92,0.5847,445.51,0.585,196.43,0.5851,396.63
1753591920164,04:52:00.164,bitget,ACE/USDT:USDT,0.5848,105.92,0.5847,445.51,0.585,196.43,0.5851,396.63
1753591920314,04:52:00.314,bitget,ACE/USDT:USDT,0.5848,105.92,0.5847,445.51,0.585,196.43,0.5851,396.63
1753591920614,04:52:00.614,bitget,ACE/USDT:USDT,0.5848,105.92,0.5847,519.99,0.585,86.41,0.5851,338.19
1753591920764,04:52:00.764,bitget,ACE/USDT:USDT,0.5848,105.92,0.5847,519.99,0.585,86.41,0.5851,338.19
1753591920914,04:52:00.914,bitget,ACE/USDT:USDT,0.5848,105.92,0.5847,519.99,0.585,86.41,0.5851,338.19
1753591921214,04:52:01.214,bitget,ACE/USDT:USDT,0.5848,105.92,0.5847,519.99,0.585,86.41,0.5851,338.19
1753591921514,04:52:01.514,bitget,ACE/USDT:USDT,0.5848,105.92,0.5847,519.99,0.585,86.41,0.5851,338.19
1753591921665,04:52:01.665,bitget,ACE/USDT:USDT,0.5848,346.71,0.5847,519.99,0.5851,228.17,0.5852,110.02
1753591921815,04:52:01.815,bitget,ACE/USDT:USDT,0.5849,169.2,0.5848,191.38,0.5852,227.94,0.5854,105.9
1753591921965,04:52:01.965,bitget,ACE/USDT:USDT,0.585,110.02,0.5849,169.2,0.5851,86.41,0.5853,227.94
1753591922115,04:52:02.115,bitget,ACE/USDT:USDT,0.585,110.02,0.5849,570.04,0.5851,86.41,0.5852,337.96
1753591922415,04:52:02.415,bitget,ACE/USDT:USDT,0.5849,169.2,0.5848,191.38,0.585,86.41,0.5851,196.43
1753591922715,04:52:02.715,bitget,ACE/USDT:USDT,0.5848,352.07,0.5847,649.14,0.585,86.41,0.5851,337.96
1753591923015,04:52:03.015,bitget,ACE/USDT:USDT,0.5849,110.02,0.5848,105.92,0.585,227.79,0.5851,110.02
1753591923165,04:52:03.165,bitget,ACE/USDT:USDT,0.5848,328.9,0.5847,946.8,0.585,86.41,0.5851,337.81
1753591923466,04:52:03.466,bitget,ACE/USDT:USDT,0.5849,110.02,0.5848,328.9,0.585,86.41,0.5851,337.81
1753591923616,04:52:03.616,bitget,ACE/USDT:USDT,0.5849,110.02,0.5848,328.9,0.585,86.41,0.5851,337.81
1753591923916,04:52:03.916,bitget,ACE/USDT:USDT,0.5849,110.02,0.5848,328.9,0.585,86.41,0.5851,337.81
1753591924066,04:52:04.066,bitget,ACE/USDT:USDT,0.5849,110.02,0.5848,328.9,0.585,86.41,0.5851,337.81
1753591924216,04:52:04.216,bitget,ACE/USDT:USDT,0.5849,169.2,0.5848,428.35,0.585,86.41,0.5851,227.79
1753591924366,04:52:04.366,bitget,ACE/USDT:USDT,0.5849,169.2,0.5848,428.35,0.5851,227.79,0.5853,110.02
1753591924516,04:52:04.516,bitget,ACE/USDT:USDT,0.5849,169.2,0.5848,428.35,0.5852,227.67,0.5853,110.02
1753591924816,04:52:04.816,bitget,ACE/USDT:USDT,0.5849,169.2,0.5848,342.87,0.5852,211.33,0.5853,337.69
1753591925117,04:52:05.117,bitget,ACE/USDT:USDT,0.5849,169.2,0.5848,342.87,0.5852,211.33,0.5853,337.69
1753591925267,04:52:05.267,bitget,ACE/USDT:USDT,0.5849,169.2,0.5848,342.87,0.5852,211.33,0.5853,337.69
1753591925417,04:52:05.417,bitget,ACE/USDT:USDT,0.5849,169.2,0.5848,342.87,0.5852,211.33,0.5853,337.69
1753591925567,04:52:05.567,bitget,ACE/USDT:USDT,0.585,105.51,0.5849,169.2,0.5852,211.33,0.5853,337.69
1753591925717,04:52:05.717,bitget,ACE/USDT:USDT,0.585,105.51,0.5849,169.2,0.5851,86.41,0.5852,211.33
1753591925867,04:52:05.867,bitget,ACE/USDT:USDT,0.585,105.51,0.5849,169.2,0.5851,86.41,0.5852,211.33
1753591926017,04:52:06.017,bitget,ACE/USDT:USDT,0.5849,169.2,0.5848,342.87,0.5851,191.92,0.5852,438.87
1753591926167,04:52:06.167,bitget,ACE/USDT:USDT,0.5849,169.2,0.5848,428.35,0.585,86.41,0.5851,191.92
1753591926317,04:52:06.317,bitget,ACE/USDT:USDT,0.5849,169.2,0.5848,428.35,0.585,86.41,0.5851,333.05
1753591926618,04:52:06.618,bitget,ACE/USDT:USDT,0.5849,110.02,0.5848,328.9,0.585,86.41,0.5851,333.05
1753591926768,04:52:06.768,bitget,ACE/USDT:USDT,0.5849,110.02,0.5848,328.9,0.585,86.41,0.5851,333.05
1753591926918,04:52:06.918,bitget,ACE/USDT:USDT,0.5849,110.02,0.5848,328.9,0.585,86.41,0.5851,333.05
1753591927068,04:52:07.068,bitget,ACE/USDT:USDT,0.5849,110.02,0.5848,328.9,0.585,86.41,0.5851,333.05
1753591927218,04:52:07.218,bitget,ACE/USDT:USDT,0.5849,110.02,0.5848,328.9,0.585,86.41,0.5851,333.05
1753591927518,04:52:07.518,bitget,ACE/USDT:USDT,0.5849,110.02,0.5848,328.9,0.585,86.41,0.5851,333.05
1753591927818,04:52:07.818,bitget,ACE/USDT:USDT,0.5849,110.02,0.5848,328.9,0.585,86.41,0.5851,333.05
1753591927968,04:52:07.968,bitget,ACE/USDT:USDT,0.5849,110.02,0.5848,328.9,0.585,86.41,0.5851,333.05
1753591928269,04:52:08.269,bitget,ACE/USDT:USDT,0.5849,110.02,0.5848,328.9,0.585,86.41,0.5851,333.05
1753591928419,04:52:08.419,bitget,ACE/USDT:USDT,0.5848,328.9,0.5847,946.8,0.585,86.41,0.5851,333.05
1753591928569,04:52:08.569,bitget,ACE/USDT:USDT,0.5848,105.92,0.5847,278.38,0.5849,86.41,0.585,86.41
1753591928719,04:52:08.719,bitget,ACE/USDT:USDT,0.5848,105.92,0.5847,363.88,0.5849,86.41,0.585,227.51
1753591928869,04:52:08.869,bitget,ACE/USDT:USDT,0.5848,105.92,0.5847,363.88,0.585,227.51,0.5851,105.51
1753591929319,04:52:09.319,bitget,ACE/USDT:USDT,0.5848,105.92,0.5847,278.38,0.585,86.41,0.5851,333.02
1753591929619,04:52:09.619,bitget,ACE/USDT:USDT,0.5848,105.92,0.5847,946.8,0.585,86.41,0.5851,333.02
1753591929920,04:52:09.920,bitget,ACE/USDT:USDT,0.5848,105.92,0.5847,278.38,0.585,86.41,0.5851,333.02
1753591930370,04:52:10.370,bitget,ACE/USDT:USDT,0.5848,105.92,0.5847,278.38,0.585,86.41,0.5851,333.02
1753591930670,04:52:10.670,bitget,ACE/USDT:USDT,0.5848,105.92,0.5847,278.38,0.585,86.41,0.5851,333.02
1753591930970,04:52:10.970,bitget,ACE/USDT:USDT,0.5848,105.92,0.5847,278.38,0.585,86.41,0.5851,333.02
1753591931120,04:52:11.120,bitget,ACE/USDT:USDT,0.5848,105.92,0.5847,278.38,0.585,86.41,0.5851,333.02
1753591931420,04:52:11.420,bitget,ACE/USDT:USDT,0.5848,105.92,0.5847,278.38,0.585,86.41,0.5851,333.02
1753591931571,04:52:11.571,bitget,ACE/USDT:USDT,0.5848,105.92,0.5847,278.38,0.585,86.41,0.5851,333.02
1753591931871,04:52:11.871,bitget,ACE/USDT:USDT,0.5848,105.92,0.5847,278.38,0.585,86.41,0.5851,333.02
1753591932321,04:52:12.321,bitget,ACE/USDT:USDT,0.5848,105.92,0.5847,278.38,0.585,86.41,0.5851,333.02
1753591932471,04:52:12.471,bitget,ACE/USDT:USDT,0.5848,105.92,0.5847,278.38,0.585,86.41,0.5851,333.02
1753591932621,04:52:12.621,bitget,ACE/USDT:USDT,0.5848,105.92,0.5847,278.38,0.585,86.41,0.5851,333.02
1753591932921,04:52:12.921,bitget,ACE/USDT:USDT,0.5848,105.92,0.5847,278.38,0.585,86.41,0.5851,333.02
1753591933071,04:52:13.071,bitget,ACE/USDT:USDT,0.5848,105.92,0.5847,278.38,0.585,86.41,0.5851,333.02
1753591933222,04:52:13.222,bitget,ACE/USDT:USDT,0.5848,105.92,0.5847,278.38,0.585,1351.03,0.5851,333.02
1753591933372,04:52:13.372,bitget,ACE/USDT:USDT,0.5848,105.92,0.5847,278.38,0.585,86.41,0.5851,333.02
1753591933822,04:52:13.822,bitget,ACE/USDT:USDT,0.5848,105.92,0.5847,278.38,0.585,86.41,0.5851,333.02
1753591934122,04:52:14.122,bitget,ACE/USDT:USDT,0.5848,105.92,0.5847,278.38,0.585,86.41,0.5851,333.02
1753591934272,04:52:14.272,bitget,ACE/USDT:USDT,0.5848,105.92,0.5847,278.38,0.585,86.41,0.5851,333.02
1753591934422,04:52:14.422,bitget,ACE/USDT:USDT,0.5848,105.92,0.5847,278.38,0.585,86.41,0.5851,333.02
1753591934572,04:52:14.572,bitget,ACE/USDT:USDT,0.5848,105.92,0.5847,278.38,0.585,86.41,0.5851,1597.57
1753591934723,04:52:14.723,bitget,ACE/USDT:USDT,0.5848,105.92,0.5847,278.38,0.585,86.41,0.5851,333.02
1753591934873,04:52:14.873,bitget,ACE/USDT:USDT,0.5848,105.92,0.5847,278.38,0.585,86.41,0.5851,227.51
1753591935023,04:52:15.023,bitget,ACE/USDT:USDT,0.5848,105.92,0.5847,278.38,0.585,86.41,0.5851,227.51
1753591935173,04:52:15.173,bitget,ACE/USDT:USDT,0.5848,105.92,0.5847,278.38,0.585,86.41,0.5851,227.51
1753591935623,04:52:15.623,bitget,ACE/USDT:USDT,0.5848,105.92,0.5847,278.38,0.585,86.41,0.5851,227.51
1753591935773,04:52:15.773,bitget,ACE/USDT:USDT,0.5848,105.92,0.5847,278.38,0.585,86.41,0.5851,227.51
1753591936073,04:52:16.073,bitget,ACE/USDT:USDT,0.5848,105.92,0.5847,278.38,0.585,86.41,0.5851,227.51
1753591936223,04:52:16.223,bitget,ACE/USDT:USDT,0.5848,105.92,0.5847,278.38,0.585,86.41,0.5851,227.51
1753591936524,04:52:16.524,bitget,ACE/USDT:USDT,0.5848,105.92,0.5847,278.38,0.585,86.41,0.5851,227.51
1753591936974,04:52:16.974,bitget,ACE/USDT:USDT,0.5848,105.92,0.5847,278.38,0.585,86.41,0.5851,227.51
1753591937274,04:52:17.274,bitget,ACE/USDT:USDT,0.5848,105.92,0.5847,278.38,0.585,86.41,0.5851,227.51
1753591937424,04:52:17.424,bitget,ACE/USDT:USDT,0.5848,105.92,0.5847,278.38,0.585,86.41,0.5851,227.51
1753591937574,04:52:17.574,bitget,ACE/USDT:USDT,0.5848,105.92,0.5847,278.38,0.585,86.41,0.5851,227.51
1753591937724,04:52:17.724,bitget,ACE/USDT:USDT,0.5848,105.92,0.5847,278.38,0.585,86.41,0.5851,227.51
1753591938025,04:52:18.025,bitget,ACE/USDT:USDT,0.5848,105.92,0.5847,278.38,0.585,86.41,0.5851,227.51
1753591938625,04:52:18.625,bitget,ACE/USDT:USDT,0.5848,105.92,0.5847,278.38,0.585,86.41,0.5851,227.51
1753591938775,04:52:18.775,bitget,ACE/USDT:USDT,0.5848,105.92,0.5847,278.38,0.585,86.41,0.5851,227.51
1753591939526,04:52:19.526,bitget,ACE/USDT:USDT,0.5848,105.92,0.5847,278.38,0.585,86.41,0.5851,227.51
1753591939676,04:52:19.676,bitget,ACE/USDT:USDT,0.5848,105.92,0.5847,278.38,0.585,86.41,0.5851,227.51
1753591939826,04:52:19.826,bitget,ACE/USDT:USDT,0.5848,105.92,0.5847,278.38,0.585,86.41,0.5851,227.51
1753591939976,04:52:19.976,bitget,ACE/USDT:USDT,0.5848,105.92,0.5847,278.38,0.585,86.41,0.5851,227.51
1753591940126,04:52:20.126,bitget,ACE/USDT:USDT,0.5848,105.92,0.5847,278.38,0.585,86.41,0.5851,227.51
1753591940576,04:52:20.576,bitget,ACE/USDT:USDT,0.5848,105.92,0.5847,278.38,0.585,86.41,0.5851,227.51
1753591940726,04:52:20.726,bitget,ACE/USDT:USDT,0.5848,105.92,0.5847,278.38,0.585,86.41,0.5851,227.51
1753591941026,04:52:21.026,bitget,ACE/USDT:USDT,0.5848,105.92,0.5847,278.38,0.585,86.41,0.5851,227.51
1753591941177,04:52:21.177,bitget,ACE/USDT:USDT,0.5848,105.92,0.5847,278.38,0.585,86.41,0.5851,227.51
1753591941327,04:52:21.327,bitget,ACE/USDT:USDT,0.5848,105.92,0.5847,278.38,0.585,86.41,0.5851,227.51
1753591941477,04:52:21.477,bitget,ACE/USDT:USDT,0.5848,105.92,0.5847,278.38,0.585,86.41,0.5851,227.51
1753591941627,04:52:21.627,bitget,ACE/USDT:USDT,0.5848,105.92,0.5847,278.38,0.585,86.41,0.5851,227.51
1753591941777,04:52:21.777,bitget,ACE/USDT:USDT,0.5848,105.92,0.5847,278.38,0.585,86.41,0.5851,227.51
1753591941927,04:52:21.927,bitget,ACE/USDT:USDT,0.5848,105.92,0.5847,278.38,0.585,86.41,0.5851,227.51
1753591942077,04:52:22.077,bitget,ACE/USDT:USDT,0.5848,105.92,0.5847,278.38,0.585,86.41,0.5851,227.51
1753591942227,04:52:22.227,bitget,ACE/USDT:USDT,0.5848,105.92,0.5847,278.38,0.585,86.41,0.5851,227.51
1753591942377,04:52:22.377,bitget,ACE/USDT:USDT,0.5848,105.92,0.5847,278.38,0.585,86.41,0.5851,227.51
1753591942677,04:52:22.677,bitget,ACE/USDT:USDT,0.5848,105.92,0.5847,278.38,0.585,86.41,0.5851,227.51
1753591942828,04:52:22.828,bitget,ACE/USDT:USDT,0.5848,105.92,0.5847,278.38,0.585,86.41,0.5851,227.51
1753591942978,04:52:22.978,bitget,ACE/USDT:USDT,0.5848,105.92,0.5847,278.38,0.585,86.41,0.5851,227.51
1753591943128,04:52:23.128,bitget,ACE/USDT:USDT,0.5848,105.92,0.5847,278.38,0.585,86.41,0.5851,227.51
1753591943278,04:52:23.278,bitget,ACE/USDT:USDT,0.5848,105.92,0.5847,278.38,0.585,86.41,0.5851,227.51
1753591943428,04:52:23.428,bitget,ACE/USDT:USDT,0.585,86.41,0.5848,907.6,0.5852,226.88,0.5853,105.51
1753591943578,04:52:23.578,bitget,ACE/USDT:USDT,0.585,86.41,0.5849,392.5,0.5853,332.39,0.5855,518.25
1753591943728,04:52:23.728,bitget,ACE/USDT:USDT,0.585,192.64,0.5849,293.05,0.5852,106.23,0.5853,105.51
1753591943878,04:52:23.878,bitget,ACE/USDT:USDT,0.585,192.64,0.5849,372.37,0.5851,86.41,0.5853,332.27
1753591944028,04:52:24.028,bitget,ACE/USDT:USDT,0.585,192.64,0.5849,372.37,0.5851,86.41,0.5852,332.99
1753591944178,04:52:24.178,bitget,ACE/USDT:USDT,0.585,192.64,0.5849,372.37,0.5851,86.41,0.5852,332.99
1753591944328,04:52:24.328,bitget,ACE/USDT:USDT,0.585,192.64,0.5849,372.37,0.5851,86.41,0.5852,332.99
1753591944629,04:52:24.629,bitget,ACE/USDT:USDT,0.585,192.64,0.5849,372.37,0.5851,86.41,0.5852,226.76
1753591944779,04:52:24.779,bitget,ACE/USDT:USDT,0.585,192.64,0.5849,372.37,0.5851,86.41,0.5852,226.76
1753591944929,04:52:24.929,bitget,ACE/USDT:USDT,0.585,192.64,0.5849,372.37,0.5851,86.41,0.5852,226.76
1753591945079,04:52:25.079,bitget,ACE/USDT:USDT,0.585,192.64,0.5849,372.37,0.5851,86.41,0.5852,226.76
1753591945229,04:52:25.229,bitget,ACE/USDT:USDT,0.585,192.64,0.5849,372.37,0.5851,86.41,0.5852,226.76
1753591945379,04:52:25.379,bitget,ACE/USDT:USDT,0.585,192.64,0.5849,372.37,0.5851,86.41,0.5852,226.76
1753591945529,04:52:25.529,bitget,ACE/USDT:USDT,0.585,192.64,0.5849,372.37,0.5851,86.41,0.5852,226.76
1753591945679,04:52:25.679,bitget,ACE/USDT:USDT,0.585,192.64,0.5849,372.37,0.5851,86.41,0.5852,226.76
1753591945829,04:52:25.829,bitget,ACE/USDT:USDT,0.585,192.64,0.5849,372.37,0.5851,86.41,0.5852,226.76
1753591945979,04:52:25.979,bitget,ACE/USDT:USDT,0.585,192.64,0.5849,372.37,0.5851,86.41,0.5852,226.76
1753591946130,04:52:26.130,bitget,ACE/USDT:USDT,0.585,192.64,0.5849,372.37,0.5851,86.41,0.5852,226.76
1753591946580,04:52:26.580,bitget,ACE/USDT:USDT,0.585,192.64,0.5849,372.37,0.5851,86.41,0.5852,226.76
1753591946730,04:52:26.730,bitget,ACE/USDT:USDT,0.585,192.64,0.5849,372.37,0.5851,86.41,0.5852,226.76
1753591946880,04:52:26.880,bitget,ACE/USDT:USDT,0.585,192.64,0.5849,372.37,0.5851,86.41,0.5852,226.76
1753591947030,04:52:27.030,bitget,ACE/USDT:USDT,0.585,192.64,0.5849,372.37,0.5851,86.41,0.5852,226.76
1753591947180,04:52:27.180,bitget,ACE/USDT:USDT,0.585,192.64,0.5849,372.37,0.5851,86.41,0.5852,226.76
1753591947330,04:52:27.330,bitget,ACE/USDT:USDT,0.585,192.64,0.5849,372.37,0.5851,86.41,0.5852,226.76
1753591947480,04:52:27.480,bitget,ACE/USDT:USDT,0.585,192.64,0.5849,372.37,0.5851,86.41,0.5852,226.76
1753591947631,04:52:27.631,bitget,ACE/USDT:USDT,0.585,192.64,0.5849,372.37,0.5851,86.41,0.5852,226.76
1753591947781,04:52:27.781,bitget,ACE/USDT:USDT,0.585,192.64,0.5849,372.37,0.5851,86.41,0.5852,226.76
1753591947931,04:52:27.931,bitget,ACE/USDT:USDT,0.585,192.64,0.5849,372.37,0.5851,86.41,0.5852,226.76
1753591948081,04:52:28.081,bitget,ACE/USDT:USDT,0.585,192.64,0.5849,372.37,0.5851,86.41,0.5852,226.76
1753591948231,04:52:28.231,bitget,ACE/USDT:USDT,0.585,192.64,0.5849,372.37,0.5851,86.41,0.5852,226.76
1753591948381,04:52:28.381,bitget,ACE/USDT:USDT,0.585,86.41,0.5849,106.23,0.5851,191.5,0.5852,285.2
1753591948531,04:52:28.531,bitget,ACE/USDT:USDT,0.585,86.41,0.5849,106.23,0.5851,191.5,0.5852,285.2
1753591948681,04:52:28.681,bitget,ACE/USDT:USDT,0.585,86.41,0.5849,106.23,0.5851,191.5,0.5852,285.2
1753591948831,04:52:28.831,bitget,ACE/USDT:USDT,0.585,86.41,0.5849,106.23,0.5851,191.5,0.5852,285.2
1753591948981,04:52:28.981,bitget,ACE/USDT:USDT,0.585,86.41,0.5849,106.23,0.5851,191.5,0.5852,285.2
1753591949282,04:52:29.282,bitget,ACE/USDT:USDT,0.585,86.41,0.5849,106.23,0.5851,191.5,0.5852,285.2
1753591949582,04:52:29.582,bitget,ACE/USDT:USDT,0.5848,352.07,0.5847,199.06,0.5849,129.61,0.585,86.41
1753591949732,04:52:29.732,bitget,ACE/USDT:USDT,0.5848,105.92,0.5847,278.38,0.585,226.58,0.5851,105.09
1753591949882,04:52:29.882,bitget,ACE/USDT:USDT,0.5848,105.92,0.5847,946.8,0.585,86.41,0.5851,331.67
1753591950632,04:52:30.632,bitget,ACE/USDT:USDT,0.5848,105.92,0.5847,278.38,0.585,191.5,0.5851,331.67
1753591950782,04:52:30.782,bitget,ACE/USDT:USDT,0.5848,105.92,0.5847,278.38,0.585,191.5,0.5851,331.67
1753591951233,04:52:31.233,bitget,ACE/USDT:USDT,0.5848,105.92,0.5847,278.38,0.585,86.41,0.5851,331.67
1753591951383,04:52:31.383,bitget,ACE/USDT:USDT,0.5848,105.92,0.5847,278.38,0.585,191.5,0.5851,331.67
1753591951533,04:52:31.533,bitget,ACE/USDT:USDT,0.5848,105.92,0.5847,278.38,0.585,191.5,0.5851,331.67
1753591951683,04:52:31.683,bitget,ACE/USDT:USDT,0.5848,105.92,0.5847,278.38,0.585,191.5,0.5851,331.67
1753591951833,04:52:31.833,bitget,ACE/USDT:USDT,0.5848,105.92,0.5847,278.38,0.585,191.5,0.5851,331.67
1753591951983,04:52:31.983,bitget,ACE/USDT:USDT,0.5848,105.92,0.5847,278.38,0.585,191.5,0.5851,331.67
1753591952133,04:52:32.133,bitget,ACE/USDT:USDT,0.5848,105.92,0.5847,946.8,0.585,86.41,0.5851,331.67
1753591952283,04:52:32.283,bitget,ACE/USDT:USDT,0.5848,362.75,0.5847,946.8,0.585,86.41,0.5851,331.67
1753591952433,04:52:32.433,bitget,ACE/USDT:USDT,0.5849,105.09,0.5848,362.75,0.585,86.41,0.5851,331.67
1753591952734,04:52:32.734,bitget,ACE/USDT:USDT,0.5849,105.09,0.5848,277.26,0.585,86.41,0.5851,331.67
1753591952884,04:52:32.884,bitget,ACE/USDT:USDT,0.5849,105.09,0.5848,277.26,0.585,86.41,0.5851,331.67
1753591953034,04:52:33.034,bitget,ACE/USDT:USDT,0.5849,105.09,0.5848,277.26,0.585,86.41,0.5851,331.67
1753591953184,04:52:33.184,bitget,ACE/USDT:USDT,0.5848,277.26,0.5847,278.38,0.585,86.41,0.5851,331.67
1753591953334,04:52:33.334,bitget,ACE/USDT:USDT,0.5848,98.15,0.5847,278.38,0.5849,86.41,0.585,86.41
1753591953784,04:52:33.784,bitget,ACE/USDT:USDT,0.5848,98.15,0.5847,278.38,0.585,226.65,0.5851,105.09
1753591954084,04:52:34.084,bitget,ACE/USDT:USDT,0.5848,98.15,0.5847,278.38,0.585,86.41,0.5851,331.74
1753591954385,04:52:34.385,bitget,ACE/USDT:USDT,0.5848,98.15,0.5847,278.38,0.585,191.5,0.5851,331.74
1753591954535,04:52:34.535,bitget,ACE/USDT:USDT,0.5848,98.15,0.5847,278.38,0.585,191.5,0.5851,331.74
1753591954985,04:52:34.985,bitget,ACE/USDT:USDT,0.5848,98.15,0.5847,278.38,0.585,191.5,0.5851,331.74
1753591955135,04:52:35.135,bitget,ACE/USDT:USDT,0.5848,98.15,0.5847,278.38,0.585,191.5,0.5851,331.74
1753591955285,04:52:35.285,bitget,ACE/USDT:USDT,0.5848,98.15,0.5847,278.38,0.585,191.5,0.5851,331.74
1753591955435,04:52:35.435,bitget,ACE/USDT:USDT,0.5848,98.15,0.5847,278.38,0.585,191.5,0.5851,331.74
1753591955886,04:52:35.886,bitget,ACE/USDT:USDT,0.5848,98.15,0.5847,278.38,0.585,86.41,0.5851,331.74
1753591956036,04:52:36.036,bitget,ACE/USDT:USDT,0.5848,98.15,0.5847,278.38,0.585,86.41,0.5851,331.74
1753591956186,04:52:36.186,bitget,ACE/USDT:USDT,0.5848,98.15,0.5847,340.2,0.585,86.41,0.5851,331.74
1753591956786,04:52:36.786,bitget,ACE/USDT:USDT,0.5848,98.15,0.5847,340.2,0.585,86.41,0.5851,331.74
1753591956936,04:52:36.936,bitget,ACE/USDT:USDT,0.5848,98.15,0.5847,340.2,0.585,86.41,0.5851,331.74
1753591957086,04:52:37.086,bitget,ACE/USDT:USDT,0.5848,98.15,0.5847,340.2,0.585,86.41,0.5851,331.74
1753591957237,04:52:37.237,bitget,ACE/USDT:USDT,0.5848,98.15,0.5847,340.2,0.585,86.41,0.5851,331.74
1753591957537,04:52:37.537,bitget,ACE/USDT:USDT,0.5848,98.15,0.5847,340.2,0.585,193.27,0.5851,331.74
1753591957687,04:52:37.687,bitget,ACE/USDT:USDT,0.5848,98.15,0.5847,340.2,0.585,193.27,0.5851,331.74
1753591957837,04:52:37.837,bitget,ACE/USDT:USDT,0.5848,98.15,0.5847,340.2,0.585,193.27,0.5851,331.74
1753591957987,04:52:37.987,bitget,ACE/USDT:USDT,0.5848,98.15,0.5847,340.2,0.585,193.27,0.5851,331.74
1753591958137,04:52:38.137,bitget,ACE/USDT:USDT,0.5848,98.15,0.5847,340.2,0.585,193.27,0.5851,331.74
1753591958287,04:52:38.287,bitget,ACE/USDT:USDT,0.5848,98.15,0.5847,340.2,0.585,193.27,0.5851,331.74
1753591958437,04:52:38.437,bitget,ACE/USDT:USDT,0.5848,98.15,0.5847,340.2,0.585,193.27,0.5851,331.74
1753591958587,04:52:38.587,bitget,ACE/USDT:USDT,0.5848,98.15,0.5847,340.2,0.585,193.27,0.5851,331.74
1753591958737,04:52:38.737,bitget,ACE/USDT:USDT,0.5848,98.15,0.5847,340.2,0.585,193.27,0.5851,331.74
1753591959038,04:52:39.038,bitget,ACE/USDT:USDT,0.5848,98.15,0.5847,340.2,0.585,86.41,0.5851,331.74
1753591959338,04:52:39.338,bitget,ACE/USDT:USDT,0.5848,98.15,0.5847,340.2,0.585,86.41,0.5851,331.74
1753591959638,04:52:39.638,bitget,ACE/USDT:USDT,0.5848,98.15,0.5847,340.2,0.585,86.41,0.5851,331.74
1753591960088,04:52:40.088,bitget,ACE/USDT:USDT,0.5848,183.63,0.5847,593.65,0.5852,226.37,0.5853,106.86
1753591960238,04:52:40.238,bitget,ACE/USDT:USDT,0.5849,106.86,0.5848,183.63,0.5853,333.23,0.5854,517.16
1753591961289,04:52:41.289,bitget,ACE/USDT:USDT,0.5849,106.86,0.5848,183.62,0.585,86.41,0.5851,333.23
1753591961439,04:52:41.439,bitget,ACE/USDT:USDT,0.5849,106.86,0.5848,183.62,0.585,86.41,0.5851,333.23
1753591961589,04:52:41.589,bitget,ACE/USDT:USDT,0.5849,106.86,0.5848,183.62,0.585,86.41,0.5851,333.23
1753591961739,04:52:41.739,bitget,ACE/USDT:USDT,0.5848,98.15,0.5847,340.2,0.585,193.27,0.5851,333.23
1753591962189,04:52:42.189,bitget,ACE/USDT:USDT,0.5848,98.15,0.5847,340.2,0.585,86.41,0.5851,333.23
1753591962340,04:52:42.340,bitget,ACE/USDT:USDT,0.5848,98.15,0.5847,340.2,0.585,86.41,0.5851,333.23
1753591962640,04:52:42.640,bitget,ACE/USDT:USDT,0.5848,98.15,0.5847,340.2,0.585,86.41,0.5851,333.23
1753591962790,04:52:42.790,bitget,ACE/USDT:USDT,0.5848,98.15,0.5847,340.2,0.585,86.41,0.5851,333.23
1753591962940,04:52:42.940,bitget,ACE/USDT:USDT,0.5848,98.15,0.5847,340.2,0.585,86.41,0.5851,333.23
1753591963240,04:52:43.240,bitget,ACE/USDT:USDT,0.5848,98.15,0.5847,340.2,0.585,86.41,0.5851,333.23
1753591964441,04:52:44.441,bitget,ACE/USDT:USDT,0.5849,106.86,0.5848,183.63,0.585,86.41,0.5851,226.37
1753591964591,04:52:44.591,bitget,ACE/USDT:USDT,0.5849,171.01,0.5848,278.12,0.585,86.41,0.5851,226.37
1753591964891,04:52:44.891,bitget,ACE/USDT:USDT,0.5849,171.01,0.5848,278.12,0.585,86.41,0.5851,226.37
1753591965191,04:52:45.191,bitget,ACE/USDT:USDT,0.5849,171.01,0.5848,278.12,0.585,86.41,0.5851,226.37
1753591965342,04:52:45.342,bitget,ACE/USDT:USDT,0.5849,171.01,0.5848,278.12,0.585,86.41,0.5851,226.37
1753591965492,04:52:45.492,bitget,ACE/USDT:USDT,0.5849,171.01,0.5848,278.12,0.585,86.41,0.5851,226.37
1753591966092,04:52:46.092,bitget,ACE/USDT:USDT,0.5849,171.01,0.5848,278.12,0.585,86.41,0.5851,226.37
1753591966392,04:52:46.392,bitget,ACE/USDT:USDT,0.5849,171.01,0.5848,278.12,0.585,86.41,0.5851,226.37
1753591966993,04:52:46.993,bitget,ACE/USDT:USDT,0.5849,171.01,0.5848,278.12,0.585,86.41,0.5851,226.37
1753591967143,04:52:47.143,bitget,ACE/USDT:USDT,0.5849,171.01,0.5848,278.12,0.585,86.41,0.5851,226.37
1753591967293,04:52:47.293,bitget,ACE/USDT:USDT,0.5849,171.01,0.5848,278.12,0.585,86.41,0.5851,226.37
1753591967893,04:52:47.893,bitget,ACE/USDT:USDT,0.5849,171.01,0.5848,278.12,0.585,86.41,0.5851,226.37
1753591968644,04:52:48.644,bitget,ACE/USDT:USDT,0.585,105.08,0.5849,171.01,0.5853,332.63,0.5854,106.23
1753591968944,04:52:48.944,bitget,ACE/USDT:USDT,0.585,105.08,0.5849,171.01,0.5851,86.41,0.5853,432.23
1753591969094,04:52:49.094,bitget,ACE/USDT:USDT,0.585,105.08,0.5849,171.01,0.5851,86.41,0.5852,460.44
1753591969544,04:52:49.544,bitget,ACE/USDT:USDT,0.585,105.08,0.5849,171.01,0.5851,86.41,0.5852,330.77
1753591969844,04:52:49.844,bitget,ACE/USDT:USDT,0.585,105.08,0.5849,171.01,0.5851,86.41,0.5852,330.77
1753591970145,04:52:50.145,bitget,ACE/USDT:USDT,0.585,105.08,0.5849,171.01,0.5851,86.41,0.5852,330.77
1753591970295,04:52:50.295,bitget,ACE/USDT:USDT,0.585,105.08,0.5849,171.01,0.5851,86.41,0.5852,330.77
1753591970445,04:52:50.445,bitget,ACE/USDT:USDT,0.585,105.08,0.5849,171.01,0.5851,86.41,0.5852,330.77
1753591970595,04:52:50.595,bitget,ACE/USDT:USDT,0.585,105.08,0.5849,171.01,0.5851,86.41,0.5852,330.77
1753591971045,04:52:51.045,bitget,ACE/USDT:USDT,0.585,105.08,0.5849,171.01,0.5851,86.41,0.5852,330.77
1753591971345,04:52:51.345,bitget,ACE/USDT:USDT,0.585,105.08,0.5849,171.01,0.5851,86.41,0.5852,330.77
1753591971495,04:52:51.495,bitget,ACE/USDT:USDT,0.585,105.08,0.5849,171.01,0.5851,86.41,0.5852,330.77
1753591971946,04:52:51.946,bitget,ACE/USDT:USDT,0.585,105.08,0.5849,171.01,0.5851,86.41,0.5852,330.77
1753591972246,04:52:52.246,bitget,ACE/USDT:USDT,0.585,105.08,0.5849,171.01,0.5851,86.41,0.5852,1595.14
1753591972546,04:52:52.546,bitget,ACE/USDT:USDT,0.585,105.08,0.5849,171.01,0.5851,86.41,0.5852,330.77
1753591972696,04:52:52.696,bitget,ACE/USDT:USDT,0.585,105.08,0.5849,171.01,0.5851,86.41,0.5852,330.77
1753591973146,04:52:53.146,bitget,ACE/USDT:USDT,0.585,105.08,0.5849,171.01,0.5851,86.41,0.5852,225.69
1753591973747,04:52:53.747,bitget,ACE/USDT:USDT,0.585,105.08,0.5849,171.01,0.5851,86.41,0.5852,225.69
1753591973897,04:52:53.897,bitget,ACE/USDT:USDT,0.585,105.08,0.5849,171.01,0.5851,86.41,0.5852,225.69
1753591974047,04:52:54.047,bitget,ACE/USDT:USDT,0.585,105.08,0.5849,171.01,0.5851,86.41,0.5852,225.69
1753591974197,04:52:54.197,bitget,ACE/USDT:USDT,0.585,105.08,0.5849,171.01,0.5851,86.41,0.5852,225.69
1753591974497,04:52:54.497,bitget,ACE/USDT:USDT,0.585,105.08,0.5849,171.01,0.5851,86.41,0.5852,225.69
1753591974948,04:52:54.948,bitget,ACE/USDT:USDT,0.585,105.08,0.5849,171.01,0.5851,86.41,0.5852,225.69
1753591975098,04:52:55.098,bitget,ACE/USDT:USDT,0.585,105.08,0.5849,171.01,0.5851,86.41,0.5852,225.69
1753591975548,04:52:55.548,bitget,ACE/USDT:USDT,0.585,105.08,0.5849,171.01,0.5851,86.41,0.5852,225.69
1753591975848,04:52:55.848,bitget,ACE/USDT:USDT,0.5849,106.86,0.5848,183.6,0.5851,191.55,0.5852,284.13
1753591975998,04:52:55.998,bitget,ACE/USDT:USDT,0.5849,106.86,0.5848,183.6,0.585,86.41,0.5851,191.55
1753591976148,04:52:56.148,bitget,ACE/USDT:USDT,0.5849,106.86,0.5848,183.6,0.585,86.41,0.5851,330.57
1753591976599,04:52:56.599,bitget,ACE/USDT:USDT,0.5849,106.86,0.5848,183.6,0.585,86.41,0.5851,330.57
1753591976749,04:52:56.749,bitget,ACE/USDT:USDT,0.5849,106.86,0.5848,183.6,0.585,86.41,0.5851,330.57
1753591976899,04:52:56.899,bitget,ACE/USDT:USDT,0.5849,106.86,0.5848,183.6,0.585,86.41,0.5851,330.57
1753591977049,04:52:57.049,bitget,ACE/USDT:USDT,0.5849,106.86,0.5848,183.6,0.585,86.41,0.5851,330.57
1753591977199,04:52:57.199,bitget,ACE/USDT:USDT,0.5849,106.86,0.5848,183.6,0.585,86.41,0.5851,330.57
1753591977349,04:52:57.349,bitget,ACE/USDT:USDT,0.5849,106.86,0.5848,183.6,0.585,86.41,0.5851,330.57
1753591977649,04:52:57.649,bitget,ACE/USDT:USDT,0.5849,106.86,0.5848,183.6,0.585,86.41,0.5851,330.57
1753591977799,04:52:57.799,bitget,ACE/USDT:USDT,0.5849,106.86,0.5848,183.6,0.585,86.41,0.5851,330.57
1753591977950,04:52:57.950,bitget,ACE/USDT:USDT,0.5849,106.86,0.5848,183.6,0.585,86.41,0.5851,330.57
1753591978250,04:52:58.250,bitget,ACE/USDT:USDT,0.5849,106.86,0.5848,262.92,0.585,86.41,0.5851,330.57
1753591978550,04:52:58.550,bitget,ACE/USDT:USDT,0.5849,106.86,0.5848,262.92,0.585,86.41,0.5851,330.57
1753591978700,04:52:58.700,bitget,ACE/USDT:USDT,0.5849,106.86,0.5848,262.92,0.585,86.41,0.5851,330.57
1753591978850,04:52:58.850,bitget,ACE/USDT:USDT,0.5849,106.86,0.5848,262.92,0.585,86.41,0.5851,330.57
1753591979150,04:52:59.150,bitget,ACE/USDT:USDT,0.5849,106.86,0.5848,262.92,0.585,86.41,0.5851,330.57
1753591979300,04:52:59.300,bitget,ACE/USDT:USDT,0.5849,106.86,0.5848,262.92,0.585,86.41,0.5851,330.57
1753591979450,04:52:59.450,bitget,ACE/USDT:USDT,0.5849,105.14,0.5848,177.47,0.585,86.41,0.5851,225.43
1753591979751,04:52:59.751,bitget,ACE/USDT:USDT,0.5849,105.14,0.5848,262.95,0.585,86.41,0.5851,225.43
1753591980201,04:53:00.201,bitget,ACE/USDT:USDT,0.5849,105.14,0.5848,262.95,0.585,86.41,0.5851,225.43
1753591980351,04:53:00.351,bitget,ACE/USDT:USDT,0.5849,105.14,0.5848,262.95,0.585,86.41,0.5851,225.43
1753591980501,04:53:00.501,bitget,ACE/USDT:USDT,0.5849,105.14,0.5848,262.95,0.585,86.41,0.5851,225.43
1753591980651,04:53:00.651,bitget,ACE/USDT:USDT,0.5849,105.14,0.5848,262.95,0.585,86.41,0.5851,225.43
1753591980801,04:53:00.801,bitget,ACE/USDT:USDT,0.5849,105.14,0.5848,262.95,0.585,86.41,0.5851,225.43
1753591980951,04:53:00.951,bitget,ACE/USDT:USDT,0.5849,105.14,0.5848,262.95,0.585,86.41,0.5851,225.43
1753591981402,04:53:01.402,bitget,ACE/USDT:USDT,0.5849,105.14,0.5848,262.95,0.585,86.41,0.5851,225.43
1753591981702,04:53:01.702,bitget,ACE/USDT:USDT,0.5849,105.14,0.5848,262.95,0.585,86.41,0.5851,225.43
1753591982002,04:53:02.002,bitget,ACE/USDT:USDT,0.5849,105.14,0.5848,262.95,0.585,86.41,0.5851,225.43
1753591982152,04:53:02.152,bitget,ACE/USDT:USDT,0.5849,105.14,0.5848,262.95,0.585,86.41,0.5851,225.43
1753591982903,04:53:02.903,bitget,ACE/USDT:USDT,0.5849,105.14,0.5848,262.95,0.585,86.41,0.5851,225.43
1753591983353,04:53:03.353,bitget,ACE/USDT:USDT,0.5849,105.14,0.5848,262.95,0.585,86.41,0.5851,225.43
1753591983653,04:53:03.653,bitget,ACE/USDT:USDT,0.5849,105.14,0.5848,526.11,0.5851,225.43,0.5852,163.58
1753591983803,04:53:03.803,bitget,ACE/USDT:USDT,0.5849,105.14,0.5848,526.11,0.5851,86.41,0.5852,388.74
1753591983953,04:53:03.953,bitget,ACE/USDT:USDT,0.5849,105.14,0.5848,526.11,0.5851,86.41,0.5852,388.74
1753591984253,04:53:04.253,bitget,ACE/USDT:USDT,0.5849,105.14,0.5848,526.11,0.5851,86.41,0.5852,388.74
1753591984404,04:53:04.404,bitget,ACE/USDT:USDT,0.5849,105.14,0.5848,526.11,0.5851,86.41,0.5852,388.74
1753591984554,04:53:04.554,bitget,ACE/USDT:USDT,0.5848,526.11,0.5847,552.35,0.5851,191.55,0.5852,388.74
1753591984704,04:53:04.704,bitget,ACE/USDT:USDT,0.5849,105.14,0.5848,526.11,0.585,86.41,0.5851,191.55
1753591984854,04:53:04.854,bitget,ACE/USDT:USDT,0.5849,105.14,0.5848,526.11,0.585,86.41,0.5851,330.23
1753591985154,04:53:05.154,bitget,ACE/USDT:USDT,0.5849,105.14,0.5848,526.11,0.585,86.41,0.5851,330.23
1753591985454,04:53:05.454,bitget,ACE/USDT:USDT,0.5848,526.11,0.5847,552.35,0.585,86.41,0.5851,330.23
1753591985904,04:53:05.904,bitget,ACE/USDT:USDT,0.5848,526.11,0.5847,552.35,0.585,86.41,0.5851,330.23
1753591986055,04:53:06.055,bitget,ACE/USDT:USDT,0.5848,526.11,0.5847,552.35,0.585,86.41,0.5851,330.23
1753591986505,04:53:06.505,bitget,ACE/USDT:USDT,0.5848,526.11,0.5847,552.35,0.585,195.07,0.5851,330.23
1753591986655,04:53:06.655,bitget,ACE/USDT:USDT,0.5848,526.11,0.5847,552.35,0.585,195.07,0.5851,330.23
1753591986955,04:53:06.955,bitget,ACE/USDT:USDT,0.5848,526.11,0.5847,552.35,0.585,195.07,0.5851,330.23
1753591987105,04:53:07.105,bitget,ACE/USDT:USDT,0.5848,526.11,0.5847,606.2,0.585,195.07,0.5851,330.23
1753591987255,04:53:07.255,bitget,ACE/USDT:USDT,0.5848,526.11,0.5847,606.2,0.585,195.07,0.5851,330.23
1753591987555,04:53:07.555,bitget,ACE/USDT:USDT,0.5848,526.11,0.5847,631.34,0.585,195.07,0.5851,330.23
1753591987706,04:53:07.706,bitget,ACE/USDT:USDT,0.5848,526.11,0.5847,631.34,0.585,86.41,0.5851,330.23
1753591987856,04:53:07.856,bitget,ACE/USDT:USDT,0.5849,108.66,0.5848,526.11,0.585,86.41,0.5851,330.23
1753591988006,04:53:08.006,bitget,ACE/USDT:USDT,0.5848,526.11,0.5847,631.34,0.585,86.41,0.5851,330.23
1753591988156,04:53:08.156,bitget,ACE/USDT:USDT,0.5848,526.11,0.5847,631.34,0.585,195.07,0.5851,330.23
1753591988756,04:53:08.756,bitget,ACE/USDT:USDT,0.5848,526.11,0.5847,631.34,0.585,86.41,0.5851,330.23
1753591989056,04:53:09.056,bitget,ACE/USDT:USDT,0.5848,526.11,0.5847,631.34,0.585,195.07,0.5851,330.23
1753591989206,04:53:09.206,bitget,ACE/USDT:USDT,0.5848,526.11,0.5847,631.34,0.585,195.07,0.5851,330.23
1753591989657,04:53:09.657,bitget,ACE/USDT:USDT,0.5848,526.11,0.5847,631.34,0.585,195.07,0.5851,330.23
1753591990107,04:53:10.107,bitget,ACE/USDT:USDT,0.5848,526.11,0.5847,631.34,0.585,195.07,0.5851,330.23
1753591990557,04:53:10.557,bitget,ACE/USDT:USDT,0.5848,526.11,0.5847,631.34,0.585,195.07,0.5851,330.23
1753591990857,04:53:10.857,bitget,ACE/USDT:USDT,0.5848,526.11,0.5847,631.34,0.585,195.07,0.5851,330.23
1753591991158,04:53:11.158,bitget,ACE/USDT:USDT,0.5848,526.11,0.5847,631.34,0.585,195.07,0.5851,330.23
1753591991308,04:53:11.308,bitget,ACE/USDT:USDT,0.5848,526.11,0.5847,631.34,0.585,195.07,0.5851,330.23
1753591991458,04:53:11.458,bitget,ACE/USDT:USDT,0.5848,526.11,0.5847,631.34,0.585,195.07,0.5851,330.23
1753591991608,04:53:11.608,bitget,ACE/USDT:USDT,0.5848,526.11,0.5847,631.34,0.585,195.07,0.5851,330.23
1753591991908,04:53:11.908,bitget,ACE/USDT:USDT,0.5848,526.11,0.5847,631.34,0.585,195.07,0.5851,330.23
1753591992809,04:53:12.809,bitget,ACE/USDT:USDT,0.5847,187.69,0.5846,1234.27,0.585,195.07,0.5851,330.23
1753591993259,04:53:13.259,bitget,ACE/USDT:USDT,0.5847,108.66,0.5846,1234.27,0.5848,86.41,0.5849,224.81
1753591993409,04:53:13.409,bitget,ACE/USDT:USDT,0.5847,108.66,0.5846,1234.27,0.5849,224.81,0.585,108.66
1753591993859,04:53:13.859,bitget,ACE/USDT:USDT,0.5847,321.12,0.5846,891.6,0.5849,108.66,0.585,392.16
1753591994009,04:53:14.009,bitget,ACE/USDT:USDT,0.5847,321.12,0.5846,891.6,0.5849,108.66,0.585,392.16
1753591994160,04:53:14.160,bitget,ACE/USDT:USDT,0.5847,321.12,0.5846,891.6,0.5849,108.66,0.585,392.16
1753591994610,04:53:14.610,bitget,ACE/USDT:USDT,0.5847,321.12,0.5846,891.6,0.585,167.1,0.5851,330.2
1753591994910,04:53:14.910,bitget,ACE/USDT:USDT,0.5847,321.12,0.5846,891.6,0.585,167.1,0.5851,330.2
1753591995060,04:53:15.060,bitget,ACE/USDT:USDT,0.5847,321.12,0.5846,891.6,0.585,167.1,0.5851,330.2
1753591995210,04:53:15.210,bitget,ACE/USDT:USDT,0.5848,105.19,0.5847,321.12,0.585,167.1,0.5851,330.2
1753591995360,04:53:15.360,bitget,ACE/USDT:USDT,0.5848,105.19,0.5847,321.11,0.5849,86.41,0.585,167.1
1753591995661,04:53:15.661,bitget,ACE/USDT:USDT,0.5847,321.11,0.5846,891.6,0.5849,191.6,0.585,392.31
1753591995811,04:53:15.811,bitget,ACE/USDT:USDT,0.5847,321.11,0.5846,891.6,0.5849,86.41,0.585,392.31
1753591996561,04:53:16.561,bitget,ACE/USDT:USDT,0.5848,105.19,0.5847,321.11,0.5849,86.41,0.585,392.31
1753591996711,04:53:16.711,bitget,ACE/USDT:USDT,0.5848,105.19,0.5847,321.11,0.5849,86.41,0.585,392.31
1753591997161,04:53:17.161,bitget,ACE/USDT:USDT,0.5848,105.19,0.5847,321.11,0.5849,86.41,0.585,392.31
1753591997312,04:53:17.312,bitget,ACE/USDT:USDT,0.5848,105.19,0.5847,321.11,0.5849,86.41,0.585,392.31
1753591997912,04:53:17.912,bitget,ACE/USDT:USDT,0.5847,321.11,0.5846,891.6,0.5849,86.41,0.585,392.31
1753591998062,04:53:18.062,bitget,ACE/USDT:USDT,0.5847,321.11,0.5846,891.6,0.5849,86.41,0.585,392.31
1753591998212,04:53:18.212,bitget,ACE/USDT:USDT,0.5847,321.11,0.5846,891.6,0.5849,86.41,0.585,392.31
1753591998512,04:53:18.512,bitget,ACE/USDT:USDT,0.5847,321.11,0.5846,891.6,0.5849,86.41,0.585,392.31
1753591998662,04:53:18.662,bitget,ACE/USDT:USDT,0.5847,321.11,0.5846,891.6,0.5849,86.41,0.585,392.31
1753591998812,04:53:18.812,bitget,ACE/USDT:USDT,0.5847,321.11,0.5846,891.6,0.5849,86.41,0.585,392.31
1753591999113,04:53:19.113,bitget,ACE/USDT:USDT,0.5848,105.19,0.5847,321.11,0.5849,86.41,0.585,392.31
1753591999413,04:53:19.413,bitget,ACE/USDT:USDT,0.5848,105.19,0.5847,400.43,0.5849,86.41,0.585,392.31
1753591999563,04:53:19.563,bitget,ACE/USDT:USDT,0.5848,105.19,0.5847,400.43,0.5849,86.41,0.585,392.31
1753591999713,04:53:19.713,bitget,ACE/USDT:USDT,0.5848,105.19,0.5847,400.43,0.5849,86.41,0.585,392.31
1753591999863,04:53:19.863,bitget,ACE/USDT:USDT,0.5848,105.19,0.5847,400.43,0.5849,86.41,0.585,392.31
1753592000013,04:53:20.013,bitget,ACE/USDT:USDT,0.5848,105.19,0.5847,400.43,0.5849,86.41,0.585,392.31
1753592000313,04:53:20.313,bitget,ACE/USDT:USDT,0.5848,105.19,0.5847,400.43,0.5849,86.41,0.585,392.31
1753592000463,04:53:20.463,bitget,ACE/USDT:USDT,0.5848,105.19,0.5847,400.43,0.5849,86.41,0.585,392.31
1753592000614,04:53:20.614,bitget,ACE/USDT:USDT,0.5848,105.19,0.5847,400.43,0.5849,86.41,0.585,392.31
1753592001064,04:53:21.064,bitget,ACE/USDT:USDT,0.5848,105.19,0.5847,400.43,0.5849,86.41,0.585,392.31
1753592001214,04:53:21.214,bitget,ACE/USDT:USDT,0.5848,105.19,0.5847,400.43,0.5849,86.41,0.585,392.31
1753592001364,04:53:21.364,bitget,ACE/USDT:USDT,0.5848,105.19,0.5847,400.43,0.5849,86.41,0.585,392.31
1753592001664,04:53:21.664,bitget,ACE/USDT:USDT,0.5848,105.19,0.5847,400.43,0.585,333.87,0.5852,105.14
1753592001814,04:53:21.814,bitget,ACE/USDT:USDT,0.5848,105.19,0.5847,400.43,0.5851,225.19,0.5852,105.14
1753592001964,04:53:21.964,bitget,ACE/USDT:USDT,0.5848,105.19,0.5847,400.43,0.585,105.19,0.5852,330.28
1753592002114,04:53:22.114,bitget,ACE/USDT:USDT,0.5848,105.19,0.5847,400.43,0.585,105.19,0.5851,324.22
1753592002265,04:53:22.265,bitget,ACE/USDT:USDT,0.5848,105.19,0.5847,400.43,0.585,105.19,0.5851,225.14
1753592002565,04:53:22.565,bitget,ACE/USDT:USDT,0.5848,105.19,0.5847,400.43,0.585,105.19,0.5851,225.14
1753592002715,04:53:22.715,bitget,ACE/USDT:USDT,0.5848,105.19,0.5847,400.43,0.585,105.19,0.5851,225.14
1753592002865,04:53:22.865,bitget,ACE/USDT:USDT,0.5848,105.19,0.5847,400.43,0.585,105.19,0.5851,225.14
1753592003015,04:53:23.015,bitget,ACE/USDT:USDT,0.5848,105.19,0.5847,400.43,0.585,105.19,0.5851,225.14
1753592003165,04:53:23.165,bitget,ACE/USDT:USDT,0.5848,105.19,0.5847,400.43,0.585,105.19,0.5851,225.14
1753592003315,04:53:23.315,bitget,ACE/USDT:USDT,0.5848,105.19,0.5847,400.43,0.585,105.19,0.5851,225.14
1753592003465,04:53:23.465,bitget,ACE/USDT:USDT,0.5848,105.19,0.5847,400.43,0.5851,225.14,0.5852,105.14
1753592003916,04:53:23.916,bitget,ACE/USDT:USDT,0.5848,105.19,0.5847,314.94,0.5852,147.15,0.5853,333.76
1753592004066,04:53:24.066,bitget,ACE/USDT:USDT,0.5848,105.19,0.5847,314.94,0.5852,147.15,0.5853,333.76
1753592004216,04:53:24.216,bitget,ACE/USDT:USDT,0.5848,105.19,0.5847,314.94,0.5852,147.15,0.5853,333.76
1753592004516,04:53:24.516,bitget,ACE/USDT:USDT,0.5849,105.19,0.5848,550.75,0.5852,105.14,0.5853,333.76
1753592004666,04:53:24.666,bitget,ACE/USDT:USDT,0.5849,105.19,0.5848,550.75,0.5851,86.41,0.5852,105.14
1753592004816,04:53:24.816,bitget,ACE/USDT:USDT,0.5849,105.19,0.5848,550.75,0.5851,86.41,0.5852,330.17
1753592004966,04:53:24.966,bitget,ACE/USDT:USDT,0.5849,105.19,0.5848,550.75,0.5851,86.41,0.5852,420.78
1753592005416,04:53:25.416,bitget,ACE/USDT:USDT,0.5849,105.19,0.5848,550.75,0.5851,86.41,0.5852,330.17
1753592005717,04:53:25.717,bitget,ACE/USDT:USDT,0.5849,105.19,0.5848,550.75,0.5851,86.41,0.5852,330.17
1753592006017,04:53:26.017,bitget,ACE/USDT:USDT,0.5849,105.19,0.5848,550.75,0.5851,191.39,0.5852,330.17
1753592006167,04:53:26.167,bitget,ACE/USDT:USDT,0.5849,105.19,0.5848,550.75,0.5851,86.41,0.5852,330.17
1753592006617,04:53:26.617,bitget,ACE/USDT:USDT,0.5849,105.19,0.5848,550.75,0.5851,86.41,0.5852,330.17
1753592006767,04:53:26.767,bitget,ACE/USDT:USDT,0.5849,105.19,0.5848,550.75,0.5851,86.41,0.5852,330.17
1753592006917,04:53:26.917,bitget,ACE/USDT:USDT,0.5849,105.19,0.5848,550.75,0.5851,86.41,0.5852,330.17
1753592007068,04:53:27.068,bitget,ACE/USDT:USDT,0.5849,105.19,0.5848,550.75,0.5851,86.41,0.5852,330.17
1753592007218,04:53:27.218,bitget,ACE/USDT:USDT,0.5849,105.19,0.5848,550.75,0.5851,86.41,0.5852,330.17
1753592007368,04:53:27.368,bitget,ACE/USDT:USDT,0.5849,105.19,0.5848,550.75,0.5851,86.41,0.5852,330.17
1753592007518,04:53:27.518,bitget,ACE/USDT:USDT,0.5849,105.19,0.5848,550.75,0.5851,86.41,0.5852,330.17
1753592007668,04:53:27.668,bitget,ACE/USDT:USDT,0.5849,105.19,0.5848,550.75,0.5851,86.41,0.5852,330.17
1753592007818,04:53:27.818,bitget,ACE/USDT:USDT,0.5849,105.19,0.5848,550.75,0.5851,86.41,0.5852,330.17
1753592007968,04:53:27.968,bitget,ACE/USDT:USDT,0.5849,105.19,0.5848,550.75,0.5851,86.41,0.5852,330.17
1753592008118,04:53:28.118,bitget,ACE/USDT:USDT,0.5849,105.19,0.5848,550.75,0.5851,86.41,0.5852,330.17
1753592008869,04:53:28.869,bitget,ACE/USDT:USDT,0.5849,105.19,0.5848,550.75,0.5851,86.41,0.5852,330.17
1753592009019,04:53:29.019,bitget,ACE/USDT:USDT,0.5849,105.19,0.5848,550.75,0.5851,86.41,0.5852,330.17
1753592009169,04:53:29.169,bitget,ACE/USDT:USDT,0.5849,105.19,0.5848,550.75,0.5851,86.41,0.5852,330.17
1753592009319,04:53:29.319,bitget,ACE/USDT:USDT,0.5849,105.19,0.5848,550.75,0.5851,86.41,0.5852,330.17
1753592009469,04:53:29.469,bitget,ACE/USDT:USDT,0.5849,105.19,0.5848,886.77,0.5851,86.41,0.5852,330.17
1753592009619,04:53:29.619,bitget,ACE/USDT:USDT,0.5849,105.19,0.5848,886.77,0.5851,86.41,0.5852,330.17
1753592009769,04:53:29.769,bitget,ACE/USDT:USDT,0.5849,105.19,0.5848,886.77,0.5851,86.41,0.5852,330.17
1753592009919,04:53:29.919,bitget,ACE/USDT:USDT,0.5849,105.19,0.5848,886.77,0.5851,86.41,0.5852,330.17
1753592010069,04:53:30.069,bitget,ACE/USDT:USDT,0.5849,105.19,0.5848,886.77,0.5851,86.41,0.5852,330.17
1753592010220,04:53:30.220,bitget,ACE/USDT:USDT,0.5849,105.19,0.5848,886.77,0.5851,86.41,0.5852,330.17
1753592010370,04:53:30.370,bitget,ACE/USDT:USDT,0.5849,163.14,0.5848,987.45,0.5851,86.41,0.5852,330.17
1753592010520,04:53:30.520,bitget,ACE/USDT:USDT,0.585,104.98,0.5849,163.14,0.5851,86.41,0.5852,330.17
1753592010670,04:53:30.670,bitget,ACE/USDT:USDT,0.585,104.98,0.5849,163.14,0.5851,86.41,0.5852,330.17
1753592010820,04:53:30.820,bitget,ACE/USDT:USDT,0.585,104.98,0.5849,163.14,0.5851,86.41,0.5852,330.17
1753592011120,04:53:31.120,bitget,ACE/USDT:USDT,0.585,104.98,0.5849,163.14,0.5851,86.41,0.5852,330.17
1753592011270,04:53:31.270,bitget,ACE/USDT:USDT,0.585,104.98,0.5849,163.14,0.5851,86.41,0.5852,330.17
1753592011420,04:53:31.420,bitget,ACE/USDT:USDT,0.585,104.98,0.5849,163.14,0.5851,86.41,0.5852,330.17
1753592011721,04:53:31.721,bitget,ACE/USDT:USDT,0.585,104.98,0.5849,163.14,0.5851,86.41,0.5852,330.17
1753592012021,04:53:32.021,bitget,ACE/USDT:USDT,0.585,104.98,0.5849,163.14,0.5851,86.41,0.5852,330.17
1753592012471,04:53:32.471,bitget,ACE/USDT:USDT,0.585,104.98,0.5849,163.14,0.5851,86.41,0.5852,330.17
1753592012621,04:53:32.621,bitget,ACE/USDT:USDT,0.585,104.98,0.5849,163.14,0.5851,86.41,0.5852,330.17
1753592012771,04:53:32.771,bitget,ACE/USDT:USDT,0.585,104.98,0.5849,163.14,0.5851,86.41,0.5852,330.17
1753592012921,04:53:32.921,bitget,ACE/USDT:USDT,0.585,104.98,0.5849,163.14,0.5851,86.41,0.5852,330.17
1753592013221,04:53:33.221,bitget,ACE/USDT:USDT,0.585,104.98,0.5849,163.14,0.5851,86.41,0.5852,330.17
1753592013372,04:53:33.372,bitget,ACE/USDT:USDT,0.585,104.98,0.5849,163.14,0.5851,86.41,0.5852,330.17
1753592013522,04:53:33.522,bitget,ACE/USDT:USDT,0.585,104.98,0.5849,163.14,0.5851,86.41,0.5852,330.17
1753592013672,04:53:33.672,bitget,ACE/USDT:USDT,0.585,104.98,0.5849,163.14,0.5851,86.41,0.5852,330.17
1753592013822,04:53:33.822,bitget,ACE/USDT:USDT,0.585,104.98,0.5849,163.14,0.5851,86.41,0.5852,330.17
1753592013972,04:53:33.972,bitget,ACE/USDT:USDT,0.585,104.98,0.5849,163.14,0.5851,86.41,0.5852,330.17
1753592014122,04:53:34.122,bitget,ACE/USDT:USDT,0.585,104.98,0.5849,163.14,0.5851,86.41,0.5852,330.17
1753592014272,04:53:34.272,bitget,ACE/USDT:USDT,0.585,104.98,0.5849,163.14,0.5851,86.41,0.5852,330.17
1753592014572,04:53:34.572,bitget,ACE/USDT:USDT,0.585,104.98,0.5849,163.14,0.5851,86.41,0.5852,330.17
1753592015023,04:53:35.023,bitget,ACE/USDT:USDT,0.585,104.98,0.5849,163.14,0.5851,86.41,0.5852,330.17
1753592015173,04:53:35.173,bitget,ACE/USDT:USDT,0.585,104.98,0.5849,163.14,0.5851,86.41,0.5852,330.17
1753592015323,04:53:35.323,bitget,ACE/USDT:USDT,0.585,104.98,0.5849,163.14,0.5851,86.41,0.5852,330.17
1753592015473,04:53:35.473,bitget,ACE/USDT:USDT,0.585,104.98,0.5849,163.14,0.5851,86.41,0.5852,330.17
1753592015623,04:53:35.623,bitget,ACE/USDT:USDT,0.585,104.98,0.5849,163.14,0.5851,86.41,0.5852,225.03
1753592015773,04:53:35.773,bitget,ACE/USDT:USDT,0.585,104.98,0.5849,163.14,0.5851,86.41,0.5852,225.03
1753592015923,04:53:35.923,bitget,ACE/USDT:USDT,0.585,104.98,0.5849,163.14,0.5851,86.41,0.5852,225.03
1753592016073,04:53:36.073,bitget,ACE/USDT:USDT,0.585,104.98,0.5849,163.14,0.5852,225.03,0.5854,106.23
1753592016223,04:53:36.223,bitget,ACE/USDT:USDT,0.585,505.82,0.5849,163.14,0.5853,224.71,0.5854,106.23
1753592016373,04:53:36.373,bitget,ACE/USDT:USDT,0.5851,109.05,0.585,505.82,0.5854,330.94,0.5855,517.21
1753592016524,04:53:36.524,bitget,ACE/USDT:USDT,0.5851,109.05,0.585,505.82,0.5852,86.41,0.5853,199.66
1753592016824,04:53:36.824,bitget,ACE/USDT:USDT,0.5851,109.05,0.585,505.82,0.5852,86.41,0.5853,333.76
1753592016974,04:53:36.974,bitget,ACE/USDT:USDT,0.585,104.98,0.5849,1314.5,0.5852,86.41,0.5853,333.76
1753592017274,04:53:37.274,bitget,ACE/USDT:USDT,0.585,104.98,0.5849,1103.14,0.5851,86.41,0.5852,224.64
1753592017574,04:53:37.574,bitget,ACE/USDT:USDT,0.585,104.98,0.5849,1103.14,0.5851,86.41,0.5852,224.64
1753592017724,04:53:37.724,bitget,ACE/USDT:USDT,0.585,104.98,0.5849,1103.14,0.5851,86.41,0.5852,224.64
1753592017874,04:53:37.874,bitget,ACE/USDT:USDT,0.585,104.98,0.5849,1103.14,0.5851,86.41,0.5852,224.64
1753592018475,04:53:38.475,bitget,ACE/USDT:USDT,0.585,104.98,0.5849,1103.14,0.5851,86.41,0.5852,224.64
1753592018625,04:53:38.625,bitget,ACE/USDT:USDT,0.585,104.98,0.5849,1103.14,0.5851,86.41,0.5852,224.64
1753592018775,04:53:38.775,bitget,ACE/USDT:USDT,0.585,104.98,0.5849,1103.14,0.5851,86.41,0.5852,224.64
1753592018925,04:53:38.925,bitget,ACE/USDT:USDT,0.585,104.98,0.5849,1103.14,0.5851,86.41,0.5852,224.64
1753592019075,04:53:39.075,bitget,ACE/USDT:USDT,0.585,104.98,0.5849,1103.14,0.5851,86.41,0.5852,224.64
1753592019225,04:53:39.225,bitget,ACE/USDT:USDT,0.585,104.98,0.5849,1103.14,0.5851,86.41,0.5852,224.64
1753592019676,04:53:39.676,bitget,ACE/USDT:USDT,0.585,104.98,0.5849,1103.14,0.5851,86.41,0.5852,224.64
1753592019826,04:53:39.826,bitget,ACE/USDT:USDT,0.585,104.98,0.5849,1103.14,0.5851,86.41,0.5852,224.64
1753592019976,04:53:39.976,bitget,ACE/USDT:USDT,0.585,104.98,0.5849,1103.14,0.5851,86.41,0.5852,224.64
1753592020126,04:53:40.126,bitget,ACE/USDT:USDT,0.585,104.98,0.5849,1103.14,0.5851,86.41,0.5852,224.64
1753592020276,04:53:40.276,bitget,ACE/USDT:USDT,0.585,104.98,0.5849,1103.14,0.5851,86.41,0.5852,224.64
1753592020426,04:53:40.426,bitget,ACE/USDT:USDT,0.585,104.98,0.5849,1103.14,0.5851,86.41,0.5852,224.64
1753592020876,04:53:40.876,bitget,ACE/USDT:USDT,0.585,104.98,0.5849,248.59,0.5851,86.41,0.5852,224.64
1753592021177,04:53:41.177,bitget,ACE/USDT:USDT,0.585,104.98,0.5849,248.59,0.5851,86.41,0.5852,224.64
1753592021327,04:53:41.327,bitget,ACE/USDT:USDT,0.585,104.98,0.5849,248.59,0.5851,86.41,0.5852,224.64
1753592021477,04:53:41.477,bitget,ACE/USDT:USDT,0.585,104.98,0.5849,248.59,0.5851,86.41,0.5852,224.64
1753592021927,04:53:41.927,bitget,ACE/USDT:USDT,0.585,104.98,0.5849,248.59,0.5851,86.41,0.5852,224.64
1753592022077,04:53:42.077,bitget,ACE/USDT:USDT,0.585,104.98,0.5849,248.59,0.5851,86.41,0.5852,224.64
1753592022227,04:53:42.227,bitget,ACE/USDT:USDT,0.585,505.82,0.5849,248.59,0.5851,86.41,0.5852,224.64
1753592022377,04:53:42.377,bitget,ACE/USDT:USDT,0.585,505.82,0.5849,248.59,0.5851,86.41,0.5852,224.64
1753592022527,04:53:42.527,bitget,ACE/USDT:USDT,0.585,505.82,0.5849,248.59,0.5851,86.41,0.5852,224.64
1753592022678,04:53:42.678,bitget,ACE/USDT:USDT,0.585,505.82,0.5849,248.59,0.5851,86.41,0.5852,224.64
1753592022828,04:53:42.828,bitget,ACE/USDT:USDT,0.585,505.82,0.5849,248.59,0.5851,86.41,0.5852,224.64
1753592022978,04:53:42.978,bitget,ACE/USDT:USDT,0.585,505.82,0.5849,248.59,0.5851,86.41,0.5852,224.64
1753592023128,04:53:43.128,bitget,ACE/USDT:USDT,0.585,505.82,0.5849,248.59,0.5851,86.41,0.5852,224.64
1753592023278,04:53:43.278,bitget,ACE/USDT:USDT,0.585,505.82,0.5849,248.59,0.5851,86.41,0.5852,224.64
1753592023428,04:53:43.428,bitget,ACE/USDT:USDT,0.585,505.82,0.5849,248.59,0.5851,86.41,0.5852,224.64
1753592023578,04:53:43.578,bitget,ACE/USDT:USDT,0.585,505.82,0.5849,248.59,0.5851,86.41,0.5852,224.64
1753592023728,04:53:43.728,bitget,ACE/USDT:USDT,0.585,505.82,0.5849,248.59,0.5851,86.41,0.5852,224.64
1753592023878,04:53:43.878,bitget,ACE/USDT:USDT,0.585,505.82,0.5849,248.59,0.5851,86.41,0.5852,224.64
1753592024178,04:53:44.178,bitget,ACE/USDT:USDT,0.585,104.98,0.5849,248.59,0.5851,86.41,0.5852,224.64
1753592024929,04:53:44.929,bitget,ACE/USDT:USDT,0.585,505.82,0.5849,248.59,0.5851,86.41,0.5852,224.64
1753592025079,04:53:45.079,bitget,ACE/USDT:USDT,0.585,505.82,0.5849,248.59,0.5851,86.41,0.5852,224.64
1753592025229,04:53:45.229,bitget,ACE/USDT:USDT,0.585,505.82,0.5849,248.59,0.5851,86.41,0.5852,224.64
1753592025379,04:53:45.379,bitget,ACE/USDT:USDT,0.585,505.82,0.5849,248.59,0.5851,86.41,0.5852,224.64
1753592025529,04:53:45.529,bitget,ACE/USDT:USDT,0.585,505.82,0.5849,248.59,0.5851,86.41,0.5852,224.64
1753592025679,04:53:45.679,bitget,ACE/USDT:USDT,0.585,505.82,0.5849,248.59,0.5851,86.41,0.5852,224.64
1753592025829,04:53:45.829,bitget,ACE/USDT:USDT,0.585,505.82,0.5849,248.59,0.5851,86.41,0.5852,224.64
1753592026130,04:53:46.130,bitget,ACE/USDT:USDT,0.585,104.98,0.5849,248.59,0.5851,86.41,0.5852,224.64
1753592026280,04:53:46.280,bitget,ACE/USDT:USDT,0.585,104.98,0.5849,248.59,0.5851,86.41,0.5852,224.64
1753592026430,04:53:46.430,bitget,ACE/USDT:USDT,0.585,104.98,0.5849,1103.22,0.5851,86.41,0.5852,224.64
1753592026580,04:53:46.580,bitget,ACE/USDT:USDT,0.585,104.98,0.5849,248.59,0.5851,86.41,0.5852,224.64
1753592026730,04:53:46.730,bitget,ACE/USDT:USDT,0.585,505.82,0.5849,248.59,0.5851,86.41,0.5852,224.64
1753592026880,04:53:46.880,bitget,ACE/USDT:USDT,0.585,505.82,0.5849,248.59,0.5851,86.41,0.5852,224.64
1753592027180,04:53:47.180,bitget,ACE/USDT:USDT,0.585,505.82,0.5849,248.59,0.5851,86.41,0.5852,224.64
1753592027330,04:53:47.330,bitget,ACE/USDT:USDT,0.585,505.82,0.5849,248.59,0.5851,86.41,0.5852,224.64
1753592027631,04:53:47.631,bitget,ACE/USDT:USDT,0.585,505.82,0.5849,266.59,0.5851,86.41,0.5852,224.64
1753592027781,04:53:47.781,bitget,ACE/USDT:USDT,0.585,505.82,0.5849,266.59,0.5851,86.41,0.5852,224.64
1753592027931,04:53:47.931,bitget,ACE/USDT:USDT,0.585,505.82,0.5849,266.59,0.5851,86.41,0.5852,224.64
1753592028231,04:53:48.231,bitget,ACE/USDT:USDT,0.5852,224.64,0.5851,193.93,0.5853,86.41,0.5854,106.23
1753592028381,04:53:48.381,bitget,ACE/USDT:USDT,0.5852,282.59,0.5851,294.61,0.5853,86.41,0.5854,421.24
1753592028531,04:53:48.531,bitget,ACE/USDT:USDT,0.5852,282.59,0.5851,294.61,0.5853,86.41,0.5854,330.63
1753592028681,04:53:48.681,bitget,ACE/USDT:USDT,0.5852,224.64,0.5851,273.25,0.5853,86.41,0.5854,330.63
1753592028831,04:53:48.831,bitget,ACE/USDT:USDT,0.5852,224.64,0.5851,273.25,0.5853,86.41,0.5854,330.63
1753592028982,04:53:48.982,bitget,ACE/USDT:USDT,0.5852,224.64,0.5851,273.25,0.5853,86.41,0.5854,330.63
1753592029132,04:53:49.132,bitget,ACE/USDT:USDT,0.5852,224.64,0.5851,273.25,0.5853,193.93,0.5854,330.63
1753592029282,04:53:49.282,bitget,ACE/USDT:USDT,0.5852,224.64,0.5851,273.25,0.5853,86.41,0.5854,330.63
1753592029582,04:53:49.582,bitget,ACE/USDT:USDT,0.5852,224.64,0.5851,273.25,0.5853,86.41,0.5854,330.63
1753592029732,04:53:49.732,bitget,ACE/USDT:USDT,0.5852,224.64,0.5851,273.25,0.5853,86.41,0.5854,330.63
1753592030032,04:53:50.032,bitget,ACE/USDT:USDT,0.5852,224.64,0.5851,273.25,0.5853,86.41,0.5854,330.63
1753592030182,04:53:50.182,bitget,ACE/USDT:USDT,0.5852,224.64,0.5851,273.25,0.5853,86.41,0.5854,389.07
1753592030332,04:53:50.332,bitget,ACE/USDT:USDT,0.5852,224.64,0.5851,273.25,0.5853,86.41,0.5854,389.07
1753592030482,04:53:50.482,bitget,ACE/USDT:USDT,0.5852,224.64,0.5851,273.25,0.5853,86.41,0.5854,389.07
1753592030633,04:53:50.633,bitget,ACE/USDT:USDT,0.5852,224.64,0.5851,273.25,0.5853,86.41,0.5854,389.07
1753592030783,04:53:50.783,bitget,ACE/USDT:USDT,0.5852,224.64,0.5851,273.25,0.5853,86.41,0.5854,389.07
1753592030933,04:53:50.933,bitget,ACE/USDT:USDT,0.5852,224.64,0.5851,273.25,0.5853,86.41,0.5854,389.07
1753592031083,04:53:51.083,bitget,ACE/USDT:USDT,0.5852,224.64,0.5851,273.25,0.5853,86.41,0.5854,389.07
1753592031533,04:53:51.533,bitget,ACE/USDT:USDT,0.5852,224.64,0.5851,273.25,0.5853,86.41,0.5854,389.07
1753592031683,04:53:51.683,bitget,ACE/USDT:USDT,0.5852,224.64,0.5851,273.25,0.5853,86.41,0.5854,389.07
1753592031833,04:53:51.833,bitget,ACE/USDT:USDT,0.5852,224.64,0.5851,273.25,0.5853,86.41,0.5854,389.07
1753592032284,04:53:52.284,bitget,ACE/USDT:USDT,0.5852,224.64,0.5851,273.25,0.5853,86.41,0.5854,282.84
1753592032434,04:53:52.434,bitget,ACE/USDT:USDT,0.5852,224.64,0.5851,273.25,0.5853,86.41,0.5854,282.84
1753592032734,04:53:52.734,bitget,ACE/USDT:USDT,0.5852,224.64,0.5851,273.25,0.5853,86.41,0.5854,282.84
1753592032884,04:53:52.884,bitget,ACE/USDT:USDT,0.5852,224.64,0.5851,273.25,0.5853,86.41,0.5854,282.84
1753592033034,04:53:53.034,bitget,ACE/USDT:USDT,0.5852,224.64,0.5851,273.25,0.5853,86.41,0.5854,282.84
1753592033334,04:53:53.334,bitget,ACE/USDT:USDT,0.5852,224.64,0.5851,273.25,0.5853,86.41,0.5854,390.36
1753592033634,04:53:53.634,bitget,ACE/USDT:USDT,0.5852,224.64,0.5851,273.25,0.5853,86.41,0.5854,390.36
1753592033935,04:53:53.935,bitget,ACE/USDT:USDT,0.5852,224.64,0.5851,273.25,0.5853,86.41,0.5854,390.36
1753592034085,04:53:54.085,bitget,ACE/USDT:USDT,0.5852,224.64,0.5851,273.25,0.5853,86.41,0.5854,390.36
1753592034385,04:53:54.385,bitget,ACE/USDT:USDT,0.5852,224.64,0.5851,193.93,0.5853,86.41,0.5854,390.36
1753592034535,04:53:54.535,bitget,ACE/USDT:USDT,0.5852,224.64,0.5851,193.93,0.5853,86.41,0.5854,390.36
1753592034835,04:53:54.835,bitget,ACE/USDT:USDT,0.5852,224.64,0.5851,193.93,0.5853,86.41,0.5854,390.36
1753592034985,04:53:54.985,bitget,ACE/USDT:USDT,0.5852,224.64,0.5851,193.93,0.5853,86.41,0.5854,390.36
1753592035285,04:53:55.285,bitget,ACE/USDT:USDT,0.5852,224.64,0.5851,273.25,0.5853,86.41,0.5854,390.36
1753592035436,04:53:55.436,bitget,ACE/USDT:USDT,0.5852,224.64,0.5851,273.25,0.5853,86.41,0.5854,390.36
1753592035586,04:53:55.586,bitget,ACE/USDT:USDT,0.5852,224.64,0.5851,273.25,0.5853,86.41,0.5854,390.36
1753592035736,04:53:55.736,bitget,ACE/USDT:USDT,0.5852,224.64,0.5851,273.25,0.5853,86.41,0.5854,390.36
1753592035886,04:53:55.886,bitget,ACE/USDT:USDT,0.5852,224.64,0.5851,273.25,0.5853,86.41,0.5854,390.36
1753592036036,04:53:56.036,bitget,ACE/USDT:USDT,0.5852,224.64,0.5851,273.25,0.5853,86.41,0.5854,390.36
1753592036336,04:53:56.336,bitget,ACE/USDT:USDT,0.5852,224.64,0.5851,273.25,0.5853,86.41,0.5854,390.36
1753592036486,04:53:56.486,bitget,ACE/USDT:USDT,0.5852,224.64,0.5851,273.25,0.5853,86.41,0.5854,390.36
1753592036636,04:53:56.636,bitget,ACE/USDT:USDT,0.5852,224.64,0.5851,273.25,0.5853,86.41,0.5854,390.36
1753592036786,04:53:56.786,bitget,ACE/USDT:USDT,0.5852,224.64,0.5851,273.25,0.5853,86.41,0.5854,390.36
1753592036936,04:53:56.936,bitget,ACE/USDT:USDT,0.5852,224.64,0.5851,273.25,0.5853,86.41,0.5854,390.36
1753592037086,04:53:57.086,bitget,ACE/USDT:USDT,0.5852,224.64,0.5851,273.25,0.5853,86.41,0.5854,390.36
1753592037237,04:53:57.237,bitget,ACE/USDT:USDT,0.5852,224.64,0.5851,273.25,0.5853,86.41,0.5854,390.36
1753592037687,04:53:57.687,bitget,ACE/USDT:USDT,0.5852,224.64,0.5851,273.25,0.5853,86.41,0.5854,390.36
1753592037837,04:53:57.837,bitget,ACE/USDT:USDT,0.5852,224.64,0.5851,273.25,0.5853,86.41,0.5854,390.36
1753592037987,04:53:57.987,bitget,ACE/USDT:USDT,0.5852,224.64,0.5851,273.25,0.5853,86.41,0.5854,390.36
1753592038137,04:53:58.137,bitget,ACE/USDT:USDT,0.5852,224.64,0.5851,273.25,0.5853,86.41,0.5854,390.36
1753592038287,04:53:58.287,bitget,ACE/USDT:USDT,0.5852,224.64,0.5851,273.25,0.5853,86.41,0.5854,390.36
1753592038738,04:53:58.738,bitget,ACE/USDT:USDT,0.5852,224.64,0.5851,273.25,0.5853,86.41,0.5854,390.36
1753592038888,04:53:58.888,bitget,ACE/USDT:USDT,0.5852,224.64,0.5851,273.25,0.5853,86.41,0.5854,390.36
1753592039038,04:53:59.038,bitget,ACE/USDT:USDT,0.5852,224.64,0.5851,273.25,0.5853,86.41,0.5854,390.36
1753592039188,04:53:59.188,bitget,ACE/USDT:USDT,0.5852,224.64,0.5851,273.25,0.5853,86.41,0.5854,390.36
1753592039488,04:53:59.488,bitget,ACE/USDT:USDT,0.5852,224.64,0.5851,273.25,0.5853,86.41,0.5854,390.36
1753592039638,04:53:59.638,bitget,ACE/USDT:USDT,0.5852,224.64,0.5851,273.25,0.5853,86.41,0.5854,390.36
1753592039788,04:53:59.788,bitget,ACE/USDT:USDT,0.5852,224.64,0.5851,273.25,0.5853,86.41,0.5854,390.36
1753592039938,04:53:59.938,bitget,ACE/USDT:USDT,0.5852,224.64,0.5851,273.25,0.5853,86.41,0.5854,390.36
1753592040088,04:54:00.088,bitget,ACE/USDT:USDT,0.5852,224.64,0.5851,273.25,0.5853,86.41,0.5854,390.36
1753592040389,04:54:00.389,bitget,ACE/USDT:USDT,0.5852,224.64,0.5851,273.25,0.5853,86.41,0.5854,390.36
1753592040539,04:54:00.539,bitget,ACE/USDT:USDT,0.5852,224.64,0.5851,273.25,0.5853,86.41,0.5854,390.36
1753592040839,04:54:00.839,bitget,ACE/USDT:USDT,0.5852,224.64,0.5851,273.25,0.5853,86.41,0.5854,390.36
1753592040989,04:54:00.989,bitget,ACE/USDT:USDT,0.5852,224.64,0.5851,273.25,0.5853,86.41,0.5854,390.36
1753592041289,04:54:01.289,bitget,ACE/USDT:USDT,0.5852,224.64,0.5851,273.25,0.5853,86.41,0.5854,390.36
1753592041439,04:54:01.439,bitget,ACE/USDT:USDT,0.5852,224.64,0.5851,273.25,0.5853,86.41,0.5854,390.36
1753592041589,04:54:01.589,bitget,ACE/USDT:USDT,0.5852,224.64,0.5851,273.25,0.5853,86.41,0.5854,390.36
1753592041739,04:54:01.739,bitget,ACE/USDT:USDT,0.5852,224.64,0.5851,273.25,0.5853,86.41,0.5854,390.36
1753592042040,04:54:02.040,bitget,ACE/USDT:USDT,0.5852,224.64,0.5851,273.25,0.5853,86.41,0.5854,390.36
1753592042340,04:54:02.340,bitget,ACE/USDT:USDT,0.5852,224.64,0.5851,273.25,0.5853,86.41,0.5854,390.36
1753592042490,04:54:02.490,bitget,ACE/USDT:USDT,0.5852,224.64,0.5851,273.25,0.5853,86.41,0.5854,390.36
1753592042640,04:54:02.640,bitget,ACE/USDT:USDT,0.5852,224.64,0.5851,273.25,0.5853,86.41,0.5854,390.36
1753592042790,04:54:02.790,bitget,ACE/USDT:USDT,0.5852,224.64,0.5851,273.25,0.5853,86.41,0.5854,390.36
1753592042940,04:54:02.940,bitget,ACE/USDT:USDT,0.5852,224.64,0.5851,273.25,0.5853,86.41,0.5854,390.36
1753592043090,04:54:03.090,bitget,ACE/USDT:USDT,0.5852,224.64,0.5851,273.25,0.5853,86.41,0.5854,390.36
1753592043241,04:54:03.241,bitget,ACE/USDT:USDT,0.5852,224.64,0.5851,273.25,0.5853,86.41,0.5854,390.36
1753592043530,04:54:03.530,bitget,ACE/USDT:USDT,0.5852,224.64,0.5851,273.25,0.5853,86.41,0.5854,390.36
1753592043691,04:54:03.691,bitget,ACE/USDT:USDT,0.5852,224.64,0.5851,273.25,0.5853,86.41,0.5854,390.36
1753592043991,04:54:03.991,bitget,ACE/USDT:USDT,0.5852,224.64,0.5851,273.25,0.5853,86.41,0.5854,390.36
1753592044141,04:54:04.141,bitget,ACE/USDT:USDT,0.5852,224.64,0.5851,273.25,0.5853,86.41,0.5854,390.36
1753592044291,04:54:04.291,bitget,ACE/USDT:USDT,0.5852,224.64,0.5851,273.25,0.5853,86.41,0.5854,282.84
1753592044441,04:54:04.441,bitget,ACE/USDT:USDT,0.5852,224.64,0.5851,273.25,0.5853,86.41,0.5854,282.84
1753592044591,04:54:04.591,bitget,ACE/USDT:USDT,0.5852,224.64,0.5851,273.25,0.5853,86.41,0.5854,282.84
1753592044891,04:54:04.891,bitget,ACE/USDT:USDT,0.5852,224.64,0.5851,273.25,0.5853,86.41,0.5854,282.84
1753592045041,04:54:05.041,bitget,ACE/USDT:USDT,0.5852,224.64,0.5851,273.25,0.5853,86.41,0.5854,282.84
1753592045342,04:54:05.342,bitget,ACE/USDT:USDT,0.5852,224.64,0.5851,273.25,0.5853,86.41,0.5854,282.84
1753592045492,04:54:05.492,bitget,ACE/USDT:USDT,0.5852,224.64,0.5851,273.25,0.5853,86.41,0.5854,282.84
1753592045792,04:54:05.792,bitget,ACE/USDT:USDT,0.5852,224.64,0.5851,273.25,0.5853,86.41,0.5854,282.84
1753592046092,04:54:06.092,bitget,ACE/USDT:USDT,0.5852,224.64,0.5851,273.25,0.5853,86.41,0.5854,282.84
1753592046242,04:54:06.242,bitget,ACE/USDT:USDT,0.5852,224.64,0.5851,273.25,0.5853,86.41,0.5854,224.4
1753592046392,04:54:06.392,bitget,ACE/USDT:USDT,0.5852,224.64,0.5851,273.25,0.5853,86.41,0.5854,224.4
1753592046542,04:54:06.542,bitget,ACE/USDT:USDT,0.5852,224.64,0.5851,273.25,0.5853,86.41,0.5854,224.4
1753592046693,04:54:06.693,bitget,ACE/USDT:USDT,0.5853,86.41,0.5852,224.64,0.5854,224.4,0.5855,412.01
1753592046843,04:54:06.843,bitget,ACE/USDT:USDT,0.5854,224.4,0.5853,251.8,0.5855,225.17,0.5856,110.02
1753592046993,04:54:06.993,bitget,ACE/USDT:USDT,0.5854,224.4,0.5853,165.39,0.5856,335.19,0.5859,439.36
1753592047443,04:54:07.443,bitget,ACE/USDT:USDT,0.5854,224.4,0.5853,165.39,0.5856,209.52,0.5857,331.66
1753592047593,04:54:07.593,bitget,ACE/USDT:USDT,0.5854,224.4,0.5853,165.39,0.5856,209.52,0.5857,331.66
1753592047893,04:54:07.893,bitget,ACE/USDT:USDT,0.5854,224.4,0.5853,165.39,0.5856,209.52,0.5857,331.66
1753592048193,04:54:08.193,bitget,ACE/USDT:USDT,0.5854,224.4,0.5853,165.39,0.5856,209.52,0.5857,331.66
1753592048344,04:54:08.344,bitget,ACE/USDT:USDT,0.5854,224.4,0.5853,165.39,0.5856,209.52,0.5857,331.66
1753592048644,04:54:08.644,bitget,ACE/USDT:USDT,0.5854,224.4,0.5853,165.39,0.5856,209.52,0.5857,331.66
1753592048794,04:54:08.794,bitget,ACE/USDT:USDT,0.5854,224.4,0.5853,165.39,0.5856,209.52,0.5857,331.66
1753592048944,04:54:08.944,bitget,ACE/USDT:USDT,0.5854,224.4,0.5853,165.39,0.5856,209.52,0.5857,331.66
1753592049244,04:54:09.244,bitget,ACE/USDT:USDT,0.5854,224.4,0.5853,165.39,0.5856,209.52,0.5857,331.66
1753592049394,04:54:09.394,bitget,ACE/USDT:USDT,0.5854,224.4,0.5853,165.39,0.5856,209.52,0.5857,331.66
1753592049544,04:54:09.544,bitget,ACE/USDT:USDT,0.5854,224.4,0.5853,165.39,0.5856,209.52,0.5857,331.66
1753592049694,04:54:09.694,bitget,ACE/USDT:USDT,0.5854,224.4,0.5853,165.39,0.5856,209.52,0.5857,331.66
1753592049844,04:54:09.844,bitget,ACE/USDT:USDT,0.5854,224.4,0.5853,165.39,0.5856,209.52,0.5857,331.66
1753592050595,04:54:10.595,bitget,ACE/USDT:USDT,0.5854,224.4,0.5853,165.39,0.5855,86.41,0.5857,106.49
1753592050745,04:54:10.745,bitget,ACE/USDT:USDT,0.5855,192.9,0.5854,224.4,0.5857,106.49,0.5858,331.45
1753592050895,04:54:10.895,bitget,ACE/USDT:USDT,0.5855,192.9,0.5854,224.4,0.5857,205.93,0.5858,331.45
1753592051045,04:54:11.045,bitget,ACE/USDT:USDT,0.5855,86.41,0.5854,330.89,0.5856,106.49,0.5857,205.93
1753592051345,04:54:11.345,bitget,ACE/USDT:USDT,0.5855,145.31,0.5854,430.63,0.5857,205.93,0.5858,106.49
1753592051495,04:54:11.495,bitget,ACE/USDT:USDT,0.5855,145.31,0.5854,430.63,0.5856,106.49,0.5857,106.49
1753592051646,04:54:11.646,bitget,ACE/USDT:USDT,0.5855,145.31,0.5854,430.63,0.5857,331.45,0.5858,106.49
1753592051796,04:54:11.796,bitget,ACE/USDT:USDT,0.5855,145.31,0.5854,430.63,0.5856,106.49,0.5857,106.49
1753592051946,04:54:11.946,bitget,ACE/USDT:USDT,0.5855,145.31,0.5854,430.63,0.5857,331.44,0.5859,105.49
1753592052096,04:54:12.096,bitget,ACE/USDT:USDT,0.5855,145.31,0.5854,430.63,0.5856,106.49,0.5857,106.49
1753592052246,04:54:12.246,bitget,ACE/USDT:USDT,0.5855,145.31,0.5854,430.63,0.5857,331.44,0.5858,224.95
1753592052396,04:54:12.396,bitget,ACE/USDT:USDT,0.5855,145.31,0.5854,430.63,0.5856,106.49,0.5857,106.49
1753592052546,04:54:12.546,bitget,ACE/USDT:USDT,0.5855,145.31,0.5854,430.63,0.5857,331.44,0.5859,105.49
1753592052696,04:54:12.696,bitget,ACE/USDT:USDT,0.5855,86.41,0.5854,330.89,0.5856,106.49,0.5857,106.49
1753592052996,04:54:12.996,bitget,ACE/USDT:USDT,0.5855,86.41,0.5854,410.21,0.5856,106.49,0.5857,106.49
1753592053146,04:54:13.146,bitget,ACE/USDT:USDT,0.5855,86.41,0.5854,410.21,0.5857,331.48,0.5858,224.99
1753592053296,04:54:13.296,bitget,ACE/USDT:USDT,0.5855,86.41,0.5854,410.21,0.5857,106.49,0.5859,105.49
1753592053447,04:54:13.447,bitget,ACE/USDT:USDT,0.5855,86.41,0.5854,410.21,0.5858,224.99,0.5859,105.49
1753592053597,04:54:13.597,bitget,ACE/USDT:USDT,0.5855,86.41,0.5854,410.21,0.5857,106.49,0.5859,330.48
1753592053897,04:54:13.897,bitget,ACE/USDT:USDT,0.5855,86.41,0.5854,1264.04,0.5856,86.41,0.5857,428.79
1753592054047,04:54:14.047,bitget,ACE/USDT:USDT,0.5855,86.41,0.5854,1264.04,0.5856,86.41,0.5857,331.55
1753592054197,04:54:14.197,bitget,ACE/USDT:USDT,0.5855,86.41,0.5854,1264.04,0.5856,86.41,0.5857,331.55
1753592054497,04:54:14.497,bitget,ACE/USDT:USDT,0.5855,86.41,0.5854,1264.04,0.5856,86.41,0.5857,331.55
1753592054647,04:54:14.647,bitget,ACE/USDT:USDT,0.5855,86.41,0.5854,1264.04,0.5856,192.9,0.5857,331.55
1753592054798,04:54:14.798,bitget,ACE/USDT:USDT,0.5855,86.41,0.5854,1264.04,0.5856,192.9,0.5857,331.55
1753592054948,04:54:14.948,bitget,ACE/USDT:USDT,0.5855,86.41,0.5854,1264.04,0.5856,192.9,0.5857,331.55
1753592055098,04:54:15.098,bitget,ACE/USDT:USDT,0.5855,86.41,0.5854,1264.04,0.5856,192.9,0.5857,331.55
1753592055248,04:54:15.248,bitget,ACE/USDT:USDT,0.5855,86.41,0.5854,1264.04,0.5856,192.9,0.5857,331.55
1753592055398,04:54:15.398,bitget,ACE/USDT:USDT,0.5855,86.41,0.5854,1264.04,0.5856,192.9,0.5857,331.55
1753592055548,04:54:15.548,bitget,ACE/USDT:USDT,0.5855,86.41,0.5854,1264.04,0.5856,192.9,0.5857,331.55
1753592055698,04:54:15.698,bitget,ACE/USDT:USDT,0.5855,86.41,0.5854,1264.04,0.5856,192.9,0.5857,331.55
1753592055848,04:54:15.848,bitget,ACE/USDT:USDT,0.5854,1264.04,0.5853,208.53,0.5856,192.9,0.5857,331.55
1753592055998,04:54:15.998,bitget,ACE/USDT:USDT,0.5854,1157.55,0.5853,208.53,0.5855,86.41,0.5856,283.51
1753592056298,04:54:16.298,bitget,ACE/USDT:USDT,0.5854,933.15,0.5853,208.53,0.5855,193.39,0.5856,331.46
1753592056449,04:54:16.449,bitget,ACE/USDT:USDT,0.5854,933.15,0.5853,208.53,0.5855,193.39,0.5856,331.46
1753592056598,04:54:16.598,bitget,ACE/USDT:USDT,0.5852,219.79,0.5851,457.28,0.5854,106.98,0.5855,193.39
1753592057049,04:54:17.049,bitget,ACE/USDT:USDT,0.5852,106.98,0.5851,1063.56,0.5855,331.95,0.5856,106.49
1753592057199,04:54:17.199,bitget,ACE/USDT:USDT,0.5852,106.98,0.5851,350.99,0.5855,193.39,0.5856,225.05
1753592057349,04:54:17.349,bitget,ACE/USDT:USDT,0.5852,106.98,0.5851,273.25,0.5855,193.39,0.5856,225.05
1753592057499,04:54:17.499,bitget,ACE/USDT:USDT,0.5852,106.98,0.5851,273.25,0.5855,193.39,0.5856,225.05
1753592057649,04:54:17.649,bitget,ACE/USDT:USDT,0.5852,106.98,0.5851,273.25,0.5855,193.39,0.5856,225.05
1753592057799,04:54:17.799,bitget,ACE/USDT:USDT,0.5852,106.98,0.5851,273.25,0.5855,193.39,0.5856,225.05
1753592057949,04:54:17.949,bitget,ACE/USDT:USDT,0.5852,106.98,0.5851,273.25,0.5855,193.39,0.5856,225.05
1753592058100,04:54:18.100,bitget,ACE/USDT:USDT,0.5852,106.98,0.5851,358.67,0.5855,193.39,0.5856,225.05
1753592058250,04:54:18.250,bitget,ACE/USDT:USDT,0.5852,106.98,0.5851,358.67,0.5855,193.39,0.5856,225.05
1753592058400,04:54:18.400,bitget,ACE/USDT:USDT,0.5852,106.98,0.5851,358.67,0.5855,193.39,0.5856,225.05
1753592058550,04:54:18.550,bitget,ACE/USDT:USDT,0.5852,106.98,0.5851,358.67,0.5855,193.39,0.5856,225.05
1753592058850,04:54:18.850,bitget,ACE/USDT:USDT,0.5852,900.2,0.5851,358.67,0.5855,193.39,0.5856,225.05
1753592059000,04:54:19.000,bitget,ACE/USDT:USDT,0.5853,106.98,0.5852,900.2,0.5855,193.39,0.5856,225.05
1753592059150,04:54:19.150,bitget,ACE/USDT:USDT,0.5853,165.88,0.5852,999.94,0.5854,86.41,0.5855,193.39
1753592059300,04:54:19.300,bitget,ACE/USDT:USDT,0.5853,165.88,0.5852,206.72,0.5854,86.41,0.5855,331.98
1753592059450,04:54:19.450,bitget,ACE/USDT:USDT,0.5853,165.88,0.5852,206.72,0.5854,86.41,0.5855,331.98
1753592059600,04:54:19.600,bitget,ACE/USDT:USDT,0.5853,58.9,0.5852,206.72,0.5854,86.41,0.5855,331.98
1753592059751,04:54:19.751,bitget,ACE/USDT:USDT,0.5853,58.9,0.5852,206.72,0.5854,86.41,0.5855,331.98
1753592059901,04:54:19.901,bitget,ACE/USDT:USDT,0.5853,58.9,0.5852,206.72,0.5854,86.41,0.5855,331.98
1753592060051,04:54:20.051,bitget,ACE/USDT:USDT,0.5853,58.9,0.5852,206.72,0.5854,86.41,0.5855,331.98
1753592060201,04:54:20.201,bitget,ACE/USDT:USDT,0.5853,58.9,0.5852,206.72,0.5854,86.41,0.5855,331.98
1753592060351,04:54:20.351,bitget,ACE/USDT:USDT,0.5853,58.9,0.5852,206.72,0.5854,86.41,0.5855,331.98
1753592060651,04:54:20.651,bitget,ACE/USDT:USDT,0.5853,165.88,0.5852,1041.04,0.5854,86.41,0.5855,331.98
1753592060801,04:54:20.801,bitget,ACE/USDT:USDT,0.5853,165.88,0.5852,1041.04,0.5854,86.41,0.5855,331.98
1753592060951,04:54:20.951,bitget,ACE/USDT:USDT,0.5853,165.88,0.5852,1041.04,0.5854,86.41,0.5855,331.98
1753592061101,04:54:21.101,bitget,ACE/USDT:USDT,0.5853,165.88,0.5852,1041.04,0.5854,86.41,0.5855,331.98
1753592061402,04:54:21.402,bitget,ACE/USDT:USDT,0.5853,165.88,0.5852,1041.04,0.5854,86.41,0.5855,331.98
1753592061552,04:54:21.552,bitget,ACE/USDT:USDT,0.5853,165.88,0.5852,1041.04,0.5854,86.41,0.5855,331.98
1753592061702,04:54:21.702,bitget,ACE/USDT:USDT,0.5853,165.88,0.5852,1041.04,0.5854,86.41,0.5855,331.98
1753592061852,04:54:21.852,bitget,ACE/USDT:USDT,0.5853,165.88,0.5852,1041.04,0.5854,86.41,0.5855,331.98
1753592062002,04:54:22.002,bitget,ACE/USDT:USDT,0.5853,165.88,0.5852,1041.04,0.5854,86.41,0.5855,331.98
1753592062152,04:54:22.152,bitget,ACE/USDT:USDT,0.5853,165.88,0.5852,1041.04,0.5854,86.41,0.5855,331.98
1753592062302,04:54:22.302,bitget,ACE/USDT:USDT,0.5853,165.88,0.5852,1041.04,0.5854,86.41,0.5855,331.98
1753592062452,04:54:22.452,bitget,ACE/USDT:USDT,0.5853,165.88,0.5852,1041.04,0.5854,86.41,0.5855,331.98
1753592062602,04:54:22.602,bitget,ACE/USDT:USDT,0.5853,165.88,0.5852,1041.04,0.5854,86.41,0.5855,331.98
1753592062752,04:54:22.752,bitget,ACE/USDT:USDT,0.5853,58.9,0.5852,1041.04,0.5854,86.41,0.5855,331.98
1753592062902,04:54:22.902,bitget,ACE/USDT:USDT,0.5853,58.9,0.5852,1041.04,0.5854,193.39,0.5855,331.98
1753592063053,04:54:23.053,bitget,ACE/USDT:USDT,0.5853,58.9,0.5852,1041.04,0.5854,193.39,0.5855,331.98
1753592063203,04:54:23.203,bitget,ACE/USDT:USDT,0.5853,58.9,0.5852,1041.04,0.5854,193.39,0.5855,331.98
1753592063353,04:54:23.353,bitget,ACE/USDT:USDT,0.5853,58.9,0.5852,1041.04,0.5854,193.39,0.5855,331.98
1753592063503,04:54:23.503,bitget,ACE/USDT:USDT,0.5853,58.9,0.5852,206.72,0.5854,193.39,0.5855,331.98
1753592063803,04:54:23.803,bitget,ACE/USDT:USDT,0.5853,58.9,0.5852,206.72,0.5854,193.39,0.5855,331.98
1753592063953,04:54:23.953,bitget,ACE/USDT:USDT,0.5853,58.9,0.5852,206.72,0.5854,193.39,0.5855,331.98
1753592064253,04:54:24.253,bitget,ACE/USDT:USDT,0.5853,165.88,0.5852,1041.26,0.5854,86.41,0.5855,331.98
1753592064703,04:54:24.703,bitget,ACE/USDT:USDT,0.5853,165.88,0.5852,1041.26,0.5854,86.41,0.5855,331.98
1753592064854,04:54:24.854,bitget,ACE/USDT:USDT,0.5853,165.88,0.5852,1041.26,0.5854,86.41,0.5855,331.98
1753592065004,04:54:25.004,bitget,ACE/USDT:USDT,0.5853,165.88,0.5852,1041.26,0.5854,86.41,0.5855,331.98
1753592065154,04:54:25.154,bitget,ACE/USDT:USDT,0.5853,165.88,0.5852,1041.26,0.5854,86.41,0.5855,331.98
1753592065304,04:54:25.304,bitget,ACE/USDT:USDT,0.5853,165.88,0.5852,1041.26,0.5854,86.41,0.5855,331.98
1753592065604,04:54:25.604,bitget,ACE/USDT:USDT,0.5853,165.88,0.5852,1041.26,0.5854,86.41,0.5855,331.98
1753592065754,04:54:25.754,bitget,ACE/USDT:USDT,0.5853,165.88,0.5852,1041.26,0.5854,86.41,0.5855,331.98
1753592065904,04:54:25.904,bitget,ACE/USDT:USDT,0.5853,165.88,0.5852,1041.26,0.5854,86.41,0.5855,331.98
1753592066055,04:54:26.055,bitget,ACE/USDT:USDT,0.5853,165.88,0.5852,1041.26,0.5854,86.41,0.5855,331.98
1753592066205,04:54:26.205,bitget,ACE/USDT:USDT,0.5853,165.88,0.5852,1041.26,0.5854,86.41,0.5855,331.98
1753592066355,04:54:26.355,bitget,ACE/USDT:USDT,0.5853,165.88,0.5852,1041.26,0.5854,86.41,0.5855,331.98
1753592066655,04:54:26.655,bitget,ACE/USDT:USDT,0.5853,165.88,0.5852,1041.26,0.5854,86.41,0.5855,225.0
1753592066805,04:54:26.805,bitget,ACE/USDT:USDT,0.5853,165.88,0.5852,1041.26,0.5854,86.41,0.5855,225.0
1753592066955,04:54:26.955,bitget,ACE/USDT:USDT,0.5853,165.88,0.5852,1041.26,0.5854,86.41,0.5855,225.0
1753592067105,04:54:27.105,bitget,ACE/USDT:USDT,0.5853,165.88,0.5852,1041.26,0.5854,86.41,0.5855,225.0
1753592067255,04:54:27.255,bitget,ACE/USDT:USDT,0.5853,165.88,0.5852,1041.26,0.5854,86.41,0.5855,225.0
1753592067555,04:54:27.555,bitget,ACE/USDT:USDT,0.5853,165.88,0.5852,1041.26,0.5854,86.41,0.5855,225.0
1753592067706,04:54:27.706,bitget,ACE/USDT:USDT,0.5853,165.88,0.5852,1041.26,0.5854,86.41,0.5855,225.0
1753592067856,04:54:27.856,bitget,ACE/USDT:USDT,0.5853,165.88,0.5852,1041.26,0.5854,86.41,0.5855,225.0
1753592068006,04:54:28.006,bitget,ACE/USDT:USDT,0.5853,165.88,0.5852,1041.26,0.5854,86.41,0.5855,225.0
1753592068156,04:54:28.156,bitget,ACE/USDT:USDT,0.5853,165.88,0.5852,1041.26,0.5854,86.41,0.5855,225.0
1753592068306,04:54:28.306,bitget,ACE/USDT:USDT,0.5853,165.88,0.5852,1041.26,0.5854,86.41,0.5855,225.0
1753592068456,04:54:28.456,bitget,ACE/USDT:USDT,0.5853,165.88,0.5852,1041.26,0.5854,86.41,0.5855,225.0
1753592068606,04:54:28.606,bitget,ACE/USDT:USDT,0.5853,165.88,0.5852,1041.26,0.5854,86.41,0.5855,225.0
1753592068756,04:54:28.756,bitget,ACE/USDT:USDT,0.5853,165.88,0.5852,1041.26,0.5854,86.41,0.5855,225.0
1753592068906,04:54:28.906,bitget,ACE/USDT:USDT,0.5853,165.88,0.5852,1041.26,0.5854,86.41,0.5855,225.0
1753592069056,04:54:29.056,bitget,ACE/USDT:USDT,0.5853,165.88,0.5852,1041.26,0.5854,86.41,0.5855,225.0
1753592069206,04:54:29.206,bitget,ACE/USDT:USDT,0.5853,165.88,0.5852,1041.26,0.5854,86.41,0.5855,225.0
1753592069357,04:54:29.357,bitget,ACE/USDT:USDT,0.5853,165.88,0.5852,1041.26,0.5854,86.41,0.5855,225.0
1753592069507,04:54:29.507,bitget,ACE/USDT:USDT,0.5853,165.88,0.5852,1041.26,0.5854,86.41,0.5855,225.0
1753592069657,04:54:29.657,bitget,ACE/USDT:USDT,0.5853,165.88,0.5852,1041.26,0.5854,86.41,0.5855,225.0
1753592069807,04:54:29.807,bitget,ACE/USDT:USDT,0.5853,165.88,0.5852,1041.26,0.5854,86.41,0.5855,225.0
1753592069957,04:54:29.957,bitget,ACE/USDT:USDT,0.5853,165.88,0.5852,1041.26,0.5854,86.41,0.5855,225.0
1753592070107,04:54:30.107,bitget,ACE/USDT:USDT,0.5853,165.88,0.5852,1041.26,0.5854,86.41,0.5855,225.0
1753592070257,04:54:30.257,bitget,ACE/USDT:USDT,0.5853,165.88,0.5852,1041.26,0.5854,86.41,0.5855,225.0
1753592070407,04:54:30.407,bitget,ACE/USDT:USDT,0.5853,165.88,0.5852,1041.26,0.5854,86.41,0.5855,225.0
1753592070557,04:54:30.557,bitget,ACE/USDT:USDT,0.5853,165.88,0.5852,1041.26,0.5854,86.41,0.5855,225.0
1753592070707,04:54:30.707,bitget,ACE/USDT:USDT,0.5853,165.88,0.5852,1041.26,0.5854,86.41,0.5855,225.0
1753592070858,04:54:30.858,bitget,ACE/USDT:USDT,0.5853,165.88,0.5852,1041.26,0.5854,86.41,0.5855,225.0
1753592071008,04:54:31.008,bitget,ACE/USDT:USDT,0.5853,165.88,0.5852,1041.26,0.5854,86.41,0.5855,225.0
1753592071158,04:54:31.158,bitget,ACE/USDT:USDT,0.5853,165.88,0.5852,1041.26,0.5854,86.41,0.5855,225.0
1753592071308,04:54:31.308,bitget,ACE/USDT:USDT,0.5853,165.88,0.5852,1041.26,0.5854,86.41,0.5855,225.0
1753592071458,04:54:31.458,bitget,ACE/USDT:USDT,0.5853,165.88,0.5852,1041.26,0.5854,86.41,0.5855,225.0
1753592071608,04:54:31.608,bitget,ACE/USDT:USDT,0.5853,165.88,0.5852,1041.26,0.5854,86.41,0.5855,225.0
1753592071758,04:54:31.758,bitget,ACE/USDT:USDT,0.5853,165.88,0.5852,1041.26,0.5854,86.41,0.5855,225.0
1753592071908,04:54:31.908,bitget,ACE/USDT:USDT,0.5853,165.88,0.5852,1041.26,0.5854,86.41,0.5855,225.0
1753592072058,04:54:32.058,bitget,ACE/USDT:USDT,0.5853,165.88,0.5852,1041.26,0.5854,86.41,0.5855,225.0
1753592072208,04:54:32.208,bitget,ACE/USDT:USDT,0.5853,165.88,0.5852,1041.26,0.5854,86.41,0.5855,225.0
1753592072359,04:54:32.359,bitget,ACE/USDT:USDT,0.5853,165.88,0.5852,1041.26,0.5854,86.41,0.5855,225.0
1753592072509,04:54:32.509,bitget,ACE/USDT:USDT,0.5853,165.88,0.5852,1041.26,0.5854,86.41,0.5855,225.0
1753592072659,04:54:32.659,bitget,ACE/USDT:USDT,0.5853,165.88,0.5852,1041.26,0.5854,86.41,0.5855,225.0
1753592072809,04:54:32.809,bitget,ACE/USDT:USDT,0.5853,165.88,0.5852,1041.26,0.5854,86.41,0.5855,225.0
1753592072959,04:54:32.959,bitget,ACE/USDT:USDT,0.5853,165.88,0.5852,1041.26,0.5854,86.41,0.5855,225.0
1753592073109,04:54:33.109,bitget,ACE/USDT:USDT,0.5853,165.88,0.5852,1041.26,0.5854,86.41,0.5855,225.0
1753592073259,04:54:33.259,bitget,ACE/USDT:USDT,0.5853,165.88,0.5852,1041.26,0.5854,86.41,0.5855,225.0
1753592073409,04:54:33.409,bitget,ACE/USDT:USDT,0.5853,165.88,0.5852,1041.26,0.5854,86.41,0.5855,225.0
1753592073559,04:54:33.559,bitget,ACE/USDT:USDT,0.5853,165.88,0.5852,1041.26,0.5854,86.41,0.5855,225.0
1753592073709,04:54:33.709,bitget,ACE/USDT:USDT,0.5853,165.88,0.5852,1041.26,0.5854,86.41,0.5855,225.0
1753592073859,04:54:33.859,bitget,ACE/USDT:USDT,0.5853,165.88,0.5852,1041.26,0.5854,86.41,0.5855,225.0
1753592074010,04:54:34.010,bitget,ACE/USDT:USDT,0.5853,165.88,0.5852,1041.26,0.5854,86.41,0.5855,225.0
1753592074160,04:54:34.160,bitget,ACE/USDT:USDT,0.5853,165.88,0.5852,1041.26,0.5854,86.41,0.5855,225.0
1753592074310,04:54:34.310,bitget,ACE/USDT:USDT,0.5853,165.88,0.5852,1041.26,0.5854,86.41,0.5855,225.0
1753592074460,04:54:34.460,bitget,ACE/USDT:USDT,0.5853,165.88,0.5852,1041.26,0.5854,86.41,0.5855,225.0
1753592074610,04:54:34.610,bitget,ACE/USDT:USDT,0.5853,58.9,0.5852,206.72,0.5854,86.41,0.5855,225.0
1753592074760,04:54:34.760,bitget,ACE/USDT:USDT,0.5853,58.9,0.5852,206.72,0.5854,192.82,0.5855,225.0
1753592074910,04:54:34.910,bitget,ACE/USDT:USDT,0.5852,186.3,0.5851,193.93,0.5854,192.82,0.5855,225.0
1753592075060,04:54:35.060,bitget,ACE/USDT:USDT,0.5852,186.3,0.5851,193.93,0.5853,86.41,0.5854,192.82
1753592075210,04:54:35.210,bitget,ACE/USDT:USDT,0.5852,186.3,0.5851,193.93,0.5853,86.41,0.5854,331.15
1753592075360,04:54:35.360,bitget,ACE/USDT:USDT,0.5852,186.3,0.5851,193.93,0.5853,86.41,0.5854,331.15
1753592075510,04:54:35.510,bitget,ACE/USDT:USDT,0.5852,186.3,0.5851,193.93,0.5853,86.41,0.5854,331.15
1753592075661,04:54:35.661,bitget,ACE/USDT:USDT,0.5852,186.3,0.5851,193.93,0.5853,86.41,0.5854,331.15
1753592075811,04:54:35.811,bitget,ACE/USDT:USDT,0.5852,186.3,0.5851,193.93,0.5853,86.41,0.5854,331.15
1753592075961,04:54:35.961,bitget,ACE/USDT:USDT,0.5852,186.3,0.5851,193.93,0.5853,86.41,0.5854,331.15
1753592076111,04:54:36.111,bitget,ACE/USDT:USDT,0.5852,186.3,0.5851,193.93,0.5853,86.41,0.5854,331.15
1753592076261,04:54:36.261,bitget,ACE/USDT:USDT,0.5852,679.18,0.5851,193.93,0.5853,86.41,0.5854,331.15
1753592076411,04:54:36.411,bitget,ACE/USDT:USDT,0.5852,679.18,0.5851,193.93,0.5853,86.41,0.5854,331.15
1753592076561,04:54:36.561,bitget,ACE/USDT:USDT,0.5852,679.18,0.5851,193.93,0.5853,86.41,0.5854,331.15
1753592076711,04:54:36.711,bitget,ACE/USDT:USDT,0.585,1059.39,0.5849,463.93,0.5852,129.61,0.5853,193.19
1753592077011,04:54:37.011,bitget,ACE/USDT:USDT,0.585,104.98,0.5849,337.8,0.5852,403.3,0.5853,410.75
1753592077161,04:54:37.161,bitget,ACE/USDT:USDT,0.585,104.98,0.5849,337.8,0.5852,403.3,0.5853,410.75
1753592077462,04:54:37.462,bitget,ACE/USDT:USDT,0.585,104.98,0.5849,150.96,0.5852,403.3,0.5853,410.75
1753592077612,04:54:37.612,bitget,ACE/USDT:USDT,0.585,104.98,0.5849,832.8,0.5852,274.04,0.5853,410.75
1753592077762,04:54:37.762,bitget,ACE/USDT:USDT,0.585,104.98,0.5849,832.8,0.5852,274.04,0.5853,410.75
1753592077912,04:54:37.912,bitget,ACE/USDT:USDT,0.585,104.98,0.5849,894.0,0.5852,274.04,0.5853,410.75
1753592078062,04:54:38.062,bitget,ACE/USDT:USDT,0.585,104.98,0.5849,894.0,0.5852,274.04,0.5853,410.75
1753592078212,04:54:38.212,bitget,ACE/USDT:USDT,0.585,104.98,0.5849,894.0,0.5852,274.04,0.5853,410.75
1753592078362,04:54:38.362,bitget,ACE/USDT:USDT,0.585,104.98,0.5849,105.19,0.5852,274.04,0.5853,410.75
1753592078512,04:54:38.512,bitget,ACE/USDT:USDT,0.5849,105.19,0.5848,190.65,0.5852,397.27,0.5853,410.75
1753592078662,04:54:38.662,bitget,ACE/USDT:USDT,0.5849,105.19,0.5848,190.65,0.5851,86.41,0.5852,397.27
1753592078813,04:54:38.813,bitget,ACE/USDT:USDT,0.5849,105.19,0.5848,190.65,0.5851,86.41,0.5852,397.27
1753592078963,04:54:38.963,bitget,ACE/USDT:USDT,0.5849,105.19,0.5848,190.65,0.5851,193.19,0.5852,274.04
1753592079113,04:54:39.113,bitget,ACE/USDT:USDT,0.5849,105.19,0.5848,190.65,0.5851,193.19,0.5852,274.04
1753592079263,04:54:39.263,bitget,ACE/USDT:USDT,0.5849,105.19,0.5848,190.65,0.5851,193.19,0.5852,274.04
1753592079413,04:54:39.413,bitget,ACE/USDT:USDT,0.5849,105.19,0.5848,190.65,0.5851,193.19,0.5852,274.04
1753592079563,04:54:39.563,bitget,ACE/USDT:USDT,0.5849,105.19,0.5848,190.65,0.5851,193.19,0.5852,274.04
1753592079713,04:54:39.713,bitget,ACE/USDT:USDT,0.5849,105.19,0.5848,190.65,0.5851,193.19,0.5852,274.04
1753592079863,04:54:39.863,bitget,ACE/USDT:USDT,0.5849,105.19,0.5848,190.65,0.5851,193.19,0.5852,274.04
1753592080013,04:54:40.013,bitget,ACE/USDT:USDT,0.5849,105.19,0.5848,190.65,0.5851,193.19,0.5852,274.04
1753592080163,04:54:40.163,bitget,ACE/USDT:USDT,0.5849,105.19,0.5848,190.65,0.5851,193.19,0.5852,274.04
1753592080313,04:54:40.313,bitget,ACE/USDT:USDT,0.5849,105.19,0.5848,190.65,0.5851,193.19,0.5852,274.04
1753592080464,04:54:40.464,bitget,ACE/USDT:USDT,0.5849,105.19,0.5848,190.65,0.5851,193.19,0.5852,274.04
1753592080614,04:54:40.614,bitget,ACE/USDT:USDT,0.5849,105.19,0.5848,248.63,0.5851,193.19,0.5852,274.04
1753592080914,04:54:40.914,bitget,ACE/USDT:USDT,0.5849,106.78,0.5848,190.65,0.5851,193.19,0.5852,274.04
1753592081214,04:54:41.214,bitget,ACE/USDT:USDT,0.5849,106.78,0.5848,190.65,0.5851,193.19,0.5852,274.04
1753592081364,04:54:41.364,bitget,ACE/USDT:USDT,0.5849,106.78,0.5848,190.65,0.5851,193.19,0.5852,274.04
1753592081514,04:54:41.514,bitget,ACE/USDT:USDT,0.5849,106.78,0.5848,190.65,0.5851,193.19,0.5852,274.04
1753592081664,04:54:41.664,bitget,ACE/USDT:USDT,0.5849,106.78,0.5848,190.65,0.5851,193.19,0.5852,274.04
1753592081814,04:54:41.814,bitget,ACE/USDT:USDT,0.5849,106.78,0.5848,190.65,0.5851,193.19,0.5852,274.04
1753592081964,04:54:41.964,bitget,ACE/USDT:USDT,0.5848,190.65,0.5847,417.53,0.585,106.78,0.5851,193.19
1753592082114,04:54:42.114,bitget,ACE/USDT:USDT,0.5848,190.65,0.5847,417.53,0.585,106.78,0.5851,332.22
1753592082415,04:54:42.415,bitget,ACE/USDT:USDT,0.5848,190.65,0.5847,417.53,0.5851,332.22,0.5852,144.43
1753592082565,04:54:42.565,bitget,ACE/USDT:USDT,0.5848,190.65,0.5847,417.53,0.585,106.78,0.5851,193.19
1753592082865,04:54:42.865,bitget,ACE/USDT:USDT,0.5848,190.65,0.5847,417.53,0.585,106.78,0.5851,332.49
1753592083015,04:54:43.015,bitget,ACE/USDT:USDT,0.5848,190.65,0.5847,417.53,0.585,106.78,0.5851,332.49
1753592083165,04:54:43.165,bitget,ACE/USDT:USDT,0.5848,190.65,0.5847,417.53,0.585,106.78,0.5851,332.49
1753592083315,04:54:43.315,bitget,ACE/USDT:USDT,0.5848,190.65,0.5847,417.53,0.585,106.78,0.5851,332.49
1753592083465,04:54:43.465,bitget,ACE/USDT:USDT,0.5848,190.65,0.5847,417.53,0.585,106.78,0.5851,332.49
1753592083766,04:54:43.766,bitget,ACE/USDT:USDT,0.5848,190.65,0.5847,417.53,0.585,106.78,0.5851,332.49
1753592083916,04:54:43.916,bitget,ACE/USDT:USDT,0.5848,190.65,0.5847,417.53,0.585,106.78,0.5851,332.49
1753592084066,04:54:44.066,bitget,ACE/USDT:USDT,0.5848,190.65,0.5847,417.53,0.585,106.78,0.5851,332.49
1753592084216,04:54:44.216,bitget,ACE/USDT:USDT,0.5848,190.65,0.5847,417.53,0.585,106.78,0.5851,332.49
1753592084366,04:54:44.366,bitget,ACE/USDT:USDT,0.5848,190.65,0.5847,417.53,0.585,106.78,0.5851,332.49
1753592084516,04:54:44.516,bitget,ACE/USDT:USDT,0.5848,190.65,0.5847,417.53,0.585,106.78,0.5851,332.49
1753592084666,04:54:44.666,bitget,ACE/USDT:USDT,0.5848,190.65,0.5847,417.53,0.585,106.78,0.5851,332.49
1753592084816,04:54:44.816,bitget,ACE/USDT:USDT,0.5848,190.65,0.5847,417.53,0.5851,332.49,0.5852,144.43
1753592084966,04:54:44.966,bitget,ACE/USDT:USDT,0.5848,190.65,0.5847,417.53,0.5851,193.19,0.5852,370.56
1753592085116,04:54:45.116,bitget,ACE/USDT:USDT,0.5848,190.65,0.5847,417.53,0.5851,193.19,0.5852,370.56
1753592085266,04:54:45.266,bitget,ACE/USDT:USDT,0.5848,190.65,0.5847,417.53,0.5851,193.19,0.5852,370.56
1753592085417,04:54:45.417,bitget,ACE/USDT:USDT,0.5848,190.65,0.5847,417.53,0.5851,193.19,0.5852,370.56
1753592085567,04:54:45.567,bitget,ACE/USDT:USDT,0.5848,190.65,0.5847,417.53,0.5851,193.19,0.5852,370.56
1753592085717,04:54:45.717,bitget,ACE/USDT:USDT,0.5848,190.65,0.5847,417.53,0.5851,193.19,0.5852,370.56
1753592085867,04:54:45.867,bitget,ACE/USDT:USDT,0.5848,190.65,0.5847,417.53,0.5851,193.19,0.5852,370.56
1753592086017,04:54:46.017,bitget,ACE/USDT:USDT,0.5849,106.8,0.5848,190.65,0.5851,193.19,0.5852,370.56
1753592086167,04:54:46.167,bitget,ACE/USDT:USDT,0.5849,106.8,0.5848,190.65,0.5851,193.19,0.5852,370.56
1753592086317,04:54:46.317,bitget,ACE/USDT:USDT,0.5849,106.8,0.5848,190.65,0.5851,193.19,0.5852,370.56
1753592086467,04:54:46.467,bitget,ACE/USDT:USDT,0.5849,106.8,0.5848,190.65,0.5851,193.19,0.5852,370.56
1753592086617,04:54:46.617,bitget,ACE/USDT:USDT,0.5849,106.8,0.5848,190.65,0.5851,193.19,0.5852,370.56
1753592086917,04:54:46.917,bitget,ACE/USDT:USDT,0.5849,106.8,0.5848,190.65,0.5851,193.19,0.5852,370.56
1753592087068,04:54:47.068,bitget,ACE/USDT:USDT,0.5849,106.8,0.5848,190.65,0.5851,193.19,0.5852,370.56
1753592087218,04:54:47.218,bitget,ACE/USDT:USDT,0.5849,106.8,0.5848,190.65,0.5851,193.19,0.5852,370.56
1753592087368,04:54:47.368,bitget,ACE/USDT:USDT,0.5849,106.8,0.5848,190.65,0.5851,193.19,0.5852,370.56
1753592087518,04:54:47.518,bitget,ACE/USDT:USDT,0.5849,106.8,0.5848,463.56,0.5851,193.19,0.5852,370.56
1753592087668,04:54:47.668,bitget,ACE/USDT:USDT,0.5849,106.8,0.5848,463.56,0.5851,193.19,0.5852,370.56
1753592087818,04:54:47.818,bitget,ACE/USDT:USDT,0.5849,106.8,0.5848,463.56,0.5851,193.19,0.5852,370.56
1753592087968,04:54:47.968,bitget,ACE/USDT:USDT,0.5849,106.8,0.5848,463.56,0.5851,193.19,0.5852,370.56
1753592088118,04:54:48.118,bitget,ACE/USDT:USDT,0.5849,106.8,0.5848,463.56,0.5851,193.19,0.5852,370.56
1753592088268,04:54:48.268,bitget,ACE/USDT:USDT,0.5849,106.8,0.5848,463.56,0.5851,193.19,0.5852,370.56
1753592088418,04:54:48.418,bitget,ACE/USDT:USDT,0.5849,106.8,0.5848,463.56,0.5851,193.19,0.5852,370.56
1753592088568,04:54:48.568,bitget,ACE/USDT:USDT,0.5849,106.8,0.5848,463.56,0.5851,86.41,0.5852,370.56
1753592088718,04:54:48.718,bitget,ACE/USDT:USDT,0.5849,106.8,0.5848,463.56,0.5851,193.21,0.5852,332.91
1753592089019,04:54:49.019,bitget,ACE/USDT:USDT,0.5849,106.8,0.5848,463.56,0.5851,193.21,0.5852,332.91
