timestamp,time,symbol,bid1_price,bid1_volume,bid2_price,bid2_volume,ask1_price,ask1_volume,ask2_price,ask2_volume
1753546962085,16:22:42.085,ACE/USDT:USDT,0.5774,9365.0,0.5773,36506.0,0.5775,4693.0,0.5776,10358.0
1753546962585,16:22:42.585,ACE/USDT:USDT,0.5774,9365.0,0.5773,36506.0,0.5775,4693.0,0.5776,13633
1753546962988,16:22:42.988,ACE/USDT:USDT,0.5774,9365.0,0.5773,36506.0,0.5775,4693.0,0.5776,10358
1753546963086,16:22:43.086,ACE/USDT:USDT,0.5774,9365.0,0.5773,36506.0,0.5775,4693.0,0.5776,14559
1753546963487,16:22:43.487,ACE/USDT:USDT,0.5774,9365.0,0.5773,36506.0,0.5775,4693.0,0.5776,14559
1753546963586,16:22:43.586,ACE/USDT:USDT,0.5774,9365.0,0.5773,36506.0,0.5775,4693.0,0.5776,13501
1753546963989,16:22:43.989,ACE/USDT:USDT,0.5774,9365.0,0.5773,36506.0,0.5775,4693.0,0.5776,13501
1753546964088,16:22:44.088,ACE/USDT:USDT,0.5774,9365.0,0.5773,36506.0,0.5775,4693.0,0.5776,10358
1753546964405,16:22:44.405,ACE/USDT:USDT,0.5774,9365.0,0.5773,36506.0,0.5775,4693.0,0.5776,10358
1753546964586,16:22:44.586,ACE/USDT:USDT,0.5774,9365.0,0.5773,43425,0.5775,4693.0,0.5776,10358
1753546964988,16:22:44.988,ACE/USDT:USDT,0.5774,9365.0,0.5773,43425,0.5775,4693.0,0.5776,10358
1753546965088,16:22:45.088,ACE/USDT:USDT,0.5774,9365.0,0.5773,36506,0.5775,4693.0,0.5776,15382
1753546965397,16:22:45.397,ACE/USDT:USDT,0.5774,9365.0,0.5773,36506,0.5775,4693.0,0.5776,20870
1753546965588,16:22:45.588,ACE/USDT:USDT,0.5775,7320,0.5774,5344,0.5776,5488,0.5777,4915
1753546965988,16:22:45.988,ACE/USDT:USDT,0.5775,7320,0.5774,5344,0.5776,5488,0.5777,4915
1753546966087,16:22:46.087,ACE/USDT:USDT,0.5775,7320,0.5774,4067,0.5776,5488,0.5777,4435
1753546966489,16:22:46.489,ACE/USDT:USDT,0.5775,7320,0.5774,4067,0.5776,5488,0.5777,3700
1753546966587,16:22:46.587,ACE/USDT:USDT,0.5775,7320,0.5774,6423,0.5776,5488,0.5777,4431
1753546966989,16:22:46.989,ACE/USDT:USDT,0.5775,7320,0.5774,4611,0.5776,5488,0.5777,4431
1753546967088,16:22:47.088,ACE/USDT:USDT,0.5775,7320,0.5774,4067,0.5776,5488,0.5777,3700
1753546967490,16:22:47.490,ACE/USDT:USDT,0.5775,7320,0.5774,4067,0.5776,5488,0.5777,3700
1753546967591,16:22:47.591,ACE/USDT:USDT,0.5775,7320,0.5774,4643,0.5776,5488,0.5777,3700
1753546967989,16:22:47.989,ACE/USDT:USDT,0.5775,7320,0.5774,4643,0.5776,5488,0.5777,3700
1753546968091,16:22:48.091,ACE/USDT:USDT,0.5775,7320,0.5774,6681,0.5776,5488,0.5777,3700
1753546968490,16:22:48.490,ACE/USDT:USDT,0.5775,7320,0.5774,5089,0.5776,5488,0.5777,3700
1753546968589,16:22:48.589,ACE/USDT:USDT,0.5775,7320,0.5774,5932,0.5776,5488,0.5777,3700
1753546968991,16:22:48.991,ACE/USDT:USDT,0.5775,7320,0.5774,5932,0.5776,5488,0.5777,3700
1753546969089,16:22:49.089,ACE/USDT:USDT,0.5775,7320,0.5774,4754,0.5776,5488,0.5777,4835
1753546969483,16:22:49.483,ACE/USDT:USDT,0.5775,7320,0.5774,4754,0.5776,5488,0.5777,4835
1753546969593,16:22:49.593,ACE/USDT:USDT,0.5775,7320,0.5774,4067,0.5776,5488,0.5777,3700
1753546969991,16:22:49.991,ACE/USDT:USDT,0.5775,7320,0.5774,4067,0.5776,5488,0.5777,3700
1753546970088,16:22:50.088,ACE/USDT:USDT,0.5775,7320,0.5774,4067,0.5776,5488,0.5777,4204
1753546970498,16:22:50.498,ACE/USDT:USDT,0.5775,7320,0.5774,4067,0.5776,5488,0.5777,3700
1753546970590,16:22:50.590,ACE/USDT:USDT,0.5775,7320,0.5774,4067,0.5776,5488,0.5777,4722
1753546970990,16:22:50.990,ACE/USDT:USDT,0.5775,7320,0.5774,4067,0.5776,5488,0.5777,4722
1753546971089,16:22:51.089,ACE/USDT:USDT,0.5775,7320,0.5774,7765,0.5776,5488,0.5777,3700
1753546971396,16:22:51.396,ACE/USDT:USDT,0.5775,7320,0.5774,7765,0.5776,8317,0.5777,3700
1753546971589,16:22:51.589,ACE/USDT:USDT,0.5775,5131,0.5774,10697,0.5776,2829,0.5777,3444
1753546971990,16:22:51.990,ACE/USDT:USDT,0.5775,5131,0.5774,10697,0.5776,2829,0.5777,3444
1753546972091,16:22:52.091,ACE/USDT:USDT,0.5775,5131,0.5774,10697,0.5776,2829,0.5777,3444
1753546972494,16:22:52.494,ACE/USDT:USDT,0.5775,5131,0.5774,10697,0.5776,2829,0.5777,3444
1753546972588,16:22:52.588,ACE/USDT:USDT,0.5775,5131,0.5774,10697,0.5776,2829,0.5777,3444
1753546972992,16:22:52.992,ACE/USDT:USDT,0.5775,5131,0.5774,10697,0.5776,2829,0.5777,3444
1753546973090,16:22:53.090,ACE/USDT:USDT,0.5775,5131,0.5774,12174,0.5776,2829,0.5777,3444
1753546973495,16:22:53.495,ACE/USDT:USDT,0.5775,5131,0.5774,10697,0.5776,2829,0.5777,3444
1753546973589,16:22:53.589,ACE/USDT:USDT,0.5775,5131,0.5774,13087,0.5776,2829,0.5777,3444
1753546973992,16:22:53.992,ACE/USDT:USDT,0.5775,5131,0.5774,10697,0.5776,2829,0.5777,3444
1753546974092,16:22:54.092,ACE/USDT:USDT,0.5775,5131,0.5774,15535,0.5776,2829,0.5777,4072
1753546974493,16:22:54.493,ACE/USDT:USDT,0.5775,5131,0.5774,15535,0.5776,2829,0.5777,3444
1753546974590,16:22:54.590,ACE/USDT:USDT,0.5775,5131,0.5774,10697,0.5776,2829,0.5777,5079
1753546974992,16:22:54.992,ACE/USDT:USDT,0.5775,5131,0.5774,10697,0.5776,2829,0.5777,5079
1753546975091,16:22:55.091,ACE/USDT:USDT,0.5775,5131,0.5774,10697,0.5776,2829,0.5777,3444
1753546975480,16:22:55.480,ACE/USDT:USDT,0.5775,5131,0.5774,10697,0.5776,2829,0.5777,3444
1753546975592,16:22:55.592,ACE/USDT:USDT,0.5775,5131,0.5774,10697,0.5776,2829,0.5777,3444
1753546975994,16:22:55.994,ACE/USDT:USDT,0.5775,5131,0.5774,10697,0.5776,2829,0.5777,3444
1753546976092,16:22:56.092,ACE/USDT:USDT,0.5775,5131,0.5774,13820,0.5776,2829,0.5777,5552
1753546976494,16:22:56.494,ACE/USDT:USDT,0.5775,5131,0.5774,10697,0.5776,2829,0.5777,5552
1753546976593,16:22:56.593,ACE/USDT:USDT,0.5775,5131,0.5774,10697,0.5776,2829,0.5777,5062
1753546976994,16:22:56.994,ACE/USDT:USDT,0.5775,5131,0.5774,10697,0.5776,2829,0.5777,3444
1753546977091,16:22:57.091,ACE/USDT:USDT,0.5775,5131,0.5774,14586,0.5776,2829,0.5777,5136
1753546977399,16:22:57.399,ACE/USDT:USDT,0.5775,5131,0.5774,14586,0.5776,5647,0.5777,5136
1753546977591,16:22:57.591,ACE/USDT:USDT,0.5775,6921,0.5774,13060,0.5776,2818,0.5777,4625
1753546977995,16:22:57.995,ACE/USDT:USDT,0.5775,6921,0.5774,13060,0.5776,2818,0.5777,4625
1753546978093,16:22:58.093,ACE/USDT:USDT,0.5775,6921,0.5774,16816,0.5776,2818,0.5777,4825
1753546978494,16:22:58.494,ACE/USDT:USDT,0.5775,6921,0.5774,16816,0.5776,2818,0.5777,3372
1753546978593,16:22:58.593,ACE/USDT:USDT,0.5775,6921,0.5774,13060,0.5776,2818,0.5777,3372
1753546978995,16:22:58.995,ACE/USDT:USDT,0.5775,6921,0.5774,13060,0.5776,2818,0.5777,3372
1753546979093,16:22:59.093,ACE/USDT:USDT,0.5775,6921,0.5774,13060,0.5776,2818,0.5777,3372
1753546979563,16:22:59.563,ACE/USDT:USDT,0.5775,6921,0.5774,13060,0.5776,2818,0.5777,3372
1753546979591,16:22:59.591,ACE/USDT:USDT,0.5775,6921,0.5774,13060,0.5776,2818,0.5777,5049
1753546979996,16:22:59.996,ACE/USDT:USDT,0.5775,6921,0.5774,13060,0.5776,2818,0.5777,5049
1753546980095,16:23:00.095,ACE/USDT:USDT,0.5775,6921,0.5774,13060,0.5776,2818,0.5777,4884
1753546980495,16:23:00.495,ACE/USDT:USDT,0.5775,6921,0.5774,13060,0.5776,2818,0.5777,4884
1753546980592,16:23:00.592,ACE/USDT:USDT,0.5775,6921,0.5774,13060,0.5776,2818,0.5777,3372
1753546980995,16:23:00.995,ACE/USDT:USDT,0.5775,6921,0.5774,13060,0.5776,2818,0.5777,3372
1753546981098,16:23:01.098,ACE/USDT:USDT,0.5775,6921,0.5774,13060,0.5776,2818,0.5777,3372
1753546981484,16:23:01.484,ACE/USDT:USDT,0.5775,6921,0.5774,13060,0.5776,2818,0.5777,3372
1753546981593,16:23:01.593,ACE/USDT:USDT,0.5775,6921,0.5774,13060,0.5776,2818,0.5777,4237
1753546981996,16:23:01.996,ACE/USDT:USDT,0.5775,6921,0.5774,13060,0.5776,2818,0.5777,3804
1753546982100,16:23:02.100,ACE/USDT:USDT,0.5775,6921,0.5774,14472,0.5776,2818,0.5777,3372
1753546982564,16:23:02.564,ACE/USDT:USDT,0.5775,6921,0.5774,13060,0.5776,2818,0.5777,3372
1753546982625,16:23:02.625,ACE/USDT:USDT,0.5772,18883,0.5771,4503,0.5773,4929,0.5774,4841
1753546983092,16:23:03.092,ACE/USDT:USDT,0.5772,18883,0.5771,4503,0.5773,4929,0.5774,4841
1753546983094,16:23:03.094,ACE/USDT:USDT,0.5772,18883,0.5771,4503,0.5773,4929,0.5774,6225
1753546983496,16:23:03.496,ACE/USDT:USDT,0.5772,18883,0.5771,4503,0.5773,4929,0.5774,6225
1753546983594,16:23:03.594,ACE/USDT:USDT,0.5772,18883,0.5771,4503,0.5773,4929,0.5774,4841
1753546983997,16:23:03.997,ACE/USDT:USDT,0.5772,18883,0.5771,4503,0.5773,4929,0.5774,4841
1753546984096,16:23:04.096,ACE/USDT:USDT,0.5772,18883,0.5771,4503,0.5773,4929,0.5774,4841
1753546984497,16:23:04.497,ACE/USDT:USDT,0.5772,18883,0.5771,4503,0.5773,4929,0.5774,4841
1753546984593,16:23:04.593,ACE/USDT:USDT,0.5772,18883,0.5771,4503,0.5773,4929,0.5774,6045
1753546984997,16:23:04.997,ACE/USDT:USDT,0.5772,18883,0.5771,4503,0.5773,4929,0.5774,6045
1753546985095,16:23:05.095,ACE/USDT:USDT,0.5772,18883,0.5771,4503,0.5773,4929,0.5774,4841
1753546985497,16:23:05.497,ACE/USDT:USDT,0.5772,18883,0.5771,4503,0.5773,4929,0.5774,4841
1753546985593,16:23:05.593,ACE/USDT:USDT,0.5772,18883,0.5771,7837,0.5773,4929,0.5774,4841
1753546985996,16:23:05.996,ACE/USDT:USDT,0.5772,18883,0.5771,7837,0.5773,4929,0.5774,4841
1753546986095,16:23:06.095,ACE/USDT:USDT,0.5772,18883,0.5771,4503,0.5773,4929,0.5774,7185
1753546986497,16:23:06.497,ACE/USDT:USDT,0.5772,18883,0.5771,4503,0.5773,4929,0.5774,4841
1753546986595,16:23:06.595,ACE/USDT:USDT,0.5772,18883,0.5771,8227,0.5773,4929,0.5774,6067
1753546986779,16:23:06.779,ACE/USDT:USDT,0.5775,6642,0.5774,20626,0.5776,2818,0.5777,3372
1753546987095,16:23:07.095,ACE/USDT:USDT,0.5775,6642,0.5774,20626,0.5776,2818,0.5777,3372
1753546987496,16:23:07.496,ACE/USDT:USDT,0.5775,6642,0.5774,20626,0.5776,2818,0.5777,3372
1753546987675,16:23:07.675,ACE/USDT:USDT,0.5775,6642,0.5774,20626,0.5776,2818,0.5777,3372
1753546987998,16:23:07.998,ACE/USDT:USDT,0.5775,6642,0.5774,20626,0.5776,2818,0.5777,3372
1753546988097,16:23:08.097,ACE/USDT:USDT,0.5775,6642,0.5774,20626,0.5776,2818,0.5777,7862
1753546988503,16:23:08.503,ACE/USDT:USDT,0.5775,6642,0.5774,20626,0.5776,2818,0.5777,3372
1753546988595,16:23:08.595,ACE/USDT:USDT,0.5775,6642,0.5774,20626,0.5776,2818,0.5777,3372
1753546988998,16:23:08.998,ACE/USDT:USDT,0.5775,6642,0.5774,20626,0.5776,2818,0.5777,3372
1753546989096,16:23:09.096,ACE/USDT:USDT,0.5775,6642,0.5774,28909,0.5776,2818,0.5777,3372
1753546989499,16:23:09.499,ACE/USDT:USDT,0.5775,6642,0.5774,28909,0.5776,2818,0.5777,3372
1753546989595,16:23:09.595,ACE/USDT:USDT,0.5775,6642,0.5774,25074,0.5776,2818,0.5777,5086
1753546989998,16:23:09.998,ACE/USDT:USDT,0.5775,6642,0.5774,25074,0.5776,2818,0.5777,5086
1753546990097,16:23:10.097,ACE/USDT:USDT,0.5775,6642,0.5774,20626,0.5776,2818,0.5777,4678
1753546990499,16:23:10.499,ACE/USDT:USDT,0.5775,6642,0.5774,20626,0.5776,2818,0.5777,4678
1753546990596,16:23:10.596,ACE/USDT:USDT,0.5775,6642,0.5774,22804,0.5776,2818,0.5777,3372
1753546990999,16:23:10.999,ACE/USDT:USDT,0.5775,6642,0.5774,22804,0.5776,2818,0.5777,3372
1753546991097,16:23:11.097,ACE/USDT:USDT,0.5775,6642,0.5774,24253,0.5776,2818,0.5777,3372
1753546991498,16:23:11.498,ACE/USDT:USDT,0.5775,6642,0.5774,20626,0.5776,2818,0.5777,3372
1753546991596,16:23:11.596,ACE/USDT:USDT,0.5775,6642,0.5774,20626,0.5776,2818,0.5777,3372
1753546991999,16:23:11.999,ACE/USDT:USDT,0.5775,6642,0.5774,20626,0.5776,2818,0.5777,3372
1753546992096,16:23:12.096,ACE/USDT:USDT,0.5775,6642,0.5774,35670,0.5776,2818,0.5777,3372
1753546992405,16:23:12.405,ACE/USDT:USDT,0.5775,6642,0.5774,35670,0.5776,5620,0.5777,7973
1753546992595,16:23:12.595,ACE/USDT:USDT,0.5775,6764,0.5774,16993,0.5776,2802,0.5777,4601
1753546992999,16:23:12.999,ACE/USDT:USDT,0.5775,6764,0.5774,16993,0.5776,2802,0.5777,4601
1753546993096,16:23:13.096,ACE/USDT:USDT,0.5775,6764,0.5774,16993,0.5776,2802,0.5777,6862
1753546993494,16:23:13.494,ACE/USDT:USDT,0.5775,6764,0.5774,16993,0.5776,2802,0.5777,6862
1753546993596,16:23:13.596,ACE/USDT:USDT,0.5775,6764,0.5774,20909,0.5776,2802,0.5777,6491
1753546993999,16:23:13.999,ACE/USDT:USDT,0.5775,6764,0.5774,16993,0.5776,2802,0.5777,6491
1753546994098,16:23:14.098,ACE/USDT:USDT,0.5775,6764,0.5774,22781,0.5776,2802,0.5777,4601
1753546994504,16:23:14.504,ACE/USDT:USDT,0.5775,6764,0.5774,16993,0.5776,2802,0.5777,4601
1753546994599,16:23:14.599,ACE/USDT:USDT,0.5775,6764,0.5774,18787,0.5776,2802,0.5777,5811
1753546995000,16:23:15.000,ACE/USDT:USDT,0.5775,6764,0.5774,16993,0.5776,2802,0.5777,5811
1753546995100,16:23:15.100,ACE/USDT:USDT,0.5775,6764,0.5774,23088,0.5776,2802,0.5777,5201
1753546995502,16:23:15.502,ACE/USDT:USDT,0.5775,6764,0.5774,21044,0.5776,2802,0.5777,5201
1753546995598,16:23:15.598,ACE/USDT:USDT,0.5775,6764,0.5774,16993,0.5776,2802,0.5777,6369
1753546996001,16:23:16.001,ACE/USDT:USDT,0.5775,6764,0.5774,16993,0.5776,2802,0.5777,6369
1753546996099,16:23:16.099,ACE/USDT:USDT,0.5775,6764,0.5774,25397,0.5776,2802,0.5777,4601
1753546996502,16:23:16.502,ACE/USDT:USDT,0.5775,6764,0.5774,22157,0.5776,2802,0.5777,4601
1753546996599,16:23:16.599,ACE/USDT:USDT,0.5775,6764,0.5774,16993,0.5776,2802,0.5777,6555
1753546997001,16:23:17.001,ACE/USDT:USDT,0.5775,6764,0.5774,16993,0.5776,2802,0.5777,6555
1753546997099,16:23:17.099,ACE/USDT:USDT,0.5775,6764,0.5774,26706,0.5776,2802,0.5777,4601
1753546997502,16:23:17.502,ACE/USDT:USDT,0.5775,6764,0.5774,23965,0.5776,2802,0.5777,4601
1753546997598,16:23:17.598,ACE/USDT:USDT,0.5778,8391,0.5777,16056,0.5779,32199,0.578,21726
1753546998000,16:23:18.000,ACE/USDT:USDT,0.5778,8391,0.5777,13466,0.5779,32199,0.578,21726
1753546998099,16:23:18.099,ACE/USDT:USDT,0.5778,8391,0.5777,9892,0.5779,32199,0.578,26301
1753546998502,16:23:18.502,ACE/USDT:USDT,0.5778,8391,0.5777,8981,0.5779,32199,0.578,26301
1753546998599,16:23:18.599,ACE/USDT:USDT,0.5778,8391,0.5777,8981,0.5779,32199,0.578,21726
1753546999001,16:23:19.001,ACE/USDT:USDT,0.5778,8391,0.5777,8981,0.5779,32199,0.578,21726
1753546999100,16:23:19.100,ACE/USDT:USDT,0.5778,8391,0.5777,13113,0.5779,32199,0.578,21726
1753546999496,16:23:19.496,ACE/USDT:USDT,0.5778,8391,0.5777,13113,0.5779,32199,0.578,21726
1753546999599,16:23:19.599,ACE/USDT:USDT,0.5778,8391,0.5777,8981,0.5779,32199,0.578,24216
1753547000001,16:23:20.001,ACE/USDT:USDT,0.5778,8391,0.5777,8981,0.5779,32199,0.578,24216
1753547000101,16:23:20.101,ACE/USDT:USDT,0.5778,8391,0.5777,8981,0.5779,32199,0.578,23814
1753547000505,16:23:20.505,ACE/USDT:USDT,0.5778,8391,0.5777,8981,0.5779,32199,0.578,21726
1753547000598,16:23:20.598,ACE/USDT:USDT,0.5778,8391,0.5777,11638,0.5779,32199,0.578,27116
1753547001002,16:23:21.002,ACE/USDT:USDT,0.5778,8391,0.5777,11638,0.5779,32199,0.578,27116
1753547001101,16:23:21.101,ACE/USDT:USDT,0.5778,8391,0.5777,8981,0.5779,32199,0.578,21726
1753547001504,16:23:21.504,ACE/USDT:USDT,0.5778,8391,0.5777,8981,0.5779,32199,0.578,21726
1753547001600,16:23:21.600,ACE/USDT:USDT,0.5778,8391,0.5777,12106,0.5779,32199,0.578,21726
1753547002002,16:23:22.002,ACE/USDT:USDT,0.5778,8391,0.5777,12106,0.5779,32199,0.578,21726
1753547002101,16:23:22.101,ACE/USDT:USDT,0.5778,8391,0.5777,8981,0.5779,32199,0.578,25445
1753547002502,16:23:22.502,ACE/USDT:USDT,0.5778,8391,0.5777,8981,0.5779,32199,0.578,25445
1753547002601,16:23:22.601,ACE/USDT:USDT,0.5778,8391,0.5777,12104,0.5779,32199,0.578,21726
1753547003002,16:23:23.002,ACE/USDT:USDT,0.5778,8391,0.5777,12104,0.5779,32199,0.578,21726
1753547003101,16:23:23.101,ACE/USDT:USDT,0.5778,8391,0.5777,14042,0.5779,32199,0.578,21726
1753547003404,16:23:23.404,ACE/USDT:USDT,0.5777,14042,0.5776,44130,0.5779,32199,0.578,21726
1753547003600,16:23:23.600,ACE/USDT:USDT,0.5776,3377,0.5775,17320,0.5777,5019,0.5778,3591
1753547004005,16:23:24.005,ACE/USDT:USDT,0.5776,3377,0.5775,17320,0.5777,5019,0.5778,3591
1753547004104,16:23:24.104,ACE/USDT:USDT,0.5776,3377,0.5775,17320,0.5777,5019,0.5778,3128
1753547004504,16:23:24.504,ACE/USDT:USDT,0.5776,3377,0.5775,17320,0.5777,5019,0.5778,3128
1753547004601,16:23:24.601,ACE/USDT:USDT,0.5776,3377,0.5775,17320,0.5777,5019,0.5778,4191
1753547005005,16:23:25.005,ACE/USDT:USDT,0.5776,3377,0.5775,17320,0.5777,5019,0.5778,4191
1753547005102,16:23:25.102,ACE/USDT:USDT,0.5776,3377,0.5775,17320,0.5777,5019,0.5778,3604
1753547005498,16:23:25.498,ACE/USDT:USDT,0.5776,3377,0.5775,17320,0.5777,5019,0.5778,3604
1753547005601,16:23:25.601,ACE/USDT:USDT,0.5776,3377,0.5775,17320,0.5777,5019,0.5778,3128
1753547006003,16:23:26.003,ACE/USDT:USDT,0.5776,3377,0.5775,17320,0.5777,5019,0.5778,3128
1753547006101,16:23:26.101,ACE/USDT:USDT,0.5776,3377,0.5775,22242,0.5777,5019,0.5778,3128
1753547006506,16:23:26.506,ACE/USDT:USDT,0.5776,3377,0.5775,17320,0.5777,5019,0.5778,3128
1753547006601,16:23:26.601,ACE/USDT:USDT,0.5776,3377,0.5775,25935,0.5777,5019,0.5778,4110
1753547007004,16:23:27.004,ACE/USDT:USDT,0.5776,3377,0.5775,25935,0.5777,5019,0.5778,4110
1753547007103,16:23:27.103,ACE/USDT:USDT,0.5776,3377,0.5775,25095,0.5777,5019,0.5778,3128
1753547007504,16:23:27.504,ACE/USDT:USDT,0.5776,3377,0.5775,25095,0.5777,5019,0.5778,3128
1753547007603,16:23:27.603,ACE/USDT:USDT,0.5776,3377,0.5775,21422,0.5777,5019,0.5778,3128
1753547008005,16:23:28.005,ACE/USDT:USDT,0.5776,3377,0.5775,21422,0.5777,5019,0.5778,3128
1753547008103,16:23:28.103,ACE/USDT:USDT,0.5776,3377,0.5775,17320,0.5777,5019,0.5778,3919
1753547008507,16:23:28.507,ACE/USDT:USDT,0.5776,3377,0.5775,17320,0.5777,5019,0.5778,3919
1753547008604,16:23:28.604,ACE/USDT:USDT,0.5776,3377,0.5775,22509,0.5777,5019,0.5778,3128
1753547009005,16:23:29.005,ACE/USDT:USDT,0.5776,3377,0.5775,22509,0.5777,5019,0.5778,3128
1753547009104,16:23:29.104,ACE/USDT:USDT,0.5776,3377,0.5775,17320,0.5777,5019,0.5778,3128
1753547009408,16:23:29.408,ACE/USDT:USDT,0.5776,6962,0.5775,17320,0.5777,5422,0.5778,3303
1753547009605,16:23:29.605,ACE/USDT:USDT,0.5776,3585,0.5775,16429,0.5777,5422,0.5778,3303
1753547010007,16:23:30.007,ACE/USDT:USDT,0.5776,3585,0.5775,11951,0.5777,5422,0.5778,3303
1753547010111,16:23:30.111,ACE/USDT:USDT,0.5776,3585,0.5775,11951,0.5777,5422,0.5778,3303
1753547010508,16:23:30.508,ACE/USDT:USDT,0.5776,3585,0.5775,11951,0.5777,5422,0.5778,3303
1753547010606,16:23:30.606,ACE/USDT:USDT,0.5776,3585,0.5775,11951,0.5777,5422,0.5778,3303
1753547011006,16:23:31.006,ACE/USDT:USDT,0.5776,3585,0.5775,11951,0.5777,5422,0.5778,3303
1753547011105,16:23:31.105,ACE/USDT:USDT,0.5776,3585,0.5775,18853,0.5777,5422,0.5778,3303
1753547011503,16:23:31.503,ACE/USDT:USDT,0.5776,3585,0.5775,18853,0.5777,5422,0.5778,3303
1753547011606,16:23:31.606,ACE/USDT:USDT,0.5776,3585,0.5775,11951,0.5777,5422,0.5778,3303
1753547012008,16:23:32.008,ACE/USDT:USDT,0.5776,3585,0.5775,11951,0.5777,5422,0.5778,3303
1753547012106,16:23:32.106,ACE/USDT:USDT,0.5776,3585,0.5775,16616,0.5777,5422,0.5778,3303
1753547012508,16:23:32.508,ACE/USDT:USDT,0.5776,3585,0.5775,11951,0.5777,5422,0.5778,3303
1753547012611,16:23:32.611,ACE/USDT:USDT,0.5776,3585,0.5775,11951,0.5777,5422,0.5778,3663
1753547013015,16:23:33.015,ACE/USDT:USDT,0.5776,3585,0.5775,11951,0.5777,5422,0.5778,3303
1753547013110,16:23:33.110,ACE/USDT:USDT,0.5776,3585,0.5775,11951,0.5777,5422,0.5778,3773
1753547013512,16:23:33.512,ACE/USDT:USDT,0.5776,3585,0.5775,11951,0.5777,5422,0.5778,3303
1753547013609,16:23:33.609,ACE/USDT:USDT,0.5776,3585,0.5775,14860,0.5777,5422,0.5778,4058
1753547014064,16:23:34.064,ACE/USDT:USDT,0.5776,3585,0.5775,11951,0.5777,5422,0.5778,4058
1753547014110,16:23:34.110,ACE/USDT:USDT,0.5776,3585,0.5775,11951,0.5777,5422,0.5778,3303
1753547014513,16:23:34.513,ACE/USDT:USDT,0.5776,3585,0.5775,11951,0.5777,5422,0.5778,3303
1753547014611,16:23:34.611,ACE/USDT:USDT,0.5776,3585,0.5775,17726,0.5777,5422,0.5778,3822
1753547015015,16:23:35.015,ACE/USDT:USDT,0.5776,3585,0.5775,17726,0.5777,5422,0.5778,3822
1753547015110,16:23:35.110,ACE/USDT:USDT,0.5776,3585,0.5775,11951,0.5777,5422,0.5778,3303
1753547015415,16:23:35.415,ACE/USDT:USDT,0.5775,7988,0.5774,11049,0.5776,10299,0.5777,3922
1753547015611,16:23:35.611,ACE/USDT:USDT,0.5775,7988,0.5774,13612,0.5776,10299,0.5777,3922
1753547016013,16:23:36.013,ACE/USDT:USDT,0.5775,7988,0.5774,13612,0.5776,10299,0.5777,3922
1753547016110,16:23:36.110,ACE/USDT:USDT,0.5775,7988,0.5774,11049,0.5776,10299,0.5777,4367
1753547016514,16:23:36.514,ACE/USDT:USDT,0.5775,7988,0.5774,11049,0.5776,10299,0.5777,4367
1753547016613,16:23:36.613,ACE/USDT:USDT,0.5775,7988,0.5774,14656,0.5776,10299,0.5777,4330
1753547017013,16:23:37.013,ACE/USDT:USDT,0.5775,7988,0.5774,14656,0.5776,10299,0.5777,4330
1753547017112,16:23:37.112,ACE/USDT:USDT,0.5775,7988,0.5774,11049,0.5776,10299,0.5777,4972
1753547017514,16:23:37.514,ACE/USDT:USDT,0.5775,7988,0.5774,11049,0.5776,10299,0.5777,4972
1753547017681,16:23:37.681,ACE/USDT:USDT,0.5775,7988,0.5774,11049,0.5776,10299,0.5777,3922
1753547018013,16:23:38.013,ACE/USDT:USDT,0.5775,7988,0.5774,11049,0.5776,10299,0.5777,3922
1753547018113,16:23:38.113,ACE/USDT:USDT,0.5775,7988,0.5774,11049,0.5776,10299,0.5777,3922
1753547018516,16:23:38.516,ACE/USDT:USDT,0.5775,7988,0.5774,11049,0.5776,10299,0.5777,3922
1753547018617,16:23:38.617,ACE/USDT:USDT,0.5775,7988,0.5774,16031,0.5776,10299,0.5777,3922
1753547019016,16:23:39.016,ACE/USDT:USDT,0.5775,7988,0.5774,16031,0.5776,10299,0.5777,3922
1753547019114,16:23:39.114,ACE/USDT:USDT,0.5775,7988,0.5774,11049,0.5776,10299,0.5777,6263
1753547019417,16:23:39.417,ACE/USDT:USDT,0.5775,7988,0.5774,11049,0.5776,10299,0.5777,6263
1753547019614,16:23:39.614,ACE/USDT:USDT,0.5775,7988,0.5774,11049,0.5776,10299,0.5777,3922
1753547020015,16:23:40.015,ACE/USDT:USDT,0.5775,7988,0.5774,11049,0.5776,10299,0.5777,3922
1753547020113,16:23:40.113,ACE/USDT:USDT,0.5775,7988,0.5774,14050,0.5776,10299,0.5777,5374
1753547020562,16:23:40.562,ACE/USDT:USDT,0.5775,7988,0.5774,11049,0.5776,10299,0.5777,5374
1753547020613,16:23:40.613,ACE/USDT:USDT,0.5775,7988,0.5774,11049,0.5776,10299,0.5777,3922
1753547021016,16:23:41.016,ACE/USDT:USDT,0.5775,7988,0.5774,11049,0.5776,10299,0.5777,3922
1753547021112,16:23:41.112,ACE/USDT:USDT,0.5775,7988,0.5774,13479,0.5776,10299,0.5777,3922
1753547021416,16:23:41.416,ACE/USDT:USDT,0.5777,3274,0.5775,7988,0.5778,4152,0.5779,12760
1753547021613,16:23:41.613,ACE/USDT:USDT,0.5777,3274,0.5776,10814,0.5778,4152,0.5779,12760
1753547022015,16:23:42.015,ACE/USDT:USDT,0.5777,3274,0.5776,10814,0.5778,4152,0.5779,12760
1753547022114,16:23:42.114,ACE/USDT:USDT,0.5777,3274,0.5776,9999,0.5778,4152,0.5779,17278
1753547022515,16:23:42.515,ACE/USDT:USDT,0.5777,3274,0.5776,9999,0.5778,4152,0.5779,12760
1753547022615,16:23:42.615,ACE/USDT:USDT,0.5777,3274,0.5776,10767,0.5778,4152,0.5779,20201
1753547023016,16:23:43.016,ACE/USDT:USDT,0.5777,3274,0.5776,10767,0.5778,4152,0.5779,14138
1753547023114,16:23:43.114,ACE/USDT:USDT,0.5777,3274,0.5776,7665,0.5778,4152,0.5779,12760
1753547023509,16:23:43.509,ACE/USDT:USDT,0.5777,3274,0.5776,7665,0.5778,4152,0.5779,12760
1753547023614,16:23:43.614,ACE/USDT:USDT,0.5777,3274,0.5776,7665,0.5778,4152,0.5779,12760
1753547024016,16:23:44.016,ACE/USDT:USDT,0.5777,3274,0.5776,7665,0.5778,4152,0.5779,12760
1753547024117,16:23:44.117,ACE/USDT:USDT,0.5777,3274,0.5776,7665,0.5778,4152,0.5779,17069
1753547024517,16:23:44.517,ACE/USDT:USDT,0.5777,3274,0.5776,7665,0.5778,4152,0.5779,17069
1753547024616,16:23:44.616,ACE/USDT:USDT,0.5777,3274,0.5776,8608,0.5778,4152,0.5779,18294
1753547025018,16:23:45.018,ACE/USDT:USDT,0.5777,3274,0.5776,7665,0.5778,4152,0.5779,18294
1753547025114,16:23:45.114,ACE/USDT:USDT,0.5777,3274,0.5776,11204,0.5778,4152,0.5779,12760
1753547025419,16:23:45.419,ACE/USDT:USDT,0.5777,3274,0.5776,11204,0.5778,4152,0.5779,12760
1753547025616,16:23:45.616,ACE/USDT:USDT,0.5777,3274,0.5776,9641,0.5778,4152,0.5779,12760
1753547026018,16:23:46.018,ACE/USDT:USDT,0.5777,3274,0.5776,9641,0.5778,4152,0.5779,12760
1753547026116,16:23:46.116,ACE/USDT:USDT,0.5777,3274,0.5776,7665,0.5778,4152,0.5779,12760
1753547026518,16:23:46.518,ACE/USDT:USDT,0.5777,3274,0.5776,7665,0.5778,4152,0.5779,12760
1753547026615,16:23:46.615,ACE/USDT:USDT,0.5777,3274,0.5776,10286,0.5778,4152,0.5779,12760
1753547027019,16:23:47.019,ACE/USDT:USDT,0.5777,3274,0.5776,10286,0.5778,4152,0.5779,12760
1753547027117,16:23:47.117,ACE/USDT:USDT,0.5777,3274,0.5776,7665,0.5778,4152,0.5779,16203
1753547027420,16:23:47.420,ACE/USDT:USDT,0.5777,5904,0.5776,12758,0.5778,12553,0.5779,38750
1753547027617,16:23:47.617,ACE/USDT:USDT,0.5777,2630,0.5776,5093,0.5778,12553,0.5779,63440
1753547028018,16:23:48.018,ACE/USDT:USDT,0.5777,2630,0.5776,5093,0.5778,12553,0.5779,63440
1753547028118,16:23:48.118,ACE/USDT:USDT,0.5777,2630,0.5776,6475,0.5778,12553,0.5779,38750
1753547028520,16:23:48.520,ACE/USDT:USDT,0.5777,2630,0.5776,6475,0.5778,12553,0.5779,38750
1753547028620,16:23:48.620,ACE/USDT:USDT,0.5777,2630,0.5776,5093,0.5778,12553,0.5779,38750
1753547029020,16:23:49.020,ACE/USDT:USDT,0.5777,2630,0.5776,5093,0.5778,12553,0.5779,38750
1753547029118,16:23:49.118,ACE/USDT:USDT,0.5777,2630,0.5776,6199,0.5778,12553,0.5779,38750
1753547029515,16:23:49.515,ACE/USDT:USDT,0.5777,2630,0.5776,6199,0.5778,12553,0.5779,38750
1753547029624,16:23:49.624,ACE/USDT:USDT,0.5777,2630,0.5776,7228,0.5778,12553,0.5779,38750
1753547030019,16:23:50.019,ACE/USDT:USDT,0.5777,2630,0.5776,7228,0.5778,12553,0.5779,38750
1753547030118,16:23:50.118,ACE/USDT:USDT,0.5777,2630,0.5776,6474,0.5778,12553,0.5779,38750
1753547030525,16:23:50.525,ACE/USDT:USDT,0.5777,2630,0.5776,6474,0.5778,12553,0.5779,38750
1753547030619,16:23:50.619,ACE/USDT:USDT,0.5777,2630,0.5776,7595,0.5778,12553,0.5779,38750
1753547031019,16:23:51.019,ACE/USDT:USDT,0.5777,2630,0.5776,5093,0.5778,12553,0.5779,38750
1753547031117,16:23:51.117,ACE/USDT:USDT,0.5777,2630,0.5776,5093,0.5778,12553,0.5779,48888
1753547031417,16:23:51.417,ACE/USDT:USDT,0.5777,2630,0.5776,5093,0.5778,12553,0.5779,48888
1753547031618,16:23:51.618,ACE/USDT:USDT,0.5777,2630,0.5776,6797,0.5778,12553,0.5779,38750
1753547032021,16:23:52.021,ACE/USDT:USDT,0.5777,2630,0.5776,6797,0.5778,12553,0.5779,38750
1753547032118,16:23:52.118,ACE/USDT:USDT,0.5777,2630,0.5776,5093,0.5778,12553,0.5779,62058
1753547032521,16:23:52.521,ACE/USDT:USDT,0.5777,2630,0.5776,5093,0.5778,12553,0.5779,62058
1753547032618,16:23:52.618,ACE/USDT:USDT,0.5777,2630,0.5776,5861,0.5778,12553,0.5779,38750
1753547033021,16:23:53.021,ACE/USDT:USDT,0.5777,2630,0.5776,5861,0.5778,12553,0.5779,38750
1753547033119,16:23:53.119,ACE/USDT:USDT,0.5777,2630,0.5776,5093,0.5778,12553,0.5779,38750
1753547033422,16:23:53.422,ACE/USDT:USDT,0.5777,5426,0.5776,14488,0.5778,13916,0.5779,27011
1753547033621,16:23:53.621,ACE/USDT:USDT,0.5777,2796,0.5776,9395,0.5778,13916,0.5779,35185
1753547034023,16:23:54.023,ACE/USDT:USDT,0.5777,2796,0.5776,9395,0.5778,13916,0.5779,35185
1753547034122,16:23:54.122,ACE/USDT:USDT,0.5777,2796,0.5776,13702,0.5778,13916,0.5779,27011
1753547034523,16:23:54.523,ACE/USDT:USDT,0.5777,2796,0.5776,13702,0.5778,13916,0.5779,27011
1753547034622,16:23:54.622,ACE/USDT:USDT,0.5777,2796,0.5776,9395,0.5778,13916,0.5779,27011
1753547035023,16:23:55.023,ACE/USDT:USDT,0.5777,2796,0.5776,9395,0.5778,13916,0.5779,27011
1753547035121,16:23:55.121,ACE/USDT:USDT,0.5777,2796,0.5776,9395,0.5778,13916,0.5779,27011
1753547035517,16:23:55.517,ACE/USDT:USDT,0.5777,2796,0.5776,9395,0.5778,13916,0.5779,27011
1753547035679,16:23:55.679,ACE/USDT:USDT,0.5777,2796,0.5776,9395,0.5778,13916,0.5779,27011
1753547036023,16:23:56.023,ACE/USDT:USDT,0.5777,2796,0.5776,9395,0.5778,13916,0.5779,27011
1753547036123,16:23:56.123,ACE/USDT:USDT,0.5777,2796,0.5776,9395,0.5778,13916,0.5779,27011
1753547036526,16:23:56.526,ACE/USDT:USDT,0.5777,2796,0.5776,9395,0.5778,13916,0.5779,27011
1753547036623,16:23:56.623,ACE/USDT:USDT,0.5777,2796,0.5776,9395,0.5778,13916,0.5779,27011
1753547037062,16:23:57.062,ACE/USDT:USDT,0.5777,2796,0.5776,9395,0.5778,13916,0.5779,27011
1753547037123,16:23:57.123,ACE/USDT:USDT,0.5777,2796,0.5776,9395,0.5778,13916,0.5779,27011
1753547037525,16:23:57.525,ACE/USDT:USDT,0.5777,2796,0.5776,9395,0.5778,13916,0.5779,27011
1753547037622,16:23:57.622,ACE/USDT:USDT,0.5777,2796,0.5776,11265,0.5778,13916,0.5779,27011
1753547038025,16:23:58.025,ACE/USDT:USDT,0.5777,2796,0.5776,11265,0.5778,13916,0.5779,27011
1753547038123,16:23:58.123,ACE/USDT:USDT,0.5777,2796,0.5776,9395,0.5778,13916,0.5779,38426
1753547038525,16:23:58.525,ACE/USDT:USDT,0.5777,2796,0.5776,9395,0.5778,13916,0.5779,38426
1753547038623,16:23:58.623,ACE/USDT:USDT,0.5777,2796,0.5776,9395,0.5778,13916,0.5779,38609
1753547039025,16:23:59.025,ACE/USDT:USDT,0.5777,2796,0.5776,9395,0.5778,13916,0.5779,38609
1753547039122,16:23:59.122,ACE/USDT:USDT,0.5777,2796,0.5776,9395,0.5778,13916,0.5779,27011
1753547039423,16:23:59.423,ACE/USDT:USDT,0.5777,3103,0.5776,2945,0.5778,11599,0.5779,22042
1753547039624,16:23:59.624,ACE/USDT:USDT,0.5777,3103,0.5776,2945,0.5778,11599,0.5779,22042
1753547040026,16:24:00.026,ACE/USDT:USDT,0.5777,3103,0.5776,2945,0.5778,11599,0.5779,22042
1753547040122,16:24:00.122,ACE/USDT:USDT,0.5777,3103,0.5776,2945,0.5778,11599,0.5779,22042
1753547040526,16:24:00.526,ACE/USDT:USDT,0.5777,3103,0.5776,2945,0.5778,11599,0.5779,22042
1753547040624,16:24:00.624,ACE/USDT:USDT,0.5777,3103,0.5776,2945,0.5778,11599,0.5779,22042
1753547041027,16:24:01.027,ACE/USDT:USDT,0.5769,51018,0.5768,47873,0.5778,11599,0.5779,22042
1753547041125,16:24:01.125,ACE/USDT:USDT,0.5776,714,0.5775,1782,0.5778,11599,0.5779,26421
1753547041523,16:24:01.523,ACE/USDT:USDT,0.5776,714,0.5775,1782,0.5778,11599,0.5779,26421
1753547041627,16:24:01.627,ACE/USDT:USDT,0.5774,13939,0.5769,51018,0.5778,11599,0.5779,22042
1753547042028,16:24:02.028,ACE/USDT:USDT,0.5774,13939,0.5769,51018,0.5778,11599,0.5779,22042
1753547042126,16:24:02.126,ACE/USDT:USDT,0.5775,2311,0.5773,5003,0.5778,11599,0.5779,28676
1753547042531,16:24:02.531,ACE/USDT:USDT,0.5775,2311,0.5769,51018,0.5778,11599,0.5779,28676
1753547042625,16:24:02.625,ACE/USDT:USDT,0.5776,721,0.5775,971,0.5778,11599,0.5779,22042
1753547043028,16:24:03.028,ACE/USDT:USDT,0.5776,721,0.5775,971,0.5778,11599,0.5779,22042
1753547043125,16:24:03.125,ACE/USDT:USDT,0.5773,6337,0.5769,51018,0.5778,11599,0.5779,28438
1753547043428,16:24:03.428,ACE/USDT:USDT,0.5773,6337,0.5769,51018,0.5778,11599,0.5779,28438
1753547043625,16:24:03.625,ACE/USDT:USDT,0.5774,5671,0.5773,2873,0.5778,11599,0.5779,22042
1753547044028,16:24:04.028,ACE/USDT:USDT,0.5774,5671,0.5773,2873,0.5778,11599,0.5779,22042
1753547044126,16:24:04.126,ACE/USDT:USDT,0.5776,839,0.5773,4287,0.5778,11599,0.5779,22042
1753547044465,16:24:04.465,ACE/USDT:USDT,0.5776,839,0.5773,4287,0.5778,16520,0.5779,22042
1753547044626,16:24:04.626,ACE/USDT:USDT,0.5777,3295,0.5776,3615,0.5778,4921,0.5779,5992
1753547045028,16:24:05.028,ACE/USDT:USDT,0.5777,3295,0.5776,3615,0.5778,4921,0.5779,4038
1753547045127,16:24:05.127,ACE/USDT:USDT,0.5777,3295,0.5776,3041,0.5778,4921,0.5779,5094
1753547045530,16:24:05.530,ACE/USDT:USDT,0.5777,3295,0.5776,3041,0.5778,4921,0.5779,4038
1753547045627,16:24:05.627,ACE/USDT:USDT,0.5777,3295,0.5776,4196,0.5778,4921,0.5779,5143
1753547046031,16:24:06.031,ACE/USDT:USDT,0.5777,3295,0.5776,4196,0.5778,4921,0.5779,5143
1753547046128,16:24:06.128,ACE/USDT:USDT,0.5777,3295,0.5776,3041,0.5778,4921,0.5779,4448
1753547046531,16:24:06.531,ACE/USDT:USDT,0.5777,3295,0.5776,3041,0.5778,4921,0.5779,4448
1753547046628,16:24:06.628,ACE/USDT:USDT,0.5777,3295,0.5776,4348,0.5778,4921,0.5779,5551
1753547047030,16:24:07.030,ACE/USDT:USDT,0.5777,3295,0.5776,4348,0.5778,4921,0.5779,5551
1753547047128,16:24:07.128,ACE/USDT:USDT,0.5777,3295,0.5776,3041,0.5778,4921,0.5779,4038
1753547047523,16:24:07.523,ACE/USDT:USDT,0.5777,3295,0.5776,3041,0.5778,4921,0.5779,4038
1753547047628,16:24:07.628,ACE/USDT:USDT,0.5777,3295,0.5776,3041,0.5778,4921,0.5779,4898
1753547048031,16:24:08.031,ACE/USDT:USDT,0.5777,3295,0.5776,3041,0.5778,4921,0.5779,4898
1753547048128,16:24:08.128,ACE/USDT:USDT,0.5777,3295,0.5776,3041,0.5778,4921,0.5779,4038
1753547048535,16:24:08.535,ACE/USDT:USDT,0.5777,3295,0.5776,3041,0.5778,4921,0.5779,4038
1753547048629,16:24:08.629,ACE/USDT:USDT,0.5777,3295,0.5776,3041,0.5778,4921,0.5779,5651
1753547049031,16:24:09.031,ACE/USDT:USDT,0.5777,3295,0.5776,3041,0.5778,4921,0.5779,4899
1753547049130,16:24:09.130,ACE/USDT:USDT,0.5777,3295,0.5776,3902,0.5778,4921,0.5779,4710
1753547049431,16:24:09.431,ACE/USDT:USDT,0.5777,3295,0.5776,3902,0.5778,4921,0.5779,4710
1753547049533,16:24:09.533,ACE/USDT:USDT,0.5777,3295,0.5776,3041,0.5778,4921,0.5779,4038
1753547049632,16:24:09.632,ACE/USDT:USDT,0.5777,3295,0.5776,3041,0.5778,4921,0.5779,4706
1753547050033,16:24:10.033,ACE/USDT:USDT,0.5777,3295,0.5776,3041,0.5778,4921,0.5779,4706
1753547050130,16:24:10.130,ACE/USDT:USDT,0.5777,3295,0.5776,3041,0.5778,4921,0.5779,4038
1753547050467,16:24:10.467,ACE/USDT:USDT,0.5777,3295,0.5776,3041,0.5778,7838,0.5779,4038
1753547050631,16:24:10.631,ACE/USDT:USDT,0.5777,3922,0.5776,6040,0.5778,2917,0.5779,10399
1753547051034,16:24:11.034,ACE/USDT:USDT,0.5777,3922,0.5776,6040,0.5778,2917,0.5779,10399
1753547051132,16:24:11.132,ACE/USDT:USDT,0.5777,3922,0.5776,4557,0.5778,2917,0.5779,12106
1753547051535,16:24:11.535,ACE/USDT:USDT,0.5777,3922,0.5776,4557,0.5778,2917,0.5779,12106
1753547051633,16:24:11.633,ACE/USDT:USDT,0.5777,3922,0.5776,6542,0.5778,2917,0.5779,15263
1753547052034,16:24:12.034,ACE/USDT:USDT,0.5777,3922,0.5776,6542,0.5778,2917,0.5779,10399
1753547052135,16:24:12.135,ACE/USDT:USDT,0.5777,3922,0.5776,4557,0.5778,2917,0.5779,15006
1753547052538,16:24:12.538,ACE/USDT:USDT,0.5777,3922,0.5776,4557,0.5778,2917,0.5779,15006
1753547052634,16:24:12.634,ACE/USDT:USDT,0.5777,3922,0.5776,4557,0.5778,2917,0.5779,12412
1753547053036,16:24:13.036,ACE/USDT:USDT,0.5777,3922,0.5776,4557,0.5778,2917,0.5779,12412
1753547053134,16:24:13.134,ACE/USDT:USDT,0.5777,3922,0.5776,6394,0.5778,2917,0.5779,13723
1753547053529,16:24:13.529,ACE/USDT:USDT,0.5777,3922,0.5776,6394,0.5778,2917,0.5779,13723
1753547053634,16:24:13.634,ACE/USDT:USDT,0.5777,3922,0.5776,4557,0.5778,2917,0.5779,14267
1753547054038,16:24:14.038,ACE/USDT:USDT,0.5777,3922,0.5776,4557,0.5778,2917,0.5779,14267
1753547054164,16:24:14.164,ACE/USDT:USDT,0.5777,3922,0.5776,5119,0.5778,2917,0.5779,10399
1753547054564,16:24:14.564,ACE/USDT:USDT,0.5777,3922,0.5776,4557,0.5778,2917,0.5779,10399
1753547054666,16:24:14.666,ACE/USDT:USDT,0.5777,3922,0.5776,4557,0.5778,2917,0.5779,13326
1753547055038,16:24:15.038,ACE/USDT:USDT,0.5777,3922,0.5776,4557,0.5778,2917,0.5779,13326
1753547055163,16:24:15.163,ACE/USDT:USDT,0.5777,3922,0.5776,4557,0.5778,2917,0.5779,11792
1753547055540,16:24:15.540,ACE/USDT:USDT,0.5777,3922,0.5776,4557,0.5778,2917,0.5779,11792
1753547055666,16:24:15.666,ACE/USDT:USDT,0.5777,3922,0.5776,4557,0.5778,2917,0.5779,13337
1753547056038,16:24:16.038,ACE/USDT:USDT,0.5777,3922,0.5776,4557,0.5778,2917,0.5779,13337
1753547056164,16:24:16.164,ACE/USDT:USDT,0.5777,3922,0.5776,4557,0.5778,2917,0.5779,10399
1753547056469,16:24:16.469,ACE/USDT:USDT,0.5777,3922,0.5776,4557,0.5778,2917,0.5779,13709
1753547056665,16:24:16.665,ACE/USDT:USDT,0.5778,3297,0.5777,4146,0.5779,3310,0.578,18852
1753547057040,16:24:17.040,ACE/USDT:USDT,0.5778,3297,0.5777,4146,0.5779,3310,0.578,18852
1753547057169,16:24:17.169,ACE/USDT:USDT,0.5778,3297,0.5777,3370,0.5779,3310,0.578,12984
1753547057569,16:24:17.569,ACE/USDT:USDT,0.5778,3297,0.5777,3370,0.5779,3310,0.578,12984
1753547057669,16:24:17.669,ACE/USDT:USDT,0.5778,3297,0.5777,4056,0.5779,3310,0.578,12984
1753547058068,16:24:18.068,ACE/USDT:USDT,0.5778,3297,0.5777,3370,0.5779,3310,0.578,12984
1753547058167,16:24:18.167,ACE/USDT:USDT,0.5778,3297,0.5777,3956,0.5779,3310,0.578,12984
1753547058568,16:24:18.568,ACE/USDT:USDT,0.5778,3297,0.5777,3956,0.5779,3310,0.578,12984
1753547058667,16:24:18.667,ACE/USDT:USDT,0.5778,3297,0.5777,4182,0.5779,3310,0.578,16526
1753547059069,16:24:19.069,ACE/USDT:USDT,0.5778,3297,0.5777,4182,0.5779,3310,0.578,14653
1753547059168,16:24:19.168,ACE/USDT:USDT,0.5778,3297,0.5777,3370,0.5779,3310,0.578,17655
1753547059532,16:24:19.532,ACE/USDT:USDT,0.5778,3297,0.5777,3370,0.5779,3310,0.578,17655
1753547059670,16:24:19.670,ACE/USDT:USDT,0.5778,3297,0.5777,4511,0.5779,3310,0.578,12984
1753547060068,16:24:20.068,ACE/USDT:USDT,0.5778,3297,0.5777,4511,0.5779,3310,0.578,12984
1753547060168,16:24:20.168,ACE/USDT:USDT,0.5778,3297,0.5777,4395,0.5779,3310,0.578,14665
1753547060570,16:24:20.570,ACE/USDT:USDT,0.5778,3297,0.5777,3370,0.5779,3310,0.578,14665
1753547060671,16:24:20.671,ACE/USDT:USDT,0.5778,3297,0.5777,3370,0.5779,3310,0.578,12984
1753547061070,16:24:21.070,ACE/USDT:USDT,0.5778,3297,0.5777,3370,0.5779,3310,0.578,12984
1753547061169,16:24:21.169,ACE/USDT:USDT,0.5778,3297,0.5777,3902,0.5779,3310,0.578,12984
1753547061570,16:24:21.570,ACE/USDT:USDT,0.5778,3297,0.5777,3902,0.5779,3310,0.578,12984
1753547061671,16:24:21.671,ACE/USDT:USDT,0.5778,3297,0.5777,3370,0.5779,3310,0.578,15025
1753547062071,16:24:22.071,ACE/USDT:USDT,0.5778,3297,0.5777,3370,0.5779,3310,0.578,15025
1753547062172,16:24:22.172,ACE/USDT:USDT,0.5778,3297,0.5777,3370,0.5779,3310,0.578,19371
1753547062470,16:24:22.470,ACE/USDT:USDT,0.5778,3297,0.5777,3370,0.5779,6018,0.578,19371
1753547062668,16:24:22.668,ACE/USDT:USDT,0.5778,5467,0.5777,4972,0.5779,2708,0.578,6205
1753547062673,16:24:22.673,ACE/USDT:USDT,0.5778,5467,0.5777,4972,0.5779,2708,0.578,6205
1753547063074,16:24:23.074,ACE/USDT:USDT,0.5778,5467,0.5777,4972,0.5779,2708,0.578,6205
1753547063172,16:24:23.172,ACE/USDT:USDT,0.5778,5467,0.5777,4972,0.5779,2708,0.578,6205
1753547063574,16:24:23.574,ACE/USDT:USDT,0.5778,5467,0.5777,4972,0.5779,2708,0.578,6205
1753547063672,16:24:23.672,ACE/USDT:USDT,0.5778,5467,0.5777,5641,0.5779,2708,0.578,8706
1753547064072,16:24:24.072,ACE/USDT:USDT,0.5778,5467,0.5777,5641,0.5779,2708,0.578,8706
1753547064174,16:24:24.174,ACE/USDT:USDT,0.5778,5467,0.5777,4972,0.5779,2708,0.578,6205
1753547064572,16:24:24.572,ACE/USDT:USDT,0.5778,5467,0.5777,4972,0.5779,2708,0.578,6205
1753547064690,16:24:24.690,ACE/USDT:USDT,0.5778,5467,0.5777,7386,0.5779,2708,0.578,6205
1753547065073,16:24:25.073,ACE/USDT:USDT,0.5778,5467,0.5777,7386,0.5779,2708,0.578,6205
1753547065174,16:24:25.174,ACE/USDT:USDT,0.5778,5467,0.5777,4972,0.5779,2708,0.578,6205
1753547065573,16:24:25.573,ACE/USDT:USDT,0.5778,5467,0.5777,4972,0.5779,2708,0.578,6205
1753547065674,16:24:25.674,ACE/USDT:USDT,0.5778,5467,0.5777,4972,0.5779,2708,0.578,11038
1753547066073,16:24:26.073,ACE/USDT:USDT,0.5778,5467,0.5777,4972,0.5779,2708,0.578,11038
1753547066174,16:24:26.174,ACE/USDT:USDT,0.5778,5467,0.5777,4972,0.5779,2708,0.578,8132
1753547066573,16:24:26.573,ACE/USDT:USDT,0.5778,5467,0.5777,4972,0.5779,2708,0.578,8132
1753547066675,16:24:26.675,ACE/USDT:USDT,0.5778,5467,0.5777,4972,0.5779,2708,0.578,6205
1753547067074,16:24:27.074,ACE/USDT:USDT,0.5778,5467,0.5777,4972,0.5779,2708,0.578,6205
1753547067175,16:24:27.175,ACE/USDT:USDT,0.5778,5467,0.5777,4972,0.5779,2708,0.578,7879
1753547067575,16:24:27.575,ACE/USDT:USDT,0.5778,5467,0.5777,4972,0.5779,2708,0.578,7879
1753547067676,16:24:27.676,ACE/USDT:USDT,0.5778,5467,0.5777,4972,0.5779,2708,0.578,6205
1753547068075,16:24:28.075,ACE/USDT:USDT,0.5778,5467,0.5777,4972,0.5779,2708,0.578,6205
1753547068176,16:24:28.176,ACE/USDT:USDT,0.5778,5467,0.5777,6594,0.5779,2708,0.578,6205
1753547068477,16:24:28.477,ACE/USDT:USDT,0.5778,5467,0.5777,6594,0.5779,5479,0.578,12627
1753547068675,16:24:28.675,ACE/USDT:USDT,0.5778,2886,0.5777,3881,0.5779,2771,0.578,6422
1753547069077,16:24:29.077,ACE/USDT:USDT,0.5778,2886,0.5777,2934,0.5779,2771,0.578,6422
1753547069177,16:24:29.177,ACE/USDT:USDT,0.5778,2886,0.5777,4141,0.5779,2771,0.578,9135
1753547069579,16:24:29.579,ACE/USDT:USDT,0.5778,2886,0.5777,3462,0.5779,2771,0.578,9135
1753547069675,16:24:29.675,ACE/USDT:USDT,0.5778,2886,0.5777,4375,0.5779,2771,0.578,6422
1753547070078,16:24:30.078,ACE/USDT:USDT,0.5778,2886,0.5777,2934,0.5779,2771,0.578,6422
1753547070179,16:24:30.179,ACE/USDT:USDT,0.5778,2886,0.5777,3821,0.5779,2771,0.578,6422
1753547070578,16:24:30.578,ACE/USDT:USDT,0.5778,2886,0.5777,3821,0.5779,2771,0.578,6422
1753547070678,16:24:30.678,ACE/USDT:USDT,0.5778,2886,0.5777,2934,0.5779,2771,0.578,6422
1753547071078,16:24:31.078,ACE/USDT:USDT,0.5778,2886,0.5777,2934,0.5779,2771,0.578,6422
1753547071177,16:24:31.177,ACE/USDT:USDT,0.5778,2886,0.5777,2934,0.5779,2771,0.578,8190
1753547071579,16:24:31.579,ACE/USDT:USDT,0.5778,2886,0.5777,2934,0.5779,2771,0.578,8190
1753547071679,16:24:31.679,ACE/USDT:USDT,0.5778,2886,0.5777,3973,0.5779,2771,0.578,6422
1753547072079,16:24:32.079,ACE/USDT:USDT,0.5778,2886,0.5777,3973,0.5779,2771,0.578,6422
1753547072180,16:24:32.180,ACE/USDT:USDT,0.5778,2886,0.5777,2934,0.5779,2771,0.578,6422
1753547072580,16:24:32.580,ACE/USDT:USDT,0.5778,2886,0.5777,2934,0.5779,2771,0.578,6422
1753547072678,16:24:32.678,ACE/USDT:USDT,0.5778,2886,0.5777,2934,0.5779,2771,0.578,7852
1753547073079,16:24:33.079,ACE/USDT:USDT,0.5778,2886,0.5777,2934,0.5779,2771,0.578,7852
1753547073186,16:24:33.186,ACE/USDT:USDT,0.5781,7907,0.578,14217,0.5782,28293,0.5783,60995
1753547073442,16:24:33.442,ACE/USDT:USDT,0.5781,7907,0.578,14217,0.5782,28293,0.5783,60995
1753547073680,16:24:33.680,ACE/USDT:USDT,0.5781,7907,0.578,14217,0.5782,28293,0.5783,60995
1753547074083,16:24:34.083,ACE/USDT:USDT,0.5781,7907,0.578,14217,0.5782,28293,0.5783,60995
1753547074180,16:24:34.180,ACE/USDT:USDT,0.5781,7907,0.578,14217,0.5782,28293,0.5783,60995
1753547074583,16:24:34.583,ACE/USDT:USDT,0.5781,7907,0.578,14217,0.5782,28293,0.5783,60995
1753547074681,16:24:34.681,ACE/USDT:USDT,0.5781,7907,0.578,16804,0.5782,28293,0.5783,63615
1753547075084,16:24:35.084,ACE/USDT:USDT,0.5781,7907,0.578,14217,0.5782,28293,0.5783,63615
1753547075182,16:24:35.182,ACE/USDT:USDT,0.5781,7907,0.578,20421,0.5782,28293,0.5783,60995
1753547075587,16:24:35.587,ACE/USDT:USDT,0.5781,7907,0.578,14217,0.5782,28293,0.5783,60995
1753547075681,16:24:35.681,ACE/USDT:USDT,0.5781,7907,0.578,17295,0.5782,28293,0.5783,60995
1753547076084,16:24:36.084,ACE/USDT:USDT,0.5781,7907,0.578,17295,0.5782,28293,0.5783,60995
1753547076182,16:24:36.182,ACE/USDT:USDT,0.5781,7907,0.578,16955,0.5782,28293,0.5783,60995
1753547076585,16:24:36.585,ACE/USDT:USDT,0.5781,7907,0.578,14217,0.5782,28293,0.5783,60995
1753547076682,16:24:36.682,ACE/USDT:USDT,0.5781,7907,0.578,27507,0.5782,28293,0.5783,60995
1753547077085,16:24:37.085,ACE/USDT:USDT,0.5781,7907,0.578,27507,0.5782,28293,0.5783,60995
1753547077183,16:24:37.183,ACE/USDT:USDT,0.5781,7907,0.578,23958,0.5782,28293,0.5783,60995
1753547077586,16:24:37.586,ACE/USDT:USDT,0.5781,7907,0.578,17012,0.5782,28293,0.5783,60995
1753547077683,16:24:37.683,ACE/USDT:USDT,0.5781,7907,0.578,22230,0.5782,28293,0.5783,62452
1753547078084,16:24:38.084,ACE/USDT:USDT,0.5781,7907,0.578,15899,0.5782,28293,0.5783,62452
1753547078183,16:24:38.183,ACE/USDT:USDT,0.5781,7907,0.578,14217,0.5782,28293,0.5783,62445
1753547078486,16:24:38.486,ACE/USDT:USDT,0.5783,6099,0.5782,3375,0.5784,3513,0.5785,8658
1753547078683,16:24:38.683,ACE/USDT:USDT,0.5783,6099,0.5782,4770,0.5784,3513,0.5785,10589
1753547079086,16:24:39.086,ACE/USDT:USDT,0.5783,6099,0.5782,4770,0.5784,3513,0.5785,8658
1753547079185,16:24:39.185,ACE/USDT:USDT,0.5783,6099,0.5782,3375,0.5784,3513,0.5785,8658
1753547079586,16:24:39.586,ACE/USDT:USDT,0.5783,6099,0.5782,3375,0.5784,3513,0.5785,8658
1753547079685,16:24:39.685,ACE/USDT:USDT,0.5783,6099,0.5782,3375,0.5784,3513,0.5785,8658
1753547080087,16:24:40.087,ACE/USDT:USDT,0.5783,6099,0.5782,3375,0.5784,3513,0.5785,8658
1753547080183,16:24:40.183,ACE/USDT:USDT,0.5783,6099,0.5782,3722,0.5784,3513,0.5785,8658
1753547080586,16:24:40.586,ACE/USDT:USDT,0.5783,6099,0.5782,3722,0.5784,3513,0.5785,8658
1753547080684,16:24:40.684,ACE/USDT:USDT,0.5783,6099,0.5782,3375,0.5784,3513,0.5785,12591
1753547081087,16:24:41.087,ACE/USDT:USDT,0.5783,6099,0.5782,3375,0.5784,3513,0.5785,12591
1753547081186,16:24:41.186,ACE/USDT:USDT,0.5783,6099,0.5782,4847,0.5784,3513,0.5785,13463
1753547081587,16:24:41.587,ACE/USDT:USDT,0.5783,6099,0.5782,4847,0.5784,3513,0.5785,13463
1753547081688,16:24:41.688,ACE/USDT:USDT,0.5783,6099,0.5782,5985,0.5784,3513,0.5785,8658
1753547082087,16:24:42.087,ACE/USDT:USDT,0.5783,6099,0.5782,4682,0.5784,3513,0.5785,8658
1753547082186,16:24:42.186,ACE/USDT:USDT,0.5783,6099,0.5782,5164,0.5784,3513,0.5785,8658
1753547082587,16:24:42.587,ACE/USDT:USDT,0.5783,6099,0.5782,5164,0.5784,3513,0.5785,8658
1753547082686,16:24:42.686,ACE/USDT:USDT,0.5783,6099,0.5782,5117,0.5784,3513,0.5785,8658
1753547083088,16:24:43.088,ACE/USDT:USDT,0.5783,6099,0.5782,3795,0.5784,3513,0.5785,8658
1753547083185,16:24:43.185,ACE/USDT:USDT,0.5783,6099,0.5782,4624,0.5784,3513,0.5785,14407
1753547083587,16:24:43.587,ACE/USDT:USDT,0.5783,6099,0.5782,4624,0.5784,3513,0.5785,12576
1753547083686,16:24:43.686,ACE/USDT:USDT,0.5783,6099,0.5782,5918,0.5784,3513,0.5785,8658
1753547084087,16:24:44.087,ACE/USDT:USDT,0.5783,6099,0.5782,4246,0.5784,3513,0.5785,8658
1753547084185,16:24:44.185,ACE/USDT:USDT,0.5783,6099,0.5782,4541,0.5784,3513,0.5785,10768
1753547084486,16:24:44.486,ACE/USDT:USDT,0.5783,6099,0.5782,4541,0.5784,6324,0.5785,13577
1753547084686,16:24:44.686,ACE/USDT:USDT,0.5783,5161,0.5782,23606,0.5784,2811,0.5785,3888
1753547085088,16:24:45.088,ACE/USDT:USDT,0.5783,5161,0.5782,17857,0.5784,2811,0.5785,3888
1753547085186,16:24:45.186,ACE/USDT:USDT,0.5783,5161,0.5782,17857,0.5784,2811,0.5785,2809
1753547085588,16:24:45.588,ACE/USDT:USDT,0.5783,5161,0.5782,17857,0.5784,2811,0.5785,2809
1753547085690,16:24:45.690,ACE/USDT:USDT,0.5783,5161,0.5782,17857,0.5784,2811,0.5785,3931
1753547086089,16:24:46.089,ACE/USDT:USDT,0.5783,5161,0.5782,17857,0.5784,2811,0.5785,3931
1753547086187,16:24:46.187,ACE/USDT:USDT,0.5783,5161,0.5782,17857,0.5784,2811,0.5785,2809
1753547086588,16:24:46.588,ACE/USDT:USDT,0.5783,5161,0.5782,17857,0.5784,2811,0.5785,2809
1753547086688,16:24:46.688,ACE/USDT:USDT,0.5783,5161,0.5782,25394,0.5784,2811,0.5785,2809
1753547087089,16:24:47.089,ACE/USDT:USDT,0.5783,5161,0.5782,25394,0.5784,2811,0.5785,2809
1753547087188,16:24:47.188,ACE/USDT:USDT,0.5783,5161,0.5782,26377,0.5784,2811,0.5785,2809
1753547087589,16:24:47.589,ACE/USDT:USDT,0.5783,5161,0.5782,17857,0.5784,2811,0.5785,2809
1753547087688,16:24:47.688,ACE/USDT:USDT,0.5783,5161,0.5782,25535,0.5784,2811,0.5785,4163
1753547088089,16:24:48.089,ACE/USDT:USDT,0.5783,5161,0.5782,17857,0.5784,2811,0.5785,4163
1753547088187,16:24:48.187,ACE/USDT:USDT,0.5783,5161,0.5782,17857,0.5784,2811,0.5785,3348
1753547088589,16:24:48.589,ACE/USDT:USDT,0.5783,5161,0.5782,17857,0.5784,2811,0.5785,3348
1753547088686,16:24:48.686,ACE/USDT:USDT,0.5783,5161,0.5782,17857,0.5784,2811,0.5785,4079
1753547089088,16:24:49.088,ACE/USDT:USDT,0.5783,5161,0.5782,17857,0.5784,2811,0.5785,2809
1753547089187,16:24:49.187,ACE/USDT:USDT,0.5783,5161,0.5782,17857,0.5784,2811,0.5785,3824
1753547089589,16:24:49.589,ACE/USDT:USDT,0.5783,5161,0.5782,17857,0.5784,2811,0.5785,3824
1753547089688,16:24:49.688,ACE/USDT:USDT,0.5783,5161,0.5782,31280,0.5784,2811,0.5785,2809
1753547090089,16:24:50.089,ACE/USDT:USDT,0.5783,5161,0.5782,31280,0.5784,2811,0.5785,2809
1753547090187,16:24:50.187,ACE/USDT:USDT,0.5783,5161,0.5782,17857,0.5784,2811,0.5785,4058
1753547090486,16:24:50.486,ACE/USDT:USDT,0.5783,5161,0.5782,17857,0.5784,5585,0.5785,7591
1753547090492,16:24:50.492,ACE/USDT:USDT,0.5783,3129,0.5782,11199,0.5784,2774,0.5785,3533
1753547090688,16:24:50.688,ACE/USDT:USDT,0.5783,3129,0.5782,11199,0.5784,2774,0.5785,4882
1753547091090,16:24:51.090,ACE/USDT:USDT,0.5783,3129,0.5782,11199,0.5784,2774,0.5785,4882
1753547091187,16:24:51.187,ACE/USDT:USDT,0.5783,3129,0.5782,11199,0.5784,2774,0.5785,3533
1753547091590,16:24:51.590,ACE/USDT:USDT,0.5783,3129,0.5782,11199,0.5784,2774,0.5785,3533
1753547091689,16:24:51.689,ACE/USDT:USDT,0.5783,3129,0.5782,11199,0.5784,2774,0.5785,3533
1753547092092,16:24:52.092,ACE/USDT:USDT,0.5783,3129,0.5782,11199,0.5784,2774,0.5785,3533
1753547092187,16:24:52.187,ACE/USDT:USDT,0.5783,3129,0.5782,15915,0.5784,2774,0.5785,3533
1753547092591,16:24:52.591,ACE/USDT:USDT,0.5783,3129,0.5782,11199,0.5784,2774,0.5785,3533
1753547092690,16:24:52.690,ACE/USDT:USDT,0.5783,3129,0.5782,11199,0.5784,2774,0.5785,3533
1753547093091,16:24:53.091,ACE/USDT:USDT,0.5783,3129,0.5782,11199,0.5784,2774,0.5785,3533
1753547093189,16:24:53.189,ACE/USDT:USDT,0.5783,3129,0.5782,11199,0.5784,2774,0.5785,3533
1753547093593,16:24:53.593,ACE/USDT:USDT,0.5783,3129,0.5782,11199,0.5784,2774,0.5785,3533
1753547093690,16:24:53.690,ACE/USDT:USDT,0.5783,3129,0.5782,11199,0.5784,2774,0.5785,4017
1753547094092,16:24:54.092,ACE/USDT:USDT,0.5783,3129,0.5782,11199,0.5784,2774,0.5785,4017
1753547094190,16:24:54.190,ACE/USDT:USDT,0.5783,3129,0.5782,15310,0.5784,2774,0.5785,3533
1753547094592,16:24:54.592,ACE/USDT:USDT,0.5783,3129,0.5782,11199,0.5784,2774,0.5785,3533
1753547094775,16:24:54.775,ACE/USDT:USDT,0.5783,3129,0.5782,11199,0.5784,2774,0.5785,3533
1753547095093,16:24:55.093,ACE/USDT:USDT,0.5783,3129,0.5782,11199,0.5784,2774,0.5785,3533
1753547095191,16:24:55.191,ACE/USDT:USDT,0.5783,3129,0.5782,11199,0.5784,2774,0.5785,6701
1753547095593,16:24:55.593,ACE/USDT:USDT,0.5783,3129,0.5782,11199,0.5784,2774,0.5785,5285
1753547095692,16:24:55.692,ACE/USDT:USDT,0.5783,3129,0.5782,11199,0.5784,2774,0.5785,3533
1753547096093,16:24:56.093,ACE/USDT:USDT,0.5783,3129,0.5782,11199,0.5784,2774,0.5785,3533
1753547096191,16:24:56.191,ACE/USDT:USDT,0.5783,3129,0.5782,21199,0.5784,2774,0.5785,4943
1753547096491,16:24:56.491,ACE/USDT:USDT,0.5783,7130,0.5782,21199,0.5784,2763,0.5785,3863
1753547096692,16:24:56.692,ACE/USDT:USDT,0.5783,4001,0.5782,15423,0.5784,2763,0.5785,4277
1753547097094,16:24:57.094,ACE/USDT:USDT,0.5783,4001,0.5782,15423,0.5784,2763,0.5785,4277
1753547097193,16:24:57.193,ACE/USDT:USDT,0.5783,4001,0.5782,15423,0.5784,2763,0.5785,5111
1753547097595,16:24:57.595,ACE/USDT:USDT,0.5783,4001,0.5782,15423,0.5784,2763,0.5785,5111
1753547097693,16:24:57.693,ACE/USDT:USDT,0.5783,4001,0.5782,18481,0.5784,2763,0.5785,4323
1753547098097,16:24:58.097,ACE/USDT:USDT,0.5783,4001,0.5782,15423,0.5784,2763,0.5785,4323
1753547098194,16:24:58.194,ACE/USDT:USDT,0.5783,4001,0.5782,15423,0.5784,2763,0.5785,5175
1753547098596,16:24:58.596,ACE/USDT:USDT,0.5783,4001,0.5782,15423,0.5784,2763,0.5785,5175
1753547098695,16:24:58.695,ACE/USDT:USDT,0.5783,4001,0.5782,22896,0.5784,2763,0.5785,3863
1753547099097,16:24:59.097,ACE/USDT:USDT,0.5783,4001,0.5782,22896,0.5784,2763,0.5785,3863
1753547099195,16:24:59.195,ACE/USDT:USDT,0.5783,4001,0.5782,15423,0.5784,2763,0.5785,4627
1753547099597,16:24:59.597,ACE/USDT:USDT,0.5783,4001,0.5782,15423,0.5784,2763,0.5785,4627
1753547099694,16:24:59.694,ACE/USDT:USDT,0.5783,4001,0.5782,22641,0.5784,2763,0.5785,4804
1753547100096,16:25:00.096,ACE/USDT:USDT,0.5783,4001,0.5782,15423,0.5784,2763,0.5785,4804
1753547100195,16:25:00.195,ACE/USDT:USDT,0.5783,4001,0.5782,17127,0.5784,2763,0.5785,5140
1753547100597,16:25:00.597,ACE/USDT:USDT,0.5783,4001,0.5782,17127,0.5784,2763,0.5785,5140
1753547100695,16:25:00.695,ACE/USDT:USDT,0.5783,4001,0.5782,15423,0.5784,2763,0.5785,5642
1753547101099,16:25:01.099,ACE/USDT:USDT,0.5783,4001,0.5782,15423,0.5784,2763,0.5785,5642
1753547101195,16:25:01.195,ACE/USDT:USDT,0.5783,4001,0.5782,15423,0.5784,2763,0.5785,4339
1753547101600,16:25:01.600,ACE/USDT:USDT,0.5783,4001,0.5782,15423,0.5784,2763,0.5785,4339
1753547101696,16:25:01.696,ACE/USDT:USDT,0.5783,4001,0.5782,15423,0.5784,2763,0.5785,5188
1753547102098,16:25:02.098,ACE/USDT:USDT,0.5783,4001,0.5782,15423,0.5784,2763,0.5785,3863
1753547102196,16:25:02.196,ACE/USDT:USDT,0.5783,4001,0.5782,20584,0.5784,2763,0.5785,6476
1753547102499,16:25:02.499,ACE/USDT:USDT,0.5783,3669,0.5782,4579,0.5784,2783,0.5785,45097
1753547102697,16:25:02.697,ACE/USDT:USDT,0.5783,3669,0.5782,4579,0.5784,2783,0.5785,45097
1753547103098,16:25:03.098,ACE/USDT:USDT,0.5783,3669,0.5782,4579,0.5784,2783,0.5785,45097
1753547103196,16:25:03.196,ACE/USDT:USDT,0.5783,3669,0.5782,5197,0.5784,2783,0.5785,45097
1753547103599,16:25:03.599,ACE/USDT:USDT,0.5783,3669,0.5782,5197,0.5784,2783,0.5785,45097
1753547103701,16:25:03.701,ACE/USDT:USDT,0.5783,3669,0.5782,5721,0.5784,2783,0.5785,45097
1753547104163,16:25:04.163,ACE/USDT:USDT,0.5783,3669,0.5782,4579,0.5784,2783,0.5785,45097
1753547104196,16:25:04.196,ACE/USDT:USDT,0.5783,3669,0.5782,6178,0.5784,2783,0.5785,64217
1753547104599,16:25:04.599,ACE/USDT:USDT,0.5783,3669,0.5782,6178,0.5784,2783,0.5785,64217
1753547104698,16:25:04.698,ACE/USDT:USDT,0.5783,3669,0.5782,4579,0.5784,2783,0.5785,59673
1753547105099,16:25:05.099,ACE/USDT:USDT,0.5783,3669,0.5782,4579,0.5784,2783,0.5785,59673
1753547105196,16:25:05.196,ACE/USDT:USDT,0.5783,3669,0.5782,6330,0.5784,2783,0.5785,49798
1753547105599,16:25:05.599,ACE/USDT:USDT,0.5783,3669,0.5782,4579,0.5784,2783,0.5785,49798
1753547105697,16:25:05.697,ACE/USDT:USDT,0.5783,3669,0.5782,5638,0.5784,2783,0.5785,45097
1753547106101,16:25:06.101,ACE/USDT:USDT,0.5783,3669,0.5782,5638,0.5784,2783,0.5785,45097
1753547106197,16:25:06.197,ACE/USDT:USDT,0.5783,3669,0.5782,5727,0.5784,2783,0.5785,45097
1753547106381,16:25:06.381,ACE/USDT:USDT,0.5779,13644,0.5778,11826,0.578,12365,0.5781,68355
1753547106697,16:25:06.697,ACE/USDT:USDT,0.5779,13644,0.5778,12356,0.578,12365,0.5781,77223
1753547107099,16:25:07.099,ACE/USDT:USDT,0.5779,13644,0.5778,12356,0.578,12365,0.5781,77223
1753547107196,16:25:07.196,ACE/USDT:USDT,0.5779,13644,0.5778,11826,0.578,12365,0.5781,95727
1753547107600,16:25:07.600,ACE/USDT:USDT,0.5779,13644,0.5778,11826,0.578,12365,0.5781,68355
1753547107698,16:25:07.698,ACE/USDT:USDT,0.5779,13644,0.5778,11826,0.578,12365,0.5781,68355
1753547108100,16:25:08.100,ACE/USDT:USDT,0.5779,13644,0.5778,11826,0.578,12365,0.5781,68355
1753547108197,16:25:08.197,ACE/USDT:USDT,0.5779,13644,0.5778,11826,0.578,12365,0.5781,68355
1753547108602,16:25:08.602,ACE/USDT:USDT,0.5779,13644,0.5778,11826,0.578,12365,0.5781,68355
1753547108696,16:25:08.696,ACE/USDT:USDT,0.5779,13644,0.5778,11826,0.578,12365,0.5781,68355
1753547109100,16:25:09.100,ACE/USDT:USDT,0.5779,13644,0.5778,11826,0.578,12365,0.5781,68355
1753547109197,16:25:09.197,ACE/USDT:USDT,0.5779,13644,0.5778,13893,0.578,12365,0.5781,86180
1753547109602,16:25:09.602,ACE/USDT:USDT,0.5779,13644,0.5778,11826,0.578,12365,0.5781,86180
1753547109697,16:25:09.697,ACE/USDT:USDT,0.5779,13644,0.5778,11826,0.578,12365,0.5781,68355
1753547110100,16:25:10.100,ACE/USDT:USDT,0.5779,13644,0.5778,11826,0.578,12365,0.5781,68355
1753547110197,16:25:10.197,ACE/USDT:USDT,0.5779,13644,0.5778,12583,0.578,12365,0.5781,100477
1753547110600,16:25:10.600,ACE/USDT:USDT,0.5779,13644,0.5778,12583,0.578,12365,0.5781,100477
1753547110698,16:25:10.698,ACE/USDT:USDT,0.5779,13644,0.5778,11826,0.578,12365,0.5781,68355
1753547111099,16:25:11.099,ACE/USDT:USDT,0.5779,13644,0.5778,11826,0.578,12365,0.5781,68355
1753547111200,16:25:11.200,ACE/USDT:USDT,0.5779,13644,0.5778,11826,0.578,12365,0.5781,68355
1753547111502,16:25:11.502,ACE/USDT:USDT,0.5778,4642,0.5777,2870,0.5779,28289,0.578,15838
1753547111698,16:25:11.698,ACE/USDT:USDT,0.5778,4642,0.5777,2870,0.5779,28289,0.578,4520
1753547112100,16:25:12.100,ACE/USDT:USDT,0.5778,4642,0.5777,2870,0.5779,28289,0.578,4520
1753547112197,16:25:12.197,ACE/USDT:USDT,0.5778,4642,0.5777,2870,0.5779,28289,0.578,3473
1753547112601,16:25:12.601,ACE/USDT:USDT,0.5778,4642,0.5777,2870,0.5779,28289,0.578,3473
1753547112699,16:25:12.699,ACE/USDT:USDT,0.5778,4642,0.5777,4159,0.5779,28289,0.578,3473
1753547113101,16:25:13.101,ACE/USDT:USDT,0.5778,4642,0.5777,4159,0.5779,28289,0.578,3473
1753547113198,16:25:13.198,ACE/USDT:USDT,0.5778,4642,0.5777,4259,0.5779,28289,0.578,4819
1753547113601,16:25:13.601,ACE/USDT:USDT,0.5778,4642,0.5777,4259,0.5779,28289,0.578,4819
1753547113699,16:25:13.699,ACE/USDT:USDT,0.5778,4642,0.5777,4149,0.5779,28289,0.578,3473
1753547114101,16:25:14.101,ACE/USDT:USDT,0.5778,4642,0.5777,4149,0.5779,28289,0.578,3473
1753547114199,16:25:14.199,ACE/USDT:USDT,0.5778,4642,0.5777,3300,0.5779,28289,0.578,4007
1753547114602,16:25:14.602,ACE/USDT:USDT,0.5778,4642,0.5777,3300,0.5779,28289,0.578,4007
1753547114699,16:25:14.699,ACE/USDT:USDT,0.5778,4642,0.5777,4993,0.5779,28289,0.578,3473
1753547115101,16:25:15.101,ACE/USDT:USDT,0.5778,4642,0.5777,3965,0.5779,28289,0.578,3473
1753547115198,16:25:15.198,ACE/USDT:USDT,0.5778,4642,0.5777,2870,0.5779,28289,0.578,5077
1753547115602,16:25:15.602,ACE/USDT:USDT,0.5778,4642,0.5777,2870,0.5779,28289,0.578,5077
1753547115702,16:25:15.702,ACE/USDT:USDT,0.5778,4642,0.5777,3853,0.5779,28289,0.578,4163
1753547116101,16:25:16.101,ACE/USDT:USDT,0.5778,4642,0.5777,3853,0.5779,28289,0.578,3473
1753547116199,16:25:16.199,ACE/USDT:USDT,0.5778,4642,0.5777,4024,0.5779,28289,0.578,3473
1753547116602,16:25:16.602,ACE/USDT:USDT,0.5778,4642,0.5777,2870,0.5779,28289,0.578,3473
1753547116699,16:25:16.699,ACE/USDT:USDT,0.5778,4642,0.5777,2870,0.5779,28289,0.578,5046
1753547117102,16:25:17.102,ACE/USDT:USDT,0.5778,4642,0.5777,2870,0.5779,28289,0.578,5046
1753547117199,16:25:17.199,ACE/USDT:USDT,0.5778,4642,0.5777,2870,0.5779,28289,0.578,3473
1753547117508,16:25:17.508,ACE/USDT:USDT,0.5776,2804,0.5775,3293,0.5777,25892,0.5779,28289
1753547117700,16:25:17.700,ACE/USDT:USDT,0.5776,2804,0.5775,4944,0.5777,25892,0.5778,8171
1753547118102,16:25:18.102,ACE/USDT:USDT,0.5776,2804,0.5775,4944,0.5777,25892,0.5778,6827
1753547118199,16:25:18.199,ACE/USDT:USDT,0.5776,2804,0.5775,3293,0.5777,25892,0.5778,6827
1753547118606,16:25:18.606,ACE/USDT:USDT,0.5776,2804,0.5775,3293,0.5777,25892,0.5778,6827
1753547118700,16:25:18.700,ACE/USDT:USDT,0.5776,2804,0.5775,3293,0.5777,25892,0.5778,6827
1753547119165,16:25:19.165,ACE/USDT:USDT,0.5776,2804,0.5775,3293,0.5777,25892,0.5778,6827
1753547119201,16:25:19.201,ACE/USDT:USDT,0.5776,2804,0.5775,3892,0.5777,25892,0.5778,8970
1753547119602,16:25:19.602,ACE/USDT:USDT,0.5776,2804,0.5775,3892,0.5777,25892,0.5778,6827
1753547119700,16:25:19.700,ACE/USDT:USDT,0.5776,2804,0.5775,3293,0.5777,25892,0.5778,6827
1753547120104,16:25:20.104,ACE/USDT:USDT,0.5776,2804,0.5775,3293,0.5777,25892,0.5778,6827
1753547120203,16:25:20.203,ACE/USDT:USDT,0.5776,2804,0.5775,3293,0.5777,25892,0.5778,6827
1753547120606,16:25:20.606,ACE/USDT:USDT,0.5776,2804,0.5775,3293,0.5777,25892,0.5778,6827
1753547120705,16:25:20.705,ACE/USDT:USDT,0.5776,2804,0.5775,4099,0.5777,25892,0.5778,6827
1753547121105,16:25:21.105,ACE/USDT:USDT,0.5776,2804,0.5775,4099,0.5777,25892,0.5778,6827
1753547121202,16:25:21.202,ACE/USDT:USDT,0.5776,2804,0.5775,3791,0.5777,25892,0.5778,6827
1753547121604,16:25:21.604,ACE/USDT:USDT,0.5776,2804,0.5775,3791,0.5777,25892,0.5778,6827
1753547121702,16:25:21.702,ACE/USDT:USDT,0.5776,2804,0.5775,3293,0.5777,25892,0.5778,6827
1753547122104,16:25:22.104,ACE/USDT:USDT,0.5776,2804,0.5775,3293,0.5777,25892,0.5778,6827
1753547122263,16:25:22.263,ACE/USDT:USDT,0.5776,2804,0.5775,3293,0.5777,25892,0.5778,6827
1753547122666,16:25:22.666,ACE/USDT:USDT,0.5776,2804,0.5775,3293,0.5777,25892,0.5778,6827
1753547122763,16:25:22.763,ACE/USDT:USDT,0.5776,2804,0.5775,3293,0.5777,25892,0.5778,8381
1753547123167,16:25:23.167,ACE/USDT:USDT,0.5776,2804,0.5775,3293,0.5777,25892,0.5778,8381
1753547123264,16:25:23.264,ACE/USDT:USDT,0.5776,2804,0.5775,3293,0.5777,25892,0.5778,9828
1753547123516,16:25:23.516,ACE/USDT:USDT,0.5776,2812,0.5775,2861,0.5777,26136,0.5778,6740
1753547123764,16:25:23.764,ACE/USDT:USDT,0.5776,2812,0.5775,2861,0.5777,26136,0.5778,9620
1753547124167,16:25:24.167,ACE/USDT:USDT,0.5776,2812,0.5775,2861,0.5777,26136,0.5778,9620
1753547124264,16:25:24.264,ACE/USDT:USDT,0.5776,2812,0.5775,3790,0.5777,26136,0.5778,8253
1753547124616,16:25:24.616,ACE/USDT:USDT,0.5776,2812,0.5775,3790,0.5777,26136,0.5778,8253
1753547124765,16:25:24.765,ACE/USDT:USDT,0.5776,2812,0.5775,4116,0.5777,26136,0.5778,6740
1753547125167,16:25:25.167,ACE/USDT:USDT,0.5776,2812,0.5775,4116,0.5777,26136,0.5778,6740
1753547125266,16:25:25.266,ACE/USDT:USDT,0.5776,2812,0.5775,2861,0.5777,26136,0.5778,7943
1753547125668,16:25:25.668,ACE/USDT:USDT,0.5776,2812,0.5775,2861,0.5777,26136,0.5778,7943
1753547125765,16:25:25.765,ACE/USDT:USDT,0.5776,2812,0.5775,3343,0.5777,26136,0.5778,8674
1753547126168,16:25:26.168,ACE/USDT:USDT,0.5776,2812,0.5775,2861,0.5777,26136,0.5778,8674
1753547126267,16:25:26.267,ACE/USDT:USDT,0.5776,2812,0.5775,2861,0.5777,26136,0.5778,6740
1753547126669,16:25:26.669,ACE/USDT:USDT,0.5776,2812,0.5775,2861,0.5777,26136,0.5778,6740
1753547126766,16:25:26.766,ACE/USDT:USDT,0.5776,2812,0.5775,3292,0.5777,26136,0.5778,6740
1753547127169,16:25:27.169,ACE/USDT:USDT,0.5776,2812,0.5775,3292,0.5777,26136,0.5778,6740
1753547127266,16:25:27.266,ACE/USDT:USDT,0.5776,2812,0.5775,2861,0.5777,26136,0.5778,7723
1753547127450,16:25:27.450,ACE/USDT:USDT,0.5776,2812,0.5775,2861,0.5777,26136,0.5778,7723
1753547127766,16:25:27.766,ACE/USDT:USDT,0.5776,2812,0.5775,2861,0.5777,26136,0.5778,6740
1753547128170,16:25:28.170,ACE/USDT:USDT,0.5776,2812,0.5775,2861,0.5777,26136,0.5778,6740
1753547128266,16:25:28.266,ACE/USDT:USDT,0.5776,2812,0.5775,3922,0.5777,26136,0.5778,6740
1753547128670,16:25:28.670,ACE/USDT:USDT,0.5776,2812,0.5775,3922,0.5777,26136,0.5778,6740
1753547128767,16:25:28.767,ACE/USDT:USDT,0.5776,2812,0.5775,2861,0.5777,26136,0.5778,11261
1753547129171,16:25:29.171,ACE/USDT:USDT,0.5776,2812,0.5775,2861,0.5777,26136,0.5778,8870
1753547129268,16:25:29.268,ACE/USDT:USDT,0.5776,2812,0.5775,3472,0.5777,26136,0.5778,8583
1753547129507,16:25:29.507,ACE/USDT:USDT,0.5777,3240,0.5776,11040,0.5778,6006,0.5779,3675
1753547129768,16:25:29.768,ACE/USDT:USDT,0.5777,3240,0.5776,11040,0.5778,6006,0.5779,6280
1753547130179,16:25:30.179,ACE/USDT:USDT,0.5777,3240,0.5776,11040,0.5778,6006,0.5779,5202
1753547130267,16:25:30.267,ACE/USDT:USDT,0.5777,3240,0.5776,11040,0.5778,6006,0.5779,5660
1753547130618,16:25:30.618,ACE/USDT:USDT,0.5777,3240,0.5776,11040,0.5778,6006,0.5779,5660
1753547130767,16:25:30.767,ACE/USDT:USDT,0.5777,3240,0.5776,12584,0.5778,6006,0.5779,3675
1753547131170,16:25:31.170,ACE/USDT:USDT,0.5777,3240,0.5776,11040,0.5778,6006,0.5779,3675
1753547131267,16:25:31.267,ACE/USDT:USDT,0.5777,3240,0.5776,11040,0.5778,6006,0.5779,3675
1753547131672,16:25:31.672,ACE/USDT:USDT,0.5777,3240,0.5776,11040,0.5778,6006,0.5779,3675
1753547131768,16:25:31.768,ACE/USDT:USDT,0.5777,3240,0.5776,15633,0.5778,6006,0.5779,3675
1753547132170,16:25:32.170,ACE/USDT:USDT,0.5777,3240,0.5776,15633,0.5778,6006,0.5779,3675
1753547132268,16:25:32.268,ACE/USDT:USDT,0.5777,3240,0.5776,15798,0.5778,6006,0.5779,4334
1753547132670,16:25:32.670,ACE/USDT:USDT,0.5777,3240,0.5776,15798,0.5778,6006,0.5779,4334
1753547132769,16:25:32.769,ACE/USDT:USDT,0.5777,3240,0.5776,16535,0.5778,6006,0.5779,3675
1753547133171,16:25:33.171,ACE/USDT:USDT,0.5777,3240,0.5776,16535,0.5778,6006,0.5779,3675
1753547133268,16:25:33.268,ACE/USDT:USDT,0.5777,3240,0.5776,14934,0.5778,6006,0.5779,3675
1753547133451,16:25:33.451,ACE/USDT:USDT,0.5777,3240,0.5776,14934,0.5778,6006,0.5779,3675
1753547133769,16:25:33.769,ACE/USDT:USDT,0.5777,3240,0.5776,12569,0.5778,6006,0.5779,4470
1753547134179,16:25:34.179,ACE/USDT:USDT,0.5777,3240,0.5776,12569,0.5778,6006,0.5779,3675
1753547134269,16:25:34.269,ACE/USDT:USDT,0.5777,3240,0.5776,13355,0.5778,6006,0.5779,3675
1753547134672,16:25:34.672,ACE/USDT:USDT,0.5777,3240,0.5776,13355,0.5778,6006,0.5779,3675
1753547134770,16:25:34.770,ACE/USDT:USDT,0.5777,3240,0.5776,15794,0.5778,6006,0.5779,3675
1753547135172,16:25:35.172,ACE/USDT:USDT,0.5777,3240,0.5776,15794,0.5778,6006,0.5779,3675
1753547135271,16:25:35.271,ACE/USDT:USDT,0.5777,3240,0.5776,11040,0.5778,6006,0.5779,3675
1753547135528,16:25:35.528,ACE/USDT:USDT,0.5776,2743,0.5775,4680,0.5777,4967,0.5778,36589
1753547135772,16:25:35.772,ACE/USDT:USDT,0.5776,2743,0.5775,4680,0.5777,4967,0.5778,36589
1753547136174,16:25:36.174,ACE/USDT:USDT,0.5776,2743,0.5775,4680,0.5777,4967,0.5778,36589
1753547136271,16:25:36.271,ACE/USDT:USDT,0.5776,2743,0.5775,5485,0.5777,4967,0.5778,44494
1753547136623,16:25:36.623,ACE/USDT:USDT,0.5776,2743,0.5775,5485,0.5777,4967,0.5778,44494
1753547136775,16:25:36.775,ACE/USDT:USDT,0.5776,2743,0.5775,8114,0.5777,4967,0.5778,36589
1753547137175,16:25:37.175,ACE/USDT:USDT,0.5776,2743,0.5775,8114,0.5777,4967,0.5778,36589
1753547137273,16:25:37.273,ACE/USDT:USDT,0.5776,2743,0.5775,4680,0.5777,4967,0.5778,54412
1753547137676,16:25:37.676,ACE/USDT:USDT,0.5776,2743,0.5775,4680,0.5777,4967,0.5778,36589
1753547137773,16:25:37.773,ACE/USDT:USDT,0.5776,2743,0.5775,4680,0.5777,4967,0.5778,36589
1753547138176,16:25:38.176,ACE/USDT:USDT,0.5776,2743,0.5775,4680,0.5777,4967,0.5778,36589
1753547138273,16:25:38.273,ACE/USDT:USDT,0.5776,2743,0.5775,4680,0.5777,4967,0.5778,41253
1753547138677,16:25:38.677,ACE/USDT:USDT,0.5776,2743,0.5775,4680,0.5777,4967,0.5778,41253
1753547138773,16:25:38.773,ACE/USDT:USDT,0.5776,2743,0.5775,6822,0.5777,4967,0.5778,36589
1753547139178,16:25:39.178,ACE/USDT:USDT,0.5776,2743,0.5775,6822,0.5777,4967,0.5778,36589
1753547139278,16:25:39.278,ACE/USDT:USDT,0.5776,2743,0.5775,4680,0.5777,4967,0.5778,36589
1753547139461,16:25:39.461,ACE/USDT:USDT,0.5776,2743,0.5775,4680,0.5777,4967,0.5778,36589
1753547139775,16:25:39.775,ACE/USDT:USDT,0.5776,2743,0.5775,4680,0.5777,4967,0.5778,36589
1753547140176,16:25:40.176,ACE/USDT:USDT,0.5776,2743,0.5775,4680,0.5777,4967,0.5778,36589
1753547140274,16:25:40.274,ACE/USDT:USDT,0.5776,2743,0.5775,5540,0.5777,4967,0.5778,52531
1753547140677,16:25:40.677,ACE/USDT:USDT,0.5776,2743,0.5775,5540,0.5777,4967,0.5778,52531
1753547140776,16:25:40.776,ACE/USDT:USDT,0.5776,2743,0.5775,6643,0.5777,4967,0.5778,36589
1753547141179,16:25:41.179,ACE/USDT:USDT,0.5776,2743,0.5775,6071,0.5777,4967,0.5778,36589
1753547141274,16:25:41.274,ACE/USDT:USDT,0.5776,2743,0.5775,6161,0.5777,4967,0.5778,36589
1753547141509,16:25:41.509,ACE/USDT:USDT,0.5775,4493,0.5774,14972,0.5776,2755,0.5777,36005
1753547141775,16:25:41.775,ACE/USDT:USDT,0.5775,4493,0.5774,14972,0.5776,2755,0.5777,47340
1753547142179,16:25:42.179,ACE/USDT:USDT,0.5775,4493,0.5774,14972,0.5776,2755,0.5777,36005
1753547142275,16:25:42.275,ACE/USDT:USDT,0.5775,4493,0.5774,14972,0.5776,2755,0.5777,39787
1753547142679,16:25:42.679,ACE/USDT:USDT,0.5775,4493,0.5774,14972,0.5776,2755,0.5777,39787
1753547142777,16:25:42.777,ACE/USDT:USDT,0.5775,4493,0.5774,14972,0.5776,2755,0.5777,44469
1753547143180,16:25:43.180,ACE/USDT:USDT,0.5775,4493,0.5774,14972,0.5776,2755,0.5777,36005
1753547143277,16:25:43.277,ACE/USDT:USDT,0.5775,4493,0.5774,14972,0.5776,2755,0.5777,45531
1753547143677,16:25:43.677,ACE/USDT:USDT,0.5775,4493,0.5774,14972,0.5776,2755,0.5777,45531
1753547143778,16:25:43.778,ACE/USDT:USDT,0.5775,4493,0.5774,17831,0.5776,2755,0.5777,36005
1753547144183,16:25:44.183,ACE/USDT:USDT,0.5775,4493,0.5774,17831,0.5776,2755,0.5777,36005
1753547144276,16:25:44.276,ACE/USDT:USDT,0.5775,4493,0.5774,14972,0.5776,2755,0.5777,36005
1753547144686,16:25:44.686,ACE/USDT:USDT,0.5775,4493,0.5774,14972,0.5776,2755,0.5777,36005
1753547144776,16:25:44.776,ACE/USDT:USDT,0.5775,4493,0.5774,17210,0.5776,2755,0.5777,48131
1753547145182,16:25:45.182,ACE/USDT:USDT,0.5775,4493,0.5774,17210,0.5776,2755,0.5777,48131
1753547145276,16:25:45.276,ACE/USDT:USDT,0.5775,4493,0.5774,14972,0.5776,2755,0.5777,54429
1753547145468,16:25:45.468,ACE/USDT:USDT,0.5775,4493,0.5774,14972,0.5776,2755,0.5777,54429
1753547145780,16:25:45.780,ACE/USDT:USDT,0.5775,4493,0.5774,18550,0.5776,2755,0.5777,36005
1753547146181,16:25:46.181,ACE/USDT:USDT,0.5775,4493,0.5774,18550,0.5776,2755,0.5777,36005
1753547146277,16:25:46.277,ACE/USDT:USDT,0.5775,4493,0.5774,22264,0.5776,2755,0.5777,40676
1753547146681,16:25:46.681,ACE/USDT:USDT,0.5775,4493,0.5774,22264,0.5776,2755,0.5777,40676
1753547146778,16:25:46.778,ACE/USDT:USDT,0.5775,4493,0.5774,21407,0.5776,2755,0.5777,36005
1753547147187,16:25:47.187,ACE/USDT:USDT,0.5775,4493,0.5774,21407,0.5776,2755,0.5777,36005
1753547147281,16:25:47.281,ACE/USDT:USDT,0.5775,4493,0.5774,20816,0.5776,2755,0.5777,47414
1753547147507,16:25:47.507,ACE/USDT:USDT,0.5774,14232,0.5773,5313,0.5775,3306,0.5776,2691
1753547147780,16:25:47.780,ACE/USDT:USDT,0.5774,14232,0.5773,5313,0.5775,3306,0.5776,2691
1753547148183,16:25:48.183,ACE/USDT:USDT,0.5774,14232,0.5773,5313,0.5775,3306,0.5776,2691
1753547148278,16:25:48.278,ACE/USDT:USDT,0.5774,14232,0.5773,5313,0.5775,3306,0.5776,2691
1753547148680,16:25:48.680,ACE/USDT:USDT,0.5774,14232,0.5773,5313,0.5775,3306,0.5776,2691
1753547148780,16:25:48.780,ACE/USDT:USDT,0.5774,14232,0.5773,7311,0.5775,3306,0.5776,2691
1753547149182,16:25:49.182,ACE/USDT:USDT,0.5774,14232,0.5773,7311,0.5775,3306,0.5776,2691
1753547149279,16:25:49.279,ACE/USDT:USDT,0.5774,14232,0.5773,5313,0.5775,3306,0.5776,2691
1753547149681,16:25:49.681,ACE/USDT:USDT,0.5774,14232,0.5773,5313,0.5775,3306,0.5776,2691
1753547149780,16:25:49.780,ACE/USDT:USDT,0.5774,14232,0.5773,5313,0.5775,3306,0.5776,3232
1753547150183,16:25:50.183,ACE/USDT:USDT,0.5774,14232,0.5773,5313,0.5775,3306,0.5776,2691
1753547150279,16:25:50.279,ACE/USDT:USDT,0.5774,14232,0.5773,5313,0.5775,3306,0.5776,2691
1753547150682,16:25:50.682,ACE/USDT:USDT,0.5774,14232,0.5773,5313,0.5775,3306,0.5776,2691
1753547150780,16:25:50.780,ACE/USDT:USDT,0.5774,14232,0.5773,7926,0.5775,3306,0.5776,2691
1753547151184,16:25:51.184,ACE/USDT:USDT,0.5774,14232,0.5773,5313,0.5775,3306,0.5776,2691
1753547151279,16:25:51.279,ACE/USDT:USDT,0.5774,14232,0.5773,7599,0.5775,3306,0.5776,2691
1753547151469,16:25:51.469,ACE/USDT:USDT,0.5774,14232,0.5773,7599,0.5775,3306,0.5776,2691
1753547151779,16:25:51.779,ACE/USDT:USDT,0.5774,14232,0.5773,10480,0.5775,3306,0.5776,3875
1753547152182,16:25:52.182,ACE/USDT:USDT,0.5774,14232,0.5773,10480,0.5775,3306,0.5776,2691
1753547152279,16:25:52.279,ACE/USDT:USDT,0.5774,14232,0.5773,5313,0.5775,3306,0.5776,3892
1753547152683,16:25:52.683,ACE/USDT:USDT,0.5774,14232,0.5773,5313,0.5775,3306,0.5776,3892
1753547152781,16:25:52.781,ACE/USDT:USDT,0.5774,14232,0.5773,7836,0.5775,3306,0.5776,4401
1753547153183,16:25:53.183,ACE/USDT:USDT,0.5774,14232,0.5773,7130,0.5775,3306,0.5776,4401
1753547153280,16:25:53.280,ACE/USDT:USDT,0.5774,14232,0.5773,5313,0.5775,3306,0.5776,2691
1753547153514,16:25:53.514,ACE/USDT:USDT,0.5774,14108,0.5773,2986,0.5775,2646,0.5776,2710
1753547153781,16:25:53.781,ACE/USDT:USDT,0.5774,14108,0.5773,3438,0.5775,2646,0.5776,2710
1753547154184,16:25:54.184,ACE/USDT:USDT,0.5774,14108,0.5773,3438,0.5775,2646,0.5776,2710
1753547154281,16:25:54.281,ACE/USDT:USDT,0.5774,14108,0.5773,4358,0.5775,2646,0.5776,2710
1753547154682,16:25:54.682,ACE/USDT:USDT,0.5774,14108,0.5773,4358,0.5775,2646,0.5776,2710
1753547154782,16:25:54.782,ACE/USDT:USDT,0.5774,14108,0.5773,2986,0.5775,2646,0.5776,2710
1753547155183,16:25:55.183,ACE/USDT:USDT,0.5774,14108,0.5773,2986,0.5775,2646,0.5776,2710
1753547155281,16:25:55.281,ACE/USDT:USDT,0.5774,14108,0.5773,4360,0.5775,2646,0.5776,2710
1753547155684,16:25:55.684,ACE/USDT:USDT,0.5774,14108,0.5773,2986,0.5775,2646,0.5776,2710
1753547155782,16:25:55.782,ACE/USDT:USDT,0.5774,14108,0.5773,2986,0.5775,2646,0.5776,2710
1753547156186,16:25:56.186,ACE/USDT:USDT,0.5774,14108,0.5773,2986,0.5775,2646,0.5776,2710
1753547156281,16:25:56.281,ACE/USDT:USDT,0.5774,14108,0.5773,2986,0.5775,2646,0.5776,2710
1753547156683,16:25:56.683,ACE/USDT:USDT,0.5774,14108,0.5773,2986,0.5775,2646,0.5776,2710
1753547156782,16:25:56.782,ACE/USDT:USDT,0.5774,14108,0.5773,4435,0.5775,2646,0.5776,2710
1753547157184,16:25:57.184,ACE/USDT:USDT,0.5774,14108,0.5773,4435,0.5775,2646,0.5776,2710
1753547157282,16:25:57.282,ACE/USDT:USDT,0.5774,14108,0.5773,2986,0.5775,2646,0.5776,3747
1753547157465,16:25:57.465,ACE/USDT:USDT,0.5774,14108,0.5773,2986,0.5775,2646,0.5776,3747
1753547157782,16:25:57.782,ACE/USDT:USDT,0.5774,14108,0.5773,2986,0.5775,2646,0.5776,2710
1753547158184,16:25:58.184,ACE/USDT:USDT,0.5774,14108,0.5773,2986,0.5775,2646,0.5776,2710
1753547158283,16:25:58.283,ACE/USDT:USDT,0.5774,14108,0.5773,4128,0.5775,2646,0.5776,3880
1753547158690,16:25:58.690,ACE/USDT:USDT,0.5774,14108,0.5773,4128,0.5775,2646,0.5776,3880
1753547158785,16:25:58.785,ACE/USDT:USDT,0.5774,14108,0.5773,3958,0.5775,2646,0.5776,2710
1753547159188,16:25:59.188,ACE/USDT:USDT,0.5774,14108,0.5773,3958,0.5775,2646,0.5776,2710
1753547159285,16:25:59.285,ACE/USDT:USDT,0.5774,14108,0.5773,2986,0.5775,2646,0.5776,2710
1753547159511,16:25:59.511,ACE/USDT:USDT,0.5774,18552,0.5773,2836,0.5775,3083,0.5776,2659
1753547159786,16:25:59.786,ACE/USDT:USDT,0.5774,18552,0.5773,2836,0.5775,3083,0.5776,3879
1753547160187,16:26:00.187,ACE/USDT:USDT,0.5774,18552,0.5773,2836,0.5775,3083,0.5776,3879
1753547160285,16:26:00.285,ACE/USDT:USDT,0.5774,18552,0.5773,4560,0.5775,3083,0.5776,2659
1753547160689,16:26:00.689,ACE/USDT:USDT,0.5774,18552,0.5773,4560,0.5775,3083,0.5776,2659
1753547160784,16:26:00.784,ACE/USDT:USDT,0.5774,18552,0.5773,3801,0.5775,3083,0.5776,2659
1753547161190,16:26:01.190,ACE/USDT:USDT,0.5774,18552,0.5773,2836,0.5775,3083,0.5776,2659
1753547161287,16:26:01.287,ACE/USDT:USDT,0.5774,18552,0.5773,2836,0.5775,3083,0.5776,2659
1753547161688,16:26:01.688,ACE/USDT:USDT,0.5774,18552,0.5773,2836,0.5775,3083,0.5776,2659
1753547161787,16:26:01.787,ACE/USDT:USDT,0.5774,18552,0.5773,2836,0.5775,3083,0.5776,2659
1753547162189,16:26:02.189,ACE/USDT:USDT,0.5774,18552,0.5773,2836,0.5775,3083,0.5776,2659
1753547162286,16:26:02.286,ACE/USDT:USDT,0.5774,18552,0.5773,2836,0.5775,3083,0.5776,3903
1753547162689,16:26:02.689,ACE/USDT:USDT,0.5774,18552,0.5773,2836,0.5775,3083,0.5776,3903
1753547162786,16:26:02.786,ACE/USDT:USDT,0.5774,18552,0.5773,4075,0.5775,3083,0.5776,2659
1753547163188,16:26:03.188,ACE/USDT:USDT,0.5774,18552,0.5773,4075,0.5775,3083,0.5776,2659
1753547163287,16:26:03.287,ACE/USDT:USDT,0.5774,18552,0.5773,2836,0.5775,3083,0.5776,3228
1753547163467,16:26:03.467,ACE/USDT:USDT,0.5774,18552,0.5773,2836,0.5775,3083,0.5776,3228
1753547163789,16:26:03.789,ACE/USDT:USDT,0.5774,18552,0.5773,3538,0.5775,3083,0.5776,2659
1753547164190,16:26:04.190,ACE/USDT:USDT,0.5774,18552,0.5773,3538,0.5775,3083,0.5776,2659
1753547164287,16:26:04.287,ACE/USDT:USDT,0.5774,18552,0.5773,4038,0.5775,3083,0.5776,2659
1753547164585,16:26:04.585,ACE/USDT:USDT,0.5774,16425,0.5773,4277,0.5775,2889,0.5776,2775
1753547164789,16:26:04.789,ACE/USDT:USDT,0.5774,16425,0.5773,4277,0.5775,2889,0.5776,3728
1753547165190,16:26:05.190,ACE/USDT:USDT,0.5774,16425,0.5773,4277,0.5775,2889,0.5776,2775
1753547165288,16:26:05.288,ACE/USDT:USDT,0.5774,16425,0.5773,5966,0.5775,2889,0.5776,2775
1753547165692,16:26:05.692,ACE/USDT:USDT,0.5774,16425,0.5773,5966,0.5775,2889,0.5776,2775
1753547165790,16:26:05.790,ACE/USDT:USDT,0.5774,16425,0.5773,5343,0.5775,2889,0.5776,2775
1753547166193,16:26:06.193,ACE/USDT:USDT,0.5774,16425,0.5773,5343,0.5775,2889,0.5776,2775
1753547166288,16:26:06.288,ACE/USDT:USDT,0.5774,16425,0.5773,4277,0.5775,2889,0.5776,2775
1753547166690,16:26:06.690,ACE/USDT:USDT,0.5774,16425,0.5773,4277,0.5775,2889,0.5776,2775
1753547166788,16:26:06.788,ACE/USDT:USDT,0.5774,16425,0.5773,4277,0.5775,2889,0.5776,5091
1753547167190,16:26:07.190,ACE/USDT:USDT,0.5774,16425,0.5773,4277,0.5775,2889,0.5776,5091
1753547167289,16:26:07.289,ACE/USDT:USDT,0.5774,16425,0.5773,4277,0.5775,2889,0.5776,3354
1753547167693,16:26:07.693,ACE/USDT:USDT,0.5774,16425,0.5773,4277,0.5775,2889,0.5776,3354
1753547167790,16:26:07.790,ACE/USDT:USDT,0.5774,16425,0.5773,4277,0.5775,2889,0.5776,3244
1753547168191,16:26:08.191,ACE/USDT:USDT,0.5774,16425,0.5773,4277,0.5775,2889,0.5776,3244
1753547168289,16:26:08.289,ACE/USDT:USDT,0.5774,16425,0.5773,4277,0.5775,2889,0.5776,2775
1753547168692,16:26:08.692,ACE/USDT:USDT,0.5774,16425,0.5773,4277,0.5775,2889,0.5776,2775
1753547168789,16:26:08.789,ACE/USDT:USDT,0.5774,16425,0.5773,4277,0.5775,2889,0.5776,2775
1753547169192,16:26:09.192,ACE/USDT:USDT,0.5774,16425,0.5773,4277,0.5775,2889,0.5776,2775
1753547169290,16:26:09.290,ACE/USDT:USDT,0.5774,16425,0.5773,6167,0.5775,2889,0.5776,2775
1753547169471,16:26:09.471,ACE/USDT:USDT,0.5774,16425,0.5773,6167,0.5775,2889,0.5776,2775
1753547169791,16:26:09.791,ACE/USDT:USDT,0.5774,16425,0.5773,5815,0.5775,2889,0.5776,4662
1753547170194,16:26:10.194,ACE/USDT:USDT,0.5774,16425,0.5773,5815,0.5775,2889,0.5776,3475
1753547170290,16:26:10.290,ACE/USDT:USDT,0.5774,16425,0.5773,4277,0.5775,2889,0.5776,4373
1753547170605,16:26:10.605,ACE/USDT:USDT,0.5774,16425,0.5773,9719,0.5775,2889,0.5776,4373
1753547170791,16:26:10.791,ACE/USDT:USDT,0.5773,5442,0.5772,24438,0.5774,2763,0.5775,7773
1753547171194,16:26:11.194,ACE/USDT:USDT,0.5773,5442,0.5772,24438,0.5774,2763,0.5775,7773
1753547171289,16:26:11.289,ACE/USDT:USDT,0.5773,5442,0.5772,16822,0.5774,2763,0.5775,7773
1753547171694,16:26:11.694,ACE/USDT:USDT,0.5773,5442,0.5772,16822,0.5774,2763,0.5775,7773
1753547171790,16:26:11.790,ACE/USDT:USDT,0.5773,5442,0.5772,16822,0.5774,2763,0.5775,7773
1753547172194,16:26:12.194,ACE/USDT:USDT,0.5773,5442,0.5772,16822,0.5774,2763,0.5775,7773
1753547172290,16:26:12.290,ACE/USDT:USDT,0.5773,5442,0.5772,16822,0.5774,2763,0.5775,7773
1753547172692,16:26:12.692,ACE/USDT:USDT,0.5773,5442,0.5772,16822,0.5774,2763,0.5775,7773
1753547172795,16:26:12.795,ACE/USDT:USDT,0.5773,5442,0.5772,16822,0.5774,2763,0.5775,9470
1753547173194,16:26:13.194,ACE/USDT:USDT,0.5773,5442,0.5772,16822,0.5774,2763,0.5775,9470
1753547173291,16:26:13.291,ACE/USDT:USDT,0.5773,5442,0.5772,22621,0.5774,2763,0.5775,7773
1753547173694,16:26:13.694,ACE/USDT:USDT,0.5773,5442,0.5772,22621,0.5774,2763,0.5775,7773
1753547173793,16:26:13.793,ACE/USDT:USDT,0.5773,5442,0.5772,19258,0.5774,2763,0.5775,11220
1753547174195,16:26:14.195,ACE/USDT:USDT,0.5773,5442,0.5772,19258,0.5774,2763,0.5775,11220
1753547174293,16:26:14.293,ACE/USDT:USDT,0.5773,5442,0.5772,20006,0.5774,2763,0.5775,7773
1753547174694,16:26:14.694,ACE/USDT:USDT,0.5773,5442,0.5772,16822,0.5774,2763,0.5775,7773
1753547174792,16:26:14.792,ACE/USDT:USDT,0.5773,5442,0.5772,23466,0.5774,2763,0.5775,7773
1753547175195,16:26:15.195,ACE/USDT:USDT,0.5773,5442,0.5772,16822,0.5774,2763,0.5775,7773
1753547175292,16:26:15.292,ACE/USDT:USDT,0.5773,5442,0.5772,22271,0.5774,2763,0.5775,9793
1753547175694,16:26:15.694,ACE/USDT:USDT,0.5773,5442,0.5772,22271,0.5774,2763,0.5775,7773
1753547175792,16:26:15.792,ACE/USDT:USDT,0.5773,5442,0.5772,16822,0.5774,2763,0.5775,9808
1753547176196,16:26:16.196,ACE/USDT:USDT,0.5773,5442,0.5772,16822,0.5774,2763,0.5775,9808
1753547176297,16:26:16.297,ACE/USDT:USDT,0.5773,5442,0.5772,16822,0.5774,2763,0.5775,8813
1753547176597,16:26:16.597,ACE/USDT:USDT,0.5773,15393,0.5772,21275,0.5774,2801,0.5775,3864
1753547176797,16:26:16.797,ACE/USDT:USDT,0.5773,9951,0.5772,4453,0.5774,2801,0.5775,4808
1753547177200,16:26:17.200,ACE/USDT:USDT,0.5773,9951,0.5772,4453,0.5774,2801,0.5775,4808
1753547177296,16:26:17.296,ACE/USDT:USDT,0.5773,9951,0.5772,4453,0.5774,2801,0.5775,3864
1753547177700,16:26:17.700,ACE/USDT:USDT,0.5773,9951,0.5772,4453,0.5774,2801,0.5775,3864
1753547177797,16:26:17.797,ACE/USDT:USDT,0.5773,9951,0.5772,4453,0.5774,2801,0.5775,3864
1753547178199,16:26:18.199,ACE/USDT:USDT,0.5773,9951,0.5772,4453,0.5774,2801,0.5775,3864
1753547178297,16:26:18.297,ACE/USDT:USDT,0.5773,9951,0.5772,5744,0.5774,2801,0.5775,5056
1753547178699,16:26:18.699,ACE/USDT:USDT,0.5773,9951,0.5772,5744,0.5774,2801,0.5775,5056
1753547178798,16:26:18.798,ACE/USDT:USDT,0.5773,9951,0.5772,4453,0.5774,2801,0.5775,6796
1753547179199,16:26:19.199,ACE/USDT:USDT,0.5773,9951,0.5772,4453,0.5774,2801,0.5775,5632
1753547179324,16:26:19.324,ACE/USDT:USDT,0.5773,9951,0.5772,4453,0.5774,2801,0.5775,3864
1753547179701,16:26:19.701,ACE/USDT:USDT,0.5773,9951,0.5772,4453,0.5774,2801,0.5775,3864
1753547179798,16:26:19.798,ACE/USDT:USDT,0.5773,9951,0.5772,6139,0.5774,2801,0.5775,5562
1753547180200,16:26:20.200,ACE/USDT:USDT,0.5773,9951,0.5772,4998,0.5774,2801,0.5775,5562
1753547180298,16:26:20.298,ACE/USDT:USDT,0.5773,9951,0.5772,4453,0.5774,2801,0.5775,3864
1753547180700,16:26:20.700,ACE/USDT:USDT,0.5773,9951,0.5772,4453,0.5774,2801,0.5775,3864
1753547180798,16:26:20.798,ACE/USDT:USDT,0.5773,9951,0.5772,4453,0.5774,2801,0.5775,3864
1753547181200,16:26:21.200,ACE/USDT:USDT,0.5773,9951,0.5772,4453,0.5774,2801,0.5775,3864
1753547181299,16:26:21.299,ACE/USDT:USDT,0.5773,9951,0.5772,4453,0.5774,2801,0.5775,4722
1753547181700,16:26:21.700,ACE/USDT:USDT,0.5773,9951,0.5772,4453,0.5774,2801,0.5775,3864
1753547181798,16:26:21.798,ACE/USDT:USDT,0.5773,9951,0.5772,4453,0.5774,2801,0.5775,4696
1753547182201,16:26:22.201,ACE/USDT:USDT,0.5773,9951,0.5772,4453,0.5774,2801,0.5775,4696
