timestamp,time,exchange,symbol,bid1_price,bid1_volume,bid2_price,bid2_volume,ask1_price,ask1_volume,ask2_price,ask2_volume
1753591899222,04:51:39.222,bitmex,AAVE/USDT:USDT,296.73,1000.0,296.67,1000.0,296.84,113000.0,296.98,728000.0
1753591899584,04:51:39.584,bitmex,AAVE/USDT:USDT,296.74,1000.0,296.73,1000.0,296.84,113000.0,296.98,728000.0
1753591899634,04:51:39.634,bitmex,AAVE/USDT:USDT,296.79,1000.0,296.72,1000.0,296.84,113000.0,296.98,728000.0
1753591899733,04:51:39.733,bitmex,AAVE/USDT:USDT,296.82,1000.0,296.51,6000.0,296.83,1000.0,296.84,113000.0
1753591899783,04:51:39.783,bitmex,AAVE/USDT:USDT,296.82,1000.0,296.74,1000.0,296.83,1000.0,296.84,113000.0
1753591899832,04:51:39.832,bitmex,AAVE/USDT:USDT,296.82,1000.0,296.74,1000.0,296.83,1000.0,296.84,113000.0
1753591900258,04:51:40.258,bitmex,AAVE/USDT:USDT,296.82,1000.0,296.74,1000.0,296.83,1000.0,296.84,113000.0
1753591900509,04:51:40.509,bitmex,AAVE/USDT:USDT,296.82,1000.0,296.74,1000.0,296.83,1000.0,296.84,113000.0
1753591900559,04:51:40.559,bitmex,AAVE/USDT:USDT,296.82,1000.0,296.74,1000.0,296.83,1000.0,296.84,113000.0
1753591901021,04:51:41.021,bitmex,AAVE/USDT:USDT,296.82,1000.0,296.74,1000.0,296.83,1000.0,296.98,728000.0
1753591901183,04:51:41.183,bitmex,AAVE/USDT:USDT,296.82,1000.0,296.74,1000.0,296.83,1000.0,296.84,113000.0
1753591901333,04:51:41.333,bitmex,AAVE/USDT:USDT,296.82,1000.0,296.74,1000.0,296.83,1000.0,296.84,113000.0
1753591901383,04:51:41.383,bitmex,AAVE/USDT:USDT,296.82,1000.0,296.74,1000.0,296.83,1000.0,296.84,113000.0
1753591901525,04:51:41.525,bitmex,AAVE/USDT:USDT,296.82,1000.0,296.74,1000.0,296.83,1000.0,296.84,113000.0
1753591901673,04:51:41.673,bitmex,AAVE/USDT:USDT,296.82,1000.0,296.74,1000.0,296.83,1000.0,296.84,113000.0
1753591901722,04:51:41.722,bitmex,AAVE/USDT:USDT,296.82,1000.0,296.74,1000.0,296.83,1000.0,296.84,113000.0
1753591902525,04:51:42.525,bitmex,AAVE/USDT:USDT,296.82,1000.0,296.74,1000.0,296.83,1000.0,296.84,113000.0
1753591902575,04:51:42.575,bitmex,AAVE/USDT:USDT,296.82,1000.0,296.74,1000.0,296.83,1000.0,296.84,113000.0
1753591903422,04:51:43.422,bitmex,AAVE/USDT:USDT,296.82,1000.0,296.74,1000.0,296.83,1000.0,296.84,113000.0
1753591903653,04:51:43.653,bitmex,AAVE/USDT:USDT,296.82,1000.0,296.74,1000.0,296.83,1000.0,296.84,113000.0
1753591903716,04:51:43.716,bitmex,AAVE/USDT:USDT,296.82,1000.0,296.74,1000.0,296.83,1000.0,296.84,113000.0
1753591903892,04:51:43.892,bitmex,AAVE/USDT:USDT,296.82,1000.0,296.74,1000.0,296.83,1000.0,296.84,113000.0
1753591903942,04:51:43.942,bitmex,AAVE/USDT:USDT,296.83,1000.0,296.75,1000.0,296.84,113000.0,296.98,728000.0
1753591903991,04:51:43.991,bitmex,AAVE/USDT:USDT,296.83,1000.0,296.75,1000.0,296.84,113000.0,296.98,728000.0
1753591904471,04:51:44.471,bitmex,AAVE/USDT:USDT,296.83,1000.0,296.75,1000.0,296.84,113000.0,297.35,3000.0
1753591904520,04:51:44.520,bitmex,AAVE/USDT:USDT,296.83,1000.0,296.75,1000.0,296.84,113000.0,297.1,728000.0
1753591904833,04:51:44.833,bitmex,AAVE/USDT:USDT,296.83,1000.0,296.75,1000.0,296.84,113000.0,297.1,728000.0
1753591904882,04:51:44.882,bitmex,AAVE/USDT:USDT,296.83,1000.0,296.75,1000.0,296.84,113000.0,297.1,728000.0
1753591904931,04:51:44.931,bitmex,AAVE/USDT:USDT,296.83,1000.0,296.75,1000.0,296.84,113000.0,297.1,728000.0
1753591906050,04:51:46.050,bitmex,AAVE/USDT:USDT,296.83,1000.0,296.75,1000.0,296.84,113000.0,297.1,728000.0
1753591906099,04:51:46.099,bitmex,AAVE/USDT:USDT,296.83,1000.0,296.75,1000.0,296.84,113000.0,297.1,728000.0
1753591906615,04:51:46.615,bitmex,AAVE/USDT:USDT,296.83,1000.0,296.75,1000.0,296.84,113000.0,297.1,728000.0
1753591906665,04:51:46.665,bitmex,AAVE/USDT:USDT,296.83,1000.0,296.75,1000.0,296.84,113000.0,297.1,728000.0
1753591907234,04:51:47.234,bitmex,AAVE/USDT:USDT,296.83,1000.0,296.75,1000.0,296.84,113000.0,297.1,728000.0
1753591907283,04:51:47.283,bitmex,AAVE/USDT:USDT,296.83,1000.0,296.75,1000.0,296.84,113000.0,297.1,728000.0
1753591907908,04:51:47.908,bitmex,AAVE/USDT:USDT,296.83,1000.0,296.75,1000.0,297.1,728000.0,297.37,3000.0
1753591907958,04:51:47.958,bitmex,AAVE/USDT:USDT,296.85,1000.0,296.78,1000.0,296.89,113000.0,297.1,728000.0
1753591908046,04:51:48.046,bitmex,AAVE/USDT:USDT,296.85,1000.0,296.78,1000.0,296.89,113000.0,297.1,728000.0
1753591908416,04:51:48.416,bitmex,AAVE/USDT:USDT,296.85,1000.0,296.78,1000.0,296.89,113000.0,297.1,728000.0
1753591908480,04:51:48.480,bitmex,AAVE/USDT:USDT,296.85,1000.0,296.78,1000.0,296.89,113000.0,297.1,728000.0
1753591909270,04:51:49.270,bitmex,AAVE/USDT:USDT,296.85,1000.0,296.78,1000.0,296.89,113000.0,297.1,728000.0
1753591909320,04:51:49.320,bitmex,AAVE/USDT:USDT,296.85,1000.0,296.78,1000.0,296.89,113000.0,297.1,728000.0
1753591909634,04:51:49.634,bitmex,AAVE/USDT:USDT,296.85,1000.0,296.78,1000.0,296.89,113000.0,297.1,728000.0
1753591909684,04:51:49.684,bitmex,AAVE/USDT:USDT,296.85,1000.0,296.78,1000.0,296.89,113000.0,297.1,728000.0
1753591909945,04:51:49.945,bitmex,AAVE/USDT:USDT,296.85,1000.0,296.78,1000.0,296.89,113000.0,297.1,728000.0
1753591909994,04:51:49.994,bitmex,AAVE/USDT:USDT,296.85,1000.0,296.78,1000.0,296.89,113000.0,297.1,728000.0
1753591910688,04:51:50.688,bitmex,AAVE/USDT:USDT,296.85,1000.0,296.78,1000.0,296.89,113000.0,297.1,728000.0
1753591910737,04:51:50.737,bitmex,AAVE/USDT:USDT,296.85,1000.0,296.78,1000.0,296.89,113000.0,297.1,728000.0
1753591911761,04:51:51.761,bitmex,AAVE/USDT:USDT,296.78,1000.0,296.56,3000.0,296.89,113000.0,297.1,728000.0
1753591911811,04:51:51.811,bitmex,AAVE/USDT:USDT,296.78,1000.0,296.7,1000.0,296.89,113000.0,297.1,728000.0
1753591911876,04:51:51.876,bitmex,AAVE/USDT:USDT,296.78,1000.0,296.7,1000.0,296.89,113000.0,297.1,728000.0
1753591911925,04:51:51.925,bitmex,AAVE/USDT:USDT,296.78,1000.0,296.7,1000.0,296.89,113000.0,297.1,728000.0
1753591911974,04:51:51.974,bitmex,AAVE/USDT:USDT,296.78,1000.0,296.7,1000.0,296.89,113000.0,297.1,728000.0
1753591912024,04:51:52.024,bitmex,AAVE/USDT:USDT,296.78,1000.0,296.7,1000.0,296.89,113000.0,297.1,728000.0
1753591912074,04:51:52.074,bitmex,AAVE/USDT:USDT,296.78,1000.0,296.7,1000.0,296.89,113000.0,297.1,728000.0
1753591912156,04:51:52.156,bitmex,AAVE/USDT:USDT,296.79,1000.0,296.78,1000.0,296.89,113000.0,297.1,728000.0
1753591912205,04:51:52.205,bitmex,AAVE/USDT:USDT,296.87,1000.0,296.79,1000.0,296.88,1000.0,296.89,113000.0
1753591912254,04:51:52.254,bitmex,AAVE/USDT:USDT,296.87,1000.0,296.79,1000.0,296.88,1000.0,296.89,113000.0
1753591912330,04:51:52.330,bitmex,AAVE/USDT:USDT,296.87,1000.0,296.79,1000.0,296.88,1000.0,296.89,113000.0
1753591912380,04:51:52.380,bitmex,AAVE/USDT:USDT,296.87,1000.0,296.79,1000.0,296.88,1000.0,296.89,113000.0
1753591912840,04:51:52.840,bitmex,AAVE/USDT:USDT,296.87,1000.0,296.79,1000.0,296.88,1000.0,296.89,113000.0
1753591913136,04:51:53.136,bitmex,AAVE/USDT:USDT,296.87,1000.0,296.79,1000.0,296.88,1000.0,296.89,113000.0
1753591913185,04:51:53.185,bitmex,AAVE/USDT:USDT,296.87,1000.0,296.79,1000.0,296.88,1000.0,296.89,113000.0
1753591913383,04:51:53.383,bitmex,AAVE/USDT:USDT,296.79,1000.0,296.59,3000.0,296.88,1000.0,296.89,113000.0
1753591913434,04:51:53.434,bitmex,AAVE/USDT:USDT,296.79,1000.0,296.72,1000.0,296.88,1000.0,296.89,113000.0
1753591913502,04:51:53.502,bitmex,AAVE/USDT:USDT,296.79,1000.0,296.72,1000.0,296.88,1000.0,296.89,113000.0
1753591913551,04:51:53.551,bitmex,AAVE/USDT:USDT,296.79,1000.0,296.72,1000.0,296.88,1000.0,296.89,113000.0
1753591914070,04:51:54.070,bitmex,AAVE/USDT:USDT,296.79,1000.0,296.72,1000.0,296.88,1000.0,296.89,113000.0
1753591914120,04:51:54.120,bitmex,AAVE/USDT:USDT,296.79,1000.0,296.72,1000.0,296.88,1000.0,296.89,113000.0
1753591914401,04:51:54.401,bitmex,AAVE/USDT:USDT,296.79,1000.0,296.72,1000.0,296.88,1000.0,296.89,113000.0
1753591914451,04:51:54.451,bitmex,AAVE/USDT:USDT,296.79,1000.0,296.72,1000.0,296.88,1000.0,296.89,113000.0
1753591914917,04:51:54.917,bitmex,AAVE/USDT:USDT,296.79,1000.0,296.72,1000.0,296.88,1000.0,296.89,113000.0
1753591914966,04:51:54.966,bitmex,AAVE/USDT:USDT,296.79,1000.0,296.72,1000.0,296.88,1000.0,296.89,113000.0
1753591915453,04:51:55.453,bitmex,AAVE/USDT:USDT,296.79,1000.0,296.72,1000.0,296.88,1000.0,296.89,113000.0
1753591915502,04:51:55.502,bitmex,AAVE/USDT:USDT,296.79,1000.0,296.72,1000.0,296.88,1000.0,296.89,113000.0
1753591916458,04:51:56.458,bitmex,AAVE/USDT:USDT,296.8,1000.0,296.79,1000.0,296.88,1000.0,296.89,113000.0
1753591916508,04:51:56.508,bitmex,AAVE/USDT:USDT,296.85,1000.0,296.59,3000.0,296.88,1000.0,296.89,113000.0
1753591916557,04:51:56.557,bitmex,AAVE/USDT:USDT,296.85,1000.0,296.78,1000.0,296.88,1000.0,296.89,113000.0
1753591916676,04:51:56.676,bitmex,AAVE/USDT:USDT,296.85,1000.0,296.78,1000.0,296.88,1000.0,296.89,113000.0
1753591916725,04:51:56.725,bitmex,AAVE/USDT:USDT,296.85,1000.0,296.78,1000.0,296.88,1000.0,296.89,113000.0
1753591917042,04:51:57.042,bitmex,AAVE/USDT:USDT,296.85,1000.0,296.78,1000.0,296.88,1000.0,296.89,113000.0
1753591917590,04:51:57.590,bitmex,AAVE/USDT:USDT,296.85,1000.0,296.78,1000.0,296.88,1000.0,296.89,113000.0
1753591917703,04:51:57.703,bitmex,AAVE/USDT:USDT,296.85,1000.0,296.78,1000.0,296.88,1000.0,296.89,113000.0
1753591917776,04:51:57.776,bitmex,AAVE/USDT:USDT,296.85,1000.0,296.78,1000.0,296.88,1000.0,296.89,113000.0
1753591917825,04:51:57.825,bitmex,AAVE/USDT:USDT,296.85,1000.0,296.78,1000.0,296.88,1000.0,296.89,113000.0
1753591918871,04:51:58.871,bitmex,AAVE/USDT:USDT,296.85,1000.0,296.78,1000.0,296.88,1000.0,296.89,113000.0
1753591918920,04:51:58.920,bitmex,AAVE/USDT:USDT,296.85,1000.0,296.78,1000.0,296.88,1000.0,296.89,113000.0
1753591921470,04:52:01.470,bitmex,AAVE/USDT:USDT,296.85,1000.0,296.78,1000.0,296.88,1000.0,296.89,113000.0
1753591921519,04:52:01.519,bitmex,AAVE/USDT:USDT,296.87,1000.0,296.85,1000.0,296.88,1000.0,296.89,113000.0
1753591921568,04:52:01.568,bitmex,AAVE/USDT:USDT,296.87,1000.0,296.78,1000.0,296.88,1000.0,296.89,113000.0
1753591921568,04:52:01.568,bitmex,AAVE/USDT:USDT,296.87,1000.0,296.78,1000.0,296.88,1000.0,296.89,113000.0
1753591921621,04:52:01.621,bitmex,AAVE/USDT:USDT,296.88,1000.0,296.79,1000.0,297.1,728000.0,297.37,3000.0
1753591921672,04:52:01.672,bitmex,AAVE/USDT:USDT,296.92,1000.0,296.91,1000.0,297.1,728000.0,297.37,3000.0
1753591921722,04:52:01.722,bitmex,AAVE/USDT:USDT,296.93,1000.0,296.85,1000.0,296.97,113000.0,297.1,728000.0
1753591921772,04:52:01.772,bitmex,AAVE/USDT:USDT,296.93,1000.0,296.85,1000.0,296.97,113000.0,297.1,728000.0
1753591921821,04:52:01.821,bitmex,AAVE/USDT:USDT,296.94,1000.0,296.85,1000.0,296.97,113000.0,297.1,728000.0
1753591921872,04:52:01.872,bitmex,AAVE/USDT:USDT,296.96,1000.0,296.85,1000.0,296.97,113000.0,297.1,728000.0
1753591921925,04:52:01.925,bitmex,AAVE/USDT:USDT,296.96,1000.0,296.88,1000.0,296.97,113000.0,297.1,728000.0
1753591922047,04:52:02.047,bitmex,AAVE/USDT:USDT,296.96,1000.0,296.88,1000.0,296.97,113000.0,297.1,728000.0
1753591922096,04:52:02.096,bitmex,AAVE/USDT:USDT,296.96,1000.0,296.88,1000.0,296.97,113000.0,297.1,728000.0
1753591922145,04:52:02.145,bitmex,AAVE/USDT:USDT,296.96,1000.0,296.88,1000.0,296.97,113000.0,297.1,728000.0
1753591922267,04:52:02.267,bitmex,AAVE/USDT:USDT,296.88,1000.0,296.68,3000.0,296.96,1000.0,296.97,113000.0
1753591922317,04:52:02.317,bitmex,AAVE/USDT:USDT,296.89,1000.0,296.68,3000.0,296.96,1000.0,296.97,113000.0
1753591922366,04:52:02.366,bitmex,AAVE/USDT:USDT,296.89,1000.0,296.81,1000.0,296.96,1000.0,296.97,113000.0
1753591922415,04:52:02.415,bitmex,AAVE/USDT:USDT,296.89,1000.0,296.81,1000.0,296.96,1000.0,296.97,113000.0
1753591922464,04:52:02.464,bitmex,AAVE/USDT:USDT,296.89,1000.0,296.81,1000.0,296.96,1000.0,296.97,113000.0
1753591922562,04:52:02.562,bitmex,AAVE/USDT:USDT,296.81,1000.0,296.68,3000.0,296.96,1000.0,296.97,113000.0
1753591922660,04:52:02.660,bitmex,AAVE/USDT:USDT,296.81,1000.0,296.73,1000.0,296.96,1000.0,296.97,113000.0
1753591923355,04:52:03.355,bitmex,AAVE/USDT:USDT,296.81,1000.0,296.73,1000.0,296.96,1000.0,296.97,113000.0
1753591923405,04:52:03.405,bitmex,AAVE/USDT:USDT,296.81,1000.0,296.73,1000.0,296.96,1000.0,296.97,113000.0
1753591923635,04:52:03.635,bitmex,AAVE/USDT:USDT,296.81,1000.0,296.73,1000.0,296.96,1000.0,296.97,113000.0
1753591923685,04:52:03.685,bitmex,AAVE/USDT:USDT,296.81,1000.0,296.73,1000.0,296.96,1000.0,296.97,113000.0
1753591923734,04:52:03.734,bitmex,AAVE/USDT:USDT,296.81,1000.0,296.73,1000.0,296.96,1000.0,296.97,113000.0
1753591923783,04:52:03.783,bitmex,AAVE/USDT:USDT,296.81,1000.0,296.73,1000.0,296.96,1000.0,296.97,113000.0
1753591923914,04:52:03.914,bitmex,AAVE/USDT:USDT,296.81,1000.0,296.73,1000.0,296.96,1000.0,296.97,113000.0
1753591923963,04:52:03.963,bitmex,AAVE/USDT:USDT,296.81,1000.0,296.73,1000.0,296.96,1000.0,296.97,113000.0
1753591924399,04:52:04.399,bitmex,AAVE/USDT:USDT,296.92,1000.0,296.91,1000.0,296.96,1000.0,296.97,113000.0
1753591924448,04:52:04.448,bitmex,AAVE/USDT:USDT,296.68,3000.0,296.64,3000.0,296.96,1000.0,296.97,113000.0
1753591924497,04:52:04.497,bitmex,AAVE/USDT:USDT,296.68,3000.0,296.64,3000.0,296.96,1000.0,296.97,113000.0
1753591924805,04:52:04.805,bitmex,AAVE/USDT:USDT,296.68,3000.0,296.64,3000.0,296.96,1000.0,296.97,113000.0
1753591924854,04:52:04.854,bitmex,AAVE/USDT:USDT,296.68,3000.0,296.64,3000.0,296.96,1000.0,296.97,113000.0
1753591924923,04:52:04.923,bitmex,AAVE/USDT:USDT,296.68,3000.0,296.64,3000.0,296.96,1000.0,296.97,113000.0
1753591924972,04:52:04.972,bitmex,AAVE/USDT:USDT,296.68,3000.0,296.64,3000.0,296.96,1000.0,296.97,113000.0
1753591925039,04:52:05.039,bitmex,AAVE/USDT:USDT,296.69,1000.0,296.68,3000.0,296.96,1000.0,296.97,113000.0
1753591925088,04:52:05.088,bitmex,AAVE/USDT:USDT,296.79,1000.0,296.78,1000.0,296.96,1000.0,296.97,113000.0
1753591925137,04:52:05.137,bitmex,AAVE/USDT:USDT,296.89,1000.0,296.88,1000.0,296.96,1000.0,296.97,113000.0
1753591925186,04:52:05.186,bitmex,AAVE/USDT:USDT,296.68,3000.0,296.63,6000.0,296.96,1000.0,296.97,113000.0
1753591925603,04:52:05.603,bitmex,AAVE/USDT:USDT,296.68,3000.0,296.64,3000.0,296.96,1000.0,296.97,113000.0
1753591925928,04:52:05.928,bitmex,AAVE/USDT:USDT,296.68,3000.0,296.64,3000.0,296.96,1000.0,296.97,113000.0
1753591925978,04:52:05.978,bitmex,AAVE/USDT:USDT,296.68,3000.0,296.64,3000.0,296.96,1000.0,296.97,113000.0
1753591926077,04:52:06.077,bitmex,AAVE/USDT:USDT,296.68,3000.0,296.65,3000.0,296.96,1000.0,296.97,113000.0
1753591926126,04:52:06.126,bitmex,AAVE/USDT:USDT,296.68,3000.0,296.64,3000.0,296.96,1000.0,296.97,113000.0
1753591926251,04:52:06.251,bitmex,AAVE/USDT:USDT,296.68,3000.0,296.63,6000.0,296.96,1000.0,296.97,113000.0
1753591926497,04:52:06.497,bitmex,AAVE/USDT:USDT,296.68,3000.0,296.64,3000.0,296.96,1000.0,296.97,113000.0
1753591926777,04:52:06.777,bitmex,AAVE/USDT:USDT,296.68,3000.0,296.63,6000.0,296.96,1000.0,296.97,113000.0
1753591927014,04:52:07.014,bitmex,AAVE/USDT:USDT,296.69,1000.0,296.68,3000.0,296.96,1000.0,296.97,113000.0
1753591927063,04:52:07.063,bitmex,AAVE/USDT:USDT,296.79,1000.0,296.78,1000.0,296.96,1000.0,296.97,113000.0
1753591927112,04:52:07.112,bitmex,AAVE/USDT:USDT,296.89,1000.0,296.88,1000.0,296.96,1000.0,296.97,113000.0
1753591927161,04:52:07.161,bitmex,AAVE/USDT:USDT,296.68,3000.0,296.63,6000.0,296.96,1000.0,296.97,113000.0
1753591927210,04:52:07.210,bitmex,AAVE/USDT:USDT,296.68,3000.0,296.63,6000.0,296.96,1000.0,296.97,113000.0
1753591927288,04:52:07.288,bitmex,AAVE/USDT:USDT,296.68,3000.0,296.63,6000.0,296.96,1000.0,296.97,113000.0
1753591927503,04:52:07.503,bitmex,AAVE/USDT:USDT,296.68,3000.0,296.63,6000.0,296.96,1000.0,296.97,113000.0
1753591928163,04:52:08.163,bitmex,AAVE/USDT:USDT,296.69,1000.0,296.68,3000.0,296.96,1000.0,296.97,113000.0
1753591928212,04:52:08.212,bitmex,AAVE/USDT:USDT,296.79,1000.0,296.78,1000.0,296.96,1000.0,296.97,113000.0
1753591928261,04:52:08.261,bitmex,AAVE/USDT:USDT,296.9,1000.0,296.68,3000.0,296.96,1000.0,296.97,113000.0
1753591928310,04:52:08.310,bitmex,AAVE/USDT:USDT,296.68,3000.0,296.64,3000.0,296.96,1000.0,296.97,113000.0
1753591928365,04:52:08.365,bitmex,AAVE/USDT:USDT,296.68,3000.0,296.64,3000.0,296.96,1000.0,296.97,113000.0
1753591928415,04:52:08.415,bitmex,AAVE/USDT:USDT,296.68,3000.0,296.64,3000.0,296.96,1000.0,296.97,113000.0
1753591928471,04:52:08.471,bitmex,AAVE/USDT:USDT,296.68,3000.0,296.64,3000.0,296.96,1000.0,296.97,113000.0
1753591928520,04:52:08.520,bitmex,AAVE/USDT:USDT,296.68,3000.0,296.64,3000.0,296.96,1000.0,296.97,113000.0
1753591929487,04:52:09.487,bitmex,AAVE/USDT:USDT,296.68,3000.0,296.64,3000.0,296.96,1000.0,296.97,113000.0
1753591929536,04:52:09.536,bitmex,AAVE/USDT:USDT,296.68,3000.0,296.64,3000.0,296.96,1000.0,296.97,113000.0
1753591929585,04:52:09.585,bitmex,AAVE/USDT:USDT,296.68,3000.0,296.64,3000.0,296.96,1000.0,296.97,113000.0
1753591930605,04:52:10.605,bitmex,AAVE/USDT:USDT,296.68,3000.0,296.64,3000.0,296.96,1000.0,296.97,113000.0
1753591930654,04:52:10.654,bitmex,AAVE/USDT:USDT,296.68,3000.0,296.64,3000.0,296.96,1000.0,296.97,113000.0
1753591930703,04:52:10.703,bitmex,AAVE/USDT:USDT,296.68,3000.0,296.64,3000.0,296.96,1000.0,296.97,113000.0
1753591931824,04:52:11.824,bitmex,AAVE/USDT:USDT,296.68,3000.0,296.64,3000.0,296.96,1000.0,296.97,113000.0
1753591932695,04:52:12.695,bitmex,AAVE/USDT:USDT,296.69,1000.0,296.68,3000.0,296.96,1000.0,296.97,113000.0
1753591932745,04:52:12.745,bitmex,AAVE/USDT:USDT,296.85,1000.0,296.69,1000.0,296.91,1000.0,296.92,1000.0
1753591932794,04:52:12.794,bitmex,AAVE/USDT:USDT,296.87,1000.0,296.78,1000.0,296.88,1000.0,296.89,1000.0
1753591932843,04:52:12.843,bitmex,AAVE/USDT:USDT,296.87,1000.0,296.79,1000.0,296.88,1000.0,296.89,1000.0
1753591932892,04:52:12.892,bitmex,AAVE/USDT:USDT,296.87,1000.0,296.79,1000.0,296.88,1000.0,296.89,1000.0
1753591932941,04:52:12.941,bitmex,AAVE/USDT:USDT,296.88,1000.0,296.79,1000.0,296.89,1000.0,296.9,1000.0
1753591932990,04:52:12.990,bitmex,AAVE/USDT:USDT,296.88,1000.0,296.8,1000.0,296.89,1000.0,296.9,1000.0
1753591933055,04:52:13.055,bitmex,AAVE/USDT:USDT,296.88,1000.0,296.8,1000.0,296.89,1000.0,296.9,1000.0
1753591933142,04:52:13.142,bitmex,AAVE/USDT:USDT,296.88,1000.0,296.8,1000.0,296.89,1000.0,296.9,1000.0
1753591933192,04:52:13.192,bitmex,AAVE/USDT:USDT,296.88,1000.0,296.8,1000.0,296.89,1000.0,296.9,1000.0
1753591933271,04:52:13.271,bitmex,AAVE/USDT:USDT,296.88,1000.0,296.8,1000.0,296.89,1000.0,296.9,1000.0
1753591933320,04:52:13.320,bitmex,AAVE/USDT:USDT,296.88,1000.0,296.8,1000.0,296.89,1000.0,296.9,1000.0
1753591933369,04:52:13.369,bitmex,AAVE/USDT:USDT,296.88,1000.0,296.8,1000.0,296.89,1000.0,296.9,1000.0
1753591933693,04:52:13.693,bitmex,AAVE/USDT:USDT,296.88,1000.0,296.8,1000.0,296.89,1000.0,296.9,1000.0
1753591934174,04:52:14.174,bitmex,AAVE/USDT:USDT,296.88,1000.0,296.8,1000.0,296.89,1000.0,296.9,1000.0
1753591934224,04:52:14.224,bitmex,AAVE/USDT:USDT,296.88,1000.0,296.8,1000.0,296.89,1000.0,296.9,1000.0
1753591934682,04:52:14.682,bitmex,AAVE/USDT:USDT,296.88,1000.0,296.8,1000.0,296.89,1000.0,296.9,1000.0
1753591934732,04:52:14.732,bitmex,AAVE/USDT:USDT,296.89,1000.0,296.81,1000.0,296.96,1000.0,296.97,113000.0
1753591934782,04:52:14.782,bitmex,AAVE/USDT:USDT,296.89,1000.0,296.81,1000.0,296.96,1000.0,296.97,113000.0
1753591935281,04:52:15.281,bitmex,AAVE/USDT:USDT,296.89,1000.0,296.81,1000.0,296.96,1000.0,296.97,113000.0
1753591935330,04:52:15.330,bitmex,AAVE/USDT:USDT,296.89,1000.0,296.81,1000.0,296.96,1000.0,296.97,113000.0
1753591936375,04:52:16.375,bitmex,AAVE/USDT:USDT,296.89,1000.0,296.81,1000.0,296.96,1000.0,296.97,113000.0
1753591936515,04:52:16.515,bitmex,AAVE/USDT:USDT,296.89,1000.0,296.81,1000.0,296.96,1000.0,296.97,113000.0
1753591938072,04:52:18.072,bitmex,AAVE/USDT:USDT,296.89,1000.0,296.81,1000.0,296.96,1000.0,296.97,113000.0
1753591938122,04:52:18.122,bitmex,AAVE/USDT:USDT,296.89,1000.0,296.81,1000.0,296.96,1000.0,296.97,113000.0
1753591938413,04:52:18.413,bitmex,AAVE/USDT:USDT,296.89,1000.0,296.81,1000.0,296.96,1000.0,296.97,113000.0
1753591938462,04:52:18.462,bitmex,AAVE/USDT:USDT,296.89,1000.0,296.81,1000.0,296.96,1000.0,296.97,113000.0
1753591939144,04:52:19.144,bitmex,AAVE/USDT:USDT,296.89,1000.0,296.81,1000.0,296.96,1000.0,296.97,113000.0
1753591939488,04:52:19.488,bitmex,AAVE/USDT:USDT,296.89,1000.0,296.81,1000.0,296.96,1000.0,296.97,113000.0
1753591940013,04:52:20.013,bitmex,AAVE/USDT:USDT,296.89,1000.0,296.81,1000.0,296.96,1000.0,296.97,113000.0
1753591941155,04:52:21.155,bitmex,AAVE/USDT:USDT,296.89,1000.0,296.81,1000.0,296.96,1000.0,296.97,113000.0
1753591941204,04:52:21.204,bitmex,AAVE/USDT:USDT,296.89,1000.0,296.81,1000.0,296.96,1000.0,296.97,113000.0
1753591942294,04:52:22.294,bitmex,AAVE/USDT:USDT,296.89,1000.0,296.81,1000.0,296.96,1000.0,296.97,113000.0
1753591942343,04:52:22.343,bitmex,AAVE/USDT:USDT,296.89,1000.0,296.81,1000.0,296.96,1000.0,296.97,113000.0
1753591942542,04:52:22.542,bitmex,AAVE/USDT:USDT,296.89,1000.0,296.81,1000.0,296.96,1000.0,296.97,113000.0
1753591942814,04:52:22.814,bitmex,AAVE/USDT:USDT,296.95,1000.0,296.89,1000.0,296.96,1000.0,296.97,113000.0
1753591942864,04:52:22.864,bitmex,AAVE/USDT:USDT,296.94,1000.0,296.89,1000.0,296.95,1000.0,296.96,1000.0
1753591942913,04:52:22.913,bitmex,AAVE/USDT:USDT,296.94,1000.0,296.89,1000.0,296.95,1000.0,296.96,1000.0
1753591942962,04:52:22.962,bitmex,AAVE/USDT:USDT,296.94,1000.0,296.89,1000.0,296.95,1000.0,296.96,1000.0
1753591943266,04:52:23.266,bitmex,AAVE/USDT:USDT,296.94,1000.0,296.89,1000.0,296.95,1000.0,296.96,1000.0
1753591943316,04:52:23.316,bitmex,AAVE/USDT:USDT,296.94,1000.0,296.89,1000.0,296.95,1000.0,296.96,1000.0
1753591943365,04:52:23.365,bitmex,AAVE/USDT:USDT,296.94,1000.0,296.89,1000.0,296.95,1000.0,296.96,1000.0
1753591943414,04:52:23.414,bitmex,AAVE/USDT:USDT,296.95,1000.0,296.89,1000.0,296.96,1000.0,296.97,113000.0
1753591943463,04:52:23.463,bitmex,AAVE/USDT:USDT,296.95,1000.0,296.89,1000.0,296.96,1000.0,297.1,728000.0
1753591943548,04:52:23.548,bitmex,AAVE/USDT:USDT,296.95,1000.0,296.89,1000.0,296.96,1000.0,297.02,113000.0
1753591944377,04:52:24.377,bitmex,AAVE/USDT:USDT,296.95,1000.0,296.89,1000.0,296.96,1000.0,297.02,113000.0
1753591944427,04:52:24.427,bitmex,AAVE/USDT:USDT,296.95,1000.0,296.89,1000.0,296.96,1000.0,297.02,113000.0
1753591944669,04:52:24.669,bitmex,AAVE/USDT:USDT,296.95,1000.0,296.89,1000.0,297.02,113000.0,297.1,728000.0
1753591944719,04:52:24.719,bitmex,AAVE/USDT:USDT,297.01,1000.0,296.95,1000.0,297.02,113000.0,297.1,728000.0
1753591944768,04:52:24.768,bitmex,AAVE/USDT:USDT,297.0,1000.0,296.95,1000.0,297.01,1000.0,297.02,113000.0
1753591944979,04:52:24.979,bitmex,AAVE/USDT:USDT,297.0,1000.0,296.95,1000.0,297.01,1000.0,297.02,113000.0
1753591945029,04:52:25.029,bitmex,AAVE/USDT:USDT,297.0,1000.0,296.95,1000.0,297.01,1000.0,297.02,113000.0
1753591945103,04:52:25.103,bitmex,AAVE/USDT:USDT,296.95,1000.0,296.73,3000.0,297.0,1000.0,297.01,1000.0
1753591945153,04:52:25.153,bitmex,AAVE/USDT:USDT,296.99,1000.0,296.95,1000.0,297.0,1000.0,297.01,1000.0
1753591945315,04:52:25.315,bitmex,AAVE/USDT:USDT,296.99,1000.0,296.95,1000.0,297.0,1000.0,297.01,1000.0
1753591945365,04:52:25.365,bitmex,AAVE/USDT:USDT,296.99,1000.0,296.95,1000.0,297.0,1000.0,297.01,1000.0
1753591945414,04:52:25.414,bitmex,AAVE/USDT:USDT,296.99,1000.0,296.95,1000.0,297.0,1000.0,297.01,1000.0
1753591946005,04:52:26.005,bitmex,AAVE/USDT:USDT,296.99,1000.0,296.95,1000.0,297.0,1000.0,297.01,1000.0
1753591946057,04:52:26.057,bitmex,AAVE/USDT:USDT,296.99,1000.0,296.95,1000.0,297.0,1000.0,297.01,1000.0
1753591946106,04:52:26.106,bitmex,AAVE/USDT:USDT,296.99,1000.0,296.95,1000.0,297.0,1000.0,297.01,1000.0
1753591946548,04:52:26.548,bitmex,AAVE/USDT:USDT,296.99,1000.0,296.95,1000.0,297.01,1000.0,297.02,113000.0
1753591947224,04:52:27.224,bitmex,AAVE/USDT:USDT,296.99,1000.0,296.95,1000.0,297.01,1000.0,297.02,113000.0
1753591947274,04:52:27.274,bitmex,AAVE/USDT:USDT,296.99,1000.0,296.95,1000.0,297.01,1000.0,297.02,113000.0
1753591947671,04:52:27.671,bitmex,AAVE/USDT:USDT,296.99,1000.0,296.95,1000.0,297.01,1000.0,297.02,113000.0
1753591947720,04:52:27.720,bitmex,AAVE/USDT:USDT,296.99,1000.0,296.95,1000.0,297.01,1000.0,297.02,113000.0
1753591947769,04:52:27.769,bitmex,AAVE/USDT:USDT,296.99,1000.0,296.95,1000.0,297.01,1000.0,297.02,113000.0
1753591948327,04:52:28.327,bitmex,AAVE/USDT:USDT,296.95,1000.0,296.73,6000.0,297.01,1000.0,297.02,113000.0
1753591948377,04:52:28.377,bitmex,AAVE/USDT:USDT,296.95,1000.0,296.87,1000.0,297.01,1000.0,297.02,113000.0
1753591948426,04:52:28.426,bitmex,AAVE/USDT:USDT,296.95,1000.0,296.87,1000.0,297.01,1000.0,297.02,113000.0
1753591948475,04:52:28.475,bitmex,AAVE/USDT:USDT,296.95,1000.0,296.87,1000.0,297.01,1000.0,297.02,113000.0
1753591949673,04:52:29.673,bitmex,AAVE/USDT:USDT,296.95,1000.0,296.87,1000.0,297.01,1000.0,297.02,113000.0
1753591949724,04:52:29.724,bitmex,AAVE/USDT:USDT,296.95,1000.0,296.87,1000.0,297.01,1000.0,297.02,113000.0
1753591949773,04:52:29.773,bitmex,AAVE/USDT:USDT,296.95,1000.0,296.87,1000.0,297.01,1000.0,297.02,113000.0
1753591950064,04:52:30.064,bitmex,AAVE/USDT:USDT,296.95,1000.0,296.87,1000.0,297.01,1000.0,297.02,113000.0
1753591950114,04:52:30.114,bitmex,AAVE/USDT:USDT,296.95,1000.0,296.87,1000.0,297.01,1000.0,297.02,113000.0
1753591950211,04:52:30.211,bitmex,AAVE/USDT:USDT,296.95,1000.0,296.87,1000.0,297.01,1000.0,297.02,113000.0
1753591950323,04:52:30.323,bitmex,AAVE/USDT:USDT,296.95,1000.0,296.87,1000.0,297.01,1000.0,297.02,113000.0
1753591950974,04:52:30.974,bitmex,AAVE/USDT:USDT,296.95,1000.0,296.87,1000.0,297.01,1000.0,297.02,113000.0
1753591951024,04:52:31.024,bitmex,AAVE/USDT:USDT,296.95,1000.0,296.87,1000.0,297.01,1000.0,297.02,113000.0
1753591951136,04:52:31.136,bitmex,AAVE/USDT:USDT,296.95,1000.0,296.87,1000.0,297.01,1000.0,297.02,113000.0
1753591951186,04:52:31.186,bitmex,AAVE/USDT:USDT,296.95,1000.0,296.87,1000.0,297.01,1000.0,297.02,113000.0
1753591951320,04:52:31.320,bitmex,AAVE/USDT:USDT,296.95,1000.0,296.87,1000.0,297.01,1000.0,297.02,113000.0
1753591951370,04:52:31.370,bitmex,AAVE/USDT:USDT,296.95,1000.0,296.87,1000.0,297.01,1000.0,297.02,113000.0
1753591951419,04:52:31.419,bitmex,AAVE/USDT:USDT,296.95,1000.0,296.87,1000.0,297.01,1000.0,297.02,113000.0
1753591951917,04:52:31.917,bitmex,AAVE/USDT:USDT,296.95,1000.0,296.87,1000.0,297.01,1000.0,297.02,113000.0
1753591951967,04:52:31.967,bitmex,AAVE/USDT:USDT,296.95,1000.0,296.87,1000.0,297.01,1000.0,297.02,113000.0
1753591952353,04:52:32.353,bitmex,AAVE/USDT:USDT,296.95,1000.0,296.87,1000.0,297.01,1000.0,297.02,113000.0
1753591952403,04:52:32.403,bitmex,AAVE/USDT:USDT,296.95,1000.0,296.87,1000.0,297.01,1000.0,297.02,113000.0
1753591953072,04:52:33.072,bitmex,AAVE/USDT:USDT,296.95,1000.0,296.87,1000.0,297.01,1000.0,297.02,113000.0
1753591953121,04:52:33.121,bitmex,AAVE/USDT:USDT,296.95,1000.0,296.87,1000.0,297.01,1000.0,297.02,113000.0
1753591953560,04:52:33.560,bitmex,AAVE/USDT:USDT,296.95,1000.0,296.87,1000.0,297.01,1000.0,297.02,113000.0
1753591953610,04:52:33.610,bitmex,AAVE/USDT:USDT,296.95,1000.0,296.87,1000.0,297.01,1000.0,297.02,113000.0
1753591953764,04:52:33.764,bitmex,AAVE/USDT:USDT,296.95,1000.0,296.87,1000.0,297.01,1000.0,297.02,113000.0
1753591953834,04:52:33.834,bitmex,AAVE/USDT:USDT,296.95,1000.0,296.87,1000.0,297.01,1000.0,297.02,113000.0
1753591953884,04:52:33.884,bitmex,AAVE/USDT:USDT,296.95,1000.0,296.87,1000.0,297.01,1000.0,297.02,113000.0
1753591953933,04:52:33.933,bitmex,AAVE/USDT:USDT,296.95,1000.0,296.87,1000.0,297.01,1000.0,297.02,113000.0
1753591954061,04:52:34.061,bitmex,AAVE/USDT:USDT,296.95,1000.0,296.87,1000.0,297.01,1000.0,297.02,113000.0
1753591954259,04:52:34.259,bitmex,AAVE/USDT:USDT,296.95,1000.0,296.87,1000.0,297.01,1000.0,297.02,113000.0
1753591954309,04:52:34.309,bitmex,AAVE/USDT:USDT,296.95,1000.0,296.87,1000.0,297.01,1000.0,297.02,113000.0
1753591954911,04:52:34.911,bitmex,AAVE/USDT:USDT,296.95,1000.0,296.87,1000.0,297.01,1000.0,297.02,113000.0
1753591955024,04:52:35.024,bitmex,AAVE/USDT:USDT,296.95,1000.0,296.87,1000.0,297.01,1000.0,297.02,113000.0
1753591955080,04:52:35.080,bitmex,AAVE/USDT:USDT,296.95,1000.0,296.87,1000.0,297.01,1000.0,297.02,113000.0
1753591955214,04:52:35.214,bitmex,AAVE/USDT:USDT,296.95,1000.0,296.87,1000.0,297.01,1000.0,297.02,113000.0
1753591955272,04:52:35.272,bitmex,AAVE/USDT:USDT,296.95,1000.0,296.87,1000.0,297.01,1000.0,297.02,113000.0
1753591955396,04:52:35.396,bitmex,AAVE/USDT:USDT,296.95,1000.0,296.87,1000.0,297.01,1000.0,297.02,113000.0
1753591955446,04:52:35.446,bitmex,AAVE/USDT:USDT,296.87,1000.0,296.79,1000.0,297.01,1000.0,297.08,113000.0
1753591955495,04:52:35.495,bitmex,AAVE/USDT:USDT,296.87,1000.0,296.79,1000.0,297.01,1000.0,297.08,113000.0
1753591955544,04:52:35.544,bitmex,AAVE/USDT:USDT,296.87,1000.0,296.79,1000.0,297.01,1000.0,297.08,113000.0
1753591955593,04:52:35.593,bitmex,AAVE/USDT:USDT,296.87,1000.0,296.79,1000.0,297.01,1000.0,297.08,113000.0
1753591955642,04:52:35.642,bitmex,AAVE/USDT:USDT,296.87,1000.0,296.79,1000.0,297.01,1000.0,297.08,113000.0
1753591955691,04:52:35.691,bitmex,AAVE/USDT:USDT,296.87,1000.0,296.79,1000.0,297.01,1000.0,297.08,113000.0
1753591955847,04:52:35.847,bitmex,AAVE/USDT:USDT,296.88,1000.0,296.87,1000.0,297.01,1000.0,297.08,113000.0
1753591955897,04:52:35.897,bitmex,AAVE/USDT:USDT,296.92,1000.0,296.79,1000.0,297.01,1000.0,297.08,113000.0
1753591955946,04:52:35.946,bitmex,AAVE/USDT:USDT,296.92,1000.0,296.85,1000.0,297.01,1000.0,297.08,113000.0
1753591955995,04:52:35.995,bitmex,AAVE/USDT:USDT,296.92,1000.0,296.85,1000.0,297.01,1000.0,297.08,113000.0
1753591956044,04:52:36.044,bitmex,AAVE/USDT:USDT,296.92,1000.0,296.85,1000.0,297.01,1000.0,297.08,113000.0
1753591956383,04:52:36.383,bitmex,AAVE/USDT:USDT,296.92,1000.0,296.85,1000.0,297.01,1000.0,297.08,113000.0
1753591956432,04:52:36.432,bitmex,AAVE/USDT:USDT,296.92,1000.0,296.85,1000.0,297.01,1000.0,297.08,113000.0
1753591956481,04:52:36.481,bitmex,AAVE/USDT:USDT,296.92,1000.0,296.85,1000.0,297.01,1000.0,297.08,113000.0
1753591956576,04:52:36.576,bitmex,AAVE/USDT:USDT,296.92,1000.0,296.85,1000.0,297.01,1000.0,297.08,113000.0
1753591956625,04:52:36.625,bitmex,AAVE/USDT:USDT,296.92,1000.0,296.85,1000.0,297.01,1000.0,297.08,113000.0
1753591956674,04:52:36.674,bitmex,AAVE/USDT:USDT,296.92,1000.0,296.85,1000.0,297.01,1000.0,297.08,113000.0
1753591956723,04:52:36.723,bitmex,AAVE/USDT:USDT,296.92,1000.0,296.85,1000.0,297.01,1000.0,297.08,113000.0
1753591956946,04:52:36.946,bitmex,AAVE/USDT:USDT,296.92,1000.0,296.85,1000.0,297.01,1000.0,297.08,113000.0
1753591957139,04:52:37.139,bitmex,AAVE/USDT:USDT,296.92,1000.0,296.85,1000.0,297.01,1000.0,297.08,113000.0
1753591957339,04:52:37.339,bitmex,AAVE/USDT:USDT,296.85,1000.0,296.68,3000.0,297.01,1000.0,297.08,113000.0
1753591957389,04:52:37.389,bitmex,AAVE/USDT:USDT,296.85,1000.0,296.78,1000.0,297.01,1000.0,297.08,113000.0
1753591957773,04:52:37.773,bitmex,AAVE/USDT:USDT,296.85,1000.0,296.78,1000.0,297.01,1000.0,297.08,113000.0
1753591957823,04:52:37.823,bitmex,AAVE/USDT:USDT,296.85,1000.0,296.78,1000.0,297.01,1000.0,297.08,113000.0
1753591957872,04:52:37.872,bitmex,AAVE/USDT:USDT,296.85,1000.0,296.78,1000.0,297.01,1000.0,297.08,113000.0
1753591957921,04:52:37.921,bitmex,AAVE/USDT:USDT,296.85,1000.0,296.78,1000.0,297.01,1000.0,297.08,113000.0
1753591958829,04:52:38.829,bitmex,AAVE/USDT:USDT,296.85,1000.0,296.78,1000.0,297.01,1000.0,297.08,113000.0
1753591958882,04:52:38.882,bitmex,AAVE/USDT:USDT,296.85,1000.0,296.78,1000.0,297.01,1000.0,297.08,113000.0
1753591958943,04:52:38.943,bitmex,AAVE/USDT:USDT,296.85,1000.0,296.78,1000.0,297.01,1000.0,297.08,113000.0
1753591958993,04:52:38.993,bitmex,AAVE/USDT:USDT,296.85,1000.0,296.78,1000.0,297.01,1000.0,297.08,113000.0
1753591959722,04:52:39.722,bitmex,AAVE/USDT:USDT,296.85,1000.0,296.78,1000.0,297.01,1000.0,297.08,113000.0
1753591959772,04:52:39.772,bitmex,AAVE/USDT:USDT,296.87,1000.0,296.86,1000.0,297.01,1000.0,297.08,113000.0
1753591959822,04:52:39.822,bitmex,AAVE/USDT:USDT,296.93,1000.0,296.92,1000.0,297.01,1000.0,297.08,113000.0
1753591959872,04:52:39.872,bitmex,AAVE/USDT:USDT,296.71,3000.0,296.69,6000.0,297.01,1000.0,297.08,113000.0
1753591959921,04:52:39.921,bitmex,AAVE/USDT:USDT,296.71,3000.0,296.7,3000.0,297.01,1000.0,297.08,113000.0
1753591959970,04:52:39.970,bitmex,AAVE/USDT:USDT,296.69,3000.0,296.68,3000.0,297.01,1000.0,297.08,113000.0
1753591960056,04:52:40.056,bitmex,AAVE/USDT:USDT,296.69,3000.0,296.68,3000.0,297.01,1000.0,297.08,113000.0
1753591960134,04:52:40.134,bitmex,AAVE/USDT:USDT,296.69,3000.0,296.68,3000.0,297.01,1000.0,297.08,113000.0
1753591960186,04:52:40.186,bitmex,AAVE/USDT:USDT,296.69,3000.0,296.68,3000.0,297.01,1000.0,297.08,113000.0
1753591960355,04:52:40.355,bitmex,AAVE/USDT:USDT,296.69,6000.0,296.68,3000.0,297.01,1000.0,297.08,113000.0
1753591960412,04:52:40.412,bitmex,AAVE/USDT:USDT,296.7,1000.0,296.69,6000.0,297.01,1000.0,297.08,113000.0
1753591960461,04:52:40.461,bitmex,AAVE/USDT:USDT,296.8,1000.0,296.79,1000.0,297.01,1000.0,297.08,113000.0
1753591960510,04:52:40.510,bitmex,AAVE/USDT:USDT,296.89,1000.0,296.88,1000.0,297.01,1000.0,297.08,113000.0
1753591960559,04:52:40.559,bitmex,AAVE/USDT:USDT,296.91,1000.0,296.84,1000.0,297.01,1000.0,297.08,113000.0
1753591961373,04:52:41.373,bitmex,AAVE/USDT:USDT,296.91,1000.0,296.84,1000.0,297.01,1000.0,297.08,113000.0
1753591961422,04:52:41.422,bitmex,AAVE/USDT:USDT,296.91,1000.0,296.84,1000.0,297.01,1000.0,297.08,113000.0
1753591961589,04:52:41.589,bitmex,AAVE/USDT:USDT,296.91,1000.0,296.84,1000.0,297.01,1000.0,297.08,113000.0
1753591961638,04:52:41.638,bitmex,AAVE/USDT:USDT,296.84,1000.0,296.76,1000.0,297.01,1000.0,297.08,113000.0
1753591962028,04:52:42.028,bitmex,AAVE/USDT:USDT,296.84,1000.0,296.76,1000.0,297.01,1000.0,297.08,113000.0
1753591962368,04:52:42.368,bitmex,AAVE/USDT:USDT,296.84,1000.0,296.76,1000.0,297.01,1000.0,297.08,113000.0
1753591962419,04:52:42.419,bitmex,AAVE/USDT:USDT,296.84,1000.0,296.76,1000.0,297.01,1000.0,297.08,113000.0
1753591962494,04:52:42.494,bitmex,AAVE/USDT:USDT,296.84,1000.0,296.76,1000.0,297.01,1000.0,297.08,113000.0
1753591962543,04:52:42.543,bitmex,AAVE/USDT:USDT,296.84,1000.0,296.76,1000.0,297.01,1000.0,297.08,113000.0
1753591962671,04:52:42.671,bitmex,AAVE/USDT:USDT,296.84,1000.0,296.76,1000.0,297.01,1000.0,297.08,113000.0
1753591962720,04:52:42.720,bitmex,AAVE/USDT:USDT,296.84,1000.0,296.76,1000.0,297.01,1000.0,297.08,113000.0
1753591962916,04:52:42.916,bitmex,AAVE/USDT:USDT,296.84,1000.0,296.76,1000.0,297.01,1000.0,297.08,113000.0
1753591963635,04:52:43.635,bitmex,AAVE/USDT:USDT,296.84,1000.0,296.76,1000.0,297.01,1000.0,297.08,113000.0
1753591963685,04:52:43.685,bitmex,AAVE/USDT:USDT,296.84,1000.0,296.76,1000.0,297.01,1000.0,297.08,113000.0
1753591963743,04:52:43.743,bitmex,AAVE/USDT:USDT,296.84,1000.0,296.76,1000.0,297.01,1000.0,297.08,113000.0
1753591964263,04:52:44.263,bitmex,AAVE/USDT:USDT,296.84,1000.0,296.76,1000.0,297.01,1000.0,297.08,113000.0
1753591964371,04:52:44.371,bitmex,AAVE/USDT:USDT,296.84,1000.0,296.76,1000.0,297.01,1000.0,297.08,113000.0
1753591964801,04:52:44.801,bitmex,AAVE/USDT:USDT,296.84,1000.0,296.76,1000.0,297.01,1000.0,297.08,113000.0
1753591964850,04:52:44.850,bitmex,AAVE/USDT:USDT,296.84,1000.0,296.76,1000.0,297.01,1000.0,297.08,113000.0
1753591965973,04:52:45.973,bitmex,AAVE/USDT:USDT,296.84,1000.0,296.76,1000.0,297.01,1000.0,297.08,113000.0
1753591966023,04:52:46.023,bitmex,AAVE/USDT:USDT,296.84,1000.0,296.76,1000.0,297.01,1000.0,297.08,113000.0
1753591966223,04:52:46.223,bitmex,AAVE/USDT:USDT,296.85,1000.0,296.84,1000.0,297.01,1000.0,297.08,113000.0
1753591966273,04:52:46.273,bitmex,AAVE/USDT:USDT,296.95,1000.0,296.94,1000.0,297.01,1000.0,297.08,113000.0
1753591966322,04:52:46.322,bitmex,AAVE/USDT:USDT,296.98,1000.0,296.76,1000.0,297.01,1000.0,297.08,113000.0
1753591966371,04:52:46.371,bitmex,AAVE/USDT:USDT,296.98,1000.0,296.91,1000.0,297.01,1000.0,297.08,113000.0
1753591966420,04:52:46.420,bitmex,AAVE/USDT:USDT,296.98,1000.0,296.91,1000.0,297.01,1000.0,297.08,113000.0
1753591967252,04:52:47.252,bitmex,AAVE/USDT:USDT,296.99,1000.0,296.98,1000.0,297.01,1000.0,297.08,113000.0
1753591967301,04:52:47.301,bitmex,AAVE/USDT:USDT,297.0,1000.0,296.91,1000.0,297.01,1000.0,297.08,113000.0
1753591967350,04:52:47.350,bitmex,AAVE/USDT:USDT,297.0,1000.0,296.92,1000.0,297.01,1000.0,297.08,113000.0
1753591967415,04:52:47.415,bitmex,AAVE/USDT:USDT,297.0,1000.0,296.92,1000.0,297.01,1000.0,297.08,113000.0
1753591967472,04:52:47.472,bitmex,AAVE/USDT:USDT,297.0,1000.0,296.92,1000.0,297.01,1000.0,297.08,113000.0
1753591967521,04:52:47.521,bitmex,AAVE/USDT:USDT,297.0,1000.0,296.92,1000.0,297.01,1000.0,297.08,113000.0
1753591968137,04:52:48.137,bitmex,AAVE/USDT:USDT,297.0,1000.0,296.92,1000.0,297.08,113000.0,297.25,3000.0
1753591968187,04:52:48.187,bitmex,AAVE/USDT:USDT,297.02,1000.0,296.94,1000.0,297.08,113000.0,297.25,3000.0
1753591968236,04:52:48.236,bitmex,AAVE/USDT:USDT,297.02,1000.0,296.94,1000.0,297.08,113000.0,297.25,3000.0
1753591968384,04:52:48.384,bitmex,AAVE/USDT:USDT,297.02,1000.0,296.94,1000.0,297.08,113000.0,297.25,3000.0
1753591968434,04:52:48.434,bitmex,AAVE/USDT:USDT,297.02,1000.0,296.94,1000.0,297.08,113000.0,297.25,3000.0
1753591968891,04:52:48.891,bitmex,AAVE/USDT:USDT,297.03,1000.0,297.02,1000.0,297.08,113000.0,297.25,3000.0
1753591968941,04:52:48.941,bitmex,AAVE/USDT:USDT,297.04,1000.0,296.97,1000.0,297.08,113000.0,297.26,727000.0
1753591969042,04:52:49.042,bitmex,AAVE/USDT:USDT,297.04,1000.0,296.97,1000.0,297.08,113000.0,297.26,727000.0
1753591969104,04:52:49.104,bitmex,AAVE/USDT:USDT,297.04,1000.0,296.97,1000.0,297.08,113000.0,297.26,727000.0
1753591969608,04:52:49.608,bitmex,AAVE/USDT:USDT,296.97,1000.0,296.72,3000.0,297.08,113000.0,297.26,727000.0
1753591969658,04:52:49.658,bitmex,AAVE/USDT:USDT,296.97,1000.0,296.9,1000.0,297.08,113000.0,297.26,727000.0
1753591969782,04:52:49.782,bitmex,AAVE/USDT:USDT,296.97,1000.0,296.9,1000.0,297.08,113000.0,297.26,727000.0
1753591969920,04:52:49.920,bitmex,AAVE/USDT:USDT,296.97,1000.0,296.9,1000.0,297.08,113000.0,297.26,727000.0
1753591969970,04:52:49.970,bitmex,AAVE/USDT:USDT,296.97,1000.0,296.9,1000.0,297.08,113000.0,297.26,727000.0
1753591970022,04:52:50.022,bitmex,AAVE/USDT:USDT,296.97,1000.0,296.9,1000.0,297.08,113000.0,297.26,727000.0
1753591970071,04:52:50.071,bitmex,AAVE/USDT:USDT,296.97,1000.0,296.9,1000.0,297.08,113000.0,297.26,727000.0
1753591970375,04:52:50.375,bitmex,AAVE/USDT:USDT,296.97,1000.0,296.9,1000.0,297.08,113000.0,297.26,727000.0
1753591970425,04:52:50.425,bitmex,AAVE/USDT:USDT,296.97,1000.0,296.9,1000.0,297.08,113000.0,297.26,727000.0
1753591970607,04:52:50.607,bitmex,AAVE/USDT:USDT,296.97,1000.0,296.9,1000.0,297.08,113000.0,297.26,727000.0
1753591970656,04:52:50.656,bitmex,AAVE/USDT:USDT,296.97,1000.0,296.9,1000.0,297.08,113000.0,297.26,727000.0
1753591970705,04:52:50.705,bitmex,AAVE/USDT:USDT,296.97,1000.0,296.9,1000.0,297.08,113000.0,297.26,727000.0
1753591970805,04:52:50.805,bitmex,AAVE/USDT:USDT,296.97,1000.0,296.9,1000.0,297.08,113000.0,297.26,727000.0
1753591970872,04:52:50.872,bitmex,AAVE/USDT:USDT,296.97,1000.0,296.9,1000.0,297.08,113000.0,297.26,727000.0
1753591970922,04:52:50.922,bitmex,AAVE/USDT:USDT,296.97,1000.0,296.9,1000.0,297.08,113000.0,297.26,727000.0
1753591971835,04:52:51.835,bitmex,AAVE/USDT:USDT,296.97,1000.0,296.9,1000.0,297.08,113000.0,297.26,727000.0
1753591971884,04:52:51.884,bitmex,AAVE/USDT:USDT,296.97,1000.0,296.9,1000.0,297.08,113000.0,297.26,727000.0
1753591972272,04:52:52.272,bitmex,AAVE/USDT:USDT,296.97,1000.0,296.9,1000.0,297.08,113000.0,297.26,727000.0
1753591972321,04:52:52.321,bitmex,AAVE/USDT:USDT,296.97,1000.0,296.9,1000.0,297.08,113000.0,297.26,727000.0
1753591973015,04:52:53.015,bitmex,AAVE/USDT:USDT,296.97,1000.0,296.9,1000.0,297.08,113000.0,297.26,727000.0
1753591973064,04:52:53.064,bitmex,AAVE/USDT:USDT,296.97,1000.0,296.9,1000.0,297.08,113000.0,297.26,727000.0
1753591974364,04:52:54.364,bitmex,AAVE/USDT:USDT,296.97,1000.0,296.9,1000.0,297.08,113000.0,297.26,727000.0
1753591974413,04:52:54.413,bitmex,AAVE/USDT:USDT,296.97,1000.0,296.9,1000.0,297.08,113000.0,297.26,727000.0
1753591975356,04:52:55.356,bitmex,AAVE/USDT:USDT,296.97,1000.0,296.9,1000.0,297.08,113000.0,297.26,727000.0
1753591975405,04:52:55.405,bitmex,AAVE/USDT:USDT,296.97,1000.0,296.9,1000.0,297.08,113000.0,297.26,727000.0
1753591975459,04:52:55.459,bitmex,AAVE/USDT:USDT,296.97,1000.0,296.9,1000.0,297.08,113000.0,297.26,727000.0
1753591975508,04:52:55.508,bitmex,AAVE/USDT:USDT,296.97,1000.0,296.9,1000.0,297.08,113000.0,297.26,727000.0
1753591975615,04:52:55.615,bitmex,AAVE/USDT:USDT,296.97,1000.0,296.9,1000.0,297.08,113000.0,297.26,727000.0
1753591975664,04:52:55.664,bitmex,AAVE/USDT:USDT,296.98,1000.0,296.91,1000.0,297.08,113000.0,297.26,727000.0
1753591975752,04:52:55.752,bitmex,AAVE/USDT:USDT,296.98,1000.0,296.91,1000.0,297.08,113000.0,297.26,727000.0
1753591976528,04:52:56.528,bitmex,AAVE/USDT:USDT,296.98,1000.0,296.91,1000.0,297.08,113000.0,297.26,727000.0
1753591976578,04:52:56.578,bitmex,AAVE/USDT:USDT,296.98,1000.0,296.91,1000.0,297.08,113000.0,297.26,727000.0
1753591976701,04:52:56.701,bitmex,AAVE/USDT:USDT,296.99,1000.0,296.98,1000.0,297.08,113000.0,297.26,727000.0
1753591976750,04:52:56.750,bitmex,AAVE/USDT:USDT,297.0,1000.0,296.92,1000.0,297.08,113000.0,297.26,727000.0
1753591976799,04:52:56.799,bitmex,AAVE/USDT:USDT,297.0,1000.0,296.92,1000.0,297.08,113000.0,297.26,727000.0
1753591977073,04:52:57.073,bitmex,AAVE/USDT:USDT,297.0,1000.0,296.92,1000.0,297.08,113000.0,297.26,727000.0
1753591977122,04:52:57.122,bitmex,AAVE/USDT:USDT,297.0,1000.0,296.92,1000.0,297.08,113000.0,297.26,727000.0
1753591977707,04:52:57.707,bitmex,AAVE/USDT:USDT,297.0,1000.0,296.92,1000.0,297.08,113000.0,297.26,727000.0
1753591977756,04:52:57.756,bitmex,AAVE/USDT:USDT,297.0,1000.0,296.92,1000.0,297.08,113000.0,297.26,727000.0
1753591978230,04:52:58.230,bitmex,AAVE/USDT:USDT,297.0,1000.0,296.92,1000.0,297.08,113000.0,297.26,727000.0
1753591978542,04:52:58.542,bitmex,AAVE/USDT:USDT,297.01,1000.0,297.0,1000.0,297.08,113000.0,297.26,727000.0
1753591978592,04:52:58.592,bitmex,AAVE/USDT:USDT,297.03,1000.0,296.92,1000.0,297.08,113000.0,297.26,727000.0
1753591978641,04:52:58.641,bitmex,AAVE/USDT:USDT,297.03,1000.0,296.95,1000.0,297.08,113000.0,297.26,727000.0
1753591978699,04:52:58.699,bitmex,AAVE/USDT:USDT,297.03,1000.0,296.95,1000.0,297.08,113000.0,297.26,727000.0
1753591978877,04:52:58.877,bitmex,AAVE/USDT:USDT,297.03,1000.0,296.95,1000.0,297.08,113000.0,297.26,727000.0
1753591978926,04:52:58.926,bitmex,AAVE/USDT:USDT,297.03,1000.0,296.95,1000.0,297.08,113000.0,297.26,727000.0
1753591979200,04:52:59.200,bitmex,AAVE/USDT:USDT,297.03,1000.0,296.95,1000.0,297.08,113000.0,297.26,727000.0
1753591979378,04:52:59.378,bitmex,AAVE/USDT:USDT,296.95,1000.0,296.72,3000.0,297.08,113000.0,297.26,727000.0
1753591979428,04:52:59.428,bitmex,AAVE/USDT:USDT,296.95,1000.0,296.87,1000.0,297.08,113000.0,297.26,727000.0
1753591979705,04:52:59.705,bitmex,AAVE/USDT:USDT,296.95,1000.0,296.87,1000.0,297.08,113000.0,297.26,727000.0
1753591979754,04:52:59.754,bitmex,AAVE/USDT:USDT,296.95,1000.0,296.87,1000.0,297.08,113000.0,297.26,727000.0
1753591979937,04:52:59.937,bitmex,AAVE/USDT:USDT,296.95,1000.0,296.87,1000.0,297.08,113000.0,297.26,727000.0
1753591979987,04:52:59.987,bitmex,AAVE/USDT:USDT,296.95,1000.0,296.87,1000.0,297.08,113000.0,297.26,727000.0
1753591980206,04:53:00.206,bitmex,AAVE/USDT:USDT,296.95,1000.0,296.87,1000.0,297.08,113000.0,297.26,727000.0
1753591980255,04:53:00.255,bitmex,AAVE/USDT:USDT,296.95,1000.0,296.87,1000.0,297.08,113000.0,297.26,727000.0
1753591980417,04:53:00.417,bitmex,AAVE/USDT:USDT,296.96,1000.0,296.95,1000.0,297.08,113000.0,297.26,727000.0
1753591980466,04:53:00.466,bitmex,AAVE/USDT:USDT,297.06,1000.0,297.05,1000.0,297.08,113000.0,297.26,727000.0
1753591980515,04:53:00.515,bitmex,AAVE/USDT:USDT,296.79,3000.0,296.73,3000.0,297.08,113000.0,297.26,727000.0
1753591980564,04:53:00.564,bitmex,AAVE/USDT:USDT,296.79,3000.0,296.73,3000.0,297.08,113000.0,297.26,727000.0
1753591980613,04:53:00.613,bitmex,AAVE/USDT:USDT,296.79,3000.0,296.74,3000.0,297.08,113000.0,297.26,727000.0
1753591980754,04:53:00.754,bitmex,AAVE/USDT:USDT,296.79,3000.0,296.73,3000.0,297.08,113000.0,297.26,727000.0
1753591980803,04:53:00.803,bitmex,AAVE/USDT:USDT,296.79,3000.0,296.73,3000.0,297.08,113000.0,297.26,727000.0
1753591980864,04:53:00.864,bitmex,AAVE/USDT:USDT,296.79,3000.0,296.73,3000.0,297.08,113000.0,297.26,727000.0
1753591980913,04:53:00.913,bitmex,AAVE/USDT:USDT,296.79,3000.0,296.73,3000.0,297.08,113000.0,297.26,727000.0
1753591981291,04:53:01.291,bitmex,AAVE/USDT:USDT,296.79,3000.0,296.73,3000.0,297.08,113000.0,297.26,727000.0
1753591981340,04:53:01.340,bitmex,AAVE/USDT:USDT,296.79,3000.0,296.73,3000.0,297.08,113000.0,297.26,727000.0
1753591981389,04:53:01.389,bitmex,AAVE/USDT:USDT,296.79,3000.0,296.73,3000.0,297.08,113000.0,297.26,727000.0
1753591981873,04:53:01.873,bitmex,AAVE/USDT:USDT,296.79,3000.0,296.73,3000.0,297.08,113000.0,297.26,727000.0
1753591981922,04:53:01.922,bitmex,AAVE/USDT:USDT,296.79,3000.0,296.73,3000.0,297.08,113000.0,297.26,727000.0
1753591982098,04:53:02.098,bitmex,AAVE/USDT:USDT,296.8,1000.0,296.79,3000.0,297.08,113000.0,297.26,727000.0
1753591982147,04:53:02.147,bitmex,AAVE/USDT:USDT,296.91,1000.0,296.9,1000.0,297.08,113000.0,297.26,727000.0
1753591982196,04:53:02.196,bitmex,AAVE/USDT:USDT,297.01,1000.0,297.0,1000.0,297.08,113000.0,297.26,727000.0
1753591982246,04:53:02.246,bitmex,AAVE/USDT:USDT,296.79,3000.0,296.75,6000.0,297.08,113000.0,297.26,727000.0
1753591982443,04:53:02.443,bitmex,AAVE/USDT:USDT,296.79,3000.0,296.75,6000.0,297.08,113000.0,297.26,727000.0
1753591982493,04:53:02.493,bitmex,AAVE/USDT:USDT,296.79,3000.0,296.75,6000.0,297.08,113000.0,297.26,727000.0
1753591983483,04:53:03.483,bitmex,AAVE/USDT:USDT,296.8,1000.0,296.79,3000.0,297.08,113000.0,297.26,727000.0
1753591983532,04:53:03.532,bitmex,AAVE/USDT:USDT,296.91,1000.0,296.9,1000.0,297.08,113000.0,297.26,727000.0
1753591983630,04:53:03.630,bitmex,AAVE/USDT:USDT,296.93,1000.0,296.85,1000.0,297.08,113000.0,297.26,727000.0
1753591984054,04:53:04.054,bitmex,AAVE/USDT:USDT,296.93,1000.0,296.85,1000.0,297.08,113000.0,297.26,727000.0
1753591984220,04:53:04.220,bitmex,AAVE/USDT:USDT,296.93,1000.0,296.85,1000.0,297.08,113000.0,297.26,727000.0
1753591984269,04:53:04.269,bitmex,AAVE/USDT:USDT,296.93,1000.0,296.85,1000.0,297.08,113000.0,297.26,727000.0
1753591984576,04:53:04.576,bitmex,AAVE/USDT:USDT,296.93,1000.0,296.85,1000.0,297.08,113000.0,297.26,727000.0
1753591984625,04:53:04.625,bitmex,AAVE/USDT:USDT,296.93,1000.0,296.85,1000.0,297.08,113000.0,297.26,727000.0
1753591984674,04:53:04.674,bitmex,AAVE/USDT:USDT,296.93,1000.0,296.85,1000.0,297.08,113000.0,297.26,727000.0
1753591984724,04:53:04.724,bitmex,AAVE/USDT:USDT,296.93,1000.0,296.85,1000.0,297.08,113000.0,297.26,727000.0
1753591984773,04:53:04.773,bitmex,AAVE/USDT:USDT,296.93,1000.0,296.85,1000.0,297.08,113000.0,297.26,727000.0
1753591984822,04:53:04.822,bitmex,AAVE/USDT:USDT,296.93,1000.0,296.85,1000.0,297.08,113000.0,297.26,727000.0
1753591984871,04:53:04.871,bitmex,AAVE/USDT:USDT,296.93,1000.0,296.85,1000.0,297.08,113000.0,297.26,727000.0
1753591984995,04:53:04.995,bitmex,AAVE/USDT:USDT,296.93,1000.0,296.85,1000.0,297.08,113000.0,297.26,727000.0
1753591985164,04:53:05.164,bitmex,AAVE/USDT:USDT,296.94,1000.0,296.93,1000.0,297.08,113000.0,297.26,727000.0
1753591985214,04:53:05.214,bitmex,AAVE/USDT:USDT,296.98,1000.0,296.91,1000.0,297.08,113000.0,297.26,727000.0
1753591985263,04:53:05.263,bitmex,AAVE/USDT:USDT,296.98,1000.0,296.91,1000.0,297.08,113000.0,297.26,727000.0
1753591985312,04:53:05.312,bitmex,AAVE/USDT:USDT,296.98,1000.0,296.91,1000.0,297.08,113000.0,297.26,727000.0
1753591985361,04:53:05.361,bitmex,AAVE/USDT:USDT,296.98,1000.0,296.91,1000.0,297.08,113000.0,297.26,727000.0
1753591986104,04:53:06.104,bitmex,AAVE/USDT:USDT,296.98,1000.0,296.91,1000.0,297.08,113000.0,297.26,727000.0
1753591986153,04:53:06.153,bitmex,AAVE/USDT:USDT,296.98,1000.0,296.91,1000.0,297.08,113000.0,297.26,727000.0
1753591986211,04:53:06.211,bitmex,AAVE/USDT:USDT,296.98,1000.0,296.91,1000.0,297.08,113000.0,297.24,3000.0
1753591986261,04:53:06.261,bitmex,AAVE/USDT:USDT,296.91,1000.0,296.84,1000.0,297.08,113000.0,297.24,3000.0
1753591986310,04:53:06.310,bitmex,AAVE/USDT:USDT,296.91,1000.0,296.84,1000.0,297.08,113000.0,297.24,3000.0
1753591986359,04:53:06.359,bitmex,AAVE/USDT:USDT,296.91,1000.0,296.84,1000.0,297.08,113000.0,297.24,3000.0
1753591986408,04:53:06.408,bitmex,AAVE/USDT:USDT,296.91,1000.0,296.84,1000.0,297.08,113000.0,297.24,3000.0
1753591986673,04:53:06.673,bitmex,AAVE/USDT:USDT,296.91,1000.0,296.84,1000.0,297.08,113000.0,297.24,3000.0
1753591986723,04:53:06.723,bitmex,AAVE/USDT:USDT,296.91,1000.0,296.84,1000.0,297.08,113000.0,297.24,3000.0
1753591986881,04:53:06.881,bitmex,AAVE/USDT:USDT,296.91,1000.0,296.84,1000.0,297.08,113000.0,297.24,3000.0
1753591986931,04:53:06.931,bitmex,AAVE/USDT:USDT,296.91,1000.0,296.84,1000.0,297.08,113000.0,297.24,3000.0
1753591987372,04:53:07.372,bitmex,AAVE/USDT:USDT,296.91,1000.0,296.84,1000.0,297.08,113000.0,297.24,3000.0
1753591987782,04:53:07.782,bitmex,AAVE/USDT:USDT,296.91,1000.0,296.84,1000.0,297.08,113000.0,297.24,3000.0
1753591987886,04:53:07.886,bitmex,AAVE/USDT:USDT,296.91,1000.0,296.84,1000.0,297.08,113000.0,297.24,3000.0
1753591987935,04:53:07.935,bitmex,AAVE/USDT:USDT,296.91,1000.0,296.84,1000.0,297.08,113000.0,297.24,3000.0
1753591988207,04:53:08.207,bitmex,AAVE/USDT:USDT,296.91,1000.0,296.84,1000.0,297.08,113000.0,297.24,3000.0
1753591989220,04:53:09.220,bitmex,AAVE/USDT:USDT,296.91,1000.0,296.84,1000.0,297.08,113000.0,297.24,3000.0
1753591991473,04:53:11.473,bitmex,AAVE/USDT:USDT,296.91,1000.0,296.84,1000.0,297.08,113000.0,297.24,3000.0
1753591991522,04:53:11.522,bitmex,AAVE/USDT:USDT,296.91,1000.0,296.84,1000.0,297.08,113000.0,297.24,3000.0
1753591992118,04:53:12.118,bitmex,AAVE/USDT:USDT,296.91,1000.0,296.84,1000.0,297.08,113000.0,297.24,3000.0
1753591992168,04:53:12.168,bitmex,AAVE/USDT:USDT,296.91,1000.0,296.84,1000.0,297.08,113000.0,297.24,3000.0
1753591992217,04:53:12.217,bitmex,AAVE/USDT:USDT,296.91,1000.0,296.84,1000.0,297.08,113000.0,297.24,3000.0
1753591992266,04:53:12.266,bitmex,AAVE/USDT:USDT,296.91,1000.0,296.84,1000.0,297.08,113000.0,297.24,3000.0
1753591992317,04:53:12.317,bitmex,AAVE/USDT:USDT,296.91,1000.0,296.84,1000.0,297.08,113000.0,297.24,3000.0
1753591992366,04:53:12.366,bitmex,AAVE/USDT:USDT,296.91,1000.0,296.84,1000.0,297.08,113000.0,297.24,3000.0
1753591992415,04:53:12.415,bitmex,AAVE/USDT:USDT,296.91,1000.0,296.84,1000.0,297.08,113000.0,297.24,3000.0
1753591992464,04:53:12.464,bitmex,AAVE/USDT:USDT,296.84,1000.0,296.71,3000.0,297.08,113000.0,297.24,3000.0
1753591992514,04:53:12.514,bitmex,AAVE/USDT:USDT,296.84,1000.0,296.71,3000.0,297.08,113000.0,297.24,3000.0
1753591992564,04:53:12.564,bitmex,AAVE/USDT:USDT,296.84,1000.0,296.76,1000.0,297.08,113000.0,297.24,3000.0
1753591992613,04:53:12.613,bitmex,AAVE/USDT:USDT,296.84,1000.0,296.76,1000.0,297.08,113000.0,297.24,3000.0
1753591992761,04:53:12.761,bitmex,AAVE/USDT:USDT,296.84,1000.0,296.76,1000.0,297.08,113000.0,297.24,3000.0
1753591992811,04:53:12.811,bitmex,AAVE/USDT:USDT,296.84,1000.0,296.76,1000.0,297.08,113000.0,297.24,3000.0
1753591992860,04:53:12.860,bitmex,AAVE/USDT:USDT,296.84,1000.0,296.76,1000.0,297.08,113000.0,297.24,3000.0
1753591993246,04:53:13.246,bitmex,AAVE/USDT:USDT,296.84,1000.0,296.76,1000.0,297.08,113000.0,297.24,3000.0
1753591993295,04:53:13.295,bitmex,AAVE/USDT:USDT,296.84,1000.0,296.76,1000.0,297.08,113000.0,297.24,3000.0
1753591993501,04:53:13.501,bitmex,AAVE/USDT:USDT,296.84,1000.0,296.76,1000.0,297.08,113000.0,297.24,3000.0
1753591993550,04:53:13.550,bitmex,AAVE/USDT:USDT,296.84,1000.0,296.76,1000.0,297.08,113000.0,297.24,3000.0
1753591993797,04:53:13.797,bitmex,AAVE/USDT:USDT,296.84,1000.0,296.76,1000.0,297.08,113000.0,297.24,3000.0
1753591994432,04:53:14.432,bitmex,AAVE/USDT:USDT,296.84,1000.0,296.76,1000.0,297.08,113000.0,297.24,3000.0
1753591994647,04:53:14.647,bitmex,AAVE/USDT:USDT,296.84,1000.0,296.76,1000.0,297.08,113000.0,297.24,3000.0
1753591994696,04:53:14.696,bitmex,AAVE/USDT:USDT,296.84,1000.0,296.76,1000.0,297.08,113000.0,297.24,3000.0
1753591994868,04:53:14.868,bitmex,AAVE/USDT:USDT,296.85,1000.0,296.84,1000.0,297.08,113000.0,297.24,3000.0
1753591994918,04:53:14.918,bitmex,AAVE/USDT:USDT,296.88,1000.0,296.76,1000.0,297.08,113000.0,297.24,3000.0
1753591994967,04:53:14.967,bitmex,AAVE/USDT:USDT,296.88,1000.0,296.8,1000.0,297.08,113000.0,297.24,3000.0
1753591995016,04:53:15.016,bitmex,AAVE/USDT:USDT,296.88,1000.0,296.8,1000.0,297.08,113000.0,297.24,3000.0
1753591995065,04:53:15.065,bitmex,AAVE/USDT:USDT,296.88,1000.0,296.8,1000.0,297.08,113000.0,297.24,3000.0
1753591995448,04:53:15.448,bitmex,AAVE/USDT:USDT,296.88,1000.0,296.8,1000.0,297.08,113000.0,297.24,3000.0
1753591995497,04:53:15.497,bitmex,AAVE/USDT:USDT,296.88,1000.0,296.8,1000.0,297.08,113000.0,297.24,3000.0
1753591996273,04:53:16.273,bitmex,AAVE/USDT:USDT,296.88,1000.0,296.8,1000.0,297.08,113000.0,297.24,3000.0
1753591996323,04:53:16.323,bitmex,AAVE/USDT:USDT,296.88,1000.0,296.8,1000.0,297.08,113000.0,297.24,3000.0
1753591996372,04:53:16.372,bitmex,AAVE/USDT:USDT,296.88,1000.0,296.8,1000.0,297.08,113000.0,297.24,3000.0
1753591996561,04:53:16.561,bitmex,AAVE/USDT:USDT,296.88,1000.0,296.8,1000.0,297.08,113000.0,297.24,3000.0
1753591996610,04:53:16.610,bitmex,AAVE/USDT:USDT,296.89,1000.0,296.88,1000.0,297.08,113000.0,297.24,3000.0
1753591996660,04:53:16.660,bitmex,AAVE/USDT:USDT,296.95,1000.0,296.8,1000.0,297.08,113000.0,297.24,3000.0
1753591996709,04:53:16.709,bitmex,AAVE/USDT:USDT,296.95,1000.0,296.87,1000.0,297.08,113000.0,297.24,3000.0
1753591996803,04:53:16.803,bitmex,AAVE/USDT:USDT,296.95,1000.0,296.87,1000.0,297.08,113000.0,297.24,3000.0
1753591997694,04:53:17.694,bitmex,AAVE/USDT:USDT,296.87,1000.0,296.69,3000.0,297.08,113000.0,297.24,3000.0
1753591997743,04:53:17.743,bitmex,AAVE/USDT:USDT,296.87,1000.0,296.79,1000.0,297.08,113000.0,297.24,3000.0
1753591997792,04:53:17.792,bitmex,AAVE/USDT:USDT,296.87,1000.0,296.79,1000.0,297.08,113000.0,297.24,3000.0
1753591997841,04:53:17.841,bitmex,AAVE/USDT:USDT,296.87,1000.0,296.79,1000.0,297.08,113000.0,297.24,3000.0
1753591998088,04:53:18.088,bitmex,AAVE/USDT:USDT,296.87,1000.0,296.79,1000.0,297.08,113000.0,297.24,3000.0
1753591998138,04:53:18.138,bitmex,AAVE/USDT:USDT,296.87,1000.0,296.79,1000.0,297.08,113000.0,297.24,3000.0
1753591998897,04:53:18.897,bitmex,AAVE/USDT:USDT,296.87,1000.0,296.79,1000.0,297.08,113000.0,297.24,3000.0
1753592000205,04:53:20.205,bitmex,AAVE/USDT:USDT,296.87,1000.0,296.79,1000.0,297.08,113000.0,297.24,3000.0
1753592000263,04:53:20.263,bitmex,AAVE/USDT:USDT,296.87,1000.0,296.79,1000.0,297.08,113000.0,297.24,3000.0
1753592000929,04:53:20.929,bitmex,AAVE/USDT:USDT,296.87,1000.0,296.79,1000.0,297.08,113000.0,297.24,3000.0
1753592000978,04:53:20.978,bitmex,AAVE/USDT:USDT,296.87,1000.0,296.79,1000.0,297.08,113000.0,297.24,3000.0
1753592001036,04:53:21.036,bitmex,AAVE/USDT:USDT,296.88,1000.0,296.87,1000.0,297.08,113000.0,297.24,3000.0
1753592001085,04:53:21.085,bitmex,AAVE/USDT:USDT,296.98,1000.0,296.97,1000.0,297.08,113000.0,297.24,3000.0
1753592001134,04:53:21.134,bitmex,AAVE/USDT:USDT,296.92,1000.0,296.79,1000.0,297.08,113000.0,297.24,3000.0
1753592001183,04:53:21.183,bitmex,AAVE/USDT:USDT,296.92,1000.0,296.72,3000.0,297.08,113000.0,297.24,3000.0
1753592001183,04:53:21.183,bitmex,AAVE/USDT:USDT,296.92,1000.0,296.85,1000.0,297.08,113000.0,297.24,3000.0
1753592001245,04:53:21.245,bitmex,AAVE/USDT:USDT,296.92,1000.0,296.85,1000.0,297.08,113000.0,297.24,3000.0
1753592001294,04:53:21.294,bitmex,AAVE/USDT:USDT,296.92,1000.0,296.85,1000.0,297.08,113000.0,297.24,3000.0
1753592001343,04:53:21.343,bitmex,AAVE/USDT:USDT,296.92,1000.0,296.85,1000.0,297.08,113000.0,297.24,3000.0
1753592001680,04:53:21.680,bitmex,AAVE/USDT:USDT,296.92,1000.0,296.85,1000.0,297.08,113000.0,297.24,3000.0
1753592001926,04:53:21.926,bitmex,AAVE/USDT:USDT,296.92,1000.0,296.85,1000.0,297.08,113000.0,297.24,3000.0
1753592001976,04:53:21.976,bitmex,AAVE/USDT:USDT,296.92,1000.0,296.85,1000.0,297.08,113000.0,297.24,3000.0
1753592002156,04:53:22.156,bitmex,AAVE/USDT:USDT,296.92,1000.0,296.85,1000.0,297.08,113000.0,297.24,3000.0
1753592002205,04:53:22.205,bitmex,AAVE/USDT:USDT,296.92,1000.0,296.85,1000.0,297.08,113000.0,297.24,3000.0
1753592002254,04:53:22.254,bitmex,AAVE/USDT:USDT,296.92,1000.0,296.85,1000.0,297.08,113000.0,297.24,3000.0
1753592002303,04:53:22.303,bitmex,AAVE/USDT:USDT,296.92,1000.0,296.85,1000.0,297.08,113000.0,297.24,3000.0
1753592002518,04:53:22.518,bitmex,AAVE/USDT:USDT,296.92,1000.0,296.85,1000.0,297.08,113000.0,297.24,3000.0
1753592002567,04:53:22.567,bitmex,AAVE/USDT:USDT,296.92,1000.0,296.85,1000.0,297.08,113000.0,297.24,3000.0
1753592003594,04:53:23.594,bitmex,AAVE/USDT:USDT,296.92,1000.0,296.85,1000.0,297.08,113000.0,297.24,3000.0
1753592003666,04:53:23.666,bitmex,AAVE/USDT:USDT,296.92,1000.0,296.85,1000.0,297.08,113000.0,297.24,3000.0
1753592003825,04:53:23.825,bitmex,AAVE/USDT:USDT,296.92,1000.0,296.85,1000.0,297.08,113000.0,297.24,3000.0
1753592004815,04:53:24.815,bitmex,AAVE/USDT:USDT,296.92,1000.0,296.85,1000.0,297.08,113000.0,297.24,3000.0
1753592004865,04:53:24.865,bitmex,AAVE/USDT:USDT,296.92,1000.0,296.85,1000.0,297.08,113000.0,297.24,3000.0
1753592005876,04:53:25.876,bitmex,AAVE/USDT:USDT,296.92,1000.0,296.85,1000.0,297.08,113000.0,297.24,3000.0
1753592005926,04:53:25.926,bitmex,AAVE/USDT:USDT,296.92,1000.0,296.85,1000.0,297.08,113000.0,297.24,3000.0
1753592006004,04:53:26.004,bitmex,AAVE/USDT:USDT,296.92,1000.0,296.85,1000.0,297.08,113000.0,297.24,3000.0
1753592006054,04:53:26.054,bitmex,AAVE/USDT:USDT,296.92,1000.0,296.85,1000.0,297.08,113000.0,297.24,3000.0
1753592006882,04:53:26.882,bitmex,AAVE/USDT:USDT,296.92,1000.0,296.85,1000.0,297.08,113000.0,297.24,3000.0
1753592007174,04:53:27.174,bitmex,AAVE/USDT:USDT,296.92,1000.0,296.85,1000.0,297.08,113000.0,297.24,3000.0
1753592007223,04:53:27.223,bitmex,AAVE/USDT:USDT,296.92,1000.0,296.85,1000.0,297.08,113000.0,297.24,3000.0
1753592008282,04:53:28.282,bitmex,AAVE/USDT:USDT,296.92,1000.0,296.85,1000.0,297.08,113000.0,297.24,3000.0
1753592008332,04:53:28.332,bitmex,AAVE/USDT:USDT,296.92,1000.0,296.85,1000.0,297.08,113000.0,297.24,3000.0
1753592009504,04:53:29.504,bitmex,AAVE/USDT:USDT,296.92,1000.0,296.85,1000.0,297.08,113000.0,297.24,3000.0
1753592009553,04:53:29.553,bitmex,AAVE/USDT:USDT,296.92,1000.0,296.85,1000.0,297.08,113000.0,297.24,3000.0
1753592010019,04:53:30.019,bitmex,AAVE/USDT:USDT,296.92,1000.0,296.85,1000.0,297.08,113000.0,297.24,3000.0
1753592010554,04:53:30.554,bitmex,AAVE/USDT:USDT,296.92,1000.0,296.85,1000.0,297.08,113000.0,297.24,3000.0
1753592010604,04:53:30.604,bitmex,AAVE/USDT:USDT,296.92,1000.0,296.85,1000.0,297.08,113000.0,297.24,3000.0
1753592010673,04:53:30.673,bitmex,AAVE/USDT:USDT,296.92,1000.0,296.85,1000.0,297.08,113000.0,297.24,3000.0
1753592010723,04:53:30.723,bitmex,AAVE/USDT:USDT,296.92,1000.0,296.85,1000.0,297.08,113000.0,297.24,3000.0
1753592011801,04:53:31.801,bitmex,AAVE/USDT:USDT,296.92,1000.0,296.85,1000.0,297.08,113000.0,297.24,3000.0
1753592011855,04:53:31.855,bitmex,AAVE/USDT:USDT,296.92,1000.0,296.85,1000.0,297.08,113000.0,297.24,3000.0
1753592012965,04:53:32.965,bitmex,AAVE/USDT:USDT,296.92,1000.0,296.85,1000.0,297.08,113000.0,297.24,3000.0
1753592013015,04:53:33.015,bitmex,AAVE/USDT:USDT,296.92,1000.0,296.85,1000.0,297.08,113000.0,297.24,3000.0
1753592014137,04:53:34.137,bitmex,AAVE/USDT:USDT,296.92,1000.0,296.85,1000.0,297.08,113000.0,297.24,3000.0
1753592014187,04:53:34.187,bitmex,AAVE/USDT:USDT,296.92,1000.0,296.85,1000.0,297.08,113000.0,297.24,3000.0
1753592015317,04:53:35.317,bitmex,AAVE/USDT:USDT,296.92,1000.0,296.85,1000.0,297.08,113000.0,297.24,3000.0
1753592015366,04:53:35.366,bitmex,AAVE/USDT:USDT,296.92,1000.0,296.85,1000.0,297.08,113000.0,297.24,3000.0
1753592015474,04:53:35.474,bitmex,AAVE/USDT:USDT,296.92,1000.0,296.85,1000.0,297.08,113000.0,297.24,3000.0
1753592015524,04:53:35.524,bitmex,AAVE/USDT:USDT,296.92,1000.0,296.85,1000.0,297.08,113000.0,297.24,3000.0
1753592015609,04:53:35.609,bitmex,AAVE/USDT:USDT,296.93,1000.0,296.92,1000.0,297.08,113000.0,297.24,3000.0
1753592015658,04:53:35.658,bitmex,AAVE/USDT:USDT,297.02,1000.0,296.87,1000.0,297.08,113000.0,297.26,727000.0
1753592015708,04:53:35.708,bitmex,AAVE/USDT:USDT,297.02,1000.0,296.94,1000.0,297.08,113000.0,297.26,727000.0
1753592015758,04:53:35.758,bitmex,AAVE/USDT:USDT,297.02,1000.0,296.94,1000.0,297.08,113000.0,297.26,727000.0
1753592015811,04:53:35.811,bitmex,AAVE/USDT:USDT,297.02,1000.0,296.94,1000.0,297.08,113000.0,297.26,727000.0
1753592016200,04:53:36.200,bitmex,AAVE/USDT:USDT,297.02,1000.0,296.94,1000.0,297.08,113000.0,297.26,727000.0
1753592016250,04:53:36.250,bitmex,AAVE/USDT:USDT,297.02,1000.0,296.94,1000.0,297.08,113000.0,297.26,727000.0
1753592016382,04:53:36.382,bitmex,AAVE/USDT:USDT,297.02,1000.0,296.94,1000.0,297.08,113000.0,297.26,727000.0
1753592016474,04:53:36.474,bitmex,AAVE/USDT:USDT,297.02,1000.0,296.94,1000.0,297.08,113000.0,297.26,727000.0
1753592016524,04:53:36.524,bitmex,AAVE/USDT:USDT,297.02,1000.0,296.94,1000.0,297.08,113000.0,297.26,727000.0
1753592017073,04:53:37.073,bitmex,AAVE/USDT:USDT,296.94,1000.0,296.76,3000.0,297.08,113000.0,297.26,727000.0
1753592017123,04:53:37.123,bitmex,AAVE/USDT:USDT,296.94,1000.0,296.86,1000.0,297.08,113000.0,297.26,727000.0
1753592017735,04:53:37.735,bitmex,AAVE/USDT:USDT,296.94,1000.0,296.86,1000.0,297.08,113000.0,297.26,727000.0
1753592017785,04:53:37.785,bitmex,AAVE/USDT:USDT,296.94,1000.0,296.86,1000.0,297.08,113000.0,297.26,727000.0
1753592018954,04:53:38.954,bitmex,AAVE/USDT:USDT,296.94,1000.0,296.86,1000.0,297.08,113000.0,297.26,727000.0
1753592019004,04:53:39.004,bitmex,AAVE/USDT:USDT,296.94,1000.0,296.86,1000.0,297.08,113000.0,297.26,727000.0
1753592019493,04:53:39.493,bitmex,AAVE/USDT:USDT,296.94,1000.0,296.86,1000.0,297.08,113000.0,297.26,727000.0
1753592019997,04:53:39.997,bitmex,AAVE/USDT:USDT,296.94,1000.0,296.86,1000.0,297.08,113000.0,297.26,727000.0
1753592020047,04:53:40.047,bitmex,AAVE/USDT:USDT,296.94,1000.0,296.86,1000.0,297.08,113000.0,297.26,727000.0
1753592020274,04:53:40.274,bitmex,AAVE/USDT:USDT,296.94,1000.0,296.86,1000.0,297.08,113000.0,297.26,727000.0
1753592020323,04:53:40.323,bitmex,AAVE/USDT:USDT,296.94,1000.0,296.86,1000.0,297.08,113000.0,297.26,727000.0
1753592020445,04:53:40.445,bitmex,AAVE/USDT:USDT,296.95,1000.0,296.94,1000.0,297.08,113000.0,297.26,727000.0
1753592020497,04:53:40.497,bitmex,AAVE/USDT:USDT,297.07,1000.0,296.99,1000.0,297.26,727000.0,297.34,3000.0
1753592020546,04:53:40.546,bitmex,AAVE/USDT:USDT,297.07,1000.0,296.99,1000.0,297.26,727000.0,297.34,3000.0
1753592020595,04:53:40.595,bitmex,AAVE/USDT:USDT,297.07,1000.0,296.99,1000.0,297.26,727000.0,297.34,3000.0
1753592020644,04:53:40.644,bitmex,AAVE/USDT:USDT,297.07,1000.0,296.99,1000.0,297.26,729000.0,297.34,3000.0
1753592020693,04:53:40.693,bitmex,AAVE/USDT:USDT,296.99,1000.0,296.79,3000.0,297.19,113000.0,297.26,729000.0
1753592020742,04:53:40.742,bitmex,AAVE/USDT:USDT,296.99,1000.0,296.92,1000.0,297.19,115000.0,297.26,727000.0
1753592021203,04:53:41.203,bitmex,AAVE/USDT:USDT,296.99,1000.0,296.92,1000.0,297.19,115000.0,297.26,727000.0
1753592021283,04:53:41.283,bitmex,AAVE/USDT:USDT,296.99,1000.0,296.92,1000.0,297.19,115000.0,297.26,727000.0
1753592021332,04:53:41.332,bitmex,AAVE/USDT:USDT,296.99,1000.0,296.92,1000.0,297.19,115000.0,297.26,727000.0
1753592021511,04:53:41.511,bitmex,AAVE/USDT:USDT,297.0,1000.0,296.99,1000.0,297.19,115000.0,297.26,727000.0
1753592021562,04:53:41.562,bitmex,AAVE/USDT:USDT,297.06,1000.0,296.92,1000.0,297.19,115000.0,297.26,727000.0
1753592021612,04:53:41.612,bitmex,AAVE/USDT:USDT,297.07,1000.0,296.99,1000.0,297.19,113000.0,297.26,727000.0
1753592021707,04:53:41.707,bitmex,AAVE/USDT:USDT,297.07,1000.0,296.99,1000.0,297.19,113000.0,297.26,727000.0
1753592022304,04:53:42.304,bitmex,AAVE/USDT:USDT,297.07,1000.0,296.99,1000.0,297.19,113000.0,297.26,727000.0
1753592022354,04:53:42.354,bitmex,AAVE/USDT:USDT,297.07,1000.0,296.99,1000.0,297.19,113000.0,297.26,727000.0
1753592022433,04:53:42.433,bitmex,AAVE/USDT:USDT,297.07,1000.0,296.99,1000.0,297.19,113000.0,297.26,727000.0
1753592022483,04:53:42.483,bitmex,AAVE/USDT:USDT,297.07,1000.0,296.99,1000.0,297.19,113000.0,297.26,727000.0
1753592023244,04:53:43.244,bitmex,AAVE/USDT:USDT,297.07,1000.0,296.99,1000.0,297.19,113000.0,297.26,727000.0
1753592023294,04:53:43.294,bitmex,AAVE/USDT:USDT,297.07,1000.0,296.99,1000.0,297.19,113000.0,297.26,727000.0
1753592023634,04:53:43.634,bitmex,AAVE/USDT:USDT,297.07,1000.0,296.99,1000.0,297.19,113000.0,297.26,727000.0
1753592023683,04:53:43.683,bitmex,AAVE/USDT:USDT,297.07,1000.0,296.99,1000.0,297.19,113000.0,297.26,727000.0
1753592024683,04:53:44.683,bitmex,AAVE/USDT:USDT,297.07,1000.0,296.99,1000.0,297.19,113000.0,297.26,727000.0
1753592024732,04:53:44.732,bitmex,AAVE/USDT:USDT,297.07,1000.0,296.99,1000.0,297.19,113000.0,297.26,727000.0
1753592025074,04:53:45.074,bitmex,AAVE/USDT:USDT,297.07,1000.0,296.99,1000.0,297.19,113000.0,297.26,727000.0
1753592025124,04:53:45.124,bitmex,AAVE/USDT:USDT,297.07,1000.0,296.99,1000.0,297.19,113000.0,297.26,727000.0
1753592025336,04:53:45.336,bitmex,AAVE/USDT:USDT,297.07,1000.0,296.99,1000.0,297.19,113000.0,297.26,727000.0
1753592025385,04:53:45.385,bitmex,AAVE/USDT:USDT,297.07,1000.0,296.99,1000.0,297.19,113000.0,297.26,727000.0
1753592025441,04:53:45.441,bitmex,AAVE/USDT:USDT,297.07,1000.0,296.99,1000.0,297.19,113000.0,297.26,727000.0
1753592025923,04:53:45.923,bitmex,AAVE/USDT:USDT,297.07,1000.0,296.99,1000.0,297.19,113000.0,297.26,727000.0
1753592025972,04:53:45.972,bitmex,AAVE/USDT:USDT,297.07,1000.0,296.99,1000.0,297.19,113000.0,297.26,727000.0
1753592027042,04:53:47.042,bitmex,AAVE/USDT:USDT,297.07,1000.0,296.99,1000.0,297.19,113000.0,297.26,727000.0
1753592027092,04:53:47.092,bitmex,AAVE/USDT:USDT,297.07,1000.0,296.99,1000.0,297.19,113000.0,297.26,727000.0
1753592027143,04:53:47.143,bitmex,AAVE/USDT:USDT,297.07,1000.0,296.99,1000.0,297.19,113000.0,297.63,3000.0
1753592027193,04:53:47.193,bitmex,AAVE/USDT:USDT,297.07,1000.0,296.99,1000.0,297.19,113000.0,297.41,3000.0
1753592028111,04:53:48.111,bitmex,AAVE/USDT:USDT,297.08,1000.0,297.07,1000.0,297.19,113000.0,297.41,3000.0
1753592028161,04:53:48.161,bitmex,AAVE/USDT:USDT,297.11,1000.0,296.99,1000.0,297.19,113000.0,297.41,3000.0
1753592028210,04:53:48.210,bitmex,AAVE/USDT:USDT,297.11,1000.0,297.04,1000.0,297.19,113000.0,297.41,3000.0
1753592028308,04:53:48.308,bitmex,AAVE/USDT:USDT,297.11,1000.0,297.04,1000.0,297.19,113000.0,297.41,3000.0
1753592028366,04:53:48.366,bitmex,AAVE/USDT:USDT,297.11,1000.0,297.04,1000.0,297.19,113000.0,297.41,3000.0
1753592029504,04:53:49.504,bitmex,AAVE/USDT:USDT,297.11,1000.0,297.04,1000.0,297.19,113000.0,297.41,3000.0
1753592029565,04:53:49.565,bitmex,AAVE/USDT:USDT,297.11,1000.0,297.04,1000.0,297.19,113000.0,297.41,3000.0
1753592029615,04:53:49.615,bitmex,AAVE/USDT:USDT,297.11,1000.0,297.04,1000.0,297.19,113000.0,297.41,3000.0
1753592030634,04:53:50.634,bitmex,AAVE/USDT:USDT,297.11,1000.0,297.04,1000.0,297.19,113000.0,297.41,3000.0
1753592030683,04:53:50.683,bitmex,AAVE/USDT:USDT,297.11,1000.0,297.04,1000.0,297.19,113000.0,297.41,3000.0
1753592030874,04:53:50.874,bitmex,AAVE/USDT:USDT,297.11,1000.0,297.04,1000.0,297.19,113000.0,297.41,3000.0
1753592030924,04:53:50.924,bitmex,AAVE/USDT:USDT,297.11,1000.0,297.04,1000.0,297.19,113000.0,297.41,3000.0
1753592031371,04:53:51.371,bitmex,AAVE/USDT:USDT,297.11,1000.0,297.04,1000.0,297.19,113000.0,297.41,3000.0
1753592031774,04:53:51.774,bitmex,AAVE/USDT:USDT,297.11,1000.0,297.04,1000.0,297.19,113000.0,297.41,3000.0
1753592031824,04:53:51.824,bitmex,AAVE/USDT:USDT,297.11,1000.0,297.04,1000.0,297.19,113000.0,297.41,3000.0
1753592032212,04:53:52.212,bitmex,AAVE/USDT:USDT,297.11,1000.0,297.04,1000.0,297.19,113000.0,297.41,3000.0
1753592032261,04:53:52.261,bitmex,AAVE/USDT:USDT,297.11,1000.0,297.04,1000.0,297.19,113000.0,297.41,3000.0
1753592032310,04:53:52.310,bitmex,AAVE/USDT:USDT,297.11,1000.0,297.04,1000.0,297.19,113000.0,297.41,3000.0
1753592032904,04:53:52.904,bitmex,AAVE/USDT:USDT,297.11,1000.0,297.04,1000.0,297.19,113000.0,297.41,3000.0
1753592033020,04:53:53.020,bitmex,AAVE/USDT:USDT,297.11,1000.0,297.04,1000.0,297.19,113000.0,297.41,3000.0
1753592033165,04:53:53.165,bitmex,AAVE/USDT:USDT,297.11,1000.0,297.04,1000.0,297.19,113000.0,297.41,3000.0
1753592033215,04:53:53.215,bitmex,AAVE/USDT:USDT,297.11,1000.0,297.04,1000.0,297.19,113000.0,297.41,3000.0
1753592033264,04:53:53.264,bitmex,AAVE/USDT:USDT,297.11,1000.0,297.04,1000.0,297.19,113000.0,297.41,3000.0
1753592034065,04:53:54.065,bitmex,AAVE/USDT:USDT,297.11,1000.0,297.04,1000.0,297.19,113000.0,297.41,3000.0
1753592034115,04:53:54.115,bitmex,AAVE/USDT:USDT,297.11,1000.0,297.04,1000.0,297.19,113000.0,297.41,3000.0
1753592034164,04:53:54.164,bitmex,AAVE/USDT:USDT,297.11,1000.0,297.04,1000.0,297.19,113000.0,297.41,3000.0
1753592034214,04:53:54.214,bitmex,AAVE/USDT:USDT,297.11,1000.0,297.04,1000.0,297.19,113000.0,297.41,3000.0
1753592035357,04:53:55.357,bitmex,AAVE/USDT:USDT,297.11,1000.0,297.04,1000.0,297.19,113000.0,297.41,3000.0
1753592035407,04:53:55.407,bitmex,AAVE/USDT:USDT,297.11,1000.0,297.04,1000.0,297.19,113000.0,297.41,3000.0
1753592035489,04:53:55.489,bitmex,AAVE/USDT:USDT,297.11,1000.0,297.04,1000.0,297.19,113000.0,297.41,3000.0
1753592035673,04:53:55.673,bitmex,AAVE/USDT:USDT,297.11,1000.0,297.04,1000.0,297.19,113000.0,297.41,3000.0
1753592035722,04:53:55.722,bitmex,AAVE/USDT:USDT,297.11,1000.0,297.04,1000.0,297.19,113000.0,297.41,3000.0
1753592036022,04:53:56.022,bitmex,AAVE/USDT:USDT,297.11,1000.0,297.04,1000.0,297.19,113000.0,297.41,3000.0
1753592036072,04:53:56.072,bitmex,AAVE/USDT:USDT,297.11,1000.0,297.04,1000.0,297.19,113000.0,297.41,3000.0
1753592036121,04:53:56.121,bitmex,AAVE/USDT:USDT,297.11,1000.0,297.04,1000.0,297.19,113000.0,297.41,3000.0
1753592036358,04:53:56.358,bitmex,AAVE/USDT:USDT,297.11,1000.0,297.04,1000.0,297.19,113000.0,297.41,3000.0
1753592036424,04:53:56.424,bitmex,AAVE/USDT:USDT,297.11,1000.0,297.04,1000.0,297.19,113000.0,297.41,3000.0
1753592036474,04:53:56.474,bitmex,AAVE/USDT:USDT,297.11,1000.0,297.04,1000.0,297.19,113000.0,297.41,3000.0
1753592036619,04:53:56.619,bitmex,AAVE/USDT:USDT,297.11,1000.0,297.04,1000.0,297.19,113000.0,297.41,3000.0
1753592036668,04:53:56.668,bitmex,AAVE/USDT:USDT,297.11,1000.0,297.04,1000.0,297.19,113000.0,297.41,3000.0
1753592036987,04:53:56.987,bitmex,AAVE/USDT:USDT,297.11,1000.0,297.04,1000.0,297.19,113000.0,297.41,3000.0
1753592037037,04:53:57.037,bitmex,AAVE/USDT:USDT,297.11,1000.0,297.04,1000.0,297.19,113000.0,297.41,3000.0
1753592037086,04:53:57.086,bitmex,AAVE/USDT:USDT,297.11,1000.0,297.04,1000.0,297.19,113000.0,297.41,3000.0
1753592037135,04:53:57.135,bitmex,AAVE/USDT:USDT,297.11,1000.0,297.04,1000.0,297.19,113000.0,297.41,3000.0
1753592037744,04:53:57.744,bitmex,AAVE/USDT:USDT,297.11,1000.0,297.04,1000.0,297.19,113000.0,297.41,3000.0
1753592037793,04:53:57.793,bitmex,AAVE/USDT:USDT,297.11,1000.0,297.04,1000.0,297.19,113000.0,297.41,3000.0
1753592038885,04:53:58.885,bitmex,AAVE/USDT:USDT,297.11,1000.0,297.04,1000.0,297.19,113000.0,297.41,3000.0
1753592038935,04:53:58.935,bitmex,AAVE/USDT:USDT,297.11,1000.0,297.04,1000.0,297.19,113000.0,297.41,3000.0
1753592039937,04:53:59.937,bitmex,AAVE/USDT:USDT,297.11,1000.0,297.04,1000.0,297.19,113000.0,297.41,3000.0
1753592039987,04:53:59.987,bitmex,AAVE/USDT:USDT,297.11,1000.0,297.04,1000.0,297.19,113000.0,297.41,3000.0
1753592040331,04:54:00.331,bitmex,AAVE/USDT:USDT,297.12,1000.0,297.11,1000.0,297.19,113000.0,297.41,3000.0
1753592040381,04:54:00.381,bitmex,AAVE/USDT:USDT,297.04,1000.0,296.87,3000.0,297.19,113000.0,297.41,3000.0
1753592040381,04:54:00.381,bitmex,AAVE/USDT:USDT,297.14,1000.0,297.04,1000.0,297.19,113000.0,297.41,3000.0
1753592040430,04:54:00.430,bitmex,AAVE/USDT:USDT,297.14,1000.0,297.06,1000.0,297.19,113000.0,297.41,3000.0
1753592040479,04:54:00.479,bitmex,AAVE/USDT:USDT,297.14,1000.0,297.06,1000.0,297.19,113000.0,297.41,3000.0
1753592040528,04:54:00.528,bitmex,AAVE/USDT:USDT,297.14,1000.0,297.06,1000.0,297.19,113000.0,297.41,3000.0
1753592041147,04:54:01.147,bitmex,AAVE/USDT:USDT,297.14,1000.0,297.06,1000.0,297.19,113000.0,297.41,3000.0
1753592041196,04:54:01.196,bitmex,AAVE/USDT:USDT,297.14,1000.0,297.06,1000.0,297.19,113000.0,297.41,3000.0
1753592042304,04:54:02.304,bitmex,AAVE/USDT:USDT,297.14,1000.0,297.06,1000.0,297.19,113000.0,297.41,3000.0
1753592042354,04:54:02.354,bitmex,AAVE/USDT:USDT,297.14,1000.0,297.06,1000.0,297.19,113000.0,297.41,3000.0
1753592043115,04:54:03.115,bitmex,AAVE/USDT:USDT,297.14,1000.0,297.06,1000.0,297.19,113000.0,297.41,3000.0
1753592043590,04:54:03.590,bitmex,AAVE/USDT:USDT,297.14,1000.0,297.06,1000.0,297.19,113000.0,297.41,3000.0
1753592043640,04:54:03.640,bitmex,AAVE/USDT:USDT,297.14,1000.0,297.06,1000.0,297.19,113000.0,297.41,3000.0
1753592044797,04:54:04.797,bitmex,AAVE/USDT:USDT,297.14,1000.0,297.06,1000.0,297.19,113000.0,297.41,3000.0
1753592044847,04:54:04.847,bitmex,AAVE/USDT:USDT,297.14,1000.0,297.06,1000.0,297.19,113000.0,297.41,3000.0
1753592045274,04:54:05.274,bitmex,AAVE/USDT:USDT,297.14,1000.0,297.06,1000.0,297.19,113000.0,297.41,3000.0
1753592045323,04:54:05.323,bitmex,AAVE/USDT:USDT,297.14,1000.0,297.06,1000.0,297.19,113000.0,297.41,3000.0
1753592045597,04:54:05.597,bitmex,AAVE/USDT:USDT,297.14,1000.0,297.06,1000.0,297.41,3000.0,297.44,727000.0
1753592045696,04:54:05.696,bitmex,AAVE/USDT:USDT,297.14,1000.0,297.06,1000.0,297.28,113000.0,297.41,3000.0
1753592045745,04:54:05.745,bitmex,AAVE/USDT:USDT,297.15,1000.0,297.06,1000.0,297.28,113000.0,297.41,3000.0
1753592045794,04:54:05.794,bitmex,AAVE/USDT:USDT,297.06,1000.0,296.87,3000.0,297.28,113000.0,297.44,727000.0
1753592045843,04:54:05.843,bitmex,AAVE/USDT:USDT,297.06,1000.0,296.98,1000.0,297.28,113000.0,297.44,727000.0
1753592045914,04:54:05.914,bitmex,AAVE/USDT:USDT,297.06,1000.0,296.98,1000.0,297.28,113000.0,297.44,727000.0
1753592045964,04:54:05.964,bitmex,AAVE/USDT:USDT,297.06,1000.0,296.98,1000.0,297.28,113000.0,297.44,727000.0
1753592046013,04:54:06.013,bitmex,AAVE/USDT:USDT,297.06,1000.0,296.98,1000.0,297.28,113000.0,297.44,727000.0
1753592046170,04:54:06.170,bitmex,AAVE/USDT:USDT,297.06,1000.0,296.98,1000.0,297.28,113000.0,297.44,727000.0
1753592046286,04:54:06.286,bitmex,AAVE/USDT:USDT,297.07,1000.0,297.06,1000.0,297.28,113000.0,297.44,727000.0
1753592046335,04:54:06.335,bitmex,AAVE/USDT:USDT,297.17,1000.0,297.16,1000.0,297.28,113000.0,297.44,727000.0
1753592046384,04:54:06.384,bitmex,AAVE/USDT:USDT,297.21,1000.0,296.91,3000.0,297.28,113000.0,297.44,727000.0
1753592046433,04:54:06.433,bitmex,AAVE/USDT:USDT,297.18,1000.0,297.17,1000.0,297.28,113000.0,297.44,727000.0
1753592046482,04:54:06.482,bitmex,AAVE/USDT:USDT,297.2,1000.0,296.91,3000.0,297.28,113000.0,297.44,727000.0
1753592046531,04:54:06.531,bitmex,AAVE/USDT:USDT,297.12,1000.0,296.91,3000.0,297.28,113000.0,297.44,727000.0
1753592046580,04:54:06.580,bitmex,AAVE/USDT:USDT,297.12,1000.0,297.04,1000.0,297.28,113000.0,297.44,727000.0
1753592046702,04:54:06.702,bitmex,AAVE/USDT:USDT,297.12,1000.0,297.04,1000.0,297.28,113000.0,297.44,727000.0
1753592046806,04:54:06.806,bitmex,AAVE/USDT:USDT,297.12,1000.0,297.04,1000.0,297.28,113000.0,297.44,727000.0
1753592046855,04:54:06.855,bitmex,AAVE/USDT:USDT,297.12,1000.0,297.04,1000.0,297.28,113000.0,297.44,727000.0
1753592047091,04:54:07.091,bitmex,AAVE/USDT:USDT,297.12,1000.0,297.04,1000.0,297.28,113000.0,297.44,727000.0
1753592047140,04:54:07.140,bitmex,AAVE/USDT:USDT,297.12,1000.0,297.04,1000.0,297.28,113000.0,297.44,727000.0
1753592047739,04:54:07.739,bitmex,AAVE/USDT:USDT,297.12,1000.0,297.04,1000.0,297.28,113000.0,297.44,727000.0
1753592048121,04:54:08.121,bitmex,AAVE/USDT:USDT,297.12,1000.0,297.04,1000.0,297.28,113000.0,297.44,727000.0
1753592048863,04:54:08.863,bitmex,AAVE/USDT:USDT,297.12,1000.0,297.04,1000.0,297.28,113000.0,297.44,727000.0
1753592048912,04:54:08.912,bitmex,AAVE/USDT:USDT,297.12,1000.0,297.04,1000.0,297.28,113000.0,297.44,727000.0
1753592048961,04:54:08.961,bitmex,AAVE/USDT:USDT,297.12,1000.0,297.04,1000.0,297.28,113000.0,297.44,727000.0
1753592049021,04:54:09.021,bitmex,AAVE/USDT:USDT,297.12,1000.0,297.04,1000.0,297.28,113000.0,297.44,727000.0
1753592049070,04:54:09.070,bitmex,AAVE/USDT:USDT,297.12,1000.0,297.04,1000.0,297.28,113000.0,297.44,727000.0
1753592049540,04:54:09.540,bitmex,AAVE/USDT:USDT,297.12,1000.0,297.04,1000.0,297.28,113000.0,297.44,727000.0
1753592049589,04:54:09.589,bitmex,AAVE/USDT:USDT,297.12,1000.0,297.04,1000.0,297.28,113000.0,297.44,727000.0
1753592049784,04:54:09.784,bitmex,AAVE/USDT:USDT,297.12,1000.0,297.04,1000.0,297.28,113000.0,297.44,727000.0
1753592049834,04:54:09.834,bitmex,AAVE/USDT:USDT,297.12,1000.0,297.04,1000.0,297.28,113000.0,297.44,727000.0
1753592050076,04:54:10.076,bitmex,AAVE/USDT:USDT,297.12,1000.0,297.04,1000.0,297.28,113000.0,297.44,727000.0
1753592050126,04:54:10.126,bitmex,AAVE/USDT:USDT,297.12,1000.0,297.04,1000.0,297.28,113000.0,297.44,727000.0
1753592050188,04:54:10.188,bitmex,AAVE/USDT:USDT,297.12,1000.0,297.04,1000.0,297.28,113000.0,297.44,727000.0
1753592050237,04:54:10.237,bitmex,AAVE/USDT:USDT,297.18,1000.0,297.17,1000.0,297.28,113000.0,297.44,727000.0
1753592050286,04:54:10.286,bitmex,AAVE/USDT:USDT,297.22,1000.0,297.04,1000.0,297.28,113000.0,297.44,727000.0
1753592050335,04:54:10.335,bitmex,AAVE/USDT:USDT,297.22,1000.0,297.15,1000.0,297.28,113000.0,297.44,727000.0
1753592050384,04:54:10.384,bitmex,AAVE/USDT:USDT,297.22,1000.0,297.15,1000.0,297.28,113000.0,297.44,727000.0
1753592050577,04:54:10.577,bitmex,AAVE/USDT:USDT,297.22,1000.0,297.15,1000.0,297.28,113000.0,297.44,727000.0
1753592050626,04:54:10.626,bitmex,AAVE/USDT:USDT,297.22,1000.0,297.15,1000.0,297.28,113000.0,297.44,727000.0
1753592050676,04:54:10.676,bitmex,AAVE/USDT:USDT,297.22,1000.0,297.15,1000.0,297.28,113000.0,297.44,727000.0
1753592050795,04:54:10.795,bitmex,AAVE/USDT:USDT,297.22,1000.0,297.15,1000.0,297.28,113000.0,297.44,727000.0
1753592050982,04:54:10.982,bitmex,AAVE/USDT:USDT,297.22,1000.0,297.15,1000.0,297.28,113000.0,297.44,727000.0
1753592051032,04:54:11.032,bitmex,AAVE/USDT:USDT,297.22,1000.0,297.15,1000.0,297.28,113000.0,297.44,727000.0
1753592051081,04:54:11.081,bitmex,AAVE/USDT:USDT,297.22,1000.0,297.15,1000.0,297.28,113000.0,297.44,727000.0
1753592051143,04:54:11.143,bitmex,AAVE/USDT:USDT,297.22,1000.0,297.15,1000.0,297.28,113000.0,297.44,727000.0
1753592051631,04:54:11.631,bitmex,AAVE/USDT:USDT,297.22,1000.0,297.15,1000.0,297.28,113000.0,297.44,727000.0
1753592051680,04:54:11.680,bitmex,AAVE/USDT:USDT,297.22,1000.0,297.15,1000.0,297.28,113000.0,297.44,727000.0
1753592051876,04:54:11.876,bitmex,AAVE/USDT:USDT,297.22,1000.0,297.15,1000.0,297.28,113000.0,297.44,727000.0
1753592051925,04:54:11.925,bitmex,AAVE/USDT:USDT,297.22,1000.0,297.15,1000.0,297.28,113000.0,297.44,727000.0
1753592052188,04:54:12.188,bitmex,AAVE/USDT:USDT,297.22,1000.0,297.15,1000.0,297.28,113000.0,297.44,727000.0
1753592052237,04:54:12.237,bitmex,AAVE/USDT:USDT,297.22,1000.0,297.15,1000.0,297.28,113000.0,297.44,727000.0
1753592052286,04:54:12.286,bitmex,AAVE/USDT:USDT,297.22,1000.0,297.15,1000.0,297.28,113000.0,297.44,727000.0
1753592052435,04:54:12.435,bitmex,AAVE/USDT:USDT,297.22,1000.0,297.15,1000.0,297.28,113000.0,297.44,727000.0
1753592052485,04:54:12.485,bitmex,AAVE/USDT:USDT,297.22,1000.0,297.15,1000.0,297.28,113000.0,297.44,727000.0
1753592052724,04:54:12.724,bitmex,AAVE/USDT:USDT,297.22,1000.0,297.15,1000.0,297.28,113000.0,297.44,727000.0
1753592052774,04:54:12.774,bitmex,AAVE/USDT:USDT,297.22,1000.0,297.15,1000.0,297.28,113000.0,297.44,727000.0
1753592052880,04:54:12.880,bitmex,AAVE/USDT:USDT,297.22,1000.0,297.15,1000.0,297.28,113000.0,297.44,727000.0
1753592052952,04:54:12.952,bitmex,AAVE/USDT:USDT,297.22,1000.0,297.15,1000.0,297.28,113000.0,297.44,727000.0
1753592053001,04:54:13.001,bitmex,AAVE/USDT:USDT,297.22,1000.0,297.15,1000.0,297.28,113000.0,297.44,727000.0
1753592053148,04:54:13.148,bitmex,AAVE/USDT:USDT,297.23,1000.0,297.22,1000.0,297.28,113000.0,297.44,727000.0
1753592053197,04:54:13.197,bitmex,AAVE/USDT:USDT,297.26,1000.0,297.16,1000.0,297.27,1000.0,297.28,113000.0
1753592053246,04:54:13.246,bitmex,AAVE/USDT:USDT,297.26,1000.0,297.18,1000.0,297.27,1000.0,297.28,113000.0
1753592053317,04:54:13.317,bitmex,AAVE/USDT:USDT,297.26,1000.0,297.18,1000.0,297.27,1000.0,297.28,113000.0
1753592053367,04:54:13.367,bitmex,AAVE/USDT:USDT,297.26,1000.0,297.18,1000.0,297.27,1000.0,297.28,113000.0
1753592053416,04:54:13.416,bitmex,AAVE/USDT:USDT,297.26,1000.0,297.18,1000.0,297.27,1000.0,297.28,113000.0
1753592054486,04:54:14.486,bitmex,AAVE/USDT:USDT,297.26,1000.0,297.18,1000.0,297.27,1000.0,297.28,113000.0
1753592054535,04:54:14.535,bitmex,AAVE/USDT:USDT,297.26,1000.0,297.18,1000.0,297.27,1000.0,297.28,113000.0
1753592054723,04:54:14.723,bitmex,AAVE/USDT:USDT,297.26,1000.0,297.18,1000.0,297.27,1000.0,297.28,113000.0
1753592054772,04:54:14.772,bitmex,AAVE/USDT:USDT,297.26,1000.0,297.18,1000.0,297.27,1000.0,297.28,113000.0
1753592054875,04:54:14.875,bitmex,AAVE/USDT:USDT,297.26,1000.0,297.18,1000.0,297.27,1000.0,297.28,113000.0
1753592054925,04:54:14.925,bitmex,AAVE/USDT:USDT,297.26,1000.0,297.18,1000.0,297.27,1000.0,297.28,113000.0
1753592055229,04:54:15.229,bitmex,AAVE/USDT:USDT,297.26,1000.0,297.18,1000.0,297.27,1000.0,297.28,113000.0
1753592055279,04:54:15.279,bitmex,AAVE/USDT:USDT,297.26,1000.0,297.18,1000.0,297.27,1000.0,297.28,113000.0
1753592055693,04:54:15.693,bitmex,AAVE/USDT:USDT,297.26,1000.0,297.18,1000.0,297.27,1000.0,297.28,113000.0
1753592055745,04:54:15.745,bitmex,AAVE/USDT:USDT,297.26,1000.0,297.18,1000.0,297.27,1000.0,297.28,113000.0
1753592056068,04:54:16.068,bitmex,AAVE/USDT:USDT,297.25,1000.0,297.18,1000.0,297.26,1000.0,297.27,1000.0
1753592056140,04:54:16.140,bitmex,AAVE/USDT:USDT,297.25,1000.0,297.18,1000.0,297.26,1000.0,297.27,1000.0
1753592056189,04:54:16.189,bitmex,AAVE/USDT:USDT,297.25,1000.0,297.18,1000.0,297.26,1000.0,297.27,1000.0
1753592056238,04:54:16.238,bitmex,AAVE/USDT:USDT,297.25,1000.0,297.18,1000.0,297.26,1000.0,297.27,1000.0
1753592056483,04:54:16.483,bitmex,AAVE/USDT:USDT,297.18,1000.0,297.0,3000.0,297.26,1000.0,297.27,1000.0
1753592056533,04:54:16.533,bitmex,AAVE/USDT:USDT,297.18,1000.0,297.1,1000.0,297.26,1000.0,297.27,1000.0
1753592056631,04:54:16.631,bitmex,AAVE/USDT:USDT,297.18,1000.0,297.1,1000.0,297.26,1000.0,297.27,1000.0
1753592056835,04:54:16.835,bitmex,AAVE/USDT:USDT,297.18,1000.0,297.1,1000.0,297.26,1000.0,297.27,1000.0
1753592056886,04:54:16.886,bitmex,AAVE/USDT:USDT,297.18,1000.0,297.1,1000.0,297.26,1000.0,297.27,1000.0
1753592056935,04:54:16.935,bitmex,AAVE/USDT:USDT,297.18,1000.0,297.1,1000.0,297.26,1000.0,297.27,1000.0
1753592057250,04:54:17.250,bitmex,AAVE/USDT:USDT,297.18,1000.0,297.1,1000.0,297.26,1000.0,297.27,1000.0
1753592057306,04:54:17.306,bitmex,AAVE/USDT:USDT,297.18,1000.0,297.1,1000.0,297.27,1000.0,297.28,113000.0
1753592057356,04:54:17.356,bitmex,AAVE/USDT:USDT,297.26,1000.0,297.18,1000.0,297.27,1000.0,297.28,113000.0
1753592057405,04:54:17.405,bitmex,AAVE/USDT:USDT,297.26,1000.0,297.18,1000.0,297.27,1000.0,297.28,113000.0
1753592058039,04:54:18.039,bitmex,AAVE/USDT:USDT,297.26,1000.0,297.18,1000.0,297.27,1000.0,297.28,113000.0
1753592058089,04:54:18.089,bitmex,AAVE/USDT:USDT,297.26,1000.0,297.18,1000.0,297.27,1000.0,297.28,113000.0
1753592059174,04:54:19.174,bitmex,AAVE/USDT:USDT,297.26,1000.0,297.18,1000.0,297.27,1000.0,297.28,113000.0
1753592059224,04:54:19.224,bitmex,AAVE/USDT:USDT,297.26,1000.0,297.18,1000.0,297.27,1000.0,297.28,113000.0
1753592059455,04:54:19.455,bitmex,AAVE/USDT:USDT,297.18,1000.0,297.0,3000.0,297.26,1000.0,297.27,1000.0
1753592059554,04:54:19.554,bitmex,AAVE/USDT:USDT,297.19,1000.0,297.11,1000.0,297.26,1000.0,297.27,1000.0
1753592059632,04:54:19.632,bitmex,AAVE/USDT:USDT,297.19,1000.0,297.11,1000.0,297.26,1000.0,297.27,1000.0
1753592059682,04:54:19.682,bitmex,AAVE/USDT:USDT,297.19,1000.0,297.11,1000.0,297.26,1000.0,297.27,1000.0
1753592060110,04:54:20.110,bitmex,AAVE/USDT:USDT,297.25,1000.0,297.19,1000.0,297.26,1000.0,297.27,1000.0
1753592060159,04:54:20.159,bitmex,AAVE/USDT:USDT,297.25,1000.0,297.19,1000.0,297.26,1000.0,297.27,1000.0
1753592060335,04:54:20.335,bitmex,AAVE/USDT:USDT,297.25,1000.0,297.19,1000.0,297.26,1000.0,297.27,1000.0
1753592060385,04:54:20.385,bitmex,AAVE/USDT:USDT,297.25,1000.0,297.19,1000.0,297.26,1000.0,297.27,1000.0
1753592060441,04:54:20.441,bitmex,AAVE/USDT:USDT,297.19,1000.0,297.0,3000.0,297.26,1000.0,297.27,1000.0
1753592060495,04:54:20.495,bitmex,AAVE/USDT:USDT,297.19,1000.0,297.11,1000.0,297.26,1000.0,297.27,1000.0
1753592060545,04:54:20.545,bitmex,AAVE/USDT:USDT,297.19,1000.0,297.11,1000.0,297.26,1000.0,297.27,1000.0
1753592061255,04:54:21.255,bitmex,AAVE/USDT:USDT,297.19,1000.0,297.11,1000.0,297.27,1000.0,297.28,113000.0
1753592061305,04:54:21.305,bitmex,AAVE/USDT:USDT,297.24,1000.0,297.11,1000.0,297.27,1000.0,297.28,113000.0
1753592061354,04:54:21.354,bitmex,AAVE/USDT:USDT,297.24,1000.0,297.17,1000.0,297.27,1000.0,297.28,113000.0
1753592061403,04:54:21.403,bitmex,AAVE/USDT:USDT,297.24,1000.0,297.17,1000.0,297.27,1000.0,297.28,113000.0
1753592061537,04:54:21.537,bitmex,AAVE/USDT:USDT,297.24,1000.0,297.17,1000.0,297.27,1000.0,297.28,113000.0
1753592061624,04:54:21.624,bitmex,AAVE/USDT:USDT,297.24,1000.0,297.17,1000.0,297.27,1000.0,297.28,113000.0
1753592062605,04:54:22.605,bitmex,AAVE/USDT:USDT,297.24,1000.0,297.17,1000.0,297.27,1000.0,297.28,113000.0
1753592062687,04:54:22.687,bitmex,AAVE/USDT:USDT,297.24,1000.0,297.17,1000.0,297.27,1000.0,297.28,113000.0
1753592062742,04:54:22.742,bitmex,AAVE/USDT:USDT,297.24,1000.0,297.17,1000.0,297.27,1000.0,297.28,113000.0
1753592062811,04:54:22.811,bitmex,AAVE/USDT:USDT,297.24,1000.0,297.17,1000.0,297.27,1000.0,297.28,113000.0
1753592063012,04:54:23.012,bitmex,AAVE/USDT:USDT,297.24,1000.0,297.17,1000.0,297.27,1000.0,297.28,113000.0
1753592063234,04:54:23.234,bitmex,AAVE/USDT:USDT,297.24,1000.0,297.17,1000.0,297.27,1000.0,297.28,113000.0
1753592063283,04:54:23.283,bitmex,AAVE/USDT:USDT,297.24,1000.0,297.17,1000.0,297.27,1000.0,297.28,113000.0
1753592063332,04:54:23.332,bitmex,AAVE/USDT:USDT,297.24,1000.0,297.17,1000.0,297.27,1000.0,297.28,113000.0
1753592063515,04:54:23.515,bitmex,AAVE/USDT:USDT,297.24,1000.0,297.17,1000.0,297.27,1000.0,297.28,113000.0
1753592063565,04:54:23.565,bitmex,AAVE/USDT:USDT,297.24,1000.0,297.17,1000.0,297.27,1000.0,297.28,113000.0
1753592063729,04:54:23.729,bitmex,AAVE/USDT:USDT,297.24,1000.0,297.17,1000.0,297.27,1000.0,297.28,113000.0
1753592063788,04:54:23.788,bitmex,AAVE/USDT:USDT,297.24,1000.0,297.17,1000.0,297.27,1000.0,297.28,113000.0
1753592063863,04:54:23.863,bitmex,AAVE/USDT:USDT,297.24,1000.0,297.17,1000.0,297.27,1000.0,297.28,113000.0
1753592063912,04:54:23.912,bitmex,AAVE/USDT:USDT,297.24,1000.0,297.17,1000.0,297.27,1000.0,297.28,113000.0
1753592064061,04:54:24.061,bitmex,AAVE/USDT:USDT,297.26,1000.0,297.24,1000.0,297.27,1000.0,297.28,113000.0
1753592064110,04:54:24.110,bitmex,AAVE/USDT:USDT,297.26,1000.0,297.18,1000.0,297.27,1000.0,297.28,113000.0
1753592064206,04:54:24.206,bitmex,AAVE/USDT:USDT,297.26,1000.0,297.18,1000.0,297.27,1000.0,297.28,113000.0
1753592064475,04:54:24.475,bitmex,AAVE/USDT:USDT,297.26,1000.0,297.18,1000.0,297.27,1000.0,297.28,113000.0
1753592064525,04:54:24.525,bitmex,AAVE/USDT:USDT,297.26,1000.0,297.18,1000.0,297.27,1000.0,297.28,113000.0
1753592065026,04:54:25.026,bitmex,AAVE/USDT:USDT,297.26,1000.0,297.18,1000.0,297.27,1000.0,297.28,113000.0
1753592065080,04:54:25.080,bitmex,AAVE/USDT:USDT,297.26,1000.0,297.18,1000.0,297.27,1000.0,297.28,113000.0
1753592065130,04:54:25.130,bitmex,AAVE/USDT:USDT,297.26,1000.0,297.18,1000.0,297.27,1000.0,297.28,113000.0
1753592065185,04:54:25.185,bitmex,AAVE/USDT:USDT,297.26,1000.0,297.18,1000.0,297.27,1000.0,297.28,113000.0
1753592065273,04:54:25.273,bitmex,AAVE/USDT:USDT,297.26,1000.0,297.18,1000.0,297.27,1000.0,297.28,113000.0
1753592065323,04:54:25.323,bitmex,AAVE/USDT:USDT,297.26,1000.0,297.18,1000.0,297.27,1000.0,297.28,113000.0
1753592065611,04:54:25.611,bitmex,AAVE/USDT:USDT,297.26,1000.0,297.18,1000.0,297.27,1000.0,297.28,113000.0
1753592066144,04:54:26.144,bitmex,AAVE/USDT:USDT,297.26,1000.0,297.18,1000.0,297.27,1000.0,297.28,113000.0
1753592066204,04:54:26.204,bitmex,AAVE/USDT:USDT,297.26,1000.0,297.18,1000.0,297.27,1000.0,297.28,113000.0
1753592066253,04:54:26.253,bitmex,AAVE/USDT:USDT,297.26,1000.0,297.18,1000.0,297.27,1000.0,297.28,113000.0
1753592066399,04:54:26.399,bitmex,AAVE/USDT:USDT,297.26,1000.0,297.18,1000.0,297.28,113000.0,297.44,727000.0
1753592066450,04:54:26.450,bitmex,AAVE/USDT:USDT,297.27,1000.0,297.19,1000.0,297.28,113000.0,297.44,727000.0
1753592066500,04:54:26.500,bitmex,AAVE/USDT:USDT,297.27,1000.0,297.19,1000.0,297.28,113000.0,297.44,727000.0
1753592066549,04:54:26.549,bitmex,AAVE/USDT:USDT,297.27,1000.0,297.19,1000.0,297.28,113000.0,297.44,727000.0
1753592066660,04:54:26.660,bitmex,AAVE/USDT:USDT,297.27,1000.0,297.19,1000.0,297.28,113000.0,297.44,727000.0
1753592066710,04:54:26.710,bitmex,AAVE/USDT:USDT,297.27,1000.0,297.19,1000.0,297.28,113000.0,297.44,727000.0
1753592066759,04:54:26.759,bitmex,AAVE/USDT:USDT,297.27,1000.0,297.19,1000.0,297.28,113000.0,297.44,727000.0
1753592067544,04:54:27.544,bitmex,AAVE/USDT:USDT,297.27,1000.0,297.19,1000.0,297.28,113000.0,297.44,727000.0
1753592067594,04:54:27.594,bitmex,AAVE/USDT:USDT,297.27,1000.0,297.19,1000.0,297.28,113000.0,297.44,727000.0
1753592067657,04:54:27.657,bitmex,AAVE/USDT:USDT,297.27,1000.0,297.19,1000.0,297.28,113000.0,297.44,727000.0
1753592068165,04:54:28.165,bitmex,AAVE/USDT:USDT,297.19,1000.0,297.0,3000.0,297.28,113000.0,297.44,727000.0
1753592068214,04:54:28.214,bitmex,AAVE/USDT:USDT,297.19,1000.0,297.11,1000.0,297.28,113000.0,297.44,727000.0
1753592068263,04:54:28.263,bitmex,AAVE/USDT:USDT,297.19,1000.0,297.11,1000.0,297.28,113000.0,297.44,727000.0
1753592068312,04:54:28.312,bitmex,AAVE/USDT:USDT,297.21,1000.0,297.11,1000.0,297.28,113000.0,297.44,727000.0
1753592068361,04:54:28.361,bitmex,AAVE/USDT:USDT,297.23,1000.0,297.11,1000.0,297.28,113000.0,297.44,727000.0
1753592068410,04:54:28.410,bitmex,AAVE/USDT:USDT,297.23,1000.0,297.16,1000.0,297.28,113000.0,297.44,727000.0
1753592068479,04:54:28.479,bitmex,AAVE/USDT:USDT,297.23,1000.0,297.16,1000.0,297.28,113000.0,297.44,727000.0
1753592068537,04:54:28.537,bitmex,AAVE/USDT:USDT,297.23,1000.0,297.16,1000.0,297.28,113000.0,297.44,727000.0
1753592068587,04:54:28.587,bitmex,AAVE/USDT:USDT,297.23,1000.0,297.16,1000.0,297.28,113000.0,297.44,727000.0
1753592068636,04:54:28.636,bitmex,AAVE/USDT:USDT,297.23,1000.0,297.16,1000.0,297.28,113000.0,297.44,727000.0
1753592068967,04:54:28.967,bitmex,AAVE/USDT:USDT,297.23,1000.0,297.16,1000.0,297.28,113000.0,297.44,727000.0
1753592069016,04:54:29.016,bitmex,AAVE/USDT:USDT,297.23,1000.0,297.16,1000.0,297.28,113000.0,297.44,727000.0
1753592069275,04:54:29.275,bitmex,AAVE/USDT:USDT,297.23,1000.0,297.16,1000.0,297.28,113000.0,297.44,727000.0
1753592069325,04:54:29.325,bitmex,AAVE/USDT:USDT,297.23,1000.0,297.16,1000.0,297.28,113000.0,297.44,727000.0
1753592069714,04:54:29.714,bitmex,AAVE/USDT:USDT,297.23,1000.0,297.16,1000.0,297.28,113000.0,297.44,727000.0
1753592069764,04:54:29.764,bitmex,AAVE/USDT:USDT,297.25,1000.0,297.17,1000.0,297.28,113000.0,297.44,727000.0
1753592069813,04:54:29.813,bitmex,AAVE/USDT:USDT,297.25,1000.0,297.17,1000.0,297.28,113000.0,297.44,727000.0
1753592070290,04:54:30.290,bitmex,AAVE/USDT:USDT,297.17,1000.0,296.98,3000.0,297.28,113000.0,297.44,727000.0
1753592070339,04:54:30.339,bitmex,AAVE/USDT:USDT,297.17,1000.0,297.1,1000.0,297.28,113000.0,297.44,727000.0
1753592070683,04:54:30.683,bitmex,AAVE/USDT:USDT,297.17,1000.0,297.1,1000.0,297.28,113000.0,297.44,727000.0
1753592070792,04:54:30.792,bitmex,AAVE/USDT:USDT,297.17,1000.0,297.1,1000.0,297.28,113000.0,297.44,727000.0
1753592070880,04:54:30.880,bitmex,AAVE/USDT:USDT,297.17,1000.0,297.1,1000.0,297.28,113000.0,297.44,727000.0
1753592070932,04:54:30.932,bitmex,AAVE/USDT:USDT,297.17,1000.0,297.1,1000.0,297.28,113000.0,297.44,727000.0
1753592071342,04:54:31.342,bitmex,AAVE/USDT:USDT,297.17,1000.0,297.1,1000.0,297.28,113000.0,297.44,727000.0
1753592071391,04:54:31.391,bitmex,AAVE/USDT:USDT,297.17,1000.0,297.1,1000.0,297.28,113000.0,297.44,727000.0
1753592071924,04:54:31.924,bitmex,AAVE/USDT:USDT,297.17,1000.0,297.1,1000.0,297.28,113000.0,297.44,727000.0
1753592072059,04:54:32.059,bitmex,AAVE/USDT:USDT,297.17,1000.0,297.1,1000.0,297.28,113000.0,297.44,727000.0
1753592072109,04:54:32.109,bitmex,AAVE/USDT:USDT,297.17,1000.0,297.1,1000.0,297.28,113000.0,297.44,727000.0
1753592073166,04:54:33.166,bitmex,AAVE/USDT:USDT,297.17,1000.0,297.1,1000.0,297.28,113000.0,297.44,727000.0
1753592073215,04:54:33.215,bitmex,AAVE/USDT:USDT,297.17,1000.0,297.1,1000.0,297.28,113000.0,297.44,727000.0
1753592073277,04:54:33.277,bitmex,AAVE/USDT:USDT,297.17,1000.0,297.1,1000.0,297.28,113000.0,297.44,727000.0
1753592073326,04:54:33.326,bitmex,AAVE/USDT:USDT,297.17,1000.0,297.1,1000.0,297.28,113000.0,297.44,727000.0
1753592073375,04:54:33.375,bitmex,AAVE/USDT:USDT,297.17,1000.0,297.1,1000.0,297.28,113000.0,297.44,727000.0
1753592073424,04:54:33.424,bitmex,AAVE/USDT:USDT,297.17,1000.0,297.1,1000.0,297.28,113000.0,297.44,727000.0
1753592073756,04:54:33.756,bitmex,AAVE/USDT:USDT,297.17,1000.0,297.1,1000.0,297.28,113000.0,297.44,727000.0
1753592074076,04:54:34.076,bitmex,AAVE/USDT:USDT,297.17,1000.0,297.1,1000.0,297.28,113000.0,297.44,727000.0
1753592074125,04:54:34.125,bitmex,AAVE/USDT:USDT,297.17,1000.0,297.1,1000.0,297.28,113000.0,297.44,727000.0
1753592074406,04:54:34.406,bitmex,AAVE/USDT:USDT,297.17,1000.0,297.1,1000.0,297.28,113000.0,297.44,727000.0
1753592074456,04:54:34.456,bitmex,AAVE/USDT:USDT,297.17,1000.0,297.1,1000.0,297.28,113000.0,297.44,727000.0
1753592074644,04:54:34.644,bitmex,AAVE/USDT:USDT,297.17,1000.0,297.1,1000.0,297.28,113000.0,297.44,727000.0
1753592074694,04:54:34.694,bitmex,AAVE/USDT:USDT,297.17,1000.0,297.1,1000.0,297.28,113000.0,297.44,727000.0
1753592074999,04:54:34.999,bitmex,AAVE/USDT:USDT,297.17,1000.0,297.1,1000.0,297.28,113000.0,297.44,727000.0
1753592075048,04:54:35.048,bitmex,AAVE/USDT:USDT,297.17,1000.0,297.1,1000.0,297.28,113000.0,297.44,727000.0
1753592075577,04:54:35.577,bitmex,AAVE/USDT:USDT,297.17,1000.0,297.1,1000.0,297.28,113000.0,297.44,727000.0
1753592075626,04:54:35.626,bitmex,AAVE/USDT:USDT,297.17,1000.0,297.1,1000.0,297.28,113000.0,297.44,727000.0
1753592075870,04:54:35.870,bitmex,AAVE/USDT:USDT,297.17,1000.0,297.1,1000.0,297.28,113000.0,297.44,727000.0
1753592076672,04:54:36.672,bitmex,AAVE/USDT:USDT,297.17,1000.0,297.1,1000.0,297.28,113000.0,297.44,727000.0
1753592076724,04:54:36.724,bitmex,AAVE/USDT:USDT,297.1,1000.0,297.03,1000.0,297.28,113000.0,297.44,727000.0
1753592076775,04:54:36.775,bitmex,AAVE/USDT:USDT,297.1,1000.0,297.03,1000.0,297.28,113000.0,297.44,727000.0
1753592076824,04:54:36.824,bitmex,AAVE/USDT:USDT,297.1,1000.0,297.03,1000.0,297.28,113000.0,297.44,727000.0
1753592076874,04:54:36.874,bitmex,AAVE/USDT:USDT,297.1,1000.0,297.03,1000.0,297.28,113000.0,297.44,727000.0
1753592076924,04:54:36.924,bitmex,AAVE/USDT:USDT,297.1,1000.0,297.03,1000.0,297.28,113000.0,297.44,727000.0
1753592076974,04:54:36.974,bitmex,AAVE/USDT:USDT,297.1,1000.0,297.03,1000.0,297.28,113000.0,297.44,727000.0
1753592077040,04:54:37.040,bitmex,AAVE/USDT:USDT,297.1,1000.0,297.03,1000.0,297.28,113000.0,297.44,727000.0
1753592077089,04:54:37.089,bitmex,AAVE/USDT:USDT,297.1,1000.0,297.03,1000.0,297.28,113000.0,297.44,727000.0
1753592077138,04:54:37.138,bitmex,AAVE/USDT:USDT,297.1,1000.0,297.03,1000.0,297.28,113000.0,297.44,727000.0
1753592077187,04:54:37.187,bitmex,AAVE/USDT:USDT,297.1,1000.0,297.03,1000.0,297.28,113000.0,297.44,727000.0
1753592077236,04:54:37.236,bitmex,AAVE/USDT:USDT,297.1,1000.0,297.03,1000.0,297.28,113000.0,297.44,727000.0
1753592077285,04:54:37.285,bitmex,AAVE/USDT:USDT,297.1,1000.0,297.03,1000.0,297.28,113000.0,297.44,727000.0
1753592077334,04:54:37.334,bitmex,AAVE/USDT:USDT,297.1,1000.0,297.03,1000.0,297.28,113000.0,297.44,727000.0
1753592077383,04:54:37.383,bitmex,AAVE/USDT:USDT,297.1,1000.0,297.03,1000.0,297.28,113000.0,297.44,727000.0
1753592077432,04:54:37.432,bitmex,AAVE/USDT:USDT,297.1,1000.0,297.03,1000.0,297.28,113000.0,297.44,727000.0
1753592077522,04:54:37.522,bitmex,AAVE/USDT:USDT,297.1,1000.0,297.03,1000.0,297.28,113000.0,297.44,727000.0
1753592077572,04:54:37.572,bitmex,AAVE/USDT:USDT,297.1,1000.0,297.03,1000.0,297.28,113000.0,297.44,727000.0
1753592077680,04:54:37.680,bitmex,AAVE/USDT:USDT,297.1,1000.0,297.03,1000.0,297.28,113000.0,297.44,727000.0
1753592077874,04:54:37.874,bitmex,AAVE/USDT:USDT,297.1,1000.0,297.03,1000.0,297.28,113000.0,297.44,727000.0
1753592077924,04:54:37.924,bitmex,AAVE/USDT:USDT,297.1,1000.0,297.03,1000.0,297.28,113000.0,297.44,727000.0
1753592077973,04:54:37.973,bitmex,AAVE/USDT:USDT,297.1,1000.0,297.03,1000.0,297.28,113000.0,297.44,727000.0
1753592078022,04:54:38.022,bitmex,AAVE/USDT:USDT,297.1,1000.0,297.03,1000.0,297.28,113000.0,297.44,727000.0
1753592078214,04:54:38.214,bitmex,AAVE/USDT:USDT,297.1,1000.0,297.03,1000.0,297.28,113000.0,297.44,727000.0
1753592078778,04:54:38.778,bitmex,AAVE/USDT:USDT,297.11,1000.0,297.1,1000.0,297.28,113000.0,297.44,727000.0
1753592078828,04:54:38.828,bitmex,AAVE/USDT:USDT,297.16,1000.0,297.03,1000.0,297.28,113000.0,297.44,727000.0
1753592078926,04:54:38.926,bitmex,AAVE/USDT:USDT,297.09,1000.0,296.92,3000.0,297.28,113000.0,297.44,727000.0
1753592078976,04:54:38.976,bitmex,AAVE/USDT:USDT,297.09,1000.0,297.01,1000.0,297.28,113000.0,297.44,727000.0
1753592079135,04:54:39.135,bitmex,AAVE/USDT:USDT,297.09,1000.0,297.01,1000.0,297.28,113000.0,297.44,727000.0
1753592079184,04:54:39.184,bitmex,AAVE/USDT:USDT,297.09,1000.0,297.01,1000.0,297.28,113000.0,297.44,727000.0
1753592079233,04:54:39.233,bitmex,AAVE/USDT:USDT,297.09,1000.0,297.01,1000.0,297.28,113000.0,297.44,727000.0
1753592080400,04:54:40.400,bitmex,AAVE/USDT:USDT,297.1,1000.0,297.09,1000.0,297.28,113000.0,297.44,727000.0
1753592080449,04:54:40.449,bitmex,AAVE/USDT:USDT,297.13,1000.0,297.01,1000.0,297.28,113000.0,297.44,727000.0
1753592080498,04:54:40.498,bitmex,AAVE/USDT:USDT,297.13,1000.0,297.05,1000.0,297.28,113000.0,297.44,727000.0
1753592080579,04:54:40.579,bitmex,AAVE/USDT:USDT,297.13,1000.0,297.05,1000.0,297.28,113000.0,297.44,727000.0
1753592080650,04:54:40.650,bitmex,AAVE/USDT:USDT,297.13,1000.0,297.05,1000.0,297.28,113000.0,297.44,727000.0
1753592080699,04:54:40.699,bitmex,AAVE/USDT:USDT,297.05,1000.0,296.98,1000.0,297.28,113000.0,297.44,727000.0
1753592080749,04:54:40.749,bitmex,AAVE/USDT:USDT,297.05,1000.0,296.98,1000.0,297.28,113000.0,297.44,727000.0
1753592081465,04:54:41.465,bitmex,AAVE/USDT:USDT,297.05,1000.0,296.98,1000.0,297.28,113000.0,297.44,727000.0
1753592081514,04:54:41.514,bitmex,AAVE/USDT:USDT,297.05,1000.0,296.98,1000.0,297.28,113000.0,297.44,727000.0
1753592081906,04:54:41.906,bitmex,AAVE/USDT:USDT,297.05,1000.0,296.98,1000.0,297.28,113000.0,297.42,3000.0
1753592081955,04:54:41.955,bitmex,AAVE/USDT:USDT,297.05,1000.0,296.98,1000.0,297.28,113000.0,297.42,3000.0
1753592082006,04:54:42.006,bitmex,AAVE/USDT:USDT,297.05,1000.0,296.98,1000.0,297.28,113000.0,297.42,3000.0
1753592082056,04:54:42.056,bitmex,AAVE/USDT:USDT,297.05,1000.0,296.98,1000.0,297.28,113000.0,297.42,3000.0
1753592082105,04:54:42.105,bitmex,AAVE/USDT:USDT,297.05,1000.0,296.98,1000.0,297.28,113000.0,297.42,3000.0
