timestamp,time,exchange,symbol,bid1_price,bid1_volume,bid2_price,bid2_volume,ask1_price,ask1_volume,ask2_price,ask2_volume
1753591853075,04:50:53.075,blofin,AAVE/USDT:USDT,296.27,2.0,296.26,465.0,296.29,3.0,296.3,7.0
1753591853565,04:50:53.565,blofin,AAVE/USDT:USDT,296.28,2.0,296.26,473.0,296.3,11.0,296.32,143.0
1753591854087,04:50:54.087,blofin,AAVE/USDT:USDT,296.28,5.0,296.26,473.0,296.3,14.0,296.32,143.0
1753591855077,04:50:55.077,blofin,AAVE/USDT:USDT,296.28,150.0,296.27,37.0,296.3,6.0,296.31,9.0
1753591855472,04:50:55.472,blofin,AAVE/USDT:USDT,296.28,150.0,296.27,37.0,296.3,3.0,296.31,13.0
1753591856165,04:50:56.165,blofin,AAVE/USDT:USDT,296.31,10.0,296.29,92.0,296.34,14.0,296.35,358.0
1753591857077,04:50:57.077,blofin,AAVE/USDT:USDT,296.31,17.0,296.29,416.0,296.33,29.0,296.34,31.0
1753591857742,04:50:57.742,blofin,AAVE/USDT:USDT,296.32,17.0,296.31,756.0,296.35,72.0,296.36,42.0
1753591858078,04:50:58.078,blofin,AAVE/USDT:USDT,296.32,190.0,296.31,500.0,296.35,29.0,296.36,42.0
1753591859079,04:50:59.079,blofin,AAVE/USDT:USDT,296.32,194.0,296.31,495.0,296.35,31.0,296.38,275.0
1753591859478,04:50:59.478,blofin,AAVE/USDT:USDT,296.32,37.0,296.3,519.0,296.34,10.0,296.35,882.0
1753591861083,04:51:01.083,blofin,AAVE/USDT:USDT,296.32,10.0,296.3,93.0,296.34,34.0,296.36,846.0
1753591861478,04:51:01.478,blofin,AAVE/USDT:USDT,296.32,10.0,296.3,93.0,296.34,30.0,296.36,846.0
1753591960631,04:52:40.631,blofin,AAVE/USDT:USDT,296.51,291.0,296.49,257.0,296.34,30.0,296.36,846.0
1753591961633,04:52:41.633,blofin,AAVE/USDT:USDT,296.51,159.0,296.48,298.0,296.34,30.0,296.36,846.0
1753591962132,04:52:42.132,blofin,AAVE/USDT:USDT,296.51,159.0,296.48,298.0,296.34,30.0,296.36,846.0
1753591962634,04:52:42.634,blofin,AAVE/USDT:USDT,296.51,129.0,296.48,333.0,296.34,30.0,296.36,846.0
1753591963136,04:52:43.136,blofin,AAVE/USDT:USDT,296.51,129.0,296.48,333.0,296.34,30.0,296.36,846.0
1753591963635,04:52:43.635,blofin,AAVE/USDT:USDT,296.51,192.0,296.49,537.0,296.34,30.0,296.36,846.0
1753591964637,04:52:44.637,blofin,AAVE/USDT:USDT,296.51,301.0,296.48,621.0,296.34,30.0,296.36,846.0
1753591965639,04:52:45.639,blofin,AAVE/USDT:USDT,296.51,286.0,296.48,267.0,296.34,30.0,296.36,846.0
1753591966642,04:52:46.642,blofin,AAVE/USDT:USDT,296.54,165.0,296.53,257.0,296.34,30.0,296.36,846.0
1753591967142,04:52:47.142,blofin,AAVE/USDT:USDT,296.54,165.0,296.53,257.0,296.34,30.0,296.36,846.0
1753591967643,04:52:47.643,blofin,AAVE/USDT:USDT,296.6,239.0,296.58,58.0,296.34,30.0,296.36,846.0
1753591968144,04:52:48.144,blofin,AAVE/USDT:USDT,296.6,239.0,296.58,58.0,296.34,30.0,296.36,846.0
1753591968644,04:52:48.644,blofin,AAVE/USDT:USDT,296.6,156.0,296.57,111.0,296.34,30.0,296.36,846.0
1753591969147,04:52:49.147,blofin,AAVE/USDT:USDT,296.6,156.0,296.57,111.0,296.34,30.0,296.36,846.0
1753592056234,04:54:16.234,blofin,AAVE/USDT:USDT,296.82,43.0,296.79,247.0,296.34,30.0,296.36,846.0
1753592056761,04:54:16.761,blofin,AAVE/USDT:USDT,296.82,45.0,296.79,247.0,296.34,30.0,296.36,846.0
1753592057763,04:54:17.763,blofin,AAVE/USDT:USDT,296.82,201.0,296.79,1353.0,296.34,30.0,296.36,846.0
1753592058236,04:54:18.236,blofin,AAVE/USDT:USDT,296.82,215.0,296.8,467.0,296.34,30.0,296.36,846.0
1753592059237,04:54:19.237,blofin,AAVE/USDT:USDT,296.82,216.0,296.8,467.0,296.34,30.0,296.36,846.0
1753592060239,04:54:20.239,blofin,AAVE/USDT:USDT,296.82,218.0,296.8,241.0,296.34,30.0,296.36,846.0
1753592060765,04:54:20.765,blofin,AAVE/USDT:USDT,296.82,218.0,296.8,241.0,296.34,30.0,296.36,846.0
1753592061238,04:54:21.238,blofin,AAVE/USDT:USDT,296.82,4.0,296.81,43.0,296.34,30.0,296.36,846.0
1753592061767,04:54:21.767,blofin,AAVE/USDT:USDT,296.82,4.0,296.81,43.0,296.34,30.0,296.36,846.0
1753592062768,04:54:22.768,blofin,AAVE/USDT:USDT,296.82,215.0,296.79,185.0,296.34,30.0,296.36,846.0
1753592063241,04:54:23.241,blofin,AAVE/USDT:USDT,296.82,38.0,296.8,561.0,296.34,30.0,296.36,846.0
1753592063770,04:54:23.770,blofin,AAVE/USDT:USDT,296.82,35.0,296.8,561.0,296.34,30.0,296.36,846.0
1753592064258,04:54:24.258,blofin,AAVE/USDT:USDT,296.82,37.0,296.8,561.0,296.34,30.0,296.36,846.0
1753592065240,04:54:25.240,blofin,AAVE/USDT:USDT,296.82,199.0,296.79,657.0,296.34,30.0,296.36,846.0
1753592151401,04:55:51.401,blofin,AAVE/USDT:USDT,296.82,199.0,296.79,657.0,296.34,30.0,296.36,846.0
1753592151902,04:55:51.902,blofin,AAVE/USDT:USDT,296.82,199.0,296.79,657.0,296.34,30.0,296.36,846.0
1753592152403,04:55:52.403,blofin,AAVE/USDT:USDT,296.82,199.0,296.79,657.0,296.34,30.0,296.36,846.0
1753592153420,04:55:53.420,blofin,AAVE/USDT:USDT,296.82,199.0,296.79,657.0,296.34,30.0,296.36,846.0
1753592153906,04:55:53.906,blofin,AAVE/USDT:USDT,296.82,199.0,296.79,657.0,296.34,30.0,296.36,846.0
1753592154404,04:55:54.404,blofin,AAVE/USDT:USDT,296.82,199.0,296.79,657.0,296.34,30.0,296.36,846.0
1753592154905,04:55:54.905,blofin,AAVE/USDT:USDT,296.82,199.0,296.79,657.0,296.34,30.0,296.36,846.0
1753592155409,04:55:55.409,blofin,AAVE/USDT:USDT,296.82,199.0,296.79,657.0,296.34,30.0,296.36,846.0
1753592155906,04:55:55.906,blofin,AAVE/USDT:USDT,296.82,199.0,296.79,657.0,296.34,30.0,296.36,846.0
1753592156658,04:55:56.658,blofin,AAVE/USDT:USDT,296.82,199.0,296.79,657.0,296.34,30.0,296.36,846.0
1753592157408,04:55:57.408,blofin,AAVE/USDT:USDT,296.82,199.0,296.79,657.0,296.34,30.0,296.36,846.0
1753592157980,04:55:57.980,blofin,AAVE/USDT:USDT,296.82,199.0,296.79,657.0,296.34,30.0,296.36,846.0
1753592158411,04:55:58.411,blofin,AAVE/USDT:USDT,296.82,199.0,296.79,657.0,296.34,30.0,296.36,846.0
1753592159313,04:55:59.313,blofin,AAVE/USDT:USDT,296.82,199.0,296.79,657.0,296.34,30.0,296.36,846.0
1753592159914,04:55:59.914,blofin,AAVE/USDT:USDT,296.82,199.0,296.79,657.0,296.34,30.0,296.36,846.0
1753592160415,04:56:00.415,blofin,AAVE/USDT:USDT,296.82,199.0,296.79,657.0,296.34,30.0,296.36,846.0
1753592246647,04:57:26.647,blofin,AAVE/USDT:USDT,296.82,199.0,296.79,657.0,296.34,30.0,296.36,846.0
1753592247379,04:57:27.379,blofin,AAVE/USDT:USDT,296.82,199.0,296.79,657.0,296.34,30.0,296.36,846.0
1753592247689,04:57:27.689,blofin,AAVE/USDT:USDT,296.82,199.0,296.79,657.0,296.34,30.0,296.36,846.0
1753592248046,04:57:28.046,blofin,AAVE/USDT:USDT,296.82,199.0,296.79,657.0,296.34,30.0,296.36,846.0
1753592248543,04:57:28.543,blofin,AAVE/USDT:USDT,296.82,199.0,296.79,657.0,296.34,30.0,296.36,846.0
1753592249545,04:57:29.545,blofin,AAVE/USDT:USDT,296.82,199.0,296.79,657.0,296.34,30.0,296.36,846.0
1753592250546,04:57:30.546,blofin,AAVE/USDT:USDT,296.82,199.0,296.79,657.0,296.34,30.0,296.36,846.0
1753592251381,04:57:31.381,blofin,AAVE/USDT:USDT,296.82,199.0,296.79,657.0,296.34,30.0,296.36,846.0
1753592251546,04:57:31.546,blofin,AAVE/USDT:USDT,296.82,199.0,296.79,657.0,296.34,30.0,296.36,846.0
1753592252548,04:57:32.548,blofin,AAVE/USDT:USDT,296.82,199.0,296.79,657.0,296.34,30.0,296.36,846.0
1753592253057,04:57:33.057,blofin,AAVE/USDT:USDT,296.82,199.0,296.79,657.0,296.34,30.0,296.36,846.0
1753592253551,04:57:33.551,blofin,AAVE/USDT:USDT,296.82,199.0,296.79,657.0,296.34,30.0,296.36,846.0
1753592254365,04:57:34.365,blofin,AAVE/USDT:USDT,296.82,199.0,296.79,657.0,296.34,30.0,296.36,846.0
1753592255054,04:57:35.054,blofin,AAVE/USDT:USDT,296.82,199.0,296.79,657.0,296.34,30.0,296.36,846.0
1753592255553,04:57:35.553,blofin,AAVE/USDT:USDT,296.82,199.0,296.79,657.0,296.34,30.0,296.36,846.0
1753592256259,04:57:36.259,blofin,AAVE/USDT:USDT,296.82,199.0,296.79,657.0,296.34,30.0,296.36,846.0
1753592257055,04:57:37.055,blofin,AAVE/USDT:USDT,296.82,199.0,296.79,657.0,296.34,30.0,296.36,846.0
1753592257556,04:57:37.556,blofin,AAVE/USDT:USDT,296.82,199.0,296.79,657.0,296.34,30.0,296.36,846.0
1753592367239,04:59:27.239,blofin,AAVE/USDT:USDT,296.82,199.0,296.79,657.0,296.34,30.0,296.36,846.0
1753592367738,04:59:27.738,blofin,AAVE/USDT:USDT,296.82,199.0,296.79,657.0,296.34,30.0,296.36,846.0
1753592368465,04:59:28.465,blofin,AAVE/USDT:USDT,296.82,199.0,296.79,657.0,296.34,30.0,296.36,846.0
1753592368741,04:59:28.741,blofin,AAVE/USDT:USDT,296.82,199.0,296.79,657.0,296.34,30.0,296.36,846.0
1753592369466,04:59:29.466,blofin,AAVE/USDT:USDT,296.82,199.0,296.79,657.0,296.34,30.0,296.36,846.0
1753592369741,04:59:29.741,blofin,AAVE/USDT:USDT,296.82,199.0,296.79,657.0,296.34,30.0,296.36,846.0
1753592370741,04:59:30.741,blofin,AAVE/USDT:USDT,296.82,199.0,296.79,657.0,296.34,30.0,296.36,846.0
1753592371242,04:59:31.242,blofin,AAVE/USDT:USDT,296.82,199.0,296.79,657.0,296.34,30.0,296.36,846.0
1753592372467,04:59:32.467,blofin,AAVE/USDT:USDT,296.82,199.0,296.79,657.0,296.34,30.0,296.36,846.0
1753592373245,04:59:33.245,blofin,AAVE/USDT:USDT,296.82,199.0,296.79,657.0,296.34,30.0,296.36,846.0
1753592373744,04:59:33.744,blofin,AAVE/USDT:USDT,296.82,199.0,296.79,657.0,296.34,30.0,296.36,846.0
1753592374470,04:59:34.470,blofin,AAVE/USDT:USDT,296.82,199.0,296.79,657.0,296.34,30.0,296.36,846.0
1753592374746,04:59:34.746,blofin,AAVE/USDT:USDT,296.82,199.0,296.79,657.0,296.34,30.0,296.36,846.0
1753592375470,04:59:35.470,blofin,AAVE/USDT:USDT,296.82,199.0,296.79,657.0,296.34,30.0,296.36,846.0
1753592376247,04:59:36.247,blofin,AAVE/USDT:USDT,296.82,199.0,296.79,657.0,296.34,30.0,296.36,846.0
1753592376747,04:59:36.747,blofin,AAVE/USDT:USDT,296.82,199.0,296.79,657.0,296.34,30.0,296.36,846.0
1753592377471,04:59:37.471,blofin,AAVE/USDT:USDT,296.82,199.0,296.79,657.0,296.34,30.0,296.36,846.0
1753592377750,04:59:37.750,blofin,AAVE/USDT:USDT,296.82,199.0,296.79,657.0,296.34,30.0,296.36,846.0
1753592378750,04:59:38.750,blofin,AAVE/USDT:USDT,296.82,199.0,296.79,657.0,296.34,30.0,296.36,846.0
1753592483550,05:01:23.550,blofin,AAVE/USDT:USDT,296.88,44.0,296.86,196.0,296.34,30.0,296.36,846.0
1753592484402,05:01:24.402,blofin,AAVE/USDT:USDT,296.88,45.0,296.86,196.0,296.34,30.0,296.36,846.0
1753592484902,05:01:24.902,blofin,AAVE/USDT:USDT,296.88,76.0,296.85,1080.0,296.34,30.0,296.36,846.0
1753592485551,05:01:25.551,blofin,AAVE/USDT:USDT,296.88,69.0,296.87,921.0,296.34,30.0,296.36,846.0
1753592485904,05:01:25.904,blofin,AAVE/USDT:USDT,296.88,71.0,296.87,921.0,296.34,30.0,296.36,846.0
1753592486904,05:01:26.904,blofin,AAVE/USDT:USDT,296.86,68.0,296.83,127.0,296.34,30.0,296.36,846.0
1753592487530,05:01:27.530,blofin,AAVE/USDT:USDT,296.9,81.0,296.87,975.0,296.34,30.0,296.36,846.0
1753592487906,05:01:27.906,blofin,AAVE/USDT:USDT,296.91,70.0,296.89,1188.0,296.34,30.0,296.36,846.0
1753592488909,05:01:28.909,blofin,AAVE/USDT:USDT,296.91,16.0,296.9,746.0,296.34,30.0,296.36,846.0
1753592489407,05:01:29.407,blofin,AAVE/USDT:USDT,296.91,16.0,296.9,746.0,296.34,30.0,296.36,846.0
1753592489909,05:01:29.909,blofin,AAVE/USDT:USDT,296.91,39.0,296.89,645.0,296.34,30.0,296.36,846.0
1753592490552,05:01:30.552,blofin,AAVE/USDT:USDT,296.91,154.0,296.89,54.0,296.34,30.0,296.36,846.0
1753592490911,05:01:30.911,blofin,AAVE/USDT:USDT,296.91,154.0,296.89,54.0,296.34,30.0,296.36,846.0
1753592491912,05:01:31.912,blofin,AAVE/USDT:USDT,296.93,311.0,296.91,715.0,296.34,30.0,296.36,846.0
1753592492554,05:01:32.554,blofin,AAVE/USDT:USDT,296.93,451.0,296.91,4.0,296.34,30.0,296.36,846.0
1753592569616,05:02:49.616,blofin,AAVE/USDT:USDT,296.93,451.0,296.91,4.0,296.34,30.0,296.36,846.0
1753592571026,05:02:51.026,blofin,AAVE/USDT:USDT,296.93,451.0,296.91,4.0,296.34,30.0,296.36,846.0
1753592571617,05:02:51.617,blofin,AAVE/USDT:USDT,296.93,451.0,296.91,4.0,296.34,30.0,296.36,846.0
1753592572028,05:02:52.028,blofin,AAVE/USDT:USDT,296.93,451.0,296.91,4.0,296.34,30.0,296.36,846.0
1753592573028,05:02:53.028,blofin,AAVE/USDT:USDT,296.93,451.0,296.91,4.0,296.34,30.0,296.36,846.0
1753592573618,05:02:53.618,blofin,AAVE/USDT:USDT,296.93,451.0,296.91,4.0,296.34,30.0,296.36,846.0
1753592574029,05:02:54.029,blofin,AAVE/USDT:USDT,296.93,451.0,296.91,4.0,296.34,30.0,296.36,846.0
1753592574634,05:02:54.634,blofin,AAVE/USDT:USDT,296.93,451.0,296.91,4.0,296.34,30.0,296.36,846.0
1753592575530,05:02:55.530,blofin,AAVE/USDT:USDT,296.93,451.0,296.91,4.0,296.34,30.0,296.36,846.0
1753592576033,05:02:56.033,blofin,AAVE/USDT:USDT,296.93,451.0,296.91,4.0,296.34,30.0,296.36,846.0
1753592576624,05:02:56.624,blofin,AAVE/USDT:USDT,296.93,451.0,296.91,4.0,296.34,30.0,296.36,846.0
1753592577158,05:02:57.158,blofin,AAVE/USDT:USDT,296.93,451.0,296.91,4.0,296.34,30.0,296.36,846.0
1753592578036,05:02:58.036,blofin,AAVE/USDT:USDT,296.93,451.0,296.91,4.0,296.34,30.0,296.36,846.0
1753592578623,05:02:58.623,blofin,AAVE/USDT:USDT,296.93,451.0,296.91,4.0,296.34,30.0,296.36,846.0
1753592579625,05:02:59.625,blofin,AAVE/USDT:USDT,296.93,451.0,296.91,4.0,296.34,30.0,296.36,846.0
1753592580039,05:03:00.039,blofin,AAVE/USDT:USDT,296.93,451.0,296.91,4.0,296.34,30.0,296.36,846.0
1753592581040,05:03:01.040,blofin,AAVE/USDT:USDT,296.93,451.0,296.91,4.0,296.34,30.0,296.36,846.0
1753592581625,05:03:01.625,blofin,AAVE/USDT:USDT,296.93,451.0,296.91,4.0,296.34,30.0,296.36,846.0
1753592684187,05:04:44.187,blofin,AAVE/USDT:USDT,296.93,451.0,296.91,4.0,296.34,30.0,296.36,846.0
1753592684688,05:04:44.688,blofin,AAVE/USDT:USDT,296.93,451.0,296.91,4.0,296.34,30.0,296.36,846.0
1753592685188,05:04:45.188,blofin,AAVE/USDT:USDT,296.93,451.0,296.91,4.0,296.34,30.0,296.36,846.0
1753592686190,05:04:46.190,blofin,AAVE/USDT:USDT,296.93,451.0,296.91,4.0,296.34,30.0,296.36,846.0
1753592686690,05:04:46.690,blofin,AAVE/USDT:USDT,296.93,451.0,296.91,4.0,296.34,30.0,296.36,846.0
1753592687192,05:04:47.192,blofin,AAVE/USDT:USDT,296.93,451.0,296.91,4.0,296.34,30.0,296.36,846.0
1753592687691,05:04:47.691,blofin,AAVE/USDT:USDT,296.93,451.0,296.91,4.0,296.34,30.0,296.36,846.0
1753592688693,05:04:48.693,blofin,AAVE/USDT:USDT,296.93,451.0,296.91,4.0,296.34,30.0,296.36,846.0
1753592689194,05:04:49.194,blofin,AAVE/USDT:USDT,296.93,451.0,296.91,4.0,296.34,30.0,296.36,846.0
1753592690194,05:04:50.194,blofin,AAVE/USDT:USDT,296.93,451.0,296.91,4.0,296.34,30.0,296.36,846.0
1753592690695,05:04:50.695,blofin,AAVE/USDT:USDT,296.93,451.0,296.91,4.0,296.34,30.0,296.36,846.0
1753592691698,05:04:51.698,blofin,AAVE/USDT:USDT,296.93,451.0,296.91,4.0,296.34,30.0,296.36,846.0
1753592692197,05:04:52.197,blofin,AAVE/USDT:USDT,296.93,451.0,296.91,4.0,296.34,30.0,296.36,846.0
1753592692700,05:04:52.700,blofin,AAVE/USDT:USDT,296.93,451.0,296.91,4.0,296.34,30.0,296.36,846.0
1753592693200,05:04:53.200,blofin,AAVE/USDT:USDT,296.93,451.0,296.91,4.0,296.34,30.0,296.36,846.0
1753592694202,05:04:54.202,blofin,AAVE/USDT:USDT,296.93,451.0,296.91,4.0,296.34,30.0,296.36,846.0
1753592694701,05:04:54.701,blofin,AAVE/USDT:USDT,296.93,451.0,296.91,4.0,296.34,30.0,296.36,846.0
1753592695202,05:04:55.202,blofin,AAVE/USDT:USDT,296.93,451.0,296.91,4.0,296.34,30.0,296.36,846.0
1753592798448,05:06:38.448,blofin,AAVE/USDT:USDT,296.93,451.0,296.91,4.0,296.34,30.0,296.36,846.0
1753592798847,05:06:38.847,blofin,AAVE/USDT:USDT,296.93,451.0,296.91,4.0,296.34,30.0,296.36,846.0
1753592799849,05:06:39.849,blofin,AAVE/USDT:USDT,296.93,451.0,296.91,4.0,296.34,30.0,296.36,846.0
1753592800849,05:06:40.849,blofin,AAVE/USDT:USDT,296.93,451.0,296.91,4.0,296.34,30.0,296.36,846.0
1753592801350,05:06:41.350,blofin,AAVE/USDT:USDT,296.93,451.0,296.91,4.0,296.34,30.0,296.36,846.0
1753592802351,05:06:42.351,blofin,AAVE/USDT:USDT,296.93,451.0,296.91,4.0,296.34,30.0,296.36,846.0
1753592802851,05:06:42.851,blofin,AAVE/USDT:USDT,296.93,451.0,296.91,4.0,296.34,30.0,296.36,846.0
1753592803353,05:06:43.353,blofin,AAVE/USDT:USDT,296.93,451.0,296.91,4.0,296.34,30.0,296.36,846.0
1753592804218,05:06:44.218,blofin,AAVE/USDT:USDT,296.93,451.0,296.91,4.0,296.34,30.0,296.36,846.0
1753592804847,05:06:44.847,blofin,AAVE/USDT:USDT,296.93,451.0,296.91,4.0,296.34,30.0,296.36,846.0
1753592805355,05:06:45.355,blofin,AAVE/USDT:USDT,296.93,451.0,296.91,4.0,296.34,30.0,296.36,846.0
1753592805858,05:06:45.858,blofin,AAVE/USDT:USDT,296.93,451.0,296.91,4.0,296.34,30.0,296.36,846.0
1753592806858,05:06:46.858,blofin,AAVE/USDT:USDT,296.93,451.0,296.91,4.0,296.34,30.0,296.36,846.0
1753592807859,05:06:47.859,blofin,AAVE/USDT:USDT,296.93,451.0,296.91,4.0,296.34,30.0,296.36,846.0
1753592808362,05:06:48.362,blofin,AAVE/USDT:USDT,296.93,451.0,296.91,4.0,296.34,30.0,296.36,846.0
1753592809361,05:06:49.361,blofin,AAVE/USDT:USDT,296.93,451.0,296.91,4.0,296.34,30.0,296.36,846.0
1753592809863,05:06:49.863,blofin,AAVE/USDT:USDT,296.93,451.0,296.91,4.0,296.34,30.0,296.36,846.0
1753592810924,05:06:50.924,blofin,AAVE/USDT:USDT,296.93,451.0,296.91,4.0,296.34,30.0,296.36,846.0
1753592811865,05:06:51.865,blofin,AAVE/USDT:USDT,296.93,451.0,296.91,4.0,296.34,30.0,296.36,846.0
1753592812366,05:06:52.366,blofin,AAVE/USDT:USDT,296.93,451.0,296.91,4.0,296.34,30.0,296.36,846.0
1753592939554,05:08:59.554,blofin,AAVE/USDT:USDT,296.93,451.0,296.91,4.0,296.34,30.0,296.36,846.0
1753592940055,05:09:00.055,blofin,AAVE/USDT:USDT,296.93,451.0,296.91,4.0,296.34,30.0,296.36,846.0
1753592940557,05:09:00.557,blofin,AAVE/USDT:USDT,296.93,451.0,296.91,4.0,296.34,30.0,296.36,846.0
1753592941056,05:09:01.056,blofin,AAVE/USDT:USDT,296.93,451.0,296.91,4.0,296.34,30.0,296.36,846.0
1753592941884,05:09:01.884,blofin,AAVE/USDT:USDT,296.93,451.0,296.91,4.0,296.34,30.0,296.36,846.0
1753592942625,05:09:02.625,blofin,AAVE/USDT:USDT,296.93,451.0,296.91,4.0,296.34,30.0,296.36,846.0
1753592943060,05:09:03.060,blofin,AAVE/USDT:USDT,296.93,451.0,296.91,4.0,296.34,30.0,296.36,846.0
1753592943885,05:09:03.885,blofin,AAVE/USDT:USDT,296.93,451.0,296.91,4.0,296.34,30.0,296.36,846.0
1753592944560,05:09:04.560,blofin,AAVE/USDT:USDT,296.93,451.0,296.91,4.0,296.34,30.0,296.36,846.0
1753592945063,05:09:05.063,blofin,AAVE/USDT:USDT,296.93,451.0,296.91,4.0,296.34,30.0,296.36,846.0
1753592945889,05:09:05.889,blofin,AAVE/USDT:USDT,296.93,451.0,296.91,4.0,296.34,30.0,296.36,846.0
1753592946565,05:09:06.565,blofin,AAVE/USDT:USDT,296.93,451.0,296.91,4.0,296.34,30.0,296.36,846.0
1753592947066,05:09:07.066,blofin,AAVE/USDT:USDT,296.93,451.0,296.91,4.0,296.34,30.0,296.36,846.0
1753592947889,05:09:07.889,blofin,AAVE/USDT:USDT,296.93,451.0,296.91,4.0,296.34,30.0,296.36,846.0
1753592948360,05:09:08.360,blofin,AAVE/USDT:USDT,296.93,451.0,296.91,4.0,296.34,30.0,296.36,846.0
1753593038958,05:10:38.958,blofin,AAVE/USDT:USDT,296.93,451.0,296.91,4.0,296.34,30.0,296.36,846.0
1753593039204,05:10:39.204,blofin,AAVE/USDT:USDT,296.93,451.0,296.91,4.0,296.34,30.0,296.36,846.0
1753593040201,05:10:40.201,blofin,AAVE/USDT:USDT,296.93,451.0,296.91,4.0,296.34,30.0,296.36,846.0
1753593041203,05:10:41.203,blofin,AAVE/USDT:USDT,296.93,451.0,296.91,4.0,296.34,30.0,296.36,846.0
1753593041961,05:10:41.961,blofin,AAVE/USDT:USDT,296.93,451.0,296.91,4.0,296.34,30.0,296.36,846.0
1753593042202,05:10:42.202,blofin,AAVE/USDT:USDT,296.93,451.0,296.91,4.0,296.34,30.0,296.36,846.0
1753593043205,05:10:43.205,blofin,AAVE/USDT:USDT,296.93,451.0,296.91,4.0,296.34,30.0,296.36,846.0
1753593043706,05:10:43.706,blofin,AAVE/USDT:USDT,296.93,451.0,296.91,4.0,296.34,30.0,296.36,846.0
1753593044207,05:10:44.207,blofin,AAVE/USDT:USDT,296.93,451.0,296.91,4.0,296.34,30.0,296.36,846.0
1753593044963,05:10:44.963,blofin,AAVE/USDT:USDT,296.93,451.0,296.91,4.0,296.34,30.0,296.36,846.0
1753593045709,05:10:45.709,blofin,AAVE/USDT:USDT,296.93,451.0,296.91,4.0,296.34,30.0,296.36,846.0
1753593046211,05:10:46.211,blofin,AAVE/USDT:USDT,296.93,451.0,296.91,4.0,296.34,30.0,296.36,846.0
1753593047212,05:10:47.212,blofin,AAVE/USDT:USDT,296.93,451.0,296.91,4.0,296.34,30.0,296.36,846.0
1753593132839,05:12:12.839,blofin,AAVE/USDT:USDT,297.07,88.0,296.93,451.0,296.34,30.0,296.36,846.0
1753593133348,05:12:13.348,blofin,AAVE/USDT:USDT,297.14,12.0,297.11,691.0,296.34,30.0,296.36,846.0
1753593134032,05:12:14.032,blofin,AAVE/USDT:USDT,297.14,28.0,297.12,70.0,296.34,30.0,296.36,846.0
1753593135342,05:12:15.342,blofin,AAVE/USDT:USDT,297.14,146.0,297.12,770.0,296.34,30.0,296.36,846.0
1753593136034,05:12:16.034,blofin,AAVE/USDT:USDT,297.14,255.0,297.11,1685.0,296.34,30.0,296.36,846.0
1753593136345,05:12:16.345,blofin,AAVE/USDT:USDT,297.14,255.0,297.11,1685.0,296.34,30.0,296.36,846.0
1753593137033,05:12:17.033,blofin,AAVE/USDT:USDT,297.14,257.0,297.12,697.0,296.34,30.0,296.36,846.0
1753593138347,05:12:18.347,blofin,AAVE/USDT:USDT,297.14,255.0,297.12,430.0,296.34,30.0,296.36,846.0
1753593139038,05:12:19.038,blofin,AAVE/USDT:USDT,297.14,18.0,297.13,769.0,296.34,30.0,296.36,846.0
1753593139345,05:12:19.345,blofin,AAVE/USDT:USDT,297.14,17.0,297.13,769.0,296.34,30.0,296.36,846.0
1753593140346,05:12:20.346,blofin,AAVE/USDT:USDT,297.14,17.0,297.11,993.0,296.34,30.0,296.36,846.0
1753593141038,05:12:21.038,blofin,AAVE/USDT:USDT,297.14,24.0,297.11,726.0,296.34,30.0,296.36,846.0
1753593141349,05:12:21.349,blofin,AAVE/USDT:USDT,297.14,23.0,297.11,726.0,296.34,30.0,296.36,846.0
1753593229107,05:13:49.107,blofin,AAVE/USDT:USDT,297.34,680.0,297.33,120.0,296.34,30.0,296.36,846.0
1753593229970,05:13:49.970,blofin,AAVE/USDT:USDT,297.34,680.0,297.33,120.0,296.34,30.0,296.36,846.0
1753593230470,05:13:50.470,blofin,AAVE/USDT:USDT,297.37,2.0,297.36,27.0,296.34,30.0,296.36,846.0
1753593231111,05:13:51.111,blofin,AAVE/USDT:USDT,297.37,2.0,297.36,27.0,296.34,30.0,296.36,846.0
1753593231473,05:13:51.473,blofin,AAVE/USDT:USDT,297.37,2.0,297.36,27.0,296.34,30.0,296.36,846.0
1753593232475,05:13:52.475,blofin,AAVE/USDT:USDT,297.29,7.0,297.27,583.0,296.34,30.0,296.36,846.0
1753593233109,05:13:53.109,blofin,AAVE/USDT:USDT,297.29,7.0,297.27,1384.0,296.34,30.0,296.36,846.0
1753593233478,05:13:53.478,blofin,AAVE/USDT:USDT,297.29,7.0,297.27,1384.0,296.34,30.0,296.36,846.0
1753593234110,05:13:54.110,blofin,AAVE/USDT:USDT,297.29,31.0,297.28,412.0,296.34,30.0,296.36,846.0
1753593234979,05:13:54.979,blofin,AAVE/USDT:USDT,297.36,4.0,297.35,1725.0,296.34,30.0,296.36,846.0
1753593235479,05:13:55.479,blofin,AAVE/USDT:USDT,297.36,7.0,297.35,28.0,296.34,30.0,296.36,846.0
1753593236113,05:13:56.113,blofin,AAVE/USDT:USDT,297.36,7.0,297.35,4.0,296.34,30.0,296.36,846.0
1753593236981,05:13:56.981,blofin,AAVE/USDT:USDT,297.36,5.0,297.35,9.0,296.34,30.0,296.36,846.0
1753593237482,05:13:57.482,blofin,AAVE/USDT:USDT,297.36,20.0,297.35,5.0,296.34,30.0,296.36,846.0
1753593238111,05:13:58.111,blofin,AAVE/USDT:USDT,297.36,5.0,297.35,26.0,296.34,30.0,296.36,846.0
1753593238483,05:13:58.483,blofin,AAVE/USDT:USDT,297.36,5.0,297.35,26.0,296.34,30.0,296.36,846.0
1753593239469,05:13:59.469,blofin,AAVE/USDT:USDT,297.36,5.0,297.35,5.0,296.34,30.0,296.36,846.0
1753593239985,05:13:59.985,blofin,AAVE/USDT:USDT,297.33,25.0,297.32,48.0,296.34,30.0,296.36,846.0
1753593240742,05:14:00.742,blofin,AAVE/USDT:USDT,297.29,1.0,297.27,308.0,296.34,30.0,296.36,846.0
1753593241116,05:14:01.116,blofin,AAVE/USDT:USDT,297.29,2.0,297.27,105.0,296.34,30.0,296.36,846.0
1753593352147,05:15:52.147,blofin,AAVE/USDT:USDT,297.4,80.0,297.29,2.0,296.34,30.0,296.36,846.0
1753593353198,05:15:53.198,blofin,AAVE/USDT:USDT,297.45,17.0,297.42,594.0,296.34,30.0,296.36,846.0
1753593353929,05:15:53.929,blofin,AAVE/USDT:USDT,297.4,1405.0,297.36,140.0,296.34,30.0,296.36,846.0
1753593354651,05:15:54.651,blofin,AAVE/USDT:USDT,297.39,4.0,297.37,214.0,296.34,30.0,296.36,846.0
1753593355215,05:15:55.215,blofin,AAVE/USDT:USDT,297.39,9.0,297.37,214.0,296.34,30.0,296.36,846.0
1753593356150,05:15:56.150,blofin,AAVE/USDT:USDT,297.39,6.0,297.36,1030.0,296.34,30.0,296.36,846.0
1753593356654,05:15:56.654,blofin,AAVE/USDT:USDT,297.39,23.0,297.36,1164.0,296.34,30.0,296.36,846.0
1753593357653,05:15:57.653,blofin,AAVE/USDT:USDT,297.39,24.0,297.36,1569.0,296.34,30.0,296.36,846.0
1753593358205,05:15:58.205,blofin,AAVE/USDT:USDT,297.39,27.0,297.37,343.0,296.34,30.0,296.36,846.0
1753593358655,05:15:58.655,blofin,AAVE/USDT:USDT,297.39,27.0,297.37,343.0,296.34,30.0,296.36,846.0
1753593359656,05:15:59.656,blofin,AAVE/USDT:USDT,297.39,204.0,297.36,1386.0,296.34,30.0,296.36,846.0
1753593360420,05:16:00.420,blofin,AAVE/USDT:USDT,297.4,194.0,297.39,7.0,296.34,30.0,296.36,846.0
1753593361160,05:16:01.160,blofin,AAVE/USDT:USDT,297.41,263.0,297.39,5.0,296.34,30.0,296.36,846.0
1753593361660,05:16:01.660,blofin,AAVE/USDT:USDT,297.41,252.0,297.4,2337.0,296.34,30.0,296.36,846.0
1753593362660,05:16:02.660,blofin,AAVE/USDT:USDT,297.4,227.0,297.39,1105.0,296.34,30.0,296.36,846.0
1753593363160,05:16:03.160,blofin,AAVE/USDT:USDT,297.4,4.0,297.39,13.0,296.34,30.0,296.36,846.0
1753593363662,05:16:03.662,blofin,AAVE/USDT:USDT,297.39,5.0,297.38,27.0,296.34,30.0,296.36,846.0
1753593459550,05:17:39.550,blofin,AAVE/USDT:USDT,297.44,228.0,297.41,421.0,296.34,30.0,296.36,846.0
1753593459803,05:17:39.803,blofin,AAVE/USDT:USDT,297.47,223.0,297.44,5.0,296.34,30.0,296.36,846.0
1753593460805,05:17:40.805,blofin,AAVE/USDT:USDT,297.47,68.0,297.42,249.0,296.34,30.0,296.36,846.0
1753593461277,05:17:41.277,blofin,AAVE/USDT:USDT,297.47,269.0,297.44,670.0,296.34,30.0,296.36,846.0
1753593461814,05:17:41.814,blofin,AAVE/USDT:USDT,297.47,271.0,297.44,670.0,296.34,30.0,296.36,846.0
1753593462806,05:17:42.806,blofin,AAVE/USDT:USDT,297.48,257.0,297.47,4.0,296.34,30.0,296.36,846.0
1753593463279,05:17:43.279,blofin,AAVE/USDT:USDT,297.5,119.0,297.47,578.0,296.34,30.0,296.36,846.0
1753593463806,05:17:43.806,blofin,AAVE/USDT:USDT,297.5,124.0,297.47,574.0,296.34,30.0,296.36,846.0
1753593464280,05:17:44.280,blofin,AAVE/USDT:USDT,297.5,296.0,297.47,1668.0,296.34,30.0,296.36,846.0
1753593465281,05:17:45.281,blofin,AAVE/USDT:USDT,297.5,292.0,297.47,1668.0,296.34,30.0,296.36,846.0
1753593465810,05:17:45.810,blofin,AAVE/USDT:USDT,297.5,313.0,297.47,1084.0,296.34,30.0,296.36,846.0
1753593466291,05:17:46.291,blofin,AAVE/USDT:USDT,297.5,2.0,297.49,265.0,296.34,30.0,296.36,846.0
1753593466810,05:17:46.810,blofin,AAVE/USDT:USDT,297.49,269.0,297.48,1188.0,296.34,30.0,296.36,846.0
1753593467282,05:17:47.282,blofin,AAVE/USDT:USDT,297.5,310.0,297.49,2449.0,296.34,30.0,296.36,846.0
1753593468340,05:17:48.340,blofin,AAVE/USDT:USDT,297.52,420.0,297.49,2141.0,296.34,30.0,296.36,846.0
1753593544920,05:19:04.920,blofin,AAVE/USDT:USDT,297.62,4.0,297.6,510.0,296.34,30.0,296.36,846.0
1753593545421,05:19:05.421,blofin,AAVE/USDT:USDT,297.62,5.0,297.59,194.0,296.34,30.0,296.36,846.0
1753593546422,05:19:06.422,blofin,AAVE/USDT:USDT,297.62,3.0,297.59,564.0,296.34,30.0,296.36,846.0
1753593546922,05:19:06.922,blofin,AAVE/USDT:USDT,297.62,3.0,297.59,564.0,296.34,30.0,296.36,846.0
1753593547422,05:19:07.422,blofin,AAVE/USDT:USDT,297.62,3.0,297.61,465.0,296.34,30.0,296.36,846.0
1753593548423,05:19:08.423,blofin,AAVE/USDT:USDT,297.62,53.0,297.59,599.0,296.34,30.0,296.36,846.0
1753593548924,05:19:08.924,blofin,AAVE/USDT:USDT,297.62,53.0,297.59,599.0,296.34,30.0,296.36,846.0
1753593549425,05:19:09.425,blofin,AAVE/USDT:USDT,297.62,7.0,297.59,360.0,296.34,30.0,296.36,846.0
1753593550403,05:19:10.403,blofin,AAVE/USDT:USDT,297.65,233.0,297.63,1286.0,296.34,30.0,296.36,846.0
1753593550927,05:19:10.927,blofin,AAVE/USDT:USDT,297.66,235.0,297.63,743.0,296.34,30.0,296.36,846.0
1753593551427,05:19:11.427,blofin,AAVE/USDT:USDT,297.66,8.0,297.64,958.0,296.34,30.0,296.36,846.0
1753593552430,05:19:12.430,blofin,AAVE/USDT:USDT,297.66,214.0,297.64,578.0,296.34,30.0,296.36,846.0
1753593552928,05:19:12.928,blofin,AAVE/USDT:USDT,297.66,214.0,297.64,578.0,296.34,30.0,296.36,846.0
1753593553595,05:19:13.595,blofin,AAVE/USDT:USDT,297.7,65.0,297.67,1174.0,296.34,30.0,296.36,846.0
1753593634054,05:20:34.054,blofin,AAVE/USDT:USDT,297.7,65.0,297.67,236.0,296.34,30.0,296.36,846.0
1753593634556,05:20:34.556,blofin,AAVE/USDT:USDT,297.74,5.0,297.73,7.0,296.34,30.0,296.36,846.0
1753593635407,05:20:35.407,blofin,AAVE/USDT:USDT,297.73,8.0,297.7,65.0,296.34,30.0,296.36,846.0
1753593636560,05:20:36.560,blofin,AAVE/USDT:USDT,297.73,9.0,297.72,573.0,296.34,30.0,296.36,846.0
1753593637561,05:20:37.561,blofin,AAVE/USDT:USDT,297.74,4.0,297.72,183.0,296.34,30.0,296.36,846.0
1753593638060,05:20:38.060,blofin,AAVE/USDT:USDT,297.74,4.0,297.72,183.0,296.34,30.0,296.36,846.0
1753593638561,05:20:38.561,blofin,AAVE/USDT:USDT,297.74,3.0,297.73,510.0,296.34,30.0,296.36,846.0
1753593639563,05:20:39.563,blofin,AAVE/USDT:USDT,297.7,31.0,297.68,495.0,296.34,30.0,296.36,846.0
1753593640229,05:20:40.229,blofin,AAVE/USDT:USDT,297.7,60.0,297.68,1103.0,296.34,30.0,296.36,846.0
1753593640563,05:20:40.563,blofin,AAVE/USDT:USDT,297.7,73.0,297.69,966.0,296.34,30.0,296.36,846.0
1753593641411,05:20:41.411,blofin,AAVE/USDT:USDT,297.7,50.0,297.68,1566.0,296.34,30.0,296.36,846.0
1753593642066,05:20:42.066,blofin,AAVE/USDT:USDT,297.7,51.0,297.68,1566.0,296.34,30.0,296.36,846.0
1753593642566,05:20:42.566,blofin,AAVE/USDT:USDT,297.7,110.0,297.69,885.0,296.34,30.0,296.36,846.0
1753593643067,05:20:43.067,blofin,AAVE/USDT:USDT,297.7,110.0,297.69,885.0,296.34,30.0,296.36,846.0
1753593644568,05:20:44.568,blofin,AAVE/USDT:USDT,297.7,33.0,297.69,164.0,296.34,30.0,296.36,846.0
1753593645070,05:20:45.070,blofin,AAVE/USDT:USDT,297.7,30.0,297.69,169.0,296.34,30.0,296.36,846.0
1753593736701,05:22:16.701,blofin,AAVE/USDT:USDT,297.7,30.0,297.69,169.0,296.34,30.0,296.36,846.0
1753593737469,05:22:17.469,blofin,AAVE/USDT:USDT,297.7,30.0,297.69,169.0,296.34,30.0,296.36,846.0
1753593738203,05:22:18.203,blofin,AAVE/USDT:USDT,297.7,30.0,297.69,169.0,296.34,30.0,296.36,846.0
1753593738704,05:22:18.704,blofin,AAVE/USDT:USDT,297.7,30.0,297.69,169.0,296.34,30.0,296.36,846.0
1753593739468,05:22:19.468,blofin,AAVE/USDT:USDT,297.7,30.0,297.69,169.0,296.34,30.0,296.36,846.0
1753593740209,05:22:20.209,blofin,AAVE/USDT:USDT,297.7,30.0,297.69,169.0,296.34,30.0,296.36,846.0
1753593740469,05:22:20.469,blofin,AAVE/USDT:USDT,297.7,30.0,297.69,169.0,296.34,30.0,296.36,846.0
1753593740938,05:22:20.938,blofin,AAVE/USDT:USDT,297.7,30.0,297.69,169.0,296.34,30.0,296.36,846.0
1753593741709,05:22:21.709,blofin,AAVE/USDT:USDT,297.72,298.0,297.7,757.0,296.34,30.0,296.36,846.0
1753593742469,05:22:22.469,blofin,AAVE/USDT:USDT,297.69,30.0,297.68,289.0,296.34,30.0,296.36,846.0
1753593743209,05:22:23.209,blofin,AAVE/USDT:USDT,297.68,289.0,297.67,6.0,296.34,30.0,296.36,846.0
1753593743709,05:22:23.709,blofin,AAVE/USDT:USDT,297.68,320.0,297.67,6.0,296.34,30.0,296.36,846.0
1753593744471,05:22:24.471,blofin,AAVE/USDT:USDT,297.68,297.0,297.67,6.0,296.34,30.0,296.36,846.0
1753593745213,05:22:25.213,blofin,AAVE/USDT:USDT,297.68,297.0,297.65,1018.0,296.34,30.0,296.36,846.0
1753593745714,05:22:25.714,blofin,AAVE/USDT:USDT,297.68,20.0,297.66,812.0,296.34,30.0,296.36,846.0
1753593816819,05:23:36.819,blofin,AAVE/USDT:USDT,297.79,234.0,297.78,328.0,296.34,30.0,296.36,846.0
1753593817371,05:23:37.371,blofin,AAVE/USDT:USDT,297.86,258.0,297.83,161.0,296.34,30.0,296.36,846.0
1753593817820,05:23:37.820,blofin,AAVE/USDT:USDT,297.88,128.0,297.85,899.0,296.34,30.0,296.36,846.0
1753593818533,05:23:38.533,blofin,AAVE/USDT:USDT,297.87,208.0,297.84,123.0,296.34,30.0,296.36,846.0
1753593818821,05:23:38.821,blofin,AAVE/USDT:USDT,297.87,208.0,297.84,123.0,296.34,30.0,296.36,846.0
1753593819824,05:23:39.824,blofin,AAVE/USDT:USDT,297.88,208.0,297.86,587.0,296.34,30.0,296.36,846.0
1753593820537,05:23:40.537,blofin,AAVE/USDT:USDT,297.88,213.0,297.86,587.0,296.34,30.0,296.36,846.0
1753593821150,05:23:41.150,blofin,AAVE/USDT:USDT,298.02,262.0,298.0,652.0,296.34,30.0,296.36,846.0
1753593822069,05:23:42.069,blofin,AAVE/USDT:USDT,297.95,15.0,297.92,607.0,296.34,30.0,296.36,846.0
1753593822993,05:23:42.993,blofin,AAVE/USDT:USDT,297.97,45.0,297.94,1558.0,296.34,30.0,296.36,846.0
1753593823828,05:23:43.828,blofin,AAVE/USDT:USDT,297.97,7.0,297.96,189.0,296.34,30.0,296.36,846.0
1753593824538,05:23:44.538,blofin,AAVE/USDT:USDT,297.94,4.0,297.93,21.0,296.34,30.0,296.36,846.0
1753593825331,05:23:45.331,blofin,AAVE/USDT:USDT,297.92,26.0,297.91,833.0,296.34,30.0,296.36,846.0
1753593825833,05:23:45.833,blofin,AAVE/USDT:USDT,297.92,24.0,297.9,691.0,296.34,30.0,296.36,846.0
1753593826834,05:23:46.834,blofin,AAVE/USDT:USDT,297.91,43.0,297.9,716.0,296.34,30.0,296.36,846.0
1753593827540,05:23:47.540,blofin,AAVE/USDT:USDT,297.91,42.0,297.9,1519.0,296.34,30.0,296.36,846.0
1753593919850,05:25:19.850,blofin,AAVE/USDT:USDT,298.24,6.0,298.22,206.0,296.34,30.0,296.36,846.0
1753593920603,05:25:20.603,blofin,AAVE/USDT:USDT,298.24,7.0,298.22,206.0,296.34,30.0,296.36,846.0
1753593921061,05:25:21.061,blofin,AAVE/USDT:USDT,298.26,154.0,298.24,351.0,296.34,30.0,296.36,846.0
1753593921978,05:25:21.978,blofin,AAVE/USDT:USDT,298.32,31.0,298.29,37.0,296.34,30.0,296.36,846.0
1753593922606,05:25:22.606,blofin,AAVE/USDT:USDT,298.33,66.0,298.32,292.0,296.34,30.0,296.36,846.0
1753593923479,05:25:23.479,blofin,AAVE/USDT:USDT,298.33,68.0,298.32,292.0,296.34,30.0,296.36,846.0
1753593924044,05:25:24.044,blofin,AAVE/USDT:USDT,298.36,203.0,298.34,5.0,296.34,30.0,296.36,846.0
1753593924696,05:25:24.696,blofin,AAVE/USDT:USDT,298.39,211.0,298.37,4.0,296.34,30.0,296.36,846.0
1753593925483,05:25:25.483,blofin,AAVE/USDT:USDT,298.44,233.0,298.42,24.0,296.34,30.0,296.36,846.0
1753593925983,05:25:25.983,blofin,AAVE/USDT:USDT,298.46,193.0,298.43,96.0,296.34,30.0,296.36,846.0
1753593926610,05:25:26.610,blofin,AAVE/USDT:USDT,298.46,55.0,298.45,630.0,296.34,30.0,296.36,846.0
1753593928099,05:25:28.099,blofin,AAVE/USDT:USDT,298.48,146.0,298.46,1.0,296.34,30.0,296.36,846.0
1753593928611,05:25:28.611,blofin,AAVE/USDT:USDT,298.49,284.0,298.47,685.0,296.34,30.0,296.36,846.0
1753594001720,05:26:41.720,blofin,AAVE/USDT:USDT,298.49,284.0,298.47,260.0,296.34,30.0,296.36,846.0
1753594003103,05:26:43.103,blofin,AAVE/USDT:USDT,298.49,218.0,298.47,254.0,296.34,30.0,296.36,846.0
1753594003664,05:26:43.664,blofin,AAVE/USDT:USDT,298.49,53.0,298.46,66.0,296.34,30.0,296.36,846.0
1753594004606,05:26:44.606,blofin,AAVE/USDT:USDT,298.49,51.0,298.46,66.0,296.34,30.0,296.36,846.0
1753594005108,05:26:45.108,blofin,AAVE/USDT:USDT,298.52,155.0,298.49,290.0,296.34,30.0,296.36,846.0
1753594005666,05:26:45.666,blofin,AAVE/USDT:USDT,298.52,153.1,298.49,290.0,296.34,30.0,296.36,846.0
1753594006111,05:26:46.111,blofin,AAVE/USDT:USDT,298.52,203.0,298.51,342.0,296.34,30.0,296.36,846.0
1753594007272,05:26:47.272,blofin,AAVE/USDT:USDT,298.6,192.0,298.58,4.0,296.34,30.0,296.36,846.0
1753594007666,05:26:47.666,blofin,AAVE/USDT:USDT,298.6,37.0,298.58,367.0,296.34,30.0,296.36,846.0
1753594008931,05:26:48.931,blofin,AAVE/USDT:USDT,298.58,4.0,298.53,411.0,296.34,30.0,296.36,846.0
1753594009750,05:26:49.750,blofin,AAVE/USDT:USDT,298.57,9.0,298.56,196.0,296.34,30.0,296.36,846.0
1753594010308,05:26:50.308,blofin,AAVE/USDT:USDT,298.55,9.0,298.52,939.0,296.34,30.0,296.36,846.0
1753594011119,05:26:51.119,blofin,AAVE/USDT:USDT,298.55,49.0,298.52,1181.0,296.34,30.0,296.36,846.0
1753594011618,05:26:51.618,blofin,AAVE/USDT:USDT,298.58,58.0,298.57,386.0,296.34,30.0,296.36,846.0
1753594012619,05:26:52.619,blofin,AAVE/USDT:USDT,298.58,158.0,298.55,53.0,296.34,30.0,296.36,846.0
1753594013289,05:26:53.289,blofin,AAVE/USDT:USDT,298.58,5.0,298.57,18.0,296.34,30.0,296.36,846.0
1753594115266,05:28:35.266,blofin,AAVE/USDT:USDT,298.64,161.0,298.62,516.0,296.34,30.0,296.36,846.0
1753594115744,05:28:35.744,blofin,AAVE/USDT:USDT,298.64,161.0,298.62,516.0,296.34,30.0,296.36,846.0
1753594116271,05:28:36.271,blofin,AAVE/USDT:USDT,298.64,31.0,298.61,301.0,296.34,30.0,296.36,846.0
1753594117351,05:28:37.351,blofin,AAVE/USDT:USDT,298.65,36.0,298.64,5.0,296.34,30.0,296.36,846.0
1753594117748,05:28:37.748,blofin,AAVE/USDT:USDT,298.66,27.0,298.64,68.0,296.34,30.0,296.36,846.0
1753594118274,05:28:38.274,blofin,AAVE/USDT:USDT,298.66,28.0,298.64,63.0,296.34,30.0,296.36,846.0
1753594119275,05:28:39.275,blofin,AAVE/USDT:USDT,298.66,28.0,298.65,208.0,296.34,30.0,296.36,846.0
1753594119746,05:28:39.746,blofin,AAVE/USDT:USDT,298.66,2.0,298.65,26.0,296.34,30.0,296.36,846.0
1753594120277,05:28:40.277,blofin,AAVE/USDT:USDT,298.65,29.0,298.61,11.0,296.34,30.0,296.36,846.0
1753594121277,05:28:41.277,blofin,AAVE/USDT:USDT,298.66,9.0,298.64,570.0,296.34,30.0,296.36,846.0
1753594121747,05:28:41.747,blofin,AAVE/USDT:USDT,298.66,9.0,298.65,595.0,296.34,30.0,296.36,846.0
1753594122281,05:28:42.281,blofin,AAVE/USDT:USDT,298.66,9.0,298.65,595.0,296.34,30.0,296.36,846.0
1753594123282,05:28:43.282,blofin,AAVE/USDT:USDT,298.66,7.0,298.65,174.0,296.34,30.0,296.36,846.0
1753594123749,05:28:43.749,blofin,AAVE/USDT:USDT,298.61,2.0,298.58,677.0,296.34,30.0,296.36,846.0
1753594124748,05:28:44.748,blofin,AAVE/USDT:USDT,298.6,1.0,298.58,194.0,296.34,30.0,296.36,846.0
1753594125288,05:28:45.288,blofin,AAVE/USDT:USDT,298.58,198.0,298.57,290.0,296.34,30.0,296.36,846.0
1753594219424,05:30:19.424,blofin,AAVE/USDT:USDT,298.58,198.0,298.57,290.0,296.34,30.0,296.36,846.0
1753594220425,05:30:20.425,blofin,AAVE/USDT:USDT,298.58,198.0,298.57,290.0,296.34,30.0,296.36,846.0
1753594220925,05:30:20.925,blofin,AAVE/USDT:USDT,298.58,198.0,298.57,290.0,296.34,30.0,296.36,846.0
1753594221927,05:30:21.927,blofin,AAVE/USDT:USDT,298.58,198.0,298.57,290.0,296.34,30.0,296.36,846.0
1753594222590,05:30:22.590,blofin,AAVE/USDT:USDT,298.58,198.0,298.57,290.0,296.34,30.0,296.36,846.0
1753594223020,05:30:23.020,blofin,AAVE/USDT:USDT,298.58,198.0,298.57,290.0,296.34,30.0,296.36,846.0
1753594223930,05:30:23.930,blofin,AAVE/USDT:USDT,298.58,198.0,298.57,290.0,296.34,30.0,296.36,846.0
1753594224432,05:30:24.432,blofin,AAVE/USDT:USDT,298.58,198.0,298.57,290.0,296.34,30.0,296.36,846.0
1753594224931,05:30:24.931,blofin,AAVE/USDT:USDT,298.58,198.0,298.57,290.0,296.34,30.0,296.36,846.0
1753594225837,05:30:25.837,blofin,AAVE/USDT:USDT,298.58,198.0,298.57,290.0,296.34,30.0,296.36,846.0
1753594226391,05:30:26.391,blofin,AAVE/USDT:USDT,298.58,198.0,298.57,290.0,296.34,30.0,296.36,846.0
1753594227033,05:30:27.033,blofin,AAVE/USDT:USDT,298.58,198.0,298.57,290.0,296.34,30.0,296.36,846.0
1753594227426,05:30:27.426,blofin,AAVE/USDT:USDT,298.58,198.0,298.57,290.0,296.34,30.0,296.36,846.0
1753594227935,05:30:27.935,blofin,AAVE/USDT:USDT,298.58,198.0,298.57,290.0,296.34,30.0,296.36,846.0
1753594228937,05:30:28.937,blofin,AAVE/USDT:USDT,298.58,198.0,298.57,290.0,296.34,30.0,296.36,846.0
1753594312888,05:31:52.888,blofin,AAVE/USDT:USDT,298.72,225.0,298.69,300.0,296.34,30.0,296.36,846.0
1753594313544,05:31:53.544,blofin,AAVE/USDT:USDT,298.72,222.0,298.69,300.0,296.34,30.0,296.36,846.0
1753594314547,05:31:54.547,blofin,AAVE/USDT:USDT,298.72,221.0,298.71,1644.0,296.34,30.0,296.36,846.0
1753594315048,05:31:55.048,blofin,AAVE/USDT:USDT,298.72,236.0,298.69,38.0,296.34,30.0,296.36,846.0
1753594316049,05:31:56.049,blofin,AAVE/USDT:USDT,298.72,160.0,298.7,218.0,296.34,30.0,296.36,846.0
1753594316550,05:31:56.550,blofin,AAVE/USDT:USDT,298.72,160.0,298.7,218.0,296.34,30.0,296.36,846.0
1753594317050,05:31:57.050,blofin,AAVE/USDT:USDT,298.72,190.0,298.69,612.0,296.34,30.0,296.36,846.0
1753594317551,05:31:57.551,blofin,AAVE/USDT:USDT,298.72,190.0,298.69,612.0,296.34,30.0,296.36,846.0
1753594318054,05:31:58.054,blofin,AAVE/USDT:USDT,298.72,264.0,298.71,336.0,296.34,30.0,296.36,846.0
1753594319052,05:31:59.052,blofin,AAVE/USDT:USDT,298.72,180.0,298.69,1080.0,296.34,30.0,296.36,846.0
1753594319555,05:31:59.555,blofin,AAVE/USDT:USDT,298.72,180.0,298.69,1080.0,296.34,30.0,296.36,846.0
1753594320058,05:32:00.058,blofin,AAVE/USDT:USDT,298.72,64.0,298.71,1015.0,296.34,30.0,296.36,846.0
1753594320896,05:32:00.896,blofin,AAVE/USDT:USDT,298.72,66.0,298.71,1015.0,296.34,30.0,296.36,846.0
1753594321058,05:32:01.058,blofin,AAVE/USDT:USDT,298.72,60.0,298.69,1358.0,296.34,30.0,296.36,846.0
1753594322058,05:32:02.058,blofin,AAVE/USDT:USDT,298.72,63.0,298.71,507.0,296.34,30.0,296.36,846.0
1753594400672,05:33:20.672,blofin,AAVE/USDT:USDT,298.82,26.0,298.72,63.0,296.34,30.0,296.36,846.0
1753594401172,05:33:21.172,blofin,AAVE/USDT:USDT,298.82,24.0,298.79,511.0,296.34,30.0,296.36,846.0
1753594401956,05:33:21.956,blofin,AAVE/USDT:USDT,298.82,28.0,298.79,223.0,296.34,30.0,296.36,846.0
1753594402672,05:33:22.672,blofin,AAVE/USDT:USDT,298.82,29.0,298.79,223.0,296.34,30.0,296.36,846.0
1753594403175,05:33:23.175,blofin,AAVE/USDT:USDT,298.82,28.0,298.81,32.0,296.34,30.0,296.36,846.0
1753594403674,05:33:23.674,blofin,AAVE/USDT:USDT,298.82,28.0,298.81,32.0,296.34,30.0,296.36,846.0
1753594404176,05:33:24.176,blofin,AAVE/USDT:USDT,298.82,28.0,298.79,504.0,296.34,30.0,296.36,846.0
1753594405180,05:33:25.180,blofin,AAVE/USDT:USDT,298.82,67.0,298.81,749.0,296.34,30.0,296.36,846.0
1753594406189,05:33:26.189,blofin,AAVE/USDT:USDT,298.87,44.0,298.86,526.0,296.34,30.0,296.36,846.0
1753594407181,05:33:27.181,blofin,AAVE/USDT:USDT,298.88,7.0,298.86,2.0,296.34,30.0,296.36,846.0
1753594408181,05:33:28.181,blofin,AAVE/USDT:USDT,298.88,8.0,298.86,514.0,296.34,30.0,296.36,846.0
1753594408965,05:33:28.965,blofin,AAVE/USDT:USDT,298.88,11.0,298.86,191.0,296.34,30.0,296.36,846.0
1753594409684,05:33:29.684,blofin,AAVE/USDT:USDT,298.88,11.0,298.86,191.0,296.34,30.0,296.36,846.0
1753594410183,05:33:30.183,blofin,AAVE/USDT:USDT,298.88,14.0,298.85,187.0,296.34,30.0,296.36,846.0
1753594410651,05:33:30.651,blofin,AAVE/USDT:USDT,298.86,9.0,298.85,556.0,296.34,30.0,296.36,846.0
1753594495532,05:34:55.532,blofin,AAVE/USDT:USDT,298.86,9.0,298.85,556.0,296.34,30.0,296.36,846.0
1753594496044,05:34:56.044,blofin,AAVE/USDT:USDT,298.86,9.0,298.85,556.0,296.34,30.0,296.36,846.0
1753594496814,05:34:56.814,blofin,AAVE/USDT:USDT,298.86,9.0,298.85,556.0,296.34,30.0,296.36,846.0
1753594497314,05:34:57.314,blofin,AAVE/USDT:USDT,298.86,9.0,298.85,556.0,296.34,30.0,296.36,846.0
1753594498315,05:34:58.315,blofin,AAVE/USDT:USDT,298.86,9.0,298.85,556.0,296.34,30.0,296.36,846.0
1753594499029,05:34:59.029,blofin,AAVE/USDT:USDT,298.86,9.0,298.85,556.0,296.34,30.0,296.36,846.0
1753594499392,05:34:59.392,blofin,AAVE/USDT:USDT,298.86,9.0,298.85,556.0,296.34,30.0,296.36,846.0
1753594500320,05:35:00.320,blofin,AAVE/USDT:USDT,298.86,9.0,298.85,556.0,296.34,30.0,296.36,846.0
1753594501036,05:35:01.036,blofin,AAVE/USDT:USDT,298.86,9.0,298.85,556.0,296.34,30.0,296.36,846.0
1753594501322,05:35:01.322,blofin,AAVE/USDT:USDT,298.86,9.0,298.85,556.0,296.34,30.0,296.36,846.0
1753594502322,05:35:02.322,blofin,AAVE/USDT:USDT,298.86,9.0,298.85,556.0,296.34,30.0,296.36,846.0
1753594503034,05:35:03.034,blofin,AAVE/USDT:USDT,298.86,9.0,298.85,556.0,296.34,30.0,296.36,846.0
1753594504036,05:35:04.036,blofin,AAVE/USDT:USDT,298.86,9.0,298.85,556.0,296.34,30.0,296.36,846.0
1753594505034,05:35:05.034,blofin,AAVE/USDT:USDT,298.86,9.0,298.85,556.0,296.34,30.0,296.36,846.0
1753594505828,05:35:05.828,blofin,AAVE/USDT:USDT,298.86,9.0,298.85,556.0,296.34,30.0,296.36,846.0
1753594506830,05:35:06.830,blofin,AAVE/USDT:USDT,298.86,9.0,298.85,556.0,296.34,30.0,296.36,846.0
1753594615485,05:36:55.485,blofin,AAVE/USDT:USDT,298.86,9.0,298.85,556.0,296.34,30.0,296.36,846.0
1753594616486,05:36:56.486,blofin,AAVE/USDT:USDT,298.86,9.0,298.85,556.0,296.34,30.0,296.36,846.0
1753594616986,05:36:56.986,blofin,AAVE/USDT:USDT,298.86,9.0,298.85,556.0,296.34,30.0,296.36,846.0
1753594617488,05:36:57.488,blofin,AAVE/USDT:USDT,298.86,9.0,298.85,556.0,296.34,30.0,296.36,846.0
1753594618117,05:36:58.117,blofin,AAVE/USDT:USDT,298.86,9.0,298.85,556.0,296.34,30.0,296.36,846.0
1753594619118,05:36:59.118,blofin,AAVE/USDT:USDT,298.86,9.0,298.85,556.0,296.34,30.0,296.36,846.0
1753594619991,05:36:59.991,blofin,AAVE/USDT:USDT,298.86,9.0,298.85,556.0,296.34,30.0,296.36,846.0
1753594620492,05:37:00.492,blofin,AAVE/USDT:USDT,298.86,9.0,298.85,556.0,296.34,30.0,296.36,846.0
1753594621120,05:37:01.120,blofin,AAVE/USDT:USDT,298.86,9.0,298.85,556.0,296.34,30.0,296.36,846.0
1753594621994,05:37:01.994,blofin,AAVE/USDT:USDT,298.86,9.0,298.85,556.0,296.34,30.0,296.36,846.0
1753594622547,05:37:02.547,blofin,AAVE/USDT:USDT,298.86,9.0,298.85,556.0,296.34,30.0,296.36,846.0
1753594623122,05:37:03.122,blofin,AAVE/USDT:USDT,298.86,9.0,298.85,556.0,296.34,30.0,296.36,846.0
1753594623998,05:37:03.998,blofin,AAVE/USDT:USDT,298.86,9.0,298.85,556.0,296.34,30.0,296.36,846.0
1753594624602,05:37:04.602,blofin,AAVE/USDT:USDT,298.86,9.0,298.85,556.0,296.34,30.0,296.36,846.0
1753594625182,05:37:05.182,blofin,AAVE/USDT:USDT,298.86,9.0,298.85,556.0,296.34,30.0,296.36,846.0
1753594626001,05:37:06.001,blofin,AAVE/USDT:USDT,298.86,9.0,298.85,556.0,296.34,30.0,296.36,846.0
1753594626600,05:37:06.600,blofin,AAVE/USDT:USDT,298.86,9.0,298.85,556.0,296.34,30.0,296.36,846.0
1753594627128,05:37:07.128,blofin,AAVE/USDT:USDT,298.86,9.0,298.85,556.0,296.34,30.0,296.36,846.0
1753594720644,05:38:40.644,blofin,AAVE/USDT:USDT,298.86,9.0,298.85,556.0,296.34,30.0,296.36,846.0
1753594721199,05:38:41.199,blofin,AAVE/USDT:USDT,298.86,9.0,298.85,556.0,296.34,30.0,296.36,846.0
1753594722146,05:38:42.146,blofin,AAVE/USDT:USDT,298.86,9.0,298.85,556.0,296.34,30.0,296.36,846.0
1753594722648,05:38:42.648,blofin,AAVE/USDT:USDT,298.86,9.0,298.85,556.0,296.34,30.0,296.36,846.0
1753594723149,05:38:43.149,blofin,AAVE/USDT:USDT,298.86,9.0,298.85,556.0,296.34,30.0,296.36,846.0
1753594723649,05:38:43.649,blofin,AAVE/USDT:USDT,298.86,9.0,298.85,556.0,296.34,30.0,296.36,846.0
1753594724650,05:38:44.650,blofin,AAVE/USDT:USDT,298.86,9.0,298.85,556.0,296.34,30.0,296.36,846.0
1753594725151,05:38:45.151,blofin,AAVE/USDT:USDT,298.86,9.0,298.85,556.0,296.34,30.0,296.36,846.0
1753594725652,05:38:45.652,blofin,AAVE/USDT:USDT,298.86,9.0,298.85,556.0,296.34,30.0,296.36,846.0
1753594726654,05:38:46.654,blofin,AAVE/USDT:USDT,298.86,9.0,298.85,556.0,296.34,30.0,296.36,846.0
1753594727154,05:38:47.154,blofin,AAVE/USDT:USDT,298.86,9.0,298.85,556.0,296.34,30.0,296.36,846.0
1753594727653,05:38:47.653,blofin,AAVE/USDT:USDT,298.86,9.0,298.85,556.0,296.34,30.0,296.36,846.0
1753594728656,05:38:48.656,blofin,AAVE/USDT:USDT,298.86,9.0,298.85,556.0,296.34,30.0,296.36,846.0
1753594729158,05:38:49.158,blofin,AAVE/USDT:USDT,298.86,9.0,298.85,556.0,296.34,30.0,296.36,846.0
1753594809261,05:40:09.261,blofin,AAVE/USDT:USDT,298.89,58.0,298.88,3.0,296.34,30.0,296.36,846.0
1753594810266,05:40:10.266,blofin,AAVE/USDT:USDT,298.9,66.0,298.89,2.0,296.34,30.0,296.36,846.0
1753594810774,05:40:10.774,blofin,AAVE/USDT:USDT,298.9,70.0,298.87,20.0,296.34,30.0,296.36,846.0
1753594811776,05:40:11.776,blofin,AAVE/USDT:USDT,298.9,47.0,298.87,166.0,296.34,30.0,296.36,846.0
1753594812264,05:40:12.264,blofin,AAVE/USDT:USDT,298.9,48.0,298.88,456.0,296.34,30.0,296.36,846.0
1753594812776,05:40:12.776,blofin,AAVE/USDT:USDT,298.9,48.0,298.88,456.0,296.34,30.0,296.36,846.0
1753594813620,05:40:13.620,blofin,AAVE/USDT:USDT,298.85,556.0,298.84,13.0,296.34,30.0,296.36,846.0
1753594814267,05:40:14.267,blofin,AAVE/USDT:USDT,298.86,14.0,298.85,4.0,296.34,30.0,296.36,846.0
1753594814780,05:40:14.780,blofin,AAVE/USDT:USDT,298.86,14.0,298.85,4.0,296.34,30.0,296.36,846.0
1753594815490,05:40:15.490,blofin,AAVE/USDT:USDT,298.85,4.0,298.84,13.0,296.34,30.0,296.36,846.0
1753594815781,05:40:15.781,blofin,AAVE/USDT:USDT,298.82,16.0,298.81,678.0,296.34,30.0,296.36,846.0
1753594816786,05:40:16.786,blofin,AAVE/USDT:USDT,298.82,37.0,298.81,124.0,296.34,30.0,296.36,846.0
1753594817447,05:40:17.447,blofin,AAVE/USDT:USDT,298.73,35.0,298.71,126.0,296.34,30.0,296.36,846.0
1753594818268,05:40:18.268,blofin,AAVE/USDT:USDT,298.74,7.0,298.72,187.0,296.34,30.0,296.36,846.0
1753594906418,05:41:46.418,blofin,AAVE/USDT:USDT,298.74,7.0,298.72,187.0,296.34,30.0,296.36,846.0
1753594907337,05:41:47.337,blofin,AAVE/USDT:USDT,298.74,7.0,298.72,187.0,296.34,30.0,296.36,846.0
1753594907920,05:41:47.920,blofin,AAVE/USDT:USDT,298.74,7.0,298.72,187.0,296.34,30.0,296.36,846.0
1753594908421,05:41:48.421,blofin,AAVE/USDT:USDT,298.74,7.0,298.72,187.0,296.34,30.0,296.36,846.0
1753594909425,05:41:49.425,blofin,AAVE/USDT:USDT,298.74,7.0,298.72,187.0,296.34,30.0,296.36,846.0
1753594910426,05:41:50.426,blofin,AAVE/USDT:USDT,298.74,7.0,298.72,187.0,296.34,30.0,296.36,846.0
1753594911400,05:41:51.400,blofin,AAVE/USDT:USDT,298.74,7.0,298.72,187.0,296.34,30.0,296.36,846.0
1753594911926,05:41:51.926,blofin,AAVE/USDT:USDT,298.74,7.0,298.72,187.0,296.34,30.0,296.36,846.0
1753594912426,05:41:52.426,blofin,AAVE/USDT:USDT,298.74,7.0,298.72,187.0,296.34,30.0,296.36,846.0
1753594913429,05:41:53.429,blofin,AAVE/USDT:USDT,298.74,7.0,298.72,187.0,296.34,30.0,296.36,846.0
1753594913929,05:41:53.929,blofin,AAVE/USDT:USDT,298.74,7.0,298.72,187.0,296.34,30.0,296.36,846.0
1753594914651,05:41:54.651,blofin,AAVE/USDT:USDT,298.74,7.0,298.72,187.0,296.34,30.0,296.36,846.0
1753594915431,05:41:55.431,blofin,AAVE/USDT:USDT,298.74,7.0,298.72,187.0,296.34,30.0,296.36,846.0
1753594915932,05:41:55.932,blofin,AAVE/USDT:USDT,298.74,7.0,298.72,187.0,296.34,30.0,296.36,846.0
1753594916431,05:41:56.431,blofin,AAVE/USDT:USDT,298.74,7.0,298.72,187.0,296.34,30.0,296.36,846.0
1753594917432,05:41:57.432,blofin,AAVE/USDT:USDT,298.74,7.0,298.72,187.0,296.34,30.0,296.36,846.0
1753594917935,05:41:57.935,blofin,AAVE/USDT:USDT,298.74,7.0,298.72,187.0,296.34,30.0,296.36,846.0
1753595017589,05:43:37.589,blofin,AAVE/USDT:USDT,298.74,7.0,298.72,187.0,296.34,30.0,296.36,846.0
1753595018591,05:43:38.591,blofin,AAVE/USDT:USDT,298.74,7.0,298.72,187.0,296.34,30.0,296.36,846.0
1753595019092,05:43:39.092,blofin,AAVE/USDT:USDT,298.74,7.0,298.72,187.0,296.34,30.0,296.36,846.0
1753595019593,05:43:39.593,blofin,AAVE/USDT:USDT,298.74,7.0,298.72,187.0,296.34,30.0,296.36,846.0
1753595020594,05:43:40.594,blofin,AAVE/USDT:USDT,298.74,7.0,298.72,187.0,296.34,30.0,296.36,846.0
1753595021095,05:43:41.095,blofin,AAVE/USDT:USDT,298.74,7.0,298.72,187.0,296.34,30.0,296.36,846.0
1753595021597,05:43:41.597,blofin,AAVE/USDT:USDT,298.74,7.0,298.72,187.0,296.34,30.0,296.36,846.0
1753595022599,05:43:42.599,blofin,AAVE/USDT:USDT,298.74,7.0,298.72,187.0,296.34,30.0,296.36,846.0
1753595023100,05:43:43.100,blofin,AAVE/USDT:USDT,298.74,7.0,298.72,187.0,296.34,30.0,296.36,846.0
1753595024603,05:43:44.603,blofin,AAVE/USDT:USDT,298.74,7.0,298.72,187.0,296.34,30.0,296.36,846.0
1753595025423,05:43:45.423,blofin,AAVE/USDT:USDT,298.74,7.0,298.72,187.0,296.34,30.0,296.36,846.0
1753595026104,05:43:46.104,blofin,AAVE/USDT:USDT,298.74,7.0,298.72,187.0,296.34,30.0,296.36,846.0
1753595101709,05:45:01.709,blofin,AAVE/USDT:USDT,298.74,7.0,298.72,187.0,296.34,30.0,296.36,846.0
1753595102713,05:45:02.713,blofin,AAVE/USDT:USDT,298.74,7.0,298.72,187.0,296.34,30.0,296.36,846.0
1753595103214,05:45:03.214,blofin,AAVE/USDT:USDT,298.74,7.0,298.72,187.0,296.34,30.0,296.36,846.0
1753595103716,05:45:03.716,blofin,AAVE/USDT:USDT,298.74,7.0,298.72,187.0,296.34,30.0,296.36,846.0
1753595104716,05:45:04.716,blofin,AAVE/USDT:USDT,298.74,7.0,298.72,187.0,296.34,30.0,296.36,846.0
1753595105484,05:45:05.484,blofin,AAVE/USDT:USDT,298.74,7.0,298.72,187.0,296.34,30.0,296.36,846.0
1753595106218,05:45:06.218,blofin,AAVE/USDT:USDT,298.74,7.0,298.72,187.0,296.34,30.0,296.36,846.0
1753595106718,05:45:06.718,blofin,AAVE/USDT:USDT,298.74,7.0,298.72,187.0,296.34,30.0,296.36,846.0
1753595107720,05:45:07.720,blofin,AAVE/USDT:USDT,298.74,7.0,298.72,187.0,296.34,30.0,296.36,846.0
1753595108482,05:45:08.482,blofin,AAVE/USDT:USDT,298.74,7.0,298.72,187.0,296.34,30.0,296.36,846.0
1753595108721,05:45:08.721,blofin,AAVE/USDT:USDT,298.74,7.0,298.72,187.0,296.34,30.0,296.36,846.0
1753595109725,05:45:09.725,blofin,AAVE/USDT:USDT,298.74,7.0,298.72,187.0,296.34,30.0,296.36,846.0
1753595110483,05:45:10.483,blofin,AAVE/USDT:USDT,298.74,7.0,298.72,187.0,296.34,30.0,296.36,846.0
1753595111226,05:45:11.226,blofin,AAVE/USDT:USDT,298.74,7.0,298.72,187.0,296.34,30.0,296.36,846.0
1753595111730,05:45:11.730,blofin,AAVE/USDT:USDT,298.74,7.0,298.72,187.0,296.34,30.0,296.36,846.0
1753595112486,05:45:12.486,blofin,AAVE/USDT:USDT,298.74,7.0,298.72,187.0,296.34,30.0,296.36,846.0
1753595113190,05:45:13.190,blofin,AAVE/USDT:USDT,298.74,7.0,298.72,187.0,296.34,30.0,296.36,846.0
1753595113729,05:45:13.729,blofin,AAVE/USDT:USDT,298.74,7.0,298.72,187.0,296.34,30.0,296.36,846.0
1753595114484,05:45:14.484,blofin,AAVE/USDT:USDT,298.74,7.0,298.72,187.0,296.34,30.0,296.36,846.0
1753595227563,05:47:07.563,blofin,AAVE/USDT:USDT,298.74,7.0,298.72,187.0,296.34,30.0,296.36,846.0
1753595228392,05:47:08.392,blofin,AAVE/USDT:USDT,298.74,7.0,298.72,187.0,296.34,30.0,296.36,846.0
1753595228894,05:47:08.894,blofin,AAVE/USDT:USDT,298.74,7.0,298.72,187.0,296.34,30.0,296.36,846.0
1753595229894,05:47:09.894,blofin,AAVE/USDT:USDT,298.74,7.0,298.72,187.0,296.34,30.0,296.36,846.0
1753595231396,05:47:11.396,blofin,AAVE/USDT:USDT,298.74,7.0,298.72,187.0,296.34,30.0,296.36,846.0
1753595231903,05:47:11.903,blofin,AAVE/USDT:USDT,298.74,7.0,298.72,187.0,296.34,30.0,296.36,846.0
1753595232898,05:47:12.898,blofin,AAVE/USDT:USDT,298.74,7.0,298.72,187.0,296.34,30.0,296.36,846.0
1753595233568,05:47:13.568,blofin,AAVE/USDT:USDT,298.74,7.0,298.72,187.0,296.34,30.0,296.36,846.0
1753595233900,05:47:13.900,blofin,AAVE/USDT:USDT,298.74,7.0,298.72,187.0,296.34,30.0,296.36,846.0
1753595234900,05:47:14.900,blofin,AAVE/USDT:USDT,298.74,7.0,298.72,187.0,296.34,30.0,296.36,846.0
1753595235571,05:47:15.571,blofin,AAVE/USDT:USDT,298.74,7.0,298.72,187.0,296.34,30.0,296.36,846.0
1753595235902,05:47:15.902,blofin,AAVE/USDT:USDT,298.74,7.0,298.72,187.0,296.34,30.0,296.36,846.0
1753595328043,05:48:48.043,blofin,AAVE/USDT:USDT,298.74,7.0,298.72,187.0,296.34,30.0,296.36,846.0
1753595328646,05:48:48.646,blofin,AAVE/USDT:USDT,298.74,7.0,298.72,187.0,296.34,30.0,296.36,846.0
1753595329113,05:48:49.113,blofin,AAVE/USDT:USDT,298.74,7.0,298.72,187.0,296.34,30.0,296.36,846.0
1753595329646,05:48:49.646,blofin,AAVE/USDT:USDT,298.74,7.0,298.72,187.0,296.34,30.0,296.36,846.0
1753595330329,05:48:50.329,blofin,AAVE/USDT:USDT,298.74,7.0,298.72,187.0,296.34,30.0,296.36,846.0
1753595331049,05:48:51.049,blofin,AAVE/USDT:USDT,298.74,7.0,298.72,187.0,296.34,30.0,296.36,846.0
1753595331647,05:48:51.647,blofin,AAVE/USDT:USDT,298.74,7.0,298.72,187.0,296.34,30.0,296.36,846.0
1753595332051,05:48:52.051,blofin,AAVE/USDT:USDT,298.74,7.0,298.72,187.0,296.34,30.0,296.36,846.0
1753595332691,05:48:52.691,blofin,AAVE/USDT:USDT,298.74,7.0,298.72,187.0,296.34,30.0,296.36,846.0
1753595333651,05:48:53.651,blofin,AAVE/USDT:USDT,298.74,7.0,298.72,187.0,296.34,30.0,296.36,846.0
1753595334054,05:48:54.054,blofin,AAVE/USDT:USDT,298.74,7.0,298.72,187.0,296.34,30.0,296.36,846.0
1753595335055,05:48:55.055,blofin,AAVE/USDT:USDT,298.74,7.0,298.72,187.0,296.34,30.0,296.36,846.0
1753595335651,05:48:55.651,blofin,AAVE/USDT:USDT,298.74,7.0,298.72,187.0,296.34,30.0,296.36,846.0
1753595336560,05:48:56.560,blofin,AAVE/USDT:USDT,298.74,7.0,298.72,187.0,296.34,30.0,296.36,846.0
1753595337061,05:48:57.061,blofin,AAVE/USDT:USDT,298.74,7.0,298.72,187.0,296.34,30.0,296.36,846.0
1753595337654,05:48:57.654,blofin,AAVE/USDT:USDT,298.74,7.0,298.72,187.0,296.34,30.0,296.36,846.0
1753595338563,05:48:58.563,blofin,AAVE/USDT:USDT,298.74,7.0,298.72,187.0,296.34,30.0,296.36,846.0
1753595339063,05:48:59.063,blofin,AAVE/USDT:USDT,298.74,7.0,298.72,187.0,296.34,30.0,296.36,846.0
1753595339655,05:48:59.655,blofin,AAVE/USDT:USDT,298.74,7.0,298.72,187.0,296.34,30.0,296.36,846.0
1753595455239,05:50:55.239,blofin,AAVE/USDT:USDT,298.74,7.0,298.72,187.0,296.34,30.0,296.36,846.0
1753595456431,05:50:56.431,blofin,AAVE/USDT:USDT,298.74,7.0,298.72,187.0,296.34,30.0,296.36,846.0
1753595456737,05:50:56.737,blofin,AAVE/USDT:USDT,298.74,7.0,298.72,187.0,296.34,30.0,296.36,846.0
1753595457737,05:50:57.737,blofin,AAVE/USDT:USDT,298.74,7.0,298.72,187.0,296.34,30.0,296.36,846.0
1753595458339,05:50:58.339,blofin,AAVE/USDT:USDT,298.74,7.0,298.72,187.0,296.34,30.0,296.36,846.0
1753595458737,05:50:58.737,blofin,AAVE/USDT:USDT,298.74,7.0,298.72,187.0,296.34,30.0,296.36,846.0
1753595459737,05:50:59.737,blofin,AAVE/USDT:USDT,298.74,7.0,298.72,187.0,296.34,30.0,296.36,846.0
1753595460239,05:51:00.239,blofin,AAVE/USDT:USDT,298.74,7.0,298.72,187.0,296.34,30.0,296.36,846.0
1753595461742,05:51:01.742,blofin,AAVE/USDT:USDT,298.74,7.0,298.72,187.0,296.34,30.0,296.36,846.0
1753595462242,05:51:02.242,blofin,AAVE/USDT:USDT,298.74,7.0,298.72,187.0,296.34,30.0,296.36,846.0
1753595462743,05:51:02.743,blofin,AAVE/USDT:USDT,298.74,7.0,298.72,187.0,296.34,30.0,296.36,846.0
1753595463513,05:51:03.513,blofin,AAVE/USDT:USDT,298.74,7.0,298.72,187.0,296.34,30.0,296.36,846.0
1753595549732,05:52:29.732,blofin,AAVE/USDT:USDT,298.74,7.0,298.72,187.0,296.34,30.0,296.36,846.0
1753595550366,05:52:30.366,blofin,AAVE/USDT:USDT,298.74,7.0,298.72,187.0,296.34,30.0,296.36,846.0
1753595550868,05:52:30.868,blofin,AAVE/USDT:USDT,298.74,7.0,298.72,187.0,296.34,30.0,296.36,846.0
1753595551367,05:52:31.367,blofin,AAVE/USDT:USDT,298.74,7.0,298.72,187.0,296.34,30.0,296.36,846.0
1753595551869,05:52:31.869,blofin,AAVE/USDT:USDT,298.74,7.0,298.72,187.0,296.34,30.0,296.36,846.0
1753595552871,05:52:32.871,blofin,AAVE/USDT:USDT,298.74,7.0,298.72,187.0,296.34,30.0,296.36,846.0
1753595554373,05:52:34.373,blofin,AAVE/USDT:USDT,298.74,7.0,298.72,187.0,296.34,30.0,296.36,846.0
1753595554872,05:52:34.872,blofin,AAVE/USDT:USDT,298.74,7.0,298.72,187.0,296.34,30.0,296.36,846.0
1753595555874,05:52:35.874,blofin,AAVE/USDT:USDT,298.74,7.0,298.72,187.0,296.34,30.0,296.36,846.0
1753595556374,05:52:36.374,blofin,AAVE/USDT:USDT,298.74,7.0,298.72,187.0,296.34,30.0,296.36,846.0
1753595556876,05:52:36.876,blofin,AAVE/USDT:USDT,298.74,7.0,298.72,187.0,296.34,30.0,296.36,846.0
1753595557880,05:52:37.880,blofin,AAVE/USDT:USDT,298.74,7.0,298.72,187.0,296.34,30.0,296.36,846.0
1753595558878,05:52:38.878,blofin,AAVE/USDT:USDT,298.74,7.0,298.72,187.0,296.34,30.0,296.36,846.0
1753595652887,05:54:12.887,blofin,AAVE/USDT:USDT,298.74,7.0,298.72,187.0,296.34,30.0,296.36,846.0
1753595653521,05:54:13.521,blofin,AAVE/USDT:USDT,298.74,7.0,298.72,187.0,296.34,30.0,296.36,846.0
1753595654023,05:54:14.023,blofin,AAVE/USDT:USDT,298.74,7.0,298.72,187.0,296.34,30.0,296.36,846.0
1753595654523,05:54:14.523,blofin,AAVE/USDT:USDT,298.74,7.0,298.72,187.0,296.34,30.0,296.36,846.0
1753595655024,05:54:15.024,blofin,AAVE/USDT:USDT,298.74,7.0,298.72,187.0,296.34,30.0,296.36,846.0
1753595655891,05:54:15.891,blofin,AAVE/USDT:USDT,298.74,7.0,298.72,187.0,296.34,30.0,296.36,846.0
1753595656527,05:54:16.527,blofin,AAVE/USDT:USDT,298.74,7.0,298.72,187.0,296.34,30.0,296.36,846.0
1753595657027,05:54:17.027,blofin,AAVE/USDT:USDT,298.74,7.0,298.72,187.0,296.34,30.0,296.36,846.0
1753595657528,05:54:17.528,blofin,AAVE/USDT:USDT,298.74,7.0,298.72,187.0,296.34,30.0,296.36,846.0
1753595658029,05:54:18.029,blofin,AAVE/USDT:USDT,298.74,7.0,298.72,187.0,296.34,30.0,296.36,846.0
1753595658894,05:54:18.894,blofin,AAVE/USDT:USDT,298.74,7.0,298.72,187.0,296.34,30.0,296.36,846.0
1753595659530,05:54:19.530,blofin,AAVE/USDT:USDT,298.74,7.0,298.72,187.0,296.34,30.0,296.36,846.0
1753595660031,05:54:20.031,blofin,AAVE/USDT:USDT,298.74,7.0,298.72,187.0,296.34,30.0,296.36,846.0
1753595660531,05:54:20.531,blofin,AAVE/USDT:USDT,298.74,7.0,298.72,187.0,296.34,30.0,296.36,846.0
1753595661534,05:54:21.534,blofin,AAVE/USDT:USDT,298.74,7.0,298.72,187.0,296.34,30.0,296.36,846.0
