timestamp,time,exchange,symbol,bid1_price,bid1_volume,bid2_price,bid2_volume,ask1_price,ask1_volume,ask2_price,ask2_volume
1753591885291,04:51:25.291,bybit,AAVE/USDT:USDT,296.55,2.52,296.53,0.04,296.56,2.44,296.57,0.07
1753591885491,04:51:25.491,bybit,AAVE/USDT:USDT,296.55,2.52,296.53,0.04,296.56,2.44,296.58,5.64
1753591885591,04:51:25.591,bybit,AAVE/USDT:USDT,296.55,2.52,296.53,0.04,296.56,2.44,296.58,5.64
1753591885691,04:51:25.691,bybit,AAVE/USDT:USDT,296.55,2.52,296.53,0.04,296.56,2.44,296.58,5.64
1753591885891,04:51:25.891,bybit,AAVE/USDT:USDT,296.55,2.52,296.53,0.04,296.56,2.44,296.58,5.64
1753591885991,04:51:25.991,bybit,AAVE/USDT:USDT,296.55,2.52,296.53,0.04,296.56,2.44,296.58,5.64
1753591886291,04:51:26.291,bybit,AAVE/USDT:USDT,296.55,2.52,296.53,0.04,296.56,2.44,296.58,5.64
1753591886391,04:51:26.391,bybit,AAVE/USDT:USDT,296.55,2.52,296.53,0.04,296.56,2.44,296.58,5.64
1753591886491,04:51:26.491,bybit,AAVE/USDT:USDT,296.55,2.52,296.53,0.04,296.56,2.76,296.58,5.64
1753591886591,04:51:26.591,bybit,AAVE/USDT:USDT,296.55,2.52,296.53,0.04,296.56,2.76,296.58,5.64
1753591886691,04:51:26.691,bybit,AAVE/USDT:USDT,296.55,2.52,296.53,0.04,296.56,2.76,296.58,5.64
1753591886791,04:51:26.791,bybit,AAVE/USDT:USDT,296.55,2.52,296.53,0.04,296.56,2.76,296.58,5.64
1753591886891,04:51:26.891,bybit,AAVE/USDT:USDT,296.55,2.52,296.53,0.04,296.56,2.76,296.58,5.64
1753591887491,04:51:27.491,bybit,AAVE/USDT:USDT,296.55,2.52,296.53,0.04,296.56,2.76,296.58,5.02
1753591887690,04:51:27.690,bybit,AAVE/USDT:USDT,296.55,2.52,296.53,0.04,296.56,2.76,296.58,5.02
1753591887793,04:51:27.793,bybit,AAVE/USDT:USDT,296.55,2.52,296.53,0.04,296.56,2.76,296.58,5.02
1753591887891,04:51:27.891,bybit,AAVE/USDT:USDT,296.55,2.52,296.53,0.04,296.56,2.76,296.58,5.02
1753591888991,04:51:28.991,bybit,AAVE/USDT:USDT,296.55,2.52,296.53,0.04,296.56,2.76,296.58,5.02
1753591889091,04:51:29.091,bybit,AAVE/USDT:USDT,296.55,3.25,296.53,0.04,296.56,4.26,296.58,5.02
1753591889191,04:51:29.191,bybit,AAVE/USDT:USDT,296.55,3.25,296.53,0.04,296.56,4.26,296.58,5.02
1753591889591,04:51:29.591,bybit,AAVE/USDT:USDT,296.55,3.25,296.53,0.04,296.56,4.26,296.57,0.32
1753591889691,04:51:29.691,bybit,AAVE/USDT:USDT,296.55,3.24,296.53,0.04,296.56,4.26,296.57,0.32
1753591889991,04:51:29.991,bybit,AAVE/USDT:USDT,296.55,3.24,296.53,0.04,296.56,4.26,296.57,0.32
1753591890091,04:51:30.091,bybit,AAVE/USDT:USDT,296.55,3.24,296.53,0.04,296.56,4.26,296.57,0.32
1753591890190,04:51:30.190,bybit,AAVE/USDT:USDT,296.55,3.24,296.53,0.04,296.56,4.26,296.57,0.32
1753591890491,04:51:30.491,bybit,AAVE/USDT:USDT,296.55,3.24,296.53,0.04,296.56,4.26,296.57,0.32
1753591890596,04:51:30.596,bybit,AAVE/USDT:USDT,296.55,3.24,296.53,0.04,296.56,4.26,296.57,0.32
1753591890691,04:51:30.691,bybit,AAVE/USDT:USDT,296.55,2.99,296.53,0.04,296.56,4.26,296.57,0.32
1753591890791,04:51:30.791,bybit,AAVE/USDT:USDT,296.55,2.99,296.53,0.04,296.56,4.26,296.57,0.32
1753591890891,04:51:30.891,bybit,AAVE/USDT:USDT,296.55,2.99,296.53,0.04,296.56,2.76,296.57,0.32
1753591890991,04:51:30.991,bybit,AAVE/USDT:USDT,296.55,2.99,296.53,0.04,296.56,2.76,296.57,0.32
1753591891091,04:51:31.091,bybit,AAVE/USDT:USDT,296.55,2.99,296.53,0.84,296.56,2.76,296.57,0.32
1753591891291,04:51:31.291,bybit,AAVE/USDT:USDT,296.55,2.99,296.53,0.84,296.56,2.76,296.57,0.32
1753591891392,04:51:31.392,bybit,AAVE/USDT:USDT,296.55,2.99,296.53,0.84,296.56,2.76,296.57,0.32
1753591891491,04:51:31.491,bybit,AAVE/USDT:USDT,296.55,2.99,296.53,0.84,296.56,2.44,296.58,5.02
1753591891591,04:51:31.591,bybit,AAVE/USDT:USDT,296.55,2.99,296.53,0.84,296.56,2.44,296.58,5.02
1753591891691,04:51:31.691,bybit,AAVE/USDT:USDT,296.55,3.79,296.54,0.8,296.56,2.44,296.58,5.02
1753591891793,04:51:31.793,bybit,AAVE/USDT:USDT,296.55,3.79,296.54,0.8,296.56,2.44,296.58,5.02
1753591891891,04:51:31.891,bybit,AAVE/USDT:USDT,296.55,3.79,296.54,0.8,296.56,1.83,296.58,5.02
1753591892091,04:51:32.091,bybit,AAVE/USDT:USDT,296.55,3.79,296.54,0.8,296.56,1.83,296.58,5.02
1753591892190,04:51:32.190,bybit,AAVE/USDT:USDT,296.55,2.99,296.53,0.84,296.56,1.83,296.58,5.02
1753591892391,04:51:32.391,bybit,AAVE/USDT:USDT,296.55,2.99,296.53,0.04,296.56,1.83,296.58,5.02
1753591892491,04:51:32.491,bybit,AAVE/USDT:USDT,296.55,2.99,296.53,0.84,296.56,1.83,296.58,5.02
1753591892591,04:51:32.591,bybit,AAVE/USDT:USDT,296.55,2.99,296.53,0.84,296.56,1.83,296.58,5.02
1753591892791,04:51:32.791,bybit,AAVE/USDT:USDT,296.55,3.79,296.54,0.8,296.56,0.92,296.58,0.13
1753591892891,04:51:32.891,bybit,AAVE/USDT:USDT,296.55,3.79,296.54,0.8,296.56,0.92,296.58,0.13
1753591892991,04:51:32.991,bybit,AAVE/USDT:USDT,296.55,3.79,296.54,0.8,296.56,0.92,296.58,0.13
1753591893091,04:51:33.091,bybit,AAVE/USDT:USDT,296.55,3.79,296.54,0.8,296.56,0.92,296.58,0.13
1753591893191,04:51:33.191,bybit,AAVE/USDT:USDT,296.55,3.79,296.54,0.8,296.56,0.92,296.58,3.5
1753591893291,04:51:33.291,bybit,AAVE/USDT:USDT,296.55,3.79,296.54,0.8,296.56,0.92,296.58,3.5
1753591893391,04:51:33.391,bybit,AAVE/USDT:USDT,296.55,2.99,296.53,0.84,296.56,0.92,296.58,3.5
1753591893491,04:51:33.491,bybit,AAVE/USDT:USDT,296.55,2.99,296.53,0.84,296.56,0.92,296.58,3.5
1753591893592,04:51:33.592,bybit,AAVE/USDT:USDT,296.55,2.99,296.53,0.84,296.56,0.92,296.58,3.5
1753591893691,04:51:33.691,bybit,AAVE/USDT:USDT,296.55,2.99,296.53,0.84,296.56,0.92,296.58,3.5
1753591893890,04:51:33.890,bybit,AAVE/USDT:USDT,296.55,2.99,296.53,2.86,296.56,0.92,296.58,3.5
1753591894391,04:51:34.391,bybit,AAVE/USDT:USDT,296.55,2.99,296.53,2.86,296.56,0.92,296.58,3.5
1753591894491,04:51:34.491,bybit,AAVE/USDT:USDT,296.55,2.99,296.53,2.06,296.56,0.92,296.58,3.5
1753591894891,04:51:34.891,bybit,AAVE/USDT:USDT,296.55,2.99,296.53,0.04,296.56,2.41,296.58,5.06
1753591894991,04:51:34.991,bybit,AAVE/USDT:USDT,296.55,2.99,296.53,0.04,296.56,2.41,296.58,5.06
1753591895191,04:51:35.191,bybit,AAVE/USDT:USDT,296.55,2.99,296.53,0.04,296.56,2.41,296.58,4.99
1753591895391,04:51:35.391,bybit,AAVE/USDT:USDT,296.55,2.99,296.53,0.04,296.56,2.41,296.58,4.99
1753591895591,04:51:35.591,bybit,AAVE/USDT:USDT,296.55,2.99,296.53,0.04,296.56,2.41,296.58,4.99
1753591896191,04:51:36.191,bybit,AAVE/USDT:USDT,296.55,2.99,296.53,0.04,296.56,3.91,296.57,0.62
1753591897091,04:51:37.091,bybit,AAVE/USDT:USDT,296.55,2.99,296.53,0.04,296.56,7.54,296.58,4.99
1753591897391,04:51:37.391,bybit,AAVE/USDT:USDT,296.55,2.99,296.53,0.04,296.56,7.54,296.58,4.99
1753591897794,04:51:37.794,bybit,AAVE/USDT:USDT,296.55,3.0,296.53,0.04,296.56,7.54,296.58,5.06
1753591897891,04:51:37.891,bybit,AAVE/USDT:USDT,296.55,3.0,296.53,0.04,296.56,7.54,296.58,5.06
1753591898290,04:51:38.290,bybit,AAVE/USDT:USDT,296.55,3.0,296.53,0.04,296.56,7.54,296.58,5.06
1753591898391,04:51:38.391,bybit,AAVE/USDT:USDT,296.55,3.0,296.53,0.04,296.56,7.54,296.58,4.99
1753591898491,04:51:38.491,bybit,AAVE/USDT:USDT,296.55,3.0,296.53,0.04,296.56,11.86,296.58,4.99
1753591898592,04:51:38.592,bybit,AAVE/USDT:USDT,296.55,3.0,296.53,0.04,296.56,11.86,296.58,4.99
1753591898791,04:51:38.791,bybit,AAVE/USDT:USDT,296.55,3.49,296.53,0.04,296.56,11.86,296.58,4.99
1753591898891,04:51:38.891,bybit,AAVE/USDT:USDT,296.55,3.49,296.53,0.04,296.56,11.86,296.58,7.01
1753591899191,04:51:39.191,bybit,AAVE/USDT:USDT,296.55,3.49,296.54,0.8,296.56,11.86,296.58,7.01
1753591899591,04:51:39.591,bybit,AAVE/USDT:USDT,296.55,4.99,296.54,1.42,296.56,10.37,296.58,1.62
1753591899691,04:51:39.691,bybit,AAVE/USDT:USDT,296.57,20.5,296.56,10.62,296.59,0.13,296.6,0.9
1753591899794,04:51:39.794,bybit,AAVE/USDT:USDT,296.58,8.19,296.57,13.04,296.59,0.09,296.6,0.9
1753591899891,04:51:39.891,bybit,AAVE/USDT:USDT,296.58,9.5,296.57,12.13,296.59,0.09,296.6,0.9
1753591899991,04:51:39.991,bybit,AAVE/USDT:USDT,296.58,10.23,296.57,12.13,296.59,0.09,296.6,0.9
1753591900090,04:51:40.090,bybit,AAVE/USDT:USDT,296.58,10.23,296.57,11.45,296.59,0.09,296.6,0.9
1753591900191,04:51:40.191,bybit,AAVE/USDT:USDT,296.58,10.33,296.57,11.45,296.59,0.69,296.6,0.86
1753591900291,04:51:40.291,bybit,AAVE/USDT:USDT,296.58,10.33,296.57,11.45,296.59,0.69,296.6,0.86
1753591900391,04:51:40.391,bybit,AAVE/USDT:USDT,296.58,10.33,296.57,11.45,296.59,0.69,296.6,0.86
1753591900491,04:51:40.491,bybit,AAVE/USDT:USDT,296.58,10.33,296.57,11.45,296.59,0.69,296.6,0.86
1753591900591,04:51:40.591,bybit,AAVE/USDT:USDT,296.58,10.33,296.57,12.13,296.59,0.69,296.6,0.86
1753591900691,04:51:40.691,bybit,AAVE/USDT:USDT,296.6,15.77,296.59,12.73,296.61,2.27,296.62,0.02
1753591900792,04:51:40.792,bybit,AAVE/USDT:USDT,296.6,16.92,296.59,11.93,296.61,2.27,296.62,0.02
1753591900891,04:51:40.891,bybit,AAVE/USDT:USDT,296.6,17.02,296.59,11.93,296.61,2.27,296.62,0.02
1753591900991,04:51:40.991,bybit,AAVE/USDT:USDT,296.6,17.02,296.59,11.93,296.61,2.27,296.62,0.02
1753591901091,04:51:41.091,bybit,AAVE/USDT:USDT,296.6,17.02,296.59,9.73,296.61,2.27,296.62,0.02
1753591901191,04:51:41.191,bybit,AAVE/USDT:USDT,296.6,17.02,296.59,9.73,296.61,2.27,296.62,0.02
1753591901291,04:51:41.291,bybit,AAVE/USDT:USDT,296.6,3.62,296.59,5.38,296.61,2.27,296.62,0.02
1753591901391,04:51:41.391,bybit,AAVE/USDT:USDT,296.6,2.38,296.59,1.64,296.61,2.87,296.62,0.02
1753591901492,04:51:41.492,bybit,AAVE/USDT:USDT,296.6,2.38,296.59,1.64,296.61,4.36,296.62,0.02
1753591901591,04:51:41.591,bybit,AAVE/USDT:USDT,296.6,2.38,296.59,1.64,296.61,2.18,296.62,0.02
1753591901691,04:51:41.691,bybit,AAVE/USDT:USDT,296.6,2.38,296.59,1.64,296.61,2.18,296.62,0.02
1753591901790,04:51:41.790,bybit,AAVE/USDT:USDT,296.6,2.38,296.59,1.64,296.61,2.18,296.62,0.02
1753591901991,04:51:41.991,bybit,AAVE/USDT:USDT,296.6,2.38,296.59,1.64,296.61,2.18,296.62,0.02
1753591902091,04:51:42.091,bybit,AAVE/USDT:USDT,296.6,2.38,296.59,1.64,296.61,2.18,296.62,0.02
1753591902191,04:51:42.191,bybit,AAVE/USDT:USDT,296.6,2.38,296.59,1.64,296.61,2.18,296.62,0.02
1753591902292,04:51:42.292,bybit,AAVE/USDT:USDT,296.6,2.38,296.59,1.64,296.61,2.18,296.62,0.02
1753591902391,04:51:42.391,bybit,AAVE/USDT:USDT,296.6,2.38,296.59,1.64,296.61,2.18,296.62,0.02
1753591902491,04:51:42.491,bybit,AAVE/USDT:USDT,296.6,2.38,296.59,1.64,296.61,2.18,296.62,0.02
1753591902691,04:51:42.691,bybit,AAVE/USDT:USDT,296.6,2.38,296.59,1.64,296.61,2.18,296.62,0.02
1753591902791,04:51:42.791,bybit,AAVE/USDT:USDT,296.6,2.38,296.59,1.64,296.61,2.18,296.62,0.02
1753591902891,04:51:42.891,bybit,AAVE/USDT:USDT,296.6,2.38,296.59,1.64,296.61,2.18,296.62,0.02
1753591902991,04:51:42.991,bybit,AAVE/USDT:USDT,296.6,2.38,296.59,1.64,296.61,2.18,296.62,0.02
1753591903091,04:51:43.091,bybit,AAVE/USDT:USDT,296.6,2.38,296.59,1.64,296.61,2.18,296.62,0.02
1753591903191,04:51:43.191,bybit,AAVE/USDT:USDT,296.6,2.38,296.59,1.64,296.61,2.18,296.62,0.02
1753591903291,04:51:43.291,bybit,AAVE/USDT:USDT,296.6,2.38,296.59,1.64,296.61,2.18,296.62,0.02
1753591903391,04:51:43.391,bybit,AAVE/USDT:USDT,296.6,2.38,296.59,1.64,296.61,2.18,296.62,0.02
1753591903490,04:51:43.490,bybit,AAVE/USDT:USDT,296.6,2.38,296.59,1.64,296.61,2.18,296.62,0.02
1753591903591,04:51:43.591,bybit,AAVE/USDT:USDT,296.6,2.38,296.59,1.64,296.61,2.18,296.62,0.02
1753591903691,04:51:43.691,bybit,AAVE/USDT:USDT,296.6,2.38,296.59,1.64,296.61,2.18,296.62,0.02
1753591903794,04:51:43.794,bybit,AAVE/USDT:USDT,296.6,2.38,296.59,1.64,296.61,2.18,296.62,0.02
1753591903891,04:51:43.891,bybit,AAVE/USDT:USDT,296.61,15.22,296.6,5.48,296.62,0.02,296.63,0.36
1753591903991,04:51:43.991,bybit,AAVE/USDT:USDT,296.61,15.32,296.6,5.38,296.62,0.02,296.63,0.36
1753591904091,04:51:44.091,bybit,AAVE/USDT:USDT,296.61,15.32,296.6,5.38,296.62,0.02,296.63,0.36
1753591904191,04:51:44.191,bybit,AAVE/USDT:USDT,296.61,15.32,296.6,5.38,296.62,0.62,296.63,0.36
1753591904291,04:51:44.291,bybit,AAVE/USDT:USDT,296.61,15.32,296.6,4.11,296.62,0.62,296.63,0.36
1753591904391,04:51:44.391,bybit,AAVE/USDT:USDT,296.61,16.45,296.6,3.38,296.62,0.62,296.63,0.36
1753591904492,04:51:44.492,bybit,AAVE/USDT:USDT,296.61,16.45,296.6,3.38,296.62,0.62,296.63,0.36
1753591904591,04:51:44.591,bybit,AAVE/USDT:USDT,296.61,16.45,296.6,3.38,296.62,0.62,296.63,0.36
1753591904690,04:51:44.690,bybit,AAVE/USDT:USDT,296.61,16.45,296.6,3.38,296.62,0.62,296.63,0.36
1753591904791,04:51:44.791,bybit,AAVE/USDT:USDT,296.61,17.6,296.6,2.23,296.62,0.62,296.63,0.36
1753591904891,04:51:44.891,bybit,AAVE/USDT:USDT,296.61,17.6,296.6,2.23,296.62,0.62,296.63,0.36
1753591904991,04:51:44.991,bybit,AAVE/USDT:USDT,296.61,17.6,296.6,2.23,296.62,0.62,296.63,0.36
1753591905090,04:51:45.090,bybit,AAVE/USDT:USDT,296.61,17.6,296.6,2.23,296.62,0.62,296.63,0.36
1753591905191,04:51:45.191,bybit,AAVE/USDT:USDT,296.61,17.6,296.6,2.23,296.62,0.62,296.63,0.36
1753591905291,04:51:45.291,bybit,AAVE/USDT:USDT,296.61,17.6,296.6,2.23,296.62,0.62,296.63,0.36
1753591905391,04:51:45.391,bybit,AAVE/USDT:USDT,296.61,15.79,296.6,2.23,296.62,0.62,296.63,0.36
1753591905491,04:51:45.491,bybit,AAVE/USDT:USDT,296.61,15.79,296.6,2.23,296.62,0.62,296.63,0.36
1753591905591,04:51:45.591,bybit,AAVE/USDT:USDT,296.61,15.79,296.6,2.23,296.62,0.62,296.63,0.36
1753591905691,04:51:45.691,bybit,AAVE/USDT:USDT,296.61,15.79,296.6,2.23,296.62,0.62,296.63,0.36
1753591905791,04:51:45.791,bybit,AAVE/USDT:USDT,296.61,15.79,296.6,2.23,296.62,0.62,296.63,0.36
1753591905891,04:51:45.891,bybit,AAVE/USDT:USDT,296.61,15.79,296.6,2.23,296.62,0.62,296.63,0.36
1753591905991,04:51:45.991,bybit,AAVE/USDT:USDT,296.61,15.79,296.6,2.23,296.62,0.62,296.63,0.36
1753591906192,04:51:46.192,bybit,AAVE/USDT:USDT,296.61,15.79,296.6,2.23,296.62,0.62,296.63,0.36
1753591906291,04:51:46.291,bybit,AAVE/USDT:USDT,296.61,15.79,296.6,2.23,296.62,0.62,296.63,0.36
1753591906391,04:51:46.391,bybit,AAVE/USDT:USDT,296.61,15.79,296.6,2.23,296.62,0.62,296.63,0.36
1753591906591,04:51:46.591,bybit,AAVE/USDT:USDT,296.61,15.8,296.6,2.23,296.62,0.62,296.63,0.36
1753591906691,04:51:46.691,bybit,AAVE/USDT:USDT,296.61,16.6,296.6,3.03,296.62,0.62,296.63,0.36
1753591906792,04:51:46.792,bybit,AAVE/USDT:USDT,296.61,16.6,296.6,3.1,296.62,0.62,296.63,0.36
1753591906891,04:51:46.891,bybit,AAVE/USDT:USDT,296.61,16.6,296.6,3.1,296.62,0.62,296.63,0.36
1753591906991,04:51:46.991,bybit,AAVE/USDT:USDT,296.61,16.6,296.6,3.03,296.62,0.62,296.63,0.36
1753591907191,04:51:47.191,bybit,AAVE/USDT:USDT,296.61,16.6,296.6,3.03,296.62,0.62,296.63,0.36
1753591907391,04:51:47.391,bybit,AAVE/USDT:USDT,296.61,17.51,296.6,3.03,296.62,0.62,296.63,0.36
1753591907491,04:51:47.491,bybit,AAVE/USDT:USDT,296.61,16.71,296.6,2.23,296.62,0.62,296.63,0.36
1753591907591,04:51:47.591,bybit,AAVE/USDT:USDT,296.61,16.71,296.6,2.23,296.62,0.62,296.63,0.36
1753591907791,04:51:47.791,bybit,AAVE/USDT:USDT,296.61,16.71,296.6,2.23,296.62,0.62,296.63,0.36
1753591907891,04:51:47.891,bybit,AAVE/USDT:USDT,296.61,16.71,296.6,2.23,296.62,0.62,296.63,0.36
1753591907991,04:51:47.991,bybit,AAVE/USDT:USDT,296.61,16.71,296.6,2.23,296.62,0.62,296.63,0.36
1753591908091,04:51:48.091,bybit,AAVE/USDT:USDT,296.61,17.51,296.6,3.03,296.62,0.62,296.63,0.36
1753591908191,04:51:48.191,bybit,AAVE/USDT:USDT,296.61,16.71,296.6,2.23,296.62,0.62,296.63,0.36
1753591908291,04:51:48.291,bybit,AAVE/USDT:USDT,296.61,16.71,296.6,2.23,296.62,0.62,296.63,0.36
1753591908391,04:51:48.391,bybit,AAVE/USDT:USDT,296.61,17.51,296.6,3.03,296.62,0.62,296.63,0.36
1753591908491,04:51:48.491,bybit,AAVE/USDT:USDT,296.61,17.51,296.6,3.03,296.62,0.62,296.63,0.36
1753591908591,04:51:48.591,bybit,AAVE/USDT:USDT,296.61,17.51,296.6,3.03,296.62,0.62,296.63,0.36
1753591908691,04:51:48.691,bybit,AAVE/USDT:USDT,296.61,17.51,296.6,3.03,296.62,0.62,296.63,0.36
1753591908791,04:51:48.791,bybit,AAVE/USDT:USDT,296.61,17.51,296.6,3.03,296.62,0.62,296.63,0.36
1753591908891,04:51:48.891,bybit,AAVE/USDT:USDT,296.61,17.51,296.6,3.03,296.62,0.62,296.63,0.36
1753591908991,04:51:48.991,bybit,AAVE/USDT:USDT,296.61,17.51,296.6,3.03,296.62,0.62,296.63,0.36
1753591909091,04:51:49.091,bybit,AAVE/USDT:USDT,296.61,16.71,296.6,2.23,296.62,0.62,296.63,0.36
1753591909191,04:51:49.191,bybit,AAVE/USDT:USDT,296.61,16.71,296.6,2.23,296.62,0.62,296.63,0.36
1753591909291,04:51:49.291,bybit,AAVE/USDT:USDT,296.61,16.71,296.6,2.23,296.62,0.62,296.63,0.36
1753591909391,04:51:49.391,bybit,AAVE/USDT:USDT,296.61,15.8,296.6,2.23,296.62,0.62,296.63,0.36
1753591909491,04:51:49.491,bybit,AAVE/USDT:USDT,296.61,15.4,296.6,2.23,296.62,0.62,296.63,0.36
1753591909591,04:51:49.591,bybit,AAVE/USDT:USDT,296.61,15.79,296.6,2.23,296.62,0.62,296.63,0.36
1753591909691,04:51:49.691,bybit,AAVE/USDT:USDT,296.61,15.79,296.6,2.23,296.62,0.62,296.63,0.36
1753591909794,04:51:49.794,bybit,AAVE/USDT:USDT,296.61,15.79,296.6,3.03,296.62,0.62,296.63,0.36
1753591909890,04:51:49.890,bybit,AAVE/USDT:USDT,296.61,15.79,296.6,3.03,296.62,0.62,296.63,0.36
1753591909991,04:51:49.991,bybit,AAVE/USDT:USDT,296.61,15.79,296.6,2.23,296.62,0.62,296.63,0.36
1753591910090,04:51:50.090,bybit,AAVE/USDT:USDT,296.61,15.79,296.6,2.23,296.62,0.62,296.63,0.36
1753591910191,04:51:50.191,bybit,AAVE/USDT:USDT,296.61,15.79,296.6,2.23,296.62,0.62,296.63,0.36
1753591910291,04:51:50.291,bybit,AAVE/USDT:USDT,296.61,15.79,296.6,2.23,296.62,0.62,296.63,0.36
1753591910391,04:51:50.391,bybit,AAVE/USDT:USDT,296.61,16.59,296.6,3.03,296.62,0.62,296.63,0.36
1753591910491,04:51:50.491,bybit,AAVE/USDT:USDT,296.61,15.79,296.6,2.23,296.62,0.62,296.63,0.36
1753591910691,04:51:50.691,bybit,AAVE/USDT:USDT,296.61,15.79,296.6,2.23,296.62,0.62,296.63,0.36
1753591911091,04:51:51.091,bybit,AAVE/USDT:USDT,296.61,15.79,296.6,2.23,296.62,0.62,296.63,0.36
1753591911292,04:51:51.292,bybit,AAVE/USDT:USDT,296.61,15.79,296.6,2.23,296.62,0.62,296.63,0.36
1753591911391,04:51:51.391,bybit,AAVE/USDT:USDT,296.61,15.79,296.6,2.23,296.62,0.62,296.63,0.36
1753591911491,04:51:51.491,bybit,AAVE/USDT:USDT,296.61,15.79,296.6,2.23,296.62,0.62,296.63,0.36
1753591911591,04:51:51.591,bybit,AAVE/USDT:USDT,296.61,15.79,296.6,2.23,296.62,0.62,296.63,0.36
1753591911690,04:51:51.690,bybit,AAVE/USDT:USDT,296.61,12.35,296.6,2.23,296.62,0.62,296.63,0.36
1753591911791,04:51:51.791,bybit,AAVE/USDT:USDT,296.61,2.38,296.6,0.02,296.62,5.92,296.63,0.36
1753591911891,04:51:51.891,bybit,AAVE/USDT:USDT,296.61,2.35,296.6,0.02,296.62,2.47,296.63,0.36
1753591911990,04:51:51.990,bybit,AAVE/USDT:USDT,296.61,3.86,296.6,0.82,296.62,0.62,296.63,0.36
1753591912091,04:51:52.091,bybit,AAVE/USDT:USDT,296.61,3.86,296.6,1.53,296.62,0.62,296.63,0.36
1753591912190,04:51:52.190,bybit,AAVE/USDT:USDT,296.61,4.77,296.6,3.73,296.62,0.62,296.63,0.36
1753591912292,04:51:52.292,bybit,AAVE/USDT:USDT,296.61,4.77,296.6,3.73,296.62,0.62,296.63,0.36
1753591912391,04:51:52.391,bybit,AAVE/USDT:USDT,296.61,4.77,296.6,3.73,296.62,0.62,296.63,0.36
1753591912491,04:51:52.491,bybit,AAVE/USDT:USDT,296.61,4.75,296.6,3.73,296.62,0.62,296.63,0.36
1753591912591,04:51:52.591,bybit,AAVE/USDT:USDT,296.61,4.75,296.6,3.73,296.62,0.62,296.63,0.36
1753591912691,04:51:52.691,bybit,AAVE/USDT:USDT,296.61,4.75,296.6,3.73,296.62,0.62,296.63,0.36
1753591912791,04:51:52.791,bybit,AAVE/USDT:USDT,296.61,4.78,296.6,3.66,296.62,0.62,296.63,0.36
1753591912891,04:51:52.891,bybit,AAVE/USDT:USDT,296.61,4.19,296.6,2.22,296.62,0.62,296.63,0.36
1753591912991,04:51:52.991,bybit,AAVE/USDT:USDT,296.61,4.99,296.6,3.02,296.62,0.62,296.63,0.36
1753591913091,04:51:53.091,bybit,AAVE/USDT:USDT,296.62,13.42,296.61,5.65,296.63,0.27,296.64,0.17
1753591913190,04:51:53.190,bybit,AAVE/USDT:USDT,296.62,14.75,296.61,4.54,296.63,0.27,296.64,0.17
1753591913291,04:51:53.291,bybit,AAVE/USDT:USDT,296.62,13.87,296.61,3.57,296.63,0.27,296.64,0.17
1753591913391,04:51:53.391,bybit,AAVE/USDT:USDT,296.62,12.37,296.61,3.57,296.63,0.27,296.64,0.17
1753591913491,04:51:53.491,bybit,AAVE/USDT:USDT,296.62,12.37,296.61,3.57,296.63,0.27,296.64,0.17
1753591913591,04:51:53.591,bybit,AAVE/USDT:USDT,296.62,12.37,296.61,3.57,296.63,0.27,296.64,0.17
1753591913690,04:51:53.690,bybit,AAVE/USDT:USDT,296.62,12.37,296.61,3.57,296.63,0.27,296.64,0.17
1753591913791,04:51:53.791,bybit,AAVE/USDT:USDT,296.62,13.06,296.61,2.88,296.63,0.87,296.64,0.13
1753591913891,04:51:53.891,bybit,AAVE/USDT:USDT,296.62,13.73,296.61,2.21,296.63,0.87,296.64,0.13
1753591913991,04:51:53.991,bybit,AAVE/USDT:USDT,296.62,13.73,296.61,2.21,296.63,0.87,296.64,0.13
1753591914091,04:51:54.091,bybit,AAVE/USDT:USDT,296.62,13.73,296.61,2.21,296.63,0.87,296.64,0.13
1753591914191,04:51:54.191,bybit,AAVE/USDT:USDT,296.62,13.73,296.61,2.21,296.63,0.87,296.64,0.13
1753591914291,04:51:54.291,bybit,AAVE/USDT:USDT,296.62,12.97,296.61,2.21,296.63,0.87,296.64,0.13
1753591914391,04:51:54.391,bybit,AAVE/USDT:USDT,296.62,12.97,296.61,2.21,296.63,0.87,296.64,0.13
1753591914491,04:51:54.491,bybit,AAVE/USDT:USDT,296.62,12.97,296.61,2.21,296.63,0.87,296.64,0.13
1753591914691,04:51:54.691,bybit,AAVE/USDT:USDT,296.62,12.97,296.61,2.21,296.63,0.87,296.64,0.13
1753591914792,04:51:54.792,bybit,AAVE/USDT:USDT,296.62,12.28,296.61,2.21,296.63,0.87,296.64,0.13
1753591914891,04:51:54.891,bybit,AAVE/USDT:USDT,296.62,11.37,296.61,2.21,296.63,0.87,296.64,0.13
1753591914991,04:51:54.991,bybit,AAVE/USDT:USDT,296.62,12.14,296.61,2.21,296.63,0.87,296.64,0.13
1753591915191,04:51:55.191,bybit,AAVE/USDT:USDT,296.62,12.14,296.61,2.21,296.63,0.87,296.64,0.13
1753591915291,04:51:55.291,bybit,AAVE/USDT:USDT,296.62,12.14,296.61,2.21,296.63,0.87,296.64,0.13
1753591915391,04:51:55.391,bybit,AAVE/USDT:USDT,296.62,11.77,296.61,2.21,296.63,0.87,296.64,0.13
1753591915492,04:51:55.492,bybit,AAVE/USDT:USDT,296.62,12.13,296.61,2.21,296.63,0.87,296.64,0.13
1753591915791,04:51:55.791,bybit,AAVE/USDT:USDT,296.62,12.13,296.61,2.21,296.63,0.87,296.64,0.13
1753591915991,04:51:55.991,bybit,AAVE/USDT:USDT,296.62,12.13,296.61,2.21,296.63,0.87,296.64,0.04
1753591916091,04:51:56.091,bybit,AAVE/USDT:USDT,296.62,12.13,296.61,2.21,296.63,0.87,296.64,0.04
1753591916191,04:51:56.191,bybit,AAVE/USDT:USDT,296.62,12.13,296.61,2.21,296.63,0.87,296.64,0.04
1753591916391,04:51:56.391,bybit,AAVE/USDT:USDT,296.62,11.37,296.61,2.21,296.63,0.79,296.64,0.04
1753591916492,04:51:56.492,bybit,AAVE/USDT:USDT,296.62,11.37,296.61,2.21,296.63,0.79,296.64,0.04
1753591916591,04:51:56.591,bybit,AAVE/USDT:USDT,296.62,11.37,296.61,2.21,296.63,0.79,296.64,0.04
1753591916691,04:51:56.691,bybit,AAVE/USDT:USDT,296.62,11.37,296.61,2.21,296.63,0.79,296.64,0.04
1753591916791,04:51:56.791,bybit,AAVE/USDT:USDT,296.62,11.37,296.61,2.21,296.63,0.79,296.64,0.04
1753591916891,04:51:56.891,bybit,AAVE/USDT:USDT,296.62,11.36,296.61,2.21,296.63,0.79,296.64,0.04
1753591916990,04:51:56.990,bybit,AAVE/USDT:USDT,296.62,11.32,296.61,2.21,296.63,0.79,296.64,0.04
1753591917091,04:51:57.091,bybit,AAVE/USDT:USDT,296.62,11.32,296.61,2.28,296.63,0.79,296.64,0.04
1753591917191,04:51:57.191,bybit,AAVE/USDT:USDT,296.62,11.32,296.61,2.28,296.63,0.79,296.64,0.04
1753591917291,04:51:57.291,bybit,AAVE/USDT:USDT,296.62,11.49,296.61,2.28,296.63,0.79,296.64,0.04
1753591917491,04:51:57.491,bybit,AAVE/USDT:USDT,296.62,11.49,296.61,3.08,296.63,0.79,296.64,0.04
1753591917591,04:51:57.591,bybit,AAVE/USDT:USDT,296.62,11.49,296.61,3.01,296.63,0.79,296.64,0.04
1753591917690,04:51:57.690,bybit,AAVE/USDT:USDT,296.62,11.49,296.61,3.08,296.63,0.79,296.64,0.04
1753591917891,04:51:57.891,bybit,AAVE/USDT:USDT,296.62,11.49,296.61,3.01,296.63,0.79,296.64,0.04
1753591918091,04:51:58.091,bybit,AAVE/USDT:USDT,296.62,11.49,296.61,3.08,296.63,0.79,296.64,0.04
1753591918191,04:51:58.191,bybit,AAVE/USDT:USDT,296.62,11.49,296.61,2.21,296.63,0.79,296.64,0.04
1753591918292,04:51:58.292,bybit,AAVE/USDT:USDT,296.62,11.49,296.61,2.21,296.63,0.79,296.64,0.04
1753591918391,04:51:58.391,bybit,AAVE/USDT:USDT,296.62,11.49,296.61,3.01,296.63,0.79,296.64,0.04
1753591918491,04:51:58.491,bybit,AAVE/USDT:USDT,296.62,11.48,296.61,2.21,296.63,0.79,296.64,0.04
1753591918592,04:51:58.592,bybit,AAVE/USDT:USDT,296.62,11.48,296.61,3.01,296.63,0.79,296.64,0.04
1753591918691,04:51:58.691,bybit,AAVE/USDT:USDT,296.62,11.48,296.61,3.01,296.63,0.79,296.64,0.04
1753591918791,04:51:58.791,bybit,AAVE/USDT:USDT,296.62,11.48,296.61,3.08,296.63,0.79,296.64,0.04
1753591918991,04:51:58.991,bybit,AAVE/USDT:USDT,296.62,11.48,296.61,3.08,296.63,0.79,296.64,0.04
1753591919092,04:51:59.092,bybit,AAVE/USDT:USDT,296.62,11.48,296.61,3.08,296.63,0.69,296.64,0.04
1753591919191,04:51:59.191,bybit,AAVE/USDT:USDT,296.62,11.48,296.61,2.28,296.63,0.69,296.64,0.04
1753591919291,04:51:59.291,bybit,AAVE/USDT:USDT,296.62,11.48,296.61,2.21,296.63,0.69,296.64,0.04
1753591919391,04:51:59.391,bybit,AAVE/USDT:USDT,296.62,11.48,296.61,2.21,296.63,0.69,296.64,0.04
1753591919491,04:51:59.491,bybit,AAVE/USDT:USDT,296.62,11.48,296.61,3.01,296.63,0.69,296.64,0.04
1753591919591,04:51:59.591,bybit,AAVE/USDT:USDT,296.62,11.48,296.61,2.21,296.63,0.69,296.64,0.04
1753591919691,04:51:59.691,bybit,AAVE/USDT:USDT,296.62,11.48,296.61,2.21,296.63,0.69,296.64,0.04
1753591919791,04:51:59.791,bybit,AAVE/USDT:USDT,296.62,11.48,296.61,2.21,296.63,0.69,296.64,0.04
1753591919891,04:51:59.891,bybit,AAVE/USDT:USDT,296.62,11.49,296.61,2.21,296.63,0.69,296.64,0.04
1753591919992,04:51:59.992,bybit,AAVE/USDT:USDT,296.62,11.49,296.61,3.01,296.63,0.69,296.64,0.04
1753591920091,04:52:00.091,bybit,AAVE/USDT:USDT,296.62,11.49,296.61,3.01,296.63,0.69,296.64,0.04
1753591920191,04:52:00.191,bybit,AAVE/USDT:USDT,296.62,11.49,296.61,3.01,296.63,0.69,296.64,0.04
1753591920291,04:52:00.291,bybit,AAVE/USDT:USDT,296.62,11.49,296.61,3.08,296.63,0.69,296.64,0.04
1753591920391,04:52:00.391,bybit,AAVE/USDT:USDT,296.62,11.49,296.61,2.28,296.63,0.69,296.64,0.04
1753591920591,04:52:00.591,bybit,AAVE/USDT:USDT,296.62,11.49,296.61,2.21,296.63,0.69,296.64,0.04
1753591920691,04:52:00.691,bybit,AAVE/USDT:USDT,296.62,11.49,296.61,2.21,296.63,0.69,296.64,0.04
1753591920791,04:52:00.791,bybit,AAVE/USDT:USDT,296.62,11.48,296.61,2.21,296.63,0.69,296.64,0.04
1753591920891,04:52:00.891,bybit,AAVE/USDT:USDT,296.62,11.55,296.61,2.21,296.63,0.69,296.64,0.04
1753591920991,04:52:00.991,bybit,AAVE/USDT:USDT,296.62,11.55,296.61,2.21,296.63,0.69,296.64,0.04
1753591921191,04:52:01.191,bybit,AAVE/USDT:USDT,296.62,11.55,296.61,2.21,296.63,0.69,296.64,0.04
1753591921391,04:52:01.391,bybit,AAVE/USDT:USDT,296.62,11.55,296.61,2.21,296.63,0.69,296.64,0.04
1753591921491,04:52:01.491,bybit,AAVE/USDT:USDT,296.65,18.63,296.64,12.8,296.66,0.26,296.67,0.3
1753591921592,04:52:01.592,bybit,AAVE/USDT:USDT,296.67,18.4,296.66,9.99,296.68,0.02,296.69,0.12
1753591921691,04:52:01.691,bybit,AAVE/USDT:USDT,296.67,18.3,296.66,10.79,296.68,0.02,296.69,0.12
1753591921792,04:52:01.792,bybit,AAVE/USDT:USDT,296.69,6.84,296.68,13.23,296.7,1.91,296.71,0.2
1753591921891,04:52:01.891,bybit,AAVE/USDT:USDT,296.69,8.18,296.68,10.34,296.7,1.91,296.71,0.15
1753591921991,04:52:01.991,bybit,AAVE/USDT:USDT,296.69,10.43,296.68,10.34,296.7,2.51,296.71,0.15
1753591922091,04:52:02.091,bybit,AAVE/USDT:USDT,296.69,10.43,296.68,10.34,296.7,2.51,296.71,0.15
1753591922191,04:52:02.191,bybit,AAVE/USDT:USDT,296.69,9.09,296.68,8.93,296.7,2.51,296.71,0.15
1753591922292,04:52:02.292,bybit,AAVE/USDT:USDT,296.69,7.87,296.68,2.6,296.7,2.51,296.71,0.15
1753591922391,04:52:02.391,bybit,AAVE/USDT:USDT,296.69,7.87,296.68,2.6,296.7,2.51,296.71,0.15
1753591922492,04:52:02.492,bybit,AAVE/USDT:USDT,296.64,0.06,296.63,2.85,296.66,2.18,296.67,7.83
1753591922691,04:52:02.691,bybit,AAVE/USDT:USDT,296.65,0.14,296.64,1.45,296.66,0.71,296.67,1.67
1753591922792,04:52:02.792,bybit,AAVE/USDT:USDT,296.65,0.14,296.64,1.45,296.66,0.71,296.67,1.67
1753591922891,04:52:02.891,bybit,AAVE/USDT:USDT,296.66,0.71,296.65,1.02,296.67,0.96,296.69,5.59
1753591922991,04:52:02.991,bybit,AAVE/USDT:USDT,296.66,1.66,296.65,1.02,296.68,1.47,296.69,4.6
1753591923091,04:52:03.091,bybit,AAVE/USDT:USDT,296.66,1.66,296.65,1.02,296.68,1.49,296.69,4.6
1753591923191,04:52:03.191,bybit,AAVE/USDT:USDT,296.66,1.66,296.65,1.02,296.68,1.49,296.69,4.6
1753591923291,04:52:03.291,bybit,AAVE/USDT:USDT,296.66,0.95,296.65,1.02,296.67,4.06,296.68,3.75
1753591923391,04:52:03.391,bybit,AAVE/USDT:USDT,296.65,0.31,296.64,0.95,296.66,1.71,296.67,1.88
1753591923491,04:52:03.491,bybit,AAVE/USDT:USDT,296.65,0.31,296.64,0.95,296.66,1.71,296.67,1.88
1753591923591,04:52:03.591,bybit,AAVE/USDT:USDT,296.65,0.31,296.64,0.95,296.66,1.71,296.67,1.88
1753591923691,04:52:03.691,bybit,AAVE/USDT:USDT,296.65,0.31,296.64,0.95,296.66,1.71,296.67,1.88
1753591923792,04:52:03.792,bybit,AAVE/USDT:USDT,296.65,1.02,296.64,0.95,296.66,0.24,296.67,1.88
1753591923892,04:52:03.892,bybit,AAVE/USDT:USDT,296.67,0.71,296.66,1.66,296.68,1.36,296.69,2.59
1753591923991,04:52:03.991,bybit,AAVE/USDT:USDT,296.67,0.71,296.66,1.66,296.68,1.36,296.69,2.59
1753591924091,04:52:04.091,bybit,AAVE/USDT:USDT,296.67,0.71,296.66,1.66,296.68,1.36,296.69,2.59
1753591924291,04:52:04.291,bybit,AAVE/USDT:USDT,296.67,0.71,296.66,1.66,296.68,1.36,296.69,2.59
1753591924391,04:52:04.391,bybit,AAVE/USDT:USDT,296.67,3.01,296.66,3.08,296.68,0.02,296.7,1.63
1753591924491,04:52:04.491,bybit,AAVE/USDT:USDT,296.67,3.01,296.66,3.08,296.68,0.02,296.7,1.63
1753591924592,04:52:04.592,bybit,AAVE/USDT:USDT,296.67,4.07,296.66,3.08,296.68,0.02,296.7,1.63
1753591924691,04:52:04.691,bybit,AAVE/USDT:USDT,296.67,4.07,296.66,3.08,296.68,0.02,296.7,1.63
1753591924791,04:52:04.791,bybit,AAVE/USDT:USDT,296.67,4.07,296.66,3.08,296.68,0.02,296.7,1.63
1753591924891,04:52:04.891,bybit,AAVE/USDT:USDT,296.67,4.07,296.66,3.08,296.68,0.02,296.7,1.63
1753591924991,04:52:04.991,bybit,AAVE/USDT:USDT,296.69,3.16,296.68,6.07,296.7,1.02,296.71,0.15
1753591925092,04:52:05.092,bybit,AAVE/USDT:USDT,296.69,3.16,296.68,6.07,296.7,1.02,296.71,0.15
1753591925191,04:52:05.191,bybit,AAVE/USDT:USDT,296.69,0.71,296.68,5.27,296.7,1.02,296.71,0.15
1753591925291,04:52:05.291,bybit,AAVE/USDT:USDT,296.69,0.71,296.68,5.27,296.7,1.02,296.71,0.15
1753591925391,04:52:05.391,bybit,AAVE/USDT:USDT,296.69,0.71,296.68,5.27,296.7,1.02,296.71,0.15
1753591925491,04:52:05.491,bybit,AAVE/USDT:USDT,296.69,0.71,296.68,5.27,296.7,1.02,296.71,0.15
1753591925591,04:52:05.591,bybit,AAVE/USDT:USDT,296.69,4.09,296.68,5.27,296.7,0.11,296.71,0.15
1753591925691,04:52:05.691,bybit,AAVE/USDT:USDT,296.69,4.09,296.68,5.27,296.7,0.11,296.71,0.15
1753591925793,04:52:05.793,bybit,AAVE/USDT:USDT,296.69,4.09,296.68,5.27,296.7,0.11,296.71,0.15
1753591925991,04:52:05.991,bybit,AAVE/USDT:USDT,296.69,4.09,296.68,5.27,296.7,0.11,296.71,0.15
1753591926091,04:52:06.091,bybit,AAVE/USDT:USDT,296.69,0.71,296.68,1.83,296.7,1.03,296.71,0.15
1753591926191,04:52:06.191,bybit,AAVE/USDT:USDT,296.67,2.72,296.66,0.95,296.68,0.92,296.69,0.92
1753591926291,04:52:06.291,bybit,AAVE/USDT:USDT,296.67,2.72,296.66,0.95,296.68,0.92,296.69,0.92
1753591926391,04:52:06.391,bybit,AAVE/USDT:USDT,296.68,1.08,296.67,2.72,296.69,0.92,296.7,2.55
1753591926491,04:52:06.491,bybit,AAVE/USDT:USDT,296.68,1.08,296.67,2.72,296.69,0.92,296.7,2.55
1753591926591,04:52:06.591,bybit,AAVE/USDT:USDT,296.68,1.08,296.67,2.72,296.69,0.92,296.7,2.55
1753591926690,04:52:06.690,bybit,AAVE/USDT:USDT,296.68,1.08,296.67,2.72,296.69,0.92,296.7,2.55
1753591926791,04:52:06.791,bybit,AAVE/USDT:USDT,296.69,1.1,296.68,1.53,296.7,1.05,296.71,0.15
1753591926891,04:52:06.891,bybit,AAVE/USDT:USDT,296.69,1.1,296.68,1.53,296.7,1.05,296.71,0.15
1753591926991,04:52:06.991,bybit,AAVE/USDT:USDT,296.69,1.1,296.68,1.53,296.7,1.05,296.71,0.15
1753591927091,04:52:07.091,bybit,AAVE/USDT:USDT,296.69,1.1,296.68,1.53,296.7,1.05,296.71,0.15
1753591927191,04:52:07.191,bybit,AAVE/USDT:USDT,296.69,1.1,296.68,1.53,296.7,1.05,296.71,0.15
1753591927291,04:52:07.291,bybit,AAVE/USDT:USDT,296.69,1.1,296.68,1.53,296.7,1.05,296.71,0.15
1753591927391,04:52:07.391,bybit,AAVE/USDT:USDT,296.69,1.1,296.68,1.53,296.7,1.05,296.71,0.15
1753591927491,04:52:07.491,bybit,AAVE/USDT:USDT,296.69,1.1,296.68,1.53,296.7,1.91,296.71,0.15
1753591927591,04:52:07.591,bybit,AAVE/USDT:USDT,296.69,1.1,296.68,1.53,296.7,1.91,296.71,0.15
1753591927690,04:52:07.690,bybit,AAVE/USDT:USDT,296.69,1.1,296.68,1.53,296.7,1.91,296.71,0.15
1753591927793,04:52:07.793,bybit,AAVE/USDT:USDT,296.69,1.1,296.68,1.53,296.7,1.89,296.71,0.15
1753591927892,04:52:07.892,bybit,AAVE/USDT:USDT,296.69,1.1,296.68,1.53,296.7,1.03,296.71,0.15
1753591927991,04:52:07.991,bybit,AAVE/USDT:USDT,296.69,1.1,296.68,1.53,296.7,1.03,296.71,0.15
1753591928091,04:52:08.091,bybit,AAVE/USDT:USDT,296.7,0.71,296.69,3.81,296.71,1.01,296.72,0.28
1753591928191,04:52:08.191,bybit,AAVE/USDT:USDT,296.7,0.71,296.69,2.31,296.71,1.01,296.72,0.28
1753591928291,04:52:08.291,bybit,AAVE/USDT:USDT,296.7,0.71,296.69,2.31,296.71,1.01,296.72,0.28
1753591928391,04:52:08.391,bybit,AAVE/USDT:USDT,296.7,0.71,296.69,2.31,296.71,1.61,296.72,0.28
1753591928492,04:52:08.492,bybit,AAVE/USDT:USDT,296.7,0.71,296.69,2.31,296.71,1.61,296.72,0.28
1753591928591,04:52:08.591,bybit,AAVE/USDT:USDT,296.7,0.71,296.69,2.31,296.71,1.61,296.72,0.28
1753591928691,04:52:08.691,bybit,AAVE/USDT:USDT,296.7,0.71,296.69,2.31,296.71,1.61,296.72,0.28
1753591928891,04:52:08.891,bybit,AAVE/USDT:USDT,296.7,0.71,296.69,2.31,296.71,1.61,296.72,0.28
1753591928991,04:52:08.991,bybit,AAVE/USDT:USDT,296.7,1.66,296.69,2.31,296.71,1.61,296.72,0.28
1753591929091,04:52:09.091,bybit,AAVE/USDT:USDT,296.7,2.07,296.69,2.31,296.71,0.6,296.72,0.17
1753591929191,04:52:09.191,bybit,AAVE/USDT:USDT,296.7,2.07,296.69,2.31,296.71,0.6,296.72,0.17
1753591929291,04:52:09.291,bybit,AAVE/USDT:USDT,296.7,2.07,296.69,2.31,296.71,0.6,296.72,0.17
1753591929391,04:52:09.391,bybit,AAVE/USDT:USDT,296.7,1.91,296.69,1.51,296.71,0.6,296.72,0.17
1753591929491,04:52:09.491,bybit,AAVE/USDT:USDT,296.7,1.91,296.69,1.51,296.71,1.37,296.72,0.17
1753591929591,04:52:09.591,bybit,AAVE/USDT:USDT,296.7,2.01,296.69,1.51,296.71,1.37,296.72,0.17
1753591929691,04:52:09.691,bybit,AAVE/USDT:USDT,296.7,2.01,296.69,2.31,296.71,1.37,296.72,0.17
1753591929794,04:52:09.794,bybit,AAVE/USDT:USDT,296.7,1.76,296.69,1.51,296.71,1.37,296.72,0.17
1753591929891,04:52:09.891,bybit,AAVE/USDT:USDT,296.7,2.56,296.69,2.31,296.71,1.34,296.72,0.17
1753591929991,04:52:09.991,bybit,AAVE/USDT:USDT,296.7,2.56,296.69,2.31,296.71,1.34,296.72,0.17
1753591930091,04:52:10.091,bybit,AAVE/USDT:USDT,296.7,2.56,296.69,2.31,296.71,1.34,296.72,0.17
1753591930191,04:52:10.191,bybit,AAVE/USDT:USDT,296.7,1.76,296.69,1.51,296.71,1.34,296.72,0.17
1753591930291,04:52:10.291,bybit,AAVE/USDT:USDT,296.7,1.76,296.69,1.51,296.71,1.34,296.72,0.17
1753591930391,04:52:10.391,bybit,AAVE/USDT:USDT,296.7,1.76,296.69,2.31,296.71,1.34,296.72,0.17
1753591930491,04:52:10.491,bybit,AAVE/USDT:USDT,296.7,1.76,296.69,2.31,296.71,1.34,296.72,0.17
1753591930591,04:52:10.591,bybit,AAVE/USDT:USDT,296.7,1.91,296.69,2.31,296.71,1.34,296.72,0.17
1753591930691,04:52:10.691,bybit,AAVE/USDT:USDT,296.7,1.91,296.69,2.31,296.71,1.34,296.72,0.17
1753591930791,04:52:10.791,bybit,AAVE/USDT:USDT,296.7,1.91,296.69,2.31,296.71,1.34,296.72,0.17
1753591930891,04:52:10.891,bybit,AAVE/USDT:USDT,296.7,1.91,296.69,2.31,296.71,1.34,296.72,0.17
1753591930991,04:52:10.991,bybit,AAVE/USDT:USDT,296.7,1.91,296.69,2.31,296.71,1.34,296.72,0.17
1753591931091,04:52:11.091,bybit,AAVE/USDT:USDT,296.7,3.38,296.69,2.31,296.71,0.57,296.72,0.17
1753591931191,04:52:11.191,bybit,AAVE/USDT:USDT,296.71,8.63,296.7,5.7,296.72,0.17,296.73,0.12
1753591931291,04:52:11.291,bybit,AAVE/USDT:USDT,296.71,8.63,296.7,5.7,296.72,0.17,296.73,0.12
1753591931391,04:52:11.391,bybit,AAVE/USDT:USDT,296.71,8.63,296.7,4.23,296.72,0.17,296.73,0.72
1753591931491,04:52:11.491,bybit,AAVE/USDT:USDT,296.71,5.83,296.7,4.23,296.72,1.09,296.73,0.68
1753591931591,04:52:11.591,bybit,AAVE/USDT:USDT,296.71,1.91,296.7,3.43,296.72,1.09,296.73,0.68
1753591931691,04:52:11.691,bybit,AAVE/USDT:USDT,296.71,0.95,296.7,1.93,296.72,1.09,296.73,0.68
1753591931794,04:52:11.794,bybit,AAVE/USDT:USDT,296.71,0.95,296.7,1.93,296.72,1.09,296.73,0.68
1753591931891,04:52:11.891,bybit,AAVE/USDT:USDT,296.71,1.05,296.7,1.83,296.72,1.09,296.73,0.68
1753591931992,04:52:11.992,bybit,AAVE/USDT:USDT,296.71,1.05,296.7,1.83,296.72,1.09,296.73,0.68
1753591932097,04:52:12.097,bybit,AAVE/USDT:USDT,296.71,0.1,296.7,1.83,296.72,2.56,296.73,0.68
1753591932191,04:52:12.191,bybit,AAVE/USDT:USDT,296.71,0.1,296.7,1.83,296.72,2.56,296.73,0.68
1753591932291,04:52:12.291,bybit,AAVE/USDT:USDT,296.71,0.1,296.7,1.83,296.72,2.56,296.73,0.68
1753591932391,04:52:12.391,bybit,AAVE/USDT:USDT,296.71,0.1,296.7,1.83,296.72,2.56,296.73,0.68
1753591932491,04:52:12.491,bybit,AAVE/USDT:USDT,296.71,0.1,296.7,1.83,296.72,2.56,296.73,0.68
1753591932591,04:52:12.591,bybit,AAVE/USDT:USDT,296.71,0.32,296.7,1.83,296.72,2.48,296.73,0.68
1753591932691,04:52:12.691,bybit,AAVE/USDT:USDT,296.71,1.27,296.7,1.83,296.72,2.48,296.73,0.68
1753591932792,04:52:12.792,bybit,AAVE/USDT:USDT,296.71,1.27,296.7,1.83,296.72,2.48,296.73,0.68
1753591932891,04:52:12.891,bybit,AAVE/USDT:USDT,296.71,1.27,296.7,1.83,296.72,2.48,296.73,0.68
1753591932991,04:52:12.991,bybit,AAVE/USDT:USDT,296.71,0.32,296.7,1.83,296.72,2.48,296.73,0.68
1753591933091,04:52:13.091,bybit,AAVE/USDT:USDT,296.71,0.1,296.7,0.97,296.72,2.48,296.73,0.68
1753591933191,04:52:13.191,bybit,AAVE/USDT:USDT,296.71,0.1,296.7,0.97,296.72,2.48,296.73,0.68
1753591933391,04:52:13.391,bybit,AAVE/USDT:USDT,296.71,0.1,296.7,0.97,296.72,2.48,296.73,0.68
1753591933490,04:52:13.490,bybit,AAVE/USDT:USDT,296.71,0.1,296.7,0.97,296.72,2.48,296.73,0.68
1753591933592,04:52:13.592,bybit,AAVE/USDT:USDT,296.71,0.1,296.7,0.97,296.72,2.48,296.73,0.68
1753591933690,04:52:13.690,bybit,AAVE/USDT:USDT,296.71,0.1,296.7,0.97,296.72,2.48,296.73,0.68
1753591933793,04:52:13.793,bybit,AAVE/USDT:USDT,296.71,1.27,296.7,0.97,296.72,1.01,296.73,0.68
1753591933891,04:52:13.891,bybit,AAVE/USDT:USDT,296.71,1.27,296.7,1.77,296.72,1.01,296.73,0.68
1753591933991,04:52:13.991,bybit,AAVE/USDT:USDT,296.71,1.27,296.7,0.97,296.72,1.01,296.73,0.68
1753591934191,04:52:14.191,bybit,AAVE/USDT:USDT,296.71,1.27,296.7,0.97,296.72,1.01,296.73,0.68
1753591934291,04:52:14.291,bybit,AAVE/USDT:USDT,296.71,1.27,296.7,0.97,296.72,1.01,296.73,0.68
1753591934391,04:52:14.391,bybit,AAVE/USDT:USDT,296.71,1.05,296.7,0.97,296.72,2.49,296.73,0.68
1753591934491,04:52:14.491,bybit,AAVE/USDT:USDT,296.71,1.05,296.7,0.97,296.72,2.49,296.73,0.68
1753591934592,04:52:14.592,bybit,AAVE/USDT:USDT,296.71,1.05,296.7,0.97,296.72,2.49,296.73,0.68
1753591934691,04:52:14.691,bybit,AAVE/USDT:USDT,296.71,1.05,296.7,0.97,296.72,2.49,296.73,0.68
1753591934791,04:52:14.791,bybit,AAVE/USDT:USDT,296.71,2.63,296.7,2.29,296.72,0.09,296.73,0.68
1753591934891,04:52:14.891,bybit,AAVE/USDT:USDT,296.71,2.63,296.7,2.29,296.72,0.09,296.73,0.68
1753591934991,04:52:14.991,bybit,AAVE/USDT:USDT,296.71,2.63,296.7,2.29,296.72,0.09,296.73,0.68
1753591935091,04:52:15.091,bybit,AAVE/USDT:USDT,296.71,2.63,296.7,1.77,296.72,0.09,296.73,0.68
1753591935191,04:52:15.191,bybit,AAVE/USDT:USDT,296.71,2.63,296.7,1.77,296.72,0.09,296.73,0.68
1753591935291,04:52:15.291,bybit,AAVE/USDT:USDT,296.71,2.63,296.7,1.77,296.72,0.09,296.73,0.68
1753591935391,04:52:15.391,bybit,AAVE/USDT:USDT,296.71,2.63,296.7,1.77,296.72,0.09,296.73,0.68
1753591935491,04:52:15.491,bybit,AAVE/USDT:USDT,296.71,2.63,296.7,1.77,296.72,0.09,296.73,0.68
1753591935691,04:52:15.691,bybit,AAVE/USDT:USDT,296.71,2.63,296.7,1.77,296.72,0.09,296.73,0.68
1753591935791,04:52:15.791,bybit,AAVE/USDT:USDT,296.71,2.63,296.7,1.77,296.72,0.09,296.73,0.68
1753591935891,04:52:15.891,bybit,AAVE/USDT:USDT,296.71,2.63,296.7,1.77,296.72,0.09,296.73,0.68
1753591935991,04:52:15.991,bybit,AAVE/USDT:USDT,296.71,2.63,296.7,0.97,296.72,0.09,296.73,0.68
1753591936090,04:52:16.090,bybit,AAVE/USDT:USDT,296.71,2.63,296.7,0.97,296.72,0.09,296.73,0.68
1753591936191,04:52:16.191,bybit,AAVE/USDT:USDT,296.71,2.63,296.7,1.77,296.72,0.09,296.73,0.68
1753591936291,04:52:16.291,bybit,AAVE/USDT:USDT,296.71,2.63,296.7,1.77,296.72,0.09,296.73,0.68
1753591936391,04:52:16.391,bybit,AAVE/USDT:USDT,296.71,2.63,296.7,3.73,296.72,0.09,296.73,0.68
1753591936491,04:52:16.491,bybit,AAVE/USDT:USDT,296.71,2.63,296.7,3.73,296.72,0.09,296.73,0.68
1753591936591,04:52:16.591,bybit,AAVE/USDT:USDT,296.71,2.63,296.7,3.73,296.72,0.09,296.73,0.68
1753591936691,04:52:16.691,bybit,AAVE/USDT:USDT,296.71,2.63,296.7,3.73,296.72,0.09,296.73,0.68
1753591936791,04:52:16.791,bybit,AAVE/USDT:USDT,296.71,2.63,296.7,3.73,296.72,0.09,296.73,0.68
1753591936891,04:52:16.891,bybit,AAVE/USDT:USDT,296.71,2.63,296.7,3.73,296.72,0.09,296.73,0.68
1753591936991,04:52:16.991,bybit,AAVE/USDT:USDT,296.71,2.63,296.7,3.73,296.72,0.09,296.73,0.68
1753591937191,04:52:17.191,bybit,AAVE/USDT:USDT,296.71,2.63,296.7,3.73,296.72,0.09,296.73,0.68
1753591937292,04:52:17.292,bybit,AAVE/USDT:USDT,296.71,2.63,296.7,3.73,296.72,0.09,296.73,0.68
1753591937391,04:52:17.391,bybit,AAVE/USDT:USDT,296.71,2.63,296.7,2.93,296.72,0.09,296.73,0.68
1753591937491,04:52:17.491,bybit,AAVE/USDT:USDT,296.71,2.63,296.7,2.93,296.72,0.09,296.73,0.68
1753591937591,04:52:17.591,bybit,AAVE/USDT:USDT,296.71,2.63,296.7,2.93,296.72,0.09,296.73,0.68
1753591937691,04:52:17.691,bybit,AAVE/USDT:USDT,296.71,2.63,296.7,2.93,296.72,0.09,296.73,0.68
1753591937794,04:52:17.794,bybit,AAVE/USDT:USDT,296.71,2.63,296.7,3.73,296.72,0.09,296.73,0.68
1753591937891,04:52:17.891,bybit,AAVE/USDT:USDT,296.71,2.63,296.7,2.93,296.72,0.09,296.73,0.68
1753591937991,04:52:17.991,bybit,AAVE/USDT:USDT,296.71,2.63,296.7,2.93,296.72,0.09,296.73,0.68
1753591938091,04:52:18.091,bybit,AAVE/USDT:USDT,296.71,2.63,296.7,2.93,296.72,0.09,296.73,0.68
1753591938191,04:52:18.191,bybit,AAVE/USDT:USDT,296.71,2.63,296.7,2.93,296.72,0.09,296.73,0.68
1753591938691,04:52:18.691,bybit,AAVE/USDT:USDT,296.71,2.63,296.7,3.73,296.72,0.09,296.73,0.68
1753591938792,04:52:18.792,bybit,AAVE/USDT:USDT,296.71,2.63,296.7,3.73,296.72,0.09,296.73,0.68
1753591938891,04:52:18.891,bybit,AAVE/USDT:USDT,296.71,2.63,296.7,3.73,296.72,0.09,296.73,0.68
1753591938991,04:52:18.991,bybit,AAVE/USDT:USDT,296.71,2.63,296.7,3.73,296.72,0.09,296.73,0.68
1753591939090,04:52:19.090,bybit,AAVE/USDT:USDT,296.71,2.63,296.7,3.73,296.72,0.09,296.73,0.68
1753591939191,04:52:19.191,bybit,AAVE/USDT:USDT,296.71,2.63,296.7,3.73,296.72,0.09,296.73,0.68
1753591939491,04:52:19.491,bybit,AAVE/USDT:USDT,296.71,2.63,296.7,3.73,296.72,0.09,296.73,0.68
1753591939791,04:52:19.791,bybit,AAVE/USDT:USDT,296.71,2.63,296.7,2.93,296.72,0.09,296.73,0.68
1753591939890,04:52:19.890,bybit,AAVE/USDT:USDT,296.71,2.63,296.7,2.93,296.72,0.09,296.73,0.68
1753591939991,04:52:19.991,bybit,AAVE/USDT:USDT,296.71,2.63,296.7,2.93,296.72,0.09,296.73,0.68
1753591940090,04:52:20.090,bybit,AAVE/USDT:USDT,296.71,2.63,296.7,2.93,296.72,0.09,296.73,0.68
1753591940191,04:52:20.191,bybit,AAVE/USDT:USDT,296.71,2.63,296.7,2.93,296.72,0.09,296.73,0.68
1753591940291,04:52:20.291,bybit,AAVE/USDT:USDT,296.71,2.63,296.7,2.93,296.72,0.09,296.73,0.68
1753591940391,04:52:20.391,bybit,AAVE/USDT:USDT,296.71,3.43,296.7,3.73,296.72,0.09,296.73,0.68
1753591940491,04:52:20.491,bybit,AAVE/USDT:USDT,296.71,3.43,296.7,3.73,296.72,0.09,296.73,0.68
1753591940691,04:52:20.691,bybit,AAVE/USDT:USDT,296.71,3.43,296.7,3.73,296.72,0.09,296.73,0.68
1753591940891,04:52:20.891,bybit,AAVE/USDT:USDT,296.71,3.43,296.7,3.73,296.72,0.09,296.73,0.68
1753591940991,04:52:20.991,bybit,AAVE/USDT:USDT,296.71,50.41,296.7,3.73,296.72,0.09,296.73,0.68
1753591941091,04:52:21.091,bybit,AAVE/USDT:USDT,296.71,50.48,296.7,4.32,296.72,0.09,296.73,0.68
1753591941191,04:52:21.191,bybit,AAVE/USDT:USDT,296.71,50.48,296.7,4.32,296.72,0.09,296.73,0.68
1753591941292,04:52:21.292,bybit,AAVE/USDT:USDT,296.71,50.48,296.7,4.32,296.72,0.09,296.73,0.68
1753591941391,04:52:21.391,bybit,AAVE/USDT:USDT,296.71,50.48,296.7,4.32,296.72,0.09,296.73,0.68
1753591941491,04:52:21.491,bybit,AAVE/USDT:USDT,296.71,50.41,296.7,3.73,296.72,0.09,296.73,0.68
1753591941591,04:52:21.591,bybit,AAVE/USDT:USDT,296.71,49.61,296.7,2.93,296.72,0.09,296.73,0.68
1753591941691,04:52:21.691,bybit,AAVE/USDT:USDT,296.71,49.61,296.7,0.97,296.72,0.09,296.73,0.68
1753591941793,04:52:21.793,bybit,AAVE/USDT:USDT,296.71,49.61,296.7,0.97,296.72,0.09,296.73,0.68
1753591941891,04:52:21.891,bybit,AAVE/USDT:USDT,296.71,49.61,296.7,0.97,296.72,0.09,296.73,0.68
1753591941991,04:52:21.991,bybit,AAVE/USDT:USDT,296.71,49.61,296.7,0.97,296.72,0.09,296.73,0.68
1753591942191,04:52:22.191,bybit,AAVE/USDT:USDT,296.71,49.61,296.7,0.97,296.72,0.09,296.73,0.68
1753591942291,04:52:22.291,bybit,AAVE/USDT:USDT,296.71,49.61,296.7,0.97,296.72,0.09,296.73,0.68
1753591942491,04:52:22.491,bybit,AAVE/USDT:USDT,296.71,50.41,296.7,1.77,296.72,0.09,296.73,0.68
1753591942591,04:52:22.591,bybit,AAVE/USDT:USDT,296.71,50.73,296.7,1.77,296.72,0.09,296.73,0.68
1753591942690,04:52:22.690,bybit,AAVE/USDT:USDT,296.71,50.74,296.7,1.77,296.72,0.09,296.73,0.68
1753591942791,04:52:22.791,bybit,AAVE/USDT:USDT,296.71,50.74,296.7,2.29,296.72,0.09,296.73,0.68
1753591942891,04:52:22.891,bybit,AAVE/USDT:USDT,296.71,50.74,296.7,2.29,296.72,0.09,296.73,0.68
1753591942992,04:52:22.992,bybit,AAVE/USDT:USDT,296.74,3.65,296.73,18.77,296.75,0.09,296.76,0.09
1753591943091,04:52:23.091,bybit,AAVE/USDT:USDT,296.74,50.1,296.73,12.0,296.75,0.09,296.76,0.06
1753591943191,04:52:23.191,bybit,AAVE/USDT:USDT,296.74,50.42,296.73,12.8,296.75,0.09,296.76,0.06
1753591943292,04:52:23.292,bybit,AAVE/USDT:USDT,296.77,7.57,296.76,10.25,296.78,0.02,296.79,0.15
1753591943391,04:52:23.391,bybit,AAVE/USDT:USDT,296.77,7.89,296.76,10.25,296.78,0.02,296.79,0.12
1753591943492,04:52:23.492,bybit,AAVE/USDT:USDT,296.77,8.0,296.76,10.25,296.78,0.02,296.79,0.12
1753591943591,04:52:23.591,bybit,AAVE/USDT:USDT,296.77,8.0,296.76,6.05,296.78,0.62,296.79,0.12
1753591943692,04:52:23.692,bybit,AAVE/USDT:USDT,296.77,8.0,296.76,6.05,296.78,0.62,296.79,0.12
1753591943891,04:52:23.891,bybit,AAVE/USDT:USDT,296.77,8.0,296.76,6.05,296.78,0.62,296.79,0.12
1753591943991,04:52:23.991,bybit,AAVE/USDT:USDT,296.77,8.0,296.76,6.05,296.78,0.62,296.79,0.12
1753591944091,04:52:24.091,bybit,AAVE/USDT:USDT,296.77,55.89,296.76,6.05,296.78,0.62,296.79,0.12
1753591944190,04:52:24.190,bybit,AAVE/USDT:USDT,296.77,52.46,296.76,6.05,296.78,0.62,296.79,0.12
1753591944291,04:52:24.291,bybit,AAVE/USDT:USDT,296.77,52.46,296.76,6.05,296.78,0.62,296.79,0.12
1753591944391,04:52:24.391,bybit,AAVE/USDT:USDT,296.77,52.46,296.76,6.05,296.78,0.62,296.79,0.12
1753591944491,04:52:24.491,bybit,AAVE/USDT:USDT,296.77,52.46,296.76,6.05,296.78,0.62,296.79,0.12
1753591944591,04:52:24.591,bybit,AAVE/USDT:USDT,296.77,52.46,296.76,6.05,296.78,0.62,296.79,0.12
1753591944692,04:52:24.692,bybit,AAVE/USDT:USDT,296.77,52.46,296.76,6.05,296.78,0.62,296.79,0.12
1753591944791,04:52:24.791,bybit,AAVE/USDT:USDT,296.77,52.46,296.76,6.05,296.78,0.62,296.79,0.12
1753591944891,04:52:24.891,bybit,AAVE/USDT:USDT,296.77,52.46,296.76,6.05,296.78,0.62,296.79,0.12
1753591944992,04:52:24.992,bybit,AAVE/USDT:USDT,296.77,52.46,296.76,6.05,296.78,0.62,296.79,0.12
1753591945091,04:52:25.091,bybit,AAVE/USDT:USDT,296.77,52.46,296.76,6.05,296.78,0.62,296.79,0.12
1753591945291,04:52:25.291,bybit,AAVE/USDT:USDT,296.78,18.11,296.77,52.03,296.79,0.08,296.8,0.32
1753591945391,04:52:25.391,bybit,AAVE/USDT:USDT,296.78,18.11,296.77,52.03,296.79,0.08,296.8,0.32
1753591945491,04:52:25.491,bybit,AAVE/USDT:USDT,296.78,18.43,296.77,52.03,296.79,0.08,296.8,0.32
1753591945793,04:52:25.793,bybit,AAVE/USDT:USDT,296.78,18.54,296.77,51.92,296.79,0.08,296.8,0.32
1753591945891,04:52:25.891,bybit,AAVE/USDT:USDT,296.78,18.54,296.77,51.92,296.79,0.08,296.8,0.32
1753591945991,04:52:25.991,bybit,AAVE/USDT:USDT,296.78,5.19,296.77,49.62,296.79,0.08,296.8,0.32
1753591946091,04:52:26.091,bybit,AAVE/USDT:USDT,296.78,1.75,296.77,48.87,296.79,1.57,296.8,0.28
1753591946191,04:52:26.191,bybit,AAVE/USDT:USDT,296.78,48.73,296.77,1.89,296.79,0.68,296.8,0.28
1753591946291,04:52:26.291,bybit,AAVE/USDT:USDT,296.78,48.73,296.77,1.89,296.79,0.68,296.8,0.28
1753591946391,04:52:26.391,bybit,AAVE/USDT:USDT,296.78,48.73,296.77,1.89,296.79,0.68,296.8,0.28
1753591946491,04:52:26.491,bybit,AAVE/USDT:USDT,296.78,48.73,296.77,1.89,296.79,0.68,296.8,0.28
1753591946591,04:52:26.591,bybit,AAVE/USDT:USDT,296.78,48.73,296.77,1.89,296.79,0.68,296.8,0.28
1753591946690,04:52:26.690,bybit,AAVE/USDT:USDT,296.78,48.73,296.77,1.89,296.79,0.68,296.8,0.28
1753591946791,04:52:26.791,bybit,AAVE/USDT:USDT,296.78,48.73,296.77,1.89,296.79,1.28,296.8,0.28
1753591946992,04:52:26.992,bybit,AAVE/USDT:USDT,296.78,48.73,296.77,1.89,296.79,1.28,296.8,0.28
1753591947091,04:52:27.091,bybit,AAVE/USDT:USDT,296.78,48.73,296.77,1.89,296.79,1.28,296.8,0.28
1753591947191,04:52:27.191,bybit,AAVE/USDT:USDT,296.78,48.73,296.77,1.89,296.79,1.28,296.8,0.28
1753591947291,04:52:27.291,bybit,AAVE/USDT:USDT,296.78,48.73,296.77,1.89,296.79,1.28,296.8,0.28
1753591947391,04:52:27.391,bybit,AAVE/USDT:USDT,296.78,48.73,296.77,1.89,296.79,1.28,296.8,0.28
1753591947491,04:52:27.491,bybit,AAVE/USDT:USDT,296.78,48.73,296.77,1.89,296.79,1.28,296.8,0.28
1753591947591,04:52:27.591,bybit,AAVE/USDT:USDT,296.78,48.73,296.77,1.89,296.79,1.28,296.8,0.28
1753591947691,04:52:27.691,bybit,AAVE/USDT:USDT,296.78,48.73,296.77,1.89,296.79,1.28,296.8,0.28
1753591947891,04:52:27.891,bybit,AAVE/USDT:USDT,296.78,48.73,296.77,1.89,296.79,1.28,296.8,0.28
1753591947991,04:52:27.991,bybit,AAVE/USDT:USDT,296.78,48.73,296.77,1.89,296.79,1.28,296.8,0.28
1753591948091,04:52:28.091,bybit,AAVE/USDT:USDT,296.78,48.73,296.77,1.89,296.79,1.28,296.8,0.28
1753591948191,04:52:28.191,bybit,AAVE/USDT:USDT,296.78,48.73,296.77,1.89,296.79,1.28,296.8,0.28
1753591948291,04:52:28.291,bybit,AAVE/USDT:USDT,296.78,48.02,296.77,0.94,296.79,4.58,296.8,0.28
1753591948391,04:52:28.391,bybit,AAVE/USDT:USDT,296.78,48.02,296.77,0.94,296.79,4.58,296.8,0.76
1753591948491,04:52:28.491,bybit,AAVE/USDT:USDT,296.78,48.02,296.77,0.94,296.79,3.28,296.8,0.28
1753591948591,04:52:28.591,bybit,AAVE/USDT:USDT,296.78,48.02,296.77,0.94,296.79,1.78,296.8,0.28
1753591948690,04:52:28.690,bybit,AAVE/USDT:USDT,296.78,48.02,296.77,0.94,296.79,1.28,296.8,0.28
1753591948791,04:52:28.791,bybit,AAVE/USDT:USDT,296.78,48.02,296.77,0.94,296.79,1.28,296.8,0.28
1753591948890,04:52:28.890,bybit,AAVE/USDT:USDT,296.78,48.02,296.77,0.94,296.79,1.28,296.8,0.28
1753591949091,04:52:29.091,bybit,AAVE/USDT:USDT,296.78,48.02,296.77,0.94,296.79,1.28,296.8,0.28
1753591949190,04:52:29.190,bybit,AAVE/USDT:USDT,296.78,48.02,296.77,0.94,296.79,1.45,296.8,0.28
1753591949291,04:52:29.291,bybit,AAVE/USDT:USDT,296.78,48.02,296.77,0.94,296.79,1.45,296.8,0.28
1753591949391,04:52:29.391,bybit,AAVE/USDT:USDT,296.78,47.09,296.77,0.94,296.79,5.15,296.8,0.28
1753591949491,04:52:29.491,bybit,AAVE/USDT:USDT,296.78,47.09,296.77,0.94,296.79,5.63,296.8,0.83
1753591949591,04:52:29.591,bybit,AAVE/USDT:USDT,296.78,47.09,296.77,0.94,296.79,2.16,296.8,0.28
1753591949691,04:52:29.691,bybit,AAVE/USDT:USDT,296.78,47.09,296.77,0.94,296.79,2.16,296.8,0.28
1753591949793,04:52:29.793,bybit,AAVE/USDT:USDT,296.78,47.09,296.77,0.94,296.79,2.16,296.8,0.28
1753591949891,04:52:29.891,bybit,AAVE/USDT:USDT,296.78,47.09,296.77,0.94,296.79,2.16,296.8,0.28
1753591949991,04:52:29.991,bybit,AAVE/USDT:USDT,296.78,36.81,296.76,0.04,296.79,8.03,296.8,1.84
1753591950091,04:52:30.091,bybit,AAVE/USDT:USDT,296.78,36.81,296.76,0.04,296.79,7.72,296.8,0.84
1753591950191,04:52:30.191,bybit,AAVE/USDT:USDT,296.78,36.81,296.76,0.04,296.79,7.65,296.8,0.77
1753591950291,04:52:30.291,bybit,AAVE/USDT:USDT,296.78,36.81,296.76,0.04,296.79,3.65,296.8,0.28
1753591950591,04:52:30.591,bybit,AAVE/USDT:USDT,296.78,36.81,296.76,0.04,296.79,2.67,296.8,0.28
1753591950691,04:52:30.691,bybit,AAVE/USDT:USDT,296.78,36.81,296.76,0.04,296.79,2.67,296.8,0.28
1753591950791,04:52:30.791,bybit,AAVE/USDT:USDT,296.78,36.81,296.76,0.04,296.79,2.67,296.8,0.28
1753591950891,04:52:30.891,bybit,AAVE/USDT:USDT,296.78,36.81,296.76,0.04,296.79,2.67,296.8,0.28
1753591950991,04:52:30.991,bybit,AAVE/USDT:USDT,296.78,36.81,296.76,0.04,296.79,2.67,296.8,0.28
1753591951091,04:52:31.091,bybit,AAVE/USDT:USDT,296.79,9.4,296.78,36.81,296.8,0.28,296.81,0.04
1753591951191,04:52:31.191,bybit,AAVE/USDT:USDT,296.79,38.41,296.76,0.04,296.8,2.2,296.82,1.53
1753591951291,04:52:31.291,bybit,AAVE/USDT:USDT,296.79,36.81,296.76,0.04,296.8,5.75,296.81,0.56
1753591951391,04:52:31.391,bybit,AAVE/USDT:USDT,296.79,36.81,296.76,0.04,296.8,6.33,296.81,0.56
1753591951491,04:52:31.491,bybit,AAVE/USDT:USDT,296.79,36.81,296.76,0.04,296.8,4.27,296.82,6.13
1753591951591,04:52:31.591,bybit,AAVE/USDT:USDT,296.79,36.81,296.76,0.04,296.8,4.27,296.82,6.13
1753591951691,04:52:31.691,bybit,AAVE/USDT:USDT,296.79,36.81,296.76,0.91,296.8,4.25,296.82,1.57
1753591951791,04:52:31.791,bybit,AAVE/USDT:USDT,296.79,36.81,296.76,0.91,296.8,4.25,296.82,1.57
1753591951891,04:52:31.891,bybit,AAVE/USDT:USDT,296.79,36.94,296.76,0.91,296.8,4.25,296.82,1.57
1753591951991,04:52:31.991,bybit,AAVE/USDT:USDT,296.79,36.94,296.76,0.91,296.8,1.78,296.82,1.57
1753591952091,04:52:32.091,bybit,AAVE/USDT:USDT,296.79,36.94,296.78,0.07,296.8,0.84,296.82,1.57
1753591952191,04:52:32.191,bybit,AAVE/USDT:USDT,296.79,36.94,296.78,0.07,296.8,0.84,296.82,1.57
1753591952291,04:52:32.291,bybit,AAVE/USDT:USDT,296.79,36.94,296.76,0.11,296.8,2.33,296.82,1.57
1753591952392,04:52:32.392,bybit,AAVE/USDT:USDT,296.79,36.94,296.76,0.04,296.8,2.33,296.82,5.49
1753591952491,04:52:32.491,bybit,AAVE/USDT:USDT,296.79,36.94,296.76,0.04,296.8,2.33,296.82,5.49
1753591952591,04:52:32.591,bybit,AAVE/USDT:USDT,296.79,36.94,296.76,0.04,296.8,2.33,296.82,5.49
1753591952691,04:52:32.691,bybit,AAVE/USDT:USDT,296.79,36.94,296.76,0.04,296.8,4.54,296.82,5.49
1753591952791,04:52:32.791,bybit,AAVE/USDT:USDT,296.79,36.94,296.76,0.04,296.8,4.54,296.82,5.49
1753591952891,04:52:32.891,bybit,AAVE/USDT:USDT,296.79,36.94,296.76,0.04,296.8,3.83,296.82,5.49
1753591952995,04:52:32.995,bybit,AAVE/USDT:USDT,296.79,36.94,296.76,0.04,296.8,3.83,296.82,5.49
1753591953092,04:52:33.092,bybit,AAVE/USDT:USDT,296.79,36.94,296.76,0.04,296.8,3.83,296.82,5.49
1753591953191,04:52:33.191,bybit,AAVE/USDT:USDT,296.79,36.94,296.76,0.04,296.8,3.83,296.82,5.49
1753591953291,04:52:33.291,bybit,AAVE/USDT:USDT,296.79,36.94,296.76,0.04,296.8,2.33,296.82,5.49
1753591953392,04:52:33.392,bybit,AAVE/USDT:USDT,296.79,36.94,296.76,0.04,296.8,2.33,296.82,2.13
1753591953491,04:52:33.491,bybit,AAVE/USDT:USDT,296.79,37.06,296.76,0.04,296.8,3.04,296.82,2.13
1753591953591,04:52:33.591,bybit,AAVE/USDT:USDT,296.79,37.06,296.76,0.04,296.8,3.04,296.82,5.49
1753591953691,04:52:33.691,bybit,AAVE/USDT:USDT,296.79,37.06,296.76,0.04,296.8,3.04,296.82,5.49
1753591953791,04:52:33.791,bybit,AAVE/USDT:USDT,296.79,37.06,296.76,0.04,296.8,3.04,296.82,2.13
1753591953891,04:52:33.891,bybit,AAVE/USDT:USDT,296.79,37.06,296.76,0.04,296.8,3.04,296.82,2.13
1753591953991,04:52:33.991,bybit,AAVE/USDT:USDT,296.79,37.06,296.76,0.04,296.8,3.04,296.82,2.13
1753591954091,04:52:34.091,bybit,AAVE/USDT:USDT,296.79,37.06,296.76,0.04,296.8,3.04,296.82,2.13
1753591954291,04:52:34.291,bybit,AAVE/USDT:USDT,296.79,37.06,296.76,0.04,296.8,3.04,296.82,1.57
1753591954391,04:52:34.391,bybit,AAVE/USDT:USDT,296.79,37.06,296.76,0.84,296.8,3.04,296.82,1.57
1753591954491,04:52:34.491,bybit,AAVE/USDT:USDT,296.79,37.06,296.76,0.84,296.8,3.04,296.82,1.57
1753591954591,04:52:34.591,bybit,AAVE/USDT:USDT,296.79,37.06,296.76,0.84,296.8,3.04,296.82,1.57
1753591954690,04:52:34.690,bybit,AAVE/USDT:USDT,296.79,37.06,296.76,0.04,296.8,4.86,296.82,4.93
1753591954791,04:52:34.791,bybit,AAVE/USDT:USDT,296.79,37.06,296.76,0.04,296.8,4.86,296.82,4.93
1753591954891,04:52:34.891,bybit,AAVE/USDT:USDT,296.79,37.06,296.76,0.04,296.8,4.86,296.82,6.95
1753591954991,04:52:34.991,bybit,AAVE/USDT:USDT,296.79,37.06,296.76,0.04,296.8,4.86,296.82,6.95
1753591955091,04:52:35.091,bybit,AAVE/USDT:USDT,296.79,37.06,296.76,0.04,296.8,4.86,296.82,6.95
1753591955191,04:52:35.191,bybit,AAVE/USDT:USDT,296.79,37.06,296.76,0.04,296.8,4.86,296.82,6.95
1753591955291,04:52:35.291,bybit,AAVE/USDT:USDT,296.79,37.06,296.76,0.04,296.8,4.86,296.82,6.95
1753591955391,04:52:35.391,bybit,AAVE/USDT:USDT,296.72,0.08,296.71,0.07,296.75,4.49,296.76,4.18
1753591955492,04:52:35.492,bybit,AAVE/USDT:USDT,296.72,2.24,296.71,0.03,296.73,4.8,296.74,2.84
1753591955592,04:52:35.592,bybit,AAVE/USDT:USDT,296.72,0.73,296.71,0.03,296.73,2.54,296.74,2.7
1753591955691,04:52:35.691,bybit,AAVE/USDT:USDT,296.72,0.73,296.71,0.03,296.73,2.54,296.74,2.7
1753591955791,04:52:35.791,bybit,AAVE/USDT:USDT,296.72,4.17,296.71,0.03,296.73,1.73,296.74,2.7
1753591955891,04:52:35.891,bybit,AAVE/USDT:USDT,296.74,0.71,296.73,7.96,296.75,1.99,296.76,3.47
1753591955991,04:52:35.991,bybit,AAVE/USDT:USDT,296.74,1.74,296.73,7.96,296.75,0.97,296.76,3.47
1753591956091,04:52:36.091,bybit,AAVE/USDT:USDT,296.74,1.74,296.73,7.96,296.75,0.97,296.76,3.47
1753591956191,04:52:36.191,bybit,AAVE/USDT:USDT,296.74,1.74,296.73,7.96,296.75,0.97,296.76,3.47
1753591956291,04:52:36.291,bybit,AAVE/USDT:USDT,296.73,1.03,296.72,4.96,296.74,2.45,296.75,0.97
1753591956391,04:52:36.391,bybit,AAVE/USDT:USDT,296.72,3.46,296.71,0.03,296.73,3.01,296.74,0.97
1753591956491,04:52:36.491,bybit,AAVE/USDT:USDT,296.72,3.46,296.71,0.03,296.73,2.45,296.74,0.97
1753591956591,04:52:36.591,bybit,AAVE/USDT:USDT,296.72,3.46,296.71,0.86,296.73,0.97,296.74,0.97
1753591956691,04:52:36.691,bybit,AAVE/USDT:USDT,296.72,3.46,296.71,0.86,296.73,0.97,296.74,0.97
1753591956791,04:52:36.791,bybit,AAVE/USDT:USDT,296.72,3.46,296.71,0.86,296.73,0.97,296.74,0.97
1753591956891,04:52:36.891,bybit,AAVE/USDT:USDT,296.72,3.46,296.71,0.03,296.73,2.45,296.74,0.97
1753591956991,04:52:36.991,bybit,AAVE/USDT:USDT,296.72,3.46,296.71,0.03,296.73,2.45,296.74,0.97
1753591957091,04:52:37.091,bybit,AAVE/USDT:USDT,296.72,3.46,296.71,0.03,296.73,2.45,296.74,0.97
1753591957292,04:52:37.292,bybit,AAVE/USDT:USDT,296.72,0.02,296.71,0.03,296.73,2.45,296.74,0.97
1753591957391,04:52:37.391,bybit,AAVE/USDT:USDT,296.72,0.02,296.71,0.03,296.73,2.45,296.74,0.97
1753591957491,04:52:37.491,bybit,AAVE/USDT:USDT,296.72,0.02,296.71,0.03,296.73,2.45,296.74,0.97
1753591957691,04:52:37.691,bybit,AAVE/USDT:USDT,296.72,0.02,296.71,0.03,296.73,2.45,296.74,0.97
1753591957794,04:52:37.794,bybit,AAVE/USDT:USDT,296.72,0.02,296.71,0.03,296.73,2.45,296.74,0.97
1753591957891,04:52:37.891,bybit,AAVE/USDT:USDT,296.72,0.02,296.71,0.03,296.73,2.45,296.74,0.97
1753591957991,04:52:37.991,bybit,AAVE/USDT:USDT,296.72,0.02,296.71,0.03,296.73,2.45,296.74,0.97
1753591958091,04:52:38.091,bybit,AAVE/USDT:USDT,296.72,0.02,296.71,0.03,296.73,2.45,296.74,0.97
1753591958191,04:52:38.191,bybit,AAVE/USDT:USDT,296.72,0.02,296.71,0.03,296.73,2.45,296.74,0.97
1753591958291,04:52:38.291,bybit,AAVE/USDT:USDT,296.72,0.02,296.71,0.03,296.73,2.45,296.74,0.97
1753591958391,04:52:38.391,bybit,AAVE/USDT:USDT,296.72,0.02,296.71,0.03,296.73,2.45,296.74,0.97
1753591958491,04:52:38.491,bybit,AAVE/USDT:USDT,296.72,0.02,296.71,0.03,296.73,2.45,296.74,0.97
1753591958604,04:52:38.604,bybit,AAVE/USDT:USDT,296.72,0.02,296.71,0.03,296.73,2.45,296.74,0.97
1753591958691,04:52:38.691,bybit,AAVE/USDT:USDT,296.72,0.02,296.71,0.03,296.73,2.45,296.74,0.97
1753591958791,04:52:38.791,bybit,AAVE/USDT:USDT,296.73,0.71,296.72,3.27,296.74,0.97,296.75,0.97
1753591959091,04:52:39.091,bybit,AAVE/USDT:USDT,296.74,0.82,296.73,1.74,296.75,0.97,296.76,3.47
1753591959190,04:52:39.190,bybit,AAVE/USDT:USDT,296.74,0.82,296.73,1.74,296.75,0.97,296.76,3.47
1753591959291,04:52:39.291,bybit,AAVE/USDT:USDT,296.74,0.82,296.73,1.74,296.75,0.97,296.76,3.47
1753591959391,04:52:39.391,bybit,AAVE/USDT:USDT,296.74,0.82,296.73,1.74,296.75,0.97,296.76,3.47
1753591959491,04:52:39.491,bybit,AAVE/USDT:USDT,296.74,0.82,296.73,1.74,296.75,2.45,296.76,3.47
1753591959591,04:52:39.591,bybit,AAVE/USDT:USDT,296.74,0.82,296.73,1.74,296.75,2.45,296.76,3.47
1753591959692,04:52:39.692,bybit,AAVE/USDT:USDT,296.74,0.82,296.73,1.74,296.76,1.99,296.77,2.03
1753591959792,04:52:39.792,bybit,AAVE/USDT:USDT,296.77,2.04,296.76,6.74,296.78,0.02,296.79,0.03
1753591959892,04:52:39.892,bybit,AAVE/USDT:USDT,296.72,0.02,296.7,0.76,296.73,2.7,296.74,5.23
1753591959991,04:52:39.991,bybit,AAVE/USDT:USDT,296.72,0.02,296.7,0.76,296.73,2.7,296.74,5.23
1753591960091,04:52:40.091,bybit,AAVE/USDT:USDT,296.72,4.96,296.7,0.8,296.74,0.71,296.75,1.66
1753591960191,04:52:40.191,bybit,AAVE/USDT:USDT,296.72,4.96,296.7,0.8,296.74,0.71,296.75,1.66
1753591960291,04:52:40.291,bybit,AAVE/USDT:USDT,296.72,4.96,296.7,0.8,296.74,0.71,296.75,1.66
1753591960392,04:52:40.392,bybit,AAVE/USDT:USDT,296.74,0.51,296.73,0.8,296.75,0.63,296.76,3.47
1753591960491,04:52:40.491,bybit,AAVE/USDT:USDT,296.73,0.8,296.72,3.5,296.75,2.96,296.76,1.99
1753591960591,04:52:40.591,bybit,AAVE/USDT:USDT,296.72,0.02,296.71,0.07,296.73,2.19,296.74,1.68
1753591960691,04:52:40.691,bybit,AAVE/USDT:USDT,296.72,0.02,296.71,0.07,296.73,1.48,296.74,0.97
1753591960791,04:52:40.791,bybit,AAVE/USDT:USDT,296.72,0.02,296.71,0.07,296.73,1.48,296.74,0.97
1753591960891,04:52:40.891,bybit,AAVE/USDT:USDT,296.72,0.02,296.71,0.07,296.73,1.48,296.74,0.97
1753591960991,04:52:40.991,bybit,AAVE/USDT:USDT,296.72,0.02,296.71,0.07,296.73,1.92,296.74,0.97
1753591961091,04:52:41.091,bybit,AAVE/USDT:USDT,296.72,0.02,296.71,0.07,296.73,1.92,296.74,0.97
1753591961191,04:52:41.191,bybit,AAVE/USDT:USDT,296.72,0.02,296.71,0.07,296.73,1.92,296.74,0.97
1753591961291,04:52:41.291,bybit,AAVE/USDT:USDT,296.72,0.02,296.71,0.07,296.73,1.92,296.74,0.97
1753591961391,04:52:41.391,bybit,AAVE/USDT:USDT,296.72,0.02,296.71,0.07,296.73,1.92,296.74,0.97
1753591961491,04:52:41.491,bybit,AAVE/USDT:USDT,296.72,0.02,296.71,0.07,296.73,2.03,296.74,0.97
1753591961591,04:52:41.591,bybit,AAVE/USDT:USDT,296.72,0.12,296.71,0.04,296.73,2.03,296.74,0.97
1753591961691,04:52:41.691,bybit,AAVE/USDT:USDT,296.72,0.12,296.71,0.04,296.73,2.03,296.74,0.97
1753591961791,04:52:41.791,bybit,AAVE/USDT:USDT,296.72,0.12,296.71,0.04,296.73,2.03,296.74,0.97
1753591961891,04:52:41.891,bybit,AAVE/USDT:USDT,296.72,0.12,296.71,0.04,296.73,2.03,296.74,0.97
1753591961991,04:52:41.991,bybit,AAVE/USDT:USDT,296.72,0.12,296.71,0.04,296.73,2.03,296.74,0.97
1753591962091,04:52:42.091,bybit,AAVE/USDT:USDT,296.72,0.12,296.71,0.04,296.73,2.03,296.74,0.97
1753591962190,04:52:42.190,bybit,AAVE/USDT:USDT,296.72,0.12,296.71,0.04,296.73,2.03,296.74,0.97
1753591962292,04:52:42.292,bybit,AAVE/USDT:USDT,296.72,0.12,296.71,0.04,296.73,2.03,296.74,0.97
1753591962392,04:52:42.392,bybit,AAVE/USDT:USDT,296.73,0.95,296.72,3.92,296.75,2.03,296.76,2.02
1753591962491,04:52:42.491,bybit,AAVE/USDT:USDT,296.72,2.96,296.71,0.8,296.74,1.48,296.75,0.55
1753591962592,04:52:42.592,bybit,AAVE/USDT:USDT,296.72,2.96,296.71,0.8,296.74,1.48,296.75,0.55
1753591962691,04:52:42.691,bybit,AAVE/USDT:USDT,296.72,2.96,296.71,0.8,296.74,1.48,296.75,0.55
1753591962791,04:52:42.791,bybit,AAVE/USDT:USDT,296.72,2.96,296.71,0.8,296.74,1.48,296.75,0.55
1753591962891,04:52:42.891,bybit,AAVE/USDT:USDT,296.72,2.16,296.7,0.88,296.74,1.48,296.75,0.55
1753591962990,04:52:42.990,bybit,AAVE/USDT:USDT,296.72,0.12,296.7,0.08,296.73,2.19,296.74,0.43
1753591963091,04:52:43.091,bybit,AAVE/USDT:USDT,296.72,1.09,296.7,4.23,296.73,1.48,296.74,0.43
1753591963191,04:52:43.191,bybit,AAVE/USDT:USDT,296.72,0.38,296.7,4.23,296.74,1.93,296.75,0.55
1753591963291,04:52:43.291,bybit,AAVE/USDT:USDT,296.72,0.12,296.7,0.08,296.73,1.5,296.74,0.43
1753591963392,04:52:43.392,bybit,AAVE/USDT:USDT,296.74,0.71,296.73,1.87,296.75,2.05,296.76,2.06
1753591963491,04:52:43.491,bybit,AAVE/USDT:USDT,296.74,0.71,296.73,1.07,296.75,2.05,296.76,2.02
1753591963591,04:52:43.591,bybit,AAVE/USDT:USDT,296.74,0.71,296.73,1.07,296.75,2.05,296.76,2.02
1753591963691,04:52:43.691,bybit,AAVE/USDT:USDT,296.74,0.71,296.73,1.07,296.76,1.0,296.77,0.71
1753591963793,04:52:43.793,bybit,AAVE/USDT:USDT,296.74,0.71,296.73,1.07,296.76,1.0,296.77,1.63
1753591963891,04:52:43.891,bybit,AAVE/USDT:USDT,296.74,0.71,296.73,1.07,296.76,1.0,296.77,1.63
1753591963991,04:52:43.991,bybit,AAVE/USDT:USDT,296.75,0.1,296.74,0.71,296.76,1.0,296.77,1.63
1753591964091,04:52:44.091,bybit,AAVE/USDT:USDT,296.75,0.1,296.74,0.71,296.76,1.0,296.77,0.71
1753591964191,04:52:44.191,bybit,AAVE/USDT:USDT,296.75,0.1,296.74,0.71,296.76,2.5,296.77,0.71
1753591964291,04:52:44.291,bybit,AAVE/USDT:USDT,296.75,0.1,296.73,0.4,296.76,2.5,296.77,0.71
1753591964491,04:52:44.491,bybit,AAVE/USDT:USDT,296.75,0.1,296.73,0.4,296.76,2.5,296.77,2.05
1753591964591,04:52:44.591,bybit,AAVE/USDT:USDT,296.75,0.1,296.73,0.4,296.76,2.5,296.77,2.05
1753591964691,04:52:44.691,bybit,AAVE/USDT:USDT,296.75,0.1,296.73,0.4,296.76,2.5,296.77,2.05
1753591964791,04:52:44.791,bybit,AAVE/USDT:USDT,296.75,0.1,296.73,0.4,296.76,2.5,296.77,2.05
1753591964991,04:52:44.991,bybit,AAVE/USDT:USDT,296.75,0.1,296.73,0.4,296.76,2.5,296.77,2.05
1753591965092,04:52:45.092,bybit,AAVE/USDT:USDT,296.75,0.1,296.73,0.4,296.76,2.5,296.77,0.71
1753591965191,04:52:45.191,bybit,AAVE/USDT:USDT,296.75,0.1,296.73,0.4,296.76,2.5,296.77,0.71
1753591965391,04:52:45.391,bybit,AAVE/USDT:USDT,296.75,0.1,296.73,0.4,296.76,2.5,296.77,0.71
1753591965490,04:52:45.490,bybit,AAVE/USDT:USDT,296.75,0.1,296.73,0.4,296.76,2.5,296.77,0.71
1753591965591,04:52:45.591,bybit,AAVE/USDT:USDT,296.75,0.1,296.73,0.4,296.76,2.5,296.77,2.03
1753591965692,04:52:45.692,bybit,AAVE/USDT:USDT,296.75,0.1,296.73,0.4,296.76,2.6,296.77,2.03
1753591965794,04:52:45.794,bybit,AAVE/USDT:USDT,296.75,0.1,296.73,0.4,296.76,2.6,296.77,2.03
1753591965891,04:52:45.891,bybit,AAVE/USDT:USDT,296.75,0.1,296.73,0.4,296.76,2.6,296.77,2.03
1753591965991,04:52:45.991,bybit,AAVE/USDT:USDT,296.75,0.1,296.73,0.4,296.76,2.6,296.77,2.03
1753591966092,04:52:46.092,bybit,AAVE/USDT:USDT,296.75,0.1,296.73,0.4,296.76,2.6,296.77,2.03
1753591966191,04:52:46.191,bybit,AAVE/USDT:USDT,296.75,3.0,296.74,0.8,296.76,0.1,296.77,0.71
1753591966292,04:52:46.292,bybit,AAVE/USDT:USDT,296.75,3.0,296.74,0.8,296.76,0.1,296.78,3.22
1753591966391,04:52:46.391,bybit,AAVE/USDT:USDT,296.75,3.0,296.74,0.8,296.76,0.1,296.78,3.22
1753591966491,04:52:46.491,bybit,AAVE/USDT:USDT,296.75,3.0,296.74,0.8,296.76,0.1,296.78,3.22
1753591966591,04:52:46.591,bybit,AAVE/USDT:USDT,296.75,3.0,296.74,0.8,296.76,0.1,296.78,3.22
1753591966691,04:52:46.691,bybit,AAVE/USDT:USDT,296.75,3.0,296.74,0.8,296.76,0.1,296.78,3.22
1753591966991,04:52:46.991,bybit,AAVE/USDT:USDT,296.75,3.0,296.74,0.8,296.76,0.1,296.78,3.22
1753591967090,04:52:47.090,bybit,AAVE/USDT:USDT,296.75,3.0,296.74,0.8,296.76,0.1,296.78,3.22
1753591967191,04:52:47.191,bybit,AAVE/USDT:USDT,296.79,3.59,296.78,1.87,296.8,0.88,296.81,1.74
1753591967291,04:52:47.291,bybit,AAVE/USDT:USDT,296.79,2.09,296.78,1.87,296.8,2.38,296.81,1.74
1753591967391,04:52:47.391,bybit,AAVE/USDT:USDT,296.79,2.09,296.78,1.87,296.8,2.38,296.81,1.74
1753591967491,04:52:47.491,bybit,AAVE/USDT:USDT,296.79,2.09,296.78,1.87,296.8,2.36,296.81,1.74
1753591967591,04:52:47.591,bybit,AAVE/USDT:USDT,296.79,2.09,296.78,1.87,296.8,2.36,296.81,1.74
1753591967691,04:52:47.691,bybit,AAVE/USDT:USDT,296.79,2.19,296.78,1.73,296.8,2.36,296.81,1.74
1753591967890,04:52:47.890,bybit,AAVE/USDT:USDT,296.79,2.19,296.78,1.73,296.8,2.34,296.81,1.74
1753591968091,04:52:48.091,bybit,AAVE/USDT:USDT,296.79,2.19,296.78,1.73,296.8,0.84,296.81,1.74
1753591968191,04:52:48.191,bybit,AAVE/USDT:USDT,296.79,2.99,296.78,2.53,296.8,0.84,296.81,1.74
1753591968291,04:52:48.291,bybit,AAVE/USDT:USDT,296.79,2.99,296.78,2.53,296.8,0.84,296.81,1.74
1753591968491,04:52:48.491,bybit,AAVE/USDT:USDT,296.79,2.99,296.78,2.53,296.8,0.84,296.81,1.74
1753591968591,04:52:48.591,bybit,AAVE/USDT:USDT,296.79,2.99,296.78,2.53,296.8,0.84,296.81,1.74
1753591968790,04:52:48.790,bybit,AAVE/USDT:USDT,296.79,2.99,296.78,2.53,296.8,0.84,296.81,1.74
1753591968892,04:52:48.892,bybit,AAVE/USDT:USDT,296.79,3.9,296.78,2.53,296.8,0.84,296.81,1.74
1753591968991,04:52:48.991,bybit,AAVE/USDT:USDT,296.79,3.9,296.78,2.53,296.8,0.84,296.81,1.74
1753591969291,04:52:49.291,bybit,AAVE/USDT:USDT,296.79,3.9,296.78,2.53,296.8,0.84,296.81,1.74
1753591969390,04:52:49.390,bybit,AAVE/USDT:USDT,296.79,3.9,296.78,2.53,296.8,0.84,296.81,1.74
1753591969591,04:52:49.591,bybit,AAVE/USDT:USDT,296.79,0.81,296.78,1.73,296.8,2.34,296.81,1.74
1753591969691,04:52:49.691,bybit,AAVE/USDT:USDT,296.79,0.81,296.78,1.73,296.8,2.34,296.81,1.74
1753591969791,04:52:49.791,bybit,AAVE/USDT:USDT,296.79,0.81,296.78,1.73,296.8,2.34,296.81,1.74
1753591969891,04:52:49.891,bybit,AAVE/USDT:USDT,296.79,1.12,296.78,1.73,296.8,2.34,296.81,1.74
1753591969991,04:52:49.991,bybit,AAVE/USDT:USDT,296.79,1.12,296.78,1.73,296.8,2.34,296.81,1.74
1753591970191,04:52:50.191,bybit,AAVE/USDT:USDT,296.79,1.12,296.78,1.73,296.8,2.34,296.81,1.74
1753591970291,04:52:50.291,bybit,AAVE/USDT:USDT,296.79,1.12,296.78,1.73,296.8,2.34,296.81,1.74
1753591970391,04:52:50.391,bybit,AAVE/USDT:USDT,296.79,1.12,296.78,1.73,296.8,2.34,296.81,1.74
1753591970491,04:52:50.491,bybit,AAVE/USDT:USDT,296.79,1.12,296.78,1.73,296.8,0.84,296.81,1.74
1753591970591,04:52:50.591,bybit,AAVE/USDT:USDT,296.79,1.12,296.78,1.73,296.8,0.84,296.81,1.74
1753591970691,04:52:50.691,bybit,AAVE/USDT:USDT,296.79,1.12,296.78,1.73,296.8,0.84,296.81,1.74
1753591970792,04:52:50.792,bybit,AAVE/USDT:USDT,296.79,1.12,296.78,1.73,296.8,0.84,296.81,1.74
1753591970891,04:52:50.891,bybit,AAVE/USDT:USDT,296.79,1.12,296.78,1.13,296.8,2.34,296.81,1.74
1753591970991,04:52:50.991,bybit,AAVE/USDT:USDT,296.79,1.12,296.78,1.13,296.8,2.34,296.81,1.74
1753591971091,04:52:51.091,bybit,AAVE/USDT:USDT,296.79,1.12,296.78,1.13,296.8,2.34,296.81,1.74
1753591971191,04:52:51.191,bybit,AAVE/USDT:USDT,296.79,1.12,296.78,1.13,296.8,2.34,296.81,1.74
1753591971292,04:52:51.292,bybit,AAVE/USDT:USDT,296.79,1.12,296.78,1.13,296.8,2.34,296.81,1.74
1753591971391,04:52:51.391,bybit,AAVE/USDT:USDT,296.79,1.01,296.78,0.71,296.8,2.44,296.81,1.74
1753591971490,04:52:51.490,bybit,AAVE/USDT:USDT,296.79,1.01,296.78,0.71,296.8,2.44,296.81,1.74
1753591971691,04:52:51.691,bybit,AAVE/USDT:USDT,296.79,1.01,296.78,0.71,296.8,2.44,296.82,1.61
1753591971793,04:52:51.793,bybit,AAVE/USDT:USDT,296.79,1.01,296.78,0.71,296.8,2.44,296.82,1.61
1753591971891,04:52:51.891,bybit,AAVE/USDT:USDT,296.79,1.01,296.78,0.71,296.8,2.44,296.82,1.61
1753591971991,04:52:51.991,bybit,AAVE/USDT:USDT,296.79,1.01,296.78,0.71,296.8,2.07,296.82,1.61
1753591972091,04:52:52.091,bybit,AAVE/USDT:USDT,296.79,1.01,296.78,0.71,296.8,2.07,296.82,1.61
1753591972191,04:52:52.191,bybit,AAVE/USDT:USDT,296.79,1.01,296.78,0.71,296.8,2.07,296.82,1.61
1753591972291,04:52:52.291,bybit,AAVE/USDT:USDT,296.79,1.01,296.78,0.71,296.8,2.07,296.82,1.61
1753591972391,04:52:52.391,bybit,AAVE/USDT:USDT,296.79,1.01,296.78,0.71,296.8,2.07,296.82,1.61
1753591972591,04:52:52.591,bybit,AAVE/USDT:USDT,296.79,2.02,296.78,0.71,296.8,1.84,296.82,1.61
1753591972691,04:52:52.691,bybit,AAVE/USDT:USDT,296.79,2.02,296.78,0.71,296.8,1.84,296.82,1.61
1753591972791,04:52:52.791,bybit,AAVE/USDT:USDT,296.79,2.02,296.78,0.71,296.8,1.84,296.82,1.61
1753591972891,04:52:52.891,bybit,AAVE/USDT:USDT,296.79,2.02,296.78,0.71,296.8,1.84,296.82,1.61
1753591972991,04:52:52.991,bybit,AAVE/USDT:USDT,296.79,2.02,296.78,0.71,296.8,0.34,296.82,0.08
1753591973191,04:52:53.191,bybit,AAVE/USDT:USDT,296.79,2.82,296.78,1.51,296.8,0.34,296.82,0.08
1753591973291,04:52:53.291,bybit,AAVE/USDT:USDT,296.79,2.02,296.78,0.71,296.8,0.34,296.82,0.08
1753591973391,04:52:53.391,bybit,AAVE/USDT:USDT,296.79,2.02,296.78,0.71,296.8,0.34,296.82,0.08
1753591973591,04:52:53.591,bybit,AAVE/USDT:USDT,296.79,2.02,296.78,0.71,296.8,0.44,296.82,0.08
1753591973691,04:52:53.691,bybit,AAVE/USDT:USDT,296.79,2.02,296.78,0.71,296.8,0.44,296.82,0.08
1753591973794,04:52:53.794,bybit,AAVE/USDT:USDT,296.79,2.02,296.78,0.71,296.8,0.44,296.82,0.08
1753591973891,04:52:53.891,bybit,AAVE/USDT:USDT,296.79,2.02,296.78,0.71,296.8,0.44,296.82,0.08
1753591974091,04:52:54.091,bybit,AAVE/USDT:USDT,296.79,2.02,296.78,0.71,296.8,0.44,296.82,0.08
1753591974191,04:52:54.191,bybit,AAVE/USDT:USDT,296.79,2.02,296.78,0.71,296.8,0.44,296.82,0.08
1753591974491,04:52:54.491,bybit,AAVE/USDT:USDT,296.79,2.02,296.78,0.71,296.8,0.44,296.82,0.08
1753591974591,04:52:54.591,bybit,AAVE/USDT:USDT,296.79,2.02,296.78,0.71,296.8,0.44,296.82,0.08
1753591974791,04:52:54.791,bybit,AAVE/USDT:USDT,296.79,2.02,296.78,0.71,296.8,0.44,296.82,0.08
1753591974891,04:52:54.891,bybit,AAVE/USDT:USDT,296.79,2.02,296.78,0.71,296.8,0.44,296.82,0.08
1753591974991,04:52:54.991,bybit,AAVE/USDT:USDT,296.79,2.02,296.78,0.71,296.8,0.44,296.82,0.08
1753591975091,04:52:55.091,bybit,AAVE/USDT:USDT,296.79,2.02,296.78,0.71,296.8,0.44,296.82,0.08
1753591975191,04:52:55.191,bybit,AAVE/USDT:USDT,296.79,2.02,296.78,0.71,296.8,0.44,296.82,0.08
1753591975291,04:52:55.291,bybit,AAVE/USDT:USDT,296.79,2.82,296.78,1.51,296.8,0.44,296.82,0.08
1753591975391,04:52:55.391,bybit,AAVE/USDT:USDT,296.79,2.82,296.78,1.51,296.8,0.44,296.82,0.08
1753591975492,04:52:55.492,bybit,AAVE/USDT:USDT,296.79,2.02,296.78,0.71,296.8,0.44,296.82,0.08
1753591975591,04:52:55.591,bybit,AAVE/USDT:USDT,296.79,1.01,296.78,0.71,296.8,1.92,296.82,0.08
1753591975691,04:52:55.691,bybit,AAVE/USDT:USDT,296.79,1.01,296.78,0.71,296.8,1.92,296.82,0.08
1753591975791,04:52:55.791,bybit,AAVE/USDT:USDT,296.79,0.3,296.78,0.71,296.8,2.01,296.82,0.08
1753591975891,04:52:55.891,bybit,AAVE/USDT:USDT,296.79,0.3,296.78,0.71,296.8,2.01,296.82,0.08
1753591975991,04:52:55.991,bybit,AAVE/USDT:USDT,296.79,0.3,296.78,0.71,296.8,2.01,296.82,0.08
1753591976091,04:52:56.091,bybit,AAVE/USDT:USDT,296.79,0.3,296.78,0.71,296.8,2.01,296.82,0.08
1753591976191,04:52:56.191,bybit,AAVE/USDT:USDT,296.79,0.3,296.78,0.71,296.8,2.01,296.82,0.08
1753591976291,04:52:56.291,bybit,AAVE/USDT:USDT,296.79,0.3,296.78,0.71,296.8,2.01,296.82,0.08
1753591976391,04:52:56.391,bybit,AAVE/USDT:USDT,296.79,0.3,296.78,0.71,296.8,2.01,296.82,0.08
1753591976491,04:52:56.491,bybit,AAVE/USDT:USDT,296.79,0.3,296.78,0.71,296.8,2.01,296.82,0.08
1753591976691,04:52:56.691,bybit,AAVE/USDT:USDT,296.79,0.46,296.78,1.51,296.8,2.01,296.82,0.08
1753591976991,04:52:56.991,bybit,AAVE/USDT:USDT,296.79,0.46,296.78,1.51,296.8,0.53,296.82,1.56
1753591977090,04:52:57.090,bybit,AAVE/USDT:USDT,296.79,0.46,296.78,1.51,296.8,0.53,296.82,1.56
1753591977291,04:52:57.291,bybit,AAVE/USDT:USDT,296.79,0.46,296.78,1.51,296.8,2.01,296.82,1.56
1753591977391,04:52:57.391,bybit,AAVE/USDT:USDT,296.79,0.46,296.78,1.51,296.8,2.01,296.82,1.56
1753591977491,04:52:57.491,bybit,AAVE/USDT:USDT,296.79,0.46,296.78,0.71,296.8,2.01,296.82,1.56
1753591977591,04:52:57.591,bybit,AAVE/USDT:USDT,296.79,0.46,296.78,0.71,296.8,2.01,296.82,1.56
1753591977691,04:52:57.691,bybit,AAVE/USDT:USDT,296.79,0.46,296.78,0.71,296.8,2.01,296.82,1.56
1753591977793,04:52:57.793,bybit,AAVE/USDT:USDT,296.79,0.46,296.78,0.71,296.8,2.01,296.82,1.56
1753591977891,04:52:57.891,bybit,AAVE/USDT:USDT,296.79,0.46,296.78,0.71,296.8,2.01,296.82,1.56
1753591977991,04:52:57.991,bybit,AAVE/USDT:USDT,296.79,0.46,296.78,0.71,296.8,2.01,296.82,1.56
1753591978091,04:52:58.091,bybit,AAVE/USDT:USDT,296.79,0.46,296.78,0.71,296.8,1.92,296.82,1.56
1753591978191,04:52:58.191,bybit,AAVE/USDT:USDT,296.79,0.57,296.78,0.71,296.8,1.92,296.82,1.56
1753591978292,04:52:58.292,bybit,AAVE/USDT:USDT,296.79,0.57,296.78,1.51,296.8,1.92,296.82,1.56
1753591978391,04:52:58.391,bybit,AAVE/USDT:USDT,296.79,1.78,296.78,1.51,296.8,0.44,296.82,0.08
1753591978491,04:52:58.491,bybit,AAVE/USDT:USDT,296.79,2.0,296.78,1.51,296.8,0.44,296.82,0.08
1753591978591,04:52:58.591,bybit,AAVE/USDT:USDT,296.79,2.0,296.78,1.51,296.8,0.44,296.82,0.08
1753591978690,04:52:58.690,bybit,AAVE/USDT:USDT,296.79,2.0,296.78,1.51,296.8,0.44,296.82,0.08
1753591978791,04:52:58.791,bybit,AAVE/USDT:USDT,296.79,2.0,296.78,1.51,296.8,0.44,296.82,0.08
1753591978891,04:52:58.891,bybit,AAVE/USDT:USDT,296.79,2.0,296.78,1.51,296.8,0.44,296.82,0.08
1753591978991,04:52:58.991,bybit,AAVE/USDT:USDT,296.79,2.0,296.78,1.51,296.8,0.44,296.82,0.08
1753591979091,04:52:59.091,bybit,AAVE/USDT:USDT,296.79,2.0,296.78,1.51,296.8,0.44,296.82,0.08
1753591979191,04:52:59.191,bybit,AAVE/USDT:USDT,296.79,2.0,296.78,1.51,296.8,0.44,296.82,0.08
1753591979291,04:52:59.291,bybit,AAVE/USDT:USDT,296.79,2.0,296.78,0.71,296.8,1.92,296.82,0.04
1753591979391,04:52:59.391,bybit,AAVE/USDT:USDT,296.79,5.46,296.78,0.71,296.8,0.44,296.82,0.08
1753591979492,04:52:59.492,bybit,AAVE/USDT:USDT,296.81,7.68,296.8,6.69,296.82,0.02,296.83,0.13
1753591979591,04:52:59.591,bybit,AAVE/USDT:USDT,296.81,6.2,296.8,6.69,296.82,0.02,296.83,0.13
1753591979691,04:52:59.691,bybit,AAVE/USDT:USDT,296.81,7.11,296.8,7.56,296.82,0.02,296.83,0.13
1753591979794,04:52:59.794,bybit,AAVE/USDT:USDT,296.81,7.11,296.8,7.56,296.82,0.02,296.83,0.13
1753591979891,04:52:59.891,bybit,AAVE/USDT:USDT,296.81,7.11,296.8,7.56,296.82,0.02,296.83,0.13
1753591979991,04:52:59.991,bybit,AAVE/USDT:USDT,296.81,7.11,296.8,7.56,296.82,0.02,296.83,0.13
1753591980091,04:53:00.091,bybit,AAVE/USDT:USDT,296.81,2.76,296.8,4.12,296.82,0.02,296.83,0.13
1753591980191,04:53:00.191,bybit,AAVE/USDT:USDT,296.8,0.94,296.79,1.05,296.82,1.02,296.83,0.13
1753591980291,04:53:00.291,bybit,AAVE/USDT:USDT,296.81,3.6,296.8,0.92,296.82,0.02,296.83,0.09
1753591980391,04:53:00.391,bybit,AAVE/USDT:USDT,296.81,5.9,296.8,1.79,296.82,0.02,296.83,0.09
1753591980491,04:53:00.491,bybit,AAVE/USDT:USDT,296.81,5.9,296.8,2.56,296.82,0.02,296.83,0.09
1753591980591,04:53:00.591,bybit,AAVE/USDT:USDT,296.81,5.9,296.8,2.56,296.82,0.02,296.83,0.09
1753591980691,04:53:00.691,bybit,AAVE/USDT:USDT,296.81,6.81,296.8,1.79,296.82,0.02,296.83,0.09
1753591980791,04:53:00.791,bybit,AAVE/USDT:USDT,296.81,6.81,296.8,1.79,296.82,0.02,296.83,0.09
1753591980891,04:53:00.891,bybit,AAVE/USDT:USDT,296.81,6.81,296.8,1.79,296.82,0.02,296.83,0.09
1753591980990,04:53:00.990,bybit,AAVE/USDT:USDT,296.81,6.81,296.8,1.79,296.82,0.02,296.83,0.09
1753591981091,04:53:01.091,bybit,AAVE/USDT:USDT,296.81,6.81,296.8,1.79,296.82,0.02,296.83,0.09
1753591981291,04:53:01.291,bybit,AAVE/USDT:USDT,296.81,6.81,296.8,1.79,296.82,0.02,296.83,0.09
1753591981391,04:53:01.391,bybit,AAVE/USDT:USDT,296.81,6.81,296.8,1.79,296.82,0.02,296.83,0.09
1753591981590,04:53:01.590,bybit,AAVE/USDT:USDT,296.81,6.81,296.8,1.79,296.82,0.02,296.83,0.09
1753591981691,04:53:01.691,bybit,AAVE/USDT:USDT,296.81,5.9,296.8,1.72,296.82,0.2,296.83,0.09
1753591981793,04:53:01.793,bybit,AAVE/USDT:USDT,296.8,0.21,296.79,1.01,296.81,2.19,296.82,1.19
1753591981891,04:53:01.891,bybit,AAVE/USDT:USDT,296.8,1.33,296.79,1.01,296.81,1.48,296.82,1.19
1753591981991,04:53:01.991,bybit,AAVE/USDT:USDT,296.8,1.33,296.79,1.01,296.81,0.5,296.82,1.19
1753591982091,04:53:02.091,bybit,AAVE/USDT:USDT,296.81,1.22,296.8,1.57,296.82,1.19,296.83,0.09
1753591982191,04:53:02.191,bybit,AAVE/USDT:USDT,296.81,1.22,296.8,1.57,296.82,1.19,296.83,0.09
1753591982291,04:53:02.291,bybit,AAVE/USDT:USDT,296.81,2.02,296.8,2.37,296.82,1.19,296.83,0.09
1753591982392,04:53:02.392,bybit,AAVE/USDT:USDT,296.81,2.02,296.8,2.37,296.82,1.19,296.83,0.09
1753591982492,04:53:02.492,bybit,AAVE/USDT:USDT,296.81,2.02,296.8,2.37,296.82,1.19,296.83,0.09
1753591982591,04:53:02.591,bybit,AAVE/USDT:USDT,296.81,1.22,296.8,1.57,296.82,1.19,296.83,0.09
1753591982691,04:53:02.691,bybit,AAVE/USDT:USDT,296.81,1.22,296.8,1.57,296.82,2.67,296.83,0.09
1753591982791,04:53:02.791,bybit,AAVE/USDT:USDT,296.81,0.71,296.8,1.57,296.82,2.67,296.83,0.09
1753591982891,04:53:02.891,bybit,AAVE/USDT:USDT,296.81,0.71,296.8,1.57,296.82,2.67,296.83,0.09
1753591982991,04:53:02.991,bybit,AAVE/USDT:USDT,296.8,1.04,296.79,1.01,296.81,1.48,296.82,1.19
1753591983091,04:53:03.091,bybit,AAVE/USDT:USDT,296.8,1.04,296.79,1.01,296.81,1.48,296.82,1.19
1753591983190,04:53:03.190,bybit,AAVE/USDT:USDT,296.8,0.04,296.79,1.01,296.81,1.98,296.82,1.19
1753591983291,04:53:03.291,bybit,AAVE/USDT:USDT,296.8,0.04,296.79,1.01,296.81,2.16,296.82,1.01
1753591983391,04:53:03.391,bybit,AAVE/USDT:USDT,296.8,0.04,296.79,1.01,296.81,2.16,296.82,1.01
1753591983491,04:53:03.491,bybit,AAVE/USDT:USDT,296.8,0.82,296.79,1.81,296.81,0.68,296.82,1.01
1753591983591,04:53:03.591,bybit,AAVE/USDT:USDT,296.8,0.02,296.78,0.04,296.81,3.6,296.82,1.01
1753591983691,04:53:03.691,bybit,AAVE/USDT:USDT,296.8,0.02,296.78,0.04,296.81,3.6,296.82,1.01
1753591983794,04:53:03.794,bybit,AAVE/USDT:USDT,296.78,0.04,296.77,1.19,296.8,2.2,296.81,2.11
1753591983891,04:53:03.891,bybit,AAVE/USDT:USDT,296.78,1.24,296.77,1.18,296.79,1.49,296.8,0.04
1753591983991,04:53:03.991,bybit,AAVE/USDT:USDT,296.78,0.53,296.77,0.38,296.79,1.67,296.8,0.04
1753591984091,04:53:04.091,bybit,AAVE/USDT:USDT,296.78,0.53,296.77,0.38,296.79,1.67,296.8,0.04
1753591984191,04:53:04.191,bybit,AAVE/USDT:USDT,296.78,1.33,296.77,3.32,296.79,0.18,296.8,0.04
1753591984291,04:53:04.291,bybit,AAVE/USDT:USDT,296.78,1.33,296.77,3.32,296.79,0.18,296.8,0.04
1753591984392,04:53:04.392,bybit,AAVE/USDT:USDT,296.78,1.33,296.77,3.24,296.79,0.18,296.8,0.04
1753591984505,04:53:04.505,bybit,AAVE/USDT:USDT,296.77,0.56,296.76,1.08,296.78,7.56,296.79,3.41
1753591984591,04:53:04.591,bybit,AAVE/USDT:USDT,296.77,2.03,296.76,1.04,296.78,7.56,296.79,3.41
1753591984691,04:53:04.691,bybit,AAVE/USDT:USDT,296.77,1.9,296.76,1.04,296.78,7.74,296.79,1.74
1753591984791,04:53:04.791,bybit,AAVE/USDT:USDT,296.77,1.9,296.76,1.04,296.78,7.74,296.79,1.74
1753591984891,04:53:04.891,bybit,AAVE/USDT:USDT,296.77,1.9,296.76,1.04,296.78,7.74,296.79,1.74
1753591984991,04:53:04.991,bybit,AAVE/USDT:USDT,296.77,1.9,296.76,1.04,296.78,7.74,296.79,1.74
1753591985091,04:53:05.091,bybit,AAVE/USDT:USDT,296.77,0.85,296.76,1.04,296.78,0.18,296.79,0.24
1753591985191,04:53:05.191,bybit,AAVE/USDT:USDT,296.77,1.65,296.76,1.84,296.78,0.18,296.79,0.24
1753591985291,04:53:05.291,bybit,AAVE/USDT:USDT,296.77,1.54,296.76,1.84,296.78,0.33,296.79,0.24
1753591985392,04:53:05.392,bybit,AAVE/USDT:USDT,296.77,0.03,296.76,1.04,296.78,1.04,296.79,0.24
1753591985491,04:53:05.491,bybit,AAVE/USDT:USDT,296.77,0.03,296.76,1.04,296.78,1.04,296.79,0.24
1753591985591,04:53:05.591,bybit,AAVE/USDT:USDT,296.77,0.03,296.76,1.04,296.78,1.04,296.79,0.24
1753591985691,04:53:05.691,bybit,AAVE/USDT:USDT,296.77,0.03,296.76,1.04,296.78,2.53,296.79,0.24
1753591985793,04:53:05.793,bybit,AAVE/USDT:USDT,296.77,0.03,296.76,1.04,296.78,2.53,296.79,0.24
1753591985891,04:53:05.891,bybit,AAVE/USDT:USDT,296.77,0.03,296.76,1.04,296.78,2.53,296.79,0.24
1753591985991,04:53:05.991,bybit,AAVE/USDT:USDT,296.77,0.03,296.76,1.04,296.78,2.53,296.79,0.24
1753591986091,04:53:06.091,bybit,AAVE/USDT:USDT,296.77,0.03,296.76,1.04,296.78,2.53,296.79,0.24
1753591986191,04:53:06.191,bybit,AAVE/USDT:USDT,296.77,0.03,296.76,0.02,296.78,2.84,296.79,0.24
1753591986292,04:53:06.292,bybit,AAVE/USDT:USDT,296.77,0.03,296.76,0.02,296.78,2.84,296.79,0.24
1753591986392,04:53:06.392,bybit,AAVE/USDT:USDT,296.76,0.02,296.75,1.95,296.77,4.12,296.78,2.54
1753591986491,04:53:06.491,bybit,AAVE/USDT:USDT,296.76,0.02,296.75,0.04,296.77,4.12,296.78,2.54
1753591986591,04:53:06.591,bybit,AAVE/USDT:USDT,296.76,0.02,296.75,0.04,296.77,4.12,296.78,2.54
1753591986691,04:53:06.691,bybit,AAVE/USDT:USDT,296.76,0.02,296.75,0.04,296.77,4.12,296.78,2.54
1753591986791,04:53:06.791,bybit,AAVE/USDT:USDT,296.76,0.02,296.75,0.04,296.77,4.12,296.78,2.54
1753591986890,04:53:06.890,bybit,AAVE/USDT:USDT,296.76,0.02,296.75,0.04,296.77,4.3,296.78,2.36
1753591986991,04:53:06.991,bybit,AAVE/USDT:USDT,296.76,0.02,296.75,0.04,296.77,4.3,296.78,2.36
1753591987090,04:53:07.090,bybit,AAVE/USDT:USDT,296.76,0.02,296.75,0.04,296.77,4.3,296.78,2.36
1753591987192,04:53:07.192,bybit,AAVE/USDT:USDT,296.76,0.02,296.75,0.04,296.77,4.3,296.78,2.36
1753591987292,04:53:07.292,bybit,AAVE/USDT:USDT,296.76,0.02,296.75,0.04,296.77,4.3,296.78,2.36
1753591987391,04:53:07.391,bybit,AAVE/USDT:USDT,296.76,0.02,296.75,0.04,296.77,4.3,296.78,2.36
1753591987490,04:53:07.490,bybit,AAVE/USDT:USDT,296.76,0.02,296.75,0.04,296.77,4.3,296.78,2.36
1753591987591,04:53:07.591,bybit,AAVE/USDT:USDT,296.76,0.82,296.75,0.84,296.77,4.3,296.78,2.36
1753591987691,04:53:07.691,bybit,AAVE/USDT:USDT,296.76,0.82,296.75,0.8,296.77,3.31,296.78,2.36
1753591987791,04:53:07.791,bybit,AAVE/USDT:USDT,296.76,0.82,296.75,0.8,296.77,1.11,296.78,0.86
1753591987890,04:53:07.890,bybit,AAVE/USDT:USDT,296.76,0.82,296.75,0.8,296.77,0.18,296.78,0.86
1753591987991,04:53:07.991,bybit,AAVE/USDT:USDT,296.76,0.82,296.75,0.8,296.77,1.67,296.78,0.86
1753591988091,04:53:08.091,bybit,AAVE/USDT:USDT,296.76,0.82,296.75,0.8,296.77,1.83,296.78,0.86
1753591988191,04:53:08.191,bybit,AAVE/USDT:USDT,296.76,0.82,296.75,0.8,296.77,1.83,296.78,0.86
1753591988292,04:53:08.292,bybit,AAVE/USDT:USDT,296.76,0.82,296.75,0.8,296.77,1.83,296.78,0.86
1753591988691,04:53:08.691,bybit,AAVE/USDT:USDT,296.76,0.82,296.75,0.8,296.77,1.84,296.78,0.86
1753591988791,04:53:08.791,bybit,AAVE/USDT:USDT,296.76,0.82,296.75,0.8,296.77,1.84,296.78,0.86
1753591988991,04:53:08.991,bybit,AAVE/USDT:USDT,296.76,0.82,296.75,0.8,296.77,1.84,296.78,0.86
1753591989091,04:53:09.091,bybit,AAVE/USDT:USDT,296.76,0.82,296.75,0.8,296.77,1.84,296.78,0.86
1753591989191,04:53:09.191,bybit,AAVE/USDT:USDT,296.76,0.02,296.74,0.11,296.77,1.95,296.78,0.86
1753591989292,04:53:09.292,bybit,AAVE/USDT:USDT,296.76,0.02,296.74,0.11,296.77,1.95,296.78,0.86
1753591989391,04:53:09.391,bybit,AAVE/USDT:USDT,296.76,0.02,296.74,0.11,296.77,1.95,296.78,0.86
1753591989492,04:53:09.492,bybit,AAVE/USDT:USDT,296.76,0.02,296.74,0.11,296.77,1.95,296.78,0.86
1753591989591,04:53:09.591,bybit,AAVE/USDT:USDT,296.76,0.02,296.74,0.11,296.77,1.95,296.78,0.86
1753591989691,04:53:09.691,bybit,AAVE/USDT:USDT,296.76,0.02,296.74,0.11,296.77,1.95,296.78,0.86
1753591989791,04:53:09.791,bybit,AAVE/USDT:USDT,296.76,0.17,296.74,0.11,296.77,2.05,296.78,0.86
1753591989891,04:53:09.891,bybit,AAVE/USDT:USDT,296.76,0.17,296.74,0.91,296.77,2.05,296.78,0.86
1753591989991,04:53:09.991,bybit,AAVE/USDT:USDT,296.76,0.17,296.74,0.11,296.77,2.05,296.78,0.86
1753591990091,04:53:10.091,bybit,AAVE/USDT:USDT,296.76,0.17,296.74,0.11,296.77,2.05,296.78,0.86
1753591990191,04:53:10.191,bybit,AAVE/USDT:USDT,296.76,0.17,296.74,0.11,296.77,2.05,296.78,0.86
1753591990291,04:53:10.291,bybit,AAVE/USDT:USDT,296.76,0.17,296.74,0.11,296.77,2.02,296.78,0.86
1753591990391,04:53:10.391,bybit,AAVE/USDT:USDT,296.76,0.17,296.74,0.91,296.77,2.02,296.78,0.86
1753591990492,04:53:10.492,bybit,AAVE/USDT:USDT,296.76,0.17,296.74,0.11,296.77,2.02,296.78,0.86
1753591990591,04:53:10.591,bybit,AAVE/USDT:USDT,296.76,0.17,296.74,0.11,296.77,2.02,296.78,0.86
1753591990691,04:53:10.691,bybit,AAVE/USDT:USDT,296.76,0.17,296.74,0.11,296.77,2.02,296.78,0.86
1753591990891,04:53:10.891,bybit,AAVE/USDT:USDT,296.76,0.17,296.74,0.11,296.77,2.02,296.78,0.86
1753591990991,04:53:10.991,bybit,AAVE/USDT:USDT,296.76,0.17,296.74,0.11,296.77,2.02,296.78,0.86
1753591991091,04:53:11.091,bybit,AAVE/USDT:USDT,296.76,0.17,296.74,0.11,296.77,2.02,296.78,0.86
1753591991191,04:53:11.191,bybit,AAVE/USDT:USDT,296.76,0.17,296.74,0.11,296.77,2.02,296.78,0.86
1753591991291,04:53:11.291,bybit,AAVE/USDT:USDT,296.76,0.17,296.74,0.11,296.77,2.02,296.78,0.86
1753591991391,04:53:11.391,bybit,AAVE/USDT:USDT,296.76,0.17,296.74,0.11,296.77,2.02,296.78,0.86
1753591991491,04:53:11.491,bybit,AAVE/USDT:USDT,296.76,0.17,296.74,0.11,296.77,2.02,296.78,0.86
1753591991591,04:53:11.591,bybit,AAVE/USDT:USDT,296.76,0.17,296.74,0.11,296.77,2.02,296.78,0.86
1753591991691,04:53:11.691,bybit,AAVE/USDT:USDT,296.76,0.17,296.74,0.11,296.77,2.02,296.78,0.86
1753591991793,04:53:11.793,bybit,AAVE/USDT:USDT,296.76,0.17,296.74,0.11,296.77,2.02,296.78,0.86
1753591991891,04:53:11.891,bybit,AAVE/USDT:USDT,296.76,0.17,296.74,0.11,296.77,2.34,296.78,0.86
1753591991991,04:53:11.991,bybit,AAVE/USDT:USDT,296.76,0.17,296.74,0.11,296.77,2.34,296.78,0.86
1753591992092,04:53:12.092,bybit,AAVE/USDT:USDT,296.74,0.07,296.73,0.04,296.75,5.62,296.76,4.41
1753591992191,04:53:12.191,bybit,AAVE/USDT:USDT,296.74,0.07,296.73,0.04,296.75,5.62,296.76,4.41
1753591992290,04:53:12.290,bybit,AAVE/USDT:USDT,296.74,0.07,296.73,0.04,296.75,5.62,296.76,4.41
1753591992392,04:53:12.392,bybit,AAVE/USDT:USDT,296.72,0.02,296.71,0.07,296.73,8.92,296.74,7.77
1753591992491,04:53:12.491,bybit,AAVE/USDT:USDT,296.72,0.02,296.71,0.07,296.73,8.92,296.74,7.77
1753591992591,04:53:12.591,bybit,AAVE/USDT:USDT,296.72,0.02,296.71,0.07,296.73,8.92,296.74,7.77
1753591992691,04:53:12.691,bybit,AAVE/USDT:USDT,296.72,0.02,296.71,0.07,296.73,9.42,296.74,7.77
1753591992792,04:53:12.792,bybit,AAVE/USDT:USDT,296.72,0.02,296.71,0.07,296.73,9.03,296.74,7.06
1753591992890,04:53:12.890,bybit,AAVE/USDT:USDT,296.72,0.02,296.71,0.07,296.73,8.82,296.74,7.06
1753591992992,04:53:12.992,bybit,AAVE/USDT:USDT,296.72,0.02,296.71,0.07,296.73,8.82,296.74,7.06
1753591993091,04:53:13.091,bybit,AAVE/USDT:USDT,296.72,0.02,296.71,0.07,296.73,8.75,296.74,6.99
1753591993191,04:53:13.191,bybit,AAVE/USDT:USDT,296.72,0.02,296.71,0.07,296.73,8.75,296.74,6.99
1753591993291,04:53:13.291,bybit,AAVE/USDT:USDT,296.72,0.02,296.71,0.07,296.73,8.75,296.74,6.99
1753591993391,04:53:13.391,bybit,AAVE/USDT:USDT,296.72,0.02,296.71,0.07,296.73,9.06,296.74,6.99
1753591993491,04:53:13.491,bybit,AAVE/USDT:USDT,296.72,0.02,296.71,0.04,296.73,9.77,296.74,7.7
1753591993591,04:53:13.591,bybit,AAVE/USDT:USDT,296.72,0.02,296.71,0.04,296.73,9.77,296.74,7.7
1753591993691,04:53:13.691,bybit,AAVE/USDT:USDT,296.72,0.02,296.71,0.04,296.73,9.77,296.74,7.7
1753591993791,04:53:13.791,bybit,AAVE/USDT:USDT,296.72,0.02,296.71,0.04,296.73,9.77,296.74,7.7
1753591993892,04:53:13.892,bybit,AAVE/USDT:USDT,296.72,0.02,296.71,0.04,296.73,9.46,296.74,7.7
1753591993991,04:53:13.991,bybit,AAVE/USDT:USDT,296.72,0.02,296.71,0.04,296.73,9.46,296.74,7.7
1753591994091,04:53:14.091,bybit,AAVE/USDT:USDT,296.72,0.02,296.71,0.04,296.73,9.46,296.74,7.7
1753591994191,04:53:14.191,bybit,AAVE/USDT:USDT,296.72,0.02,296.71,0.04,296.73,9.46,296.74,7.7
1753591994291,04:53:14.291,bybit,AAVE/USDT:USDT,296.72,0.02,296.71,0.04,296.73,9.46,296.74,7.7
1753591994391,04:53:14.391,bybit,AAVE/USDT:USDT,296.72,0.02,296.71,0.04,296.73,9.46,296.74,7.7
1753591994491,04:53:14.491,bybit,AAVE/USDT:USDT,296.72,0.02,296.71,0.04,296.73,9.46,296.74,7.7
1753591994591,04:53:14.591,bybit,AAVE/USDT:USDT,296.72,0.02,296.71,0.04,296.73,9.46,296.74,7.7
1753591994691,04:53:14.691,bybit,AAVE/USDT:USDT,296.72,0.02,296.71,0.04,296.73,9.46,296.74,7.7
1753591994791,04:53:14.791,bybit,AAVE/USDT:USDT,296.72,0.02,296.71,0.04,296.73,9.46,296.74,7.7
1753591994891,04:53:14.891,bybit,AAVE/USDT:USDT,296.72,0.02,296.71,0.04,296.73,7.99,296.74,6.99
1753591994991,04:53:14.991,bybit,AAVE/USDT:USDT,296.72,0.02,296.71,0.04,296.73,7.99,296.74,6.99
1753591995091,04:53:15.091,bybit,AAVE/USDT:USDT,296.72,0.02,296.71,0.04,296.73,7.99,296.74,6.99
1753591995191,04:53:15.191,bybit,AAVE/USDT:USDT,296.72,0.02,296.71,0.04,296.73,7.99,296.74,6.99
1753591995292,04:53:15.292,bybit,AAVE/USDT:USDT,296.72,0.48,296.71,0.04,296.73,5.48,296.74,3.55
1753591995391,04:53:15.391,bybit,AAVE/USDT:USDT,296.72,0.48,296.71,0.04,296.73,3.2,296.74,2.59
1753591995491,04:53:15.491,bybit,AAVE/USDT:USDT,296.72,0.48,296.71,0.04,296.73,3.2,296.74,2.59
1753591995591,04:53:15.591,bybit,AAVE/USDT:USDT,296.72,0.48,296.71,0.04,296.73,3.81,296.74,2.59
1753591995690,04:53:15.690,bybit,AAVE/USDT:USDT,296.72,0.48,296.71,0.04,296.73,3.81,296.74,2.59
1753591995791,04:53:15.791,bybit,AAVE/USDT:USDT,296.72,0.48,296.71,0.04,296.73,3.81,296.74,2.59
1753591995891,04:53:15.891,bybit,AAVE/USDT:USDT,296.72,0.48,296.71,0.04,296.73,3.81,296.74,2.59
1753591995990,04:53:15.990,bybit,AAVE/USDT:USDT,296.72,0.48,296.71,0.04,296.73,3.81,296.74,2.59
1753591996091,04:53:16.091,bybit,AAVE/USDT:USDT,296.72,0.48,296.71,0.04,296.73,3.81,296.74,2.59
1753591996191,04:53:16.191,bybit,AAVE/USDT:USDT,296.72,0.48,296.71,0.04,296.73,3.81,296.74,2.59
1753591996291,04:53:16.291,bybit,AAVE/USDT:USDT,296.72,0.48,296.71,0.04,296.73,1.22,296.74,1.88
1753591996391,04:53:16.391,bybit,AAVE/USDT:USDT,296.72,0.48,296.71,0.04,296.73,1.22,296.74,1.88
1753591996491,04:53:16.491,bybit,AAVE/USDT:USDT,296.72,0.48,296.71,0.04,296.73,2.37,296.74,1.88
1753591996591,04:53:16.591,bybit,AAVE/USDT:USDT,296.72,2.13,296.71,0.8,296.73,0.9,296.75,3.55
1753591996690,04:53:16.690,bybit,AAVE/USDT:USDT,296.72,2.13,296.71,0.8,296.73,0.9,296.75,3.55
1753591996791,04:53:16.791,bybit,AAVE/USDT:USDT,296.72,2.13,296.71,0.8,296.73,0.9,296.75,3.55
1753591996891,04:53:16.891,bybit,AAVE/USDT:USDT,296.72,2.13,296.71,0.8,296.73,0.9,296.75,3.55
1753591996991,04:53:16.991,bybit,AAVE/USDT:USDT,296.72,2.13,296.71,0.8,296.73,0.9,296.75,3.55
1753591997091,04:53:17.091,bybit,AAVE/USDT:USDT,296.72,2.13,296.71,1.51,296.73,0.9,296.75,3.55
1753591997190,04:53:17.190,bybit,AAVE/USDT:USDT,296.72,2.13,296.71,1.51,296.73,0.9,296.75,3.55
1753591997291,04:53:17.291,bybit,AAVE/USDT:USDT,296.72,2.13,296.71,1.51,296.73,0.9,296.75,3.55
1753591997391,04:53:17.391,bybit,AAVE/USDT:USDT,296.72,2.13,296.71,0.8,296.73,2.37,296.75,3.55
1753591997491,04:53:17.491,bybit,AAVE/USDT:USDT,296.72,2.13,296.7,0.08,296.73,2.37,296.75,3.55
1753591997591,04:53:17.591,bybit,AAVE/USDT:USDT,296.72,2.13,296.7,0.08,296.73,2.37,296.75,3.55
1753591997691,04:53:17.691,bybit,AAVE/USDT:USDT,296.72,0.48,296.7,0.08,296.73,2.37,296.75,7.63
1753591997794,04:53:17.794,bybit,AAVE/USDT:USDT,296.72,0.48,296.7,0.08,296.73,2.37,296.75,7.63
1753591997891,04:53:17.891,bybit,AAVE/USDT:USDT,296.72,0.48,296.7,0.08,296.73,2.37,296.75,7.63
1753591997991,04:53:17.991,bybit,AAVE/USDT:USDT,296.72,0.48,296.7,0.08,296.73,2.37,296.75,7.63
1753591998091,04:53:18.091,bybit,AAVE/USDT:USDT,296.72,0.48,296.7,0.08,296.73,2.37,296.75,7.63
1753591998190,04:53:18.190,bybit,AAVE/USDT:USDT,296.72,0.48,296.7,0.08,296.73,2.37,296.75,7.63
1753591998291,04:53:18.291,bybit,AAVE/USDT:USDT,296.72,0.48,296.7,0.08,296.73,2.37,296.75,7.63
1753591998491,04:53:18.491,bybit,AAVE/USDT:USDT,296.72,0.48,296.7,0.08,296.73,2.82,296.75,7.63
1753591998593,04:53:18.593,bybit,AAVE/USDT:USDT,296.72,0.48,296.7,0.08,296.73,2.82,296.75,7.63
1753591998691,04:53:18.691,bybit,AAVE/USDT:USDT,296.72,0.48,296.7,0.08,296.73,2.82,296.75,7.63
1753591998891,04:53:18.891,bybit,AAVE/USDT:USDT,296.72,2.92,296.7,0.08,296.73,2.65,296.75,7.63
1753591998991,04:53:18.991,bybit,AAVE/USDT:USDT,296.72,1.19,296.71,0.8,296.73,2.32,296.75,3.55
1753591999091,04:53:19.091,bybit,AAVE/USDT:USDT,296.72,1.19,296.7,0.08,296.73,2.32,296.75,3.55
1753591999191,04:53:19.191,bybit,AAVE/USDT:USDT,296.72,1.19,296.7,0.08,296.73,2.32,296.75,4.26
1753591999390,04:53:19.390,bybit,AAVE/USDT:USDT,296.72,1.19,296.7,0.08,296.73,2.32,296.75,4.26
1753591999490,04:53:19.490,bybit,AAVE/USDT:USDT,296.72,1.19,296.7,0.08,296.73,2.32,296.75,3.55
1753591999591,04:53:19.591,bybit,AAVE/USDT:USDT,296.72,1.19,296.7,0.88,296.73,2.32,296.75,3.55
1753591999791,04:53:19.791,bybit,AAVE/USDT:USDT,296.72,1.19,296.7,0.88,296.73,2.32,296.75,3.55
1753591999891,04:53:19.891,bybit,AAVE/USDT:USDT,296.72,1.19,296.7,0.08,296.73,2.32,296.75,3.55
1753591999991,04:53:19.991,bybit,AAVE/USDT:USDT,296.72,1.19,296.7,0.08,296.73,2.32,296.75,4.26
1753592000192,04:53:20.192,bybit,AAVE/USDT:USDT,296.72,1.19,296.7,0.08,296.73,2.32,296.75,4.26
1753592000291,04:53:20.291,bybit,AAVE/USDT:USDT,296.72,1.19,296.7,0.08,296.73,2.32,296.75,4.26
1753592000491,04:53:20.491,bybit,AAVE/USDT:USDT,296.72,1.19,296.7,0.08,296.73,2.32,296.75,4.26
1753592000591,04:53:20.591,bybit,AAVE/USDT:USDT,296.72,1.19,296.7,0.08,296.73,2.32,296.75,4.26
1753592000691,04:53:20.691,bybit,AAVE/USDT:USDT,296.72,1.19,296.7,0.08,296.73,2.32,296.75,3.55
1753592000891,04:53:20.891,bybit,AAVE/USDT:USDT,296.72,1.19,296.71,0.8,296.73,2.32,296.75,3.55
1753592000991,04:53:20.991,bybit,AAVE/USDT:USDT,296.72,1.19,296.71,0.8,296.73,2.32,296.75,3.55
1753592001092,04:53:21.092,bybit,AAVE/USDT:USDT,296.76,4.53,296.75,3.05,296.77,0.59,296.78,1.5
1753592001191,04:53:21.191,bybit,AAVE/USDT:USDT,296.76,4.53,296.75,3.05,296.77,0.59,296.78,1.5
1753592001292,04:53:21.292,bybit,AAVE/USDT:USDT,296.76,4.99,296.75,3.05,296.77,0.59,296.78,1.5
1753592001391,04:53:21.391,bybit,AAVE/USDT:USDT,296.76,4.99,296.75,3.05,296.77,0.59,296.78,1.5
1753592001491,04:53:21.491,bybit,AAVE/USDT:USDT,296.76,4.99,296.75,3.05,296.77,0.59,296.78,1.5
1753592001591,04:53:21.591,bybit,AAVE/USDT:USDT,296.76,4.99,296.75,3.05,296.77,0.59,296.78,1.5
1753592001691,04:53:21.691,bybit,AAVE/USDT:USDT,296.76,4.99,296.75,3.05,296.77,0.59,296.78,1.5
1753592001794,04:53:21.794,bybit,AAVE/USDT:USDT,296.76,4.99,296.75,3.05,296.77,0.59,296.78,1.5
1753592001890,04:53:21.890,bybit,AAVE/USDT:USDT,296.76,1.16,296.75,1.4,296.77,2.06,296.78,1.46
1753592001991,04:53:21.991,bybit,AAVE/USDT:USDT,296.76,1.16,296.75,1.4,296.77,2.06,296.78,1.46
1753592002091,04:53:22.091,bybit,AAVE/USDT:USDT,296.76,0.46,296.74,0.04,296.77,2.06,296.78,1.46
1753592002191,04:53:22.191,bybit,AAVE/USDT:USDT,296.76,0.46,296.74,0.04,296.77,2.06,296.78,1.46
1753592002390,04:53:22.390,bybit,AAVE/USDT:USDT,296.76,0.46,296.74,0.04,296.77,2.65,296.78,1.46
1753592002491,04:53:22.491,bybit,AAVE/USDT:USDT,296.76,0.46,296.74,0.04,296.77,2.65,296.78,1.46
1753592002591,04:53:22.591,bybit,AAVE/USDT:USDT,296.76,0.46,296.74,0.04,296.77,2.65,296.78,1.46
1753592002691,04:53:22.691,bybit,AAVE/USDT:USDT,296.76,0.46,296.74,0.04,296.77,2.65,296.78,1.46
1753592002791,04:53:22.791,bybit,AAVE/USDT:USDT,296.76,0.46,296.74,0.04,296.77,2.65,296.78,1.46
1753592002891,04:53:22.891,bybit,AAVE/USDT:USDT,296.76,0.46,296.74,0.04,296.77,2.65,296.78,1.46
1753592002991,04:53:22.991,bybit,AAVE/USDT:USDT,296.76,0.46,296.74,0.04,296.77,2.65,296.78,1.46
1753592003191,04:53:23.191,bybit,AAVE/USDT:USDT,296.76,0.46,296.74,0.04,296.77,2.65,296.78,1.46
1753592003292,04:53:23.292,bybit,AAVE/USDT:USDT,296.76,0.46,296.74,0.04,296.77,2.65,296.78,1.46
1753592003392,04:53:23.392,bybit,AAVE/USDT:USDT,296.76,0.46,296.74,0.84,296.77,2.65,296.78,1.46
1753592003492,04:53:23.492,bybit,AAVE/USDT:USDT,296.76,3.9,296.74,3.38,296.77,1.18,296.78,1.46
1753592003591,04:53:23.591,bybit,AAVE/USDT:USDT,296.76,3.9,296.74,3.38,296.77,1.18,296.78,1.46
1753592003691,04:53:23.691,bybit,AAVE/USDT:USDT,296.77,15.81,296.76,7.9,296.78,1.46,296.8,0.12
1753592003793,04:53:23.793,bybit,AAVE/USDT:USDT,296.77,15.81,296.76,7.9,296.78,1.46,296.8,0.12
1753592003891,04:53:23.891,bybit,AAVE/USDT:USDT,296.77,15.81,296.76,7.9,296.78,1.46,296.8,0.12
1753592003991,04:53:23.991,bybit,AAVE/USDT:USDT,296.77,15.81,296.76,7.9,296.78,1.46,296.8,0.12
1753592004091,04:53:24.091,bybit,AAVE/USDT:USDT,296.77,15.02,296.76,7.11,296.78,1.46,296.8,0.12
1753592004191,04:53:24.191,bybit,AAVE/USDT:USDT,296.77,15.02,296.76,7.11,296.78,1.46,296.8,0.12
1753592004491,04:53:24.491,bybit,AAVE/USDT:USDT,296.77,15.02,296.76,7.11,296.78,1.46,296.8,0.12
1753592004691,04:53:24.691,bybit,AAVE/USDT:USDT,296.77,15.02,296.76,7.11,296.78,1.46,296.8,0.12
1753592004792,04:53:24.792,bybit,AAVE/USDT:USDT,296.77,14.26,296.76,6.2,296.78,1.46,296.8,0.12
1753592004891,04:53:24.891,bybit,AAVE/USDT:USDT,296.77,14.26,296.76,6.2,296.78,1.46,296.8,0.12
1753592004991,04:53:24.991,bybit,AAVE/USDT:USDT,296.77,14.26,296.76,6.2,296.78,1.46,296.8,0.12
1753592005191,04:53:25.191,bybit,AAVE/USDT:USDT,296.77,14.26,296.76,6.2,296.78,1.46,296.8,0.12
1753592005292,04:53:25.292,bybit,AAVE/USDT:USDT,296.77,14.26,296.76,6.2,296.78,1.46,296.8,0.12
1753592005391,04:53:25.391,bybit,AAVE/USDT:USDT,296.77,14.26,296.76,6.2,296.78,1.46,296.8,0.12
1753592005491,04:53:25.491,bybit,AAVE/USDT:USDT,296.77,14.26,296.76,5.4,296.78,1.46,296.8,1.59
1753592005590,04:53:25.590,bybit,AAVE/USDT:USDT,296.77,14.26,296.76,5.4,296.78,1.46,296.8,1.59
1753592005691,04:53:25.691,bybit,AAVE/USDT:USDT,296.77,9.17,296.76,2.76,296.78,0.82,296.8,0.12
1753592005793,04:53:25.793,bybit,AAVE/USDT:USDT,296.77,0.44,296.76,0.46,296.78,2.29,296.8,4.95
1753592005890,04:53:25.890,bybit,AAVE/USDT:USDT,296.77,0.44,296.76,0.46,296.78,2.29,296.8,1.59
1753592005991,04:53:25.991,bybit,AAVE/USDT:USDT,296.77,0.44,296.76,0.46,296.78,2.29,296.8,1.59
