timestamp,time,exchange,symbol,bid1_price,bid1_volume,bid2_price,bid2_volume,ask1_price,ask1_volume,ask2_price,ask2_volume
1753591900204,04:51:40.204,bitmex,AEVO/USDT:USDT,0.1077,269.0,0.1066,477.0,0.1088,137.0,0.1089,191.0
1753591900254,04:51:40.254,bitmex,AEVO/USDT:USDT,0.1078,192.0,0.1077,66.0,0.1088,137.0,0.1089,191.0
1753591900303,04:51:40.303,bitmex,AEVO/USDT:USDT,0.1078,264.0,0.1067,447.0,0.1088,137.0,0.1089,191.0
1753591901575,04:51:41.575,bitmex,AEVO/USDT:USDT,0.1078,264.0,0.1067,447.0,0.1088,137.0,0.1089,191.0
1753591901647,04:51:41.647,bitmex,AEVO/USDT:USDT,0.1078,264.0,0.1067,447.0,0.1088,137.0,0.1089,191.0
1753591902505,04:51:42.505,bitmex,AEVO/USDT:USDT,0.1078,264.0,0.1067,447.0,0.1088,137.0,0.1089,191.0
1753591902554,04:51:42.554,bitmex,AEVO/USDT:USDT,0.1078,264.0,0.1067,447.0,0.1088,137.0,0.1089,191.0
1753591903665,04:51:43.665,bitmex,AEVO/USDT:USDT,0.1078,264.0,0.1067,447.0,0.1088,137.0,0.1089,191.0
1753591903714,04:51:43.714,bitmex,AEVO/USDT:USDT,0.1078,264.0,0.1067,447.0,0.1088,137.0,0.1089,191.0
1753591904825,04:51:44.825,bitmex,AEVO/USDT:USDT,0.1078,264.0,0.1067,447.0,0.1088,137.0,0.1089,191.0
1753591904884,04:51:44.884,bitmex,AEVO/USDT:USDT,0.1078,264.0,0.1067,447.0,0.1088,137.0,0.1089,191.0
1753591906062,04:51:46.062,bitmex,AEVO/USDT:USDT,0.1078,264.0,0.1067,447.0,0.1088,137.0,0.1089,191.0
1753591906112,04:51:46.112,bitmex,AEVO/USDT:USDT,0.1078,264.0,0.1067,447.0,0.1088,137.0,0.1089,191.0
1753591907226,04:51:47.226,bitmex,AEVO/USDT:USDT,0.1078,264.0,0.1067,447.0,0.1088,137.0,0.1089,191.0
1753591907276,04:51:47.276,bitmex,AEVO/USDT:USDT,0.1078,264.0,0.1067,447.0,0.1088,137.0,0.1089,191.0
1753591908407,04:51:48.407,bitmex,AEVO/USDT:USDT,0.1078,264.0,0.1067,447.0,0.1088,137.0,0.1089,191.0
1753591908456,04:51:48.456,bitmex,AEVO/USDT:USDT,0.1078,264.0,0.1067,447.0,0.1088,137.0,0.1089,191.0
1753591909618,04:51:49.618,bitmex,AEVO/USDT:USDT,0.1078,264.0,0.1067,447.0,0.1088,137.0,0.1089,191.0
1753591909668,04:51:49.668,bitmex,AEVO/USDT:USDT,0.1078,264.0,0.1067,447.0,0.1088,137.0,0.1089,191.0
1753591910702,04:51:50.702,bitmex,AEVO/USDT:USDT,0.1078,264.0,0.1067,447.0,0.1088,137.0,0.1089,191.0
1753591910752,04:51:50.752,bitmex,AEVO/USDT:USDT,0.1078,264.0,0.1067,447.0,0.1088,137.0,0.1089,191.0
1753591913156,04:51:53.156,bitmex,AEVO/USDT:USDT,0.1078,264.0,0.1067,447.0,0.1088,137.0,0.1089,191.0
1753591913206,04:51:53.206,bitmex,AEVO/USDT:USDT,0.1078,264.0,0.1067,447.0,0.1088,137.0,0.1089,191.0
1753591914365,04:51:54.365,bitmex,AEVO/USDT:USDT,0.1078,264.0,0.1067,447.0,0.1088,137.0,0.1089,191.0
1753591914415,04:51:54.415,bitmex,AEVO/USDT:USDT,0.1078,264.0,0.1067,447.0,0.1088,137.0,0.1089,191.0
1753591916554,04:51:56.554,bitmex,AEVO/USDT:USDT,0.1078,264.0,0.1067,476.0,0.1088,137.0,0.1089,191.0
1753591916604,04:51:56.604,bitmex,AEVO/USDT:USDT,0.1078,264.0,0.1067,476.0,0.1088,137.0,0.1089,191.0
1753591917777,04:51:57.777,bitmex,AEVO/USDT:USDT,0.1078,264.0,0.1067,476.0,0.1088,137.0,0.1089,191.0
1753591917843,04:51:57.843,bitmex,AEVO/USDT:USDT,0.1078,264.0,0.1067,476.0,0.1088,137.0,0.1089,191.0
1753591918878,04:51:58.878,bitmex,AEVO/USDT:USDT,0.1078,264.0,0.1067,476.0,0.1088,137.0,0.1089,191.0
1753591918975,04:51:58.975,bitmex,AEVO/USDT:USDT,0.1078,264.0,0.1067,476.0,0.1088,137.0,0.1089,191.0
1753591920052,04:52:00.052,bitmex,AEVO/USDT:USDT,0.1078,264.0,0.1067,476.0,0.1088,137.0,0.1089,191.0
1753591920114,04:52:00.114,bitmex,AEVO/USDT:USDT,0.1078,264.0,0.1067,476.0,0.1088,137.0,0.1089,191.0
1753591921357,04:52:01.357,bitmex,AEVO/USDT:USDT,0.1078,264.0,0.1067,476.0,0.1088,137.0,0.1089,191.0
1753591921407,04:52:01.407,bitmex,AEVO/USDT:USDT,0.1078,264.0,0.1067,476.0,0.1088,137.0,0.1089,191.0
1753591922492,04:52:02.492,bitmex,AEVO/USDT:USDT,0.1078,264.0,0.1067,476.0,0.1088,137.0,0.1089,191.0
1753591922608,04:52:02.608,bitmex,AEVO/USDT:USDT,0.1078,264.0,0.1067,476.0,0.1088,137.0,0.1089,191.0
1753591923757,04:52:03.757,bitmex,AEVO/USDT:USDT,0.1078,264.0,0.1067,476.0,0.1088,137.0,0.1089,191.0
1753591923807,04:52:03.807,bitmex,AEVO/USDT:USDT,0.1078,264.0,0.1067,476.0,0.1088,137.0,0.1089,191.0
1753591924763,04:52:04.763,bitmex,AEVO/USDT:USDT,0.1078,264.0,0.1067,476.0,0.1088,137.0,0.1089,191.0
1753591924814,04:52:04.814,bitmex,AEVO/USDT:USDT,0.1078,264.0,0.1067,476.0,0.1088,137.0,0.1089,191.0
1753591925944,04:52:05.944,bitmex,AEVO/USDT:USDT,0.1078,264.0,0.1067,476.0,0.1088,137.0,0.1089,191.0
1753591925994,04:52:05.994,bitmex,AEVO/USDT:USDT,0.1078,264.0,0.1067,476.0,0.1088,137.0,0.1089,191.0
1753591927285,04:52:07.285,bitmex,AEVO/USDT:USDT,0.1078,264.0,0.1067,476.0,0.1088,137.0,0.1089,191.0
1753591927335,04:52:07.335,bitmex,AEVO/USDT:USDT,0.1078,264.0,0.1067,476.0,0.1088,137.0,0.1089,191.0
1753591928324,04:52:08.324,bitmex,AEVO/USDT:USDT,0.1078,264.0,0.1067,476.0,0.1088,137.0,0.1089,191.0
1753591928374,04:52:08.374,bitmex,AEVO/USDT:USDT,0.1078,264.0,0.1067,476.0,0.1088,137.0,0.1089,191.0
1753591929501,04:52:09.501,bitmex,AEVO/USDT:USDT,0.1078,264.0,0.1067,476.0,0.1088,137.0,0.1089,191.0
1753591929555,04:52:09.555,bitmex,AEVO/USDT:USDT,0.1078,264.0,0.1067,476.0,0.1088,137.0,0.1089,191.0
1753591930662,04:52:10.662,bitmex,AEVO/USDT:USDT,0.1078,72.0,0.1061,30.0,0.1088,137.0,0.1089,191.0
1753591930735,04:52:10.735,bitmex,AEVO/USDT:USDT,0.1078,72.0,0.1061,30.0,0.1088,137.0,0.1098,27.0
1753591931707,04:52:11.707,bitmex,AEVO/USDT:USDT,0.1078,275.0,0.1061,30.0,0.1088,137.0,0.1098,27.0
1753591931764,04:52:11.764,bitmex,AEVO/USDT:USDT,0.1078,275.0,0.1061,30.0,0.1088,137.0,0.1089,191.0
1753591931814,04:52:11.814,bitmex,AEVO/USDT:USDT,0.1078,275.0,0.1067,450.0,0.1088,137.0,0.1089,191.0
1753591931863,04:52:11.863,bitmex,AEVO/USDT:USDT,0.1078,275.0,0.1067,450.0,0.1088,137.0,0.1089,191.0
1753591933126,04:52:13.126,bitmex,AEVO/USDT:USDT,0.1078,275.0,0.1067,450.0,0.1088,137.0,0.1089,191.0
1753591933185,04:52:13.185,bitmex,AEVO/USDT:USDT,0.1078,275.0,0.1067,450.0,0.1088,137.0,0.1089,191.0
1753591934164,04:52:14.164,bitmex,AEVO/USDT:USDT,0.1078,275.0,0.1067,450.0,0.1088,137.0,0.1089,191.0
1753591934245,04:52:14.245,bitmex,AEVO/USDT:USDT,0.1078,275.0,0.1067,450.0,0.1088,137.0,0.1089,191.0
1753591935255,04:52:15.255,bitmex,AEVO/USDT:USDT,0.1078,275.0,0.1067,450.0,0.1088,137.0,0.1089,191.0
1753591935305,04:52:15.305,bitmex,AEVO/USDT:USDT,0.1078,275.0,0.1067,450.0,0.1088,137.0,0.1089,191.0
1753591937664,04:52:17.664,bitmex,AEVO/USDT:USDT,0.1078,275.0,0.1067,450.0,0.1088,137.0,0.1089,191.0
1753591937714,04:52:17.714,bitmex,AEVO/USDT:USDT,0.1078,275.0,0.1067,450.0,0.1088,137.0,0.1089,191.0
1753591939086,04:52:19.086,bitmex,AEVO/USDT:USDT,0.1078,275.0,0.1067,450.0,0.1088,137.0,0.1089,191.0
1753591939156,04:52:19.156,bitmex,AEVO/USDT:USDT,0.1078,275.0,0.1067,450.0,0.1088,137.0,0.1089,191.0
1753591940057,04:52:20.057,bitmex,AEVO/USDT:USDT,0.1078,275.0,0.1067,450.0,0.1088,137.0,0.1089,191.0
1753591940107,04:52:20.107,bitmex,AEVO/USDT:USDT,0.1078,275.0,0.1067,450.0,0.1088,137.0,0.1089,191.0
1753591941185,04:52:21.185,bitmex,AEVO/USDT:USDT,0.1078,72.0,0.1061,30.0,0.1088,137.0,0.1089,191.0
1753591941234,04:52:21.234,bitmex,AEVO/USDT:USDT,0.1078,72.0,0.1061,30.0,0.1088,137.0,0.1098,27.0
1753591942304,04:52:22.304,bitmex,AEVO/USDT:USDT,0.1078,280.0,0.1061,30.0,0.1088,137.0,0.1098,27.0
1753591942354,04:52:22.354,bitmex,AEVO/USDT:USDT,0.1078,280.0,0.1061,30.0,0.1088,137.0,0.1089,204.0
1753591942409,04:52:22.409,bitmex,AEVO/USDT:USDT,0.1078,280.0,0.1061,30.0,0.1088,137.0,0.1089,204.0
1753591942458,04:52:22.458,bitmex,AEVO/USDT:USDT,0.1078,280.0,0.1061,30.0,0.1088,137.0,0.1089,204.0
1753591943466,04:52:23.466,bitmex,AEVO/USDT:USDT,0.1078,280.0,0.1061,30.0,0.1088,137.0,0.1089,204.0
1753591943516,04:52:23.516,bitmex,AEVO/USDT:USDT,0.1078,280.0,0.1061,30.0,0.1088,137.0,0.1089,204.0
1753591944798,04:52:24.798,bitmex,AEVO/USDT:USDT,0.1078,280.0,0.1061,30.0,0.1088,137.0,0.1089,204.0
1753591944848,04:52:24.848,bitmex,AEVO/USDT:USDT,0.1078,280.0,0.1061,30.0,0.1088,137.0,0.1089,204.0
1753591945803,04:52:25.803,bitmex,AEVO/USDT:USDT,0.1078,280.0,0.1061,30.0,0.1088,137.0,0.1089,204.0
1753591945853,04:52:25.853,bitmex,AEVO/USDT:USDT,0.1078,280.0,0.1061,30.0,0.1088,137.0,0.1089,204.0
1753591947011,04:52:27.011,bitmex,AEVO/USDT:USDT,0.1078,280.0,0.1061,30.0,0.1088,137.0,0.1089,204.0
1753591947060,04:52:27.060,bitmex,AEVO/USDT:USDT,0.1078,280.0,0.1061,30.0,0.1088,137.0,0.1089,204.0
1753591948153,04:52:28.153,bitmex,AEVO/USDT:USDT,0.1078,280.0,0.1061,30.0,0.1088,137.0,0.1089,204.0
1753591948202,04:52:28.202,bitmex,AEVO/USDT:USDT,0.1078,280.0,0.1067,468.0,0.1088,137.0,0.1089,204.0
1753591949317,04:52:29.317,bitmex,AEVO/USDT:USDT,0.1078,280.0,0.1067,468.0,0.1088,137.0,0.1089,204.0
1753591949367,04:52:29.367,bitmex,AEVO/USDT:USDT,0.1078,280.0,0.1067,468.0,0.1088,137.0,0.1089,204.0
1753591950734,04:52:30.734,bitmex,AEVO/USDT:USDT,0.1078,280.0,0.1067,468.0,0.1088,137.0,0.1089,204.0
1753591950783,04:52:30.783,bitmex,AEVO/USDT:USDT,0.1078,280.0,0.1067,468.0,0.1088,137.0,0.1089,204.0
1753591951663,04:52:31.663,bitmex,AEVO/USDT:USDT,0.1078,280.0,0.1067,468.0,0.1088,137.0,0.1089,204.0
1753591951713,04:52:31.713,bitmex,AEVO/USDT:USDT,0.1078,280.0,0.1067,468.0,0.1088,137.0,0.1089,204.0
1753591952835,04:52:32.835,bitmex,AEVO/USDT:USDT,0.1078,280.0,0.1067,468.0,0.1088,137.0,0.1089,204.0
1753591952884,04:52:32.884,bitmex,AEVO/USDT:USDT,0.1078,280.0,0.1067,468.0,0.1088,137.0,0.1089,204.0
1753591954006,04:52:34.006,bitmex,AEVO/USDT:USDT,0.1078,280.0,0.1067,468.0,0.1088,137.0,0.1089,204.0
1753591954056,04:52:34.056,bitmex,AEVO/USDT:USDT,0.1078,280.0,0.1067,468.0,0.1088,137.0,0.1089,204.0
1753591955183,04:52:35.183,bitmex,AEVO/USDT:USDT,0.1078,280.0,0.1067,468.0,0.1088,137.0,0.1089,204.0
1753591955232,04:52:35.232,bitmex,AEVO/USDT:USDT,0.1078,280.0,0.1067,468.0,0.1088,137.0,0.1089,204.0
1753591956471,04:52:36.471,bitmex,AEVO/USDT:USDT,0.1078,280.0,0.1067,468.0,0.1088,137.0,0.1089,204.0
1753591956521,04:52:36.521,bitmex,AEVO/USDT:USDT,0.1078,280.0,0.1067,468.0,0.1088,137.0,0.1089,204.0
1753591957524,04:52:37.524,bitmex,AEVO/USDT:USDT,0.1078,280.0,0.1067,468.0,0.1088,137.0,0.1089,204.0
1753591957573,04:52:37.573,bitmex,AEVO/USDT:USDT,0.1078,280.0,0.1067,468.0,0.1088,137.0,0.1089,204.0
1753591958697,04:52:38.697,bitmex,AEVO/USDT:USDT,0.1078,280.0,0.1067,468.0,0.1088,137.0,0.1089,204.0
1753591958746,04:52:38.746,bitmex,AEVO/USDT:USDT,0.1078,280.0,0.1067,468.0,0.1088,137.0,0.1089,204.0
1753591959868,04:52:39.868,bitmex,AEVO/USDT:USDT,0.1078,280.0,0.1067,468.0,0.1088,137.0,0.1089,204.0
1753591959917,04:52:39.917,bitmex,AEVO/USDT:USDT,0.1078,280.0,0.1067,468.0,0.1088,137.0,0.1089,204.0
1753591961042,04:52:41.042,bitmex,AEVO/USDT:USDT,0.1078,280.0,0.1067,468.0,0.1088,137.0,0.1089,204.0
1753591961091,04:52:41.091,bitmex,AEVO/USDT:USDT,0.1078,280.0,0.1067,468.0,0.1088,137.0,0.1089,204.0
1753591962375,04:52:42.375,bitmex,AEVO/USDT:USDT,0.1078,280.0,0.1067,468.0,0.1088,137.0,0.1089,204.0
1753591962425,04:52:42.425,bitmex,AEVO/USDT:USDT,0.1078,280.0,0.1067,468.0,0.1088,137.0,0.1089,204.0
1753591963400,04:52:43.400,bitmex,AEVO/USDT:USDT,0.1078,280.0,0.1067,936.0,0.1088,137.0,0.1089,204.0
1753591963449,04:52:43.449,bitmex,AEVO/USDT:USDT,0.1078,280.0,0.1067,936.0,0.1088,137.0,0.1089,204.0
1753591964575,04:52:44.575,bitmex,AEVO/USDT:USDT,0.1078,280.0,0.1067,936.0,0.1088,137.0,0.1089,204.0
1753591964624,04:52:44.624,bitmex,AEVO/USDT:USDT,0.1078,280.0,0.1067,936.0,0.1088,137.0,0.1089,204.0
1753591965743,04:52:45.743,bitmex,AEVO/USDT:USDT,0.1078,280.0,0.1067,936.0,0.1088,137.0,0.1089,204.0
1753591965793,04:52:45.793,bitmex,AEVO/USDT:USDT,0.1078,280.0,0.1067,936.0,0.1088,137.0,0.1089,204.0
1753591966914,04:52:46.914,bitmex,AEVO/USDT:USDT,0.1078,280.0,0.1067,936.0,0.1088,137.0,0.1089,204.0
1753591966964,04:52:46.964,bitmex,AEVO/USDT:USDT,0.1078,280.0,0.1067,936.0,0.1088,137.0,0.1089,204.0
1753591968084,04:52:48.084,bitmex,AEVO/USDT:USDT,0.1078,280.0,0.1067,936.0,0.1088,137.0,0.1089,204.0
1753591968134,04:52:48.134,bitmex,AEVO/USDT:USDT,0.1078,280.0,0.1067,936.0,0.1088,137.0,0.1089,204.0
1753591969337,04:52:49.337,bitmex,AEVO/USDT:USDT,0.1078,280.0,0.1067,468.0,0.1088,137.0,0.1089,204.0
1753591969387,04:52:49.387,bitmex,AEVO/USDT:USDT,0.1078,280.0,0.1067,468.0,0.1088,137.0,0.1089,204.0
1753591970434,04:52:50.434,bitmex,AEVO/USDT:USDT,0.1078,280.0,0.1067,468.0,0.1088,137.0,0.1089,204.0
1753591970484,04:52:50.484,bitmex,AEVO/USDT:USDT,0.1078,280.0,0.1067,468.0,0.1088,137.0,0.1089,204.0
1753591971606,04:52:51.606,bitmex,AEVO/USDT:USDT,0.1078,280.0,0.1067,468.0,0.1088,137.0,0.1089,204.0
1753591971655,04:52:51.655,bitmex,AEVO/USDT:USDT,0.1078,280.0,0.1067,468.0,0.1088,137.0,0.1089,204.0
