timestamp,time,exchange,symbol,bid1_price,bid1_volume,bid2_price,bid2_volume,ask1_price,ask1_volume,ask2_price,ask2_volume
1753591881374,04:51:21.374,bitget,AERGO/USDT:USDT,0.13304,458.0,0.13303,362.0,0.13311,469.0,0.13312,362.0
1753591882725,04:51:22.725,bitget,AERGO/USDT:USDT,0.13304,458.0,0.13303,362.0,0.13311,469.0,0.13312,362.0
1753591882875,04:51:22.875,bitget,AERGO/USDT:USDT,0.13304,458.0,0.13303,362.0,0.13311,469.0,0.13312,362.0
1753591883626,04:51:23.626,bitget,AERGO/USDT:USDT,0.13304,458.0,0.13303,362.0,0.13311,469.0,0.13312,362.0
1753591883776,04:51:23.776,bitget,AERGO/USDT:USDT,0.13304,458.0,0.13303,362.0,0.13311,469.0,0.13312,362.0
1753591883926,04:51:23.926,bitget,AERGO/USDT:USDT,0.13304,458.0,0.13303,362.0,0.13311,469.0,0.13312,362.0
1753591884076,04:51:24.076,bitget,AERGO/USDT:USDT,0.13304,458.0,0.13303,362.0,0.13311,469.0,0.13312,362.0
1753591884226,04:51:24.226,bitget,AERGO/USDT:USDT,0.13304,458.0,0.13303,362.0,0.13311,469.0,0.13312,362.0
1753591885127,04:51:25.127,bitget,AERGO/USDT:USDT,0.13304,458.0,0.13303,362.0,0.13311,469.0,0.13312,362.0
1753591885277,04:51:25.277,bitget,AERGO/USDT:USDT,0.13304,458.0,0.13303,362.0,0.13311,469.0,0.13312,362.0
1753591885427,04:51:25.427,bitget,AERGO/USDT:USDT,0.13304,458.0,0.13303,362.0,0.13311,469.0,0.13312,362.0
1753591885577,04:51:25.577,bitget,AERGO/USDT:USDT,0.13304,458.0,0.13303,362.0,0.13311,469.0,0.13312,362.0
1753591885727,04:51:25.727,bitget,AERGO/USDT:USDT,0.13304,458.0,0.13303,362.0,0.13311,469.0,0.13312,362.0
1753591885877,04:51:25.877,bitget,AERGO/USDT:USDT,0.13304,458.0,0.13303,362.0,0.13311,469.0,0.13312,362.0
1753591886027,04:51:26.027,bitget,AERGO/USDT:USDT,0.13304,458.0,0.13303,362.0,0.13311,469.0,0.13312,362.0
1753591886327,04:51:26.327,bitget,AERGO/USDT:USDT,0.13304,458.0,0.13303,362.0,0.13311,469.0,0.13312,362.0
1753591886478,04:51:26.478,bitget,AERGO/USDT:USDT,0.13304,458.0,0.13303,362.0,0.13311,469.0,0.13312,362.0
1753591886628,04:51:26.628,bitget,AERGO/USDT:USDT,0.13304,458.0,0.13303,362.0,0.13311,469.0,0.13312,362.0
1753591886928,04:51:26.928,bitget,AERGO/USDT:USDT,0.13304,458.0,0.13303,362.0,0.13311,469.0,0.13312,362.0
1753591887528,04:51:27.528,bitget,AERGO/USDT:USDT,0.13304,458.0,0.13303,362.0,0.13311,469.0,0.13312,362.0
1753591887828,04:51:27.828,bitget,AERGO/USDT:USDT,0.13304,458.0,0.13303,362.0,0.13311,469.0,0.13312,362.0
1753591889780,04:51:29.780,bitget,AERGO/USDT:USDT,0.13304,458.0,0.13303,362.0,0.1331,469.0,0.13312,362.0
1753591889930,04:51:29.930,bitget,AERGO/USDT:USDT,0.13304,458.0,0.13303,362.0,0.1331,469.0,0.13312,362.0
1753591890080,04:51:30.080,bitget,AERGO/USDT:USDT,0.13304,458.0,0.13303,362.0,0.1331,469.0,0.13312,362.0
1753591890230,04:51:30.230,bitget,AERGO/USDT:USDT,0.13304,458.0,0.13303,362.0,0.1331,469.0,0.13312,362.0
1753591890530,04:51:30.530,bitget,AERGO/USDT:USDT,0.13304,458.0,0.13303,362.0,0.1331,469.0,0.13312,362.0
1753591890680,04:51:30.680,bitget,AERGO/USDT:USDT,0.13304,458.0,0.13303,362.0,0.1331,469.0,0.13312,362.0
1753591890830,04:51:30.830,bitget,AERGO/USDT:USDT,0.13304,458.0,0.13303,362.0,0.1331,469.0,0.13312,362.0
1753591890980,04:51:30.980,bitget,AERGO/USDT:USDT,0.13304,458.0,0.13303,362.0,0.1331,469.0,0.13312,362.0
1753591891130,04:51:31.130,bitget,AERGO/USDT:USDT,0.13304,458.0,0.13303,362.0,0.1331,469.0,0.13312,362.0
1753591891497,04:51:31.497,bitget,AERGO/USDT:USDT,0.13304,458.0,0.13303,362.0,0.1331,469.0,0.13312,362.0
1753591891698,04:51:31.698,bitget,AERGO/USDT:USDT,0.13304,458.0,0.13303,362.0,0.1331,469.0,0.13312,362.0
1753591891848,04:51:31.848,bitget,AERGO/USDT:USDT,0.13304,458.0,0.13303,362.0,0.1331,469.0,0.13312,738.0
1753591892013,04:51:32.013,bitget,AERGO/USDT:USDT,0.13304,4215.0,0.13303,362.0,0.1331,469.0,0.13312,738.0
1753591892181,04:51:32.181,bitget,AERGO/USDT:USDT,0.13305,469.0,0.13304,3757.0,0.1331,469.0,0.13312,738.0
1753591892481,04:51:32.481,bitget,AERGO/USDT:USDT,0.13305,469.0,0.13304,3757.0,0.1331,469.0,0.13312,738.0
1753591892631,04:51:32.631,bitget,AERGO/USDT:USDT,0.13305,469.0,0.13304,3757.0,0.1331,469.0,0.13312,738.0
1753591892781,04:51:32.781,bitget,AERGO/USDT:USDT,0.13305,469.0,0.13304,3757.0,0.1331,469.0,0.13312,738.0
1753591892931,04:51:32.931,bitget,AERGO/USDT:USDT,0.13305,469.0,0.13304,3757.0,0.13312,738.0,0.13313,1094.0
1753591893082,04:51:33.082,bitget,AERGO/USDT:USDT,0.13305,469.0,0.13304,3757.0,0.13311,469.0,0.13312,738.0
1753591893232,04:51:33.232,bitget,AERGO/USDT:USDT,0.13305,469.0,0.13304,3757.0,0.13311,469.0,0.13312,738.0
1753591893532,04:51:33.532,bitget,AERGO/USDT:USDT,0.13305,469.0,0.13304,3757.0,0.13311,469.0,0.13312,738.0
1753591893682,04:51:33.682,bitget,AERGO/USDT:USDT,0.13305,469.0,0.13304,3757.0,0.13311,469.0,0.13312,738.0
1753591893982,04:51:33.982,bitget,AERGO/USDT:USDT,0.13305,469.0,0.13304,3757.0,0.13311,469.0,0.13312,738.0
1753591894432,04:51:34.432,bitget,AERGO/USDT:USDT,0.13305,469.0,0.13304,3757.0,0.13311,469.0,0.13312,738.0
1753591895033,04:51:35.033,bitget,AERGO/USDT:USDT,0.13305,469.0,0.13304,3757.0,0.13311,469.0,0.13312,738.0
1753591895183,04:51:35.183,bitget,AERGO/USDT:USDT,0.13305,469.0,0.13304,3757.0,0.13311,469.0,0.13312,738.0
1753591895333,04:51:35.333,bitget,AERGO/USDT:USDT,0.13305,469.0,0.13304,3757.0,0.13311,469.0,0.13312,738.0
1753591895483,04:51:35.483,bitget,AERGO/USDT:USDT,0.13305,469.0,0.13304,3757.0,0.13311,469.0,0.13312,738.0
1753591896083,04:51:36.083,bitget,AERGO/USDT:USDT,0.13305,469.0,0.13304,3757.0,0.13311,469.0,0.13312,738.0
1753591897734,04:51:37.734,bitget,AERGO/USDT:USDT,0.13305,469.0,0.13304,3757.0,0.13311,469.0,0.13312,738.0
1753591898035,04:51:38.035,bitget,AERGO/USDT:USDT,0.13305,469.0,0.13304,3757.0,0.13311,469.0,0.13312,738.0
1753591898485,04:51:38.485,bitget,AERGO/USDT:USDT,0.13305,469.0,0.13303,362.0,0.13313,466.0,0.13318,2271.0
1753591899686,04:51:39.686,bitget,AERGO/USDT:USDT,0.13306,453.0,0.13305,362.0,0.13313,466.0,0.13318,2271.0
1753591899986,04:51:39.986,bitget,AERGO/USDT:USDT,0.13306,453.0,0.13305,362.0,0.13313,466.0,0.13318,2271.0
1753591900136,04:51:40.136,bitget,AERGO/USDT:USDT,0.13306,453.0,0.13305,362.0,0.13313,466.0,0.13318,2271.0
1753591900286,04:51:40.286,bitget,AERGO/USDT:USDT,0.13306,453.0,0.13305,362.0,0.13313,466.0,0.13318,2271.0
1753591900586,04:51:40.586,bitget,AERGO/USDT:USDT,0.13306,453.0,0.13305,362.0,0.13313,466.0,0.13318,2271.0
1753591900736,04:51:40.736,bitget,AERGO/USDT:USDT,0.13306,453.0,0.13305,362.0,0.13313,466.0,0.13318,2271.0
1753591901187,04:51:41.187,bitget,AERGO/USDT:USDT,0.13306,453.0,0.13305,362.0,0.13313,466.0,0.13318,2271.0
1753591901337,04:51:41.337,bitget,AERGO/USDT:USDT,0.13306,453.0,0.13305,362.0,0.13313,466.0,0.13318,2271.0
1753591901637,04:51:41.637,bitget,AERGO/USDT:USDT,0.13306,453.0,0.13305,362.0,0.13313,466.0,0.13318,2271.0
1753591901787,04:51:41.787,bitget,AERGO/USDT:USDT,0.13306,453.0,0.13305,362.0,0.13313,466.0,0.13318,2271.0
1753591902087,04:51:42.087,bitget,AERGO/USDT:USDT,0.13306,453.0,0.13305,362.0,0.13313,466.0,0.13318,2271.0
1753591902237,04:51:42.237,bitget,AERGO/USDT:USDT,0.13306,453.0,0.13305,362.0,0.13313,466.0,0.13318,2271.0
1753591902387,04:51:42.387,bitget,AERGO/USDT:USDT,0.13306,453.0,0.13305,362.0,0.13313,466.0,0.13318,2271.0
1753591902688,04:51:42.688,bitget,AERGO/USDT:USDT,0.13306,453.0,0.13305,362.0,0.13313,466.0,0.13318,2271.0
1753591902988,04:51:42.988,bitget,AERGO/USDT:USDT,0.13306,453.0,0.13305,362.0,0.13313,466.0,0.13318,2271.0
1753591903138,04:51:43.138,bitget,AERGO/USDT:USDT,0.13306,453.0,0.13305,362.0,0.13313,466.0,0.13318,2271.0
1753591903288,04:51:43.288,bitget,AERGO/USDT:USDT,0.13306,453.0,0.13305,362.0,0.13313,466.0,0.13318,2271.0
1753591903738,04:51:43.738,bitget,AERGO/USDT:USDT,0.13306,453.0,0.13305,362.0,0.13313,466.0,0.13318,2271.0
1753591903888,04:51:43.888,bitget,AERGO/USDT:USDT,0.13306,453.0,0.13305,362.0,0.13313,466.0,0.13318,2271.0
1753591904339,04:51:44.339,bitget,AERGO/USDT:USDT,0.13306,453.0,0.13305,362.0,0.13313,466.0,0.13318,2271.0
1753591904789,04:51:44.789,bitget,AERGO/USDT:USDT,0.13306,453.0,0.13305,362.0,0.13313,466.0,0.13318,2271.0
1753591904939,04:51:44.939,bitget,AERGO/USDT:USDT,0.13306,453.0,0.13305,362.0,0.13313,466.0,0.13318,2271.0
1753591905089,04:51:45.089,bitget,AERGO/USDT:USDT,0.13306,453.0,0.13305,362.0,0.13313,466.0,0.13318,2271.0
1753591905239,04:51:45.239,bitget,AERGO/USDT:USDT,0.13306,453.0,0.13305,362.0,0.13313,466.0,0.13318,2271.0
1753591905389,04:51:45.389,bitget,AERGO/USDT:USDT,0.13306,453.0,0.13305,362.0,0.13313,466.0,0.13318,2271.0
1753591905689,04:51:45.689,bitget,AERGO/USDT:USDT,0.13306,453.0,0.13305,362.0,0.13313,466.0,0.13318,2271.0
1753591905840,04:51:45.840,bitget,AERGO/USDT:USDT,0.13306,453.0,0.13305,362.0,0.13313,466.0,0.13318,2271.0
1753591905990,04:51:45.990,bitget,AERGO/USDT:USDT,0.13306,453.0,0.13305,362.0,0.13313,466.0,0.13318,2271.0
1753591906140,04:51:46.140,bitget,AERGO/USDT:USDT,0.13306,453.0,0.13305,362.0,0.13313,466.0,0.13318,2271.0
1753591906440,04:51:46.440,bitget,AERGO/USDT:USDT,0.13307,453.0,0.13306,362.0,0.13313,466.0,0.13315,380.0
1753591906740,04:51:46.740,bitget,AERGO/USDT:USDT,0.13308,453.0,0.13307,184.0,0.13313,466.0,0.13315,380.0
1753591907641,04:51:47.641,bitget,AERGO/USDT:USDT,0.13306,362.0,0.13305,362.0,0.13313,466.0,0.13315,991.0
1753591907791,04:51:47.791,bitget,AERGO/USDT:USDT,0.13307,469.0,0.13303,362.0,0.13312,362.0,0.13313,466.0
1753591907941,04:51:47.941,bitget,AERGO/USDT:USDT,0.13307,469.0,0.13303,362.0,0.13311,469.0,0.13312,362.0
1753591908241,04:51:48.241,bitget,AERGO/USDT:USDT,0.13307,469.0,0.13303,362.0,0.13311,469.0,0.13312,362.0
1753591908542,04:51:48.542,bitget,AERGO/USDT:USDT,0.13307,469.0,0.13303,362.0,0.13311,469.0,0.13312,362.0
1753591909142,04:51:49.142,bitget,AERGO/USDT:USDT,0.13307,469.0,0.13303,362.0,0.13311,469.0,0.13312,362.0
1753591909742,04:51:49.742,bitget,AERGO/USDT:USDT,0.13307,469.0,0.13303,362.0,0.13311,469.0,0.13312,362.0
1753591910043,04:51:50.043,bitget,AERGO/USDT:USDT,0.13307,469.0,0.13303,362.0,0.13311,469.0,0.13312,362.0
1753591910193,04:51:50.193,bitget,AERGO/USDT:USDT,0.13307,469.0,0.13303,362.0,0.13311,469.0,0.13312,362.0
1753591910343,04:51:50.343,bitget,AERGO/USDT:USDT,0.13307,469.0,0.13303,362.0,0.13311,469.0,0.13312,362.0
1753591910793,04:51:50.793,bitget,AERGO/USDT:USDT,0.13307,469.0,0.13303,990.0,0.13311,469.0,0.13312,362.0
1753591910943,04:51:50.943,bitget,AERGO/USDT:USDT,0.13307,469.0,0.13303,990.0,0.13311,469.0,0.13312,362.0
1753591911093,04:51:51.093,bitget,AERGO/USDT:USDT,0.13307,469.0,0.13303,990.0,0.13311,469.0,0.13312,362.0
1753591911243,04:51:51.243,bitget,AERGO/USDT:USDT,0.13307,469.0,0.13303,990.0,0.13311,469.0,0.13312,362.0
1753591911544,04:51:51.544,bitget,AERGO/USDT:USDT,0.13307,469.0,0.13303,990.0,0.13311,469.0,0.13312,362.0
1753591911694,04:51:51.694,bitget,AERGO/USDT:USDT,0.13307,469.0,0.13303,990.0,0.13311,469.0,0.13312,362.0
1753591911844,04:51:51.844,bitget,AERGO/USDT:USDT,0.13307,469.0,0.13303,990.0,0.13311,469.0,0.13312,362.0
1753591911994,04:51:51.994,bitget,AERGO/USDT:USDT,0.13307,469.0,0.13303,990.0,0.13311,469.0,0.13312,362.0
1753591912294,04:51:52.294,bitget,AERGO/USDT:USDT,0.13307,469.0,0.13303,990.0,0.13311,469.0,0.13312,362.0
1753591912444,04:51:52.444,bitget,AERGO/USDT:USDT,0.13307,469.0,0.13303,990.0,0.13311,469.0,0.13312,362.0
1753591912744,04:51:52.744,bitget,AERGO/USDT:USDT,0.13307,469.0,0.13303,990.0,0.13311,469.0,0.13312,362.0
1753591912894,04:51:52.894,bitget,AERGO/USDT:USDT,0.13307,469.0,0.13303,990.0,0.13311,469.0,0.13312,362.0
1753591913195,04:51:53.195,bitget,AERGO/USDT:USDT,0.13307,469.0,0.13303,990.0,0.13311,469.0,0.13312,362.0
1753591913345,04:51:53.345,bitget,AERGO/USDT:USDT,0.13307,469.0,0.13303,990.0,0.13311,469.0,0.13312,362.0
1753591913945,04:51:53.945,bitget,AERGO/USDT:USDT,0.13307,469.0,0.13303,990.0,0.13311,469.0,0.13312,362.0
1753591914245,04:51:54.245,bitget,AERGO/USDT:USDT,0.13307,469.0,0.13303,990.0,0.13311,469.0,0.13312,362.0
1753591914395,04:51:54.395,bitget,AERGO/USDT:USDT,0.13307,469.0,0.13303,990.0,0.13311,469.0,0.13312,362.0
1753591914545,04:51:54.545,bitget,AERGO/USDT:USDT,0.13307,469.0,0.13303,990.0,0.13311,469.0,0.13312,362.0
1753591914846,04:51:54.846,bitget,AERGO/USDT:USDT,0.13307,469.0,0.13303,990.0,0.13311,469.0,0.13312,362.0
1753591915446,04:51:55.446,bitget,AERGO/USDT:USDT,0.13307,469.0,0.13303,990.0,0.13311,469.0,0.13312,362.0
1753591916196,04:51:56.196,bitget,AERGO/USDT:USDT,0.13307,469.0,0.13303,990.0,0.13311,469.0,0.13312,362.0
1753591916346,04:51:56.346,bitget,AERGO/USDT:USDT,0.13307,469.0,0.13303,990.0,0.13311,469.0,0.13312,362.0
1753591916497,04:51:56.497,bitget,AERGO/USDT:USDT,0.13307,469.0,0.13303,990.0,0.13311,469.0,0.13312,362.0
1753591916797,04:51:56.797,bitget,AERGO/USDT:USDT,0.13307,469.0,0.13303,990.0,0.13311,469.0,0.13312,362.0
1753591916947,04:51:56.947,bitget,AERGO/USDT:USDT,0.13307,469.0,0.13303,990.0,0.13311,469.0,0.13312,362.0
1753591917097,04:51:57.097,bitget,AERGO/USDT:USDT,0.13307,469.0,0.13303,990.0,0.13311,469.0,0.13312,362.0
1753591917397,04:51:57.397,bitget,AERGO/USDT:USDT,0.13307,469.0,0.13303,990.0,0.13311,469.0,0.13312,362.0
1753591917547,04:51:57.547,bitget,AERGO/USDT:USDT,0.13307,469.0,0.13303,990.0,0.13311,469.0,0.13312,362.0
1753591917997,04:51:57.997,bitget,AERGO/USDT:USDT,0.13307,469.0,0.13303,990.0,0.13311,469.0,0.13312,362.0
1753591918148,04:51:58.148,bitget,AERGO/USDT:USDT,0.13307,469.0,0.13303,990.0,0.13311,469.0,0.13312,362.0
1753591918297,04:51:58.297,bitget,AERGO/USDT:USDT,0.13307,469.0,0.13303,990.0,0.13311,469.0,0.13312,362.0
1753591918448,04:51:58.448,bitget,AERGO/USDT:USDT,0.13307,469.0,0.13303,990.0,0.13311,469.0,0.13313,466.0
1753591918898,04:51:58.898,bitget,AERGO/USDT:USDT,0.13307,469.0,0.13303,990.0,0.13313,466.0,0.13315,1076.0
1753591919198,04:51:59.198,bitget,AERGO/USDT:USDT,0.13307,469.0,0.13303,990.0,0.13313,466.0,0.13315,1076.0
1753591919348,04:51:59.348,bitget,AERGO/USDT:USDT,0.13307,469.0,0.13303,990.0,0.13313,466.0,0.13315,1076.0
1753591919498,04:51:59.498,bitget,AERGO/USDT:USDT,0.13307,469.0,0.13303,990.0,0.13313,466.0,0.13315,1076.0
1753591919648,04:51:59.648,bitget,AERGO/USDT:USDT,0.13307,469.0,0.13303,990.0,0.13313,466.0,0.13315,1076.0
1753591919949,04:51:59.949,bitget,AERGO/USDT:USDT,0.13307,469.0,0.13303,990.0,0.13313,466.0,0.13315,1076.0
1753591920249,04:52:00.249,bitget,AERGO/USDT:USDT,0.13307,469.0,0.13303,990.0,0.13313,466.0,0.13315,1076.0
1753591920849,04:52:00.849,bitget,AERGO/USDT:USDT,0.13307,469.0,0.13303,990.0,0.13313,466.0,0.13315,1076.0
1753591920999,04:52:00.999,bitget,AERGO/USDT:USDT,0.13307,469.0,0.13303,990.0,0.13313,466.0,0.13315,1076.0
1753591921300,04:52:01.300,bitget,AERGO/USDT:USDT,0.13307,469.0,0.13303,990.0,0.13313,466.0,0.13315,1076.0
1753591921450,04:52:01.450,bitget,AERGO/USDT:USDT,0.13307,469.0,0.13303,990.0,0.13313,466.0,0.13315,1076.0
1753591921600,04:52:01.600,bitget,AERGO/USDT:USDT,0.13307,469.0,0.13303,990.0,0.13313,466.0,0.13315,1076.0
1753591921900,04:52:01.900,bitget,AERGO/USDT:USDT,0.13307,469.0,0.13303,990.0,0.13313,466.0,0.13315,1076.0
1753591922050,04:52:02.050,bitget,AERGO/USDT:USDT,0.13307,469.0,0.13303,990.0,0.13313,466.0,0.13315,1076.0
1753591922200,04:52:02.200,bitget,AERGO/USDT:USDT,0.13307,469.0,0.13303,990.0,0.13313,466.0,0.13315,1076.0
1753591922500,04:52:02.500,bitget,AERGO/USDT:USDT,0.13307,469.0,0.13303,990.0,0.13313,466.0,0.13315,1076.0
1753591922800,04:52:02.800,bitget,AERGO/USDT:USDT,0.13307,469.0,0.13303,990.0,0.13313,466.0,0.13315,1076.0
1753591922951,04:52:02.951,bitget,AERGO/USDT:USDT,0.13307,469.0,0.13303,990.0,0.13313,466.0,0.13315,1076.0
1753591923101,04:52:03.101,bitget,AERGO/USDT:USDT,0.13307,469.0,0.13303,990.0,0.13313,466.0,0.13315,1076.0
1753591923251,04:52:03.251,bitget,AERGO/USDT:USDT,0.13307,469.0,0.13303,990.0,0.13313,466.0,0.13315,1076.0
1753591923401,04:52:03.401,bitget,AERGO/USDT:USDT,0.13307,469.0,0.13303,990.0,0.13313,466.0,0.13315,1076.0
1753591923551,04:52:03.551,bitget,AERGO/USDT:USDT,0.13307,469.0,0.13303,990.0,0.13313,466.0,0.13315,1076.0
1753591923701,04:52:03.701,bitget,AERGO/USDT:USDT,0.13307,469.0,0.13303,990.0,0.13313,466.0,0.13315,1076.0
1753591923851,04:52:03.851,bitget,AERGO/USDT:USDT,0.13307,469.0,0.13303,990.0,0.13313,466.0,0.13315,1076.0
1753591924001,04:52:04.001,bitget,AERGO/USDT:USDT,0.13307,469.0,0.13303,990.0,0.13313,466.0,0.13315,1076.0
1753591924151,04:52:04.151,bitget,AERGO/USDT:USDT,0.13307,469.0,0.13303,990.0,0.13313,466.0,0.13315,1076.0
1753591924301,04:52:04.301,bitget,AERGO/USDT:USDT,0.13307,469.0,0.13303,990.0,0.13313,466.0,0.13315,1076.0
1753591924451,04:52:04.451,bitget,AERGO/USDT:USDT,0.13307,469.0,0.13303,990.0,0.13313,466.0,0.13315,1076.0
1753591925052,04:52:05.052,bitget,AERGO/USDT:USDT,0.13307,469.0,0.13303,990.0,0.13313,466.0,0.13315,1076.0
1753591925202,04:52:05.202,bitget,AERGO/USDT:USDT,0.13307,469.0,0.13303,990.0,0.13313,466.0,0.13315,1076.0
1753591925352,04:52:05.352,bitget,AERGO/USDT:USDT,0.13307,469.0,0.13303,990.0,0.13313,466.0,0.13315,1076.0
1753591925502,04:52:05.502,bitget,AERGO/USDT:USDT,0.13307,469.0,0.13303,990.0,0.13313,466.0,0.13315,1076.0
1753591925652,04:52:05.652,bitget,AERGO/USDT:USDT,0.13307,469.0,0.13303,990.0,0.13313,466.0,0.13315,1076.0
1753591925802,04:52:05.802,bitget,AERGO/USDT:USDT,0.13307,469.0,0.13303,990.0,0.13313,466.0,0.13315,1076.0
1753591926403,04:52:06.403,bitget,AERGO/USDT:USDT,0.13307,469.0,0.13303,990.0,0.13313,466.0,0.13315,1076.0
1753591926853,04:52:06.853,bitget,AERGO/USDT:USDT,0.13307,469.0,0.13303,990.0,0.13313,466.0,0.13315,1076.0
1753591927303,04:52:07.303,bitget,AERGO/USDT:USDT,0.13313,466.0,0.13309,1234.0,0.13319,459.0,0.13321,459.0
1753591927753,04:52:07.753,bitget,AERGO/USDT:USDT,0.13314,459.0,0.13313,466.0,0.13317,459.0,0.13319,1417.0
1753591928054,04:52:08.054,bitget,AERGO/USDT:USDT,0.13314,459.0,0.13309,1234.0,0.13317,459.0,0.13319,1417.0
1753591928204,04:52:08.204,bitget,AERGO/USDT:USDT,0.13314,459.0,0.13309,1234.0,0.13317,459.0,0.13319,1417.0
1753591928804,04:52:08.804,bitget,AERGO/USDT:USDT,0.13312,459.0,0.13309,1234.0,0.13319,459.0,0.13321,4841.0
1753591928954,04:52:08.954,bitget,AERGO/USDT:USDT,0.13312,459.0,0.13309,1234.0,0.13319,459.0,0.13321,4841.0
1753591929555,04:52:09.555,bitget,AERGO/USDT:USDT,0.13312,459.0,0.13309,1234.0,0.13319,459.0,0.13321,4841.0
1753591929705,04:52:09.705,bitget,AERGO/USDT:USDT,0.13312,459.0,0.13309,1234.0,0.13319,459.0,0.13321,4841.0
1753591930155,04:52:10.155,bitget,AERGO/USDT:USDT,0.13312,459.0,0.13309,1234.0,0.13319,459.0,0.13321,4841.0
1753591930755,04:52:10.755,bitget,AERGO/USDT:USDT,0.13312,459.0,0.13309,1234.0,0.13317,459.0,0.13318,362.0
1753591930905,04:52:10.905,bitget,AERGO/USDT:USDT,0.13312,459.0,0.13309,1234.0,0.13317,459.0,0.13318,362.0
1753591931206,04:52:11.206,bitget,AERGO/USDT:USDT,0.13312,459.0,0.13309,1234.0,0.13317,459.0,0.13318,362.0
1753591931356,04:52:11.356,bitget,AERGO/USDT:USDT,0.13312,459.0,0.13309,1234.0,0.13317,459.0,0.13318,362.0
1753591931806,04:52:11.806,bitget,AERGO/USDT:USDT,0.13312,459.0,0.13309,1234.0,0.13317,459.0,0.13318,362.0
1753591932256,04:52:12.256,bitget,AERGO/USDT:USDT,0.13312,459.0,0.13309,1234.0,0.13317,459.0,0.13318,362.0
1753591932857,04:52:12.857,bitget,AERGO/USDT:USDT,0.13312,459.0,0.13309,1234.0,0.13317,459.0,0.13318,362.0
1753591933157,04:52:13.157,bitget,AERGO/USDT:USDT,0.13312,459.0,0.13309,1234.0,0.13317,459.0,0.13318,362.0
1753591933307,04:52:13.307,bitget,AERGO/USDT:USDT,0.13312,459.0,0.13309,1234.0,0.13317,459.0,0.13318,362.0
1753591933607,04:52:13.607,bitget,AERGO/USDT:USDT,0.13312,459.0,0.13309,1234.0,0.13317,459.0,0.13318,362.0
1753591933907,04:52:13.907,bitget,AERGO/USDT:USDT,0.13312,459.0,0.13309,1234.0,0.13317,459.0,0.13318,362.0
1753591934357,04:52:14.357,bitget,AERGO/USDT:USDT,0.13312,459.0,0.13309,758.0,0.13317,459.0,0.13318,362.0
1753591934508,04:52:14.508,bitget,AERGO/USDT:USDT,0.13312,459.0,0.13309,758.0,0.13317,459.0,0.13318,362.0
1753591934658,04:52:14.658,bitget,AERGO/USDT:USDT,0.13312,459.0,0.13309,758.0,0.13317,459.0,0.13318,362.0
1753591934808,04:52:14.808,bitget,AERGO/USDT:USDT,0.13312,459.0,0.13309,758.0,0.13317,459.0,0.13318,362.0
1753591934958,04:52:14.958,bitget,AERGO/USDT:USDT,0.13312,459.0,0.13309,758.0,0.13317,459.0,0.13318,362.0
1753591935258,04:52:15.258,bitget,AERGO/USDT:USDT,0.13312,459.0,0.13309,758.0,0.13317,459.0,0.13318,362.0
1753591935408,04:52:15.408,bitget,AERGO/USDT:USDT,0.13312,459.0,0.13309,758.0,0.13317,459.0,0.13318,362.0
1753591935558,04:52:15.558,bitget,AERGO/USDT:USDT,0.13312,459.0,0.13309,758.0,0.13317,459.0,0.13318,362.0
1753591935858,04:52:15.858,bitget,AERGO/USDT:USDT,0.13312,459.0,0.13309,758.0,0.13317,459.0,0.13318,362.0
1753591936008,04:52:16.008,bitget,AERGO/USDT:USDT,0.13312,459.0,0.13309,758.0,0.13317,459.0,0.13318,362.0
1753591936159,04:52:16.159,bitget,AERGO/USDT:USDT,0.13312,459.0,0.13309,758.0,0.13317,459.0,0.13318,362.0
1753591936309,04:52:16.309,bitget,AERGO/USDT:USDT,0.13312,459.0,0.13309,758.0,0.13317,459.0,0.13318,362.0
1753591936459,04:52:16.459,bitget,AERGO/USDT:USDT,0.13312,459.0,0.13309,758.0,0.13317,459.0,0.13318,362.0
1753591936909,04:52:16.909,bitget,AERGO/USDT:USDT,0.13312,459.0,0.13309,758.0,0.13317,459.0,0.13318,362.0
1753591937059,04:52:17.059,bitget,AERGO/USDT:USDT,0.13312,459.0,0.13309,758.0,0.13317,459.0,0.13318,362.0
1753591937209,04:52:17.209,bitget,AERGO/USDT:USDT,0.13312,459.0,0.13309,758.0,0.13317,459.0,0.13318,362.0
1753591937359,04:52:17.359,bitget,AERGO/USDT:USDT,0.13312,459.0,0.13309,758.0,0.13317,459.0,0.13318,362.0
1753591937510,04:52:17.510,bitget,AERGO/USDT:USDT,0.13312,459.0,0.13309,758.0,0.13317,459.0,0.13318,362.0
1753591937810,04:52:17.810,bitget,AERGO/USDT:USDT,0.13312,459.0,0.13309,758.0,0.13317,459.0,0.13318,362.0
1753591937960,04:52:17.960,bitget,AERGO/USDT:USDT,0.13312,459.0,0.13309,758.0,0.13317,459.0,0.13318,362.0
1753591938110,04:52:18.110,bitget,AERGO/USDT:USDT,0.13312,459.0,0.13309,758.0,0.13317,459.0,0.13318,362.0
1753591938410,04:52:18.410,bitget,AERGO/USDT:USDT,0.13312,459.0,0.13309,758.0,0.13317,459.0,0.13318,362.0
1753591938560,04:52:18.560,bitget,AERGO/USDT:USDT,0.13312,459.0,0.13309,758.0,0.13317,459.0,0.13318,362.0
1753591938710,04:52:18.710,bitget,AERGO/USDT:USDT,0.13312,459.0,0.13309,758.0,0.13317,459.0,0.13318,362.0
1753591938860,04:52:18.860,bitget,AERGO/USDT:USDT,0.13312,459.0,0.13309,758.0,0.13317,459.0,0.13318,362.0
1753591939461,04:52:19.461,bitget,AERGO/USDT:USDT,0.13312,459.0,0.13309,758.0,0.13317,459.0,0.13318,4117.0
1753591939611,04:52:19.611,bitget,AERGO/USDT:USDT,0.13312,459.0,0.13309,758.0,0.13317,459.0,0.13318,4117.0
1753591939761,04:52:19.761,bitget,AERGO/USDT:USDT,0.13312,459.0,0.13309,758.0,0.13317,459.0,0.13318,4117.0
1753591940511,04:52:20.511,bitget,AERGO/USDT:USDT,0.1331,468.0,0.13308,1120.0,0.13315,468.0,0.13316,959.0
1753591940811,04:52:20.811,bitget,AERGO/USDT:USDT,0.1331,468.0,0.13308,1120.0,0.13315,468.0,0.13316,959.0
1753591940961,04:52:20.961,bitget,AERGO/USDT:USDT,0.1331,468.0,0.13308,1120.0,0.13315,468.0,0.13316,959.0
1753591941112,04:52:21.112,bitget,AERGO/USDT:USDT,0.1331,468.0,0.13308,1120.0,0.13315,468.0,0.13316,959.0
1753591941262,04:52:21.262,bitget,AERGO/USDT:USDT,0.1331,468.0,0.13308,1120.0,0.13315,468.0,0.13316,959.0
1753591941712,04:52:21.712,bitget,AERGO/USDT:USDT,0.1331,468.0,0.13308,1120.0,0.13315,468.0,0.13316,959.0
1753591941862,04:52:21.862,bitget,AERGO/USDT:USDT,0.1331,468.0,0.13308,1120.0,0.13315,468.0,0.13316,959.0
1753591942162,04:52:22.162,bitget,AERGO/USDT:USDT,0.1331,468.0,0.13308,1120.0,0.13315,468.0,0.13316,959.0
1753591942312,04:52:22.312,bitget,AERGO/USDT:USDT,0.1331,468.0,0.13308,1120.0,0.13315,468.0,0.13316,959.0
1753591942613,04:52:22.613,bitget,AERGO/USDT:USDT,0.1331,468.0,0.13308,1120.0,0.13315,468.0,0.13316,959.0
1753591942913,04:52:22.913,bitget,AERGO/USDT:USDT,0.1331,468.0,0.13308,1120.0,0.13315,468.0,0.13316,959.0
1753591943363,04:52:23.363,bitget,AERGO/USDT:USDT,0.1331,468.0,0.13308,1120.0,0.13315,468.0,0.13316,959.0
1753591943513,04:52:23.513,bitget,AERGO/USDT:USDT,0.1331,468.0,0.13308,1120.0,0.13315,468.0,0.13316,959.0
1753591943663,04:52:23.663,bitget,AERGO/USDT:USDT,0.1331,468.0,0.13308,1120.0,0.13315,468.0,0.13316,959.0
1753591943813,04:52:23.813,bitget,AERGO/USDT:USDT,0.1331,468.0,0.13308,1120.0,0.13315,468.0,0.13316,959.0
1753591943963,04:52:23.963,bitget,AERGO/USDT:USDT,0.1331,468.0,0.13308,1120.0,0.13315,468.0,0.13316,959.0
1753591944564,04:52:24.564,bitget,AERGO/USDT:USDT,0.1331,468.0,0.13308,1120.0,0.13315,468.0,0.13316,959.0
1753591944864,04:52:24.864,bitget,AERGO/USDT:USDT,0.1331,468.0,0.13308,1120.0,0.13315,468.0,0.13316,959.0
1753591945014,04:52:25.014,bitget,AERGO/USDT:USDT,0.1331,468.0,0.13308,1120.0,0.13315,468.0,0.13316,959.0
1753591945164,04:52:25.164,bitget,AERGO/USDT:USDT,0.1331,468.0,0.13308,1120.0,0.13315,468.0,0.13316,959.0
1753591945314,04:52:25.314,bitget,AERGO/USDT:USDT,0.1331,468.0,0.13308,1120.0,0.13315,468.0,0.13316,959.0
1753591945464,04:52:25.464,bitget,AERGO/USDT:USDT,0.1331,468.0,0.13308,1120.0,0.13315,468.0,0.13316,959.0
1753591945614,04:52:25.614,bitget,AERGO/USDT:USDT,0.1331,468.0,0.13308,1120.0,0.13315,468.0,0.13316,959.0
1753591945765,04:52:25.765,bitget,AERGO/USDT:USDT,0.1331,468.0,0.13308,1120.0,0.13315,468.0,0.13316,959.0
1753591945915,04:52:25.915,bitget,AERGO/USDT:USDT,0.1331,468.0,0.13308,1120.0,0.13315,468.0,0.13316,959.0
1753591946065,04:52:26.065,bitget,AERGO/USDT:USDT,0.1331,468.0,0.13308,1120.0,0.13315,468.0,0.13316,959.0
1753591946365,04:52:26.365,bitget,AERGO/USDT:USDT,0.1331,468.0,0.13308,1120.0,0.13315,468.0,0.13316,959.0
1753591946515,04:52:26.515,bitget,AERGO/USDT:USDT,0.1331,468.0,0.13308,1120.0,0.13315,468.0,0.13316,959.0
1753591946665,04:52:26.665,bitget,AERGO/USDT:USDT,0.1331,468.0,0.13308,1120.0,0.13315,468.0,0.13316,959.0
1753591946965,04:52:26.965,bitget,AERGO/USDT:USDT,0.1331,468.0,0.13308,1120.0,0.13315,468.0,0.13316,959.0
1753591947115,04:52:27.115,bitget,AERGO/USDT:USDT,0.1331,468.0,0.13308,1120.0,0.13315,468.0,0.13316,959.0
1753591947265,04:52:27.265,bitget,AERGO/USDT:USDT,0.1331,468.0,0.13308,1120.0,0.13315,468.0,0.13316,959.0
1753591947416,04:52:27.416,bitget,AERGO/USDT:USDT,0.1331,468.0,0.13308,1120.0,0.13315,468.0,0.13316,959.0
1753591947716,04:52:27.716,bitget,AERGO/USDT:USDT,0.13307,469.0,0.13303,362.0,0.13314,362.0,0.13315,468.0
1753591947866,04:52:27.866,bitget,AERGO/USDT:USDT,0.13307,469.0,0.13303,362.0,0.13313,470.0,0.13314,362.0
1753591948166,04:52:28.166,bitget,AERGO/USDT:USDT,0.13307,469.0,0.13303,362.0,0.13313,470.0,0.13314,362.0
1753591948466,04:52:28.466,bitget,AERGO/USDT:USDT,0.13307,469.0,0.13303,362.0,0.13313,470.0,0.13314,362.0
1753591948616,04:52:28.616,bitget,AERGO/USDT:USDT,0.13307,469.0,0.13303,362.0,0.13313,470.0,0.13314,362.0
1753591948916,04:52:28.916,bitget,AERGO/USDT:USDT,0.13307,469.0,0.13303,362.0,0.13313,470.0,0.13314,362.0
1753591949067,04:52:29.067,bitget,AERGO/USDT:USDT,0.13307,469.0,0.13303,362.0,0.13313,470.0,0.13314,362.0
1753591949217,04:52:29.217,bitget,AERGO/USDT:USDT,0.13307,469.0,0.13303,362.0,0.13313,470.0,0.13314,362.0
1753591949367,04:52:29.367,bitget,AERGO/USDT:USDT,0.13307,469.0,0.13303,362.0,0.13313,470.0,0.13314,362.0
1753591949517,04:52:29.517,bitget,AERGO/USDT:USDT,0.13307,469.0,0.13303,362.0,0.13313,470.0,0.13314,362.0
1753591949817,04:52:29.817,bitget,AERGO/USDT:USDT,0.13307,469.0,0.13303,362.0,0.13313,470.0,0.13314,362.0
1753591950117,04:52:30.117,bitget,AERGO/USDT:USDT,0.13307,469.0,0.13303,362.0,0.13313,470.0,0.13314,362.0
1753591950718,04:52:30.718,bitget,AERGO/USDT:USDT,0.13309,470.0,0.13308,758.0,0.13313,470.0,0.13314,362.0
1753591950868,04:52:30.868,bitget,AERGO/USDT:USDT,0.13309,470.0,0.13308,758.0,0.13313,470.0,0.13314,362.0
1753591951018,04:52:31.018,bitget,AERGO/USDT:USDT,0.13309,470.0,0.13308,758.0,0.13313,470.0,0.13315,4225.0
1753591951168,04:52:31.168,bitget,AERGO/USDT:USDT,0.13309,470.0,0.13308,758.0,0.13315,468.0,0.13316,597.0
1753591951318,04:52:31.318,bitget,AERGO/USDT:USDT,0.13309,470.0,0.13308,758.0,0.13315,468.0,0.13316,4353.0
1753591951618,04:52:31.618,bitget,AERGO/USDT:USDT,0.13309,470.0,0.13308,758.0,0.13315,468.0,0.13316,4353.0
1753591951918,04:52:31.918,bitget,AERGO/USDT:USDT,0.13309,470.0,0.13308,758.0,0.13315,468.0,0.13316,4353.0
1753591952369,04:52:32.369,bitget,AERGO/USDT:USDT,0.13309,470.0,0.13308,758.0,0.13315,468.0,0.13316,4353.0
1753591952519,04:52:32.519,bitget,AERGO/USDT:USDT,0.13309,470.0,0.13308,758.0,0.13315,468.0,0.13316,4353.0
1753591952819,04:52:32.819,bitget,AERGO/USDT:USDT,0.13309,470.0,0.13308,758.0,0.13315,468.0,0.13316,4353.0
1753591953119,04:52:33.119,bitget,AERGO/USDT:USDT,0.13309,470.0,0.13308,758.0,0.13315,468.0,0.13316,4353.0
1753591953419,04:52:33.419,bitget,AERGO/USDT:USDT,0.13309,470.0,0.13308,758.0,0.13315,468.0,0.13316,4353.0
1753591953569,04:52:33.569,bitget,AERGO/USDT:USDT,0.13309,470.0,0.13308,758.0,0.13315,468.0,0.13316,4353.0
1753591953720,04:52:33.720,bitget,AERGO/USDT:USDT,0.13309,470.0,0.13308,758.0,0.13315,468.0,0.13316,4353.0
1753591953870,04:52:33.870,bitget,AERGO/USDT:USDT,0.13309,470.0,0.13308,758.0,0.13315,468.0,0.13316,4353.0
1753591954170,04:52:34.170,bitget,AERGO/USDT:USDT,0.13309,470.0,0.13308,758.0,0.13315,468.0,0.13316,4353.0
1753591954470,04:52:34.470,bitget,AERGO/USDT:USDT,0.13309,470.0,0.13308,758.0,0.13315,468.0,0.13316,4353.0
1753591954770,04:52:34.770,bitget,AERGO/USDT:USDT,0.13309,470.0,0.13308,758.0,0.13315,468.0,0.13316,4353.0
1753591954920,04:52:34.920,bitget,AERGO/USDT:USDT,0.13309,470.0,0.13308,758.0,0.13315,468.0,0.13316,4353.0
1753591955070,04:52:35.070,bitget,AERGO/USDT:USDT,0.13309,470.0,0.13308,758.0,0.13315,468.0,0.13316,4353.0
1753591955221,04:52:35.221,bitget,AERGO/USDT:USDT,0.13309,470.0,0.13308,758.0,0.13315,468.0,0.13316,4353.0
1753591955371,04:52:35.371,bitget,AERGO/USDT:USDT,0.13309,470.0,0.13308,758.0,0.13315,468.0,0.13316,4353.0
1753591955521,04:52:35.521,bitget,AERGO/USDT:USDT,0.13309,470.0,0.13308,758.0,0.13315,468.0,0.13316,4353.0
1753591955971,04:52:35.971,bitget,AERGO/USDT:USDT,0.13309,470.0,0.13308,758.0,0.13315,468.0,0.13316,4353.0
1753591956121,04:52:36.121,bitget,AERGO/USDT:USDT,0.13309,470.0,0.13308,758.0,0.13315,468.0,0.13316,4353.0
1753591956271,04:52:36.271,bitget,AERGO/USDT:USDT,0.13309,470.0,0.13308,758.0,0.13315,468.0,0.13316,4353.0
1753591956421,04:52:36.421,bitget,AERGO/USDT:USDT,0.13309,470.0,0.13308,758.0,0.13315,468.0,0.13316,4353.0
1753591957172,04:52:37.172,bitget,AERGO/USDT:USDT,0.13309,470.0,0.13308,758.0,0.13315,468.0,0.13316,597.0
1753591957622,04:52:37.622,bitget,AERGO/USDT:USDT,0.13309,470.0,0.13308,758.0,0.13315,468.0,0.13316,597.0
1753591957772,04:52:37.772,bitget,AERGO/USDT:USDT,0.13309,470.0,0.13308,758.0,0.13315,468.0,0.13316,597.0
1753591957922,04:52:37.922,bitget,AERGO/USDT:USDT,0.13309,470.0,0.13308,758.0,0.13315,468.0,0.13316,597.0
1753591958072,04:52:38.072,bitget,AERGO/USDT:USDT,0.13309,470.0,0.13308,758.0,0.13315,468.0,0.13316,597.0
1753591958522,04:52:38.522,bitget,AERGO/USDT:USDT,0.13309,470.0,0.13308,758.0,0.13315,468.0,0.13316,597.0
1753591958673,04:52:38.673,bitget,AERGO/USDT:USDT,0.13309,470.0,0.13308,758.0,0.13315,468.0,0.13316,597.0
1753591959273,04:52:39.273,bitget,AERGO/USDT:USDT,0.13309,470.0,0.13308,758.0,0.13315,468.0,0.13316,597.0
1753591959423,04:52:39.423,bitget,AERGO/USDT:USDT,0.13309,470.0,0.13308,758.0,0.13315,468.0,0.13316,597.0
1753591959573,04:52:39.573,bitget,AERGO/USDT:USDT,0.13309,470.0,0.13308,758.0,0.13315,468.0,0.13316,597.0
1753591959723,04:52:39.723,bitget,AERGO/USDT:USDT,0.13309,470.0,0.13308,758.0,0.13315,468.0,0.13316,597.0
1753591959873,04:52:39.873,bitget,AERGO/USDT:USDT,0.13309,470.0,0.13308,758.0,0.13315,468.0,0.13316,597.0
1753591960023,04:52:40.023,bitget,AERGO/USDT:USDT,0.13309,470.0,0.13308,758.0,0.13315,468.0,0.13316,597.0
1753591960324,04:52:40.324,bitget,AERGO/USDT:USDT,0.13309,470.0,0.13308,758.0,0.13315,468.0,0.13316,597.0
1753591960474,04:52:40.474,bitget,AERGO/USDT:USDT,0.13309,470.0,0.13308,758.0,0.13315,468.0,0.13316,597.0
1753591960774,04:52:40.774,bitget,AERGO/USDT:USDT,0.13309,470.0,0.13308,758.0,0.13315,468.0,0.13316,597.0
1753591961224,04:52:41.224,bitget,AERGO/USDT:USDT,0.13309,470.0,0.13308,758.0,0.13315,468.0,0.13316,597.0
1753591961374,04:52:41.374,bitget,AERGO/USDT:USDT,0.13309,470.0,0.13308,758.0,0.13315,468.0,0.13316,597.0
1753591962125,04:52:42.125,bitget,AERGO/USDT:USDT,0.13309,470.0,0.13308,758.0,0.13315,468.0,0.13316,597.0
1753591962425,04:52:42.425,bitget,AERGO/USDT:USDT,0.13309,470.0,0.13308,758.0,0.13315,468.0,0.13316,597.0
1753591962875,04:52:42.875,bitget,AERGO/USDT:USDT,0.13309,470.0,0.13308,758.0,0.13315,468.0,0.13316,597.0
1753591963025,04:52:43.025,bitget,AERGO/USDT:USDT,0.13309,470.0,0.13308,758.0,0.13315,468.0,0.13316,597.0
1753591964076,04:52:44.076,bitget,AERGO/USDT:USDT,0.13309,470.0,0.13308,758.0,0.13315,468.0,0.13316,597.0
1753591964526,04:52:44.526,bitget,AERGO/USDT:USDT,0.13309,470.0,0.13308,758.0,0.13315,468.0,0.13316,597.0
1753591964676,04:52:44.676,bitget,AERGO/USDT:USDT,0.13309,470.0,0.13308,758.0,0.13315,468.0,0.13316,597.0
1753591964976,04:52:44.976,bitget,AERGO/USDT:USDT,0.13309,470.0,0.13308,758.0,0.13315,468.0,0.13316,597.0
1753591965427,04:52:45.427,bitget,AERGO/USDT:USDT,0.13309,470.0,0.13308,758.0,0.13315,468.0,0.13316,597.0
1753591965877,04:52:45.877,bitget,AERGO/USDT:USDT,0.13309,470.0,0.13308,758.0,0.13315,468.0,0.13316,597.0
1753591966027,04:52:46.027,bitget,AERGO/USDT:USDT,0.13309,470.0,0.13308,758.0,0.13315,468.0,0.13316,597.0
1753591966177,04:52:46.177,bitget,AERGO/USDT:USDT,0.13309,470.0,0.13308,758.0,0.13315,468.0,0.13316,597.0
1753591966327,04:52:46.327,bitget,AERGO/USDT:USDT,0.13309,470.0,0.13308,758.0,0.13315,468.0,0.13316,597.0
1753591966477,04:52:46.477,bitget,AERGO/USDT:USDT,0.13309,470.0,0.13308,758.0,0.13315,468.0,0.13316,597.0
1753591966627,04:52:46.627,bitget,AERGO/USDT:USDT,0.13309,470.0,0.13308,758.0,0.13315,468.0,0.13316,597.0
1753591966778,04:52:46.778,bitget,AERGO/USDT:USDT,0.13309,470.0,0.13308,758.0,0.13315,468.0,0.13316,597.0
1753591967228,04:52:47.228,bitget,AERGO/USDT:USDT,0.13309,470.0,0.13308,758.0,0.13315,468.0,0.13316,597.0
1753591967378,04:52:47.378,bitget,AERGO/USDT:USDT,0.13309,470.0,0.13308,758.0,0.13315,468.0,0.13316,597.0
1753591967528,04:52:47.528,bitget,AERGO/USDT:USDT,0.13309,470.0,0.13308,758.0,0.13315,468.0,0.13316,597.0
1753591967978,04:52:47.978,bitget,AERGO/USDT:USDT,0.13309,470.0,0.13308,758.0,0.13315,468.0,0.13316,597.0
1753591968128,04:52:48.128,bitget,AERGO/USDT:USDT,0.13309,470.0,0.13308,758.0,0.13315,468.0,0.13316,597.0
1753591968428,04:52:48.428,bitget,AERGO/USDT:USDT,0.13309,470.0,0.13308,758.0,0.13315,468.0,0.13316,597.0
1753591968879,04:52:48.879,bitget,AERGO/USDT:USDT,0.13309,470.0,0.13308,758.0,0.13315,468.0,0.13316,597.0
1753591969029,04:52:49.029,bitget,AERGO/USDT:USDT,0.13309,470.0,0.13308,758.0,0.13315,468.0,0.13316,597.0
1753591969479,04:52:49.479,bitget,AERGO/USDT:USDT,0.13309,470.0,0.13308,758.0,0.13315,468.0,0.13316,597.0
1753591969779,04:52:49.779,bitget,AERGO/USDT:USDT,0.13309,470.0,0.13308,758.0,0.13315,468.0,0.13316,597.0
1753591969930,04:52:49.930,bitget,AERGO/USDT:USDT,0.13309,470.0,0.13308,758.0,0.13315,468.0,0.13316,597.0
1753591970080,04:52:50.080,bitget,AERGO/USDT:USDT,0.13309,470.0,0.13308,758.0,0.13315,468.0,0.13316,597.0
1753591970230,04:52:50.230,bitget,AERGO/USDT:USDT,0.13309,470.0,0.13308,758.0,0.13315,468.0,0.13316,597.0
1753591970680,04:52:50.680,bitget,AERGO/USDT:USDT,0.13309,470.0,0.13308,758.0,0.13315,468.0,0.13316,597.0
1753591970830,04:52:50.830,bitget,AERGO/USDT:USDT,0.13309,470.0,0.13308,758.0,0.13315,468.0,0.13316,597.0
1753591970980,04:52:50.980,bitget,AERGO/USDT:USDT,0.13309,470.0,0.13308,758.0,0.13315,468.0,0.13316,597.0
1753591971280,04:52:51.280,bitget,AERGO/USDT:USDT,0.13309,470.0,0.13308,758.0,0.13315,468.0,0.13316,597.0
1753591971731,04:52:51.731,bitget,AERGO/USDT:USDT,0.13309,470.0,0.13308,758.0,0.13315,468.0,0.13316,597.0
