timestamp,time,exchange,symbol,bid1_price,bid1_volume,bid2_price,bid2_volume,ask1_price,ask1_volume,ask2_price,ask2_volume
1753591897405,04:51:37.405,okx,AAVE/USDT:USDT,296.57,23.5,296.56,0.2,296.58,41.0,296.6,13.4
1753591897905,04:51:37.905,okx,AAVE/USDT:USDT,296.57,24.0,296.56,0.2,296.58,41.0,296.6,13.4
1753591898205,04:51:38.205,okx,AAVE/USDT:USDT,296.57,24.0,296.56,0.2,296.58,41.0,296.6,13.4
1753591898305,04:51:38.305,okx,AAVE/USDT:USDT,296.57,24.0,296.56,0.2,296.58,41.0,296.6,13.5
1753591898605,04:51:38.605,okx,AAVE/USDT:USDT,296.57,41.2,296.56,10.6,296.58,41.0,296.6,13.5
1753591898705,04:51:38.705,okx,AAVE/USDT:USDT,296.57,41.2,296.56,10.6,296.58,41.0,296.6,13.5
1753591898805,04:51:38.805,okx,AAVE/USDT:USDT,296.57,41.2,296.56,10.6,296.58,41.0,296.6,13.5
1753591899205,04:51:39.205,okx,AAVE/USDT:USDT,296.57,41.2,296.56,10.6,296.58,41.0,296.6,13.5
1753591899705,04:51:39.705,okx,AAVE/USDT:USDT,296.59,196.3,296.58,42.0,296.6,4.3,296.61,0.4
1753591899805,04:51:39.805,okx,AAVE/USDT:USDT,296.59,216.4,296.58,42.0,296.6,4.5,296.61,0.4
1753591899905,04:51:39.905,okx,AAVE/USDT:USDT,296.59,216.4,296.58,42.0,296.6,4.5,296.61,0.4
1753591900005,04:51:40.005,okx,AAVE/USDT:USDT,296.59,205.7,296.58,42.0,296.6,4.5,296.61,0.4
1753591900205,04:51:40.205,okx,AAVE/USDT:USDT,296.59,205.0,296.58,30.6,296.6,4.4,296.61,0.4
1753591900305,04:51:40.305,okx,AAVE/USDT:USDT,296.59,216.0,296.58,62.8,296.6,1.4,296.61,0.4
1753591900505,04:51:40.505,okx,AAVE/USDT:USDT,296.59,205.0,296.58,41.6,296.6,23.3,296.61,0.1
1753591900605,04:51:40.605,okx,AAVE/USDT:USDT,296.59,216.0,296.58,41.6,296.6,1.9,296.61,0.1
1753591900705,04:51:40.705,okx,AAVE/USDT:USDT,296.59,216.0,296.58,41.6,296.6,1.9,296.61,0.1
1753591901605,04:51:41.605,okx,AAVE/USDT:USDT,296.59,205.8,296.58,30.6,296.6,63.7,296.61,0.1
1753591902005,04:51:42.005,okx,AAVE/USDT:USDT,296.59,216.8,296.58,41.6,296.6,63.7,296.61,0.1
1753591902105,04:51:42.105,okx,AAVE/USDT:USDT,296.59,216.8,296.58,41.6,296.6,63.7,296.61,0.1
1753591902205,04:51:42.205,okx,AAVE/USDT:USDT,296.59,216.8,296.58,41.6,296.6,63.7,296.61,0.1
1753591902305,04:51:42.305,okx,AAVE/USDT:USDT,296.59,185.7,296.58,30.6,296.6,63.7,296.61,0.1
1753591902405,04:51:42.405,okx,AAVE/USDT:USDT,296.59,185.7,296.58,41.6,296.6,63.7,296.61,0.1
1753591902505,04:51:42.505,okx,AAVE/USDT:USDT,296.59,185.7,296.58,41.6,296.6,63.7,296.61,0.1
1753591903105,04:51:43.105,okx,AAVE/USDT:USDT,296.59,86.6,296.58,41.6,296.6,63.7,296.61,0.1
1753591903505,04:51:43.505,okx,AAVE/USDT:USDT,296.59,225.8,296.58,42.3,296.6,63.7,296.61,0.1
1753591903705,04:51:43.705,okx,AAVE/USDT:USDT,296.59,225.8,296.58,41.6,296.6,63.7,296.61,0.1
1753591903805,04:51:43.805,okx,AAVE/USDT:USDT,296.62,207.0,296.61,50.0,296.63,0.1,296.64,1.9
1753591903905,04:51:43.905,okx,AAVE/USDT:USDT,296.62,203.0,296.61,12.0,296.63,1.0,296.64,1.9
1753591904005,04:51:44.005,okx,AAVE/USDT:USDT,296.62,223.7,296.61,12.0,296.63,0.9,296.64,1.9
1753591904105,04:51:44.105,okx,AAVE/USDT:USDT,296.62,223.7,296.61,12.0,296.63,0.9,296.64,1.9
1753591904305,04:51:44.305,okx,AAVE/USDT:USDT,296.62,223.7,296.61,12.0,296.63,0.9,296.64,1.9
1753591904405,04:51:44.405,okx,AAVE/USDT:USDT,296.62,104.3,296.61,12.0,296.63,0.9,296.64,1.9
1753591904705,04:51:44.705,okx,AAVE/USDT:USDT,296.62,224.2,296.61,12.0,296.63,0.9,296.64,1.9
1753591904805,04:51:44.805,okx,AAVE/USDT:USDT,296.62,224.2,296.61,12.0,296.63,0.9,296.64,1.9
1753591905005,04:51:45.005,okx,AAVE/USDT:USDT,296.62,224.0,296.61,12.0,296.63,0.9,296.64,1.9
1753591905405,04:51:45.405,okx,AAVE/USDT:USDT,296.62,193.0,296.61,11.7,296.63,1.0,296.64,0.2
1753591905605,04:51:45.605,okx,AAVE/USDT:USDT,296.62,193.0,296.61,11.7,296.63,1.0,296.64,0.2
1753591906005,04:51:46.005,okx,AAVE/USDT:USDT,296.62,193.6,296.61,11.7,296.63,1.0,296.64,0.2
1753591906105,04:51:46.105,okx,AAVE/USDT:USDT,296.62,193.6,296.61,11.7,296.63,1.0,296.64,0.2
1753591906205,04:51:46.205,okx,AAVE/USDT:USDT,296.62,195.2,296.61,11.7,296.63,0.8,296.64,0.2
1753591906405,04:51:46.405,okx,AAVE/USDT:USDT,296.62,195.2,296.61,11.7,296.63,0.8,296.64,0.2
1753591906605,04:51:46.605,okx,AAVE/USDT:USDT,296.62,195.2,296.61,11.7,296.63,0.8,296.64,0.2
1753591906905,04:51:46.905,okx,AAVE/USDT:USDT,296.62,195.2,296.61,11.7,296.63,0.8,296.64,0.2
1753591907005,04:51:47.005,okx,AAVE/USDT:USDT,296.62,195.2,296.61,11.7,296.63,0.8,296.64,0.2
1753591907205,04:51:47.205,okx,AAVE/USDT:USDT,296.62,195.2,296.61,11.7,296.63,0.8,296.64,0.2
1753591907405,04:51:47.405,okx,AAVE/USDT:USDT,296.62,195.2,296.61,11.7,296.63,0.8,296.64,0.2
1753591907705,04:51:47.705,okx,AAVE/USDT:USDT,296.62,195.7,296.61,11.7,296.63,0.8,296.64,0.2
1753591908005,04:51:48.005,okx,AAVE/USDT:USDT,296.62,197.9,296.61,11.7,296.63,0.8,296.64,0.2
1753591908305,04:51:48.305,okx,AAVE/USDT:USDT,296.62,216.0,296.61,11.7,296.63,0.8,296.64,0.2
1753591908505,04:51:48.505,okx,AAVE/USDT:USDT,296.62,216.0,296.61,11.7,296.63,0.8,296.64,0.2
1753591908905,04:51:48.905,okx,AAVE/USDT:USDT,296.62,216.0,296.61,11.7,296.63,0.8,296.64,0.2
1753591909005,04:51:49.005,okx,AAVE/USDT:USDT,296.62,216.0,296.61,11.7,296.63,0.8,296.64,0.2
1753591909205,04:51:49.205,okx,AAVE/USDT:USDT,296.62,216.0,296.61,11.7,296.63,0.8,296.64,0.2
1753591909305,04:51:49.305,okx,AAVE/USDT:USDT,296.62,216.0,296.61,11.7,296.63,0.8,296.64,0.2
1753591909605,04:51:49.605,okx,AAVE/USDT:USDT,296.62,216.0,296.61,11.7,296.63,0.8,296.64,0.2
1753591909705,04:51:49.705,okx,AAVE/USDT:USDT,296.62,216.0,296.61,11.7,296.63,0.8,296.64,0.2
1753591909905,04:51:49.905,okx,AAVE/USDT:USDT,296.62,216.0,296.61,11.7,296.63,0.8,296.64,0.2
1753591910005,04:51:50.005,okx,AAVE/USDT:USDT,296.62,216.0,296.61,11.7,296.63,0.8,296.64,0.2
1753591910105,04:51:50.105,okx,AAVE/USDT:USDT,296.62,216.0,296.61,11.7,296.63,0.8,296.64,0.2
1753591910205,04:51:50.205,okx,AAVE/USDT:USDT,296.62,212.5,296.61,11.7,296.63,0.8,296.64,0.2
1753591910405,04:51:50.405,okx,AAVE/USDT:USDT,296.62,212.5,296.61,11.7,296.63,0.8,296.64,0.2
1753591910505,04:51:50.505,okx,AAVE/USDT:USDT,296.62,200.9,296.61,11.7,296.63,0.8,296.64,0.2
1753591910805,04:51:50.805,okx,AAVE/USDT:USDT,296.62,212.2,296.61,11.7,296.63,0.8,296.64,0.2
1753591910905,04:51:50.905,okx,AAVE/USDT:USDT,296.62,212.2,296.61,11.7,296.63,0.8,296.64,0.2
1753591911205,04:51:51.205,okx,AAVE/USDT:USDT,296.62,212.2,296.61,11.7,296.63,0.8,296.64,0.2
1753591911305,04:51:51.305,okx,AAVE/USDT:USDT,296.62,200.9,296.61,0.1,296.63,0.8,296.64,0.2
1753591911405,04:51:51.405,okx,AAVE/USDT:USDT,296.62,212.3,296.61,11.4,296.63,0.8,296.64,0.2
1753591911505,04:51:51.505,okx,AAVE/USDT:USDT,296.62,212.5,296.61,11.4,296.63,0.8,296.64,0.2
1753591911805,04:51:51.805,okx,AAVE/USDT:USDT,296.62,20.6,296.61,0.1,296.63,19.6,296.64,9.1
1753591911905,04:51:51.905,okx,AAVE/USDT:USDT,296.62,38.5,296.61,11.4,296.63,0.8,296.64,8.4
1753591912005,04:51:52.005,okx,AAVE/USDT:USDT,296.62,122.5,296.61,11.4,296.63,0.8,296.64,0.2
1753591912205,04:51:52.205,okx,AAVE/USDT:USDT,296.62,141.8,296.61,16.1,296.63,0.8,296.64,0.2
1753591912305,04:51:52.305,okx,AAVE/USDT:USDT,296.62,141.8,296.61,16.1,296.63,0.8,296.64,0.2
1753591912705,04:51:52.705,okx,AAVE/USDT:USDT,296.62,141.8,296.61,16.1,296.63,0.8,296.64,0.2
1753591912805,04:51:52.805,okx,AAVE/USDT:USDT,296.62,141.8,296.61,16.1,296.63,0.8,296.64,0.2
1753591912905,04:51:52.905,okx,AAVE/USDT:USDT,296.62,141.8,296.61,16.1,296.63,0.8,296.64,0.2
1753591913005,04:51:53.005,okx,AAVE/USDT:USDT,296.63,208.9,296.62,36.3,296.64,1.5,296.65,25.2
1753591913205,04:51:53.205,okx,AAVE/USDT:USDT,296.63,98.1,296.62,36.3,296.64,1.7,296.65,25.2
1753591913305,04:51:53.305,okx,AAVE/USDT:USDT,296.63,69.7,296.62,25.0,296.64,1.7,296.65,25.2
1753591913505,04:51:53.505,okx,AAVE/USDT:USDT,296.63,94.9,296.62,21.2,296.64,1.7,296.65,25.2
1753591913605,04:51:53.605,okx,AAVE/USDT:USDT,296.63,214.5,296.62,21.2,296.64,1.7,296.65,25.2
1753591913805,04:51:53.805,okx,AAVE/USDT:USDT,296.63,95.1,296.62,21.2,296.64,1.7,296.65,25.2
1753591913905,04:51:53.905,okx,AAVE/USDT:USDT,296.63,214.5,296.62,21.2,296.64,1.7,296.65,25.2
1753591914105,04:51:54.105,okx,AAVE/USDT:USDT,296.63,95.1,296.62,21.2,296.64,1.7,296.65,25.2
1753591914305,04:51:54.305,okx,AAVE/USDT:USDT,296.63,214.5,296.62,21.2,296.64,1.7,296.65,25.2
1753591914505,04:51:54.505,okx,AAVE/USDT:USDT,296.63,214.9,296.62,21.2,296.64,1.7,296.65,25.2
1753591914605,04:51:54.605,okx,AAVE/USDT:USDT,296.63,95.5,296.62,21.2,296.64,1.7,296.65,25.2
1753591914705,04:51:54.705,okx,AAVE/USDT:USDT,296.63,214.9,296.62,20.7,296.64,1.1,296.65,25.2
1753591914805,04:51:54.805,okx,AAVE/USDT:USDT,296.63,64.7,296.62,20.4,296.64,1.1,296.65,25.2
1753591915005,04:51:55.005,okx,AAVE/USDT:USDT,296.63,74.0,296.62,20.4,296.64,1.1,296.65,25.2
1753591915205,04:51:55.205,okx,AAVE/USDT:USDT,296.63,74.0,296.62,20.4,296.64,1.1,296.65,25.2
1753591915605,04:51:55.605,okx,AAVE/USDT:USDT,296.63,73.8,296.62,20.4,296.64,1.1,296.65,25.2
1753591916305,04:51:56.305,okx,AAVE/USDT:USDT,296.63,222.7,296.62,19.8,296.64,0.3,296.65,25.2
1753591916405,04:51:56.405,okx,AAVE/USDT:USDT,296.64,168.7,296.63,83.0,296.65,18.2,296.66,0.1
1753591916505,04:51:56.505,okx,AAVE/USDT:USDT,296.64,151.7,296.63,83.3,296.65,18.9,296.66,0.1
1753591916605,04:51:56.605,okx,AAVE/USDT:USDT,296.64,151.7,296.63,83.3,296.65,18.9,296.66,0.1
1753591916705,04:51:56.705,okx,AAVE/USDT:USDT,296.64,151.7,296.63,83.3,296.65,18.9,296.66,0.1
1753591916805,04:51:56.805,okx,AAVE/USDT:USDT,296.64,151.7,296.63,83.3,296.65,18.9,296.66,0.1
1753591916905,04:51:56.905,okx,AAVE/USDT:USDT,296.64,151.7,296.63,83.3,296.65,18.9,296.66,0.1
1753591917105,04:51:57.105,okx,AAVE/USDT:USDT,296.64,170.3,296.63,83.3,296.65,18.9,296.66,0.1
1753591917305,04:51:57.305,okx,AAVE/USDT:USDT,296.64,32.3,296.63,83.3,296.65,18.9,296.66,0.1
1753591917505,04:51:57.505,okx,AAVE/USDT:USDT,296.64,56.7,296.63,58.3,296.65,18.9,296.66,0.1
1753591917905,04:51:57.905,okx,AAVE/USDT:USDT,296.64,195.3,296.63,58.3,296.65,18.9,296.66,0.1
1753591918205,04:51:58.205,okx,AAVE/USDT:USDT,296.64,75.9,296.63,58.3,296.65,18.9,296.66,0.1
1753591918505,04:51:58.505,okx,AAVE/USDT:USDT,296.64,57.4,296.63,58.3,296.65,18.9,296.66,0.1
1753591918905,04:51:58.905,okx,AAVE/USDT:USDT,296.64,47.1,296.63,58.3,296.65,18.9,296.66,0.1
1753591919005,04:51:59.005,okx,AAVE/USDT:USDT,296.64,169.7,296.63,58.3,296.65,18.9,296.66,0.1
1753591919305,04:51:59.305,okx,AAVE/USDT:USDT,296.64,57.4,296.63,58.3,296.65,18.9,296.66,0.1
1753591919405,04:51:59.405,okx,AAVE/USDT:USDT,296.64,57.9,296.63,58.3,296.65,18.9,296.66,0.1
1753591919505,04:51:59.505,okx,AAVE/USDT:USDT,296.64,177.5,296.63,57.9,296.65,18.9,296.66,0.1
1753591919605,04:51:59.605,okx,AAVE/USDT:USDT,296.64,58.3,296.63,57.9,296.65,18.9,296.66,0.1
1753591919705,04:51:59.705,okx,AAVE/USDT:USDT,296.64,58.3,296.63,57.9,296.65,18.9,296.66,0.1
1753591920405,04:52:00.405,okx,AAVE/USDT:USDT,296.64,59.3,296.63,57.9,296.65,18.9,296.66,8.3
1753591920805,04:52:00.805,okx,AAVE/USDT:USDT,296.64,59.5,296.63,57.5,296.65,18.9,296.66,8.3
1753591921005,04:52:01.005,okx,AAVE/USDT:USDT,296.64,59.5,296.63,57.5,296.65,18.9,296.66,8.3
1753591921305,04:52:01.305,okx,AAVE/USDT:USDT,296.64,59.6,296.63,57.5,296.65,19.1,296.66,8.3
1753591921405,04:52:01.405,okx,AAVE/USDT:USDT,296.64,196.1,296.63,57.5,296.65,19.1,296.66,8.3
1753591921705,04:52:01.705,okx,AAVE/USDT:USDT,296.69,177.2,296.68,11.4,296.7,1.2,296.71,79.3
1753591921805,04:52:01.805,okx,AAVE/USDT:USDT,296.72,26.6,296.71,16.9,296.73,3.6,296.74,41.0
1753591922005,04:52:02.005,okx,AAVE/USDT:USDT,296.72,114.9,296.71,27.4,296.73,3.8,296.74,8.7
1753591922505,04:52:02.505,okx,AAVE/USDT:USDT,296.69,0.8,296.68,1.2,296.7,205.2,296.71,12.5
1753591922705,04:52:02.705,okx,AAVE/USDT:USDT,296.69,1.0,296.68,1.2,296.7,97.7,296.71,7.8
1753591922805,04:52:02.805,okx,AAVE/USDT:USDT,296.69,1.0,296.68,1.2,296.7,97.7,296.71,7.8
1753591922905,04:52:02.905,okx,AAVE/USDT:USDT,296.69,1.0,296.68,1.2,296.7,192.2,296.71,0.1
1753591923005,04:52:03.005,okx,AAVE/USDT:USDT,296.69,22.2,296.68,1.2,296.7,21.8,296.71,0.1
1753591923105,04:52:03.105,okx,AAVE/USDT:USDT,296.69,22.2,296.68,1.2,296.7,28.6,296.71,0.1
1753591923205,04:52:03.205,okx,AAVE/USDT:USDT,296.69,22.2,296.68,1.2,296.7,28.6,296.71,0.1
1753591923605,04:52:03.605,okx,AAVE/USDT:USDT,296.69,34.4,296.68,1.2,296.7,167.2,296.71,0.1
1753591923805,04:52:03.805,okx,AAVE/USDT:USDT,296.69,34.4,296.68,1.2,296.7,28.6,296.71,0.1
1753591923905,04:52:03.905,okx,AAVE/USDT:USDT,296.69,34.4,296.68,1.2,296.7,9.8,296.71,0.1
1753591924105,04:52:04.105,okx,AAVE/USDT:USDT,296.69,34.4,296.68,1.2,296.7,9.8,296.71,0.1
1753591924405,04:52:04.405,okx,AAVE/USDT:USDT,296.69,72.0,296.68,17.6,296.7,0.5,296.71,0.1
1753591924605,04:52:04.605,okx,AAVE/USDT:USDT,296.69,90.9,296.68,17.6,296.7,0.5,296.71,0.1
1753591924805,04:52:04.805,okx,AAVE/USDT:USDT,296.69,148.0,296.68,17.6,296.7,0.5,296.71,0.1
1753591925405,04:52:05.405,okx,AAVE/USDT:USDT,296.69,90.9,296.68,12.8,296.7,0.5,296.71,0.1
1753591925805,04:52:05.805,okx,AAVE/USDT:USDT,296.69,210.5,296.68,12.8,296.7,0.5,296.71,0.1
1753591926705,04:52:06.705,okx,AAVE/USDT:USDT,296.69,93.5,296.68,12.8,296.7,0.7,296.71,0.1
1753591927105,04:52:07.105,okx,AAVE/USDT:USDT,296.73,38.9,296.72,8.2,296.74,36.0,296.75,9.7
1753591927205,04:52:07.205,okx,AAVE/USDT:USDT,296.73,38.9,296.72,8.2,296.74,36.0,296.75,9.7
1753591927305,04:52:07.305,okx,AAVE/USDT:USDT,296.73,38.9,296.72,8.2,296.74,36.0,296.75,9.7
1753591927805,04:52:07.805,okx,AAVE/USDT:USDT,296.73,39.0,296.72,8.2,296.74,36.0,296.75,0.1
1753591927905,04:52:07.905,okx,AAVE/USDT:USDT,296.73,39.0,296.72,8.2,296.74,36.0,296.75,0.1
1753591928005,04:52:08.005,okx,AAVE/USDT:USDT,296.73,39.0,296.72,20.6,296.74,36.0,296.75,0.1
1753591928105,04:52:08.105,okx,AAVE/USDT:USDT,296.73,39.0,296.72,8.2,296.74,29.2,296.75,0.1
1753591928305,04:52:08.305,okx,AAVE/USDT:USDT,296.73,75.0,296.72,20.6,296.74,29.7,296.75,0.1
1753591928405,04:52:08.405,okx,AAVE/USDT:USDT,296.73,87.4,296.72,20.6,296.74,29.7,296.75,0.1
1753591928505,04:52:08.505,okx,AAVE/USDT:USDT,296.73,39.3,296.72,20.6,296.74,29.7,296.75,0.1
1753591928605,04:52:08.605,okx,AAVE/USDT:USDT,296.73,70.3,296.72,20.6,296.74,29.7,296.75,0.1
1753591928805,04:52:08.805,okx,AAVE/USDT:USDT,296.73,70.3,296.72,20.6,296.74,29.7,296.75,0.1
1753591929005,04:52:09.005,okx,AAVE/USDT:USDT,296.73,208.1,296.72,20.6,296.74,3.4,296.75,0.1
1753591929205,04:52:09.205,okx,AAVE/USDT:USDT,296.73,88.7,296.72,20.6,296.74,3.4,296.75,0.1
1753591929405,04:52:09.405,okx,AAVE/USDT:USDT,296.73,41.2,296.72,8.2,296.74,4.7,296.75,0.1
1753591929705,04:52:09.705,okx,AAVE/USDT:USDT,296.73,42.1,296.72,8.2,296.74,3.4,296.75,0.1
1753591929905,04:52:09.905,okx,AAVE/USDT:USDT,296.73,41.7,296.72,20.3,296.74,12.5,296.75,0.1
1753591930005,04:52:10.005,okx,AAVE/USDT:USDT,296.73,41.7,296.72,8.2,296.74,12.5,296.75,0.1
1753591930105,04:52:10.105,okx,AAVE/USDT:USDT,296.73,41.7,296.72,8.2,296.74,12.5,296.75,7.8
1753591930205,04:52:10.205,okx,AAVE/USDT:USDT,296.73,41.7,296.72,8.2,296.74,12.5,296.75,7.8
1753591930505,04:52:10.505,okx,AAVE/USDT:USDT,296.73,41.7,296.72,20.0,296.74,11.4,296.75,0.1
1753591930805,04:52:10.805,okx,AAVE/USDT:USDT,296.73,53.5,296.72,20.0,296.74,11.4,296.75,0.1
1753591930905,04:52:10.905,okx,AAVE/USDT:USDT,296.73,53.3,296.72,20.0,296.74,11.4,296.75,0.1
1753591931005,04:52:11.005,okx,AAVE/USDT:USDT,296.73,56.1,296.72,20.0,296.74,11.4,296.75,0.1
1753591931305,04:52:11.305,okx,AAVE/USDT:USDT,296.73,192.0,296.72,20.0,296.74,3.2,296.75,0.1
1753591931405,04:52:11.405,okx,AAVE/USDT:USDT,296.73,190.3,296.72,20.0,296.74,3.3,296.75,0.1
1753591931605,04:52:11.605,okx,AAVE/USDT:USDT,296.73,42.8,296.72,8.2,296.74,12.7,296.75,0.1
1753591931705,04:52:11.705,okx,AAVE/USDT:USDT,296.73,42.8,296.72,8.2,296.74,12.7,296.75,0.1
1753591932005,04:52:12.005,okx,AAVE/USDT:USDT,296.73,44.2,296.72,8.2,296.74,28.9,296.75,8.5
1753591932105,04:52:12.105,okx,AAVE/USDT:USDT,296.73,44.2,296.72,8.2,296.74,28.9,296.75,8.5
1753591932305,04:52:12.305,okx,AAVE/USDT:USDT,296.73,77.3,296.72,8.2,296.74,28.2,296.75,0.1
1753591932805,04:52:12.805,okx,AAVE/USDT:USDT,296.73,77.3,296.72,8.2,296.74,28.7,296.75,8.5
1753591933105,04:52:13.105,okx,AAVE/USDT:USDT,296.73,77.3,296.72,8.2,296.74,52.9,296.75,8.5
1753591933205,04:52:13.205,okx,AAVE/USDT:USDT,296.73,77.3,296.72,8.2,296.74,45.2,296.75,8.5
1753591933405,04:52:13.405,okx,AAVE/USDT:USDT,296.73,77.3,296.72,8.2,296.74,45.2,296.75,8.5
1753591933705,04:52:13.705,okx,AAVE/USDT:USDT,296.73,77.3,296.72,8.2,296.74,13.2,296.75,0.1
1753591933805,04:52:13.805,okx,AAVE/USDT:USDT,296.73,77.3,296.72,8.2,296.74,13.2,296.75,0.1
1753591933905,04:52:13.905,okx,AAVE/USDT:USDT,296.73,77.3,296.72,8.2,296.74,13.2,296.75,0.1
1753591934005,04:52:14.005,okx,AAVE/USDT:USDT,296.73,38.7,296.72,8.2,296.74,13.2,296.75,0.1
1753591934105,04:52:14.105,okx,AAVE/USDT:USDT,296.73,38.7,296.72,8.2,296.74,13.2,296.75,0.1
1753591934305,04:52:14.305,okx,AAVE/USDT:USDT,296.73,36.3,296.72,8.2,296.74,13.2,296.75,0.1
1753591934405,04:52:14.405,okx,AAVE/USDT:USDT,296.73,36.3,296.72,8.2,296.74,13.7,296.75,0.1
1753591934505,04:52:14.505,okx,AAVE/USDT:USDT,296.73,36.3,296.72,8.2,296.74,13.7,296.75,0.1
1753591934905,04:52:14.905,okx,AAVE/USDT:USDT,296.73,85.1,296.72,20.0,296.74,4.2,296.75,0.1
1753591935205,04:52:15.205,okx,AAVE/USDT:USDT,296.73,85.1,296.72,20.0,296.74,0.8,296.75,0.1
1753591935405,04:52:15.405,okx,AAVE/USDT:USDT,296.73,60.6,296.72,8.2,296.74,7.2,296.75,0.1
1753591935605,04:52:15.605,okx,AAVE/USDT:USDT,296.73,161.1,296.72,20.0,296.74,7.2,296.75,0.1
1753591935705,04:52:15.705,okx,AAVE/USDT:USDT,296.73,192.0,296.72,20.0,296.74,7.2,296.75,0.1
1753591935805,04:52:15.805,okx,AAVE/USDT:USDT,296.73,192.0,296.72,20.0,296.74,7.2,296.75,0.1
1753591936105,04:52:16.105,okx,AAVE/USDT:USDT,296.73,192.0,296.72,20.0,296.74,7.2,296.75,0.1
1753591936205,04:52:16.205,okx,AAVE/USDT:USDT,296.73,192.0,296.72,20.0,296.74,7.2,296.75,0.1
1753591936605,04:52:16.605,okx,AAVE/USDT:USDT,296.73,192.0,296.72,20.0,296.74,7.2,296.75,0.1
1753591936705,04:52:16.705,okx,AAVE/USDT:USDT,296.73,192.0,296.72,20.0,296.74,7.2,296.75,0.1
1753591937005,04:52:17.005,okx,AAVE/USDT:USDT,296.73,192.0,296.72,20.0,296.74,7.2,296.75,0.1
1753591937205,04:52:17.205,okx,AAVE/USDT:USDT,296.73,192.2,296.72,20.0,296.74,7.2,296.75,0.1
1753591937305,04:52:17.305,okx,AAVE/USDT:USDT,296.73,179.8,296.72,20.0,296.74,7.2,296.75,0.1
1753591937405,04:52:17.405,okx,AAVE/USDT:USDT,296.73,60.2,296.72,8.2,296.74,7.2,296.75,0.1
1753591937605,04:52:17.605,okx,AAVE/USDT:USDT,296.73,60.4,296.72,8.2,296.74,7.2,296.75,0.1
1753591937705,04:52:17.705,okx,AAVE/USDT:USDT,296.73,60.4,296.72,8.2,296.74,7.2,296.75,0.1
1753591937805,04:52:17.805,okx,AAVE/USDT:USDT,296.73,191.4,296.72,20.0,296.74,7.2,296.75,0.1
1753591937905,04:52:17.905,okx,AAVE/USDT:USDT,296.73,191.6,296.72,20.0,296.74,7.2,296.75,0.1
1753591938105,04:52:18.105,okx,AAVE/USDT:USDT,296.73,191.8,296.72,20.0,296.74,7.2,296.75,0.1
1753591938205,04:52:18.205,okx,AAVE/USDT:USDT,296.73,191.8,296.72,20.0,296.74,7.2,296.75,0.1
1753591938805,04:52:18.805,okx,AAVE/USDT:USDT,296.73,191.8,296.72,20.0,296.74,7.2,296.75,0.1
1753591939005,04:52:19.005,okx,AAVE/USDT:USDT,296.73,191.8,296.72,20.0,296.74,7.2,296.75,0.1
1753591939405,04:52:19.405,okx,AAVE/USDT:USDT,296.73,191.9,296.72,20.0,296.74,7.2,296.75,0.1
1753591939505,04:52:19.505,okx,AAVE/USDT:USDT,296.73,191.9,296.72,20.0,296.74,7.2,296.75,0.1
1753591939705,04:52:19.705,okx,AAVE/USDT:USDT,296.73,191.9,296.72,20.0,296.74,7.2,296.75,0.1
1753591939905,04:52:19.905,okx,AAVE/USDT:USDT,296.73,174.2,296.72,20.0,296.74,15.4,296.75,0.1
1753591940005,04:52:20.005,okx,AAVE/USDT:USDT,296.73,54.8,296.72,20.0,296.74,15.4,296.75,0.1
1753591940205,04:52:20.205,okx,AAVE/USDT:USDT,296.73,174.4,296.72,20.0,296.74,15.4,296.75,0.1
1753591940505,04:52:20.505,okx,AAVE/USDT:USDT,296.73,193.4,296.72,20.0,296.74,15.3,296.75,0.1
1753591940605,04:52:20.605,okx,AAVE/USDT:USDT,296.73,193.4,296.72,20.0,296.74,7.1,296.75,0.1
1753591941105,04:52:21.105,okx,AAVE/USDT:USDT,296.73,193.4,296.72,20.0,296.74,7.1,296.75,0.1
1753591941305,04:52:21.305,okx,AAVE/USDT:USDT,296.73,193.5,296.72,20.0,296.74,16.0,296.75,0.1
1753591941505,04:52:21.505,okx,AAVE/USDT:USDT,296.73,193.5,296.72,20.0,296.74,16.0,296.75,0.1
1753591941605,04:52:21.605,okx,AAVE/USDT:USDT,296.73,43.3,296.72,20.0,296.74,16.0,296.75,0.1
1753591942005,04:52:22.005,okx,AAVE/USDT:USDT,296.73,174.5,296.72,20.0,296.74,16.0,296.75,0.1
1753591942505,04:52:22.505,okx,AAVE/USDT:USDT,296.73,193.8,296.72,20.0,296.74,16.0,296.75,0.1
1753591942705,04:52:22.705,okx,AAVE/USDT:USDT,296.73,193.8,296.72,20.0,296.74,16.0,296.75,0.1
1753591942805,04:52:22.805,okx,AAVE/USDT:USDT,296.73,193.8,296.72,20.0,296.74,16.0,296.75,0.1
1753591942905,04:52:22.905,okx,AAVE/USDT:USDT,296.73,193.8,296.72,20.0,296.74,16.0,296.75,0.1
1753591943105,04:52:23.105,okx,AAVE/USDT:USDT,296.73,193.8,296.72,20.0,296.74,16.0,296.75,0.1
1753591943405,04:52:23.405,okx,AAVE/USDT:USDT,296.77,225.9,296.76,81.3,296.78,3.1,296.79,6.0
1753591943505,04:52:23.505,okx,AAVE/USDT:USDT,296.77,225.9,296.76,81.3,296.78,3.1,296.79,6.0
1753591943705,04:52:23.705,okx,AAVE/USDT:USDT,296.77,242.8,296.76,67.2,296.78,3.1,296.79,6.0
1753591943805,04:52:23.805,okx,AAVE/USDT:USDT,296.77,242.8,296.76,67.2,296.78,3.0,296.79,6.0
1753591943905,04:52:23.905,okx,AAVE/USDT:USDT,296.77,242.8,296.76,67.2,296.78,3.0,296.79,6.0
1753591944805,04:52:24.805,okx,AAVE/USDT:USDT,296.77,180.3,296.76,66.7,296.78,3.0,296.79,5.7
1753591944905,04:52:24.905,okx,AAVE/USDT:USDT,296.77,180.3,296.76,66.7,296.78,3.0,296.79,5.7
1753591945205,04:52:25.205,okx,AAVE/USDT:USDT,296.77,180.3,296.76,66.7,296.78,3.0,296.79,5.7
1753591945405,04:52:25.405,okx,AAVE/USDT:USDT,296.77,211.5,296.76,66.7,296.78,3.2,296.79,5.7
1753591945605,04:52:25.605,okx,AAVE/USDT:USDT,296.77,211.5,296.76,66.7,296.78,3.2,296.79,5.7
1753591945705,04:52:25.705,okx,AAVE/USDT:USDT,296.78,198.4,296.77,77.6,296.79,5.7,296.8,0.8
1753591945805,04:52:25.805,okx,AAVE/USDT:USDT,296.78,198.4,296.77,77.6,296.79,0.1,296.8,0.8
1753591945905,04:52:25.905,okx,AAVE/USDT:USDT,296.78,207.5,296.77,77.6,296.79,0.1,296.8,0.8
1753591946005,04:52:26.005,okx,AAVE/USDT:USDT,296.78,32.6,296.77,66.1,296.79,6.9,296.8,9.0
1753591946105,04:52:26.105,okx,AAVE/USDT:USDT,296.78,43.9,296.77,77.2,296.79,0.4,296.8,9.0
1753591946205,04:52:26.205,okx,AAVE/USDT:USDT,296.78,32.8,296.77,66.1,296.79,0.4,296.8,9.0
1753591946405,04:52:26.405,okx,AAVE/USDT:USDT,296.78,163.4,296.77,77.2,296.79,0.4,296.8,9.0
1753591946505,04:52:26.505,okx,AAVE/USDT:USDT,296.78,32.9,296.77,66.1,296.79,0.4,296.8,9.0
1753591946605,04:52:26.605,okx,AAVE/USDT:USDT,296.78,163.2,296.77,77.2,296.79,0.4,296.8,9.0
1753591946705,04:52:26.705,okx,AAVE/USDT:USDT,296.78,69.2,296.77,77.2,296.79,0.4,296.8,9.0
1753591946805,04:52:26.805,okx,AAVE/USDT:USDT,296.78,44.0,296.77,77.2,296.79,0.4,296.8,9.0
1753591947005,04:52:27.005,okx,AAVE/USDT:USDT,296.78,45.4,296.77,77.2,296.79,0.4,296.8,9.0
1753591947105,04:52:27.105,okx,AAVE/USDT:USDT,296.78,45.4,296.77,77.2,296.79,0.4,296.8,9.0
1753591947605,04:52:27.605,okx,AAVE/USDT:USDT,296.78,171.1,296.77,77.2,296.79,0.4,296.8,9.0
1753591947705,04:52:27.705,okx,AAVE/USDT:USDT,296.78,171.1,296.77,77.2,296.79,0.4,296.8,9.0
1753591947805,04:52:27.805,okx,AAVE/USDT:USDT,296.78,171.3,296.77,77.2,296.79,0.4,296.8,9.0
1753591947905,04:52:27.905,okx,AAVE/USDT:USDT,296.78,171.3,296.77,77.2,296.79,0.4,296.8,9.0
1753591948205,04:52:28.205,okx,AAVE/USDT:USDT,296.78,171.5,296.77,77.2,296.79,0.4,296.8,9.0
1753591948305,04:52:28.305,okx,AAVE/USDT:USDT,296.78,34.6,296.77,66.1,296.79,7.2,296.8,8.7
1753591948505,04:52:28.505,okx,AAVE/USDT:USDT,296.78,53.7,296.77,77.2,296.79,7.4,296.8,8.7
1753591948705,04:52:28.705,okx,AAVE/USDT:USDT,296.78,45.7,296.77,77.2,296.79,0.4,296.8,8.7
1753591948905,04:52:28.905,okx,AAVE/USDT:USDT,296.78,165.3,296.77,76.8,296.79,0.4,296.8,8.7
1753591949105,04:52:29.105,okx,AAVE/USDT:USDT,296.78,46.1,296.77,76.8,296.79,0.4,296.8,8.7
1753591949305,04:52:29.305,okx,AAVE/USDT:USDT,296.78,35.0,296.77,65.7,296.79,0.6,296.8,8.7
1753591949405,04:52:29.405,okx,AAVE/USDT:USDT,296.78,30.8,296.77,65.7,296.79,107.0,296.8,8.7
1753591949505,04:52:29.505,okx,AAVE/USDT:USDT,296.78,19.7,296.77,65.7,296.79,29.4,296.8,8.7
1753591949605,04:52:29.605,okx,AAVE/USDT:USDT,296.78,150.6,296.77,76.4,296.79,7.8,296.8,8.7
1753591949705,04:52:29.705,okx,AAVE/USDT:USDT,296.78,33.4,296.77,76.4,296.79,7.8,296.8,8.7
1753591949905,04:52:29.905,okx,AAVE/USDT:USDT,296.78,20.1,296.77,65.3,296.79,11.0,296.8,8.7
1753591950005,04:52:30.005,okx,AAVE/USDT:USDT,296.78,13.8,296.77,41.9,296.79,35.6,296.8,17.1
1753591950105,04:52:30.105,okx,AAVE/USDT:USDT,296.78,15.1,296.77,41.9,296.79,35.6,296.8,9.4
1753591950805,04:52:30.805,okx,AAVE/USDT:USDT,296.78,15.1,296.77,41.9,296.79,25.5,296.8,8.7
1753591951505,04:52:31.505,okx,AAVE/USDT:USDT,296.78,38.2,296.77,41.9,296.79,7.4,296.8,9.4
1753591951605,04:52:31.605,okx,AAVE/USDT:USDT,296.78,38.2,296.77,41.9,296.79,7.5,296.8,8.7
1753591951705,04:52:31.705,okx,AAVE/USDT:USDT,296.78,38.2,296.77,53.0,296.79,7.5,296.8,8.7
1753591951805,04:52:31.805,okx,AAVE/USDT:USDT,296.78,38.2,296.77,53.0,296.79,7.5,296.8,8.7
1753591951905,04:52:31.905,okx,AAVE/USDT:USDT,296.78,38.2,296.77,53.0,296.79,7.5,296.8,8.7
1753591952105,04:52:32.105,okx,AAVE/USDT:USDT,296.78,149.6,296.77,53.0,296.79,0.4,296.8,0.5
1753591952505,04:52:32.505,okx,AAVE/USDT:USDT,296.78,30.1,296.77,41.9,296.79,0.4,296.8,8.7
1753591952705,04:52:32.705,okx,AAVE/USDT:USDT,296.78,23.3,296.77,41.9,296.79,7.2,296.8,9.4
1753591953105,04:52:33.105,okx,AAVE/USDT:USDT,296.78,26.9,296.77,41.9,296.79,0.4,296.8,8.7
1753591953205,04:52:33.205,okx,AAVE/USDT:USDT,296.78,26.9,296.77,41.9,296.79,0.4,296.8,8.6
1753591953705,04:52:33.705,okx,AAVE/USDT:USDT,296.78,77.1,296.77,41.9,296.79,0.4,296.8,8.6
1753591953805,04:52:33.805,okx,AAVE/USDT:USDT,296.78,77.1,296.77,41.9,296.79,0.4,296.8,8.6
1753591953905,04:52:33.905,okx,AAVE/USDT:USDT,296.78,77.1,296.77,41.9,296.79,0.4,296.8,8.6
1753591954005,04:52:34.005,okx,AAVE/USDT:USDT,296.78,77.1,296.77,41.9,296.79,0.4,296.8,8.6
1753591954305,04:52:34.305,okx,AAVE/USDT:USDT,296.78,77.1,296.77,41.9,296.79,0.4,296.8,8.6
1753591954605,04:52:34.605,okx,AAVE/USDT:USDT,296.78,77.1,296.77,41.9,296.79,0.4,296.8,8.6
1753591955105,04:52:35.105,okx,AAVE/USDT:USDT,296.78,73.5,296.77,41.9,296.79,18.6,296.8,9.3
1753591955405,04:52:35.405,okx,AAVE/USDT:USDT,296.74,34.4,296.73,6.9,296.75,219.7,296.76,28.8
1753591955505,04:52:35.505,okx,AAVE/USDT:USDT,296.74,34.6,296.73,0.1,296.75,213.4,296.76,28.8
1753591955605,04:52:35.605,okx,AAVE/USDT:USDT,296.74,21.8,296.73,0.1,296.75,169.4,296.76,28.6
1753591956005,04:52:36.005,okx,AAVE/USDT:USDT,296.74,28.7,296.73,4.8,296.75,1.6,296.76,15.0
1753591956305,04:52:36.305,okx,AAVE/USDT:USDT,296.74,7.1,296.73,4.8,296.75,30.0,296.76,15.0
1753591956405,04:52:36.405,okx,AAVE/USDT:USDT,296.74,28.1,296.73,4.8,296.75,29.8,296.76,15.7
1753591956505,04:52:36.505,okx,AAVE/USDT:USDT,296.74,7.1,296.73,4.8,296.75,29.8,296.76,15.0
1753591957205,04:52:37.205,okx,AAVE/USDT:USDT,296.74,27.5,296.73,4.8,296.75,30.0,296.76,15.0
1753591957505,04:52:37.505,okx,AAVE/USDT:USDT,296.74,6.1,296.73,4.9,296.75,91.5,296.76,15.7
1753591957605,04:52:37.605,okx,AAVE/USDT:USDT,296.74,6.1,296.73,4.9,296.75,29.8,296.76,15.7
1753591957805,04:52:37.805,okx,AAVE/USDT:USDT,296.74,6.1,296.73,4.9,296.75,30.0,296.76,15.0
1753591958005,04:52:38.005,okx,AAVE/USDT:USDT,296.74,2.5,296.73,4.9,296.75,109.1,296.76,15.7
1753591958105,04:52:38.105,okx,AAVE/USDT:USDT,296.74,1.9,296.73,4.9,296.75,109.1,296.76,15.7
1753591959405,04:52:39.405,okx,AAVE/USDT:USDT,296.74,34.7,296.73,12.7,296.75,1.5,296.76,15.0
1753591959605,04:52:39.605,okx,AAVE/USDT:USDT,296.74,34.7,296.73,12.7,296.75,1.5,296.76,15.0
1753591959705,04:52:39.705,okx,AAVE/USDT:USDT,296.74,139.8,296.73,18.2,296.75,1.5,296.77,0.4
1753591960005,04:52:40.005,okx,AAVE/USDT:USDT,296.72,149.7,296.71,37.3,296.73,0.1,296.74,8.2
1753591960605,04:52:40.605,okx,AAVE/USDT:USDT,296.72,30.3,296.71,36.6,296.73,0.1,296.74,8.2
1753591960705,04:52:40.705,okx,AAVE/USDT:USDT,296.72,15.0,296.71,12.1,296.73,0.1,296.74,8.2
1753591961205,04:52:41.205,okx,AAVE/USDT:USDT,296.72,147.5,296.71,36.6,296.73,0.1,296.74,8.2
1753591961605,04:52:41.605,okx,AAVE/USDT:USDT,296.72,0.1,296.71,0.1,296.73,14.0,296.74,12.9
1753591961805,04:52:41.805,okx,AAVE/USDT:USDT,296.72,0.1,296.71,0.1,296.73,14.0,296.74,12.9
1753591961905,04:52:41.905,okx,AAVE/USDT:USDT,296.72,0.1,296.71,0.1,296.73,14.0,296.74,12.9
1753591962105,04:52:42.105,okx,AAVE/USDT:USDT,296.72,7.1,296.71,0.1,296.73,14.3,296.74,12.9
1753591963705,04:52:43.705,okx,AAVE/USDT:USDT,296.72,180.2,296.71,51.1,296.73,0.4,296.75,9.4
1753591963905,04:52:43.905,okx,AAVE/USDT:USDT,296.72,180.2,296.71,51.1,296.73,0.4,296.75,9.4
1753591964005,04:52:44.005,okx,AAVE/USDT:USDT,296.72,180.2,296.71,51.1,296.73,0.4,296.75,9.4
1753591964105,04:52:44.105,okx,AAVE/USDT:USDT,296.72,180.2,296.71,51.1,296.73,0.4,296.75,9.4
1753591964205,04:52:44.205,okx,AAVE/USDT:USDT,296.72,165.1,296.71,0.1,296.73,0.4,296.75,9.4
1753591964305,04:52:44.305,okx,AAVE/USDT:USDT,296.72,165.1,296.71,24.6,296.73,1.5,296.75,9.4
1753591964505,04:52:44.505,okx,AAVE/USDT:USDT,296.72,165.1,296.71,24.6,296.73,1.5,296.75,9.4
1753591964705,04:52:44.705,okx,AAVE/USDT:USDT,296.72,165.1,296.71,24.6,296.73,1.5,296.75,9.4
1753591964805,04:52:44.805,okx,AAVE/USDT:USDT,296.72,165.1,296.71,48.4,296.73,1.5,296.75,9.4
1753591965005,04:52:45.005,okx,AAVE/USDT:USDT,296.72,165.4,296.71,48.4,296.73,1.5,296.75,9.4
1753591965405,04:52:45.405,okx,AAVE/USDT:USDT,296.72,165.4,296.71,24.6,296.73,1.5,296.75,9.4
1753591965605,04:52:45.605,okx,AAVE/USDT:USDT,296.72,165.9,296.71,24.6,296.73,1.5,296.75,9.4
1753591965905,04:52:45.905,okx,AAVE/USDT:USDT,296.72,165.9,296.71,48.4,296.73,1.5,296.75,9.4
1753591966005,04:52:46.005,okx,AAVE/USDT:USDT,296.72,165.9,296.71,48.4,296.73,1.5,296.75,9.4
1753591966205,04:52:46.205,okx,AAVE/USDT:USDT,296.75,220.5,296.74,61.8,296.76,0.2,296.77,7.8
1753591966405,04:52:46.405,okx,AAVE/USDT:USDT,296.75,239.7,296.74,62.5,296.76,0.2,296.77,7.8
1753591967205,04:52:47.205,okx,AAVE/USDT:USDT,296.81,138.0,296.8,28.8,296.82,14.7,296.83,12.0
1753591967905,04:52:47.905,okx,AAVE/USDT:USDT,296.81,141.4,296.8,28.8,296.82,14.9,296.83,12.0
1753591968405,04:52:48.405,okx,AAVE/USDT:USDT,296.81,141.2,296.8,44.3,296.82,1.8,296.84,12.6
1753591968805,04:52:48.805,okx,AAVE/USDT:USDT,296.81,141.2,296.8,28.8,296.82,2.0,296.84,12.6
1753591969005,04:52:49.005,okx,AAVE/USDT:USDT,296.81,157.7,296.8,53.3,296.82,2.0,296.84,12.6
1753591969505,04:52:49.505,okx,AAVE/USDT:USDT,296.81,141.2,296.8,28.8,296.82,8.8,296.84,12.6
1753591969605,04:52:49.605,okx,AAVE/USDT:USDT,296.81,3.3,296.8,28.8,296.82,26.1,296.84,12.6
1753591969705,04:52:49.705,okx,AAVE/USDT:USDT,296.81,6.5,296.8,28.8,296.82,26.3,296.84,12.6
1753591969805,04:52:49.805,okx,AAVE/USDT:USDT,296.81,6.5,296.8,28.8,296.82,26.3,296.84,12.6
1753591970005,04:52:50.005,okx,AAVE/USDT:USDT,296.81,6.8,296.8,28.8,296.82,26.3,296.84,12.6
1753591970405,04:52:50.405,okx,AAVE/USDT:USDT,296.81,122.8,296.8,28.8,296.82,19.3,296.84,12.6
1753591970505,04:52:50.505,okx,AAVE/USDT:USDT,296.81,141.5,296.8,28.8,296.82,19.3,296.84,12.6
1753591970605,04:52:50.605,okx,AAVE/USDT:USDT,296.81,37.7,296.8,28.8,296.82,19.3,296.84,12.6
1753591970705,04:52:50.705,okx,AAVE/USDT:USDT,296.81,19.0,296.8,28.8,296.82,19.3,296.84,12.6
1753591970805,04:52:50.805,okx,AAVE/USDT:USDT,296.81,4.2,296.8,28.8,296.82,33.9,296.84,12.6
1753591970905,04:52:50.905,okx,AAVE/USDT:USDT,296.81,10.8,296.8,14.8,296.82,27.1,296.84,37.1
1753591971105,04:52:51.105,okx,AAVE/USDT:USDT,296.81,4.2,296.8,14.8,296.82,33.9,296.84,36.2
1753591971305,04:52:51.305,okx,AAVE/USDT:USDT,296.81,4.2,296.8,14.8,296.82,34.2,296.83,5.6
1753591971405,04:52:51.405,okx,AAVE/USDT:USDT,296.81,4.2,296.8,14.8,296.82,34.2,296.83,5.6
1753591971505,04:52:51.505,okx,AAVE/USDT:USDT,296.81,4.2,296.8,14.8,296.82,34.2,296.83,4.7
1753591971605,04:52:51.605,okx,AAVE/USDT:USDT,296.81,4.2,296.8,14.8,296.82,34.2,296.83,4.7
1753591971705,04:52:51.705,okx,AAVE/USDT:USDT,296.81,4.2,296.8,14.8,296.82,34.2,296.83,4.7
1753591971905,04:52:51.905,okx,AAVE/USDT:USDT,296.81,4.2,296.8,14.8,296.82,34.2,296.83,4.7
