timestamp,time,exchange,symbol,bid1_price,bid1_volume,bid2_price,bid2_volume,ask1_price,ask1_volume,ask2_price,ask2_volume
1753591897405,04:51:37.405,okx,AAVE/USDT:USDT,296.57,23.5,296.56,0.2,296.58,41.0,296.6,13.4
1753591897905,04:51:37.905,okx,AAVE/USDT:USDT,296.57,24.0,296.56,0.2,296.58,41.0,296.6,13.4
1753591898205,04:51:38.205,okx,AAVE/USDT:USDT,296.57,24.0,296.56,0.2,296.58,41.0,296.6,13.4
1753591898305,04:51:38.305,okx,AAVE/USDT:USDT,296.57,24.0,296.56,0.2,296.58,41.0,296.6,13.5
1753591898605,04:51:38.605,okx,AAVE/USDT:USDT,296.57,41.2,296.56,10.6,296.58,41.0,296.6,13.5
1753591898705,04:51:38.705,okx,AAVE/USDT:USDT,296.57,41.2,296.56,10.6,296.58,41.0,296.6,13.5
1753591898805,04:51:38.805,okx,AAVE/USDT:USDT,296.57,41.2,296.56,10.6,296.58,41.0,296.6,13.5
1753591899205,04:51:39.205,okx,AAVE/USDT:USDT,296.57,41.2,296.56,10.6,296.58,41.0,296.6,13.5
1753591899705,04:51:39.705,okx,AAVE/USDT:USDT,296.59,196.3,296.58,42.0,296.6,4.3,296.61,0.4
1753591899805,04:51:39.805,okx,AAVE/USDT:USDT,296.59,216.4,296.58,42.0,296.6,4.5,296.61,0.4
1753591899905,04:51:39.905,okx,AAVE/USDT:USDT,296.59,216.4,296.58,42.0,296.6,4.5,296.61,0.4
1753591900005,04:51:40.005,okx,AAVE/USDT:USDT,296.59,205.7,296.58,42.0,296.6,4.5,296.61,0.4
1753591900205,04:51:40.205,okx,AAVE/USDT:USDT,296.59,205.0,296.58,30.6,296.6,4.4,296.61,0.4
1753591900305,04:51:40.305,okx,AAVE/USDT:USDT,296.59,216.0,296.58,62.8,296.6,1.4,296.61,0.4
1753591900505,04:51:40.505,okx,AAVE/USDT:USDT,296.59,205.0,296.58,41.6,296.6,23.3,296.61,0.1
1753591900605,04:51:40.605,okx,AAVE/USDT:USDT,296.59,216.0,296.58,41.6,296.6,1.9,296.61,0.1
1753591900705,04:51:40.705,okx,AAVE/USDT:USDT,296.59,216.0,296.58,41.6,296.6,1.9,296.61,0.1
1753591901605,04:51:41.605,okx,AAVE/USDT:USDT,296.59,205.8,296.58,30.6,296.6,63.7,296.61,0.1
1753591902005,04:51:42.005,okx,AAVE/USDT:USDT,296.59,216.8,296.58,41.6,296.6,63.7,296.61,0.1
1753591902105,04:51:42.105,okx,AAVE/USDT:USDT,296.59,216.8,296.58,41.6,296.6,63.7,296.61,0.1
1753591902205,04:51:42.205,okx,AAVE/USDT:USDT,296.59,216.8,296.58,41.6,296.6,63.7,296.61,0.1
1753591902305,04:51:42.305,okx,AAVE/USDT:USDT,296.59,185.7,296.58,30.6,296.6,63.7,296.61,0.1
1753591902405,04:51:42.405,okx,AAVE/USDT:USDT,296.59,185.7,296.58,41.6,296.6,63.7,296.61,0.1
1753591902505,04:51:42.505,okx,AAVE/USDT:USDT,296.59,185.7,296.58,41.6,296.6,63.7,296.61,0.1
1753591903105,04:51:43.105,okx,AAVE/USDT:USDT,296.59,86.6,296.58,41.6,296.6,63.7,296.61,0.1
1753591903505,04:51:43.505,okx,AAVE/USDT:USDT,296.59,225.8,296.58,42.3,296.6,63.7,296.61,0.1
1753591903705,04:51:43.705,okx,AAVE/USDT:USDT,296.59,225.8,296.58,41.6,296.6,63.7,296.61,0.1
1753591903805,04:51:43.805,okx,AAVE/USDT:USDT,296.62,207.0,296.61,50.0,296.63,0.1,296.64,1.9
1753591903905,04:51:43.905,okx,AAVE/USDT:USDT,296.62,203.0,296.61,12.0,296.63,1.0,296.64,1.9
1753591904005,04:51:44.005,okx,AAVE/USDT:USDT,296.62,223.7,296.61,12.0,296.63,0.9,296.64,1.9
1753591904105,04:51:44.105,okx,AAVE/USDT:USDT,296.62,223.7,296.61,12.0,296.63,0.9,296.64,1.9
1753591904305,04:51:44.305,okx,AAVE/USDT:USDT,296.62,223.7,296.61,12.0,296.63,0.9,296.64,1.9
1753591904405,04:51:44.405,okx,AAVE/USDT:USDT,296.62,104.3,296.61,12.0,296.63,0.9,296.64,1.9
1753591904705,04:51:44.705,okx,AAVE/USDT:USDT,296.62,224.2,296.61,12.0,296.63,0.9,296.64,1.9
1753591904805,04:51:44.805,okx,AAVE/USDT:USDT,296.62,224.2,296.61,12.0,296.63,0.9,296.64,1.9
1753591905005,04:51:45.005,okx,AAVE/USDT:USDT,296.62,224.0,296.61,12.0,296.63,0.9,296.64,1.9
1753591905405,04:51:45.405,okx,AAVE/USDT:USDT,296.62,193.0,296.61,11.7,296.63,1.0,296.64,0.2
1753591905605,04:51:45.605,okx,AAVE/USDT:USDT,296.62,193.0,296.61,11.7,296.63,1.0,296.64,0.2
1753591906005,04:51:46.005,okx,AAVE/USDT:USDT,296.62,193.6,296.61,11.7,296.63,1.0,296.64,0.2
1753591906105,04:51:46.105,okx,AAVE/USDT:USDT,296.62,193.6,296.61,11.7,296.63,1.0,296.64,0.2
1753591906205,04:51:46.205,okx,AAVE/USDT:USDT,296.62,195.2,296.61,11.7,296.63,0.8,296.64,0.2
1753591906405,04:51:46.405,okx,AAVE/USDT:USDT,296.62,195.2,296.61,11.7,296.63,0.8,296.64,0.2
1753591906605,04:51:46.605,okx,AAVE/USDT:USDT,296.62,195.2,296.61,11.7,296.63,0.8,296.64,0.2
1753591906905,04:51:46.905,okx,AAVE/USDT:USDT,296.62,195.2,296.61,11.7,296.63,0.8,296.64,0.2
1753591907005,04:51:47.005,okx,AAVE/USDT:USDT,296.62,195.2,296.61,11.7,296.63,0.8,296.64,0.2
1753591907205,04:51:47.205,okx,AAVE/USDT:USDT,296.62,195.2,296.61,11.7,296.63,0.8,296.64,0.2
1753591907405,04:51:47.405,okx,AAVE/USDT:USDT,296.62,195.2,296.61,11.7,296.63,0.8,296.64,0.2
1753591907705,04:51:47.705,okx,AAVE/USDT:USDT,296.62,195.7,296.61,11.7,296.63,0.8,296.64,0.2
1753591908005,04:51:48.005,okx,AAVE/USDT:USDT,296.62,197.9,296.61,11.7,296.63,0.8,296.64,0.2
1753591908305,04:51:48.305,okx,AAVE/USDT:USDT,296.62,216.0,296.61,11.7,296.63,0.8,296.64,0.2
1753591908505,04:51:48.505,okx,AAVE/USDT:USDT,296.62,216.0,296.61,11.7,296.63,0.8,296.64,0.2
1753591908905,04:51:48.905,okx,AAVE/USDT:USDT,296.62,216.0,296.61,11.7,296.63,0.8,296.64,0.2
1753591909005,04:51:49.005,okx,AAVE/USDT:USDT,296.62,216.0,296.61,11.7,296.63,0.8,296.64,0.2
1753591909205,04:51:49.205,okx,AAVE/USDT:USDT,296.62,216.0,296.61,11.7,296.63,0.8,296.64,0.2
1753591909305,04:51:49.305,okx,AAVE/USDT:USDT,296.62,216.0,296.61,11.7,296.63,0.8,296.64,0.2
1753591909605,04:51:49.605,okx,AAVE/USDT:USDT,296.62,216.0,296.61,11.7,296.63,0.8,296.64,0.2
1753591909705,04:51:49.705,okx,AAVE/USDT:USDT,296.62,216.0,296.61,11.7,296.63,0.8,296.64,0.2
1753591909905,04:51:49.905,okx,AAVE/USDT:USDT,296.62,216.0,296.61,11.7,296.63,0.8,296.64,0.2
1753591910005,04:51:50.005,okx,AAVE/USDT:USDT,296.62,216.0,296.61,11.7,296.63,0.8,296.64,0.2
1753591910105,04:51:50.105,okx,AAVE/USDT:USDT,296.62,216.0,296.61,11.7,296.63,0.8,296.64,0.2
1753591910205,04:51:50.205,okx,AAVE/USDT:USDT,296.62,212.5,296.61,11.7,296.63,0.8,296.64,0.2
1753591910405,04:51:50.405,okx,AAVE/USDT:USDT,296.62,212.5,296.61,11.7,296.63,0.8,296.64,0.2
1753591910505,04:51:50.505,okx,AAVE/USDT:USDT,296.62,200.9,296.61,11.7,296.63,0.8,296.64,0.2
1753591910805,04:51:50.805,okx,AAVE/USDT:USDT,296.62,212.2,296.61,11.7,296.63,0.8,296.64,0.2
1753591910905,04:51:50.905,okx,AAVE/USDT:USDT,296.62,212.2,296.61,11.7,296.63,0.8,296.64,0.2
1753591911205,04:51:51.205,okx,AAVE/USDT:USDT,296.62,212.2,296.61,11.7,296.63,0.8,296.64,0.2
1753591911305,04:51:51.305,okx,AAVE/USDT:USDT,296.62,200.9,296.61,0.1,296.63,0.8,296.64,0.2
1753591911405,04:51:51.405,okx,AAVE/USDT:USDT,296.62,212.3,296.61,11.4,296.63,0.8,296.64,0.2
1753591911505,04:51:51.505,okx,AAVE/USDT:USDT,296.62,212.5,296.61,11.4,296.63,0.8,296.64,0.2
1753591911805,04:51:51.805,okx,AAVE/USDT:USDT,296.62,20.6,296.61,0.1,296.63,19.6,296.64,9.1
1753591911905,04:51:51.905,okx,AAVE/USDT:USDT,296.62,38.5,296.61,11.4,296.63,0.8,296.64,8.4
1753591912005,04:51:52.005,okx,AAVE/USDT:USDT,296.62,122.5,296.61,11.4,296.63,0.8,296.64,0.2
1753591912205,04:51:52.205,okx,AAVE/USDT:USDT,296.62,141.8,296.61,16.1,296.63,0.8,296.64,0.2
1753591912305,04:51:52.305,okx,AAVE/USDT:USDT,296.62,141.8,296.61,16.1,296.63,0.8,296.64,0.2
1753591912705,04:51:52.705,okx,AAVE/USDT:USDT,296.62,141.8,296.61,16.1,296.63,0.8,296.64,0.2
1753591912805,04:51:52.805,okx,AAVE/USDT:USDT,296.62,141.8,296.61,16.1,296.63,0.8,296.64,0.2
1753591912905,04:51:52.905,okx,AAVE/USDT:USDT,296.62,141.8,296.61,16.1,296.63,0.8,296.64,0.2
1753591913005,04:51:53.005,okx,AAVE/USDT:USDT,296.63,208.9,296.62,36.3,296.64,1.5,296.65,25.2
1753591913205,04:51:53.205,okx,AAVE/USDT:USDT,296.63,98.1,296.62,36.3,296.64,1.7,296.65,25.2
1753591913305,04:51:53.305,okx,AAVE/USDT:USDT,296.63,69.7,296.62,25.0,296.64,1.7,296.65,25.2
1753591913505,04:51:53.505,okx,AAVE/USDT:USDT,296.63,94.9,296.62,21.2,296.64,1.7,296.65,25.2
1753591913605,04:51:53.605,okx,AAVE/USDT:USDT,296.63,214.5,296.62,21.2,296.64,1.7,296.65,25.2
1753591913805,04:51:53.805,okx,AAVE/USDT:USDT,296.63,95.1,296.62,21.2,296.64,1.7,296.65,25.2
1753591913905,04:51:53.905,okx,AAVE/USDT:USDT,296.63,214.5,296.62,21.2,296.64,1.7,296.65,25.2
1753591914105,04:51:54.105,okx,AAVE/USDT:USDT,296.63,95.1,296.62,21.2,296.64,1.7,296.65,25.2
1753591914305,04:51:54.305,okx,AAVE/USDT:USDT,296.63,214.5,296.62,21.2,296.64,1.7,296.65,25.2
1753591914505,04:51:54.505,okx,AAVE/USDT:USDT,296.63,214.9,296.62,21.2,296.64,1.7,296.65,25.2
1753591914605,04:51:54.605,okx,AAVE/USDT:USDT,296.63,95.5,296.62,21.2,296.64,1.7,296.65,25.2
1753591914705,04:51:54.705,okx,AAVE/USDT:USDT,296.63,214.9,296.62,20.7,296.64,1.1,296.65,25.2
1753591914805,04:51:54.805,okx,AAVE/USDT:USDT,296.63,64.7,296.62,20.4,296.64,1.1,296.65,25.2
1753591915005,04:51:55.005,okx,AAVE/USDT:USDT,296.63,74.0,296.62,20.4,296.64,1.1,296.65,25.2
1753591915205,04:51:55.205,okx,AAVE/USDT:USDT,296.63,74.0,296.62,20.4,296.64,1.1,296.65,25.2
1753591915605,04:51:55.605,okx,AAVE/USDT:USDT,296.63,73.8,296.62,20.4,296.64,1.1,296.65,25.2
1753591916305,04:51:56.305,okx,AAVE/USDT:USDT,296.63,222.7,296.62,19.8,296.64,0.3,296.65,25.2
1753591916405,04:51:56.405,okx,AAVE/USDT:USDT,296.64,168.7,296.63,83.0,296.65,18.2,296.66,0.1
1753591916505,04:51:56.505,okx,AAVE/USDT:USDT,296.64,151.7,296.63,83.3,296.65,18.9,296.66,0.1
1753591916605,04:51:56.605,okx,AAVE/USDT:USDT,296.64,151.7,296.63,83.3,296.65,18.9,296.66,0.1
1753591916705,04:51:56.705,okx,AAVE/USDT:USDT,296.64,151.7,296.63,83.3,296.65,18.9,296.66,0.1
1753591916805,04:51:56.805,okx,AAVE/USDT:USDT,296.64,151.7,296.63,83.3,296.65,18.9,296.66,0.1
1753591916905,04:51:56.905,okx,AAVE/USDT:USDT,296.64,151.7,296.63,83.3,296.65,18.9,296.66,0.1
1753591917105,04:51:57.105,okx,AAVE/USDT:USDT,296.64,170.3,296.63,83.3,296.65,18.9,296.66,0.1
1753591917305,04:51:57.305,okx,AAVE/USDT:USDT,296.64,32.3,296.63,83.3,296.65,18.9,296.66,0.1
1753591917505,04:51:57.505,okx,AAVE/USDT:USDT,296.64,56.7,296.63,58.3,296.65,18.9,296.66,0.1
1753591917905,04:51:57.905,okx,AAVE/USDT:USDT,296.64,195.3,296.63,58.3,296.65,18.9,296.66,0.1
1753591918205,04:51:58.205,okx,AAVE/USDT:USDT,296.64,75.9,296.63,58.3,296.65,18.9,296.66,0.1
1753591918505,04:51:58.505,okx,AAVE/USDT:USDT,296.64,57.4,296.63,58.3,296.65,18.9,296.66,0.1
1753591918905,04:51:58.905,okx,AAVE/USDT:USDT,296.64,47.1,296.63,58.3,296.65,18.9,296.66,0.1
1753591919005,04:51:59.005,okx,AAVE/USDT:USDT,296.64,169.7,296.63,58.3,296.65,18.9,296.66,0.1
1753591919305,04:51:59.305,okx,AAVE/USDT:USDT,296.64,57.4,296.63,58.3,296.65,18.9,296.66,0.1
1753591919405,04:51:59.405,okx,AAVE/USDT:USDT,296.64,57.9,296.63,58.3,296.65,18.9,296.66,0.1
1753591919505,04:51:59.505,okx,AAVE/USDT:USDT,296.64,177.5,296.63,57.9,296.65,18.9,296.66,0.1
1753591919605,04:51:59.605,okx,AAVE/USDT:USDT,296.64,58.3,296.63,57.9,296.65,18.9,296.66,0.1
1753591919705,04:51:59.705,okx,AAVE/USDT:USDT,296.64,58.3,296.63,57.9,296.65,18.9,296.66,0.1
1753591920405,04:52:00.405,okx,AAVE/USDT:USDT,296.64,59.3,296.63,57.9,296.65,18.9,296.66,8.3
1753591920805,04:52:00.805,okx,AAVE/USDT:USDT,296.64,59.5,296.63,57.5,296.65,18.9,296.66,8.3
1753591921005,04:52:01.005,okx,AAVE/USDT:USDT,296.64,59.5,296.63,57.5,296.65,18.9,296.66,8.3
1753591921305,04:52:01.305,okx,AAVE/USDT:USDT,296.64,59.6,296.63,57.5,296.65,19.1,296.66,8.3
1753591921405,04:52:01.405,okx,AAVE/USDT:USDT,296.64,196.1,296.63,57.5,296.65,19.1,296.66,8.3
1753591921705,04:52:01.705,okx,AAVE/USDT:USDT,296.69,177.2,296.68,11.4,296.7,1.2,296.71,79.3
1753591921805,04:52:01.805,okx,AAVE/USDT:USDT,296.72,26.6,296.71,16.9,296.73,3.6,296.74,41.0
1753591922005,04:52:02.005,okx,AAVE/USDT:USDT,296.72,114.9,296.71,27.4,296.73,3.8,296.74,8.7
1753591922505,04:52:02.505,okx,AAVE/USDT:USDT,296.69,0.8,296.68,1.2,296.7,205.2,296.71,12.5
1753591922705,04:52:02.705,okx,AAVE/USDT:USDT,296.69,1.0,296.68,1.2,296.7,97.7,296.71,7.8
1753591922805,04:52:02.805,okx,AAVE/USDT:USDT,296.69,1.0,296.68,1.2,296.7,97.7,296.71,7.8
1753591922905,04:52:02.905,okx,AAVE/USDT:USDT,296.69,1.0,296.68,1.2,296.7,192.2,296.71,0.1
1753591923005,04:52:03.005,okx,AAVE/USDT:USDT,296.69,22.2,296.68,1.2,296.7,21.8,296.71,0.1
1753591923105,04:52:03.105,okx,AAVE/USDT:USDT,296.69,22.2,296.68,1.2,296.7,28.6,296.71,0.1
1753591923205,04:52:03.205,okx,AAVE/USDT:USDT,296.69,22.2,296.68,1.2,296.7,28.6,296.71,0.1
1753591923605,04:52:03.605,okx,AAVE/USDT:USDT,296.69,34.4,296.68,1.2,296.7,167.2,296.71,0.1
1753591923805,04:52:03.805,okx,AAVE/USDT:USDT,296.69,34.4,296.68,1.2,296.7,28.6,296.71,0.1
1753591923905,04:52:03.905,okx,AAVE/USDT:USDT,296.69,34.4,296.68,1.2,296.7,9.8,296.71,0.1
1753591924105,04:52:04.105,okx,AAVE/USDT:USDT,296.69,34.4,296.68,1.2,296.7,9.8,296.71,0.1
1753591924405,04:52:04.405,okx,AAVE/USDT:USDT,296.69,72.0,296.68,17.6,296.7,0.5,296.71,0.1
1753591924605,04:52:04.605,okx,AAVE/USDT:USDT,296.69,90.9,296.68,17.6,296.7,0.5,296.71,0.1
1753591924805,04:52:04.805,okx,AAVE/USDT:USDT,296.69,148.0,296.68,17.6,296.7,0.5,296.71,0.1
1753591925405,04:52:05.405,okx,AAVE/USDT:USDT,296.69,90.9,296.68,12.8,296.7,0.5,296.71,0.1
1753591925805,04:52:05.805,okx,AAVE/USDT:USDT,296.69,210.5,296.68,12.8,296.7,0.5,296.71,0.1
1753591926705,04:52:06.705,okx,AAVE/USDT:USDT,296.69,93.5,296.68,12.8,296.7,0.7,296.71,0.1
1753591927105,04:52:07.105,okx,AAVE/USDT:USDT,296.73,38.9,296.72,8.2,296.74,36.0,296.75,9.7
1753591927205,04:52:07.205,okx,AAVE/USDT:USDT,296.73,38.9,296.72,8.2,296.74,36.0,296.75,9.7
1753591927305,04:52:07.305,okx,AAVE/USDT:USDT,296.73,38.9,296.72,8.2,296.74,36.0,296.75,9.7
1753591927805,04:52:07.805,okx,AAVE/USDT:USDT,296.73,39.0,296.72,8.2,296.74,36.0,296.75,0.1
1753591927905,04:52:07.905,okx,AAVE/USDT:USDT,296.73,39.0,296.72,8.2,296.74,36.0,296.75,0.1
1753591928005,04:52:08.005,okx,AAVE/USDT:USDT,296.73,39.0,296.72,20.6,296.74,36.0,296.75,0.1
1753591928105,04:52:08.105,okx,AAVE/USDT:USDT,296.73,39.0,296.72,8.2,296.74,29.2,296.75,0.1
1753591928305,04:52:08.305,okx,AAVE/USDT:USDT,296.73,75.0,296.72,20.6,296.74,29.7,296.75,0.1
1753591928405,04:52:08.405,okx,AAVE/USDT:USDT,296.73,87.4,296.72,20.6,296.74,29.7,296.75,0.1
1753591928505,04:52:08.505,okx,AAVE/USDT:USDT,296.73,39.3,296.72,20.6,296.74,29.7,296.75,0.1
1753591928605,04:52:08.605,okx,AAVE/USDT:USDT,296.73,70.3,296.72,20.6,296.74,29.7,296.75,0.1
1753591928805,04:52:08.805,okx,AAVE/USDT:USDT,296.73,70.3,296.72,20.6,296.74,29.7,296.75,0.1
1753591929005,04:52:09.005,okx,AAVE/USDT:USDT,296.73,208.1,296.72,20.6,296.74,3.4,296.75,0.1
1753591929205,04:52:09.205,okx,AAVE/USDT:USDT,296.73,88.7,296.72,20.6,296.74,3.4,296.75,0.1
1753591929405,04:52:09.405,okx,AAVE/USDT:USDT,296.73,41.2,296.72,8.2,296.74,4.7,296.75,0.1
1753591929705,04:52:09.705,okx,AAVE/USDT:USDT,296.73,42.1,296.72,8.2,296.74,3.4,296.75,0.1
1753591929905,04:52:09.905,okx,AAVE/USDT:USDT,296.73,41.7,296.72,20.3,296.74,12.5,296.75,0.1
1753591930005,04:52:10.005,okx,AAVE/USDT:USDT,296.73,41.7,296.72,8.2,296.74,12.5,296.75,0.1
1753591930105,04:52:10.105,okx,AAVE/USDT:USDT,296.73,41.7,296.72,8.2,296.74,12.5,296.75,7.8
1753591930205,04:52:10.205,okx,AAVE/USDT:USDT,296.73,41.7,296.72,8.2,296.74,12.5,296.75,7.8
1753591930505,04:52:10.505,okx,AAVE/USDT:USDT,296.73,41.7,296.72,20.0,296.74,11.4,296.75,0.1
1753591930805,04:52:10.805,okx,AAVE/USDT:USDT,296.73,53.5,296.72,20.0,296.74,11.4,296.75,0.1
1753591930905,04:52:10.905,okx,AAVE/USDT:USDT,296.73,53.3,296.72,20.0,296.74,11.4,296.75,0.1
1753591931005,04:52:11.005,okx,AAVE/USDT:USDT,296.73,56.1,296.72,20.0,296.74,11.4,296.75,0.1
1753591931305,04:52:11.305,okx,AAVE/USDT:USDT,296.73,192.0,296.72,20.0,296.74,3.2,296.75,0.1
1753591931405,04:52:11.405,okx,AAVE/USDT:USDT,296.73,190.3,296.72,20.0,296.74,3.3,296.75,0.1
1753591931605,04:52:11.605,okx,AAVE/USDT:USDT,296.73,42.8,296.72,8.2,296.74,12.7,296.75,0.1
1753591931705,04:52:11.705,okx,AAVE/USDT:USDT,296.73,42.8,296.72,8.2,296.74,12.7,296.75,0.1
1753591932005,04:52:12.005,okx,AAVE/USDT:USDT,296.73,44.2,296.72,8.2,296.74,28.9,296.75,8.5
1753591932105,04:52:12.105,okx,AAVE/USDT:USDT,296.73,44.2,296.72,8.2,296.74,28.9,296.75,8.5
1753591932305,04:52:12.305,okx,AAVE/USDT:USDT,296.73,77.3,296.72,8.2,296.74,28.2,296.75,0.1
1753591932805,04:52:12.805,okx,AAVE/USDT:USDT,296.73,77.3,296.72,8.2,296.74,28.7,296.75,8.5
1753591933105,04:52:13.105,okx,AAVE/USDT:USDT,296.73,77.3,296.72,8.2,296.74,52.9,296.75,8.5
1753591933205,04:52:13.205,okx,AAVE/USDT:USDT,296.73,77.3,296.72,8.2,296.74,45.2,296.75,8.5
1753591933405,04:52:13.405,okx,AAVE/USDT:USDT,296.73,77.3,296.72,8.2,296.74,45.2,296.75,8.5
1753591933705,04:52:13.705,okx,AAVE/USDT:USDT,296.73,77.3,296.72,8.2,296.74,13.2,296.75,0.1
1753591933805,04:52:13.805,okx,AAVE/USDT:USDT,296.73,77.3,296.72,8.2,296.74,13.2,296.75,0.1
1753591933905,04:52:13.905,okx,AAVE/USDT:USDT,296.73,77.3,296.72,8.2,296.74,13.2,296.75,0.1
1753591934005,04:52:14.005,okx,AAVE/USDT:USDT,296.73,38.7,296.72,8.2,296.74,13.2,296.75,0.1
1753591934105,04:52:14.105,okx,AAVE/USDT:USDT,296.73,38.7,296.72,8.2,296.74,13.2,296.75,0.1
1753591934305,04:52:14.305,okx,AAVE/USDT:USDT,296.73,36.3,296.72,8.2,296.74,13.2,296.75,0.1
1753591934405,04:52:14.405,okx,AAVE/USDT:USDT,296.73,36.3,296.72,8.2,296.74,13.7,296.75,0.1
1753591934505,04:52:14.505,okx,AAVE/USDT:USDT,296.73,36.3,296.72,8.2,296.74,13.7,296.75,0.1
1753591934905,04:52:14.905,okx,AAVE/USDT:USDT,296.73,85.1,296.72,20.0,296.74,4.2,296.75,0.1
1753591935205,04:52:15.205,okx,AAVE/USDT:USDT,296.73,85.1,296.72,20.0,296.74,0.8,296.75,0.1
1753591935405,04:52:15.405,okx,AAVE/USDT:USDT,296.73,60.6,296.72,8.2,296.74,7.2,296.75,0.1
1753591935605,04:52:15.605,okx,AAVE/USDT:USDT,296.73,161.1,296.72,20.0,296.74,7.2,296.75,0.1
1753591935705,04:52:15.705,okx,AAVE/USDT:USDT,296.73,192.0,296.72,20.0,296.74,7.2,296.75,0.1
1753591935805,04:52:15.805,okx,AAVE/USDT:USDT,296.73,192.0,296.72,20.0,296.74,7.2,296.75,0.1
1753591936105,04:52:16.105,okx,AAVE/USDT:USDT,296.73,192.0,296.72,20.0,296.74,7.2,296.75,0.1
1753591936205,04:52:16.205,okx,AAVE/USDT:USDT,296.73,192.0,296.72,20.0,296.74,7.2,296.75,0.1
1753591936605,04:52:16.605,okx,AAVE/USDT:USDT,296.73,192.0,296.72,20.0,296.74,7.2,296.75,0.1
1753591936705,04:52:16.705,okx,AAVE/USDT:USDT,296.73,192.0,296.72,20.0,296.74,7.2,296.75,0.1
1753591937005,04:52:17.005,okx,AAVE/USDT:USDT,296.73,192.0,296.72,20.0,296.74,7.2,296.75,0.1
1753591937205,04:52:17.205,okx,AAVE/USDT:USDT,296.73,192.2,296.72,20.0,296.74,7.2,296.75,0.1
1753591937305,04:52:17.305,okx,AAVE/USDT:USDT,296.73,179.8,296.72,20.0,296.74,7.2,296.75,0.1
1753591937405,04:52:17.405,okx,AAVE/USDT:USDT,296.73,60.2,296.72,8.2,296.74,7.2,296.75,0.1
1753591937605,04:52:17.605,okx,AAVE/USDT:USDT,296.73,60.4,296.72,8.2,296.74,7.2,296.75,0.1
1753591937705,04:52:17.705,okx,AAVE/USDT:USDT,296.73,60.4,296.72,8.2,296.74,7.2,296.75,0.1
1753591937805,04:52:17.805,okx,AAVE/USDT:USDT,296.73,191.4,296.72,20.0,296.74,7.2,296.75,0.1
1753591937905,04:52:17.905,okx,AAVE/USDT:USDT,296.73,191.6,296.72,20.0,296.74,7.2,296.75,0.1
1753591938105,04:52:18.105,okx,AAVE/USDT:USDT,296.73,191.8,296.72,20.0,296.74,7.2,296.75,0.1
1753591938205,04:52:18.205,okx,AAVE/USDT:USDT,296.73,191.8,296.72,20.0,296.74,7.2,296.75,0.1
1753591938805,04:52:18.805,okx,AAVE/USDT:USDT,296.73,191.8,296.72,20.0,296.74,7.2,296.75,0.1
1753591939005,04:52:19.005,okx,AAVE/USDT:USDT,296.73,191.8,296.72,20.0,296.74,7.2,296.75,0.1
1753591939405,04:52:19.405,okx,AAVE/USDT:USDT,296.73,191.9,296.72,20.0,296.74,7.2,296.75,0.1
1753591939505,04:52:19.505,okx,AAVE/USDT:USDT,296.73,191.9,296.72,20.0,296.74,7.2,296.75,0.1
1753591939705,04:52:19.705,okx,AAVE/USDT:USDT,296.73,191.9,296.72,20.0,296.74,7.2,296.75,0.1
1753591939905,04:52:19.905,okx,AAVE/USDT:USDT,296.73,174.2,296.72,20.0,296.74,15.4,296.75,0.1
1753591940005,04:52:20.005,okx,AAVE/USDT:USDT,296.73,54.8,296.72,20.0,296.74,15.4,296.75,0.1
1753591940205,04:52:20.205,okx,AAVE/USDT:USDT,296.73,174.4,296.72,20.0,296.74,15.4,296.75,0.1
1753591940505,04:52:20.505,okx,AAVE/USDT:USDT,296.73,193.4,296.72,20.0,296.74,15.3,296.75,0.1
1753591940605,04:52:20.605,okx,AAVE/USDT:USDT,296.73,193.4,296.72,20.0,296.74,7.1,296.75,0.1
1753591941105,04:52:21.105,okx,AAVE/USDT:USDT,296.73,193.4,296.72,20.0,296.74,7.1,296.75,0.1
1753591941305,04:52:21.305,okx,AAVE/USDT:USDT,296.73,193.5,296.72,20.0,296.74,16.0,296.75,0.1
1753591941505,04:52:21.505,okx,AAVE/USDT:USDT,296.73,193.5,296.72,20.0,296.74,16.0,296.75,0.1
1753591941605,04:52:21.605,okx,AAVE/USDT:USDT,296.73,43.3,296.72,20.0,296.74,16.0,296.75,0.1
1753591942005,04:52:22.005,okx,AAVE/USDT:USDT,296.73,174.5,296.72,20.0,296.74,16.0,296.75,0.1
1753591942505,04:52:22.505,okx,AAVE/USDT:USDT,296.73,193.8,296.72,20.0,296.74,16.0,296.75,0.1
1753591942705,04:52:22.705,okx,AAVE/USDT:USDT,296.73,193.8,296.72,20.0,296.74,16.0,296.75,0.1
1753591942805,04:52:22.805,okx,AAVE/USDT:USDT,296.73,193.8,296.72,20.0,296.74,16.0,296.75,0.1
1753591942905,04:52:22.905,okx,AAVE/USDT:USDT,296.73,193.8,296.72,20.0,296.74,16.0,296.75,0.1
1753591943105,04:52:23.105,okx,AAVE/USDT:USDT,296.73,193.8,296.72,20.0,296.74,16.0,296.75,0.1
1753591943405,04:52:23.405,okx,AAVE/USDT:USDT,296.77,225.9,296.76,81.3,296.78,3.1,296.79,6.0
1753591943505,04:52:23.505,okx,AAVE/USDT:USDT,296.77,225.9,296.76,81.3,296.78,3.1,296.79,6.0
1753591943705,04:52:23.705,okx,AAVE/USDT:USDT,296.77,242.8,296.76,67.2,296.78,3.1,296.79,6.0
1753591943805,04:52:23.805,okx,AAVE/USDT:USDT,296.77,242.8,296.76,67.2,296.78,3.0,296.79,6.0
1753591943905,04:52:23.905,okx,AAVE/USDT:USDT,296.77,242.8,296.76,67.2,296.78,3.0,296.79,6.0
1753591944805,04:52:24.805,okx,AAVE/USDT:USDT,296.77,180.3,296.76,66.7,296.78,3.0,296.79,5.7
1753591944905,04:52:24.905,okx,AAVE/USDT:USDT,296.77,180.3,296.76,66.7,296.78,3.0,296.79,5.7
1753591945205,04:52:25.205,okx,AAVE/USDT:USDT,296.77,180.3,296.76,66.7,296.78,3.0,296.79,5.7
1753591945405,04:52:25.405,okx,AAVE/USDT:USDT,296.77,211.5,296.76,66.7,296.78,3.2,296.79,5.7
1753591945605,04:52:25.605,okx,AAVE/USDT:USDT,296.77,211.5,296.76,66.7,296.78,3.2,296.79,5.7
1753591945705,04:52:25.705,okx,AAVE/USDT:USDT,296.78,198.4,296.77,77.6,296.79,5.7,296.8,0.8
1753591945805,04:52:25.805,okx,AAVE/USDT:USDT,296.78,198.4,296.77,77.6,296.79,0.1,296.8,0.8
1753591945905,04:52:25.905,okx,AAVE/USDT:USDT,296.78,207.5,296.77,77.6,296.79,0.1,296.8,0.8
1753591946005,04:52:26.005,okx,AAVE/USDT:USDT,296.78,32.6,296.77,66.1,296.79,6.9,296.8,9.0
1753591946105,04:52:26.105,okx,AAVE/USDT:USDT,296.78,43.9,296.77,77.2,296.79,0.4,296.8,9.0
1753591946205,04:52:26.205,okx,AAVE/USDT:USDT,296.78,32.8,296.77,66.1,296.79,0.4,296.8,9.0
1753591946405,04:52:26.405,okx,AAVE/USDT:USDT,296.78,163.4,296.77,77.2,296.79,0.4,296.8,9.0
1753591946505,04:52:26.505,okx,AAVE/USDT:USDT,296.78,32.9,296.77,66.1,296.79,0.4,296.8,9.0
1753591946605,04:52:26.605,okx,AAVE/USDT:USDT,296.78,163.2,296.77,77.2,296.79,0.4,296.8,9.0
1753591946705,04:52:26.705,okx,AAVE/USDT:USDT,296.78,69.2,296.77,77.2,296.79,0.4,296.8,9.0
1753591946805,04:52:26.805,okx,AAVE/USDT:USDT,296.78,44.0,296.77,77.2,296.79,0.4,296.8,9.0
1753591947005,04:52:27.005,okx,AAVE/USDT:USDT,296.78,45.4,296.77,77.2,296.79,0.4,296.8,9.0
1753591947105,04:52:27.105,okx,AAVE/USDT:USDT,296.78,45.4,296.77,77.2,296.79,0.4,296.8,9.0
1753591947605,04:52:27.605,okx,AAVE/USDT:USDT,296.78,171.1,296.77,77.2,296.79,0.4,296.8,9.0
1753591947705,04:52:27.705,okx,AAVE/USDT:USDT,296.78,171.1,296.77,77.2,296.79,0.4,296.8,9.0
1753591947805,04:52:27.805,okx,AAVE/USDT:USDT,296.78,171.3,296.77,77.2,296.79,0.4,296.8,9.0
1753591947905,04:52:27.905,okx,AAVE/USDT:USDT,296.78,171.3,296.77,77.2,296.79,0.4,296.8,9.0
1753591948205,04:52:28.205,okx,AAVE/USDT:USDT,296.78,171.5,296.77,77.2,296.79,0.4,296.8,9.0
1753591948305,04:52:28.305,okx,AAVE/USDT:USDT,296.78,34.6,296.77,66.1,296.79,7.2,296.8,8.7
1753591948505,04:52:28.505,okx,AAVE/USDT:USDT,296.78,53.7,296.77,77.2,296.79,7.4,296.8,8.7
1753591948705,04:52:28.705,okx,AAVE/USDT:USDT,296.78,45.7,296.77,77.2,296.79,0.4,296.8,8.7
1753591948905,04:52:28.905,okx,AAVE/USDT:USDT,296.78,165.3,296.77,76.8,296.79,0.4,296.8,8.7
1753591949105,04:52:29.105,okx,AAVE/USDT:USDT,296.78,46.1,296.77,76.8,296.79,0.4,296.8,8.7
1753591949305,04:52:29.305,okx,AAVE/USDT:USDT,296.78,35.0,296.77,65.7,296.79,0.6,296.8,8.7
1753591949405,04:52:29.405,okx,AAVE/USDT:USDT,296.78,30.8,296.77,65.7,296.79,107.0,296.8,8.7
1753591949505,04:52:29.505,okx,AAVE/USDT:USDT,296.78,19.7,296.77,65.7,296.79,29.4,296.8,8.7
1753591949605,04:52:29.605,okx,AAVE/USDT:USDT,296.78,150.6,296.77,76.4,296.79,7.8,296.8,8.7
1753591949705,04:52:29.705,okx,AAVE/USDT:USDT,296.78,33.4,296.77,76.4,296.79,7.8,296.8,8.7
1753591949905,04:52:29.905,okx,AAVE/USDT:USDT,296.78,20.1,296.77,65.3,296.79,11.0,296.8,8.7
1753591950005,04:52:30.005,okx,AAVE/USDT:USDT,296.78,13.8,296.77,41.9,296.79,35.6,296.8,17.1
1753591950105,04:52:30.105,okx,AAVE/USDT:USDT,296.78,15.1,296.77,41.9,296.79,35.6,296.8,9.4
1753591950805,04:52:30.805,okx,AAVE/USDT:USDT,296.78,15.1,296.77,41.9,296.79,25.5,296.8,8.7
1753591951505,04:52:31.505,okx,AAVE/USDT:USDT,296.78,38.2,296.77,41.9,296.79,7.4,296.8,9.4
1753591951605,04:52:31.605,okx,AAVE/USDT:USDT,296.78,38.2,296.77,41.9,296.79,7.5,296.8,8.7
1753591951705,04:52:31.705,okx,AAVE/USDT:USDT,296.78,38.2,296.77,53.0,296.79,7.5,296.8,8.7
1753591951805,04:52:31.805,okx,AAVE/USDT:USDT,296.78,38.2,296.77,53.0,296.79,7.5,296.8,8.7
1753591951905,04:52:31.905,okx,AAVE/USDT:USDT,296.78,38.2,296.77,53.0,296.79,7.5,296.8,8.7
1753591952105,04:52:32.105,okx,AAVE/USDT:USDT,296.78,149.6,296.77,53.0,296.79,0.4,296.8,0.5
1753591952505,04:52:32.505,okx,AAVE/USDT:USDT,296.78,30.1,296.77,41.9,296.79,0.4,296.8,8.7
1753591952705,04:52:32.705,okx,AAVE/USDT:USDT,296.78,23.3,296.77,41.9,296.79,7.2,296.8,9.4
1753591953105,04:52:33.105,okx,AAVE/USDT:USDT,296.78,26.9,296.77,41.9,296.79,0.4,296.8,8.7
1753591953205,04:52:33.205,okx,AAVE/USDT:USDT,296.78,26.9,296.77,41.9,296.79,0.4,296.8,8.6
1753591953705,04:52:33.705,okx,AAVE/USDT:USDT,296.78,77.1,296.77,41.9,296.79,0.4,296.8,8.6
1753591953805,04:52:33.805,okx,AAVE/USDT:USDT,296.78,77.1,296.77,41.9,296.79,0.4,296.8,8.6
1753591953905,04:52:33.905,okx,AAVE/USDT:USDT,296.78,77.1,296.77,41.9,296.79,0.4,296.8,8.6
1753591954005,04:52:34.005,okx,AAVE/USDT:USDT,296.78,77.1,296.77,41.9,296.79,0.4,296.8,8.6
1753591954305,04:52:34.305,okx,AAVE/USDT:USDT,296.78,77.1,296.77,41.9,296.79,0.4,296.8,8.6
1753591954605,04:52:34.605,okx,AAVE/USDT:USDT,296.78,77.1,296.77,41.9,296.79,0.4,296.8,8.6
1753591955105,04:52:35.105,okx,AAVE/USDT:USDT,296.78,73.5,296.77,41.9,296.79,18.6,296.8,9.3
1753591955405,04:52:35.405,okx,AAVE/USDT:USDT,296.74,34.4,296.73,6.9,296.75,219.7,296.76,28.8
1753591955505,04:52:35.505,okx,AAVE/USDT:USDT,296.74,34.6,296.73,0.1,296.75,213.4,296.76,28.8
1753591955605,04:52:35.605,okx,AAVE/USDT:USDT,296.74,21.8,296.73,0.1,296.75,169.4,296.76,28.6
1753591956005,04:52:36.005,okx,AAVE/USDT:USDT,296.74,28.7,296.73,4.8,296.75,1.6,296.76,15.0
1753591956305,04:52:36.305,okx,AAVE/USDT:USDT,296.74,7.1,296.73,4.8,296.75,30.0,296.76,15.0
1753591956405,04:52:36.405,okx,AAVE/USDT:USDT,296.74,28.1,296.73,4.8,296.75,29.8,296.76,15.7
1753591956505,04:52:36.505,okx,AAVE/USDT:USDT,296.74,7.1,296.73,4.8,296.75,29.8,296.76,15.0
1753591957205,04:52:37.205,okx,AAVE/USDT:USDT,296.74,27.5,296.73,4.8,296.75,30.0,296.76,15.0
1753591957505,04:52:37.505,okx,AAVE/USDT:USDT,296.74,6.1,296.73,4.9,296.75,91.5,296.76,15.7
1753591957605,04:52:37.605,okx,AAVE/USDT:USDT,296.74,6.1,296.73,4.9,296.75,29.8,296.76,15.7
1753591957805,04:52:37.805,okx,AAVE/USDT:USDT,296.74,6.1,296.73,4.9,296.75,30.0,296.76,15.0
1753591958005,04:52:38.005,okx,AAVE/USDT:USDT,296.74,2.5,296.73,4.9,296.75,109.1,296.76,15.7
1753591958105,04:52:38.105,okx,AAVE/USDT:USDT,296.74,1.9,296.73,4.9,296.75,109.1,296.76,15.7
1753591959405,04:52:39.405,okx,AAVE/USDT:USDT,296.74,34.7,296.73,12.7,296.75,1.5,296.76,15.0
1753591959605,04:52:39.605,okx,AAVE/USDT:USDT,296.74,34.7,296.73,12.7,296.75,1.5,296.76,15.0
1753591959705,04:52:39.705,okx,AAVE/USDT:USDT,296.74,139.8,296.73,18.2,296.75,1.5,296.77,0.4
1753591960005,04:52:40.005,okx,AAVE/USDT:USDT,296.72,149.7,296.71,37.3,296.73,0.1,296.74,8.2
1753591960605,04:52:40.605,okx,AAVE/USDT:USDT,296.72,30.3,296.71,36.6,296.73,0.1,296.74,8.2
1753591960705,04:52:40.705,okx,AAVE/USDT:USDT,296.72,15.0,296.71,12.1,296.73,0.1,296.74,8.2
1753591961205,04:52:41.205,okx,AAVE/USDT:USDT,296.72,147.5,296.71,36.6,296.73,0.1,296.74,8.2
1753591961605,04:52:41.605,okx,AAVE/USDT:USDT,296.72,0.1,296.71,0.1,296.73,14.0,296.74,12.9
1753591961805,04:52:41.805,okx,AAVE/USDT:USDT,296.72,0.1,296.71,0.1,296.73,14.0,296.74,12.9
1753591961905,04:52:41.905,okx,AAVE/USDT:USDT,296.72,0.1,296.71,0.1,296.73,14.0,296.74,12.9
1753591962105,04:52:42.105,okx,AAVE/USDT:USDT,296.72,7.1,296.71,0.1,296.73,14.3,296.74,12.9
1753591963705,04:52:43.705,okx,AAVE/USDT:USDT,296.72,180.2,296.71,51.1,296.73,0.4,296.75,9.4
1753591963905,04:52:43.905,okx,AAVE/USDT:USDT,296.72,180.2,296.71,51.1,296.73,0.4,296.75,9.4
1753591964005,04:52:44.005,okx,AAVE/USDT:USDT,296.72,180.2,296.71,51.1,296.73,0.4,296.75,9.4
1753591964105,04:52:44.105,okx,AAVE/USDT:USDT,296.72,180.2,296.71,51.1,296.73,0.4,296.75,9.4
1753591964205,04:52:44.205,okx,AAVE/USDT:USDT,296.72,165.1,296.71,0.1,296.73,0.4,296.75,9.4
1753591964305,04:52:44.305,okx,AAVE/USDT:USDT,296.72,165.1,296.71,24.6,296.73,1.5,296.75,9.4
1753591964505,04:52:44.505,okx,AAVE/USDT:USDT,296.72,165.1,296.71,24.6,296.73,1.5,296.75,9.4
1753591964705,04:52:44.705,okx,AAVE/USDT:USDT,296.72,165.1,296.71,24.6,296.73,1.5,296.75,9.4
1753591964805,04:52:44.805,okx,AAVE/USDT:USDT,296.72,165.1,296.71,48.4,296.73,1.5,296.75,9.4
1753591965005,04:52:45.005,okx,AAVE/USDT:USDT,296.72,165.4,296.71,48.4,296.73,1.5,296.75,9.4
1753591965405,04:52:45.405,okx,AAVE/USDT:USDT,296.72,165.4,296.71,24.6,296.73,1.5,296.75,9.4
1753591965605,04:52:45.605,okx,AAVE/USDT:USDT,296.72,165.9,296.71,24.6,296.73,1.5,296.75,9.4
1753591965905,04:52:45.905,okx,AAVE/USDT:USDT,296.72,165.9,296.71,48.4,296.73,1.5,296.75,9.4
1753591966005,04:52:46.005,okx,AAVE/USDT:USDT,296.72,165.9,296.71,48.4,296.73,1.5,296.75,9.4
1753591966205,04:52:46.205,okx,AAVE/USDT:USDT,296.75,220.5,296.74,61.8,296.76,0.2,296.77,7.8
1753591966405,04:52:46.405,okx,AAVE/USDT:USDT,296.75,239.7,296.74,62.5,296.76,0.2,296.77,7.8
1753591967205,04:52:47.205,okx,AAVE/USDT:USDT,296.81,138.0,296.8,28.8,296.82,14.7,296.83,12.0
1753591967905,04:52:47.905,okx,AAVE/USDT:USDT,296.81,141.4,296.8,28.8,296.82,14.9,296.83,12.0
1753591968405,04:52:48.405,okx,AAVE/USDT:USDT,296.81,141.2,296.8,44.3,296.82,1.8,296.84,12.6
1753591968805,04:52:48.805,okx,AAVE/USDT:USDT,296.81,141.2,296.8,28.8,296.82,2.0,296.84,12.6
1753591969005,04:52:49.005,okx,AAVE/USDT:USDT,296.81,157.7,296.8,53.3,296.82,2.0,296.84,12.6
1753591969505,04:52:49.505,okx,AAVE/USDT:USDT,296.81,141.2,296.8,28.8,296.82,8.8,296.84,12.6
1753591969605,04:52:49.605,okx,AAVE/USDT:USDT,296.81,3.3,296.8,28.8,296.82,26.1,296.84,12.6
1753591969705,04:52:49.705,okx,AAVE/USDT:USDT,296.81,6.5,296.8,28.8,296.82,26.3,296.84,12.6
1753591969805,04:52:49.805,okx,AAVE/USDT:USDT,296.81,6.5,296.8,28.8,296.82,26.3,296.84,12.6
1753591970005,04:52:50.005,okx,AAVE/USDT:USDT,296.81,6.8,296.8,28.8,296.82,26.3,296.84,12.6
1753591970405,04:52:50.405,okx,AAVE/USDT:USDT,296.81,122.8,296.8,28.8,296.82,19.3,296.84,12.6
1753591970505,04:52:50.505,okx,AAVE/USDT:USDT,296.81,141.5,296.8,28.8,296.82,19.3,296.84,12.6
1753591970605,04:52:50.605,okx,AAVE/USDT:USDT,296.81,37.7,296.8,28.8,296.82,19.3,296.84,12.6
1753591970705,04:52:50.705,okx,AAVE/USDT:USDT,296.81,19.0,296.8,28.8,296.82,19.3,296.84,12.6
1753591970805,04:52:50.805,okx,AAVE/USDT:USDT,296.81,4.2,296.8,28.8,296.82,33.9,296.84,12.6
1753591970905,04:52:50.905,okx,AAVE/USDT:USDT,296.81,10.8,296.8,14.8,296.82,27.1,296.84,37.1
1753591971105,04:52:51.105,okx,AAVE/USDT:USDT,296.81,4.2,296.8,14.8,296.82,33.9,296.84,36.2
1753591971305,04:52:51.305,okx,AAVE/USDT:USDT,296.81,4.2,296.8,14.8,296.82,34.2,296.83,5.6
1753591971405,04:52:51.405,okx,AAVE/USDT:USDT,296.81,4.2,296.8,14.8,296.82,34.2,296.83,5.6
1753591971505,04:52:51.505,okx,AAVE/USDT:USDT,296.81,4.2,296.8,14.8,296.82,34.2,296.83,4.7
1753591971605,04:52:51.605,okx,AAVE/USDT:USDT,296.81,4.2,296.8,14.8,296.82,34.2,296.83,4.7
1753591971705,04:52:51.705,okx,AAVE/USDT:USDT,296.81,4.2,296.8,14.8,296.82,34.2,296.83,4.7
1753591971905,04:52:51.905,okx,AAVE/USDT:USDT,296.81,4.2,296.8,14.8,296.82,34.2,296.83,4.7
1753591972405,04:52:52.405,okx,AAVE/USDT:USDT,296.81,11.0,296.8,14.8,296.82,27.4,296.83,4.7
1753591973205,04:52:53.205,okx,AAVE/USDT:USDT,296.81,84.9,296.8,14.8,296.82,2.0,296.84,12.7
1753591973705,04:52:53.705,okx,AAVE/USDT:USDT,296.81,143.6,296.8,14.8,296.82,3.1,296.84,12.7
1753591973805,04:52:53.805,okx,AAVE/USDT:USDT,296.81,143.6,296.8,14.8,296.82,3.1,296.83,0.1
1753591974705,04:52:54.705,okx,AAVE/USDT:USDT,296.81,143.4,296.8,14.8,296.82,3.1,296.83,0.1
1753591974905,04:52:54.905,okx,AAVE/USDT:USDT,296.81,24.2,296.8,14.8,296.82,3.1,296.83,0.1
1753591975705,04:52:55.705,okx,AAVE/USDT:USDT,296.82,0.1,296.81,4.0,296.83,41.2,296.84,12.7
1753591975805,04:52:55.805,okx,AAVE/USDT:USDT,296.82,0.1,296.81,4.0,296.83,41.0,296.84,12.7
1753591976505,04:52:56.505,okx,AAVE/USDT:USDT,296.82,0.1,296.81,4.0,296.83,41.2,296.84,8.0
1753591976605,04:52:56.605,okx,AAVE/USDT:USDT,296.82,0.1,296.81,4.0,296.83,41.0,296.84,8.0
1753591976805,04:52:56.805,okx,AAVE/USDT:USDT,296.82,7.1,296.81,4.0,296.83,19.0,296.84,8.0
1753591977005,04:52:57.005,okx,AAVE/USDT:USDT,296.82,7.1,296.81,4.0,296.83,19.0,296.84,8.0
1753591977305,04:52:57.305,okx,AAVE/USDT:USDT,296.82,13.1,296.81,1.3,296.83,19.0,296.84,8.0
1753591977405,04:52:57.405,okx,AAVE/USDT:USDT,296.82,13.1,296.81,1.3,296.83,19.0,296.84,8.0
1753591977505,04:52:57.505,okx,AAVE/USDT:USDT,296.82,13.4,296.81,1.0,296.83,19.0,296.84,8.0
1753591977605,04:52:57.605,okx,AAVE/USDT:USDT,296.82,13.4,296.81,1.0,296.83,19.0,296.84,8.0
1753591977705,04:52:57.705,okx,AAVE/USDT:USDT,296.82,6.6,296.81,1.0,296.83,154.8,296.84,43.6
1753591978005,04:52:58.005,okx,AAVE/USDT:USDT,296.82,6.6,296.81,1.0,296.83,154.8,296.84,8.0
1753591978105,04:52:58.105,okx,AAVE/USDT:USDT,296.82,13.4,296.81,10.2,296.83,7.0,296.84,25.4
1753591978205,04:52:58.205,okx,AAVE/USDT:USDT,296.82,13.4,296.81,10.2,296.83,7.0,296.84,25.4
1753591978505,04:52:58.505,okx,AAVE/USDT:USDT,296.84,52.0,296.83,11.3,296.85,22.8,296.86,19.9
1753591978705,04:52:58.705,okx,AAVE/USDT:USDT,296.84,52.0,296.83,11.3,296.85,23.0,296.86,19.9
1753591978805,04:52:58.805,okx,AAVE/USDT:USDT,296.84,52.0,296.83,11.3,296.85,23.0,296.86,19.9
1753591978905,04:52:58.905,okx,AAVE/USDT:USDT,296.84,52.0,296.83,11.3,296.85,23.0,296.86,19.9
1753591979205,04:52:59.205,okx,AAVE/USDT:USDT,296.84,7.1,296.83,6.8,296.85,8.3,296.86,20.7
1753591979305,04:52:59.305,okx,AAVE/USDT:USDT,296.83,0.1,296.82,6.8,296.84,112.9,296.85,34.7
1753591979405,04:52:59.405,okx,AAVE/USDT:USDT,296.83,3.3,296.82,14.6,296.84,53.3,296.85,29.9
1753591979505,04:52:59.505,okx,AAVE/USDT:USDT,296.83,3.5,296.82,19.4,296.84,17.5,296.85,23.1
1753591979605,04:52:59.605,okx,AAVE/USDT:USDT,296.83,126.4,296.82,43.9,296.84,0.2,296.85,0.5
1753591979705,04:52:59.705,okx,AAVE/USDT:USDT,296.84,180.3,296.83,48.6,296.85,0.5,296.86,10.9
1753591980005,04:53:00.005,okx,AAVE/USDT:USDT,296.84,165.5,296.83,3.3,296.85,0.5,296.86,10.9
1753591980205,04:53:00.205,okx,AAVE/USDT:USDT,296.84,7.2,296.83,0.1,296.85,134.8,296.86,40.5
1753591980505,04:53:00.505,okx,AAVE/USDT:USDT,296.84,55.5,296.83,67.8,296.85,0.7,296.86,10.9
1753591980605,04:53:00.605,okx,AAVE/USDT:USDT,296.84,55.8,296.83,67.8,296.85,0.7,296.86,10.9
1753591981105,04:53:01.105,okx,AAVE/USDT:USDT,296.84,25.6,296.83,23.6,296.85,0.9,296.86,8.4
1753591981205,04:53:01.205,okx,AAVE/USDT:USDT,296.84,25.6,296.83,23.6,296.85,0.9,296.86,8.4
1753591981305,04:53:01.305,okx,AAVE/USDT:USDT,296.84,25.6,296.83,0.1,296.85,0.9,296.86,8.4
1753591981405,04:53:01.405,okx,AAVE/USDT:USDT,296.84,21.1,296.83,0.1,296.85,0.9,296.86,8.4
1753591981505,04:53:01.505,okx,AAVE/USDT:USDT,296.84,46.3,296.83,0.1,296.85,0.9,296.86,8.8
1753591981805,04:53:01.805,okx,AAVE/USDT:USDT,296.84,6.5,296.83,0.1,296.85,152.5,296.86,95.1
1753591982005,04:53:02.005,okx,AAVE/USDT:USDT,296.84,13.4,296.83,0.1,296.85,18.9,296.86,62.9
1753591982305,04:53:02.305,okx,AAVE/USDT:USDT,296.84,9.8,296.83,4.9,296.85,25.3,296.86,8.5
1753591982505,04:53:02.505,okx,AAVE/USDT:USDT,296.84,9.8,296.83,4.9,296.85,144.8,296.86,8.5
1753591982605,04:53:02.605,okx,AAVE/USDT:USDT,296.84,10.1,296.83,4.9,296.85,161.3,296.86,9.3
1753591982705,04:53:02.705,okx,AAVE/USDT:USDT,296.84,10.1,296.83,4.9,296.85,161.3,296.86,9.3
1753591983105,04:53:03.105,okx,AAVE/USDT:USDT,296.84,6.9,296.83,0.1,296.85,161.3,296.86,31.2
1753591983405,04:53:03.405,okx,AAVE/USDT:USDT,296.84,6.9,296.83,0.1,296.85,23.9,296.86,8.5
1753591983905,04:53:03.905,okx,AAVE/USDT:USDT,296.84,6.9,296.83,0.1,296.85,111.4,296.86,31.4
1753591984005,04:53:04.005,okx,AAVE/USDT:USDT,296.84,6.9,296.83,0.1,296.85,111.4,296.86,31.4
1753591984105,04:53:04.105,okx,AAVE/USDT:USDT,296.84,11.6,296.83,0.1,296.85,111.4,296.86,30.6
1753591984205,04:53:04.205,okx,AAVE/USDT:USDT,296.84,11.6,296.83,0.1,296.85,111.4,296.86,30.6
1753591984405,04:53:04.405,okx,AAVE/USDT:USDT,296.84,11.6,296.83,0.1,296.85,111.4,296.86,30.6
1753591984505,04:53:04.505,okx,AAVE/USDT:USDT,296.82,0.1,296.81,0.5,296.83,295.5,296.84,143.1
1753591984605,04:53:04.605,okx,AAVE/USDT:USDT,296.81,0.2,296.8,0.7,296.82,301.4,296.83,115.9
1753591984705,04:53:04.705,okx,AAVE/USDT:USDT,296.81,0.2,296.8,0.7,296.82,319.0,296.83,47.5
1753591984805,04:53:04.805,okx,AAVE/USDT:USDT,296.81,0.2,296.8,0.7,296.82,302.0,296.83,24.0
1753591985405,04:53:05.405,okx,AAVE/USDT:USDT,296.81,0.2,296.8,8.5,296.82,233.8,296.83,53.2
1753591985605,04:53:05.605,okx,AAVE/USDT:USDT,296.81,0.2,296.8,0.7,296.82,234.0,296.83,53.2
1753591985705,04:53:05.705,okx,AAVE/USDT:USDT,296.81,0.2,296.8,0.7,296.82,234.0,296.83,53.2
1753591985805,04:53:05.805,okx,AAVE/USDT:USDT,296.81,0.2,296.8,0.7,296.82,234.0,296.83,24.0
1753591985905,04:53:05.905,okx,AAVE/USDT:USDT,296.81,0.2,296.8,0.7,296.82,234.0,296.83,24.0
1753591986005,04:53:06.005,okx,AAVE/USDT:USDT,296.81,0.2,296.8,0.7,296.82,234.0,296.83,53.2
1753591986105,04:53:06.105,okx,AAVE/USDT:USDT,296.81,0.2,296.8,0.7,296.82,234.0,296.83,53.2
1753591986205,04:53:06.205,okx,AAVE/USDT:USDT,296.8,0.3,296.79,0.4,296.81,256.4,296.82,105.7
1753591986505,04:53:06.505,okx,AAVE/USDT:USDT,296.78,24.9,296.77,4.9,296.79,214.2,296.8,54.6
1753591986605,04:53:06.605,okx,AAVE/USDT:USDT,296.78,0.1,296.77,4.9,296.79,233.6,296.8,54.6
1753591986705,04:53:06.705,okx,AAVE/USDT:USDT,296.78,0.1,296.77,4.9,296.79,233.6,296.8,37.3
1753591986805,04:53:06.805,okx,AAVE/USDT:USDT,296.78,0.1,296.77,4.9,296.79,233.6,296.8,37.3
1753591986905,04:53:06.905,okx,AAVE/USDT:USDT,296.78,0.1,296.77,4.9,296.79,233.6,296.8,37.3
1753591987005,04:53:07.005,okx,AAVE/USDT:USDT,296.78,0.1,296.77,4.9,296.79,233.6,296.8,37.3
1753591987105,04:53:07.105,okx,AAVE/USDT:USDT,296.78,0.1,296.77,4.9,296.79,233.6,296.8,37.3
1753591987205,04:53:07.205,okx,AAVE/USDT:USDT,296.78,0.1,296.77,4.9,296.79,233.6,296.8,37.3
1753591987405,04:53:07.405,okx,AAVE/USDT:USDT,296.78,0.1,296.77,4.9,296.79,192.6,296.8,37.3
1753591987605,04:53:07.605,okx,AAVE/USDT:USDT,296.78,21.9,296.77,45.6,296.79,8.2,296.8,32.1
1753591987705,04:53:07.705,okx,AAVE/USDT:USDT,296.78,29.9,296.77,45.6,296.79,8.2,296.8,32.1
1753591987905,04:53:07.905,okx,AAVE/USDT:USDT,296.78,14.9,296.77,22.1,296.79,8.2,296.8,32.1
1753591988005,04:53:08.005,okx,AAVE/USDT:USDT,296.78,14.9,296.77,22.1,296.79,8.2,296.8,32.1
1753591988705,04:53:08.705,okx,AAVE/USDT:USDT,296.78,13.1,296.77,4.9,296.79,9.0,296.8,32.1
1753591988805,04:53:08.805,okx,AAVE/USDT:USDT,296.78,13.2,296.77,4.9,296.79,9.0,296.8,32.1
1753591988905,04:53:08.905,okx,AAVE/USDT:USDT,296.78,13.2,296.77,4.9,296.79,9.0,296.8,32.1
1753591989105,04:53:09.105,okx,AAVE/USDT:USDT,296.78,10.0,296.77,4.9,296.79,86.7,296.8,32.1
1753591989505,04:53:09.505,okx,AAVE/USDT:USDT,296.78,32.8,296.77,4.9,296.79,159.8,296.8,53.8
1753591989705,04:53:09.705,okx,AAVE/USDT:USDT,296.78,31.5,296.77,4.9,296.79,159.8,296.8,32.1
1753591989805,04:53:09.805,okx,AAVE/USDT:USDT,296.78,31.8,296.77,4.9,296.79,129.8,296.8,32.1
1753591989905,04:53:09.905,okx,AAVE/USDT:USDT,296.78,2.8,296.77,4.9,296.79,21.6,296.8,32.1
1753591990005,04:53:10.005,okx,AAVE/USDT:USDT,296.78,2.8,296.77,4.9,296.79,21.6,296.8,32.1
1753591990305,04:53:10.305,okx,AAVE/USDT:USDT,296.78,32.5,296.77,4.9,296.79,21.4,296.8,32.1
1753591990405,04:53:10.405,okx,AAVE/USDT:USDT,296.78,9.6,296.77,4.9,296.79,21.6,296.8,32.1
1753591990505,04:53:10.505,okx,AAVE/USDT:USDT,296.78,33.4,296.77,4.9,296.79,40.9,296.8,32.1
1753591990605,04:53:10.605,okx,AAVE/USDT:USDT,296.78,26.7,296.77,4.9,296.79,122.9,296.8,32.1
1753591990705,04:53:10.705,okx,AAVE/USDT:USDT,296.78,32.0,296.77,4.9,296.79,160.3,296.8,32.1
1753591990805,04:53:10.805,okx,AAVE/USDT:USDT,296.78,32.0,296.77,4.9,296.79,160.3,296.8,32.1
1753591990905,04:53:10.905,okx,AAVE/USDT:USDT,296.78,32.2,296.77,4.9,296.79,41.1,296.8,32.1
1753591991105,04:53:11.105,okx,AAVE/USDT:USDT,296.78,2.8,296.77,4.9,296.79,160.5,296.8,32.1
1753591991205,04:53:11.205,okx,AAVE/USDT:USDT,296.78,30.6,296.77,4.9,296.79,160.5,296.8,32.1
1753591991305,04:53:11.305,okx,AAVE/USDT:USDT,296.78,2.1,296.77,4.9,296.79,42.2,296.8,32.1
1753591991405,04:53:11.405,okx,AAVE/USDT:USDT,296.78,2.6,296.77,4.9,296.79,42.2,296.8,32.1
1753591991505,04:53:11.505,okx,AAVE/USDT:USDT,296.78,2.6,296.77,4.9,296.79,42.2,296.8,32.1
1753591991705,04:53:11.705,okx,AAVE/USDT:USDT,296.78,29.2,296.77,4.9,296.79,161.4,296.8,32.1
1753591991805,04:53:11.805,okx,AAVE/USDT:USDT,296.78,30.0,296.77,4.9,296.79,161.4,296.8,32.1
1753591991905,04:53:11.905,okx,AAVE/USDT:USDT,296.78,2.6,296.77,4.9,296.79,161.6,296.8,83.3
1753591992205,04:53:12.205,okx,AAVE/USDT:USDT,296.78,2.6,296.77,0.1,296.79,180.5,296.8,100.5
1753591992305,04:53:12.305,okx,AAVE/USDT:USDT,296.78,2.6,296.77,0.1,296.79,180.5,296.8,100.5
1753591992405,04:53:12.405,okx,AAVE/USDT:USDT,296.72,12.0,296.71,0.7,296.73,115.7,296.74,78.1
1753591993005,04:53:13.005,okx,AAVE/USDT:USDT,296.72,36.4,296.71,0.6,296.73,31.9,296.74,13.1
1753591993105,04:53:13.105,okx,AAVE/USDT:USDT,296.72,8.7,296.71,0.6,296.73,33.2,296.74,13.1
1753591993205,04:53:13.205,okx,AAVE/USDT:USDT,296.72,15.7,296.71,0.6,296.73,30.3,296.74,7.9
1753591993705,04:53:13.705,okx,AAVE/USDT:USDT,296.72,0.9,296.71,0.6,296.73,175.3,296.74,23.4
1753591993805,04:53:13.805,okx,AAVE/USDT:USDT,296.72,0.9,296.71,0.6,296.73,192.0,296.74,23.4
1753591994005,04:53:14.005,okx,AAVE/USDT:USDT,296.72,0.9,296.71,0.6,296.73,192.0,296.74,49.1
1753591994205,04:53:14.205,okx,AAVE/USDT:USDT,296.72,0.9,296.71,0.6,296.73,192.0,296.74,24.2
1753591994305,04:53:14.305,okx,AAVE/USDT:USDT,296.72,0.9,296.71,0.6,296.73,192.0,296.74,23.4
1753591994405,04:53:14.405,okx,AAVE/USDT:USDT,296.72,0.9,296.71,0.6,296.73,192.0,296.74,23.4
1753591994605,04:53:14.605,okx,AAVE/USDT:USDT,296.72,0.9,296.71,0.6,296.73,192.0,296.74,49.9
1753591994805,04:53:14.805,okx,AAVE/USDT:USDT,296.72,29.6,296.71,33.4,296.73,5.2,296.74,7.8
1753591995805,04:53:15.805,okx,AAVE/USDT:USDT,296.73,7.0,296.72,20.0,296.74,13.7,296.75,4.9
1753591996005,04:53:16.005,okx,AAVE/USDT:USDT,296.73,7.0,296.72,20.0,296.74,13.7,296.75,4.9
1753591996105,04:53:16.105,okx,AAVE/USDT:USDT,296.73,7.0,296.72,20.0,296.74,13.7,296.75,4.9
1753591996505,04:53:16.505,okx,AAVE/USDT:USDT,296.73,54.0,296.72,20.0,296.74,2.6,296.75,4.9
1753591996605,04:53:16.605,okx,AAVE/USDT:USDT,296.73,87.0,296.72,61.7,296.74,2.6,296.75,0.1
1753591996705,04:53:16.705,okx,AAVE/USDT:USDT,296.73,87.0,296.72,61.7,296.74,2.6,296.75,0.1
1753591996805,04:53:16.805,okx,AAVE/USDT:USDT,296.73,87.0,296.72,61.7,296.74,2.6,296.75,0.1
1753591996905,04:53:16.905,okx,AAVE/USDT:USDT,296.73,87.0,296.72,61.7,296.74,2.6,296.75,0.1
1753591997305,04:53:17.305,okx,AAVE/USDT:USDT,296.73,87.0,296.72,61.7,296.74,0.2,296.75,0.1
1753591997505,04:53:17.505,okx,AAVE/USDT:USDT,296.73,25.2,296.72,37.5,296.74,3.4,296.75,0.1
1753591997805,04:53:17.805,okx,AAVE/USDT:USDT,296.73,23.9,296.72,20.0,296.74,28.1,296.75,17.6
1753591997905,04:53:17.905,okx,AAVE/USDT:USDT,296.73,23.9,296.72,20.0,296.74,28.3,296.75,17.6
1753591998005,04:53:18.005,okx,AAVE/USDT:USDT,296.73,23.9,296.72,20.0,296.74,147.7,296.75,46.7
1753591998105,04:53:18.105,okx,AAVE/USDT:USDT,296.73,23.9,296.72,20.0,296.74,147.7,296.75,46.7
1753591998205,04:53:18.205,okx,AAVE/USDT:USDT,296.73,23.9,296.72,20.0,296.74,28.3,296.75,47.5
1753591998305,04:53:18.305,okx,AAVE/USDT:USDT,296.73,23.9,296.72,20.0,296.74,147.7,296.75,46.7
1753591998505,04:53:18.505,okx,AAVE/USDT:USDT,296.73,23.9,296.72,20.0,296.74,147.7,296.75,17.6
1753591998805,04:53:18.805,okx,AAVE/USDT:USDT,296.73,7.0,296.72,20.0,296.74,76.8,296.75,18.4
1753591998905,04:53:18.905,okx,AAVE/USDT:USDT,296.73,144.6,296.72,20.0,296.74,28.1,296.75,0.1
1753591999105,04:53:19.105,okx,AAVE/USDT:USDT,296.73,26.1,296.72,37.5,296.74,28.3,296.76,13.0
1753591999205,04:53:19.205,okx,AAVE/USDT:USDT,296.73,26.3,296.72,37.5,296.74,28.3,296.76,13.0
1753591999305,04:53:19.305,okx,AAVE/USDT:USDT,296.73,26.3,296.72,37.5,296.74,28.3,296.76,13.0
1753591999405,04:53:19.405,okx,AAVE/USDT:USDT,296.73,26.3,296.72,20.0,296.74,30.1,296.76,13.0
1753591999605,04:53:19.605,okx,AAVE/USDT:USDT,296.73,27.0,296.72,20.0,296.74,30.1,296.76,13.0
1753591999705,04:53:19.705,okx,AAVE/USDT:USDT,296.73,27.0,296.72,20.0,296.74,30.3,296.76,13.0
1753591999905,04:53:19.905,okx,AAVE/USDT:USDT,296.73,27.0,296.72,20.0,296.74,30.3,296.76,13.0
1753592000005,04:53:20.005,okx,AAVE/USDT:USDT,296.73,27.0,296.72,20.0,296.74,30.3,296.76,13.0
1753592000705,04:53:20.705,okx,AAVE/USDT:USDT,296.73,27.0,296.72,20.0,296.74,30.3,296.76,13.0
1753592001005,04:53:21.005,okx,AAVE/USDT:USDT,296.76,19.0,296.75,215.8,296.77,0.3,296.78,0.5
1753592001105,04:53:21.105,okx,AAVE/USDT:USDT,296.77,106.8,296.76,100.9,296.78,0.1,296.79,0.5
1753592001205,04:53:21.205,okx,AAVE/USDT:USDT,296.77,111.4,296.76,100.9,296.78,0.1,296.79,0.5
1753592001605,04:53:21.605,okx,AAVE/USDT:USDT,296.77,212.8,296.76,77.8,296.78,0.1,296.79,0.3
1753592001905,04:53:21.905,okx,AAVE/USDT:USDT,296.77,42.7,296.76,35.6,296.78,0.1,296.79,0.3
1753592002005,04:53:22.005,okx,AAVE/USDT:USDT,296.77,42.7,296.76,35.6,296.78,0.1,296.79,0.3
1753592002105,04:53:22.105,okx,AAVE/USDT:USDT,296.77,33.2,296.76,29.3,296.78,15.1,296.8,31.1
1753592002505,04:53:22.505,okx,AAVE/USDT:USDT,296.77,26.1,296.76,29.3,296.78,7.5,296.8,13.4
1753592002705,04:53:22.705,okx,AAVE/USDT:USDT,296.77,26.1,296.76,29.3,296.78,7.5,296.8,13.4
1753592003005,04:53:23.005,okx,AAVE/USDT:USDT,296.77,26.1,296.76,52.8,296.78,0.7,296.8,13.4
1753592003205,04:53:23.205,okx,AAVE/USDT:USDT,296.77,26.1,296.76,52.8,296.78,4.3,296.8,13.4
1753592003305,04:53:23.305,okx,AAVE/USDT:USDT,296.77,87.5,296.76,52.8,296.78,0.7,296.8,13.4
1753592003405,04:53:23.405,okx,AAVE/USDT:USDT,296.77,87.5,296.76,52.8,296.78,0.7,296.8,13.4
1753592003505,04:53:23.505,okx,AAVE/USDT:USDT,296.77,42.5,296.76,52.8,296.78,0.7,296.8,13.4
1753592003605,04:53:23.605,okx,AAVE/USDT:USDT,296.77,161.9,296.76,52.8,296.78,0.7,296.8,5.6
1753592004005,04:53:24.005,okx,AAVE/USDT:USDT,296.79,198.3,296.78,98.8,296.8,0.2,296.81,37.8
1753592004305,04:53:24.305,okx,AAVE/USDT:USDT,296.79,183.1,296.78,98.8,296.8,0.2,296.81,37.8
1753592004705,04:53:24.705,okx,AAVE/USDT:USDT,296.79,203.1,296.78,98.8,296.8,0.1,296.81,37.8
1753592004805,04:53:24.805,okx,AAVE/USDT:USDT,296.79,203.1,296.78,98.8,296.8,0.1,296.81,37.8
1753592005205,04:53:25.205,okx,AAVE/USDT:USDT,296.79,67.1,296.78,98.8,296.8,0.1,296.81,37.8
1753592005505,04:53:25.505,okx,AAVE/USDT:USDT,296.79,186.7,296.78,99.5,296.8,0.1,296.81,37.8
1753592005605,04:53:25.605,okx,AAVE/USDT:USDT,296.79,186.7,296.78,99.5,296.8,0.1,296.81,37.8
1753592005705,04:53:25.705,okx,AAVE/USDT:USDT,296.79,9.4,296.78,24.6,296.8,33.9,296.81,37.5
1753592006205,04:53:26.205,okx,AAVE/USDT:USDT,296.79,196.0,296.78,66.3,296.8,0.5,296.81,37.5
1753592006305,04:53:26.305,okx,AAVE/USDT:USDT,296.79,196.2,296.78,66.3,296.8,0.5,296.81,37.5
1753592006505,04:53:26.505,okx,AAVE/USDT:USDT,296.79,196.2,296.78,66.3,296.8,0.5,296.81,37.5
1753592006605,04:53:26.605,okx,AAVE/USDT:USDT,296.79,202.9,296.78,66.3,296.8,0.5,296.81,37.5
1753592007505,04:53:27.505,okx,AAVE/USDT:USDT,296.79,47.7,296.78,48.1,296.8,0.5,296.82,13.3
1753592007605,04:53:27.605,okx,AAVE/USDT:USDT,296.79,47.9,296.78,48.1,296.8,0.5,296.82,13.3
1753592007805,04:53:27.805,okx,AAVE/USDT:USDT,296.79,167.1,296.78,48.1,296.8,0.5,296.82,13.3
1753592008005,04:53:28.005,okx,AAVE/USDT:USDT,296.79,167.3,296.78,48.1,296.8,0.5,296.82,13.3
1753592008205,04:53:28.205,okx,AAVE/USDT:USDT,296.79,183.9,296.78,67.0,296.8,0.5,296.82,13.3
1753592008305,04:53:28.305,okx,AAVE/USDT:USDT,296.79,198.9,296.78,67.0,296.8,0.5,296.82,13.3
1753592008405,04:53:28.405,okx,AAVE/USDT:USDT,296.79,198.9,296.78,66.3,296.8,0.5,296.82,13.3
1753592008905,04:53:28.905,okx,AAVE/USDT:USDT,296.79,167.3,296.78,24.6,296.8,0.5,296.82,13.3
1753592009105,04:53:29.105,okx,AAVE/USDT:USDT,296.79,28.2,296.78,24.6,296.8,22.4,296.81,4.8
1753592009305,04:53:29.305,okx,AAVE/USDT:USDT,296.79,22.3,296.78,24.6,296.8,22.4,296.81,4.8
1753592009405,04:53:29.405,okx,AAVE/USDT:USDT,296.79,21.6,296.78,24.6,296.8,22.9,296.81,4.8
1753592009505,04:53:29.505,okx,AAVE/USDT:USDT,296.79,20.1,296.78,24.6,296.8,22.9,296.81,4.8
1753592010005,04:53:30.005,okx,AAVE/USDT:USDT,296.79,20.1,296.78,24.6,296.8,22.9,296.81,4.8
1753592010105,04:53:30.105,okx,AAVE/USDT:USDT,296.79,20.1,296.78,24.6,296.8,22.9,296.81,4.8
1753592010305,04:53:30.305,okx,AAVE/USDT:USDT,296.79,21.1,296.78,24.6,296.8,15.8,296.81,4.8
1753592010605,04:53:30.605,okx,AAVE/USDT:USDT,296.79,14.3,296.78,24.6,296.8,15.9,296.81,4.8
1753592010705,04:53:30.705,okx,AAVE/USDT:USDT,296.79,23.3,296.78,24.6,296.8,15.9,296.81,4.8
1753592010805,04:53:30.805,okx,AAVE/USDT:USDT,296.79,95.4,296.78,24.6,296.8,9.1,296.81,4.8
1753592010905,04:53:30.905,okx,AAVE/USDT:USDT,296.79,23.3,296.78,24.6,296.8,15.9,296.81,4.8
1753592011105,04:53:31.105,okx,AAVE/USDT:USDT,296.79,16.9,296.78,24.6,296.8,15.9,296.81,4.8
1753592011405,04:53:31.405,okx,AAVE/USDT:USDT,296.79,175.8,296.78,91.0,296.8,1.3,296.81,4.8
1753592011505,04:53:31.505,okx,AAVE/USDT:USDT,296.79,42.1,296.78,68.5,296.8,1.3,296.81,4.8
1753592011705,04:53:31.705,okx,AAVE/USDT:USDT,296.79,42.3,296.78,42.0,296.8,1.3,296.81,4.8
1753592011805,04:53:31.805,okx,AAVE/USDT:USDT,296.79,42.3,296.78,42.0,296.8,1.3,296.81,4.8
1753592011905,04:53:31.905,okx,AAVE/USDT:USDT,296.79,161.7,296.78,42.0,296.8,1.3,296.81,4.8
1753592012005,04:53:32.005,okx,AAVE/USDT:USDT,296.79,22.4,296.78,24.6,296.8,8.1,296.81,4.8
1753592012105,04:53:32.105,okx,AAVE/USDT:USDT,296.79,16.8,296.78,24.6,296.8,8.1,296.81,4.8
1753592013305,04:53:33.305,okx,AAVE/USDT:USDT,296.79,51.4,296.78,47.1,296.8,1.3,296.81,4.8
1753592013505,04:53:33.505,okx,AAVE/USDT:USDT,296.79,35.0,296.78,24.6,296.8,1.4,296.81,4.8
1753592013605,04:53:33.605,okx,AAVE/USDT:USDT,296.79,35.0,296.78,24.6,296.8,1.4,296.81,4.8
1753592013705,04:53:33.705,okx,AAVE/USDT:USDT,296.79,168.5,296.78,47.1,296.8,1.4,296.81,4.8
1753592013805,04:53:33.805,okx,AAVE/USDT:USDT,296.79,154.4,296.78,24.6,296.8,1.4,296.81,4.8
1753592013905,04:53:33.905,okx,AAVE/USDT:USDT,296.79,154.6,296.78,24.6,296.8,1.4,296.81,4.8
1753592014005,04:53:34.005,okx,AAVE/USDT:USDT,296.79,35.2,296.78,24.6,296.8,1.4,296.81,4.8
1753592014405,04:53:34.405,okx,AAVE/USDT:USDT,296.79,168.7,296.78,47.1,296.8,1.4,296.81,4.8
1753592014605,04:53:34.605,okx,AAVE/USDT:USDT,296.79,35.2,296.78,24.6,296.8,1.4,296.81,4.8
1753592014805,04:53:34.805,okx,AAVE/USDT:USDT,296.79,154.6,296.78,47.1,296.8,1.4,296.81,4.8
1753592015305,04:53:35.305,okx,AAVE/USDT:USDT,296.79,166.9,296.78,69.1,296.8,1.4,296.81,4.8
1753592015505,04:53:35.505,okx,AAVE/USDT:USDT,296.79,166.9,296.78,69.1,296.8,1.4,296.81,4.8
1753592015605,04:53:35.605,okx,AAVE/USDT:USDT,296.79,183.2,296.78,89.0,296.8,1.4,296.82,5.5
1753592015905,04:53:35.905,okx,AAVE/USDT:USDT,296.81,213.8,296.8,97.9,296.82,1.0,296.83,5.1
1753592016205,04:53:36.205,okx,AAVE/USDT:USDT,296.81,213.8,296.8,99.2,296.82,1.0,296.83,0.3
1753592016505,04:53:36.505,okx,AAVE/USDT:USDT,296.81,169.5,296.8,57.3,296.82,1.0,296.83,0.3
1753592016705,04:53:36.705,okx,AAVE/USDT:USDT,296.81,199.5,296.8,98.5,296.82,1.0,296.83,0.3
1753592016805,04:53:36.805,okx,AAVE/USDT:USDT,296.81,199.5,296.8,98.5,296.82,1.0,296.83,0.3
1753592016905,04:53:36.905,okx,AAVE/USDT:USDT,296.81,185.4,296.8,76.0,296.82,1.0,296.83,0.3
1753592017705,04:53:37.705,okx,AAVE/USDT:USDT,296.81,49.1,296.8,35.4,296.82,3.4,296.83,5.1
1753592017805,04:53:37.805,okx,AAVE/USDT:USDT,296.81,182.8,296.8,57.9,296.82,3.4,296.83,5.1
1753592017905,04:53:37.905,okx,AAVE/USDT:USDT,296.81,49.3,296.8,35.4,296.82,3.4,296.83,5.1
1753592018305,04:53:38.305,okx,AAVE/USDT:USDT,296.81,16.7,296.8,13.5,296.82,16.9,296.83,4.8
1753592018405,04:53:38.405,okx,AAVE/USDT:USDT,296.81,16.7,296.8,13.5,296.82,16.9,296.83,4.8
1753592018505,04:53:38.505,okx,AAVE/USDT:USDT,296.81,16.7,296.8,13.5,296.82,16.9,296.83,4.8
1753592019105,04:53:39.105,okx,AAVE/USDT:USDT,296.81,165.7,296.8,36.0,296.82,3.4,296.83,4.8
1753592019405,04:53:39.405,okx,AAVE/USDT:USDT,296.81,165.7,296.8,36.0,296.82,11.8,296.83,4.8
1753592019605,04:53:39.605,okx,AAVE/USDT:USDT,296.81,166.6,296.8,36.0,296.82,11.8,296.83,4.8
1753592019705,04:53:39.705,okx,AAVE/USDT:USDT,296.81,166.6,296.8,36.0,296.82,11.8,296.83,4.8
1753592019805,04:53:39.805,okx,AAVE/USDT:USDT,296.81,166.6,296.8,36.0,296.82,11.8,296.83,4.8
1753592020005,04:53:40.005,okx,AAVE/USDT:USDT,296.81,166.4,296.8,36.0,296.82,11.8,296.83,4.8
1753592020305,04:53:40.305,okx,AAVE/USDT:USDT,296.81,182.2,296.8,59.5,296.82,3.7,296.84,8.4
1753592021005,04:53:41.005,okx,AAVE/USDT:USDT,296.85,32.4,296.84,14.7,296.86,8.1,296.88,13.4
1753592021305,04:53:41.305,okx,AAVE/USDT:USDT,296.85,11.4,296.84,14.7,296.86,28.8,296.88,13.4
1753592021605,04:53:41.605,okx,AAVE/USDT:USDT,296.87,5.5,296.86,6.5,296.88,14.8,296.89,36.1
1753592021905,04:53:41.905,okx,AAVE/USDT:USDT,296.87,6.2,296.86,6.5,296.88,14.8,296.89,6.8
1753592022105,04:53:42.105,okx,AAVE/USDT:USDT,296.87,6.2,296.86,6.5,296.88,14.8,296.89,6.8
1753592022305,04:53:42.305,okx,AAVE/USDT:USDT,296.87,19.0,296.86,6.5,296.88,13.8,296.89,6.8
1753592022605,04:53:42.605,okx,AAVE/USDT:USDT,296.87,6.1,296.86,6.5,296.88,13.8,296.89,6.8
1753592022705,04:53:42.705,okx,AAVE/USDT:USDT,296.87,6.1,296.86,6.5,296.88,13.8,296.89,6.8
1753592023905,04:53:43.905,okx,AAVE/USDT:USDT,296.89,29.3,296.88,19.8,296.9,13.2,296.91,0.2
1753592024305,04:53:44.305,okx,AAVE/USDT:USDT,296.89,24.9,296.88,7.9,296.9,13.2,296.91,0.2
1753592024705,04:53:44.705,okx,AAVE/USDT:USDT,296.89,25.6,296.88,7.9,296.9,8.5,296.91,0.2
1753592024905,04:53:44.905,okx,AAVE/USDT:USDT,296.89,25.6,296.88,7.9,296.9,8.5,296.91,0.2
1753592025405,04:53:45.405,okx,AAVE/USDT:USDT,296.89,146.7,296.88,7.9,296.9,35.7,296.91,0.2
1753592025505,04:53:45.505,okx,AAVE/USDT:USDT,296.89,27.4,296.88,7.9,296.9,8.5,296.91,0.2
1753592025605,04:53:45.605,okx,AAVE/USDT:USDT,296.89,27.4,296.88,7.9,296.9,8.5,296.91,0.2
1753592025705,04:53:45.705,okx,AAVE/USDT:USDT,296.89,55.5,296.88,7.9,296.9,8.5,296.91,0.2
1753592026005,04:53:46.005,okx,AAVE/USDT:USDT,296.89,27.4,296.88,7.9,296.9,8.5,296.91,0.2
1753592026205,04:53:46.205,okx,AAVE/USDT:USDT,296.89,25.7,296.88,0.1,296.9,43.3,296.91,70.3
1753592026405,04:53:46.405,okx,AAVE/USDT:USDT,296.89,25.7,296.88,0.1,296.9,211.4,296.91,70.3
1753592027005,04:53:47.005,okx,AAVE/USDT:USDT,296.89,32.9,296.88,7.9,296.9,57.2,296.91,0.2
1753592027405,04:53:47.405,okx,AAVE/USDT:USDT,296.89,32.9,296.88,7.9,296.9,57.2,296.91,0.2
1753592027605,04:53:47.605,okx,AAVE/USDT:USDT,296.89,27.7,296.88,7.9,296.9,57.2,296.91,0.2
1753592027705,04:53:47.705,okx,AAVE/USDT:USDT,296.89,27.7,296.88,7.9,296.9,57.2,296.91,0.2
1753592028005,04:53:48.005,okx,AAVE/USDT:USDT,296.89,27.7,296.88,7.9,296.9,57.2,296.91,70.3
1753592028105,04:53:48.105,okx,AAVE/USDT:USDT,296.89,184.8,296.88,74.2,296.9,49.4,296.92,8.3
1753592028405,04:53:48.405,okx,AAVE/USDT:USDT,296.89,184.2,296.88,74.2,296.9,49.4,296.92,0.6
1753592028605,04:53:48.605,okx,AAVE/USDT:USDT,296.89,184.2,296.88,74.2,296.9,49.4,296.92,0.6
1753592028705,04:53:48.705,okx,AAVE/USDT:USDT,296.89,184.2,296.88,74.2,296.9,49.4,296.92,0.6
1753592028805,04:53:48.805,okx,AAVE/USDT:USDT,296.89,184.2,296.88,74.2,296.9,15.0,296.92,0.6
1753592029005,04:53:49.005,okx,AAVE/USDT:USDT,296.89,184.2,296.88,74.2,296.9,15.0,296.92,0.6
1753592029405,04:53:49.405,okx,AAVE/USDT:USDT,296.89,170.1,296.88,51.7,296.9,15.0,296.92,0.6
1753592029805,04:53:49.805,okx,AAVE/USDT:USDT,296.89,178.9,296.88,51.7,296.9,2.4,296.92,0.6
1753592029905,04:53:49.905,okx,AAVE/USDT:USDT,296.89,178.9,296.88,51.7,296.9,2.4,296.92,0.6
1753592030205,04:53:50.205,okx,AAVE/USDT:USDT,296.89,178.9,296.88,51.7,296.9,2.4,296.92,0.6
1753592030405,04:53:50.405,okx,AAVE/USDT:USDT,296.89,178.8,296.88,31.1,296.9,2.4,296.92,0.6
1753592030705,04:53:50.705,okx,AAVE/USDT:USDT,296.89,50.6,296.88,30.9,296.9,2.4,296.92,8.4
1753592030905,04:53:50.905,okx,AAVE/USDT:USDT,296.89,170.0,296.88,51.4,296.9,2.4,296.92,0.6
1753592031005,04:53:51.005,okx,AAVE/USDT:USDT,296.89,170.0,296.88,51.4,296.9,2.4,296.92,0.6
1753592031505,04:53:51.505,okx,AAVE/USDT:USDT,296.89,170.0,296.88,51.4,296.9,2.5,296.92,0.6
1753592031605,04:53:51.605,okx,AAVE/USDT:USDT,296.89,170.0,296.88,51.4,296.9,2.5,296.92,0.6
1753592031905,04:53:51.905,okx,AAVE/USDT:USDT,296.89,170.0,296.88,12.5,296.9,2.5,296.92,8.4
1753592032205,04:53:52.205,okx,AAVE/USDT:USDT,296.93,161.8,296.92,80.5,296.94,14.7,296.96,13.4
1753592033605,04:53:53.605,okx,AAVE/USDT:USDT,296.93,46.7,296.92,22.6,296.94,0.1,296.96,13.7
1753592033805,04:53:53.805,okx,AAVE/USDT:USDT,296.93,154.8,296.92,22.6,296.94,0.1,296.96,13.7
1753592034105,04:53:54.105,okx,AAVE/USDT:USDT,296.93,23.3,296.92,41.4,296.94,23.0,296.95,47.9
1753592034205,04:53:54.205,okx,AAVE/USDT:USDT,296.93,19.2,296.92,41.4,296.94,9.1,296.95,47.9
1753592034405,04:53:54.405,okx,AAVE/USDT:USDT,296.93,19.2,296.92,41.4,296.94,9.3,296.95,47.9
1753592034605,04:53:54.605,okx,AAVE/USDT:USDT,296.93,19.9,296.92,41.4,296.94,56.1,296.95,47.9
1753592035205,04:53:55.205,okx,AAVE/USDT:USDT,296.93,21.6,296.92,41.4,296.94,16.1,296.95,47.9
1753592035305,04:53:55.305,okx,AAVE/USDT:USDT,296.93,21.6,296.92,41.4,296.94,16.1,296.95,18.6
1753592035505,04:53:55.505,okx,AAVE/USDT:USDT,296.93,27.6,296.92,41.4,296.94,8.5,296.96,13.7
1753592035705,04:53:55.705,okx,AAVE/USDT:USDT,296.93,27.6,296.92,41.4,296.94,8.5,296.96,13.1
1753592036505,04:53:56.505,okx,AAVE/USDT:USDT,296.93,30.1,296.92,41.4,296.94,10.1,296.95,18.6
1753592036705,04:53:56.705,okx,AAVE/USDT:USDT,296.93,30.4,296.92,41.4,296.94,9.3,296.96,13.1
1753592036805,04:53:56.805,okx,AAVE/USDT:USDT,296.93,30.4,296.92,41.4,296.94,8.5,296.96,13.1
1753592037105,04:53:57.105,okx,AAVE/USDT:USDT,296.93,37.2,296.92,41.4,296.94,8.5,296.95,17.8
1753592037405,04:53:57.405,okx,AAVE/USDT:USDT,296.93,37.2,296.92,41.4,296.94,8.5,296.96,22.3
1753592037505,04:53:57.505,okx,AAVE/USDT:USDT,296.93,37.2,296.92,41.4,296.94,8.5,296.96,22.3
1753592037605,04:53:57.605,okx,AAVE/USDT:USDT,296.93,37.2,296.92,41.4,296.94,8.5,296.96,22.3
1753592038305,04:53:58.305,okx,AAVE/USDT:USDT,296.93,37.4,296.92,41.4,296.94,8.5,296.96,22.3
1753592038505,04:53:58.505,okx,AAVE/USDT:USDT,296.93,37.3,296.92,41.4,296.94,8.5,296.96,22.3
1753592039105,04:53:59.105,okx,AAVE/USDT:USDT,296.93,37.3,296.92,41.4,296.94,8.5,296.96,22.3
1753592040005,04:54:00.005,okx,AAVE/USDT:USDT,296.93,156.7,296.92,63.9,296.94,0.5,296.96,17.8
1753592040305,04:54:00.305,okx,AAVE/USDT:USDT,296.93,30.5,296.92,41.5,296.94,9.3,296.96,63.8
1753592040405,04:54:00.405,okx,AAVE/USDT:USDT,296.93,30.5,296.92,41.5,296.94,9.3,296.96,40.2
1753592040505,04:54:00.505,okx,AAVE/USDT:USDT,296.93,30.5,296.92,41.5,296.94,8.5,296.96,40.2
1753592040605,04:54:00.605,okx,AAVE/USDT:USDT,296.93,30.5,296.92,41.5,296.94,8.5,296.96,40.2
1753592040805,04:54:00.805,okx,AAVE/USDT:USDT,296.93,30.5,296.92,41.5,296.94,8.7,296.95,0.2
1753592041005,04:54:01.005,okx,AAVE/USDT:USDT,296.93,149.7,296.92,41.5,296.94,29.1,296.95,0.2
1753592041105,04:54:01.105,okx,AAVE/USDT:USDT,296.93,149.7,296.92,41.5,296.94,32.7,296.95,0.2
1753592041205,04:54:01.205,okx,AAVE/USDT:USDT,296.93,30.3,296.92,41.5,296.94,8.5,296.95,0.2
1753592041805,04:54:01.805,okx,AAVE/USDT:USDT,296.93,165.1,296.92,64.8,296.94,1.1,296.95,0.2
1753592042405,04:54:02.405,okx,AAVE/USDT:USDT,296.93,57.0,296.92,64.8,296.94,1.1,296.95,0.2
1753592042605,04:54:02.605,okx,AAVE/USDT:USDT,296.93,176.4,296.92,41.5,296.94,1.1,296.95,0.2
1753592042805,04:54:02.805,okx,AAVE/USDT:USDT,296.93,176.4,296.92,41.5,296.94,1.1,296.95,0.2
1753592043005,04:54:03.005,okx,AAVE/USDT:USDT,296.93,37.4,296.92,41.5,296.94,9.7,296.95,0.2
1753592043405,04:54:03.405,okx,AAVE/USDT:USDT,296.93,31.3,296.92,41.5,296.94,9.7,296.95,0.2
1753592043605,04:54:03.605,okx,AAVE/USDT:USDT,296.93,31.3,296.92,41.5,296.94,9.7,296.95,0.2
1753592043705,04:54:03.705,okx,AAVE/USDT:USDT,296.93,31.3,296.92,41.5,296.94,9.7,296.95,0.2
1753592044005,04:54:04.005,okx,AAVE/USDT:USDT,296.93,28.9,296.92,41.5,296.94,8.0,296.95,0.2
1753592044105,04:54:04.105,okx,AAVE/USDT:USDT,296.93,28.9,296.92,41.5,296.94,8.0,296.95,0.2
1753592045105,04:54:05.105,okx,AAVE/USDT:USDT,296.93,166.1,296.92,41.5,296.94,0.9,296.95,0.2
1753592045505,04:54:05.505,okx,AAVE/USDT:USDT,296.93,60.3,296.92,64.8,296.94,26.4,296.95,0.2
1753592045605,04:54:05.605,okx,AAVE/USDT:USDT,296.93,44.2,296.92,41.5,296.94,0.9,296.95,0.2
1753592045705,04:54:05.705,okx,AAVE/USDT:USDT,296.97,19.7,296.96,25.3,296.98,15.2,296.99,34.8
1753592046505,04:54:06.505,okx,AAVE/USDT:USDT,297.0,18.8,296.98,14.9,297.01,181.6,297.02,51.0
1753592046905,04:54:06.905,okx,AAVE/USDT:USDT,297.0,19.1,296.98,14.9,297.01,82.7,297.02,24.0
1753592047005,04:54:07.005,okx,AAVE/USDT:USDT,297.0,19.1,296.98,14.9,297.01,125.5,297.02,24.0
1753592047105,04:54:07.105,okx,AAVE/USDT:USDT,297.0,19.1,296.98,14.9,297.01,82.7,297.02,24.0
1753592047705,04:54:07.705,okx,AAVE/USDT:USDT,297.0,19.4,296.98,14.9,297.01,96.0,297.02,51.0
1753592047805,04:54:07.805,okx,AAVE/USDT:USDT,297.0,19.4,296.98,14.9,297.01,199.3,297.02,24.0
1753592047905,04:54:07.905,okx,AAVE/USDT:USDT,297.0,19.4,296.98,14.9,297.01,79.7,297.02,24.0
1753592048005,04:54:08.005,okx,AAVE/USDT:USDT,297.0,19.4,296.98,14.9,297.01,79.7,297.02,24.0
1753592048105,04:54:08.105,okx,AAVE/USDT:USDT,297.0,19.8,296.98,14.9,297.01,63.3,297.02,23.2
1753592048205,04:54:08.205,okx,AAVE/USDT:USDT,297.0,39.7,296.98,14.9,297.01,63.3,297.02,23.2
1753592048305,04:54:08.305,okx,AAVE/USDT:USDT,297.0,39.7,296.98,14.9,297.01,63.3,297.02,23.2
1753592048505,04:54:08.505,okx,AAVE/USDT:USDT,297.0,39.7,296.98,14.9,297.01,63.3,297.02,23.2
1753592048805,04:54:08.805,okx,AAVE/USDT:USDT,297.0,39.7,296.98,14.9,297.01,63.3,297.02,23.2
1753592049205,04:54:09.205,okx,AAVE/USDT:USDT,297.0,40.0,296.98,14.9,297.01,191.5,297.02,24.0
1753592049305,04:54:09.305,okx,AAVE/USDT:USDT,297.0,37.5,296.98,15.0,297.01,212.7,297.02,51.0
1753592049705,04:54:09.705,okx,AAVE/USDT:USDT,297.0,40.1,296.98,15.0,297.01,30.4,297.02,23.2
1753592049805,04:54:09.805,okx,AAVE/USDT:USDT,297.0,40.0,296.98,15.0,297.01,30.3,297.02,23.2
1753592049905,04:54:09.905,okx,AAVE/USDT:USDT,297.0,40.0,296.98,15.0,297.01,30.3,297.02,23.2
1753592050005,04:54:10.005,okx,AAVE/USDT:USDT,297.0,67.7,296.98,15.0,297.01,19.9,297.02,23.2
1753592050205,04:54:10.205,okx,AAVE/USDT:USDT,297.0,200.7,296.99,74.7,297.01,71.0,297.03,0.1
1753592050505,04:54:10.505,okx,AAVE/USDT:USDT,297.03,218.3,297.02,86.1,297.04,0.1,297.05,0.4
1753592051005,04:54:11.005,okx,AAVE/USDT:USDT,297.03,4.9,297.02,7.8,297.04,106.2,297.05,27.1
1753592051505,04:54:11.505,okx,AAVE/USDT:USDT,297.03,11.7,297.02,7.8,297.04,22.2,297.05,0.1
1753592051805,04:54:11.805,okx,AAVE/USDT:USDT,297.03,12.0,297.02,7.8,297.04,22.2,297.05,0.1
1753592051905,04:54:11.905,okx,AAVE/USDT:USDT,297.03,12.0,297.02,7.8,297.04,22.2,297.05,0.1
1753592052005,04:54:12.005,okx,AAVE/USDT:USDT,297.03,12.0,297.02,7.8,297.04,22.2,297.05,0.1
1753592052105,04:54:12.105,okx,AAVE/USDT:USDT,297.03,22.6,297.02,12.5,297.04,8.6,297.05,0.1
1753592052205,04:54:12.205,okx,AAVE/USDT:USDT,297.03,31.9,297.02,12.5,297.04,15.4,297.05,0.1
1753592052305,04:54:12.305,okx,AAVE/USDT:USDT,297.03,32.1,297.02,12.5,297.04,15.4,297.05,0.1
1753592052405,04:54:12.405,okx,AAVE/USDT:USDT,297.03,32.1,297.02,12.5,297.04,8.6,297.05,0.1
1753592052505,04:54:12.505,okx,AAVE/USDT:USDT,297.03,32.4,297.02,12.5,297.04,8.6,297.05,0.1
1753592052605,04:54:12.605,okx,AAVE/USDT:USDT,297.03,32.4,297.02,12.5,297.04,0.8,297.05,0.1
1753592052705,04:54:12.705,okx,AAVE/USDT:USDT,297.03,169.3,297.02,12.5,297.04,0.8,297.05,0.1
1753592052805,04:54:12.805,okx,AAVE/USDT:USDT,297.03,169.5,297.02,12.5,297.04,0.8,297.05,0.1
1753592052905,04:54:12.905,okx,AAVE/USDT:USDT,297.03,169.5,297.02,12.5,297.04,0.8,297.05,0.1
1753592053305,04:54:13.305,okx,AAVE/USDT:USDT,297.03,178.5,297.02,61.2,297.04,1.2,297.05,0.1
1753592053805,04:54:13.805,okx,AAVE/USDT:USDT,297.03,194.7,297.02,84.5,297.04,1.2,297.05,0.1
1753592054405,04:54:14.405,okx,AAVE/USDT:USDT,297.03,172.3,297.02,61.2,297.04,1.2,297.05,0.1
1753592054905,04:54:14.905,okx,AAVE/USDT:USDT,297.03,178.1,297.02,59.4,297.04,1.2,297.05,0.1
1753592055205,04:54:15.205,okx,AAVE/USDT:USDT,297.03,179.5,297.02,82.7,297.04,1.2,297.05,0.1
1753592055405,04:54:15.405,okx,AAVE/USDT:USDT,297.03,179.3,297.02,82.7,297.04,1.2,297.05,0.1
1753592055505,04:54:15.505,okx,AAVE/USDT:USDT,297.03,179.3,297.02,82.7,297.04,1.2,297.05,0.1
1753592055605,04:54:15.605,okx,AAVE/USDT:USDT,297.03,179.3,297.02,82.7,297.04,1.2,297.05,0.1
1753592055905,04:54:15.905,okx,AAVE/USDT:USDT,297.03,59.7,297.02,12.5,297.04,1.2,297.05,0.1
1753592056005,04:54:16.005,okx,AAVE/USDT:USDT,297.03,42.2,297.02,12.5,297.04,8.0,297.05,0.1
1753592056105,04:54:16.105,okx,AAVE/USDT:USDT,297.03,42.2,297.02,12.5,297.04,15.8,297.05,0.1
1753592056405,04:54:16.405,okx,AAVE/USDT:USDT,297.03,42.2,297.02,12.5,297.04,15.9,297.05,0.1
1753592056705,04:54:16.705,okx,AAVE/USDT:USDT,297.03,35.4,297.02,12.5,297.04,10.7,297.05,0.1
1753592056905,04:54:16.905,okx,AAVE/USDT:USDT,297.03,212.7,297.02,60.9,297.04,0.8,297.05,0.1
1753592057105,04:54:17.105,okx,AAVE/USDT:USDT,297.03,198.9,297.02,38.3,297.04,0.8,297.05,0.1
1753592057405,04:54:17.405,okx,AAVE/USDT:USDT,297.03,198.5,297.02,37.6,297.04,0.8,297.05,0.1
1753592057505,04:54:17.505,okx,AAVE/USDT:USDT,297.03,212.3,297.02,60.9,297.04,0.8,297.05,0.1
1753592057705,04:54:17.705,okx,AAVE/USDT:USDT,297.03,212.3,297.02,60.9,297.04,0.8,297.05,0.1
1753592057805,04:54:17.805,okx,AAVE/USDT:USDT,297.03,212.3,297.02,60.9,297.04,0.8,297.05,0.1
1753592057905,04:54:17.905,okx,AAVE/USDT:USDT,297.03,212.3,297.02,60.9,297.04,0.8,297.05,0.1
1753592058105,04:54:18.105,okx,AAVE/USDT:USDT,297.03,212.3,297.02,60.9,297.04,0.8,297.05,0.1
1753592058305,04:54:18.305,okx,AAVE/USDT:USDT,297.03,198.5,297.02,37.6,297.04,0.8,297.05,0.1
1753592058405,04:54:18.405,okx,AAVE/USDT:USDT,297.03,198.3,297.02,12.5,297.04,1.2,297.05,0.1
1753592058505,04:54:18.505,okx,AAVE/USDT:USDT,297.03,227.2,297.02,84.6,297.04,1.2,297.05,0.1
1753592058905,04:54:18.905,okx,AAVE/USDT:USDT,297.03,227.4,297.02,84.6,297.04,1.2,297.05,0.1
1753592059105,04:54:19.105,okx,AAVE/USDT:USDT,297.03,227.4,297.02,84.6,297.04,1.2,297.05,0.1
1753592059305,04:54:19.305,okx,AAVE/USDT:USDT,297.03,227.7,297.02,84.6,297.04,1.2,297.05,0.1
1753592059405,04:54:19.405,okx,AAVE/USDT:USDT,297.03,62.7,297.02,12.5,297.04,1.2,297.05,0.1
1753592059505,04:54:19.505,okx,AAVE/USDT:USDT,297.03,62.7,297.02,12.5,297.04,1.2,297.05,0.1
1753592059605,04:54:19.605,okx,AAVE/USDT:USDT,297.03,214.9,297.02,85.2,297.04,1.2,297.05,0.1
1753592059705,04:54:19.705,okx,AAVE/USDT:USDT,297.03,201.1,297.02,61.9,297.04,1.2,297.05,0.1
1753592059905,04:54:19.905,okx,AAVE/USDT:USDT,297.03,201.1,297.02,13.2,297.04,1.2,297.05,0.1
1753592060205,04:54:20.205,okx,AAVE/USDT:USDT,297.03,201.1,297.02,61.2,297.04,1.3,297.05,0.1
1753592060405,04:54:20.405,okx,AAVE/USDT:USDT,297.03,177.5,297.02,7.8,297.04,1.3,297.05,0.1
1753592060505,04:54:20.505,okx,AAVE/USDT:USDT,297.03,181.4,297.02,33.1,297.04,1.3,297.05,0.1
1753592060605,04:54:20.605,okx,AAVE/USDT:USDT,297.03,195.4,297.02,56.4,297.04,1.3,297.05,0.1
1753592061205,04:54:21.205,okx,AAVE/USDT:USDT,297.03,43.2,297.02,7.8,297.04,9.5,297.05,0.1
1753592061705,04:54:21.705,okx,AAVE/USDT:USDT,297.03,78.1,297.02,56.8,297.04,1.3,297.05,0.1
1753592061805,04:54:21.805,okx,AAVE/USDT:USDT,297.03,211.3,297.02,80.1,297.04,1.3,297.05,0.1
1753592062405,04:54:22.405,okx,AAVE/USDT:USDT,297.03,211.3,297.02,80.1,297.04,1.3,297.05,0.1
1753592062505,04:54:22.505,okx,AAVE/USDT:USDT,297.03,63.0,297.02,7.8,297.04,9.5,297.05,0.1
1753592062605,04:54:22.605,okx,AAVE/USDT:USDT,297.03,63.0,297.02,7.8,297.04,9.5,297.05,0.1
1753592062805,04:54:22.805,okx,AAVE/USDT:USDT,297.03,36.4,297.02,7.8,297.04,16.3,297.05,0.1
1753592063105,04:54:23.105,okx,AAVE/USDT:USDT,297.03,34.0,297.02,7.8,297.04,16.3,297.05,0.1
1753592063205,04:54:23.205,okx,AAVE/USDT:USDT,297.03,34.0,297.02,7.8,297.04,16.3,297.05,0.1
1753592063605,04:54:23.605,okx,AAVE/USDT:USDT,297.03,34.6,297.02,7.8,297.04,16.3,297.05,0.1
1753592064305,04:54:24.305,okx,AAVE/USDT:USDT,297.03,201.4,297.02,84.5,297.04,1.3,297.05,0.1
1753592065005,04:54:25.005,okx,AAVE/USDT:USDT,297.03,194.6,297.02,84.5,297.04,1.3,297.05,0.1
1753592065105,04:54:25.105,okx,AAVE/USDT:USDT,297.03,194.6,297.02,84.5,297.04,1.3,297.05,0.1
1753592065705,04:54:25.705,okx,AAVE/USDT:USDT,297.03,180.3,297.02,59.4,297.04,1.3,297.05,0.1
1753592065805,04:54:25.805,okx,AAVE/USDT:USDT,297.03,180.3,297.02,82.7,297.04,1.3,297.05,0.1
1753592065905,04:54:25.905,okx,AAVE/USDT:USDT,297.03,180.3,297.02,82.7,297.04,1.3,297.05,0.1
1753592066105,04:54:26.105,okx,AAVE/USDT:USDT,297.05,116.6,297.04,296.5,297.06,0.4,297.07,0.4
1753592066405,04:54:26.405,okx,AAVE/USDT:USDT,297.07,65.1,297.06,137.0,297.08,0.8,297.09,0.4
1753592066805,04:54:26.805,okx,AAVE/USDT:USDT,297.07,45.3,297.06,53.7,297.08,10.2,297.09,0.1
1753592067005,04:54:27.005,okx,AAVE/USDT:USDT,297.07,212.2,297.06,137.6,297.08,2.0,297.09,0.1
1753592067105,04:54:27.105,okx,AAVE/USDT:USDT,297.07,92.8,297.06,137.6,297.08,2.0,297.09,0.1
1753592067305,04:54:27.305,okx,AAVE/USDT:USDT,297.07,212.2,297.06,137.6,297.08,1.3,297.09,0.1
1753592067405,04:54:27.405,okx,AAVE/USDT:USDT,297.07,198.4,297.06,114.3,297.08,1.3,297.09,0.1
1753592067605,04:54:27.605,okx,AAVE/USDT:USDT,297.07,212.6,297.06,137.6,297.08,1.3,297.09,0.1
1753592067705,04:54:27.705,okx,AAVE/USDT:USDT,297.07,93.2,297.06,137.6,297.08,1.3,297.09,0.1
1753592067805,04:54:27.805,okx,AAVE/USDT:USDT,297.07,212.6,297.06,137.6,297.08,1.3,297.09,0.1
1753592067905,04:54:27.905,okx,AAVE/USDT:USDT,297.07,64.3,297.06,90.6,297.08,1.3,297.09,0.1
1753592068305,04:54:28.305,okx,AAVE/USDT:USDT,297.07,7.3,297.06,8.2,297.08,43.4,297.09,71.8
1753592068505,04:54:28.505,okx,AAVE/USDT:USDT,297.07,8.2,297.05,4.8,297.08,197.9,297.09,22.7
1753592068605,04:54:28.605,okx,AAVE/USDT:USDT,297.07,10.6,297.05,5.1,297.08,63.8,297.1,38.2
1753592068705,04:54:28.705,okx,AAVE/USDT:USDT,297.07,19.5,297.05,5.1,297.08,63.8,297.1,38.2
1753592069005,04:54:29.005,okx,AAVE/USDT:USDT,297.07,19.4,297.05,0.4,297.08,63.8,297.09,9.3
1753592069105,04:54:29.105,okx,AAVE/USDT:USDT,297.07,19.4,297.05,0.4,297.08,63.8,297.09,9.3
1753592069405,04:54:29.405,okx,AAVE/USDT:USDT,297.07,19.4,297.05,0.4,297.08,63.0,297.09,9.3
1753592069705,04:54:29.705,okx,AAVE/USDT:USDT,297.07,19.4,297.06,8.2,297.08,15.0,297.09,9.3
1753592069805,04:54:29.805,okx,AAVE/USDT:USDT,297.07,19.4,297.06,8.2,297.08,134.4,297.09,10.1
1753592069905,04:54:29.905,okx,AAVE/USDT:USDT,297.07,19.4,297.06,8.2,297.08,134.6,297.09,10.1
1753592070005,04:54:30.005,okx,AAVE/USDT:USDT,297.07,19.4,297.05,0.4,297.08,152.0,297.09,30.6
1753592070105,04:54:30.105,okx,AAVE/USDT:USDT,297.07,19.0,297.05,0.4,297.08,152.0,297.09,30.6
1753592070505,04:54:30.505,okx,AAVE/USDT:USDT,297.07,50.3,297.05,0.4,297.08,50.7,297.09,36.0
1753592070605,04:54:30.605,okx,AAVE/USDT:USDT,297.07,50.3,297.05,0.4,297.08,15.2,297.09,9.3
1753592071105,04:54:31.105,okx,AAVE/USDT:USDT,297.07,50.3,297.05,0.4,297.08,15.2,297.1,10.0
1753592071505,04:54:31.505,okx,AAVE/USDT:USDT,297.07,50.1,297.06,8.2,297.08,8.4,297.1,10.0
1753592071605,04:54:31.605,okx,AAVE/USDT:USDT,297.07,50.3,297.06,8.2,297.08,10.9,297.1,10.0
1753592071705,04:54:31.705,okx,AAVE/USDT:USDT,297.07,50.3,297.06,8.2,297.08,10.9,297.1,10.0
1753592071805,04:54:31.805,okx,AAVE/USDT:USDT,297.07,50.3,297.06,8.2,297.08,10.9,297.1,10.0
1753592072305,04:54:32.305,okx,AAVE/USDT:USDT,297.07,50.1,297.06,8.2,297.08,8.8,297.1,10.0
1753592072405,04:54:32.405,okx,AAVE/USDT:USDT,297.07,50.0,297.06,8.2,297.08,22.7,297.09,0.8
1753592072505,04:54:32.505,okx,AAVE/USDT:USDT,297.07,50.0,297.06,8.2,297.08,22.7,297.09,0.8
1753592072905,04:54:32.905,okx,AAVE/USDT:USDT,297.07,50.0,297.06,8.2,297.08,180.3,297.09,26.7
1753592073105,04:54:33.105,okx,AAVE/USDT:USDT,297.07,50.0,297.06,8.2,297.08,180.3,297.09,26.7
1753592073205,04:54:33.205,okx,AAVE/USDT:USDT,297.07,50.0,297.05,0.4,297.08,180.3,297.09,48.0
1753592073505,04:54:33.505,okx,AAVE/USDT:USDT,297.07,50.3,297.05,0.4,297.08,180.3,297.09,25.9
1753592073805,04:54:33.805,okx,AAVE/USDT:USDT,297.07,50.3,297.05,0.4,297.08,180.3,297.09,79.7
1753592074005,04:54:34.005,okx,AAVE/USDT:USDT,297.07,50.3,297.05,0.4,297.08,60.9,297.09,49.9
1753592074105,04:54:34.105,okx,AAVE/USDT:USDT,297.07,50.3,297.05,0.4,297.08,60.9,297.09,25.9
1753592074205,04:54:34.205,okx,AAVE/USDT:USDT,297.07,52.3,297.05,0.4,297.08,187.7,297.09,80.5
1753592074405,04:54:34.405,okx,AAVE/USDT:USDT,297.07,52.3,297.05,0.4,297.08,187.9,297.09,80.5
1753592074705,04:54:34.705,okx,AAVE/USDT:USDT,297.02,8.9,297.01,21.6,297.03,68.7,297.04,21.1
1753592074905,04:54:34.905,okx,AAVE/USDT:USDT,297.02,13.7,297.01,21.6,297.03,15.1,297.04,20.3
1753592075305,04:54:35.305,okx,AAVE/USDT:USDT,297.02,10.4,297.01,21.6,297.03,7.0,297.04,20.3
1753592075405,04:54:35.405,okx,AAVE/USDT:USDT,297.02,18.7,297.01,21.6,297.03,9.0,297.04,20.4
1753592075505,04:54:35.505,okx,AAVE/USDT:USDT,297.02,18.7,297.01,21.6,297.03,9.0,297.04,20.4
1753592075905,04:54:35.905,okx,AAVE/USDT:USDT,297.02,10.4,297.01,21.6,297.03,9.0,297.04,20.4
1753592076005,04:54:36.005,okx,AAVE/USDT:USDT,297.02,17.9,297.01,21.6,297.03,9.0,297.04,20.3
1753592076105,04:54:36.105,okx,AAVE/USDT:USDT,297.02,17.9,297.01,21.6,297.03,9.0,297.04,20.3
1753592076205,04:54:36.205,okx,AAVE/USDT:USDT,297.02,17.9,297.01,21.6,297.03,9.0,297.04,20.3
1753592076305,04:54:36.305,okx,AAVE/USDT:USDT,297.02,10.4,297.01,21.6,297.03,9.0,297.04,20.3
1753592076605,04:54:36.605,okx,AAVE/USDT:USDT,297.0,0.2,296.99,0.3,297.01,262.9,297.02,114.1
1753592077205,04:54:37.205,okx,AAVE/USDT:USDT,296.95,4.0,296.94,8.3,296.96,101.1,296.97,27.6
1753592077505,04:54:37.505,okx,AAVE/USDT:USDT,296.95,4.0,296.94,8.3,296.96,221.2,296.97,27.6
1753592077705,04:54:37.705,okx,AAVE/USDT:USDT,296.95,33.6,296.94,8.3,296.96,101.8,296.97,27.6
1753592077805,04:54:37.805,okx,AAVE/USDT:USDT,296.95,13.3,296.94,8.3,296.96,25.7,296.97,18.2
1753592077905,04:54:37.905,okx,AAVE/USDT:USDT,296.95,10.8,296.94,8.3,296.96,25.7,296.97,18.2
1753592078005,04:54:38.005,okx,AAVE/USDT:USDT,296.95,10.8,296.94,8.3,296.96,25.7,296.97,18.2
1753592078105,04:54:38.105,okx,AAVE/USDT:USDT,296.95,10.8,296.94,8.3,296.96,25.7,296.97,18.2
1753592078505,04:54:38.505,okx,AAVE/USDT:USDT,296.95,10.8,296.94,8.3,296.96,26.1,296.97,18.2
1753592078705,04:54:38.705,okx,AAVE/USDT:USDT,296.95,4.0,296.94,8.3,296.96,32.9,296.97,18.2
1753592078805,04:54:38.805,okx,AAVE/USDT:USDT,296.95,20.4,296.94,8.3,296.96,32.7,296.97,18.2
1753592079405,04:54:39.405,okx,AAVE/USDT:USDT,296.95,4.0,296.94,8.3,296.96,49.8,296.97,72.8
1753592079605,04:54:39.605,okx,AAVE/USDT:USDT,296.95,4.0,296.94,0.1,296.96,50.0,296.97,72.8
1753592080105,04:54:40.105,okx,AAVE/USDT:USDT,296.95,4.0,296.94,0.1,296.96,169.5,296.97,72.8
1753592080205,04:54:40.205,okx,AAVE/USDT:USDT,296.95,4.0,296.94,0.1,296.96,169.5,296.97,72.8
1753592080605,04:54:40.605,okx,AAVE/USDT:USDT,296.91,26.6,296.9,8.3,296.92,216.3,296.93,76.4
1753592080705,04:54:40.705,okx,AAVE/USDT:USDT,296.91,26.8,296.9,8.2,296.92,79.1,296.93,17.0
1753592081205,04:54:41.205,okx,AAVE/USDT:USDT,296.9,8.4,296.89,4.7,296.91,7.1,296.93,5.6
1753592081605,04:54:41.605,okx,AAVE/USDT:USDT,296.9,24.7,296.89,4.7,296.91,7.1,296.93,5.6
1753592082005,04:54:42.005,okx,AAVE/USDT:USDT,296.87,37.4,296.86,8.5,296.88,86.5,296.89,21.1
1753592082505,04:54:42.505,okx,AAVE/USDT:USDT,296.87,26.5,296.86,8.5,296.88,116.1,296.89,12.5
1753592082605,04:54:42.605,okx,AAVE/USDT:USDT,296.86,45.7,296.85,0.3,296.87,197.1,296.88,19.5
1753592082705,04:54:42.705,okx,AAVE/USDT:USDT,296.84,39.2,296.82,13.3,296.85,199.1,296.86,6.8
1753592083005,04:54:43.005,okx,AAVE/USDT:USDT,296.84,22.7,296.82,13.3,296.85,79.5,296.86,15.1
1753592083305,04:54:43.305,okx,AAVE/USDT:USDT,296.84,33.2,296.82,13.3,296.85,73.1,296.86,15.1
1753592083405,04:54:43.405,okx,AAVE/USDT:USDT,296.84,32.7,296.82,13.3,296.85,73.1,296.86,15.1
1753592083905,04:54:43.905,okx,AAVE/USDT:USDT,296.84,25.9,296.82,13.3,296.85,89.8,296.86,15.1
1753592084105,04:54:44.105,okx,AAVE/USDT:USDT,296.84,25.9,296.82,13.3,296.85,94.8,296.86,15.1
1753592084205,04:54:44.205,okx,AAVE/USDT:USDT,296.84,22.7,296.82,13.3,296.85,228.6,296.86,15.9
1753592084405,04:54:44.405,okx,AAVE/USDT:USDT,296.84,22.7,296.82,13.3,296.85,109.0,296.86,15.8
1753592084505,04:54:44.505,okx,AAVE/USDT:USDT,296.84,22.7,296.82,13.3,296.85,109.0,296.86,15.8
1753592084605,04:54:44.605,okx,AAVE/USDT:USDT,296.84,23.0,296.82,13.3,296.85,228.6,296.86,15.0
1753592084805,04:54:44.805,okx,AAVE/USDT:USDT,296.84,26.5,296.82,13.3,296.85,64.5,296.86,15.0
1753592084905,04:54:44.905,okx,AAVE/USDT:USDT,296.84,34.7,296.82,13.3,296.85,64.5,296.86,15.0
1753592085005,04:54:45.005,okx,AAVE/USDT:USDT,296.84,34.7,296.82,13.3,296.85,64.5,296.86,15.0
1753592085105,04:54:45.105,okx,AAVE/USDT:USDT,296.84,31.2,296.82,13.3,296.85,99.5,296.86,15.0
1753592085205,04:54:45.205,okx,AAVE/USDT:USDT,296.84,31.2,296.82,13.3,296.85,64.5,296.86,15.0
1753592085605,04:54:45.605,okx,AAVE/USDT:USDT,296.84,23.0,296.82,13.3,296.85,183.8,296.86,15.0
1753592086205,04:54:46.205,okx,AAVE/USDT:USDT,296.84,170.7,296.83,22.6,296.85,13.5,296.87,5.5
1753592086305,04:54:46.305,okx,AAVE/USDT:USDT,296.84,170.7,296.83,22.6,296.85,13.5,296.87,5.5
1753592086505,04:54:46.505,okx,AAVE/USDT:USDT,296.84,170.7,296.82,22.9,296.85,13.5,296.87,5.5
1753592086705,04:54:46.705,okx,AAVE/USDT:USDT,296.84,176.7,296.83,22.3,296.85,13.5,296.87,5.5
1753592086905,04:54:46.905,okx,AAVE/USDT:USDT,296.84,176.7,296.83,70.8,296.85,13.5,296.87,0.3
1753592087005,04:54:47.005,okx,AAVE/USDT:USDT,296.86,75.1,296.85,26.2,296.87,0.3,296.88,1.6
1753592087605,04:54:47.605,okx,AAVE/USDT:USDT,296.89,29.2,296.88,53.2,296.9,1.8,296.91,0.2
1753592087805,04:54:47.805,okx,AAVE/USDT:USDT,296.89,29.2,296.88,53.2,296.9,1.8,296.91,0.2
1753592087905,04:54:47.905,okx,AAVE/USDT:USDT,296.89,26.7,296.88,31.6,296.9,1.8,296.91,0.2
1753592088305,04:54:48.305,okx,AAVE/USDT:USDT,296.89,25.9,296.88,31.6,296.9,10.0,296.91,0.2
1753592088605,04:54:48.605,okx,AAVE/USDT:USDT,296.89,15.8,296.88,31.6,296.9,10.7,296.91,0.2
1753592089305,04:54:49.305,okx,AAVE/USDT:USDT,296.89,15.0,296.88,31.6,296.9,10.7,296.91,0.2
1753592089405,04:54:49.405,okx,AAVE/USDT:USDT,296.89,26.7,296.88,31.6,296.9,10.7,296.91,0.2
1753592089505,04:54:49.505,okx,AAVE/USDT:USDT,296.89,26.7,296.88,31.6,296.9,10.7,296.91,0.2
1753592089705,04:54:49.705,okx,AAVE/USDT:USDT,296.89,27.0,296.88,31.6,296.9,10.7,296.91,0.2
1753592089805,04:54:49.805,okx,AAVE/USDT:USDT,296.89,27.0,296.88,31.6,296.9,10.7,296.91,0.2
1753592090105,04:54:50.105,okx,AAVE/USDT:USDT,296.89,27.8,296.88,31.6,296.9,10.7,296.91,0.2
1753592090205,04:54:50.205,okx,AAVE/USDT:USDT,296.89,27.8,296.88,31.6,296.9,10.7,296.91,0.2
1753592090505,04:54:50.505,okx,AAVE/USDT:USDT,296.89,24.7,296.88,31.6,296.9,10.7,296.91,0.2
1753592090805,04:54:50.805,okx,AAVE/USDT:USDT,296.89,18.6,296.88,31.6,296.9,10.7,296.91,0.2
1753592090905,04:54:50.905,okx,AAVE/USDT:USDT,296.89,18.6,296.88,31.6,296.9,10.7,296.91,0.2
1753592091005,04:54:51.005,okx,AAVE/USDT:USDT,296.89,18.6,296.88,31.6,296.9,10.7,296.91,0.2
1753592091405,04:54:51.405,okx,AAVE/USDT:USDT,296.89,12.0,296.88,24.8,296.9,17.5,296.91,0.2
1753592091605,04:54:51.605,okx,AAVE/USDT:USDT,296.89,8.3,296.88,24.8,296.9,17.5,296.91,21.0
1753592091705,04:54:51.705,okx,AAVE/USDT:USDT,296.89,8.3,296.88,24.8,296.9,17.5,296.91,21.0
1753592092105,04:54:52.105,okx,AAVE/USDT:USDT,296.89,40.6,296.88,24.8,296.9,10.7,296.91,0.2
1753592092405,04:54:52.405,okx,AAVE/USDT:USDT,296.89,40.6,296.88,24.8,296.9,12.2,296.91,0.2
1753592092505,04:54:52.505,okx,AAVE/USDT:USDT,296.89,40.6,296.88,24.8,296.9,12.2,296.91,0.2
1753592092605,04:54:52.605,okx,AAVE/USDT:USDT,296.89,21.7,296.88,24.8,296.9,12.2,296.91,0.2
1753592093005,04:54:53.005,okx,AAVE/USDT:USDT,296.89,8.3,296.88,24.8,296.9,92.2,296.91,21.0
1753592093105,04:54:53.105,okx,AAVE/USDT:USDT,296.89,8.3,296.88,24.8,296.9,132.2,296.91,21.8
1753592093205,04:54:53.205,okx,AAVE/USDT:USDT,296.89,8.3,296.88,24.8,296.9,12.7,296.91,21.0
1753592093305,04:54:53.305,okx,AAVE/USDT:USDT,296.89,8.3,296.88,24.8,296.9,12.7,296.91,21.0
1753592093405,04:54:53.405,okx,AAVE/USDT:USDT,296.89,20.5,296.88,24.8,296.9,12.9,296.91,21.0
1753592093505,04:54:53.505,okx,AAVE/USDT:USDT,296.89,20.5,296.88,24.8,296.9,12.9,296.91,21.0
1753592093605,04:54:53.605,okx,AAVE/USDT:USDT,296.89,8.3,296.88,24.8,296.9,18.8,296.91,21.0
1753592093705,04:54:53.705,okx,AAVE/USDT:USDT,296.89,8.3,296.88,24.8,296.9,12.7,296.91,21.0
1753592094005,04:54:54.005,okx,AAVE/USDT:USDT,296.89,8.3,296.88,8.3,296.9,40.2,296.91,72.4
1753592094105,04:54:54.105,okx,AAVE/USDT:USDT,296.89,1.5,296.88,0.1,296.9,16.5,296.91,42.6
1753592094305,04:54:54.305,okx,AAVE/USDT:USDT,296.89,1.5,296.88,0.1,296.9,107.3,296.91,41.8
1753592094405,04:54:54.405,okx,AAVE/USDT:USDT,296.92,21.4,296.9,156.0,296.93,6.8,296.94,25.7
1753592094505,04:54:54.505,okx,AAVE/USDT:USDT,296.93,21.1,296.92,4.8,296.94,10.0,296.95,5.2
1753592094705,04:54:54.705,okx,AAVE/USDT:USDT,296.93,14.5,296.92,0.3,296.94,16.8,296.95,5.2
1753592094905,04:54:54.905,okx,AAVE/USDT:USDT,296.93,26.4,296.92,0.3,296.94,17.0,296.95,5.2
1753592095005,04:54:55.005,okx,AAVE/USDT:USDT,296.93,26.4,296.92,0.3,296.94,17.0,296.95,5.2
1753592095505,04:54:55.505,okx,AAVE/USDT:USDT,296.93,26.4,296.92,8.5,296.94,7.7,296.95,5.2
1753592095605,04:54:55.605,okx,AAVE/USDT:USDT,296.93,26.4,296.92,8.5,296.94,7.7,296.95,5.2
1753592095705,04:54:55.705,okx,AAVE/USDT:USDT,296.93,21.1,296.92,8.5,296.94,7.7,296.95,5.2
1753592096005,04:54:56.005,okx,AAVE/USDT:USDT,296.93,26.3,296.92,8.5,296.94,7.7,296.95,5.2
1753592096105,04:54:56.105,okx,AAVE/USDT:USDT,296.93,26.3,296.92,8.5,296.94,7.7,296.95,5.2
1753592096205,04:54:56.205,okx,AAVE/USDT:USDT,296.93,26.5,296.92,8.5,296.94,7.7,296.95,5.2
1753592096605,04:54:56.605,okx,AAVE/USDT:USDT,296.93,6.2,296.92,8.5,296.94,7.7,296.95,5.2
1753592096705,04:54:56.705,okx,AAVE/USDT:USDT,296.93,6.2,296.92,8.5,296.94,7.7,296.95,5.2
1753592097105,04:54:57.105,okx,AAVE/USDT:USDT,296.93,6.2,296.92,8.5,296.94,7.7,296.95,25.6
1753592097205,04:54:57.205,okx,AAVE/USDT:USDT,296.93,6.2,296.92,8.5,296.94,7.7,296.95,25.6
1753592097405,04:54:57.405,okx,AAVE/USDT:USDT,296.93,6.2,296.92,8.5,296.94,7.7,296.95,25.6
1753592097505,04:54:57.505,okx,AAVE/USDT:USDT,296.93,17.9,296.92,8.5,296.94,7.7,296.95,5.2
1753592097605,04:54:57.605,okx,AAVE/USDT:USDT,296.93,17.9,296.92,8.5,296.94,7.7,296.95,5.2
1753592097705,04:54:57.705,okx,AAVE/USDT:USDT,296.93,37.7,296.92,60.2,296.94,0.9,296.95,5.2
1753592098105,04:54:58.105,okx,AAVE/USDT:USDT,296.93,178.0,296.92,35.4,296.94,0.9,296.96,9.9
1753592098605,04:54:58.605,okx,AAVE/USDT:USDT,296.93,164.3,296.92,13.1,296.94,0.9,296.96,0.6
1753592098705,04:54:58.705,okx,AAVE/USDT:USDT,296.93,164.3,296.92,34.7,296.94,0.9,296.96,0.6
1753592098805,04:54:58.805,okx,AAVE/USDT:USDT,296.93,164.3,296.92,34.7,296.94,0.9,296.96,0.6
1753592098905,04:54:58.905,okx,AAVE/USDT:USDT,296.93,164.3,296.92,34.7,296.94,0.9,296.96,0.6
1753592099005,04:54:59.005,okx,AAVE/USDT:USDT,296.95,194.1,296.94,77.7,296.96,0.1,296.97,0.3
1753592099105,04:54:59.105,okx,AAVE/USDT:USDT,296.95,181.5,296.94,56.1,296.96,0.1,296.97,0.3
1753592099405,04:54:59.405,okx,AAVE/USDT:USDT,296.95,187.1,296.94,77.0,296.96,0.1,296.97,0.3
1753592099605,04:54:59.605,okx,AAVE/USDT:USDT,296.95,187.6,296.94,77.0,296.96,0.1,296.97,0.3
1753592099705,04:54:59.705,okx,AAVE/USDT:USDT,296.95,167.6,296.94,77.0,296.96,0.1,296.97,0.3
1753592099805,04:54:59.805,okx,AAVE/USDT:USDT,296.95,167.6,296.94,77.0,296.96,0.1,296.97,0.3
1753592099905,04:54:59.905,okx,AAVE/USDT:USDT,296.95,167.6,296.94,77.0,296.96,0.1,296.97,0.3
1753592100005,04:55:00.005,okx,AAVE/USDT:USDT,296.95,48.0,296.94,55.4,296.96,0.1,296.97,0.3
1753592100505,04:55:00.505,okx,AAVE/USDT:USDT,296.95,25.3,296.94,32.4,296.96,0.4,296.98,24.4
1753592100805,04:55:00.805,okx,AAVE/USDT:USDT,296.95,144.5,296.94,52.2,296.96,0.2,296.98,24.4
1753592101805,04:55:01.805,okx,AAVE/USDT:USDT,296.95,179.3,296.94,75.2,296.96,0.4,296.97,0.2
1753592102005,04:55:02.005,okx,AAVE/USDT:USDT,296.95,179.3,296.94,75.2,296.96,0.4,296.97,0.2
1753592102105,04:55:02.105,okx,AAVE/USDT:USDT,296.95,179.3,296.94,75.2,296.96,0.4,296.97,0.2
1753592102205,04:55:02.205,okx,AAVE/USDT:USDT,296.95,179.3,296.94,75.2,296.96,0.4,296.97,0.2
1753592102605,04:55:02.605,okx,AAVE/USDT:USDT,296.95,164.6,296.94,51.0,296.96,0.4,296.97,0.2
1753592102705,04:55:02.705,okx,AAVE/USDT:USDT,296.95,164.6,296.94,51.0,296.96,0.4,296.97,0.2
1753592102905,04:55:02.905,okx,AAVE/USDT:USDT,296.95,6.8,296.94,8.2,296.96,7.2,296.97,0.2
1753592103005,04:55:03.005,okx,AAVE/USDT:USDT,296.95,6.8,296.94,8.2,296.96,7.2,296.97,0.2
1753592103205,04:55:03.205,okx,AAVE/USDT:USDT,296.95,138.5,296.94,8.2,296.96,7.4,296.97,0.2
1753592103505,04:55:03.505,okx,AAVE/USDT:USDT,296.95,19.1,296.94,8.2,296.96,7.4,296.97,0.2
1753592103605,04:55:03.605,okx,AAVE/USDT:USDT,296.95,100.7,296.94,52.2,296.96,7.4,296.97,0.2
1753592103805,04:55:03.805,okx,AAVE/USDT:USDT,296.95,19.1,296.94,28.0,296.96,7.4,296.97,0.2
1753592104305,04:55:04.305,okx,AAVE/USDT:USDT,296.95,97.7,296.94,28.0,296.96,0.4,296.97,0.2
1753592104405,04:55:04.405,okx,AAVE/USDT:USDT,296.95,131.5,296.94,52.2,296.96,0.4,296.97,0.2
1753592104505,04:55:04.505,okx,AAVE/USDT:USDT,296.95,131.5,296.94,52.2,296.96,0.4,296.97,0.2
1753592104705,04:55:04.705,okx,AAVE/USDT:USDT,296.95,131.5,296.94,52.2,296.96,0.4,296.97,0.2
1753592105705,04:55:05.705,okx,AAVE/USDT:USDT,296.95,131.5,296.94,52.2,296.96,0.4,296.97,0.2
1753592106005,04:55:06.005,okx,AAVE/USDT:USDT,296.95,131.5,296.94,52.2,296.96,0.4,296.97,0.2
1753592106105,04:55:06.105,okx,AAVE/USDT:USDT,296.95,131.5,296.94,52.2,296.96,0.4,296.97,0.2
1753592106705,04:55:06.705,okx,AAVE/USDT:USDT,296.95,157.0,296.94,32.6,296.96,0.4,296.97,0.2
1753592107205,04:55:07.205,okx,AAVE/USDT:USDT,296.95,171.8,296.94,75.5,296.96,0.4,296.97,0.2
1753592108405,04:55:08.405,okx,AAVE/USDT:USDT,296.95,25.6,296.94,8.2,296.96,0.7,296.97,0.2
1753592108905,04:55:08.905,okx,AAVE/USDT:USDT,296.95,181.1,296.94,52.9,296.96,0.7,296.97,0.2
1753592109405,04:55:09.405,okx,AAVE/USDT:USDT,296.95,181.1,296.94,75.9,296.96,0.7,296.97,0.2
1753592109805,04:55:09.805,okx,AAVE/USDT:USDT,296.95,181.1,296.94,75.9,296.96,0.7,296.97,0.2
1753592109905,04:55:09.905,okx,AAVE/USDT:USDT,296.95,181.1,296.94,75.9,296.96,0.7,296.97,0.2
1753592110005,04:55:10.005,okx,AAVE/USDT:USDT,296.95,181.1,296.94,75.9,296.96,0.7,296.97,0.2
1753592110105,04:55:10.105,okx,AAVE/USDT:USDT,296.95,181.1,296.94,75.9,296.96,0.7,296.97,0.2
1753592111005,04:55:11.005,okx,AAVE/USDT:USDT,296.95,181.8,296.94,75.2,296.96,0.7,296.97,0.2
1753592111105,04:55:11.105,okx,AAVE/USDT:USDT,296.95,167.0,296.94,28.0,296.96,0.7,296.97,0.2
1753592111205,04:55:11.205,okx,AAVE/USDT:USDT,296.95,167.0,296.94,28.0,296.96,0.7,296.97,0.2
1753592111405,04:55:11.405,okx,AAVE/USDT:USDT,296.95,150.3,296.94,28.0,296.96,0.7,296.97,0.2
1753592112105,04:55:12.105,okx,AAVE/USDT:USDT,296.95,14.5,296.94,8.2,296.96,7.5,296.97,0.2
1753592112205,04:55:12.205,okx,AAVE/USDT:USDT,296.95,8.3,296.94,8.2,296.96,7.5,296.97,0.2
1753592112405,04:55:12.405,okx,AAVE/USDT:USDT,296.95,8.3,296.94,8.2,296.96,7.5,296.97,0.2
1753592112505,04:55:12.505,okx,AAVE/USDT:USDT,296.95,8.3,296.94,8.2,296.96,7.5,296.97,0.2
1753592112705,04:55:12.705,okx,AAVE/USDT:USDT,296.95,12.7,296.94,8.2,296.96,7.5,296.97,0.2
1753592112805,04:55:12.805,okx,AAVE/USDT:USDT,296.95,5.9,296.94,8.2,296.96,7.5,296.97,0.2
1753592112905,04:55:12.905,okx,AAVE/USDT:USDT,296.95,5.9,296.93,4.9,296.96,168.1,296.97,73.4
1753592113305,04:55:13.305,okx,AAVE/USDT:USDT,296.95,5.9,296.93,4.9,296.96,168.3,296.97,73.4
1753592113505,04:55:13.505,okx,AAVE/USDT:USDT,296.95,6.2,296.93,4.9,296.96,150.9,296.97,1.0
1753592113605,04:55:13.605,okx,AAVE/USDT:USDT,296.95,6.2,296.93,4.9,296.96,150.9,296.97,1.0
1753592113705,04:55:13.705,okx,AAVE/USDT:USDT,296.95,6.2,296.93,4.9,296.96,150.9,296.97,1.0
1753592114005,04:55:14.005,okx,AAVE/USDT:USDT,296.95,6.8,296.93,24.7,296.96,14.2,296.97,0.2
1753592114105,04:55:14.105,okx,AAVE/USDT:USDT,296.95,6.8,296.94,8.2,296.96,7.5,296.97,0.2
1753592114205,04:55:14.205,okx,AAVE/USDT:USDT,296.95,6.8,296.94,8.2,296.96,7.5,296.97,0.2
1753592114405,04:55:14.405,okx,AAVE/USDT:USDT,296.95,6.8,296.94,8.2,296.96,7.5,296.97,0.2
1753592114605,04:55:14.605,okx,AAVE/USDT:USDT,296.95,6.8,296.94,8.2,296.96,143.4,296.97,0.2
1753592114705,04:55:14.705,okx,AAVE/USDT:USDT,296.95,6.8,296.94,8.2,296.96,24.0,296.97,0.2
1753592114905,04:55:14.905,okx,AAVE/USDT:USDT,296.95,6.8,296.94,8.2,296.96,25.0,296.97,1.0
1753592115105,04:55:15.105,okx,AAVE/USDT:USDT,296.95,6.8,296.94,8.2,296.96,144.4,296.97,1.0
1753592115305,04:55:15.305,okx,AAVE/USDT:USDT,296.88,42.4,296.87,0.2,296.89,49.3,296.9,12.9
1753592115505,04:55:15.505,okx,AAVE/USDT:USDT,296.88,0.1,296.87,0.2,296.89,186.0,296.9,12.9
1753592115705,04:55:15.705,okx,AAVE/USDT:USDT,296.88,0.2,296.87,0.2,296.89,186.0,296.9,12.9
1753592115805,04:55:15.805,okx,AAVE/USDT:USDT,296.88,0.2,296.87,0.2,296.89,186.0,296.9,12.9
1753592116005,04:55:16.005,okx,AAVE/USDT:USDT,296.88,9.4,296.87,0.2,296.89,186.0,296.9,12.9
1753592116105,04:55:16.105,okx,AAVE/USDT:USDT,296.88,11.9,296.87,0.2,296.89,66.4,296.9,12.9
1753592116205,04:55:16.205,okx,AAVE/USDT:USDT,296.88,0.2,296.87,0.2,296.89,185.8,296.9,12.9
1753592116505,04:55:16.505,okx,AAVE/USDT:USDT,296.86,0.1,296.85,4.1,296.87,254.4,296.88,33.3
1753592116605,04:55:16.605,okx,AAVE/USDT:USDT,296.86,0.1,296.85,4.1,296.87,254.4,296.88,12.0
1753592116705,04:55:16.705,okx,AAVE/USDT:USDT,296.86,38.6,296.85,28.0,296.87,61.2,296.88,12.0
1753592117105,04:55:17.105,okx,AAVE/USDT:USDT,296.88,15.2,296.87,18.5,296.89,7.2,296.9,7.2
1753592117305,04:55:17.305,okx,AAVE/USDT:USDT,296.88,15.2,296.87,18.5,296.89,7.6,296.9,7.2
1753592117505,04:55:17.505,okx,AAVE/USDT:USDT,296.88,23.6,296.87,31.0,296.89,0.8,296.9,6.9
1753592117705,04:55:17.705,okx,AAVE/USDT:USDT,296.88,23.6,296.87,31.0,296.89,0.8,296.9,6.9
1753592117805,04:55:17.805,okx,AAVE/USDT:USDT,296.88,23.6,296.87,31.0,296.89,0.8,296.9,6.9
1753592118005,04:55:18.005,okx,AAVE/USDT:USDT,296.88,24.4,296.87,31.0,296.89,0.8,296.9,6.9
1753592118105,04:55:18.105,okx,AAVE/USDT:USDT,296.88,24.4,296.87,31.0,296.89,0.8,296.9,6.9
1753592118405,04:55:18.405,okx,AAVE/USDT:USDT,296.88,16.0,296.87,6.8,296.89,7.6,296.9,0.1
1753592118605,04:55:18.605,okx,AAVE/USDT:USDT,296.88,16.0,296.87,6.8,296.89,7.6,296.9,0.1
1753592118805,04:55:18.805,okx,AAVE/USDT:USDT,296.88,16.0,296.87,6.8,296.89,7.6,296.9,0.1
1753592118905,04:55:18.905,okx,AAVE/USDT:USDT,296.88,1.0,296.86,13.2,296.89,42.6,296.9,74.3
1753592119505,04:55:19.505,okx,AAVE/USDT:USDT,296.88,1.0,296.86,13.2,296.89,145.9,296.9,5.6
1753592119605,04:55:19.605,okx,AAVE/USDT:USDT,296.88,1.0,296.86,13.2,296.89,145.9,296.9,5.6
1753592119705,04:55:19.705,okx,AAVE/USDT:USDT,296.88,1.0,296.86,13.2,296.89,145.9,296.9,5.6
1753592119905,04:55:19.905,okx,AAVE/USDT:USDT,296.88,1.0,296.86,13.2,296.89,26.5,296.9,0.9
1753592120405,04:55:20.405,okx,AAVE/USDT:USDT,296.88,1.0,296.86,21.4,296.89,26.0,296.9,0.1
1753592120505,04:55:20.505,okx,AAVE/USDT:USDT,296.88,1.0,296.86,21.4,296.89,26.0,296.9,0.1
1753592120805,04:55:20.805,okx,AAVE/USDT:USDT,296.88,17.0,296.87,24.2,296.89,7.5,296.9,0.1
1753592120905,04:55:20.905,okx,AAVE/USDT:USDT,296.88,17.0,296.87,24.2,296.89,7.5,296.9,0.1
1753592121105,04:55:21.105,okx,AAVE/USDT:USDT,296.84,11.8,296.83,4.6,296.85,167.6,296.86,12.0
1753592121305,04:55:21.305,okx,AAVE/USDT:USDT,296.84,11.8,296.83,4.6,296.85,167.6,296.86,12.0
1753592121405,04:55:21.405,okx,AAVE/USDT:USDT,296.84,20.0,296.83,4.6,296.85,21.0,296.86,12.0
1753592121805,04:55:21.805,okx,AAVE/USDT:USDT,296.84,0.3,296.83,4.6,296.85,80.3,296.86,12.0
1753592122205,04:55:22.205,okx,AAVE/USDT:USDT,296.84,0.1,296.83,4.6,296.85,82.6,296.86,12.8
1753592122705,04:55:22.705,okx,AAVE/USDT:USDT,296.82,1.0,296.81,0.5,296.83,206.9,296.84,107.5
1753592122805,04:55:22.805,okx,AAVE/USDT:USDT,296.82,1.2,296.81,0.3,296.83,227.4,296.84,128.4
1753592123305,04:55:23.305,okx,AAVE/USDT:USDT,296.74,15.3,296.73,24.2,296.75,21.5,296.76,20.2
1753592123405,04:55:23.405,okx,AAVE/USDT:USDT,296.74,8.5,296.72,13.7,296.75,29.7,296.76,20.2
1753592123705,04:55:23.705,okx,AAVE/USDT:USDT,296.7,44.8,296.69,4.9,296.71,21.1,296.72,6.9
1753592124405,04:55:24.405,okx,AAVE/USDT:USDT,296.71,160.7,296.7,23.7,296.72,2.1,296.74,20.5
1753592124605,04:55:24.605,okx,AAVE/USDT:USDT,296.71,156.5,296.7,64.0,296.72,2.1,296.74,12.3
1753592124705,04:55:24.705,okx,AAVE/USDT:USDT,296.71,174.0,296.7,64.0,296.72,2.1,296.74,12.3
1753592124905,04:55:24.905,okx,AAVE/USDT:USDT,296.74,203.9,296.73,91.8,296.75,7.0,296.76,0.3
1753592125005,04:55:25.005,okx,AAVE/USDT:USDT,296.74,221.2,296.73,73.5,296.75,7.0,296.76,0.3
1753592125105,04:55:25.105,okx,AAVE/USDT:USDT,296.74,193.6,296.73,30.0,296.75,7.0,296.76,0.3
1753592125205,04:55:25.205,okx,AAVE/USDT:USDT,296.74,193.6,296.72,126.5,296.75,7.0,296.76,0.3
1753592125505,04:55:25.505,okx,AAVE/USDT:USDT,296.74,208.4,296.73,54.7,296.75,7.0,296.76,0.3
1753592126005,04:55:26.005,okx,AAVE/USDT:USDT,296.79,43.0,296.78,75.5,296.8,0.3,296.81,0.3
1753592126605,04:55:26.605,okx,AAVE/USDT:USDT,296.79,141.4,296.78,44.8,296.8,0.3,296.82,13.9
1753592126705,04:55:26.705,okx,AAVE/USDT:USDT,296.79,141.6,296.78,44.8,296.8,0.3,296.82,13.9
1753592126805,04:55:26.805,okx,AAVE/USDT:USDT,296.79,141.6,296.78,44.8,296.8,0.3,296.82,13.9
1753592127005,04:55:27.005,okx,AAVE/USDT:USDT,296.79,21.7,296.78,30.2,296.8,8.7,296.82,13.9
1753592127105,04:55:27.105,okx,AAVE/USDT:USDT,296.79,21.7,296.78,30.2,296.8,8.7,296.82,13.9
1753592127505,04:55:27.505,okx,AAVE/USDT:USDT,296.78,23.4,296.77,24.2,296.79,7.0,296.8,15.6
1753592127605,04:55:27.605,okx,AAVE/USDT:USDT,296.78,23.6,296.77,24.2,296.79,7.0,296.8,15.6
1753592128305,04:55:28.305,okx,AAVE/USDT:USDT,296.76,19.4,296.75,42.6,296.77,41.9,296.78,20.2
1753592128805,04:55:28.805,okx,AAVE/USDT:USDT,296.76,19.4,296.75,42.6,296.77,41.9,296.78,20.2
1753592128905,04:55:28.905,okx,AAVE/USDT:USDT,296.76,19.4,296.75,42.6,296.77,41.9,296.78,20.2
1753592129105,04:55:29.105,okx,AAVE/USDT:USDT,296.76,8.4,296.75,42.6,296.77,15.0,296.78,15.0
1753592129205,04:55:29.205,okx,AAVE/USDT:USDT,296.76,8.4,296.75,42.6,296.77,15.2,296.78,15.0
1753592129305,04:55:29.305,okx,AAVE/USDT:USDT,296.76,9.4,296.75,42.6,296.77,15.2,296.78,15.0
1753592129605,04:55:29.605,okx,AAVE/USDT:USDT,296.76,9.4,296.75,42.6,296.77,15.2,296.78,15.0
1753592129905,04:55:29.905,okx,AAVE/USDT:USDT,296.76,9.4,296.75,42.6,296.77,15.2,296.78,15.0
1753592130005,04:55:30.005,okx,AAVE/USDT:USDT,296.76,9.4,296.75,42.6,296.77,15.2,296.78,15.0
1753592130105,04:55:30.105,okx,AAVE/USDT:USDT,296.76,11.9,296.75,42.6,296.77,15.2,296.78,15.0
1753592130305,04:55:30.305,okx,AAVE/USDT:USDT,296.76,12.0,296.75,42.6,296.77,25.3,296.78,15.0
1753592130605,04:55:30.605,okx,AAVE/USDT:USDT,296.76,12.0,296.75,42.6,296.77,25.3,296.78,15.0
1753592130705,04:55:30.705,okx,AAVE/USDT:USDT,296.76,12.0,296.75,42.6,296.77,25.3,296.78,15.0
1753592130805,04:55:30.805,okx,AAVE/USDT:USDT,296.76,12.6,296.75,42.6,296.77,25.3,296.78,15.0
1753592131005,04:55:31.005,okx,AAVE/USDT:USDT,296.76,12.6,296.75,42.6,296.77,25.3,296.78,15.0
1753592131105,04:55:31.105,okx,AAVE/USDT:USDT,296.76,12.6,296.75,26.8,296.77,25.3,296.78,15.0
1753592131405,04:55:31.405,okx,AAVE/USDT:USDT,296.76,17.8,296.75,26.8,296.77,25.3,296.78,15.0
1753592131605,04:55:31.605,okx,AAVE/USDT:USDT,296.76,17.8,296.75,26.8,296.77,25.3,296.78,15.0
1753592131905,04:55:31.905,okx,AAVE/USDT:USDT,296.76,137.2,296.75,50.1,296.77,17.3,296.78,15.0
1753592132005,04:55:32.005,okx,AAVE/USDT:USDT,296.76,137.2,296.75,50.1,296.77,17.3,296.78,15.0
1753592132105,04:55:32.105,okx,AAVE/USDT:USDT,296.76,137.2,296.75,26.8,296.77,17.3,296.78,15.0
1753592132405,04:55:32.405,okx,AAVE/USDT:USDT,296.76,17.8,296.75,22.2,296.77,17.3,296.78,15.0
1753592132805,04:55:32.805,okx,AAVE/USDT:USDT,296.76,17.8,296.75,22.2,296.77,17.3,296.78,15.0
1753592133105,04:55:33.105,okx,AAVE/USDT:USDT,296.76,102.2,296.75,22.2,296.77,17.3,296.78,15.0
1753592133505,04:55:33.505,okx,AAVE/USDT:USDT,296.76,18.1,296.75,22.2,296.77,16.2,296.78,15.0
1753592133605,04:55:33.605,okx,AAVE/USDT:USDT,296.76,18.1,296.75,45.5,296.77,16.2,296.78,15.0
1753592133805,04:55:33.805,okx,AAVE/USDT:USDT,296.76,18.1,296.75,22.2,296.77,16.2,296.78,15.0
1753592134005,04:55:34.005,okx,AAVE/USDT:USDT,296.76,9.9,296.75,22.2,296.77,16.2,296.78,15.0
1753592134105,04:55:34.105,okx,AAVE/USDT:USDT,296.76,9.9,296.75,22.2,296.77,16.2,296.78,15.0
1753592134305,04:55:34.305,okx,AAVE/USDT:USDT,296.76,21.0,296.75,69.2,296.77,16.2,296.78,15.0
1753592134405,04:55:34.405,okx,AAVE/USDT:USDT,296.76,170.1,296.75,86.5,296.77,9.4,296.78,8.2
1753592134505,04:55:34.505,okx,AAVE/USDT:USDT,296.76,170.1,296.75,86.5,296.77,9.4,296.79,7.1
1753592134605,04:55:34.605,okx,AAVE/USDT:USDT,296.76,170.1,296.75,86.5,296.77,9.4,296.79,7.1
1753592135005,04:55:35.005,okx,AAVE/USDT:USDT,296.76,30.7,296.75,22.2,296.77,16.2,296.78,8.2
1753592135105,04:55:35.105,okx,AAVE/USDT:USDT,296.76,30.7,296.75,22.2,296.77,16.2,296.78,8.2
1753592135305,04:55:35.305,okx,AAVE/USDT:USDT,296.76,28.7,296.75,22.2,296.77,16.2,296.78,8.2
1753592135405,04:55:35.405,okx,AAVE/USDT:USDT,296.76,148.0,296.75,22.2,296.77,16.2,296.78,8.2
1753592135505,04:55:35.505,okx,AAVE/USDT:USDT,296.76,28.7,296.75,22.2,296.77,16.2,296.78,8.2
1753592135605,04:55:35.605,okx,AAVE/USDT:USDT,296.76,28.9,296.75,66.3,296.77,14.7,296.78,8.2
1753592135705,04:55:35.705,okx,AAVE/USDT:USDT,296.76,17.8,296.75,22.2,296.77,14.7,296.78,8.2
1753592135905,04:55:35.905,okx,AAVE/USDT:USDT,296.76,17.8,296.75,22.2,296.77,14.7,296.78,8.2
1753592136905,04:55:36.905,okx,AAVE/USDT:USDT,296.74,0.1,296.72,0.8,296.75,235.7,296.76,75.7
1753592137205,04:55:37.205,okx,AAVE/USDT:USDT,296.74,0.1,296.72,0.8,296.75,196.9,296.76,75.7
1753592138605,04:55:38.605,okx,AAVE/USDT:USDT,296.74,1.5,296.72,0.8,296.75,166.4,296.76,74.8
1753592138705,04:55:38.705,okx,AAVE/USDT:USDT,296.74,1.5,296.72,0.8,296.75,151.9,296.76,36.2
1753592138905,04:55:38.905,okx,AAVE/USDT:USDT,296.74,1.5,296.72,0.8,296.75,151.9,296.76,36.2
1753592140505,04:55:40.505,okx,AAVE/USDT:USDT,296.71,0.9,296.7,8.4,296.72,235.8,296.73,21.3
1753592140905,04:55:40.905,okx,AAVE/USDT:USDT,296.71,0.9,296.7,8.4,296.72,96.2,296.73,44.7
1753592141105,04:55:41.105,okx,AAVE/USDT:USDT,296.71,52.4,296.7,36.4,296.72,0.2,296.74,17.5
1753592141705,04:55:41.705,okx,AAVE/USDT:USDT,296.74,56.8,296.73,45.2,296.75,0.3,296.76,8.5
1753592141805,04:55:41.805,okx,AAVE/USDT:USDT,296.74,56.8,296.73,33.4,296.75,0.3,296.76,8.5
1753592141905,04:55:41.905,okx,AAVE/USDT:USDT,296.74,39.1,296.73,32.7,296.75,0.3,296.76,8.5
1753592143405,04:55:43.405,okx,AAVE/USDT:USDT,296.74,24.5,296.73,32.7,296.75,7.3,296.76,8.5
