timestamp,time,symbol,bid1_price,bid1_volume,bid2_price,bid2_volume,ask1_price,ask1_volume,ask2_price,ask2_volume
1753546948167,16:22:28.167,AEVO/USDT:USDT,0.1071,39727.8,0.107,121476.9,0.1072,51.8,0.1073,39341.9
1753546948365,16:22:28.365,AEVO/USDT:USDT,0.1071,39681.1,0.107,121476.9,0.1072,51.8,0.1073,41671.3
1753546948564,16:22:28.564,AEVO/USDT:USDT,0.1071,39681.1,0.107,121476.9,0.1072,51.8,0.1073,41671.3
1753546948665,16:22:28.665,AEVO/USDT:USDT,0.1071,39681.1,0.107,121476.9,0.1072,62.5,0.1073,41671.3
1753546948864,16:22:28.864,AEVO/USDT:USDT,0.1071,39681.1,0.107,125209.9,0.1072,62.5,0.1073,41671.3
1753546949465,16:22:29.465,AEVO/USDT:USDT,0.1071,39727.8,0.107,125209.9,0.1072,62.5,0.1073,41671.3
1753546949565,16:22:29.565,AEVO/USDT:USDT,0.1071,39681.1,0.107,125209.9,0.1072,62.5,0.1073,41671.3
1753546949664,16:22:29.664,AEVO/USDT:USDT,0.1071,39634.4,0.107,125209.9,0.1072,62.5,0.1073,41671.3
1753546950565,16:22:30.565,AEVO/USDT:USDT,0.1071,39634.4,0.107,127545.3,0.1072,62.5,0.1073,41671.3
1753546950665,16:22:30.665,AEVO/USDT:USDT,0.1071,39634.4,0.107,127545.3,0.1072,62.5,0.1073,41671.3
1753546950764,16:22:30.764,AEVO/USDT:USDT,0.1071,39634.4,0.107,127545.3,0.1072,62.5,0.1073,41671.3
1753546952167,16:22:32.167,AEVO/USDT:USDT,0.1071,39634.4,0.107,125209.9,0.1072,62.5,0.1073,41671.3
1753546952365,16:22:32.365,AEVO/USDT:USDT,0.1071,39634.4,0.107,125209.9,0.1072,62.5,0.1073,41671.3
1753546953965,16:22:33.965,AEVO/USDT:USDT,0.1071,39634.4,0.107,127545.3,0.1072,62.5,0.1073,41671.3
1753546954065,16:22:34.065,AEVO/USDT:USDT,0.1071,39634.4,0.107,127545.3,0.1072,62.5,0.1073,41671.3
1753546954364,16:22:34.364,AEVO/USDT:USDT,0.1071,39634.4,0.107,127545.4,0.1072,62.5,0.1073,41671.3
1753546954764,16:22:34.764,AEVO/USDT:USDT,0.1071,39634.4,0.107,125209.9,0.1072,62.5,0.1073,41671.3
1753546955564,16:22:35.564,AEVO/USDT:USDT,0.1071,39634.4,0.107,125209.9,0.1072,62.5,0.1073,41671.3
1753546955665,16:22:35.665,AEVO/USDT:USDT,0.1071,39634.4,0.107,125209.9,0.1072,62.5,0.1073,41671.3
1753546956465,16:22:36.465,AEVO/USDT:USDT,0.1071,39634.4,0.107,125209.9,0.1072,62.5,0.1073,44001.1
1753546956564,16:22:36.564,AEVO/USDT:USDT,0.1071,39634.4,0.107,125209.9,0.1072,62.5,0.1073,44001.1
1753546956965,16:22:36.965,AEVO/USDT:USDT,0.1071,39634.4,0.107,125209.9,0.1072,62.5,0.1073,44001.1
1753546957064,16:22:37.064,AEVO/USDT:USDT,0.1071,39634.4,0.107,127545.3,0.1072,62.5,0.1073,41671.3
1753546957164,16:22:37.164,AEVO/USDT:USDT,0.1071,39634.4,0.107,127545.4,0.1072,62.5,0.1073,41671.3
1753546957265,16:22:37.265,AEVO/USDT:USDT,0.1071,39634.4,0.107,127545.3,0.1072,62.5,0.1073,41671.3
1753546957764,16:22:37.764,AEVO/USDT:USDT,0.1071,39634.4,0.107,127545.4,0.1072,62.5,0.1073,41671.3
1753546957865,16:22:37.865,AEVO/USDT:USDT,0.1071,40101.3,0.107,125209.9,0.1072,62.5,0.1073,41671.3
1753546958065,16:22:38.065,AEVO/USDT:USDT,0.1071,40101.3,0.107,127545.4,0.1072,62.5,0.1073,41671.3
1753546958168,16:22:38.168,AEVO/USDT:USDT,0.1071,40101.3,0.107,127545.3,0.1072,62.5,0.1073,41671.3
1753546958264,16:22:38.264,AEVO/USDT:USDT,0.1071,40101.3,0.107,127545.3,0.1072,62.5,0.1073,41671.3
1753546958364,16:22:38.364,AEVO/USDT:USDT,0.1071,40101.3,0.107,127545.3,0.1072,62.5,0.1073,41671.3
1753546958969,16:22:38.969,AEVO/USDT:USDT,0.1071,40101.3,0.107,125209.9,0.1072,62.5,0.1073,41671.3
1753546959165,16:22:39.165,AEVO/USDT:USDT,0.1071,40101.3,0.107,125209.9,0.1072,62.5,0.1073,41671.3
1753546959265,16:22:39.265,AEVO/USDT:USDT,0.1071,40101.3,0.107,125209.9,0.1072,62.5,0.1073,41671.3
1753546959365,16:22:39.365,AEVO/USDT:USDT,0.1071,40101.3,0.107,125209.9,0.1072,62.5,0.1073,41671.3
1753546959464,16:22:39.464,AEVO/USDT:USDT,0.1071,40148.0,0.107,125209.9,0.1072,62.5,0.1073,41671.3
1753546959565,16:22:39.565,AEVO/USDT:USDT,0.1071,41601.2,0.107,125209.9,0.1072,62.5,0.1073,41671.3
1753546959764,16:22:39.764,AEVO/USDT:USDT,0.1071,41554.5,0.107,125209.9,0.1072,62.5,0.1073,41671.3
1753546959864,16:22:39.864,AEVO/USDT:USDT,0.1071,41554.5,0.107,125209.9,0.1072,62.5,0.1073,41671.3
1753546959964,16:22:39.964,AEVO/USDT:USDT,0.1071,41554.5,0.107,125209.9,0.1072,62.5,0.1073,41671.3
1753546960064,16:22:40.064,AEVO/USDT:USDT,0.1072,10774.3,0.1071,78194.8,0.1073,21527.0,0.1074,54035.0
1753546960164,16:22:40.164,AEVO/USDT:USDT,0.1072,10821.0,0.1071,83381.2,0.1073,21527.0,0.1074,54035.0
1753546960265,16:22:40.265,AEVO/USDT:USDT,0.1072,10774.3,0.1071,83381.2,0.1073,21527.0,0.1074,54035.0
1753546960364,16:22:40.364,AEVO/USDT:USDT,0.1072,10774.3,0.1071,83381.2,0.1073,21527.0,0.1074,54035.0
1753546960464,16:22:40.464,AEVO/USDT:USDT,0.1072,10774.3,0.1071,76274.7,0.1073,21757.8,0.1074,54035.0
1753546960564,16:22:40.564,AEVO/USDT:USDT,0.1072,10774.3,0.1071,83627.3,0.1073,21573.9,0.1074,54035.0
1753546960665,16:22:40.665,AEVO/USDT:USDT,0.1072,774.3,0.1071,85960.8,0.1073,23640.2,0.1074,54035.0
1753546960764,16:22:40.764,AEVO/USDT:USDT,0.1072,774.3,0.1071,78608.2,0.1073,23640.2,0.1074,58870.1
1753546960965,16:22:40.965,AEVO/USDT:USDT,0.1072,10774.3,0.1071,78608.2,0.1073,21757.8,0.1074,58870.1
1753546961065,16:22:41.065,AEVO/USDT:USDT,0.1072,10774.3,0.1071,83754.1,0.1073,21527.0,0.1074,55140.5
1753546961165,16:22:41.165,AEVO/USDT:USDT,0.1072,10774.3,0.1071,83661.1,0.1073,19498.7,0.1074,55140.5
1753546961265,16:22:41.265,AEVO/USDT:USDT,0.1072,10774.3,0.1071,83661.1,0.1073,19682.6,0.1074,55140.5
1753546961365,16:22:41.365,AEVO/USDT:USDT,0.1072,10774.3,0.1071,83661.1,0.1073,19682.6,0.1074,55140.5
1753546961464,16:22:41.464,AEVO/USDT:USDT,0.1072,10774.3,0.1071,83661.1,0.1073,19682.6,0.1074,55140.5
1753546961566,16:22:41.566,AEVO/USDT:USDT,0.1072,10727.2,0.1071,83661.1,0.1073,19682.6,0.1074,55140.5
1753546961665,16:22:41.665,AEVO/USDT:USDT,0.1072,10727.2,0.1071,83661.1,0.1073,19729.5,0.1074,55140.5
1753546961865,16:22:41.865,AEVO/USDT:USDT,0.1072,10727.2,0.1071,76181.7,0.1073,19729.5,0.1074,55140.5
1753546962167,16:22:42.167,AEVO/USDT:USDT,0.1072,10727.2,0.1071,76181.7,0.1073,19682.6,0.1074,55140.5
1753546962264,16:22:42.264,AEVO/USDT:USDT,0.1072,13058.5,0.1071,76181.7,0.1073,19729.5,0.1074,55140.5
1753546962464,16:22:42.464,AEVO/USDT:USDT,0.1072,10727.2,0.1071,76181.7,0.1073,19682.6,0.1074,55140.5
1753546962565,16:22:42.565,AEVO/USDT:USDT,0.1072,10727.2,0.1071,76181.7,0.1073,19729.5,0.1074,55140.5
1753546962665,16:22:42.665,AEVO/USDT:USDT,0.1072,10727.2,0.1071,76181.7,0.1073,19729.5,0.1074,55140.5
1753546962964,16:22:42.964,AEVO/USDT:USDT,0.1072,10727.2,0.1071,76181.7,0.1073,19729.5,0.1074,55140.5
1753546963164,16:22:43.164,AEVO/USDT:USDT,0.1072,10727.2,0.1071,76181.7,0.1073,19729.5,0.1074,55140.5
1753546963264,16:22:43.264,AEVO/USDT:USDT,0.1072,10727.2,0.1071,76181.7,0.1073,19682.6,0.1074,55140.5
1753546963364,16:22:43.364,AEVO/USDT:USDT,0.1072,10727.2,0.1071,76181.7,0.1073,19729.5,0.1074,55140.5
1753546963565,16:22:43.565,AEVO/USDT:USDT,0.1072,10727.2,0.1071,76181.7,0.1073,19729.5,0.1074,55140.5
1753546963665,16:22:43.665,AEVO/USDT:USDT,0.1072,10727.2,0.1071,76181.7,0.1073,19729.5,0.1074,55140.5
1753546963765,16:22:43.765,AEVO/USDT:USDT,0.1072,13058.5,0.1071,76181.7,0.1073,19729.5,0.1074,55140.5
1753546963865,16:22:43.865,AEVO/USDT:USDT,0.1072,13058.5,0.1071,81523.2,0.1073,19682.6,0.1074,55140.5
1753546964265,16:22:44.265,AEVO/USDT:USDT,0.1072,13058.5,0.1071,81523.2,0.1073,19682.6,0.1074,55140.5
1753546964364,16:22:44.364,AEVO/USDT:USDT,0.1072,13058.5,0.1071,81523.2,0.1073,19682.6,0.1074,55140.5
1753546964664,16:22:44.664,AEVO/USDT:USDT,0.1072,13058.5,0.1071,81523.2,0.1073,19682.6,0.1074,55140.5
1753546964764,16:22:44.764,AEVO/USDT:USDT,0.1072,13058.5,0.1071,81523.2,0.1073,19682.6,0.1074,55140.5
1753546964864,16:22:44.864,AEVO/USDT:USDT,0.1072,13058.5,0.1071,81523.2,0.1073,19682.6,0.1074,55140.5
1753546964964,16:22:44.964,AEVO/USDT:USDT,0.1072,13058.5,0.1071,81523.2,0.1073,19682.6,0.1074,58620.9
1753546965364,16:22:45.364,AEVO/USDT:USDT,0.1072,13058.5,0.1071,81523.2,0.1073,9314.8,0.1074,55140.5
1753546965765,16:22:45.765,AEVO/USDT:USDT,0.1072,13058.5,0.1071,81523.2,0.1073,9314.8,0.1074,55140.5
1753546965864,16:22:45.864,AEVO/USDT:USDT,0.1072,13058.5,0.1071,81523.2,0.1073,19682.6,0.1074,55140.5
1753546966164,16:22:46.164,AEVO/USDT:USDT,0.1072,13058.5,0.1071,81523.2,0.1073,19682.6,0.1074,55140.5
1753546966665,16:22:46.665,AEVO/USDT:USDT,0.1072,13058.5,0.1071,81523.2,0.1073,19682.6,0.1074,55140.5
1753546966865,16:22:46.865,AEVO/USDT:USDT,0.1072,13058.5,0.1071,81523.2,0.1073,19682.6,0.1074,55140.5
1753546966965,16:22:46.965,AEVO/USDT:USDT,0.1072,13058.5,0.1071,81523.2,0.1073,19682.6,0.1074,55140.5
1753546967364,16:22:47.364,AEVO/USDT:USDT,0.1072,13058.5,0.1071,81523.2,0.1073,19682.6,0.1074,55140.5
1753546967564,16:22:47.564,AEVO/USDT:USDT,0.1072,13058.5,0.1071,81523.2,0.1073,19682.6,0.1074,55140.5
1753546967764,16:22:47.764,AEVO/USDT:USDT,0.1072,13058.5,0.1071,81523.2,0.1073,19682.6,0.1074,55140.5
1753546967964,16:22:47.964,AEVO/USDT:USDT,0.1072,13058.5,0.1071,81523.2,0.1073,19682.6,0.1074,55140.5
1753546968167,16:22:48.167,AEVO/USDT:USDT,0.1072,13058.5,0.1071,81523.2,0.1073,19682.6,0.1074,55140.5
1753546968566,16:22:48.566,AEVO/USDT:USDT,0.1072,13058.5,0.1071,81523.2,0.1073,19682.6,0.1074,55140.5
1753546968664,16:22:48.664,AEVO/USDT:USDT,0.1072,13058.5,0.1071,81523.2,0.1073,19682.6,0.1074,55140.5
1753546969065,16:22:49.065,AEVO/USDT:USDT,0.1072,13058.5,0.1071,81523.2,0.1073,19682.6,0.1074,55140.5
1753546969164,16:22:49.164,AEVO/USDT:USDT,0.1072,13058.5,0.1071,81523.2,0.1073,19682.6,0.1074,55140.5
1753546970167,16:22:50.167,AEVO/USDT:USDT,0.1072,13058.5,0.1071,81523.2,0.1073,19682.6,0.1074,55140.5
1753546970264,16:22:50.264,AEVO/USDT:USDT,0.1072,13058.5,0.1071,81523.2,0.1073,19682.6,0.1074,55140.5
1753546970765,16:22:50.765,AEVO/USDT:USDT,0.1072,13058.5,0.1071,81523.2,0.1073,19682.6,0.1074,55140.5
1753546970865,16:22:50.865,AEVO/USDT:USDT,0.1072,13058.5,0.1071,81523.2,0.1073,19682.6,0.1074,55140.5
1753546971264,16:22:51.264,AEVO/USDT:USDT,0.1072,13058.5,0.1071,81523.2,0.1073,19682.6,0.1074,55140.5
1753546971364,16:22:51.364,AEVO/USDT:USDT,0.1072,13058.5,0.1071,81523.2,0.1073,19682.6,0.1074,55140.5
1753546971464,16:22:51.464,AEVO/USDT:USDT,0.1072,13058.5,0.1071,81523.2,0.1073,19682.6,0.1074,55140.5
1753546971564,16:22:51.564,AEVO/USDT:USDT,0.1072,13058.5,0.1071,81523.2,0.1073,19682.6,0.1074,55140.5
1753546971665,16:22:51.665,AEVO/USDT:USDT,0.1072,13058.5,0.1071,81523.2,0.1073,19682.6,0.1074,55140.5
1753546971764,16:22:51.764,AEVO/USDT:USDT,0.1072,13058.5,0.1071,81523.2,0.1073,19682.6,0.1074,55140.5
1753546971865,16:22:51.865,AEVO/USDT:USDT,0.1072,13058.5,0.1071,81523.2,0.1073,19682.6,0.1074,55140.5
1753546971965,16:22:51.965,AEVO/USDT:USDT,0.1072,13058.5,0.1071,81523.2,0.1073,19682.6,0.1074,55140.5
1753546972164,16:22:52.164,AEVO/USDT:USDT,0.1072,13058.5,0.1071,81523.2,0.1073,19682.6,0.1074,55140.5
1753546972364,16:22:52.364,AEVO/USDT:USDT,0.1072,13058.5,0.1071,81523.2,0.1073,19682.6,0.1074,55140.5
1753546972565,16:22:52.565,AEVO/USDT:USDT,0.1072,13058.5,0.1071,81523.2,0.1073,19498.7,0.1074,55140.5
1753546972864,16:22:52.864,AEVO/USDT:USDT,0.1072,13058.5,0.1071,81523.2,0.1073,19682.6,0.1074,57469.7
1753546973464,16:22:53.464,AEVO/USDT:USDT,0.1072,13058.5,0.1071,81523.2,0.1073,19682.6,0.1074,57469.7
1753546973564,16:22:53.564,AEVO/USDT:USDT,0.1072,13058.5,0.1071,81523.2,0.1073,19682.6,0.1074,57469.7
1753546973665,16:22:53.665,AEVO/USDT:USDT,0.1072,13058.5,0.1071,81523.2,0.1073,19682.6,0.1074,57469.7
1753546974065,16:22:54.065,AEVO/USDT:USDT,0.1072,13058.5,0.1071,81523.2,0.1073,19682.6,0.1074,57469.7
1753546974164,16:22:54.164,AEVO/USDT:USDT,0.1072,13058.5,0.1071,81523.2,0.1073,19682.6,0.1074,57469.7
1753546974565,16:22:54.565,AEVO/USDT:USDT,0.1072,13058.5,0.1071,81523.2,0.1073,19682.6,0.1074,57469.7
1753546974665,16:22:54.665,AEVO/USDT:USDT,0.1072,13058.5,0.1071,81523.2,0.1073,19682.6,0.1074,57469.7
1753546974764,16:22:54.764,AEVO/USDT:USDT,0.1072,13293.6,0.1071,81523.2,0.1073,19682.6,0.1074,57469.7
1753546975065,16:22:55.065,AEVO/USDT:USDT,0.1072,13293.6,0.1071,81523.2,0.1073,19589.7,0.1074,57469.7
1753546975165,16:22:55.165,AEVO/USDT:USDT,0.1072,13293.6,0.1071,81523.2,0.1073,19589.7,0.1074,57469.7
1753546975265,16:22:55.265,AEVO/USDT:USDT,0.1072,13293.6,0.1071,81523.2,0.1073,19589.7,0.1074,57469.7
1753546975665,16:22:55.665,AEVO/USDT:USDT,0.1072,13293.6,0.1071,81523.2,0.1073,19589.7,0.1074,57469.7
1753546975764,16:22:55.764,AEVO/USDT:USDT,0.1072,13293.6,0.1071,81523.2,0.1073,19589.7,0.1074,57469.7
1753546975864,16:22:55.864,AEVO/USDT:USDT,0.1072,13293.6,0.1071,81523.2,0.1073,19589.7,0.1074,57469.7
1753546976265,16:22:56.265,AEVO/USDT:USDT,0.1072,13293.6,0.1071,81523.2,0.1073,19589.7,0.1074,57469.7
1753546976364,16:22:56.364,AEVO/USDT:USDT,0.1072,13293.6,0.1071,81523.2,0.1073,19589.7,0.1074,57469.7
1753546976765,16:22:56.765,AEVO/USDT:USDT,0.1072,13293.6,0.1071,81523.2,0.1073,19589.7,0.1074,57469.7
1753546976864,16:22:56.864,AEVO/USDT:USDT,0.1072,13293.6,0.1071,81523.2,0.1073,19589.7,0.1074,57469.7
1753546977064,16:22:57.064,AEVO/USDT:USDT,0.1072,13293.6,0.1071,81523.2,0.1073,19589.7,0.1074,57469.7
1753546977264,16:22:57.264,AEVO/USDT:USDT,0.1072,20526.8,0.1071,81523.2,0.1073,18037.5,0.1074,58654.2
1753546977364,16:22:57.364,AEVO/USDT:USDT,0.1072,20526.8,0.1071,81523.2,0.1073,18037.5,0.1074,58654.2
1753546977464,16:22:57.464,AEVO/USDT:USDT,0.1072,20526.8,0.1071,81523.2,0.1073,18037.5,0.1074,58654.2
1753546977865,16:22:57.865,AEVO/USDT:USDT,0.1072,20526.8,0.1071,81523.2,0.1073,18037.5,0.1074,58654.2
1753546977964,16:22:57.964,AEVO/USDT:USDT,0.1072,20526.8,0.1071,81523.2,0.1073,8037.5,0.1074,58654.2
1753546978064,16:22:58.064,AEVO/USDT:USDT,0.1072,20526.8,0.1071,81523.2,0.1073,8037.5,0.1074,58654.2
1753546978166,16:22:58.166,AEVO/USDT:USDT,0.1072,20526.8,0.1071,81523.2,0.1073,5103.8,0.1074,58654.2
1753546978264,16:22:58.264,AEVO/USDT:USDT,0.1072,20526.8,0.1071,81523.2,0.1073,5103.8,0.1074,58654.2
1753546978365,16:22:58.365,AEVO/USDT:USDT,0.1072,20291.7,0.1071,81523.2,0.1073,5332.9,0.1074,58654.2
1753546978464,16:22:58.464,AEVO/USDT:USDT,0.1072,20291.7,0.1071,81523.2,0.1073,6517.5,0.1074,57469.7
1753546978764,16:22:58.764,AEVO/USDT:USDT,0.1072,20291.7,0.1071,81523.2,0.1073,16517.5,0.1074,57469.7
1753546978964,16:22:58.964,AEVO/USDT:USDT,0.1072,20291.7,0.1071,81523.2,0.1073,16517.5,0.1074,57469.7
1753546979064,16:22:59.064,AEVO/USDT:USDT,0.1072,20291.7,0.1071,81523.2,0.1073,16517.5,0.1074,57469.7
1753546979264,16:22:59.264,AEVO/USDT:USDT,0.1072,20291.7,0.1071,81523.2,0.1073,16517.5,0.1074,57469.7
1753546979565,16:22:59.565,AEVO/USDT:USDT,0.1072,20291.7,0.1071,81523.2,0.1073,16517.5,0.1074,57469.7
1753546979665,16:22:59.665,AEVO/USDT:USDT,0.1072,20291.7,0.1071,81523.2,0.1073,16517.5,0.1074,57469.7
1753546980065,16:23:00.065,AEVO/USDT:USDT,0.1072,20291.7,0.1071,81523.2,0.1073,16517.5,0.1074,57469.7
1753546980168,16:23:00.168,AEVO/USDT:USDT,0.1072,20291.7,0.1071,81523.2,0.1073,16517.5,0.1074,57469.7
1753546980264,16:23:00.264,AEVO/USDT:USDT,0.1072,19923.9,0.1071,81523.2,0.1073,16885.3,0.1074,57469.7
1753546980564,16:23:00.564,AEVO/USDT:USDT,0.1072,19923.9,0.1071,81523.2,0.1073,16885.3,0.1074,57469.7
1753546980664,16:23:00.664,AEVO/USDT:USDT,0.1072,20107.8,0.1071,81523.2,0.1073,16701.4,0.1074,57469.7
1753546980765,16:23:00.765,AEVO/USDT:USDT,0.1072,20291.7,0.1071,81523.2,0.1073,6517.5,0.1074,57469.7
1753546980865,16:23:00.865,AEVO/USDT:USDT,0.1072,20291.7,0.1071,81523.2,0.1073,3628.4,0.1074,53992.3
1753546980964,16:23:00.964,AEVO/USDT:USDT,0.1072,20291.7,0.1071,81523.2,0.1073,1709.8,0.1074,53992.3
1753546981164,16:23:01.164,AEVO/USDT:USDT,0.1072,20384.6,0.1071,81523.2,0.1073,1709.8,0.1074,53992.3
1753546981264,16:23:01.264,AEVO/USDT:USDT,0.1072,20384.6,0.1071,81523.2,0.1073,1709.8,0.1074,53992.3
1753546981364,16:23:01.364,AEVO/USDT:USDT,0.1072,20384.6,0.1071,81523.2,0.1073,2894.3,0.1074,52807.7
1753546981664,16:23:01.664,AEVO/USDT:USDT,0.1072,20384.6,0.1071,81523.2,0.1073,7894.3,0.1074,52807.7
1753546982066,16:23:02.066,AEVO/USDT:USDT,0.1072,12266.1,0.1071,81523.2,0.1073,14759.7,0.1074,52807.7
1753546982167,16:23:02.167,AEVO/USDT:USDT,0.1072,13142.6,0.1071,81523.2,0.1073,19339.1,0.1074,53992.2
1753546982264,16:23:02.264,AEVO/USDT:USDT,0.1072,10811.3,0.1071,78515.2,0.1073,18154.6,0.1074,55859.6
1753546982365,16:23:02.365,AEVO/USDT:USDT,0.1072,969.4,0.1071,78515.2,0.1073,17735.1,0.1074,55859.6
1753546982464,16:23:02.464,AEVO/USDT:USDT,0.1072,969.4,0.1071,85875.0,0.1073,18919.5,0.1074,54675.1
1753546982564,16:23:02.564,AEVO/USDT:USDT,0.1072,969.4,0.1071,78515.2,0.1073,18919.5,0.1074,54675.1
1753546982665,16:23:02.665,AEVO/USDT:USDT,0.1072,10969.4,0.1071,78515.2,0.1073,22037.1,0.1074,54675.1
1753546982765,16:23:02.765,AEVO/USDT:USDT,0.1072,10969.4,0.1071,78515.2,0.1073,21990.2,0.1074,54675.1
1753546982865,16:23:02.865,AEVO/USDT:USDT,0.1072,13300.7,0.1071,82359.9,0.1073,20805.8,0.1074,55859.5
1753546982964,16:23:02.964,AEVO/USDT:USDT,0.1072,20350.0,0.1071,82359.9,0.1073,18108.8,0.1074,58188.7
1753546983164,16:23:03.164,AEVO/USDT:USDT,0.1072,20257.1,0.1071,82359.9,0.1073,18201.7,0.1074,58188.7
1753546983364,16:23:03.364,AEVO/USDT:USDT,0.1072,20257.1,0.1071,82359.9,0.1073,19386.1,0.1074,57004.3
1753546983564,16:23:03.564,AEVO/USDT:USDT,0.1072,20257.1,0.1071,82359.9,0.1073,19386.1,0.1074,57004.3
1753546983665,16:23:03.665,AEVO/USDT:USDT,0.1072,20073.2,0.1071,82359.9,0.1073,22083.1,0.1074,54675.1
1753546983764,16:23:03.764,AEVO/USDT:USDT,0.1072,17741.9,0.1071,84693.4,0.1073,22083.1,0.1074,54675.1
1753546983864,16:23:03.864,AEVO/USDT:USDT,0.1072,17741.9,0.1071,84693.4,0.1073,22083.1,0.1074,54675.1
1753546983964,16:23:03.964,AEVO/USDT:USDT,0.1072,7741.9,0.1071,84693.4,0.1073,22083.1,0.1074,54675.1
1753546984167,16:23:04.167,AEVO/USDT:USDT,0.1072,7741.9,0.1071,84693.4,0.1073,22083.1,0.1074,54675.1
1753546984364,16:23:04.364,AEVO/USDT:USDT,0.1072,7741.9,0.1071,84693.4,0.1073,22083.1,0.1074,54675.1
1753546984468,16:23:04.468,AEVO/USDT:USDT,0.1072,7741.9,0.1071,84693.4,0.1073,22130.0,0.1074,54675.1
1753546984565,16:23:04.565,AEVO/USDT:USDT,0.1072,7741.9,0.1071,84693.4,0.1073,22130.0,0.1074,54675.1
1753546984665,16:23:04.665,AEVO/USDT:USDT,0.1072,17741.9,0.1071,84693.4,0.1073,22130.0,0.1074,54675.1
1753546984765,16:23:04.765,AEVO/USDT:USDT,0.1072,17741.9,0.1071,84693.4,0.1073,22083.1,0.1074,54675.1
1753546984865,16:23:04.865,AEVO/USDT:USDT,0.1072,17741.9,0.1071,84693.4,0.1073,22083.1,0.1074,54675.1
1753546984964,16:23:04.964,AEVO/USDT:USDT,0.1072,20073.2,0.1071,82359.9,0.1073,22083.1,0.1074,54675.1
1753546985064,16:23:05.064,AEVO/USDT:USDT,0.1072,20073.2,0.1071,82359.9,0.1073,22083.1,0.1074,54675.1
1753546985364,16:23:05.364,AEVO/USDT:USDT,0.1072,20073.2,0.1071,82359.9,0.1073,22083.1,0.1074,54675.1
1753546985465,16:23:05.465,AEVO/USDT:USDT,0.1072,20257.1,0.1071,82359.9,0.1073,21899.2,0.1074,54675.1
1753546985565,16:23:05.565,AEVO/USDT:USDT,0.1072,20257.1,0.1071,82359.9,0.1073,21899.2,0.1074,54675.1
1753546985665,16:23:05.665,AEVO/USDT:USDT,0.1072,20257.1,0.1071,82359.9,0.1073,21899.2,0.1074,54675.1
1753546985865,16:23:05.865,AEVO/USDT:USDT,0.1072,20257.1,0.1071,82359.9,0.1073,22365.2,0.1074,54675.1
1753546985964,16:23:05.964,AEVO/USDT:USDT,0.1072,20257.1,0.1071,82359.9,0.1073,22365.2,0.1074,54675.1
1753546986064,16:23:06.064,AEVO/USDT:USDT,0.1072,20257.1,0.1071,82359.9,0.1073,22365.2,0.1074,54675.1
1753546986264,16:23:06.264,AEVO/USDT:USDT,0.1072,20257.1,0.1071,82359.9,0.1073,19852.1,0.1074,52342.3
1753546986364,16:23:06.364,AEVO/USDT:USDT,0.1072,20442.0,0.1071,82359.9,0.1073,19852.1,0.1074,52342.3
1753546986465,16:23:06.465,AEVO/USDT:USDT,0.1072,20442.0,0.1071,82359.9,0.1073,18667.7,0.1074,53526.6
1753546986565,16:23:06.565,AEVO/USDT:USDT,0.1072,20442.0,0.1071,82359.9,0.1073,18667.7,0.1074,53526.6
1753546986865,16:23:06.865,AEVO/USDT:USDT,0.1072,20442.0,0.1071,82359.9,0.1073,1802.3,0.1074,53526.6
1753546986965,16:23:06.965,AEVO/USDT:USDT,0.1072,20442.0,0.1071,82359.9,0.1073,1802.3,0.1074,53526.6
1753546987064,16:23:07.064,AEVO/USDT:USDT,0.1072,20442.0,0.1071,82359.9,0.1073,1802.3,0.1074,53526.6
1753546987165,16:23:07.165,AEVO/USDT:USDT,0.1072,20534.9,0.1071,82359.9,0.1073,1709.4,0.1074,53526.6
1753546987364,16:23:07.364,AEVO/USDT:USDT,0.1072,20534.9,0.1071,82359.9,0.1073,1709.4,0.1074,53526.6
1753546987564,16:23:07.564,AEVO/USDT:USDT,0.1072,20534.9,0.1071,82359.9,0.1073,1709.4,0.1074,53526.6
1753546987664,16:23:07.664,AEVO/USDT:USDT,0.1072,27593.7,0.1071,82359.9,0.1073,813.4,0.1074,39392.9
1753546987764,16:23:07.764,AEVO/USDT:USDT,0.1072,29458.5,0.1071,82359.9,0.1073,813.4,0.1074,40731.0
1753546987865,16:23:07.865,AEVO/USDT:USDT,0.1072,29458.5,0.1071,82359.9,0.1073,813.4,0.1074,44265.9
1753546987965,16:23:07.965,AEVO/USDT:USDT,0.1072,29458.5,0.1071,82359.9,0.1073,813.4,0.1074,44265.9
1753546988064,16:23:08.064,AEVO/USDT:USDT,0.1072,29458.5,0.1071,82406.6,0.1073,813.4,0.1074,44265.9
1753546988170,16:23:08.170,AEVO/USDT:USDT,0.1072,22399.7,0.1071,82406.6,0.1073,1689.9,0.1074,51324.7
1753546988264,16:23:08.264,AEVO/USDT:USDT,0.1072,22399.7,0.1071,82406.6,0.1073,1689.9,0.1074,54358.3
1753546988365,16:23:08.365,AEVO/USDT:USDT,0.1072,29458.5,0.1071,82406.6,0.1073,1689.9,0.1074,54358.3
1753546988565,16:23:08.565,AEVO/USDT:USDT,0.1072,29458.5,0.1071,82406.6,0.1073,1689.9,0.1074,54358.3
1753546988666,16:23:08.666,AEVO/USDT:USDT,0.1072,29458.5,0.1071,82406.6,0.1073,1689.9,0.1074,54358.3
1753546988864,16:23:08.864,AEVO/USDT:USDT,0.1072,29458.5,0.1071,82406.6,0.1073,1689.9,0.1074,54358.3
1753546989065,16:23:09.065,AEVO/USDT:USDT,0.1072,29458.5,0.1071,82406.6,0.1073,1689.9,0.1074,54358.3
1753546989164,16:23:09.164,AEVO/USDT:USDT,0.1072,29458.5,0.1071,82406.6,0.1073,1689.9,0.1074,54358.3
1753546989965,16:23:09.965,AEVO/USDT:USDT,0.1072,29458.5,0.1071,82406.6,0.1073,1689.9,0.1074,54358.3
1753546990064,16:23:10.064,AEVO/USDT:USDT,0.1072,29458.5,0.1071,82406.6,0.1073,1689.9,0.1074,54358.3
1753546990168,16:23:10.168,AEVO/USDT:USDT,0.1072,29458.5,0.1071,82406.6,0.1073,1689.9,0.1074,54358.3
1753546990264,16:23:10.264,AEVO/USDT:USDT,0.1072,29458.5,0.1071,82406.6,0.1073,1689.9,0.1074,54358.3
1753546990864,16:23:10.864,AEVO/USDT:USDT,0.1072,29458.5,0.1071,82406.6,0.1073,1689.9,0.1074,54358.3
1753546990965,16:23:10.965,AEVO/USDT:USDT,0.1072,29458.5,0.1071,82406.6,0.1073,813.4,0.1074,54358.3
1753546991064,16:23:11.064,AEVO/USDT:USDT,0.1072,34281.9,0.1071,97381.2,0.1073,347.4,0.1074,45181.9
1753546991165,16:23:11.165,AEVO/USDT:USDT,0.1072,34281.9,0.1071,83678.1,0.1073,347.4,0.1074,45181.9
1753546991265,16:23:11.265,AEVO/USDT:USDT,0.1072,34281.9,0.1071,83678.1,0.1073,347.4,0.1074,45181.9
1753546991464,16:23:11.464,AEVO/USDT:USDT,0.1072,41026.9,0.1071,97511.8,0.1073,347.4,0.1074,46318.6
1753546991565,16:23:11.565,AEVO/USDT:USDT,0.1072,41026.9,0.1071,97511.8,0.1073,347.4,0.1074,46318.6
1753546991764,16:23:11.764,AEVO/USDT:USDT,0.1072,41026.9,0.1071,97511.8,0.1073,347.4,0.1074,46318.6
1753546991864,16:23:11.864,AEVO/USDT:USDT,0.1072,41026.9,0.1071,97511.8,0.1073,347.4,0.1074,46318.6
1753546991964,16:23:11.964,AEVO/USDT:USDT,0.1072,41026.9,0.1071,97511.8,0.1073,347.4,0.1074,46318.6
1753546992064,16:23:12.064,AEVO/USDT:USDT,0.1072,41026.9,0.1071,83678.1,0.1073,347.4,0.1074,46318.6
1753546992265,16:23:12.265,AEVO/USDT:USDT,0.1072,41073.6,0.1071,97511.8,0.1073,347.4,0.1074,46318.6
1753546992365,16:23:12.365,AEVO/USDT:USDT,0.1072,41960.6,0.1071,97511.8,0.1073,347.4,0.1074,46318.6
1753546992464,16:23:12.464,AEVO/USDT:USDT,0.1072,41960.6,0.1071,97511.8,0.1073,347.4,0.1074,46318.6
1753546992865,16:23:12.865,AEVO/USDT:USDT,0.1072,41960.6,0.1071,97511.8,0.1073,347.4,0.1074,46784.1
1753546992964,16:23:12.964,AEVO/USDT:USDT,0.1072,41960.6,0.1071,97511.8,0.1073,347.4,0.1074,46784.1
1753546993065,16:23:13.065,AEVO/USDT:USDT,0.1072,42007.3,0.1071,97511.8,0.1073,347.4,0.1074,46784.1
1753546993364,16:23:13.364,AEVO/USDT:USDT,0.1072,42007.3,0.1071,97511.8,0.1073,347.4,0.1074,46784.1
1753546993464,16:23:13.464,AEVO/USDT:USDT,0.1072,42011.9,0.1071,97511.8,0.1073,347.4,0.1074,46784.1
1753546993565,16:23:13.565,AEVO/USDT:USDT,0.1072,42011.9,0.1071,97511.8,0.1073,347.4,0.1074,46784.1
1753546993665,16:23:13.665,AEVO/USDT:USDT,0.1072,42011.9,0.1071,97511.8,0.1073,347.1,0.1074,46784.1
1753546993964,16:23:13.964,AEVO/USDT:USDT,0.1072,42058.6,0.1071,97511.8,0.1073,347.1,0.1074,46784.1
1753546994064,16:23:14.064,AEVO/USDT:USDT,0.1073,16938.8,0.1072,66256.9,0.1074,26247.2,0.1075,46668.6
1753546994167,16:23:14.167,AEVO/USDT:USDT,0.1073,16938.8,0.1072,66164.0,0.1074,26293.1,0.1075,39202.6
1753546994265,16:23:14.265,AEVO/USDT:USDT,0.1073,16938.8,0.1072,66164.0,0.1074,26340.0,0.1075,39202.6
1753546994364,16:23:14.364,AEVO/USDT:USDT,0.1073,16938.8,0.1072,66164.0,0.1074,26340.0,0.1075,43407.3
1753546994466,16:23:14.466,AEVO/USDT:USDT,0.1073,16938.8,0.1072,66164.0,0.1074,26340.0,0.1075,43407.3
1753546994564,16:23:14.564,AEVO/USDT:USDT,0.1073,16938.8,0.1072,66164.0,0.1074,26340.0,0.1075,53407.3
1753546994764,16:23:14.764,AEVO/USDT:USDT,0.1073,16938.8,0.1072,68125.0,0.1074,26340.0,0.1075,53407.3
1753546994865,16:23:14.865,AEVO/USDT:USDT,0.1073,16938.8,0.1072,68125.0,0.1074,19353.8,0.1075,53407.3
1753546995065,16:23:15.065,AEVO/USDT:USDT,0.1073,16938.8,0.1072,68125.0,0.1074,19306.9,0.1075,53407.3
1753546995165,16:23:15.165,AEVO/USDT:USDT,0.1073,16938.8,0.1072,68125.0,0.1074,19306.9,0.1075,53407.3
1753546995464,16:23:15.464,AEVO/USDT:USDT,0.1073,16938.8,0.1072,68125.0,0.1074,19306.9,0.1075,53407.3
1753546995564,16:23:15.564,AEVO/USDT:USDT,0.1073,16938.8,0.1072,68125.0,0.1074,19353.8,0.1075,53407.3
1753546995665,16:23:15.665,AEVO/USDT:USDT,0.1073,16938.8,0.1072,68125.0,0.1074,19353.8,0.1075,53407.3
1753546995764,16:23:15.764,AEVO/USDT:USDT,0.1073,16938.8,0.1072,66164.0,0.1074,19306.9,0.1075,53407.3
1753546995965,16:23:15.965,AEVO/USDT:USDT,0.1073,16938.8,0.1072,66163.0,0.1074,19306.9,0.1075,53407.3
1753546996164,16:23:16.164,AEVO/USDT:USDT,0.1073,16938.8,0.1072,66163.0,0.1074,19306.9,0.1075,53407.3
1753546996265,16:23:16.265,AEVO/USDT:USDT,0.1073,16938.8,0.1072,66163.0,0.1074,19306.9,0.1075,53407.3
1753546996365,16:23:16.365,AEVO/USDT:USDT,0.1073,16938.8,0.1072,66163.0,0.1074,19358.0,0.1075,53407.3
1753546996565,16:23:16.565,AEVO/USDT:USDT,0.1073,16938.8,0.1072,65979.1,0.1074,19725.8,0.1075,60856.3
1753546996665,16:23:16.665,AEVO/USDT:USDT,0.1073,16938.8,0.1072,59299.1,0.1074,21608.2,0.1075,60856.3
1753546996965,16:23:16.965,AEVO/USDT:USDT,0.1073,16938.8,0.1072,59299.1,0.1074,21608.2,0.1075,60856.3
1753546997065,16:23:17.065,AEVO/USDT:USDT,0.1073,16938.8,0.1072,59299.1,0.1074,21561.3,0.1075,60856.3
1753546997165,16:23:17.165,AEVO/USDT:USDT,0.1073,16938.8,0.1072,59299.1,0.1074,21193.5,0.1075,60856.3
1753546997265,16:23:17.265,AEVO/USDT:USDT,0.1073,16938.8,0.1072,68041.5,0.1074,21193.5,0.1075,60856.3
1753546997365,16:23:17.365,AEVO/USDT:USDT,0.1073,16938.8,0.1072,68041.5,0.1074,21240.4,0.1075,60856.3
1753546997564,16:23:17.564,AEVO/USDT:USDT,0.1073,16938.8,0.1072,68041.5,0.1074,21240.4,0.1075,60856.3
1753546997664,16:23:17.664,AEVO/USDT:USDT,0.1073,16938.8,0.1072,68041.5,0.1074,21193.5,0.1075,60856.3
1753546997765,16:23:17.765,AEVO/USDT:USDT,0.1073,16938.8,0.1072,68041.5,0.1074,19311.1,0.1075,60856.3
1753546997864,16:23:17.864,AEVO/USDT:USDT,0.1073,16938.8,0.1072,68041.5,0.1074,19678.9,0.1075,60856.3
1753546998166,16:23:18.166,AEVO/USDT:USDT,0.1073,16938.8,0.1072,68041.5,0.1074,19678.9,0.1075,60856.3
1753546998264,16:23:18.264,AEVO/USDT:USDT,0.1073,16938.8,0.1072,68041.5,0.1074,19678.9,0.1075,60856.3
1753546998364,16:23:18.364,AEVO/USDT:USDT,0.1073,16938.8,0.1072,68041.5,0.1074,19725.8,0.1075,60856.3
1753546998664,16:23:18.664,AEVO/USDT:USDT,0.1073,16938.8,0.1072,68041.5,0.1074,19678.9,0.1075,60856.3
1753546998764,16:23:18.764,AEVO/USDT:USDT,0.1073,16938.8,0.1072,68041.5,0.1074,19678.9,0.1075,60856.3
1753546998864,16:23:18.864,AEVO/USDT:USDT,0.1073,16938.8,0.1072,68041.5,0.1074,19678.9,0.1075,60856.3
1753546999065,16:23:19.065,AEVO/USDT:USDT,0.1073,16938.8,0.1072,68041.5,0.1074,19678.9,0.1075,60856.3
1753546999165,16:23:19.165,AEVO/USDT:USDT,0.1073,16938.8,0.1072,68041.5,0.1074,19678.9,0.1075,60856.3
1753546999364,16:23:19.364,AEVO/USDT:USDT,0.1073,16938.8,0.1072,68041.5,0.1074,19678.9,0.1075,60856.3
1753546999465,16:23:19.465,AEVO/USDT:USDT,0.1073,16938.8,0.1072,68041.5,0.1074,19678.9,0.1075,60856.3
1753546999865,16:23:19.865,AEVO/USDT:USDT,0.1073,16938.8,0.1072,68041.5,0.1074,19678.9,0.1075,60856.3
1753546999965,16:23:19.965,AEVO/USDT:USDT,0.1073,16938.8,0.1072,68041.5,0.1074,19678.9,0.1075,60856.3
1753547000066,16:23:20.066,AEVO/USDT:USDT,0.1073,11491.8,0.1072,73486.0,0.1074,19678.9,0.1075,60856.3
1753547000166,16:23:20.166,AEVO/USDT:USDT,0.1073,13821.0,0.1072,73486.0,0.1074,19678.9,0.1075,60856.3
1753547000264,16:23:20.264,AEVO/USDT:USDT,0.1073,13821.0,0.1072,73486.0,0.1074,19725.8,0.1075,60856.3
1753547000465,16:23:20.465,AEVO/USDT:USDT,0.1073,13821.0,0.1072,73486.0,0.1074,19725.8,0.1075,60856.3
1753547000565,16:23:20.565,AEVO/USDT:USDT,0.1073,13821.0,0.1072,73486.0,0.1074,19725.8,0.1075,60856.3
1753547000865,16:23:20.865,AEVO/USDT:USDT,0.1073,13821.0,0.1072,73486.0,0.1074,19678.9,0.1075,60856.3
1753547001064,16:23:21.064,AEVO/USDT:USDT,0.1073,13821.0,0.1072,73486.0,0.1074,19678.9,0.1075,60856.3
1753547001165,16:23:21.165,AEVO/USDT:USDT,0.1073,13821.0,0.1072,73486.0,0.1074,19678.9,0.1075,60856.3
1753547001264,16:23:21.264,AEVO/USDT:USDT,0.1073,13821.0,0.1072,73486.0,0.1074,19541.9,0.1075,60856.3
1753547001565,16:23:21.565,AEVO/USDT:USDT,0.1073,13821.0,0.1072,73486.0,0.1074,19541.9,0.1075,60856.3
1753547001664,16:23:21.664,AEVO/USDT:USDT,0.1073,13821.0,0.1072,73486.0,0.1074,19541.9,0.1075,60856.3
1753547001864,16:23:21.864,AEVO/USDT:USDT,0.1073,13821.0,0.1072,73486.0,0.1074,19541.9,0.1075,60856.3
1753547002064,16:23:22.064,AEVO/USDT:USDT,0.1073,13821.0,0.1072,73486.0,0.1074,19495.0,0.1075,60856.3
1753547002169,16:23:22.169,AEVO/USDT:USDT,0.1073,13821.0,0.1072,73486.0,0.1074,19495.0,0.1075,60856.3
1753547002365,16:23:22.365,AEVO/USDT:USDT,0.1073,13821.0,0.1072,73486.0,0.1074,19725.8,0.1075,60856.3
1753547002664,16:23:22.664,AEVO/USDT:USDT,0.1073,13821.0,0.1072,73486.0,0.1074,19725.8,0.1075,60856.3
1753547002764,16:23:22.764,AEVO/USDT:USDT,0.1073,13821.0,0.1072,73486.0,0.1074,19725.8,0.1075,60856.3
1753547002864,16:23:22.864,AEVO/USDT:USDT,0.1073,13821.0,0.1072,73486.0,0.1074,19678.9,0.1075,60856.3
1753547002964,16:23:22.964,AEVO/USDT:USDT,0.1073,13821.0,0.1072,73486.0,0.1074,19725.8,0.1075,60856.3
1753547003066,16:23:23.066,AEVO/USDT:USDT,0.1073,13821.0,0.1072,73486.0,0.1074,19678.9,0.1075,60856.3
1753547003264,16:23:23.264,AEVO/USDT:USDT,0.1073,13821.0,0.1072,73486.0,0.1074,19725.8,0.1075,60856.3
1753547003464,16:23:23.464,AEVO/USDT:USDT,0.1073,14004.9,0.1072,73486.0,0.1074,19311.1,0.1075,52851.4
1753547003564,16:23:23.564,AEVO/USDT:USDT,0.1073,14004.9,0.1072,73486.0,0.1074,19311.1,0.1075,52851.4
1753547003665,16:23:23.665,AEVO/USDT:USDT,0.1073,14004.9,0.1072,73486.0,0.1074,19311.1,0.1075,52851.4
1753547003764,16:23:23.764,AEVO/USDT:USDT,0.1073,14004.9,0.1072,73486.0,0.1074,19311.1,0.1075,52851.4
1753547003864,16:23:23.864,AEVO/USDT:USDT,0.1073,14004.9,0.1072,73486.0,0.1074,19311.1,0.1075,52851.4
1753547003964,16:23:23.964,AEVO/USDT:USDT,0.1073,14004.9,0.1072,73486.0,0.1074,19311.1,0.1075,52851.4
1753547004168,16:23:24.168,AEVO/USDT:USDT,0.1073,14004.9,0.1072,73486.0,0.1074,19311.1,0.1075,52851.4
1753547004364,16:23:24.364,AEVO/USDT:USDT,0.1073,14188.8,0.1072,73486.0,0.1074,19311.1,0.1075,52851.4
1753547004565,16:23:24.565,AEVO/USDT:USDT,0.1073,14188.8,0.1072,73486.0,0.1074,15240.7,0.1075,54037.4
1753547004665,16:23:24.665,AEVO/USDT:USDT,0.1073,14188.8,0.1072,73486.0,0.1074,15240.7,0.1075,54037.4
1753547004765,16:23:24.765,AEVO/USDT:USDT,0.1073,14188.8,0.1072,73486.0,0.1074,15240.7,0.1075,54037.4
1753547004865,16:23:24.865,AEVO/USDT:USDT,0.1073,14188.8,0.1072,73486.0,0.1074,15240.7,0.1075,54037.4
1753547005165,16:23:25.165,AEVO/USDT:USDT,0.1073,14188.8,0.1072,73486.0,0.1074,16426.7,0.1075,52851.4
1753547005264,16:23:25.264,AEVO/USDT:USDT,0.1073,14188.8,0.1072,73486.0,0.1074,16426.7,0.1075,52851.4
1753547005365,16:23:25.365,AEVO/USDT:USDT,0.1073,14188.8,0.1072,73486.0,0.1074,16426.7,0.1075,52851.4
1753547005565,16:23:25.565,AEVO/USDT:USDT,0.1073,14004.9,0.1072,73486.0,0.1074,15424.6,0.1075,54037.4
1753547005665,16:23:25.665,AEVO/USDT:USDT,0.1073,13821.0,0.1072,73486.0,0.1074,15608.5,0.1075,54037.4
1753547005765,16:23:25.765,AEVO/USDT:USDT,0.1073,13821.0,0.1072,73486.0,0.1074,15608.5,0.1075,54037.4
1753547006365,16:23:26.365,AEVO/USDT:USDT,0.1073,13821.0,0.1072,73486.0,0.1074,16794.4,0.1075,52851.4
1753547006464,16:23:26.464,AEVO/USDT:USDT,0.1073,13821.0,0.1072,73486.0,0.1074,16794.4,0.1075,52851.4
1753547006865,16:23:26.865,AEVO/USDT:USDT,0.1073,13821.0,0.1072,73486.0,0.1074,16794.4,0.1075,52851.4
1753547006965,16:23:26.965,AEVO/USDT:USDT,0.1073,13821.0,0.1072,73486.0,0.1074,16794.4,0.1075,52851.4
1753547007065,16:23:27.065,AEVO/USDT:USDT,0.1073,14004.9,0.1072,73486.0,0.1074,16610.5,0.1075,52851.4
1753547007264,16:23:27.264,AEVO/USDT:USDT,0.1073,14188.8,0.1072,73486.0,0.1074,16426.6,0.1075,52851.4
1753547007365,16:23:27.365,AEVO/USDT:USDT,0.1073,14188.8,0.1072,73486.0,0.1074,15240.7,0.1075,54037.3
1753547007465,16:23:27.465,AEVO/USDT:USDT,0.1073,14188.8,0.1072,73486.0,0.1074,15240.7,0.1075,54037.3
1753547007565,16:23:27.565,AEVO/USDT:USDT,0.1073,14004.9,0.1072,73486.0,0.1074,15424.6,0.1075,54037.3
1753547007665,16:23:27.665,AEVO/USDT:USDT,0.1073,13821.0,0.1072,73486.0,0.1074,15608.5,0.1075,54037.3
1753547007864,16:23:27.864,AEVO/USDT:USDT,0.1073,13821.0,0.1072,73486.0,0.1074,15608.5,0.1075,54037.3
1753547007964,16:23:27.964,AEVO/USDT:USDT,0.1073,13821.0,0.1072,73486.0,0.1074,15608.5,0.1075,54037.3
1753547008065,16:23:28.065,AEVO/USDT:USDT,0.1073,14004.9,0.1072,73486.0,0.1074,15608.5,0.1075,54037.3
1753547008168,16:23:28.168,AEVO/USDT:USDT,0.1073,14004.9,0.1072,73486.0,0.1074,16745.3,0.1075,52851.4
1753547008465,16:23:28.465,AEVO/USDT:USDT,0.1073,14004.9,0.1072,73486.0,0.1074,15424.6,0.1075,53988.1
1753547008564,16:23:28.564,AEVO/USDT:USDT,0.1073,14004.9,0.1072,73486.0,0.1074,15608.5,0.1075,53988.1
1753547008764,16:23:28.764,AEVO/USDT:USDT,0.1073,14004.9,0.1072,83302.3,0.1074,15608.5,0.1075,53988.1
1753547008865,16:23:28.865,AEVO/USDT:USDT,0.1073,14004.9,0.1072,83302.3,0.1074,15424.6,0.1075,53988.1
1753547008965,16:23:28.965,AEVO/USDT:USDT,0.1073,14004.9,0.1072,83302.3,0.1074,15424.6,0.1075,53988.1
1753547009064,16:23:29.064,AEVO/USDT:USDT,0.1073,14004.9,0.1072,83302.3,0.1074,15424.6,0.1075,53988.1
1753547009365,16:23:29.365,AEVO/USDT:USDT,0.1073,11675.7,0.1072,85633.6,0.1074,15424.6,0.1075,53988.1
1753547009464,16:23:29.464,AEVO/USDT:USDT,0.1073,11675.7,0.1072,85633.6,0.1074,16657.5,0.1075,52851.4
1753547009565,16:23:29.565,AEVO/USDT:USDT,0.1073,11491.8,0.1072,85633.6,0.1074,18723.8,0.1075,52851.4
1753547010064,16:23:30.064,AEVO/USDT:USDT,0.1073,11491.8,0.1072,85633.6,0.1074,18723.8,0.1075,52851.4
1753547010167,16:23:30.167,AEVO/USDT:USDT,0.1073,11491.8,0.1072,85633.6,0.1074,21050.8,0.1075,52851.4
1753547010265,16:23:30.265,AEVO/USDT:USDT,0.1073,11491.8,0.1072,85633.6,0.1074,21050.8,0.1075,56577.5
1753547010464,16:23:30.464,AEVO/USDT:USDT,0.1073,11491.8,0.1072,76891.2,0.1074,21050.8,0.1075,56577.5
1753547010665,16:23:30.665,AEVO/USDT:USDT,0.1073,11491.8,0.1072,76891.2,0.1074,21050.8,0.1075,56577.5
1753547010765,16:23:30.765,AEVO/USDT:USDT,0.1073,11491.8,0.1072,76891.2,0.1074,25203.8,0.1075,56577.5
1753547011264,16:23:31.264,AEVO/USDT:USDT,0.1073,11491.8,0.1072,76891.2,0.1074,25203.8,0.1075,56577.5
1753547011364,16:23:31.364,AEVO/USDT:USDT,0.1073,11491.8,0.1072,76891.2,0.1074,25203.8,0.1075,56577.5
1753547012264,16:23:32.264,AEVO/USDT:USDT,0.1073,11491.8,0.1072,76891.2,0.1074,25203.8,0.1075,56577.5
1753547012364,16:23:32.364,AEVO/USDT:USDT,0.1073,11491.8,0.1072,76891.2,0.1074,25203.8,0.1075,56577.5
1753547012765,16:23:32.765,AEVO/USDT:USDT,0.1073,11491.8,0.1072,76891.2,0.1074,25203.8,0.1075,56577.5
1753547012864,16:23:32.864,AEVO/USDT:USDT,0.1073,11491.8,0.1072,76891.2,0.1074,25203.8,0.1075,56577.5
1753547012965,16:23:32.965,AEVO/USDT:USDT,0.1073,11491.8,0.1072,76891.2,0.1074,25203.8,0.1075,56577.5
1753547013464,16:23:33.464,AEVO/USDT:USDT,0.1073,11491.8,0.1072,76891.2,0.1074,25203.8,0.1075,56577.5
1753547013565,16:23:33.565,AEVO/USDT:USDT,0.1073,11491.8,0.1072,76891.2,0.1074,25203.8,0.1075,56577.5
1753547013665,16:23:33.665,AEVO/USDT:USDT,0.1073,11491.8,0.1072,76891.2,0.1074,25203.8,0.1075,56577.5
1753547013964,16:23:33.964,AEVO/USDT:USDT,0.1073,11491.8,0.1072,76891.2,0.1074,25203.8,0.1075,56577.5
1753547014064,16:23:34.064,AEVO/USDT:USDT,0.1073,11491.8,0.1072,76891.2,0.1074,25203.8,0.1075,56577.5
1753547014168,16:23:34.168,AEVO/USDT:USDT,0.1073,11491.8,0.1072,76891.2,0.1074,25203.8,0.1075,56577.5
1753547014464,16:23:34.464,AEVO/USDT:USDT,0.1073,11491.8,0.1072,76891.2,0.1074,25203.8,0.1075,56577.5
1753547014564,16:23:34.564,AEVO/USDT:USDT,0.1073,11491.8,0.1072,76891.2,0.1074,25203.8,0.1075,56577.5
1753547014665,16:23:34.665,AEVO/USDT:USDT,0.1073,11491.8,0.1072,76891.2,0.1074,25203.8,0.1075,56577.5
1753547015264,16:23:35.264,AEVO/USDT:USDT,0.1073,11491.8,0.1072,76891.2,0.1074,25203.8,0.1075,56577.5
1753547015666,16:23:35.666,AEVO/USDT:USDT,0.1073,11491.8,0.1072,76891.2,0.1074,25203.8,0.1075,56577.5
1753547015764,16:23:35.764,AEVO/USDT:USDT,0.1073,11491.8,0.1072,76891.2,0.1074,25203.8,0.1075,56577.5
1753547016164,16:23:36.164,AEVO/USDT:USDT,0.1073,11491.8,0.1072,76891.2,0.1074,25203.8,0.1075,56577.5
1753547016264,16:23:36.264,AEVO/USDT:USDT,0.1073,11491.8,0.1072,76891.2,0.1074,25203.8,0.1075,56577.5
1753547016564,16:23:36.564,AEVO/USDT:USDT,0.1073,11491.8,0.1072,76891.2,0.1074,19595.4,0.1075,56577.5
1753547016764,16:23:36.764,AEVO/USDT:USDT,0.1073,11491.8,0.1072,76891.2,0.1074,19595.4,0.1075,56577.5
1753547016864,16:23:36.864,AEVO/USDT:USDT,0.1073,11491.8,0.1072,76891.2,0.1074,19595.4,0.1075,56577.5
1753547017265,16:23:37.265,AEVO/USDT:USDT,0.1073,11491.8,0.1072,76891.2,0.1074,19595.4,0.1075,56577.5
1753547017365,16:23:37.365,AEVO/USDT:USDT,0.1073,11859.6,0.1072,76891.2,0.1074,19227.6,0.1075,56577.5
1753547017464,16:23:37.464,AEVO/USDT:USDT,0.1073,11859.6,0.1072,81946.9,0.1074,19227.6,0.1075,56577.5
1753547017565,16:23:37.565,AEVO/USDT:USDT,0.1073,11859.6,0.1072,81946.9,0.1074,17994.7,0.1075,57763.4
1753547017865,16:23:37.865,AEVO/USDT:USDT,0.1073,11859.6,0.1072,81946.9,0.1074,17994.7,0.1075,57763.4
1753547017964,16:23:37.964,AEVO/USDT:USDT,0.1073,11859.6,0.1072,81946.9,0.1074,17994.7,0.1075,57763.4
1753547018168,16:23:38.168,AEVO/USDT:USDT,0.1073,11859.6,0.1072,81946.9,0.1074,17994.7,0.1075,57763.4
1753547018364,16:23:38.364,AEVO/USDT:USDT,0.1073,11859.6,0.1072,81946.9,0.1074,17994.7,0.1075,57763.4
1753547018464,16:23:38.464,AEVO/USDT:USDT,0.1073,11859.6,0.1072,81946.9,0.1074,17994.7,0.1075,57763.4
1753547018665,16:23:38.665,AEVO/USDT:USDT,0.1073,11675.7,0.1072,81946.9,0.1074,18178.6,0.1075,57763.4
1753547018764,16:23:38.764,AEVO/USDT:USDT,0.1073,11859.6,0.1072,81946.9,0.1074,18178.6,0.1075,57763.4
1753547018864,16:23:38.864,AEVO/USDT:USDT,0.1073,11491.8,0.1072,81946.9,0.1074,18362.5,0.1075,57763.4
1753547019465,16:23:39.465,AEVO/USDT:USDT,0.1073,11491.8,0.1072,81946.9,0.1074,18409.4,0.1075,57763.4
1753547019564,16:23:39.564,AEVO/USDT:USDT,0.1073,11491.8,0.1072,81946.9,0.1074,18409.4,0.1075,57763.4
1753547019664,16:23:39.664,AEVO/USDT:USDT,0.1073,11675.7,0.1072,81946.9,0.1074,18178.6,0.1075,57763.4
1753547019764,16:23:39.764,AEVO/USDT:USDT,0.1073,11491.8,0.1072,81946.9,0.1074,18362.5,0.1075,57763.4
1753547019964,16:23:39.964,AEVO/USDT:USDT,0.1073,11491.8,0.1072,81946.9,0.1074,18362.5,0.1075,57763.4
1753547020064,16:23:40.064,AEVO/USDT:USDT,0.1073,11675.7,0.1072,81946.9,0.1074,17994.7,0.1075,57763.4
1753547020165,16:23:40.165,AEVO/USDT:USDT,0.1073,11675.7,0.1072,81946.9,0.1074,17994.7,0.1075,57763.4
1753547020465,16:23:40.465,AEVO/USDT:USDT,0.1073,11859.6,0.1072,81946.9,0.1074,17994.7,0.1075,57763.4
1753547020564,16:23:40.564,AEVO/USDT:USDT,0.1073,11859.6,0.1072,81946.9,0.1074,17994.7,0.1075,57763.4
1753547020665,16:23:40.665,AEVO/USDT:USDT,0.1073,11859.6,0.1072,81946.9,0.1074,17994.7,0.1075,57763.4
1753547020864,16:23:40.864,AEVO/USDT:USDT,0.1073,14188.8,0.1072,79615.6,0.1074,17994.7,0.1075,57763.4
1753547020964,16:23:40.964,AEVO/USDT:USDT,0.1073,14188.8,0.1072,79615.6,0.1074,17994.7,0.1075,57763.4
1753547021665,16:23:41.665,AEVO/USDT:USDT,0.1073,14188.8,0.1072,79615.6,0.1074,17994.7,0.1075,57763.4
1753547021764,16:23:41.764,AEVO/USDT:USDT,0.1073,14188.8,0.1072,79615.6,0.1074,17994.7,0.1075,57763.4
1753547022167,16:23:42.167,AEVO/USDT:USDT,0.1073,14188.8,0.1072,79615.6,0.1074,17994.7,0.1075,57763.4
1753547022264,16:23:42.264,AEVO/USDT:USDT,0.1073,14271.9,0.1072,79615.6,0.1074,17994.7,0.1075,57763.4
1753547022565,16:23:42.565,AEVO/USDT:USDT,0.1073,14271.9,0.1072,79615.6,0.1074,17994.7,0.1075,57763.4
1753547022665,16:23:42.665,AEVO/USDT:USDT,0.1073,14271.9,0.1072,79615.6,0.1074,17994.7,0.1075,57763.4
1753547022764,16:23:42.764,AEVO/USDT:USDT,0.1073,14271.9,0.1072,79615.6,0.1074,17994.7,0.1075,57763.4
1753547022864,16:23:42.864,AEVO/USDT:USDT,0.1073,14271.9,0.1072,79615.6,0.1074,17994.7,0.1075,57763.4
1753547023065,16:23:43.065,AEVO/USDT:USDT,0.1073,21137.3,0.1072,79615.6,0.1074,5667.7,0.1075,58227.0
1753547023166,16:23:43.166,AEVO/USDT:USDT,0.1073,21137.3,0.1072,79615.6,0.1074,1847.8,0.1075,47421.9
1753547023264,16:23:43.264,AEVO/USDT:USDT,0.1073,21137.3,0.1072,79615.6,0.1074,1847.8,0.1075,47421.9
1753547023364,16:23:43.364,AEVO/USDT:USDT,0.1073,21137.3,0.1072,79615.6,0.1074,1847.8,0.1075,47421.9
1753547023565,16:23:43.565,AEVO/USDT:USDT,0.1073,21137.3,0.1072,79615.6,0.1074,1847.8,0.1075,47421.9
1753547023764,16:23:43.764,AEVO/USDT:USDT,0.1073,21137.3,0.1072,79615.6,0.1074,1847.8,0.1075,47421.9
1753547023865,16:23:43.865,AEVO/USDT:USDT,0.1073,21137.3,0.1072,79615.6,0.1074,1847.8,0.1075,47421.9
1753547024168,16:23:44.168,AEVO/USDT:USDT,0.1073,21230.1,0.1072,79615.6,0.1074,11847.8,0.1075,47421.9
1753547024264,16:23:44.264,AEVO/USDT:USDT,0.1073,21230.1,0.1072,79615.6,0.1074,11847.8,0.1075,47421.9
1753547024364,16:23:44.364,AEVO/USDT:USDT,0.1073,21230.1,0.1072,79615.6,0.1074,13511.6,0.1075,47421.9
1753547024464,16:23:44.464,AEVO/USDT:USDT,0.1073,21231.1,0.1072,79615.6,0.1074,13511.6,0.1075,47421.9
1753547024564,16:23:44.564,AEVO/USDT:USDT,0.1073,21231.1,0.1072,79615.6,0.1074,13511.6,0.1075,47421.9
1753547024865,16:23:44.865,AEVO/USDT:USDT,0.1073,20863.3,0.1072,79615.6,0.1074,20744.8,0.1075,47421.9
1753547024965,16:23:44.965,AEVO/USDT:USDT,0.1073,20863.3,0.1072,79615.6,0.1074,20560.9,0.1075,47421.9
1753547025064,16:23:45.064,AEVO/USDT:USDT,0.1073,20770.5,0.1072,79615.6,0.1074,20560.9,0.1075,47421.9
1753547025165,16:23:45.165,AEVO/USDT:USDT,0.1073,20770.5,0.1072,79615.6,0.1074,20377.0,0.1075,47421.9
1753547025365,16:23:45.365,AEVO/USDT:USDT,0.1073,20770.5,0.1072,79615.6,0.1074,20377.0,0.1075,47421.9
1753547025465,16:23:45.465,AEVO/USDT:USDT,0.1073,21138.3,0.1072,79615.6,0.1074,20377.0,0.1075,47421.9
1753547025865,16:23:45.865,AEVO/USDT:USDT,0.1073,21138.3,0.1072,79615.6,0.1074,20377.0,0.1075,47421.9
1753547025964,16:23:45.964,AEVO/USDT:USDT,0.1073,20954.4,0.1072,79615.6,0.1074,20560.9,0.1075,47421.9
1753547026064,16:23:46.064,AEVO/USDT:USDT,0.1073,20954.4,0.1072,79615.6,0.1074,20560.9,0.1075,47421.9
1753547026163,16:23:46.163,AEVO/USDT:USDT,0.1073,21138.3,0.1072,79615.6,0.1074,20560.9,0.1075,47421.9
1753547026365,16:23:46.365,AEVO/USDT:USDT,0.1073,21138.3,0.1072,79615.6,0.1074,20377.0,0.1075,47421.9
1753547026465,16:23:46.465,AEVO/USDT:USDT,0.1073,20954.4,0.1072,79615.6,0.1074,20744.8,0.1075,47421.9
1753547026565,16:23:46.565,AEVO/USDT:USDT,0.1073,21138.3,0.1072,79615.6,0.1074,20744.8,0.1075,47421.9
1753547026764,16:23:46.764,AEVO/USDT:USDT,0.1073,20770.5,0.1072,79615.6,0.1074,20560.9,0.1075,47421.9
1753547026864,16:23:46.864,AEVO/USDT:USDT,0.1073,21138.3,0.1072,79615.6,0.1074,20560.9,0.1075,47421.9
1753547026965,16:23:46.965,AEVO/USDT:USDT,0.1073,21138.3,0.1072,79615.6,0.1074,20560.9,0.1075,47421.9
1753547027065,16:23:47.065,AEVO/USDT:USDT,0.1073,21138.3,0.1072,79615.6,0.1074,20560.9,0.1075,47421.9
1753547027165,16:23:47.165,AEVO/USDT:USDT,0.1073,21138.3,0.1072,79615.6,0.1074,20560.9,0.1075,47421.9
1753547027365,16:23:47.365,AEVO/USDT:USDT,0.1073,21138.3,0.1072,79615.6,0.1074,20377.0,0.1075,47421.9
1753547027564,16:23:47.564,AEVO/USDT:USDT,0.1073,21138.3,0.1072,79615.6,0.1074,20377.0,0.1075,47421.9
1753547027665,16:23:47.665,AEVO/USDT:USDT,0.1073,21138.3,0.1072,79615.6,0.1074,20377.0,0.1075,47421.9
1753547027765,16:23:47.765,AEVO/USDT:USDT,0.1073,21138.3,0.1072,79615.6,0.1074,20377.0,0.1075,47421.9
1753547027964,16:23:47.964,AEVO/USDT:USDT,0.1073,21138.3,0.1072,79615.6,0.1074,20377.0,0.1075,47421.9
1753547028165,16:23:48.165,AEVO/USDT:USDT,0.1073,21138.3,0.1072,79615.6,0.1074,20377.0,0.1075,47421.9
1753547028264,16:23:48.264,AEVO/USDT:USDT,0.1073,21138.3,0.1072,79615.6,0.1074,20377.0,0.1075,47421.9
1753547028764,16:23:48.764,AEVO/USDT:USDT,0.1073,21138.3,0.1072,79615.6,0.1074,20377.0,0.1075,47421.9
1753547028865,16:23:48.865,AEVO/USDT:USDT,0.1073,21138.3,0.1072,79615.6,0.1074,20377.0,0.1075,47421.9
1753547029265,16:23:49.265,AEVO/USDT:USDT,0.1073,21138.3,0.1072,79615.6,0.1074,20744.8,0.1075,47421.9
1753547029365,16:23:49.365,AEVO/USDT:USDT,0.1073,21138.3,0.1072,79615.6,0.1074,20744.8,0.1075,47421.9
1753547029765,16:23:49.765,AEVO/USDT:USDT,0.1073,21138.3,0.1072,79615.6,0.1074,20744.8,0.1075,47421.9
1753547029864,16:23:49.864,AEVO/USDT:USDT,0.1073,20954.4,0.1072,79615.6,0.1074,20744.8,0.1075,47421.9
1753547029965,16:23:49.965,AEVO/USDT:USDT,0.1073,21138.3,0.1072,79615.6,0.1074,20744.8,0.1075,47421.9
1753547030167,16:23:50.167,AEVO/USDT:USDT,0.1073,21138.3,0.1072,79615.6,0.1074,20560.9,0.1075,47421.9
1753547030465,16:23:50.465,AEVO/USDT:USDT,0.1073,21138.3,0.1072,79615.6,0.1074,20744.8,0.1075,47421.9
1753547030764,16:23:50.764,AEVO/USDT:USDT,0.1073,21138.3,0.1072,79615.6,0.1074,10377.0,0.1075,47421.9
1753547030865,16:23:50.865,AEVO/USDT:USDT,0.1073,21138.3,0.1072,79615.6,0.1074,10377.0,0.1075,47421.9
1753547030964,16:23:50.964,AEVO/USDT:USDT,0.1073,21138.3,0.1072,79615.6,0.1074,10377.0,0.1075,47421.9
1753547031065,16:23:51.065,AEVO/USDT:USDT,0.1073,21138.3,0.1072,79615.6,0.1074,10377.0,0.1075,45095.2
1753547031165,16:23:51.165,AEVO/USDT:USDT,0.1073,21138.3,0.1072,79615.6,0.1074,15377.0,0.1075,45095.2
1753547031265,16:23:51.265,AEVO/USDT:USDT,0.1073,20954.4,0.1072,79615.6,0.1074,15744.8,0.1075,45095.2
1753547031365,16:23:51.365,AEVO/USDT:USDT,0.1073,21138.3,0.1072,79615.6,0.1074,15377.0,0.1075,45095.2
1753547031465,16:23:51.465,AEVO/USDT:USDT,0.1073,21138.3,0.1072,79615.6,0.1074,15377.0,0.1075,45095.2
1753547031765,16:23:51.765,AEVO/USDT:USDT,0.1073,21138.3,0.1072,79615.6,0.1074,15377.0,0.1075,45095.2
1753547031864,16:23:51.864,AEVO/USDT:USDT,0.1073,21138.3,0.1072,79615.6,0.1074,15377.0,0.1075,45095.2
1753547031964,16:23:51.964,AEVO/USDT:USDT,0.1073,21138.3,0.1072,79615.6,0.1074,15377.0,0.1075,45095.2
1753547032065,16:23:52.065,AEVO/USDT:USDT,0.1073,21138.3,0.1072,79615.6,0.1074,15377.0,0.1075,45095.2
1753547032166,16:23:52.166,AEVO/USDT:USDT,0.1073,21138.3,0.1072,79615.6,0.1074,20377.0,0.1075,45095.2
1753547032264,16:23:52.264,AEVO/USDT:USDT,0.1073,21138.3,0.1072,79615.6,0.1074,20377.0,0.1075,45095.2
1753547032465,16:23:52.465,AEVO/USDT:USDT,0.1073,21138.3,0.1072,79615.6,0.1074,20377.0,0.1075,45095.2
1753547032564,16:23:52.564,AEVO/USDT:USDT,0.1073,20954.4,0.1072,79615.6,0.1074,20744.8,0.1075,45095.2
1753547032764,16:23:52.764,AEVO/USDT:USDT,0.1073,20954.4,0.1072,79615.6,0.1074,20744.8,0.1075,45095.2
1753547032964,16:23:52.964,AEVO/USDT:USDT,0.1073,20954.4,0.1072,79615.6,0.1074,20744.8,0.1075,45095.2
1753547033064,16:23:53.064,AEVO/USDT:USDT,0.1073,20954.4,0.1072,79615.6,0.1074,20744.8,0.1075,45095.2
1753547033165,16:23:53.165,AEVO/USDT:USDT,0.1073,21138.3,0.1072,79615.6,0.1074,20560.9,0.1075,45095.2
1753547033565,16:23:53.565,AEVO/USDT:USDT,0.1073,21138.3,0.1072,79615.6,0.1074,20560.9,0.1075,45095.2
1753547033664,16:23:53.664,AEVO/USDT:USDT,0.1073,20770.5,0.1072,79615.6,0.1074,20744.8,0.1075,45095.2
1753547034065,16:23:54.065,AEVO/USDT:USDT,0.1073,20770.5,0.1072,79615.6,0.1074,20837.6,0.1075,45095.2
1753547034168,16:23:54.168,AEVO/USDT:USDT,0.1073,20770.5,0.1072,79615.6,0.1074,20837.6,0.1075,45095.2
1753547034264,16:23:54.264,AEVO/USDT:USDT,0.1073,21138.3,0.1072,79615.6,0.1074,20837.6,0.1075,45095.2
1753547034464,16:23:54.464,AEVO/USDT:USDT,0.1073,21138.3,0.1072,79615.6,0.1074,20653.7,0.1075,45095.2
1753547035065,16:23:55.065,AEVO/USDT:USDT,0.1073,21193.3,0.1072,79615.6,0.1074,20649.5,0.1075,45095.2
1753547035165,16:23:55.165,AEVO/USDT:USDT,0.1073,21193.3,0.1072,79615.6,0.1074,20372.8,0.1075,45095.2
1753547035265,16:23:55.265,AEVO/USDT:USDT,0.1073,21193.3,0.1072,79615.6,0.1074,20372.8,0.1075,45095.2
1753547035764,16:23:55.764,AEVO/USDT:USDT,0.1073,21193.3,0.1072,79615.6,0.1074,20372.8,0.1075,45095.2
1753547035864,16:23:55.864,AEVO/USDT:USDT,0.1073,21264.7,0.1072,79615.6,0.1074,20372.8,0.1075,45095.2
1753547036065,16:23:56.065,AEVO/USDT:USDT,0.1073,21264.7,0.1072,79615.6,0.1074,20372.8,0.1075,45095.2
1753547036167,16:23:56.167,AEVO/USDT:USDT,0.1073,20896.9,0.1072,79615.6,0.1074,20740.6,0.1075,45095.2
1753547036264,16:23:56.264,AEVO/USDT:USDT,0.1073,21264.7,0.1072,79615.6,0.1074,20556.7,0.1075,47424.0
1753547036365,16:23:56.365,AEVO/USDT:USDT,0.1073,21264.7,0.1072,79615.6,0.1074,20556.7,0.1075,47424.0
1753547036864,16:23:56.864,AEVO/USDT:USDT,0.1073,21264.7,0.1072,79615.6,0.1074,20556.7,0.1075,47424.0
1753547036965,16:23:56.965,AEVO/USDT:USDT,0.1073,21264.7,0.1072,79615.6,0.1074,20556.7,0.1075,47424.0
1753547037265,16:23:57.265,AEVO/USDT:USDT,0.1073,21264.7,0.1072,79615.6,0.1074,20556.7,0.1075,47424.0
1753547037365,16:23:57.365,AEVO/USDT:USDT,0.1073,21264.7,0.1072,79615.6,0.1074,20556.7,0.1075,47424.0
1753547037464,16:23:57.464,AEVO/USDT:USDT,0.1073,21264.7,0.1072,79615.6,0.1074,20372.8,0.1075,47424.0
1753547037764,16:23:57.764,AEVO/USDT:USDT,0.1073,21264.7,0.1072,79615.6,0.1074,20372.8,0.1075,47424.0
1753547037864,16:23:57.864,AEVO/USDT:USDT,0.1073,21264.7,0.1072,79615.6,0.1074,20372.8,0.1075,47424.0
1753547037964,16:23:57.964,AEVO/USDT:USDT,0.1073,21264.7,0.1072,79615.6,0.1074,20372.8,0.1075,47424.0
1753547038264,16:23:58.264,AEVO/USDT:USDT,0.1073,21264.7,0.1072,79615.6,0.1074,20585.6,0.1075,47424.0
1753547038364,16:23:58.364,AEVO/USDT:USDT,0.1073,21264.7,0.1072,79615.6,0.1074,20585.6,0.1075,47424.0
1753547038464,16:23:58.464,AEVO/USDT:USDT,0.1073,21264.7,0.1072,79615.6,0.1074,20585.6,0.1075,47424.0
1753547038564,16:23:58.564,AEVO/USDT:USDT,0.1073,21264.7,0.1072,79615.6,0.1074,20585.6,0.1075,47424.0
1753547039264,16:23:59.264,AEVO/USDT:USDT,0.1073,21264.7,0.1072,79615.6,0.1074,20585.6,0.1075,45095.2
1753547039464,16:23:59.464,AEVO/USDT:USDT,0.1073,21264.7,0.1072,79615.6,0.1074,20585.6,0.1075,45095.2
1753547039564,16:23:59.564,AEVO/USDT:USDT,0.1073,21264.7,0.1072,79615.6,0.1074,20585.6,0.1075,45095.2
1753547039664,16:23:59.664,AEVO/USDT:USDT,0.1073,21264.7,0.1072,79615.6,0.1074,20585.6,0.1075,45095.2
1753547039764,16:23:59.764,AEVO/USDT:USDT,0.1073,21264.7,0.1072,79615.6,0.1074,20585.6,0.1075,45095.2
1753547040167,16:24:00.167,AEVO/USDT:USDT,0.1073,21264.7,0.1072,79615.6,0.1074,20585.6,0.1075,45095.2
1753547040264,16:24:00.264,AEVO/USDT:USDT,0.1073,21080.8,0.1072,79615.6,0.1074,20953.4,0.1075,45095.2
1753547040365,16:24:00.365,AEVO/USDT:USDT,0.1073,20471.8,0.1072,79615.6,0.1074,20953.4,0.1075,45095.2
1753547041064,16:24:01.064,AEVO/USDT:USDT,0.1073,20471.8,0.1072,79615.6,0.1074,20953.4,0.1075,45095.2
1753547041166,16:24:01.166,AEVO/USDT:USDT,0.1073,20471.8,0.1072,79615.6,0.1074,20953.4,0.1075,45095.2
1753547041265,16:24:01.265,AEVO/USDT:USDT,0.1073,20471.8,0.1072,79615.6,0.1074,20769.5,0.1075,45095.2
1753547041464,16:24:01.464,AEVO/USDT:USDT,0.1073,20471.8,0.1072,79615.6,0.1074,20953.4,0.1075,45095.2
1753547041564,16:24:01.564,AEVO/USDT:USDT,0.1073,20287.9,0.1072,79615.6,0.1074,20953.4,0.1075,45095.2
1753547041664,16:24:01.664,AEVO/USDT:USDT,0.1073,20287.9,0.1072,79615.6,0.1074,20953.4,0.1075,45095.2
1753547041764,16:24:01.764,AEVO/USDT:USDT,0.1073,20287.9,0.1072,79615.6,0.1074,20953.4,0.1075,45095.2
1753547042166,16:24:02.166,AEVO/USDT:USDT,0.1073,20471.8,0.1072,79615.6,0.1074,20585.6,0.1075,45095.2
1753547042265,16:24:02.265,AEVO/USDT:USDT,0.1073,20471.8,0.1072,79615.6,0.1074,20585.6,0.1075,45095.2
1753547042364,16:24:02.364,AEVO/USDT:USDT,0.1073,20471.8,0.1072,79615.6,0.1074,20953.4,0.1075,45095.2
1753547042764,16:24:02.764,AEVO/USDT:USDT,0.1073,20471.8,0.1072,79615.6,0.1074,20953.4,0.1075,45095.2
1753547042865,16:24:02.865,AEVO/USDT:USDT,0.1073,20471.8,0.1072,79615.6,0.1074,20953.4,0.1075,45095.2
1753547043165,16:24:03.165,AEVO/USDT:USDT,0.1073,20471.8,0.1072,79615.6,0.1074,20953.4,0.1075,45095.2
1753547043364,16:24:03.364,AEVO/USDT:USDT,0.1073,20471.8,0.1072,79615.6,0.1074,20953.4,0.1075,45095.2
1753547043464,16:24:03.464,AEVO/USDT:USDT,0.1073,20471.8,0.1072,79615.6,0.1074,20953.4,0.1075,45095.2
1753547043665,16:24:03.665,AEVO/USDT:USDT,0.1073,20471.8,0.1072,79615.6,0.1074,20953.4,0.1075,45095.2
1753547043764,16:24:03.764,AEVO/USDT:USDT,0.1073,20471.8,0.1072,79615.6,0.1074,20953.4,0.1075,45095.2
1753547043964,16:24:03.964,AEVO/USDT:USDT,0.1073,20471.8,0.1072,79615.6,0.1074,20953.4,0.1075,45095.2
1753547044065,16:24:04.065,AEVO/USDT:USDT,0.1073,20471.8,0.1072,79615.6,0.1074,20953.4,0.1075,45095.2
1753547044167,16:24:04.167,AEVO/USDT:USDT,0.1073,20655.7,0.1072,79615.6,0.1074,10585.6,0.1075,45095.2
1753547044465,16:24:04.465,AEVO/USDT:USDT,0.1073,20655.7,0.1072,79615.6,0.1074,10585.6,0.1075,45095.2
1753547044565,16:24:04.565,AEVO/USDT:USDT,0.1073,20655.7,0.1072,79615.6,0.1074,10585.6,0.1075,45095.2
1753547044964,16:24:04.964,AEVO/USDT:USDT,0.1073,20655.7,0.1072,79615.6,0.1074,10585.6,0.1075,45095.2
1753547045164,16:24:05.164,AEVO/USDT:USDT,0.1073,20748.5,0.1072,79615.6,0.1074,10585.6,0.1075,45095.2
1753547045564,16:24:05.564,AEVO/USDT:USDT,0.1073,20748.5,0.1072,79615.6,0.1074,10585.6,0.1075,45095.2
1753547045666,16:24:05.666,AEVO/USDT:USDT,0.1073,20748.5,0.1072,79615.6,0.1074,10585.6,0.1075,45095.2
1753547046065,16:24:06.065,AEVO/USDT:USDT,0.1073,20748.5,0.1072,79662.3,0.1074,10585.6,0.1075,45095.2
1753547046168,16:24:06.168,AEVO/USDT:USDT,0.1073,20748.5,0.1072,79662.3,0.1074,10585.6,0.1075,45095.2
1753547046265,16:24:06.265,AEVO/USDT:USDT,0.1073,20748.5,0.1072,79662.3,0.1074,10585.6,0.1075,45095.2
1753547046764,16:24:06.764,AEVO/USDT:USDT,0.1073,20748.5,0.1072,79662.3,0.1074,10585.6,0.1075,45095.2
1753547046865,16:24:06.865,AEVO/USDT:USDT,0.1073,20748.5,0.1072,79662.3,0.1074,10585.6,0.1075,45095.2
1753547047265,16:24:07.265,AEVO/USDT:USDT,0.1073,20748.5,0.1072,79662.3,0.1074,10585.6,0.1075,45095.2
1753547047365,16:24:07.365,AEVO/USDT:USDT,0.1073,20748.5,0.1072,79662.3,0.1074,10585.6,0.1075,45095.2
1753547048167,16:24:08.167,AEVO/USDT:USDT,0.1073,20748.5,0.1072,79662.3,0.1074,10585.6,0.1075,45095.2
1753547048465,16:24:08.465,AEVO/USDT:USDT,0.1073,20380.7,0.1072,79662.3,0.1074,10953.4,0.1075,45095.2
1753547048565,16:24:08.565,AEVO/USDT:USDT,0.1073,20748.5,0.1072,79662.3,0.1074,10585.6,0.1075,45095.2
1753547048665,16:24:08.665,AEVO/USDT:USDT,0.1073,20564.6,0.1072,79662.3,0.1074,10953.4,0.1075,45095.2
1753547048765,16:24:08.765,AEVO/USDT:USDT,0.1073,20748.5,0.1072,79662.3,0.1074,10585.6,0.1075,45095.2
1753547048965,16:24:08.965,AEVO/USDT:USDT,0.1073,20748.5,0.1072,79662.3,0.1074,15585.6,0.1075,45095.2
1753547049164,16:24:09.164,AEVO/USDT:USDT,0.1073,20748.5,0.1072,79662.3,0.1074,15585.6,0.1075,45095.2
1753547049465,16:24:09.465,AEVO/USDT:USDT,0.1073,20748.5,0.1072,79662.3,0.1074,15531.1,0.1075,45095.2
1753547049964,16:24:09.964,AEVO/USDT:USDT,0.1073,20748.5,0.1072,79662.3,0.1074,15531.1,0.1075,45095.2
1753547050065,16:24:10.065,AEVO/USDT:USDT,0.1073,20748.5,0.1072,79662.3,0.1074,15531.1,0.1075,45095.2
1753547050167,16:24:10.167,AEVO/USDT:USDT,0.1073,20748.5,0.1072,79662.3,0.1074,15531.1,0.1075,45095.2
1753547050565,16:24:10.565,AEVO/USDT:USDT,0.1073,20748.5,0.1072,79662.3,0.1074,15531.1,0.1075,45095.2
1753547050665,16:24:10.665,AEVO/USDT:USDT,0.1073,20748.5,0.1072,79662.3,0.1074,15531.1,0.1075,45095.2
1753547051065,16:24:11.065,AEVO/USDT:USDT,0.1073,20748.5,0.1072,79662.3,0.1074,15531.1,0.1075,45095.2
1753547051165,16:24:11.165,AEVO/USDT:USDT,0.1073,20748.5,0.1072,79662.3,0.1074,15531.1,0.1075,45095.2
1753547051264,16:24:11.264,AEVO/USDT:USDT,0.1073,20748.5,0.1072,79662.3,0.1074,10531.1,0.1075,45095.2
1753547051565,16:24:11.565,AEVO/USDT:USDT,0.1073,20748.5,0.1072,79662.3,0.1074,10531.1,0.1075,45095.2
1753547051665,16:24:11.665,AEVO/USDT:USDT,0.1073,20748.5,0.1072,79662.3,0.1074,10531.1,0.1075,45095.2
1753547051764,16:24:11.764,AEVO/USDT:USDT,0.1073,20748.5,0.1072,79662.3,0.1074,10531.1,0.1075,45095.2
1753547052165,16:24:12.165,AEVO/USDT:USDT,0.1073,20748.5,0.1072,79662.3,0.1074,10531.1,0.1075,45095.2
1753547052265,16:24:12.265,AEVO/USDT:USDT,0.1073,20748.5,0.1072,79662.3,0.1074,10531.1,0.1075,45095.2
1753547052364,16:24:12.364,AEVO/USDT:USDT,0.1073,20748.5,0.1072,79662.3,0.1074,2765.9,0.1075,45095.2
1753547052464,16:24:12.464,AEVO/USDT:USDT,0.1073,20748.5,0.1072,79662.3,0.1074,2765.9,0.1075,43232.2
1753547052565,16:24:12.565,AEVO/USDT:USDT,0.1073,20748.5,0.1072,79662.3,0.1074,2765.9,0.1075,43232.2
1753547052764,16:24:12.764,AEVO/USDT:USDT,0.1073,20748.5,0.1072,79662.3,0.1074,2765.9,0.1075,43232.2
1753547052864,16:24:12.864,AEVO/USDT:USDT,0.1073,20748.5,0.1072,79662.3,0.1074,2765.9,0.1075,43232.2
1753547053265,16:24:13.265,AEVO/USDT:USDT,0.1073,20748.5,0.1072,79662.3,0.1074,2765.9,0.1075,43232.2
1753547053365,16:24:13.365,AEVO/USDT:USDT,0.1073,20748.5,0.1072,79662.3,0.1074,2765.9,0.1075,43232.2
1753547053764,16:24:13.764,AEVO/USDT:USDT,0.1073,20403.0,0.1072,79662.3,0.1074,2765.9,0.1075,43232.2
1753547053865,16:24:13.865,AEVO/USDT:USDT,0.1073,20403.0,0.1072,79662.3,0.1074,2765.9,0.1075,43232.2
1753547053965,16:24:13.965,AEVO/USDT:USDT,0.1073,20403.0,0.1072,79662.3,0.1074,2771.3,0.1075,43232.2
1753547054064,16:24:14.064,AEVO/USDT:USDT,0.1073,20403.0,0.1072,79662.3,0.1074,2771.3,0.1075,43232.2
1753547054365,16:24:14.365,AEVO/USDT:USDT,0.1073,20403.0,0.1072,79662.3,0.1074,2771.3,0.1075,43232.2
1753547054464,16:24:14.464,AEVO/USDT:USDT,0.1073,20403.0,0.1072,79662.3,0.1074,2771.3,0.1075,43232.2
1753547054764,16:24:14.764,AEVO/USDT:USDT,0.1073,20403.0,0.1072,79662.3,0.1074,2771.3,0.1075,43232.2
1753547054864,16:24:14.864,AEVO/USDT:USDT,0.1073,20403.0,0.1072,79662.3,0.1074,2771.3,0.1075,43232.2
1753547054965,16:24:14.965,AEVO/USDT:USDT,0.1073,20403.0,0.1072,79662.3,0.1074,2771.3,0.1075,43232.2
1753547055065,16:24:15.065,AEVO/USDT:USDT,0.1073,20403.0,0.1072,79662.3,0.1074,2771.3,0.1075,43232.2
1753547055665,16:24:15.665,AEVO/USDT:USDT,0.1073,20403.0,0.1072,79662.3,0.1074,3652.0,0.1075,43232.2
1753547055865,16:24:15.865,AEVO/USDT:USDT,0.1073,20403.0,0.1072,79662.3,0.1074,13652.0,0.1075,43232.2
1753547055965,16:24:15.965,AEVO/USDT:USDT,0.1073,20403.0,0.1072,79662.3,0.1074,13652.0,0.1075,43232.2
1753547056064,16:24:16.064,AEVO/USDT:USDT,0.1073,20403.0,0.1072,79662.3,0.1074,13652.0,0.1075,43232.2
1753547056169,16:24:16.169,AEVO/USDT:USDT,0.1073,20403.0,0.1072,79662.3,0.1074,13652.0,0.1075,43232.2
1753547056564,16:24:16.564,AEVO/USDT:USDT,0.1073,20403.0,0.1072,79662.3,0.1074,13652.0,0.1075,43232.2
1753547056665,16:24:16.665,AEVO/USDT:USDT,0.1073,20403.0,0.1072,79662.3,0.1074,13652.0,0.1075,43232.2
1753547057164,16:24:17.164,AEVO/USDT:USDT,0.1073,20403.0,0.1072,79662.3,0.1074,13652.0,0.1075,43232.2
1753547057265,16:24:17.265,AEVO/USDT:USDT,0.1073,20403.0,0.1072,79662.3,0.1074,13652.0,0.1075,43232.2
1753547057764,16:24:17.764,AEVO/USDT:USDT,0.1073,20403.0,0.1072,79662.3,0.1074,13652.0,0.1075,43232.2
1753547057864,16:24:17.864,AEVO/USDT:USDT,0.1073,20403.0,0.1072,79662.3,0.1074,3652.0,0.1075,43232.2
1753547058364,16:24:18.364,AEVO/USDT:USDT,0.1073,20403.0,0.1072,79662.3,0.1074,3652.0,0.1075,43232.2
1753547058465,16:24:18.465,AEVO/USDT:USDT,0.1073,20403.0,0.1072,79662.3,0.1074,3652.0,0.1075,43232.2
1753547058864,16:24:18.864,AEVO/USDT:USDT,0.1073,20403.0,0.1072,79662.3,0.1074,3652.0,0.1075,43232.2
1753547058964,16:24:18.964,AEVO/USDT:USDT,0.1073,20403.0,0.1072,79662.3,0.1074,3652.0,0.1075,43232.2
1753547059464,16:24:19.464,AEVO/USDT:USDT,0.1073,20403.0,0.1072,79662.3,0.1074,2771.3,0.1075,43232.2
1753547059564,16:24:19.564,AEVO/USDT:USDT,0.1073,20403.0,0.1072,129896.1,0.1074,2771.3,0.1075,43232.2
1753547059664,16:24:19.664,AEVO/USDT:USDT,0.1073,20403.0,0.1072,129896.1,0.1074,2771.3,0.1075,43232.2
1753547059764,16:24:19.764,AEVO/USDT:USDT,0.1073,20403.0,0.1072,129896.1,0.1074,2771.3,0.1075,43232.2
1753547059964,16:24:19.964,AEVO/USDT:USDT,0.1073,20403.0,0.1072,129896.1,0.1074,2771.3,0.1075,43232.2
1753547060365,16:24:20.365,AEVO/USDT:USDT,0.1073,27461.8,0.1072,129896.1,0.1074,2771.3,0.1075,36173.4
1753547060464,16:24:20.464,AEVO/USDT:USDT,0.1073,27461.8,0.1072,129896.1,0.1074,2771.3,0.1075,36173.4
1753547060564,16:24:20.564,AEVO/USDT:USDT,0.1073,27461.8,0.1072,129896.1,0.1074,2771.3,0.1075,36173.4
1753547060865,16:24:20.865,AEVO/USDT:USDT,0.1073,27461.8,0.1072,129896.1,0.1074,2771.3,0.1075,36173.4
1753547061065,16:24:21.065,AEVO/USDT:USDT,0.1073,27461.8,0.1072,129896.1,0.1074,2771.3,0.1075,36173.4
1753547061164,16:24:21.164,AEVO/USDT:USDT,0.1073,27461.8,0.1072,129896.1,0.1074,2771.3,0.1075,36173.4
1753547061565,16:24:21.565,AEVO/USDT:USDT,0.1073,27461.8,0.1072,129896.1,0.1074,2771.3,0.1075,36173.4
1753547061665,16:24:21.665,AEVO/USDT:USDT,0.1073,27461.8,0.1072,129896.1,0.1074,2771.3,0.1075,36173.4
1753547061764,16:24:21.764,AEVO/USDT:USDT,0.1073,27461.8,0.1072,129896.1,0.1074,2771.3,0.1075,36173.4
1753547062064,16:24:22.064,AEVO/USDT:USDT,0.1073,27461.8,0.1072,129896.1,0.1074,2771.3,0.1075,36173.4
1753547062265,16:24:22.265,AEVO/USDT:USDT,0.1073,27307.3,0.1072,129896.1,0.1074,2771.3,0.1075,36173.4
1753547062365,16:24:22.365,AEVO/USDT:USDT,0.1073,27440.5,0.1072,129896.1,0.1074,2771.3,0.1075,36173.4
1753547062465,16:24:22.465,AEVO/USDT:USDT,0.1073,27440.5,0.1072,129896.1,0.1074,2771.3,0.1075,43232.2
1753547062564,16:24:22.564,AEVO/USDT:USDT,0.1073,20381.7,0.1072,129896.1,0.1074,3655.7,0.1075,43232.2
1753547062664,16:24:22.664,AEVO/USDT:USDT,0.1073,20381.7,0.1072,129896.1,0.1074,3655.7,0.1075,43232.2
1753547062765,16:24:22.765,AEVO/USDT:USDT,0.1073,20381.7,0.1072,129896.1,0.1074,8655.7,0.1075,43232.2
1753547062865,16:24:22.865,AEVO/USDT:USDT,0.1073,20381.7,0.1072,129896.1,0.1074,8655.7,0.1075,43232.2
1753547062965,16:24:22.965,AEVO/USDT:USDT,0.1073,20381.7,0.1072,129896.1,0.1074,8655.7,0.1075,43232.2
1753547063065,16:24:23.065,AEVO/USDT:USDT,0.1073,20381.7,0.1072,129896.1,0.1074,8655.7,0.1075,43232.2
1753547063164,16:24:23.164,AEVO/USDT:USDT,0.1073,20381.7,0.1072,129896.1,0.1074,8655.7,0.1075,43232.2
1753547063269,16:24:23.269,AEVO/USDT:USDT,0.1073,20381.7,0.1072,129896.1,0.1074,8655.7,0.1075,43232.2
1753547063764,16:24:23.764,AEVO/USDT:USDT,0.1073,20381.7,0.1072,129896.1,0.1074,3655.7,0.1075,43232.2
1753547064264,16:24:24.264,AEVO/USDT:USDT,0.1073,20381.7,0.1072,129896.1,0.1074,3655.7,0.1075,43232.2
1753547064364,16:24:24.364,AEVO/USDT:USDT,0.1073,20381.7,0.1072,129896.1,0.1074,3655.7,0.1075,43232.2
1753547064665,16:24:24.665,AEVO/USDT:USDT,0.1073,20381.7,0.1072,129896.1,0.1074,3655.7,0.1075,43232.2
1753547064764,16:24:24.764,AEVO/USDT:USDT,0.1073,20381.7,0.1072,129896.1,0.1074,3655.7,0.1075,43232.2
1753547064865,16:24:24.865,AEVO/USDT:USDT,0.1073,20381.7,0.1072,129896.1,0.1074,3655.7,0.1075,43232.2
1753547064965,16:24:24.965,AEVO/USDT:USDT,0.1073,20381.7,0.1072,129896.1,0.1074,3655.7,0.1075,43232.2
1753547065365,16:24:25.365,AEVO/USDT:USDT,0.1073,20381.7,0.1072,129896.1,0.1074,3655.7,0.1075,43232.2
1753547065464,16:24:25.464,AEVO/USDT:USDT,0.1073,20381.7,0.1072,129896.1,0.1074,3655.7,0.1075,43232.2
1753547065665,16:24:25.665,AEVO/USDT:USDT,0.1073,20381.7,0.1072,129896.1,0.1074,3655.7,0.1075,43232.2
1753547065764,16:24:25.764,AEVO/USDT:USDT,0.1073,20197.8,0.1072,129896.1,0.1074,13655.7,0.1075,43232.2
1753547065965,16:24:25.965,AEVO/USDT:USDT,0.1073,20013.9,0.1072,129896.1,0.1074,13655.7,0.1075,43232.2
1753547066064,16:24:26.064,AEVO/USDT:USDT,0.1073,20013.9,0.1072,129896.1,0.1074,13839.6,0.1075,43232.2
1753547066167,16:24:26.167,AEVO/USDT:USDT,0.1073,20015.1,0.1072,129896.1,0.1074,13839.6,0.1075,43232.2
1753547066264,16:24:26.264,AEVO/USDT:USDT,0.1073,20199.0,0.1072,129896.1,0.1074,13655.7,0.1075,43232.2
1753547066565,16:24:26.565,AEVO/USDT:USDT,0.1073,20199.0,0.1072,129896.1,0.1074,13655.7,0.1075,43232.2
1753547066664,16:24:26.664,AEVO/USDT:USDT,0.1073,20199.0,0.1072,129896.1,0.1074,13655.7,0.1075,43232.2
1753547066865,16:24:26.865,AEVO/USDT:USDT,0.1073,20382.9,0.1072,129896.1,0.1074,13655.7,0.1075,43232.2
1753547067064,16:24:27.064,AEVO/USDT:USDT,0.1073,20382.9,0.1072,129896.1,0.1074,13655.7,0.1075,43232.2
1753547067165,16:24:27.165,AEVO/USDT:USDT,0.1073,20475.7,0.1072,129896.1,0.1074,13655.7,0.1075,43232.2
1753547067365,16:24:27.365,AEVO/USDT:USDT,0.1073,20475.7,0.1072,129896.1,0.1074,13655.7,0.1075,43232.2
1753547067665,16:24:27.665,AEVO/USDT:USDT,0.1073,20475.7,0.1072,129896.1,0.1074,13655.7,0.1075,43232.2
1753547067764,16:24:27.764,AEVO/USDT:USDT,0.1073,20475.7,0.1072,129896.1,0.1074,13655.7,0.1075,43232.2
1753547067965,16:24:27.965,AEVO/USDT:USDT,0.1073,20475.7,0.1072,129896.1,0.1074,3655.7,0.1075,43232.2
1753547068166,16:24:28.166,AEVO/USDT:USDT,0.1073,20475.7,0.1072,129896.1,0.1074,3655.7,0.1075,43232.2
1753547068364,16:24:28.364,AEVO/USDT:USDT,0.1073,20475.7,0.1072,129896.1,0.1074,3655.7,0.1075,43232.2
1753547068864,16:24:28.864,AEVO/USDT:USDT,0.1073,20475.7,0.1072,129896.1,0.1074,3655.7,0.1075,43232.2
1753547068964,16:24:28.964,AEVO/USDT:USDT,0.1073,29416.9,0.1072,129896.1,0.1074,2771.3,0.1075,36173.4
1753547069065,16:24:29.065,AEVO/USDT:USDT,0.1073,29416.9,0.1072,127564.1,0.1074,2305.8,0.1075,32915.1
1753547069164,16:24:29.164,AEVO/USDT:USDT,0.1073,29416.9,0.1072,127564.1,0.1074,2305.8,0.1075,33846.6
1753547069365,16:24:29.365,AEVO/USDT:USDT,0.1073,31746.8,0.1072,127564.1,0.1074,2305.8,0.1075,32915.1
1753547069465,16:24:29.465,AEVO/USDT:USDT,0.1073,20475.7,0.1072,128958.7,0.1074,2305.8,0.1075,40905.4
1753547069565,16:24:29.565,AEVO/USDT:USDT,0.1073,20475.7,0.1072,128958.7,0.1074,2305.8,0.1075,40905.4
1753547070065,16:24:30.065,AEVO/USDT:USDT,0.1073,20475.7,0.1072,128958.7,0.1074,2305.8,0.1075,40905.4
1753547070964,16:24:30.964,AEVO/USDT:USDT,0.1073,20475.7,0.1072,128958.7,0.1074,3180.9,0.1075,40905.4
1753547071064,16:24:31.064,AEVO/USDT:USDT,0.1073,20475.7,0.1072,119142.4,0.1074,3180.9,0.1075,36700.7
1753547071165,16:24:31.165,AEVO/USDT:USDT,0.1073,27534.5,0.1072,119142.4,0.1074,2305.8,0.1075,33964.9
1753547071264,16:24:31.264,AEVO/USDT:USDT,0.1073,27534.5,0.1072,119142.4,0.1074,2305.8,0.1075,33964.9
1753547071564,16:24:31.564,AEVO/USDT:USDT,0.1073,27534.5,0.1072,119142.4,0.1074,2305.8,0.1075,33964.9
1753547071665,16:24:31.665,AEVO/USDT:USDT,0.1073,27534.5,0.1072,119142.4,0.1074,2305.8,0.1075,33964.9
1753547071765,16:24:31.765,AEVO/USDT:USDT,0.1073,27534.5,0.1072,119142.4,0.1074,2305.8,0.1075,33964.9
1753547071964,16:24:31.964,AEVO/USDT:USDT,0.1073,36107.8,0.1072,135737.9,0.1074,2305.8,0.1075,38465.2
1753547072064,16:24:32.064,AEVO/USDT:USDT,0.1073,36154.4,0.1072,135737.9,0.1074,2305.8,0.1075,38465.2
1753547072169,16:24:32.169,AEVO/USDT:USDT,0.1073,36154.4,0.1072,135737.9,0.1074,2305.8,0.1075,38465.2
1753547072464,16:24:32.464,AEVO/USDT:USDT,0.1073,36154.4,0.1072,135737.9,0.1074,2305.8,0.1075,38465.2
1753547072565,16:24:32.565,AEVO/USDT:USDT,0.1073,36154.4,0.1072,135737.9,0.1074,2305.8,0.1075,38465.2
1753547072665,16:24:32.665,AEVO/USDT:USDT,0.1073,36154.4,0.1072,135737.9,0.1074,2305.8,0.1075,38465.2
1753547072865,16:24:32.865,AEVO/USDT:USDT,0.1073,36154.4,0.1072,135737.9,0.1074,2305.8,0.1075,38465.2
1753547072964,16:24:32.964,AEVO/USDT:USDT,0.1073,36154.4,0.1072,135737.9,0.1074,2305.8,0.1075,38465.2
1753547073065,16:24:33.065,AEVO/USDT:USDT,0.1073,36154.4,0.1072,135737.9,0.1074,2305.8,0.1075,38465.2
1753547073165,16:24:33.165,AEVO/USDT:USDT,0.1073,36154.4,0.1072,135737.9,0.1074,2305.8,0.1075,38465.2
1753547073264,16:24:33.264,AEVO/USDT:USDT,0.1073,36154.4,0.1072,135737.9,0.1074,2305.8,0.1075,38465.2
1753547073478,16:24:33.478,AEVO/USDT:USDT,0.1073,36107.8,0.1072,135737.9,0.1074,2305.8,0.1075,38465.2
1753547073564,16:24:33.564,AEVO/USDT:USDT,0.1073,37041.5,0.1072,135737.9,0.1074,2305.8,0.1075,38465.2
1753547073665,16:24:33.665,AEVO/USDT:USDT,0.1073,37041.5,0.1072,135737.9,0.1074,2305.8,0.1075,38465.2
1753547073765,16:24:33.765,AEVO/USDT:USDT,0.1073,37088.1,0.1072,135737.9,0.1074,2305.8,0.1075,38465.2
1753547073964,16:24:33.964,AEVO/USDT:USDT,0.1074,25492.4,0.1073,81051.8,0.1075,17712.2,0.1076,59054.6
1753547074064,16:24:34.064,AEVO/USDT:USDT,0.1074,25492.4,0.1073,81051.8,0.1075,17712.2,0.1076,59054.6
1753547074165,16:24:34.165,AEVO/USDT:USDT,0.1074,25492.4,0.1073,80959.0,0.1075,17804.9,0.1076,59054.6
1753547074264,16:24:34.264,AEVO/USDT:USDT,0.1074,25492.4,0.1073,80959.0,0.1075,18991.0,0.1076,60195.1
1753547074364,16:24:34.364,AEVO/USDT:USDT,0.1074,25492.4,0.1073,80959.0,0.1075,18991.0,0.1076,60195.1
1753547074465,16:24:34.465,AEVO/USDT:USDT,0.1074,25492.4,0.1073,80959.0,0.1075,18991.0,0.1076,60195.1
1753547074664,16:24:34.664,AEVO/USDT:USDT,0.1074,25492.4,0.1073,80959.0,0.1075,18991.0,0.1076,70195.1
1753547074765,16:24:34.765,AEVO/USDT:USDT,0.1074,25492.4,0.1073,80959.0,0.1075,19174.9,0.1076,70195.1
1753547074965,16:24:34.965,AEVO/USDT:USDT,0.1074,25492.4,0.1073,80959.0,0.1075,19174.9,0.1076,70195.1
1753547075064,16:24:35.064,AEVO/USDT:USDT,0.1074,25492.4,0.1073,80959.0,0.1075,19174.9,0.1076,70195.1
1753547075164,16:24:35.164,AEVO/USDT:USDT,0.1074,25492.4,0.1073,80959.0,0.1075,19174.9,0.1076,70195.1
1753547075265,16:24:35.265,AEVO/USDT:USDT,0.1074,25492.4,0.1073,80959.0,0.1075,19174.9,0.1076,70195.1
1753547075365,16:24:35.365,AEVO/USDT:USDT,0.1074,25492.4,0.1073,80959.0,0.1075,19174.9,0.1076,70195.1
1753547075564,16:24:35.564,AEVO/USDT:USDT,0.1074,25492.4,0.1073,80959.0,0.1075,7621.0,0.1076,76034.5
1753547075664,16:24:35.664,AEVO/USDT:USDT,0.1074,25492.4,0.1073,80959.0,0.1075,17621.0,0.1076,76034.5
1753547075765,16:24:35.765,AEVO/USDT:USDT,0.1074,25492.4,0.1073,80959.0,0.1075,17621.0,0.1076,76034.5
1753547075864,16:24:35.864,AEVO/USDT:USDT,0.1074,25492.4,0.1073,80959.0,0.1075,18989.6,0.1076,74848.4
1753547075965,16:24:35.965,AEVO/USDT:USDT,0.1074,25492.4,0.1073,80959.0,0.1075,18989.6,0.1076,74848.4
1753547076064,16:24:36.064,AEVO/USDT:USDT,0.1074,25492.4,0.1073,80959.0,0.1075,18805.7,0.1076,74848.4
1753547076167,16:24:36.167,AEVO/USDT:USDT,0.1074,25492.4,0.1073,80959.0,0.1075,18713.0,0.1076,74848.4
1753547076265,16:24:36.265,AEVO/USDT:USDT,0.1074,25492.4,0.1073,80959.0,0.1075,19080.8,0.1076,74848.4
1753547076365,16:24:36.365,AEVO/USDT:USDT,0.1074,25492.4,0.1073,80959.0,0.1075,19080.8,0.1076,74848.4
1753547076464,16:24:36.464,AEVO/USDT:USDT,0.1074,25492.4,0.1073,80959.0,0.1075,19080.8,0.1076,74848.4
1753547076665,16:24:36.665,AEVO/USDT:USDT,0.1074,25492.4,0.1073,80959.0,0.1075,19080.8,0.1076,74848.4
1753547076765,16:24:36.765,AEVO/USDT:USDT,0.1074,25492.4,0.1073,80959.0,0.1075,19080.8,0.1076,74848.4
1753547077064,16:24:37.064,AEVO/USDT:USDT,0.1074,25492.4,0.1073,80959.0,0.1075,19080.8,0.1076,74848.4
1753547077165,16:24:37.165,AEVO/USDT:USDT,0.1074,25492.4,0.1073,80959.0,0.1075,18989.6,0.1076,74848.4
1753547077265,16:24:37.265,AEVO/USDT:USDT,0.1074,25492.4,0.1073,80959.0,0.1075,19173.5,0.1076,74848.4
1753547077565,16:24:37.565,AEVO/USDT:USDT,0.1074,25492.4,0.1073,80959.0,0.1075,19173.5,0.1076,74848.4
1753547077664,16:24:37.664,AEVO/USDT:USDT,0.1074,25492.4,0.1073,80959.0,0.1075,19173.5,0.1076,74848.4
1753547078065,16:24:38.065,AEVO/USDT:USDT,0.1074,25492.4,0.1073,80959.0,0.1075,19173.5,0.1076,74848.4
1753547078164,16:24:38.164,AEVO/USDT:USDT,0.1074,25492.4,0.1073,80959.0,0.1075,19173.5,0.1076,74848.4
1753547078565,16:24:38.565,AEVO/USDT:USDT,0.1074,25492.4,0.1073,80959.0,0.1075,18805.7,0.1076,74848.4
1753547078666,16:24:38.666,AEVO/USDT:USDT,0.1074,25492.4,0.1073,80959.0,0.1075,18805.7,0.1076,74848.4
1753547078764,16:24:38.764,AEVO/USDT:USDT,0.1074,25492.4,0.1073,80959.0,0.1075,18805.7,0.1076,74848.4
1753547079064,16:24:39.064,AEVO/USDT:USDT,0.1074,25492.4,0.1073,80775.1,0.1075,18805.7,0.1076,74848.4
1753547079164,16:24:39.164,AEVO/USDT:USDT,0.1074,25492.4,0.1073,80775.1,0.1075,19173.5,0.1076,74848.4
1753547079265,16:24:39.265,AEVO/USDT:USDT,0.1074,25492.4,0.1073,80775.1,0.1075,18805.7,0.1076,74848.4
1753547079364,16:24:39.364,AEVO/USDT:USDT,0.1074,25492.4,0.1073,80775.1,0.1075,19173.5,0.1076,74848.4
1753547079464,16:24:39.464,AEVO/USDT:USDT,0.1074,25676.3,0.1073,80775.1,0.1075,18805.7,0.1076,74848.4
1753547079764,16:24:39.764,AEVO/USDT:USDT,0.1074,25676.3,0.1073,80775.1,0.1075,18805.7,0.1076,74848.4
1753547079864,16:24:39.864,AEVO/USDT:USDT,0.1074,25676.3,0.1073,80775.1,0.1075,18805.7,0.1076,74848.4
1753547080065,16:24:40.065,AEVO/USDT:USDT,0.1074,25676.3,0.1073,80775.1,0.1075,18713.0,0.1076,74848.4
1753547080264,16:24:40.264,AEVO/USDT:USDT,0.1074,25676.3,0.1073,80775.1,0.1075,18713.0,0.1076,74848.4
1753547080365,16:24:40.365,AEVO/USDT:USDT,0.1074,25492.4,0.1073,80775.1,0.1075,18896.9,0.1076,74848.4
1753547080864,16:24:40.864,AEVO/USDT:USDT,0.1074,25492.4,0.1073,80775.1,0.1075,18896.9,0.1076,74848.4
1753547080965,16:24:40.965,AEVO/USDT:USDT,0.1074,25492.4,0.1073,80775.1,0.1075,19080.8,0.1076,74848.4
1753547081165,16:24:41.165,AEVO/USDT:USDT,0.1074,25492.4,0.1073,80775.1,0.1075,19173.5,0.1076,74848.4
1753547081366,16:24:41.366,AEVO/USDT:USDT,0.1074,25492.4,0.1073,80775.1,0.1075,18805.7,0.1076,74848.4
1753547081464,16:24:41.464,AEVO/USDT:USDT,0.1074,25492.4,0.1073,80775.1,0.1075,18989.6,0.1076,74848.4
1753547081864,16:24:41.864,AEVO/USDT:USDT,0.1074,25492.4,0.1073,80775.1,0.1075,18989.6,0.1076,74848.4
1753547081965,16:24:41.965,AEVO/USDT:USDT,0.1074,25492.4,0.1073,80775.1,0.1075,19173.5,0.1076,74848.4
1753547082065,16:24:42.065,AEVO/USDT:USDT,0.1074,25676.3,0.1073,80775.1,0.1075,18805.7,0.1076,74848.4
1753547082165,16:24:42.165,AEVO/USDT:USDT,0.1074,25676.3,0.1073,80775.1,0.1075,18713.0,0.1076,74848.4
1753547082265,16:24:42.265,AEVO/USDT:USDT,0.1074,25676.3,0.1073,80775.1,0.1075,18713.0,0.1076,74848.4
1753547082364,16:24:42.364,AEVO/USDT:USDT,0.1074,25676.3,0.1073,80775.1,0.1075,18896.9,0.1076,74848.4
1753547082464,16:24:42.464,AEVO/USDT:USDT,0.1074,25676.3,0.1073,80775.1,0.1075,18713.0,0.1076,74848.4
1753547082564,16:24:42.564,AEVO/USDT:USDT,0.1074,25676.3,0.1073,80775.1,0.1075,18713.0,0.1076,74848.4
1753547082964,16:24:42.964,AEVO/USDT:USDT,0.1074,25676.3,0.1073,80775.1,0.1075,18713.0,0.1076,74848.4
1753547083064,16:24:43.064,AEVO/USDT:USDT,0.1074,25676.3,0.1073,80775.1,0.1075,18713.0,0.1076,74848.4
1753547083170,16:24:43.170,AEVO/USDT:USDT,0.1074,25676.3,0.1073,80775.1,0.1075,18713.0,0.1076,74848.4
1753547083364,16:24:43.364,AEVO/USDT:USDT,0.1074,25676.3,0.1073,80775.1,0.1075,18713.0,0.1076,74848.4
1753547083565,16:24:43.565,AEVO/USDT:USDT,0.1074,25676.3,0.1073,80775.1,0.1075,18713.0,0.1076,74848.4
1753547083665,16:24:43.665,AEVO/USDT:USDT,0.1074,25676.3,0.1073,80775.1,0.1075,18713.0,0.1076,74848.4
1753547085065,16:24:45.065,AEVO/USDT:USDT,0.1074,25676.3,0.1073,80775.1,0.1075,18896.9,0.1076,74848.4
1753547085164,16:24:45.164,AEVO/USDT:USDT,0.1074,25676.3,0.1073,80775.1,0.1075,18896.9,0.1076,74848.4
1753547085264,16:24:45.264,AEVO/USDT:USDT,0.1074,25676.3,0.1073,80775.1,0.1075,18896.9,0.1076,74848.4
1753547085364,16:24:45.364,AEVO/USDT:USDT,0.1074,25676.3,0.1073,80775.1,0.1075,18896.9,0.1076,74848.4
1753547085464,16:24:45.464,AEVO/USDT:USDT,0.1074,25492.4,0.1073,80775.1,0.1075,19080.8,0.1076,74848.4
1753547085665,16:24:45.665,AEVO/USDT:USDT,0.1074,25492.4,0.1073,80775.1,0.1075,19080.8,0.1076,74848.4
1753547085764,16:24:45.764,AEVO/USDT:USDT,0.1074,25676.3,0.1073,80775.1,0.1075,18896.9,0.1076,74848.4
1753547086167,16:24:46.167,AEVO/USDT:USDT,0.1074,25676.3,0.1073,80775.1,0.1075,18896.9,0.1076,74848.4
1753547086264,16:24:46.264,AEVO/USDT:USDT,0.1074,25676.3,0.1073,80775.1,0.1075,18896.9,0.1076,74848.4
1753547086365,16:24:46.365,AEVO/USDT:USDT,0.1074,25676.3,0.1073,80775.1,0.1075,18896.9,0.1076,74848.4
1753547087365,16:24:47.365,AEVO/USDT:USDT,0.1074,25676.3,0.1073,80775.1,0.1075,18896.9,0.1076,74848.4
1753547087464,16:24:47.464,AEVO/USDT:USDT,0.1074,25676.3,0.1073,80775.1,0.1075,18896.9,0.1076,74848.4
1753547087665,16:24:47.665,AEVO/USDT:USDT,0.1074,25492.4,0.1073,80775.1,0.1075,19080.8,0.1076,74848.4
1753547087764,16:24:47.764,AEVO/USDT:USDT,0.1074,18627.0,0.1073,80775.1,0.1075,19080.8,0.1076,74848.4
1753547087864,16:24:47.864,AEVO/USDT:USDT,0.1074,18627.0,0.1073,80775.1,0.1075,19080.8,0.1076,74848.4
1753547087964,16:24:47.964,AEVO/USDT:USDT,0.1074,18627.0,0.1073,80775.1,0.1075,19080.8,0.1076,74848.4
1753547088165,16:24:48.165,AEVO/USDT:USDT,0.1074,18627.0,0.1073,80775.1,0.1075,19173.5,0.1076,74848.4
1753547088365,16:24:48.365,AEVO/USDT:USDT,0.1074,18627.0,0.1073,80775.1,0.1075,19173.5,0.1076,74848.4
1753547088465,16:24:48.465,AEVO/USDT:USDT,0.1074,18627.0,0.1073,80775.1,0.1075,19173.5,0.1076,74848.4
1753547088565,16:24:48.565,AEVO/USDT:USDT,0.1074,18627.0,0.1073,80775.1,0.1075,19173.5,0.1076,74848.4
1753547088764,16:24:48.764,AEVO/USDT:USDT,0.1074,18627.0,0.1073,80775.1,0.1075,19173.5,0.1076,74848.4
1753547088865,16:24:48.865,AEVO/USDT:USDT,0.1074,18627.0,0.1073,80775.1,0.1075,19173.5,0.1076,74848.4
1753547090064,16:24:50.064,AEVO/USDT:USDT,0.1074,18627.0,0.1073,80775.1,0.1075,19173.5,0.1076,74848.4
1753547090169,16:24:50.169,AEVO/USDT:USDT,0.1074,18627.0,0.1073,80775.1,0.1075,19173.5,0.1076,74848.4
1753547090365,16:24:50.365,AEVO/USDT:USDT,0.1074,25625.3,0.1073,80775.1,0.1075,7804.9,0.1076,76033.0
1753547090465,16:24:50.465,AEVO/USDT:USDT,0.1074,25809.2,0.1073,80775.1,0.1075,10608.8,0.1076,69515.5
1753547090565,16:24:50.565,AEVO/USDT:USDT,0.1074,25809.2,0.1073,80775.1,0.1075,10608.8,0.1076,69515.5
1753547090665,16:24:50.665,AEVO/USDT:USDT,0.1074,25809.2,0.1073,80775.1,0.1075,5608.8,0.1076,69515.5
1753547090765,16:24:50.765,AEVO/USDT:USDT,0.1074,25809.2,0.1073,80775.1,0.1075,6793.4,0.1076,68330.9
1753547091065,16:24:51.065,AEVO/USDT:USDT,0.1074,25809.2,0.1073,80775.1,0.1075,6700.7,0.1076,68330.9
1753547091165,16:24:51.165,AEVO/USDT:USDT,0.1074,25809.2,0.1073,80775.1,0.1075,6700.7,0.1076,68330.9
1753547091264,16:24:51.264,AEVO/USDT:USDT,0.1074,25809.2,0.1073,80775.1,0.1075,6700.7,0.1076,68330.9
1753547091464,16:24:51.464,AEVO/USDT:USDT,0.1074,25809.2,0.1073,80775.1,0.1075,11700.7,0.1076,68330.9
1753547091564,16:24:51.564,AEVO/USDT:USDT,0.1074,25625.3,0.1073,80775.1,0.1075,11884.6,0.1076,68330.9
1753547091666,16:24:51.666,AEVO/USDT:USDT,0.1074,25441.4,0.1073,80775.1,0.1075,12068.5,0.1076,68330.9
1753547091765,16:24:51.765,AEVO/USDT:USDT,0.1074,25441.4,0.1073,80775.1,0.1075,12068.5,0.1076,68330.9
1753547091865,16:24:51.865,AEVO/USDT:USDT,0.1074,25625.3,0.1073,80775.1,0.1075,12068.5,0.1076,68330.9
1753547091964,16:24:51.964,AEVO/USDT:USDT,0.1074,25625.3,0.1073,80775.1,0.1075,11884.6,0.1076,68330.9
1753547092168,16:24:52.168,AEVO/USDT:USDT,0.1074,25625.3,0.1073,80775.1,0.1075,11884.6,0.1076,68330.9
1753547092264,16:24:52.264,AEVO/USDT:USDT,0.1074,25625.3,0.1073,80775.1,0.1075,11884.6,0.1076,68330.9
1753547092464,16:24:52.464,AEVO/USDT:USDT,0.1074,25441.4,0.1073,80775.1,0.1075,17068.5,0.1076,68330.9
1753547093164,16:24:53.164,AEVO/USDT:USDT,0.1074,25625.3,0.1073,80775.1,0.1075,16700.7,0.1076,68330.9
1753547093264,16:24:53.264,AEVO/USDT:USDT,0.1074,25625.3,0.1073,80775.1,0.1075,16884.6,0.1076,68330.9
1753547094464,16:24:54.464,AEVO/USDT:USDT,0.1074,25625.3,0.1073,80775.1,0.1075,16884.6,0.1076,68330.9
1753547094565,16:24:54.565,AEVO/USDT:USDT,0.1074,25809.2,0.1073,80775.1,0.1075,16884.6,0.1076,68330.9
1753547094764,16:24:54.764,AEVO/USDT:USDT,0.1074,25809.2,0.1073,80775.1,0.1075,16884.6,0.1076,68330.9
1753547094864,16:24:54.864,AEVO/USDT:USDT,0.1074,25625.3,0.1073,80775.1,0.1075,16884.6,0.1076,68330.9
1753547094964,16:24:54.964,AEVO/USDT:USDT,0.1074,25625.3,0.1073,80775.1,0.1075,16884.6,0.1076,68330.9
1753547095064,16:24:55.064,AEVO/USDT:USDT,0.1074,25625.3,0.1073,80775.1,0.1075,16884.6,0.1076,68330.9
1753547095564,16:24:55.564,AEVO/USDT:USDT,0.1074,25625.3,0.1073,80775.1,0.1075,16884.6,0.1076,68330.9
1753547095665,16:24:55.665,AEVO/USDT:USDT,0.1074,25809.2,0.1073,80775.1,0.1075,15700.0,0.1076,68330.9
1753547095764,16:24:55.764,AEVO/USDT:USDT,0.1074,25809.2,0.1073,80775.1,0.1075,15700.0,0.1076,69515.6
1753547096064,16:24:56.064,AEVO/USDT:USDT,0.1074,25625.3,0.1073,80775.1,0.1075,15700.0,0.1076,69515.6
1753547096167,16:24:56.167,AEVO/USDT:USDT,0.1074,25625.3,0.1073,80681.1,0.1075,16884.7,0.1076,68330.9
1753547096264,16:24:56.264,AEVO/USDT:USDT,0.1074,25719.3,0.1073,80681.1,0.1075,16884.7,0.1076,68330.9
1753547096664,16:24:56.664,AEVO/USDT:USDT,0.1074,25719.3,0.1073,80681.1,0.1075,16884.7,0.1076,68330.9
1753547096764,16:24:56.764,AEVO/USDT:USDT,0.1074,25719.3,0.1073,80681.1,0.1075,16884.7,0.1076,68330.9
1753547096865,16:24:56.865,AEVO/USDT:USDT,0.1074,25903.2,0.1073,80681.1,0.1075,16884.7,0.1076,68330.9
1753547097165,16:24:57.165,AEVO/USDT:USDT,0.1074,25903.2,0.1073,80547.9,0.1075,16884.7,0.1076,68330.9
1753547097265,16:24:57.265,AEVO/USDT:USDT,0.1074,26042.1,0.1073,80547.9,0.1075,16884.7,0.1076,68330.9
1753547097465,16:24:57.465,AEVO/USDT:USDT,0.1074,26042.1,0.1073,80492.9,0.1075,18217.5,0.1076,68330.9
1753547097564,16:24:57.564,AEVO/USDT:USDT,0.1074,25858.2,0.1073,80492.9,0.1075,18401.4,0.1076,68330.9
1753547097665,16:24:57.665,AEVO/USDT:USDT,0.1074,26042.1,0.1073,80492.9,0.1075,18217.5,0.1076,68330.9
1753547097765,16:24:57.765,AEVO/USDT:USDT,0.1074,25858.2,0.1073,80492.9,0.1075,18217.5,0.1076,68330.9
1753547097864,16:24:57.864,AEVO/USDT:USDT,0.1074,25674.3,0.1073,80492.9,0.1075,18401.4,0.1076,68330.9
1753547098065,16:24:58.065,AEVO/USDT:USDT,0.1074,25674.3,0.1073,80492.9,0.1075,18494.1,0.1076,68330.9
1753547098265,16:24:58.265,AEVO/USDT:USDT,0.1074,25858.2,0.1073,80492.9,0.1075,18310.2,0.1076,68330.9
1753547098664,16:24:58.664,AEVO/USDT:USDT,0.1074,25858.2,0.1073,80492.9,0.1075,18567.7,0.1076,68330.9
1753547098764,16:24:58.764,AEVO/USDT:USDT,0.1074,25674.3,0.1073,80492.9,0.1075,18567.7,0.1076,68330.9
1753547098865,16:24:58.865,AEVO/USDT:USDT,0.1074,25674.3,0.1073,80492.9,0.1075,18567.7,0.1076,68330.9
1753547098965,16:24:58.965,AEVO/USDT:USDT,0.1074,25674.3,0.1073,80492.9,0.1075,18567.7,0.1076,68330.9
1753547099065,16:24:59.065,AEVO/USDT:USDT,0.1074,25858.2,0.1073,80492.9,0.1075,18383.8,0.1076,68330.9
1753547100064,16:25:00.064,AEVO/USDT:USDT,0.1074,26042.1,0.1073,80492.9,0.1075,18383.8,0.1076,68330.9
1753547100564,16:25:00.564,AEVO/USDT:USDT,0.1074,25674.3,0.1073,80492.9,0.1075,18552.9,0.1076,70192.2
1753547100665,16:25:00.665,AEVO/USDT:USDT,0.1074,25674.3,0.1073,80492.9,0.1075,18552.9,0.1076,70192.2
1753547101064,16:25:01.064,AEVO/USDT:USDT,0.1074,25674.3,0.1073,80492.9,0.1075,18552.9,0.1076,70192.2
1753547101164,16:25:01.164,AEVO/USDT:USDT,0.1074,25843.4,0.1073,80492.9,0.1075,18383.8,0.1076,70192.2
1753547101565,16:25:01.565,AEVO/USDT:USDT,0.1074,25843.4,0.1073,80492.9,0.1075,18383.8,0.1076,70192.2
1753547101664,16:25:01.664,AEVO/USDT:USDT,0.1074,25843.4,0.1073,80492.9,0.1075,18383.8,0.1076,70192.2
1753547101765,16:25:01.765,AEVO/USDT:USDT,0.1074,25843.4,0.1073,80492.9,0.1075,18552.9,0.1076,70192.2
1753547101864,16:25:01.864,AEVO/USDT:USDT,0.1074,25674.3,0.1073,80492.9,0.1075,18552.9,0.1076,70192.2
1753547102164,16:25:02.164,AEVO/USDT:USDT,0.1074,25674.3,0.1073,80492.9,0.1075,18552.9,0.1076,70192.2
1753547102265,16:25:02.265,AEVO/USDT:USDT,0.1074,25674.3,0.1073,80492.9,0.1075,18552.9,0.1076,70192.2
1753547102364,16:25:02.364,AEVO/USDT:USDT,0.1074,26093.6,0.1073,80492.9,0.1075,18479.3,0.1076,70192.2
1753547102464,16:25:02.464,AEVO/USDT:USDT,0.1074,26262.7,0.1073,80492.9,0.1075,17125.5,0.1076,71376.8
1753547102565,16:25:02.565,AEVO/USDT:USDT,0.1074,26262.7,0.1073,80492.9,0.1075,17125.5,0.1076,71376.8
1753547102665,16:25:02.665,AEVO/USDT:USDT,0.1074,26262.7,0.1073,80492.9,0.1075,17125.5,0.1076,71376.8
1753547102765,16:25:02.765,AEVO/USDT:USDT,0.1074,26262.7,0.1073,80492.9,0.1075,18310.2,0.1076,70192.2
1753547103264,16:25:03.264,AEVO/USDT:USDT,0.1074,26262.7,0.1073,80492.9,0.1075,18310.2,0.1076,70192.2
1753547103364,16:25:03.364,AEVO/USDT:USDT,0.1074,26262.7,0.1073,80492.9,0.1075,18126.3,0.1076,70192.2
1753547103465,16:25:03.465,AEVO/USDT:USDT,0.1074,26262.7,0.1073,80492.9,0.1075,18126.3,0.1076,70192.2
1753547103564,16:25:03.564,AEVO/USDT:USDT,0.1074,26262.7,0.1073,80492.9,0.1075,16941.6,0.1076,71376.8
1753547103665,16:25:03.665,AEVO/USDT:USDT,0.1074,26262.7,0.1073,80492.9,0.1075,2911.6,0.1076,52133.8
1753547103765,16:25:03.765,AEVO/USDT:USDT,0.1074,26262.7,0.1073,80492.9,0.1075,2009.2,0.1076,52133.8
1753547103865,16:25:03.865,AEVO/USDT:USDT,0.1074,26262.7,0.1073,80492.9,0.1075,2918.7,0.1076,52133.8
1753547103965,16:25:03.965,AEVO/USDT:USDT,0.1074,26262.7,0.1073,80492.9,0.1075,2918.7,0.1076,52133.8
1753547104064,16:25:04.064,AEVO/USDT:USDT,0.1074,26262.7,0.1073,80492.9,0.1075,2918.7,0.1076,52133.8
1753547104167,16:25:04.167,AEVO/USDT:USDT,0.1074,26355.4,0.1073,80548.0,0.1075,2480.5,0.1076,52133.8
1753547104265,16:25:04.265,AEVO/USDT:USDT,0.1074,26355.4,0.1073,80559.9,0.1075,7480.5,0.1076,52133.8
1753547104365,16:25:04.365,AEVO/USDT:USDT,0.1074,26355.4,0.1073,80559.9,0.1075,7480.5,0.1076,52133.8
1753547104564,16:25:04.564,AEVO/USDT:USDT,0.1074,26017.2,0.1073,80559.9,0.1075,15648.5,0.1076,50949.2
1753547104664,16:25:04.664,AEVO/USDT:USDT,0.1074,26017.2,0.1073,80559.9,0.1075,15817.6,0.1076,50949.2
1753547104864,16:25:04.864,AEVO/USDT:USDT,0.1074,26017.2,0.1073,80559.9,0.1075,15817.6,0.1076,50949.2
1753547104964,16:25:04.964,AEVO/USDT:USDT,0.1074,26017.2,0.1073,80559.9,0.1075,15817.6,0.1076,50949.2
1753547105064,16:25:05.064,AEVO/USDT:USDT,0.1074,26017.2,0.1073,80559.9,0.1075,15817.6,0.1076,50949.2
1753547105165,16:25:05.165,AEVO/USDT:USDT,0.1074,25924.5,0.1073,80559.9,0.1075,15910.3,0.1076,50949.2
1753547105265,16:25:05.265,AEVO/USDT:USDT,0.1074,25924.5,0.1073,80559.9,0.1075,20910.3,0.1076,53275.8
1753547105364,16:25:05.364,AEVO/USDT:USDT,0.1074,25924.5,0.1073,80559.9,0.1075,20910.3,0.1076,53275.8
1753547105464,16:25:05.464,AEVO/USDT:USDT,0.1074,25924.5,0.1073,80559.9,0.1075,20910.3,0.1076,53275.8
1753547105865,16:25:05.865,AEVO/USDT:USDT,0.1074,25924.5,0.1073,80559.9,0.1075,20910.3,0.1076,53275.8
1753547105964,16:25:05.964,AEVO/USDT:USDT,0.1074,25924.5,0.1073,80559.9,0.1075,20910.3,0.1076,53275.8
1753547106065,16:25:06.065,AEVO/USDT:USDT,0.1074,25924.5,0.1073,80559.9,0.1075,20910.3,0.1076,53275.8
1753547106169,16:25:06.169,AEVO/USDT:USDT,0.1074,14110.1,0.1073,80559.9,0.1075,20910.3,0.1076,53275.8
1753547106265,16:25:06.265,AEVO/USDT:USDT,0.1074,9110.1,0.1073,80559.9,0.1075,20957.2,0.1076,67235.7
1753547106365,16:25:06.365,AEVO/USDT:USDT,0.1073,65146.3,0.1072,122145.8,0.1074,3328.9,0.1075,29898.4
1753547106465,16:25:06.465,AEVO/USDT:USDT,0.1073,29121.4,0.1072,113702.6,0.1074,14238.4,0.1075,63989.4
1753547106564,16:25:06.564,AEVO/USDT:USDT,0.1073,34534.8,0.1072,113702.6,0.1074,14238.4,0.1075,63989.4
1753547106665,16:25:06.665,AEVO/USDT:USDT,0.1073,31358.9,0.1072,113702.6,0.1074,14407.5,0.1075,63820.3
1753547106764,16:25:06.764,AEVO/USDT:USDT,0.1073,31528.0,0.1072,71887.8,0.1074,4238.4,0.1075,63960.1
1753547106965,16:25:06.965,AEVO/USDT:USDT,0.1073,31528.0,0.1072,71887.8,0.1074,4238.4,0.1075,63960.1
1753547107064,16:25:07.064,AEVO/USDT:USDT,0.1073,31358.9,0.1072,71887.8,0.1074,4238.4,0.1075,63960.1
1753547107166,16:25:07.166,AEVO/USDT:USDT,0.1073,31451.7,0.1072,71887.8,0.1074,4238.4,0.1075,63867.4
1753547107264,16:25:07.264,AEVO/USDT:USDT,0.1073,31451.7,0.1072,71887.8,0.1074,14238.4,0.1075,66192.3
1753547107465,16:25:07.465,AEVO/USDT:USDT,0.1073,31451.7,0.1072,71887.8,0.1074,14407.5,0.1075,66192.3
1753547107565,16:25:07.565,AEVO/USDT:USDT,0.1073,31451.7,0.1072,71887.8,0.1074,14407.5,0.1075,66192.3
1753547108064,16:25:08.064,AEVO/USDT:USDT,0.1073,31451.7,0.1072,71887.8,0.1074,15592.1,0.1075,65007.8
1753547108564,16:25:08.564,AEVO/USDT:USDT,0.1073,31451.7,0.1072,71887.8,0.1074,15592.1,0.1075,65007.8
1753547108664,16:25:08.664,AEVO/USDT:USDT,0.1073,30687.1,0.1072,71887.8,0.1074,15423.0,0.1075,65007.8
1753547108764,16:25:08.764,AEVO/USDT:USDT,0.1073,30518.0,0.1072,71887.8,0.1074,15423.0,0.1075,65007.8
1753547109064,16:25:09.064,AEVO/USDT:USDT,0.1073,30564.6,0.1072,71887.8,0.1074,15423.0,0.1075,65007.8
1753547109165,16:25:09.165,AEVO/USDT:USDT,0.1073,30564.6,0.1072,71887.8,0.1074,15423.0,0.1075,65007.8
1753547109265,16:25:09.265,AEVO/USDT:USDT,0.1073,30564.6,0.1072,71887.8,0.1074,15423.0,0.1075,65007.8
1753547109664,16:25:09.664,AEVO/USDT:USDT,0.1073,30564.6,0.1072,71887.8,0.1074,15423.0,0.1075,65007.8
1753547109765,16:25:09.765,AEVO/USDT:USDT,0.1073,30733.7,0.1072,71887.8,0.1074,15423.0,0.1075,65007.8
1753547110166,16:25:10.166,AEVO/USDT:USDT,0.1073,30733.7,0.1072,71887.8,0.1074,15423.0,0.1075,65007.8
1753547110264,16:25:10.264,AEVO/USDT:USDT,0.1073,30733.7,0.1072,71887.8,0.1074,15423.0,0.1075,65007.8
1753547110365,16:25:10.365,AEVO/USDT:USDT,0.1073,30564.6,0.1072,71887.8,0.1074,15592.1,0.1075,65007.8
1753547110765,16:25:10.765,AEVO/USDT:USDT,0.1073,30564.6,0.1072,71887.8,0.1074,15592.1,0.1075,65007.8
1753547110864,16:25:10.864,AEVO/USDT:USDT,0.1073,30733.7,0.1072,71887.8,0.1074,15423.0,0.1075,65007.8
1753547111267,16:25:11.267,AEVO/USDT:USDT,0.1073,30733.7,0.1072,71887.8,0.1074,15423.0,0.1075,65007.8
1753547111365,16:25:11.365,AEVO/USDT:USDT,0.1073,30733.7,0.1072,71887.8,0.1074,15423.0,0.1075,65007.8
1753547111665,16:25:11.665,AEVO/USDT:USDT,0.1073,30733.7,0.1072,71887.8,0.1074,15423.0,0.1075,65007.8
1753547111864,16:25:11.864,AEVO/USDT:USDT,0.1073,30733.7,0.1072,71887.8,0.1074,15423.0,0.1075,65007.8
1753547111964,16:25:11.964,AEVO/USDT:USDT,0.1073,30733.7,0.1072,71887.8,0.1074,15423.0,0.1075,65007.8
1753547112264,16:25:12.264,AEVO/USDT:USDT,0.1073,30733.7,0.1072,71887.8,0.1074,15423.0,0.1075,65007.8
1753547112365,16:25:12.365,AEVO/USDT:USDT,0.1073,30733.7,0.1072,71887.8,0.1074,15423.0,0.1075,65007.8
1753547112464,16:25:12.464,AEVO/USDT:USDT,0.1073,30733.7,0.1072,71887.8,0.1074,15423.0,0.1075,65007.8
1753547112564,16:25:12.564,AEVO/USDT:USDT,0.1073,30564.6,0.1072,71887.8,0.1074,15423.0,0.1075,65007.8
1753547112864,16:25:12.864,AEVO/USDT:USDT,0.1073,23750.2,0.1072,71887.8,0.1074,19217.5,0.1075,64838.7
1753547112964,16:25:12.964,AEVO/USDT:USDT,0.1073,19091.8,0.1072,67768.8,0.1074,19217.5,0.1075,67120.2
1753547113065,16:25:13.065,AEVO/USDT:USDT,0.1073,18999.0,0.1072,67768.8,0.1074,19217.5,0.1075,67120.2
1753547113164,16:25:13.164,AEVO/USDT:USDT,0.1073,18999.0,0.1072,71828.3,0.1074,19217.5,0.1075,67120.2
1753547113365,16:25:13.365,AEVO/USDT:USDT,0.1073,18999.0,0.1072,71828.3,0.1074,19226.9,0.1075,67120.2
1753547113765,16:25:13.765,AEVO/USDT:USDT,0.1073,18999.0,0.1072,71828.3,0.1074,19226.9,0.1075,67120.2
1753547113964,16:25:13.964,AEVO/USDT:USDT,0.1073,18999.0,0.1072,67768.8,0.1074,19226.9,0.1075,67120.2
1753547114166,16:25:14.166,AEVO/USDT:USDT,0.1073,16065.3,0.1072,67768.8,0.1074,19226.9,0.1075,67120.2
1753547114465,16:25:14.465,AEVO/USDT:USDT,0.1073,16065.3,0.1072,67768.8,0.1074,21109.3,0.1075,67120.2
1753547114565,16:25:14.565,AEVO/USDT:USDT,0.1073,16065.3,0.1072,67768.8,0.1074,21109.3,0.1075,67120.2
1753547115065,16:25:15.065,AEVO/USDT:USDT,0.1073,16065.3,0.1072,67768.8,0.1074,21202.1,0.1075,67120.2
1753547115165,16:25:15.165,AEVO/USDT:USDT,0.1073,16065.3,0.1072,67768.8,0.1074,21202.1,0.1075,67120.2
1753547115565,16:25:15.565,AEVO/USDT:USDT,0.1073,16065.3,0.1072,67768.8,0.1074,21202.1,0.1075,67120.2
1753547115665,16:25:15.665,AEVO/USDT:USDT,0.1073,16065.3,0.1072,67768.8,0.1074,21202.1,0.1075,67120.2
1753547115765,16:25:15.765,AEVO/USDT:USDT,0.1073,46.6,0.1072,67768.8,0.1074,43712.5,0.1075,78363.4
1753547115865,16:25:15.865,AEVO/USDT:USDT,0.1073,46.6,0.1072,71318.6,0.1074,43759.4,0.1075,78363.4
1753547115965,16:25:15.965,AEVO/USDT:USDT,0.1073,46.6,0.1072,71318.6,0.1074,43759.4,0.1075,78363.4
1753547116065,16:25:16.065,AEVO/USDT:USDT,0.1073,46.6,0.1072,71318.6,0.1074,43759.4,0.1075,83777.8
1753547116167,16:25:16.167,AEVO/USDT:USDT,0.1073,46.6,0.1072,71318.6,0.1074,28307.8,0.1075,83777.8
1753547116265,16:25:16.265,AEVO/USDT:USDT,0.1073,46.6,0.1072,71318.6,0.1074,28307.8,0.1075,83777.8
1753547116564,16:25:16.564,AEVO/USDT:USDT,0.1073,7702.0,0.1072,71318.6,0.1074,19366.6,0.1075,74928.4
1753547116665,16:25:16.665,AEVO/USDT:USDT,0.1073,7702.0,0.1072,71318.6,0.1074,19319.7,0.1075,69514.0
1753547116765,16:25:16.765,AEVO/USDT:USDT,0.1073,7702.0,0.1072,71318.6,0.1074,19319.7,0.1075,69514.0
1753547116865,16:25:16.865,AEVO/USDT:USDT,0.1073,7702.0,0.1072,71318.6,0.1074,19366.6,0.1075,69514.0
1753547116964,16:25:16.964,AEVO/USDT:USDT,0.1073,7702.0,0.1072,71318.6,0.1074,21249.0,0.1075,69514.0
1753547117064,16:25:17.064,AEVO/USDT:USDT,0.1073,7702.0,0.1072,71318.6,0.1074,21249.0,0.1075,69514.0
1753547117165,16:25:17.165,AEVO/USDT:USDT,0.1073,17702.0,0.1072,71318.6,0.1074,21249.0,0.1075,69514.0
1753547117264,16:25:17.264,AEVO/USDT:USDT,0.1073,17702.0,0.1072,71318.6,0.1074,21202.1,0.1075,69514.0
1753547117765,16:25:17.765,AEVO/USDT:USDT,0.1073,17702.0,0.1072,71318.6,0.1074,19319.7,0.1075,69514.0
1753547117864,16:25:17.864,AEVO/USDT:USDT,0.1073,17702.0,0.1072,71318.6,0.1074,19319.7,0.1075,69514.0
1753547118865,16:25:18.865,AEVO/USDT:USDT,0.1073,17702.0,0.1072,71318.6,0.1074,19319.7,0.1075,69514.0
1753547118965,16:25:18.965,AEVO/USDT:USDT,0.1073,20031.2,0.1072,68987.3,0.1074,19241.5,0.1075,69514.0
1753547119064,16:25:19.064,AEVO/USDT:USDT,0.1073,20200.3,0.1072,68987.3,0.1074,18903.3,0.1075,69514.0
1753547119164,16:25:19.164,AEVO/USDT:USDT,0.1073,20369.4,0.1072,73766.6,0.1074,18903.3,0.1075,69514.0
1753547120064,16:25:20.064,AEVO/USDT:USDT,0.1073,20369.4,0.1072,73766.6,0.1074,18903.3,0.1075,69514.0
1753547120564,16:25:20.564,AEVO/USDT:USDT,0.1073,20369.4,0.1072,73766.6,0.1074,18903.3,0.1075,69514.0
1753547120665,16:25:20.665,AEVO/USDT:USDT,0.1073,20369.4,0.1072,73766.6,0.1074,18903.3,0.1075,69514.0
1753547120865,16:25:20.865,AEVO/USDT:USDT,0.1073,20369.4,0.1072,73766.6,0.1074,17718.7,0.1075,69514.0
1753547121065,16:25:21.065,AEVO/USDT:USDT,0.1073,20369.4,0.1072,73766.6,0.1074,17625.9,0.1075,69514.0
1753547121165,16:25:21.165,AEVO/USDT:USDT,0.1073,20369.4,0.1072,73766.6,0.1074,17625.9,0.1075,70698.4
1753547121265,16:25:21.265,AEVO/USDT:USDT,0.1073,20369.4,0.1072,73766.6,0.1074,17625.9,0.1075,70698.4
1753547121364,16:25:21.364,AEVO/USDT:USDT,0.1073,20369.4,0.1072,73766.6,0.1074,17625.9,0.1075,70698.4
1753547121664,16:25:21.664,AEVO/USDT:USDT,0.1073,20369.4,0.1072,73766.6,0.1074,17625.9,0.1075,70698.4
1753547121765,16:25:21.765,AEVO/USDT:USDT,0.1073,20369.4,0.1072,73766.6,0.1074,17625.9,0.1075,70698.4
1753547122065,16:25:22.065,AEVO/USDT:USDT,0.1073,20369.4,0.1072,73766.6,0.1074,17718.7,0.1075,70698.4
1753547122169,16:25:22.169,AEVO/USDT:USDT,0.1073,20369.4,0.1072,73766.6,0.1074,17718.7,0.1075,70698.4
1753547122265,16:25:22.265,AEVO/USDT:USDT,0.1073,20369.4,0.1072,73766.6,0.1074,17718.7,0.1075,70698.4
1753547122365,16:25:22.365,AEVO/USDT:USDT,0.1073,20369.4,0.1072,73766.6,0.1074,17718.7,0.1075,70698.4
1753547122665,16:25:22.665,AEVO/USDT:USDT,0.1073,20369.4,0.1072,73766.6,0.1074,17718.7,0.1075,70698.4
1753547122764,16:25:22.764,AEVO/USDT:USDT,0.1073,20369.4,0.1072,73766.6,0.1074,17718.7,0.1075,70698.4
1753547123564,16:25:23.564,AEVO/USDT:USDT,0.1073,20369.4,0.1072,73766.6,0.1074,17718.7,0.1075,70698.4
1753547123764,16:25:23.764,AEVO/USDT:USDT,0.1073,20369.4,0.1072,73766.6,0.1074,17718.7,0.1075,70698.4
1753547123864,16:25:23.864,AEVO/USDT:USDT,0.1073,20369.4,0.1072,73766.6,0.1074,17718.7,0.1075,70698.4
1753547124265,16:25:24.265,AEVO/USDT:USDT,0.1073,20369.4,0.1072,73766.6,0.1074,17709.3,0.1075,70698.4
1753547124365,16:25:24.365,AEVO/USDT:USDT,0.1073,20415.1,0.1072,73766.6,0.1074,17709.3,0.1075,70698.4
1753547124465,16:25:24.465,AEVO/USDT:USDT,0.1073,17747.7,0.1072,76097.9,0.1074,19231.9,0.1075,69514.0
1753547124565,16:25:24.565,AEVO/USDT:USDT,0.1073,17747.7,0.1072,71318.6,0.1074,19231.9,0.1075,69514.0
1753547124864,16:25:24.864,AEVO/USDT:USDT,0.1073,17747.7,0.1072,71318.6,0.1074,19231.9,0.1075,69514.0
1753547124965,16:25:24.965,AEVO/USDT:USDT,0.1073,17747.7,0.1072,71318.6,0.1074,19231.9,0.1075,69514.0
1753547125165,16:25:25.165,AEVO/USDT:USDT,0.1073,17747.7,0.1072,71318.6,0.1074,19231.9,0.1075,69514.0
1753547125365,16:25:25.365,AEVO/USDT:USDT,0.1073,17747.7,0.1072,71318.6,0.1074,19231.9,0.1075,69514.0
1753547125464,16:25:25.464,AEVO/USDT:USDT,0.1073,17747.7,0.1072,71318.6,0.1074,19231.9,0.1075,69514.0
1753547125565,16:25:25.565,AEVO/USDT:USDT,0.1073,17747.7,0.1072,71318.6,0.1074,19278.8,0.1075,69514.0
1753547125665,16:25:25.665,AEVO/USDT:USDT,0.1073,17747.7,0.1072,71318.6,0.1074,19231.9,0.1075,69514.0
1753547125764,16:25:25.764,AEVO/USDT:USDT,0.1073,17815.4,0.1072,71318.6,0.1074,19231.9,0.1075,69514.0
1753547126166,16:25:26.166,AEVO/USDT:USDT,0.1073,17815.4,0.1072,71318.6,0.1074,19231.9,0.1075,69514.0
1753547126464,16:25:26.464,AEVO/USDT:USDT,0.1073,17815.4,0.1072,71318.6,0.1074,19278.8,0.1075,69514.0
1753547126565,16:25:26.565,AEVO/USDT:USDT,0.1073,17984.5,0.1072,71318.6,0.1074,19278.8,0.1075,69514.0
1753547126664,16:25:26.664,AEVO/USDT:USDT,0.1073,17984.5,0.1072,71318.6,0.1074,18893.7,0.1075,69514.0
1753547126965,16:25:26.965,AEVO/USDT:USDT,0.1073,18153.6,0.1072,76561.5,0.1074,17709.3,0.1075,69514.0
1753547127065,16:25:27.065,AEVO/USDT:USDT,0.1073,20482.8,0.1072,74230.2,0.1074,17709.3,0.1075,69514.0
1753547127165,16:25:27.165,AEVO/USDT:USDT,0.1073,20482.8,0.1072,74230.2,0.1074,17709.3,0.1075,70698.5
1753547127564,16:25:27.564,AEVO/USDT:USDT,0.1073,20482.8,0.1072,74230.2,0.1074,17709.3,0.1075,70698.5
1753547127664,16:25:27.664,AEVO/USDT:USDT,0.1073,20482.8,0.1072,74230.2,0.1074,17709.3,0.1075,70698.5
1753547128064,16:25:28.064,AEVO/USDT:USDT,0.1073,20482.8,0.1072,74230.2,0.1074,6799.8,0.1075,70698.5
1753547128264,16:25:28.264,AEVO/USDT:USDT,0.1073,20482.8,0.1072,74230.2,0.1074,967.7,0.1075,68417.0
1753547128365,16:25:28.365,AEVO/USDT:USDT,0.1073,20482.8,0.1072,74230.2,0.1074,967.7,0.1075,68417.0
1753547128564,16:25:28.564,AEVO/USDT:USDT,0.1073,20482.8,0.1072,74230.2,0.1074,967.7,0.1075,68417.0
1753547128665,16:25:28.665,AEVO/USDT:USDT,0.1073,20482.8,0.1072,74230.2,0.1074,967.7,0.1075,68417.0
1753547128764,16:25:28.764,AEVO/USDT:USDT,0.1073,20482.8,0.1072,74230.2,0.1074,967.7,0.1075,68417.0
1753547129065,16:25:29.065,AEVO/USDT:USDT,0.1073,20482.8,0.1072,74230.2,0.1074,10874.9,0.1075,68417.0
1753547129364,16:25:29.364,AEVO/USDT:USDT,0.1073,20482.8,0.1072,74230.2,0.1074,10874.9,0.1075,68417.0
1753547129464,16:25:29.464,AEVO/USDT:USDT,0.1073,20482.8,0.1072,74230.2,0.1074,10874.9,0.1075,68417.0
1753547129664,16:25:29.664,AEVO/USDT:USDT,0.1073,20144.6,0.1072,74230.2,0.1074,11044.0,0.1075,68417.0
1753547129764,16:25:29.764,AEVO/USDT:USDT,0.1073,20144.6,0.1072,74230.2,0.1074,12397.5,0.1075,67232.5
1753547130064,16:25:30.064,AEVO/USDT:USDT,0.1073,20144.6,0.1072,74230.2,0.1074,12490.3,0.1075,67232.5
1753547130166,16:25:30.166,AEVO/USDT:USDT,0.1073,20144.6,0.1072,68987.3,0.1074,19275.5,0.1075,67232.5
1753547130264,16:25:30.264,AEVO/USDT:USDT,0.1073,20144.6,0.1072,68987.3,0.1074,19275.5,0.1075,70023.8
1753547130364,16:25:30.364,AEVO/USDT:USDT,0.1073,17815.4,0.1072,71318.6,0.1074,19275.5,0.1075,70023.8
