timestamp,time,symbol,bid1_price,bid1_volume,bid2_price,bid2_volume,ask1_price,ask1_volume,ask2_price,ask2_volume
1753546953785,16:22:33.785,ACT/USDT:USDT,0.04586,11927.0,0.04585,7586.0,0.04587,9415.0,0.04588,15315.0
1753546959963,16:22:39.963,ACT/USDT:USDT,0.04586,11927.0,0.04585,7586.0,0.04587,6605.0,0.04588,15315.0
1753546960037,16:22:40.037,ACT/USDT:USDT,0.04586,11927.0,0.04585,7586.0,0.04588,20124.0,0.04589,2711.0
1753546960047,16:22:40.047,ACT/USDT:USDT,0.04587,4696.0,0.04586,7820.0,0.04588,20124.0,0.04589,2711.0
1753546960072,16:22:40.072,ACT/USDT:USDT,0.04587,4696.0,0.04586,7820.0,0.04588,7615.0,0.04589,15220.0
1753546960086,16:22:40.086,ACT/USDT:USDT,0.04587,4696.0,0.04586,7820.0,0.04588,7615.0,0.04589,15220.0
1753546960114,16:22:40.114,ACT/USDT:USDT,0.04587,4696.0,0.04586,7820.0,0.04588,7615.0,0.04589,15220.0
1753546960397,16:22:40.397,ACT/USDT:USDT,0.04587,4696.0,0.04586,7820.0,0.04588,7615.0,0.04589,15220.0
1753546960435,16:22:40.435,ACT/USDT:USDT,0.04587,4696.0,0.04586,7820.0,0.04588,7615.0,0.04589,15220.0
1753546960650,16:22:40.650,ACT/USDT:USDT,0.04586,3960.0,0.04585,4890.0,0.04588,7615.0,0.04589,2711.0
1753546960664,16:22:40.664,ACT/USDT:USDT,0.04586,3960.0,0.04585,4890.0,0.04587,2699.0,0.04588,20124.0
1753546960703,16:22:40.703,ACT/USDT:USDT,0.04586,3960.0,0.04585,4890.0,0.04587,2699.0,0.04588,7615.0
1753546961036,16:22:41.036,ACT/USDT:USDT,0.04586,3960.0,0.04585,4890.0,0.04588,7615.0,0.04589,15220.0
1753546961049,16:22:41.049,ACT/USDT:USDT,0.04586,3960.0,0.04585,4890.0,0.04588,7615.0,0.04589,15220.0
1753546961063,16:22:41.063,ACT/USDT:USDT,0.04586,3960.0,0.04585,4890.0,0.04588,7615.0,0.04589,15220.0
1753546961078,16:22:41.078,ACT/USDT:USDT,0.04586,3960.0,0.04585,4890.0,0.04587,2699.0,0.04588,7615.0
1753546961149,16:22:41.149,ACT/USDT:USDT,0.04586,3960.0,0.04585,4890.0,0.04588,7615.0,0.04589,15220.0
1753546961173,16:22:41.173,ACT/USDT:USDT,0.04586,3960.0,0.04585,4890.0,0.04587,2699.0,0.04588,7615.0
1753546961238,16:22:41.238,ACT/USDT:USDT,0.04586,3960.0,0.04585,4890.0,0.04588,7615.0,0.04589,15220.0
1753546961248,16:22:41.248,ACT/USDT:USDT,0.04586,3960.0,0.04585,4890.0,0.04588,7615.0,0.04589,15220.0
1753546961442,16:22:41.442,ACT/USDT:USDT,0.04586,3862.0,0.04585,4890.0,0.04588,7615.0,0.04589,15220.0
1753546961571,16:22:41.571,ACT/USDT:USDT,0.04586,3862.0,0.04585,4890.0,0.04587,2705.0,0.04588,7615.0
1753546962965,16:22:42.965,ACT/USDT:USDT,0.04586,3862.0,0.04585,4890.0,0.04587,2705.0,0.04588,7615.0
1753546962965,16:22:42.965,ACT/USDT:USDT,0.04586,3862.0,0.04585,4890.0,0.04587,2705.0,0.04588,7615.0
1753546962971,16:22:42.971,ACT/USDT:USDT,0.04586,3862.0,0.04585,4890.0,0.04587,2705.0,0.04588,7615.0
1753546963771,16:22:43.771,ACT/USDT:USDT,0.04586,3862.0,0.04585,4890.0,0.04588,7615.0,0.04589,2711.0
1753546963812,16:22:43.812,ACT/USDT:USDT,0.04586,3862.0,0.04585,4890.0,0.04588,7615.0,0.04589,2711.0
1753546963974,16:22:43.974,ACT/USDT:USDT,0.04586,3862.0,0.04585,4890.0,0.04587,2705.0,0.04588,7615.0
1753546964960,16:22:44.960,ACT/USDT:USDT,0.04586,3862.0,0.04585,4890.0,0.04588,7615.0,0.04589,2711.0
1753546965234,16:22:45.234,ACT/USDT:USDT,0.04587,2705.0,0.04586,3862.0,0.04588,16056.0,0.04589,2711.0
1753546965298,16:22:45.298,ACT/USDT:USDT,0.04587,2705.0,0.04586,3862.0,0.04589,5454.0,0.0459,24569.0
1753546965308,16:22:45.308,ACT/USDT:USDT,0.04587,2705.0,0.04586,3862.0,0.04589,5454.0,0.0459,12060.0
1753546965323,16:22:45.323,ACT/USDT:USDT,0.04587,2705.0,0.04586,3862.0,0.04589,5454.0,0.0459,12060.0
1753546965351,16:22:45.351,ACT/USDT:USDT,0.04587,2705.0,0.04586,3862.0,0.04588,2705.0,0.04589,5454.0
1753546965362,16:22:45.362,ACT/USDT:USDT,0.04587,2705.0,0.04586,3862.0,0.04588,2705.0,0.04589,5454.0
1753546965508,16:22:45.508,ACT/USDT:USDT,0.04587,2705.0,0.04586,3862.0,0.04589,5454.0,0.0459,12060.0
1753546965531,16:22:45.531,ACT/USDT:USDT,0.04587,2705.0,0.04586,3862.0,0.04589,5454.0,0.0459,12060.0
1753546966254,16:22:46.254,ACT/USDT:USDT,0.04587,2705.0,0.04586,3862.0,0.04588,2705.0,0.04589,5454.0
1753546966706,16:22:46.706,ACT/USDT:USDT,0.04587,2705.0,0.04586,13906.0,0.04588,2705.0,0.04589,5454.0
1753546967670,16:22:47.670,ACT/USDT:USDT,0.04586,13906.0,0.04585,14940.0,0.04588,2705.0,0.04589,5454.0
1753546967711,16:22:47.711,ACT/USDT:USDT,0.04586,13906.0,0.04585,14940.0,0.04588,2705.0,0.04589,5454.0
1753546967741,16:22:47.741,ACT/USDT:USDT,0.04586,13906.0,0.04585,14940.0,0.04588,2705.0,0.04589,5454.0
1753546968484,16:22:48.484,ACT/USDT:USDT,0.04587,2705.0,0.04586,13906.0,0.04588,2705.0,0.04589,5454.0
1753546968490,16:22:48.490,ACT/USDT:USDT,0.04587,2705.0,0.04586,13906.0,0.04588,2705.0,0.04589,5454.0
1753546968497,16:22:48.497,ACT/USDT:USDT,0.04587,2705.0,0.04586,13906.0,0.04588,2705.0,0.04589,5454.0
1753546968558,16:22:48.558,ACT/USDT:USDT,0.04586,13906.0,0.04585,14940.0,0.04588,2705.0,0.04589,5454.0
1753546968626,16:22:48.626,ACT/USDT:USDT,0.04587,2705.0,0.04586,13906.0,0.04588,2705.0,0.04589,5454.0
1753546968632,16:22:48.632,ACT/USDT:USDT,0.04586,13906.0,0.04585,14940.0,0.04588,2705.0,0.04589,5454.0
1753546968676,16:22:48.676,ACT/USDT:USDT,0.04587,2705.0,0.04586,13906.0,0.04588,2705.0,0.04589,5454.0
1753546968722,16:22:48.722,ACT/USDT:USDT,0.04586,13906.0,0.04585,14940.0,0.04588,2705.0,0.04589,5454.0
1753546968818,16:22:48.818,ACT/USDT:USDT,0.04587,2705.0,0.04586,13906.0,0.04588,2705.0,0.04589,5454.0
1753546968866,16:22:48.866,ACT/USDT:USDT,0.04586,13906.0,0.04585,14940.0,0.04588,2705.0,0.04589,5454.0
1753546968866,16:22:48.866,ACT/USDT:USDT,0.04586,13906.0,0.04585,14940.0,0.04588,2705.0,0.04589,5454.0
1753546971232,16:22:51.232,ACT/USDT:USDT,0.04587,2807.0,0.04586,13906.0,0.04588,2705.0,0.04589,5454.0
1753546971324,16:22:51.324,ACT/USDT:USDT,0.04586,13906.0,0.04585,14940.0,0.04588,2705.0,0.04589,5454.0
1753546971361,16:22:51.361,ACT/USDT:USDT,0.04587,2807.0,0.04586,13906.0,0.04588,2705.0,0.04589,5454.0
1753546971408,16:22:51.408,ACT/USDT:USDT,0.04586,13906.0,0.04585,14940.0,0.04588,2705.0,0.04589,5454.0
1753546971500,16:22:51.500,ACT/USDT:USDT,0.04587,2807.0,0.04586,13906.0,0.04588,2705.0,0.04589,5454.0
1753546971563,16:22:51.563,ACT/USDT:USDT,0.04586,13906.0,0.04585,14940.0,0.04588,2705.0,0.04589,5454.0
1753546971633,16:22:51.633,ACT/USDT:USDT,0.04587,2807.0,0.04586,13906.0,0.04588,2705.0,0.04589,5454.0
1753546972419,16:22:52.419,ACT/USDT:USDT,0.04587,2807.0,0.04586,13906.0,0.04589,5454.0,0.0459,24569.0
1753546972471,16:22:52.471,ACT/USDT:USDT,0.04588,4098.0,0.04587,13734.0,0.04589,10339.0,0.0459,15315.0
1753546979424,16:22:59.424,ACT/USDT:USDT,0.04588,4098.0,0.04587,13734.0,0.04589,10339.0,0.0459,15315.0
1753546979429,16:22:59.429,ACT/USDT:USDT,0.04588,4098.0,0.04587,13734.0,0.04589,10339.0,0.0459,15315.0
1753546982057,16:23:02.057,ACT/USDT:USDT,0.04588,4098.0,0.04587,13734.0,0.04589,10339.0,0.0459,15315.0
1753546982071,16:23:02.071,ACT/USDT:USDT,0.04588,4098.0,0.04587,10927.0,0.04589,10339.0,0.0459,15315.0
1753546982106,16:23:02.106,ACT/USDT:USDT,0.04585,21441.0,0.04584,2696.0,0.04589,10339.0,0.0459,15315.0
1753546982124,16:23:02.124,ACT/USDT:USDT,0.04585,21441.0,0.04582,2684.0,0.04589,10339.0,0.0459,15315.0
1753546982160,16:23:02.160,ACT/USDT:USDT,0.04585,18736.0,0.04582,2684.0,0.04589,10339.0,0.0459,15315.0
1753546982178,16:23:02.178,ACT/USDT:USDT,0.04586,9219.0,0.04585,4890.0,0.04587,3192.0,0.04588,11146.0
1753546982242,16:23:02.242,ACT/USDT:USDT,0.04586,8219.0,0.04585,4890.0,0.04587,3192.0,0.04588,11146.0
1753546982245,16:23:02.245,ACT/USDT:USDT,0.04586,8219.0,0.04585,4890.0,0.04587,3192.0,0.04588,11146.0
1753546982270,16:23:02.270,ACT/USDT:USDT,0.04586,8219.0,0.04585,4890.0,0.04587,3192.0,0.04588,11146.0
1753546982355,16:23:02.355,ACT/USDT:USDT,0.04586,8219.0,0.04585,4890.0,0.04587,3192.0,0.04588,11146.0
1753546982404,16:23:02.404,ACT/USDT:USDT,0.04586,8219.0,0.04585,4890.0,0.04587,3192.0,0.04588,11146.0
1753546982406,16:23:02.406,ACT/USDT:USDT,0.04586,8219.0,0.04585,4890.0,0.04587,3192.0,0.04588,11146.0
1753546982443,16:23:02.443,ACT/USDT:USDT,0.04586,8219.0,0.04585,4890.0,0.04587,3192.0,0.04588,11146.0
1753546982457,16:23:02.457,ACT/USDT:USDT,0.04586,8219.0,0.04585,4890.0,0.04587,3192.0,0.04588,13860.0
1753546982521,16:23:02.521,ACT/USDT:USDT,0.04586,8219.0,0.04585,4890.0,0.04587,3192.0,0.04588,13860.0
1753546982818,16:23:02.818,ACT/USDT:USDT,0.04586,8219.0,0.04585,4890.0,0.04587,3192.0,0.04588,13860.0
1753546982851,16:23:02.851,ACT/USDT:USDT,0.04586,8219.0,0.04585,4890.0,0.04587,3192.0,0.04588,13860.0
1753546983934,16:23:03.934,ACT/USDT:USDT,0.04586,8219.0,0.04585,4890.0,0.04587,5906.0,0.04588,13860.0
1753546984710,16:23:04.710,ACT/USDT:USDT,0.04586,8219.0,0.04585,4890.0,0.04587,5906.0,0.04588,13860.0
1753546984718,16:23:04.718,ACT/USDT:USDT,0.04586,8219.0,0.04585,4890.0,0.04587,5906.0,0.04588,13860.0
1753546986291,16:23:06.291,ACT/USDT:USDT,0.04586,8219.0,0.04585,4890.0,0.04587,3192.0,0.04588,13860.0
1753546986347,16:23:06.347,ACT/USDT:USDT,0.04586,8219.0,0.04585,4890.0,0.04588,2714.0,0.04589,15220.0
1753546986401,16:23:06.401,ACT/USDT:USDT,0.04586,8219.0,0.04585,4890.0,0.04588,2714.0,0.04589,2711.0
1753546986442,16:23:06.442,ACT/USDT:USDT,0.04586,8219.0,0.04585,4890.0,0.04588,2714.0,0.04589,2711.0
1753546986549,16:23:06.549,ACT/USDT:USDT,0.04587,2714.0,0.04586,8219.0,0.04588,2714.0,0.04589,2711.0
1753546986582,16:23:06.582,ACT/USDT:USDT,0.04587,2714.0,0.04586,8219.0,0.04589,2711.0,0.0459,32994.0
1753546986626,16:23:06.626,ACT/USDT:USDT,0.04587,2714.0,0.04586,8219.0,0.04589,2711.0,0.0459,32994.0
1753546986687,16:23:06.687,ACT/USDT:USDT,0.04587,2714.0,0.04586,8219.0,0.04589,2711.0,0.0459,32994.0
1753546987100,16:23:07.100,ACT/USDT:USDT,0.04587,2714.0,0.04586,8219.0,0.04589,2711.0,0.0459,32994.0
1753546987127,16:23:07.127,ACT/USDT:USDT,0.04587,2714.0,0.04586,8219.0,0.04589,2711.0,0.0459,32994.0
1753546987619,16:23:07.619,ACT/USDT:USDT,0.04588,7462.0,0.04587,10362.0,0.04589,5549.0,0.0459,17256.0
1753546987635,16:23:07.635,ACT/USDT:USDT,0.04588,7462.0,0.04587,10362.0,0.04589,2838.0,0.0459,17256.0
1753546991098,16:23:11.098,ACT/USDT:USDT,0.04588,7462.0,0.04587,10362.0,0.04589,1038.0,0.0459,17256.0
1753546991361,16:23:11.361,ACT/USDT:USDT,0.04588,7462.0,0.04587,10362.0,0.04589,3813.0,0.0459,17256.0
1753546991522,16:23:11.522,ACT/USDT:USDT,0.04588,7462.0,0.04587,10362.0,0.0459,4747.0,0.04591,6449.0
1753546991535,16:23:11.535,ACT/USDT:USDT,0.04588,7462.0,0.04587,10362.0,0.0459,4747.0,0.04591,6449.0
1753546993313,16:23:13.313,ACT/USDT:USDT,0.04589,2775.0,0.04588,7462.0,0.0459,4747.0,0.04591,6449.0
1753546993475,16:23:13.475,ACT/USDT:USDT,0.04589,9917.0,0.04588,7462.0,0.0459,4747.0,0.04591,6449.0
1753546993868,16:23:13.868,ACT/USDT:USDT,0.04589,7142.0,0.04588,7462.0,0.0459,4747.0,0.04591,6449.0
1753546996535,16:23:16.535,ACT/USDT:USDT,0.04587,2714.0,0.04586,11147.0,0.0459,4747.0,0.04591,12219.0
1753546996598,16:23:16.598,ACT/USDT:USDT,0.04587,2714.0,0.04586,11147.0,0.04589,2775.0,0.0459,4747.0
1753546996663,16:23:16.663,ACT/USDT:USDT,0.04587,2714.0,0.04586,11147.0,0.0459,4747.0,0.04591,12219.0
1753546996743,16:23:16.743,ACT/USDT:USDT,0.04587,2714.0,0.04586,11147.0,0.04589,2775.0,0.0459,4747.0
1753546996802,16:23:16.802,ACT/USDT:USDT,0.04587,2714.0,0.04586,11147.0,0.0459,4747.0,0.04591,12219.0
1753546998878,16:23:18.878,ACT/USDT:USDT,0.04587,2714.0,0.04586,11147.0,0.0459,3857.0,0.04591,12219.0
1753547002498,16:23:22.498,ACT/USDT:USDT,0.04587,2714.0,0.04586,11147.0,0.04589,2752.0,0.0459,3857.0
1753547002527,16:23:22.527,ACT/USDT:USDT,0.04587,2714.0,0.04586,11147.0,0.04589,2752.0,0.0459,3857.0
1753547002588,16:23:22.588,ACT/USDT:USDT,0.04587,2714.0,0.04586,11147.0,0.0459,3857.0,0.04591,12219.0
1753547002607,16:23:22.607,ACT/USDT:USDT,0.04587,2714.0,0.04586,11147.0,0.04589,2752.0,0.0459,3857.0
1753547002687,16:23:22.687,ACT/USDT:USDT,0.04587,2714.0,0.04586,11147.0,0.0459,3857.0,0.04591,12219.0
1753547002910,16:23:22.910,ACT/USDT:USDT,0.04587,2714.0,0.04586,11147.0,0.04589,2752.0,0.0459,3857.0
1753547003258,16:23:23.258,ACT/USDT:USDT,0.04587,2714.0,0.04586,11147.0,0.0459,3857.0,0.04591,12219.0
1753547003313,16:23:23.313,ACT/USDT:USDT,0.04589,4662.0,0.04588,10278.0,0.0459,6659.0,0.04591,6449.0
1753547003687,16:23:23.687,ACT/USDT:USDT,0.04587,6246.0,0.04586,16606.0,0.0459,6659.0,0.04591,6449.0
1753547003725,16:23:23.725,ACT/USDT:USDT,0.04588,2752.0,0.04587,6246.0,0.04589,2752.0,0.0459,6659.0
1753547003742,16:23:23.742,ACT/USDT:USDT,0.04588,2752.0,0.04587,6246.0,0.0459,6659.0,0.04591,6449.0
1753547003978,16:23:23.978,ACT/USDT:USDT,0.04588,2752.0,0.04587,6246.0,0.0459,6583.0,0.04591,6449.0
1753547004899,16:23:24.899,ACT/USDT:USDT,0.04588,2752.0,0.04587,6246.0,0.0459,6583.0,0.04591,6449.0
1753547004966,16:23:24.966,ACT/USDT:USDT,0.04588,2752.0,0.04587,6246.0,0.04589,2752.0,0.0459,6583.0
1753547004978,16:23:24.978,ACT/USDT:USDT,0.04588,2752.0,0.04587,6246.0,0.0459,6583.0,0.04591,6449.0
1753547008282,16:23:28.282,ACT/USDT:USDT,0.04588,2752.0,0.04587,6246.0,0.0459,6583.0,0.04591,6449.0
1753547008291,16:23:28.291,ACT/USDT:USDT,0.04588,2752.0,0.04587,6246.0,0.0459,6583.0,0.04591,6449.0
1753547008327,16:23:28.327,ACT/USDT:USDT,0.04588,2752.0,0.04587,6246.0,0.04591,2754.0,0.04592,2806.0
1753547008344,16:23:28.344,ACT/USDT:USDT,0.04588,2752.0,0.04587,6246.0,0.04592,2806.0,0.04593,28478.0
1753547008371,16:23:28.371,ACT/USDT:USDT,0.04588,2752.0,0.04587,6246.0,0.04592,2806.0,0.04593,28478.0
1753547009257,16:23:29.257,ACT/USDT:USDT,0.0459,4324.0,0.04589,10204.0,0.04592,2806.0,0.04593,28478.0
1753547009400,16:23:29.400,ACT/USDT:USDT,0.04588,7122.0,0.04587,13940.0,0.04592,2806.0,0.04593,28478.0
1753547009508,16:23:29.508,ACT/USDT:USDT,0.04588,4370.0,0.04587,13940.0,0.04592,2806.0,0.04593,28478.0
1753547011391,16:23:31.391,ACT/USDT:USDT,0.04588,3800.0,0.04587,13940.0,0.04592,2806.0,0.04593,28478.0
1753547013386,16:23:33.386,ACT/USDT:USDT,0.04588,3800.0,0.04587,13940.0,0.0459,11145.0,0.04591,2658.0
1753547013401,16:23:33.401,ACT/USDT:USDT,0.04588,3800.0,0.04587,13940.0,0.04589,2685.0,0.0459,11145.0
1753547013540,16:23:33.540,ACT/USDT:USDT,0.04588,3800.0,0.04587,6349.0,0.04589,2685.0,0.0459,11145.0
1753547014323,16:23:34.323,ACT/USDT:USDT,0.04588,3800.0,0.04587,6349.0,0.0459,11145.0,0.04591,2658.0
1753547014374,16:23:34.374,ACT/USDT:USDT,0.04588,3800.0,0.04587,6349.0,0.0459,11145.0,0.04591,2658.0
1753547015984,16:23:35.984,ACT/USDT:USDT,0.04588,3800.0,0.04587,6349.0,0.04589,2685.0,0.0459,11145.0
1753547016023,16:23:36.023,ACT/USDT:USDT,0.04588,3800.0,0.04587,6349.0,0.04589,2685.0,0.0459,11145.0
1753547017413,16:23:37.413,ACT/USDT:USDT,0.04588,3800.0,0.04587,6349.0,0.0459,11145.0,0.04591,15167.0
1753547017441,16:23:37.441,ACT/USDT:USDT,0.04588,3800.0,0.04587,6349.0,0.04589,2685.0,0.0459,11145.0
1753547019256,16:23:39.256,ACT/USDT:USDT,0.04588,3450.0,0.04587,6349.0,0.04589,2685.0,0.0459,11145.0
1753547019532,16:23:39.532,ACT/USDT:USDT,0.04588,3450.0,0.04587,6349.0,0.0459,11145.0,0.04591,15167.0
1753547019620,16:23:39.620,ACT/USDT:USDT,0.04588,3450.0,0.04587,6349.0,0.04589,2685.0,0.0459,11145.0
1753547019971,16:23:39.971,ACT/USDT:USDT,0.04588,3450.0,0.04587,6349.0,0.0459,11145.0,0.04591,15167.0
1753547019999,16:23:39.999,ACT/USDT:USDT,0.04588,3450.0,0.04587,6349.0,0.0459,11145.0,0.04591,15167.0
1753547020071,16:23:40.071,ACT/USDT:USDT,0.04589,3076.0,0.04588,12679.0,0.0459,11145.0,0.04591,15167.0
1753547021481,16:23:41.481,ACT/USDT:USDT,0.04589,3076.0,0.04588,12679.0,0.0459,11145.0,0.04591,15167.0
1753547025669,16:23:45.669,ACT/USDT:USDT,0.04589,3076.0,0.04588,12679.0,0.0459,11090.0,0.04591,15167.0
1753547030578,16:23:50.578,ACT/USDT:USDT,0.04589,3076.0,0.04588,7322.0,0.04591,3319.0,0.04592,21772.0
1753547030591,16:23:50.591,ACT/USDT:USDT,0.04589,3076.0,0.04588,7322.0,0.04591,3319.0,0.04592,21772.0
1753547030772,16:23:50.772,ACT/USDT:USDT,0.04589,3076.0,0.04588,7322.0,0.0459,2817.0,0.04591,3319.0
1753547030812,16:23:50.812,ACT/USDT:USDT,0.04589,3076.0,0.04588,7322.0,0.0459,2817.0,0.04591,3319.0
1753547031220,16:23:51.220,ACT/USDT:USDT,0.04589,3076.0,0.04588,7322.0,0.0459,2817.0,0.04591,6136.0
1753547031365,16:23:51.365,ACT/USDT:USDT,0.04589,3076.0,0.04588,7322.0,0.0459,2817.0,0.04591,6136.0
1753547031377,16:23:51.377,ACT/USDT:USDT,0.04589,3076.0,0.04588,7322.0,0.0459,2817.0,0.04591,6136.0
1753547032845,16:23:52.845,ACT/USDT:USDT,0.04589,3076.0,0.04588,7322.0,0.04591,6136.0,0.04592,21772.0
1753547032910,16:23:52.910,ACT/USDT:USDT,0.04589,3076.0,0.04588,7322.0,0.04591,6136.0,0.04592,21772.0
1753547032958,16:23:52.958,ACT/USDT:USDT,0.04589,3076.0,0.04588,7322.0,0.0459,2691.0,0.04591,6136.0
1753547035461,16:23:55.461,ACT/USDT:USDT,0.04589,2661.0,0.04588,7322.0,0.0459,2691.0,0.04591,6136.0
1753547036175,16:23:56.175,ACT/USDT:USDT,0.04589,2661.0,0.04588,10704.0,0.0459,10262.0,0.04591,10306.0
1753547036190,16:23:56.190,ACT/USDT:USDT,0.04589,2661.0,0.04588,10704.0,0.0459,10262.0,0.04591,10306.0
1753547038487,16:23:58.487,ACT/USDT:USDT,0.04589,2661.0,0.04588,10704.0,0.0459,10262.0,0.04591,10306.0
1753547044098,16:24:04.098,ACT/USDT:USDT,0.04589,2661.0,0.04588,10704.0,0.0459,7571.0,0.04591,10306.0
1753547051431,16:24:11.431,ACT/USDT:USDT,0.04589,2661.0,0.04588,10704.0,0.0459,7571.0,0.04591,10306.0
1753547052354,16:24:12.354,ACT/USDT:USDT,0.04589,2661.0,0.04588,10704.0,0.0459,7571.0,0.04591,10306.0
1753547053774,16:24:13.774,ACT/USDT:USDT,0.04589,2661.0,0.04588,10704.0,0.0459,7571.0,0.04591,10306.0
1753547057431,16:24:17.431,ACT/USDT:USDT,0.04589,2661.0,0.04588,10704.0,0.0459,7571.0,0.04591,10306.0
1753547063906,16:24:23.906,ACT/USDT:USDT,0.04589,5415.0,0.04588,3450.0,0.04591,2817.0,0.04592,2806.0
1753547063923,16:24:23.923,ACT/USDT:USDT,0.04589,5415.0,0.04588,3450.0,0.04592,2806.0,0.04593,22094.0
1753547063937,16:24:23.937,ACT/USDT:USDT,0.04589,5415.0,0.04588,3450.0,0.04592,2806.0,0.04593,22094.0
1753547065311,16:24:25.311,ACT/USDT:USDT,0.04589,5377.0,0.04588,3450.0,0.04592,2806.0,0.04593,22094.0
1753547068928,16:24:28.928,ACT/USDT:USDT,0.04589,5377.0,0.04588,3450.0,0.0459,2731.0,0.04591,12989.0
1753547068979,16:24:28.979,ACT/USDT:USDT,0.04589,5377.0,0.04588,6161.0,0.0459,2731.0,0.04591,12989.0
1753547073154,16:24:33.154,ACT/USDT:USDT,0.04589,5377.0,0.04588,6161.0,0.04592,7629.0,0.04593,22149.0
1753547073166,16:24:33.166,ACT/USDT:USDT,0.0459,2799.0,0.04589,5377.0,0.04592,7629.0,0.04593,22149.0
1753547073195,16:24:33.195,ACT/USDT:USDT,0.0459,5962.0,0.04589,8708.0,0.04592,7629.0,0.04593,22149.0
1753547073214,16:24:33.214,ACT/USDT:USDT,0.0459,5962.0,0.04589,8708.0,0.04593,6688.0,0.04594,12024.0
1753547073230,16:24:33.230,ACT/USDT:USDT,0.04591,2799.0,0.0459,5962.0,0.04593,6688.0,0.04594,12024.0
1753547078429,16:24:38.429,ACT/USDT:USDT,0.04591,2799.0,0.0459,5962.0,0.04593,6688.0,0.04594,12024.0
1753547078445,16:24:38.445,ACT/USDT:USDT,0.04591,2799.0,0.0459,5962.0,0.04593,6688.0,0.04594,12024.0
1753547078472,16:24:38.472,ACT/USDT:USDT,0.04591,2799.0,0.0459,5962.0,0.04593,6688.0,0.04594,12024.0
1753547078938,16:24:38.938,ACT/USDT:USDT,0.04591,18917.0,0.0459,9597.0,0.04593,6688.0,0.04594,7554.0
1753547081331,16:24:41.331,ACT/USDT:USDT,0.04592,2780.0,0.04591,18917.0,0.04593,3928.0,0.04594,7554.0
1753547081385,16:24:41.385,ACT/USDT:USDT,0.04591,18917.0,0.0459,9597.0,0.04593,3928.0,0.04594,7554.0
1753547081634,16:24:41.634,ACT/USDT:USDT,0.04592,2780.0,0.04591,18917.0,0.04593,3928.0,0.04594,7554.0
1753547081683,16:24:41.683,ACT/USDT:USDT,0.04591,18917.0,0.0459,9597.0,0.04593,3928.0,0.04594,7554.0
1753547087642,16:24:47.642,ACT/USDT:USDT,0.04591,16118.0,0.0459,9597.0,0.04592,2780.0,0.04593,3928.0
1753547087656,16:24:47.656,ACT/USDT:USDT,0.04591,16118.0,0.0459,9597.0,0.04592,2780.0,0.04593,3928.0
1753547087892,16:24:47.892,ACT/USDT:USDT,0.04591,14618.0,0.0459,9597.0,0.04592,2780.0,0.04593,3928.0
1753547088215,16:24:48.215,ACT/USDT:USDT,0.04591,14618.0,0.0459,9597.0,0.04593,3928.0,0.04594,7554.0
1753547089174,16:24:49.174,ACT/USDT:USDT,0.04591,14618.0,0.0459,9597.0,0.04592,2780.0,0.04593,3928.0
1753547089187,16:24:49.187,ACT/USDT:USDT,0.04591,14618.0,0.0459,9597.0,0.04593,3928.0,0.04594,7554.0
1753547089500,16:24:49.500,ACT/USDT:USDT,0.04591,14618.0,0.0459,9597.0,0.04592,2780.0,0.04593,3928.0
1753547089559,16:24:49.559,ACT/USDT:USDT,0.04591,14618.0,0.0459,9597.0,0.04593,3928.0,0.04594,7554.0
1753547089580,16:24:49.580,ACT/USDT:USDT,0.04591,14618.0,0.0459,9597.0,0.04592,2780.0,0.04593,3928.0
1753547089614,16:24:49.614,ACT/USDT:USDT,0.04591,14618.0,0.0459,9597.0,0.04593,3928.0,0.04594,7554.0
1753547090264,16:24:50.264,ACT/USDT:USDT,0.04591,14618.0,0.0459,9597.0,0.04593,3587.0,0.04594,7554.0
1753547090264,16:24:50.264,ACT/USDT:USDT,0.04591,14618.0,0.0459,9597.0,0.04593,3587.0,0.04594,7554.0
1753547093429,16:24:53.429,ACT/USDT:USDT,0.04591,14618.0,0.0459,9597.0,0.04593,3587.0,0.04594,7554.0
1753547093875,16:24:53.875,ACT/USDT:USDT,0.04591,14563.0,0.0459,9597.0,0.04593,3587.0,0.04594,7554.0
1753547094690,16:24:54.690,ACT/USDT:USDT,0.04591,14563.0,0.0459,9597.0,0.04592,2758.0,0.04593,3587.0
1753547094854,16:24:54.854,ACT/USDT:USDT,0.0459,7696.0,0.04589,6871.0,0.04592,2758.0,0.04593,6446.0
1753547096296,16:24:56.296,ACT/USDT:USDT,0.0459,7696.0,0.04589,6871.0,0.04593,6446.0,0.04594,7554.0
1753547096298,16:24:56.298,ACT/USDT:USDT,0.04591,2758.0,0.0459,7696.0,0.04593,6446.0,0.04594,7554.0
1753547096358,16:24:56.358,ACT/USDT:USDT,0.0459,7696.0,0.04589,6871.0,0.04592,2758.0,0.04593,6446.0
1753547097639,16:24:57.639,ACT/USDT:USDT,0.04591,2758.0,0.0459,7696.0,0.04592,2758.0,0.04593,6446.0
1753547097644,16:24:57.644,ACT/USDT:USDT,0.04591,2758.0,0.0459,7696.0,0.04593,6446.0,0.04594,7554.0
1753547098382,16:24:58.382,ACT/USDT:USDT,0.0459,7696.0,0.04589,6871.0,0.04592,2758.0,0.04593,6446.0
1753547100323,16:25:00.323,ACT/USDT:USDT,0.04591,4590.0,0.0459,15457.0,0.04592,6066.0,0.04593,9854.0
1753547100338,16:25:00.338,ACT/USDT:USDT,0.04591,4590.0,0.0459,15457.0,0.04592,6066.0,0.04593,12612.0
1753547100376,16:25:00.376,ACT/USDT:USDT,0.04591,4590.0,0.0459,12658.0,0.04592,6066.0,0.04593,12612.0
1753547100402,16:25:00.402,ACT/USDT:USDT,0.04591,4590.0,0.0459,12658.0,0.04592,6066.0,0.04593,12612.0
1753547100547,16:25:00.547,ACT/USDT:USDT,0.04591,4590.0,0.0459,12658.0,0.04592,6066.0,0.04593,12612.0
1753547103606,16:25:03.606,ACT/USDT:USDT,0.04591,4590.0,0.0459,12658.0,0.04592,3308.0,0.04593,12612.0
1753547103810,16:25:03.810,ACT/USDT:USDT,0.04591,7279.0,0.0459,12658.0,0.04593,2758.0,0.04594,7554.0
1753547103828,16:25:03.828,ACT/USDT:USDT,0.04591,7279.0,0.0459,12658.0,0.04593,2758.0,0.04594,2696.0
1753547103840,16:25:03.840,ACT/USDT:USDT,0.04591,7279.0,0.0459,12658.0,0.04593,2758.0,0.04594,2696.0
1753547103854,16:25:03.854,ACT/USDT:USDT,0.04591,7279.0,0.0459,12658.0,0.04593,2758.0,0.04596,7360.0
1753547103887,16:25:03.887,ACT/USDT:USDT,0.04592,2689.0,0.04591,7279.0,0.04596,7360.0,0.04597,7367.0
1753547103912,16:25:03.912,ACT/USDT:USDT,0.04592,2689.0,0.04591,7279.0,0.04595,2689.0,0.04596,7360.0
1753547103936,16:25:03.936,ACT/USDT:USDT,0.04592,2689.0,0.04591,7279.0,0.04596,7360.0,0.04597,7367.0
1753547104042,16:25:04.042,ACT/USDT:USDT,0.04592,2689.0,0.04591,7279.0,0.04595,2689.0,0.04596,7360.0
1753547104149,16:25:04.149,ACT/USDT:USDT,0.04592,2689.0,0.04591,7279.0,0.04596,14110.0,0.04597,7367.0
1753547104175,16:25:04.175,ACT/USDT:USDT,0.04592,2689.0,0.04591,7279.0,0.04596,14110.0,0.04597,7367.0
1753547104487,16:25:04.487,ACT/USDT:USDT,0.04592,2689.0,0.04591,7279.0,0.04595,2689.0,0.04596,14110.0
1753547104720,16:25:04.720,ACT/USDT:USDT,0.04592,2689.0,0.04591,7279.0,0.04595,2689.0,0.04596,14110.0
1753547105169,16:25:05.169,ACT/USDT:USDT,0.04591,7279.0,0.0459,12658.0,0.04595,2689.0,0.04596,14110.0
1753547105186,16:25:05.186,ACT/USDT:USDT,0.04591,7279.0,0.0459,12658.0,0.04595,2689.0,0.04596,14110.0
1753547105346,16:25:05.346,ACT/USDT:USDT,0.04592,16667.0,0.04591,7279.0,0.04595,2689.0,0.04596,14110.0
1753547105670,16:25:05.670,ACT/USDT:USDT,0.04591,8912.0,0.0459,17135.0,0.04595,2689.0,0.04596,14110.0
1753547105689,16:25:05.689,ACT/USDT:USDT,0.04591,8912.0,0.0459,17135.0,0.04595,2689.0,0.04596,14110.0
1753547105709,16:25:05.709,ACT/USDT:USDT,0.04591,8912.0,0.0459,17135.0,0.04595,2689.0,0.04596,14110.0
1753547105722,16:25:05.722,ACT/USDT:USDT,0.04591,8912.0,0.0459,17135.0,0.04595,2689.0,0.04596,14110.0
1753547105759,16:25:05.759,ACT/USDT:USDT,0.04591,8912.0,0.0459,17135.0,0.04595,2689.0,0.04596,14110.0
1753547106090,16:25:06.090,ACT/USDT:USDT,0.04591,8912.0,0.04589,8535.0,0.04595,2689.0,0.04596,14110.0
1753547106250,16:25:06.250,ACT/USDT:USDT,0.0459,7844.0,0.04589,7172.0,0.04595,2689.0,0.04596,14110.0
1753547106279,16:25:06.279,ACT/USDT:USDT,0.04589,6342.0,0.04588,11105.0,0.04595,2689.0,0.04596,14110.0
1753547106310,16:25:06.310,ACT/USDT:USDT,0.04589,3653.0,0.04588,11105.0,0.04595,2689.0,0.04596,14110.0
1753547106312,16:25:06.312,ACT/USDT:USDT,0.04589,3653.0,0.04588,11105.0,0.04595,2689.0,0.04596,14110.0
1753547106338,16:25:06.338,ACT/USDT:USDT,0.04589,3653.0,0.04588,8394.0,0.04595,2689.0,0.04596,14110.0
1753547106409,16:25:06.409,ACT/USDT:USDT,0.04588,8394.0,0.04587,10658.0,0.04595,2689.0,0.04596,14110.0
1753547106424,16:25:06.424,ACT/USDT:USDT,0.04588,8394.0,0.04587,10658.0,0.04595,5689.0,0.04596,14110.0
1753547106440,16:25:06.440,ACT/USDT:USDT,0.04588,8394.0,0.04587,10658.0,0.04595,5689.0,0.04596,14110.0
1753547106527,16:25:06.527,ACT/USDT:USDT,0.04588,8394.0,0.04587,10658.0,0.04594,2689.0,0.04595,5689.0
1753547106744,16:25:06.744,ACT/USDT:USDT,0.04589,2689.0,0.04588,8394.0,0.04594,2689.0,0.04595,5689.0
1753547106801,16:25:06.801,ACT/USDT:USDT,0.04588,8394.0,0.04587,10658.0,0.04594,2689.0,0.04595,5689.0
1753547107034,16:25:07.034,ACT/USDT:USDT,0.04588,8394.0,0.04587,10658.0,0.04594,2689.0,0.04595,5689.0
1753547107090,16:25:07.090,ACT/USDT:USDT,0.04588,8394.0,0.04587,10658.0,0.04594,2689.0,0.04595,5689.0
1753547109827,16:25:09.827,ACT/USDT:USDT,0.04589,2689.0,0.04588,8394.0,0.04594,2689.0,0.04595,5689.0
1753547109864,16:25:09.864,ACT/USDT:USDT,0.04588,8394.0,0.04587,10658.0,0.04594,2689.0,0.04595,5689.0
1753547110286,16:25:10.286,ACT/USDT:USDT,0.04588,8394.0,0.04587,10658.0,0.0459,3514.0,0.04591,13194.0
1753547110322,16:25:10.322,ACT/USDT:USDT,0.04589,2689.0,0.04588,8394.0,0.0459,3514.0,0.04591,13194.0
1753547110355,16:25:10.355,ACT/USDT:USDT,0.04588,8394.0,0.04587,10658.0,0.0459,3514.0,0.04591,13194.0
1753547112128,16:25:12.128,ACT/USDT:USDT,0.04588,8394.0,0.04587,10658.0,0.0459,3514.0,0.04591,13194.0
1753547112133,16:25:12.133,ACT/USDT:USDT,0.04589,2780.0,0.04588,8394.0,0.0459,3514.0,0.04591,13194.0
1753547112200,16:25:12.200,ACT/USDT:USDT,0.04588,8394.0,0.04587,10658.0,0.0459,3514.0,0.04591,13194.0
1753547112858,16:25:12.858,ACT/USDT:USDT,0.04588,8394.0,0.04587,10658.0,0.04589,2780.0,0.0459,3514.0
1753547112870,16:25:12.870,ACT/USDT:USDT,0.04588,8394.0,0.04587,10658.0,0.0459,3514.0,0.04591,13194.0
1753547112884,16:25:12.884,ACT/USDT:USDT,0.04588,8394.0,0.04587,10658.0,0.0459,3514.0,0.04591,13194.0
1753547112924,16:25:12.924,ACT/USDT:USDT,0.04588,8394.0,0.04587,10658.0,0.0459,3514.0,0.04591,13194.0
1753547114064,16:25:14.064,ACT/USDT:USDT,0.04588,8394.0,0.04587,10658.0,0.04589,2780.0,0.0459,3514.0
1753547114174,16:25:14.174,ACT/USDT:USDT,0.04588,8394.0,0.04587,10658.0,0.0459,3514.0,0.04591,13194.0
1753547114211,16:25:14.211,ACT/USDT:USDT,0.04588,8394.0,0.04587,10658.0,0.0459,3514.0,0.04591,13194.0
1753547114597,16:25:14.597,ACT/USDT:USDT,0.04588,8394.0,0.04587,10658.0,0.04589,2780.0,0.0459,3514.0
1753547114656,16:25:14.656,ACT/USDT:USDT,0.04588,8394.0,0.04587,10658.0,0.0459,3514.0,0.04591,13194.0
1753547114678,16:25:14.678,ACT/USDT:USDT,0.04588,8394.0,0.04587,10658.0,0.0459,3514.0,0.04591,13194.0
1753547114853,16:25:14.853,ACT/USDT:USDT,0.04587,10658.0,0.04585,2714.0,0.0459,3514.0,0.04591,13194.0
1753547114971,16:25:14.971,ACT/USDT:USDT,0.04587,10658.0,0.04585,2714.0,0.04589,2780.0,0.0459,3514.0
1753547115688,16:25:15.688,ACT/USDT:USDT,0.04587,10658.0,0.04585,2714.0,0.04589,2780.0,0.0459,6294.0
1753547116342,16:25:16.342,ACT/USDT:USDT,0.04588,7377.0,0.04587,6638.0,0.04589,2780.0,0.0459,11102.0
1753547116365,16:25:16.365,ACT/USDT:USDT,0.04588,7377.0,0.04587,6638.0,0.04589,2780.0,0.0459,11102.0
1753547116977,16:25:16.977,ACT/USDT:USDT,0.04588,7377.0,0.04587,6638.0,0.0459,11102.0,0.04591,6999.0
1753547116991,16:25:16.991,ACT/USDT:USDT,0.04588,7377.0,0.04587,6638.0,0.0459,11102.0,0.04591,6999.0
1753547117250,16:25:17.250,ACT/USDT:USDT,0.04588,7377.0,0.04587,6638.0,0.04589,2780.0,0.0459,11102.0
1753547117309,16:25:17.309,ACT/USDT:USDT,0.04588,7377.0,0.04587,6638.0,0.0459,11102.0,0.04591,6999.0
1753547117321,16:25:17.321,ACT/USDT:USDT,0.04588,7377.0,0.04587,6638.0,0.0459,11102.0,0.04591,6999.0
1753547117348,16:25:17.348,ACT/USDT:USDT,0.04588,7377.0,0.04587,6638.0,0.0459,11102.0,0.04591,6999.0
1753547118290,16:25:18.290,ACT/USDT:USDT,0.04588,7377.0,0.04587,6638.0,0.0459,11102.0,0.04591,6999.0
1753547119819,16:25:19.819,ACT/USDT:USDT,0.04588,7377.0,0.04587,6638.0,0.0459,10102.0,0.04591,6999.0
1753547122156,16:25:22.156,ACT/USDT:USDT,0.04589,6509.0,0.04588,7377.0,0.0459,10102.0,0.04591,6999.0
1753547128032,16:25:28.032,ACT/USDT:USDT,0.04589,6509.0,0.04588,7377.0,0.0459,7322.0,0.04591,6999.0
1753547128077,16:25:28.077,ACT/USDT:USDT,0.04589,6509.0,0.04588,7377.0,0.04591,9488.0,0.04592,12509.0
1753547128161,16:25:28.161,ACT/USDT:USDT,0.04589,6509.0,0.04588,7377.0,0.04591,9488.0,0.04592,12509.0
1753547128183,16:25:28.183,ACT/USDT:USDT,0.0459,3264.0,0.04589,6509.0,0.04591,6708.0,0.04592,12509.0
1753547128183,16:25:28.183,ACT/USDT:USDT,0.0459,6351.0,0.04589,6509.0,0.04591,6708.0,0.04592,12509.0
1753547128229,16:25:28.229,ACT/USDT:USDT,0.0459,5901.0,0.04589,6509.0,0.04591,6708.0,0.04592,12509.0
1753547128257,16:25:28.257,ACT/USDT:USDT,0.0459,5901.0,0.04589,6509.0,0.04591,6708.0,0.04592,12509.0
1753547128260,16:25:28.260,ACT/USDT:USDT,0.0459,5901.0,0.04589,6509.0,0.04591,6708.0,0.04593,11409.0
1753547128344,16:25:28.344,ACT/USDT:USDT,0.0459,5901.0,0.04589,6509.0,0.04591,6708.0,0.04593,11409.0
1753547128360,16:25:28.360,ACT/USDT:USDT,0.0459,5901.0,0.04589,6509.0,0.04591,6708.0,0.04592,2770.0
1753547128369,16:25:28.369,ACT/USDT:USDT,0.0459,5901.0,0.04589,6509.0,0.04591,6708.0,0.04592,2770.0
1753547128413,16:25:28.413,ACT/USDT:USDT,0.0459,5901.0,0.04589,6509.0,0.04591,6708.0,0.04592,2770.0
1753547129404,16:25:29.404,ACT/USDT:USDT,0.04587,15504.0,0.04586,7583.0,0.04591,6708.0,0.04592,2770.0
1753547129429,16:25:29.429,ACT/USDT:USDT,0.04587,15504.0,0.04586,7583.0,0.0459,2770.0,0.04591,6708.0
1753547130271,16:25:30.271,ACT/USDT:USDT,0.04586,4678.0,0.04585,20202.0,0.0459,2770.0,0.04591,6708.0
1753547130276,16:25:30.276,ACT/USDT:USDT,0.04586,4678.0,0.04585,20202.0,0.0459,2770.0,0.04591,19217.0
1753547130282,16:25:30.282,ACT/USDT:USDT,0.04586,4678.0,0.04585,20202.0,0.0459,2770.0,0.04591,19217.0
1753547131588,16:25:31.588,ACT/USDT:USDT,0.04586,4678.0,0.04585,20202.0,0.0459,2770.0,0.04591,6708.0
1753547131592,16:25:31.592,ACT/USDT:USDT,0.04586,4678.0,0.04585,20202.0,0.0459,2770.0,0.04591,6708.0
1753547131640,16:25:31.640,ACT/USDT:USDT,0.04586,4678.0,0.04585,20202.0,0.0459,2770.0,0.04591,9454.0
1753547131759,16:25:31.759,ACT/USDT:USDT,0.04586,4678.0,0.04585,20202.0,0.0459,2770.0,0.04591,9454.0
1753547132119,16:25:32.119,ACT/USDT:USDT,0.04586,4678.0,0.04585,10913.0,0.0459,2770.0,0.04591,9454.0
1753547132126,16:25:32.126,ACT/USDT:USDT,0.04586,4678.0,0.04585,10913.0,0.0459,2770.0,0.04591,9454.0
1753547133815,16:25:33.815,ACT/USDT:USDT,0.04586,4678.0,0.04585,10913.0,0.0459,2770.0,0.04591,9454.0
1753547133851,16:25:33.851,ACT/USDT:USDT,0.04586,4678.0,0.04585,10913.0,0.0459,2770.0,0.04591,9454.0
1753547134491,16:25:34.491,ACT/USDT:USDT,0.04586,4678.0,0.04585,10913.0,0.04589,7381.0,0.0459,9257.0
1753547134501,16:25:34.501,ACT/USDT:USDT,0.04586,4678.0,0.04585,10913.0,0.04588,2746.0,0.04589,7381.0
1753547137204,16:25:37.204,ACT/USDT:USDT,0.04586,2553.0,0.04585,10913.0,0.04588,2746.0,0.04589,7381.0
1753547137252,16:25:37.252,ACT/USDT:USDT,0.04586,2553.0,0.04585,14263.0,0.04588,2746.0,0.04589,7381.0
1753547140031,16:25:40.031,ACT/USDT:USDT,0.04586,2553.0,0.04585,11549.0,0.04588,6949.0,0.04589,14600.0
1753547140037,16:25:40.037,ACT/USDT:USDT,0.04586,2553.0,0.04585,11549.0,0.04588,6949.0,0.04589,14600.0
1753547140071,16:25:40.071,ACT/USDT:USDT,0.04586,2553.0,0.04585,11549.0,0.04587,2746.0,0.04588,6949.0
1753547144440,16:25:44.440,ACT/USDT:USDT,0.04586,2553.0,0.04585,11549.0,0.04587,2746.0,0.04588,6949.0
1753547144441,16:25:44.441,ACT/USDT:USDT,0.04586,2553.0,0.04585,11549.0,0.04587,2746.0,0.04588,6949.0
1753547145368,16:25:45.368,ACT/USDT:USDT,0.04586,2023.0,0.04585,11549.0,0.04587,2746.0,0.04588,6949.0
1753547145523,16:25:45.523,ACT/USDT:USDT,0.04586,2023.0,0.04585,11549.0,0.04588,6949.0,0.04589,14600.0
1753547145567,16:25:45.567,ACT/USDT:USDT,0.04586,2023.0,0.04585,11549.0,0.04588,6949.0,0.04589,14600.0
1753547145613,16:25:45.613,ACT/USDT:USDT,0.04586,2023.0,0.04585,11549.0,0.04588,6949.0,0.04589,14600.0
1753547146188,16:25:46.188,ACT/USDT:USDT,0.04586,2023.0,0.04585,11549.0,0.04587,2791.0,0.04588,6949.0
1753547146839,16:25:46.839,ACT/USDT:USDT,0.04586,2023.0,0.04585,11549.0,0.04587,2791.0,0.04588,6949.0
1753547146866,16:25:46.866,ACT/USDT:USDT,0.04586,2023.0,0.04585,11549.0,0.04587,2791.0,0.04588,6949.0
1753547147306,16:25:47.306,ACT/USDT:USDT,0.04586,6724.0,0.04585,4675.0,0.04587,7105.0,0.04588,14390.0
1753547147418,16:25:47.418,ACT/USDT:USDT,0.04586,6724.0,0.04585,4675.0,0.04587,2791.0,0.04588,2746.0
1753547147550,16:25:47.550,ACT/USDT:USDT,0.04586,6724.0,0.04585,4675.0,0.04589,2746.0,0.0459,15849.0
1753547147585,16:25:47.585,ACT/USDT:USDT,0.04586,6724.0,0.04585,4675.0,0.04589,2746.0,0.0459,15849.0
1753547147585,16:25:47.585,ACT/USDT:USDT,0.04586,6724.0,0.04585,4675.0,0.04589,2746.0,0.0459,15849.0
1753547151305,16:25:51.305,ACT/USDT:USDT,0.04586,6658.0,0.04585,4675.0,0.04589,2746.0,0.0459,15849.0
1753547151955,16:25:51.955,ACT/USDT:USDT,0.04584,8361.0,0.04583,9977.0,0.04589,2746.0,0.0459,15849.0
1753547151977,16:25:51.977,ACT/USDT:USDT,0.04583,16449.0,0.04582,5098.0,0.04589,15255.0,0.0459,15849.0
1753547151992,16:25:51.992,ACT/USDT:USDT,0.04583,16449.0,0.04582,5098.0,0.04588,2813.0,0.04589,15255.0
1753547152080,16:25:52.080,ACT/USDT:USDT,0.04582,2813.0,0.04581,19300.0,0.04588,2813.0,0.04589,15255.0
1753547155049,16:25:55.049,ACT/USDT:USDT,0.04582,2813.0,0.04581,19300.0,0.04588,2813.0,0.04589,2746.0
1753547155054,16:25:55.054,ACT/USDT:USDT,0.04582,2813.0,0.04581,19300.0,0.04584,12141.0,0.04585,4124.0
1753547155088,16:25:55.088,ACT/USDT:USDT,0.04582,2813.0,0.04581,19300.0,0.04584,12141.0,0.04585,4124.0
1753547155097,16:25:55.097,ACT/USDT:USDT,0.04582,2813.0,0.04581,19300.0,0.04584,12141.0,0.04585,4124.0
1753547156174,16:25:56.174,ACT/USDT:USDT,0.04582,2813.0,0.04581,19300.0,0.04584,11137.0,0.04585,4124.0
1753547158626,16:25:58.626,ACT/USDT:USDT,0.04582,2813.0,0.04581,19300.0,0.04584,10807.0,0.04585,4124.0
1753547160446,16:26:00.446,ACT/USDT:USDT,0.04583,10831.0,0.04582,7323.0,0.04585,3296.0,0.04587,13839.0
1753547160461,16:26:00.461,ACT/USDT:USDT,0.04584,2813.0,0.04583,10831.0,0.04585,3296.0,0.04586,2813.0
1753547160480,16:26:00.480,ACT/USDT:USDT,0.04583,10831.0,0.04582,7323.0,0.04585,3296.0,0.04586,2813.0
1753547160503,16:26:00.503,ACT/USDT:USDT,0.04584,2813.0,0.04583,10831.0,0.04586,10206.0,0.04587,2813.0
1753547160516,16:26:00.516,ACT/USDT:USDT,0.04584,2813.0,0.04583,10831.0,0.04586,10206.0,0.04587,2813.0
1753547160532,16:26:00.532,ACT/USDT:USDT,0.04584,2813.0,0.04583,10831.0,0.04586,10206.0,0.04587,2813.0
1753547161608,16:26:01.608,ACT/USDT:USDT,0.04584,2813.0,0.04583,10831.0,0.04585,2682.0,0.04586,10206.0
1753547161742,16:26:01.742,ACT/USDT:USDT,0.04584,2813.0,0.04583,10831.0,0.04586,10206.0,0.04587,2813.0
1753547161794,16:26:01.794,ACT/USDT:USDT,0.04584,2813.0,0.04583,10831.0,0.04586,10206.0,0.04587,2813.0
1753547161892,16:26:01.892,ACT/USDT:USDT,0.04584,2813.0,0.04583,10831.0,0.04585,2682.0,0.04586,10206.0
1753547162035,16:26:02.035,ACT/USDT:USDT,0.04584,2813.0,0.04583,10831.0,0.04586,10206.0,0.04587,2813.0
1753547162097,16:26:02.097,ACT/USDT:USDT,0.04584,2813.0,0.04583,10831.0,0.04586,10206.0,0.04587,2813.0
1753547162614,16:26:02.614,ACT/USDT:USDT,0.04584,2813.0,0.04583,10831.0,0.04586,7393.0,0.04587,2813.0
1753547163124,16:26:03.124,ACT/USDT:USDT,0.04584,2813.0,0.04583,10831.0,0.04587,14989.0,0.04589,25743.0
1753547163135,16:26:03.135,ACT/USDT:USDT,0.04584,2813.0,0.04583,10831.0,0.04587,14989.0,0.04589,25743.0
1753547163436,16:26:03.436,ACT/USDT:USDT,0.04584,2813.0,0.04583,10831.0,0.04586,2682.0,0.04587,14989.0
1753547163634,16:26:03.634,ACT/USDT:USDT,0.04583,10831.0,0.04582,7323.0,0.04586,2682.0,0.04587,14989.0
1753547163691,16:26:03.691,ACT/USDT:USDT,0.04583,10831.0,0.04582,7323.0,0.04586,2682.0,0.04587,14989.0
1753547163699,16:26:03.699,ACT/USDT:USDT,0.04583,10831.0,0.04582,7323.0,0.04586,2682.0,0.04587,27498.0
1753547163779,16:26:03.779,ACT/USDT:USDT,0.04583,10831.0,0.04582,7323.0,0.04586,2682.0,0.04587,14989.0
1753547164981,16:26:04.981,ACT/USDT:USDT,0.04583,10831.0,0.04582,7323.0,0.04586,2682.0,0.04587,14989.0
1753547165036,16:26:05.036,ACT/USDT:USDT,0.04583,10831.0,0.04582,4510.0,0.04586,2682.0,0.04587,14989.0
1753547165096,16:26:05.096,ACT/USDT:USDT,0.04583,10831.0,0.04582,4510.0,0.04586,15191.0,0.04587,14989.0
1753547165102,16:26:05.102,ACT/USDT:USDT,0.04583,10831.0,0.04582,4510.0,0.04586,2682.0,0.04587,14989.0
1753547165127,16:26:05.127,ACT/USDT:USDT,0.04583,10831.0,0.04582,4510.0,0.04586,2682.0,0.04587,14989.0
1753547165162,16:26:05.162,ACT/USDT:USDT,0.04583,10831.0,0.04582,4510.0,0.04585,2682.0,0.04586,2682.0
1753547165186,16:26:05.186,ACT/USDT:USDT,0.04583,10831.0,0.04582,4510.0,0.04585,2682.0,0.04586,2682.0
1753547165238,16:26:05.238,ACT/USDT:USDT,0.04583,10831.0,0.04582,4510.0,0.04586,2682.0,0.04587,27498.0
1753547165297,16:26:05.297,ACT/USDT:USDT,0.04583,10831.0,0.04582,4510.0,0.04586,2682.0,0.04587,27498.0
1753547167244,16:26:07.244,ACT/USDT:USDT,0.04583,10356.0,0.04582,4510.0,0.04586,2682.0,0.04587,27498.0
1753547169986,16:26:09.986,ACT/USDT:USDT,0.04583,7232.0,0.04582,4510.0,0.04585,16349.0,0.04586,2682.0
1753547169987,16:26:09.987,ACT/USDT:USDT,0.04584,3973.0,0.04583,8519.0,0.04585,16349.0,0.04586,2682.0
1753547170055,16:26:10.055,ACT/USDT:USDT,0.04584,3973.0,0.04583,8519.0,0.04585,16349.0,0.04586,2682.0
1753547172449,16:26:12.449,ACT/USDT:USDT,0.04584,3880.0,0.04583,8519.0,0.04585,16349.0,0.04586,2682.0
1753547173242,16:26:13.242,ACT/USDT:USDT,0.04584,3880.0,0.04583,8519.0,0.04586,10900.0,0.04587,2813.0
1753547173952,16:26:13.952,ACT/USDT:USDT,0.04585,2751.0,0.04584,3880.0,0.04586,10900.0,0.04587,2813.0
1753547173977,16:26:13.977,ACT/USDT:USDT,0.04584,3880.0,0.04583,8519.0,0.04586,10900.0,0.04587,2813.0
1753547173990,16:26:13.990,ACT/USDT:USDT,0.04584,3880.0,0.04583,8519.0,0.04586,10900.0,0.04587,2813.0
1753547175344,16:26:15.344,ACT/USDT:USDT,0.04585,2751.0,0.04584,3880.0,0.04586,10900.0,0.04587,2813.0
1753547175369,16:26:15.369,ACT/USDT:USDT,0.04584,3880.0,0.04583,8519.0,0.04586,10900.0,0.04587,2813.0
1753547178534,16:26:18.534,ACT/USDT:USDT,0.04585,3770.0,0.04584,10631.0,0.04586,10900.0,0.04587,2813.0
1753547179839,16:26:19.839,ACT/USDT:USDT,0.04585,3770.0,0.04584,10631.0,0.04586,10864.0,0.04587,2813.0
