timestamp,time,symbol,bid1_price,bid1_volume,bid2_price,bid2_volume,ask1_price,ask1_volume,ask2_price,ask2_volume
1753546960004,16:22:40.004,A/USDT:USDT,0.5745,17600.0,0.5744,22015,0.5747,19117.0,0.5748,19885.0
1753546960417,16:22:40.417,A/USDT:USDT,0.5745,17600.0,0.5744,22015,0.5747,19117.0,0.5748,19885.0
1753546960820,16:22:40.820,A/USDT:USDT,0.5745,17600.0,0.5744,15110,0.5747,19117.0,0.5748,19885.0
1753546960917,16:22:40.917,A/USDT:USDT,0.5745,17600.0,0.5744,15110,0.5747,19117.0,0.5748,19885.0
1753546961219,16:22:41.219,A/USDT:USDT,0.5745,17600.0,0.5744,15110,0.5747,19117.0,0.5748,19885.0
1753546961418,16:22:41.418,A/USDT:USDT,0.5745,17600.0,0.5744,15110,0.5747,19117.0,0.5748,19885.0
1753546961822,16:22:41.822,A/USDT:USDT,0.5745,17600.0,0.5744,15110,0.5747,19117.0,0.5748,19885.0
1753546961920,16:22:41.920,A/USDT:USDT,0.5745,17600.0,0.5744,15110,0.5747,19117.0,0.5748,26872
1753546962218,16:22:42.218,A/USDT:USDT,0.5745,17600.0,0.5744,15110,0.5747,19117.0,0.5748,26872
1753546962418,16:22:42.418,A/USDT:USDT,0.5745,17600.0,0.5744,15110,0.5747,19117.0,0.5748,26509
1753546962720,16:22:42.720,A/USDT:USDT,0.5745,17600.0,0.5744,15110,0.5747,19117.0,0.5748,26509
1753546962920,16:22:42.920,A/USDT:USDT,0.5745,17600.0,0.5744,15110,0.5747,19117.0,0.5748,29505
1753546963225,16:22:43.225,A/USDT:USDT,0.5745,17600.0,0.5744,15110,0.5747,19117.0,0.5748,29505
1753546963419,16:22:43.419,A/USDT:USDT,0.5745,17600.0,0.5744,15110,0.5747,19117.0,0.5748,19885
1753546963719,16:22:43.719,A/USDT:USDT,0.5745,17600.0,0.5744,15110,0.5747,19117.0,0.5748,19885
1753546963920,16:22:43.920,A/USDT:USDT,0.5745,17600.0,0.5744,15110,0.5747,19117.0,0.5748,29720
1753546964127,16:22:44.127,A/USDT:USDT,0.5745,17600.0,0.5744,15110,0.5747,19117.0,0.5748,29720
1753546964322,16:22:44.322,A/USDT:USDT,0.5745,17600.0,0.5744,18036,0.5747,19117.0,0.5748,19885
1753546964423,16:22:44.423,A/USDT:USDT,0.5745,17600.0,0.5744,18036,0.5747,19117.0,0.5748,28065
1753546964826,16:22:44.826,A/USDT:USDT,0.5746,24601,0.5745,41789,0.5747,24377,0.5748,24639
1753546964920,16:22:44.920,A/USDT:USDT,0.5746,24601,0.5745,24189,0.5747,24377,0.5748,24639
1753546965326,16:22:45.326,A/USDT:USDT,0.5746,24601,0.5745,24189,0.5747,24377,0.5748,24639
1753546965422,16:22:45.422,A/USDT:USDT,0.5746,24601,0.5745,24189,0.5747,24377,0.5748,24639
1753546965721,16:22:45.721,A/USDT:USDT,0.5746,24601,0.5745,24189,0.5747,24377,0.5748,24639
1753546965922,16:22:45.922,A/USDT:USDT,0.5746,24601,0.5745,24189,0.5747,24377,0.5748,24639
1753546966222,16:22:46.222,A/USDT:USDT,0.5746,24601,0.5745,24189,0.5747,24377,0.5748,24639
1753546966481,16:22:46.481,A/USDT:USDT,0.5746,24601,0.5745,24189,0.5747,24377,0.5748,29791
1753546966722,16:22:46.722,A/USDT:USDT,0.5746,24601,0.5745,24189,0.5747,24377,0.5748,29791
1753546966981,16:22:46.981,A/USDT:USDT,0.5746,24601,0.5745,24189,0.5747,24377,0.5748,24639
1753546967220,16:22:47.220,A/USDT:USDT,0.5746,24601,0.5745,33890,0.5747,24377,0.5748,24639
1753546967481,16:22:47.481,A/USDT:USDT,0.5746,24601,0.5745,33890,0.5747,24377,0.5748,24639
1753546967720,16:22:47.720,A/USDT:USDT,0.5746,24601,0.5745,24189,0.5747,24377,0.5748,24639
1753546967982,16:22:47.982,A/USDT:USDT,0.5746,24601,0.5745,24189,0.5747,24377,0.5748,24639
1753546968224,16:22:48.224,A/USDT:USDT,0.5746,24601,0.5745,28512,0.5747,24377,0.5748,24639
1753546968481,16:22:48.481,A/USDT:USDT,0.5746,24601,0.5745,28512,0.5747,24377,0.5748,24639
1753546968725,16:22:48.725,A/USDT:USDT,0.5746,24601,0.5745,26615,0.5747,24377,0.5748,24639
1753546968983,16:22:48.983,A/USDT:USDT,0.5746,24601,0.5745,26615,0.5747,24377,0.5748,24639
1753546969223,16:22:49.223,A/USDT:USDT,0.5746,24601,0.5745,24189,0.5747,24377,0.5748,24639
1753546969486,16:22:49.486,A/USDT:USDT,0.5746,24601,0.5745,24189,0.5747,24377,0.5748,33074
1753546969721,16:22:49.721,A/USDT:USDT,0.5746,24601,0.5745,34014,0.5747,24377,0.5748,33074
1753546969984,16:22:49.984,A/USDT:USDT,0.5746,24601,0.5745,34014,0.5747,24377,0.5748,33968
1753546970227,16:22:50.227,A/USDT:USDT,0.5746,24601,0.5745,24189,0.5747,24377,0.5748,33968
1753546970494,16:22:50.494,A/USDT:USDT,0.5746,24601,0.5745,24189,0.5747,24377,0.5748,24639
1753546970815,16:22:50.815,A/USDT:USDT,0.5746,24601,0.5745,24189,0.5747,42552,0.5748,24639
1753546970984,16:22:50.984,A/USDT:USDT,0.5746,26145,0.5745,19137,0.5747,18175,0.5748,21452
1753546971222,16:22:51.222,A/USDT:USDT,0.5746,26145,0.5745,21758,0.5747,18175,0.5748,21452
1753546971387,16:22:51.387,A/USDT:USDT,0.5746,26145,0.5745,21758,0.5747,18175,0.5748,21452
1753546971625,16:22:51.625,A/USDT:USDT,0.5746,26145,0.5745,19137,0.5747,18175,0.5748,21452
1753546971723,16:22:51.723,A/USDT:USDT,0.5746,26145,0.5745,19137,0.5747,18175,0.5748,21452
1753546971984,16:22:51.984,A/USDT:USDT,0.5746,26145,0.5745,19137,0.5747,18175,0.5748,21452
1753546972222,16:22:52.222,A/USDT:USDT,0.5746,26145,0.5745,21260,0.5747,18175,0.5748,21452
1753546972486,16:22:52.486,A/USDT:USDT,0.5746,26145,0.5745,21260,0.5747,18175,0.5748,25593
1753546972724,16:22:52.724,A/USDT:USDT,0.5746,26145,0.5745,19137,0.5747,18175,0.5748,25593
1753546972985,16:22:52.985,A/USDT:USDT,0.5746,26145,0.5745,19137,0.5747,18175,0.5748,21452
1753546973227,16:22:53.227,A/USDT:USDT,0.5746,26145,0.5745,21772,0.5747,18175,0.5748,21452
1753546973486,16:22:53.486,A/USDT:USDT,0.5746,26145,0.5745,21772,0.5747,18175,0.5748,26265
1753546973725,16:22:53.725,A/USDT:USDT,0.5746,26145,0.5745,26832,0.5747,18175,0.5748,26265
1753546973984,16:22:53.984,A/USDT:USDT,0.5746,26145,0.5745,26832,0.5747,18175,0.5748,26142
1753546974225,16:22:54.225,A/USDT:USDT,0.5746,26145,0.5745,23220,0.5747,18175,0.5748,26142
1753546974486,16:22:54.486,A/USDT:USDT,0.5746,26145,0.5745,23220,0.5747,18175,0.5748,33456
1753546974725,16:22:54.725,A/USDT:USDT,0.5746,26145,0.5745,26300,0.5747,18175,0.5748,33456
1753546974986,16:22:54.986,A/USDT:USDT,0.5746,26145,0.5745,26300,0.5747,18175,0.5748,21452
1753546975224,16:22:55.224,A/USDT:USDT,0.5746,26145,0.5745,19137,0.5747,18175,0.5748,21452
1753546975488,16:22:55.488,A/USDT:USDT,0.5746,26145,0.5745,19137,0.5747,18175,0.5748,21452
1753546975726,16:22:55.726,A/USDT:USDT,0.5746,26145,0.5745,23646,0.5747,18175,0.5748,21452
1753546975987,16:22:55.987,A/USDT:USDT,0.5746,26145,0.5745,23646,0.5747,18175,0.5748,21452
1753546976225,16:22:56.225,A/USDT:USDT,0.5746,26145,0.5745,29190,0.5747,18175,0.5748,21452
1753546976487,16:22:56.487,A/USDT:USDT,0.5746,26145,0.5745,29190,0.5747,18175,0.5748,24388
1753546976820,16:22:56.820,A/USDT:USDT,0.5746,26145,0.5745,22158,0.5747,18175,0.5748,44845
1753546976986,16:22:56.986,A/USDT:USDT,0.5746,21139,0.5745,23324,0.5748,20457,0.5749,21708
1753546977227,16:22:57.227,A/USDT:USDT,0.5746,21139,0.5745,30107,0.5748,20457,0.5749,21708
1753546977390,16:22:57.390,A/USDT:USDT,0.5746,21139,0.5745,30107,0.5748,20457,0.5749,21708
1753546977628,16:22:57.628,A/USDT:USDT,0.5746,21139,0.5745,23324,0.5748,20457,0.5749,29194
1753546977890,16:22:57.890,A/USDT:USDT,0.5746,21139,0.5745,23324,0.5748,20457,0.5749,21708
1753546977986,16:22:57.986,A/USDT:USDT,0.5746,21139,0.5745,23324,0.5748,20457,0.5749,28509
1753546978229,16:22:58.229,A/USDT:USDT,0.5746,21139,0.5745,41032,0.5748,20457,0.5749,28509
1753546978489,16:22:58.489,A/USDT:USDT,0.5746,21139,0.5745,41032,0.5748,20457,0.5749,29013
1753546978632,16:22:58.632,A/USDT:USDT,0.5746,21139,0.5745,23324,0.5748,20457,0.5749,29013
1753546978890,16:22:58.890,A/USDT:USDT,0.5746,21139,0.5745,23324,0.5748,20457,0.5749,21708
1753546978987,16:22:58.987,A/USDT:USDT,0.5746,21139,0.5745,23324,0.5748,20457,0.5749,21708
1753546979228,16:22:59.228,A/USDT:USDT,0.5746,21139,0.5745,23324,0.5748,20457,0.5749,21708
1753546979487,16:22:59.487,A/USDT:USDT,0.5746,21139,0.5745,23324,0.5748,20457,0.5749,25285
1753546979730,16:22:59.730,A/USDT:USDT,0.5746,21139,0.5745,23324,0.5748,20457,0.5749,25285
1753546979989,16:22:59.989,A/USDT:USDT,0.5746,21139,0.5745,23324,0.5748,20457,0.5749,21708
1753546980229,16:23:00.229,A/USDT:USDT,0.5746,21139,0.5745,23324,0.5748,20457,0.5749,21708
1753546980489,16:23:00.489,A/USDT:USDT,0.5746,21139,0.5745,23324,0.5748,20457,0.5749,31515
1753546980731,16:23:00.731,A/USDT:USDT,0.5746,21139,0.5745,27784,0.5748,20457,0.5749,31515
1753546980987,16:23:00.987,A/USDT:USDT,0.5746,21139,0.5745,27784,0.5748,20457,0.5749,21708
1753546981231,16:23:01.231,A/USDT:USDT,0.5746,21139,0.5745,23324,0.5748,20457,0.5749,21708
1753546981488,16:23:01.488,A/USDT:USDT,0.5746,21139,0.5745,23324,0.5748,20457,0.5749,31888
1753546981730,16:23:01.730,A/USDT:USDT,0.5746,21139,0.5745,40024,0.5748,20457,0.5749,31888
1753546981988,16:23:01.988,A/USDT:USDT,0.5746,21139,0.5745,40024,0.5748,20457,0.5749,21708
1753546982230,16:23:02.230,A/USDT:USDT,0.5746,21139,0.5745,23324,0.5748,20457,0.5749,21708
1753546982490,16:23:02.490,A/USDT:USDT,0.5746,21139,0.5745,23324,0.5748,20457,0.5749,28628
1753546982820,16:23:02.820,A/USDT:USDT,0.5746,21139,0.5745,40828,0.5748,20457,0.5749,28628
1753546982989,16:23:02.989,A/USDT:USDT,0.5745,17504,0.5744,19927,0.5746,22013,0.5747,16640
1753546983230,16:23:03.230,A/USDT:USDT,0.5745,17504,0.5744,19927,0.5746,22013,0.5747,16640
1753546983394,16:23:03.394,A/USDT:USDT,0.5745,17504,0.5744,19927,0.5746,22013,0.5747,16640
1753546983631,16:23:03.631,A/USDT:USDT,0.5745,17504,0.5744,19927,0.5746,22013,0.5747,16640
1753546983730,16:23:03.730,A/USDT:USDT,0.5745,17504,0.5744,19927,0.5746,22013,0.5747,16640
1753546983989,16:23:03.989,A/USDT:USDT,0.5745,17504,0.5744,19927,0.5746,22013,0.5747,22838
1753546984231,16:23:04.231,A/USDT:USDT,0.5745,17504,0.5744,19927,0.5746,22013,0.5747,22838
1753546984495,16:23:04.495,A/USDT:USDT,0.5745,17504,0.5744,19927,0.5746,22013,0.5747,16640
1753546984728,16:23:04.728,A/USDT:USDT,0.5745,17504,0.5744,22468,0.5746,22013,0.5747,16640
1753546984993,16:23:04.993,A/USDT:USDT,0.5745,17504,0.5744,22468,0.5746,22013,0.5747,20807
1753546985230,16:23:05.230,A/USDT:USDT,0.5745,17504,0.5744,19927,0.5746,22013,0.5747,20807
1753546985493,16:23:05.493,A/USDT:USDT,0.5745,17504,0.5744,19927,0.5746,22013,0.5747,27219
1753546985732,16:23:05.732,A/USDT:USDT,0.5745,17504,0.5744,19927,0.5746,22013,0.5747,27219
1753546985993,16:23:05.993,A/USDT:USDT,0.5745,17504,0.5744,19927,0.5746,22013,0.5747,16640
1753546986231,16:23:06.231,A/USDT:USDT,0.5745,17504,0.5744,26178,0.5746,22013,0.5747,16640
1753546986493,16:23:06.493,A/USDT:USDT,0.5745,17504,0.5744,26178,0.5746,22013,0.5747,20173
1753546986731,16:23:06.731,A/USDT:USDT,0.5745,17504,0.5744,19927,0.5746,22013,0.5747,20173
1753546986993,16:23:06.993,A/USDT:USDT,0.5745,17504,0.5744,19927,0.5746,22013,0.5747,16640
1753546987230,16:23:07.230,A/USDT:USDT,0.5745,17504,0.5744,19927,0.5746,22013,0.5747,16640
1753546987503,16:23:07.503,A/USDT:USDT,0.5745,17504,0.5744,19927,0.5746,22013,0.5747,21150
1753546987733,16:23:07.733,A/USDT:USDT,0.5745,17504,0.5744,19927,0.5746,22013,0.5747,21150
1753546987994,16:23:07.994,A/USDT:USDT,0.5745,17504,0.5744,19927,0.5746,22013,0.5747,19863
1753546988232,16:23:08.232,A/USDT:USDT,0.5745,17504,0.5744,23584,0.5746,22013,0.5747,19863
1753546988500,16:23:08.500,A/USDT:USDT,0.5745,17504,0.5744,23584,0.5746,22013,0.5747,16640
1753546988824,16:23:08.824,A/USDT:USDT,0.5745,17504,0.5744,19927,0.5746,38908,0.5747,16640
1753546988995,16:23:08.995,A/USDT:USDT,0.5745,26757,0.5744,22840,0.5746,16895,0.5747,24799
1753546989232,16:23:09.232,A/USDT:USDT,0.5745,26757,0.5744,22840,0.5746,16895,0.5747,24799
1753546989399,16:23:09.399,A/USDT:USDT,0.5745,26757,0.5744,22840,0.5746,16895,0.5747,24799
1753546989633,16:23:09.633,A/USDT:USDT,0.5745,26757,0.5744,22840,0.5746,16895,0.5747,24799
1753546989733,16:23:09.733,A/USDT:USDT,0.5745,26757,0.5744,22840,0.5746,16895,0.5747,24799
1753546990098,16:23:10.098,A/USDT:USDT,0.5745,26757,0.5744,22840,0.5746,16895,0.5747,24799
1753546990232,16:23:10.232,A/USDT:USDT,0.5745,26757,0.5744,30052,0.5746,16895,0.5747,24799
1753546990495,16:23:10.495,A/USDT:USDT,0.5745,26757,0.5744,30052,0.5746,16895,0.5747,24799
1753546990730,16:23:10.730,A/USDT:USDT,0.5745,26757,0.5744,31197,0.5746,16895,0.5747,24799
1753546990995,16:23:10.995,A/USDT:USDT,0.5745,26757,0.5744,31197,0.5746,16895,0.5747,29460
1753546991232,16:23:11.232,A/USDT:USDT,0.5745,26757,0.5744,32532,0.5746,16895,0.5747,29460
1753546991497,16:23:11.497,A/USDT:USDT,0.5745,26757,0.5744,32532,0.5746,16895,0.5747,24799
1753546991733,16:23:11.733,A/USDT:USDT,0.5745,26757,0.5744,22840,0.5746,16895,0.5747,24799
1753546991995,16:23:11.995,A/USDT:USDT,0.5745,26757,0.5744,22840,0.5746,16895,0.5747,24799
1753546992235,16:23:12.235,A/USDT:USDT,0.5745,26757,0.5744,22840,0.5746,16895,0.5747,24799
1753546992496,16:23:12.496,A/USDT:USDT,0.5745,26757,0.5744,22840,0.5746,16895,0.5747,24799
1753546992731,16:23:12.731,A/USDT:USDT,0.5745,26757,0.5744,36076,0.5746,16895,0.5747,24799
1753546992996,16:23:12.996,A/USDT:USDT,0.5745,26757,0.5744,36076,0.5746,16895,0.5747,24799
1753546993233,16:23:13.233,A/USDT:USDT,0.5745,26757,0.5744,27173,0.5746,16895,0.5747,24799
1753546993497,16:23:13.497,A/USDT:USDT,0.5745,26757,0.5744,27173,0.5746,16895,0.5747,24799
1753546993733,16:23:13.733,A/USDT:USDT,0.5745,26757,0.5744,22840,0.5746,16895,0.5747,24799
1753546993997,16:23:13.997,A/USDT:USDT,0.5745,26757,0.5744,22840,0.5746,16895,0.5747,24799
1753546994232,16:23:14.232,A/USDT:USDT,0.5745,26757,0.5744,22840,0.5746,16895,0.5747,24799
1753546994501,16:23:14.501,A/USDT:USDT,0.5745,26757,0.5744,22840,0.5746,16895,0.5747,24799
1753546994829,16:23:14.829,A/USDT:USDT,0.5745,26757,0.5744,32937,0.5746,35244,0.5747,24799
1753546994998,16:23:14.998,A/USDT:USDT,0.5745,22361,0.5744,16606,0.5746,18349,0.5747,21838
1753546995232,16:23:15.232,A/USDT:USDT,0.5745,22361,0.5744,16606,0.5746,18349,0.5747,21838
1753546995405,16:23:15.405,A/USDT:USDT,0.5745,22361,0.5744,18862,0.5746,18349,0.5747,21838
1753546995637,16:23:15.637,A/USDT:USDT,0.5745,22361,0.5744,18862,0.5746,18349,0.5747,21838
1753546995735,16:23:15.735,A/USDT:USDT,0.5745,22361,0.5744,16606,0.5746,18349,0.5747,21838
1753546996099,16:23:16.099,A/USDT:USDT,0.5745,22361,0.5744,16606,0.5746,18349,0.5747,25492
1753546996236,16:23:16.236,A/USDT:USDT,0.5745,22361,0.5744,19390,0.5746,18349,0.5747,25492
1753546996500,16:23:16.500,A/USDT:USDT,0.5745,22361,0.5744,19390,0.5746,18349,0.5747,42274
1753546996749,16:23:16.749,A/USDT:USDT,0.5745,22361,0.5744,16606,0.5746,18349,0.5747,42274
1753546996997,16:23:16.997,A/USDT:USDT,0.5745,22361,0.5744,16606,0.5746,18349,0.5747,21838
1753546997236,16:23:17.236,A/USDT:USDT,0.5745,22361,0.5744,16606,0.5746,18349,0.5747,21838
1753546997498,16:23:17.498,A/USDT:USDT,0.5745,22361,0.5744,16606,0.5746,18349,0.5747,32368
1753546997739,16:23:17.739,A/USDT:USDT,0.5745,22361,0.5744,18625,0.5746,18349,0.5747,32368
1753546997999,16:23:17.999,A/USDT:USDT,0.5745,22361,0.5744,18625,0.5746,18349,0.5747,21838
1753546998237,16:23:18.237,A/USDT:USDT,0.5745,22361,0.5744,24099,0.5746,18349,0.5747,21838
1753546998499,16:23:18.499,A/USDT:USDT,0.5745,22361,0.5744,24099,0.5746,18349,0.5747,26700
1753546998736,16:23:18.736,A/USDT:USDT,0.5745,22361,0.5744,16606,0.5746,18349,0.5747,26700
1753546999000,16:23:19.000,A/USDT:USDT,0.5745,22361,0.5744,16606,0.5746,18349,0.5747,21838
1753546999235,16:23:19.235,A/USDT:USDT,0.5745,22361,0.5744,16606,0.5746,18349,0.5747,21838
1753546999502,16:23:19.502,A/USDT:USDT,0.5745,22361,0.5744,16606,0.5746,18349,0.5747,28843
1753546999736,16:23:19.736,A/USDT:USDT,0.5745,22361,0.5744,16606,0.5746,18349,0.5747,28843
1753547000001,16:23:20.001,A/USDT:USDT,0.5745,22361,0.5744,16606,0.5746,18349,0.5747,25416
1753547000235,16:23:20.235,A/USDT:USDT,0.5745,22361,0.5744,21636,0.5746,18349,0.5747,25416
1753547000504,16:23:20.504,A/USDT:USDT,0.5745,22361,0.5744,21636,0.5746,18349,0.5747,21838
1753547000827,16:23:20.827,A/USDT:USDT,0.5745,22361,0.5744,24046,0.5746,39867,0.5747,21838
1753547001001,16:23:21.001,A/USDT:USDT,0.5745,20939,0.5744,21934,0.5746,21518,0.5747,19216
1753547001238,16:23:21.238,A/USDT:USDT,0.5745,20939,0.5744,21934,0.5746,21518,0.5747,19216
1753547001405,16:23:21.405,A/USDT:USDT,0.5745,20939,0.5744,21934,0.5746,21518,0.5747,19216
1753547001639,16:23:21.639,A/USDT:USDT,0.5745,20939,0.5744,21934,0.5746,21518,0.5747,19216
1753547001906,16:23:21.906,A/USDT:USDT,0.5745,20939,0.5744,21934,0.5746,21518,0.5747,19216
1753547002102,16:23:22.102,A/USDT:USDT,0.5745,20939,0.5744,21934,0.5746,21518,0.5747,30113
1753547002238,16:23:22.238,A/USDT:USDT,0.5745,20939,0.5744,21934,0.5746,21518,0.5747,30113
1753547002507,16:23:22.507,A/USDT:USDT,0.5745,20939,0.5744,21934,0.5746,21518,0.5747,19216
1753547002640,16:23:22.640,A/USDT:USDT,0.5745,20939,0.5744,21934,0.5746,21518,0.5747,19216
1753547002907,16:23:22.907,A/USDT:USDT,0.5745,20939,0.5744,21934,0.5746,21518,0.5747,19216
1753547003003,16:23:23.003,A/USDT:USDT,0.5745,20939,0.5744,21934,0.5746,21518,0.5747,25543
1753547003236,16:23:23.236,A/USDT:USDT,0.5745,20939,0.5744,31318,0.5746,21518,0.5747,25543
1753547003503,16:23:23.503,A/USDT:USDT,0.5745,20939,0.5744,31318,0.5746,21518,0.5747,25825
1753547003740,16:23:23.740,A/USDT:USDT,0.5745,20939,0.5744,21934,0.5746,21518,0.5747,25825
1753547004005,16:23:24.005,A/USDT:USDT,0.5745,20939,0.5744,21934,0.5746,21518,0.5747,19216
1753547004239,16:23:24.239,A/USDT:USDT,0.5745,20939,0.5744,25563,0.5746,21518,0.5747,19216
1753547004504,16:23:24.504,A/USDT:USDT,0.5745,20939,0.5744,25563,0.5746,21518,0.5747,19216
1753547004736,16:23:24.736,A/USDT:USDT,0.5745,20939,0.5744,21934,0.5746,21518,0.5747,19216
1753547005005,16:23:25.005,A/USDT:USDT,0.5745,20939,0.5744,21934,0.5746,21518,0.5747,19216
1753547005237,16:23:25.237,A/USDT:USDT,0.5745,20939,0.5744,21934,0.5746,21518,0.5747,19216
1753547005504,16:23:25.504,A/USDT:USDT,0.5745,20939,0.5744,21934,0.5746,21518,0.5747,19216
1753547005738,16:23:25.738,A/USDT:USDT,0.5745,20939,0.5744,21934,0.5746,21518,0.5747,19216
1753547006004,16:23:26.004,A/USDT:USDT,0.5745,20939,0.5744,21934,0.5746,21518,0.5747,19216
1753547006238,16:23:26.238,A/USDT:USDT,0.5745,20939,0.5744,21934,0.5746,21518,0.5747,19216
1753547006506,16:23:26.506,A/USDT:USDT,0.5745,20939,0.5744,21934,0.5746,21518,0.5747,19216
1753547006829,16:23:26.829,A/USDT:USDT,0.5745,20939,0.5744,21934,0.5746,45782,0.5747,19216
1753547007006,16:23:27.006,A/USDT:USDT,0.5745,26772,0.5744,18429,0.5746,24264,0.5747,33048
1753547007238,16:23:27.238,A/USDT:USDT,0.5745,26772,0.5744,18429,0.5746,24264,0.5747,33048
1753547007411,16:23:27.411,A/USDT:USDT,0.5745,26772,0.5744,26707,0.5746,24264,0.5747,20137
1753547007640,16:23:27.640,A/USDT:USDT,0.5745,26772,0.5744,26707,0.5746,24264,0.5747,20137
1753547007741,16:23:27.741,A/USDT:USDT,0.5745,26772,0.5744,18429,0.5746,24264,0.5747,20137
1753547008005,16:23:28.005,A/USDT:USDT,0.5745,26772,0.5744,18429,0.5746,24264,0.5747,20137
1753547008239,16:23:28.239,A/USDT:USDT,0.5745,26772,0.5744,26239,0.5746,24264,0.5747,20137
1753547008507,16:23:28.507,A/USDT:USDT,0.5745,26772,0.5744,26239,0.5746,24264,0.5747,30017
1753547008741,16:23:28.741,A/USDT:USDT,0.5745,26772,0.5744,18429,0.5746,24264,0.5747,30017
1753547009006,16:23:29.006,A/USDT:USDT,0.5745,26772,0.5744,18429,0.5746,24264,0.5747,34104
1753547009239,16:23:29.239,A/USDT:USDT,0.5745,26772,0.5744,18429,0.5746,24264,0.5747,34104
1753547009507,16:23:29.507,A/USDT:USDT,0.5745,26772,0.5744,18429,0.5746,24264,0.5747,22186
1753547009742,16:23:29.742,A/USDT:USDT,0.5745,26772,0.5744,18429,0.5746,24264,0.5747,22186
1753547010006,16:23:30.006,A/USDT:USDT,0.5745,26772,0.5744,18429,0.5746,24264,0.5747,20137
1753547010241,16:23:30.241,A/USDT:USDT,0.5745,26772,0.5744,27349,0.5746,24264,0.5747,20137
1753547010506,16:23:30.506,A/USDT:USDT,0.5745,26772,0.5744,27349,0.5746,24264,0.5747,26368
1753547010742,16:23:30.742,A/USDT:USDT,0.5745,26772,0.5744,18429,0.5746,24264,0.5747,26368
1753547011006,16:23:31.006,A/USDT:USDT,0.5745,26772,0.5744,18429,0.5746,24264,0.5747,20137
1753547011242,16:23:31.242,A/USDT:USDT,0.5745,26772,0.5744,18429,0.5746,24264,0.5747,20137
1753547011508,16:23:31.508,A/USDT:USDT,0.5745,26772,0.5744,18429,0.5746,24264,0.5747,28968
1753547011742,16:23:31.742,A/USDT:USDT,0.5745,26772,0.5744,24572,0.5746,24264,0.5747,28968
1753547012008,16:23:32.008,A/USDT:USDT,0.5745,26772,0.5744,24572,0.5746,24264,0.5747,23087
1753547012242,16:23:32.242,A/USDT:USDT,0.5745,26772,0.5744,18429,0.5746,24264,0.5747,23087
1753547012507,16:23:32.507,A/USDT:USDT,0.5745,26772,0.5744,18429,0.5746,24264,0.5747,20137
1753547012834,16:23:32.834,A/USDT:USDT,0.5745,26772,0.5744,44638,0.5746,24264,0.5747,20137
1753547013006,16:23:33.006,A/USDT:USDT,0.5744,17400,0.5743,22591,0.5745,20172,0.5746,21791
1753547013248,16:23:33.248,A/USDT:USDT,0.5744,17400,0.5743,22591,0.5745,20172,0.5746,21791
1753547013411,16:23:33.411,A/USDT:USDT,0.5744,17400,0.5743,22591,0.5745,20172,0.5746,21791
1753547013645,16:23:33.645,A/USDT:USDT,0.5744,17400,0.5743,22591,0.5745,20172,0.5746,21791
1753547013910,16:23:33.910,A/USDT:USDT,0.5744,17400,0.5743,22591,0.5745,20172,0.5746,21791
1753547014007,16:23:34.007,A/USDT:USDT,0.5744,17400,0.5743,22591,0.5745,20172,0.5746,27817
1753547014241,16:23:34.241,A/USDT:USDT,0.5744,17400,0.5743,29964,0.5745,20172,0.5746,27817
1753547014511,16:23:34.511,A/USDT:USDT,0.5744,17400,0.5743,29964,0.5745,20172,0.5746,27295
1753547014643,16:23:34.643,A/USDT:USDT,0.5744,17400,0.5743,22591,0.5745,20172,0.5746,27295
1753547014913,16:23:34.913,A/USDT:USDT,0.5744,17400,0.5743,30627,0.5745,20172,0.5746,21791
1753547015008,16:23:35.008,A/USDT:USDT,0.5744,17400,0.5743,30627,0.5745,20172,0.5746,32489
1753547015241,16:23:35.241,A/USDT:USDT,0.5744,17400,0.5743,22591,0.5745,20172,0.5746,32489
1753547015508,16:23:35.508,A/USDT:USDT,0.5744,17400,0.5743,22591,0.5745,20172,0.5746,29129
1753547015741,16:23:35.741,A/USDT:USDT,0.5744,17400,0.5743,36649,0.5745,20172,0.5746,29129
1753547016008,16:23:36.008,A/USDT:USDT,0.5744,17400,0.5743,36649,0.5745,20172,0.5746,21791
1753547016242,16:23:36.242,A/USDT:USDT,0.5744,17400,0.5743,22591,0.5745,20172,0.5746,21791
1753547016509,16:23:36.509,A/USDT:USDT,0.5744,17400,0.5743,22591,0.5745,20172,0.5746,21791
1753547016743,16:23:36.743,A/USDT:USDT,0.5744,17400,0.5743,22591,0.5745,20172,0.5746,21791
1753547017009,16:23:37.009,A/USDT:USDT,0.5744,17400,0.5743,22591,0.5745,20172,0.5746,28222
1753547017247,16:23:37.247,A/USDT:USDT,0.5744,17400,0.5743,22591,0.5745,20172,0.5746,28222
1753547017510,16:23:37.510,A/USDT:USDT,0.5744,17400,0.5743,22591,0.5745,20172,0.5746,21791
1753547017744,16:23:37.744,A/USDT:USDT,0.5744,17400,0.5743,22591,0.5745,20172,0.5746,21791
1753547018009,16:23:38.009,A/USDT:USDT,0.5744,17400,0.5743,22591,0.5745,20172,0.5746,41059
1753547018245,16:23:38.245,A/USDT:USDT,0.5744,17400,0.5743,22591,0.5745,20172,0.5746,41059
1753547018511,16:23:38.511,A/USDT:USDT,0.5744,17400,0.5743,22591,0.5745,20172,0.5746,30601
1753547018835,16:23:38.835,A/USDT:USDT,0.5744,17400,0.5743,22591,0.5745,37654,0.5746,30601
1753547019012,16:23:39.012,A/USDT:USDT,0.5744,25586,0.5743,16183,0.5745,17482,0.5746,22231
1753547019246,16:23:39.246,A/USDT:USDT,0.5744,25586,0.5743,16183,0.5745,17482,0.5746,22231
1753547019415,16:23:39.415,A/USDT:USDT,0.5744,25586,0.5743,16183,0.5745,17482,0.5746,15744
1753547019647,16:23:39.647,A/USDT:USDT,0.5744,25586,0.5743,16183,0.5745,17482,0.5746,15744
1753547019914,16:23:39.914,A/USDT:USDT,0.5744,25586,0.5743,16183,0.5745,17482,0.5746,15744
1753547020011,16:23:40.011,A/USDT:USDT,0.5744,25586,0.5743,16183,0.5745,17482,0.5746,15744
1753547020245,16:23:40.245,A/USDT:USDT,0.5744,25586,0.5743,16183,0.5745,17482,0.5746,15744
1753547020513,16:23:40.513,A/USDT:USDT,0.5744,25586,0.5743,16183,0.5745,17482,0.5746,17880
1753547020743,16:23:40.743,A/USDT:USDT,0.5744,25586,0.5743,20653,0.5745,17482,0.5746,17880
1753547021012,16:23:41.012,A/USDT:USDT,0.5744,25586,0.5743,20653,0.5745,17482,0.5746,15744
1753547021245,16:23:41.245,A/USDT:USDT,0.5744,25586,0.5743,16183,0.5745,17482,0.5746,15744
1753547021512,16:23:41.512,A/USDT:USDT,0.5744,25586,0.5743,16183,0.5745,17482,0.5746,15744
1753547021745,16:23:41.745,A/USDT:USDT,0.5744,25586,0.5743,16183,0.5745,17482,0.5746,15744
1753547022013,16:23:42.013,A/USDT:USDT,0.5744,25586,0.5743,16183,0.5745,17482,0.5746,15744
1753547022243,16:23:42.243,A/USDT:USDT,0.5744,25586,0.5743,18134,0.5745,17482,0.5746,15744
1753547022513,16:23:42.513,A/USDT:USDT,0.5744,25586,0.5743,18134,0.5745,17482,0.5746,23527
1753547022743,16:23:42.743,A/USDT:USDT,0.5744,25586,0.5743,21145,0.5745,17482,0.5746,23527
1753547023014,16:23:43.014,A/USDT:USDT,0.5744,25586,0.5743,21145,0.5745,17482,0.5746,15744
1753547023243,16:23:43.243,A/USDT:USDT,0.5744,25586,0.5743,18433,0.5745,17482,0.5746,15744
1753547023514,16:23:43.514,A/USDT:USDT,0.5744,25586,0.5743,18433,0.5745,17482,0.5746,18751
1753547023745,16:23:43.745,A/USDT:USDT,0.5744,25586,0.5743,21305,0.5745,17482,0.5746,18751
1753547024014,16:23:44.014,A/USDT:USDT,0.5744,25586,0.5743,21305,0.5745,17482,0.5746,19481
1753547024245,16:23:44.245,A/USDT:USDT,0.5744,25586,0.5743,16183,0.5745,17482,0.5746,19481
1753547024515,16:23:44.515,A/USDT:USDT,0.5744,25586,0.5743,16183,0.5745,17482,0.5746,15744
1753547024838,16:23:44.838,A/USDT:USDT,0.5744,25586,0.5743,16183,0.5745,33482,0.5746,15744
1753547025014,16:23:45.014,A/USDT:USDT,0.5744,22304,0.5743,23092,0.5745,16000,0.5746,26548
1753547025245,16:23:45.245,A/USDT:USDT,0.5744,22304,0.5743,23092,0.5745,16000,0.5746,26548
1753547025422,16:23:45.422,A/USDT:USDT,0.5744,22304,0.5743,23092,0.5745,16000,0.5746,26548
1753547025646,16:23:45.646,A/USDT:USDT,0.5744,22304,0.5743,23092,0.5745,16000,0.5746,46711
1753547025746,16:23:45.746,A/USDT:USDT,0.5744,22304,0.5743,23092,0.5745,16000,0.5746,46711
1753547026014,16:23:46.014,A/USDT:USDT,0.5744,22304,0.5743,23092,0.5745,16000,0.5746,30462
1753547026244,16:23:46.244,A/USDT:USDT,0.5744,22304,0.5743,23092,0.5745,16000,0.5746,30462
1753547026515,16:23:46.515,A/USDT:USDT,0.5744,22304,0.5743,23092,0.5745,16000,0.5746,26548
1753547026744,16:23:46.744,A/USDT:USDT,0.5744,22304,0.5743,23092,0.5745,16000,0.5746,26548
1753547027015,16:23:47.015,A/USDT:USDT,0.5744,22304,0.5743,23092,0.5745,16000,0.5746,26548
1753547027244,16:23:47.244,A/USDT:USDT,0.5744,22304,0.5743,28966,0.5745,16000,0.5746,26548
1753547027515,16:23:47.515,A/USDT:USDT,0.5744,22304,0.5743,28966,0.5745,16000,0.5746,35633
1753547027745,16:23:47.745,A/USDT:USDT,0.5744,22304,0.5743,34309,0.5745,16000,0.5746,35633
1753547028015,16:23:48.015,A/USDT:USDT,0.5744,22304,0.5743,34309,0.5745,16000,0.5746,26548
1753547028280,16:23:48.280,A/USDT:USDT,0.5744,22304,0.5743,23092,0.5745,16000,0.5746,26548
1753547028517,16:23:48.517,A/USDT:USDT,0.5744,22304,0.5743,23092,0.5745,16000,0.5746,26548
1753547028782,16:23:48.782,A/USDT:USDT,0.5744,22304,0.5743,26218,0.5745,16000,0.5746,26548
1753547029016,16:23:49.016,A/USDT:USDT,0.5744,22304,0.5743,26218,0.5745,16000,0.5746,35269
1753547029281,16:23:49.281,A/USDT:USDT,0.5744,22304,0.5743,40812,0.5745,16000,0.5746,35269
1753547029516,16:23:49.516,A/USDT:USDT,0.5744,22304,0.5743,40812,0.5745,16000,0.5746,26548
1753547029783,16:23:49.783,A/USDT:USDT,0.5744,22304,0.5743,23092,0.5745,16000,0.5746,26548
1753547030017,16:23:50.017,A/USDT:USDT,0.5744,22304,0.5743,23092,0.5745,16000,0.5746,26548
1753547030283,16:23:50.283,A/USDT:USDT,0.5744,22304,0.5743,28803,0.5745,16000,0.5746,26548
1753547030522,16:23:50.522,A/USDT:USDT,0.5744,22304,0.5743,28803,0.5745,16000,0.5746,37943
1753547030839,16:23:50.839,A/USDT:USDT,0.5744,22304,0.5743,23092,0.5745,39916,0.5746,37943
1753547031018,16:23:51.018,A/USDT:USDT,0.5744,21731,0.5743,16615,0.5745,23916,0.5746,19732
1753547031287,16:23:51.287,A/USDT:USDT,0.5744,21731,0.5743,16615,0.5745,23916,0.5746,19732
1753547031422,16:23:51.422,A/USDT:USDT,0.5744,21731,0.5743,16615,0.5745,23916,0.5746,19732
1753547031687,16:23:51.687,A/USDT:USDT,0.5744,21731,0.5743,16615,0.5745,23916,0.5746,22512
1753547031784,16:23:51.784,A/USDT:USDT,0.5744,21731,0.5743,16615,0.5745,23916,0.5746,22512
1753547032020,16:23:52.020,A/USDT:USDT,0.5744,21731,0.5743,16615,0.5745,23916,0.5746,27957
1753547032286,16:23:52.286,A/USDT:USDT,0.5744,21731,0.5743,23279,0.5745,23916,0.5746,27957
1753547032520,16:23:52.520,A/USDT:USDT,0.5744,21731,0.5743,23279,0.5745,23916,0.5746,19732
1753547032783,16:23:52.783,A/USDT:USDT,0.5744,21731,0.5743,20224,0.5745,23916,0.5746,19732
1753547033020,16:23:53.020,A/USDT:USDT,0.5744,21731,0.5743,20224,0.5745,23916,0.5746,19732
1753547033286,16:23:53.286,A/USDT:USDT,0.5744,21731,0.5743,16615,0.5745,23916,0.5746,19732
1753547033519,16:23:53.519,A/USDT:USDT,0.5744,21731,0.5743,16615,0.5745,23916,0.5746,19732
1753547033786,16:23:53.786,A/USDT:USDT,0.5744,21731,0.5743,16615,0.5745,23916,0.5746,19732
1753547034020,16:23:54.020,A/USDT:USDT,0.5744,21731,0.5743,16615,0.5745,23916,0.5746,19732
1753547034289,16:23:54.289,A/USDT:USDT,0.5744,21731,0.5743,21515,0.5745,23916,0.5746,19732
1753547034520,16:23:54.520,A/USDT:USDT,0.5744,21731,0.5743,21515,0.5745,23916,0.5746,23334
1753547034789,16:23:54.789,A/USDT:USDT,0.5744,21731,0.5743,20591,0.5745,23916,0.5746,23334
1753547035020,16:23:55.020,A/USDT:USDT,0.5744,21731,0.5743,20591,0.5745,23916,0.5746,28690
1753547035290,16:23:55.290,A/USDT:USDT,0.5744,21731,0.5743,16615,0.5745,23916,0.5746,28690
1753547035519,16:23:55.519,A/USDT:USDT,0.5744,21731,0.5743,16615,0.5745,23916,0.5746,22587
1753547035788,16:23:55.788,A/USDT:USDT,0.5744,21731,0.5743,16615,0.5745,23916,0.5746,22587
1753547036020,16:23:56.020,A/USDT:USDT,0.5744,21731,0.5743,16615,0.5745,23916,0.5746,19732
1753547036290,16:23:56.290,A/USDT:USDT,0.5744,21731,0.5743,19240,0.5745,23916,0.5746,19732
1753547036520,16:23:56.520,A/USDT:USDT,0.5744,21731,0.5743,19240,0.5745,23916,0.5746,19732
1753547036832,16:23:56.832,A/USDT:USDT,0.5744,21731,0.5743,16615,0.5745,23916,0.5746,19732
1753547037020,16:23:57.020,A/USDT:USDT,0.5744,22660,0.5743,24684,0.5745,16960,0.5746,24794
1753547037292,16:23:57.292,A/USDT:USDT,0.5744,22660,0.5743,24684,0.5745,16960,0.5746,24794
1753547037429,16:23:57.429,A/USDT:USDT,0.5744,22660,0.5743,24684,0.5745,16960,0.5746,24794
1753547037692,16:23:57.692,A/USDT:USDT,0.5744,22660,0.5743,24684,0.5745,16960,0.5746,34678
1753547037925,16:23:57.925,A/USDT:USDT,0.5744,22660,0.5743,31222,0.5745,16960,0.5746,34678
1753547038021,16:23:58.021,A/USDT:USDT,0.5744,22660,0.5743,31222,0.5745,16960,0.5746,24794
1753547038290,16:23:58.290,A/USDT:USDT,0.5744,22660,0.5743,24684,0.5745,16960,0.5746,24794
1753547038521,16:23:58.521,A/USDT:USDT,0.5744,22660,0.5743,24684,0.5745,16960,0.5746,24794
1753547038791,16:23:58.791,A/USDT:USDT,0.5744,22660,0.5743,24684,0.5745,16960,0.5746,24794
1753547039022,16:23:59.022,A/USDT:USDT,0.5744,22660,0.5743,24684,0.5745,16960,0.5746,24794
1753547039292,16:23:59.292,A/USDT:USDT,0.5744,22660,0.5743,24684,0.5745,16960,0.5746,24794
1753547039522,16:23:59.522,A/USDT:USDT,0.5744,22660,0.5743,24684,0.5745,16960,0.5746,24794
1753547039793,16:23:59.793,A/USDT:USDT,0.5744,22660,0.5743,24684,0.5745,16960,0.5746,24794
1753547040024,16:24:00.024,A/USDT:USDT,0.5744,22660,0.5743,24684,0.5745,16960,0.5746,31155
1753547040293,16:24:00.293,A/USDT:USDT,0.5744,22660,0.5743,28211,0.5745,16960,0.5746,31155
1753547040522,16:24:00.522,A/USDT:USDT,0.5744,22660,0.5743,28211,0.5745,16960,0.5746,32450
1753547040794,16:24:00.794,A/USDT:USDT,0.5744,22660,0.5743,29861,0.5745,16960,0.5746,32450
1753547041022,16:24:01.022,A/USDT:USDT,0.5744,22660,0.5743,29861,0.5745,16960,0.5746,24794
1753547041295,16:24:01.295,A/USDT:USDT,0.5744,22660,0.5743,24684,0.5745,16960,0.5746,24794
1753547041524,16:24:01.524,A/USDT:USDT,0.5744,22660,0.5743,24684,0.5745,16960,0.5746,34147
1753547041795,16:24:01.795,A/USDT:USDT,0.5744,22660,0.5743,27380,0.5745,16960,0.5746,34147
1753547042023,16:24:02.023,A/USDT:USDT,0.5744,22660,0.5743,27380,0.5745,16960,0.5746,33840
1753547042293,16:24:02.293,A/USDT:USDT,0.5744,22660,0.5743,33462,0.5745,16960,0.5746,33840
1753547042525,16:24:02.525,A/USDT:USDT,0.5744,22660,0.5743,33462,0.5745,16960,0.5746,40594
1753547042841,16:24:02.841,A/USDT:USDT,0.5744,22660,0.5743,24684,0.5745,38694,0.5746,40594
1753547043023,16:24:03.023,A/USDT:USDT,0.5744,15778,0.5743,23259,0.5745,21734,0.5746,21596
1753547043295,16:24:03.295,A/USDT:USDT,0.5744,15778,0.5743,23259,0.5745,21734,0.5746,21596
1753547043427,16:24:03.427,A/USDT:USDT,0.5744,15778,0.5743,23259,0.5745,21734,0.5746,15038
1753547043697,16:24:03.697,A/USDT:USDT,0.5744,15778,0.5743,23259,0.5745,21734,0.5746,15038
1753547043796,16:24:03.796,A/USDT:USDT,0.5744,15778,0.5743,23259,0.5745,21734,0.5746,15038
1753547044024,16:24:04.024,A/USDT:USDT,0.5744,15778,0.5743,23259,0.5745,21734,0.5746,22416
1753547044299,16:24:04.299,A/USDT:USDT,0.5744,15778,0.5743,30274,0.5745,21734,0.5746,22416
1753547044525,16:24:04.525,A/USDT:USDT,0.5744,15778,0.5743,30274,0.5745,21734,0.5746,22111
1753547044797,16:24:04.797,A/USDT:USDT,0.5744,15778,0.5743,34434,0.5745,21734,0.5746,22111
1753547045025,16:24:05.025,A/USDT:USDT,0.5744,15778,0.5743,34434,0.5745,21734,0.5746,19107
1753547045295,16:24:05.295,A/USDT:USDT,0.5744,15778,0.5743,23259,0.5745,21734,0.5746,19107
1753547045525,16:24:05.525,A/USDT:USDT,0.5744,15778,0.5743,23259,0.5745,21734,0.5746,22637
1753547045795,16:24:05.795,A/USDT:USDT,0.5744,15778,0.5743,30297,0.5745,21734,0.5746,22637
1753547046024,16:24:06.024,A/USDT:USDT,0.5744,15778,0.5743,30297,0.5745,21734,0.5746,15038
1753547046299,16:24:06.299,A/USDT:USDT,0.5744,15778,0.5743,23259,0.5745,21734,0.5746,15038
1753547046525,16:24:06.525,A/USDT:USDT,0.5744,15778,0.5743,23259,0.5745,21734,0.5746,15038
1753547046797,16:24:06.797,A/USDT:USDT,0.5744,15778,0.5743,33917,0.5745,21734,0.5746,15038
1753547047026,16:24:07.026,A/USDT:USDT,0.5744,15778,0.5743,33917,0.5745,21734,0.5746,15038
1753547047299,16:24:07.299,A/USDT:USDT,0.5744,15778,0.5743,29366,0.5745,21734,0.5746,15038
1753547047526,16:24:07.526,A/USDT:USDT,0.5744,15778,0.5743,29366,0.5745,21734,0.5746,15038
1753547047882,16:24:07.882,A/USDT:USDT,0.5744,15778,0.5743,25703,0.5745,37527,0.5746,15038
1753547048026,16:24:08.026,A/USDT:USDT,0.5744,26388,0.5743,21477,0.5745,15793,0.5746,23668
1753547048296,16:24:08.296,A/USDT:USDT,0.5744,26388,0.5743,21477,0.5745,15793,0.5746,23668
1753547048430,16:24:08.430,A/USDT:USDT,0.5744,26388,0.5743,21477,0.5745,15793,0.5746,23668
1753547048703,16:24:08.703,A/USDT:USDT,0.5744,26388,0.5743,21477,0.5745,15793,0.5746,23668
1753547048930,16:24:08.930,A/USDT:USDT,0.5744,26388,0.5743,21477,0.5745,15793,0.5746,23668
1753547049026,16:24:09.026,A/USDT:USDT,0.5744,26388,0.5743,21477,0.5745,15793,0.5746,34641
1753547049297,16:24:09.297,A/USDT:USDT,0.5744,26388,0.5743,21477,0.5745,15793,0.5746,34641
1753547049527,16:24:09.527,A/USDT:USDT,0.5744,26388,0.5743,21477,0.5745,15793,0.5746,23668
1753547049798,16:24:09.798,A/USDT:USDT,0.5744,26388,0.5743,27860,0.5745,15793,0.5746,23668
1753547050027,16:24:10.027,A/USDT:USDT,0.5744,26388,0.5743,36890,0.5745,15793,0.5746,34032
1753547050300,16:24:10.300,A/USDT:USDT,0.5744,26388,0.5743,21477,0.5745,15793,0.5746,34032
1753547050431,16:24:10.431,A/USDT:USDT,0.5744,26388,0.5743,24719,0.5745,15793,0.5746,23668
1753547050708,16:24:10.708,A/USDT:USDT,0.5744,26388,0.5743,24719,0.5745,15793,0.5746,27025
1753547050798,16:24:10.798,A/USDT:USDT,0.5744,26388,0.5743,31343,0.5745,15793,0.5746,27025
1753547051027,16:24:11.027,A/USDT:USDT,0.5744,26388,0.5743,31343,0.5745,15793,0.5746,23668
1753547051297,16:24:11.297,A/USDT:USDT,0.5744,26388,0.5743,21477,0.5745,15793,0.5746,23668
1753547051528,16:24:11.528,A/USDT:USDT,0.5744,26388,0.5743,21477,0.5745,15793,0.5746,29187
1753547051798,16:24:11.798,A/USDT:USDT,0.5744,26388,0.5743,27486,0.5745,15793,0.5746,29187
1753547052027,16:24:12.027,A/USDT:USDT,0.5744,26388,0.5743,27486,0.5745,15793,0.5746,29867
1753547052303,16:24:12.303,A/USDT:USDT,0.5744,26388,0.5743,21477,0.5745,15793,0.5746,29867
1753547052529,16:24:12.529,A/USDT:USDT,0.5744,26388,0.5743,21477,0.5745,15793,0.5746,23668
1753547052799,16:24:12.799,A/USDT:USDT,0.5744,26388,0.5743,21477,0.5745,15793,0.5746,23668
1753547053030,16:24:13.030,A/USDT:USDT,0.5744,26388,0.5743,21477,0.5745,15793,0.5746,26405
1753547053300,16:24:13.300,A/USDT:USDT,0.5744,26388,0.5743,31733,0.5745,15793,0.5746,26405
1753547053529,16:24:13.529,A/USDT:USDT,0.5744,26388,0.5743,31733,0.5745,15793,0.5746,32652
1753547053886,16:24:13.886,A/USDT:USDT,0.5744,26388,0.5743,21477,0.5745,31616,0.5746,32652
1753547054030,16:24:14.030,A/USDT:USDT,0.5744,17323,0.5743,22217,0.5745,15823,0.5746,37857
1753547054298,16:24:14.298,A/USDT:USDT,0.5744,17323,0.5743,27662,0.5745,15823,0.5746,37857
1753547054434,16:24:14.434,A/USDT:USDT,0.5744,17323,0.5743,27662,0.5745,15823,0.5746,26194
1753547054701,16:24:14.701,A/USDT:USDT,0.5744,17323,0.5743,22217,0.5745,15823,0.5746,35198
1753547054800,16:24:14.800,A/USDT:USDT,0.5744,17323,0.5743,30454,0.5745,15823,0.5746,35198
1753547055030,16:24:15.030,A/USDT:USDT,0.5744,17323,0.5743,30454,0.5745,15823,0.5746,26194
1753547055298,16:24:15.298,A/USDT:USDT,0.5744,17323,0.5743,27633,0.5745,15823,0.5746,26194
1753547055531,16:24:15.531,A/USDT:USDT,0.5744,17323,0.5743,27633,0.5745,15823,0.5746,26194
1753547055800,16:24:15.800,A/USDT:USDT,0.5744,17323,0.5743,22217,0.5745,15823,0.5746,26194
1753547056031,16:24:16.031,A/USDT:USDT,0.5744,17323,0.5743,22217,0.5745,15823,0.5746,35712
1753547056302,16:24:16.302,A/USDT:USDT,0.5744,17323,0.5743,22217,0.5745,15823,0.5746,35712
1753547056532,16:24:16.532,A/USDT:USDT,0.5744,17323,0.5743,22217,0.5745,15823,0.5746,26194
1753547056801,16:24:16.801,A/USDT:USDT,0.5744,17323,0.5743,22217,0.5745,15823,0.5746,26194
1753547057030,16:24:17.030,A/USDT:USDT,0.5744,17323,0.5743,22217,0.5745,15823,0.5746,37812
1753547057301,16:24:17.301,A/USDT:USDT,0.5744,17323,0.5743,25533,0.5745,15823,0.5746,37812
1753547057578,16:24:17.578,A/USDT:USDT,0.5744,17323,0.5743,25533,0.5745,15823,0.5746,26194
1753547057800,16:24:17.800,A/USDT:USDT,0.5744,17323,0.5743,22217,0.5745,15823,0.5746,26194
1753547058079,16:24:18.079,A/USDT:USDT,0.5744,17323,0.5743,22217,0.5745,15823,0.5746,26194
1753547058302,16:24:18.302,A/USDT:USDT,0.5744,17323,0.5743,26135,0.5745,15823,0.5746,26194
1753547058579,16:24:18.579,A/USDT:USDT,0.5744,17323,0.5743,26135,0.5745,15823,0.5746,35470
1753547058800,16:24:18.800,A/USDT:USDT,0.5744,17323,0.5743,22217,0.5745,15823,0.5746,35470
1753547059079,16:24:19.079,A/USDT:USDT,0.5744,17323,0.5743,22217,0.5745,15823,0.5746,26194
1753547059301,16:24:19.301,A/USDT:USDT,0.5744,17323,0.5743,22217,0.5745,15823,0.5746,26194
1753547059580,16:24:19.580,A/USDT:USDT,0.5744,17323,0.5743,22217,0.5745,15823,0.5746,26194
1753547059888,16:24:19.888,A/USDT:USDT,0.5744,17323,0.5743,33376,0.5745,15823,0.5746,46519
1753547060080,16:24:20.080,A/USDT:USDT,0.5745,15163,0.5744,20157,0.5746,20325,0.5747,39692
1753547060302,16:24:20.302,A/USDT:USDT,0.5745,15163,0.5744,24655,0.5746,20325,0.5747,39692
1753547060485,16:24:20.485,A/USDT:USDT,0.5745,15163,0.5744,24655,0.5746,20325,0.5747,26661
1753547060706,16:24:20.706,A/USDT:USDT,0.5745,15163,0.5744,20157,0.5746,20325,0.5747,31041
1753547060832,16:24:20.832,A/USDT:USDT,0.5745,15163,0.5744,22964,0.5746,20325,0.5747,31041
1753547061079,16:24:21.079,A/USDT:USDT,0.5745,15163,0.5744,22964,0.5746,20325,0.5747,38071
1753547061303,16:24:21.303,A/USDT:USDT,0.5745,15163,0.5744,20157,0.5746,20325,0.5747,38071
1753547061580,16:24:21.580,A/USDT:USDT,0.5745,15163,0.5744,20157,0.5746,20325,0.5747,35104
1753547061803,16:24:21.803,A/USDT:USDT,0.5745,15163,0.5744,29063,0.5746,20325,0.5747,35104
1753547062081,16:24:22.081,A/USDT:USDT,0.5745,15163,0.5744,29063,0.5746,20325,0.5747,26661
1753547062306,16:24:22.306,A/USDT:USDT,0.5745,15163,0.5744,20157,0.5746,20325,0.5747,26661
1753547062582,16:24:22.582,A/USDT:USDT,0.5745,15163,0.5744,20157,0.5746,20325,0.5747,26661
1753547062804,16:24:22.804,A/USDT:USDT,0.5745,15163,0.5744,20157,0.5746,20325,0.5747,26661
1753547063082,16:24:23.082,A/USDT:USDT,0.5745,15163,0.5744,20157,0.5746,20325,0.5747,26661
1753547063305,16:24:23.305,A/USDT:USDT,0.5745,15163,0.5744,20157,0.5746,20325,0.5747,26661
1753547063586,16:24:23.586,A/USDT:USDT,0.5745,15163,0.5744,20157,0.5746,20325,0.5747,32100
1753547063804,16:24:23.804,A/USDT:USDT,0.5745,15163,0.5744,20157,0.5746,20325,0.5747,32100
1753547064084,16:24:24.084,A/USDT:USDT,0.5745,15163,0.5744,20157,0.5746,20325,0.5747,26661
1753547064307,16:24:24.307,A/USDT:USDT,0.5745,15163,0.5744,24980,0.5746,20325,0.5747,26661
1753547064584,16:24:24.584,A/USDT:USDT,0.5745,15163,0.5744,24980,0.5746,20325,0.5747,34211
1753547064803,16:24:24.803,A/USDT:USDT,0.5745,15163,0.5744,20157,0.5746,20325,0.5747,34211
1753547065085,16:24:25.085,A/USDT:USDT,0.5745,15163,0.5744,20157,0.5746,20325,0.5747,26661
1753547065304,16:24:25.304,A/USDT:USDT,0.5745,15163,0.5744,29023,0.5746,20325,0.5747,26661
1753547065586,16:24:25.586,A/USDT:USDT,0.5745,15163,0.5744,29023,0.5746,20325,0.5747,26661
1753547065893,16:24:25.893,A/USDT:USDT,0.5745,15163,0.5744,36324,0.5746,20325,0.5747,26661
1753547066085,16:24:26.085,A/USDT:USDT,0.5744,16167,0.5743,23182,0.5746,20761,0.5747,18994
1753547066303,16:24:26.303,A/USDT:USDT,0.5744,16167,0.5743,23182,0.5746,20761,0.5747,18994
1753547066495,16:24:26.495,A/USDT:USDT,0.5744,16167,0.5743,23182,0.5746,20761,0.5747,17213
1753547066706,16:24:26.706,A/USDT:USDT,0.5744,16167,0.5743,23182,0.5746,20761,0.5747,24659
1753547066835,16:24:26.835,A/USDT:USDT,0.5744,16167,0.5743,33486,0.5746,20761,0.5747,24659
1753547067085,16:24:27.085,A/USDT:USDT,0.5744,16167,0.5743,33486,0.5746,20761,0.5747,17213
1753547067303,16:24:27.303,A/USDT:USDT,0.5744,16167,0.5743,32990,0.5746,20761,0.5747,17213
1753547067586,16:24:27.586,A/USDT:USDT,0.5744,16167,0.5743,32990,0.5746,20761,0.5747,17213
1753547067803,16:24:27.803,A/USDT:USDT,0.5744,16167,0.5743,23182,0.5746,20761,0.5747,17213
1753547068087,16:24:28.087,A/USDT:USDT,0.5744,16167,0.5743,23182,0.5746,20761,0.5747,17213
1753547068303,16:24:28.303,A/USDT:USDT,0.5744,16167,0.5743,23182,0.5746,20761,0.5747,17213
1753547068587,16:24:28.587,A/USDT:USDT,0.5744,16167,0.5743,23182,0.5746,20761,0.5747,17213
1753547068804,16:24:28.804,A/USDT:USDT,0.5744,16167,0.5743,23182,0.5746,20761,0.5747,17213
1753547069088,16:24:29.088,A/USDT:USDT,0.5744,16167,0.5743,23182,0.5746,20761,0.5747,24821
1753547069304,16:24:29.304,A/USDT:USDT,0.5744,16167,0.5743,30855,0.5746,20761,0.5747,24821
1753547069589,16:24:29.589,A/USDT:USDT,0.5744,16167,0.5743,30855,0.5746,20761,0.5747,17213
1753547069804,16:24:29.804,A/USDT:USDT,0.5744,16167,0.5743,31796,0.5746,20761,0.5747,17213
1753547070088,16:24:30.088,A/USDT:USDT,0.5744,16167,0.5743,31796,0.5746,20761,0.5747,23097
1753547070304,16:24:30.304,A/USDT:USDT,0.5744,16167,0.5743,23182,0.5746,20761,0.5747,23097
1753547070591,16:24:30.591,A/USDT:USDT,0.5744,16167,0.5743,23182,0.5746,20761,0.5747,17213
1753547070804,16:24:30.804,A/USDT:USDT,0.5744,16167,0.5743,42845,0.5746,20761,0.5747,17213
1753547071090,16:24:31.090,A/USDT:USDT,0.5744,16167,0.5743,42845,0.5746,20761,0.5747,17213
1753547071303,16:24:31.303,A/USDT:USDT,0.5744,16167,0.5743,26540,0.5746,20761,0.5747,17213
1753547071591,16:24:31.591,A/USDT:USDT,0.5744,16167,0.5743,26540,0.5746,20761,0.5747,17213
1753547071895,16:24:31.895,A/USDT:USDT,0.5744,16167,0.5743,23182,0.5746,42669,0.5747,17213
1753547072092,16:24:32.092,A/USDT:USDT,0.5744,16145,0.5743,26018,0.5746,21908,0.5747,23661
1753547072305,16:24:32.305,A/USDT:USDT,0.5744,16145,0.5743,26018,0.5746,21908,0.5747,23661
1753547072496,16:24:32.496,A/USDT:USDT,0.5744,16145,0.5743,26018,0.5746,21908,0.5747,23661
1753547072706,16:24:32.706,A/USDT:USDT,0.5744,16145,0.5743,26018,0.5746,21908,0.5747,23661
1753547072851,16:24:32.851,A/USDT:USDT,0.5744,16145,0.5743,26018,0.5746,21908,0.5747,23661
1753547073093,16:24:33.093,A/USDT:USDT,0.5744,16145,0.5743,26018,0.5746,21908,0.5747,29127
1753547073304,16:24:33.304,A/USDT:USDT,0.5744,16145,0.5743,32218,0.5746,21908,0.5747,29127
1753547073593,16:24:33.593,A/USDT:USDT,0.5744,16145,0.5743,32218,0.5746,21908,0.5747,26812
1753547073804,16:24:33.804,A/USDT:USDT,0.5744,16145,0.5743,38056,0.5746,21908,0.5747,26812
1753547074093,16:24:34.093,A/USDT:USDT,0.5744,16145,0.5743,38056,0.5746,21908,0.5747,33042
1753547074304,16:24:34.304,A/USDT:USDT,0.5744,16145,0.5743,26018,0.5746,21908,0.5747,33042
1753547074594,16:24:34.594,A/USDT:USDT,0.5744,16145,0.5743,26018,0.5746,21908,0.5747,23661
1753547074804,16:24:34.804,A/USDT:USDT,0.5744,16145,0.5743,26018,0.5746,21908,0.5747,23661
1753547075094,16:24:35.094,A/USDT:USDT,0.5744,16145,0.5743,26018,0.5746,21908,0.5747,34612
1753547075306,16:24:35.306,A/USDT:USDT,0.5744,16145,0.5743,26018,0.5746,21908,0.5747,34612
1753547075595,16:24:35.595,A/USDT:USDT,0.5744,16145,0.5743,26018,0.5746,21908,0.5747,34909
1753547075806,16:24:35.806,A/USDT:USDT,0.5744,16145,0.5743,37143,0.5746,21908,0.5747,34909
1753547076094,16:24:36.094,A/USDT:USDT,0.5744,16145,0.5743,37143,0.5746,21908,0.5747,23661
1753547076304,16:24:36.304,A/USDT:USDT,0.5744,16145,0.5743,26018,0.5746,21908,0.5747,23661
1753547076596,16:24:36.596,A/USDT:USDT,0.5744,16145,0.5743,26018,0.5746,21908,0.5747,23661
1753547076806,16:24:36.806,A/USDT:USDT,0.5744,16145,0.5743,26018,0.5746,21908,0.5747,23661
1753547077095,16:24:37.095,A/USDT:USDT,0.5744,16145,0.5743,26018,0.5746,21908,0.5747,26526
1753547077305,16:24:37.305,A/USDT:USDT,0.5744,16145,0.5743,26018,0.5746,21908,0.5747,26526
1753547077596,16:24:37.596,A/USDT:USDT,0.5744,16145,0.5743,26018,0.5746,21908,0.5747,30455
1753547077903,16:24:37.903,A/USDT:USDT,0.5746,19187,0.5744,16145,0.5747,26157,0.5748,21478
1753547078095,16:24:38.095,A/USDT:USDT,0.5746,19187,0.5745,21838,0.5747,26157,0.5748,26300
1753547078305,16:24:38.305,A/USDT:USDT,0.5746,19187,0.5745,21838,0.5747,26157,0.5748,26300
1753547078499,16:24:38.499,A/USDT:USDT,0.5746,19187,0.5745,21838,0.5747,26157,0.5748,21478
1753547078711,16:24:38.711,A/USDT:USDT,0.5746,19187,0.5745,21838,0.5747,26157,0.5748,29335
1753547078850,16:24:38.850,A/USDT:USDT,0.5746,19187,0.5745,21838,0.5747,26157,0.5748,29335
1753547079096,16:24:39.096,A/USDT:USDT,0.5746,19187,0.5745,21838,0.5747,26157,0.5748,21478
1753547079309,16:24:39.309,A/USDT:USDT,0.5746,19187,0.5745,24347,0.5747,26157,0.5748,21478
1753547079597,16:24:39.597,A/USDT:USDT,0.5746,19187,0.5745,24347,0.5747,26157,0.5748,21478
1753547079806,16:24:39.806,A/USDT:USDT,0.5746,19187,0.5745,21838,0.5747,26157,0.5748,21478
1753547080096,16:24:40.096,A/USDT:USDT,0.5746,19187,0.5745,21838,0.5747,26157,0.5748,21478
1753547080307,16:24:40.307,A/USDT:USDT,0.5746,19187,0.5745,21838,0.5747,26157,0.5748,21478
1753547080597,16:24:40.597,A/USDT:USDT,0.5746,19187,0.5745,21838,0.5747,26157,0.5748,21478
1753547080807,16:24:40.807,A/USDT:USDT,0.5746,19187,0.5745,29166,0.5747,26157,0.5748,21478
1753547081097,16:24:41.097,A/USDT:USDT,0.5746,19187,0.5745,29166,0.5747,26157,0.5748,28283
1753547081307,16:24:41.307,A/USDT:USDT,0.5746,19187,0.5745,37571,0.5747,26157,0.5748,28283
1753547081598,16:24:41.598,A/USDT:USDT,0.5746,19187,0.5745,37571,0.5747,26157,0.5748,21478
1753547081808,16:24:41.808,A/USDT:USDT,0.5746,19187,0.5745,21838,0.5747,26157,0.5748,21478
1753547082098,16:24:42.098,A/USDT:USDT,0.5746,19187,0.5745,21838,0.5747,26157,0.5748,21478
1753547082307,16:24:42.307,A/USDT:USDT,0.5746,19187,0.5745,21838,0.5747,26157,0.5748,21478
1753547082599,16:24:42.599,A/USDT:USDT,0.5746,19187,0.5745,21838,0.5747,26157,0.5748,31315
1753547082808,16:24:42.808,A/USDT:USDT,0.5746,19187,0.5745,28976,0.5747,26157,0.5748,31315
1753547083211,16:24:43.211,A/USDT:USDT,0.5746,19187,0.5745,26377,0.5747,26157,0.5748,29704
1753547083309,16:24:43.309,A/USDT:USDT,0.5746,19187,0.5745,34887,0.5747,26157,0.5748,29704
1753547083600,16:24:43.600,A/USDT:USDT,0.5746,19187,0.5745,34887,0.5747,26157,0.5748,21478
1753547083899,16:24:43.899,A/USDT:USDT,0.5746,19187,0.5745,21838,0.5747,26157,0.5748,42053
1753547084100,16:24:44.100,A/USDT:USDT,0.5747,26766,0.5746,21850,0.5748,20575,0.5749,21102
1753547084455,16:24:44.455,A/USDT:USDT,0.5747,26766,0.5746,27359,0.5748,20575,0.5749,21102
1753547084600,16:24:44.600,A/USDT:USDT,0.5747,26766,0.5746,27359,0.5748,20575,0.5749,21102
1753547084854,16:24:44.854,A/USDT:USDT,0.5747,26766,0.5746,21850,0.5748,20575,0.5749,21102
1753547085002,16:24:45.002,A/USDT:USDT,0.5747,26766,0.5746,21850,0.5748,20575,0.5749,21102
1753547085210,16:24:45.210,A/USDT:USDT,0.5747,26766,0.5746,21850,0.5748,20575,0.5749,29868
1753547085503,16:24:45.503,A/USDT:USDT,0.5747,26766,0.5746,30998,0.5748,20575,0.5749,21102
1753547085600,16:24:45.600,A/USDT:USDT,0.5747,26766,0.5746,30998,0.5748,20575,0.5749,30681
1753547085808,16:24:45.808,A/USDT:USDT,0.5747,26766,0.5746,21850,0.5748,20575,0.5749,30681
1753547086210,16:24:46.210,A/USDT:USDT,0.5747,26766,0.5746,21850,0.5748,20575,0.5749,31125
1753547086308,16:24:46.308,A/USDT:USDT,0.5747,26766,0.5746,25777,0.5748,20575,0.5749,31125
1753547086607,16:24:46.607,A/USDT:USDT,0.5747,26766,0.5746,25777,0.5748,20575,0.5749,27122
1753547086810,16:24:46.810,A/USDT:USDT,0.5747,26766,0.5746,21850,0.5748,20575,0.5749,27122
1753547087213,16:24:47.213,A/USDT:USDT,0.5747,26766,0.5746,21850,0.5748,20575,0.5749,26444
1753547087309,16:24:47.309,A/USDT:USDT,0.5747,26766,0.5746,21850,0.5748,20575,0.5749,26444
1753547087603,16:24:47.603,A/USDT:USDT,0.5747,26766,0.5746,21850,0.5748,20575,0.5749,29685
1753547087809,16:24:47.809,A/USDT:USDT,0.5747,26766,0.5746,24222,0.5748,20575,0.5749,29685
1753547088211,16:24:48.211,A/USDT:USDT,0.5747,26766,0.5746,24222,0.5748,20575,0.5749,29919
1753547088310,16:24:48.310,A/USDT:USDT,0.5747,26766,0.5746,26548,0.5748,20575,0.5749,29919
1753547088606,16:24:48.606,A/USDT:USDT,0.5747,26766,0.5746,26548,0.5748,20575,0.5749,21102
1753547088809,16:24:48.809,A/USDT:USDT,0.5747,26766,0.5746,21850,0.5748,20575,0.5749,21102
1753547089212,16:24:49.212,A/USDT:USDT,0.5747,26766,0.5746,21850,0.5748,20575,0.5749,21102
1753547089309,16:24:49.309,A/USDT:USDT,0.5747,26766,0.5746,32433,0.5748,20575,0.5749,21102
1753547089605,16:24:49.605,A/USDT:USDT,0.5747,26766,0.5746,32433,0.5748,20575,0.5749,21102
1753547089910,16:24:49.910,A/USDT:USDT,0.5747,23602,0.5746,15268,0.5748,21260,0.5749,20438
1753547090105,16:24:50.105,A/USDT:USDT,0.5747,23602,0.5746,15268,0.5748,21260,0.5749,24037
1753547090507,16:24:50.507,A/USDT:USDT,0.5747,23602,0.5746,15268,0.5748,21260,0.5749,24037
1753547090605,16:24:50.605,A/USDT:USDT,0.5747,23602,0.5746,15268,0.5748,21260,0.5749,29048
1753547090857,16:24:50.857,A/USDT:USDT,0.5747,23602,0.5746,15268,0.5748,21260,0.5749,29048
1753547091117,16:24:51.117,A/USDT:USDT,0.5747,23602,0.5746,15268,0.5748,21260,0.5749,20438
1753547091309,16:24:51.309,A/USDT:USDT,0.5747,23602,0.5746,15268,0.5748,21260,0.5749,20438
1753547091605,16:24:51.605,A/USDT:USDT,0.5747,23602,0.5746,15268,0.5748,21260,0.5749,20438
1753547091712,16:24:51.712,A/USDT:USDT,0.5747,23602,0.5746,15268,0.5748,21260,0.5749,20438
1753547092010,16:24:52.010,A/USDT:USDT,0.5747,23602,0.5746,25181,0.5748,21260,0.5749,20438
1753547092106,16:24:52.106,A/USDT:USDT,0.5747,23602,0.5746,25181,0.5748,21260,0.5749,20438
1753547092308,16:24:52.308,A/USDT:USDT,0.5747,23602,0.5746,19408,0.5748,21260,0.5749,20438
1753547092607,16:24:52.607,A/USDT:USDT,0.5747,23602,0.5746,19408,0.5748,21260,0.5749,29438
1753547092810,16:24:52.810,A/USDT:USDT,0.5747,23602,0.5746,19705,0.5748,21260,0.5749,29438
1753547093213,16:24:53.213,A/USDT:USDT,0.5747,23602,0.5746,19705,0.5748,21260,0.5749,39503
1753547093311,16:24:53.311,A/USDT:USDT,0.5747,23602,0.5746,15268,0.5748,21260,0.5749,39503
1753547093714,16:24:53.714,A/USDT:USDT,0.5747,23602,0.5746,15268,0.5748,21260,0.5749,20438
1753547093811,16:24:53.811,A/USDT:USDT,0.5747,23602,0.5746,15268,0.5748,21260,0.5749,20438
1753547094107,16:24:54.107,A/USDT:USDT,0.5747,23602,0.5746,15268,0.5748,21260,0.5749,20438
1753547094310,16:24:54.310,A/USDT:USDT,0.5747,23602,0.5746,18575,0.5748,21260,0.5749,20438
1753547094607,16:24:54.607,A/USDT:USDT,0.5747,23602,0.5746,18575,0.5748,21260,0.5749,24037
1753547094811,16:24:54.811,A/USDT:USDT,0.5747,23602,0.5746,18873,0.5748,21260,0.5749,24037
1753547095108,16:24:55.108,A/USDT:USDT,0.5747,23602,0.5746,18873,0.5748,21260,0.5749,30439
1753547095310,16:24:55.310,A/USDT:USDT,0.5747,23602,0.5746,15268,0.5748,21260,0.5749,30439
1753547095608,16:24:55.608,A/USDT:USDT,0.5747,23602,0.5746,15268,0.5748,21260,0.5749,20438
1753547095910,16:24:55.910,A/USDT:USDT,0.5747,27137,0.5746,23069,0.5748,17152,0.5749,15675
1753547096109,16:24:56.109,A/USDT:USDT,0.5747,27137,0.5746,23069,0.5748,17152,0.5749,15675
1753547096472,16:24:56.472,A/USDT:USDT,0.5747,27137,0.5746,31498,0.5748,17152,0.5749,15675
1753547096713,16:24:56.713,A/USDT:USDT,0.5747,27137,0.5746,23069,0.5748,17152,0.5749,15675
1753547096867,16:24:56.867,A/USDT:USDT,0.5747,27137,0.5746,23069,0.5748,17152,0.5749,15675
1753547097109,16:24:57.109,A/USDT:USDT,0.5747,27137,0.5746,23069,0.5748,17152,0.5749,23098
1753547097311,16:24:57.311,A/USDT:USDT,0.5747,27137,0.5746,23069,0.5748,17152,0.5749,23098
1753547097610,16:24:57.610,A/USDT:USDT,0.5747,27137,0.5746,23069,0.5748,17152,0.5749,22071
1753547097882,16:24:57.882,A/USDT:USDT,0.5747,27137,0.5746,27292,0.5748,17152,0.5749,22071
1753547098110,16:24:58.110,A/USDT:USDT,0.5747,27137,0.5746,27292,0.5748,17152,0.5749,15675
1753547098381,16:24:58.381,A/USDT:USDT,0.5747,27137,0.5746,27780,0.5748,17152,0.5749,15675
1753547098609,16:24:58.609,A/USDT:USDT,0.5747,27137,0.5746,27780,0.5748,17152,0.5749,20306
1753547098881,16:24:58.881,A/USDT:USDT,0.5747,27137,0.5746,23069,0.5748,17152,0.5749,20306
1753547099110,16:24:59.110,A/USDT:USDT,0.5747,27137,0.5746,23069,0.5748,17152,0.5749,22157
1753547099382,16:24:59.382,A/USDT:USDT,0.5747,27137,0.5746,23069,0.5748,17152,0.5749,22157
1753547099610,16:24:59.610,A/USDT:USDT,0.5747,27137,0.5746,23069,0.5748,17152,0.5749,15675
1753547099882,16:24:59.882,A/USDT:USDT,0.5747,27137,0.5746,30042,0.5748,17152,0.5749,15675
1753547100111,16:25:00.111,A/USDT:USDT,0.5747,27137,0.5746,30042,0.5748,17152,0.5749,15675
1753547100395,16:25:00.395,A/USDT:USDT,0.5747,27137,0.5746,23069,0.5748,17152,0.5749,15675
1753547100611,16:25:00.611,A/USDT:USDT,0.5747,27137,0.5746,23069,0.5748,17152,0.5749,19253
1753547100884,16:25:00.884,A/USDT:USDT,0.5747,27137,0.5746,32973,0.5748,17152,0.5749,19253
1753547101111,16:25:01.111,A/USDT:USDT,0.5747,27137,0.5746,32973,0.5748,17152,0.5749,20133
1753547101384,16:25:01.384,A/USDT:USDT,0.5747,27137,0.5746,23069,0.5748,17152,0.5749,20133
1753547101613,16:25:01.613,A/USDT:USDT,0.5747,27137,0.5746,23069,0.5748,17152,0.5749,20767
1753547101935,16:25:01.935,A/USDT:USDT,0.5747,19177,0.5746,15722,0.5748,25603,0.5749,21788
1753547102114,16:25:02.114,A/USDT:USDT,0.5747,19177,0.5746,15722,0.5748,25603,0.5749,21788
1753547102383,16:25:02.383,A/USDT:USDT,0.5747,19177,0.5746,18388,0.5748,25603,0.5749,21788
1753547102519,16:25:02.519,A/USDT:USDT,0.5747,19177,0.5746,20804,0.5748,25603,0.5749,21788
1753547102788,16:25:02.788,A/USDT:USDT,0.5747,19177,0.5746,15722,0.5748,25603,0.5749,21788
1753547103017,16:25:03.017,A/USDT:USDT,0.5747,19177,0.5746,15722,0.5748,25603,0.5749,21788
1753547103112,16:25:03.112,A/USDT:USDT,0.5747,19177,0.5746,15722,0.5748,25603,0.5749,21788
1753547103383,16:25:03.383,A/USDT:USDT,0.5747,19177,0.5746,15722,0.5748,25603,0.5749,21788
1753547103615,16:25:03.615,A/USDT:USDT,0.5747,19177,0.5746,15722,0.5748,25603,0.5749,21788
1753547103883,16:25:03.883,A/USDT:USDT,0.5747,19177,0.5746,15722,0.5748,25603,0.5749,21788
1753547104114,16:25:04.114,A/USDT:USDT,0.5747,19177,0.5746,15722,0.5748,25603,0.5749,21788
1753547104383,16:25:04.383,A/USDT:USDT,0.5747,19177,0.5746,15722,0.5748,25603,0.5749,21788
1753547104614,16:25:04.614,A/USDT:USDT,0.5747,19177,0.5746,15722,0.5748,25603,0.5749,24576
1753547104886,16:25:04.886,A/USDT:USDT,0.5747,19177,0.5746,20602,0.5748,25603,0.5749,24576
1753547105115,16:25:05.115,A/USDT:USDT,0.5747,19177,0.5746,20602,0.5748,25603,0.5749,31533
1753547105386,16:25:05.386,A/USDT:USDT,0.5747,19177,0.5746,18922,0.5748,25603,0.5749,31533
1753547105614,16:25:05.614,A/USDT:USDT,0.5747,19177,0.5746,18922,0.5748,25603,0.5749,21788
1753547105884,16:25:05.884,A/USDT:USDT,0.5747,19177,0.5746,19307,0.5748,25603,0.5749,21788
1753547106117,16:25:06.117,A/USDT:USDT,0.5747,19177,0.5746,19307,0.5748,25603,0.5749,30338
1753547106395,16:25:06.395,A/USDT:USDT,0.5747,19177,0.5746,20006,0.5748,25603,0.5749,30338
1753547106616,16:25:06.616,A/USDT:USDT,0.5747,19177,0.5746,20006,0.5748,25603,0.5749,21788
1753547106885,16:25:06.885,A/USDT:USDT,0.5747,19177,0.5746,15722,0.5748,25603,0.5749,21788
1753547107116,16:25:07.116,A/USDT:USDT,0.5747,19177,0.5746,15722,0.5748,25603,0.5749,26125
1753547107386,16:25:07.386,A/USDT:USDT,0.5747,19177,0.5746,15722,0.5748,25603,0.5749,26125
1753547107615,16:25:07.615,A/USDT:USDT,0.5747,19177,0.5746,15722,0.5748,25603,0.5749,21788
1753547107939,16:25:07.939,A/USDT:USDT,0.5746,16234,0.5745,17695,0.5747,22297,0.5748,26617
1753547108115,16:25:08.115,A/USDT:USDT,0.5746,16234,0.5745,17695,0.5747,22297,0.5748,37064
1753547108384,16:25:08.384,A/USDT:USDT,0.5746,16234,0.5745,17695,0.5747,22297,0.5748,37064
1753547108519,16:25:08.519,A/USDT:USDT,0.5746,16234,0.5745,23773,0.5747,22297,0.5748,26617
1753547108789,16:25:08.789,A/USDT:USDT,0.5746,16234,0.5745,23773,0.5747,22297,0.5748,37290
1753547108889,16:25:08.889,A/USDT:USDT,0.5746,16234,0.5745,25846,0.5747,22297,0.5748,37290
1753547109117,16:25:09.117,A/USDT:USDT,0.5746,16234,0.5745,25846,0.5747,22297,0.5748,38243
1753547109387,16:25:09.387,A/USDT:USDT,0.5746,16234,0.5745,25520,0.5747,22297,0.5748,38243
1753547109616,16:25:09.616,A/USDT:USDT,0.5746,16234,0.5745,25520,0.5747,22297,0.5748,26617
1753547109886,16:25:09.886,A/USDT:USDT,0.5746,16234,0.5745,17695,0.5747,22297,0.5748,26617
1753547110117,16:25:10.117,A/USDT:USDT,0.5746,16234,0.5745,17695,0.5747,22297,0.5748,37295
1753547110386,16:25:10.386,A/USDT:USDT,0.5746,16234,0.5745,20271,0.5747,22297,0.5748,37295
1753547110617,16:25:10.617,A/USDT:USDT,0.5746,16234,0.5745,20271,0.5747,22297,0.5748,43188
1753547110888,16:25:10.888,A/USDT:USDT,0.5746,16234,0.5745,17695,0.5747,22297,0.5748,43188
1753547111116,16:25:11.116,A/USDT:USDT,0.5746,16234,0.5745,17695,0.5747,22297,0.5748,26617
1753547111389,16:25:11.389,A/USDT:USDT,0.5746,16234,0.5745,17695,0.5747,22297,0.5748,26617
1753547111617,16:25:11.617,A/USDT:USDT,0.5746,16234,0.5745,17695,0.5747,22297,0.5748,26617
1753547111888,16:25:11.888,A/USDT:USDT,0.5746,16234,0.5745,25561,0.5747,22297,0.5748,26617
1753547112116,16:25:12.116,A/USDT:USDT,0.5746,16234,0.5745,25561,0.5747,22297,0.5748,37107
1753547112389,16:25:12.389,A/USDT:USDT,0.5746,16234,0.5745,17695,0.5747,22297,0.5748,37107
1753547112618,16:25:12.618,A/USDT:USDT,0.5746,16234,0.5745,17695,0.5747,22297,0.5748,39771
1753547112889,16:25:12.889,A/USDT:USDT,0.5746,16234,0.5745,17695,0.5747,22297,0.5748,39771
1753547113118,16:25:13.118,A/USDT:USDT,0.5746,16234,0.5745,17695,0.5747,22297,0.5748,26617
1753547113389,16:25:13.389,A/USDT:USDT,0.5746,16234,0.5745,17695,0.5747,22297,0.5748,26617
1753547113620,16:25:13.620,A/USDT:USDT,0.5746,16234,0.5745,17695,0.5747,22297,0.5748,26617
1753547113942,16:25:13.942,A/USDT:USDT,0.5746,24395,0.5745,24050,0.5747,25735,0.5748,20363
1753547114118,16:25:14.118,A/USDT:USDT,0.5746,24395,0.5745,24050,0.5747,25735,0.5748,25262
1753547114389,16:25:14.389,A/USDT:USDT,0.5746,24395,0.5745,33411,0.5747,25735,0.5748,25262
1753547114523,16:25:14.523,A/USDT:USDT,0.5746,24395,0.5745,33411,0.5747,25735,0.5748,20363
1753547114791,16:25:14.791,A/USDT:USDT,0.5746,24395,0.5745,24050,0.5747,25735,0.5748,20363
1753547114888,16:25:14.888,A/USDT:USDT,0.5746,24395,0.5745,24050,0.5747,25735,0.5748,20363
1753547115119,16:25:15.119,A/USDT:USDT,0.5746,24395,0.5745,24050,0.5747,25735,0.5748,29611
1753547115388,16:25:15.388,A/USDT:USDT,0.5746,24395,0.5745,27920,0.5747,25735,0.5748,29611
1753547115619,16:25:15.619,A/USDT:USDT,0.5746,24395,0.5745,27920,0.5747,25735,0.5748,25304
1753547115889,16:25:15.889,A/USDT:USDT,0.5746,24395,0.5745,33459,0.5747,25735,0.5748,25304
1753547116118,16:25:16.118,A/USDT:USDT,0.5746,24395,0.5745,33459,0.5747,25735,0.5748,20363
1753547116390,16:25:16.390,A/USDT:USDT,0.5746,24395,0.5745,27490,0.5747,25735,0.5748,20363
1753547116620,16:25:16.620,A/USDT:USDT,0.5746,24395,0.5745,27490,0.5747,25735,0.5748,24498
1753547116889,16:25:16.889,A/USDT:USDT,0.5746,24395,0.5745,32579,0.5747,25735,0.5748,24498
1753547117121,16:25:17.121,A/USDT:USDT,0.5746,24395,0.5745,32579,0.5747,25735,0.5748,23078
1753547117389,16:25:17.389,A/USDT:USDT,0.5746,24395,0.5745,24050,0.5747,25735,0.5748,23078
1753547117624,16:25:17.624,A/USDT:USDT,0.5746,24395,0.5745,24050,0.5747,25735,0.5748,24467
1753547117892,16:25:17.892,A/USDT:USDT,0.5746,24395,0.5745,34133,0.5747,25735,0.5748,24467
1753547118120,16:25:18.120,A/USDT:USDT,0.5746,24395,0.5745,34133,0.5747,25735,0.5748,20363
1753547118391,16:25:18.391,A/USDT:USDT,0.5746,24395,0.5745,24050,0.5747,25735,0.5748,20363
1753547118622,16:25:18.622,A/USDT:USDT,0.5746,24395,0.5745,24050,0.5747,25735,0.5748,20363
1753547118891,16:25:18.891,A/USDT:USDT,0.5746,24395,0.5745,30665,0.5747,25735,0.5748,20363
1753547119121,16:25:19.121,A/USDT:USDT,0.5746,24395,0.5745,30665,0.5747,25735,0.5748,20363
1753547119390,16:25:19.390,A/USDT:USDT,0.5746,24395,0.5745,24050,0.5747,25735,0.5748,20363
1753547119621,16:25:19.621,A/USDT:USDT,0.5746,24395,0.5745,24050,0.5747,25735,0.5748,30354
1753547119945,16:25:19.945,A/USDT:USDT,0.5746,20721,0.5745,20946,0.5747,20749,0.5748,18766
1753547120120,16:25:20.120,A/USDT:USDT,0.5746,20721,0.5745,20946,0.5747,20749,0.5748,25217
1753547120393,16:25:20.393,A/USDT:USDT,0.5746,20721,0.5745,28142,0.5747,20749,0.5748,25217
1753547120554,16:25:20.554,A/USDT:USDT,0.5746,20721,0.5745,28142,0.5747,20749,0.5748,18766
1753547120795,16:25:20.795,A/USDT:USDT,0.5746,20721,0.5745,20946,0.5747,20749,0.5748,36488
1753547120894,16:25:20.894,A/USDT:USDT,0.5746,20721,0.5745,20946,0.5747,20749,0.5748,36488
1753547121122,16:25:21.122,A/USDT:USDT,0.5746,20721,0.5745,20946,0.5747,20749,0.5748,18766
1753547121393,16:25:21.393,A/USDT:USDT,0.5746,20721,0.5745,20946,0.5747,20749,0.5748,18766
1753547121622,16:25:21.622,A/USDT:USDT,0.5746,20721,0.5745,20946,0.5747,20749,0.5748,24845
1753547121893,16:25:21.893,A/USDT:USDT,0.5746,20721,0.5745,20946,0.5747,20749,0.5748,24845
1753547122122,16:25:22.122,A/USDT:USDT,0.5746,20721,0.5745,20946,0.5747,20749,0.5748,18766
1753547122395,16:25:22.395,A/USDT:USDT,0.5746,20721,0.5745,30614,0.5747,20749,0.5748,18766
1753547122623,16:25:22.623,A/USDT:USDT,0.5746,20721,0.5745,30614,0.5747,20749,0.5748,18766
1753547122895,16:25:22.895,A/USDT:USDT,0.5746,20721,0.5745,23045,0.5747,20749,0.5748,18766
1753547123123,16:25:23.123,A/USDT:USDT,0.5746,20721,0.5745,23045,0.5747,20749,0.5748,24827
1753547123397,16:25:23.397,A/USDT:USDT,0.5746,20721,0.5745,20946,0.5747,20749,0.5748,24827
1753547123623,16:25:23.623,A/USDT:USDT,0.5746,20721,0.5745,20946,0.5747,20749,0.5748,18766
1753547123896,16:25:23.896,A/USDT:USDT,0.5746,20721,0.5745,20946,0.5747,20749,0.5748,18766
1753547124124,16:25:24.124,A/USDT:USDT,0.5746,20721,0.5745,20946,0.5747,20749,0.5748,18766
1753547124398,16:25:24.398,A/USDT:USDT,0.5746,20721,0.5745,24524,0.5747,20749,0.5748,18766
1753547124625,16:25:24.625,A/USDT:USDT,0.5746,20721,0.5745,24524,0.5747,20749,0.5748,18766
1753547124896,16:25:24.896,A/USDT:USDT,0.5746,20721,0.5745,20946,0.5747,20749,0.5748,18766
1753547125131,16:25:25.131,A/USDT:USDT,0.5746,20721,0.5745,20946,0.5747,20749,0.5748,20797
1753547125395,16:25:25.395,A/USDT:USDT,0.5746,20721,0.5745,30438,0.5747,20749,0.5748,20797
1753547125626,16:25:25.626,A/USDT:USDT,0.5746,20721,0.5745,30438,0.5747,20749,0.5748,18766
1753547125917,16:25:25.917,A/USDT:USDT,0.5745,17878,0.5744,26392,0.5746,20121,0.5747,22000
1753547126126,16:25:26.126,A/USDT:USDT,0.5745,17878,0.5744,26392,0.5746,20121,0.5747,29544
1753547126530,16:25:26.530,A/USDT:USDT,0.5745,17878,0.5744,39286,0.5746,20121,0.5747,25116
1753547126629,16:25:26.629,A/USDT:USDT,0.5745,17878,0.5744,39286,0.5746,20121,0.5747,22000
1753547126896,16:25:26.896,A/USDT:USDT,0.5745,17878,0.5744,26392,0.5746,20121,0.5747,22000
1753547127127,16:25:27.127,A/USDT:USDT,0.5745,17878,0.5744,26392,0.5746,20121,0.5747,25410
1753547127397,16:25:27.397,A/USDT:USDT,0.5745,17878,0.5744,26392,0.5746,20121,0.5747,25410
1753547127628,16:25:27.628,A/USDT:USDT,0.5745,17878,0.5744,26392,0.5746,20121,0.5747,22000
1753547127898,16:25:27.898,A/USDT:USDT,0.5745,17878,0.5744,35463,0.5746,20121,0.5747,22000
1753547128127,16:25:28.127,A/USDT:USDT,0.5745,17878,0.5744,35463,0.5746,20121,0.5747,22000
1753547128398,16:25:28.398,A/USDT:USDT,0.5745,17878,0.5744,33615,0.5746,20121,0.5747,22000
1753547128628,16:25:28.628,A/USDT:USDT,0.5745,17878,0.5744,33615,0.5746,20121,0.5747,32483
1753547128897,16:25:28.897,A/USDT:USDT,0.5745,17878,0.5744,26392,0.5746,20121,0.5747,32483
1753547129130,16:25:29.130,A/USDT:USDT,0.5745,17878,0.5744,26392,0.5746,20121,0.5747,25014
1753547129398,16:25:29.398,A/USDT:USDT,0.5745,17878,0.5744,26392,0.5746,20121,0.5747,25014
1753547129629,16:25:29.629,A/USDT:USDT,0.5745,17878,0.5744,26392,0.5746,20121,0.5747,30428
1753547129900,16:25:29.900,A/USDT:USDT,0.5745,17878,0.5744,26392,0.5746,20121,0.5747,30428
1753547130136,16:25:30.136,A/USDT:USDT,0.5745,17878,0.5744,26392,0.5746,20121,0.5747,40693
1753547130398,16:25:30.398,A/USDT:USDT,0.5745,17878,0.5744,34649,0.5746,20121,0.5747,40693
1753547130637,16:25:30.637,A/USDT:USDT,0.5745,17878,0.5744,34649,0.5746,20121,0.5747,26290
1753547130898,16:25:30.898,A/USDT:USDT,0.5745,17878,0.5744,26392,0.5746,20121,0.5747,26290
1753547131138,16:25:31.138,A/USDT:USDT,0.5745,17878,0.5744,26392,0.5746,20121,0.5747,33937
1753547131399,16:25:31.399,A/USDT:USDT,0.5745,17878,0.5744,26392,0.5746,20121,0.5747,33937
1753547131636,16:25:31.636,A/USDT:USDT,0.5745,17878,0.5744,26392,0.5746,20121,0.5747,32811
1753547131919,16:25:31.919,A/USDT:USDT,0.5745,17728,0.5744,21787,0.5746,26893,0.5747,27027
1753547132136,16:25:32.136,A/USDT:USDT,0.5745,17728,0.5744,21787,0.5746,26893,0.5747,27027
1753547132540,16:25:32.540,A/USDT:USDT,0.5745,17728,0.5744,21787,0.5746,26893,0.5747,27027
1753547132637,16:25:32.637,A/USDT:USDT,0.5745,17728,0.5744,21787,0.5746,26893,0.5747,27027
1753547132902,16:25:32.902,A/USDT:USDT,0.5745,17728,0.5744,21787,0.5746,26893,0.5747,27027
1753547133138,16:25:33.138,A/USDT:USDT,0.5745,17728,0.5744,21787,0.5746,26893,0.5747,27027
1753547133402,16:25:33.402,A/USDT:USDT,0.5745,17728,0.5744,25226,0.5746,26893,0.5747,27027
1753547133637,16:25:33.637,A/USDT:USDT,0.5745,17728,0.5744,25226,0.5746,26893,0.5747,36594
1753547133902,16:25:33.902,A/USDT:USDT,0.5745,17728,0.5744,33087,0.5746,26893,0.5747,36594
1753547134138,16:25:34.138,A/USDT:USDT,0.5745,17728,0.5744,33087,0.5746,26893,0.5747,33071
1753547134402,16:25:34.402,A/USDT:USDT,0.5745,17728,0.5744,29794,0.5746,26893,0.5747,33071
1753547134638,16:25:34.638,A/USDT:USDT,0.5745,17728,0.5744,29794,0.5746,26893,0.5747,27027
1753547134901,16:25:34.901,A/USDT:USDT,0.5745,17728,0.5744,31234,0.5746,26893,0.5747,27027
1753547135140,16:25:35.140,A/USDT:USDT,0.5745,17728,0.5744,31234,0.5746,26893,0.5747,27027
1753547135403,16:25:35.403,A/USDT:USDT,0.5745,17728,0.5744,21787,0.5746,26893,0.5747,27027
1753547135638,16:25:35.638,A/USDT:USDT,0.5745,17728,0.5744,21787,0.5746,26893,0.5747,39843
1753547135903,16:25:35.903,A/USDT:USDT,0.5745,17728,0.5744,21787,0.5746,26893,0.5747,39843
1753547136139,16:25:36.139,A/USDT:USDT,0.5745,17728,0.5744,21787,0.5746,26893,0.5747,27027
1753547136404,16:25:36.404,A/USDT:USDT,0.5745,17728,0.5744,29561,0.5746,26893,0.5747,27027
1753547136638,16:25:36.638,A/USDT:USDT,0.5745,17728,0.5744,29561,0.5746,26893,0.5747,27027
1753547136905,16:25:36.905,A/USDT:USDT,0.5745,17728,0.5744,27473,0.5746,26893,0.5747,27027
1753547137139,16:25:37.139,A/USDT:USDT,0.5745,17728,0.5744,27473,0.5746,26893,0.5747,32426
1753547137404,16:25:37.404,A/USDT:USDT,0.5745,17728,0.5744,34372,0.5746,26893,0.5747,32426
1753547137641,16:25:37.641,A/USDT:USDT,0.5745,17728,0.5744,34372,0.5746,26893,0.5747,27027
1753547137917,16:25:37.917,A/USDT:USDT,0.5745,25673,0.5744,17405,0.5746,25502,0.5747,16681
1753547138140,16:25:38.140,A/USDT:USDT,0.5745,25673,0.5744,17405,0.5746,25502,0.5747,19375
1753547138561,16:25:38.561,A/USDT:USDT,0.5745,25673,0.5744,26982,0.5746,25502,0.5747,19375
1753547138640,16:25:38.640,A/USDT:USDT,0.5745,25673,0.5744,26982,0.5746,25502,0.5747,16681
1753547138905,16:25:38.905,A/USDT:USDT,0.5745,25673,0.5744,23025,0.5746,25502,0.5747,16681
1753547139140,16:25:39.140,A/USDT:USDT,0.5745,25673,0.5744,23025,0.5746,25502,0.5747,24876
1753547139405,16:25:39.405,A/USDT:USDT,0.5745,25673,0.5744,17405,0.5746,25502,0.5747,24876
1753547139640,16:25:39.640,A/USDT:USDT,0.5745,25673,0.5744,17405,0.5746,25502,0.5747,24060
1753547139906,16:25:39.906,A/USDT:USDT,0.5745,25673,0.5744,17405,0.5746,25502,0.5747,24060
1753547140141,16:25:40.141,A/USDT:USDT,0.5745,25673,0.5744,17405,0.5746,25502,0.5747,16681
1753547140405,16:25:40.405,A/USDT:USDT,0.5745,25673,0.5744,17405,0.5746,25502,0.5747,16681
1753547140639,16:25:40.639,A/USDT:USDT,0.5745,25673,0.5744,17405,0.5746,25502,0.5747,26791
1753547140905,16:25:40.905,A/USDT:USDT,0.5745,25673,0.5744,21899,0.5746,25502,0.5747,26791
1753547141140,16:25:41.140,A/USDT:USDT,0.5745,25673,0.5744,21899,0.5746,25502,0.5747,16681
1753547141407,16:25:41.407,A/USDT:USDT,0.5745,25673,0.5744,24179,0.5746,25502,0.5747,16681
1753547141641,16:25:41.641,A/USDT:USDT,0.5745,25673,0.5744,24179,0.5746,25502,0.5747,19400
1753547141906,16:25:41.906,A/USDT:USDT,0.5745,25673,0.5744,17405,0.5746,25502,0.5747,19400
1753547142140,16:25:42.140,A/USDT:USDT,0.5745,25673,0.5744,17405,0.5746,25502,0.5747,20138
1753547142406,16:25:42.406,A/USDT:USDT,0.5745,25673,0.5744,17405,0.5746,25502,0.5747,20138
1753547142643,16:25:42.643,A/USDT:USDT,0.5745,25673,0.5744,17405,0.5746,25502,0.5747,25411
1753547142907,16:25:42.907,A/USDT:USDT,0.5745,25673,0.5744,22774,0.5746,25502,0.5747,25411
1753547143144,16:25:43.144,A/USDT:USDT,0.5745,25673,0.5744,22774,0.5746,25502,0.5747,19870
1753547143408,16:25:43.408,A/USDT:USDT,0.5745,25673,0.5744,24309,0.5746,25502,0.5747,19870
1753547143645,16:25:43.645,A/USDT:USDT,0.5745,25673,0.5744,24309,0.5746,25502,0.5747,16681
1753547143922,16:25:43.922,A/USDT:USDT,0.5744,25766,0.5743,19458,0.5745,19690,0.5746,21445
1753547144144,16:25:44.144,A/USDT:USDT,0.5744,25766,0.5743,19458,0.5745,19690,0.5746,24977
1753547144547,16:25:44.547,A/USDT:USDT,0.5744,25766,0.5743,19458,0.5745,19690,0.5746,21445
1753547144647,16:25:44.647,A/USDT:USDT,0.5744,25766,0.5743,19458,0.5745,19690,0.5746,21445
1753547144906,16:25:44.906,A/USDT:USDT,0.5744,25766,0.5743,26726,0.5745,19690,0.5746,21445
1753547145145,16:25:45.145,A/USDT:USDT,0.5744,25766,0.5743,26726,0.5745,19690,0.5746,21445
1753547145407,16:25:45.407,A/USDT:USDT,0.5744,25766,0.5743,19458,0.5745,19690,0.5746,21445
1753547145645,16:25:45.645,A/USDT:USDT,0.5744,25766,0.5743,19458,0.5745,19690,0.5746,21445
1753547145908,16:25:45.908,A/USDT:USDT,0.5744,25766,0.5743,25315,0.5745,19690,0.5746,21445
1753547146147,16:25:46.147,A/USDT:USDT,0.5744,25766,0.5743,25315,0.5745,19690,0.5746,21445
1753547146408,16:25:46.408,A/USDT:USDT,0.5744,25766,0.5743,25436,0.5745,19690,0.5746,21445
1753547146647,16:25:46.647,A/USDT:USDT,0.5744,25766,0.5743,25436,0.5745,19690,0.5746,21445
1753547146907,16:25:46.907,A/USDT:USDT,0.5744,25766,0.5743,27364,0.5745,19690,0.5746,21445
1753547147147,16:25:47.147,A/USDT:USDT,0.5744,25766,0.5743,27364,0.5745,19690,0.5746,21445
1753547147408,16:25:47.408,A/USDT:USDT,0.5744,25766,0.5743,19458,0.5745,19690,0.5746,21445
1753547147646,16:25:47.646,A/USDT:USDT,0.5744,25766,0.5743,19458,0.5745,19690,0.5746,31704
1753547147909,16:25:47.909,A/USDT:USDT,0.5744,25766,0.5743,19458,0.5745,19690,0.5746,31704
1753547148146,16:25:48.146,A/USDT:USDT,0.5744,25766,0.5743,19458,0.5745,19690,0.5746,25774
1753547148409,16:25:48.409,A/USDT:USDT,0.5744,25766,0.5743,19458,0.5745,19690,0.5746,25774
1753547148646,16:25:48.646,A/USDT:USDT,0.5744,25766,0.5743,19458,0.5745,19690,0.5746,21445
1753547148908,16:25:48.908,A/USDT:USDT,0.5744,25766,0.5743,19458,0.5745,19690,0.5746,21445
1753547149147,16:25:49.147,A/USDT:USDT,0.5744,25766,0.5743,19458,0.5745,19690,0.5746,21445
1753547149410,16:25:49.410,A/USDT:USDT,0.5744,25766,0.5743,19458,0.5745,19690,0.5746,21445
1753547149647,16:25:49.647,A/USDT:USDT,0.5744,25766,0.5743,19458,0.5745,19690,0.5746,30532
1753547149923,16:25:49.923,A/USDT:USDT,0.5743,25120,0.5742,17677,0.5745,15116,0.5746,19597
1753547150148,16:25:50.148,A/USDT:USDT,0.5743,25120,0.5742,17677,0.5745,15116,0.5746,21896
1753547150551,16:25:50.551,A/USDT:USDT,0.5743,25120,0.5742,17677,0.5745,15116,0.5746,21896
1753547150648,16:25:50.648,A/USDT:USDT,0.5743,25120,0.5742,17677,0.5745,15116,0.5746,19597
1753547150909,16:25:50.909,A/USDT:USDT,0.5743,25120,0.5742,21889,0.5745,15116,0.5746,19597
1753547151148,16:25:51.148,A/USDT:USDT,0.5743,25120,0.5742,21889,0.5745,15116,0.5746,19597
1753547151409,16:25:51.409,A/USDT:USDT,0.5743,25120,0.5742,17677,0.5745,15116,0.5746,19597
1753547151648,16:25:51.648,A/USDT:USDT,0.5743,25120,0.5742,17677,0.5745,15116,0.5746,28965
1753547151910,16:25:51.910,A/USDT:USDT,0.5743,25120,0.5742,21231,0.5745,15116,0.5746,28965
1753547152149,16:25:52.149,A/USDT:USDT,0.5743,25120,0.5742,21231,0.5745,15116,0.5746,19597
1753547152408,16:25:52.408,A/USDT:USDT,0.5743,25120,0.5742,17677,0.5745,15116,0.5746,19597
1753547152649,16:25:52.649,A/USDT:USDT,0.5743,25120,0.5742,17677,0.5745,15116,0.5746,19597
1753547152910,16:25:52.910,A/USDT:USDT,0.5743,25120,0.5742,17677,0.5745,15116,0.5746,19597
1753547153150,16:25:53.150,A/USDT:USDT,0.5743,25120,0.5742,17677,0.5745,15116,0.5746,24731
1753547153409,16:25:53.409,A/USDT:USDT,0.5743,25120,0.5742,17677,0.5745,15116,0.5746,24731
1753547153648,16:25:53.648,A/USDT:USDT,0.5743,25120,0.5742,17677,0.5745,15116,0.5746,19597
1753547153917,16:25:53.917,A/USDT:USDT,0.5743,25120,0.5742,22760,0.5745,15116,0.5746,19597
1753547154149,16:25:54.149,A/USDT:USDT,0.5743,25120,0.5742,22760,0.5745,15116,0.5746,28508
1753547154410,16:25:54.410,A/USDT:USDT,0.5743,25120,0.5742,17677,0.5745,15116,0.5746,28508
1753547154650,16:25:54.650,A/USDT:USDT,0.5743,25120,0.5742,17677,0.5745,15116,0.5746,36278
1753547154914,16:25:54.914,A/USDT:USDT,0.5743,25120,0.5742,17677,0.5745,15116,0.5746,36278
1753547155151,16:25:55.151,A/USDT:USDT,0.5743,25120,0.5742,17677,0.5745,15116,0.5746,24284
1753547155411,16:25:55.411,A/USDT:USDT,0.5743,25120,0.5742,17677,0.5745,15116,0.5746,24284
1753547155650,16:25:55.650,A/USDT:USDT,0.5743,25120,0.5742,17677,0.5745,15116,0.5746,22491
1753547155925,16:25:55.925,A/USDT:USDT,0.5744,23543,0.5743,26781,0.5745,25874,0.5746,25912
1753547156152,16:25:56.152,A/USDT:USDT,0.5744,23543,0.5743,26781,0.5745,25874,0.5746,38456
1753547156579,16:25:56.579,A/USDT:USDT,0.5744,23543,0.5743,29795,0.5745,25874,0.5746,25912
1753547156651,16:25:56.651,A/USDT:USDT,0.5744,23543,0.5743,29795,0.5745,25874,0.5746,25912
1753547156911,16:25:56.911,A/USDT:USDT,0.5744,23543,0.5743,26781,0.5745,25874,0.5746,25912
1753547157151,16:25:57.151,A/USDT:USDT,0.5744,23543,0.5743,26781,0.5745,25874,0.5746,25912
1753547157410,16:25:57.410,A/USDT:USDT,0.5744,23543,0.5743,26781,0.5745,25874,0.5746,25912
1753547157652,16:25:57.652,A/USDT:USDT,0.5744,23543,0.5743,26781,0.5745,25874,0.5746,35567
1753547157914,16:25:57.914,A/USDT:USDT,0.5744,23543,0.5743,26781,0.5745,25874,0.5746,35567
1753547158152,16:25:58.152,A/USDT:USDT,0.5744,23543,0.5743,26781,0.5745,25874,0.5746,25912
1753547158412,16:25:58.412,A/USDT:USDT,0.5744,23543,0.5743,26781,0.5745,25874,0.5746,25912
1753547158656,16:25:58.656,A/USDT:USDT,0.5744,23543,0.5743,26781,0.5745,25874,0.5746,37541
1753547158916,16:25:58.916,A/USDT:USDT,0.5744,23543,0.5743,34960,0.5745,25874,0.5746,37541
1753547159155,16:25:59.155,A/USDT:USDT,0.5744,23543,0.5743,34960,0.5745,25874,0.5746,32252
1753547159411,16:25:59.411,A/USDT:USDT,0.5744,23543,0.5743,26781,0.5745,25874,0.5746,32252
1753547159656,16:25:59.656,A/USDT:USDT,0.5744,23543,0.5743,26781,0.5745,25874,0.5746,30445
1753547159913,16:25:59.913,A/USDT:USDT,0.5744,23543,0.5743,26781,0.5745,25874,0.5746,30445
1753547160155,16:26:00.155,A/USDT:USDT,0.5744,23543,0.5743,26781,0.5745,25874,0.5746,38647
1753547160413,16:26:00.413,A/USDT:USDT,0.5744,23543,0.5743,26781,0.5745,25874,0.5746,38647
1753547160654,16:26:00.654,A/USDT:USDT,0.5744,23543,0.5743,26781,0.5745,25874,0.5746,25912
1753547161004,16:26:01.004,A/USDT:USDT,0.5744,23543,0.5743,26781,0.5745,42413,0.5746,25912
1753547161154,16:26:01.154,A/USDT:USDT,0.5744,26879,0.5743,18278,0.5745,16539,0.5746,15188
1753547161487,16:26:01.487,A/USDT:USDT,0.5744,26879,0.5743,18278,0.5745,16539,0.5746,15188
1753547161655,16:26:01.655,A/USDT:USDT,0.5744,26879,0.5743,25641,0.5745,16539,0.5746,18442
1753547161891,16:26:01.891,A/USDT:USDT,0.5744,26879,0.5743,25641,0.5745,16539,0.5746,18442
1753547162059,16:26:02.059,A/USDT:USDT,0.5744,26879,0.5743,18278,0.5745,16539,0.5746,15188
1753547162155,16:26:02.155,A/USDT:USDT,0.5744,26879,0.5743,18278,0.5745,16539,0.5746,27412
1753547162558,16:26:02.558,A/USDT:USDT,0.5744,26879,0.5743,18278,0.5745,16539,0.5746,21178
1753547162655,16:26:02.655,A/USDT:USDT,0.5744,26879,0.5743,18278,0.5745,16539,0.5746,20812
1753547162989,16:26:02.989,A/USDT:USDT,0.5744,26879,0.5743,18278,0.5745,16539,0.5746,20812
1753547163157,16:26:03.157,A/USDT:USDT,0.5744,26879,0.5743,18278,0.5745,16539,0.5746,18338
1753547163394,16:26:03.394,A/USDT:USDT,0.5744,26879,0.5743,18278,0.5745,16539,0.5746,18338
1753547163559,16:26:03.559,A/USDT:USDT,0.5744,26879,0.5743,18278,0.5745,16539,0.5746,15188
1753547163657,16:26:03.657,A/USDT:USDT,0.5744,26879,0.5743,18278,0.5745,16539,0.5746,19293
1753547164059,16:26:04.059,A/USDT:USDT,0.5744,26879,0.5743,18278,0.5745,16539,0.5746,15188
1753547164157,16:26:04.157,A/USDT:USDT,0.5744,26879,0.5743,18278,0.5745,16539,0.5746,15188
1753547164489,16:26:04.489,A/USDT:USDT,0.5744,26879,0.5743,18278,0.5745,16539,0.5746,15188
1753547164657,16:26:04.657,A/USDT:USDT,0.5744,26879,0.5743,18278,0.5745,16539,0.5746,27251
1753547164892,16:26:04.892,A/USDT:USDT,0.5744,26879,0.5743,18278,0.5745,16539,0.5746,27251
1753547165058,16:26:05.058,A/USDT:USDT,0.5744,26879,0.5743,18278,0.5745,16539,0.5746,15188
1753547165156,16:26:05.156,A/USDT:USDT,0.5744,26879,0.5743,18278,0.5745,16539,0.5746,20984
1753547165558,16:26:05.558,A/USDT:USDT,0.5744,26879,0.5743,18278,0.5745,16539,0.5746,15188
1753547165658,16:26:05.658,A/USDT:USDT,0.5744,26879,0.5743,18278,0.5745,16539,0.5746,20231
1753547165989,16:26:05.989,A/USDT:USDT,0.5744,26879,0.5743,18278,0.5745,16539,0.5746,20231
1753547166157,16:26:06.157,A/USDT:USDT,0.5744,26879,0.5743,18278,0.5745,16539,0.5746,21559
1753547166393,16:26:06.393,A/USDT:USDT,0.5744,26879,0.5743,18278,0.5745,16539,0.5746,21559
1753547166560,16:26:06.560,A/USDT:USDT,0.5744,26879,0.5743,20428,0.5745,16539,0.5746,15188
1753547166674,16:26:06.674,A/USDT:USDT,0.5744,26879,0.5743,20428,0.5745,16539,0.5746,15188
1753547167003,16:26:07.003,A/USDT:USDT,0.5742,26933,0.5741,24613,0.5743,20908,0.5744,18563
1753547167157,16:26:07.157,A/USDT:USDT,0.5742,26933,0.5741,24613,0.5743,20908,0.5744,23268
1753547167561,16:26:07.561,A/USDT:USDT,0.5742,26933,0.5741,24613,0.5743,20908,0.5744,18563
1753547167680,16:26:07.680,A/USDT:USDT,0.5742,26933,0.5741,24613,0.5743,20908,0.5744,29318
1753547167989,16:26:07.989,A/USDT:USDT,0.5742,26933,0.5741,24613,0.5743,20908,0.5744,29318
1753547168180,16:26:08.180,A/USDT:USDT,0.5742,26933,0.5741,24613,0.5743,20908,0.5744,18563
1753547168488,16:26:08.488,A/USDT:USDT,0.5742,26933,0.5741,24613,0.5743,20908,0.5744,18563
1753547168683,16:26:08.683,A/USDT:USDT,0.5742,26933,0.5741,24613,0.5743,20908,0.5744,24097
1753547168891,16:26:08.891,A/USDT:USDT,0.5742,26933,0.5741,24613,0.5743,20908,0.5744,24097
1753547169084,16:26:09.084,A/USDT:USDT,0.5742,26933,0.5741,24613,0.5743,20908,0.5744,18563
1753547169183,16:26:09.183,A/USDT:USDT,0.5742,26933,0.5741,24613,0.5743,20908,0.5744,18563
1753547169587,16:26:09.587,A/USDT:USDT,0.5742,26933,0.5741,24613,0.5743,20908,0.5744,18563
1753547169684,16:26:09.684,A/USDT:USDT,0.5742,26933,0.5741,24613,0.5743,20908,0.5744,24183
1753547169993,16:26:09.993,A/USDT:USDT,0.5742,26933,0.5741,24613,0.5743,20908,0.5744,24183
1753547170183,16:26:10.183,A/USDT:USDT,0.5742,26933,0.5741,24613,0.5743,20908,0.5744,18563
1753547170396,16:26:10.396,A/USDT:USDT,0.5742,26933,0.5741,24613,0.5743,20908,0.5744,18563
1753547170491,16:26:10.491,A/USDT:USDT,0.5742,26933,0.5741,35509,0.5743,20908,0.5744,18563
1753547170685,16:26:10.685,A/USDT:USDT,0.5742,26933,0.5741,35509,0.5743,20908,0.5744,18563
1753547171088,16:26:11.088,A/USDT:USDT,0.5742,26933,0.5741,24613,0.5743,20908,0.5744,18563
1753547171182,16:26:11.182,A/USDT:USDT,0.5742,26933,0.5741,24613,0.5743,20908,0.5744,18563
1753547171492,16:26:11.492,A/USDT:USDT,0.5742,26933,0.5741,27837,0.5743,20908,0.5744,18563
1753547171686,16:26:11.686,A/USDT:USDT,0.5742,26933,0.5741,27837,0.5743,20908,0.5744,23916
1753547171891,16:26:11.891,A/USDT:USDT,0.5742,26933,0.5741,24613,0.5743,20908,0.5744,23916
1753547172090,16:26:12.090,A/USDT:USDT,0.5742,26933,0.5741,29806,0.5743,20908,0.5744,18563
1753547172185,16:26:12.185,A/USDT:USDT,0.5742,26933,0.5741,29806,0.5743,20908,0.5744,21108
1753547172587,16:26:12.587,A/USDT:USDT,0.5742,26933,0.5741,24613,0.5743,20908,0.5744,21108
1753547172685,16:26:12.685,A/USDT:USDT,0.5742,26933,0.5741,24613,0.5743,20908,0.5744,18563
1753547172990,16:26:12.990,A/USDT:USDT,0.5742,26933,0.5741,24613,0.5743,43471,0.5744,18563
1753547173188,16:26:13.188,A/USDT:USDT,0.5742,17124,0.5741,16377,0.5743,22563,0.5744,26968
1753547173490,16:26:13.490,A/USDT:USDT,0.5742,17124,0.5741,22573,0.5743,22563,0.5744,26968
1753547173592,16:26:13.592,A/USDT:USDT,0.5742,17124,0.5741,27374,0.5743,22563,0.5744,26968
1753547173686,16:26:13.686,A/USDT:USDT,0.5742,17124,0.5741,27374,0.5743,22563,0.5744,40191
1753547174088,16:26:14.088,A/USDT:USDT,0.5742,17124,0.5741,16377,0.5743,22563,0.5744,26968
1753547174185,16:26:14.185,A/USDT:USDT,0.5742,17124,0.5741,16377,0.5743,22563,0.5744,26968
1753547174490,16:26:14.490,A/USDT:USDT,0.5742,17124,0.5741,16377,0.5743,22563,0.5744,26968
1753547174686,16:26:14.686,A/USDT:USDT,0.5742,17124,0.5741,16377,0.5743,22563,0.5744,26968
1753547174990,16:26:14.990,A/USDT:USDT,0.5742,17124,0.5741,16377,0.5743,22563,0.5744,26968
1753547175187,16:26:15.187,A/USDT:USDT,0.5742,17124,0.5741,16377,0.5743,22563,0.5744,30959
1753547175392,16:26:15.392,A/USDT:USDT,0.5742,17124,0.5741,16377,0.5743,22563,0.5744,30959
1753547175589,16:26:15.589,A/USDT:USDT,0.5742,17124,0.5741,16377,0.5743,22563,0.5744,26968
1753547175686,16:26:15.686,A/USDT:USDT,0.5742,17124,0.5741,16377,0.5743,22563,0.5744,31204
1753547176091,16:26:16.091,A/USDT:USDT,0.5742,17124,0.5741,16377,0.5743,22563,0.5744,26968
1753547176189,16:26:16.189,A/USDT:USDT,0.5742,17124,0.5741,16377,0.5743,22563,0.5744,26968
1753547176491,16:26:16.491,A/USDT:USDT,0.5742,17124,0.5741,16377,0.5743,22563,0.5744,26968
1753547176688,16:26:16.688,A/USDT:USDT,0.5742,17124,0.5741,16377,0.5743,22563,0.5744,39103
1753547177091,16:26:17.091,A/USDT:USDT,0.5742,17124,0.5741,16377,0.5743,22563,0.5744,39103
1753547177187,16:26:17.187,A/USDT:USDT,0.5742,17124,0.5741,16377,0.5743,22563,0.5744,26968
1753547177493,16:26:17.493,A/USDT:USDT,0.5742,17124,0.5741,16377,0.5743,22563,0.5744,26968
1753547177689,16:26:17.689,A/USDT:USDT,0.5742,17124,0.5741,16377,0.5743,22563,0.5744,26968
1753547177895,16:26:17.895,A/USDT:USDT,0.5742,17124,0.5741,16377,0.5743,22563,0.5744,26968
1753547178091,16:26:18.091,A/USDT:USDT,0.5742,17124,0.5741,16377,0.5743,22563,0.5744,26968
1753547178236,16:26:18.236,A/USDT:USDT,0.5742,17124,0.5741,16377,0.5743,22563,0.5744,26968
1753547178492,16:26:18.492,A/USDT:USDT,0.5742,17124,0.5741,18974,0.5743,22563,0.5744,26968
1753547178687,16:26:18.687,A/USDT:USDT,0.5742,17124,0.5741,18974,0.5743,22563,0.5744,26968
1753547178995,16:26:18.995,A/USDT:USDT,0.5742,17124,0.5741,35745,0.5743,22563,0.5744,26968
1753547179189,16:26:19.189,A/USDT:USDT,0.5741,19368,0.574,20291,0.5743,21003,0.5744,15626
1753547179493,16:26:19.493,A/USDT:USDT,0.5741,19368,0.574,20291,0.5743,21003,0.5744,15626
1753547179690,16:26:19.690,A/USDT:USDT,0.5741,19368,0.574,20291,0.5743,21003,0.5744,15626
1753547179895,16:26:19.895,A/USDT:USDT,0.5741,19368,0.574,20291,0.5743,21003,0.5744,15626
1753547179995,16:26:19.995,A/USDT:USDT,0.5741,19368,0.574,20291,0.5743,21003,0.5744,15626
1753547180188,16:26:20.188,A/USDT:USDT,0.5741,19368,0.574,20291,0.5743,21003,0.5744,15626
1753547180594,16:26:20.594,A/USDT:USDT,0.5741,19368,0.574,30326,0.5743,21003,0.5744,15626
1753547180690,16:26:20.690,A/USDT:USDT,0.5741,19368,0.574,30326,0.5743,21003,0.5744,19315
1753547180993,16:26:20.993,A/USDT:USDT,0.5741,19368,0.574,22554,0.5743,21003,0.5744,19315
1753547181190,16:26:21.190,A/USDT:USDT,0.5741,19368,0.574,22554,0.5743,21003,0.5744,15626
1753547181398,16:26:21.398,A/USDT:USDT,0.5741,19368,0.574,20291,0.5743,21003,0.5744,15626
1753547181595,16:26:21.595,A/USDT:USDT,0.5741,19368,0.574,20291,0.5743,21003,0.5744,15626
1753547181692,16:26:21.692,A/USDT:USDT,0.5741,19368,0.574,20291,0.5743,21003,0.5744,15626
1753547181997,16:26:21.997,A/USDT:USDT,0.5741,19368,0.574,20291,0.5743,21003,0.5744,15626
1753547182190,16:26:22.190,A/USDT:USDT,0.5741,19368,0.574,20291,0.5743,21003,0.5744,15626
