timestamp,time,exchange,symbol,bid1_price,bid1_volume,bid2_price,bid2_volume,ask1_price,ask1_volume,ask2_price,ask2_volume
1753591885195,04:51:25.195,bybit,ACE/USDT:USDT,0.5853,38.4,0.5852,18.2,0.5854,350.8,0.5855,1898.4
1753591885294,04:51:25.294,bybit,ACE/USDT:USDT,0.5853,47.0,0.5852,18.2,0.5854,350.8,0.5855,1898.4
1753591885794,04:51:25.794,bybit,ACE/USDT:USDT,0.5853,38.4,0.5852,18.2,0.5854,350.8,0.5855,1898.4
1753591885894,04:51:25.894,bybit,ACE/USDT:USDT,0.5853,47.0,0.5852,18.2,0.5854,350.8,0.5855,1898.4
1753591885994,04:51:25.994,bybit,ACE/USDT:USDT,0.5853,8.6,0.5851,21.6,0.5854,350.8,0.5855,1898.4
1753591886494,04:51:26.494,bybit,ACE/USDT:USDT,0.5853,17.2,0.5851,21.6,0.5854,350.8,0.5855,1898.4
1753591886894,04:51:26.894,bybit,ACE/USDT:USDT,0.5853,17.2,0.5851,21.6,0.5854,350.8,0.5855,1898.4
1753591887494,04:51:27.494,bybit,ACE/USDT:USDT,0.5853,17.2,0.5851,21.6,0.5854,350.8,0.5855,1898.4
1753591887594,04:51:27.594,bybit,ACE/USDT:USDT,0.5853,17.2,0.5851,21.6,0.5854,350.8,0.5855,1898.4
1753591888694,04:51:28.694,bybit,ACE/USDT:USDT,0.5853,17.2,0.5851,21.6,0.5854,350.8,0.5855,1898.4
1753591889194,04:51:29.194,bybit,ACE/USDT:USDT,0.5853,17.2,0.5851,21.6,0.5854,350.8,0.5855,1898.4
1753591889795,04:51:29.795,bybit,ACE/USDT:USDT,0.5853,17.2,0.5851,21.6,0.5854,350.8,0.5855,1898.4
1753591889894,04:51:29.894,bybit,ACE/USDT:USDT,0.5853,17.2,0.5851,21.6,0.5854,350.8,0.5855,1898.4
1753591890194,04:51:30.194,bybit,ACE/USDT:USDT,0.5853,17.2,0.5851,21.6,0.5854,350.8,0.5855,1898.4
1753591890295,04:51:30.295,bybit,ACE/USDT:USDT,0.5853,17.2,0.5851,21.6,0.5854,350.8,0.5855,1898.4
1753591890795,04:51:30.795,bybit,ACE/USDT:USDT,0.5853,17.2,0.5851,21.6,0.5854,350.8,0.5855,1898.4
1753591890994,04:51:30.994,bybit,ACE/USDT:USDT,0.5853,17.2,0.5851,21.6,0.5854,350.8,0.5855,1898.4
1753591891095,04:51:31.095,bybit,ACE/USDT:USDT,0.5853,17.2,0.5851,21.6,0.5854,350.8,0.5855,1898.4
1753591891297,04:51:31.297,bybit,ACE/USDT:USDT,0.5853,17.2,0.5851,21.6,0.5854,350.8,0.5855,1898.4
1753591891394,04:51:31.394,bybit,ACE/USDT:USDT,0.5853,17.2,0.5852,18.2,0.5854,350.8,0.5855,1898.4
1753591891495,04:51:31.495,bybit,ACE/USDT:USDT,0.5853,8.6,0.5852,18.2,0.5854,350.8,0.5855,1898.4
1753591891994,04:51:31.994,bybit,ACE/USDT:USDT,0.5853,8.6,0.5852,18.2,0.5854,350.8,0.5855,1898.4
1753591892094,04:51:32.094,bybit,ACE/USDT:USDT,0.5853,8.6,0.5852,18.2,0.5854,350.8,0.5855,1898.4
1753591892294,04:51:32.294,bybit,ACE/USDT:USDT,0.5853,8.6,0.585,17.2,0.5854,372.6,0.5855,1916.6
1753591892395,04:51:32.395,bybit,ACE/USDT:USDT,0.5853,17.2,0.5851,18.2,0.5854,372.6,0.5855,1898.4
1753591892495,04:51:32.495,bybit,ACE/USDT:USDT,0.5853,8.6,0.5851,18.2,0.5854,372.6,0.5855,1898.4
1753591892594,04:51:32.594,bybit,ACE/USDT:USDT,0.5853,17.2,0.5851,18.2,0.5854,372.6,0.5855,1898.4
1753591892694,04:51:32.694,bybit,ACE/USDT:USDT,0.5853,8.6,0.5851,18.2,0.5854,372.6,0.5855,1898.4
1753591892796,04:51:32.796,bybit,ACE/USDT:USDT,0.5853,17.2,0.5851,18.2,0.5854,372.6,0.5855,1898.4
1753591892894,04:51:32.894,bybit,ACE/USDT:USDT,0.5853,8.6,0.5851,18.2,0.5854,372.6,0.5855,1898.4
1753591892993,04:51:32.993,bybit,ACE/USDT:USDT,0.5853,17.2,0.5851,18.2,0.5854,372.6,0.5855,1898.4
1753591893095,04:51:33.095,bybit,ACE/USDT:USDT,0.5853,8.6,0.5851,18.2,0.5854,372.6,0.5855,1898.4
1753591893195,04:51:33.195,bybit,ACE/USDT:USDT,0.5853,17.2,0.5852,18.2,0.5854,350.8,0.5855,1898.4
1753591893294,04:51:33.294,bybit,ACE/USDT:USDT,0.5853,8.6,0.5852,18.2,0.5854,350.8,0.5855,1898.4
1753591893494,04:51:33.494,bybit,ACE/USDT:USDT,0.5853,11.5,0.5852,18.2,0.5854,350.8,0.5855,1898.4
1753591893794,04:51:33.794,bybit,ACE/USDT:USDT,0.5853,11.5,0.5852,18.2,0.5854,350.8,0.5855,1898.4
1753591893894,04:51:33.894,bybit,ACE/USDT:USDT,0.5853,11.5,0.5852,18.2,0.5854,350.8,0.5855,1898.4
1753591894794,04:51:34.794,bybit,ACE/USDT:USDT,0.5853,11.5,0.5852,18.2,0.5854,350.8,0.5855,1898.4
1753591894894,04:51:34.894,bybit,ACE/USDT:USDT,0.5853,20.1,0.5852,18.2,0.5854,350.8,0.5855,1898.4
1753591894994,04:51:34.994,bybit,ACE/USDT:USDT,0.5853,11.5,0.5852,18.2,0.5854,350.8,0.5855,1898.4
1753591895094,04:51:35.094,bybit,ACE/USDT:USDT,0.5853,20.1,0.5852,18.2,0.5854,350.8,0.5855,1898.4
1753591895194,04:51:35.194,bybit,ACE/USDT:USDT,0.5853,11.5,0.5852,18.2,0.5854,350.8,0.5855,1898.4
1753591895395,04:51:35.395,bybit,ACE/USDT:USDT,0.5853,20.1,0.5852,18.2,0.5854,350.8,0.5855,1898.4
1753591896094,04:51:36.094,bybit,ACE/USDT:USDT,0.5853,20.1,0.5852,18.2,0.5854,350.8,0.5855,1898.4
1753591896198,04:51:36.198,bybit,ACE/USDT:USDT,0.5853,11.5,0.5852,18.2,0.5854,350.8,0.5855,1898.4
1753591897094,04:51:37.094,bybit,ACE/USDT:USDT,0.5853,20.1,0.5852,18.2,0.5854,350.8,0.5855,1898.4
1753591897295,04:51:37.295,bybit,ACE/USDT:USDT,0.5853,11.5,0.5852,18.2,0.5854,350.8,0.5855,1898.4
1753591897694,04:51:37.694,bybit,ACE/USDT:USDT,0.5853,20.1,0.5852,18.2,0.5854,350.8,0.5855,1898.4
1753591898095,04:51:38.095,bybit,ACE/USDT:USDT,0.5853,20.1,0.5852,18.2,0.5854,350.8,0.5855,1898.4
1753591898194,04:51:38.194,bybit,ACE/USDT:USDT,0.5853,20.1,0.5852,18.2,0.5854,350.8,0.5855,1898.4
1753591898294,04:51:38.294,bybit,ACE/USDT:USDT,0.5853,11.5,0.5852,18.2,0.5854,350.8,0.5855,1898.4
1753591898395,04:51:38.395,bybit,ACE/USDT:USDT,0.5853,20.1,0.5852,18.2,0.5854,350.8,0.5855,1898.4
1753591898495,04:51:38.495,bybit,ACE/USDT:USDT,0.5853,11.5,0.5852,18.2,0.5854,350.8,0.5855,1898.4
1753591898594,04:51:38.594,bybit,ACE/USDT:USDT,0.5853,11.5,0.5852,18.2,0.5854,350.8,0.5855,1898.4
1753591898794,04:51:38.794,bybit,ACE/USDT:USDT,0.5853,20.1,0.5852,18.2,0.5854,350.8,0.5855,1898.4
1753591898894,04:51:38.894,bybit,ACE/USDT:USDT,0.5853,20.1,0.5851,18.2,0.5854,372.6,0.5855,1898.4
1753591899196,04:51:39.196,bybit,ACE/USDT:USDT,0.5853,20.1,0.5851,18.2,0.5854,372.6,0.5855,1898.4
1753591899594,04:51:39.594,bybit,ACE/USDT:USDT,0.5853,20.1,0.5851,18.2,0.5854,372.6,0.5855,1898.4
1753591899695,04:51:39.695,bybit,ACE/USDT:USDT,0.5853,11.5,0.5851,18.2,0.5854,350.8,0.5855,1898.4
1753591899893,04:51:39.893,bybit,ACE/USDT:USDT,0.5853,2.9,0.5852,18.2,0.5854,350.8,0.5855,1898.4
1753591900294,04:51:40.294,bybit,ACE/USDT:USDT,0.5853,2.9,0.5852,18.2,0.5854,350.8,0.5855,1898.4
1753591900494,04:51:40.494,bybit,ACE/USDT:USDT,0.5853,2.9,0.5852,18.2,0.5854,350.8,0.5855,1898.4
1753591900896,04:51:40.896,bybit,ACE/USDT:USDT,0.5853,2.9,0.5852,18.2,0.5854,350.8,0.5855,1898.4
1753591900996,04:51:40.996,bybit,ACE/USDT:USDT,0.5853,2.9,0.5852,18.2,0.5854,350.8,0.5855,1898.4
1753591901194,04:51:41.194,bybit,ACE/USDT:USDT,0.5853,2.9,0.5852,18.2,0.5854,350.8,0.5855,440.6
1753591901794,04:51:41.794,bybit,ACE/USDT:USDT,0.5853,2.9,0.5852,18.2,0.5854,350.8,0.5855,440.6
1753591901994,04:51:41.994,bybit,ACE/USDT:USDT,0.5853,2.9,0.5852,18.2,0.5854,350.8,0.5855,440.6
1753591902094,04:51:42.094,bybit,ACE/USDT:USDT,0.5853,2.9,0.5852,18.2,0.5854,350.8,0.5855,440.6
1753591902695,04:51:42.695,bybit,ACE/USDT:USDT,0.5853,2.9,0.5852,18.2,0.5854,350.8,0.5855,440.6
1753591902794,04:51:42.794,bybit,ACE/USDT:USDT,0.5853,2.9,0.5852,18.2,0.5854,350.8,0.5855,0.8
1753591903195,04:51:43.195,bybit,ACE/USDT:USDT,0.5853,2.9,0.5852,18.2,0.5854,350.8,0.5855,0.8
1753591903294,04:51:43.294,bybit,ACE/USDT:USDT,0.5853,2.9,0.5852,18.2,0.5854,350.8,0.5855,0.8
1753591903396,04:51:43.396,bybit,ACE/USDT:USDT,0.5853,2.9,0.5852,18.2,0.5854,350.8,0.5855,19.0
1753591903696,04:51:43.696,bybit,ACE/USDT:USDT,0.5853,2.9,0.5852,18.2,0.5854,350.8,0.5855,19.0
1753591904294,04:51:44.294,bybit,ACE/USDT:USDT,0.5853,2.9,0.5852,18.2,0.5854,350.8,0.5855,19.0
1753591904394,04:51:44.394,bybit,ACE/USDT:USDT,0.5853,2.9,0.5852,18.2,0.5854,350.8,0.5855,19.0
1753591904794,04:51:44.794,bybit,ACE/USDT:USDT,0.5853,2.9,0.5852,18.2,0.5854,350.8,0.5855,19.0
1753591904994,04:51:44.994,bybit,ACE/USDT:USDT,0.5853,2.9,0.5852,18.2,0.5854,350.8,0.5855,19.0
1753591905294,04:51:45.294,bybit,ACE/USDT:USDT,0.5853,2.9,0.5852,18.2,0.5854,350.8,0.5855,19.0
1753591905494,04:51:45.494,bybit,ACE/USDT:USDT,0.5853,2.9,0.5852,18.2,0.5854,350.8,0.5855,19.0
1753591905894,04:51:45.894,bybit,ACE/USDT:USDT,0.5853,2.9,0.5852,18.2,0.5854,350.8,0.5855,19.0
1753591905998,04:51:45.998,bybit,ACE/USDT:USDT,0.5853,2.9,0.5852,18.2,0.5854,350.8,0.5855,19.0
1753591906495,04:51:46.495,bybit,ACE/USDT:USDT,0.5853,2.9,0.5852,18.2,0.5854,350.8,0.5855,19.0
1753591906994,04:51:46.994,bybit,ACE/USDT:USDT,0.5853,2.9,0.5852,18.2,0.5854,350.8,0.5855,19.0
1753591907195,04:51:47.195,bybit,ACE/USDT:USDT,0.5853,2.9,0.5852,18.2,0.5854,350.8,0.5855,19.0
1753591907594,04:51:47.594,bybit,ACE/USDT:USDT,0.5853,2.9,0.5852,18.2,0.5854,350.8,0.5855,19.0
1753591907694,04:51:47.694,bybit,ACE/USDT:USDT,0.5853,2.9,0.5852,18.2,0.5854,350.8,0.5855,19.0
1753591908197,04:51:48.197,bybit,ACE/USDT:USDT,0.5853,2.9,0.5852,18.2,0.5854,350.8,0.5855,19.0
1753591908294,04:51:48.294,bybit,ACE/USDT:USDT,0.5853,2.9,0.5852,18.2,0.5854,350.8,0.5855,19.0
1753591908795,04:51:48.795,bybit,ACE/USDT:USDT,0.5853,2.9,0.5852,18.2,0.5854,350.8,0.5855,19.0
1753591908895,04:51:48.895,bybit,ACE/USDT:USDT,0.5853,2.9,0.5852,18.2,0.5854,350.8,0.5855,19.0
1753591909395,04:51:49.395,bybit,ACE/USDT:USDT,0.5853,2.9,0.5852,18.2,0.5854,350.8,0.5855,19.0
1753591909494,04:51:49.494,bybit,ACE/USDT:USDT,0.5853,2.9,0.5852,18.2,0.5854,350.8,0.5855,19.0
1753591909896,04:51:49.896,bybit,ACE/USDT:USDT,0.5853,2.9,0.5852,18.2,0.5854,350.8,0.5855,19.0
1753591909994,04:51:49.994,bybit,ACE/USDT:USDT,0.5853,11.5,0.5852,18.2,0.5854,350.8,0.5855,19.0
1753591910095,04:51:50.095,bybit,ACE/USDT:USDT,0.5853,2.9,0.5852,18.2,0.5854,350.8,0.5855,19.0
1753591910494,04:51:50.494,bybit,ACE/USDT:USDT,0.5853,2.9,0.5852,18.2,0.5854,350.8,0.5855,19.0
1753591910594,04:51:50.594,bybit,ACE/USDT:USDT,0.5853,2.9,0.5852,18.2,0.5854,350.8,0.5855,19.0
1753591910694,04:51:50.694,bybit,ACE/USDT:USDT,0.5853,11.5,0.5852,18.2,0.5854,350.8,0.5855,19.0
1753591910794,04:51:50.794,bybit,ACE/USDT:USDT,0.5853,2.9,0.5852,26.8,0.5854,350.8,0.5855,19.0
1753591910895,04:51:50.895,bybit,ACE/USDT:USDT,0.5853,11.5,0.5852,26.8,0.5854,350.8,0.5855,19.0
1753591911110,04:51:51.110,bybit,ACE/USDT:USDT,0.5853,2.9,0.5852,26.8,0.5854,350.8,0.5855,19.0
1753591911196,04:51:51.196,bybit,ACE/USDT:USDT,0.5853,11.5,0.5852,26.8,0.5854,350.8,0.5855,19.0
1753591911294,04:51:51.294,bybit,ACE/USDT:USDT,0.5853,2.9,0.5852,26.8,0.5854,350.8,0.5855,19.0
1753591911394,04:51:51.394,bybit,ACE/USDT:USDT,0.5853,11.5,0.5852,26.8,0.5854,350.8,0.5855,19.0
1753591911494,04:51:51.494,bybit,ACE/USDT:USDT,0.5853,2.9,0.5852,26.8,0.5854,350.8,0.5855,19.0
1753591911595,04:51:51.595,bybit,ACE/USDT:USDT,0.5853,11.5,0.5852,26.8,0.5854,350.8,0.5855,19.0
1753591911695,04:51:51.695,bybit,ACE/USDT:USDT,0.5853,11.5,0.5852,8.6,0.5854,350.8,0.5855,19.0
1753591911796,04:51:51.796,bybit,ACE/USDT:USDT,0.5853,20.1,0.5852,8.6,0.5854,350.8,0.5855,19.0
1753591911994,04:51:51.994,bybit,ACE/USDT:USDT,0.5853,11.5,0.5852,8.6,0.5854,350.8,0.5855,19.0
1753591912094,04:51:52.094,bybit,ACE/USDT:USDT,0.5853,11.5,0.5852,26.8,0.5854,350.8,0.5855,19.0
1753591912194,04:51:52.194,bybit,ACE/USDT:USDT,0.5853,2.9,0.5852,26.8,0.5854,350.8,0.5855,19.0
1753591912395,04:51:52.395,bybit,ACE/USDT:USDT,0.5853,11.5,0.5852,26.8,0.5854,350.8,0.5855,19.0
1753591912694,04:51:52.694,bybit,ACE/USDT:USDT,0.5853,11.5,0.5852,26.8,0.5854,350.8,0.5855,19.0
1753591912994,04:51:52.994,bybit,ACE/USDT:USDT,0.5853,11.5,0.5852,26.8,0.5854,350.8,0.5855,19.0
1753591913094,04:51:53.094,bybit,ACE/USDT:USDT,0.5853,2.9,0.5852,26.8,0.5854,350.8,0.5855,19.0
1753591913194,04:51:53.194,bybit,ACE/USDT:USDT,0.5853,11.5,0.5852,26.8,0.5854,350.8,0.5855,19.0
1753591913394,04:51:53.394,bybit,ACE/USDT:USDT,0.5853,11.5,0.5852,26.8,0.5854,350.8,0.5855,19.0
1753591913594,04:51:53.594,bybit,ACE/USDT:USDT,0.5853,11.5,0.5852,26.8,0.5854,350.8,0.5855,19.0
1753591913995,04:51:53.995,bybit,ACE/USDT:USDT,0.5853,11.5,0.5852,26.8,0.5854,350.8,0.5855,19.0
1753591914095,04:51:54.095,bybit,ACE/USDT:USDT,0.5853,11.5,0.5852,26.8,0.5854,350.8,0.5855,19.0
1753591914494,04:51:54.494,bybit,ACE/USDT:USDT,0.5853,2.9,0.5852,26.8,0.5854,350.8,0.5855,19.0
1753591914594,04:51:54.594,bybit,ACE/USDT:USDT,0.5853,11.5,0.5852,26.8,0.5854,350.8,0.5855,19.0
1753591915594,04:51:55.594,bybit,ACE/USDT:USDT,0.5853,11.5,0.5852,26.8,0.5854,350.8,0.5855,19.0
1753591915694,04:51:55.694,bybit,ACE/USDT:USDT,0.5853,11.5,0.5852,26.8,0.5854,350.8,0.5855,19.0
1753591916295,04:51:56.295,bybit,ACE/USDT:USDT,0.5853,11.5,0.5852,26.8,0.5854,350.8,0.5855,19.0
1753591916794,04:51:56.794,bybit,ACE/USDT:USDT,0.5853,20.1,0.5852,26.8,0.5854,350.8,0.5855,19.0
1753591916894,04:51:56.894,bybit,ACE/USDT:USDT,0.5853,11.5,0.5852,26.8,0.5854,350.8,0.5855,19.0
1753591917294,04:51:57.294,bybit,ACE/USDT:USDT,0.5853,11.5,0.5852,26.8,0.5854,350.8,0.5855,19.0
1753591918494,04:51:58.494,bybit,ACE/USDT:USDT,0.5853,11.5,0.5852,26.8,0.5854,350.8,0.5855,19.0
1753591918595,04:51:58.595,bybit,ACE/USDT:USDT,0.5853,11.5,0.5852,26.8,0.5854,350.8,0.5855,19.0
1753591919494,04:51:59.494,bybit,ACE/USDT:USDT,0.5853,11.5,0.5852,26.8,0.5854,350.8,0.5855,19.0
1753591919694,04:51:59.694,bybit,ACE/USDT:USDT,0.5853,11.5,0.5852,26.8,0.5854,350.8,0.5855,19.0
1753591919994,04:51:59.994,bybit,ACE/USDT:USDT,0.5853,11.5,0.5852,26.8,0.5854,350.8,0.5855,19.0
1753591920197,04:52:00.197,bybit,ACE/USDT:USDT,0.5853,11.5,0.5852,26.8,0.5854,350.8,0.5855,19.0
1753591920294,04:52:00.294,bybit,ACE/USDT:USDT,0.5853,2.9,0.5852,26.8,0.5854,350.8,0.5855,19.0
1753591920394,04:52:00.394,bybit,ACE/USDT:USDT,0.5853,11.5,0.5852,26.8,0.5854,350.8,0.5855,19.0
1753591920513,04:52:00.513,bybit,ACE/USDT:USDT,0.5853,2.9,0.5852,26.8,0.5854,350.8,0.5855,19.0
1753591921094,04:52:01.094,bybit,ACE/USDT:USDT,0.5853,11.5,0.5852,26.8,0.5854,350.8,0.5855,19.0
1753591921295,04:52:01.295,bybit,ACE/USDT:USDT,0.5853,11.5,0.5852,26.8,0.5854,350.8,0.5855,19.0
1753591921595,04:52:01.595,bybit,ACE/USDT:USDT,0.5853,2.9,0.5852,26.8,0.5854,350.8,0.5855,19.0
1753591921694,04:52:01.694,bybit,ACE/USDT:USDT,0.5853,11.5,0.5852,26.8,0.5854,350.8,0.5855,19.0
1753591921994,04:52:01.994,bybit,ACE/USDT:USDT,0.5853,2.9,0.5852,26.8,0.5854,350.8,0.5855,19.0
1753591922194,04:52:02.194,bybit,ACE/USDT:USDT,0.5853,2.9,0.5852,26.8,0.5854,350.8,0.5855,19.0
1753591922296,04:52:02.296,bybit,ACE/USDT:USDT,0.5853,2.9,0.5852,26.8,0.5854,350.8,0.5855,19.0
1753591922395,04:52:02.395,bybit,ACE/USDT:USDT,0.5853,11.5,0.5852,26.8,0.5854,350.8,0.5855,19.0
1753591922494,04:52:02.494,bybit,ACE/USDT:USDT,0.5853,2.9,0.5852,26.8,0.5854,350.8,0.5855,19.0
1753591922594,04:52:02.594,bybit,ACE/USDT:USDT,0.5853,11.5,0.5852,26.8,0.5854,350.8,0.5855,19.0
1753591922695,04:52:02.695,bybit,ACE/USDT:USDT,0.5853,2.9,0.5852,26.8,0.5854,350.8,0.5855,19.0
1753591922794,04:52:02.794,bybit,ACE/USDT:USDT,0.5853,11.5,0.5852,26.8,0.5854,350.8,0.5855,19.0
1753591922894,04:52:02.894,bybit,ACE/USDT:USDT,0.5853,11.5,0.5852,26.8,0.5854,350.8,0.5855,19.0
1753591922995,04:52:02.995,bybit,ACE/USDT:USDT,0.5853,2.9,0.5852,26.8,0.5854,350.8,0.5855,19.0
1753591923808,04:52:03.808,bybit,ACE/USDT:USDT,0.5853,2.9,0.5852,26.8,0.5854,350.8,0.5855,19.0
1753591923894,04:52:03.894,bybit,ACE/USDT:USDT,0.5853,2.9,0.5852,26.8,0.5854,350.8,0.5855,19.0
1753591923994,04:52:03.994,bybit,ACE/USDT:USDT,0.5853,2.9,0.5852,26.8,0.5854,350.8,0.5855,19.0
1753591924202,04:52:04.202,bybit,ACE/USDT:USDT,0.5853,2.9,0.5852,26.8,0.5854,350.8,0.5855,19.0
1753591925794,04:52:05.794,bybit,ACE/USDT:USDT,0.5853,2.9,0.5852,26.8,0.5854,350.8,0.5855,19.0
1753591926294,04:52:06.294,bybit,ACE/USDT:USDT,0.5853,2.9,0.5852,26.8,0.5854,350.8,0.5855,19.0
1753591926394,04:52:06.394,bybit,ACE/USDT:USDT,0.5853,11.5,0.5852,26.8,0.5854,350.8,0.5855,19.0
1753591926494,04:52:06.494,bybit,ACE/USDT:USDT,0.5853,2.9,0.5852,26.8,0.5854,350.8,0.5855,19.0
1753591926695,04:52:06.695,bybit,ACE/USDT:USDT,0.5853,11.5,0.5852,26.8,0.5854,350.8,0.5855,19.0
1753591926894,04:52:06.894,bybit,ACE/USDT:USDT,0.5853,2.9,0.5852,26.8,0.5854,350.8,0.5855,19.0
1753591926994,04:52:06.994,bybit,ACE/USDT:USDT,0.5853,11.5,0.5852,18.2,0.5854,350.8,0.5855,19.0
1753591927094,04:52:07.094,bybit,ACE/USDT:USDT,0.5853,2.9,0.5852,18.2,0.5854,359.4,0.5855,19.0
1753591927195,04:52:07.195,bybit,ACE/USDT:USDT,0.5853,11.5,0.5852,18.2,0.5854,359.4,0.5855,19.0
1753591927295,04:52:07.295,bybit,ACE/USDT:USDT,0.5853,2.9,0.5852,18.2,0.5854,359.4,0.5855,19.0
1753591927394,04:52:07.394,bybit,ACE/USDT:USDT,0.5853,2.9,0.5852,18.2,0.5854,359.4,0.5855,19.0
1753591927695,04:52:07.695,bybit,ACE/USDT:USDT,0.5853,11.5,0.5852,18.2,0.5854,359.4,0.5855,19.0
1753591927894,04:52:07.894,bybit,ACE/USDT:USDT,0.5853,2.9,0.5852,18.2,0.5854,359.4,0.5855,19.0
1753591927995,04:52:07.995,bybit,ACE/USDT:USDT,0.5853,11.5,0.5852,18.2,0.5854,359.4,0.5855,19.0
1753591928094,04:52:08.094,bybit,ACE/USDT:USDT,0.5853,2.9,0.5852,18.2,0.5854,359.4,0.5855,19.0
1753591928496,04:52:08.496,bybit,ACE/USDT:USDT,0.5853,11.5,0.5851,18.2,0.5854,381.2,0.5855,19.0
1753591928894,04:52:08.894,bybit,ACE/USDT:USDT,0.5853,11.5,0.5851,18.2,0.5854,381.2,0.5855,19.0
1753591929094,04:52:09.094,bybit,ACE/USDT:USDT,0.5853,11.5,0.5851,18.2,0.5854,359.4,0.5855,19.0
1753591929195,04:52:09.195,bybit,ACE/USDT:USDT,0.5853,2.9,0.5851,18.2,0.5854,359.4,0.5855,19.0
1753591929494,04:52:09.494,bybit,ACE/USDT:USDT,0.5853,2.9,0.5852,18.2,0.5854,359.4,0.5855,19.0
1753591929594,04:52:09.594,bybit,ACE/USDT:USDT,0.5853,2.9,0.5852,18.2,0.5854,359.4,0.5855,19.0
1753591932995,04:52:12.995,bybit,ACE/USDT:USDT,0.5853,2.9,0.5852,18.2,0.5854,359.4,0.5855,19.0
1753591933094,04:52:13.094,bybit,ACE/USDT:USDT,0.5853,2.9,0.5852,18.2,0.5854,359.4,0.5855,19.0
1753591934199,04:52:14.199,bybit,ACE/USDT:USDT,0.5853,2.9,0.5852,18.2,0.5854,359.4,0.5855,19.0
1753591934295,04:52:14.295,bybit,ACE/USDT:USDT,0.5853,2.9,0.5852,18.2,0.5854,359.4,0.5855,19.0
1753591935294,04:52:15.294,bybit,ACE/USDT:USDT,0.5853,2.9,0.5852,18.2,0.5854,359.4,0.5855,19.0
1753591935394,04:52:15.394,bybit,ACE/USDT:USDT,0.5853,2.9,0.5852,18.2,0.5854,359.4,0.5855,19.0
1753591935796,04:52:15.796,bybit,ACE/USDT:USDT,0.5853,2.9,0.5852,18.2,0.5854,359.4,0.5855,19.0
1753591935894,04:52:15.894,bybit,ACE/USDT:USDT,0.5853,2.9,0.5852,18.2,0.5854,359.4,0.5855,19.0
1753591937513,04:52:17.513,bybit,ACE/USDT:USDT,0.5853,2.9,0.5852,18.2,0.5854,359.4,0.5855,19.0
1753591937595,04:52:17.595,bybit,ACE/USDT:USDT,0.5853,2.9,0.5852,18.2,0.5854,359.4,0.5855,19.0
1753591939394,04:52:19.394,bybit,ACE/USDT:USDT,0.5853,2.9,0.5852,18.2,0.5854,359.4,0.5855,19.0
1753591939495,04:52:19.495,bybit,ACE/USDT:USDT,0.5853,2.9,0.5852,18.2,0.5854,360.4,0.5855,19.0
1753591939794,04:52:19.794,bybit,ACE/USDT:USDT,0.5853,2.9,0.5852,18.2,0.5854,360.4,0.5855,19.0
1753591939894,04:52:19.894,bybit,ACE/USDT:USDT,0.5853,2.9,0.5852,18.2,0.5854,360.4,0.5855,19.0
1753591940295,04:52:20.295,bybit,ACE/USDT:USDT,0.5853,2.9,0.5852,18.2,0.5854,360.4,0.5855,19.0
1753591940395,04:52:20.395,bybit,ACE/USDT:USDT,0.5853,2.9,0.5852,18.2,0.5854,360.4,0.5855,19.0
1753591940894,04:52:20.894,bybit,ACE/USDT:USDT,0.5853,2.9,0.5852,18.2,0.5854,360.4,0.5855,19.0
1753591941495,04:52:21.495,bybit,ACE/USDT:USDT,0.5853,2.9,0.5852,18.2,0.5854,360.4,0.5855,19.0
1753591941994,04:52:21.994,bybit,ACE/USDT:USDT,0.5853,2.9,0.5852,18.2,0.5854,360.4,0.5855,19.0
1753591942094,04:52:22.094,bybit,ACE/USDT:USDT,0.5853,2.9,0.5852,18.2,0.5854,360.4,0.5855,19.0
1753591942595,04:52:22.595,bybit,ACE/USDT:USDT,0.5853,2.9,0.5852,18.2,0.5854,360.4,0.5855,19.0
1753591942695,04:52:22.695,bybit,ACE/USDT:USDT,0.5853,2.9,0.5852,18.2,0.5854,360.4,0.5855,19.0
1753591943295,04:52:23.295,bybit,ACE/USDT:USDT,0.5853,24.7,0.5852,18.2,0.5854,360.4,0.5855,0.8
1753591943494,04:52:23.494,bybit,ACE/USDT:USDT,0.5853,2.9,0.5852,18.2,0.5854,360.4,0.5855,0.8
1753591943694,04:52:23.694,bybit,ACE/USDT:USDT,0.5853,2.9,0.5852,18.2,0.5854,359.4,0.5855,19.1
1753591943794,04:52:23.794,bybit,ACE/USDT:USDT,0.5853,2.9,0.5852,18.2,0.5854,361.0,0.5855,19.1
1753591944894,04:52:24.894,bybit,ACE/USDT:USDT,0.5853,2.9,0.5852,18.2,0.5854,361.0,0.5855,19.1
1753591944994,04:52:24.994,bybit,ACE/USDT:USDT,0.5853,2.9,0.5852,18.2,0.5854,361.0,0.5855,19.1
1753591945494,04:52:25.494,bybit,ACE/USDT:USDT,0.5853,2.9,0.5852,18.2,0.5854,361.0,0.5855,19.1
1753591945595,04:52:25.595,bybit,ACE/USDT:USDT,0.5853,2.9,0.5852,18.2,0.5854,361.0,0.5855,19.1
1753591945995,04:52:25.995,bybit,ACE/USDT:USDT,0.5853,2.9,0.5852,18.2,0.5854,361.0,0.5855,19.1
1753591946094,04:52:26.094,bybit,ACE/USDT:USDT,0.5853,2.9,0.5852,18.2,0.5854,361.0,0.5855,19.1
1753591946494,04:52:26.494,bybit,ACE/USDT:USDT,0.5853,2.9,0.5852,18.2,0.5854,361.0,0.5855,19.1
1753591947194,04:52:27.194,bybit,ACE/USDT:USDT,0.5853,2.9,0.5852,18.2,0.5854,361.0,0.5855,19.1
1753591947294,04:52:27.294,bybit,ACE/USDT:USDT,0.5853,2.9,0.5852,18.2,0.5854,361.0,0.5855,19.1
1753591947794,04:52:27.794,bybit,ACE/USDT:USDT,0.5853,2.9,0.5852,18.2,0.5854,361.0,0.5855,19.1
1753591947895,04:52:27.895,bybit,ACE/USDT:USDT,0.5853,2.9,0.5852,18.2,0.5854,361.0,0.5855,19.1
1753591948295,04:52:28.295,bybit,ACE/USDT:USDT,0.5853,2.9,0.5852,18.2,0.5854,361.0,0.5855,19.1
1753591948395,04:52:28.395,bybit,ACE/USDT:USDT,0.5853,2.9,0.5852,18.2,0.5854,361.0,0.5855,19.1
1753591951294,04:52:31.294,bybit,ACE/USDT:USDT,0.5853,2.9,0.5851,18.2,0.5854,361.0,0.5855,19.1
1753591951394,04:52:31.394,bybit,ACE/USDT:USDT,0.5853,11.5,0.5851,18.2,0.5854,361.0,0.5855,19.1
1753591951495,04:52:31.495,bybit,ACE/USDT:USDT,0.5853,2.9,0.5851,18.2,0.5854,361.0,0.5855,19.1
1753591951594,04:52:31.594,bybit,ACE/USDT:USDT,0.5853,11.5,0.5851,18.2,0.5854,361.0,0.5855,19.1
1753591951994,04:52:31.994,bybit,ACE/USDT:USDT,0.5853,11.5,0.5852,18.3,0.5854,361.0,0.5855,19.1
1753591952494,04:52:32.494,bybit,ACE/USDT:USDT,0.5853,2.9,0.5852,18.3,0.5854,361.0,0.5855,19.1
1753591953595,04:52:33.595,bybit,ACE/USDT:USDT,0.5853,2.9,0.5852,18.3,0.5854,361.0,0.5855,19.1
1753591953694,04:52:33.694,bybit,ACE/USDT:USDT,0.5853,2.9,0.5852,18.3,0.5854,361.0,0.5855,19.1
1753591954094,04:52:34.094,bybit,ACE/USDT:USDT,0.5853,2.9,0.5852,18.3,0.5854,361.0,0.5855,19.1
1753591954194,04:52:34.194,bybit,ACE/USDT:USDT,0.5853,2.9,0.5852,18.3,0.5854,361.0,0.5855,19.1
1753591955195,04:52:35.195,bybit,ACE/USDT:USDT,0.5853,2.9,0.5852,18.3,0.5854,361.0,0.5855,19.1
1753591955294,04:52:35.294,bybit,ACE/USDT:USDT,0.5853,2.9,0.5852,18.3,0.5854,361.0,0.5855,19.1
1753591956294,04:52:36.294,bybit,ACE/USDT:USDT,0.5853,2.9,0.5852,18.3,0.5854,361.0,0.5855,19.1
1753591956394,04:52:36.394,bybit,ACE/USDT:USDT,0.5853,2.9,0.5852,18.3,0.5854,361.0,0.5855,19.1
1753591957096,04:52:37.096,bybit,ACE/USDT:USDT,0.5853,2.9,0.5852,18.3,0.5854,361.0,0.5855,19.1
1753591957894,04:52:37.894,bybit,ACE/USDT:USDT,0.5853,2.9,0.5852,18.3,0.5854,361.0,0.5855,19.1
1753591957994,04:52:37.994,bybit,ACE/USDT:USDT,0.5853,2.9,0.5852,18.3,0.5854,361.0,0.5855,19.1
1753591958996,04:52:38.996,bybit,ACE/USDT:USDT,0.5853,2.9,0.5852,18.3,0.5854,361.0,0.5855,19.1
1753591959794,04:52:39.794,bybit,ACE/USDT:USDT,0.5853,2.9,0.5852,18.3,0.5854,361.0,0.5855,19.1
1753591960394,04:52:40.394,bybit,ACE/USDT:USDT,0.5853,2.9,0.5851,18.2,0.5854,361.0,0.5855,19.1
1753591960594,04:52:40.594,bybit,ACE/USDT:USDT,0.5853,2.9,0.5851,18.2,0.5854,361.0,0.5855,19.1
1753591960796,04:52:40.796,bybit,ACE/USDT:USDT,0.5853,2.9,0.5851,18.2,0.5854,361.0,0.5855,19.1
1753591961295,04:52:41.295,bybit,ACE/USDT:USDT,0.5853,2.9,0.5851,18.2,0.5854,361.0,0.5855,19.1
1753591961495,04:52:41.495,bybit,ACE/USDT:USDT,0.5853,2.9,0.5851,18.2,0.5854,361.0,0.5855,19.1
1753591961694,04:52:41.694,bybit,ACE/USDT:USDT,0.5853,11.5,0.5851,18.2,0.5854,361.0,0.5855,19.1
1753591962094,04:52:42.094,bybit,ACE/USDT:USDT,0.5853,2.9,0.5851,18.2,0.5854,361.0,0.5855,19.1
1753591962196,04:52:42.196,bybit,ACE/USDT:USDT,0.5853,11.5,0.5851,18.2,0.5854,361.0,0.5855,19.1
1753591962294,04:52:42.294,bybit,ACE/USDT:USDT,0.5853,2.9,0.5851,18.2,0.5854,361.0,0.5855,19.1
1753591962394,04:52:42.394,bybit,ACE/USDT:USDT,0.5853,11.5,0.5851,18.2,0.5854,361.0,0.5855,19.1
1753591962494,04:52:42.494,bybit,ACE/USDT:USDT,0.5853,2.9,0.5851,18.2,0.5854,361.0,0.5855,19.1
1753591962795,04:52:42.795,bybit,ACE/USDT:USDT,0.5853,2.9,0.5851,18.2,0.5854,361.0,0.5855,19.1
1753591962895,04:52:42.895,bybit,ACE/USDT:USDT,0.5853,2.9,0.5851,18.2,0.5854,361.0,0.5855,19.1
1753591963894,04:52:43.894,bybit,ACE/USDT:USDT,0.5853,2.9,0.5851,18.2,0.5854,361.0,0.5855,19.1
1753591963994,04:52:43.994,bybit,ACE/USDT:USDT,0.5853,2.9,0.5851,18.2,0.5854,361.0,0.5855,19.1
1753591964394,04:52:44.394,bybit,ACE/USDT:USDT,0.5853,2.9,0.5851,18.2,0.5854,361.0,0.5855,19.1
1753591964494,04:52:44.494,bybit,ACE/USDT:USDT,0.5853,2.9,0.5851,18.2,0.5854,361.0,0.5855,19.1
1753591964994,04:52:44.994,bybit,ACE/USDT:USDT,0.5853,2.9,0.5851,18.2,0.5854,361.0,0.5855,19.1
1753591965094,04:52:45.094,bybit,ACE/USDT:USDT,0.5853,2.9,0.5851,18.2,0.5854,361.0,0.5855,19.1
1753591965495,04:52:45.495,bybit,ACE/USDT:USDT,0.5853,2.9,0.5851,18.2,0.5854,361.0,0.5855,19.1
1753591966094,04:52:46.094,bybit,ACE/USDT:USDT,0.5853,2.9,0.5851,18.2,0.5854,361.0,0.5855,19.1
1753591966695,04:52:46.695,bybit,ACE/USDT:USDT,0.5853,2.9,0.5851,18.2,0.5854,361.0,0.5855,19.1
1753591966795,04:52:46.795,bybit,ACE/USDT:USDT,0.5853,2.9,0.5851,18.2,0.5854,361.0,0.5855,19.1
1753591967195,04:52:47.195,bybit,ACE/USDT:USDT,0.5853,2.9,0.5851,18.2,0.5854,361.0,0.5855,19.1
1753591967294,04:52:47.294,bybit,ACE/USDT:USDT,0.5853,2.9,0.5851,18.2,0.5854,361.0,0.5855,19.1
1753591967895,04:52:47.895,bybit,ACE/USDT:USDT,0.5853,2.9,0.5851,18.2,0.5854,361.0,0.5855,19.1
1753591967995,04:52:47.995,bybit,ACE/USDT:USDT,0.5853,2.9,0.5851,18.2,0.5854,361.0,0.5855,19.1
1753591968394,04:52:48.394,bybit,ACE/USDT:USDT,0.5853,2.9,0.5852,18.3,0.5854,361.0,0.5855,19.1
1753591968794,04:52:48.794,bybit,ACE/USDT:USDT,0.5853,2.9,0.5852,18.3,0.5854,361.0,0.5855,19.1
1753591968894,04:52:48.894,bybit,ACE/USDT:USDT,0.5853,2.9,0.5852,18.3,0.5854,361.0,0.5855,19.1
1753591969294,04:52:49.294,bybit,ACE/USDT:USDT,0.5853,2.9,0.5852,18.3,0.5854,361.0,0.5855,19.1
1753591969396,04:52:49.396,bybit,ACE/USDT:USDT,0.5853,2.9,0.5852,18.3,0.5854,361.0,0.5855,19.1
1753591969994,04:52:49.994,bybit,ACE/USDT:USDT,0.5853,2.9,0.5852,18.3,0.5854,361.0,0.5855,19.1
1753591970094,04:52:50.094,bybit,ACE/USDT:USDT,0.5853,2.9,0.5852,18.3,0.5854,361.0,0.5855,19.1
1753591970494,04:52:50.494,bybit,ACE/USDT:USDT,0.5853,2.9,0.5852,18.3,0.5854,361.0,0.5855,19.1
1753591970695,04:52:50.695,bybit,ACE/USDT:USDT,0.5853,2.9,0.5852,18.3,0.5854,361.0,0.5855,19.1
1753591971094,04:52:51.094,bybit,ACE/USDT:USDT,0.5853,2.9,0.5852,18.3,0.5854,361.0,0.5855,19.1
1753591971195,04:52:51.195,bybit,ACE/USDT:USDT,0.5853,2.9,0.5852,18.3,0.5854,361.0,0.5855,19.1
1753591971694,04:52:51.694,bybit,ACE/USDT:USDT,0.5853,2.9,0.5852,18.3,0.5854,361.0,0.5855,19.1
1753591973395,04:52:53.395,bybit,ACE/USDT:USDT,0.5853,2.9,0.5852,18.3,0.5854,361.0,0.5855,19.1
1753591974695,04:52:54.695,bybit,ACE/USDT:USDT,0.5853,2.9,0.5852,18.3,0.5854,361.0,0.5855,19.1
1753591974994,04:52:54.994,bybit,ACE/USDT:USDT,0.5853,2.9,0.5852,18.3,0.5854,361.0,0.5855,19.1
1753591975094,04:52:55.094,bybit,ACE/USDT:USDT,0.5853,2.9,0.5852,18.3,0.5854,361.0,0.5855,19.1
1753591975594,04:52:55.594,bybit,ACE/USDT:USDT,0.5853,2.9,0.5852,18.3,0.5854,361.0,0.5855,19.1
1753591975694,04:52:55.694,bybit,ACE/USDT:USDT,0.5853,2.9,0.5852,18.3,0.5854,361.0,0.5855,19.1
1753591975794,04:52:55.794,bybit,ACE/USDT:USDT,0.5853,2.9,0.5852,18.3,0.5854,361.0,0.5855,19.1
1753591976393,04:52:56.393,bybit,ACE/USDT:USDT,0.5853,2.9,0.5852,18.3,0.5854,361.0,0.5855,19.1
1753591976694,04:52:56.694,bybit,ACE/USDT:USDT,0.5853,2.9,0.5852,18.3,0.5854,361.0,0.5855,19.1
1753591976794,04:52:56.794,bybit,ACE/USDT:USDT,0.5853,2.9,0.5852,18.3,0.5854,361.0,0.5855,19.1
1753591977394,04:52:57.394,bybit,ACE/USDT:USDT,0.5853,2.9,0.5852,18.3,0.5854,352.4,0.5855,19.1
1753591977794,04:52:57.794,bybit,ACE/USDT:USDT,0.5853,2.9,0.5852,18.3,0.5854,352.4,0.5855,19.1
1753591977994,04:52:57.994,bybit,ACE/USDT:USDT,0.5853,2.9,0.5852,18.3,0.5854,352.4,0.5855,19.1
1753591978994,04:52:58.994,bybit,ACE/USDT:USDT,0.5853,2.9,0.5852,18.3,0.5854,352.4,0.5855,19.1
1753591979094,04:52:59.094,bybit,ACE/USDT:USDT,0.5853,2.9,0.5852,18.3,0.5854,352.4,0.5855,19.1
1753591979494,04:52:59.494,bybit,ACE/USDT:USDT,0.5853,2.9,0.5852,18.3,0.5854,352.4,0.5855,19.1
1753591980594,04:53:00.594,bybit,ACE/USDT:USDT,0.5853,2.9,0.5852,18.3,0.5854,352.4,0.5855,19.1
1753591980894,04:53:00.894,bybit,ACE/USDT:USDT,0.5853,2.9,0.5852,18.3,0.5854,352.4,0.5855,19.1
1753591981195,04:53:01.195,bybit,ACE/USDT:USDT,0.5853,2.9,0.5852,18.3,0.5854,352.4,0.5855,19.1
1753591981295,04:53:01.295,bybit,ACE/USDT:USDT,0.5853,2.9,0.5852,18.3,0.5854,352.4,0.5855,19.1
1753591981694,04:53:01.694,bybit,ACE/USDT:USDT,0.5853,2.9,0.5852,18.3,0.5854,352.4,0.5855,19.1
1753591982894,04:53:02.894,bybit,ACE/USDT:USDT,0.5853,2.9,0.5852,18.3,0.5854,352.4,0.5855,19.1
1753591982995,04:53:02.995,bybit,ACE/USDT:USDT,0.5853,2.9,0.5852,18.3,0.5854,352.4,0.5855,19.1
1753591983394,04:53:03.394,bybit,ACE/USDT:USDT,0.5853,2.9,0.5852,18.3,0.5854,352.4,0.5855,19.1
1753591983494,04:53:03.494,bybit,ACE/USDT:USDT,0.5853,2.9,0.5852,18.3,0.5854,352.4,0.5855,19.1
1753591983895,04:53:03.895,bybit,ACE/USDT:USDT,0.5853,2.9,0.5852,18.3,0.5854,352.4,0.5855,19.1
1753591983994,04:53:03.994,bybit,ACE/USDT:USDT,0.5853,2.9,0.5852,18.3,0.5854,352.4,0.5855,19.1
1753591984494,04:53:04.494,bybit,ACE/USDT:USDT,0.5853,2.9,0.5852,18.3,0.5854,352.4,0.5855,19.1
1753591984595,04:53:04.595,bybit,ACE/USDT:USDT,0.5853,2.9,0.5852,18.3,0.5854,352.4,0.5855,19.1
1753591984794,04:53:04.794,bybit,ACE/USDT:USDT,0.5853,2.9,0.5852,18.3,0.5854,352.4,0.5855,19.1
1753591985295,04:53:05.295,bybit,ACE/USDT:USDT,0.5853,2.9,0.5852,18.3,0.5854,352.4,0.5855,19.1
1753591985696,04:53:05.696,bybit,ACE/USDT:USDT,0.5853,2.9,0.5852,18.3,0.5854,352.4,0.5855,19.1
1753591987095,04:53:07.095,bybit,ACE/USDT:USDT,0.5853,2.9,0.5852,18.3,0.5854,361.0,0.5855,19.1
1753591988095,04:53:08.095,bybit,ACE/USDT:USDT,0.5853,11.5,0.5852,18.3,0.5854,361.0,0.5855,19.1
1753591988395,04:53:08.395,bybit,ACE/USDT:USDT,0.5853,2.9,0.5852,18.3,0.5854,361.0,0.5855,19.1
1753591988694,04:53:08.694,bybit,ACE/USDT:USDT,0.5853,11.5,0.5852,18.3,0.5854,361.0,0.5855,19.1
1753591988794,04:53:08.794,bybit,ACE/USDT:USDT,0.5853,2.9,0.5852,18.3,0.5854,361.0,0.5855,19.1
1753591988894,04:53:08.894,bybit,ACE/USDT:USDT,0.5853,11.5,0.5852,18.3,0.5854,361.0,0.5855,19.1
1753591988994,04:53:08.994,bybit,ACE/USDT:USDT,0.5853,2.9,0.5852,18.3,0.5854,361.0,0.5855,19.1
1753591989095,04:53:09.095,bybit,ACE/USDT:USDT,0.5853,11.5,0.5852,18.3,0.5854,361.0,0.5855,19.1
1753591989295,04:53:09.295,bybit,ACE/USDT:USDT,0.5853,11.5,0.5852,18.3,0.5854,361.0,0.5855,19.1
1753591989394,04:53:09.394,bybit,ACE/USDT:USDT,0.5853,11.5,0.5852,18.3,0.5854,361.0,0.5855,19.1
1753591989494,04:53:09.494,bybit,ACE/USDT:USDT,0.5853,2.9,0.5852,18.3,0.5854,361.0,0.5855,19.1
1753591990294,04:53:10.294,bybit,ACE/USDT:USDT,0.5853,2.9,0.5852,18.3,0.5854,361.0,0.5855,19.1
1753591990395,04:53:10.395,bybit,ACE/USDT:USDT,0.5853,2.9,0.5852,18.3,0.5854,361.0,0.5855,19.1
1753591990495,04:53:10.495,bybit,ACE/USDT:USDT,0.5853,2.9,0.5852,18.3,0.5854,361.0,0.5855,19.1
1753591990995,04:53:10.995,bybit,ACE/USDT:USDT,0.5853,2.9,0.5852,18.3,0.5854,361.0,0.5855,19.1
1753591991094,04:53:11.094,bybit,ACE/USDT:USDT,0.5853,2.9,0.5852,18.3,0.5854,361.0,0.5855,19.1
1753591991996,04:53:11.996,bybit,ACE/USDT:USDT,0.5853,2.9,0.5851,18.2,0.5854,382.8,0.5855,19.1
1753591992094,04:53:12.094,bybit,ACE/USDT:USDT,0.5853,20.1,0.5851,18.2,0.5854,382.8,0.5855,19.1
1753591992200,04:53:12.200,bybit,ACE/USDT:USDT,0.5853,11.5,0.5851,18.2,0.5854,382.8,0.5855,19.1
1753591992295,04:53:12.295,bybit,ACE/USDT:USDT,0.5853,11.5,0.5851,18.2,0.5854,382.8,0.5855,19.1
1753591992494,04:53:12.494,bybit,ACE/USDT:USDT,0.5853,20.1,0.5851,18.2,0.5854,382.8,0.5855,19.1
1753591992594,04:53:12.594,bybit,ACE/USDT:USDT,0.5853,11.5,0.5851,18.2,0.5854,382.8,0.5855,19.1
1753591992894,04:53:12.894,bybit,ACE/USDT:USDT,0.585,18.2,0.5849,17.9,0.5853,18.4,0.5854,33.0
1753591993195,04:53:13.195,bybit,ACE/USDT:USDT,0.585,18.2,0.5849,17.9,0.5853,18.4,0.5854,33.0
1753591993294,04:53:13.294,bybit,ACE/USDT:USDT,0.585,18.2,0.5849,17.9,0.5853,18.4,0.5854,33.0
1753591993494,04:53:13.494,bybit,ACE/USDT:USDT,0.585,18.2,0.5849,17.9,0.5853,18.4,0.5854,33.0
1753591993695,04:53:13.695,bybit,ACE/USDT:USDT,0.585,18.2,0.5849,17.9,0.5853,18.4,0.5854,33.0
1753591993794,04:53:13.794,bybit,ACE/USDT:USDT,0.585,18.2,0.5849,17.9,0.5853,18.4,0.5854,33.0
1753591993994,04:53:13.994,bybit,ACE/USDT:USDT,0.585,18.2,0.5849,17.9,0.5853,18.4,0.5854,33.0
1753591994094,04:53:14.094,bybit,ACE/USDT:USDT,0.585,125.2,0.5849,17.9,0.5853,18.4,0.5854,33.0
1753591994794,04:53:14.794,bybit,ACE/USDT:USDT,0.585,125.2,0.5849,17.9,0.5853,18.4,0.5854,33.0
1753591994895,04:53:14.895,bybit,ACE/USDT:USDT,0.585,125.2,0.5849,17.9,0.5853,18.4,0.5854,33.0
1753591995294,04:53:15.294,bybit,ACE/USDT:USDT,0.585,125.2,0.5849,17.9,0.5853,18.4,0.5854,33.0
1753591995694,04:53:15.694,bybit,ACE/USDT:USDT,0.585,125.2,0.5849,17.9,0.5853,18.4,0.5854,33.0
1753591995894,04:53:15.894,bybit,ACE/USDT:USDT,0.585,125.2,0.5849,17.9,0.5853,18.4,0.5854,33.0
1753591995994,04:53:15.994,bybit,ACE/USDT:USDT,0.585,125.2,0.5849,17.9,0.5853,18.4,0.5854,33.0
1753591997495,04:53:17.495,bybit,ACE/USDT:USDT,0.585,125.2,0.5849,17.9,0.5853,18.4,0.5854,33.0
1753591997594,04:53:17.594,bybit,ACE/USDT:USDT,0.585,125.2,0.5849,17.9,0.5853,18.4,0.5854,33.0
1753591998696,04:53:18.696,bybit,ACE/USDT:USDT,0.585,125.2,0.5849,17.9,0.5853,18.4,0.5854,33.0
1753591999094,04:53:19.094,bybit,ACE/USDT:USDT,0.585,125.2,0.5849,17.9,0.5853,18.4,0.5854,33.0
1753591999195,04:53:19.195,bybit,ACE/USDT:USDT,0.585,125.2,0.5849,17.9,0.5853,18.4,0.5854,33.0
1753592000196,04:53:20.196,bybit,ACE/USDT:USDT,0.585,125.2,0.5849,17.9,0.5853,18.4,0.5854,33.0
1753592000295,04:53:20.295,bybit,ACE/USDT:USDT,0.585,125.2,0.5849,17.9,0.5853,18.4,0.5854,33.0
1753592001294,04:53:21.294,bybit,ACE/USDT:USDT,0.585,125.2,0.5849,17.9,0.5853,18.4,0.5854,33.0
1753592001394,04:53:21.394,bybit,ACE/USDT:USDT,0.585,125.2,0.5849,17.9,0.5853,18.4,0.5854,33.0
1753592001696,04:53:21.696,bybit,ACE/USDT:USDT,0.585,125.2,0.5849,17.9,0.5853,18.4,0.5854,33.0
1753592002394,04:53:22.394,bybit,ACE/USDT:USDT,0.585,125.2,0.5849,17.9,0.5853,18.4,0.5854,33.0
1753592002494,04:53:22.494,bybit,ACE/USDT:USDT,0.585,125.2,0.5849,17.9,0.5853,18.4,0.5854,33.0
1753592002594,04:53:22.594,bybit,ACE/USDT:USDT,0.585,125.2,0.5849,17.9,0.5853,18.4,0.5854,33.0
1753592002794,04:53:22.794,bybit,ACE/USDT:USDT,0.585,125.2,0.5849,17.9,0.5853,18.4,0.5854,33.0
1753592002894,04:53:22.894,bybit,ACE/USDT:USDT,0.585,125.2,0.5849,17.9,0.5853,18.4,0.5854,33.0
1753592002994,04:53:22.994,bybit,ACE/USDT:USDT,0.585,125.2,0.5849,17.9,0.5853,18.4,0.5854,33.0
1753592003594,04:53:23.594,bybit,ACE/USDT:USDT,0.585,125.2,0.5849,17.9,0.5853,18.4,0.5854,33.0
1753592003694,04:53:23.694,bybit,ACE/USDT:USDT,0.585,125.2,0.5849,17.9,0.5853,18.4,0.5854,33.0
1753592003994,04:53:23.994,bybit,ACE/USDT:USDT,0.585,125.2,0.5849,17.9,0.5853,18.4,0.5854,33.0
1753592004202,04:53:24.202,bybit,ACE/USDT:USDT,0.585,125.2,0.5849,17.9,0.5853,18.4,0.5854,33.0
1753592005194,04:53:25.194,bybit,ACE/USDT:USDT,0.585,125.2,0.5849,17.9,0.5853,18.4,0.5854,33.0
1753592005695,04:53:25.695,bybit,ACE/USDT:USDT,0.585,125.2,0.5849,17.9,0.5853,18.4,0.5854,33.0
1753592005794,04:53:25.794,bybit,ACE/USDT:USDT,0.585,125.2,0.5849,17.9,0.5853,18.4,0.5854,33.0
1753592006196,04:53:26.196,bybit,ACE/USDT:USDT,0.585,125.2,0.5849,17.9,0.5853,18.4,0.5854,33.0
1753592006895,04:53:26.895,bybit,ACE/USDT:USDT,0.585,125.2,0.5849,17.9,0.5853,18.4,0.5854,33.0
1753592006994,04:53:26.994,bybit,ACE/USDT:USDT,0.585,125.2,0.5849,17.9,0.5853,18.4,0.5854,33.0
1753592007494,04:53:27.494,bybit,ACE/USDT:USDT,0.585,125.2,0.5849,17.9,0.5853,18.4,0.5854,33.0
1753592007594,04:53:27.594,bybit,ACE/USDT:USDT,0.585,125.2,0.5849,17.9,0.5853,18.4,0.5854,33.0
1753592008094,04:53:28.094,bybit,ACE/USDT:USDT,0.585,125.2,0.5849,17.9,0.5853,18.4,0.5854,33.0
1753592008196,04:53:28.196,bybit,ACE/USDT:USDT,0.585,125.2,0.5849,17.9,0.5853,18.4,0.5854,33.0
1753592008295,04:53:28.295,bybit,ACE/USDT:USDT,0.585,125.2,0.5849,17.9,0.5853,18.4,0.5854,33.0
1753592009294,04:53:29.294,bybit,ACE/USDT:USDT,0.585,125.2,0.5849,17.9,0.5853,18.4,0.5854,33.0
1753592009794,04:53:29.794,bybit,ACE/USDT:USDT,0.585,125.2,0.5849,17.9,0.5853,18.4,0.5854,33.0
1753592009894,04:53:29.894,bybit,ACE/USDT:USDT,0.585,125.2,0.5849,17.9,0.5853,18.4,0.5854,33.0
1753592010295,04:53:30.295,bybit,ACE/USDT:USDT,0.5852,532.2,0.5851,18.4,0.5854,33.0,0.5855,18.3
1753592010494,04:53:30.494,bybit,ACE/USDT:USDT,0.5852,107.0,0.5851,18.4,0.5854,33.0,0.5855,18.3
1753592010894,04:53:30.894,bybit,ACE/USDT:USDT,0.5852,107.0,0.5851,18.4,0.5854,33.0,0.5855,18.3
1753592010995,04:53:30.995,bybit,ACE/USDT:USDT,0.5852,107.0,0.5851,18.4,0.5854,33.0,0.5855,18.3
1753592011395,04:53:31.395,bybit,ACE/USDT:USDT,0.5852,107.0,0.5851,18.4,0.5854,33.0,0.5855,18.3
1753592011494,04:53:31.494,bybit,ACE/USDT:USDT,0.5852,107.0,0.5851,18.4,0.5854,33.0,0.5855,18.3
1753592011995,04:53:31.995,bybit,ACE/USDT:USDT,0.5852,107.0,0.5851,18.4,0.5854,33.0,0.5855,18.3
1753592012094,04:53:32.094,bybit,ACE/USDT:USDT,0.5852,107.0,0.5851,18.4,0.5854,33.0,0.5855,18.3
1753592012295,04:53:32.295,bybit,ACE/USDT:USDT,0.5852,107.0,0.5851,18.4,0.5854,33.0,0.5855,18.3
1753592012494,04:53:32.494,bybit,ACE/USDT:USDT,0.5852,107.0,0.5851,18.4,0.5854,33.0,0.5855,18.3
1753592012695,04:53:32.695,bybit,ACE/USDT:USDT,0.5852,107.0,0.5851,18.4,0.5853,1.3,0.5854,31.4
1753592013094,04:53:33.094,bybit,ACE/USDT:USDT,0.5852,107.0,0.5851,18.4,0.5853,1.3,0.5854,31.4
1753592013195,04:53:33.195,bybit,ACE/USDT:USDT,0.5852,107.0,0.5851,18.4,0.5853,1.3,0.5854,31.4
1753592013695,04:53:33.695,bybit,ACE/USDT:USDT,0.5852,107.0,0.5851,18.4,0.5853,1.3,0.5854,31.4
1753592014195,04:53:34.195,bybit,ACE/USDT:USDT,0.5852,107.0,0.5851,18.4,0.5853,1.3,0.5854,31.4
1753592014294,04:53:34.294,bybit,ACE/USDT:USDT,0.5852,107.0,0.5851,18.4,0.5853,1.3,0.5854,31.4
1753592014794,04:53:34.794,bybit,ACE/USDT:USDT,0.5852,107.0,0.5851,18.4,0.5853,1.3,0.5854,31.4
1753592014896,04:53:34.896,bybit,ACE/USDT:USDT,0.5852,107.0,0.5851,18.4,0.5853,1.3,0.5854,31.4
1753592015197,04:53:35.197,bybit,ACE/USDT:USDT,0.5852,107.0,0.5851,18.4,0.5853,1.3,0.5854,31.4
1753592015295,04:53:35.295,bybit,ACE/USDT:USDT,0.5852,107.0,0.5851,18.4,0.5853,1.3,0.5854,31.4
1753592015394,04:53:35.394,bybit,ACE/USDT:USDT,0.5852,107.0,0.5851,18.4,0.5853,1.3,0.5854,31.4
1753592015894,04:53:35.894,bybit,ACE/USDT:USDT,0.5852,107.0,0.5851,18.4,0.5853,1.3,0.5854,31.4
1753592015995,04:53:35.995,bybit,ACE/USDT:USDT,0.5852,128.8,0.5851,18.4,0.5853,1.3,0.5854,9.6
1753592016395,04:53:36.395,bybit,ACE/USDT:USDT,0.5852,188.9,0.5851,18.4,0.5853,1.3,0.5854,9.6
1753592016594,04:53:36.594,bybit,ACE/USDT:USDT,0.5852,188.9,0.5851,18.4,0.5853,1.3,0.5854,9.6
1753592016794,04:53:36.794,bybit,ACE/USDT:USDT,0.5852,188.9,0.5851,18.4,0.5853,1.3,0.5854,9.6
1753592016919,04:53:36.919,bybit,ACE/USDT:USDT,0.5852,188.9,0.5851,18.4,0.5853,2.1,0.5854,9.6
1753592017594,04:53:37.594,bybit,ACE/USDT:USDT,0.5852,188.9,0.5851,18.4,0.5853,2.1,0.5854,9.6
1753592017694,04:53:37.694,bybit,ACE/USDT:USDT,0.5852,188.9,0.5851,18.4,0.5853,2.1,0.5854,9.6
1753592017995,04:53:37.995,bybit,ACE/USDT:USDT,0.5852,661.0,0.5851,18.4,0.5853,2.1,0.5854,9.6
1753592018094,04:53:38.094,bybit,ACE/USDT:USDT,0.5852,661.0,0.5851,18.4,0.5853,2.1,0.5854,9.6
1753592018197,04:53:38.197,bybit,ACE/USDT:USDT,0.5852,661.0,0.5851,18.4,0.5853,2.1,0.5854,9.6
1753592018395,04:53:38.395,bybit,ACE/USDT:USDT,0.5852,2136.8,0.5849,722.2,0.5853,2.1,0.5854,9.6
1753592018795,04:53:38.795,bybit,ACE/USDT:USDT,0.5852,2136.8,0.5849,722.2,0.5853,2.1,0.5854,9.6
1753592019294,04:53:39.294,bybit,ACE/USDT:USDT,0.5852,2136.8,0.5849,722.2,0.5853,2.1,0.5854,9.6
1753592019394,04:53:39.394,bybit,ACE/USDT:USDT,0.5852,2136.8,0.5849,722.2,0.5853,2.1,0.5854,9.6
1753592019894,04:53:39.894,bybit,ACE/USDT:USDT,0.5852,1249.9,0.5849,722.2,0.5853,2.1,0.5854,9.6
1753592019994,04:53:39.994,bybit,ACE/USDT:USDT,0.5852,1249.9,0.5849,722.2,0.5853,2.1,0.5854,9.6
1753592020495,04:53:40.495,bybit,ACE/USDT:USDT,0.5852,777.8,0.585,18.5,0.5853,2.1,0.5854,9.6
1753592020694,04:53:40.694,bybit,ACE/USDT:USDT,0.5852,1295.1,0.585,18.5,0.5853,2.1,0.5854,9.6
1753592020794,04:53:40.794,bybit,ACE/USDT:USDT,0.5852,1812.4,0.585,18.5,0.5853,2.1,0.5854,9.6
1753592020994,04:53:40.994,bybit,ACE/USDT:USDT,0.5852,1812.4,0.585,18.5,0.5853,2.1,0.5854,9.6
1753592021494,04:53:41.494,bybit,ACE/USDT:USDT,0.5852,1812.4,0.585,18.5,0.5853,2.1,0.5854,9.6
1753592022200,04:53:42.200,bybit,ACE/USDT:USDT,0.5852,923.3,0.585,18.5,0.5853,2.1,0.5854,9.6
1753592022294,04:53:42.294,bybit,ACE/USDT:USDT,0.5852,923.3,0.585,18.5,0.5853,2.1,0.5854,9.6
1753592023195,04:53:43.195,bybit,ACE/USDT:USDT,0.5852,923.3,0.585,18.5,0.5853,2.1,0.5854,9.6
1753592023694,04:53:43.694,bybit,ACE/USDT:USDT,0.5852,1043.5,0.585,18.5,0.5853,2.1,0.5854,9.6
1753592024094,04:53:44.094,bybit,ACE/USDT:USDT,0.5852,961.6,0.585,18.5,0.5853,2.1,0.5854,28.1
1753592024695,04:53:44.695,bybit,ACE/USDT:USDT,0.5852,1183.3,0.585,18.5,0.5853,2.1,0.5854,28.1
1753592024795,04:53:44.795,bybit,ACE/USDT:USDT,0.5852,1183.3,0.585,18.5,0.5853,2.1,0.5854,28.1
1753592024994,04:53:44.994,bybit,ACE/USDT:USDT,0.5852,1183.3,0.585,18.5,0.5853,2.1,0.5854,28.1
1753592025095,04:53:45.095,bybit,ACE/USDT:USDT,0.5852,1243.4,0.585,18.5,0.5853,2.1,0.5854,28.1
1753592025294,04:53:45.294,bybit,ACE/USDT:USDT,0.5852,1243.4,0.585,18.5,0.5853,2.1,0.5854,28.1
1753592025495,04:53:45.495,bybit,ACE/USDT:USDT,0.5852,1243.4,0.585,18.5,0.5853,2.1,0.5854,28.1
1753592025895,04:53:45.895,bybit,ACE/USDT:USDT,0.5852,1243.4,0.585,18.5,0.5853,2.1,0.5854,28.1
1753592025994,04:53:45.994,bybit,ACE/USDT:USDT,0.5852,1243.4,0.585,18.5,0.5853,2.1,0.5854,28.1
1753592026094,04:53:46.094,bybit,ACE/USDT:USDT,0.5852,1123.2,0.585,18.5,0.5853,2.1,0.5854,28.1
1753592026395,04:53:46.395,bybit,ACE/USDT:USDT,0.5852,1123.2,0.585,18.5,0.5853,2.1,0.5854,9.6
1753592026494,04:53:46.494,bybit,ACE/USDT:USDT,0.5852,1183.3,0.585,18.5,0.5853,2.1,0.5854,9.6
1753592026695,04:53:46.695,bybit,ACE/USDT:USDT,0.5852,1243.4,0.585,18.5,0.5853,2.1,0.5854,9.6
1753592028194,04:53:48.194,bybit,ACE/USDT:USDT,0.5852,1414.3,0.585,18.5,0.5853,10.7,0.5854,9.6
1753592028296,04:53:48.296,bybit,ACE/USDT:USDT,0.5852,1243.4,0.585,18.5,0.5853,2.1,0.5854,9.6
1753592028594,04:53:48.594,bybit,ACE/USDT:USDT,0.5852,1243.4,0.585,18.5,0.5853,2.1,0.5854,9.6
1753592028694,04:53:48.694,bybit,ACE/USDT:USDT,0.5852,1243.4,0.585,18.5,0.5853,10.7,0.5854,9.6
1753592028896,04:53:48.896,bybit,ACE/USDT:USDT,0.5852,1243.4,0.585,18.5,0.5853,10.7,0.5854,9.6
1753592028996,04:53:48.996,bybit,ACE/USDT:USDT,0.5852,1243.4,0.585,18.5,0.5853,2.1,0.5854,9.6
1753592029094,04:53:49.094,bybit,ACE/USDT:USDT,0.5852,1243.4,0.585,18.5,0.5853,2.1,0.5854,9.6
1753592029396,04:53:49.396,bybit,ACE/USDT:USDT,0.5852,1243.4,0.585,18.5,0.5853,2.1,0.5854,9.6
1753592030100,04:53:50.100,bybit,ACE/USDT:USDT,0.5852,1423.9,0.585,18.5,0.5853,2.1,0.5854,9.6
1753592030201,04:53:50.201,bybit,ACE/USDT:USDT,0.5852,1744.4,0.585,18.5,0.5853,2.1,0.5854,9.6
1753592030294,04:53:50.294,bybit,ACE/USDT:USDT,0.5852,1744.4,0.585,18.5,0.5853,2.1,0.5854,9.6
1753592031395,04:53:51.395,bybit,ACE/USDT:USDT,0.5852,1744.4,0.585,18.5,0.5853,2.1,0.5854,9.6
1753592031494,04:53:51.494,bybit,ACE/USDT:USDT,0.5852,1744.4,0.585,18.5,0.5853,2.1,0.5854,9.6
1753592031594,04:53:51.594,bybit,ACE/USDT:USDT,0.5852,2166.4,0.5849,722.2,0.5853,2.1,0.5854,9.6
1753592032094,04:53:52.094,bybit,ACE/USDT:USDT,0.5852,2337.3,0.5849,722.2,0.5853,2.1,0.5854,9.6
1753592032295,04:53:52.295,bybit,ACE/USDT:USDT,0.5852,2477.5,0.5849,722.2,0.5853,2.1,0.5854,9.6
1753592032594,04:53:52.594,bybit,ACE/USDT:USDT,0.5852,2477.5,0.5849,722.2,0.5853,2.1,0.5854,9.6
1753592032694,04:53:52.694,bybit,ACE/USDT:USDT,0.5852,2477.5,0.5849,722.2,0.5853,2.1,0.5854,9.6
1753592033195,04:53:53.195,bybit,ACE/USDT:USDT,0.5852,2820.3,0.5849,722.2,0.5853,2.1,0.5854,9.6
1753592033294,04:53:53.294,bybit,ACE/USDT:USDT,0.5852,3181.2,0.5849,722.2,0.5853,2.1,0.5854,9.6
1753592033395,04:53:53.395,bybit,ACE/USDT:USDT,0.5852,3541.8,0.5849,722.2,0.5853,2.1,0.5854,9.6
1753592033894,04:53:53.894,bybit,ACE/USDT:USDT,0.5852,3541.8,0.5849,722.2,0.5853,2.1,0.5854,9.6
1753592034196,04:53:54.196,bybit,ACE/USDT:USDT,0.5852,3916.7,0.5849,722.2,0.5853,2.1,0.5854,9.6
1753592034295,04:53:54.295,bybit,ACE/USDT:USDT,0.5852,1998.1,0.5849,722.2,0.5853,2.1,0.5854,9.6
1753592034394,04:53:54.394,bybit,ACE/USDT:USDT,0.5852,2369.1,0.5849,722.2,0.5853,2.1,0.5854,9.6
1753592035494,04:53:55.494,bybit,ACE/USDT:USDT,0.5852,2369.1,0.5849,722.2,0.5853,2.1,0.5854,9.6
1753592035595,04:53:55.595,bybit,ACE/USDT:USDT,0.5852,2369.1,0.5849,722.2,0.5853,2.1,0.5854,9.6
1753592035994,04:53:55.994,bybit,ACE/USDT:USDT,0.5852,2762.2,0.5849,722.2,0.5853,2.1,0.5854,9.6
1753592036094,04:53:56.094,bybit,ACE/USDT:USDT,0.5852,2591.3,0.5849,722.2,0.5853,2.1,0.5854,9.6
1753592036197,04:53:56.197,bybit,ACE/USDT:USDT,0.5852,2762.2,0.5849,722.2,0.5853,2.1,0.5854,9.6
1753592036294,04:53:56.294,bybit,ACE/USDT:USDT,0.5852,2591.3,0.5849,722.2,0.5853,2.1,0.5854,9.6
1753592036395,04:53:56.395,bybit,ACE/USDT:USDT,0.5852,2762.2,0.5849,722.2,0.5853,2.1,0.5854,9.6
1753592036494,04:53:56.494,bybit,ACE/USDT:USDT,0.5852,2591.3,0.5849,722.2,0.5853,2.1,0.5854,9.6
1753592036594,04:53:56.594,bybit,ACE/USDT:USDT,0.5852,2762.2,0.5849,722.2,0.5853,2.1,0.5854,9.6
1753592036695,04:53:56.695,bybit,ACE/USDT:USDT,0.5852,2762.2,0.5849,722.2,0.5853,2.1,0.5854,9.6
1753592037094,04:53:57.094,bybit,ACE/USDT:USDT,0.5852,2770.8,0.5849,722.2,0.5853,2.1,0.5854,1.0
1753592037295,04:53:57.295,bybit,ACE/USDT:USDT,0.5852,2762.2,0.5849,722.2,0.5853,2.1,0.5854,1.0
1753592037694,04:53:57.694,bybit,ACE/USDT:USDT,0.5852,2762.2,0.585,17.2,0.5853,2.1,0.5854,1.0
1753592037895,04:53:57.895,bybit,ACE/USDT:USDT,0.5852,2770.8,0.585,17.2,0.5853,10.7,0.5854,1.0
1753592037996,04:53:57.996,bybit,ACE/USDT:USDT,0.5852,2770.8,0.585,17.2,0.5853,2.1,0.5854,1.0
1753592038494,04:53:58.494,bybit,ACE/USDT:USDT,0.5852,2399.8,0.585,17.2,0.5853,2.1,0.5854,1.0
1753592038595,04:53:58.595,bybit,ACE/USDT:USDT,0.5852,2391.2,0.585,17.2,0.5853,2.1,0.5854,1.0
1753592039195,04:53:59.195,bybit,ACE/USDT:USDT,0.5852,2391.2,0.585,17.2,0.5853,2.1,0.5854,1.0
1753592039295,04:53:59.295,bybit,ACE/USDT:USDT,0.5852,2391.2,0.585,17.2,0.5853,2.1,0.5854,1.0
1753592039694,04:53:59.694,bybit,ACE/USDT:USDT,0.5852,2391.2,0.585,17.2,0.5853,2.1,0.5854,1.0
1753592039794,04:53:59.794,bybit,ACE/USDT:USDT,0.5852,2391.2,0.585,17.2,0.5853,2.1,0.5854,1.0
1753592039995,04:53:59.995,bybit,ACE/USDT:USDT,0.5852,2391.2,0.585,17.2,0.5853,2.1,0.5854,1.0
1753592040495,04:54:00.495,bybit,ACE/USDT:USDT,0.5852,2391.2,0.585,17.2,0.5853,1.9,0.5854,1.0
1753592040694,04:54:00.694,bybit,ACE/USDT:USDT,0.5852,2835.9,0.585,17.2,0.5853,1.9,0.5854,1.0
1753592041294,04:54:01.294,bybit,ACE/USDT:USDT,0.5852,2835.9,0.585,17.2,0.5853,1.9,0.5854,1.0
1753592041395,04:54:01.395,bybit,ACE/USDT:USDT,0.5852,2835.9,0.585,17.2,0.5853,1.9,0.5854,1.0
1753592041494,04:54:01.494,bybit,ACE/USDT:USDT,0.5852,2835.9,0.585,17.2,0.5853,1.9,0.5854,1.0
1753592041895,04:54:01.895,bybit,ACE/USDT:USDT,0.5852,2835.9,0.585,17.2,0.5853,10.5,0.5854,1.0
1753592041995,04:54:01.995,bybit,ACE/USDT:USDT,0.5852,2076.0,0.585,17.2,0.5853,1.9,0.5854,1.0
1753592042094,04:54:02.094,bybit,ACE/USDT:USDT,0.5852,2067.4,0.585,17.2,0.5853,1.9,0.5854,1.0
1753592042396,04:54:02.396,bybit,ACE/USDT:USDT,0.5852,2067.4,0.585,17.2,0.5853,1.9,0.5854,1.0
1753592042594,04:54:02.594,bybit,ACE/USDT:USDT,0.5852,2067.4,0.585,17.2,0.5853,1.9,0.5854,1.0
1753592042995,04:54:02.995,bybit,ACE/USDT:USDT,0.5852,2067.4,0.585,17.2,0.5853,1.9,0.5854,1.0
1753592043095,04:54:03.095,bybit,ACE/USDT:USDT,0.5852,2489.8,0.585,17.2,0.5853,1.9,0.5854,1.0
1753592044495,04:54:04.495,bybit,ACE/USDT:USDT,0.5852,2489.8,0.585,17.2,0.5853,1.9,0.5854,1.0
1753592044595,04:54:04.595,bybit,ACE/USDT:USDT,0.5852,2498.4,0.585,17.2,0.5853,11.9,0.5855,18.5
1753592044694,04:54:04.694,bybit,ACE/USDT:USDT,0.5852,2498.4,0.585,17.2,0.5853,11.9,0.5855,18.5
1753592044794,04:54:04.794,bybit,ACE/USDT:USDT,0.5852,2498.4,0.585,17.2,0.5853,11.9,0.5855,18.5
1753592045194,04:54:05.194,bybit,ACE/USDT:USDT,0.5852,2498.4,0.585,17.2,0.5853,11.9,0.5855,18.5
1753592045294,04:54:05.294,bybit,ACE/USDT:USDT,0.5852,2498.4,0.585,17.2,0.5853,11.9,0.5855,18.5
1753592045396,04:54:05.396,bybit,ACE/USDT:USDT,0.5852,2498.4,0.585,17.2,0.5853,11.9,0.5855,18.5
1753592045794,04:54:05.794,bybit,ACE/USDT:USDT,0.5852,2498.4,0.585,17.2,0.5853,11.9,0.5855,18.5
1753592045894,04:54:05.894,bybit,ACE/USDT:USDT,0.5852,2498.4,0.585,17.2,0.5853,11.9,0.5855,18.5
1753592045996,04:54:05.996,bybit,ACE/USDT:USDT,0.5852,2498.4,0.585,17.2,0.5853,3.3,0.5855,18.5
1753592046095,04:54:06.095,bybit,ACE/USDT:USDT,0.5852,2489.8,0.585,17.2,0.5853,11.9,0.5854,8.6
1753592046196,04:54:06.196,bybit,ACE/USDT:USDT,0.5853,115.6,0.5852,921.4,0.5855,27.1,0.5856,35.7
1753592046394,04:54:06.394,bybit,ACE/USDT:USDT,0.5853,1370.1,0.5852,588.9,0.5855,18.5,0.5856,35.7
1753592046496,04:54:06.496,bybit,ACE/USDT:USDT,0.5853,1489.5,0.5852,1160.2,0.5856,18.5,0.5857,27.1
1753592046595,04:54:06.595,bybit,ACE/USDT:USDT,0.5856,22.0,0.5855,22.0,0.5857,8.6,0.5859,891.7
1753592046695,04:54:06.695,bybit,ACE/USDT:USDT,0.5854,876.2,0.5853,477.1,0.5857,30.6,0.5858,18.6
1753592046794,04:54:06.794,bybit,ACE/USDT:USDT,0.5854,941.7,0.5853,477.1,0.5857,30.6,0.5858,18.6
1753592046894,04:54:06.894,bybit,ACE/USDT:USDT,0.5855,18.6,0.5854,347.1,0.5858,18.6,0.5859,549.4
1753592047294,04:54:07.294,bybit,ACE/USDT:USDT,0.5855,18.6,0.5854,347.1,0.5858,18.6,0.5859,549.4
1753592047394,04:54:07.394,bybit,ACE/USDT:USDT,0.5855,18.6,0.5854,347.1,0.5858,18.6,0.5859,549.4
1753592047795,04:54:07.795,bybit,ACE/USDT:USDT,0.5855,632.9,0.5854,347.1,0.5858,18.6,0.5859,549.4
1753592047994,04:54:07.994,bybit,ACE/USDT:USDT,0.5855,632.9,0.5854,347.1,0.5858,18.6,0.5859,549.4
1753592048095,04:54:08.095,bybit,ACE/USDT:USDT,0.5855,632.9,0.5854,347.1,0.5858,18.6,0.5859,549.4
1753592048594,04:54:08.594,bybit,ACE/USDT:USDT,0.5855,632.9,0.5854,347.1,0.5858,18.6,0.5859,549.4
1753592049095,04:54:09.095,bybit,ACE/USDT:USDT,0.5855,632.9,0.5854,347.1,0.5858,18.6,0.5859,549.4
1753592049194,04:54:09.194,bybit,ACE/USDT:USDT,0.5855,632.9,0.5854,347.1,0.5858,18.6,0.5859,549.4
1753592049295,04:54:09.295,bybit,ACE/USDT:USDT,0.5855,632.9,0.5854,347.1,0.5858,18.6,0.5859,549.4
1753592049594,04:54:09.594,bybit,ACE/USDT:USDT,0.5855,632.9,0.5854,347.1,0.5858,18.6,0.5859,549.4
1753592049695,04:54:09.695,bybit,ACE/USDT:USDT,0.5855,632.9,0.5854,81.4,0.5858,18.6,0.5859,549.4
1753592049894,04:54:09.894,bybit,ACE/USDT:USDT,0.5855,1700.3,0.5854,18.6,0.5858,18.6,0.5859,549.4
1753592050197,04:54:10.197,bybit,ACE/USDT:USDT,0.5856,375.3,0.5855,1086.0,0.5858,18.6,0.5859,549.4
1753592050395,04:54:10.395,bybit,ACE/USDT:USDT,0.5855,2092.1,0.5854,18.6,0.5858,18.6,0.5859,549.4
1753592050594,04:54:10.594,bybit,ACE/USDT:USDT,0.5856,449.9,0.5855,538.5,0.5859,659.2,0.586,1466.4
1753592050696,04:54:10.696,bybit,ACE/USDT:USDT,0.5855,18.6,0.5854,18.6,0.5858,18.7,0.5859,464.1
1753592051094,04:54:11.094,bybit,ACE/USDT:USDT,0.5855,129.7,0.5854,18.6,0.5858,18.7,0.5859,18.6
1753592051196,04:54:11.196,bybit,ACE/USDT:USDT,0.5855,1063.1,0.5854,18.6,0.5858,18.7,0.5859,18.6
1753592051294,04:54:11.294,bybit,ACE/USDT:USDT,0.5855,545.4,0.5854,18.6,0.5858,18.7,0.5859,18.6
1753592051896,04:54:11.896,bybit,ACE/USDT:USDT,0.5855,485.3,0.5854,18.6,0.5858,18.7,0.5859,18.6
1753592051994,04:54:11.994,bybit,ACE/USDT:USDT,0.5855,576.9,0.5854,18.6,0.5858,18.7,0.5859,18.6
1753592052198,04:54:12.198,bybit,ACE/USDT:USDT,0.5855,808.9,0.5854,18.6,0.5858,18.7,0.5859,18.6
1753592052294,04:54:12.294,bybit,ACE/USDT:USDT,0.5855,808.9,0.5854,18.6,0.5858,18.7,0.5859,18.6
1753592052394,04:54:12.394,bybit,ACE/USDT:USDT,0.5855,808.9,0.5854,18.6,0.5858,18.7,0.5859,18.6
1753592053395,04:54:13.395,bybit,ACE/USDT:USDT,0.5855,110.2,0.5854,18.6,0.5858,18.7,0.5859,18.6
1753592053495,04:54:13.495,bybit,ACE/USDT:USDT,0.5855,110.2,0.5854,18.6,0.5858,18.7,0.5859,18.6
1753592053794,04:54:13.794,bybit,ACE/USDT:USDT,0.5855,595.3,0.5854,18.6,0.5858,18.7,0.5859,18.6
1753592053894,04:54:13.894,bybit,ACE/USDT:USDT,0.5855,827.3,0.5854,18.6,0.5858,18.7,0.5859,18.6
1753592053996,04:54:13.996,bybit,ACE/USDT:USDT,0.5855,827.3,0.5854,18.6,0.5858,18.7,0.5859,18.6
1753592054094,04:54:14.094,bybit,ACE/USDT:USDT,0.5855,827.3,0.5854,18.6,0.5858,18.7,0.5859,18.6
1753592054194,04:54:14.194,bybit,ACE/USDT:USDT,0.5855,827.3,0.5854,18.6,0.5858,18.7,0.5859,18.6
1753592054294,04:54:14.294,bybit,ACE/USDT:USDT,0.5856,504.9,0.5855,110.2,0.5858,18.7,0.5859,18.6
1753592054394,04:54:14.394,bybit,ACE/USDT:USDT,0.5855,966.0,0.5854,18.6,0.5858,18.7,0.5859,18.6
1753592054494,04:54:14.494,bybit,ACE/USDT:USDT,0.5855,966.0,0.5854,18.6,0.5858,18.7,0.5859,18.6
1753592054596,04:54:14.596,bybit,ACE/USDT:USDT,0.5856,586.6,0.5855,614.3,0.5858,18.7,0.5859,18.6
1753592054894,04:54:14.894,bybit,ACE/USDT:USDT,0.5855,110.2,0.5854,18.6,0.5858,18.7,0.5859,18.6
1753592054994,04:54:14.994,bybit,ACE/USDT:USDT,0.5856,461.6,0.5855,651.2,0.5858,18.7,0.5859,18.6
1753592055095,04:54:15.095,bybit,ACE/USDT:USDT,0.5855,250.6,0.5854,18.6,0.5858,18.7,0.5859,18.6
1753592055494,04:54:15.494,bybit,ACE/USDT:USDT,0.5855,250.6,0.5854,18.6,0.5858,18.7,0.5859,18.6
1753592055594,04:54:15.594,bybit,ACE/USDT:USDT,0.5855,250.6,0.5854,18.6,0.5858,18.7,0.5859,18.6
1753592055794,04:54:15.794,bybit,ACE/USDT:USDT,0.5855,250.6,0.5854,18.6,0.5858,18.7,0.5859,18.6
1753592056095,04:54:16.095,bybit,ACE/USDT:USDT,0.5856,401.5,0.5855,250.6,0.5858,18.7,0.5859,18.6
1753592056197,04:54:16.197,bybit,ACE/USDT:USDT,0.5856,401.5,0.5855,1338.3,0.5858,18.7,0.5859,18.6
1753592056294,04:54:16.294,bybit,ACE/USDT:USDT,0.5855,18.6,0.5854,18.6,0.5858,18.7,0.5859,18.6
1753592056495,04:54:16.495,bybit,ACE/USDT:USDT,0.5853,51.0,0.5852,18.8,0.5856,22.0,0.5857,18.8
1753592056612,04:54:16.612,bybit,ACE/USDT:USDT,0.5853,886.3,0.5852,18.8,0.5856,22.0,0.5857,18.8
1753592056695,04:54:16.695,bybit,ACE/USDT:USDT,0.5853,1014.1,0.5852,18.8,0.5856,22.0,0.5857,18.8
1753592056794,04:54:16.794,bybit,ACE/USDT:USDT,0.5854,18.8,0.5853,886.3,0.5857,18.8,0.5858,18.7
1753592056994,04:54:16.994,bybit,ACE/USDT:USDT,0.5854,69.8,0.5853,82.7,0.5857,18.8,0.5858,18.7
1753592057194,04:54:17.194,bybit,ACE/USDT:USDT,0.5854,69.8,0.5853,82.7,0.5857,18.8,0.5858,18.7
1753592058395,04:54:18.395,bybit,ACE/USDT:USDT,0.5854,69.8,0.5853,82.7,0.5857,18.8,0.5858,18.7
1753592058794,04:54:18.794,bybit,ACE/USDT:USDT,0.5854,69.8,0.5853,82.7,0.5857,18.8,0.5858,18.7
1753592058894,04:54:18.894,bybit,ACE/USDT:USDT,0.5854,69.8,0.5853,82.7,0.5857,18.8,0.5858,18.7
1753592060394,04:54:20.394,bybit,ACE/USDT:USDT,0.5854,69.8,0.5853,18.8,0.5857,18.8,0.5858,18.7
1753592060595,04:54:20.595,bybit,ACE/USDT:USDT,0.5854,268.4,0.5853,18.8,0.5857,18.8,0.5858,18.7
1753592061094,04:54:21.094,bybit,ACE/USDT:USDT,0.5854,268.4,0.5853,18.8,0.5857,18.8,0.5858,18.7
1753592061195,04:54:21.195,bybit,ACE/USDT:USDT,0.5854,268.4,0.5853,18.8,0.5857,18.8,0.5858,18.7
1753592062094,04:54:22.094,bybit,ACE/USDT:USDT,0.5854,268.4,0.5853,18.8,0.5857,18.8,0.5858,18.7
1753592062295,04:54:22.295,bybit,ACE/USDT:USDT,0.5854,268.4,0.5853,18.8,0.5857,18.8,0.5858,18.7
1753592062694,04:54:22.694,bybit,ACE/USDT:USDT,0.5854,268.4,0.5853,18.8,0.5857,18.8,0.5858,18.7
1753592062794,04:54:22.794,bybit,ACE/USDT:USDT,0.5854,268.4,0.5853,18.8,0.5857,18.8,0.5858,18.7
1753592063894,04:54:23.894,bybit,ACE/USDT:USDT,0.5854,268.4,0.5853,18.8,0.5857,18.8,0.5858,18.7
1753592064197,04:54:24.197,bybit,ACE/USDT:USDT,0.5854,268.4,0.5853,18.8,0.5857,18.8,0.5858,18.7
1753592064394,04:54:24.394,bybit,ACE/USDT:USDT,0.5854,268.4,0.5853,18.8,0.5857,18.8,0.5858,18.7
1753592064594,04:54:24.594,bybit,ACE/USDT:USDT,0.5854,268.4,0.5853,18.8,0.5857,18.8,0.5858,18.7
1753592064994,04:54:24.994,bybit,ACE/USDT:USDT,0.5854,268.4,0.5853,18.8,0.5857,18.8,0.5858,18.7
1753592065095,04:54:25.095,bybit,ACE/USDT:USDT,0.5854,268.4,0.5853,18.8,0.5857,18.8,0.5858,18.7
1753592065594,04:54:25.594,bybit,ACE/USDT:USDT,0.5854,268.4,0.5853,18.8,0.5857,18.8,0.5858,18.7
1753592065694,04:54:25.694,bybit,ACE/USDT:USDT,0.5854,268.4,0.5853,18.8,0.5857,18.8,0.5858,18.7
1753592066094,04:54:26.094,bybit,ACE/USDT:USDT,0.5854,176.8,0.5853,18.8,0.5857,18.8,0.5858,18.7
1753592066295,04:54:26.295,bybit,ACE/USDT:USDT,0.5854,268.4,0.5853,18.8,0.5857,18.8,0.5858,18.7
1753592067195,04:54:27.195,bybit,ACE/USDT:USDT,0.5854,268.4,0.5853,18.8,0.5857,18.8,0.5858,18.7
1753592067394,04:54:27.394,bybit,ACE/USDT:USDT,0.5854,268.4,0.5853,18.8,0.5857,18.8,0.5858,18.7
1753592067495,04:54:27.495,bybit,ACE/USDT:USDT,0.5854,268.4,0.5853,18.8,0.5857,18.8,0.5858,18.7
1753592067894,04:54:27.894,bybit,ACE/USDT:USDT,0.5854,268.4,0.5853,18.8,0.5857,18.8,0.5858,18.7
1753592067994,04:54:27.994,bybit,ACE/USDT:USDT,0.5854,268.4,0.5853,18.8,0.5857,18.8,0.5858,18.7
1753592068494,04:54:28.494,bybit,ACE/USDT:USDT,0.5854,268.4,0.5853,18.8,0.5857,18.8,0.5858,18.7
1753592068596,04:54:28.596,bybit,ACE/USDT:USDT,0.5854,268.4,0.5853,18.8,0.5857,18.8,0.5858,18.7
1753592069697,04:54:29.697,bybit,ACE/USDT:USDT,0.5854,268.4,0.5853,18.8,0.5857,18.8,0.5858,18.7
1753592069794,04:54:29.794,bybit,ACE/USDT:USDT,0.5854,268.4,0.5853,18.8,0.5857,18.8,0.5858,18.7
1753592070295,04:54:30.295,bybit,ACE/USDT:USDT,0.5854,268.4,0.5853,18.8,0.5857,18.8,0.5858,18.7
1753592070794,04:54:30.794,bybit,ACE/USDT:USDT,0.5854,268.4,0.5853,18.8,0.5857,18.8,0.5858,18.7
1753592070894,04:54:30.894,bybit,ACE/USDT:USDT,0.5854,268.4,0.5853,18.8,0.5857,18.8,0.5858,18.7
1753592071394,04:54:31.394,bybit,ACE/USDT:USDT,0.5854,268.4,0.5853,18.8,0.5857,18.8,0.5858,18.7
1753592071494,04:54:31.494,bybit,ACE/USDT:USDT,0.5854,268.4,0.5853,18.8,0.5857,18.8,0.5858,18.7
1753592071994,04:54:31.994,bybit,ACE/USDT:USDT,0.5854,268.4,0.5853,18.8,0.5857,18.8,0.5858,18.7
1753592072095,04:54:32.095,bybit,ACE/USDT:USDT,0.5854,268.4,0.5853,18.8,0.5857,18.8,0.5858,18.7
1753592072394,04:54:32.394,bybit,ACE/USDT:USDT,0.5854,176.8,0.5853,18.8,0.5857,18.8,0.5858,18.7
1753592072494,04:54:32.494,bybit,ACE/USDT:USDT,0.5854,268.4,0.5853,18.8,0.5857,18.8,0.5858,18.7
1753592072594,04:54:32.594,bybit,ACE/USDT:USDT,0.5854,268.4,0.5853,18.8,0.5857,18.8,0.5858,18.7
1753592073196,04:54:33.196,bybit,ACE/USDT:USDT,0.5854,268.4,0.5853,18.8,0.5857,18.8,0.5858,18.7
1753592073294,04:54:33.294,bybit,ACE/USDT:USDT,0.5854,268.4,0.5853,18.8,0.5857,18.8,0.5858,18.7
1753592073695,04:54:33.695,bybit,ACE/USDT:USDT,0.5854,268.4,0.5853,18.8,0.5857,18.8,0.5858,18.7
1753592073794,04:54:33.794,bybit,ACE/USDT:USDT,0.5854,268.4,0.5853,18.8,0.5857,18.8,0.5858,18.7
1753592074294,04:54:34.294,bybit,ACE/USDT:USDT,0.5854,268.4,0.5853,18.8,0.5857,18.8,0.5858,18.7
1753592074394,04:54:34.394,bybit,ACE/USDT:USDT,0.5854,268.4,0.5853,18.8,0.5857,18.8,0.5858,18.7
1753592074695,04:54:34.695,bybit,ACE/USDT:USDT,0.5854,110.4,0.5853,18.8,0.5857,18.8,0.5858,18.7
1753592074795,04:54:34.795,bybit,ACE/USDT:USDT,0.5854,110.4,0.5853,18.8,0.5857,18.8,0.5858,18.7
1753592074994,04:54:34.994,bybit,ACE/USDT:USDT,0.5854,110.4,0.5853,18.8,0.5857,18.8,0.5858,18.7
1753592075894,04:54:35.894,bybit,ACE/USDT:USDT,0.5854,110.4,0.5853,18.8,0.5857,18.8,0.5858,18.7
1753592075995,04:54:35.995,bybit,ACE/USDT:USDT,0.5854,110.4,0.5853,18.8,0.5857,18.8,0.5858,18.7
1753592076094,04:54:36.094,bybit,ACE/USDT:USDT,0.5854,110.4,0.5853,18.8,0.5857,18.8,0.5858,18.7
1753592076494,04:54:36.494,bybit,ACE/USDT:USDT,0.5854,110.4,0.5853,18.8,0.5857,18.8,0.5858,18.7
1753592076594,04:54:36.594,bybit,ACE/USDT:USDT,0.5854,110.4,0.5853,18.8,0.5857,18.8,0.5858,18.7
1753592076694,04:54:36.694,bybit,ACE/USDT:USDT,0.5851,176.8,0.585,27.4,0.5854,18.8,0.5855,22.0
1753592076796,04:54:36.796,bybit,ACE/USDT:USDT,0.5851,281.5,0.585,27.4,0.5854,18.8,0.5855,22.0
1753592076894,04:54:36.894,bybit,ACE/USDT:USDT,0.5851,281.5,0.585,27.4,0.5854,18.8,0.5855,22.0
1753592076994,04:54:36.994,bybit,ACE/USDT:USDT,0.5851,373.1,0.585,27.4,0.5854,18.8,0.5855,22.0
1753592077094,04:54:37.094,bybit,ACE/USDT:USDT,0.5851,125.8,0.585,27.4,0.5854,18.8,0.5855,22.0
1753592077295,04:54:37.295,bybit,ACE/USDT:USDT,0.5851,135.7,0.585,27.4,0.5854,18.8,0.5855,22.0
1753592077494,04:54:37.494,bybit,ACE/USDT:USDT,0.5851,694.0,0.585,27.4,0.5854,18.8,0.5855,22.0
1753592077594,04:54:37.594,bybit,ACE/USDT:USDT,0.5851,745.0,0.585,27.4,0.5854,18.8,0.5855,22.0
1753592078295,04:54:38.295,bybit,ACE/USDT:USDT,0.5851,745.0,0.585,27.4,0.5854,18.8,0.5855,22.0
1753592078395,04:54:38.395,bybit,ACE/USDT:USDT,0.5851,745.0,0.585,27.4,0.5854,18.8,0.5855,22.0
1753592078594,04:54:38.594,bybit,ACE/USDT:USDT,0.5851,745.0,0.585,27.4,0.5854,18.8,0.5855,22.0
1753592078695,04:54:38.695,bybit,ACE/USDT:USDT,0.5851,745.0,0.585,27.4,0.5854,18.8,0.5855,22.0
1753592078995,04:54:38.995,bybit,ACE/USDT:USDT,0.5851,735.1,0.585,27.4,0.5854,18.8,0.5855,22.0
1753592079195,04:54:39.195,bybit,ACE/USDT:USDT,0.5851,735.1,0.585,27.4,0.5854,18.8,0.5855,22.0
1753592079294,04:54:39.294,bybit,ACE/USDT:USDT,0.5851,735.1,0.585,27.4,0.5854,18.8,0.5855,22.0
1753592079594,04:54:39.594,bybit,ACE/USDT:USDT,0.5851,735.1,0.585,27.4,0.5854,18.8,0.5855,22.0
1753592079694,04:54:39.694,bybit,ACE/USDT:USDT,0.5851,735.1,0.585,27.4,0.5854,18.8,0.5855,22.0
1753592079794,04:54:39.794,bybit,ACE/USDT:USDT,0.5851,735.1,0.585,27.4,0.5854,18.8,0.5855,22.0
1753592080200,04:54:40.200,bybit,ACE/USDT:USDT,0.5851,735.1,0.585,27.4,0.5854,18.8,0.5855,22.0
1753592080295,04:54:40.295,bybit,ACE/USDT:USDT,0.5851,735.1,0.585,27.4,0.5854,18.8,0.5855,22.0
1753592080394,04:54:40.394,bybit,ACE/USDT:USDT,0.5851,735.1,0.585,27.4,0.5854,18.8,0.5855,22.0
1753592080595,04:54:40.595,bybit,ACE/USDT:USDT,0.5851,735.1,0.585,27.4,0.5854,18.8,0.5855,22.0
1753592080895,04:54:40.895,bybit,ACE/USDT:USDT,0.5851,735.1,0.585,27.4,0.5854,18.8,0.5855,22.0
1753592081594,04:54:41.594,bybit,ACE/USDT:USDT,0.5851,442.5,0.585,27.4,0.5854,18.8,0.5855,22.0
1753592081895,04:54:41.895,bybit,ACE/USDT:USDT,0.5851,176.8,0.585,27.4,0.5854,18.8,0.5855,22.0
1753592082294,04:54:42.294,bybit,ACE/USDT:USDT,0.5851,176.8,0.585,27.4,0.5854,18.8,0.5855,22.0
1753592082797,04:54:42.797,bybit,ACE/USDT:USDT,0.5851,125.8,0.585,27.4,0.5854,18.8,0.5855,22.0
1753592082894,04:54:42.894,bybit,ACE/USDT:USDT,0.5851,125.8,0.585,27.4,0.5854,18.8,0.5855,22.0
1753592083096,04:54:43.096,bybit,ACE/USDT:USDT,0.5851,161.1,0.585,27.4,0.5854,18.8,0.5855,22.0
1753592083194,04:54:43.194,bybit,ACE/USDT:USDT,0.5851,161.1,0.585,27.4,0.5854,18.8,0.5855,22.0
1753592083395,04:54:43.395,bybit,ACE/USDT:USDT,0.5851,161.1,0.585,27.4,0.5854,18.8,0.5855,22.0
1753592083594,04:54:43.594,bybit,ACE/USDT:USDT,0.5851,161.1,0.585,27.4,0.5854,18.8,0.5855,22.0
1753592083695,04:54:43.695,bybit,ACE/USDT:USDT,0.5851,161.1,0.585,27.4,0.5854,18.8,0.5855,22.0
1753592083894,04:54:43.894,bybit,ACE/USDT:USDT,0.5851,161.1,0.585,27.4,0.5854,18.8,0.5855,22.0
1753592084198,04:54:44.198,bybit,ACE/USDT:USDT,0.5851,161.1,0.585,27.4,0.5854,18.8,0.5855,22.0
1753592084594,04:54:44.594,bybit,ACE/USDT:USDT,0.5851,161.1,0.585,27.4,0.5854,18.8,0.5855,22.0
1753592086294,04:54:46.294,bybit,ACE/USDT:USDT,0.5851,161.1,0.585,27.4,0.5854,18.8,0.5855,22.0
1753592086495,04:54:46.495,bybit,ACE/USDT:USDT,0.5851,161.1,0.585,27.4,0.5854,18.8,0.5855,22.0
1753592086794,04:54:46.794,bybit,ACE/USDT:USDT,0.5851,161.1,0.585,27.4,0.5854,18.8,0.5855,22.0
1753592087094,04:54:47.094,bybit,ACE/USDT:USDT,0.5851,161.1,0.585,27.4,0.5854,18.8,0.5855,22.0
1753592087295,04:54:47.295,bybit,ACE/USDT:USDT,0.5852,108.3,0.5851,54.1,0.5854,18.8,0.5855,22.0
1753592087695,04:54:47.695,bybit,ACE/USDT:USDT,0.5852,108.3,0.5851,54.1,0.5854,18.8,0.5855,22.0
1753592087795,04:54:47.795,bybit,ACE/USDT:USDT,0.5852,108.3,0.5851,54.1,0.5854,18.8,0.5855,22.0
1753592088094,04:54:48.094,bybit,ACE/USDT:USDT,0.5852,143.6,0.5851,18.8,0.5854,18.8,0.5855,22.0
1753592088202,04:54:48.202,bybit,ACE/USDT:USDT,0.5852,143.6,0.5851,18.8,0.5854,18.8,0.5855,22.0
1753592088594,04:54:48.594,bybit,ACE/USDT:USDT,0.5852,143.6,0.5851,18.8,0.5854,18.8,0.5855,22.0
1753592088695,04:54:48.695,bybit,ACE/USDT:USDT,0.5852,143.6,0.5851,18.8,0.5854,18.8,0.5855,22.0
1753592088794,04:54:48.794,bybit,ACE/USDT:USDT,0.5852,143.6,0.5851,18.8,0.5854,18.8,0.5855,22.0
1753592089395,04:54:49.395,bybit,ACE/USDT:USDT,0.5852,143.6,0.5851,18.8,0.5854,18.8,0.5855,22.0
1753592089494,04:54:49.494,bybit,ACE/USDT:USDT,0.5852,143.6,0.5851,18.8,0.5854,18.8,0.5855,22.0
1753592090295,04:54:50.295,bybit,ACE/USDT:USDT,0.5852,143.6,0.5851,18.8,0.5854,18.8,0.5855,22.0
1753592090394,04:54:50.394,bybit,ACE/USDT:USDT,0.5852,143.6,0.5851,18.8,0.5854,18.8,0.5855,22.0
1753592090495,04:54:50.495,bybit,ACE/USDT:USDT,0.5852,143.6,0.5851,18.8,0.5854,18.8,0.5855,22.0
1753592090994,04:54:50.994,bybit,ACE/USDT:USDT,0.5852,143.6,0.5851,18.8,0.5854,18.8,0.5855,22.0
1753592091594,04:54:51.594,bybit,ACE/USDT:USDT,0.5852,143.6,0.5851,18.8,0.5854,18.8,0.5855,22.0
1753592091694,04:54:51.694,bybit,ACE/USDT:USDT,0.5852,143.6,0.5851,18.8,0.5854,18.8,0.5855,22.0
1753592092095,04:54:52.095,bybit,ACE/USDT:USDT,0.5852,143.6,0.5851,18.8,0.5854,18.8,0.5855,22.0
1753592092199,04:54:52.199,bybit,ACE/USDT:USDT,0.5852,143.6,0.5851,18.8,0.5854,18.8,0.5855,22.0
1753592092694,04:54:52.694,bybit,ACE/USDT:USDT,0.5852,143.6,0.5851,18.8,0.5854,18.8,0.5855,22.0
1753592092794,04:54:52.794,bybit,ACE/USDT:USDT,0.5852,143.6,0.5851,18.8,0.5854,18.8,0.5855,22.0
1753592093194,04:54:53.194,bybit,ACE/USDT:USDT,0.5852,143.6,0.5851,18.8,0.5854,18.8,0.5855,22.0
1753592093395,04:54:53.395,bybit,ACE/USDT:USDT,0.5852,143.6,0.5851,18.8,0.5854,18.8,0.5855,22.0
1753592093694,04:54:53.694,bybit,ACE/USDT:USDT,0.5853,3.5,0.5852,36.6,0.5854,18.8,0.5855,22.0
1753592093794,04:54:53.794,bybit,ACE/USDT:USDT,0.5853,12.1,0.5852,36.6,0.5854,18.8,0.5855,22.0
1753592094094,04:54:54.094,bybit,ACE/USDT:USDT,0.5853,47.4,0.5852,1.3,0.5854,18.8,0.5855,22.0
1753592094199,04:54:54.199,bybit,ACE/USDT:USDT,0.5853,38.8,0.5852,1.3,0.5854,18.8,0.5855,22.0
1753592094395,04:54:54.395,bybit,ACE/USDT:USDT,0.5853,38.8,0.5852,1.3,0.5854,18.8,0.5855,22.0
1753592094494,04:54:54.494,bybit,ACE/USDT:USDT,0.5853,38.8,0.5852,1.3,0.5854,18.8,0.5855,22.0
1753592094794,04:54:54.794,bybit,ACE/USDT:USDT,0.5853,47.4,0.5852,1.3,0.5854,18.8,0.5855,22.0
1753592094894,04:54:54.894,bybit,ACE/USDT:USDT,0.5853,38.8,0.5852,1.3,0.5854,18.8,0.5855,22.0
1753592094994,04:54:54.994,bybit,ACE/USDT:USDT,0.5853,47.4,0.5852,1.3,0.5854,18.8,0.5855,22.0
1753592095094,04:54:55.094,bybit,ACE/USDT:USDT,0.5853,38.8,0.5852,1.3,0.5854,18.8,0.5855,22.0
1753592095394,04:54:55.394,bybit,ACE/USDT:USDT,0.5853,38.8,0.5852,1.3,0.5854,18.8,0.5855,22.0
1753592095494,04:54:55.494,bybit,ACE/USDT:USDT,0.5853,38.8,0.5852,1.3,0.5854,18.8,0.5855,22.0
1753592095795,04:54:55.795,bybit,ACE/USDT:USDT,0.5853,47.4,0.5852,1.3,0.5854,18.8,0.5855,22.0
1753592095894,04:54:55.894,bybit,ACE/USDT:USDT,0.5853,38.8,0.5852,1.3,0.5854,18.8,0.5855,22.0
1753592095995,04:54:55.995,bybit,ACE/USDT:USDT,0.5853,47.4,0.5852,1.3,0.5854,18.8,0.5855,22.0
1753592096094,04:54:56.094,bybit,ACE/USDT:USDT,0.5853,38.8,0.5852,1.3,0.5854,18.8,0.5855,22.0
1753592096395,04:54:56.395,bybit,ACE/USDT:USDT,0.5853,38.8,0.5852,1.3,0.5854,18.8,0.5855,22.0
1753592096494,04:54:56.494,bybit,ACE/USDT:USDT,0.5853,38.8,0.5852,1.3,0.5854,18.8,0.5855,22.0
1753592096694,04:54:56.694,bybit,ACE/USDT:USDT,0.5853,38.8,0.5852,1.3,0.5854,18.8,0.5855,22.0
1753592096794,04:54:56.794,bybit,ACE/USDT:USDT,0.5853,38.8,0.5852,1.3,0.5854,18.8,0.5855,22.0
1753592096995,04:54:56.995,bybit,ACE/USDT:USDT,0.5853,38.8,0.5852,1.3,0.5854,18.8,0.5855,22.0
1753592097095,04:54:57.095,bybit,ACE/USDT:USDT,0.5853,38.8,0.5852,1.3,0.5854,18.8,0.5855,22.0
1753592097594,04:54:57.594,bybit,ACE/USDT:USDT,0.5853,38.8,0.5852,1.3,0.5854,18.8,0.5855,22.0
1753592097696,04:54:57.696,bybit,ACE/USDT:USDT,0.5853,38.8,0.5852,1.3,0.5854,18.8,0.5855,22.0
1753592098194,04:54:58.194,bybit,ACE/USDT:USDT,0.5853,38.8,0.5852,1.3,0.5854,18.8,0.5855,22.0
1753592098994,04:54:58.994,bybit,ACE/USDT:USDT,0.5853,38.8,0.5852,20.1,0.5854,18.8,0.5855,22.0
1753592099194,04:54:59.194,bybit,ACE/USDT:USDT,0.5853,38.8,0.5852,20.1,0.5855,22.0,0.5856,36.0
1753592099294,04:54:59.294,bybit,ACE/USDT:USDT,0.5853,38.8,0.5852,20.1,0.5855,22.0,0.5856,36.0
1753592099894,04:54:59.894,bybit,ACE/USDT:USDT,0.5853,38.8,0.5852,20.1,0.5855,22.0,0.5856,36.0
1753592099995,04:54:59.995,bybit,ACE/USDT:USDT,0.5853,38.8,0.5852,20.1,0.5855,22.0,0.5856,36.0
1753592100095,04:55:00.095,bybit,ACE/USDT:USDT,0.5853,38.8,0.5852,20.1,0.5855,22.0,0.5856,36.0
1753592100394,04:55:00.394,bybit,ACE/USDT:USDT,0.5853,38.8,0.5852,20.1,0.5855,22.0,0.5856,36.0
1753592100496,04:55:00.496,bybit,ACE/USDT:USDT,0.5853,57.6,0.5852,20.1,0.5856,36.0,0.5857,18.8
1753592100894,04:55:00.894,bybit,ACE/USDT:USDT,0.5853,57.6,0.5852,20.1,0.5856,36.0,0.5857,18.8
1753592100994,04:55:00.994,bybit,ACE/USDT:USDT,0.5853,57.6,0.5852,20.1,0.5856,36.0,0.5857,18.8
1753592101494,04:55:01.494,bybit,ACE/USDT:USDT,0.5853,108.6,0.5852,20.1,0.5856,36.0,0.5857,18.8
1753592102494,04:55:02.494,bybit,ACE/USDT:USDT,0.5853,108.6,0.5852,20.1,0.5856,36.0,0.5857,18.8
1753592102594,04:55:02.594,bybit,ACE/USDT:USDT,0.5853,108.6,0.5852,20.1,0.5856,36.0,0.5857,18.8
1753592102694,04:55:02.694,bybit,ACE/USDT:USDT,0.5853,38.8,0.5852,1.3,0.5854,22.0,0.5855,18.8
1753592102795,04:55:02.795,bybit,ACE/USDT:USDT,0.5853,38.8,0.5852,20.1,0.5854,22.0,0.5855,18.8
1753592103096,04:55:03.096,bybit,ACE/USDT:USDT,0.5853,38.8,0.5852,20.1,0.5854,22.0,0.5855,18.8
1753592103194,04:55:03.194,bybit,ACE/USDT:USDT,0.5853,38.8,0.5852,20.1,0.5854,22.0,0.5855,18.8
1753592103594,04:55:03.594,bybit,ACE/USDT:USDT,0.5853,38.8,0.5852,20.1,0.5855,18.8,0.5856,36.0
1753592103702,04:55:03.702,bybit,ACE/USDT:USDT,0.5853,38.8,0.5852,20.1,0.5855,18.8,0.5856,36.0
1753592104200,04:55:04.200,bybit,ACE/USDT:USDT,0.5853,38.8,0.5852,20.1,0.5855,18.8,0.5856,36.0
1753592104294,04:55:04.294,bybit,ACE/USDT:USDT,0.5853,38.8,0.5852,20.1,0.5855,18.8,0.5856,36.0
1753592104994,04:55:04.994,bybit,ACE/USDT:USDT,0.5854,18.8,0.5853,57.6,0.5856,36.0,0.5857,18.8
1753592105094,04:55:05.094,bybit,ACE/USDT:USDT,0.5854,35.3,0.5853,22.3,0.5856,36.0,0.5857,18.8
1753592105196,04:55:05.196,bybit,ACE/USDT:USDT,0.5854,35.3,0.5853,22.3,0.5856,36.0,0.5857,18.8
1753592105795,04:55:05.795,bybit,ACE/USDT:USDT,0.5854,35.3,0.5853,22.3,0.5856,36.0,0.5857,18.8
1753592105894,04:55:05.894,bybit,ACE/USDT:USDT,0.5854,35.3,0.5853,22.3,0.5856,36.0,0.5857,18.8
1753592106197,04:55:06.197,bybit,ACE/USDT:USDT,0.5854,35.3,0.5853,22.3,0.5856,36.0,0.5857,18.8
1753592106295,04:55:06.295,bybit,ACE/USDT:USDT,0.5854,35.3,0.5853,22.3,0.5856,36.0,0.5857,18.8
1753592106394,04:55:06.394,bybit,ACE/USDT:USDT,0.5854,35.3,0.5853,22.3,0.5856,36.0,0.5857,18.8
1753592106795,04:55:06.795,bybit,ACE/USDT:USDT,0.5854,35.3,0.5853,22.3,0.5856,36.0,0.5857,18.8
1753592106894,04:55:06.894,bybit,ACE/USDT:USDT,0.5854,35.3,0.5853,22.3,0.5856,36.0,0.5857,18.8
1753592107395,04:55:07.395,bybit,ACE/USDT:USDT,0.5854,35.3,0.5853,22.3,0.5856,36.0,0.5857,18.8
1753592107494,04:55:07.494,bybit,ACE/USDT:USDT,0.5854,35.3,0.5853,22.3,0.5856,36.0,0.5857,18.8
1753592107694,04:55:07.694,bybit,ACE/USDT:USDT,0.5854,35.3,0.5853,22.3,0.5856,36.0,0.5857,18.8
1753592107995,04:55:07.995,bybit,ACE/USDT:USDT,0.5854,35.3,0.5853,22.3,0.5856,36.0,0.5857,18.8
1753592108495,04:55:08.495,bybit,ACE/USDT:USDT,0.5854,35.3,0.5853,22.3,0.5856,36.0,0.5857,18.8
1753592108594,04:55:08.594,bybit,ACE/USDT:USDT,0.5854,35.3,0.5853,22.3,0.5856,36.0,0.5857,18.8
1753592109095,04:55:09.095,bybit,ACE/USDT:USDT,0.5854,35.3,0.5853,22.3,0.5856,36.0,0.5857,18.8
1753592109197,04:55:09.197,bybit,ACE/USDT:USDT,0.5854,35.3,0.5853,22.3,0.5856,36.0,0.5857,18.8
1753592109695,04:55:09.695,bybit,ACE/USDT:USDT,0.5854,35.3,0.5853,22.3,0.5856,36.0,0.5857,18.8
1753592110094,04:55:10.094,bybit,ACE/USDT:USDT,0.5854,35.3,0.5853,22.3,0.5856,36.0,0.5857,18.8
1753592110894,04:55:10.894,bybit,ACE/USDT:USDT,0.5854,35.3,0.5853,22.3,0.5856,36.0,0.5857,18.8
1753592111894,04:55:11.894,bybit,ACE/USDT:USDT,0.5854,35.3,0.5853,22.3,0.5856,36.0,0.5857,18.8
1753592111994,04:55:11.994,bybit,ACE/USDT:USDT,0.5854,35.3,0.5853,22.3,0.5856,36.0,0.5857,18.8
1753592112494,04:55:12.494,bybit,ACE/USDT:USDT,0.5854,35.3,0.5853,22.3,0.5856,36.0,0.5857,18.8
1753592112595,04:55:12.595,bybit,ACE/USDT:USDT,0.5854,35.3,0.5853,22.3,0.5856,36.0,0.5857,18.8
1753592113094,04:55:13.094,bybit,ACE/USDT:USDT,0.5854,35.3,0.5853,22.3,0.5856,36.0,0.5857,18.8
1753592113195,04:55:13.195,bybit,ACE/USDT:USDT,0.5854,35.3,0.5853,22.3,0.5856,36.0,0.5857,18.8
1753592113595,04:55:13.595,bybit,ACE/USDT:USDT,0.5854,35.3,0.5853,22.3,0.5856,36.0,0.5857,18.8
1753592113694,04:55:13.694,bybit,ACE/USDT:USDT,0.5854,35.3,0.5853,22.3,0.5856,36.0,0.5857,18.8
1753592114196,04:55:14.196,bybit,ACE/USDT:USDT,0.5854,35.3,0.5853,22.3,0.5856,36.0,0.5857,18.8
1753592114294,04:55:14.294,bybit,ACE/USDT:USDT,0.5854,35.3,0.5853,22.3,0.5856,36.0,0.5857,18.8
1753592114794,04:55:14.794,bybit,ACE/USDT:USDT,0.5854,35.3,0.5853,22.3,0.5856,36.0,0.5857,18.8
1753592114894,04:55:14.894,bybit,ACE/USDT:USDT,0.5854,35.3,0.5853,22.3,0.5856,36.0,0.5857,18.8
1753592115395,04:55:15.395,bybit,ACE/USDT:USDT,0.5854,35.3,0.5853,22.3,0.5856,36.0,0.5857,18.8
1753592115494,04:55:15.494,bybit,ACE/USDT:USDT,0.5854,35.3,0.5853,22.3,0.5856,36.0,0.5857,18.8
1753592115895,04:55:15.895,bybit,ACE/USDT:USDT,0.5854,35.3,0.5853,22.3,0.5856,36.0,0.5857,18.8
1753592115994,04:55:15.994,bybit,ACE/USDT:USDT,0.5854,35.3,0.5853,22.3,0.5856,36.0,0.5857,18.8
1753592116496,04:55:16.496,bybit,ACE/USDT:USDT,0.5854,35.3,0.5853,22.3,0.5856,36.0,0.5857,18.8
1753592117094,04:55:17.094,bybit,ACE/USDT:USDT,0.5854,35.3,0.5853,22.3,0.5856,36.0,0.5857,18.8
1753592117194,04:55:17.194,bybit,ACE/USDT:USDT,0.5854,35.3,0.5853,22.3,0.5856,36.0,0.5857,18.8
1753592117696,04:55:17.696,bybit,ACE/USDT:USDT,0.5854,35.3,0.5853,22.3,0.5856,36.0,0.5857,18.8
1753592117795,04:55:17.795,bybit,ACE/USDT:USDT,0.5854,35.3,0.5853,22.3,0.5856,36.0,0.5857,18.8
1753592118198,04:55:18.198,bybit,ACE/USDT:USDT,0.5854,35.3,0.5853,22.3,0.5856,36.0,0.5857,18.8
1753592118295,04:55:18.295,bybit,ACE/USDT:USDT,0.5854,35.3,0.5853,22.3,0.5856,36.0,0.5857,18.8
1753592118394,04:55:18.394,bybit,ACE/USDT:USDT,0.5854,35.3,0.5853,22.3,0.5856,36.0,0.5857,18.8
1753592118695,04:55:18.695,bybit,ACE/USDT:USDT,0.5854,35.3,0.5853,22.3,0.5856,36.0,0.5857,18.8
1753592118894,04:55:18.894,bybit,ACE/USDT:USDT,0.5854,35.3,0.5853,22.3,0.5856,36.0,0.5857,18.8
1753592119195,04:55:19.195,bybit,ACE/USDT:USDT,0.5854,35.3,0.5853,22.3,0.5856,36.0,0.5857,18.8
1753592119294,04:55:19.294,bybit,ACE/USDT:USDT,0.5854,35.3,0.5853,22.3,0.5856,36.0,0.5857,18.8
1753592119394,04:55:19.394,bybit,ACE/USDT:USDT,0.5854,35.3,0.5853,22.3,0.5856,36.0,0.5857,18.8
1753592120494,04:55:20.494,bybit,ACE/USDT:USDT,0.5854,35.3,0.5853,22.3,0.5856,36.0,0.5857,18.8
1753592121494,04:55:21.494,bybit,ACE/USDT:USDT,0.5854,35.3,0.5853,22.3,0.5856,36.0,0.5857,18.8
1753592121594,04:55:21.594,bybit,ACE/USDT:USDT,0.5854,35.3,0.5853,22.3,0.5856,36.0,0.5857,18.8
1753592122094,04:55:22.094,bybit,ACE/USDT:USDT,0.5854,35.3,0.5853,22.3,0.5856,36.0,0.5857,18.8
1753592122196,04:55:22.196,bybit,ACE/USDT:USDT,0.5854,35.3,0.5853,22.3,0.5856,36.0,0.5857,18.8
1753592122833,04:55:22.833,bybit,ACE/USDT:USDT,0.5854,35.3,0.5853,3.5,0.5855,22.0,0.5856,36.0
1753592122894,04:55:22.894,bybit,ACE/USDT:USDT,0.5854,35.3,0.5853,3.5,0.5855,22.0,0.5856,36.0
1753592123194,04:55:23.194,bybit,ACE/USDT:USDT,0.5854,35.3,0.5853,3.5,0.5855,22.0,0.5856,36.0
1753592123394,04:55:23.394,bybit,ACE/USDT:USDT,0.5854,35.3,0.5853,3.5,0.5855,22.0,0.5856,36.0
1753592123995,04:55:23.995,bybit,ACE/USDT:USDT,0.5854,43.9,0.5853,3.5,0.5855,22.0,0.5856,36.0
1753592124094,04:55:24.094,bybit,ACE/USDT:USDT,0.5854,35.3,0.5853,3.5,0.5855,22.0,0.5856,36.0
1753592124200,04:55:24.200,bybit,ACE/USDT:USDT,0.5854,43.9,0.5853,3.5,0.5855,22.0,0.5856,36.0
1753592124295,04:55:24.295,bybit,ACE/USDT:USDT,0.5854,35.3,0.5853,3.5,0.5855,22.0,0.5856,36.0
1753592124395,04:55:24.395,bybit,ACE/USDT:USDT,0.5854,35.3,0.5853,3.5,0.5855,22.0,0.5856,36.0
1753592124696,04:55:24.696,bybit,ACE/USDT:USDT,0.5854,35.3,0.5853,3.5,0.5855,22.0,0.5856,36.0
1753592124794,04:55:24.794,bybit,ACE/USDT:USDT,0.5854,43.9,0.5853,3.5,0.5855,22.0,0.5856,36.0
1753592124894,04:55:24.894,bybit,ACE/USDT:USDT,0.5854,35.3,0.5853,3.5,0.5855,22.0,0.5856,36.0
1753592124994,04:55:24.994,bybit,ACE/USDT:USDT,0.5854,43.9,0.5853,3.5,0.5855,22.0,0.5856,36.0
1753592125195,04:55:25.195,bybit,ACE/USDT:USDT,0.5854,35.3,0.5853,3.5,0.5855,22.0,0.5856,36.0
1753592125395,04:55:25.395,bybit,ACE/USDT:USDT,0.5854,43.9,0.5853,3.5,0.5855,22.0,0.5856,36.0
1753592125495,04:55:25.495,bybit,ACE/USDT:USDT,0.5854,35.3,0.5853,3.5,0.5855,22.0,0.5856,36.0
1753592125595,04:55:25.595,bybit,ACE/USDT:USDT,0.5854,43.9,0.5853,3.5,0.5855,22.0,0.5856,36.0
1753592125695,04:55:25.695,bybit,ACE/USDT:USDT,0.5854,35.3,0.5853,3.5,0.5855,22.0,0.5856,36.0
1753592125995,04:55:25.995,bybit,ACE/USDT:USDT,0.5854,43.9,0.5853,22.4,0.5856,18.8,0.5857,27.4
1753592126094,04:55:26.094,bybit,ACE/USDT:USDT,0.5854,35.3,0.5853,22.4,0.5856,18.8,0.5857,27.4
1753592126494,04:55:26.494,bybit,ACE/USDT:USDT,0.5854,35.3,0.5853,22.4,0.5856,18.8,0.5857,27.4
1753592126594,04:55:26.594,bybit,ACE/USDT:USDT,0.5854,35.3,0.5853,22.4,0.5856,18.8,0.5857,27.4
1753592127094,04:55:27.094,bybit,ACE/USDT:USDT,0.5854,35.3,0.5853,22.4,0.5856,18.8,0.5857,27.4
1753592127594,04:55:27.594,bybit,ACE/USDT:USDT,0.5854,35.3,0.5853,22.4,0.5856,18.8,0.5857,27.4
1753592127694,04:55:27.694,bybit,ACE/USDT:USDT,0.5854,35.3,0.5853,22.4,0.5856,18.8,0.5857,27.4
1753592128197,04:55:28.197,bybit,ACE/USDT:USDT,0.5854,35.3,0.5853,22.4,0.5856,18.8,0.5857,27.4
1753592128294,04:55:28.294,bybit,ACE/USDT:USDT,0.5854,35.3,0.5853,22.4,0.5856,18.8,0.5857,27.4
1753592128795,04:55:28.795,bybit,ACE/USDT:USDT,0.5854,35.3,0.5853,22.4,0.5856,18.8,0.5857,27.4
1753592128894,04:55:28.894,bybit,ACE/USDT:USDT,0.5854,35.3,0.5853,22.4,0.5856,18.8,0.5857,27.4
1753592129195,04:55:29.195,bybit,ACE/USDT:USDT,0.5854,35.3,0.5853,22.4,0.5856,18.8,0.5857,27.4
1753592129394,04:55:29.394,bybit,ACE/USDT:USDT,0.5854,35.3,0.5853,22.4,0.5856,18.8,0.5857,27.4
1753592129994,04:55:29.994,bybit,ACE/USDT:USDT,0.5854,35.3,0.5853,22.4,0.5856,18.8,0.5857,27.4
1753592130094,04:55:30.094,bybit,ACE/USDT:USDT,0.5854,35.3,0.5853,22.4,0.5855,22.0,0.5856,18.8
1753592130200,04:55:30.200,bybit,ACE/USDT:USDT,0.5854,35.3,0.5853,22.4,0.5855,22.0,0.5856,18.8
1753592130494,04:55:30.494,bybit,ACE/USDT:USDT,0.5854,35.3,0.5853,22.4,0.5855,22.0,0.5856,18.8
1753592130595,04:55:30.595,bybit,ACE/USDT:USDT,0.5854,43.9,0.5853,22.4,0.5856,18.8,0.5857,27.4
1753592130794,04:55:30.794,bybit,ACE/USDT:USDT,0.5854,43.9,0.5853,3.5,0.5855,22.0,0.5856,18.8
1753592130994,04:55:30.994,bybit,ACE/USDT:USDT,0.5854,43.9,0.5853,3.5,0.5855,22.0,0.5856,27.4
1753592131194,04:55:31.194,bybit,ACE/USDT:USDT,0.5854,35.3,0.5853,3.5,0.5855,22.0,0.5856,27.4
1753592131295,04:55:31.295,bybit,ACE/USDT:USDT,0.5854,35.3,0.5853,3.5,0.5855,22.0,0.5856,36.0
1753592131894,04:55:31.894,bybit,ACE/USDT:USDT,0.5854,35.3,0.5853,3.5,0.5855,22.0,0.5856,36.0
1753592131994,04:55:31.994,bybit,ACE/USDT:USDT,0.5854,35.3,0.5853,3.5,0.5855,22.0,0.5856,36.0
1753592132494,04:55:32.494,bybit,ACE/USDT:USDT,0.5854,35.3,0.5853,3.5,0.5855,22.0,0.5856,36.0
1753592132594,04:55:32.594,bybit,ACE/USDT:USDT,0.5854,35.3,0.5853,22.4,0.5855,22.0,0.5856,36.0
1753592133594,04:55:33.594,bybit,ACE/USDT:USDT,0.5854,35.3,0.5853,22.4,0.5856,36.0,0.5857,27.4
1753592134095,04:55:34.095,bybit,ACE/USDT:USDT,0.5854,35.3,0.5853,22.4,0.5856,36.0,0.5857,27.4
1753592134201,04:55:34.201,bybit,ACE/USDT:USDT,0.5854,35.3,0.5853,22.4,0.5856,36.0,0.5857,27.4
1753592134294,04:55:34.294,bybit,ACE/USDT:USDT,0.5854,35.3,0.5853,22.4,0.5856,36.0,0.5857,27.4
1753592134595,04:55:34.595,bybit,ACE/USDT:USDT,0.5854,35.3,0.5853,22.4,0.5856,36.0,0.5857,27.4
1753592134695,04:55:34.695,bybit,ACE/USDT:USDT,0.5854,35.3,0.5853,22.4,0.5856,36.0,0.5857,27.4
1753592134895,04:55:34.895,bybit,ACE/USDT:USDT,0.5854,35.3,0.5853,22.4,0.5855,2.3,0.5856,36.0
1753592135294,04:55:35.294,bybit,ACE/USDT:USDT,0.5854,35.3,0.5853,22.4,0.5855,2.3,0.5856,36.0
1753592135895,04:55:35.895,bybit,ACE/USDT:USDT,0.5854,35.3,0.5853,22.4,0.5855,2.3,0.5856,36.0
1753592135995,04:55:35.995,bybit,ACE/USDT:USDT,0.5854,35.3,0.5853,22.4,0.5855,2.3,0.5856,36.0
1753592136494,04:55:36.494,bybit,ACE/USDT:USDT,0.5854,35.3,0.5853,22.4,0.5855,2.3,0.5856,36.0
1753592137094,04:55:37.094,bybit,ACE/USDT:USDT,0.5854,35.3,0.5853,22.4,0.5855,2.3,0.5856,36.0
1753592137595,04:55:37.595,bybit,ACE/USDT:USDT,0.5854,35.3,0.5853,22.4,0.5855,2.3,0.5856,36.0
1753592137694,04:55:37.694,bybit,ACE/USDT:USDT,0.5854,35.3,0.5853,22.4,0.5855,2.3,0.5856,36.0
1753592138094,04:55:38.094,bybit,ACE/USDT:USDT,0.5854,35.3,0.5853,22.4,0.5855,2.3,0.5856,36.0
1753592138695,04:55:38.695,bybit,ACE/USDT:USDT,0.5854,35.3,0.5853,22.4,0.5855,2.3,0.5856,36.0
1753592138794,04:55:38.794,bybit,ACE/USDT:USDT,0.5854,35.3,0.5853,22.4,0.5855,2.3,0.5856,36.0
1753592139394,04:55:39.394,bybit,ACE/USDT:USDT,0.5854,35.3,0.5853,22.4,0.5855,2.3,0.5856,36.0
1753592139795,04:55:39.795,bybit,ACE/USDT:USDT,0.5854,43.9,0.5853,22.4,0.5855,2.3,0.5856,36.0
1753592139894,04:55:39.894,bybit,ACE/USDT:USDT,0.5854,35.3,0.5853,22.4,0.5855,2.3,0.5856,36.0
1753592139994,04:55:39.994,bybit,ACE/USDT:USDT,0.5854,35.3,0.5853,22.4,0.5855,2.3,0.5856,36.0
1753592140394,04:55:40.394,bybit,ACE/USDT:USDT,0.5854,35.3,0.5853,22.4,0.5855,2.3,0.5856,36.0
1753592140795,04:55:40.795,bybit,ACE/USDT:USDT,0.5854,35.3,0.5853,22.4,0.5855,2.3,0.5856,36.0
1753592140894,04:55:40.894,bybit,ACE/USDT:USDT,0.5854,35.3,0.5853,22.4,0.5855,2.3,0.5856,36.0
1753592141494,04:55:41.494,bybit,ACE/USDT:USDT,0.5854,35.3,0.5853,22.4,0.5855,2.3,0.5856,36.0
1753592141595,04:55:41.595,bybit,ACE/USDT:USDT,0.5854,35.3,0.5853,22.4,0.5855,2.3,0.5856,36.0
1753592142202,04:55:42.202,bybit,ACE/USDT:USDT,0.5854,35.3,0.5853,22.4,0.5855,2.3,0.5856,36.0
1753592142694,04:55:42.694,bybit,ACE/USDT:USDT,0.5854,35.3,0.5853,22.4,0.5855,2.3,0.5856,36.0
1753592142794,04:55:42.794,bybit,ACE/USDT:USDT,0.5854,35.3,0.5853,22.4,0.5855,2.3,0.5856,36.0
1753592143394,04:55:43.394,bybit,ACE/USDT:USDT,0.5854,35.3,0.5853,22.4,0.5855,2.3,0.5856,36.0
1753592143594,04:55:43.594,bybit,ACE/USDT:USDT,0.5854,35.3,0.5853,22.4,0.5855,2.3,0.5856,36.0
1753592143894,04:55:43.894,bybit,ACE/USDT:USDT,0.5854,35.3,0.5853,22.4,0.5855,3.0,0.5856,36.0
1753592143994,04:55:43.994,bybit,ACE/USDT:USDT,0.5854,35.3,0.5853,22.4,0.5855,3.0,0.5856,36.0
1753592144994,04:55:44.994,bybit,ACE/USDT:USDT,0.5854,35.3,0.5853,22.4,0.5855,3.1,0.5856,36.0
1753592146095,04:55:46.095,bybit,ACE/USDT:USDT,0.5854,35.3,0.5853,22.4,0.5855,3.1,0.5856,36.0
1753592146199,04:55:46.199,bybit,ACE/USDT:USDT,0.5854,35.3,0.5853,22.4,0.5855,3.1,0.5856,36.0
1753592146694,04:55:46.694,bybit,ACE/USDT:USDT,0.5854,35.3,0.5853,22.4,0.5855,3.1,0.5856,36.0
1753592146794,04:55:46.794,bybit,ACE/USDT:USDT,0.5854,35.3,0.5853,22.4,0.5855,3.1,0.5856,36.0
1753592147195,04:55:47.195,bybit,ACE/USDT:USDT,0.5854,35.3,0.5853,22.4,0.5855,3.1,0.5856,36.0
1753592147296,04:55:47.296,bybit,ACE/USDT:USDT,0.5854,35.3,0.5853,22.4,0.5855,3.1,0.5856,36.0
1753592147694,04:55:47.694,bybit,ACE/USDT:USDT,0.5854,35.3,0.5853,22.4,0.5855,3.1,0.5856,36.0
1753592147894,04:55:47.894,bybit,ACE/USDT:USDT,0.5854,35.3,0.5853,22.4,0.5855,3.1,0.5856,36.0
1753592148894,04:55:48.894,bybit,ACE/USDT:USDT,0.5854,35.3,0.5853,22.4,0.5855,3.1,0.5856,36.0
1753592148994,04:55:48.994,bybit,ACE/USDT:USDT,0.5854,35.3,0.5853,22.4,0.5855,3.1,0.5856,36.0
1753592149197,04:55:49.197,bybit,ACE/USDT:USDT,0.5854,37.5,0.5853,18.9,0.5855,3.1,0.5856,36.0
1753592149494,04:55:49.494,bybit,ACE/USDT:USDT,0.5854,37.5,0.5853,18.9,0.5855,3.1,0.5856,36.0
1753592149594,04:55:49.594,bybit,ACE/USDT:USDT,0.5854,37.5,0.5853,18.9,0.5855,3.1,0.5856,36.0
1753592150095,04:55:50.095,bybit,ACE/USDT:USDT,0.5854,37.5,0.5853,18.9,0.5855,3.1,0.5856,36.0
1753592150199,04:55:50.199,bybit,ACE/USDT:USDT,0.5854,37.5,0.5853,18.9,0.5855,3.1,0.5856,36.0
1753592150695,04:55:50.695,bybit,ACE/USDT:USDT,0.5854,37.5,0.5853,18.9,0.5855,3.1,0.5856,36.0
1753592150794,04:55:50.794,bybit,ACE/USDT:USDT,0.5854,37.5,0.5853,18.9,0.5855,3.1,0.5856,36.0
1753592151195,04:55:51.195,bybit,ACE/USDT:USDT,0.5854,37.5,0.5853,18.9,0.5855,3.1,0.5856,36.0
1753592151295,04:55:51.295,bybit,ACE/USDT:USDT,0.5854,37.5,0.5853,18.9,0.5855,3.1,0.5856,36.0
1753592151795,04:55:51.795,bybit,ACE/USDT:USDT,0.5854,37.5,0.5853,18.9,0.5855,3.1,0.5856,36.0
1753592151894,04:55:51.894,bybit,ACE/USDT:USDT,0.5854,37.5,0.5853,18.9,0.5855,3.1,0.5856,36.0
1753592152094,04:55:52.094,bybit,ACE/USDT:USDT,0.5854,37.5,0.5853,18.9,0.5855,3.1,0.5856,36.0
1753592152394,04:55:52.394,bybit,ACE/USDT:USDT,0.5854,37.5,0.5853,18.9,0.5855,3.1,0.5856,36.0
1753592152495,04:55:52.495,bybit,ACE/USDT:USDT,0.5854,37.5,0.5853,18.9,0.5855,3.1,0.5856,36.0
1753592152994,04:55:52.994,bybit,ACE/USDT:USDT,0.5854,37.5,0.5853,18.9,0.5855,3.1,0.5856,36.0
1753592153094,04:55:53.094,bybit,ACE/USDT:USDT,0.5854,37.5,0.5853,18.9,0.5855,3.1,0.5856,36.0
1753592153594,04:55:53.594,bybit,ACE/USDT:USDT,0.5854,37.5,0.5853,18.9,0.5855,3.1,0.5856,36.0
1753592154795,04:55:54.795,bybit,ACE/USDT:USDT,0.5854,37.5,0.5853,18.9,0.5855,3.1,0.5856,36.0
1753592154894,04:55:54.894,bybit,ACE/USDT:USDT,0.5854,37.5,0.5853,18.9,0.5855,3.1,0.5856,36.0
1753592155393,04:55:55.393,bybit,ACE/USDT:USDT,0.5854,37.5,0.5853,18.9,0.5855,3.1,0.5856,36.0
1753592155495,04:55:55.495,bybit,ACE/USDT:USDT,0.5854,37.5,0.5853,18.9,0.5855,3.1,0.5856,36.0
1753592155895,04:55:55.895,bybit,ACE/USDT:USDT,0.5854,59.5,0.5853,18.9,0.5855,3.1,0.5856,17.2
1753592155994,04:55:55.994,bybit,ACE/USDT:USDT,0.5854,59.5,0.5853,18.9,0.5855,3.1,0.5856,17.2
1753592156394,04:55:56.394,bybit,ACE/USDT:USDT,0.5854,59.5,0.5853,18.9,0.5855,3.1,0.5856,17.2
1753592156496,04:55:56.496,bybit,ACE/USDT:USDT,0.5854,59.5,0.5853,18.9,0.5855,3.1,0.5856,17.2
1753592156695,04:55:56.695,bybit,ACE/USDT:USDT,0.5854,59.5,0.5853,18.9,0.5855,3.1,0.5856,17.2
1753592156995,04:55:56.995,bybit,ACE/USDT:USDT,0.5854,59.5,0.5853,18.9,0.5855,3.1,0.5856,17.2
1753592157094,04:55:57.094,bybit,ACE/USDT:USDT,0.5854,59.5,0.5853,18.9,0.5855,3.1,0.5856,17.2
1753592157495,04:55:57.495,bybit,ACE/USDT:USDT,0.5854,59.5,0.5853,18.9,0.5855,3.1,0.5856,17.2
1753592157594,04:55:57.594,bybit,ACE/USDT:USDT,0.5854,59.5,0.5853,18.9,0.5855,3.1,0.5856,17.2
1753592158194,04:55:58.194,bybit,ACE/USDT:USDT,0.5854,59.5,0.5853,18.9,0.5855,3.1,0.5856,17.2
1753592158294,04:55:58.294,bybit,ACE/USDT:USDT,0.5854,59.5,0.5853,18.9,0.5855,3.1,0.5856,17.2
1753592158594,04:55:58.594,bybit,ACE/USDT:USDT,0.5854,59.5,0.5853,18.9,0.5855,3.1,0.5856,17.2
1753592158695,04:55:58.695,bybit,ACE/USDT:USDT,0.5854,59.5,0.5853,18.9,0.5855,3.1,0.5856,17.2
1753592159795,04:55:59.795,bybit,ACE/USDT:USDT,0.5854,59.5,0.5853,18.9,0.5855,3.1,0.5856,17.2
1753592159895,04:55:59.895,bybit,ACE/USDT:USDT,0.5854,59.5,0.5853,18.9,0.5855,3.1,0.5856,17.2
1753592160196,04:56:00.196,bybit,ACE/USDT:USDT,0.5854,59.5,0.5853,18.9,0.5855,3.1,0.5856,17.2
1753592160295,04:56:00.295,bybit,ACE/USDT:USDT,0.5854,59.5,0.5853,18.9,0.5855,3.1,0.5856,17.2
1753592160395,04:56:00.395,bybit,ACE/USDT:USDT,0.5854,59.5,0.5853,18.9,0.5855,3.1,0.5856,17.2
1753592160894,04:56:00.894,bybit,ACE/USDT:USDT,0.5854,59.5,0.5853,18.9,0.5855,3.1,0.5856,17.2
1753592160996,04:56:00.996,bybit,ACE/USDT:USDT,0.5854,59.5,0.5853,18.9,0.5855,3.1,0.5856,17.2
1753592161394,04:56:01.394,bybit,ACE/USDT:USDT,0.5854,59.5,0.5853,18.9,0.5855,3.1,0.5856,17.2
1753592161494,04:56:01.494,bybit,ACE/USDT:USDT,0.5854,59.5,0.5853,18.9,0.5855,3.1,0.5856,17.2
1753592161795,04:56:01.795,bybit,ACE/USDT:USDT,0.5854,59.5,0.5853,18.9,0.5855,3.1,0.5856,17.2
1753592162095,04:56:02.095,bybit,ACE/USDT:USDT,0.5855,22.0,0.5854,59.5,0.5856,17.2,0.5857,8.6
1753592162200,04:56:02.200,bybit,ACE/USDT:USDT,0.5854,1776.7,0.5852,718.1,0.5856,17.2,0.5857,27.5
1753592162294,04:56:02.294,bybit,ACE/USDT:USDT,0.5854,1776.7,0.5852,718.1,0.5856,17.2,0.5857,27.5
1753592162494,04:56:02.494,bybit,ACE/USDT:USDT,0.5854,1776.7,0.5852,718.1,0.5856,17.2,0.5857,27.5
1753592162594,04:56:02.594,bybit,ACE/USDT:USDT,0.5854,1776.7,0.5852,718.1,0.5856,17.2,0.5857,27.5
1753592162695,04:56:02.695,bybit,ACE/USDT:USDT,0.5855,170.8,0.5854,1776.7,0.5856,17.2,0.5857,27.5
1753592162794,04:56:02.794,bybit,ACE/USDT:USDT,0.5854,1776.7,0.5852,718.1,0.5856,17.2,0.5857,27.5
1753592162895,04:56:02.895,bybit,ACE/USDT:USDT,0.5854,1776.7,0.5852,718.1,0.5856,25.8,0.5857,27.5
1753592162994,04:56:02.994,bybit,ACE/USDT:USDT,0.5855,170.8,0.5854,1776.7,0.5856,17.2,0.5857,27.5
1753592163096,04:56:03.096,bybit,ACE/USDT:USDT,0.5855,35.3,0.5854,1741.4,0.5856,17.2,0.5857,27.5
1753592164294,04:56:04.294,bybit,ACE/USDT:USDT,0.5855,35.3,0.5854,1741.4,0.5856,17.2,0.5857,27.5
1753592164394,04:56:04.394,bybit,ACE/USDT:USDT,0.5855,35.3,0.5854,1741.4,0.5856,17.2,0.5857,27.5
1753592164795,04:56:04.795,bybit,ACE/USDT:USDT,0.5855,972.0,0.5854,1741.4,0.5856,17.2,0.5857,27.5
1753592164994,04:56:04.994,bybit,ACE/USDT:USDT,0.5855,972.0,0.5854,1741.4,0.5856,17.2,0.5857,27.5
1753592165295,04:56:05.295,bybit,ACE/USDT:USDT,0.5855,972.0,0.5854,1741.4,0.5856,17.2,0.5857,8.6
1753592165695,04:56:05.695,bybit,ACE/USDT:USDT,0.5855,972.0,0.5854,1719.4,0.5856,25.8,0.5857,8.6
1753592165894,04:56:05.894,bybit,ACE/USDT:USDT,0.5855,972.0,0.5854,1719.4,0.5856,25.8,0.5857,8.6
1753592165994,04:56:05.994,bybit,ACE/USDT:USDT,0.5855,972.0,0.5854,1719.4,0.5856,17.2,0.5857,8.6
1753592166194,04:56:06.194,bybit,ACE/USDT:USDT,0.5855,1054.6,0.5854,1719.4,0.5856,25.8,0.5857,8.6
1753592166295,04:56:06.295,bybit,ACE/USDT:USDT,0.5855,1054.6,0.5854,1719.4,0.5856,17.2,0.5857,8.6
1753592166395,04:56:06.395,bybit,ACE/USDT:USDT,0.5855,1054.6,0.5854,1719.4,0.5856,25.8,0.5857,8.6
1753592166494,04:56:06.494,bybit,ACE/USDT:USDT,0.5855,1054.6,0.5854,1719.4,0.5856,17.2,0.5857,8.6
1753592166594,04:56:06.594,bybit,ACE/USDT:USDT,0.5855,1054.6,0.5854,1719.4,0.5856,25.8,0.5857,8.6
1753592166695,04:56:06.695,bybit,ACE/USDT:USDT,0.5855,1738.4,0.5854,1719.4,0.5858,27.5,0.5859,27.5
1753592166994,04:56:06.994,bybit,ACE/USDT:USDT,0.5855,1738.4,0.5854,1719.4,0.5858,27.5,0.5859,27.5
1753592167094,04:56:07.094,bybit,ACE/USDT:USDT,0.5855,1738.4,0.5854,1719.4,0.5858,27.5,0.5859,27.5
1753592167594,04:56:07.594,bybit,ACE/USDT:USDT,0.5855,1738.4,0.5854,1719.4,0.5858,27.5,0.5859,27.5
1753592167694,04:56:07.694,bybit,ACE/USDT:USDT,0.5855,1738.4,0.5854,1719.4,0.5858,27.5,0.5859,27.5
1753592167794,04:56:07.794,bybit,ACE/USDT:USDT,0.5855,1738.4,0.5854,1719.4,0.5858,27.5,0.5859,27.5
1753592167894,04:56:07.894,bybit,ACE/USDT:USDT,0.5855,1738.4,0.5854,1719.4,0.5858,27.5,0.5859,27.5
1753592168094,04:56:08.094,bybit,ACE/USDT:USDT,0.5855,1738.4,0.5854,1719.4,0.5858,27.5,0.5859,27.5
1753592168194,04:56:08.194,bybit,ACE/USDT:USDT,0.5855,1738.4,0.5854,1719.4,0.5858,27.5,0.5859,27.5
1753592168294,04:56:08.294,bybit,ACE/USDT:USDT,0.5856,18.9,0.5855,716.3,0.5858,27.5,0.5859,27.5
1753592168395,04:56:08.395,bybit,ACE/USDT:USDT,0.5856,18.9,0.5855,551.1,0.5858,27.5,0.5859,27.5
1753592168495,04:56:08.495,bybit,ACE/USDT:USDT,0.5856,18.9,0.5855,551.1,0.5858,27.5,0.5859,27.5
1753592168594,04:56:08.594,bybit,ACE/USDT:USDT,0.5856,18.9,0.5855,551.1,0.5858,27.5,0.5859,27.5
1753592168795,04:56:08.795,bybit,ACE/USDT:USDT,0.5856,18.9,0.5855,551.1,0.5858,27.5,0.5859,27.5
1753592169094,04:56:09.094,bybit,ACE/USDT:USDT,0.5856,54.1,0.5855,515.8,0.5858,27.5,0.5859,27.5
1753592169794,04:56:09.794,bybit,ACE/USDT:USDT,0.5856,54.1,0.5855,515.8,0.5858,27.5,0.5859,27.5
1753592169895,04:56:09.895,bybit,ACE/USDT:USDT,0.5856,54.1,0.5855,515.8,0.5858,27.5,0.5859,27.5
1753592170294,04:56:10.294,bybit,ACE/USDT:USDT,0.5856,54.1,0.5855,515.8,0.5858,27.5,0.5859,27.5
1753592170494,04:56:10.494,bybit,ACE/USDT:USDT,0.5856,54.1,0.5855,515.8,0.5858,27.5,0.5859,27.5
1753592170894,04:56:10.894,bybit,ACE/USDT:USDT,0.5856,54.1,0.5855,515.8,0.5858,27.5,0.5859,27.5
1753592171094,04:56:11.094,bybit,ACE/USDT:USDT,0.5856,35.2,0.5855,515.8,0.5858,27.5,0.5859,27.5
1753592171495,04:56:11.495,bybit,ACE/USDT:USDT,0.5856,35.2,0.5855,515.8,0.5858,27.5,0.5859,27.5
1753592171596,04:56:11.596,bybit,ACE/USDT:USDT,0.5856,35.2,0.5855,515.8,0.5858,27.5,0.5859,27.5
1753592171995,04:56:11.995,bybit,ACE/USDT:USDT,0.5856,35.2,0.5855,515.8,0.5858,27.5,0.5859,27.5
1753592172195,04:56:12.195,bybit,ACE/USDT:USDT,0.5856,35.2,0.5855,515.8,0.5858,27.5,0.5859,27.5
1753592172294,04:56:12.294,bybit,ACE/USDT:USDT,0.5856,35.2,0.5855,515.8,0.5858,27.5,0.5859,27.5
1753592172395,04:56:12.395,bybit,ACE/USDT:USDT,0.5856,35.2,0.5855,515.8,0.5858,27.5,0.5859,27.5
1753592172594,04:56:12.594,bybit,ACE/USDT:USDT,0.5856,35.2,0.5855,515.8,0.5858,27.5,0.5859,27.5
1753592172696,04:56:12.696,bybit,ACE/USDT:USDT,0.5856,54.1,0.5855,534.7,0.5858,27.5,0.5859,27.5
1753592172794,04:56:12.794,bybit,ACE/USDT:USDT,0.5856,54.1,0.5855,534.7,0.5858,27.5,0.5859,27.5
1753592173895,04:56:13.895,bybit,ACE/USDT:USDT,0.5856,54.1,0.5855,534.7,0.5858,27.5,0.5859,27.5
1753592173994,04:56:13.994,bybit,ACE/USDT:USDT,0.5856,54.1,0.5855,534.7,0.5858,27.5,0.5859,27.5
1753592174395,04:56:14.395,bybit,ACE/USDT:USDT,0.5856,54.1,0.5855,534.7,0.5858,27.5,0.5859,27.5
1753592174494,04:56:14.494,bybit,ACE/USDT:USDT,0.5856,54.1,0.5855,534.7,0.5858,27.5,0.5859,27.5
1753592174594,04:56:14.594,bybit,ACE/USDT:USDT,0.5856,54.1,0.5855,534.7,0.5858,27.5,0.5859,27.5
1753592174994,04:56:14.994,bybit,ACE/USDT:USDT,0.5856,54.1,0.5855,534.7,0.5858,27.5,0.5859,27.5
1753592175094,04:56:15.094,bybit,ACE/USDT:USDT,0.5856,54.1,0.5855,534.7,0.5858,27.5,0.5859,27.5
1753592175595,04:56:15.595,bybit,ACE/USDT:USDT,0.5856,54.1,0.5855,534.7,0.5858,27.5,0.5859,27.5
1753592175695,04:56:15.695,bybit,ACE/USDT:USDT,0.5856,54.1,0.5855,534.7,0.5858,27.5,0.5859,27.5
1753592176200,04:56:16.200,bybit,ACE/USDT:USDT,0.5856,54.1,0.5855,534.7,0.5858,27.5,0.5859,27.5
1753592176294,04:56:16.294,bybit,ACE/USDT:USDT,0.5856,54.1,0.5855,534.7,0.5858,27.5,0.5859,27.5
1753592176595,04:56:16.595,bybit,ACE/USDT:USDT,0.5856,54.1,0.5855,534.7,0.5858,27.5,0.5859,27.5
1753592176794,04:56:16.794,bybit,ACE/USDT:USDT,0.5856,54.1,0.5855,534.7,0.5858,27.5,0.5859,27.5
1753592177294,04:56:17.294,bybit,ACE/USDT:USDT,0.5856,54.1,0.5855,534.7,0.5858,27.5,0.5859,27.5
1753592177895,04:56:17.895,bybit,ACE/USDT:USDT,0.5856,54.1,0.5855,534.7,0.5858,27.5,0.5859,27.5
1753592178494,04:56:18.494,bybit,ACE/USDT:USDT,0.5856,54.1,0.5855,534.7,0.5858,27.5,0.5859,27.5
1753592178594,04:56:18.594,bybit,ACE/USDT:USDT,0.5856,54.1,0.5855,534.7,0.5858,27.5,0.5859,27.5
1753592178994,04:56:18.994,bybit,ACE/USDT:USDT,0.5856,54.1,0.5855,534.7,0.5858,27.5,0.5859,27.5
1753592179094,04:56:19.094,bybit,ACE/USDT:USDT,0.5856,54.1,0.5855,534.7,0.5858,27.5,0.5859,27.5
1753592179294,04:56:19.294,bybit,ACE/USDT:USDT,0.5857,1.1,0.5856,54.1,0.5858,27.5,0.5859,27.5
1753592179394,04:56:19.394,bybit,ACE/USDT:USDT,0.5857,1.1,0.5856,54.1,0.5858,27.5,0.5859,27.5
1753592179495,04:56:19.495,bybit,ACE/USDT:USDT,0.5857,1.1,0.5856,54.1,0.5858,27.5,0.5859,27.5
1753592179695,04:56:19.695,bybit,ACE/USDT:USDT,0.5857,1.1,0.5856,54.1,0.5858,27.5,0.5859,27.5
1753592180094,04:56:20.094,bybit,ACE/USDT:USDT,0.5857,36.3,0.5856,18.9,0.5858,27.5,0.5859,27.5
1753592180695,04:56:20.695,bybit,ACE/USDT:USDT,0.5857,36.3,0.5856,18.9,0.5858,27.5,0.5859,27.5
1753592180794,04:56:20.794,bybit,ACE/USDT:USDT,0.5857,36.3,0.5856,18.9,0.5858,27.5,0.5859,27.5
1753592181194,04:56:21.194,bybit,ACE/USDT:USDT,0.5857,36.3,0.5856,18.9,0.5858,27.5,0.5859,27.5
1753592181294,04:56:21.294,bybit,ACE/USDT:USDT,0.5857,36.3,0.5856,18.9,0.5858,27.5,0.5859,27.5
1753592181495,04:56:21.495,bybit,ACE/USDT:USDT,0.5857,36.3,0.5856,18.9,0.5858,27.5,0.5859,27.5
1753592181594,04:56:21.594,bybit,ACE/USDT:USDT,0.5857,36.3,0.5856,18.9,0.5858,27.5,0.5859,27.5
1753592181694,04:56:21.694,bybit,ACE/USDT:USDT,0.5857,36.3,0.5856,18.9,0.5858,27.5,0.5859,27.5
1753592181794,04:56:21.794,bybit,ACE/USDT:USDT,0.5857,36.3,0.5856,18.9,0.5858,27.5,0.5859,27.5
1753592182095,04:56:22.095,bybit,ACE/USDT:USDT,0.5857,36.3,0.5856,18.9,0.5858,27.5,0.5859,27.5
1753592182200,04:56:22.200,bybit,ACE/USDT:USDT,0.5857,36.3,0.5856,18.9,0.5858,27.5,0.5859,27.5
1753592182394,04:56:22.394,bybit,ACE/USDT:USDT,0.5857,36.3,0.5856,18.9,0.5858,27.5,0.5859,27.5
1753592182894,04:56:22.894,bybit,ACE/USDT:USDT,0.5857,36.3,0.5856,18.9,0.5858,27.5,0.5859,27.5
1753592183394,04:56:23.394,bybit,ACE/USDT:USDT,0.5857,36.3,0.5856,18.9,0.5858,27.5,0.5859,27.5
1753592183594,04:56:23.594,bybit,ACE/USDT:USDT,0.5857,36.3,0.5856,18.9,0.5858,27.5,0.5859,27.5
1753592184594,04:56:24.594,bybit,ACE/USDT:USDT,0.5857,36.3,0.5856,18.9,0.5858,27.5,0.5859,27.5
1753592184694,04:56:24.694,bybit,ACE/USDT:USDT,0.5857,36.3,0.5856,18.9,0.5858,27.5,0.5859,27.5
1753592185194,04:56:25.194,bybit,ACE/USDT:USDT,0.5857,36.3,0.5856,18.9,0.5858,27.5,0.5859,27.5
1753592185294,04:56:25.294,bybit,ACE/USDT:USDT,0.5857,36.3,0.5856,18.9,0.5858,27.5,0.5859,27.5
1753592185994,04:56:25.994,bybit,ACE/USDT:USDT,0.5857,37.3,0.5856,18.9,0.5858,27.5,0.5859,27.5
1753592186199,04:56:26.199,bybit,ACE/USDT:USDT,0.5857,37.3,0.5856,18.9,0.5858,27.5,0.5859,27.5
1753592186294,04:56:26.294,bybit,ACE/USDT:USDT,0.5857,37.3,0.5856,18.9,0.5858,27.5,0.5859,27.5
1753592186394,04:56:26.394,bybit,ACE/USDT:USDT,0.5857,37.3,0.5856,18.9,0.5858,27.5,0.5859,27.5
1753592186695,04:56:26.695,bybit,ACE/USDT:USDT,0.5857,37.3,0.5856,18.9,0.5858,27.5,0.5859,27.5
1753592186794,04:56:26.794,bybit,ACE/USDT:USDT,0.5857,37.3,0.5856,18.9,0.5858,27.5,0.5859,27.5
1753592186894,04:56:26.894,bybit,ACE/USDT:USDT,0.5857,37.3,0.5856,18.9,0.5858,27.5,0.5859,27.5
1753592187095,04:56:27.095,bybit,ACE/USDT:USDT,0.5857,37.3,0.5856,18.9,0.5858,8.6,0.5859,27.5
1753592187395,04:56:27.395,bybit,ACE/USDT:USDT,0.5857,37.3,0.5856,18.9,0.5858,8.6,0.5859,27.5
1753592187594,04:56:27.594,bybit,ACE/USDT:USDT,0.5857,37.3,0.5856,18.9,0.5858,8.6,0.5859,27.5
1753592188594,04:56:28.594,bybit,ACE/USDT:USDT,0.5857,37.3,0.5856,18.9,0.5858,8.6,0.5859,27.5
1753592188695,04:56:28.695,bybit,ACE/USDT:USDT,0.5857,37.3,0.5856,18.9,0.5858,8.6,0.5859,27.5
1753592189194,04:56:29.194,bybit,ACE/USDT:USDT,0.5857,37.3,0.5856,18.9,0.5858,8.6,0.5859,27.5
1753592189294,04:56:29.294,bybit,ACE/USDT:USDT,0.5857,37.3,0.5856,18.9,0.5858,8.6,0.5859,27.5
1753592189794,04:56:29.794,bybit,ACE/USDT:USDT,0.5857,37.3,0.5856,18.9,0.5858,8.6,0.5859,27.5
1753592189894,04:56:29.894,bybit,ACE/USDT:USDT,0.5857,37.3,0.5856,18.9,0.5858,8.6,0.5859,27.5
1753592190199,04:56:30.199,bybit,ACE/USDT:USDT,0.5857,37.3,0.5856,18.9,0.5858,8.6,0.5859,27.5
1753592190294,04:56:30.294,bybit,ACE/USDT:USDT,0.5857,37.3,0.5856,18.9,0.5858,8.6,0.5859,27.5
1753592191295,04:56:31.295,bybit,ACE/USDT:USDT,0.5857,37.3,0.5856,18.9,0.5858,8.6,0.5859,27.5
1753592191494,04:56:31.494,bybit,ACE/USDT:USDT,0.5857,37.3,0.5856,18.9,0.5858,8.6,0.5859,27.5
1753592192494,04:56:32.494,bybit,ACE/USDT:USDT,0.5857,37.3,0.5856,18.9,0.5858,8.6,0.5859,27.5
1753592193095,04:56:33.095,bybit,ACE/USDT:USDT,0.5857,37.3,0.5856,18.9,0.5858,8.6,0.5859,27.5
1753592193195,04:56:33.195,bybit,ACE/USDT:USDT,0.5857,37.3,0.5856,18.9,0.5858,8.6,0.5859,27.5
1753592193294,04:56:33.294,bybit,ACE/USDT:USDT,0.5857,37.3,0.5856,18.9,0.5858,8.6,0.5859,27.5
1753592193696,04:56:33.696,bybit,ACE/USDT:USDT,0.5857,37.3,0.5856,18.9,0.5858,8.6,0.5859,27.5
1753592194194,04:56:34.194,bybit,ACE/USDT:USDT,0.5857,37.3,0.5856,18.9,0.5858,8.6,0.5859,27.5
1753592194294,04:56:34.294,bybit,ACE/USDT:USDT,0.5857,37.3,0.5856,18.9,0.5858,8.6,0.5859,27.5
1753592194694,04:56:34.694,bybit,ACE/USDT:USDT,0.5857,37.3,0.5856,18.9,0.5858,8.6,0.5859,27.5
1753592194795,04:56:34.795,bybit,ACE/USDT:USDT,0.5857,37.3,0.5856,18.9,0.5858,8.6,0.5859,27.5
