timestamp,time,symbol,bid1_price,bid1_volume,bid2_price,bid2_volume,ask1_price,ask1_volume,ask2_price,ask2_volume
1753546956459,16:22:36.459,AAVE/USDT:USDT,294.68,12.5,294.65,4.7,294.69,0.1,294.84,0.4
1753546957357,16:22:37.357,AAVE/USDT:USDT,294.68,12.5,294.65,4.7,294.69,0.1,294.84,0.4
1753546957368,16:22:37.368,AAVE/USDT:USDT,294.68,12.5,294.65,4.7,294.69,0.1,294.84,0.4
1753546959874,16:22:39.874,AAVE/USDT:USDT,294.68,12.5,294.65,4.7,294.69,0.1,294.84,0.4
1753546959890,16:22:39.890,AAVE/USDT:USDT,294.68,12.5,294.65,4.7,294.69,0.1,294.84,0.4
1753546959931,16:22:39.931,AAVE/USDT:USDT,294.68,12.5,294.65,4.7,294.69,0.1,294.84,0.4
1753546960015,16:22:40.015,AAVE/USDT:USDT,294.68,12.5,294.65,4.7,294.69,0.1,294.84,0.4
1753546960588,16:22:40.588,AAVE/USDT:USDT,294.68,12.1,294.65,4.7,294.69,0.1,294.84,0.4
1753546960706,16:22:40.706,AAVE/USDT:USDT,294.68,12.1,294.65,4.7,294.69,0.1,294.84,0.4
1753546960773,16:22:40.773,AAVE/USDT:USDT,294.68,12.1,294.65,4.7,294.69,0.1,294.84,0.4
1753546960820,16:22:40.820,AAVE/USDT:USDT,294.68,12.1,294.65,4.7,294.69,0.1,294.84,0.4
1753546961010,16:22:41.010,AAVE/USDT:USDT,294.68,12.1,294.65,4.7,294.69,0.1,294.84,0.4
1753546961182,16:22:41.182,AAVE/USDT:USDT,294.68,12.1,294.65,4.7,294.69,0.1,294.84,0.1
1753546961186,16:22:41.186,AAVE/USDT:USDT,294.68,12.1,294.65,4.7,294.69,0.1,294.87,0.4
1753546962042,16:22:42.042,AAVE/USDT:USDT,294.68,12.1,294.65,4.7,294.69,0.1,294.87,0.4
1753546962055,16:22:42.055,AAVE/USDT:USDT,294.68,12.1,294.65,4.7,294.69,0.1,294.87,0.4
1753546962127,16:22:42.127,AAVE/USDT:USDT,294.68,12.1,294.65,4.7,294.69,0.1,294.87,0.4
1753546962374,16:22:42.374,AAVE/USDT:USDT,294.68,12.1,294.65,4.7,294.69,0.1,294.87,0.4
1753546962762,16:22:42.762,AAVE/USDT:USDT,294.68,12.1,294.65,4.7,294.69,0.1,294.87,0.4
1753546963928,16:22:43.928,AAVE/USDT:USDT,294.68,12.1,294.65,4.7,294.69,0.1,294.87,0.4
1753546964814,16:22:44.814,AAVE/USDT:USDT,294.68,12.1,294.65,4.7,294.69,0.1,294.87,0.4
1753546965042,16:22:45.042,AAVE/USDT:USDT,294.68,12.1,294.65,4.7,294.69,0.1,294.87,0.4
1753546965256,16:22:45.256,AAVE/USDT:USDT,294.68,12.1,294.65,4.7,294.69,0.1,294.87,0.4
1753546965401,16:22:45.401,AAVE/USDT:USDT,294.68,12.1,294.65,4.7,294.69,0.1,294.87,0.4
1753546965436,16:22:45.436,AAVE/USDT:USDT,294.68,12.1,294.65,4.7,294.69,0.1,294.87,0.4
1753546966344,16:22:46.344,AAVE/USDT:USDT,294.68,12.1,294.65,4.7,294.87,0.4,294.9,4.2
1753546966374,16:22:46.374,AAVE/USDT:USDT,294.68,12.1,294.65,4.7,294.69,0.1,294.87,0.5
1753546966396,16:22:46.396,AAVE/USDT:USDT,294.68,12.1,294.65,4.7,294.69,0.1,294.87,0.4
1753546967013,16:22:47.013,AAVE/USDT:USDT,294.68,12.1,294.65,4.7,294.69,0.1,294.87,0.4
1753546967047,16:22:47.047,AAVE/USDT:USDT,294.68,12.1,294.65,4.7,294.69,0.1,294.87,0.4
1753546967369,16:22:47.369,AAVE/USDT:USDT,294.68,12.1,294.65,4.7,294.69,0.1,294.87,0.4
1753546967408,16:22:47.408,AAVE/USDT:USDT,294.68,12.1,294.65,4.7,294.69,0.1,294.87,0.4
1753546968035,16:22:48.035,AAVE/USDT:USDT,294.68,12.1,294.65,4.7,294.69,0.1,294.87,0.4
1753546968484,16:22:48.484,AAVE/USDT:USDT,294.68,12.1,294.65,4.7,294.69,0.1,294.87,0.4
1753546969834,16:22:49.834,AAVE/USDT:USDT,294.68,12.1,294.65,4.7,294.69,0.1,294.87,0.4
1753546969878,16:22:49.878,AAVE/USDT:USDT,294.68,12.1,294.65,4.7,294.69,0.1,294.87,0.4
1753546971547,16:22:51.547,AAVE/USDT:USDT,294.68,12.1,294.65,4.7,294.87,0.4,294.9,4.2
1753546971591,16:22:51.591,AAVE/USDT:USDT,294.68,12.1,294.65,4.7,294.69,0.1,294.87,0.5
1753546971626,16:22:51.626,AAVE/USDT:USDT,294.68,12.1,294.65,4.7,294.69,0.1,294.87,0.4
1753546974158,16:22:54.158,AAVE/USDT:USDT,294.68,12.1,294.66,10.1,294.69,0.1,294.87,0.4
1753546974640,16:22:54.640,AAVE/USDT:USDT,294.68,12.1,294.66,10.1,294.69,0.1,294.87,0.4
1753546976423,16:22:56.423,AAVE/USDT:USDT,294.68,12.1,294.66,10.1,294.69,0.1,294.87,0.4
1753546976759,16:22:56.759,AAVE/USDT:USDT,294.68,12.1,294.66,10.1,294.69,0.1,294.87,0.4
1753546976776,16:22:56.776,AAVE/USDT:USDT,294.68,12.1,294.66,10.1,294.69,0.1,294.85,0.4
1753546977445,16:22:57.445,AAVE/USDT:USDT,294.68,12.1,294.66,10.1,294.69,0.1,294.9,0.4
1753546977886,16:22:57.886,AAVE/USDT:USDT,294.69,0.1,294.68,12.1,294.9,0.4,294.96,4.6
1753546977928,16:22:57.928,AAVE/USDT:USDT,294.69,0.5,294.68,11.9,294.9,0.5,294.96,4.6
1753546977961,16:22:57.961,AAVE/USDT:USDT,294.84,0.3,294.69,0.5,294.88,0.4,294.9,0.1
1753546978013,16:22:58.013,AAVE/USDT:USDT,294.83,11.9,294.69,0.5,294.88,0.5,294.94,0.4
1753546978034,16:22:58.034,AAVE/USDT:USDT,294.83,11.9,294.78,1.3,294.86,0.4,294.88,0.5
1753546978070,16:22:58.070,AAVE/USDT:USDT,294.83,11.9,294.78,1.3,294.86,0.5,294.94,0.4
1753546978097,16:22:58.097,AAVE/USDT:USDT,294.83,11.9,294.78,1.3,294.84,0.4,294.86,0.1
1753546978115,16:22:58.115,AAVE/USDT:USDT,294.83,11.9,294.78,1.3,294.84,0.5,294.94,0.4
1753546978137,16:22:58.137,AAVE/USDT:USDT,294.83,11.9,294.78,1.3,294.84,0.5,294.94,0.4
1753546978340,16:22:58.340,AAVE/USDT:USDT,294.83,11.9,294.78,1.3,294.84,0.5,294.94,0.4
1753546978588,16:22:58.588,AAVE/USDT:USDT,294.83,11.9,294.78,1.3,294.84,0.5,294.94,0.4
1753546978596,16:22:58.596,AAVE/USDT:USDT,294.83,11.9,294.8,0.4,294.84,0.1,294.94,0.4
1753546978837,16:22:58.837,AAVE/USDT:USDT,294.83,11.9,294.8,0.4,294.84,0.1,294.94,0.4
1753546978945,16:22:58.945,AAVE/USDT:USDT,294.83,11.9,294.69,0.4,294.84,0.1,294.94,0.4
1753546978993,16:22:58.993,AAVE/USDT:USDT,294.83,11.9,294.76,1.3,294.84,0.1,294.94,0.4
1753546979028,16:22:59.028,AAVE/USDT:USDT,294.83,11.9,294.77,0.4,294.84,0.1,294.94,0.4
1753546979150,16:22:59.150,AAVE/USDT:USDT,294.83,11.9,294.77,0.4,294.84,0.1,294.94,0.4
1753546979296,16:22:59.296,AAVE/USDT:USDT,294.83,11.9,294.77,0.4,294.84,0.1,294.94,0.4
1753546979453,16:22:59.453,AAVE/USDT:USDT,294.83,11.9,294.77,0.4,294.84,0.1,294.94,0.4
1753546979606,16:22:59.606,AAVE/USDT:USDT,294.83,11.9,294.77,0.4,294.84,0.1,294.94,0.4
1753546979764,16:22:59.764,AAVE/USDT:USDT,294.83,11.9,294.77,0.4,294.84,0.1,294.94,0.4
1753546979915,16:22:59.915,AAVE/USDT:USDT,294.83,11.9,294.77,0.4,294.84,0.1,294.94,0.4
1753546980079,16:23:00.079,AAVE/USDT:USDT,294.83,11.9,294.77,0.4,294.84,0.1,294.94,0.4
1753546980113,16:23:00.113,AAVE/USDT:USDT,294.83,11.9,294.77,0.4,294.84,0.1,294.94,0.4
1753546980157,16:23:00.157,AAVE/USDT:USDT,294.83,11.9,294.77,0.4,294.84,0.1,294.94,0.4
1753546980168,16:23:00.168,AAVE/USDT:USDT,294.83,11.9,294.77,0.4,294.84,0.1,294.94,0.4
1753546980182,16:23:00.182,AAVE/USDT:USDT,294.83,11.9,294.77,0.4,294.84,0.1,294.94,0.4
1753546980240,16:23:00.240,AAVE/USDT:USDT,294.83,11.9,294.76,1.3,294.84,0.5,294.94,0.4
1753546980303,16:23:00.303,AAVE/USDT:USDT,294.83,11.9,294.76,1.3,294.84,0.1,294.94,0.4
1753546980348,16:23:00.348,AAVE/USDT:USDT,294.83,11.9,294.77,0.4,294.84,0.1,294.94,0.4
1753546980448,16:23:00.448,AAVE/USDT:USDT,294.83,11.9,294.77,0.4,294.84,0.5,294.94,0.4
1753546980483,16:23:00.483,AAVE/USDT:USDT,294.83,11.9,294.77,0.4,294.84,0.1,294.94,0.4
1753546980555,16:23:00.555,AAVE/USDT:USDT,294.83,11.9,294.77,0.4,294.84,0.5,294.94,0.4
1753546980577,16:23:00.577,AAVE/USDT:USDT,294.83,11.9,294.77,0.4,294.84,0.1,294.94,0.4
1753546980695,16:23:00.695,AAVE/USDT:USDT,294.83,11.9,294.77,0.4,294.84,0.5,294.94,0.4
1753546980741,16:23:00.741,AAVE/USDT:USDT,294.83,11.9,294.77,0.4,294.84,0.1,294.94,0.4
1753546980829,16:23:00.829,AAVE/USDT:USDT,294.83,11.9,294.77,0.4,294.84,0.1,294.94,0.4
1753546980992,16:23:00.992,AAVE/USDT:USDT,294.83,11.9,294.77,0.4,294.84,0.1,294.94,0.4
1753546981037,16:23:01.037,AAVE/USDT:USDT,294.83,11.9,294.76,1.3,294.84,0.1,294.94,0.4
1753546981137,16:23:01.137,AAVE/USDT:USDT,294.83,11.9,294.76,1.3,294.84,0.1,294.94,0.4
1753546981380,16:23:01.380,AAVE/USDT:USDT,294.83,11.9,294.77,0.4,294.84,0.1,294.94,0.4
1753546981443,16:23:01.443,AAVE/USDT:USDT,294.83,11.9,294.77,0.4,294.84,0.1,294.94,0.4
1753546981663,16:23:01.663,AAVE/USDT:USDT,294.83,11.9,294.79,3.4,294.84,0.1,294.94,0.4
1753546981743,16:23:01.743,AAVE/USDT:USDT,294.83,11.9,294.79,3.4,294.84,0.1,294.94,0.4
1753546982047,16:23:02.047,AAVE/USDT:USDT,294.83,11.9,294.79,3.4,294.84,0.1,294.94,0.4
1753546982084,16:23:02.084,AAVE/USDT:USDT,294.83,11.9,294.79,3.4,294.84,0.5,294.94,0.4
1753546982107,16:23:02.107,AAVE/USDT:USDT,294.83,11.9,294.79,3.4,294.84,0.5,294.94,0.4
1753546982117,16:23:02.117,AAVE/USDT:USDT,294.83,11.9,294.79,3.4,294.84,3.8,294.94,0.4
1753546982152,16:23:02.152,AAVE/USDT:USDT,294.83,11.9,294.79,3.4,294.84,3.8,294.94,0.4
1753546982158,16:23:02.158,AAVE/USDT:USDT,294.83,11.9,294.79,3.4,294.84,3.8,294.94,0.4
1753546982196,16:23:02.196,AAVE/USDT:USDT,294.83,11.9,294.74,0.4,294.84,3.8,294.94,0.4
1753546982209,16:23:02.209,AAVE/USDT:USDT,294.83,11.9,294.74,0.4,294.84,3.8,294.94,0.4
1753546982229,16:23:02.229,AAVE/USDT:USDT,294.71,6.2,294.66,10.1,294.84,4.4,294.94,0.4
1753546982257,16:23:02.257,AAVE/USDT:USDT,294.71,6.2,294.66,10.1,294.84,4.4,294.94,0.4
1753546982285,16:23:02.285,AAVE/USDT:USDT,294.71,6.2,294.55,66.4,294.84,4.4,294.94,0.4
1753546982374,16:23:02.374,AAVE/USDT:USDT,294.71,6.2,294.68,0.4,294.84,4.0,294.94,0.4
1753546982393,16:23:02.393,AAVE/USDT:USDT,294.71,6.2,294.68,0.4,294.84,4.0,294.94,0.4
1753546982438,16:23:02.438,AAVE/USDT:USDT,294.71,6.2,294.68,0.4,294.84,4.0,294.94,0.4
1753546982448,16:23:02.448,AAVE/USDT:USDT,294.71,6.2,294.68,0.4,294.84,4.0,294.94,0.4
1753546982467,16:23:02.467,AAVE/USDT:USDT,294.71,6.2,294.68,0.4,294.84,4.0,294.94,0.4
1753546982512,16:23:02.512,AAVE/USDT:USDT,294.71,6.2,294.68,0.4,294.84,4.0,294.94,0.4
1753546982549,16:23:02.549,AAVE/USDT:USDT,294.71,6.2,294.68,0.4,294.82,0.4,294.84,4.0
1753546982588,16:23:02.588,AAVE/USDT:USDT,294.71,6.2,294.68,0.4,294.82,0.5,294.84,3.3
1753546982627,16:23:02.627,AAVE/USDT:USDT,294.71,6.2,294.68,0.4,294.82,0.5,294.84,3.3
1753546982651,16:23:02.651,AAVE/USDT:USDT,294.71,6.2,294.68,0.4,294.82,0.5,294.84,3.3
1753546982787,16:23:02.787,AAVE/USDT:USDT,294.71,6.2,294.68,0.4,294.82,0.5,294.84,3.3
1753546982831,16:23:02.831,AAVE/USDT:USDT,294.71,6.2,294.68,0.4,294.82,0.5,294.84,3.3
1753546982842,16:23:02.842,AAVE/USDT:USDT,294.71,6.2,294.68,0.4,294.82,0.5,294.84,3.3
1753546982915,16:23:02.915,AAVE/USDT:USDT,294.71,6.2,294.65,1.7,294.82,0.5,294.84,3.3
1753546982936,16:23:02.936,AAVE/USDT:USDT,294.71,6.2,294.65,1.7,294.82,0.5,294.84,3.3
1753546982990,16:23:02.990,AAVE/USDT:USDT,294.71,6.2,294.65,1.7,294.82,0.5,294.84,3.3
1753546983073,16:23:03.073,AAVE/USDT:USDT,294.71,6.2,294.65,1.3,294.82,0.5,294.84,3.3
1753546983101,16:23:03.101,AAVE/USDT:USDT,294.71,6.2,294.65,1.3,294.82,0.1,294.84,3.3
1753546983260,16:23:03.260,AAVE/USDT:USDT,294.71,6.2,294.65,1.3,294.8,0.4,294.82,0.1
1753546983283,16:23:03.283,AAVE/USDT:USDT,294.71,6.2,294.65,1.3,294.8,0.5,294.84,3.3
1753546983457,16:23:03.457,AAVE/USDT:USDT,294.71,6.2,294.65,1.7,294.8,0.5,294.84,3.3
1753546983461,16:23:03.461,AAVE/USDT:USDT,294.71,6.2,294.65,1.7,294.78,0.4,294.8,0.5
1753546983496,16:23:03.496,AAVE/USDT:USDT,294.71,6.2,294.68,0.4,294.78,0.5,294.8,0.4
1753546983555,16:23:03.555,AAVE/USDT:USDT,294.71,6.2,294.68,0.4,294.78,0.5,294.84,3.3
1753546983580,16:23:03.580,AAVE/USDT:USDT,294.71,6.2,294.68,0.4,294.78,0.5,294.84,3.3
1753546983621,16:23:03.621,AAVE/USDT:USDT,294.71,6.2,294.68,0.4,294.78,0.5,294.84,9.1
1753546983675,16:23:03.675,AAVE/USDT:USDT,294.71,6.2,294.68,0.4,294.78,0.5,294.84,9.1
1753546983827,16:23:03.827,AAVE/USDT:USDT,294.71,6.2,294.68,0.4,294.76,0.4,294.78,0.5
1753546983883,16:23:03.883,AAVE/USDT:USDT,294.71,6.2,294.68,5.8,294.76,0.5,294.78,0.4
1753546983901,16:23:03.901,AAVE/USDT:USDT,294.71,6.2,294.68,5.4,294.76,0.5,294.78,0.4
1753546983933,16:23:03.933,AAVE/USDT:USDT,294.71,6.2,294.68,5.4,294.76,0.5,294.78,0.4
1753546983981,16:23:03.981,AAVE/USDT:USDT,294.71,6.2,294.68,5.4,294.76,0.5,294.81,0.4
1753546984124,16:23:04.124,AAVE/USDT:USDT,294.71,6.2,294.68,5.4,294.76,0.5,294.81,0.4
1753546984148,16:23:04.148,AAVE/USDT:USDT,294.71,6.2,294.68,5.4,294.74,0.4,294.76,0.5
1753546984175,16:23:04.175,AAVE/USDT:USDT,294.71,6.2,294.68,5.4,294.74,0.4,294.76,0.5
1753546984183,16:23:04.183,AAVE/USDT:USDT,294.71,6.2,294.68,5.4,294.74,0.5,294.81,0.4
1753546984406,16:23:04.406,AAVE/USDT:USDT,294.71,6.2,294.68,5.4,294.72,0.5,294.81,0.4
1753546984455,16:23:04.455,AAVE/USDT:USDT,294.71,6.2,294.68,5.4,294.72,0.5,294.81,0.4
1753546984711,16:23:04.711,AAVE/USDT:USDT,294.71,6.2,294.68,5.4,294.72,0.5,294.81,0.4
1753546984769,16:23:04.769,AAVE/USDT:USDT,294.71,6.2,294.68,5.4,294.72,0.5,294.81,0.4
1753546986062,16:23:06.062,AAVE/USDT:USDT,294.71,6.2,294.68,5.4,294.72,0.5,294.81,0.4
1753546986113,16:23:06.113,AAVE/USDT:USDT,294.71,6.2,294.68,5.4,294.72,0.5,294.81,0.4
1753546986175,16:23:06.175,AAVE/USDT:USDT,294.71,6.2,294.68,5.4,294.72,0.5,294.81,0.4
1753546986183,16:23:06.183,AAVE/USDT:USDT,294.71,6.2,294.68,5.4,294.72,0.5,294.81,0.4
1753546986192,16:23:06.192,AAVE/USDT:USDT,294.71,6.2,294.68,5.4,294.72,0.5,294.81,0.4
1753546986232,16:23:06.232,AAVE/USDT:USDT,294.71,6.2,294.68,5.4,294.72,0.1,294.81,0.4
1753546986244,16:23:06.244,AAVE/USDT:USDT,294.71,6.2,294.68,5.4,294.72,0.1,294.81,0.4
1753546986305,16:23:06.305,AAVE/USDT:USDT,294.71,6.2,294.68,5.4,294.81,0.4,294.84,3.7
1753546986365,16:23:06.365,AAVE/USDT:USDT,294.71,6.2,294.68,5.8,294.81,0.4,294.84,3.7
1753546986414,16:23:06.414,AAVE/USDT:USDT,294.71,6.2,294.68,5.8,294.72,0.1,294.81,0.4
1753546986446,16:23:06.446,AAVE/USDT:USDT,294.71,6.2,294.68,5.8,294.72,0.1,294.81,0.5
1753546986471,16:23:06.471,AAVE/USDT:USDT,294.71,6.2,294.68,5.8,294.72,0.1,294.81,0.4
1753546986510,16:23:06.510,AAVE/USDT:USDT,294.71,6.2,294.68,5.8,294.72,0.1,294.81,0.4
1753546986554,16:23:06.554,AAVE/USDT:USDT,294.71,6.2,294.68,5.8,294.72,0.1,294.81,0.4
1753546986678,16:23:06.678,AAVE/USDT:USDT,294.71,6.2,294.68,5.8,294.72,0.1,294.81,0.4
1753546986787,16:23:06.787,AAVE/USDT:USDT,294.71,6.2,294.68,5.8,294.72,0.1,294.81,0.4
1753546986824,16:23:06.824,AAVE/USDT:USDT,294.71,6.2,294.68,5.8,294.72,0.1,294.81,0.4
1753546987181,16:23:07.181,AAVE/USDT:USDT,294.71,6.2,294.68,5.8,294.72,0.7,294.81,0.4
1753546987189,16:23:07.189,AAVE/USDT:USDT,294.71,6.2,294.68,5.8,294.72,0.7,294.81,0.4
1753546987575,16:23:07.575,AAVE/USDT:USDT,294.71,6.2,294.68,5.8,294.72,0.1,294.81,0.4
1753546987738,16:23:07.738,AAVE/USDT:USDT,294.71,6.2,294.68,5.8,294.72,0.1,294.81,0.4
1753546987778,16:23:07.778,AAVE/USDT:USDT,294.71,6.2,294.68,5.8,294.72,0.1,294.81,0.4
1753546987832,16:23:07.832,AAVE/USDT:USDT,294.71,6.2,294.68,5.8,294.72,0.1,294.81,0.4
1753546987840,16:23:07.840,AAVE/USDT:USDT,294.71,6.2,294.68,5.8,294.72,0.1,294.81,0.4
1753546989032,16:23:09.032,AAVE/USDT:USDT,294.71,6.2,294.68,5.8,294.72,0.1,294.81,0.4
1753546989043,16:23:09.043,AAVE/USDT:USDT,294.71,6.2,294.68,5.8,294.72,0.1,294.81,0.4
1753546989343,16:23:09.343,AAVE/USDT:USDT,294.71,6.2,294.68,5.8,294.72,0.1,294.81,0.4
1753546989487,16:23:09.487,AAVE/USDT:USDT,294.71,6.2,294.68,5.8,294.72,0.1,294.84,0.4
1753546991003,16:23:11.003,AAVE/USDT:USDT,294.81,3.7,294.72,0.1,294.84,0.4,294.94,0.4
1753546991030,16:23:11.030,AAVE/USDT:USDT,294.81,3.7,294.74,1.3,294.84,0.5,294.94,0.4
1753546991049,16:23:11.049,AAVE/USDT:USDT,294.81,3.7,294.74,1.3,294.84,0.1,294.94,0.4
1753546991057,16:23:11.057,AAVE/USDT:USDT,294.81,3.7,294.78,0.4,294.84,0.1,294.94,0.4
1753546991107,16:23:11.107,AAVE/USDT:USDT,294.82,11.9,294.81,3.7,294.84,0.5,294.94,0.4
1753546991151,16:23:11.151,AAVE/USDT:USDT,294.82,11.9,294.81,3.7,294.84,0.1,294.94,0.4
1753546991161,16:23:11.161,AAVE/USDT:USDT,294.83,0.3,294.82,11.9,294.84,0.1,294.94,0.4
1753546991240,16:23:11.240,AAVE/USDT:USDT,294.83,0.3,294.82,11.9,294.84,0.1,294.94,0.4
1753546991259,16:23:11.259,AAVE/USDT:USDT,294.83,0.3,294.82,11.9,294.84,0.1,294.94,0.4
1753546991379,16:23:11.379,AAVE/USDT:USDT,294.83,0.3,294.82,11.9,294.84,0.1,294.94,0.4
1753546991479,16:23:11.479,AAVE/USDT:USDT,294.83,0.3,294.82,11.9,294.84,0.1,294.94,0.4
1753546991538,16:23:11.538,AAVE/USDT:USDT,294.83,0.3,294.82,11.9,294.84,0.1,294.94,0.4
1753546991690,16:23:11.690,AAVE/USDT:USDT,294.83,0.3,294.82,11.9,294.84,0.1,294.94,0.4
1753546991840,16:23:11.840,AAVE/USDT:USDT,294.83,0.3,294.82,11.9,294.84,0.5,294.94,0.4
1753546991846,16:23:11.846,AAVE/USDT:USDT,294.83,0.3,294.82,11.9,294.84,0.1,294.94,0.4
1753546991899,16:23:11.899,AAVE/USDT:USDT,294.83,0.3,294.82,11.9,294.84,0.1,294.94,0.4
1753546991902,16:23:11.902,AAVE/USDT:USDT,294.83,0.3,294.82,11.9,294.84,0.1,294.94,0.4
1753546991942,16:23:11.942,AAVE/USDT:USDT,294.83,0.3,294.82,11.9,294.84,0.1,294.94,0.4
1753546991994,16:23:11.994,AAVE/USDT:USDT,294.83,0.3,294.82,11.9,294.84,0.1,294.94,0.4
1753546992081,16:23:12.081,AAVE/USDT:USDT,294.83,0.3,294.82,11.9,294.84,0.1,294.94,0.4
1753546992150,16:23:12.150,AAVE/USDT:USDT,294.83,0.3,294.82,11.9,294.84,0.1,294.94,0.4
1753546992387,16:23:12.387,AAVE/USDT:USDT,294.83,0.3,294.82,11.9,294.84,0.1,294.94,0.4
1753546992445,16:23:12.445,AAVE/USDT:USDT,294.82,11.9,294.81,3.7,294.84,0.1,294.94,0.4
1753546992458,16:23:12.458,AAVE/USDT:USDT,294.83,0.3,294.82,11.9,294.84,0.1,294.94,0.4
1753546992546,16:23:12.546,AAVE/USDT:USDT,294.83,0.3,294.82,11.9,294.84,0.1,294.94,0.4
1753546992700,16:23:12.700,AAVE/USDT:USDT,294.83,0.3,294.82,11.9,294.84,0.1,294.94,0.4
1753546992877,16:23:12.877,AAVE/USDT:USDT,294.83,0.3,294.82,11.9,294.84,0.1,294.94,0.4
1753546993035,16:23:13.035,AAVE/USDT:USDT,294.83,0.3,294.82,11.9,294.84,0.1,294.94,0.4
1753546993364,16:23:13.364,AAVE/USDT:USDT,294.83,0.3,294.82,11.9,294.84,0.1,294.94,0.4
1753546993418,16:23:13.418,AAVE/USDT:USDT,294.83,0.3,294.82,11.9,294.84,0.1,294.94,0.4
1753546993842,16:23:13.842,AAVE/USDT:USDT,294.83,0.3,294.82,11.9,294.84,0.1,294.94,0.4
1753546993912,16:23:13.912,AAVE/USDT:USDT,294.83,0.3,294.82,11.9,294.84,0.1,294.94,0.4
1753546993921,16:23:13.921,AAVE/USDT:USDT,294.83,0.3,294.82,11.9,294.84,0.1,294.94,0.4
1753546994390,16:23:14.390,AAVE/USDT:USDT,294.83,0.3,294.82,11.9,294.84,0.1,294.94,0.4
1753546994600,16:23:14.600,AAVE/USDT:USDT,294.83,0.7,294.82,11.9,294.84,0.1,294.94,0.4
1753546994614,16:23:14.614,AAVE/USDT:USDT,294.83,0.7,294.82,11.9,294.94,0.4,294.97,0.4
1753546994652,16:23:14.652,AAVE/USDT:USDT,294.93,0.4,294.83,0.7,294.94,0.1,294.97,0.4
1753546994681,16:23:14.681,AAVE/USDT:USDT,294.93,0.4,294.83,0.7,294.94,0.1,294.97,0.4
1753546994713,16:23:14.713,AAVE/USDT:USDT,294.93,0.4,294.86,1.3,294.94,0.1,294.97,0.4
1753546994816,16:23:14.816,AAVE/USDT:USDT,294.86,1.3,294.83,0.4,294.94,0.1,294.97,0.4
1753546994867,16:23:14.867,AAVE/USDT:USDT,294.83,0.4,294.82,11.9,294.94,0.1,294.97,0.4
1753546994872,16:23:14.872,AAVE/USDT:USDT,294.83,0.4,294.82,11.9,294.94,0.1,294.97,0.4
1753546994925,16:23:14.925,AAVE/USDT:USDT,294.83,0.4,294.82,11.9,294.94,0.1,294.97,0.4
1753546994962,16:23:14.962,AAVE/USDT:USDT,294.83,0.4,294.82,11.9,294.92,0.4,294.94,0.1
1753546994994,16:23:14.994,AAVE/USDT:USDT,294.9,0.3,294.83,0.4,294.92,0.4,294.97,0.4
1753546995023,16:23:15.023,AAVE/USDT:USDT,294.9,0.3,294.84,1.3,294.92,0.5,294.97,0.4
1753546995058,16:23:15.058,AAVE/USDT:USDT,294.9,0.3,294.84,1.3,294.91,0.4,294.92,0.1
1753546995097,16:23:15.097,AAVE/USDT:USDT,294.9,0.3,294.84,1.3,294.91,0.5,294.97,0.4
1753546996024,16:23:16.024,AAVE/USDT:USDT,294.9,4.8,294.84,1.3,294.91,0.5,294.97,0.4
1753546996076,16:23:16.076,AAVE/USDT:USDT,294.9,4.8,294.84,1.3,294.91,0.5,294.97,0.4
1753546996165,16:23:16.165,AAVE/USDT:USDT,294.9,4.8,294.84,1.3,294.91,0.5,294.97,0.4
1753546996195,16:23:16.195,AAVE/USDT:USDT,294.9,4.8,294.84,1.3,294.91,0.5,294.97,0.4
1753546996260,16:23:16.260,AAVE/USDT:USDT,294.9,4.8,294.84,1.3,294.91,0.5,294.97,0.4
1753546996315,16:23:16.315,AAVE/USDT:USDT,294.9,4.5,294.84,1.3,294.91,0.5,294.97,0.4
1753546996546,16:23:16.546,AAVE/USDT:USDT,294.9,4.5,294.84,1.3,294.91,0.5,294.97,0.4
1753546996655,16:23:16.655,AAVE/USDT:USDT,294.9,4.5,294.82,11.9,294.91,0.5,294.97,0.4
1753546996703,16:23:16.703,AAVE/USDT:USDT,294.9,4.5,294.83,1.3,294.91,0.5,294.97,0.4
1753546996754,16:23:16.754,AAVE/USDT:USDT,294.9,4.5,294.84,1.3,294.91,0.5,294.97,0.4
1753546996818,16:23:16.818,AAVE/USDT:USDT,294.9,4.5,294.84,1.3,294.91,0.5,294.97,0.4
1753546997000,16:23:17.000,AAVE/USDT:USDT,294.9,4.5,294.84,1.3,294.91,0.5,295.02,0.4
1753546997137,16:23:17.137,AAVE/USDT:USDT,294.9,4.5,294.84,1.7,294.91,0.5,295.02,0.4
1753546998026,16:23:18.026,AAVE/USDT:USDT,294.9,4.5,294.84,1.7,294.91,0.5,295.02,0.4
1753546998032,16:23:18.032,AAVE/USDT:USDT,294.9,4.5,294.84,1.7,294.91,0.5,295.02,0.4
1753546998107,16:23:18.107,AAVE/USDT:USDT,294.9,4.5,294.84,1.7,294.91,0.5,295.02,0.4
1753546998212,16:23:18.212,AAVE/USDT:USDT,294.9,4.5,294.84,1.7,294.91,0.5,295.02,0.4
1753546998468,16:23:18.468,AAVE/USDT:USDT,294.9,4.5,294.84,1.7,294.91,0.5,295.02,0.4
1753546998644,16:23:18.644,AAVE/USDT:USDT,294.9,4.5,294.84,1.7,294.91,0.5,295.02,0.4
1753546999355,16:23:19.355,AAVE/USDT:USDT,294.9,4.5,294.84,1.7,294.91,0.5,295.02,0.4
1753546999359,16:23:19.359,AAVE/USDT:USDT,294.9,4.5,294.84,1.7,294.91,0.5,295.02,0.4
1753546999957,16:23:19.957,AAVE/USDT:USDT,294.9,4.5,294.84,1.3,294.91,0.5,295.02,0.4
1753546999995,16:23:19.995,AAVE/USDT:USDT,294.9,4.5,294.84,1.3,294.91,0.5,295.02,0.4
1753547001513,16:23:21.513,AAVE/USDT:USDT,294.9,4.5,294.84,1.3,294.91,0.5,295.02,0.4
1753547001538,16:23:21.538,AAVE/USDT:USDT,294.9,4.5,294.84,1.3,294.91,0.5,295.02,0.4
1753547001827,16:23:21.827,AAVE/USDT:USDT,294.9,4.5,294.84,1.3,294.91,0.5,295.02,0.4
1753547003450,16:23:23.450,AAVE/USDT:USDT,294.9,4.5,294.84,1.3,294.91,0.5,295.02,0.4
1753547003476,16:23:23.476,AAVE/USDT:USDT,294.9,4.5,294.84,1.3,294.91,0.5,295.02,0.4
1753547003918,16:23:23.918,AAVE/USDT:USDT,294.9,4.5,294.84,1.3,294.91,0.5,295.02,0.4
1753547004053,16:23:24.053,AAVE/USDT:USDT,294.9,4.5,294.84,1.3,294.91,0.5,295.02,0.4
1753547004058,16:23:24.058,AAVE/USDT:USDT,294.9,4.5,294.84,1.3,294.91,0.5,295.02,0.4
1753547004095,16:23:24.095,AAVE/USDT:USDT,294.9,4.5,294.84,1.3,294.91,0.5,295.02,0.4
1753547004149,16:23:24.149,AAVE/USDT:USDT,294.9,4.5,294.84,1.3,294.91,0.5,295.02,0.4
1753547004290,16:23:24.290,AAVE/USDT:USDT,294.9,4.5,294.84,1.7,294.91,0.5,295.02,0.4
1753547004294,16:23:24.294,AAVE/USDT:USDT,294.9,4.5,294.84,1.7,294.91,0.5,295.02,0.4
1753547004319,16:23:24.319,AAVE/USDT:USDT,294.9,4.5,294.84,1.7,294.91,0.5,295.02,0.4
1753547004927,16:23:24.927,AAVE/USDT:USDT,294.9,4.5,294.84,1.3,294.91,0.5,295.02,0.4
1753547004983,16:23:24.983,AAVE/USDT:USDT,294.9,4.5,294.84,1.3,294.91,0.5,295.02,0.4
1753547005009,16:23:25.009,AAVE/USDT:USDT,294.9,4.5,294.84,1.3,294.91,0.5,295.02,0.4
1753547006774,16:23:26.774,AAVE/USDT:USDT,294.9,4.5,294.84,1.3,294.91,0.5,295.02,0.4
1753547006774,16:23:26.774,AAVE/USDT:USDT,294.9,4.5,294.84,1.3,294.91,0.5,295.02,0.4
1753547007072,16:23:27.072,AAVE/USDT:USDT,294.9,4.5,294.84,1.3,294.91,0.5,295.02,0.4
1753547007106,16:23:27.106,AAVE/USDT:USDT,294.9,4.5,294.84,1.3,294.91,0.5,295.02,0.4
1753547008241,16:23:28.241,AAVE/USDT:USDT,294.9,4.5,294.84,1.3,294.91,0.5,295.02,0.4
1753547009140,16:23:29.140,AAVE/USDT:USDT,294.9,4.5,294.84,1.7,294.91,0.5,295.02,0.4
1753547009263,16:23:29.263,AAVE/USDT:USDT,294.9,4.5,294.84,1.3,294.91,0.5,295.01,5.9
1753547009274,16:23:29.274,AAVE/USDT:USDT,294.9,4.5,294.82,11.9,294.91,0.5,295.01,5.9
1753547009308,16:23:29.308,AAVE/USDT:USDT,294.9,4.5,294.82,11.9,294.91,0.5,295.01,5.9
1753547009325,16:23:29.325,AAVE/USDT:USDT,294.9,4.5,294.82,11.9,294.91,0.5,295.01,5.9
1753547009372,16:23:29.372,AAVE/USDT:USDT,294.9,4.5,294.82,11.9,294.91,0.5,295.01,5.9
1753547009414,16:23:29.414,AAVE/USDT:USDT,294.9,4.5,294.82,11.9,294.91,0.5,295.01,5.9
1753547009498,16:23:29.498,AAVE/USDT:USDT,294.9,4.5,294.82,11.9,294.91,0.5,295.01,5.9
1753547009575,16:23:29.575,AAVE/USDT:USDT,294.9,4.5,294.82,11.9,294.91,0.5,295.01,5.9
1753547009614,16:23:29.614,AAVE/USDT:USDT,294.9,4.5,294.82,11.9,294.91,0.5,295.01,5.9
1753547009642,16:23:29.642,AAVE/USDT:USDT,294.9,4.5,294.82,11.9,294.91,0.5,295.01,5.9
1753547009716,16:23:29.716,AAVE/USDT:USDT,294.9,4.5,294.82,11.9,294.91,0.5,295.01,5.9
1753547009782,16:23:29.782,AAVE/USDT:USDT,294.9,4.5,294.82,11.9,294.91,0.5,295.01,5.9
1753547010011,16:23:30.011,AAVE/USDT:USDT,294.9,4.5,294.82,11.9,294.91,0.5,295.01,5.9
1753547010125,16:23:30.125,AAVE/USDT:USDT,294.9,4.5,294.82,11.9,294.91,0.5,295.01,5.9
1753547010308,16:23:30.308,AAVE/USDT:USDT,294.9,4.5,294.82,11.9,294.91,0.5,295.01,5.9
1753547010311,16:23:30.311,AAVE/USDT:USDT,294.9,4.5,294.82,11.9,294.91,0.5,295.01,5.9
1753547010420,16:23:30.420,AAVE/USDT:USDT,294.9,4.5,294.82,11.9,294.91,0.5,295.01,5.9
1753547010469,16:23:30.469,AAVE/USDT:USDT,294.9,4.5,294.82,11.9,294.91,0.5,295.01,5.9
1753547010621,16:23:30.621,AAVE/USDT:USDT,294.9,4.5,294.82,11.9,294.91,0.5,295.01,5.9
1753547010673,16:23:30.673,AAVE/USDT:USDT,294.9,4.5,294.82,11.9,294.91,0.5,295.01,5.9
1753547010698,16:23:30.698,AAVE/USDT:USDT,294.9,4.5,294.82,11.9,294.91,0.5,295.01,5.9
1753547010728,16:23:30.728,AAVE/USDT:USDT,294.9,4.5,294.82,11.9,294.91,0.5,295.01,5.9
1753547010744,16:23:30.744,AAVE/USDT:USDT,294.9,4.5,294.82,11.9,294.91,0.5,295.01,5.9
1753547010884,16:23:30.884,AAVE/USDT:USDT,294.9,4.5,294.82,11.9,294.91,0.5,295.01,5.9
1753547010936,16:23:30.936,AAVE/USDT:USDT,294.9,4.5,294.82,11.9,294.91,0.5,295.01,5.9
1753547010973,16:23:30.973,AAVE/USDT:USDT,294.9,4.5,294.82,11.9,294.91,0.5,295.01,5.9
1753547011616,16:23:31.616,AAVE/USDT:USDT,294.9,4.5,294.84,1.3,294.91,0.5,295.01,5.9
1753547011668,16:23:31.668,AAVE/USDT:USDT,294.9,4.5,294.84,1.3,294.91,0.5,295.01,5.9
1753547011778,16:23:31.778,AAVE/USDT:USDT,294.9,4.5,294.84,1.3,294.91,0.5,295.01,5.9
1753547011875,16:23:31.875,AAVE/USDT:USDT,294.9,4.5,294.82,11.9,294.91,0.5,295.01,5.9
1753547011928,16:23:31.928,AAVE/USDT:USDT,294.9,4.5,294.83,1.3,294.91,0.5,295.01,5.9
1753547011977,16:23:31.977,AAVE/USDT:USDT,294.9,4.5,294.83,1.3,294.91,0.5,295.01,5.9
1753547012054,16:23:32.054,AAVE/USDT:USDT,294.9,4.5,294.83,1.3,294.91,0.5,295.01,5.9
1753547012070,16:23:32.070,AAVE/USDT:USDT,294.9,4.5,294.83,1.3,294.91,0.5,295.01,5.9
1753547012112,16:23:32.112,AAVE/USDT:USDT,294.9,4.5,294.83,1.3,294.91,0.5,295.01,5.9
1753547012214,16:23:32.214,AAVE/USDT:USDT,294.9,4.5,294.83,1.3,294.91,0.5,295.01,5.9
1753547012328,16:23:32.328,AAVE/USDT:USDT,294.9,4.5,294.83,1.3,294.91,0.5,295.01,5.9
1753547012589,16:23:32.589,AAVE/USDT:USDT,294.9,4.5,294.82,11.9,294.91,0.5,295.01,5.9
1753547012608,16:23:32.608,AAVE/USDT:USDT,294.9,4.5,294.82,13.2,294.91,0.5,295.01,5.9
1753547012702,16:23:32.702,AAVE/USDT:USDT,294.9,4.5,294.82,11.9,294.91,0.5,295.01,5.9
1753547012713,16:23:32.713,AAVE/USDT:USDT,294.9,4.5,294.82,11.9,294.91,0.5,295.01,5.9
1753547012817,16:23:32.817,AAVE/USDT:USDT,294.9,4.5,294.82,13.2,294.91,0.5,295.01,5.9
1753547012922,16:23:32.922,AAVE/USDT:USDT,294.9,4.5,294.82,13.2,294.91,0.5,295.01,5.9
1753547013033,16:23:33.033,AAVE/USDT:USDT,294.9,4.5,294.82,13.2,294.91,0.5,295.01,5.9
1753547013050,16:23:33.050,AAVE/USDT:USDT,294.9,4.5,294.82,13.2,294.91,0.5,295.01,5.9
1753547013419,16:23:33.419,AAVE/USDT:USDT,294.9,4.5,294.82,11.9,294.91,0.5,295.01,5.9
1753547013447,16:23:33.447,AAVE/USDT:USDT,294.9,4.5,294.82,11.9,294.91,0.5,295.01,5.9
1753547013475,16:23:33.475,AAVE/USDT:USDT,294.9,4.5,294.82,11.9,294.91,0.5,295.01,5.9
1753547013498,16:23:33.498,AAVE/USDT:USDT,294.9,4.5,294.82,11.9,294.91,0.5,295.01,5.9
1753547013549,16:23:33.549,AAVE/USDT:USDT,294.9,4.5,294.82,11.9,294.91,0.5,295.01,5.9
1753547013656,16:23:33.656,AAVE/USDT:USDT,294.9,4.5,294.82,11.9,294.91,0.5,295.01,5.9
1753547014070,16:23:34.070,AAVE/USDT:USDT,294.9,4.5,294.82,13.2,294.91,0.5,295.01,5.9
1753547014176,16:23:34.176,AAVE/USDT:USDT,294.9,4.5,294.82,13.2,294.91,0.5,295.01,5.9
1753547014228,16:23:34.228,AAVE/USDT:USDT,294.9,4.5,294.83,1.3,294.91,0.5,295.01,5.9
1753547014279,16:23:34.279,AAVE/USDT:USDT,294.89,5.9,294.82,11.9,294.91,0.5,294.98,5.5
1753547014334,16:23:34.334,AAVE/USDT:USDT,294.89,5.9,294.82,11.9,294.91,0.1,294.98,5.5
1753547014346,16:23:34.346,AAVE/USDT:USDT,294.89,5.9,294.82,11.9,294.9,0.4,294.91,0.1
1753547014401,16:23:34.401,AAVE/USDT:USDT,294.89,5.9,294.82,11.9,294.9,0.5,294.96,0.4
1753547014626,16:23:34.626,AAVE/USDT:USDT,294.89,5.9,294.82,11.9,294.9,0.5,294.96,0.4
1753547014702,16:23:34.702,AAVE/USDT:USDT,294.89,5.9,294.82,13.2,294.9,0.5,294.96,0.4
1753547014761,16:23:34.761,AAVE/USDT:USDT,294.89,5.9,294.82,13.2,294.9,0.5,294.96,0.4
1753547014807,16:23:34.807,AAVE/USDT:USDT,294.89,5.9,294.82,13.2,294.9,0.5,294.96,0.4
1753547014929,16:23:34.929,AAVE/USDT:USDT,294.89,5.9,294.82,11.9,294.9,0.5,294.96,0.4
1753547014961,16:23:34.961,AAVE/USDT:USDT,294.89,5.9,294.82,11.9,294.9,0.5,294.96,0.4
1753547015118,16:23:35.118,AAVE/USDT:USDT,294.89,5.9,294.82,13.2,294.9,0.5,294.96,0.4
1753547015126,16:23:35.126,AAVE/USDT:USDT,294.89,5.9,294.82,11.9,294.9,0.5,294.96,0.4
1753547015172,16:23:35.172,AAVE/USDT:USDT,294.89,5.9,294.82,13.2,294.9,0.5,294.96,0.4
1753547015223,16:23:35.223,AAVE/USDT:USDT,294.89,5.9,294.82,13.2,294.9,0.5,294.96,0.4
1753547016049,16:23:36.049,AAVE/USDT:USDT,294.89,5.9,294.82,13.2,294.9,0.5,294.96,0.4
1753547016127,16:23:36.127,AAVE/USDT:USDT,294.89,5.9,294.82,13.2,294.9,0.5,294.96,0.4
1753547016172,16:23:36.172,AAVE/USDT:USDT,294.82,13.2,294.81,3.7,294.9,0.5,294.96,0.4
1753547016195,16:23:36.195,AAVE/USDT:USDT,294.82,11.9,294.81,3.7,294.88,0.4,294.9,0.1
1753547016233,16:23:36.233,AAVE/USDT:USDT,294.83,0.3,294.82,11.9,294.88,0.5,294.96,0.4
1753547016308,16:23:36.308,AAVE/USDT:USDT,294.83,0.3,294.82,11.9,294.86,0.4,294.88,0.1
1753547016322,16:23:36.322,AAVE/USDT:USDT,294.83,0.3,294.82,11.9,294.86,0.5,294.96,0.4
1753547016377,16:23:36.377,AAVE/USDT:USDT,294.83,0.3,294.82,11.9,294.84,0.4,294.86,0.1
1753547016395,16:23:36.395,AAVE/USDT:USDT,294.83,0.3,294.82,11.9,294.84,0.5,294.96,0.4
1753547016455,16:23:36.455,AAVE/USDT:USDT,294.83,0.3,294.82,11.9,294.84,0.5,294.96,0.4
1753547016479,16:23:36.479,AAVE/USDT:USDT,294.83,0.3,294.82,11.9,294.84,0.5,294.96,0.4
1753547016542,16:23:36.542,AAVE/USDT:USDT,294.83,0.3,294.82,11.9,294.84,0.5,294.96,0.4
1753547016578,16:23:36.578,AAVE/USDT:USDT,294.83,0.3,294.82,11.9,294.84,0.5,294.96,0.4
1753547016714,16:23:36.714,AAVE/USDT:USDT,294.83,0.3,294.82,11.9,294.84,0.5,294.96,0.4
1753547016905,16:23:36.905,AAVE/USDT:USDT,294.83,0.3,294.82,11.9,294.84,0.5,294.96,0.4
1753547016969,16:23:36.969,AAVE/USDT:USDT,294.83,0.3,294.82,11.9,294.84,0.5,294.96,0.4
1753547017171,16:23:37.171,AAVE/USDT:USDT,294.83,0.3,294.82,11.9,294.84,0.5,294.96,0.4
1753547017207,16:23:37.207,AAVE/USDT:USDT,294.83,0.3,294.82,11.9,294.84,0.5,294.96,0.4
1753547017225,16:23:37.225,AAVE/USDT:USDT,294.83,0.3,294.82,11.9,294.84,0.5,294.96,0.4
1753547017315,16:23:37.315,AAVE/USDT:USDT,294.83,0.3,294.82,11.9,294.84,0.5,294.96,0.4
1753547017377,16:23:37.377,AAVE/USDT:USDT,294.83,0.3,294.82,11.9,294.84,0.1,294.96,0.4
1753547017596,16:23:37.596,AAVE/USDT:USDT,294.83,0.3,294.82,11.9,294.84,0.1,294.96,0.4
1753547017844,16:23:37.844,AAVE/USDT:USDT,294.83,0.3,294.82,11.9,294.84,0.1,294.96,0.4
1753547018245,16:23:38.245,AAVE/USDT:USDT,294.83,0.3,294.82,11.9,294.84,0.1,294.96,0.4
1753547018907,16:23:38.907,AAVE/USDT:USDT,294.83,0.3,294.82,11.9,294.84,0.1,294.96,0.4
1753547021540,16:23:41.540,AAVE/USDT:USDT,294.83,0.3,294.82,11.9,294.84,0.1,294.96,0.4
1753547022015,16:23:42.015,AAVE/USDT:USDT,294.83,0.3,294.82,11.9,294.84,0.1,294.96,0.4
1753547022068,16:23:42.068,AAVE/USDT:USDT,294.83,0.3,294.82,11.9,294.84,0.1,294.96,0.4
1753547022125,16:23:42.125,AAVE/USDT:USDT,294.83,0.3,294.82,11.9,294.84,0.1,294.96,0.4
1753547022386,16:23:42.386,AAVE/USDT:USDT,294.83,0.7,294.82,11.9,294.84,0.1,294.96,0.4
1753547022640,16:23:42.640,AAVE/USDT:USDT,294.83,0.7,294.82,11.9,294.84,0.1,294.96,0.4
1753547023058,16:23:43.058,AAVE/USDT:USDT,294.83,4.9,294.82,11.9,294.84,0.1,294.96,0.4
1753547023157,16:23:43.157,AAVE/USDT:USDT,294.83,4.9,294.82,11.9,294.84,0.1,294.96,0.4
1753547023200,16:23:43.200,AAVE/USDT:USDT,294.83,4.9,294.82,11.9,294.84,0.1,294.96,0.4
1753547023758,16:23:43.758,AAVE/USDT:USDT,294.83,4.5,294.82,11.9,294.84,0.1,294.96,0.4
1753547024275,16:23:44.275,AAVE/USDT:USDT,294.83,4.5,294.82,11.9,294.84,0.1,294.96,0.4
1753547024547,16:23:44.547,AAVE/USDT:USDT,294.83,4.5,294.82,11.9,294.84,0.1,294.96,0.4
1753547024557,16:23:44.557,AAVE/USDT:USDT,294.83,4.5,294.82,11.9,294.84,0.1,294.96,0.4
1753547024794,16:23:44.794,AAVE/USDT:USDT,294.83,4.5,294.82,11.9,294.84,0.5,294.96,0.4
1753547024813,16:23:44.813,AAVE/USDT:USDT,294.83,4.2,294.82,11.9,294.84,0.1,294.96,0.4
1753547024873,16:23:44.873,AAVE/USDT:USDT,294.83,4.2,294.82,11.9,294.84,0.1,294.96,0.4
1753547024943,16:23:44.943,AAVE/USDT:USDT,294.83,4.2,294.82,11.9,294.84,0.5,294.96,0.4
1753547024952,16:23:44.952,AAVE/USDT:USDT,294.83,4.2,294.82,11.9,294.84,0.1,294.96,0.4
1753547025099,16:23:45.099,AAVE/USDT:USDT,294.83,4.2,294.82,11.9,294.84,0.1,294.96,0.4
1753547025250,16:23:45.250,AAVE/USDT:USDT,294.83,4.2,294.82,11.9,294.84,0.1,294.96,0.4
1753547025300,16:23:45.300,AAVE/USDT:USDT,294.83,4.2,294.82,11.9,294.84,0.1,294.96,0.4
1753547025407,16:23:45.407,AAVE/USDT:USDT,294.83,4.2,294.82,11.9,294.84,0.1,294.96,0.4
1753547025554,16:23:45.554,AAVE/USDT:USDT,294.83,4.2,294.82,11.9,294.84,0.5,294.96,0.4
1753547025560,16:23:45.560,AAVE/USDT:USDT,294.83,4.2,294.82,11.9,294.84,0.1,294.96,0.4
1753547025713,16:23:45.713,AAVE/USDT:USDT,294.83,4.2,294.82,11.9,294.84,0.1,294.96,0.4
1753547026373,16:23:46.373,AAVE/USDT:USDT,294.83,4.2,294.82,11.9,294.84,0.1,294.96,0.4
1753547026699,16:23:46.699,AAVE/USDT:USDT,294.83,4.2,294.82,11.9,294.84,0.1,294.96,0.4
1753547026774,16:23:46.774,AAVE/USDT:USDT,294.83,4.2,294.82,11.9,294.84,0.1,294.96,2.1
1753547027031,16:23:47.031,AAVE/USDT:USDT,294.83,4.2,294.82,11.9,294.84,0.1,294.96,2.1
1753547027441,16:23:47.441,AAVE/USDT:USDT,294.83,4.2,294.82,11.9,294.84,0.1,294.96,2.1
1753547027668,16:23:47.668,AAVE/USDT:USDT,294.83,4.2,294.82,11.9,294.84,0.1,294.96,2.1
1753547027694,16:23:47.694,AAVE/USDT:USDT,294.83,4.2,294.82,11.9,294.84,0.1,294.96,2.1
1753547027783,16:23:47.783,AAVE/USDT:USDT,294.83,4.2,294.82,11.9,294.84,0.5,294.96,2.1
1753547028054,16:23:48.054,AAVE/USDT:USDT,294.83,4.2,294.82,11.9,294.84,0.5,294.96,2.1
1753547028079,16:23:48.079,AAVE/USDT:USDT,294.83,4.2,294.82,11.9,294.84,0.5,294.96,2.1
1753547030276,16:23:50.276,AAVE/USDT:USDT,294.83,4.2,294.82,11.9,294.84,0.1,294.9,0.4
1753547030401,16:23:50.401,AAVE/USDT:USDT,294.83,4.2,294.82,11.9,294.84,0.1,294.9,0.4
1753547032242,16:23:52.242,AAVE/USDT:USDT,294.83,4.2,294.82,11.9,294.84,0.1,294.9,0.4
1753547032280,16:23:52.280,AAVE/USDT:USDT,294.83,4.2,294.82,11.9,294.84,0.1,294.9,0.4
1753547032679,16:23:52.679,AAVE/USDT:USDT,294.83,4.2,294.82,11.9,294.84,0.1,294.9,0.4
1753547032869,16:23:52.869,AAVE/USDT:USDT,294.83,4.2,294.82,11.9,294.84,0.1,294.9,0.4
1753547034026,16:23:54.026,AAVE/USDT:USDT,294.83,4.2,294.82,11.9,294.84,0.1,294.9,0.4
1753547034056,16:23:54.056,AAVE/USDT:USDT,294.83,4.2,294.82,11.9,294.84,0.1,294.9,0.4
1753547034158,16:23:54.158,AAVE/USDT:USDT,294.83,4.2,294.82,11.9,294.84,0.1,294.9,0.4
1753547034185,16:23:54.185,AAVE/USDT:USDT,294.83,4.2,294.82,11.9,294.84,0.1,294.9,0.4
1753547034259,16:23:54.259,AAVE/USDT:USDT,294.83,4.2,294.82,11.9,294.84,0.1,294.9,0.4
1753547034739,16:23:54.739,AAVE/USDT:USDT,294.83,4.2,294.82,11.9,294.84,0.1,294.9,0.4
1753547035021,16:23:55.021,AAVE/USDT:USDT,294.83,4.2,294.82,11.9,294.84,0.1,294.96,0.4
1753547036603,16:23:56.603,AAVE/USDT:USDT,294.83,4.2,294.82,11.9,294.84,0.1,294.96,0.4
1753547037033,16:23:57.033,AAVE/USDT:USDT,294.83,4.2,294.82,11.9,294.84,0.1,294.96,0.4
1753547037042,16:23:57.042,AAVE/USDT:USDT,294.83,4.2,294.82,11.9,294.84,0.1,294.96,0.4
1753547037761,16:23:57.761,AAVE/USDT:USDT,294.83,4.2,294.82,11.9,294.84,0.1,294.99,0.4
1753547037819,16:23:57.819,AAVE/USDT:USDT,294.83,4.2,294.82,11.9,294.84,0.1,294.99,0.4
1753547039395,16:23:59.395,AAVE/USDT:USDT,294.83,4.2,294.82,11.9,294.84,0.1,294.99,0.4
1753547039529,16:23:59.529,AAVE/USDT:USDT,294.83,4.2,294.82,11.9,294.84,0.1,294.99,0.4
1753547040097,16:24:00.097,AAVE/USDT:USDT,294.83,4.2,294.82,11.9,294.84,0.1,294.99,0.4
1753547040113,16:24:00.113,AAVE/USDT:USDT,294.83,4.2,294.82,11.9,294.84,0.1,294.99,0.4
1753547040349,16:24:00.349,AAVE/USDT:USDT,294.83,4.2,294.82,11.9,294.84,0.1,294.99,0.4
1753547040396,16:24:00.396,AAVE/USDT:USDT,294.83,4.2,294.82,11.9,294.84,0.1,294.99,0.4
1753547040420,16:24:00.420,AAVE/USDT:USDT,294.83,4.2,294.82,11.9,294.84,0.1,294.99,0.4
1753547040448,16:24:00.448,AAVE/USDT:USDT,294.83,4.2,294.82,11.9,294.84,0.1,294.99,0.4
1753547041840,16:24:01.840,AAVE/USDT:USDT,294.83,4.2,294.82,11.9,294.84,0.1,294.99,0.4
1753547042869,16:24:02.869,AAVE/USDT:USDT,294.83,4.2,294.82,11.9,294.84,0.1,294.99,0.4
1753547045768,16:24:05.768,AAVE/USDT:USDT,294.82,11.9,294.81,3.7,294.84,0.1,294.99,0.4
1753547045800,16:24:05.800,AAVE/USDT:USDT,294.83,0.4,294.82,11.9,294.84,0.1,294.99,0.4
1753547046055,16:24:06.055,AAVE/USDT:USDT,294.83,0.4,294.82,11.9,294.84,0.1,294.99,0.4
1753547046100,16:24:06.100,AAVE/USDT:USDT,294.83,0.7,294.82,11.9,294.84,0.1,294.99,0.4
1753547046636,16:24:06.636,AAVE/USDT:USDT,294.83,0.7,294.82,11.9,294.84,0.1,294.99,0.4
1753547046652,16:24:06.652,AAVE/USDT:USDT,294.83,0.7,294.82,11.9,294.84,0.1,294.99,0.4
1753547046656,16:24:06.656,AAVE/USDT:USDT,294.83,0.7,294.82,11.9,294.84,0.1,294.99,0.4
1753547047780,16:24:07.780,AAVE/USDT:USDT,294.83,0.3,294.82,11.9,294.84,0.1,294.99,0.4
1753547047824,16:24:07.824,AAVE/USDT:USDT,294.83,0.3,294.82,11.9,294.84,0.1,294.99,0.4
1753547047833,16:24:07.833,AAVE/USDT:USDT,294.83,0.7,294.82,11.9,294.84,0.1,294.99,0.4
1753547047960,16:24:07.960,AAVE/USDT:USDT,294.83,0.7,294.82,11.9,294.84,0.1,294.99,0.4
1753547051442,16:24:11.442,AAVE/USDT:USDT,294.83,0.7,294.82,11.9,294.84,0.1,294.99,0.4
1753547052042,16:24:12.042,AAVE/USDT:USDT,294.83,0.7,294.82,11.9,294.84,0.1,294.99,0.4
1753547053273,16:24:13.273,AAVE/USDT:USDT,294.83,0.7,294.82,11.9,294.84,0.1,294.99,0.4
1753547054821,16:24:14.821,AAVE/USDT:USDT,294.83,0.7,294.82,11.9,294.84,0.1,294.99,0.4
1753547055401,16:24:15.401,AAVE/USDT:USDT,294.83,0.4,294.82,11.9,294.84,0.1,294.99,0.4
1753547055461,16:24:15.461,AAVE/USDT:USDT,294.82,11.9,294.81,3.7,294.84,0.1,294.99,0.4
1753547055679,16:24:15.679,AAVE/USDT:USDT,294.82,11.9,294.81,3.7,294.84,0.1,294.99,0.4
1753547056234,16:24:16.234,AAVE/USDT:USDT,294.82,11.9,294.81,3.7,294.84,0.1,294.99,0.4
1753547056241,16:24:16.241,AAVE/USDT:USDT,294.82,11.9,294.81,3.7,294.84,0.1,294.99,0.4
1753547056563,16:24:16.563,AAVE/USDT:USDT,294.83,0.4,294.82,11.9,294.84,0.1,294.99,0.4
1753547057145,16:24:17.145,AAVE/USDT:USDT,294.83,0.7,294.82,11.9,294.84,0.1,294.99,0.4
1753547057742,16:24:17.742,AAVE/USDT:USDT,294.83,0.7,294.82,11.9,294.84,0.1,294.99,0.4
1753547058022,16:24:18.022,AAVE/USDT:USDT,294.83,0.7,294.82,11.9,294.84,0.1,294.99,0.4
1753547058083,16:24:18.083,AAVE/USDT:USDT,294.83,0.7,294.82,11.9,294.84,0.1,294.99,0.4
1753547061051,16:24:21.051,AAVE/USDT:USDT,294.83,0.7,294.82,11.9,294.84,0.1,294.99,0.4
1753547061051,16:24:21.051,AAVE/USDT:USDT,294.83,0.7,294.82,11.9,294.84,0.1,294.99,0.4
1753547067047,16:24:27.047,AAVE/USDT:USDT,294.83,0.7,294.82,11.9,294.84,0.1,294.99,0.4
1753547067090,16:24:27.090,AAVE/USDT:USDT,294.83,0.7,294.82,11.9,294.84,0.1,294.99,0.4
1753547067123,16:24:27.123,AAVE/USDT:USDT,294.83,0.7,294.82,11.9,294.84,0.1,294.99,0.4
1753547067158,16:24:27.158,AAVE/USDT:USDT,294.83,0.7,294.82,11.9,294.84,0.1,294.99,0.4
1753547068711,16:24:28.711,AAVE/USDT:USDT,294.83,0.7,294.82,11.9,294.84,0.1,294.99,0.4
1753547068711,16:24:28.711,AAVE/USDT:USDT,294.83,0.7,294.82,11.9,294.84,0.1,294.99,0.4
1753547070826,16:24:30.826,AAVE/USDT:USDT,294.83,0.7,294.82,11.9,294.84,0.1,294.99,0.4
1753547071150,16:24:31.150,AAVE/USDT:USDT,294.83,0.7,294.82,11.9,294.84,0.1,294.99,0.4
1753547071180,16:24:31.180,AAVE/USDT:USDT,294.83,0.7,294.82,11.9,294.84,0.1,294.99,0.4
1753547071208,16:24:31.208,AAVE/USDT:USDT,294.83,0.7,294.82,11.9,294.84,0.1,294.99,0.4
1753547071294,16:24:31.294,AAVE/USDT:USDT,294.83,0.7,294.82,11.9,294.84,0.1,294.99,0.4
1753547071337,16:24:31.337,AAVE/USDT:USDT,294.83,0.7,294.82,11.9,294.84,0.1,294.99,0.4
1753547071367,16:24:31.367,AAVE/USDT:USDT,294.83,0.7,294.82,11.9,294.84,0.1,294.99,0.4
1753547071452,16:24:31.452,AAVE/USDT:USDT,294.83,0.7,294.82,11.9,294.84,0.1,294.99,0.4
1753547071481,16:24:31.481,AAVE/USDT:USDT,294.83,0.3,294.82,11.9,294.84,0.1,294.97,0.4
1753547071520,16:24:31.520,AAVE/USDT:USDT,294.83,0.3,294.82,11.9,294.84,0.1,294.97,0.4
1753547071621,16:24:31.621,AAVE/USDT:USDT,294.83,0.7,294.82,11.9,294.84,0.1,294.97,0.4
1753547072283,16:24:32.283,AAVE/USDT:USDT,294.83,0.7,294.82,11.9,294.84,0.1,294.97,0.4
1753547072299,16:24:32.299,AAVE/USDT:USDT,294.83,0.7,294.82,11.9,294.84,0.1,294.97,0.4
1753547072328,16:24:32.328,AAVE/USDT:USDT,294.83,0.7,294.82,21.9,294.84,0.1,294.97,0.4
1753547072339,16:24:32.339,AAVE/USDT:USDT,294.83,0.7,294.82,21.9,294.84,0.1,294.97,0.4
1753547072653,16:24:32.653,AAVE/USDT:USDT,294.83,0.7,294.82,21.9,294.84,0.1,294.97,0.4
1753547072667,16:24:32.667,AAVE/USDT:USDT,294.83,0.3,294.82,21.9,294.84,0.1,294.97,0.4
1753547072822,16:24:32.822,AAVE/USDT:USDT,294.83,0.7,294.82,21.9,294.84,0.1,294.97,0.4
1753547072847,16:24:32.847,AAVE/USDT:USDT,294.83,0.3,294.82,21.9,294.84,0.1,294.97,0.4
1753547073007,16:24:33.007,AAVE/USDT:USDT,294.83,0.7,294.82,21.9,294.84,0.1,294.97,0.4
1753547073050,16:24:33.050,AAVE/USDT:USDT,294.83,0.3,294.82,21.9,294.84,0.1,294.97,0.4
1753547073086,16:24:33.086,AAVE/USDT:USDT,294.83,0.3,294.82,21.9,294.84,0.1,295.02,0.4
1753547073200,16:24:33.200,AAVE/USDT:USDT,294.83,0.7,294.82,21.9,294.84,0.1,295.02,0.4
1753547073383,16:24:33.383,AAVE/USDT:USDT,294.83,0.7,294.82,21.9,294.84,0.1,295.05,0.4
1753547073533,16:24:33.533,AAVE/USDT:USDT,294.83,0.7,294.82,21.9,294.84,0.1,295.05,0.4
1753547075034,16:24:35.034,AAVE/USDT:USDT,294.83,0.7,294.82,21.9,294.84,0.1,295.05,0.4
1753547075045,16:24:35.045,AAVE/USDT:USDT,294.83,0.7,294.82,21.9,294.84,0.1,295.05,0.4
1753547075512,16:24:35.512,AAVE/USDT:USDT,294.83,0.7,294.82,21.9,294.84,0.1,295.05,0.4
1753547075532,16:24:35.532,AAVE/USDT:USDT,294.83,0.7,294.82,21.9,295.05,0.4,295.08,5.9
1753547075547,16:24:35.547,AAVE/USDT:USDT,294.84,0.1,294.83,0.7,295.05,0.4,295.08,5.9
1753547075571,16:24:35.571,AAVE/USDT:USDT,294.84,0.1,294.83,0.4,295.05,0.5,295.08,5.9
1753547075628,16:24:35.628,AAVE/USDT:USDT,294.84,0.1,294.83,0.4,295.03,0.4,295.05,0.5
1753547075644,16:24:35.644,AAVE/USDT:USDT,294.99,0.3,294.84,0.1,295.03,0.5,295.05,0.4
1753547075663,16:24:35.663,AAVE/USDT:USDT,294.85,0.4,294.84,0.1,295.03,0.5,295.05,0.4
1753547075707,16:24:35.707,AAVE/USDT:USDT,294.85,0.4,294.84,0.1,295.03,0.5,295.05,0.4
1753547075723,16:24:35.723,AAVE/USDT:USDT,294.85,0.4,294.84,0.1,295.03,0.5,295.08,5.9
1753547075804,16:24:35.804,AAVE/USDT:USDT,294.85,0.4,294.84,0.1,295.03,0.1,295.08,5.9
1753547075839,16:24:35.839,AAVE/USDT:USDT,294.85,0.4,294.84,0.1,295.01,0.4,295.03,0.1
1753547075891,16:24:35.891,AAVE/USDT:USDT,294.98,0.3,294.97,0.3,295.01,0.5,295.08,5.9
1753547075915,16:24:35.915,AAVE/USDT:USDT,294.85,0.4,294.82,21.9,295.01,0.5,295.08,5.9
1753547075966,16:24:35.966,AAVE/USDT:USDT,294.85,0.4,294.82,21.9,295.01,0.5,295.08,5.9
1753547075990,16:24:35.990,AAVE/USDT:USDT,294.85,0.4,294.82,21.9,295.0,0.4,295.01,0.1
1753547076033,16:24:36.033,AAVE/USDT:USDT,294.85,0.4,294.82,21.9,295.0,0.5,295.08,5.9
1753547076054,16:24:36.054,AAVE/USDT:USDT,294.85,0.4,294.82,21.9,295.0,0.5,295.08,5.9
1753547076086,16:24:36.086,AAVE/USDT:USDT,294.85,0.4,294.82,21.9,295.0,0.5,295.08,5.9
1753547076157,16:24:36.157,AAVE/USDT:USDT,294.85,0.4,294.82,21.9,295.0,0.5,295.08,5.9
1753547076168,16:24:36.168,AAVE/USDT:USDT,294.85,0.4,294.82,21.9,295.0,0.5,295.08,5.9
1753547076210,16:24:36.210,AAVE/USDT:USDT,294.85,0.4,294.82,21.9,295.0,0.5,295.08,5.9
1753547076228,16:24:36.228,AAVE/USDT:USDT,294.96,3.9,294.89,4.5,295.0,0.5,295.08,5.9
1753547076272,16:24:36.272,AAVE/USDT:USDT,294.96,3.9,294.89,4.5,294.98,0.4,295.0,0.1
1753547076432,16:24:36.432,AAVE/USDT:USDT,294.96,3.9,294.9,1.7,294.97,0.5,295.04,0.4
1753547076525,16:24:36.525,AAVE/USDT:USDT,294.96,3.9,294.9,1.7,294.97,0.5,295.04,0.4
1753547076554,16:24:36.554,AAVE/USDT:USDT,294.96,3.9,294.9,1.7,294.97,0.5,295.04,0.4
1753547076717,16:24:36.717,AAVE/USDT:USDT,294.96,3.9,294.9,1.7,294.97,0.5,295.04,0.4
1753547076899,16:24:36.899,AAVE/USDT:USDT,294.96,3.9,294.9,1.7,294.97,0.5,295.04,0.4
1753547077890,16:24:37.890,AAVE/USDT:USDT,294.96,3.9,294.9,1.7,294.97,0.5,295.04,0.4
1753547077955,16:24:37.955,AAVE/USDT:USDT,294.96,3.9,294.9,1.7,294.97,0.5,295.04,0.4
1753547078061,16:24:38.061,AAVE/USDT:USDT,294.96,3.9,294.93,0.4,294.97,0.1,295.04,0.4
1753547078332,16:24:38.332,AAVE/USDT:USDT,294.96,3.9,294.93,0.4,294.97,0.1,295.04,0.4
1753547078996,16:24:38.996,AAVE/USDT:USDT,294.96,3.9,294.9,1.7,294.97,0.5,295.04,0.4
1753547079312,16:24:39.312,AAVE/USDT:USDT,294.96,3.9,294.9,1.7,294.97,0.1,295.04,0.4
1753547079459,16:24:39.459,AAVE/USDT:USDT,294.96,3.9,294.9,1.7,294.97,0.5,295.04,0.4
1753547079463,16:24:39.463,AAVE/USDT:USDT,294.96,3.9,294.9,1.7,294.97,0.1,295.04,0.4
1753547079616,16:24:39.616,AAVE/USDT:USDT,294.96,3.9,294.9,1.7,294.97,0.5,295.04,0.4
1753547079621,16:24:39.621,AAVE/USDT:USDT,294.96,3.9,294.9,1.7,294.97,0.1,295.04,0.4
1753547079766,16:24:39.766,AAVE/USDT:USDT,294.96,3.9,294.9,1.7,294.97,0.5,295.04,0.4
1753547079771,16:24:39.771,AAVE/USDT:USDT,294.96,3.9,294.9,1.7,294.97,0.1,295.04,0.4
1753547079841,16:24:39.841,AAVE/USDT:USDT,294.96,3.9,294.9,1.7,294.97,0.1,295.04,0.4
1753547080250,16:24:40.250,AAVE/USDT:USDT,294.96,3.9,294.9,1.7,294.97,0.1,295.04,0.4
1753547080276,16:24:40.276,AAVE/USDT:USDT,294.96,3.9,294.9,1.7,294.97,0.1,295.04,0.4
1753547080352,16:24:40.352,AAVE/USDT:USDT,294.96,3.9,294.93,0.4,294.97,0.1,295.04,0.4
1753547080791,16:24:40.791,AAVE/USDT:USDT,294.96,3.9,294.93,0.4,294.97,0.1,295.04,0.4
1753547081485,16:24:41.485,AAVE/USDT:USDT,294.96,3.9,294.93,0.4,294.97,0.1,295.04,0.4
1753547081492,16:24:41.492,AAVE/USDT:USDT,294.96,3.9,294.93,0.4,294.97,0.1,295.02,0.4
1753547081514,16:24:41.514,AAVE/USDT:USDT,294.96,3.9,294.93,0.4,294.97,0.1,295.02,0.4
1753547082036,16:24:42.036,AAVE/USDT:USDT,294.96,3.9,294.93,0.4,294.97,0.1,295.02,0.4
1753547082045,16:24:42.045,AAVE/USDT:USDT,294.96,3.9,294.93,0.4,294.97,0.1,295.02,0.4
1753547082944,16:24:42.944,AAVE/USDT:USDT,294.93,0.4,294.9,1.7,294.97,0.1,295.02,0.4
1753547082991,16:24:42.991,AAVE/USDT:USDT,294.93,0.4,294.9,0.4,294.97,0.1,295.02,0.4
1753547083042,16:24:43.042,AAVE/USDT:USDT,294.9,0.4,294.89,4.5,294.97,0.1,295.02,0.4
1753547083059,16:24:43.059,AAVE/USDT:USDT,294.9,0.4,294.89,4.5,294.97,0.1,295.02,0.4
1753547083267,16:24:43.267,AAVE/USDT:USDT,294.9,0.4,294.89,4.5,294.97,0.1,295.05,0.4
1753547083978,16:24:43.978,AAVE/USDT:USDT,294.9,0.4,294.89,4.5,294.97,0.1,295.05,0.4
1753547084039,16:24:44.039,AAVE/USDT:USDT,294.9,0.4,294.89,4.5,294.97,0.1,295.05,0.4
1753547084131,16:24:44.131,AAVE/USDT:USDT,294.9,0.4,294.89,4.5,294.97,0.1,295.05,0.4
1753547084635,16:24:44.635,AAVE/USDT:USDT,294.9,0.4,294.89,4.5,294.97,0.1,295.05,0.4
1753547084643,16:24:44.643,AAVE/USDT:USDT,294.9,0.4,294.89,4.5,294.97,0.1,295.05,0.4
1753547084841,16:24:44.841,AAVE/USDT:USDT,294.9,0.4,294.89,4.5,294.97,0.1,295.05,0.4
1753547085060,16:24:45.060,AAVE/USDT:USDT,294.9,0.4,294.89,4.5,294.97,0.1,295.05,0.4
1753547085265,16:24:45.265,AAVE/USDT:USDT,294.9,0.4,294.89,4.5,294.97,0.1,295.05,0.4
1753547085409,16:24:45.409,AAVE/USDT:USDT,294.9,0.4,294.89,4.5,294.97,0.5,295.05,0.4
1753547085414,16:24:45.414,AAVE/USDT:USDT,294.9,0.4,294.89,4.5,294.97,0.1,295.05,0.4
1753547085565,16:24:45.565,AAVE/USDT:USDT,294.9,0.4,294.89,4.5,294.97,0.1,295.05,0.4
1753547085639,16:24:45.639,AAVE/USDT:USDT,294.96,0.3,294.95,0.3,294.97,0.1,295.05,0.4
1753547085654,16:24:45.654,AAVE/USDT:USDT,294.96,0.3,294.9,0.4,294.97,0.1,295.05,0.4
1753547085673,16:24:45.673,AAVE/USDT:USDT,294.96,0.3,294.9,1.7,294.97,0.1,295.05,0.4
1753547085717,16:24:45.717,AAVE/USDT:USDT,294.96,0.3,294.93,0.4,294.97,0.1,295.08,0.4
1753547085740,16:24:45.740,AAVE/USDT:USDT,294.96,0.3,294.93,0.4,294.97,0.1,295.08,0.4
1753547085755,16:24:45.755,AAVE/USDT:USDT,294.96,0.3,294.93,0.4,294.97,0.1,295.08,0.4
1753547085778,16:24:45.778,AAVE/USDT:USDT,294.96,0.3,294.93,0.4,294.97,0.1,295.08,0.4
1753547087603,16:24:47.603,AAVE/USDT:USDT,294.93,0.4,294.9,1.7,294.97,0.1,295.08,0.4
1753547087614,16:24:47.614,AAVE/USDT:USDT,294.9,1.7,294.89,4.5,294.97,0.1,295.08,0.4
1753547087642,16:24:47.642,AAVE/USDT:USDT,294.91,0.4,294.89,4.5,294.97,0.1,295.08,0.4
1753547087654,16:24:47.654,AAVE/USDT:USDT,294.89,4.5,294.85,0.4,294.97,0.1,295.08,0.4
1753547087684,16:24:47.684,AAVE/USDT:USDT,294.95,0.3,294.89,4.5,294.97,0.1,295.08,0.4
1753547087702,16:24:47.702,AAVE/USDT:USDT,294.89,4.5,294.85,0.4,294.97,0.1,295.08,0.4
1753547087737,16:24:47.737,AAVE/USDT:USDT,294.9,0.4,294.89,4.5,294.97,0.1,295.08,0.4
1753547087761,16:24:47.761,AAVE/USDT:USDT,294.95,0.3,294.9,0.4,294.97,0.1,295.08,0.4
1753547087777,16:24:47.777,AAVE/USDT:USDT,294.95,0.3,294.9,0.4,294.97,0.1,295.08,0.4
1753547087835,16:24:47.835,AAVE/USDT:USDT,294.95,0.3,294.9,0.4,294.97,0.1,295.08,0.4
1753547087846,16:24:47.846,AAVE/USDT:USDT,294.95,0.3,294.9,0.4,294.97,0.1,295.08,0.4
1753547087900,16:24:47.900,AAVE/USDT:USDT,294.95,0.3,294.9,0.4,294.97,0.1,295.08,0.4
1753547087945,16:24:47.945,AAVE/USDT:USDT,294.95,0.3,294.9,0.4,294.97,0.1,295.08,0.4
1753547088051,16:24:48.051,AAVE/USDT:USDT,294.95,0.3,294.9,0.4,294.97,0.1,295.08,0.4
1753547088099,16:24:48.099,AAVE/USDT:USDT,294.96,0.3,294.95,0.3,294.97,0.1,295.08,0.4
1753547088123,16:24:48.123,AAVE/USDT:USDT,294.96,0.3,294.9,0.4,294.97,0.1,295.08,0.4
1753547088166,16:24:48.166,AAVE/USDT:USDT,294.96,0.3,294.9,1.7,294.97,0.1,295.08,0.4
1753547088219,16:24:48.219,AAVE/USDT:USDT,294.96,0.3,294.9,1.7,294.97,0.1,295.08,0.4
1753547088260,16:24:48.260,AAVE/USDT:USDT,294.96,0.3,294.93,0.4,294.97,0.1,295.08,0.4
1753547088995,16:24:48.995,AAVE/USDT:USDT,294.96,0.3,294.93,0.4,294.97,0.1,295.08,0.4
1753547089163,16:24:49.163,AAVE/USDT:USDT,294.91,5.0,294.9,0.4,294.97,0.1,295.08,0.4
1753547089201,16:24:49.201,AAVE/USDT:USDT,294.92,0.4,294.91,5.0,294.97,0.1,295.08,0.4
1753547089213,16:24:49.213,AAVE/USDT:USDT,294.95,0.3,294.92,0.4,294.97,0.1,295.08,0.4
1753547089310,16:24:49.310,AAVE/USDT:USDT,294.95,0.3,294.92,0.4,294.97,0.1,295.08,0.4
1753547089340,16:24:49.340,AAVE/USDT:USDT,294.95,0.3,294.92,0.4,294.97,0.1,295.08,0.4
1753547089414,16:24:49.414,AAVE/USDT:USDT,294.95,0.3,294.92,0.4,294.97,0.1,295.08,0.4
1753547089445,16:24:49.445,AAVE/USDT:USDT,294.95,0.3,294.92,0.4,294.97,0.1,295.08,0.4
1753547089480,16:24:49.480,AAVE/USDT:USDT,294.95,0.3,294.92,0.4,294.97,0.1,295.08,0.4
1753547090309,16:24:50.309,AAVE/USDT:USDT,294.96,0.3,294.95,0.3,294.97,0.1,295.08,0.4
1753547090333,16:24:50.333,AAVE/USDT:USDT,294.96,0.3,294.92,0.4,294.97,0.1,295.08,0.4
1753547090365,16:24:50.365,AAVE/USDT:USDT,294.96,0.3,294.95,0.4,294.97,0.1,295.08,0.4
1753547090398,16:24:50.398,AAVE/USDT:USDT,294.96,0.3,294.92,0.4,294.97,0.1,295.08,0.4
1753547090408,16:24:50.408,AAVE/USDT:USDT,294.96,0.7,294.92,0.4,294.97,0.1,295.08,0.4
1753547090466,16:24:50.466,AAVE/USDT:USDT,294.96,0.7,294.92,0.4,294.97,0.1,295.08,0.4
1753547090529,16:24:50.529,AAVE/USDT:USDT,294.96,0.3,294.92,0.4,294.97,0.1,295.08,0.4
1753547090561,16:24:50.561,AAVE/USDT:USDT,294.96,0.3,294.92,0.4,294.97,0.1,295.08,0.4
1753547090607,16:24:50.607,AAVE/USDT:USDT,294.96,0.7,294.92,0.4,294.97,0.1,295.08,0.4
1753547090639,16:24:50.639,AAVE/USDT:USDT,294.96,0.7,294.92,0.4,294.97,0.1,295.08,0.4
1753547090681,16:24:50.681,AAVE/USDT:USDT,294.96,0.3,294.92,0.4,294.97,0.1,295.08,0.4
1753547090711,16:24:50.711,AAVE/USDT:USDT,294.96,0.7,294.92,0.4,294.97,0.1,295.08,0.4
1753547090731,16:24:50.731,AAVE/USDT:USDT,294.96,0.3,294.92,0.4,294.97,0.1,295.08,0.4
1753547090871,16:24:50.871,AAVE/USDT:USDT,294.96,0.3,294.92,0.4,294.97,0.1,295.08,0.4
1753547091022,16:24:51.022,AAVE/USDT:USDT,294.96,0.3,294.92,0.4,294.97,0.1,295.08,0.4
1753547091172,16:24:51.172,AAVE/USDT:USDT,294.96,0.3,294.92,0.4,294.97,0.1,295.08,0.4
1753547091375,16:24:51.375,AAVE/USDT:USDT,294.96,0.3,294.92,0.4,294.97,0.1,295.08,0.4
1753547091476,16:24:51.476,AAVE/USDT:USDT,294.96,0.7,294.92,0.4,294.97,0.1,295.08,0.4
1753547091485,16:24:51.485,AAVE/USDT:USDT,294.96,0.3,294.92,0.4,294.97,0.1,295.08,0.4
1753547091632,16:24:51.632,AAVE/USDT:USDT,294.96,0.3,294.92,0.4,294.97,0.1,295.08,0.4
1753547091801,16:24:51.801,AAVE/USDT:USDT,294.96,0.3,294.92,0.4,294.97,0.1,295.08,0.4
1753547092295,16:24:52.295,AAVE/USDT:USDT,294.96,0.7,294.92,0.4,294.97,0.1,295.08,0.4
1753547092300,16:24:52.300,AAVE/USDT:USDT,294.96,0.3,294.92,0.4,294.97,0.1,295.08,0.4
1753547092468,16:24:52.468,AAVE/USDT:USDT,294.96,0.7,294.92,0.4,294.97,0.1,295.08,0.4
1753547092474,16:24:52.474,AAVE/USDT:USDT,294.96,0.3,294.92,0.4,294.97,0.1,295.08,0.4
1753547093058,16:24:53.058,AAVE/USDT:USDT,294.96,0.3,294.92,0.4,294.97,0.1,295.08,0.4
1753547093257,16:24:53.257,AAVE/USDT:USDT,294.96,0.7,294.92,0.4,294.97,0.1,295.08,0.4
1753547093261,16:24:53.261,AAVE/USDT:USDT,294.96,0.3,294.92,0.4,294.97,0.1,295.08,0.4
1753547093439,16:24:53.439,AAVE/USDT:USDT,294.96,0.3,294.92,0.4,294.97,0.1,295.08,0.4
1753547093591,16:24:53.591,AAVE/USDT:USDT,294.96,0.3,294.92,0.4,294.97,0.1,295.08,0.4
1753547093739,16:24:53.739,AAVE/USDT:USDT,294.96,0.7,294.92,0.4,294.97,0.1,295.08,0.4
1753547093745,16:24:53.745,AAVE/USDT:USDT,294.96,0.3,294.92,0.4,294.97,0.1,295.08,0.4
1753547093906,16:24:53.906,AAVE/USDT:USDT,294.96,0.3,294.92,0.4,294.97,0.1,295.08,0.4
1753547094068,16:24:54.068,AAVE/USDT:USDT,294.96,0.7,294.92,0.4,294.97,0.1,295.08,0.4
1753547094081,16:24:54.081,AAVE/USDT:USDT,294.96,0.3,294.92,0.4,294.97,0.1,295.08,0.4
1753547094139,16:24:54.139,AAVE/USDT:USDT,294.96,0.3,294.92,0.4,294.97,0.1,295.08,0.4
1753547094139,16:24:54.139,AAVE/USDT:USDT,294.96,0.3,294.92,0.4,294.97,0.1,295.08,0.4
1753547094203,16:24:54.203,AAVE/USDT:USDT,294.96,0.7,294.92,0.4,294.97,0.1,295.08,0.4
1753547094235,16:24:54.235,AAVE/USDT:USDT,294.96,0.3,294.92,0.4,294.97,0.1,295.08,0.4
1753547094250,16:24:54.250,AAVE/USDT:USDT,294.96,0.3,294.92,0.4,294.97,0.1,295.08,0.4
1753547094280,16:24:54.280,AAVE/USDT:USDT,294.96,0.3,294.92,0.4,294.97,0.1,295.08,0.4
1753547094361,16:24:54.361,AAVE/USDT:USDT,294.96,0.3,294.92,0.4,294.97,0.1,295.08,0.4
1753547094511,16:24:54.511,AAVE/USDT:USDT,294.96,0.3,294.92,0.4,294.97,0.1,295.08,0.4
1753547094668,16:24:54.668,AAVE/USDT:USDT,294.96,0.7,294.92,0.4,294.97,0.1,295.08,0.4
1753547094675,16:24:54.675,AAVE/USDT:USDT,294.96,0.3,294.92,0.4,294.97,0.1,295.08,0.4
1753547094822,16:24:54.822,AAVE/USDT:USDT,294.96,0.3,294.92,0.4,294.97,0.1,295.08,0.4
1753547094968,16:24:54.968,AAVE/USDT:USDT,294.96,0.7,294.92,0.4,294.97,0.1,295.08,0.4
1753547094973,16:24:54.973,AAVE/USDT:USDT,294.96,0.3,294.92,0.4,294.97,0.1,295.08,0.4
1753547095129,16:24:55.129,AAVE/USDT:USDT,294.96,0.3,294.92,0.4,294.97,0.1,295.08,0.4
1753547095276,16:24:55.276,AAVE/USDT:USDT,294.96,0.7,294.92,0.4,294.97,0.1,295.08,0.4
1753547095295,16:24:55.295,AAVE/USDT:USDT,294.96,0.3,294.92,0.4,294.97,0.1,295.08,0.4
1753547095434,16:24:55.434,AAVE/USDT:USDT,294.96,0.3,294.92,0.4,294.97,0.1,295.08,0.4
1753547095650,16:24:55.650,AAVE/USDT:USDT,294.96,0.7,294.92,0.4,294.97,0.1,295.08,0.4
1753547095673,16:24:55.673,AAVE/USDT:USDT,294.96,0.3,294.92,0.4,294.97,0.1,295.08,0.4
1753547095694,16:24:55.694,AAVE/USDT:USDT,294.96,0.3,294.92,0.4,294.97,0.1,295.08,0.4
1753547095741,16:24:55.741,AAVE/USDT:USDT,294.96,0.3,294.92,0.4,294.97,0.1,295.08,0.4
1753547095778,16:24:55.778,AAVE/USDT:USDT,294.96,0.3,294.92,0.4,294.97,0.1,295.08,0.4
1753547095893,16:24:55.893,AAVE/USDT:USDT,294.96,0.3,294.92,0.4,294.97,0.1,295.08,0.4
1753547096048,16:24:56.048,AAVE/USDT:USDT,294.96,0.3,294.92,0.4,294.97,0.1,295.08,0.4
1753547096203,16:24:56.203,AAVE/USDT:USDT,294.96,0.7,294.92,0.4,294.97,0.1,295.08,0.4
1753547096207,16:24:56.207,AAVE/USDT:USDT,294.96,0.3,294.92,0.4,294.97,0.1,295.08,0.4
1753547096364,16:24:56.364,AAVE/USDT:USDT,294.96,0.7,294.92,0.4,294.97,0.1,295.08,0.4
1753547096369,16:24:56.369,AAVE/USDT:USDT,294.96,0.3,294.92,0.4,294.97,0.1,295.08,0.4
1753547096515,16:24:56.515,AAVE/USDT:USDT,294.96,0.7,294.92,0.4,294.97,0.1,295.08,0.4
1753547096519,16:24:56.519,AAVE/USDT:USDT,294.96,0.3,294.92,0.4,294.97,0.1,295.08,0.4
1753547096681,16:24:56.681,AAVE/USDT:USDT,294.96,0.3,294.92,0.4,294.97,0.1,295.08,0.4
1753547096834,16:24:56.834,AAVE/USDT:USDT,294.96,0.3,294.92,0.4,294.97,0.1,295.08,0.4
1753547097017,16:24:57.017,AAVE/USDT:USDT,294.96,0.7,294.92,0.4,294.97,0.1,295.08,0.4
1753547097022,16:24:57.022,AAVE/USDT:USDT,294.96,0.3,294.92,0.4,294.97,0.1,295.08,0.4
1753547097094,16:24:57.094,AAVE/USDT:USDT,294.96,0.3,294.92,0.4,294.97,0.1,295.08,0.4
1753547097171,16:24:57.171,AAVE/USDT:USDT,294.96,0.7,294.92,0.4,294.97,0.1,295.08,0.4
1753547097177,16:24:57.177,AAVE/USDT:USDT,294.96,0.3,294.92,0.4,294.97,0.1,295.08,0.4
1753547097326,16:24:57.326,AAVE/USDT:USDT,294.96,0.7,294.92,0.4,294.97,0.1,295.08,0.4
1753547097330,16:24:57.330,AAVE/USDT:USDT,294.96,0.3,294.92,0.4,294.97,0.1,295.08,0.4
1753547097487,16:24:57.487,AAVE/USDT:USDT,294.96,0.3,294.92,0.4,294.97,0.1,295.08,0.4
1753547097631,16:24:57.631,AAVE/USDT:USDT,294.96,0.7,294.92,0.4,294.97,0.1,295.08,0.4
1753547097639,16:24:57.639,AAVE/USDT:USDT,294.96,0.3,294.92,0.4,294.97,0.1,295.08,0.4
1753547097782,16:24:57.782,AAVE/USDT:USDT,294.96,0.7,294.92,0.4,294.97,0.1,295.08,0.4
1753547097786,16:24:57.786,AAVE/USDT:USDT,294.96,0.3,294.92,0.4,294.97,0.1,295.08,0.4
1753547097934,16:24:57.934,AAVE/USDT:USDT,294.96,0.7,294.92,0.4,294.97,0.1,295.08,0.4
1753547097939,16:24:57.939,AAVE/USDT:USDT,294.96,0.3,294.92,0.4,294.97,0.1,295.08,0.4
1753547097944,16:24:57.944,AAVE/USDT:USDT,294.96,0.3,294.92,0.4,294.97,0.1,295.08,0.4
1753547098094,16:24:58.094,AAVE/USDT:USDT,294.96,0.3,294.92,0.4,294.97,0.1,295.08,0.4
1753547098129,16:24:58.129,AAVE/USDT:USDT,294.96,0.3,294.92,0.4,294.97,0.1,295.08,0.4
1753547098269,16:24:58.269,AAVE/USDT:USDT,294.96,0.3,294.92,0.4,295.08,0.4,295.09,13.4
1753547098384,16:24:58.384,AAVE/USDT:USDT,294.96,0.3,294.92,0.4,294.97,0.1,295.08,0.5
1753547098427,16:24:58.427,AAVE/USDT:USDT,294.96,0.3,294.92,0.4,294.97,0.1,295.08,0.4
1753547098460,16:24:58.460,AAVE/USDT:USDT,294.96,12.6,294.92,0.4,294.97,0.1,295.08,0.4
1753547098468,16:24:58.468,AAVE/USDT:USDT,294.96,12.2,294.92,0.4,294.97,0.1,295.08,0.4
1753547099042,16:24:59.042,AAVE/USDT:USDT,294.96,12.2,294.92,0.4,294.97,0.1,295.08,0.4
1753547100146,16:25:00.146,AAVE/USDT:USDT,294.96,12.2,294.92,0.4,294.97,0.1,295.08,0.4
1753547100215,16:25:00.215,AAVE/USDT:USDT,294.96,12.2,294.92,0.4,294.97,0.1,295.08,0.4
1753547100259,16:25:00.259,AAVE/USDT:USDT,294.96,12.2,294.92,0.4,294.97,0.1,295.08,0.4
1753547100271,16:25:00.271,AAVE/USDT:USDT,294.96,12.2,294.92,0.4,294.97,0.1,295.08,0.4
1753547100339,16:25:00.339,AAVE/USDT:USDT,294.96,11.9,294.92,0.4,294.97,0.1,295.08,0.4
1753547100366,16:25:00.366,AAVE/USDT:USDT,294.96,11.9,294.92,0.4,294.97,0.1,295.08,0.4
1753547100400,16:25:00.400,AAVE/USDT:USDT,294.96,11.9,294.92,0.4,294.97,0.1,295.08,0.4
1753547100421,16:25:00.421,AAVE/USDT:USDT,294.96,11.9,294.91,5.0,294.97,0.1,295.08,0.4
1753547100452,16:25:00.452,AAVE/USDT:USDT,294.96,11.9,294.91,5.0,294.97,0.1,295.08,0.4
1753547100492,16:25:00.492,AAVE/USDT:USDT,294.96,11.9,294.91,5.0,294.97,0.1,295.08,0.4
1753547100494,16:25:00.494,AAVE/USDT:USDT,294.96,11.9,294.91,5.0,294.97,0.5,295.08,0.4
1753547100532,16:25:00.532,AAVE/USDT:USDT,294.96,11.9,294.91,5.0,294.97,0.5,295.08,0.4
1753547100554,16:25:00.554,AAVE/USDT:USDT,294.96,11.9,294.91,5.0,294.97,0.5,295.08,0.4
1753547100569,16:25:00.569,AAVE/USDT:USDT,294.96,11.9,294.91,5.0,294.97,0.5,295.08,0.4
1753547100607,16:25:00.607,AAVE/USDT:USDT,294.96,11.9,294.91,5.0,294.97,0.5,295.08,0.4
1753547100629,16:25:00.629,AAVE/USDT:USDT,294.96,11.9,294.91,5.0,294.97,0.5,295.08,0.4
1753547100664,16:25:00.664,AAVE/USDT:USDT,294.96,11.9,294.91,5.0,294.97,0.5,295.08,0.4
1753547100683,16:25:00.683,AAVE/USDT:USDT,294.96,11.9,294.91,5.0,294.97,0.5,295.08,0.4
1753547100735,16:25:00.735,AAVE/USDT:USDT,294.96,11.9,294.91,5.0,294.97,0.5,295.08,0.4
1753547100839,16:25:00.839,AAVE/USDT:USDT,294.96,11.9,294.91,5.0,294.97,0.5,295.08,0.4
1753547100866,16:25:00.866,AAVE/USDT:USDT,294.96,11.9,294.91,5.0,294.97,0.1,295.08,0.4
1753547100958,16:25:00.958,AAVE/USDT:USDT,294.96,11.9,294.91,5.0,294.97,0.1,295.08,0.4
1753547100988,16:25:00.988,AAVE/USDT:USDT,294.96,11.9,294.91,5.0,294.97,0.1,295.08,0.4
1753547101011,16:25:01.011,AAVE/USDT:USDT,294.96,11.9,294.91,5.0,294.97,0.5,295.08,0.4
1753547101039,16:25:01.039,AAVE/USDT:USDT,294.96,11.9,294.91,5.0,294.97,0.5,295.08,0.4
1753547101058,16:25:01.058,AAVE/USDT:USDT,294.96,11.9,294.91,5.0,294.97,0.5,295.08,0.4
1753547101090,16:25:01.090,AAVE/USDT:USDT,294.96,11.9,294.93,0.4,294.97,0.5,295.08,0.4
1753547101103,16:25:01.103,AAVE/USDT:USDT,294.96,11.9,294.93,0.4,294.97,0.5,295.08,0.4
1753547101130,16:25:01.130,AAVE/USDT:USDT,294.96,11.9,294.93,0.4,294.97,0.1,295.08,0.4
1753547101758,16:25:01.758,AAVE/USDT:USDT,294.96,11.9,294.93,0.4,294.97,0.1,295.08,0.4
1753547102932,16:25:02.932,AAVE/USDT:USDT,294.96,11.9,294.93,0.4,294.97,0.1,295.08,0.4
1753547102979,16:25:02.979,AAVE/USDT:USDT,294.96,11.9,294.93,0.4,294.97,0.1,295.08,0.4
1753547102997,16:25:02.997,AAVE/USDT:USDT,294.96,11.9,294.93,0.4,294.97,0.1,295.08,0.4
1753547103086,16:25:03.086,AAVE/USDT:USDT,294.96,11.9,294.93,0.4,294.97,0.1,295.08,0.4
1753547103095,16:25:03.095,AAVE/USDT:USDT,294.96,11.9,294.93,0.4,294.97,0.1,295.08,0.4
1753547103577,16:25:03.577,AAVE/USDT:USDT,294.96,11.9,294.93,0.4,294.97,0.1,295.08,0.4
1753547103967,16:25:03.967,AAVE/USDT:USDT,294.96,11.9,294.93,0.4,294.97,0.1,295.08,0.4
1753547104058,16:25:04.058,AAVE/USDT:USDT,294.96,11.9,294.93,0.4,294.97,0.1,295.08,0.4
1753547104528,16:25:04.528,AAVE/USDT:USDT,294.96,11.9,294.93,0.4,294.97,0.5,295.08,0.4
1753547104547,16:25:04.547,AAVE/USDT:USDT,294.96,11.9,294.91,5.0,294.97,0.1,295.08,0.4
1753547104577,16:25:04.577,AAVE/USDT:USDT,294.96,11.9,294.91,5.0,294.97,0.1,295.08,0.4
1753547104630,16:25:04.630,AAVE/USDT:USDT,294.96,11.9,294.91,5.0,294.97,0.1,295.08,0.4
1753547104700,16:25:04.700,AAVE/USDT:USDT,294.96,11.9,294.91,5.0,294.97,0.5,295.08,0.4
1753547104719,16:25:04.719,AAVE/USDT:USDT,294.96,11.9,294.91,5.0,294.97,0.1,295.08,0.4
1753547104837,16:25:04.837,AAVE/USDT:USDT,294.96,11.9,294.91,5.0,294.97,0.5,295.08,0.4
1753547104877,16:25:04.877,AAVE/USDT:USDT,294.96,11.9,294.91,5.0,294.97,0.1,295.08,0.4
1753547105034,16:25:05.034,AAVE/USDT:USDT,294.96,11.9,294.91,5.0,294.97,0.1,295.08,0.4
1753547105157,16:25:05.157,AAVE/USDT:USDT,294.96,11.9,294.91,5.0,294.97,0.1,295.08,0.4
1753547105167,16:25:05.167,AAVE/USDT:USDT,294.96,11.9,294.91,5.0,294.97,0.1,295.08,0.4
1753547105184,16:25:05.184,AAVE/USDT:USDT,294.96,11.9,294.91,5.0,294.97,0.1,295.08,0.4
1753547105213,16:25:05.213,AAVE/USDT:USDT,294.96,11.9,294.91,5.0,294.97,0.1,295.08,0.4
1753547105239,16:25:05.239,AAVE/USDT:USDT,294.96,11.9,294.91,5.0,294.97,0.1,295.08,0.4
1753547105245,16:25:05.245,AAVE/USDT:USDT,294.96,11.9,294.91,5.0,294.97,0.1,295.08,0.4
1753547105272,16:25:05.272,AAVE/USDT:USDT,294.96,11.9,294.91,5.0,294.97,0.1,295.08,0.4
1753547105289,16:25:05.289,AAVE/USDT:USDT,294.96,11.9,294.91,5.0,294.97,0.1,295.08,0.4
1753547105324,16:25:05.324,AAVE/USDT:USDT,294.96,11.9,294.91,5.0,294.97,0.1,295.08,0.4
1753547105363,16:25:05.363,AAVE/USDT:USDT,294.96,11.9,294.91,5.0,294.97,0.5,295.08,0.4
1753547105382,16:25:05.382,AAVE/USDT:USDT,294.96,11.9,294.91,5.0,294.97,0.5,295.08,0.4
1753547105400,16:25:05.400,AAVE/USDT:USDT,294.96,11.9,294.91,5.0,294.97,0.5,295.08,0.4
1753547105427,16:25:05.427,AAVE/USDT:USDT,294.96,11.9,294.91,5.0,294.97,0.5,295.08,0.4
1753547105456,16:25:05.456,AAVE/USDT:USDT,294.96,11.9,294.91,5.0,294.97,0.1,295.08,0.4
1753547105478,16:25:05.478,AAVE/USDT:USDT,294.96,11.9,294.91,5.0,294.97,0.1,295.08,0.4
1753547105537,16:25:05.537,AAVE/USDT:USDT,294.96,11.9,294.91,5.0,294.97,0.1,295.08,0.4
1753547105637,16:25:05.637,AAVE/USDT:USDT,294.96,11.9,294.91,5.0,294.97,0.1,295.08,0.4
1753547105666,16:25:05.666,AAVE/USDT:USDT,294.96,11.9,294.91,5.0,294.97,0.1,295.08,0.4
1753547105694,16:25:05.694,AAVE/USDT:USDT,294.96,11.9,294.91,5.0,294.97,0.1,295.08,0.4
1753547105721,16:25:05.721,AAVE/USDT:USDT,294.96,11.9,294.91,5.0,294.97,0.1,295.08,0.4
1753547105824,16:25:05.824,AAVE/USDT:USDT,294.96,11.9,294.91,5.0,294.97,0.1,295.08,0.4
1753547105877,16:25:05.877,AAVE/USDT:USDT,294.96,11.9,294.91,5.0,294.97,0.1,295.08,0.4
1753547105935,16:25:05.935,AAVE/USDT:USDT,294.96,11.9,294.91,5.0,294.97,0.5,295.08,0.4
1753547105939,16:25:05.939,AAVE/USDT:USDT,294.96,11.9,294.91,5.0,294.97,0.1,295.08,0.4
1753547105981,16:25:05.981,AAVE/USDT:USDT,294.96,11.9,294.91,5.0,294.97,0.1,295.08,0.4
1753547106096,16:25:06.096,AAVE/USDT:USDT,294.96,11.9,294.91,5.0,294.97,0.1,295.08,0.4
1753547106121,16:25:06.121,AAVE/USDT:USDT,294.96,11.9,294.91,5.0,294.97,0.1,295.08,0.4
1753547106147,16:25:06.147,AAVE/USDT:USDT,294.96,11.9,294.91,5.0,294.97,0.1,295.08,0.4
1753547106164,16:25:06.164,AAVE/USDT:USDT,294.96,11.9,294.91,5.0,294.97,0.5,295.08,0.4
1753547106216,16:25:06.216,AAVE/USDT:USDT,294.96,11.9,294.91,5.0,294.97,0.5,295.08,0.4
1753547106243,16:25:06.243,AAVE/USDT:USDT,294.96,11.9,294.91,5.0,294.97,0.5,295.08,0.4
1753547106287,16:25:06.287,AAVE/USDT:USDT,294.96,11.9,294.89,4.5,294.97,0.5,295.08,0.4
1753547106320,16:25:06.320,AAVE/USDT:USDT,294.96,11.9,294.89,4.5,294.97,0.5,295.08,0.4
1753547106338,16:25:06.338,AAVE/USDT:USDT,294.96,11.9,294.89,4.5,294.97,0.5,295.08,0.4
1753547106355,16:25:06.355,AAVE/USDT:USDT,294.96,11.9,294.89,4.5,294.97,0.5,295.08,0.4
1753547106375,16:25:06.375,AAVE/USDT:USDT,294.96,11.9,294.89,4.5,294.97,0.5,295.08,0.4
1753547106391,16:25:06.391,AAVE/USDT:USDT,294.96,11.9,294.89,4.5,294.97,0.1,295.08,0.4
1753547106423,16:25:06.423,AAVE/USDT:USDT,294.96,11.9,294.89,4.5,294.97,0.1,295.08,0.4
1753547106458,16:25:06.458,AAVE/USDT:USDT,294.96,11.9,294.89,4.5,294.97,0.1,295.08,0.4
1753547106490,16:25:06.490,AAVE/USDT:USDT,294.96,11.9,294.89,4.5,294.97,0.1,295.08,0.4
1753547106522,16:25:06.522,AAVE/USDT:USDT,294.96,11.9,294.89,4.5,294.97,0.1,295.08,0.4
1753547106545,16:25:06.545,AAVE/USDT:USDT,294.96,11.9,294.89,4.5,294.97,0.1,295.08,0.4
1753547106562,16:25:06.562,AAVE/USDT:USDT,294.96,11.9,294.89,4.5,294.97,0.1,295.08,0.4
1753547106592,16:25:06.592,AAVE/USDT:USDT,294.89,4.5,294.82,10.0,294.97,0.1,295.08,0.4
1753547106626,16:25:06.626,AAVE/USDT:USDT,294.89,4.5,294.8,5.0,294.97,0.1,295.08,0.4
1753547106669,16:25:06.669,AAVE/USDT:USDT,294.89,4.5,294.8,5.0,294.97,0.1,295.08,0.4
1753547106691,16:25:06.691,AAVE/USDT:USDT,294.89,4.5,294.8,5.0,294.97,0.1,295.08,0.4
1753547106721,16:25:06.721,AAVE/USDT:USDT,294.89,4.5,294.8,5.0,294.97,0.5,295.08,0.4
1753547106760,16:25:06.760,AAVE/USDT:USDT,294.89,4.5,294.8,5.0,294.97,0.5,295.08,0.4
1753547106775,16:25:06.775,AAVE/USDT:USDT,294.89,4.5,294.8,5.0,294.97,0.5,295.08,0.4
1753547106832,16:25:06.832,AAVE/USDT:USDT,294.89,4.5,294.8,5.0,294.97,0.5,295.08,0.4
1753547106850,16:25:06.850,AAVE/USDT:USDT,294.89,4.5,294.8,5.0,294.97,0.5,295.08,0.4
1753547106936,16:25:06.936,AAVE/USDT:USDT,294.89,4.5,294.8,5.0,294.97,0.5,295.08,0.4
1753547106981,16:25:06.981,AAVE/USDT:USDT,294.89,4.5,294.85,11.9,294.97,0.5,295.08,0.4
1753547107011,16:25:07.011,AAVE/USDT:USDT,294.89,4.5,294.85,11.9,294.97,0.1,295.08,0.4
1753547107034,16:25:07.034,AAVE/USDT:USDT,294.89,4.5,294.85,11.9,294.97,0.1,295.08,0.4
1753547107048,16:25:07.048,AAVE/USDT:USDT,294.89,4.5,294.85,11.9,294.95,0.4,294.97,0.1
1753547107067,16:25:07.067,AAVE/USDT:USDT,294.89,4.5,294.85,11.9,294.95,0.5,295.08,0.4
1753547107167,16:25:07.167,AAVE/USDT:USDT,294.89,4.5,294.85,11.9,294.95,0.5,295.08,0.4
1753547107261,16:25:07.261,AAVE/USDT:USDT,294.89,4.5,294.85,11.9,294.93,0.4,294.95,0.1
1753547107316,16:25:07.316,AAVE/USDT:USDT,294.89,4.5,294.85,11.9,294.93,0.5,295.08,0.4
1753547107348,16:25:07.348,AAVE/USDT:USDT,294.89,4.5,294.85,11.9,294.93,0.5,295.08,0.4
1753547107401,16:25:07.401,AAVE/USDT:USDT,294.89,4.5,294.85,11.9,294.93,0.5,295.08,0.4
1753547107479,16:25:07.479,AAVE/USDT:USDT,294.89,4.5,294.85,11.9,294.93,0.1,295.08,0.4
1753547107503,16:25:07.503,AAVE/USDT:USDT,294.89,4.5,294.85,11.9,294.91,0.4,294.93,0.1
1753547107559,16:25:07.559,AAVE/USDT:USDT,294.89,4.5,294.85,11.9,294.91,0.5,295.08,0.4
1753547107667,16:25:07.667,AAVE/USDT:USDT,294.89,4.5,294.85,11.9,294.9,0.4,294.91,0.1
1753547107691,16:25:07.691,AAVE/USDT:USDT,294.89,4.5,294.85,11.9,294.9,0.5,295.08,0.4
1753547107751,16:25:07.751,AAVE/USDT:USDT,294.89,4.5,294.85,11.9,294.9,0.5,295.08,0.4
1753547107788,16:25:07.788,AAVE/USDT:USDT,294.89,4.5,294.85,11.9,294.9,0.5,295.08,0.4
1753547107821,16:25:07.821,AAVE/USDT:USDT,294.89,4.5,294.85,11.9,294.9,0.5,295.08,0.4
1753547107873,16:25:07.873,AAVE/USDT:USDT,294.89,4.5,294.85,11.9,294.9,0.5,295.08,0.4
1753547107944,16:25:07.944,AAVE/USDT:USDT,294.89,4.5,294.85,11.9,294.9,0.5,295.08,0.4
1753547107994,16:25:07.994,AAVE/USDT:USDT,294.89,4.5,294.85,11.9,294.9,0.5,295.08,0.4
1753547108552,16:25:08.552,AAVE/USDT:USDT,294.89,4.5,294.85,11.9,294.9,0.5,295.08,0.4
1753547108610,16:25:08.610,AAVE/USDT:USDT,294.89,4.5,294.85,11.9,294.9,0.5,295.08,0.4
1753547108626,16:25:08.626,AAVE/USDT:USDT,294.89,4.5,294.85,11.9,294.9,0.5,295.08,0.4
1753547108758,16:25:08.758,AAVE/USDT:USDT,294.89,4.5,294.85,11.9,294.9,0.5,295.08,0.4
1753547108760,16:25:08.760,AAVE/USDT:USDT,294.89,4.5,294.85,11.9,294.9,0.5,294.94,4.0
1753547108799,16:25:08.799,AAVE/USDT:USDT,294.89,4.5,294.85,11.9,294.9,0.5,294.94,4.0
1753547108821,16:25:08.821,AAVE/USDT:USDT,294.89,4.5,294.85,11.9,294.9,0.5,294.94,4.0
1753547108838,16:25:08.838,AAVE/USDT:USDT,294.89,4.5,294.85,11.9,294.9,0.5,294.94,4.0
1753547108868,16:25:08.868,AAVE/USDT:USDT,294.89,4.5,294.85,11.9,294.9,0.5,294.94,4.0
1753547109850,16:25:09.850,AAVE/USDT:USDT,294.89,4.5,294.85,11.9,294.9,0.5,294.94,4.0
1753547110249,16:25:10.249,AAVE/USDT:USDT,294.89,4.5,294.85,11.9,294.9,0.5,294.94,4.0
1753547110282,16:25:10.282,AAVE/USDT:USDT,294.89,4.5,294.85,11.9,294.9,0.5,294.94,4.0
1753547110342,16:25:10.342,AAVE/USDT:USDT,294.89,4.5,294.85,11.9,294.9,0.5,294.94,4.0
1753547110388,16:25:10.388,AAVE/USDT:USDT,294.89,4.5,294.85,11.9,294.9,0.5,294.94,4.0
1753547110437,16:25:10.437,AAVE/USDT:USDT,294.89,4.5,294.85,11.9,294.9,0.5,294.94,4.0
1753547110544,16:25:10.544,AAVE/USDT:USDT,294.89,4.5,294.85,11.9,294.9,0.5,294.94,4.0
1753547110597,16:25:10.597,AAVE/USDT:USDT,294.89,4.5,294.85,11.9,294.9,0.5,294.94,4.0
1753547111121,16:25:11.121,AAVE/USDT:USDT,294.89,4.5,294.85,11.9,294.9,0.5,294.94,4.0
1753547111225,16:25:11.225,AAVE/USDT:USDT,294.89,4.5,294.85,11.9,294.9,0.5,294.94,4.0
1753547112193,16:25:12.193,AAVE/USDT:USDT,294.85,11.9,294.8,5.0,294.9,0.5,294.94,4.0
1753547112218,16:25:12.218,AAVE/USDT:USDT,294.85,11.9,294.8,5.0,294.88,0.4,294.9,0.1
1753547112259,16:25:12.259,AAVE/USDT:USDT,294.85,11.9,294.8,5.0,294.88,0.5,294.94,4.0
1753547112299,16:25:12.299,AAVE/USDT:USDT,294.85,11.9,294.8,5.0,294.86,0.4,294.88,0.1
1753547112321,16:25:12.321,AAVE/USDT:USDT,294.85,11.9,294.8,5.0,294.86,0.5,294.92,0.4
1753547112517,16:25:12.517,AAVE/USDT:USDT,294.85,11.9,294.8,5.0,294.86,0.5,294.92,0.4
1753547112543,16:25:12.543,AAVE/USDT:USDT,294.85,11.9,294.8,5.0,294.86,0.5,294.92,0.4
1753547112696,16:25:12.696,AAVE/USDT:USDT,294.85,11.9,294.8,5.0,294.86,0.5,294.92,0.4
1753547112849,16:25:12.849,AAVE/USDT:USDT,294.85,11.9,294.8,5.0,294.86,0.5,294.92,0.4
1753547112893,16:25:12.893,AAVE/USDT:USDT,294.85,11.9,294.8,5.0,294.86,0.5,294.92,0.4
1753547112930,16:25:12.930,AAVE/USDT:USDT,294.85,11.9,294.8,5.0,294.86,0.5,294.92,0.4
1753547112953,16:25:12.953,AAVE/USDT:USDT,294.85,11.9,294.8,5.0,294.86,0.5,294.92,0.4
1753547113008,16:25:13.008,AAVE/USDT:USDT,294.85,11.9,294.8,5.0,294.86,0.5,294.92,0.4
1753547113113,16:25:13.113,AAVE/USDT:USDT,294.85,11.9,294.8,5.0,294.86,0.5,294.92,0.4
1753547113160,16:25:13.160,AAVE/USDT:USDT,294.85,11.9,294.8,5.0,294.86,0.5,294.92,0.4
1753547113175,16:25:13.175,AAVE/USDT:USDT,294.85,11.9,294.8,5.0,294.86,0.5,294.92,0.4
1753547113214,16:25:13.214,AAVE/USDT:USDT,294.85,11.9,294.8,5.0,294.86,0.5,294.92,0.4
1753547113465,16:25:13.465,AAVE/USDT:USDT,294.85,11.9,294.8,5.0,294.86,0.5,294.92,0.4
1753547113494,16:25:13.494,AAVE/USDT:USDT,294.85,11.9,294.8,5.0,294.86,0.5,294.92,0.4
1753547113533,16:25:13.533,AAVE/USDT:USDT,294.85,11.9,294.8,5.0,294.86,0.5,294.92,0.4
1753547113615,16:25:13.615,AAVE/USDT:USDT,294.85,11.9,294.8,5.0,294.86,0.5,294.92,0.4
1753547113991,16:25:13.991,AAVE/USDT:USDT,294.8,5.0,294.76,2.4,294.84,0.4,294.86,0.1
1753547114027,16:25:14.027,AAVE/USDT:USDT,294.8,5.0,294.76,2.4,294.84,0.5,294.87,5.4
1753547114091,16:25:14.091,AAVE/USDT:USDT,294.76,2.4,294.67,0.4,294.82,0.5,294.87,5.4
1753547114122,16:25:14.122,AAVE/USDT:USDT,294.76,2.4,294.72,1.3,294.8,0.4,294.82,0.1
1753547114136,16:25:14.136,AAVE/USDT:USDT,294.76,2.4,294.72,1.3,294.8,0.5,294.86,0.4
1753547114213,16:25:14.213,AAVE/USDT:USDT,294.77,11.9,294.76,2.4,294.78,0.4,294.8,0.1
1753547114252,16:25:14.252,AAVE/USDT:USDT,294.77,11.9,294.76,2.4,294.78,0.5,294.86,0.4
1753547114426,16:25:14.426,AAVE/USDT:USDT,294.77,11.9,294.76,2.4,294.78,0.5,294.86,0.4
1753547114545,16:25:14.545,AAVE/USDT:USDT,294.77,11.9,294.76,2.4,294.78,0.5,294.86,0.4
1753547114595,16:25:14.595,AAVE/USDT:USDT,294.77,11.9,294.76,2.4,294.78,0.5,294.86,0.4
1753547114626,16:25:14.626,AAVE/USDT:USDT,294.77,11.9,294.76,2.4,294.78,0.5,294.86,0.4
1753547114651,16:25:14.651,AAVE/USDT:USDT,294.77,11.9,294.76,2.4,294.78,0.5,294.86,0.4
1753547114680,16:25:14.680,AAVE/USDT:USDT,294.77,11.9,294.76,2.4,294.78,0.5,294.86,0.4
1753547115118,16:25:15.118,AAVE/USDT:USDT,294.77,11.9,294.76,2.4,294.78,0.5,294.86,0.4
1753547115169,16:25:15.169,AAVE/USDT:USDT,294.77,11.9,294.76,2.4,294.78,0.5,294.86,0.4
1753547117090,16:25:17.090,AAVE/USDT:USDT,294.77,11.9,294.76,2.4,294.78,0.5,294.86,0.4
1753547117217,16:25:17.217,AAVE/USDT:USDT,294.77,11.9,294.76,2.4,294.78,0.5,294.86,0.4
1753547117577,16:25:17.577,AAVE/USDT:USDT,294.77,11.9,294.76,2.4,294.78,0.5,294.86,0.4
1753547118017,16:25:18.017,AAVE/USDT:USDT,294.77,11.9,294.76,2.4,294.78,0.5,294.86,0.4
1753547118051,16:25:18.051,AAVE/USDT:USDT,294.77,11.9,294.76,2.4,294.78,0.5,294.86,0.4
1753547118214,16:25:18.214,AAVE/USDT:USDT,294.77,11.9,294.76,2.4,294.78,0.5,294.86,0.4
1753547118240,16:25:18.240,AAVE/USDT:USDT,294.77,11.9,294.76,2.4,294.78,0.5,294.86,0.4
1753547119071,16:25:19.071,AAVE/USDT:USDT,294.77,11.9,294.76,2.4,294.78,0.5,294.86,0.4
1753547119139,16:25:19.139,AAVE/USDT:USDT,294.77,11.9,294.76,2.4,294.78,0.5,294.86,0.4
1753547119370,16:25:19.370,AAVE/USDT:USDT,294.77,11.9,294.76,2.4,294.78,0.5,294.86,0.4
1753547119442,16:25:19.442,AAVE/USDT:USDT,294.77,11.9,294.76,2.4,294.78,0.5,294.86,0.4
1753547121918,16:25:21.918,AAVE/USDT:USDT,294.77,11.9,294.76,2.4,294.78,0.5,294.86,0.4
1753547122902,16:25:22.902,AAVE/USDT:USDT,294.77,11.9,294.76,2.4,294.78,0.5,294.86,0.4
1753547123480,16:25:23.480,AAVE/USDT:USDT,294.77,11.9,294.76,2.4,294.78,0.5,294.86,0.4
1753547123748,16:25:23.748,AAVE/USDT:USDT,294.77,11.9,294.76,2.4,294.78,0.5,294.86,0.4
1753547124029,16:25:24.029,AAVE/USDT:USDT,294.77,11.9,294.76,2.4,294.78,0.5,294.86,0.4
1753547124244,16:25:24.244,AAVE/USDT:USDT,294.77,11.9,294.76,2.4,294.78,0.5,294.86,0.4
1753547124287,16:25:24.287,AAVE/USDT:USDT,294.77,11.9,294.76,2.4,294.78,0.5,294.86,0.4
1753547124375,16:25:24.375,AAVE/USDT:USDT,294.77,11.9,294.76,2.4,294.78,0.5,294.86,0.4
1753547124757,16:25:24.757,AAVE/USDT:USDT,294.77,11.9,294.76,2.4,294.78,0.5,294.86,0.4
1753547125062,16:25:25.062,AAVE/USDT:USDT,294.77,11.9,294.76,2.4,294.78,0.5,294.86,0.4
1753547125749,16:25:25.749,AAVE/USDT:USDT,294.77,11.9,294.76,2.4,294.78,0.5,294.86,0.4
1753547126420,16:25:26.420,AAVE/USDT:USDT,294.77,11.9,294.71,0.4,294.78,0.5,294.86,0.4
1753547126487,16:25:26.487,AAVE/USDT:USDT,294.77,11.9,294.71,0.4,294.78,0.5,294.86,0.4
1753547126701,16:25:26.701,AAVE/USDT:USDT,294.77,11.9,294.74,4.8,294.78,0.1,294.86,0.4
1753547126712,16:25:26.712,AAVE/USDT:USDT,294.77,11.9,294.74,4.8,294.78,0.1,294.86,0.4
1753547126758,16:25:26.758,AAVE/USDT:USDT,294.77,11.9,294.74,4.8,294.78,0.1,294.86,0.4
1753547126758,16:25:26.758,AAVE/USDT:USDT,294.77,11.9,294.74,4.8,294.78,0.1,294.86,0.4
1753547127034,16:25:27.034,AAVE/USDT:USDT,294.77,11.9,294.74,4.8,294.78,0.1,294.86,0.4
1753547127673,16:25:27.673,AAVE/USDT:USDT,294.77,11.9,294.74,4.8,294.78,0.1,294.86,0.4
1753547128029,16:25:28.029,AAVE/USDT:USDT,294.77,11.9,294.74,4.8,294.78,0.1,294.86,0.4
1753547128056,16:25:28.056,AAVE/USDT:USDT,294.77,11.9,294.74,4.8,294.78,0.1,294.86,0.4
1753547128081,16:25:28.081,AAVE/USDT:USDT,294.78,0.1,294.77,11.9,294.86,0.4,294.92,0.4
1753547128093,16:25:28.093,AAVE/USDT:USDT,294.78,2.5,294.77,11.9,294.86,0.4,294.92,0.4
1753547128112,16:25:28.112,AAVE/USDT:USDT,294.78,2.5,294.77,11.9,294.86,0.4,294.92,0.4
1753547128157,16:25:28.157,AAVE/USDT:USDT,294.78,2.5,294.77,11.9,294.86,0.5,294.92,0.4
1753547128164,16:25:28.164,AAVE/USDT:USDT,294.78,2.5,294.77,11.9,294.86,0.1,294.92,0.4
1753547128193,16:25:28.193,AAVE/USDT:USDT,294.78,2.5,294.77,11.9,294.86,0.1,294.92,0.4
1753547128213,16:25:28.213,AAVE/USDT:USDT,294.8,0.4,294.78,2.5,294.86,0.1,294.92,0.4
1753547128232,16:25:28.232,AAVE/USDT:USDT,294.8,0.4,294.78,2.5,294.86,0.1,294.92,0.4
1753547128252,16:25:28.252,AAVE/USDT:USDT,294.85,0.3,294.8,0.4,294.86,0.1,294.92,0.4
1753547128291,16:25:28.291,AAVE/USDT:USDT,294.85,0.3,294.8,0.4,294.86,0.1,294.92,0.4
1753547128320,16:25:28.320,AAVE/USDT:USDT,294.85,0.3,294.8,0.4,294.86,0.1,294.92,0.4
1753547128339,16:25:28.339,AAVE/USDT:USDT,294.85,0.3,294.8,0.4,294.86,0.1,294.92,0.4
1753547128371,16:25:28.371,AAVE/USDT:USDT,294.85,0.3,294.8,0.4,294.86,0.1,294.92,0.4
1753547128419,16:25:28.419,AAVE/USDT:USDT,294.85,0.3,294.8,0.4,294.86,0.1,294.92,0.4
1753547128482,16:25:28.482,AAVE/USDT:USDT,294.85,0.3,294.8,0.4,294.86,0.1,294.92,0.4
1753547129074,16:25:29.074,AAVE/USDT:USDT,294.85,0.3,294.79,1.7,294.86,0.1,294.92,0.4
1753547129083,16:25:29.083,AAVE/USDT:USDT,294.85,0.3,294.79,1.7,294.86,0.1,294.92,0.4
1753547129278,16:25:29.278,AAVE/USDT:USDT,294.85,0.3,294.79,1.7,294.86,0.5,294.92,0.4
1753547129287,16:25:29.287,AAVE/USDT:USDT,294.85,0.3,294.79,1.7,294.86,0.1,294.92,0.4
1753547129430,16:25:29.430,AAVE/USDT:USDT,294.79,1.7,294.78,2.5,294.86,0.1,294.92,0.4
1753547129460,16:25:29.460,AAVE/USDT:USDT,294.78,2.5,294.77,11.9,294.86,0.5,294.92,0.4
1753547129513,16:25:29.513,AAVE/USDT:USDT,294.78,2.5,294.77,11.9,294.86,0.1,294.92,0.4
1753547129530,16:25:29.530,AAVE/USDT:USDT,294.78,2.5,294.77,11.9,294.86,0.1,294.92,0.4
1753547129611,16:25:29.611,AAVE/USDT:USDT,294.78,2.5,294.77,11.9,294.84,0.4,294.86,0.1
1753547129628,16:25:29.628,AAVE/USDT:USDT,294.78,2.5,294.77,11.9,294.84,0.5,294.92,0.4
1753547129657,16:25:29.657,AAVE/USDT:USDT,294.78,2.5,294.77,11.9,294.82,0.4,294.84,0.1
1753547129690,16:25:29.690,AAVE/USDT:USDT,294.78,2.5,294.77,11.9,294.82,0.5,294.92,0.4
1753547129718,16:25:29.718,AAVE/USDT:USDT,294.78,2.5,294.77,11.9,294.8,0.4,294.82,0.1
1753547129777,16:25:29.777,AAVE/USDT:USDT,294.78,2.5,294.77,11.9,294.8,0.5,294.92,0.4
1753547129805,16:25:29.805,AAVE/USDT:USDT,294.78,2.5,294.77,11.9,294.79,0.4,294.8,0.1
1753547129852,16:25:29.852,AAVE/USDT:USDT,294.78,2.5,294.77,11.9,294.79,0.5,294.92,0.4
1753547130074,16:25:30.074,AAVE/USDT:USDT,294.78,2.5,294.77,11.9,294.79,0.5,294.92,0.4
1753547130114,16:25:30.114,AAVE/USDT:USDT,294.78,2.5,294.77,11.9,294.79,0.5,294.96,0.4
1753547130128,16:25:30.128,AAVE/USDT:USDT,294.78,2.5,294.77,11.9,294.79,0.5,294.96,0.4
1753547130404,16:25:30.404,AAVE/USDT:USDT,294.78,2.5,294.77,11.9,294.79,0.1,294.96,0.4
1753547130443,16:25:30.443,AAVE/USDT:USDT,294.78,2.5,294.77,11.9,294.79,0.1,294.96,0.4
1753547130741,16:25:30.741,AAVE/USDT:USDT,294.78,2.5,294.77,11.9,294.79,0.1,294.96,0.4
1753547130888,16:25:30.888,AAVE/USDT:USDT,294.78,2.5,294.77,11.9,294.79,0.1,294.96,0.4
1753547131069,16:25:31.069,AAVE/USDT:USDT,294.78,2.5,294.77,11.9,294.79,0.1,294.96,0.4
1753547131440,16:25:31.440,AAVE/USDT:USDT,294.78,2.5,294.77,11.9,294.79,0.1,294.96,0.4
1753547131591,16:25:31.591,AAVE/USDT:USDT,294.78,2.5,294.77,11.9,294.79,0.1,294.96,0.4
1753547131738,16:25:31.738,AAVE/USDT:USDT,294.78,2.5,294.77,11.9,294.79,0.5,294.96,0.4
1753547131744,16:25:31.744,AAVE/USDT:USDT,294.78,2.5,294.77,11.9,294.79,0.1,294.96,0.4
1753547131958,16:25:31.958,AAVE/USDT:USDT,294.78,2.5,294.77,11.9,294.79,0.1,294.96,0.4
1753547132113,16:25:32.113,AAVE/USDT:USDT,294.78,2.5,294.77,11.9,294.79,0.5,294.96,0.4
1753547132118,16:25:32.118,AAVE/USDT:USDT,294.78,2.5,294.77,11.9,294.79,0.1,294.96,0.4
1753547132427,16:25:32.427,AAVE/USDT:USDT,294.78,2.5,294.77,11.9,294.79,0.1,294.96,0.4
1753547132573,16:25:32.573,AAVE/USDT:USDT,294.78,2.5,294.77,11.9,294.79,0.5,294.96,0.4
1753547132577,16:25:32.577,AAVE/USDT:USDT,294.78,2.5,294.77,11.9,294.79,0.1,294.96,0.4
1753547132617,16:25:32.617,AAVE/USDT:USDT,294.78,2.5,294.77,11.9,294.79,0.1,294.96,0.4
1753547132623,16:25:32.623,AAVE/USDT:USDT,294.78,2.5,294.77,11.9,294.79,0.1,294.96,0.4
1753547132724,16:25:32.724,AAVE/USDT:USDT,294.78,2.5,294.77,11.9,294.79,0.5,294.96,0.4
1753547132730,16:25:32.730,AAVE/USDT:USDT,294.78,2.5,294.77,11.9,294.79,0.1,294.96,0.4
1753547132926,16:25:32.926,AAVE/USDT:USDT,294.78,2.5,294.77,11.9,294.79,0.1,294.96,0.4
1753547132944,16:25:32.944,AAVE/USDT:USDT,294.78,2.5,294.77,11.9,294.79,0.1,294.96,0.4
1753547132966,16:25:32.966,AAVE/USDT:USDT,294.78,2.5,294.77,11.9,294.79,0.1,294.96,0.4
1753547133241,16:25:33.241,AAVE/USDT:USDT,294.78,2.5,294.77,11.9,294.79,0.1,294.96,0.4
1753547133247,16:25:33.247,AAVE/USDT:USDT,294.78,2.5,294.77,11.9,294.79,0.5,294.96,0.4
1753547133252,16:25:33.252,AAVE/USDT:USDT,294.78,2.5,294.77,11.9,294.79,0.1,294.96,0.4
1753547133404,16:25:33.404,AAVE/USDT:USDT,294.78,2.5,294.77,11.9,294.79,0.1,294.96,0.4
1753547133516,16:25:33.516,AAVE/USDT:USDT,294.78,2.5,294.77,11.9,294.79,0.1,294.96,0.4
1753547133843,16:25:33.843,AAVE/USDT:USDT,294.78,2.5,294.77,11.9,294.79,0.1,294.96,0.4
1753547134025,16:25:34.025,AAVE/USDT:USDT,294.78,2.5,294.77,11.9,294.79,0.5,294.96,0.4
1753547134031,16:25:34.031,AAVE/USDT:USDT,294.78,2.5,294.77,11.9,294.79,0.1,294.96,0.4
1753547134185,16:25:34.185,AAVE/USDT:USDT,294.78,2.5,294.77,11.9,294.79,0.1,294.96,0.4
1753547134342,16:25:34.342,AAVE/USDT:USDT,294.78,2.5,294.77,11.9,294.79,0.1,294.96,0.4
1753547134483,16:25:34.483,AAVE/USDT:USDT,294.78,2.5,294.77,11.9,294.79,0.1,294.96,0.4
1753547134502,16:25:34.502,AAVE/USDT:USDT,294.78,2.5,294.77,11.9,294.79,0.1,294.96,0.4
1753547134650,16:25:34.650,AAVE/USDT:USDT,294.78,2.5,294.77,11.9,294.79,0.1,294.96,0.4
1753547134802,16:25:34.802,AAVE/USDT:USDT,294.78,2.5,294.77,11.9,294.79,0.1,294.96,0.4
1753547134950,16:25:34.950,AAVE/USDT:USDT,294.78,2.5,294.77,11.9,294.79,0.1,294.96,0.4
1753547135109,16:25:35.109,AAVE/USDT:USDT,294.78,2.5,294.77,11.9,294.79,0.1,294.96,0.4
1753547135248,16:25:35.248,AAVE/USDT:USDT,294.78,2.5,294.77,11.9,294.79,0.1,294.96,0.4
1753547135266,16:25:35.266,AAVE/USDT:USDT,294.78,2.5,294.77,11.9,294.79,0.1,294.96,0.4
1753547135413,16:25:35.413,AAVE/USDT:USDT,294.78,2.5,294.77,11.9,294.79,0.5,294.96,0.4
1753547135418,16:25:35.418,AAVE/USDT:USDT,294.78,2.5,294.77,11.9,294.79,0.1,294.96,0.4
1753547135567,16:25:35.567,AAVE/USDT:USDT,294.78,2.5,294.77,11.9,294.79,0.5,294.96,0.4
1753547135572,16:25:35.572,AAVE/USDT:USDT,294.78,2.5,294.77,11.9,294.79,0.1,294.96,0.4
1753547135727,16:25:35.727,AAVE/USDT:USDT,294.78,2.5,294.77,11.9,294.79,0.5,294.96,0.4
1753547135733,16:25:35.733,AAVE/USDT:USDT,294.78,2.5,294.77,11.9,294.79,0.1,294.96,0.4
1753547135985,16:25:35.985,AAVE/USDT:USDT,294.78,2.5,294.77,11.9,294.79,0.1,294.96,0.4
1753547136008,16:25:36.008,AAVE/USDT:USDT,294.78,2.5,294.77,11.9,294.79,0.1,294.96,0.4
1753547136031,16:25:36.031,AAVE/USDT:USDT,294.78,2.5,294.77,11.9,294.79,0.5,294.96,0.4
1753547136070,16:25:36.070,AAVE/USDT:USDT,294.78,2.4,294.77,11.9,294.79,0.5,294.96,0.4
1753547136114,16:25:36.114,AAVE/USDT:USDT,294.78,2.4,294.77,11.9,294.79,0.5,294.96,0.4
1753547136140,16:25:36.140,AAVE/USDT:USDT,294.78,2.4,294.77,11.9,294.79,0.5,294.96,0.4
1753547136168,16:25:36.168,AAVE/USDT:USDT,294.78,2.4,294.77,11.9,294.79,0.5,294.96,0.4
1753547136188,16:25:36.188,AAVE/USDT:USDT,294.78,2.4,294.77,11.9,294.79,0.5,294.96,0.4
1753547136211,16:25:36.211,AAVE/USDT:USDT,294.77,11.9,294.74,4.8,294.79,0.1,294.96,0.4
1753547136241,16:25:36.241,AAVE/USDT:USDT,294.77,11.9,294.74,4.8,294.79,0.1,294.96,0.4
1753547136270,16:25:36.270,AAVE/USDT:USDT,294.77,11.9,294.74,4.8,294.79,0.1,294.96,0.4
1753547136370,16:25:36.370,AAVE/USDT:USDT,294.77,11.9,294.74,4.8,294.79,0.1,294.96,0.4
1753547136519,16:25:36.519,AAVE/USDT:USDT,294.77,11.9,294.74,4.8,294.79,0.5,294.96,0.4
1753547136577,16:25:36.577,AAVE/USDT:USDT,294.77,11.9,294.74,4.8,294.79,0.5,294.96,0.4
1753547136813,16:25:36.813,AAVE/USDT:USDT,294.77,11.9,294.74,4.8,294.78,0.5,294.96,0.4
1753547136876,16:25:36.876,AAVE/USDT:USDT,294.77,11.9,294.74,4.8,294.78,0.5,294.96,0.4
1753547137790,16:25:37.790,AAVE/USDT:USDT,294.77,11.9,294.74,4.8,294.78,0.5,294.96,0.4
1753547138057,16:25:38.057,AAVE/USDT:USDT,294.77,11.9,294.74,4.8,294.78,0.5,294.96,0.4
1753547138645,16:25:38.645,AAVE/USDT:USDT,294.77,11.9,294.74,4.8,294.78,0.5,294.96,0.4
1753547138928,16:25:38.928,AAVE/USDT:USDT,294.77,11.9,294.74,4.8,294.78,0.5,294.92,0.7
1753547138929,16:25:38.929,AAVE/USDT:USDT,294.77,11.9,294.74,4.8,294.78,0.5,294.92,0.7
1753547138957,16:25:38.957,AAVE/USDT:USDT,294.77,11.9,294.74,4.8,294.78,0.5,294.92,0.7
1753547139285,16:25:39.285,AAVE/USDT:USDT,294.77,11.9,294.74,4.8,294.78,0.5,294.92,0.7
1753547139416,16:25:39.416,AAVE/USDT:USDT,294.77,11.9,294.74,4.8,294.78,0.5,294.92,0.7
1753547139426,16:25:39.426,AAVE/USDT:USDT,294.77,11.9,294.74,4.8,294.78,0.5,294.92,0.7
1753547139507,16:25:39.507,AAVE/USDT:USDT,294.77,11.9,294.74,4.8,294.78,0.5,294.92,0.7
1753547139509,16:25:39.509,AAVE/USDT:USDT,294.77,11.9,294.74,4.8,294.78,0.5,294.92,0.7
1753547139612,16:25:39.612,AAVE/USDT:USDT,294.77,11.9,294.74,4.8,294.78,0.5,294.92,0.7
1753547139704,16:25:39.704,AAVE/USDT:USDT,294.77,11.9,294.74,4.8,294.78,0.5,294.92,0.7
1753547140040,16:25:40.040,AAVE/USDT:USDT,294.77,11.9,294.74,4.8,294.78,0.5,294.92,0.7
1753547140065,16:25:40.065,AAVE/USDT:USDT,294.77,11.9,294.74,4.8,294.78,0.5,294.92,0.7
1753547140088,16:25:40.088,AAVE/USDT:USDT,294.77,11.9,294.74,4.8,294.78,0.5,294.92,0.7
1753547140146,16:25:40.146,AAVE/USDT:USDT,294.77,11.9,294.74,4.8,294.78,0.5,294.92,0.7
1753547140190,16:25:40.190,AAVE/USDT:USDT,294.77,11.9,294.74,4.8,294.78,0.5,294.92,0.7
1753547140248,16:25:40.248,AAVE/USDT:USDT,294.77,11.9,294.74,4.8,294.78,0.5,294.92,0.7
1753547140273,16:25:40.273,AAVE/USDT:USDT,294.77,11.9,294.74,4.8,294.78,0.5,294.92,0.7
1753547140328,16:25:40.328,AAVE/USDT:USDT,294.77,11.9,294.74,4.8,294.78,0.5,294.92,0.7
1753547140349,16:25:40.349,AAVE/USDT:USDT,294.77,11.9,294.74,4.8,294.78,0.5,294.92,0.7
1753547140398,16:25:40.398,AAVE/USDT:USDT,294.77,11.9,294.74,4.8,294.78,0.5,294.92,0.7
1753547140452,16:25:40.452,AAVE/USDT:USDT,294.77,11.9,294.74,4.8,294.78,0.5,294.92,0.7
1753547140558,16:25:40.558,AAVE/USDT:USDT,294.77,11.9,294.74,4.8,294.78,0.5,294.92,0.7
1753547140578,16:25:40.578,AAVE/USDT:USDT,294.77,11.9,294.74,4.8,294.78,0.5,294.92,0.7
1753547140765,16:25:40.765,AAVE/USDT:USDT,294.77,11.9,294.74,4.8,294.78,0.5,294.92,0.7
1753547140817,16:25:40.817,AAVE/USDT:USDT,294.77,11.9,294.74,4.8,294.78,0.5,294.92,0.7
1753547140869,16:25:40.869,AAVE/USDT:USDT,294.77,11.9,294.74,4.8,294.78,0.5,294.92,0.7
1753547140919,16:25:40.919,AAVE/USDT:USDT,294.77,11.9,294.74,4.8,294.78,0.5,294.92,0.7
1753547141136,16:25:41.136,AAVE/USDT:USDT,294.77,11.9,294.74,4.8,294.78,0.5,294.92,0.7
1753547141184,16:25:41.184,AAVE/USDT:USDT,294.77,11.9,294.74,4.8,294.78,0.5,294.92,0.7
1753547141204,16:25:41.204,AAVE/USDT:USDT,294.77,11.9,294.74,4.8,294.78,0.5,294.92,0.7
1753547141444,16:25:41.444,AAVE/USDT:USDT,294.77,11.9,294.74,4.8,294.78,0.5,294.92,0.7
1753547141455,16:25:41.455,AAVE/USDT:USDT,294.77,11.9,294.74,4.8,294.78,0.5,294.92,0.7
1753547141513,16:25:41.513,AAVE/USDT:USDT,294.77,11.9,294.74,4.8,294.78,0.5,294.92,0.7
1753547141552,16:25:41.552,AAVE/USDT:USDT,294.77,11.9,294.74,4.8,294.78,0.5,294.92,0.7
1753547141601,16:25:41.601,AAVE/USDT:USDT,294.77,11.9,294.74,4.8,294.78,0.5,294.92,0.7
1753547141654,16:25:41.654,AAVE/USDT:USDT,294.77,11.9,294.74,4.8,294.78,0.5,294.92,0.7
1753547141716,16:25:41.716,AAVE/USDT:USDT,294.77,11.9,294.74,4.8,294.78,0.5,294.92,0.7
1753547141761,16:25:41.761,AAVE/USDT:USDT,294.77,11.9,294.74,4.8,294.78,0.5,294.92,0.7
1753547141814,16:25:41.814,AAVE/USDT:USDT,294.77,11.9,294.74,4.8,294.78,0.5,294.92,0.7
1753547141967,16:25:41.967,AAVE/USDT:USDT,294.77,11.9,294.74,4.8,294.78,0.5,294.92,0.7
1753547142021,16:25:42.021,AAVE/USDT:USDT,294.77,11.9,294.74,4.8,294.78,0.5,294.92,0.7
1753547142114,16:25:42.114,AAVE/USDT:USDT,294.77,11.9,294.74,4.8,294.78,0.5,294.92,0.7
1753547142387,16:25:42.387,AAVE/USDT:USDT,294.77,11.9,294.74,4.8,294.78,0.5,294.92,0.7
1753547142439,16:25:42.439,AAVE/USDT:USDT,294.77,11.9,294.74,4.8,294.78,0.5,294.92,0.7
1753547142517,16:25:42.517,AAVE/USDT:USDT,294.77,11.9,294.74,4.8,294.78,0.5,294.92,0.7
1753547142544,16:25:42.544,AAVE/USDT:USDT,294.77,11.9,294.74,4.8,294.78,0.5,294.92,0.7
1753547142789,16:25:42.789,AAVE/USDT:USDT,294.77,11.9,294.74,4.8,294.78,0.5,294.92,0.7
1753547142838,16:25:42.838,AAVE/USDT:USDT,294.77,11.9,294.74,4.8,294.78,0.5,294.92,0.7
1753547143128,16:25:43.128,AAVE/USDT:USDT,294.77,11.9,294.74,4.8,294.78,0.5,294.92,0.7
1753547143194,16:25:43.194,AAVE/USDT:USDT,294.77,11.9,294.74,4.8,294.78,0.5,294.92,0.7
1753547143225,16:25:43.225,AAVE/USDT:USDT,294.77,11.9,294.74,4.8,294.78,0.5,294.92,0.7
1753547143278,16:25:43.278,AAVE/USDT:USDT,294.77,11.9,294.74,4.8,294.78,0.5,294.92,0.7
1753547143384,16:25:43.384,AAVE/USDT:USDT,294.77,11.9,294.74,4.8,294.78,0.5,294.92,0.7
1753547143445,16:25:43.445,AAVE/USDT:USDT,294.77,11.9,294.74,4.8,294.78,0.5,294.92,0.7
1753547143590,16:25:43.590,AAVE/USDT:USDT,294.77,11.9,294.74,4.8,294.78,0.5,294.92,0.7
1753547143696,16:25:43.696,AAVE/USDT:USDT,294.77,11.9,294.74,4.8,294.78,0.5,294.92,0.7
1753547143746,16:25:43.746,AAVE/USDT:USDT,294.77,11.9,294.74,4.8,294.78,0.5,294.92,0.7
1753547143800,16:25:43.800,AAVE/USDT:USDT,294.77,11.9,294.74,4.8,294.78,0.5,294.92,0.7
1753547144059,16:25:44.059,AAVE/USDT:USDT,294.77,11.9,294.74,4.8,294.78,0.5,294.8,4.5
1753547144079,16:25:44.079,AAVE/USDT:USDT,294.77,11.9,294.74,4.8,294.78,0.5,294.8,4.5
1753547144130,16:25:44.130,AAVE/USDT:USDT,294.77,11.9,294.74,4.8,294.78,0.5,294.8,4.5
1753547144172,16:25:44.172,AAVE/USDT:USDT,294.77,11.9,294.74,4.8,294.78,0.5,294.8,4.5
1753547144495,16:25:44.495,AAVE/USDT:USDT,294.77,11.9,294.74,4.8,294.78,0.5,294.8,4.5
1753547144530,16:25:44.530,AAVE/USDT:USDT,294.77,11.9,294.74,4.8,294.78,0.5,294.8,4.5
1753547144584,16:25:44.584,AAVE/USDT:USDT,294.77,11.9,294.74,4.8,294.78,0.5,294.8,4.5
1753547144635,16:25:44.635,AAVE/USDT:USDT,294.77,11.9,294.74,4.8,294.78,0.5,294.8,4.5
1753547145052,16:25:45.052,AAVE/USDT:USDT,294.77,11.9,294.74,4.8,294.78,0.5,294.8,4.5
1753547145159,16:25:45.159,AAVE/USDT:USDT,294.77,11.9,294.74,4.8,294.78,0.5,294.8,4.5
1753547145208,16:25:45.208,AAVE/USDT:USDT,294.77,11.9,294.74,4.8,294.78,0.5,294.8,4.5
1753547145262,16:25:45.262,AAVE/USDT:USDT,294.77,11.9,294.74,4.8,294.78,0.5,294.8,4.5
1753547145316,16:25:45.316,AAVE/USDT:USDT,294.77,11.9,294.74,4.8,294.78,0.5,294.8,4.5
1753547145470,16:25:45.470,AAVE/USDT:USDT,294.77,11.9,294.74,4.8,294.78,0.5,294.8,4.5
1753547145503,16:25:45.503,AAVE/USDT:USDT,294.77,11.9,294.74,4.8,294.78,0.5,294.8,4.5
1753547145524,16:25:45.524,AAVE/USDT:USDT,294.77,11.9,294.74,4.8,294.78,0.5,294.8,4.5
1753547145545,16:25:45.545,AAVE/USDT:USDT,294.77,11.9,294.74,4.8,294.78,0.5,294.8,4.5
1753547145577,16:25:45.577,AAVE/USDT:USDT,294.77,11.9,294.74,4.8,294.78,0.5,294.8,4.5
1753547145682,16:25:45.682,AAVE/USDT:USDT,294.77,11.9,294.74,4.8,294.78,0.5,294.8,4.5
1753547146257,16:25:46.257,AAVE/USDT:USDT,294.77,11.9,294.74,4.8,294.78,0.5,294.8,4.5
1753547146269,16:25:46.269,AAVE/USDT:USDT,294.77,11.9,294.74,4.8,294.78,0.5,294.8,4.5
1753547146313,16:25:46.313,AAVE/USDT:USDT,294.77,11.9,294.74,4.8,294.78,0.5,294.8,4.5
1753547146726,16:25:46.726,AAVE/USDT:USDT,294.77,11.9,294.74,4.8,294.78,0.5,294.8,4.5
1753547146738,16:25:46.738,AAVE/USDT:USDT,294.77,11.9,294.74,4.8,294.78,0.5,294.8,4.5
1753547146834,16:25:46.834,AAVE/USDT:USDT,294.77,11.9,294.74,4.8,294.78,0.5,294.8,4.5
1753547147049,16:25:47.049,AAVE/USDT:USDT,294.77,11.9,294.74,4.8,294.78,0.5,294.8,4.5
1753547147093,16:25:47.093,AAVE/USDT:USDT,294.77,11.9,294.74,4.8,294.78,0.5,294.8,4.5
1753547147169,16:25:47.169,AAVE/USDT:USDT,294.77,11.9,294.74,4.8,294.78,0.5,294.8,4.5
1753547147639,16:25:47.639,AAVE/USDT:USDT,294.77,11.9,294.7,1.2,294.78,0.5,294.8,4.5
1753547147671,16:25:47.671,AAVE/USDT:USDT,294.77,11.9,294.7,1.2,294.78,0.5,294.8,4.5
1753547147712,16:25:47.712,AAVE/USDT:USDT,294.77,11.9,294.7,1.2,294.78,0.5,294.8,4.5
1753547147739,16:25:47.739,AAVE/USDT:USDT,294.77,11.9,294.7,1.2,294.78,0.5,294.8,4.5
1753547147973,16:25:47.973,AAVE/USDT:USDT,294.77,11.9,294.7,1.2,294.78,0.5,294.8,4.5
1753547148090,16:25:48.090,AAVE/USDT:USDT,294.77,11.9,294.62,0.4,294.78,0.5,294.8,4.5
1753547148168,16:25:48.168,AAVE/USDT:USDT,294.77,11.9,294.69,1.2,294.78,0.5,294.8,4.5
1753547148182,16:25:48.182,AAVE/USDT:USDT,294.77,11.9,294.69,1.2,294.78,0.5,294.8,4.5
1753547148230,16:25:48.230,AAVE/USDT:USDT,294.77,11.9,294.69,1.2,294.78,0.5,294.8,4.5
1753547148275,16:25:48.275,AAVE/USDT:USDT,294.77,11.9,294.69,1.2,294.78,0.5,294.8,4.5
1753547148291,16:25:48.291,AAVE/USDT:USDT,294.77,11.9,294.69,1.2,294.78,0.5,294.8,4.5
1753547148354,16:25:48.354,AAVE/USDT:USDT,294.77,11.9,294.7,1.2,294.78,0.5,294.8,4.5
1753547148410,16:25:48.410,AAVE/USDT:USDT,294.77,11.9,294.7,1.2,294.78,0.5,294.8,4.5
1753547148468,16:25:48.468,AAVE/USDT:USDT,294.77,11.9,294.62,0.4,294.78,0.5,294.8,4.5
1753547148520,16:25:48.520,AAVE/USDT:USDT,294.6,6.1,294.55,0.4,294.78,0.5,294.8,4.5
1753547148567,16:25:48.567,AAVE/USDT:USDT,294.6,10.7,294.54,1.2,294.76,0.4,294.78,0.1
1753547148589,16:25:48.589,AAVE/USDT:USDT,294.65,0.3,294.64,0.3,294.76,0.5,294.8,4.5
1753547148604,16:25:48.604,AAVE/USDT:USDT,294.67,0.3,294.66,0.3,294.74,0.4,294.76,3.3
1753547148625,16:25:48.625,AAVE/USDT:USDT,294.67,0.3,294.57,4.4,294.74,0.5,294.76,3.2
1753547148643,16:25:48.643,AAVE/USDT:USDT,294.67,0.3,294.57,4.4,294.72,0.4,294.74,0.1
1753547148658,16:25:48.658,AAVE/USDT:USDT,294.67,0.3,294.57,4.4,294.72,0.4,294.76,3.2
1753547148681,16:25:48.681,AAVE/USDT:USDT,294.67,0.3,294.61,1.2,294.72,0.5,294.76,3.2
1753547148699,16:25:48.699,AAVE/USDT:USDT,294.67,0.3,294.61,1.2,294.7,0.4,294.72,0.5
1753547148723,16:25:48.723,AAVE/USDT:USDT,294.61,1.2,294.57,4.4,294.7,0.5,294.73,0.4
1753547148763,16:25:48.763,AAVE/USDT:USDT,294.57,4.4,294.55,1.2,294.68,0.4,294.7,0.1
1753547148782,16:25:48.782,AAVE/USDT:USDT,294.63,0.3,294.57,4.4,294.68,0.5,294.73,0.4
1753547148803,16:25:48.803,AAVE/USDT:USDT,294.63,0.3,294.59,3.5,294.66,0.4,294.68,0.1
1753547148821,16:25:48.821,AAVE/USDT:USDT,294.63,0.3,294.59,3.5,294.66,0.5,294.73,0.4
1753547148828,16:25:48.828,AAVE/USDT:USDT,294.63,0.3,294.59,3.5,294.66,0.5,294.73,0.4
1753547148865,16:25:48.865,AAVE/USDT:USDT,294.63,0.3,294.57,4.4,294.66,0.5,294.73,0.4
1753547148956,16:25:48.956,AAVE/USDT:USDT,294.63,0.3,294.57,4.4,294.64,0.4,294.66,0.1
1753547148971,16:25:48.971,AAVE/USDT:USDT,294.63,0.3,294.57,4.4,294.64,0.5,294.73,0.4
1753547149071,16:25:49.071,AAVE/USDT:USDT,294.63,0.3,294.57,4.4,294.64,0.5,294.73,0.4
1753547149086,16:25:49.086,AAVE/USDT:USDT,294.63,0.3,294.57,4.4,294.64,0.5,294.73,0.4
1753547149217,16:25:49.217,AAVE/USDT:USDT,294.63,0.3,294.57,4.4,294.64,0.5,294.73,0.4
1753547149248,16:25:49.248,AAVE/USDT:USDT,294.63,0.3,294.57,4.4,294.64,0.5,294.73,0.4
1753547149535,16:25:49.535,AAVE/USDT:USDT,294.63,0.3,294.57,4.4,294.64,0.5,294.73,0.4
1753547149647,16:25:49.647,AAVE/USDT:USDT,294.63,0.3,294.57,4.0,294.64,0.5,294.73,0.4
1753547149731,16:25:49.731,AAVE/USDT:USDT,294.63,0.3,294.57,4.0,294.64,0.5,294.73,0.4
1753547149880,16:25:49.880,AAVE/USDT:USDT,294.57,4.0,294.56,1.2,294.64,0.5,294.73,0.4
1753547149936,16:25:49.936,AAVE/USDT:USDT,294.57,4.0,294.54,11.9,294.62,0.4,294.64,0.1
1753547149976,16:25:49.976,AAVE/USDT:USDT,294.61,0.3,294.57,4.0,294.62,0.5,294.73,0.4
1753547150020,16:25:50.020,AAVE/USDT:USDT,294.61,0.3,294.57,4.0,294.62,0.5,294.73,0.4
1753547150082,16:25:50.082,AAVE/USDT:USDT,294.61,0.3,294.57,4.0,294.62,0.5,294.73,0.4
1753547150469,16:25:50.469,AAVE/USDT:USDT,294.61,0.3,294.57,4.0,294.62,0.5,294.73,0.4
1753547150505,16:25:50.505,AAVE/USDT:USDT,294.61,0.3,294.57,4.0,294.62,0.5,294.73,0.4
1753547152092,16:25:52.092,AAVE/USDT:USDT,294.61,0.3,294.58,0.4,294.62,0.1,294.73,0.4
1753547152130,16:25:52.130,AAVE/USDT:USDT,294.61,0.3,294.57,4.0,294.62,0.1,294.73,0.4
1753547152179,16:25:52.179,AAVE/USDT:USDT,294.57,4.0,294.55,1.2,294.62,0.1,294.73,0.4
1753547152227,16:25:52.227,AAVE/USDT:USDT,294.57,4.0,294.54,17.2,294.62,0.1,294.73,0.4
1753547152260,16:25:52.260,AAVE/USDT:USDT,294.58,0.3,294.57,4.0,294.62,0.1,294.73,0.4
1753547152274,16:25:52.274,AAVE/USDT:USDT,294.58,0.3,294.57,4.0,294.6,0.4,294.62,0.1
1753547152302,16:25:52.302,AAVE/USDT:USDT,294.58,0.3,294.57,4.0,294.6,0.5,294.73,0.4
1753547152353,16:25:52.353,AAVE/USDT:USDT,294.58,0.3,294.57,4.0,294.59,0.4,294.6,0.1
1753547152360,16:25:52.360,AAVE/USDT:USDT,294.58,0.3,294.57,4.0,294.59,0.5,294.73,0.4
1753547152383,16:25:52.383,AAVE/USDT:USDT,294.58,0.3,294.57,4.0,294.59,0.5,294.73,0.4
1753547152405,16:25:52.405,AAVE/USDT:USDT,294.58,0.3,294.57,4.0,294.59,0.5,294.73,0.4
1753547152488,16:25:52.488,AAVE/USDT:USDT,294.58,0.3,294.57,4.0,294.59,0.5,294.73,0.4
1753547152586,16:25:52.586,AAVE/USDT:USDT,294.58,0.3,294.57,4.0,294.59,0.5,294.73,0.4
1753547153029,16:25:53.029,AAVE/USDT:USDT,294.58,0.3,294.57,4.0,294.59,0.5,294.73,0.4
1753547153044,16:25:53.044,AAVE/USDT:USDT,294.58,0.3,294.57,4.0,294.59,0.5,294.73,0.4
1753547153370,16:25:53.370,AAVE/USDT:USDT,294.57,4.0,294.54,17.2,294.59,0.5,294.73,0.4
1753547153411,16:25:53.411,AAVE/USDT:USDT,294.57,4.0,294.54,17.2,294.58,0.4,294.59,0.1
1753547153434,16:25:53.434,AAVE/USDT:USDT,294.57,4.0,294.54,17.2,294.58,0.5,294.73,0.4
1753547153460,16:25:53.460,AAVE/USDT:USDT,294.57,4.0,294.54,17.2,294.58,0.5,294.73,0.4
1753547153507,16:25:53.507,AAVE/USDT:USDT,294.57,4.0,294.54,17.2,294.58,0.5,294.73,0.4
1753547153535,16:25:53.535,AAVE/USDT:USDT,294.57,4.0,294.54,17.2,294.58,0.5,294.73,0.4
1753547153553,16:25:53.553,AAVE/USDT:USDT,294.57,4.0,294.54,17.2,294.58,0.1,294.73,0.4
1753547153753,16:25:53.753,AAVE/USDT:USDT,294.57,4.0,294.54,17.2,294.58,0.5,294.73,0.4
1753547153758,16:25:53.758,AAVE/USDT:USDT,294.57,4.0,294.54,17.2,294.58,0.1,294.73,0.4
1753547153906,16:25:53.906,AAVE/USDT:USDT,294.57,4.0,294.54,17.2,294.58,0.5,294.73,0.4
1753547153915,16:25:53.915,AAVE/USDT:USDT,294.57,4.0,294.54,17.2,294.58,0.1,294.73,0.4
1753547153928,16:25:53.928,AAVE/USDT:USDT,294.57,4.0,294.54,17.2,294.58,0.1,294.73,0.4
1753547154020,16:25:54.020,AAVE/USDT:USDT,294.57,4.0,294.54,17.2,294.58,0.1,294.73,0.4
1753547154039,16:25:54.039,AAVE/USDT:USDT,294.57,4.0,294.54,17.2,294.58,0.1,294.73,0.4
1753547154093,16:25:54.093,AAVE/USDT:USDT,294.57,4.0,294.54,17.2,294.58,0.5,294.73,0.4
1753547154144,16:25:54.144,AAVE/USDT:USDT,294.57,4.0,294.54,17.2,294.58,0.1,294.73,0.4
1753547154222,16:25:54.222,AAVE/USDT:USDT,294.57,4.0,294.54,17.2,294.58,0.1,294.73,0.4
1753547155494,16:25:55.494,AAVE/USDT:USDT,294.57,4.0,294.54,17.2,294.58,0.1,294.73,0.4
1753547155504,16:25:55.504,AAVE/USDT:USDT,294.57,4.0,294.54,17.2,294.58,0.1,294.73,0.4
1753547155893,16:25:55.893,AAVE/USDT:USDT,294.57,4.0,294.54,17.2,294.58,0.5,294.73,0.4
1753547155898,16:25:55.898,AAVE/USDT:USDT,294.57,4.0,294.54,17.2,294.58,0.1,294.73,0.4
