timestamp,time,symbol,bid1_price,bid1_volume,bid2_price,bid2_volume,ask1_price,ask1_volume,ask2_price,ask2_volume
1753546955405,16:22:35.405,AEVO/USDT:USDT,0.1072,2.0,0.10719,4761.0,0.10723,992.0,0.10724,842.0
1753546956205,16:22:36.205,AEVO/USDT:USDT,0.1072,2.0,0.10719,4761.0,0.10723,992.0,0.10724,842.0
1753546957105,16:22:37.105,AEVO/USDT:USDT,0.1072,2.0,0.10719,4761.0,0.10723,993.0,0.10724,842.0
1753546957205,16:22:37.205,AEVO/USDT:USDT,0.1072,2.0,0.10719,4761.0,0.10723,993.0,0.10724,842.0
1753546957305,16:22:37.305,AEVO/USDT:USDT,0.1072,2.0,0.10719,4761.0,0.10723,993.0,0.10724,842.0
1753546957505,16:22:37.505,AEVO/USDT:USDT,0.1072,2.0,0.10719,4761.0,0.10723,993.0,0.10724,842.0
1753546957905,16:22:37.905,AEVO/USDT:USDT,0.1072,2.0,0.10719,4761.0,0.10723,993.0,0.10724,842.0
1753546958405,16:22:38.405,AEVO/USDT:USDT,0.1072,2.0,0.10719,4761.0,0.10723,993.0,0.10724,842.0
1753546958505,16:22:38.505,AEVO/USDT:USDT,0.1072,2.0,0.10719,4761.0,0.10723,993.0,0.10724,842.0
1753546959005,16:22:39.005,AEVO/USDT:USDT,0.1072,2.0,0.10719,4761.0,0.10723,993.0,0.10724,842.0
1753546959405,16:22:39.405,AEVO/USDT:USDT,0.1072,2.0,0.10719,4761.0,0.10723,993.0,0.10724,842.0
1753546959805,16:22:39.805,AEVO/USDT:USDT,0.1072,2.0,0.10719,4761.0,0.10723,993.0,0.10724,842.0
1753546959905,16:22:39.905,AEVO/USDT:USDT,0.1072,2.0,0.10719,4761.0,0.10723,993.0,0.10724,842.0
1753546960505,16:22:40.505,AEVO/USDT:USDT,0.10724,999.0,0.10723,3.0,0.10725,87.0,0.10726,10.0
1753546960605,16:22:40.605,AEVO/USDT:USDT,0.10724,999.0,0.10723,3.0,0.10725,87.0,0.10726,10.0
1753546960905,16:22:40.905,AEVO/USDT:USDT,0.10722,2.0,0.10721,2.0,0.10724,420.0,0.10725,88.0
1753546961205,16:22:41.205,AEVO/USDT:USDT,0.10723,1.0,0.10722,782.0,0.10725,87.0,0.10726,11.0
1753546961305,16:22:41.305,AEVO/USDT:USDT,0.10723,1.0,0.10722,783.0,0.10725,87.0,0.10726,11.0
1753546961505,16:22:41.505,AEVO/USDT:USDT,0.10723,1.0,0.10722,783.0,0.10725,87.0,0.10726,11.0
1753546961605,16:22:41.605,AEVO/USDT:USDT,0.10723,1.0,0.10722,783.0,0.10725,506.0,0.10726,11.0
1753546961705,16:22:41.705,AEVO/USDT:USDT,0.10723,1.0,0.10722,783.0,0.10725,506.0,0.10726,11.0
1753546962605,16:22:42.605,AEVO/USDT:USDT,0.10722,2.0,0.10721,3.0,0.10725,507.0,0.10726,700.0
1753546962705,16:22:42.705,AEVO/USDT:USDT,0.10722,2.0,0.10721,3.0,0.10725,507.0,0.10726,700.0
1753546962805,16:22:42.805,AEVO/USDT:USDT,0.10722,2.0,0.10721,3.0,0.10725,507.0,0.10726,700.0
1753546963105,16:22:43.105,AEVO/USDT:USDT,0.10722,2.0,0.10721,3.0,0.10725,507.0,0.10726,700.0
1753546963305,16:22:43.305,AEVO/USDT:USDT,0.10722,2.0,0.10721,3.0,0.10725,507.0,0.10726,700.0
1753546963705,16:22:43.705,AEVO/USDT:USDT,0.10722,2.0,0.10721,3.0,0.10725,507.0,0.10726,700.0
1753546965805,16:22:45.805,AEVO/USDT:USDT,0.10723,749.0,0.10722,2162.0,0.10725,87.0,0.10726,9.0
1753546966105,16:22:46.105,AEVO/USDT:USDT,0.10723,3.0,0.10722,1134.0,0.10725,87.0,0.10726,9.0
1753546966505,16:22:46.505,AEVO/USDT:USDT,0.10723,3.0,0.10722,1134.0,0.10725,87.0,0.10726,9.0
1753546966605,16:22:46.605,AEVO/USDT:USDT,0.10723,3.0,0.10722,1134.0,0.10725,87.0,0.10726,9.0
1753546966905,16:22:46.905,AEVO/USDT:USDT,0.10723,3.0,0.10722,1134.0,0.10725,87.0,0.10726,9.0
1753546967305,16:22:47.305,AEVO/USDT:USDT,0.10723,3.0,0.10722,1134.0,0.10725,87.0,0.10726,9.0
1753546967805,16:22:47.805,AEVO/USDT:USDT,0.10723,3.0,0.10722,1134.0,0.10725,87.0,0.10726,9.0
1753546968205,16:22:48.205,AEVO/USDT:USDT,0.10723,2.0,0.10722,1134.0,0.10725,87.0,0.10726,9.0
1753546968705,16:22:48.705,AEVO/USDT:USDT,0.10723,2.0,0.10722,1134.0,0.10725,87.0,0.10726,9.0
1753546969205,16:22:49.205,AEVO/USDT:USDT,0.10723,3.0,0.10722,1134.0,0.10725,87.0,0.10726,9.0
1753546970005,16:22:50.005,AEVO/USDT:USDT,0.10723,3.0,0.10722,1134.0,0.10725,87.0,0.10726,9.0
1753546970105,16:22:50.105,AEVO/USDT:USDT,0.10723,3.0,0.10722,1134.0,0.10725,87.0,0.10726,9.0
1753546971005,16:22:51.005,AEVO/USDT:USDT,0.10723,2.0,0.10722,771.0,0.10725,87.0,0.10726,10.0
1753546971205,16:22:51.205,AEVO/USDT:USDT,0.10723,2.0,0.10722,771.0,0.10725,87.0,0.10726,10.0
1753546971305,16:22:51.305,AEVO/USDT:USDT,0.10723,2.0,0.10722,771.0,0.10725,87.0,0.10726,10.0
1753546971605,16:22:51.605,AEVO/USDT:USDT,0.10723,2.0,0.10722,771.0,0.10725,87.0,0.10726,10.0
1753546972605,16:22:52.605,AEVO/USDT:USDT,0.10723,2.0,0.10722,1134.0,0.10725,87.0,0.10726,9.0
1753546972705,16:22:52.705,AEVO/USDT:USDT,0.10723,3.0,0.10722,1134.0,0.10725,87.0,0.10726,9.0
1753546974305,16:22:54.305,AEVO/USDT:USDT,0.10723,32.0,0.10722,1134.0,0.10725,87.0,0.10726,9.0
1753546974905,16:22:54.905,AEVO/USDT:USDT,0.10723,32.0,0.10722,1134.0,0.10725,87.0,0.10726,9.0
1753546977605,16:22:57.605,AEVO/USDT:USDT,0.10725,764.0,0.10724,2.0,0.10726,9.0,0.10728,19.0
1753546978005,16:22:58.005,AEVO/USDT:USDT,0.10725,1179.0,0.10724,1111.0,0.10726,9.0,0.10728,17.0
1753546978105,16:22:58.105,AEVO/USDT:USDT,0.10725,1179.0,0.10724,1111.0,0.10726,9.0,0.10728,17.0
1753546979305,16:22:59.305,AEVO/USDT:USDT,0.10725,1179.0,0.10724,1112.0,0.10726,9.0,0.10728,17.0
1753546979405,16:22:59.405,AEVO/USDT:USDT,0.10725,1179.0,0.10724,1112.0,0.10726,9.0,0.10728,17.0
1753546981105,16:23:01.105,AEVO/USDT:USDT,0.10726,8678.0,0.10725,21935.0,0.10728,16.0,0.10729,123.0
1753546981205,16:23:01.205,AEVO/USDT:USDT,0.10726,8678.0,0.10725,21935.0,0.10728,33.0,0.10729,123.0
1753546981405,16:23:01.405,AEVO/USDT:USDT,0.10726,8678.0,0.10725,21935.0,0.10728,33.0,0.10729,123.0
1753546981905,16:23:01.905,AEVO/USDT:USDT,0.10726,8678.0,0.10725,21935.0,0.10728,33.0,0.10729,123.0
1753546982505,16:23:02.505,AEVO/USDT:USDT,0.10722,1.0,0.10721,31.0,0.10725,880.0,0.10726,1.0
1753546982705,16:23:02.705,AEVO/USDT:USDT,0.10722,1.0,0.10721,31.0,0.10725,880.0,0.10726,1.0
1753546983005,16:23:03.005,AEVO/USDT:USDT,0.10725,2627.0,0.10724,4.0,0.10727,2.0,0.10728,38.0
1753546983305,16:23:03.305,AEVO/USDT:USDT,0.10725,2627.0,0.10724,4.0,0.10727,2.0,0.10728,38.0
1753546983905,16:23:03.905,AEVO/USDT:USDT,0.10723,2.0,0.10722,3.0,0.10726,1.0,0.10727,867.0
1753546984005,16:23:04.005,AEVO/USDT:USDT,0.10723,2.0,0.10722,4.0,0.10726,1.0,0.10727,1115.0
1753546984205,16:23:04.205,AEVO/USDT:USDT,0.10723,2.0,0.10722,4.0,0.10726,1.0,0.10727,1115.0
1753546984405,16:23:04.405,AEVO/USDT:USDT,0.10723,264.0,0.10722,4.0,0.10726,1.0,0.10727,1115.0
1753546985105,16:23:05.105,AEVO/USDT:USDT,0.10723,265.0,0.10722,488.0,0.10726,17.0,0.10727,2.0
1753546985205,16:23:05.205,AEVO/USDT:USDT,0.10724,47.0,0.10723,345.0,0.10726,17.0,0.10727,2.0
1753546985705,16:23:05.705,AEVO/USDT:USDT,0.10723,265.0,0.10722,488.0,0.10726,17.0,0.10727,2.0
1753546985805,16:23:05.805,AEVO/USDT:USDT,0.10723,265.0,0.10722,488.0,0.10726,17.0,0.10727,2.0
1753546986305,16:23:06.305,AEVO/USDT:USDT,0.10723,1488.0,0.10722,2394.0,0.10726,17.0,0.10728,1088.0
1753546986405,16:23:06.405,AEVO/USDT:USDT,0.10725,129.0,0.10724,485.0,0.10728,21.0,0.10729,958.0
1753546986805,16:23:06.805,AEVO/USDT:USDT,0.10728,2611.0,0.10725,2182.0,0.10729,125.0,0.1073,13.0
1753546987105,16:23:07.105,AEVO/USDT:USDT,0.10728,2611.0,0.10727,365.0,0.10729,400.0,0.1073,10.0
1753546987205,16:23:07.205,AEVO/USDT:USDT,0.10728,2611.0,0.10727,365.0,0.10729,400.0,0.1073,10.0
1753546987405,16:23:07.405,AEVO/USDT:USDT,0.10728,2611.0,0.10727,2.0,0.10729,400.0,0.1073,10.0
1753546987505,16:23:07.505,AEVO/USDT:USDT,0.10728,3426.0,0.10727,2.0,0.10729,400.0,0.1073,10.0
1753546987605,16:23:07.605,AEVO/USDT:USDT,0.10728,3426.0,0.10727,2.0,0.10729,400.0,0.1073,10.0
1753546988005,16:23:08.005,AEVO/USDT:USDT,0.10729,1293.0,0.10728,5368.0,0.10732,227.0,0.10734,60.0
1753546988105,16:23:08.105,AEVO/USDT:USDT,0.10729,1293.0,0.10728,5368.0,0.10732,227.0,0.10734,60.0
1753546988205,16:23:08.205,AEVO/USDT:USDT,0.10729,520.0,0.10728,4265.0,0.10732,227.0,0.10734,2371.0
1753546989105,16:23:09.105,AEVO/USDT:USDT,0.10729,2.0,0.10728,4266.0,0.10732,227.0,0.10733,1.0
1753546989205,16:23:09.205,AEVO/USDT:USDT,0.10729,2.0,0.10728,4266.0,0.10732,227.0,0.10733,1.0
1753546989405,16:23:09.405,AEVO/USDT:USDT,0.10729,2.0,0.10728,4266.0,0.10732,227.0,0.10733,1.0
1753546989605,16:23:09.605,AEVO/USDT:USDT,0.10729,2.0,0.10728,4266.0,0.10732,227.0,0.10733,1.0
1753546989705,16:23:09.705,AEVO/USDT:USDT,0.10729,2.0,0.10728,4266.0,0.10732,227.0,0.10733,1.0
1753546990205,16:23:10.205,AEVO/USDT:USDT,0.10729,2.0,0.10728,4266.0,0.10732,227.0,0.10733,1.0
1753546990305,16:23:10.305,AEVO/USDT:USDT,0.10729,2.0,0.10728,4266.0,0.10732,227.0,0.10733,1.0
1753546990605,16:23:10.605,AEVO/USDT:USDT,0.10729,4.0,0.10728,4266.0,0.10732,227.0,0.10733,1.0
1753546990705,16:23:10.705,AEVO/USDT:USDT,0.10729,4.0,0.10728,4266.0,0.10732,227.0,0.10733,1.0
1753546991005,16:23:11.005,AEVO/USDT:USDT,0.10732,2385.0,0.10731,1106.0,0.10734,57.0,0.10735,2.0
1753546991105,16:23:11.105,AEVO/USDT:USDT,0.10732,2385.0,0.10731,1874.0,0.10734,56.0,0.10735,2.0
1753546991205,16:23:11.205,AEVO/USDT:USDT,0.10732,2385.0,0.10731,1874.0,0.10734,56.0,0.10736,6.0
1753546991405,16:23:11.405,AEVO/USDT:USDT,0.10732,2385.0,0.10731,1874.0,0.10734,56.0,0.10736,6.0
1753546991505,16:23:11.505,AEVO/USDT:USDT,0.10732,2385.0,0.10731,1874.0,0.10734,56.0,0.10736,6.0
1753546991705,16:23:11.705,AEVO/USDT:USDT,0.10732,2385.0,0.10731,1874.0,0.10734,56.0,0.10736,6.0
1753546991805,16:23:11.805,AEVO/USDT:USDT,0.10732,2385.0,0.10731,1874.0,0.10734,56.0,0.10736,6.0
1753546991905,16:23:11.905,AEVO/USDT:USDT,0.10732,2385.0,0.10731,1134.0,0.10734,56.0,0.10736,6.0
1753546992005,16:23:12.005,AEVO/USDT:USDT,0.10732,2385.0,0.10731,1134.0,0.10734,56.0,0.10736,6.0
1753546992305,16:23:12.305,AEVO/USDT:USDT,0.10732,2385.0,0.10731,1134.0,0.10734,56.0,0.10736,6.0
1753546992505,16:23:12.505,AEVO/USDT:USDT,0.10732,2385.0,0.10731,1874.0,0.10734,56.0,0.10736,6.0
1753546992605,16:23:12.605,AEVO/USDT:USDT,0.10732,2385.0,0.10731,1874.0,0.10734,56.0,0.10736,6.0
1753546992805,16:23:12.805,AEVO/USDT:USDT,0.10732,2385.0,0.10731,1874.0,0.10734,56.0,0.10736,6.0
1753546993005,16:23:13.005,AEVO/USDT:USDT,0.10732,2385.0,0.10731,1874.0,0.10734,56.0,0.10736,6.0
1753546993305,16:23:13.305,AEVO/USDT:USDT,0.10732,2385.0,0.10731,1874.0,0.10734,56.0,0.10736,6.0
1753546994005,16:23:14.005,AEVO/USDT:USDT,0.10732,2385.0,0.10731,1874.0,0.10734,56.0,0.10736,6.0
1753546995105,16:23:15.105,AEVO/USDT:USDT,0.10732,2385.0,0.10731,1874.0,0.10734,56.0,0.10736,6.0
1753546995605,16:23:15.605,AEVO/USDT:USDT,0.10732,2385.0,0.10731,1874.0,0.10734,56.0,0.10736,6.0
1753546996405,16:23:16.405,AEVO/USDT:USDT,0.10732,2385.0,0.10731,1874.0,0.10734,56.0,0.10736,6.0
1753546996705,16:23:16.705,AEVO/USDT:USDT,0.10731,771.0,0.1073,741.0,0.10734,56.0,0.10735,286.0
1753546996805,16:23:16.805,AEVO/USDT:USDT,0.10731,771.0,0.1073,741.0,0.10734,56.0,0.10735,286.0
1753546997005,16:23:17.005,AEVO/USDT:USDT,0.10731,1191.0,0.1073,1481.0,0.10734,56.0,0.10735,1.0
1753546997205,16:23:17.205,AEVO/USDT:USDT,0.10731,1191.0,0.1073,1481.0,0.10734,56.0,0.10735,1.0
1753546997805,16:23:17.805,AEVO/USDT:USDT,0.10731,1191.0,0.1073,1481.0,0.10734,56.0,0.10735,1.0
1753546997905,16:23:17.905,AEVO/USDT:USDT,0.10731,1555.0,0.1073,1105.0,0.10734,56.0,0.10735,1.0
1753546998705,16:23:18.705,AEVO/USDT:USDT,0.10731,1554.0,0.1073,2062.0,0.10734,56.0,0.10735,1.0
1753546999205,16:23:19.205,AEVO/USDT:USDT,0.10731,1554.0,0.1073,2062.0,0.10734,56.0,0.10735,1.0
1753546999405,16:23:19.405,AEVO/USDT:USDT,0.10732,1.0,0.10731,1554.0,0.10734,56.0,0.10735,1.0
1753546999505,16:23:19.505,AEVO/USDT:USDT,0.10732,1.0,0.10731,1555.0,0.10734,56.0,0.10735,1.0
1753547000705,16:23:20.705,AEVO/USDT:USDT,0.10732,2.0,0.10731,1545.0,0.10734,56.0,0.10736,6.0
1753547001405,16:23:21.405,AEVO/USDT:USDT,0.10732,2.0,0.10731,1545.0,0.10734,56.0,0.10736,6.0
1753547001705,16:23:21.705,AEVO/USDT:USDT,0.10733,1.0,0.10732,189.0,0.10734,56.0,0.10736,6.0
1753547001805,16:23:21.805,AEVO/USDT:USDT,0.10732,189.0,0.10731,1545.0,0.10734,56.0,0.10736,6.0
1753547002505,16:23:22.505,AEVO/USDT:USDT,0.10732,188.0,0.10731,1545.0,0.10734,56.0,0.10736,6.0
1753547002605,16:23:22.605,AEVO/USDT:USDT,0.10732,188.0,0.10731,1545.0,0.10734,56.0,0.10736,6.0
1753547003205,16:23:23.205,AEVO/USDT:USDT,0.10732,188.0,0.10731,1182.0,0.10734,56.0,0.10736,6.0
1753547003605,16:23:23.605,AEVO/USDT:USDT,0.10734,1.0,0.10733,742.0,0.10736,4.0,0.10737,675.0
1753547004205,16:23:24.205,AEVO/USDT:USDT,0.10734,1.0,0.10733,742.0,0.10736,4.0,0.10737,2.0
1753547005005,16:23:25.005,AEVO/USDT:USDT,0.10734,164.0,0.10733,742.0,0.10736,4.0,0.10737,1.0
1753547005405,16:23:25.405,AEVO/USDT:USDT,0.10733,581.0,0.10732,2461.0,0.10736,4.0,0.10737,1.0
1753547005505,16:23:25.505,AEVO/USDT:USDT,0.10733,581.0,0.10732,2461.0,0.10736,4.0,0.10737,1.0
1753547005705,16:23:25.705,AEVO/USDT:USDT,0.10733,2.0,0.10732,3.0,0.10735,1.0,0.10736,5.0
1753547006005,16:23:26.005,AEVO/USDT:USDT,0.10733,2.0,0.10732,1201.0,0.10736,5.0,0.10737,418.0
1753547006305,16:23:26.305,AEVO/USDT:USDT,0.10733,2.0,0.10732,1201.0,0.10736,5.0,0.10737,418.0
1753547006405,16:23:26.405,AEVO/USDT:USDT,0.10733,2.0,0.10732,1201.0,0.10736,5.0,0.10737,418.0
1753547007305,16:23:27.305,AEVO/USDT:USDT,0.10735,1.0,0.10734,289.0,0.10736,4.0,0.10737,1.0
1753547007905,16:23:27.905,AEVO/USDT:USDT,0.10734,2.0,0.10733,724.0,0.10736,4.0,0.10737,2.0
1753547008305,16:23:28.305,AEVO/USDT:USDT,0.10734,2.0,0.10733,1464.0,0.10736,4.0,0.10737,2.0
1753547008405,16:23:28.405,AEVO/USDT:USDT,0.10734,2.0,0.10733,1464.0,0.10736,4.0,0.10737,2.0
1753547009005,16:23:29.005,AEVO/USDT:USDT,0.10734,2.0,0.10733,1464.0,0.10736,4.0,0.10737,2.0
1753547009605,16:23:29.605,AEVO/USDT:USDT,0.10734,2.0,0.10733,2.0,0.10735,730.0,0.10736,772.0
1753547009805,16:23:29.805,AEVO/USDT:USDT,0.10734,2.0,0.10733,2.0,0.10735,730.0,0.10736,772.0
1753547010905,16:23:30.905,AEVO/USDT:USDT,0.10733,2.0,0.10732,2.0,0.10734,3595.0,0.10735,1.0
1753547011105,16:23:31.105,AEVO/USDT:USDT,0.10733,2.0,0.10732,2.0,0.10734,3595.0,0.10735,1.0
1753547011205,16:23:31.205,AEVO/USDT:USDT,0.10733,2.0,0.10732,2.0,0.10734,3595.0,0.10735,1.0
1753547011305,16:23:31.305,AEVO/USDT:USDT,0.10733,2.0,0.10732,2.0,0.10734,3595.0,0.10735,1.0
1753547011505,16:23:31.505,AEVO/USDT:USDT,0.10733,2.0,0.10732,2.0,0.10734,970.0,0.10735,1.0
1753547011605,16:23:31.605,AEVO/USDT:USDT,0.10733,2.0,0.10732,2.0,0.10734,970.0,0.10735,1.0
1753547011905,16:23:31.905,AEVO/USDT:USDT,0.10733,2.0,0.10732,2.0,0.10734,970.0,0.10735,1.0
1753547012805,16:23:32.805,AEVO/USDT:USDT,0.10733,2.0,0.10732,2.0,0.10734,970.0,0.10735,1.0
1753547012905,16:23:32.905,AEVO/USDT:USDT,0.10733,2.0,0.10732,2.0,0.10734,970.0,0.10735,1.0
1753547013005,16:23:33.005,AEVO/USDT:USDT,0.10733,2.0,0.10732,2.0,0.10734,970.0,0.10735,1.0
1753547013105,16:23:33.105,AEVO/USDT:USDT,0.10733,2.0,0.10732,2.0,0.10734,970.0,0.10735,1.0
1753547013305,16:23:33.305,AEVO/USDT:USDT,0.10733,2.0,0.10732,2.0,0.10734,970.0,0.10735,1.0
1753547013405,16:23:33.405,AEVO/USDT:USDT,0.10733,2.0,0.10732,2.0,0.10734,970.0,0.10735,1.0
1753547013505,16:23:33.505,AEVO/USDT:USDT,0.10733,2.0,0.10732,2.0,0.10734,970.0,0.10735,1.0
1753547014505,16:23:34.505,AEVO/USDT:USDT,0.10733,3.0,0.10732,2.0,0.10734,970.0,0.10735,1.0
1753547015305,16:23:35.305,AEVO/USDT:USDT,0.10733,3.0,0.10732,2.0,0.10734,970.0,0.10735,1.0
1753547015405,16:23:35.405,AEVO/USDT:USDT,0.10733,3.0,0.10732,2.0,0.10734,970.0,0.10735,1.0
1753547015605,16:23:35.605,AEVO/USDT:USDT,0.10733,3.0,0.10732,2.0,0.10734,970.0,0.10735,1.0
1753547016505,16:23:36.505,AEVO/USDT:USDT,0.10733,8505.0,0.10732,2.0,0.10734,1.0,0.10735,1.0
1753547016605,16:23:36.605,AEVO/USDT:USDT,0.10733,8505.0,0.10732,2.0,0.10734,1.0,0.10735,1.0
1753547017105,16:23:37.105,AEVO/USDT:USDT,0.10733,8506.0,0.10732,3.0,0.10736,772.0,0.10737,8581.0
1753547017505,16:23:37.505,AEVO/USDT:USDT,0.10733,8506.0,0.10732,1032.0,0.10736,5.0,0.10737,2747.0
1753547017805,16:23:37.805,AEVO/USDT:USDT,0.10733,9398.0,0.10732,1032.0,0.10736,5.0,0.10737,4.0
1753547018705,16:23:38.705,AEVO/USDT:USDT,0.10733,9398.0,0.10732,366.0,0.10736,5.0,0.10737,4.0
1753547018805,16:23:38.805,AEVO/USDT:USDT,0.10735,1.0,0.10734,787.0,0.10736,4.0,0.10737,789.0
1753547019805,16:23:39.805,AEVO/USDT:USDT,0.10734,1.0,0.10733,9398.0,0.10736,4.0,0.10737,790.0
1753547019905,16:23:39.905,AEVO/USDT:USDT,0.10734,1.0,0.10733,9398.0,0.10736,4.0,0.10737,790.0
1753547020305,16:23:40.305,AEVO/USDT:USDT,0.10734,1.0,0.10733,9398.0,0.10736,4.0,0.10737,4.0
1753547020505,16:23:40.505,AEVO/USDT:USDT,0.10735,1.0,0.10734,500.0,0.10736,4.0,0.10737,3.0
1753547021405,16:23:41.405,AEVO/USDT:USDT,0.10735,1.0,0.10734,500.0,0.10736,4.0,0.10737,3.0
1753547022005,16:23:42.005,AEVO/USDT:USDT,0.10734,499.0,0.10733,9398.0,0.10736,4.0,0.10737,3.0
1753547022105,16:23:42.105,AEVO/USDT:USDT,0.10734,499.0,0.10733,9398.0,0.10736,4.0,0.10737,3.0
1753547023105,16:23:43.105,AEVO/USDT:USDT,0.10738,2618.0,0.10736,2992.0,0.10739,108.0,0.1074,2097.0
1753547023305,16:23:43.305,AEVO/USDT:USDT,0.10738,3555.0,0.10737,1.0,0.10739,107.0,0.1074,36.0
1753547023405,16:23:43.405,AEVO/USDT:USDT,0.10738,3555.0,0.10737,1.0,0.10739,107.0,0.1074,36.0
1753547023505,16:23:43.505,AEVO/USDT:USDT,0.10738,3555.0,0.10737,1.0,0.10739,107.0,0.1074,36.0
1753547024005,16:23:44.005,AEVO/USDT:USDT,0.10738,936.0,0.10737,1.0,0.10739,107.0,0.1074,37.0
1753547024305,16:23:44.305,AEVO/USDT:USDT,0.10738,936.0,0.10737,1.0,0.10739,107.0,0.1074,37.0
1753547024505,16:23:44.505,AEVO/USDT:USDT,0.10738,936.0,0.10737,1.0,0.10739,107.0,0.1074,37.0
1753547024705,16:23:44.705,AEVO/USDT:USDT,0.10738,936.0,0.10737,1.0,0.10739,107.0,0.1074,37.0
1753547024805,16:23:44.805,AEVO/USDT:USDT,0.10738,936.0,0.10737,1.0,0.10739,107.0,0.1074,37.0
1753547025105,16:23:45.105,AEVO/USDT:USDT,0.10734,499.0,0.10733,8505.0,0.10737,1.0,0.10738,686.0
1753547025205,16:23:45.205,AEVO/USDT:USDT,0.10734,499.0,0.10733,8505.0,0.10737,1.0,0.10738,686.0
1753547025305,16:23:45.305,AEVO/USDT:USDT,0.10734,499.0,0.10733,8505.0,0.10737,1.0,0.10738,1.0
1753547025605,16:23:45.605,AEVO/USDT:USDT,0.10734,499.0,0.10733,8505.0,0.10737,1.0,0.10738,1.0
1753547025905,16:23:45.905,AEVO/USDT:USDT,0.10734,499.0,0.10733,9171.0,0.10737,1.0,0.10738,1.0
1753547026005,16:23:46.005,AEVO/USDT:USDT,0.10735,1.0,0.10734,863.0,0.10738,469.0,0.10739,2416.0
1753547026105,16:23:46.105,AEVO/USDT:USDT,0.10735,1.0,0.10734,863.0,0.10738,1.0,0.10739,2416.0
1753547026305,16:23:46.305,AEVO/USDT:USDT,0.10736,1.0,0.10735,1.0,0.10739,2416.0,0.1074,809.0
1753547026605,16:23:46.605,AEVO/USDT:USDT,0.10735,1.0,0.10734,500.0,0.10739,2416.0,0.1074,809.0
1753547026805,16:23:46.805,AEVO/USDT:USDT,0.10735,631.0,0.10734,500.0,0.10739,2416.0,0.1074,809.0
1753547027205,16:23:47.205,AEVO/USDT:USDT,0.10736,1.0,0.10735,631.0,0.10739,223.0,0.1074,809.0
1753547028005,16:23:48.005,AEVO/USDT:USDT,0.10736,1.0,0.10735,1470.0,0.10739,223.0,0.1074,809.0
1753547029205,16:23:49.205,AEVO/USDT:USDT,0.10736,1.0,0.10735,1470.0,0.10739,223.0,0.1074,809.0
1753547029405,16:23:49.405,AEVO/USDT:USDT,0.10736,1.0,0.10735,1470.0,0.10739,108.0,0.1074,809.0
1753547029705,16:23:49.705,AEVO/USDT:USDT,0.10736,1.0,0.10735,1470.0,0.10739,108.0,0.1074,809.0
1753547029805,16:23:49.805,AEVO/USDT:USDT,0.10736,1.0,0.10735,1470.0,0.10739,108.0,0.1074,809.0
1753547030205,16:23:50.205,AEVO/USDT:USDT,0.10736,1.0,0.10735,1470.0,0.10739,108.0,0.1074,809.0
1753547030805,16:23:50.805,AEVO/USDT:USDT,0.10736,1.0,0.10735,1470.0,0.10739,223.0,0.1074,809.0
1753547031005,16:23:51.005,AEVO/USDT:USDT,0.10737,2.0,0.10736,1.0,0.10739,222.0,0.1074,809.0
1753547031305,16:23:51.305,AEVO/USDT:USDT,0.10735,1470.0,0.10734,1436.0,0.10739,107.0,0.1074,809.0
1753547031505,16:23:51.505,AEVO/USDT:USDT,0.10735,840.0,0.10734,500.0,0.10739,108.0,0.1074,809.0
1753547032305,16:23:52.305,AEVO/USDT:USDT,0.10735,840.0,0.10734,1397.0,0.10739,108.0,0.1074,809.0
1753547032405,16:23:52.405,AEVO/USDT:USDT,0.10735,839.0,0.10734,1399.0,0.10736,47.0,0.10737,1.0
1753547032505,16:23:52.505,AEVO/USDT:USDT,0.10735,840.0,0.10734,864.0,0.10738,970.0,0.10739,108.0
1753547032805,16:23:52.805,AEVO/USDT:USDT,0.10735,840.0,0.10734,864.0,0.10738,970.0,0.10739,108.0
1753547033005,16:23:53.005,AEVO/USDT:USDT,0.10735,840.0,0.10734,1771.0,0.10738,970.0,0.10739,108.0
1753547033105,16:23:53.105,AEVO/USDT:USDT,0.10735,840.0,0.10734,1771.0,0.10738,970.0,0.10739,108.0
1753547033405,16:23:53.405,AEVO/USDT:USDT,0.10735,840.0,0.10734,1771.0,0.10738,970.0,0.10739,108.0
1753547034305,16:23:54.305,AEVO/USDT:USDT,0.10735,840.0,0.10734,1771.0,0.10738,970.0,0.10739,108.0
1753547034805,16:23:54.805,AEVO/USDT:USDT,0.10735,840.0,0.10734,1823.0,0.10738,970.0,0.10739,108.0
1753547034905,16:23:54.905,AEVO/USDT:USDT,0.10735,840.0,0.10734,1823.0,0.10738,970.0,0.10739,108.0
1753547035805,16:23:55.805,AEVO/USDT:USDT,0.10735,754.0,0.10734,1832.0,0.10738,1.0,0.10739,108.0
1753547036005,16:23:56.005,AEVO/USDT:USDT,0.10735,754.0,0.10734,1832.0,0.10738,1.0,0.10739,108.0
1753547036605,16:23:56.605,AEVO/USDT:USDT,0.10735,1.0,0.10734,864.0,0.10738,1.0,0.10739,619.0
1753547037005,16:23:57.005,AEVO/USDT:USDT,0.10735,1.0,0.10734,1864.0,0.10738,1.0,0.10739,619.0
1753547038105,16:23:58.105,AEVO/USDT:USDT,0.10735,298.0,0.10734,1864.0,0.10739,108.0,0.1074,1825.0
1753547038205,16:23:58.205,AEVO/USDT:USDT,0.10735,666.0,0.10734,2530.0,0.10738,1.0,0.10739,108.0
1753547038605,16:23:58.605,AEVO/USDT:USDT,0.10737,1.0,0.10736,877.0,0.10739,107.0,0.1074,1825.0
1753547039205,16:23:59.205,AEVO/USDT:USDT,0.10736,877.0,0.10735,298.0,0.10739,108.0,0.1074,809.0
1753547039405,16:23:59.405,AEVO/USDT:USDT,0.10735,298.0,0.10734,1506.0,0.10739,108.0,0.1074,809.0
1753547039605,16:23:59.605,AEVO/USDT:USDT,0.10735,298.0,0.10734,1506.0,0.10739,108.0,0.1074,809.0
1753547040005,16:24:00.005,AEVO/USDT:USDT,0.10735,298.0,0.10734,1506.0,0.10739,108.0,0.1074,809.0
1753547040205,16:24:00.205,AEVO/USDT:USDT,0.10735,298.0,0.10734,501.0,0.10739,108.0,0.1074,809.0
1753547041405,16:24:01.405,AEVO/USDT:USDT,0.10735,298.0,0.10734,1460.0,0.10737,419.0,0.10739,215.0
1753547041905,16:24:01.905,AEVO/USDT:USDT,0.10735,298.0,0.10734,1460.0,0.10737,419.0,0.10739,215.0
1753547042605,16:24:02.605,AEVO/USDT:USDT,0.10735,298.0,0.10734,1460.0,0.10737,419.0,0.10739,215.0
1753547042805,16:24:02.805,AEVO/USDT:USDT,0.10735,298.0,0.10734,1460.0,0.10737,419.0,0.10739,215.0
1753547043205,16:24:03.205,AEVO/USDT:USDT,0.10735,298.0,0.10734,1460.0,0.10737,419.0,0.10739,215.0
1753547044105,16:24:04.105,AEVO/USDT:USDT,0.10737,2208.0,0.10735,979.0,0.10739,114.0,0.1074,43.0
1753547044205,16:24:04.205,AEVO/USDT:USDT,0.10738,1.0,0.10737,3225.0,0.10739,113.0,0.1074,42.0
1753547044305,16:24:04.305,AEVO/USDT:USDT,0.10738,1.0,0.10737,3226.0,0.10739,113.0,0.1074,42.0
1753547044705,16:24:04.705,AEVO/USDT:USDT,0.10738,1.0,0.10737,3226.0,0.10739,113.0,0.1074,42.0
1753547045205,16:24:05.205,AEVO/USDT:USDT,0.10738,1.0,0.10737,3226.0,0.10739,113.0,0.1074,42.0
1753547045405,16:24:05.405,AEVO/USDT:USDT,0.10738,1.0,0.10737,3226.0,0.10739,113.0,0.1074,42.0
1753547045705,16:24:05.705,AEVO/USDT:USDT,0.10738,1.0,0.10737,3226.0,0.10739,113.0,0.1074,42.0
1753547045805,16:24:05.805,AEVO/USDT:USDT,0.10738,1.0,0.10737,3226.0,0.10739,113.0,0.1074,42.0
1753547046105,16:24:06.105,AEVO/USDT:USDT,0.10738,1.0,0.10737,3226.0,0.10739,113.0,0.1074,42.0
1753547046405,16:24:06.405,AEVO/USDT:USDT,0.10738,1.0,0.10737,2572.0,0.10739,113.0,0.1074,42.0
1753547046505,16:24:06.505,AEVO/USDT:USDT,0.10738,1.0,0.10737,2572.0,0.10739,113.0,0.1074,42.0
1753547046905,16:24:06.905,AEVO/USDT:USDT,0.10738,1.0,0.10737,2572.0,0.10739,113.0,0.1074,42.0
1753547047005,16:24:07.005,AEVO/USDT:USDT,0.10738,1.0,0.10737,2572.0,0.10739,113.0,0.1074,42.0
1753547047105,16:24:07.105,AEVO/USDT:USDT,0.10738,1.0,0.10737,2572.0,0.10739,113.0,0.1074,42.0
1753547047205,16:24:07.205,AEVO/USDT:USDT,0.10738,1.0,0.10737,2572.0,0.10739,113.0,0.1074,42.0
1753547047605,16:24:07.605,AEVO/USDT:USDT,0.10738,1.0,0.10737,2572.0,0.10739,113.0,0.1074,42.0
1753547047705,16:24:07.705,AEVO/USDT:USDT,0.10738,1.0,0.10737,2572.0,0.10739,113.0,0.1074,42.0
1753547047905,16:24:07.905,AEVO/USDT:USDT,0.10738,1.0,0.10737,2572.0,0.10739,113.0,0.1074,42.0
1753547048105,16:24:08.105,AEVO/USDT:USDT,0.10738,1.0,0.10737,2572.0,0.10739,113.0,0.1074,42.0
1753547048405,16:24:08.405,AEVO/USDT:USDT,0.10738,1.0,0.10737,1.0,0.10739,842.0,0.1074,311.0
1753547048505,16:24:08.505,AEVO/USDT:USDT,0.10736,1.0,0.10735,857.0,0.10739,114.0,0.1074,312.0
1753547049005,16:24:09.005,AEVO/USDT:USDT,0.10735,857.0,0.10734,366.0,0.10738,1.0,0.10739,113.0
1753547049705,16:24:09.705,AEVO/USDT:USDT,0.10737,1.0,0.10735,857.0,0.10739,113.0,0.1074,406.0
1753547049905,16:24:09.905,AEVO/USDT:USDT,0.10737,1.0,0.10735,857.0,0.10739,113.0,0.1074,406.0
1753547052705,16:24:12.705,AEVO/USDT:USDT,0.1074,1.0,0.10739,2209.0,0.10742,2353.0,0.10743,6.0
1753547052905,16:24:12.905,AEVO/USDT:USDT,0.1074,1.0,0.10739,2209.0,0.10742,2353.0,0.10743,6.0
1753547053005,16:24:13.005,AEVO/USDT:USDT,0.1074,1.0,0.10739,2209.0,0.10742,2353.0,0.10743,6.0
1753547053505,16:24:13.505,AEVO/USDT:USDT,0.1074,1.0,0.10739,2209.0,0.10742,2353.0,0.10743,6.0
1753547053605,16:24:13.605,AEVO/USDT:USDT,0.1074,1.0,0.10739,2209.0,0.10742,8.0,0.10743,6.0
1753547053805,16:24:13.805,AEVO/USDT:USDT,0.1074,1.0,0.10739,2209.0,0.10741,829.0,0.10742,8.0
1753547053905,16:24:13.905,AEVO/USDT:USDT,0.1074,1.0,0.10739,2209.0,0.10741,829.0,0.10742,8.0
1753547054005,16:24:14.005,AEVO/USDT:USDT,0.1074,1.0,0.10739,2209.0,0.10741,829.0,0.10742,8.0
1753547054705,16:24:14.705,AEVO/USDT:USDT,0.1074,1.0,0.10739,2209.0,0.10741,829.0,0.10742,8.0
1753547055105,16:24:15.105,AEVO/USDT:USDT,0.1074,1.0,0.10739,2209.0,0.10741,829.0,0.10742,8.0
1753547055305,16:24:15.305,AEVO/USDT:USDT,0.1074,1.0,0.10739,2209.0,0.10741,415.0,0.10742,8.0
1753547055605,16:24:15.605,AEVO/USDT:USDT,0.10738,16003.0,0.10737,2.0,0.10741,416.0,0.10742,9.0
1753547056005,16:24:16.005,AEVO/USDT:USDT,0.10738,16003.0,0.10737,2.0,0.10741,416.0,0.10742,278.0
1753547056305,16:24:16.305,AEVO/USDT:USDT,0.10738,16003.0,0.10737,2.0,0.10741,416.0,0.10742,278.0
1753547057805,16:24:17.805,AEVO/USDT:USDT,0.10738,16003.0,0.10737,2.0,0.10741,416.0,0.10742,278.0
1753547057905,16:24:17.905,AEVO/USDT:USDT,0.10739,1.0,0.10738,16003.0,0.10741,1.0,0.10742,9.0
1753547058305,16:24:18.305,AEVO/USDT:USDT,0.10739,1.0,0.10738,16366.0,0.10741,1.0,0.10742,9.0
1753547059305,16:24:19.305,AEVO/USDT:USDT,0.10739,1.0,0.10738,16366.0,0.10741,1.0,0.10742,9.0
1753547059905,16:24:19.905,AEVO/USDT:USDT,0.1074,1.0,0.10739,774.0,0.10742,9.0,0.10743,6.0
1753547060205,16:24:20.205,AEVO/USDT:USDT,0.1074,1.0,0.10739,1.0,0.10742,9.0,0.10743,6.0
1753547060705,16:24:20.705,AEVO/USDT:USDT,0.1074,1.0,0.10739,1.0,0.10742,9.0,0.10743,6.0
1753547061005,16:24:21.005,AEVO/USDT:USDT,0.1074,1.0,0.10739,1.0,0.10742,9.0,0.10743,6.0
1753547061305,16:24:21.305,AEVO/USDT:USDT,0.1074,1.0,0.10739,1.0,0.10742,9.0,0.10743,6.0
1753547061405,16:24:21.405,AEVO/USDT:USDT,0.1074,1.0,0.10739,1.0,0.10742,9.0,0.10743,6.0
1753547061805,16:24:21.805,AEVO/USDT:USDT,0.1074,1.0,0.10739,1.0,0.10742,9.0,0.10743,6.0
1753547061905,16:24:21.905,AEVO/USDT:USDT,0.1074,1.0,0.10739,1.0,0.10742,9.0,0.10743,6.0
1753547063705,16:24:23.705,AEVO/USDT:USDT,0.1074,1.0,0.10739,1.0,0.10742,9.0,0.10743,6.0
1753547063805,16:24:23.805,AEVO/USDT:USDT,0.1074,1.0,0.10739,1.0,0.10742,9.0,0.10743,6.0
1753547064405,16:24:24.405,AEVO/USDT:USDT,0.10741,1.0,0.1074,16078.0,0.10742,8.0,0.10743,6.0
1753547064505,16:24:24.505,AEVO/USDT:USDT,0.10741,1.0,0.1074,16078.0,0.10742,8.0,0.10743,6.0
1753547065005,16:24:25.005,AEVO/USDT:USDT,0.10741,1.0,0.1074,16079.0,0.10742,8.0,0.10743,6.0
1753547065405,16:24:25.405,AEVO/USDT:USDT,0.10741,1.0,0.1074,16079.0,0.10742,8.0,0.10743,6.0
1753547065605,16:24:25.605,AEVO/USDT:USDT,0.1074,16077.0,0.10739,1.0,0.10742,9.0,0.10743,6.0
1753547065805,16:24:25.805,AEVO/USDT:USDT,0.1074,16076.0,0.10739,1.0,0.10742,139.0,0.10743,2669.0
1753547066005,16:24:26.005,AEVO/USDT:USDT,0.1074,16076.0,0.10738,1.0,0.10741,1.0,0.10742,410.0
1753547066705,16:24:26.705,AEVO/USDT:USDT,0.1074,16076.0,0.10738,1.0,0.10741,1.0,0.10742,410.0
1753547067205,16:24:27.205,AEVO/USDT:USDT,0.1074,16077.0,0.10739,1.0,0.10742,8.0,0.10743,2400.0
1753547067705,16:24:27.705,AEVO/USDT:USDT,0.1074,16077.0,0.10739,1.0,0.10742,8.0,0.10743,2400.0
1753547067905,16:24:27.905,AEVO/USDT:USDT,0.1074,16077.0,0.10739,1.0,0.10742,8.0,0.10743,2400.0
1753547068705,16:24:28.705,AEVO/USDT:USDT,0.1074,16077.0,0.10739,1.0,0.10742,8.0,0.10743,1694.0
1753547069205,16:24:29.205,AEVO/USDT:USDT,0.10741,1.0,0.1074,16760.0,0.10742,34.0,0.10743,5.0
1753547069605,16:24:29.605,AEVO/USDT:USDT,0.10741,1.0,0.1074,16079.0,0.10742,763.0,0.10743,5.0
1753547069705,16:24:29.705,AEVO/USDT:USDT,0.10741,1.0,0.1074,16079.0,0.10742,763.0,0.10743,5.0
1753547069905,16:24:29.905,AEVO/USDT:USDT,0.10741,1.0,0.1074,16079.0,0.10742,763.0,0.10743,5.0
1753547070105,16:24:30.105,AEVO/USDT:USDT,0.10741,1.0,0.1074,16079.0,0.10742,763.0,0.10743,5.0
1753547070205,16:24:30.205,AEVO/USDT:USDT,0.10741,1.0,0.1074,16079.0,0.10742,763.0,0.10743,5.0
1753547070505,16:24:30.505,AEVO/USDT:USDT,0.10741,1.0,0.1074,16079.0,0.10742,763.0,0.10743,6.0
1753547070705,16:24:30.705,AEVO/USDT:USDT,0.10741,1.0,0.1074,16079.0,0.10742,763.0,0.10743,6.0
1753547070905,16:24:30.905,AEVO/USDT:USDT,0.10741,1.0,0.1074,16079.0,0.10742,763.0,0.10743,1926.0
1753547071005,16:24:31.005,AEVO/USDT:USDT,0.10741,1.0,0.1074,16079.0,0.10742,763.0,0.10743,1926.0
1753547071205,16:24:31.205,AEVO/USDT:USDT,0.10741,1.0,0.1074,16079.0,0.10742,32.0,0.10743,6.0
1753547071405,16:24:31.405,AEVO/USDT:USDT,0.10741,1.0,0.1074,16081.0,0.10742,32.0,0.10743,2.0
1753547071605,16:24:31.605,AEVO/USDT:USDT,0.10741,1.0,0.1074,16081.0,0.10742,32.0,0.10743,2.0
1753547071905,16:24:31.905,AEVO/USDT:USDT,0.10743,1.0,0.10742,2177.0,0.10744,117.0,0.10745,28.0
1753547072005,16:24:32.005,AEVO/USDT:USDT,0.10743,1.0,0.10742,2177.0,0.10744,117.0,0.10745,28.0
1753547072305,16:24:32.305,AEVO/USDT:USDT,0.10743,1.0,0.10742,2177.0,0.10744,117.0,0.10745,28.0
1753547072505,16:24:32.505,AEVO/USDT:USDT,0.10743,1.0,0.10742,2177.0,0.10744,117.0,0.10745,28.0
1753547072905,16:24:32.905,AEVO/USDT:USDT,0.10743,1.0,0.10742,2177.0,0.10744,117.0,0.10745,28.0
1753547073005,16:24:33.005,AEVO/USDT:USDT,0.10743,1.0,0.10742,2177.0,0.10744,117.0,0.10745,28.0
1753547073805,16:24:33.805,AEVO/USDT:USDT,0.10743,1.0,0.10742,2177.0,0.10744,117.0,0.10745,28.0
1753547073905,16:24:33.905,AEVO/USDT:USDT,0.10743,1.0,0.10742,3145.0,0.10745,26.0,0.10746,60.0
1753547074005,16:24:34.005,AEVO/USDT:USDT,0.10744,1.0,0.10743,308.0,0.10745,26.0,0.10746,59.0
1753547074105,16:24:34.105,AEVO/USDT:USDT,0.10744,1.0,0.10743,310.0,0.10745,26.0,0.10746,57.0
1753547074405,16:24:34.405,AEVO/USDT:USDT,0.10744,1.0,0.10743,310.0,0.10745,26.0,0.10746,57.0
1753547074605,16:24:34.605,AEVO/USDT:USDT,0.10744,1.0,0.10743,310.0,0.10745,26.0,0.10746,57.0
1753547074705,16:24:34.705,AEVO/USDT:USDT,0.10744,1.0,0.10743,310.0,0.10745,26.0,0.10746,57.0
1753547075205,16:24:35.205,AEVO/USDT:USDT,0.10744,1.0,0.10743,310.0,0.10745,26.0,0.10746,57.0
1753547075405,16:24:35.405,AEVO/USDT:USDT,0.10744,1.0,0.10743,310.0,0.10745,26.0,0.10746,57.0
1753547075505,16:24:35.505,AEVO/USDT:USDT,0.10744,1.0,0.10743,310.0,0.10746,56.0,0.10747,61.0
1753547075705,16:24:35.705,AEVO/USDT:USDT,0.10746,2121.0,0.10745,1.0,0.10747,58.0,0.10748,8.0
1753547075805,16:24:35.805,AEVO/USDT:USDT,0.10746,683.0,0.10745,1.0,0.10747,58.0,0.10748,8.0
1753547076005,16:24:36.005,AEVO/USDT:USDT,0.10746,683.0,0.10745,3.0,0.10747,58.0,0.10748,8.0
1753547076405,16:24:36.405,AEVO/USDT:USDT,0.10746,683.0,0.10745,3.0,0.10747,58.0,0.10748,9.0
1753547077205,16:24:37.205,AEVO/USDT:USDT,0.10746,683.0,0.10745,3.0,0.10747,58.0,0.10748,9.0
1753547077605,16:24:37.605,AEVO/USDT:USDT,0.10746,683.0,0.10745,3.0,0.10747,58.0,0.10748,9.0
1753547077905,16:24:37.905,AEVO/USDT:USDT,0.10746,683.0,0.10745,3.0,0.10747,58.0,0.10748,9.0
1753547078105,16:24:38.105,AEVO/USDT:USDT,0.10746,683.0,0.10745,3.0,0.10747,58.0,0.10748,9.0
1753547078205,16:24:38.205,AEVO/USDT:USDT,0.10746,683.0,0.10745,3.0,0.10747,58.0,0.10748,9.0
1753547079205,16:24:39.205,AEVO/USDT:USDT,0.10747,1.0,0.10746,684.0,0.10748,8.0,0.10749,4.0
1753547079405,16:24:39.405,AEVO/USDT:USDT,0.10747,1.0,0.10746,684.0,0.10748,8.0,0.10749,4.0
1753547079905,16:24:39.905,AEVO/USDT:USDT,0.10747,1.0,0.10746,684.0,0.10748,4.0,0.10749,4.0
1753547080305,16:24:40.305,AEVO/USDT:USDT,0.10747,1.0,0.10746,684.0,0.10748,4.0,0.10749,4.0
1753547080405,16:24:40.405,AEVO/USDT:USDT,0.10745,3.0,0.10744,705.0,0.10747,1.0,0.10748,5.0
1753547080505,16:24:40.505,AEVO/USDT:USDT,0.10745,3.0,0.10744,705.0,0.10747,1.0,0.10748,5.0
1753547081305,16:24:41.305,AEVO/USDT:USDT,0.10745,3.0,0.10744,705.0,0.10747,1.0,0.10748,5.0
1753547081405,16:24:41.405,AEVO/USDT:USDT,0.10745,3.0,0.10744,1671.0,0.10748,5.0,0.10749,4.0
1753547081505,16:24:41.505,AEVO/USDT:USDT,0.10746,1.0,0.10745,4.0,0.10748,5.0,0.10749,4.0
1753547082005,16:24:42.005,AEVO/USDT:USDT,0.10746,1.0,0.10745,4.0,0.10748,5.0,0.10749,4.0
1753547082205,16:24:42.205,AEVO/USDT:USDT,0.10746,1.0,0.10745,4.0,0.10748,5.0,0.10749,4.0
1753547082505,16:24:42.505,AEVO/USDT:USDT,0.10747,1.0,0.10746,2.0,0.10748,4.0,0.10749,3.0
1753547083005,16:24:43.005,AEVO/USDT:USDT,0.10747,1.0,0.10746,2.0,0.10748,4.0,0.10749,3.0
1753547083305,16:24:43.305,AEVO/USDT:USDT,0.10747,1.0,0.10746,2.0,0.10748,4.0,0.10749,3.0
1753547083505,16:24:43.505,AEVO/USDT:USDT,0.10747,1.0,0.10746,2.0,0.10748,4.0,0.10749,3.0
1753547084105,16:24:44.105,AEVO/USDT:USDT,0.10747,1.0,0.10746,2.0,0.10748,4.0,0.10749,3.0
1753547084205,16:24:44.205,AEVO/USDT:USDT,0.10747,1.0,0.10746,2.0,0.10748,4.0,0.10749,3.0
1753547085205,16:24:45.205,AEVO/USDT:USDT,0.10747,1.0,0.10746,2.0,0.10748,4.0,0.10749,3.0
1753547085505,16:24:45.505,AEVO/USDT:USDT,0.10747,1.0,0.10746,2.0,0.10748,733.0,0.10749,4.0
1753547085605,16:24:45.605,AEVO/USDT:USDT,0.10747,962.0,0.10746,2.0,0.10748,733.0,0.10749,4.0
1753547085705,16:24:45.705,AEVO/USDT:USDT,0.10747,962.0,0.10746,2.0,0.10748,733.0,0.10749,4.0
1753547086005,16:24:46.005,AEVO/USDT:USDT,0.10747,962.0,0.10746,2.0,0.10748,733.0,0.10749,4.0
1753547086205,16:24:46.205,AEVO/USDT:USDT,0.10747,962.0,0.10746,2.0,0.10748,733.0,0.10749,4.0
1753547086505,16:24:46.505,AEVO/USDT:USDT,0.10747,962.0,0.10746,2.0,0.10748,733.0,0.10749,4.0
1753547086805,16:24:46.805,AEVO/USDT:USDT,0.10747,962.0,0.10746,2.0,0.10748,733.0,0.10749,4.0
1753547087305,16:24:47.305,AEVO/USDT:USDT,0.10747,962.0,0.10746,2.0,0.10748,733.0,0.10749,4.0
1753547087905,16:24:47.905,AEVO/USDT:USDT,0.10745,2.0,0.10744,705.0,0.10746,1.0,0.10747,1.0
1753547088505,16:24:48.505,AEVO/USDT:USDT,0.10744,23768.0,0.10743,4.0,0.10745,414.0,0.10746,2.0
1753547088805,16:24:48.805,AEVO/USDT:USDT,0.10744,23769.0,0.10743,4.0,0.10745,413.0,0.10746,1.0
1753547089005,16:24:49.005,AEVO/USDT:USDT,0.10744,23769.0,0.10743,4.0,0.10745,413.0,0.10746,1.0
1753547089205,16:24:49.205,AEVO/USDT:USDT,0.10744,23769.0,0.10743,4.0,0.10745,413.0,0.10746,1.0
1753547089305,16:24:49.305,AEVO/USDT:USDT,0.10744,23769.0,0.10743,4.0,0.10745,413.0,0.10746,1.0
1753547090205,16:24:50.205,AEVO/USDT:USDT,0.10744,23769.0,0.10743,4.0,0.10745,413.0,0.10746,1.0
1753547090305,16:24:50.305,AEVO/USDT:USDT,0.10746,1.0,0.10745,2897.0,0.10748,7.0,0.10749,61.0
1753547090405,16:24:50.405,AEVO/USDT:USDT,0.10746,1.0,0.10745,5634.0,0.10747,1.0,0.10748,5.0
1753547090605,16:24:50.605,AEVO/USDT:USDT,0.10747,1.0,0.10746,2.0,0.10748,4.0,0.10749,61.0
1753547091005,16:24:51.005,AEVO/USDT:USDT,0.10747,1.0,0.10746,2.0,0.10748,4.0,0.10749,59.0
1753547091305,16:24:51.305,AEVO/USDT:USDT,0.10747,1.0,0.10746,4.0,0.10748,4.0,0.10749,59.0
1753547091405,16:24:51.405,AEVO/USDT:USDT,0.10747,1.0,0.10746,4.0,0.10748,4.0,0.10749,59.0
1753547091505,16:24:51.505,AEVO/USDT:USDT,0.10747,1.0,0.10746,4.0,0.10748,4.0,0.10749,59.0
1753547091605,16:24:51.605,AEVO/USDT:USDT,0.10747,1.0,0.10746,4.0,0.10748,4.0,0.10749,59.0
1753547091805,16:24:51.805,AEVO/USDT:USDT,0.10747,1.0,0.10746,4.0,0.10748,4.0,0.10749,59.0
1753547092805,16:24:52.805,AEVO/USDT:USDT,0.10747,1.0,0.10746,4.0,0.10748,4.0,0.10749,59.0
1753547093505,16:24:53.505,AEVO/USDT:USDT,0.10747,1.0,0.10746,4.0,0.10748,4.0,0.10749,2.0
1753547094205,16:24:54.205,AEVO/USDT:USDT,0.10747,1.0,0.10746,4.0,0.10748,4.0,0.10749,2.0
1753547094405,16:24:54.405,AEVO/USDT:USDT,0.10747,1.0,0.10746,4.0,0.10748,4.0,0.10749,2.0
1753547095305,16:24:55.305,AEVO/USDT:USDT,0.10747,1.0,0.10746,4.0,0.10748,5.0,0.10749,2.0
1753547095405,16:24:55.405,AEVO/USDT:USDT,0.10747,1.0,0.10746,4.0,0.10748,5.0,0.10749,2.0
1753547095505,16:24:55.505,AEVO/USDT:USDT,0.10747,1.0,0.10746,4.0,0.10748,5.0,0.10749,2.0
1753547095605,16:24:55.605,AEVO/USDT:USDT,0.10747,1.0,0.10746,4.0,0.10748,5.0,0.10749,2.0
1753547097505,16:24:57.505,AEVO/USDT:USDT,0.10747,1.0,0.10746,4.0,0.10748,5.0,0.10749,2.0
1753547097905,16:24:57.905,AEVO/USDT:USDT,0.10747,1.0,0.10746,4.0,0.10748,5.0,0.10749,2.0
1753547099005,16:24:59.005,AEVO/USDT:USDT,0.10747,1.0,0.10746,4.0,0.10748,5.0,0.10749,2.0
1753547101005,16:25:01.005,AEVO/USDT:USDT,0.10745,6905.0,0.10744,24491.0,0.10747,1.0,0.10748,5.0
1753547101505,16:25:01.505,AEVO/USDT:USDT,0.10746,1.0,0.10745,6905.0,0.10747,1.0,0.10748,5.0
1753547101605,16:25:01.605,AEVO/USDT:USDT,0.10746,1.0,0.10745,6905.0,0.10747,1.0,0.10748,5.0
1753547101905,16:25:01.905,AEVO/USDT:USDT,0.10746,1.0,0.10745,6905.0,0.10747,9.0,0.10748,5.0
1753547102205,16:25:02.205,AEVO/USDT:USDT,0.10746,456.0,0.10745,6905.0,0.10747,8.0,0.10748,5.0
1753547102805,16:25:02.805,AEVO/USDT:USDT,0.10746,456.0,0.10745,6905.0,0.10747,8.0,0.10748,5.0
1753547103505,16:25:03.505,AEVO/USDT:USDT,0.10746,456.0,0.10745,6905.0,0.10747,8.0,0.10748,5.0
1753547103905,16:25:03.905,AEVO/USDT:USDT,0.10749,1.0,0.10748,2624.0,0.1075,1.0,0.10751,63.0
1753547104605,16:25:04.605,AEVO/USDT:USDT,0.10747,1.0,0.10746,459.0,0.10749,1.0,0.1075,368.0
1753547105005,16:25:05.005,AEVO/USDT:USDT,0.10747,1.0,0.10746,459.0,0.10748,1.0,0.10749,2.0
1753547105805,16:25:05.805,AEVO/USDT:USDT,0.10746,6.0,0.10745,5259.0,0.10747,2627.0,0.10748,254.0
1753547106005,16:25:06.005,AEVO/USDT:USDT,0.10746,6.0,0.10745,5259.0,0.10747,2627.0,0.10748,254.0
1753547106305,16:25:06.305,AEVO/USDT:USDT,0.1074,6.0,0.10739,3.0,0.10741,1927.0,0.10744,1989.0
1753547106505,16:25:06.505,AEVO/USDT:USDT,0.1074,1.0,0.10739,3.0,0.10741,730.0,0.10742,1053.0
1753547106805,16:25:06.805,AEVO/USDT:USDT,0.1074,1.0,0.10738,5128.0,0.10741,728.0,0.10742,1650.0
1753547107105,16:25:07.105,AEVO/USDT:USDT,0.1074,1.0,0.10738,5128.0,0.10741,775.0,0.10742,1650.0
1753547107705,16:25:07.705,AEVO/USDT:USDT,0.10738,5127.0,0.10737,2.0,0.10739,968.0,0.1074,2165.0
1753547108105,16:25:08.105,AEVO/USDT:USDT,0.10738,5127.0,0.10737,2.0,0.10739,968.0,0.1074,2165.0
1753547108205,16:25:08.205,AEVO/USDT:USDT,0.10738,5127.0,0.10737,2.0,0.10739,968.0,0.1074,2165.0
1753547108605,16:25:08.605,AEVO/USDT:USDT,0.10738,5128.0,0.10737,2.0,0.10739,967.0,0.1074,239.0
1753547109005,16:25:09.005,AEVO/USDT:USDT,0.10738,5128.0,0.10737,2.0,0.10739,967.0,0.1074,240.0
1753547109105,16:25:09.105,AEVO/USDT:USDT,0.10738,5128.0,0.10737,2.0,0.10739,967.0,0.1074,240.0
1753547109805,16:25:09.805,AEVO/USDT:USDT,0.10738,5128.0,0.10737,2.0,0.10739,967.0,0.1074,240.0
1753547110305,16:25:10.305,AEVO/USDT:USDT,0.10738,5128.0,0.10737,2.0,0.10739,967.0,0.1074,240.0
1753547110405,16:25:10.405,AEVO/USDT:USDT,0.10738,5128.0,0.10737,2.0,0.10739,967.0,0.1074,240.0
1753547110605,16:25:10.605,AEVO/USDT:USDT,0.10738,5128.0,0.10737,2.0,0.10739,967.0,0.1074,240.0
1753547110905,16:25:10.905,AEVO/USDT:USDT,0.10738,5128.0,0.10737,2.0,0.10739,967.0,0.1074,240.0
1753547111005,16:25:11.005,AEVO/USDT:USDT,0.10738,5128.0,0.10737,2.0,0.10739,967.0,0.1074,240.0
1753547111205,16:25:11.205,AEVO/USDT:USDT,0.10738,5128.0,0.10737,2.0,0.10739,967.0,0.1074,240.0
1753547111505,16:25:11.505,AEVO/USDT:USDT,0.10738,5128.0,0.10737,2.0,0.10739,967.0,0.1074,240.0
1753547112505,16:25:12.505,AEVO/USDT:USDT,0.10738,5128.0,0.10737,2.0,0.10739,967.0,0.1074,240.0
1753547113105,16:25:13.105,AEVO/USDT:USDT,0.10736,1.0,0.10735,564.0,0.10737,415.0,0.10738,2180.0
1753547113605,16:25:13.605,AEVO/USDT:USDT,0.10736,1.0,0.10735,564.0,0.10738,2180.0,0.10739,1034.0
1753547113905,16:25:13.905,AEVO/USDT:USDT,0.10736,1.0,0.10735,564.0,0.10738,2180.0,0.10739,1034.0
1753547114005,16:25:14.005,AEVO/USDT:USDT,0.10736,1.0,0.10735,564.0,0.10737,415.0,0.10738,2422.0
1753547114305,16:25:14.305,AEVO/USDT:USDT,0.10736,1.0,0.10735,559.0,0.10737,415.0,0.10738,2422.0
1753547114405,16:25:14.405,AEVO/USDT:USDT,0.10736,1.0,0.10735,559.0,0.10737,415.0,0.10738,2422.0
1753547114505,16:25:14.505,AEVO/USDT:USDT,0.10736,471.0,0.10734,5.0,0.10737,415.0,0.10738,2422.0
1753547114605,16:25:14.605,AEVO/USDT:USDT,0.10736,471.0,0.10734,3.0,0.10737,415.0,0.10738,2422.0
1753547114905,16:25:14.905,AEVO/USDT:USDT,0.10736,471.0,0.10734,3.0,0.10737,1945.0,0.10738,2422.0
1753547115805,16:25:15.805,AEVO/USDT:USDT,0.10734,1.0,0.10732,1.0,0.10735,2683.0,0.10736,5791.0
1753547115905,16:25:15.905,AEVO/USDT:USDT,0.10734,1.0,0.10732,1.0,0.10735,2683.0,0.10736,5551.0
1753547116205,16:25:16.205,AEVO/USDT:USDT,0.10734,1.0,0.10732,1.0,0.10735,2683.0,0.10736,5551.0
1753547116405,16:25:16.405,AEVO/USDT:USDT,0.10734,1.0,0.10732,1.0,0.10735,2557.0,0.10736,2531.0
1753547116505,16:25:16.505,AEVO/USDT:USDT,0.10734,1.0,0.10732,1.0,0.10735,4.0,0.10736,2158.0
1753547116605,16:25:16.605,AEVO/USDT:USDT,0.10734,1.0,0.10732,1.0,0.10735,4.0,0.10736,2158.0
1753547116905,16:25:16.905,AEVO/USDT:USDT,0.10734,1.0,0.10732,3.0,0.10735,428.0,0.10736,4217.0
1753547117005,16:25:17.005,AEVO/USDT:USDT,0.10734,1.0,0.10732,3.0,0.10735,428.0,0.10736,4217.0
1753547117105,16:25:17.105,AEVO/USDT:USDT,0.10734,1.0,0.10732,3.0,0.10735,428.0,0.10736,4217.0
1753547117205,16:25:17.205,AEVO/USDT:USDT,0.10734,1.0,0.10732,3.0,0.10735,428.0,0.10736,4217.0
1753547117305,16:25:17.305,AEVO/USDT:USDT,0.10734,1.0,0.10732,3.0,0.10735,428.0,0.10736,4217.0
1753547117705,16:25:17.705,AEVO/USDT:USDT,0.10734,1.0,0.10732,3.0,0.10735,428.0,0.10736,2.0
1753547117805,16:25:17.805,AEVO/USDT:USDT,0.10734,1.0,0.10732,4.0,0.10735,3.0,0.10736,551.0
1753547118105,16:25:18.105,AEVO/USDT:USDT,0.10734,1.0,0.10732,4.0,0.10735,3.0,0.10736,551.0
1753547118405,16:25:18.405,AEVO/USDT:USDT,0.10734,1.0,0.10732,141.0,0.10735,3.0,0.10736,2.0
1753547118905,16:25:18.905,AEVO/USDT:USDT,0.10734,1.0,0.10732,141.0,0.10735,3.0,0.10736,486.0
1753547119105,16:25:19.105,AEVO/USDT:USDT,0.10735,1042.0,0.10734,1669.0,0.10738,1782.0,0.10739,2311.0
1753547119605,16:25:19.605,AEVO/USDT:USDT,0.10735,1042.0,0.10734,1669.0,0.10738,1782.0,0.10739,2311.0
1753547120305,16:25:20.305,AEVO/USDT:USDT,0.10737,1032.0,0.10735,1045.0,0.10739,3856.0,0.1074,6.0
1753547120405,16:25:20.405,AEVO/USDT:USDT,0.10737,1032.0,0.10735,1045.0,0.10739,3856.0,0.1074,6.0
1753547121005,16:25:21.005,AEVO/USDT:USDT,0.10737,1032.0,0.10736,1.0,0.10739,2.0,0.1074,5.0
1753547121205,16:25:21.205,AEVO/USDT:USDT,0.10737,1032.0,0.10736,1.0,0.10739,2.0,0.1074,5.0
1753547121605,16:25:21.605,AEVO/USDT:USDT,0.10737,1032.0,0.10736,1.0,0.10739,2.0,0.1074,5.0
1753547121705,16:25:21.705,AEVO/USDT:USDT,0.10737,1032.0,0.10736,1.0,0.10739,2.0,0.1074,5.0
1753547121905,16:25:21.905,AEVO/USDT:USDT,0.10737,1032.0,0.10736,1.0,0.10739,2.0,0.1074,7.0
1753547122205,16:25:22.205,AEVO/USDT:USDT,0.10737,1032.0,0.10736,1.0,0.10739,2.0,0.1074,7.0
1753547122605,16:25:22.605,AEVO/USDT:USDT,0.10737,1032.0,0.10736,1.0,0.10739,2.0,0.1074,7.0
1753547123105,16:25:23.105,AEVO/USDT:USDT,0.10737,1032.0,0.10736,1.0,0.10739,2.0,0.1074,7.0
1753547123605,16:25:23.605,AEVO/USDT:USDT,0.10737,1080.0,0.10735,1406.0,0.10739,2.0,0.1074,7.0
1753547123905,16:25:23.905,AEVO/USDT:USDT,0.10737,1080.0,0.10735,1406.0,0.10739,2.0,0.1074,7.0
1753547124305,16:25:24.305,AEVO/USDT:USDT,0.10737,1080.0,0.10735,364.0,0.10739,2.0,0.1074,7.0
1753547124405,16:25:24.405,AEVO/USDT:USDT,0.10735,1955.0,0.10734,4.0,0.10737,506.0,0.10739,481.0
1753547124505,16:25:24.505,AEVO/USDT:USDT,0.10735,1953.0,0.10734,5.0,0.10737,631.0,0.10738,241.0
1753547124605,16:25:24.605,AEVO/USDT:USDT,0.10735,1953.0,0.10734,5.0,0.10737,631.0,0.10738,241.0
1753547124705,16:25:24.705,AEVO/USDT:USDT,0.10735,1953.0,0.10734,5.0,0.10737,631.0,0.10738,241.0
1753547125105,16:25:25.105,AEVO/USDT:USDT,0.10735,1953.0,0.10734,4.0,0.10737,631.0,0.10738,241.0
1753547125405,16:25:25.405,AEVO/USDT:USDT,0.10735,1953.0,0.10734,4.0,0.10737,631.0,0.10738,241.0
1753547125805,16:25:25.805,AEVO/USDT:USDT,0.10735,1953.0,0.10734,4.0,0.10737,631.0,0.10738,242.0
1753547126005,16:25:26.005,AEVO/USDT:USDT,0.10735,1953.0,0.10734,4.0,0.10737,631.0,0.10738,242.0
1753547127205,16:25:27.205,AEVO/USDT:USDT,0.10735,1953.0,0.10734,5.0,0.10738,2.0,0.10739,2.0
1753547127605,16:25:27.605,AEVO/USDT:USDT,0.10735,1954.0,0.10734,5.0,0.10739,2.0,0.1074,719.0
1753547127805,16:25:27.805,AEVO/USDT:USDT,0.10735,1954.0,0.10734,5.0,0.10739,2.0,0.1074,719.0
1753547128005,16:25:28.005,AEVO/USDT:USDT,0.10735,1954.0,0.10734,5.0,0.10739,2.0,0.1074,719.0
1753547128105,16:25:28.105,AEVO/USDT:USDT,0.10739,2122.0,0.10738,363.0,0.1074,1.0,0.10741,1.0
1753547128205,16:25:28.205,AEVO/USDT:USDT,0.10739,2122.0,0.10738,2.0,0.1074,1.0,0.10742,1.0
1753547128305,16:25:28.305,AEVO/USDT:USDT,0.10739,2122.0,0.10738,363.0,0.1074,1.0,0.10742,1.0
1753547129205,16:25:29.205,AEVO/USDT:USDT,0.10738,56.0,0.10737,800.0,0.1074,1.0,0.10741,2.0
1753547129305,16:25:29.305,AEVO/USDT:USDT,0.10738,56.0,0.10737,800.0,0.1074,1.0,0.10741,2.0
1753547129505,16:25:29.505,AEVO/USDT:USDT,0.10737,2.0,0.10736,2.0,0.1074,1.0,0.10741,3.0
1753547129605,16:25:29.605,AEVO/USDT:USDT,0.10737,2.0,0.10736,2.0,0.10739,49.0,0.1074,695.0
1753547129705,16:25:29.705,AEVO/USDT:USDT,0.10737,2.0,0.10736,2.0,0.10739,49.0,0.1074,1451.0
1753547130105,16:25:30.105,AEVO/USDT:USDT,0.10736,2.0,0.10735,1955.0,0.10739,511.0,0.1074,1453.0
1753547130505,16:25:30.505,AEVO/USDT:USDT,0.10735,1955.0,0.10734,4.0,0.10738,415.0,0.10739,3386.0
1753547130605,16:25:30.605,AEVO/USDT:USDT,0.10735,1955.0,0.10734,4.0,0.10738,415.0,0.10739,3386.0
1753547131205,16:25:31.205,AEVO/USDT:USDT,0.10735,1955.0,0.10734,4.0,0.10738,462.0,0.10739,3339.0
1753547132205,16:25:32.205,AEVO/USDT:USDT,0.10735,1953.0,0.10734,4.0,0.10737,1370.0,0.10738,1361.0
1753547132705,16:25:32.705,AEVO/USDT:USDT,0.10735,1953.0,0.10734,4.0,0.10737,1370.0,0.10738,1361.0
1753547133305,16:25:33.305,AEVO/USDT:USDT,0.10735,1953.0,0.10734,4.0,0.10737,1370.0,0.10738,1361.0
1753547133605,16:25:33.605,AEVO/USDT:USDT,0.10735,1953.0,0.10734,4.0,0.10737,1367.0,0.10738,1361.0
1753547134105,16:25:34.105,AEVO/USDT:USDT,0.10735,1953.0,0.10734,4.0,0.10737,1367.0,0.10738,1361.0
1753547135005,16:25:35.005,AEVO/USDT:USDT,0.10735,1953.0,0.10734,4.0,0.10737,1367.0,0.10738,1361.0
1753547135905,16:25:35.905,AEVO/USDT:USDT,0.10734,1.0,0.10732,1.0,0.10735,1100.0,0.10736,1222.0
1753547136005,16:25:36.005,AEVO/USDT:USDT,0.10734,1.0,0.10732,1.0,0.10735,1100.0,0.10736,1222.0
1753547136405,16:25:36.405,AEVO/USDT:USDT,0.10734,1.0,0.10732,1.0,0.10735,1100.0,0.10736,1222.0
1753547136605,16:25:36.605,AEVO/USDT:USDT,0.10734,1.0,0.10732,1.0,0.10735,1100.0,0.10736,947.0
1753547137205,16:25:37.205,AEVO/USDT:USDT,0.10734,1.0,0.10732,1.0,0.10735,971.0,0.10736,673.0
1753547137405,16:25:37.405,AEVO/USDT:USDT,0.10735,2627.0,0.10734,33713.0,0.10736,2.0,0.10737,934.0
1753547137605,16:25:37.605,AEVO/USDT:USDT,0.10735,2627.0,0.10734,33713.0,0.10736,2.0,0.10737,934.0
1753547137705,16:25:37.705,AEVO/USDT:USDT,0.10735,2627.0,0.10734,33713.0,0.10736,2.0,0.10737,934.0
1753547137805,16:25:37.805,AEVO/USDT:USDT,0.10735,2627.0,0.10734,33713.0,0.10736,2.0,0.10737,934.0
1753547138005,16:25:38.005,AEVO/USDT:USDT,0.10734,33715.0,0.10733,3.0,0.10736,829.0,0.10737,376.0
1753547139205,16:25:39.205,AEVO/USDT:USDT,0.10734,33712.0,0.10732,4.0,0.10736,829.0,0.10737,275.0
1753547139505,16:25:39.505,AEVO/USDT:USDT,0.10732,1.0,0.10731,3.0,0.10733,543.0,0.10734,1720.0
1753547139905,16:25:39.905,AEVO/USDT:USDT,0.10732,1.0,0.10731,3.0,0.10733,543.0,0.10734,1720.0
1753547140005,16:25:40.005,AEVO/USDT:USDT,0.10732,1.0,0.10731,3.0,0.10733,543.0,0.10734,1720.0
1753547140305,16:25:40.305,AEVO/USDT:USDT,0.1073,2.0,0.10728,2.0,0.10731,958.0,0.10732,276.0
1753547140505,16:25:40.505,AEVO/USDT:USDT,0.1073,2.0,0.10728,2.0,0.10731,958.0,0.10732,276.0
1753547140905,16:25:40.905,AEVO/USDT:USDT,0.1073,2.0,0.10728,2.0,0.10731,958.0,0.10732,276.0
1753547141605,16:25:41.605,AEVO/USDT:USDT,0.1073,14.0,0.10728,2.0,0.10731,829.0,0.10732,2.0
1753547141705,16:25:41.705,AEVO/USDT:USDT,0.1073,14.0,0.10728,2.0,0.10731,829.0,0.10732,2.0
1753547141905,16:25:41.905,AEVO/USDT:USDT,0.1073,14.0,0.10728,2.0,0.10731,829.0,0.10732,2.0
1753547142105,16:25:42.105,AEVO/USDT:USDT,0.1073,14.0,0.10728,2.0,0.10731,829.0,0.10732,2.0
1753547142205,16:25:42.205,AEVO/USDT:USDT,0.1073,14.0,0.10728,2.0,0.10731,829.0,0.10732,2.0
1753547143305,16:25:43.305,AEVO/USDT:USDT,0.1073,14.0,0.10728,2.0,0.10731,829.0,0.10732,2.0
1753547143505,16:25:43.505,AEVO/USDT:USDT,0.1073,14.0,0.10728,2.0,0.10731,829.0,0.10732,2.0
1753547143705,16:25:43.705,AEVO/USDT:USDT,0.1073,14.0,0.10728,2.0,0.10731,829.0,0.10732,2.0
1753547145705,16:25:45.705,AEVO/USDT:USDT,0.1073,14.0,0.10729,803.0,0.10734,717.0,0.10735,1865.0
1753547146305,16:25:46.305,AEVO/USDT:USDT,0.1073,14.0,0.10729,777.0,0.10733,829.0,0.10734,1715.0
1753547146605,16:25:46.605,AEVO/USDT:USDT,0.1073,14.0,0.10728,4.0,0.10732,543.0,0.10733,276.0
1753547147305,16:25:47.305,AEVO/USDT:USDT,0.1073,14.0,0.10728,2.0,0.10731,415.0,0.10732,617.0
1753547147805,16:25:47.805,AEVO/USDT:USDT,0.1073,14.0,0.10728,2.0,0.10731,415.0,0.10732,984.0
1753547148305,16:25:48.305,AEVO/USDT:USDT,0.1073,14.0,0.10728,305.0,0.10731,415.0,0.10732,2.0
1753547148405,16:25:48.405,AEVO/USDT:USDT,0.1073,14.0,0.10728,2.0,0.10731,415.0,0.10732,2.0
1753547148705,16:25:48.705,AEVO/USDT:USDT,0.1073,14.0,0.10728,2.0,0.10731,415.0,0.10732,2.0
1753547148905,16:25:48.905,AEVO/USDT:USDT,0.1073,14.0,0.10728,2.0,0.10731,415.0,0.10732,2.0
1753547149005,16:25:49.005,AEVO/USDT:USDT,0.1073,14.0,0.10728,2.0,0.10731,415.0,0.10732,2.0
1753547150205,16:25:50.205,AEVO/USDT:USDT,0.1073,14.0,0.10728,2.0,0.10731,5779.0,0.10732,2.0
1753547150305,16:25:50.305,AEVO/USDT:USDT,0.1073,14.0,0.10728,2.0,0.10731,5779.0,0.10732,2.0
1753547151005,16:25:51.005,AEVO/USDT:USDT,0.1073,14.0,0.10728,2.0,0.10731,5779.0,0.10732,276.0
1753547151105,16:25:51.105,AEVO/USDT:USDT,0.1073,14.0,0.10728,2.0,0.10731,5779.0,0.10732,276.0
1753547151405,16:25:51.405,AEVO/USDT:USDT,0.1073,14.0,0.10728,2.0,0.10731,5779.0,0.10732,276.0
1753547151505,16:25:51.505,AEVO/USDT:USDT,0.1073,14.0,0.10728,2.0,0.10731,5779.0,0.10732,276.0
1753547151905,16:25:51.905,AEVO/USDT:USDT,0.1073,14.0,0.10728,2.0,0.10731,6471.0,0.10732,551.0
1753547152705,16:25:52.705,AEVO/USDT:USDT,0.10728,1.0,0.10726,3.0,0.10729,1343.0,0.1073,2722.0
1753547153505,16:25:53.505,AEVO/USDT:USDT,0.10728,1.0,0.10726,3.0,0.10729,1343.0,0.1073,2722.0
1753547153705,16:25:53.705,AEVO/USDT:USDT,0.10728,1.0,0.10726,3.0,0.10729,1343.0,0.1073,2448.0
1753547153805,16:25:53.805,AEVO/USDT:USDT,0.10728,1.0,0.10726,3.0,0.10729,1343.0,0.1073,2448.0
1753547154005,16:25:54.005,AEVO/USDT:USDT,0.10728,1.0,0.10726,3.0,0.10729,1343.0,0.1073,2722.0
1753547154305,16:25:54.305,AEVO/USDT:USDT,0.10728,1.0,0.10726,3.0,0.10729,1343.0,0.1073,2722.0
1753547154805,16:25:54.805,AEVO/USDT:USDT,0.10728,1.0,0.10726,3.0,0.10729,1343.0,0.1073,2448.0
1753547154905,16:25:54.905,AEVO/USDT:USDT,0.10728,1.0,0.10726,3.0,0.10729,1343.0,0.1073,2448.0
1753547155705,16:25:55.705,AEVO/USDT:USDT,0.10728,1.0,0.10726,3.0,0.10729,1343.0,0.1073,1957.0
1753547155805,16:25:55.805,AEVO/USDT:USDT,0.10728,1.0,0.10726,3.0,0.10729,1343.0,0.1073,1957.0
1753547156005,16:25:56.005,AEVO/USDT:USDT,0.10728,1.0,0.10726,3.0,0.10729,1343.0,0.1073,1957.0
1753547156105,16:25:56.105,AEVO/USDT:USDT,0.10728,1.0,0.10726,3.0,0.10729,1343.0,0.1073,1957.0
1753547156405,16:25:56.405,AEVO/USDT:USDT,0.10728,1.0,0.10726,3.0,0.10729,1343.0,0.1073,1957.0
1753547157205,16:25:57.205,AEVO/USDT:USDT,0.10728,1.0,0.10726,3.0,0.10729,1343.0,0.1073,1957.0
1753547157305,16:25:57.305,AEVO/USDT:USDT,0.10728,1.0,0.10726,3.0,0.10729,1343.0,0.1073,1957.0
1753547157905,16:25:57.905,AEVO/USDT:USDT,0.10728,1.0,0.10726,3.0,0.10729,1343.0,0.1073,1957.0
1753547158505,16:25:58.505,AEVO/USDT:USDT,0.10728,1.0,0.10726,929.0,0.10729,1343.0,0.1073,1957.0
1753547159005,16:25:59.005,AEVO/USDT:USDT,0.10728,1.0,0.10726,929.0,0.10729,1343.0,0.1073,1957.0
1753547159205,16:25:59.205,AEVO/USDT:USDT,0.10728,1.0,0.10726,929.0,0.10729,1343.0,0.1073,1957.0
1753547160005,16:26:00.005,AEVO/USDT:USDT,0.10728,1.0,0.10726,3.0,0.10729,1343.0,0.1073,1957.0
1753547160705,16:26:00.705,AEVO/USDT:USDT,0.10728,949.0,0.10726,3.0,0.10729,1353.0,0.1073,1957.0
1753547161305,16:26:01.305,AEVO/USDT:USDT,0.10728,949.0,0.10726,19.0,0.10729,1353.0,0.1073,1957.0
1753547161805,16:26:01.805,AEVO/USDT:USDT,0.10728,963.0,0.10726,19.0,0.10729,1353.0,0.1073,1957.0
1753547162105,16:26:02.105,AEVO/USDT:USDT,0.10728,963.0,0.10726,19.0,0.10729,1353.0,0.1073,1957.0
1753547162605,16:26:02.605,AEVO/USDT:USDT,0.10728,963.0,0.10726,19.0,0.10729,1353.0,0.1073,1957.0
1753547162705,16:26:02.705,AEVO/USDT:USDT,0.10728,963.0,0.10726,19.0,0.10729,1353.0,0.1073,1957.0
1753547163705,16:26:03.705,AEVO/USDT:USDT,0.10728,963.0,0.10726,19.0,0.10729,1353.0,0.1073,2302.0
1753547164005,16:26:04.005,AEVO/USDT:USDT,0.10728,963.0,0.10726,19.0,0.10729,1273.0,0.1073,2302.0
1753547164305,16:26:04.305,AEVO/USDT:USDT,0.10726,17.0,0.10725,5.0,0.10728,570.0,0.10729,1816.0
1753547164905,16:26:04.905,AEVO/USDT:USDT,0.10724,1.0,0.10723,4.0,0.10726,3798.0,0.10727,3280.0
1753547165205,16:26:05.205,AEVO/USDT:USDT,0.10724,1.0,0.10723,2.0,0.10725,1423.0,0.10726,3801.0
1753547165505,16:26:05.505,AEVO/USDT:USDT,0.10724,1.0,0.10723,2.0,0.10725,1423.0,0.10726,3801.0
1753547165905,16:26:05.905,AEVO/USDT:USDT,0.10724,1.0,0.10723,2.0,0.10725,833.0,0.10726,3644.0
1753547166205,16:26:06.205,AEVO/USDT:USDT,0.10724,1.0,0.10723,2.0,0.10725,833.0,0.10726,3644.0
1753547166405,16:26:06.405,AEVO/USDT:USDT,0.10724,1.0,0.10723,2.0,0.10725,833.0,0.10726,3644.0
1753547166505,16:26:06.505,AEVO/USDT:USDT,0.10724,1.0,0.10723,2.0,0.10725,833.0,0.10726,3644.0
1753547167405,16:26:07.405,AEVO/USDT:USDT,0.10724,1.0,0.10723,2.0,0.10725,833.0,0.10726,3644.0
1753547167505,16:26:07.505,AEVO/USDT:USDT,0.10724,1.0,0.10723,2.0,0.10725,833.0,0.10726,3644.0
1753547167605,16:26:07.605,AEVO/USDT:USDT,0.10724,1.0,0.10723,2.0,0.10725,833.0,0.10726,3644.0
1753547168105,16:26:08.105,AEVO/USDT:USDT,0.10724,1.0,0.10723,2.0,0.10725,833.0,0.10726,1035.0
1753547169305,16:26:09.305,AEVO/USDT:USDT,0.10724,1.0,0.10723,2.0,0.10725,833.0,0.10726,303.0
1753547170705,16:26:10.705,AEVO/USDT:USDT,0.10724,1.0,0.10723,365.0,0.10726,301.0,0.10727,2.0
1753547170805,16:26:10.805,AEVO/USDT:USDT,0.10724,1.0,0.10723,4.0,0.10726,301.0,0.10727,2.0
1753547170905,16:26:10.905,AEVO/USDT:USDT,0.10724,1.0,0.10723,4.0,0.10726,301.0,0.10727,929.0
1753547171005,16:26:11.005,AEVO/USDT:USDT,0.10724,1.0,0.10723,4.0,0.10726,301.0,0.10727,929.0
1753547171205,16:26:11.205,AEVO/USDT:USDT,0.10724,1.0,0.10723,2.0,0.10725,833.0,0.10726,1007.0
1753547171405,16:26:11.405,AEVO/USDT:USDT,0.10724,1.0,0.10723,2.0,0.10725,833.0,0.10726,1007.0
1753547172405,16:26:12.405,AEVO/USDT:USDT,0.10724,1.0,0.10723,2.0,0.10725,833.0,0.10726,1007.0
1753547173005,16:26:13.005,AEVO/USDT:USDT,0.10724,1.0,0.10723,2.0,0.10725,833.0,0.10726,1007.0
1753547173905,16:26:13.905,AEVO/USDT:USDT,0.10724,1.0,0.10723,4.0,0.10726,301.0,0.10727,341.0
1753547174105,16:26:14.105,AEVO/USDT:USDT,0.10724,1.0,0.10723,4.0,0.10726,301.0,0.10727,341.0
1753547177705,16:26:17.705,AEVO/USDT:USDT,0.10724,1.0,0.10723,4.0,0.10726,301.0,0.10727,250.0
1753547177805,16:26:17.805,AEVO/USDT:USDT,0.10724,1.0,0.10723,4.0,0.10726,301.0,0.10727,250.0
1753547177905,16:26:17.905,AEVO/USDT:USDT,0.10724,1.0,0.10723,4.0,0.10726,301.0,0.10727,250.0
1753547178405,16:26:18.405,AEVO/USDT:USDT,0.10724,1.0,0.10723,4.0,0.10726,301.0,0.10727,250.0
1753547178905,16:26:18.905,AEVO/USDT:USDT,0.10724,1.0,0.10723,4.0,0.10726,301.0,0.10727,250.0
1753547179505,16:26:19.505,AEVO/USDT:USDT,0.10724,1.0,0.10723,4.0,0.10726,301.0,0.10728,820.0
1753547180305,16:26:20.305,AEVO/USDT:USDT,0.10724,1.0,0.10723,5.0,0.10726,301.0,0.10728,820.0
1753547180405,16:26:20.405,AEVO/USDT:USDT,0.10724,1.0,0.10723,5.0,0.10726,301.0,0.10728,820.0
1753547181005,16:26:21.005,AEVO/USDT:USDT,0.10724,1.0,0.10723,5.0,0.10726,301.0,0.10728,820.0
1753547181205,16:26:21.205,AEVO/USDT:USDT,0.10724,1.0,0.10723,5.0,0.10726,301.0,0.10728,820.0
1753547181605,16:26:21.605,AEVO/USDT:USDT,0.10724,1.0,0.10723,5.0,0.10726,301.0,0.10728,820.0
1753547182405,16:26:22.405,AEVO/USDT:USDT,0.10724,1.0,0.10723,5.0,0.10726,1467.0,0.10727,692.0
