timestamp,time,symbol,bid1_price,bid1_volume,bid2_price,bid2_volume,ask1_price,ask1_volume,ask2_price,ask2_volume
1753546959620,16:22:39.620,1INCH/USDT:USDT,0.2828,29937.0,0.2827,94003,0.2829,4274.0,0.283,70935
1753546960116,16:22:40.116,1INCH/USDT:USDT,0.2828,29937.0,0.2827,62697,0.2829,4274.0,0.283,70935
1753546960216,16:22:40.216,1INCH/USDT:USDT,0.2828,29937.0,0.2827,92822,0.2829,4274.0,0.283,55945
1753546960611,16:22:40.611,1INCH/USDT:USDT,0.2828,29937.0,0.2827,92822,0.2829,4274.0,0.283,55945
1753546960715,16:22:40.715,1INCH/USDT:USDT,0.2828,29937.0,0.2827,62697,0.2829,4274.0,0.283,79527
1753546961115,16:22:41.115,1INCH/USDT:USDT,0.2828,29937.0,0.2827,62697,0.2829,4274.0,0.283,79527
1753546961217,16:22:41.217,1INCH/USDT:USDT,0.2828,29937.0,0.2827,70392,0.2829,4274.0,0.283,69836
1753546961537,16:22:41.537,1INCH/USDT:USDT,0.2828,29937.0,0.2827,70392,0.2829,4683,0.283,69836
1753546961715,16:22:41.715,1INCH/USDT:USDT,0.2828,21927,0.2827,100755,0.2829,409,0.283,114774
1753546962116,16:22:42.116,1INCH/USDT:USDT,0.2828,21927,0.2827,83446,0.2829,409,0.283,114774
1753546962216,16:22:42.216,1INCH/USDT:USDT,0.2828,21927,0.2827,59213,0.2829,409,0.283,111560
1753546962417,16:22:42.417,1INCH/USDT:USDT,0.2828,21927,0.2827,59213,0.2829,409,0.283,111560
1753546962717,16:22:42.717,1INCH/USDT:USDT,0.2828,21927,0.2827,77811,0.2829,409,0.283,119044
1753546963117,16:22:43.117,1INCH/USDT:USDT,0.2828,21927,0.2827,59213,0.2829,409,0.283,119044
1753546963222,16:22:43.222,1INCH/USDT:USDT,0.2828,21927,0.2827,59213,0.2829,409,0.283,83757
1753546963615,16:22:43.615,1INCH/USDT:USDT,0.2828,21927,0.2827,59213,0.2829,409,0.283,83757
1753546963718,16:22:43.718,1INCH/USDT:USDT,0.2828,21927,0.2827,85031,0.2829,409,0.283,83757
1753546964115,16:22:44.115,1INCH/USDT:USDT,0.2828,21927,0.2827,73935,0.2829,409,0.283,83757
1753546964218,16:22:44.218,1INCH/USDT:USDT,0.2828,21927,0.2827,70078,0.2829,409,0.283,83757
1753546964615,16:22:44.615,1INCH/USDT:USDT,0.2828,21927,0.2827,70078,0.2829,409,0.283,83757
1753546964718,16:22:44.718,1INCH/USDT:USDT,0.2828,21927,0.2827,59213,0.2829,409,0.283,100511
1753546965116,16:22:45.116,1INCH/USDT:USDT,0.2828,21927,0.2827,59213,0.2829,409,0.283,100511
1753546965218,16:22:45.218,1INCH/USDT:USDT,0.2828,21927,0.2827,79944,0.2829,409,0.283,112731
1753546965617,16:22:45.617,1INCH/USDT:USDT,0.2828,21927,0.2827,79944,0.2829,409,0.283,112731
1753546965718,16:22:45.718,1INCH/USDT:USDT,0.2828,21927,0.2827,59213,0.2829,409,0.283,83757
1753546966116,16:22:46.116,1INCH/USDT:USDT,0.2828,21927,0.2827,59213,0.2829,409,0.283,83757
1753546966220,16:22:46.220,1INCH/USDT:USDT,0.2828,21927,0.2827,94898,0.2829,409,0.283,97568
1753546966617,16:22:46.617,1INCH/USDT:USDT,0.2828,21927,0.2827,70325,0.2829,409,0.283,97568
1753546966722,16:22:46.722,1INCH/USDT:USDT,0.2828,21927,0.2827,81211,0.2829,409,0.283,121318
1753546967122,16:22:47.122,1INCH/USDT:USDT,0.2828,21927,0.2827,59213,0.2829,409,0.283,121318
1753546967219,16:22:47.219,1INCH/USDT:USDT,0.2828,21927,0.2827,59213,0.2829,409,0.283,118127
1753546967546,16:22:47.546,1INCH/USDT:USDT,0.2828,21927,0.2827,59213,0.2829,409,0.283,148537
1753546967719,16:22:47.719,1INCH/USDT:USDT,0.2829,4071,0.2828,61106,0.283,30410,0.2831,106927
1753546968117,16:22:48.117,1INCH/USDT:USDT,0.2829,4071,0.2828,61106,0.283,30410,0.2831,106927
1753546968218,16:22:48.218,1INCH/USDT:USDT,0.2829,4071,0.2828,55861,0.283,30410,0.2831,75410
1753546968420,16:22:48.420,1INCH/USDT:USDT,0.2829,4071,0.2828,55861,0.283,30410,0.2831,75410
1753546968720,16:22:48.720,1INCH/USDT:USDT,0.2829,4071,0.2828,44895,0.283,30410,0.2831,75410
1753546969123,16:22:49.123,1INCH/USDT:USDT,0.2829,4071,0.2828,44895,0.283,30410,0.2831,75410
1753546969221,16:22:49.221,1INCH/USDT:USDT,0.2829,4071,0.2828,44895,0.283,30410,0.2831,75410
1753546969619,16:22:49.619,1INCH/USDT:USDT,0.2829,4071,0.2828,44895,0.283,30410,0.2831,75410
1753546969720,16:22:49.720,1INCH/USDT:USDT,0.2829,4071,0.2828,44895,0.283,30410,0.2831,75410
1753546970119,16:22:50.119,1INCH/USDT:USDT,0.2829,4071,0.2828,44895,0.283,30410,0.2831,75410
1753546970226,16:22:50.226,1INCH/USDT:USDT,0.2829,4071,0.2828,50830,0.283,30410,0.2831,75410
1753546970619,16:22:50.619,1INCH/USDT:USDT,0.2829,4071,0.2828,50830,0.283,30410,0.2831,75410
1753546970721,16:22:50.721,1INCH/USDT:USDT,0.2829,4071,0.2828,65015,0.283,30410,0.2831,75410
1753546971118,16:22:51.118,1INCH/USDT:USDT,0.2829,4071,0.2828,44895,0.283,30410,0.2831,75410
1753546971221,16:22:51.221,1INCH/USDT:USDT,0.2829,4071,0.2828,44895,0.283,30410,0.2831,75410
1753546971620,16:22:51.620,1INCH/USDT:USDT,0.2829,4071,0.2828,44895,0.283,30410,0.2831,75410
1753546971720,16:22:51.720,1INCH/USDT:USDT,0.2829,4071,0.2828,44895,0.283,30410,0.2831,75410
1753546972121,16:22:52.121,1INCH/USDT:USDT,0.2829,4071,0.2828,44895,0.283,30410,0.2831,75410
1753546972220,16:22:52.220,1INCH/USDT:USDT,0.2829,4071,0.2828,44895,0.283,30410,0.2831,75410
1753546972620,16:22:52.620,1INCH/USDT:USDT,0.2829,4071,0.2828,44895,0.283,30410,0.2831,75410
1753546972720,16:22:52.720,1INCH/USDT:USDT,0.2829,4071,0.2828,51172,0.283,30410,0.2831,111608
1753546973120,16:22:53.120,1INCH/USDT:USDT,0.2829,4071,0.2828,44895,0.283,30410,0.2831,111608
1753546973221,16:22:53.221,1INCH/USDT:USDT,0.2829,4071,0.2828,44895,0.283,30410,0.2831,138591
1753546973543,16:22:53.543,1INCH/USDT:USDT,0.2829,4071,0.2828,44895,0.283,57143,0.2831,138591
1753546973721,16:22:53.721,1INCH/USDT:USDT,0.2829,5313,0.2828,34292,0.283,26733,0.2831,63852
1753546974118,16:22:54.118,1INCH/USDT:USDT,0.2829,5313,0.2828,34292,0.283,26733,0.2831,63852
1753546974221,16:22:54.221,1INCH/USDT:USDT,0.2829,5313,0.2828,50016,0.283,26733,0.2831,115109
1753546974619,16:22:54.619,1INCH/USDT:USDT,0.2829,5313,0.2828,43090,0.283,26733,0.2831,115109
1753546974720,16:22:54.720,1INCH/USDT:USDT,0.2829,5313,0.2828,38041,0.283,26733,0.2831,63852
1753546975126,16:22:55.126,1INCH/USDT:USDT,0.2829,5313,0.2828,38041,0.283,26733,0.2831,63852
1753546975220,16:22:55.220,1INCH/USDT:USDT,0.2829,5313,0.2828,34292,0.283,26733,0.2831,92645
1753546975621,16:22:55.621,1INCH/USDT:USDT,0.2829,5313,0.2828,34292,0.283,26733,0.2831,92645
1753546975721,16:22:55.721,1INCH/USDT:USDT,0.2829,5313,0.2828,48108,0.283,26733,0.2831,95729
1753546976121,16:22:56.121,1INCH/USDT:USDT,0.2829,5313,0.2828,34292,0.283,26733,0.2831,95729
1753546976221,16:22:56.221,1INCH/USDT:USDT,0.2829,5313,0.2828,44706,0.283,26733,0.2831,115617
1753546976623,16:22:56.623,1INCH/USDT:USDT,0.2829,5313,0.2828,34292,0.283,26733,0.2831,115617
1753546976724,16:22:56.724,1INCH/USDT:USDT,0.2829,5313,0.2828,34292,0.283,26733,0.2831,63852
1753546977124,16:22:57.124,1INCH/USDT:USDT,0.2829,5313,0.2828,34292,0.283,26733,0.2831,63852
1753546977222,16:22:57.222,1INCH/USDT:USDT,0.2829,5313,0.2828,34292,0.283,26733,0.2831,63852
1753546977622,16:22:57.622,1INCH/USDT:USDT,0.2829,5313,0.2828,34292,0.283,26733,0.2831,63852
1753546977724,16:22:57.724,1INCH/USDT:USDT,0.2829,5313,0.2828,34292,0.283,26733,0.2831,63852
1753546978121,16:22:58.121,1INCH/USDT:USDT,0.2829,5313,0.2828,34292,0.283,26733,0.2831,63852
1753546978222,16:22:58.222,1INCH/USDT:USDT,0.2829,5313,0.2828,46906,0.283,26733,0.2831,78982
1753546978623,16:22:58.623,1INCH/USDT:USDT,0.2829,5313,0.2828,34292,0.283,26733,0.2831,78982
1753546978722,16:22:58.722,1INCH/USDT:USDT,0.2829,5313,0.2828,34292,0.283,26733,0.2831,94544
1753546979123,16:22:59.123,1INCH/USDT:USDT,0.2829,5313,0.2828,34292,0.283,26733,0.2831,94544
1753546979221,16:22:59.221,1INCH/USDT:USDT,0.2829,5313,0.2828,45082,0.283,26733,0.2831,72933
1753546979545,16:22:59.545,1INCH/USDT:USDT,0.2829,5313,0.2828,45082,0.283,57075,0.2831,72933
1753546979723,16:22:59.723,1INCH/USDT:USDT,0.2829,5860,0.2828,41368,0.283,30342,0.2831,76095
1753546980123,16:23:00.123,1INCH/USDT:USDT,0.2829,5860,0.2828,41368,0.283,30342,0.2831,76095
1753546980222,16:23:00.222,1INCH/USDT:USDT,0.2829,5860,0.2828,35195,0.283,30342,0.2831,84291
1753546980623,16:23:00.623,1INCH/USDT:USDT,0.2829,5860,0.2828,35195,0.283,30342,0.2831,84291
1753546980723,16:23:00.723,1INCH/USDT:USDT,0.2829,5860,0.2828,34591,0.283,30342,0.2831,97614
1753546981123,16:23:01.123,1INCH/USDT:USDT,0.2829,5860,0.2828,31037,0.283,30342,0.2831,97614
1753546981223,16:23:01.223,1INCH/USDT:USDT,0.2829,5860,0.2828,31037,0.283,30342,0.2831,76095
1753546981529,16:23:01.529,1INCH/USDT:USDT,0.2829,5860,0.2828,31037,0.283,30342,0.2831,76095
1753546981724,16:23:01.724,1INCH/USDT:USDT,0.2829,5860,0.2828,31037,0.283,30342,0.2831,107991
1753546982111,16:23:02.111,1INCH/USDT:USDT,0.2829,5860,0.2828,31037,0.283,30342,0.2831,107991
1753546982223,16:23:02.223,1INCH/USDT:USDT,0.2827,58890,0.2826,107787,0.2828,8450,0.2829,82231
1753546982624,16:23:02.624,1INCH/USDT:USDT,0.2827,58890,0.2826,80081,0.2828,8450,0.2829,82231
1753546982732,16:23:02.732,1INCH/USDT:USDT,0.2827,58890,0.2826,106013,0.2828,8450,0.2829,86483
1753546983128,16:23:03.128,1INCH/USDT:USDT,0.2827,58890,0.2826,106013,0.2828,8450,0.2829,86483
1753546983223,16:23:03.223,1INCH/USDT:USDT,0.2827,58890,0.2826,80081,0.2828,8450,0.2829,74770
1753546983624,16:23:03.624,1INCH/USDT:USDT,0.2827,58890,0.2826,80081,0.2828,8450,0.2829,74770
1753546983724,16:23:03.724,1INCH/USDT:USDT,0.2827,58890,0.2826,80081,0.2828,8450,0.2829,93346
1753546984130,16:23:04.130,1INCH/USDT:USDT,0.2827,58890,0.2826,80081,0.2828,8450,0.2829,93346
1753546984225,16:23:04.225,1INCH/USDT:USDT,0.2827,58890,0.2826,80081,0.2828,8450,0.2829,88777
1753546984627,16:23:04.627,1INCH/USDT:USDT,0.2827,58890,0.2826,80081,0.2828,8450,0.2829,65028
1753546984724,16:23:04.724,1INCH/USDT:USDT,0.2827,58890,0.2826,107884,0.2828,8450,0.2829,88736
1753546985126,16:23:05.126,1INCH/USDT:USDT,0.2827,58890,0.2826,107884,0.2828,8450,0.2829,65028
1753546985224,16:23:05.224,1INCH/USDT:USDT,0.2827,58890,0.2826,117580,0.2828,8450,0.2829,72472
1753546985627,16:23:05.627,1INCH/USDT:USDT,0.2827,58890,0.2826,89686,0.2828,8450,0.2829,72472
1753546985725,16:23:05.725,1INCH/USDT:USDT,0.2827,58890,0.2826,141852,0.2828,8450,0.2829,65028
1753546986126,16:23:06.126,1INCH/USDT:USDT,0.2827,58890,0.2826,112501,0.2828,8450,0.2829,65028
1753546986224,16:23:06.224,1INCH/USDT:USDT,0.2827,58890,0.2826,80081,0.2828,8450,0.2829,65028
1753546986626,16:23:06.626,1INCH/USDT:USDT,0.2827,58890,0.2826,80081,0.2828,8450,0.2829,65028
1753546986725,16:23:06.725,1INCH/USDT:USDT,0.2827,58890,0.2826,80081,0.2828,8450,0.2829,65028
1753546987126,16:23:07.126,1INCH/USDT:USDT,0.2827,58890,0.2826,80081,0.2828,8450,0.2829,65028
1753546987225,16:23:07.225,1INCH/USDT:USDT,0.2827,58890,0.2826,111257,0.2828,8450,0.2829,87555
1753546987529,16:23:07.529,1INCH/USDT:USDT,0.2827,58890,0.2826,111257,0.2828,8450,0.2829,87555
1753546987723,16:23:07.723,1INCH/USDT:USDT,0.2827,43658,0.2826,60021,0.2828,2392,0.2829,40072
1753546987732,16:23:07.732,1INCH/USDT:USDT,0.2827,43658,0.2826,60021,0.2828,2392,0.2829,40072
1753546988138,16:23:08.138,1INCH/USDT:USDT,0.2827,43658,0.2826,60021,0.2828,2392,0.2829,40072
1753546988231,16:23:08.231,1INCH/USDT:USDT,0.2827,43658,0.2826,88563,0.2828,2392,0.2829,48254
1753546988627,16:23:08.627,1INCH/USDT:USDT,0.2827,43658,0.2826,60021,0.2828,2392,0.2829,48254
1753546988732,16:23:08.732,1INCH/USDT:USDT,0.2827,43658,0.2826,60021,0.2828,2392,0.2829,53220
1753546989127,16:23:09.127,1INCH/USDT:USDT,0.2827,43658,0.2826,60021,0.2828,2392,0.2829,53220
1753546989230,16:23:09.230,1INCH/USDT:USDT,0.2827,43658,0.2826,84530,0.2828,2392,0.2829,40072
1753546989628,16:23:09.628,1INCH/USDT:USDT,0.2827,43658,0.2826,84530,0.2828,2392,0.2829,40072
1753546989732,16:23:09.732,1INCH/USDT:USDT,0.2827,43658,0.2826,89000,0.2828,2392,0.2829,48721
1753546990128,16:23:10.128,1INCH/USDT:USDT,0.2827,43658,0.2826,60021,0.2828,2392,0.2829,48721
1753546990230,16:23:10.230,1INCH/USDT:USDT,0.2827,43658,0.2826,71094,0.2828,2392,0.2829,44624
1753546990628,16:23:10.628,1INCH/USDT:USDT,0.2827,43658,0.2826,60021,0.2828,2392,0.2829,44624
1753546990732,16:23:10.732,1INCH/USDT:USDT,0.2827,43658,0.2826,79110,0.2828,2392,0.2829,59682
1753546991128,16:23:11.128,1INCH/USDT:USDT,0.2827,43658,0.2826,60021,0.2828,2392,0.2829,59682
1753546991232,16:23:11.232,1INCH/USDT:USDT,0.2827,43658,0.2826,60021,0.2828,2392,0.2829,58101
1753546991629,16:23:11.629,1INCH/USDT:USDT,0.2827,43658,0.2826,60021,0.2828,2392,0.2829,58101
1753546991734,16:23:11.734,1INCH/USDT:USDT,0.2827,43658,0.2826,85719,0.2828,2392,0.2829,58822
1753546992129,16:23:12.129,1INCH/USDT:USDT,0.2827,43658,0.2826,85719,0.2828,2392,0.2829,58822
1753546992235,16:23:12.235,1INCH/USDT:USDT,0.2827,43658,0.2826,60021,0.2828,2392,0.2829,40072
1753546992630,16:23:12.630,1INCH/USDT:USDT,0.2827,43658,0.2826,60021,0.2828,2392,0.2829,40072
1753546992732,16:23:12.732,1INCH/USDT:USDT,0.2827,43658,0.2826,86004,0.2828,2392,0.2829,40072
1753546993131,16:23:13.131,1INCH/USDT:USDT,0.2827,43658,0.2826,86004,0.2828,2392,0.2829,40072
1753546993233,16:23:13.233,1INCH/USDT:USDT,0.2827,43658,0.2826,101585,0.2828,2392,0.2829,40072
1753546993533,16:23:13.533,1INCH/USDT:USDT,0.2827,43658,0.2826,101585,0.2828,2392,0.2829,40072
1753546993726,16:23:13.726,1INCH/USDT:USDT,0.2828,34969,0.2827,48263,0.2829,3344,0.283,58727
1753546993734,16:23:13.734,1INCH/USDT:USDT,0.2828,34969,0.2827,48263,0.2829,3344,0.283,68638
1753546994137,16:23:14.137,1INCH/USDT:USDT,0.2828,34969,0.2827,48263,0.2829,3344,0.283,68638
1753546994234,16:23:14.234,1INCH/USDT:USDT,0.2828,34969,0.2827,60037,0.2829,3344,0.283,58727
1753546994631,16:23:14.631,1INCH/USDT:USDT,0.2828,34969,0.2827,48263,0.2829,3344,0.283,58727
1753546994739,16:23:14.739,1INCH/USDT:USDT,0.2828,34969,0.2827,48263,0.2829,3344,0.283,58727
1753546995131,16:23:15.131,1INCH/USDT:USDT,0.2828,34969,0.2827,48263,0.2829,3344,0.283,58727
1753546995235,16:23:15.235,1INCH/USDT:USDT,0.2828,34969,0.2827,48263,0.2829,3344,0.283,79345
1753546995633,16:23:15.633,1INCH/USDT:USDT,0.2828,34969,0.2827,48263,0.2829,3344,0.283,79345
1753546995735,16:23:15.735,1INCH/USDT:USDT,0.2828,34969,0.2827,48263,0.2829,3344,0.283,58727
1753546996133,16:23:16.133,1INCH/USDT:USDT,0.2828,34969,0.2827,48263,0.2829,3344,0.283,58727
1753546996237,16:23:16.237,1INCH/USDT:USDT,0.2828,34969,0.2827,63770,0.2829,3344,0.283,58727
1753546996632,16:23:16.632,1INCH/USDT:USDT,0.2828,34969,0.2827,63770,0.2829,3344,0.283,58727
1753546996736,16:23:16.736,1INCH/USDT:USDT,0.2828,34969,0.2827,48263,0.2829,3344,0.283,77306
1753546997132,16:23:17.132,1INCH/USDT:USDT,0.2828,34969,0.2827,48263,0.2829,3344,0.283,77306
1753546997236,16:23:17.236,1INCH/USDT:USDT,0.2828,34969,0.2827,48263,0.2829,3344,0.283,58727
1753546997632,16:23:17.632,1INCH/USDT:USDT,0.2828,34969,0.2827,48263,0.2829,3344,0.283,58727
1753546997737,16:23:17.737,1INCH/USDT:USDT,0.2828,34969,0.2827,69652,0.2829,3344,0.283,58727
1753546998135,16:23:18.135,1INCH/USDT:USDT,0.2828,34969,0.2827,69652,0.2829,3344,0.283,58727
1753546998237,16:23:18.237,1INCH/USDT:USDT,0.2828,34969,0.2827,62576,0.2829,3344,0.283,58727
1753546998634,16:23:18.634,1INCH/USDT:USDT,0.2828,34969,0.2827,62576,0.2829,3344,0.283,58727
1753546998736,16:23:18.736,1INCH/USDT:USDT,0.2828,34969,0.2827,48263,0.2829,3344,0.283,85975
1753546999135,16:23:19.135,1INCH/USDT:USDT,0.2828,34969,0.2827,48263,0.2829,3344,0.283,85975
1753546999234,16:23:19.234,1INCH/USDT:USDT,0.2828,34969,0.2827,48263,0.2829,3344,0.283,74164
1753546999547,16:23:19.547,1INCH/USDT:USDT,0.2828,34969,0.2827,48263,0.2829,5055,0.283,74164
1753546999735,16:23:19.735,1INCH/USDT:USDT,0.2828,30317,0.2827,63270,0.2829,1711,0.283,92552
1753547000136,16:23:20.136,1INCH/USDT:USDT,0.2828,30317,0.2827,63270,0.2829,1711,0.283,92552
1753547000235,16:23:20.235,1INCH/USDT:USDT,0.2828,30317,0.2827,63270,0.2829,1711,0.283,69819
1753547000635,16:23:20.635,1INCH/USDT:USDT,0.2828,30317,0.2827,63270,0.2829,1711,0.283,69819
1753547000739,16:23:20.739,1INCH/USDT:USDT,0.2828,30317,0.2827,63270,0.2829,1711,0.283,69819
1753547001141,16:23:21.141,1INCH/USDT:USDT,0.2828,30317,0.2827,63270,0.2829,1711,0.283,69819
1753547001238,16:23:21.238,1INCH/USDT:USDT,0.2828,30317,0.2827,76871,0.2829,1711,0.283,83864
1753547001695,16:23:21.695,1INCH/USDT:USDT,0.2828,30317,0.2827,76871,0.2829,1711,0.283,83864
1753547001735,16:23:21.735,1INCH/USDT:USDT,0.2828,30317,0.2827,63270,0.2829,1711,0.283,69819
1753547002138,16:23:22.138,1INCH/USDT:USDT,0.2828,30317,0.2827,63270,0.2829,1711,0.283,69819
1753547002235,16:23:22.235,1INCH/USDT:USDT,0.2828,30317,0.2827,73036,0.2829,1711,0.283,69819
1753547002636,16:23:22.636,1INCH/USDT:USDT,0.2828,30317,0.2827,63270,0.2829,1711,0.283,69819
1753547002737,16:23:22.737,1INCH/USDT:USDT,0.2828,30317,0.2827,63270,0.2829,1711,0.283,86515
1753547003197,16:23:23.197,1INCH/USDT:USDT,0.2828,30317,0.2827,63270,0.2829,1711,0.283,86515
1753547003238,16:23:23.238,1INCH/USDT:USDT,0.2828,30317,0.2827,63270,0.2829,1711,0.283,111694
1753547003637,16:23:23.637,1INCH/USDT:USDT,0.2828,30317,0.2827,63270,0.2829,1711,0.283,111694
1753547003738,16:23:23.738,1INCH/USDT:USDT,0.2828,30317,0.2827,84368,0.2829,1711,0.283,69819
1753547004144,16:23:24.144,1INCH/USDT:USDT,0.2828,30317,0.2827,70026,0.2829,1711,0.283,69819
1753547004241,16:23:24.241,1INCH/USDT:USDT,0.2828,30317,0.2827,105965,0.2829,1711,0.283,69819
1753547004640,16:23:24.640,1INCH/USDT:USDT,0.2828,30317,0.2827,77600,0.2829,1711,0.283,69819
1753547004739,16:23:24.739,1INCH/USDT:USDT,0.2828,30317,0.2827,63270,0.2829,1711,0.283,69819
1753547005140,16:23:25.140,1INCH/USDT:USDT,0.2828,30317,0.2827,63270,0.2829,1711,0.283,69819
1753547005239,16:23:25.239,1INCH/USDT:USDT,0.2828,30317,0.2827,63270,0.2829,1711,0.283,69819
1753547005548,16:23:25.548,1INCH/USDT:USDT,0.2828,30317,0.2827,63270,0.2829,3569,0.283,69819
1753547005740,16:23:25.740,1INCH/USDT:USDT,0.2828,33083,0.2827,60851,0.2829,1858,0.283,63299
1753547006139,16:23:26.139,1INCH/USDT:USDT,0.2828,33083,0.2827,49833,0.2829,1858,0.283,63299
1753547006238,16:23:26.238,1INCH/USDT:USDT,0.2828,33083,0.2827,49833,0.2829,1858,0.283,63299
1753547006638,16:23:26.638,1INCH/USDT:USDT,0.2828,33083,0.2827,49833,0.2829,1858,0.283,63299
1753547006740,16:23:26.740,1INCH/USDT:USDT,0.2828,33083,0.2827,49833,0.2829,1858,0.283,74147
1753547007139,16:23:27.139,1INCH/USDT:USDT,0.2828,33083,0.2827,49833,0.2829,1858,0.283,63299
1753547007238,16:23:27.238,1INCH/USDT:USDT,0.2828,33083,0.2827,49833,0.2829,1858,0.283,63299
1753547007639,16:23:27.639,1INCH/USDT:USDT,0.2828,33083,0.2827,49833,0.2829,1858,0.283,63299
1753547007739,16:23:27.739,1INCH/USDT:USDT,0.2828,33083,0.2827,49833,0.2829,1858,0.283,86300
1753547008141,16:23:28.141,1INCH/USDT:USDT,0.2828,33083,0.2827,49833,0.2829,1858,0.283,63299
1753547008239,16:23:28.239,1INCH/USDT:USDT,0.2828,33083,0.2827,49833,0.2829,1858,0.283,91119
1753547008640,16:23:28.640,1INCH/USDT:USDT,0.2828,33083,0.2827,49833,0.2829,1858,0.283,63299
1753547008741,16:23:28.741,1INCH/USDT:USDT,0.2828,33083,0.2827,49833,0.2829,1858,0.283,70883
1753547009139,16:23:29.139,1INCH/USDT:USDT,0.2828,33083,0.2827,49833,0.2829,1858,0.283,70883
1753547009242,16:23:29.242,1INCH/USDT:USDT,0.2828,33083,0.2827,74037,0.2829,1858,0.283,72016
1753547009641,16:23:29.641,1INCH/USDT:USDT,0.2828,33083,0.2827,74037,0.2829,1858,0.283,72016
1753547009741,16:23:29.741,1INCH/USDT:USDT,0.2828,33083,0.2827,49833,0.2829,1858,0.283,93850
1753547010142,16:23:30.142,1INCH/USDT:USDT,0.2828,33083,0.2827,49833,0.2829,1858,0.283,93850
1753547010237,16:23:30.237,1INCH/USDT:USDT,0.2828,33083,0.2827,67706,0.2829,1858,0.283,63299
1753547010602,16:23:30.602,1INCH/USDT:USDT,0.2828,33083,0.2827,67706,0.2829,27958,0.283,63299
1753547010739,16:23:30.739,1INCH/USDT:USDT,0.2828,2924,0.2827,34717,0.2829,26100,0.283,57397
1753547011141,16:23:31.141,1INCH/USDT:USDT,0.2828,2924,0.2827,34717,0.2829,26100,0.283,57397
1753547011238,16:23:31.238,1INCH/USDT:USDT,0.2828,2924,0.2827,48255,0.2829,26100,0.283,67116
1753547011640,16:23:31.640,1INCH/USDT:USDT,0.2828,2924,0.2827,34717,0.2829,26100,0.283,67116
1753547011740,16:23:31.740,1INCH/USDT:USDT,0.2828,2924,0.2827,52126,0.2829,26100,0.283,57397
1753547012141,16:23:32.141,1INCH/USDT:USDT,0.2828,2924,0.2827,38472,0.2829,26100,0.283,57397
1753547012242,16:23:32.242,1INCH/USDT:USDT,0.2828,2924,0.2827,34717,0.2829,26100,0.283,57397
1753547012578,16:23:32.578,1INCH/USDT:USDT,0.2828,2924,0.2827,34717,0.2829,26100,0.283,57397
1753547012739,16:23:32.739,1INCH/USDT:USDT,0.2828,2924,0.2827,34717,0.2829,26100,0.283,85445
1753547013142,16:23:33.142,1INCH/USDT:USDT,0.2828,2924,0.2827,34717,0.2829,26100,0.283,85445
1753547013240,16:23:33.240,1INCH/USDT:USDT,0.2828,2924,0.2827,45980,0.2829,26100,0.283,57397
1753547013641,16:23:33.641,1INCH/USDT:USDT,0.2828,2924,0.2827,45980,0.2829,26100,0.283,57397
1753547013800,16:23:33.800,1INCH/USDT:USDT,0.2828,2924,0.2827,48072,0.2829,26100,0.283,57397
1753547014202,16:23:34.202,1INCH/USDT:USDT,0.2828,2924,0.2827,48072,0.2829,26100,0.283,57397
1753547014299,16:23:34.299,1INCH/USDT:USDT,0.2828,2924,0.2827,34717,0.2829,26100,0.283,77185
1753547014701,16:23:34.701,1INCH/USDT:USDT,0.2828,2924,0.2827,34717,0.2829,26100,0.283,77185
1753547014801,16:23:34.801,1INCH/USDT:USDT,0.2828,2924,0.2827,34717,0.2829,26100,0.283,57397
1753547015201,16:23:35.201,1INCH/USDT:USDT,0.2828,2924,0.2827,34717,0.2829,26100,0.283,57397
1753547015300,16:23:35.300,1INCH/USDT:USDT,0.2828,2924,0.2827,50483,0.2829,26100,0.283,57397
1753547015702,16:23:35.702,1INCH/USDT:USDT,0.2828,2924,0.2827,42407,0.2829,26100,0.283,57397
1753547015800,16:23:35.800,1INCH/USDT:USDT,0.2828,2924,0.2827,34717,0.2829,26100,0.283,72419
1753547016203,16:23:36.203,1INCH/USDT:USDT,0.2828,2924,0.2827,34717,0.2829,26100,0.283,72419
1753547016299,16:23:36.299,1INCH/USDT:USDT,0.2828,2924,0.2827,34717,0.2829,26100,0.283,57397
1753547016603,16:23:36.603,1INCH/USDT:USDT,0.2828,2924,0.2827,34717,0.2829,60231,0.283,117197
1753547016800,16:23:36.800,1INCH/USDT:USDT,0.2828,5762,0.2827,49966,0.2829,34131,0.283,78373
1753547017202,16:23:37.202,1INCH/USDT:USDT,0.2828,5762,0.2827,49966,0.2829,34131,0.283,78373
1753547017301,16:23:37.301,1INCH/USDT:USDT,0.2828,5762,0.2827,49966,0.2829,34131,0.283,81348
1753547017706,16:23:37.706,1INCH/USDT:USDT,0.2828,5762,0.2827,49966,0.2829,34131,0.283,81348
1753547017801,16:23:37.801,1INCH/USDT:USDT,0.2828,5762,0.2827,79375,0.2829,34131,0.283,83080
1753547018205,16:23:38.205,1INCH/USDT:USDT,0.2828,5762,0.2827,57664,0.2829,34131,0.283,83080
1753547018300,16:23:38.300,1INCH/USDT:USDT,0.2828,5762,0.2827,49966,0.2829,34131,0.283,77834
1753547018703,16:23:38.703,1INCH/USDT:USDT,0.2828,5762,0.2827,49966,0.2829,34131,0.283,59800
1753547018801,16:23:38.801,1INCH/USDT:USDT,0.2828,5762,0.2827,49966,0.2829,34131,0.283,99869
1753547019204,16:23:39.204,1INCH/USDT:USDT,0.2828,5762,0.2827,49966,0.2829,34131,0.283,99869
1753547019300,16:23:39.300,1INCH/USDT:USDT,0.2828,5762,0.2827,62397,0.2829,34131,0.283,59800
1753547019708,16:23:39.708,1INCH/USDT:USDT,0.2828,5762,0.2827,62397,0.2829,34131,0.283,59800
1753547019802,16:23:39.802,1INCH/USDT:USDT,0.2828,5762,0.2827,49966,0.2829,34131,0.283,71727
1753547020204,16:23:40.204,1INCH/USDT:USDT,0.2828,5762,0.2827,49966,0.2829,34131,0.283,59800
1753547020302,16:23:40.302,1INCH/USDT:USDT,0.2828,5762,0.2827,62437,0.2829,34131,0.283,59800
1753547020705,16:23:40.705,1INCH/USDT:USDT,0.2828,5762,0.2827,62437,0.2829,34131,0.283,59800
1753547020804,16:23:40.804,1INCH/USDT:USDT,0.2828,5762,0.2827,49966,0.2829,34131,0.283,59800
1753547021206,16:23:41.206,1INCH/USDT:USDT,0.2828,5762,0.2827,49966,0.2829,34131,0.283,59800
1753547021304,16:23:41.304,1INCH/USDT:USDT,0.2828,5762,0.2827,72519,0.2829,34131,0.283,59800
1753547021706,16:23:41.706,1INCH/USDT:USDT,0.2828,5762,0.2827,62979,0.2829,34131,0.283,59800
1753547021803,16:23:41.803,1INCH/USDT:USDT,0.2828,5762,0.2827,49966,0.2829,34131,0.283,97806
1753547022209,16:23:42.209,1INCH/USDT:USDT,0.2828,5762,0.2827,49966,0.2829,34131,0.283,74252
1753547022304,16:23:42.304,1INCH/USDT:USDT,0.2828,5762,0.2827,49966,0.2829,34131,0.283,59800
1753547022610,16:23:42.610,1INCH/USDT:USDT,0.2828,5762,0.2827,49966,0.2829,20865,0.283,132049
1753547022806,16:23:42.806,1INCH/USDT:USDT,0.2828,5817,0.2827,51510,0.2829,20865,0.283,89562
1753547023207,16:23:43.207,1INCH/USDT:USDT,0.2828,5817,0.2827,44316,0.2829,20865,0.283,89562
1753547023305,16:23:43.305,1INCH/USDT:USDT,0.2828,5817,0.2827,64432,0.2829,20865,0.283,72249
1753547023709,16:23:43.709,1INCH/USDT:USDT,0.2828,5817,0.2827,64432,0.2829,20865,0.283,72249
1753547023805,16:23:43.805,1INCH/USDT:USDT,0.2828,5817,0.2827,57235,0.2829,20865,0.283,102622
1753547024207,16:23:44.207,1INCH/USDT:USDT,0.2828,5817,0.2827,44316,0.2829,20865,0.283,102622
1753547024306,16:23:44.306,1INCH/USDT:USDT,0.2828,5817,0.2827,58295,0.2829,20865,0.283,72249
1753547024709,16:23:44.709,1INCH/USDT:USDT,0.2828,5817,0.2827,58295,0.2829,20865,0.283,72249
1753547024807,16:23:44.807,1INCH/USDT:USDT,0.2828,5817,0.2827,51140,0.2829,20865,0.283,106073
1753547025210,16:23:45.210,1INCH/USDT:USDT,0.2828,5817,0.2827,44316,0.2829,20865,0.283,106073
1753547025305,16:23:45.305,1INCH/USDT:USDT,0.2828,5817,0.2827,44316,0.2829,20865,0.283,105877
1753547025709,16:23:45.709,1INCH/USDT:USDT,0.2828,5817,0.2827,44316,0.2829,20865,0.283,105877
1753547025809,16:23:45.809,1INCH/USDT:USDT,0.2828,5817,0.2827,78283,0.2829,20865,0.283,72249
1753547026210,16:23:46.210,1INCH/USDT:USDT,0.2828,5817,0.2827,65840,0.2829,20865,0.283,72249
1753547026306,16:23:46.306,1INCH/USDT:USDT,0.2828,5817,0.2827,83316,0.2829,20865,0.283,87185
1753547026715,16:23:46.715,1INCH/USDT:USDT,0.2828,5817,0.2827,83316,0.2829,20865,0.283,87185
1753547026807,16:23:46.807,1INCH/USDT:USDT,0.2828,5817,0.2827,44316,0.2829,20865,0.283,107440
1753547027210,16:23:47.210,1INCH/USDT:USDT,0.2828,5817,0.2827,44316,0.2829,20865,0.283,107440
1753547027307,16:23:47.307,1INCH/USDT:USDT,0.2828,5817,0.2827,44316,0.2829,20865,0.283,72249
1753547027711,16:23:47.711,1INCH/USDT:USDT,0.2828,5817,0.2827,44316,0.2829,20865,0.283,72249
1753547027808,16:23:47.808,1INCH/USDT:USDT,0.2828,5817,0.2827,44316,0.2829,20865,0.283,72249
1753547028211,16:23:48.211,1INCH/USDT:USDT,0.2828,5817,0.2827,44316,0.2829,20865,0.283,72249
1753547028307,16:23:48.307,1INCH/USDT:USDT,0.2828,5817,0.2827,76387,0.2829,20865,0.283,99390
1753547028611,16:23:48.611,1INCH/USDT:USDT,0.2828,5817,0.2827,76387,0.2829,56964,0.283,99390
1753547028813,16:23:48.813,1INCH/USDT:USDT,0.2828,842,0.2827,83849,0.2829,36099,0.283,78114
1753547029211,16:23:49.211,1INCH/USDT:USDT,0.2828,842,0.2827,83849,0.2829,36099,0.283,78114
1753547029309,16:23:49.309,1INCH/USDT:USDT,0.2828,842,0.2827,57232,0.2829,36099,0.283,105770
1753547029711,16:23:49.711,1INCH/USDT:USDT,0.2828,842,0.2827,57232,0.2829,36099,0.283,78114
1753547029809,16:23:49.809,1INCH/USDT:USDT,0.2828,842,0.2827,73021,0.2829,36099,0.283,78114
1753547030212,16:23:50.212,1INCH/USDT:USDT,0.2828,842,0.2827,73021,0.2829,36099,0.283,78114
1753547030319,16:23:50.319,1INCH/USDT:USDT,0.2828,842,0.2827,50264,0.2829,36099,0.283,78114
1753547030712,16:23:50.712,1INCH/USDT:USDT,0.2828,842,0.2827,50264,0.2829,36099,0.283,78114
1753547030810,16:23:50.810,1INCH/USDT:USDT,0.2828,842,0.2827,50264,0.2829,36099,0.283,100636
1753547031213,16:23:51.213,1INCH/USDT:USDT,0.2828,842,0.2827,50264,0.2829,36099,0.283,100636
1753547031310,16:23:51.310,1INCH/USDT:USDT,0.2828,842,0.2827,62579,0.2829,36099,0.283,92033
1753547031713,16:23:51.713,1INCH/USDT:USDT,0.2828,842,0.2827,62579,0.2829,36099,0.283,92033
1753547031811,16:23:51.811,1INCH/USDT:USDT,0.2828,842,0.2827,50264,0.2829,36099,0.283,98604
1753547032213,16:23:52.213,1INCH/USDT:USDT,0.2828,842,0.2827,50264,0.2829,36099,0.283,78114
1753547032311,16:23:52.311,1INCH/USDT:USDT,0.2828,842,0.2827,50264,0.2829,36099,0.283,78114
1753547032713,16:23:52.713,1INCH/USDT:USDT,0.2828,842,0.2827,50264,0.2829,36099,0.283,78114
1753547032811,16:23:52.811,1INCH/USDT:USDT,0.2828,842,0.2827,56097,0.2829,36099,0.283,96619
1753547033214,16:23:53.214,1INCH/USDT:USDT,0.2828,842,0.2827,50264,0.2829,36099,0.283,96619
1753547033312,16:23:53.312,1INCH/USDT:USDT,0.2828,842,0.2827,61617,0.2829,36099,0.283,78114
1753547033713,16:23:53.713,1INCH/USDT:USDT,0.2828,842,0.2827,50264,0.2829,36099,0.283,78114
1753547033812,16:23:53.812,1INCH/USDT:USDT,0.2828,842,0.2827,59671,0.2829,36099,0.283,96732
1753547034216,16:23:54.216,1INCH/USDT:USDT,0.2828,842,0.2827,59671,0.2829,36099,0.283,78114
1753547034318,16:23:54.318,1INCH/USDT:USDT,0.2828,842,0.2827,68670,0.2829,36099,0.283,98209
1753547034614,16:23:54.614,1INCH/USDT:USDT,0.2828,842,0.2827,102604,0.2829,36099,0.283,98209
1753547034626,16:23:54.626,1INCH/USDT:USDT,0.2827,33934,0.2826,68613,0.2828,6223,0.2829,30830
1753547034818,16:23:54.818,1INCH/USDT:USDT,0.2827,33934,0.2826,100626,0.2828,6223,0.2829,30830
1753547035220,16:23:55.220,1INCH/USDT:USDT,0.2827,33934,0.2826,68613,0.2828,6223,0.2829,30830
1753547035318,16:23:55.318,1INCH/USDT:USDT,0.2827,33934,0.2826,68613,0.2828,6223,0.2829,39104
1753547035721,16:23:55.721,1INCH/USDT:USDT,0.2827,33934,0.2826,68613,0.2828,6223,0.2829,39104
1753547035818,16:23:55.818,1INCH/USDT:USDT,0.2827,33934,0.2826,68613,0.2828,6223,0.2829,51266
1753547036224,16:23:56.224,1INCH/USDT:USDT,0.2827,33934,0.2826,68613,0.2828,6223,0.2829,51266
1753547036318,16:23:56.318,1INCH/USDT:USDT,0.2827,33934,0.2826,68613,0.2828,6223,0.2829,41986
1753547036722,16:23:56.722,1INCH/USDT:USDT,0.2827,33934,0.2826,68613,0.2828,6223,0.2829,41986
1753547036820,16:23:56.820,1INCH/USDT:USDT,0.2827,33934,0.2826,68613,0.2828,6223,0.2829,49374
1753547037225,16:23:57.225,1INCH/USDT:USDT,0.2827,33934,0.2826,68613,0.2828,6223,0.2829,49374
1753547037318,16:23:57.318,1INCH/USDT:USDT,0.2827,33934,0.2826,68613,0.2828,6223,0.2829,37284
1753547037721,16:23:57.721,1INCH/USDT:USDT,0.2827,33934,0.2826,68613,0.2828,6223,0.2829,37284
1753547037819,16:23:57.819,1INCH/USDT:USDT,0.2827,33934,0.2826,68613,0.2828,6223,0.2829,30830
1753547038222,16:23:58.222,1INCH/USDT:USDT,0.2827,33934,0.2826,68613,0.2828,6223,0.2829,30830
1753547038320,16:23:58.320,1INCH/USDT:USDT,0.2827,33934,0.2826,68613,0.2828,6223,0.2829,30830
1753547038722,16:23:58.722,1INCH/USDT:USDT,0.2827,33934,0.2826,68613,0.2828,6223,0.2829,30830
1753547038819,16:23:58.819,1INCH/USDT:USDT,0.2827,33934,0.2826,85110,0.2828,6223,0.2829,30830
1753547039223,16:23:59.223,1INCH/USDT:USDT,0.2827,33934,0.2826,85110,0.2828,6223,0.2829,30830
1753547039321,16:23:59.321,1INCH/USDT:USDT,0.2827,33934,0.2826,68613,0.2828,6223,0.2829,30830
1753547039722,16:23:59.722,1INCH/USDT:USDT,0.2827,33934,0.2826,68613,0.2828,6223,0.2829,30830
1753547039820,16:23:59.820,1INCH/USDT:USDT,0.2827,33934,0.2826,68613,0.2828,6223,0.2829,39479
1753547040221,16:24:00.221,1INCH/USDT:USDT,0.2827,33934,0.2826,68613,0.2828,6223,0.2829,39479
1753547040322,16:24:00.322,1INCH/USDT:USDT,0.2827,33934,0.2826,68613,0.2828,6223,0.2829,45409
1753547040619,16:24:00.619,1INCH/USDT:USDT,0.2827,33934,0.2826,68613,0.2828,12170,0.2829,88218
1753547040822,16:24:00.822,1INCH/USDT:USDT,0.2827,36736,0.2826,68494,0.2828,5947,0.2829,59083
1753547041224,16:24:01.224,1INCH/USDT:USDT,0.2827,36736,0.2826,57842,0.2828,5947,0.2829,59083
1753547041320,16:24:01.320,1INCH/USDT:USDT,0.2827,36736,0.2826,57842,0.2828,5947,0.2829,42809
1753547041724,16:24:01.724,1INCH/USDT:USDT,0.2827,36736,0.2826,57842,0.2828,5947,0.2829,42809
1753547041821,16:24:01.821,1INCH/USDT:USDT,0.2827,36736,0.2826,57842,0.2828,5947,0.2829,76019
1753547042223,16:24:02.223,1INCH/USDT:USDT,0.2827,36736,0.2826,57842,0.2828,5947,0.2829,76019
1753547042323,16:24:02.323,1INCH/USDT:USDT,0.2827,36736,0.2826,81967,0.2828,5947,0.2829,42809
1753547042697,16:24:02.697,1INCH/USDT:USDT,0.2827,36736,0.2826,81967,0.2828,5947,0.2829,42809
1753547042822,16:24:02.822,1INCH/USDT:USDT,0.2827,36736,0.2826,57842,0.2828,5947,0.2829,56951
1753547043224,16:24:03.224,1INCH/USDT:USDT,0.2827,36736,0.2826,57842,0.2828,5947,0.2829,42809
1753547043321,16:24:03.321,1INCH/USDT:USDT,0.2827,36736,0.2826,57842,0.2828,5947,0.2829,42809
1753547043729,16:24:03.729,1INCH/USDT:USDT,0.2827,36736,0.2826,57842,0.2828,5947,0.2829,42809
1753547043822,16:24:03.822,1INCH/USDT:USDT,0.2827,36736,0.2826,57842,0.2828,5947,0.2829,56443
1753547044224,16:24:04.224,1INCH/USDT:USDT,0.2827,36736,0.2826,57842,0.2828,5947,0.2829,56443
1753547044321,16:24:04.321,1INCH/USDT:USDT,0.2827,36736,0.2826,57842,0.2828,5947,0.2829,42809
1753547044724,16:24:04.724,1INCH/USDT:USDT,0.2827,36736,0.2826,57842,0.2828,5947,0.2829,42809
1753547044822,16:24:04.822,1INCH/USDT:USDT,0.2827,36736,0.2826,57842,0.2828,5947,0.2829,42809
1753547045227,16:24:05.227,1INCH/USDT:USDT,0.2827,36736,0.2826,57842,0.2828,5947,0.2829,42809
1753547045323,16:24:05.323,1INCH/USDT:USDT,0.2827,36736,0.2826,57842,0.2828,5947,0.2829,42809
1753547045726,16:24:05.726,1INCH/USDT:USDT,0.2827,36736,0.2826,57842,0.2828,5947,0.2829,42809
1753547045824,16:24:05.824,1INCH/USDT:USDT,0.2827,36736,0.2826,76022,0.2828,5947,0.2829,57477
1753547046228,16:24:06.228,1INCH/USDT:USDT,0.2827,36736,0.2826,76022,0.2828,5947,0.2829,42809
1753547046325,16:24:06.325,1INCH/USDT:USDT,0.2827,36736,0.2826,57842,0.2828,5947,0.2829,42809
1753547046629,16:24:06.629,1INCH/USDT:USDT,0.2828,33284,0.2827,84382,0.2829,24732,0.283,69348
1753547046825,16:24:06.825,1INCH/USDT:USDT,0.2828,33284,0.2827,47646,0.2829,24732,0.283,69348
1753547047227,16:24:07.227,1INCH/USDT:USDT,0.2828,33284,0.2827,47646,0.2829,24732,0.283,69348
1753547047325,16:24:07.325,1INCH/USDT:USDT,0.2828,33284,0.2827,47646,0.2829,24732,0.283,69348
1753547047730,16:24:07.730,1INCH/USDT:USDT,0.2828,33284,0.2827,47646,0.2829,24732,0.283,69348
1753547047898,16:24:07.898,1INCH/USDT:USDT,0.2828,33284,0.2827,71923,0.2829,24732,0.283,79062
1753547048301,16:24:08.301,1INCH/USDT:USDT,0.2828,33284,0.2827,54103,0.2829,24732,0.283,79062
1753547048401,16:24:08.401,1INCH/USDT:USDT,0.2828,33284,0.2827,68036,0.2829,24732,0.283,69348
1753547048540,16:24:08.540,1INCH/USDT:USDT,0.2828,33284,0.2827,68036,0.2829,24732,0.283,69348
1753547048906,16:24:08.906,1INCH/USDT:USDT,0.2828,33284,0.2827,57800,0.2829,24732,0.283,102796
1753547049301,16:24:09.301,1INCH/USDT:USDT,0.2828,33284,0.2827,47646,0.2829,24732,0.283,102796
1753547049401,16:24:09.401,1INCH/USDT:USDT,0.2828,33284,0.2827,47646,0.2829,24732,0.283,96453
1753547049801,16:24:09.801,1INCH/USDT:USDT,0.2828,33284,0.2827,47646,0.2829,24732,0.283,96453
1753547049903,16:24:09.903,1INCH/USDT:USDT,0.2828,33284,0.2827,56367,0.2829,24732,0.283,69348
1753547050303,16:24:10.303,1INCH/USDT:USDT,0.2828,33284,0.2827,56367,0.2829,24732,0.283,69348
1753547050402,16:24:10.402,1INCH/USDT:USDT,0.2828,33284,0.2827,47646,0.2829,24732,0.283,84724
1753547050802,16:24:10.802,1INCH/USDT:USDT,0.2828,33284,0.2827,47646,0.2829,24732,0.283,84724
1753547050902,16:24:10.902,1INCH/USDT:USDT,0.2828,33284,0.2827,47646,0.2829,24732,0.283,69348
1753547051303,16:24:11.303,1INCH/USDT:USDT,0.2828,33284,0.2827,47646,0.2829,24732,0.283,69348
1753547051403,16:24:11.403,1INCH/USDT:USDT,0.2828,33284,0.2827,47646,0.2829,24732,0.283,69348
1753547051802,16:24:11.802,1INCH/USDT:USDT,0.2828,33284,0.2827,47646,0.2829,24732,0.283,69348
1753547051903,16:24:11.903,1INCH/USDT:USDT,0.2828,33284,0.2827,47646,0.2829,24732,0.283,69348
1753547052305,16:24:12.305,1INCH/USDT:USDT,0.2828,33284,0.2827,47646,0.2829,24732,0.283,69348
1753547052403,16:24:12.403,1INCH/USDT:USDT,0.2828,33284,0.2827,47646,0.2829,24732,0.283,69348
1753547052632,16:24:12.632,1INCH/USDT:USDT,0.2828,37136,0.2827,62187,0.2829,4102,0.283,92062
1753547052905,16:24:12.905,1INCH/USDT:USDT,0.2828,37136,0.2827,94884,0.2829,4102,0.283,130017
1753547053308,16:24:13.308,1INCH/USDT:USDT,0.2828,37136,0.2827,69484,0.2829,4102,0.283,130017
1753547053404,16:24:13.404,1INCH/USDT:USDT,0.2828,37136,0.2827,81707,0.2829,4102,0.283,117024
1753547053540,16:24:13.540,1INCH/USDT:USDT,0.2828,37136,0.2827,81707,0.2829,4102,0.283,117024
1753547053904,16:24:13.904,1INCH/USDT:USDT,0.2828,37136,0.2827,73324,0.2829,4102,0.283,114100
1753547054307,16:24:14.307,1INCH/USDT:USDT,0.2828,37136,0.2827,73324,0.2829,4102,0.283,114100
1753547054405,16:24:14.405,1INCH/USDT:USDT,0.2828,37136,0.2827,62187,0.2829,4102,0.283,92062
1753547054544,16:24:14.544,1INCH/USDT:USDT,0.2828,37136,0.2827,62187,0.2829,4102,0.283,92062
1753547054906,16:24:14.906,1INCH/USDT:USDT,0.2828,37136,0.2827,62187,0.2829,4102,0.283,92062
1753547055308,16:24:15.308,1INCH/USDT:USDT,0.2828,37136,0.2827,62187,0.2829,4102,0.283,92062
1753547055405,16:24:15.405,1INCH/USDT:USDT,0.2828,37136,0.2827,88199,0.2829,4102,0.283,92062
1753547055807,16:24:15.807,1INCH/USDT:USDT,0.2828,37136,0.2827,88199,0.2829,4102,0.283,92062
1753547055910,16:24:15.910,1INCH/USDT:USDT,0.2828,37136,0.2827,75756,0.2829,4102,0.283,92062
1753547056310,16:24:16.310,1INCH/USDT:USDT,0.2828,37136,0.2827,75756,0.2829,4102,0.283,92062
1753547056406,16:24:16.406,1INCH/USDT:USDT,0.2828,37136,0.2827,62187,0.2829,4102,0.283,92062
1753547056808,16:24:16.808,1INCH/USDT:USDT,0.2828,37136,0.2827,62187,0.2829,4102,0.283,92062
1753547056906,16:24:16.906,1INCH/USDT:USDT,0.2828,37136,0.2827,62187,0.2829,4102,0.283,92062
1753547057309,16:24:17.309,1INCH/USDT:USDT,0.2828,37136,0.2827,62187,0.2829,4102,0.283,92062
1753547057406,16:24:17.406,1INCH/USDT:USDT,0.2828,37136,0.2827,71702,0.2829,4102,0.283,109827
1753547057809,16:24:17.809,1INCH/USDT:USDT,0.2828,37136,0.2827,71702,0.2829,4102,0.283,109827
1753547057907,16:24:17.907,1INCH/USDT:USDT,0.2828,37136,0.2827,62187,0.2829,4102,0.283,92062
1753547058310,16:24:18.310,1INCH/USDT:USDT,0.2828,37136,0.2827,62187,0.2829,4102,0.283,92062
1753547058406,16:24:18.406,1INCH/USDT:USDT,0.2828,37136,0.2827,62187,0.2829,4102,0.283,92062
1753547058632,16:24:18.632,1INCH/USDT:USDT,0.2828,30317,0.2827,55758,0.2829,10199,0.283,94178
1753547058907,16:24:18.907,1INCH/USDT:USDT,0.2828,30317,0.2827,55758,0.2829,10199,0.283,140108
1753547059310,16:24:19.310,1INCH/USDT:USDT,0.2828,30317,0.2827,55758,0.2829,10199,0.283,140108
1753547059406,16:24:19.406,1INCH/USDT:USDT,0.2828,30317,0.2827,55758,0.2829,10199,0.283,94178
1753547059543,16:24:19.543,1INCH/USDT:USDT,0.2828,30317,0.2827,55758,0.2829,10199,0.283,94178
1753547059908,16:24:19.908,1INCH/USDT:USDT,0.2828,30317,0.2827,77689,0.2829,10199,0.283,94178
1753547060310,16:24:20.310,1INCH/USDT:USDT,0.2828,30317,0.2827,77689,0.2829,10199,0.283,94178
1753547060407,16:24:20.407,1INCH/USDT:USDT,0.2828,30317,0.2827,69311,0.2829,10199,0.283,94178
1753547060546,16:24:20.546,1INCH/USDT:USDT,0.2828,30317,0.2827,69311,0.2829,10199,0.283,94178
1753547060908,16:24:20.908,1INCH/USDT:USDT,0.2828,30317,0.2827,55758,0.2829,10199,0.283,94178
1753547061311,16:24:21.311,1INCH/USDT:USDT,0.2828,30317,0.2827,55758,0.2829,10199,0.283,94178
1753547061407,16:24:21.407,1INCH/USDT:USDT,0.2828,30317,0.2827,55758,0.2829,10199,0.283,132261
1753547061810,16:24:21.810,1INCH/USDT:USDT,0.2828,30317,0.2827,55758,0.2829,10199,0.283,132261
1753547061908,16:24:21.908,1INCH/USDT:USDT,0.2828,30317,0.2827,68664,0.2829,10199,0.283,94178
1753547062312,16:24:22.312,1INCH/USDT:USDT,0.2828,30317,0.2827,68664,0.2829,10199,0.283,94178
1753547062407,16:24:22.407,1INCH/USDT:USDT,0.2828,30317,0.2827,55758,0.2829,10199,0.283,94178
1753547062810,16:24:22.810,1INCH/USDT:USDT,0.2828,30317,0.2827,55758,0.2829,10199,0.283,94178
1753547062908,16:24:22.908,1INCH/USDT:USDT,0.2828,30317,0.2827,55758,0.2829,10199,0.283,139563
1753547063311,16:24:23.311,1INCH/USDT:USDT,0.2828,30317,0.2827,55758,0.2829,10199,0.283,139563
1753547063410,16:24:23.410,1INCH/USDT:USDT,0.2828,30317,0.2827,71599,0.2829,10199,0.283,94178
1753547063810,16:24:23.810,1INCH/USDT:USDT,0.2828,30317,0.2827,55758,0.2829,10199,0.283,94178
1753547063911,16:24:23.911,1INCH/USDT:USDT,0.2828,30317,0.2827,55758,0.2829,10199,0.283,94178
1753547064316,16:24:24.316,1INCH/USDT:USDT,0.2828,30317,0.2827,55758,0.2829,10199,0.283,94178
1753547064411,16:24:24.411,1INCH/USDT:USDT,0.2828,30317,0.2827,69965,0.2829,10199,0.283,109702
1753547064634,16:24:24.634,1INCH/USDT:USDT,0.2828,19405,0.2827,58731,0.2829,12215,0.283,64507
1753547064911,16:24:24.911,1INCH/USDT:USDT,0.2828,19405,0.2827,85379,0.2829,12215,0.283,85426
1753547065316,16:24:25.316,1INCH/USDT:USDT,0.2828,19405,0.2827,58731,0.2829,12215,0.283,85426
1753547065411,16:24:25.411,1INCH/USDT:USDT,0.2828,19405,0.2827,58731,0.2829,12215,0.283,82636
1753547065594,16:24:25.594,1INCH/USDT:USDT,0.2828,19405,0.2827,58731,0.2829,12215,0.283,82636
1753547065913,16:24:25.913,1INCH/USDT:USDT,0.2828,19405,0.2827,58731,0.2829,12215,0.283,64507
1753547066313,16:24:26.313,1INCH/USDT:USDT,0.2828,19405,0.2827,58731,0.2829,12215,0.283,64507
1753547066411,16:24:26.411,1INCH/USDT:USDT,0.2828,19405,0.2827,87216,0.2829,12215,0.283,64507
1753547066813,16:24:26.813,1INCH/USDT:USDT,0.2828,19405,0.2827,58731,0.2829,12215,0.283,64507
1753547066921,16:24:26.921,1INCH/USDT:USDT,0.2828,19405,0.2827,74708,0.2829,12215,0.283,94973
1753547067312,16:24:27.312,1INCH/USDT:USDT,0.2828,19405,0.2827,74708,0.2829,12215,0.283,94973
1753547067412,16:24:27.412,1INCH/USDT:USDT,0.2828,19405,0.2827,58731,0.2829,12215,0.283,64507
1753547067811,16:24:27.811,1INCH/USDT:USDT,0.2828,19405,0.2827,58731,0.2829,12215,0.283,64507
1753547067912,16:24:27.912,1INCH/USDT:USDT,0.2828,19405,0.2827,58731,0.2829,12215,0.283,64507
1753547068315,16:24:28.315,1INCH/USDT:USDT,0.2828,19405,0.2827,58731,0.2829,12215,0.283,64507
1753547068412,16:24:28.412,1INCH/USDT:USDT,0.2828,19405,0.2827,71843,0.2829,12215,0.283,64507
1753547068814,16:24:28.814,1INCH/USDT:USDT,0.2828,19405,0.2827,71843,0.2829,12215,0.283,64507
1753547068912,16:24:28.912,1INCH/USDT:USDT,0.2828,19405,0.2827,77378,0.2829,12215,0.283,64507
1753547069314,16:24:29.314,1INCH/USDT:USDT,0.2828,19405,0.2827,58731,0.2829,12215,0.283,64507
1753547069412,16:24:29.412,1INCH/USDT:USDT,0.2828,19405,0.2827,58731,0.2829,12215,0.283,64507
1753547069813,16:24:29.813,1INCH/USDT:USDT,0.2828,19405,0.2827,58731,0.2829,12215,0.283,64507
1753547069913,16:24:29.913,1INCH/USDT:USDT,0.2828,19405,0.2827,58731,0.2829,12215,0.283,64507
1753547070314,16:24:30.314,1INCH/USDT:USDT,0.2828,19405,0.2827,58731,0.2829,12215,0.283,64507
1753547070412,16:24:30.412,1INCH/USDT:USDT,0.2828,19405,0.2827,58731,0.2829,12215,0.283,105087
1753547070635,16:24:30.635,1INCH/USDT:USDT,0.2828,27335,0.2827,45313,0.2829,10621,0.283,67180
1753547070912,16:24:30.912,1INCH/USDT:USDT,0.2828,27335,0.2827,86146,0.2829,10621,0.283,95102
1753547071313,16:24:31.313,1INCH/USDT:USDT,0.2828,27335,0.2827,67388,0.2829,10621,0.283,95102
1753547071412,16:24:31.412,1INCH/USDT:USDT,0.2828,27335,0.2827,56014,0.2829,10621,0.283,67180
1753547071680,16:24:31.680,1INCH/USDT:USDT,0.2828,27335,0.2827,56014,0.2829,10621,0.283,67180
1753547071912,16:24:31.912,1INCH/USDT:USDT,0.2828,27335,0.2827,66372,0.2829,10621,0.283,81597
1753547072315,16:24:32.315,1INCH/USDT:USDT,0.2828,27335,0.2827,45313,0.2829,10621,0.283,81597
1753547072414,16:24:32.414,1INCH/USDT:USDT,0.2828,27335,0.2827,64723,0.2829,10621,0.283,67180
1753547072814,16:24:32.814,1INCH/USDT:USDT,0.2828,27335,0.2827,45313,0.2829,10621,0.283,67180
1753547072914,16:24:32.914,1INCH/USDT:USDT,0.2828,27335,0.2827,45313,0.2829,10621,0.283,67180
1753547073317,16:24:33.317,1INCH/USDT:USDT,0.2828,27335,0.2827,45313,0.2829,10621,0.283,67180
1753547073414,16:24:33.414,1INCH/USDT:USDT,0.2828,27335,0.2827,45313,0.2829,10621,0.283,67180
1753547073816,16:24:33.816,1INCH/USDT:USDT,0.2828,27335,0.2827,45313,0.2829,10621,0.283,67180
1753547073914,16:24:33.914,1INCH/USDT:USDT,0.2828,27335,0.2827,64336,0.2829,10621,0.283,91981
1753547074317,16:24:34.317,1INCH/USDT:USDT,0.2828,27335,0.2827,45313,0.2829,10621,0.283,91981
1753547074413,16:24:34.413,1INCH/USDT:USDT,0.2828,27335,0.2827,45313,0.2829,10621,0.283,67180
1753547074815,16:24:34.815,1INCH/USDT:USDT,0.2828,27335,0.2827,45313,0.2829,10621,0.283,67180
1753547074916,16:24:34.916,1INCH/USDT:USDT,0.2828,27335,0.2827,61918,0.2829,10621,0.283,85938
1753547075318,16:24:35.318,1INCH/USDT:USDT,0.2828,27335,0.2827,45313,0.2829,10621,0.283,85938
1753547075519,16:24:35.519,1INCH/USDT:USDT,0.2828,27335,0.2827,45313,0.2831,110736,0.2832,72340
1753547075526,16:24:35.526,1INCH/USDT:USDT,0.283,34644,0.2829,51064,0.2831,110736,0.2832,72340
1753547075915,16:24:35.915,1INCH/USDT:USDT,0.283,34644,0.2829,60986,0.2831,110736,0.2832,88659
1753547076316,16:24:36.316,1INCH/USDT:USDT,0.283,34644,0.2829,51064,0.2831,110736,0.2832,88659
1753547076415,16:24:36.415,1INCH/USDT:USDT,0.283,34644,0.2829,51064,0.2831,110736,0.2832,89659
1753547076817,16:24:36.817,1INCH/USDT:USDT,0.283,34644,0.2829,51064,0.2831,110736,0.2832,89659
1753547076915,16:24:36.915,1INCH/USDT:USDT,0.283,34644,0.2829,62133,0.2831,110736,0.2832,72340
1753547077318,16:24:37.318,1INCH/USDT:USDT,0.283,34644,0.2829,62133,0.2831,110736,0.2832,72340
1753547077415,16:24:37.415,1INCH/USDT:USDT,0.283,34644,0.2829,51064,0.2831,110736,0.2832,93141
1753547077596,16:24:37.596,1INCH/USDT:USDT,0.283,34644,0.2829,51064,0.2831,110736,0.2832,93141
1753547077915,16:24:37.915,1INCH/USDT:USDT,0.283,34644,0.2829,51064,0.2831,110736,0.2832,72340
1753547078318,16:24:38.318,1INCH/USDT:USDT,0.283,34644,0.2829,51064,0.2831,110736,0.2832,72340
1753547078415,16:24:38.415,1INCH/USDT:USDT,0.283,34644,0.2829,51064,0.2831,110736,0.2832,72340
1753547078818,16:24:38.818,1INCH/USDT:USDT,0.283,34644,0.2829,51064,0.2831,110736,0.2832,72340
1753547078916,16:24:38.916,1INCH/USDT:USDT,0.283,34644,0.2829,51064,0.2831,110736,0.2832,72340
1753547079324,16:24:39.324,1INCH/USDT:USDT,0.283,34644,0.2829,51064,0.2831,110736,0.2832,72340
1753547079415,16:24:39.415,1INCH/USDT:USDT,0.283,34644,0.2829,62604,0.2831,110736,0.2832,72340
1753547079817,16:24:39.817,1INCH/USDT:USDT,0.283,34644,0.2829,62604,0.2831,110736,0.2832,72340
1753547079917,16:24:39.917,1INCH/USDT:USDT,0.283,34644,0.2829,51064,0.2831,110736,0.2832,78560
1753547080320,16:24:40.320,1INCH/USDT:USDT,0.283,34644,0.2829,51064,0.2831,110736,0.2832,78560
1753547080417,16:24:40.417,1INCH/USDT:USDT,0.283,34644,0.2829,51064,0.2831,110736,0.2832,72340
1753547080641,16:24:40.641,1INCH/USDT:USDT,0.283,24783,0.2829,66926,0.2831,16044,0.2832,38909
1753547081107,16:24:41.107,1INCH/USDT:USDT,0.283,24783,0.2829,66926,0.2831,8980,0.2832,38909
1753547081319,16:24:41.319,1INCH/USDT:USDT,0.283,24783,0.2829,66926,0.2831,8980,0.2832,38909
1753547081417,16:24:41.417,1INCH/USDT:USDT,0.283,24783,0.2829,83512,0.2831,8980,0.2832,38909
1753547081818,16:24:41.818,1INCH/USDT:USDT,0.283,24783,0.2829,83512,0.2831,8980,0.2832,38909
1753547081916,16:24:41.916,1INCH/USDT:USDT,0.283,24783,0.2829,66926,0.2831,8980,0.2832,38909
1753547082320,16:24:42.320,1INCH/USDT:USDT,0.283,24783,0.2829,66926,0.2831,8980,0.2832,38909
1753547082416,16:24:42.416,1INCH/USDT:USDT,0.283,24783,0.2829,79651,0.2831,8980,0.2832,38909
1753547082818,16:24:42.818,1INCH/USDT:USDT,0.283,24783,0.2829,79651,0.2831,8980,0.2832,38909
1753547082916,16:24:42.916,1INCH/USDT:USDT,0.283,24783,0.2829,66926,0.2831,8980,0.2832,38909
1753547083318,16:24:43.318,1INCH/USDT:USDT,0.283,24783,0.2829,66926,0.2831,8980,0.2832,38909
1753547083417,16:24:43.417,1INCH/USDT:USDT,0.283,24783,0.2829,66926,0.2831,8980,0.2832,38909
1753547083601,16:24:43.601,1INCH/USDT:USDT,0.283,24783,0.2829,66926,0.2831,8980,0.2832,38909
1753547083915,16:24:43.915,1INCH/USDT:USDT,0.283,24783,0.2829,66926,0.2831,8980,0.2832,38909
1753547084319,16:24:44.319,1INCH/USDT:USDT,0.283,24783,0.2829,66926,0.2831,8980,0.2832,38909
1753547084416,16:24:44.416,1INCH/USDT:USDT,0.283,24783,0.2829,66926,0.2831,8980,0.2832,62637
1753547084827,16:24:44.827,1INCH/USDT:USDT,0.283,24783,0.2829,66926,0.2831,8980,0.2832,62637
1753547084918,16:24:44.918,1INCH/USDT:USDT,0.283,24783,0.2829,66926,0.2831,8980,0.2832,48037
1753547085319,16:24:45.319,1INCH/USDT:USDT,0.283,24783,0.2829,66926,0.2831,8980,0.2832,48037
1753547085415,16:24:45.415,1INCH/USDT:USDT,0.283,24783,0.2829,81067,0.2831,8980,0.2832,50366
1753547085819,16:24:45.819,1INCH/USDT:USDT,0.283,24783,0.2829,81067,0.2831,8980,0.2832,50366
1753547086012,16:24:46.012,1INCH/USDT:USDT,0.283,24783,0.2829,66926,0.2831,8931,0.2832,38909
1753547086325,16:24:46.325,1INCH/USDT:USDT,0.283,24783,0.2829,66926,0.2831,8931,0.2832,38909
1753547086421,16:24:46.421,1INCH/USDT:USDT,0.283,24783,0.2829,89314,0.2831,8931,0.2832,43138
1753547086644,16:24:46.644,1INCH/USDT:USDT,0.283,23463,0.2829,48516,0.2831,2808,0.2832,59397
1753547086918,16:24:46.918,1INCH/USDT:USDT,0.283,23463,0.2829,48516,0.2831,2808,0.2832,59397
1753547087321,16:24:47.321,1INCH/USDT:USDT,0.283,23463,0.2829,48516,0.2831,2808,0.2832,59397
1753547087419,16:24:47.419,1INCH/USDT:USDT,0.283,23463,0.2829,58872,0.2831,2808,0.2832,59397
1753547087822,16:24:47.822,1INCH/USDT:USDT,0.283,23463,0.2829,58872,0.2831,2808,0.2832,59397
1753547087919,16:24:47.919,1INCH/USDT:USDT,0.283,23463,0.2829,72685,0.2831,2808,0.2832,59397
1753547088321,16:24:48.321,1INCH/USDT:USDT,0.283,23463,0.2829,72685,0.2831,2808,0.2832,59397
1753547088419,16:24:48.419,1INCH/USDT:USDT,0.283,23463,0.2829,48516,0.2831,2808,0.2832,70371
1753547088750,16:24:48.750,1INCH/USDT:USDT,0.283,21304,0.2829,48516,0.2831,2808,0.2832,70371
1753547088918,16:24:48.918,1INCH/USDT:USDT,0.283,21304,0.2829,62310,0.2831,2808,0.2832,69450
1753547089320,16:24:49.320,1INCH/USDT:USDT,0.283,21304,0.2829,48516,0.2831,2808,0.2832,69450
1753547089420,16:24:49.420,1INCH/USDT:USDT,0.283,21304,0.2829,67123,0.2831,2808,0.2832,84297
1753547089608,16:24:49.608,1INCH/USDT:USDT,0.283,21304,0.2829,67123,0.2831,2808,0.2832,84297
1753547089921,16:24:49.921,1INCH/USDT:USDT,0.283,21304,0.2829,58651,0.2831,2808,0.2832,59397
1753547090324,16:24:50.324,1INCH/USDT:USDT,0.283,21304,0.2829,58651,0.2831,2808,0.2832,59397
1753547090421,16:24:50.421,1INCH/USDT:USDT,0.283,21304,0.2829,48516,0.2831,2808,0.2832,59397
1753547090824,16:24:50.824,1INCH/USDT:USDT,0.283,21304,0.2829,48516,0.2831,2808,0.2832,59397
1753547090924,16:24:50.924,1INCH/USDT:USDT,0.283,21304,0.2829,90056,0.2831,2808,0.2832,59397
1753547091324,16:24:51.324,1INCH/USDT:USDT,0.283,21304,0.2829,90056,0.2831,2808,0.2832,59397
1753547091424,16:24:51.424,1INCH/USDT:USDT,0.283,21304,0.2829,48516,0.2831,2808,0.2832,59397
1753547091824,16:24:51.824,1INCH/USDT:USDT,0.283,21304,0.2829,48516,0.2831,2808,0.2832,59397
1753547091924,16:24:51.924,1INCH/USDT:USDT,0.283,21304,0.2829,60479,0.2831,2808,0.2832,59397
1753547092326,16:24:52.326,1INCH/USDT:USDT,0.283,21304,0.2829,48516,0.2831,2808,0.2832,59397
1753547092422,16:24:52.422,1INCH/USDT:USDT,0.283,21304,0.2829,48516,0.2831,2808,0.2832,74245
1753547092646,16:24:52.646,1INCH/USDT:USDT,0.283,30289,0.2829,39543,0.2831,9156,0.2832,78439
1753547092926,16:24:52.926,1INCH/USDT:USDT,0.283,30289,0.2829,56709,0.2831,9156,0.2832,78439
1753547093327,16:24:53.327,1INCH/USDT:USDT,0.283,30289,0.2829,39543,0.2831,9156,0.2832,78439
1753547093425,16:24:53.425,1INCH/USDT:USDT,0.283,30289,0.2829,39543,0.2831,9156,0.2832,78439
1753547093825,16:24:53.825,1INCH/USDT:USDT,0.283,30289,0.2829,39543,0.2831,9156,0.2832,78439
1753547093924,16:24:53.924,1INCH/USDT:USDT,0.283,30289,0.2829,48448,0.2831,9156,0.2832,78439
1753547094327,16:24:54.327,1INCH/USDT:USDT,0.283,30289,0.2829,48448,0.2831,9156,0.2832,78439
1753547094426,16:24:54.426,1INCH/USDT:USDT,0.283,30289,0.2829,56433,0.2831,9156,0.2832,118635
1753547094827,16:24:54.827,1INCH/USDT:USDT,0.283,30289,0.2829,56433,0.2831,9156,0.2832,98161
1753547094925,16:24:54.925,1INCH/USDT:USDT,0.283,30289,0.2829,54335,0.2831,9156,0.2832,78439
1753547095327,16:24:55.327,1INCH/USDT:USDT,0.283,30289,0.2829,54335,0.2831,9156,0.2832,78439
1753547095426,16:24:55.426,1INCH/USDT:USDT,0.283,30289,0.2829,48293,0.2831,9156,0.2832,78439
1753547095610,16:24:55.610,1INCH/USDT:USDT,0.283,30289,0.2829,48293,0.2831,9156,0.2832,78439
1753547095927,16:24:55.927,1INCH/USDT:USDT,0.283,30289,0.2829,39543,0.2831,9156,0.2832,108299
1753547096327,16:24:56.327,1INCH/USDT:USDT,0.283,30289,0.2829,39543,0.2831,9156,0.2832,108299
1753547096425,16:24:56.425,1INCH/USDT:USDT,0.283,30289,0.2829,39543,0.2831,9156,0.2832,78439
1753547096829,16:24:56.829,1INCH/USDT:USDT,0.283,30289,0.2829,39543,0.2831,9156,0.2832,78439
1753547096926,16:24:56.926,1INCH/USDT:USDT,0.283,30289,0.2829,39543,0.2831,9156,0.2832,78439
1753547097329,16:24:57.329,1INCH/USDT:USDT,0.283,30289,0.2829,39543,0.2831,9156,0.2832,78439
1753547097429,16:24:57.429,1INCH/USDT:USDT,0.283,30289,0.2829,43863,0.2831,9156,0.2832,78439
1753547097829,16:24:57.829,1INCH/USDT:USDT,0.283,30289,0.2829,43863,0.2831,9156,0.2832,78439
1753547097928,16:24:57.928,1INCH/USDT:USDT,0.283,30289,0.2829,39543,0.2831,9156,0.2832,78439
1753547098329,16:24:58.329,1INCH/USDT:USDT,0.283,30289,0.2829,39543,0.2831,9156,0.2832,78439
1753547098433,16:24:58.433,1INCH/USDT:USDT,0.283,30289,0.2829,56403,0.2831,9156,0.2832,100463
1753547098651,16:24:58.651,1INCH/USDT:USDT,0.283,25322,0.2829,48957,0.2831,17909,0.2832,80689
1753547098926,16:24:58.926,1INCH/USDT:USDT,0.283,25322,0.2829,48957,0.2831,17909,0.2832,80689
1753547099330,16:24:59.330,1INCH/USDT:USDT,0.283,25322,0.2829,48957,0.2831,17909,0.2832,80689
1753547099426,16:24:59.426,1INCH/USDT:USDT,0.283,25322,0.2829,70222,0.2831,17909,0.2832,80689
1753547099831,16:24:59.831,1INCH/USDT:USDT,0.283,25322,0.2829,70222,0.2831,17909,0.2832,80689
1753547099927,16:24:59.927,1INCH/USDT:USDT,0.283,25322,0.2829,48957,0.2831,17909,0.2832,93432
1753547100330,16:25:00.330,1INCH/USDT:USDT,0.283,25322,0.2829,48957,0.2831,17909,0.2832,93432
1753547100429,16:25:00.429,1INCH/USDT:USDT,0.283,25322,0.2829,76470,0.2831,17909,0.2832,80689
1753547100830,16:25:00.830,1INCH/USDT:USDT,0.283,25322,0.2829,62020,0.2831,17909,0.2832,80689
1753547100928,16:25:00.928,1INCH/USDT:USDT,0.283,25322,0.2829,60015,0.2831,17909,0.2832,80689
1753547101330,16:25:01.330,1INCH/USDT:USDT,0.283,25322,0.2829,60015,0.2831,17909,0.2832,80689
1753547101429,16:25:01.429,1INCH/USDT:USDT,0.283,25322,0.2829,64373,0.2831,17909,0.2832,112775
1753547101611,16:25:01.611,1INCH/USDT:USDT,0.283,25322,0.2829,64373,0.2831,17909,0.2832,112775
1753547101928,16:25:01.928,1INCH/USDT:USDT,0.283,25322,0.2829,48957,0.2831,17909,0.2832,116085
1753547102331,16:25:02.331,1INCH/USDT:USDT,0.283,25322,0.2829,48957,0.2831,17909,0.2832,116085
1753547102429,16:25:02.429,1INCH/USDT:USDT,0.283,25322,0.2829,48957,0.2831,17909,0.2832,119008
1753547102830,16:25:02.830,1INCH/USDT:USDT,0.283,25322,0.2829,48957,0.2831,17909,0.2832,119008
1753547102928,16:25:02.928,1INCH/USDT:USDT,0.283,25322,0.2829,48957,0.2831,17909,0.2832,80689
1753547103335,16:25:03.335,1INCH/USDT:USDT,0.283,25322,0.2829,48957,0.2831,17909,0.2832,80689
1753547103431,16:25:03.431,1INCH/USDT:USDT,0.283,25322,0.2829,48957,0.2831,17909,0.2832,80689
1753547103830,16:25:03.830,1INCH/USDT:USDT,0.283,25322,0.2829,48957,0.2831,17909,0.2832,80689
1753547103929,16:25:03.929,1INCH/USDT:USDT,0.283,25322,0.2829,48957,0.2831,17909,0.2832,80689
1753547104331,16:25:04.331,1INCH/USDT:USDT,0.283,25322,0.2829,48957,0.2831,17909,0.2832,80689
1753547104442,16:25:04.442,1INCH/USDT:USDT,0.283,25322,0.2829,48957,0.2831,17909,0.2832,80689
1753547104653,16:25:04.653,1INCH/USDT:USDT,0.283,27483,0.2829,43864,0.2831,9207,0.2832,47553
1753547104930,16:25:04.930,1INCH/USDT:USDT,0.283,27483,0.2829,60704,0.2831,9207,0.2832,47553
1753547105331,16:25:05.331,1INCH/USDT:USDT,0.283,27483,0.2829,43864,0.2831,9207,0.2832,47553
1753547105429,16:25:05.429,1INCH/USDT:USDT,0.283,27483,0.2829,64674,0.2831,9207,0.2832,47553
1753547105832,16:25:05.832,1INCH/USDT:USDT,0.283,27483,0.2829,43864,0.2831,9207,0.2832,47553
1753547105930,16:25:05.930,1INCH/USDT:USDT,0.283,27483,0.2829,43864,0.2831,9207,0.2832,47553
1753547106291,16:25:06.291,1INCH/USDT:USDT,0.283,27483,0.2829,43864,0.2831,9207,0.2832,47553
1753547106431,16:25:06.431,1INCH/USDT:USDT,0.2828,65617,0.2827,59056,0.2829,36235,0.283,54705
1753547106832,16:25:06.832,1INCH/USDT:USDT,0.2828,65617,0.2827,50884,0.2829,36235,0.283,54705
1753547106930,16:25:06.930,1INCH/USDT:USDT,0.2828,65617,0.2827,50884,0.2829,36235,0.283,88434
1753547107337,16:25:07.337,1INCH/USDT:USDT,0.2828,65617,0.2827,50884,0.2829,36235,0.283,88434
1753547107430,16:25:07.430,1INCH/USDT:USDT,0.2828,65617,0.2827,50884,0.2829,36235,0.283,62768
1753547107619,16:25:07.619,1INCH/USDT:USDT,0.2828,65617,0.2827,50884,0.2829,36235,0.283,62768
1753547107931,16:25:07.931,1INCH/USDT:USDT,0.2828,65617,0.2827,50884,0.2829,36235,0.283,54705
1753547108330,16:25:08.330,1INCH/USDT:USDT,0.2828,65617,0.2827,50884,0.2829,36235,0.283,54705
1753547108431,16:25:08.431,1INCH/USDT:USDT,0.2828,65617,0.2827,50884,0.2829,36235,0.283,54705
1753547108832,16:25:08.832,1INCH/USDT:USDT,0.2828,65617,0.2827,50884,0.2829,36235,0.283,54705
1753547108932,16:25:08.932,1INCH/USDT:USDT,0.2828,65617,0.2827,67117,0.2829,36235,0.283,78013
1753547109333,16:25:09.333,1INCH/USDT:USDT,0.2828,65617,0.2827,67117,0.2829,36235,0.283,54705
1753547109432,16:25:09.432,1INCH/USDT:USDT,0.2828,65617,0.2827,50884,0.2829,36235,0.283,54705
1753547109835,16:25:09.835,1INCH/USDT:USDT,0.2828,65617,0.2827,50884,0.2829,36235,0.283,54705
1753547109932,16:25:09.932,1INCH/USDT:USDT,0.2828,65617,0.2827,62986,0.2829,36235,0.283,62535
1753547110335,16:25:10.335,1INCH/USDT:USDT,0.2828,65617,0.2827,62986,0.2829,36235,0.283,54705
1753547110435,16:25:10.435,1INCH/USDT:USDT,0.2828,65617,0.2827,50884,0.2829,36235,0.283,54705
1753547110834,16:25:10.834,1INCH/USDT:USDT,0.2828,65617,0.2827,50884,0.2829,36235,0.283,54705
1753547110932,16:25:10.932,1INCH/USDT:USDT,0.2828,65617,0.2827,67427,0.2829,36235,0.283,54705
1753547111334,16:25:11.334,1INCH/USDT:USDT,0.2828,65617,0.2827,67427,0.2829,36235,0.283,54705
1753547111440,16:25:11.440,1INCH/USDT:USDT,0.2828,65617,0.2827,50884,0.2829,36235,0.283,78414
1753547111653,16:25:11.653,1INCH/USDT:USDT,0.2827,35638,0.2826,38761,0.2828,841,0.2829,51691
1753547111934,16:25:11.934,1INCH/USDT:USDT,0.2827,35638,0.2826,38761,0.2828,841,0.2829,51691
1753547112434,16:25:12.434,1INCH/USDT:USDT,0.2827,35638,0.2826,38761,0.2828,841,0.2829,60562
1753547112435,16:25:12.435,1INCH/USDT:USDT,0.2827,35638,0.2826,38761,0.2828,841,0.2829,60562
1753547112835,16:25:12.835,1INCH/USDT:USDT,0.2827,35638,0.2826,38761,0.2828,841,0.2829,60562
1753547112939,16:25:12.939,1INCH/USDT:USDT,0.2827,35638,0.2826,48886,0.2828,841,0.2829,77405
1753547113345,16:25:13.345,1INCH/USDT:USDT,0.2827,35638,0.2826,38761,0.2828,841,0.2829,77405
1753547113544,16:25:13.544,1INCH/USDT:USDT,0.2827,35638,0.2826,38761,0.2828,841,0.2829,51691
1753547113625,16:25:13.625,1INCH/USDT:USDT,0.2827,35638,0.2826,38761,0.2828,841,0.2829,51691
1753547113936,16:25:13.936,1INCH/USDT:USDT,0.2827,35638,0.2826,38761,0.2828,841,0.2829,51691
1753547114338,16:25:14.338,1INCH/USDT:USDT,0.2827,35638,0.2826,38761,0.2828,841,0.2829,51691
1753547114437,16:25:14.437,1INCH/USDT:USDT,0.2827,35638,0.2826,49898,0.2828,841,0.2829,58653
1753547114839,16:25:14.839,1INCH/USDT:USDT,0.2827,35638,0.2826,49898,0.2828,841,0.2829,58653
1753547114937,16:25:14.937,1INCH/USDT:USDT,0.2827,35638,0.2826,57985,0.2828,841,0.2829,63845
1753547115345,16:25:15.345,1INCH/USDT:USDT,0.2827,35638,0.2826,57985,0.2828,841,0.2829,63845
1753547115437,16:25:15.437,1INCH/USDT:USDT,0.2827,35638,0.2826,38761,0.2828,841,0.2829,51691
1753547115840,16:25:15.840,1INCH/USDT:USDT,0.2827,35638,0.2826,38761,0.2828,841,0.2829,51691
1753547115937,16:25:15.937,1INCH/USDT:USDT,0.2827,35638,0.2826,43789,0.2828,841,0.2829,51691
1753547116339,16:25:16.339,1INCH/USDT:USDT,0.2827,35638,0.2826,38761,0.2828,841,0.2829,51691
1753547116438,16:25:16.438,1INCH/USDT:USDT,0.2827,35638,0.2826,38761,0.2828,841,0.2829,64002
1753547116839,16:25:16.839,1INCH/USDT:USDT,0.2827,35638,0.2826,38761,0.2828,841,0.2829,64002
1753547116951,16:25:16.951,1INCH/USDT:USDT,0.2827,35638,0.2826,38761,0.2828,841,0.2829,51691
1753547117340,16:25:17.340,1INCH/USDT:USDT,0.2827,35638,0.2826,38761,0.2828,841,0.2829,51691
1753547117438,16:25:17.438,1INCH/USDT:USDT,0.2827,35638,0.2826,57819,0.2828,841,0.2829,51691
1753547117655,16:25:17.655,1INCH/USDT:USDT,0.2827,5495,0.2826,53709,0.2828,27718,0.2829,60543
1753547117961,16:25:17.961,1INCH/USDT:USDT,0.2827,5495,0.2826,53709,0.2828,27718,0.2829,91666
1753547118344,16:25:18.344,1INCH/USDT:USDT,0.2827,5495,0.2826,53709,0.2828,27718,0.2829,91666
1753547118438,16:25:18.438,1INCH/USDT:USDT,0.2827,5495,0.2826,61145,0.2828,27718,0.2829,86757
1753547118841,16:25:18.841,1INCH/USDT:USDT,0.2827,5495,0.2826,61145,0.2828,27718,0.2829,60543
1753547118937,16:25:18.937,1INCH/USDT:USDT,0.2827,5495,0.2826,53709,0.2828,27718,0.2829,60543
1753547119340,16:25:19.340,1INCH/USDT:USDT,0.2827,5495,0.2826,53709,0.2828,27718,0.2829,60543
1753547119542,16:25:19.542,1INCH/USDT:USDT,0.2827,5495,0.2826,61694,0.2828,27718,0.2829,79904
1753547119623,16:25:19.623,1INCH/USDT:USDT,0.2827,5495,0.2826,61694,0.2828,27718,0.2829,79904
1753547119974,16:25:19.974,1INCH/USDT:USDT,0.2827,5495,0.2826,53709,0.2828,27718,0.2829,126404
1753547120295,16:25:20.295,1INCH/USDT:USDT,0.2827,5495,0.2826,53709,0.2828,23392,0.2829,126404
1753547120438,16:25:20.438,1INCH/USDT:USDT,0.2827,5495,0.2826,74325,0.2828,23392,0.2829,74686
1753547120840,16:25:20.840,1INCH/USDT:USDT,0.2827,5495,0.2826,74325,0.2828,23392,0.2829,74686
1753547120938,16:25:20.938,1INCH/USDT:USDT,0.2827,5495,0.2826,80486,0.2828,23392,0.2829,74686
1753547121341,16:25:21.341,1INCH/USDT:USDT,0.2827,5495,0.2826,80486,0.2828,23392,0.2829,74686
1753547121437,16:25:21.437,1INCH/USDT:USDT,0.2827,5495,0.2826,53709,0.2828,23392,0.2829,74686
1753547121840,16:25:21.840,1INCH/USDT:USDT,0.2827,5495,0.2826,53709,0.2828,23392,0.2829,74686
1753547121938,16:25:21.938,1INCH/USDT:USDT,0.2827,5495,0.2826,70345,0.2828,23392,0.2829,97741
1753547122340,16:25:22.340,1INCH/USDT:USDT,0.2827,5495,0.2826,70345,0.2828,23392,0.2829,97741
1753547122439,16:25:22.439,1INCH/USDT:USDT,0.2827,5495,0.2826,88707,0.2828,23392,0.2829,74686
1753547122840,16:25:22.840,1INCH/USDT:USDT,0.2827,5495,0.2826,88707,0.2828,23392,0.2829,74686
1753547122939,16:25:22.939,1INCH/USDT:USDT,0.2827,5495,0.2826,66299,0.2828,23392,0.2829,92301
1753547123342,16:25:23.342,1INCH/USDT:USDT,0.2827,5495,0.2826,66299,0.2828,23392,0.2829,92301
1753547123514,16:25:23.514,1INCH/USDT:USDT,0.2827,5495,0.2826,78166,0.2828,23392,0.2829,89354
1753547123656,16:25:23.656,1INCH/USDT:USDT,0.2827,26243,0.2826,57256,0.2828,6509,0.2829,55044
1753547124000,16:25:24.000,1INCH/USDT:USDT,0.2827,26243,0.2826,82572,0.2828,6509,0.2829,55044
1753547124402,16:25:24.402,1INCH/USDT:USDT,0.2827,26243,0.2826,82572,0.2828,6509,0.2829,55044
1753547124500,16:25:24.500,1INCH/USDT:USDT,0.2827,26243,0.2826,57256,0.2828,6509,0.2829,91704
1753547124901,16:25:24.901,1INCH/USDT:USDT,0.2827,26243,0.2826,57256,0.2828,6509,0.2829,71627
1753547125000,16:25:25.000,1INCH/USDT:USDT,0.2827,26243,0.2826,57256,0.2828,6509,0.2829,55044
1753547125402,16:25:25.402,1INCH/USDT:USDT,0.2827,26243,0.2826,57256,0.2828,13580,0.2829,40901
1753547125552,16:25:25.552,1INCH/USDT:USDT,0.2827,26243,0.2826,57256,0.2828,13580,0.2829,40901
1753547125631,16:25:25.631,1INCH/USDT:USDT,0.2827,26243,0.2826,57256,0.2828,13580,0.2829,40901
1753547126000,16:25:26.000,1INCH/USDT:USDT,0.2827,26243,0.2826,57256,0.2828,13580,0.2829,58518
1753547126402,16:25:26.402,1INCH/USDT:USDT,0.2827,26243,0.2826,57256,0.2828,13580,0.2829,40901
1753547126504,16:25:26.504,1INCH/USDT:USDT,0.2827,26243,0.2826,79050,0.2828,13580,0.2829,58746
1753547126905,16:25:26.905,1INCH/USDT:USDT,0.2827,26243,0.2826,79050,0.2828,13580,0.2829,40901
1753547127001,16:25:27.001,1INCH/USDT:USDT,0.2827,26243,0.2826,57256,0.2828,13580,0.2829,40901
1753547127402,16:25:27.402,1INCH/USDT:USDT,0.2827,26243,0.2826,57256,0.2828,13580,0.2829,40901
1753547127502,16:25:27.502,1INCH/USDT:USDT,0.2827,26243,0.2826,63834,0.2828,13580,0.2829,40901
1753547127904,16:25:27.904,1INCH/USDT:USDT,0.2827,26243,0.2826,63834,0.2828,13580,0.2829,40901
1753547128002,16:25:28.002,1INCH/USDT:USDT,0.2827,26243,0.2826,57256,0.2828,13580,0.2829,40901
1753547128406,16:25:28.406,1INCH/USDT:USDT,0.2827,26243,0.2826,57256,0.2828,13580,0.2829,40901
1753547128502,16:25:28.502,1INCH/USDT:USDT,0.2827,26243,0.2826,57256,0.2828,13580,0.2829,40901
1753547128907,16:25:28.907,1INCH/USDT:USDT,0.2827,26243,0.2826,57256,0.2828,13580,0.2829,40901
1753547129003,16:25:29.003,1INCH/USDT:USDT,0.2827,26243,0.2826,57256,0.2828,13580,0.2829,40901
1753547129406,16:25:29.406,1INCH/USDT:USDT,0.2827,26243,0.2826,57256,0.2828,13580,0.2829,40901
1753547129506,16:25:29.506,1INCH/USDT:USDT,0.2827,12100,0.2826,57256,0.2828,6509,0.2829,59024
1753547129661,16:25:29.661,1INCH/USDT:USDT,0.2827,31258,0.2826,64166,0.2828,4635,0.2829,43586
1753547130004,16:25:30.004,1INCH/USDT:USDT,0.2827,31258,0.2826,64166,0.2828,4635,0.2829,43586
1753547130505,16:25:30.505,1INCH/USDT:USDT,0.2827,31258,0.2826,64166,0.2828,4635,0.2829,43586
1753547130505,16:25:30.505,1INCH/USDT:USDT,0.2827,31258,0.2826,64166,0.2828,4635,0.2829,54463
1753547131004,16:25:31.004,1INCH/USDT:USDT,0.2827,31258,0.2826,64166,0.2828,4635,0.2829,43586
1753547131005,16:25:31.005,1INCH/USDT:USDT,0.2827,31258,0.2826,64166,0.2828,4635,0.2829,43586
1753547131409,16:25:31.409,1INCH/USDT:USDT,0.2827,31258,0.2826,64166,0.2828,4635,0.2829,43586
1753547131553,16:25:31.553,1INCH/USDT:USDT,0.2827,31258,0.2826,64166,0.2828,4635,0.2829,43586
1753547131686,16:25:31.686,1INCH/USDT:USDT,0.2827,31258,0.2826,64166,0.2828,4635,0.2829,43586
1753547132005,16:25:32.005,1INCH/USDT:USDT,0.2827,31258,0.2826,64166,0.2828,4635,0.2829,43586
1753547132409,16:25:32.409,1INCH/USDT:USDT,0.2827,31258,0.2826,64166,0.2828,4635,0.2829,43586
1753547132506,16:25:32.506,1INCH/USDT:USDT,0.2827,31258,0.2826,95541,0.2828,4635,0.2829,43586
1753547132912,16:25:32.912,1INCH/USDT:USDT,0.2827,31258,0.2826,95541,0.2828,4635,0.2829,43586
1753547133006,16:25:33.006,1INCH/USDT:USDT,0.2827,31258,0.2826,64166,0.2828,4635,0.2829,49506
1753547133410,16:25:33.410,1INCH/USDT:USDT,0.2827,31258,0.2826,64166,0.2828,4635,0.2829,49506
1753547133506,16:25:33.506,1INCH/USDT:USDT,0.2827,31258,0.2826,64166,0.2828,4635,0.2829,63641
1753547133910,16:25:33.910,1INCH/USDT:USDT,0.2827,31258,0.2826,64166,0.2828,4635,0.2829,43586
1753547134006,16:25:34.006,1INCH/USDT:USDT,0.2827,31258,0.2826,64166,0.2828,4635,0.2829,43586
1753547134409,16:25:34.409,1INCH/USDT:USDT,0.2827,31258,0.2826,64166,0.2828,4635,0.2829,43586
1753547134506,16:25:34.506,1INCH/USDT:USDT,0.2827,31258,0.2826,64166,0.2828,4635,0.2829,74815
1753547134910,16:25:34.910,1INCH/USDT:USDT,0.2827,31258,0.2826,64166,0.2828,4635,0.2829,53701
1753547135007,16:25:35.007,1INCH/USDT:USDT,0.2827,31258,0.2826,92226,0.2828,4635,0.2829,61371
1753547135410,16:25:35.410,1INCH/USDT:USDT,0.2827,31258,0.2826,92226,0.2828,4635,0.2829,43586
1753547135511,16:25:35.511,1INCH/USDT:USDT,0.2827,31258,0.2826,64166,0.2828,4635,0.2829,43586
1753547135663,16:25:35.663,1INCH/USDT:USDT,0.2827,6460,0.2826,41847,0.2828,33293,0.2829,55279
1753547136007,16:25:36.007,1INCH/USDT:USDT,0.2827,6460,0.2826,57048,0.2828,33293,0.2829,74627
1753547136410,16:25:36.410,1INCH/USDT:USDT,0.2827,6460,0.2826,57048,0.2828,33293,0.2829,74627
1753547136507,16:25:36.507,1INCH/USDT:USDT,0.2827,6460,0.2826,41847,0.2828,33293,0.2829,55279
1753547136911,16:25:36.911,1INCH/USDT:USDT,0.2827,6460,0.2826,41847,0.2828,33293,0.2829,55279
1753547137008,16:25:37.008,1INCH/USDT:USDT,0.2827,6460,0.2826,41847,0.2828,33293,0.2829,77078
1753547137412,16:25:37.412,1INCH/USDT:USDT,0.2827,6460,0.2826,41847,0.2828,33293,0.2829,55279
1753547137553,16:25:37.553,1INCH/USDT:USDT,0.2827,6460,0.2826,58828,0.2828,33293,0.2829,82295
1753547137636,16:25:37.636,1INCH/USDT:USDT,0.2827,6460,0.2826,58828,0.2828,33293,0.2829,82295
1753547138007,16:25:38.007,1INCH/USDT:USDT,0.2827,6460,0.2826,41847,0.2828,33293,0.2829,55279
1753547138410,16:25:38.410,1INCH/USDT:USDT,0.2827,6460,0.2826,41847,0.2828,33293,0.2829,55279
1753547138508,16:25:38.508,1INCH/USDT:USDT,0.2827,6460,0.2826,61663,0.2828,33293,0.2829,55279
1753547138912,16:25:38.912,1INCH/USDT:USDT,0.2827,6460,0.2826,61663,0.2828,33293,0.2829,55279
1753547139008,16:25:39.008,1INCH/USDT:USDT,0.2827,6460,0.2826,41847,0.2828,33293,0.2829,94012
1753547139411,16:25:39.411,1INCH/USDT:USDT,0.2827,6460,0.2826,41847,0.2828,33293,0.2829,78785
1753547139508,16:25:39.508,1INCH/USDT:USDT,0.2827,6460,0.2826,51175,0.2828,33293,0.2829,55279
1753547139912,16:25:39.912,1INCH/USDT:USDT,0.2827,6460,0.2826,41847,0.2828,33293,0.2829,55279
1753547140009,16:25:40.009,1INCH/USDT:USDT,0.2827,6460,0.2826,41847,0.2828,33293,0.2829,55279
1753547140412,16:25:40.412,1INCH/USDT:USDT,0.2827,6460,0.2826,41847,0.2828,33293,0.2829,55279
1753547140510,16:25:40.510,1INCH/USDT:USDT,0.2827,6460,0.2826,41847,0.2828,33293,0.2829,55279
1753547140912,16:25:40.912,1INCH/USDT:USDT,0.2827,6460,0.2826,41847,0.2828,33293,0.2829,55279
1753547141010,16:25:41.010,1INCH/USDT:USDT,0.2827,6460,0.2826,49353,0.2828,33293,0.2829,71227
1753547141415,16:25:41.415,1INCH/USDT:USDT,0.2827,6460,0.2826,49353,0.2828,33293,0.2829,71227
1753547141510,16:25:41.510,1INCH/USDT:USDT,0.2827,6460,0.2826,41847,0.2828,33293,0.2829,64345
1753547141668,16:25:41.668,1INCH/USDT:USDT,0.2826,11291,0.2825,43343,0.2827,33577,0.2828,64005
1753547142009,16:25:42.009,1INCH/USDT:USDT,0.2826,11291,0.2825,67901,0.2827,33577,0.2828,64005
1753547142413,16:25:42.413,1INCH/USDT:USDT,0.2826,11291,0.2825,61088,0.2827,33577,0.2828,64005
1753547142511,16:25:42.511,1INCH/USDT:USDT,0.2826,11291,0.2825,43343,0.2827,33577,0.2828,64005
1753547142695,16:25:42.695,1INCH/USDT:USDT,0.2826,11291,0.2825,43343,0.2827,33577,0.2828,64005
1753547143011,16:25:43.011,1INCH/USDT:USDT,0.2826,11291,0.2825,82421,0.2827,33577,0.2828,64005
1753547143415,16:25:43.415,1INCH/USDT:USDT,0.2826,11291,0.2825,61660,0.2827,33577,0.2828,64005
1753547143558,16:25:43.558,1INCH/USDT:USDT,0.2826,11291,0.2825,43343,0.2827,33577,0.2828,64005
1753547143914,16:25:43.914,1INCH/USDT:USDT,0.2826,11291,0.2825,43343,0.2827,33577,0.2828,64005
1753547144012,16:25:44.012,1INCH/USDT:USDT,0.2826,11291,0.2825,52618,0.2827,33577,0.2828,64005
1753547144357,16:25:44.357,1INCH/USDT:USDT,0.2826,11068,0.2825,52618,0.2827,33577,0.2828,64005
1753547144512,16:25:44.512,1INCH/USDT:USDT,0.2826,11068,0.2825,43343,0.2827,33577,0.2828,64005
1753547144916,16:25:44.916,1INCH/USDT:USDT,0.2826,11068,0.2825,43343,0.2827,33577,0.2828,64005
1753547145013,16:25:45.013,1INCH/USDT:USDT,0.2826,11068,0.2825,43343,0.2827,33577,0.2828,64005
1753547145415,16:25:45.415,1INCH/USDT:USDT,0.2826,11068,0.2825,43343,0.2827,33577,0.2828,64005
1753547145513,16:25:45.513,1INCH/USDT:USDT,0.2826,11068,0.2825,43343,0.2827,33577,0.2828,110247
1753547145916,16:25:45.916,1INCH/USDT:USDT,0.2826,11068,0.2825,43343,0.2827,33577,0.2828,110247
1753547146013,16:25:46.013,1INCH/USDT:USDT,0.2826,11068,0.2825,65005,0.2827,33577,0.2828,84708
1753547146415,16:25:46.415,1INCH/USDT:USDT,0.2826,11068,0.2825,43343,0.2827,33577,0.2828,84708
1753547146513,16:25:46.513,1INCH/USDT:USDT,0.2826,11068,0.2825,43343,0.2827,33577,0.2828,64005
1753547146917,16:25:46.917,1INCH/USDT:USDT,0.2826,11068,0.2825,43343,0.2827,33577,0.2828,64005
1753547147013,16:25:47.013,1INCH/USDT:USDT,0.2826,11068,0.2825,50379,0.2827,33577,0.2828,64005
1753547147416,16:25:47.416,1INCH/USDT:USDT,0.2826,11068,0.2825,50379,0.2827,33577,0.2828,64005
1753547147513,16:25:47.513,1INCH/USDT:USDT,0.2826,11068,0.2825,60245,0.2827,33577,0.2828,64005
1753547147669,16:25:47.669,1INCH/USDT:USDT,0.2825,20427,0.2824,32021,0.2826,9078,0.2827,46301
1753547148015,16:25:48.015,1INCH/USDT:USDT,0.2825,20427,0.2824,39325,0.2826,9078,0.2827,46301
1753547148416,16:25:48.416,1INCH/USDT:USDT,0.2825,20427,0.2824,32021,0.2826,9078,0.2827,46301
1753547148514,16:25:48.514,1INCH/USDT:USDT,0.2825,20427,0.2824,41822,0.2826,9078,0.2827,68700
1753547148697,16:25:48.697,1INCH/USDT:USDT,0.2825,20427,0.2824,41822,0.2826,9078,0.2827,68700
1753547149014,16:25:49.014,1INCH/USDT:USDT,0.2825,20427,0.2824,32021,0.2826,9078,0.2827,71792
1753547149419,16:25:49.419,1INCH/USDT:USDT,0.2825,20427,0.2824,32021,0.2826,9078,0.2827,71792
1753547149558,16:25:49.558,1INCH/USDT:USDT,0.2825,20427,0.2824,41523,0.2826,9078,0.2827,46301
1753547149917,16:25:49.917,1INCH/USDT:USDT,0.2825,20427,0.2824,41523,0.2826,9078,0.2827,46301
1753547150014,16:25:50.014,1INCH/USDT:USDT,0.2825,20427,0.2824,32021,0.2826,9078,0.2827,69029
1753547150418,16:25:50.418,1INCH/USDT:USDT,0.2825,20427,0.2824,32021,0.2826,9078,0.2827,69029
1753547150515,16:25:50.515,1INCH/USDT:USDT,0.2825,20427,0.2824,32021,0.2826,9078,0.2827,46301
1753547150918,16:25:50.918,1INCH/USDT:USDT,0.2825,20427,0.2824,32021,0.2826,9078,0.2827,46301
1753547151015,16:25:51.015,1INCH/USDT:USDT,0.2825,20427,0.2824,40101,0.2826,9078,0.2827,46301
1753547151418,16:25:51.418,1INCH/USDT:USDT,0.2825,20427,0.2824,40101,0.2826,9078,0.2827,46301
1753547151516,16:25:51.516,1INCH/USDT:USDT,0.2825,20427,0.2824,42348,0.2826,9078,0.2827,55390
1753547151921,16:25:51.921,1INCH/USDT:USDT,0.2825,20427,0.2824,42348,0.2826,9078,0.2827,55390
1753547152016,16:25:52.016,1INCH/USDT:USDT,0.2825,20427,0.2824,38539,0.2826,9078,0.2827,60263
1753547152420,16:25:52.420,1INCH/USDT:USDT,0.2825,20427,0.2824,38539,0.2826,9078,0.2827,60263
1753547152516,16:25:52.516,1INCH/USDT:USDT,0.2825,20427,0.2824,42864,0.2826,9078,0.2827,65605
1753547152722,16:25:52.722,1INCH/USDT:USDT,0.2825,5663,0.2824,33299,0.2826,22669,0.2827,49745
1753547153017,16:25:53.017,1INCH/USDT:USDT,0.2825,5663,0.2824,46597,0.2826,22669,0.2827,49745
1753547153419,16:25:53.419,1INCH/USDT:USDT,0.2825,5663,0.2824,46597,0.2826,22669,0.2827,49745
1753547153518,16:25:53.518,1INCH/USDT:USDT,0.2825,5663,0.2824,33299,0.2826,22669,0.2827,66183
1753547153925,16:25:53.925,1INCH/USDT:USDT,0.2825,5663,0.2824,33299,0.2826,22669,0.2827,66183
1753547154020,16:25:54.020,1INCH/USDT:USDT,0.2825,5663,0.2824,42383,0.2826,22669,0.2827,49745
1753547154422,16:25:54.422,1INCH/USDT:USDT,0.2825,5663,0.2824,42383,0.2826,22669,0.2827,49745
1753547154519,16:25:54.519,1INCH/USDT:USDT,0.2825,5663,0.2824,42797,0.2826,22669,0.2827,68929
1753547154701,16:25:54.701,1INCH/USDT:USDT,0.2825,5663,0.2824,42797,0.2826,22669,0.2827,68929
1753547155018,16:25:55.018,1INCH/USDT:USDT,0.2825,5663,0.2824,45891,0.2826,22669,0.2827,49745
1753547155422,16:25:55.422,1INCH/USDT:USDT,0.2825,5663,0.2824,45891,0.2826,22669,0.2827,49745
1753547155557,16:25:55.557,1INCH/USDT:USDT,0.2825,5663,0.2824,33299,0.2826,22669,0.2827,49745
1753547155925,16:25:55.925,1INCH/USDT:USDT,0.2825,5663,0.2824,33299,0.2826,22669,0.2827,49745
1753547156018,16:25:56.018,1INCH/USDT:USDT,0.2825,5663,0.2824,33299,0.2826,22669,0.2827,49745
1753547156421,16:25:56.421,1INCH/USDT:USDT,0.2825,5663,0.2824,33299,0.2826,22669,0.2827,49745
1753547156517,16:25:56.517,1INCH/USDT:USDT,0.2825,5663,0.2824,33299,0.2826,22669,0.2827,76688
1753547156922,16:25:56.922,1INCH/USDT:USDT,0.2825,5663,0.2824,33299,0.2826,22669,0.2827,76688
1753547157019,16:25:57.019,1INCH/USDT:USDT,0.2825,5663,0.2824,33299,0.2826,22669,0.2827,49745
1753547157422,16:25:57.422,1INCH/USDT:USDT,0.2825,5663,0.2824,33299,0.2826,22669,0.2827,49745
1753547157519,16:25:57.519,1INCH/USDT:USDT,0.2825,5663,0.2824,46098,0.2826,22669,0.2827,49745
1753547157926,16:25:57.926,1INCH/USDT:USDT,0.2825,5663,0.2824,39361,0.2826,22669,0.2827,49745
1753547158019,16:25:58.019,1INCH/USDT:USDT,0.2825,5663,0.2824,33299,0.2826,22669,0.2827,49745
1753547158423,16:25:58.423,1INCH/USDT:USDT,0.2825,5663,0.2824,33299,0.2826,22669,0.2827,49745
1753547158519,16:25:58.519,1INCH/USDT:USDT,0.2825,5663,0.2824,53828,0.2826,22669,0.2827,49745
1753547158715,16:25:58.715,1INCH/USDT:USDT,0.2825,27461,0.2824,40369,0.2826,13187,0.2827,62124
1753547159020,16:25:59.020,1INCH/USDT:USDT,0.2825,27461,0.2824,66462,0.2826,13187,0.2827,81874
1753547159424,16:25:59.424,1INCH/USDT:USDT,0.2825,27461,0.2824,48623,0.2826,13187,0.2827,81874
1753547159521,16:25:59.521,1INCH/USDT:USDT,0.2825,27461,0.2824,40369,0.2826,13187,0.2827,96183
1753547159925,16:25:59.925,1INCH/USDT:USDT,0.2825,27461,0.2824,40369,0.2826,13187,0.2827,96183
1753547160021,16:26:00.021,1INCH/USDT:USDT,0.2825,27461,0.2824,40369,0.2826,13187,0.2827,78672
1753547160423,16:26:00.423,1INCH/USDT:USDT,0.2825,27461,0.2824,40369,0.2826,13187,0.2827,78672
1753547160522,16:26:00.522,1INCH/USDT:USDT,0.2825,27461,0.2824,40369,0.2826,13187,0.2827,92747
1753547160702,16:26:00.702,1INCH/USDT:USDT,0.2825,27461,0.2824,40369,0.2826,13187,0.2827,92747
1753547161022,16:26:01.022,1INCH/USDT:USDT,0.2825,27461,0.2824,40369,0.2826,13187,0.2827,62124
1753547161424,16:26:01.424,1INCH/USDT:USDT,0.2825,27461,0.2824,40369,0.2826,13187,0.2827,62124
1753547161558,16:26:01.558,1INCH/USDT:USDT,0.2825,27461,0.2824,59358,0.2826,13187,0.2827,62124
1753547161924,16:26:01.924,1INCH/USDT:USDT,0.2825,27461,0.2824,59358,0.2826,13187,0.2827,62124
1753547162021,16:26:02.021,1INCH/USDT:USDT,0.2825,27461,0.2824,57687,0.2826,13187,0.2827,62124
1753547162425,16:26:02.425,1INCH/USDT:USDT,0.2825,27461,0.2824,57687,0.2826,13187,0.2827,62124
1753547162521,16:26:02.521,1INCH/USDT:USDT,0.2825,27461,0.2824,40369,0.2826,13187,0.2827,62124
1753547162924,16:26:02.924,1INCH/USDT:USDT,0.2825,27461,0.2824,40369,0.2826,13187,0.2827,62124
1753547163022,16:26:03.022,1INCH/USDT:USDT,0.2825,27461,0.2824,67398,0.2826,13187,0.2827,62124
1753547163425,16:26:03.425,1INCH/USDT:USDT,0.2825,27461,0.2824,50378,0.2826,13187,0.2827,62124
1753547163521,16:26:03.521,1INCH/USDT:USDT,0.2825,27461,0.2824,40369,0.2826,13187,0.2827,62124
1753547163927,16:26:03.927,1INCH/USDT:USDT,0.2825,27461,0.2824,40369,0.2826,13187,0.2827,62124
1753547164022,16:26:04.022,1INCH/USDT:USDT,0.2825,27461,0.2824,40369,0.2826,13187,0.2827,70921
1753547164424,16:26:04.424,1INCH/USDT:USDT,0.2825,27461,0.2824,40369,0.2826,13187,0.2827,70921
1753547164523,16:26:04.523,1INCH/USDT:USDT,0.2825,27461,0.2824,52823,0.2826,13187,0.2827,90111
1753547164720,16:26:04.720,1INCH/USDT:USDT,0.2825,862,0.2824,33608,0.2826,35002,0.2827,73268
1753547165023,16:26:05.023,1INCH/USDT:USDT,0.2825,862,0.2824,33608,0.2826,35002,0.2827,109770
1753547165425,16:26:05.425,1INCH/USDT:USDT,0.2825,862,0.2824,33608,0.2826,35002,0.2827,109770
1753547165525,16:26:05.525,1INCH/USDT:USDT,0.2825,862,0.2824,39716,0.2826,35002,0.2827,113908
1753547165926,16:26:05.926,1INCH/USDT:USDT,0.2825,862,0.2824,33608,0.2826,35002,0.2827,113908
1753547166024,16:26:06.024,1INCH/USDT:USDT,0.2825,862,0.2824,33608,0.2826,35002,0.2827,101969
1753547166426,16:26:06.426,1INCH/USDT:USDT,0.2825,862,0.2824,33608,0.2826,35002,0.2827,101969
1753547166522,16:26:06.522,1INCH/USDT:USDT,0.2825,862,0.2824,33608,0.2826,35002,0.2827,73268
1753547166778,16:26:06.778,1INCH/USDT:USDT,0.2825,862,0.2824,33608,0.2826,35002,0.2827,73268
1753547167023,16:26:07.023,1INCH/USDT:USDT,0.2825,862,0.2824,33608,0.2826,35002,0.2827,89526
1753547167426,16:26:07.426,1INCH/USDT:USDT,0.2825,862,0.2824,33608,0.2826,35002,0.2827,89526
1753547167558,16:26:07.558,1INCH/USDT:USDT,0.2825,862,0.2824,33608,0.2826,35002,0.2827,95116
1753547167928,16:26:07.928,1INCH/USDT:USDT,0.2825,862,0.2824,33608,0.2826,35002,0.2827,95116
1753547168025,16:26:08.025,1INCH/USDT:USDT,0.2825,862,0.2824,49223,0.2826,35002,0.2827,73268
1753547168427,16:26:08.427,1INCH/USDT:USDT,0.2825,862,0.2824,33608,0.2826,35002,0.2827,73268
1753547168525,16:26:08.525,1INCH/USDT:USDT,0.2825,862,0.2824,33608,0.2826,35002,0.2827,73268
1753547168928,16:26:08.928,1INCH/USDT:USDT,0.2825,862,0.2824,33608,0.2826,35002,0.2827,73268
1753547169025,16:26:09.025,1INCH/USDT:USDT,0.2825,862,0.2824,45102,0.2826,35002,0.2827,73268
1753547169429,16:26:09.429,1INCH/USDT:USDT,0.2825,862,0.2824,33608,0.2826,35002,0.2827,73268
1753547169524,16:26:09.524,1INCH/USDT:USDT,0.2825,862,0.2824,49496,0.2826,35002,0.2827,73268
1753547169929,16:26:09.929,1INCH/USDT:USDT,0.2825,862,0.2824,49496,0.2826,35002,0.2827,73268
1753547170024,16:26:10.024,1INCH/USDT:USDT,0.2825,862,0.2824,48878,0.2826,35002,0.2827,105600
1753547170428,16:26:10.428,1INCH/USDT:USDT,0.2825,862,0.2824,48878,0.2826,35002,0.2827,105600
1753547170527,16:26:10.527,1INCH/USDT:USDT,0.2825,862,0.2824,33608,0.2826,35002,0.2827,90955
1753547170718,16:26:10.718,1INCH/USDT:USDT,0.2824,34046,0.2823,60340,0.2825,901,0.2826,70517
1753547171025,16:26:11.025,1INCH/USDT:USDT,0.2824,34046,0.2823,60340,0.2825,901,0.2826,70517
1753547171429,16:26:11.429,1INCH/USDT:USDT,0.2824,34046,0.2823,60340,0.2825,901,0.2826,70517
1753547171526,16:26:11.526,1INCH/USDT:USDT,0.2824,34046,0.2823,92340,0.2825,901,0.2826,91797
1753547171929,16:26:11.929,1INCH/USDT:USDT,0.2824,34046,0.2823,92340,0.2825,901,0.2826,70517
1753547172026,16:26:12.026,1INCH/USDT:USDT,0.2824,34046,0.2823,60340,0.2825,901,0.2826,70517
1753547172429,16:26:12.429,1INCH/USDT:USDT,0.2824,34046,0.2823,60340,0.2825,901,0.2826,70517
1753547172526,16:26:12.526,1INCH/USDT:USDT,0.2824,34046,0.2823,75420,0.2825,901,0.2826,78673
1753547172929,16:26:12.929,1INCH/USDT:USDT,0.2824,34046,0.2823,75420,0.2825,901,0.2826,78673
1753547173027,16:26:13.027,1INCH/USDT:USDT,0.2824,34046,0.2823,60340,0.2825,901,0.2826,70517
1753547173430,16:26:13.430,1INCH/USDT:USDT,0.2824,34046,0.2823,60340,0.2825,901,0.2826,70517
1753547173560,16:26:13.560,1INCH/USDT:USDT,0.2824,34046,0.2823,60340,0.2825,901,0.2826,70517
1753547173930,16:26:13.930,1INCH/USDT:USDT,0.2824,34046,0.2823,60340,0.2825,901,0.2826,70517
1753547174028,16:26:14.028,1INCH/USDT:USDT,0.2824,34046,0.2823,80505,0.2825,901,0.2826,88262
1753547174430,16:26:14.430,1INCH/USDT:USDT,0.2824,34046,0.2823,80505,0.2825,901,0.2826,88262
1753547174527,16:26:14.527,1INCH/USDT:USDT,0.2824,34046,0.2823,77716,0.2825,901,0.2826,70517
1753547174932,16:26:14.932,1INCH/USDT:USDT,0.2824,34046,0.2823,77716,0.2825,901,0.2826,70517
1753547175028,16:26:15.028,1INCH/USDT:USDT,0.2824,34046,0.2823,71297,0.2825,901,0.2826,85804
1753547175431,16:26:15.431,1INCH/USDT:USDT,0.2824,34046,0.2823,60340,0.2825,901,0.2826,85804
1753547175527,16:26:15.527,1INCH/USDT:USDT,0.2824,34046,0.2823,73046,0.2825,901,0.2826,103969
1753547175931,16:26:15.931,1INCH/USDT:USDT,0.2824,34046,0.2823,73046,0.2825,901,0.2826,103969
1753547176029,16:26:16.029,1INCH/USDT:USDT,0.2824,34046,0.2823,60340,0.2825,901,0.2826,114393
1753547176432,16:26:16.432,1INCH/USDT:USDT,0.2824,34046,0.2823,60340,0.2825,901,0.2826,114393
1753547176530,16:26:16.530,1INCH/USDT:USDT,0.2824,34046,0.2823,90102,0.2825,901,0.2826,70517
1753547176723,16:26:16.723,1INCH/USDT:USDT,0.2824,38384,0.2823,75148,0.2825,1935,0.2826,56247
1753547177030,16:26:17.030,1INCH/USDT:USDT,0.2824,38384,0.2823,131425,0.2825,1935,0.2826,75939
1753547177434,16:26:17.434,1INCH/USDT:USDT,0.2824,38384,0.2823,104277,0.2825,1935,0.2826,75939
1753547177530,16:26:17.530,1INCH/USDT:USDT,0.2824,38384,0.2823,75148,0.2825,1935,0.2826,56247
1753547177934,16:26:17.934,1INCH/USDT:USDT,0.2824,38384,0.2823,75148,0.2825,1935,0.2826,56247
1753547178030,16:26:18.030,1INCH/USDT:USDT,0.2824,38384,0.2823,144021,0.2825,1935,0.2826,56247
1753547178432,16:26:18.432,1INCH/USDT:USDT,0.2824,38384,0.2823,111683,0.2825,1935,0.2826,56247
1753547178529,16:26:18.529,1INCH/USDT:USDT,0.2824,38384,0.2823,86525,0.2825,1935,0.2826,56247
1753547178933,16:26:18.933,1INCH/USDT:USDT,0.2824,38384,0.2823,86525,0.2825,1935,0.2826,56247
1753547179030,16:26:19.030,1INCH/USDT:USDT,0.2824,38384,0.2823,75148,0.2825,1935,0.2826,56247
1753547179433,16:26:19.433,1INCH/USDT:USDT,0.2824,38384,0.2823,75148,0.2825,1935,0.2826,56247
1753547179561,16:26:19.561,1INCH/USDT:USDT,0.2824,38384,0.2823,108110,0.2825,1935,0.2826,56247
1753547179935,16:26:19.935,1INCH/USDT:USDT,0.2824,38384,0.2823,108110,0.2825,1935,0.2826,56247
1753547180030,16:26:20.030,1INCH/USDT:USDT,0.2824,38384,0.2823,75148,0.2825,1935,0.2826,82837
1753547180433,16:26:20.433,1INCH/USDT:USDT,0.2824,38384,0.2823,75148,0.2825,1935,0.2826,56247
1753547180531,16:26:20.531,1INCH/USDT:USDT,0.2824,38384,0.2823,75148,0.2825,1935,0.2826,74569
1753547180934,16:26:20.934,1INCH/USDT:USDT,0.2824,38384,0.2823,75148,0.2825,1935,0.2826,74569
1753547181031,16:26:21.031,1INCH/USDT:USDT,0.2824,38384,0.2823,95211,0.2825,1935,0.2826,56247
1753547181434,16:26:21.434,1INCH/USDT:USDT,0.2824,38384,0.2823,95211,0.2825,1935,0.2826,56247
1753547181532,16:26:21.532,1INCH/USDT:USDT,0.2824,38384,0.2823,75148,0.2825,1935,0.2826,56247
1753547181934,16:26:21.934,1INCH/USDT:USDT,0.2824,38384,0.2823,75148,0.2825,1935,0.2826,56247
1753547182034,16:26:22.034,1INCH/USDT:USDT,0.2824,38384,0.2823,75148,0.2825,1935,0.2826,56247
