timestamp,time,symbol,bid1_price,bid1_volume,bid2_price,bid2_volume,ask1_price,ask1_volume,ask2_price,ask2_volume
1753546960000,16:22:40.000,AERO/USDT:USDT,0.9028,44.0,0.9027,219.0,0.9034,2.0,0.9039,1.0
1753546961083,16:22:41.083,AERO/USDT:USDT,0.9028,44.0,0.9027,219.0,0.9034,2.0,0.9039,1.0
1753546961278,16:22:41.278,AERO/USDT:USDT,0.9028,44.0,0.9027,219.0,0.9034,2.0,0.9039,1.0
1753546962301,16:22:42.301,AERO/USDT:USDT,0.9028,44.0,0.9027,219.0,0.9034,2.0,0.9039,1.0
1753546962589,16:22:42.589,AERO/USDT:USDT,0.9028,44.0,0.9027,219.0,0.9034,2.0,0.9039,1.0
1753546963318,16:22:43.318,AERO/USDT:USDT,0.9028,44.0,0.9027,219.0,0.9034,2.0,0.9039,1.0
1753546963479,16:22:43.479,AERO/USDT:USDT,0.9028,44.0,0.9027,219.0,0.9034,2.0,0.9039,1.0
1753546964128,16:22:44.128,AERO/USDT:USDT,0.9028,44.0,0.9027,219.0,0.9034,2.0,0.9039,1.0
1753546964152,16:22:44.152,AERO/USDT:USDT,0.9028,44.0,0.9027,219.0,0.9034,2.0,0.9039,1.0
1753546964278,16:22:44.278,AERO/USDT:USDT,0.9028,44.0,0.9027,219.0,0.9034,2.0,0.9039,1.0
1753546964462,16:22:44.462,AERO/USDT:USDT,0.9028,44.0,0.9027,219.0,0.9034,2.0,0.9039,1.0
1753546964712,16:22:44.712,AERO/USDT:USDT,0.9028,44.0,0.9024,834.0,0.9034,2.0,0.9039,1.0
1753546965003,16:22:45.003,AERO/USDT:USDT,0.9028,44.0,0.9024,834.0,0.9034,2.0,0.9039,1.0
1753546965285,16:22:45.285,AERO/USDT:USDT,0.9028,44.0,0.9024,834.0,0.9034,2.0,0.9039,1.0
1753546965594,16:22:45.594,AERO/USDT:USDT,0.9028,44.0,0.9024,834.0,0.9034,2.0,0.9039,1.0
1753546967099,16:22:47.099,AERO/USDT:USDT,0.9028,44.0,0.9024,834.0,0.9034,2.0,0.9039,1.0
1753546968616,16:22:48.616,AERO/USDT:USDT,0.9028,44.0,0.9024,834.0,0.9034,2.0,0.9039,1.0
1753546969268,16:22:49.268,AERO/USDT:USDT,0.9028,44.0,0.9024,834.0,0.9034,2.0,0.9039,1.0
1753546970147,16:22:50.147,AERO/USDT:USDT,0.9028,44.0,0.9024,834.0,0.9034,2.0,0.9039,1.0
1753546970420,16:22:50.420,AERO/USDT:USDT,0.9028,44.0,0.9024,834.0,0.9034,2.0,0.9039,1.0
1753546971673,16:22:51.673,AERO/USDT:USDT,0.9028,44.0,0.9024,834.0,0.9034,2.0,0.9039,1.0
1753546972736,16:22:52.736,AERO/USDT:USDT,0.9028,44.0,0.9024,834.0,0.9034,2.0,0.9039,1.0
1753546972762,16:22:52.762,AERO/USDT:USDT,0.9028,44.0,0.9024,834.0,0.9034,2.0,0.9039,1.0
1753546973158,16:22:53.158,AERO/USDT:USDT,0.9028,44.0,0.9024,834.0,0.9034,2.0,0.9039,1.0
1753546974062,16:22:54.062,AERO/USDT:USDT,0.9028,44.0,0.9024,834.0,0.9034,2.0,0.9039,1.0
1753546974684,16:22:54.684,AERO/USDT:USDT,0.9028,44.0,0.9024,834.0,0.9034,2.0,0.9039,1.0
1753546974804,16:22:54.804,AERO/USDT:USDT,0.9028,44.0,0.9024,834.0,0.9034,2.0,0.9039,1.0
1753546976179,16:22:56.179,AERO/USDT:USDT,0.9028,44.0,0.9024,834.0,0.9034,2.0,0.9039,1.0
1753546977627,16:22:57.627,AERO/USDT:USDT,0.9028,44.0,0.9024,834.0,0.9034,2.0,0.9039,1.0
1753546977681,16:22:57.681,AERO/USDT:USDT,0.9028,44.0,0.9024,834.0,0.9034,2.0,0.9039,1.0
1753546978862,16:22:58.862,AERO/USDT:USDT,0.9028,44.0,0.9024,834.0,0.9034,2.0,0.9039,1.0
1753546979188,16:22:59.188,AERO/USDT:USDT,0.9028,44.0,0.9024,834.0,0.9034,2.0,0.9039,1.0
1753546980866,16:23:00.866,AERO/USDT:USDT,0.9028,44.0,0.9024,834.0,0.9034,2.0,0.9039,1.0
1753546980977,16:23:00.977,AERO/USDT:USDT,0.9028,44.0,0.9024,834.0,0.9034,2.0,0.9039,1.0
1753546981283,16:23:01.283,AERO/USDT:USDT,0.9028,44.0,0.9024,834.0,0.9034,2.0,0.9039,1.0
1753546981401,16:23:01.401,AERO/USDT:USDT,0.9028,44.0,0.9024,834.0,0.9034,2.0,0.9039,1.0
1753546981730,16:23:01.730,AERO/USDT:USDT,0.9028,44.0,0.9024,834.0,0.9034,2.0,0.9039,1.0
1753546981795,16:23:01.795,AERO/USDT:USDT,0.9028,44.0,0.9024,834.0,0.9034,2.0,0.9039,1.0
1753546982027,16:23:02.027,AERO/USDT:USDT,0.9028,44.0,0.9024,834.0,0.9034,2.0,0.9039,1.0
1753546982135,16:23:02.135,AERO/USDT:USDT,0.902,496.0,0.9019,219.0,0.9034,2.0,0.9039,1.0
1753546982235,16:23:02.235,AERO/USDT:USDT,0.902,496.0,0.9019,551.0,0.9033,219.0,0.9034,2.0
1753546982321,16:23:02.321,AERO/USDT:USDT,0.9021,5.0,0.902,496.0,0.9033,219.0,0.9034,2.0
1753546982442,16:23:02.442,AERO/USDT:USDT,0.9021,5.0,0.902,496.0,0.9032,3.0,0.9034,2.0
1753546982513,16:23:02.513,AERO/USDT:USDT,0.9021,5.0,0.902,496.0,0.9032,219.0,0.9034,2.0
1753546982632,16:23:02.632,AERO/USDT:USDT,0.9021,5.0,0.902,496.0,0.9031,3.0,0.9032,219.0
1753546982723,16:23:02.723,AERO/USDT:USDT,0.9021,5.0,0.902,496.0,0.9031,3.0,0.9034,2.0
1753546982902,16:23:02.902,AERO/USDT:USDT,0.9021,5.0,0.902,496.0,0.9031,3.0,0.9034,2.0
1753546983027,16:23:03.027,AERO/USDT:USDT,0.9023,219.0,0.9021,501.0,0.9031,3.0,0.9034,2.0
1753546983091,16:23:03.091,AERO/USDT:USDT,0.9024,5.0,0.9023,219.0,0.9034,2.0,0.9035,3.0
1753546983152,16:23:03.152,AERO/USDT:USDT,0.9024,5.0,0.9023,219.0,0.9034,2.0,0.9039,4.0
1753546983543,16:23:03.543,AERO/USDT:USDT,0.9024,5.0,0.9023,219.0,0.9034,2.0,0.9039,4.0
1753546983735,16:23:03.735,AERO/USDT:USDT,0.9024,5.0,0.9023,219.0,0.9034,2.0,0.9039,4.0
1753546983748,16:23:03.748,AERO/USDT:USDT,0.9024,5.0,0.9023,219.0,0.9034,2.0,0.9039,4.0
1753546983951,16:23:03.951,AERO/USDT:USDT,0.9024,5.0,0.9023,219.0,0.9034,2.0,0.9039,4.0
1753546984235,16:23:04.235,AERO/USDT:USDT,0.9024,5.0,0.9023,219.0,0.9034,2.0,0.9039,4.0
1753546984249,16:23:04.249,AERO/USDT:USDT,0.9024,5.0,0.9023,219.0,0.9034,2.0,0.9039,4.0
1753546984346,16:23:04.346,AERO/USDT:USDT,0.9024,5.0,0.9023,219.0,0.9034,2.0,0.9039,4.0
1753546984537,16:23:04.537,AERO/USDT:USDT,0.9024,5.0,0.9023,219.0,0.9034,2.0,0.9039,4.0
1753546985004,16:23:05.004,AERO/USDT:USDT,0.9024,5.0,0.9023,219.0,0.9034,2.0,0.9039,4.0
1753546985324,16:23:05.324,AERO/USDT:USDT,0.9024,5.0,0.9023,219.0,0.9034,2.0,0.9039,4.0
1753546985400,16:23:05.400,AERO/USDT:USDT,0.9024,5.0,0.9023,219.0,0.9034,2.0,0.9039,4.0
1753546985893,16:23:05.893,AERO/USDT:USDT,0.9024,5.0,0.9023,219.0,0.9034,2.0,0.9039,4.0
1753546986240,16:23:06.240,AERO/USDT:USDT,0.9024,501.0,0.9023,219.0,0.9034,2.0,0.9039,4.0
1753546986260,16:23:06.260,AERO/USDT:USDT,0.9025,496.0,0.9024,5.0,0.9034,2.0,0.9039,4.0
1753546986384,16:23:06.384,AERO/USDT:USDT,0.9026,5.0,0.9025,496.0,0.9034,2.0,0.9039,4.0
1753546986644,16:23:06.644,AERO/USDT:USDT,0.9026,5.0,0.9025,496.0,0.9034,2.0,0.9039,4.0
1753546986712,16:23:06.712,AERO/USDT:USDT,0.9026,5.0,0.9025,496.0,0.9034,2.0,0.9039,4.0
1753546987028,16:23:07.028,AERO/USDT:USDT,0.9026,5.0,0.9025,496.0,0.9034,2.0,0.9039,4.0
1753546987050,16:23:07.050,AERO/USDT:USDT,0.9026,5.0,0.9025,496.0,0.9034,2.0,0.9039,4.0
1753546987425,16:23:07.425,AERO/USDT:USDT,0.9026,5.0,0.9025,496.0,0.9034,2.0,0.9039,4.0
1753546987480,16:23:07.480,AERO/USDT:USDT,0.9026,5.0,0.9025,496.0,0.9034,2.0,0.9039,4.0
1753546988003,16:23:08.003,AERO/USDT:USDT,0.9026,5.0,0.9025,496.0,0.9034,2.0,0.9039,4.0
1753546988126,16:23:08.126,AERO/USDT:USDT,0.9026,5.0,0.9025,496.0,0.9034,2.0,0.9039,4.0
1753546988463,16:23:08.463,AERO/USDT:USDT,0.9026,5.0,0.9025,496.0,0.9034,2.0,0.9039,4.0
1753546988744,16:23:08.744,AERO/USDT:USDT,0.9026,5.0,0.9025,496.0,0.9034,2.0,0.9039,4.0
1753546989006,16:23:09.006,AERO/USDT:USDT,0.9026,5.0,0.9025,496.0,0.9034,2.0,0.9039,4.0
1753546990793,16:23:10.793,AERO/USDT:USDT,0.9026,5.0,0.9025,496.0,0.9034,2.0,0.9039,4.0
1753546990980,16:23:10.980,AERO/USDT:USDT,0.9026,5.0,0.9025,496.0,0.9034,2.0,0.9039,4.0
1753546991082,16:23:11.082,AERO/USDT:USDT,0.9027,219.0,0.9026,5.0,0.9034,2.0,0.9039,4.0
1753546991156,16:23:11.156,AERO/USDT:USDT,0.9028,5.0,0.9027,219.0,0.9034,2.0,0.9039,4.0
1753546991511,16:23:11.511,AERO/USDT:USDT,0.9028,5.0,0.9027,219.0,0.9034,2.0,0.9039,4.0
1753546991612,16:23:11.612,AERO/USDT:USDT,0.9028,5.0,0.9027,219.0,0.9034,2.0,0.9039,4.0
1753546991779,16:23:11.779,AERO/USDT:USDT,0.9028,5.0,0.9025,496.0,0.9034,2.0,0.9039,4.0
1753546991853,16:23:11.853,AERO/USDT:USDT,0.9026,5.0,0.9025,496.0,0.9034,2.0,0.9039,4.0
1753546991981,16:23:11.981,AERO/USDT:USDT,0.9026,5.0,0.9025,496.0,0.9034,2.0,0.9039,4.0
1753546992159,16:23:12.159,AERO/USDT:USDT,0.9026,5.0,0.9025,496.0,0.9034,2.0,0.9039,4.0
1753546992463,16:23:12.463,AERO/USDT:USDT,0.9027,219.0,0.9026,501.0,0.9034,2.0,0.9039,4.0
1753546992554,16:23:12.554,AERO/USDT:USDT,0.9028,5.0,0.9026,496.0,0.9034,2.0,0.9039,1.0
1753546992652,16:23:12.652,AERO/USDT:USDT,0.9027,5.0,0.9026,496.0,0.9034,2.0,0.9039,1.0
1753546992786,16:23:12.786,AERO/USDT:USDT,0.9027,5.0,0.9026,496.0,0.9034,2.0,0.9039,1.0
1753546993262,16:23:13.262,AERO/USDT:USDT,0.9027,5.0,0.9026,496.0,0.9034,2.0,0.9039,1.0
1753546993602,16:23:13.602,AERO/USDT:USDT,0.9027,5.0,0.9026,496.0,0.9034,2.0,0.9039,1.0
1753546993871,16:23:13.871,AERO/USDT:USDT,0.9027,224.0,0.9026,496.0,0.9034,2.0,0.9039,1.0
1753546994282,16:23:14.282,AERO/USDT:USDT,0.9027,224.0,0.9026,496.0,0.9034,2.0,0.9039,1.0
1753546995193,16:23:15.193,AERO/USDT:USDT,0.9027,5.0,0.9026,496.0,0.9034,2.0,0.9039,1.0
1753546995606,16:23:15.606,AERO/USDT:USDT,0.9027,501.0,0.9023,219.0,0.9034,2.0,0.9039,1.0
1753546998062,16:23:18.062,AERO/USDT:USDT,0.9027,501.0,0.9023,219.0,0.9034,2.0,0.9039,1.0
1753546999842,16:23:19.842,AERO/USDT:USDT,0.9027,556.0,0.9023,219.0,0.9034,2.0,0.9039,1.0
1753546999848,16:23:19.848,AERO/USDT:USDT,0.9027,501.0,0.9023,219.0,0.9034,2.0,0.9039,1.0
1753547001039,16:23:21.039,AERO/USDT:USDT,0.9027,501.0,0.9023,219.0,0.9034,2.0,0.9039,1.0
1753547001538,16:23:21.538,AERO/USDT:USDT,0.9027,501.0,0.9023,553.0,0.9034,2.0,0.9039,1.0
1753547001561,16:23:21.561,AERO/USDT:USDT,0.9027,501.0,0.9023,553.0,0.9034,2.0,0.9039,1.0
1753547002863,16:23:22.863,AERO/USDT:USDT,0.9027,501.0,0.9023,553.0,0.9034,2.0,0.9039,1.0
1753547003445,16:23:23.445,AERO/USDT:USDT,0.9028,219.0,0.9027,501.0,0.9039,1.0,0.9042,3.0
1753547003511,16:23:23.511,AERO/USDT:USDT,0.9029,501.0,0.9028,219.0,0.9039,1.0,0.9042,3.0
1753547003583,16:23:23.583,AERO/USDT:USDT,0.9029,501.0,0.9028,219.0,0.9039,1.0,0.9042,3.0
1753547003744,16:23:23.744,AERO/USDT:USDT,0.9029,501.0,0.9028,219.0,0.9039,1.0,0.9042,3.0
1753547003836,16:23:23.836,AERO/USDT:USDT,0.9029,501.0,0.9028,219.0,0.9039,1.0,0.9042,3.0
1753547003938,16:23:23.938,AERO/USDT:USDT,0.9029,501.0,0.9028,219.0,0.9039,1.0,0.9042,3.0
1753547004030,16:23:24.030,AERO/USDT:USDT,0.9029,556.0,0.9028,219.0,0.9039,1.0,0.9042,3.0
1753547004122,16:23:24.122,AERO/USDT:USDT,0.9029,556.0,0.9028,219.0,0.9039,1.0,0.9042,3.0
1753547004988,16:23:24.988,AERO/USDT:USDT,0.9029,501.0,0.9028,219.0,0.9039,1.0,0.9042,3.0
1753547005171,16:23:25.171,AERO/USDT:USDT,0.9029,501.0,0.9028,219.0,0.9039,1.0,0.9042,3.0
1753547005751,16:23:25.751,AERO/USDT:USDT,0.9029,501.0,0.9028,219.0,0.9039,1.0,0.9042,3.0
1753547006004,16:23:26.004,AERO/USDT:USDT,0.9029,501.0,0.9028,219.0,0.9039,1.0,0.9042,3.0
1753547006291,16:23:26.291,AERO/USDT:USDT,0.9029,501.0,0.9028,219.0,0.9039,1.0,0.9042,3.0
1753547007010,16:23:27.010,AERO/USDT:USDT,0.9029,501.0,0.9028,219.0,0.9039,1.0,0.9042,3.0
1753547007663,16:23:27.663,AERO/USDT:USDT,0.9029,501.0,0.9028,219.0,0.9039,1.0,0.9042,3.0
1753547008004,16:23:28.004,AERO/USDT:USDT,0.9029,501.0,0.9028,219.0,0.9039,1.0,0.9042,3.0
1753547008579,16:23:28.579,AERO/USDT:USDT,0.9029,501.0,0.9028,219.0,0.9039,1.0,0.9042,3.0
1753547008710,16:23:28.710,AERO/USDT:USDT,0.9029,501.0,0.9028,219.0,0.9039,1.0,0.9042,3.0
1753547008911,16:23:28.911,AERO/USDT:USDT,0.9029,501.0,0.9028,219.0,0.9039,1.0,0.9042,3.0
1753547009005,16:23:29.005,AERO/USDT:USDT,0.9029,501.0,0.9028,219.0,0.9039,1.0,0.9042,3.0
1753547009276,16:23:29.276,AERO/USDT:USDT,0.9029,501.0,0.9028,219.0,0.9039,1.0,0.9042,3.0
1753547009380,16:23:29.380,AERO/USDT:USDT,0.9029,501.0,0.9028,219.0,0.9039,1.0,0.9042,3.0
1753547011585,16:23:31.585,AERO/USDT:USDT,0.9029,501.0,0.9028,219.0,0.9039,1.0,0.9042,3.0
1753547012463,16:23:32.463,AERO/USDT:USDT,0.9029,501.0,0.9028,219.0,0.9039,1.0,0.9042,3.0
1753547014006,16:23:34.006,AERO/USDT:USDT,0.9029,501.0,0.9028,219.0,0.9039,1.0,0.9042,3.0
1753547017129,16:23:37.129,AERO/USDT:USDT,0.9029,501.0,0.9028,219.0,0.9039,1.0,0.9042,3.0
1753547017264,16:23:37.264,AERO/USDT:USDT,0.9029,501.0,0.9028,219.0,0.9039,1.0,0.9042,3.0
1753547018004,16:23:38.004,AERO/USDT:USDT,0.9029,501.0,0.9028,219.0,0.9039,1.0,0.9042,3.0
1753547022063,16:23:42.063,AERO/USDT:USDT,0.9029,501.0,0.9028,219.0,0.9039,1.0,0.9042,3.0
1753547026865,16:23:46.865,AERO/USDT:USDT,0.9029,501.0,0.9028,219.0,0.9039,1.0,0.9042,3.0
1753547031664,16:23:51.664,AERO/USDT:USDT,0.9029,501.0,0.9028,219.0,0.9039,1.0,0.9042,3.0
1753547032842,16:23:52.842,AERO/USDT:USDT,0.9029,501.0,0.9028,219.0,0.9039,1.0,0.9042,3.0
1753547033809,16:23:53.809,AERO/USDT:USDT,0.9029,501.0,0.9028,219.0,0.9039,1.0,0.9042,3.0
1753547034309,16:23:54.309,AERO/USDT:USDT,0.9029,501.0,0.9028,557.0,0.9039,1.0,0.9042,3.0
1753547036464,16:23:56.464,AERO/USDT:USDT,0.9029,501.0,0.9028,557.0,0.9039,1.0,0.9042,3.0
1753547040409,16:24:00.409,AERO/USDT:USDT,0.9029,5.0,0.9028,557.0,0.9039,1.0,0.9042,3.0
1753547041264,16:24:01.264,AERO/USDT:USDT,0.9029,5.0,0.9028,557.0,0.9039,1.0,0.9042,3.0
1753547041486,16:24:01.486,AERO/USDT:USDT,0.9029,60.0,0.9028,557.0,0.9039,1.0,0.9042,3.0
1753547041913,16:24:01.913,AERO/USDT:USDT,0.9029,60.0,0.9028,557.0,0.9039,1.0,0.9042,3.0
1753547042736,16:24:02.736,AERO/USDT:USDT,0.9029,170.0,0.9028,557.0,0.9039,1.0,0.9042,3.0
1753547043276,16:24:03.276,AERO/USDT:USDT,0.9029,242.0,0.9028,557.0,0.9039,1.0,0.9042,3.0
1753547043362,16:24:03.362,AERO/USDT:USDT,0.9029,242.0,0.9028,557.0,0.9039,1.0,0.9042,3.0
1753547044340,16:24:04.340,AERO/USDT:USDT,0.9029,242.0,0.9028,557.0,0.9039,1.0,0.9042,3.0
1753547046065,16:24:06.065,AERO/USDT:USDT,0.9029,242.0,0.9028,557.0,0.9039,1.0,0.9042,3.0
1753547046241,16:24:06.241,AERO/USDT:USDT,0.9029,309.0,0.9028,557.0,0.9039,1.0,0.9042,3.0
1753547046642,16:24:06.642,AERO/USDT:USDT,0.9029,309.0,0.9028,338.0,0.9039,1.0,0.9042,3.0
1753547046694,16:24:06.694,AERO/USDT:USDT,0.9029,309.0,0.9028,338.0,0.9039,1.0,0.9042,3.0
1753547048161,16:24:08.161,AERO/USDT:USDT,0.9029,309.0,0.9028,338.0,0.9039,1.0,0.9042,3.0
1753547049183,16:24:09.183,AERO/USDT:USDT,0.9029,805.0,0.9028,338.0,0.9039,1.0,0.9042,3.0
1753547050245,16:24:10.245,AERO/USDT:USDT,0.9029,872.0,0.9028,338.0,0.9039,1.0,0.9042,3.0
1753547050865,16:24:10.865,AERO/USDT:USDT,0.9029,872.0,0.9028,338.0,0.9039,1.0,0.9042,3.0
1753547051654,16:24:11.654,AERO/USDT:USDT,0.903,496.0,0.9029,376.0,0.9039,1.0,0.9042,3.0
1753547051841,16:24:11.841,AERO/USDT:USDT,0.9031,224.0,0.903,587.0,0.9039,1.0,0.9042,3.0
1753547051892,16:24:11.892,AERO/USDT:USDT,0.9031,800.0,0.903,91.0,0.9039,1.0,0.9042,3.0
1753547052006,16:24:12.006,AERO/USDT:USDT,0.9031,800.0,0.903,91.0,0.9039,1.0,0.9042,3.0
1753547052093,16:24:12.093,AERO/USDT:USDT,0.9031,880.0,0.903,91.0,0.9039,1.0,0.9042,3.0
1753547052442,16:24:12.442,AERO/USDT:USDT,0.9031,935.0,0.903,91.0,0.9039,1.0,0.9042,3.0
1753547052543,16:24:12.543,AERO/USDT:USDT,0.9031,935.0,0.903,91.0,0.9039,1.0,0.9042,3.0
1753547052552,16:24:12.552,AERO/USDT:USDT,0.9031,935.0,0.903,91.0,0.9039,1.0,0.9046,3.0
1753547052653,16:24:12.653,AERO/USDT:USDT,0.9031,935.0,0.903,91.0,0.9039,1.0,0.9046,3.0
1753547053007,16:24:13.007,AERO/USDT:USDT,0.9031,935.0,0.903,91.0,0.9039,1.0,0.9046,3.0
1753547053063,16:24:13.063,AERO/USDT:USDT,0.9031,935.0,0.903,91.0,0.9039,1.0,0.9046,3.0
1753547053282,16:24:13.282,AERO/USDT:USDT,0.9031,935.0,0.903,91.0,0.9039,1.0,0.9046,3.0
1753547053379,16:24:13.379,AERO/USDT:USDT,0.9031,990.0,0.903,91.0,0.9039,1.0,0.9046,3.0
1753547054000,16:24:14.000,AERO/USDT:USDT,0.9031,935.0,0.903,91.0,0.9039,1.0,0.9046,3.0
1753547054203,16:24:14.203,AERO/USDT:USDT,0.9031,935.0,0.903,91.0,0.9039,1.0,0.9046,3.0
1753547054270,16:24:14.270,AERO/USDT:USDT,0.9031,935.0,0.903,91.0,0.9039,1.0,0.9046,3.0
1753547054413,16:24:14.413,AERO/USDT:USDT,0.9031,501.0,0.9028,338.0,0.9039,1.0,0.9046,3.0
1753547054671,16:24:14.671,AERO/USDT:USDT,0.9031,501.0,0.9028,338.0,0.9039,1.0,0.9044,219.0
1753547054751,16:24:14.751,AERO/USDT:USDT,0.9031,501.0,0.9028,338.0,0.9039,1.0,0.9043,3.0
1753547055518,16:24:15.518,AERO/USDT:USDT,0.9031,501.0,0.9028,338.0,0.9039,1.0,0.9043,3.0
1753547055551,16:24:15.551,AERO/USDT:USDT,0.9031,5.0,0.9028,834.0,0.9039,1.0,0.9043,3.0
1753547055664,16:24:15.664,AERO/USDT:USDT,0.9029,5.0,0.9028,834.0,0.9039,1.0,0.9043,3.0
1753547055765,16:24:15.765,AERO/USDT:USDT,0.9029,98.0,0.9028,834.0,0.9039,1.0,0.9043,3.0
1753547055906,16:24:15.906,AERO/USDT:USDT,0.9029,98.0,0.9028,834.0,0.9039,1.0,0.9043,3.0
1753547056566,16:24:16.566,AERO/USDT:USDT,0.9029,276.0,0.9028,834.0,0.9039,1.0,0.9043,3.0
1753547060468,16:24:20.468,AERO/USDT:USDT,0.9029,276.0,0.9028,834.0,0.9039,1.0,0.9043,3.0
1753547062191,16:24:22.191,AERO/USDT:USDT,0.9029,392.0,0.9028,834.0,0.9039,1.0,0.9043,3.0
1753547062353,16:24:22.353,AERO/USDT:USDT,0.9029,528.0,0.9028,834.0,0.9039,1.0,0.9043,3.0
1753547064584,16:24:24.584,AERO/USDT:USDT,0.9029,1024.0,0.9028,338.0,0.9039,1.0,0.9043,3.0
1753547065265,16:24:25.265,AERO/USDT:USDT,0.9029,1024.0,0.9028,338.0,0.9039,1.0,0.9043,3.0
1753547065624,16:24:25.624,AERO/USDT:USDT,0.9029,501.0,0.9023,219.0,0.9039,1.0,0.9043,3.0
1753547065906,16:24:25.906,AERO/USDT:USDT,0.9029,556.0,0.9023,219.0,0.9039,1.0,0.9043,3.0
1753547065953,16:24:25.953,AERO/USDT:USDT,0.9029,501.0,0.9023,219.0,0.9039,1.0,0.9043,3.0
1753547066813,16:24:26.813,AERO/USDT:USDT,0.9029,501.0,0.9023,219.0,0.9039,1.0,0.9043,3.0
1753547067039,16:24:27.039,AERO/USDT:USDT,0.9029,611.0,0.9023,219.0,0.9039,1.0,0.9043,3.0
1753547068555,16:24:28.555,AERO/USDT:USDT,0.9029,501.0,0.9023,219.0,0.9039,1.0,0.9043,3.0
1753547069072,16:24:29.072,AERO/USDT:USDT,0.9029,501.0,0.9027,335.0,0.9039,1.0,0.9043,3.0
1753547069912,16:24:29.912,AERO/USDT:USDT,0.9029,581.0,0.9027,335.0,0.9039,1.0,0.9043,3.0
1753547070044,16:24:30.044,AERO/USDT:USDT,0.9029,581.0,0.9027,335.0,0.9039,1.0,0.9043,3.0
1753547070065,16:24:30.065,AERO/USDT:USDT,0.9029,581.0,0.9027,335.0,0.9039,1.0,0.9043,3.0
1753547070598,16:24:30.598,AERO/USDT:USDT,0.9029,581.0,0.9027,335.0,0.9039,1.0,0.9043,3.0
1753547070858,16:24:30.858,AERO/USDT:USDT,0.9029,581.0,0.9027,335.0,0.9039,1.0,0.9043,3.0
1753547072895,16:24:32.895,AERO/USDT:USDT,0.9029,699.0,0.9027,335.0,0.9039,1.0,0.9043,3.0
1753547074867,16:24:34.867,AERO/USDT:USDT,0.9029,699.0,0.9027,335.0,0.9039,1.0,0.9043,3.0
1753547075528,16:24:35.528,AERO/USDT:USDT,0.903,715.0,0.9029,123.0,0.9039,1.0,0.9043,3.0
1753547075557,16:24:35.557,AERO/USDT:USDT,0.9031,5.0,0.903,715.0,0.9039,1.0,0.9043,3.0
1753547075827,16:24:35.827,AERO/USDT:USDT,0.9031,46.0,0.903,715.0,0.9039,1.0,0.9043,3.0
1753547075849,16:24:35.849,AERO/USDT:USDT,0.9031,46.0,0.903,715.0,0.9039,1.0,0.9043,3.0
1753547075954,16:24:35.954,AERO/USDT:USDT,0.9031,46.0,0.903,715.0,0.9039,1.0,0.9043,3.0
1753547076382,16:24:36.382,AERO/USDT:USDT,0.9031,126.0,0.903,496.0,0.9039,1.0,0.9043,3.0
1753547077123,16:24:37.123,AERO/USDT:USDT,0.9031,126.0,0.903,496.0,0.9039,1.0,0.9043,3.0
1753547079667,16:24:39.667,AERO/USDT:USDT,0.9031,126.0,0.903,496.0,0.9039,1.0,0.9043,3.0
1753547080005,16:24:40.005,AERO/USDT:USDT,0.9031,126.0,0.903,496.0,0.9039,1.0,0.9043,3.0
1753547081744,16:24:41.744,AERO/USDT:USDT,0.9031,816.0,0.9027,554.0,0.9039,1.0,0.9043,3.0
1753547081805,16:24:41.805,AERO/USDT:USDT,0.9032,496.0,0.9031,265.0,0.9039,1.0,0.9043,3.0
1753547081915,16:24:41.915,AERO/USDT:USDT,0.9033,5.0,0.9032,496.0,0.9039,1.0,0.9046,3.0
1753547082005,16:24:42.005,AERO/USDT:USDT,0.9033,501.0,0.9031,260.0,0.9039,1.0,0.9046,3.0
1753547082108,16:24:42.108,AERO/USDT:USDT,0.9033,501.0,0.9031,260.0,0.9039,1.0,0.9046,3.0
1753547082287,16:24:42.287,AERO/USDT:USDT,0.9033,501.0,0.9031,260.0,0.9039,1.0,0.9046,3.0
1753547082506,16:24:42.506,AERO/USDT:USDT,0.9033,501.0,0.9031,260.0,0.9039,1.0,0.9046,3.0
1753547083200,16:24:43.200,AERO/USDT:USDT,0.9033,501.0,0.9031,260.0,0.9039,1.0,0.9046,3.0
1753547083260,16:24:43.260,AERO/USDT:USDT,0.9033,501.0,0.9031,260.0,0.9039,1.0,0.9046,3.0
1753547083361,16:24:43.361,AERO/USDT:USDT,0.9033,501.0,0.9031,260.0,0.9039,1.0,0.9046,3.0
1753547083680,16:24:43.680,AERO/USDT:USDT,0.9033,501.0,0.9031,260.0,0.9039,1.0,0.9046,3.0
1753547083748,16:24:43.748,AERO/USDT:USDT,0.9033,501.0,0.9031,260.0,0.9039,1.0,0.9046,3.0
1753547084018,16:24:44.018,AERO/USDT:USDT,0.9033,501.0,0.9031,260.0,0.9039,1.0,0.9046,3.0
1753547084255,16:24:44.255,AERO/USDT:USDT,0.9033,501.0,0.9031,260.0,0.9039,1.0,0.9046,3.0
1753547084465,16:24:44.465,AERO/USDT:USDT,0.9033,501.0,0.9031,260.0,0.9039,1.0,0.9046,3.0
1753547085039,16:24:45.039,AERO/USDT:USDT,0.9033,501.0,0.9031,260.0,0.9039,1.0,0.9046,3.0
1753547085062,16:24:45.062,AERO/USDT:USDT,0.9033,501.0,0.9031,260.0,0.9039,1.0,0.9046,3.0
1753547085726,16:24:45.726,AERO/USDT:USDT,0.9033,556.0,0.9031,260.0,0.9039,1.0,0.9046,3.0
1753547085833,16:24:45.833,AERO/USDT:USDT,0.9033,556.0,0.9031,219.0,0.9039,1.0,0.9046,3.0
1753547086039,16:24:46.039,AERO/USDT:USDT,0.9033,556.0,0.9031,219.0,0.9039,1.0,0.9046,3.0
1753547086543,16:24:46.543,AERO/USDT:USDT,0.9033,556.0,0.9031,219.0,0.9039,1.0,0.9046,3.0
1753547087679,16:24:47.679,AERO/USDT:USDT,0.9033,501.0,0.9031,219.0,0.9039,1.0,0.9046,3.0
1753547088006,16:24:48.006,AERO/USDT:USDT,0.9033,501.0,0.9031,219.0,0.9039,1.0,0.9046,3.0
1753547088103,16:24:48.103,AERO/USDT:USDT,0.9033,501.0,0.9031,219.0,0.9039,1.0,0.9046,3.0
1753547089029,16:24:49.029,AERO/USDT:USDT,0.9033,501.0,0.9031,219.0,0.9039,1.0,0.9046,3.0
1753547089266,16:24:49.266,AERO/USDT:USDT,0.9033,501.0,0.9031,219.0,0.9039,1.0,0.9046,3.0
1753547090135,16:24:50.135,AERO/USDT:USDT,0.9033,501.0,0.9031,219.0,0.9039,1.0,0.9046,3.0
1753547090319,16:24:50.319,AERO/USDT:USDT,0.9033,501.0,0.9031,219.0,0.9039,1.0,0.9046,3.0
1753547090826,16:24:50.826,AERO/USDT:USDT,0.9033,542.0,0.9031,219.0,0.9039,1.0,0.9046,3.0
1753547090950,16:24:50.950,AERO/USDT:USDT,0.9033,542.0,0.9031,219.0,0.9039,1.0,0.9046,3.0
1753547092067,16:24:52.067,AERO/USDT:USDT,0.9033,655.0,0.9031,219.0,0.9039,1.0,0.9046,3.0
1753547092166,16:24:52.166,AERO/USDT:USDT,0.9033,655.0,0.9031,219.0,0.9039,1.0,0.9046,3.0
1753547092366,16:24:52.366,AERO/USDT:USDT,0.9033,735.0,0.9031,219.0,0.9039,1.0,0.9046,3.0
1753547092908,16:24:52.908,AERO/USDT:USDT,0.9033,735.0,0.9031,219.0,0.9039,1.0,0.9046,3.0
1753547092979,16:24:52.979,AERO/USDT:USDT,0.9033,735.0,0.9031,219.0,0.9039,1.0,0.9046,3.0
1753547093524,16:24:53.524,AERO/USDT:USDT,0.9033,871.0,0.9031,219.0,0.9039,1.0,0.9046,3.0
1753547094066,16:24:54.066,AERO/USDT:USDT,0.9033,871.0,0.9031,219.0,0.9039,1.0,0.9046,3.0
1753547095933,16:24:55.933,AERO/USDT:USDT,0.9033,962.0,0.9031,219.0,0.9039,1.0,0.9046,3.0
1753547098035,16:24:58.035,AERO/USDT:USDT,0.9033,962.0,0.9031,219.0,0.9039,1.0,0.9046,3.0
1753547098866,16:24:58.866,AERO/USDT:USDT,0.9033,962.0,0.9031,219.0,0.9039,1.0,0.9046,3.0
1753547100228,16:25:00.228,AERO/USDT:USDT,0.9033,542.0,0.9031,219.0,0.9039,1.0,0.9046,3.0
1753547100288,16:25:00.288,AERO/USDT:USDT,0.9033,542.0,0.9031,219.0,0.9039,1.0,0.9046,3.0
1753547100431,16:25:00.431,AERO/USDT:USDT,0.9033,46.0,0.9031,219.0,0.9039,1.0,0.9046,3.0
1753547100526,16:25:00.526,AERO/USDT:USDT,0.9033,46.0,0.9031,219.0,0.9039,1.0,0.9046,3.0
1753547100591,16:25:00.591,AERO/USDT:USDT,0.9033,46.0,0.903,496.0,0.9039,1.0,0.9046,3.0
1753547101031,16:25:01.031,AERO/USDT:USDT,0.9033,46.0,0.903,496.0,0.9039,1.0,0.9046,3.0
1753547101131,16:25:01.131,AERO/USDT:USDT,0.9033,46.0,0.903,496.0,0.9039,1.0,0.9046,3.0
1753547101180,16:25:01.180,AERO/USDT:USDT,0.9033,46.0,0.903,496.0,0.9039,1.0,0.9046,3.0
1753547101284,16:25:01.284,AERO/USDT:USDT,0.9033,46.0,0.903,496.0,0.9039,1.0,0.9046,3.0
1753547101474,16:25:01.474,AERO/USDT:USDT,0.9033,46.0,0.9031,219.0,0.9039,1.0,0.9046,3.0
1753547101858,16:25:01.858,AERO/USDT:USDT,0.9033,46.0,0.9031,219.0,0.9039,1.0,0.9046,3.0
1753547102124,16:25:02.124,AERO/USDT:USDT,0.9033,46.0,0.9031,219.0,0.9039,1.0,0.9046,3.0
1753547103226,16:25:03.226,AERO/USDT:USDT,0.9033,46.0,0.903,496.0,0.9039,1.0,0.9046,3.0
1753547103322,16:25:03.322,AERO/USDT:USDT,0.9033,46.0,0.903,496.0,0.9039,1.0,0.9046,3.0
1753547103669,16:25:03.669,AERO/USDT:USDT,0.9033,46.0,0.903,496.0,0.9039,1.0,0.9046,3.0
1753547104437,16:25:04.437,AERO/USDT:USDT,0.9033,46.0,0.903,496.0,0.9039,1.0,0.9046,3.0
1753547105641,16:25:05.641,AERO/USDT:USDT,0.9033,46.0,0.903,496.0,0.9039,1.0,0.9044,219.0
1753547105740,16:25:05.740,AERO/USDT:USDT,0.9033,46.0,0.903,496.0,0.9039,1.0,0.9043,3.0
1753547106004,16:25:06.004,AERO/USDT:USDT,0.9033,46.0,0.903,496.0,0.9039,1.0,0.9043,3.0
1753547106302,16:25:06.302,AERO/USDT:USDT,0.9033,46.0,0.903,496.0,0.9039,1.0,0.9043,3.0
1753547106421,16:25:06.421,AERO/USDT:USDT,0.9033,46.0,0.903,496.0,0.9039,1.0,0.9043,3.0
1753547106499,16:25:06.499,AERO/USDT:USDT,0.9033,46.0,0.903,496.0,0.9039,1.0,0.9043,3.0
1753547106600,16:25:06.600,AERO/USDT:USDT,0.9033,46.0,0.903,496.0,0.9039,1.0,0.9043,3.0
1753547106875,16:25:06.875,AERO/USDT:USDT,0.9033,46.0,0.903,496.0,0.9039,1.0,0.9043,3.0
1753547107140,16:25:07.140,AERO/USDT:USDT,0.9033,46.0,0.903,496.0,0.9039,1.0,0.9043,3.0
1753547107172,16:25:07.172,AERO/USDT:USDT,0.9033,46.0,0.903,496.0,0.9039,1.0,0.9043,3.0
1753547107350,16:25:07.350,AERO/USDT:USDT,0.9033,46.0,0.903,496.0,0.9039,1.0,0.9043,3.0
1753547107483,16:25:07.483,AERO/USDT:USDT,0.9033,46.0,0.903,496.0,0.9039,1.0,0.9043,3.0
1753547107857,16:25:07.857,AERO/USDT:USDT,0.9033,46.0,0.903,496.0,0.9039,1.0,0.9043,3.0
1753547108466,16:25:08.466,AERO/USDT:USDT,0.9033,46.0,0.903,496.0,0.9039,1.0,0.9043,3.0
1753547109743,16:25:09.743,AERO/USDT:USDT,0.9033,46.0,0.9031,219.0,0.9039,1.0,0.9043,3.0
1753547109753,16:25:09.753,AERO/USDT:USDT,0.9033,46.0,0.9031,219.0,0.9039,1.0,0.9043,3.0
1753547112325,16:25:12.325,AERO/USDT:USDT,0.9033,46.0,0.9031,219.0,0.9039,1.0,0.9043,3.0
1753547112352,16:25:12.352,AERO/USDT:USDT,0.9033,46.0,0.9031,219.0,0.9039,1.0,0.9046,3.0
1753547112661,16:25:12.661,AERO/USDT:USDT,0.9033,46.0,0.9031,219.0,0.9039,1.0,0.9046,3.0
1753547113267,16:25:13.267,AERO/USDT:USDT,0.9033,46.0,0.9031,219.0,0.9039,1.0,0.9046,3.0
1753547114397,16:25:14.397,AERO/USDT:USDT,0.9033,46.0,0.9031,219.0,0.9039,1.0,0.9046,3.0
1753547115024,16:25:15.024,AERO/USDT:USDT,0.9033,46.0,0.9031,219.0,0.9039,1.0,0.9046,3.0
1753547115103,16:25:15.103,AERO/USDT:USDT,0.9033,46.0,0.903,496.0,0.9039,1.0,0.9046,3.0
1753547115241,16:25:15.241,AERO/USDT:USDT,0.9033,46.0,0.903,496.0,0.9039,1.0,0.9046,3.0
1753547115340,16:25:15.340,AERO/USDT:USDT,0.9033,46.0,0.903,496.0,0.9039,1.0,0.9046,3.0
1753547115651,16:25:15.651,AERO/USDT:USDT,0.9033,46.0,0.903,496.0,0.9039,1.0,0.9044,219.0
1753547115752,16:25:15.752,AERO/USDT:USDT,0.9033,46.0,0.903,496.0,0.9039,1.0,0.9043,3.0
1753547115900,16:25:15.900,AERO/USDT:USDT,0.9033,46.0,0.9027,715.0,0.9039,1.0,0.9043,3.0
1753547116043,16:25:16.043,AERO/USDT:USDT,0.9033,46.0,0.9027,715.0,0.9039,1.0,0.9043,3.0
1753547116066,16:25:16.066,AERO/USDT:USDT,0.9033,46.0,0.9027,715.0,0.9039,1.0,0.9043,3.0
1753547117008,16:25:17.008,AERO/USDT:USDT,0.9033,46.0,0.9027,715.0,0.9039,1.0,0.9043,3.0
1753547118066,16:25:18.066,AERO/USDT:USDT,0.9033,46.0,0.9027,715.0,0.9039,1.0,0.9043,3.0
1753547118741,16:25:18.741,AERO/USDT:USDT,0.9033,46.0,0.9027,715.0,0.9039,1.0,0.9043,3.0
1753547118843,16:25:18.843,AERO/USDT:USDT,0.9034,496.0,0.9033,46.0,0.9039,1.0,0.9046,3.0
1753547118894,16:25:18.894,AERO/USDT:USDT,0.9035,5.0,0.9034,496.0,0.9039,1.0,0.9046,3.0
1753547119036,16:25:19.036,AERO/USDT:USDT,0.9035,501.0,0.9033,41.0,0.9039,1.0,0.9046,3.0
1753547119084,16:25:19.084,AERO/USDT:USDT,0.9035,501.0,0.9033,41.0,0.9039,1.0,0.9046,3.0
1753547119445,16:25:19.445,AERO/USDT:USDT,0.9035,501.0,0.9033,41.0,0.9039,1.0,0.9046,3.0
1753547119446,16:25:19.446,AERO/USDT:USDT,0.9035,501.0,0.9033,41.0,0.9039,1.0,0.9046,3.0
1753547120006,16:25:20.006,AERO/USDT:USDT,0.9035,501.0,0.9033,41.0,0.9039,1.0,0.9046,3.0
1753547121008,16:25:21.008,AERO/USDT:USDT,0.9035,501.0,0.9033,41.0,0.9039,1.0,0.9046,3.0
1753547121727,16:25:21.727,AERO/USDT:USDT,0.9035,501.0,0.9033,41.0,0.9039,1.0,0.9046,3.0
1753547122217,16:25:22.217,AERO/USDT:USDT,0.9035,501.0,0.9033,41.0,0.9039,1.0,0.9046,3.0
1753547122867,16:25:22.867,AERO/USDT:USDT,0.9035,501.0,0.9033,41.0,0.9039,1.0,0.9046,3.0
1753547123006,16:25:23.006,AERO/USDT:USDT,0.9035,501.0,0.9033,41.0,0.9039,1.0,0.9046,3.0
1753547123094,16:25:23.094,AERO/USDT:USDT,0.9035,501.0,0.9033,41.0,0.9039,1.0,0.9046,3.0
1753547123188,16:25:23.188,AERO/USDT:USDT,0.9035,501.0,0.9033,41.0,0.9039,1.0,0.9046,3.0
1753547124007,16:25:24.007,AERO/USDT:USDT,0.9035,501.0,0.9033,41.0,0.9039,1.0,0.9046,3.0
1753547124095,16:25:24.095,AERO/USDT:USDT,0.9035,501.0,0.9033,41.0,0.9039,1.0,0.9046,3.0
1753547124539,16:25:24.539,AERO/USDT:USDT,0.9035,5.0,0.9033,41.0,0.9039,1.0,0.9046,3.0
1753547124554,16:25:24.554,AERO/USDT:USDT,0.9034,5.0,0.9033,41.0,0.9039,1.0,0.9046,3.0
1753547124732,16:25:24.732,AERO/USDT:USDT,0.9034,5.0,0.9033,41.0,0.9039,1.0,0.9044,219.0
1753547124771,16:25:24.771,AERO/USDT:USDT,0.9034,5.0,0.9033,41.0,0.9039,1.0,0.9043,3.0
1753547125003,16:25:25.003,AERO/USDT:USDT,0.9034,5.0,0.9033,41.0,0.9039,1.0,0.9043,3.0
1753547125171,16:25:25.171,AERO/USDT:USDT,0.9034,5.0,0.9033,41.0,0.9039,1.0,0.9043,3.0
1753547125550,16:25:25.550,AERO/USDT:USDT,0.9034,5.0,0.9033,41.0,0.9039,1.0,0.9043,3.0
1753547127667,16:25:27.667,AERO/USDT:USDT,0.9034,5.0,0.9033,41.0,0.9039,1.0,0.9043,3.0
1753547128013,16:25:28.013,AERO/USDT:USDT,0.9034,5.0,0.9033,41.0,0.9039,1.0,0.9043,3.0
1753547128092,16:25:28.092,AERO/USDT:USDT,0.9034,5.0,0.9033,41.0,0.9039,1.0,0.9043,3.0
1753547128212,16:25:28.212,AERO/USDT:USDT,0.9034,5.0,0.9033,41.0,0.9039,1.0,0.9043,3.0
1753547128438,16:25:28.438,AERO/USDT:USDT,0.9034,5.0,0.9033,41.0,0.9039,1.0,0.9043,3.0
1753547128708,16:25:28.708,AERO/USDT:USDT,0.9034,5.0,0.9033,41.0,0.9039,1.0,0.9043,3.0
1753547128757,16:25:28.757,AERO/USDT:USDT,0.9034,5.0,0.9033,41.0,0.9039,1.0,0.9046,3.0
1753547128929,16:25:28.929,AERO/USDT:USDT,0.9034,5.0,0.9033,41.0,0.9039,1.0,0.9046,3.0
1753547130846,16:25:30.846,AERO/USDT:USDT,0.9034,5.0,0.9033,41.0,0.9039,1.0,0.9046,3.0
1753547131004,16:25:31.004,AERO/USDT:USDT,0.9034,5.0,0.9033,41.0,0.9039,1.0,0.9046,3.0
1753547132467,16:25:32.467,AERO/USDT:USDT,0.9034,5.0,0.9033,41.0,0.9039,1.0,0.9046,3.0
1753547135235,16:25:35.235,AERO/USDT:USDT,0.9034,5.0,0.9033,41.0,0.9039,1.0,0.9046,3.0
1753547137093,16:25:37.093,AERO/USDT:USDT,0.9034,5.0,0.9033,41.0,0.9039,1.0,0.9044,219.0
1753547137152,16:25:37.152,AERO/USDT:USDT,0.9034,5.0,0.9033,41.0,0.9039,1.0,0.9043,3.0
1753547137267,16:25:37.267,AERO/USDT:USDT,0.9034,5.0,0.9033,41.0,0.9039,1.0,0.9043,3.0
1753547140078,16:25:40.078,AERO/USDT:USDT,0.9034,5.0,0.9033,41.0,0.9039,1.0,0.9043,3.0
1753547141832,16:25:41.832,AERO/USDT:USDT,0.9034,5.0,0.9033,41.0,0.9039,1.0,0.9043,3.0
1753547142067,16:25:42.067,AERO/USDT:USDT,0.9034,5.0,0.9033,41.0,0.9039,1.0,0.9043,3.0
1753547144136,16:25:44.136,AERO/USDT:USDT,0.9034,5.0,0.9033,41.0,0.9039,1.0,0.9043,3.0
1753547144707,16:25:44.707,AERO/USDT:USDT,0.9034,5.0,0.9033,41.0,0.9039,1.0,0.9043,3.0
1753547146868,16:25:46.868,AERO/USDT:USDT,0.9034,5.0,0.9033,41.0,0.9039,1.0,0.9043,3.0
1753547147203,16:25:47.203,AERO/USDT:USDT,0.9034,5.0,0.9033,41.0,0.9039,1.0,0.9043,3.0
1753547147320,16:25:47.320,AERO/USDT:USDT,0.9034,5.0,0.9033,41.0,0.9039,1.0,0.9043,3.0
1753547147369,16:25:47.369,AERO/USDT:USDT,0.9034,5.0,0.9033,41.0,0.9039,1.0,0.9043,3.0
1753547147604,16:25:47.604,AERO/USDT:USDT,0.9034,5.0,0.9033,41.0,0.9039,1.0,0.9043,3.0
1753547148003,16:25:48.003,AERO/USDT:USDT,0.9034,5.0,0.9033,41.0,0.9039,1.0,0.9043,3.0
1753547148249,16:25:48.249,AERO/USDT:USDT,0.9034,5.0,0.9033,41.0,0.9039,1.0,0.9043,3.0
1753547150446,16:25:50.446,AERO/USDT:USDT,0.9034,5.0,0.9033,41.0,0.9038,219.0,0.9039,1.0
1753547150459,16:25:50.459,AERO/USDT:USDT,0.9034,5.0,0.9033,41.0,0.9037,3.0,0.9039,1.0
1753547150552,16:25:50.552,AERO/USDT:USDT,0.9034,5.0,0.9033,41.0,0.9039,1.0,0.9043,3.0
1753547150938,16:25:50.938,AERO/USDT:USDT,0.9034,5.0,0.9033,41.0,0.9038,219.0,0.9039,1.0
1753547151021,16:25:51.021,AERO/USDT:USDT,0.9034,5.0,0.9033,41.0,0.9037,3.0,0.9038,219.0
1753547151093,16:25:51.093,AERO/USDT:USDT,0.9034,5.0,0.9033,41.0,0.9037,3.0,0.9038,219.0
1753547151668,16:25:51.668,AERO/USDT:USDT,0.9034,5.0,0.9033,41.0,0.9037,3.0,0.9038,219.0
1753547152323,16:25:52.323,AERO/USDT:USDT,0.9034,5.0,0.9033,41.0,0.9037,3.0,0.9039,1.0
1753547152365,16:25:52.365,AERO/USDT:USDT,0.9034,5.0,0.9033,41.0,0.9038,219.0,0.9039,1.0
1753547152452,16:25:52.452,AERO/USDT:USDT,0.9034,5.0,0.9033,41.0,0.9037,3.0,0.9038,219.0
1753547152968,16:25:52.968,AERO/USDT:USDT,0.9034,5.0,0.9033,41.0,0.9037,3.0,0.9038,219.0
1753547153530,16:25:53.530,AERO/USDT:USDT,0.9034,5.0,0.9033,41.0,0.9037,3.0,0.9039,1.0
1753547153553,16:25:53.553,AERO/USDT:USDT,0.9034,5.0,0.9033,41.0,0.9038,219.0,0.9039,1.0
1753547153729,16:25:53.729,AERO/USDT:USDT,0.9034,5.0,0.9033,41.0,0.9037,3.0,0.9038,219.0
1753547154664,16:25:54.664,AERO/USDT:USDT,0.9034,5.0,0.9033,41.0,0.9037,3.0,0.9038,219.0
1753547155188,16:25:55.188,AERO/USDT:USDT,0.9034,5.0,0.9033,41.0,0.9037,3.0,0.9038,219.0
1753547155415,16:25:55.415,AERO/USDT:USDT,0.9034,5.0,0.9033,41.0,0.9037,3.0,0.9038,219.0
1753547156007,16:25:56.007,AERO/USDT:USDT,0.9034,5.0,0.9033,41.0,0.9037,3.0,0.9038,219.0
1753547156528,16:25:56.528,AERO/USDT:USDT,0.9034,5.0,0.9033,41.0,0.9037,3.0,0.9039,1.0
1753547156563,16:25:56.563,AERO/USDT:USDT,0.9034,5.0,0.9033,41.0,0.9038,219.0,0.9039,1.0
1753547156652,16:25:56.652,AERO/USDT:USDT,0.9034,5.0,0.9033,41.0,0.9037,3.0,0.9038,219.0
1753547157009,16:25:57.009,AERO/USDT:USDT,0.9034,5.0,0.9033,41.0,0.9037,3.0,0.9038,219.0
1753547158488,16:25:58.488,AERO/USDT:USDT,0.9034,5.0,0.9033,41.0,0.9037,3.0,0.9039,1.0
1753547158575,16:25:58.575,AERO/USDT:USDT,0.9034,5.0,0.9033,41.0,0.9038,219.0,0.9039,1.0
1753547158652,16:25:58.652,AERO/USDT:USDT,0.9034,5.0,0.9033,41.0,0.9037,3.0,0.9038,219.0
1753547159089,16:25:59.089,AERO/USDT:USDT,0.9034,5.0,0.9033,41.0,0.9037,3.0,0.9038,219.0
1753547161282,16:26:01.282,AERO/USDT:USDT,0.9034,5.0,0.9033,41.0,0.9037,3.0,0.9038,219.0
1753547162908,16:26:02.908,AERO/USDT:USDT,0.9034,5.0,0.9033,41.0,0.9037,3.0,0.9039,1.0
1753547162952,16:26:02.952,AERO/USDT:USDT,0.9034,5.0,0.9033,41.0,0.9039,1.0,0.9043,3.0
1753547163059,16:26:03.059,AERO/USDT:USDT,0.9034,5.0,0.9033,41.0,0.9038,219.0,0.9039,1.0
1753547163153,16:26:03.153,AERO/USDT:USDT,0.9034,5.0,0.9033,41.0,0.9037,3.0,0.9038,219.0
1753547163591,16:26:03.591,AERO/USDT:USDT,0.9034,5.0,0.9033,41.0,0.9037,3.0,0.9038,219.0
1753547163701,16:26:03.701,AERO/USDT:USDT,0.9034,5.0,0.9033,41.0,0.9037,3.0,0.9038,219.0
1753547163798,16:26:03.798,AERO/USDT:USDT,0.9034,5.0,0.9033,41.0,0.9037,26.0,0.9038,219.0
1753547164365,16:26:04.365,AERO/USDT:USDT,0.9034,5.0,0.9033,41.0,0.9037,26.0,0.9038,219.0
1753547164454,16:26:04.454,AERO/USDT:USDT,0.9034,5.0,0.9033,41.0,0.9037,28.0,0.9038,219.0
1753547164896,16:26:04.896,AERO/USDT:USDT,0.9023,544.0,0.9022,496.0,0.9034,219.0,0.9037,28.0
1753547165043,16:26:05.043,AERO/USDT:USDT,0.9023,325.0,0.9022,496.0,0.9033,33.0,0.9034,1038.0
1753547165135,16:26:05.135,AERO/USDT:USDT,0.9022,496.0,0.9019,219.0,0.9033,33.0,0.9034,1038.0
1753547165325,16:26:05.325,AERO/USDT:USDT,0.9022,496.0,0.9019,219.0,0.9033,33.0,0.9034,1038.0
1753547165439,16:26:05.439,AERO/USDT:USDT,0.9022,496.0,0.9019,219.0,0.9033,33.0,0.9034,1038.0
1753547165475,16:26:05.475,AERO/USDT:USDT,0.9022,496.0,0.9019,219.0,0.9033,344.0,0.9034,1038.0
1753547165556,16:26:05.556,AERO/USDT:USDT,0.9022,496.0,0.9019,219.0,0.9033,344.0,0.9034,1038.0
1753547166006,16:26:06.006,AERO/USDT:USDT,0.9022,496.0,0.9019,219.0,0.9033,344.0,0.9034,1038.0
1753547166092,16:26:06.092,AERO/USDT:USDT,0.9022,496.0,0.9019,219.0,0.9033,344.0,0.9034,1038.0
1753547166208,16:26:06.208,AERO/USDT:USDT,0.9022,496.0,0.9019,219.0,0.9033,344.0,0.9034,1038.0
1753547167097,16:26:07.097,AERO/USDT:USDT,0.9022,496.0,0.9021,334.0,0.9033,344.0,0.9034,1038.0
1753547167458,16:26:07.458,AERO/USDT:USDT,0.9022,496.0,0.9021,334.0,0.9033,344.0,0.9034,1038.0
1753547167961,16:26:07.961,AERO/USDT:USDT,0.9022,496.0,0.9021,334.0,0.9033,344.0,0.9034,1038.0
1753547168342,16:26:08.342,AERO/USDT:USDT,0.9022,496.0,0.9021,334.0,0.9033,33.0,0.9034,1038.0
1753547169601,16:26:09.601,AERO/USDT:USDT,0.9022,496.0,0.9021,334.0,0.9033,33.0,0.9034,1038.0
1753547169714,16:26:09.714,AERO/USDT:USDT,0.9022,496.0,0.9019,219.0,0.9033,33.0,0.9034,1038.0
1753547170006,16:26:10.006,AERO/USDT:USDT,0.9022,496.0,0.9019,219.0,0.9033,33.0,0.9034,1038.0
1753547170102,16:26:10.102,AERO/USDT:USDT,0.9022,496.0,0.9019,219.0,0.9033,33.0,0.9034,1038.0
1753547170945,16:26:10.945,AERO/USDT:USDT,0.902,334.0,0.9015,219.0,0.9033,33.0,0.9034,1038.0
1753547171013,16:26:11.013,AERO/USDT:USDT,0.902,219.0,0.9019,496.0,0.9033,344.0,0.9034,1038.0
1753547171208,16:26:11.208,AERO/USDT:USDT,0.902,219.0,0.9019,496.0,0.9033,344.0,0.9034,1038.0
1753547171524,16:26:11.524,AERO/USDT:USDT,0.902,715.0,0.9015,1995.0,0.9033,344.0,0.9034,1038.0
1753547171742,16:26:11.742,AERO/USDT:USDT,0.902,715.0,0.9015,1995.0,0.9033,33.0,0.9034,1038.0
1753547172135,16:26:12.135,AERO/USDT:USDT,0.902,715.0,0.9015,1995.0,0.9033,33.0,0.9034,1038.0
1753547172481,16:26:12.481,AERO/USDT:USDT,0.902,715.0,0.9015,1995.0,0.9033,33.0,0.9034,1038.0
1753547172688,16:26:12.688,AERO/USDT:USDT,0.902,715.0,0.9015,1995.0,0.9033,33.0,0.9034,1038.0
1753547172976,16:26:12.976,AERO/USDT:USDT,0.902,715.0,0.9015,1995.0,0.9033,33.0,0.9034,219.0
1753547173056,16:26:13.056,AERO/USDT:USDT,0.9021,496.0,0.902,219.0,0.9033,33.0,0.9034,219.0
1753547173228,16:26:13.228,AERO/USDT:USDT,0.9021,496.0,0.902,219.0,0.9033,33.0,0.9038,219.0
1753547173298,16:26:13.298,AERO/USDT:USDT,0.9021,496.0,0.902,219.0,0.9033,33.0,0.9038,219.0
1753547173401,16:26:13.401,AERO/USDT:USDT,0.9021,496.0,0.902,219.0,0.9033,33.0,0.9038,219.0
1753547173634,16:26:13.634,AERO/USDT:USDT,0.9024,219.0,0.9021,496.0,0.9033,25.0,0.9037,8.0
1753547173651,16:26:13.651,AERO/USDT:USDT,0.9024,715.0,0.902,219.0,0.9033,25.0,0.9037,8.0
1753547173927,16:26:13.927,AERO/USDT:USDT,0.9024,715.0,0.902,219.0,0.9033,25.0,0.9037,8.0
1753547174030,16:26:14.030,AERO/USDT:USDT,0.9024,715.0,0.902,219.0,0.9033,25.0,0.9037,8.0
1753547174068,16:26:14.068,AERO/USDT:USDT,0.9024,715.0,0.902,219.0,0.9033,25.0,0.9037,8.0
1753547174223,16:26:14.223,AERO/USDT:USDT,0.9024,715.0,0.902,219.0,0.9033,25.0,0.9037,8.0
1753547174324,16:26:14.324,AERO/USDT:USDT,0.9024,715.0,0.902,219.0,0.9033,25.0,0.9037,8.0
1753547176033,16:26:16.033,AERO/USDT:USDT,0.9024,496.0,0.902,219.0,0.9033,25.0,0.9037,8.0
1753547176268,16:26:16.268,AERO/USDT:USDT,0.9024,496.0,0.902,219.0,0.9033,25.0,0.9037,8.0
1753547176666,16:26:16.666,AERO/USDT:USDT,0.9024,496.0,0.902,219.0,0.9033,25.0,0.9037,8.0
1753547180313,16:26:20.313,AERO/USDT:USDT,0.9024,496.0,0.902,219.0,0.9033,25.0,0.9037,8.0
1753547180458,16:26:20.458,AERO/USDT:USDT,0.9025,219.0,0.9024,496.0,0.9033,25.0,0.9037,8.0
1753547180815,16:26:20.815,AERO/USDT:USDT,0.9025,219.0,0.9024,496.0,0.9033,25.0,0.9037,8.0
1753547181068,16:26:21.068,AERO/USDT:USDT,0.9025,219.0,0.9024,496.0,0.9033,25.0,0.9037,8.0
