timestamp,time,exchange,symbol,bid1_price,bid1_volume,bid2_price,bid2_volume,ask1_price,ask1_volume,ask2_price,ask2_volume
1753591885464,04:51:25.464,bybit,AEVO/USDT:USDT,0.1081,14994.2,0.108,103621.1,0.1082,2342.9,0.1083,42824.0
1753591885564,04:51:25.564,bybit,AEVO/USDT:USDT,0.1081,14994.2,0.108,103621.1,0.1082,2342.9,0.1083,42824.0
1753591885964,04:51:25.964,bybit,AEVO/USDT:USDT,0.1081,14994.2,0.108,103621.1,0.1082,2342.9,0.1083,42824.0
1753591886064,04:51:26.064,bybit,AEVO/USDT:USDT,0.1081,14994.2,0.108,103621.1,0.1082,2342.9,0.1083,42824.0
1753591886564,04:51:26.564,bybit,AEVO/USDT:USDT,0.1081,14994.2,0.108,103621.1,0.1082,2342.9,0.1083,42824.0
1753591886676,04:51:26.676,bybit,AEVO/USDT:USDT,0.1081,14994.2,0.108,103621.1,0.1082,2342.9,0.1083,42824.0
1753591887665,04:51:27.665,bybit,AEVO/USDT:USDT,0.1081,14994.2,0.108,103621.1,0.1082,2342.9,0.1083,42824.0
1753591887765,04:51:27.765,bybit,AEVO/USDT:USDT,0.1081,14994.2,0.108,103621.1,0.1082,2342.9,0.1083,42824.0
1753591888864,04:51:28.864,bybit,AEVO/USDT:USDT,0.1081,14994.2,0.108,115887.6,0.1082,2342.9,0.1083,42824.0
1753591888964,04:51:28.964,bybit,AEVO/USDT:USDT,0.1081,14994.2,0.108,115887.6,0.1082,2342.9,0.1083,42824.0
1753591889564,04:51:29.564,bybit,AEVO/USDT:USDT,0.1081,14994.2,0.108,115887.6,0.1082,2342.9,0.1083,42824.0
1753591890064,04:51:30.064,bybit,AEVO/USDT:USDT,0.1081,14994.2,0.108,115887.6,0.1082,2342.9,0.1083,42824.0
1753591890169,04:51:30.169,bybit,AEVO/USDT:USDT,0.1081,14994.2,0.108,115887.6,0.1082,2342.9,0.1083,42824.0
1753591890665,04:51:30.665,bybit,AEVO/USDT:USDT,0.1081,14994.2,0.108,115887.6,0.1082,2342.9,0.1083,42824.0
1753591890765,04:51:30.765,bybit,AEVO/USDT:USDT,0.1081,14994.2,0.108,115887.6,0.1082,2342.9,0.1083,42824.0
1753591890965,04:51:30.965,bybit,AEVO/USDT:USDT,0.1081,14994.2,0.108,114340.1,0.1082,2342.9,0.1083,42824.0
1753591891065,04:51:31.065,bybit,AEVO/USDT:USDT,0.1081,16876.6,0.108,114340.1,0.1082,2342.9,0.1083,42824.0
1753591891166,04:51:31.166,bybit,AEVO/USDT:USDT,0.1081,16876.6,0.108,114340.1,0.1082,2342.9,0.1083,42824.0
1753591891265,04:51:31.265,bybit,AEVO/USDT:USDT,0.1081,16876.6,0.108,114340.1,0.1082,2342.9,0.1083,42824.0
1753591891464,04:51:31.464,bybit,AEVO/USDT:USDT,0.1081,16876.6,0.108,114340.1,0.1082,537.6,0.1083,42824.0
1753591891664,04:51:31.664,bybit,AEVO/USDT:USDT,0.1081,16876.6,0.108,114340.1,0.1082,2427.7,0.1083,42824.0
1753591891765,04:51:31.765,bybit,AEVO/USDT:USDT,0.1081,16876.6,0.108,114340.1,0.1082,2427.7,0.1083,42824.0
1753591892765,04:51:32.765,bybit,AEVO/USDT:USDT,0.1081,16876.6,0.108,114340.1,0.1082,2427.7,0.1083,42824.0
1753591892864,04:51:32.864,bybit,AEVO/USDT:USDT,0.1081,16876.6,0.108,114340.1,0.1082,2375.0,0.1083,42824.0
1753591892964,04:51:32.964,bybit,AEVO/USDT:USDT,0.1081,16876.6,0.108,118025.2,0.1082,2375.0,0.1083,42824.0
1753591893364,04:51:33.364,bybit,AEVO/USDT:USDT,0.1081,16876.6,0.108,118025.2,0.1082,2375.0,0.1083,42824.0
1753591893464,04:51:33.464,bybit,AEVO/USDT:USDT,0.1081,16876.6,0.108,118025.2,0.1082,2375.0,0.1083,42824.0
1753591894465,04:51:34.465,bybit,AEVO/USDT:USDT,0.1081,16876.6,0.108,118025.2,0.1082,2375.0,0.1083,42824.0
1753591894564,04:51:34.564,bybit,AEVO/USDT:USDT,0.1081,16876.6,0.108,118025.2,0.1082,2375.0,0.1083,42824.0
1753591894965,04:51:34.965,bybit,AEVO/USDT:USDT,0.1081,16876.6,0.108,118025.2,0.1082,2375.0,0.1083,42824.0
1753591895065,04:51:35.065,bybit,AEVO/USDT:USDT,0.1081,16876.6,0.108,118025.2,0.1082,2375.0,0.1083,42824.0
1753591895564,04:51:35.564,bybit,AEVO/USDT:USDT,0.1081,16876.6,0.108,118025.2,0.1082,2375.0,0.1083,42824.0
1753591897465,04:51:37.465,bybit,AEVO/USDT:USDT,0.1081,17108.5,0.108,105758.7,0.1082,2375.0,0.1083,42824.0
1753591898464,04:51:38.464,bybit,AEVO/USDT:USDT,0.1081,17108.5,0.108,105758.7,0.1082,2375.0,0.1083,42824.0
1753591898565,04:51:38.565,bybit,AEVO/USDT:USDT,0.1081,17108.5,0.108,105758.7,0.1082,2375.0,0.1083,42824.0
1753591899165,04:51:39.165,bybit,AEVO/USDT:USDT,0.1081,17108.5,0.108,105758.7,0.1082,2375.0,0.1083,42824.0
1753591899565,04:51:39.565,bybit,AEVO/USDT:USDT,0.1081,17108.5,0.108,98726.9,0.1082,538.0,0.1083,42824.0
1753591899666,04:51:39.666,bybit,AEVO/USDT:USDT,0.1082,3686.4,0.1081,64714.0,0.1083,13169.0,0.1084,60245.6
1753591899765,04:51:39.765,bybit,AEVO/USDT:USDT,0.1082,3840.1,0.1081,78417.2,0.1083,12838.6,0.1084,60706.8
1753591899865,04:51:39.865,bybit,AEVO/USDT:USDT,0.1082,1991.1,0.1081,74167.7,0.1083,10399.3,0.1084,57938.8
1753591899964,04:51:39.964,bybit,AEVO/USDT:USDT,0.1082,5111.1,0.1081,74167.7,0.1083,8821.3,0.1084,57938.8
1753591900064,04:51:40.064,bybit,AEVO/USDT:USDT,0.1082,1991.1,0.1081,74167.7,0.1083,8821.3,0.1084,57938.8
1753591900264,04:51:40.264,bybit,AEVO/USDT:USDT,0.1082,6991.1,0.1081,74167.7,0.1083,13821.3,0.1084,57938.8
1753591900364,04:51:40.364,bybit,AEVO/USDT:USDT,0.1082,6991.1,0.1081,74167.7,0.1083,13821.3,0.1084,57938.8
1753591900665,04:51:40.665,bybit,AEVO/USDT:USDT,0.1082,6991.1,0.1081,74167.7,0.1083,13821.3,0.1084,57938.8
1753591900764,04:51:40.764,bybit,AEVO/USDT:USDT,0.1082,6991.1,0.1081,74167.7,0.1083,13821.3,0.1084,57938.8
1753591900964,04:51:40.964,bybit,AEVO/USDT:USDT,0.1082,6991.1,0.1081,74167.7,0.1083,13821.3,0.1084,57938.8
1753591901164,04:51:41.164,bybit,AEVO/USDT:USDT,0.1082,6991.1,0.1081,74167.7,0.1083,13821.3,0.1084,57938.8
1753591901264,04:51:41.264,bybit,AEVO/USDT:USDT,0.1082,9300.8,0.1081,74167.7,0.1083,13821.3,0.1084,57938.8
1753591901364,04:51:41.364,bybit,AEVO/USDT:USDT,0.1082,9300.8,0.1081,74167.7,0.1083,13821.3,0.1084,57938.8
1753591901565,04:51:41.565,bybit,AEVO/USDT:USDT,0.1082,9300.8,0.1081,74167.7,0.1083,13821.3,0.1084,57938.8
1753591901864,04:51:41.864,bybit,AEVO/USDT:USDT,0.1082,9300.8,0.1081,74167.7,0.1083,13821.3,0.1084,58400.5
1753591901965,04:51:41.965,bybit,AEVO/USDT:USDT,0.1082,9300.8,0.1081,77739.2,0.1083,13821.3,0.1084,58400.5
1753591902264,04:51:42.264,bybit,AEVO/USDT:USDT,0.1082,9311.2,0.1081,77739.2,0.1083,13821.3,0.1084,58400.5
1753591902364,04:51:42.364,bybit,AEVO/USDT:USDT,0.1082,9311.2,0.1081,77739.2,0.1083,13821.3,0.1084,58400.5
1753591902664,04:51:42.664,bybit,AEVO/USDT:USDT,0.1082,9311.2,0.1081,82912.5,0.1083,13821.3,0.1084,54715.4
1753591903665,04:51:43.665,bybit,AEVO/USDT:USDT,0.1082,9311.2,0.1081,82912.5,0.1083,13726.5,0.1084,54715.4
1753591903765,04:51:43.765,bybit,AEVO/USDT:USDT,0.1082,9311.2,0.1081,87740.4,0.1083,13726.5,0.1084,54715.4
1753591903864,04:51:43.864,bybit,AEVO/USDT:USDT,0.1082,9311.2,0.1081,87740.4,0.1083,13726.5,0.1084,54715.4
1753591903965,04:51:43.965,bybit,AEVO/USDT:USDT,0.1082,9311.2,0.1081,87740.4,0.1083,13726.5,0.1084,54715.4
1753591904167,04:51:44.167,bybit,AEVO/USDT:USDT,0.1082,9311.2,0.1081,87740.4,0.1083,13726.5,0.1084,54715.4
1753591904464,04:51:44.464,bybit,AEVO/USDT:USDT,0.1082,9311.2,0.1081,87740.4,0.1083,13726.5,0.1084,54715.4
1753591904565,04:51:44.565,bybit,AEVO/USDT:USDT,0.1082,9311.2,0.1081,87740.4,0.1083,13726.5,0.1084,54715.4
1753591904764,04:51:44.764,bybit,AEVO/USDT:USDT,0.1082,9311.2,0.1081,87740.4,0.1083,13821.3,0.1084,54715.4
1753591904965,04:51:44.965,bybit,AEVO/USDT:USDT,0.1082,9311.2,0.1081,87740.4,0.1083,13821.3,0.1084,54715.4
1753591905065,04:51:45.065,bybit,AEVO/USDT:USDT,0.1082,9311.2,0.1081,87740.4,0.1083,13821.3,0.1084,54715.4
1753591905265,04:51:45.265,bybit,AEVO/USDT:USDT,0.1082,9311.2,0.1081,87740.4,0.1083,13821.3,0.1084,54715.4
1753591905364,04:51:45.364,bybit,AEVO/USDT:USDT,0.1082,9311.2,0.1081,87740.4,0.1083,13821.3,0.1084,54715.4
1753591905564,04:51:45.564,bybit,AEVO/USDT:USDT,0.1082,9311.2,0.1081,87740.4,0.1083,13821.3,0.1084,54715.4
1753591905665,04:51:45.665,bybit,AEVO/USDT:USDT,0.1082,9311.2,0.1081,87740.4,0.1083,13821.3,0.1084,54715.4
1753591906167,04:51:46.167,bybit,AEVO/USDT:USDT,0.1082,9311.2,0.1081,87740.4,0.1083,13821.3,0.1084,54715.4
1753591906265,04:51:46.265,bybit,AEVO/USDT:USDT,0.1082,9311.2,0.1081,87740.4,0.1083,13821.3,0.1084,54715.4
1753591906665,04:51:46.665,bybit,AEVO/USDT:USDT,0.1082,9313.0,0.1081,87740.4,0.1083,13726.5,0.1084,54715.4
1753591906764,04:51:46.764,bybit,AEVO/USDT:USDT,0.1082,9313.0,0.1081,87740.4,0.1083,13821.3,0.1084,54715.4
1753591907264,04:51:47.264,bybit,AEVO/USDT:USDT,0.1082,9313.0,0.1081,87740.4,0.1083,13821.3,0.1084,54715.4
1753591907365,04:51:47.365,bybit,AEVO/USDT:USDT,0.1082,9313.0,0.1081,87740.4,0.1083,13821.3,0.1084,54715.4
1753591907864,04:51:47.864,bybit,AEVO/USDT:USDT,0.1082,9313.0,0.1081,87740.4,0.1083,13821.3,0.1084,54715.4
1753591907964,04:51:47.964,bybit,AEVO/USDT:USDT,0.1082,9313.0,0.1081,87740.4,0.1083,13821.3,0.1084,54715.4
1753591908365,04:51:48.365,bybit,AEVO/USDT:USDT,0.1082,9313.0,0.1081,87740.4,0.1083,13821.3,0.1084,54715.4
1753591908464,04:51:48.464,bybit,AEVO/USDT:USDT,0.1082,9313.0,0.1081,87740.4,0.1083,13821.3,0.1084,54715.4
1753591908864,04:51:48.864,bybit,AEVO/USDT:USDT,0.1082,9313.0,0.1081,87740.4,0.1083,13821.3,0.1084,54715.4
1753591908965,04:51:48.965,bybit,AEVO/USDT:USDT,0.1082,9313.0,0.1081,87740.4,0.1083,13821.3,0.1084,54715.4
1753591909264,04:51:49.264,bybit,AEVO/USDT:USDT,0.1082,9313.0,0.1081,84168.9,0.1083,13821.3,0.1084,54715.4
1753591909364,04:51:49.364,bybit,AEVO/USDT:USDT,0.1082,9313.0,0.1081,84168.9,0.1083,13821.3,0.1084,54715.4
1753591909464,04:51:49.464,bybit,AEVO/USDT:USDT,0.1082,9313.0,0.1081,84168.9,0.1083,13821.3,0.1084,54715.4
1753591909565,04:51:49.565,bybit,AEVO/USDT:USDT,0.1082,9313.0,0.1081,84168.9,0.1083,13821.3,0.1084,54715.4
1753591909764,04:51:49.764,bybit,AEVO/USDT:USDT,0.1082,14162.2,0.1081,84168.9,0.1083,8726.5,0.1084,49416.1
1753591909864,04:51:49.864,bybit,AEVO/USDT:USDT,0.1082,14162.2,0.1081,84168.9,0.1083,8726.5,0.1084,49416.1
1753591910065,04:51:50.065,bybit,AEVO/USDT:USDT,0.1082,14162.2,0.1081,84168.9,0.1083,8726.5,0.1084,49416.1
1753591910169,04:51:50.169,bybit,AEVO/USDT:USDT,0.1082,14067.4,0.1081,84168.9,0.1083,8821.3,0.1084,56328.2
1753591910865,04:51:50.865,bybit,AEVO/USDT:USDT,0.1082,14067.4,0.1081,84168.9,0.1083,8821.3,0.1084,56328.2
1753591911165,04:51:51.165,bybit,AEVO/USDT:USDT,0.1082,14067.4,0.1081,84168.9,0.1083,8821.3,0.1084,56328.2
1753591911264,04:51:51.264,bybit,AEVO/USDT:USDT,0.1082,14067.4,0.1081,84168.9,0.1083,8821.3,0.1084,56328.2
1753591911665,04:51:51.665,bybit,AEVO/USDT:USDT,0.1082,14067.4,0.1081,79341.0,0.1083,8821.3,0.1084,56328.2
1753591911764,04:51:51.764,bybit,AEVO/USDT:USDT,0.1082,3881.9,0.1081,73670.2,0.1083,19610.0,0.1084,60023.2
1753591911864,04:51:51.864,bybit,AEVO/USDT:USDT,0.1082,2003.3,0.1081,68496.9,0.1083,21457.5,0.1084,67410.3
1753591911965,04:51:51.965,bybit,AEVO/USDT:USDT,0.1082,2003.3,0.1081,68496.9,0.1083,19610.0,0.1084,67410.3
1753591912065,04:51:52.065,bybit,AEVO/USDT:USDT,0.1082,2003.3,0.1081,68496.9,0.1083,19704.5,0.1084,67410.3
1753591912169,04:51:52.169,bybit,AEVO/USDT:USDT,0.1082,6852.5,0.1081,74167.7,0.1083,8726.2,0.1084,62794.6
1753591912364,04:51:52.364,bybit,AEVO/USDT:USDT,0.1082,6757.7,0.1081,74167.7,0.1083,8726.2,0.1084,62794.6
1753591912464,04:51:52.464,bybit,AEVO/USDT:USDT,0.1082,6757.7,0.1081,74167.7,0.1083,8821.0,0.1084,62794.6
1753591912564,04:51:52.564,bybit,AEVO/USDT:USDT,0.1082,6757.7,0.1081,74167.7,0.1083,8915.8,0.1084,62794.6
1753591912665,04:51:52.665,bybit,AEVO/USDT:USDT,0.1082,6757.7,0.1081,79565.8,0.1083,8915.8,0.1084,62794.6
1753591912765,04:51:52.765,bybit,AEVO/USDT:USDT,0.1082,6757.7,0.1081,79565.8,0.1083,8915.8,0.1084,62794.6
1753591912865,04:51:52.865,bybit,AEVO/USDT:USDT,0.1082,6757.7,0.1081,79565.8,0.1083,8915.8,0.1084,62794.6
1753591913065,04:51:53.065,bybit,AEVO/USDT:USDT,0.1082,11757.7,0.1081,79565.8,0.1083,8726.5,0.1084,62794.6
1753591913165,04:51:53.165,bybit,AEVO/USDT:USDT,0.1082,11852.5,0.1081,80494.7,0.1083,8631.7,0.1084,62794.6
1753591913265,04:51:53.265,bybit,AEVO/USDT:USDT,0.1082,14162.2,0.1081,80494.7,0.1083,8631.7,0.1084,62794.6
1753591913464,04:51:53.464,bybit,AEVO/USDT:USDT,0.1082,14162.2,0.1081,80494.7,0.1083,8631.7,0.1084,62794.6
1753591913564,04:51:53.564,bybit,AEVO/USDT:USDT,0.1082,14067.4,0.1081,80494.7,0.1083,8821.3,0.1084,62794.6
1753591913765,04:51:53.765,bybit,AEVO/USDT:USDT,0.1082,14162.2,0.1081,92690.1,0.1083,8726.5,0.1084,62794.6
1753591913864,04:51:53.864,bybit,AEVO/USDT:USDT,0.1082,14162.2,0.1081,92690.1,0.1083,8726.5,0.1084,62794.6
1753591913965,04:51:53.965,bybit,AEVO/USDT:USDT,0.1082,14162.2,0.1081,92690.1,0.1083,8726.5,0.1084,62794.6
1753591914465,04:51:54.465,bybit,AEVO/USDT:USDT,0.1082,14162.2,0.1081,92690.1,0.1083,8726.5,0.1084,62794.6
1753591914565,04:51:54.565,bybit,AEVO/USDT:USDT,0.1082,14162.2,0.1081,92690.1,0.1083,8726.5,0.1084,62794.6
1753591915064,04:51:55.064,bybit,AEVO/USDT:USDT,0.1082,14067.4,0.1081,92690.1,0.1083,13821.3,0.1084,62794.6
1753591915164,04:51:55.164,bybit,AEVO/USDT:USDT,0.1082,14067.4,0.1081,92690.1,0.1083,13821.3,0.1084,62794.6
1753591915665,04:51:55.665,bybit,AEVO/USDT:USDT,0.1082,14067.4,0.1081,92690.1,0.1083,13821.3,0.1084,62794.6
1753591916264,04:51:56.264,bybit,AEVO/USDT:USDT,0.1082,14067.4,0.1081,92690.1,0.1083,13821.3,0.1084,62794.6
1753591916365,04:51:56.365,bybit,AEVO/USDT:USDT,0.1082,14067.4,0.1081,92690.1,0.1083,13821.3,0.1084,62794.6
1753591917365,04:51:57.365,bybit,AEVO/USDT:USDT,0.1082,14067.4,0.1081,92690.1,0.1083,13821.3,0.1084,62794.6
1753591917464,04:51:57.464,bybit,AEVO/USDT:USDT,0.1082,14067.4,0.1081,92690.1,0.1083,13821.3,0.1084,62794.6
1753591917864,04:51:57.864,bybit,AEVO/USDT:USDT,0.1082,14067.4,0.1081,92690.1,0.1083,13821.3,0.1084,62794.6
1753591918065,04:51:58.065,bybit,AEVO/USDT:USDT,0.1082,14067.4,0.1081,92690.1,0.1083,13821.3,0.1084,62794.6
1753591918465,04:51:58.465,bybit,AEVO/USDT:USDT,0.1082,14067.4,0.1081,92690.1,0.1083,13821.3,0.1084,62794.6
1753591918565,04:51:58.565,bybit,AEVO/USDT:USDT,0.1082,14067.4,0.1081,92690.1,0.1083,13821.3,0.1084,62794.6
1753591918964,04:51:58.964,bybit,AEVO/USDT:USDT,0.1082,14055.2,0.1081,92690.1,0.1083,13821.3,0.1084,62794.6
1753591919065,04:51:59.065,bybit,AEVO/USDT:USDT,0.1082,14080.6,0.1081,92690.1,0.1083,13821.3,0.1084,64534.2
1753591919165,04:51:59.165,bybit,AEVO/USDT:USDT,0.1082,14080.6,0.1081,92690.1,0.1083,13821.3,0.1084,64534.2
1753591919264,04:51:59.264,bybit,AEVO/USDT:USDT,0.1082,14081.6,0.1081,92690.1,0.1083,13821.3,0.1084,64534.2
1753591919565,04:51:59.565,bybit,AEVO/USDT:USDT,0.1082,14081.6,0.1081,92690.1,0.1083,13821.3,0.1084,64534.2
1753591919664,04:51:59.664,bybit,AEVO/USDT:USDT,0.1082,14081.6,0.1081,92690.1,0.1083,13821.3,0.1084,64534.2
1753591920167,04:52:00.167,bybit,AEVO/USDT:USDT,0.1082,14081.6,0.1081,92690.1,0.1083,13821.3,0.1084,64534.2
1753591920265,04:52:00.265,bybit,AEVO/USDT:USDT,0.1082,14081.6,0.1081,92690.1,0.1083,13821.3,0.1084,64534.2
1753591920564,04:52:00.564,bybit,AEVO/USDT:USDT,0.1082,9081.6,0.1081,92690.1,0.1083,13821.3,0.1084,64534.2
1753591920764,04:52:00.764,bybit,AEVO/USDT:USDT,0.1082,9081.6,0.1081,92690.1,0.1083,13821.3,0.1084,64534.2
1753591920864,04:52:00.864,bybit,AEVO/USDT:USDT,0.1082,9081.6,0.1081,92690.1,0.1083,13821.3,0.1084,64534.2
1753591920965,04:52:00.965,bybit,AEVO/USDT:USDT,0.1082,9081.6,0.1081,92690.1,0.1083,13821.3,0.1084,64534.2
1753591921065,04:52:01.065,bybit,AEVO/USDT:USDT,0.1082,9081.6,0.1081,92690.1,0.1083,13915.8,0.1084,64534.2
1753591921165,04:52:01.165,bybit,AEVO/USDT:USDT,0.1082,9081.6,0.1081,92690.1,0.1083,13915.8,0.1084,64534.2
1753591921265,04:52:01.265,bybit,AEVO/USDT:USDT,0.1082,9081.6,0.1081,92690.1,0.1083,13915.8,0.1084,64534.2
1753591921365,04:52:01.365,bybit,AEVO/USDT:USDT,0.1082,9081.6,0.1081,92690.1,0.1083,13915.8,0.1084,64534.2
1753591921565,04:52:01.565,bybit,AEVO/USDT:USDT,0.1082,9176.4,0.1081,92690.1,0.1083,8726.2,0.1084,64534.2
1753591921665,04:52:01.665,bybit,AEVO/USDT:USDT,0.1082,9176.4,0.1081,92690.1,0.1083,2019.1,0.1084,51263.6
1753591921764,04:52:01.764,bybit,AEVO/USDT:USDT,0.1082,9176.4,0.1081,91766.3,0.1083,2019.1,0.1084,60479.3
1753591921865,04:52:01.865,bybit,AEVO/USDT:USDT,0.1082,9176.4,0.1081,94078.0,0.1083,2019.1,0.1084,51263.6
1753591921964,04:52:01.964,bybit,AEVO/USDT:USDT,0.1082,14176.4,0.1081,94078.0,0.1083,2019.1,0.1084,51263.6
1753591922065,04:52:02.065,bybit,AEVO/USDT:USDT,0.1082,14176.4,0.1081,94078.0,0.1083,1924.6,0.1084,51263.6
1753591922168,04:52:02.168,bybit,AEVO/USDT:USDT,0.1082,14176.4,0.1081,91766.3,0.1083,1924.6,0.1084,59410.1
1753591922264,04:52:02.264,bybit,AEVO/USDT:USDT,0.1082,14176.4,0.1081,91766.3,0.1083,1924.6,0.1084,59410.1
1753591922365,04:52:02.365,bybit,AEVO/USDT:USDT,0.1082,14176.4,0.1081,91766.3,0.1083,1924.6,0.1084,59410.1
1753591922465,04:52:02.465,bybit,AEVO/USDT:USDT,0.1082,14176.4,0.1081,91766.3,0.1083,1924.6,0.1084,59410.1
1753591922666,04:52:02.666,bybit,AEVO/USDT:USDT,0.1082,14176.4,0.1081,91766.3,0.1083,2019.4,0.1084,59410.1
1753591923164,04:52:03.164,bybit,AEVO/USDT:USDT,0.1082,14176.4,0.1081,91766.3,0.1083,1924.6,0.1084,59410.1
1753591923365,04:52:03.365,bybit,AEVO/USDT:USDT,0.1082,14176.4,0.1081,91766.3,0.1083,2019.4,0.1084,59410.1
1753591923465,04:52:03.465,bybit,AEVO/USDT:USDT,0.1082,14176.4,0.1081,91766.3,0.1083,2019.4,0.1084,59410.1
1753591923565,04:52:03.565,bybit,AEVO/USDT:USDT,0.1082,14176.4,0.1081,91766.3,0.1083,2019.4,0.1084,59410.1
1753591923665,04:52:03.665,bybit,AEVO/USDT:USDT,0.1082,14176.4,0.1081,91766.3,0.1083,2019.4,0.1084,59410.1
1753591923865,04:52:03.865,bybit,AEVO/USDT:USDT,0.1082,19450.7,0.1081,91766.3,0.1083,2019.4,0.1084,59410.1
1753591923965,04:52:03.965,bybit,AEVO/USDT:USDT,0.1082,19450.7,0.1081,91766.3,0.1083,1924.6,0.1084,59410.1
1753591924064,04:52:04.064,bybit,AEVO/USDT:USDT,0.1082,19450.7,0.1081,91766.3,0.1083,1924.6,0.1084,59410.1
1753591924565,04:52:04.565,bybit,AEVO/USDT:USDT,0.1082,19450.7,0.1081,91766.3,0.1083,1924.6,0.1084,59410.1
1753591924665,04:52:04.665,bybit,AEVO/USDT:USDT,0.1082,19450.7,0.1081,91766.3,0.1083,1924.6,0.1084,59410.1
1753591925166,04:52:05.166,bybit,AEVO/USDT:USDT,0.1082,19450.7,0.1081,91766.3,0.1083,1924.6,0.1084,59410.1
1753591925264,04:52:05.264,bybit,AEVO/USDT:USDT,0.1082,19450.7,0.1081,91766.3,0.1083,1924.6,0.1084,59410.1
1753591925464,04:52:05.464,bybit,AEVO/USDT:USDT,0.1082,19450.7,0.1081,91766.3,0.1083,2019.4,0.1084,59410.1
1753591925764,04:52:05.764,bybit,AEVO/USDT:USDT,0.1082,19450.7,0.1081,91766.3,0.1083,2019.4,0.1084,59410.1
1753591925864,04:52:05.864,bybit,AEVO/USDT:USDT,0.1082,19450.7,0.1081,91766.3,0.1083,2019.4,0.1084,59410.1
1753591925964,04:52:05.964,bybit,AEVO/USDT:USDT,0.1082,19450.7,0.1081,91766.3,0.1083,2019.4,0.1084,59410.1
1753591926865,04:52:06.865,bybit,AEVO/USDT:USDT,0.1082,19450.7,0.1081,91766.3,0.1083,2019.4,0.1084,59410.1
1753591926964,04:52:06.964,bybit,AEVO/USDT:USDT,0.1082,19450.7,0.1081,91766.3,0.1083,2019.4,0.1084,59410.1
1753591927465,04:52:07.465,bybit,AEVO/USDT:USDT,0.1082,19450.7,0.1081,91766.3,0.1083,2019.4,0.1084,59410.1
1753591927564,04:52:07.564,bybit,AEVO/USDT:USDT,0.1082,19450.7,0.1081,91766.3,0.1083,2019.4,0.1084,59410.1
1753591927865,04:52:07.865,bybit,AEVO/USDT:USDT,0.1082,19450.7,0.1081,91766.3,0.1083,7019.4,0.1084,59410.1
1753591927965,04:52:07.965,bybit,AEVO/USDT:USDT,0.1082,19450.7,0.1081,91766.3,0.1083,7019.4,0.1084,59410.1
1753591928065,04:52:08.065,bybit,AEVO/USDT:USDT,0.1082,19450.7,0.1081,91766.3,0.1083,7019.4,0.1084,59410.1
1753591928167,04:52:08.167,bybit,AEVO/USDT:USDT,0.1082,19450.7,0.1081,95367.6,0.1083,7019.4,0.1084,59410.1
1753591928765,04:52:08.765,bybit,AEVO/USDT:USDT,0.1082,19498.0,0.1081,95320.7,0.1083,7019.4,0.1084,59410.1
1753591928865,04:52:08.865,bybit,AEVO/USDT:USDT,0.1082,19498.0,0.1081,95320.7,0.1083,7019.4,0.1084,59410.1
1753591929065,04:52:09.065,bybit,AEVO/USDT:USDT,0.1082,19498.0,0.1081,95320.7,0.1083,7065.6,0.1084,59410.1
1753591929679,04:52:09.679,bybit,AEVO/USDT:USDT,0.1082,19498.0,0.1081,95320.7,0.1083,7065.6,0.1084,59410.1
1753591929765,04:52:09.765,bybit,AEVO/USDT:USDT,0.1082,19498.0,0.1081,95320.7,0.1083,7065.6,0.1084,59410.1
1753591930265,04:52:10.265,bybit,AEVO/USDT:USDT,0.1082,19498.0,0.1081,95320.7,0.1083,7065.6,0.1084,59410.1
1753591930365,04:52:10.365,bybit,AEVO/USDT:USDT,0.1082,19498.0,0.1081,95320.7,0.1083,7065.6,0.1084,59410.1
1753591930765,04:52:10.765,bybit,AEVO/USDT:USDT,0.1082,19498.0,0.1081,95320.7,0.1083,7065.6,0.1084,59410.1
1753591930864,04:52:10.864,bybit,AEVO/USDT:USDT,0.1082,19498.0,0.1081,95320.7,0.1083,7065.6,0.1084,59410.1
1753591930964,04:52:10.964,bybit,AEVO/USDT:USDT,0.1082,19498.0,0.1081,95320.7,0.1083,7065.6,0.1084,59410.1
1753591931265,04:52:11.265,bybit,AEVO/USDT:USDT,0.1082,19498.0,0.1081,95320.7,0.1083,7065.6,0.1084,59410.1
1753591931365,04:52:11.365,bybit,AEVO/USDT:USDT,0.1082,19498.0,0.1081,95320.7,0.1083,7065.6,0.1084,59410.1
1753591931865,04:52:11.865,bybit,AEVO/USDT:USDT,0.1082,19498.0,0.1081,95320.7,0.1083,7065.6,0.1084,59410.1
1753591931964,04:52:11.964,bybit,AEVO/USDT:USDT,0.1082,19498.0,0.1081,95320.7,0.1083,7065.6,0.1084,59410.1
1753591932065,04:52:12.065,bybit,AEVO/USDT:USDT,0.1082,19498.0,0.1081,95320.7,0.1083,7160.4,0.1084,59410.1
1753591932464,04:52:12.464,bybit,AEVO/USDT:USDT,0.1082,19498.0,0.1081,95320.7,0.1083,7160.4,0.1084,59410.1
1753591932565,04:52:12.565,bybit,AEVO/USDT:USDT,0.1082,19498.0,0.1081,95320.7,0.1083,7160.4,0.1084,59410.1
1753591932964,04:52:12.964,bybit,AEVO/USDT:USDT,0.1082,19498.0,0.1081,95320.7,0.1083,7160.4,0.1084,59410.1
1753591933064,04:52:13.064,bybit,AEVO/USDT:USDT,0.1082,19498.0,0.1081,95320.7,0.1083,7160.4,0.1084,59410.1
1753591933165,04:52:13.165,bybit,AEVO/USDT:USDT,0.1082,19498.0,0.1081,95320.7,0.1083,7160.4,0.1084,59410.1
1753591933664,04:52:13.664,bybit,AEVO/USDT:USDT,0.1082,19499.8,0.1081,95320.7,0.1083,7065.6,0.1084,59410.1
1753591933765,04:52:13.765,bybit,AEVO/USDT:USDT,0.1082,19499.8,0.1081,95320.7,0.1083,7065.6,0.1084,59410.1
1753591934169,04:52:14.169,bybit,AEVO/USDT:USDT,0.1082,19499.8,0.1081,95320.7,0.1083,7065.6,0.1084,59410.1
1753591934264,04:52:14.264,bybit,AEVO/USDT:USDT,0.1082,19499.8,0.1081,95320.7,0.1083,7065.6,0.1084,59410.1
1753591934365,04:52:14.365,bybit,AEVO/USDT:USDT,0.1082,19499.1,0.1081,95320.7,0.1083,7160.4,0.1084,59410.1
1753591934464,04:52:14.464,bybit,AEVO/USDT:USDT,0.1082,19499.1,0.1081,95320.7,0.1083,7065.6,0.1084,59410.1
1753591935264,04:52:15.264,bybit,AEVO/USDT:USDT,0.1082,19499.1,0.1081,95320.7,0.1083,7160.4,0.1084,59410.1
1753591935364,04:52:15.364,bybit,AEVO/USDT:USDT,0.1082,19499.1,0.1081,95320.7,0.1083,7065.6,0.1084,59410.1
1753591937464,04:52:17.464,bybit,AEVO/USDT:USDT,0.1082,19499.1,0.1081,95320.7,0.1083,7065.6,0.1084,59410.1
1753591937564,04:52:17.564,bybit,AEVO/USDT:USDT,0.1082,19499.1,0.1081,95320.7,0.1083,7065.6,0.1084,59410.1
1753591938065,04:52:18.065,bybit,AEVO/USDT:USDT,0.1082,19499.1,0.1081,95320.7,0.1083,7065.6,0.1084,59410.1
1753591938168,04:52:18.168,bybit,AEVO/USDT:USDT,0.1082,19499.1,0.1081,95320.7,0.1083,6970.8,0.1084,59410.1
1753591938364,04:52:18.364,bybit,AEVO/USDT:USDT,0.1082,19502.0,0.1081,95320.7,0.1083,6970.8,0.1084,59410.1
1753591938665,04:52:18.665,bybit,AEVO/USDT:USDT,0.1082,19502.0,0.1081,95320.7,0.1083,6970.8,0.1084,59410.1
1753591938765,04:52:18.765,bybit,AEVO/USDT:USDT,0.1082,19502.0,0.1081,95320.7,0.1083,6970.8,0.1084,59410.1
1753591940264,04:52:20.264,bybit,AEVO/USDT:USDT,0.1082,19502.0,0.1081,95320.7,0.1083,6970.8,0.1084,59410.1
1753591940365,04:52:20.365,bybit,AEVO/USDT:USDT,0.1082,19502.0,0.1081,95320.7,0.1083,7065.6,0.1084,59410.1
1753591940965,04:52:20.965,bybit,AEVO/USDT:USDT,0.1082,19596.8,0.1081,95320.7,0.1083,1970.8,0.1084,51263.6
1753591941064,04:52:21.064,bybit,AEVO/USDT:USDT,0.1082,19596.8,0.1081,95320.7,0.1083,1970.8,0.1084,56357.5
1753591941265,04:52:21.265,bybit,AEVO/USDT:USDT,0.1082,19596.8,0.1081,95320.7,0.1083,1970.8,0.1084,56357.5
1753591941464,04:52:21.464,bybit,AEVO/USDT:USDT,0.1082,19596.8,0.1081,95320.7,0.1083,1970.8,0.1084,56357.5
1753591941565,04:52:21.565,bybit,AEVO/USDT:USDT,0.1082,19596.8,0.1081,95320.7,0.1083,1970.8,0.1084,56357.5
1753591942065,04:52:22.065,bybit,AEVO/USDT:USDT,0.1082,19596.8,0.1081,105029.3,0.1083,1970.8,0.1084,63100.7
1753591942164,04:52:22.164,bybit,AEVO/USDT:USDT,0.1082,19596.8,0.1081,105029.3,0.1083,1970.8,0.1084,63100.7
1753591942265,04:52:22.265,bybit,AEVO/USDT:USDT,0.1082,19645.2,0.1081,105005.5,0.1083,1970.8,0.1084,63100.7
1753591942665,04:52:22.665,bybit,AEVO/USDT:USDT,0.1082,19645.2,0.1081,105005.5,0.1083,1970.8,0.1084,63100.7
1753591942764,04:52:22.764,bybit,AEVO/USDT:USDT,0.1082,19645.2,0.1081,105005.5,0.1083,1970.8,0.1084,63100.7
1753591943165,04:52:23.165,bybit,AEVO/USDT:USDT,0.1082,19645.2,0.1081,105005.5,0.1083,1970.8,0.1084,63100.7
1753591943265,04:52:23.265,bybit,AEVO/USDT:USDT,0.1082,21527.6,0.1081,105005.5,0.1083,1970.8,0.1084,63100.7
1753591943764,04:52:23.764,bybit,AEVO/USDT:USDT,0.1082,21527.6,0.1081,105005.5,0.1083,1970.8,0.1084,63100.7
1753591943865,04:52:23.865,bybit,AEVO/USDT:USDT,0.1082,21527.6,0.1081,105005.5,0.1083,1970.8,0.1084,63100.7
1753591944865,04:52:24.865,bybit,AEVO/USDT:USDT,0.1082,21527.6,0.1081,105005.5,0.1083,1970.8,0.1084,63100.7
1753591944965,04:52:24.965,bybit,AEVO/USDT:USDT,0.1082,21527.6,0.1081,105005.5,0.1083,1970.8,0.1084,63100.7
1753591945265,04:52:25.265,bybit,AEVO/USDT:USDT,0.1082,21532.8,0.1081,105005.5,0.1083,1970.8,0.1084,63100.7
1753591945464,04:52:25.464,bybit,AEVO/USDT:USDT,0.1082,21532.8,0.1081,105005.5,0.1083,1970.8,0.1084,63100.7
1753591945565,04:52:25.565,bybit,AEVO/USDT:USDT,0.1082,21532.8,0.1081,105005.5,0.1083,1970.8,0.1084,63100.7
1753591945964,04:52:25.964,bybit,AEVO/USDT:USDT,0.1082,21532.8,0.1081,105005.5,0.1083,1970.8,0.1084,63100.7
1753591946064,04:52:26.064,bybit,AEVO/USDT:USDT,0.1082,21532.8,0.1081,105005.5,0.1083,1970.8,0.1084,63100.7
1753591946565,04:52:26.565,bybit,AEVO/USDT:USDT,0.1082,21532.8,0.1081,105005.5,0.1083,1970.8,0.1084,63100.7
1753591946665,04:52:26.665,bybit,AEVO/USDT:USDT,0.1082,21532.8,0.1081,105005.5,0.1083,1970.8,0.1084,63100.7
1753591947064,04:52:27.064,bybit,AEVO/USDT:USDT,0.1082,21532.8,0.1081,105005.5,0.1083,1970.8,0.1084,63100.7
1753591947164,04:52:27.164,bybit,AEVO/USDT:USDT,0.1082,21532.8,0.1081,105005.5,0.1083,1970.8,0.1084,63100.7
1753591947665,04:52:27.665,bybit,AEVO/USDT:USDT,0.1082,21532.7,0.1081,105005.5,0.1083,1970.8,0.1084,63100.7
1753591947765,04:52:27.765,bybit,AEVO/USDT:USDT,0.1082,21532.7,0.1081,105005.5,0.1083,1970.8,0.1084,63100.7
1753591948264,04:52:28.264,bybit,AEVO/USDT:USDT,0.1082,21532.7,0.1081,105005.5,0.1083,1970.8,0.1084,63100.7
1753591948366,04:52:28.366,bybit,AEVO/USDT:USDT,0.1082,21532.7,0.1081,105005.5,0.1083,1970.8,0.1084,56357.5
1753591948564,04:52:28.564,bybit,AEVO/USDT:USDT,0.1082,21532.7,0.1081,105005.5,0.1083,1970.8,0.1084,63166.7
1753591948765,04:52:28.765,bybit,AEVO/USDT:USDT,0.1082,21560.0,0.1081,105005.5,0.1083,1970.8,0.1084,63166.7
1753591948865,04:52:28.865,bybit,AEVO/USDT:USDT,0.1082,21560.0,0.1081,105005.5,0.1083,1970.8,0.1084,63166.7
1753591948964,04:52:28.964,bybit,AEVO/USDT:USDT,0.1082,21560.0,0.1081,105005.5,0.1083,1970.8,0.1084,63166.7
1753591949365,04:52:29.365,bybit,AEVO/USDT:USDT,0.1082,21560.0,0.1081,105005.5,0.1083,1970.8,0.1084,63166.7
1753591949465,04:52:29.465,bybit,AEVO/USDT:USDT,0.1082,21560.0,0.1081,105005.5,0.1083,1970.8,0.1084,56357.5
1753591950065,04:52:30.065,bybit,AEVO/USDT:USDT,0.1082,21370.4,0.1081,105005.5,0.1083,2160.4,0.1084,63224.2
1753591950164,04:52:30.164,bybit,AEVO/USDT:USDT,0.1082,21465.2,0.1081,105005.5,0.1083,2065.6,0.1084,63224.2
1753591951065,04:52:31.065,bybit,AEVO/USDT:USDT,0.1082,21465.2,0.1081,105005.5,0.1083,6970.8,0.1084,63297.6
1753591951164,04:52:31.164,bybit,AEVO/USDT:USDT,0.1082,21560.0,0.1081,105005.5,0.1083,1970.8,0.1084,56357.5
1753591951666,04:52:31.666,bybit,AEVO/USDT:USDT,0.1082,21560.0,0.1081,105005.5,0.1083,1970.8,0.1084,56357.5
1753591951764,04:52:31.764,bybit,AEVO/USDT:USDT,0.1082,21560.0,0.1081,105005.5,0.1083,1970.8,0.1084,63507.3
1753591951964,04:52:31.964,bybit,AEVO/USDT:USDT,0.1082,21560.0,0.1081,105005.5,0.1083,2065.6,0.1084,63507.3
1753591952065,04:52:32.065,bybit,AEVO/USDT:USDT,0.1082,21560.0,0.1081,105005.5,0.1083,1970.8,0.1084,56357.5
1753591952169,04:52:32.169,bybit,AEVO/USDT:USDT,0.1082,21560.0,0.1081,105005.5,0.1083,1970.8,0.1084,56357.5
1753591952364,04:52:32.364,bybit,AEVO/USDT:USDT,0.1082,21560.0,0.1081,105005.5,0.1083,1970.8,0.1084,56357.5
1753591952465,04:52:32.465,bybit,AEVO/USDT:USDT,0.1082,21560.0,0.1081,105005.5,0.1083,2065.6,0.1084,56357.5
1753591952764,04:52:32.764,bybit,AEVO/USDT:USDT,0.1082,21560.0,0.1081,105005.5,0.1083,2065.6,0.1084,56357.5
1753591952864,04:52:32.864,bybit,AEVO/USDT:USDT,0.1082,21560.0,0.1081,105005.5,0.1083,2065.6,0.1084,56357.5
1753591953364,04:52:33.364,bybit,AEVO/USDT:USDT,0.1082,21560.0,0.1081,105005.5,0.1083,2065.6,0.1084,56357.5
1753591953464,04:52:33.464,bybit,AEVO/USDT:USDT,0.1082,21560.0,0.1081,105005.5,0.1083,2065.6,0.1084,56357.5
1753591954464,04:52:34.464,bybit,AEVO/USDT:USDT,0.1082,21560.0,0.1081,105005.5,0.1083,2065.6,0.1084,56357.5
1753591954565,04:52:34.565,bybit,AEVO/USDT:USDT,0.1082,21560.0,0.1081,105005.5,0.1083,1970.8,0.1084,56357.5
1753591954764,04:52:34.764,bybit,AEVO/USDT:USDT,0.1082,21560.0,0.1081,105005.5,0.1083,2065.6,0.1084,60041.6
1753591954965,04:52:34.965,bybit,AEVO/USDT:USDT,0.1082,21465.2,0.1081,105005.5,0.1083,2065.6,0.1084,60041.6
1753591955064,04:52:35.064,bybit,AEVO/USDT:USDT,0.1082,21465.2,0.1081,105005.5,0.1083,2065.6,0.1084,60041.6
1753591955465,04:52:35.465,bybit,AEVO/USDT:USDT,0.1082,21465.2,0.1081,105005.5,0.1083,2160.4,0.1084,60041.6
1753591955565,04:52:35.565,bybit,AEVO/USDT:USDT,0.1082,21465.2,0.1081,105005.5,0.1083,2160.4,0.1084,60041.6
1753591955864,04:52:35.864,bybit,AEVO/USDT:USDT,0.1082,21560.0,0.1081,105005.5,0.1083,2065.6,0.1084,60041.6
1753591956565,04:52:36.565,bybit,AEVO/USDT:USDT,0.1082,21560.0,0.1081,105005.5,0.1083,2065.6,0.1084,60041.6
1753591956669,04:52:36.669,bybit,AEVO/USDT:USDT,0.1082,21560.0,0.1081,105005.5,0.1083,2065.6,0.1084,60041.6
1753591957165,04:52:37.165,bybit,AEVO/USDT:USDT,0.1082,21560.0,0.1081,105005.5,0.1083,2065.6,0.1084,60041.6
1753591957266,04:52:37.266,bybit,AEVO/USDT:USDT,0.1082,21560.0,0.1081,103384.1,0.1083,2065.6,0.1084,60041.6
1753591957764,04:52:37.764,bybit,AEVO/USDT:USDT,0.1082,21560.0,0.1081,103384.1,0.1083,2065.6,0.1084,60041.6
1753591957864,04:52:37.864,bybit,AEVO/USDT:USDT,0.1082,21560.0,0.1081,103384.1,0.1083,2065.6,0.1084,60041.6
1753591958264,04:52:38.264,bybit,AEVO/USDT:USDT,0.1082,21560.0,0.1081,103384.1,0.1083,2065.6,0.1084,60041.6
1753591958365,04:52:38.365,bybit,AEVO/USDT:USDT,0.1082,21560.0,0.1081,103384.1,0.1083,2065.6,0.1084,60041.6
1753591958865,04:52:38.865,bybit,AEVO/USDT:USDT,0.1082,21560.0,0.1081,103384.1,0.1083,2065.6,0.1084,60041.6
1753591958965,04:52:38.965,bybit,AEVO/USDT:USDT,0.1082,21560.0,0.1081,103384.1,0.1083,2065.6,0.1084,60041.6
1753591959765,04:52:39.765,bybit,AEVO/USDT:USDT,0.1082,22438.0,0.1081,103384.1,0.1083,1970.8,0.1084,54510.0
1753591959965,04:52:39.965,bybit,AEVO/USDT:USDT,0.1082,22438.0,0.1081,103384.1,0.1083,1970.8,0.1084,54510.0
1753591960064,04:52:40.064,bybit,AEVO/USDT:USDT,0.1082,22438.0,0.1081,103384.1,0.1083,1970.8,0.1084,54510.0
1753591960464,04:52:40.464,bybit,AEVO/USDT:USDT,0.1082,22438.0,0.1081,103384.1,0.1083,1970.8,0.1084,54510.0
1753591961064,04:52:41.064,bybit,AEVO/USDT:USDT,0.1082,22438.0,0.1081,103384.1,0.1083,1970.8,0.1084,54510.0
1753591961165,04:52:41.165,bybit,AEVO/USDT:USDT,0.1082,22438.0,0.1081,103384.1,0.1083,1970.8,0.1084,54510.0
1753591961565,04:52:41.565,bybit,AEVO/USDT:USDT,0.1082,20366.0,0.1081,103384.1,0.1083,2160.4,0.1084,54510.0
1753591961665,04:52:41.665,bybit,AEVO/USDT:USDT,0.1082,20366.0,0.1081,103384.1,0.1083,2065.6,0.1084,54510.0
1753591961764,04:52:41.764,bybit,AEVO/USDT:USDT,0.1082,20555.6,0.1081,103384.1,0.1083,2065.6,0.1084,54510.0
1753591961964,04:52:41.964,bybit,AEVO/USDT:USDT,0.1082,22438.0,0.1081,103384.1,0.1083,2065.6,0.1084,61162.0
1753591962064,04:52:42.064,bybit,AEVO/USDT:USDT,0.1082,22438.0,0.1081,103384.1,0.1083,2065.6,0.1084,61162.0
1753591962265,04:52:42.265,bybit,AEVO/USDT:USDT,0.1082,22438.0,0.1081,103384.1,0.1083,2065.6,0.1084,61162.0
1753591962365,04:52:42.365,bybit,AEVO/USDT:USDT,0.1082,22438.0,0.1081,103384.1,0.1083,2065.6,0.1084,54510.0
1753591962464,04:52:42.464,bybit,AEVO/USDT:USDT,0.1082,22438.0,0.1081,103384.1,0.1083,1970.8,0.1084,54510.0
1753591962865,04:52:42.865,bybit,AEVO/USDT:USDT,0.1082,22438.0,0.1081,103384.1,0.1083,1970.8,0.1084,61190.1
1753591963665,04:52:43.665,bybit,AEVO/USDT:USDT,0.1082,22438.0,0.1081,103384.1,0.1083,1970.8,0.1084,61190.1
1753591963764,04:52:43.764,bybit,AEVO/USDT:USDT,0.1082,22438.0,0.1081,103384.1,0.1083,1970.8,0.1084,61190.1
1753591964064,04:52:44.064,bybit,AEVO/USDT:USDT,0.1082,22438.0,0.1081,103384.1,0.1083,1970.8,0.1084,54510.0
1753591964169,04:52:44.169,bybit,AEVO/USDT:USDT,0.1082,22438.0,0.1081,103384.1,0.1083,1970.8,0.1084,54510.0
1753591964264,04:52:44.264,bybit,AEVO/USDT:USDT,0.1082,22438.0,0.1081,95296.9,0.1083,1970.8,0.1084,54510.0
1753591964964,04:52:44.964,bybit,AEVO/USDT:USDT,0.1082,22438.0,0.1081,102692.2,0.1083,1970.8,0.1084,54510.0
1753591965365,04:52:45.365,bybit,AEVO/USDT:USDT,0.1082,22438.0,0.1081,102692.2,0.1083,1970.8,0.1084,54510.0
1753591965466,04:52:45.466,bybit,AEVO/USDT:USDT,0.1082,22438.0,0.1081,102692.2,0.1083,1970.8,0.1084,54510.0
1753591965865,04:52:45.865,bybit,AEVO/USDT:USDT,0.1082,22438.0,0.1081,102692.2,0.1083,1970.8,0.1084,54510.0
1753591965965,04:52:45.965,bybit,AEVO/USDT:USDT,0.1082,22438.0,0.1081,102692.2,0.1083,1970.8,0.1084,54510.0
1753591966465,04:52:46.465,bybit,AEVO/USDT:USDT,0.1082,22438.0,0.1081,102692.2,0.1083,1970.8,0.1084,54510.0
1753591966564,04:52:46.564,bybit,AEVO/USDT:USDT,0.1082,22438.0,0.1081,102692.2,0.1083,1970.8,0.1084,54510.0
1753591966965,04:52:46.965,bybit,AEVO/USDT:USDT,0.1082,22438.0,0.1081,102692.2,0.1083,1970.8,0.1084,54510.0
1753591967065,04:52:47.065,bybit,AEVO/USDT:USDT,0.1082,22438.0,0.1081,102692.2,0.1083,1970.8,0.1084,54510.0
1753591967565,04:52:47.565,bybit,AEVO/USDT:USDT,0.1082,22438.0,0.1081,102692.2,0.1083,1970.8,0.1084,54510.0
1753591967664,04:52:47.664,bybit,AEVO/USDT:USDT,0.1082,22438.0,0.1081,102692.2,0.1083,1970.8,0.1084,54510.0
1753591968169,04:52:48.169,bybit,AEVO/USDT:USDT,0.1082,22438.0,0.1081,102692.2,0.1083,1970.8,0.1084,54510.0
1753591968665,04:52:48.665,bybit,AEVO/USDT:USDT,0.1082,22438.0,0.1081,102692.2,0.1083,1970.8,0.1084,54510.0
1753591968765,04:52:48.765,bybit,AEVO/USDT:USDT,0.1082,22438.0,0.1081,102692.2,0.1083,1970.8,0.1084,54510.0
1753591968864,04:52:48.864,bybit,AEVO/USDT:USDT,0.1082,22438.0,0.1081,102692.2,0.1083,1970.8,0.1084,54510.0
1753591969365,04:52:49.365,bybit,AEVO/USDT:USDT,0.1082,22438.0,0.1081,102692.2,0.1083,1970.8,0.1084,54510.0
1753591969764,04:52:49.764,bybit,AEVO/USDT:USDT,0.1082,22438.0,0.1081,102692.2,0.1083,1970.8,0.1084,54510.0
1753591969865,04:52:49.865,bybit,AEVO/USDT:USDT,0.1082,22438.0,0.1081,102692.2,0.1083,1970.8,0.1084,54510.0
1753591970265,04:52:50.265,bybit,AEVO/USDT:USDT,0.1082,22438.0,0.1081,102692.2,0.1083,1970.8,0.1084,54510.0
1753591970365,04:52:50.365,bybit,AEVO/USDT:USDT,0.1082,22438.0,0.1081,102692.2,0.1083,1970.8,0.1084,54510.0
1753591971364,04:52:51.364,bybit,AEVO/USDT:USDT,0.1082,22438.0,0.1081,102692.2,0.1083,1970.8,0.1084,54510.0
1753591971465,04:52:51.465,bybit,AEVO/USDT:USDT,0.1082,22438.0,0.1081,102692.2,0.1083,1970.8,0.1084,54510.0
1753591971964,04:52:51.964,bybit,AEVO/USDT:USDT,0.1082,22438.0,0.1081,102692.2,0.1083,1970.8,0.1084,54510.0
1753591972064,04:52:52.064,bybit,AEVO/USDT:USDT,0.1082,22438.0,0.1081,102692.2,0.1083,1970.8,0.1084,54510.0
1753591972264,04:52:52.264,bybit,AEVO/USDT:USDT,0.1082,22438.0,0.1081,107865.5,0.1083,1970.8,0.1084,54510.0
1753591972364,04:52:52.364,bybit,AEVO/USDT:USDT,0.1082,31806.2,0.1081,110174.9,0.1083,108.3,0.1084,47451.2
1753591972465,04:52:52.465,bybit,AEVO/USDT:USDT,0.1082,31806.2,0.1081,115207.1,0.1083,108.3,0.1084,47451.2
1753591972565,04:52:52.565,bybit,AEVO/USDT:USDT,0.1082,31852.5,0.1081,115207.1,0.1083,108.3,0.1084,47451.2
1753591972765,04:52:52.765,bybit,AEVO/USDT:USDT,0.1082,24840.0,0.1081,107865.5,0.1083,108.3,0.1084,54510.0
1753591972866,04:52:52.866,bybit,AEVO/USDT:USDT,0.1082,24793.7,0.1081,107865.5,0.1083,108.3,0.1084,54510.0
1753591972964,04:52:52.964,bybit,AEVO/USDT:USDT,0.1082,24793.7,0.1081,107865.5,0.1083,108.3,0.1084,54510.0
1753591973064,04:52:53.064,bybit,AEVO/USDT:USDT,0.1082,24793.7,0.1081,107865.5,0.1083,108.3,0.1084,54510.0
1753591973165,04:52:53.165,bybit,AEVO/USDT:USDT,0.1082,24840.0,0.1081,107865.5,0.1083,108.3,0.1084,54510.0
1753591973264,04:52:53.264,bybit,AEVO/USDT:USDT,0.1082,24793.7,0.1081,107865.5,0.1083,108.3,0.1084,54510.0
1753591973465,04:52:53.465,bybit,AEVO/USDT:USDT,0.1082,24840.0,0.1081,107865.5,0.1083,108.3,0.1084,54510.0
1753591973865,04:52:53.865,bybit,AEVO/USDT:USDT,0.1082,24793.7,0.1081,107865.5,0.1083,108.3,0.1084,53581.1
1753591973965,04:52:53.965,bybit,AEVO/USDT:USDT,0.1082,24793.7,0.1081,110073.2,0.1083,108.3,0.1084,53581.1
1753591974064,04:52:54.064,bybit,AEVO/USDT:USDT,0.1082,24793.7,0.1081,110073.2,0.1083,108.3,0.1084,53581.1
1753591974167,04:52:54.167,bybit,AEVO/USDT:USDT,0.1082,24793.7,0.1081,110073.2,0.1083,108.3,0.1084,53581.1
1753591974367,04:52:54.367,bybit,AEVO/USDT:USDT,0.1082,24793.7,0.1081,110073.2,0.1083,108.3,0.1084,53581.1
1753591974464,04:52:54.464,bybit,AEVO/USDT:USDT,0.1082,24793.1,0.1081,110073.2,0.1083,108.3,0.1084,53581.1
1753591974664,04:52:54.664,bybit,AEVO/USDT:USDT,0.1082,24793.1,0.1081,110073.2,0.1083,108.3,0.1084,53581.1
1753591975665,04:52:55.665,bybit,AEVO/USDT:USDT,0.1082,24793.1,0.1081,117414.8,0.1083,1957.0,0.1084,53581.1
1753591975764,04:52:55.764,bybit,AEVO/USDT:USDT,0.1082,24746.8,0.1081,117414.8,0.1083,1957.0,0.1084,53581.1
1753591975965,04:52:55.965,bybit,AEVO/USDT:USDT,0.1082,24746.8,0.1081,117414.8,0.1083,1957.0,0.1084,53581.1
1753591976065,04:52:56.065,bybit,AEVO/USDT:USDT,0.1082,24746.8,0.1081,117414.8,0.1083,1910.8,0.1084,53581.1
1753591976764,04:52:56.764,bybit,AEVO/USDT:USDT,0.1082,24746.8,0.1081,117414.8,0.1083,1910.8,0.1084,53581.1
1753591976865,04:52:56.865,bybit,AEVO/USDT:USDT,0.1082,24746.8,0.1081,117414.8,0.1083,1910.8,0.1084,53581.1
1753591977364,04:52:57.364,bybit,AEVO/USDT:USDT,0.1082,24746.8,0.1081,117414.8,0.1083,1910.8,0.1084,53581.1
1753591977465,04:52:57.465,bybit,AEVO/USDT:USDT,0.1082,24746.8,0.1081,117414.8,0.1083,1910.8,0.1084,53581.1
1753591977565,04:52:57.565,bybit,AEVO/USDT:USDT,0.1082,24746.8,0.1081,117414.8,0.1083,1910.8,0.1084,53581.1
1753591977965,04:52:57.965,bybit,AEVO/USDT:USDT,0.1082,24746.8,0.1081,117414.8,0.1083,1910.8,0.1084,53581.1
1753591978064,04:52:58.064,bybit,AEVO/USDT:USDT,0.1082,24746.8,0.1081,117414.8,0.1083,1910.8,0.1084,53581.1
1753591978166,04:52:58.166,bybit,AEVO/USDT:USDT,0.1082,24746.8,0.1081,121261.3,0.1083,1910.8,0.1084,53581.1
1753591978364,04:52:58.364,bybit,AEVO/USDT:USDT,0.1082,24746.8,0.1081,121261.3,0.1083,62.1,0.1084,53581.1
1753591978465,04:52:58.465,bybit,AEVO/USDT:USDT,0.1082,24793.1,0.1081,121261.3,0.1083,1910.8,0.1084,53581.1
1753591978564,04:52:58.564,bybit,AEVO/USDT:USDT,0.1082,24793.1,0.1081,121261.3,0.1083,1910.8,0.1084,53581.1
1753591978665,04:52:58.665,bybit,AEVO/USDT:USDT,0.1082,24746.8,0.1081,121261.3,0.1083,1910.8,0.1084,53581.1
1753591978964,04:52:58.964,bybit,AEVO/USDT:USDT,0.1082,24846.4,0.1081,121261.3,0.1083,1910.8,0.1084,53581.1
1753591979065,04:52:59.065,bybit,AEVO/USDT:USDT,0.1082,24846.4,0.1081,121261.3,0.1083,1910.8,0.1084,53581.1
1753591979165,04:52:59.165,bybit,AEVO/USDT:USDT,0.1082,24846.4,0.1081,121261.3,0.1083,1910.8,0.1084,53581.1
1753591979364,04:52:59.364,bybit,AEVO/USDT:USDT,0.1082,22442.2,0.1081,121261.3,0.1083,1910.8,0.1084,53581.1
1753591979464,04:52:59.464,bybit,AEVO/USDT:USDT,0.1082,22442.2,0.1081,123570.7,0.1083,1910.8,0.1084,53581.1
1753591979564,04:52:59.564,bybit,AEVO/USDT:USDT,0.1082,31905.2,0.1081,123570.7,0.1083,62.1,0.1084,46522.3
1753591979664,04:52:59.664,bybit,AEVO/USDT:USDT,0.1082,31997.8,0.1081,123570.7,0.1083,62.1,0.1084,46522.3
1753591979764,04:52:59.764,bybit,AEVO/USDT:USDT,0.1082,31997.8,0.1081,123570.7,0.1083,62.1,0.1084,46522.3
1753591979964,04:52:59.964,bybit,AEVO/USDT:USDT,0.1082,31997.8,0.1081,125882.4,0.1083,62.1,0.1084,46522.3
1753591980169,04:53:00.169,bybit,AEVO/USDT:USDT,0.1082,32092.3,0.1081,123570.7,0.1083,62.1,0.1084,46522.3
1753591980264,04:53:00.264,bybit,AEVO/USDT:USDT,0.1082,32046.0,0.1081,123570.7,0.1083,62.1,0.1084,46522.3
1753591980364,04:53:00.364,bybit,AEVO/USDT:USDT,0.1082,32092.3,0.1081,125882.4,0.1083,62.1,0.1084,46522.3
1753591980565,04:53:00.565,bybit,AEVO/USDT:USDT,0.1082,32138.6,0.1081,125882.4,0.1083,62.1,0.1084,46522.3
1753591980665,04:53:00.665,bybit,AEVO/USDT:USDT,0.1082,32138.6,0.1081,125882.4,0.1083,62.1,0.1084,46522.3
1753591980764,04:53:00.764,bybit,AEVO/USDT:USDT,0.1082,32138.6,0.1081,125882.4,0.1083,62.1,0.1084,46522.3
1753591980864,04:53:00.864,bybit,AEVO/USDT:USDT,0.1082,32092.3,0.1081,125882.4,0.1083,62.1,0.1084,46522.3
1753591981065,04:53:01.065,bybit,AEVO/USDT:USDT,0.1082,32138.6,0.1081,125882.4,0.1083,62.1,0.1084,46522.3
1753591981264,04:53:01.264,bybit,AEVO/USDT:USDT,0.1082,32138.6,0.1081,125882.4,0.1083,62.1,0.1084,46522.3
1753591981365,04:53:01.365,bybit,AEVO/USDT:USDT,0.1082,32138.6,0.1081,125882.4,0.1083,62.1,0.1084,46522.3
1753591981565,04:53:01.565,bybit,AEVO/USDT:USDT,0.1083,12463.7,0.1082,90305.6,0.1084,18232.9,0.1085,56452.3
1753591981665,04:53:01.665,bybit,AEVO/USDT:USDT,0.1083,12463.7,0.1082,99206.2,0.1084,18232.9,0.1085,56452.3
1753591981764,04:53:01.764,bybit,AEVO/USDT:USDT,0.1083,12463.7,0.1082,91597.5,0.1084,23077.7,0.1085,56452.3
1753591981864,04:53:01.864,bybit,AEVO/USDT:USDT,0.1083,12463.7,0.1082,91597.5,0.1084,23077.7,0.1085,56452.3
1753591981964,04:53:01.964,bybit,AEVO/USDT:USDT,0.1083,12463.7,0.1082,91597.5,0.1084,23077.7,0.1085,61281.2
1753591982064,04:53:02.064,bybit,AEVO/USDT:USDT,0.1083,13264.2,0.1082,96671.5,0.1084,23172.1,0.1085,61281.2
1753591982364,04:53:02.364,bybit,AEVO/USDT:USDT,0.1083,13264.2,0.1082,96671.5,0.1084,23172.1,0.1085,61281.2
1753591982465,04:53:02.465,bybit,AEVO/USDT:USDT,0.1083,13264.2,0.1082,96671.5,0.1084,23172.1,0.1085,61281.2
1753591982865,04:53:02.865,bybit,AEVO/USDT:USDT,0.1083,13264.2,0.1082,96671.5,0.1084,23172.1,0.1085,61742.5
1753591982965,04:53:02.965,bybit,AEVO/USDT:USDT,0.1083,13264.2,0.1082,97600.4,0.1084,23172.1,0.1085,61742.5
1753591983065,04:53:03.065,bybit,AEVO/USDT:USDT,0.1083,12463.7,0.1082,97600.4,0.1084,23172.1,0.1085,61742.5
1753591983564,04:53:03.564,bybit,AEVO/USDT:USDT,0.1083,9156.2,0.1082,81896.3,0.1084,23172.1,0.1085,61742.5
1753591983664,04:53:03.664,bybit,AEVO/USDT:USDT,0.1083,1848.7,0.1082,84206.0,0.1084,14478.9,0.1085,61742.5
1753591983765,04:53:03.765,bybit,AEVO/USDT:USDT,0.1083,1848.7,0.1082,84206.0,0.1084,14478.9,0.1085,61742.5
1753591983865,04:53:03.865,bybit,AEVO/USDT:USDT,0.1083,1848.7,0.1082,84206.0,0.1084,14478.9,0.1085,61742.5
1753591984167,04:53:04.167,bybit,AEVO/USDT:USDT,0.1083,1848.7,0.1082,79037.5,0.1084,14478.9,0.1085,61742.5
1753591984265,04:53:04.265,bybit,AEVO/USDT:USDT,0.1083,1848.7,0.1082,79037.5,0.1084,19478.9,0.1085,61742.5
1753591984564,04:53:04.564,bybit,AEVO/USDT:USDT,0.1083,1848.7,0.1082,62739.9,0.1084,28420.1,0.1085,59679.4
1753591984665,04:53:04.665,bybit,AEVO/USDT:USDT,0.1083,1848.7,0.1082,62739.9,0.1084,28420.1,0.1085,59679.4
1753591984764,04:53:04.764,bybit,AEVO/USDT:USDT,0.1083,1848.7,0.1082,62739.9,0.1084,28420.1,0.1085,59679.4
1753591984864,04:53:04.864,bybit,AEVO/USDT:USDT,0.1083,1848.7,0.1082,62739.9,0.1084,30265.9,0.1085,59679.4
1753591984965,04:53:04.965,bybit,AEVO/USDT:USDT,0.1083,1848.7,0.1082,62739.9,0.1084,30265.9,0.1085,65895.3
1753591985165,04:53:05.165,bybit,AEVO/USDT:USDT,0.1083,1848.7,0.1082,62739.9,0.1084,30265.9,0.1085,65895.3
1753591985265,04:53:05.265,bybit,AEVO/USDT:USDT,0.1083,1848.7,0.1082,62739.9,0.1084,30265.9,0.1085,65895.3
1753591985565,04:53:05.565,bybit,AEVO/USDT:USDT,0.1083,1848.7,0.1082,70721.6,0.1084,21324.7,0.1085,65895.3
1753591985666,04:53:05.666,bybit,AEVO/USDT:USDT,0.1083,1848.7,0.1082,70721.6,0.1084,19478.9,0.1085,63129.5
1753591985765,04:53:05.765,bybit,AEVO/USDT:USDT,0.1083,1848.7,0.1082,69798.7,0.1084,21361.3,0.1085,61283.7
1753591985865,04:53:05.865,bybit,AEVO/USDT:USDT,0.1083,1848.7,0.1082,69798.7,0.1084,21361.3,0.1085,61283.7
1753591985965,04:53:05.965,bybit,AEVO/USDT:USDT,0.1083,1848.7,0.1082,69798.7,0.1084,19478.9,0.1085,61283.7
1753591986065,04:53:06.065,bybit,AEVO/USDT:USDT,0.1083,1848.7,0.1082,69798.7,0.1084,19478.9,0.1085,61283.7
1753591986167,04:53:06.167,bybit,AEVO/USDT:USDT,0.1083,1848.7,0.1082,62739.9,0.1084,28420.1,0.1085,61283.7
1753591986264,04:53:06.264,bybit,AEVO/USDT:USDT,0.1083,1848.7,0.1082,62739.9,0.1084,28420.1,0.1085,61283.7
1753591986365,04:53:06.365,bybit,AEVO/USDT:USDT,0.1083,1848.7,0.1082,62739.9,0.1084,28420.1,0.1085,61283.7
1753591986666,04:53:06.666,bybit,AEVO/USDT:USDT,0.1083,1926.9,0.1082,62662.4,0.1084,28420.1,0.1085,61283.7
1753591986764,04:53:06.764,bybit,AEVO/USDT:USDT,0.1083,1926.9,0.1082,62662.4,0.1084,28420.1,0.1085,63129.5
1753591986864,04:53:06.864,bybit,AEVO/USDT:USDT,0.1083,1926.9,0.1082,62662.4,0.1084,28420.1,0.1085,65003.4
1753591986964,04:53:06.964,bybit,AEVO/USDT:USDT,0.1083,78.2,0.1082,62662.4,0.1084,28420.1,0.1085,65003.4
1753591987065,04:53:07.065,bybit,AEVO/USDT:USDT,0.1083,1930.1,0.1082,61733.5,0.1084,28420.1,0.1085,65932.3
1753591987165,04:53:07.165,bybit,AEVO/USDT:USDT,0.1083,1930.1,0.1082,61733.5,0.1084,28420.1,0.1085,65932.3
1753591987765,04:53:07.765,bybit,AEVO/USDT:USDT,0.1083,1930.1,0.1082,61733.5,0.1084,28420.1,0.1085,64086.5
1753591987864,04:53:07.864,bybit,AEVO/USDT:USDT,0.1083,1930.1,0.1082,61733.5,0.1084,28420.1,0.1085,64086.5
1753591987965,04:53:07.965,bybit,AEVO/USDT:USDT,0.1083,78.2,0.1082,61733.5,0.1084,28420.1,0.1085,64086.5
1753591988065,04:53:08.065,bybit,AEVO/USDT:USDT,0.1082,26238.1,0.1081,89660.6,0.1083,3845.2,0.1084,51897.1
1753591988265,04:53:08.265,bybit,AEVO/USDT:USDT,0.1082,26332.9,0.1081,110354.0,0.1083,3799.0,0.1084,51897.1
1753591988864,04:53:08.864,bybit,AEVO/USDT:USDT,0.1082,35795.9,0.1081,103198.3,0.1083,1851.9,0.1084,44648.7
1753591989065,04:53:09.065,bybit,AEVO/USDT:USDT,0.1082,35795.9,0.1081,103198.3,0.1083,1898.1,0.1084,44648.7
1753591989164,04:53:09.164,bybit,AEVO/USDT:USDT,0.1082,35795.9,0.1081,103198.3,0.1083,1898.1,0.1084,44554.3
1753591989365,04:53:09.365,bybit,AEVO/USDT:USDT,0.1082,35795.9,0.1081,103198.3,0.1083,1898.1,0.1084,44554.3
1753591989464,04:53:09.464,bybit,AEVO/USDT:USDT,0.1082,35795.9,0.1081,103198.3,0.1083,1898.1,0.1084,44554.3
1753591989564,04:53:09.564,bybit,AEVO/USDT:USDT,0.1082,35795.9,0.1081,106293.4,0.1083,1898.1,0.1084,44554.3
1753591990168,04:53:10.168,bybit,AEVO/USDT:USDT,0.1082,35795.9,0.1081,112903.0,0.1083,1898.1,0.1084,44554.3
1753591991165,04:53:11.165,bybit,AEVO/USDT:USDT,0.1082,35795.9,0.1081,112903.0,0.1083,1898.1,0.1084,44554.3
1753591991864,04:53:11.864,bybit,AEVO/USDT:USDT,0.1082,28737.1,0.1081,112903.0,0.1083,1898.1,0.1084,44554.3
1753591991965,04:53:11.965,bybit,AEVO/USDT:USDT,0.1082,26332.9,0.1081,125154.8,0.1083,1898.1,0.1084,51613.1
1753591992168,04:53:12.168,bybit,AEVO/USDT:USDT,0.1082,26427.7,0.1081,125154.8,0.1083,6898.1,0.1084,51613.1
1753591992264,04:53:12.264,bybit,AEVO/USDT:USDT,0.1082,26427.7,0.1081,125154.8,0.1083,6898.1,0.1084,51613.1
1753591992365,04:53:12.365,bybit,AEVO/USDT:USDT,0.1082,19390.6,0.1081,118545.2,0.1083,11651.3,0.1084,51613.1
1753591992464,04:53:12.464,bybit,AEVO/USDT:USDT,0.1082,17603.0,0.1081,103198.3,0.1083,11651.3,0.1084,51613.1
1753591992564,04:53:12.564,bybit,AEVO/USDT:USDT,0.1082,19485.4,0.1081,103198.3,0.1083,11651.3,0.1084,51613.1
1753591992867,04:53:12.867,bybit,AEVO/USDT:USDT,0.1082,19485.4,0.1081,109572.8,0.1083,11651.3,0.1084,51613.1
1753591993165,04:53:13.165,bybit,AEVO/USDT:USDT,0.1082,19580.2,0.1081,113268.7,0.1083,11651.3,0.1084,64055.0
1753591993264,04:53:13.264,bybit,AEVO/USDT:USDT,0.1082,19580.2,0.1081,113268.7,0.1083,11651.3,0.1084,64055.0
1753591993364,04:53:13.364,bybit,AEVO/USDT:USDT,0.1082,19580.2,0.1081,113268.7,0.1083,11651.3,0.1084,64055.0
1753591993464,04:53:13.464,bybit,AEVO/USDT:USDT,0.1082,19580.2,0.1081,106894.2,0.1083,11651.3,0.1084,64055.0
1753591993565,04:53:13.565,bybit,AEVO/USDT:USDT,0.1082,19485.4,0.1081,106894.2,0.1083,11651.3,0.1084,64055.0
1753591993665,04:53:13.665,bybit,AEVO/USDT:USDT,0.1082,19486.8,0.1081,106894.2,0.1083,11651.3,0.1084,64055.0
1753591993764,04:53:13.764,bybit,AEVO/USDT:USDT,0.1082,19486.8,0.1081,106894.2,0.1083,11651.3,0.1084,64055.0
1753591993864,04:53:13.864,bybit,AEVO/USDT:USDT,0.1082,19486.8,0.1081,106894.2,0.1083,11651.3,0.1084,64055.0
1753591993965,04:53:13.965,bybit,AEVO/USDT:USDT,0.1082,19486.8,0.1081,106894.2,0.1083,11651.3,0.1084,64055.0
1753591994064,04:53:14.064,bybit,AEVO/USDT:USDT,0.1082,19581.6,0.1081,106894.2,0.1083,11651.3,0.1084,64055.0
1753591994365,04:53:14.365,bybit,AEVO/USDT:USDT,0.1082,19581.6,0.1081,106894.2,0.1083,11651.3,0.1084,64055.0
1753591994464,04:53:14.464,bybit,AEVO/USDT:USDT,0.1082,19581.6,0.1081,106894.2,0.1083,11651.3,0.1084,64055.0
1753591994965,04:53:14.965,bybit,AEVO/USDT:USDT,0.1082,19581.6,0.1081,106894.2,0.1083,11651.3,0.1084,55309.0
1753591995064,04:53:15.064,bybit,AEVO/USDT:USDT,0.1082,19581.6,0.1081,106894.2,0.1083,11651.3,0.1084,55309.0
1753591995164,04:53:15.164,bybit,AEVO/USDT:USDT,0.1082,19581.6,0.1081,106894.2,0.1083,11651.3,0.1084,55309.0
1753591995264,04:53:15.264,bybit,AEVO/USDT:USDT,0.1082,19581.6,0.1081,106894.2,0.1083,11651.3,0.1084,55309.0
1753591995465,04:53:15.465,bybit,AEVO/USDT:USDT,0.1082,19581.6,0.1081,114823.3,0.1083,11651.3,0.1084,55309.0
1753591995564,04:53:15.564,bybit,AEVO/USDT:USDT,0.1082,19581.6,0.1081,114823.3,0.1083,11651.3,0.1084,55309.0
1753591995964,04:53:15.964,bybit,AEVO/USDT:USDT,0.1082,19581.6,0.1081,114823.3,0.1083,11651.3,0.1084,55309.0
1753591996064,04:53:16.064,bybit,AEVO/USDT:USDT,0.1082,19581.6,0.1081,114823.3,0.1083,11651.3,0.1084,55309.0
1753591996864,04:53:16.864,bybit,AEVO/USDT:USDT,0.1082,19581.6,0.1081,114823.3,0.1083,11651.3,0.1084,55309.0
1753591997064,04:53:17.064,bybit,AEVO/USDT:USDT,0.1082,19581.6,0.1081,114823.3,0.1083,11651.3,0.1084,55309.0
1753591997164,04:53:17.164,bybit,AEVO/USDT:USDT,0.1082,19581.6,0.1081,114823.3,0.1083,11651.3,0.1084,55309.0
1753591997265,04:53:17.265,bybit,AEVO/USDT:USDT,0.1082,19581.6,0.1081,106894.2,0.1083,11651.3,0.1084,55309.0
1753591997464,04:53:17.464,bybit,AEVO/USDT:USDT,0.1082,19574.4,0.1081,106894.2,0.1083,11651.3,0.1084,55309.0
1753591997664,04:53:17.664,bybit,AEVO/USDT:USDT,0.1082,19574.4,0.1081,106894.2,0.1083,11651.3,0.1084,55309.0
1753591997764,04:53:17.764,bybit,AEVO/USDT:USDT,0.1082,19384.8,0.1081,115987.7,0.1083,11651.3,0.1084,55309.0
1753591997864,04:53:17.864,bybit,AEVO/USDT:USDT,0.1082,19479.6,0.1081,115987.7,0.1083,11651.3,0.1084,55309.0
1753591998265,04:53:18.265,bybit,AEVO/USDT:USDT,0.1082,19479.6,0.1081,115987.7,0.1083,11651.3,0.1084,55309.0
1753591998364,04:53:18.364,bybit,AEVO/USDT:USDT,0.1082,19479.6,0.1081,115987.7,0.1083,11651.3,0.1084,55309.0
1753591998864,04:53:18.864,bybit,AEVO/USDT:USDT,0.1082,19479.6,0.1081,115987.7,0.1083,11651.3,0.1084,55309.0
1753591998964,04:53:18.964,bybit,AEVO/USDT:USDT,0.1082,26633.2,0.1081,115987.7,0.1083,1898.1,0.1084,44554.3
1753591999165,04:53:19.165,bybit,AEVO/USDT:USDT,0.1082,28942.6,0.1081,110814.4,0.1083,1898.1,0.1084,44554.3
1753591999365,04:53:19.365,bybit,AEVO/USDT:USDT,0.1082,28942.6,0.1081,110814.4,0.1083,1898.1,0.1084,44554.3
1753591999464,04:53:19.464,bybit,AEVO/USDT:USDT,0.1082,28942.6,0.1081,110814.4,0.1083,1898.1,0.1084,44554.3
1753591999865,04:53:19.865,bybit,AEVO/USDT:USDT,0.1082,28942.6,0.1081,110814.4,0.1083,1898.1,0.1084,51613.1
1753591999965,04:53:19.965,bybit,AEVO/USDT:USDT,0.1082,28942.6,0.1081,110814.4,0.1083,1898.1,0.1084,51613.1
1753592000065,04:53:20.065,bybit,AEVO/USDT:USDT,0.1082,28942.6,0.1081,110814.4,0.1083,1898.1,0.1084,51613.1
1753592000169,04:53:20.169,bybit,AEVO/USDT:USDT,0.1082,28942.6,0.1081,110814.4,0.1083,1898.1,0.1084,51613.1
1753592000565,04:53:20.565,bybit,AEVO/USDT:USDT,0.1082,28942.6,0.1081,110814.4,0.1083,1898.1,0.1084,51613.1
1753592000665,04:53:20.665,bybit,AEVO/USDT:USDT,0.1082,28942.6,0.1081,110814.4,0.1083,1898.1,0.1084,51613.1
1753592001666,04:53:21.666,bybit,AEVO/USDT:USDT,0.1082,29127.6,0.1081,115987.7,0.1083,46.2,0.1084,51613.1
1753592001764,04:53:21.764,bybit,AEVO/USDT:USDT,0.1082,29127.6,0.1081,115987.7,0.1083,46.2,0.1084,51613.1
1753592001865,04:53:21.865,bybit,AEVO/USDT:USDT,0.1082,29127.6,0.1081,115987.7,0.1083,1857.7,0.1084,51613.1
1753592002167,04:53:22.167,bybit,AEVO/USDT:USDT,0.1082,29127.6,0.1081,115987.7,0.1083,1857.7,0.1084,51613.1
1753592002264,04:53:22.264,bybit,AEVO/USDT:USDT,0.1082,29127.6,0.1081,115987.7,0.1083,1857.7,0.1084,51613.1
1753592002564,04:53:22.564,bybit,AEVO/USDT:USDT,0.1082,29127.6,0.1081,115987.7,0.1083,1857.7,0.1084,51613.1
1753592003264,04:53:23.264,bybit,AEVO/USDT:USDT,0.1082,29127.6,0.1081,115987.7,0.1083,1857.7,0.1084,51613.1
1753592003365,04:53:23.365,bybit,AEVO/USDT:USDT,0.1082,29127.6,0.1081,115987.7,0.1083,1857.7,0.1084,51613.1
1753592003465,04:53:23.465,bybit,AEVO/USDT:USDT,0.1082,29127.6,0.1081,115987.7,0.1083,46.2,0.1084,51613.1
1753592003565,04:53:23.565,bybit,AEVO/USDT:USDT,0.1082,29127.6,0.1081,115987.7,0.1083,46.2,0.1084,51613.1
1753592003665,04:53:23.665,bybit,AEVO/USDT:USDT,0.1082,29127.6,0.1081,118299.4,0.1083,46.2,0.1084,51613.1
1753592003764,04:53:23.764,bybit,AEVO/USDT:USDT,0.1082,29173.9,0.1081,118299.4,0.1083,46.2,0.1084,51613.1
1753592003864,04:53:23.864,bybit,AEVO/USDT:USDT,0.1082,29173.9,0.1081,118299.4,0.1083,46.2,0.1084,51613.1
1753592003964,04:53:23.964,bybit,AEVO/USDT:USDT,0.1082,29127.6,0.1081,118299.4,0.1083,46.2,0.1084,51613.1
1753592004065,04:53:24.065,bybit,AEVO/USDT:USDT,0.1082,29127.6,0.1081,118299.4,0.1083,46.2,0.1084,51613.1
1753592004169,04:53:24.169,bybit,AEVO/USDT:USDT,0.1082,29173.9,0.1081,118299.4,0.1083,46.2,0.1084,51613.1
1753592004265,04:53:24.265,bybit,AEVO/USDT:USDT,0.1082,29127.6,0.1081,118299.4,0.1083,46.2,0.1084,51613.1
1753592004365,04:53:24.365,bybit,AEVO/USDT:USDT,0.1082,29127.6,0.1081,118299.4,0.1083,46.2,0.1084,51613.1
1753592004864,04:53:24.864,bybit,AEVO/USDT:USDT,0.1082,29127.6,0.1081,118299.4,0.1083,46.2,0.1084,51613.1
1753592004964,04:53:24.964,bybit,AEVO/USDT:USDT,0.1082,29127.6,0.1081,118299.4,0.1083,46.2,0.1084,51613.1
1753592005365,04:53:25.365,bybit,AEVO/USDT:USDT,0.1082,29127.6,0.1081,118299.4,0.1083,46.2,0.1084,51613.1
1753592005465,04:53:25.465,bybit,AEVO/USDT:USDT,0.1082,29127.6,0.1081,118299.4,0.1083,46.2,0.1084,51613.1
1753592005765,04:53:25.765,bybit,AEVO/USDT:USDT,0.1082,29127.6,0.1081,115987.7,0.1083,46.2,0.1084,51613.1
1753592005865,04:53:25.865,bybit,AEVO/USDT:USDT,0.1082,29127.6,0.1081,115987.7,0.1083,46.2,0.1084,51613.1
1753592005965,04:53:25.965,bybit,AEVO/USDT:USDT,0.1082,29127.6,0.1081,120624.7,0.1083,46.2,0.1084,51613.1
1753592006167,04:53:26.167,bybit,AEVO/USDT:USDT,0.1082,29127.6,0.1081,120624.7,0.1083,46.2,0.1084,51613.1
1753592006364,04:53:26.364,bybit,AEVO/USDT:USDT,0.1082,29127.6,0.1081,120624.7,0.1083,46.2,0.1084,51613.1
1753592006465,04:53:26.465,bybit,AEVO/USDT:USDT,0.1082,29127.6,0.1081,120624.7,0.1083,46.2,0.1084,51613.1
1753592006677,04:53:26.677,bybit,AEVO/USDT:USDT,0.1082,29173.9,0.1081,120624.7,0.1083,46.2,0.1084,51613.1
1753592006965,04:53:26.965,bybit,AEVO/USDT:USDT,0.1082,29173.9,0.1081,120624.7,0.1083,46.2,0.1084,51613.1
1753592007065,04:53:27.065,bybit,AEVO/USDT:USDT,0.1082,29173.9,0.1081,120624.7,0.1083,46.2,0.1084,51613.1
1753592007265,04:53:27.265,bybit,AEVO/USDT:USDT,0.1082,29127.6,0.1081,120624.7,0.1083,46.2,0.1084,51613.1
1753592007464,04:53:27.464,bybit,AEVO/USDT:USDT,0.1082,29127.6,0.1081,120624.7,0.1083,46.2,0.1084,51613.1
1753592007665,04:53:27.665,bybit,AEVO/USDT:USDT,0.1082,29127.6,0.1081,120624.7,0.1083,46.2,0.1084,51613.1
1753592007865,04:53:27.865,bybit,AEVO/USDT:USDT,0.1082,29127.6,0.1081,120624.7,0.1083,46.2,0.1084,51613.1
1753592008065,04:53:28.065,bybit,AEVO/USDT:USDT,0.1082,29127.6,0.1081,120624.7,0.1083,46.2,0.1084,51613.1
1753592008167,04:53:28.167,bybit,AEVO/USDT:USDT,0.1082,29127.6,0.1081,118313.0,0.1083,46.2,0.1084,51613.1
1753592008265,04:53:28.265,bybit,AEVO/USDT:USDT,0.1082,29127.6,0.1081,120624.7,0.1083,46.2,0.1084,51613.1
1753592008364,04:53:28.364,bybit,AEVO/USDT:USDT,0.1082,29127.6,0.1081,120624.7,0.1083,46.2,0.1084,51613.1
1753592008564,04:53:28.564,bybit,AEVO/USDT:USDT,0.1082,29127.6,0.1081,120624.7,0.1083,46.2,0.1084,51613.1
1753592008664,04:53:28.664,bybit,AEVO/USDT:USDT,0.1082,29127.6,0.1081,120624.7,0.1083,46.2,0.1084,51613.1
1753592008864,04:53:28.864,bybit,AEVO/USDT:USDT,0.1082,29127.6,0.1081,118313.0,0.1083,46.2,0.1084,51613.1
1753592008964,04:53:28.964,bybit,AEVO/USDT:USDT,0.1082,29127.6,0.1081,120624.7,0.1083,46.2,0.1084,51613.1
1753592009065,04:53:29.065,bybit,AEVO/USDT:USDT,0.1082,29127.6,0.1081,118313.0,0.1083,46.2,0.1084,51613.1
1753592009165,04:53:29.165,bybit,AEVO/USDT:USDT,0.1082,29127.6,0.1081,120624.7,0.1083,46.2,0.1084,51613.1
1753592009264,04:53:29.264,bybit,AEVO/USDT:USDT,0.1082,29127.6,0.1081,120624.7,0.1083,46.2,0.1084,51613.1
1753592009365,04:53:29.365,bybit,AEVO/USDT:USDT,0.1082,29127.6,0.1081,118313.0,0.1083,46.2,0.1084,51613.1
1753592009564,04:53:29.564,bybit,AEVO/USDT:USDT,0.1082,29127.6,0.1081,120624.7,0.1083,46.2,0.1084,51613.1
1753592009664,04:53:29.664,bybit,AEVO/USDT:USDT,0.1082,29127.6,0.1081,120624.7,0.1083,46.2,0.1084,51613.1
1753592009764,04:53:29.764,bybit,AEVO/USDT:USDT,0.1082,29127.6,0.1081,120624.7,0.1083,46.2,0.1084,51613.1
1753592009864,04:53:29.864,bybit,AEVO/USDT:USDT,0.1082,29127.6,0.1081,120624.7,0.1083,46.2,0.1084,51613.1
1753592009964,04:53:29.964,bybit,AEVO/USDT:USDT,0.1082,29148.6,0.1081,120624.7,0.1083,46.2,0.1084,51613.1
1753592010167,04:53:30.167,bybit,AEVO/USDT:USDT,0.1082,29148.6,0.1081,118313.0,0.1083,46.2,0.1084,51613.1
1753592010264,04:53:30.264,bybit,AEVO/USDT:USDT,0.1082,29148.6,0.1081,120624.7,0.1083,46.2,0.1084,51613.1
1753592010764,04:53:30.764,bybit,AEVO/USDT:USDT,0.1082,29148.6,0.1081,120624.7,0.1083,46.2,0.1084,51613.1
1753592010865,04:53:30.865,bybit,AEVO/USDT:USDT,0.1082,29148.6,0.1081,120624.7,0.1083,46.2,0.1084,51613.1
1753592010964,04:53:30.964,bybit,AEVO/USDT:USDT,0.1082,29148.6,0.1081,158226.4,0.1083,46.2,0.1084,51613.1
1753592011064,04:53:31.064,bybit,AEVO/USDT:USDT,0.1082,29148.6,0.1081,161890.2,0.1083,46.2,0.1084,51613.1
1753592011164,04:53:31.164,bybit,AEVO/USDT:USDT,0.1082,29194.9,0.1081,161890.2,0.1083,46.2,0.1084,51613.1
1753592011265,04:53:31.265,bybit,AEVO/USDT:USDT,0.1082,29194.9,0.1081,159578.5,0.1083,46.2,0.1084,51613.1
1753592011365,04:53:31.365,bybit,AEVO/USDT:USDT,0.1082,29194.9,0.1081,161890.2,0.1083,46.2,0.1084,51613.1
1753592011464,04:53:31.464,bybit,AEVO/USDT:USDT,0.1082,29148.6,0.1081,161890.2,0.1083,46.2,0.1084,51613.1
1753592011765,04:53:31.765,bybit,AEVO/USDT:USDT,0.1082,29194.9,0.1081,161890.2,0.1083,46.2,0.1084,51613.1
1753592011865,04:53:31.865,bybit,AEVO/USDT:USDT,0.1082,29194.9,0.1081,159578.5,0.1083,46.2,0.1084,51613.1
1753592011964,04:53:31.964,bybit,AEVO/USDT:USDT,0.1082,29194.9,0.1081,161890.2,0.1083,46.2,0.1084,51613.1
1753592012964,04:53:32.964,bybit,AEVO/USDT:USDT,0.1082,29194.9,0.1081,161890.2,0.1083,46.2,0.1084,51613.1
1753592013064,04:53:33.064,bybit,AEVO/USDT:USDT,0.1082,29194.9,0.1081,161890.2,0.1083,46.2,0.1084,51613.1
1753592013565,04:53:33.565,bybit,AEVO/USDT:USDT,0.1082,29194.9,0.1081,159578.5,0.1083,46.2,0.1084,51613.1
1753592013665,04:53:33.665,bybit,AEVO/USDT:USDT,0.1082,29194.9,0.1081,161890.2,0.1083,46.2,0.1084,51613.1
1753592014065,04:53:34.065,bybit,AEVO/USDT:USDT,0.1082,29194.9,0.1081,161890.2,0.1083,46.2,0.1084,51613.1
1753592014165,04:53:34.165,bybit,AEVO/USDT:USDT,0.1082,29194.9,0.1081,161890.2,0.1083,46.2,0.1084,51613.1
1753592014565,04:53:34.565,bybit,AEVO/USDT:USDT,0.1082,29194.9,0.1081,161890.2,0.1083,46.2,0.1084,51613.1
1753592014665,04:53:34.665,bybit,AEVO/USDT:USDT,0.1082,29194.9,0.1081,161890.2,0.1083,46.2,0.1084,51613.1
1753592015265,04:53:35.265,bybit,AEVO/USDT:USDT,0.1082,29194.9,0.1081,161890.2,0.1083,46.2,0.1084,51613.1
1753592015365,04:53:35.365,bybit,AEVO/USDT:USDT,0.1082,29194.9,0.1081,161890.2,0.1083,46.2,0.1084,51613.1
1753592015764,04:53:35.764,bybit,AEVO/USDT:USDT,0.1082,29241.2,0.1081,161890.2,0.1083,46.2,0.1084,51613.1
1753592015865,04:53:35.865,bybit,AEVO/USDT:USDT,0.1082,34241.2,0.1081,161890.2,0.1083,46.2,0.1084,51613.1
1753592016064,04:53:36.064,bybit,AEVO/USDT:USDT,0.1082,34335.7,0.1081,161890.2,0.1083,46.2,0.1084,51613.1
1753592016168,04:53:36.168,bybit,AEVO/USDT:USDT,0.1082,34335.7,0.1081,161890.2,0.1083,46.2,0.1084,51613.1
1753592016365,04:53:36.365,bybit,AEVO/USDT:USDT,0.1082,34335.7,0.1081,161890.2,0.1083,46.2,0.1084,51613.1
1753592016464,04:53:36.464,bybit,AEVO/USDT:USDT,0.1082,34335.7,0.1081,161890.2,0.1083,46.2,0.1084,51613.1
1753592016865,04:53:36.865,bybit,AEVO/USDT:USDT,0.1082,29335.7,0.1081,161890.2,0.1083,46.2,0.1084,51613.1
1753592016965,04:53:36.965,bybit,AEVO/USDT:USDT,0.1082,29335.7,0.1081,161890.2,0.1083,46.2,0.1084,51613.1
1753592017166,04:53:37.166,bybit,AEVO/USDT:USDT,0.1082,29194.9,0.1081,161890.2,0.1083,46.2,0.1084,51613.1
1753592017565,04:53:37.565,bybit,AEVO/USDT:USDT,0.1082,29194.9,0.1081,161890.2,0.1083,46.2,0.1084,51613.1
1753592017665,04:53:37.665,bybit,AEVO/USDT:USDT,0.1083,12655.0,0.1082,112070.9,0.1084,17126.9,0.1085,52328.9
1753592017764,04:53:37.764,bybit,AEVO/USDT:USDT,0.1083,12608.8,0.1082,105276.5,0.1084,17221.7,0.1085,40115.3
1753592017865,04:53:37.865,bybit,AEVO/USDT:USDT,0.1083,12608.8,0.1082,105276.5,0.1084,17221.7,0.1085,40115.3
1753592017965,04:53:37.965,bybit,AEVO/USDT:USDT,0.1083,12608.8,0.1082,100657.6,0.1084,17221.7,0.1085,44752.4
1753592018064,04:53:38.064,bybit,AEVO/USDT:USDT,0.1083,12608.8,0.1082,100657.6,0.1084,17316.1,0.1085,44752.4
1753592018167,04:53:38.167,bybit,AEVO/USDT:USDT,0.1083,12608.8,0.1082,100657.6,0.1084,17316.1,0.1085,44752.4
1753592018365,04:53:38.365,bybit,AEVO/USDT:USDT,0.1083,12608.8,0.1082,100657.6,0.1084,17316.1,0.1085,44752.4
1753592018464,04:53:38.464,bybit,AEVO/USDT:USDT,0.1083,12608.8,0.1082,100657.6,0.1084,17316.1,0.1085,44752.4
1753592018565,04:53:38.565,bybit,AEVO/USDT:USDT,0.1083,12608.8,0.1082,100657.6,0.1084,17316.1,0.1085,44752.4
1753592018965,04:53:38.965,bybit,AEVO/USDT:USDT,0.1083,12608.8,0.1082,100657.6,0.1084,17316.1,0.1085,44752.4
1753592019064,04:53:39.064,bybit,AEVO/USDT:USDT,0.1083,12608.8,0.1082,100657.6,0.1084,17316.1,0.1085,44752.4
1753592019165,04:53:39.165,bybit,AEVO/USDT:USDT,0.1083,12608.8,0.1082,100657.6,0.1084,17316.1,0.1085,44752.4
1753592019365,04:53:39.365,bybit,AEVO/USDT:USDT,0.1083,12608.8,0.1082,100657.6,0.1084,17316.1,0.1085,44752.4
1753592019464,04:53:39.464,bybit,AEVO/USDT:USDT,0.1083,12608.8,0.1082,100657.6,0.1084,17316.1,0.1085,44752.4
1753592019564,04:53:39.564,bybit,AEVO/USDT:USDT,0.1083,12608.8,0.1082,100657.6,0.1084,17316.1,0.1085,44752.4
1753592020465,04:53:40.465,bybit,AEVO/USDT:USDT,0.1083,12608.8,0.1082,100657.6,0.1084,17221.3,0.1085,46598.2
1753592020564,04:53:40.564,bybit,AEVO/USDT:USDT,0.1083,12608.8,0.1082,106130.4,0.1084,17221.3,0.1085,46598.2
1753592020665,04:53:40.665,bybit,AEVO/USDT:USDT,0.1083,12608.8,0.1082,106130.4,0.1084,17316.1,0.1085,46598.2
1753592020764,04:53:40.764,bybit,AEVO/USDT:USDT,0.1083,12608.8,0.1082,105207.5,0.1084,17316.1,0.1085,46598.2
1753592021065,04:53:41.065,bybit,AEVO/USDT:USDT,0.1083,12608.8,0.1082,99734.7,0.1084,17316.1,0.1085,47882.6
1753592021165,04:53:41.165,bybit,AEVO/USDT:USDT,0.1083,12608.8,0.1082,99734.7,0.1084,17316.1,0.1085,47882.6
1753592021365,04:53:41.365,bybit,AEVO/USDT:USDT,0.1083,12608.8,0.1082,103391.2,0.1084,17316.1,0.1085,47882.6
1753592021464,04:53:41.464,bybit,AEVO/USDT:USDT,0.1083,12608.8,0.1082,104320.1,0.1084,17316.1,0.1085,47882.6
1753592021565,04:53:41.565,bybit,AEVO/USDT:USDT,0.1083,12608.8,0.1082,104320.1,0.1084,17221.3,0.1085,47882.6
1753592021665,04:53:41.665,bybit,AEVO/USDT:USDT,0.1083,12608.8,0.1082,104320.1,0.1084,17316.1,0.1085,47882.6
1753592021764,04:53:41.764,bybit,AEVO/USDT:USDT,0.1083,12608.8,0.1082,104320.1,0.1084,17316.1,0.1085,47882.6
1753592022065,04:53:42.065,bybit,AEVO/USDT:USDT,0.1083,12608.8,0.1082,104320.1,0.1084,17221.7,0.1085,46036.8
1753592022167,04:53:42.167,bybit,AEVO/USDT:USDT,0.1083,12608.8,0.1082,104320.1,0.1084,17221.7,0.1085,46036.8
1753592022265,04:53:42.265,bybit,AEVO/USDT:USDT,0.1083,12608.8,0.1082,104320.1,0.1084,17221.7,0.1085,46036.8
1753592022464,04:53:42.464,bybit,AEVO/USDT:USDT,0.1083,12655.2,0.1082,104273.8,0.1084,17221.7,0.1085,46036.8
1753592022765,04:53:42.765,bybit,AEVO/USDT:USDT,0.1083,12655.2,0.1082,104273.8,0.1084,17221.7,0.1085,46036.8
1753592022864,04:53:42.864,bybit,AEVO/USDT:USDT,0.1083,12655.2,0.1082,104273.8,0.1084,17221.7,0.1085,46036.8
1753592023165,04:53:43.165,bybit,AEVO/USDT:USDT,0.1083,12655.2,0.1082,109190.0,0.1084,17032.1,0.1085,46036.8
1753592023264,04:53:43.264,bybit,AEVO/USDT:USDT,0.1083,12655.2,0.1082,109190.0,0.1084,17032.1,0.1085,46036.8
1753592023364,04:53:43.364,bybit,AEVO/USDT:USDT,0.1083,12655.2,0.1082,109190.0,0.1084,17032.1,0.1085,46036.8
1753592023764,04:53:43.764,bybit,AEVO/USDT:USDT,0.1083,12655.2,0.1082,109190.0,0.1084,17032.1,0.1085,46036.8
1753592023964,04:53:43.964,bybit,AEVO/USDT:USDT,0.1083,12655.2,0.1082,109190.0,0.1084,17032.1,0.1085,46036.8
1753592024064,04:53:44.064,bybit,AEVO/USDT:USDT,0.1083,12655.2,0.1082,109190.0,0.1084,17221.7,0.1085,46036.8
1753592024364,04:53:44.364,bybit,AEVO/USDT:USDT,0.1083,12655.2,0.1082,109190.0,0.1084,17221.7,0.1085,46036.8
1753592024464,04:53:44.464,bybit,AEVO/USDT:USDT,0.1083,12655.2,0.1082,109190.0,0.1084,17221.7,0.1085,46036.8
1753592024565,04:53:44.565,bybit,AEVO/USDT:USDT,0.1083,12655.2,0.1082,109190.0,0.1084,17032.1,0.1085,46036.8
1753592024665,04:53:44.665,bybit,AEVO/USDT:USDT,0.1083,12655.2,0.1082,109190.0,0.1084,17221.7,0.1085,46036.8
1753592024965,04:53:44.965,bybit,AEVO/USDT:USDT,0.1083,12655.2,0.1082,109190.0,0.1084,17221.7,0.1085,46036.8
1753592025064,04:53:45.064,bybit,AEVO/USDT:USDT,0.1083,12655.2,0.1082,109190.0,0.1084,17221.7,0.1085,46036.8
1753592025264,04:53:45.264,bybit,AEVO/USDT:USDT,0.1083,12655.2,0.1082,109190.0,0.1084,17126.9,0.1085,46036.8
1753592025465,04:53:45.465,bybit,AEVO/USDT:USDT,0.1083,12655.2,0.1082,109190.0,0.1084,17126.9,0.1085,46036.8
1753592025565,04:53:45.565,bybit,AEVO/USDT:USDT,0.1083,12655.2,0.1082,109190.0,0.1084,17126.9,0.1085,46036.8
1753592026065,04:53:46.065,bybit,AEVO/USDT:USDT,0.1083,12655.2,0.1082,109190.0,0.1084,17126.9,0.1085,46036.8
1753592026166,04:53:46.166,bybit,AEVO/USDT:USDT,0.1083,12655.2,0.1082,109190.0,0.1084,17126.9,0.1085,46036.8
1753592026365,04:53:46.365,bybit,AEVO/USDT:USDT,0.1083,12655.2,0.1082,109190.0,0.1084,17126.9,0.1085,46036.8
1753592026465,04:53:46.465,bybit,AEVO/USDT:USDT,0.1083,12750.0,0.1082,109190.0,0.1084,17126.9,0.1085,47562.7
1753592026565,04:53:46.565,bybit,AEVO/USDT:USDT,0.1083,12750.0,0.1082,109190.0,0.1084,17126.9,0.1085,47562.7
1753592026664,04:53:46.664,bybit,AEVO/USDT:USDT,0.1083,12655.2,0.1082,109190.0,0.1084,17126.9,0.1085,47562.7
1753592026965,04:53:46.965,bybit,AEVO/USDT:USDT,0.1083,21691.2,0.1082,116665.8,0.1084,14125.6,0.1085,40503.9
1753592027065,04:53:47.065,bybit,AEVO/USDT:USDT,0.1083,21691.2,0.1082,116665.8,0.1084,14125.6,0.1085,40503.9
1753592027265,04:53:47.265,bybit,AEVO/USDT:USDT,0.1083,14632.4,0.1082,124283.4,0.1084,14125.6,0.1085,47562.7
1753592027365,04:53:47.365,bybit,AEVO/USDT:USDT,0.1083,14632.4,0.1082,124283.4,0.1084,14125.6,0.1085,47562.7
1753592027564,04:53:47.564,bybit,AEVO/USDT:USDT,0.1083,14632.4,0.1082,124283.4,0.1084,14125.6,0.1085,47562.7
1753592027665,04:53:47.665,bybit,AEVO/USDT:USDT,0.1083,14632.4,0.1082,124283.4,0.1084,14125.6,0.1085,47562.7
1753592027764,04:53:47.764,bybit,AEVO/USDT:USDT,0.1083,14632.4,0.1082,124283.4,0.1084,14125.6,0.1085,47562.7
1753592027864,04:53:47.864,bybit,AEVO/USDT:USDT,0.1083,14632.4,0.1082,124283.4,0.1084,14220.4,0.1085,47562.7
1753592028265,04:53:48.265,bybit,AEVO/USDT:USDT,0.1083,14632.4,0.1082,124283.4,0.1084,14125.6,0.1085,47562.7
1753592028365,04:53:48.365,bybit,AEVO/USDT:USDT,0.1083,14632.4,0.1082,124283.4,0.1084,14125.6,0.1085,51219.1
1753592028565,04:53:48.565,bybit,AEVO/USDT:USDT,0.1083,14632.4,0.1082,124283.4,0.1084,14125.6,0.1085,51219.1
1753592028765,04:53:48.765,bybit,AEVO/USDT:USDT,0.1083,14632.4,0.1082,124283.4,0.1084,14125.6,0.1085,43771.7
1753592028865,04:53:48.865,bybit,AEVO/USDT:USDT,0.1083,14632.4,0.1082,124283.4,0.1084,14125.6,0.1085,43771.7
1753592029065,04:53:49.065,bybit,AEVO/USDT:USDT,0.1083,14632.4,0.1082,124283.4,0.1084,14125.6,0.1085,43771.7
1753592029364,04:53:49.364,bybit,AEVO/USDT:USDT,0.1083,14632.4,0.1082,122794.9,0.1084,14125.6,0.1085,43771.7
1753592029465,04:53:49.465,bybit,AEVO/USDT:USDT,0.1083,14632.4,0.1082,122794.9,0.1084,14125.6,0.1085,43771.7
1753592029564,04:53:49.564,bybit,AEVO/USDT:USDT,0.1083,14632.4,0.1082,122794.9,0.1084,14125.6,0.1085,43771.7
1753592029664,04:53:49.664,bybit,AEVO/USDT:USDT,0.1083,14632.4,0.1082,122794.9,0.1084,14125.6,0.1085,43771.7
1753592029764,04:53:49.764,bybit,AEVO/USDT:USDT,0.1083,14632.4,0.1082,122794.9,0.1084,14125.6,0.1085,42842.8
1753592029865,04:53:49.865,bybit,AEVO/USDT:USDT,0.1083,14632.4,0.1082,122794.9,0.1084,14125.6,0.1085,42842.8
1753592029964,04:53:49.964,bybit,AEVO/USDT:USDT,0.1083,14632.4,0.1082,122794.9,0.1084,14125.6,0.1085,42842.8
1753592030166,04:53:50.166,bybit,AEVO/USDT:USDT,0.1083,14632.4,0.1082,122794.9,0.1084,14220.4,0.1085,42842.8
1753592030364,04:53:50.364,bybit,AEVO/USDT:USDT,0.1083,12655.2,0.1082,122794.9,0.1084,14315.2,0.1085,42842.8
1753592030666,04:53:50.666,bybit,AEVO/USDT:USDT,0.1083,12655.2,0.1082,122794.9,0.1084,14315.2,0.1085,49904.2
1753592030865,04:53:50.865,bybit,AEVO/USDT:USDT,0.1083,12655.2,0.1082,122794.9,0.1084,14315.2,0.1085,49904.2
1753592030964,04:53:50.964,bybit,AEVO/USDT:USDT,0.1083,12655.2,0.1082,122794.9,0.1084,14315.2,0.1085,49904.2
1753592031064,04:53:51.064,bybit,AEVO/USDT:USDT,0.1083,12655.2,0.1082,122794.9,0.1084,14315.2,0.1085,49904.2
1753592031165,04:53:51.165,bybit,AEVO/USDT:USDT,0.1083,12655.2,0.1082,122794.9,0.1084,14315.2,0.1085,49904.2
1753592031565,04:53:51.565,bybit,AEVO/USDT:USDT,0.1083,12655.2,0.1082,122794.9,0.1084,14315.2,0.1085,49904.2
1753592031665,04:53:51.665,bybit,AEVO/USDT:USDT,0.1083,12750.0,0.1082,122794.9,0.1084,14220.4,0.1085,49904.2
1753592031864,04:53:51.864,bybit,AEVO/USDT:USDT,0.1083,12750.0,0.1082,122794.9,0.1084,14220.4,0.1085,49904.2
1753592032665,04:53:52.665,bybit,AEVO/USDT:USDT,0.1083,12750.0,0.1082,122794.9,0.1084,14220.4,0.1085,49904.2
1753592032764,04:53:52.764,bybit,AEVO/USDT:USDT,0.1083,12750.0,0.1082,122794.9,0.1084,14220.4,0.1085,49904.2
1753592033469,04:53:53.469,bybit,AEVO/USDT:USDT,0.1083,12655.2,0.1082,122794.9,0.1084,14315.2,0.1085,49904.2
1753592033564,04:53:53.564,bybit,AEVO/USDT:USDT,0.1083,12655.2,0.1082,122794.9,0.1084,14220.4,0.1085,49904.2
1753592033765,04:53:53.765,bybit,AEVO/USDT:USDT,0.1083,12655.2,0.1082,122794.9,0.1084,14315.2,0.1085,49904.2
1753592034065,04:53:54.065,bybit,AEVO/USDT:USDT,0.1083,12655.2,0.1082,124427.7,0.1084,14315.2,0.1085,49904.2
1753592034264,04:53:54.264,bybit,AEVO/USDT:USDT,0.1083,12655.2,0.1082,124427.7,0.1084,14315.2,0.1085,49904.2
1753592034364,04:53:54.364,bybit,AEVO/USDT:USDT,0.1083,12655.2,0.1082,124427.7,0.1084,14315.2,0.1085,49904.2
1753592034865,04:53:54.865,bybit,AEVO/USDT:USDT,0.1083,12655.2,0.1082,124427.7,0.1084,14315.2,0.1085,49904.2
1753592034964,04:53:54.964,bybit,AEVO/USDT:USDT,0.1083,12655.2,0.1082,124427.7,0.1084,14315.2,0.1085,49904.2
1753592035265,04:53:55.265,bybit,AEVO/USDT:USDT,0.1083,12653.6,0.1082,124427.7,0.1084,14315.2,0.1085,49904.2
1753592035864,04:53:55.864,bybit,AEVO/USDT:USDT,0.1083,12653.6,0.1082,124427.7,0.1084,14315.2,0.1085,49904.2
1753592035965,04:53:55.965,bybit,AEVO/USDT:USDT,0.1083,12653.6,0.1082,124427.7,0.1084,14315.2,0.1085,49904.2
1753592036065,04:53:56.065,bybit,AEVO/USDT:USDT,0.1083,12748.4,0.1082,124427.7,0.1084,14220.4,0.1085,42842.8
1753592036464,04:53:56.464,bybit,AEVO/USDT:USDT,0.1083,12748.4,0.1082,124427.7,0.1084,14220.4,0.1085,42842.8
1753592036565,04:53:56.565,bybit,AEVO/USDT:USDT,0.1083,12748.4,0.1082,124427.7,0.1084,14220.4,0.1085,49023.2
1753592036965,04:53:56.965,bybit,AEVO/USDT:USDT,0.1083,12748.4,0.1082,124427.7,0.1084,14220.4,0.1085,49023.2
1753592037165,04:53:57.165,bybit,AEVO/USDT:USDT,0.1083,12748.4,0.1082,124427.7,0.1084,14220.4,0.1085,49023.2
1753592037665,04:53:57.665,bybit,AEVO/USDT:USDT,0.1083,12748.4,0.1082,124427.7,0.1084,14220.4,0.1085,49023.2
1753592037765,04:53:57.765,bybit,AEVO/USDT:USDT,0.1083,14630.8,0.1082,124427.7,0.1084,14220.4,0.1085,49023.2
1753592038565,04:53:58.565,bybit,AEVO/USDT:USDT,0.1083,14630.8,0.1082,124300.8,0.1084,14220.4,0.1085,49023.2
1753592038665,04:53:58.665,bybit,AEVO/USDT:USDT,0.1083,14834.6,0.1082,124300.8,0.1084,14220.4,0.1085,49023.2
1753592039165,04:53:59.165,bybit,AEVO/USDT:USDT,0.1083,14834.6,0.1082,124300.8,0.1084,14220.4,0.1085,49023.2
1753592039265,04:53:59.265,bybit,AEVO/USDT:USDT,0.1083,14834.6,0.1082,124300.8,0.1084,14220.4,0.1085,49023.2
1753592039666,04:53:59.666,bybit,AEVO/USDT:USDT,0.1084,8682.3,0.1083,48259.3,0.1085,17720.3,0.1086,63073.5
1753592039764,04:53:59.764,bybit,AEVO/USDT:USDT,0.1084,8682.3,0.1083,56014.6,0.1085,17730.7,0.1086,59580.0
1753592039864,04:53:59.864,bybit,AEVO/USDT:USDT,0.1084,8682.3,0.1083,55919.8,0.1085,19613.1,0.1086,59580.0
1753592039965,04:53:59.965,bybit,AEVO/USDT:USDT,0.1084,8682.3,0.1083,55919.8,0.1085,19613.1,0.1086,59580.0
1753592040064,04:54:00.064,bybit,AEVO/USDT:USDT,0.1084,8682.3,0.1083,55919.8,0.1085,19613.1,0.1086,55338.9
1753592040167,04:54:00.167,bybit,AEVO/USDT:USDT,0.1084,1833.3,0.1083,51567.1,0.1085,19613.1,0.1086,59949.3
1753592040264,04:54:00.264,bybit,AEVO/USDT:USDT,0.1084,1833.3,0.1083,51567.1,0.1085,19613.1,0.1086,59949.3
1753592040364,04:54:00.364,bybit,AEVO/USDT:USDT,0.1084,1833.3,0.1083,51567.1,0.1085,19613.1,0.1086,59949.3
1753592040465,04:54:00.465,bybit,AEVO/USDT:USDT,0.1084,1833.3,0.1083,51567.1,0.1085,19613.1,0.1086,59949.3
1753592040665,04:54:00.665,bybit,AEVO/USDT:USDT,0.1084,1833.3,0.1083,51567.1,0.1085,19613.1,0.1086,59949.3
1753592040764,04:54:00.764,bybit,AEVO/USDT:USDT,0.1084,1833.3,0.1083,51567.1,0.1085,17769.0,0.1086,58105.2
1753592041064,04:54:01.064,bybit,AEVO/USDT:USDT,0.1084,1833.3,0.1083,51567.1,0.1085,17863.3,0.1086,58105.2
1753592041364,04:54:01.364,bybit,AEVO/USDT:USDT,0.1084,1833.3,0.1083,51567.1,0.1085,17863.3,0.1086,58105.2
1753592041465,04:54:01.465,bybit,AEVO/USDT:USDT,0.1084,1833.3,0.1083,51567.1,0.1085,17863.3,0.1086,58105.2
1753592041664,04:54:01.664,bybit,AEVO/USDT:USDT,0.1084,1833.3,0.1083,51567.1,0.1085,17863.3,0.1086,58105.2
1753592041865,04:54:01.865,bybit,AEVO/USDT:USDT,0.1084,3682.3,0.1083,51567.1,0.1085,15980.9,0.1086,58105.2
1753592041965,04:54:01.965,bybit,AEVO/USDT:USDT,0.1084,3682.3,0.1083,51567.1,0.1085,16027.4,0.1086,58105.2
1753592042365,04:54:02.365,bybit,AEVO/USDT:USDT,0.1084,3682.3,0.1083,51567.1,0.1085,16027.4,0.1086,58105.2
1753592042565,04:54:02.565,bybit,AEVO/USDT:USDT,0.1084,3682.3,0.1083,51567.1,0.1085,16027.4,0.1086,58105.2
1753592042665,04:54:02.665,bybit,AEVO/USDT:USDT,0.1084,3682.3,0.1083,51567.1,0.1085,15932.6,0.1086,58105.2
1753592042965,04:54:02.965,bybit,AEVO/USDT:USDT,0.1084,3682.3,0.1083,51567.1,0.1085,15932.6,0.1086,58105.2
1753592043065,04:54:03.065,bybit,AEVO/USDT:USDT,0.1084,3682.3,0.1083,51567.1,0.1085,16027.4,0.1086,59701.9
1753592043865,04:54:03.865,bybit,AEVO/USDT:USDT,0.1084,13440.7,0.1083,51567.1,0.1085,10955.8,0.1086,59701.9
1753592043965,04:54:03.965,bybit,AEVO/USDT:USDT,0.1084,13440.7,0.1083,51579.0,0.1085,10955.8,0.1086,55091.5
1753592044065,04:54:04.065,bybit,AEVO/USDT:USDT,0.1084,13440.7,0.1083,51579.0,0.1085,10861.5,0.1086,55091.5
1753592044164,04:54:04.164,bybit,AEVO/USDT:USDT,0.1084,13440.7,0.1083,51579.0,0.1085,10861.5,0.1086,55091.5
1753592044264,04:54:04.264,bybit,AEVO/USDT:USDT,0.1084,13440.7,0.1083,51579.0,0.1085,10861.5,0.1086,55091.5
1753592044365,04:54:04.365,bybit,AEVO/USDT:USDT,0.1084,13991.9,0.1083,54528.4,0.1085,1662.1,0.1086,47196.8
1753592044464,04:54:04.464,bybit,AEVO/USDT:USDT,0.1084,13897.1,0.1083,59815.7,0.1085,3879.3,0.1086,47196.8
1753592044564,04:54:04.564,bybit,AEVO/USDT:USDT,0.1084,13897.1,0.1083,59815.7,0.1085,8879.3,0.1086,47196.8
1753592044764,04:54:04.764,bybit,AEVO/USDT:USDT,0.1084,13897.1,0.1083,59815.7,0.1085,8879.3,0.1086,55341.8
1753592044965,04:54:04.965,bybit,AEVO/USDT:USDT,0.1084,13897.1,0.1083,59815.7,0.1085,8879.3,0.1086,55341.8
1753592045064,04:54:05.064,bybit,AEVO/USDT:USDT,0.1084,13897.1,0.1083,59815.7,0.1085,8879.3,0.1086,55341.8
1753592045265,04:54:05.265,bybit,AEVO/USDT:USDT,0.1084,13991.9,0.1083,60744.6,0.1085,8784.5,0.1086,55341.8
1753592045464,04:54:05.464,bybit,AEVO/USDT:USDT,0.1084,13991.9,0.1083,60744.6,0.1085,8784.5,0.1086,55341.8
1753592045565,04:54:05.565,bybit,AEVO/USDT:USDT,0.1084,13991.9,0.1083,60744.6,0.1085,8784.5,0.1086,55341.8
1753592045864,04:54:05.864,bybit,AEVO/USDT:USDT,0.1084,13991.9,0.1083,60744.6,0.1085,8784.5,0.1086,55802.6
1753592046064,04:54:06.064,bybit,AEVO/USDT:USDT,0.1084,13897.1,0.1083,60744.6,0.1085,8879.3,0.1086,55802.6
1753592046364,04:54:06.364,bybit,AEVO/USDT:USDT,0.1084,13897.1,0.1083,60744.6,0.1085,8879.3,0.1086,58891.0
1753592046565,04:54:06.565,bybit,AEVO/USDT:USDT,0.1084,13897.1,0.1083,60744.6,0.1085,8879.3,0.1086,58891.0
1753592046665,04:54:06.665,bybit,AEVO/USDT:USDT,0.1084,13897.1,0.1083,60744.6,0.1085,8879.3,0.1086,58891.0
1753592046765,04:54:06.765,bybit,AEVO/USDT:USDT,0.1084,13991.9,0.1083,60744.6,0.1085,8784.5,0.1086,58891.0
1753592047165,04:54:07.165,bybit,AEVO/USDT:USDT,0.1084,13991.9,0.1083,60744.6,0.1085,8784.5,0.1086,50746.0
1753592047264,04:54:07.264,bybit,AEVO/USDT:USDT,0.1084,13991.9,0.1083,60744.6,0.1085,8784.5,0.1086,50746.0
1753592047365,04:54:07.365,bybit,AEVO/USDT:USDT,0.1084,13991.9,0.1083,60744.6,0.1085,8784.5,0.1086,50746.0
1753592047464,04:54:07.464,bybit,AEVO/USDT:USDT,0.1084,13991.9,0.1083,60744.6,0.1085,8784.5,0.1086,50746.0
1753592047665,04:54:07.665,bybit,AEVO/USDT:USDT,0.1084,13991.9,0.1083,60744.6,0.1085,8784.5,0.1086,50746.0
1753592047764,04:54:07.764,bybit,AEVO/USDT:USDT,0.1084,13991.9,0.1083,60744.6,0.1085,8784.5,0.1086,50746.0
1753592047965,04:54:07.965,bybit,AEVO/USDT:USDT,0.1084,13897.1,0.1083,60744.6,0.1085,8879.3,0.1086,50746.0
1753592048065,04:54:08.065,bybit,AEVO/USDT:USDT,0.1084,13897.1,0.1083,60790.8,0.1085,8879.3,0.1086,50746.0
1753592048167,04:54:08.167,bybit,AEVO/USDT:USDT,0.1084,13991.9,0.1083,60790.8,0.1085,8784.5,0.1086,50746.0
1753592048265,04:54:08.265,bybit,AEVO/USDT:USDT,0.1084,13991.9,0.1083,60790.8,0.1085,8784.5,0.1086,59266.1
1753592048365,04:54:08.365,bybit,AEVO/USDT:USDT,0.1084,13991.9,0.1083,60790.8,0.1085,8784.5,0.1086,59266.1
1753592049165,04:54:09.165,bybit,AEVO/USDT:USDT,0.1084,13991.9,0.1083,60790.8,0.1085,8784.5,0.1086,59266.1
1753592049264,04:54:09.264,bybit,AEVO/USDT:USDT,0.1084,13991.9,0.1083,60790.8,0.1085,8784.5,0.1086,59266.1
1753592049365,04:54:09.365,bybit,AEVO/USDT:USDT,0.1084,13991.9,0.1083,60790.8,0.1085,8784.5,0.1086,59266.1
1753592049565,04:54:09.565,bybit,AEVO/USDT:USDT,0.1084,14196.1,0.1083,60587.0,0.1085,8784.5,0.1086,59266.1
1753592049865,04:54:09.865,bybit,AEVO/USDT:USDT,0.1084,14196.1,0.1083,60587.0,0.1085,8784.5,0.1086,59266.1
1753592049964,04:54:09.964,bybit,AEVO/USDT:USDT,0.1084,14196.1,0.1083,60587.0,0.1085,6662.1,0.1086,59266.1
1753592050064,04:54:10.064,bybit,AEVO/USDT:USDT,0.1084,16078.5,0.1083,60587.0,0.1085,1592.3,0.1086,59266.1
1753592050168,04:54:10.168,bybit,AEVO/USDT:USDT,0.1084,16078.5,0.1083,60587.0,0.1085,1592.3,0.1086,59266.1
1753592050365,04:54:10.365,bybit,AEVO/USDT:USDT,0.1084,16173.3,0.1083,60587.0,0.1085,1592.3,0.1086,59266.1
1753592050465,04:54:10.465,bybit,AEVO/USDT:USDT,0.1084,16173.3,0.1083,60587.0,0.1085,1592.3,0.1086,59266.1
1753592050565,04:54:10.565,bybit,AEVO/USDT:USDT,0.1084,16173.3,0.1083,60587.0,0.1085,1592.3,0.1086,56177.7
1753592050665,04:54:10.665,bybit,AEVO/USDT:USDT,0.1084,16173.3,0.1083,64860.7,0.1085,1592.3,0.1086,56177.7
1753592050865,04:54:10.865,bybit,AEVO/USDT:USDT,0.1084,21429.2,0.1083,57105.4,0.1085,1592.3,0.1086,56177.7
1753592050964,04:54:10.964,bybit,AEVO/USDT:USDT,0.1084,21429.2,0.1083,57105.4,0.1085,1592.3,0.1086,56177.7
1753592051064,04:54:11.064,bybit,AEVO/USDT:USDT,0.1084,21429.2,0.1083,57105.4,0.1085,1592.3,0.1086,56177.7
1753592051365,04:54:11.365,bybit,AEVO/USDT:USDT,0.1084,21429.2,0.1083,52831.7,0.1085,1592.3,0.1086,56177.7
1753592051964,04:54:11.964,bybit,AEVO/USDT:USDT,0.1084,21429.2,0.1083,52831.7,0.1085,1592.3,0.1086,56177.7
1753592052064,04:54:12.064,bybit,AEVO/USDT:USDT,0.1084,21429.2,0.1083,52831.7,0.1085,1592.3,0.1086,56177.7
1753592052465,04:54:12.465,bybit,AEVO/USDT:USDT,0.1084,21429.2,0.1083,52831.7,0.1085,1592.3,0.1086,56177.7
1753592052665,04:54:12.665,bybit,AEVO/USDT:USDT,0.1084,21429.2,0.1083,52831.7,0.1085,1592.3,0.1086,56177.7
1753592053065,04:54:13.065,bybit,AEVO/USDT:USDT,0.1084,21429.2,0.1083,52831.7,0.1085,1592.3,0.1086,56177.7
1753592053164,04:54:13.164,bybit,AEVO/USDT:USDT,0.1084,21431.8,0.1083,52831.7,0.1085,1592.3,0.1086,56177.7
1753592053565,04:54:13.565,bybit,AEVO/USDT:USDT,0.1084,21431.8,0.1083,52831.7,0.1085,1592.3,0.1086,59266.0
1753592053665,04:54:13.665,bybit,AEVO/USDT:USDT,0.1084,21431.8,0.1083,52831.7,0.1085,1592.3,0.1086,59266.0
1753592054168,04:54:14.168,bybit,AEVO/USDT:USDT,0.1084,21431.8,0.1083,52831.7,0.1085,1592.3,0.1086,59266.0
1753592054264,04:54:14.264,bybit,AEVO/USDT:USDT,0.1084,21431.8,0.1083,52831.7,0.1085,1592.3,0.1086,59266.0
1753592054365,04:54:14.365,bybit,AEVO/USDT:USDT,0.1084,21431.8,0.1083,52831.7,0.1085,1592.3,0.1086,59266.0
1753592054764,04:54:14.764,bybit,AEVO/USDT:USDT,0.1084,21431.8,0.1083,52831.7,0.1085,1592.3,0.1086,59266.0
1753592054864,04:54:14.864,bybit,AEVO/USDT:USDT,0.1084,21431.8,0.1083,52831.7,0.1085,1592.3,0.1086,59266.0
1753592055364,04:54:15.364,bybit,AEVO/USDT:USDT,0.1084,21431.8,0.1083,52831.7,0.1085,1592.3,0.1086,59266.0
1753592055464,04:54:15.464,bybit,AEVO/USDT:USDT,0.1084,21431.8,0.1083,52831.7,0.1085,1592.3,0.1086,59266.0
1753592055564,04:54:15.564,bybit,AEVO/USDT:USDT,0.1084,19454.6,0.1083,52831.7,0.1085,5823.3,0.1086,59266.0
1753592055765,04:54:15.765,bybit,AEVO/USDT:USDT,0.1084,19454.6,0.1083,52831.7,0.1085,5823.3,0.1086,59266.0
1753592055865,04:54:15.865,bybit,AEVO/USDT:USDT,0.1084,19359.8,0.1083,43209.6,0.1085,6012.9,0.1086,59266.0
1753592055964,04:54:15.964,bybit,AEVO/USDT:USDT,0.1084,14103.9,0.1083,48464.3,0.1085,6012.9,0.1086,59266.0
1753592056165,04:54:16.165,bybit,AEVO/USDT:USDT,0.1084,14103.9,0.1083,48464.3,0.1085,6012.9,0.1086,59266.0
1753592056265,04:54:16.265,bybit,AEVO/USDT:USDT,0.1084,9103.9,0.1083,48464.3,0.1085,6012.9,0.1086,59266.0
1753592056364,04:54:16.364,bybit,AEVO/USDT:USDT,0.1084,9103.9,0.1083,48464.3,0.1085,6012.9,0.1086,59266.0
1753592056464,04:54:16.464,bybit,AEVO/USDT:USDT,0.1084,9103.9,0.1083,48464.3,0.1085,11012.9,0.1086,59266.0
1753592056565,04:54:16.565,bybit,AEVO/USDT:USDT,0.1084,9103.9,0.1083,48464.3,0.1085,11012.9,0.1086,59266.0
1753592056765,04:54:16.765,bybit,AEVO/USDT:USDT,0.1084,9103.9,0.1083,48464.3,0.1085,11012.9,0.1086,59266.0
1753592056864,04:54:16.864,bybit,AEVO/USDT:USDT,0.1084,9103.9,0.1083,48464.3,0.1085,11012.9,0.1086,59266.0
1753592056965,04:54:16.965,bybit,AEVO/USDT:USDT,0.1084,9103.9,0.1083,48464.3,0.1085,11012.9,0.1086,59266.0
1753592057065,04:54:17.065,bybit,AEVO/USDT:USDT,0.1084,9103.9,0.1083,48464.3,0.1085,11012.9,0.1086,59266.0
1753592057464,04:54:17.464,bybit,AEVO/USDT:USDT,0.1084,9103.9,0.1083,48464.3,0.1085,11012.9,0.1086,59266.0
1753592057564,04:54:17.564,bybit,AEVO/USDT:USDT,0.1084,9103.9,0.1083,48464.3,0.1085,11012.9,0.1086,59266.0
1753592057765,04:54:17.765,bybit,AEVO/USDT:USDT,0.1084,9103.9,0.1083,48464.3,0.1085,11012.9,0.1086,59266.0
1753592058065,04:54:18.065,bybit,AEVO/USDT:USDT,0.1084,9103.9,0.1083,48464.3,0.1085,11012.9,0.1086,59266.0
1753592058167,04:54:18.167,bybit,AEVO/USDT:USDT,0.1084,9103.9,0.1083,48464.3,0.1085,11012.9,0.1086,59266.0
1753592058564,04:54:18.564,bybit,AEVO/USDT:USDT,0.1084,9103.9,0.1083,48464.3,0.1085,11012.9,0.1086,59266.0
1753592058665,04:54:18.665,bybit,AEVO/USDT:USDT,0.1084,9103.9,0.1083,48464.3,0.1085,11012.9,0.1086,59266.0
1753592058865,04:54:18.865,bybit,AEVO/USDT:USDT,0.1084,9103.9,0.1083,48464.3,0.1085,11012.9,0.1086,59266.0
1753592058964,04:54:18.964,bybit,AEVO/USDT:USDT,0.1084,9103.9,0.1083,48464.3,0.1085,11012.9,0.1086,59266.0
1753592059064,04:54:19.064,bybit,AEVO/USDT:USDT,0.1084,9103.9,0.1083,48464.3,0.1085,11012.9,0.1086,59266.0
1753592059166,04:54:19.166,bybit,AEVO/USDT:USDT,0.1084,9103.9,0.1083,62964.3,0.1085,11012.9,0.1086,59266.0
1753592059264,04:54:19.264,bybit,AEVO/USDT:USDT,0.1084,9103.9,0.1083,62964.3,0.1085,11012.9,0.1086,59266.0
1753592059665,04:54:19.665,bybit,AEVO/USDT:USDT,0.1084,9103.9,0.1083,62964.3,0.1085,11012.9,0.1086,59266.0
1753592059764,04:54:19.764,bybit,AEVO/USDT:USDT,0.1084,9103.9,0.1083,62964.3,0.1085,11012.9,0.1086,59266.0
1753592060565,04:54:20.565,bybit,AEVO/USDT:USDT,0.1084,4345.5,0.1083,62964.3,0.1085,11012.9,0.1086,59266.0
1753592060664,04:54:20.664,bybit,AEVO/USDT:USDT,0.1084,4345.5,0.1083,62964.3,0.1085,11012.9,0.1086,59266.0
1753592061264,04:54:21.264,bybit,AEVO/USDT:USDT,0.1084,4345.5,0.1083,62964.3,0.1085,11012.9,0.1086,59266.0
1753592061365,04:54:21.365,bybit,AEVO/USDT:USDT,0.1084,4345.5,0.1083,62964.3,0.1085,11012.9,0.1086,59266.0
1753592061864,04:54:21.864,bybit,AEVO/USDT:USDT,0.1084,4345.5,0.1083,62964.3,0.1085,11012.9,0.1086,59266.0
1753592061964,04:54:21.964,bybit,AEVO/USDT:USDT,0.1084,4345.5,0.1083,67625.8,0.1085,11012.9,0.1086,59266.0
1753592062265,04:54:22.265,bybit,AEVO/USDT:USDT,0.1084,4423.9,0.1083,67581.0,0.1085,11012.9,0.1086,59266.0
1753592062365,04:54:22.365,bybit,AEVO/USDT:USDT,0.1084,9423.9,0.1083,62919.5,0.1085,11012.9,0.1086,59266.0
1753592062465,04:54:22.465,bybit,AEVO/USDT:USDT,0.1084,9423.9,0.1083,62919.5,0.1085,11012.9,0.1086,59266.0
1753592062864,04:54:22.864,bybit,AEVO/USDT:USDT,0.1084,9423.9,0.1083,62919.5,0.1085,11012.9,0.1086,59266.0
1753592062964,04:54:22.964,bybit,AEVO/USDT:USDT,0.1084,9423.9,0.1083,62919.5,0.1085,11012.9,0.1086,59266.0
1753592063965,04:54:23.965,bybit,AEVO/USDT:USDT,0.1084,9423.9,0.1083,62919.5,0.1085,11012.9,0.1086,59266.0
1753592064064,04:54:24.064,bybit,AEVO/USDT:USDT,0.1084,9518.7,0.1083,62919.5,0.1085,10918.1,0.1086,59266.0
1753592064167,04:54:24.167,bybit,AEVO/USDT:USDT,0.1084,9423.9,0.1083,62919.5,0.1085,11012.9,0.1086,59266.0
1753592064364,04:54:24.364,bybit,AEVO/USDT:USDT,0.1084,9518.7,0.1083,62919.5,0.1085,11012.9,0.1086,59266.0
1753592064465,04:54:24.465,bybit,AEVO/USDT:USDT,0.1084,9423.9,0.1083,62919.5,0.1085,11012.9,0.1086,59266.0
1753592064565,04:54:24.565,bybit,AEVO/USDT:USDT,0.1084,9518.7,0.1083,62919.5,0.1085,11012.9,0.1086,59266.0
1753592064665,04:54:24.665,bybit,AEVO/USDT:USDT,0.1084,9423.9,0.1083,62919.5,0.1085,11012.9,0.1086,59266.0
1753592065064,04:54:25.064,bybit,AEVO/USDT:USDT,0.1084,9423.9,0.1083,62919.5,0.1085,11012.9,0.1086,59266.0
1753592065165,04:54:25.165,bybit,AEVO/USDT:USDT,0.1084,9423.9,0.1083,62919.5,0.1085,11012.9,0.1086,59266.0
1753592065364,04:54:25.364,bybit,AEVO/USDT:USDT,0.1084,9518.7,0.1083,62919.5,0.1085,11012.9,0.1086,59266.0
1753592065564,04:54:25.564,bybit,AEVO/USDT:USDT,0.1084,9518.7,0.1083,62919.5,0.1085,11012.9,0.1086,59266.0
1753592065665,04:54:25.665,bybit,AEVO/USDT:USDT,0.1084,9518.7,0.1083,62919.5,0.1085,10918.1,0.1086,59266.0
1753592065764,04:54:25.764,bybit,AEVO/USDT:USDT,0.1084,9423.9,0.1083,62919.5,0.1085,11012.9,0.1086,59266.0
1753592065965,04:54:25.965,bybit,AEVO/USDT:USDT,0.1084,9518.7,0.1083,62919.5,0.1085,10918.1,0.1086,59266.0
1753592066065,04:54:26.065,bybit,AEVO/USDT:USDT,0.1084,9518.7,0.1083,62919.5,0.1085,11012.9,0.1086,59266.0
1753592066166,04:54:26.166,bybit,AEVO/USDT:USDT,0.1084,9518.7,0.1083,62919.5,0.1085,10918.1,0.1086,59266.0
1753592066264,04:54:26.264,bybit,AEVO/USDT:USDT,0.1084,9518.7,0.1083,62919.5,0.1085,11012.9,0.1086,59266.0
1753592066365,04:54:26.365,bybit,AEVO/USDT:USDT,0.1084,9518.7,0.1083,62919.5,0.1085,10823.3,0.1086,59266.0
1753592066465,04:54:26.465,bybit,AEVO/USDT:USDT,0.1084,9518.7,0.1083,62919.5,0.1085,10918.1,0.1086,59266.0
1753592066564,04:54:26.564,bybit,AEVO/USDT:USDT,0.1084,9518.7,0.1083,62919.5,0.1085,11012.9,0.1086,59266.0
1753592066665,04:54:26.665,bybit,AEVO/USDT:USDT,0.1084,9518.7,0.1083,62919.5,0.1085,10823.3,0.1086,59266.0
1753592066764,04:54:26.764,bybit,AEVO/USDT:USDT,0.1084,9518.7,0.1083,62919.5,0.1085,11012.9,0.1086,59266.0
1753592067164,04:54:27.164,bybit,AEVO/USDT:USDT,0.1084,9518.7,0.1083,62919.5,0.1085,11012.9,0.1086,59266.0
1753592067265,04:54:27.265,bybit,AEVO/USDT:USDT,0.1084,9518.7,0.1083,62919.5,0.1085,11012.9,0.1086,59266.0
1753592067364,04:54:27.364,bybit,AEVO/USDT:USDT,0.1084,9518.7,0.1083,62919.5,0.1086,59266.0,0.1087,80857.1
1753592067465,04:54:27.465,bybit,AEVO/USDT:USDT,0.1085,11569.7,0.1084,66373.2,0.1086,9388.7,0.1087,83030.1
1753592067565,04:54:27.565,bybit,AEVO/USDT:USDT,0.1085,12370.9,0.1084,66373.2,0.1086,9388.7,0.1087,80727.1
1753592067666,04:54:27.666,bybit,AEVO/USDT:USDT,0.1085,12370.9,0.1084,66373.2,0.1086,11271.1,0.1087,80727.1
1753592067865,04:54:27.865,bybit,AEVO/USDT:USDT,0.1085,12370.9,0.1084,66373.2,0.1086,13113.5,0.1087,87175.6
1753592067964,04:54:27.964,bybit,AEVO/USDT:USDT,0.1085,12370.9,0.1084,66373.2,0.1086,13113.5,0.1087,87175.6
1753592068065,04:54:28.065,bybit,AEVO/USDT:USDT,0.1085,12856.8,0.1084,66373.2,0.1086,13208.3,0.1087,87175.6
1753592068365,04:54:28.365,bybit,AEVO/USDT:USDT,0.1085,12856.8,0.1084,66373.2,0.1086,18208.3,0.1087,87175.6
1753592068465,04:54:28.465,bybit,AEVO/USDT:USDT,0.1085,12856.8,0.1084,66373.2,0.1086,22719.6,0.1087,87175.6
1753592068564,04:54:28.564,bybit,AEVO/USDT:USDT,0.1085,12856.8,0.1084,66373.2,0.1086,21790.7,0.1087,88104.5
1753592068665,04:54:28.665,bybit,AEVO/USDT:USDT,0.1085,12055.6,0.1084,66373.2,0.1086,21885.5,0.1087,88104.5
1753592069166,04:54:29.166,bybit,AEVO/USDT:USDT,0.1085,12055.6,0.1084,66373.2,0.1086,23727.9,0.1087,88104.5
1753592069265,04:54:29.265,bybit,AEVO/USDT:USDT,0.1085,12134.1,0.1084,66294.8,0.1086,23633.1,0.1087,88104.5
1753592069565,04:54:29.565,bybit,AEVO/USDT:USDT,0.1085,12134.1,0.1084,66294.8,0.1086,23633.1,0.1087,88104.5
1753592069765,04:54:29.765,bybit,AEVO/USDT:USDT,0.1085,12134.1,0.1084,66294.8,0.1086,23633.1,0.1087,88104.5
1753592069865,04:54:29.865,bybit,AEVO/USDT:USDT,0.1085,12134.1,0.1084,66294.8,0.1086,23727.9,0.1087,88104.5
1753592070065,04:54:30.065,bybit,AEVO/USDT:USDT,0.1085,12134.1,0.1084,66294.8,0.1086,23727.9,0.1087,88104.5
1753592070264,04:54:30.264,bybit,AEVO/USDT:USDT,0.1085,12134.1,0.1084,66294.8,0.1086,23727.9,0.1087,88104.5
1753592070365,04:54:30.365,bybit,AEVO/USDT:USDT,0.1085,12134.1,0.1084,66294.8,0.1086,23727.9,0.1087,88104.5
1753592070464,04:54:30.464,bybit,AEVO/USDT:USDT,0.1085,12134.1,0.1084,66294.8,0.1086,23727.9,0.1087,88104.5
1753592070765,04:54:30.765,bybit,AEVO/USDT:USDT,0.1085,12134.1,0.1084,66294.8,0.1086,23727.9,0.1087,88104.5
1753592070865,04:54:30.865,bybit,AEVO/USDT:USDT,0.1085,12134.1,0.1084,66294.8,0.1086,23727.9,0.1087,88104.5
1753592070969,04:54:30.969,bybit,AEVO/USDT:USDT,0.1085,12134.1,0.1084,66294.8,0.1086,23727.9,0.1087,88104.5
1753592071064,04:54:31.064,bybit,AEVO/USDT:USDT,0.1085,12134.1,0.1084,66294.8,0.1086,23633.1,0.1087,88104.5
1753592071364,04:54:31.364,bybit,AEVO/USDT:USDT,0.1085,12134.1,0.1084,66294.8,0.1086,23633.1,0.1087,88104.5
1753592071464,04:54:31.464,bybit,AEVO/USDT:USDT,0.1085,12134.1,0.1084,66294.8,0.1086,23633.1,0.1087,88104.5
1753592071964,04:54:31.964,bybit,AEVO/USDT:USDT,0.1085,12134.1,0.1084,66294.8,0.1086,23633.1,0.1087,88104.5
1753592072064,04:54:32.064,bybit,AEVO/USDT:USDT,0.1085,12134.1,0.1084,66294.8,0.1086,23633.1,0.1087,88104.5
1753592072264,04:54:32.264,bybit,AEVO/USDT:USDT,0.1085,12134.1,0.1084,66294.8,0.1086,23727.9,0.1087,88104.5
1753592072364,04:54:32.364,bybit,AEVO/USDT:USDT,0.1085,12134.1,0.1084,66294.8,0.1086,23727.9,0.1087,88104.5
1753592073064,04:54:33.064,bybit,AEVO/USDT:USDT,0.1085,12134.1,0.1084,66294.8,0.1086,23727.9,0.1087,88104.5
1753592073165,04:54:33.165,bybit,AEVO/USDT:USDT,0.1085,12134.1,0.1084,66294.8,0.1086,23633.1,0.1087,79644.8
1753592073265,04:54:33.265,bybit,AEVO/USDT:USDT,0.1085,12134.1,0.1084,66294.8,0.1086,23633.1,0.1087,79644.8
1753592073365,04:54:33.365,bybit,AEVO/USDT:USDT,0.1085,12134.1,0.1084,66294.8,0.1086,23633.1,0.1087,79644.8
1753592073665,04:54:33.665,bybit,AEVO/USDT:USDT,0.1085,12134.1,0.1084,66294.8,0.1086,23633.1,0.1087,79644.8
1753592073764,04:54:33.764,bybit,AEVO/USDT:USDT,0.1085,12134.1,0.1084,66294.8,0.1086,23633.1,0.1087,79644.8
1753592074064,04:54:34.064,bybit,AEVO/USDT:USDT,0.1085,12134.1,0.1084,66294.8,0.1086,23727.3,0.1087,79644.8
1753592074264,04:54:34.264,bybit,AEVO/USDT:USDT,0.1085,12134.1,0.1084,66294.8,0.1086,23727.3,0.1087,79644.8
1753592074365,04:54:34.365,bybit,AEVO/USDT:USDT,0.1085,12134.1,0.1084,66294.8,0.1086,23822.1,0.1087,79644.8
1753592074464,04:54:34.464,bybit,AEVO/USDT:USDT,0.1085,12134.1,0.1084,61964.0,0.1086,23822.1,0.1087,79644.8
1753592074666,04:54:34.666,bybit,AEVO/USDT:USDT,0.1085,564.4,0.1084,54810.4,0.1086,36497.4,0.1087,79644.8
1753592074765,04:54:34.765,bybit,AEVO/USDT:USDT,0.1085,564.4,0.1084,54810.4,0.1086,36497.4,0.1087,89665.8
1753592074865,04:54:34.865,bybit,AEVO/USDT:USDT,0.1085,564.4,0.1084,54810.4,0.1086,34772.1,0.1087,89665.8
1753592074965,04:54:34.965,bybit,AEVO/USDT:USDT,0.1085,564.4,0.1084,54810.4,0.1086,34655.0,0.1087,89665.8
1753592075064,04:54:35.064,bybit,AEVO/USDT:USDT,0.1085,564.4,0.1084,54810.4,0.1086,35647.0,0.1087,89665.8
1753592075164,04:54:35.164,bybit,AEVO/USDT:USDT,0.1085,564.4,0.1084,54810.4,0.1086,35647.0,0.1087,89665.8
1753592075265,04:54:35.265,bybit,AEVO/USDT:USDT,0.1085,564.4,0.1084,54810.4,0.1086,35647.0,0.1087,89665.8
1753592075364,04:54:35.364,bybit,AEVO/USDT:USDT,0.1085,564.4,0.1084,54810.4,0.1086,35647.0,0.1087,89665.8
1753592075764,04:54:35.764,bybit,AEVO/USDT:USDT,0.1085,564.4,0.1084,61869.2,0.1086,28588.2,0.1087,89665.8
1753592075864,04:54:35.864,bybit,AEVO/USDT:USDT,0.1085,564.4,0.1084,61869.2,0.1086,28588.2,0.1087,89665.8
1753592075964,04:54:35.964,bybit,AEVO/USDT:USDT,0.1085,564.4,0.1084,61869.2,0.1086,28588.2,0.1087,89665.8
1753592076165,04:54:36.165,bybit,AEVO/USDT:USDT,0.1085,564.4,0.1084,61869.2,0.1086,28588.2,0.1087,89665.8
1753592076464,04:54:36.464,bybit,AEVO/USDT:USDT,0.1085,564.4,0.1084,61869.2,0.1086,28588.2,0.1087,89665.8
1753592076565,04:54:36.565,bybit,AEVO/USDT:USDT,0.1085,564.4,0.1084,61869.2,0.1086,23982.1,0.1087,89665.8
1753592076765,04:54:36.765,bybit,AEVO/USDT:USDT,0.1084,17717.5,0.1083,74494.1,0.1085,2547.0,0.1086,50567.3
1753592076864,04:54:36.864,bybit,AEVO/USDT:USDT,0.1084,17717.5,0.1083,74494.1,0.1085,2547.0,0.1086,48794.1
1753592076965,04:54:36.965,bybit,AEVO/USDT:USDT,0.1084,17717.5,0.1083,74494.1,0.1085,2547.0,0.1086,48794.1
1753592077064,04:54:37.064,bybit,AEVO/USDT:USDT,0.1084,17717.5,0.1083,74494.1,0.1085,2547.0,0.1086,48818.2
1753592077165,04:54:37.165,bybit,AEVO/USDT:USDT,0.1084,17717.5,0.1083,74494.1,0.1085,2547.0,0.1086,48818.2
1753592077265,04:54:37.265,bybit,AEVO/USDT:USDT,0.1084,17717.5,0.1083,79360.1,0.1085,2547.0,0.1086,48818.2
1753592077365,04:54:37.365,bybit,AEVO/USDT:USDT,0.1084,17717.5,0.1083,79360.1,0.1085,2547.0,0.1086,48818.2
1753592077464,04:54:37.464,bybit,AEVO/USDT:USDT,0.1084,17717.5,0.1083,79360.1,0.1085,2547.0,0.1086,48818.2
1753592077564,04:54:37.564,bybit,AEVO/USDT:USDT,0.1084,17717.5,0.1083,72036.9,0.1085,2547.0,0.1086,48818.2
1753592077765,04:54:37.765,bybit,AEVO/USDT:USDT,0.1084,17717.5,0.1083,72036.9,0.1085,2547.0,0.1086,48818.2
1753592077864,04:54:37.864,bybit,AEVO/USDT:USDT,0.1084,17812.3,0.1083,72036.9,0.1085,2547.0,0.1086,48818.2
1753592077964,04:54:37.964,bybit,AEVO/USDT:USDT,0.1084,17812.3,0.1083,72036.9,0.1085,2547.0,0.1086,48818.2
1753592078365,04:54:38.365,bybit,AEVO/USDT:USDT,0.1084,17812.3,0.1083,72036.9,0.1085,2547.0,0.1086,48818.2
1753592078465,04:54:38.465,bybit,AEVO/USDT:USDT,0.1084,17812.3,0.1083,72036.9,0.1085,2547.0,0.1086,48818.2
1753592078864,04:54:38.864,bybit,AEVO/USDT:USDT,0.1084,17812.3,0.1083,72036.9,0.1085,2547.0,0.1086,48818.2
1753592078965,04:54:38.965,bybit,AEVO/USDT:USDT,0.1084,17717.5,0.1083,72036.9,0.1085,2547.0,0.1086,48818.2
1753592079065,04:54:39.065,bybit,AEVO/USDT:USDT,0.1084,17812.3,0.1083,72036.9,0.1085,2547.0,0.1086,48818.2
1753592079165,04:54:39.165,bybit,AEVO/USDT:USDT,0.1084,17812.3,0.1083,72036.9,0.1085,7547.0,0.1086,48818.2
1753592079365,04:54:39.365,bybit,AEVO/USDT:USDT,0.1084,17717.5,0.1083,72036.9,0.1085,7547.0,0.1086,48818.2
1753592079465,04:54:39.465,bybit,AEVO/USDT:USDT,0.1084,17717.5,0.1083,72036.9,0.1085,7547.0,0.1086,48818.2
1753592079564,04:54:39.564,bybit,AEVO/USDT:USDT,0.1084,17812.3,0.1083,72036.9,0.1085,7547.0,0.1086,48818.2
1753592079764,04:54:39.764,bybit,AEVO/USDT:USDT,0.1084,17717.5,0.1083,62882.5,0.1085,7547.0,0.1086,48818.2
1753592079866,04:54:39.866,bybit,AEVO/USDT:USDT,0.1084,17622.7,0.1083,62882.5,0.1085,7547.0,0.1086,48818.2
1753592079964,04:54:39.964,bybit,AEVO/USDT:USDT,0.1084,18515.5,0.1083,62882.5,0.1085,7547.0,0.1086,48818.2
1753592080064,04:54:40.064,bybit,AEVO/USDT:USDT,0.1084,18420.7,0.1083,58016.5,0.1085,7547.0,0.1086,48818.2
1753592080168,04:54:40.168,bybit,AEVO/USDT:USDT,0.1084,18420.7,0.1083,58016.5,0.1085,7547.0,0.1086,48818.2
1753592080265,04:54:40.265,bybit,AEVO/USDT:USDT,0.1084,17966.1,0.1083,63180.2,0.1085,7547.0,0.1086,48818.2
1753592080364,04:54:40.364,bybit,AEVO/USDT:USDT,0.1084,17966.1,0.1083,63180.2,0.1085,7665.5,0.1086,48699.9
1753592080764,04:54:40.764,bybit,AEVO/USDT:USDT,0.1084,17966.1,0.1083,63180.2,0.1085,7760.3,0.1086,48605.1
1753592081065,04:54:41.065,bybit,AEVO/USDT:USDT,0.1084,17966.1,0.1083,63180.2,0.1085,7760.3,0.1086,48605.1
1753592081165,04:54:41.165,bybit,AEVO/USDT:USDT,0.1084,17966.1,0.1083,63180.2,0.1085,7760.3,0.1086,48605.1
1753592081665,04:54:41.665,bybit,AEVO/USDT:USDT,0.1084,17966.1,0.1083,63180.2,0.1085,7760.3,0.1086,48605.1
1753592081764,04:54:41.764,bybit,AEVO/USDT:USDT,0.1084,17966.1,0.1083,63180.2,0.1085,7760.3,0.1086,48605.1
1753592081964,04:54:41.964,bybit,AEVO/USDT:USDT,0.1084,6650.4,0.1083,63269.6,0.1085,14153.1,0.1086,50449.2
1753592082064,04:54:42.064,bybit,AEVO/USDT:USDT,0.1084,2040.1,0.1083,53354.6,0.1085,21211.9,0.1086,50449.2
1753592082165,04:54:42.165,bybit,AEVO/USDT:USDT,0.1084,2040.1,0.1083,53354.6,0.1085,21211.9,0.1086,55706.6
1753592082264,04:54:42.264,bybit,AEVO/USDT:USDT,0.1084,2040.1,0.1083,53354.6,0.1085,21211.9,0.1086,55706.6
1753592082364,04:54:42.364,bybit,AEVO/USDT:USDT,0.1084,2040.1,0.1083,53354.6,0.1085,21211.9,0.1086,58855.6
1753592082465,04:54:42.465,bybit,AEVO/USDT:USDT,0.1084,2040.1,0.1083,53354.6,0.1085,21211.9,0.1086,58855.6
1753592082764,04:54:42.764,bybit,AEVO/USDT:USDT,0.1084,2040.1,0.1083,53354.6,0.1085,21211.9,0.1086,58855.6
1753592082864,04:54:42.864,bybit,AEVO/USDT:USDT,0.1084,2040.1,0.1083,53354.6,0.1085,19367.8,0.1086,58855.6
1753592083064,04:54:43.064,bybit,AEVO/USDT:USDT,0.1084,2040.1,0.1083,53354.6,0.1085,19462.1,0.1086,58855.6
1753592083864,04:54:43.864,bybit,AEVO/USDT:USDT,0.1084,2040.1,0.1083,53354.6,0.1085,19462.1,0.1086,58855.6
1753592083965,04:54:43.965,bybit,AEVO/USDT:USDT,0.1084,2040.1,0.1083,53354.6,0.1085,19462.1,0.1086,58855.6
1753592084064,04:54:44.064,bybit,AEVO/USDT:USDT,0.1084,2040.1,0.1083,53354.6,0.1085,19462.1,0.1086,59784.5
1753592084265,04:54:44.265,bybit,AEVO/USDT:USDT,0.1084,2040.1,0.1083,52343.1,0.1085,19462.1,0.1086,59784.5
1753592084364,04:54:44.364,bybit,AEVO/USDT:USDT,0.1084,2040.1,0.1083,52343.1,0.1085,19462.1,0.1086,59784.5
1753592084464,04:54:44.464,bybit,AEVO/USDT:USDT,0.1084,2040.1,0.1083,52343.1,0.1085,19462.1,0.1086,59784.5
