timestamp,time,symbol,bid1_price,bid1_volume,bid2_price,bid2_volume,ask1_price,ask1_volume,ask2_price,ask2_volume
1753546954202,16:22:34.202,A/USDT:USDT,0.5748,531.0,0.5747,433.0,0.5749,80.0,0.575,227.0
1753546957402,16:22:37.402,A/USDT:USDT,0.5748,596.0,0.5747,396.0,0.5749,80.0,0.575,180.0
1753546959502,16:22:39.502,A/USDT:USDT,0.5748,531.0,0.5747,396.0,0.5749,82.0,0.575,227.0
1753546960102,16:22:40.102,A/USDT:USDT,0.5748,547.0,0.5747,248.0,0.5749,88.0,0.575,112.0
1753546960302,16:22:40.302,A/USDT:USDT,0.5748,529.0,0.5747,299.0,0.5749,88.0,0.575,217.0
1753546960902,16:22:40.902,A/USDT:USDT,0.5748,531.0,0.5747,299.0,0.5749,90.0,0.575,217.0
1753546961002,16:22:41.002,A/USDT:USDT,0.5748,531.0,0.5747,299.0,0.5749,90.0,0.575,217.0
1753546961302,16:22:41.302,A/USDT:USDT,0.5748,531.0,0.5747,252.0,0.5749,127.0,0.575,217.0
1753546961502,16:22:41.502,A/USDT:USDT,0.5748,531.0,0.5747,299.0,0.5749,90.0,0.575,217.0
1753546962402,16:22:42.402,A/USDT:USDT,0.5748,531.0,0.5747,252.0,0.5749,175.0,0.575,219.0
1753546964202,16:22:44.202,A/USDT:USDT,0.5748,531.0,0.5747,299.0,0.5749,112.0,0.575,219.0
1753546964802,16:22:44.802,A/USDT:USDT,0.5748,531.0,0.5747,252.0,0.5749,167.0,0.575,219.0
1753546968302,16:22:48.302,A/USDT:USDT,0.5748,531.0,0.5747,400.0,0.5749,122.0,0.575,219.0
1753546968902,16:22:48.902,A/USDT:USDT,0.5748,578.0,0.5747,400.0,0.5749,56.0,0.575,219.0
1753546969002,16:22:49.002,A/USDT:USDT,0.5748,531.0,0.5747,447.0,0.5749,56.0,0.575,286.0
1753546970302,16:22:50.302,A/USDT:USDT,0.5748,531.0,0.5747,400.0,0.5749,138.0,0.575,172.0
1753546970502,16:22:50.502,A/USDT:USDT,0.5748,531.0,0.5747,400.0,0.5749,138.0,0.575,172.0
1753546971302,16:22:51.302,A/USDT:USDT,0.5748,596.0,0.5747,400.0,0.5749,80.0,0.575,233.0
1753546972202,16:22:52.202,A/USDT:USDT,0.5748,549.0,0.5747,400.0,0.5749,80.0,0.575,233.0
1753546972402,16:22:52.402,A/USDT:USDT,0.5749,180.0,0.5748,548.0,0.575,66.0,0.5751,262.0
1753546972702,16:22:52.702,A/USDT:USDT,0.5749,263.0,0.5748,511.0,0.575,68.0,0.5751,317.0
1753546972802,16:22:52.802,A/USDT:USDT,0.5749,263.0,0.5748,567.0,0.575,68.0,0.5751,317.0
1753546975102,16:22:55.102,A/USDT:USDT,0.5749,263.0,0.5748,865.0,0.575,127.0,0.5751,262.0
1753546975702,16:22:55.702,A/USDT:USDT,0.5749,263.0,0.5748,912.0,0.575,65.0,0.5751,263.0
1753546977002,16:22:57.002,A/USDT:USDT,0.5749,263.0,0.5748,856.0,0.575,66.0,0.5751,263.0
1753546977202,16:22:57.202,A/USDT:USDT,0.5749,263.0,0.5748,910.0,0.575,66.0,0.5751,324.0
1753546977702,16:22:57.702,A/USDT:USDT,0.5749,263.0,0.5748,910.0,0.575,66.0,0.5751,324.0
1753546978102,16:22:58.102,A/USDT:USDT,0.5749,263.0,0.5748,910.0,0.575,66.0,0.5751,324.0
1753546978202,16:22:58.202,A/USDT:USDT,0.5749,263.0,0.5748,910.0,0.575,66.0,0.5751,324.0
1753546978602,16:22:58.602,A/USDT:USDT,0.5749,263.0,0.5748,910.0,0.575,66.0,0.5751,324.0
1753546979702,16:22:59.702,A/USDT:USDT,0.5749,263.0,0.5748,910.0,0.575,66.0,0.5751,324.0
1753546980102,16:23:00.102,A/USDT:USDT,0.5749,263.0,0.5748,910.0,0.575,65.0,0.5751,324.0
1753546980902,16:23:00.902,A/USDT:USDT,0.5749,263.0,0.5748,885.0,0.575,66.0,0.5751,324.0
1753546982302,16:23:02.302,A/USDT:USDT,0.5747,92.0,0.5746,287.0,0.5748,220.0,0.5749,356.0
1753546982902,16:23:02.902,A/USDT:USDT,0.5747,94.0,0.5746,306.0,0.5748,125.0,0.5749,356.0
1753546983502,16:23:03.502,A/USDT:USDT,0.5747,94.0,0.5746,306.0,0.5748,125.0,0.5749,374.0
1753546983602,16:23:03.602,A/USDT:USDT,0.5747,94.0,0.5746,333.0,0.5748,125.0,0.5749,374.0
1753546984102,16:23:04.102,A/USDT:USDT,0.5747,38.0,0.5746,391.0,0.5748,125.0,0.5749,421.0
1753546984302,16:23:04.302,A/USDT:USDT,0.5747,38.0,0.5746,391.0,0.5748,125.0,0.5749,421.0
1753546984902,16:23:04.902,A/USDT:USDT,0.5747,102.0,0.5746,333.0,0.5748,141.0,0.5749,374.0
1753546985302,16:23:05.302,A/USDT:USDT,0.5747,98.0,0.5746,333.0,0.5748,135.0,0.5749,404.0
1753546986002,16:23:06.002,A/USDT:USDT,0.5747,68.0,0.5746,351.0,0.5748,135.0,0.5749,357.0
1753546986402,16:23:06.402,A/USDT:USDT,0.5747,133.0,0.5746,398.0,0.5748,26.0,0.5749,397.0
1753546986902,16:23:06.902,A/USDT:USDT,0.5747,133.0,0.5746,398.0,0.5748,26.0,0.5749,397.0
1753546987202,16:23:07.202,A/USDT:USDT,0.5747,68.0,0.5746,398.0,0.5748,84.0,0.5749,357.0
1753546988202,16:23:08.202,A/USDT:USDT,0.5747,68.0,0.5746,398.0,0.5748,85.0,0.5749,404.0
1753546988702,16:23:08.702,A/USDT:USDT,0.5747,68.0,0.5746,398.0,0.5748,333.0,0.5749,357.0
1753546989702,16:23:09.702,A/USDT:USDT,0.5747,68.0,0.5746,398.0,0.5748,333.0,0.5749,357.0
1753546990602,16:23:10.602,A/USDT:USDT,0.5747,68.0,0.5746,398.0,0.5748,333.0,0.5749,404.0
1753546990902,16:23:10.902,A/USDT:USDT,0.5747,115.0,0.5746,398.0,0.5748,333.0,0.5749,339.0
1753546991202,16:23:11.202,A/USDT:USDT,0.5747,133.0,0.5746,432.0,0.5748,274.0,0.5749,403.0
1753546991502,16:23:11.502,A/USDT:USDT,0.5747,133.0,0.5746,398.0,0.5748,274.0,0.5749,403.0
1753546992002,16:23:12.002,A/USDT:USDT,0.5747,115.0,0.5746,398.0,0.5748,336.0,0.5749,339.0
1753546993402,16:23:13.402,A/USDT:USDT,0.5747,133.0,0.5746,380.0,0.5748,274.0,0.5749,406.0
1753546994202,16:23:14.202,A/USDT:USDT,0.5747,135.0,0.5746,380.0,0.5748,336.0,0.5749,339.0
1753546995202,16:23:15.202,A/USDT:USDT,0.5747,135.0,0.5746,380.0,0.5748,338.0,0.5749,339.0
1753546996202,16:23:16.202,A/USDT:USDT,0.5747,135.0,0.5746,380.0,0.5748,338.0,0.5749,339.0
1753546996802,16:23:16.802,A/USDT:USDT,0.5747,102.0,0.5746,380.0,0.5748,338.0,0.5749,339.0
1753546999402,16:23:19.402,A/USDT:USDT,0.5747,169.0,0.5746,380.0,0.5748,340.0,0.5749,339.0
1753546999502,16:23:19.502,A/USDT:USDT,0.5747,169.0,0.5746,380.0,0.5748,340.0,0.5749,339.0
1753546999802,16:23:19.802,A/USDT:USDT,0.5747,169.0,0.5746,380.0,0.5748,340.0,0.5749,339.0
1753547001002,16:23:21.002,A/USDT:USDT,0.5747,169.0,0.5746,380.0,0.5748,340.0,0.5749,339.0
1753547001202,16:23:21.202,A/USDT:USDT,0.5747,169.0,0.5746,380.0,0.5748,340.0,0.5749,339.0
1753547001602,16:23:21.602,A/USDT:USDT,0.5747,104.0,0.5746,380.0,0.5748,340.0,0.5749,386.0
1753547001802,16:23:21.802,A/USDT:USDT,0.5747,151.0,0.5746,380.0,0.5748,340.0,0.5749,339.0
1753547002102,16:23:22.102,A/USDT:USDT,0.5747,151.0,0.5746,380.0,0.5748,340.0,0.5749,339.0
1753547002402,16:23:22.402,A/USDT:USDT,0.5747,104.0,0.5746,380.0,0.5748,354.0,0.5749,339.0
1753547002502,16:23:22.502,A/USDT:USDT,0.5747,151.0,0.5746,380.0,0.5748,354.0,0.5749,339.0
1753547003002,16:23:23.002,A/USDT:USDT,0.5747,104.0,0.5746,380.0,0.5748,354.0,0.5749,339.0
1753547003302,16:23:23.302,A/USDT:USDT,0.5747,132.0,0.5746,380.0,0.5748,354.0,0.5749,339.0
1753547004002,16:23:24.002,A/USDT:USDT,0.5747,130.0,0.5746,380.0,0.5748,355.0,0.5749,339.0
1753547005402,16:23:25.402,A/USDT:USDT,0.5747,139.0,0.5746,380.0,0.5748,355.0,0.5749,339.0
1753547006902,16:23:26.902,A/USDT:USDT,0.5747,139.0,0.5746,380.0,0.5748,355.0,0.5749,339.0
1753547007202,16:23:27.202,A/USDT:USDT,0.5747,72.0,0.5746,333.0,0.5748,355.0,0.5749,375.0
1753547007302,16:23:27.302,A/USDT:USDT,0.5747,74.0,0.5746,333.0,0.5748,355.0,0.5749,375.0
1753547007502,16:23:27.502,A/USDT:USDT,0.5747,74.0,0.5746,333.0,0.5748,355.0,0.5749,375.0
1753547008002,16:23:28.002,A/USDT:USDT,0.5747,13.0,0.5746,333.0,0.5748,355.0,0.5749,375.0
1753547008202,16:23:28.202,A/USDT:USDT,0.5747,68.0,0.5746,333.0,0.5748,355.0,0.5749,375.0
1753547008602,16:23:28.602,A/USDT:USDT,0.5747,68.0,0.5746,333.0,0.5748,355.0,0.5749,375.0
1753547009102,16:23:29.102,A/USDT:USDT,0.5747,68.0,0.5746,333.0,0.5748,355.0,0.5749,375.0
1753547009702,16:23:29.702,A/USDT:USDT,0.5747,13.0,0.5746,398.0,0.5748,408.0,0.5749,375.0
1753547009902,16:23:29.902,A/USDT:USDT,0.5747,13.0,0.5746,398.0,0.5748,408.0,0.5749,375.0
1753547010102,16:23:30.102,A/USDT:USDT,0.5747,13.0,0.5746,398.0,0.5748,408.0,0.5749,375.0
1753547010302,16:23:30.302,A/USDT:USDT,0.5747,12.0,0.5746,398.0,0.5748,408.0,0.5749,375.0
1753547010602,16:23:30.602,A/USDT:USDT,0.5747,13.0,0.5746,398.0,0.5748,408.0,0.5749,375.0
1753547010702,16:23:30.702,A/USDT:USDT,0.5747,12.0,0.5746,343.0,0.5748,408.0,0.5749,375.0
1753547013102,16:23:33.102,A/USDT:USDT,0.5747,12.0,0.5746,343.0,0.5748,417.0,0.5749,422.0
1753547013202,16:23:33.202,A/USDT:USDT,0.5747,12.0,0.5746,343.0,0.5748,417.0,0.5749,422.0
1753547014302,16:23:34.302,A/USDT:USDT,0.5747,12.0,0.5746,343.0,0.5748,417.0,0.5749,422.0
1753547014702,16:23:34.702,A/USDT:USDT,0.5747,12.0,0.5746,343.0,0.5748,417.0,0.5749,422.0
1753547017202,16:23:37.202,A/USDT:USDT,0.5746,277.0,0.5745,655.0,0.5747,55.0,0.5748,400.0
1753547018202,16:23:38.202,A/USDT:USDT,0.5746,338.0,0.5745,415.0,0.5747,624.0,0.5748,71.0
1753547018302,16:23:38.302,A/USDT:USDT,0.5746,338.0,0.5745,415.0,0.5747,624.0,0.5748,71.0
1753547019302,16:23:39.302,A/USDT:USDT,0.5746,340.0,0.5745,415.0,0.5747,624.0,0.5748,71.0
1753547020802,16:23:40.802,A/USDT:USDT,0.5746,340.0,0.5745,368.0,0.5747,614.0,0.5748,27.0
1753547020902,16:23:40.902,A/USDT:USDT,0.5746,340.0,0.5745,368.0,0.5747,570.0,0.5748,27.0
1753547021902,16:23:41.902,A/USDT:USDT,0.5746,340.0,0.5745,301.0,0.5747,570.0,0.5748,27.0
1753547026002,16:23:46.002,A/USDT:USDT,0.5746,340.0,0.5745,301.0,0.5747,605.0,0.5748,72.0
1753547029602,16:23:49.602,A/USDT:USDT,0.5746,340.0,0.5745,301.0,0.5747,605.0,0.5748,72.0
1753547032802,16:23:52.802,A/USDT:USDT,0.5746,340.0,0.5745,247.0,0.5747,605.0,0.5748,72.0
1753547034202,16:23:54.202,A/USDT:USDT,0.5746,340.0,0.5745,247.0,0.5747,649.0,0.5748,72.0
1753547038102,16:23:58.102,A/USDT:USDT,0.5746,340.0,0.5745,247.0,0.5747,605.0,0.5748,72.0
1753547039002,16:23:59.002,A/USDT:USDT,0.5746,340.0,0.5745,247.0,0.5747,649.0,0.5748,72.0
1753547039702,16:23:59.702,A/USDT:USDT,0.5746,340.0,0.5745,247.0,0.5747,605.0,0.5748,72.0
1753547041102,16:24:01.102,A/USDT:USDT,0.5746,341.0,0.5745,247.0,0.5747,652.0,0.5748,72.0
1753547041202,16:24:01.202,A/USDT:USDT,0.5746,341.0,0.5745,247.0,0.5747,605.0,0.5748,72.0
1753547042402,16:24:02.402,A/USDT:USDT,0.5746,341.0,0.5745,247.0,0.5747,605.0,0.5748,72.0
1753547042802,16:24:02.802,A/USDT:USDT,0.5746,341.0,0.5745,247.0,0.5747,605.0,0.5748,72.0
1753547043002,16:24:03.002,A/USDT:USDT,0.5746,341.0,0.5745,247.0,0.5747,605.0,0.5748,72.0
1753547043102,16:24:03.102,A/USDT:USDT,0.5746,406.0,0.5745,247.0,0.5747,605.0,0.5748,72.0
1753547044402,16:24:04.402,A/USDT:USDT,0.5746,406.0,0.5745,247.0,0.5747,548.0,0.5748,137.0
1753547044502,16:24:04.502,A/USDT:USDT,0.5746,406.0,0.5745,247.0,0.5747,548.0,0.5748,137.0
1753547044602,16:24:04.602,A/USDT:USDT,0.5746,406.0,0.5745,247.0,0.5747,548.0,0.5748,137.0
1753547045702,16:24:05.702,A/USDT:USDT,0.5746,406.0,0.5745,247.0,0.5747,616.0,0.5748,72.0
1753547046102,16:24:06.102,A/USDT:USDT,0.5746,406.0,0.5745,247.0,0.5747,616.0,0.5748,72.0
1753547046402,16:24:06.402,A/USDT:USDT,0.5746,408.0,0.5745,247.0,0.5747,616.0,0.5748,72.0
1753547046702,16:24:06.702,A/USDT:USDT,0.5746,408.0,0.5745,247.0,0.5747,616.0,0.5748,72.0
1753547047802,16:24:07.802,A/USDT:USDT,0.5746,408.0,0.5745,247.0,0.5747,616.0,0.5748,72.0
1753547048802,16:24:08.802,A/USDT:USDT,0.5746,408.0,0.5745,247.0,0.5747,617.0,0.5748,72.0
1753547048902,16:24:08.902,A/USDT:USDT,0.5746,408.0,0.5745,247.0,0.5747,617.0,0.5748,72.0
1753547049202,16:24:09.202,A/USDT:USDT,0.5746,408.0,0.5745,247.0,0.5747,617.0,0.5748,72.0
1753547049702,16:24:09.702,A/USDT:USDT,0.5746,408.0,0.5745,247.0,0.5747,617.0,0.5748,72.0
1753547050102,16:24:10.102,A/USDT:USDT,0.5746,408.0,0.5745,247.0,0.5747,617.0,0.5748,72.0
1753547050202,16:24:10.202,A/USDT:USDT,0.5746,361.0,0.5745,247.0,0.5747,617.0,0.5748,72.0
1753547050602,16:24:10.602,A/USDT:USDT,0.5746,408.0,0.5745,247.0,0.5747,617.0,0.5748,72.0
1753547051202,16:24:11.202,A/USDT:USDT,0.5746,408.0,0.5745,247.0,0.5747,617.0,0.5748,72.0
1753547051402,16:24:11.402,A/USDT:USDT,0.5746,408.0,0.5745,247.0,0.5747,549.0,0.5748,72.0
1753547051702,16:24:11.702,A/USDT:USDT,0.5746,408.0,0.5745,247.0,0.5747,549.0,0.5748,138.0
1753547052002,16:24:12.002,A/USDT:USDT,0.5746,408.0,0.5745,247.0,0.5747,549.0,0.5748,138.0
1753547052302,16:24:12.302,A/USDT:USDT,0.5746,408.0,0.5745,247.0,0.5747,609.0,0.5748,72.0
1753547053702,16:24:13.702,A/USDT:USDT,0.5746,343.0,0.5745,247.0,0.5747,613.0,0.5748,72.0
1753547055502,16:24:15.502,A/USDT:USDT,0.5746,343.0,0.5745,247.0,0.5747,631.0,0.5748,72.0
1753547056202,16:24:16.202,A/USDT:USDT,0.5746,343.0,0.5745,247.0,0.5747,677.0,0.5748,72.0
1753547056502,16:24:16.502,A/USDT:USDT,0.5746,343.0,0.5745,247.0,0.5747,677.0,0.5748,72.0
1753547056602,16:24:16.602,A/USDT:USDT,0.5746,343.0,0.5745,247.0,0.5747,659.0,0.5748,72.0
1753547056902,16:24:16.902,A/USDT:USDT,0.5746,343.0,0.5745,247.0,0.5747,612.0,0.5748,72.0
1753547057802,16:24:17.802,A/USDT:USDT,0.5746,424.0,0.5745,247.0,0.5747,612.0,0.5748,72.0
1753547059002,16:24:19.002,A/USDT:USDT,0.5747,279.0,0.5746,330.0,0.5748,2.0,0.5749,407.0
1753547059102,16:24:19.102,A/USDT:USDT,0.5747,279.0,0.5746,330.0,0.5748,3.0,0.5749,407.0
1753547060002,16:24:20.002,A/USDT:USDT,0.5747,279.0,0.5746,330.0,0.5748,59.0,0.5749,341.0
1753547061302,16:24:21.302,A/USDT:USDT,0.5747,261.0,0.5746,330.0,0.5748,59.0,0.5749,341.0
1753547061602,16:24:21.602,A/USDT:USDT,0.5747,279.0,0.5746,330.0,0.5748,59.0,0.5749,341.0
1753547062602,16:24:22.602,A/USDT:USDT,0.5747,261.0,0.5746,330.0,0.5748,59.0,0.5749,341.0
1753547063402,16:24:23.402,A/USDT:USDT,0.5747,261.0,0.5746,330.0,0.5748,59.0,0.5749,341.0
1753547063502,16:24:23.502,A/USDT:USDT,0.5747,279.0,0.5746,330.0,0.5748,59.0,0.5749,341.0
1753547064102,16:24:24.102,A/USDT:USDT,0.5747,279.0,0.5746,330.0,0.5748,59.0,0.5749,341.0
1753547066202,16:24:26.202,A/USDT:USDT,0.5747,169.0,0.5746,330.0,0.5748,59.0,0.5749,341.0
1753547068002,16:24:28.002,A/USDT:USDT,0.5747,187.0,0.5746,330.0,0.5748,59.0,0.5749,341.0
1753547069002,16:24:29.002,A/USDT:USDT,0.5747,187.0,0.5746,330.0,0.5748,3.0,0.5749,341.0
1753547070702,16:24:30.702,A/USDT:USDT,0.5747,140.0,0.5746,377.0,0.5748,71.0,0.5749,341.0
1753547071102,16:24:31.102,A/USDT:USDT,0.5747,142.0,0.5746,519.0,0.5748,71.0,0.5749,388.0
1753547071302,16:24:31.302,A/USDT:USDT,0.5747,142.0,0.5746,519.0,0.5748,71.0,0.5749,388.0
1753547071602,16:24:31.602,A/USDT:USDT,0.5747,189.0,0.5746,553.0,0.5748,70.0,0.5749,388.0
1753547071802,16:24:31.802,A/USDT:USDT,0.5748,57.0,0.5747,237.0,0.5749,182.0,0.575,390.0
1753547072002,16:24:32.002,A/USDT:USDT,0.5748,123.0,0.5747,154.0,0.5749,248.0,0.575,390.0
1753547072402,16:24:32.402,A/USDT:USDT,0.5748,123.0,0.5747,107.0,0.5749,248.0,0.575,390.0
1753547072502,16:24:32.502,A/USDT:USDT,0.5748,123.0,0.5747,154.0,0.5749,248.0,0.575,390.0
1753547073302,16:24:33.302,A/USDT:USDT,0.5748,123.0,0.5747,107.0,0.5749,248.0,0.575,390.0
1753547073402,16:24:33.402,A/USDT:USDT,0.5748,123.0,0.5747,154.0,0.5749,248.0,0.575,390.0
1753547073502,16:24:33.502,A/USDT:USDT,0.5748,123.0,0.5747,154.0,0.5749,112.0,0.575,390.0
1753547074002,16:24:34.002,A/USDT:USDT,0.5748,123.0,0.5747,154.0,0.5749,112.0,0.575,390.0
1753547075202,16:24:35.202,A/USDT:USDT,0.5748,123.0,0.5747,154.0,0.5749,112.0,0.575,340.0
1753547075302,16:24:35.302,A/USDT:USDT,0.5748,123.0,0.5747,154.0,0.5749,112.0,0.575,340.0
1753547075402,16:24:35.402,A/USDT:USDT,0.5748,123.0,0.5747,154.0,0.5749,112.0,0.575,340.0
1753547075602,16:24:35.602,A/USDT:USDT,0.5748,141.0,0.5747,156.0,0.5749,6.0,0.575,302.0
1753547076202,16:24:36.202,A/USDT:USDT,0.5748,188.0,0.5747,304.0,0.5749,1.0,0.575,255.0
1753547076302,16:24:36.302,A/USDT:USDT,0.5748,222.0,0.5747,304.0,0.5749,1.0,0.575,255.0
1753547076402,16:24:36.402,A/USDT:USDT,0.5748,175.0,0.5747,304.0,0.5749,1.0,0.575,255.0
1753547076802,16:24:36.802,A/USDT:USDT,0.5748,222.0,0.5747,358.0,0.5749,1.0,0.575,255.0
1753547078402,16:24:38.402,A/USDT:USDT,0.5748,253.0,0.5747,497.0,0.5749,1.0,0.575,255.0
1753547078502,16:24:38.502,A/USDT:USDT,0.5748,253.0,0.5747,497.0,0.5749,3.0,0.575,255.0
1753547079502,16:24:39.502,A/USDT:USDT,0.5748,253.0,0.5747,497.0,0.5749,3.0,0.575,255.0
1753547079902,16:24:39.902,A/USDT:USDT,0.5748,253.0,0.5747,497.0,0.5749,3.0,0.575,255.0
1753547081002,16:24:41.002,A/USDT:USDT,0.5748,253.0,0.5747,875.0,0.5749,3.0,0.575,255.0
1753547081102,16:24:41.102,A/USDT:USDT,0.5748,253.0,0.5747,875.0,0.5749,3.0,0.575,255.0
1753547081402,16:24:41.402,A/USDT:USDT,0.575,153.0,0.5749,260.0,0.5751,20.0,0.5752,187.0
1753547082102,16:24:42.102,A/USDT:USDT,0.575,153.0,0.5749,370.0,0.5751,22.0,0.5752,187.0
1753547082302,16:24:42.302,A/USDT:USDT,0.575,153.0,0.5749,417.0,0.5751,3.0,0.5752,187.0
1753547082902,16:24:42.902,A/USDT:USDT,0.575,200.0,0.5749,506.0,0.5751,1.0,0.5752,157.0
1753547084702,16:24:44.702,A/USDT:USDT,0.575,231.0,0.5749,506.0,0.5751,1.0,0.5752,157.0
1753547085102,16:24:45.102,A/USDT:USDT,0.575,231.0,0.5749,506.0,0.5751,1.0,0.5752,157.0
1753547086002,16:24:46.002,A/USDT:USDT,0.575,231.0,0.5749,506.0,0.5751,1.0,0.5752,157.0
1753547086202,16:24:46.202,A/USDT:USDT,0.575,231.0,0.5749,506.0,0.5751,1.0,0.5752,157.0
1753547086502,16:24:46.502,A/USDT:USDT,0.575,231.0,0.5749,506.0,0.5751,1.0,0.5752,157.0
1753547086702,16:24:46.702,A/USDT:USDT,0.575,231.0,0.5749,506.0,0.5751,1.0,0.5752,157.0
1753547087302,16:24:47.302,A/USDT:USDT,0.575,231.0,0.5749,842.0,0.5751,1.0,0.5752,156.0
1753547087602,16:24:47.602,A/USDT:USDT,0.575,184.0,0.5749,734.0,0.5751,21.0,0.5752,187.0
1753547087702,16:24:47.702,A/USDT:USDT,0.575,184.0,0.5749,687.0,0.5751,86.0,0.5752,187.0
1753547087902,16:24:47.902,A/USDT:USDT,0.575,184.0,0.5749,687.0,0.5751,86.0,0.5752,237.0
1753547088202,16:24:48.202,A/USDT:USDT,0.575,91.0,0.5749,663.0,0.5751,21.0,0.5752,255.0
1753547088302,16:24:48.302,A/USDT:USDT,0.575,91.0,0.5749,710.0,0.5751,21.0,0.5752,255.0
1753547090002,16:24:50.002,A/USDT:USDT,0.575,60.0,0.5749,663.0,0.5751,21.0,0.5752,255.0
1753547090202,16:24:50.202,A/USDT:USDT,0.575,59.0,0.5749,710.0,0.5751,21.0,0.5752,255.0
1753547090502,16:24:50.502,A/USDT:USDT,0.575,125.0,0.5749,710.0,0.5751,1.0,0.5752,160.0
1753547091002,16:24:51.002,A/USDT:USDT,0.5751,69.0,0.575,57.0,0.5752,185.0,0.5753,337.0
1753547091302,16:24:51.302,A/USDT:USDT,0.5751,69.0,0.575,90.0,0.5752,185.0,0.5753,355.0
1753547091602,16:24:51.602,A/USDT:USDT,0.5751,69.0,0.575,57.0,0.5752,250.0,0.5753,355.0
1753547091702,16:24:51.702,A/USDT:USDT,0.5751,69.0,0.575,57.0,0.5752,250.0,0.5753,355.0
1753547091802,16:24:51.802,A/USDT:USDT,0.5751,69.0,0.575,57.0,0.5752,203.0,0.5753,355.0
1753547092402,16:24:52.402,A/USDT:USDT,0.5751,69.0,0.575,57.0,0.5752,250.0,0.5753,355.0
1753547092502,16:24:52.502,A/USDT:USDT,0.5751,69.0,0.575,57.0,0.5752,183.0,0.5753,355.0
1753547092602,16:24:52.602,A/USDT:USDT,0.5751,69.0,0.575,57.0,0.5752,203.0,0.5753,355.0
1753547092802,16:24:52.802,A/USDT:USDT,0.575,56.0,0.5749,341.0,0.5752,250.0,0.5753,355.0
1753547093002,16:24:53.002,A/USDT:USDT,0.575,63.0,0.5749,286.0,0.5751,94.0,0.5752,153.0
1753547093702,16:24:53.702,A/USDT:USDT,0.575,63.0,0.5749,241.0,0.5751,64.0,0.5752,155.0
1753547093802,16:24:53.802,A/USDT:USDT,0.575,63.0,0.5749,241.0,0.5751,64.0,0.5752,202.0
1753547096202,16:24:56.202,A/USDT:USDT,0.575,63.0,0.5749,241.0,0.5751,64.0,0.5752,153.0
1753547097002,16:24:57.002,A/USDT:USDT,0.575,63.0,0.5749,241.0,0.5751,64.0,0.5752,153.0
1753547097102,16:24:57.102,A/USDT:USDT,0.575,63.0,0.5749,248.0,0.5751,64.0,0.5752,153.0
1753547097202,16:24:57.202,A/USDT:USDT,0.575,63.0,0.5749,248.0,0.5751,64.0,0.5752,153.0
1753547098302,16:24:58.302,A/USDT:USDT,0.575,63.0,0.5749,201.0,0.5751,64.0,0.5752,153.0
1753547099002,16:24:59.002,A/USDT:USDT,0.575,63.0,0.5749,248.0,0.5751,64.0,0.5752,153.0
1753547100302,16:25:00.302,A/USDT:USDT,0.5749,154.0,0.5748,274.0,0.575,67.0,0.5751,118.0
1753547100702,16:25:00.702,A/USDT:USDT,0.5749,121.0,0.5748,228.0,0.575,67.0,0.5751,277.0
1753547100802,16:25:00.802,A/USDT:USDT,0.5749,121.0,0.5748,228.0,0.575,68.0,0.5751,277.0
1753547101302,16:25:01.302,A/USDT:USDT,0.575,61.0,0.5749,136.0,0.5751,112.0,0.5752,387.0
1753547102302,16:25:02.302,A/USDT:USDT,0.575,61.0,0.5749,150.0,0.5751,177.0,0.5752,387.0
1753547102902,16:25:02.902,A/USDT:USDT,0.575,61.0,0.5749,150.0,0.5751,160.0,0.5752,181.0
1753547103002,16:25:03.002,A/USDT:USDT,0.575,61.0,0.5749,150.0,0.5751,160.0,0.5752,181.0
1753547103602,16:25:03.602,A/USDT:USDT,0.575,150.0,0.5749,196.0,0.5752,82.0,0.5753,573.0
1753547103902,16:25:03.902,A/USDT:USDT,0.5751,58.0,0.575,245.0,0.5752,171.0,0.5753,353.0
1753547104002,16:25:04.002,A/USDT:USDT,0.5751,58.0,0.575,245.0,0.5752,171.0,0.5753,353.0
1753547104502,16:25:04.502,A/USDT:USDT,0.5751,58.0,0.575,245.0,0.5752,171.0,0.5753,353.0
1753547104602,16:25:04.602,A/USDT:USDT,0.5749,177.0,0.5748,228.0,0.5751,101.0,0.5752,226.0
1753547105302,16:25:05.302,A/USDT:USDT,0.5749,137.0,0.5748,228.0,0.575,63.0,0.5751,65.0
1753547105902,16:25:05.902,A/USDT:USDT,0.5749,137.0,0.5748,298.0,0.575,63.0,0.5751,121.0
1753547106602,16:25:06.602,A/USDT:USDT,0.5749,67.0,0.5748,139.0,0.575,216.0,0.5751,314.0
1753547106802,16:25:06.802,A/USDT:USDT,0.5749,65.0,0.5748,76.0,0.575,170.0,0.5751,314.0
1753547107502,16:25:07.502,A/USDT:USDT,0.5749,98.0,0.5748,142.0,0.575,218.0,0.5751,314.0
1753547107902,16:25:07.902,A/USDT:USDT,0.5749,98.0,0.5748,145.0,0.575,218.0,0.5751,314.0
1753547108402,16:25:08.402,A/USDT:USDT,0.5749,98.0,0.5748,145.0,0.575,218.0,0.5751,314.0
1753547110302,16:25:10.302,A/USDT:USDT,0.5749,123.0,0.5748,135.0,0.575,170.0,0.5751,314.0
1753547111302,16:25:11.302,A/USDT:USDT,0.5749,67.0,0.5748,193.0,0.575,216.0,0.5751,340.0
1753547111602,16:25:11.602,A/USDT:USDT,0.5749,67.0,0.5748,193.0,0.575,216.0,0.5751,340.0
1753547111802,16:25:11.802,A/USDT:USDT,0.5749,122.0,0.5748,132.0,0.575,216.0,0.5751,340.0
1753547112802,16:25:12.802,A/USDT:USDT,0.5749,122.0,0.5748,132.0,0.575,218.0,0.5751,416.0
1753547113002,16:25:13.002,A/USDT:USDT,0.5749,67.0,0.5748,112.0,0.575,218.0,0.5751,416.0
1753547113302,16:25:13.302,A/USDT:USDT,0.5749,67.0,0.5748,113.0,0.575,218.0,0.5751,449.0
1753547114202,16:25:14.202,A/USDT:USDT,0.5749,67.0,0.5748,123.0,0.575,231.0,0.5751,449.0
1753547115202,16:25:15.202,A/USDT:USDT,0.5748,76.0,0.5747,165.0,0.5749,169.0,0.575,293.0
1753547115302,16:25:15.302,A/USDT:USDT,0.5748,77.0,0.5747,165.0,0.5749,169.0,0.575,293.0
1753547115802,16:25:15.802,A/USDT:USDT,0.5748,76.0,0.5747,110.0,0.5749,232.0,0.575,293.0
1753547116202,16:25:16.202,A/USDT:USDT,0.5748,76.0,0.5747,110.0,0.5749,232.0,0.575,293.0
1753547117002,16:25:17.002,A/USDT:USDT,0.5748,76.0,0.5747,110.0,0.5749,186.0,0.575,343.0
1753547117102,16:25:17.102,A/USDT:USDT,0.5748,77.0,0.5747,110.0,0.5749,80.0,0.575,314.0
1753547117302,16:25:17.302,A/USDT:USDT,0.5748,76.0,0.5747,110.0,0.5749,80.0,0.575,360.0
1753547117502,16:25:17.502,A/USDT:USDT,0.5748,76.0,0.5747,110.0,0.5749,80.0,0.575,360.0
1753547118002,16:25:18.002,A/USDT:USDT,0.5748,76.0,0.5747,110.0,0.5749,80.0,0.575,360.0
1753547118202,16:25:18.202,A/USDT:USDT,0.5748,76.0,0.5747,110.0,0.5749,80.0,0.575,360.0
1753547119502,16:25:19.502,A/USDT:USDT,0.5748,77.0,0.5747,156.0,0.5749,67.0,0.575,252.0
1753547119602,16:25:19.602,A/USDT:USDT,0.5748,77.0,0.5747,156.0,0.5749,67.0,0.575,252.0
1753547121702,16:25:21.702,A/USDT:USDT,0.5748,77.0,0.5747,156.0,0.5749,67.0,0.575,252.0
1753547122602,16:25:22.602,A/USDT:USDT,0.5748,77.0,0.5747,156.0,0.5749,67.0,0.575,252.0
1753547124802,16:25:24.802,A/USDT:USDT,0.5748,7.0,0.5747,178.0,0.5749,130.0,0.575,298.0
1753547126002,16:25:26.002,A/USDT:USDT,0.5748,7.0,0.5747,178.0,0.5749,130.0,0.575,372.0
1753547126402,16:25:26.402,A/USDT:USDT,0.5748,7.0,0.5747,178.0,0.5749,130.0,0.575,372.0
1753547126602,16:25:26.602,A/USDT:USDT,0.5748,72.0,0.5747,110.0,0.5749,65.0,0.575,359.0
1753547128302,16:25:28.302,A/USDT:USDT,0.5749,116.0,0.5748,286.0,0.575,69.0,0.5751,252.0
1753547129402,16:25:29.402,A/USDT:USDT,0.5749,3.0,0.5748,240.0,0.575,69.0,0.5751,269.0
1753547131302,16:25:31.302,A/USDT:USDT,0.5748,72.0,0.5747,110.0,0.5749,71.0,0.575,283.0
1753547131402,16:25:31.402,A/USDT:USDT,0.5748,72.0,0.5747,110.0,0.5749,71.0,0.575,283.0
1753547131502,16:25:31.502,A/USDT:USDT,0.5748,72.0,0.5747,110.0,0.5749,88.0,0.575,283.0
1753547131602,16:25:31.602,A/USDT:USDT,0.5748,72.0,0.5747,110.0,0.5749,134.0,0.575,283.0
1753547131702,16:25:31.702,A/USDT:USDT,0.5748,7.0,0.5747,110.0,0.5749,134.0,0.575,283.0
1753547132002,16:25:32.002,A/USDT:USDT,0.5748,75.0,0.5747,127.0,0.5749,71.0,0.575,283.0
1753547132202,16:25:32.202,A/USDT:USDT,0.5748,75.0,0.5747,110.0,0.5749,71.0,0.575,283.0
1753547133702,16:25:33.702,A/USDT:USDT,0.5748,75.0,0.5747,173.0,0.5749,71.0,0.575,237.0
1753547135202,16:25:35.202,A/USDT:USDT,0.5748,75.0,0.5747,173.0,0.5749,71.0,0.575,237.0
1753547135402,16:25:35.402,A/USDT:USDT,0.5748,75.0,0.5747,127.0,0.5749,71.0,0.575,283.0
1753547135602,16:25:35.602,A/USDT:USDT,0.5748,75.0,0.5747,127.0,0.5749,71.0,0.575,283.0
1753547135802,16:25:35.802,A/USDT:USDT,0.5748,75.0,0.5747,127.0,0.5749,71.0,0.575,283.0
1753547136102,16:25:36.102,A/USDT:USDT,0.5748,7.0,0.5747,170.0,0.5749,71.0,0.575,233.0
1753547136302,16:25:36.302,A/USDT:USDT,0.5748,7.0,0.5747,170.0,0.5749,71.0,0.575,233.0
1753547136602,16:25:36.602,A/USDT:USDT,0.5748,7.0,0.5747,170.0,0.5749,71.0,0.575,233.0
1753547136702,16:25:36.702,A/USDT:USDT,0.5748,7.0,0.5747,170.0,0.5749,71.0,0.575,233.0
1753547137402,16:25:37.402,A/USDT:USDT,0.5748,7.0,0.5747,187.0,0.5749,71.0,0.575,233.0
1753547137802,16:25:37.802,A/USDT:USDT,0.5748,7.0,0.5747,187.0,0.5749,71.0,0.575,233.0
1753547137902,16:25:37.902,A/USDT:USDT,0.5748,7.0,0.5747,187.0,0.5749,71.0,0.575,233.0
1753547138102,16:25:38.102,A/USDT:USDT,0.5748,7.0,0.5747,187.0,0.5749,71.0,0.575,289.0
1753547138202,16:25:38.202,A/USDT:USDT,0.5748,7.0,0.5747,187.0,0.5749,71.0,0.575,322.0
1753547138302,16:25:38.302,A/USDT:USDT,0.5748,7.0,0.5747,187.0,0.5749,71.0,0.575,322.0
1753547139702,16:25:39.702,A/USDT:USDT,0.5748,9.0,0.5747,115.0,0.5749,134.0,0.575,464.0
1753547139902,16:25:39.902,A/USDT:USDT,0.5748,4.0,0.5747,118.0,0.5749,134.0,0.575,464.0
1753547140002,16:25:40.002,A/USDT:USDT,0.5748,4.0,0.5747,118.0,0.5749,134.0,0.575,464.0
1753547140102,16:25:40.102,A/USDT:USDT,0.5747,6.0,0.5746,178.0,0.5748,127.0,0.5749,353.0
1753547140302,16:25:40.302,A/USDT:USDT,0.5747,67.0,0.5746,178.0,0.5748,192.0,0.5749,368.0
1753547140502,16:25:40.502,A/USDT:USDT,0.5747,67.0,0.5746,178.0,0.5748,192.0,0.5749,368.0
1753547140802,16:25:40.802,A/USDT:USDT,0.5747,8.0,0.5746,178.0,0.5748,192.0,0.5749,368.0
1753547141002,16:25:41.002,A/USDT:USDT,0.5747,8.0,0.5746,235.0,0.5748,175.0,0.5749,368.0
1753547142402,16:25:42.402,A/USDT:USDT,0.5747,66.0,0.5746,178.0,0.5748,175.0,0.5749,389.0
1753547142502,16:25:42.502,A/USDT:USDT,0.5747,66.0,0.5746,178.0,0.5748,175.0,0.5749,389.0
1753547142602,16:25:42.602,A/USDT:USDT,0.5747,66.0,0.5746,178.0,0.5748,175.0,0.5749,389.0
1753547143202,16:25:43.202,A/USDT:USDT,0.5747,8.0,0.5746,178.0,0.5748,238.0,0.5749,389.0
1753547143302,16:25:43.302,A/USDT:USDT,0.5747,8.0,0.5746,236.0,0.5748,238.0,0.5749,389.0
1753547143502,16:25:43.502,A/USDT:USDT,0.5747,4.0,0.5746,236.0,0.5748,221.0,0.5749,389.0
1753547143902,16:25:43.902,A/USDT:USDT,0.5747,4.0,0.5746,236.0,0.5748,221.0,0.5749,389.0
1753547144302,16:25:44.302,A/USDT:USDT,0.5747,70.0,0.5746,178.0,0.5748,175.0,0.5749,389.0
1753547145902,16:25:45.902,A/USDT:USDT,0.5747,70.0,0.5746,178.0,0.5748,221.0,0.5749,389.0
1753547146702,16:25:46.702,A/USDT:USDT,0.5747,4.0,0.5746,243.0,0.5748,238.0,0.5749,372.0
1753547146902,16:25:46.902,A/USDT:USDT,0.5747,4.0,0.5746,243.0,0.5748,238.0,0.5749,372.0
1753547147002,16:25:47.002,A/USDT:USDT,0.5747,4.0,0.5746,243.0,0.5748,238.0,0.5749,372.0
1753547147102,16:25:47.102,A/USDT:USDT,0.5747,4.0,0.5746,243.0,0.5748,238.0,0.5749,372.0
1753547147502,16:25:47.502,A/USDT:USDT,0.5746,70.0,0.5745,62.0,0.5747,208.0,0.5748,342.0
1753547147702,16:25:47.702,A/USDT:USDT,0.5746,70.0,0.5745,62.0,0.5747,209.0,0.5748,342.0
1753547147902,16:25:47.902,A/USDT:USDT,0.5746,70.0,0.5745,62.0,0.5747,209.0,0.5748,342.0
1753547148002,16:25:48.002,A/USDT:USDT,0.5746,70.0,0.5745,62.0,0.5747,209.0,0.5748,342.0
1753547148102,16:25:48.102,A/USDT:USDT,0.5746,70.0,0.5745,62.0,0.5747,209.0,0.5748,342.0
1753547148202,16:25:48.202,A/USDT:USDT,0.5746,70.0,0.5745,62.0,0.5747,208.0,0.5748,342.0
1753547148702,16:25:48.702,A/USDT:USDT,0.5746,70.0,0.5745,62.0,0.5747,208.0,0.5748,342.0
1753547150002,16:25:50.002,A/USDT:USDT,0.5746,70.0,0.5745,62.0,0.5747,192.0,0.5748,342.0
1753547150202,16:25:50.202,A/USDT:USDT,0.5746,70.0,0.5745,62.0,0.5747,255.0,0.5748,342.0
1753547150802,16:25:50.802,A/USDT:USDT,0.5746,70.0,0.5745,62.0,0.5747,191.0,0.5748,342.0
1753547151502,16:25:51.502,A/USDT:USDT,0.5746,70.0,0.5745,62.0,0.5747,191.0,0.5748,342.0
1753547151802,16:25:51.802,A/USDT:USDT,0.5746,7.0,0.5745,61.0,0.5747,238.0,0.5748,342.0
1753547152402,16:25:52.402,A/USDT:USDT,0.5746,7.0,0.5745,129.0,0.5747,255.0,0.5748,395.0
1753547152602,16:25:52.602,A/USDT:USDT,0.5746,7.0,0.5745,129.0,0.5747,255.0,0.5748,395.0
1753547154802,16:25:54.802,A/USDT:USDT,0.5746,62.0,0.5745,62.0,0.5747,200.0,0.5748,411.0
1753547155802,16:25:55.802,A/USDT:USDT,0.5746,7.0,0.5745,61.0,0.5747,264.0,0.5748,395.0
1753547156102,16:25:56.102,A/USDT:USDT,0.5746,7.0,0.5745,125.0,0.5747,264.0,0.5748,395.0
1753547156202,16:25:56.202,A/USDT:USDT,0.5746,7.0,0.5745,125.0,0.5747,264.0,0.5748,395.0
1753547156302,16:25:56.302,A/USDT:USDT,0.5746,7.0,0.5745,125.0,0.5747,264.0,0.5748,395.0
1753547156902,16:25:56.902,A/USDT:USDT,0.5746,7.0,0.5745,125.0,0.5747,264.0,0.5748,395.0
1753547157002,16:25:57.002,A/USDT:USDT,0.5746,7.0,0.5745,125.0,0.5747,264.0,0.5748,395.0
1753547157202,16:25:57.202,A/USDT:USDT,0.5746,7.0,0.5745,125.0,0.5747,264.0,0.5748,395.0
1753547157602,16:25:57.602,A/USDT:USDT,0.5746,67.0,0.5745,61.0,0.5747,200.0,0.5748,395.0
1753547157702,16:25:57.702,A/USDT:USDT,0.5746,67.0,0.5745,61.0,0.5747,264.0,0.5748,395.0
1753547158502,16:25:58.502,A/USDT:USDT,0.5746,67.0,0.5745,61.0,0.5747,200.0,0.5748,395.0
1753547158802,16:25:58.802,A/USDT:USDT,0.5746,67.0,0.5745,62.0,0.5747,200.0,0.5748,395.0
1753547159002,16:25:59.002,A/USDT:USDT,0.5746,67.0,0.5745,62.0,0.5747,263.0,0.5748,395.0
1753547159602,16:25:59.602,A/USDT:USDT,0.5746,67.0,0.5745,62.0,0.5747,217.0,0.5748,395.0
1753547160502,16:26:00.502,A/USDT:USDT,0.5746,67.0,0.5745,62.0,0.5747,200.0,0.5748,395.0
1753547161302,16:26:01.302,A/USDT:USDT,0.5746,67.0,0.5745,62.0,0.5747,299.0,0.5748,396.0
1753547161502,16:26:01.502,A/USDT:USDT,0.5746,43.0,0.5745,62.0,0.5747,253.0,0.5748,396.0
1753547161802,16:26:01.802,A/USDT:USDT,0.5746,43.0,0.5745,128.0,0.5747,299.0,0.5748,396.0
1753547162302,16:26:02.302,A/USDT:USDT,0.5746,72.0,0.5745,62.0,0.5747,253.0,0.5748,396.0
1753547162702,16:26:02.702,A/USDT:USDT,0.5746,72.0,0.5745,62.0,0.5747,253.0,0.5748,396.0
1753547163002,16:26:03.002,A/USDT:USDT,0.5746,72.0,0.5745,62.0,0.5747,253.0,0.5748,396.0
1753547163102,16:26:03.102,A/USDT:USDT,0.5746,7.0,0.5745,62.0,0.5747,299.0,0.5748,396.0
1753547163202,16:26:03.202,A/USDT:USDT,0.5746,7.0,0.5745,125.0,0.5747,299.0,0.5748,396.0
1753547164202,16:26:04.202,A/USDT:USDT,0.5745,46.0,0.5744,320.0,0.5746,262.0,0.5747,271.0
1753547164602,16:26:04.602,A/USDT:USDT,0.5745,46.0,0.5744,320.0,0.5746,262.0,0.5747,321.0
1753547164702,16:26:04.702,A/USDT:USDT,0.5745,46.0,0.5744,320.0,0.5746,262.0,0.5747,304.0
1753547166302,16:26:06.302,A/USDT:USDT,0.5744,75.0,0.5743,259.0,0.5745,265.0,0.5746,227.0
1753547166402,16:26:06.402,A/USDT:USDT,0.5744,75.0,0.5743,259.0,0.5745,265.0,0.5746,227.0
1753547166802,16:26:06.802,A/USDT:USDT,0.5744,75.0,0.5743,259.0,0.5745,265.0,0.5746,227.0
1753547168302,16:26:08.302,A/USDT:USDT,0.5744,75.0,0.5743,259.0,0.5745,321.0,0.5746,227.0
1753547168602,16:26:08.602,A/USDT:USDT,0.5744,75.0,0.5743,259.0,0.5745,321.0,0.5746,227.0
1753547169002,16:26:09.002,A/USDT:USDT,0.5744,75.0,0.5743,259.0,0.5745,322.0,0.5746,227.0
1753547169202,16:26:09.202,A/USDT:USDT,0.5744,75.0,0.5743,259.0,0.5745,322.0,0.5746,227.0
1753547169602,16:26:09.602,A/USDT:USDT,0.5744,75.0,0.5743,259.0,0.5745,321.0,0.5746,227.0
1753547169902,16:26:09.902,A/USDT:USDT,0.5744,75.0,0.5743,259.0,0.5745,266.0,0.5746,227.0
1753547170202,16:26:10.202,A/USDT:USDT,0.5744,75.0,0.5743,259.0,0.5745,58.0,0.5746,286.0
1753547170602,16:26:10.602,A/USDT:USDT,0.5744,75.0,0.5743,259.0,0.5745,166.0,0.5746,227.0
1753547171502,16:26:11.502,A/USDT:USDT,0.5744,75.0,0.5743,259.0,0.5745,120.0,0.5746,227.0
1753547172902,16:26:12.902,A/USDT:USDT,0.5744,75.0,0.5743,259.0,0.5745,176.0,0.5746,227.0
1753547174102,16:26:14.102,A/USDT:USDT,0.5744,151.0,0.5743,259.0,0.5745,68.0,0.5746,166.0
1753547174602,16:26:14.602,A/USDT:USDT,0.5744,75.0,0.5743,305.0,0.5745,68.0,0.5746,168.0
1753547174802,16:26:14.802,A/USDT:USDT,0.5744,75.0,0.5743,259.0,0.5745,127.0,0.5746,214.0
1753547175102,16:26:15.102,A/USDT:USDT,0.5744,75.0,0.5743,259.0,0.5745,127.0,0.5746,214.0
1753547175402,16:26:15.402,A/USDT:USDT,0.5744,75.0,0.5743,305.0,0.5745,68.0,0.5746,168.0
1753547177002,16:26:17.002,A/USDT:USDT,0.5744,75.0,0.5743,259.0,0.5745,136.0,0.5746,214.0
1753547177302,16:26:17.302,A/USDT:USDT,0.5744,75.0,0.5743,305.0,0.5745,136.0,0.5746,168.0
1753547177502,16:26:17.502,A/USDT:USDT,0.5744,75.0,0.5743,259.0,0.5745,68.0,0.5746,214.0
1753547178502,16:26:18.502,A/USDT:USDT,0.5744,75.0,0.5743,259.0,0.5745,114.0,0.5746,274.0
1753547179402,16:26:19.402,A/USDT:USDT,0.5744,75.0,0.5743,259.0,0.5745,133.0,0.5746,214.0
1753547182202,16:26:22.202,A/USDT:USDT,0.5744,75.0,0.5743,259.0,0.5745,180.0,0.5746,214.0
