timestamp,time,symbol,bid1_price,bid1_volume,bid2_price,bid2_volume,ask1_price,ask1_volume,ask2_price,ask2_volume
1753546956557,16:22:36.557,AEVO/USDT:USDT,0.1068,203.0,0.1058,30.0,0.1079,193.0,0.1083,27.0
1753546957416,16:22:37.416,AEVO/USDT:USDT,0.1068,203.0,0.1058,30.0,0.1079,193.0,0.1083,27.0
1753546957466,16:22:37.466,AEVO/USDT:USDT,0.1068,203.0,0.1058,30.0,0.1079,193.0,0.1083,27.0
1753546957998,16:22:37.998,AEVO/USDT:USDT,0.1068,203.0,0.1058,30.0,0.1079,332.0,0.1083,27.0
1753546958575,16:22:38.575,AEVO/USDT:USDT,0.1068,203.0,0.1058,30.0,0.1079,332.0,0.1083,27.0
1753546959806,16:22:39.806,AEVO/USDT:USDT,0.1068,203.0,0.1058,30.0,0.1079,332.0,0.1083,27.0
1753546959856,16:22:39.856,AEVO/USDT:USDT,0.1068,203.0,0.1058,30.0,0.1079,332.0,0.1083,27.0
1753546960985,16:22:40.985,AEVO/USDT:USDT,0.1068,203.0,0.1058,30.0,0.1079,332.0,0.1083,27.0
1753546961034,16:22:41.034,AEVO/USDT:USDT,0.1068,203.0,0.1058,30.0,0.1079,332.0,0.1083,27.0
1753546962339,16:22:42.339,AEVO/USDT:USDT,0.1068,203.0,0.1058,30.0,0.1079,332.0,0.1083,27.0
1753546962389,16:22:42.389,AEVO/USDT:USDT,0.1068,203.0,0.1058,30.0,0.1079,332.0,0.1083,27.0
1753546963270,16:22:43.270,AEVO/USDT:USDT,0.1068,203.0,0.1058,30.0,0.1079,332.0,0.1083,27.0
1753546964433,16:22:44.433,AEVO/USDT:USDT,0.1068,203.0,0.1058,30.0,0.1079,332.0,0.1083,27.0
1753546964483,16:22:44.483,AEVO/USDT:USDT,0.1068,203.0,0.1058,30.0,0.1079,332.0,0.1083,27.0
1753546965665,16:22:45.665,AEVO/USDT:USDT,0.1068,203.0,0.1058,30.0,0.1079,332.0,0.1083,27.0
1753546965714,16:22:45.714,AEVO/USDT:USDT,0.1068,203.0,0.1058,30.0,0.1079,332.0,0.1083,27.0
1753546966854,16:22:46.854,AEVO/USDT:USDT,0.1068,203.0,0.1058,30.0,0.1079,332.0,0.1083,27.0
1753546966903,16:22:46.903,AEVO/USDT:USDT,0.1068,203.0,0.1058,30.0,0.1079,332.0,0.1083,27.0
1753546968116,16:22:48.116,AEVO/USDT:USDT,0.1068,203.0,0.1058,30.0,0.1079,332.0,0.1083,27.0
1753546968166,16:22:48.166,AEVO/USDT:USDT,0.1068,203.0,0.1058,30.0,0.1079,332.0,0.1083,27.0
1753546970035,16:22:50.035,AEVO/USDT:USDT,0.1068,203.0,0.1058,30.0,0.1079,332.0,0.1083,27.0
1753546970085,16:22:50.085,AEVO/USDT:USDT,0.1068,203.0,0.1058,30.0,0.1079,332.0,0.1083,27.0
1753546971114,16:22:51.114,AEVO/USDT:USDT,0.1068,203.0,0.1058,30.0,0.1079,332.0,0.1083,27.0
1753546971163,16:22:51.163,AEVO/USDT:USDT,0.1068,203.0,0.1058,30.0,0.1079,332.0,0.1083,27.0
1753546972996,16:22:52.996,AEVO/USDT:USDT,0.1068,203.0,0.1058,30.0,0.1079,332.0,0.1083,27.0
1753546973045,16:22:53.045,AEVO/USDT:USDT,0.1068,203.0,0.1058,30.0,0.1079,332.0,0.1083,27.0
1753546974814,16:22:54.814,AEVO/USDT:USDT,0.1068,203.0,0.1058,30.0,0.1079,332.0,0.1083,27.0
1753546974864,16:22:54.864,AEVO/USDT:USDT,0.1068,203.0,0.1058,30.0,0.1079,332.0,0.1083,27.0
1753546975424,16:22:55.424,AEVO/USDT:USDT,0.1068,203.0,0.1058,30.0,0.1079,332.0,0.1083,27.0
1753546975486,16:22:55.486,AEVO/USDT:USDT,0.1068,203.0,0.1058,30.0,0.1079,332.0,0.1083,27.0
1753546976493,16:22:56.493,AEVO/USDT:USDT,0.1068,203.0,0.1058,30.0,0.1079,332.0,0.1083,27.0
1753546976555,16:22:56.555,AEVO/USDT:USDT,0.1068,203.0,0.1058,30.0,0.1079,332.0,0.1083,27.0
1753546979434,16:22:59.434,AEVO/USDT:USDT,0.1068,203.0,0.1058,30.0,0.1079,332.0,0.1083,27.0
1753546979483,16:22:59.483,AEVO/USDT:USDT,0.1068,203.0,0.1058,30.0,0.1079,332.0,0.1083,27.0
1753546979937,16:22:59.937,AEVO/USDT:USDT,0.1068,203.0,0.1058,30.0,0.1079,332.0,0.1083,27.0
1753546979986,16:22:59.986,AEVO/USDT:USDT,0.1068,203.0,0.1058,30.0,0.1079,332.0,0.1083,27.0
1753546980743,16:23:00.743,AEVO/USDT:USDT,0.1068,203.0,0.1058,30.0,0.1079,332.0,0.1083,27.0
1753546980793,16:23:00.793,AEVO/USDT:USDT,0.1068,203.0,0.1058,30.0,0.1079,332.0,0.1083,27.0
1753546981902,16:23:01.902,AEVO/USDT:USDT,0.1068,203.0,0.1058,30.0,0.1079,332.0,0.1083,27.0
1753546981983,16:23:01.983,AEVO/USDT:USDT,0.1068,203.0,0.1058,30.0,0.1079,332.0,0.1083,27.0
1753546983178,16:23:03.178,AEVO/USDT:USDT,0.1068,203.0,0.1058,30.0,0.1079,332.0,0.1083,27.0
1753546983255,16:23:03.255,AEVO/USDT:USDT,0.1068,203.0,0.1058,30.0,0.1079,332.0,0.1083,27.0
1753546984342,16:23:04.342,AEVO/USDT:USDT,0.1068,203.0,0.1058,30.0,0.1079,332.0,0.1083,27.0
1753546984391,16:23:04.391,AEVO/USDT:USDT,0.1068,203.0,0.1058,30.0,0.1079,332.0,0.1083,27.0
1753546985586,16:23:05.586,AEVO/USDT:USDT,0.1068,203.0,0.1058,30.0,0.1079,332.0,0.1083,27.0
1753546985636,16:23:05.636,AEVO/USDT:USDT,0.1068,203.0,0.1058,30.0,0.1079,332.0,0.1083,27.0
1753546986552,16:23:06.552,AEVO/USDT:USDT,0.1068,203.0,0.1058,30.0,0.1079,332.0,0.1083,27.0
1753546986602,16:23:06.602,AEVO/USDT:USDT,0.1068,203.0,0.1058,30.0,0.1079,332.0,0.1083,27.0
1753546987864,16:23:07.864,AEVO/USDT:USDT,0.1068,203.0,0.1058,30.0,0.1079,332.0,0.1083,27.0
1753546987913,16:23:07.913,AEVO/USDT:USDT,0.1068,203.0,0.1058,30.0,0.1079,332.0,0.1083,27.0
1753546988943,16:23:08.943,AEVO/USDT:USDT,0.1068,203.0,0.1058,30.0,0.1079,332.0,0.1083,27.0
1753546988993,16:23:08.993,AEVO/USDT:USDT,0.1068,203.0,0.1058,30.0,0.1079,332.0,0.1083,27.0
1753546990238,16:23:10.238,AEVO/USDT:USDT,0.1068,203.0,0.1058,30.0,0.1079,332.0,0.1083,27.0
1753546990295,16:23:10.295,AEVO/USDT:USDT,0.1068,203.0,0.1058,30.0,0.1079,332.0,0.1083,27.0
1753546991865,16:23:11.865,AEVO/USDT:USDT,0.1068,203.0,0.1058,30.0,0.1079,332.0,0.1083,27.0
1753546991944,16:23:11.944,AEVO/USDT:USDT,0.1068,203.0,0.1058,30.0,0.1079,332.0,0.1083,27.0
1753546993095,16:23:13.095,AEVO/USDT:USDT,0.1068,203.0,0.1058,30.0,0.1079,139.0,0.108,207.0
1753546993144,16:23:13.144,AEVO/USDT:USDT,0.1069,209.0,0.1058,30.0,0.1079,139.0,0.108,207.0
1753546994372,16:23:14.372,AEVO/USDT:USDT,0.1069,209.0,0.1058,30.0,0.1079,139.0,0.108,207.0
1753546994422,16:23:14.422,AEVO/USDT:USDT,0.1069,209.0,0.1058,30.0,0.1079,139.0,0.108,207.0
1753546995434,16:23:15.434,AEVO/USDT:USDT,0.1069,209.0,0.1058,493.0,0.1079,139.0,0.108,207.0
1753546995484,16:23:15.484,AEVO/USDT:USDT,0.1069,209.0,0.1058,493.0,0.1079,139.0,0.108,207.0
1753546996501,16:23:16.501,AEVO/USDT:USDT,0.1069,209.0,0.1058,493.0,0.1079,139.0,0.108,207.0
1753546996564,16:23:16.564,AEVO/USDT:USDT,0.1069,209.0,0.1058,493.0,0.1079,139.0,0.108,207.0
1753546997745,16:23:17.745,AEVO/USDT:USDT,0.1069,209.0,0.1058,493.0,0.1079,139.0,0.108,207.0
1753546997794,16:23:17.794,AEVO/USDT:USDT,0.1069,209.0,0.1058,493.0,0.1079,139.0,0.108,207.0
1753546998944,16:23:18.944,AEVO/USDT:USDT,0.1069,209.0,0.1058,493.0,0.1079,139.0,0.108,207.0
1753546998994,16:23:18.994,AEVO/USDT:USDT,0.1069,209.0,0.1058,493.0,0.1079,139.0,0.108,207.0
1753547000225,16:23:20.225,AEVO/USDT:USDT,0.1069,209.0,0.1058,493.0,0.1079,139.0,0.108,207.0
1753547000275,16:23:20.275,AEVO/USDT:USDT,0.1069,209.0,0.1058,493.0,0.1079,139.0,0.108,207.0
1753547001185,16:23:21.185,AEVO/USDT:USDT,0.1069,209.0,0.1058,493.0,0.1079,139.0,0.108,207.0
1753547001235,16:23:21.235,AEVO/USDT:USDT,0.1069,209.0,0.1058,493.0,0.1079,139.0,0.108,207.0
1753547002414,16:23:22.414,AEVO/USDT:USDT,0.1069,209.0,0.1058,493.0,0.1079,139.0,0.108,207.0
1753547002463,16:23:22.463,AEVO/USDT:USDT,0.1069,209.0,0.1058,493.0,0.1079,139.0,0.108,207.0
1753547002977,16:23:22.977,AEVO/USDT:USDT,0.1069,209.0,0.1058,493.0,0.108,207.0,0.1083,27.0
1753547003574,16:23:23.574,AEVO/USDT:USDT,0.1069,209.0,0.1058,493.0,0.108,207.0,0.1083,27.0
1753547003623,16:23:23.623,AEVO/USDT:USDT,0.1069,209.0,0.1058,493.0,0.108,207.0,0.1083,27.0
1753547005866,16:23:25.866,AEVO/USDT:USDT,0.1069,209.0,0.1058,493.0,0.108,207.0,0.1083,27.0
1753547005924,16:23:25.924,AEVO/USDT:USDT,0.1069,209.0,0.1058,493.0,0.108,207.0,0.1083,27.0
1753547006938,16:23:26.938,AEVO/USDT:USDT,0.1069,209.0,0.1058,493.0,0.108,207.0,0.1083,27.0
1753547007004,16:23:27.004,AEVO/USDT:USDT,0.1069,209.0,0.1058,493.0,0.108,207.0,0.1083,27.0
1753547008204,16:23:28.204,AEVO/USDT:USDT,0.1069,209.0,0.1058,493.0,0.108,207.0,0.1083,27.0
1753547008265,16:23:28.265,AEVO/USDT:USDT,0.1069,209.0,0.1058,493.0,0.108,207.0,0.1083,27.0
1753547009403,16:23:29.403,AEVO/USDT:USDT,0.1069,209.0,0.1058,493.0,0.108,207.0,0.1083,27.0
1753547009454,16:23:29.454,AEVO/USDT:USDT,0.1069,209.0,0.1058,493.0,0.108,207.0,0.1083,27.0
1753547010616,16:23:30.616,AEVO/USDT:USDT,0.1069,209.0,0.1058,476.0,0.108,207.0,0.1083,27.0
1753547011655,16:23:31.655,AEVO/USDT:USDT,0.1069,209.0,0.1058,476.0,0.108,207.0,0.1083,27.0
1753547011705,16:23:31.705,AEVO/USDT:USDT,0.1069,209.0,0.1058,476.0,0.108,207.0,0.1083,27.0
1753547012968,16:23:32.968,AEVO/USDT:USDT,0.1069,209.0,0.1058,476.0,0.108,345.0,0.1083,27.0
1753547013018,16:23:33.018,AEVO/USDT:USDT,0.1069,209.0,0.1058,476.0,0.108,345.0,0.1083,27.0
1753547014135,16:23:34.135,AEVO/USDT:USDT,0.1069,209.0,0.1058,476.0,0.108,345.0,0.1083,27.0
1753547014184,16:23:34.184,AEVO/USDT:USDT,0.1069,209.0,0.1058,476.0,0.108,345.0,0.1083,27.0
1753547015315,16:23:35.315,AEVO/USDT:USDT,0.1069,209.0,0.1058,476.0,0.108,345.0,0.1083,27.0
1753547016434,16:23:36.434,AEVO/USDT:USDT,0.1069,209.0,0.1058,476.0,0.108,345.0,0.1083,27.0
1753547016484,16:23:36.484,AEVO/USDT:USDT,0.1069,209.0,0.1058,476.0,0.108,345.0,0.1083,27.0
1753547017643,16:23:37.643,AEVO/USDT:USDT,0.1069,209.0,0.1058,476.0,0.108,345.0,0.1083,27.0
1753547017715,16:23:37.715,AEVO/USDT:USDT,0.1069,209.0,0.1058,476.0,0.108,345.0,0.1083,27.0
1753547018974,16:23:38.974,AEVO/USDT:USDT,0.1069,209.0,0.1058,476.0,0.108,345.0,0.1083,27.0
1753547019023,16:23:39.023,AEVO/USDT:USDT,0.1069,209.0,0.1058,476.0,0.108,345.0,0.1083,27.0
1753547019972,16:23:39.972,AEVO/USDT:USDT,0.1069,209.0,0.1058,476.0,0.108,345.0,0.1083,27.0
1753547020021,16:23:40.021,AEVO/USDT:USDT,0.1069,209.0,0.1058,476.0,0.108,345.0,0.1083,27.0
1753547021095,16:23:41.095,AEVO/USDT:USDT,0.1069,209.0,0.1058,476.0,0.108,345.0,0.1083,27.0
1753547021144,16:23:41.144,AEVO/USDT:USDT,0.1069,209.0,0.1058,476.0,0.108,345.0,0.1083,27.0
1753547022217,16:23:42.217,AEVO/USDT:USDT,0.1069,209.0,0.1058,476.0,0.108,345.0,0.1083,27.0
1753547022266,16:23:42.266,AEVO/USDT:USDT,0.1069,209.0,0.1058,476.0,0.108,345.0,0.1083,27.0
1753547023450,16:23:43.450,AEVO/USDT:USDT,0.1069,209.0,0.1058,476.0,0.108,345.0,0.1083,27.0
1753547023500,16:23:43.500,AEVO/USDT:USDT,0.1069,209.0,0.1058,476.0,0.108,345.0,0.1083,27.0
1753547024715,16:23:44.715,AEVO/USDT:USDT,0.1069,209.0,0.1058,476.0,0.108,345.0,0.1083,27.0
1753547024824,16:23:44.824,AEVO/USDT:USDT,0.1069,209.0,0.1058,476.0,0.108,345.0,0.1083,27.0
1753547025755,16:23:45.755,AEVO/USDT:USDT,0.1069,209.0,0.1058,476.0,0.108,345.0,0.1083,27.0
1753547027025,16:23:47.025,AEVO/USDT:USDT,0.1069,209.0,0.1058,476.0,0.108,345.0,0.1083,27.0
1753547027075,16:23:47.075,AEVO/USDT:USDT,0.1069,209.0,0.1058,476.0,0.108,345.0,0.1083,27.0
1753547028104,16:23:48.104,AEVO/USDT:USDT,0.1069,209.0,0.1058,476.0,0.108,345.0,0.1083,27.0
1753547028153,16:23:48.153,AEVO/USDT:USDT,0.1069,209.0,0.1058,476.0,0.108,345.0,0.1083,27.0
1753547029317,16:23:49.317,AEVO/USDT:USDT,0.1069,209.0,0.1058,476.0,0.108,345.0,0.1083,27.0
1753547029367,16:23:49.367,AEVO/USDT:USDT,0.1069,209.0,0.1058,476.0,0.108,345.0,0.1083,27.0
1753547031716,16:23:51.716,AEVO/USDT:USDT,0.1069,209.0,0.1058,476.0,0.108,345.0,0.1083,27.0
1753547032770,16:23:52.770,AEVO/USDT:USDT,0.1069,209.0,0.1058,476.0,0.108,345.0,0.1083,27.0
1753547033985,16:23:53.985,AEVO/USDT:USDT,0.1069,209.0,0.1058,476.0,0.108,345.0,0.1083,27.0
1753547034034,16:23:54.034,AEVO/USDT:USDT,0.1069,209.0,0.1058,476.0,0.108,345.0,0.1083,27.0
1753547035057,16:23:55.057,AEVO/USDT:USDT,0.1069,209.0,0.1058,476.0,0.108,345.0,0.1083,27.0
1753547035106,16:23:55.106,AEVO/USDT:USDT,0.1069,209.0,0.1058,476.0,0.108,345.0,0.1083,27.0
1753547036326,16:23:56.326,AEVO/USDT:USDT,0.1069,209.0,0.1058,476.0,0.108,345.0,0.1083,27.0
1753547036375,16:23:56.375,AEVO/USDT:USDT,0.1069,209.0,0.1058,476.0,0.108,345.0,0.1083,27.0
1753547037464,16:23:57.464,AEVO/USDT:USDT,0.1069,209.0,0.1058,476.0,0.108,345.0,0.1083,27.0
1753547037522,16:23:57.522,AEVO/USDT:USDT,0.1069,209.0,0.1058,476.0,0.108,345.0,0.1083,27.0
1753547038754,16:23:58.754,AEVO/USDT:USDT,0.1069,209.0,0.1058,476.0,0.108,345.0,0.1083,27.0
1753547038804,16:23:58.804,AEVO/USDT:USDT,0.1069,209.0,0.1058,476.0,0.108,345.0,0.1083,27.0
1753547039812,16:23:59.812,AEVO/USDT:USDT,0.1069,209.0,0.1058,476.0,0.108,345.0,0.1083,27.0
1753547039862,16:23:59.862,AEVO/USDT:USDT,0.1069,209.0,0.1058,476.0,0.108,345.0,0.1083,27.0
1753547040966,16:24:00.966,AEVO/USDT:USDT,0.1069,209.0,0.1058,476.0,0.108,345.0,0.1083,27.0
1753547041016,16:24:01.016,AEVO/USDT:USDT,0.1069,209.0,0.1058,483.0,0.108,345.0,0.1083,27.0
1753547042144,16:24:02.144,AEVO/USDT:USDT,0.1069,209.0,0.1058,483.0,0.108,345.0,0.1083,27.0
1753547042194,16:24:02.194,AEVO/USDT:USDT,0.1069,209.0,0.1058,483.0,0.108,345.0,0.1083,27.0
1753547043515,16:24:03.515,AEVO/USDT:USDT,0.1069,209.0,0.1058,483.0,0.108,345.0,0.1083,27.0
1753547043564,16:24:03.564,AEVO/USDT:USDT,0.1069,209.0,0.1058,483.0,0.108,345.0,0.1083,27.0
1753547044496,16:24:04.496,AEVO/USDT:USDT,0.1069,209.0,0.1058,483.0,0.108,345.0,0.1083,27.0
1753547044576,16:24:04.576,AEVO/USDT:USDT,0.1069,209.0,0.1058,483.0,0.108,345.0,0.1083,27.0
1753547045658,16:24:05.658,AEVO/USDT:USDT,0.1069,209.0,0.1058,483.0,0.108,345.0,0.1083,27.0
1753547045708,16:24:05.708,AEVO/USDT:USDT,0.1069,209.0,0.1058,483.0,0.108,345.0,0.1083,27.0
1753547046887,16:24:06.887,AEVO/USDT:USDT,0.1069,209.0,0.1058,483.0,0.108,345.0,0.1083,27.0
1753547046936,16:24:06.936,AEVO/USDT:USDT,0.1069,209.0,0.1058,483.0,0.108,345.0,0.1083,27.0
1753547048085,16:24:08.085,AEVO/USDT:USDT,0.1069,209.0,0.1058,483.0,0.108,345.0,0.1083,27.0
1753547048134,16:24:08.134,AEVO/USDT:USDT,0.1069,209.0,0.1058,483.0,0.108,345.0,0.1083,27.0
1753547049290,16:24:09.290,AEVO/USDT:USDT,0.1069,209.0,0.1058,483.0,0.108,345.0,0.1083,27.0
1753547049340,16:24:09.340,AEVO/USDT:USDT,0.1069,209.0,0.1058,483.0,0.108,345.0,0.1083,27.0
1753547050404,16:24:10.404,AEVO/USDT:USDT,0.1069,209.0,0.1058,483.0,0.108,345.0,0.1083,27.0
1753547051557,16:24:11.557,AEVO/USDT:USDT,0.1069,209.0,0.1058,483.0,0.108,345.0,0.1083,27.0
1753547051607,16:24:11.607,AEVO/USDT:USDT,0.1069,209.0,0.1058,483.0,0.108,345.0,0.1083,27.0
1753547052734,16:24:12.734,AEVO/USDT:USDT,0.1069,209.0,0.1058,483.0,0.108,345.0,0.1083,27.0
1753547052784,16:24:12.784,AEVO/USDT:USDT,0.1069,209.0,0.1058,483.0,0.108,345.0,0.1083,27.0
1753547053900,16:24:13.900,AEVO/USDT:USDT,0.1069,209.0,0.1058,483.0,0.108,345.0,0.1083,27.0
1753547053949,16:24:13.949,AEVO/USDT:USDT,0.1069,209.0,0.1058,483.0,0.108,345.0,0.1083,27.0
1753547055272,16:24:15.272,AEVO/USDT:USDT,0.1069,209.0,0.1058,483.0,0.108,345.0,0.1083,27.0
1753547055354,16:24:15.354,AEVO/USDT:USDT,0.1069,209.0,0.1058,483.0,0.108,345.0,0.1083,27.0
1753547056297,16:24:16.297,AEVO/USDT:USDT,0.1069,209.0,0.1058,483.0,0.108,345.0,0.1083,27.0
1753547057494,16:24:17.494,AEVO/USDT:USDT,0.1069,209.0,0.1058,475.0,0.108,345.0,0.1083,27.0
1753547057543,16:24:17.543,AEVO/USDT:USDT,0.1069,209.0,0.1058,475.0,0.108,345.0,0.1083,27.0
1753547058636,16:24:18.636,AEVO/USDT:USDT,0.1069,209.0,0.1058,475.0,0.108,345.0,0.1083,27.0
1753547059934,16:24:19.934,AEVO/USDT:USDT,0.1069,209.0,0.1058,475.0,0.108,345.0,0.1083,27.0
1753547061074,16:24:21.074,AEVO/USDT:USDT,0.1069,209.0,0.1058,475.0,0.108,345.0,0.1083,27.0
1753547061123,16:24:21.123,AEVO/USDT:USDT,0.1069,209.0,0.1058,475.0,0.108,345.0,0.1083,27.0
1753547062133,16:24:22.133,AEVO/USDT:USDT,0.1069,209.0,0.1058,475.0,0.108,345.0,0.1083,27.0
1753547062245,16:24:22.245,AEVO/USDT:USDT,0.1069,209.0,0.1058,475.0,0.108,345.0,0.1083,27.0
1753547063325,16:24:23.325,AEVO/USDT:USDT,0.1069,209.0,0.1058,475.0,0.108,345.0,0.1083,27.0
1753547063395,16:24:23.395,AEVO/USDT:USDT,0.1069,209.0,0.1058,475.0,0.108,345.0,0.1083,27.0
1753547064497,16:24:24.497,AEVO/USDT:USDT,0.1069,209.0,0.1058,475.0,0.108,345.0,0.1083,27.0
1753547064547,16:24:24.547,AEVO/USDT:USDT,0.1069,209.0,0.1058,475.0,0.108,345.0,0.1083,27.0
1753547065663,16:24:25.663,AEVO/USDT:USDT,0.1069,209.0,0.1058,475.0,0.108,345.0,0.1083,27.0
1753547065712,16:24:25.712,AEVO/USDT:USDT,0.1069,209.0,0.1058,475.0,0.108,345.0,0.1083,27.0
1753547066884,16:24:26.884,AEVO/USDT:USDT,0.1069,209.0,0.1058,475.0,0.108,345.0,0.1083,27.0
1753547066933,16:24:26.933,AEVO/USDT:USDT,0.1069,209.0,0.1058,475.0,0.108,345.0,0.1083,27.0
1753547068084,16:24:28.084,AEVO/USDT:USDT,0.1069,209.0,0.1058,475.0,0.108,345.0,0.1083,27.0
1753547068133,16:24:28.133,AEVO/USDT:USDT,0.1069,209.0,0.1058,475.0,0.108,345.0,0.1083,27.0
1753547069151,16:24:29.151,AEVO/USDT:USDT,0.1069,209.0,0.1058,475.0,0.108,345.0,0.1083,27.0
1753547069201,16:24:29.201,AEVO/USDT:USDT,0.1069,209.0,0.1058,475.0,0.108,345.0,0.1083,27.0
1753547070370,16:24:30.370,AEVO/USDT:USDT,0.1069,209.0,0.1058,475.0,0.108,345.0,0.1083,27.0
1753547070420,16:24:30.420,AEVO/USDT:USDT,0.1069,209.0,0.1058,475.0,0.108,345.0,0.1083,27.0
1753547071498,16:24:31.498,AEVO/USDT:USDT,0.1069,209.0,0.1058,474.0,0.108,345.0,0.1083,27.0
1753547071552,16:24:31.552,AEVO/USDT:USDT,0.1069,209.0,0.1058,474.0,0.108,345.0,0.1083,27.0
1753547074035,16:24:34.035,AEVO/USDT:USDT,0.107,198.0,0.1058,474.0,0.108,138.0,0.1081,201.0
1753547074084,16:24:34.084,AEVO/USDT:USDT,0.107,198.0,0.1058,474.0,0.108,138.0,0.1081,201.0
1753547075148,16:24:35.148,AEVO/USDT:USDT,0.107,198.0,0.1058,474.0,0.108,138.0,0.1081,201.0
1753547075197,16:24:35.197,AEVO/USDT:USDT,0.107,198.0,0.1058,474.0,0.108,138.0,0.1081,201.0
1753547076329,16:24:36.329,AEVO/USDT:USDT,0.107,198.0,0.1058,474.0,0.108,138.0,0.1081,201.0
1753547076378,16:24:36.378,AEVO/USDT:USDT,0.107,198.0,0.1058,474.0,0.108,138.0,0.1081,201.0
1753547077285,16:24:37.285,AEVO/USDT:USDT,0.107,198.0,0.1058,474.0,0.108,138.0,0.1081,201.0
1753547077335,16:24:37.335,AEVO/USDT:USDT,0.107,198.0,0.1058,474.0,0.108,138.0,0.1081,201.0
1753547078496,16:24:38.496,AEVO/USDT:USDT,0.107,198.0,0.1058,474.0,0.108,138.0,0.1081,201.0
1753547078545,16:24:38.545,AEVO/USDT:USDT,0.107,198.0,0.1058,474.0,0.108,138.0,0.1081,201.0
1753547080014,16:24:40.014,AEVO/USDT:USDT,0.107,198.0,0.1058,474.0,0.108,138.0,0.1081,201.0
1753547080986,16:24:40.986,AEVO/USDT:USDT,0.107,198.0,0.1058,474.0,0.108,138.0,0.1081,201.0
1753547082104,16:24:42.104,AEVO/USDT:USDT,0.107,198.0,0.1058,474.0,0.108,138.0,0.1081,201.0
1753547082153,16:24:42.153,AEVO/USDT:USDT,0.107,198.0,0.1058,474.0,0.108,138.0,0.1081,201.0
1753547083257,16:24:43.257,AEVO/USDT:USDT,0.107,198.0,0.1058,474.0,0.108,138.0,0.1081,201.0
1753547083306,16:24:43.306,AEVO/USDT:USDT,0.107,198.0,0.1058,474.0,0.108,138.0,0.1081,201.0
1753547084399,16:24:44.399,AEVO/USDT:USDT,0.107,198.0,0.1058,474.0,0.108,138.0,0.1081,201.0
1753547084464,16:24:44.464,AEVO/USDT:USDT,0.107,198.0,0.1058,474.0,0.108,138.0,0.1081,201.0
1753547085764,16:24:45.764,AEVO/USDT:USDT,0.107,198.0,0.1058,474.0,0.108,138.0,0.1081,201.0
1753547085846,16:24:45.846,AEVO/USDT:USDT,0.107,198.0,0.1058,474.0,0.108,138.0,0.1081,201.0
1753547086786,16:24:46.786,AEVO/USDT:USDT,0.107,198.0,0.1059,443.0,0.108,138.0,0.1081,201.0
1753547086836,16:24:46.836,AEVO/USDT:USDT,0.107,198.0,0.106,30.0,0.108,138.0,0.1081,201.0
1753547089159,16:24:49.159,AEVO/USDT:USDT,0.107,198.0,0.106,30.0,0.108,138.0,0.1081,201.0
1753547090294,16:24:50.294,AEVO/USDT:USDT,0.107,198.0,0.106,30.0,0.108,138.0,0.1081,201.0
1753547090343,16:24:50.343,AEVO/USDT:USDT,0.107,198.0,0.106,30.0,0.108,138.0,0.1081,201.0
1753547091570,16:24:51.570,AEVO/USDT:USDT,0.107,198.0,0.106,30.0,0.108,138.0,0.1081,201.0
1753547091620,16:24:51.620,AEVO/USDT:USDT,0.107,198.0,0.106,30.0,0.108,138.0,0.1081,201.0
1753547092714,16:24:52.714,AEVO/USDT:USDT,0.107,198.0,0.106,30.0,0.108,138.0,0.1081,201.0
1753547092764,16:24:52.764,AEVO/USDT:USDT,0.107,198.0,0.106,30.0,0.108,138.0,0.1081,201.0
1753547093784,16:24:53.784,AEVO/USDT:USDT,0.107,198.0,0.106,30.0,0.108,138.0,0.1081,201.0
1753547095018,16:24:55.018,AEVO/USDT:USDT,0.107,198.0,0.106,30.0,0.108,138.0,0.1081,201.0
1753547095068,16:24:55.068,AEVO/USDT:USDT,0.107,198.0,0.106,30.0,0.108,138.0,0.1081,201.0
1753547096185,16:24:56.185,AEVO/USDT:USDT,0.107,198.0,0.106,30.0,0.108,138.0,0.1081,201.0
1753547096235,16:24:56.235,AEVO/USDT:USDT,0.107,198.0,0.106,30.0,0.108,138.0,0.1081,201.0
1753547098535,16:24:58.535,AEVO/USDT:USDT,0.107,198.0,0.106,30.0,0.108,138.0,0.1081,201.0
1753547098612,16:24:58.612,AEVO/USDT:USDT,0.107,198.0,0.106,30.0,0.108,138.0,0.1081,201.0
1753547099654,16:24:59.654,AEVO/USDT:USDT,0.107,198.0,0.106,30.0,0.108,138.0,0.1081,201.0
1753547099714,16:24:59.714,AEVO/USDT:USDT,0.107,198.0,0.106,30.0,0.108,138.0,0.1081,201.0
1753547100941,16:25:00.941,AEVO/USDT:USDT,0.107,198.0,0.106,30.0,0.108,138.0,0.1081,201.0
1753547100991,16:25:00.991,AEVO/USDT:USDT,0.107,198.0,0.106,30.0,0.108,138.0,0.1081,201.0
1753547102058,16:25:02.058,AEVO/USDT:USDT,0.107,198.0,0.106,30.0,0.108,138.0,0.1081,201.0
1753547103175,16:25:03.175,AEVO/USDT:USDT,0.107,198.0,0.106,30.0,0.108,138.0,0.1081,201.0
1753547103225,16:25:03.225,AEVO/USDT:USDT,0.107,198.0,0.106,30.0,0.108,138.0,0.1081,201.0
1753547104625,16:25:04.625,AEVO/USDT:USDT,0.107,198.0,0.106,30.0,0.108,138.0,0.1081,201.0
1753547105636,16:25:05.636,AEVO/USDT:USDT,0.107,198.0,0.106,30.0,0.108,138.0,0.1081,201.0
1753547106877,16:25:06.877,AEVO/USDT:USDT,0.107,198.0,0.106,30.0,0.108,138.0,0.1081,201.0
1753547106926,16:25:06.926,AEVO/USDT:USDT,0.1069,207.0,0.106,30.0,0.108,335.0,0.1083,27.0
1753547107931,16:25:07.931,AEVO/USDT:USDT,0.1069,207.0,0.106,30.0,0.108,335.0,0.1083,27.0
1753547107995,16:25:07.995,AEVO/USDT:USDT,0.1069,207.0,0.106,30.0,0.108,335.0,0.1083,27.0
1753547109055,16:25:09.055,AEVO/USDT:USDT,0.1069,207.0,0.106,30.0,0.108,335.0,0.1083,27.0
1753547109104,16:25:09.104,AEVO/USDT:USDT,0.1069,207.0,0.106,30.0,0.108,335.0,0.1083,27.0
1753547110403,16:25:10.403,AEVO/USDT:USDT,0.1069,207.0,0.106,30.0,0.108,335.0,0.1083,27.0
1753547110492,16:25:10.492,AEVO/USDT:USDT,0.1069,207.0,0.106,30.0,0.108,335.0,0.1083,27.0
1753547111475,16:25:11.475,AEVO/USDT:USDT,0.1069,207.0,0.106,30.0,0.108,335.0,0.1083,27.0
1753547111529,16:25:11.529,AEVO/USDT:USDT,0.1069,207.0,0.106,30.0,0.108,335.0,0.1083,27.0
1753547112728,16:25:12.728,AEVO/USDT:USDT,0.1069,207.0,0.106,30.0,0.108,335.0,0.1083,27.0
1753547112805,16:25:12.805,AEVO/USDT:USDT,0.1069,207.0,0.106,30.0,0.108,335.0,0.1083,27.0
1753547113843,16:25:13.843,AEVO/USDT:USDT,0.1069,207.0,0.106,30.0,0.108,335.0,0.1083,27.0
1753547113893,16:25:13.893,AEVO/USDT:USDT,0.1069,207.0,0.106,30.0,0.108,335.0,0.1083,27.0
1753547114976,16:25:14.976,AEVO/USDT:USDT,0.1069,207.0,0.106,30.0,0.108,335.0,0.1083,27.0
1753547115025,16:25:15.025,AEVO/USDT:USDT,0.1069,207.0,0.106,30.0,0.108,335.0,0.1083,27.0
1753547116435,16:25:16.435,AEVO/USDT:USDT,0.1069,207.0,0.106,30.0,0.1079,195.0,0.108,138.0
1753547116485,16:25:16.485,AEVO/USDT:USDT,0.1068,205.0,0.106,30.0,0.1079,195.0,0.108,138.0
1753547117347,16:25:17.347,AEVO/USDT:USDT,0.1068,205.0,0.106,30.0,0.108,336.0,0.1083,27.0
1753547117397,16:25:17.397,AEVO/USDT:USDT,0.1069,202.0,0.106,30.0,0.108,336.0,0.1083,27.0
1753547118511,16:25:18.511,AEVO/USDT:USDT,0.1069,202.0,0.106,30.0,0.108,336.0,0.1083,27.0
1753547118561,16:25:18.561,AEVO/USDT:USDT,0.1069,202.0,0.106,30.0,0.108,336.0,0.1083,27.0
1753547119754,16:25:19.754,AEVO/USDT:USDT,0.1069,202.0,0.106,30.0,0.108,336.0,0.1083,27.0
1753547119803,16:25:19.803,AEVO/USDT:USDT,0.1069,202.0,0.106,30.0,0.108,336.0,0.1083,27.0
1753547120913,16:25:20.913,AEVO/USDT:USDT,0.1069,202.0,0.106,30.0,0.108,336.0,0.1083,27.0
1753547120962,16:25:20.962,AEVO/USDT:USDT,0.1069,202.0,0.106,30.0,0.108,336.0,0.1083,27.0
1753547122266,16:25:22.266,AEVO/USDT:USDT,0.1069,202.0,0.106,30.0,0.108,336.0,0.1083,27.0
1753547124113,16:25:24.113,AEVO/USDT:USDT,0.1069,202.0,0.106,30.0,0.108,336.0,0.1083,27.0
1753547124955,16:25:24.955,AEVO/USDT:USDT,0.1069,202.0,0.106,30.0,0.108,336.0,0.1083,27.0
1753547126236,16:25:26.236,AEVO/USDT:USDT,0.1069,202.0,0.106,30.0,0.108,336.0,0.1083,27.0
1753547126344,16:25:26.344,AEVO/USDT:USDT,0.1069,202.0,0.106,30.0,0.108,336.0,0.1083,27.0
1753547127363,16:25:27.363,AEVO/USDT:USDT,0.1069,202.0,0.106,30.0,0.108,336.0,0.1083,27.0
1753547127413,16:25:27.413,AEVO/USDT:USDT,0.1069,202.0,0.106,30.0,0.108,336.0,0.1083,27.0
1753547129223,16:25:29.223,AEVO/USDT:USDT,0.1069,202.0,0.106,30.0,0.108,336.0,0.1083,27.0
1753547129274,16:25:29.274,AEVO/USDT:USDT,0.1069,202.0,0.106,30.0,0.108,336.0,0.1083,27.0
1753547130231,16:25:30.231,AEVO/USDT:USDT,0.1069,202.0,0.106,30.0,0.108,336.0,0.1083,27.0
1753547130295,16:25:30.295,AEVO/USDT:USDT,0.1069,202.0,0.106,30.0,0.108,336.0,0.1083,27.0
1753547131383,16:25:31.383,AEVO/USDT:USDT,0.1069,202.0,0.106,30.0,0.108,336.0,0.1083,27.0
1753547131433,16:25:31.433,AEVO/USDT:USDT,0.1069,202.0,0.106,30.0,0.108,336.0,0.1083,27.0
1753547132305,16:25:32.305,AEVO/USDT:USDT,0.1069,202.0,0.106,30.0,0.108,336.0,0.1083,27.0
1753547132364,16:25:32.364,AEVO/USDT:USDT,0.1069,202.0,0.106,30.0,0.108,336.0,0.1083,27.0
1753547133535,16:25:33.535,AEVO/USDT:USDT,0.1069,202.0,0.106,30.0,0.108,336.0,0.1083,27.0
1753547133595,16:25:33.595,AEVO/USDT:USDT,0.1069,202.0,0.106,30.0,0.108,336.0,0.1083,27.0
1753547134704,16:25:34.704,AEVO/USDT:USDT,0.1069,202.0,0.106,30.0,0.108,336.0,0.1083,27.0
1753547134753,16:25:34.753,AEVO/USDT:USDT,0.1069,202.0,0.106,30.0,0.108,336.0,0.1083,27.0
1753547136007,16:25:36.007,AEVO/USDT:USDT,0.1069,202.0,0.106,30.0,0.108,336.0,0.1083,27.0
1753547136057,16:25:36.057,AEVO/USDT:USDT,0.1069,202.0,0.106,30.0,0.108,336.0,0.1083,27.0
1753547137054,16:25:37.054,AEVO/USDT:USDT,0.1069,202.0,0.106,30.0,0.1079,200.0,0.108,138.0
1753547137104,16:25:37.104,AEVO/USDT:USDT,0.1068,201.0,0.106,30.0,0.1079,200.0,0.108,138.0
1753547137153,16:25:37.153,AEVO/USDT:USDT,0.1068,201.0,0.106,30.0,0.1079,200.0,0.108,138.0
1753547138294,16:25:38.294,AEVO/USDT:USDT,0.1069,195.0,0.106,30.0,0.1079,200.0,0.108,138.0
1753547138344,16:25:38.344,AEVO/USDT:USDT,0.1069,195.0,0.106,30.0,0.108,330.0,0.1083,27.0
1753547139336,16:25:39.336,AEVO/USDT:USDT,0.1069,195.0,0.106,30.0,0.108,330.0,0.1083,27.0
1753547140579,16:25:40.579,AEVO/USDT:USDT,0.1068,206.0,0.106,30.0,0.108,330.0,0.1083,27.0
1753547140628,16:25:40.628,AEVO/USDT:USDT,0.1068,206.0,0.106,30.0,0.1079,198.0,0.108,138.0
1753547140677,16:25:40.677,AEVO/USDT:USDT,0.1068,206.0,0.106,30.0,0.1079,198.0,0.108,138.0
1753547141793,16:25:41.793,AEVO/USDT:USDT,0.1068,206.0,0.106,30.0,0.1079,198.0,0.108,138.0
1753547141846,16:25:41.846,AEVO/USDT:USDT,0.1068,206.0,0.106,30.0,0.1079,198.0,0.108,138.0
1753547142915,16:25:42.915,AEVO/USDT:USDT,0.1068,206.0,0.106,30.0,0.1079,198.0,0.108,138.0
1753547142974,16:25:42.974,AEVO/USDT:USDT,0.1068,206.0,0.106,30.0,0.1079,198.0,0.108,138.0
1753547144015,16:25:44.015,AEVO/USDT:USDT,0.1068,206.0,0.106,30.0,0.1079,198.0,0.108,138.0
1753547144065,16:25:44.065,AEVO/USDT:USDT,0.1068,206.0,0.106,30.0,0.1079,198.0,0.108,138.0
1753547145200,16:25:45.200,AEVO/USDT:USDT,0.1068,206.0,0.106,30.0,0.1079,198.0,0.108,138.0
1753547145250,16:25:45.250,AEVO/USDT:USDT,0.1068,206.0,0.106,30.0,0.1079,198.0,0.108,138.0
1753547146369,16:25:46.369,AEVO/USDT:USDT,0.1068,206.0,0.106,30.0,0.1079,198.0,0.108,138.0
1753547146418,16:25:46.418,AEVO/USDT:USDT,0.1068,206.0,0.106,30.0,0.1079,198.0,0.108,138.0
1753547147864,16:25:47.864,AEVO/USDT:USDT,0.1068,206.0,0.106,30.0,0.1079,198.0,0.108,138.0
1753547147913,16:25:47.913,AEVO/USDT:USDT,0.1068,206.0,0.106,30.0,0.1079,198.0,0.108,138.0
1753547148924,16:25:48.924,AEVO/USDT:USDT,0.1068,206.0,0.106,30.0,0.1079,198.0,0.108,138.0
1753547150015,16:25:50.015,AEVO/USDT:USDT,0.1068,206.0,0.106,30.0,0.1079,198.0,0.108,138.0
1753547150065,16:25:50.065,AEVO/USDT:USDT,0.1068,206.0,0.106,30.0,0.1079,198.0,0.108,138.0
1753547151046,16:25:51.046,AEVO/USDT:USDT,0.1068,206.0,0.106,30.0,0.1079,198.0,0.108,138.0
1753547151112,16:25:51.112,AEVO/USDT:USDT,0.1068,206.0,0.106,30.0,0.1079,198.0,0.108,138.0
1753547152338,16:25:52.338,AEVO/USDT:USDT,0.1068,206.0,0.106,30.0,0.1079,198.0,0.108,138.0
1753547152388,16:25:52.388,AEVO/USDT:USDT,0.1068,206.0,0.106,30.0,0.1079,198.0,0.108,138.0
1753547153904,16:25:53.904,AEVO/USDT:USDT,0.1068,206.0,0.106,30.0,0.1079,198.0,0.108,138.0
1753547153953,16:25:53.953,AEVO/USDT:USDT,0.1068,206.0,0.106,30.0,0.1079,198.0,0.108,138.0
1753547155073,16:25:55.073,AEVO/USDT:USDT,0.1068,206.0,0.106,30.0,0.1079,198.0,0.108,138.0
1753547155123,16:25:55.123,AEVO/USDT:USDT,0.1068,206.0,0.106,30.0,0.1079,198.0,0.108,138.0
1753547156361,16:25:56.361,AEVO/USDT:USDT,0.1068,206.0,0.106,30.0,0.1079,198.0,0.108,138.0
1753547156410,16:25:56.410,AEVO/USDT:USDT,0.1068,206.0,0.106,30.0,0.1079,198.0,0.108,138.0
1753547157414,16:25:57.414,AEVO/USDT:USDT,0.1068,206.0,0.106,30.0,0.1079,198.0,0.108,138.0
1753547157464,16:25:57.464,AEVO/USDT:USDT,0.1068,206.0,0.106,30.0,0.1079,198.0,0.108,138.0
1753547158588,16:25:58.588,AEVO/USDT:USDT,0.1068,206.0,0.106,30.0,0.1079,198.0,0.108,138.0
1753547158637,16:25:58.637,AEVO/USDT:USDT,0.1068,206.0,0.106,30.0,0.1079,198.0,0.108,138.0
1753547160165,16:26:00.165,AEVO/USDT:USDT,0.1068,206.0,0.106,30.0,0.1079,198.0,0.108,138.0
1753547160214,16:26:00.214,AEVO/USDT:USDT,0.1068,206.0,0.106,30.0,0.1079,198.0,0.108,138.0
1753547162126,16:26:02.126,AEVO/USDT:USDT,0.1068,206.0,0.106,30.0,0.1079,198.0,0.108,138.0
1753547162204,16:26:02.204,AEVO/USDT:USDT,0.1068,206.0,0.106,30.0,0.1079,198.0,0.108,138.0
1753547163084,16:26:03.084,AEVO/USDT:USDT,0.1068,206.0,0.106,30.0,0.1079,198.0,0.108,138.0
1753547163134,16:26:03.134,AEVO/USDT:USDT,0.1068,206.0,0.106,30.0,0.1079,198.0,0.108,138.0
1753547164214,16:26:04.214,AEVO/USDT:USDT,0.1068,206.0,0.106,30.0,0.1079,198.0,0.108,138.0
1753547164264,16:26:04.264,AEVO/USDT:USDT,0.1068,206.0,0.106,30.0,0.1079,198.0,0.108,138.0
1753547165466,16:26:05.466,AEVO/USDT:USDT,0.1068,206.0,0.106,30.0,0.1079,198.0,0.108,138.0
1753547165515,16:26:05.515,AEVO/USDT:USDT,0.1068,206.0,0.106,30.0,0.1079,198.0,0.108,138.0
1753547166547,16:26:06.547,AEVO/USDT:USDT,0.1068,206.0,0.106,30.0,0.1078,194.0,0.108,138.0
1753547166597,16:26:06.597,AEVO/USDT:USDT,0.1067,206.0,0.106,30.0,0.1078,194.0,0.108,138.0
1753547167663,16:26:07.663,AEVO/USDT:USDT,0.1067,206.0,0.106,30.0,0.1078,194.0,0.108,138.0
1753547167712,16:26:07.712,AEVO/USDT:USDT,0.1067,206.0,0.106,30.0,0.1078,194.0,0.108,138.0
1753547169003,16:26:09.003,AEVO/USDT:USDT,0.1067,206.0,0.106,30.0,0.1078,194.0,0.108,138.0
1753547169064,16:26:09.064,AEVO/USDT:USDT,0.1067,206.0,0.106,30.0,0.1078,194.0,0.108,138.0
1753547170016,16:26:10.016,AEVO/USDT:USDT,0.1067,206.0,0.106,30.0,0.1078,194.0,0.108,138.0
1753547170065,16:26:10.065,AEVO/USDT:USDT,0.1067,206.0,0.106,30.0,0.1078,194.0,0.108,138.0
1753547171299,16:26:11.299,AEVO/USDT:USDT,0.1068,207.0,0.106,30.0,0.1078,194.0,0.108,138.0
1753547171349,16:26:11.349,AEVO/USDT:USDT,0.1068,207.0,0.106,30.0,0.1079,195.0,0.108,138.0
1753547171398,16:26:11.398,AEVO/USDT:USDT,0.1068,207.0,0.106,30.0,0.1079,195.0,0.108,138.0
1753547172313,16:26:12.313,AEVO/USDT:USDT,0.1068,207.0,0.106,30.0,0.1078,192.0,0.108,138.0
1753547172363,16:26:12.363,AEVO/USDT:USDT,0.1067,194.0,0.106,30.0,0.1078,192.0,0.108,138.0
1753547172412,16:26:12.412,AEVO/USDT:USDT,0.1067,194.0,0.106,30.0,0.1078,192.0,0.108,138.0
1753547173596,16:26:13.596,AEVO/USDT:USDT,0.1067,194.0,0.106,30.0,0.1078,192.0,0.108,138.0
1753547173645,16:26:13.645,AEVO/USDT:USDT,0.1067,194.0,0.106,30.0,0.1078,192.0,0.108,138.0
1753547174935,16:26:14.935,AEVO/USDT:USDT,0.1067,194.0,0.106,30.0,0.1078,192.0,0.108,138.0
1753547174985,16:26:14.985,AEVO/USDT:USDT,0.1068,201.0,0.106,30.0,0.1079,200.0,0.108,138.0
1753547175932,16:26:15.932,AEVO/USDT:USDT,0.1068,201.0,0.106,30.0,0.1079,200.0,0.108,138.0
1753547175982,16:26:15.982,AEVO/USDT:USDT,0.1068,201.0,0.106,30.0,0.1079,200.0,0.108,138.0
1753547177127,16:26:17.127,AEVO/USDT:USDT,0.1068,201.0,0.106,30.0,0.1079,200.0,0.108,138.0
1753547180676,16:26:20.676,AEVO/USDT:USDT,0.1068,201.0,0.106,30.0,0.1079,200.0,0.108,138.0
1753547180726,16:26:20.726,AEVO/USDT:USDT,0.1068,201.0,0.106,30.0,0.1079,200.0,0.108,138.0
1753547181694,16:26:21.694,AEVO/USDT:USDT,0.1068,201.0,0.106,30.0,0.1079,200.0,0.108,138.0
1753547181764,16:26:21.764,AEVO/USDT:USDT,0.1068,201.0,0.106,30.0,0.1079,200.0,0.108,138.0
