timestamp,time,symbol,bid1_price,bid1_volume,bid2_price,bid2_volume,ask1_price,ask1_volume,ask2_price,ask2_volume
1753546948373,16:22:28.373,ACH/USDT:USDT,0.022964,2140.0,0.022962,360.0,0.022965,240.0,0.022966,20.0
1753546948473,16:22:28.473,ACH/USDT:USDT,0.022964,2140.0,0.022962,360.0,0.022965,240.0,0.022966,20.0
1753546948775,16:22:28.775,ACH/USDT:USDT,0.022964,2140.0,0.022962,360.0,0.022965,240.0,0.022966,20.0
1753546951075,16:22:31.075,ACH/USDT:USDT,0.022964,1650.0,0.022962,360.0,0.022965,240.0,0.022966,20.0
1753546953874,16:22:33.874,ACH/USDT:USDT,0.022964,4540.0,0.022962,360.0,0.022965,240.0,0.022966,20.0
1753546954573,16:22:34.573,ACH/USDT:USDT,0.022974,1190.0,0.022972,360.0,0.022975,240.0,0.02298,240.0
1753546954775,16:22:34.775,ACH/USDT:USDT,0.022974,1190.0,0.022972,360.0,0.022975,240.0,0.02298,240.0
1753546954875,16:22:34.875,ACH/USDT:USDT,0.022974,1190.0,0.022972,360.0,0.022975,240.0,0.02298,240.0
1753546955074,16:22:35.074,ACH/USDT:USDT,0.022974,1190.0,0.022972,360.0,0.022975,240.0,0.02298,240.0
1753546955175,16:22:35.175,ACH/USDT:USDT,0.022974,1190.0,0.022972,360.0,0.022975,240.0,0.02298,240.0
1753546955273,16:22:35.273,ACH/USDT:USDT,0.022974,1190.0,0.022972,360.0,0.022975,240.0,0.02298,240.0
1753546955375,16:22:35.375,ACH/USDT:USDT,0.022974,1190.0,0.022972,360.0,0.022975,240.0,0.02298,240.0
1753546955475,16:22:35.475,ACH/USDT:USDT,0.022974,1190.0,0.022972,360.0,0.022975,240.0,0.02298,240.0
1753546955676,16:22:35.676,ACH/USDT:USDT,0.022979,1650.0,0.022977,360.0,0.02298,240.0,0.022982,10.0
1753546955776,16:22:35.776,ACH/USDT:USDT,0.022979,1650.0,0.022977,360.0,0.02298,240.0,0.022982,10.0
1753546955874,16:22:35.874,ACH/USDT:USDT,0.022979,1650.0,0.022977,360.0,0.02298,240.0,0.022982,10.0
1753546956075,16:22:36.075,ACH/USDT:USDT,0.022979,1650.0,0.022977,360.0,0.02298,240.0,0.022982,10.0
1753546956175,16:22:36.175,ACH/USDT:USDT,0.022979,2140.0,0.022977,360.0,0.02298,240.0,0.022982,10.0
1753546956275,16:22:36.275,ACH/USDT:USDT,0.022979,2140.0,0.022977,360.0,0.02298,240.0,0.022982,10.0
1753546956375,16:22:36.375,ACH/USDT:USDT,0.022979,2140.0,0.022977,360.0,0.02298,240.0,0.022982,10.0
1753546956473,16:22:36.473,ACH/USDT:USDT,0.022979,2140.0,0.022977,360.0,0.02298,240.0,0.022982,10.0
1753546957074,16:22:37.074,ACH/USDT:USDT,0.022979,2140.0,0.022977,360.0,0.02298,240.0,0.022982,10.0
1753546957175,16:22:37.175,ACH/USDT:USDT,0.022979,2140.0,0.022977,360.0,0.02298,240.0,0.022982,10.0
1753546957273,16:22:37.273,ACH/USDT:USDT,0.022979,2140.0,0.022977,360.0,0.02298,240.0,0.022982,10.0
1753546957373,16:22:37.373,ACH/USDT:USDT,0.022979,2140.0,0.022977,360.0,0.02298,240.0,0.022982,10.0
1753546957574,16:22:37.574,ACH/USDT:USDT,0.022979,2140.0,0.022977,360.0,0.02298,240.0,0.022982,10.0
1753546957873,16:22:37.873,ACH/USDT:USDT,0.022979,2140.0,0.022977,360.0,0.02298,240.0,0.022982,10.0
1753546957974,16:22:37.974,ACH/USDT:USDT,0.022979,2140.0,0.022977,360.0,0.02298,240.0,0.022982,10.0
1753546958074,16:22:38.074,ACH/USDT:USDT,0.022979,2140.0,0.022977,360.0,0.02298,240.0,0.022982,10.0
1753546958176,16:22:38.176,ACH/USDT:USDT,0.022979,1650.0,0.022977,360.0,0.02298,240.0,0.022982,10.0
1753546958275,16:22:38.275,ACH/USDT:USDT,0.022979,1650.0,0.022977,360.0,0.02298,240.0,0.022982,10.0
1753546958574,16:22:38.574,ACH/USDT:USDT,0.022979,1650.0,0.022977,360.0,0.02298,240.0,0.022982,10.0
1753546958673,16:22:38.673,ACH/USDT:USDT,0.022979,1650.0,0.022977,360.0,0.02298,240.0,0.022982,10.0
1753546959173,16:22:39.173,ACH/USDT:USDT,0.022979,1650.0,0.022977,360.0,0.02298,240.0,0.022982,10.0
1753546959273,16:22:39.273,ACH/USDT:USDT,0.022979,1650.0,0.022977,360.0,0.02298,240.0,0.022982,10.0
1753546959874,16:22:39.874,ACH/USDT:USDT,0.022979,1650.0,0.022977,360.0,0.02298,240.0,0.022982,10.0
1753546959973,16:22:39.973,ACH/USDT:USDT,0.022979,1650.0,0.022977,360.0,0.02298,240.0,0.022982,10.0
1753546960074,16:22:40.074,ACH/USDT:USDT,0.022979,1650.0,0.022977,360.0,0.02298,240.0,0.022982,10.0
1753546960175,16:22:40.175,ACH/USDT:USDT,0.022979,1650.0,0.022977,360.0,0.02298,240.0,0.022982,10.0
1753546960274,16:22:40.274,ACH/USDT:USDT,0.022979,1650.0,0.022977,360.0,0.02298,240.0,0.022982,10.0
1753546960373,16:22:40.373,ACH/USDT:USDT,0.022979,1650.0,0.022977,360.0,0.02298,240.0,0.022982,10.0
1753546960473,16:22:40.473,ACH/USDT:USDT,0.022979,1650.0,0.022977,360.0,0.02298,240.0,0.022982,10.0
1753546960574,16:22:40.574,ACH/USDT:USDT,0.022974,460.0,0.02297,360.0,0.022979,1180.0,0.02298,240.0
1753546960674,16:22:40.674,ACH/USDT:USDT,0.022975,1190.0,0.022974,460.0,0.022979,1180.0,0.02298,240.0
1753546960873,16:22:40.873,ACH/USDT:USDT,0.022976,1190.0,0.022975,1190.0,0.022979,1180.0,0.02298,240.0
1753546960974,16:22:40.974,ACH/USDT:USDT,0.022977,1190.0,0.022976,1190.0,0.02298,240.0,0.022982,10.0
1753546961073,16:22:41.073,ACH/USDT:USDT,0.022978,1190.0,0.022977,1190.0,0.02298,240.0,0.022982,10.0
1753546961174,16:22:41.174,ACH/USDT:USDT,0.022978,1190.0,0.022974,460.0,0.02298,240.0,0.022982,10.0
1753546961275,16:22:41.275,ACH/USDT:USDT,0.022979,1190.0,0.022976,460.0,0.02298,240.0,0.022982,10.0
1753546962174,16:22:42.174,ACH/USDT:USDT,0.022979,1190.0,0.022976,460.0,0.02298,240.0,0.022982,10.0
1753546962275,16:22:42.275,ACH/USDT:USDT,0.022979,1190.0,0.022976,460.0,0.02298,240.0,0.022982,10.0
1753546962675,16:22:42.675,ACH/USDT:USDT,0.022979,1190.0,0.022976,460.0,0.02298,340.0,0.022982,10.0
1753546962773,16:22:42.773,ACH/USDT:USDT,0.022979,1190.0,0.022976,460.0,0.02298,340.0,0.022982,10.0
1753546962873,16:22:42.873,ACH/USDT:USDT,0.022979,1190.0,0.022976,460.0,0.02298,340.0,0.022982,10.0
1753546962975,16:22:42.975,ACH/USDT:USDT,0.022979,1190.0,0.022976,460.0,0.02298,340.0,0.022982,10.0
1753546963174,16:22:43.174,ACH/USDT:USDT,0.022979,1190.0,0.022976,460.0,0.02298,340.0,0.022982,10.0
1753546963274,16:22:43.274,ACH/USDT:USDT,0.022979,1190.0,0.022976,460.0,0.02298,340.0,0.022982,10.0
1753546963574,16:22:43.574,ACH/USDT:USDT,0.022979,1190.0,0.022976,460.0,0.02298,340.0,0.022982,10.0
1753546963676,16:22:43.676,ACH/USDT:USDT,0.022979,1190.0,0.022976,460.0,0.02298,340.0,0.022982,10.0
1753546963774,16:22:43.774,ACH/USDT:USDT,0.022979,1190.0,0.022974,460.0,0.02298,340.0,0.022982,370.0
1753546963874,16:22:43.874,ACH/USDT:USDT,0.022979,1190.0,0.022974,460.0,0.02298,340.0,0.022982,370.0
1753546964073,16:22:44.073,ACH/USDT:USDT,0.022979,1190.0,0.022974,460.0,0.02298,340.0,0.022982,370.0
1753546964275,16:22:44.275,ACH/USDT:USDT,0.022979,1190.0,0.022974,460.0,0.02298,340.0,0.022982,370.0
1753546964373,16:22:44.373,ACH/USDT:USDT,0.022979,1190.0,0.022974,460.0,0.02298,340.0,0.022982,10.0
1753546964475,16:22:44.475,ACH/USDT:USDT,0.022979,1190.0,0.022974,460.0,0.02298,340.0,0.022982,10.0
1753546964573,16:22:44.573,ACH/USDT:USDT,0.022979,1190.0,0.022974,460.0,0.02298,340.0,0.022982,10.0
1753546964773,16:22:44.773,ACH/USDT:USDT,0.022979,1190.0,0.022974,460.0,0.02298,340.0,0.022982,10.0
1753546965874,16:22:45.874,ACH/USDT:USDT,0.022979,1190.0,0.022974,460.0,0.02298,340.0,0.022982,10.0
1753546966174,16:22:46.174,ACH/USDT:USDT,0.022979,1190.0,0.022974,460.0,0.02298,340.0,0.022982,10.0
1753546966774,16:22:46.774,ACH/USDT:USDT,0.022979,1190.0,0.022974,460.0,0.02298,460.0,0.022982,10.0
1753546966873,16:22:46.873,ACH/USDT:USDT,0.022979,1190.0,0.022974,460.0,0.02298,460.0,0.022982,10.0
1753546967715,16:22:47.715,ACH/USDT:USDT,0.022979,1190.0,0.022974,460.0,0.02298,460.0,0.022982,10.0
1753546967773,16:22:47.773,ACH/USDT:USDT,0.022979,1190.0,0.022974,460.0,0.02298,460.0,0.022982,10.0
1753546968074,16:22:48.074,ACH/USDT:USDT,0.022974,460.0,0.022972,360.0,0.02298,1580.0,0.022982,370.0
1753546968176,16:22:48.176,ACH/USDT:USDT,0.022975,1190.0,0.022972,360.0,0.022979,1180.0,0.02298,460.0
1753546968276,16:22:48.276,ACH/USDT:USDT,0.022976,1190.0,0.022972,360.0,0.022979,1180.0,0.02298,460.0
1753546968374,16:22:48.374,ACH/USDT:USDT,0.022976,1190.0,0.022972,360.0,0.022979,1180.0,0.02298,460.0
1753546968474,16:22:48.474,ACH/USDT:USDT,0.022976,1190.0,0.022972,360.0,0.022979,1180.0,0.02298,460.0
1753546968575,16:22:48.575,ACH/USDT:USDT,0.022976,1190.0,0.022972,360.0,0.022979,1180.0,0.02298,460.0
1753546968674,16:22:48.674,ACH/USDT:USDT,0.022976,1190.0,0.022972,360.0,0.022979,1180.0,0.02298,460.0
1753546968775,16:22:48.775,ACH/USDT:USDT,0.022976,1190.0,0.022972,360.0,0.022979,1180.0,0.02298,460.0
1753546970175,16:22:50.175,ACH/USDT:USDT,0.022976,1190.0,0.022972,360.0,0.022978,1180.0,0.02298,460.0
1753546970273,16:22:50.273,ACH/USDT:USDT,0.022976,1190.0,0.022972,360.0,0.022978,1180.0,0.02298,460.0
1753546970373,16:22:50.373,ACH/USDT:USDT,0.022976,1190.0,0.022972,360.0,0.022978,1180.0,0.02298,460.0
1753546970573,16:22:50.573,ACH/USDT:USDT,0.022976,1190.0,0.022972,360.0,0.022978,1180.0,0.02298,460.0
1753546970677,16:22:50.677,ACH/USDT:USDT,0.022976,1190.0,0.022972,360.0,0.022978,1180.0,0.02298,460.0
1753546971174,16:22:51.174,ACH/USDT:USDT,0.022976,1190.0,0.022972,360.0,0.022978,1180.0,0.02298,460.0
1753546971682,16:22:51.682,ACH/USDT:USDT,0.022976,1190.0,0.022972,360.0,0.022978,1180.0,0.02298,460.0
1753546972273,16:22:52.273,ACH/USDT:USDT,0.022976,1190.0,0.022972,360.0,0.022978,1180.0,0.02298,460.0
1753546972374,16:22:52.374,ACH/USDT:USDT,0.022976,1190.0,0.022972,360.0,0.022978,1180.0,0.02298,460.0
1753546972474,16:22:52.474,ACH/USDT:USDT,0.022977,1190.0,0.022974,460.0,0.02298,460.0,0.022982,10.0
1753546972574,16:22:52.574,ACH/USDT:USDT,0.022978,1190.0,0.022974,460.0,0.02298,460.0,0.022982,10.0
1753546972774,16:22:52.774,ACH/USDT:USDT,0.022978,1190.0,0.022974,460.0,0.02298,460.0,0.022982,10.0
1753546973174,16:22:53.174,ACH/USDT:USDT,0.022978,1190.0,0.022974,460.0,0.02298,460.0,0.022982,10.0
1753546973274,16:22:53.274,ACH/USDT:USDT,0.022978,1190.0,0.022974,460.0,0.02298,460.0,0.022982,10.0
1753546973473,16:22:53.473,ACH/USDT:USDT,0.022978,1190.0,0.022974,460.0,0.02298,460.0,0.022982,10.0
1753546973575,16:22:53.575,ACH/USDT:USDT,0.022978,1190.0,0.022974,460.0,0.02298,460.0,0.022982,10.0
1753546974273,16:22:54.273,ACH/USDT:USDT,0.022978,1190.0,0.022974,460.0,0.02298,460.0,0.022982,10.0
1753546974675,16:22:54.675,ACH/USDT:USDT,0.022978,1190.0,0.022974,460.0,0.02298,460.0,0.022982,10.0
1753546974775,16:22:54.775,ACH/USDT:USDT,0.022978,1190.0,0.022974,460.0,0.02298,460.0,0.022982,10.0
1753546975275,16:22:55.275,ACH/USDT:USDT,0.022978,1190.0,0.022974,460.0,0.02298,460.0,0.022982,10.0
1753546975575,16:22:55.575,ACH/USDT:USDT,0.022978,1190.0,0.022974,460.0,0.02298,460.0,0.022982,10.0
1753546977175,16:22:57.175,ACH/USDT:USDT,0.022978,1190.0,0.022974,460.0,0.02298,460.0,0.022982,10.0
1753546977276,16:22:57.276,ACH/USDT:USDT,0.022978,1190.0,0.022974,460.0,0.02298,460.0,0.022982,10.0
1753546977375,16:22:57.375,ACH/USDT:USDT,0.022978,1190.0,0.022974,460.0,0.02298,460.0,0.022982,10.0
1753546978374,16:22:58.374,ACH/USDT:USDT,0.022978,1190.0,0.022974,460.0,0.02298,460.0,0.022982,10.0
1753546978475,16:22:58.475,ACH/USDT:USDT,0.022978,1190.0,0.022974,460.0,0.02298,460.0,0.022982,10.0
1753546979274,16:22:59.274,ACH/USDT:USDT,0.022978,1190.0,0.022974,460.0,0.02298,460.0,0.022982,10.0
1753546979375,16:22:59.375,ACH/USDT:USDT,0.022978,1190.0,0.022974,460.0,0.02298,460.0,0.022982,10.0
1753546979575,16:22:59.575,ACH/USDT:USDT,0.022979,2830.0,0.022976,460.0,0.02298,460.0,0.022982,10.0
1753546979681,16:22:59.681,ACH/USDT:USDT,0.022979,2830.0,0.022976,460.0,0.02298,460.0,0.022982,10.0
1753546979775,16:22:59.775,ACH/USDT:USDT,0.022981,2370.0,0.022979,2830.0,0.022982,10.0,0.022983,120.0
1753546979875,16:22:59.875,ACH/USDT:USDT,0.022981,2370.0,0.022979,460.0,0.022982,10.0,0.022983,120.0
1753546979973,16:22:59.973,ACH/USDT:USDT,0.022981,2370.0,0.022979,460.0,0.022982,10.0,0.022983,120.0
1753546980074,16:23:00.074,ACH/USDT:USDT,0.022981,2370.0,0.022979,460.0,0.022982,10.0,0.022983,120.0
1753546980273,16:23:00.273,ACH/USDT:USDT,0.022981,1190.0,0.022979,460.0,0.022982,10.0,0.022983,120.0
1753546980373,16:23:00.373,ACH/USDT:USDT,0.022981,1190.0,0.022979,460.0,0.022982,10.0,0.022983,120.0
1753546980476,16:23:00.476,ACH/USDT:USDT,0.022981,1190.0,0.022979,460.0,0.022982,10.0,0.022983,120.0
1753546980574,16:23:00.574,ACH/USDT:USDT,0.022981,1190.0,0.022979,460.0,0.022982,10.0,0.022983,120.0
1753546980674,16:23:00.674,ACH/USDT:USDT,0.022981,1190.0,0.022979,460.0,0.022982,10.0,0.022983,120.0
1753546980773,16:23:00.773,ACH/USDT:USDT,0.022981,1190.0,0.022979,460.0,0.022982,10.0,0.022983,120.0
1753546980873,16:23:00.873,ACH/USDT:USDT,0.022981,1190.0,0.022979,460.0,0.022982,10.0,0.022983,120.0
1753546981073,16:23:01.073,ACH/USDT:USDT,0.022981,1190.0,0.022979,460.0,0.022982,10.0,0.022983,120.0
1753546981175,16:23:01.175,ACH/USDT:USDT,0.022981,1190.0,0.022979,460.0,0.022982,10.0,0.022983,120.0
1753546981373,16:23:01.373,ACH/USDT:USDT,0.022981,1190.0,0.022979,460.0,0.022982,10.0,0.022983,120.0
1753546981475,16:23:01.475,ACH/USDT:USDT,0.022981,1190.0,0.022979,460.0,0.022982,10.0,0.022983,120.0
1753546981677,16:23:01.677,ACH/USDT:USDT,0.022981,1190.0,0.022979,460.0,0.022982,10.0,0.022983,120.0
1753546981874,16:23:01.874,ACH/USDT:USDT,0.022981,1190.0,0.022979,460.0,0.022982,10.0,0.022983,120.0
1753546981973,16:23:01.973,ACH/USDT:USDT,0.022981,1190.0,0.022979,460.0,0.022982,10.0,0.022983,120.0
1753546982074,16:23:02.074,ACH/USDT:USDT,0.022972,360.0,0.022971,300.0,0.022982,10.0,0.022983,120.0
1753546982175,16:23:02.175,ACH/USDT:USDT,0.022968,360.0,0.022966,360.0,0.022975,360.0,0.022977,360.0
1753546982374,16:23:02.374,ACH/USDT:USDT,0.022967,1190.0,0.022966,360.0,0.022974,1180.0,0.022975,360.0
1753546982474,16:23:02.474,ACH/USDT:USDT,0.022967,1190.0,0.022966,360.0,0.022973,1180.0,0.022974,1180.0
1753546982574,16:23:02.574,ACH/USDT:USDT,0.022968,1190.0,0.022966,360.0,0.022974,1180.0,0.022975,360.0
1753546982677,16:23:02.677,ACH/USDT:USDT,0.022969,1190.0,0.022966,360.0,0.022973,1180.0,0.022974,1180.0
1753546982773,16:23:02.773,ACH/USDT:USDT,0.022969,1190.0,0.022966,360.0,0.022973,1180.0,0.022975,360.0
1753546982874,16:23:02.874,ACH/USDT:USDT,0.02297,1190.0,0.022966,360.0,0.022973,1180.0,0.022975,360.0
1753546982974,16:23:02.974,ACH/USDT:USDT,0.022971,1190.0,0.022968,360.0,0.022975,360.0,0.022977,360.0
1753546983073,16:23:03.073,ACH/USDT:USDT,0.022973,1180.0,0.02297,460.0,0.022977,360.0,0.022979,360.0
1753546983177,16:23:03.177,ACH/USDT:USDT,0.022973,1180.0,0.02297,460.0,0.022977,360.0,0.022979,360.0
1753546983475,16:23:03.475,ACH/USDT:USDT,0.022974,1190.0,0.02297,460.0,0.022977,360.0,0.022979,360.0
1753546983681,16:23:03.681,ACH/USDT:USDT,0.022974,1190.0,0.02297,460.0,0.022977,360.0,0.022979,360.0
1753546983973,16:23:03.973,ACH/USDT:USDT,0.022974,1190.0,0.02297,460.0,0.022977,360.0,0.022979,360.0
1753546984176,16:23:04.176,ACH/USDT:USDT,0.022974,1190.0,0.02297,460.0,0.022977,360.0,0.022979,360.0
1753546984274,16:23:04.274,ACH/USDT:USDT,0.022974,1190.0,0.02297,460.0,0.022977,360.0,0.022979,360.0
1753546984473,16:23:04.473,ACH/USDT:USDT,0.022975,1190.0,0.022974,1190.0,0.022977,360.0,0.022979,360.0
1753546984574,16:23:04.574,ACH/USDT:USDT,0.022975,1190.0,0.02297,460.0,0.022977,360.0,0.022979,360.0
1753546984874,16:23:04.874,ACH/USDT:USDT,0.022975,1190.0,0.02297,460.0,0.022977,360.0,0.022979,360.0
1753546985076,16:23:05.076,ACH/USDT:USDT,0.022975,1190.0,0.022974,220.0,0.022977,360.0,0.022979,360.0
1753546985273,16:23:05.273,ACH/USDT:USDT,0.022975,1190.0,0.022974,220.0,0.022977,360.0,0.022979,360.0
1753546985575,16:23:05.575,ACH/USDT:USDT,0.022976,1170.0,0.022975,1190.0,0.022979,360.0,0.022981,360.0
1753546985676,16:23:05.676,ACH/USDT:USDT,0.022977,1190.0,0.022976,1170.0,0.022979,360.0,0.022981,360.0
1753546986073,16:23:06.073,ACH/USDT:USDT,0.022977,1190.0,0.022976,1170.0,0.022979,360.0,0.022981,360.0
1753546986175,16:23:06.175,ACH/USDT:USDT,0.022981,460.0,0.022978,2830.0,0.022982,10.0,0.022983,120.0
1753546986274,16:23:06.274,ACH/USDT:USDT,0.022981,1580.0,0.022978,460.0,0.022982,10.0,0.022983,120.0
1753546986375,16:23:06.375,ACH/USDT:USDT,0.022981,1580.0,0.022978,460.0,0.022982,10.0,0.022983,120.0
1753546986473,16:23:06.473,ACH/USDT:USDT,0.022981,1580.0,0.022978,460.0,0.022982,10.0,0.022983,120.0
1753546986573,16:23:06.573,ACH/USDT:USDT,0.022981,1580.0,0.022978,460.0,0.022982,10.0,0.022983,120.0
1753546986676,16:23:06.676,ACH/USDT:USDT,0.022981,1580.0,0.022978,460.0,0.022982,10.0,0.022983,120.0
1753546986874,16:23:06.874,ACH/USDT:USDT,0.022981,1580.0,0.022978,460.0,0.022982,10.0,0.022983,120.0
1753546987176,16:23:07.176,ACH/USDT:USDT,0.022991,2830.0,0.022989,360.0,0.022992,450.0,0.022995,240.0
1753546987276,16:23:07.276,ACH/USDT:USDT,0.022991,2830.0,0.02299,310.0,0.022992,450.0,0.022995,240.0
1753546987373,16:23:07.373,ACH/USDT:USDT,0.022991,2830.0,0.02299,310.0,0.022992,450.0,0.022995,240.0
1753546987474,16:23:07.474,ACH/USDT:USDT,0.022991,2830.0,0.022989,360.0,0.022992,450.0,0.022995,240.0
1753546987575,16:23:07.575,ACH/USDT:USDT,0.022991,2830.0,0.022989,360.0,0.022992,450.0,0.022995,240.0
1753546987674,16:23:07.674,ACH/USDT:USDT,0.022994,1650.0,0.022991,460.0,0.022995,240.0,0.022998,20.0
1753546987775,16:23:07.775,ACH/USDT:USDT,0.022994,1650.0,0.022991,460.0,0.022995,240.0,0.022998,20.0
1753546987874,16:23:07.874,ACH/USDT:USDT,0.022994,1650.0,0.022991,460.0,0.022995,240.0,0.022998,20.0
1753546987973,16:23:07.973,ACH/USDT:USDT,0.022994,1650.0,0.022991,460.0,0.022995,240.0,0.022998,20.0
1753546988075,16:23:08.075,ACH/USDT:USDT,0.022994,1650.0,0.022991,460.0,0.022995,240.0,0.022998,20.0
1753546988175,16:23:08.175,ACH/USDT:USDT,0.022994,2140.0,0.022991,460.0,0.022995,240.0,0.022998,20.0
1753546988278,16:23:08.278,ACH/USDT:USDT,0.022994,2140.0,0.022991,460.0,0.022995,240.0,0.022998,20.0
1753546988675,16:23:08.675,ACH/USDT:USDT,0.022994,2140.0,0.022991,460.0,0.022995,240.0,0.022998,20.0
1753546988776,16:23:08.776,ACH/USDT:USDT,0.022994,2140.0,0.022991,460.0,0.022995,240.0,0.022998,20.0
1753546988975,16:23:08.975,ACH/USDT:USDT,0.022994,2140.0,0.022991,460.0,0.022995,240.0,0.022998,20.0
1753546989074,16:23:09.074,ACH/USDT:USDT,0.022994,2140.0,0.022991,460.0,0.022995,240.0,0.022998,20.0
1753546989273,16:23:09.273,ACH/USDT:USDT,0.022994,2140.0,0.022991,460.0,0.022995,240.0,0.022998,20.0
1753546989574,16:23:09.574,ACH/USDT:USDT,0.022994,2140.0,0.022991,460.0,0.022995,260.0,0.022998,20.0
1753546990273,16:23:10.273,ACH/USDT:USDT,0.022994,2140.0,0.022991,460.0,0.022995,260.0,0.022998,20.0
1753546990374,16:23:10.374,ACH/USDT:USDT,0.022994,2140.0,0.022991,460.0,0.022995,260.0,0.022998,20.0
1753546990474,16:23:10.474,ACH/USDT:USDT,0.022994,2140.0,0.022991,460.0,0.022995,260.0,0.022998,20.0
1753546991075,16:23:11.075,ACH/USDT:USDT,0.022997,1650.0,0.022995,360.0,0.022998,20.0,0.022999,10.0
1753546991176,16:23:11.176,ACH/USDT:USDT,0.022998,3190.0,0.022997,950.0,0.022999,10.0,0.023,240.0
1753546991274,16:23:11.274,ACH/USDT:USDT,0.022998,3190.0,0.022997,950.0,0.022999,10.0,0.023,240.0
1753546991381,16:23:11.381,ACH/USDT:USDT,0.022998,3190.0,0.022997,950.0,0.022999,10.0,0.023,240.0
1753546991474,16:23:11.474,ACH/USDT:USDT,0.022998,3190.0,0.022997,950.0,0.022999,10.0,0.023,240.0
1753546991574,16:23:11.574,ACH/USDT:USDT,0.023004,1190.0,0.022998,3190.0,0.023005,240.0,0.023009,1480.0
1753546991677,16:23:11.677,ACH/USDT:USDT,0.023004,1190.0,0.023,360.0,0.023005,240.0,0.023009,360.0
1753546991776,16:23:11.776,ACH/USDT:USDT,0.023004,1190.0,0.023,360.0,0.023005,240.0,0.023009,360.0
1753546991874,16:23:11.874,ACH/USDT:USDT,0.023004,1190.0,0.023,360.0,0.023005,240.0,0.023009,360.0
1753546991974,16:23:11.974,ACH/USDT:USDT,0.023004,1190.0,0.023,360.0,0.023005,240.0,0.023009,360.0
1753546992075,16:23:12.075,ACH/USDT:USDT,0.023004,1190.0,0.023,360.0,0.023005,240.0,0.023009,360.0
1753546992176,16:23:12.176,ACH/USDT:USDT,0.023004,1190.0,0.023,360.0,0.023005,240.0,0.023009,360.0
1753546992273,16:23:12.273,ACH/USDT:USDT,0.023004,1190.0,0.023,360.0,0.023005,240.0,0.023009,360.0
1753546992373,16:23:12.373,ACH/USDT:USDT,0.023004,1190.0,0.023,360.0,0.023005,240.0,0.023009,360.0
1753546992574,16:23:12.574,ACH/USDT:USDT,0.023004,1190.0,0.023,360.0,0.023005,240.0,0.023009,360.0
1753546992675,16:23:12.675,ACH/USDT:USDT,0.023004,1190.0,0.023,360.0,0.023005,240.0,0.023009,360.0
1753546992773,16:23:12.773,ACH/USDT:USDT,0.023004,1190.0,0.023,360.0,0.023005,240.0,0.023009,360.0
1753546993075,16:23:13.075,ACH/USDT:USDT,0.023004,1680.0,0.023002,360.0,0.023005,240.0,0.023009,360.0
1753546993176,16:23:13.176,ACH/USDT:USDT,0.023004,1680.0,0.023002,360.0,0.023005,240.0,0.023009,360.0
1753546993273,16:23:13.273,ACH/USDT:USDT,0.023004,1680.0,0.023002,360.0,0.023005,240.0,0.023009,360.0
1753546993473,16:23:13.473,ACH/USDT:USDT,0.023004,1680.0,0.023002,360.0,0.023005,240.0,0.023009,360.0
1753546993575,16:23:13.575,ACH/USDT:USDT,0.023004,1680.0,0.023002,360.0,0.023005,240.0,0.023009,360.0
1753546993680,16:23:13.680,ACH/USDT:USDT,0.023004,1680.0,0.023002,360.0,0.023005,240.0,0.023009,360.0
1753546993873,16:23:13.873,ACH/USDT:USDT,0.023004,1680.0,0.023002,360.0,0.023005,240.0,0.023009,360.0
1753546993974,16:23:13.974,ACH/USDT:USDT,0.023004,2140.0,0.023002,360.0,0.023005,240.0,0.02301,1360.0
1753546994075,16:23:14.075,ACH/USDT:USDT,0.023004,2140.0,0.023002,360.0,0.023005,240.0,0.02301,1360.0
1753546994176,16:23:14.176,ACH/USDT:USDT,0.023004,2140.0,0.023002,360.0,0.023005,240.0,0.02301,1360.0
1753546994273,16:23:14.273,ACH/USDT:USDT,0.023004,2140.0,0.023002,360.0,0.023005,240.0,0.02301,1360.0
1753546994374,16:23:14.374,ACH/USDT:USDT,0.023004,2140.0,0.023002,360.0,0.023005,240.0,0.02301,1360.0
1753546994573,16:23:14.573,ACH/USDT:USDT,0.023004,2140.0,0.023002,360.0,0.023005,240.0,0.02301,1360.0
1753546994675,16:23:14.675,ACH/USDT:USDT,0.023004,2140.0,0.023002,360.0,0.023005,240.0,0.02301,1360.0
1753546995175,16:23:15.175,ACH/USDT:USDT,0.023004,2140.0,0.023002,360.0,0.023005,240.0,0.02301,1360.0
1753546995575,16:23:15.575,ACH/USDT:USDT,0.023004,2140.0,0.023002,360.0,0.023005,240.0,0.02301,1360.0
1753546996073,16:23:16.073,ACH/USDT:USDT,0.023004,1650.0,0.023002,360.0,0.023005,240.0,0.02301,1360.0
1753546996174,16:23:16.174,ACH/USDT:USDT,0.023004,1650.0,0.023002,360.0,0.023005,240.0,0.02301,1360.0
1753546996473,16:23:16.473,ACH/USDT:USDT,0.023004,1650.0,0.023002,360.0,0.023005,240.0,0.02301,1360.0
1753546996573,16:23:16.573,ACH/USDT:USDT,0.023004,1650.0,0.023002,360.0,0.023005,240.0,0.02301,1360.0
1753546996674,16:23:16.674,ACH/USDT:USDT,0.023004,1190.0,0.023002,360.0,0.023005,240.0,0.02301,2090.0
1753546996774,16:23:16.774,ACH/USDT:USDT,0.023004,1190.0,0.023002,360.0,0.023005,240.0,0.02301,2090.0
1753546996874,16:23:16.874,ACH/USDT:USDT,0.023004,1190.0,0.023002,360.0,0.023005,240.0,0.02301,2090.0
1753546996974,16:23:16.974,ACH/USDT:USDT,0.023004,1190.0,0.023002,360.0,0.023005,240.0,0.02301,2090.0
1753546997174,16:23:17.174,ACH/USDT:USDT,0.023004,1650.0,0.023002,360.0,0.023005,240.0,0.02301,240.0
1753546997275,16:23:17.275,ACH/USDT:USDT,0.023004,6460.0,0.023002,360.0,0.023005,240.0,0.02301,240.0
1753546997374,16:23:17.374,ACH/USDT:USDT,0.023004,6460.0,0.023002,360.0,0.023005,240.0,0.02301,240.0
1753546997677,16:23:17.677,ACH/USDT:USDT,0.023004,6460.0,0.023002,360.0,0.023005,240.0,0.02301,240.0
1753546997773,16:23:17.773,ACH/USDT:USDT,0.023004,6460.0,0.023002,360.0,0.023005,240.0,0.02301,240.0
1753546997874,16:23:17.874,ACH/USDT:USDT,0.023004,6460.0,0.023002,360.0,0.023005,240.0,0.02301,240.0
1753546998173,16:23:18.173,ACH/USDT:USDT,0.023004,6950.0,0.023002,360.0,0.023005,240.0,0.02301,240.0
1753546998574,16:23:18.574,ACH/USDT:USDT,0.023004,6950.0,0.023002,360.0,0.023005,240.0,0.02301,240.0
1753546998775,16:23:18.775,ACH/USDT:USDT,0.023004,6950.0,0.023002,360.0,0.023005,240.0,0.02301,240.0
1753546998874,16:23:18.874,ACH/USDT:USDT,0.023004,6950.0,0.023002,360.0,0.023005,240.0,0.02301,240.0
1753546999074,16:23:19.074,ACH/USDT:USDT,0.023005,1060.0,0.023004,490.0,0.023009,1180.0,0.02301,240.0
1753546999175,16:23:19.175,ACH/USDT:USDT,0.023002,360.0,0.023001,500.0,0.023008,1180.0,0.023009,360.0
1753546999275,16:23:19.275,ACH/USDT:USDT,0.023002,360.0,0.023,360.0,0.023007,1180.0,0.023009,360.0
1753546999375,16:23:19.375,ACH/USDT:USDT,0.023002,360.0,0.023,360.0,0.023007,1180.0,0.023009,360.0
1753546999475,16:23:19.475,ACH/USDT:USDT,0.023002,360.0,0.023,360.0,0.023007,1180.0,0.023009,360.0
1753546999575,16:23:19.575,ACH/USDT:USDT,0.023002,360.0,0.023,360.0,0.023007,1180.0,0.023009,360.0
1753546999677,16:23:19.677,ACH/USDT:USDT,0.023003,1190.0,0.023002,360.0,0.023007,1180.0,0.023009,360.0
1753546999774,16:23:19.774,ACH/USDT:USDT,0.023003,1190.0,0.023002,360.0,0.023007,1180.0,0.023009,360.0
1753546999976,16:23:19.976,ACH/USDT:USDT,0.023007,2370.0,0.023006,460.0,0.02301,240.0,0.023013,360.0
1753547000074,16:23:20.074,ACH/USDT:USDT,0.023007,2370.0,0.023006,460.0,0.02301,240.0,0.023013,360.0
1753547000175,16:23:20.175,ACH/USDT:USDT,0.023007,2370.0,0.023006,460.0,0.02301,240.0,0.023013,360.0
1753547000274,16:23:20.274,ACH/USDT:USDT,0.023008,1190.0,0.023006,460.0,0.02301,240.0,0.023013,360.0
1753547000375,16:23:20.375,ACH/USDT:USDT,0.023008,1190.0,0.023006,460.0,0.02301,240.0,0.023013,360.0
1753547000475,16:23:20.475,ACH/USDT:USDT,0.023008,1190.0,0.023006,460.0,0.02301,240.0,0.023013,360.0
1753547000575,16:23:20.575,ACH/USDT:USDT,0.023008,1190.0,0.023006,460.0,0.02301,240.0,0.023013,360.0
1753547000774,16:23:20.774,ACH/USDT:USDT,0.023008,1190.0,0.023006,460.0,0.02301,240.0,0.023013,360.0
1753547001176,16:23:21.176,ACH/USDT:USDT,0.023008,1190.0,0.023006,460.0,0.02301,240.0,0.023013,360.0
1753547001274,16:23:21.274,ACH/USDT:USDT,0.023008,1190.0,0.023006,460.0,0.02301,240.0,0.023013,360.0
1753547001374,16:23:21.374,ACH/USDT:USDT,0.023008,1190.0,0.023006,460.0,0.02301,240.0,0.023013,360.0
1753547002174,16:23:22.174,ACH/USDT:USDT,0.023008,1190.0,0.023006,460.0,0.02301,240.0,0.023013,360.0
1753547002274,16:23:22.274,ACH/USDT:USDT,0.023008,1190.0,0.023006,460.0,0.02301,240.0,0.023013,360.0
1753547002675,16:23:22.675,ACH/USDT:USDT,0.023008,1190.0,0.023006,460.0,0.02301,240.0,0.023013,360.0
1753547002775,16:23:22.775,ACH/USDT:USDT,0.023008,1190.0,0.023006,460.0,0.02301,240.0,0.023013,360.0
1753547003275,16:23:23.275,ACH/USDT:USDT,0.023009,1190.0,0.023006,460.0,0.02301,240.0,0.023013,360.0
1753547003375,16:23:23.375,ACH/USDT:USDT,0.023009,1650.0,0.023006,1330.0,0.02301,240.0,0.023015,240.0
1753547003476,16:23:23.476,ACH/USDT:USDT,0.023014,1650.0,0.023012,360.0,0.023015,240.0,0.023017,10.0
1753547003576,16:23:23.576,ACH/USDT:USDT,0.023014,1650.0,0.023012,360.0,0.023015,240.0,0.023017,10.0
1753547003673,16:23:23.673,ACH/USDT:USDT,0.023014,1650.0,0.023012,360.0,0.023015,240.0,0.023017,10.0
1753547003773,16:23:23.773,ACH/USDT:USDT,0.023014,1650.0,0.023012,360.0,0.023015,240.0,0.023017,10.0
1753547003875,16:23:23.875,ACH/USDT:USDT,0.023014,1650.0,0.023012,360.0,0.023015,240.0,0.023017,10.0
1753547003974,16:23:23.974,ACH/USDT:USDT,0.023014,1650.0,0.023012,360.0,0.023015,240.0,0.023017,10.0
1753547004075,16:23:24.075,ACH/USDT:USDT,0.023014,1650.0,0.023012,360.0,0.023015,240.0,0.023017,10.0
1753547004174,16:23:24.174,ACH/USDT:USDT,0.023014,1650.0,0.023012,360.0,0.023015,240.0,0.023017,10.0
1753547004473,16:23:24.473,ACH/USDT:USDT,0.023014,1650.0,0.023012,360.0,0.023015,240.0,0.023017,10.0
1753547005074,16:23:25.074,ACH/USDT:USDT,0.023007,1480.0,0.023006,460.0,0.023015,1360.0,0.023017,370.0
1753547005176,16:23:25.176,ACH/USDT:USDT,0.023007,360.0,0.023006,460.0,0.023014,1180.0,0.023015,240.0
1753547005274,16:23:25.274,ACH/USDT:USDT,0.023008,1190.0,0.023007,360.0,0.023013,1180.0,0.023015,240.0
1753547005373,16:23:25.373,ACH/USDT:USDT,0.023008,1190.0,0.023007,360.0,0.023013,1180.0,0.023015,240.0
1753547005474,16:23:25.474,ACH/USDT:USDT,0.023008,1190.0,0.023007,360.0,0.023013,1180.0,0.023015,240.0
1753547005574,16:23:25.574,ACH/USDT:USDT,0.023009,1190.0,0.023007,360.0,0.023013,1180.0,0.023015,240.0
1753547006073,16:23:26.073,ACH/USDT:USDT,0.02301,1190.0,0.023007,360.0,0.023015,240.0,0.023017,370.0
1753547006475,16:23:26.475,ACH/USDT:USDT,0.02301,1190.0,0.023007,360.0,0.023015,240.0,0.023017,370.0
1753547006574,16:23:26.574,ACH/USDT:USDT,0.02301,1190.0,0.023007,360.0,0.023014,1640.0,0.023015,600.0
1753547006674,16:23:26.674,ACH/USDT:USDT,0.023005,1190.0,0.023004,360.0,0.02301,1180.0,0.023011,360.0
1753547006775,16:23:26.775,ACH/USDT:USDT,0.023005,1190.0,0.023004,360.0,0.02301,1180.0,0.023011,360.0
1753547006875,16:23:26.875,ACH/USDT:USDT,0.023006,1190.0,0.023004,360.0,0.02301,1180.0,0.023011,360.0
1753547007074,16:23:27.074,ACH/USDT:USDT,0.023006,1190.0,0.023004,360.0,0.02301,1180.0,0.023011,360.0
1753547007174,16:23:27.174,ACH/USDT:USDT,0.023007,1190.0,0.023004,360.0,0.02301,1180.0,0.023011,360.0
1753547007274,16:23:27.274,ACH/USDT:USDT,0.023007,1190.0,0.023004,360.0,0.023011,360.0,0.023013,460.0
1753547007375,16:23:27.375,ACH/USDT:USDT,0.023007,1190.0,0.023004,360.0,0.023011,360.0,0.023013,460.0
1753547007474,16:23:27.474,ACH/USDT:USDT,0.023004,360.0,0.023003,3000.0,0.02301,1180.0,0.023011,360.0
1753547007575,16:23:27.575,ACH/USDT:USDT,0.023004,360.0,0.023002,460.0,0.02301,1180.0,0.023011,360.0
1753547007679,16:23:27.679,ACH/USDT:USDT,0.023004,360.0,0.023002,460.0,0.02301,1180.0,0.023011,360.0
1753547008075,16:23:28.075,ACH/USDT:USDT,0.023004,360.0,0.023002,460.0,0.02301,1670.0,0.023011,360.0
1753547008175,16:23:28.175,ACH/USDT:USDT,0.023004,360.0,0.023002,460.0,0.02301,1670.0,0.023011,360.0
1753547008275,16:23:28.275,ACH/USDT:USDT,0.023004,360.0,0.023002,460.0,0.02301,1670.0,0.023011,360.0
1753547008374,16:23:28.374,ACH/USDT:USDT,0.023004,360.0,0.023002,460.0,0.02301,1670.0,0.023011,360.0
1753547008676,16:23:28.676,ACH/USDT:USDT,0.023004,360.0,0.023002,460.0,0.02301,1670.0,0.023011,360.0
1753547008774,16:23:28.774,ACH/USDT:USDT,0.023004,360.0,0.023002,460.0,0.023009,1180.0,0.02301,950.0
1753547008875,16:23:28.875,ACH/USDT:USDT,0.023004,360.0,0.023002,460.0,0.023009,1180.0,0.02301,950.0
1753547008975,16:23:28.975,ACH/USDT:USDT,0.023004,360.0,0.023002,460.0,0.023009,1180.0,0.02301,950.0
1753547009075,16:23:29.075,ACH/USDT:USDT,0.023004,360.0,0.023002,460.0,0.023009,1670.0,0.02301,460.0
1753547009275,16:23:29.275,ACH/USDT:USDT,0.023002,460.0,0.023,600.0,0.023008,1180.0,0.023009,1670.0
1753547009374,16:23:29.374,ACH/USDT:USDT,0.023003,1190.0,0.023,600.0,0.023008,1640.0,0.023009,490.0
1753547009474,16:23:29.474,ACH/USDT:USDT,0.023004,1190.0,0.023,600.0,0.023008,460.0,0.023009,490.0
1753547009676,16:23:29.676,ACH/USDT:USDT,0.023004,1190.0,0.023,600.0,0.023008,460.0,0.023009,490.0
1753547009773,16:23:29.773,ACH/USDT:USDT,0.023004,1190.0,0.023,600.0,0.023008,460.0,0.023009,490.0
1753547010075,16:23:30.075,ACH/USDT:USDT,0.023004,1190.0,0.023,600.0,0.023008,460.0,0.023009,490.0
1753547010175,16:23:30.175,ACH/USDT:USDT,0.023005,1190.0,0.023,600.0,0.023008,460.0,0.02301,460.0
1753547010275,16:23:30.275,ACH/USDT:USDT,0.023005,1190.0,0.023,600.0,0.023008,460.0,0.02301,460.0
1753547010375,16:23:30.375,ACH/USDT:USDT,0.023005,1190.0,0.023,600.0,0.023008,460.0,0.02301,460.0
1753547010774,16:23:30.774,ACH/USDT:USDT,0.023005,1190.0,0.023,600.0,0.023008,460.0,0.02301,460.0
1753547010975,16:23:30.975,ACH/USDT:USDT,0.023005,1190.0,0.023,600.0,0.023008,460.0,0.02301,460.0
1753547011074,16:23:31.074,ACH/USDT:USDT,0.023005,1190.0,0.023,600.0,0.023008,460.0,0.02301,460.0
1753547011174,16:23:31.174,ACH/USDT:USDT,0.023005,1190.0,0.023,600.0,0.023008,460.0,0.02301,460.0
1753547011274,16:23:31.274,ACH/USDT:USDT,0.023005,1190.0,0.023,600.0,0.023008,460.0,0.02301,460.0
1753547011375,16:23:31.375,ACH/USDT:USDT,0.023005,1190.0,0.023,600.0,0.023008,460.0,0.02301,460.0
1753547011574,16:23:31.574,ACH/USDT:USDT,0.023005,1190.0,0.023,600.0,0.023008,460.0,0.02301,460.0
1753547011774,16:23:31.774,ACH/USDT:USDT,0.023005,1190.0,0.023,600.0,0.023008,460.0,0.02301,460.0
1753547011975,16:23:31.975,ACH/USDT:USDT,0.023006,1190.0,0.023,600.0,0.023008,460.0,0.023013,460.0
1753547012074,16:23:32.074,ACH/USDT:USDT,0.023006,1190.0,0.023002,370.0,0.023008,460.0,0.023013,460.0
1753547012274,16:23:32.274,ACH/USDT:USDT,0.023006,1190.0,0.023002,370.0,0.023008,460.0,0.023013,460.0
1753547012374,16:23:32.374,ACH/USDT:USDT,0.023006,1190.0,0.023002,370.0,0.023008,460.0,0.023013,460.0
1753547012473,16:23:32.473,ACH/USDT:USDT,0.023006,1190.0,0.023002,370.0,0.023008,460.0,0.023013,460.0
1753547012573,16:23:32.573,ACH/USDT:USDT,0.023006,1190.0,0.023002,370.0,0.023008,460.0,0.023013,460.0
1753547013075,16:23:33.075,ACH/USDT:USDT,0.023006,1190.0,0.023002,370.0,0.023008,460.0,0.023013,460.0
1753547013273,16:23:33.273,ACH/USDT:USDT,0.023006,1190.0,0.023002,370.0,0.023008,460.0,0.023013,460.0
1753547013373,16:23:33.373,ACH/USDT:USDT,0.023006,1190.0,0.023002,370.0,0.023008,460.0,0.023013,460.0
1753547013475,16:23:33.475,ACH/USDT:USDT,0.023006,1190.0,0.023002,370.0,0.023008,460.0,0.023013,460.0
1753547013574,16:23:33.574,ACH/USDT:USDT,0.023002,370.0,0.023,600.0,0.023008,460.0,0.02301,370.0
1753547013679,16:23:33.679,ACH/USDT:USDT,0.023003,1190.0,0.023002,370.0,0.023008,460.0,0.02301,370.0
1753547013774,16:23:33.774,ACH/USDT:USDT,0.023004,1190.0,0.023002,370.0,0.023008,460.0,0.02301,370.0
1753547013973,16:23:33.973,ACH/USDT:USDT,0.023005,1190.0,0.023002,370.0,0.023008,460.0,0.02301,370.0
1753547014075,16:23:34.075,ACH/USDT:USDT,0.023005,1190.0,0.023002,370.0,0.023008,460.0,0.02301,370.0
1753547014175,16:23:34.175,ACH/USDT:USDT,0.023005,1190.0,0.023002,370.0,0.023008,460.0,0.02301,370.0
1753547014274,16:23:34.274,ACH/USDT:USDT,0.023005,1190.0,0.023002,370.0,0.023008,460.0,0.02301,370.0
1753547014374,16:23:34.374,ACH/USDT:USDT,0.023002,370.0,0.023,600.0,0.023007,1550.0,0.023008,460.0
1753547014475,16:23:34.475,ACH/USDT:USDT,0.023002,370.0,0.023,600.0,0.023007,1550.0,0.023008,460.0
1753547014677,16:23:34.677,ACH/USDT:USDT,0.023002,370.0,0.023,600.0,0.023007,1550.0,0.023008,460.0
1753547014775,16:23:34.775,ACH/USDT:USDT,0.023003,1190.0,0.023002,370.0,0.023007,1550.0,0.023008,460.0
1753547014974,16:23:34.974,ACH/USDT:USDT,0.023003,1190.0,0.023002,370.0,0.023007,1550.0,0.023008,460.0
1753547015173,16:23:35.173,ACH/USDT:USDT,0.023003,1190.0,0.023002,370.0,0.023007,2040.0,0.023008,460.0
1753547015374,16:23:35.374,ACH/USDT:USDT,0.023003,1190.0,0.023002,370.0,0.023007,2040.0,0.023008,460.0
1753547015974,16:23:35.974,ACH/USDT:USDT,0.023003,1190.0,0.023002,370.0,0.023007,2040.0,0.023008,460.0
1753547016174,16:23:36.174,ACH/USDT:USDT,0.023003,1190.0,0.023002,370.0,0.023007,2040.0,0.023008,460.0
1753547016473,16:23:36.473,ACH/USDT:USDT,0.023003,1190.0,0.023002,370.0,0.023007,2040.0,0.023008,460.0
1753547016975,16:23:36.975,ACH/USDT:USDT,0.023003,1190.0,0.023002,370.0,0.023007,2040.0,0.023008,460.0
1753547017073,16:23:37.073,ACH/USDT:USDT,0.023003,1190.0,0.023002,370.0,0.023007,2040.0,0.023008,460.0
1753547017375,16:23:37.375,ACH/USDT:USDT,0.023003,1190.0,0.023002,370.0,0.023007,2040.0,0.023008,460.0
1753547017874,16:23:37.874,ACH/USDT:USDT,0.023003,1190.0,0.023002,370.0,0.023007,2040.0,0.023008,460.0
1753547017974,16:23:37.974,ACH/USDT:USDT,0.023003,1190.0,0.023002,370.0,0.023007,2040.0,0.023008,460.0
1753547018073,16:23:38.073,ACH/USDT:USDT,0.023003,1190.0,0.023002,370.0,0.023007,1550.0,0.023008,460.0
1753547018176,16:23:38.176,ACH/USDT:USDT,0.023004,1190.0,0.023002,370.0,0.023007,1550.0,0.023008,460.0
1753547018275,16:23:38.275,ACH/USDT:USDT,0.023004,1190.0,0.023002,370.0,0.023007,1550.0,0.023008,460.0
1753547018573,16:23:38.573,ACH/USDT:USDT,0.023004,1190.0,0.023002,370.0,0.023007,1550.0,0.023008,460.0
1753547018674,16:23:38.674,ACH/USDT:USDT,0.023004,1190.0,0.023002,370.0,0.023007,1550.0,0.023008,460.0
1753547018975,16:23:38.975,ACH/USDT:USDT,0.023004,1190.0,0.023002,370.0,0.023007,1550.0,0.023008,460.0
1753547019074,16:23:39.074,ACH/USDT:USDT,0.023004,1190.0,0.023002,370.0,0.023007,1550.0,0.023008,460.0
1753547019374,16:23:39.374,ACH/USDT:USDT,0.023004,1190.0,0.023002,370.0,0.023007,370.0,0.023008,460.0
1753547019974,16:23:39.974,ACH/USDT:USDT,0.023004,1190.0,0.023002,370.0,0.023008,460.0,0.02301,370.0
1753547020074,16:23:40.074,ACH/USDT:USDT,0.023005,1190.0,0.023002,370.0,0.023008,460.0,0.02301,370.0
1753547020175,16:23:40.175,ACH/USDT:USDT,0.023005,1190.0,0.023002,370.0,0.023008,460.0,0.02301,370.0
1753547020574,16:23:40.574,ACH/USDT:USDT,0.023005,1190.0,0.023002,370.0,0.023008,460.0,0.02301,370.0
1753547020673,16:23:40.673,ACH/USDT:USDT,0.023005,1190.0,0.023002,370.0,0.023008,460.0,0.02301,370.0
1753547020774,16:23:40.774,ACH/USDT:USDT,0.023005,1190.0,0.023002,370.0,0.023008,460.0,0.02301,370.0
1753547020974,16:23:40.974,ACH/USDT:USDT,0.023005,1190.0,0.023002,370.0,0.023008,460.0,0.02301,370.0
1753547021475,16:23:41.475,ACH/USDT:USDT,0.023005,1190.0,0.023002,370.0,0.023008,460.0,0.02301,370.0
1753547021674,16:23:41.674,ACH/USDT:USDT,0.023005,1190.0,0.023002,370.0,0.023008,460.0,0.02301,370.0
1753547021774,16:23:41.774,ACH/USDT:USDT,0.023005,1190.0,0.023002,370.0,0.023008,460.0,0.02301,370.0
1753547021874,16:23:41.874,ACH/USDT:USDT,0.023005,1190.0,0.023002,370.0,0.023008,460.0,0.02301,370.0
1753547022274,16:23:42.274,ACH/USDT:USDT,0.023005,1190.0,0.023002,370.0,0.023008,460.0,0.02301,370.0
1753547022375,16:23:42.375,ACH/USDT:USDT,0.023006,1190.0,0.023005,370.0,0.023012,370.0,0.023013,460.0
1753547022474,16:23:42.474,ACH/USDT:USDT,0.023006,1190.0,0.023005,370.0,0.023012,370.0,0.023013,460.0
1753547022674,16:23:42.674,ACH/USDT:USDT,0.023006,1190.0,0.023005,370.0,0.023012,370.0,0.023013,460.0
1753547022974,16:23:42.974,ACH/USDT:USDT,0.023007,1190.0,0.023005,370.0,0.023012,370.0,0.023013,460.0
1753547023074,16:23:43.074,ACH/USDT:USDT,0.023008,1190.0,0.023005,370.0,0.023012,370.0,0.023013,460.0
1753547023175,16:23:43.175,ACH/USDT:USDT,0.023008,1190.0,0.023005,370.0,0.023012,370.0,0.023013,460.0
1753547023675,16:23:43.675,ACH/USDT:USDT,0.023008,1190.0,0.023005,370.0,0.023012,370.0,0.023013,460.0
1753547023773,16:23:43.773,ACH/USDT:USDT,0.023008,1190.0,0.023005,370.0,0.023012,370.0,0.023013,460.0
1753547024074,16:23:44.074,ACH/USDT:USDT,0.023008,1190.0,0.023005,370.0,0.023012,370.0,0.023013,460.0
1753547024175,16:23:44.175,ACH/USDT:USDT,0.02301,470.0,0.023008,1190.0,0.023012,370.0,0.023015,240.0
1753547024275,16:23:44.275,ACH/USDT:USDT,0.02301,470.0,0.023005,370.0,0.023012,370.0,0.023015,240.0
1753547024574,16:23:44.574,ACH/USDT:USDT,0.02301,470.0,0.023005,370.0,0.023012,370.0,0.023015,240.0
1753547024676,16:23:44.676,ACH/USDT:USDT,0.02301,470.0,0.023005,370.0,0.023012,370.0,0.023015,240.0
1753547024874,16:23:44.874,ACH/USDT:USDT,0.02301,470.0,0.023005,370.0,0.023012,370.0,0.023015,240.0
1753547024974,16:23:44.974,ACH/USDT:USDT,0.02301,470.0,0.023005,370.0,0.023012,370.0,0.023015,240.0
1753547025075,16:23:45.075,ACH/USDT:USDT,0.02301,470.0,0.023005,370.0,0.023012,860.0,0.023015,240.0
1753547025374,16:23:45.374,ACH/USDT:USDT,0.02301,470.0,0.023005,370.0,0.023012,860.0,0.023015,240.0
1753547025475,16:23:45.475,ACH/USDT:USDT,0.02301,470.0,0.023005,370.0,0.023012,860.0,0.023015,240.0
1753547025573,16:23:45.573,ACH/USDT:USDT,0.02301,470.0,0.023005,370.0,0.023012,860.0,0.023015,240.0
1753547025775,16:23:45.775,ACH/USDT:USDT,0.02301,470.0,0.023005,370.0,0.023012,860.0,0.023015,240.0
1753547025873,16:23:45.873,ACH/USDT:USDT,0.02301,470.0,0.023005,370.0,0.023012,860.0,0.023015,240.0
1753547025974,16:23:45.974,ACH/USDT:USDT,0.02301,470.0,0.023005,370.0,0.023012,860.0,0.023015,240.0
1753547026675,16:23:46.675,ACH/USDT:USDT,0.02301,470.0,0.023005,370.0,0.023012,860.0,0.023015,240.0
1753547026775,16:23:46.775,ACH/USDT:USDT,0.02301,470.0,0.023005,370.0,0.023012,860.0,0.023015,240.0
1753547026875,16:23:46.875,ACH/USDT:USDT,0.02301,470.0,0.023005,370.0,0.023012,860.0,0.023015,240.0
1753547027075,16:23:47.075,ACH/USDT:USDT,0.02301,470.0,0.023005,370.0,0.023012,370.0,0.023015,240.0
1753547027375,16:23:47.375,ACH/USDT:USDT,0.02301,470.0,0.023005,370.0,0.023012,370.0,0.023015,240.0
1753547027474,16:23:47.474,ACH/USDT:USDT,0.02301,470.0,0.023005,370.0,0.023012,370.0,0.023015,240.0
1753547027774,16:23:47.774,ACH/USDT:USDT,0.02301,470.0,0.023005,370.0,0.023012,370.0,0.023015,240.0
1753547028275,16:23:48.275,ACH/USDT:USDT,0.02301,470.0,0.023005,370.0,0.023012,370.0,0.023015,240.0
1753547028375,16:23:48.375,ACH/USDT:USDT,0.02301,470.0,0.023005,370.0,0.023012,370.0,0.023015,240.0
1753547028473,16:23:48.473,ACH/USDT:USDT,0.02301,470.0,0.023005,370.0,0.023012,370.0,0.023015,240.0
1753547028574,16:23:48.574,ACH/USDT:USDT,0.02301,470.0,0.023005,370.0,0.023012,370.0,0.023015,240.0
1753547028674,16:23:48.674,ACH/USDT:USDT,0.02301,470.0,0.023005,370.0,0.023012,370.0,0.023015,240.0
1753547028774,16:23:48.774,ACH/USDT:USDT,0.02301,470.0,0.023005,370.0,0.023012,370.0,0.023015,240.0
1753547028874,16:23:48.874,ACH/USDT:USDT,0.02301,470.0,0.023005,370.0,0.023012,370.0,0.023015,240.0
1753547029175,16:23:49.175,ACH/USDT:USDT,0.02301,470.0,0.023005,370.0,0.023012,370.0,0.023015,240.0
1753547029475,16:23:49.475,ACH/USDT:USDT,0.02301,470.0,0.023005,370.0,0.023012,370.0,0.023015,240.0
1753547029573,16:23:49.573,ACH/USDT:USDT,0.02301,470.0,0.023005,370.0,0.023012,370.0,0.023015,240.0
1753547030073,16:23:50.073,ACH/USDT:USDT,0.02301,470.0,0.023005,370.0,0.023012,860.0,0.023015,240.0
1753547030575,16:23:50.575,ACH/USDT:USDT,0.023001,1190.0,0.023,240.0,0.023007,1180.0,0.023008,370.0
1753547030676,16:23:50.676,ACH/USDT:USDT,0.023001,1190.0,0.023,240.0,0.023007,1180.0,0.023008,370.0
1753547030773,16:23:50.773,ACH/USDT:USDT,0.023001,1190.0,0.023,240.0,0.023006,1180.0,0.023008,370.0
1753547030874,16:23:50.874,ACH/USDT:USDT,0.023001,1190.0,0.023,240.0,0.023006,1180.0,0.023008,370.0
1753547030974,16:23:50.974,ACH/USDT:USDT,0.023002,1190.0,0.023,240.0,0.023006,1180.0,0.023008,370.0
1753547031075,16:23:51.075,ACH/USDT:USDT,0.023002,1190.0,0.023,240.0,0.023006,1180.0,0.023008,370.0
1753547031174,16:23:51.174,ACH/USDT:USDT,0.023002,1190.0,0.023,240.0,0.023006,1180.0,0.023008,370.0
1753547031474,16:23:51.474,ACH/USDT:USDT,0.023002,1190.0,0.023,240.0,0.023006,1180.0,0.023008,370.0
1753547031573,16:23:51.573,ACH/USDT:USDT,0.023002,1190.0,0.023,240.0,0.023006,1180.0,0.023008,370.0
1753547031679,16:23:51.679,ACH/USDT:USDT,0.023002,1190.0,0.023,240.0,0.023006,1180.0,0.023008,370.0
1753547031874,16:23:51.874,ACH/USDT:USDT,0.023002,1190.0,0.023,240.0,0.023006,1180.0,0.023008,370.0
1753547031975,16:23:51.975,ACH/USDT:USDT,0.023,240.0,0.022998,460.0,0.023006,1640.0,0.023008,370.0
1753547032075,16:23:52.075,ACH/USDT:USDT,0.023,240.0,0.022998,460.0,0.023006,1640.0,0.023008,370.0
1753547032176,16:23:52.176,ACH/USDT:USDT,0.023,240.0,0.022998,460.0,0.023006,2130.0,0.023008,370.0
1753547032275,16:23:52.275,ACH/USDT:USDT,0.023,240.0,0.022998,460.0,0.023006,2130.0,0.023008,370.0
1753547032374,16:23:52.374,ACH/USDT:USDT,0.023,240.0,0.022998,460.0,0.023006,2130.0,0.023008,370.0
1753547032574,16:23:52.574,ACH/USDT:USDT,0.023,240.0,0.022996,360.0,0.023002,1180.0,0.023003,370.0
1753547032674,16:23:52.674,ACH/USDT:USDT,0.023,240.0,0.022996,360.0,0.023002,1180.0,0.023003,370.0
1753547032773,16:23:52.773,ACH/USDT:USDT,0.023,240.0,0.022996,360.0,0.023002,1180.0,0.023003,370.0
1753547033074,16:23:53.074,ACH/USDT:USDT,0.023,240.0,0.022996,360.0,0.023002,1180.0,0.023003,370.0
1753547033275,16:23:53.275,ACH/USDT:USDT,0.023,240.0,0.022996,360.0,0.023001,1180.0,0.023002,1180.0
1753547033374,16:23:53.374,ACH/USDT:USDT,0.023,240.0,0.022996,360.0,0.023001,1180.0,0.023003,370.0
1753547033473,16:23:53.473,ACH/USDT:USDT,0.023,240.0,0.022996,360.0,0.023001,1180.0,0.023003,370.0
1753547033575,16:23:53.575,ACH/USDT:USDT,0.023,240.0,0.022995,240.0,0.023001,1640.0,0.023003,370.0
1753547033679,16:23:53.679,ACH/USDT:USDT,0.023,240.0,0.022995,240.0,0.023001,1640.0,0.023003,370.0
1753547033775,16:23:53.775,ACH/USDT:USDT,0.023,240.0,0.022995,240.0,0.023001,1640.0,0.023003,370.0
1753547033874,16:23:53.874,ACH/USDT:USDT,0.023,240.0,0.022995,240.0,0.023001,1640.0,0.023003,370.0
1753547033974,16:23:53.974,ACH/USDT:USDT,0.023,240.0,0.022995,240.0,0.023001,1640.0,0.023003,370.0
1753547034075,16:23:54.075,ACH/USDT:USDT,0.023,240.0,0.022995,240.0,0.023001,2130.0,0.023003,370.0
1753547034175,16:23:54.175,ACH/USDT:USDT,0.023,240.0,0.022995,240.0,0.023001,2130.0,0.023003,370.0
1753547034274,16:23:54.274,ACH/USDT:USDT,0.023,240.0,0.022995,240.0,0.023001,2130.0,0.023003,370.0
1753547034675,16:23:54.675,ACH/USDT:USDT,0.023,240.0,0.022995,240.0,0.023001,2130.0,0.023003,370.0
1753547034775,16:23:54.775,ACH/USDT:USDT,0.023,240.0,0.022995,240.0,0.023001,2130.0,0.023003,370.0
1753547034875,16:23:54.875,ACH/USDT:USDT,0.023,240.0,0.022995,240.0,0.023001,2130.0,0.023003,370.0
1753547035273,16:23:55.273,ACH/USDT:USDT,0.023,240.0,0.022995,240.0,0.023001,2130.0,0.023003,370.0
1753547035473,16:23:55.473,ACH/USDT:USDT,0.023,240.0,0.022995,240.0,0.023001,2130.0,0.023003,370.0
1753547035680,16:23:55.680,ACH/USDT:USDT,0.023,240.0,0.022995,240.0,0.023001,2130.0,0.023003,370.0
1753547035874,16:23:55.874,ACH/USDT:USDT,0.023,240.0,0.022995,240.0,0.023001,2130.0,0.023003,370.0
1753547036075,16:23:56.075,ACH/USDT:USDT,0.023,240.0,0.022995,240.0,0.023001,2130.0,0.023003,370.0
1753547036675,16:23:56.675,ACH/USDT:USDT,0.023,240.0,0.022995,240.0,0.023001,2130.0,0.023003,370.0
1753547037075,16:23:57.075,ACH/USDT:USDT,0.023,240.0,0.022995,240.0,0.023001,2130.0,0.023003,370.0
1753547037275,16:23:57.275,ACH/USDT:USDT,0.023,240.0,0.022995,240.0,0.023001,2130.0,0.023003,370.0
1753547037875,16:23:57.875,ACH/USDT:USDT,0.023,240.0,0.022995,240.0,0.023001,2130.0,0.023003,370.0
1753547038676,16:23:58.676,ACH/USDT:USDT,0.023,240.0,0.022995,240.0,0.023001,2130.0,0.023003,370.0
1753547038974,16:23:58.974,ACH/USDT:USDT,0.023,240.0,0.022995,240.0,0.023001,2130.0,0.023003,370.0
1753547039274,16:23:59.274,ACH/USDT:USDT,0.023,240.0,0.022995,240.0,0.023001,2130.0,0.023003,370.0
1753547039873,16:23:59.873,ACH/USDT:USDT,0.023,240.0,0.022995,240.0,0.023001,2130.0,0.023003,370.0
1753547039973,16:23:59.973,ACH/USDT:USDT,0.023,240.0,0.022995,240.0,0.023001,2130.0,0.023003,370.0
1753547040077,16:24:00.077,ACH/USDT:USDT,0.022985,240.0,0.022981,10830.0,0.022991,2370.0,0.022992,370.0
1753547040174,16:24:00.174,ACH/USDT:USDT,0.022985,240.0,0.022982,370.0,0.022991,2830.0,0.022992,370.0
1753547040274,16:24:00.274,ACH/USDT:USDT,0.022985,240.0,0.022982,370.0,0.02299,2370.0,0.022991,460.0
1753547040374,16:24:00.374,ACH/USDT:USDT,0.02299,1180.0,0.022989,370.0,0.022995,370.0,0.022997,370.0
1753547040474,16:24:00.474,ACH/USDT:USDT,0.02299,1180.0,0.022989,370.0,0.022995,370.0,0.022997,370.0
1753547040573,16:24:00.573,ACH/USDT:USDT,0.02299,1550.0,0.022989,370.0,0.022995,370.0,0.022997,370.0
1753547040675,16:24:00.675,ACH/USDT:USDT,0.02299,1550.0,0.022989,370.0,0.022997,370.0,0.022998,370.0
1753547040775,16:24:00.775,ACH/USDT:USDT,0.02299,1550.0,0.022989,370.0,0.022995,1180.0,0.022997,370.0
1753547040973,16:24:00.973,ACH/USDT:USDT,0.02299,1550.0,0.022989,370.0,0.022995,1180.0,0.022997,370.0
1753547041075,16:24:01.075,ACH/USDT:USDT,0.02299,1550.0,0.022989,370.0,0.022995,1180.0,0.022997,370.0
1753547041174,16:24:01.174,ACH/USDT:USDT,0.02299,1550.0,0.022989,370.0,0.022995,1180.0,0.022997,370.0
1753547041274,16:24:01.274,ACH/USDT:USDT,0.02299,1550.0,0.022989,370.0,0.022995,1180.0,0.022997,370.0
1753547041375,16:24:01.375,ACH/USDT:USDT,0.02299,370.0,0.022989,370.0,0.022993,1180.0,0.022997,370.0
1753547041874,16:24:01.874,ACH/USDT:USDT,0.02299,370.0,0.022989,370.0,0.022993,1180.0,0.022997,370.0
1753547042074,16:24:02.074,ACH/USDT:USDT,0.02299,370.0,0.022989,370.0,0.022993,1180.0,0.022997,370.0
1753547042173,16:24:02.173,ACH/USDT:USDT,0.02299,370.0,0.022989,370.0,0.022993,1180.0,0.022997,370.0
1753547042674,16:24:02.674,ACH/USDT:USDT,0.022991,1180.0,0.02299,370.0,0.022997,370.0,0.023,460.0
1753547042775,16:24:02.775,ACH/USDT:USDT,0.022991,1180.0,0.02299,370.0,0.022996,2370.0,0.022997,370.0
1753547042874,16:24:02.874,ACH/USDT:USDT,0.022991,1180.0,0.02299,370.0,0.022995,2370.0,0.022997,370.0
1753547042974,16:24:02.974,ACH/USDT:USDT,0.022991,1180.0,0.02299,370.0,0.022995,2370.0,0.022997,370.0
1753547043175,16:24:03.175,ACH/USDT:USDT,0.022991,1180.0,0.02299,370.0,0.022995,2370.0,0.022997,370.0
1753547043274,16:24:03.274,ACH/USDT:USDT,0.022991,1180.0,0.02299,370.0,0.022995,2370.0,0.022997,370.0
1753547043475,16:24:03.475,ACH/USDT:USDT,0.022991,1180.0,0.02299,370.0,0.022995,2370.0,0.022997,370.0
1753547043674,16:24:03.674,ACH/USDT:USDT,0.022991,1180.0,0.02299,370.0,0.022995,2370.0,0.022997,370.0
1753547043874,16:24:03.874,ACH/USDT:USDT,0.022991,1180.0,0.02299,370.0,0.022995,2370.0,0.022997,370.0
1753547044174,16:24:04.174,ACH/USDT:USDT,0.022993,370.0,0.022991,1640.0,0.023,460.0,0.023001,370.0
1753547044275,16:24:04.275,ACH/USDT:USDT,0.022993,370.0,0.022991,1640.0,0.023,460.0,0.023001,370.0
1753547044473,16:24:04.473,ACH/USDT:USDT,0.022993,370.0,0.022991,1180.0,0.022998,1180.0,0.023,460.0
1753547044574,16:24:04.574,ACH/USDT:USDT,0.022993,370.0,0.022991,1180.0,0.022998,1180.0,0.023,460.0
1753547044874,16:24:04.874,ACH/USDT:USDT,0.022993,370.0,0.022991,1180.0,0.022998,1180.0,0.023,460.0
1753547045176,16:24:05.176,ACH/USDT:USDT,0.022993,370.0,0.022991,1180.0,0.022998,1180.0,0.023,460.0
1753547045677,16:24:05.677,ACH/USDT:USDT,0.022993,370.0,0.022991,1180.0,0.022998,1180.0,0.023,460.0
1753547045775,16:24:05.775,ACH/USDT:USDT,0.022993,370.0,0.022991,1180.0,0.022998,1180.0,0.023,460.0
1753547046274,16:24:06.274,ACH/USDT:USDT,0.022993,370.0,0.022991,1180.0,0.022998,1180.0,0.023,460.0
1753547046373,16:24:06.373,ACH/USDT:USDT,0.022993,370.0,0.022991,1180.0,0.022998,1180.0,0.023,460.0
1753547046474,16:24:06.474,ACH/USDT:USDT,0.022993,370.0,0.022991,1180.0,0.022998,1180.0,0.023,460.0
1753547046675,16:24:06.675,ACH/USDT:USDT,0.022993,370.0,0.022991,1180.0,0.022998,1180.0,0.023,460.0
1753547046974,16:24:06.974,ACH/USDT:USDT,0.022993,370.0,0.022991,1180.0,0.022998,1180.0,0.023,460.0
1753547047375,16:24:07.375,ACH/USDT:USDT,0.022993,370.0,0.022991,1180.0,0.022998,1180.0,0.023,460.0
1753547047474,16:24:07.474,ACH/USDT:USDT,0.022993,370.0,0.022991,1180.0,0.022998,1180.0,0.023,460.0
1753547047775,16:24:07.775,ACH/USDT:USDT,0.022993,370.0,0.022991,1180.0,0.022998,1180.0,0.023,460.0
1753547047874,16:24:07.874,ACH/USDT:USDT,0.022993,370.0,0.022991,1180.0,0.022998,1180.0,0.023,460.0
1753547047975,16:24:07.975,ACH/USDT:USDT,0.022993,370.0,0.022991,1180.0,0.022998,1180.0,0.023,460.0
1753547048275,16:24:08.275,ACH/USDT:USDT,0.022993,370.0,0.022991,1180.0,0.022997,1190.0,0.023,460.0
1753547048475,16:24:08.475,ACH/USDT:USDT,0.022991,1180.0,0.02299,370.0,0.022995,1180.0,0.023,460.0
1753547048574,16:24:08.574,ACH/USDT:USDT,0.022991,1180.0,0.02299,370.0,0.022995,1180.0,0.023,460.0
1753547048773,16:24:08.773,ACH/USDT:USDT,0.022991,1180.0,0.02299,370.0,0.022995,1180.0,0.023,460.0
1753547048874,16:24:08.874,ACH/USDT:USDT,0.022991,1180.0,0.02299,370.0,0.022995,1180.0,0.023,460.0
1753547049275,16:24:09.275,ACH/USDT:USDT,0.022991,1180.0,0.02299,370.0,0.022995,1180.0,0.023,460.0
1753547049677,16:24:09.677,ACH/USDT:USDT,0.022991,1180.0,0.02299,370.0,0.022995,1180.0,0.023,460.0
1753547049775,16:24:09.775,ACH/USDT:USDT,0.022991,1180.0,0.02299,370.0,0.022995,1180.0,0.023,460.0
1753547049874,16:24:09.874,ACH/USDT:USDT,0.022991,1180.0,0.02299,370.0,0.022995,1180.0,0.023,460.0
1753547049974,16:24:09.974,ACH/USDT:USDT,0.022991,1180.0,0.02299,370.0,0.022995,1180.0,0.023,460.0
1753547050873,16:24:10.873,ACH/USDT:USDT,0.022991,1640.0,0.02299,370.0,0.022995,1180.0,0.023,460.0
1753547050974,16:24:10.974,ACH/USDT:USDT,0.022991,1640.0,0.02299,370.0,0.022995,1180.0,0.023,460.0
1753547051474,16:24:11.474,ACH/USDT:USDT,0.022993,370.0,0.022991,1640.0,0.023,460.0,0.023003,3370.0
1753547051575,16:24:11.575,ACH/USDT:USDT,0.022993,370.0,0.022991,1640.0,0.022998,1180.0,0.023,460.0
1753547051673,16:24:11.673,ACH/USDT:USDT,0.022991,1640.0,0.02299,370.0,0.022997,1190.0,0.023,460.0
1753547051773,16:24:11.773,ACH/USDT:USDT,0.022991,1640.0,0.02299,370.0,0.022997,1190.0,0.023,460.0
1753547051974,16:24:11.974,ACH/USDT:USDT,0.022991,1640.0,0.02299,370.0,0.022997,1190.0,0.023,460.0
1753547052073,16:24:12.073,ACH/USDT:USDT,0.022991,1640.0,0.02299,370.0,0.022997,1190.0,0.023,460.0
1753547052174,16:24:12.174,ACH/USDT:USDT,0.022991,2130.0,0.02299,370.0,0.022997,1190.0,0.023,460.0
1753547052375,16:24:12.375,ACH/USDT:USDT,0.022991,2130.0,0.02299,370.0,0.022997,1190.0,0.023,460.0
1753547052674,16:24:12.674,ACH/USDT:USDT,0.022991,2130.0,0.02299,370.0,0.022996,1190.0,0.023,460.0
1753547053274,16:24:13.274,ACH/USDT:USDT,0.022991,2130.0,0.02299,370.0,0.022996,1190.0,0.023,460.0
1753547054375,16:24:14.375,ACH/USDT:USDT,0.022991,2130.0,0.02299,370.0,0.022995,1190.0,0.023,460.0
1753547054473,16:24:14.473,ACH/USDT:USDT,0.022991,2130.0,0.02299,370.0,0.022995,1190.0,0.023,460.0
1753547054575,16:24:14.575,ACH/USDT:USDT,0.022991,2130.0,0.02299,370.0,0.022995,1190.0,0.023,460.0
1753547054773,16:24:14.773,ACH/USDT:USDT,0.022991,2130.0,0.02299,370.0,0.022995,1190.0,0.023,460.0
1753547055074,16:24:15.074,ACH/USDT:USDT,0.022991,1640.0,0.02299,370.0,0.022995,1190.0,0.023,460.0
1753547055173,16:24:15.173,ACH/USDT:USDT,0.022991,1640.0,0.02299,370.0,0.022995,1190.0,0.023,460.0
1753547055276,16:24:15.276,ACH/USDT:USDT,0.022991,1180.0,0.02299,370.0,0.022994,1190.0,0.022998,380.0
1753547055377,16:24:15.377,ACH/USDT:USDT,0.022991,1180.0,0.02299,370.0,0.022994,1190.0,0.022998,380.0
1753547055475,16:24:15.475,ACH/USDT:USDT,0.022991,1180.0,0.02299,370.0,0.022994,1190.0,0.022998,380.0
1753547055575,16:24:15.575,ACH/USDT:USDT,0.022993,460.0,0.022991,1560.0,0.023,460.0,0.023002,380.0
1753547055674,16:24:15.674,ACH/USDT:USDT,0.022993,460.0,0.022991,1560.0,0.023,460.0,0.023002,380.0
1753547055774,16:24:15.774,ACH/USDT:USDT,0.022995,380.0,0.022993,460.0,0.023,460.0,0.023002,380.0
1753547055874,16:24:15.874,ACH/USDT:USDT,0.022995,380.0,0.022993,460.0,0.023,460.0,0.023002,380.0
1753547055975,16:24:15.975,ACH/USDT:USDT,0.022995,380.0,0.022993,460.0,0.023,460.0,0.023002,380.0
1753547056275,16:24:16.275,ACH/USDT:USDT,0.022995,380.0,0.022993,460.0,0.023,460.0,0.023002,380.0
1753547056475,16:24:16.475,ACH/USDT:USDT,0.022995,380.0,0.022993,460.0,0.023,460.0,0.023002,380.0
1753547056974,16:24:16.974,ACH/USDT:USDT,0.022995,380.0,0.022993,460.0,0.023,460.0,0.023002,380.0
1753547057174,16:24:17.174,ACH/USDT:USDT,0.022995,380.0,0.022993,460.0,0.023,460.0,0.023002,380.0
1753547057273,16:24:17.273,ACH/USDT:USDT,0.022995,380.0,0.022993,460.0,0.023,460.0,0.023002,380.0
1753547057674,16:24:17.674,ACH/USDT:USDT,0.022995,380.0,0.022993,460.0,0.023,460.0,0.023002,380.0
1753547057774,16:24:17.774,ACH/USDT:USDT,0.022995,380.0,0.022993,460.0,0.023,460.0,0.023002,380.0
1753547057974,16:24:17.974,ACH/USDT:USDT,0.023002,380.0,0.023001,1180.0,0.023005,240.0,0.023009,380.0
1753547058074,16:24:18.074,ACH/USDT:USDT,0.023002,380.0,0.023,380.0,0.023005,240.0,0.023009,380.0
1753547058173,16:24:18.173,ACH/USDT:USDT,0.023002,380.0,0.023,380.0,0.023005,240.0,0.023009,380.0
1753547058275,16:24:18.275,ACH/USDT:USDT,0.023002,380.0,0.023,380.0,0.023005,240.0,0.023009,380.0
1753547058473,16:24:18.473,ACH/USDT:USDT,0.023002,380.0,0.023,380.0,0.023005,240.0,0.023009,380.0
1753547058575,16:24:18.575,ACH/USDT:USDT,0.023002,380.0,0.023,380.0,0.023005,240.0,0.023009,380.0
1753547058675,16:24:18.675,ACH/USDT:USDT,0.023002,380.0,0.023,380.0,0.023005,240.0,0.023009,380.0
1753547058773,16:24:18.773,ACH/USDT:USDT,0.023002,380.0,0.023,380.0,0.023005,240.0,0.023009,380.0
1753547058975,16:24:18.975,ACH/USDT:USDT,0.023002,380.0,0.023,380.0,0.023005,240.0,0.023009,380.0
1753547059173,16:24:19.173,ACH/USDT:USDT,0.023002,380.0,0.023,380.0,0.023005,240.0,0.023009,380.0
1753547059274,16:24:19.274,ACH/USDT:USDT,0.023002,380.0,0.023,380.0,0.023005,240.0,0.023009,380.0
1753547059474,16:24:19.474,ACH/USDT:USDT,0.023002,380.0,0.023,380.0,0.023005,240.0,0.023009,380.0
1753547059574,16:24:19.574,ACH/USDT:USDT,0.023002,380.0,0.023,380.0,0.023005,240.0,0.023009,380.0
1753547059774,16:24:19.774,ACH/USDT:USDT,0.023002,380.0,0.023,380.0,0.023005,240.0,0.023009,380.0
1753547059875,16:24:19.875,ACH/USDT:USDT,0.023002,380.0,0.023,380.0,0.023005,240.0,0.023009,380.0
1753547060073,16:24:20.073,ACH/USDT:USDT,0.023002,380.0,0.023,380.0,0.023005,240.0,0.023009,380.0
1753547060175,16:24:20.175,ACH/USDT:USDT,0.023002,380.0,0.023,380.0,0.023005,240.0,0.023009,380.0
1753547060274,16:24:20.274,ACH/USDT:USDT,0.023002,5190.0,0.023,380.0,0.023005,240.0,0.023009,380.0
1753547060375,16:24:20.375,ACH/USDT:USDT,0.023002,5190.0,0.023,380.0,0.023005,240.0,0.023009,380.0
1753547060474,16:24:20.474,ACH/USDT:USDT,0.023004,5270.0,0.023002,380.0,0.023005,240.0,0.023009,380.0
1753547060773,16:24:20.773,ACH/USDT:USDT,0.023004,5270.0,0.023002,380.0,0.023005,240.0,0.023009,380.0
1753547060873,16:24:20.873,ACH/USDT:USDT,0.023004,5270.0,0.023002,380.0,0.023005,240.0,0.023009,380.0
1753547061074,16:24:21.074,ACH/USDT:USDT,0.023004,5270.0,0.023002,380.0,0.023005,240.0,0.023009,380.0
1753547061274,16:24:21.274,ACH/USDT:USDT,0.023004,5270.0,0.023002,380.0,0.023005,240.0,0.02301,1360.0
1753547061375,16:24:21.375,ACH/USDT:USDT,0.023004,5270.0,0.023002,380.0,0.023005,240.0,0.02301,1360.0
1753547061474,16:24:21.474,ACH/USDT:USDT,0.023004,5270.0,0.023002,380.0,0.023005,240.0,0.02301,1360.0
1753547061875,16:24:21.875,ACH/USDT:USDT,0.023004,5270.0,0.023002,380.0,0.023005,240.0,0.02301,1360.0
1753547062373,16:24:22.373,ACH/USDT:USDT,0.023004,5270.0,0.023002,380.0,0.023005,240.0,0.02301,1360.0
1753547062475,16:24:22.475,ACH/USDT:USDT,0.023004,5270.0,0.023002,380.0,0.023005,240.0,0.02301,1360.0
1753547062676,16:24:22.676,ACH/USDT:USDT,0.023004,5270.0,0.023002,380.0,0.023005,240.0,0.02301,1360.0
1753547062874,16:24:22.874,ACH/USDT:USDT,0.023004,5270.0,0.023002,380.0,0.023005,240.0,0.02301,240.0
1753547062973,16:24:22.973,ACH/USDT:USDT,0.023004,5270.0,0.023002,380.0,0.023005,240.0,0.02301,240.0
1753547063575,16:24:23.575,ACH/USDT:USDT,0.023009,6140.0,0.023007,1250.0,0.02301,240.0,0.023015,1360.0
1753547063680,16:24:23.680,ACH/USDT:USDT,0.023009,6140.0,0.023007,1250.0,0.02301,240.0,0.023015,1360.0
1753547063775,16:24:23.775,ACH/USDT:USDT,0.023009,6140.0,0.023007,1250.0,0.02301,240.0,0.023015,240.0
1753547063875,16:24:23.875,ACH/USDT:USDT,0.023009,11780.0,0.023007,1250.0,0.02301,240.0,0.023015,240.0
1753547063975,16:24:23.975,ACH/USDT:USDT,0.023009,11780.0,0.023007,1250.0,0.02301,240.0,0.023015,240.0
1753547064175,16:24:24.175,ACH/USDT:USDT,0.023009,12270.0,0.023007,1250.0,0.02301,240.0,0.023015,240.0
1753547064275,16:24:24.275,ACH/USDT:USDT,0.023009,12270.0,0.023007,1250.0,0.02301,240.0,0.023015,240.0
1753547064574,16:24:24.574,ACH/USDT:USDT,0.023009,12270.0,0.023007,1250.0,0.02301,240.0,0.023015,240.0
1753547065175,16:24:25.175,ACH/USDT:USDT,0.023009,12270.0,0.023007,1250.0,0.02301,240.0,0.023015,240.0
1753547065674,16:24:25.674,ACH/USDT:USDT,0.023009,11400.0,0.023007,380.0,0.02301,240.0,0.023015,240.0
1753547065773,16:24:25.773,ACH/USDT:USDT,0.023009,11400.0,0.023007,380.0,0.02301,240.0,0.023015,240.0
1753547065873,16:24:25.873,ACH/USDT:USDT,0.023009,11400.0,0.023007,380.0,0.02301,240.0,0.023015,240.0
1753547066174,16:24:26.174,ACH/USDT:USDT,0.023009,10910.0,0.023007,380.0,0.02301,240.0,0.023015,240.0
1753547066273,16:24:26.273,ACH/USDT:USDT,0.023009,10910.0,0.023007,380.0,0.02301,240.0,0.023015,240.0
1753547066373,16:24:26.373,ACH/USDT:USDT,0.023009,10910.0,0.023007,380.0,0.02301,240.0,0.023015,240.0
1753547066474,16:24:26.474,ACH/USDT:USDT,0.023009,10910.0,0.023007,380.0,0.02301,240.0,0.023015,240.0
1753547067074,16:24:27.074,ACH/USDT:USDT,0.023009,10910.0,0.023007,380.0,0.02301,240.0,0.023015,240.0
1753547068774,16:24:28.774,ACH/USDT:USDT,0.023012,5190.0,0.023009,6100.0,0.023015,240.0,0.023017,10.0
1753547068873,16:24:28.873,ACH/USDT:USDT,0.023012,5190.0,0.023009,6100.0,0.023015,240.0,0.023017,10.0
1753547068973,16:24:28.973,ACH/USDT:USDT,0.023012,5190.0,0.023009,6100.0,0.023015,240.0,0.023017,10.0
1753547069074,16:24:29.074,ACH/USDT:USDT,0.023014,460.0,0.023012,380.0,0.023015,240.0,0.023017,10.0
1753547069175,16:24:29.175,ACH/USDT:USDT,0.023012,380.0,0.023009,6100.0,0.023015,240.0,0.023017,10.0
1753547069274,16:24:29.274,ACH/USDT:USDT,0.023012,380.0,0.023009,6100.0,0.023015,240.0,0.023017,10.0
1753547069775,16:24:29.775,ACH/USDT:USDT,0.023012,380.0,0.023009,6100.0,0.023015,240.0,0.023017,10.0
1753547070175,16:24:30.175,ACH/USDT:USDT,0.023012,380.0,0.023009,6100.0,0.023015,240.0,0.023017,10.0
1753547070273,16:24:30.273,ACH/USDT:USDT,0.023012,380.0,0.023009,6100.0,0.023015,240.0,0.023017,10.0
1753547070473,16:24:30.473,ACH/USDT:USDT,0.023012,380.0,0.023009,6100.0,0.023015,240.0,0.023017,10.0
1753547070675,16:24:30.675,ACH/USDT:USDT,0.023012,380.0,0.023009,6100.0,0.023015,240.0,0.023017,10.0
1753547070774,16:24:30.774,ACH/USDT:USDT,0.023012,380.0,0.023009,6100.0,0.023015,240.0,0.023017,10.0
1753547071681,16:24:31.681,ACH/USDT:USDT,0.023012,380.0,0.023009,6100.0,0.023015,240.0,0.023017,10.0
1753547071875,16:24:31.875,ACH/USDT:USDT,0.023012,380.0,0.023009,6100.0,0.023015,240.0,0.023017,10.0
1753547072074,16:24:32.074,ACH/USDT:USDT,0.023012,380.0,0.023009,6100.0,0.023015,240.0,0.023017,10.0
1753547072176,16:24:32.176,ACH/USDT:USDT,0.023012,380.0,0.023009,6100.0,0.023015,240.0,0.023017,10.0
1753547072275,16:24:32.275,ACH/USDT:USDT,0.023012,380.0,0.023009,6100.0,0.023015,240.0,0.023017,10.0
1753547072375,16:24:32.375,ACH/USDT:USDT,0.023013,1180.0,0.023012,380.0,0.023015,240.0,0.023017,10.0
1753547072475,16:24:32.475,ACH/USDT:USDT,0.023014,460.0,0.023012,380.0,0.023015,240.0,0.023017,10.0
1753547072773,16:24:32.773,ACH/USDT:USDT,0.023014,460.0,0.023012,380.0,0.023015,240.0,0.023017,10.0
1753547072873,16:24:32.873,ACH/USDT:USDT,0.023014,460.0,0.023012,380.0,0.023015,240.0,0.023017,10.0
1753547072974,16:24:32.974,ACH/USDT:USDT,0.023014,460.0,0.023012,380.0,0.023015,240.0,0.023017,10.0
1753547073075,16:24:33.075,ACH/USDT:USDT,0.023014,460.0,0.023012,380.0,0.023015,240.0,0.023017,10.0
1753547073174,16:24:33.174,ACH/USDT:USDT,0.023014,460.0,0.023012,380.0,0.023015,240.0,0.023017,10.0
1753547073473,16:24:33.473,ACH/USDT:USDT,0.023014,460.0,0.023012,380.0,0.023015,240.0,0.023017,10.0
1753547073575,16:24:33.575,ACH/USDT:USDT,0.023014,460.0,0.023012,1120.0,0.023015,240.0,0.023017,10.0
1753547073676,16:24:33.676,ACH/USDT:USDT,0.023014,460.0,0.023012,1120.0,0.023015,240.0,0.023017,10.0
1753547073774,16:24:33.774,ACH/USDT:USDT,0.023014,460.0,0.023012,1120.0,0.023015,240.0,0.023017,10.0
1753547073875,16:24:33.875,ACH/USDT:USDT,0.023016,1330.0,0.023014,1330.0,0.023017,10.0,0.02302,240.0
1753547073974,16:24:33.974,ACH/USDT:USDT,0.023016,6140.0,0.023014,1330.0,0.023017,10.0,0.02302,240.0
1753547074075,16:24:34.075,ACH/USDT:USDT,0.023016,6140.0,0.023014,1330.0,0.023017,10.0,0.02302,240.0
1753547074176,16:24:34.176,ACH/USDT:USDT,0.023016,6140.0,0.023014,1330.0,0.023017,10.0,0.02302,240.0
1753547074476,16:24:34.476,ACH/USDT:USDT,0.023016,6140.0,0.023014,1330.0,0.023017,10.0,0.02302,240.0
1753547074575,16:24:34.575,ACH/USDT:USDT,0.023016,6140.0,0.023014,1330.0,0.023017,10.0,0.02302,240.0
1753547074675,16:24:34.675,ACH/USDT:USDT,0.023019,1140.0,0.023016,9810.0,0.02302,240.0,0.023025,240.0
1753547074775,16:24:34.775,ACH/USDT:USDT,0.023019,1140.0,0.023016,9810.0,0.02302,240.0,0.023025,240.0
1753547074873,16:24:34.873,ACH/USDT:USDT,0.023019,1140.0,0.023016,9810.0,0.02302,240.0,0.023025,240.0
1753547074973,16:24:34.973,ACH/USDT:USDT,0.023019,910.0,0.023016,9810.0,0.02302,240.0,0.023025,240.0
1753547075074,16:24:35.074,ACH/USDT:USDT,0.023019,910.0,0.023016,9810.0,0.02302,240.0,0.023025,240.0
1753547075374,16:24:35.374,ACH/USDT:USDT,0.023019,910.0,0.023016,9810.0,0.02302,240.0,0.023025,240.0
1753547075473,16:24:35.473,ACH/USDT:USDT,0.023019,910.0,0.023016,9810.0,0.02302,240.0,0.023025,240.0
1753547075576,16:24:35.576,ACH/USDT:USDT,0.023022,380.0,0.023019,680.0,0.023025,240.0,0.023027,3170.0
1753547075680,16:24:35.680,ACH/USDT:USDT,0.023019,450.0,0.023016,8940.0,0.023025,1130.0,0.023027,3170.0
1753547075874,16:24:35.874,ACH/USDT:USDT,0.023019,450.0,0.023016,8940.0,0.023024,1190.0,0.023025,1130.0
1753547075975,16:24:35.975,ACH/USDT:USDT,0.023019,220.0,0.023016,8940.0,0.023023,1190.0,0.023025,1130.0
1753547076075,16:24:36.075,ACH/USDT:USDT,0.023019,220.0,0.023016,8940.0,0.023023,1190.0,0.023025,1130.0
1753547076174,16:24:36.174,ACH/USDT:USDT,0.023019,220.0,0.023016,8940.0,0.023023,1190.0,0.023025,1130.0
1753547076273,16:24:36.273,ACH/USDT:USDT,0.023019,220.0,0.023016,8940.0,0.023023,1190.0,0.023025,1130.0
1753547076373,16:24:36.373,ACH/USDT:USDT,0.023019,220.0,0.023016,8940.0,0.023022,1190.0,0.023025,1130.0
1753547076474,16:24:36.474,ACH/USDT:USDT,0.023019,220.0,0.023016,8940.0,0.023022,1190.0,0.023025,1130.0
1753547076674,16:24:36.674,ACH/USDT:USDT,0.023019,220.0,0.023016,8940.0,0.023022,1190.0,0.023025,1130.0
1753547076775,16:24:36.775,ACH/USDT:USDT,0.023019,220.0,0.023016,8940.0,0.023022,1190.0,0.023025,1130.0
1753547076873,16:24:36.873,ACH/USDT:USDT,0.023019,220.0,0.023016,8940.0,0.023022,1190.0,0.023025,1130.0
1753547076974,16:24:36.974,ACH/USDT:USDT,0.023019,220.0,0.023016,8940.0,0.023022,1190.0,0.023025,1130.0
1753547077073,16:24:37.073,ACH/USDT:USDT,0.023019,220.0,0.023016,8940.0,0.023022,1190.0,0.023025,1130.0
1753547077274,16:24:37.274,ACH/USDT:USDT,0.023019,220.0,0.023016,8940.0,0.023022,1190.0,0.023025,1130.0
1753547077474,16:24:37.474,ACH/USDT:USDT,0.023019,220.0,0.023016,8940.0,0.023022,1190.0,0.023025,1130.0
1753547077875,16:24:37.875,ACH/USDT:USDT,0.023021,460.0,0.023019,220.0,0.023025,1430.0,0.023027,3170.0
1753547077974,16:24:37.974,ACH/USDT:USDT,0.023021,460.0,0.023019,220.0,0.023025,1430.0,0.023027,3170.0
1753547078174,16:24:38.174,ACH/USDT:USDT,0.023022,1180.0,0.023021,460.0,0.023025,1430.0,0.023027,3170.0
1753547078475,16:24:38.475,ACH/USDT:USDT,0.023022,1180.0,0.023021,460.0,0.023025,1430.0,0.023027,3170.0
1753547078574,16:24:38.574,ACH/USDT:USDT,0.023022,1180.0,0.023021,460.0,0.023025,1430.0,0.023027,3170.0
1753547078674,16:24:38.674,ACH/USDT:USDT,0.023022,1180.0,0.023021,460.0,0.023025,1430.0,0.023027,3170.0
1753547078773,16:24:38.773,ACH/USDT:USDT,0.023022,1180.0,0.023021,460.0,0.023025,1430.0,0.023027,3170.0
1753547078873,16:24:38.873,ACH/USDT:USDT,0.023022,1180.0,0.023021,460.0,0.023025,1430.0,0.023027,3170.0
1753547078974,16:24:38.974,ACH/USDT:USDT,0.023022,1180.0,0.023021,460.0,0.023025,1430.0,0.023027,3170.0
1753547079075,16:24:39.075,ACH/USDT:USDT,0.023022,6860.0,0.023021,460.0,0.023025,1430.0,0.023027,3170.0
1753547079975,16:24:39.975,ACH/USDT:USDT,0.023022,6860.0,0.023021,460.0,0.023025,1430.0,0.023027,3170.0
1753547080276,16:24:40.276,ACH/USDT:USDT,0.023022,6860.0,0.023021,460.0,0.023025,1430.0,0.023027,3170.0
1753547080374,16:24:40.374,ACH/USDT:USDT,0.023022,6860.0,0.023021,460.0,0.023025,1430.0,0.023027,3170.0
1753547080873,16:24:40.873,ACH/USDT:USDT,0.023022,6860.0,0.023021,460.0,0.023025,1430.0,0.023027,3170.0
1753547080974,16:24:40.974,ACH/USDT:USDT,0.023022,6860.0,0.023021,460.0,0.023025,1430.0,0.023027,3170.0
1753547081375,16:24:41.375,ACH/USDT:USDT,0.023026,1180.0,0.023025,610.0,0.023027,3170.0,0.02303,260.0
1753547081475,16:24:41.475,ACH/USDT:USDT,0.023026,5990.0,0.023025,610.0,0.023027,3170.0,0.02303,260.0
1753547081573,16:24:41.573,ACH/USDT:USDT,0.023026,5990.0,0.023025,610.0,0.023027,3170.0,0.02303,260.0
1753547081775,16:24:41.775,ACH/USDT:USDT,0.023026,5990.0,0.023025,610.0,0.023027,3170.0,0.02303,260.0
1753547081874,16:24:41.874,ACH/USDT:USDT,0.023026,5990.0,0.023025,610.0,0.023027,3170.0,0.02303,260.0
1753547082173,16:24:42.173,ACH/USDT:USDT,0.023026,6480.0,0.023025,610.0,0.023027,3170.0,0.02303,260.0
1753547082273,16:24:42.273,ACH/USDT:USDT,0.023026,6480.0,0.023025,610.0,0.023027,3170.0,0.02303,260.0
1753547082374,16:24:42.374,ACH/USDT:USDT,0.023029,1180.0,0.023027,870.0,0.02303,260.0,0.023035,700.0
1753547082475,16:24:42.475,ACH/USDT:USDT,0.023026,5750.0,0.023025,610.0,0.02303,260.0,0.023035,700.0
1753547082573,16:24:42.573,ACH/USDT:USDT,0.023026,5750.0,0.023025,610.0,0.02303,260.0,0.023035,700.0
1753547082674,16:24:42.674,ACH/USDT:USDT,0.023026,5750.0,0.023025,610.0,0.02303,260.0,0.023035,700.0
1753547082774,16:24:42.774,ACH/USDT:USDT,0.023026,5750.0,0.023025,610.0,0.02303,260.0,0.023035,700.0
1753547082874,16:24:42.874,ACH/USDT:USDT,0.023026,5750.0,0.023025,610.0,0.02303,260.0,0.023035,700.0
1753547082974,16:24:42.974,ACH/USDT:USDT,0.023026,5750.0,0.023025,610.0,0.02303,260.0,0.023035,700.0
1753547083074,16:24:43.074,ACH/USDT:USDT,0.023026,5750.0,0.023025,610.0,0.02303,260.0,0.023035,700.0
1753547083175,16:24:43.175,ACH/USDT:USDT,0.023026,5750.0,0.023025,610.0,0.02303,260.0,0.023035,700.0
1753547083274,16:24:43.274,ACH/USDT:USDT,0.023026,5750.0,0.023025,610.0,0.02303,260.0,0.023035,700.0
1753547083575,16:24:43.575,ACH/USDT:USDT,0.023026,5750.0,0.023025,610.0,0.02303,260.0,0.023035,700.0
1753547083774,16:24:43.774,ACH/USDT:USDT,0.023026,5290.0,0.023025,610.0,0.023029,1190.0,0.02303,260.0
1753547083874,16:24:43.874,ACH/USDT:USDT,0.023026,5290.0,0.023025,610.0,0.023029,1190.0,0.02303,260.0
1753547083974,16:24:43.974,ACH/USDT:USDT,0.023026,5290.0,0.023025,610.0,0.023029,1190.0,0.02303,260.0
1753547084074,16:24:44.074,ACH/USDT:USDT,0.023026,490.0,0.023025,610.0,0.023029,1190.0,0.02303,260.0
1753547084173,16:24:44.173,ACH/USDT:USDT,0.023025,610.0,0.023021,460.0,0.023029,1190.0,0.02303,260.0
1753547084273,16:24:44.273,ACH/USDT:USDT,0.023025,990.0,0.023023,1250.0,0.02303,260.0,0.023032,460.0
1753547084374,16:24:44.374,ACH/USDT:USDT,0.023025,990.0,0.023023,1250.0,0.02303,260.0,0.023032,460.0
1753547084573,16:24:44.573,ACH/USDT:USDT,0.023025,990.0,0.023023,1250.0,0.02303,260.0,0.023032,460.0
1753547084675,16:24:44.675,ACH/USDT:USDT,0.023025,990.0,0.023023,1250.0,0.02303,260.0,0.023032,460.0
1753547084774,16:24:44.774,ACH/USDT:USDT,0.023025,990.0,0.023023,1250.0,0.02303,260.0,0.023032,460.0
1753547084874,16:24:44.874,ACH/USDT:USDT,0.023025,990.0,0.023023,1250.0,0.02303,260.0,0.023032,460.0
1753547085075,16:24:45.075,ACH/USDT:USDT,0.023025,990.0,0.023023,1250.0,0.02303,260.0,0.023032,460.0
1753547085974,16:24:45.974,ACH/USDT:USDT,0.023027,380.0,0.023025,990.0,0.02303,260.0,0.023032,460.0
1753547086074,16:24:46.074,ACH/USDT:USDT,0.023027,380.0,0.023025,990.0,0.02303,260.0,0.023032,460.0
1753547086375,16:24:46.375,ACH/USDT:USDT,0.023027,380.0,0.023025,990.0,0.02303,260.0,0.023032,460.0
1753547087075,16:24:47.075,ACH/USDT:USDT,0.023027,380.0,0.023025,990.0,0.02303,260.0,0.023032,460.0
1753547087373,16:24:47.373,ACH/USDT:USDT,0.023027,380.0,0.023025,990.0,0.02303,260.0,0.023032,460.0
1753547087574,16:24:47.574,ACH/USDT:USDT,0.023027,380.0,0.023025,990.0,0.02303,260.0,0.023032,460.0
1753547088074,16:24:48.074,ACH/USDT:USDT,0.023027,380.0,0.023025,990.0,0.02303,260.0,0.023032,460.0
1753547088176,16:24:48.176,ACH/USDT:USDT,0.023027,380.0,0.023025,990.0,0.02303,260.0,0.023032,460.0
1753547088374,16:24:48.374,ACH/USDT:USDT,0.023027,380.0,0.023025,990.0,0.02303,260.0,0.023032,460.0
1753547088475,16:24:48.475,ACH/USDT:USDT,0.023027,380.0,0.023025,990.0,0.02303,260.0,0.023032,460.0
1753547088573,16:24:48.573,ACH/USDT:USDT,0.023029,5260.0,0.023027,1250.0,0.02303,260.0,0.023035,700.0
1753547088675,16:24:48.675,ACH/USDT:USDT,0.023029,5260.0,0.023027,1250.0,0.02303,260.0,0.023035,700.0
1753547088774,16:24:48.774,ACH/USDT:USDT,0.023029,5260.0,0.023027,1250.0,0.02303,260.0,0.023035,700.0
1753547089274,16:24:49.274,ACH/USDT:USDT,0.023029,5260.0,0.023027,1250.0,0.02303,260.0,0.023035,700.0
1753547089374,16:24:49.374,ACH/USDT:USDT,0.023029,5260.0,0.023027,1250.0,0.02303,260.0,0.023035,700.0
1753547089474,16:24:49.474,ACH/USDT:USDT,0.023029,5260.0,0.023027,1250.0,0.02303,260.0,0.023035,700.0
1753547089574,16:24:49.574,ACH/USDT:USDT,0.023029,5260.0,0.023027,1250.0,0.02303,260.0,0.023035,700.0
1753547089676,16:24:49.676,ACH/USDT:USDT,0.023029,5260.0,0.023027,1250.0,0.02303,260.0,0.023035,700.0
1753547090074,16:24:50.074,ACH/USDT:USDT,0.023029,5260.0,0.023027,1250.0,0.02303,260.0,0.023035,700.0
1753547090174,16:24:50.174,ACH/USDT:USDT,0.023029,5260.0,0.023027,1250.0,0.02303,260.0,0.023035,700.0
1753547090375,16:24:50.375,ACH/USDT:USDT,0.023027,1250.0,0.023025,2600.0,0.023034,2370.0,0.023035,700.0
1753547090473,16:24:50.473,ACH/USDT:USDT,0.023027,1250.0,0.023025,2600.0,0.023033,2370.0,0.023035,700.0
1753547090676,16:24:50.676,ACH/USDT:USDT,0.023027,1250.0,0.023025,2600.0,0.023033,2370.0,0.023035,700.0
1753547090774,16:24:50.774,ACH/USDT:USDT,0.023027,1250.0,0.023025,2600.0,0.023032,1190.0,0.023035,700.0
1753547090873,16:24:50.873,ACH/USDT:USDT,0.023027,1250.0,0.023025,2600.0,0.023032,1190.0,0.023035,700.0
1753547090975,16:24:50.975,ACH/USDT:USDT,0.023027,380.0,0.023025,1730.0,0.023031,1190.0,0.023035,700.0
1753547091074,16:24:51.074,ACH/USDT:USDT,0.023027,380.0,0.023025,990.0,0.023031,1190.0,0.023035,700.0
1753547091375,16:24:51.375,ACH/USDT:USDT,0.023027,380.0,0.023025,990.0,0.023031,1190.0,0.023035,700.0
1753547091475,16:24:51.475,ACH/USDT:USDT,0.023027,380.0,0.023025,990.0,0.023031,1190.0,0.023035,700.0
1753547091774,16:24:51.774,ACH/USDT:USDT,0.023027,380.0,0.023025,990.0,0.023031,1190.0,0.023035,700.0
1753547091873,16:24:51.873,ACH/USDT:USDT,0.023027,380.0,0.023025,990.0,0.023031,1190.0,0.023035,700.0
1753547092574,16:24:52.574,ACH/USDT:USDT,0.023025,610.0,0.02302,2000.0,0.02303,2370.0,0.023031,460.0
1753547092673,16:24:52.673,ACH/USDT:USDT,0.023025,610.0,0.02302,2460.0,0.02303,2370.0,0.023031,460.0
1753547092774,16:24:52.774,ACH/USDT:USDT,0.023025,610.0,0.02302,2460.0,0.02303,2370.0,0.023031,460.0
1753547092873,16:24:52.873,ACH/USDT:USDT,0.023025,610.0,0.02302,2460.0,0.02303,2370.0,0.023031,460.0
1753547093073,16:24:53.073,ACH/USDT:USDT,0.023025,610.0,0.02302,2460.0,0.02303,2860.0,0.023031,460.0
1753547093173,16:24:53.173,ACH/USDT:USDT,0.023025,610.0,0.023023,380.0,0.02303,2860.0,0.023031,460.0
1753547094274,16:24:54.274,ACH/USDT:USDT,0.023025,610.0,0.023023,380.0,0.02303,2860.0,0.023031,460.0
1753547094673,16:24:54.673,ACH/USDT:USDT,0.023025,610.0,0.023023,380.0,0.02303,2860.0,0.023031,460.0
1753547095174,16:24:55.174,ACH/USDT:USDT,0.023025,610.0,0.023023,380.0,0.02303,2860.0,0.023031,460.0
1753547095275,16:24:55.275,ACH/USDT:USDT,0.023027,740.0,0.02302,460.0,0.023028,1560.0,0.02303,870.0
1753547095375,16:24:55.375,ACH/USDT:USDT,0.023027,740.0,0.02302,460.0,0.023028,380.0,0.02303,870.0
1753547095473,16:24:55.473,ACH/USDT:USDT,0.023027,740.0,0.02302,460.0,0.023028,380.0,0.02303,870.0
1753547095575,16:24:55.575,ACH/USDT:USDT,0.023027,740.0,0.02302,460.0,0.023028,380.0,0.02303,870.0
1753547095874,16:24:55.874,ACH/USDT:USDT,0.023027,740.0,0.02302,460.0,0.023028,380.0,0.02303,870.0
1753547095974,16:24:55.974,ACH/USDT:USDT,0.023027,740.0,0.02302,460.0,0.023028,380.0,0.02303,870.0
1753547096075,16:24:56.075,ACH/USDT:USDT,0.023027,740.0,0.02302,460.0,0.023028,870.0,0.02303,380.0
1753547096373,16:24:56.373,ACH/USDT:USDT,0.023027,740.0,0.02302,460.0,0.023028,870.0,0.02303,380.0
1753547096575,16:24:56.575,ACH/USDT:USDT,0.023027,740.0,0.02302,1580.0,0.023028,870.0,0.02303,380.0
1753547096674,16:24:56.674,ACH/USDT:USDT,0.023027,740.0,0.02302,1580.0,0.023028,870.0,0.02303,380.0
1753547097074,16:24:57.074,ACH/USDT:USDT,0.023027,740.0,0.02302,1580.0,0.023028,870.0,0.02303,380.0
1753547097174,16:24:57.174,ACH/USDT:USDT,0.023027,740.0,0.02302,1580.0,0.023028,870.0,0.02303,380.0
1753547097573,16:24:57.573,ACH/USDT:USDT,0.023027,740.0,0.02302,1580.0,0.023028,870.0,0.02303,380.0
1753547097677,16:24:57.677,ACH/USDT:USDT,0.023027,740.0,0.02302,1580.0,0.023028,870.0,0.02303,380.0
1753547097773,16:24:57.773,ACH/USDT:USDT,0.023027,740.0,0.02302,1580.0,0.023028,870.0,0.02303,380.0
1753547097873,16:24:57.873,ACH/USDT:USDT,0.023027,740.0,0.02302,1580.0,0.023028,870.0,0.02303,380.0
1753547098075,16:24:58.075,ACH/USDT:USDT,0.023027,740.0,0.02302,1580.0,0.023028,870.0,0.02303,380.0
1753547098373,16:24:58.373,ACH/USDT:USDT,0.023027,740.0,0.02302,1580.0,0.023028,870.0,0.02303,380.0
1753547098473,16:24:58.473,ACH/USDT:USDT,0.023027,740.0,0.02302,1580.0,0.023028,870.0,0.02303,380.0
1753547098573,16:24:58.573,ACH/USDT:USDT,0.023027,740.0,0.02302,1580.0,0.023028,870.0,0.02303,380.0
1753547098676,16:24:58.676,ACH/USDT:USDT,0.023027,740.0,0.02302,1580.0,0.023028,870.0,0.02303,380.0
1753547099375,16:24:59.375,ACH/USDT:USDT,0.023039,600.0,0.023035,380.0,0.02304,240.0,0.023044,380.0
1753547099475,16:24:59.475,ACH/USDT:USDT,0.023036,2370.0,0.023035,380.0,0.02304,240.0,0.023041,2170.0
1753547099574,16:24:59.574,ACH/USDT:USDT,0.023036,1190.0,0.023035,380.0,0.02304,240.0,0.023041,2170.0
1753547099673,16:24:59.673,ACH/USDT:USDT,0.023036,1190.0,0.023035,380.0,0.02304,240.0,0.023041,2170.0
1753547099874,16:24:59.874,ACH/USDT:USDT,0.023036,1190.0,0.023035,380.0,0.02304,240.0,0.023041,2170.0
1753547099973,16:24:59.973,ACH/USDT:USDT,0.023036,1190.0,0.023035,380.0,0.02304,240.0,0.023041,2170.0
1753547100075,16:25:00.075,ACH/USDT:USDT,0.023036,1190.0,0.023035,380.0,0.023039,300.0,0.02304,730.0
1753547100175,16:25:00.175,ACH/USDT:USDT,0.023036,1190.0,0.023035,380.0,0.023039,300.0,0.02304,730.0
1753547100273,16:25:00.273,ACH/USDT:USDT,0.023036,1190.0,0.023035,380.0,0.023039,300.0,0.02304,730.0
1753547100474,16:25:00.474,ACH/USDT:USDT,0.02303,1190.0,0.023029,380.0,0.023039,940.0,0.02304,2900.0
1753547100574,16:25:00.574,ACH/USDT:USDT,0.023031,1190.0,0.02303,1190.0,0.023039,940.0,0.02304,2900.0
1753547100676,16:25:00.676,ACH/USDT:USDT,0.023031,1190.0,0.023029,380.0,0.023039,940.0,0.02304,2900.0
1753547100975,16:25:00.975,ACH/USDT:USDT,0.023031,1190.0,0.023029,380.0,0.023039,940.0,0.02304,2900.0
1753547101074,16:25:01.074,ACH/USDT:USDT,0.023031,1190.0,0.023029,380.0,0.023039,1430.0,0.02304,2410.0
1753547101175,16:25:01.175,ACH/USDT:USDT,0.023031,1190.0,0.023029,380.0,0.023039,1430.0,0.02304,2410.0
1753547101275,16:25:01.275,ACH/USDT:USDT,0.023032,1190.0,0.023029,380.0,0.023039,1200.0,0.02304,2410.0
1753547101375,16:25:01.375,ACH/USDT:USDT,0.023033,1190.0,0.023029,380.0,0.023039,1200.0,0.02304,2410.0
1753547101473,16:25:01.473,ACH/USDT:USDT,0.023033,1190.0,0.023029,380.0,0.023039,1200.0,0.02304,2410.0
1753547101575,16:25:01.575,ACH/USDT:USDT,0.023033,1190.0,0.023029,380.0,0.023039,1200.0,0.02304,2410.0
1753547101674,16:25:01.674,ACH/USDT:USDT,0.023034,1190.0,0.023029,380.0,0.023039,1200.0,0.02304,2410.0
1753547101773,16:25:01.773,ACH/USDT:USDT,0.023035,1190.0,0.023034,1190.0,0.023039,1200.0,0.02304,2410.0
1753547101875,16:25:01.875,ACH/USDT:USDT,0.023035,1190.0,0.023029,380.0,0.023039,1200.0,0.02304,2410.0
1753547101973,16:25:01.973,ACH/USDT:USDT,0.023035,1190.0,0.023029,380.0,0.023039,3370.0,0.02304,2410.0
1753547102175,16:25:02.175,ACH/USDT:USDT,0.023035,1190.0,0.023029,380.0,0.023039,3370.0,0.02304,2410.0
1753547102476,16:25:02.476,ACH/USDT:USDT,0.023036,1190.0,0.023029,380.0,0.023039,3370.0,0.02304,240.0
1753547102574,16:25:02.574,ACH/USDT:USDT,0.023037,1190.0,0.023031,380.0,0.023039,1200.0,0.02304,240.0
1753547102675,16:25:02.675,ACH/USDT:USDT,0.023037,1190.0,0.023031,380.0,0.023039,1200.0,0.02304,240.0
1753547102875,16:25:02.875,ACH/USDT:USDT,0.023037,1190.0,0.023031,380.0,0.023039,1200.0,0.02304,240.0
1753547103074,16:25:03.074,ACH/USDT:USDT,0.023037,1190.0,0.023031,380.0,0.023039,710.0,0.02304,240.0
1753547103175,16:25:03.175,ACH/USDT:USDT,0.023037,1190.0,0.023031,380.0,0.023039,710.0,0.02304,240.0
1753547103275,16:25:03.275,ACH/USDT:USDT,0.023037,1190.0,0.023031,380.0,0.023039,710.0,0.02304,240.0
1753547103375,16:25:03.375,ACH/USDT:USDT,0.023037,1190.0,0.023031,380.0,0.023039,710.0,0.02304,240.0
1753547103475,16:25:03.475,ACH/USDT:USDT,0.023037,1190.0,0.023033,380.0,0.023039,710.0,0.02304,240.0
1753547103574,16:25:03.574,ACH/USDT:USDT,0.023038,1190.0,0.023033,380.0,0.023039,710.0,0.02304,240.0
1753547103674,16:25:03.674,ACH/USDT:USDT,0.023038,1190.0,0.023033,380.0,0.023039,710.0,0.02304,240.0
1753547103774,16:25:03.774,ACH/USDT:USDT,0.023038,1190.0,0.023033,380.0,0.023039,710.0,0.02304,240.0
1753547104375,16:25:04.375,ACH/USDT:USDT,0.023038,1190.0,0.023033,380.0,0.023039,710.0,0.02304,240.0
1753547104476,16:25:04.476,ACH/USDT:USDT,0.023038,1190.0,0.023033,380.0,0.023039,710.0,0.02304,240.0
1753547104574,16:25:04.574,ACH/USDT:USDT,0.023038,1190.0,0.023033,380.0,0.023039,710.0,0.02304,240.0
1753547104676,16:25:04.676,ACH/USDT:USDT,0.023031,380.0,0.023029,380.0,0.023039,710.0,0.02304,240.0
1753547104774,16:25:04.774,ACH/USDT:USDT,0.023031,380.0,0.023029,380.0,0.023039,1050.0,0.02304,240.0
1753547104873,16:25:04.873,ACH/USDT:USDT,0.023031,380.0,0.023029,380.0,0.023039,1050.0,0.02304,240.0
1753547105074,16:25:05.074,ACH/USDT:USDT,0.023031,380.0,0.023029,380.0,0.023039,1240.0,0.02304,240.0
1753547105274,16:25:05.274,ACH/USDT:USDT,0.023032,1190.0,0.023031,380.0,0.023039,900.0,0.02304,240.0
1753547105374,16:25:05.374,ACH/USDT:USDT,0.023032,1190.0,0.023031,380.0,0.023039,1280.0,0.02304,2410.0
1753547105475,16:25:05.475,ACH/USDT:USDT,0.023032,1190.0,0.023031,380.0,0.023039,900.0,0.02304,2410.0
1753547105873,16:25:05.873,ACH/USDT:USDT,0.023032,1190.0,0.023031,380.0,0.023039,900.0,0.02304,2410.0
1753547105974,16:25:05.974,ACH/USDT:USDT,0.023032,1190.0,0.023031,380.0,0.023039,900.0,0.02304,240.0
1753547106075,16:25:06.075,ACH/USDT:USDT,0.023032,1190.0,0.023031,380.0,0.023039,900.0,0.02304,240.0
1753547106273,16:25:06.273,ACH/USDT:USDT,0.023032,1190.0,0.023031,380.0,0.023039,900.0,0.02304,240.0
1753547106375,16:25:06.375,ACH/USDT:USDT,0.023026,1190.0,0.023025,240.0,0.023032,1490.0,0.023034,350.0
1753547106475,16:25:06.475,ACH/USDT:USDT,0.023026,1190.0,0.023025,240.0,0.023032,1540.0,0.023034,350.0
1753547106575,16:25:06.575,ACH/USDT:USDT,0.023026,1190.0,0.023025,240.0,0.023032,1540.0,0.023034,350.0
1753547106675,16:25:06.675,ACH/USDT:USDT,0.023026,1190.0,0.023025,240.0,0.023032,1540.0,0.023034,350.0
1753547106773,16:25:06.773,ACH/USDT:USDT,0.023027,1190.0,0.023025,240.0,0.023032,1180.0,0.023034,350.0
1753547106873,16:25:06.873,ACH/USDT:USDT,0.023027,1190.0,0.023025,240.0,0.023032,1180.0,0.023034,350.0
1753547107075,16:25:07.075,ACH/USDT:USDT,0.023027,1190.0,0.023025,240.0,0.023032,1180.0,0.023034,350.0
1753547107175,16:25:07.175,ACH/USDT:USDT,0.023027,1190.0,0.023025,240.0,0.023032,1180.0,0.023034,350.0
1753547107274,16:25:07.274,ACH/USDT:USDT,0.023027,1190.0,0.023025,240.0,0.023032,1180.0,0.023034,350.0
1753547107373,16:25:07.373,ACH/USDT:USDT,0.023027,1190.0,0.023025,240.0,0.023032,1180.0,0.023034,350.0
1753547107575,16:25:07.575,ACH/USDT:USDT,0.023027,1190.0,0.023025,240.0,0.023032,1410.0,0.023034,350.0
1753547107680,16:25:07.680,ACH/USDT:USDT,0.023027,1190.0,0.023025,240.0,0.023032,1410.0,0.023034,350.0
1753547107875,16:25:07.875,ACH/USDT:USDT,0.023027,1190.0,0.023025,240.0,0.023032,1410.0,0.023034,350.0
1753547107975,16:25:07.975,ACH/USDT:USDT,0.023027,1190.0,0.023025,240.0,0.023032,1410.0,0.023034,350.0
1753547108075,16:25:08.075,ACH/USDT:USDT,0.023027,1190.0,0.023025,240.0,0.023032,1900.0,0.023034,350.0
1753547108574,16:25:08.574,ACH/USDT:USDT,0.023027,1190.0,0.023025,240.0,0.023032,1900.0,0.023034,350.0
1753547108875,16:25:08.875,ACH/USDT:USDT,0.023027,1190.0,0.023025,240.0,0.023032,1900.0,0.023034,350.0
1753547109874,16:25:09.874,ACH/USDT:USDT,0.023027,1190.0,0.023025,240.0,0.023032,2000.0,0.023034,350.0
1753547110373,16:25:10.373,ACH/USDT:USDT,0.023027,1190.0,0.023025,240.0,0.023032,2000.0,0.023034,350.0
1753547110676,16:25:10.676,ACH/USDT:USDT,0.023027,1190.0,0.023025,240.0,0.023032,2000.0,0.023034,350.0
1753547110875,16:25:10.875,ACH/USDT:USDT,0.023027,1190.0,0.023025,240.0,0.023032,5000.0,0.023034,350.0
1753547110974,16:25:10.974,ACH/USDT:USDT,0.023027,1190.0,0.023025,240.0,0.023032,5000.0,0.023034,350.0
1753547111176,16:25:11.176,ACH/USDT:USDT,0.023027,1190.0,0.023025,240.0,0.023032,5000.0,0.023034,350.0
1753547111275,16:25:11.275,ACH/USDT:USDT,0.023025,240.0,0.023023,380.0,0.023026,1180.0,0.023029,1180.0
1753547111374,16:25:11.374,ACH/USDT:USDT,0.023025,240.0,0.02302,620.0,0.023026,1180.0,0.023029,460.0
1753547111474,16:25:11.474,ACH/USDT:USDT,0.023025,240.0,0.02302,620.0,0.023026,1180.0,0.023029,460.0
1753547111575,16:25:11.575,ACH/USDT:USDT,0.023025,240.0,0.02302,620.0,0.023026,1180.0,0.023029,460.0
1753547111676,16:25:11.676,ACH/USDT:USDT,0.023025,240.0,0.02302,620.0,0.023026,1180.0,0.023029,460.0
1753547111773,16:25:11.773,ACH/USDT:USDT,0.023025,240.0,0.02302,620.0,0.023026,1180.0,0.023029,460.0
1753547111875,16:25:11.875,ACH/USDT:USDT,0.023025,240.0,0.02302,620.0,0.023026,1180.0,0.023029,460.0
1753547112075,16:25:12.075,ACH/USDT:USDT,0.023025,240.0,0.02302,620.0,0.023026,1180.0,0.023029,460.0
1753547112273,16:25:12.273,ACH/USDT:USDT,0.023025,240.0,0.02302,620.0,0.023026,1180.0,0.023029,460.0
1753547112373,16:25:12.373,ACH/USDT:USDT,0.023025,240.0,0.02302,620.0,0.023026,1180.0,0.023029,460.0
1753547112475,16:25:12.475,ACH/USDT:USDT,0.023025,240.0,0.02302,620.0,0.023026,1510.0,0.023029,460.0
1753547112573,16:25:12.573,ACH/USDT:USDT,0.023025,240.0,0.02302,620.0,0.023026,1180.0,0.023029,460.0
1753547112676,16:25:12.676,ACH/USDT:USDT,0.023025,240.0,0.02302,620.0,0.023026,1180.0,0.023029,460.0
1753547112776,16:25:12.776,ACH/USDT:USDT,0.023025,240.0,0.02302,620.0,0.023026,1180.0,0.023029,460.0
1753547112874,16:25:12.874,ACH/USDT:USDT,0.02302,240.0,0.023018,380.0,0.023026,1520.0,0.023029,460.0
1753547112976,16:25:12.976,ACH/USDT:USDT,0.02302,240.0,0.023018,380.0,0.023025,1560.0,0.023026,340.0
1753547113075,16:25:13.075,ACH/USDT:USDT,0.02302,240.0,0.023018,380.0,0.023025,1560.0,0.023026,340.0
1753547113173,16:25:13.173,ACH/USDT:USDT,0.02302,240.0,0.023018,380.0,0.023025,1560.0,0.023026,340.0
1753547113274,16:25:13.274,ACH/USDT:USDT,0.02302,240.0,0.023018,380.0,0.023024,1180.0,0.023026,340.0
1753547113374,16:25:13.374,ACH/USDT:USDT,0.02302,240.0,0.023018,380.0,0.023024,1180.0,0.023026,340.0
1753547113473,16:25:13.473,ACH/USDT:USDT,0.02302,240.0,0.023018,380.0,0.023024,1180.0,0.023026,340.0
1753547113574,16:25:13.574,ACH/USDT:USDT,0.02302,240.0,0.023018,380.0,0.023023,1180.0,0.023026,340.0
1753547113677,16:25:13.677,ACH/USDT:USDT,0.02302,240.0,0.023017,10.0,0.023022,1180.0,0.023023,280.0
1753547113774,16:25:13.774,ACH/USDT:USDT,0.02302,240.0,0.023017,10.0,0.023021,3310.0,0.023023,280.0
1753547113873,16:25:13.873,ACH/USDT:USDT,0.02302,240.0,0.023017,10.0,0.023021,3310.0,0.023023,280.0
1753547114175,16:25:14.175,ACH/USDT:USDT,0.02302,240.0,0.023017,10.0,0.023021,3310.0,0.023023,280.0
1753547114473,16:25:14.473,ACH/USDT:USDT,0.02302,240.0,0.023017,10.0,0.023021,3310.0,0.023023,280.0
1753547114674,16:25:14.674,ACH/USDT:USDT,0.02302,240.0,0.023017,10.0,0.023021,3660.0,0.023023,280.0
1753547114773,16:25:14.773,ACH/USDT:USDT,0.02302,240.0,0.023017,10.0,0.023021,3660.0,0.023023,280.0
1753547114873,16:25:14.873,ACH/USDT:USDT,0.02302,240.0,0.023017,10.0,0.023021,3660.0,0.023023,280.0
1753547115074,16:25:15.074,ACH/USDT:USDT,0.023015,240.0,0.02301,240.0,0.023016,1180.0,0.023018,1530.0
1753547115176,16:25:15.176,ACH/USDT:USDT,0.023015,240.0,0.02301,240.0,0.023016,1180.0,0.02302,2170.0
1753547115273,16:25:15.273,ACH/USDT:USDT,0.023015,240.0,0.02301,240.0,0.023016,1180.0,0.023018,310.0
1753547115374,16:25:15.374,ACH/USDT:USDT,0.023015,240.0,0.02301,240.0,0.023016,1180.0,0.023018,310.0
1753547115474,16:25:15.474,ACH/USDT:USDT,0.023015,240.0,0.02301,240.0,0.023016,1180.0,0.023018,310.0
1753547115590,16:25:15.590,ACH/USDT:USDT,0.023015,240.0,0.02301,240.0,0.023016,1180.0,0.023018,310.0
1753547115775,16:25:15.775,ACH/USDT:USDT,0.023015,240.0,0.02301,240.0,0.023016,1180.0,0.023018,310.0
1753547115873,16:25:15.873,ACH/USDT:USDT,0.023015,240.0,0.02301,240.0,0.023016,1180.0,0.023018,310.0
1753547116174,16:25:16.174,ACH/USDT:USDT,0.023015,240.0,0.02301,240.0,0.023016,1180.0,0.023018,310.0
1753547116374,16:25:16.374,ACH/USDT:USDT,0.023015,240.0,0.02301,240.0,0.023016,1180.0,0.023018,310.0
1753547116475,16:25:16.475,ACH/USDT:USDT,0.023015,240.0,0.02301,240.0,0.023016,1180.0,0.023018,310.0
1753547116575,16:25:16.575,ACH/USDT:USDT,0.023015,240.0,0.02301,240.0,0.023016,1180.0,0.023018,310.0
1753547116675,16:25:16.675,ACH/USDT:USDT,0.023015,240.0,0.02301,240.0,0.023016,1180.0,0.023018,310.0
1753547116774,16:25:16.774,ACH/USDT:USDT,0.023015,240.0,0.02301,240.0,0.023016,1180.0,0.023018,310.0
1753547116873,16:25:16.873,ACH/USDT:USDT,0.023015,240.0,0.02301,240.0,0.023016,1180.0,0.023018,310.0
1753547117175,16:25:17.175,ACH/USDT:USDT,0.023015,240.0,0.02301,240.0,0.023016,1180.0,0.023018,310.0
1753547117274,16:25:17.274,ACH/USDT:USDT,0.023015,240.0,0.02301,240.0,0.023016,1180.0,0.023018,310.0
1753547117375,16:25:17.375,ACH/USDT:USDT,0.023015,240.0,0.02301,240.0,0.023016,1180.0,0.023018,310.0
1753547117474,16:25:17.474,ACH/USDT:USDT,0.023015,240.0,0.02301,240.0,0.023016,1180.0,0.023018,310.0
1753547117682,16:25:17.682,ACH/USDT:USDT,0.023015,240.0,0.02301,240.0,0.023016,1180.0,0.023018,310.0
1753547117774,16:25:17.774,ACH/USDT:USDT,0.023015,240.0,0.02301,240.0,0.023016,1180.0,0.023018,310.0
1753547118275,16:25:18.275,ACH/USDT:USDT,0.023015,240.0,0.02301,240.0,0.023016,1180.0,0.023018,310.0
1753547118874,16:25:18.874,ACH/USDT:USDT,0.023015,240.0,0.02301,240.0,0.023016,1180.0,0.023018,310.0
1753547119174,16:25:19.174,ACH/USDT:USDT,0.023015,240.0,0.02301,240.0,0.023016,4170.0,0.023018,310.0
1753547119275,16:25:19.275,ACH/USDT:USDT,0.023015,240.0,0.02301,240.0,0.023016,1180.0,0.023018,310.0
1753547119374,16:25:19.374,ACH/USDT:USDT,0.023015,240.0,0.02301,700.0,0.023016,1180.0,0.023018,310.0
1753547119473,16:25:19.473,ACH/USDT:USDT,0.023015,240.0,0.02301,700.0,0.023016,1180.0,0.02302,2550.0
1753547119574,16:25:19.574,ACH/USDT:USDT,0.023015,240.0,0.02301,700.0,0.023016,1180.0,0.02302,2550.0
1753547119875,16:25:19.875,ACH/USDT:USDT,0.023015,240.0,0.02301,700.0,0.023016,3350.0,0.02302,2550.0
1753547120074,16:25:20.074,ACH/USDT:USDT,0.023015,240.0,0.02301,700.0,0.023016,3350.0,0.02302,2550.0
1753547120176,16:25:20.176,ACH/USDT:USDT,0.023015,240.0,0.02301,700.0,0.023016,3350.0,0.023018,320.0
1753547120273,16:25:20.273,ACH/USDT:USDT,0.023015,240.0,0.02301,700.0,0.023016,3350.0,0.023018,320.0
1753547120375,16:25:20.375,ACH/USDT:USDT,0.023015,240.0,0.02301,700.0,0.023016,3350.0,0.023018,320.0
1753547120474,16:25:20.474,ACH/USDT:USDT,0.023015,240.0,0.02301,700.0,0.023016,3350.0,0.023018,320.0
1753547120675,16:25:20.675,ACH/USDT:USDT,0.023015,240.0,0.02301,700.0,0.023016,3350.0,0.023018,320.0
1753547121075,16:25:21.075,ACH/USDT:USDT,0.023015,240.0,0.02301,700.0,0.023016,3350.0,0.023018,320.0
1753547121175,16:25:21.175,ACH/USDT:USDT,0.023015,240.0,0.02301,700.0,0.023016,3350.0,0.023018,320.0
1753547121678,16:25:21.678,ACH/USDT:USDT,0.023015,240.0,0.02301,700.0,0.023016,3350.0,0.023018,320.0
1753547121773,16:25:21.773,ACH/USDT:USDT,0.023015,240.0,0.02301,700.0,0.023016,3350.0,0.023018,320.0
1753547121873,16:25:21.873,ACH/USDT:USDT,0.023015,240.0,0.02301,700.0,0.023016,3350.0,0.023018,320.0
1753547122075,16:25:22.075,ACH/USDT:USDT,0.023015,240.0,0.02301,700.0,0.023016,3350.0,0.023018,320.0
1753547122474,16:25:22.474,ACH/USDT:USDT,0.023015,240.0,0.02301,700.0,0.023016,3350.0,0.023018,320.0
1753547122675,16:25:22.675,ACH/USDT:USDT,0.023015,240.0,0.02301,700.0,0.023016,3350.0,0.023018,320.0
1753547122774,16:25:22.774,ACH/USDT:USDT,0.023015,240.0,0.02301,700.0,0.023016,3350.0,0.023018,320.0
1753547122975,16:25:22.975,ACH/USDT:USDT,0.023015,240.0,0.02301,700.0,0.023016,3350.0,0.023018,320.0
1753547123075,16:25:23.075,ACH/USDT:USDT,0.023015,240.0,0.02301,700.0,0.023016,3350.0,0.023018,320.0
1753547123174,16:25:23.174,ACH/USDT:USDT,0.023015,240.0,0.02301,700.0,0.023016,3350.0,0.023018,320.0
1753547123275,16:25:23.275,ACH/USDT:USDT,0.023015,240.0,0.02301,700.0,0.023016,3350.0,0.023018,320.0
1753547123375,16:25:23.375,ACH/USDT:USDT,0.023015,240.0,0.02301,700.0,0.023016,3350.0,0.02302,380.0
1753547123575,16:25:23.575,ACH/USDT:USDT,0.023015,240.0,0.02301,700.0,0.023016,3350.0,0.02302,380.0
1753547123875,16:25:23.875,ACH/USDT:USDT,0.023015,240.0,0.02301,700.0,0.023016,3350.0,0.02302,380.0
1753547123973,16:25:23.973,ACH/USDT:USDT,0.023015,240.0,0.02301,700.0,0.023016,3350.0,0.02302,380.0
1753547124073,16:25:24.073,ACH/USDT:USDT,0.023015,240.0,0.02301,700.0,0.023016,7020.0,0.02302,380.0
1753547124275,16:25:24.275,ACH/USDT:USDT,0.023015,240.0,0.02301,700.0,0.023016,7020.0,0.02302,380.0
1753547124476,16:25:24.476,ACH/USDT:USDT,0.023005,240.0,0.023,1360.0,0.023007,1180.0,0.023012,380.0
1753547124576,16:25:24.576,ACH/USDT:USDT,0.023005,240.0,0.023,1820.0,0.023007,1180.0,0.023012,380.0
1753547124675,16:25:24.675,ACH/USDT:USDT,0.023005,240.0,0.023,1820.0,0.023007,1180.0,0.023012,380.0
1753547124775,16:25:24.775,ACH/USDT:USDT,0.023005,240.0,0.023,1820.0,0.023007,1180.0,0.023012,380.0
1753547124875,16:25:24.875,ACH/USDT:USDT,0.023005,240.0,0.023,1820.0,0.023007,1180.0,0.023012,380.0
1753547124975,16:25:24.975,ACH/USDT:USDT,0.023005,240.0,0.023,1820.0,0.023007,1180.0,0.023012,380.0
1753547125075,16:25:25.075,ACH/USDT:USDT,0.023005,240.0,0.023,1820.0,0.023007,1180.0,0.023012,380.0
1753547125174,16:25:25.174,ACH/USDT:USDT,0.023005,240.0,0.023,1820.0,0.023007,1180.0,0.023012,380.0
1753547125274,16:25:25.274,ACH/USDT:USDT,0.023005,240.0,0.023,1820.0,0.023007,1180.0,0.023012,380.0
1753547125373,16:25:25.373,ACH/USDT:USDT,0.023005,240.0,0.023,1820.0,0.023007,1180.0,0.023012,380.0
1753547125473,16:25:25.473,ACH/USDT:USDT,0.023005,240.0,0.023,1820.0,0.023007,1180.0,0.023012,380.0
1753547125574,16:25:25.574,ACH/USDT:USDT,0.023005,240.0,0.023,1820.0,0.023007,1180.0,0.023012,380.0
1753547125775,16:25:25.775,ACH/USDT:USDT,0.023005,240.0,0.023,1820.0,0.023007,1180.0,0.023012,380.0
1753547125973,16:25:25.973,ACH/USDT:USDT,0.023005,240.0,0.023,1820.0,0.023007,1180.0,0.023012,380.0
1753547126075,16:25:26.075,ACH/USDT:USDT,0.023005,240.0,0.023,1820.0,0.023007,1180.0,0.023012,380.0
1753547126173,16:25:26.173,ACH/USDT:USDT,0.023005,240.0,0.023,1820.0,0.023007,1180.0,0.023012,380.0
1753547126275,16:25:26.275,ACH/USDT:USDT,0.023007,4040.0,0.023005,620.0,0.023018,2710.0,0.02302,6310.0
1753547126375,16:25:26.375,ACH/USDT:USDT,0.023007,4040.0,0.023005,620.0,0.023015,1570.0,0.023016,270.0
1753547126475,16:25:26.475,ACH/USDT:USDT,0.023008,2370.0,0.023007,2860.0,0.023015,6150.0,0.023016,270.0
1753547126575,16:25:26.575,ACH/USDT:USDT,0.023008,2370.0,0.023007,2860.0,0.023015,6150.0,0.023016,270.0
1753547126676,16:25:26.676,ACH/USDT:USDT,0.02301,1180.0,0.023007,2860.0,0.023015,1180.0,0.023016,270.0
1753547127175,16:25:27.175,ACH/USDT:USDT,0.02301,1180.0,0.023007,2860.0,0.023014,1180.0,0.023016,270.0
1753547127473,16:25:27.473,ACH/USDT:USDT,0.02301,1180.0,0.023007,2860.0,0.023014,1180.0,0.023016,270.0
1753547127874,16:25:27.874,ACH/USDT:USDT,0.02301,1180.0,0.023007,2860.0,0.023014,1180.0,0.023016,270.0
1753547128073,16:25:28.073,ACH/USDT:USDT,0.023011,1190.0,0.02301,1180.0,0.023014,1180.0,0.023018,1620.0
1753547128206,16:25:28.206,ACH/USDT:USDT,0.023012,1180.0,0.023009,380.0,0.023014,1180.0,0.023018,1620.0
1753547128277,16:25:28.277,ACH/USDT:USDT,0.023013,1190.0,0.023009,380.0,0.023017,1180.0,0.023018,1620.0
1753547128375,16:25:28.375,ACH/USDT:USDT,0.023013,1190.0,0.023009,380.0,0.023017,1180.0,0.023018,1620.0
1753547128474,16:25:28.474,ACH/USDT:USDT,0.023009,380.0,0.023007,2860.0,0.023016,1560.0,0.023018,2000.0
1753547128576,16:25:28.576,ACH/USDT:USDT,0.023009,380.0,0.023007,2860.0,0.023015,1180.0,0.023016,380.0
1753547128974,16:25:28.974,ACH/USDT:USDT,0.023009,380.0,0.023007,2860.0,0.023015,1180.0,0.023016,380.0
1753547129176,16:25:29.176,ACH/USDT:USDT,0.023009,380.0,0.023007,2860.0,0.023014,1180.0,0.023016,380.0
1753547129274,16:25:29.274,ACH/USDT:USDT,0.02301,1190.0,0.023009,380.0,0.023014,1180.0,0.023018,2000.0
1753547129373,16:25:29.373,ACH/USDT:USDT,0.02301,1190.0,0.023009,380.0,0.023014,1180.0,0.023018,2000.0
1753547129474,16:25:29.474,ACH/USDT:USDT,0.023007,2860.0,0.023005,620.0,0.023013,1180.0,0.023016,360.0
1753547129574,16:25:29.574,ACH/USDT:USDT,0.023007,2860.0,0.023005,620.0,0.023013,1180.0,0.023016,360.0
1753547129677,16:25:29.677,ACH/USDT:USDT,0.023005,240.0,0.023003,380.0,0.023009,1180.0,0.02301,380.0
1753547129776,16:25:29.776,ACH/USDT:USDT,0.023,700.0,0.022998,400.0,0.023006,380.0,0.023008,380.0
1753547129874,16:25:29.874,ACH/USDT:USDT,0.023,700.0,0.022998,400.0,0.023006,380.0,0.023008,380.0
1753547129974,16:25:29.974,ACH/USDT:USDT,0.023,700.0,0.022998,400.0,0.023006,380.0,0.023008,380.0
1753547130074,16:25:30.074,ACH/USDT:USDT,0.023,700.0,0.022998,400.0,0.023006,380.0,0.023008,380.0
1753547130373,16:25:30.373,ACH/USDT:USDT,0.023,700.0,0.022998,400.0,0.023006,380.0,0.023008,380.0
1753547130475,16:25:30.475,ACH/USDT:USDT,0.023,700.0,0.022998,400.0,0.023006,380.0,0.023008,380.0
1753547130575,16:25:30.575,ACH/USDT:USDT,0.023,700.0,0.022998,400.0,0.023006,380.0,0.023008,380.0
1753547130675,16:25:30.675,ACH/USDT:USDT,0.023,700.0,0.022998,400.0,0.023006,380.0,0.023008,380.0
1753547130875,16:25:30.875,ACH/USDT:USDT,0.022998,400.0,0.022996,380.0,0.022999,1180.0,0.023003,380.0
1753547130974,16:25:30.974,ACH/USDT:USDT,0.022998,20.0,0.022996,380.0,0.022999,1180.0,0.023003,380.0
1753547131074,16:25:31.074,ACH/USDT:USDT,0.022998,20.0,0.022996,380.0,0.022999,1180.0,0.023003,380.0
1753547131174,16:25:31.174,ACH/USDT:USDT,0.022998,20.0,0.022996,380.0,0.022999,1180.0,0.023003,380.0
1753547131375,16:25:31.375,ACH/USDT:USDT,0.022998,20.0,0.022996,380.0,0.022999,1180.0,0.023003,380.0
1753547131475,16:25:31.475,ACH/USDT:USDT,0.022998,20.0,0.022996,380.0,0.022999,1180.0,0.023003,380.0
1753547131574,16:25:31.574,ACH/USDT:USDT,0.022998,20.0,0.022996,380.0,0.022999,1180.0,0.023003,380.0
1753547131679,16:25:31.679,ACH/USDT:USDT,0.022998,20.0,0.022996,380.0,0.022999,1180.0,0.023003,380.0
1753547131774,16:25:31.774,ACH/USDT:USDT,0.022998,20.0,0.022996,380.0,0.022999,1180.0,0.023003,380.0
1753547131875,16:25:31.875,ACH/USDT:USDT,0.022998,20.0,0.022996,380.0,0.022999,1180.0,0.023003,380.0
1753547131975,16:25:31.975,ACH/USDT:USDT,0.022998,20.0,0.022996,380.0,0.022999,1180.0,0.023003,380.0
1753547132174,16:25:32.174,ACH/USDT:USDT,0.022998,20.0,0.022996,380.0,0.022999,1180.0,0.023003,380.0
1753547132275,16:25:32.275,ACH/USDT:USDT,0.022998,20.0,0.022996,380.0,0.022999,1180.0,0.023003,380.0
1753547132373,16:25:32.373,ACH/USDT:USDT,0.022998,20.0,0.022996,380.0,0.022999,1180.0,0.023003,380.0
1753547132475,16:25:32.475,ACH/USDT:USDT,0.022998,20.0,0.022996,380.0,0.022999,1180.0,0.023003,380.0
1753547132574,16:25:32.574,ACH/USDT:USDT,0.022998,20.0,0.022996,380.0,0.022999,1180.0,0.023003,380.0
1753547132675,16:25:32.675,ACH/USDT:USDT,0.022998,20.0,0.022996,380.0,0.022999,1180.0,0.023003,380.0
1753547132773,16:25:32.773,ACH/USDT:USDT,0.022998,20.0,0.022996,380.0,0.022999,1180.0,0.023003,380.0
1753547132975,16:25:32.975,ACH/USDT:USDT,0.022999,1190.0,0.022998,20.0,0.023002,6770.0,0.023006,380.0
1753547133074,16:25:33.074,ACH/USDT:USDT,0.022999,1190.0,0.022998,20.0,0.023002,6770.0,0.023006,380.0
1753547133174,16:25:33.174,ACH/USDT:USDT,0.022999,1190.0,0.022998,20.0,0.023002,6770.0,0.023006,380.0
1753547133273,16:25:33.273,ACH/USDT:USDT,0.022999,1190.0,0.022998,20.0,0.023002,6770.0,0.023006,380.0
1753547133373,16:25:33.373,ACH/USDT:USDT,0.022999,1190.0,0.022998,20.0,0.023002,6770.0,0.023006,380.0
1753547133674,16:25:33.674,ACH/USDT:USDT,0.022999,1190.0,0.022998,20.0,0.023002,6770.0,0.023006,380.0
1753547133773,16:25:33.773,ACH/USDT:USDT,0.022999,1190.0,0.022998,20.0,0.023002,6770.0,0.023006,380.0
1753547133875,16:25:33.875,ACH/USDT:USDT,0.022999,1190.0,0.022998,20.0,0.023002,6770.0,0.023006,380.0
1753547133975,16:25:33.975,ACH/USDT:USDT,0.022999,1190.0,0.022998,20.0,0.023002,6770.0,0.023006,380.0
1753547134076,16:25:34.076,ACH/USDT:USDT,0.022999,1190.0,0.022998,20.0,0.023002,6770.0,0.023006,380.0
