timestamp,time,symbol,bid1_price,bid1_volume,bid2_price,bid2_volume,ask1_price,ask1_volume,ask2_price,ask2_volume
1753546954702,16:22:34.702,AERO/USDT:USDT,0.9035,22.0,0.9034,27.0,0.9037,48.0,0.9038,3.0
1753546954802,16:22:34.802,AERO/USDT:USDT,0.9035,17.0,0.9034,13.0,0.9037,48.0,0.9038,3.0
1753546955402,16:22:35.402,AERO/USDT:USDT,0.9035,22.0,0.9034,27.0,0.9037,48.0,0.9038,3.0
1753546956002,16:22:36.002,AERO/USDT:USDT,0.9035,22.0,0.9034,27.0,0.9037,48.0,0.9038,3.0
1753546957102,16:22:37.102,AERO/USDT:USDT,0.9035,17.0,0.9034,27.0,0.9037,48.0,0.9038,3.0
1753546957502,16:22:37.502,AERO/USDT:USDT,0.9035,22.0,0.9034,27.0,0.9037,48.0,0.9038,3.0
1753546957702,16:22:37.702,AERO/USDT:USDT,0.9035,22.0,0.9034,27.0,0.9037,48.0,0.9038,3.0
1753546957802,16:22:37.802,AERO/USDT:USDT,0.9035,22.0,0.9034,27.0,0.9037,48.0,0.9038,3.0
1753546958402,16:22:38.402,AERO/USDT:USDT,0.9035,22.0,0.9034,27.0,0.9037,48.0,0.9038,3.0
1753546960002,16:22:40.002,AERO/USDT:USDT,0.9035,36.0,0.9034,27.0,0.9038,3.0,0.9039,8.0
1753546960202,16:22:40.202,AERO/USDT:USDT,0.9035,36.0,0.9034,27.0,0.9038,48.0,0.904,16.0
1753546960802,16:22:40.802,AERO/USDT:USDT,0.9035,36.0,0.9034,27.0,0.9038,48.0,0.904,11.0
1753546961402,16:22:41.402,AERO/USDT:USDT,0.9035,17.0,0.9034,27.0,0.9038,48.0,0.904,16.0
1753546961702,16:22:41.702,AERO/USDT:USDT,0.9035,36.0,0.9034,27.0,0.9038,48.0,0.904,15.0
1753546962202,16:22:42.202,AERO/USDT:USDT,0.9035,17.0,0.9034,27.0,0.9038,48.0,0.904,15.0
1753546962802,16:22:42.802,AERO/USDT:USDT,0.9035,17.0,0.9034,27.0,0.9038,48.0,0.9039,5.0
1753546963202,16:22:43.202,AERO/USDT:USDT,0.9035,36.0,0.9034,27.0,0.9038,48.0,0.904,11.0
1753546963302,16:22:43.302,AERO/USDT:USDT,0.9035,22.0,0.9034,27.0,0.9038,48.0,0.904,25.0
1753546963402,16:22:43.402,AERO/USDT:USDT,0.9035,17.0,0.9034,13.0,0.9038,48.0,0.9039,5.0
1753546963902,16:22:43.902,AERO/USDT:USDT,0.9035,36.0,0.9034,27.0,0.9038,48.0,0.904,10.0
1753546964302,16:22:44.302,AERO/USDT:USDT,0.9035,36.0,0.9034,27.0,0.9038,48.0,0.904,10.0
1753546964402,16:22:44.402,AERO/USDT:USDT,0.9035,36.0,0.9034,27.0,0.9038,48.0,0.904,10.0
1753546964502,16:22:44.502,AERO/USDT:USDT,0.9035,36.0,0.9034,27.0,0.9038,48.0,0.904,10.0
1753546965702,16:22:45.702,AERO/USDT:USDT,0.9035,36.0,0.9034,27.0,0.9038,48.0,0.904,10.0
1753546965802,16:22:45.802,AERO/USDT:USDT,0.9035,36.0,0.9034,27.0,0.9038,48.0,0.904,10.0
1753546966102,16:22:46.102,AERO/USDT:USDT,0.9035,36.0,0.9034,27.0,0.9038,48.0,0.904,10.0
1753546966202,16:22:46.202,AERO/USDT:USDT,0.9035,36.0,0.9034,27.0,0.9038,48.0,0.904,10.0
1753546966302,16:22:46.302,AERO/USDT:USDT,0.9035,36.0,0.9034,27.0,0.9038,48.0,0.904,10.0
1753546966702,16:22:46.702,AERO/USDT:USDT,0.9035,22.0,0.9034,27.0,0.9038,48.0,0.904,10.0
1753546967802,16:22:47.802,AERO/USDT:USDT,0.9035,22.0,0.9034,27.0,0.9038,48.0,0.9039,5.0
1753546968202,16:22:48.202,AERO/USDT:USDT,0.9035,22.0,0.9034,27.0,0.9038,48.0,0.904,71.0
1753546968402,16:22:48.402,AERO/USDT:USDT,0.9035,22.0,0.9034,27.0,0.9038,48.0,0.9039,5.0
1753546968602,16:22:48.602,AERO/USDT:USDT,0.9036,7.0,0.9035,19.0,0.9038,48.0,0.904,63.0
1753546969102,16:22:49.102,AERO/USDT:USDT,0.9035,36.0,0.9034,27.0,0.9038,48.0,0.904,62.0
1753546969202,16:22:49.202,AERO/USDT:USDT,0.9035,36.0,0.9034,27.0,0.9038,48.0,0.904,62.0
1753546969802,16:22:49.802,AERO/USDT:USDT,0.9035,36.0,0.9034,27.0,0.9038,48.0,0.904,62.0
1753546969902,16:22:49.902,AERO/USDT:USDT,0.9035,36.0,0.9034,27.0,0.9038,48.0,0.904,62.0
1753546970102,16:22:50.102,AERO/USDT:USDT,0.9035,17.0,0.9034,27.0,0.9038,48.0,0.9039,5.0
1753546971002,16:22:51.002,AERO/USDT:USDT,0.9035,22.0,0.9034,27.0,0.9038,48.0,0.9039,5.0
1753546971902,16:22:51.902,AERO/USDT:USDT,0.9036,7.0,0.9035,19.0,0.9038,48.0,0.904,57.0
1753546972102,16:22:52.102,AERO/USDT:USDT,0.9036,21.0,0.9035,19.0,0.9038,48.0,0.904,57.0
1753546972602,16:22:52.602,AERO/USDT:USDT,0.9036,21.0,0.9035,19.0,0.9038,48.0,0.904,57.0
1753546973602,16:22:53.602,AERO/USDT:USDT,0.9035,36.0,0.9034,27.0,0.9038,48.0,0.904,57.0
1753546973802,16:22:53.802,AERO/USDT:USDT,0.9035,36.0,0.9034,27.0,0.9038,48.0,0.904,57.0
1753546974402,16:22:54.402,AERO/USDT:USDT,0.9035,36.0,0.9034,27.0,0.9038,48.0,0.904,57.0
1753546974802,16:22:54.802,AERO/USDT:USDT,0.9035,36.0,0.9034,27.0,0.9038,48.0,0.904,57.0
1753546975402,16:22:55.402,AERO/USDT:USDT,0.9035,36.0,0.9034,27.0,0.9038,48.0,0.904,57.0
1753546975602,16:22:55.602,AERO/USDT:USDT,0.9035,36.0,0.9034,27.0,0.9038,48.0,0.904,57.0
1753546976002,16:22:56.002,AERO/USDT:USDT,0.9035,36.0,0.9034,27.0,0.9038,48.0,0.904,57.0
1753546976302,16:22:56.302,AERO/USDT:USDT,0.9035,22.0,0.9034,27.0,0.9038,48.0,0.9039,5.0
1753546976502,16:22:56.502,AERO/USDT:USDT,0.9035,22.0,0.9034,27.0,0.9038,48.0,0.9039,5.0
1753546976702,16:22:56.702,AERO/USDT:USDT,0.9035,17.0,0.9034,13.0,0.9038,48.0,0.9039,5.0
1753546977102,16:22:57.102,AERO/USDT:USDT,0.9035,17.0,0.9034,13.0,0.9038,48.0,0.9039,5.0
1753546977302,16:22:57.302,AERO/USDT:USDT,0.9036,21.0,0.9035,19.0,0.9038,48.0,0.904,57.0
1753546977802,16:22:57.802,AERO/USDT:USDT,0.9036,16.0,0.9035,19.0,0.9038,48.0,0.904,57.0
1753546977902,16:22:57.902,AERO/USDT:USDT,0.9036,21.0,0.9035,19.0,0.9038,48.0,0.904,57.0
1753546978502,16:22:58.502,AERO/USDT:USDT,0.9035,22.0,0.9034,27.0,0.9038,49.0,0.904,57.0
1753546979002,16:22:59.002,AERO/USDT:USDT,0.9035,22.0,0.9034,27.0,0.9038,49.0,0.904,57.0
1753546979102,16:22:59.102,AERO/USDT:USDT,0.9035,36.0,0.9034,27.0,0.9038,49.0,0.904,57.0
1753546980202,16:23:00.202,AERO/USDT:USDT,0.9035,36.0,0.9034,27.0,0.9038,49.0,0.904,57.0
1753546980502,16:23:00.502,AERO/USDT:USDT,0.9035,17.0,0.9034,8.0,0.9036,34.0,0.9038,63.0
1753546980902,16:23:00.902,AERO/USDT:USDT,0.9035,17.0,0.9034,8.0,0.9036,34.0,0.9038,63.0
1753546981002,16:23:01.002,AERO/USDT:USDT,0.9035,17.0,0.9034,8.0,0.9036,34.0,0.9038,63.0
1753546981102,16:23:01.102,AERO/USDT:USDT,0.9035,17.0,0.9034,8.0,0.9036,34.0,0.9038,77.0
1753546981302,16:23:01.302,AERO/USDT:USDT,0.9035,17.0,0.9034,8.0,0.9036,34.0,0.9038,63.0
1753546981402,16:23:01.402,AERO/USDT:USDT,0.9035,17.0,0.9034,8.0,0.9036,34.0,0.9038,77.0
1753546982102,16:23:02.102,AERO/USDT:USDT,0.9026,33.0,0.9025,30.0,0.9032,11.0,0.9033,22.0
1753546982302,16:23:02.302,AERO/USDT:USDT,0.9027,17.0,0.9026,8.0,0.9031,16.0,0.9032,66.0
1753546982702,16:23:02.702,AERO/USDT:USDT,0.9027,17.0,0.9026,8.0,0.903,54.0,0.9031,16.0
1753546983202,16:23:03.202,AERO/USDT:USDT,0.9034,2.0,0.9033,1.0,0.9037,5.0,0.9038,3.0
1753546983402,16:23:03.402,AERO/USDT:USDT,0.9034,2.0,0.9033,17.0,0.9037,5.0,0.9038,8.0
1753546983802,16:23:03.802,AERO/USDT:USDT,0.9034,5.0,0.9033,1.0,0.9035,49.0,0.9036,1.0
1753546984402,16:23:04.402,AERO/USDT:USDT,0.9031,38.0,0.903,45.0,0.9035,49.0,0.9036,1.0
1753546984502,16:23:04.502,AERO/USDT:USDT,0.9033,2.0,0.9032,25.0,0.9035,49.0,0.9036,1.0
1753546984602,16:23:04.602,AERO/USDT:USDT,0.9032,28.0,0.9031,8.0,0.9035,49.0,0.9036,1.0
1753546985102,16:23:05.102,AERO/USDT:USDT,0.9032,28.0,0.9031,8.0,0.9035,49.0,0.9036,1.0
1753546985402,16:23:05.402,AERO/USDT:USDT,0.9035,2.0,0.9034,11.0,0.9038,3.0,0.9039,42.0
1753546985502,16:23:05.502,AERO/USDT:USDT,0.9035,2.0,0.9034,11.0,0.9038,3.0,0.9039,42.0
1753546985602,16:23:05.602,AERO/USDT:USDT,0.9035,2.0,0.9034,11.0,0.9038,3.0,0.9039,1.0
1753546985902,16:23:05.902,AERO/USDT:USDT,0.9035,2.0,0.9034,11.0,0.9038,3.0,0.9039,1.0
1753546986102,16:23:06.102,AERO/USDT:USDT,0.9034,11.0,0.9033,12.0,0.9037,39.0,0.9038,3.0
1753546986202,16:23:06.202,AERO/USDT:USDT,0.9035,7.0,0.9034,30.0,0.9037,39.0,0.9038,3.0
1753546987502,16:23:07.502,AERO/USDT:USDT,0.9034,25.0,0.9033,38.0,0.9038,42.0,0.9039,1.0
1753546988002,16:23:08.002,AERO/USDT:USDT,0.9037,11.0,0.9036,26.0,0.9038,42.0,0.9039,1.0
1753546988502,16:23:08.502,AERO/USDT:USDT,0.9038,7.0,0.9037,11.0,0.9039,42.0,0.904,1.0
1753546988602,16:23:08.602,AERO/USDT:USDT,0.9038,7.0,0.9037,11.0,0.9039,42.0,0.904,1.0
1753546989002,16:23:09.002,AERO/USDT:USDT,0.9037,11.0,0.9036,12.0,0.9039,42.0,0.904,1.0
1753546989502,16:23:09.502,AERO/USDT:USDT,0.9037,11.0,0.9036,12.0,0.9039,42.0,0.904,1.0
1753546990102,16:23:10.102,AERO/USDT:USDT,0.9037,11.0,0.9036,12.0,0.9039,42.0,0.904,1.0
1753546990802,16:23:10.802,AERO/USDT:USDT,0.9037,11.0,0.9036,12.0,0.9039,42.0,0.904,1.0
1753546990902,16:23:10.902,AERO/USDT:USDT,0.9037,11.0,0.9036,26.0,0.9039,42.0,0.904,1.0
1753546991302,16:23:11.302,AERO/USDT:USDT,0.9037,11.0,0.9036,31.0,0.9039,42.0,0.904,1.0
1753546991802,16:23:11.802,AERO/USDT:USDT,0.9037,30.0,0.9036,31.0,0.9039,42.0,0.904,1.0
1753546991902,16:23:11.902,AERO/USDT:USDT,0.9037,11.0,0.9036,31.0,0.9039,42.0,0.904,1.0
1753546992202,16:23:12.202,AERO/USDT:USDT,0.9037,25.0,0.9036,31.0,0.9039,42.0,0.904,1.0
1753546992302,16:23:12.302,AERO/USDT:USDT,0.9037,11.0,0.9036,31.0,0.9039,42.0,0.904,1.0
1753546993002,16:23:13.002,AERO/USDT:USDT,0.9037,21.0,0.9036,20.0,0.9039,42.0,0.904,1.0
1753546993102,16:23:13.102,AERO/USDT:USDT,0.9037,21.0,0.9036,20.0,0.9039,42.0,0.904,1.0
1753546993202,16:23:13.202,AERO/USDT:USDT,0.9037,21.0,0.9036,20.0,0.9039,42.0,0.904,1.0
1753546993702,16:23:13.702,AERO/USDT:USDT,0.9036,19.0,0.9035,30.0,0.9039,42.0,0.904,1.0
1753546994102,16:23:14.102,AERO/USDT:USDT,0.9036,19.0,0.9035,30.0,0.9039,42.0,0.904,1.0
1753546995302,16:23:15.302,AERO/USDT:USDT,0.9037,5.0,0.9036,20.0,0.9039,42.0,0.904,1.0
1753546995402,16:23:15.402,AERO/USDT:USDT,0.9036,5.0,0.9035,30.0,0.9039,42.0,0.904,1.0
1753546995502,16:23:15.502,AERO/USDT:USDT,0.9036,5.0,0.9035,30.0,0.9039,42.0,0.904,1.0
1753546995702,16:23:15.702,AERO/USDT:USDT,0.9037,21.0,0.9036,20.0,0.9039,42.0,0.904,1.0
1753546996002,16:23:16.002,AERO/USDT:USDT,0.9037,19.0,0.9036,20.0,0.9039,42.0,0.904,1.0
1753546996402,16:23:16.402,AERO/USDT:USDT,0.9037,5.0,0.9036,20.0,0.9039,42.0,0.904,1.0
1753546996602,16:23:16.602,AERO/USDT:USDT,0.9035,11.0,0.9034,12.0,0.9038,39.0,0.9039,6.0
1753546997302,16:23:17.302,AERO/USDT:USDT,0.9036,16.0,0.9035,30.0,0.9038,34.0,0.9039,1.0
1753546997402,16:23:17.402,AERO/USDT:USDT,0.9035,11.0,0.9034,31.0,0.9038,34.0,0.9039,1.0
1753546997502,16:23:17.502,AERO/USDT:USDT,0.9035,11.0,0.9034,31.0,0.9038,34.0,0.9039,1.0
1753546997602,16:23:17.602,AERO/USDT:USDT,0.9035,16.0,0.9034,31.0,0.9038,34.0,0.9039,1.0
1753546998902,16:23:18.902,AERO/USDT:USDT,0.9036,16.0,0.9035,30.0,0.9039,46.0,0.904,1.0
1753546999902,16:23:19.902,AERO/USDT:USDT,0.9037,21.0,0.9036,20.0,0.9039,46.0,0.904,1.0
1753547000102,16:23:20.102,AERO/USDT:USDT,0.9036,19.0,0.9035,30.0,0.9039,46.0,0.904,1.0
1753547000202,16:23:20.202,AERO/USDT:USDT,0.9036,19.0,0.9035,30.0,0.9039,46.0,0.904,1.0
1753547000302,16:23:20.302,AERO/USDT:USDT,0.9036,19.0,0.9035,30.0,0.9039,46.0,0.904,1.0
1753547000502,16:23:20.502,AERO/USDT:USDT,0.9037,21.0,0.9036,32.0,0.9039,46.0,0.904,1.0
1753547000702,16:23:20.702,AERO/USDT:USDT,0.9037,16.0,0.9036,32.0,0.9039,46.0,0.904,1.0
1753547001102,16:23:21.102,AERO/USDT:USDT,0.9037,21.0,0.9036,32.0,0.9039,46.0,0.904,1.0
1753547001702,16:23:21.702,AERO/USDT:USDT,0.9036,31.0,0.9035,30.0,0.9039,46.0,0.904,1.0
1753547001902,16:23:21.902,AERO/USDT:USDT,0.9036,31.0,0.9035,30.0,0.9039,46.0,0.904,1.0
1753547002802,16:23:22.802,AERO/USDT:USDT,0.9036,31.0,0.9035,30.0,0.9039,46.0,0.904,1.0
1753547002902,16:23:22.902,AERO/USDT:USDT,0.9036,31.0,0.9035,30.0,0.9039,46.0,0.904,1.0
1753547005602,16:23:25.602,AERO/USDT:USDT,0.9039,26.0,0.9038,25.0,0.9042,52.0,0.9043,19.0
1753547005802,16:23:25.802,AERO/USDT:USDT,0.9039,26.0,0.9038,25.0,0.9042,52.0,0.9043,19.0
1753547006202,16:23:26.202,AERO/USDT:USDT,0.9039,26.0,0.9038,25.0,0.9042,52.0,0.9043,19.0
1753547006502,16:23:26.502,AERO/USDT:USDT,0.9039,27.0,0.9038,39.0,0.9042,47.0,0.9043,5.0
1753547007802,16:23:27.802,AERO/USDT:USDT,0.9039,22.0,0.9038,20.0,0.9041,30.0,0.9042,7.0
1753547007902,16:23:27.902,AERO/USDT:USDT,0.9039,22.0,0.9038,20.0,0.9041,30.0,0.9042,7.0
1753547008102,16:23:28.102,AERO/USDT:USDT,0.9039,22.0,0.9038,20.0,0.9041,30.0,0.9042,7.0
1753547008902,16:23:28.902,AERO/USDT:USDT,0.9039,22.0,0.9038,20.0,0.9041,30.0,0.9042,7.0
1753547010902,16:23:30.902,AERO/USDT:USDT,0.9039,1.0,0.9038,39.0,0.904,28.0,0.9042,53.0
1753547011102,16:23:31.102,AERO/USDT:USDT,0.9039,7.0,0.9038,39.0,0.904,28.0,0.9042,53.0
1753547011202,16:23:31.202,AERO/USDT:USDT,0.9039,7.0,0.9038,25.0,0.904,28.0,0.9042,58.0
1753547011502,16:23:31.502,AERO/USDT:USDT,0.9039,7.0,0.9038,25.0,0.904,28.0,0.9042,58.0
1753547012002,16:23:32.002,AERO/USDT:USDT,0.9039,7.0,0.9038,25.0,0.904,28.0,0.9042,58.0
1753547012102,16:23:32.102,AERO/USDT:USDT,0.9039,7.0,0.9038,25.0,0.904,28.0,0.9042,58.0
1753547012502,16:23:32.502,AERO/USDT:USDT,0.9039,7.0,0.9038,25.0,0.904,28.0,0.9042,58.0
1753547013002,16:23:33.002,AERO/USDT:USDT,0.9039,7.0,0.9038,39.0,0.904,28.0,0.9042,53.0
1753547013602,16:23:33.602,AERO/USDT:USDT,0.9039,7.0,0.9038,20.0,0.904,28.0,0.9041,19.0
1753547013702,16:23:33.702,AERO/USDT:USDT,0.9039,7.0,0.9038,20.0,0.904,28.0,0.9041,19.0
1753547013902,16:23:33.902,AERO/USDT:USDT,0.9039,7.0,0.9038,20.0,0.904,28.0,0.9041,5.0
1753547014102,16:23:34.102,AERO/USDT:USDT,0.9039,7.0,0.9038,20.0,0.904,28.0,0.9041,19.0
1753547014202,16:23:34.202,AERO/USDT:USDT,0.9039,7.0,0.9038,20.0,0.904,28.0,0.9041,19.0
1753547014402,16:23:34.402,AERO/USDT:USDT,0.9039,2.0,0.9038,20.0,0.904,28.0,0.9041,5.0
1753547014802,16:23:34.802,AERO/USDT:USDT,0.9039,2.0,0.9038,20.0,0.904,28.0,0.9042,58.0
1753547015102,16:23:35.102,AERO/USDT:USDT,0.9039,2.0,0.9038,20.0,0.904,28.0,0.9041,5.0
1753547015202,16:23:35.202,AERO/USDT:USDT,0.9039,2.0,0.9038,20.0,0.904,28.0,0.9041,5.0
1753547015502,16:23:35.502,AERO/USDT:USDT,0.9039,2.0,0.9038,20.0,0.904,28.0,0.9041,19.0
1753547015602,16:23:35.602,AERO/USDT:USDT,0.9039,2.0,0.9038,20.0,0.904,28.0,0.9041,19.0
1753547015702,16:23:35.702,AERO/USDT:USDT,0.9039,2.0,0.9038,20.0,0.904,28.0,0.9041,5.0
1753547015802,16:23:35.802,AERO/USDT:USDT,0.9039,2.0,0.9038,20.0,0.904,28.0,0.9041,5.0
1753547016202,16:23:36.202,AERO/USDT:USDT,0.9039,2.0,0.9038,20.0,0.904,28.0,0.9041,5.0
1753547016702,16:23:36.702,AERO/USDT:USDT,0.9039,2.0,0.9038,20.0,0.904,28.0,0.9042,58.0
1753547016902,16:23:36.902,AERO/USDT:USDT,0.9039,2.0,0.9038,20.0,0.904,28.0,0.9042,58.0
1753547017102,16:23:37.102,AERO/USDT:USDT,0.9039,2.0,0.9038,20.0,0.904,28.0,0.9042,58.0
1753547017402,16:23:37.402,AERO/USDT:USDT,0.9039,2.0,0.9038,20.0,0.904,28.0,0.9042,58.0
1753547017602,16:23:37.602,AERO/USDT:USDT,0.9039,2.0,0.9038,20.0,0.904,28.0,0.9041,14.0
1753547018502,16:23:38.502,AERO/USDT:USDT,0.9039,2.0,0.9038,20.0,0.904,28.0,0.9041,9.0
1753547018802,16:23:38.802,AERO/USDT:USDT,0.9039,2.0,0.9038,20.0,0.904,28.0,0.9041,9.0
1753547019502,16:23:39.502,AERO/USDT:USDT,0.9039,2.0,0.9038,20.0,0.904,28.0,0.9041,9.0
1753547019602,16:23:39.602,AERO/USDT:USDT,0.9039,2.0,0.9038,20.0,0.904,28.0,0.9041,9.0
1753547019702,16:23:39.702,AERO/USDT:USDT,0.9039,2.0,0.9038,20.0,0.904,28.0,0.9041,9.0
1753547019802,16:23:39.802,AERO/USDT:USDT,0.9039,2.0,0.9038,20.0,0.904,28.0,0.9041,9.0
1753547020002,16:23:40.002,AERO/USDT:USDT,0.9039,2.0,0.9038,20.0,0.904,28.0,0.9041,9.0
1753547020202,16:23:40.202,AERO/USDT:USDT,0.9039,2.0,0.9038,39.0,0.904,28.0,0.9041,9.0
1753547020302,16:23:40.302,AERO/USDT:USDT,0.9039,2.0,0.9038,39.0,0.904,28.0,0.9041,9.0
1753547021002,16:23:41.002,AERO/USDT:USDT,0.9039,2.0,0.9038,25.0,0.904,28.0,0.9041,9.0
1753547021102,16:23:41.102,AERO/USDT:USDT,0.9039,2.0,0.9038,25.0,0.904,28.0,0.9041,9.0
1753547021602,16:23:41.602,AERO/USDT:USDT,0.9039,2.0,0.9038,25.0,0.904,28.0,0.9041,9.0
1753547021702,16:23:41.702,AERO/USDT:USDT,0.9039,2.0,0.9038,25.0,0.904,28.0,0.9041,9.0
1753547022002,16:23:42.002,AERO/USDT:USDT,0.9039,2.0,0.9038,25.0,0.904,28.0,0.9041,9.0
1753547022102,16:23:42.102,AERO/USDT:USDT,0.9039,2.0,0.9038,39.0,0.904,28.0,0.9041,9.0
1753547022202,16:23:42.202,AERO/USDT:USDT,0.9039,2.0,0.9038,39.0,0.904,28.0,0.9041,9.0
1753547022602,16:23:42.602,AERO/USDT:USDT,0.9039,2.0,0.9038,39.0,0.904,28.0,0.9041,9.0
1753547022902,16:23:42.902,AERO/USDT:USDT,0.9039,2.0,0.9038,39.0,0.904,28.0,0.9041,9.0
1753547024302,16:23:44.302,AERO/USDT:USDT,0.9039,7.0,0.9038,25.0,0.904,28.0,0.9042,53.0
1753547024502,16:23:44.502,AERO/USDT:USDT,0.9039,7.0,0.9038,25.0,0.904,28.0,0.9042,53.0
1753547024802,16:23:44.802,AERO/USDT:USDT,0.9039,2.0,0.9038,20.0,0.904,28.0,0.9042,58.0
1753547025002,16:23:45.002,AERO/USDT:USDT,0.9039,2.0,0.9038,20.0,0.904,28.0,0.9041,5.0
1753547025702,16:23:45.702,AERO/USDT:USDT,0.9039,2.0,0.9038,20.0,0.904,28.0,0.9041,5.0
1753547025802,16:23:45.802,AERO/USDT:USDT,0.9039,2.0,0.9038,20.0,0.904,28.0,0.9041,5.0
1753547026302,16:23:46.302,AERO/USDT:USDT,0.9039,2.0,0.9038,25.0,0.904,28.0,0.9042,58.0
1753547026702,16:23:46.702,AERO/USDT:USDT,0.9039,2.0,0.9038,20.0,0.904,28.0,0.9041,5.0
1753547026802,16:23:46.802,AERO/USDT:USDT,0.9039,2.0,0.9038,25.0,0.904,28.0,0.9042,58.0
1753547027002,16:23:47.002,AERO/USDT:USDT,0.9039,2.0,0.9038,25.0,0.904,29.0,0.9042,58.0
1753547027202,16:23:47.202,AERO/USDT:USDT,0.9039,2.0,0.9038,25.0,0.904,29.0,0.9042,58.0
1753547027602,16:23:47.602,AERO/USDT:USDT,0.9039,2.0,0.9038,25.0,0.904,29.0,0.9042,58.0
1753547027802,16:23:47.802,AERO/USDT:USDT,0.9039,2.0,0.9038,39.0,0.904,29.0,0.9042,58.0
1753547028402,16:23:48.402,AERO/USDT:USDT,0.9039,2.0,0.9038,25.0,0.904,29.0,0.9042,58.0
1753547028602,16:23:48.602,AERO/USDT:USDT,0.9039,2.0,0.9038,25.0,0.904,29.0,0.9042,58.0
1753547028902,16:23:48.902,AERO/USDT:USDT,0.9039,2.0,0.9038,25.0,0.904,29.0,0.9042,58.0
1753547029102,16:23:49.102,AERO/USDT:USDT,0.9039,2.0,0.9038,25.0,0.904,29.0,0.9042,58.0
1753547029802,16:23:49.802,AERO/USDT:USDT,0.9039,2.0,0.9038,20.0,0.904,29.0,0.9041,19.0
1753547030402,16:23:50.402,AERO/USDT:USDT,0.9039,2.0,0.9038,20.0,0.904,29.0,0.9042,58.0
1753547030502,16:23:50.502,AERO/USDT:USDT,0.9039,2.0,0.9038,20.0,0.904,29.0,0.9042,58.0
1753547030602,16:23:50.602,AERO/USDT:USDT,0.9039,2.0,0.9038,25.0,0.904,29.0,0.9042,58.0
1753547030702,16:23:50.702,AERO/USDT:USDT,0.9039,2.0,0.9038,25.0,0.904,29.0,0.9042,58.0
1753547031102,16:23:51.102,AERO/USDT:USDT,0.9039,2.0,0.9038,25.0,0.904,29.0,0.9042,58.0
1753547031202,16:23:51.202,AERO/USDT:USDT,0.9039,2.0,0.9038,20.0,0.904,29.0,0.9041,5.0
1753547031302,16:23:51.302,AERO/USDT:USDT,0.9039,2.0,0.9038,20.0,0.904,29.0,0.9041,19.0
1753547031402,16:23:51.402,AERO/USDT:USDT,0.9039,2.0,0.9038,20.0,0.904,29.0,0.9041,19.0
1753547031502,16:23:51.502,AERO/USDT:USDT,0.9039,2.0,0.9038,20.0,0.904,29.0,0.9041,5.0
1753547031702,16:23:51.702,AERO/USDT:USDT,0.9039,2.0,0.9038,25.0,0.904,29.0,0.9042,58.0
1753547032302,16:23:52.302,AERO/USDT:USDT,0.9039,2.0,0.9038,25.0,0.904,29.0,0.9042,58.0
1753547033202,16:23:53.202,AERO/USDT:USDT,0.9039,2.0,0.9038,20.0,0.904,29.0,0.9041,5.0
1753547033402,16:23:53.402,AERO/USDT:USDT,0.9039,2.0,0.9038,20.0,0.904,29.0,0.9041,19.0
1753547033502,16:23:53.502,AERO/USDT:USDT,0.9039,2.0,0.9038,25.0,0.904,29.0,0.9042,58.0
1753547034002,16:23:54.002,AERO/USDT:USDT,0.9039,2.0,0.9038,25.0,0.904,29.0,0.9042,58.0
1753547034402,16:23:54.402,AERO/USDT:USDT,0.9039,2.0,0.9038,25.0,0.904,29.0,0.9042,58.0
1753547034502,16:23:54.502,AERO/USDT:USDT,0.9039,2.0,0.9038,25.0,0.904,29.0,0.9042,58.0
1753547034602,16:23:54.602,AERO/USDT:USDT,0.9039,2.0,0.9038,25.0,0.904,29.0,0.9042,58.0
1753547034902,16:23:54.902,AERO/USDT:USDT,0.9039,2.0,0.9038,25.0,0.904,29.0,0.9042,58.0
1753547035302,16:23:55.302,AERO/USDT:USDT,0.9039,2.0,0.9038,39.0,0.904,29.0,0.9042,58.0
1753547035402,16:23:55.402,AERO/USDT:USDT,0.9039,2.0,0.9038,25.0,0.904,29.0,0.9042,58.0
1753547035502,16:23:55.502,AERO/USDT:USDT,0.9039,2.0,0.9038,25.0,0.904,29.0,0.9042,58.0
1753547035702,16:23:55.702,AERO/USDT:USDT,0.9039,2.0,0.9038,25.0,0.904,29.0,0.9042,58.0
1753547035902,16:23:55.902,AERO/USDT:USDT,0.9039,2.0,0.9038,25.0,0.904,29.0,0.9042,58.0
1753547036002,16:23:56.002,AERO/USDT:USDT,0.9039,2.0,0.9038,25.0,0.904,29.0,0.9042,58.0
1753547036202,16:23:56.202,AERO/USDT:USDT,0.9039,2.0,0.9038,25.0,0.904,29.0,0.9042,58.0
1753547036502,16:23:56.502,AERO/USDT:USDT,0.9039,2.0,0.9038,39.0,0.904,29.0,0.9042,58.0
1753547036702,16:23:56.702,AERO/USDT:USDT,0.9039,2.0,0.9038,39.0,0.904,29.0,0.9042,53.0
1753547037102,16:23:57.102,AERO/USDT:USDT,0.9039,2.0,0.9038,25.0,0.904,29.0,0.9042,58.0
1753547037702,16:23:57.702,AERO/USDT:USDT,0.9039,2.0,0.9038,25.0,0.904,29.0,0.9042,58.0
1753547037902,16:23:57.902,AERO/USDT:USDT,0.9039,2.0,0.9038,39.0,0.904,29.0,0.9042,58.0
1753547038002,16:23:58.002,AERO/USDT:USDT,0.9039,2.0,0.9038,25.0,0.904,29.0,0.9042,58.0
1753547038202,16:23:58.202,AERO/USDT:USDT,0.9039,2.0,0.9038,39.0,0.904,29.0,0.9042,58.0
1753547038602,16:23:58.602,AERO/USDT:USDT,0.9039,2.0,0.9038,39.0,0.904,29.0,0.9042,58.0
1753547038902,16:23:58.902,AERO/USDT:USDT,0.9039,2.0,0.9038,39.0,0.904,29.0,0.9042,58.0
1753547040302,16:24:00.302,AERO/USDT:USDT,0.9039,7.0,0.9038,39.0,0.904,29.0,0.9041,44.0
1753547040402,16:24:00.402,AERO/USDT:USDT,0.9039,7.0,0.9038,39.0,0.904,29.0,0.9041,44.0
1753547040602,16:24:00.602,AERO/USDT:USDT,0.9039,2.0,0.9038,39.0,0.904,29.0,0.9041,44.0
1753547041302,16:24:01.302,AERO/USDT:USDT,0.9039,7.0,0.9038,39.0,0.904,29.0,0.9041,44.0
1753547041902,16:24:01.902,AERO/USDT:USDT,0.9039,2.0,0.9038,25.0,0.904,29.0,0.9041,44.0
1753547042202,16:24:02.202,AERO/USDT:USDT,0.9039,2.0,0.9038,39.0,0.904,29.0,0.9041,44.0
1753547042502,16:24:02.502,AERO/USDT:USDT,0.9039,2.0,0.9038,25.0,0.904,29.0,0.9041,44.0
1753547043002,16:24:03.002,AERO/USDT:USDT,0.9039,21.0,0.9038,39.0,0.904,29.0,0.9041,44.0
1753547043402,16:24:03.402,AERO/USDT:USDT,0.9039,21.0,0.9038,39.0,0.904,29.0,0.9041,44.0
1753547043502,16:24:03.502,AERO/USDT:USDT,0.9039,21.0,0.9038,39.0,0.904,29.0,0.9041,44.0
1753547043702,16:24:03.702,AERO/USDT:USDT,0.9039,21.0,0.9038,39.0,0.904,29.0,0.9041,44.0
1753547044102,16:24:04.102,AERO/USDT:USDT,0.9039,21.0,0.9038,39.0,0.904,29.0,0.9041,44.0
1753547044802,16:24:04.802,AERO/USDT:USDT,0.9039,21.0,0.9038,39.0,0.904,29.0,0.9041,44.0
1753547045002,16:24:05.002,AERO/USDT:USDT,0.9039,21.0,0.9038,39.0,0.904,29.0,0.9041,44.0
1753547045102,16:24:05.102,AERO/USDT:USDT,0.9039,21.0,0.9038,39.0,0.904,29.0,0.9041,44.0
1753547045802,16:24:05.802,AERO/USDT:USDT,0.9039,21.0,0.9038,39.0,0.904,29.0,0.9041,44.0
1753547046302,16:24:06.302,AERO/USDT:USDT,0.9039,7.0,0.9038,25.0,0.904,29.0,0.9041,44.0
1753547046902,16:24:06.902,AERO/USDT:USDT,0.9039,7.0,0.9038,25.0,0.904,29.0,0.9041,44.0
1753547047902,16:24:07.902,AERO/USDT:USDT,0.9039,2.0,0.9038,25.0,0.904,29.0,0.9041,44.0
1753547048402,16:24:08.402,AERO/USDT:USDT,0.9039,2.0,0.9038,25.0,0.904,29.0,0.9041,44.0
1753547049302,16:24:09.302,AERO/USDT:USDT,0.9039,7.0,0.9038,25.0,0.904,29.0,0.9041,44.0
1753547049902,16:24:09.902,AERO/USDT:USDT,0.9039,7.0,0.9038,25.0,0.904,29.0,0.9041,44.0
1753547050302,16:24:10.302,AERO/USDT:USDT,0.9039,7.0,0.9038,25.0,0.904,29.0,0.9041,44.0
1753547050902,16:24:10.902,AERO/USDT:USDT,0.9039,7.0,0.9038,25.0,0.904,29.0,0.9041,44.0
1753547051802,16:24:11.802,AERO/USDT:USDT,0.9041,14.0,0.904,27.0,0.9042,1.0,0.9043,41.0
1753547052102,16:24:12.102,AERO/USDT:USDT,0.9041,14.0,0.904,27.0,0.9042,1.0,0.9043,41.0
1753547052702,16:24:12.702,AERO/USDT:USDT,0.9041,12.0,0.904,16.0,0.9042,42.0,0.9043,1.0
1753547052802,16:24:12.802,AERO/USDT:USDT,0.9041,12.0,0.904,16.0,0.9042,42.0,0.9043,1.0
1753547052902,16:24:12.902,AERO/USDT:USDT,0.9041,12.0,0.904,16.0,0.9042,42.0,0.9043,1.0
1753547053002,16:24:13.002,AERO/USDT:USDT,0.9041,12.0,0.904,16.0,0.9042,42.0,0.9043,1.0
1753547053102,16:24:13.102,AERO/USDT:USDT,0.9041,26.0,0.904,30.0,0.9042,42.0,0.9043,1.0
1753547053502,16:24:13.502,AERO/USDT:USDT,0.9041,26.0,0.904,30.0,0.9042,42.0,0.9043,1.0
1753547053602,16:24:13.602,AERO/USDT:USDT,0.9041,26.0,0.904,30.0,0.9042,42.0,0.9043,1.0
1753547054002,16:24:14.002,AERO/USDT:USDT,0.9041,26.0,0.904,30.0,0.9042,42.0,0.9043,1.0
1753547054102,16:24:14.102,AERO/USDT:USDT,0.9041,26.0,0.904,30.0,0.9042,42.0,0.9043,28.0
1753547054202,16:24:14.202,AERO/USDT:USDT,0.9041,26.0,0.904,30.0,0.9042,42.0,0.9043,28.0
1753547054302,16:24:14.302,AERO/USDT:USDT,0.9041,12.0,0.904,30.0,0.9042,42.0,0.9043,28.0
1753547054702,16:24:14.702,AERO/USDT:USDT,0.9039,13.0,0.9038,20.0,0.904,41.0,0.9042,42.0
1753547055902,16:24:15.902,AERO/USDT:USDT,0.9039,2.0,0.9038,11.0,0.904,41.0,0.9041,27.0
1753547056702,16:24:16.702,AERO/USDT:USDT,0.9039,2.0,0.9038,16.0,0.904,41.0,0.9041,27.0
1753547056802,16:24:16.802,AERO/USDT:USDT,0.9039,2.0,0.9038,16.0,0.904,41.0,0.9041,27.0
1753547057002,16:24:17.002,AERO/USDT:USDT,0.9039,2.0,0.9038,16.0,0.904,41.0,0.9041,27.0
1753547057302,16:24:17.302,AERO/USDT:USDT,0.9039,2.0,0.9038,16.0,0.904,41.0,0.9041,27.0
1753547057402,16:24:17.402,AERO/USDT:USDT,0.9039,2.0,0.9038,11.0,0.904,41.0,0.9041,27.0
1753547057502,16:24:17.502,AERO/USDT:USDT,0.9039,2.0,0.9038,16.0,0.904,41.0,0.9041,27.0
1753547057902,16:24:17.902,AERO/USDT:USDT,0.9039,2.0,0.9038,30.0,0.904,41.0,0.9041,27.0
1753547058002,16:24:18.002,AERO/USDT:USDT,0.9039,2.0,0.9038,30.0,0.904,41.0,0.9041,27.0
1753547058602,16:24:18.602,AERO/USDT:USDT,0.9039,2.0,0.9038,16.0,0.904,41.0,0.9041,27.0
1753547059302,16:24:19.302,AERO/USDT:USDT,0.9039,2.0,0.9038,11.0,0.904,41.0,0.9041,46.0
1753547059602,16:24:19.602,AERO/USDT:USDT,0.9039,2.0,0.9038,11.0,0.904,41.0,0.9041,27.0
1753547059702,16:24:19.702,AERO/USDT:USDT,0.9039,2.0,0.9038,11.0,0.904,41.0,0.9041,46.0
1753547060102,16:24:20.102,AERO/USDT:USDT,0.9039,2.0,0.9038,11.0,0.904,41.0,0.9041,46.0
1753547060202,16:24:20.202,AERO/USDT:USDT,0.9039,2.0,0.9038,11.0,0.904,41.0,0.9041,32.0
1753547060402,16:24:20.402,AERO/USDT:USDT,0.9039,2.0,0.9038,11.0,0.904,41.0,0.9041,32.0
1753547060602,16:24:20.602,AERO/USDT:USDT,0.9039,2.0,0.9038,11.0,0.904,41.0,0.9041,27.0
1753547060702,16:24:20.702,AERO/USDT:USDT,0.9039,2.0,0.9038,11.0,0.904,41.0,0.9041,27.0
1753547060802,16:24:20.802,AERO/USDT:USDT,0.9039,2.0,0.9038,11.0,0.904,41.0,0.9041,27.0
1753547060902,16:24:20.902,AERO/USDT:USDT,0.9039,2.0,0.9038,11.0,0.904,41.0,0.9041,32.0
1753547061102,16:24:21.102,AERO/USDT:USDT,0.9039,2.0,0.9038,11.0,0.904,41.0,0.9041,46.0
1753547061202,16:24:21.202,AERO/USDT:USDT,0.9039,2.0,0.9038,11.0,0.904,41.0,0.9041,46.0
1753547061802,16:24:21.802,AERO/USDT:USDT,0.9039,3.0,0.9038,11.0,0.904,41.0,0.9041,32.0
1753547062102,16:24:22.102,AERO/USDT:USDT,0.9039,3.0,0.9038,11.0,0.904,41.0,0.9041,32.0
1753547062702,16:24:22.702,AERO/USDT:USDT,0.9039,3.0,0.9038,11.0,0.904,41.0,0.9041,32.0
1753547063702,16:24:23.702,AERO/USDT:USDT,0.9039,3.0,0.9038,16.0,0.904,41.0,0.9041,27.0
1753547063802,16:24:23.802,AERO/USDT:USDT,0.9039,3.0,0.9038,16.0,0.904,41.0,0.9041,27.0
1753547064002,16:24:24.002,AERO/USDT:USDT,0.9039,3.0,0.9038,16.0,0.904,41.0,0.9041,27.0
1753547064202,16:24:24.202,AERO/USDT:USDT,0.9039,3.0,0.9038,16.0,0.904,41.0,0.9041,27.0
1753547064402,16:24:24.402,AERO/USDT:USDT,0.9039,3.0,0.9038,11.0,0.904,41.0,0.9041,32.0
1753547064502,16:24:24.502,AERO/USDT:USDT,0.9039,3.0,0.9038,11.0,0.904,41.0,0.9041,32.0
1753547064802,16:24:24.802,AERO/USDT:USDT,0.9039,3.0,0.9038,16.0,0.904,41.0,0.9041,27.0
1753547065002,16:24:25.002,AERO/USDT:USDT,0.9039,3.0,0.9038,16.0,0.904,41.0,0.9041,27.0
1753547065502,16:24:25.502,AERO/USDT:USDT,0.9039,3.0,0.9038,11.0,0.904,41.0,0.9041,32.0
1753547066002,16:24:26.002,AERO/USDT:USDT,0.9036,12.0,0.9035,20.0,0.9038,27.0,0.9039,6.0
1753547066102,16:24:26.102,AERO/USDT:USDT,0.9036,12.0,0.9035,39.0,0.9038,27.0,0.9039,1.0
1753547066302,16:24:26.302,AERO/USDT:USDT,0.9036,12.0,0.9035,39.0,0.9038,27.0,0.9039,1.0
1753547067102,16:24:27.102,AERO/USDT:USDT,0.9036,26.0,0.9035,39.0,0.9038,27.0,0.9039,1.0
1753547068202,16:24:28.202,AERO/USDT:USDT,0.9036,26.0,0.9035,39.0,0.9038,27.0,0.9039,1.0
1753547068702,16:24:28.702,AERO/USDT:USDT,0.9036,31.0,0.9035,39.0,0.9038,27.0,0.9039,1.0
1753547069402,16:24:29.402,AERO/USDT:USDT,0.9036,31.0,0.9035,39.0,0.9038,27.0,0.9039,1.0
1753547070202,16:24:30.202,AERO/USDT:USDT,0.9036,31.0,0.9035,39.0,0.9038,27.0,0.9039,1.0
1753547070602,16:24:30.602,AERO/USDT:USDT,0.9036,31.0,0.9035,39.0,0.9038,27.0,0.9039,1.0
1753547071102,16:24:31.102,AERO/USDT:USDT,0.9036,31.0,0.9035,39.0,0.9038,27.0,0.9039,1.0
1753547071402,16:24:31.402,AERO/USDT:USDT,0.9036,31.0,0.9035,39.0,0.9038,27.0,0.9039,1.0
1753547071902,16:24:31.902,AERO/USDT:USDT,0.9036,32.0,0.9035,39.0,0.9038,27.0,0.9039,1.0
1753547072302,16:24:32.302,AERO/USDT:USDT,0.9036,32.0,0.9035,39.0,0.9038,27.0,0.9039,1.0
1753547073202,16:24:33.202,AERO/USDT:USDT,0.9036,32.0,0.9035,39.0,0.9038,27.0,0.9039,1.0
1753547073602,16:24:33.602,AERO/USDT:USDT,0.9036,32.0,0.9035,39.0,0.9038,27.0,0.9039,1.0
1753547073902,16:24:33.902,AERO/USDT:USDT,0.9038,39.0,0.9037,19.0,0.904,41.0,0.9042,10.0
1753547074102,16:24:34.102,AERO/USDT:USDT,0.9039,10.0,0.9038,30.0,0.904,41.0,0.9042,10.0
1753547074202,16:24:34.202,AERO/USDT:USDT,0.9039,10.0,0.9038,30.0,0.904,41.0,0.9042,10.0
1753547074402,16:24:34.402,AERO/USDT:USDT,0.9039,10.0,0.9038,30.0,0.904,41.0,0.9042,10.0
1753547075102,16:24:35.102,AERO/USDT:USDT,0.9039,10.0,0.9038,30.0,0.904,41.0,0.9042,47.0
1753547075702,16:24:35.702,AERO/USDT:USDT,0.9039,24.0,0.9038,30.0,0.904,41.0,0.9042,10.0
1753547076102,16:24:36.102,AERO/USDT:USDT,0.9039,24.0,0.9038,30.0,0.904,41.0,0.9042,10.0
1753547076602,16:24:36.602,AERO/USDT:USDT,0.904,25.0,0.9039,20.0,0.9041,37.0,0.9042,2.0
1753547077402,16:24:37.402,AERO/USDT:USDT,0.904,25.0,0.9039,20.0,0.9041,37.0,0.9042,2.0
1753547077702,16:24:37.702,AERO/USDT:USDT,0.904,25.0,0.9039,20.0,0.9041,37.0,0.9042,2.0
1753547077902,16:24:37.902,AERO/USDT:USDT,0.904,25.0,0.9039,20.0,0.9041,37.0,0.9042,2.0
1753547078102,16:24:38.102,AERO/USDT:USDT,0.904,25.0,0.9039,20.0,0.9041,37.0,0.9042,2.0
1753547079202,16:24:39.202,AERO/USDT:USDT,0.904,25.0,0.9039,20.0,0.9041,37.0,0.9042,2.0
1753547079802,16:24:39.802,AERO/USDT:USDT,0.904,25.0,0.9039,20.0,0.9041,37.0,0.9042,2.0
1753547080102,16:24:40.102,AERO/USDT:USDT,0.904,25.0,0.9039,20.0,0.9041,37.0,0.9042,2.0
1753547080402,16:24:40.402,AERO/USDT:USDT,0.904,1.0,0.9039,20.0,0.9041,37.0,0.9042,2.0
1753547080902,16:24:40.902,AERO/USDT:USDT,0.904,20.0,0.9039,20.0,0.9041,37.0,0.9042,2.0
1753547083102,16:24:43.102,AERO/USDT:USDT,0.9042,24.0,0.9041,28.0,0.9045,36.0,0.9046,1.0
1753547083202,16:24:43.202,AERO/USDT:USDT,0.9042,24.0,0.9041,28.0,0.9045,36.0,0.9046,1.0
1753547083402,16:24:43.402,AERO/USDT:USDT,0.9042,10.0,0.9041,23.0,0.9045,36.0,0.9046,1.0
1753547083502,16:24:43.502,AERO/USDT:USDT,0.9043,2.0,0.9042,23.0,0.9046,1.0,0.9047,29.0
1753547083802,16:24:43.802,AERO/USDT:USDT,0.9043,2.0,0.9042,9.0,0.9046,1.0,0.9047,29.0
1753547085502,16:24:45.502,AERO/USDT:USDT,0.9042,8.0,0.9041,9.0,0.9045,39.0,0.9046,1.0
1753547085602,16:24:45.602,AERO/USDT:USDT,0.9042,8.0,0.9041,23.0,0.9045,39.0,0.9046,1.0
1753547086602,16:24:46.602,AERO/USDT:USDT,0.9042,8.0,0.9041,23.0,0.9045,39.0,0.9046,1.0
1753547087002,16:24:47.002,AERO/USDT:USDT,0.9042,8.0,0.9041,9.0,0.9045,39.0,0.9046,1.0
1753547087402,16:24:47.402,AERO/USDT:USDT,0.9042,8.0,0.9041,23.0,0.9045,39.0,0.9046,1.0
1753547087702,16:24:47.702,AERO/USDT:USDT,0.9042,6.0,0.9041,9.0,0.9045,47.0,0.9046,20.0
1753547088002,16:24:48.002,AERO/USDT:USDT,0.9042,6.0,0.9041,9.0,0.9044,35.0,0.9045,12.0
1753547088902,16:24:48.902,AERO/USDT:USDT,0.9042,6.0,0.9041,14.0,0.9044,35.0,0.9045,1.0
1753547089002,16:24:49.002,AERO/USDT:USDT,0.9042,6.0,0.9041,14.0,0.9044,35.0,0.9045,1.0
1753547089502,16:24:49.502,AERO/USDT:USDT,0.9042,6.0,0.9041,9.0,0.9044,35.0,0.9045,20.0
1753547089902,16:24:49.902,AERO/USDT:USDT,0.9042,6.0,0.9041,14.0,0.9044,35.0,0.9045,20.0
1753547090302,16:24:50.302,AERO/USDT:USDT,0.9042,6.0,0.9041,28.0,0.9044,35.0,0.9045,1.0
1753547090402,16:24:50.402,AERO/USDT:USDT,0.9043,10.0,0.9042,26.0,0.9044,35.0,0.9045,1.0
1753547090702,16:24:50.702,AERO/USDT:USDT,0.9043,10.0,0.9042,26.0,0.9044,35.0,0.9045,1.0
1753547092002,16:24:52.002,AERO/USDT:USDT,0.9043,5.0,0.9042,12.0,0.9044,35.0,0.9045,1.0
1753547092902,16:24:52.902,AERO/USDT:USDT,0.9042,11.0,0.9041,28.0,0.9044,35.0,0.9045,1.0
1753547093902,16:24:53.902,AERO/USDT:USDT,0.9042,25.0,0.9041,28.0,0.9044,35.0,0.9045,1.0
1753547094102,16:24:54.102,AERO/USDT:USDT,0.9042,25.0,0.9041,28.0,0.9044,35.0,0.9045,1.0
1753547094802,16:24:54.802,AERO/USDT:USDT,0.9042,6.0,0.9041,9.0,0.9044,35.0,0.9045,1.0
1753547094902,16:24:54.902,AERO/USDT:USDT,0.9042,25.0,0.9041,28.0,0.9044,35.0,0.9045,1.0
1753547095602,16:24:55.602,AERO/USDT:USDT,0.9042,25.0,0.9041,28.0,0.9044,35.0,0.9045,1.0
1753547095802,16:24:55.802,AERO/USDT:USDT,0.9042,25.0,0.9041,28.0,0.9044,35.0,0.9045,1.0
1753547096002,16:24:56.002,AERO/USDT:USDT,0.9042,6.0,0.9041,28.0,0.9043,38.0,0.9045,9.0
1753547096102,16:24:56.102,AERO/USDT:USDT,0.9042,6.0,0.9041,28.0,0.9043,38.0,0.9045,9.0
1753547097302,16:24:57.302,AERO/USDT:USDT,0.9042,6.0,0.9041,28.0,0.9043,38.0,0.9045,9.0
1753547097502,16:24:57.502,AERO/USDT:USDT,0.9042,6.0,0.9041,28.0,0.9043,38.0,0.9045,9.0
1753547097702,16:24:57.702,AERO/USDT:USDT,0.9042,25.0,0.9041,28.0,0.9043,38.0,0.9045,9.0
1753547098102,16:24:58.102,AERO/USDT:USDT,0.9042,6.0,0.9041,28.0,0.9043,38.0,0.9045,9.0
1753547098502,16:24:58.502,AERO/USDT:USDT,0.9042,6.0,0.9041,28.0,0.9043,38.0,0.9045,9.0
1753547098702,16:24:58.702,AERO/USDT:USDT,0.9042,6.0,0.9041,28.0,0.9043,38.0,0.9045,43.0
1753547098902,16:24:58.902,AERO/USDT:USDT,0.9042,25.0,0.9041,28.0,0.9043,38.0,0.9045,43.0
1753547099802,16:24:59.802,AERO/USDT:USDT,0.9042,25.0,0.9041,28.0,0.9043,38.0,0.9045,43.0
1753547100202,16:25:00.202,AERO/USDT:USDT,0.9042,6.0,0.9041,9.0,0.9043,38.0,0.9044,22.0
1753547100302,16:25:00.302,AERO/USDT:USDT,0.904,12.0,0.9039,18.0,0.9043,44.0,0.9044,23.0
1753547101202,16:25:01.202,AERO/USDT:USDT,0.904,1.0,0.9039,32.0,0.9041,41.0,0.9042,1.0
1753547101802,16:25:01.802,AERO/USDT:USDT,0.904,1.0,0.9039,32.0,0.9041,41.0,0.9042,1.0
1753547102102,16:25:02.102,AERO/USDT:USDT,0.9038,21.0,0.9037,31.0,0.904,44.0,0.9042,1.0
1753547102402,16:25:02.402,AERO/USDT:USDT,0.9038,21.0,0.9037,31.0,0.904,44.0,0.9042,9.0
1753547102502,16:25:02.502,AERO/USDT:USDT,0.9038,21.0,0.9037,31.0,0.904,44.0,0.9042,9.0
1753547103202,16:25:03.202,AERO/USDT:USDT,0.9038,43.0,0.9037,31.0,0.904,44.0,0.9042,43.0
1753547103302,16:25:03.302,AERO/USDT:USDT,0.9038,21.0,0.9037,31.0,0.904,44.0,0.9042,43.0
1753547104002,16:25:04.002,AERO/USDT:USDT,0.9038,37.0,0.9037,31.0,0.904,44.0,0.9042,43.0
1753547104802,16:25:04.802,AERO/USDT:USDT,0.9039,9.0,0.9038,21.0,0.9042,34.0,0.9043,22.0
1753547106102,16:25:06.102,AERO/USDT:USDT,0.9036,23.0,0.9035,20.0,0.9038,40.0,0.9039,14.0
1753547106502,16:25:06.502,AERO/USDT:USDT,0.9037,9.0,0.9036,15.0,0.9039,49.0,0.904,58.0
1753547106602,16:25:06.602,AERO/USDT:USDT,0.9037,2.0,0.9036,20.0,0.904,35.0,0.9041,22.0
1753547106902,16:25:06.902,AERO/USDT:USDT,0.9039,11.0,0.9038,34.0,0.904,35.0,0.9042,10.0
1753547107602,16:25:07.602,AERO/USDT:USDT,0.9038,11.0,0.9037,11.0,0.9039,40.0,0.904,1.0
1753547108002,16:25:08.002,AERO/USDT:USDT,0.9038,11.0,0.9037,11.0,0.9039,40.0,0.904,1.0
1753547108202,16:25:08.202,AERO/USDT:USDT,0.9038,11.0,0.9037,11.0,0.9039,40.0,0.904,1.0
1753547108502,16:25:08.502,AERO/USDT:USDT,0.9038,11.0,0.9037,11.0,0.9039,40.0,0.904,1.0
1753547108902,16:25:08.902,AERO/USDT:USDT,0.9038,11.0,0.9037,11.0,0.9039,40.0,0.904,1.0
1753547110302,16:25:10.302,AERO/USDT:USDT,0.9039,17.0,0.9038,19.0,0.9041,41.0,0.9042,2.0
1753547110802,16:25:10.802,AERO/USDT:USDT,0.904,17.0,0.9038,51.0,0.9042,41.0,0.9043,64.0
1753547112302,16:25:12.302,AERO/USDT:USDT,0.904,33.0,0.9039,22.0,0.9042,41.0,0.9044,16.0
1753547113402,16:25:13.402,AERO/USDT:USDT,0.904,17.0,0.9039,22.0,0.9042,41.0,0.9044,53.0
1753547114102,16:25:14.102,AERO/USDT:USDT,0.904,17.0,0.9038,29.0,0.9042,55.0,0.9043,22.0
1753547114202,16:25:14.202,AERO/USDT:USDT,0.904,17.0,0.9038,29.0,0.9042,41.0,0.9043,22.0
1753547114402,16:25:14.402,AERO/USDT:USDT,0.904,17.0,0.9038,29.0,0.9042,49.0,0.9043,22.0
1753547114602,16:25:14.602,AERO/USDT:USDT,0.904,17.0,0.9038,29.0,0.9042,55.0,0.9043,22.0
1753547115102,16:25:15.102,AERO/USDT:USDT,0.9038,18.0,0.9037,20.0,0.9041,47.0,0.9042,27.0
1753547116402,16:25:16.402,AERO/USDT:USDT,0.9038,1.0,0.9036,24.0,0.9039,52.0,0.904,15.0
1753547116702,16:25:16.702,AERO/USDT:USDT,0.9036,14.0,0.9035,20.0,0.9039,60.0,0.904,15.0
1753547116802,16:25:16.802,AERO/USDT:USDT,0.9036,14.0,0.9035,20.0,0.9039,60.0,0.904,15.0
1753547117402,16:25:17.402,AERO/USDT:USDT,0.9036,14.0,0.9035,20.0,0.9039,52.0,0.904,23.0
1753547118302,16:25:18.302,AERO/USDT:USDT,0.9036,14.0,0.9035,20.0,0.9039,52.0,0.904,23.0
1753547118902,16:25:18.902,AERO/USDT:USDT,0.9041,3.0,0.904,29.0,0.9042,1.0,0.9044,3.0
1753547119002,16:25:19.002,AERO/USDT:USDT,0.9041,3.0,0.904,29.0,0.9042,1.0,0.9044,3.0
1753547120202,16:25:20.202,AERO/USDT:USDT,0.9041,3.0,0.904,12.0,0.9042,1.0,0.9044,1.0
1753547120302,16:25:20.302,AERO/USDT:USDT,0.9041,3.0,0.904,12.0,0.9042,1.0,0.9044,1.0
1753547120402,16:25:20.402,AERO/USDT:USDT,0.9041,3.0,0.904,28.0,0.9042,1.0,0.9044,1.0
1753547120602,16:25:20.602,AERO/USDT:USDT,0.9041,3.0,0.904,28.0,0.9042,1.0,0.9044,1.0
1753547120702,16:25:20.702,AERO/USDT:USDT,0.9041,3.0,0.904,28.0,0.9042,1.0,0.9044,1.0
1753547121002,16:25:21.002,AERO/USDT:USDT,0.9041,3.0,0.904,28.0,0.9042,1.0,0.9044,1.0
1753547121202,16:25:21.202,AERO/USDT:USDT,0.9041,3.0,0.904,12.0,0.9042,1.0,0.9044,37.0
1753547121502,16:25:21.502,AERO/USDT:USDT,0.9041,3.0,0.904,12.0,0.9042,1.0,0.9044,37.0
1753547121602,16:25:21.602,AERO/USDT:USDT,0.9041,3.0,0.904,12.0,0.9042,1.0,0.9044,37.0
1753547122302,16:25:22.302,AERO/USDT:USDT,0.9041,3.0,0.904,12.0,0.9042,1.0,0.9044,37.0
1753547122402,16:25:22.402,AERO/USDT:USDT,0.9041,3.0,0.904,12.0,0.9042,1.0,0.9044,37.0
1753547122702,16:25:22.702,AERO/USDT:USDT,0.9041,3.0,0.904,12.0,0.9042,1.0,0.9044,37.0
1753547122802,16:25:22.802,AERO/USDT:USDT,0.9041,3.0,0.904,12.0,0.9042,1.0,0.9043,35.0
1753547122902,16:25:22.902,AERO/USDT:USDT,0.9041,3.0,0.904,12.0,0.9042,1.0,0.9043,35.0
1753547123702,16:25:23.702,AERO/USDT:USDT,0.9041,3.0,0.904,12.0,0.9042,1.0,0.9043,35.0
1753547123802,16:25:23.802,AERO/USDT:USDT,0.9041,3.0,0.904,12.0,0.9042,1.0,0.9043,35.0
1753547124102,16:25:24.102,AERO/USDT:USDT,0.9041,3.0,0.904,12.0,0.9042,1.0,0.9043,35.0
1753547124302,16:25:24.302,AERO/USDT:USDT,0.904,6.0,0.9039,1.0,0.9042,1.0,0.9043,35.0
1753547124402,16:25:24.402,AERO/USDT:USDT,0.9038,16.0,0.9037,20.0,0.9041,11.0,0.9042,61.0
1753547124502,16:25:24.502,AERO/USDT:USDT,0.9038,16.0,0.9037,20.0,0.9041,11.0,0.9042,44.0
1753547125002,16:25:25.002,AERO/USDT:USDT,0.9037,11.0,0.9036,24.0,0.9038,32.0,0.9039,14.0
1753547125502,16:25:25.502,AERO/USDT:USDT,0.9037,11.0,0.9036,24.0,0.9038,32.0,0.9039,14.0
1753547125702,16:25:25.702,AERO/USDT:USDT,0.9037,11.0,0.9036,24.0,0.9038,32.0,0.9039,14.0
1753547126202,16:25:26.202,AERO/USDT:USDT,0.9037,11.0,0.9036,24.0,0.9038,32.0,0.9039,14.0
1753547127302,16:25:27.302,AERO/USDT:USDT,0.9037,11.0,0.9036,24.0,0.9038,32.0,0.9039,16.0
1753547127402,16:25:27.402,AERO/USDT:USDT,0.9037,28.0,0.9036,24.0,0.9038,32.0,0.9039,16.0
1753547127502,16:25:27.502,AERO/USDT:USDT,0.9037,28.0,0.9036,24.0,0.9038,32.0,0.904,63.0
1753547127702,16:25:27.702,AERO/USDT:USDT,0.9037,28.0,0.9036,24.0,0.9038,32.0,0.904,63.0
1753547127802,16:25:27.802,AERO/USDT:USDT,0.9037,28.0,0.9036,24.0,0.9038,32.0,0.904,33.0
1753547128602,16:25:28.602,AERO/USDT:USDT,0.9039,10.0,0.9038,9.0,0.904,33.0,0.9042,27.0
1753547129402,16:25:29.402,AERO/USDT:USDT,0.9038,26.0,0.9037,20.0,0.904,33.0,0.9042,21.0
1753547129502,16:25:29.502,AERO/USDT:USDT,0.9038,26.0,0.9037,20.0,0.904,33.0,0.9042,21.0
1753547130202,16:25:30.202,AERO/USDT:USDT,0.9038,26.0,0.9037,20.0,0.904,33.0,0.9042,86.0
1753547130602,16:25:30.602,AERO/USDT:USDT,0.9038,26.0,0.9037,20.0,0.904,33.0,0.9042,70.0
1753547130702,16:25:30.702,AERO/USDT:USDT,0.9038,26.0,0.9037,20.0,0.904,33.0,0.9042,70.0
1753547132602,16:25:32.602,AERO/USDT:USDT,0.9037,20.0,0.9036,30.0,0.9039,29.0,0.9041,14.0
1753547132802,16:25:32.802,AERO/USDT:USDT,0.9037,20.0,0.9036,46.0,0.9039,29.0,0.9041,14.0
1753547133202,16:25:33.202,AERO/USDT:USDT,0.9037,20.0,0.9036,46.0,0.9039,29.0,0.9041,14.0
1753547133402,16:25:33.402,AERO/USDT:USDT,0.9037,20.0,0.9036,46.0,0.9039,29.0,0.9041,14.0
1753547133502,16:25:33.502,AERO/USDT:USDT,0.9037,20.0,0.9036,30.0,0.9039,29.0,0.9041,14.0
1753547133802,16:25:33.802,AERO/USDT:USDT,0.9037,20.0,0.9036,30.0,0.9039,29.0,0.9041,14.0
1753547133902,16:25:33.902,AERO/USDT:USDT,0.9037,20.0,0.9036,30.0,0.9039,29.0,0.9041,14.0
1753547134402,16:25:34.402,AERO/USDT:USDT,0.9037,20.0,0.9036,30.0,0.9039,29.0,0.9041,55.0
1753547134702,16:25:34.702,AERO/USDT:USDT,0.9037,20.0,0.9036,45.0,0.9039,30.0,0.9041,55.0
1753547134802,16:25:34.802,AERO/USDT:USDT,0.9037,20.0,0.9036,45.0,0.9039,30.0,0.9041,55.0
1753547134902,16:25:34.902,AERO/USDT:USDT,0.9037,20.0,0.9036,23.0,0.9039,30.0,0.9041,55.0
1753547137702,16:25:37.702,AERO/USDT:USDT,0.9037,9.0,0.9036,23.0,0.9038,32.0,0.9039,2.0
1753547138402,16:25:38.402,AERO/USDT:USDT,0.9037,9.0,0.9036,23.0,0.9038,32.0,0.9039,2.0
1753547138602,16:25:38.602,AERO/USDT:USDT,0.9037,9.0,0.9036,23.0,0.9038,32.0,0.9039,2.0
1753547138902,16:25:38.902,AERO/USDT:USDT,0.9037,9.0,0.9036,23.0,0.9038,32.0,0.9039,2.0
1753547139302,16:25:39.302,AERO/USDT:USDT,0.9037,9.0,0.9036,23.0,0.9038,32.0,0.9039,2.0
1753547140202,16:25:40.202,AERO/USDT:USDT,0.9037,26.0,0.9036,23.0,0.9038,32.0,0.9039,2.0
1753547140402,16:25:40.402,AERO/USDT:USDT,0.9038,5.0,0.9037,7.0,0.9039,1.0,0.904,45.0
1753547140902,16:25:40.902,AERO/USDT:USDT,0.9038,3.0,0.9037,7.0,0.9039,1.0,0.904,1.0
1753547141502,16:25:41.502,AERO/USDT:USDT,0.9037,17.0,0.9036,23.0,0.9039,39.0,0.904,1.0
1753547141702,16:25:41.702,AERO/USDT:USDT,0.9037,17.0,0.9036,23.0,0.9039,39.0,0.904,1.0
1753547142102,16:25:42.102,AERO/USDT:USDT,0.9037,17.0,0.9036,23.0,0.9039,39.0,0.904,1.0
1753547142302,16:25:42.302,AERO/USDT:USDT,0.9037,17.0,0.9036,29.0,0.9039,39.0,0.904,1.0
1753547143402,16:25:43.402,AERO/USDT:USDT,0.9037,17.0,0.9036,23.0,0.9039,39.0,0.904,1.0
1753547143602,16:25:43.602,AERO/USDT:USDT,0.9037,17.0,0.9036,29.0,0.9039,39.0,0.904,1.0
1753547143702,16:25:43.702,AERO/USDT:USDT,0.9037,17.0,0.9036,29.0,0.9039,39.0,0.904,1.0
1753547144202,16:25:44.202,AERO/USDT:USDT,0.9037,17.0,0.9036,23.0,0.9039,39.0,0.904,1.0
1753547144802,16:25:44.802,AERO/USDT:USDT,0.9037,17.0,0.9036,23.0,0.9039,39.0,0.904,1.0
1753547145402,16:25:45.402,AERO/USDT:USDT,0.9037,17.0,0.9036,23.0,0.9039,39.0,0.904,1.0
1753547146002,16:25:46.002,AERO/USDT:USDT,0.9038,3.0,0.9037,26.0,0.9039,1.0,0.904,42.0
1753547146302,16:25:46.302,AERO/USDT:USDT,0.9038,3.0,0.9037,4.0,0.9039,1.0,0.904,42.0
1753547148302,16:25:48.302,AERO/USDT:USDT,0.9036,13.0,0.9034,51.0,0.9038,57.0,0.9039,18.0
1753547148402,16:25:48.402,AERO/USDT:USDT,0.9036,13.0,0.9034,51.0,0.9038,57.0,0.9039,18.0
1753547148602,16:25:48.602,AERO/USDT:USDT,0.9036,13.0,0.9034,29.0,0.9038,57.0,0.9039,34.0
1753547149402,16:25:49.402,AERO/USDT:USDT,0.9036,13.0,0.9034,35.0,0.9038,58.0,0.9039,34.0
1753547149502,16:25:49.502,AERO/USDT:USDT,0.9036,13.0,0.9034,35.0,0.9038,58.0,0.9039,34.0
1753547149602,16:25:49.602,AERO/USDT:USDT,0.9036,13.0,0.9034,35.0,0.9038,58.0,0.9039,34.0
1753547150102,16:25:50.102,AERO/USDT:USDT,0.9036,13.0,0.9034,51.0,0.9038,57.0,0.9039,18.0
1753547151002,16:25:51.002,AERO/USDT:USDT,0.9036,13.0,0.9034,29.0,0.9038,57.0,0.9039,34.0
1753547151102,16:25:51.102,AERO/USDT:USDT,0.9036,13.0,0.9034,29.0,0.9037,37.0,0.9038,27.0
1753547151702,16:25:51.702,AERO/USDT:USDT,0.9036,13.0,0.9034,29.0,0.9037,39.0,0.9038,19.0
1753547152402,16:25:52.402,AERO/USDT:USDT,0.9034,1.0,0.9033,12.0,0.9036,5.0,0.9037,53.0
1753547152902,16:25:52.902,AERO/USDT:USDT,0.9034,1.0,0.9033,12.0,0.9036,5.0,0.9037,39.0
1753547153302,16:25:53.302,AERO/USDT:USDT,0.9034,1.0,0.9033,12.0,0.9036,42.0,0.9037,2.0
1753547154002,16:25:54.002,AERO/USDT:USDT,0.9034,1.0,0.9033,12.0,0.9036,42.0,0.9037,2.0
1753547154102,16:25:54.102,AERO/USDT:USDT,0.9034,1.0,0.9033,12.0,0.9036,42.0,0.9037,2.0
1753547154202,16:25:54.202,AERO/USDT:USDT,0.9034,1.0,0.9033,12.0,0.9036,42.0,0.9037,2.0
1753547154502,16:25:54.502,AERO/USDT:USDT,0.9034,17.0,0.9033,34.0,0.9036,42.0,0.9037,2.0
1753547154702,16:25:54.702,AERO/USDT:USDT,0.9034,1.0,0.9033,34.0,0.9036,42.0,0.9037,2.0
1753547154902,16:25:54.902,AERO/USDT:USDT,0.9034,1.0,0.9033,34.0,0.9036,42.0,0.9037,2.0
1753547155202,16:25:55.202,AERO/USDT:USDT,0.9034,17.0,0.9033,34.0,0.9036,37.0,0.9037,2.0
1753547155302,16:25:55.302,AERO/USDT:USDT,0.9034,17.0,0.9033,34.0,0.9036,37.0,0.9037,2.0
1753547156002,16:25:56.002,AERO/USDT:USDT,0.9034,1.0,0.9033,12.0,0.9036,37.0,0.9037,18.0
1753547156602,16:25:56.602,AERO/USDT:USDT,0.9034,1.0,0.9033,12.0,0.9036,37.0,0.9037,2.0
1753547157802,16:25:57.802,AERO/USDT:USDT,0.9034,23.0,0.9033,34.0,0.9036,37.0,0.9037,2.0
1753547157902,16:25:57.902,AERO/USDT:USDT,0.9034,23.0,0.9033,34.0,0.9036,37.0,0.9037,2.0
1753547158002,16:25:58.002,AERO/USDT:USDT,0.9034,23.0,0.9033,34.0,0.9036,37.0,0.9037,2.0
1753547158102,16:25:58.102,AERO/USDT:USDT,0.9034,23.0,0.9033,34.0,0.9036,37.0,0.9037,2.0
1753547158302,16:25:58.302,AERO/USDT:USDT,0.9034,23.0,0.9033,34.0,0.9036,37.0,0.9037,2.0
1753547159102,16:25:59.102,AERO/USDT:USDT,0.9034,1.0,0.9033,18.0,0.9036,37.0,0.9037,2.0
1753547159302,16:25:59.302,AERO/USDT:USDT,0.9034,1.0,0.9033,18.0,0.9036,37.0,0.9037,2.0
1753547159802,16:25:59.802,AERO/USDT:USDT,0.9034,1.0,0.9033,34.0,0.9036,37.0,0.9037,2.0
1753547159902,16:25:59.902,AERO/USDT:USDT,0.9034,23.0,0.9033,34.0,0.9036,37.0,0.9037,2.0
1753547160002,16:26:00.002,AERO/USDT:USDT,0.9034,23.0,0.9033,34.0,0.9036,37.0,0.9037,2.0
1753547160402,16:26:00.402,AERO/USDT:USDT,0.9034,1.0,0.9033,34.0,0.9035,1.0,0.9036,37.0
1753547161002,16:26:01.002,AERO/USDT:USDT,0.9034,1.0,0.9033,36.0,0.9035,1.0,0.9036,37.0
1753547161102,16:26:01.102,AERO/USDT:USDT,0.9034,1.0,0.9033,42.0,0.9035,1.0,0.9036,37.0
1753547161602,16:26:01.602,AERO/USDT:USDT,0.9034,1.0,0.9033,36.0,0.9035,1.0,0.9036,37.0
1753547161802,16:26:01.802,AERO/USDT:USDT,0.9034,1.0,0.9033,36.0,0.9035,1.0,0.9036,37.0
1753547162402,16:26:02.402,AERO/USDT:USDT,0.9034,17.0,0.9033,42.0,0.9035,1.0,0.9037,48.0
1753547162602,16:26:02.602,AERO/USDT:USDT,0.9034,17.0,0.9033,42.0,0.9035,1.0,0.9037,48.0
1753547162902,16:26:02.902,AERO/USDT:USDT,0.9034,17.0,0.9033,42.0,0.9035,1.0,0.9037,48.0
1753547163802,16:26:03.802,AERO/USDT:USDT,0.9032,12.0,0.903,34.0,0.9035,56.0,0.9036,45.0
1753547164002,16:26:04.002,AERO/USDT:USDT,0.9032,12.0,0.903,47.0,0.9035,56.0,0.9036,45.0
1753547164102,16:26:04.102,AERO/USDT:USDT,0.9032,12.0,0.903,47.0,0.9035,56.0,0.9036,45.0
1753547164402,16:26:04.402,AERO/USDT:USDT,0.9032,12.0,0.903,47.0,0.9035,56.0,0.9036,45.0
1753547164802,16:26:04.802,AERO/USDT:USDT,0.9032,1.0,0.903,31.0,0.9034,26.0,0.9035,56.0
1753547166202,16:26:06.202,AERO/USDT:USDT,0.903,1.0,0.9028,13.0,0.9031,5.0,0.9032,63.0
1753547166502,16:26:06.502,AERO/USDT:USDT,0.903,1.0,0.9028,13.0,0.9031,5.0,0.9032,41.0
1753547167602,16:26:07.602,AERO/USDT:USDT,0.903,1.0,0.9029,4.0,0.9031,33.0,0.9032,7.0
1753547169102,16:26:09.102,AERO/USDT:USDT,0.903,1.0,0.9028,13.0,0.9031,33.0,0.9032,23.0
1753547169302,16:26:09.302,AERO/USDT:USDT,0.903,1.0,0.9028,13.0,0.9031,33.0,0.9032,1.0
1753547169502,16:26:09.502,AERO/USDT:USDT,0.903,1.0,0.9028,13.0,0.9031,33.0,0.9032,1.0
1753547169802,16:26:09.802,AERO/USDT:USDT,0.903,1.0,0.9028,13.0,0.9031,33.0,0.9032,1.0
1753547170502,16:26:10.502,AERO/USDT:USDT,0.903,40.0,0.9029,22.0,0.9033,47.0,0.9034,25.0
1753547171602,16:26:11.602,AERO/USDT:USDT,0.9028,6.0,0.9027,31.0,0.9031,14.0,0.9032,55.0
1753547171702,16:26:11.702,AERO/USDT:USDT,0.9028,39.0,0.9027,23.0,0.9031,14.0,0.9032,55.0
1753547171802,16:26:11.802,AERO/USDT:USDT,0.9028,39.0,0.9027,23.0,0.9031,14.0,0.9032,55.0
1753547172302,16:26:12.302,AERO/USDT:USDT,0.9029,2.0,0.9028,22.0,0.9031,14.0,0.9032,55.0
1753547172402,16:26:12.402,AERO/USDT:USDT,0.9028,39.0,0.9027,72.0,0.9031,14.0,0.9032,55.0
1753547172602,16:26:12.602,AERO/USDT:USDT,0.9028,39.0,0.9027,72.0,0.9031,14.0,0.9032,55.0
1753547173102,16:26:13.102,AERO/USDT:USDT,0.9029,24.0,0.9028,22.0,0.9031,14.0,0.9032,55.0
1753547173402,16:26:13.402,AERO/USDT:USDT,0.9032,22.0,0.9031,22.0,0.9034,24.0,0.9035,43.0
1753547173602,16:26:13.602,AERO/USDT:USDT,0.9032,22.0,0.9031,22.0,0.9034,24.0,0.9035,43.0
1753547174302,16:26:14.302,AERO/USDT:USDT,0.9033,2.0,0.9032,6.0,0.9035,12.0,0.9036,45.0
1753547174402,16:26:14.402,AERO/USDT:USDT,0.903,77.0,0.9029,35.0,0.9034,6.0,0.9035,51.0
1753547174502,16:26:14.502,AERO/USDT:USDT,0.9031,22.0,0.903,83.0,0.9034,6.0,0.9035,45.0
1753547175302,16:26:15.302,AERO/USDT:USDT,0.9032,24.0,0.9031,22.0,0.9034,6.0,0.9035,45.0
1753547175702,16:26:15.702,AERO/USDT:USDT,0.9032,24.0,0.9031,22.0,0.9034,6.0,0.9035,45.0
1753547175802,16:26:15.802,AERO/USDT:USDT,0.9032,6.0,0.9031,22.0,0.9034,6.0,0.9035,45.0
1753547176102,16:26:16.102,AERO/USDT:USDT,0.9031,22.0,0.903,83.0,0.9034,6.0,0.9035,45.0
1753547176202,16:26:16.202,AERO/USDT:USDT,0.9031,22.0,0.903,83.0,0.9034,6.0,0.9035,45.0
1753547176302,16:26:16.302,AERO/USDT:USDT,0.9031,22.0,0.903,83.0,0.9034,6.0,0.9035,45.0
1753547176602,16:26:16.602,AERO/USDT:USDT,0.9032,24.0,0.9031,22.0,0.9034,6.0,0.9035,12.0
1753547177702,16:26:17.702,AERO/USDT:USDT,0.9032,24.0,0.9031,57.0,0.9034,6.0,0.9035,12.0
1753547177902,16:26:17.902,AERO/USDT:USDT,0.9032,24.0,0.9031,57.0,0.9034,6.0,0.9035,12.0
1753547178002,16:26:18.002,AERO/USDT:USDT,0.9032,6.0,0.9031,57.0,0.9034,6.0,0.9035,12.0
1753547179302,16:26:19.302,AERO/USDT:USDT,0.9032,22.0,0.9031,57.0,0.9034,6.0,0.9035,12.0
1753547179602,16:26:19.602,AERO/USDT:USDT,0.9032,6.0,0.9031,57.0,0.9034,6.0,0.9035,12.0
1753547180202,16:26:20.202,AERO/USDT:USDT,0.9032,22.0,0.9031,57.0,0.9034,6.0,0.9035,12.0
1753547180702,16:26:20.702,AERO/USDT:USDT,0.9033,24.0,0.9032,70.0,0.9035,12.0,0.9036,12.0
1753547181102,16:26:21.102,AERO/USDT:USDT,0.9033,8.0,0.9032,70.0,0.9035,12.0,0.9036,12.0
1753547181202,16:26:21.202,AERO/USDT:USDT,0.9033,8.0,0.9032,70.0,0.9035,12.0,0.9036,12.0
1753547181302,16:26:21.302,AERO/USDT:USDT,0.9033,8.0,0.9032,70.0,0.9035,12.0,0.9036,12.0
1753547181402,16:26:21.402,AERO/USDT:USDT,0.9033,8.0,0.9032,70.0,0.9035,12.0,0.9036,12.0
1753547181502,16:26:21.502,AERO/USDT:USDT,0.9033,8.0,0.9032,70.0,0.9035,12.0,0.9036,12.0
