timestamp,time,exchange,symbol,bid1_price,bid1_volume,bid2_price,bid2_volume,ask1_price,ask1_volume,ask2_price,ask2_volume
1753591882786,04:51:22.786,bitget,AEVO/USDT:USDT,0.1083,1512.8,0.1082,208331.1,0.1084,71425.4,0.1085,138918.2
1753591882936,04:51:22.936,bitget,AEVO/USDT:USDT,0.1083,1512.8,0.1082,208331.1,0.1084,71425.4,0.1085,138918.2
1753591883236,04:51:23.236,bitget,AEVO/USDT:USDT,0.1083,1512.8,0.1082,208331.1,0.1084,71425.4,0.1085,138918.2
1753591883386,04:51:23.386,bitget,AEVO/USDT:USDT,0.1083,1512.8,0.1082,208331.1,0.1084,71425.4,0.1085,138918.2
1753591883536,04:51:23.536,bitget,AEVO/USDT:USDT,0.1083,1512.8,0.1082,208331.1,0.1084,71425.4,0.1085,138918.2
1753591883836,04:51:23.836,bitget,AEVO/USDT:USDT,0.1083,1512.8,0.1082,208331.1,0.1084,71425.4,0.1085,138918.2
1753591883986,04:51:23.986,bitget,AEVO/USDT:USDT,0.1083,1512.8,0.1082,208331.1,0.1084,71425.4,0.1085,138918.2
1753591884137,04:51:24.137,bitget,AEVO/USDT:USDT,0.1083,1512.8,0.1082,208331.1,0.1084,71425.4,0.1085,138918.2
1753591884287,04:51:24.287,bitget,AEVO/USDT:USDT,0.1083,1512.8,0.1082,208331.1,0.1084,71425.4,0.1085,138918.2
1753591885187,04:51:25.187,bitget,AEVO/USDT:USDT,0.1083,1512.8,0.1082,208331.1,0.1084,71425.4,0.1085,138918.2
1753591885337,04:51:25.337,bitget,AEVO/USDT:USDT,0.1083,1512.8,0.1082,208331.1,0.1084,71425.4,0.1085,138918.2
1753591885487,04:51:25.487,bitget,AEVO/USDT:USDT,0.1083,1512.8,0.1082,208331.1,0.1084,71425.4,0.1085,138918.2
1753591885637,04:51:25.637,bitget,AEVO/USDT:USDT,0.1083,1512.8,0.1082,208331.1,0.1084,71425.4,0.1085,138918.2
1753591885787,04:51:25.787,bitget,AEVO/USDT:USDT,0.1083,1512.8,0.1082,208331.1,0.1084,71425.4,0.1085,138918.2
1753591885937,04:51:25.937,bitget,AEVO/USDT:USDT,0.1083,1512.8,0.1082,208331.1,0.1084,71425.4,0.1085,138918.2
1753591886388,04:51:26.388,bitget,AEVO/USDT:USDT,0.1083,1512.8,0.1082,208331.1,0.1084,71425.4,0.1085,138918.2
1753591886538,04:51:26.538,bitget,AEVO/USDT:USDT,0.1083,1512.8,0.1082,208331.1,0.1084,71425.4,0.1085,138918.2
1753591886688,04:51:26.688,bitget,AEVO/USDT:USDT,0.1083,1512.8,0.1082,208331.1,0.1084,71425.4,0.1085,138918.2
1753591887588,04:51:27.588,bitget,AEVO/USDT:USDT,0.1083,1512.8,0.1082,208331.1,0.1084,71425.4,0.1085,138918.2
1753591887738,04:51:27.738,bitget,AEVO/USDT:USDT,0.1083,1512.8,0.1082,208331.1,0.1084,71425.4,0.1085,138918.2
1753591887889,04:51:27.889,bitget,AEVO/USDT:USDT,0.1083,1512.8,0.1082,208331.1,0.1084,71425.4,0.1085,138918.2
1753591888639,04:51:28.639,bitget,AEVO/USDT:USDT,0.1083,1512.8,0.1082,208331.1,0.1084,71425.4,0.1085,138918.2
1753591888789,04:51:28.789,bitget,AEVO/USDT:USDT,0.1083,1512.8,0.1082,208331.1,0.1084,71425.4,0.1085,138918.2
1753591889089,04:51:29.089,bitget,AEVO/USDT:USDT,0.1083,1512.8,0.1082,208331.1,0.1084,71425.4,0.1085,138918.2
1753591889689,04:51:29.689,bitget,AEVO/USDT:USDT,0.1083,1512.8,0.1082,208331.1,0.1084,71425.4,0.1085,138918.2
1753591889840,04:51:29.840,bitget,AEVO/USDT:USDT,0.1083,1512.8,0.1082,208331.1,0.1084,71425.4,0.1085,138918.2
1753591889990,04:51:29.990,bitget,AEVO/USDT:USDT,0.1083,1512.8,0.1082,208331.1,0.1084,71425.4,0.1085,138918.2
1753591890140,04:51:30.140,bitget,AEVO/USDT:USDT,0.1083,1512.8,0.1082,208331.1,0.1084,71425.4,0.1085,138918.2
1753591890290,04:51:30.290,bitget,AEVO/USDT:USDT,0.1083,1512.8,0.1082,208331.1,0.1084,71425.4,0.1085,138918.2
1753591890440,04:51:30.440,bitget,AEVO/USDT:USDT,0.1083,1512.8,0.1082,208331.1,0.1084,71425.4,0.1085,138918.2
1753591890590,04:51:30.590,bitget,AEVO/USDT:USDT,0.1083,1512.8,0.1082,208331.1,0.1084,71425.4,0.1085,138918.2
1753591890740,04:51:30.740,bitget,AEVO/USDT:USDT,0.1083,1512.8,0.1082,208331.1,0.1084,71425.4,0.1085,138918.2
1753591890890,04:51:30.890,bitget,AEVO/USDT:USDT,0.1083,1512.8,0.1082,208331.1,0.1084,71425.4,0.1085,138918.2
1753591891040,04:51:31.040,bitget,AEVO/USDT:USDT,0.1083,1512.8,0.1082,208331.1,0.1084,71169.7,0.1085,138918.2
1753591891190,04:51:31.190,bitget,AEVO/USDT:USDT,0.1083,5961.7,0.1082,208331.1,0.1084,71169.7,0.1085,138918.2
1753591891340,04:51:31.340,bitget,AEVO/USDT:USDT,0.1083,7870.7,0.1082,208331.1,0.1084,71169.7,0.1085,138918.2
1753591891490,04:51:31.490,bitget,AEVO/USDT:USDT,0.1083,7870.7,0.1082,208331.1,0.1084,71169.7,0.1085,138918.2
1753591891641,04:51:31.641,bitget,AEVO/USDT:USDT,0.1083,7870.7,0.1082,208331.1,0.1084,71169.7,0.1085,138918.2
1753591891941,04:51:31.941,bitget,AEVO/USDT:USDT,0.1083,7870.7,0.1082,208331.1,0.1084,71169.7,0.1085,138918.2
1753591892091,04:51:32.091,bitget,AEVO/USDT:USDT,0.1083,7870.7,0.1082,208331.1,0.1084,71169.7,0.1085,138918.2
1753591892241,04:51:32.241,bitget,AEVO/USDT:USDT,0.1083,7870.7,0.1082,208331.1,0.1084,71169.7,0.1085,138918.2
1753591892391,04:51:32.391,bitget,AEVO/USDT:USDT,0.1083,7870.7,0.1082,208331.1,0.1084,71169.7,0.1085,138918.2
1753591892541,04:51:32.541,bitget,AEVO/USDT:USDT,0.1083,7870.7,0.1082,208331.1,0.1084,71169.7,0.1085,138918.2
1753591892691,04:51:32.691,bitget,AEVO/USDT:USDT,0.1083,7870.7,0.1082,208331.1,0.1084,71169.7,0.1085,138918.2
1753591892841,04:51:32.841,bitget,AEVO/USDT:USDT,0.1083,8126.4,0.1082,208331.1,0.1084,71169.7,0.1085,138918.2
1753591892991,04:51:32.991,bitget,AEVO/USDT:USDT,0.1083,8126.4,0.1082,208331.1,0.1084,71169.7,0.1085,138918.2
1753591893141,04:51:33.141,bitget,AEVO/USDT:USDT,0.1083,8126.4,0.1082,208331.1,0.1084,71169.7,0.1085,138918.2
1753591893291,04:51:33.291,bitget,AEVO/USDT:USDT,0.1083,7870.7,0.1082,208307.5,0.1084,71157.3,0.1085,138900.0
1753591893442,04:51:33.442,bitget,AEVO/USDT:USDT,0.1083,7870.7,0.1082,208307.5,0.1084,71157.3,0.1085,138900.0
1753591893592,04:51:33.592,bitget,AEVO/USDT:USDT,0.1083,7870.7,0.1082,208307.5,0.1084,71157.3,0.1085,138900.0
1753591893742,04:51:33.742,bitget,AEVO/USDT:USDT,0.1083,7870.7,0.1082,208307.5,0.1084,71157.3,0.1085,138900.0
1753591893892,04:51:33.892,bitget,AEVO/USDT:USDT,0.1083,7870.7,0.1082,208307.5,0.1084,71157.3,0.1085,138900.0
1753591894342,04:51:34.342,bitget,AEVO/USDT:USDT,0.1083,7870.7,0.1082,208307.5,0.1084,71157.3,0.1085,138900.0
1753591894492,04:51:34.492,bitget,AEVO/USDT:USDT,0.1083,7870.7,0.1082,208307.5,0.1084,71157.3,0.1085,138900.0
1753591894942,04:51:34.942,bitget,AEVO/USDT:USDT,0.1083,7870.7,0.1082,208307.5,0.1084,71157.3,0.1085,138900.0
1753591895092,04:51:35.092,bitget,AEVO/USDT:USDT,0.1083,7870.7,0.1082,208307.5,0.1084,71157.3,0.1085,138900.0
1753591895242,04:51:35.242,bitget,AEVO/USDT:USDT,0.1083,7870.7,0.1082,208307.5,0.1084,71157.3,0.1085,138900.0
1753591895393,04:51:35.393,bitget,AEVO/USDT:USDT,0.1083,7870.7,0.1082,208307.5,0.1084,71157.3,0.1085,138900.0
1753591895543,04:51:35.543,bitget,AEVO/USDT:USDT,0.1083,7870.7,0.1082,208307.5,0.1084,71157.3,0.1085,138900.0
1753591896143,04:51:36.143,bitget,AEVO/USDT:USDT,0.1083,3421.8,0.1082,208307.5,0.1084,71157.3,0.1085,138900.0
1753591896293,04:51:36.293,bitget,AEVO/USDT:USDT,0.1083,1512.8,0.1082,208307.5,0.1084,71413.0,0.1085,138900.0
1753591897043,04:51:37.043,bitget,AEVO/USDT:USDT,0.1083,3350.1,0.1082,208307.5,0.1084,71157.3,0.1085,138900.0
1753591897194,04:51:37.194,bitget,AEVO/USDT:USDT,0.1083,7326.8,0.1082,208307.5,0.1084,71157.3,0.1085,138900.0
1753591897644,04:51:37.644,bitget,AEVO/USDT:USDT,0.1083,7326.8,0.1082,208307.5,0.1084,71157.3,0.1085,138900.0
1753591897794,04:51:37.794,bitget,AEVO/USDT:USDT,0.1083,7326.8,0.1082,208307.5,0.1084,71157.3,0.1085,138900.0
1753591897944,04:51:37.944,bitget,AEVO/USDT:USDT,0.1083,7326.8,0.1082,208307.5,0.1084,71157.3,0.1085,138900.0
1753591898094,04:51:38.094,bitget,AEVO/USDT:USDT,0.1083,7326.8,0.1082,208307.5,0.1084,71157.3,0.1085,138900.0
1753591898244,04:51:38.244,bitget,AEVO/USDT:USDT,0.1083,7326.8,0.1082,208307.5,0.1084,71157.3,0.1085,138900.0
1753591898394,04:51:38.394,bitget,AEVO/USDT:USDT,0.1083,7326.8,0.1082,208307.5,0.1084,71157.3,0.1085,138900.0
1753591898544,04:51:38.544,bitget,AEVO/USDT:USDT,0.1083,7326.8,0.1082,208307.5,0.1084,71157.3,0.1085,138900.0
1753591898694,04:51:38.694,bitget,AEVO/USDT:USDT,0.1083,7326.8,0.1082,208307.5,0.1084,71157.3,0.1085,138900.0
1753591898844,04:51:38.844,bitget,AEVO/USDT:USDT,0.1083,7326.8,0.1082,208307.5,0.1084,71157.3,0.1085,138900.0
1753591899145,04:51:39.145,bitget,AEVO/USDT:USDT,0.1083,7326.8,0.1082,208307.5,0.1084,71157.3,0.1085,138900.0
1753591899595,04:51:39.595,bitget,AEVO/USDT:USDT,0.1083,7326.8,0.1082,208307.5,0.1084,71157.3,0.1085,138900.0
1753591899745,04:51:39.745,bitget,AEVO/USDT:USDT,0.1083,7326.8,0.1082,208307.5,0.1084,71157.3,0.1085,138900.0
1753591899895,04:51:39.895,bitget,AEVO/USDT:USDT,0.1083,22707.2,0.1082,204487.5,0.1084,7222.4,0.1085,148118.0
1753591900045,04:51:40.045,bitget,AEVO/USDT:USDT,0.1083,22707.2,0.1082,204487.5,0.1084,45052.8,0.1085,148118.0
1753591900195,04:51:40.195,bitget,AEVO/USDT:USDT,0.1083,23513.1,0.1082,204487.5,0.1084,45052.8,0.1085,148118.0
1753591900345,04:51:40.345,bitget,AEVO/USDT:USDT,0.1083,23513.1,0.1082,204487.5,0.1084,45052.8,0.1085,148118.0
1753591900495,04:51:40.495,bitget,AEVO/USDT:USDT,0.1083,23513.1,0.1082,204487.5,0.1084,45052.8,0.1085,148118.0
1753591900645,04:51:40.645,bitget,AEVO/USDT:USDT,0.1083,22707.2,0.1082,204487.5,0.1084,45052.8,0.1085,148118.0
1753591900795,04:51:40.795,bitget,AEVO/USDT:USDT,0.1083,22707.2,0.1082,204487.5,0.1084,45052.8,0.1085,148118.0
1753591900946,04:51:40.946,bitget,AEVO/USDT:USDT,0.1083,22707.2,0.1082,204487.5,0.1084,45052.8,0.1085,148118.0
1753591901096,04:51:41.096,bitget,AEVO/USDT:USDT,0.1083,23467.5,0.1082,204487.5,0.1084,45052.8,0.1085,148118.0
1753591901246,04:51:41.246,bitget,AEVO/USDT:USDT,0.1083,23467.5,0.1082,204487.5,0.1084,45052.8,0.1085,148118.0
1753591901396,04:51:41.396,bitget,AEVO/USDT:USDT,0.1083,23467.5,0.1082,204487.5,0.1084,45052.8,0.1085,148118.0
1753591901546,04:51:41.546,bitget,AEVO/USDT:USDT,0.1083,23467.5,0.1082,204487.5,0.1084,45052.8,0.1085,148118.0
1753591901696,04:51:41.696,bitget,AEVO/USDT:USDT,0.1083,23467.5,0.1082,204487.5,0.1084,45052.8,0.1085,148118.0
1753591901996,04:51:41.996,bitget,AEVO/USDT:USDT,0.1083,23467.5,0.1082,204487.5,0.1084,45052.8,0.1085,148118.0
1753591902146,04:51:42.146,bitget,AEVO/USDT:USDT,0.1083,23467.5,0.1082,204487.5,0.1084,45052.8,0.1085,148118.0
1753591902296,04:51:42.296,bitget,AEVO/USDT:USDT,0.1083,23467.5,0.1082,204487.5,0.1084,45052.8,0.1085,148118.0
1753591902446,04:51:42.446,bitget,AEVO/USDT:USDT,0.1083,23467.5,0.1082,204487.5,0.1084,45052.8,0.1085,148118.0
1753591902596,04:51:42.596,bitget,AEVO/USDT:USDT,0.1083,23467.5,0.1082,204487.5,0.1084,45052.8,0.1085,148118.0
1753591902747,04:51:42.747,bitget,AEVO/USDT:USDT,0.1083,23467.5,0.1082,204487.5,0.1084,45052.8,0.1085,148118.0
1753591902897,04:51:42.897,bitget,AEVO/USDT:USDT,0.1083,23467.5,0.1082,204487.5,0.1084,45052.8,0.1085,148118.0
1753591903047,04:51:43.047,bitget,AEVO/USDT:USDT,0.1083,23467.5,0.1082,204487.5,0.1084,45052.8,0.1085,148118.0
1753591903197,04:51:43.197,bitget,AEVO/USDT:USDT,0.1083,23467.5,0.1082,204487.5,0.1084,45052.8,0.1085,148118.0
1753591903347,04:51:43.347,bitget,AEVO/USDT:USDT,0.1083,23467.5,0.1082,204487.5,0.1084,45052.8,0.1085,148118.0
1753591903497,04:51:43.497,bitget,AEVO/USDT:USDT,0.1083,23467.5,0.1082,204487.5,0.1084,45052.8,0.1085,148118.0
1753591903647,04:51:43.647,bitget,AEVO/USDT:USDT,0.1083,23467.5,0.1082,204487.5,0.1084,45052.8,0.1085,148118.0
1753591903797,04:51:43.797,bitget,AEVO/USDT:USDT,0.1083,23467.5,0.1082,204487.5,0.1084,45052.8,0.1085,148118.0
1753591903947,04:51:43.947,bitget,AEVO/USDT:USDT,0.1083,25284.5,0.1082,204487.5,0.1084,5473.5,0.1085,187694.7
1753591904097,04:51:44.097,bitget,AEVO/USDT:USDT,0.1083,24524.2,0.1082,204487.5,0.1084,3749.6,0.1085,187694.7
1753591904247,04:51:44.247,bitget,AEVO/USDT:USDT,0.1083,22707.2,0.1082,204487.5,0.1084,4273.9,0.1085,187694.7
1753591904397,04:51:44.397,bitget,AEVO/USDT:USDT,0.1083,22707.2,0.1082,204487.5,0.1084,3749.6,0.1085,187694.7
1753591904547,04:51:44.547,bitget,AEVO/USDT:USDT,0.1083,22707.2,0.1082,204487.5,0.1084,3749.6,0.1085,187694.7
1753591904698,04:51:44.698,bitget,AEVO/USDT:USDT,0.1083,22707.2,0.1082,204487.5,0.1084,3749.6,0.1085,187694.7
1753591904848,04:51:44.848,bitget,AEVO/USDT:USDT,0.1083,22707.2,0.1082,204487.5,0.1084,3749.6,0.1085,187694.7
1753591904998,04:51:44.998,bitget,AEVO/USDT:USDT,0.1083,22707.2,0.1082,204487.5,0.1084,3749.6,0.1085,187694.7
1753591905148,04:51:45.148,bitget,AEVO/USDT:USDT,0.1083,22707.2,0.1082,204487.5,0.1084,3749.6,0.1085,187694.7
1753591905298,04:51:45.298,bitget,AEVO/USDT:USDT,0.1083,22707.2,0.1082,204487.5,0.1084,3749.6,0.1085,187694.7
1753591905448,04:51:45.448,bitget,AEVO/USDT:USDT,0.1083,22707.2,0.1082,204487.5,0.1084,3749.6,0.1085,187694.7
1753591905598,04:51:45.598,bitget,AEVO/USDT:USDT,0.1083,22707.2,0.1082,204487.5,0.1084,3749.6,0.1085,187694.7
1753591905748,04:51:45.748,bitget,AEVO/USDT:USDT,0.1083,22707.2,0.1082,204487.5,0.1084,3749.6,0.1085,187694.7
1753591905898,04:51:45.898,bitget,AEVO/USDT:USDT,0.1083,22707.2,0.1082,204487.5,0.1084,3749.6,0.1085,187694.7
1753591906048,04:51:46.048,bitget,AEVO/USDT:USDT,0.1083,22707.2,0.1082,204487.5,0.1084,3749.6,0.1085,187694.7
1753591906198,04:51:46.198,bitget,AEVO/USDT:USDT,0.1083,22707.2,0.1082,204487.5,0.1084,3749.6,0.1085,187694.7
1753591906348,04:51:46.348,bitget,AEVO/USDT:USDT,0.1083,22707.2,0.1082,204487.5,0.1084,3749.6,0.1085,187694.7
1753591906499,04:51:46.499,bitget,AEVO/USDT:USDT,0.1083,22707.2,0.1082,204487.5,0.1084,3749.6,0.1085,187694.7
1753591906649,04:51:46.649,bitget,AEVO/USDT:USDT,0.1083,22707.2,0.1082,204487.5,0.1084,3749.6,0.1085,187694.7
1753591906799,04:51:46.799,bitget,AEVO/USDT:USDT,0.1083,22707.2,0.1082,204487.5,0.1084,3749.6,0.1085,187694.7
1753591906949,04:51:46.949,bitget,AEVO/USDT:USDT,0.1083,22707.2,0.1082,204487.5,0.1084,3749.6,0.1085,187694.7
1753591907099,04:51:47.099,bitget,AEVO/USDT:USDT,0.1083,22707.2,0.1082,204487.5,0.1084,3749.6,0.1085,187694.7
1753591907249,04:51:47.249,bitget,AEVO/USDT:USDT,0.1083,22707.2,0.1082,204487.5,0.1084,3749.6,0.1085,187694.7
1753591907399,04:51:47.399,bitget,AEVO/USDT:USDT,0.1083,22707.2,0.1082,204487.5,0.1084,3749.6,0.1085,187694.7
1753591907549,04:51:47.549,bitget,AEVO/USDT:USDT,0.1083,22707.2,0.1082,204487.5,0.1084,3749.6,0.1085,187694.7
1753591907699,04:51:47.699,bitget,AEVO/USDT:USDT,0.1083,22707.2,0.1082,204487.5,0.1084,3749.6,0.1085,187694.7
1753591907849,04:51:47.849,bitget,AEVO/USDT:USDT,0.1083,22707.2,0.1082,204487.5,0.1084,3749.6,0.1085,187694.7
1753591907999,04:51:47.999,bitget,AEVO/USDT:USDT,0.1083,22707.2,0.1082,204487.5,0.1084,3749.6,0.1085,187694.7
1753591908149,04:51:48.149,bitget,AEVO/USDT:USDT,0.1083,22707.2,0.1082,204487.5,0.1084,3749.6,0.1085,187694.7
1753591908299,04:51:48.299,bitget,AEVO/USDT:USDT,0.1083,22707.2,0.1082,204487.5,0.1084,3749.6,0.1085,187694.7
1753591908450,04:51:48.450,bitget,AEVO/USDT:USDT,0.1083,22707.2,0.1082,204487.5,0.1084,3749.6,0.1085,187694.7
1753591908600,04:51:48.600,bitget,AEVO/USDT:USDT,0.1083,22707.2,0.1082,204487.5,0.1084,3749.6,0.1085,187694.7
1753591908750,04:51:48.750,bitget,AEVO/USDT:USDT,0.1083,22707.2,0.1082,204487.5,0.1084,3749.6,0.1085,187694.7
1753591909050,04:51:49.050,bitget,AEVO/USDT:USDT,0.1083,22707.2,0.1082,204487.5,0.1084,3749.6,0.1085,187694.7
1753591909200,04:51:49.200,bitget,AEVO/USDT:USDT,0.1083,62273.6,0.1082,164873.4,0.1084,3749.6,0.1085,187654.0
1753591909350,04:51:49.350,bitget,AEVO/USDT:USDT,0.1083,62273.6,0.1082,164873.4,0.1084,6660.4,0.1085,187654.0
1753591909500,04:51:49.500,bitget,AEVO/USDT:USDT,0.1083,62273.6,0.1082,164873.4,0.1084,6660.4,0.1085,187654.0
1753591909650,04:51:49.650,bitget,AEVO/USDT:USDT,0.1083,62273.6,0.1082,164873.4,0.1084,6660.4,0.1085,187654.0
1753591909950,04:51:49.950,bitget,AEVO/USDT:USDT,0.1083,62273.6,0.1082,164873.4,0.1084,6660.4,0.1085,187654.0
1753591910100,04:51:50.100,bitget,AEVO/USDT:USDT,0.1083,62273.6,0.1082,164873.4,0.1084,6660.4,0.1085,187654.0
1753591910250,04:51:50.250,bitget,AEVO/USDT:USDT,0.1083,62273.6,0.1082,164873.4,0.1084,6660.4,0.1085,187654.0
1753591910401,04:51:50.401,bitget,AEVO/USDT:USDT,0.1083,62273.6,0.1082,164873.4,0.1084,6660.4,0.1085,187654.0
1753591910551,04:51:50.551,bitget,AEVO/USDT:USDT,0.1083,62273.6,0.1082,164873.4,0.1084,6660.4,0.1085,187654.0
1753591910701,04:51:50.701,bitget,AEVO/USDT:USDT,0.1083,62273.6,0.1082,164873.4,0.1084,6660.4,0.1085,187654.0
1753591910851,04:51:50.851,bitget,AEVO/USDT:USDT,0.1083,62273.6,0.1082,164873.4,0.1084,6660.4,0.1085,187654.0
1753591911001,04:51:51.001,bitget,AEVO/USDT:USDT,0.1083,62273.6,0.1082,164873.4,0.1084,6660.4,0.1085,187654.0
1753591911151,04:51:51.151,bitget,AEVO/USDT:USDT,0.1083,62273.6,0.1082,164873.4,0.1084,6660.4,0.1085,187654.0
1753591911301,04:51:51.301,bitget,AEVO/USDT:USDT,0.1083,62273.6,0.1082,164873.4,0.1084,6660.4,0.1085,187654.0
1753591911451,04:51:51.451,bitget,AEVO/USDT:USDT,0.1083,62273.6,0.1082,164873.4,0.1084,6660.4,0.1085,187654.0
1753591911601,04:51:51.601,bitget,AEVO/USDT:USDT,0.1083,62273.6,0.1082,164873.4,0.1084,6660.4,0.1085,187654.0
1753591911751,04:51:51.751,bitget,AEVO/USDT:USDT,0.1083,62017.9,0.1082,164873.4,0.1084,6660.4,0.1085,187654.0
1753591911901,04:51:51.901,bitget,AEVO/USDT:USDT,0.1083,7326.8,0.1082,164873.4,0.1084,22032.7,0.1085,178436.0
1753591912051,04:51:52.051,bitget,AEVO/USDT:USDT,0.1083,4641.5,0.1082,204435.6,0.1084,31254.4,0.1085,178436.0
1753591912202,04:51:52.202,bitget,AEVO/USDT:USDT,0.1083,23368.1,0.1082,204435.6,0.1084,10728.0,0.1085,148087.5
1753591912352,04:51:52.352,bitget,AEVO/USDT:USDT,0.1083,23368.1,0.1082,202820.2,0.1084,5685.5,0.1085,187649.6
1753591912502,04:51:52.502,bitget,AEVO/USDT:USDT,0.1083,23368.1,0.1082,202820.2,0.1084,8571.1,0.1085,187649.6
1753591912652,04:51:52.652,bitget,AEVO/USDT:USDT,0.1083,23368.1,0.1082,202820.2,0.1084,8571.1,0.1085,187649.6
1753591912802,04:51:52.802,bitget,AEVO/USDT:USDT,0.1083,23368.1,0.1082,202820.2,0.1084,8571.1,0.1085,187649.6
1753591912952,04:51:52.952,bitget,AEVO/USDT:USDT,0.1083,23368.1,0.1082,202820.2,0.1084,8571.1,0.1085,187649.6
1753591913102,04:51:53.102,bitget,AEVO/USDT:USDT,0.1083,23368.1,0.1082,202820.2,0.1084,8571.1,0.1085,187649.6
1753591913252,04:51:53.252,bitget,AEVO/USDT:USDT,0.1083,23368.1,0.1082,202820.2,0.1084,8571.1,0.1085,187649.6
1753591913402,04:51:53.402,bitget,AEVO/USDT:USDT,0.1083,23368.1,0.1082,202820.2,0.1084,8571.1,0.1085,187649.6
1753591913552,04:51:53.552,bitget,AEVO/USDT:USDT,0.1083,23368.1,0.1082,202820.2,0.1084,8571.1,0.1085,187649.6
1753591913702,04:51:53.702,bitget,AEVO/USDT:USDT,0.1083,23368.1,0.1082,205357.6,0.1084,8571.1,0.1085,187649.6
1753591913852,04:51:53.852,bitget,AEVO/USDT:USDT,0.1083,23368.1,0.1082,205357.6,0.1084,8571.1,0.1085,187649.6
1753591914002,04:51:54.002,bitget,AEVO/USDT:USDT,0.1083,23368.1,0.1082,205357.6,0.1084,8571.1,0.1085,187649.6
1753591914153,04:51:54.153,bitget,AEVO/USDT:USDT,0.1083,23368.1,0.1082,205357.6,0.1084,8571.1,0.1085,187649.6
1753591914303,04:51:54.303,bitget,AEVO/USDT:USDT,0.1083,23368.1,0.1082,205357.6,0.1084,8571.1,0.1085,187649.6
1753591914453,04:51:54.453,bitget,AEVO/USDT:USDT,0.1083,23368.1,0.1082,205357.6,0.1084,8571.1,0.1085,187649.6
1753591914603,04:51:54.603,bitget,AEVO/USDT:USDT,0.1083,23368.1,0.1082,205357.6,0.1084,8571.1,0.1085,187649.6
1753591914753,04:51:54.753,bitget,AEVO/USDT:USDT,0.1083,23368.1,0.1082,205357.6,0.1084,8571.1,0.1085,187649.6
1753591914903,04:51:54.903,bitget,AEVO/USDT:USDT,0.1083,23368.1,0.1082,205357.6,0.1084,8571.1,0.1085,187649.6
1753591915053,04:51:55.053,bitget,AEVO/USDT:USDT,0.1083,23368.1,0.1082,205357.6,0.1084,8571.1,0.1085,187649.6
1753591915203,04:51:55.203,bitget,AEVO/USDT:USDT,0.1083,23368.1,0.1082,205357.6,0.1084,8571.1,0.1085,187649.6
1753591915353,04:51:55.353,bitget,AEVO/USDT:USDT,0.1083,23368.1,0.1082,205357.6,0.1084,8571.1,0.1085,187649.6
1753591915803,04:51:55.803,bitget,AEVO/USDT:USDT,0.1083,23368.1,0.1082,204435.6,0.1084,8571.1,0.1085,187649.6
1753591915954,04:51:55.954,bitget,AEVO/USDT:USDT,0.1083,23368.1,0.1082,204435.6,0.1084,8571.1,0.1085,187649.6
1753591916104,04:51:56.104,bitget,AEVO/USDT:USDT,0.1083,23368.1,0.1082,204435.6,0.1084,8571.1,0.1085,187649.6
1753591916254,04:51:56.254,bitget,AEVO/USDT:USDT,0.1083,23368.1,0.1082,204435.6,0.1084,8571.1,0.1085,187649.6
1753591916404,04:51:56.404,bitget,AEVO/USDT:USDT,0.1083,23368.1,0.1082,204435.6,0.1084,8571.1,0.1085,187649.6
1753591916554,04:51:56.554,bitget,AEVO/USDT:USDT,0.1083,23368.1,0.1082,204435.6,0.1084,8571.1,0.1085,187649.6
1753591916854,04:51:56.854,bitget,AEVO/USDT:USDT,0.1083,23368.1,0.1082,204435.6,0.1084,8571.1,0.1085,187649.6
1753591917004,04:51:57.004,bitget,AEVO/USDT:USDT,0.1083,23368.1,0.1082,204435.6,0.1084,8571.1,0.1085,187649.6
1753591917154,04:51:57.154,bitget,AEVO/USDT:USDT,0.1083,23368.1,0.1082,204435.6,0.1084,8571.1,0.1085,187649.6
1753591917304,04:51:57.304,bitget,AEVO/USDT:USDT,0.1083,23368.1,0.1082,204435.6,0.1084,8571.1,0.1085,187649.6
1753591917454,04:51:57.454,bitget,AEVO/USDT:USDT,0.1083,23368.1,0.1082,204435.6,0.1084,8571.1,0.1085,187649.6
1753591917755,04:51:57.755,bitget,AEVO/USDT:USDT,0.1083,23368.1,0.1082,204435.6,0.1084,8571.1,0.1085,187649.6
1753591917905,04:51:57.905,bitget,AEVO/USDT:USDT,0.1083,23368.1,0.1082,204435.6,0.1084,8571.1,0.1085,187649.6
1753591918055,04:51:58.055,bitget,AEVO/USDT:USDT,0.1083,23368.1,0.1082,204435.6,0.1084,8571.1,0.1085,187649.6
1753591918205,04:51:58.205,bitget,AEVO/USDT:USDT,0.1083,23368.1,0.1082,204435.6,0.1084,8571.1,0.1085,187649.6
1753591918355,04:51:58.355,bitget,AEVO/USDT:USDT,0.1083,23368.1,0.1082,204435.6,0.1084,8571.1,0.1085,187649.6
1753591918505,04:51:58.505,bitget,AEVO/USDT:USDT,0.1083,23368.1,0.1082,204435.6,0.1084,8571.1,0.1085,187649.6
1753591918655,04:51:58.655,bitget,AEVO/USDT:USDT,0.1083,23368.1,0.1082,204435.6,0.1084,8571.1,0.1085,187649.6
1753591918805,04:51:58.805,bitget,AEVO/USDT:USDT,0.1083,23368.1,0.1082,204435.6,0.1084,8571.1,0.1085,187649.6
1753591918955,04:51:58.955,bitget,AEVO/USDT:USDT,0.1083,23368.1,0.1082,204435.6,0.1084,8571.1,0.1085,187649.6
1753591919105,04:51:59.105,bitget,AEVO/USDT:USDT,0.1083,23368.1,0.1082,204435.6,0.1084,8571.1,0.1085,187649.6
1753591919255,04:51:59.255,bitget,AEVO/USDT:USDT,0.1083,23112.4,0.1082,204435.6,0.1084,8571.1,0.1085,187649.6
1753591919405,04:51:59.405,bitget,AEVO/USDT:USDT,0.1083,23368.1,0.1082,204435.6,0.1084,8571.1,0.1085,187649.6
1753591919556,04:51:59.556,bitget,AEVO/USDT:USDT,0.1083,23368.1,0.1082,204435.6,0.1084,8571.1,0.1085,187649.6
1753591919706,04:51:59.706,bitget,AEVO/USDT:USDT,0.1083,23368.1,0.1082,204435.6,0.1084,8571.1,0.1085,187649.6
1753591919856,04:51:59.856,bitget,AEVO/USDT:USDT,0.1083,23368.1,0.1082,204435.6,0.1084,8571.1,0.1085,187649.6
1753591920006,04:52:00.006,bitget,AEVO/USDT:USDT,0.1083,23368.1,0.1082,204435.6,0.1084,8571.1,0.1085,187649.6
1753591920156,04:52:00.156,bitget,AEVO/USDT:USDT,0.1083,23368.1,0.1082,204435.6,0.1084,8571.1,0.1085,187649.6
1753591920306,04:52:00.306,bitget,AEVO/USDT:USDT,0.1083,23368.1,0.1082,204435.6,0.1084,8571.1,0.1085,187649.6
1753591920606,04:52:00.606,bitget,AEVO/USDT:USDT,0.1083,23368.1,0.1082,204435.6,0.1084,8571.1,0.1085,187649.6
1753591920756,04:52:00.756,bitget,AEVO/USDT:USDT,0.1083,23368.1,0.1082,204435.6,0.1084,8571.1,0.1085,187649.6
1753591920906,04:52:00.906,bitget,AEVO/USDT:USDT,0.1083,23368.1,0.1082,204435.6,0.1084,8571.1,0.1085,187649.6
1753591921056,04:52:01.056,bitget,AEVO/USDT:USDT,0.1083,23368.1,0.1082,204435.6,0.1084,8571.1,0.1085,187649.6
1753591921206,04:52:01.206,bitget,AEVO/USDT:USDT,0.1083,23368.1,0.1082,204435.6,0.1084,8571.1,0.1085,187649.6
1753591921356,04:52:01.356,bitget,AEVO/USDT:USDT,0.1083,23368.1,0.1082,204435.6,0.1084,8571.1,0.1085,187649.6
1753591921507,04:52:01.507,bitget,AEVO/USDT:USDT,0.1083,32597.5,0.1082,195200.8,0.1084,8571.1,0.1085,187649.6
1753591921657,04:52:01.657,bitget,AEVO/USDT:USDT,0.1083,32597.5,0.1082,195200.8,0.1084,4751.1,0.1085,187649.6
1753591921807,04:52:01.807,bitget,AEVO/USDT:USDT,0.1083,32597.5,0.1082,195200.8,0.1085,187649.6,0.1086,43263.3
1753591921957,04:52:01.957,bitget,AEVO/USDT:USDT,0.1083,84040.0,0.1082,208015.3,0.1085,178431.7,0.1086,43263.3
1753591922107,04:52:02.107,bitget,AEVO/USDT:USDT,0.1083,84040.0,0.1082,208015.3,0.1085,178431.7,0.1086,43263.3
1753591922407,04:52:02.407,bitget,AEVO/USDT:USDT,0.1083,33442.3,0.1082,208015.3,0.1084,3739.4,0.1085,187645.2
1753591922557,04:52:02.557,bitget,AEVO/USDT:USDT,0.1083,32341.8,0.1082,208015.3,0.1084,3739.4,0.1085,187645.2
1753591922707,04:52:02.707,bitget,AEVO/USDT:USDT,0.1083,32597.5,0.1082,201655.7,0.1084,3739.4,0.1085,187645.2
1753591922857,04:52:02.857,bitget,AEVO/USDT:USDT,0.1083,32597.5,0.1082,201655.7,0.1084,3739.4,0.1085,187645.2
1753591923007,04:52:03.007,bitget,AEVO/USDT:USDT,0.1083,36131.3,0.1082,201655.7,0.1084,3739.4,0.1085,187645.2
1753591923157,04:52:03.157,bitget,AEVO/USDT:USDT,0.1083,36131.3,0.1082,201655.7,0.1084,3739.4,0.1085,187645.2
1753591923308,04:52:03.308,bitget,AEVO/USDT:USDT,0.1083,36131.3,0.1082,201655.7,0.1084,3739.4,0.1085,187645.2
1753591923458,04:52:03.458,bitget,AEVO/USDT:USDT,0.1083,36131.3,0.1082,201655.7,0.1084,3739.4,0.1085,187645.2
1753591923608,04:52:03.608,bitget,AEVO/USDT:USDT,0.1083,36131.3,0.1082,201655.7,0.1084,3739.4,0.1085,187645.2
1753591923758,04:52:03.758,bitget,AEVO/USDT:USDT,0.1083,36131.3,0.1082,201655.7,0.1084,3739.4,0.1085,187645.2
1753591923908,04:52:03.908,bitget,AEVO/USDT:USDT,0.1083,26901.9,0.1082,201655.7,0.1084,3739.4,0.1085,187645.2
1753591924058,04:52:04.058,bitget,AEVO/USDT:USDT,0.1083,24212.9,0.1082,201655.7,0.1084,3739.4,0.1085,187645.2
1753591924208,04:52:04.208,bitget,AEVO/USDT:USDT,0.1083,24212.9,0.1082,206561.5,0.1084,3739.4,0.1085,187645.2
1753591924358,04:52:04.358,bitget,AEVO/USDT:USDT,0.1083,24212.9,0.1082,206561.5,0.1084,3739.4,0.1085,187645.2
1753591924508,04:52:04.508,bitget,AEVO/USDT:USDT,0.1083,24212.9,0.1082,206561.5,0.1084,3739.4,0.1085,187645.2
1753591924658,04:52:04.658,bitget,AEVO/USDT:USDT,0.1083,24212.9,0.1082,206561.5,0.1084,3739.4,0.1085,187645.2
1753591924808,04:52:04.808,bitget,AEVO/USDT:USDT,0.1083,24212.9,0.1082,206561.5,0.1084,3739.4,0.1085,187645.2
1753591924958,04:52:04.958,bitget,AEVO/USDT:USDT,0.1083,24212.9,0.1082,206561.5,0.1084,3739.4,0.1085,187645.2
1753591925109,04:52:05.109,bitget,AEVO/USDT:USDT,0.1083,24212.9,0.1082,206561.5,0.1084,3739.4,0.1085,187645.2
1753591925259,04:52:05.259,bitget,AEVO/USDT:USDT,0.1083,63768.2,0.1082,166986.7,0.1084,3739.4,0.1085,187625.8
1753591925409,04:52:05.409,bitget,AEVO/USDT:USDT,0.1083,63768.2,0.1082,166986.7,0.1084,3739.4,0.1085,187625.8
1753591925559,04:52:05.559,bitget,AEVO/USDT:USDT,0.1083,63768.2,0.1082,166986.7,0.1084,3739.4,0.1085,187625.8
1753591925709,04:52:05.709,bitget,AEVO/USDT:USDT,0.1083,63768.2,0.1082,166986.7,0.1084,3739.4,0.1085,187625.8
1753591925859,04:52:05.859,bitget,AEVO/USDT:USDT,0.1083,63768.2,0.1082,166986.7,0.1084,3739.4,0.1085,187625.8
1753591926009,04:52:06.009,bitget,AEVO/USDT:USDT,0.1083,63768.2,0.1082,166986.7,0.1084,3739.4,0.1085,187625.8
1753591926159,04:52:06.159,bitget,AEVO/USDT:USDT,0.1083,63768.2,0.1082,166986.7,0.1084,3739.4,0.1085,187625.8
1753591926309,04:52:06.309,bitget,AEVO/USDT:USDT,0.1083,63768.2,0.1082,166986.7,0.1084,3739.4,0.1085,187625.8
1753591926459,04:52:06.459,bitget,AEVO/USDT:USDT,0.1083,63768.2,0.1082,166986.7,0.1084,3739.4,0.1085,187625.8
1753591926609,04:52:06.609,bitget,AEVO/USDT:USDT,0.1083,63768.2,0.1082,166986.7,0.1084,3739.4,0.1085,187625.8
1753591926759,04:52:06.759,bitget,AEVO/USDT:USDT,0.1083,63768.2,0.1082,166986.7,0.1084,3739.4,0.1085,187625.8
1753591926909,04:52:06.909,bitget,AEVO/USDT:USDT,0.1083,63768.2,0.1082,166986.7,0.1084,3739.4,0.1085,187625.8
1753591927060,04:52:07.060,bitget,AEVO/USDT:USDT,0.1083,63768.2,0.1082,166986.7,0.1084,3739.4,0.1085,187625.8
1753591927210,04:52:07.210,bitget,AEVO/USDT:USDT,0.1083,63768.2,0.1082,166986.7,0.1084,3739.4,0.1085,187625.8
1753591927360,04:52:07.360,bitget,AEVO/USDT:USDT,0.1083,63768.2,0.1082,166986.7,0.1084,3739.4,0.1085,187625.8
1753591927510,04:52:07.510,bitget,AEVO/USDT:USDT,0.1083,63768.2,0.1082,166986.7,0.1084,3739.4,0.1085,187625.8
1753591927660,04:52:07.660,bitget,AEVO/USDT:USDT,0.1083,63768.2,0.1082,166986.7,0.1084,3739.4,0.1085,187625.8
1753591927810,04:52:07.810,bitget,AEVO/USDT:USDT,0.1083,63768.2,0.1082,166986.7,0.1084,3739.4,0.1085,187625.8
1753591927960,04:52:07.960,bitget,AEVO/USDT:USDT,0.1083,63768.2,0.1082,166986.7,0.1084,3739.4,0.1085,187625.8
1753591928110,04:52:08.110,bitget,AEVO/USDT:USDT,0.1083,63768.2,0.1082,166986.7,0.1084,3739.4,0.1085,187625.8
1753591928260,04:52:08.260,bitget,AEVO/USDT:USDT,0.1083,63768.2,0.1082,166986.7,0.1084,3739.4,0.1085,187625.8
1753591928410,04:52:08.410,bitget,AEVO/USDT:USDT,0.1083,63768.2,0.1082,166986.7,0.1084,3739.4,0.1085,187625.8
1753591928560,04:52:08.560,bitget,AEVO/USDT:USDT,0.1083,63768.2,0.1082,166986.7,0.1084,3739.4,0.1085,187625.8
1753591928710,04:52:08.710,bitget,AEVO/USDT:USDT,0.1083,63768.2,0.1082,166986.7,0.1084,3739.4,0.1085,187625.8
1753591928861,04:52:08.861,bitget,AEVO/USDT:USDT,0.1083,63768.2,0.1082,166986.7,0.1084,3739.4,0.1085,187625.8
1753591929011,04:52:09.011,bitget,AEVO/USDT:USDT,0.1083,63768.2,0.1082,166986.7,0.1084,3739.4,0.1085,187625.8
1753591929161,04:52:09.161,bitget,AEVO/USDT:USDT,0.1083,63768.2,0.1082,157756.8,0.1084,3739.4,0.1085,187625.8
1753591929311,04:52:09.311,bitget,AEVO/USDT:USDT,0.1083,72997.9,0.1082,157756.8,0.1084,3739.4,0.1085,187625.8
1753591929461,04:52:09.461,bitget,AEVO/USDT:USDT,0.1083,72997.9,0.1082,157756.8,0.1084,3739.4,0.1085,187625.8
1753591929611,04:52:09.611,bitget,AEVO/USDT:USDT,0.1083,72997.9,0.1082,157756.8,0.1084,3739.4,0.1085,187625.8
1753591929761,04:52:09.761,bitget,AEVO/USDT:USDT,0.1083,72997.9,0.1082,157756.8,0.1084,3739.4,0.1085,187625.8
1753591929911,04:52:09.911,bitget,AEVO/USDT:USDT,0.1083,72997.9,0.1082,157756.8,0.1084,3739.4,0.1085,187625.8
1753591930211,04:52:10.211,bitget,AEVO/USDT:USDT,0.1083,72997.9,0.1082,157756.8,0.1084,3739.4,0.1085,187625.8
1753591930361,04:52:10.361,bitget,AEVO/USDT:USDT,0.1083,72997.9,0.1082,157756.8,0.1084,3739.4,0.1085,187625.8
1753591930511,04:52:10.511,bitget,AEVO/USDT:USDT,0.1083,72997.9,0.1082,157756.8,0.1084,3739.4,0.1085,187625.8
1753591930661,04:52:10.661,bitget,AEVO/USDT:USDT,0.1083,72997.9,0.1082,157756.8,0.1084,3739.4,0.1085,187625.8
1753591930812,04:52:10.812,bitget,AEVO/USDT:USDT,0.1083,63768.2,0.1082,157756.8,0.1084,3739.4,0.1085,187625.8
1753591930962,04:52:10.962,bitget,AEVO/USDT:USDT,0.1083,63768.2,0.1082,157756.8,0.1084,3739.4,0.1085,187625.8
1753591931112,04:52:11.112,bitget,AEVO/USDT:USDT,0.1083,63768.2,0.1082,157756.8,0.1084,3739.4,0.1085,187625.8
1753591931262,04:52:11.262,bitget,AEVO/USDT:USDT,0.1083,63768.2,0.1082,157756.8,0.1084,3739.4,0.1085,187625.8
1753591931412,04:52:11.412,bitget,AEVO/USDT:USDT,0.1083,72997.5,0.1082,157756.8,0.1084,3739.4,0.1085,187625.8
1753591931562,04:52:11.562,bitget,AEVO/USDT:USDT,0.1083,72997.5,0.1082,157756.8,0.1084,3739.4,0.1085,187625.8
1753591931712,04:52:11.712,bitget,AEVO/USDT:USDT,0.1083,72997.5,0.1082,157756.8,0.1084,3739.4,0.1085,187625.8
1753591931862,04:52:11.862,bitget,AEVO/USDT:USDT,0.1083,72997.5,0.1082,157756.8,0.1084,3739.4,0.1085,187625.8
1753591932012,04:52:12.012,bitget,AEVO/USDT:USDT,0.1083,63768.2,0.1082,157756.8,0.1084,3739.4,0.1085,187625.8
1753591932162,04:52:12.162,bitget,AEVO/USDT:USDT,0.1083,63768.2,0.1082,157756.8,0.1084,3739.4,0.1085,187625.8
1753591932312,04:52:12.312,bitget,AEVO/USDT:USDT,0.1083,63512.5,0.1082,166987.7,0.1084,3739.4,0.1085,187625.8
1753591932462,04:52:12.462,bitget,AEVO/USDT:USDT,0.1083,63768.2,0.1082,166987.7,0.1084,3739.4,0.1085,187625.8
1753591932613,04:52:12.613,bitget,AEVO/USDT:USDT,0.1083,63768.2,0.1082,166987.7,0.1084,3739.4,0.1085,187625.8
1753591932763,04:52:12.763,bitget,AEVO/USDT:USDT,0.1083,63768.2,0.1082,166987.7,0.1084,3739.4,0.1085,187625.8
1753591932913,04:52:12.913,bitget,AEVO/USDT:USDT,0.1083,63768.2,0.1082,166987.7,0.1084,3739.4,0.1085,187625.8
1753591933063,04:52:13.063,bitget,AEVO/USDT:USDT,0.1083,63768.2,0.1082,166987.7,0.1084,3739.4,0.1085,187625.8
1753591933213,04:52:13.213,bitget,AEVO/USDT:USDT,0.1083,63768.2,0.1082,166987.7,0.1084,3739.4,0.1085,187625.8
1753591933363,04:52:13.363,bitget,AEVO/USDT:USDT,0.1083,63768.2,0.1082,166987.7,0.1084,3739.4,0.1085,187625.8
1753591933663,04:52:13.663,bitget,AEVO/USDT:USDT,0.1083,63768.2,0.1082,166987.7,0.1084,3739.4,0.1085,187625.8
1753591933813,04:52:13.813,bitget,AEVO/USDT:USDT,0.1083,63768.2,0.1082,166987.7,0.1084,3739.4,0.1085,187625.8
1753591933963,04:52:13.963,bitget,AEVO/USDT:USDT,0.1083,63768.2,0.1082,166987.7,0.1084,3739.4,0.1085,187625.8
1753591934113,04:52:14.113,bitget,AEVO/USDT:USDT,0.1083,63768.2,0.1082,166987.7,0.1084,3739.4,0.1085,187625.8
1753591934263,04:52:14.263,bitget,AEVO/USDT:USDT,0.1083,63768.2,0.1082,166987.7,0.1084,3739.4,0.1085,187625.8
1753591934414,04:52:14.414,bitget,AEVO/USDT:USDT,0.1083,63768.2,0.1082,166987.7,0.1084,3739.4,0.1085,187625.8
1753591934564,04:52:14.564,bitget,AEVO/USDT:USDT,0.1083,105412.9,0.1082,166987.7,0.1084,1849.3,0.1085,184742.8
1753591934714,04:52:14.714,bitget,AEVO/USDT:USDT,0.1083,105412.9,0.1082,166987.7,0.1084,1849.3,0.1085,184742.8
1753591934864,04:52:14.864,bitget,AEVO/USDT:USDT,0.1083,105412.9,0.1082,166987.7,0.1084,1849.3,0.1085,184742.8
1753591935014,04:52:15.014,bitget,AEVO/USDT:USDT,0.1083,105412.9,0.1082,166987.7,0.1084,1849.3,0.1085,184742.8
1753591935164,04:52:15.164,bitget,AEVO/USDT:USDT,0.1083,105412.9,0.1082,166987.7,0.1084,1849.3,0.1085,184742.8
1753591935314,04:52:15.314,bitget,AEVO/USDT:USDT,0.1083,105412.9,0.1082,166987.7,0.1084,1849.3,0.1085,184742.8
1753591935464,04:52:15.464,bitget,AEVO/USDT:USDT,0.1083,105412.9,0.1082,166987.7,0.1084,1849.3,0.1085,184742.8
1753591935614,04:52:15.614,bitget,AEVO/USDT:USDT,0.1083,105412.9,0.1082,166987.7,0.1084,1849.3,0.1085,184742.8
1753591935764,04:52:15.764,bitget,AEVO/USDT:USDT,0.1083,105412.9,0.1082,166987.7,0.1084,1849.3,0.1085,184742.8
1753591935914,04:52:15.914,bitget,AEVO/USDT:USDT,0.1083,105412.9,0.1082,166987.7,0.1084,1849.3,0.1085,184742.8
1753591936064,04:52:16.064,bitget,AEVO/USDT:USDT,0.1083,105412.9,0.1082,166987.7,0.1084,1849.3,0.1085,184742.8
1753591936215,04:52:16.215,bitget,AEVO/USDT:USDT,0.1083,105412.9,0.1082,166987.7,0.1084,1849.3,0.1085,184742.8
1753591936365,04:52:16.365,bitget,AEVO/USDT:USDT,0.1083,105412.9,0.1082,166987.7,0.1084,1849.3,0.1085,184742.8
1753591936515,04:52:16.515,bitget,AEVO/USDT:USDT,0.1083,105412.9,0.1082,166987.7,0.1084,1849.3,0.1085,184742.8
1753591936665,04:52:16.665,bitget,AEVO/USDT:USDT,0.1083,63768.2,0.1082,166987.7,0.1084,1849.3,0.1085,184742.8
1753591936815,04:52:16.815,bitget,AEVO/USDT:USDT,0.1083,63768.2,0.1082,166987.7,0.1084,1849.3,0.1085,184742.8
1753591936965,04:52:16.965,bitget,AEVO/USDT:USDT,0.1083,63768.2,0.1082,166987.7,0.1084,1849.3,0.1085,184742.8
1753591937115,04:52:17.115,bitget,AEVO/USDT:USDT,0.1083,63768.2,0.1082,166987.7,0.1084,1849.3,0.1085,184742.8
1753591937265,04:52:17.265,bitget,AEVO/USDT:USDT,0.1083,63768.2,0.1082,166987.7,0.1084,1849.3,0.1085,184742.8
1753591937415,04:52:17.415,bitget,AEVO/USDT:USDT,0.1083,63768.2,0.1082,166987.7,0.1084,1849.3,0.1085,184742.8
1753591937565,04:52:17.565,bitget,AEVO/USDT:USDT,0.1083,63768.2,0.1082,166987.7,0.1084,1849.3,0.1085,184742.8
1753591937715,04:52:17.715,bitget,AEVO/USDT:USDT,0.1083,63768.2,0.1082,166987.7,0.1084,1849.3,0.1085,184742.8
1753591937865,04:52:17.865,bitget,AEVO/USDT:USDT,0.1083,63768.2,0.1082,166987.7,0.1084,1849.3,0.1085,184742.8
1753591938015,04:52:18.015,bitget,AEVO/USDT:USDT,0.1083,63768.2,0.1082,166987.7,0.1084,1849.3,0.1085,184742.8
1753591938166,04:52:18.166,bitget,AEVO/USDT:USDT,0.1083,63768.2,0.1082,166987.7,0.1084,1849.3,0.1085,184742.8
1753591938316,04:52:18.316,bitget,AEVO/USDT:USDT,0.1083,63768.2,0.1082,166987.7,0.1084,1849.3,0.1085,184742.8
1753591938466,04:52:18.466,bitget,AEVO/USDT:USDT,0.1083,63768.2,0.1082,166987.7,0.1084,1849.3,0.1085,184742.8
1753591938616,04:52:18.616,bitget,AEVO/USDT:USDT,0.1083,63768.2,0.1082,166987.7,0.1084,1849.3,0.1085,184742.8
1753591938766,04:52:18.766,bitget,AEVO/USDT:USDT,0.1083,63768.2,0.1082,166987.7,0.1084,1849.3,0.1085,184742.8
1753591938916,04:52:18.916,bitget,AEVO/USDT:USDT,0.1083,63768.2,0.1082,166987.7,0.1084,1849.3,0.1085,184742.8
1753591939066,04:52:19.066,bitget,AEVO/USDT:USDT,0.1083,63768.2,0.1082,166987.7,0.1084,1849.3,0.1085,184742.8
1753591939366,04:52:19.366,bitget,AEVO/USDT:USDT,0.1083,63512.5,0.1082,166987.7,0.1084,1849.3,0.1085,184742.8
1753591939516,04:52:19.516,bitget,AEVO/USDT:USDT,0.1083,63768.2,0.1082,166987.7,0.1084,1849.3,0.1085,184742.8
1753591939666,04:52:19.666,bitget,AEVO/USDT:USDT,0.1083,63768.2,0.1082,166987.7,0.1084,1849.3,0.1085,184742.8
1753591939816,04:52:19.816,bitget,AEVO/USDT:USDT,0.1083,63768.2,0.1082,166987.7,0.1084,1849.3,0.1085,184742.8
1753591939967,04:52:19.967,bitget,AEVO/USDT:USDT,0.1083,63768.2,0.1082,166987.7,0.1084,1849.3,0.1085,184742.8
1753591940117,04:52:20.117,bitget,AEVO/USDT:USDT,0.1083,63768.2,0.1082,166987.7,0.1084,1849.3,0.1085,184742.8
1753591940267,04:52:20.267,bitget,AEVO/USDT:USDT,0.1083,63768.2,0.1082,166987.7,0.1084,1849.3,0.1085,184742.8
1753591940417,04:52:20.417,bitget,AEVO/USDT:USDT,0.1083,63768.2,0.1082,166987.7,0.1084,1849.3,0.1085,184742.8
1753591940567,04:52:20.567,bitget,AEVO/USDT:USDT,0.1083,63768.2,0.1082,166987.7,0.1084,1849.3,0.1085,184742.8
1753591940717,04:52:20.717,bitget,AEVO/USDT:USDT,0.1083,63768.2,0.1082,166987.7,0.1084,1849.3,0.1085,184742.8
1753591940867,04:52:20.867,bitget,AEVO/USDT:USDT,0.1083,63768.2,0.1082,166987.7,0.1084,1849.3,0.1085,184742.8
1753591941017,04:52:21.017,bitget,AEVO/USDT:USDT,0.1083,63768.2,0.1082,157756.8,0.1084,1849.3,0.1085,184742.8
1753591941167,04:52:21.167,bitget,AEVO/USDT:USDT,0.1083,63759.8,0.1082,157757.0,0.1084,1849.3,0.1085,184734.6
1753591941317,04:52:21.317,bitget,AEVO/USDT:USDT,0.1083,63759.8,0.1082,157757.0,0.1084,1849.3,0.1085,184734.6
1753591941467,04:52:21.467,bitget,AEVO/USDT:USDT,0.1083,72989.1,0.1082,157757.0,0.1084,1849.3,0.1085,184734.6
1753591941617,04:52:21.617,bitget,AEVO/USDT:USDT,0.1083,63759.8,0.1082,166987.0,0.1084,1849.3,0.1085,184734.6
1753591941768,04:52:21.768,bitget,AEVO/USDT:USDT,0.1083,63759.8,0.1082,166987.0,0.1084,1849.3,0.1085,184734.6
1753591941918,04:52:21.918,bitget,AEVO/USDT:USDT,0.1083,63759.8,0.1082,166987.0,0.1084,1849.3,0.1085,184734.6
1753591942068,04:52:22.068,bitget,AEVO/USDT:USDT,0.1083,63759.8,0.1082,166987.0,0.1084,1849.3,0.1085,184734.6
1753591942218,04:52:22.218,bitget,AEVO/USDT:USDT,0.1083,63759.8,0.1082,166987.0,0.1084,1849.3,0.1085,184734.6
1753591942368,04:52:22.368,bitget,AEVO/USDT:USDT,0.1083,63759.8,0.1082,166987.0,0.1084,1849.3,0.1085,184734.6
1753591942518,04:52:22.518,bitget,AEVO/USDT:USDT,0.1083,63759.8,0.1082,166987.0,0.1084,1849.3,0.1085,184734.6
1753591942668,04:52:22.668,bitget,AEVO/USDT:USDT,0.1083,63759.8,0.1082,166987.0,0.1084,1849.3,0.1085,184734.6
1753591942818,04:52:22.818,bitget,AEVO/USDT:USDT,0.1083,63759.8,0.1082,166987.0,0.1084,1849.3,0.1085,184734.6
1753591942968,04:52:22.968,bitget,AEVO/USDT:USDT,0.1083,63759.8,0.1082,166987.0,0.1084,1849.3,0.1085,184734.6
1753591943118,04:52:23.118,bitget,AEVO/USDT:USDT,0.1083,63759.8,0.1082,166987.0,0.1084,1849.3,0.1085,184734.6
1753591943268,04:52:23.268,bitget,AEVO/USDT:USDT,0.1083,63759.8,0.1082,157757.0,0.1084,1849.3,0.1085,74017.8
1753591943418,04:52:23.418,bitget,AEVO/USDT:USDT,0.1083,72989.0,0.1082,157757.0,0.1084,1849.3,0.1085,98680.5
1753591943568,04:52:23.568,bitget,AEVO/USDT:USDT,0.1083,72989.0,0.1082,157757.0,0.1085,100513.6,0.1086,138360.9
1753591943718,04:52:23.718,bitget,AEVO/USDT:USDT,0.1084,1512.8,0.1083,111608.7,0.1085,100513.6,0.1086,138360.9
1753591943869,04:52:23.869,bitget,AEVO/USDT:USDT,0.1084,1512.8,0.1083,136278.6,0.1085,76106.6,0.1086,138360.9
1753591944019,04:52:24.019,bitget,AEVO/USDT:USDT,0.1084,1512.8,0.1083,136278.6,0.1085,76106.6,0.1086,138360.9
1753591944169,04:52:24.169,bitget,AEVO/USDT:USDT,0.1084,1512.8,0.1083,136278.6,0.1085,76106.6,0.1086,138360.9
1753591944319,04:52:24.319,bitget,AEVO/USDT:USDT,0.1084,1512.8,0.1083,136278.6,0.1085,76106.6,0.1086,138360.9
1753591944469,04:52:24.469,bitget,AEVO/USDT:USDT,0.1084,1512.8,0.1083,136278.6,0.1085,75850.9,0.1086,138360.9
1753591944619,04:52:24.619,bitget,AEVO/USDT:USDT,0.1084,1512.8,0.1083,136278.6,0.1085,75850.9,0.1086,138360.9
1753591944769,04:52:24.769,bitget,AEVO/USDT:USDT,0.1084,1512.8,0.1083,136278.6,0.1085,75850.9,0.1086,144539.2
1753591944919,04:52:24.919,bitget,AEVO/USDT:USDT,0.1084,1512.8,0.1083,136278.6,0.1085,76106.6,0.1086,144539.2
1753591945069,04:52:25.069,bitget,AEVO/USDT:USDT,0.1084,1512.8,0.1083,136278.6,0.1085,75850.9,0.1086,144539.2
1753591945219,04:52:25.219,bitget,AEVO/USDT:USDT,0.1084,1512.8,0.1083,136278.6,0.1085,76106.6,0.1086,144539.2
1753591945369,04:52:25.369,bitget,AEVO/USDT:USDT,0.1084,1512.8,0.1083,136278.6,0.1085,76106.6,0.1086,144539.2
1753591945520,04:52:25.520,bitget,AEVO/USDT:USDT,0.1084,1512.8,0.1083,136278.6,0.1085,75850.9,0.1086,144539.2
1753591945670,04:52:25.670,bitget,AEVO/USDT:USDT,0.1084,1512.8,0.1083,136278.6,0.1085,75850.9,0.1086,144539.2
1753591945820,04:52:25.820,bitget,AEVO/USDT:USDT,0.1084,1512.8,0.1083,136278.6,0.1085,75850.9,0.1086,144539.2
1753591945970,04:52:25.970,bitget,AEVO/USDT:USDT,0.1084,1512.8,0.1083,136278.6,0.1085,75850.9,0.1086,144539.2
1753591946120,04:52:26.120,bitget,AEVO/USDT:USDT,0.1084,1512.8,0.1083,136278.6,0.1085,76106.6,0.1086,144539.2
1753591946270,04:52:26.270,bitget,AEVO/USDT:USDT,0.1084,1512.8,0.1083,136278.6,0.1085,76106.6,0.1086,144539.2
1753591946420,04:52:26.420,bitget,AEVO/USDT:USDT,0.1084,1512.8,0.1083,136278.6,0.1085,75850.9,0.1086,144539.2
1753591946570,04:52:26.570,bitget,AEVO/USDT:USDT,0.1084,1512.8,0.1083,136278.6,0.1085,75850.9,0.1086,144539.2
1753591946720,04:52:26.720,bitget,AEVO/USDT:USDT,0.1084,1512.8,0.1083,136278.6,0.1085,75850.9,0.1086,144539.2
1753591946870,04:52:26.870,bitget,AEVO/USDT:USDT,0.1084,1512.8,0.1083,136278.6,0.1085,75850.9,0.1086,144539.2
1753591947020,04:52:27.020,bitget,AEVO/USDT:USDT,0.1084,1512.8,0.1083,136278.6,0.1085,75850.9,0.1086,144539.2
1753591947170,04:52:27.170,bitget,AEVO/USDT:USDT,0.1084,1512.8,0.1083,136278.6,0.1085,75850.9,0.1086,144539.2
1753591947320,04:52:27.320,bitget,AEVO/USDT:USDT,0.1084,1512.8,0.1083,136278.6,0.1085,75850.9,0.1086,144539.2
1753591947471,04:52:27.471,bitget,AEVO/USDT:USDT,0.1084,1512.8,0.1083,136278.6,0.1085,75850.9,0.1086,144539.2
1753591947771,04:52:27.771,bitget,AEVO/USDT:USDT,0.1084,1512.8,0.1083,136278.6,0.1085,75850.9,0.1086,144539.2
1753591947921,04:52:27.921,bitget,AEVO/USDT:USDT,0.1084,1512.8,0.1083,136278.6,0.1085,75850.9,0.1086,144539.2
1753591948071,04:52:28.071,bitget,AEVO/USDT:USDT,0.1084,1512.8,0.1083,136278.6,0.1085,75850.9,0.1086,144539.2
1753591948221,04:52:28.221,bitget,AEVO/USDT:USDT,0.1084,1512.8,0.1083,136278.6,0.1085,75850.9,0.1086,144539.2
1753591948371,04:52:28.371,bitget,AEVO/USDT:USDT,0.1084,1512.8,0.1083,127049.4,0.1085,75850.9,0.1086,144539.2
1753591948521,04:52:28.521,bitget,AEVO/USDT:USDT,0.1084,1512.8,0.1083,136278.9,0.1085,76106.6,0.1086,144539.2
1753591948671,04:52:28.671,bitget,AEVO/USDT:USDT,0.1084,1512.8,0.1083,136278.9,0.1085,76106.6,0.1086,144539.2
1753591948821,04:52:28.821,bitget,AEVO/USDT:USDT,0.1084,1512.8,0.1083,136278.9,0.1085,75850.9,0.1086,144539.2
1753591948971,04:52:28.971,bitget,AEVO/USDT:USDT,0.1084,1512.8,0.1083,136278.9,0.1085,75850.9,0.1086,144539.2
1753591949121,04:52:29.121,bitget,AEVO/USDT:USDT,0.1084,1512.8,0.1083,136278.9,0.1085,75850.9,0.1086,144539.2
1753591949271,04:52:29.271,bitget,AEVO/USDT:USDT,0.1084,1512.8,0.1083,136278.9,0.1085,75850.9,0.1086,144539.2
1753591949422,04:52:29.422,bitget,AEVO/USDT:USDT,0.1084,1512.8,0.1083,127049.4,0.1085,75850.9,0.1086,144539.2
1753591949572,04:52:29.572,bitget,AEVO/USDT:USDT,0.1084,1512.8,0.1083,127049.4,0.1085,75850.9,0.1086,144539.2
1753591949722,04:52:29.722,bitget,AEVO/USDT:USDT,0.1084,1512.8,0.1083,136279.1,0.1085,75850.9,0.1086,144539.2
1753591949872,04:52:29.872,bitget,AEVO/USDT:USDT,0.1084,1512.8,0.1083,136279.1,0.1085,75850.9,0.1086,144539.2
1753591950022,04:52:30.022,bitget,AEVO/USDT:USDT,0.1083,127049.4,0.1082,129422.4,0.1085,76106.6,0.1086,144539.2
1753591950172,04:52:30.172,bitget,AEVO/USDT:USDT,0.1083,102379.5,0.1082,155581.8,0.1085,100769.3,0.1086,144934.1
1753591950772,04:52:30.772,bitget,AEVO/USDT:USDT,0.1083,102635.2,0.1082,164812.4,0.1085,100769.3,0.1086,144934.1
1753591950922,04:52:30.922,bitget,AEVO/USDT:USDT,0.1083,102635.2,0.1082,164812.4,0.1085,100769.3,0.1086,144934.1
1753591951072,04:52:31.072,bitget,AEVO/USDT:USDT,0.1083,102635.2,0.1082,164812.4,0.1085,100769.3,0.1086,144934.1
1753591951223,04:52:31.223,bitget,AEVO/USDT:USDT,0.1083,102635.2,0.1082,155581.8,0.1085,100769.3,0.1086,144934.1
1753591951373,04:52:31.373,bitget,AEVO/USDT:USDT,0.1083,102635.2,0.1082,155581.8,0.1085,100769.3,0.1086,144934.1
1753591951523,04:52:31.523,bitget,AEVO/USDT:USDT,0.1083,111864.8,0.1082,155581.8,0.1085,100769.3,0.1086,144934.1
1753591951673,04:52:31.673,bitget,AEVO/USDT:USDT,0.1083,111864.8,0.1082,155581.8,0.1085,100769.3,0.1086,144934.1
1753591951823,04:52:31.823,bitget,AEVO/USDT:USDT,0.1083,111864.8,0.1082,155581.8,0.1085,100769.3,0.1086,144934.1
1753591951973,04:52:31.973,bitget,AEVO/USDT:USDT,0.1083,111864.8,0.1082,155581.8,0.1085,100769.3,0.1086,144934.1
1753591952123,04:52:32.123,bitget,AEVO/USDT:USDT,0.1083,102635.2,0.1082,155581.8,0.1085,100769.3,0.1086,144934.1
1753591952273,04:52:32.273,bitget,AEVO/USDT:USDT,0.1083,102635.2,0.1082,155581.8,0.1085,100769.3,0.1086,144934.1
1753591952423,04:52:32.423,bitget,AEVO/USDT:USDT,0.1083,102635.2,0.1082,155581.8,0.1085,100769.3,0.1086,144934.1
1753591952573,04:52:32.573,bitget,AEVO/USDT:USDT,0.1083,111864.8,0.1082,155581.8,0.1085,100769.3,0.1086,144934.1
1753591952723,04:52:32.723,bitget,AEVO/USDT:USDT,0.1083,102635.2,0.1082,155581.8,0.1085,100769.3,0.1086,144934.1
1753591952873,04:52:32.873,bitget,AEVO/USDT:USDT,0.1083,102635.2,0.1082,164811.7,0.1085,100769.3,0.1086,144934.1
1753591953024,04:52:33.024,bitget,AEVO/USDT:USDT,0.1083,111865.1,0.1082,155581.8,0.1085,100769.3,0.1086,144934.1
1753591953174,04:52:33.174,bitget,AEVO/USDT:USDT,0.1083,111865.1,0.1082,155581.8,0.1085,100769.3,0.1086,144934.1
1753591953324,04:52:33.324,bitget,AEVO/USDT:USDT,0.1083,111865.1,0.1082,155581.8,0.1085,100769.3,0.1086,144934.1
1753591953474,04:52:33.474,bitget,AEVO/USDT:USDT,0.1083,111865.1,0.1082,155581.8,0.1085,100769.3,0.1086,144934.1
1753591953624,04:52:33.624,bitget,AEVO/USDT:USDT,0.1083,111865.1,0.1082,155581.8,0.1085,100769.3,0.1086,144934.1
1753591953774,04:52:33.774,bitget,AEVO/USDT:USDT,0.1083,111865.1,0.1082,155581.8,0.1085,100769.3,0.1086,144934.1
1753591953924,04:52:33.924,bitget,AEVO/USDT:USDT,0.1083,111865.1,0.1082,155581.8,0.1085,100769.3,0.1086,144934.1
1753591954074,04:52:34.074,bitget,AEVO/USDT:USDT,0.1083,111865.1,0.1082,155581.8,0.1085,100769.3,0.1086,144934.1
1753591954224,04:52:34.224,bitget,AEVO/USDT:USDT,0.1083,111865.1,0.1082,155581.8,0.1085,100769.3,0.1086,144934.1
1753591954374,04:52:34.374,bitget,AEVO/USDT:USDT,0.1083,111865.1,0.1082,155581.8,0.1085,100769.3,0.1086,144934.1
1753591954524,04:52:34.524,bitget,AEVO/USDT:USDT,0.1083,111865.1,0.1082,155581.8,0.1085,100769.3,0.1086,144934.1
1753591954674,04:52:34.674,bitget,AEVO/USDT:USDT,0.1083,102635.2,0.1082,155581.8,0.1085,100769.3,0.1086,144934.1
1753591954824,04:52:34.824,bitget,AEVO/USDT:USDT,0.1083,102635.2,0.1082,164812.1,0.1085,100769.3,0.1086,144934.1
1753591954975,04:52:34.975,bitget,AEVO/USDT:USDT,0.1083,102379.5,0.1082,164812.1,0.1085,100769.3,0.1086,144934.1
1753591955125,04:52:35.125,bitget,AEVO/USDT:USDT,0.1083,102635.2,0.1082,164812.1,0.1085,100769.3,0.1086,144934.1
1753591955275,04:52:35.275,bitget,AEVO/USDT:USDT,0.1083,102635.2,0.1082,155581.8,0.1085,100769.3,0.1086,144934.1
1753591955425,04:52:35.425,bitget,AEVO/USDT:USDT,0.1083,102379.5,0.1082,155581.8,0.1085,100769.3,0.1086,144934.1
1753591955575,04:52:35.575,bitget,AEVO/USDT:USDT,0.1083,102379.5,0.1082,164812.4,0.1085,100769.3,0.1086,144934.1
1753591955725,04:52:35.725,bitget,AEVO/USDT:USDT,0.1083,102635.2,0.1082,164812.4,0.1085,100769.3,0.1086,144934.1
1753591955875,04:52:35.875,bitget,AEVO/USDT:USDT,0.1083,111864.8,0.1082,155581.8,0.1085,100769.3,0.1086,144934.1
1753591956025,04:52:36.025,bitget,AEVO/USDT:USDT,0.1083,111864.8,0.1082,155581.8,0.1085,100513.6,0.1086,144934.1
1753591956175,04:52:36.175,bitget,AEVO/USDT:USDT,0.1083,102635.2,0.1082,155581.8,0.1085,100513.6,0.1086,144934.1
1753591956325,04:52:36.325,bitget,AEVO/USDT:USDT,0.1083,102635.2,0.1082,155581.8,0.1085,100769.3,0.1086,144934.1
1753591956475,04:52:36.475,bitget,AEVO/USDT:USDT,0.1083,102635.2,0.1082,155581.8,0.1085,100769.3,0.1086,144934.1
1753591956625,04:52:36.625,bitget,AEVO/USDT:USDT,0.1083,102635.2,0.1082,164812.1,0.1085,100769.3,0.1086,144934.1
1753591956776,04:52:36.776,bitget,AEVO/USDT:USDT,0.1083,102635.2,0.1082,164812.1,0.1085,100513.6,0.1086,144934.1
1753591956926,04:52:36.926,bitget,AEVO/USDT:USDT,0.1083,102635.2,0.1082,164812.1,0.1085,100513.6,0.1086,144934.1
1753591957076,04:52:37.076,bitget,AEVO/USDT:USDT,0.1083,63088.3,0.1082,54095.3,0.1085,60966.7,0.1086,34218.0
1753591957226,04:52:37.226,bitget,AEVO/USDT:USDT,0.1083,72162.1,0.1082,164808.5,0.1085,69370.4,0.1086,144931.2
1753591957376,04:52:37.376,bitget,AEVO/USDT:USDT,0.1083,104324.0,0.1082,164808.5,0.1085,101562.9,0.1086,139111.6
1753591957526,04:52:37.526,bitget,AEVO/USDT:USDT,0.1083,104324.0,0.1082,164808.5,0.1085,101562.9,0.1086,139111.6
1753591957676,04:52:37.676,bitget,AEVO/USDT:USDT,0.1083,104324.0,0.1082,164808.5,0.1085,101562.9,0.1086,139111.6
1753591957826,04:52:37.826,bitget,AEVO/USDT:USDT,0.1083,104324.0,0.1082,164808.5,0.1085,101307.2,0.1086,139111.6
1753591957976,04:52:37.976,bitget,AEVO/USDT:USDT,0.1083,104324.0,0.1082,164808.5,0.1085,101307.2,0.1086,139111.6
1753591958126,04:52:38.126,bitget,AEVO/USDT:USDT,0.1083,104324.0,0.1082,164808.5,0.1085,212020.3,0.1086,28398.4
1753591958276,04:52:38.276,bitget,AEVO/USDT:USDT,0.1083,104324.0,0.1082,164808.5,0.1085,180366.3,0.1086,28398.4
1753591958426,04:52:38.426,bitget,AEVO/USDT:USDT,0.1084,1512.8,0.1083,104324.0,0.1085,180366.3,0.1086,28398.4
1753591958577,04:52:38.577,bitget,AEVO/USDT:USDT,0.1084,1512.8,0.1083,137954.5,0.1085,180110.6,0.1086,28654.1
1753591958727,04:52:38.727,bitget,AEVO/USDT:USDT,0.1084,1512.8,0.1083,137954.5,0.1085,180110.6,0.1086,28654.1
1753591959027,04:52:39.027,bitget,AEVO/USDT:USDT,0.1084,1512.8,0.1083,137954.5,0.1085,68561.9,0.1086,139367.2
1753591959177,04:52:39.177,bitget,AEVO/USDT:USDT,0.1084,1512.8,0.1083,137954.5,0.1085,68561.9,0.1086,139367.2
1753591959327,04:52:39.327,bitget,AEVO/USDT:USDT,0.1084,1512.8,0.1083,137954.5,0.1085,68561.9,0.1086,139367.2
1753591959477,04:52:39.477,bitget,AEVO/USDT:USDT,0.1084,1512.8,0.1083,137954.5,0.1085,68561.9,0.1086,139367.2
1753591959627,04:52:39.627,bitget,AEVO/USDT:USDT,0.1084,1512.8,0.1083,137954.5,0.1085,68561.9,0.1086,139367.2
1753591959777,04:52:39.777,bitget,AEVO/USDT:USDT,0.1084,1512.8,0.1083,137954.5,0.1085,68561.9,0.1086,139367.2
1753591959927,04:52:39.927,bitget,AEVO/USDT:USDT,0.1084,3363.4,0.1083,137954.5,0.1085,68561.9,0.1086,139367.2
1753591960077,04:52:40.077,bitget,AEVO/USDT:USDT,0.1084,3363.4,0.1083,248667.6,0.1085,68561.9,0.1086,139367.2
1753591960227,04:52:40.227,bitget,AEVO/USDT:USDT,0.1084,3363.4,0.1083,216505.7,0.1085,68561.9,0.1086,139367.2
1753591960377,04:52:40.377,bitget,AEVO/USDT:USDT,0.1084,3363.4,0.1083,216505.7,0.1085,68561.9,0.1086,139367.2
1753591960528,04:52:40.528,bitget,AEVO/USDT:USDT,0.1084,3363.4,0.1083,216505.7,0.1085,68561.9,0.1086,139367.2
1753591960678,04:52:40.678,bitget,AEVO/USDT:USDT,0.1084,3363.4,0.1083,216505.7,0.1085,68561.9,0.1086,139367.2
1753591960828,04:52:40.828,bitget,AEVO/USDT:USDT,0.1084,3363.4,0.1083,216505.7,0.1085,68561.9,0.1086,139367.2
1753591960978,04:52:40.978,bitget,AEVO/USDT:USDT,0.1084,3363.4,0.1083,216505.7,0.1085,68561.9,0.1086,139367.2
1753591961128,04:52:41.128,bitget,AEVO/USDT:USDT,0.1084,3363.4,0.1083,216505.7,0.1085,68561.9,0.1086,139367.2
1753591961278,04:52:41.278,bitget,AEVO/USDT:USDT,0.1084,1512.8,0.1083,216505.7,0.1085,68561.9,0.1086,139367.2
1753591961428,04:52:41.428,bitget,AEVO/USDT:USDT,0.1084,1512.8,0.1083,216505.7,0.1085,68561.9,0.1086,139367.2
1753591961578,04:52:41.578,bitget,AEVO/USDT:USDT,0.1084,1512.8,0.1083,216505.7,0.1085,68817.6,0.1086,139111.5
1753591961728,04:52:41.728,bitget,AEVO/USDT:USDT,0.1083,216761.4,0.1082,17456.3,0.1085,101740.6,0.1086,139111.5
1753591961878,04:52:41.878,bitget,AEVO/USDT:USDT,0.1083,192104.8,0.1082,43614.5,0.1085,101740.6,0.1086,139111.5
1753591962028,04:52:42.028,bitget,AEVO/USDT:USDT,0.1083,188161.1,0.1082,43614.5,0.1085,101740.6,0.1086,139111.5
1753591962178,04:52:42.178,bitget,AEVO/USDT:USDT,0.1083,188161.1,0.1082,43614.5,0.1085,101740.6,0.1086,139111.5
1753591962329,04:52:42.329,bitget,AEVO/USDT:USDT,0.1083,188161.1,0.1082,43614.5,0.1085,101740.6,0.1086,139111.5
1753591962479,04:52:42.479,bitget,AEVO/USDT:USDT,0.1083,188161.1,0.1082,43614.5,0.1085,101740.6,0.1086,139111.5
1753591962629,04:52:42.629,bitget,AEVO/USDT:USDT,0.1083,188161.1,0.1082,43614.5,0.1085,101740.6,0.1086,139111.5
1753591962779,04:52:42.779,bitget,AEVO/USDT:USDT,0.1083,188161.1,0.1082,43614.5,0.1085,101740.6,0.1086,139111.5
1753591962929,04:52:42.929,bitget,AEVO/USDT:USDT,0.1083,188161.1,0.1082,43614.5,0.1085,101740.6,0.1086,139111.5
1753591963079,04:52:43.079,bitget,AEVO/USDT:USDT,0.1083,188161.1,0.1082,43614.5,0.1085,101740.6,0.1086,139111.5
1753591963229,04:52:43.229,bitget,AEVO/USDT:USDT,0.1083,188161.1,0.1082,43614.5,0.1085,101740.6,0.1086,139111.5
1753591963379,04:52:43.379,bitget,AEVO/USDT:USDT,0.1083,188161.1,0.1082,43614.5,0.1085,101740.6,0.1086,139111.5
1753591963529,04:52:43.529,bitget,AEVO/USDT:USDT,0.1083,188161.1,0.1082,43614.5,0.1085,101740.6,0.1086,139111.5
1753591963679,04:52:43.679,bitget,AEVO/USDT:USDT,0.1083,188161.1,0.1082,43614.5,0.1085,101740.6,0.1086,139111.5
1753591963829,04:52:43.829,bitget,AEVO/USDT:USDT,0.1083,188161.1,0.1082,43614.5,0.1085,101740.6,0.1086,139111.5
1753591963979,04:52:43.979,bitget,AEVO/USDT:USDT,0.1083,188161.1,0.1082,43614.5,0.1085,101740.6,0.1086,139111.5
1753591964129,04:52:44.129,bitget,AEVO/USDT:USDT,0.1083,77448.0,0.1082,154324.7,0.1085,101740.6,0.1086,139111.5
1753591964430,04:52:44.430,bitget,AEVO/USDT:USDT,0.1083,111276.2,0.1082,154324.7,0.1085,101740.6,0.1086,139111.5
1753591964580,04:52:44.580,bitget,AEVO/USDT:USDT,0.1083,111276.2,0.1082,154324.7,0.1085,101740.6,0.1086,139111.5
1753591964730,04:52:44.730,bitget,AEVO/USDT:USDT,0.1083,111276.2,0.1082,154324.7,0.1085,101740.6,0.1086,139111.5
1753591964880,04:52:44.880,bitget,AEVO/USDT:USDT,0.1083,111276.2,0.1082,154324.7,0.1085,101740.6,0.1086,139111.5
1753591965030,04:52:45.030,bitget,AEVO/USDT:USDT,0.1083,111276.2,0.1082,154324.7,0.1085,101740.6,0.1086,139111.5
1753591965180,04:52:45.180,bitget,AEVO/USDT:USDT,0.1083,111276.2,0.1082,154324.7,0.1085,101740.6,0.1086,139111.5
1753591965330,04:52:45.330,bitget,AEVO/USDT:USDT,0.1083,111276.2,0.1082,154324.7,0.1085,101740.6,0.1086,139111.5
1753591965480,04:52:45.480,bitget,AEVO/USDT:USDT,0.1083,111276.2,0.1082,154324.7,0.1085,101740.6,0.1086,139111.5
1753591965630,04:52:45.630,bitget,AEVO/USDT:USDT,0.1083,111276.2,0.1082,154324.7,0.1085,101740.6,0.1086,139111.5
1753591965780,04:52:45.780,bitget,AEVO/USDT:USDT,0.1083,111276.2,0.1082,154324.7,0.1085,101740.6,0.1086,139111.5
1753591965931,04:52:45.931,bitget,AEVO/USDT:USDT,0.1083,111276.2,0.1082,154324.7,0.1085,101740.6,0.1086,139111.5
1753591966081,04:52:46.081,bitget,AEVO/USDT:USDT,0.1083,111276.2,0.1082,154324.7,0.1085,101740.6,0.1086,139111.5
1753591966231,04:52:46.231,bitget,AEVO/USDT:USDT,0.1083,111276.2,0.1082,154324.7,0.1085,101740.6,0.1086,139111.5
1753591966381,04:52:46.381,bitget,AEVO/USDT:USDT,0.1083,111276.2,0.1082,154324.7,0.1085,101740.6,0.1086,139111.5
1753591966531,04:52:46.531,bitget,AEVO/USDT:USDT,0.1083,111276.2,0.1082,154324.7,0.1085,101740.6,0.1086,139111.5
1753591966681,04:52:46.681,bitget,AEVO/USDT:USDT,0.1083,111276.2,0.1082,154324.7,0.1085,101740.6,0.1086,139111.5
1753591966831,04:52:46.831,bitget,AEVO/USDT:USDT,0.1083,111276.2,0.1082,154324.7,0.1085,101740.6,0.1086,139111.5
1753591966981,04:52:46.981,bitget,AEVO/USDT:USDT,0.1083,111276.2,0.1082,154324.7,0.1085,101484.9,0.1086,139111.5
1753591967131,04:52:47.131,bitget,AEVO/USDT:USDT,0.1083,111276.2,0.1082,154324.7,0.1085,101484.9,0.1086,139111.5
1753591967281,04:52:47.281,bitget,AEVO/USDT:USDT,0.1083,111276.2,0.1082,154324.7,0.1085,101484.9,0.1086,139111.5
1753591967431,04:52:47.431,bitget,AEVO/USDT:USDT,0.1083,111276.2,0.1082,154324.7,0.1085,101484.9,0.1086,139111.5
1753591967581,04:52:47.581,bitget,AEVO/USDT:USDT,0.1083,111276.2,0.1082,154324.7,0.1085,101484.9,0.1086,139111.5
1753591967732,04:52:47.732,bitget,AEVO/USDT:USDT,0.1083,111276.2,0.1082,154324.7,0.1085,101484.9,0.1086,139111.5
1753591967882,04:52:47.882,bitget,AEVO/USDT:USDT,0.1083,111276.2,0.1082,154324.7,0.1085,101484.9,0.1086,139111.5
1753591968032,04:52:48.032,bitget,AEVO/USDT:USDT,0.1083,111276.2,0.1082,154324.7,0.1085,101484.9,0.1086,139111.5
1753591968182,04:52:48.182,bitget,AEVO/USDT:USDT,0.1084,1872.8,0.1083,111276.2,0.1085,101408.2,0.1086,139111.5
1753591968332,04:52:48.332,bitget,AEVO/USDT:USDT,0.1084,1872.8,0.1083,135931.7,0.1085,68561.9,0.1086,139111.5
1753591968482,04:52:48.482,bitget,AEVO/USDT:USDT,0.1084,1872.8,0.1083,246640.6,0.1085,68561.9,0.1086,139111.5
1753591968632,04:52:48.632,bitget,AEVO/USDT:USDT,0.1084,1872.8,0.1083,208339.9,0.1085,68561.9,0.1086,139111.5
1753591968782,04:52:48.782,bitget,AEVO/USDT:USDT,0.1084,1872.8,0.1083,208339.9,0.1085,68561.9,0.1086,139111.5
1753591968932,04:52:48.932,bitget,AEVO/USDT:USDT,0.1084,1872.8,0.1083,208339.9,0.1085,68561.9,0.1086,139111.5
1753591969082,04:52:49.082,bitget,AEVO/USDT:USDT,0.1084,1872.8,0.1083,208339.9,0.1085,68561.9,0.1086,139111.5
1753591969232,04:52:49.232,bitget,AEVO/USDT:USDT,0.1084,1872.8,0.1083,208339.9,0.1085,68561.9,0.1086,139111.5
1753591969382,04:52:49.382,bitget,AEVO/USDT:USDT,0.1084,1872.8,0.1083,208339.9,0.1085,68561.9,0.1086,139111.5
1753591969532,04:52:49.532,bitget,AEVO/USDT:USDT,0.1084,6885.3,0.1083,208339.9,0.1085,68561.9,0.1086,139111.5
1753591969683,04:52:49.683,bitget,AEVO/USDT:USDT,0.1084,6885.3,0.1083,208339.9,0.1085,68561.9,0.1086,139111.5
1753591969833,04:52:49.833,bitget,AEVO/USDT:USDT,0.1084,6885.3,0.1083,208339.9,0.1085,68561.9,0.1086,139111.5
1753591969983,04:52:49.983,bitget,AEVO/USDT:USDT,0.1084,6885.3,0.1083,208339.9,0.1085,68561.9,0.1086,139111.5
1753591970133,04:52:50.133,bitget,AEVO/USDT:USDT,0.1084,6885.3,0.1083,208339.9,0.1085,68561.9,0.1086,139111.5
1753591970283,04:52:50.283,bitget,AEVO/USDT:USDT,0.1084,6885.3,0.1083,208339.9,0.1085,68561.9,0.1086,139111.5
1753591970433,04:52:50.433,bitget,AEVO/USDT:USDT,0.1084,6885.3,0.1083,208339.9,0.1085,68561.9,0.1086,139111.5
1753591970583,04:52:50.583,bitget,AEVO/USDT:USDT,0.1084,6885.3,0.1083,208339.9,0.1085,68561.9,0.1086,139111.5
1753591970733,04:52:50.733,bitget,AEVO/USDT:USDT,0.1084,1872.8,0.1083,208339.9,0.1085,68561.9,0.1086,139111.5
1753591970883,04:52:50.883,bitget,AEVO/USDT:USDT,0.1084,6205.7,0.1083,208339.9,0.1085,68561.9,0.1086,139111.5
1753591971033,04:52:51.033,bitget,AEVO/USDT:USDT,0.1084,6205.7,0.1083,208339.9,0.1085,68561.9,0.1086,139111.5
1753591971183,04:52:51.183,bitget,AEVO/USDT:USDT,0.1084,6205.7,0.1083,208339.9,0.1085,68561.9,0.1086,139111.5
1753591971333,04:52:51.333,bitget,AEVO/USDT:USDT,0.1084,6205.7,0.1083,208339.9,0.1085,68561.9,0.1086,139111.5
1753591971484,04:52:51.484,bitget,AEVO/USDT:USDT,0.1084,6205.7,0.1083,208339.9,0.1085,68561.9,0.1086,139111.5
1753591971634,04:52:51.634,bitget,AEVO/USDT:USDT,0.1084,6205.7,0.1083,208339.9,0.1085,68561.9,0.1086,139111.5
1753591971784,04:52:51.784,bitget,AEVO/USDT:USDT,0.1084,6205.7,0.1083,208339.9,0.1085,68561.9,0.1086,139111.5
1753591971934,04:52:51.934,bitget,AEVO/USDT:USDT,0.1084,6205.7,0.1083,208339.9,0.1085,68561.9,0.1086,139111.5
1753591972084,04:52:52.084,bitget,AEVO/USDT:USDT,0.1084,6205.7,0.1083,208339.9,0.1085,68561.9,0.1086,139111.5
1753591972234,04:52:52.234,bitget,AEVO/USDT:USDT,0.1084,6205.7,0.1083,208339.9,0.1085,68561.9,0.1086,139111.5
1753591972384,04:52:52.384,bitget,AEVO/USDT:USDT,0.1084,1872.8,0.1083,208339.9,0.1085,68561.9,0.1086,139111.5
1753591972534,04:52:52.534,bitget,AEVO/USDT:USDT,0.1084,16553.0,0.1083,208339.9,0.1085,59141.3,0.1086,139111.5
1753591972684,04:52:52.684,bitget,AEVO/USDT:USDT,0.1084,16553.0,0.1083,208339.9,0.1085,59141.3,0.1086,139111.5
1753591972834,04:52:52.834,bitget,AEVO/USDT:USDT,0.1084,16553.0,0.1083,208339.9,0.1085,68561.9,0.1086,138357.9
1753591972984,04:52:52.984,bitget,AEVO/USDT:USDT,0.1084,16553.0,0.1083,208339.9,0.1085,68561.9,0.1086,138357.9
1753591973134,04:52:53.134,bitget,AEVO/USDT:USDT,0.1084,16553.0,0.1083,208320.1,0.1085,68543.9,0.1086,138351.9
1753591973285,04:52:53.285,bitget,AEVO/USDT:USDT,0.1084,16553.0,0.1083,208320.1,0.1085,68543.9,0.1086,138351.9
1753591973435,04:52:53.435,bitget,AEVO/USDT:USDT,0.1084,16553.0,0.1083,208320.1,0.1085,68543.9,0.1086,138351.9
1753591973585,04:52:53.585,bitget,AEVO/USDT:USDT,0.1084,16553.0,0.1083,208320.1,0.1085,68543.9,0.1086,138351.9
1753591973735,04:52:53.735,bitget,AEVO/USDT:USDT,0.1084,16553.0,0.1083,208320.1,0.1085,68543.9,0.1086,138351.9
1753591973885,04:52:53.885,bitget,AEVO/USDT:USDT,0.1084,16553.0,0.1083,208320.1,0.1085,68543.9,0.1086,138351.9
1753591974035,04:52:54.035,bitget,AEVO/USDT:USDT,0.1084,16553.0,0.1083,208320.1,0.1085,68543.9,0.1086,138351.9
1753591974185,04:52:54.185,bitget,AEVO/USDT:USDT,0.1084,16553.0,0.1083,208320.1,0.1085,68543.9,0.1086,138351.9
1753591974485,04:52:54.485,bitget,AEVO/USDT:USDT,0.1084,16553.0,0.1083,208320.1,0.1085,68543.9,0.1086,138351.9
1753591974635,04:52:54.635,bitget,AEVO/USDT:USDT,0.1084,16553.0,0.1083,208320.1,0.1085,68543.9,0.1086,138351.9
1753591974785,04:52:54.785,bitget,AEVO/USDT:USDT,0.1084,16553.0,0.1083,208320.1,0.1085,68543.9,0.1086,138351.9
1753591974935,04:52:54.935,bitget,AEVO/USDT:USDT,0.1084,16553.0,0.1083,208320.1,0.1085,68543.9,0.1086,138351.9
1753591975236,04:52:55.236,bitget,AEVO/USDT:USDT,0.1084,16553.0,0.1083,208320.1,0.1085,68543.9,0.1086,138351.9
1753591975386,04:52:55.386,bitget,AEVO/USDT:USDT,0.1084,16553.0,0.1083,208320.1,0.1085,68543.9,0.1086,138351.9
1753591975536,04:52:55.536,bitget,AEVO/USDT:USDT,0.1084,16553.0,0.1083,208320.1,0.1085,68543.9,0.1086,138351.9
1753591975686,04:52:55.686,bitget,AEVO/USDT:USDT,0.1084,16553.0,0.1083,208320.1,0.1085,68543.9,0.1086,138351.9
1753591975836,04:52:55.836,bitget,AEVO/USDT:USDT,0.1084,16553.0,0.1083,208320.1,0.1085,68543.9,0.1086,138351.9
1753591975986,04:52:55.986,bitget,AEVO/USDT:USDT,0.1084,10520.7,0.1083,208320.1,0.1085,68543.9,0.1086,138351.9
1753591976136,04:52:56.136,bitget,AEVO/USDT:USDT,0.1084,13715.8,0.1083,208320.1,0.1085,68543.9,0.1086,138351.9
1753591976286,04:52:56.286,bitget,AEVO/USDT:USDT,0.1084,13715.8,0.1083,208320.1,0.1085,68543.9,0.1086,138351.9
1753591976436,04:52:56.436,bitget,AEVO/USDT:USDT,0.1084,13715.8,0.1083,208320.1,0.1085,68543.9,0.1086,138351.9
1753591976586,04:52:56.586,bitget,AEVO/USDT:USDT,0.1084,13715.8,0.1083,208320.1,0.1085,68543.9,0.1086,138351.9
1753591976736,04:52:56.736,bitget,AEVO/USDT:USDT,0.1084,13715.8,0.1083,208320.1,0.1085,68543.9,0.1086,138351.9
1753591976886,04:52:56.886,bitget,AEVO/USDT:USDT,0.1084,13715.8,0.1083,208320.1,0.1085,68543.9,0.1086,138351.9
1753591977037,04:52:57.037,bitget,AEVO/USDT:USDT,0.1084,13715.8,0.1083,208320.1,0.1085,68543.9,0.1086,138351.9
1753591977187,04:52:57.187,bitget,AEVO/USDT:USDT,0.1084,13715.8,0.1083,208320.1,0.1085,68543.9,0.1086,138351.9
1753591977337,04:52:57.337,bitget,AEVO/USDT:USDT,0.1084,13715.8,0.1083,208320.1,0.1085,68543.9,0.1086,138351.9
1753591977487,04:52:57.487,bitget,AEVO/USDT:USDT,0.1084,13715.8,0.1083,208320.1,0.1085,68543.9,0.1086,138351.9
1753591977637,04:52:57.637,bitget,AEVO/USDT:USDT,0.1084,13715.8,0.1083,208320.1,0.1085,68543.9,0.1086,138351.9
1753591977787,04:52:57.787,bitget,AEVO/USDT:USDT,0.1084,13715.8,0.1083,208320.1,0.1085,68543.9,0.1086,138351.9
1753591977937,04:52:57.937,bitget,AEVO/USDT:USDT,0.1084,13715.8,0.1083,208320.1,0.1085,68543.9,0.1086,138351.9
1753591978087,04:52:58.087,bitget,AEVO/USDT:USDT,0.1084,13715.8,0.1083,208320.1,0.1085,68543.9,0.1086,138351.9
1753591978237,04:52:58.237,bitget,AEVO/USDT:USDT,0.1084,15569.0,0.1083,208320.1,0.1085,68543.9,0.1086,138351.9
1753591978387,04:52:58.387,bitget,AEVO/USDT:USDT,0.1084,13418.2,0.1083,208320.1,0.1085,68543.9,0.1086,138351.9
1753591978537,04:52:58.537,bitget,AEVO/USDT:USDT,0.1084,14173.1,0.1083,208320.1,0.1085,68543.9,0.1086,138351.9
1753591978687,04:52:58.687,bitget,AEVO/USDT:USDT,0.1084,14173.1,0.1083,208320.1,0.1085,68543.9,0.1086,138351.9
1753591978838,04:52:58.838,bitget,AEVO/USDT:USDT,0.1084,14173.1,0.1083,208320.1,0.1085,68543.9,0.1086,138351.9
1753591978988,04:52:58.988,bitget,AEVO/USDT:USDT,0.1084,14173.1,0.1083,208320.1,0.1085,68543.9,0.1086,138351.9
1753591979138,04:52:59.138,bitget,AEVO/USDT:USDT,0.1084,14173.1,0.1083,208320.1,0.1085,68543.9,0.1086,138351.9
1753591979288,04:52:59.288,bitget,AEVO/USDT:USDT,0.1084,14173.1,0.1083,208320.1,0.1085,68543.9,0.1086,138351.9
1753591979438,04:52:59.438,bitget,AEVO/USDT:USDT,0.1084,1853.2,0.1083,97613.0,0.1085,101388.4,0.1086,138351.9
1753591979588,04:52:59.588,bitget,AEVO/USDT:USDT,0.1084,11273.8,0.1083,239041.0,0.1085,63129.6,0.1086,138351.9
1753591979738,04:52:59.738,bitget,AEVO/USDT:USDT,0.1084,11273.8,0.1083,208037.6,0.1085,59123.3,0.1086,138351.9
1753591979888,04:52:59.888,bitget,AEVO/USDT:USDT,0.1084,11273.8,0.1083,208037.6,0.1085,59123.3,0.1086,138351.9
1753591980038,04:53:00.038,bitget,AEVO/USDT:USDT,0.1084,11273.8,0.1083,208037.6,0.1085,59123.3,0.1086,138351.9
1753591980188,04:53:00.188,bitget,AEVO/USDT:USDT,0.1084,11273.8,0.1083,208037.6,0.1085,59123.3,0.1086,138351.9
1753591980338,04:53:00.338,bitget,AEVO/USDT:USDT,0.1084,11273.8,0.1083,208037.6,0.1085,59123.3,0.1086,138351.9
1753591980488,04:53:00.488,bitget,AEVO/USDT:USDT,0.1084,11273.8,0.1083,208037.6,0.1085,59123.3,0.1086,138351.9
1753591980638,04:53:00.638,bitget,AEVO/USDT:USDT,0.1084,14332.3,0.1083,208037.6,0.1085,59123.3,0.1086,138351.9
1753591980789,04:53:00.789,bitget,AEVO/USDT:USDT,0.1084,14332.3,0.1083,208037.6,0.1085,59123.3,0.1086,138351.9
1753591980939,04:53:00.939,bitget,AEVO/USDT:USDT,0.1084,14332.3,0.1083,208037.6,0.1085,59123.3,0.1086,138351.9
1753591981089,04:53:01.089,bitget,AEVO/USDT:USDT,0.1084,14332.3,0.1083,208037.6,0.1085,59123.3,0.1086,138351.9
1753591981239,04:53:01.239,bitget,AEVO/USDT:USDT,0.1084,14332.3,0.1083,208037.6,0.1085,59123.3,0.1086,138351.9
1753591981389,04:53:01.389,bitget,AEVO/USDT:USDT,0.1084,14332.3,0.1083,208037.6,0.1085,59123.3,0.1086,138351.9
1753591981539,04:53:01.539,bitget,AEVO/USDT:USDT,0.1084,20292.1,0.1083,204217.6,0.1085,46089.8,0.1086,138351.9
1753591981689,04:53:01.689,bitget,AEVO/USDT:USDT,0.1084,16977.9,0.1083,204217.6,0.1085,5671.4,0.1086,138351.9
1753591981989,04:53:01.989,bitget,AEVO/USDT:USDT,0.1084,16977.9,0.1083,204217.6,0.1085,4923.5,0.1086,187058.0
1753591982139,04:53:02.139,bitget,AEVO/USDT:USDT,0.1084,16977.9,0.1083,204217.6,0.1085,4860.7,0.1086,187058.0
1753591982289,04:53:02.289,bitget,AEVO/USDT:USDT,0.1084,16977.9,0.1083,204217.6,0.1085,4860.7,0.1086,187058.0
1753591982439,04:53:02.439,bitget,AEVO/USDT:USDT,0.1084,16977.9,0.1083,204217.6,0.1085,4860.7,0.1086,187058.0
1753591982590,04:53:02.590,bitget,AEVO/USDT:USDT,0.1084,16977.9,0.1083,204217.6,0.1085,4860.7,0.1086,187058.0
1753591982740,04:53:02.740,bitget,AEVO/USDT:USDT,0.1084,16977.9,0.1083,204217.6,0.1085,5669.2,0.1086,187058.0
1753591982890,04:53:02.890,bitget,AEVO/USDT:USDT,0.1084,16977.9,0.1083,204217.6,0.1085,7714.8,0.1086,187058.0
1753591983040,04:53:03.040,bitget,AEVO/USDT:USDT,0.1084,16977.9,0.1083,204217.6,0.1085,7714.8,0.1086,187058.0
1753591983190,04:53:03.190,bitget,AEVO/USDT:USDT,0.1084,16977.9,0.1083,204217.6,0.1085,5669.2,0.1086,187058.0
1753591983340,04:53:03.340,bitget,AEVO/USDT:USDT,0.1084,16977.9,0.1083,204217.6,0.1085,5669.2,0.1086,187058.0
1753591983490,04:53:03.490,bitget,AEVO/USDT:USDT,0.1084,16977.9,0.1083,204217.6,0.1085,5669.2,0.1086,187058.0
1753591983640,04:53:03.640,bitget,AEVO/USDT:USDT,0.1084,16977.9,0.1083,204217.6,0.1085,5669.2,0.1086,187058.0
1753591983790,04:53:03.790,bitget,AEVO/USDT:USDT,0.1084,16977.9,0.1083,204217.6,0.1085,9489.2,0.1086,187058.0
1753591983940,04:53:03.940,bitget,AEVO/USDT:USDT,0.1084,16977.9,0.1083,204217.6,0.1085,9489.2,0.1086,187058.0
1753591984090,04:53:04.090,bitget,AEVO/USDT:USDT,0.1084,16977.9,0.1083,204217.6,0.1085,9489.2,0.1086,187058.0
1753591984240,04:53:04.240,bitget,AEVO/USDT:USDT,0.1084,16977.9,0.1083,204217.6,0.1085,9489.2,0.1086,187058.0
1753591984391,04:53:04.391,bitget,AEVO/USDT:USDT,0.1084,16977.9,0.1083,204217.6,0.1085,9489.2,0.1086,187058.0
1753591984541,04:53:04.541,bitget,AEVO/USDT:USDT,0.1084,16977.9,0.1083,204217.6,0.1085,9489.2,0.1086,187058.0
1753591984691,04:53:04.691,bitget,AEVO/USDT:USDT,0.1084,1853.2,0.1083,204217.6,0.1085,19165.5,0.1086,177848.6
1753591984841,04:53:04.841,bitget,AEVO/USDT:USDT,0.1084,3320.8,0.1083,204217.6,0.1085,18909.8,0.1086,177848.6
1753591984991,04:53:04.991,bitget,AEVO/USDT:USDT,0.1084,3320.8,0.1083,204217.6,0.1085,28123.5,0.1086,177848.6
1753591985141,04:53:05.141,bitget,AEVO/USDT:USDT,0.1084,3320.8,0.1083,204217.6,0.1085,28123.5,0.1086,177848.6
1753591985291,04:53:05.291,bitget,AEVO/USDT:USDT,0.1084,3320.8,0.1083,204217.6,0.1085,28123.5,0.1086,177848.6
1753591985441,04:53:05.441,bitget,AEVO/USDT:USDT,0.1084,3320.8,0.1083,204217.6,0.1085,28123.5,0.1086,177848.6
1753591985591,04:53:05.591,bitget,AEVO/USDT:USDT,0.1084,3320.8,0.1083,204217.6,0.1085,28123.5,0.1086,177848.6
1753591985741,04:53:05.741,bitget,AEVO/USDT:USDT,0.1084,6581.1,0.1083,204217.6,0.1085,47091.5,0.1086,138351.9
1753591985891,04:53:05.891,bitget,AEVO/USDT:USDT,0.1084,10127.6,0.1083,204217.6,0.1085,58188.9,0.1086,138351.9
1753591986041,04:53:06.041,bitget,AEVO/USDT:USDT,0.1084,19548.2,0.1083,204217.6,0.1085,48975.6,0.1086,147563.9
1753591986191,04:53:06.191,bitget,AEVO/USDT:USDT,0.1084,19548.2,0.1083,204217.6,0.1085,48975.6,0.1086,147563.9
1753591986492,04:53:06.492,bitget,AEVO/USDT:USDT,0.1084,7489.0,0.1083,204217.6,0.1085,67609.5,0.1086,138351.9
1753591986642,04:53:06.642,bitget,AEVO/USDT:USDT,0.1084,8158.2,0.1083,204217.6,0.1085,67609.5,0.1086,138351.9
1753591986792,04:53:06.792,bitget,AEVO/USDT:USDT,0.1084,8158.2,0.1083,204217.6,0.1085,67609.5,0.1086,138351.9
1753591986942,04:53:06.942,bitget,AEVO/USDT:USDT,0.1084,8158.2,0.1083,204217.6,0.1085,67865.2,0.1086,138351.9
1753591987092,04:53:07.092,bitget,AEVO/USDT:USDT,0.1084,8158.2,0.1083,204217.6,0.1085,67865.2,0.1086,138351.9
1753591987242,04:53:07.242,bitget,AEVO/USDT:USDT,0.1084,8158.2,0.1083,204217.6,0.1085,67609.5,0.1086,138351.9
1753591987392,04:53:07.392,bitget,AEVO/USDT:USDT,0.1084,8158.2,0.1083,204217.6,0.1085,67865.2,0.1086,138351.9
1753591987542,04:53:07.542,bitget,AEVO/USDT:USDT,0.1084,8158.2,0.1083,204217.6,0.1085,67609.5,0.1086,138351.9
1753591987692,04:53:07.692,bitget,AEVO/USDT:USDT,0.1084,8158.2,0.1083,204217.6,0.1085,67609.5,0.1086,138351.9
1753591987842,04:53:07.842,bitget,AEVO/USDT:USDT,0.1084,8158.2,0.1083,204217.6,0.1085,67609.5,0.1086,138351.9
1753591987992,04:53:07.992,bitget,AEVO/USDT:USDT,0.1084,8158.2,0.1083,204217.6,0.1085,67609.5,0.1086,138351.9
1753591988143,04:53:08.143,bitget,AEVO/USDT:USDT,0.1083,204217.6,0.1082,17456.3,0.1085,67609.5,0.1086,138351.9
1753591988293,04:53:08.293,bitget,AEVO/USDT:USDT,0.1083,183382.1,0.1082,43618.7,0.1085,102576.1,0.1086,138351.9
1753591988743,04:53:08.743,bitget,AEVO/USDT:USDT,0.1084,9420.6,0.1083,208031.9,0.1085,58188.9,0.1086,138351.9
1753591988893,04:53:08.893,bitget,AEVO/USDT:USDT,0.1084,9420.6,0.1083,208031.9,0.1085,58188.9,0.1086,138351.9
1753591989043,04:53:09.043,bitget,AEVO/USDT:USDT,0.1084,9420.6,0.1083,208031.9,0.1085,58188.9,0.1086,138351.9
1753591989193,04:53:09.193,bitget,AEVO/USDT:USDT,0.1084,9420.6,0.1083,57836.6,0.1085,18702.5,0.1086,27644.8
1753591989343,04:53:09.343,bitget,AEVO/USDT:USDT,0.1084,9420.6,0.1083,207978.2,0.1085,67080.3,0.1086,133354.1
1753591989493,04:53:09.493,bitget,AEVO/USDT:USDT,0.1084,9420.6,0.1083,207978.2,0.1085,67080.3,0.1086,133354.1
1753591989643,04:53:09.643,bitget,AEVO/USDT:USDT,0.1084,11371.6,0.1083,207978.2,0.1085,67080.3,0.1086,133354.1
1753591989793,04:53:09.793,bitget,AEVO/USDT:USDT,0.1084,11371.6,0.1083,207978.2,0.1085,67080.3,0.1086,133354.1
1753591989944,04:53:09.944,bitget,AEVO/USDT:USDT,0.1084,10643.4,0.1083,207978.2,0.1085,67080.3,0.1086,133354.1
1753591990094,04:53:10.094,bitget,AEVO/USDT:USDT,0.1084,11236.4,0.1083,207978.2,0.1085,67080.3,0.1086,133354.1
1753591990244,04:53:10.244,bitget,AEVO/USDT:USDT,0.1084,11236.4,0.1083,207978.2,0.1085,67080.3,0.1086,133354.1
1753591990394,04:53:10.394,bitget,AEVO/USDT:USDT,0.1084,11236.4,0.1083,207978.2,0.1085,67080.3,0.1086,133354.1
1753591990544,04:53:10.544,bitget,AEVO/USDT:USDT,0.1084,11236.4,0.1083,207978.2,0.1085,67080.3,0.1086,133354.1
1753591990694,04:53:10.694,bitget,AEVO/USDT:USDT,0.1084,11236.4,0.1083,207978.2,0.1085,67080.3,0.1086,133354.1
1753591990844,04:53:10.844,bitget,AEVO/USDT:USDT,0.1084,11236.4,0.1083,207978.2,0.1085,67080.3,0.1086,133354.1
1753591990994,04:53:10.994,bitget,AEVO/USDT:USDT,0.1084,11236.4,0.1083,207978.2,0.1085,67080.3,0.1086,133354.1
1753591991144,04:53:11.144,bitget,AEVO/USDT:USDT,0.1084,11236.4,0.1083,207978.2,0.1085,67080.3,0.1086,133354.1
1753591991294,04:53:11.294,bitget,AEVO/USDT:USDT,0.1084,11236.4,0.1083,207978.2,0.1085,67080.3,0.1086,133354.1
1753591991444,04:53:11.444,bitget,AEVO/USDT:USDT,0.1084,11236.4,0.1083,207978.2,0.1085,67080.3,0.1086,133354.1
1753591991594,04:53:11.594,bitget,AEVO/USDT:USDT,0.1084,11236.4,0.1083,207978.2,0.1085,67080.3,0.1086,133354.1
1753591991745,04:53:11.745,bitget,AEVO/USDT:USDT,0.1084,11236.4,0.1083,207978.2,0.1085,67080.3,0.1086,133354.1
1753591991895,04:53:11.895,bitget,AEVO/USDT:USDT,0.1084,11236.4,0.1083,207978.2,0.1085,67080.3,0.1086,133354.1
1753591992045,04:53:12.045,bitget,AEVO/USDT:USDT,0.1083,207978.2,0.1082,38642.4,0.1085,101446.6,0.1086,133354.1
1753591992195,04:53:12.195,bitget,AEVO/USDT:USDT,0.1083,183328.4,0.1082,52453.3,0.1085,101446.6,0.1086,143893.2
1753591992345,04:53:12.345,bitget,AEVO/USDT:USDT,0.1083,183328.4,0.1082,52453.3,0.1085,101446.6,0.1086,143893.2
1753591992495,04:53:12.495,bitget,AEVO/USDT:USDT,0.1084,1512.8,0.1083,183584.1,0.1085,101446.6,0.1086,143893.2
1753591992645,04:53:12.645,bitget,AEVO/USDT:USDT,0.1084,1512.8,0.1083,207978.5,0.1085,83123.3,0.1086,143893.2
1753591992795,04:53:12.795,bitget,AEVO/USDT:USDT,0.1084,1512.8,0.1083,97320.3,0.1085,76756.6,0.1086,143893.2
1753591992945,04:53:12.945,bitget,AEVO/USDT:USDT,0.1084,1512.8,0.1083,124611.6,0.1085,76756.6,0.1086,143893.2
1753591993095,04:53:13.095,bitget,AEVO/USDT:USDT,0.1084,1512.8,0.1083,124611.6,0.1085,76756.6,0.1086,143893.2
1753591993245,04:53:13.245,bitget,AEVO/USDT:USDT,0.1084,1512.8,0.1083,124611.6,0.1085,76500.9,0.1086,143893.2
1753591993546,04:53:13.546,bitget,AEVO/USDT:USDT,0.1084,1512.8,0.1083,124611.6,0.1085,76756.6,0.1086,143893.2
1753591993695,04:53:13.695,bitget,AEVO/USDT:USDT,0.1084,1512.8,0.1083,124611.6,0.1085,76756.6,0.1086,143893.2
1753591993846,04:53:13.846,bitget,AEVO/USDT:USDT,0.1084,1512.8,0.1083,124611.6,0.1085,76756.6,0.1086,143893.2
1753591993996,04:53:13.996,bitget,AEVO/USDT:USDT,0.1084,1512.8,0.1083,124611.6,0.1085,76756.6,0.1086,143893.2
1753591994146,04:53:14.146,bitget,AEVO/USDT:USDT,0.1084,1512.8,0.1083,124611.6,0.1085,76500.9,0.1086,143893.2
1753591994296,04:53:14.296,bitget,AEVO/USDT:USDT,0.1084,1512.8,0.1083,124611.6,0.1085,76500.9,0.1086,143893.2
1753591994446,04:53:14.446,bitget,AEVO/USDT:USDT,0.1084,1512.8,0.1083,124611.6,0.1085,76500.9,0.1086,143893.2
1753591994596,04:53:14.596,bitget,AEVO/USDT:USDT,0.1084,1512.8,0.1083,124611.6,0.1085,76756.6,0.1086,143893.2
1753591994746,04:53:14.746,bitget,AEVO/USDT:USDT,0.1084,1512.8,0.1083,235286.6,0.1085,76756.6,0.1086,143893.2
1753591994896,04:53:14.896,bitget,AEVO/USDT:USDT,0.1084,1512.8,0.1083,207995.3,0.1085,76500.9,0.1086,143893.2
1753591995046,04:53:15.046,bitget,AEVO/USDT:USDT,0.1084,1512.8,0.1083,207995.3,0.1085,76500.9,0.1086,143893.2
1753591995196,04:53:15.196,bitget,AEVO/USDT:USDT,0.1084,1512.8,0.1083,207995.3,0.1085,76500.9,0.1086,143893.2
1753591995346,04:53:15.346,bitget,AEVO/USDT:USDT,0.1084,1512.8,0.1083,207995.3,0.1085,76500.9,0.1086,143893.2
1753591995497,04:53:15.497,bitget,AEVO/USDT:USDT,0.1084,1512.8,0.1083,207995.3,0.1085,76500.9,0.1086,143893.2
1753591995647,04:53:15.647,bitget,AEVO/USDT:USDT,0.1084,1512.8,0.1083,207995.3,0.1085,76500.9,0.1086,143893.2
1753591995797,04:53:15.797,bitget,AEVO/USDT:USDT,0.1084,1512.8,0.1083,207995.3,0.1085,76756.6,0.1086,143893.2
1753591995947,04:53:15.947,bitget,AEVO/USDT:USDT,0.1084,1512.8,0.1083,207995.3,0.1085,76500.9,0.1086,143893.2
1753591996097,04:53:16.097,bitget,AEVO/USDT:USDT,0.1084,1512.8,0.1083,207995.3,0.1085,76500.9,0.1086,143893.2
1753591996247,04:53:16.247,bitget,AEVO/USDT:USDT,0.1084,1512.8,0.1083,207995.3,0.1085,76500.9,0.1086,143893.2
1753591996397,04:53:16.397,bitget,AEVO/USDT:USDT,0.1084,1512.8,0.1083,207995.3,0.1085,76500.9,0.1086,143893.2
1753591996547,04:53:16.547,bitget,AEVO/USDT:USDT,0.1084,1512.8,0.1083,207995.3,0.1085,76500.9,0.1086,143893.2
1753591996697,04:53:16.697,bitget,AEVO/USDT:USDT,0.1084,1512.8,0.1083,207995.3,0.1085,76500.9,0.1086,143893.2
1753591996847,04:53:16.847,bitget,AEVO/USDT:USDT,0.1084,1512.8,0.1083,207995.3,0.1085,76500.9,0.1086,143893.2
1753591996997,04:53:16.997,bitget,AEVO/USDT:USDT,0.1084,1512.8,0.1083,207995.3,0.1085,76756.6,0.1086,143893.2
1753591997147,04:53:17.147,bitget,AEVO/USDT:USDT,0.1084,1512.8,0.1083,97320.3,0.1085,76756.6,0.1086,143893.2
1753591997298,04:53:17.298,bitget,AEVO/USDT:USDT,0.1084,1512.8,0.1083,128324.9,0.1085,76756.6,0.1086,143893.2
1753591997448,04:53:17.448,bitget,AEVO/USDT:USDT,0.1084,1512.8,0.1083,128324.9,0.1085,76756.6,0.1086,143893.2
1753591997598,04:53:17.598,bitget,AEVO/USDT:USDT,0.1084,1512.8,0.1083,128324.9,0.1085,76756.6,0.1086,143893.2
1753591997748,04:53:17.748,bitget,AEVO/USDT:USDT,0.1084,1512.8,0.1083,128324.9,0.1085,76756.6,0.1086,143893.2
1753591997898,04:53:17.898,bitget,AEVO/USDT:USDT,0.1084,1512.8,0.1083,128324.9,0.1085,76756.6,0.1086,143893.2
1753591998048,04:53:18.048,bitget,AEVO/USDT:USDT,0.1084,1512.8,0.1083,239009.5,0.1085,76756.6,0.1086,143893.2
1753591998198,04:53:18.198,bitget,AEVO/USDT:USDT,0.1084,1512.8,0.1083,208004.9,0.1085,76756.6,0.1086,143893.2
1753591998348,04:53:18.348,bitget,AEVO/USDT:USDT,0.1084,1512.8,0.1083,208004.9,0.1085,76756.6,0.1086,143893.2
1753591998498,04:53:18.498,bitget,AEVO/USDT:USDT,0.1084,1512.8,0.1083,208004.9,0.1085,76756.6,0.1086,143893.2
1753591998648,04:53:18.648,bitget,AEVO/USDT:USDT,0.1084,1512.8,0.1083,208004.9,0.1085,76756.6,0.1086,143893.2
1753591998798,04:53:18.798,bitget,AEVO/USDT:USDT,0.1084,1512.8,0.1083,208004.9,0.1085,76756.6,0.1086,143893.2
1753591998948,04:53:18.948,bitget,AEVO/USDT:USDT,0.1084,12780.7,0.1083,208004.9,0.1085,67080.3,0.1086,143893.2
1753591999099,04:53:19.099,bitget,AEVO/USDT:USDT,0.1084,12780.7,0.1083,208004.9,0.1085,67080.3,0.1086,143893.2
1753591999249,04:53:19.249,bitget,AEVO/USDT:USDT,0.1084,10933.4,0.1083,208004.9,0.1085,67080.3,0.1086,137500.3
1753591999399,04:53:19.399,bitget,AEVO/USDT:USDT,0.1084,10933.4,0.1083,208004.9,0.1085,67080.3,0.1086,137500.3
1753591999549,04:53:19.549,bitget,AEVO/USDT:USDT,0.1084,10933.4,0.1083,208004.9,0.1085,67080.3,0.1086,137500.3
1753591999699,04:53:19.699,bitget,AEVO/USDT:USDT,0.1084,10933.4,0.1083,208004.9,0.1085,67080.3,0.1086,137500.3
1753591999849,04:53:19.849,bitget,AEVO/USDT:USDT,0.1084,10933.4,0.1083,208004.9,0.1085,67080.3,0.1086,129308.8
1753591999999,04:53:19.999,bitget,AEVO/USDT:USDT,0.1084,10933.4,0.1083,208004.9,0.1085,67080.3,0.1086,129308.8
1753592000149,04:53:20.149,bitget,AEVO/USDT:USDT,0.1084,10933.4,0.1083,208004.9,0.1085,67080.3,0.1086,129308.8
1753592000299,04:53:20.299,bitget,AEVO/USDT:USDT,0.1084,10933.4,0.1083,208004.9,0.1085,67080.3,0.1086,129308.8
1753592000449,04:53:20.449,bitget,AEVO/USDT:USDT,0.1084,10933.4,0.1083,208004.9,0.1085,67080.3,0.1086,129308.8
1753592000599,04:53:20.599,bitget,AEVO/USDT:USDT,0.1084,10933.4,0.1083,208004.9,0.1085,67080.3,0.1086,129308.8
1753592000749,04:53:20.749,bitget,AEVO/USDT:USDT,0.1084,10933.4,0.1083,208004.9,0.1085,67080.3,0.1086,129308.8
1753592000900,04:53:20.900,bitget,AEVO/USDT:USDT,0.1084,10933.4,0.1083,208004.9,0.1085,67080.3,0.1086,129308.8
1753592001050,04:53:21.050,bitget,AEVO/USDT:USDT,0.1084,10933.4,0.1083,208004.9,0.1085,67080.3,0.1086,129308.8
1753592001200,04:53:21.200,bitget,AEVO/USDT:USDT,0.1084,10933.4,0.1083,208004.9,0.1085,67080.3,0.1086,129308.8
1753592001350,04:53:21.350,bitget,AEVO/USDT:USDT,0.1084,10933.4,0.1083,208004.9,0.1085,67080.3,0.1086,133732.8
1753592001500,04:53:21.500,bitget,AEVO/USDT:USDT,0.1084,10933.4,0.1083,208004.9,0.1085,67080.3,0.1086,133732.8
1753592001650,04:53:21.650,bitget,AEVO/USDT:USDT,0.1084,13036.4,0.1083,208004.9,0.1085,67080.3,0.1086,133732.8
1753592001800,04:53:21.800,bitget,AEVO/USDT:USDT,0.1084,13036.4,0.1083,208004.9,0.1085,67080.3,0.1086,133732.8
1753592001950,04:53:21.950,bitget,AEVO/USDT:USDT,0.1084,13831.6,0.1083,208004.9,0.1085,67080.3,0.1086,129308.8
1753592002100,04:53:22.100,bitget,AEVO/USDT:USDT,0.1084,13575.9,0.1083,208004.9,0.1085,67080.3,0.1086,129308.8
1753592002250,04:53:22.250,bitget,AEVO/USDT:USDT,0.1084,13575.9,0.1083,208004.9,0.1085,67080.3,0.1086,129308.8
1753592002400,04:53:22.400,bitget,AEVO/USDT:USDT,0.1084,13575.9,0.1083,208004.9,0.1085,67080.3,0.1086,129308.8
1753592002550,04:53:22.550,bitget,AEVO/USDT:USDT,0.1084,13831.6,0.1083,208004.9,0.1085,67080.3,0.1086,129308.8
1753592002700,04:53:22.700,bitget,AEVO/USDT:USDT,0.1084,13831.6,0.1083,208004.9,0.1085,67080.3,0.1086,129308.8
1753592002851,04:53:22.851,bitget,AEVO/USDT:USDT,0.1084,13831.6,0.1083,208004.9,0.1085,67080.3,0.1086,129308.8
1753592003001,04:53:23.001,bitget,AEVO/USDT:USDT,0.1084,13831.6,0.1083,208004.9,0.1085,67080.3,0.1086,129308.8
1753592003151,04:53:23.151,bitget,AEVO/USDT:USDT,0.1084,13831.6,0.1083,208004.9,0.1085,67080.3,0.1086,129308.8
1753592003301,04:53:23.301,bitget,AEVO/USDT:USDT,0.1084,13831.6,0.1083,208004.9,0.1085,67080.3,0.1086,129308.8
1753592003451,04:53:23.451,bitget,AEVO/USDT:USDT,0.1084,13831.6,0.1083,208004.9,0.1085,67080.3,0.1086,129308.8
1753592003601,04:53:23.601,bitget,AEVO/USDT:USDT,0.1084,13831.6,0.1083,208004.9,0.1085,67080.3,0.1086,129308.8
1753592003751,04:53:23.751,bitget,AEVO/USDT:USDT,0.1084,13831.6,0.1083,208004.9,0.1085,67080.3,0.1086,129308.8
1753592003901,04:53:23.901,bitget,AEVO/USDT:USDT,0.1084,14447.9,0.1083,208004.9,0.1085,67080.3,0.1086,127714.3
1753592004051,04:53:24.051,bitget,AEVO/USDT:USDT,0.1084,14447.9,0.1083,208004.9,0.1085,67080.3,0.1086,127714.3
1753592004201,04:53:24.201,bitget,AEVO/USDT:USDT,0.1084,14447.9,0.1083,208004.9,0.1085,67080.3,0.1086,127714.3
1753592004351,04:53:24.351,bitget,AEVO/USDT:USDT,0.1084,14447.9,0.1083,208004.9,0.1085,67080.3,0.1086,127714.3
1753592004501,04:53:24.501,bitget,AEVO/USDT:USDT,0.1084,14447.9,0.1083,208004.9,0.1085,67080.3,0.1086,127714.3
1753592004652,04:53:24.652,bitget,AEVO/USDT:USDT,0.1084,14447.9,0.1083,208004.9,0.1085,67080.3,0.1086,127714.3
1753592004802,04:53:24.802,bitget,AEVO/USDT:USDT,0.1084,14447.9,0.1083,208004.9,0.1085,67080.3,0.1086,127714.3
1753592004952,04:53:24.952,bitget,AEVO/USDT:USDT,0.1084,14447.9,0.1083,208004.9,0.1085,67080.3,0.1086,127714.3
1753592005102,04:53:25.102,bitget,AEVO/USDT:USDT,0.1084,14447.9,0.1083,208004.9,0.1085,67080.3,0.1086,127714.3
1753592005252,04:53:25.252,bitget,AEVO/USDT:USDT,0.1084,14447.9,0.1083,207999.8,0.1085,67080.7,0.1086,127735.2
1753592005402,04:53:25.402,bitget,AEVO/USDT:USDT,0.1084,14192.2,0.1083,207999.8,0.1085,67080.7,0.1086,127735.2
1753592005702,04:53:25.702,bitget,AEVO/USDT:USDT,0.1084,14447.9,0.1083,207999.8,0.1085,67080.7,0.1086,127735.2
1753592005852,04:53:25.852,bitget,AEVO/USDT:USDT,0.1084,12780.7,0.1083,207999.8,0.1085,67080.7,0.1086,127735.2
1753592006002,04:53:26.002,bitget,AEVO/USDT:USDT,0.1084,14906.2,0.1083,207999.8,0.1085,67080.7,0.1086,127735.2
1753592006152,04:53:26.152,bitget,AEVO/USDT:USDT,0.1084,14906.2,0.1083,207999.8,0.1085,67080.7,0.1086,127735.2
1753592006302,04:53:26.302,bitget,AEVO/USDT:USDT,0.1084,15161.9,0.1083,207999.8,0.1085,67080.7,0.1086,127735.2
1753592006453,04:53:26.453,bitget,AEVO/USDT:USDT,0.1084,15161.9,0.1083,207999.8,0.1085,67080.7,0.1086,127735.2
1753592006603,04:53:26.603,bitget,AEVO/USDT:USDT,0.1084,14906.2,0.1083,207999.8,0.1085,67080.7,0.1086,127735.2
1753592006753,04:53:26.753,bitget,AEVO/USDT:USDT,0.1084,14906.2,0.1083,207999.8,0.1085,67080.7,0.1086,127735.2
1753592006903,04:53:26.903,bitget,AEVO/USDT:USDT,0.1084,14906.2,0.1083,207999.8,0.1085,67080.7,0.1086,127735.2
1753592007053,04:53:27.053,bitget,AEVO/USDT:USDT,0.1084,15161.9,0.1083,207999.8,0.1085,67080.7,0.1086,127735.2
1753592007203,04:53:27.203,bitget,AEVO/USDT:USDT,0.1084,15161.9,0.1083,207999.8,0.1085,67080.7,0.1086,127735.2
1753592007353,04:53:27.353,bitget,AEVO/USDT:USDT,0.1084,14906.2,0.1083,207999.8,0.1085,67080.7,0.1086,127735.2
1753592007503,04:53:27.503,bitget,AEVO/USDT:USDT,0.1084,14906.2,0.1083,207999.8,0.1085,67080.7,0.1086,127735.2
1753592007653,04:53:27.653,bitget,AEVO/USDT:USDT,0.1084,14906.2,0.1083,207999.8,0.1085,67080.7,0.1086,127735.2
1753592007803,04:53:27.803,bitget,AEVO/USDT:USDT,0.1084,14906.2,0.1083,207999.8,0.1085,67080.7,0.1086,127735.2
1753592007953,04:53:27.953,bitget,AEVO/USDT:USDT,0.1084,14906.2,0.1083,207999.8,0.1085,67080.7,0.1086,127735.2
1753592008103,04:53:28.103,bitget,AEVO/USDT:USDT,0.1084,14906.2,0.1083,207999.8,0.1085,67080.7,0.1086,127735.2
1753592008254,04:53:28.254,bitget,AEVO/USDT:USDT,0.1084,14906.2,0.1083,207999.8,0.1085,67080.7,0.1086,127735.2
1753592008404,04:53:28.404,bitget,AEVO/USDT:USDT,0.1084,14906.2,0.1083,207999.8,0.1085,67080.7,0.1086,127735.2
1753592008554,04:53:28.554,bitget,AEVO/USDT:USDT,0.1084,14906.2,0.1083,207999.8,0.1085,67080.7,0.1086,127735.2
1753592008704,04:53:28.704,bitget,AEVO/USDT:USDT,0.1084,14906.2,0.1083,207999.8,0.1085,67080.7,0.1086,127735.2
1753592008854,04:53:28.854,bitget,AEVO/USDT:USDT,0.1084,14906.2,0.1083,207999.8,0.1085,67080.7,0.1086,127735.2
1753592009004,04:53:29.004,bitget,AEVO/USDT:USDT,0.1084,14906.2,0.1083,207999.8,0.1085,67080.7,0.1086,127735.2
1753592009154,04:53:29.154,bitget,AEVO/USDT:USDT,0.1084,14906.2,0.1083,207999.8,0.1085,67080.7,0.1086,127735.2
1753592009304,04:53:29.304,bitget,AEVO/USDT:USDT,0.1084,14906.2,0.1083,207999.8,0.1085,67080.7,0.1086,127735.2
1753592009454,04:53:29.454,bitget,AEVO/USDT:USDT,0.1084,14906.2,0.1083,207999.8,0.1085,67080.7,0.1086,127735.2
1753592009604,04:53:29.604,bitget,AEVO/USDT:USDT,0.1084,14906.2,0.1083,207999.8,0.1085,67080.7,0.1086,127735.2
1753592009754,04:53:29.754,bitget,AEVO/USDT:USDT,0.1084,14906.2,0.1083,207999.8,0.1085,67080.7,0.1086,127735.2
1753592009905,04:53:29.905,bitget,AEVO/USDT:USDT,0.1084,14906.2,0.1083,207999.8,0.1085,67080.7,0.1086,127735.2
1753592010055,04:53:30.055,bitget,AEVO/USDT:USDT,0.1084,14906.2,0.1083,207999.8,0.1085,67080.7,0.1086,127735.2
1753592010205,04:53:30.205,bitget,AEVO/USDT:USDT,0.1084,14906.2,0.1083,207999.8,0.1085,67080.7,0.1086,127735.2
1753592010355,04:53:30.355,bitget,AEVO/USDT:USDT,0.1084,14906.2,0.1083,207999.8,0.1085,67080.7,0.1086,127735.2
1753592010505,04:53:30.505,bitget,AEVO/USDT:USDT,0.1084,15161.9,0.1083,207999.8,0.1085,67080.7,0.1086,127735.2
1753592010655,04:53:30.655,bitget,AEVO/USDT:USDT,0.1084,15161.9,0.1083,207999.8,0.1085,67080.7,0.1086,127735.2
1753592010805,04:53:30.805,bitget,AEVO/USDT:USDT,0.1084,14906.2,0.1083,207999.8,0.1085,67080.7,0.1086,127735.2
1753592010955,04:53:30.955,bitget,AEVO/USDT:USDT,0.1084,14906.2,0.1083,207999.8,0.1085,67080.7,0.1086,127735.2
1753592011105,04:53:31.105,bitget,AEVO/USDT:USDT,0.1084,15161.9,0.1083,207999.8,0.1085,67080.7,0.1086,127735.2
1753592011255,04:53:31.255,bitget,AEVO/USDT:USDT,0.1084,14906.2,0.1083,207999.8,0.1085,67080.7,0.1086,127735.2
1753592011405,04:53:31.405,bitget,AEVO/USDT:USDT,0.1084,14906.2,0.1083,207999.8,0.1085,67080.7,0.1086,127735.2
1753592011555,04:53:31.555,bitget,AEVO/USDT:USDT,0.1084,15161.9,0.1083,207999.8,0.1085,67080.7,0.1086,127735.2
1753592011705,04:53:31.705,bitget,AEVO/USDT:USDT,0.1084,15161.9,0.1083,207999.8,0.1085,67080.7,0.1086,127735.2
1753592011856,04:53:31.856,bitget,AEVO/USDT:USDT,0.1084,15161.9,0.1083,207999.8,0.1085,67080.7,0.1086,127735.2
1753592012006,04:53:32.006,bitget,AEVO/USDT:USDT,0.1084,15161.9,0.1083,207999.8,0.1085,67080.7,0.1086,127735.2
1753592012156,04:53:32.156,bitget,AEVO/USDT:USDT,0.1084,15161.9,0.1083,207999.8,0.1085,67080.7,0.1086,127735.2
1753592012306,04:53:32.306,bitget,AEVO/USDT:USDT,0.1084,15161.9,0.1083,207999.8,0.1085,67080.7,0.1086,127735.2
1753592012456,04:53:32.456,bitget,AEVO/USDT:USDT,0.1084,15161.9,0.1083,207999.8,0.1085,67080.7,0.1086,127735.2
1753592012606,04:53:32.606,bitget,AEVO/USDT:USDT,0.1084,15161.9,0.1083,207999.8,0.1085,67080.7,0.1086,127735.2
1753592012756,04:53:32.756,bitget,AEVO/USDT:USDT,0.1084,15161.9,0.1083,207999.8,0.1085,67080.7,0.1086,127735.2
1753592012906,04:53:32.906,bitget,AEVO/USDT:USDT,0.1084,15161.9,0.1083,207999.8,0.1085,67080.7,0.1086,127735.2
1753592013056,04:53:33.056,bitget,AEVO/USDT:USDT,0.1084,14906.2,0.1083,207999.8,0.1085,67080.7,0.1086,127735.2
1753592013206,04:53:33.206,bitget,AEVO/USDT:USDT,0.1084,14906.2,0.1083,207999.8,0.1085,67080.7,0.1086,127735.2
1753592013356,04:53:33.356,bitget,AEVO/USDT:USDT,0.1084,14906.2,0.1083,207999.8,0.1085,67080.7,0.1086,127735.2
1753592013506,04:53:33.506,bitget,AEVO/USDT:USDT,0.1084,14906.2,0.1083,207999.8,0.1085,67080.7,0.1086,127735.2
1753592013656,04:53:33.656,bitget,AEVO/USDT:USDT,0.1084,14906.2,0.1083,207999.8,0.1085,67080.7,0.1086,127735.2
1753592013807,04:53:33.807,bitget,AEVO/USDT:USDT,0.1084,14906.2,0.1083,207999.8,0.1085,67080.7,0.1086,127735.2
1753592013957,04:53:33.957,bitget,AEVO/USDT:USDT,0.1084,14906.2,0.1083,207999.8,0.1085,67080.7,0.1086,127735.2
1753592014107,04:53:34.107,bitget,AEVO/USDT:USDT,0.1084,14906.2,0.1083,207999.8,0.1085,67080.7,0.1086,127735.2
1753592014257,04:53:34.257,bitget,AEVO/USDT:USDT,0.1084,14906.2,0.1083,207999.8,0.1085,67080.7,0.1086,127735.2
1753592014407,04:53:34.407,bitget,AEVO/USDT:USDT,0.1084,14906.2,0.1083,207999.8,0.1085,67080.7,0.1086,127735.2
1753592014557,04:53:34.557,bitget,AEVO/USDT:USDT,0.1084,14906.2,0.1083,207999.8,0.1085,67080.7,0.1086,127735.2
1753592014707,04:53:34.707,bitget,AEVO/USDT:USDT,0.1084,14906.2,0.1083,207999.8,0.1085,67080.7,0.1086,127735.2
1753592014857,04:53:34.857,bitget,AEVO/USDT:USDT,0.1084,14906.2,0.1083,207999.8,0.1085,67080.7,0.1086,127735.2
1753592015007,04:53:35.007,bitget,AEVO/USDT:USDT,0.1084,14906.2,0.1083,207999.8,0.1085,67080.7,0.1086,127735.2
1753592015157,04:53:35.157,bitget,AEVO/USDT:USDT,0.1084,14906.2,0.1083,207999.8,0.1085,67080.7,0.1086,127735.2
1753592015307,04:53:35.307,bitget,AEVO/USDT:USDT,0.1084,14906.2,0.1083,207999.8,0.1085,67080.7,0.1086,127735.2
1753592015457,04:53:35.457,bitget,AEVO/USDT:USDT,0.1084,14906.2,0.1083,207999.8,0.1085,67080.7,0.1086,127735.2
1753592015608,04:53:35.608,bitget,AEVO/USDT:USDT,0.1084,14906.2,0.1083,207999.8,0.1085,57867.4,0.1086,136947.7
1753592015758,04:53:35.758,bitget,AEVO/USDT:USDT,0.1084,14205.8,0.1083,207999.8,0.1085,57867.4,0.1086,136947.7
1753592015908,04:53:35.908,bitget,AEVO/USDT:USDT,0.1084,13950.1,0.1083,207999.8,0.1085,57867.4,0.1086,136947.7
1753592016058,04:53:36.058,bitget,AEVO/USDT:USDT,0.1084,13950.1,0.1083,207999.8,0.1085,57867.4,0.1086,136947.7
1753592016208,04:53:36.208,bitget,AEVO/USDT:USDT,0.1084,13950.1,0.1083,207999.8,0.1085,57867.4,0.1086,136947.7
1753592016358,04:53:36.358,bitget,AEVO/USDT:USDT,0.1084,13950.1,0.1083,207999.8,0.1085,57867.4,0.1086,136947.7
1753592016508,04:53:36.508,bitget,AEVO/USDT:USDT,0.1084,13950.1,0.1083,207999.8,0.1085,57867.4,0.1086,136947.7
1753592016658,04:53:36.658,bitget,AEVO/USDT:USDT,0.1084,13950.1,0.1083,207999.8,0.1085,57867.4,0.1086,136947.7
1753592016808,04:53:36.808,bitget,AEVO/USDT:USDT,0.1084,13950.1,0.1083,207999.8,0.1085,57867.4,0.1086,136947.7
1753592016958,04:53:36.958,bitget,AEVO/USDT:USDT,0.1084,13950.1,0.1083,207999.8,0.1085,57867.4,0.1086,127735.2
1753592017108,04:53:37.108,bitget,AEVO/USDT:USDT,0.1084,14490.8,0.1083,207999.8,0.1085,57867.4,0.1086,127735.2
1753592017258,04:53:37.258,bitget,AEVO/USDT:USDT,0.1084,14490.8,0.1083,207999.8,0.1085,67080.5,0.1086,127735.2
1753592017409,04:53:37.409,bitget,AEVO/USDT:USDT,0.1084,14490.8,0.1083,207999.8,0.1085,67080.5,0.1086,127735.2
1753592017559,04:53:37.559,bitget,AEVO/USDT:USDT,0.1084,14490.8,0.1083,207999.8,0.1085,67080.5,0.1086,127735.2
1753592017709,04:53:37.709,bitget,AEVO/USDT:USDT,0.1084,22239.2,0.1083,204179.8,0.1085,12679.5,0.1086,176410.5
1753592017859,04:53:37.859,bitget,AEVO/USDT:USDT,0.1084,21983.5,0.1083,204179.8,0.1085,2976.6,0.1086,176410.5
1753592018009,04:53:38.009,bitget,AEVO/USDT:USDT,0.1084,20194.9,0.1083,204179.8,0.1085,44326.6,0.1086,136944.6
1753592018159,04:53:38.159,bitget,AEVO/USDT:USDT,0.1084,20194.9,0.1083,204179.8,0.1085,44325.0,0.1086,136944.6
1753592018309,04:53:38.309,bitget,AEVO/USDT:USDT,0.1084,20194.9,0.1083,204179.8,0.1085,44325.0,0.1086,136944.6
1753592018459,04:53:38.459,bitget,AEVO/USDT:USDT,0.1084,20194.9,0.1083,204179.8,0.1085,44325.0,0.1086,136944.6
1753592018609,04:53:38.609,bitget,AEVO/USDT:USDT,0.1084,20194.9,0.1083,204179.8,0.1085,44325.0,0.1086,136944.6
1753592018759,04:53:38.759,bitget,AEVO/USDT:USDT,0.1084,20194.9,0.1083,204179.8,0.1085,44325.0,0.1086,136944.6
1753592018909,04:53:38.909,bitget,AEVO/USDT:USDT,0.1084,21618.5,0.1083,204179.8,0.1085,44325.0,0.1086,136944.6
1753592019059,04:53:39.059,bitget,AEVO/USDT:USDT,0.1084,21618.5,0.1083,204179.8,0.1085,44325.0,0.1086,136944.6
1753592019210,04:53:39.210,bitget,AEVO/USDT:USDT,0.1084,21618.5,0.1083,204179.8,0.1085,44325.0,0.1086,136944.6
1753592019360,04:53:39.360,bitget,AEVO/USDT:USDT,0.1084,21618.5,0.1083,204179.8,0.1085,44325.0,0.1086,136944.6
1753592019510,04:53:39.510,bitget,AEVO/USDT:USDT,0.1084,21618.5,0.1083,204179.8,0.1085,44325.0,0.1086,136944.6
1753592019660,04:53:39.660,bitget,AEVO/USDT:USDT,0.1084,21618.5,0.1083,204179.8,0.1085,44325.0,0.1086,136944.6
1753592019810,04:53:39.810,bitget,AEVO/USDT:USDT,0.1084,21618.5,0.1083,204179.8,0.1085,44325.0,0.1086,136944.6
1753592019960,04:53:39.960,bitget,AEVO/USDT:USDT,0.1084,21618.5,0.1083,204179.8,0.1085,44325.0,0.1086,136944.6
1753592020110,04:53:40.110,bitget,AEVO/USDT:USDT,0.1084,21618.5,0.1083,204179.8,0.1085,44325.0,0.1086,136944.6
1753592020260,04:53:40.260,bitget,AEVO/USDT:USDT,0.1084,21618.5,0.1083,204179.8,0.1085,44325.0,0.1086,136944.6
1753592020410,04:53:40.410,bitget,AEVO/USDT:USDT,0.1084,21618.5,0.1083,204179.8,0.1085,44325.0,0.1086,136944.6
1753592020560,04:53:40.560,bitget,AEVO/USDT:USDT,0.1084,23863.5,0.1083,204179.8,0.1085,2976.6,0.1086,136944.6
1753592020710,04:53:40.710,bitget,AEVO/USDT:USDT,0.1084,23863.5,0.1083,204179.8,0.1085,2976.6,0.1086,176407.7
1753592020860,04:53:40.860,bitget,AEVO/USDT:USDT,0.1084,21874.2,0.1083,204179.8,0.1085,2976.6,0.1086,176407.7
1753592021011,04:53:41.011,bitget,AEVO/USDT:USDT,0.1084,20450.6,0.1083,204179.8,0.1085,2976.6,0.1086,176407.7
1753592021161,04:53:41.161,bitget,AEVO/USDT:USDT,0.1084,20194.9,0.1083,204179.8,0.1085,4860.7,0.1086,176407.7
1753592021311,04:53:41.311,bitget,AEVO/USDT:USDT,0.1084,59655.6,0.1083,164657.8,0.1085,4860.7,0.1086,176367.1
1753592021461,04:53:41.461,bitget,AEVO/USDT:USDT,0.1084,59655.6,0.1083,164657.8,0.1085,9156.2,0.1086,176367.1
1753592021611,04:53:41.611,bitget,AEVO/USDT:USDT,0.1084,59911.3,0.1083,164657.8,0.1085,7272.1,0.1086,176367.1
1753592021761,04:53:41.761,bitget,AEVO/USDT:USDT,0.1084,59911.3,0.1083,164657.8,0.1085,7272.1,0.1086,176367.1
1753592021911,04:53:41.911,bitget,AEVO/USDT:USDT,0.1084,59911.3,0.1083,164657.8,0.1085,7272.1,0.1086,176367.1
1753592022061,04:53:42.061,bitget,AEVO/USDT:USDT,0.1084,59911.3,0.1083,164657.8,0.1085,7272.1,0.1086,176367.1
1753592022211,04:53:42.211,bitget,AEVO/USDT:USDT,0.1084,59655.6,0.1083,164657.8,0.1085,7272.1,0.1086,176367.1
1753592022361,04:53:42.361,bitget,AEVO/USDT:USDT,0.1084,59655.6,0.1083,164657.8,0.1085,7272.1,0.1086,176367.1
1753592022511,04:53:42.511,bitget,AEVO/USDT:USDT,0.1084,59655.6,0.1083,164657.8,0.1085,7272.1,0.1086,176367.1
1753592022661,04:53:42.661,bitget,AEVO/USDT:USDT,0.1084,59655.6,0.1083,164657.8,0.1085,7272.1,0.1086,176367.1
1753592022812,04:53:42.812,bitget,AEVO/USDT:USDT,0.1084,59655.6,0.1083,164657.8,0.1085,7272.1,0.1086,176367.1
1753592022962,04:53:42.962,bitget,AEVO/USDT:USDT,0.1084,59655.6,0.1083,164657.8,0.1085,7272.1,0.1086,176367.1
1753592023112,04:53:43.112,bitget,AEVO/USDT:USDT,0.1084,59655.6,0.1083,164657.8,0.1085,7272.1,0.1086,176367.1
1753592023262,04:53:43.262,bitget,AEVO/USDT:USDT,0.1084,59911.3,0.1083,164657.8,0.1085,2976.6,0.1086,176367.1
1753592023412,04:53:43.412,bitget,AEVO/USDT:USDT,0.1084,59911.3,0.1083,164657.8,0.1085,1833.1,0.1086,176367.1
1753592023562,04:53:43.562,bitget,AEVO/USDT:USDT,0.1084,59911.3,0.1083,164657.8,0.1085,4543.7,0.1086,176367.1
1753592023712,04:53:43.712,bitget,AEVO/USDT:USDT,0.1084,59911.3,0.1083,164657.8,0.1085,4543.7,0.1086,176367.1
1753592023862,04:53:43.862,bitget,AEVO/USDT:USDT,0.1084,59911.3,0.1083,164657.8,0.1085,4543.7,0.1086,176367.1
1753592024012,04:53:44.012,bitget,AEVO/USDT:USDT,0.1084,59911.3,0.1083,164657.8,0.1085,4543.7,0.1086,176367.1
1753592024162,04:53:44.162,bitget,AEVO/USDT:USDT,0.1084,59911.3,0.1083,164657.8,0.1085,4543.7,0.1086,176367.1
1753592024312,04:53:44.312,bitget,AEVO/USDT:USDT,0.1084,59911.3,0.1083,164657.8,0.1085,4543.7,0.1086,176367.1
1753592024462,04:53:44.462,bitget,AEVO/USDT:USDT,0.1084,59911.3,0.1083,164657.8,0.1085,4543.7,0.1086,176367.1
1753592024612,04:53:44.612,bitget,AEVO/USDT:USDT,0.1084,59911.3,0.1083,164657.8,0.1085,4543.7,0.1086,176367.1
1753592024763,04:53:44.763,bitget,AEVO/USDT:USDT,0.1084,59911.3,0.1083,164657.8,0.1085,4543.7,0.1086,176367.1
1753592024913,04:53:44.913,bitget,AEVO/USDT:USDT,0.1084,59911.3,0.1083,164657.8,0.1085,4543.7,0.1086,176367.1
1753592025063,04:53:45.063,bitget,AEVO/USDT:USDT,0.1084,59911.3,0.1083,164657.8,0.1085,4543.7,0.1086,176367.1
1753592025213,04:53:45.213,bitget,AEVO/USDT:USDT,0.1084,59911.3,0.1083,164657.8,0.1085,4543.7,0.1086,176367.1
1753592025363,04:53:45.363,bitget,AEVO/USDT:USDT,0.1084,59911.3,0.1083,164657.8,0.1085,4543.7,0.1086,176367.1
1753592025513,04:53:45.513,bitget,AEVO/USDT:USDT,0.1084,59911.3,0.1083,164657.8,0.1085,4543.7,0.1086,176367.1
1753592025663,04:53:45.663,bitget,AEVO/USDT:USDT,0.1084,59911.3,0.1083,164657.8,0.1085,4543.7,0.1086,176367.1
1753592025813,04:53:45.813,bitget,AEVO/USDT:USDT,0.1084,59911.3,0.1083,164657.8,0.1085,4543.7,0.1086,176367.1
1753592025963,04:53:45.963,bitget,AEVO/USDT:USDT,0.1084,59911.3,0.1083,164657.8,0.1085,4543.7,0.1086,176367.1
1753592026113,04:53:46.113,bitget,AEVO/USDT:USDT,0.1084,59911.3,0.1083,164657.8,0.1085,4543.7,0.1086,176367.1
1753592026263,04:53:46.263,bitget,AEVO/USDT:USDT,0.1084,59911.3,0.1083,164657.8,0.1085,4543.7,0.1086,176367.1
1753592026413,04:53:46.413,bitget,AEVO/USDT:USDT,0.1084,59911.3,0.1083,164657.8,0.1085,4543.7,0.1086,176367.1
1753592026564,04:53:46.564,bitget,AEVO/USDT:USDT,0.1084,59911.3,0.1083,164657.8,0.1085,4543.7,0.1086,176367.1
1753592026714,04:53:46.714,bitget,AEVO/USDT:USDT,0.1084,59911.3,0.1083,164657.8,0.1085,4543.7,0.1086,176367.1
