timestamp,time,symbol,bid1_price,bid1_volume,bid2_price,bid2_volume,ask1_price,ask1_volume,ask2_price,ask2_volume
1753546946638,16:22:26.638,AAVE/USDT:USDT,294.67,206.0,294.65,46.0,294.68,102.0,294.69,6.0
1753546948205,16:22:28.205,AAVE/USDT:USDT,294.71,76.0,294.68,280.0,294.74,231.0,294.76,642.0
1753546950141,16:22:30.141,AAVE/USDT:USDT,294.72,216.0,294.69,634.0,294.74,3.0,294.77,1389.8
1753546952643,16:22:32.643,AAVE/USDT:USDT,294.72,63.0,294.7,995.0,294.74,73.0,294.75,3.0
1753546953609,16:22:33.609,AAVE/USDT:USDT,294.74,120.0,294.72,381.0,294.75,3.0,294.76,1.0
1753546954646,16:22:34.646,AAVE/USDT:USDT,294.74,88.0,294.71,33.0,294.76,12.0,294.78,236.0
1753546955648,16:22:35.648,AAVE/USDT:USDT,294.73,86.0,294.71,709.0,294.76,29.0,294.78,1770.0
1753546956148,16:22:36.148,AAVE/USDT:USDT,294.73,89.0,294.71,709.0,294.76,29.0,294.78,1770.0
1753546957150,16:22:37.150,AAVE/USDT:USDT,294.74,289.0,294.72,367.0,294.76,12.0,294.78,617.0
1753546957653,16:22:37.653,AAVE/USDT:USDT,294.73,187.0,294.71,690.0,294.76,5.0,294.78,236.0
1753546958153,16:22:38.153,AAVE/USDT:USDT,294.73,187.0,294.71,690.0,294.76,5.0,294.78,236.0
1753546959153,16:22:39.153,AAVE/USDT:USDT,294.74,193.0,294.72,639.0,294.76,5.0,294.78,447.0
1753546959983,16:22:39.983,AAVE/USDT:USDT,294.76,84.0,294.75,652.0,294.78,336.0,294.79,1150.0
1753546960653,16:22:40.653,AAVE/USDT:USDT,294.75,56.0,294.74,5.0,294.78,431.0,294.79,1193.0
1753546961151,16:22:41.151,AAVE/USDT:USDT,294.76,16.0,294.75,471.0,294.78,236.0,294.79,25.0
1753546962144,16:22:42.144,AAVE/USDT:USDT,294.76,1.0,294.75,52.0,294.78,392.0,294.8,192.0
1753546962657,16:22:42.657,AAVE/USDT:USDT,294.75,52.0,294.74,17.0,294.78,392.0,294.8,192.0
1753546963159,16:22:43.159,AAVE/USDT:USDT,294.75,52.0,294.74,17.0,294.78,395.0,294.8,192.0
1753546964162,16:22:44.162,AAVE/USDT:USDT,294.75,59.0,294.73,331.0,294.77,40.0,294.78,1019.0
1753546965162,16:22:45.162,AAVE/USDT:USDT,294.75,59.0,294.73,328.0,294.77,14.0,294.78,236.0
1753546966193,16:22:46.193,AAVE/USDT:USDT,294.75,58.0,294.73,328.0,294.77,17.0,294.78,236.0
1753546966695,16:22:46.695,AAVE/USDT:USDT,294.75,58.0,294.73,571.0,294.77,17.0,294.78,1913.0
1753546967163,16:22:47.163,AAVE/USDT:USDT,294.75,87.0,294.72,977.0,294.77,17.0,294.78,236.0
1753546968167,16:22:48.167,AAVE/USDT:USDT,294.75,3.0,294.74,56.0,294.77,5.0,294.78,248.0
1753546968698,16:22:48.698,AAVE/USDT:USDT,294.74,58.0,294.71,1044.0,294.78,253.0,294.8,192.0
1753546969172,16:22:49.172,AAVE/USDT:USDT,294.76,86.0,294.75,329.0,294.78,241.0,294.8,209.0
1753546969700,16:22:49.700,AAVE/USDT:USDT,294.76,90.0,294.75,329.0,294.78,236.0,294.8,214.0
1753546970702,16:22:50.702,AAVE/USDT:USDT,294.76,31.0,294.73,505.0,294.78,236.0,294.79,128.0
1753546971179,16:22:51.179,AAVE/USDT:USDT,294.77,83.0,294.76,4.0,294.79,30.0,294.81,1261.0
1753546972167,16:22:52.167,AAVE/USDT:USDT,294.77,103.0,294.74,1300.0,294.79,8.0,294.81,1413.0
1753546972705,16:22:52.705,AAVE/USDT:USDT,294.77,104.0,294.74,1300.0,294.79,8.0,294.81,1413.0
1753546973168,16:22:53.168,AAVE/USDT:USDT,294.77,6.0,294.76,98.0,294.79,3.0,294.8,19.0
1753546974167,16:22:54.167,AAVE/USDT:USDT,294.77,150.0,294.76,834.0,294.79,23.0,294.8,1279.0
1753546974708,16:22:54.708,AAVE/USDT:USDT,294.77,149.0,294.76,834.0,294.79,25.0,294.8,1279.0
1753546975716,16:22:55.716,AAVE/USDT:USDT,294.78,145.0,294.77,373.0,294.79,2.0,294.81,9.0
1753546976171,16:22:56.171,AAVE/USDT:USDT,294.78,146.0,294.77,373.0,294.79,2.0,294.81,9.0
1753546976712,16:22:56.712,AAVE/USDT:USDT,294.78,44.0,294.77,633.0,294.79,2.0,294.81,184.0
1753546977170,16:22:57.170,AAVE/USDT:USDT,294.78,71.0,294.77,2.0,294.79,2.0,294.8,180.0
1753546978172,16:22:58.172,AAVE/USDT:USDT,294.8,157.0,294.78,5.0,294.83,8.0,294.84,3.0
1753546978715,16:22:58.715,AAVE/USDT:USDT,294.82,156.0,294.79,330.0,294.84,18.0,294.86,628.0
1753546979174,16:22:59.174,AAVE/USDT:USDT,294.81,16.0,294.79,80.0,294.84,3.0,294.85,177.0
1753546980718,16:23:00.718,AAVE/USDT:USDT,294.83,50.0,294.82,789.0,294.84,5.0,294.85,208.0
1753546981175,16:23:01.175,AAVE/USDT:USDT,294.83,54.0,294.82,789.0,294.84,3.0,294.85,211.0
1753546982076,16:23:02.076,AAVE/USDT:USDT,294.73,375.0,294.72,105.0,294.76,359.0,294.81,1885.0
1753546982722,16:23:02.722,AAVE/USDT:USDT,294.71,53.0,294.68,275.0,294.73,28.0,294.75,986.0
1753546983221,16:23:03.221,AAVE/USDT:USDT,294.72,169.0,294.7,123.0,294.74,10.0,294.76,1700.0
1753546984173,16:23:04.173,AAVE/USDT:USDT,294.72,6.0,294.69,356.0,294.74,182.0,294.76,2480.0
1753546984724,16:23:04.724,AAVE/USDT:USDT,294.72,7.0,294.69,356.0,294.74,182.0,294.76,2480.0
1753546985727,16:23:05.727,AAVE/USDT:USDT,294.72,8.0,294.69,86.0,294.74,63.0,294.77,2677.0
1753546986415,16:23:06.415,AAVE/USDT:USDT,294.74,207.0,294.72,4.0,294.76,4.0,294.79,350.0
1753546987230,16:23:07.230,AAVE/USDT:USDT,294.78,94.0,294.75,984.0,294.8,58.0,294.83,2196.0
1753546987730,16:23:07.730,AAVE/USDT:USDT,294.78,99.0,294.75,984.0,294.8,58.0,294.83,2196.0
1753546988231,16:23:08.231,AAVE/USDT:USDT,294.78,210.0,294.77,538.0,294.8,58.0,294.81,2144.0
1753546988733,16:23:08.733,AAVE/USDT:USDT,294.78,210.0,294.77,538.0,294.8,58.0,294.81,2144.0
1753546989184,16:23:09.184,AAVE/USDT:USDT,294.78,188.0,294.76,1122.0,294.8,58.0,294.81,1146.0
1753546990236,16:23:10.236,AAVE/USDT:USDT,294.78,5.0,294.77,235.0,294.8,10.0,294.81,4.0
1753546991015,16:23:11.015,AAVE/USDT:USDT,294.81,136.0,294.79,1094.0,294.83,1.0,294.84,363.0
1753546991236,16:23:11.236,AAVE/USDT:USDT,294.82,59.0,294.77,798.0,294.84,3.0,294.86,374.0
1753546992238,16:23:12.238,AAVE/USDT:USDT,294.82,153.0,294.77,604.0,294.84,3.0,294.85,377.0
1753546993238,16:23:13.238,AAVE/USDT:USDT,294.82,159.0,294.81,353.0,294.84,3.0,294.85,3.0
1753546994183,16:23:14.183,AAVE/USDT:USDT,294.83,182.0,294.82,3.0,294.84,3.0,294.85,267.0
1753546994741,16:23:14.741,AAVE/USDT:USDT,294.86,317.0,294.84,640.0,294.87,267.0,294.89,229.0
1753546995241,16:23:15.241,AAVE/USDT:USDT,294.85,295.0,294.83,401.0,294.89,230.0,294.9,1244.0
1753546995743,16:23:15.743,AAVE/USDT:USDT,294.85,295.0,294.83,401.0,294.89,230.0,294.9,1244.0
1753546996242,16:23:16.242,AAVE/USDT:USDT,294.85,338.0,294.83,961.0,294.88,1.0,294.89,133.0
1753546997244,16:23:17.244,AAVE/USDT:USDT,294.86,124.0,294.83,261.0,294.88,2.0,294.89,133.0
1753546997744,16:23:17.744,AAVE/USDT:USDT,294.86,128.0,294.83,261.0,294.88,2.0,294.89,133.0
1753546998246,16:23:18.246,AAVE/USDT:USDT,294.86,97.0,294.84,592.0,294.88,2.0,294.89,133.0
1753546999187,16:23:19.187,AAVE/USDT:USDT,294.86,186.0,294.84,615.0,294.88,5.0,294.89,129.0
1753547000247,16:23:20.247,AAVE/USDT:USDT,294.86,4.0,294.85,71.0,294.87,33.0,294.88,3.0
1753547000749,16:23:20.749,AAVE/USDT:USDT,294.86,4.0,294.85,71.0,294.87,33.0,294.88,3.0
1753547001204,16:23:21.204,AAVE/USDT:USDT,294.86,4.0,294.85,73.0,294.87,34.0,294.88,3.0
1753547002252,16:23:22.252,AAVE/USDT:USDT,294.85,237.0,294.82,491.0,294.87,13.0,294.89,1180.0
1753547002752,16:23:22.752,AAVE/USDT:USDT,294.85,85.3,294.82,491.0,294.87,12.0,294.89,1180.0
1753547003253,16:23:23.253,AAVE/USDT:USDT,294.85,171.0,294.83,950.0,294.87,30.0,294.88,190.0
1753547004255,16:23:24.255,AAVE/USDT:USDT,294.85,316.0,294.83,408.0,294.87,5.0,294.89,157.0
1753547004756,16:23:24.756,AAVE/USDT:USDT,294.85,316.0,294.83,408.0,294.87,5.0,294.89,157.0
1753547005256,16:23:25.256,AAVE/USDT:USDT,294.85,113.0,294.84,465.0,294.87,1.0,294.88,35.0
1753547006193,16:23:26.193,AAVE/USDT:USDT,294.85,115.0,294.84,465.0,294.87,1.0,294.88,35.0
1753547006757,16:23:26.757,AAVE/USDT:USDT,294.85,122.0,294.83,113.0,294.87,34.0,294.89,1654.0
1753547007260,16:23:27.260,AAVE/USDT:USDT,294.85,107.0,294.83,238.0,294.87,10.0,294.89,534.0
1753547007761,16:23:27.761,AAVE/USDT:USDT,294.85,109.0,294.83,238.0,294.87,10.0,294.89,534.0
1753547008262,16:23:28.262,AAVE/USDT:USDT,294.85,109.0,294.83,691.0,294.87,9.0,294.89,273.0
1753547009194,16:23:29.194,AAVE/USDT:USDT,294.85,129.0,294.84,1216.0,294.87,6.0,294.88,3.0
1753547009764,16:23:29.764,AAVE/USDT:USDT,294.82,145.0,294.81,83.0,294.83,176.0,294.84,11.0
1753547010264,16:23:30.264,AAVE/USDT:USDT,294.81,91.0,294.8,864.0,294.83,184.0,294.84,2009.0
1753547010765,16:23:30.765,AAVE/USDT:USDT,294.81,96.0,294.8,864.0,294.83,184.0,294.84,2009.0
1753547011766,16:23:31.766,AAVE/USDT:USDT,294.81,100.0,294.79,1089.0,294.83,44.0,294.85,312.0
1753547012267,16:23:32.267,AAVE/USDT:USDT,294.81,83.0,294.8,57.0,294.83,20.0,294.84,919.0
1753547013269,16:23:33.269,AAVE/USDT:USDT,294.81,130.0,294.8,2.0,294.83,18.0,294.85,1404.0
1753547014274,16:23:34.274,AAVE/USDT:USDT,294.81,106.0,294.8,2.0,294.83,156.0,294.85,1651.0
1753547015273,16:23:35.273,AAVE/USDT:USDT,294.81,110.0,294.79,1365.0,294.83,42.0,294.85,1257.0
1753547016275,16:23:36.275,AAVE/USDT:USDT,294.81,83.0,294.8,22.0,294.83,235.0,294.86,2162.0
1753547016778,16:23:36.778,AAVE/USDT:USDT,294.81,83.0,294.8,22.0,294.83,235.0,294.86,2162.0
1753547017275,16:23:37.275,AAVE/USDT:USDT,294.81,83.0,294.8,22.0,294.84,174.0,294.85,734.0
1753547018277,16:23:38.277,AAVE/USDT:USDT,294.81,181.0,294.79,1262.0,294.83,48.0,294.84,4.0
1753547018778,16:23:38.778,AAVE/USDT:USDT,294.81,181.0,294.79,1262.0,294.83,48.0,294.84,4.0
1753547019280,16:23:39.280,AAVE/USDT:USDT,294.81,206.0,294.79,1207.0,294.83,52.0,294.84,4.0
1753547019778,16:23:39.778,AAVE/USDT:USDT,294.81,206.0,294.79,1207.0,294.83,52.0,294.84,4.0
1753547020779,16:23:40.779,AAVE/USDT:USDT,294.81,221.0,294.79,589.0,294.83,23.0,294.85,719.0
1753547021281,16:23:41.281,AAVE/USDT:USDT,294.81,212.0,294.79,1084.0,294.83,86.0,294.85,291.0
1753547021782,16:23:41.782,AAVE/USDT:USDT,294.81,211.0,294.79,1084.0,294.83,86.0,294.85,291.0
1753547022284,16:23:42.284,AAVE/USDT:USDT,294.81,311.0,294.8,846.0,294.83,68.0,294.84,1277.0
1753547023202,16:23:43.202,AAVE/USDT:USDT,294.84,189.0,294.81,84.0,294.87,29.0,294.91,391.0
1753547023784,16:23:43.784,AAVE/USDT:USDT,294.84,194.0,294.81,83.0,294.87,33.0,294.91,391.0
1753547024285,16:23:44.285,AAVE/USDT:USDT,294.85,97.0,294.84,5.0,294.87,64.0,294.89,676.0
1753547025205,16:23:45.205,AAVE/USDT:USDT,294.81,112.0,294.79,1153.0,294.83,188.0,294.85,377.0
1753547025787,16:23:45.787,AAVE/USDT:USDT,294.81,112.0,294.79,1153.0,294.83,189.0,294.85,377.0
1753547026289,16:23:46.289,AAVE/USDT:USDT,294.81,150.0,294.8,633.0,294.83,4.0,294.84,18.0
1753547026789,16:23:46.789,AAVE/USDT:USDT,294.81,150.0,294.8,633.0,294.84,22.0,294.87,1.0
1753547027790,16:23:47.790,AAVE/USDT:USDT,294.86,92.0,294.83,536.0,294.87,1.0,294.88,79.0
1753547028291,16:23:48.291,AAVE/USDT:USDT,294.82,30.0,294.81,86.0,294.86,62.0,294.87,1.0
1753547028792,16:23:48.792,AAVE/USDT:USDT,294.82,31.0,294.81,83.0,294.86,62.0,294.87,1.0
1753547029293,16:23:49.293,AAVE/USDT:USDT,294.83,46.0,294.82,874.0,294.85,15.0,294.86,74.0
1753547030294,16:23:50.294,AAVE/USDT:USDT,294.83,48.0,294.81,83.0,294.86,40.0,294.87,1.0
1753547030795,16:23:50.795,AAVE/USDT:USDT,294.86,49.0,294.85,998.0,294.87,1.0,294.88,42.0
1753547031297,16:23:51.297,AAVE/USDT:USDT,294.86,59.0,294.83,236.0,294.88,23.0,294.91,1270.0
1753547032298,16:23:52.298,AAVE/USDT:USDT,294.86,32.0,294.83,526.0,294.88,79.0,294.91,1763.0
1753547032798,16:23:52.798,AAVE/USDT:USDT,294.86,32.0,294.83,526.0,294.88,75.0,294.91,1763.0
1753547033298,16:23:53.298,AAVE/USDT:USDT,294.86,355.0,294.83,570.0,294.88,54.0,294.9,1695.0
1753547034305,16:23:54.305,AAVE/USDT:USDT,294.86,2.0,294.85,320.0,294.88,8.0,294.89,105.0
1753547034801,16:23:54.801,AAVE/USDT:USDT,294.86,2.0,294.85,320.0,294.88,3.0,294.89,108.0
1753547035303,16:23:55.303,AAVE/USDT:USDT,294.86,2.0,294.85,333.0,294.88,3.0,294.89,206.0
1753547036804,16:23:56.804,AAVE/USDT:USDT,294.86,346.0,294.84,184.0,294.88,134.0,294.89,1482.0
1753547037306,16:23:57.306,AAVE/USDT:USDT,294.86,4.0,294.85,345.0,294.88,3.0,294.89,168.0
1753547038210,16:23:58.210,AAVE/USDT:USDT,294.86,350.0,294.84,542.0,294.88,106.0,294.89,2.0
1753547038307,16:23:58.307,AAVE/USDT:USDT,294.86,350.0,294.84,542.0,294.88,106.0,294.89,2.0
1753547038808,16:23:58.808,AAVE/USDT:USDT,294.86,350.0,294.84,542.0,294.88,106.0,294.89,2.0
1753547039310,16:23:59.310,AAVE/USDT:USDT,294.86,353.0,294.85,432.0,294.88,201.0,294.89,971.0
1753547039809,16:23:59.809,AAVE/USDT:USDT,294.86,353.0,294.85,432.0,294.88,201.0,294.89,971.0
1753547040312,16:24:00.312,AAVE/USDT:USDT,294.86,326.0,294.84,23.0,294.88,156.0,294.9,1619.0
1753547041311,16:24:01.311,AAVE/USDT:USDT,294.86,330.0,294.84,52.0,294.88,115.0,294.89,435.0
1753547042313,16:24:02.313,AAVE/USDT:USDT,294.86,331.0,294.84,185.0,294.88,70.0,294.9,1082.0
1753547042814,16:24:02.814,AAVE/USDT:USDT,294.86,331.0,294.84,185.0,294.88,70.0,294.9,1082.0
1753547043314,16:24:03.314,AAVE/USDT:USDT,294.86,331.0,294.84,565.0,294.88,197.0,294.89,173.0
1753547044214,16:24:04.214,AAVE/USDT:USDT,294.86,332.0,294.84,158.0,294.88,58.0,294.9,361.0
1753547044818,16:24:04.818,AAVE/USDT:USDT,294.86,334.0,294.84,158.0,294.88,58.0,294.9,361.0
1753547045317,16:24:05.317,AAVE/USDT:USDT,294.86,385.0,294.84,425.0,294.88,52.0,294.9,1031.0
1753547046318,16:24:06.318,AAVE/USDT:USDT,294.86,410.0,294.83,134.0,294.88,78.0,294.9,396.0
1753547046820,16:24:06.820,AAVE/USDT:USDT,294.86,410.0,294.83,134.0,294.88,79.0,294.9,396.0
1753547047322,16:24:07.322,AAVE/USDT:USDT,294.86,7.0,294.85,400.0,294.88,116.0,294.92,53.0
1753547048325,16:24:08.325,AAVE/USDT:USDT,294.86,294.0,294.84,441.0,294.88,244.0,294.9,1375.0
1753547048829,16:24:08.829,AAVE/USDT:USDT,294.86,295.0,294.84,441.0,294.88,244.0,294.9,1375.0
1753547049326,16:24:09.326,AAVE/USDT:USDT,294.86,320.0,294.84,567.0,294.88,75.0,294.89,409.0
1753547050221,16:24:10.221,AAVE/USDT:USDT,294.86,288.0,294.85,305.0,294.88,8.0,294.89,196.0
1753547050329,16:24:10.329,AAVE/USDT:USDT,294.86,288.0,294.85,305.0,294.88,3.0,294.89,198.0
1753547050829,16:24:10.829,AAVE/USDT:USDT,294.86,288.0,294.85,305.0,294.88,3.0,294.89,201.0
1753547051333,16:24:11.333,AAVE/USDT:USDT,294.86,342.0,294.83,826.0,294.88,144.0,294.91,328.0
1753547052224,16:24:12.224,AAVE/USDT:USDT,294.86,361.0,294.85,508.0,294.88,6.0,294.89,126.0
1753547052834,16:24:12.834,AAVE/USDT:USDT,294.86,360.0,294.85,508.0,294.88,3.0,294.89,130.0
1753547053335,16:24:13.335,AAVE/USDT:USDT,294.86,6.0,294.85,333.0,294.88,3.0,294.89,155.0
1753547053836,16:24:13.836,AAVE/USDT:USDT,294.86,2.0,294.85,335.0,294.88,3.0,294.89,155.0
1753547054337,16:24:14.337,AAVE/USDT:USDT,294.86,2.0,294.85,358.0,294.88,147.0,294.89,4.0
1753547055338,16:24:15.338,AAVE/USDT:USDT,294.86,260.0,294.84,82.0,294.88,150.0,294.89,182.0
1753547055840,16:24:15.840,AAVE/USDT:USDT,294.86,260.0,294.84,82.0,294.88,152.0,294.89,182.0
1753547056341,16:24:16.341,AAVE/USDT:USDT,294.86,154.0,294.85,210.0,294.88,3.0,294.89,322.0
1753547057227,16:24:17.227,AAVE/USDT:USDT,294.86,4.0,294.85,160.0,294.88,251.0,294.89,5.0
1753547057841,16:24:17.841,AAVE/USDT:USDT,294.86,4.0,294.85,160.0,294.88,256.0,294.9,923.0
1753547058342,16:24:18.342,AAVE/USDT:USDT,294.86,236.0,294.84,70.0,294.88,119.0,294.9,997.0
1753547058841,16:24:18.841,AAVE/USDT:USDT,294.86,235.0,294.84,70.0,294.88,119.0,294.9,997.0
1753547059342,16:24:19.342,AAVE/USDT:USDT,294.86,235.0,294.84,37.0,294.88,118.0,294.89,224.0
1753547059844,16:24:19.844,AAVE/USDT:USDT,294.86,235.0,294.84,37.0,294.88,117.0,294.89,224.0
1753547060344,16:24:20.344,AAVE/USDT:USDT,294.86,164.0,294.85,235.0,294.88,4.0,294.89,205.0
1753547060856,16:24:20.856,AAVE/USDT:USDT,294.86,166.0,294.85,235.0,294.88,4.0,294.89,205.0
1753547061846,16:24:21.846,AAVE/USDT:USDT,294.86,168.0,294.83,57.0,294.88,104.0,294.89,5.0
1753547062349,16:24:22.349,AAVE/USDT:USDT,294.86,201.0,294.85,50.0,294.88,104.0,294.89,1191.0
1753547063230,16:24:23.230,AAVE/USDT:USDT,294.86,237.0,294.83,45.0,294.88,77.0,294.89,5.0
1753547063848,16:24:23.848,AAVE/USDT:USDT,294.86,236.0,294.83,45.0,294.88,77.0,294.89,5.0
1753547064349,16:24:24.349,AAVE/USDT:USDT,294.86,220.0,294.83,563.0,294.88,77.0,294.89,5.0
1753547065233,16:24:25.233,AAVE/USDT:USDT,294.86,236.0,294.83,523.0,294.88,220.0,294.89,5.0
1753547065852,16:24:25.852,AAVE/USDT:USDT,294.86,238.0,294.83,523.0,294.88,221.0,294.89,5.0
1753547066352,16:24:26.352,AAVE/USDT:USDT,294.86,166.0,294.83,348.0,294.88,352.0,294.89,5.0
1753547066854,16:24:26.854,AAVE/USDT:USDT,294.86,166.0,294.83,348.0,294.88,352.0,294.89,5.0
1753547067353,16:24:27.353,AAVE/USDT:USDT,294.86,238.0,294.84,97.0,294.88,265.0,294.89,5.0
1753547068355,16:24:28.355,AAVE/USDT:USDT,294.86,238.0,294.84,299.0,294.88,264.0,294.89,5.0
1753547069356,16:24:29.356,AAVE/USDT:USDT,294.86,239.0,294.84,225.0,294.88,262.0,294.89,5.0
1753547070239,16:24:30.239,AAVE/USDT:USDT,294.86,244.0,294.83,200.0,294.88,262.0,294.89,5.0
1753547070856,16:24:30.856,AAVE/USDT:USDT,294.86,246.0,294.83,200.0,294.88,262.0,294.89,5.0
1753547071859,16:24:31.859,AAVE/USDT:USDT,294.92,313.0,294.91,185.0,294.93,25.0,294.94,258.0
1753547072861,16:24:32.861,AAVE/USDT:USDT,294.92,858.0,294.9,706.0,294.93,25.0,294.94,11.0
1753547073360,16:24:33.360,AAVE/USDT:USDT,294.92,883.0,294.9,701.0,294.93,25.0,294.94,4.0
1753547074243,16:24:34.243,AAVE/USDT:USDT,294.92,831.0,294.91,631.0,294.94,1.0,294.95,3.0
1753547074861,16:24:34.861,AAVE/USDT:USDT,294.92,834.0,294.91,631.0,294.94,1.0,294.95,3.0
1753547075547,16:24:35.547,AAVE/USDT:USDT,294.94,75.0,294.93,955.0,294.96,232.0,294.97,1.0
1753547076365,16:24:36.365,AAVE/USDT:USDT,294.95,390.0,294.93,177.0,294.96,213.0,294.97,3.0
1753547077367,16:24:37.367,AAVE/USDT:USDT,294.94,147.0,294.9,838.0,294.96,213.0,294.97,34.0
1753547078366,16:24:38.366,AAVE/USDT:USDT,294.95,399.0,294.94,1213.0,294.96,213.0,294.97,32.0
1753547078867,16:24:38.867,AAVE/USDT:USDT,294.95,399.0,294.94,1213.0,294.96,213.0,294.97,32.0
1753547079367,16:24:39.367,AAVE/USDT:USDT,294.95,280.0,294.93,642.0,294.96,213.0,294.97,32.0
1753547080872,16:24:40.872,AAVE/USDT:USDT,294.95,207.0,294.93,592.0,294.96,213.0,294.97,103.0
1753547081371,16:24:41.371,AAVE/USDT:USDT,294.95,210.0,294.92,695.0,294.96,213.0,294.97,57.0
1753547082247,16:24:42.247,AAVE/USDT:USDT,294.95,286.0,294.94,548.0,294.96,213.0,294.97,4.0
1753547082872,16:24:42.872,AAVE/USDT:USDT,294.95,284.0,294.94,548.0,294.96,213.0,294.98,23.0
1753547083377,16:24:43.377,AAVE/USDT:USDT,294.95,399.0,294.94,1418.0,294.96,213.0,294.98,23.0
1753547084377,16:24:44.377,AAVE/USDT:USDT,294.95,261.0,294.93,984.0,294.96,213.0,294.97,32.0
1753547084877,16:24:44.877,AAVE/USDT:USDT,294.95,261.0,294.93,958.0,294.96,213.0,294.97,32.0
1753547085378,16:24:45.378,AAVE/USDT:USDT,294.95,224.0,294.93,663.0,294.96,213.0,294.97,32.0
1753547086379,16:24:46.379,AAVE/USDT:USDT,294.95,396.0,294.94,922.0,294.96,213.0,294.97,5.0
1753547087880,16:24:47.880,AAVE/USDT:USDT,294.9,1477.8,294.86,2.0,294.96,213.0,294.97,5.0
1753547088381,16:24:48.381,AAVE/USDT:USDT,294.96,114.0,294.94,878.0,294.98,35.0,295.0,1116.0
1753547089382,16:24:49.382,AAVE/USDT:USDT,294.96,134.0,294.93,324.0,294.98,34.0,295.0,82.0
1753547089882,16:24:49.882,AAVE/USDT:USDT,294.96,134.0,294.93,324.0,294.98,33.0,295.0,82.0
1753547090384,16:24:50.384,AAVE/USDT:USDT,294.98,319.0,294.96,2.0,295.0,89.0,295.02,908.0
1753547091386,16:24:51.386,AAVE/USDT:USDT,294.98,280.0,294.96,135.0,295.0,16.0,295.02,100.0
1753547092254,16:24:52.254,AAVE/USDT:USDT,294.98,266.0,294.97,102.0,295.0,9.0,295.01,4.0
1753547092890,16:24:52.890,AAVE/USDT:USDT,294.98,266.0,294.97,102.0,295.0,5.0,295.01,9.0
1753547093388,16:24:53.388,AAVE/USDT:USDT,294.98,329.0,294.97,1556.0,295.0,10.0,295.01,920.0
1753547094255,16:24:54.255,AAVE/USDT:USDT,294.98,3.0,294.97,382.0,295.0,6.0,295.01,451.0
1753547094890,16:24:54.890,AAVE/USDT:USDT,294.98,1.0,294.97,383.0,295.0,6.0,295.01,451.0
1753547095390,16:24:55.390,AAVE/USDT:USDT,294.98,325.0,294.97,1048.0,295.0,5.0,295.01,6.0
1753547095891,16:24:55.891,AAVE/USDT:USDT,294.98,325.0,294.97,1048.0,295.0,5.0,295.01,6.0
1753547096392,16:24:56.392,AAVE/USDT:USDT,294.98,331.0,294.96,46.0,295.0,6.0,295.01,193.0
1753547097257,16:24:57.257,AAVE/USDT:USDT,294.98,232.0,294.97,149.0,295.0,8.0,295.01,1.0
1753547097896,16:24:57.896,AAVE/USDT:USDT,294.98,228.0,294.97,149.0,295.0,8.0,295.01,1.0
1753547098394,16:24:58.394,AAVE/USDT:USDT,295.0,185.0,294.98,1258.0,295.02,1.0,295.04,1194.0
1753547099258,16:24:59.258,AAVE/USDT:USDT,295.0,5.0,294.99,90.0,295.02,1.0,295.03,73.0
1753547099896,16:24:59.896,AAVE/USDT:USDT,294.99,95.0,294.98,1.0,295.02,1.0,295.03,73.0
1753547100521,16:25:00.521,AAVE/USDT:USDT,294.94,2.0,294.93,109.0,294.97,357.0,294.98,1035.0
1753547100899,16:25:00.899,AAVE/USDT:USDT,294.94,4.0,294.93,109.0,294.97,357.0,294.98,1035.0
1753547101400,16:25:01.400,AAVE/USDT:USDT,294.99,43.0,294.98,737.0,295.01,4.0,295.02,28.0
1753547102401,16:25:02.401,AAVE/USDT:USDT,294.98,39.0,294.95,21.0,295.0,146.0,295.01,4.0
1753547103404,16:25:03.404,AAVE/USDT:USDT,294.98,29.0,294.96,631.0,295.0,23.0,295.02,495.0
1753547103903,16:25:03.903,AAVE/USDT:USDT,295.0,343.0,294.98,1244.0,295.01,20.0,295.04,421.0
1753547104807,16:25:04.807,AAVE/USDT:USDT,294.95,118.0,294.93,31.0,295.0,243.0,295.02,298.0
1753547105424,16:25:05.424,AAVE/USDT:USDT,294.89,48.0,294.88,15.0,294.93,242.0,294.97,1.0
1753547106407,16:25:06.407,AAVE/USDT:USDT,294.81,365.0,294.79,59.0,294.83,124.0,294.84,247.0
1753547106906,16:25:06.906,AAVE/USDT:USDT,294.81,365.0,294.79,59.0,294.83,120.0,294.84,247.0
1753547107909,16:25:07.909,AAVE/USDT:USDT,294.81,470.0,294.79,849.0,294.83,28.0,294.85,582.0
1753547108410,16:25:08.410,AAVE/USDT:USDT,294.81,450.0,294.78,927.0,294.83,123.0,294.85,718.0
1753547109266,16:25:09.266,AAVE/USDT:USDT,294.81,370.0,294.8,16.0,294.83,1.0,294.84,127.0
1753547109918,16:25:09.918,AAVE/USDT:USDT,294.81,365.0,294.8,17.0,294.83,1.0,294.84,127.0
1753547111267,16:25:11.267,AAVE/USDT:USDT,294.79,27.0,294.77,829.0,294.81,134.0,294.82,1236.0
1753547111916,16:25:11.916,AAVE/USDT:USDT,294.8,38.0,294.79,3.0,294.83,128.0,294.88,989.0
1753547112414,16:25:12.414,AAVE/USDT:USDT,294.81,97.0,294.79,380.0,294.83,167.0,294.84,146.0
1753547113419,16:25:13.419,AAVE/USDT:USDT,294.81,74.0,294.79,613.0,294.83,187.0,294.84,629.0
1753547114145,16:25:14.145,AAVE/USDT:USDT,294.76,555.0,294.75,258.0,294.78,248.0,294.79,987.0
1753547114647,16:25:14.647,AAVE/USDT:USDT,294.76,339.0,294.75,258.0,294.79,360.0,294.8,749.0
1753547115420,16:25:15.420,AAVE/USDT:USDT,294.73,44.0,294.72,306.0,294.75,65.0,294.77,1278.0
1753547115920,16:25:15.920,AAVE/USDT:USDT,294.73,46.0,294.72,306.0,294.75,65.0,294.77,1278.0
1753547116421,16:25:16.421,AAVE/USDT:USDT,294.73,41.0,294.72,306.0,294.75,74.0,294.76,99.0
1753547117424,16:25:17.424,AAVE/USDT:USDT,294.73,75.0,294.72,306.0,294.75,18.0,294.77,1017.0
1753547117923,16:25:17.923,AAVE/USDT:USDT,294.73,75.0,294.72,306.0,294.75,14.0,294.77,1017.0
1753547118423,16:25:18.423,AAVE/USDT:USDT,294.73,83.0,294.72,306.0,294.75,131.0,294.77,105.0
1753547119269,16:25:19.269,AAVE/USDT:USDT,294.73,198.0,294.72,306.0,294.75,131.0,294.77,385.0
1753547119926,16:25:19.926,AAVE/USDT:USDT,294.73,198.0,294.72,306.0,294.75,134.0,294.77,385.0
1753547120426,16:25:20.426,AAVE/USDT:USDT,294.73,79.0,294.72,306.0,294.75,135.0,294.77,389.0
1753547120927,16:25:20.927,AAVE/USDT:USDT,294.73,79.0,294.72,306.0,294.75,135.0,294.77,389.0
1753547121427,16:25:21.427,AAVE/USDT:USDT,294.73,2.0,294.72,81.0,294.75,9.0,294.76,131.0
1753547122429,16:25:22.429,AAVE/USDT:USDT,294.73,100.0,294.72,2.0,294.75,140.0,294.77,882.0
1753547122930,16:25:22.930,AAVE/USDT:USDT,294.73,105.0,294.71,1306.0,294.75,140.0,294.77,882.0
1753547123430,16:25:23.430,AAVE/USDT:USDT,294.73,79.0,294.71,512.0,294.75,142.0,294.77,451.0
1753547124276,16:25:24.276,AAVE/USDT:USDT,294.73,80.0,294.71,212.0,294.75,141.0,294.77,17.0
1753547124933,16:25:24.933,AAVE/USDT:USDT,294.73,80.0,294.71,212.0,294.75,137.0,294.77,17.0
1753547125435,16:25:25.435,AAVE/USDT:USDT,294.73,104.0,294.7,263.0,294.75,317.0,294.77,1086.0
1753547125935,16:25:25.935,AAVE/USDT:USDT,294.73,100.0,294.7,263.0,294.75,317.0,294.77,1086.0
1753547126725,16:25:26.725,AAVE/USDT:USDT,294.73,132.0,294.72,615.0,294.75,9.0,294.77,164.0
1753547127437,16:25:27.437,AAVE/USDT:USDT,294.78,103.0,294.77,160.0,294.8,84.0,294.81,19.0
1753547128054,16:25:28.054,AAVE/USDT:USDT,294.84,98.0,294.82,913.0,294.85,36.0,294.86,44.0
1753547128445,16:25:28.445,AAVE/USDT:USDT,294.85,131.0,294.8,1094.0,294.87,73.0,294.88,199.0
1753547129504,16:25:29.504,AAVE/USDT:USDT,294.81,91.0,294.8,42.0,294.84,3.0,294.87,73.0
1753547129747,16:25:29.747,AAVE/USDT:USDT,294.78,3.0,294.75,1076.0,294.82,68.0,294.84,735.0
1753547130442,16:25:30.442,AAVE/USDT:USDT,294.79,1.0,294.78,4.0,294.81,249.0,294.82,1316.0
1753547130942,16:25:30.942,AAVE/USDT:USDT,294.79,1.0,294.78,4.0,294.81,252.0,294.82,1316.0
1753547131443,16:25:31.443,AAVE/USDT:USDT,294.79,31.0,294.77,690.0,294.81,53.0,294.82,1090.0
1753547132279,16:25:32.279,AAVE/USDT:USDT,294.79,36.0,294.78,259.0,294.81,52.0,294.83,1142.0
1753547132943,16:25:32.943,AAVE/USDT:USDT,294.79,36.0,294.78,259.0,294.81,52.0,294.83,1142.0
1753547133444,16:25:33.444,AAVE/USDT:USDT,294.79,73.0,294.77,735.0,294.81,73.0,294.83,1140.0
1753547133945,16:25:33.945,AAVE/USDT:USDT,294.79,73.0,294.77,735.0,294.81,70.0,294.83,1140.0
1753547134446,16:25:34.446,AAVE/USDT:USDT,294.78,129.0,294.76,1021.0,294.81,121.0,294.82,805.0
1753547135447,16:25:35.447,AAVE/USDT:USDT,294.79,124.0,294.77,634.0,294.81,96.0,294.83,1325.0
1753547135916,16:25:35.916,AAVE/USDT:USDT,294.76,122.0,294.75,526.0,294.78,94.0,294.79,501.0
1753547136448,16:25:36.448,AAVE/USDT:USDT,294.73,63.0,294.71,658.0,294.75,63.0,294.77,760.0
1753547137450,16:25:37.450,AAVE/USDT:USDT,294.73,41.0,294.71,104.0,294.75,39.0,294.77,1353.0
1753547137952,16:25:37.952,AAVE/USDT:USDT,294.73,43.0,294.71,104.0,294.75,39.0,294.77,1353.0
1753547138956,16:25:38.956,AAVE/USDT:USDT,294.73,123.0,294.72,707.0,294.75,10.0,294.76,582.0
1753547139455,16:25:39.455,AAVE/USDT:USDT,294.73,7.0,294.72,15.0,294.74,174.0,294.75,3.0
1753547140283,16:25:40.283,AAVE/USDT:USDT,294.68,62.0,294.67,89.0,294.7,36.0,294.74,1240.0
1753547140958,16:25:40.958,AAVE/USDT:USDT,294.68,62.0,294.67,89.0,294.7,37.0,294.74,1240.0
1753547141645,16:25:41.645,AAVE/USDT:USDT,294.65,97.0,294.64,443.0,294.67,170.0,294.68,257.0
1753547142286,16:25:42.286,AAVE/USDT:USDT,294.65,95.0,294.64,26.0,294.67,27.0,294.7,502.0
1753547142961,16:25:42.961,AAVE/USDT:USDT,294.65,95.0,294.64,26.0,294.67,27.0,294.7,502.0
1753547143461,16:25:43.461,AAVE/USDT:USDT,294.65,179.0,294.62,800.0,294.67,18.0,294.69,919.0
1753547143962,16:25:43.962,AAVE/USDT:USDT,294.65,181.0,294.62,800.0,294.67,18.0,294.69,919.0
1753547144463,16:25:44.463,AAVE/USDT:USDT,294.65,185.0,294.62,459.0,294.67,15.0,294.69,470.0
1753547145464,16:25:45.464,AAVE/USDT:USDT,294.65,183.0,294.63,208.0,294.67,12.0,294.69,709.0
1753547145964,16:25:45.964,AAVE/USDT:USDT,294.65,183.0,294.63,208.0,294.67,13.0,294.69,709.0
1753547146465,16:25:46.465,AAVE/USDT:USDT,294.65,188.0,294.64,575.0,294.68,145.0,294.73,156.0
1753547147465,16:25:47.465,AAVE/USDT:USDT,294.64,157.0,294.61,227.0,294.67,13.0,294.68,5.0
1753547147966,16:25:47.966,AAVE/USDT:USDT,294.64,157.0,294.61,227.0,294.67,14.0,294.71,786.0
1753547148753,16:25:48.753,AAVE/USDT:USDT,294.61,7.0,294.59,663.0,294.64,60.0,294.66,929.0
1753547149468,16:25:49.468,AAVE/USDT:USDT,294.59,53.0,294.58,162.0,294.6,66.0,294.61,363.0
1753547149969,16:25:49.969,AAVE/USDT:USDT,294.59,53.0,294.58,165.0,294.6,66.0,294.61,363.0
1753547150470,16:25:50.470,AAVE/USDT:USDT,294.59,53.0,294.58,69.0,294.6,39.0,294.61,5.0
1753547151469,16:25:51.469,AAVE/USDT:USDT,294.58,69.0,294.57,5.0,294.6,50.0,294.62,885.0
1753547151972,16:25:51.972,AAVE/USDT:USDT,294.58,69.0,294.57,5.0,294.6,47.0,294.62,885.0
1753547152472,16:25:52.472,AAVE/USDT:USDT,294.57,5.0,294.56,126.0,294.59,85.0,294.6,5.0
1753547153294,16:25:53.294,AAVE/USDT:USDT,294.57,5.0,294.56,126.0,294.59,91.0,294.6,5.0
1753547153974,16:25:53.974,AAVE/USDT:USDT,294.57,5.0,294.56,126.0,294.59,91.0,294.6,5.0
1753547154475,16:25:54.475,AAVE/USDT:USDT,294.57,5.0,294.56,126.0,294.59,81.0,294.6,5.0
1753547154976,16:25:54.976,AAVE/USDT:USDT,294.57,5.0,294.56,126.0,294.59,81.0,294.6,5.0
1753547155476,16:25:55.476,AAVE/USDT:USDT,294.57,186.0,294.55,276.0,294.59,75.0,294.6,5.0
1753547156480,16:25:56.480,AAVE/USDT:USDT,294.57,100.0,294.54,80.0,294.59,77.0,294.6,5.0
1753547157844,16:25:57.844,AAVE/USDT:USDT,294.57,307.0,294.54,198.0,294.59,4.0,294.6,9.0
1753547158297,16:25:58.297,AAVE/USDT:USDT,294.61,163.0,294.6,1395.0,294.64,5.0,294.67,34.0
1753547158983,16:25:58.983,AAVE/USDT:USDT,294.61,163.0,294.6,1395.0,294.64,6.0,294.67,34.0
1753547159486,16:25:59.486,AAVE/USDT:USDT,294.62,258.0,294.6,1452.0,294.64,6.0,294.66,706.0
1753547160295,16:26:00.295,AAVE/USDT:USDT,294.64,303.0,294.62,4.0,294.68,954.0,294.69,439.0
1753547160486,16:26:00.486,AAVE/USDT:USDT,294.65,303.0,294.62,1226.0,294.67,3.0,294.68,209.0
1753547161489,16:26:01.489,AAVE/USDT:USDT,294.7,359.0,294.66,529.0,294.74,52.0,294.75,140.0
1753547162093,16:26:02.093,AAVE/USDT:USDT,294.73,387.0,294.72,5.0,294.74,14.0,294.75,140.0
1753547162490,16:26:02.490,AAVE/USDT:USDT,294.74,431.0,294.71,693.0,294.75,140.0,294.77,82.0
1753547163301,16:26:03.301,AAVE/USDT:USDT,294.74,421.0,294.69,451.0,294.75,140.0,294.77,95.0
1753547164491,16:26:04.491,AAVE/USDT:USDT,294.71,46.0,294.7,1193.0,294.74,134.0,294.75,140.0
1753547165303,16:26:05.303,AAVE/USDT:USDT,294.63,39.0,294.62,255.0,294.65,2.0,294.66,84.0
1753547165994,16:26:05.994,AAVE/USDT:USDT,294.63,41.0,294.62,255.0,294.65,2.0,294.66,84.0
1753547166495,16:26:06.495,AAVE/USDT:USDT,294.63,7.0,294.6,22.0,294.65,228.0,294.66,4.0
1753547167304,16:26:07.304,AAVE/USDT:USDT,294.63,7.0,294.61,367.0,294.65,107.0,294.67,1661.0
1753547167997,16:26:07.997,AAVE/USDT:USDT,294.63,7.0,294.61,367.0,294.65,106.0,294.67,1661.0
1753547168498,16:26:08.498,AAVE/USDT:USDT,294.63,3.0,294.62,4.0,294.65,121.0,294.67,1928.0
1753547168999,16:26:08.999,AAVE/USDT:USDT,294.62,7.0,294.6,728.0,294.65,121.0,294.67,1928.0
1753547169501,16:26:09.501,AAVE/USDT:USDT,294.63,42.0,294.6,1057.0,294.65,86.0,294.68,236.0
1753547170147,16:26:10.147,AAVE/USDT:USDT,294.67,174.0,294.66,749.0,294.7,24.0,294.71,912.0
1753547171503,16:26:11.503,AAVE/USDT:USDT,294.68,4.0,294.66,416.0,294.7,146.0,294.72,393.0
1753547172006,16:26:12.006,AAVE/USDT:USDT,294.68,4.0,294.66,416.0,294.7,146.0,294.72,393.0
1753547172505,16:26:12.505,AAVE/USDT:USDT,294.68,56.0,294.66,1247.0,294.7,98.0,294.72,1782.0
1753547173506,16:26:13.506,AAVE/USDT:USDT,294.68,191.0,294.65,894.0,294.7,97.0,294.72,1158.0
1753547174310,16:26:14.310,AAVE/USDT:USDT,294.7,1.0,294.69,764.0,294.73,58.0,294.75,122.0
1753547174508,16:26:14.508,AAVE/USDT:USDT,294.7,1.0,294.69,764.0,294.73,62.0,294.75,122.0
1753547175510,16:26:15.510,AAVE/USDT:USDT,294.7,41.0,294.68,679.0,294.72,89.0,294.73,5.0
1753547176311,16:26:16.311,AAVE/USDT:USDT,294.7,39.0,294.68,679.0,294.72,91.0,294.74,583.0
1753547177011,16:26:17.011,AAVE/USDT:USDT,294.7,162.0,294.68,364.0,294.72,33.0,294.74,784.0
1753547177514,16:26:17.514,AAVE/USDT:USDT,294.69,181.0,294.65,438.0,294.72,33.0,294.75,203.0
1753547178322,16:26:18.322,AAVE/USDT:USDT,294.7,80.0,294.69,3.0,294.72,33.0,294.74,510.0
1753547179017,16:26:19.017,AAVE/USDT:USDT,294.72,225.0,294.71,106.0,294.75,240.0,294.76,585.0
1753547179517,16:26:19.517,AAVE/USDT:USDT,294.72,193.0,294.7,985.0,294.74,1.0,294.75,1390.0
1753547180316,16:26:20.316,AAVE/USDT:USDT,294.72,298.0,294.71,245.0,294.74,6.0,294.75,334.0
1753547180517,16:26:20.517,AAVE/USDT:USDT,294.72,298.0,294.71,245.0,294.74,7.0,294.75,334.0
1753547181520,16:26:21.520,AAVE/USDT:USDT,294.72,5.0,294.71,150.0,294.74,12.0,294.78,82.0
