timestamp,time,exchange,symbol,bid1_price,bid1_volume,bid2_price,bid2_volume,ask1_price,ask1_volume,ask2_price,ask2_volume
1753591853990,04:50:53.990,blofin,ADA/USDT:USDT,0.8311,204.0,0.8307,528.0,0.8313,257.0,0.8314,4593.0
1753591854674,04:50:54.674,blofin,ADA/USDT:USDT,0.8311,203.0,0.8307,528.0,0.8313,257.0,0.8314,4593.0
1753591855493,04:50:55.493,blofin,ADA/USDT:USDT,0.8311,204.0,0.8308,443.0,0.8313,256.0,0.8314,1397.0
1753591855992,04:50:55.992,blofin,ADA/USDT:USDT,0.831,349.0,0.8309,4048.0,0.8313,102.0,0.8315,208.0
1753591856673,04:50:56.673,blofin,ADA/USDT:USDT,0.831,232.0,0.8307,1.0,0.8313,256.0,0.8315,208.0
1753591857494,04:50:57.494,blofin,ADA/USDT:USDT,0.831,230.0,0.8307,1.0,0.8313,256.0,0.8317,2246.0
1753591858002,04:50:58.002,blofin,ADA/USDT:USDT,0.8311,229.0,0.831,5307.0,0.8313,256.0,0.8317,1324.0
1753591858996,04:50:58.996,blofin,ADA/USDT:USDT,0.831,230.0,0.8307,1.0,0.8313,256.0,0.8316,1813.0
1753591859691,04:50:59.691,blofin,ADA/USDT:USDT,0.831,233.0,0.8305,6931.0,0.8313,260.0,0.8316,1813.0
1753591859998,04:50:59.998,blofin,ADA/USDT:USDT,0.8311,293.0,0.831,3446.0,0.8313,58.0,0.8317,5718.0
1753591861000,04:51:01.000,blofin,ADA/USDT:USDT,0.8311,1.0,0.831,263.0,0.8313,257.0,0.8316,1555.0
1753591861676,04:51:01.676,blofin,ADA/USDT:USDT,0.8311,259.0,0.831,5.0,0.8313,281.0,0.8314,5817.0
1753591960142,04:52:40.142,blofin,ADA/USDT:USDT,0.8318,119.0,0.8313,5721.0,0.8313,281.0,0.8314,5817.0
1753591960748,04:52:40.748,blofin,ADA/USDT:USDT,0.8318,316.0,0.8317,7791.0,0.8313,281.0,0.8314,5817.0
1753591961645,04:52:41.645,blofin,ADA/USDT:USDT,0.8317,8.0,0.8312,5431.0,0.8313,281.0,0.8314,5817.0
1753591962145,04:52:42.145,blofin,ADA/USDT:USDT,0.8318,109.0,0.8317,4237.0,0.8313,281.0,0.8314,5817.0
1753591962746,04:52:42.746,blofin,ADA/USDT:USDT,0.8318,479.0,0.8317,3858.0,0.8313,281.0,0.8314,5817.0
1753591963146,04:52:43.146,blofin,ADA/USDT:USDT,0.8318,482.0,0.8317,3854.0,0.8313,281.0,0.8314,5817.0
1753591964170,04:52:44.170,blofin,ADA/USDT:USDT,0.8318,2.0,0.8317,481.0,0.8313,281.0,0.8314,5817.0
1753591964748,04:52:44.748,blofin,ADA/USDT:USDT,0.8317,484.0,0.8315,1184.0,0.8313,281.0,0.8314,5817.0
1753591965315,04:52:45.315,blofin,ADA/USDT:USDT,0.8318,481.0,0.8317,4.0,0.8313,281.0,0.8314,5817.0
1753591965751,04:52:45.751,blofin,ADA/USDT:USDT,0.8318,822.0,0.8317,4.0,0.8313,281.0,0.8314,5817.0
1753591966646,04:52:46.646,blofin,ADA/USDT:USDT,0.8318,822.0,0.8317,4.0,0.8313,281.0,0.8314,5817.0
1753591967148,04:52:47.148,blofin,ADA/USDT:USDT,0.8318,818.0,0.8317,1.0,0.8313,281.0,0.8314,5817.0
1753591967748,04:52:47.748,blofin,ADA/USDT:USDT,0.8318,830.0,0.8317,1.0,0.8313,281.0,0.8314,5817.0
1753591968149,04:52:48.149,blofin,ADA/USDT:USDT,0.8318,828.77,0.8317,1.0,0.8313,281.0,0.8314,5817.0
1753591968901,04:52:48.901,blofin,ADA/USDT:USDT,0.8319,946.0,0.8318,2.0,0.8313,281.0,0.8314,5817.0
1753591969653,04:52:49.653,blofin,ADA/USDT:USDT,0.8319,946.0,0.8318,2.0,0.8313,281.0,0.8314,5817.0
1753592055779,04:54:15.779,blofin,ADA/USDT:USDT,0.8319,946.0,0.8318,2.0,0.8313,281.0,0.8314,5817.0
1753592056280,04:54:16.280,blofin,ADA/USDT:USDT,0.8325,994.0,0.8324,3.0,0.8313,281.0,0.8314,5817.0
1753592057283,04:54:17.283,blofin,ADA/USDT:USDT,0.8325,540.0,0.8324,3.0,0.8313,281.0,0.8314,5817.0
1753592058384,04:54:18.384,blofin,ADA/USDT:USDT,0.8325,1.0,0.8324,3.0,0.8313,281.0,0.8314,5817.0
1753592059785,04:54:19.785,blofin,ADA/USDT:USDT,0.8325,448.0,0.8324,3.0,0.8313,281.0,0.8314,5817.0
1753592060290,04:54:20.290,blofin,ADA/USDT:USDT,0.8325,448.0,0.8324,3.0,0.8313,281.0,0.8314,5817.0
1753592060786,04:54:20.786,blofin,ADA/USDT:USDT,0.8325,450.0,0.8324,3.0,0.8313,281.0,0.8314,5817.0
1753592061585,04:54:21.585,blofin,ADA/USDT:USDT,0.8325,484.0,0.8324,3.0,0.8313,281.0,0.8314,5817.0
1753592062083,04:54:22.083,blofin,ADA/USDT:USDT,0.8326,1860.27,0.8325,1.0,0.8313,281.0,0.8314,5817.0
1753592062789,04:54:22.789,blofin,ADA/USDT:USDT,0.8326,1860.27,0.8324,3119.0,0.8313,281.0,0.8314,5817.0
1753592063288,04:54:23.288,blofin,ADA/USDT:USDT,0.8326,294.0,0.8324,3.0,0.8313,281.0,0.8314,5817.0
1753592063790,04:54:23.790,blofin,ADA/USDT:USDT,0.8326,294.0,0.8324,3.0,0.8313,281.0,0.8314,5817.0
1753592064291,04:54:24.291,blofin,ADA/USDT:USDT,0.8326,175.0,0.8324,2433.0,0.8313,281.0,0.8314,5817.0
1753592065301,04:54:25.301,blofin,ADA/USDT:USDT,0.8327,204.0,0.8326,3.0,0.8313,281.0,0.8314,5817.0
1753592151873,04:55:51.873,blofin,ADA/USDT:USDT,0.833,359.0,0.8329,6394.0,0.8313,281.0,0.8314,5817.0
1753592152420,04:55:52.420,blofin,ADA/USDT:USDT,0.833,361.0,0.8329,6394.0,0.8313,281.0,0.8314,5817.0
1753592152874,04:55:52.874,blofin,ADA/USDT:USDT,0.833,5.0,0.8329,323.0,0.8313,281.0,0.8314,5817.0
1753592153420,04:55:53.420,blofin,ADA/USDT:USDT,0.8329,325.0,0.8328,1570.0,0.8313,281.0,0.8314,5817.0
1753592153876,04:55:53.876,blofin,ADA/USDT:USDT,0.833,459.0,0.8329,7361.0,0.8313,281.0,0.8314,5817.0
1753592154423,04:55:54.423,blofin,ADA/USDT:USDT,0.833,459.0,0.8329,7361.0,0.8313,281.0,0.8314,5817.0
1753592155423,04:55:55.423,blofin,ADA/USDT:USDT,0.833,462.0,0.8329,4.0,0.8313,281.0,0.8314,5817.0
1753592155882,04:55:55.882,blofin,ADA/USDT:USDT,0.833,1323.0,0.8329,4.0,0.8313,281.0,0.8314,5817.0
1753592156426,04:55:56.426,blofin,ADA/USDT:USDT,0.833,1323.0,0.8329,4.0,0.8313,281.0,0.8314,5817.0
1753592156880,04:55:56.880,blofin,ADA/USDT:USDT,0.833,1312.0,0.8329,4931.0,0.8313,281.0,0.8314,5817.0
1753592157880,04:55:57.880,blofin,ADA/USDT:USDT,0.833,960.0,0.8329,4.0,0.8313,281.0,0.8314,5817.0
1753592158429,04:55:58.429,blofin,ADA/USDT:USDT,0.833,962.0,0.8329,4.0,0.8313,281.0,0.8314,5817.0
1753592158931,04:55:58.931,blofin,ADA/USDT:USDT,0.833,989.0,0.8329,4.0,0.8313,281.0,0.8314,5817.0
1753592159418,04:55:59.418,blofin,ADA/USDT:USDT,0.8331,986.0,0.833,5.0,0.8313,281.0,0.8314,5817.0
1753592159896,04:55:59.896,blofin,ADA/USDT:USDT,0.8331,990.0,0.833,5.0,0.8313,281.0,0.8314,5817.0
1753592246547,04:57:26.547,blofin,ADA/USDT:USDT,0.8331,990.0,0.833,5.0,0.8313,281.0,0.8314,5817.0
1753592247044,04:57:27.044,blofin,ADA/USDT:USDT,0.8331,990.0,0.833,5.0,0.8313,281.0,0.8314,5817.0
1753592247544,04:57:27.544,blofin,ADA/USDT:USDT,0.8331,990.0,0.833,5.0,0.8313,281.0,0.8314,5817.0
1753592248045,04:57:28.045,blofin,ADA/USDT:USDT,0.8331,990.0,0.833,5.0,0.8313,281.0,0.8314,5817.0
1753592248945,04:57:28.945,blofin,ADA/USDT:USDT,0.8331,990.0,0.833,5.0,0.8313,281.0,0.8314,5817.0
1753592249548,04:57:29.548,blofin,ADA/USDT:USDT,0.8331,990.0,0.833,5.0,0.8313,281.0,0.8314,5817.0
1753592250047,04:57:30.047,blofin,ADA/USDT:USDT,0.8331,990.0,0.833,5.0,0.8313,281.0,0.8314,5817.0
1753592250945,04:57:30.945,blofin,ADA/USDT:USDT,0.8331,990.0,0.833,5.0,0.8313,281.0,0.8314,5817.0
1753592251551,04:57:31.551,blofin,ADA/USDT:USDT,0.8331,990.0,0.833,5.0,0.8313,281.0,0.8314,5817.0
1753592252051,04:57:32.051,blofin,ADA/USDT:USDT,0.8331,990.0,0.833,5.0,0.8313,281.0,0.8314,5817.0
1753592252551,04:57:32.551,blofin,ADA/USDT:USDT,0.8331,990.0,0.833,5.0,0.8313,281.0,0.8314,5817.0
1753592253051,04:57:33.051,blofin,ADA/USDT:USDT,0.8331,990.0,0.833,5.0,0.8313,281.0,0.8314,5817.0
1753592253939,04:57:33.939,blofin,ADA/USDT:USDT,0.8331,990.0,0.833,5.0,0.8313,281.0,0.8314,5817.0
1753592254554,04:57:34.554,blofin,ADA/USDT:USDT,0.8331,990.0,0.833,5.0,0.8313,281.0,0.8314,5817.0
1753592255055,04:57:35.055,blofin,ADA/USDT:USDT,0.8331,990.0,0.833,5.0,0.8313,281.0,0.8314,5817.0
1753592255557,04:57:35.557,blofin,ADA/USDT:USDT,0.8331,990.0,0.833,5.0,0.8313,281.0,0.8314,5817.0
1753592256056,04:57:36.056,blofin,ADA/USDT:USDT,0.8331,990.0,0.833,5.0,0.8313,281.0,0.8314,5817.0
1753592256555,04:57:36.555,blofin,ADA/USDT:USDT,0.8331,990.0,0.833,5.0,0.8313,281.0,0.8314,5817.0
1753592257557,04:57:37.557,blofin,ADA/USDT:USDT,0.8331,990.0,0.833,5.0,0.8313,281.0,0.8314,5817.0
1753592367218,04:59:27.218,blofin,ADA/USDT:USDT,0.8331,990.0,0.833,5.0,0.8313,281.0,0.8314,5817.0
1753592368030,04:59:28.030,blofin,ADA/USDT:USDT,0.8331,990.0,0.833,5.0,0.8313,281.0,0.8314,5817.0
1753592368719,04:59:28.719,blofin,ADA/USDT:USDT,0.8331,990.0,0.833,5.0,0.8313,281.0,0.8314,5817.0
1753592369221,04:59:29.221,blofin,ADA/USDT:USDT,0.8331,990.0,0.833,5.0,0.8313,281.0,0.8314,5817.0
1753592370223,04:59:30.223,blofin,ADA/USDT:USDT,0.8331,990.0,0.833,5.0,0.8313,281.0,0.8314,5817.0
1753592371225,04:59:31.225,blofin,ADA/USDT:USDT,0.8331,990.0,0.833,5.0,0.8313,281.0,0.8314,5817.0
1753592371727,04:59:31.727,blofin,ADA/USDT:USDT,0.8331,990.0,0.833,5.0,0.8313,281.0,0.8314,5817.0
1753592372227,04:59:32.227,blofin,ADA/USDT:USDT,0.8331,990.0,0.833,5.0,0.8313,281.0,0.8314,5817.0
1753592373034,04:59:33.034,blofin,ADA/USDT:USDT,0.8331,990.0,0.833,5.0,0.8313,281.0,0.8314,5817.0
1753592374230,04:59:34.230,blofin,ADA/USDT:USDT,0.8331,990.0,0.833,5.0,0.8313,281.0,0.8314,5817.0
1753592374731,04:59:34.731,blofin,ADA/USDT:USDT,0.8331,990.0,0.833,5.0,0.8313,281.0,0.8314,5817.0
1753592375231,04:59:35.231,blofin,ADA/USDT:USDT,0.8331,990.0,0.833,5.0,0.8313,281.0,0.8314,5817.0
1753592376035,04:59:36.035,blofin,ADA/USDT:USDT,0.8331,990.0,0.833,5.0,0.8313,281.0,0.8314,5817.0
1753592376232,04:59:36.232,blofin,ADA/USDT:USDT,0.8331,990.0,0.833,5.0,0.8313,281.0,0.8314,5817.0
1753592377233,04:59:37.233,blofin,ADA/USDT:USDT,0.8331,990.0,0.833,5.0,0.8313,281.0,0.8314,5817.0
1753592378236,04:59:38.236,blofin,ADA/USDT:USDT,0.8331,990.0,0.833,5.0,0.8313,281.0,0.8314,5817.0
1753592379037,04:59:39.037,blofin,ADA/USDT:USDT,0.8331,990.0,0.833,5.0,0.8313,281.0,0.8314,5817.0
1753592483899,05:01:23.899,blofin,ADA/USDT:USDT,0.8331,990.0,0.8329,2527.0,0.8313,281.0,0.8314,5817.0
1753592484487,05:01:24.487,blofin,ADA/USDT:USDT,0.8331,2988.0,0.833,3625.0,0.8313,281.0,0.8314,5817.0
1753592485132,05:01:25.132,blofin,ADA/USDT:USDT,0.8331,2988.0,0.833,3625.0,0.8313,281.0,0.8314,5817.0
1753592485896,05:01:25.896,blofin,ADA/USDT:USDT,0.8331,3.0,0.833,1833.0,0.8313,281.0,0.8314,5817.0
1753592487397,05:01:27.397,blofin,ADA/USDT:USDT,0.8332,10181.0,0.8331,3.0,0.8313,281.0,0.8314,5817.0
1753592487898,05:01:27.898,blofin,ADA/USDT:USDT,0.8332,10181.0,0.8331,3.0,0.8313,281.0,0.8314,5817.0
1753592488398,05:01:28.398,blofin,ADA/USDT:USDT,0.8334,23.63,0.8333,2916.0,0.8313,281.0,0.8314,5817.0
1753592489399,05:01:29.399,blofin,ADA/USDT:USDT,0.8334,19.0,0.8331,7825.0,0.8313,281.0,0.8314,5817.0
1753592490153,05:01:30.153,blofin,ADA/USDT:USDT,0.8334,19.0,0.8331,7825.0,0.8313,281.0,0.8314,5817.0
1753592490901,05:01:30.901,blofin,ADA/USDT:USDT,0.8334,5.0,0.8333,210.0,0.8313,281.0,0.8314,5817.0
1753592491402,05:01:31.402,blofin,ADA/USDT:USDT,0.8334,506.0,0.8333,9084.0,0.8313,281.0,0.8314,5817.0
1753592492136,05:01:32.136,blofin,ADA/USDT:USDT,0.8335,664.0,0.8334,5672.0,0.8313,281.0,0.8314,5817.0
1753592492904,05:01:32.904,blofin,ADA/USDT:USDT,0.8335,667.0,0.8334,5672.0,0.8313,281.0,0.8314,5817.0
1753592570191,05:02:50.191,blofin,ADA/USDT:USDT,0.8335,667.0,0.8334,5672.0,0.8313,281.0,0.8314,5817.0
1753592570518,05:02:50.518,blofin,ADA/USDT:USDT,0.8335,667.0,0.8334,5672.0,0.8313,281.0,0.8314,5817.0
1753592571192,05:02:51.192,blofin,ADA/USDT:USDT,0.8335,667.0,0.8334,5672.0,0.8313,281.0,0.8314,5817.0
1753592572028,05:02:52.028,blofin,ADA/USDT:USDT,0.8335,667.0,0.8334,5672.0,0.8313,281.0,0.8314,5817.0
1753592572521,05:02:52.521,blofin,ADA/USDT:USDT,0.8335,667.0,0.8334,5672.0,0.8313,281.0,0.8314,5817.0
1753592573194,05:02:53.194,blofin,ADA/USDT:USDT,0.8335,667.0,0.8334,5672.0,0.8313,281.0,0.8314,5817.0
1753592573523,05:02:53.523,blofin,ADA/USDT:USDT,0.8335,667.0,0.8334,5672.0,0.8313,281.0,0.8314,5817.0
1753592574197,05:02:54.197,blofin,ADA/USDT:USDT,0.8335,667.0,0.8334,5672.0,0.8313,281.0,0.8314,5817.0
1753592575033,05:02:55.033,blofin,ADA/USDT:USDT,0.8335,667.0,0.8334,5672.0,0.8313,281.0,0.8314,5817.0
1753592575528,05:02:55.528,blofin,ADA/USDT:USDT,0.8335,667.0,0.8334,5672.0,0.8313,281.0,0.8314,5817.0
1753592576194,05:02:56.194,blofin,ADA/USDT:USDT,0.8335,667.0,0.8334,5672.0,0.8313,281.0,0.8314,5817.0
1753592577029,05:02:57.029,blofin,ADA/USDT:USDT,0.8335,667.0,0.8334,5672.0,0.8313,281.0,0.8314,5817.0
1753592577528,05:02:57.528,blofin,ADA/USDT:USDT,0.8335,667.0,0.8334,5672.0,0.8313,281.0,0.8314,5817.0
1753592578530,05:02:58.530,blofin,ADA/USDT:USDT,0.8335,667.0,0.8334,5672.0,0.8313,281.0,0.8314,5817.0
1753592579031,05:02:59.031,blofin,ADA/USDT:USDT,0.8335,667.0,0.8334,5672.0,0.8313,281.0,0.8314,5817.0
1753592579533,05:02:59.533,blofin,ADA/USDT:USDT,0.8335,667.0,0.8334,5672.0,0.8313,281.0,0.8314,5817.0
1753592580209,05:03:00.209,blofin,ADA/USDT:USDT,0.8335,667.0,0.8334,5672.0,0.8313,281.0,0.8314,5817.0
1753592580533,05:03:00.533,blofin,ADA/USDT:USDT,0.8335,667.0,0.8334,5672.0,0.8313,281.0,0.8314,5817.0
1753592581534,05:03:01.534,blofin,ADA/USDT:USDT,0.8335,667.0,0.8334,5672.0,0.8313,281.0,0.8314,5817.0
1753592683676,05:04:43.676,blofin,ADA/USDT:USDT,0.8335,667.0,0.8334,5672.0,0.8313,281.0,0.8314,5817.0
1753592684275,05:04:44.275,blofin,ADA/USDT:USDT,0.8335,667.0,0.8334,5672.0,0.8313,281.0,0.8314,5817.0
1753592684684,05:04:44.684,blofin,ADA/USDT:USDT,0.8335,667.0,0.8334,5672.0,0.8313,281.0,0.8314,5817.0
1753592685680,05:04:45.680,blofin,ADA/USDT:USDT,0.8335,667.0,0.8334,5672.0,0.8313,281.0,0.8314,5817.0
1753592686280,05:04:46.280,blofin,ADA/USDT:USDT,0.8335,667.0,0.8334,5672.0,0.8313,281.0,0.8314,5817.0
1753592686683,05:04:46.683,blofin,ADA/USDT:USDT,0.8335,667.0,0.8334,5672.0,0.8313,281.0,0.8314,5817.0
1753592687278,05:04:47.278,blofin,ADA/USDT:USDT,0.8335,667.0,0.8334,5672.0,0.8313,281.0,0.8314,5817.0
1753592687688,05:04:47.688,blofin,ADA/USDT:USDT,0.8335,667.0,0.8334,5672.0,0.8313,281.0,0.8314,5817.0
1753592688687,05:04:48.687,blofin,ADA/USDT:USDT,0.8335,667.0,0.8334,5672.0,0.8313,281.0,0.8314,5817.0
1753592689279,05:04:49.279,blofin,ADA/USDT:USDT,0.8335,667.0,0.8334,5672.0,0.8313,281.0,0.8314,5817.0
1753592689689,05:04:49.689,blofin,ADA/USDT:USDT,0.8335,667.0,0.8334,5672.0,0.8313,281.0,0.8314,5817.0
1753592690689,05:04:50.689,blofin,ADA/USDT:USDT,0.8335,667.0,0.8334,5672.0,0.8313,281.0,0.8314,5817.0
1753592691280,05:04:51.280,blofin,ADA/USDT:USDT,0.8335,667.0,0.8334,5672.0,0.8313,281.0,0.8314,5817.0
1753592691690,05:04:51.690,blofin,ADA/USDT:USDT,0.8335,667.0,0.8334,5672.0,0.8313,281.0,0.8314,5817.0
1753592692692,05:04:52.692,blofin,ADA/USDT:USDT,0.8335,667.0,0.8334,5672.0,0.8313,281.0,0.8314,5817.0
1753592693281,05:04:53.281,blofin,ADA/USDT:USDT,0.8335,667.0,0.8334,5672.0,0.8313,281.0,0.8314,5817.0
1753592693694,05:04:53.694,blofin,ADA/USDT:USDT,0.8335,667.0,0.8334,5672.0,0.8313,281.0,0.8314,5817.0
1753592694694,05:04:54.694,blofin,ADA/USDT:USDT,0.8335,667.0,0.8334,5672.0,0.8313,281.0,0.8314,5817.0
1753592695282,05:04:55.282,blofin,ADA/USDT:USDT,0.8335,667.0,0.8334,5672.0,0.8313,281.0,0.8314,5817.0
1753592798310,05:06:38.310,blofin,ADA/USDT:USDT,0.8335,667.0,0.8334,5672.0,0.8313,281.0,0.8314,5817.0
1753592798852,05:06:38.852,blofin,ADA/USDT:USDT,0.8335,667.0,0.8334,5672.0,0.8313,281.0,0.8314,5817.0
1753592800358,05:06:40.358,blofin,ADA/USDT:USDT,0.8335,667.0,0.8334,5672.0,0.8313,281.0,0.8314,5817.0
1753592800856,05:06:40.856,blofin,ADA/USDT:USDT,0.8335,667.0,0.8334,5672.0,0.8313,281.0,0.8314,5817.0
1753592801357,05:06:41.357,blofin,ADA/USDT:USDT,0.8335,667.0,0.8334,5672.0,0.8313,281.0,0.8314,5817.0
1753592802220,05:06:42.220,blofin,ADA/USDT:USDT,0.8335,667.0,0.8334,5672.0,0.8313,281.0,0.8314,5817.0
1753592802859,05:06:42.859,blofin,ADA/USDT:USDT,0.8335,667.0,0.8334,5672.0,0.8313,281.0,0.8314,5817.0
1753592803366,05:06:43.366,blofin,ADA/USDT:USDT,0.8335,667.0,0.8334,5672.0,0.8313,281.0,0.8314,5817.0
1753592804058,05:06:44.058,blofin,ADA/USDT:USDT,0.8335,667.0,0.8334,5672.0,0.8313,281.0,0.8314,5817.0
1753592804360,05:06:44.360,blofin,ADA/USDT:USDT,0.8335,667.0,0.8334,5672.0,0.8313,281.0,0.8314,5817.0
1753592805359,05:06:45.359,blofin,ADA/USDT:USDT,0.8335,667.0,0.8334,5672.0,0.8313,281.0,0.8314,5817.0
1753592806046,05:06:46.046,blofin,ADA/USDT:USDT,0.8335,667.0,0.8334,5672.0,0.8313,281.0,0.8314,5817.0
1753592806359,05:06:46.359,blofin,ADA/USDT:USDT,0.8335,667.0,0.8334,5672.0,0.8313,281.0,0.8314,5817.0
1753592807360,05:06:47.360,blofin,ADA/USDT:USDT,0.8335,667.0,0.8334,5672.0,0.8313,281.0,0.8314,5817.0
1753592807869,05:06:47.869,blofin,ADA/USDT:USDT,0.8335,667.0,0.8334,5672.0,0.8313,281.0,0.8314,5817.0
1753592808364,05:06:48.364,blofin,ADA/USDT:USDT,0.8335,667.0,0.8334,5672.0,0.8313,281.0,0.8314,5817.0
1753592808868,05:06:48.868,blofin,ADA/USDT:USDT,0.8335,667.0,0.8334,5672.0,0.8313,281.0,0.8314,5817.0
1753592809872,05:06:49.872,blofin,ADA/USDT:USDT,0.8335,667.0,0.8334,5672.0,0.8313,281.0,0.8314,5817.0
1753592810364,05:06:50.364,blofin,ADA/USDT:USDT,0.8335,667.0,0.8334,5672.0,0.8313,281.0,0.8314,5817.0
1753592811364,05:06:51.364,blofin,ADA/USDT:USDT,0.8335,667.0,0.8334,5672.0,0.8313,281.0,0.8314,5817.0
1753592812366,05:06:52.366,blofin,ADA/USDT:USDT,0.8335,667.0,0.8334,5672.0,0.8313,281.0,0.8314,5817.0
1753592939548,05:08:59.548,blofin,ADA/USDT:USDT,0.8335,667.0,0.8334,5672.0,0.8313,281.0,0.8314,5817.0
1753592941051,05:09:01.051,blofin,ADA/USDT:USDT,0.8335,667.0,0.8334,5672.0,0.8313,281.0,0.8314,5817.0
1753592941552,05:09:01.552,blofin,ADA/USDT:USDT,0.8335,667.0,0.8334,5672.0,0.8313,281.0,0.8314,5817.0
1753592942051,05:09:02.051,blofin,ADA/USDT:USDT,0.8335,667.0,0.8334,5672.0,0.8313,281.0,0.8314,5817.0
1753592942551,05:09:02.551,blofin,ADA/USDT:USDT,0.8335,667.0,0.8334,5672.0,0.8313,281.0,0.8314,5817.0
1753592943078,05:09:03.078,blofin,ADA/USDT:USDT,0.8335,667.0,0.8334,5672.0,0.8313,281.0,0.8314,5817.0
1753592943554,05:09:03.554,blofin,ADA/USDT:USDT,0.8335,667.0,0.8334,5672.0,0.8313,281.0,0.8314,5817.0
1753592944465,05:09:04.465,blofin,ADA/USDT:USDT,0.8335,667.0,0.8334,5672.0,0.8313,281.0,0.8314,5817.0
1753592945518,05:09:05.518,blofin,ADA/USDT:USDT,0.8335,667.0,0.8334,5672.0,0.8313,281.0,0.8314,5817.0
1753592946467,05:09:06.467,blofin,ADA/USDT:USDT,0.8335,667.0,0.8334,5672.0,0.8313,281.0,0.8314,5817.0
1753592947059,05:09:07.059,blofin,ADA/USDT:USDT,0.8335,667.0,0.8334,5672.0,0.8313,281.0,0.8314,5817.0
1753592947559,05:09:07.559,blofin,ADA/USDT:USDT,0.8335,667.0,0.8334,5672.0,0.8313,281.0,0.8314,5817.0
1753592948560,05:09:08.560,blofin,ADA/USDT:USDT,0.8335,667.0,0.8334,5672.0,0.8313,281.0,0.8314,5817.0
1753593038698,05:10:38.698,blofin,ADA/USDT:USDT,0.8335,667.0,0.8334,5672.0,0.8313,281.0,0.8314,5817.0
1753593039199,05:10:39.199,blofin,ADA/USDT:USDT,0.8335,667.0,0.8334,5672.0,0.8313,281.0,0.8314,5817.0
1753593039700,05:10:39.700,blofin,ADA/USDT:USDT,0.8335,667.0,0.8334,5672.0,0.8313,281.0,0.8314,5817.0
1753593040538,05:10:40.538,blofin,ADA/USDT:USDT,0.8335,667.0,0.8334,5672.0,0.8313,281.0,0.8314,5817.0
1753593041201,05:10:41.201,blofin,ADA/USDT:USDT,0.8335,667.0,0.8334,5672.0,0.8313,281.0,0.8314,5817.0
1753593041702,05:10:41.702,blofin,ADA/USDT:USDT,0.8335,667.0,0.8334,5672.0,0.8313,281.0,0.8314,5817.0
1753593042207,05:10:42.207,blofin,ADA/USDT:USDT,0.8335,667.0,0.8334,5672.0,0.8313,281.0,0.8314,5817.0
1753593042707,05:10:42.707,blofin,ADA/USDT:USDT,0.8335,667.0,0.8334,5672.0,0.8313,281.0,0.8314,5817.0
1753593043539,05:10:43.539,blofin,ADA/USDT:USDT,0.8335,667.0,0.8334,5672.0,0.8313,281.0,0.8314,5817.0
1753593044209,05:10:44.209,blofin,ADA/USDT:USDT,0.8335,667.0,0.8334,5672.0,0.8313,281.0,0.8314,5817.0
1753593044707,05:10:44.707,blofin,ADA/USDT:USDT,0.8335,667.0,0.8334,5672.0,0.8313,281.0,0.8314,5817.0
1753593045542,05:10:45.542,blofin,ADA/USDT:USDT,0.8335,667.0,0.8334,5672.0,0.8313,281.0,0.8314,5817.0
1753593046210,05:10:46.210,blofin,ADA/USDT:USDT,0.8335,667.0,0.8334,5672.0,0.8313,281.0,0.8314,5817.0
1753593046711,05:10:46.711,blofin,ADA/USDT:USDT,0.8335,667.0,0.8334,5672.0,0.8313,281.0,0.8314,5817.0
1753593047210,05:10:47.210,blofin,ADA/USDT:USDT,0.8335,667.0,0.8334,5672.0,0.8313,281.0,0.8314,5817.0
1753593132829,05:12:12.829,blofin,ADA/USDT:USDT,0.8335,667.0,0.8334,5672.0,0.8313,281.0,0.8314,5817.0
1753593133618,05:12:13.618,blofin,ADA/USDT:USDT,0.8335,667.0,0.8334,5672.0,0.8313,281.0,0.8314,5817.0
1753593134336,05:12:14.336,blofin,ADA/USDT:USDT,0.8335,667.0,0.8334,5672.0,0.8313,281.0,0.8314,5817.0
1753593134833,05:12:14.833,blofin,ADA/USDT:USDT,0.8335,667.0,0.8334,5672.0,0.8313,281.0,0.8314,5817.0
1753593135614,05:12:15.614,blofin,ADA/USDT:USDT,0.8335,667.0,0.8334,5672.0,0.8313,281.0,0.8314,5817.0
1753593135833,05:12:15.833,blofin,ADA/USDT:USDT,0.8335,667.0,0.8334,5672.0,0.8313,281.0,0.8314,5817.0
1753593136832,05:12:16.832,blofin,ADA/USDT:USDT,0.8335,667.0,0.8334,5672.0,0.8313,281.0,0.8314,5817.0
1753593137332,05:12:17.332,blofin,ADA/USDT:USDT,0.8335,667.0,0.8334,5672.0,0.8313,281.0,0.8314,5817.0
1753593137834,05:12:17.834,blofin,ADA/USDT:USDT,0.8335,667.0,0.8334,5672.0,0.8313,281.0,0.8314,5817.0
1753593138333,05:12:18.333,blofin,ADA/USDT:USDT,0.8335,667.0,0.8334,5672.0,0.8313,281.0,0.8314,5817.0
1753593138835,05:12:18.835,blofin,ADA/USDT:USDT,0.8335,667.0,0.8334,5672.0,0.8313,281.0,0.8314,5817.0
1753593139836,05:12:19.836,blofin,ADA/USDT:USDT,0.8335,667.0,0.8334,5672.0,0.8313,281.0,0.8314,5817.0
1753593140336,05:12:20.336,blofin,ADA/USDT:USDT,0.8335,667.0,0.8334,5672.0,0.8313,281.0,0.8314,5817.0
1753593140837,05:12:20.837,blofin,ADA/USDT:USDT,0.8335,667.0,0.8334,5672.0,0.8313,281.0,0.8314,5817.0
1753593141615,05:12:21.615,blofin,ADA/USDT:USDT,0.8335,667.0,0.8334,5672.0,0.8313,281.0,0.8314,5817.0
1753593229474,05:13:49.474,blofin,ADA/USDT:USDT,0.8334,5672.0,0.8333,245.0,0.8313,281.0,0.8314,5817.0
1753593229975,05:13:49.975,blofin,ADA/USDT:USDT,0.8334,5672.0,0.8333,440.0,0.8313,281.0,0.8314,5817.0
1753593230734,05:13:50.734,blofin,ADA/USDT:USDT,0.8334,5672.0,0.8333,437.0,0.8313,281.0,0.8314,5817.0
1753593232175,05:13:52.175,blofin,ADA/USDT:USDT,0.8334,5672.0,0.8333,454.0,0.8313,281.0,0.8314,5817.0
1753593232679,05:13:52.679,blofin,ADA/USDT:USDT,0.8336,2.0,0.8335,503.0,0.8313,281.0,0.8314,5817.0
1753593233481,05:13:53.481,blofin,ADA/USDT:USDT,0.8336,2.0,0.8335,503.0,0.8313,281.0,0.8314,5817.0
1753593233991,05:13:53.991,blofin,ADA/USDT:USDT,0.8336,2.0,0.8335,189.0,0.8313,281.0,0.8314,5817.0
1753593234982,05:13:54.982,blofin,ADA/USDT:USDT,0.8336,3.0,0.8335,1843.0,0.8313,281.0,0.8314,5817.0
1753593235485,05:13:55.485,blofin,ADA/USDT:USDT,0.8336,3.0,0.8335,1843.0,0.8313,281.0,0.8314,5817.0
1753593235983,05:13:55.983,blofin,ADA/USDT:USDT,0.8336,2.0,0.8335,194.0,0.8313,281.0,0.8314,5817.0
1753593236484,05:13:56.484,blofin,ADA/USDT:USDT,0.8335,196.0,0.8331,375.0,0.8313,281.0,0.8314,5817.0
1753593236986,05:13:56.986,blofin,ADA/USDT:USDT,0.8336,189.0,0.8335,2.0,0.8313,281.0,0.8314,5817.0
1753593237682,05:13:57.682,blofin,ADA/USDT:USDT,0.8337,819.0,0.8336,5225.0,0.8313,281.0,0.8314,5817.0
1753593238476,05:13:58.476,blofin,ADA/USDT:USDT,0.8336,251.0,0.8335,2.0,0.8313,281.0,0.8314,5817.0
1753593238989,05:13:58.989,blofin,ADA/USDT:USDT,0.8336,426.0,0.8335,2.0,0.8313,281.0,0.8314,5817.0
1753593240085,05:14:00.085,blofin,ADA/USDT:USDT,0.8337,197.0,0.8336,4510.0,0.8313,281.0,0.8314,5817.0
1753593240675,05:14:00.675,blofin,ADA/USDT:USDT,0.8337,1.0,0.8335,6.0,0.8313,281.0,0.8314,5817.0
1753593241491,05:14:01.491,blofin,ADA/USDT:USDT,0.8335,14.0,0.8332,3866.0,0.8313,281.0,0.8314,5817.0
1753593352371,05:15:52.371,blofin,ADA/USDT:USDT,0.8339,3.0,0.8338,52.0,0.8313,281.0,0.8314,5817.0
1753593352776,05:15:52.776,blofin,ADA/USDT:USDT,0.8339,87.0,0.8334,3319.0,0.8313,281.0,0.8314,5817.0
1753593353355,05:15:53.355,blofin,ADA/USDT:USDT,0.8337,49.0,0.8336,4847.0,0.8313,281.0,0.8314,5817.0
1753593354162,05:15:54.162,blofin,ADA/USDT:USDT,0.8337,4.0,0.8335,126.0,0.8313,281.0,0.8314,5817.0
1753593354778,05:15:54.778,blofin,ADA/USDT:USDT,0.8335,175.0,0.8334,584.0,0.8313,281.0,0.8314,5817.0
1753593355164,05:15:55.164,blofin,ADA/USDT:USDT,0.8335,175.0,0.8334,584.0,0.8313,281.0,0.8314,5817.0
1753593355777,05:15:55.777,blofin,ADA/USDT:USDT,0.8335,171.0,0.8334,584.0,0.8313,281.0,0.8314,5817.0
1753593356676,05:15:56.676,blofin,ADA/USDT:USDT,0.8336,604.0,0.8335,4175.0,0.8313,281.0,0.8314,5817.0
1753593356781,05:15:56.781,blofin,ADA/USDT:USDT,0.8336,4.0,0.8335,603.0,0.8313,281.0,0.8314,5817.0
1753593357166,05:15:57.166,blofin,ADA/USDT:USDT,0.8335,607.0,0.8334,5434.0,0.8313,281.0,0.8314,5817.0
1753593358167,05:15:58.167,blofin,ADA/USDT:USDT,0.8336,475.0,0.8335,1984.0,0.8313,281.0,0.8314,5817.0
1753593358780,05:15:58.780,blofin,ADA/USDT:USDT,0.8336,468.0,0.8335,1403.0,0.8313,281.0,0.8314,5817.0
1753593359169,05:15:59.169,blofin,ADA/USDT:USDT,0.8336,468.0,0.8335,1403.0,0.8313,281.0,0.8314,5817.0
1753593359781,05:15:59.781,blofin,ADA/USDT:USDT,0.8336,1.0,0.8335,236.0,0.8313,281.0,0.8314,5817.0
1753593360170,05:16:00.170,blofin,ADA/USDT:USDT,0.8335,237.0,0.8334,743.0,0.8313,281.0,0.8314,5817.0
1753593361172,05:16:01.172,blofin,ADA/USDT:USDT,0.8337,717.0,0.8336,1158.0,0.8313,281.0,0.8314,5817.0
1753593361783,05:16:01.783,blofin,ADA/USDT:USDT,0.8337,1.0,0.8336,1096.0,0.8313,281.0,0.8314,5817.0
1753593362673,05:16:02.673,blofin,ADA/USDT:USDT,0.8337,1.0,0.8336,192.0,0.8313,281.0,0.8314,5817.0
1753593363176,05:16:03.176,blofin,ADA/USDT:USDT,0.8337,1.0,0.8335,406.0,0.8313,281.0,0.8314,5817.0
1753593363785,05:16:03.785,blofin,ADA/USDT:USDT,0.8337,1.0,0.8336,486.0,0.8313,281.0,0.8314,5817.0
1753593459307,05:17:39.307,blofin,ADA/USDT:USDT,0.834,193.0,0.8339,377.0,0.8313,281.0,0.8314,5817.0
1753593459861,05:17:39.861,blofin,ADA/USDT:USDT,0.834,629.0,0.8338,3420.0,0.8313,281.0,0.8314,5817.0
1753593460304,05:17:40.304,blofin,ADA/USDT:USDT,0.834,630.0,0.8338,3420.0,0.8313,281.0,0.8314,5817.0
1753593461305,05:17:41.305,blofin,ADA/USDT:USDT,0.834,725.0,0.8339,8167.0,0.8313,281.0,0.8314,5817.0
1753593461861,05:17:41.861,blofin,ADA/USDT:USDT,0.8342,767.0,0.8341,2237.0,0.8313,281.0,0.8314,5817.0
1753593462309,05:17:42.309,blofin,ADA/USDT:USDT,0.8342,805.0,0.8341,5.0,0.8313,281.0,0.8314,5817.0
1753593462864,05:17:42.864,blofin,ADA/USDT:USDT,0.8342,245.0,0.8341,5.0,0.8313,281.0,0.8314,5817.0
1753593463309,05:17:43.309,blofin,ADA/USDT:USDT,0.8342,246.0,0.8339,5765.0,0.8313,281.0,0.8314,5817.0
1753593463863,05:17:43.863,blofin,ADA/USDT:USDT,0.8343,179.0,0.8342,3135.0,0.8313,281.0,0.8314,5817.0
1753593464866,05:17:44.866,blofin,ADA/USDT:USDT,0.8344,2.0,0.8343,519.0,0.8313,281.0,0.8314,5817.0
1753593465313,05:17:45.313,blofin,ADA/USDT:USDT,0.8343,524.0,0.8339,6107.0,0.8313,281.0,0.8314,5817.0
1753593466315,05:17:46.315,blofin,ADA/USDT:USDT,0.8343,614.0,0.8341,6824.0,0.8313,281.0,0.8314,5817.0
1753593466967,05:17:46.967,blofin,ADA/USDT:USDT,0.8343,770.0,0.834,2216.0,0.8313,281.0,0.8314,5817.0
1753593467315,05:17:47.315,blofin,ADA/USDT:USDT,0.8345,1084.0,0.8343,5191.0,0.8313,281.0,0.8314,5817.0
1753593467867,05:17:47.867,blofin,ADA/USDT:USDT,0.8345,972.0,0.8341,3408.0,0.8313,281.0,0.8314,5817.0
1753593544427,05:19:04.427,blofin,ADA/USDT:USDT,0.8349,197.0,0.8347,2227.0,0.8313,281.0,0.8314,5817.0
1753593545432,05:19:05.432,blofin,ADA/USDT:USDT,0.8349,256.0,0.8348,5779.0,0.8313,281.0,0.8314,5817.0
1753593545917,05:19:05.917,blofin,ADA/USDT:USDT,0.8349,255.0,0.8348,5779.0,0.8313,281.0,0.8314,5817.0
1753593546435,05:19:06.435,blofin,ADA/USDT:USDT,0.8349,254.0,0.8347,1980.0,0.8313,281.0,0.8314,5817.0
1753593547432,05:19:07.432,blofin,ADA/USDT:USDT,0.835,725.0,0.8349,3148.0,0.8313,281.0,0.8314,5817.0
1753593547919,05:19:07.919,blofin,ADA/USDT:USDT,0.835,597.0,0.8349,3800.0,0.8313,281.0,0.8314,5817.0
1753593548919,05:19:08.919,blofin,ADA/USDT:USDT,0.835,3.0,0.8349,588.0,0.8313,281.0,0.8314,5817.0
1753593549923,05:19:09.923,blofin,ADA/USDT:USDT,0.8349,548.0,0.8348,5409.0,0.8313,281.0,0.8314,5817.0
1753593550920,05:19:10.920,blofin,ADA/USDT:USDT,0.835,583.0,0.8349,1.0,0.8313,281.0,0.8314,5817.0
1753593551435,05:19:11.435,blofin,ADA/USDT:USDT,0.8351,94.0,0.8349,1.0,0.8313,281.0,0.8314,5817.0
1753593552437,05:19:12.437,blofin,ADA/USDT:USDT,0.8352,337.0,0.8351,3484.0,0.8313,281.0,0.8314,5817.0
1753593634045,05:20:34.045,blofin,ADA/USDT:USDT,0.8352,187.0,0.8351,6925.0,0.8313,281.0,0.8314,5817.0
1753593634545,05:20:34.545,blofin,ADA/USDT:USDT,0.8352,187.0,0.8351,6925.0,0.8313,281.0,0.8314,5817.0
1753593635244,05:20:35.244,blofin,ADA/USDT:USDT,0.8352,187.0,0.8351,6925.0,0.8313,281.0,0.8314,5817.0
1753593635980,05:20:35.980,blofin,ADA/USDT:USDT,0.8352,187.0,0.8351,6925.0,0.8313,281.0,0.8314,5817.0
1753593636548,05:20:36.548,blofin,ADA/USDT:USDT,0.8352,187.0,0.8351,6925.0,0.8313,281.0,0.8314,5817.0
1753593637549,05:20:37.549,blofin,ADA/USDT:USDT,0.8352,187.0,0.8351,6925.0,0.8313,281.0,0.8314,5817.0
1753593638049,05:20:38.049,blofin,ADA/USDT:USDT,0.8352,187.0,0.8351,6925.0,0.8313,281.0,0.8314,5817.0
1753593639051,05:20:39.051,blofin,ADA/USDT:USDT,0.8352,187.0,0.8351,6925.0,0.8313,281.0,0.8314,5817.0
1753593639552,05:20:39.552,blofin,ADA/USDT:USDT,0.8352,187.0,0.8351,6925.0,0.8313,281.0,0.8314,5817.0
1753593640052,05:20:40.052,blofin,ADA/USDT:USDT,0.8352,187.0,0.8351,6925.0,0.8313,281.0,0.8314,5817.0
1753593641057,05:20:41.057,blofin,ADA/USDT:USDT,0.8352,187.0,0.8351,6925.0,0.8313,281.0,0.8314,5817.0
1753593641652,05:20:41.652,blofin,ADA/USDT:USDT,0.8352,187.0,0.8351,6925.0,0.8313,281.0,0.8314,5817.0
1753593642064,05:20:42.064,blofin,ADA/USDT:USDT,0.8352,187.0,0.8351,6925.0,0.8313,281.0,0.8314,5817.0
1753593642556,05:20:42.556,blofin,ADA/USDT:USDT,0.8352,187.0,0.8351,6925.0,0.8313,281.0,0.8314,5817.0
1753593643560,05:20:43.560,blofin,ADA/USDT:USDT,0.8352,187.0,0.8351,6925.0,0.8313,281.0,0.8314,5817.0
1753593644061,05:20:44.061,blofin,ADA/USDT:USDT,0.8352,187.0,0.8351,6925.0,0.8313,281.0,0.8314,5817.0
1753593644559,05:20:44.559,blofin,ADA/USDT:USDT,0.8352,187.0,0.8351,6925.0,0.8313,281.0,0.8314,5817.0
1753593645059,05:20:45.059,blofin,ADA/USDT:USDT,0.8352,187.0,0.8351,6925.0,0.8313,281.0,0.8314,5817.0
1753593737690,05:22:17.690,blofin,ADA/USDT:USDT,0.8352,187.0,0.8351,6925.0,0.8313,281.0,0.8314,5817.0
1753593739049,05:22:19.049,blofin,ADA/USDT:USDT,0.8352,187.0,0.8351,6925.0,0.8313,281.0,0.8314,5817.0
1753593739692,05:22:19.692,blofin,ADA/USDT:USDT,0.8352,187.0,0.8351,6925.0,0.8313,281.0,0.8314,5817.0
1753593740192,05:22:20.192,blofin,ADA/USDT:USDT,0.8352,187.0,0.8351,6925.0,0.8313,281.0,0.8314,5817.0
1753593741050,05:22:21.050,blofin,ADA/USDT:USDT,0.8352,187.0,0.8351,6925.0,0.8313,281.0,0.8314,5817.0
1753593741695,05:22:21.695,blofin,ADA/USDT:USDT,0.8352,187.0,0.8351,6925.0,0.8313,281.0,0.8314,5817.0
1753593742185,05:22:22.185,blofin,ADA/USDT:USDT,0.8352,187.0,0.8351,6925.0,0.8313,281.0,0.8314,5817.0
1753593742696,05:22:22.696,blofin,ADA/USDT:USDT,0.8352,187.0,0.8351,6925.0,0.8313,281.0,0.8314,5817.0
1753593743198,05:22:23.198,blofin,ADA/USDT:USDT,0.8352,187.0,0.8351,6925.0,0.8313,281.0,0.8314,5817.0
1753593744198,05:22:24.198,blofin,ADA/USDT:USDT,0.8352,187.0,0.8351,6925.0,0.8313,281.0,0.8314,5817.0
1753593744697,05:22:24.697,blofin,ADA/USDT:USDT,0.8352,187.0,0.8351,6925.0,0.8313,281.0,0.8314,5817.0
1753593745364,05:22:25.364,blofin,ADA/USDT:USDT,0.8352,187.0,0.8351,6925.0,0.8313,281.0,0.8314,5817.0
1753593816300,05:23:36.300,blofin,ADA/USDT:USDT,0.8355,313.0,0.8352,232.0,0.8313,281.0,0.8314,5817.0
1753593817801,05:23:37.801,blofin,ADA/USDT:USDT,0.8356,324.0,0.8355,7174.0,0.8313,281.0,0.8314,5817.0
1753593819303,05:23:39.303,blofin,ADA/USDT:USDT,0.8355,181.0,0.8352,232.0,0.8313,281.0,0.8314,5817.0
1753593819804,05:23:39.804,blofin,ADA/USDT:USDT,0.8355,181.0,0.8352,232.0,0.8313,281.0,0.8314,5817.0
1753593820306,05:23:40.306,blofin,ADA/USDT:USDT,0.8355,36.0,0.8352,232.0,0.8313,281.0,0.8314,5817.0
1753593821104,05:23:41.104,blofin,ADA/USDT:USDT,0.8357,137.0,0.8356,6099.0,0.8313,281.0,0.8314,5817.0
1753593821782,05:23:41.782,blofin,ADA/USDT:USDT,0.8357,4.0,0.8355,14.0,0.8313,281.0,0.8314,5817.0
1753593822746,05:23:42.746,blofin,ADA/USDT:USDT,0.8357,1.0,0.8356,280.0,0.8313,281.0,0.8314,5817.0
1753593823309,05:23:43.309,blofin,ADA/USDT:USDT,0.8356,466.0,0.8354,3056.0,0.8313,281.0,0.8314,5817.0
1753593824106,05:23:44.106,blofin,ADA/USDT:USDT,0.8357,37.0,0.8356,3383.0,0.8313,281.0,0.8314,5817.0
1753593824314,05:23:44.314,blofin,ADA/USDT:USDT,0.8357,37.0,0.8356,3383.0,0.8313,281.0,0.8314,5817.0
1753593825311,05:23:45.311,blofin,ADA/USDT:USDT,0.8357,4.0,0.8355,26.0,0.8313,281.0,0.8314,5817.0
1753593825812,05:23:45.812,blofin,ADA/USDT:USDT,0.8355,30.0,0.8352,790.0,0.8313,281.0,0.8314,5817.0
1753593826314,05:23:46.314,blofin,ADA/USDT:USDT,0.8355,198.0,0.8351,2889.0,0.8313,281.0,0.8314,5817.0
1753593827110,05:23:47.110,blofin,ADA/USDT:USDT,0.8356,26.0,0.8355,994.0,0.8313,281.0,0.8314,5817.0
1753593919942,05:25:19.942,blofin,ADA/USDT:USDT,0.8356,26.0,0.8355,994.0,0.8313,281.0,0.8314,5817.0
1753593920307,05:25:20.307,blofin,ADA/USDT:USDT,0.8359,690.0,0.8358,769.0,0.8313,281.0,0.8314,5817.0
1753593920853,05:25:20.853,blofin,ADA/USDT:USDT,0.8359,4328.0,0.8356,5734.0,0.8313,281.0,0.8314,5817.0
1753593921480,05:25:21.480,blofin,ADA/USDT:USDT,0.8363,995.0,0.8359,4940.0,0.8313,281.0,0.8314,5817.0
1753593921943,05:25:21.943,blofin,ADA/USDT:USDT,0.8364,1041.0,0.8361,6216.0,0.8313,281.0,0.8314,5817.0
1753593922508,05:25:22.508,blofin,ADA/USDT:USDT,0.8366,1066.0,0.8365,850.0,0.8313,281.0,0.8314,5817.0
1753593923465,05:25:23.465,blofin,ADA/USDT:USDT,0.8366,275.0,0.8361,8050.0,0.8313,281.0,0.8314,5817.0
1753593924437,05:25:24.437,blofin,ADA/USDT:USDT,0.8367,623.0,0.8366,1.0,0.8313,281.0,0.8314,5817.0
1753593924946,05:25:24.946,blofin,ADA/USDT:USDT,0.8367,628.0,0.8364,2031.0,0.8313,281.0,0.8314,5817.0
1753593925457,05:25:25.457,blofin,ADA/USDT:USDT,0.8368,258.0,0.8367,5.0,0.8313,281.0,0.8314,5817.0
1753593926451,05:25:26.451,blofin,ADA/USDT:USDT,0.8368,250.0,0.8366,4145.0,0.8313,281.0,0.8314,5817.0
1753593927186,05:25:27.186,blofin,ADA/USDT:USDT,0.8369,617.0,0.8368,4391.0,0.8313,281.0,0.8314,5817.0
1753593927952,05:25:27.952,blofin,ADA/USDT:USDT,0.8369,622.0,0.8365,1275.0,0.8313,281.0,0.8314,5817.0
1753593928449,05:25:28.449,blofin,ADA/USDT:USDT,0.8369,791.0,0.8368,4469.0,0.8313,281.0,0.8314,5817.0
1753594001552,05:26:41.552,blofin,ADA/USDT:USDT,0.8369,791.0,0.8368,930.0,0.8313,281.0,0.8314,5817.0
1753594002410,05:26:42.410,blofin,ADA/USDT:USDT,0.837,874.0,0.8369,2410.0,0.8313,281.0,0.8314,5817.0
1753594003056,05:26:43.056,blofin,ADA/USDT:USDT,0.837,1416.0,0.8368,3771.0,0.8313,281.0,0.8314,5817.0
1753594003557,05:26:43.557,blofin,ADA/USDT:USDT,0.8371,827.0,0.8366,1093.0,0.8313,281.0,0.8314,5817.0
1753594004559,05:26:44.559,blofin,ADA/USDT:USDT,0.8371,895.0,0.837,135.0,0.8313,281.0,0.8314,5817.0
1753594005145,05:26:45.145,blofin,ADA/USDT:USDT,0.8372,1049.0,0.8371,7396.0,0.8313,281.0,0.8314,5817.0
1753594005561,05:26:45.561,blofin,ADA/USDT:USDT,0.8373,755.0,0.8372,5135.0,0.8313,281.0,0.8314,5817.0
1753594006250,05:26:46.250,blofin,ADA/USDT:USDT,0.8373,758.0,0.8372,5135.0,0.8313,281.0,0.8314,5817.0
1753594007057,05:26:47.057,blofin,ADA/USDT:USDT,0.8375,848.0,0.8374,4203.0,0.8313,281.0,0.8314,5817.0
1753594007516,05:26:47.516,blofin,ADA/USDT:USDT,0.8373,187.0,0.8369,7790.0,0.8313,281.0,0.8314,5817.0
1753594008249,05:26:48.249,blofin,ADA/USDT:USDT,0.8373,370.0,0.8371,3374.0,0.8313,281.0,0.8314,5817.0
1753594008564,05:26:48.564,blofin,ADA/USDT:USDT,0.8373,370.0,0.8371,3374.0,0.8313,281.0,0.8314,5817.0
1753594009701,05:26:49.701,blofin,ADA/USDT:USDT,0.8373,1.0,0.8372,37.0,0.8313,281.0,0.8314,5817.0
1753594010251,05:26:50.251,blofin,ADA/USDT:USDT,0.8373,531.0,0.8372,5183.0,0.8313,281.0,0.8314,5817.0
1753594011068,05:26:51.068,blofin,ADA/USDT:USDT,0.8373,535.0,0.8372,5183.0,0.8313,281.0,0.8314,5817.0
1753594011568,05:26:51.568,blofin,ADA/USDT:USDT,0.8373,1.0,0.8372,437.0,0.8313,281.0,0.8314,5817.0
1753594012250,05:26:52.250,blofin,ADA/USDT:USDT,0.8373,427.0,0.8372,2581.0,0.8313,281.0,0.8314,5817.0
1753594012570,05:26:52.570,blofin,ADA/USDT:USDT,0.8373,427.0,0.8372,2581.0,0.8313,281.0,0.8314,5817.0
1753594115214,05:28:35.214,blofin,ADA/USDT:USDT,0.8377,283.0,0.8373,427.0,0.8313,281.0,0.8314,5817.0
1753594115715,05:28:35.715,blofin,ADA/USDT:USDT,0.8377,505.0,0.8373,6369.0,0.8313,281.0,0.8314,5817.0
1753594116326,05:28:36.326,blofin,ADA/USDT:USDT,0.8377,509.0,0.8373,6296.0,0.8313,281.0,0.8314,5817.0
1753594116719,05:28:36.719,blofin,ADA/USDT:USDT,0.8377,629.0,0.8374,4740.0,0.8313,281.0,0.8314,5817.0
1753594117316,05:28:37.316,blofin,ADA/USDT:USDT,0.8378,678.0,0.8377,5.0,0.8313,281.0,0.8314,5817.0
1753594118219,05:28:38.219,blofin,ADA/USDT:USDT,0.8378,681.0,0.8377,3707.0,0.8313,281.0,0.8314,5817.0
1753594118719,05:28:38.719,blofin,ADA/USDT:USDT,0.8378,700.0,0.8377,2.0,0.8313,281.0,0.8314,5817.0
1753594119580,05:28:39.580,blofin,ADA/USDT:USDT,0.8378,3.0,0.8377,2.0,0.8313,281.0,0.8314,5817.0
1753594120329,05:28:40.329,blofin,ADA/USDT:USDT,0.8377,2.0,0.8376,21.0,0.8313,281.0,0.8314,5817.0
1753594120722,05:28:40.722,blofin,ADA/USDT:USDT,0.8377,2.0,0.8376,21.0,0.8313,281.0,0.8314,5817.0
1753594121724,05:28:41.724,blofin,ADA/USDT:USDT,0.8377,2.0,0.8376,436.0,0.8313,281.0,0.8314,5817.0
1753594122331,05:28:42.331,blofin,ADA/USDT:USDT,0.8377,24.0,0.8376,3274.0,0.8313,281.0,0.8314,5817.0
1753594122726,05:28:42.726,blofin,ADA/USDT:USDT,0.8377,24.0,0.8376,3274.0,0.8313,281.0,0.8314,5817.0
1753594123727,05:28:43.727,blofin,ADA/USDT:USDT,0.8377,5.0,0.8376,15.0,0.8313,281.0,0.8314,5817.0
1753594125335,05:28:45.335,blofin,ADA/USDT:USDT,0.8372,232.0,0.8371,3786.0,0.8313,281.0,0.8314,5817.0
1753594219361,05:30:19.361,blofin,ADA/USDT:USDT,0.8372,232.0,0.8371,3786.0,0.8313,281.0,0.8314,5817.0
1753594219863,05:30:19.863,blofin,ADA/USDT:USDT,0.8373,558.0,0.8372,232.0,0.8313,281.0,0.8314,5817.0
1753594220866,05:30:20.866,blofin,ADA/USDT:USDT,0.8374,10.0,0.8373,1017.0,0.8313,281.0,0.8314,5817.0
1753594221372,05:30:21.372,blofin,ADA/USDT:USDT,0.8374,10.0,0.8373,1017.0,0.8313,281.0,0.8314,5817.0
1753594222372,05:30:22.372,blofin,ADA/USDT:USDT,0.8374,1.0,0.8373,160.0,0.8313,281.0,0.8314,5817.0
1753594222881,05:30:22.881,blofin,ADA/USDT:USDT,0.8374,646.0,0.8372,2898.0,0.8313,281.0,0.8314,5817.0
1753594223373,05:30:23.373,blofin,ADA/USDT:USDT,0.8374,646.0,0.8372,2898.0,0.8313,281.0,0.8314,5817.0
1753594224377,05:30:24.377,blofin,ADA/USDT:USDT,0.8374,4.0,0.8372,316.0,0.8313,281.0,0.8314,5817.0
1753594225736,05:30:25.736,blofin,ADA/USDT:USDT,0.837,3.0,0.8369,81.0,0.8313,281.0,0.8314,5817.0
1753594226374,05:30:26.374,blofin,ADA/USDT:USDT,0.837,3.0,0.8369,74.0,0.8313,281.0,0.8314,5817.0
1753594227045,05:30:27.045,blofin,ADA/USDT:USDT,0.8369,74.0,0.8368,5.0,0.8313,281.0,0.8314,5817.0
1753594227375,05:30:27.375,blofin,ADA/USDT:USDT,0.8368,5.0,0.8367,1.0,0.8313,281.0,0.8314,5817.0
1753594227876,05:30:27.876,blofin,ADA/USDT:USDT,0.8367,342.0,0.8366,982.55,0.8313,281.0,0.8314,5817.0
1753594228876,05:30:28.876,blofin,ADA/USDT:USDT,0.8367,1.0,0.8366,2.55,0.8313,281.0,0.8314,5817.0
1753594314470,05:31:54.470,blofin,ADA/USDT:USDT,0.8367,1.0,0.8366,2.0,0.8313,281.0,0.8314,5817.0
1753594315470,05:31:55.470,blofin,ADA/USDT:USDT,0.8367,1.0,0.8365,406.0,0.8313,281.0,0.8314,5817.0
1753594316005,05:31:56.005,blofin,ADA/USDT:USDT,0.8367,1.0,0.8365,410.0,0.8313,281.0,0.8314,5817.0
1753594316531,05:31:56.531,blofin,ADA/USDT:USDT,0.8367,1.0,0.8364,299.0,0.8313,281.0,0.8314,5817.0
1753594317006,05:31:57.006,blofin,ADA/USDT:USDT,0.8367,1.0,0.8364,299.0,0.8313,281.0,0.8314,5817.0
1753594318473,05:31:58.473,blofin,ADA/USDT:USDT,0.8367,1.0,0.8364,51.0,0.8313,281.0,0.8314,5817.0
1753594319008,05:31:59.008,blofin,ADA/USDT:USDT,0.8367,1.0,0.8364,51.0,0.8313,281.0,0.8314,5817.0
1753594319473,05:31:59.473,blofin,ADA/USDT:USDT,0.8367,1.0,0.8364,21.0,0.8313,281.0,0.8314,5817.0
1753594320009,05:32:00.009,blofin,ADA/USDT:USDT,0.8367,1.0,0.8364,20.0,0.8313,281.0,0.8314,5817.0
1753594321491,05:32:01.491,blofin,ADA/USDT:USDT,0.8367,1.0,0.8364,25.0,0.8313,281.0,0.8314,5817.0
1753594400623,05:33:20.623,blofin,ADA/USDT:USDT,0.8367,1.0,0.8364,25.0,0.8313,281.0,0.8314,5817.0
1753594401536,05:33:21.536,blofin,ADA/USDT:USDT,0.8367,1.0,0.8364,25.0,0.8313,281.0,0.8314,5817.0
1753594402130,05:33:22.130,blofin,ADA/USDT:USDT,0.8367,1.0,0.8364,25.0,0.8313,281.0,0.8314,5817.0
1753594402626,05:33:22.626,blofin,ADA/USDT:USDT,0.8367,1.0,0.8364,25.0,0.8313,281.0,0.8314,5817.0
1753594403128,05:33:23.128,blofin,ADA/USDT:USDT,0.8367,1.0,0.8364,25.0,0.8313,281.0,0.8314,5817.0
1753594403629,05:33:23.629,blofin,ADA/USDT:USDT,0.8367,1.0,0.8364,25.0,0.8313,281.0,0.8314,5817.0
1753594404631,05:33:24.631,blofin,ADA/USDT:USDT,0.8367,1.0,0.8364,25.0,0.8313,281.0,0.8314,5817.0
1753594405233,05:33:25.233,blofin,ADA/USDT:USDT,0.8367,1.0,0.8364,25.0,0.8313,281.0,0.8314,5817.0
