timestamp,time,symbol,bid1_price,bid1_volume,bid2_price,bid2_volume,ask1_price,ask1_volume,ask2_price,ask2_volume
1753546963061,16:22:43.061,ACH/USDT:USDT,0.022989,13758.0,0.022988,10582.0,0.02299,44903.0,0.022991,69451
1753546963289,16:22:43.289,ACH/USDT:USDT,0.022989,13758.0,0.022988,10582.0,0.02299,44903.0,0.022991,69451
1753546963606,16:22:43.606,ACH/USDT:USDT,0.022989,13758.0,0.022988,13399,0.02299,44903.0,0.022991,69451
1753546964011,16:22:44.011,ACH/USDT:USDT,0.022989,13758.0,0.022988,10582,0.02299,44903.0,0.022991,69451
1753546964092,16:22:44.092,ACH/USDT:USDT,0.022989,13758.0,0.022988,10582,0.02299,44903.0,0.022991,71019
1753546964362,16:22:44.362,ACH/USDT:USDT,0.022984,9022.0,0.022983,12112.0,0.022985,28030,0.022986,2736
1753546964809,16:22:44.809,ACH/USDT:USDT,0.022984,9022.0,0.022983,13496,0.022985,28030,0.022986,2736
1753546964809,16:22:44.809,ACH/USDT:USDT,0.022984,9022.0,0.022983,13985,0.022985,28030,0.022986,2736
1753546965212,16:22:45.212,ACH/USDT:USDT,0.022984,9022.0,0.022983,12601,0.022985,28030,0.022986,2736
1753546965287,16:22:45.287,ACH/USDT:USDT,0.022984,9022.0,0.022983,12112,0.022985,28030,0.022986,4078
1753546965691,16:22:45.691,ACH/USDT:USDT,0.022984,9022.0,0.022983,12112,0.022985,28030,0.022986,4078
1753546965691,16:22:45.691,ACH/USDT:USDT,0.022984,9022.0,0.022983,12112,0.022985,28030,0.022986,2736
1753546966009,16:22:46.009,ACH/USDT:USDT,0.022984,9022.0,0.022983,12112,0.022985,28030,0.022986,2736
1753546966412,16:22:46.412,ACH/USDT:USDT,0.022984,9022.0,0.022983,12112,0.022985,28030,0.022986,2736
1753546966487,16:22:46.487,ACH/USDT:USDT,0.022984,9022.0,0.022983,12112,0.022985,28030,0.022986,4294
1753546966893,16:22:46.893,ACH/USDT:USDT,0.022984,9022.0,0.022983,12112,0.022985,28030,0.022986,3626
1753546967037,16:22:47.037,ACH/USDT:USDT,0.022984,9022.0,0.022983,12112,0.022985,28030,0.022986,2736
1753546967209,16:22:47.209,ACH/USDT:USDT,0.022984,9022.0,0.022983,12112,0.022985,28030,0.022986,2736
1753546967613,16:22:47.613,ACH/USDT:USDT,0.022984,9022.0,0.022983,12112,0.022985,28030,0.022986,2736
1753546967688,16:22:47.688,ACH/USDT:USDT,0.022984,9022.0,0.022983,12112,0.022985,28030,0.022986,2736
1753546968096,16:22:48.096,ACH/USDT:USDT,0.022984,9022.0,0.022983,12112,0.022985,28030,0.022986,2736
1753546968096,16:22:48.096,ACH/USDT:USDT,0.022984,9022.0,0.022983,12112,0.022985,28030,0.022986,2736
1753546968410,16:22:48.410,ACH/USDT:USDT,0.022984,9022.0,0.022983,13535,0.022985,28030,0.022986,2736
1753546968824,16:22:48.824,ACH/USDT:USDT,0.022984,9022.0,0.022983,13535,0.022985,28030,0.022986,2736
1753546968888,16:22:48.888,ACH/USDT:USDT,0.022984,9022.0,0.022983,12112,0.022985,28030,0.022986,2736
1753546969293,16:22:49.293,ACH/USDT:USDT,0.022984,9022.0,0.022983,12112,0.022985,28030,0.022986,2736
1753546969409,16:22:49.409,ACH/USDT:USDT,0.022981,1507,0.02298,4225,0.022983,27723,0.022984,57537
1753546969610,16:22:49.610,ACH/USDT:USDT,0.022981,1507,0.02298,4225,0.022983,27723,0.022984,57537
1753546970013,16:22:50.013,ACH/USDT:USDT,0.022981,1507,0.02298,4225,0.022983,27723,0.022984,57537
1753546970090,16:22:50.090,ACH/USDT:USDT,0.022981,1507,0.02298,4225,0.022983,27723,0.022984,74910
1753546970499,16:22:50.499,ACH/USDT:USDT,0.022981,1507,0.02298,4225,0.022983,27723,0.022984,57537
1753546970499,16:22:50.499,ACH/USDT:USDT,0.022981,1507,0.02298,4225,0.022983,27723,0.022984,57537
1753546970811,16:22:50.811,ACH/USDT:USDT,0.022981,1507,0.02298,4225,0.022983,27723,0.022984,57537
1753546971215,16:22:51.215,ACH/USDT:USDT,0.022981,1507,0.02298,4225,0.022983,27723,0.022984,57537
1753546971289,16:22:51.289,ACH/USDT:USDT,0.022981,1507,0.02298,4225,0.022983,27723,0.022984,57537
1753546971692,16:22:51.692,ACH/USDT:USDT,0.022981,1507,0.02298,4225,0.022983,27723,0.022984,57537
1753546971693,16:22:51.693,ACH/USDT:USDT,0.022981,1507,0.02298,4225,0.022983,27723,0.022984,57537
1753546972010,16:22:52.010,ACH/USDT:USDT,0.022981,1507,0.02298,4225,0.022983,27723,0.022984,57537
1753546972414,16:22:52.414,ACH/USDT:USDT,0.022981,1507,0.02298,4225,0.022983,27723,0.022984,57537
1753546972491,16:22:52.491,ACH/USDT:USDT,0.022981,1507,0.02298,4225,0.022983,27723,0.022984,83529
1753546972896,16:22:52.896,ACH/USDT:USDT,0.022981,1507,0.02298,4225,0.022983,27723,0.022984,70940
1753546973039,16:22:53.039,ACH/USDT:USDT,0.022981,1507,0.02298,4225,0.022983,27723,0.022984,57537
1753546973214,16:22:53.214,ACH/USDT:USDT,0.022981,1507,0.02298,4225,0.022983,27723,0.022984,57537
1753546973614,16:22:53.614,ACH/USDT:USDT,0.022981,1507,0.02298,4225,0.022983,27723,0.022984,57537
1753546973689,16:22:53.689,ACH/USDT:USDT,0.022981,1507,0.02298,4225,0.022983,27723,0.022984,57537
1753546974099,16:22:54.099,ACH/USDT:USDT,0.022981,1507,0.02298,4225,0.022983,27723,0.022984,57537
1753546974099,16:22:54.099,ACH/USDT:USDT,0.022981,1507,0.02298,4225,0.022983,27723,0.022984,57537
1753546974411,16:22:54.411,ACH/USDT:USDT,0.022981,1507,0.02298,4225,0.022983,27723,0.022984,57537
1753546974814,16:22:54.814,ACH/USDT:USDT,0.022981,1507,0.02298,4225,0.022983,27723,0.022984,57537
1753546974891,16:22:54.891,ACH/USDT:USDT,0.022981,1507,0.02298,4225,0.022983,27723,0.022984,57537
1753546975292,16:22:55.292,ACH/USDT:USDT,0.022981,1507,0.02298,4225,0.022983,27723,0.022984,57537
1753546975409,16:22:55.409,ACH/USDT:USDT,0.022981,41969,0.02298,24490,0.022985,6543,0.022986,1392
1753546975612,16:22:55.612,ACH/USDT:USDT,0.022981,41969,0.02298,24490,0.022985,6543,0.022986,1392
1753546976015,16:22:56.015,ACH/USDT:USDT,0.022981,41969,0.02298,24490,0.022985,6543,0.022986,1392
1753546976091,16:22:56.091,ACH/USDT:USDT,0.022981,41969,0.02298,24490,0.022985,6543,0.022986,1871
1753546976494,16:22:56.494,ACH/USDT:USDT,0.022981,41969,0.02298,24490,0.022985,6543,0.022986,1392
1753546976494,16:22:56.494,ACH/USDT:USDT,0.022981,41969,0.02298,24490,0.022985,6543,0.022986,1392
1753546976811,16:22:56.811,ACH/USDT:USDT,0.022981,41969,0.02298,27822,0.022985,6543,0.022986,1392
1753546977217,16:22:57.217,ACH/USDT:USDT,0.022981,41969,0.02298,24490,0.022985,6543,0.022986,1392
1753546977290,16:22:57.290,ACH/USDT:USDT,0.022981,41969,0.02298,24490,0.022985,6543,0.022986,1744
1753546977692,16:22:57.692,ACH/USDT:USDT,0.022981,41969,0.02298,24490,0.022985,6543,0.022986,1392
1753546977692,16:22:57.692,ACH/USDT:USDT,0.022981,41969,0.02298,24490,0.022985,6543,0.022986,1392
1753546978011,16:22:58.011,ACH/USDT:USDT,0.022981,41969,0.02298,24490,0.022985,6543,0.022986,1392
1753546978414,16:22:58.414,ACH/USDT:USDT,0.022981,41969,0.02298,24490,0.022985,6543,0.022986,1392
1753546978490,16:22:58.490,ACH/USDT:USDT,0.022981,41969,0.02298,24490,0.022985,6543,0.022986,1828
1753546978892,16:22:58.892,ACH/USDT:USDT,0.022981,41969,0.02298,24490,0.022985,6543,0.022986,1828
1753546979043,16:22:59.043,ACH/USDT:USDT,0.022981,41969,0.02298,24490,0.022985,6543,0.022986,1392
1753546979213,16:22:59.213,ACH/USDT:USDT,0.022981,41969,0.02298,24490,0.022985,6543,0.022986,1392
1753546979615,16:22:59.615,ACH/USDT:USDT,0.022981,41969,0.02298,24490,0.022985,6543,0.022986,1392
1753546979747,16:22:59.747,ACH/USDT:USDT,0.022983,42541,0.022982,31850,0.02299,70,0.022993,69174
1753546980412,16:23:00.412,ACH/USDT:USDT,0.022983,42541,0.022982,31850,0.02299,70,0.022993,69174
1753546980412,16:23:00.412,ACH/USDT:USDT,0.022983,42541,0.022982,38829,0.02299,70,0.022993,69174
1753546980815,16:23:00.815,ACH/USDT:USDT,0.022983,42541,0.022982,38829,0.02299,70,0.022993,69174
1753546980889,16:23:00.889,ACH/USDT:USDT,0.022983,42541,0.022982,31850,0.02299,70,0.022993,69174
1753546981293,16:23:01.293,ACH/USDT:USDT,0.022983,42541,0.022982,31850,0.02299,70,0.022993,69174
1753546981293,16:23:01.293,ACH/USDT:USDT,0.022983,42541,0.022982,31850,0.02299,70,0.022993,69174
1753546981612,16:23:01.612,ACH/USDT:USDT,0.022983,42541,0.022982,31850,0.02299,70,0.022993,69174
1753546982015,16:23:02.015,ACH/USDT:USDT,0.022983,42541,0.022982,31850,0.02299,70,0.022993,69174
1753546982178,16:23:02.178,ACH/USDT:USDT,0.022976,19878,0.022975,53277,0.022984,5694,0.022985,18487
1753546982328,16:23:02.328,ACH/USDT:USDT,0.022974,52655,0.022973,37130,0.022976,122456,0.022977,27435
1753546982813,16:23:02.813,ACH/USDT:USDT,0.022974,52655,0.022973,39919,0.022976,122456,0.022977,27435
1753546982813,16:23:02.813,ACH/USDT:USDT,0.022974,52655,0.022973,39919,0.022976,122456,0.022977,27435
1753546983029,16:23:03.029,ACH/USDT:USDT,0.022977,43115,0.022976,11813,0.022983,26636,0.022984,5694
1753546983291,16:23:03.291,ACH/USDT:USDT,0.022977,43115,0.022976,11813,0.022983,26636,0.022984,6905
1753546983695,16:23:03.695,ACH/USDT:USDT,0.022977,43115,0.022976,11813,0.022983,26636,0.022984,6905
1753546983695,16:23:03.695,ACH/USDT:USDT,0.022977,43115,0.022976,11813,0.022983,26636,0.022984,5694
1753546984012,16:23:04.012,ACH/USDT:USDT,0.022977,43115,0.022976,11813,0.022983,26636,0.022984,5694
1753546984416,16:23:04.416,ACH/USDT:USDT,0.022977,43115,0.022976,11813,0.022983,26636,0.022984,5694
1753546984495,16:23:04.495,ACH/USDT:USDT,0.022977,43115,0.022976,11813,0.022983,26636,0.022984,5694
1753546984893,16:23:04.893,ACH/USDT:USDT,0.022977,43115,0.022976,11813,0.022983,26636,0.022984,5694
1753546985085,16:23:05.085,ACH/USDT:USDT,0.022977,43115,0.022976,11813,0.022983,26636,0.022984,5694
1753546985214,16:23:05.214,ACH/USDT:USDT,0.022977,43115,0.022976,21825,0.022983,26636,0.022984,5694
1753546985615,16:23:05.615,ACH/USDT:USDT,0.022977,43115,0.022976,16444,0.022983,26636,0.022984,5694
1753546985733,16:23:05.733,ACH/USDT:USDT,0.022977,43115,0.022976,11813,0.022983,26636,0.022984,7671
1753546986094,16:23:06.094,ACH/USDT:USDT,0.022977,43115,0.022976,11813,0.022983,26636,0.022984,6805
1753546986166,16:23:06.166,ACH/USDT:USDT,0.022985,6361,0.022984,30302,0.022989,68265,0.02299,4401
1753546986413,16:23:06.413,ACH/USDT:USDT,0.022985,6361,0.022984,41379,0.022989,68265,0.02299,4401
1753546986815,16:23:06.815,ACH/USDT:USDT,0.022985,6361,0.022984,41379,0.022989,68265,0.02299,4401
1753546986890,16:23:06.890,ACH/USDT:USDT,0.022985,6361,0.022984,30302,0.022989,68265,0.02299,4401
1753546987236,16:23:07.236,ACH/USDT:USDT,0.022999,39513,0.022998,8040,0.023005,15045,0.023006,1021
1753546987247,16:23:07.247,ACH/USDT:USDT,0.022999,39513,0.022998,8040,0.023005,15045,0.023006,1021
1753546987631,16:23:07.631,ACH/USDT:USDT,0.023006,7850,0.023005,952,0.023009,65949,0.02301,53940
1753546988094,16:23:08.094,ACH/USDT:USDT,0.023006,7850,0.023005,952,0.023009,65949,0.02301,53940
1753546988094,16:23:08.094,ACH/USDT:USDT,0.023006,7850,0.023005,952,0.023009,65949,0.02301,53940
1753546988500,16:23:08.500,ACH/USDT:USDT,0.023006,7850,0.023005,952,0.023009,65949,0.02301,53940
1753546988500,16:23:08.500,ACH/USDT:USDT,0.023006,7850,0.023005,952,0.023009,65949,0.02301,53940
1753546988814,16:23:08.814,ACH/USDT:USDT,0.023006,7850,0.023005,952,0.023009,65949,0.02301,53940
1753546989216,16:23:09.216,ACH/USDT:USDT,0.023006,7850,0.023005,952,0.023009,65949,0.02301,53940
1753546989291,16:23:09.291,ACH/USDT:USDT,0.023006,7850,0.023005,952,0.023009,65949,0.02301,55123
1753546989695,16:23:09.695,ACH/USDT:USDT,0.023006,7850,0.023005,952,0.023009,65949,0.02301,53940
1753546989695,16:23:09.695,ACH/USDT:USDT,0.023006,7850,0.023005,952,0.023009,65949,0.02301,53940
1753546990013,16:23:10.013,ACH/USDT:USDT,0.023006,7850,0.023005,952,0.023009,65949,0.02301,53940
1753546990416,16:23:10.416,ACH/USDT:USDT,0.023006,7850,0.023005,952,0.023009,65949,0.02301,53940
1753546990492,16:23:10.492,ACH/USDT:USDT,0.023006,7850,0.023005,952,0.023009,65949,0.02301,53940
1753546990896,16:23:10.896,ACH/USDT:USDT,0.023006,7850,0.023005,952,0.023009,65949,0.02301,53940
1753546991050,16:23:11.050,ACH/USDT:USDT,0.023006,7850,0.023005,952,0.023009,65949,0.02301,53940
1753546991214,16:23:11.214,ACH/USDT:USDT,0.023011,61278,0.02301,53243,0.023014,6515,0.023015,6059
1753546991616,16:23:11.616,ACH/USDT:USDT,0.023011,61278,0.02301,42286,0.023014,6515,0.023015,6059
1753546991692,16:23:11.692,ACH/USDT:USDT,0.023011,61278,0.02301,29159,0.023014,6515,0.023015,6059
1753546992096,16:23:12.096,ACH/USDT:USDT,0.023011,61278,0.02301,29159,0.023014,6515,0.023015,6059
1753546992096,16:23:12.096,ACH/USDT:USDT,0.023011,61278,0.02301,29159,0.023014,6515,0.023015,6059
1753546992413,16:23:12.413,ACH/USDT:USDT,0.023011,61278,0.02301,29159,0.023014,6515,0.023015,6059
1753546992816,16:23:12.816,ACH/USDT:USDT,0.023011,61278,0.02301,29159,0.023014,6515,0.023015,6059
1753546992892,16:23:12.892,ACH/USDT:USDT,0.023011,61278,0.02301,29159,0.023014,6515,0.023015,6059
1753546993296,16:23:13.296,ACH/USDT:USDT,0.023011,61278,0.02301,29159,0.023014,6515,0.023015,6059
1753546993296,16:23:13.296,ACH/USDT:USDT,0.023011,61278,0.02301,29159,0.023014,6515,0.023015,6059
1753546993614,16:23:13.614,ACH/USDT:USDT,0.023011,61278,0.02301,29159,0.023014,6515,0.023015,6059
1753546994092,16:23:14.092,ACH/USDT:USDT,0.023017,5538,0.023016,9124,0.023018,49805,0.023019,7751
1753546994092,16:23:14.092,ACH/USDT:USDT,0.023017,5538,0.023016,9124,0.023018,49805,0.023019,7751
1753546994501,16:23:14.501,ACH/USDT:USDT,0.023017,5538,0.023016,9124,0.023018,49805,0.023019,7192
1753546994501,16:23:14.501,ACH/USDT:USDT,0.023017,5538,0.023016,9124,0.023018,49805,0.023019,7192
1753546994814,16:23:14.814,ACH/USDT:USDT,0.023017,5538,0.023016,9124,0.023018,49805,0.023019,7192
1753546995296,16:23:15.296,ACH/USDT:USDT,0.023017,5538,0.023016,9124,0.023018,49805,0.023019,7728
1753546995296,16:23:15.296,ACH/USDT:USDT,0.023017,5538,0.023016,9124,0.023018,49805,0.023019,7728
1753546995699,16:23:15.699,ACH/USDT:USDT,0.023017,5538,0.023016,9124,0.023018,49805,0.023019,7192
1753546995699,16:23:15.699,ACH/USDT:USDT,0.023017,5538,0.023016,9124,0.023018,49805,0.023019,7192
1753546996014,16:23:16.014,ACH/USDT:USDT,0.023017,5538,0.023016,12933,0.023018,49805,0.023019,7192
1753546996418,16:23:16.418,ACH/USDT:USDT,0.023017,5538,0.023016,9124,0.023018,49805,0.023019,7192
1753546996495,16:23:16.495,ACH/USDT:USDT,0.023017,5538,0.023016,9124,0.023018,49805,0.023019,7192
1753546996896,16:23:16.896,ACH/USDT:USDT,0.023017,5538,0.023016,9124,0.023018,49805,0.023019,7192
1753546997046,16:23:17.046,ACH/USDT:USDT,0.023017,5538,0.023016,9124,0.023018,49805,0.023019,7192
1753546997213,16:23:17.213,ACH/USDT:USDT,0.023017,5538,0.023016,9124,0.023018,49805,0.023019,7192
1753546997617,16:23:17.617,ACH/USDT:USDT,0.023017,5538,0.023016,9124,0.023018,49805,0.023019,7192
1753546997694,16:23:17.694,ACH/USDT:USDT,0.023017,5538,0.023016,9124,0.023018,49805,0.023019,7192
1753546998099,16:23:18.099,ACH/USDT:USDT,0.023017,5538,0.023016,9124,0.023018,49805,0.023019,7192
1753546998099,16:23:18.099,ACH/USDT:USDT,0.023017,5538,0.023016,9124,0.023018,49805,0.023019,7192
1753546998414,16:23:18.414,ACH/USDT:USDT,0.023017,5538,0.023016,9124,0.023018,49805,0.023019,7192
1753546998817,16:23:18.817,ACH/USDT:USDT,0.023017,5538,0.023016,9124,0.023018,49805,0.023019,7192
1753546998894,16:23:18.894,ACH/USDT:USDT,0.023017,5538,0.023016,9124,0.023018,49805,0.023019,7573
1753546999363,16:23:19.363,ACH/USDT:USDT,0.023017,5538,0.023016,9124,0.023018,49805,0.023019,7192
1753546999415,16:23:19.415,ACH/USDT:USDT,0.023012,1926,0.023011,38453,0.023019,49275,0.02302,27594
1753546999614,16:23:19.614,ACH/USDT:USDT,0.023012,1926,0.023011,55275,0.023019,49275,0.02302,27594
1753547000095,16:23:20.095,ACH/USDT:USDT,0.023014,7395,0.023013,12683,0.023027,40548,0.023028,70351
1753547000095,16:23:20.095,ACH/USDT:USDT,0.023014,7395,0.023013,12683,0.023027,40548,0.023028,71343
1753547000502,16:23:20.502,ACH/USDT:USDT,0.023014,7395,0.023013,12683,0.023027,40548,0.023028,71343
1753547000502,16:23:20.502,ACH/USDT:USDT,0.023014,7395,0.023013,12683,0.023027,40548,0.023028,70351
1753547000815,16:23:20.815,ACH/USDT:USDT,0.023014,7395,0.023013,12683,0.023027,40548,0.023028,70351
1753547001221,16:23:21.221,ACH/USDT:USDT,0.023014,7395,0.023013,12683,0.023027,40548,0.023028,70351
1753547001296,16:23:21.296,ACH/USDT:USDT,0.023014,7395,0.023013,12683,0.023027,40548,0.023028,70351
1753547001699,16:23:21.699,ACH/USDT:USDT,0.023014,7395,0.023013,12683,0.023027,40548,0.023028,70351
1753547001699,16:23:21.699,ACH/USDT:USDT,0.023014,7395,0.023013,12683,0.023027,40548,0.023028,70351
1753547002014,16:23:22.014,ACH/USDT:USDT,0.023014,7395,0.023013,12683,0.023027,40548,0.023028,70351
1753547002417,16:23:22.417,ACH/USDT:USDT,0.023014,7395,0.023013,12683,0.023027,40548,0.023028,70351
1753547002497,16:23:22.497,ACH/USDT:USDT,0.023014,7395,0.023013,12683,0.023027,40548,0.023028,72119
1753547002899,16:23:22.899,ACH/USDT:USDT,0.023014,7395,0.023013,12683,0.023027,40548,0.023028,70351
1753547003047,16:23:23.047,ACH/USDT:USDT,0.023014,7395,0.023013,12683,0.023027,40548,0.023028,70351
1753547003314,16:23:23.314,ACH/USDT:USDT,0.023014,7395,0.023013,18850,0.023027,40548,0.023028,70351
1753547003325,16:23:23.325,ACH/USDT:USDT,0.023024,6582,0.023023,36383,0.02303,70,0.023032,212566
1753547003694,16:23:23.694,ACH/USDT:USDT,0.023024,6582,0.023023,36383,0.02303,70,0.023032,212566
1753547004099,16:23:24.099,ACH/USDT:USDT,0.023024,6582,0.023023,36383,0.02303,70,0.023032,212566
1753547004099,16:23:24.099,ACH/USDT:USDT,0.023024,6582,0.023023,36383,0.02303,70,0.023032,212566
1753547004415,16:23:24.415,ACH/USDT:USDT,0.023024,6582,0.023023,46366,0.02303,70,0.023032,212566
1753547004818,16:23:24.818,ACH/USDT:USDT,0.023024,6582,0.023023,46366,0.02303,70,0.023032,212566
1753547004910,16:23:24.910,ACH/USDT:USDT,0.023024,6582,0.023023,36383,0.02303,70,0.023032,212566
1753547005051,16:23:25.051,ACH/USDT:USDT,0.023018,40446,0.023017,39162,0.023028,8038,0.023029,31190
1753547005615,16:23:25.615,ACH/USDT:USDT,0.023018,40446,0.023017,39162,0.023028,8038,0.023029,31190
1753547005615,16:23:25.615,ACH/USDT:USDT,0.023018,40446,0.023017,39162,0.023028,8038,0.023029,31190
1753547006017,16:23:26.017,ACH/USDT:USDT,0.023018,40446,0.023017,39162,0.023028,8038,0.023029,31190
1753547006096,16:23:26.096,ACH/USDT:USDT,0.023018,40446,0.023017,39162,0.023028,8038,0.023029,31190
1753547006502,16:23:26.502,ACH/USDT:USDT,0.023018,40446,0.023017,39162,0.023028,8038,0.023029,31190
1753547006513,16:23:26.513,ACH/USDT:USDT,0.023016,18087,0.023015,50306,0.023019,36318,0.02302,40692
1753547006819,16:23:26.819,ACH/USDT:USDT,0.023016,18087,0.023015,60286,0.023019,36318,0.02302,40692
1753547007218,16:23:27.218,ACH/USDT:USDT,0.023016,18087,0.023015,50306,0.023019,36318,0.02302,40692
1753547007398,16:23:27.398,ACH/USDT:USDT,0.023012,1926,0.023011,38453,0.023016,1197,0.023017,173225
1753547008015,16:23:28.015,ACH/USDT:USDT,0.023012,1926,0.023011,40082,0.023016,1197,0.023017,173225
1753547008015,16:23:28.015,ACH/USDT:USDT,0.023012,1926,0.023011,40082,0.023016,1197,0.023017,173225
1753547008420,16:23:28.420,ACH/USDT:USDT,0.023012,1926,0.023011,38453,0.023016,1197,0.023017,173225
1753547008498,16:23:28.498,ACH/USDT:USDT,0.023012,1926,0.023011,38453,0.023016,1197,0.023017,173225
1753547008900,16:23:28.900,ACH/USDT:USDT,0.023012,1926,0.023011,38453,0.023016,1197,0.023017,173225
1753547009051,16:23:29.051,ACH/USDT:USDT,0.023012,1926,0.023011,38453,0.023016,1197,0.023017,173225
1753547009214,16:23:29.214,ACH/USDT:USDT,0.023012,1926,0.023011,39821,0.023016,1197,0.023017,173225
1753547009618,16:23:29.618,ACH/USDT:USDT,0.023012,1926,0.023011,39821,0.023016,1197,0.023017,173225
1753547009698,16:23:29.698,ACH/USDT:USDT,0.023012,1926,0.023011,38453,0.023016,1197,0.023017,242791
1753547010107,16:23:30.107,ACH/USDT:USDT,0.023012,1926,0.023011,38453,0.023016,1197,0.023017,242791
1753547010107,16:23:30.107,ACH/USDT:USDT,0.023012,1926,0.023011,38453,0.023016,1197,0.023017,173225
1753547010414,16:23:30.414,ACH/USDT:USDT,0.023012,1926,0.023011,39822,0.023016,1197,0.023017,173225
1753547010818,16:23:30.818,ACH/USDT:USDT,0.023012,1926,0.023011,38453,0.023016,1197,0.023017,173225
1753547010897,16:23:30.897,ACH/USDT:USDT,0.023012,1926,0.023011,38453,0.023016,1197,0.023017,237004
1753547011300,16:23:31.300,ACH/USDT:USDT,0.023012,1926,0.023011,38453,0.023016,1197,0.023017,237004
1753547011300,16:23:31.300,ACH/USDT:USDT,0.023012,1926,0.023011,38453,0.023016,1197,0.023017,173225
1753547011616,16:23:31.616,ACH/USDT:USDT,0.023012,1926,0.023011,39732,0.023016,1197,0.023017,173225
1753547012018,16:23:32.018,ACH/USDT:USDT,0.023012,1926,0.023011,38453,0.023016,1197,0.023017,173225
1753547012099,16:23:32.099,ACH/USDT:USDT,0.023012,1926,0.023011,38453,0.023016,1197,0.023017,191893
1753547012503,16:23:32.503,ACH/USDT:USDT,0.023012,1926,0.023011,38453,0.023016,1197,0.023017,173225
1753547012503,16:23:32.503,ACH/USDT:USDT,0.023012,1926,0.023011,38453,0.023016,1197,0.023017,173225
1753547012816,16:23:32.816,ACH/USDT:USDT,0.023012,1926,0.023011,38453,0.023016,1197,0.023017,173225
1753547013219,16:23:33.219,ACH/USDT:USDT,0.023012,1926,0.023011,38453,0.023016,1197,0.023017,173225
1753547013415,16:23:33.415,ACH/USDT:USDT,0.023014,3398,0.023013,8877,0.023017,4170,0.023018,28651
1753547014064,16:23:34.064,ACH/USDT:USDT,0.023014,3398,0.023013,8877,0.023017,4170,0.023018,28651
1753547014064,16:23:34.064,ACH/USDT:USDT,0.023014,3398,0.023013,12594,0.023017,4170,0.023018,28651
1753547014466,16:23:34.466,ACH/USDT:USDT,0.023014,3398,0.023013,12594,0.023017,4170,0.023018,28651
1753547014498,16:23:34.498,ACH/USDT:USDT,0.023014,3398,0.023013,8877,0.023017,4170,0.023018,40493
1753547014901,16:23:34.901,ACH/USDT:USDT,0.023014,3398,0.023013,8877,0.023017,4170,0.023018,40493
1753547015051,16:23:35.051,ACH/USDT:USDT,0.023014,3398,0.023013,8877,0.023017,4170,0.023018,28651
1753547015263,16:23:35.263,ACH/USDT:USDT,0.023014,3398,0.023013,8877,0.023017,4170,0.023018,28651
1753547015666,16:23:35.666,ACH/USDT:USDT,0.023014,3398,0.023013,8877,0.023017,4170,0.023018,28651
1753547015827,16:23:35.827,ACH/USDT:USDT,0.023014,3398,0.023013,8877,0.023017,4170,0.023018,28651
1753547016103,16:23:36.103,ACH/USDT:USDT,0.023014,3398,0.023013,8877,0.023017,4170,0.023018,28651
1753547016103,16:23:36.103,ACH/USDT:USDT,0.023014,3398,0.023013,8877,0.023017,4170,0.023018,28651
1753547016463,16:23:36.463,ACH/USDT:USDT,0.023014,3398,0.023013,8877,0.023017,4170,0.023018,28651
1753547016867,16:23:36.867,ACH/USDT:USDT,0.023014,3398,0.023013,8877,0.023017,4170,0.023018,28651
1753547016898,16:23:36.898,ACH/USDT:USDT,0.023014,3398,0.023013,8877,0.023017,4170,0.023018,47971
1753547017303,16:23:37.303,ACH/USDT:USDT,0.023014,3398,0.023013,8877,0.023017,4170,0.023018,37558
1753547017303,16:23:37.303,ACH/USDT:USDT,0.023014,3398,0.023013,8877,0.023017,4170,0.023018,28651
1753547017665,16:23:37.665,ACH/USDT:USDT,0.023014,3398,0.023013,8877,0.023017,4170,0.023018,28651
1753547018069,16:23:38.069,ACH/USDT:USDT,0.023014,3398,0.023013,8877,0.023017,4170,0.023018,28651
1753547018100,16:23:38.100,ACH/USDT:USDT,0.023014,3398,0.023013,8877,0.023017,4170,0.023018,28651
1753547018504,16:23:38.504,ACH/USDT:USDT,0.023014,3398,0.023013,8877,0.023017,4170,0.023018,28651
1753547018504,16:23:38.504,ACH/USDT:USDT,0.023014,3398,0.023013,8877,0.023017,4170,0.023018,28651
1753547018864,16:23:38.864,ACH/USDT:USDT,0.023014,3398,0.023013,11568,0.023017,4170,0.023018,28651
1753547019269,16:23:39.269,ACH/USDT:USDT,0.023014,3398,0.023013,8877,0.023017,4170,0.023018,28651
1753547019423,16:23:39.423,ACH/USDT:USDT,0.023013,1416,0.023012,57924,0.023015,3646,0.023016,26536
1753547020064,16:23:40.064,ACH/USDT:USDT,0.023013,1416,0.023012,57924,0.023015,3646,0.023016,26536
1753547020064,16:23:40.064,ACH/USDT:USDT,0.023013,1416,0.023012,57924,0.023015,3646,0.023016,26536
1753547020467,16:23:40.467,ACH/USDT:USDT,0.023013,1416,0.023012,57924,0.023015,3646,0.023016,26536
1753547020563,16:23:40.563,ACH/USDT:USDT,0.023013,1416,0.023012,57924,0.023015,3646,0.023016,26536
1753547020966,16:23:40.966,ACH/USDT:USDT,0.023013,1416,0.023012,57924,0.023015,3646,0.023016,26536
1753547021051,16:23:41.051,ACH/USDT:USDT,0.023013,1416,0.023012,57924,0.023015,3646,0.023016,26536
1753547021265,16:23:41.265,ACH/USDT:USDT,0.023013,1416,0.023012,57924,0.023015,3646,0.023016,26536
1753547021667,16:23:41.667,ACH/USDT:USDT,0.023013,1416,0.023012,57924,0.023015,3646,0.023016,26536
1753547021831,16:23:41.831,ACH/USDT:USDT,0.023013,1416,0.023012,57924,0.023015,3646,0.023016,33720
1753547022166,16:23:42.166,ACH/USDT:USDT,0.023013,1416,0.023012,57924,0.023015,3646,0.023016,33720
1753547022166,16:23:42.166,ACH/USDT:USDT,0.023013,1416,0.023012,57924,0.023015,3646,0.023016,26536
1753547022464,16:23:42.464,ACH/USDT:USDT,0.023013,1416,0.023012,57924,0.023015,3646,0.023016,26536
1753547022867,16:23:42.867,ACH/USDT:USDT,0.023013,1416,0.023012,57924,0.023015,3646,0.023016,26536
1753547022963,16:23:42.963,ACH/USDT:USDT,0.023013,1416,0.023012,57924,0.023015,3646,0.023016,32650
1753547023366,16:23:43.366,ACH/USDT:USDT,0.023013,1416,0.023012,57924,0.023015,3646,0.023016,32650
1753547023366,16:23:43.366,ACH/USDT:USDT,0.023013,1416,0.023012,57924,0.023015,3646,0.023016,26536
1753547023667,16:23:43.667,ACH/USDT:USDT,0.023013,1416,0.023012,57924,0.023015,3646,0.023016,26536
1753547024069,16:23:44.069,ACH/USDT:USDT,0.023013,1416,0.023012,57924,0.023015,3646,0.023016,26536
1753547024163,16:23:44.163,ACH/USDT:USDT,0.023013,1416,0.023012,57924,0.023015,3646,0.023016,29392
1753547024567,16:23:44.567,ACH/USDT:USDT,0.023013,1416,0.023012,57924,0.023015,3646,0.023016,26536
1753547024567,16:23:44.567,ACH/USDT:USDT,0.023013,1416,0.023012,57924,0.023015,3646,0.023016,26536
1753547024865,16:23:44.865,ACH/USDT:USDT,0.023013,1416,0.023012,82506,0.023015,3646,0.023016,26536
1753547025269,16:23:45.269,ACH/USDT:USDT,0.023013,1416,0.023012,57924,0.023015,3646,0.023016,26536
1753547025428,16:23:45.428,ACH/USDT:USDT,0.023014,883,0.023013,1124,0.023015,8927,0.023016,905
1753547026065,16:23:46.065,ACH/USDT:USDT,0.023014,883,0.023013,1124,0.023015,8927,0.023016,905
1753547026065,16:23:46.065,ACH/USDT:USDT,0.023014,883,0.023013,1124,0.023015,8927,0.023016,905
1753547026469,16:23:46.469,ACH/USDT:USDT,0.023014,883,0.023013,1124,0.023015,8927,0.023016,905
1753547026564,16:23:46.564,ACH/USDT:USDT,0.023014,883,0.023013,1124,0.023015,8927,0.023016,905
1753547026967,16:23:46.967,ACH/USDT:USDT,0.023014,883,0.023013,1124,0.023015,8927,0.023016,905
1753547027056,16:23:47.056,ACH/USDT:USDT,0.023014,883,0.023013,1124,0.023015,8927,0.023016,905
1753547027266,16:23:47.266,ACH/USDT:USDT,0.023014,883,0.023013,1124,0.023015,8927,0.023016,905
1753547027670,16:23:47.670,ACH/USDT:USDT,0.023014,883,0.023013,1124,0.023015,8927,0.023016,905
1753547027832,16:23:47.832,ACH/USDT:USDT,0.023014,883,0.023013,1124,0.023015,8927,0.023016,1276
1753547028169,16:23:48.169,ACH/USDT:USDT,0.023014,883,0.023013,1124,0.023015,8927,0.023016,905
1753547028169,16:23:48.169,ACH/USDT:USDT,0.023014,883,0.023013,1124,0.023015,8927,0.023016,905
1753547028467,16:23:48.467,ACH/USDT:USDT,0.023014,883,0.023013,1377,0.023015,8927,0.023016,905
1753547028870,16:23:48.870,ACH/USDT:USDT,0.023014,883,0.023013,1377,0.023015,8927,0.023016,905
1753547028966,16:23:48.966,ACH/USDT:USDT,0.023014,883,0.023013,1124,0.023015,8927,0.023016,905
1753547029370,16:23:49.370,ACH/USDT:USDT,0.023014,883,0.023013,1124,0.023015,8927,0.023016,905
1753547029370,16:23:49.370,ACH/USDT:USDT,0.023014,883,0.023013,1124,0.023015,8927,0.023016,905
1753547029666,16:23:49.666,ACH/USDT:USDT,0.023014,883,0.023013,1124,0.023015,8927,0.023016,905
1753547030070,16:23:50.070,ACH/USDT:USDT,0.023014,883,0.023013,1124,0.023015,8927,0.023016,905
1753547030166,16:23:50.166,ACH/USDT:USDT,0.023014,883,0.023013,1124,0.023015,8927,0.023016,1194
1753547030569,16:23:50.569,ACH/USDT:USDT,0.023014,883,0.023013,1124,0.023015,8927,0.023016,1064
1753547030569,16:23:50.569,ACH/USDT:USDT,0.023014,883,0.023013,1124,0.023015,8927,0.023016,905
1753547030866,16:23:50.866,ACH/USDT:USDT,0.023014,883,0.023013,1551,0.023015,8927,0.023016,905
1753547031271,16:23:51.271,ACH/USDT:USDT,0.023014,883,0.023013,1551,0.023015,8927,0.023016,905
1753547031434,16:23:51.434,ACH/USDT:USDT,0.02301,2551,0.023009,2198,0.023012,27234,0.023013,18513
1753547032067,16:23:52.067,ACH/USDT:USDT,0.02301,2551,0.023009,2198,0.023012,27234,0.023013,18513
1753547032113,16:23:52.113,ACH/USDT:USDT,0.02301,2551,0.023009,3183,0.023012,27234,0.023013,18513
1753547032471,16:23:52.471,ACH/USDT:USDT,0.02301,2551,0.023009,3183,0.023012,27234,0.023013,18513
1753547032589,16:23:52.589,ACH/USDT:USDT,0.023005,21788,0.023004,84041,0.023007,15766,0.023008,21459
1753547033267,16:23:53.267,ACH/USDT:USDT,0.023005,21788,0.023004,84041,0.023007,15766,0.023008,21459
1753547033267,16:23:53.267,ACH/USDT:USDT,0.023005,21788,0.023004,84041,0.023007,15766,0.023008,21459
1753547033674,16:23:53.674,ACH/USDT:USDT,0.023005,21788,0.023004,84041,0.023007,15766,0.023008,21459
1753547033838,16:23:53.838,ACH/USDT:USDT,0.023005,21788,0.023004,84041,0.023007,15766,0.023008,24499
1753547034169,16:23:54.169,ACH/USDT:USDT,0.023005,21788,0.023004,84041,0.023007,15766,0.023008,24499
1753547034169,16:23:54.169,ACH/USDT:USDT,0.023005,21788,0.023004,84041,0.023007,15766,0.023008,21459
1753547034469,16:23:54.469,ACH/USDT:USDT,0.023005,21788,0.023004,84041,0.023007,15766,0.023008,21459
1753547034872,16:23:54.872,ACH/USDT:USDT,0.023005,21788,0.023004,84041,0.023007,15766,0.023008,21459
1753547034967,16:23:54.967,ACH/USDT:USDT,0.023005,21788,0.023004,84041,0.023007,15766,0.023008,21459
1753547035370,16:23:55.370,ACH/USDT:USDT,0.023005,21788,0.023004,84041,0.023007,15766,0.023008,21459
1753547035370,16:23:55.370,ACH/USDT:USDT,0.023005,21788,0.023004,84041,0.023007,15766,0.023008,21459
1753547035669,16:23:55.669,ACH/USDT:USDT,0.023005,21788,0.023004,84041,0.023007,15766,0.023008,21459
1753547036071,16:23:56.071,ACH/USDT:USDT,0.023005,21788,0.023004,84041,0.023007,15766,0.023008,21459
1753547036167,16:23:56.167,ACH/USDT:USDT,0.023005,21788,0.023004,84041,0.023007,15766,0.023008,21459
1753547036570,16:23:56.570,ACH/USDT:USDT,0.023005,21788,0.023004,84041,0.023007,15766,0.023008,21459
1753547036570,16:23:56.570,ACH/USDT:USDT,0.023005,21788,0.023004,84041,0.023007,15766,0.023008,21459
1753547036869,16:23:56.869,ACH/USDT:USDT,0.023005,21788,0.023004,84041,0.023007,15766,0.023008,21459
1753547037275,16:23:57.275,ACH/USDT:USDT,0.023005,21788,0.023004,84041,0.023007,15766,0.023008,21459
1753547037368,16:23:57.368,ACH/USDT:USDT,0.023005,21788,0.023004,84041,0.023007,15766,0.023008,32808
1753547037771,16:23:57.771,ACH/USDT:USDT,0.023005,21788,0.023004,84041,0.023007,15766,0.023008,25456
1753547037771,16:23:57.771,ACH/USDT:USDT,0.023005,21788,0.023004,84041,0.023007,15766,0.023008,21459
1753547038117,16:23:58.117,ACH/USDT:USDT,0.023005,21788,0.023004,84041,0.023007,15766,0.023008,21459
1753547038568,16:23:58.568,ACH/USDT:USDT,0.023003,1054,0.023002,2845,0.023004,10059,0.023005,9569
1753547038568,16:23:58.568,ACH/USDT:USDT,0.023003,1054,0.023002,2845,0.023004,10059,0.023005,11130
1753547038971,16:23:58.971,ACH/USDT:USDT,0.023003,1054,0.023002,2845,0.023004,10059,0.023005,11130
1753547038971,16:23:58.971,ACH/USDT:USDT,0.023003,1054,0.023002,2845,0.023004,10059,0.023005,9569
1753547039271,16:23:59.271,ACH/USDT:USDT,0.023003,1054,0.023002,2845,0.023004,10059,0.023005,9569
1753547039674,16:23:59.674,ACH/USDT:USDT,0.023003,1054,0.023002,2845,0.023004,10059,0.023005,9569
1753547039839,16:23:59.839,ACH/USDT:USDT,0.023003,1054,0.023002,2845,0.023004,10059,0.023005,12109
1753547040038,16:24:00.038,ACH/USDT:USDT,0.022993,93246,0.022992,42681,0.022996,134081,0.022997,6945
1753547040470,16:24:00.470,ACH/USDT:USDT,0.022999,1925,0.022998,32082,0.023001,2059,0.023002,8796
1753547040470,16:24:00.470,ACH/USDT:USDT,0.022999,1925,0.022998,32082,0.023001,2059,0.023002,8796
1753547040875,16:24:00.875,ACH/USDT:USDT,0.022999,1925,0.022998,32082,0.023001,2059,0.023002,8796
1753547040969,16:24:00.969,ACH/USDT:USDT,0.022999,1925,0.022998,32082,0.023001,2059,0.023002,8796
1753547041377,16:24:01.377,ACH/USDT:USDT,0.022999,1925,0.022998,32082,0.023001,2059,0.023002,8796
1753547041377,16:24:01.377,ACH/USDT:USDT,0.022999,1925,0.022998,32082,0.023001,2059,0.023002,8796
1753547041674,16:24:01.674,ACH/USDT:USDT,0.022999,1925,0.022998,32082,0.023001,2059,0.023002,8796
1753547042170,16:24:02.170,ACH/USDT:USDT,0.022999,1925,0.022998,32082,0.023001,2059,0.023002,8796
1753547042170,16:24:02.170,ACH/USDT:USDT,0.022999,1925,0.022998,32082,0.023001,2059,0.023002,8796
1753547042575,16:24:02.575,ACH/USDT:USDT,0.022999,1925,0.022998,32082,0.023001,2059,0.023002,8796
1753547042575,16:24:02.575,ACH/USDT:USDT,0.022999,1925,0.022998,32082,0.023001,2059,0.023002,8796
1753547042871,16:24:02.871,ACH/USDT:USDT,0.022999,1925,0.022998,32082,0.023001,2059,0.023002,8796
1753547043277,16:24:03.277,ACH/USDT:USDT,0.022999,1925,0.022998,32082,0.023001,2059,0.023002,8796
1753547043371,16:24:03.371,ACH/USDT:USDT,0.022999,1925,0.022998,32082,0.023001,2059,0.023002,8796
1753547043774,16:24:03.774,ACH/USDT:USDT,0.022999,1925,0.022998,32082,0.023001,2059,0.023002,8796
1753547043774,16:24:03.774,ACH/USDT:USDT,0.022999,1925,0.022998,32082,0.023001,2059,0.023002,8796
1753547044123,16:24:04.123,ACH/USDT:USDT,0.022999,1925,0.022998,45721,0.023001,2059,0.023002,8796
1753547044475,16:24:04.475,ACH/USDT:USDT,0.022999,1925,0.022998,32082,0.023001,2059,0.023002,8796
1753547044571,16:24:04.571,ACH/USDT:USDT,0.022999,1925,0.022998,32082,0.023001,2059,0.023002,22678
1753547044975,16:24:04.975,ACH/USDT:USDT,0.022999,1925,0.022998,32082,0.023001,2059,0.023002,16530
1753547044975,16:24:04.975,ACH/USDT:USDT,0.022999,1925,0.022998,32082,0.023001,2059,0.023002,8796
1753547045467,16:24:05.467,ACH/USDT:USDT,0.022999,1925,0.022998,32082,0.023001,2059,0.023002,8796
1753547045480,16:24:05.480,ACH/USDT:USDT,0.022999,65826,0.022998,36906,0.023003,10882,0.023004,5679
1753547045837,16:24:05.837,ACH/USDT:USDT,0.022999,65826,0.022998,36906,0.023003,10882,0.023004,5679
1753547046175,16:24:06.175,ACH/USDT:USDT,0.022999,65826,0.022998,36906,0.023003,10882,0.023004,5679
1753547046175,16:24:06.175,ACH/USDT:USDT,0.022999,65826,0.022998,36906,0.023003,10882,0.023004,5679
1753547046474,16:24:06.474,ACH/USDT:USDT,0.022999,65826,0.022998,36906,0.023003,10882,0.023004,5679
1753547046972,16:24:06.972,ACH/USDT:USDT,0.022999,65826,0.022998,36906,0.023003,10882,0.023004,7592
1753547046972,16:24:06.972,ACH/USDT:USDT,0.022999,65826,0.022998,36906,0.023003,10882,0.023004,7592
1753547047378,16:24:07.378,ACH/USDT:USDT,0.022999,65826,0.022998,36906,0.023003,10882,0.023004,5679
1753547047378,16:24:07.378,ACH/USDT:USDT,0.022999,65826,0.022998,36906,0.023003,10882,0.023004,5679
1753547047673,16:24:07.673,ACH/USDT:USDT,0.022999,65826,0.022998,36906,0.023003,10882,0.023004,5679
1753547048173,16:24:08.173,ACH/USDT:USDT,0.022999,65826,0.022998,36906,0.023003,10882,0.023004,5679
1753547048173,16:24:08.173,ACH/USDT:USDT,0.022999,65826,0.022998,36906,0.023003,10882,0.023004,5679
1753547048576,16:24:08.576,ACH/USDT:USDT,0.022999,65826,0.022998,36906,0.023003,10882,0.023004,5679
1753547048576,16:24:08.576,ACH/USDT:USDT,0.022999,65826,0.022998,36906,0.023003,10882,0.023004,5679
1753547048871,16:24:08.871,ACH/USDT:USDT,0.022999,65826,0.022998,36906,0.023003,10882,0.023004,5679
1753547049277,16:24:09.277,ACH/USDT:USDT,0.022999,65826,0.022998,36906,0.023003,10882,0.023004,5679
1753547049373,16:24:09.373,ACH/USDT:USDT,0.022999,65826,0.022998,36906,0.023003,10882,0.023004,5679
1753547049776,16:24:09.776,ACH/USDT:USDT,0.022999,65826,0.022998,36906,0.023003,10882,0.023004,5679
1753547049777,16:24:09.777,ACH/USDT:USDT,0.022999,65826,0.022998,36906,0.023003,10882,0.023004,5679
1753547050120,16:24:10.120,ACH/USDT:USDT,0.022999,65826,0.022998,36906,0.023003,10882,0.023004,5679
1753547050475,16:24:10.475,ACH/USDT:USDT,0.022999,65826,0.022998,36906,0.023003,10882,0.023004,5679
1753547050578,16:24:10.578,ACH/USDT:USDT,0.022999,65826,0.022998,36906,0.023003,10882,0.023004,5679
1753547050778,16:24:10.778,ACH/USDT:USDT,0.022995,3042,0.022994,3952,0.023003,10882,0.023004,5679
1753547050981,16:24:10.981,ACH/USDT:USDT,0.022995,3042,0.022994,3952,0.023003,10882,0.023004,5679
1753547051467,16:24:11.467,ACH/USDT:USDT,0.022997,24736,0.022996,16092,0.023002,961,0.023003,10882
1753547051480,16:24:11.480,ACH/USDT:USDT,0.023001,6693,0.023,9739,0.023002,961,0.023003,12736
1753547051845,16:24:11.845,ACH/USDT:USDT,0.023001,6693,0.023,9739,0.023002,961,0.023003,16192
1753547052178,16:24:12.178,ACH/USDT:USDT,0.023001,6693,0.023,9739,0.023002,961,0.023003,14374
1753547052178,16:24:12.178,ACH/USDT:USDT,0.023001,6693,0.023,9739,0.023002,961,0.023003,12736
1753547052473,16:24:12.473,ACH/USDT:USDT,0.023001,6693,0.023,9739,0.023002,961,0.023003,12736
1753547052876,16:24:12.876,ACH/USDT:USDT,0.023001,6693,0.023,9739,0.023002,961,0.023003,12736
1753547052975,16:24:12.975,ACH/USDT:USDT,0.023001,6693,0.023,9739,0.023002,961,0.023003,14614
1753547053378,16:24:13.378,ACH/USDT:USDT,0.023001,6693,0.023,9739,0.023002,961,0.023003,12736
1753547053379,16:24:13.379,ACH/USDT:USDT,0.023001,6693,0.023,9739,0.023002,961,0.023003,12736
1753547053671,16:24:13.671,ACH/USDT:USDT,0.023001,6693,0.023,9739,0.023002,961,0.023003,12736
1753547054076,16:24:14.076,ACH/USDT:USDT,0.023001,6693,0.023,9739,0.023002,961,0.023003,12736
1753547054174,16:24:14.174,ACH/USDT:USDT,0.023001,6693,0.023,9739,0.023002,961,0.023003,17697
1753547054580,16:24:14.580,ACH/USDT:USDT,0.023001,6693,0.023,9739,0.023002,961,0.023003,12736
1753547054580,16:24:14.580,ACH/USDT:USDT,0.023001,6693,0.023,9739,0.023002,961,0.023003,12736
1753547054874,16:24:14.874,ACH/USDT:USDT,0.023001,6693,0.023,9739,0.023002,961,0.023003,12736
1753547055277,16:24:15.277,ACH/USDT:USDT,0.023001,6693,0.023,9739,0.023002,961,0.023003,12736
1753547055375,16:24:15.375,ACH/USDT:USDT,0.023001,6693,0.023,9739,0.023002,961,0.023003,15279
1753547055778,16:24:15.778,ACH/USDT:USDT,0.023001,6693,0.023,9739,0.023002,961,0.023003,15279
1753547055778,16:24:15.778,ACH/USDT:USDT,0.023001,6693,0.023,9739,0.023002,961,0.023003,12736
1753547056123,16:24:16.123,ACH/USDT:USDT,0.023001,6693,0.023,9739,0.023002,961,0.023003,12736
1753547056477,16:24:16.477,ACH/USDT:USDT,0.023001,6693,0.023,9739,0.023002,961,0.023003,12736
1753547056576,16:24:16.576,ACH/USDT:USDT,0.023001,6693,0.023,9739,0.023002,961,0.023003,12736
1753547056978,16:24:16.978,ACH/USDT:USDT,0.023001,6693,0.023,9739,0.023002,961,0.023003,12736
1753547056978,16:24:16.978,ACH/USDT:USDT,0.023001,6693,0.023,9739,0.023002,961,0.023003,12736
1753547057470,16:24:17.470,ACH/USDT:USDT,0.023001,6693,0.023,12092,0.023002,961,0.023003,12736
1753547057484,16:24:17.484,ACH/USDT:USDT,0.023003,52985,0.023002,900,0.023005,10437,0.023006,1139
1753547057937,16:24:17.937,ACH/USDT:USDT,0.023003,52985,0.023002,900,0.023005,10437,0.023006,1139
1753547057992,16:24:17.992,ACH/USDT:USDT,0.023012,49744,0.023011,65721,0.023016,24307,0.023017,1756
1753547058475,16:24:18.475,ACH/USDT:USDT,0.023012,49744,0.023011,80557,0.023016,24307,0.023017,1756
1753547058475,16:24:18.475,ACH/USDT:USDT,0.023012,49744,0.023011,80557,0.023016,24307,0.023017,1756
1753547058877,16:24:18.877,ACH/USDT:USDT,0.023012,49744,0.023011,65721,0.023016,24307,0.023017,1756
1753547058975,16:24:18.975,ACH/USDT:USDT,0.023012,49744,0.023011,65721,0.023016,24307,0.023017,2033
1753547059379,16:24:19.379,ACH/USDT:USDT,0.023012,49744,0.023011,65721,0.023016,24307,0.023017,1756
1753547059379,16:24:19.379,ACH/USDT:USDT,0.023012,49744,0.023011,65721,0.023016,24307,0.023017,1756
1753547059676,16:24:19.676,ACH/USDT:USDT,0.023012,49744,0.023011,94186,0.023016,24307,0.023017,1756
1753547060176,16:24:20.176,ACH/USDT:USDT,0.023012,49744,0.023011,65721,0.023016,24307,0.023017,1756
1753547060176,16:24:20.176,ACH/USDT:USDT,0.023012,49744,0.023011,65721,0.023016,24307,0.023017,1756
1753547060579,16:24:20.579,ACH/USDT:USDT,0.023012,49744,0.023011,65721,0.023016,24307,0.023017,1756
1753547060579,16:24:20.579,ACH/USDT:USDT,0.023012,49744,0.023011,65721,0.023016,24307,0.023017,1756
1753547060875,16:24:20.875,ACH/USDT:USDT,0.023012,49744,0.023011,65721,0.023016,24307,0.023017,1756
1753547061277,16:24:21.277,ACH/USDT:USDT,0.023012,49744,0.023011,65721,0.023016,24307,0.023017,1756
1753547061377,16:24:21.377,ACH/USDT:USDT,0.023012,49744,0.023011,65721,0.023016,24307,0.023017,1756
1753547061780,16:24:21.780,ACH/USDT:USDT,0.023012,49744,0.023011,65721,0.023016,24307,0.023017,1756
1753547061780,16:24:21.780,ACH/USDT:USDT,0.023012,49744,0.023011,65721,0.023016,24307,0.023017,1756
1753547062125,16:24:22.125,ACH/USDT:USDT,0.023012,49744,0.023011,76306,0.023016,24307,0.023017,1756
1753547062478,16:24:22.478,ACH/USDT:USDT,0.023012,49744,0.023011,65721,0.023016,24307,0.023017,1756
1753547062576,16:24:22.576,ACH/USDT:USDT,0.023012,49744,0.023011,65721,0.023016,24307,0.023017,1756
1753547062852,16:24:22.852,ACH/USDT:USDT,0.023018,20711,0.023017,470198,0.02302,58589,0.023021,38880
1753547063274,16:24:23.274,ACH/USDT:USDT,0.023018,20711,0.023017,589008,0.02302,58589,0.023021,38880
1753547063274,16:24:23.274,ACH/USDT:USDT,0.023018,20711,0.023017,589008,0.02302,58589,0.023021,38880
1753547063679,16:24:23.679,ACH/USDT:USDT,0.023018,20711,0.023017,470198,0.02302,58589,0.023021,38880
1753547063850,16:24:23.850,ACH/USDT:USDT,0.023018,20711,0.023017,470198,0.02302,58589,0.023021,38880
1753547064180,16:24:24.180,ACH/USDT:USDT,0.023018,20711,0.023017,470198,0.02302,58589,0.023021,38880
1753547064180,16:24:24.180,ACH/USDT:USDT,0.023018,20711,0.023017,470198,0.02302,58589,0.023021,38880
1753547064478,16:24:24.478,ACH/USDT:USDT,0.023018,20711,0.023017,470198,0.02302,58589,0.023021,38880
1753547064879,16:24:24.879,ACH/USDT:USDT,0.023018,20711,0.023017,470198,0.02302,58589,0.023021,38880
1753547064976,16:24:24.976,ACH/USDT:USDT,0.023018,20711,0.023017,470198,0.02302,58589,0.023021,39981
1753547065381,16:24:25.381,ACH/USDT:USDT,0.023018,20711,0.023017,470198,0.02302,58589,0.023021,39981
1753547065381,16:24:25.381,ACH/USDT:USDT,0.023018,20711,0.023017,470198,0.02302,58589,0.023021,38880
1753547065675,16:24:25.675,ACH/USDT:USDT,0.023018,20711,0.023017,470198,0.02302,58589,0.023021,38880
1753547066076,16:24:26.076,ACH/USDT:USDT,0.023018,20711,0.023017,470198,0.02302,58589,0.023021,38880
1753547066177,16:24:26.177,ACH/USDT:USDT,0.023018,20711,0.023017,470198,0.02302,58589,0.023021,38880
1753547066581,16:24:26.581,ACH/USDT:USDT,0.023018,20711,0.023017,470198,0.02302,58589,0.023021,38880
1753547066581,16:24:26.581,ACH/USDT:USDT,0.023018,20711,0.023017,470198,0.02302,58589,0.023021,38880
1753547066874,16:24:26.874,ACH/USDT:USDT,0.023018,20711,0.023017,470198,0.02302,58589,0.023021,38880
1753547067278,16:24:27.278,ACH/USDT:USDT,0.023018,20711,0.023017,470198,0.02302,58589,0.023021,38880
1753547067378,16:24:27.378,ACH/USDT:USDT,0.023018,20711,0.023017,470198,0.02302,58589,0.023021,39802
1753547067782,16:24:27.782,ACH/USDT:USDT,0.023018,20711,0.023017,470198,0.02302,58589,0.023021,38880
1753547067782,16:24:27.782,ACH/USDT:USDT,0.023018,20711,0.023017,470198,0.02302,58589,0.023021,38880
1753547068126,16:24:28.126,ACH/USDT:USDT,0.023018,20711,0.023017,470198,0.02302,58589,0.023021,38880
1753547068479,16:24:28.479,ACH/USDT:USDT,0.023018,20711,0.023017,470198,0.02302,58589,0.023021,38880
1753547068578,16:24:28.578,ACH/USDT:USDT,0.023022,13983,0.023021,12291,0.023023,1072,0.023024,4814
1753547068981,16:24:28.981,ACH/USDT:USDT,0.023022,13983,0.023021,12291,0.023023,1072,0.023024,4814
1753547068981,16:24:28.981,ACH/USDT:USDT,0.023022,13983,0.023021,12291,0.023023,1072,0.023024,4814
1753547069275,16:24:29.275,ACH/USDT:USDT,0.023022,13983,0.023021,12291,0.023023,1072,0.023024,4814
1753547069679,16:24:29.679,ACH/USDT:USDT,0.023022,13983,0.023021,12291,0.023023,1072,0.023024,4814
1753547069852,16:24:29.852,ACH/USDT:USDT,0.023022,13983,0.023021,12291,0.023023,1072,0.023024,6273
1753547070181,16:24:30.181,ACH/USDT:USDT,0.023022,13983,0.023021,12291,0.023023,1072,0.023024,6273
1753547070181,16:24:30.181,ACH/USDT:USDT,0.023022,13983,0.023021,12291,0.023023,1072,0.023024,4814
1753547070477,16:24:30.477,ACH/USDT:USDT,0.023022,13983,0.023021,12291,0.023023,1072,0.023024,4814
1753547070978,16:24:30.978,ACH/USDT:USDT,0.023022,13983,0.023021,12291,0.023023,1072,0.023024,6553
1753547070978,16:24:30.978,ACH/USDT:USDT,0.023022,13983,0.023021,12291,0.023023,1072,0.023024,6553
1753547071381,16:24:31.381,ACH/USDT:USDT,0.023022,13983,0.023021,12291,0.023023,1072,0.023024,4814
1753547071381,16:24:31.381,ACH/USDT:USDT,0.023022,13983,0.023021,12291,0.023023,1072,0.023024,4814
1753547071676,16:24:31.676,ACH/USDT:USDT,0.023022,13983,0.023021,13601,0.023023,1072,0.023024,4814
1753547072079,16:24:32.079,ACH/USDT:USDT,0.023022,13983,0.023021,12291,0.023023,1072,0.023024,4814
1753547072179,16:24:32.179,ACH/USDT:USDT,0.023022,13983,0.023021,12291,0.023023,1072,0.023024,4814
1753547072583,16:24:32.583,ACH/USDT:USDT,0.023022,13983,0.023021,12291,0.023023,1072,0.023024,4814
1753547072583,16:24:32.583,ACH/USDT:USDT,0.023022,13983,0.023021,12291,0.023023,1072,0.023024,4814
1753547072876,16:24:32.876,ACH/USDT:USDT,0.023022,13983,0.023021,12291,0.023023,1072,0.023024,4814
1753547073280,16:24:33.280,ACH/USDT:USDT,0.023022,13983,0.023021,12291,0.023023,1072,0.023024,4814
1753547073429,16:24:33.429,ACH/USDT:USDT,0.023027,58021,0.023026,41981,0.023028,17153,0.023029,7620
1753547074076,16:24:34.076,ACH/USDT:USDT,0.023027,58021,0.023026,41981,0.023028,17153,0.023029,7620
1753547074127,16:24:34.127,ACH/USDT:USDT,0.023027,58021,0.023026,41981,0.023028,17153,0.023029,7620
1753547074480,16:24:34.480,ACH/USDT:USDT,0.023027,58021,0.023026,41981,0.023028,17153,0.023029,7620
1753547074579,16:24:34.579,ACH/USDT:USDT,0.023027,58021,0.023026,41981,0.023028,17153,0.023029,7620
1753547074983,16:24:34.983,ACH/USDT:USDT,0.023027,58021,0.023026,41981,0.023028,17153,0.023029,7620
1753547074983,16:24:34.983,ACH/USDT:USDT,0.023027,58021,0.023026,41981,0.023028,17153,0.023029,7620
1753547075276,16:24:35.276,ACH/USDT:USDT,0.023027,58021,0.023026,41981,0.023028,17153,0.023029,7620
1753547075539,16:24:35.539,ACH/USDT:USDT,0.023029,175798,0.023028,546616,0.02303,70,0.023036,44388
1753547075855,16:24:35.855,ACH/USDT:USDT,0.023029,175798,0.023028,546616,0.02303,70,0.023036,44388
1753547076182,16:24:36.182,ACH/USDT:USDT,0.023029,175798,0.023028,546616,0.02303,70,0.023036,44388
1753547076182,16:24:36.182,ACH/USDT:USDT,0.023029,175798,0.023028,546616,0.02303,70,0.023036,44388
1753547076488,16:24:36.488,ACH/USDT:USDT,0.023029,175798,0.023028,900119,0.02303,70,0.023036,44388
1753547076881,16:24:36.881,ACH/USDT:USDT,0.023029,175798,0.023028,546616,0.023036,2692,0.023037,92323
1753547076980,16:24:36.980,ACH/USDT:USDT,0.023029,175798,0.023028,546616,0.023036,2692,0.023037,92323
1753547077383,16:24:37.383,ACH/USDT:USDT,0.023029,175798,0.023028,546616,0.023036,2692,0.023037,92323
1753547077383,16:24:37.383,ACH/USDT:USDT,0.023029,175798,0.023028,546616,0.023036,2692,0.023037,92323
1753547077806,16:24:37.806,ACH/USDT:USDT,0.023029,175798,0.023028,631558,0.023036,2692,0.023037,92323
1753547077818,16:24:37.818,ACH/USDT:USDT,0.023035,44878,0.023034,7795,0.02304,62164,0.023041,63153
1753547078179,16:24:38.179,ACH/USDT:USDT,0.023035,44878,0.023034,7795,0.02304,62164,0.023041,63153
1753547078584,16:24:38.584,ACH/USDT:USDT,0.023035,44878,0.023034,7795,0.02304,62164,0.023041,63153
1753547078584,16:24:38.584,ACH/USDT:USDT,0.023035,44878,0.023034,7795,0.02304,62164,0.023041,63153
1753547078877,16:24:38.877,ACH/USDT:USDT,0.023035,44878,0.023034,7795,0.02304,62164,0.023041,63153
1753547079280,16:24:39.280,ACH/USDT:USDT,0.023035,44878,0.023034,7795,0.02304,62164,0.023041,63153
1753547079380,16:24:39.380,ACH/USDT:USDT,0.023035,44878,0.023034,7795,0.02304,62164,0.023041,63153
1753547079782,16:24:39.782,ACH/USDT:USDT,0.023035,44878,0.023034,7795,0.02304,62164,0.023041,63153
1753547079783,16:24:39.783,ACH/USDT:USDT,0.023035,44878,0.023034,7795,0.02304,62164,0.023041,63153
1753547080130,16:24:40.130,ACH/USDT:USDT,0.023035,44878,0.023034,10391,0.02304,62164,0.023041,63153
1753547080483,16:24:40.483,ACH/USDT:USDT,0.023035,44878,0.023034,7795,0.02304,62164,0.023041,63153
1753547080581,16:24:40.581,ACH/USDT:USDT,0.023035,44878,0.023034,7795,0.02304,62164,0.023041,63541
1753547080985,16:24:40.985,ACH/USDT:USDT,0.023035,44878,0.023034,7795,0.02304,62164,0.023041,63153
1753547080985,16:24:40.985,ACH/USDT:USDT,0.023035,44878,0.023034,7795,0.02304,62164,0.023041,63153
1753547081277,16:24:41.277,ACH/USDT:USDT,0.023035,44878,0.023034,7795,0.02304,62164,0.023041,63153
1753547081680,16:24:41.680,ACH/USDT:USDT,0.023035,44878,0.023034,7795,0.02304,62164,0.023041,63153
1753547081860,16:24:41.860,ACH/USDT:USDT,0.023035,44878,0.023034,7795,0.02304,62164,0.023041,63403
1753547082182,16:24:42.182,ACH/USDT:USDT,0.023035,44878,0.023034,7795,0.02304,62164,0.023041,63153
1753547082339,16:24:42.339,ACH/USDT:USDT,0.023044,17358,0.023043,26390,0.023045,42421,0.023046,48182
1753547082583,16:24:42.583,ACH/USDT:USDT,0.023044,17358,0.023043,38565,0.023047,43116,0.023048,79290
1753547082595,16:24:42.595,ACH/USDT:USDT,0.023037,3940,0.023036,7771,0.023042,13384,0.023043,27045
1753547082980,16:24:42.980,ACH/USDT:USDT,0.023037,3940,0.023036,7771,0.023042,13384,0.023043,27045
1753547082980,16:24:42.980,ACH/USDT:USDT,0.023037,3940,0.023036,7771,0.023042,13384,0.023043,30921
1753547083385,16:24:43.385,ACH/USDT:USDT,0.023037,3940,0.023036,7771,0.023042,13384,0.023043,27045
1753547083678,16:24:43.678,ACH/USDT:USDT,0.023037,3940,0.023036,7771,0.023042,13384,0.023043,27045
1753547084081,16:24:44.081,ACH/USDT:USDT,0.023037,3940,0.023036,7771,0.023042,13384,0.023043,27045
1753547084179,16:24:44.179,ACH/USDT:USDT,0.023037,3940,0.023036,7771,0.023042,13384,0.023043,27045
1753547084585,16:24:44.585,ACH/USDT:USDT,0.023037,3940,0.023036,7771,0.023042,13384,0.023043,27045
1753547084585,16:24:44.585,ACH/USDT:USDT,0.023037,3940,0.023036,7771,0.023042,13384,0.023043,27045
1753547084879,16:24:44.879,ACH/USDT:USDT,0.023037,3940,0.023036,7771,0.023042,13384,0.023043,27045
1753547085284,16:24:45.284,ACH/USDT:USDT,0.023037,3940,0.023036,7771,0.023042,13384,0.023043,27045
1753547085381,16:24:45.381,ACH/USDT:USDT,0.023037,3940,0.023036,7771,0.023042,13384,0.023043,38234
1753547085787,16:24:45.787,ACH/USDT:USDT,0.023037,3940,0.023036,7771,0.023042,13384,0.023043,27045
1753547085787,16:24:45.787,ACH/USDT:USDT,0.023037,3940,0.023036,7771,0.023042,13384,0.023043,27045
1753547086136,16:24:46.136,ACH/USDT:USDT,0.023037,3940,0.023036,7771,0.023042,13384,0.023043,27045
1753547086484,16:24:46.484,ACH/USDT:USDT,0.023037,3940,0.023036,7771,0.023042,13384,0.023043,27045
1753547086582,16:24:46.582,ACH/USDT:USDT,0.023037,3940,0.023036,7771,0.023042,13384,0.023043,27045
1753547086988,16:24:46.988,ACH/USDT:USDT,0.023037,3940,0.023036,7771,0.023042,13384,0.023043,27045
1753547086988,16:24:46.988,ACH/USDT:USDT,0.023037,3940,0.023036,7771,0.023042,13384,0.023043,27045
1753547087327,16:24:47.327,ACH/USDT:USDT,0.023037,3940,0.023036,7771,0.023044,16749,0.023045,16930
1753547087681,16:24:47.681,ACH/USDT:USDT,0.023037,3940,0.023036,7771,0.023044,16749,0.023045,16930
1753547087865,16:24:47.865,ACH/USDT:USDT,0.023037,3940,0.023036,7771,0.023044,33403,0.023045,16930
1753547088187,16:24:48.187,ACH/USDT:USDT,0.023037,3940,0.023036,7771,0.023044,22254,0.023045,16930
1753547088187,16:24:48.187,ACH/USDT:USDT,0.023037,3940,0.023036,7771,0.023044,16749,0.023045,16930
1753547088578,16:24:48.578,ACH/USDT:USDT,0.023041,161106,0.02304,2322,0.023042,37929,0.023043,4087
1753547088983,16:24:48.983,ACH/USDT:USDT,0.023041,161106,0.02304,2322,0.023042,37929,0.023043,4087
1753547088983,16:24:48.983,ACH/USDT:USDT,0.023041,161106,0.02304,2322,0.023042,37929,0.023043,4087
1753547089386,16:24:49.386,ACH/USDT:USDT,0.023041,161106,0.02304,2322,0.023042,37929,0.023043,4087
1753547089386,16:24:49.386,ACH/USDT:USDT,0.023041,161106,0.02304,2322,0.023042,37929,0.023043,4087
1753547089679,16:24:49.679,ACH/USDT:USDT,0.023041,161106,0.02304,2322,0.023042,37929,0.023043,4087
1753547090082,16:24:50.082,ACH/USDT:USDT,0.023041,161106,0.02304,2322,0.023042,37929,0.023043,4087
1753547090183,16:24:50.183,ACH/USDT:USDT,0.023041,161106,0.02304,2322,0.023042,37929,0.023043,4087
1753547090586,16:24:50.586,ACH/USDT:USDT,0.023041,161106,0.02304,2322,0.023042,37929,0.023043,4087
1753547090586,16:24:50.586,ACH/USDT:USDT,0.023041,161106,0.02304,2322,0.023042,37929,0.023043,4087
1753547090879,16:24:50.879,ACH/USDT:USDT,0.023041,161106,0.02304,3114,0.023042,37929,0.023043,4087
1753547091283,16:24:51.283,ACH/USDT:USDT,0.023041,161106,0.02304,3114,0.023042,37929,0.023043,4087
1753547091387,16:24:51.387,ACH/USDT:USDT,0.023041,161106,0.02304,2322,0.023042,37929,0.023043,4087
1753547091790,16:24:51.790,ACH/USDT:USDT,0.023041,161106,0.02304,2322,0.023042,37929,0.023043,4087
1753547091790,16:24:51.790,ACH/USDT:USDT,0.023041,161106,0.02304,2322,0.023042,37929,0.023043,4087
1753547092134,16:24:52.134,ACH/USDT:USDT,0.023041,161106,0.02304,3183,0.023042,37929,0.023043,4087
1753547092482,16:24:52.482,ACH/USDT:USDT,0.023041,161106,0.02304,2322,0.023042,37929,0.023043,4087
1753547092583,16:24:52.583,ACH/USDT:USDT,0.023041,161106,0.02304,2322,0.023042,37929,0.023043,4087
1753547092986,16:24:52.986,ACH/USDT:USDT,0.023041,161106,0.02304,2322,0.023042,37929,0.023043,4087
1753547092986,16:24:52.986,ACH/USDT:USDT,0.023041,161106,0.02304,2322,0.023042,37929,0.023043,4087
1753547093280,16:24:53.280,ACH/USDT:USDT,0.023041,161106,0.02304,2322,0.023042,37929,0.023043,4087
1753547093683,16:24:53.683,ACH/USDT:USDT,0.023041,161106,0.02304,2322,0.023042,37929,0.023043,4087
1753547093877,16:24:53.877,ACH/USDT:USDT,0.023041,161106,0.02304,2322,0.023042,37929,0.023043,5204
1753547093888,16:24:53.888,ACH/USDT:USDT,0.023041,161106,0.02304,2322,0.023042,37929,0.023043,5204
1753547094185,16:24:54.185,ACH/USDT:USDT,0.023041,161106,0.02304,2322,0.023042,37929,0.023043,4087
1753547094497,16:24:54.497,ACH/USDT:USDT,0.023039,1036,0.023038,1321,0.02304,37435,0.023041,10294
1753547094984,16:24:54.984,ACH/USDT:USDT,0.023039,1036,0.023038,1321,0.02304,37435,0.023041,12686
1753547094984,16:24:54.984,ACH/USDT:USDT,0.023039,1036,0.023038,1321,0.02304,37435,0.023041,15407
1753547095386,16:24:55.386,ACH/USDT:USDT,0.023039,1036,0.023038,1321,0.02304,37435,0.023041,10294
1753547095681,16:24:55.681,ACH/USDT:USDT,0.023039,1036,0.023038,1948,0.02304,37435,0.023041,10294
1753547096086,16:24:56.086,ACH/USDT:USDT,0.023039,1036,0.023038,1321,0.02304,37435,0.023041,10294
1753547096184,16:24:56.184,ACH/USDT:USDT,0.023039,1036,0.023038,1321,0.02304,37435,0.023041,11885
1753547096587,16:24:56.587,ACH/USDT:USDT,0.023039,1036,0.023038,1321,0.02304,37435,0.023041,11885
1753547096587,16:24:56.587,ACH/USDT:USDT,0.023039,1036,0.023038,1321,0.02304,37435,0.023041,10294
1753547096879,16:24:56.879,ACH/USDT:USDT,0.023039,1036,0.023038,1321,0.02304,37435,0.023041,10294
1753547097286,16:24:57.286,ACH/USDT:USDT,0.023039,1036,0.023038,1321,0.02304,37435,0.023041,10294
1753547097384,16:24:57.384,ACH/USDT:USDT,0.023039,1036,0.023038,1321,0.02304,37435,0.023041,10294
1753547097788,16:24:57.788,ACH/USDT:USDT,0.023039,1036,0.023038,1321,0.02304,37435,0.023041,10294
1753547097788,16:24:57.788,ACH/USDT:USDT,0.023039,1036,0.023038,1321,0.02304,37435,0.023041,10294
1753547098136,16:24:58.136,ACH/USDT:USDT,0.023039,1036,0.023038,1321,0.02304,37435,0.023041,10294
1753547098484,16:24:58.484,ACH/USDT:USDT,0.023039,1036,0.023038,1321,0.02304,37435,0.023041,10294
1753547098587,16:24:58.587,ACH/USDT:USDT,0.023039,1036,0.023038,1321,0.02304,37435,0.023041,17728
1753547098988,16:24:58.988,ACH/USDT:USDT,0.023039,1036,0.023038,1321,0.02304,37435,0.023041,14836
1753547098988,16:24:58.988,ACH/USDT:USDT,0.023039,1036,0.023038,1321,0.02304,37435,0.023041,10294
1753547099281,16:24:59.281,ACH/USDT:USDT,0.023039,1036,0.023038,1321,0.02304,37435,0.023041,10294
1753547099684,16:24:59.684,ACH/USDT:USDT,0.023039,1036,0.023038,1321,0.02304,37435,0.023041,10294
1753547099786,16:24:59.786,ACH/USDT:USDT,0.023039,1036,0.023038,1321,0.02304,37435,0.023041,10294
1753547099873,16:24:59.873,ACH/USDT:USDT,0.023039,1036,0.023038,1321,0.02304,37435,0.023041,10294
1753547100188,16:25:00.188,ACH/USDT:USDT,0.023039,1036,0.023038,1321,0.02304,37435,0.023041,10294
1753547100497,16:25:00.497,ACH/USDT:USDT,0.023034,4572,0.023033,7832,0.023038,20160,0.023039,9237
1753547100985,16:25:00.985,ACH/USDT:USDT,0.023034,4572,0.023033,7832,0.023038,20160,0.023039,9237
1753547100985,16:25:00.985,ACH/USDT:USDT,0.023034,4572,0.023033,7832,0.023038,20160,0.023039,9237
1753547101388,16:25:01.388,ACH/USDT:USDT,0.023034,4572,0.023033,7832,0.023038,20160,0.023039,9237
1753547101388,16:25:01.388,ACH/USDT:USDT,0.023034,4572,0.023033,7832,0.023038,20160,0.023039,9237
1753547101681,16:25:01.681,ACH/USDT:USDT,0.023034,4572,0.023033,9251,0.023038,20160,0.023039,9237
1753547102085,16:25:02.085,ACH/USDT:USDT,0.023034,4572,0.023033,7832,0.023038,20160,0.023039,9237
1753547102185,16:25:02.185,ACH/USDT:USDT,0.023034,4572,0.023033,7832,0.023038,20160,0.023039,14610
1753547102589,16:25:02.589,ACH/USDT:USDT,0.023034,4572,0.023033,7832,0.023038,20160,0.023039,11842
1753547102589,16:25:02.589,ACH/USDT:USDT,0.023034,4572,0.023033,7832,0.023038,20160,0.023039,9237
1753547102881,16:25:02.881,ACH/USDT:USDT,0.023034,4572,0.023033,7832,0.023038,20160,0.023039,9237
1753547103285,16:25:03.285,ACH/USDT:USDT,0.023034,4572,0.023033,7832,0.023038,20160,0.023039,9237
1753547103388,16:25:03.388,ACH/USDT:USDT,0.023034,4572,0.023033,7832,0.023038,20160,0.023039,10934
1753547103685,16:25:03.685,ACH/USDT:USDT,0.02304,16184,0.023039,12980,0.023043,58036,0.023044,23995
1753547104080,16:25:04.080,ACH/USDT:USDT,0.02304,16184,0.023039,12980,0.023043,58036,0.023044,23995
1753547104135,16:25:04.135,ACH/USDT:USDT,0.02304,16184,0.023039,12980,0.023043,58036,0.023044,23995
1753547104484,16:25:04.484,ACH/USDT:USDT,0.02304,16184,0.023039,12980,0.023043,58036,0.023044,23995
1753547104585,16:25:04.585,ACH/USDT:USDT,0.02304,16184,0.023039,12980,0.023043,58036,0.023044,23995
1753547104990,16:25:04.990,ACH/USDT:USDT,0.02304,16184,0.023039,12980,0.023043,58036,0.023044,23995
1753547104990,16:25:04.990,ACH/USDT:USDT,0.02304,16184,0.023039,12980,0.023043,58036,0.023044,23995
1753547105299,16:25:05.299,ACH/USDT:USDT,0.023035,125049,0.023034,4572,0.023038,10247,0.023039,7729
1753547105789,16:25:05.789,ACH/USDT:USDT,0.023035,125049,0.023034,4572,0.023038,10247,0.023039,7729
1753547105876,16:25:05.876,ACH/USDT:USDT,0.023035,125049,0.023034,4572,0.023038,10247,0.023039,7729
1753547106190,16:25:06.190,ACH/USDT:USDT,0.023035,125049,0.023034,4572,0.023038,10247,0.023039,7729
1753547106190,16:25:06.190,ACH/USDT:USDT,0.023035,125049,0.023034,4572,0.023038,10247,0.023039,7729
1753547106481,16:25:06.481,ACH/USDT:USDT,0.02303,12752,0.023029,55667,0.023033,4052,0.023034,15199
1753547106884,16:25:06.884,ACH/USDT:USDT,0.02303,12752,0.023029,55667,0.023033,4052,0.023034,15199
1753547106986,16:25:06.986,ACH/USDT:USDT,0.02303,12752,0.023029,55667,0.023033,4052,0.023034,21908
1753547107390,16:25:07.390,ACH/USDT:USDT,0.02303,12752,0.023029,55667,0.023033,4052,0.023034,21908
1753547107390,16:25:07.390,ACH/USDT:USDT,0.02303,12752,0.023029,55667,0.023033,4052,0.023034,15199
1753547107680,16:25:07.680,ACH/USDT:USDT,0.02303,12752,0.023029,55667,0.023033,4052,0.023034,15199
1753547108086,16:25:08.086,ACH/USDT:USDT,0.02303,12752,0.023029,55667,0.023033,4052,0.023034,15199
1753547108187,16:25:08.187,ACH/USDT:USDT,0.02303,12752,0.023029,55667,0.023033,4052,0.023034,20095
1753547108591,16:25:08.591,ACH/USDT:USDT,0.02303,12752,0.023029,55667,0.023033,4052,0.023034,15199
1753547108591,16:25:08.591,ACH/USDT:USDT,0.02303,12752,0.023029,55667,0.023033,4052,0.023034,15199
1753547108888,16:25:08.888,ACH/USDT:USDT,0.02303,12752,0.023029,55667,0.023033,4052,0.023034,15199
1753547109387,16:25:09.387,ACH/USDT:USDT,0.023029,46556,0.023028,38610,0.023033,4052,0.023034,21315
1753547109387,16:25:09.387,ACH/USDT:USDT,0.023029,46556,0.023028,38610,0.023033,4052,0.023034,21315
1753547109793,16:25:09.793,ACH/USDT:USDT,0.023029,46556,0.023028,38610,0.023033,4052,0.023034,15199
1753547109793,16:25:09.793,ACH/USDT:USDT,0.023029,46556,0.023028,38610,0.023033,4052,0.023034,15199
1753547110140,16:25:10.140,ACH/USDT:USDT,0.023029,47649,0.023028,38610,0.023033,4052,0.023034,15199
1753547110484,16:25:10.484,ACH/USDT:USDT,0.023029,47649,0.023028,38610,0.023033,4052,0.023034,15199
1753547110586,16:25:10.586,ACH/USDT:USDT,0.023029,46556,0.023028,38610,0.023033,4052,0.023034,21061
1753547110990,16:25:10.990,ACH/USDT:USDT,0.023029,46556,0.023028,38610,0.023033,4052,0.023034,21061
1753547110990,16:25:10.990,ACH/USDT:USDT,0.023029,46556,0.023028,38610,0.023033,4052,0.023034,15199
1753547111482,16:25:11.482,ACH/USDT:USDT,0.023029,48219,0.023028,38818,0.023031,48644,0.023033,4052
1753547111498,16:25:11.498,ACH/USDT:USDT,0.02303,1133,0.023029,2092,0.023031,48644,0.023032,44235
1753547111883,16:25:11.883,ACH/USDT:USDT,0.02303,1133,0.023029,2092,0.023031,48644,0.023032,60928
1753547111883,16:25:11.883,ACH/USDT:USDT,0.02303,1133,0.023029,2092,0.023031,48644,0.023032,60928
1753547112190,16:25:12.190,ACH/USDT:USDT,0.02303,1133,0.023029,2092,0.023031,48644,0.023032,44235
1753547112481,16:25:12.481,ACH/USDT:USDT,0.02303,1133,0.023029,2092,0.023031,48644,0.023032,44235
1753547112884,16:25:12.884,ACH/USDT:USDT,0.02303,1133,0.023029,2092,0.023031,48644,0.023032,44235
1753547112986,16:25:12.986,ACH/USDT:USDT,0.02303,1133,0.023029,2092,0.023031,48644,0.023032,44235
1753547113390,16:25:13.390,ACH/USDT:USDT,0.02303,1133,0.023029,2092,0.023031,48644,0.023032,44235
1753547113390,16:25:13.390,ACH/USDT:USDT,0.02303,1133,0.023029,2092,0.023031,48644,0.023032,44235
1753547113681,16:25:13.681,ACH/USDT:USDT,0.023024,48444,0.023023,6824,0.023027,40866,0.023028,27569
1753547114085,16:25:14.085,ACH/USDT:USDT,0.023024,48444,0.023023,6503,0.023027,40866,0.023028,27569
1753547114187,16:25:14.187,ACH/USDT:USDT,0.023024,48444,0.023023,6503,0.023027,40866,0.023028,39919
1753547114590,16:25:14.590,ACH/USDT:USDT,0.023024,48444,0.023023,6503,0.023027,40866,0.023028,36023
1753547114590,16:25:14.590,ACH/USDT:USDT,0.023024,48444,0.023023,6503,0.023027,40866,0.023028,27569
1753547115030,16:25:15.030,ACH/USDT:USDT,0.023024,48444,0.023023,6503,0.023027,40866,0.023028,27569
1753547115150,16:25:15.150,ACH/USDT:USDT,0.023014,81784,0.023013,163030,0.023016,6541,0.023017,9399
1753547115387,16:25:15.387,ACH/USDT:USDT,0.023014,81784,0.023013,163030,0.023016,6541,0.023017,12354
1753547115790,16:25:15.790,ACH/USDT:USDT,0.023014,81784,0.023013,163030,0.023016,6541,0.023017,9399
1753547115790,16:25:15.790,ACH/USDT:USDT,0.023014,81784,0.023013,163030,0.023016,6541,0.023017,9399
1753547116140,16:25:16.140,ACH/USDT:USDT,0.023014,81784,0.023013,163030,0.023016,6541,0.023017,9399
1753547116485,16:25:16.485,ACH/USDT:USDT,0.023014,81784,0.023013,163030,0.023016,6541,0.023017,9399
1753547116588,16:25:16.588,ACH/USDT:USDT,0.023014,81784,0.023013,163030,0.023016,6541,0.023017,12333
1753547116992,16:25:16.992,ACH/USDT:USDT,0.023014,81784,0.023013,163030,0.023016,6541,0.023017,12333
1753547116992,16:25:16.992,ACH/USDT:USDT,0.023014,81784,0.023013,163030,0.023016,6541,0.023017,9399
1753547117283,16:25:17.283,ACH/USDT:USDT,0.023014,81784,0.023013,183327,0.023016,6541,0.023017,9399
1753547117686,16:25:17.686,ACH/USDT:USDT,0.023014,81784,0.023013,174975,0.023016,6541,0.023017,9399
1753547117880,16:25:17.880,ACH/USDT:USDT,0.023014,81784,0.023013,163030,0.023016,6541,0.023017,9399
1753547117885,16:25:17.885,ACH/USDT:USDT,0.023014,81784,0.023013,163030,0.023016,6541,0.023017,9399
1753547118199,16:25:18.199,ACH/USDT:USDT,0.023014,81784,0.023013,163030,0.023016,6541,0.023017,9399
1753547118483,16:25:18.483,ACH/USDT:USDT,0.023014,81784,0.023013,163030,0.023016,6541,0.023017,9399
1753547118886,16:25:18.886,ACH/USDT:USDT,0.023014,81784,0.023013,163030,0.023016,6541,0.023017,9399
1753547118992,16:25:18.992,ACH/USDT:USDT,0.023014,81784,0.023013,163030,0.023016,6541,0.023017,13158
1753547119394,16:25:19.394,ACH/USDT:USDT,0.023014,81784,0.023013,163030,0.023016,6541,0.023017,13158
1753547119394,16:25:19.394,ACH/USDT:USDT,0.023014,81784,0.023013,163030,0.023016,6541,0.023017,9399
1753547119684,16:25:19.684,ACH/USDT:USDT,0.023014,81784,0.023013,163030,0.023016,6541,0.023017,9399
1753547120087,16:25:20.087,ACH/USDT:USDT,0.023014,81784,0.023013,163030,0.023016,6541,0.023017,9399
1753547120191,16:25:20.191,ACH/USDT:USDT,0.023014,81784,0.023013,163030,0.023016,6541,0.023017,12644
1753547120490,16:25:20.490,ACH/USDT:USDT,0.023014,81784,0.023013,163030,0.023016,6541,0.023017,12644
1753547120501,16:25:20.501,ACH/USDT:USDT,0.023011,44697,0.02301,10433,0.023015,63815,0.023016,7551
1753547120885,16:25:20.885,ACH/USDT:USDT,0.023011,44697,0.02301,10433,0.023015,63815,0.023016,7551
1753547121288,16:25:21.288,ACH/USDT:USDT,0.023011,44697,0.02301,10433,0.023015,63815,0.023016,7551
1753547121394,16:25:21.394,ACH/USDT:USDT,0.023011,44697,0.02301,10433,0.023015,63815,0.023016,9867
1753547121796,16:25:21.796,ACH/USDT:USDT,0.023011,44697,0.02301,10433,0.023015,63815,0.023016,9867
1753547121796,16:25:21.796,ACH/USDT:USDT,0.023011,44697,0.02301,10433,0.023015,63815,0.023016,7551
1753547122085,16:25:22.085,ACH/USDT:USDT,0.023011,44697,0.02301,10433,0.023015,63815,0.023016,7551
1753547122488,16:25:22.488,ACH/USDT:USDT,0.023011,44697,0.02301,10433,0.023015,63815,0.023016,7551
1753547122592,16:25:22.592,ACH/USDT:USDT,0.023011,44697,0.02301,10433,0.023015,63815,0.023016,7551
1753547122995,16:25:22.995,ACH/USDT:USDT,0.023011,44697,0.02301,10433,0.023015,63815,0.023016,7551
1753547122995,16:25:22.995,ACH/USDT:USDT,0.023011,44697,0.02301,10433,0.023015,63815,0.023016,7551
1753547123297,16:25:23.297,ACH/USDT:USDT,0.023011,44697,0.02301,13244,0.023015,63815,0.023016,7551
1753547123793,16:25:23.793,ACH/USDT:USDT,0.023011,44697,0.02301,10433,0.023015,63815,0.023016,7551
1753547123885,16:25:23.885,ACH/USDT:USDT,0.023011,44697,0.02301,10433,0.023015,63815,0.023016,8525
1753547124196,16:25:24.196,ACH/USDT:USDT,0.023011,44697,0.02301,10433,0.023015,63815,0.023016,8525
1753547124196,16:25:24.196,ACH/USDT:USDT,0.023011,44697,0.02301,10433,0.023015,63815,0.023016,7551
1753547124488,16:25:24.488,ACH/USDT:USDT,0.023011,44697,0.02301,10433,0.023015,63815,0.023016,7551
1753547124889,16:25:24.889,ACH/USDT:USDT,0.023011,44697,0.02301,10433,0.023015,63815,0.023016,7551
1753547124997,16:25:24.997,ACH/USDT:USDT,0.023011,44697,0.02301,10433,0.023015,63815,0.023016,7551
1753547125396,16:25:25.396,ACH/USDT:USDT,0.023011,44697,0.02301,10433,0.023015,63815,0.023016,7551
1753547125396,16:25:25.396,ACH/USDT:USDT,0.023011,44697,0.02301,10433,0.023015,63815,0.023016,7551
1753547125684,16:25:25.684,ACH/USDT:USDT,0.023011,44697,0.02301,10433,0.023015,63815,0.023016,7551
1753547126088,16:25:26.088,ACH/USDT:USDT,0.023011,44697,0.02301,10433,0.023015,63815,0.023016,7551
1753547126194,16:25:26.194,ACH/USDT:USDT,0.023011,44697,0.02301,10433,0.023015,63815,0.023016,9140
1753547126492,16:25:26.492,ACH/USDT:USDT,0.023011,44697,0.02301,10433,0.023015,71889,0.023016,9140
1753547126504,16:25:26.504,ACH/USDT:USDT,0.023011,2477,0.02301,1533,0.023015,8074,0.023016,70095
1753547126886,16:25:26.886,ACH/USDT:USDT,0.023011,2477,0.02301,1873,0.023015,8074,0.023016,70095
1753547127289,16:25:27.289,ACH/USDT:USDT,0.023011,2477,0.02301,1873,0.023015,8074,0.023016,70095
1753547127394,16:25:27.394,ACH/USDT:USDT,0.023011,2477,0.02301,1533,0.023015,8074,0.023016,70095
1753547127797,16:25:27.797,ACH/USDT:USDT,0.023011,2477,0.02301,1533,0.023015,8074,0.023016,70095
1753547127797,16:25:27.797,ACH/USDT:USDT,0.023011,2477,0.02301,1533,0.023015,8074,0.023016,70095
1753547128085,16:25:28.085,ACH/USDT:USDT,0.023011,2477,0.02301,1533,0.023015,8074,0.023016,70095
1753547128490,16:25:28.490,ACH/USDT:USDT,0.023011,2477,0.02301,1533,0.023015,8074,0.023016,70095
1753547128666,16:25:28.666,ACH/USDT:USDT,0.023011,2477,0.02301,1533,0.023015,8074,0.023016,70095
1753547129070,16:25:29.070,ACH/USDT:USDT,0.023011,2477,0.02301,1533,0.023015,8074,0.023016,70095
1753547129070,16:25:29.070,ACH/USDT:USDT,0.023011,2477,0.02301,1533,0.023015,8074,0.023016,70095
1753547129286,16:25:29.286,ACH/USDT:USDT,0.023011,2477,0.02301,1767,0.023015,8074,0.023016,70095
1753547129690,16:25:29.690,ACH/USDT:USDT,0.023011,2477,0.02301,1533,0.023015,8074,0.023016,70095
1753547129888,16:25:29.888,ACH/USDT:USDT,0.023011,2477,0.02301,1533,0.023015,8074,0.023016,70095
1753547130197,16:25:30.197,ACH/USDT:USDT,0.023011,2477,0.02301,1533,0.023015,8074,0.023016,70095
1753547130197,16:25:30.197,ACH/USDT:USDT,0.023011,2477,0.02301,1533,0.023015,8074,0.023016,70095
1753547130486,16:25:30.486,ACH/USDT:USDT,0.023011,2477,0.02301,2216,0.023015,8074,0.023016,70095
1753547130994,16:25:30.994,ACH/USDT:USDT,0.023005,43946,0.023004,118958,0.023008,36956,0.023009,10591
1753547130994,16:25:30.994,ACH/USDT:USDT,0.023005,43946,0.023004,118958,0.023008,36956,0.023009,10591
1753547131400,16:25:31.400,ACH/USDT:USDT,0.023005,43946,0.023004,118958,0.023008,36956,0.023009,10591
1753547131400,16:25:31.400,ACH/USDT:USDT,0.023005,43946,0.023004,118958,0.023008,36956,0.023009,10591
1753547131686,16:25:31.686,ACH/USDT:USDT,0.023005,43946,0.023004,120335,0.023008,36956,0.023009,10591
1753547132091,16:25:32.091,ACH/USDT:USDT,0.023005,43946,0.023004,120335,0.023008,36956,0.023009,10591
1753547132195,16:25:32.195,ACH/USDT:USDT,0.023005,43946,0.023004,118958,0.023008,36956,0.023009,10591
1753547132598,16:25:32.598,ACH/USDT:USDT,0.023005,43946,0.023004,118958,0.023008,36956,0.023009,10591
1753547132598,16:25:32.598,ACH/USDT:USDT,0.023005,43946,0.023004,118958,0.023008,36956,0.023009,10591
1753547132889,16:25:32.889,ACH/USDT:USDT,0.023005,43946,0.023004,119655,0.023008,36956,0.023009,10591
1753547133292,16:25:33.292,ACH/USDT:USDT,0.023005,43946,0.023004,119655,0.023008,36956,0.023009,10591
1753547133396,16:25:33.396,ACH/USDT:USDT,0.023005,43946,0.023004,118958,0.023008,36956,0.023009,13653
1753547133798,16:25:33.798,ACH/USDT:USDT,0.023005,43946,0.023004,118958,0.023008,36956,0.023009,10591
1753547133798,16:25:33.798,ACH/USDT:USDT,0.023005,43946,0.023004,118958,0.023008,36956,0.023009,10591
1753547134088,16:25:34.088,ACH/USDT:USDT,0.023005,43946,0.023004,119341,0.023008,36956,0.023009,10591
1753547134490,16:25:34.490,ACH/USDT:USDT,0.023005,43946,0.023004,118958,0.023008,36956,0.023009,10591
1753547134594,16:25:34.594,ACH/USDT:USDT,0.023005,43946,0.023004,118958,0.023008,36956,0.023009,14719
1753547134997,16:25:34.997,ACH/USDT:USDT,0.023005,43946,0.023004,118958,0.023008,36956,0.023009,10591
1753547134997,16:25:34.997,ACH/USDT:USDT,0.023005,43946,0.023004,118958,0.023008,36956,0.023009,10591
1753547135285,16:25:35.285,ACH/USDT:USDT,0.023005,43946,0.023004,119858,0.023008,36956,0.023009,10591
1753547135689,16:25:35.689,ACH/USDT:USDT,0.023005,43946,0.023004,119858,0.023008,36956,0.023009,10591
1753547135883,16:25:35.883,ACH/USDT:USDT,0.023005,43946,0.023004,118958,0.023008,36956,0.023009,15420
1753547135910,16:25:35.910,ACH/USDT:USDT,0.023001,43654,0.023,43805,0.023002,12264,0.023003,1222
1753547136487,16:25:36.487,ACH/USDT:USDT,0.023001,43654,0.023,43805,0.023002,12264,0.023003,1222
1753547136487,16:25:36.487,ACH/USDT:USDT,0.023001,43654,0.023,43805,0.023002,12264,0.023003,1222
1753547136890,16:25:36.890,ACH/USDT:USDT,0.023001,43654,0.023,43805,0.023002,12264,0.023003,1222
1753547137000,16:25:37.000,ACH/USDT:USDT,0.023001,43654,0.023,43805,0.023002,12264,0.023003,1222
1753547137403,16:25:37.403,ACH/USDT:USDT,0.023001,43654,0.023,43805,0.023002,12264,0.023003,1222
1753547137403,16:25:37.403,ACH/USDT:USDT,0.023001,43654,0.023,43805,0.023002,12264,0.023003,1222
1753547137686,16:25:37.686,ACH/USDT:USDT,0.023001,43654,0.023,44223,0.023002,12264,0.023003,1222
1753547138091,16:25:38.091,ACH/USDT:USDT,0.023001,43654,0.023,43805,0.023002,12264,0.023003,1222
1753547138199,16:25:38.199,ACH/USDT:USDT,0.023001,43654,0.023,43805,0.023002,12264,0.023003,1222
1753547138603,16:25:38.603,ACH/USDT:USDT,0.023001,43654,0.023,43805,0.023002,12264,0.023003,1222
1753547138603,16:25:38.603,ACH/USDT:USDT,0.023001,43654,0.023,43805,0.023002,12264,0.023003,1222
1753547138891,16:25:38.891,ACH/USDT:USDT,0.023001,43654,0.023,44597,0.023002,12264,0.023003,1222
1753547139292,16:25:39.292,ACH/USDT:USDT,0.023001,43654,0.023,44044,0.023002,12264,0.023003,1222
1753547139400,16:25:39.400,ACH/USDT:USDT,0.023001,43654,0.023,43805,0.023002,12264,0.023003,1222
1753547139804,16:25:39.804,ACH/USDT:USDT,0.023001,43654,0.023,43805,0.023002,12264,0.023003,1222
1753547139804,16:25:39.804,ACH/USDT:USDT,0.023001,43654,0.023,43805,0.023002,12264,0.023003,1222
1753547140089,16:25:40.089,ACH/USDT:USDT,0.023001,43654,0.023,43805,0.023002,12264,0.023003,1222
1753547140491,16:25:40.491,ACH/USDT:USDT,0.023001,43654,0.023,43805,0.023002,12264,0.023003,1222
1753547140599,16:25:40.599,ACH/USDT:USDT,0.023001,43654,0.023,43805,0.023002,12264,0.023003,1222
1753547141003,16:25:41.003,ACH/USDT:USDT,0.023001,43654,0.023,43805,0.023002,12264,0.023003,1222
1753547141003,16:25:41.003,ACH/USDT:USDT,0.023001,43654,0.023,43805,0.023002,12264,0.023003,1222
1753547141287,16:25:41.287,ACH/USDT:USDT,0.023001,43654,0.023,43805,0.023002,12264,0.023003,1222
1753547141510,16:25:41.510,ACH/USDT:USDT,0.022997,75613,0.022996,1070,0.022998,7552,0.022999,19479
1753547141897,16:25:41.897,ACH/USDT:USDT,0.022997,75613,0.022996,1070,0.022998,7552,0.022999,28140
1753547141897,16:25:41.897,ACH/USDT:USDT,0.022997,75613,0.022996,1070,0.022998,7552,0.022999,28140
1753547142202,16:25:42.202,ACH/USDT:USDT,0.022997,75613,0.022996,1070,0.022998,7552,0.022999,19479
1753547142488,16:25:42.488,ACH/USDT:USDT,0.022997,75613,0.022996,1514,0.022998,7552,0.022999,19479
1753547142892,16:25:42.892,ACH/USDT:USDT,0.022997,75613,0.022996,1514,0.022998,7552,0.022999,19479
1753547143000,16:25:43.000,ACH/USDT:USDT,0.022997,75613,0.022996,1070,0.022998,7552,0.022999,24903
1753547143404,16:25:43.404,ACH/USDT:USDT,0.022997,75613,0.022996,1070,0.022998,7552,0.022999,19479
1753547143404,16:25:43.404,ACH/USDT:USDT,0.022997,75613,0.022996,1070,0.022998,7552,0.022999,19479
1753547143691,16:25:43.691,ACH/USDT:USDT,0.022997,75613,0.022996,1185,0.022998,7552,0.022999,19479
1753547144092,16:25:44.092,ACH/USDT:USDT,0.022997,75613,0.022996,1185,0.022998,7552,0.022999,19479
1753547144200,16:25:44.200,ACH/USDT:USDT,0.022997,75613,0.022996,1070,0.022998,7552,0.022999,19479
1753547144607,16:25:44.607,ACH/USDT:USDT,0.022997,75613,0.022996,1070,0.022998,7552,0.022999,19479
1753547144607,16:25:44.607,ACH/USDT:USDT,0.022997,75613,0.022996,1070,0.022998,7552,0.022999,19479
1753547144888,16:25:44.888,ACH/USDT:USDT,0.022997,75613,0.022996,1740,0.022998,7552,0.022999,19479
1753547145293,16:25:45.293,ACH/USDT:USDT,0.022997,75613,0.022996,1272,0.022998,7552,0.022999,19479
1753547145401,16:25:45.401,ACH/USDT:USDT,0.022997,75613,0.022996,1070,0.022998,7552,0.022999,23688
1753547145805,16:25:45.805,ACH/USDT:USDT,0.022997,75613,0.022996,1070,0.022998,7552,0.022999,19479
1753547145805,16:25:45.805,ACH/USDT:USDT,0.022997,75613,0.022996,1070,0.022998,7552,0.022999,19479
1753547146089,16:25:46.089,ACH/USDT:USDT,0.022997,75613,0.022996,1511,0.022998,7552,0.022999,19479
1753547146493,16:25:46.493,ACH/USDT:USDT,0.022997,75613,0.022996,1070,0.022998,7552,0.022999,19479
1753547146602,16:25:46.602,ACH/USDT:USDT,0.022997,75613,0.022996,1070,0.022998,7552,0.022999,24399
1753547147006,16:25:47.006,ACH/USDT:USDT,0.022997,75613,0.022996,1070,0.022998,7552,0.022999,24399
1753547147006,16:25:47.006,ACH/USDT:USDT,0.022997,75613,0.022996,1070,0.022998,7552,0.022999,19479
1753547147292,16:25:47.292,ACH/USDT:USDT,0.022991,55581,0.02299,39494,0.022992,15273,0.022993,20609
1753547147694,16:25:47.694,ACH/USDT:USDT,0.022991,55581,0.02299,38341,0.022992,15273,0.022993,20609
1753547147890,16:25:47.890,ACH/USDT:USDT,0.022991,55581,0.02299,36624,0.022992,15273,0.022993,28083
1753547147898,16:25:47.898,ACH/USDT:USDT,0.022991,55581,0.02299,36624,0.022992,15273,0.022993,28083
1753547148205,16:25:48.205,ACH/USDT:USDT,0.022991,55581,0.02299,36624,0.022992,15273,0.022993,20609
1753547148492,16:25:48.492,ACH/USDT:USDT,0.022991,55581,0.02299,36624,0.022992,15273,0.022993,20609
1753547148896,16:25:48.896,ACH/USDT:USDT,0.022991,55581,0.02299,36624,0.022992,15273,0.022993,20609
1753547149002,16:25:49.002,ACH/USDT:USDT,0.022991,55581,0.02299,36624,0.022992,15273,0.022993,20609
1753547149405,16:25:49.405,ACH/USDT:USDT,0.022991,55581,0.02299,36624,0.022992,15273,0.022993,20609
1753547149406,16:25:49.406,ACH/USDT:USDT,0.022991,55581,0.02299,36624,0.022992,15273,0.022993,20609
1753547149693,16:25:49.693,ACH/USDT:USDT,0.022991,55581,0.02299,37205,0.022992,15273,0.022993,20609
1753547150098,16:25:50.098,ACH/USDT:USDT,0.022991,55581,0.02299,37205,0.022992,15273,0.022993,20609
1753547150263,16:25:50.263,ACH/USDT:USDT,0.022991,55581,0.02299,36624,0.022992,15273,0.022993,24956
1753547150668,16:25:50.668,ACH/USDT:USDT,0.022991,55581,0.02299,36624,0.022992,15273,0.022993,24956
1753547150668,16:25:50.668,ACH/USDT:USDT,0.022991,55581,0.02299,36624,0.022992,15273,0.022993,20609
1753547150895,16:25:50.895,ACH/USDT:USDT,0.022991,55581,0.02299,37749,0.022992,15273,0.022993,20609
1753547151298,16:25:51.298,ACH/USDT:USDT,0.022991,55581,0.02299,36624,0.022992,15273,0.022993,20609
1753547151463,16:25:51.463,ACH/USDT:USDT,0.022991,55581,0.02299,36624,0.022992,15273,0.022993,20609
1753547151866,16:25:51.866,ACH/USDT:USDT,0.022991,55581,0.02299,36624,0.022992,15273,0.022993,20609
1753547151866,16:25:51.866,ACH/USDT:USDT,0.022991,55581,0.02299,36624,0.022992,15273,0.022993,20609
1753547152094,16:25:52.094,ACH/USDT:USDT,0.022991,55581,0.02299,36624,0.022992,15273,0.022993,20609
1753547152495,16:25:52.495,ACH/USDT:USDT,0.022991,55581,0.02299,38835,0.022992,15273,0.022993,20609
1753547152664,16:25:52.664,ACH/USDT:USDT,0.02299,2281,0.022989,1443,0.022991,2967,0.022992,1450
1753547152912,16:25:52.912,ACH/USDT:USDT,0.02299,2281,0.022989,1443,0.022991,2967,0.022992,1450
1753547153068,16:25:53.068,ACH/USDT:USDT,0.02299,2281,0.022989,1443,0.022991,2967,0.022992,1122
1753547153293,16:25:53.293,ACH/USDT:USDT,0.02299,2281,0.022989,2135,0.022991,2967,0.022992,1122
1753547153696,16:25:53.696,ACH/USDT:USDT,0.02299,2281,0.022989,1752,0.022991,2967,0.022992,1122
1753547153864,16:25:53.864,ACH/USDT:USDT,0.02299,2281,0.022989,1443,0.022991,2967,0.022992,1122
1753547154268,16:25:54.268,ACH/USDT:USDT,0.02299,2281,0.022989,1443,0.022991,2967,0.022992,1122
1753547154268,16:25:54.268,ACH/USDT:USDT,0.02299,2281,0.022989,1443,0.022991,2967,0.022992,1122
1753547154498,16:25:54.498,ACH/USDT:USDT,0.02299,2281,0.022989,1443,0.022991,2967,0.022992,1122
1753547154900,16:25:54.900,ACH/USDT:USDT,0.02299,2281,0.022989,1443,0.022991,2967,0.022992,1122
1753547155073,16:25:55.073,ACH/USDT:USDT,0.02299,2281,0.022989,1443,0.022991,2967,0.022992,1236
1753547155468,16:25:55.468,ACH/USDT:USDT,0.02299,2281,0.022989,1443,0.022991,2967,0.022992,1122
1753547155468,16:25:55.468,ACH/USDT:USDT,0.02299,2281,0.022989,1443,0.022991,2967,0.022992,1122
1753547155694,16:25:55.694,ACH/USDT:USDT,0.02299,2281,0.022989,2071,0.022991,2967,0.022992,1122
1753547156097,16:25:56.097,ACH/USDT:USDT,0.02299,2281,0.022989,1443,0.022991,2967,0.022992,1122
1753547156264,16:25:56.264,ACH/USDT:USDT,0.02299,2281,0.022989,1443,0.022991,2967,0.022992,1285
1753547156668,16:25:56.668,ACH/USDT:USDT,0.02299,2281,0.022989,1443,0.022991,2967,0.022992,1285
1753547156669,16:25:56.669,ACH/USDT:USDT,0.02299,2281,0.022989,1443,0.022991,2967,0.022992,1122
1753547156893,16:25:56.893,ACH/USDT:USDT,0.02299,2281,0.022989,1443,0.022991,2967,0.022992,1122
1753547157298,16:25:57.298,ACH/USDT:USDT,0.02299,2281,0.022989,1443,0.022991,2967,0.022992,1122
1753547157465,16:25:57.465,ACH/USDT:USDT,0.02299,2281,0.022989,1443,0.022991,2967,0.022992,1336
1753547157868,16:25:57.868,ACH/USDT:USDT,0.02299,2281,0.022989,1443,0.022991,2967,0.022992,1336
1753547157868,16:25:57.868,ACH/USDT:USDT,0.02299,2281,0.022989,1443,0.022991,2967,0.022992,1122
1753547158095,16:25:58.095,ACH/USDT:USDT,0.02299,2281,0.022989,1634,0.022991,2967,0.022992,1122
1753547158498,16:25:58.498,ACH/USDT:USDT,0.02299,2281,0.022989,1634,0.022991,4576,0.022992,1122
1753547158665,16:25:58.665,ACH/USDT:USDT,0.02299,8459,0.022989,4165,0.022991,1609,0.022992,1102
1753547158919,16:25:58.919,ACH/USDT:USDT,0.02299,8459,0.022989,4165,0.022991,1609,0.022992,1102
1753547159070,16:25:59.070,ACH/USDT:USDT,0.02299,8459,0.022989,4165,0.022991,1609,0.022992,1102
1753547159293,16:25:59.293,ACH/USDT:USDT,0.02299,8459,0.022989,4165,0.022991,1609,0.022992,1102
1753547159762,16:25:59.762,ACH/USDT:USDT,0.02299,8459,0.022989,4165,0.022991,1609,0.022992,1102
1753547159865,16:25:59.865,ACH/USDT:USDT,0.02299,8459,0.022989,4165,0.022991,1609,0.022992,1240
1753547160269,16:26:00.269,ACH/USDT:USDT,0.02299,8459,0.022989,4165,0.022991,1609,0.022992,1102
1753547160269,16:26:00.269,ACH/USDT:USDT,0.02299,8459,0.022989,4165,0.022991,1609,0.022992,1102
1753547160494,16:26:00.494,ACH/USDT:USDT,0.02299,8459,0.022989,6038,0.022991,1609,0.022992,1102
1753547160897,16:26:00.897,ACH/USDT:USDT,0.02299,8459,0.022989,6038,0.022991,1609,0.022992,1102
1753547161065,16:26:01.065,ACH/USDT:USDT,0.02299,8459,0.022989,4165,0.022991,1609,0.022992,1102
1753547161470,16:26:01.470,ACH/USDT:USDT,0.02299,8459,0.022989,4165,0.022991,1609,0.022992,1102
1753547161470,16:26:01.470,ACH/USDT:USDT,0.02299,8459,0.022989,4165,0.022991,1609,0.022992,1102
1753547161695,16:26:01.695,ACH/USDT:USDT,0.02299,8459,0.022989,5476,0.022991,1609,0.022992,1102
1753547162098,16:26:02.098,ACH/USDT:USDT,0.02299,8459,0.022989,4165,0.022991,1609,0.022992,1102
1753547162265,16:26:02.265,ACH/USDT:USDT,0.02299,8459,0.022989,4165,0.022991,1609,0.022992,1102
1753547162343,16:26:02.343,ACH/USDT:USDT,0.02299,8459,0.022989,4165,0.023,67980,0.023001,155650
1753547162895,16:26:02.895,ACH/USDT:USDT,0.02299,8459,0.022989,4653,0.023,67980,0.023001,155650
1753547162895,16:26:02.895,ACH/USDT:USDT,0.02299,8459,0.022989,4653,0.023,67980,0.023001,155650
1753547163299,16:26:03.299,ACH/USDT:USDT,0.02299,8459,0.022989,4165,0.023,67980,0.023001,155650
1753547163465,16:26:03.465,ACH/USDT:USDT,0.02299,8459,0.022989,4165,0.022995,802,0.023,67980
1753547163615,16:26:03.615,ACH/USDT:USDT,0.022991,35425,0.02299,14549,0.022994,1241,0.022995,1235
1753547164095,16:26:04.095,ACH/USDT:USDT,0.022991,35425,0.02299,14549,0.022994,1241,0.022995,1235
1753547164095,16:26:04.095,ACH/USDT:USDT,0.022991,35425,0.02299,14549,0.022994,1241,0.022995,1235
1753547164497,16:26:04.497,ACH/USDT:USDT,0.022991,35425,0.02299,14549,0.022994,1241,0.022995,1235
1753547164667,16:26:04.667,ACH/USDT:USDT,0.022991,35425,0.02299,14549,0.022994,1241,0.022995,1824
1753547164919,16:26:04.919,ACH/USDT:USDT,0.022987,44711,0.022986,92540,0.022988,8099,0.022989,15232
1753547165006,16:26:05.006,ACH/USDT:USDT,0.022981,50461,0.02298,135033,0.022984,7990,0.022985,36297
1753547165296,16:26:05.296,ACH/USDT:USDT,0.022981,50461,0.02298,135033,0.022984,7990,0.022985,36297
1753547165697,16:26:05.697,ACH/USDT:USDT,0.022981,50461,0.02298,135033,0.022984,7990,0.022985,36297
1753547165867,16:26:05.867,ACH/USDT:USDT,0.022981,50461,0.02298,135033,0.022984,7990,0.022985,52966
1753547166269,16:26:06.269,ACH/USDT:USDT,0.022981,50461,0.02298,135033,0.022984,7990,0.022985,36297
1753547166269,16:26:06.269,ACH/USDT:USDT,0.022981,50461,0.02298,135033,0.022984,7990,0.022985,36297
1753547166496,16:26:06.496,ACH/USDT:USDT,0.022981,50461,0.02298,135033,0.022984,7990,0.022985,36297
1753547166898,16:26:06.898,ACH/USDT:USDT,0.022981,50461,0.02298,135033,0.022984,7990,0.022985,36297
1753547167066,16:26:07.066,ACH/USDT:USDT,0.022981,50461,0.02298,135033,0.022984,7990,0.022985,55073
1753547167471,16:26:07.471,ACH/USDT:USDT,0.022981,50461,0.02298,135033,0.022984,7990,0.022985,42895
1753547167471,16:26:07.471,ACH/USDT:USDT,0.022981,50461,0.02298,135033,0.022984,7990,0.022985,36297
1753547167695,16:26:07.695,ACH/USDT:USDT,0.022981,50461,0.02298,135033,0.022984,7990,0.022985,36297
1753547168099,16:26:08.099,ACH/USDT:USDT,0.022981,50461,0.02298,135033,0.022984,7990,0.022985,36297
1753547168268,16:26:08.268,ACH/USDT:USDT,0.022981,50461,0.02298,135033,0.022984,7990,0.022985,36297
1753547168671,16:26:08.671,ACH/USDT:USDT,0.022981,50461,0.02298,135033,0.022984,7990,0.022985,36297
1753547168672,16:26:08.672,ACH/USDT:USDT,0.022981,50461,0.02298,135033,0.022984,7990,0.022985,36297
1753547168895,16:26:08.895,ACH/USDT:USDT,0.022981,50461,0.02298,135256,0.022984,7990,0.022985,36297
1753547169304,16:26:09.304,ACH/USDT:USDT,0.022981,50461,0.02298,135256,0.022984,7990,0.022985,36297
1753547169468,16:26:09.468,ACH/USDT:USDT,0.022981,50461,0.02298,135033,0.022984,7990,0.022985,46818
1753547169870,16:26:09.870,ACH/USDT:USDT,0.022981,50461,0.02298,135033,0.022984,7990,0.022985,36297
1753547169870,16:26:09.870,ACH/USDT:USDT,0.022981,50461,0.02298,135033,0.022984,7990,0.022985,36297
1753547170203,16:26:10.203,ACH/USDT:USDT,0.022984,51099,0.022983,36332,0.022991,39037,0.022992,57232
1753547170669,16:26:10.669,ACH/USDT:USDT,0.022984,51099,0.022983,36332,0.022991,39037,0.022992,57232
1753547170669,16:26:10.669,ACH/USDT:USDT,0.022984,51099,0.022983,36332,0.022991,39037,0.022992,57232
1753547171072,16:26:11.072,ACH/USDT:USDT,0.022984,51099,0.022983,36332,0.022991,39037,0.022992,57232
1753547171072,16:26:11.072,ACH/USDT:USDT,0.022984,51099,0.022983,36332,0.022991,39037,0.022992,57232
1753547171294,16:26:11.294,ACH/USDT:USDT,0.022984,51099,0.022983,42550,0.022991,39037,0.022992,57232
1753547171702,16:26:11.702,ACH/USDT:USDT,0.022984,51099,0.022983,42550,0.022991,39037,0.022992,57232
1753547171868,16:26:11.868,ACH/USDT:USDT,0.022984,51099,0.022983,36332,0.022991,39037,0.022992,57232
1753547172271,16:26:12.271,ACH/USDT:USDT,0.022984,51099,0.022983,36332,0.022991,39037,0.022992,57232
1753547172271,16:26:12.271,ACH/USDT:USDT,0.022984,51099,0.022983,36332,0.022991,39037,0.022992,57232
1753547172496,16:26:12.496,ACH/USDT:USDT,0.022984,51099,0.022983,36332,0.022991,39037,0.022992,57232
1753547172900,16:26:12.900,ACH/USDT:USDT,0.022984,51099,0.022983,36332,0.022991,39037,0.022992,57232
1753547173068,16:26:13.068,ACH/USDT:USDT,0.022984,51099,0.022983,36332,0.022991,39037,0.022992,60523
1753547173472,16:26:13.472,ACH/USDT:USDT,0.022984,51099,0.022983,36332,0.022991,39037,0.022992,60523
1753547173472,16:26:13.472,ACH/USDT:USDT,0.022984,51099,0.022983,36332,0.022991,39037,0.022992,57232
1753547173697,16:26:13.697,ACH/USDT:USDT,0.022984,51099,0.022983,36332,0.022991,39037,0.022992,57232
1753547174100,16:26:14.100,ACH/USDT:USDT,0.022984,51099,0.022983,36332,0.022991,39037,0.022992,57232
1753547174268,16:26:14.268,ACH/USDT:USDT,0.022984,51099,0.022983,36332,0.022991,39037,0.022992,57232
1753547174671,16:26:14.671,ACH/USDT:USDT,0.022984,51099,0.022983,36332,0.022991,39037,0.022992,57232
1753547174785,16:26:14.785,ACH/USDT:USDT,0.022984,49409,0.022983,36332,0.022991,39037,0.022992,57232
1753547174897,16:26:14.897,ACH/USDT:USDT,0.022984,49409,0.022983,36332,0.022991,39037,0.022992,57232
1753547175302,16:26:15.302,ACH/USDT:USDT,0.022984,49409,0.022983,36332,0.022991,39037,0.022992,57232
1753547175467,16:26:15.467,ACH/USDT:USDT,0.022984,49409,0.022983,36332,0.022991,39037,0.022992,57232
1753547175586,16:26:15.586,ACH/USDT:USDT,0.022986,39355,0.022985,43752,0.022987,1001,0.022988,2137
1753547176015,16:26:16.015,ACH/USDT:USDT,0.022986,39355,0.022985,43752,0.022987,1001,0.022988,2137
1753547176208,16:26:16.208,ACH/USDT:USDT,0.022986,39355,0.022985,49450,0.022987,1001,0.022988,2137
1753547176502,16:26:16.502,ACH/USDT:USDT,0.022986,39355,0.022985,49450,0.022987,1001,0.022988,2137
1753547176669,16:26:16.669,ACH/USDT:USDT,0.022986,39355,0.022985,43752,0.022987,1001,0.022988,2921
1753547177072,16:26:17.072,ACH/USDT:USDT,0.022986,39355,0.022985,43752,0.022987,1001,0.022988,2137
1753547177072,16:26:17.072,ACH/USDT:USDT,0.022986,39355,0.022985,43752,0.022987,1001,0.022988,2137
1753547177296,16:26:17.296,ACH/USDT:USDT,0.022986,39355,0.022985,51778,0.022987,1001,0.022988,2137
1753547177700,16:26:17.700,ACH/USDT:USDT,0.022986,39355,0.022985,51778,0.022987,1001,0.022988,2137
1753547177869,16:26:17.869,ACH/USDT:USDT,0.022986,39355,0.022985,43752,0.022987,1001,0.022988,2137
1753547178272,16:26:18.272,ACH/USDT:USDT,0.022986,39355,0.022985,43752,0.022987,1001,0.022988,2137
1753547178272,16:26:18.272,ACH/USDT:USDT,0.022986,39355,0.022985,43752,0.022987,1001,0.022988,2137
1753547178498,16:26:18.498,ACH/USDT:USDT,0.022986,39355,0.022985,43752,0.022987,1001,0.022988,2137
1753547178901,16:26:18.901,ACH/USDT:USDT,0.022986,39355,0.022985,43752,0.022987,1001,0.022988,2137
1753547179068,16:26:19.068,ACH/USDT:USDT,0.022986,39355,0.022985,43752,0.022987,1001,0.022988,2137
1753547179476,16:26:19.476,ACH/USDT:USDT,0.022986,39355,0.022985,43752,0.022987,1001,0.022988,2137
1753547179476,16:26:19.476,ACH/USDT:USDT,0.022986,39355,0.022985,43752,0.022987,1001,0.022988,2137
1753547179697,16:26:19.697,ACH/USDT:USDT,0.022986,39355,0.022985,68252,0.022987,1001,0.022988,2137
1753547180100,16:26:20.100,ACH/USDT:USDT,0.022986,39355,0.022985,60651,0.022987,1001,0.022988,2137
1753547180269,16:26:20.269,ACH/USDT:USDT,0.022986,39355,0.022985,43752,0.022987,1001,0.022988,2648
1753547180673,16:26:20.673,ACH/USDT:USDT,0.022986,39355,0.022985,43752,0.022987,1001,0.022988,2137
1753547180673,16:26:20.673,ACH/USDT:USDT,0.022986,39355,0.022985,43752,0.022987,1001,0.022988,2137
1753547180899,16:26:20.899,ACH/USDT:USDT,0.022986,39355,0.022985,43752,0.022987,1001,0.022988,2137
1753547181302,16:26:21.302,ACH/USDT:USDT,0.022986,39355,0.022985,43752,0.022987,1001,0.022988,2137
1753547181470,16:26:21.470,ACH/USDT:USDT,0.022986,39355,0.022985,43752,0.022987,1001,0.022988,2137
1753547181595,16:26:21.595,ACH/USDT:USDT,0.022984,1834,0.022983,1397,0.022986,7738,0.022987,11955
1753547182019,16:26:22.019,ACH/USDT:USDT,0.022984,1834,0.022983,1397,0.022986,7738,0.022987,11955
1753547182099,16:26:22.099,ACH/USDT:USDT,0.022984,1834,0.022983,1397,0.022986,7738,0.022987,11955
