timestamp,time,exchange,symbol,bid1_price,bid1_volume,bid2_price,bid2_volume,ask1_price,ask1_volume,ask2_price,ask2_volume
1753591881374,04:51:21.374,bitget,AERGO/USDT:USDT,0.13304,458.0,0.13303,362.0,0.13311,469.0,0.13312,362.0
1753591882725,04:51:22.725,bitget,AERGO/USDT:USDT,0.13304,458.0,0.13303,362.0,0.13311,469.0,0.13312,362.0
1753591882875,04:51:22.875,bitget,AERGO/USDT:USDT,0.13304,458.0,0.13303,362.0,0.13311,469.0,0.13312,362.0
1753591883626,04:51:23.626,bitget,AERGO/USDT:USDT,0.13304,458.0,0.13303,362.0,0.13311,469.0,0.13312,362.0
1753591883776,04:51:23.776,bitget,AERGO/USDT:USDT,0.13304,458.0,0.13303,362.0,0.13311,469.0,0.13312,362.0
1753591883926,04:51:23.926,bitget,AERGO/USDT:USDT,0.13304,458.0,0.13303,362.0,0.13311,469.0,0.13312,362.0
1753591884076,04:51:24.076,bitget,AERGO/USDT:USDT,0.13304,458.0,0.13303,362.0,0.13311,469.0,0.13312,362.0
1753591884226,04:51:24.226,bitget,AERGO/USDT:USDT,0.13304,458.0,0.13303,362.0,0.13311,469.0,0.13312,362.0
1753591885127,04:51:25.127,bitget,AERGO/USDT:USDT,0.13304,458.0,0.13303,362.0,0.13311,469.0,0.13312,362.0
1753591885277,04:51:25.277,bitget,AERGO/USDT:USDT,0.13304,458.0,0.13303,362.0,0.13311,469.0,0.13312,362.0
1753591885427,04:51:25.427,bitget,AERGO/USDT:USDT,0.13304,458.0,0.13303,362.0,0.13311,469.0,0.13312,362.0
1753591885577,04:51:25.577,bitget,AERGO/USDT:USDT,0.13304,458.0,0.13303,362.0,0.13311,469.0,0.13312,362.0
1753591885727,04:51:25.727,bitget,AERGO/USDT:USDT,0.13304,458.0,0.13303,362.0,0.13311,469.0,0.13312,362.0
1753591885877,04:51:25.877,bitget,AERGO/USDT:USDT,0.13304,458.0,0.13303,362.0,0.13311,469.0,0.13312,362.0
1753591886027,04:51:26.027,bitget,AERGO/USDT:USDT,0.13304,458.0,0.13303,362.0,0.13311,469.0,0.13312,362.0
1753591886327,04:51:26.327,bitget,AERGO/USDT:USDT,0.13304,458.0,0.13303,362.0,0.13311,469.0,0.13312,362.0
1753591886478,04:51:26.478,bitget,AERGO/USDT:USDT,0.13304,458.0,0.13303,362.0,0.13311,469.0,0.13312,362.0
1753591886628,04:51:26.628,bitget,AERGO/USDT:USDT,0.13304,458.0,0.13303,362.0,0.13311,469.0,0.13312,362.0
1753591886928,04:51:26.928,bitget,AERGO/USDT:USDT,0.13304,458.0,0.13303,362.0,0.13311,469.0,0.13312,362.0
1753591887528,04:51:27.528,bitget,AERGO/USDT:USDT,0.13304,458.0,0.13303,362.0,0.13311,469.0,0.13312,362.0
1753591887828,04:51:27.828,bitget,AERGO/USDT:USDT,0.13304,458.0,0.13303,362.0,0.13311,469.0,0.13312,362.0
1753591889780,04:51:29.780,bitget,AERGO/USDT:USDT,0.13304,458.0,0.13303,362.0,0.1331,469.0,0.13312,362.0
1753591889930,04:51:29.930,bitget,AERGO/USDT:USDT,0.13304,458.0,0.13303,362.0,0.1331,469.0,0.13312,362.0
1753591890080,04:51:30.080,bitget,AERGO/USDT:USDT,0.13304,458.0,0.13303,362.0,0.1331,469.0,0.13312,362.0
1753591890230,04:51:30.230,bitget,AERGO/USDT:USDT,0.13304,458.0,0.13303,362.0,0.1331,469.0,0.13312,362.0
1753591890530,04:51:30.530,bitget,AERGO/USDT:USDT,0.13304,458.0,0.13303,362.0,0.1331,469.0,0.13312,362.0
1753591890680,04:51:30.680,bitget,AERGO/USDT:USDT,0.13304,458.0,0.13303,362.0,0.1331,469.0,0.13312,362.0
1753591890830,04:51:30.830,bitget,AERGO/USDT:USDT,0.13304,458.0,0.13303,362.0,0.1331,469.0,0.13312,362.0
1753591890980,04:51:30.980,bitget,AERGO/USDT:USDT,0.13304,458.0,0.13303,362.0,0.1331,469.0,0.13312,362.0
1753591891130,04:51:31.130,bitget,AERGO/USDT:USDT,0.13304,458.0,0.13303,362.0,0.1331,469.0,0.13312,362.0
1753591891497,04:51:31.497,bitget,AERGO/USDT:USDT,0.13304,458.0,0.13303,362.0,0.1331,469.0,0.13312,362.0
1753591891698,04:51:31.698,bitget,AERGO/USDT:USDT,0.13304,458.0,0.13303,362.0,0.1331,469.0,0.13312,362.0
1753591891848,04:51:31.848,bitget,AERGO/USDT:USDT,0.13304,458.0,0.13303,362.0,0.1331,469.0,0.13312,738.0
1753591892013,04:51:32.013,bitget,AERGO/USDT:USDT,0.13304,4215.0,0.13303,362.0,0.1331,469.0,0.13312,738.0
1753591892181,04:51:32.181,bitget,AERGO/USDT:USDT,0.13305,469.0,0.13304,3757.0,0.1331,469.0,0.13312,738.0
1753591892481,04:51:32.481,bitget,AERGO/USDT:USDT,0.13305,469.0,0.13304,3757.0,0.1331,469.0,0.13312,738.0
1753591892631,04:51:32.631,bitget,AERGO/USDT:USDT,0.13305,469.0,0.13304,3757.0,0.1331,469.0,0.13312,738.0
1753591892781,04:51:32.781,bitget,AERGO/USDT:USDT,0.13305,469.0,0.13304,3757.0,0.1331,469.0,0.13312,738.0
1753591892931,04:51:32.931,bitget,AERGO/USDT:USDT,0.13305,469.0,0.13304,3757.0,0.13312,738.0,0.13313,1094.0
1753591893082,04:51:33.082,bitget,AERGO/USDT:USDT,0.13305,469.0,0.13304,3757.0,0.13311,469.0,0.13312,738.0
1753591893232,04:51:33.232,bitget,AERGO/USDT:USDT,0.13305,469.0,0.13304,3757.0,0.13311,469.0,0.13312,738.0
1753591893532,04:51:33.532,bitget,AERGO/USDT:USDT,0.13305,469.0,0.13304,3757.0,0.13311,469.0,0.13312,738.0
1753591893682,04:51:33.682,bitget,AERGO/USDT:USDT,0.13305,469.0,0.13304,3757.0,0.13311,469.0,0.13312,738.0
1753591893982,04:51:33.982,bitget,AERGO/USDT:USDT,0.13305,469.0,0.13304,3757.0,0.13311,469.0,0.13312,738.0
1753591894432,04:51:34.432,bitget,AERGO/USDT:USDT,0.13305,469.0,0.13304,3757.0,0.13311,469.0,0.13312,738.0
1753591895033,04:51:35.033,bitget,AERGO/USDT:USDT,0.13305,469.0,0.13304,3757.0,0.13311,469.0,0.13312,738.0
1753591895183,04:51:35.183,bitget,AERGO/USDT:USDT,0.13305,469.0,0.13304,3757.0,0.13311,469.0,0.13312,738.0
1753591895333,04:51:35.333,bitget,AERGO/USDT:USDT,0.13305,469.0,0.13304,3757.0,0.13311,469.0,0.13312,738.0
1753591895483,04:51:35.483,bitget,AERGO/USDT:USDT,0.13305,469.0,0.13304,3757.0,0.13311,469.0,0.13312,738.0
1753591896083,04:51:36.083,bitget,AERGO/USDT:USDT,0.13305,469.0,0.13304,3757.0,0.13311,469.0,0.13312,738.0
1753591897734,04:51:37.734,bitget,AERGO/USDT:USDT,0.13305,469.0,0.13304,3757.0,0.13311,469.0,0.13312,738.0
1753591898035,04:51:38.035,bitget,AERGO/USDT:USDT,0.13305,469.0,0.13304,3757.0,0.13311,469.0,0.13312,738.0
1753591898485,04:51:38.485,bitget,AERGO/USDT:USDT,0.13305,469.0,0.13303,362.0,0.13313,466.0,0.13318,2271.0
1753591899686,04:51:39.686,bitget,AERGO/USDT:USDT,0.13306,453.0,0.13305,362.0,0.13313,466.0,0.13318,2271.0
1753591899986,04:51:39.986,bitget,AERGO/USDT:USDT,0.13306,453.0,0.13305,362.0,0.13313,466.0,0.13318,2271.0
1753591900136,04:51:40.136,bitget,AERGO/USDT:USDT,0.13306,453.0,0.13305,362.0,0.13313,466.0,0.13318,2271.0
1753591900286,04:51:40.286,bitget,AERGO/USDT:USDT,0.13306,453.0,0.13305,362.0,0.13313,466.0,0.13318,2271.0
1753591900586,04:51:40.586,bitget,AERGO/USDT:USDT,0.13306,453.0,0.13305,362.0,0.13313,466.0,0.13318,2271.0
1753591900736,04:51:40.736,bitget,AERGO/USDT:USDT,0.13306,453.0,0.13305,362.0,0.13313,466.0,0.13318,2271.0
1753591901187,04:51:41.187,bitget,AERGO/USDT:USDT,0.13306,453.0,0.13305,362.0,0.13313,466.0,0.13318,2271.0
1753591901337,04:51:41.337,bitget,AERGO/USDT:USDT,0.13306,453.0,0.13305,362.0,0.13313,466.0,0.13318,2271.0
1753591901637,04:51:41.637,bitget,AERGO/USDT:USDT,0.13306,453.0,0.13305,362.0,0.13313,466.0,0.13318,2271.0
1753591901787,04:51:41.787,bitget,AERGO/USDT:USDT,0.13306,453.0,0.13305,362.0,0.13313,466.0,0.13318,2271.0
1753591902087,04:51:42.087,bitget,AERGO/USDT:USDT,0.13306,453.0,0.13305,362.0,0.13313,466.0,0.13318,2271.0
1753591902237,04:51:42.237,bitget,AERGO/USDT:USDT,0.13306,453.0,0.13305,362.0,0.13313,466.0,0.13318,2271.0
1753591902387,04:51:42.387,bitget,AERGO/USDT:USDT,0.13306,453.0,0.13305,362.0,0.13313,466.0,0.13318,2271.0
1753591902688,04:51:42.688,bitget,AERGO/USDT:USDT,0.13306,453.0,0.13305,362.0,0.13313,466.0,0.13318,2271.0
1753591902988,04:51:42.988,bitget,AERGO/USDT:USDT,0.13306,453.0,0.13305,362.0,0.13313,466.0,0.13318,2271.0
1753591903138,04:51:43.138,bitget,AERGO/USDT:USDT,0.13306,453.0,0.13305,362.0,0.13313,466.0,0.13318,2271.0
1753591903288,04:51:43.288,bitget,AERGO/USDT:USDT,0.13306,453.0,0.13305,362.0,0.13313,466.0,0.13318,2271.0
1753591903738,04:51:43.738,bitget,AERGO/USDT:USDT,0.13306,453.0,0.13305,362.0,0.13313,466.0,0.13318,2271.0
1753591903888,04:51:43.888,bitget,AERGO/USDT:USDT,0.13306,453.0,0.13305,362.0,0.13313,466.0,0.13318,2271.0
1753591904339,04:51:44.339,bitget,AERGO/USDT:USDT,0.13306,453.0,0.13305,362.0,0.13313,466.0,0.13318,2271.0
1753591904789,04:51:44.789,bitget,AERGO/USDT:USDT,0.13306,453.0,0.13305,362.0,0.13313,466.0,0.13318,2271.0
1753591904939,04:51:44.939,bitget,AERGO/USDT:USDT,0.13306,453.0,0.13305,362.0,0.13313,466.0,0.13318,2271.0
1753591905089,04:51:45.089,bitget,AERGO/USDT:USDT,0.13306,453.0,0.13305,362.0,0.13313,466.0,0.13318,2271.0
1753591905239,04:51:45.239,bitget,AERGO/USDT:USDT,0.13306,453.0,0.13305,362.0,0.13313,466.0,0.13318,2271.0
1753591905389,04:51:45.389,bitget,AERGO/USDT:USDT,0.13306,453.0,0.13305,362.0,0.13313,466.0,0.13318,2271.0
1753591905689,04:51:45.689,bitget,AERGO/USDT:USDT,0.13306,453.0,0.13305,362.0,0.13313,466.0,0.13318,2271.0
1753591905840,04:51:45.840,bitget,AERGO/USDT:USDT,0.13306,453.0,0.13305,362.0,0.13313,466.0,0.13318,2271.0
1753591905990,04:51:45.990,bitget,AERGO/USDT:USDT,0.13306,453.0,0.13305,362.0,0.13313,466.0,0.13318,2271.0
1753591906140,04:51:46.140,bitget,AERGO/USDT:USDT,0.13306,453.0,0.13305,362.0,0.13313,466.0,0.13318,2271.0
1753591906440,04:51:46.440,bitget,AERGO/USDT:USDT,0.13307,453.0,0.13306,362.0,0.13313,466.0,0.13315,380.0
1753591906740,04:51:46.740,bitget,AERGO/USDT:USDT,0.13308,453.0,0.13307,184.0,0.13313,466.0,0.13315,380.0
1753591907641,04:51:47.641,bitget,AERGO/USDT:USDT,0.13306,362.0,0.13305,362.0,0.13313,466.0,0.13315,991.0
1753591907791,04:51:47.791,bitget,AERGO/USDT:USDT,0.13307,469.0,0.13303,362.0,0.13312,362.0,0.13313,466.0
1753591907941,04:51:47.941,bitget,AERGO/USDT:USDT,0.13307,469.0,0.13303,362.0,0.13311,469.0,0.13312,362.0
1753591908241,04:51:48.241,bitget,AERGO/USDT:USDT,0.13307,469.0,0.13303,362.0,0.13311,469.0,0.13312,362.0
1753591908542,04:51:48.542,bitget,AERGO/USDT:USDT,0.13307,469.0,0.13303,362.0,0.13311,469.0,0.13312,362.0
1753591909142,04:51:49.142,bitget,AERGO/USDT:USDT,0.13307,469.0,0.13303,362.0,0.13311,469.0,0.13312,362.0
1753591909742,04:51:49.742,bitget,AERGO/USDT:USDT,0.13307,469.0,0.13303,362.0,0.13311,469.0,0.13312,362.0
1753591910043,04:51:50.043,bitget,AERGO/USDT:USDT,0.13307,469.0,0.13303,362.0,0.13311,469.0,0.13312,362.0
1753591910193,04:51:50.193,bitget,AERGO/USDT:USDT,0.13307,469.0,0.13303,362.0,0.13311,469.0,0.13312,362.0
1753591910343,04:51:50.343,bitget,AERGO/USDT:USDT,0.13307,469.0,0.13303,362.0,0.13311,469.0,0.13312,362.0
1753591910793,04:51:50.793,bitget,AERGO/USDT:USDT,0.13307,469.0,0.13303,990.0,0.13311,469.0,0.13312,362.0
1753591910943,04:51:50.943,bitget,AERGO/USDT:USDT,0.13307,469.0,0.13303,990.0,0.13311,469.0,0.13312,362.0
1753591911093,04:51:51.093,bitget,AERGO/USDT:USDT,0.13307,469.0,0.13303,990.0,0.13311,469.0,0.13312,362.0
1753591911243,04:51:51.243,bitget,AERGO/USDT:USDT,0.13307,469.0,0.13303,990.0,0.13311,469.0,0.13312,362.0
1753591911544,04:51:51.544,bitget,AERGO/USDT:USDT,0.13307,469.0,0.13303,990.0,0.13311,469.0,0.13312,362.0
1753591911694,04:51:51.694,bitget,AERGO/USDT:USDT,0.13307,469.0,0.13303,990.0,0.13311,469.0,0.13312,362.0
1753591911844,04:51:51.844,bitget,AERGO/USDT:USDT,0.13307,469.0,0.13303,990.0,0.13311,469.0,0.13312,362.0
1753591911994,04:51:51.994,bitget,AERGO/USDT:USDT,0.13307,469.0,0.13303,990.0,0.13311,469.0,0.13312,362.0
1753591912294,04:51:52.294,bitget,AERGO/USDT:USDT,0.13307,469.0,0.13303,990.0,0.13311,469.0,0.13312,362.0
1753591912444,04:51:52.444,bitget,AERGO/USDT:USDT,0.13307,469.0,0.13303,990.0,0.13311,469.0,0.13312,362.0
1753591912744,04:51:52.744,bitget,AERGO/USDT:USDT,0.13307,469.0,0.13303,990.0,0.13311,469.0,0.13312,362.0
1753591912894,04:51:52.894,bitget,AERGO/USDT:USDT,0.13307,469.0,0.13303,990.0,0.13311,469.0,0.13312,362.0
1753591913195,04:51:53.195,bitget,AERGO/USDT:USDT,0.13307,469.0,0.13303,990.0,0.13311,469.0,0.13312,362.0
1753591913345,04:51:53.345,bitget,AERGO/USDT:USDT,0.13307,469.0,0.13303,990.0,0.13311,469.0,0.13312,362.0
1753591913945,04:51:53.945,bitget,AERGO/USDT:USDT,0.13307,469.0,0.13303,990.0,0.13311,469.0,0.13312,362.0
1753591914245,04:51:54.245,bitget,AERGO/USDT:USDT,0.13307,469.0,0.13303,990.0,0.13311,469.0,0.13312,362.0
1753591914395,04:51:54.395,bitget,AERGO/USDT:USDT,0.13307,469.0,0.13303,990.0,0.13311,469.0,0.13312,362.0
1753591914545,04:51:54.545,bitget,AERGO/USDT:USDT,0.13307,469.0,0.13303,990.0,0.13311,469.0,0.13312,362.0
1753591914846,04:51:54.846,bitget,AERGO/USDT:USDT,0.13307,469.0,0.13303,990.0,0.13311,469.0,0.13312,362.0
1753591915446,04:51:55.446,bitget,AERGO/USDT:USDT,0.13307,469.0,0.13303,990.0,0.13311,469.0,0.13312,362.0
1753591916196,04:51:56.196,bitget,AERGO/USDT:USDT,0.13307,469.0,0.13303,990.0,0.13311,469.0,0.13312,362.0
1753591916346,04:51:56.346,bitget,AERGO/USDT:USDT,0.13307,469.0,0.13303,990.0,0.13311,469.0,0.13312,362.0
1753591916497,04:51:56.497,bitget,AERGO/USDT:USDT,0.13307,469.0,0.13303,990.0,0.13311,469.0,0.13312,362.0
1753591916797,04:51:56.797,bitget,AERGO/USDT:USDT,0.13307,469.0,0.13303,990.0,0.13311,469.0,0.13312,362.0
1753591916947,04:51:56.947,bitget,AERGO/USDT:USDT,0.13307,469.0,0.13303,990.0,0.13311,469.0,0.13312,362.0
1753591917097,04:51:57.097,bitget,AERGO/USDT:USDT,0.13307,469.0,0.13303,990.0,0.13311,469.0,0.13312,362.0
1753591917397,04:51:57.397,bitget,AERGO/USDT:USDT,0.13307,469.0,0.13303,990.0,0.13311,469.0,0.13312,362.0
1753591917547,04:51:57.547,bitget,AERGO/USDT:USDT,0.13307,469.0,0.13303,990.0,0.13311,469.0,0.13312,362.0
1753591917997,04:51:57.997,bitget,AERGO/USDT:USDT,0.13307,469.0,0.13303,990.0,0.13311,469.0,0.13312,362.0
1753591918148,04:51:58.148,bitget,AERGO/USDT:USDT,0.13307,469.0,0.13303,990.0,0.13311,469.0,0.13312,362.0
1753591918297,04:51:58.297,bitget,AERGO/USDT:USDT,0.13307,469.0,0.13303,990.0,0.13311,469.0,0.13312,362.0
1753591918448,04:51:58.448,bitget,AERGO/USDT:USDT,0.13307,469.0,0.13303,990.0,0.13311,469.0,0.13313,466.0
1753591918898,04:51:58.898,bitget,AERGO/USDT:USDT,0.13307,469.0,0.13303,990.0,0.13313,466.0,0.13315,1076.0
1753591919198,04:51:59.198,bitget,AERGO/USDT:USDT,0.13307,469.0,0.13303,990.0,0.13313,466.0,0.13315,1076.0
1753591919348,04:51:59.348,bitget,AERGO/USDT:USDT,0.13307,469.0,0.13303,990.0,0.13313,466.0,0.13315,1076.0
1753591919498,04:51:59.498,bitget,AERGO/USDT:USDT,0.13307,469.0,0.13303,990.0,0.13313,466.0,0.13315,1076.0
1753591919648,04:51:59.648,bitget,AERGO/USDT:USDT,0.13307,469.0,0.13303,990.0,0.13313,466.0,0.13315,1076.0
1753591919949,04:51:59.949,bitget,AERGO/USDT:USDT,0.13307,469.0,0.13303,990.0,0.13313,466.0,0.13315,1076.0
1753591920249,04:52:00.249,bitget,AERGO/USDT:USDT,0.13307,469.0,0.13303,990.0,0.13313,466.0,0.13315,1076.0
1753591920849,04:52:00.849,bitget,AERGO/USDT:USDT,0.13307,469.0,0.13303,990.0,0.13313,466.0,0.13315,1076.0
1753591920999,04:52:00.999,bitget,AERGO/USDT:USDT,0.13307,469.0,0.13303,990.0,0.13313,466.0,0.13315,1076.0
1753591921300,04:52:01.300,bitget,AERGO/USDT:USDT,0.13307,469.0,0.13303,990.0,0.13313,466.0,0.13315,1076.0
1753591921450,04:52:01.450,bitget,AERGO/USDT:USDT,0.13307,469.0,0.13303,990.0,0.13313,466.0,0.13315,1076.0
1753591921600,04:52:01.600,bitget,AERGO/USDT:USDT,0.13307,469.0,0.13303,990.0,0.13313,466.0,0.13315,1076.0
1753591921900,04:52:01.900,bitget,AERGO/USDT:USDT,0.13307,469.0,0.13303,990.0,0.13313,466.0,0.13315,1076.0
1753591922050,04:52:02.050,bitget,AERGO/USDT:USDT,0.13307,469.0,0.13303,990.0,0.13313,466.0,0.13315,1076.0
1753591922200,04:52:02.200,bitget,AERGO/USDT:USDT,0.13307,469.0,0.13303,990.0,0.13313,466.0,0.13315,1076.0
1753591922500,04:52:02.500,bitget,AERGO/USDT:USDT,0.13307,469.0,0.13303,990.0,0.13313,466.0,0.13315,1076.0
1753591922800,04:52:02.800,bitget,AERGO/USDT:USDT,0.13307,469.0,0.13303,990.0,0.13313,466.0,0.13315,1076.0
1753591922951,04:52:02.951,bitget,AERGO/USDT:USDT,0.13307,469.0,0.13303,990.0,0.13313,466.0,0.13315,1076.0
1753591923101,04:52:03.101,bitget,AERGO/USDT:USDT,0.13307,469.0,0.13303,990.0,0.13313,466.0,0.13315,1076.0
1753591923251,04:52:03.251,bitget,AERGO/USDT:USDT,0.13307,469.0,0.13303,990.0,0.13313,466.0,0.13315,1076.0
1753591923401,04:52:03.401,bitget,AERGO/USDT:USDT,0.13307,469.0,0.13303,990.0,0.13313,466.0,0.13315,1076.0
1753591923551,04:52:03.551,bitget,AERGO/USDT:USDT,0.13307,469.0,0.13303,990.0,0.13313,466.0,0.13315,1076.0
1753591923701,04:52:03.701,bitget,AERGO/USDT:USDT,0.13307,469.0,0.13303,990.0,0.13313,466.0,0.13315,1076.0
1753591923851,04:52:03.851,bitget,AERGO/USDT:USDT,0.13307,469.0,0.13303,990.0,0.13313,466.0,0.13315,1076.0
1753591924001,04:52:04.001,bitget,AERGO/USDT:USDT,0.13307,469.0,0.13303,990.0,0.13313,466.0,0.13315,1076.0
1753591924151,04:52:04.151,bitget,AERGO/USDT:USDT,0.13307,469.0,0.13303,990.0,0.13313,466.0,0.13315,1076.0
1753591924301,04:52:04.301,bitget,AERGO/USDT:USDT,0.13307,469.0,0.13303,990.0,0.13313,466.0,0.13315,1076.0
1753591924451,04:52:04.451,bitget,AERGO/USDT:USDT,0.13307,469.0,0.13303,990.0,0.13313,466.0,0.13315,1076.0
1753591925052,04:52:05.052,bitget,AERGO/USDT:USDT,0.13307,469.0,0.13303,990.0,0.13313,466.0,0.13315,1076.0
1753591925202,04:52:05.202,bitget,AERGO/USDT:USDT,0.13307,469.0,0.13303,990.0,0.13313,466.0,0.13315,1076.0
1753591925352,04:52:05.352,bitget,AERGO/USDT:USDT,0.13307,469.0,0.13303,990.0,0.13313,466.0,0.13315,1076.0
1753591925502,04:52:05.502,bitget,AERGO/USDT:USDT,0.13307,469.0,0.13303,990.0,0.13313,466.0,0.13315,1076.0
1753591925652,04:52:05.652,bitget,AERGO/USDT:USDT,0.13307,469.0,0.13303,990.0,0.13313,466.0,0.13315,1076.0
1753591925802,04:52:05.802,bitget,AERGO/USDT:USDT,0.13307,469.0,0.13303,990.0,0.13313,466.0,0.13315,1076.0
1753591926403,04:52:06.403,bitget,AERGO/USDT:USDT,0.13307,469.0,0.13303,990.0,0.13313,466.0,0.13315,1076.0
1753591926853,04:52:06.853,bitget,AERGO/USDT:USDT,0.13307,469.0,0.13303,990.0,0.13313,466.0,0.13315,1076.0
1753591927303,04:52:07.303,bitget,AERGO/USDT:USDT,0.13313,466.0,0.13309,1234.0,0.13319,459.0,0.13321,459.0
1753591927753,04:52:07.753,bitget,AERGO/USDT:USDT,0.13314,459.0,0.13313,466.0,0.13317,459.0,0.13319,1417.0
1753591928054,04:52:08.054,bitget,AERGO/USDT:USDT,0.13314,459.0,0.13309,1234.0,0.13317,459.0,0.13319,1417.0
1753591928204,04:52:08.204,bitget,AERGO/USDT:USDT,0.13314,459.0,0.13309,1234.0,0.13317,459.0,0.13319,1417.0
1753591928804,04:52:08.804,bitget,AERGO/USDT:USDT,0.13312,459.0,0.13309,1234.0,0.13319,459.0,0.13321,4841.0
1753591928954,04:52:08.954,bitget,AERGO/USDT:USDT,0.13312,459.0,0.13309,1234.0,0.13319,459.0,0.13321,4841.0
1753591929555,04:52:09.555,bitget,AERGO/USDT:USDT,0.13312,459.0,0.13309,1234.0,0.13319,459.0,0.13321,4841.0
1753591929705,04:52:09.705,bitget,AERGO/USDT:USDT,0.13312,459.0,0.13309,1234.0,0.13319,459.0,0.13321,4841.0
1753591930155,04:52:10.155,bitget,AERGO/USDT:USDT,0.13312,459.0,0.13309,1234.0,0.13319,459.0,0.13321,4841.0
1753591930755,04:52:10.755,bitget,AERGO/USDT:USDT,0.13312,459.0,0.13309,1234.0,0.13317,459.0,0.13318,362.0
1753591930905,04:52:10.905,bitget,AERGO/USDT:USDT,0.13312,459.0,0.13309,1234.0,0.13317,459.0,0.13318,362.0
1753591931206,04:52:11.206,bitget,AERGO/USDT:USDT,0.13312,459.0,0.13309,1234.0,0.13317,459.0,0.13318,362.0
1753591931356,04:52:11.356,bitget,AERGO/USDT:USDT,0.13312,459.0,0.13309,1234.0,0.13317,459.0,0.13318,362.0
1753591931806,04:52:11.806,bitget,AERGO/USDT:USDT,0.13312,459.0,0.13309,1234.0,0.13317,459.0,0.13318,362.0
1753591932256,04:52:12.256,bitget,AERGO/USDT:USDT,0.13312,459.0,0.13309,1234.0,0.13317,459.0,0.13318,362.0
1753591932857,04:52:12.857,bitget,AERGO/USDT:USDT,0.13312,459.0,0.13309,1234.0,0.13317,459.0,0.13318,362.0
1753591933157,04:52:13.157,bitget,AERGO/USDT:USDT,0.13312,459.0,0.13309,1234.0,0.13317,459.0,0.13318,362.0
1753591933307,04:52:13.307,bitget,AERGO/USDT:USDT,0.13312,459.0,0.13309,1234.0,0.13317,459.0,0.13318,362.0
1753591933607,04:52:13.607,bitget,AERGO/USDT:USDT,0.13312,459.0,0.13309,1234.0,0.13317,459.0,0.13318,362.0
1753591933907,04:52:13.907,bitget,AERGO/USDT:USDT,0.13312,459.0,0.13309,1234.0,0.13317,459.0,0.13318,362.0
1753591934357,04:52:14.357,bitget,AERGO/USDT:USDT,0.13312,459.0,0.13309,758.0,0.13317,459.0,0.13318,362.0
1753591934508,04:52:14.508,bitget,AERGO/USDT:USDT,0.13312,459.0,0.13309,758.0,0.13317,459.0,0.13318,362.0
1753591934658,04:52:14.658,bitget,AERGO/USDT:USDT,0.13312,459.0,0.13309,758.0,0.13317,459.0,0.13318,362.0
1753591934808,04:52:14.808,bitget,AERGO/USDT:USDT,0.13312,459.0,0.13309,758.0,0.13317,459.0,0.13318,362.0
1753591934958,04:52:14.958,bitget,AERGO/USDT:USDT,0.13312,459.0,0.13309,758.0,0.13317,459.0,0.13318,362.0
1753591935258,04:52:15.258,bitget,AERGO/USDT:USDT,0.13312,459.0,0.13309,758.0,0.13317,459.0,0.13318,362.0
1753591935408,04:52:15.408,bitget,AERGO/USDT:USDT,0.13312,459.0,0.13309,758.0,0.13317,459.0,0.13318,362.0
1753591935558,04:52:15.558,bitget,AERGO/USDT:USDT,0.13312,459.0,0.13309,758.0,0.13317,459.0,0.13318,362.0
1753591935858,04:52:15.858,bitget,AERGO/USDT:USDT,0.13312,459.0,0.13309,758.0,0.13317,459.0,0.13318,362.0
1753591936008,04:52:16.008,bitget,AERGO/USDT:USDT,0.13312,459.0,0.13309,758.0,0.13317,459.0,0.13318,362.0
1753591936159,04:52:16.159,bitget,AERGO/USDT:USDT,0.13312,459.0,0.13309,758.0,0.13317,459.0,0.13318,362.0
1753591936309,04:52:16.309,bitget,AERGO/USDT:USDT,0.13312,459.0,0.13309,758.0,0.13317,459.0,0.13318,362.0
1753591936459,04:52:16.459,bitget,AERGO/USDT:USDT,0.13312,459.0,0.13309,758.0,0.13317,459.0,0.13318,362.0
1753591936909,04:52:16.909,bitget,AERGO/USDT:USDT,0.13312,459.0,0.13309,758.0,0.13317,459.0,0.13318,362.0
1753591937059,04:52:17.059,bitget,AERGO/USDT:USDT,0.13312,459.0,0.13309,758.0,0.13317,459.0,0.13318,362.0
1753591937209,04:52:17.209,bitget,AERGO/USDT:USDT,0.13312,459.0,0.13309,758.0,0.13317,459.0,0.13318,362.0
1753591937359,04:52:17.359,bitget,AERGO/USDT:USDT,0.13312,459.0,0.13309,758.0,0.13317,459.0,0.13318,362.0
1753591937510,04:52:17.510,bitget,AERGO/USDT:USDT,0.13312,459.0,0.13309,758.0,0.13317,459.0,0.13318,362.0
1753591937810,04:52:17.810,bitget,AERGO/USDT:USDT,0.13312,459.0,0.13309,758.0,0.13317,459.0,0.13318,362.0
1753591937960,04:52:17.960,bitget,AERGO/USDT:USDT,0.13312,459.0,0.13309,758.0,0.13317,459.0,0.13318,362.0
1753591938110,04:52:18.110,bitget,AERGO/USDT:USDT,0.13312,459.0,0.13309,758.0,0.13317,459.0,0.13318,362.0
1753591938410,04:52:18.410,bitget,AERGO/USDT:USDT,0.13312,459.0,0.13309,758.0,0.13317,459.0,0.13318,362.0
1753591938560,04:52:18.560,bitget,AERGO/USDT:USDT,0.13312,459.0,0.13309,758.0,0.13317,459.0,0.13318,362.0
1753591938710,04:52:18.710,bitget,AERGO/USDT:USDT,0.13312,459.0,0.13309,758.0,0.13317,459.0,0.13318,362.0
1753591938860,04:52:18.860,bitget,AERGO/USDT:USDT,0.13312,459.0,0.13309,758.0,0.13317,459.0,0.13318,362.0
1753591939461,04:52:19.461,bitget,AERGO/USDT:USDT,0.13312,459.0,0.13309,758.0,0.13317,459.0,0.13318,4117.0
1753591939611,04:52:19.611,bitget,AERGO/USDT:USDT,0.13312,459.0,0.13309,758.0,0.13317,459.0,0.13318,4117.0
1753591939761,04:52:19.761,bitget,AERGO/USDT:USDT,0.13312,459.0,0.13309,758.0,0.13317,459.0,0.13318,4117.0
1753591940511,04:52:20.511,bitget,AERGO/USDT:USDT,0.1331,468.0,0.13308,1120.0,0.13315,468.0,0.13316,959.0
1753591940811,04:52:20.811,bitget,AERGO/USDT:USDT,0.1331,468.0,0.13308,1120.0,0.13315,468.0,0.13316,959.0
1753591940961,04:52:20.961,bitget,AERGO/USDT:USDT,0.1331,468.0,0.13308,1120.0,0.13315,468.0,0.13316,959.0
1753591941112,04:52:21.112,bitget,AERGO/USDT:USDT,0.1331,468.0,0.13308,1120.0,0.13315,468.0,0.13316,959.0
1753591941262,04:52:21.262,bitget,AERGO/USDT:USDT,0.1331,468.0,0.13308,1120.0,0.13315,468.0,0.13316,959.0
1753591941712,04:52:21.712,bitget,AERGO/USDT:USDT,0.1331,468.0,0.13308,1120.0,0.13315,468.0,0.13316,959.0
1753591941862,04:52:21.862,bitget,AERGO/USDT:USDT,0.1331,468.0,0.13308,1120.0,0.13315,468.0,0.13316,959.0
1753591942162,04:52:22.162,bitget,AERGO/USDT:USDT,0.1331,468.0,0.13308,1120.0,0.13315,468.0,0.13316,959.0
1753591942312,04:52:22.312,bitget,AERGO/USDT:USDT,0.1331,468.0,0.13308,1120.0,0.13315,468.0,0.13316,959.0
1753591942613,04:52:22.613,bitget,AERGO/USDT:USDT,0.1331,468.0,0.13308,1120.0,0.13315,468.0,0.13316,959.0
1753591942913,04:52:22.913,bitget,AERGO/USDT:USDT,0.1331,468.0,0.13308,1120.0,0.13315,468.0,0.13316,959.0
1753591943363,04:52:23.363,bitget,AERGO/USDT:USDT,0.1331,468.0,0.13308,1120.0,0.13315,468.0,0.13316,959.0
1753591943513,04:52:23.513,bitget,AERGO/USDT:USDT,0.1331,468.0,0.13308,1120.0,0.13315,468.0,0.13316,959.0
1753591943663,04:52:23.663,bitget,AERGO/USDT:USDT,0.1331,468.0,0.13308,1120.0,0.13315,468.0,0.13316,959.0
1753591943813,04:52:23.813,bitget,AERGO/USDT:USDT,0.1331,468.0,0.13308,1120.0,0.13315,468.0,0.13316,959.0
1753591943963,04:52:23.963,bitget,AERGO/USDT:USDT,0.1331,468.0,0.13308,1120.0,0.13315,468.0,0.13316,959.0
1753591944564,04:52:24.564,bitget,AERGO/USDT:USDT,0.1331,468.0,0.13308,1120.0,0.13315,468.0,0.13316,959.0
1753591944864,04:52:24.864,bitget,AERGO/USDT:USDT,0.1331,468.0,0.13308,1120.0,0.13315,468.0,0.13316,959.0
1753591945014,04:52:25.014,bitget,AERGO/USDT:USDT,0.1331,468.0,0.13308,1120.0,0.13315,468.0,0.13316,959.0
1753591945164,04:52:25.164,bitget,AERGO/USDT:USDT,0.1331,468.0,0.13308,1120.0,0.13315,468.0,0.13316,959.0
1753591945314,04:52:25.314,bitget,AERGO/USDT:USDT,0.1331,468.0,0.13308,1120.0,0.13315,468.0,0.13316,959.0
1753591945464,04:52:25.464,bitget,AERGO/USDT:USDT,0.1331,468.0,0.13308,1120.0,0.13315,468.0,0.13316,959.0
1753591945614,04:52:25.614,bitget,AERGO/USDT:USDT,0.1331,468.0,0.13308,1120.0,0.13315,468.0,0.13316,959.0
1753591945765,04:52:25.765,bitget,AERGO/USDT:USDT,0.1331,468.0,0.13308,1120.0,0.13315,468.0,0.13316,959.0
1753591945915,04:52:25.915,bitget,AERGO/USDT:USDT,0.1331,468.0,0.13308,1120.0,0.13315,468.0,0.13316,959.0
1753591946065,04:52:26.065,bitget,AERGO/USDT:USDT,0.1331,468.0,0.13308,1120.0,0.13315,468.0,0.13316,959.0
1753591946365,04:52:26.365,bitget,AERGO/USDT:USDT,0.1331,468.0,0.13308,1120.0,0.13315,468.0,0.13316,959.0
1753591946515,04:52:26.515,bitget,AERGO/USDT:USDT,0.1331,468.0,0.13308,1120.0,0.13315,468.0,0.13316,959.0
1753591946665,04:52:26.665,bitget,AERGO/USDT:USDT,0.1331,468.0,0.13308,1120.0,0.13315,468.0,0.13316,959.0
1753591946965,04:52:26.965,bitget,AERGO/USDT:USDT,0.1331,468.0,0.13308,1120.0,0.13315,468.0,0.13316,959.0
1753591947115,04:52:27.115,bitget,AERGO/USDT:USDT,0.1331,468.0,0.13308,1120.0,0.13315,468.0,0.13316,959.0
1753591947265,04:52:27.265,bitget,AERGO/USDT:USDT,0.1331,468.0,0.13308,1120.0,0.13315,468.0,0.13316,959.0
1753591947416,04:52:27.416,bitget,AERGO/USDT:USDT,0.1331,468.0,0.13308,1120.0,0.13315,468.0,0.13316,959.0
1753591947716,04:52:27.716,bitget,AERGO/USDT:USDT,0.13307,469.0,0.13303,362.0,0.13314,362.0,0.13315,468.0
1753591947866,04:52:27.866,bitget,AERGO/USDT:USDT,0.13307,469.0,0.13303,362.0,0.13313,470.0,0.13314,362.0
1753591948166,04:52:28.166,bitget,AERGO/USDT:USDT,0.13307,469.0,0.13303,362.0,0.13313,470.0,0.13314,362.0
1753591948466,04:52:28.466,bitget,AERGO/USDT:USDT,0.13307,469.0,0.13303,362.0,0.13313,470.0,0.13314,362.0
1753591948616,04:52:28.616,bitget,AERGO/USDT:USDT,0.13307,469.0,0.13303,362.0,0.13313,470.0,0.13314,362.0
1753591948916,04:52:28.916,bitget,AERGO/USDT:USDT,0.13307,469.0,0.13303,362.0,0.13313,470.0,0.13314,362.0
1753591949067,04:52:29.067,bitget,AERGO/USDT:USDT,0.13307,469.0,0.13303,362.0,0.13313,470.0,0.13314,362.0
1753591949217,04:52:29.217,bitget,AERGO/USDT:USDT,0.13307,469.0,0.13303,362.0,0.13313,470.0,0.13314,362.0
1753591949367,04:52:29.367,bitget,AERGO/USDT:USDT,0.13307,469.0,0.13303,362.0,0.13313,470.0,0.13314,362.0
1753591949517,04:52:29.517,bitget,AERGO/USDT:USDT,0.13307,469.0,0.13303,362.0,0.13313,470.0,0.13314,362.0
1753591949817,04:52:29.817,bitget,AERGO/USDT:USDT,0.13307,469.0,0.13303,362.0,0.13313,470.0,0.13314,362.0
1753591950117,04:52:30.117,bitget,AERGO/USDT:USDT,0.13307,469.0,0.13303,362.0,0.13313,470.0,0.13314,362.0
1753591950718,04:52:30.718,bitget,AERGO/USDT:USDT,0.13309,470.0,0.13308,758.0,0.13313,470.0,0.13314,362.0
1753591950868,04:52:30.868,bitget,AERGO/USDT:USDT,0.13309,470.0,0.13308,758.0,0.13313,470.0,0.13314,362.0
1753591951018,04:52:31.018,bitget,AERGO/USDT:USDT,0.13309,470.0,0.13308,758.0,0.13313,470.0,0.13315,4225.0
1753591951168,04:52:31.168,bitget,AERGO/USDT:USDT,0.13309,470.0,0.13308,758.0,0.13315,468.0,0.13316,597.0
1753591951318,04:52:31.318,bitget,AERGO/USDT:USDT,0.13309,470.0,0.13308,758.0,0.13315,468.0,0.13316,4353.0
1753591951618,04:52:31.618,bitget,AERGO/USDT:USDT,0.13309,470.0,0.13308,758.0,0.13315,468.0,0.13316,4353.0
1753591951918,04:52:31.918,bitget,AERGO/USDT:USDT,0.13309,470.0,0.13308,758.0,0.13315,468.0,0.13316,4353.0
1753591952369,04:52:32.369,bitget,AERGO/USDT:USDT,0.13309,470.0,0.13308,758.0,0.13315,468.0,0.13316,4353.0
1753591952519,04:52:32.519,bitget,AERGO/USDT:USDT,0.13309,470.0,0.13308,758.0,0.13315,468.0,0.13316,4353.0
1753591952819,04:52:32.819,bitget,AERGO/USDT:USDT,0.13309,470.0,0.13308,758.0,0.13315,468.0,0.13316,4353.0
1753591953119,04:52:33.119,bitget,AERGO/USDT:USDT,0.13309,470.0,0.13308,758.0,0.13315,468.0,0.13316,4353.0
1753591953419,04:52:33.419,bitget,AERGO/USDT:USDT,0.13309,470.0,0.13308,758.0,0.13315,468.0,0.13316,4353.0
1753591953569,04:52:33.569,bitget,AERGO/USDT:USDT,0.13309,470.0,0.13308,758.0,0.13315,468.0,0.13316,4353.0
1753591953720,04:52:33.720,bitget,AERGO/USDT:USDT,0.13309,470.0,0.13308,758.0,0.13315,468.0,0.13316,4353.0
1753591953870,04:52:33.870,bitget,AERGO/USDT:USDT,0.13309,470.0,0.13308,758.0,0.13315,468.0,0.13316,4353.0
1753591954170,04:52:34.170,bitget,AERGO/USDT:USDT,0.13309,470.0,0.13308,758.0,0.13315,468.0,0.13316,4353.0
1753591954470,04:52:34.470,bitget,AERGO/USDT:USDT,0.13309,470.0,0.13308,758.0,0.13315,468.0,0.13316,4353.0
1753591954770,04:52:34.770,bitget,AERGO/USDT:USDT,0.13309,470.0,0.13308,758.0,0.13315,468.0,0.13316,4353.0
1753591954920,04:52:34.920,bitget,AERGO/USDT:USDT,0.13309,470.0,0.13308,758.0,0.13315,468.0,0.13316,4353.0
1753591955070,04:52:35.070,bitget,AERGO/USDT:USDT,0.13309,470.0,0.13308,758.0,0.13315,468.0,0.13316,4353.0
1753591955221,04:52:35.221,bitget,AERGO/USDT:USDT,0.13309,470.0,0.13308,758.0,0.13315,468.0,0.13316,4353.0
1753591955371,04:52:35.371,bitget,AERGO/USDT:USDT,0.13309,470.0,0.13308,758.0,0.13315,468.0,0.13316,4353.0
1753591955521,04:52:35.521,bitget,AERGO/USDT:USDT,0.13309,470.0,0.13308,758.0,0.13315,468.0,0.13316,4353.0
1753591955971,04:52:35.971,bitget,AERGO/USDT:USDT,0.13309,470.0,0.13308,758.0,0.13315,468.0,0.13316,4353.0
1753591956121,04:52:36.121,bitget,AERGO/USDT:USDT,0.13309,470.0,0.13308,758.0,0.13315,468.0,0.13316,4353.0
1753591956271,04:52:36.271,bitget,AERGO/USDT:USDT,0.13309,470.0,0.13308,758.0,0.13315,468.0,0.13316,4353.0
1753591956421,04:52:36.421,bitget,AERGO/USDT:USDT,0.13309,470.0,0.13308,758.0,0.13315,468.0,0.13316,4353.0
1753591957172,04:52:37.172,bitget,AERGO/USDT:USDT,0.13309,470.0,0.13308,758.0,0.13315,468.0,0.13316,597.0
1753591957622,04:52:37.622,bitget,AERGO/USDT:USDT,0.13309,470.0,0.13308,758.0,0.13315,468.0,0.13316,597.0
1753591957772,04:52:37.772,bitget,AERGO/USDT:USDT,0.13309,470.0,0.13308,758.0,0.13315,468.0,0.13316,597.0
1753591957922,04:52:37.922,bitget,AERGO/USDT:USDT,0.13309,470.0,0.13308,758.0,0.13315,468.0,0.13316,597.0
1753591958072,04:52:38.072,bitget,AERGO/USDT:USDT,0.13309,470.0,0.13308,758.0,0.13315,468.0,0.13316,597.0
1753591958522,04:52:38.522,bitget,AERGO/USDT:USDT,0.13309,470.0,0.13308,758.0,0.13315,468.0,0.13316,597.0
1753591958673,04:52:38.673,bitget,AERGO/USDT:USDT,0.13309,470.0,0.13308,758.0,0.13315,468.0,0.13316,597.0
1753591959273,04:52:39.273,bitget,AERGO/USDT:USDT,0.13309,470.0,0.13308,758.0,0.13315,468.0,0.13316,597.0
1753591959423,04:52:39.423,bitget,AERGO/USDT:USDT,0.13309,470.0,0.13308,758.0,0.13315,468.0,0.13316,597.0
1753591959573,04:52:39.573,bitget,AERGO/USDT:USDT,0.13309,470.0,0.13308,758.0,0.13315,468.0,0.13316,597.0
1753591959723,04:52:39.723,bitget,AERGO/USDT:USDT,0.13309,470.0,0.13308,758.0,0.13315,468.0,0.13316,597.0
1753591959873,04:52:39.873,bitget,AERGO/USDT:USDT,0.13309,470.0,0.13308,758.0,0.13315,468.0,0.13316,597.0
1753591960023,04:52:40.023,bitget,AERGO/USDT:USDT,0.13309,470.0,0.13308,758.0,0.13315,468.0,0.13316,597.0
1753591960324,04:52:40.324,bitget,AERGO/USDT:USDT,0.13309,470.0,0.13308,758.0,0.13315,468.0,0.13316,597.0
1753591960474,04:52:40.474,bitget,AERGO/USDT:USDT,0.13309,470.0,0.13308,758.0,0.13315,468.0,0.13316,597.0
1753591960774,04:52:40.774,bitget,AERGO/USDT:USDT,0.13309,470.0,0.13308,758.0,0.13315,468.0,0.13316,597.0
1753591961224,04:52:41.224,bitget,AERGO/USDT:USDT,0.13309,470.0,0.13308,758.0,0.13315,468.0,0.13316,597.0
1753591961374,04:52:41.374,bitget,AERGO/USDT:USDT,0.13309,470.0,0.13308,758.0,0.13315,468.0,0.13316,597.0
1753591962125,04:52:42.125,bitget,AERGO/USDT:USDT,0.13309,470.0,0.13308,758.0,0.13315,468.0,0.13316,597.0
1753591962425,04:52:42.425,bitget,AERGO/USDT:USDT,0.13309,470.0,0.13308,758.0,0.13315,468.0,0.13316,597.0
1753591962875,04:52:42.875,bitget,AERGO/USDT:USDT,0.13309,470.0,0.13308,758.0,0.13315,468.0,0.13316,597.0
1753591963025,04:52:43.025,bitget,AERGO/USDT:USDT,0.13309,470.0,0.13308,758.0,0.13315,468.0,0.13316,597.0
1753591964076,04:52:44.076,bitget,AERGO/USDT:USDT,0.13309,470.0,0.13308,758.0,0.13315,468.0,0.13316,597.0
1753591964526,04:52:44.526,bitget,AERGO/USDT:USDT,0.13309,470.0,0.13308,758.0,0.13315,468.0,0.13316,597.0
1753591964676,04:52:44.676,bitget,AERGO/USDT:USDT,0.13309,470.0,0.13308,758.0,0.13315,468.0,0.13316,597.0
1753591964976,04:52:44.976,bitget,AERGO/USDT:USDT,0.13309,470.0,0.13308,758.0,0.13315,468.0,0.13316,597.0
1753591965427,04:52:45.427,bitget,AERGO/USDT:USDT,0.13309,470.0,0.13308,758.0,0.13315,468.0,0.13316,597.0
1753591965877,04:52:45.877,bitget,AERGO/USDT:USDT,0.13309,470.0,0.13308,758.0,0.13315,468.0,0.13316,597.0
1753591966027,04:52:46.027,bitget,AERGO/USDT:USDT,0.13309,470.0,0.13308,758.0,0.13315,468.0,0.13316,597.0
1753591966177,04:52:46.177,bitget,AERGO/USDT:USDT,0.13309,470.0,0.13308,758.0,0.13315,468.0,0.13316,597.0
1753591966327,04:52:46.327,bitget,AERGO/USDT:USDT,0.13309,470.0,0.13308,758.0,0.13315,468.0,0.13316,597.0
1753591966477,04:52:46.477,bitget,AERGO/USDT:USDT,0.13309,470.0,0.13308,758.0,0.13315,468.0,0.13316,597.0
1753591966627,04:52:46.627,bitget,AERGO/USDT:USDT,0.13309,470.0,0.13308,758.0,0.13315,468.0,0.13316,597.0
1753591966778,04:52:46.778,bitget,AERGO/USDT:USDT,0.13309,470.0,0.13308,758.0,0.13315,468.0,0.13316,597.0
1753591967228,04:52:47.228,bitget,AERGO/USDT:USDT,0.13309,470.0,0.13308,758.0,0.13315,468.0,0.13316,597.0
1753591967378,04:52:47.378,bitget,AERGO/USDT:USDT,0.13309,470.0,0.13308,758.0,0.13315,468.0,0.13316,597.0
1753591967528,04:52:47.528,bitget,AERGO/USDT:USDT,0.13309,470.0,0.13308,758.0,0.13315,468.0,0.13316,597.0
1753591967978,04:52:47.978,bitget,AERGO/USDT:USDT,0.13309,470.0,0.13308,758.0,0.13315,468.0,0.13316,597.0
1753591968128,04:52:48.128,bitget,AERGO/USDT:USDT,0.13309,470.0,0.13308,758.0,0.13315,468.0,0.13316,597.0
1753591968428,04:52:48.428,bitget,AERGO/USDT:USDT,0.13309,470.0,0.13308,758.0,0.13315,468.0,0.13316,597.0
1753591968879,04:52:48.879,bitget,AERGO/USDT:USDT,0.13309,470.0,0.13308,758.0,0.13315,468.0,0.13316,597.0
1753591969029,04:52:49.029,bitget,AERGO/USDT:USDT,0.13309,470.0,0.13308,758.0,0.13315,468.0,0.13316,597.0
1753591969479,04:52:49.479,bitget,AERGO/USDT:USDT,0.13309,470.0,0.13308,758.0,0.13315,468.0,0.13316,597.0
1753591969779,04:52:49.779,bitget,AERGO/USDT:USDT,0.13309,470.0,0.13308,758.0,0.13315,468.0,0.13316,597.0
1753591969930,04:52:49.930,bitget,AERGO/USDT:USDT,0.13309,470.0,0.13308,758.0,0.13315,468.0,0.13316,597.0
1753591970080,04:52:50.080,bitget,AERGO/USDT:USDT,0.13309,470.0,0.13308,758.0,0.13315,468.0,0.13316,597.0
1753591970230,04:52:50.230,bitget,AERGO/USDT:USDT,0.13309,470.0,0.13308,758.0,0.13315,468.0,0.13316,597.0
1753591970680,04:52:50.680,bitget,AERGO/USDT:USDT,0.13309,470.0,0.13308,758.0,0.13315,468.0,0.13316,597.0
1753591970830,04:52:50.830,bitget,AERGO/USDT:USDT,0.13309,470.0,0.13308,758.0,0.13315,468.0,0.13316,597.0
1753591970980,04:52:50.980,bitget,AERGO/USDT:USDT,0.13309,470.0,0.13308,758.0,0.13315,468.0,0.13316,597.0
1753591971280,04:52:51.280,bitget,AERGO/USDT:USDT,0.13309,470.0,0.13308,758.0,0.13315,468.0,0.13316,597.0
1753591971731,04:52:51.731,bitget,AERGO/USDT:USDT,0.13309,470.0,0.13308,758.0,0.13315,468.0,0.13316,597.0
1753591972331,04:52:52.331,bitget,AERGO/USDT:USDT,0.13309,470.0,0.13308,758.0,0.13315,468.0,0.13316,597.0
1753591972631,04:52:52.631,bitget,AERGO/USDT:USDT,0.13309,470.0,0.13308,758.0,0.13315,468.0,0.13316,597.0
1753591972781,04:52:52.781,bitget,AERGO/USDT:USDT,0.13309,470.0,0.13308,758.0,0.13315,468.0,0.13316,597.0
1753591972931,04:52:52.931,bitget,AERGO/USDT:USDT,0.13309,470.0,0.13308,758.0,0.13315,468.0,0.13316,597.0
1753591973532,04:52:53.532,bitget,AERGO/USDT:USDT,0.13309,464.0,0.13308,758.0,0.13315,468.0,0.13316,975.0
1753591973682,04:52:53.682,bitget,AERGO/USDT:USDT,0.13309,464.0,0.13308,758.0,0.13315,468.0,0.13316,975.0
1753591973832,04:52:53.832,bitget,AERGO/USDT:USDT,0.13309,464.0,0.13308,758.0,0.13315,468.0,0.13316,975.0
1753591974432,04:52:54.432,bitget,AERGO/USDT:USDT,0.13309,464.0,0.13308,758.0,0.13315,468.0,0.13316,975.0
1753591974582,04:52:54.582,bitget,AERGO/USDT:USDT,0.13309,464.0,0.13308,758.0,0.13315,468.0,0.13316,975.0
1753591974883,04:52:54.883,bitget,AERGO/USDT:USDT,0.13309,464.0,0.13308,758.0,0.13315,468.0,0.13316,975.0
1753591975333,04:52:55.333,bitget,AERGO/USDT:USDT,0.13309,464.0,0.13308,758.0,0.13315,468.0,0.13316,975.0
1753591975783,04:52:55.783,bitget,AERGO/USDT:USDT,0.13309,464.0,0.13308,758.0,0.13315,468.0,0.13316,975.0
1753591975933,04:52:55.933,bitget,AERGO/USDT:USDT,0.13309,464.0,0.13308,758.0,0.13315,468.0,0.13316,975.0
1753591976834,04:52:56.834,bitget,AERGO/USDT:USDT,0.13309,464.0,0.13308,758.0,0.13315,468.0,0.13316,975.0
1753591977134,04:52:57.134,bitget,AERGO/USDT:USDT,0.13309,464.0,0.13308,758.0,0.13315,468.0,0.13316,975.0
1753591977284,04:52:57.284,bitget,AERGO/USDT:USDT,0.13309,464.0,0.13308,758.0,0.13315,468.0,0.13316,975.0
1753591978185,04:52:58.185,bitget,AERGO/USDT:USDT,0.13309,464.0,0.13308,758.0,0.13315,468.0,0.13316,975.0
1753591978485,04:52:58.485,bitget,AERGO/USDT:USDT,0.13309,464.0,0.13308,758.0,0.13315,468.0,0.13316,975.0
1753591978935,04:52:58.935,bitget,AERGO/USDT:USDT,0.13309,464.0,0.13308,758.0,0.13315,468.0,0.13316,975.0
1753591979235,04:52:59.235,bitget,AERGO/USDT:USDT,0.13309,464.0,0.13308,758.0,0.13315,468.0,0.13316,975.0
1753591979385,04:52:59.385,bitget,AERGO/USDT:USDT,0.13309,464.0,0.13308,758.0,0.13315,468.0,0.13316,975.0
1753591979535,04:52:59.535,bitget,AERGO/USDT:USDT,0.13309,464.0,0.13308,758.0,0.13315,468.0,0.13316,975.0
1753591979685,04:52:59.685,bitget,AERGO/USDT:USDT,0.13309,464.0,0.13308,758.0,0.13315,468.0,0.13316,975.0
1753591979835,04:52:59.835,bitget,AERGO/USDT:USDT,0.13309,464.0,0.13308,758.0,0.13315,468.0,0.13316,975.0
1753591980136,04:53:00.136,bitget,AERGO/USDT:USDT,0.13309,464.0,0.13308,758.0,0.13315,468.0,0.13316,975.0
1753591980286,04:53:00.286,bitget,AERGO/USDT:USDT,0.13309,464.0,0.13308,758.0,0.13315,468.0,0.13316,975.0
1753591980436,04:53:00.436,bitget,AERGO/USDT:USDT,0.13309,464.0,0.13308,758.0,0.13315,468.0,0.13316,975.0
1753591980586,04:53:00.586,bitget,AERGO/USDT:USDT,0.13309,464.0,0.13308,758.0,0.13315,468.0,0.13316,975.0
1753591981337,04:53:01.337,bitget,AERGO/USDT:USDT,0.13309,464.0,0.13308,758.0,0.13315,468.0,0.13316,597.0
1753591981487,04:53:01.487,bitget,AERGO/USDT:USDT,0.13309,464.0,0.13308,758.0,0.13315,468.0,0.13316,597.0
1753591981637,04:53:01.637,bitget,AERGO/USDT:USDT,0.13309,464.0,0.13308,758.0,0.13315,468.0,0.13316,597.0
1753591981787,04:53:01.787,bitget,AERGO/USDT:USDT,0.13309,464.0,0.13308,758.0,0.13315,468.0,0.13316,597.0
1753591982087,04:53:02.087,bitget,AERGO/USDT:USDT,0.13309,464.0,0.13308,758.0,0.13315,468.0,0.13316,597.0
1753591982237,04:53:02.237,bitget,AERGO/USDT:USDT,0.13309,464.0,0.13308,758.0,0.13315,468.0,0.13316,597.0
1753591982387,04:53:02.387,bitget,AERGO/USDT:USDT,0.13309,464.0,0.13307,469.0,0.13315,468.0,0.13316,597.0
1753591982687,04:53:02.687,bitget,AERGO/USDT:USDT,0.13308,758.0,0.13307,469.0,0.13314,455.0,0.13315,362.0
1753591982837,04:53:02.837,bitget,AERGO/USDT:USDT,0.13309,455.0,0.13308,758.0,0.13314,455.0,0.13315,362.0
1753591983288,04:53:03.288,bitget,AERGO/USDT:USDT,0.13309,455.0,0.13308,758.0,0.13314,455.0,0.13315,362.0
1753591983438,04:53:03.438,bitget,AERGO/USDT:USDT,0.13309,455.0,0.13308,758.0,0.13314,455.0,0.13315,362.0
1753591983588,04:53:03.588,bitget,AERGO/USDT:USDT,0.13309,455.0,0.13308,758.0,0.13314,455.0,0.13315,362.0
1753591983738,04:53:03.738,bitget,AERGO/USDT:USDT,0.13309,455.0,0.13308,758.0,0.13314,455.0,0.13315,362.0
1753591983888,04:53:03.888,bitget,AERGO/USDT:USDT,0.13309,455.0,0.13308,758.0,0.13314,455.0,0.13315,362.0
1753591984188,04:53:04.188,bitget,AERGO/USDT:USDT,0.13309,455.0,0.13308,758.0,0.13314,455.0,0.13315,362.0
1753591984639,04:53:04.639,bitget,AERGO/USDT:USDT,0.13309,455.0,0.13308,758.0,0.13314,455.0,0.13315,362.0
1753591984939,04:53:04.939,bitget,AERGO/USDT:USDT,0.13309,455.0,0.13308,758.0,0.13314,455.0,0.13315,362.0
1753591985089,04:53:05.089,bitget,AERGO/USDT:USDT,0.13309,455.0,0.13308,758.0,0.13314,455.0,0.13315,362.0
1753591985539,04:53:05.539,bitget,AERGO/USDT:USDT,0.13309,455.0,0.13308,758.0,0.13314,455.0,0.13315,362.0
1753591985689,04:53:05.689,bitget,AERGO/USDT:USDT,0.13309,455.0,0.13308,758.0,0.13314,455.0,0.13315,362.0
1753591985989,04:53:05.989,bitget,AERGO/USDT:USDT,0.13309,455.0,0.13308,758.0,0.13314,455.0,0.13315,362.0
1753591986139,04:53:06.139,bitget,AERGO/USDT:USDT,0.13309,455.0,0.13308,758.0,0.13314,455.0,0.13315,362.0
1753591986890,04:53:06.890,bitget,AERGO/USDT:USDT,0.13309,455.0,0.13308,758.0,0.13314,455.0,0.13315,362.0
1753591987040,04:53:07.040,bitget,AERGO/USDT:USDT,0.13309,455.0,0.13308,758.0,0.13314,455.0,0.13315,362.0
1753591987640,04:53:07.640,bitget,AERGO/USDT:USDT,0.13309,455.0,0.13308,758.0,0.13314,455.0,0.13315,362.0
1753591988091,04:53:08.091,bitget,AERGO/USDT:USDT,0.13308,758.0,0.13307,469.0,0.13314,455.0,0.13315,362.0
1753591988391,04:53:08.391,bitget,AERGO/USDT:USDT,0.13309,467.0,0.13308,758.0,0.13314,455.0,0.13315,362.0
1753591988541,04:53:08.541,bitget,AERGO/USDT:USDT,0.13309,467.0,0.13308,758.0,0.13314,455.0,0.13315,362.0
1753591988691,04:53:08.691,bitget,AERGO/USDT:USDT,0.13309,467.0,0.13308,758.0,0.13314,455.0,0.13315,362.0
1753591988991,04:53:08.991,bitget,AERGO/USDT:USDT,0.13309,467.0,0.13308,758.0,0.13314,455.0,0.13315,362.0
1753591989592,04:53:09.592,bitget,AERGO/USDT:USDT,0.13309,467.0,0.13308,758.0,0.13314,455.0,0.13315,362.0
1753591989742,04:53:09.742,bitget,AERGO/USDT:USDT,0.13309,467.0,0.13308,758.0,0.13314,455.0,0.13315,362.0
1753591989892,04:53:09.892,bitget,AERGO/USDT:USDT,0.13309,467.0,0.13308,758.0,0.13314,455.0,0.13315,362.0
1753591990192,04:53:10.192,bitget,AERGO/USDT:USDT,0.13309,467.0,0.13308,758.0,0.13314,455.0,0.13315,362.0
1753591990492,04:53:10.492,bitget,AERGO/USDT:USDT,0.13309,467.0,0.13308,758.0,0.13314,455.0,0.13315,362.0
1753591990792,04:53:10.792,bitget,AERGO/USDT:USDT,0.13309,467.0,0.13308,758.0,0.13314,455.0,0.13315,362.0
1753591990943,04:53:10.943,bitget,AERGO/USDT:USDT,0.13309,467.0,0.13308,758.0,0.13314,455.0,0.13315,362.0
1753591991243,04:53:11.243,bitget,AERGO/USDT:USDT,0.13309,467.0,0.13308,758.0,0.13314,455.0,0.13315,362.0
1753591991393,04:53:11.393,bitget,AERGO/USDT:USDT,0.13309,467.0,0.13308,758.0,0.13314,455.0,0.13315,362.0
1753591991543,04:53:11.543,bitget,AERGO/USDT:USDT,0.13309,467.0,0.13308,758.0,0.13314,455.0,0.13315,362.0
1753591991693,04:53:11.693,bitget,AERGO/USDT:USDT,0.13309,467.0,0.13308,758.0,0.13314,455.0,0.13315,362.0
1753591992143,04:53:12.143,bitget,AERGO/USDT:USDT,0.13307,469.0,0.13304,628.0,0.13314,455.0,0.13315,362.0
1753591992593,04:53:12.593,bitget,AERGO/USDT:USDT,0.13309,467.0,0.13308,758.0,0.13314,455.0,0.13315,362.0
1753591992894,04:53:12.894,bitget,AERGO/USDT:USDT,0.13308,758.0,0.13307,469.0,0.13314,1355.0,0.13315,362.0
1753591993044,04:53:13.044,bitget,AERGO/USDT:USDT,0.13308,758.0,0.13307,469.0,0.13313,467.0,0.13314,900.0
1753591993194,04:53:13.194,bitget,AERGO/USDT:USDT,0.13309,467.0,0.13308,758.0,0.13313,467.0,0.13314,900.0
1753591993344,04:53:13.344,bitget,AERGO/USDT:USDT,0.13309,467.0,0.13308,758.0,0.13313,467.0,0.13314,900.0
1753591993494,04:53:13.494,bitget,AERGO/USDT:USDT,0.13309,467.0,0.13308,758.0,0.13313,467.0,0.13314,900.0
1753591993644,04:53:13.644,bitget,AERGO/USDT:USDT,0.13309,467.0,0.13308,758.0,0.13313,467.0,0.13314,900.0
1753591994094,04:53:14.094,bitget,AERGO/USDT:USDT,0.13309,467.0,0.13308,758.0,0.13313,467.0,0.13314,900.0
1753591994244,04:53:14.244,bitget,AERGO/USDT:USDT,0.13309,467.0,0.13308,758.0,0.13313,467.0,0.13314,900.0
1753591994395,04:53:14.395,bitget,AERGO/USDT:USDT,0.13309,467.0,0.13308,758.0,0.13313,467.0,0.13314,900.0
1753591994695,04:53:14.695,bitget,AERGO/USDT:USDT,0.13309,467.0,0.13308,758.0,0.13313,467.0,0.13314,900.0
1753591994845,04:53:14.845,bitget,AERGO/USDT:USDT,0.13309,467.0,0.13308,758.0,0.13313,467.0,0.13314,900.0
1753591995145,04:53:15.145,bitget,AERGO/USDT:USDT,0.13309,467.0,0.13308,758.0,0.13313,467.0,0.13314,900.0
1753591995551,04:53:15.551,bitget,AERGO/USDT:USDT,0.13308,758.0,0.13307,469.0,0.13313,467.0,0.13314,900.0
1753591995745,04:53:15.745,bitget,AERGO/USDT:USDT,0.13308,758.0,0.13307,469.0,0.13313,467.0,0.13314,900.0
1753591996046,04:53:16.046,bitget,AERGO/USDT:USDT,0.13308,758.0,0.13307,469.0,0.13313,467.0,0.13314,900.0
1753591996196,04:53:16.196,bitget,AERGO/USDT:USDT,0.13309,467.0,0.13308,758.0,0.13313,467.0,0.13314,900.0
1753591996346,04:53:16.346,bitget,AERGO/USDT:USDT,0.13309,467.0,0.13308,758.0,0.13313,467.0,0.13314,900.0
1753591996646,04:53:16.646,bitget,AERGO/USDT:USDT,0.13309,467.0,0.13308,758.0,0.13313,467.0,0.13314,900.0
1753591996796,04:53:16.796,bitget,AERGO/USDT:USDT,0.13309,467.0,0.13308,758.0,0.13313,467.0,0.13314,900.0
1753591996946,04:53:16.946,bitget,AERGO/USDT:USDT,0.13309,467.0,0.13308,758.0,0.13313,467.0,0.13314,900.0
1753591997096,04:53:17.096,bitget,AERGO/USDT:USDT,0.13309,467.0,0.13308,758.0,0.13313,467.0,0.13314,900.0
1753591997246,04:53:17.246,bitget,AERGO/USDT:USDT,0.13309,467.0,0.13308,758.0,0.13313,467.0,0.13314,900.0
1753591997396,04:53:17.396,bitget,AERGO/USDT:USDT,0.13309,467.0,0.13308,758.0,0.13313,467.0,0.13314,900.0
1753591997547,04:53:17.547,bitget,AERGO/USDT:USDT,0.13309,467.0,0.13308,758.0,0.13313,467.0,0.13314,900.0
1753591997697,04:53:17.697,bitget,AERGO/USDT:USDT,0.13309,467.0,0.13308,758.0,0.13313,467.0,0.13314,900.0
1753591997997,04:53:17.997,bitget,AERGO/USDT:USDT,0.13309,467.0,0.13308,758.0,0.13313,467.0,0.13314,900.0
1753591998147,04:53:18.147,bitget,AERGO/USDT:USDT,0.13309,467.0,0.13308,758.0,0.13313,467.0,0.13314,900.0
1753591998297,04:53:18.297,bitget,AERGO/USDT:USDT,0.13309,467.0,0.13308,758.0,0.13313,467.0,0.13314,900.0
1753591998597,04:53:18.597,bitget,AERGO/USDT:USDT,0.13309,467.0,0.13308,758.0,0.13313,467.0,0.13314,900.0
1753591998747,04:53:18.747,bitget,AERGO/USDT:USDT,0.13309,467.0,0.13308,758.0,0.13313,467.0,0.13314,900.0
1753591998897,04:53:18.897,bitget,AERGO/USDT:USDT,0.13309,467.0,0.13308,758.0,0.13313,467.0,0.13314,900.0
1753591999048,04:53:19.048,bitget,AERGO/USDT:USDT,0.13309,467.0,0.13308,758.0,0.13313,467.0,0.13314,900.0
1753591999197,04:53:19.197,bitget,AERGO/USDT:USDT,0.13309,467.0,0.13308,758.0,0.13313,467.0,0.13314,900.0
1753591999348,04:53:19.348,bitget,AERGO/USDT:USDT,0.13309,467.0,0.13308,758.0,0.13313,467.0,0.13314,900.0
1753591999498,04:53:19.498,bitget,AERGO/USDT:USDT,0.13309,467.0,0.13308,758.0,0.13313,467.0,0.13314,900.0
1753591999648,04:53:19.648,bitget,AERGO/USDT:USDT,0.13309,467.0,0.13308,758.0,0.13313,467.0,0.13314,900.0
1753591999798,04:53:19.798,bitget,AERGO/USDT:USDT,0.13309,467.0,0.13308,758.0,0.13313,467.0,0.13314,900.0
1753591999948,04:53:19.948,bitget,AERGO/USDT:USDT,0.13309,467.0,0.13308,758.0,0.13313,467.0,0.13314,900.0
1753592000098,04:53:20.098,bitget,AERGO/USDT:USDT,0.13309,467.0,0.13308,758.0,0.13313,467.0,0.13314,900.0
1753592000248,04:53:20.248,bitget,AERGO/USDT:USDT,0.13309,467.0,0.13308,758.0,0.13313,467.0,0.13315,362.0
1753592000398,04:53:20.398,bitget,AERGO/USDT:USDT,0.13309,467.0,0.13308,758.0,0.13313,467.0,0.13315,362.0
1753592000548,04:53:20.548,bitget,AERGO/USDT:USDT,0.13309,467.0,0.13308,758.0,0.13313,467.0,0.13315,362.0
1753592000698,04:53:20.698,bitget,AERGO/USDT:USDT,0.13309,467.0,0.13308,758.0,0.13313,467.0,0.13315,362.0
1753592000849,04:53:20.849,bitget,AERGO/USDT:USDT,0.13309,467.0,0.13308,758.0,0.13313,467.0,0.13315,362.0
1753592000999,04:53:20.999,bitget,AERGO/USDT:USDT,0.13309,467.0,0.13308,758.0,0.13313,467.0,0.13315,362.0
1753592001149,04:53:21.149,bitget,AERGO/USDT:USDT,0.13309,467.0,0.13308,758.0,0.13313,467.0,0.13315,362.0
1753592001299,04:53:21.299,bitget,AERGO/USDT:USDT,0.13309,467.0,0.13308,758.0,0.13313,467.0,0.13315,362.0
1753592001599,04:53:21.599,bitget,AERGO/USDT:USDT,0.13309,467.0,0.13308,758.0,0.13313,467.0,0.13315,362.0
1753592001749,04:53:21.749,bitget,AERGO/USDT:USDT,0.13309,467.0,0.13308,758.0,0.13313,467.0,0.13314,900.0
1753592001899,04:53:21.899,bitget,AERGO/USDT:USDT,0.13309,467.0,0.13308,758.0,0.13313,467.0,0.13314,900.0
1753592002199,04:53:22.199,bitget,AERGO/USDT:USDT,0.13309,467.0,0.13308,758.0,0.13313,467.0,0.13314,900.0
1753592002350,04:53:22.350,bitget,AERGO/USDT:USDT,0.13309,467.0,0.13308,758.0,0.13313,467.0,0.13314,900.0
1753592002500,04:53:22.500,bitget,AERGO/USDT:USDT,0.13309,467.0,0.13307,469.0,0.13313,467.0,0.13314,900.0
1753592002800,04:53:22.800,bitget,AERGO/USDT:USDT,0.13307,469.0,0.13304,628.0,0.13313,467.0,0.13314,900.0
1753592003250,04:53:23.250,bitget,AERGO/USDT:USDT,0.13307,469.0,0.13304,628.0,0.13313,467.0,0.13314,900.0
1753592003550,04:53:23.550,bitget,AERGO/USDT:USDT,0.13307,469.0,0.13304,628.0,0.13313,467.0,0.13314,900.0
1753592003850,04:53:23.850,bitget,AERGO/USDT:USDT,0.13307,469.0,0.13304,628.0,0.13313,467.0,0.13314,900.0
1753592004000,04:53:24.000,bitget,AERGO/USDT:USDT,0.13307,469.0,0.13304,628.0,0.13313,467.0,0.13314,900.0
1753592004151,04:53:24.151,bitget,AERGO/USDT:USDT,0.13307,469.0,0.13304,628.0,0.13313,467.0,0.13314,900.0
1753592004301,04:53:24.301,bitget,AERGO/USDT:USDT,0.13307,469.0,0.13304,628.0,0.13313,467.0,0.13314,900.0
1753592004451,04:53:24.451,bitget,AERGO/USDT:USDT,0.13307,469.0,0.13304,628.0,0.13313,467.0,0.13314,900.0
1753592004601,04:53:24.601,bitget,AERGO/USDT:USDT,0.13307,469.0,0.13304,628.0,0.13313,467.0,0.13314,900.0
1753592004751,04:53:24.751,bitget,AERGO/USDT:USDT,0.13307,469.0,0.13304,628.0,0.13313,467.0,0.13314,900.0
1753592004901,04:53:24.901,bitget,AERGO/USDT:USDT,0.13307,469.0,0.13304,628.0,0.13313,467.0,0.13314,900.0
1753592005051,04:53:25.051,bitget,AERGO/USDT:USDT,0.13307,469.0,0.13304,628.0,0.13313,467.0,0.13314,900.0
1753592005351,04:53:25.351,bitget,AERGO/USDT:USDT,0.13307,469.0,0.13304,628.0,0.13313,467.0,0.13314,900.0
1753592005501,04:53:25.501,bitget,AERGO/USDT:USDT,0.13307,469.0,0.13304,628.0,0.13313,467.0,0.13314,900.0
1753592005802,04:53:25.802,bitget,AERGO/USDT:USDT,0.13307,469.0,0.13304,628.0,0.13313,467.0,0.13314,900.0
1753592006402,04:53:26.402,bitget,AERGO/USDT:USDT,0.13307,469.0,0.13304,628.0,0.13313,467.0,0.13315,362.0
1753592006552,04:53:26.552,bitget,AERGO/USDT:USDT,0.13307,469.0,0.13304,628.0,0.13313,467.0,0.13315,362.0
1753592006852,04:53:26.852,bitget,AERGO/USDT:USDT,0.13307,469.0,0.13304,628.0,0.13313,467.0,0.13315,362.0
1753592007002,04:53:27.002,bitget,AERGO/USDT:USDT,0.13307,469.0,0.13304,628.0,0.13313,467.0,0.13315,362.0
1753592007152,04:53:27.152,bitget,AERGO/USDT:USDT,0.13307,469.0,0.13304,628.0,0.13313,467.0,0.13315,362.0
1753592007302,04:53:27.302,bitget,AERGO/USDT:USDT,0.13307,469.0,0.13304,628.0,0.13313,467.0,0.13315,362.0
1753592007453,04:53:27.453,bitget,AERGO/USDT:USDT,0.13307,469.0,0.13304,628.0,0.13312,362.0,0.13313,467.0
1753592007603,04:53:27.603,bitget,AERGO/USDT:USDT,0.13307,469.0,0.13304,628.0,0.13311,461.0,0.13312,362.0
1753592007753,04:53:27.753,bitget,AERGO/USDT:USDT,0.13307,469.0,0.13304,628.0,0.13311,461.0,0.13312,362.0
1753592007903,04:53:27.903,bitget,AERGO/USDT:USDT,0.13307,469.0,0.13304,628.0,0.13311,461.0,0.13312,362.0
1753592008053,04:53:28.053,bitget,AERGO/USDT:USDT,0.13307,469.0,0.13304,628.0,0.13311,461.0,0.13312,362.0
1753592008203,04:53:28.203,bitget,AERGO/USDT:USDT,0.13307,469.0,0.13304,628.0,0.13311,461.0,0.13312,362.0
1753592008353,04:53:28.353,bitget,AERGO/USDT:USDT,0.13307,469.0,0.13304,628.0,0.13311,461.0,0.13312,362.0
1753592008503,04:53:28.503,bitget,AERGO/USDT:USDT,0.13307,469.0,0.13304,628.0,0.13311,461.0,0.13312,362.0
1753592008653,04:53:28.653,bitget,AERGO/USDT:USDT,0.13307,469.0,0.13304,628.0,0.13311,461.0,0.13312,362.0
1753592008803,04:53:28.803,bitget,AERGO/USDT:USDT,0.13307,469.0,0.13304,628.0,0.13311,461.0,0.13312,362.0
1753592008953,04:53:28.953,bitget,AERGO/USDT:USDT,0.13307,469.0,0.13304,628.0,0.13311,461.0,0.13312,362.0
1753592009254,04:53:29.254,bitget,AERGO/USDT:USDT,0.13307,469.0,0.13304,628.0,0.13311,461.0,0.13312,362.0
1753592009404,04:53:29.404,bitget,AERGO/USDT:USDT,0.13307,469.0,0.13304,628.0,0.13311,461.0,0.13312,362.0
1753592009554,04:53:29.554,bitget,AERGO/USDT:USDT,0.13307,469.0,0.13304,628.0,0.13311,461.0,0.13312,362.0
1753592009704,04:53:29.704,bitget,AERGO/USDT:USDT,0.13307,469.0,0.13304,628.0,0.13311,461.0,0.13312,362.0
1753592010004,04:53:30.004,bitget,AERGO/USDT:USDT,0.13307,469.0,0.13304,628.0,0.13311,461.0,0.13312,362.0
1753592010154,04:53:30.154,bitget,AERGO/USDT:USDT,0.13307,469.0,0.13304,628.0,0.13311,461.0,0.13312,362.0
1753592010304,04:53:30.304,bitget,AERGO/USDT:USDT,0.13307,469.0,0.13304,628.0,0.13311,461.0,0.13312,362.0
1753592010454,04:53:30.454,bitget,AERGO/USDT:USDT,0.13307,469.0,0.13304,628.0,0.13311,461.0,0.13312,362.0
1753592010604,04:53:30.604,bitget,AERGO/USDT:USDT,0.13307,469.0,0.13304,628.0,0.13311,461.0,0.13312,362.0
1753592010755,04:53:30.755,bitget,AERGO/USDT:USDT,0.13307,469.0,0.13304,628.0,0.13311,461.0,0.13312,362.0
1753592010905,04:53:30.905,bitget,AERGO/USDT:USDT,0.13307,469.0,0.13304,628.0,0.13311,461.0,0.13312,362.0
1753592011055,04:53:31.055,bitget,AERGO/USDT:USDT,0.13307,469.0,0.13304,628.0,0.13311,461.0,0.13312,362.0
1753592011205,04:53:31.205,bitget,AERGO/USDT:USDT,0.13307,469.0,0.13304,628.0,0.13311,461.0,0.13312,362.0
1753592011355,04:53:31.355,bitget,AERGO/USDT:USDT,0.13307,469.0,0.13304,628.0,0.13311,461.0,0.13312,362.0
1753592011505,04:53:31.505,bitget,AERGO/USDT:USDT,0.13307,469.0,0.13304,628.0,0.13311,461.0,0.13312,362.0
1753592011655,04:53:31.655,bitget,AERGO/USDT:USDT,0.13307,469.0,0.13304,628.0,0.13311,461.0,0.13312,362.0
1753592011805,04:53:31.805,bitget,AERGO/USDT:USDT,0.13307,469.0,0.13304,628.0,0.13311,461.0,0.13312,362.0
1753592011955,04:53:31.955,bitget,AERGO/USDT:USDT,0.13307,469.0,0.13304,628.0,0.13311,461.0,0.13312,362.0
1753592012105,04:53:32.105,bitget,AERGO/USDT:USDT,0.13307,469.0,0.13304,628.0,0.13311,461.0,0.13312,362.0
1753592012255,04:53:32.255,bitget,AERGO/USDT:USDT,0.13307,469.0,0.13304,628.0,0.13311,461.0,0.13312,362.0
1753592012406,04:53:32.406,bitget,AERGO/USDT:USDT,0.13307,469.0,0.13304,628.0,0.13311,461.0,0.13312,362.0
1753592012556,04:53:32.556,bitget,AERGO/USDT:USDT,0.13307,469.0,0.13304,628.0,0.13311,461.0,0.13312,362.0
1753592012706,04:53:32.706,bitget,AERGO/USDT:USDT,0.13307,469.0,0.13304,628.0,0.13311,461.0,0.13312,362.0
1753592012856,04:53:32.856,bitget,AERGO/USDT:USDT,0.13307,469.0,0.13304,628.0,0.13311,461.0,0.13312,362.0
1753592013006,04:53:33.006,bitget,AERGO/USDT:USDT,0.13307,469.0,0.13304,628.0,0.13311,461.0,0.13312,362.0
1753592013156,04:53:33.156,bitget,AERGO/USDT:USDT,0.13307,469.0,0.13304,628.0,0.13311,461.0,0.13312,362.0
1753592013606,04:53:33.606,bitget,AERGO/USDT:USDT,0.13307,469.0,0.13304,628.0,0.13311,461.0,0.13312,362.0
1753592013906,04:53:33.906,bitget,AERGO/USDT:USDT,0.13307,469.0,0.13304,628.0,0.13311,461.0,0.13312,362.0
1753592014207,04:53:34.207,bitget,AERGO/USDT:USDT,0.13307,469.0,0.13304,628.0,0.13311,461.0,0.13312,362.0
1753592014357,04:53:34.357,bitget,AERGO/USDT:USDT,0.13307,469.0,0.13304,628.0,0.13311,461.0,0.13312,362.0
1753592014507,04:53:34.507,bitget,AERGO/USDT:USDT,0.13307,469.0,0.13304,628.0,0.13311,461.0,0.13312,362.0
1753592014807,04:53:34.807,bitget,AERGO/USDT:USDT,0.13307,469.0,0.13304,628.0,0.13311,461.0,0.13312,362.0
1753592014957,04:53:34.957,bitget,AERGO/USDT:USDT,0.13307,469.0,0.13304,628.0,0.13311,461.0,0.13312,362.0
1753592015107,04:53:35.107,bitget,AERGO/USDT:USDT,0.13307,469.0,0.13304,628.0,0.13311,461.0,0.13312,362.0
1753592015257,04:53:35.257,bitget,AERGO/USDT:USDT,0.13307,469.0,0.13304,628.0,0.13311,461.0,0.13312,362.0
1753592015407,04:53:35.407,bitget,AERGO/USDT:USDT,0.13307,469.0,0.13304,628.0,0.13311,461.0,0.13312,362.0
1753592015858,04:53:35.858,bitget,AERGO/USDT:USDT,0.13307,469.0,0.13304,628.0,0.13311,461.0,0.13312,362.0
1753592016008,04:53:36.008,bitget,AERGO/USDT:USDT,0.13307,469.0,0.13304,628.0,0.13311,461.0,0.13312,362.0
1753592016158,04:53:36.158,bitget,AERGO/USDT:USDT,0.13307,469.0,0.13304,628.0,0.13311,461.0,0.13312,362.0
1753592016308,04:53:36.308,bitget,AERGO/USDT:USDT,0.13307,469.0,0.13304,628.0,0.13311,461.0,0.13312,362.0
1753592016458,04:53:36.458,bitget,AERGO/USDT:USDT,0.13307,469.0,0.13304,628.0,0.13311,461.0,0.13312,362.0
1753592016608,04:53:36.608,bitget,AERGO/USDT:USDT,0.13307,469.0,0.13304,628.0,0.13311,461.0,0.13312,362.0
1753592017058,04:53:37.058,bitget,AERGO/USDT:USDT,0.13307,469.0,0.13304,628.0,0.13311,461.0,0.13312,362.0
1753592017208,04:53:37.208,bitget,AERGO/USDT:USDT,0.13307,469.0,0.13304,628.0,0.13311,461.0,0.13312,362.0
1753592017358,04:53:37.358,bitget,AERGO/USDT:USDT,0.13307,469.0,0.13304,628.0,0.13311,461.0,0.13312,362.0
1753592017509,04:53:37.509,bitget,AERGO/USDT:USDT,0.13307,469.0,0.13304,628.0,0.13311,461.0,0.13312,362.0
1753592017659,04:53:37.659,bitget,AERGO/USDT:USDT,0.13307,469.0,0.13304,628.0,0.13311,461.0,0.13312,362.0
1753592017809,04:53:37.809,bitget,AERGO/USDT:USDT,0.13307,469.0,0.13304,628.0,0.13311,461.0,0.13312,362.0
1753592017959,04:53:37.959,bitget,AERGO/USDT:USDT,0.13307,469.0,0.13304,628.0,0.13311,461.0,0.13312,362.0
1753592018109,04:53:38.109,bitget,AERGO/USDT:USDT,0.13307,469.0,0.13304,628.0,0.13311,461.0,0.13312,362.0
1753592018259,04:53:38.259,bitget,AERGO/USDT:USDT,0.13307,469.0,0.13304,628.0,0.13311,461.0,0.13312,362.0
1753592018409,04:53:38.409,bitget,AERGO/USDT:USDT,0.13307,469.0,0.13304,628.0,0.13311,461.0,0.13312,362.0
1753592018709,04:53:38.709,bitget,AERGO/USDT:USDT,0.13307,469.0,0.13304,628.0,0.13311,461.0,0.13312,362.0
1753592018859,04:53:38.859,bitget,AERGO/USDT:USDT,0.13307,469.0,0.13304,628.0,0.13311,461.0,0.13312,362.0
1753592019009,04:53:39.009,bitget,AERGO/USDT:USDT,0.13307,469.0,0.13304,628.0,0.13311,461.0,0.13312,362.0
1753592019160,04:53:39.160,bitget,AERGO/USDT:USDT,0.13307,469.0,0.13304,628.0,0.13311,461.0,0.13312,362.0
1753592019460,04:53:39.460,bitget,AERGO/USDT:USDT,0.13307,469.0,0.13304,628.0,0.13311,461.0,0.13312,362.0
1753592019610,04:53:39.610,bitget,AERGO/USDT:USDT,0.13307,469.0,0.13304,628.0,0.13311,461.0,0.13312,362.0
1753592019760,04:53:39.760,bitget,AERGO/USDT:USDT,0.13307,469.0,0.13304,628.0,0.13311,461.0,0.13312,362.0
1753592019910,04:53:39.910,bitget,AERGO/USDT:USDT,0.13307,469.0,0.13304,628.0,0.13311,461.0,0.13312,362.0
1753592020060,04:53:40.060,bitget,AERGO/USDT:USDT,0.13307,469.0,0.13304,628.0,0.13311,461.0,0.13312,362.0
1753592020210,04:53:40.210,bitget,AERGO/USDT:USDT,0.13307,469.0,0.13304,628.0,0.13311,461.0,0.13312,362.0
1753592020360,04:53:40.360,bitget,AERGO/USDT:USDT,0.13307,469.0,0.13304,628.0,0.13311,461.0,0.13312,362.0
1753592020510,04:53:40.510,bitget,AERGO/USDT:USDT,0.13307,469.0,0.13304,628.0,0.13312,362.0,0.13313,467.0
1753592020811,04:53:40.811,bitget,AERGO/USDT:USDT,0.13307,469.0,0.13304,628.0,0.13312,3302.0,0.13316,597.0
1753592020961,04:53:40.961,bitget,AERGO/USDT:USDT,0.13307,469.0,0.13304,628.0,0.13311,461.0,0.13312,3302.0
1753592021261,04:53:41.261,bitget,AERGO/USDT:USDT,0.13307,469.0,0.13304,628.0,0.13311,461.0,0.13312,3302.0
1753592021411,04:53:41.411,bitget,AERGO/USDT:USDT,0.13307,469.0,0.13304,628.0,0.13311,461.0,0.13312,3302.0
1753592021561,04:53:41.561,bitget,AERGO/USDT:USDT,0.13307,469.0,0.13304,628.0,0.13312,3302.0,0.13316,597.0
1753592021711,04:53:41.711,bitget,AERGO/USDT:USDT,0.13307,469.0,0.13304,628.0,0.13312,3302.0,0.13313,461.0
1753592021861,04:53:41.861,bitget,AERGO/USDT:USDT,0.13307,469.0,0.13304,628.0,0.13311,461.0,0.13312,3302.0
1753592022011,04:53:42.011,bitget,AERGO/USDT:USDT,0.13307,469.0,0.13304,628.0,0.13311,461.0,0.13312,3302.0
1753592022161,04:53:42.161,bitget,AERGO/USDT:USDT,0.13307,469.0,0.13304,628.0,0.13311,461.0,0.13312,3302.0
1753592022311,04:53:42.311,bitget,AERGO/USDT:USDT,0.13307,469.0,0.13304,628.0,0.13311,461.0,0.13312,3302.0
1753592022462,04:53:42.462,bitget,AERGO/USDT:USDT,0.13307,469.0,0.13304,628.0,0.13311,461.0,0.13312,3302.0
1753592022612,04:53:42.612,bitget,AERGO/USDT:USDT,0.13307,469.0,0.13304,628.0,0.13311,461.0,0.13312,3302.0
1753592022762,04:53:42.762,bitget,AERGO/USDT:USDT,0.13307,469.0,0.13304,628.0,0.13311,461.0,0.13312,3302.0
1753592022912,04:53:42.912,bitget,AERGO/USDT:USDT,0.13307,469.0,0.13304,628.0,0.13311,461.0,0.13312,3302.0
1753592023212,04:53:43.212,bitget,AERGO/USDT:USDT,0.13307,469.0,0.13304,628.0,0.13311,461.0,0.13312,3302.0
1753592023362,04:53:43.362,bitget,AERGO/USDT:USDT,0.13307,469.0,0.13304,628.0,0.13311,461.0,0.13312,3302.0
1753592023512,04:53:43.512,bitget,AERGO/USDT:USDT,0.13307,469.0,0.13304,628.0,0.13312,3302.0,0.13313,461.0
1753592023662,04:53:43.662,bitget,AERGO/USDT:USDT,0.13307,469.0,0.13304,628.0,0.13312,3302.0,0.13313,461.0
1753592023812,04:53:43.812,bitget,AERGO/USDT:USDT,0.13307,469.0,0.13304,628.0,0.13311,461.0,0.13312,3302.0
1753592023962,04:53:43.962,bitget,AERGO/USDT:USDT,0.13307,469.0,0.13304,628.0,0.13311,461.0,0.13312,3302.0
1753592024112,04:53:44.112,bitget,AERGO/USDT:USDT,0.13307,469.0,0.13304,628.0,0.13311,461.0,0.13312,3302.0
1753592024263,04:53:44.263,bitget,AERGO/USDT:USDT,0.13307,469.0,0.13304,628.0,0.13311,461.0,0.13312,3302.0
1753592024413,04:53:44.413,bitget,AERGO/USDT:USDT,0.13307,469.0,0.13304,628.0,0.13311,461.0,0.13312,3302.0
1753592024563,04:53:44.563,bitget,AERGO/USDT:USDT,0.13307,469.0,0.13304,628.0,0.13311,461.0,0.13312,3302.0
1753592024713,04:53:44.713,bitget,AERGO/USDT:USDT,0.13307,469.0,0.13304,628.0,0.13311,461.0,0.13312,3302.0
1753592024863,04:53:44.863,bitget,AERGO/USDT:USDT,0.13307,469.0,0.13304,628.0,0.13311,461.0,0.13312,3302.0
1753592025013,04:53:45.013,bitget,AERGO/USDT:USDT,0.13307,469.0,0.13304,628.0,0.13311,461.0,0.13312,3302.0
1753592025163,04:53:45.163,bitget,AERGO/USDT:USDT,0.13307,469.0,0.13304,628.0,0.13311,461.0,0.13312,3302.0
1753592025313,04:53:45.313,bitget,AERGO/USDT:USDT,0.13307,469.0,0.13304,628.0,0.13311,461.0,0.13312,3302.0
1753592025463,04:53:45.463,bitget,AERGO/USDT:USDT,0.13307,469.0,0.13304,628.0,0.13311,461.0,0.13312,3302.0
1753592025614,04:53:45.614,bitget,AERGO/USDT:USDT,0.13307,469.0,0.13304,628.0,0.13311,461.0,0.13312,3302.0
1753592025764,04:53:45.764,bitget,AERGO/USDT:USDT,0.13307,469.0,0.13304,628.0,0.13311,461.0,0.13312,3302.0
1753592025914,04:53:45.914,bitget,AERGO/USDT:USDT,0.13307,469.0,0.13304,628.0,0.13311,461.0,0.13312,3302.0
1753592026064,04:53:46.064,bitget,AERGO/USDT:USDT,0.13307,469.0,0.13304,628.0,0.13311,461.0,0.13312,3302.0
1753592026214,04:53:46.214,bitget,AERGO/USDT:USDT,0.13307,469.0,0.13304,628.0,0.13311,461.0,0.13312,3302.0
1753592026364,04:53:46.364,bitget,AERGO/USDT:USDT,0.13307,469.0,0.13304,628.0,0.13311,461.0,0.13312,3302.0
1753592026514,04:53:46.514,bitget,AERGO/USDT:USDT,0.13307,469.0,0.13304,628.0,0.13311,461.0,0.13312,3302.0
1753592026664,04:53:46.664,bitget,AERGO/USDT:USDT,0.13307,469.0,0.13304,628.0,0.13311,461.0,0.13312,3302.0
1753592026814,04:53:46.814,bitget,AERGO/USDT:USDT,0.13307,469.0,0.13304,628.0,0.13311,461.0,0.13312,3302.0
1753592026964,04:53:46.964,bitget,AERGO/USDT:USDT,0.13307,469.0,0.13304,628.0,0.13311,461.0,0.13312,3302.0
1753592027114,04:53:47.114,bitget,AERGO/USDT:USDT,0.13307,469.0,0.13304,628.0,0.13311,461.0,0.13312,3302.0
1753592027264,04:53:47.264,bitget,AERGO/USDT:USDT,0.13307,469.0,0.13304,628.0,0.13311,461.0,0.13312,3302.0
1753592027565,04:53:47.565,bitget,AERGO/USDT:USDT,0.13307,469.0,0.13304,628.0,0.13311,461.0,0.13312,3302.0
1753592027715,04:53:47.715,bitget,AERGO/USDT:USDT,0.13307,469.0,0.13304,628.0,0.13311,461.0,0.13312,3302.0
1753592027865,04:53:47.865,bitget,AERGO/USDT:USDT,0.13307,469.0,0.13304,628.0,0.13311,461.0,0.13312,3302.0
1753592028015,04:53:48.015,bitget,AERGO/USDT:USDT,0.13307,469.0,0.13304,628.0,0.13311,461.0,0.13312,3302.0
1753592028165,04:53:48.165,bitget,AERGO/USDT:USDT,0.13307,469.0,0.13304,628.0,0.13312,3302.0,0.13313,461.0
1753592028315,04:53:48.315,bitget,AERGO/USDT:USDT,0.13307,469.0,0.13304,628.0,0.13312,3302.0,0.13313,461.0
1753592028465,04:53:48.465,bitget,AERGO/USDT:USDT,0.13307,469.0,0.13304,628.0,0.13312,3302.0,0.13313,461.0
1753592028765,04:53:48.765,bitget,AERGO/USDT:USDT,0.13307,469.0,0.13304,628.0,0.13311,457.0,0.13312,3302.0
1753592028915,04:53:48.915,bitget,AERGO/USDT:USDT,0.13307,469.0,0.13304,628.0,0.13311,457.0,0.13312,3302.0
1753592029065,04:53:49.065,bitget,AERGO/USDT:USDT,0.13307,469.0,0.13304,628.0,0.13311,457.0,0.13312,3302.0
1753592029366,04:53:49.366,bitget,AERGO/USDT:USDT,0.13307,469.0,0.13304,628.0,0.13311,457.0,0.13312,3302.0
1753592029516,04:53:49.516,bitget,AERGO/USDT:USDT,0.13307,469.0,0.13304,628.0,0.13311,457.0,0.13312,3302.0
1753592029816,04:53:49.816,bitget,AERGO/USDT:USDT,0.13307,469.0,0.13304,628.0,0.13311,457.0,0.13312,3302.0
1753592029966,04:53:49.966,bitget,AERGO/USDT:USDT,0.13307,469.0,0.13304,628.0,0.13311,457.0,0.13312,3302.0
1753592030116,04:53:50.116,bitget,AERGO/USDT:USDT,0.13307,469.0,0.13304,628.0,0.13311,457.0,0.13312,3302.0
1753592030266,04:53:50.266,bitget,AERGO/USDT:USDT,0.13307,469.0,0.13304,628.0,0.13311,457.0,0.13312,3302.0
1753592030416,04:53:50.416,bitget,AERGO/USDT:USDT,0.13307,469.0,0.13304,628.0,0.13311,457.0,0.13312,3302.0
1753592031017,04:53:51.017,bitget,AERGO/USDT:USDT,0.13307,469.0,0.13304,628.0,0.13311,457.0,0.13312,2940.0
1753592031167,04:53:51.167,bitget,AERGO/USDT:USDT,0.13307,469.0,0.13304,628.0,0.13311,457.0,0.13312,2940.0
1753592031317,04:53:51.317,bitget,AERGO/USDT:USDT,0.13307,469.0,0.13304,628.0,0.13311,457.0,0.13312,2940.0
1753592031467,04:53:51.467,bitget,AERGO/USDT:USDT,0.13307,469.0,0.13304,628.0,0.13311,457.0,0.13312,2940.0
1753592031617,04:53:51.617,bitget,AERGO/USDT:USDT,0.13307,469.0,0.13304,628.0,0.13311,457.0,0.13312,2940.0
1753592031767,04:53:51.767,bitget,AERGO/USDT:USDT,0.13307,469.0,0.13304,628.0,0.13311,457.0,0.13312,2940.0
1753592031917,04:53:51.917,bitget,AERGO/USDT:USDT,0.13307,469.0,0.13304,628.0,0.13311,457.0,0.13312,2940.0
1753592032067,04:53:52.067,bitget,AERGO/USDT:USDT,0.13307,469.0,0.13304,628.0,0.13311,457.0,0.13312,2940.0
1753592032367,04:53:52.367,bitget,AERGO/USDT:USDT,0.13307,469.0,0.13304,628.0,0.13312,2940.0,0.13313,461.0
1753592032518,04:53:52.518,bitget,AERGO/USDT:USDT,0.13307,469.0,0.13304,628.0,0.13312,2940.0,0.13313,461.0
1753592032668,04:53:52.668,bitget,AERGO/USDT:USDT,0.13307,469.0,0.13304,628.0,0.13312,2940.0,0.13313,461.0
1753592032968,04:53:52.968,bitget,AERGO/USDT:USDT,0.13307,469.0,0.13304,628.0,0.13312,2940.0,0.13313,461.0
1753592033118,04:53:53.118,bitget,AERGO/USDT:USDT,0.13307,469.0,0.13304,628.0,0.13312,2940.0,0.13313,461.0
1753592033268,04:53:53.268,bitget,AERGO/USDT:USDT,0.13307,469.0,0.13304,628.0,0.13312,2940.0,0.13313,461.0
1753592033418,04:53:53.418,bitget,AERGO/USDT:USDT,0.13307,469.0,0.13304,628.0,0.13312,2940.0,0.13313,461.0
1753592033718,04:53:53.718,bitget,AERGO/USDT:USDT,0.13307,469.0,0.13304,628.0,0.13312,2940.0,0.13313,461.0
1753592033868,04:53:53.868,bitget,AERGO/USDT:USDT,0.13307,469.0,0.13304,628.0,0.13312,2940.0,0.13313,461.0
1753592034018,04:53:54.018,bitget,AERGO/USDT:USDT,0.13307,469.0,0.13304,628.0,0.13312,2940.0,0.13313,461.0
1753592034169,04:53:54.169,bitget,AERGO/USDT:USDT,0.13307,469.0,0.13304,628.0,0.13312,2940.0,0.13313,461.0
1753592034319,04:53:54.319,bitget,AERGO/USDT:USDT,0.13307,469.0,0.13304,628.0,0.13312,2940.0,0.13313,461.0
1753592034469,04:53:54.469,bitget,AERGO/USDT:USDT,0.13307,469.0,0.13304,628.0,0.13312,2940.0,0.13313,461.0
1753592034769,04:53:54.769,bitget,AERGO/USDT:USDT,0.13307,469.0,0.13304,628.0,0.13312,2940.0,0.13313,461.0
1753592034919,04:53:54.919,bitget,AERGO/USDT:USDT,0.13307,469.0,0.13304,628.0,0.13312,2940.0,0.13313,461.0
1753592035069,04:53:55.069,bitget,AERGO/USDT:USDT,0.13307,469.0,0.13304,628.0,0.13312,2940.0,0.13313,461.0
1753592035219,04:53:55.219,bitget,AERGO/USDT:USDT,0.13307,469.0,0.13304,628.0,0.13312,2940.0,0.13313,461.0
1753592035369,04:53:55.369,bitget,AERGO/USDT:USDT,0.13307,469.0,0.13304,628.0,0.13312,2940.0,0.13313,461.0
1753592035519,04:53:55.519,bitget,AERGO/USDT:USDT,0.13307,469.0,0.13304,628.0,0.13313,461.0,0.13316,597.0
1753592035670,04:53:55.670,bitget,AERGO/USDT:USDT,0.13307,469.0,0.13304,628.0,0.13313,461.0,0.13316,597.0
1753592035970,04:53:55.970,bitget,AERGO/USDT:USDT,0.13307,469.0,0.13304,628.0,0.13313,461.0,0.13316,597.0
1753592036120,04:53:56.120,bitget,AERGO/USDT:USDT,0.13307,469.0,0.13304,628.0,0.13313,461.0,0.13316,597.0
1753592036270,04:53:56.270,bitget,AERGO/USDT:USDT,0.13307,469.0,0.13304,628.0,0.13313,461.0,0.13316,597.0
1753592036420,04:53:56.420,bitget,AERGO/USDT:USDT,0.13307,469.0,0.13304,628.0,0.13313,461.0,0.13316,597.0
1753592036570,04:53:56.570,bitget,AERGO/USDT:USDT,0.13307,469.0,0.13304,628.0,0.13313,461.0,0.13316,597.0
1753592036720,04:53:56.720,bitget,AERGO/USDT:USDT,0.13307,469.0,0.13304,628.0,0.13313,461.0,0.13316,597.0
1753592036870,04:53:56.870,bitget,AERGO/USDT:USDT,0.13307,469.0,0.13304,628.0,0.13313,461.0,0.13316,597.0
1753592037170,04:53:57.170,bitget,AERGO/USDT:USDT,0.13307,469.0,0.13304,628.0,0.13313,461.0,0.13316,597.0
1753592037771,04:53:57.771,bitget,AERGO/USDT:USDT,0.13307,469.0,0.13304,628.0,0.13313,461.0,0.13316,597.0
1753592037921,04:53:57.921,bitget,AERGO/USDT:USDT,0.13307,469.0,0.13304,628.0,0.13313,461.0,0.13316,597.0
1753592038071,04:53:58.071,bitget,AERGO/USDT:USDT,0.13307,469.0,0.13304,628.0,0.13313,461.0,0.13316,597.0
1753592038221,04:53:58.221,bitget,AERGO/USDT:USDT,0.13307,469.0,0.13304,628.0,0.13313,461.0,0.13316,597.0
1753592038522,04:53:58.522,bitget,AERGO/USDT:USDT,0.13307,469.0,0.13304,628.0,0.13313,461.0,0.13316,597.0
1753592038672,04:53:58.672,bitget,AERGO/USDT:USDT,0.13307,469.0,0.13304,628.0,0.13313,461.0,0.13316,597.0
1753592038822,04:53:58.822,bitget,AERGO/USDT:USDT,0.13307,469.0,0.13304,628.0,0.13313,461.0,0.13316,597.0
1753592038972,04:53:58.972,bitget,AERGO/USDT:USDT,0.13307,469.0,0.13304,628.0,0.13313,461.0,0.13316,597.0
1753592039122,04:53:59.122,bitget,AERGO/USDT:USDT,0.13307,469.0,0.13304,628.0,0.13313,461.0,0.13316,597.0
1753592039272,04:53:59.272,bitget,AERGO/USDT:USDT,0.13307,469.0,0.13304,628.0,0.13313,461.0,0.13316,597.0
1753592039722,04:53:59.722,bitget,AERGO/USDT:USDT,0.13307,469.0,0.13304,628.0,0.13312,458.0,0.13313,1512.0
1753592039872,04:53:59.872,bitget,AERGO/USDT:USDT,0.13307,469.0,0.13304,628.0,0.13312,458.0,0.13313,1512.0
1753592040023,04:54:00.023,bitget,AERGO/USDT:USDT,0.13307,469.0,0.13304,628.0,0.13312,458.0,0.13313,1512.0
1753592040323,04:54:00.323,bitget,AERGO/USDT:USDT,0.13307,469.0,0.13304,628.0,0.13312,458.0,0.13313,1512.0
1753592040473,04:54:00.473,bitget,AERGO/USDT:USDT,0.13307,469.0,0.13304,628.0,0.13312,458.0,0.13313,1512.0
1753592040623,04:54:00.623,bitget,AERGO/USDT:USDT,0.13307,469.0,0.13304,628.0,0.13312,458.0,0.13313,1512.0
1753592040923,04:54:00.923,bitget,AERGO/USDT:USDT,0.13307,469.0,0.13304,628.0,0.13312,458.0,0.13313,1512.0
1753592041223,04:54:01.223,bitget,AERGO/USDT:USDT,0.13307,469.0,0.13304,628.0,0.13312,458.0,0.13313,1512.0
1753592041373,04:54:01.373,bitget,AERGO/USDT:USDT,0.13307,469.0,0.13304,628.0,0.13312,458.0,0.13313,1512.0
1753592041523,04:54:01.523,bitget,AERGO/USDT:USDT,0.13307,469.0,0.13304,628.0,0.13312,458.0,0.13313,1512.0
1753592041674,04:54:01.674,bitget,AERGO/USDT:USDT,0.13307,469.0,0.13304,628.0,0.13312,458.0,0.13313,1512.0
1753592042574,04:54:02.574,bitget,AERGO/USDT:USDT,0.13307,469.0,0.13304,628.0,0.13312,458.0,0.13313,1512.0
1753592042724,04:54:02.724,bitget,AERGO/USDT:USDT,0.13307,469.0,0.13304,628.0,0.13312,458.0,0.13313,1512.0
1753592042874,04:54:02.874,bitget,AERGO/USDT:USDT,0.13307,469.0,0.13304,628.0,0.13312,458.0,0.13313,1512.0
1753592043025,04:54:03.025,bitget,AERGO/USDT:USDT,0.13307,469.0,0.13304,628.0,0.13312,458.0,0.13313,1512.0
1753592043175,04:54:03.175,bitget,AERGO/USDT:USDT,0.13307,469.0,0.13304,628.0,0.13312,458.0,0.13313,1512.0
1753592043325,04:54:03.325,bitget,AERGO/USDT:USDT,0.13307,469.0,0.13304,628.0,0.13312,458.0,0.13313,1512.0
1753592043475,04:54:03.475,bitget,AERGO/USDT:USDT,0.13307,469.0,0.13304,628.0,0.13312,458.0,0.13313,1512.0
1753592043625,04:54:03.625,bitget,AERGO/USDT:USDT,0.13307,469.0,0.13304,628.0,0.13312,458.0,0.13313,1512.0
1753592043775,04:54:03.775,bitget,AERGO/USDT:USDT,0.13307,469.0,0.13304,628.0,0.13312,458.0,0.13313,1512.0
1753592043925,04:54:03.925,bitget,AERGO/USDT:USDT,0.13307,469.0,0.13304,628.0,0.13312,458.0,0.13313,1512.0
1753592044225,04:54:04.225,bitget,AERGO/USDT:USDT,0.13307,469.0,0.13304,628.0,0.13312,458.0,0.13313,1512.0
1753592044375,04:54:04.375,bitget,AERGO/USDT:USDT,0.13307,469.0,0.13304,628.0,0.13312,458.0,0.13313,1512.0
1753592044525,04:54:04.525,bitget,AERGO/USDT:USDT,0.13307,469.0,0.13304,628.0,0.13312,458.0,0.13313,1512.0
1753592044676,04:54:04.676,bitget,AERGO/USDT:USDT,0.13307,469.0,0.13304,628.0,0.13312,458.0,0.13313,1512.0
1753592044826,04:54:04.826,bitget,AERGO/USDT:USDT,0.13307,469.0,0.13304,628.0,0.13312,458.0,0.13316,597.0
1753592044976,04:54:04.976,bitget,AERGO/USDT:USDT,0.13307,469.0,0.13304,628.0,0.13316,597.0,0.13317,459.0
1753592045126,04:54:05.126,bitget,AERGO/USDT:USDT,0.13307,469.0,0.13304,628.0,0.13314,458.0,0.13316,959.0
1753592045276,04:54:05.276,bitget,AERGO/USDT:USDT,0.13307,469.0,0.13304,628.0,0.13314,458.0,0.13316,959.0
1753592045426,04:54:05.426,bitget,AERGO/USDT:USDT,0.13307,469.0,0.13304,628.0,0.13314,458.0,0.13316,959.0
1753592045576,04:54:05.576,bitget,AERGO/USDT:USDT,0.13307,469.0,0.13304,628.0,0.13314,458.0,0.13316,959.0
1753592045726,04:54:05.726,bitget,AERGO/USDT:USDT,0.13307,469.0,0.13304,628.0,0.13314,458.0,0.13316,959.0
1753592045876,04:54:05.876,bitget,AERGO/USDT:USDT,0.13307,469.0,0.13304,628.0,0.13314,458.0,0.13316,959.0
1753592046026,04:54:06.026,bitget,AERGO/USDT:USDT,0.13307,469.0,0.13304,628.0,0.13314,458.0,0.13316,959.0
1753592046176,04:54:06.176,bitget,AERGO/USDT:USDT,0.13307,469.0,0.13304,628.0,0.13314,458.0,0.13316,959.0
1753592046326,04:54:06.326,bitget,AERGO/USDT:USDT,0.13307,469.0,0.13304,628.0,0.13314,458.0,0.13316,959.0
1753592046477,04:54:06.477,bitget,AERGO/USDT:USDT,0.13307,469.0,0.13304,628.0,0.13314,458.0,0.13316,959.0
1753592046777,04:54:06.777,bitget,AERGO/USDT:USDT,0.13307,469.0,0.13304,628.0,0.13314,458.0,0.13316,959.0
1753592046927,04:54:06.927,bitget,AERGO/USDT:USDT,0.13307,469.0,0.13304,628.0,0.13314,458.0,0.13316,959.0
1753592047077,04:54:07.077,bitget,AERGO/USDT:USDT,0.13307,469.0,0.13304,628.0,0.13314,458.0,0.13316,959.0
1753592047377,04:54:07.377,bitget,AERGO/USDT:USDT,0.13307,469.0,0.13304,628.0,0.13314,458.0,0.13316,959.0
1753592047527,04:54:07.527,bitget,AERGO/USDT:USDT,0.13307,469.0,0.13304,628.0,0.13314,458.0,0.13316,959.0
1753592047677,04:54:07.677,bitget,AERGO/USDT:USDT,0.13307,469.0,0.13304,628.0,0.13314,458.0,0.13316,959.0
1753592047827,04:54:07.827,bitget,AERGO/USDT:USDT,0.13307,469.0,0.13304,628.0,0.13314,458.0,0.13316,959.0
1753592048128,04:54:08.128,bitget,AERGO/USDT:USDT,0.13307,469.0,0.13304,628.0,0.13314,458.0,0.13316,959.0
1753592048278,04:54:08.278,bitget,AERGO/USDT:USDT,0.13307,469.0,0.13304,628.0,0.13314,458.0,0.13316,959.0
1753592048428,04:54:08.428,bitget,AERGO/USDT:USDT,0.13309,453.0,0.13308,758.0,0.13314,458.0,0.13316,959.0
1753592048578,04:54:08.578,bitget,AERGO/USDT:USDT,0.13309,453.0,0.13308,758.0,0.13314,458.0,0.13316,959.0
1753592048728,04:54:08.728,bitget,AERGO/USDT:USDT,0.13309,453.0,0.13308,758.0,0.13314,458.0,0.13316,959.0
1753592048878,04:54:08.878,bitget,AERGO/USDT:USDT,0.13309,453.0,0.13308,758.0,0.13314,458.0,0.13316,959.0
1753592049028,04:54:09.028,bitget,AERGO/USDT:USDT,0.13309,453.0,0.13308,758.0,0.13314,458.0,0.13316,959.0
1753592049178,04:54:09.178,bitget,AERGO/USDT:USDT,0.13309,453.0,0.13308,758.0,0.13314,458.0,0.13316,959.0
1753592049328,04:54:09.328,bitget,AERGO/USDT:USDT,0.13309,453.0,0.13308,758.0,0.13314,458.0,0.13316,959.0
1753592049478,04:54:09.478,bitget,AERGO/USDT:USDT,0.13309,453.0,0.13308,758.0,0.13314,458.0,0.13316,959.0
1753592049628,04:54:09.628,bitget,AERGO/USDT:USDT,0.13309,453.0,0.13308,758.0,0.13314,458.0,0.13316,959.0
1753592049778,04:54:09.778,bitget,AERGO/USDT:USDT,0.13309,453.0,0.13308,758.0,0.13314,458.0,0.13316,959.0
1753592049929,04:54:09.929,bitget,AERGO/USDT:USDT,0.13309,453.0,0.13308,758.0,0.13314,458.0,0.13316,959.0
1753592050229,04:54:10.229,bitget,AERGO/USDT:USDT,0.13309,453.0,0.13308,758.0,0.13314,458.0,0.13316,959.0
1753592050379,04:54:10.379,bitget,AERGO/USDT:USDT,0.13309,453.0,0.13308,758.0,0.13314,458.0,0.13316,959.0
1753592050529,04:54:10.529,bitget,AERGO/USDT:USDT,0.13309,453.0,0.13308,758.0,0.13314,458.0,0.13316,959.0
1753592050679,04:54:10.679,bitget,AERGO/USDT:USDT,0.13309,453.0,0.13308,758.0,0.13314,453.0,0.13316,959.0
1753592050829,04:54:10.829,bitget,AERGO/USDT:USDT,0.13309,453.0,0.13308,758.0,0.13314,453.0,0.13316,959.0
1753592050979,04:54:10.979,bitget,AERGO/USDT:USDT,0.13309,453.0,0.13308,758.0,0.13314,453.0,0.13316,959.0
1753592051129,04:54:11.129,bitget,AERGO/USDT:USDT,0.13309,453.0,0.13308,758.0,0.13314,453.0,0.13316,959.0
1753592051279,04:54:11.279,bitget,AERGO/USDT:USDT,0.13309,453.0,0.13308,758.0,0.13314,453.0,0.13316,959.0
1753592051580,04:54:11.580,bitget,AERGO/USDT:USDT,0.13309,453.0,0.13308,758.0,0.13313,453.0,0.13314,1512.0
1753592051730,04:54:11.730,bitget,AERGO/USDT:USDT,0.13309,453.0,0.13308,758.0,0.13313,453.0,0.13314,1512.0
1753592051880,04:54:11.880,bitget,AERGO/USDT:USDT,0.13309,453.0,0.13308,758.0,0.13313,453.0,0.13314,1512.0
1753592052030,04:54:12.030,bitget,AERGO/USDT:USDT,0.13309,453.0,0.13308,758.0,0.13313,453.0,0.13314,1512.0
1753592052180,04:54:12.180,bitget,AERGO/USDT:USDT,0.13309,453.0,0.13308,758.0,0.13313,453.0,0.13314,1512.0
1753592052480,04:54:12.480,bitget,AERGO/USDT:USDT,0.13309,453.0,0.13308,758.0,0.13313,453.0,0.13314,1512.0
1753592052780,04:54:12.780,bitget,AERGO/USDT:USDT,0.13309,453.0,0.13308,758.0,0.13313,453.0,0.13314,1512.0
1753592052930,04:54:12.930,bitget,AERGO/USDT:USDT,0.13309,453.0,0.13308,758.0,0.13313,453.0,0.13314,1512.0
1753592053081,04:54:13.081,bitget,AERGO/USDT:USDT,0.13309,453.0,0.13308,758.0,0.13313,453.0,0.13314,1512.0
1753592053231,04:54:13.231,bitget,AERGO/USDT:USDT,0.13309,453.0,0.13308,758.0,0.13313,453.0,0.13314,1512.0
1753592053381,04:54:13.381,bitget,AERGO/USDT:USDT,0.13309,453.0,0.13308,758.0,0.13313,453.0,0.13314,1512.0
1753592053531,04:54:13.531,bitget,AERGO/USDT:USDT,0.13309,453.0,0.13308,758.0,0.13313,453.0,0.13314,1512.0
1753592053681,04:54:13.681,bitget,AERGO/USDT:USDT,0.13309,453.0,0.13308,758.0,0.13313,453.0,0.13314,1512.0
1753592053831,04:54:13.831,bitget,AERGO/USDT:USDT,0.13309,453.0,0.13308,758.0,0.13313,453.0,0.13314,1512.0
1753592053981,04:54:13.981,bitget,AERGO/USDT:USDT,0.13309,453.0,0.13308,758.0,0.13313,453.0,0.13314,1512.0
1753592054131,04:54:14.131,bitget,AERGO/USDT:USDT,0.13309,453.0,0.13308,758.0,0.13313,453.0,0.13314,1512.0
1753592054281,04:54:14.281,bitget,AERGO/USDT:USDT,0.13309,453.0,0.13308,758.0,0.13313,453.0,0.13314,1512.0
1753592054431,04:54:14.431,bitget,AERGO/USDT:USDT,0.13309,453.0,0.13308,758.0,0.13313,453.0,0.13314,1512.0
1753592054581,04:54:14.581,bitget,AERGO/USDT:USDT,0.13309,453.0,0.13308,758.0,0.13313,453.0,0.13314,1512.0
1753592054732,04:54:14.732,bitget,AERGO/USDT:USDT,0.13309,453.0,0.13308,758.0,0.13313,453.0,0.13316,959.0
1753592054882,04:54:14.882,bitget,AERGO/USDT:USDT,0.13309,453.0,0.13308,758.0,0.13313,453.0,0.13316,959.0
1753592055032,04:54:15.032,bitget,AERGO/USDT:USDT,0.13309,453.0,0.13308,758.0,0.13313,453.0,0.13316,959.0
1753592055182,04:54:15.182,bitget,AERGO/USDT:USDT,0.13309,453.0,0.13308,758.0,0.13313,453.0,0.13316,959.0
1753592055332,04:54:15.332,bitget,AERGO/USDT:USDT,0.13309,453.0,0.13308,758.0,0.13313,453.0,0.13316,959.0
1753592055632,04:54:15.632,bitget,AERGO/USDT:USDT,0.13309,453.0,0.13308,758.0,0.13313,453.0,0.13316,959.0
1753592055782,04:54:15.782,bitget,AERGO/USDT:USDT,0.13309,453.0,0.13308,758.0,0.13313,453.0,0.13316,959.0
1753592055932,04:54:15.932,bitget,AERGO/USDT:USDT,0.13309,453.0,0.13308,758.0,0.13313,453.0,0.13316,959.0
1753592056082,04:54:16.082,bitget,AERGO/USDT:USDT,0.13309,453.0,0.13308,758.0,0.13313,453.0,0.13316,959.0
1753592056232,04:54:16.232,bitget,AERGO/USDT:USDT,0.13309,453.0,0.13308,758.0,0.13313,453.0,0.13316,959.0
1753592056383,04:54:16.383,bitget,AERGO/USDT:USDT,0.13309,453.0,0.13308,758.0,0.13313,453.0,0.13316,959.0
1753592056533,04:54:16.533,bitget,AERGO/USDT:USDT,0.13309,453.0,0.13308,758.0,0.13313,453.0,0.13316,959.0
1753592056683,04:54:16.683,bitget,AERGO/USDT:USDT,0.13309,453.0,0.13308,758.0,0.13313,453.0,0.13316,959.0
1753592056833,04:54:16.833,bitget,AERGO/USDT:USDT,0.13309,453.0,0.13308,758.0,0.13313,453.0,0.13316,959.0
1753592057133,04:54:17.133,bitget,AERGO/USDT:USDT,0.13309,453.0,0.13308,758.0,0.13315,452.0,0.13316,959.0
1753592057283,04:54:17.283,bitget,AERGO/USDT:USDT,0.13309,453.0,0.13308,758.0,0.13315,452.0,0.13316,959.0
1753592057433,04:54:17.433,bitget,AERGO/USDT:USDT,0.13309,453.0,0.13308,758.0,0.13315,452.0,0.13316,959.0
1753592057583,04:54:17.583,bitget,AERGO/USDT:USDT,0.13309,453.0,0.13308,758.0,0.13315,452.0,0.13316,959.0
1753592057734,04:54:17.734,bitget,AERGO/USDT:USDT,0.13309,453.0,0.13308,758.0,0.13315,452.0,0.13316,959.0
1753592057884,04:54:17.884,bitget,AERGO/USDT:USDT,0.13309,453.0,0.13308,758.0,0.13315,452.0,0.13316,959.0
1753592058034,04:54:18.034,bitget,AERGO/USDT:USDT,0.13309,453.0,0.13308,758.0,0.13315,452.0,0.13316,959.0
1753592058184,04:54:18.184,bitget,AERGO/USDT:USDT,0.13309,453.0,0.13308,758.0,0.13315,452.0,0.13316,959.0
1753592058334,04:54:18.334,bitget,AERGO/USDT:USDT,0.13309,453.0,0.13308,758.0,0.13315,452.0,0.13316,959.0
1753592058484,04:54:18.484,bitget,AERGO/USDT:USDT,0.13309,453.0,0.13308,758.0,0.13315,452.0,0.13316,959.0
1753592058784,04:54:18.784,bitget,AERGO/USDT:USDT,0.13309,453.0,0.13308,758.0,0.13315,452.0,0.13316,959.0
1753592058934,04:54:18.934,bitget,AERGO/USDT:USDT,0.13309,453.0,0.13308,758.0,0.13315,452.0,0.13316,959.0
1753592059084,04:54:19.084,bitget,AERGO/USDT:USDT,0.13309,453.0,0.13308,758.0,0.13315,452.0,0.13316,959.0
1753592059234,04:54:19.234,bitget,AERGO/USDT:USDT,0.13309,453.0,0.13308,758.0,0.13315,452.0,0.13316,959.0
1753592059385,04:54:19.385,bitget,AERGO/USDT:USDT,0.13309,453.0,0.13308,758.0,0.13315,452.0,0.13316,959.0
1753592059685,04:54:19.685,bitget,AERGO/USDT:USDT,0.13309,453.0,0.13308,758.0,0.13315,452.0,0.13316,959.0
1753592059835,04:54:19.835,bitget,AERGO/USDT:USDT,0.13309,453.0,0.13308,758.0,0.13315,452.0,0.13316,959.0
1753592059985,04:54:19.985,bitget,AERGO/USDT:USDT,0.13309,453.0,0.13308,758.0,0.13315,452.0,0.13316,959.0
1753592060135,04:54:20.135,bitget,AERGO/USDT:USDT,0.13309,453.0,0.13308,758.0,0.13315,452.0,0.13316,959.0
1753592060285,04:54:20.285,bitget,AERGO/USDT:USDT,0.13309,453.0,0.13308,758.0,0.13315,452.0,0.13316,959.0
1753592060435,04:54:20.435,bitget,AERGO/USDT:USDT,0.13309,453.0,0.13308,758.0,0.13314,452.0,0.13315,2530.0
1753592060735,04:54:20.735,bitget,AERGO/USDT:USDT,0.13309,453.0,0.13308,758.0,0.13314,452.0,0.13315,2530.0
1753592060886,04:54:20.886,bitget,AERGO/USDT:USDT,0.13309,453.0,0.13308,758.0,0.13314,452.0,0.13315,2530.0
1753592061036,04:54:21.036,bitget,AERGO/USDT:USDT,0.13309,453.0,0.13308,758.0,0.13314,452.0,0.13315,2530.0
1753592061186,04:54:21.186,bitget,AERGO/USDT:USDT,0.13309,453.0,0.13308,758.0,0.13314,452.0,0.13315,2530.0
1753592061336,04:54:21.336,bitget,AERGO/USDT:USDT,0.13309,453.0,0.13308,758.0,0.13314,452.0,0.13315,2530.0
1753592061636,04:54:21.636,bitget,AERGO/USDT:USDT,0.13309,453.0,0.13308,758.0,0.13314,452.0,0.13315,2530.0
1753592061936,04:54:21.936,bitget,AERGO/USDT:USDT,0.13309,453.0,0.13308,758.0,0.13314,452.0,0.13315,2530.0
1753592062086,04:54:22.086,bitget,AERGO/USDT:USDT,0.13309,453.0,0.13308,758.0,0.13314,452.0,0.13315,2530.0
1753592062236,04:54:22.236,bitget,AERGO/USDT:USDT,0.13309,453.0,0.13308,758.0,0.13314,452.0,0.13315,2530.0
1753592062386,04:54:22.386,bitget,AERGO/USDT:USDT,0.13309,453.0,0.13308,758.0,0.13314,452.0,0.13315,2530.0
1753592062536,04:54:22.536,bitget,AERGO/USDT:USDT,0.13309,453.0,0.13308,758.0,0.13314,452.0,0.13315,2530.0
1753592062837,04:54:22.837,bitget,AERGO/USDT:USDT,0.13309,453.0,0.13308,758.0,0.13314,452.0,0.13315,2530.0
1753592062987,04:54:22.987,bitget,AERGO/USDT:USDT,0.13309,453.0,0.13308,758.0,0.13314,452.0,0.13315,2530.0
1753592063137,04:54:23.137,bitget,AERGO/USDT:USDT,0.13309,453.0,0.13308,758.0,0.13314,452.0,0.13315,2530.0
1753592063437,04:54:23.437,bitget,AERGO/USDT:USDT,0.13309,453.0,0.13308,758.0,0.13314,452.0,0.13315,2530.0
1753592063587,04:54:23.587,bitget,AERGO/USDT:USDT,0.13309,453.0,0.13308,758.0,0.13314,452.0,0.13315,2530.0
1753592063737,04:54:23.737,bitget,AERGO/USDT:USDT,0.13309,453.0,0.13308,758.0,0.13314,452.0,0.13315,2530.0
1753592064037,04:54:24.037,bitget,AERGO/USDT:USDT,0.13309,453.0,0.13308,758.0,0.13314,452.0,0.13315,2530.0
1753592064187,04:54:24.187,bitget,AERGO/USDT:USDT,0.13309,453.0,0.13308,758.0,0.13314,452.0,0.13315,2530.0
1753592064337,04:54:24.337,bitget,AERGO/USDT:USDT,0.13309,453.0,0.13308,758.0,0.13314,452.0,0.13315,2530.0
1753592064488,04:54:24.488,bitget,AERGO/USDT:USDT,0.13309,453.0,0.13308,758.0,0.13314,452.0,0.13315,2530.0
1753592064638,04:54:24.638,bitget,AERGO/USDT:USDT,0.13309,453.0,0.13308,758.0,0.13314,452.0,0.13315,2530.0
1753592064788,04:54:24.788,bitget,AERGO/USDT:USDT,0.13309,453.0,0.13308,758.0,0.13314,452.0,0.13315,2530.0
1753592064938,04:54:24.938,bitget,AERGO/USDT:USDT,0.13309,453.0,0.13308,758.0,0.13314,452.0,0.13315,2530.0
1753592065238,04:54:25.238,bitget,AERGO/USDT:USDT,0.13309,453.0,0.13308,758.0,0.13314,452.0,0.13315,2530.0
1753592065388,04:54:25.388,bitget,AERGO/USDT:USDT,0.13309,453.0,0.13308,758.0,0.13314,452.0,0.13316,959.0
1753592065538,04:54:25.538,bitget,AERGO/USDT:USDT,0.13309,453.0,0.13308,758.0,0.13314,452.0,0.13316,959.0
1753592065688,04:54:25.688,bitget,AERGO/USDT:USDT,0.13309,453.0,0.13308,758.0,0.13314,452.0,0.13316,959.0
1753592065838,04:54:25.838,bitget,AERGO/USDT:USDT,0.13309,453.0,0.13308,758.0,0.13314,452.0,0.13316,959.0
1753592065989,04:54:25.989,bitget,AERGO/USDT:USDT,0.13309,453.0,0.13308,758.0,0.13314,452.0,0.13316,959.0
1753592066139,04:54:26.139,bitget,AERGO/USDT:USDT,0.13309,453.0,0.13308,758.0,0.13314,452.0,0.13316,959.0
1753592066439,04:54:26.439,bitget,AERGO/USDT:USDT,0.13309,453.0,0.13308,758.0,0.13316,959.0,0.13317,459.0
1753592066589,04:54:26.589,bitget,AERGO/USDT:USDT,0.13309,453.0,0.13308,758.0,0.13315,452.0,0.13316,959.0
1753592066739,04:54:26.739,bitget,AERGO/USDT:USDT,0.13309,453.0,0.13308,758.0,0.13315,452.0,0.13316,959.0
1753592066889,04:54:26.889,bitget,AERGO/USDT:USDT,0.13309,453.0,0.13308,758.0,0.13315,452.0,0.13316,959.0
1753592067189,04:54:27.189,bitget,AERGO/USDT:USDT,0.13309,453.0,0.13308,758.0,0.13315,452.0,0.13316,959.0
1753592067339,04:54:27.339,bitget,AERGO/USDT:USDT,0.13309,453.0,0.13308,758.0,0.13315,452.0,0.13316,959.0
1753592067640,04:54:27.640,bitget,AERGO/USDT:USDT,0.13309,453.0,0.13308,758.0,0.13315,452.0,0.13316,959.0
1753592068090,04:54:28.090,bitget,AERGO/USDT:USDT,0.13309,453.0,0.13308,758.0,0.13314,467.0,0.13315,1018.0
1753592068240,04:54:28.240,bitget,AERGO/USDT:USDT,0.13309,453.0,0.13308,758.0,0.13314,467.0,0.13315,1018.0
1753592068390,04:54:28.390,bitget,AERGO/USDT:USDT,0.13309,453.0,0.13308,758.0,0.13314,467.0,0.13315,1018.0
1753592068540,04:54:28.540,bitget,AERGO/USDT:USDT,0.13309,453.0,0.13308,758.0,0.13314,467.0,0.13315,1018.0
1753592068690,04:54:28.690,bitget,AERGO/USDT:USDT,0.13309,453.0,0.13308,758.0,0.13314,467.0,0.13315,1018.0
1753592068840,04:54:28.840,bitget,AERGO/USDT:USDT,0.13309,453.0,0.13308,758.0,0.13314,467.0,0.13315,1018.0
1753592068990,04:54:28.990,bitget,AERGO/USDT:USDT,0.13309,453.0,0.13308,758.0,0.13314,467.0,0.13315,1018.0
1753592069291,04:54:29.291,bitget,AERGO/USDT:USDT,0.13309,453.0,0.13308,758.0,0.13314,467.0,0.13315,1018.0
1753592069441,04:54:29.441,bitget,AERGO/USDT:USDT,0.13309,453.0,0.13308,758.0,0.13314,467.0,0.13315,1018.0
1753592069591,04:54:29.591,bitget,AERGO/USDT:USDT,0.13309,453.0,0.13308,758.0,0.13314,467.0,0.13315,1018.0
1753592069891,04:54:29.891,bitget,AERGO/USDT:USDT,0.13309,453.0,0.13308,758.0,0.13314,467.0,0.13315,1018.0
1753592070041,04:54:30.041,bitget,AERGO/USDT:USDT,0.13309,453.0,0.13308,758.0,0.13314,467.0,0.13315,1018.0
1753592070341,04:54:30.341,bitget,AERGO/USDT:USDT,0.13309,453.0,0.13308,758.0,0.13314,467.0,0.13315,1018.0
1753592070491,04:54:30.491,bitget,AERGO/USDT:USDT,0.13309,453.0,0.13308,758.0,0.13314,467.0,0.13315,1018.0
1753592070642,04:54:30.642,bitget,AERGO/USDT:USDT,0.13309,453.0,0.13308,758.0,0.13314,467.0,0.13315,1018.0
1753592070792,04:54:30.792,bitget,AERGO/USDT:USDT,0.13309,453.0,0.13308,758.0,0.13314,467.0,0.13315,1018.0
1753592070942,04:54:30.942,bitget,AERGO/USDT:USDT,0.13309,453.0,0.13308,758.0,0.13314,467.0,0.13315,1018.0
1753592071242,04:54:31.242,bitget,AERGO/USDT:USDT,0.13309,453.0,0.13308,758.0,0.13314,467.0,0.13315,1018.0
1753592071392,04:54:31.392,bitget,AERGO/USDT:USDT,0.13309,453.0,0.13308,758.0,0.13314,467.0,0.13315,1018.0
1753592071542,04:54:31.542,bitget,AERGO/USDT:USDT,0.13309,453.0,0.13308,758.0,0.13314,467.0,0.13315,1018.0
1753592071692,04:54:31.692,bitget,AERGO/USDT:USDT,0.13309,453.0,0.13308,758.0,0.13314,467.0,0.13315,1018.0
1753592071992,04:54:31.992,bitget,AERGO/USDT:USDT,0.13309,453.0,0.13308,758.0,0.13314,467.0,0.13315,1018.0
1753592072142,04:54:32.142,bitget,AERGO/USDT:USDT,0.13309,453.0,0.13308,758.0,0.13314,467.0,0.13315,1018.0
1753592072293,04:54:32.293,bitget,AERGO/USDT:USDT,0.13309,453.0,0.13308,758.0,0.13314,467.0,0.13315,1018.0
1753592072443,04:54:32.443,bitget,AERGO/USDT:USDT,0.13309,453.0,0.13308,1118.0,0.13314,467.0,0.13315,1018.0
1753592072593,04:54:32.593,bitget,AERGO/USDT:USDT,0.13309,453.0,0.13308,1118.0,0.13314,467.0,0.13315,1018.0
1753592072743,04:54:32.743,bitget,AERGO/USDT:USDT,0.13309,453.0,0.13308,1118.0,0.13314,467.0,0.13315,1018.0
1753592072893,04:54:32.893,bitget,AERGO/USDT:USDT,0.13309,453.0,0.13308,1118.0,0.13314,467.0,0.13315,1018.0
1753592073043,04:54:33.043,bitget,AERGO/USDT:USDT,0.13309,453.0,0.13308,1118.0,0.13314,467.0,0.13315,1018.0
1753592073193,04:54:33.193,bitget,AERGO/USDT:USDT,0.13309,453.0,0.13308,1118.0,0.13314,467.0,0.13315,1018.0
1753592073343,04:54:33.343,bitget,AERGO/USDT:USDT,0.13309,453.0,0.13308,1118.0,0.13314,467.0,0.13315,1018.0
1753592073493,04:54:33.493,bitget,AERGO/USDT:USDT,0.13309,453.0,0.13308,1118.0,0.13314,467.0,0.13315,1018.0
1753592073643,04:54:33.643,bitget,AERGO/USDT:USDT,0.13309,453.0,0.13308,1118.0,0.13314,467.0,0.13315,1018.0
1753592073793,04:54:33.793,bitget,AERGO/USDT:USDT,0.13309,453.0,0.13308,1118.0,0.13314,467.0,0.13315,1018.0
1753592073944,04:54:33.944,bitget,AERGO/USDT:USDT,0.13309,453.0,0.13308,1118.0,0.13314,467.0,0.13315,1018.0
1753592074094,04:54:34.094,bitget,AERGO/USDT:USDT,0.13309,453.0,0.13308,1118.0,0.13314,467.0,0.13315,1018.0
1753592074244,04:54:34.244,bitget,AERGO/USDT:USDT,0.13309,453.0,0.13308,1118.0,0.13314,467.0,0.13315,1018.0
1753592074394,04:54:34.394,bitget,AERGO/USDT:USDT,0.13309,453.0,0.13308,1118.0,0.13314,467.0,0.13315,1018.0
1753592074544,04:54:34.544,bitget,AERGO/USDT:USDT,0.13309,453.0,0.13308,1118.0,0.13314,467.0,0.13315,1018.0
1753592074694,04:54:34.694,bitget,AERGO/USDT:USDT,0.13309,453.0,0.13308,1118.0,0.13314,467.0,0.13315,1018.0
1753592074844,04:54:34.844,bitget,AERGO/USDT:USDT,0.13309,453.0,0.13308,1118.0,0.13314,467.0,0.13315,1018.0
1753592075144,04:54:35.144,bitget,AERGO/USDT:USDT,0.13309,453.0,0.13308,1118.0,0.13314,467.0,0.13315,1018.0
1753592075595,04:54:35.595,bitget,AERGO/USDT:USDT,0.13309,453.0,0.13308,1118.0,0.13314,467.0,0.13316,959.0
1753592075745,04:54:35.745,bitget,AERGO/USDT:USDT,0.13309,453.0,0.13308,1118.0,0.13314,467.0,0.13316,959.0
1753592076045,04:54:36.045,bitget,AERGO/USDT:USDT,0.13309,453.0,0.13308,1118.0,0.13314,467.0,0.13316,959.0
1753592076195,04:54:36.195,bitget,AERGO/USDT:USDT,0.13309,453.0,0.13308,1118.0,0.13314,467.0,0.13316,959.0
1753592076345,04:54:36.345,bitget,AERGO/USDT:USDT,0.13309,453.0,0.13308,1118.0,0.13314,467.0,0.13316,959.0
1753592076495,04:54:36.495,bitget,AERGO/USDT:USDT,0.13309,453.0,0.13308,1118.0,0.13314,467.0,0.13316,959.0
1753592076645,04:54:36.645,bitget,AERGO/USDT:USDT,0.13309,453.0,0.13308,1118.0,0.13314,467.0,0.13316,959.0
1753592076795,04:54:36.795,bitget,AERGO/USDT:USDT,0.13309,453.0,0.13308,1118.0,0.13314,467.0,0.13316,959.0
1753592076945,04:54:36.945,bitget,AERGO/USDT:USDT,0.13309,453.0,0.13308,1118.0,0.13314,467.0,0.13316,959.0
1753592077095,04:54:37.095,bitget,AERGO/USDT:USDT,0.13309,453.0,0.13308,1118.0,0.13314,467.0,0.13316,959.0
1753592077246,04:54:37.246,bitget,AERGO/USDT:USDT,0.13309,453.0,0.13308,1118.0,0.13314,467.0,0.13316,959.0
1753592077396,04:54:37.396,bitget,AERGO/USDT:USDT,0.13309,453.0,0.13308,1118.0,0.13314,467.0,0.13316,959.0
1753592077546,04:54:37.546,bitget,AERGO/USDT:USDT,0.13309,453.0,0.13308,1118.0,0.13314,1485.0,0.13316,959.0
1753592077696,04:54:37.696,bitget,AERGO/USDT:USDT,0.13309,453.0,0.13308,1118.0,0.13313,454.0,0.13314,1018.0
1753592077846,04:54:37.846,bitget,AERGO/USDT:USDT,0.13309,453.0,0.13308,1118.0,0.13313,454.0,0.13314,1018.0
1753592077996,04:54:37.996,bitget,AERGO/USDT:USDT,0.13309,453.0,0.13308,1118.0,0.13313,454.0,0.13314,1018.0
1753592078296,04:54:38.296,bitget,AERGO/USDT:USDT,0.13309,453.0,0.13308,1118.0,0.13313,454.0,0.13314,1018.0
1753592078446,04:54:38.446,bitget,AERGO/USDT:USDT,0.13309,453.0,0.13308,1118.0,0.13313,454.0,0.13314,1018.0
1753592078596,04:54:38.596,bitget,AERGO/USDT:USDT,0.13309,453.0,0.13308,1118.0,0.13313,454.0,0.13316,959.0
1753592078746,04:54:38.746,bitget,AERGO/USDT:USDT,0.13309,453.0,0.13308,360.0,0.13313,454.0,0.13316,959.0
1753592079047,04:54:39.047,bitget,AERGO/USDT:USDT,0.13309,453.0,0.13308,360.0,0.13313,454.0,0.13316,959.0
1753592079347,04:54:39.347,bitget,AERGO/USDT:USDT,0.13309,453.0,0.13308,360.0,0.13313,454.0,0.13316,959.0
1753592079497,04:54:39.497,bitget,AERGO/USDT:USDT,0.13309,453.0,0.13308,360.0,0.13313,454.0,0.13316,959.0
1753592079647,04:54:39.647,bitget,AERGO/USDT:USDT,0.13309,453.0,0.13308,360.0,0.13313,454.0,0.13316,959.0
1753592079797,04:54:39.797,bitget,AERGO/USDT:USDT,0.13309,453.0,0.13308,360.0,0.13313,454.0,0.13316,959.0
1753592079947,04:54:39.947,bitget,AERGO/USDT:USDT,0.13309,453.0,0.13308,360.0,0.13313,454.0,0.13316,959.0
1753592080097,04:54:40.097,bitget,AERGO/USDT:USDT,0.13309,453.0,0.13308,360.0,0.13313,454.0,0.13316,959.0
1753592080247,04:54:40.247,bitget,AERGO/USDT:USDT,0.13309,453.0,0.13308,360.0,0.13313,454.0,0.13316,959.0
1753592080398,04:54:40.398,bitget,AERGO/USDT:USDT,0.13309,453.0,0.13308,360.0,0.13313,454.0,0.13316,959.0
1753592080548,04:54:40.548,bitget,AERGO/USDT:USDT,0.13309,453.0,0.13308,360.0,0.13313,454.0,0.13316,959.0
1753592080698,04:54:40.698,bitget,AERGO/USDT:USDT,0.13309,453.0,0.13308,360.0,0.13313,454.0,0.13316,959.0
1753592080848,04:54:40.848,bitget,AERGO/USDT:USDT,0.13309,453.0,0.13308,360.0,0.13313,454.0,0.13316,959.0
1753592080998,04:54:40.998,bitget,AERGO/USDT:USDT,0.13309,453.0,0.13308,360.0,0.13313,454.0,0.13316,959.0
1753592081148,04:54:41.148,bitget,AERGO/USDT:USDT,0.13309,453.0,0.13308,360.0,0.13313,454.0,0.13316,959.0
1753592081298,04:54:41.298,bitget,AERGO/USDT:USDT,0.13309,453.0,0.13308,360.0,0.13313,454.0,0.13316,959.0
1753592081448,04:54:41.448,bitget,AERGO/USDT:USDT,0.13309,453.0,0.13308,360.0,0.13313,454.0,0.13316,959.0
1753592081748,04:54:41.748,bitget,AERGO/USDT:USDT,0.13309,453.0,0.13308,360.0,0.13313,454.0,0.13316,959.0
1753592082048,04:54:42.048,bitget,AERGO/USDT:USDT,0.13309,453.0,0.13308,360.0,0.13313,454.0,0.13316,959.0
1753592082198,04:54:42.198,bitget,AERGO/USDT:USDT,0.13309,453.0,0.13308,360.0,0.13313,454.0,0.13316,959.0
1753592082499,04:54:42.499,bitget,AERGO/USDT:USDT,0.13309,453.0,0.13308,360.0,0.13313,454.0,0.13316,959.0
1753592082799,04:54:42.799,bitget,AERGO/USDT:USDT,0.13309,453.0,0.13308,360.0,0.13313,454.0,0.13316,959.0
1753592082949,04:54:42.949,bitget,AERGO/USDT:USDT,0.13309,453.0,0.13308,360.0,0.13313,454.0,0.13316,959.0
1753592083099,04:54:43.099,bitget,AERGO/USDT:USDT,0.13309,453.0,0.13308,360.0,0.13313,454.0,0.13316,959.0
1753592083249,04:54:43.249,bitget,AERGO/USDT:USDT,0.13309,453.0,0.13308,360.0,0.13313,454.0,0.13316,959.0
1753592083399,04:54:43.399,bitget,AERGO/USDT:USDT,0.13309,453.0,0.13308,360.0,0.13313,454.0,0.13316,959.0
1753592083549,04:54:43.549,bitget,AERGO/USDT:USDT,0.13309,453.0,0.13308,360.0,0.13313,454.0,0.13316,959.0
1753592083699,04:54:43.699,bitget,AERGO/USDT:USDT,0.13309,453.0,0.13308,360.0,0.13313,454.0,0.13316,959.0
1753592083849,04:54:43.849,bitget,AERGO/USDT:USDT,0.13309,453.0,0.13308,360.0,0.13313,454.0,0.13316,959.0
1753592084000,04:54:44.000,bitget,AERGO/USDT:USDT,0.13309,453.0,0.13308,360.0,0.13313,454.0,0.13316,959.0
1753592084150,04:54:44.150,bitget,AERGO/USDT:USDT,0.13309,453.0,0.13308,360.0,0.13313,454.0,0.13316,959.0
1753592084450,04:54:44.450,bitget,AERGO/USDT:USDT,0.13309,453.0,0.13308,360.0,0.13313,454.0,0.13316,959.0
1753592084900,04:54:44.900,bitget,AERGO/USDT:USDT,0.13309,453.0,0.13308,360.0,0.13313,454.0,0.13314,280.0
1753592085050,04:54:45.050,bitget,AERGO/USDT:USDT,0.13309,453.0,0.13308,360.0,0.13313,454.0,0.13314,280.0
1753592085200,04:54:45.200,bitget,AERGO/USDT:USDT,0.13309,453.0,0.13308,360.0,0.13313,454.0,0.13314,280.0
1753592085350,04:54:45.350,bitget,AERGO/USDT:USDT,0.13309,453.0,0.13308,360.0,0.13313,454.0,0.13314,280.0
1753592085651,04:54:45.651,bitget,AERGO/USDT:USDT,0.13309,453.0,0.13308,360.0,0.13313,454.0,0.13314,280.0
1753592085801,04:54:45.801,bitget,AERGO/USDT:USDT,0.13309,453.0,0.13308,360.0,0.13313,454.0,0.13314,280.0
1753592086101,04:54:46.101,bitget,AERGO/USDT:USDT,0.13309,453.0,0.13308,360.0,0.13313,454.0,0.13314,280.0
1753592086251,04:54:46.251,bitget,AERGO/USDT:USDT,0.13309,453.0,0.13308,360.0,0.13313,454.0,0.13314,280.0
1753592086401,04:54:46.401,bitget,AERGO/USDT:USDT,0.13309,453.0,0.13308,360.0,0.13313,454.0,0.13314,280.0
1753592086551,04:54:46.551,bitget,AERGO/USDT:USDT,0.13309,453.0,0.13308,360.0,0.13313,454.0,0.13314,280.0
1753592086701,04:54:46.701,bitget,AERGO/USDT:USDT,0.13309,453.0,0.13308,360.0,0.13313,454.0,0.13314,280.0
1753592086851,04:54:46.851,bitget,AERGO/USDT:USDT,0.13309,453.0,0.13308,360.0,0.13313,454.0,0.13314,280.0
1753592087001,04:54:47.001,bitget,AERGO/USDT:USDT,0.13309,1211.0,0.13308,360.0,0.13313,454.0,0.13314,280.0
1753592087302,04:54:47.302,bitget,AERGO/USDT:USDT,0.1331,466.0,0.13309,758.0,0.13315,466.0,0.13319,459.0
1753592087602,04:54:47.602,bitget,AERGO/USDT:USDT,0.1331,828.0,0.13309,758.0,0.13321,459.0,0.13322,758.0
1753592087752,04:54:47.752,bitget,AERGO/USDT:USDT,0.13311,466.0,0.1331,362.0,0.1332,362.0,0.13321,459.0
1753592087902,04:54:47.902,bitget,AERGO/USDT:USDT,0.13311,466.0,0.1331,362.0,0.1332,362.0,0.13321,459.0
1753592088052,04:54:48.052,bitget,AERGO/USDT:USDT,0.13311,466.0,0.1331,362.0,0.13319,466.0,0.1332,362.0
1753592088202,04:54:48.202,bitget,AERGO/USDT:USDT,0.13311,466.0,0.1331,362.0,0.13319,466.0,0.1332,362.0
1753592088352,04:54:48.352,bitget,AERGO/USDT:USDT,0.13311,466.0,0.1331,362.0,0.13319,466.0,0.1332,362.0
1753592088502,04:54:48.502,bitget,AERGO/USDT:USDT,0.13311,466.0,0.1331,362.0,0.13319,844.0,0.1332,880.0
