timestamp,time,symbol,bid1_price,bid1_volume,bid2_price,bid2_volume,ask1_price,ask1_volume,ask2_price,ask2_volume
1753546965938,16:22:45.938,AERGO/USDT:USDT,0.13346,160.0,0.13345,154,0.13347,1154.0,0.13348,1266
1753546966402,16:22:46.402,AERGO/USDT:USDT,0.13346,160.0,0.13345,118,0.13347,1154.0,0.13348,1266
1753546966533,16:22:46.533,AERGO/USDT:USDT,0.13346,160.0,0.13345,118,0.13347,1154.0,0.13348,1259
1753546966903,16:22:46.903,AERGO/USDT:USDT,0.13346,160.0,0.13345,118,0.13347,1154.0,0.13348,1259
1753546967098,16:22:47.098,AERGO/USDT:USDT,0.13346,160.0,0.13345,118,0.13347,1154.0,0.13348,887
1753546967401,16:22:47.401,AERGO/USDT:USDT,0.13346,160.0,0.13345,118,0.13347,1154.0,0.13348,887
1753546967540,16:22:47.540,AERGO/USDT:USDT,0.13346,160.0,0.13345,118,0.13347,1154.0,0.13348,887
1753546967903,16:22:47.903,AERGO/USDT:USDT,0.13346,160.0,0.13345,118,0.13347,1154.0,0.13348,887
1753546968037,16:22:48.037,AERGO/USDT:USDT,0.13346,160.0,0.13345,118,0.13347,1154.0,0.13348,1206
1753546968401,16:22:48.401,AERGO/USDT:USDT,0.13346,160.0,0.13345,118,0.13347,1154.0,0.13348,1206
1753546968536,16:22:48.536,AERGO/USDT:USDT,0.13346,160.0,0.13345,153,0.13347,1154.0,0.13348,887
1753546968902,16:22:48.902,AERGO/USDT:USDT,0.13346,160.0,0.13345,118,0.13347,1154.0,0.13348,887
1753546969038,16:22:49.038,AERGO/USDT:USDT,0.13346,160.0,0.13345,118,0.13347,1154.0,0.13348,1311
1753546969401,16:22:49.401,AERGO/USDT:USDT,0.13346,160.0,0.13345,118,0.13347,1154.0,0.13348,1311
1753546969537,16:22:49.537,AERGO/USDT:USDT,0.13346,160.0,0.13345,151,0.13347,1154.0,0.13348,887
1753546969904,16:22:49.904,AERGO/USDT:USDT,0.13346,160.0,0.13345,118,0.13347,1154.0,0.13348,887
1753546970047,16:22:50.047,AERGO/USDT:USDT,0.13346,160.0,0.13345,118,0.13347,1154.0,0.13348,887
1753546970403,16:22:50.403,AERGO/USDT:USDT,0.13346,160.0,0.13345,118,0.13347,1154.0,0.13348,887
1753546970537,16:22:50.537,AERGO/USDT:USDT,0.13346,160.0,0.13345,138,0.13347,1154.0,0.13348,1269
1753546970742,16:22:50.742,AERGO/USDT:USDT,0.13346,120,0.13345,110,0.13347,1494,0.13348,1013
1753546971038,16:22:51.038,AERGO/USDT:USDT,0.13346,120,0.13345,131,0.13347,1494,0.13348,1407
1753546971396,16:22:51.396,AERGO/USDT:USDT,0.13346,120,0.13345,131,0.13347,1494,0.13348,1407
1753546971539,16:22:51.539,AERGO/USDT:USDT,0.13346,120,0.13345,134,0.13347,1494,0.13348,1485
1753546971904,16:22:51.904,AERGO/USDT:USDT,0.13346,120,0.13345,134,0.13347,1494,0.13348,1485
1753546972039,16:22:52.039,AERGO/USDT:USDT,0.13346,120,0.13345,121,0.13347,1494,0.13348,1359
1753546972408,16:22:52.408,AERGO/USDT:USDT,0.13346,120,0.13345,121,0.13347,1494,0.13348,1359
1753546972540,16:22:52.540,AERGO/USDT:USDT,0.13346,120,0.13345,160,0.13347,1494,0.13348,1719
1753546972908,16:22:52.908,AERGO/USDT:USDT,0.13346,120,0.13345,160,0.13347,1494,0.13348,1719
1753546973086,16:22:53.086,AERGO/USDT:USDT,0.13346,120,0.13345,110,0.13347,1494,0.13348,1013
1753546973184,16:22:53.184,AERGO/USDT:USDT,0.13346,120,0.13345,110,0.13347,1494,0.13348,1013
1753546973539,16:22:53.539,AERGO/USDT:USDT,0.13346,120,0.13345,110,0.13347,1494,0.13348,1013
1753546973905,16:22:53.905,AERGO/USDT:USDT,0.13346,120,0.13345,110,0.13347,1494,0.13348,1013
1753546974041,16:22:54.041,AERGO/USDT:USDT,0.13346,120,0.13345,148,0.13347,1494,0.13348,1013
1753546974407,16:22:54.407,AERGO/USDT:USDT,0.13346,120,0.13345,148,0.13347,1494,0.13348,1013
1753546974539,16:22:54.539,AERGO/USDT:USDT,0.13346,120,0.13345,110,0.13347,1494,0.13348,1373
1753546974906,16:22:54.906,AERGO/USDT:USDT,0.13346,120,0.13345,110,0.13347,1494,0.13348,1373
1753546975039,16:22:55.039,AERGO/USDT:USDT,0.13346,120,0.13345,161,0.13347,1494,0.13348,1013
1753546975407,16:22:55.407,AERGO/USDT:USDT,0.13346,120,0.13345,161,0.13347,1494,0.13348,1013
1753546975540,16:22:55.540,AERGO/USDT:USDT,0.13346,120,0.13345,110,0.13347,1494,0.13348,1501
1753546975906,16:22:55.906,AERGO/USDT:USDT,0.13346,120,0.13345,110,0.13347,1494,0.13348,1501
1753546976041,16:22:56.041,AERGO/USDT:USDT,0.13346,120,0.13345,156,0.13347,1494,0.13348,1119
1753546976406,16:22:56.406,AERGO/USDT:USDT,0.13346,120,0.13345,110,0.13347,1494,0.13348,1119
1753546976541,16:22:56.541,AERGO/USDT:USDT,0.13346,120,0.13345,155,0.13347,1494,0.13348,1175
1753546976743,16:22:56.743,AERGO/USDT:USDT,0.13346,117,0.13345,112,0.13347,1603,0.13348,888
1753546977044,16:22:57.044,AERGO/USDT:USDT,0.13346,117,0.13345,144,0.13347,1603,0.13348,1191
1753546977401,16:22:57.401,AERGO/USDT:USDT,0.13346,117,0.13345,144,0.13347,1603,0.13348,1191
1753546977540,16:22:57.540,AERGO/USDT:USDT,0.13346,117,0.13345,112,0.13347,1603,0.13348,985
1753546977908,16:22:57.908,AERGO/USDT:USDT,0.13346,117,0.13345,112,0.13347,1603,0.13348,985
1753546978041,16:22:58.041,AERGO/USDT:USDT,0.13346,117,0.13345,159,0.13347,1603,0.13348,888
1753546978411,16:22:58.411,AERGO/USDT:USDT,0.13346,117,0.13345,112,0.13347,1603,0.13348,888
1753546978541,16:22:58.541,AERGO/USDT:USDT,0.13346,117,0.13345,159,0.13347,1603,0.13348,1150
1753546978909,16:22:58.909,AERGO/USDT:USDT,0.13346,117,0.13345,112,0.13347,1603,0.13348,1150
1753546979102,16:22:59.102,AERGO/USDT:USDT,0.13346,117,0.13345,136,0.13347,1603,0.13348,888
1753546979409,16:22:59.409,AERGO/USDT:USDT,0.13346,117,0.13345,136,0.13347,1603,0.13348,888
1753546979540,16:22:59.540,AERGO/USDT:USDT,0.13346,117,0.13345,112,0.13347,1603,0.13348,1421
1753546979910,16:22:59.910,AERGO/USDT:USDT,0.13346,117,0.13345,112,0.13347,1603,0.13348,1421
1753546980040,16:23:00.040,AERGO/USDT:USDT,0.13346,117,0.13345,112,0.13347,1603,0.13348,888
1753546980410,16:23:00.410,AERGO/USDT:USDT,0.13346,117,0.13345,112,0.13347,1603,0.13348,888
1753546980541,16:23:00.541,AERGO/USDT:USDT,0.13346,117,0.13345,136,0.13347,1603,0.13348,1277
1753546980910,16:23:00.910,AERGO/USDT:USDT,0.13346,117,0.13345,136,0.13347,1603,0.13348,1277
1753546981045,16:23:01.045,AERGO/USDT:USDT,0.13346,117,0.13345,128,0.13347,1603,0.13348,1060
1753546981410,16:23:01.410,AERGO/USDT:USDT,0.13346,117,0.13345,128,0.13347,1603,0.13348,1060
1753546981545,16:23:01.545,AERGO/USDT:USDT,0.13346,117,0.13345,137,0.13347,1603,0.13348,1227
1753546981910,16:23:01.910,AERGO/USDT:USDT,0.13346,117,0.13345,137,0.13347,1603,0.13348,1227
1753546982048,16:23:02.048,AERGO/USDT:USDT,0.13346,117,0.13345,112,0.13347,1603,0.13348,1203
1753546982411,16:23:02.411,AERGO/USDT:USDT,0.13346,117,0.13345,112,0.13347,1603,0.13348,1203
1753546982548,16:23:02.548,AERGO/USDT:USDT,0.13346,117,0.13345,112,0.13347,1603,0.13348,1281
1753546982744,16:23:02.744,AERGO/USDT:USDT,0.13342,115,0.13341,135,0.13343,151,0.13344,348
1753546983047,16:23:03.047,AERGO/USDT:USDT,0.13342,115,0.13341,135,0.13343,151,0.13344,348
1753546983407,16:23:03.407,AERGO/USDT:USDT,0.13342,115,0.13341,135,0.13343,151,0.13344,348
1753546983544,16:23:03.544,AERGO/USDT:USDT,0.13342,115,0.13341,135,0.13343,151,0.13344,461
1753546983910,16:23:03.910,AERGO/USDT:USDT,0.13342,115,0.13341,135,0.13343,151,0.13344,461
1753546984046,16:23:04.046,AERGO/USDT:USDT,0.13342,115,0.13341,135,0.13343,151,0.13344,348
1753546984412,16:23:04.412,AERGO/USDT:USDT,0.13342,115,0.13341,135,0.13343,151,0.13344,348
1753546984547,16:23:04.547,AERGO/USDT:USDT,0.13342,115,0.13341,135,0.13343,151,0.13344,348
1753546984911,16:23:04.911,AERGO/USDT:USDT,0.13342,115,0.13341,135,0.13343,151,0.13344,348
1753546985103,16:23:05.103,AERGO/USDT:USDT,0.13342,115,0.13341,192,0.13343,151,0.13344,481
1753546985411,16:23:05.411,AERGO/USDT:USDT,0.13342,115,0.13341,135,0.13343,151,0.13344,481
1753546985544,16:23:05.544,AERGO/USDT:USDT,0.13342,115,0.13341,165,0.13343,151,0.13344,348
1753546985912,16:23:05.912,AERGO/USDT:USDT,0.13342,115,0.13341,165,0.13343,151,0.13344,348
1753546986045,16:23:06.045,AERGO/USDT:USDT,0.13342,115,0.13341,167,0.13343,151,0.13344,474
1753546986412,16:23:06.412,AERGO/USDT:USDT,0.13342,115,0.13341,167,0.13343,151,0.13344,474
1753546986546,16:23:06.546,AERGO/USDT:USDT,0.13342,115,0.13341,197,0.13343,151,0.13344,482
1753546986912,16:23:06.912,AERGO/USDT:USDT,0.13342,115,0.13341,178,0.13343,151,0.13344,482
1753546987047,16:23:07.047,AERGO/USDT:USDT,0.13342,115,0.13341,135,0.13343,151,0.13344,348
1753546987412,16:23:07.412,AERGO/USDT:USDT,0.13342,115,0.13341,135,0.13343,151,0.13344,348
1753546987547,16:23:07.547,AERGO/USDT:USDT,0.13342,115,0.13341,135,0.13343,151,0.13344,348
1753546987913,16:23:07.913,AERGO/USDT:USDT,0.13342,115,0.13341,135,0.13343,151,0.13344,348
1753546988047,16:23:08.047,AERGO/USDT:USDT,0.13342,115,0.13341,135,0.13343,151,0.13344,348
1753546988414,16:23:08.414,AERGO/USDT:USDT,0.13342,115,0.13341,135,0.13343,151,0.13344,348
1753546988550,16:23:08.550,AERGO/USDT:USDT,0.13342,115,0.13341,135,0.13343,151,0.13344,348
1753546988743,16:23:08.743,AERGO/USDT:USDT,0.13343,1029,0.13342,43,0.13344,112,0.13345,158
1753546989046,16:23:09.046,AERGO/USDT:USDT,0.13343,1029,0.13342,43,0.13344,112,0.13345,226
1753546989405,16:23:09.405,AERGO/USDT:USDT,0.13343,1029,0.13342,43,0.13344,112,0.13345,226
1753546989545,16:23:09.545,AERGO/USDT:USDT,0.13343,1029,0.13342,58,0.13344,112,0.13345,158
1753546989913,16:23:09.913,AERGO/USDT:USDT,0.13343,1029,0.13342,43,0.13344,112,0.13345,158
1753546990045,16:23:10.045,AERGO/USDT:USDT,0.13343,1029,0.13342,54,0.13344,112,0.13345,158
1753546990413,16:23:10.413,AERGO/USDT:USDT,0.13343,1029,0.13342,43,0.13344,112,0.13345,158
1753546990546,16:23:10.546,AERGO/USDT:USDT,0.13343,1029,0.13342,43,0.13344,112,0.13345,158
1753546990914,16:23:10.914,AERGO/USDT:USDT,0.13343,1029,0.13342,43,0.13344,112,0.13345,158
1753546991050,16:23:11.050,AERGO/USDT:USDT,0.13343,1029,0.13342,53,0.13344,112,0.13345,174
1753546991189,16:23:11.189,AERGO/USDT:USDT,0.13343,1029,0.13342,53,0.13344,112,0.13345,174
1753546991548,16:23:11.548,AERGO/USDT:USDT,0.13343,1029,0.13342,57,0.13344,112,0.13345,158
1753546991915,16:23:11.915,AERGO/USDT:USDT,0.13343,1029,0.13342,50,0.13344,112,0.13345,158
1753546992051,16:23:12.051,AERGO/USDT:USDT,0.13343,1029,0.13342,43,0.13344,112,0.13345,193
1753546992415,16:23:12.415,AERGO/USDT:USDT,0.13343,1029,0.13342,43,0.13344,112,0.13345,193
1753546992550,16:23:12.550,AERGO/USDT:USDT,0.13343,1029,0.13342,43,0.13344,112,0.13345,188
1753546992916,16:23:12.916,AERGO/USDT:USDT,0.13343,1029,0.13342,43,0.13344,112,0.13345,188
1753546993050,16:23:13.050,AERGO/USDT:USDT,0.13343,1029,0.13342,61,0.13344,112,0.13345,158
1753546993417,16:23:13.417,AERGO/USDT:USDT,0.13343,1029,0.13342,61,0.13344,112,0.13345,158
1753546993550,16:23:13.550,AERGO/USDT:USDT,0.13343,1029,0.13342,56,0.13344,112,0.13345,158
1753546993916,16:23:13.916,AERGO/USDT:USDT,0.13343,1029,0.13342,50,0.13344,112,0.13345,158
1753546994050,16:23:14.050,AERGO/USDT:USDT,0.13343,1029,0.13342,43,0.13344,112,0.13345,211
1753546994416,16:23:14.416,AERGO/USDT:USDT,0.13343,1029,0.13342,43,0.13344,112,0.13345,211
1753546994552,16:23:14.552,AERGO/USDT:USDT,0.13343,1029,0.13342,43,0.13344,112,0.13345,158
1753546994748,16:23:14.748,AERGO/USDT:USDT,0.13343,1190,0.13342,44,0.13344,124,0.13345,169
1753546995050,16:23:15.050,AERGO/USDT:USDT,0.13343,1190,0.13342,65,0.13344,124,0.13345,233
1753546995413,16:23:15.413,AERGO/USDT:USDT,0.13343,1190,0.13342,65,0.13344,124,0.13345,233
1753546995549,16:23:15.549,AERGO/USDT:USDT,0.13343,1190,0.13342,44,0.13344,124,0.13345,205
1753546995922,16:23:15.922,AERGO/USDT:USDT,0.13343,1190,0.13342,44,0.13344,124,0.13345,205
1753546996054,16:23:16.054,AERGO/USDT:USDT,0.13343,1190,0.13342,44,0.13344,124,0.13345,233
1753546996418,16:23:16.418,AERGO/USDT:USDT,0.13343,1190,0.13342,44,0.13344,124,0.13345,233
1753546996552,16:23:16.552,AERGO/USDT:USDT,0.13343,1190,0.13342,54,0.13344,124,0.13345,247
1753546996918,16:23:16.918,AERGO/USDT:USDT,0.13343,1190,0.13342,44,0.13344,124,0.13345,247
1753546997051,16:23:17.051,AERGO/USDT:USDT,0.13343,1190,0.13342,57,0.13344,124,0.13345,252
1753546997192,16:23:17.192,AERGO/USDT:USDT,0.13343,1190,0.13342,57,0.13344,124,0.13345,252
1753546997550,16:23:17.550,AERGO/USDT:USDT,0.13343,1190,0.13342,44,0.13344,124,0.13345,169
1753546997919,16:23:17.919,AERGO/USDT:USDT,0.13343,1190,0.13342,44,0.13344,124,0.13345,169
1753546998050,16:23:18.050,AERGO/USDT:USDT,0.13343,1190,0.13342,44,0.13344,124,0.13345,169
1753546998419,16:23:18.419,AERGO/USDT:USDT,0.13343,1190,0.13342,44,0.13344,124,0.13345,169
1753546998551,16:23:18.551,AERGO/USDT:USDT,0.13343,1190,0.13342,44,0.13344,124,0.13345,169
1753546998919,16:23:18.919,AERGO/USDT:USDT,0.13343,1190,0.13342,44,0.13344,124,0.13345,169
1753546999050,16:23:19.050,AERGO/USDT:USDT,0.13343,1190,0.13342,44,0.13344,124,0.13345,189
1753546999419,16:23:19.419,AERGO/USDT:USDT,0.13343,1190,0.13342,44,0.13344,124,0.13345,189
1753546999551,16:23:19.551,AERGO/USDT:USDT,0.13343,1190,0.13342,44,0.13344,124,0.13345,205
1753546999920,16:23:19.920,AERGO/USDT:USDT,0.13343,1190,0.13342,44,0.13344,124,0.13345,205
1753547000051,16:23:20.051,AERGO/USDT:USDT,0.13343,1190,0.13342,56,0.13344,124,0.13345,222
1753547000422,16:23:20.422,AERGO/USDT:USDT,0.13343,1190,0.13342,44,0.13344,124,0.13345,222
1753547000552,16:23:20.552,AERGO/USDT:USDT,0.13343,1190,0.13342,58,0.13344,124,0.13345,169
1753547000751,16:23:20.751,AERGO/USDT:USDT,0.13344,1070,0.13343,129,0.13345,124,0.13346,237
1753547001051,16:23:21.051,AERGO/USDT:USDT,0.13344,1070,0.13343,129,0.13345,124,0.13346,263
1753547001416,16:23:21.416,AERGO/USDT:USDT,0.13344,1070,0.13343,129,0.13345,124,0.13346,263
1753547001551,16:23:21.551,AERGO/USDT:USDT,0.13344,1070,0.13343,129,0.13345,124,0.13346,282
1753547001921,16:23:21.921,AERGO/USDT:USDT,0.13344,1070,0.13343,129,0.13345,124,0.13346,282
1753547002051,16:23:22.051,AERGO/USDT:USDT,0.13344,1070,0.13343,189,0.13345,124,0.13346,237
1753547002420,16:23:22.420,AERGO/USDT:USDT,0.13344,1070,0.13343,129,0.13345,124,0.13346,237
1753547002554,16:23:22.554,AERGO/USDT:USDT,0.13344,1070,0.13343,129,0.13345,124,0.13346,348
1753547002921,16:23:22.921,AERGO/USDT:USDT,0.13344,1070,0.13343,129,0.13345,124,0.13346,348
1753547003051,16:23:23.051,AERGO/USDT:USDT,0.13344,1070,0.13343,129,0.13345,124,0.13346,322
1753547003194,16:23:23.194,AERGO/USDT:USDT,0.13344,1070,0.13343,129,0.13345,124,0.13346,322
1753547003550,16:23:23.550,AERGO/USDT:USDT,0.13344,1070,0.13343,174,0.13345,124,0.13346,237
1753547003922,16:23:23.922,AERGO/USDT:USDT,0.13344,1070,0.13343,129,0.13345,124,0.13346,237
1753547004050,16:23:24.050,AERGO/USDT:USDT,0.13344,1070,0.13343,129,0.13345,124,0.13346,237
1753547004421,16:23:24.421,AERGO/USDT:USDT,0.13344,1070,0.13343,129,0.13345,124,0.13346,237
1753547004551,16:23:24.551,AERGO/USDT:USDT,0.13344,1070,0.13343,166,0.13345,124,0.13346,237
1753547004922,16:23:24.922,AERGO/USDT:USDT,0.13344,1070,0.13343,129,0.13345,124,0.13346,237
1753547005051,16:23:25.051,AERGO/USDT:USDT,0.13344,1070,0.13343,166,0.13345,124,0.13346,369
1753547005423,16:23:25.423,AERGO/USDT:USDT,0.13344,1070,0.13343,150,0.13345,124,0.13346,369
1753547005550,16:23:25.550,AERGO/USDT:USDT,0.13344,1070,0.13343,227,0.13345,124,0.13346,237
1753547005923,16:23:25.923,AERGO/USDT:USDT,0.13344,1070,0.13343,166,0.13345,124,0.13346,237
1753547006052,16:23:26.052,AERGO/USDT:USDT,0.13344,1070,0.13343,129,0.13345,124,0.13346,237
1753547006423,16:23:26.423,AERGO/USDT:USDT,0.13344,1070,0.13343,129,0.13345,124,0.13346,237
1753547006552,16:23:26.552,AERGO/USDT:USDT,0.13344,1070,0.13343,152,0.13345,124,0.13346,237
1753547006755,16:23:26.755,AERGO/USDT:USDT,0.13344,1070,0.13343,109,0.13345,40,0.13346,197
1753547007055,16:23:27.055,AERGO/USDT:USDT,0.13344,1070,0.13343,109,0.13345,40,0.13346,197
1753547007425,16:23:27.425,AERGO/USDT:USDT,0.13344,1070,0.13343,109,0.13345,40,0.13346,197
1753547007600,16:23:27.600,AERGO/USDT:USDT,0.13344,1070,0.13343,109,0.13345,40,0.13346,282
1753547007923,16:23:27.923,AERGO/USDT:USDT,0.13344,1070,0.13343,109,0.13345,40,0.13346,282
1753547008098,16:23:28.098,AERGO/USDT:USDT,0.13344,1070,0.13343,109,0.13345,40,0.13346,278
1753547008423,16:23:28.423,AERGO/USDT:USDT,0.13344,1070,0.13343,109,0.13345,40,0.13346,278
1753547008597,16:23:28.597,AERGO/USDT:USDT,0.13344,1070,0.13343,146,0.13345,40,0.13346,226
1753547008925,16:23:28.925,AERGO/USDT:USDT,0.13344,1070,0.13343,146,0.13345,40,0.13346,226
1753547009099,16:23:29.099,AERGO/USDT:USDT,0.13344,1070,0.13343,191,0.13345,40,0.13346,226
1753547009424,16:23:29.424,AERGO/USDT:USDT,0.13344,1070,0.13343,158,0.13345,40,0.13346,226
1753547009601,16:23:29.601,AERGO/USDT:USDT,0.13344,1070,0.13343,109,0.13345,40,0.13346,197
1753547009926,16:23:29.926,AERGO/USDT:USDT,0.13344,1070,0.13343,109,0.13345,40,0.13346,197
1753547010107,16:23:30.107,AERGO/USDT:USDT,0.13344,1070,0.13343,175,0.13345,40,0.13346,197
1753547010427,16:23:30.427,AERGO/USDT:USDT,0.13344,1070,0.13343,142,0.13345,40,0.13346,197
1753547010602,16:23:30.602,AERGO/USDT:USDT,0.13344,1070,0.13343,148,0.13345,40,0.13346,197
1753547010927,16:23:30.927,AERGO/USDT:USDT,0.13344,1070,0.13343,109,0.13345,40,0.13346,197
1753547011101,16:23:31.101,AERGO/USDT:USDT,0.13344,1070,0.13343,109,0.13345,40,0.13346,197
1753547011427,16:23:31.427,AERGO/USDT:USDT,0.13344,1070,0.13343,109,0.13345,40,0.13346,197
1753547011601,16:23:31.601,AERGO/USDT:USDT,0.13344,1070,0.13343,126,0.13345,40,0.13346,283
1753547011927,16:23:31.927,AERGO/USDT:USDT,0.13344,1070,0.13343,126,0.13345,40,0.13346,283
1753547012102,16:23:32.102,AERGO/USDT:USDT,0.13344,1070,0.13343,149,0.13345,40,0.13346,197
1753547012428,16:23:32.428,AERGO/USDT:USDT,0.13344,1070,0.13343,109,0.13345,40,0.13346,197
1753547012601,16:23:32.601,AERGO/USDT:USDT,0.13344,1070,0.13343,127,0.13345,40,0.13346,197
1753547012749,16:23:32.749,AERGO/USDT:USDT,0.13344,46,0.13343,114,0.13345,49,0.13346,165
1753547013103,16:23:33.103,AERGO/USDT:USDT,0.13344,46,0.13343,127,0.13345,49,0.13346,165
1753547013428,16:23:33.428,AERGO/USDT:USDT,0.13344,46,0.13343,127,0.13345,49,0.13346,165
1753547013603,16:23:33.603,AERGO/USDT:USDT,0.13344,46,0.13343,177,0.13345,49,0.13346,165
1753547013929,16:23:33.929,AERGO/USDT:USDT,0.13344,46,0.13343,160,0.13345,49,0.13346,165
1753547014109,16:23:34.109,AERGO/USDT:USDT,0.13344,46,0.13343,114,0.13345,49,0.13346,165
1753547014430,16:23:34.430,AERGO/USDT:USDT,0.13344,46,0.13343,114,0.13345,49,0.13346,165
1753547014604,16:23:34.604,AERGO/USDT:USDT,0.13344,46,0.13343,139,0.13345,49,0.13346,200
1753547014929,16:23:34.929,AERGO/USDT:USDT,0.13344,46,0.13343,114,0.13345,49,0.13346,200
1753547015104,16:23:35.104,AERGO/USDT:USDT,0.13344,46,0.13343,152,0.13345,49,0.13346,187
1753547015430,16:23:35.430,AERGO/USDT:USDT,0.13344,46,0.13343,114,0.13345,49,0.13346,187
1753547015604,16:23:35.604,AERGO/USDT:USDT,0.13344,46,0.13343,114,0.13345,49,0.13346,165
1753547015930,16:23:35.930,AERGO/USDT:USDT,0.13344,46,0.13343,114,0.13345,49,0.13346,165
1753547016104,16:23:36.104,AERGO/USDT:USDT,0.13344,46,0.13343,170,0.13345,49,0.13346,228
1753547016431,16:23:36.431,AERGO/USDT:USDT,0.13344,46,0.13343,170,0.13345,49,0.13346,228
1753547016604,16:23:36.604,AERGO/USDT:USDT,0.13344,46,0.13343,150,0.13345,49,0.13346,165
1753547016931,16:23:36.931,AERGO/USDT:USDT,0.13344,46,0.13343,114,0.13345,49,0.13346,165
1753547017107,16:23:37.107,AERGO/USDT:USDT,0.13344,46,0.13343,155,0.13345,49,0.13346,165
1753547017432,16:23:37.432,AERGO/USDT:USDT,0.13344,46,0.13343,155,0.13345,49,0.13346,165
1753547017606,16:23:37.606,AERGO/USDT:USDT,0.13344,46,0.13343,153,0.13345,49,0.13346,165
1753547017813,16:23:37.813,AERGO/USDT:USDT,0.13344,432,0.13343,44,0.13345,42,0.13346,170
1753547018106,16:23:38.106,AERGO/USDT:USDT,0.13344,432,0.13343,44,0.13345,42,0.13346,170
1753547018433,16:23:38.433,AERGO/USDT:USDT,0.13344,432,0.13343,44,0.13345,42,0.13346,170
1753547018606,16:23:38.606,AERGO/USDT:USDT,0.13344,432,0.13343,44,0.13345,42,0.13346,192
1753547018933,16:23:38.933,AERGO/USDT:USDT,0.13344,432,0.13343,44,0.13345,42,0.13346,192
1753547019107,16:23:39.107,AERGO/USDT:USDT,0.13344,432,0.13343,44,0.13345,42,0.13346,233
1753547019404,16:23:39.404,AERGO/USDT:USDT,0.13344,432,0.13343,44,0.13345,42,0.13346,233
1753547019529,16:23:39.529,AERGO/USDT:USDT,0.13344,432,0.13343,44,0.13345,42,0.13346,170
1753547019607,16:23:39.607,AERGO/USDT:USDT,0.13344,432,0.13343,44,0.13345,42,0.13346,205
1753547020008,16:23:40.008,AERGO/USDT:USDT,0.13344,432,0.13343,44,0.13345,42,0.13346,170
1753547020109,16:23:40.109,AERGO/USDT:USDT,0.13344,432,0.13343,44,0.13345,42,0.13346,211
1753547020434,16:23:40.434,AERGO/USDT:USDT,0.13344,432,0.13343,44,0.13345,42,0.13346,211
1753547020607,16:23:40.607,AERGO/USDT:USDT,0.13344,432,0.13343,44,0.13345,42,0.13346,245
1753547020932,16:23:40.932,AERGO/USDT:USDT,0.13344,432,0.13343,44,0.13345,42,0.13346,245
1753547021107,16:23:41.107,AERGO/USDT:USDT,0.13344,432,0.13343,65,0.13345,42,0.13346,170
1753547021433,16:23:41.433,AERGO/USDT:USDT,0.13344,432,0.13343,44,0.13345,42,0.13346,170
1753547021607,16:23:41.607,AERGO/USDT:USDT,0.13344,432,0.13343,44,0.13345,42,0.13346,170
1753547021931,16:23:41.931,AERGO/USDT:USDT,0.13344,432,0.13343,44,0.13345,42,0.13346,170
1753547022108,16:23:42.108,AERGO/USDT:USDT,0.13344,432,0.13343,61,0.13345,42,0.13346,205
1753547022433,16:23:42.433,AERGO/USDT:USDT,0.13344,432,0.13343,44,0.13345,42,0.13346,205
1753547022609,16:23:42.609,AERGO/USDT:USDT,0.13344,432,0.13343,44,0.13345,42,0.13346,296
1753547022934,16:23:42.934,AERGO/USDT:USDT,0.13344,432,0.13343,44,0.13345,42,0.13346,296
1753547023107,16:23:43.107,AERGO/USDT:USDT,0.13344,432,0.13343,44,0.13345,42,0.13346,234
1753547023435,16:23:43.435,AERGO/USDT:USDT,0.13344,432,0.13343,44,0.13345,42,0.13346,234
1753547023607,16:23:43.607,AERGO/USDT:USDT,0.13344,432,0.13343,44,0.13345,42,0.13346,170
1753547023816,16:23:43.816,AERGO/USDT:USDT,0.13344,527,0.13343,123,0.13345,73,0.13346,165
1753547024109,16:23:44.109,AERGO/USDT:USDT,0.13344,527,0.13343,123,0.13345,73,0.13346,243
1753547024436,16:23:44.436,AERGO/USDT:USDT,0.13344,527,0.13343,123,0.13345,73,0.13346,243
1753547024607,16:23:44.607,AERGO/USDT:USDT,0.13344,527,0.13343,139,0.13345,73,0.13346,165
1753547024936,16:23:44.936,AERGO/USDT:USDT,0.13344,527,0.13343,139,0.13345,73,0.13346,165
1753547025109,16:23:45.109,AERGO/USDT:USDT,0.13344,527,0.13343,123,0.13345,73,0.13346,165
1753547025404,16:23:45.404,AERGO/USDT:USDT,0.13344,527,0.13343,123,0.13345,73,0.13346,165
1753547025533,16:23:45.533,AERGO/USDT:USDT,0.13344,527,0.13343,123,0.13345,73,0.13346,165
1753547025608,16:23:45.608,AERGO/USDT:USDT,0.13344,527,0.13343,123,0.13345,73,0.13346,226
1753547026011,16:23:46.011,AERGO/USDT:USDT,0.13344,527,0.13343,123,0.13345,73,0.13346,165
1753547026109,16:23:46.109,AERGO/USDT:USDT,0.13344,527,0.13343,123,0.13345,73,0.13346,209
1753547026443,16:23:46.443,AERGO/USDT:USDT,0.13344,527,0.13343,123,0.13345,73,0.13346,209
1753547026608,16:23:46.608,AERGO/USDT:USDT,0.13344,527,0.13343,149,0.13345,73,0.13346,199
1753547026938,16:23:46.938,AERGO/USDT:USDT,0.13344,527,0.13343,149,0.13345,73,0.13346,199
1753547027109,16:23:47.109,AERGO/USDT:USDT,0.13344,527,0.13343,151,0.13345,73,0.13346,189
1753547027438,16:23:47.438,AERGO/USDT:USDT,0.13344,527,0.13343,151,0.13345,73,0.13346,189
1753547027608,16:23:47.608,AERGO/USDT:USDT,0.13344,527,0.13343,123,0.13345,73,0.13346,188
1753547027939,16:23:47.939,AERGO/USDT:USDT,0.13344,527,0.13343,123,0.13345,73,0.13346,188
1753547028110,16:23:48.110,AERGO/USDT:USDT,0.13344,527,0.13343,167,0.13345,73,0.13346,165
1753547028439,16:23:48.439,AERGO/USDT:USDT,0.13344,527,0.13343,123,0.13345,73,0.13346,165
1753547028611,16:23:48.611,AERGO/USDT:USDT,0.13344,527,0.13343,123,0.13345,73,0.13346,165
1753547028938,16:23:48.938,AERGO/USDT:USDT,0.13344,527,0.13343,123,0.13345,73,0.13346,165
1753547029111,16:23:49.111,AERGO/USDT:USDT,0.13344,527,0.13343,123,0.13345,73,0.13346,165
1753547029439,16:23:49.439,AERGO/USDT:USDT,0.13344,527,0.13343,123,0.13345,73,0.13346,165
1753547029609,16:23:49.609,AERGO/USDT:USDT,0.13344,527,0.13343,123,0.13345,73,0.13346,184
1753547029817,16:23:49.817,AERGO/USDT:USDT,0.13344,529,0.13343,148,0.13345,62,0.13346,195
1753547030111,16:23:50.111,AERGO/USDT:USDT,0.13344,529,0.13343,239,0.13345,62,0.13346,271
1753547030505,16:23:50.505,AERGO/USDT:USDT,0.13344,529,0.13343,208,0.13345,62,0.13346,271
1753547030610,16:23:50.610,AERGO/USDT:USDT,0.13344,529,0.13343,179,0.13345,62,0.13346,195
1753547031002,16:23:51.002,AERGO/USDT:USDT,0.13344,529,0.13343,148,0.13345,62,0.13346,195
1753547031112,16:23:51.112,AERGO/USDT:USDT,0.13344,529,0.13343,148,0.13345,62,0.13346,221
1753547031408,16:23:51.408,AERGO/USDT:USDT,0.13344,529,0.13343,148,0.13345,62,0.13346,221
1753547031600,16:23:51.600,AERGO/USDT:USDT,0.13344,529,0.13343,173,0.13345,62,0.13346,195
1753547031611,16:23:51.611,AERGO/USDT:USDT,0.13344,529,0.13343,173,0.13345,62,0.13346,195
1753547032014,16:23:52.014,AERGO/USDT:USDT,0.13344,529,0.13343,148,0.13345,62,0.13346,195
1753547032112,16:23:52.112,AERGO/USDT:USDT,0.13344,529,0.13343,148,0.13345,62,0.13346,230
1753547032506,16:23:52.506,AERGO/USDT:USDT,0.13344,529,0.13343,148,0.13345,62,0.13346,230
1753547032611,16:23:52.611,AERGO/USDT:USDT,0.13344,529,0.13343,148,0.13345,62,0.13346,195
1753547033004,16:23:53.004,AERGO/USDT:USDT,0.13344,529,0.13343,148,0.13345,62,0.13346,195
1753547033112,16:23:53.112,AERGO/USDT:USDT,0.13344,529,0.13343,214,0.13345,62,0.13346,253
1753547033303,16:23:53.303,AERGO/USDT:USDT,0.13344,529,0.13343,214,0.13345,62,0.13346,253
1753547033610,16:23:53.610,AERGO/USDT:USDT,0.13344,529,0.13343,148,0.13345,62,0.13346,195
1753547034009,16:23:54.009,AERGO/USDT:USDT,0.13344,529,0.13343,148,0.13345,62,0.13346,195
1753547034114,16:23:54.114,AERGO/USDT:USDT,0.13344,529,0.13343,217,0.13345,62,0.13346,283
1753547034506,16:23:54.506,AERGO/USDT:USDT,0.13344,529,0.13343,148,0.13345,62,0.13346,283
1753547034610,16:23:54.610,AERGO/USDT:USDT,0.13344,529,0.13343,148,0.13345,62,0.13346,195
1753547035006,16:23:55.006,AERGO/USDT:USDT,0.13344,529,0.13343,148,0.13345,62,0.13346,195
1753547035111,16:23:55.111,AERGO/USDT:USDT,0.13344,529,0.13343,148,0.13345,62,0.13346,195
1753547035506,16:23:55.506,AERGO/USDT:USDT,0.13344,529,0.13343,148,0.13345,62,0.13346,195
1753547035612,16:23:55.612,AERGO/USDT:USDT,0.13344,529,0.13343,256,0.13345,62,0.13346,195
1753547035821,16:23:55.821,AERGO/USDT:USDT,0.13344,469,0.13343,108,0.13345,73,0.13346,170
1753547036113,16:23:56.113,AERGO/USDT:USDT,0.13344,469,0.13343,108,0.13345,73,0.13346,170
1753547036510,16:23:56.510,AERGO/USDT:USDT,0.13344,469,0.13343,108,0.13345,73,0.13346,170
1753547036612,16:23:56.612,AERGO/USDT:USDT,0.13344,469,0.13343,108,0.13345,73,0.13346,170
1753547037007,16:23:57.007,AERGO/USDT:USDT,0.13344,469,0.13343,108,0.13345,73,0.13346,170
1753547037112,16:23:57.112,AERGO/USDT:USDT,0.13344,469,0.13343,108,0.13345,73,0.13346,170
1753547037412,16:23:57.412,AERGO/USDT:USDT,0.13344,469,0.13343,108,0.13345,73,0.13346,170
1753547037604,16:23:57.604,AERGO/USDT:USDT,0.13344,469,0.13343,108,0.13345,73,0.13346,170
1753547037616,16:23:57.616,AERGO/USDT:USDT,0.13344,469,0.13343,108,0.13345,73,0.13346,228
1753547038016,16:23:58.016,AERGO/USDT:USDT,0.13344,469,0.13343,108,0.13345,73,0.13346,228
1753547038115,16:23:58.115,AERGO/USDT:USDT,0.13344,469,0.13343,154,0.13345,73,0.13346,202
1753547038510,16:23:58.510,AERGO/USDT:USDT,0.13344,469,0.13343,108,0.13345,73,0.13346,202
1753547038614,16:23:58.614,AERGO/USDT:USDT,0.13344,469,0.13343,108,0.13345,73,0.13346,192
1753547039009,16:23:59.009,AERGO/USDT:USDT,0.13344,469,0.13343,108,0.13345,73,0.13346,192
1753547039114,16:23:59.114,AERGO/USDT:USDT,0.13344,469,0.13343,108,0.13345,73,0.13346,257
1753547039307,16:23:59.307,AERGO/USDT:USDT,0.13344,469,0.13343,108,0.13345,73,0.13346,257
1753547039613,16:23:59.613,AERGO/USDT:USDT,0.13344,469,0.13343,143,0.13345,73,0.13346,238
1753547040009,16:24:00.009,AERGO/USDT:USDT,0.13344,469,0.13343,108,0.13345,73,0.13346,238
1753547040113,16:24:00.113,AERGO/USDT:USDT,0.13344,469,0.13343,108,0.13345,73,0.13346,205
1753547040511,16:24:00.511,AERGO/USDT:USDT,0.13344,469,0.13343,108,0.13345,73,0.13346,205
1753547040615,16:24:00.615,AERGO/USDT:USDT,0.13344,469,0.13343,108,0.13345,73,0.13346,212
1753547041010,16:24:01.010,AERGO/USDT:USDT,0.13344,469,0.13343,108,0.13345,73,0.13346,212
1753547041115,16:24:01.115,AERGO/USDT:USDT,0.13344,469,0.13343,108,0.13345,73,0.13346,170
1753547041515,16:24:01.515,AERGO/USDT:USDT,0.13344,469,0.13343,108,0.13345,73,0.13346,170
1753547041615,16:24:01.615,AERGO/USDT:USDT,0.13344,469,0.13343,108,0.13345,73,0.13346,170
1753547041822,16:24:01.822,AERGO/USDT:USDT,0.13344,602,0.13343,112,0.13345,117,0.13346,167
1753547042114,16:24:02.114,AERGO/USDT:USDT,0.13344,602,0.13343,139,0.13345,117,0.13346,308
1753547042513,16:24:02.513,AERGO/USDT:USDT,0.13344,602,0.13343,139,0.13345,117,0.13346,308
1753547042613,16:24:02.613,AERGO/USDT:USDT,0.13344,602,0.13343,127,0.13345,117,0.13346,196
1753547043013,16:24:03.013,AERGO/USDT:USDT,0.13344,602,0.13343,127,0.13345,117,0.13346,196
1753547043114,16:24:03.114,AERGO/USDT:USDT,0.13344,602,0.13343,159,0.13345,117,0.13346,167
1753547043512,16:24:03.512,AERGO/USDT:USDT,0.13344,602,0.13343,159,0.13345,117,0.13346,167
1753547043614,16:24:03.614,AERGO/USDT:USDT,0.13344,602,0.13343,112,0.13345,117,0.13346,167
1753547044013,16:24:04.013,AERGO/USDT:USDT,0.13344,602,0.13343,112,0.13345,117,0.13346,167
1753547044120,16:24:04.120,AERGO/USDT:USDT,0.13344,602,0.13343,129,0.13345,117,0.13346,167
1753547044512,16:24:04.512,AERGO/USDT:USDT,0.13344,602,0.13343,112,0.13345,117,0.13346,167
1753547044614,16:24:04.614,AERGO/USDT:USDT,0.13344,602,0.13343,112,0.13345,117,0.13346,167
1753547045012,16:24:05.012,AERGO/USDT:USDT,0.13344,602,0.13343,112,0.13345,117,0.13346,167
1753547045118,16:24:05.118,AERGO/USDT:USDT,0.13344,602,0.13343,112,0.13345,117,0.13346,186
1753547045311,16:24:05.311,AERGO/USDT:USDT,0.13344,602,0.13343,112,0.13345,117,0.13346,186
1753547045616,16:24:05.616,AERGO/USDT:USDT,0.13344,602,0.13343,208,0.13345,117,0.13346,167
1753547046013,16:24:06.013,AERGO/USDT:USDT,0.13344,602,0.13343,163,0.13345,117,0.13346,167
1753547046115,16:24:06.115,AERGO/USDT:USDT,0.13344,602,0.13343,152,0.13345,117,0.13346,250
1753547046513,16:24:06.513,AERGO/USDT:USDT,0.13344,602,0.13343,152,0.13345,117,0.13346,250
1753547046614,16:24:06.614,AERGO/USDT:USDT,0.13344,602,0.13343,142,0.13345,117,0.13346,207
1753547047013,16:24:07.013,AERGO/USDT:USDT,0.13344,602,0.13343,142,0.13345,117,0.13346,207
1753547047116,16:24:07.116,AERGO/USDT:USDT,0.13344,602,0.13343,112,0.13345,117,0.13346,223
1753547047514,16:24:07.514,AERGO/USDT:USDT,0.13344,602,0.13343,112,0.13345,117,0.13346,223
1753547047619,16:24:07.619,AERGO/USDT:USDT,0.13344,602,0.13343,157,0.13345,117,0.13346,167
1753547047906,16:24:07.906,AERGO/USDT:USDT,0.13344,642,0.13343,123,0.13345,95,0.13346,187
1753547048117,16:24:08.117,AERGO/USDT:USDT,0.13344,642,0.13343,123,0.13345,95,0.13346,256
1753547048515,16:24:08.515,AERGO/USDT:USDT,0.13344,642,0.13343,123,0.13345,95,0.13346,256
1753547048616,16:24:08.616,AERGO/USDT:USDT,0.13344,642,0.13343,123,0.13345,95,0.13346,264
1753547049016,16:24:09.016,AERGO/USDT:USDT,0.13344,642,0.13343,123,0.13345,95,0.13346,264
1753547049116,16:24:09.116,AERGO/USDT:USDT,0.13344,642,0.13343,158,0.13345,95,0.13346,187
1753547049516,16:24:09.516,AERGO/USDT:USDT,0.13344,642,0.13343,158,0.13345,95,0.13346,187
1753547049617,16:24:09.617,AERGO/USDT:USDT,0.13344,642,0.13343,123,0.13345,95,0.13346,239
1753547050016,16:24:10.016,AERGO/USDT:USDT,0.13344,642,0.13343,123,0.13345,95,0.13346,239
1753547050117,16:24:10.117,AERGO/USDT:USDT,0.13344,642,0.13343,123,0.13345,95,0.13346,215
1753547050517,16:24:10.517,AERGO/USDT:USDT,0.13344,642,0.13343,123,0.13345,95,0.13346,215
1753547050616,16:24:10.616,AERGO/USDT:USDT,0.13344,642,0.13343,123,0.13345,95,0.13346,315
1753547051017,16:24:11.017,AERGO/USDT:USDT,0.13344,642,0.13343,123,0.13345,95,0.13346,315
1753547051117,16:24:11.117,AERGO/USDT:USDT,0.13344,642,0.13343,147,0.13345,95,0.13346,187
1753547051316,16:24:11.316,AERGO/USDT:USDT,0.13344,642,0.13343,147,0.13345,95,0.13346,187
1753547051631,16:24:11.631,AERGO/USDT:USDT,0.13344,642,0.13343,123,0.13345,95,0.13346,187
1753547052023,16:24:12.023,AERGO/USDT:USDT,0.13344,642,0.13343,123,0.13345,95,0.13346,187
1753547052118,16:24:12.118,AERGO/USDT:USDT,0.13344,642,0.13343,123,0.13345,95,0.13346,215
1753547052517,16:24:12.517,AERGO/USDT:USDT,0.13344,642,0.13343,123,0.13345,95,0.13346,215
1753547052618,16:24:12.618,AERGO/USDT:USDT,0.13344,642,0.13343,123,0.13345,95,0.13346,187
1753547053018,16:24:13.018,AERGO/USDT:USDT,0.13344,642,0.13343,123,0.13345,95,0.13346,187
1753547053117,16:24:13.117,AERGO/USDT:USDT,0.13344,642,0.13343,123,0.13345,95,0.13346,259
1753547053519,16:24:13.519,AERGO/USDT:USDT,0.13344,642,0.13343,123,0.13345,95,0.13346,259
1753547053620,16:24:13.620,AERGO/USDT:USDT,0.13344,642,0.13343,123,0.13345,95,0.13346,249
1753547053828,16:24:13.828,AERGO/USDT:USDT,0.13344,471,0.13343,106,0.13345,100,0.13346,196
1753547054123,16:24:14.123,AERGO/USDT:USDT,0.13344,471,0.13343,106,0.13345,100,0.13346,196
1753547054518,16:24:14.518,AERGO/USDT:USDT,0.13344,471,0.13343,106,0.13345,100,0.13346,196
1753547054620,16:24:14.620,AERGO/USDT:USDT,0.13344,471,0.13343,106,0.13345,100,0.13346,196
1753547055020,16:24:15.020,AERGO/USDT:USDT,0.13344,471,0.13343,106,0.13345,100,0.13346,196
1753547055117,16:24:15.117,AERGO/USDT:USDT,0.13344,471,0.13343,106,0.13345,100,0.13346,241
1753547055519,16:24:15.519,AERGO/USDT:USDT,0.13344,471,0.13343,106,0.13345,100,0.13346,241
1753547055619,16:24:15.619,AERGO/USDT:USDT,0.13344,471,0.13343,158,0.13345,100,0.13346,196
1753547056019,16:24:16.019,AERGO/USDT:USDT,0.13344,471,0.13343,106,0.13345,100,0.13346,196
1753547056121,16:24:16.121,AERGO/USDT:USDT,0.13344,471,0.13343,126,0.13345,100,0.13346,196
1753547056519,16:24:16.519,AERGO/USDT:USDT,0.13344,471,0.13343,106,0.13345,100,0.13346,196
1753547056619,16:24:16.619,AERGO/USDT:USDT,0.13344,471,0.13343,167,0.13345,100,0.13346,196
1753547057021,16:24:17.021,AERGO/USDT:USDT,0.13344,471,0.13343,155,0.13345,100,0.13346,196
1753547057121,16:24:17.121,AERGO/USDT:USDT,0.13344,471,0.13343,106,0.13345,100,0.13346,234
1753547057317,16:24:17.317,AERGO/USDT:USDT,0.13344,471,0.13343,106,0.13345,100,0.13346,234
1753547057620,16:24:17.620,AERGO/USDT:USDT,0.13344,471,0.13343,150,0.13345,100,0.13346,219
1753547058021,16:24:18.021,AERGO/USDT:USDT,0.13344,471,0.13343,150,0.13345,100,0.13346,219
1753547058120,16:24:18.120,AERGO/USDT:USDT,0.13344,471,0.13343,106,0.13345,100,0.13346,196
1753547058521,16:24:18.521,AERGO/USDT:USDT,0.13344,471,0.13343,106,0.13345,100,0.13346,196
1753547058620,16:24:18.620,AERGO/USDT:USDT,0.13344,471,0.13343,129,0.13345,100,0.13346,241
1753547059020,16:24:19.020,AERGO/USDT:USDT,0.13344,471,0.13343,106,0.13345,100,0.13346,241
1753547059120,16:24:19.120,AERGO/USDT:USDT,0.13344,471,0.13343,194,0.13345,100,0.13346,196
1753547059520,16:24:19.520,AERGO/USDT:USDT,0.13344,471,0.13343,151,0.13345,100,0.13346,196
1753547059625,16:24:19.625,AERGO/USDT:USDT,0.13344,471,0.13343,106,0.13345,100,0.13346,232
1753547059830,16:24:19.830,AERGO/USDT:USDT,0.13344,579,0.13343,106,0.13345,131,0.13346,170
1753547060120,16:24:20.120,AERGO/USDT:USDT,0.13344,579,0.13343,152,0.13345,131,0.13346,170
1753547060522,16:24:20.522,AERGO/USDT:USDT,0.13344,579,0.13343,122,0.13345,131,0.13346,170
1753547060621,16:24:20.621,AERGO/USDT:USDT,0.13344,579,0.13343,120,0.13345,131,0.13346,170
1753547061021,16:24:21.021,AERGO/USDT:USDT,0.13344,579,0.13343,120,0.13345,131,0.13346,170
1753547061119,16:24:21.119,AERGO/USDT:USDT,0.13344,579,0.13343,148,0.13345,131,0.13346,170
1753547061522,16:24:21.522,AERGO/USDT:USDT,0.13344,579,0.13343,148,0.13345,131,0.13346,170
1753547061622,16:24:21.622,AERGO/USDT:USDT,0.13344,579,0.13343,106,0.13345,131,0.13346,170
1753547062021,16:24:22.021,AERGO/USDT:USDT,0.13344,579,0.13343,106,0.13345,131,0.13346,170
1753547062124,16:24:22.124,AERGO/USDT:USDT,0.13344,579,0.13343,106,0.13345,131,0.13346,170
1753547062526,16:24:22.526,AERGO/USDT:USDT,0.13344,579,0.13343,106,0.13345,131,0.13346,170
1753547062620,16:24:22.620,AERGO/USDT:USDT,0.13344,579,0.13343,122,0.13345,131,0.13346,170
1753547063023,16:24:23.023,AERGO/USDT:USDT,0.13344,579,0.13343,122,0.13345,131,0.13346,170
1753547063120,16:24:23.120,AERGO/USDT:USDT,0.13344,579,0.13343,106,0.13345,131,0.13346,200
1753547063320,16:24:23.320,AERGO/USDT:USDT,0.13344,579,0.13343,106,0.13345,131,0.13346,200
1753547063625,16:24:23.625,AERGO/USDT:USDT,0.13344,579,0.13343,106,0.13345,131,0.13346,249
1753547064024,16:24:24.024,AERGO/USDT:USDT,0.13344,579,0.13343,106,0.13345,131,0.13346,249
1753547064122,16:24:24.122,AERGO/USDT:USDT,0.13344,579,0.13343,135,0.13345,131,0.13346,170
1753547064523,16:24:24.523,AERGO/USDT:USDT,0.13344,579,0.13343,106,0.13345,131,0.13346,170
1753547064622,16:24:24.622,AERGO/USDT:USDT,0.13344,579,0.13343,149,0.13345,131,0.13346,192
1753547065022,16:24:25.022,AERGO/USDT:USDT,0.13344,579,0.13343,106,0.13345,131,0.13346,192
1753547065119,16:24:25.119,AERGO/USDT:USDT,0.13344,579,0.13343,137,0.13345,131,0.13346,224
1753547065524,16:24:25.524,AERGO/USDT:USDT,0.13344,579,0.13343,137,0.13345,131,0.13346,170
1753547065638,16:24:25.638,AERGO/USDT:USDT,0.13344,579,0.13343,106,0.13345,131,0.13346,238
1753547065828,16:24:25.828,AERGO/USDT:USDT,0.13344,552,0.13343,77,0.13345,131,0.13346,176
1753547066123,16:24:26.123,AERGO/USDT:USDT,0.13344,552,0.13343,77,0.13345,131,0.13346,176
1753547066524,16:24:26.524,AERGO/USDT:USDT,0.13344,552,0.13343,77,0.13345,131,0.13346,176
1753547066623,16:24:26.623,AERGO/USDT:USDT,0.13344,552,0.13343,77,0.13345,131,0.13346,176
1753547067024,16:24:27.024,AERGO/USDT:USDT,0.13344,552,0.13343,77,0.13345,131,0.13346,176
1753547067124,16:24:27.124,AERGO/USDT:USDT,0.13344,552,0.13343,77,0.13345,131,0.13346,176
1753547067524,16:24:27.524,AERGO/USDT:USDT,0.13344,552,0.13343,77,0.13345,131,0.13346,176
1753547067623,16:24:27.623,AERGO/USDT:USDT,0.13344,552,0.13343,92,0.13345,131,0.13346,176
1753547068024,16:24:28.024,AERGO/USDT:USDT,0.13344,552,0.13343,92,0.13345,131,0.13346,176
1753547068122,16:24:28.122,AERGO/USDT:USDT,0.13344,552,0.13343,91,0.13345,131,0.13346,256
1753547068525,16:24:28.525,AERGO/USDT:USDT,0.13344,552,0.13343,91,0.13345,131,0.13346,176
1753547068623,16:24:28.623,AERGO/USDT:USDT,0.13344,552,0.13343,108,0.13345,131,0.13346,176
1753547069023,16:24:29.023,AERGO/USDT:USDT,0.13344,552,0.13343,77,0.13345,131,0.13346,176
1753547069123,16:24:29.123,AERGO/USDT:USDT,0.13344,552,0.13343,77,0.13345,131,0.13346,176
1753547069326,16:24:29.326,AERGO/USDT:USDT,0.13344,552,0.13343,77,0.13345,131,0.13346,176
1753547069624,16:24:29.624,AERGO/USDT:USDT,0.13344,552,0.13343,87,0.13345,131,0.13346,236
1753547070025,16:24:30.025,AERGO/USDT:USDT,0.13344,552,0.13343,87,0.13345,131,0.13346,176
1753547070126,16:24:30.126,AERGO/USDT:USDT,0.13344,552,0.13343,95,0.13345,131,0.13346,279
1753547070526,16:24:30.526,AERGO/USDT:USDT,0.13344,552,0.13343,77,0.13345,131,0.13346,279
1753547070626,16:24:30.626,AERGO/USDT:USDT,0.13344,552,0.13343,77,0.13345,131,0.13346,231
1753547071026,16:24:31.026,AERGO/USDT:USDT,0.13344,552,0.13343,77,0.13345,131,0.13346,231
1753547071125,16:24:31.125,AERGO/USDT:USDT,0.13344,552,0.13343,77,0.13345,131,0.13346,176
1753547071527,16:24:31.527,AERGO/USDT:USDT,0.13344,552,0.13343,77,0.13345,131,0.13346,176
1753547071634,16:24:31.634,AERGO/USDT:USDT,0.13344,552,0.13343,77,0.13345,131,0.13346,194
1753547071830,16:24:31.830,AERGO/USDT:USDT,0.13344,564,0.13343,88,0.13345,134,0.13346,153
1753547072127,16:24:32.127,AERGO/USDT:USDT,0.13344,564,0.13343,88,0.13345,134,0.13346,207
1753547072529,16:24:32.529,AERGO/USDT:USDT,0.13344,564,0.13343,88,0.13345,134,0.13346,207
1753547072625,16:24:32.625,AERGO/USDT:USDT,0.13344,564,0.13343,88,0.13345,134,0.13346,175
1753547073027,16:24:33.027,AERGO/USDT:USDT,0.13344,564,0.13343,88,0.13345,134,0.13346,175
1753547073125,16:24:33.125,AERGO/USDT:USDT,0.13344,564,0.13343,105,0.13345,134,0.13346,193
1753547073527,16:24:33.527,AERGO/USDT:USDT,0.13344,564,0.13343,105,0.13345,134,0.13346,193
1753547073623,16:24:33.623,AERGO/USDT:USDT,0.13344,564,0.13343,113,0.13345,134,0.13346,216
1753547074026,16:24:34.026,AERGO/USDT:USDT,0.13344,564,0.13343,88,0.13345,134,0.13346,216
1753547074124,16:24:34.124,AERGO/USDT:USDT,0.13344,564,0.13343,88,0.13345,134,0.13346,197
1753547074526,16:24:34.526,AERGO/USDT:USDT,0.13344,564,0.13343,88,0.13345,134,0.13346,197
1753547074626,16:24:34.626,AERGO/USDT:USDT,0.13344,564,0.13343,103,0.13345,134,0.13346,153
1753547075027,16:24:35.027,AERGO/USDT:USDT,0.13344,564,0.13343,88,0.13345,134,0.13346,153
1753547075131,16:24:35.131,AERGO/USDT:USDT,0.13344,564,0.13343,125,0.13345,134,0.13346,153
1753547075325,16:24:35.325,AERGO/USDT:USDT,0.13344,564,0.13343,125,0.13345,134,0.13346,153
1753547075629,16:24:35.629,AERGO/USDT:USDT,0.13344,564,0.13343,88,0.13345,134,0.13346,153
1753547076028,16:24:36.028,AERGO/USDT:USDT,0.13344,564,0.13343,88,0.13345,134,0.13346,153
1753547076126,16:24:36.126,AERGO/USDT:USDT,0.13344,564,0.13343,88,0.13345,134,0.13346,210
1753547076528,16:24:36.528,AERGO/USDT:USDT,0.13344,564,0.13343,88,0.13345,134,0.13346,210
1753547076627,16:24:36.627,AERGO/USDT:USDT,0.13344,564,0.13343,88,0.13345,134,0.13346,182
1753547077027,16:24:37.027,AERGO/USDT:USDT,0.13344,564,0.13343,88,0.13345,134,0.13346,182
1753547077126,16:24:37.126,AERGO/USDT:USDT,0.13344,564,0.13343,131,0.13345,134,0.13346,230
1753547077527,16:24:37.527,AERGO/USDT:USDT,0.13344,564,0.13343,131,0.13345,134,0.13346,230
1753547077644,16:24:37.644,AERGO/USDT:USDT,0.13344,564,0.13343,128,0.13345,134,0.13346,209
1753547077830,16:24:37.830,AERGO/USDT:USDT,0.13344,628,0.13343,111,0.13345,122,0.13346,179
1753547078128,16:24:38.128,AERGO/USDT:USDT,0.13344,628,0.13343,160,0.13345,122,0.13346,179
1753547078530,16:24:38.530,AERGO/USDT:USDT,0.13344,628,0.13343,160,0.13345,122,0.13346,179
1753547078627,16:24:38.627,AERGO/USDT:USDT,0.13344,628,0.13343,133,0.13345,122,0.13346,179
1753547079028,16:24:39.028,AERGO/USDT:USDT,0.13344,628,0.13343,133,0.13345,122,0.13346,179
1753547079127,16:24:39.127,AERGO/USDT:USDT,0.13344,628,0.13343,111,0.13345,122,0.13346,204
1753547079529,16:24:39.529,AERGO/USDT:USDT,0.13344,628,0.13343,111,0.13345,122,0.13346,204
1753547079628,16:24:39.628,AERGO/USDT:USDT,0.13344,628,0.13343,111,0.13345,122,0.13346,179
1753547080028,16:24:40.028,AERGO/USDT:USDT,0.13344,628,0.13343,111,0.13345,122,0.13346,179
1753547080128,16:24:40.128,AERGO/USDT:USDT,0.13344,628,0.13343,111,0.13345,122,0.13346,179
1753547080529,16:24:40.529,AERGO/USDT:USDT,0.13344,628,0.13343,111,0.13345,122,0.13346,179
1753547080628,16:24:40.628,AERGO/USDT:USDT,0.13344,628,0.13343,111,0.13345,122,0.13346,179
1753547081028,16:24:41.028,AERGO/USDT:USDT,0.13344,628,0.13343,111,0.13345,122,0.13346,179
1753547081128,16:24:41.128,AERGO/USDT:USDT,0.13344,628,0.13343,132,0.13345,122,0.13346,179
1753547081529,16:24:41.529,AERGO/USDT:USDT,0.13344,628,0.13343,111,0.13345,122,0.13346,179
1753547081631,16:24:41.631,AERGO/USDT:USDT,0.13344,628,0.13343,111,0.13345,122,0.13346,179
1753547082029,16:24:42.029,AERGO/USDT:USDT,0.13344,628,0.13343,111,0.13345,122,0.13346,179
1753547082126,16:24:42.126,AERGO/USDT:USDT,0.13344,628,0.13343,198,0.13345,122,0.13346,179
1753547082529,16:24:42.529,AERGO/USDT:USDT,0.13344,628,0.13343,163,0.13345,122,0.13346,179
1753547082630,16:24:42.630,AERGO/USDT:USDT,0.13344,628,0.13343,111,0.13345,122,0.13346,261
1753547083030,16:24:43.030,AERGO/USDT:USDT,0.13344,628,0.13343,111,0.13345,122,0.13346,261
1753547083126,16:24:43.126,AERGO/USDT:USDT,0.13344,628,0.13343,111,0.13345,122,0.13346,179
1753547083529,16:24:43.529,AERGO/USDT:USDT,0.13344,628,0.13343,111,0.13345,122,0.13346,179
1753547083637,16:24:43.637,AERGO/USDT:USDT,0.13344,628,0.13343,111,0.13345,122,0.13346,179
1753547083834,16:24:43.834,AERGO/USDT:USDT,0.13346,1294,0.13345,524,0.13347,209,0.13348,71
1753547084130,16:24:44.130,AERGO/USDT:USDT,0.13346,1294,0.13345,524,0.13347,209,0.13348,71
1753547084531,16:24:44.531,AERGO/USDT:USDT,0.13346,1294,0.13345,524,0.13347,209,0.13348,71
1753547084632,16:24:44.632,AERGO/USDT:USDT,0.13346,1294,0.13345,775,0.13347,209,0.13348,95
1753547085033,16:24:45.033,AERGO/USDT:USDT,0.13346,1294,0.13345,775,0.13347,209,0.13348,71
1753547085129,16:24:45.129,AERGO/USDT:USDT,0.13346,1294,0.13345,524,0.13347,209,0.13348,90
1753547085531,16:24:45.531,AERGO/USDT:USDT,0.13346,1294,0.13345,524,0.13347,209,0.13348,90
1753547085629,16:24:45.629,AERGO/USDT:USDT,0.13346,1294,0.13345,524,0.13347,209,0.13348,81
1753547086033,16:24:46.033,AERGO/USDT:USDT,0.13346,1294,0.13345,524,0.13347,209,0.13348,81
1753547086134,16:24:46.134,AERGO/USDT:USDT,0.13346,1294,0.13345,524,0.13347,209,0.13348,96
1753547086533,16:24:46.533,AERGO/USDT:USDT,0.13346,1294,0.13345,524,0.13347,209,0.13348,96
1753547086635,16:24:46.635,AERGO/USDT:USDT,0.13346,1294,0.13345,524,0.13347,209,0.13348,71
1753547087033,16:24:47.033,AERGO/USDT:USDT,0.13346,1294,0.13345,524,0.13347,209,0.13348,71
1753547087131,16:24:47.131,AERGO/USDT:USDT,0.13346,1294,0.13345,524,0.13347,209,0.13348,98
1753547087530,16:24:47.530,AERGO/USDT:USDT,0.13346,1294,0.13345,524,0.13347,209,0.13348,98
1753547087630,16:24:47.630,AERGO/USDT:USDT,0.13346,1294,0.13345,832,0.13347,209,0.13348,99
1753547088032,16:24:48.032,AERGO/USDT:USDT,0.13346,1294,0.13345,636,0.13347,209,0.13348,99
1753547088130,16:24:48.130,AERGO/USDT:USDT,0.13346,1294,0.13345,774,0.13347,209,0.13348,71
1753547088532,16:24:48.532,AERGO/USDT:USDT,0.13346,1294,0.13345,774,0.13347,209,0.13348,71
1753547088630,16:24:48.630,AERGO/USDT:USDT,0.13346,1294,0.13345,524,0.13347,209,0.13348,93
1753547089032,16:24:49.032,AERGO/USDT:USDT,0.13346,1294,0.13345,524,0.13347,209,0.13348,93
1753547089131,16:24:49.131,AERGO/USDT:USDT,0.13346,1294,0.13345,524,0.13347,209,0.13348,71
1753547089533,16:24:49.533,AERGO/USDT:USDT,0.13346,1294,0.13345,524,0.13347,209,0.13348,71
1753547089635,16:24:49.635,AERGO/USDT:USDT,0.13346,1294,0.13345,524,0.13347,209,0.13348,71
1753547089837,16:24:49.837,AERGO/USDT:USDT,0.13346,93,0.13345,539,0.13347,353,0.13348,78
1753547090133,16:24:50.133,AERGO/USDT:USDT,0.13346,93,0.13345,539,0.13347,353,0.13348,78
1753547090532,16:24:50.532,AERGO/USDT:USDT,0.13346,93,0.13345,539,0.13347,353,0.13348,78
1753547090631,16:24:50.631,AERGO/USDT:USDT,0.13346,93,0.13345,539,0.13347,353,0.13348,109
1753547091032,16:24:51.032,AERGO/USDT:USDT,0.13346,93,0.13345,539,0.13347,353,0.13348,109
1753547091130,16:24:51.130,AERGO/USDT:USDT,0.13346,93,0.13345,596,0.13347,353,0.13348,78
1753547091533,16:24:51.533,AERGO/USDT:USDT,0.13346,93,0.13345,539,0.13347,353,0.13348,78
1753547091630,16:24:51.630,AERGO/USDT:USDT,0.13346,93,0.13345,539,0.13347,353,0.13348,113
1753547092034,16:24:52.034,AERGO/USDT:USDT,0.13346,93,0.13345,539,0.13347,353,0.13348,78
1753547092133,16:24:52.133,AERGO/USDT:USDT,0.13346,93,0.13345,762,0.13347,353,0.13348,134
1753547092534,16:24:52.534,AERGO/USDT:USDT,0.13346,93,0.13345,599,0.13347,353,0.13348,134
1753547092631,16:24:52.631,AERGO/USDT:USDT,0.13346,93,0.13345,539,0.13347,353,0.13348,78
1753547093033,16:24:53.033,AERGO/USDT:USDT,0.13346,93,0.13345,539,0.13347,353,0.13348,78
1753547093132,16:24:53.132,AERGO/USDT:USDT,0.13346,93,0.13345,539,0.13347,353,0.13348,78
1753547093532,16:24:53.532,AERGO/USDT:USDT,0.13346,93,0.13345,539,0.13347,353,0.13348,78
1753547093634,16:24:53.634,AERGO/USDT:USDT,0.13346,93,0.13345,539,0.13347,353,0.13348,78
1753547094037,16:24:54.037,AERGO/USDT:USDT,0.13346,93,0.13345,539,0.13347,353,0.13348,78
1753547094134,16:24:54.134,AERGO/USDT:USDT,0.13346,93,0.13345,539,0.13347,353,0.13348,93
1753547094536,16:24:54.536,AERGO/USDT:USDT,0.13346,93,0.13345,539,0.13347,353,0.13348,93
1753547094634,16:24:54.634,AERGO/USDT:USDT,0.13346,93,0.13345,539,0.13347,353,0.13348,78
1753547095036,16:24:55.036,AERGO/USDT:USDT,0.13346,93,0.13345,539,0.13347,353,0.13348,78
1753547095135,16:24:55.135,AERGO/USDT:USDT,0.13346,93,0.13345,539,0.13347,353,0.13348,109
1753547095538,16:24:55.538,AERGO/USDT:USDT,0.13346,93,0.13345,539,0.13347,353,0.13348,96
1753547095639,16:24:55.639,AERGO/USDT:USDT,0.13346,93,0.13345,539,0.13347,353,0.13348,78
1753547095838,16:24:55.838,AERGO/USDT:USDT,0.13346,100,0.13345,2014,0.13347,561,0.13348,78
1753547096139,16:24:56.139,AERGO/USDT:USDT,0.13346,100,0.13345,2014,0.13347,561,0.13348,102
1753547096537,16:24:56.537,AERGO/USDT:USDT,0.13346,100,0.13345,2014,0.13347,561,0.13348,102
1753547096634,16:24:56.634,AERGO/USDT:USDT,0.13346,100,0.13345,2014,0.13347,561,0.13348,135
1753547097037,16:24:57.037,AERGO/USDT:USDT,0.13346,100,0.13345,2014,0.13347,561,0.13348,135
1753547097134,16:24:57.134,AERGO/USDT:USDT,0.13346,100,0.13345,2014,0.13347,561,0.13348,78
1753547097538,16:24:57.538,AERGO/USDT:USDT,0.13346,100,0.13345,2014,0.13347,561,0.13348,78
1753547097636,16:24:57.636,AERGO/USDT:USDT,0.13346,100,0.13345,2877,0.13347,561,0.13348,78
1753547098038,16:24:58.038,AERGO/USDT:USDT,0.13346,100,0.13345,2877,0.13347,561,0.13348,78
1753547098136,16:24:58.136,AERGO/USDT:USDT,0.13346,100,0.13345,2014,0.13347,561,0.13348,78
1753547098538,16:24:58.538,AERGO/USDT:USDT,0.13346,100,0.13345,2014,0.13347,561,0.13348,78
1753547098636,16:24:58.636,AERGO/USDT:USDT,0.13346,100,0.13345,2609,0.13347,561,0.13348,99
1753547099038,16:24:59.038,AERGO/USDT:USDT,0.13346,100,0.13345,2609,0.13347,561,0.13348,78
1753547099147,16:24:59.147,AERGO/USDT:USDT,0.13346,100,0.13345,2712,0.13347,561,0.13348,78
1753547099537,16:24:59.537,AERGO/USDT:USDT,0.13346,100,0.13345,2712,0.13347,561,0.13348,78
1753547099638,16:24:59.638,AERGO/USDT:USDT,0.13346,100,0.13345,2014,0.13347,561,0.13348,78
1753547100039,16:25:00.039,AERGO/USDT:USDT,0.13346,100,0.13345,2014,0.13347,561,0.13348,78
1753547100137,16:25:00.137,AERGO/USDT:USDT,0.13346,100,0.13345,2014,0.13347,561,0.13348,78
1753547100542,16:25:00.542,AERGO/USDT:USDT,0.13346,100,0.13345,2014,0.13347,561,0.13348,78
1753547100636,16:25:00.636,AERGO/USDT:USDT,0.13346,100,0.13345,2014,0.13347,561,0.13348,108
1753547101038,16:25:01.038,AERGO/USDT:USDT,0.13346,100,0.13345,2014,0.13347,561,0.13348,108
1753547101137,16:25:01.137,AERGO/USDT:USDT,0.13346,100,0.13345,2631,0.13347,561,0.13348,78
1753547101545,16:25:01.545,AERGO/USDT:USDT,0.13346,100,0.13345,2014,0.13347,561,0.13348,78
1753547101654,16:25:01.654,AERGO/USDT:USDT,0.13346,100,0.13345,2331,0.13347,561,0.13348,78
1753547101839,16:25:01.839,AERGO/USDT:USDT,0.13346,251,0.13345,1414,0.13347,337,0.13348,64
1753547102138,16:25:02.138,AERGO/USDT:USDT,0.13346,251,0.13345,2083,0.13347,337,0.13348,94
1753547102541,16:25:02.541,AERGO/USDT:USDT,0.13346,251,0.13345,1763,0.13347,337,0.13348,94
1753547102639,16:25:02.639,AERGO/USDT:USDT,0.13346,251,0.13345,1414,0.13347,337,0.13348,89
1753547103043,16:25:03.043,AERGO/USDT:USDT,0.13346,251,0.13345,1414,0.13347,337,0.13348,89
1753547103139,16:25:03.139,AERGO/USDT:USDT,0.13346,251,0.13345,1414,0.13347,337,0.13348,88
1753547103543,16:25:03.543,AERGO/USDT:USDT,0.13346,251,0.13345,1414,0.13347,337,0.13348,64
1753547103641,16:25:03.641,AERGO/USDT:USDT,0.13346,251,0.13345,1414,0.13347,337,0.13348,77
1753547104040,16:25:04.040,AERGO/USDT:USDT,0.13346,251,0.13345,1414,0.13347,337,0.13348,77
1753547104139,16:25:04.139,AERGO/USDT:USDT,0.13346,251,0.13345,2014,0.13347,337,0.13348,88
1753547104542,16:25:04.542,AERGO/USDT:USDT,0.13346,251,0.13345,1780,0.13347,337,0.13348,88
1753547104645,16:25:04.645,AERGO/USDT:USDT,0.13346,251,0.13345,1414,0.13347,337,0.13348,64
1753547105040,16:25:05.040,AERGO/USDT:USDT,0.13346,251,0.13345,1414,0.13347,337,0.13348,64
1753547105139,16:25:05.139,AERGO/USDT:USDT,0.13346,251,0.13345,1414,0.13347,337,0.13348,64
1753547105540,16:25:05.540,AERGO/USDT:USDT,0.13346,251,0.13345,1414,0.13347,337,0.13348,64
1753547105639,16:25:05.639,AERGO/USDT:USDT,0.13346,251,0.13345,1911,0.13347,337,0.13348,64
1753547106044,16:25:06.044,AERGO/USDT:USDT,0.13346,251,0.13345,1911,0.13347,337,0.13348,64
1753547106138,16:25:06.138,AERGO/USDT:USDT,0.13346,251,0.13345,1414,0.13347,337,0.13348,64
1753547106540,16:25:06.540,AERGO/USDT:USDT,0.13346,251,0.13345,1414,0.13347,337,0.13348,64
1753547106640,16:25:06.640,AERGO/USDT:USDT,0.13346,251,0.13345,1414,0.13347,337,0.13348,64
1753547107041,16:25:07.041,AERGO/USDT:USDT,0.13346,251,0.13345,1414,0.13347,337,0.13348,64
1753547107139,16:25:07.139,AERGO/USDT:USDT,0.13346,251,0.13345,1414,0.13347,337,0.13348,78
1753547107541,16:25:07.541,AERGO/USDT:USDT,0.13346,251,0.13345,1414,0.13347,337,0.13348,64
1753547107642,16:25:07.642,AERGO/USDT:USDT,0.13346,251,0.13345,1414,0.13347,337,0.13348,83
1753547107855,16:25:07.855,AERGO/USDT:USDT,0.13345,51,0.13344,110,0.13346,198,0.13347,529
1753547108139,16:25:08.139,AERGO/USDT:USDT,0.13345,51,0.13344,110,0.13346,198,0.13347,669
1753547108542,16:25:08.542,AERGO/USDT:USDT,0.13345,51,0.13344,110,0.13346,198,0.13347,529
1753547108639,16:25:08.639,AERGO/USDT:USDT,0.13345,51,0.13344,133,0.13346,198,0.13347,789
1753547109041,16:25:09.041,AERGO/USDT:USDT,0.13345,51,0.13344,133,0.13346,198,0.13347,529
1753547109141,16:25:09.141,AERGO/USDT:USDT,0.13345,51,0.13344,110,0.13346,198,0.13347,662
1753547109547,16:25:09.547,AERGO/USDT:USDT,0.13345,51,0.13344,110,0.13346,198,0.13347,662
1753547109638,16:25:09.638,AERGO/USDT:USDT,0.13345,51,0.13344,110,0.13346,198,0.13347,529
1753547110041,16:25:10.041,AERGO/USDT:USDT,0.13345,51,0.13344,110,0.13346,198,0.13347,529
1753547110139,16:25:10.139,AERGO/USDT:USDT,0.13345,51,0.13344,110,0.13346,198,0.13347,529
1753547110542,16:25:10.542,AERGO/USDT:USDT,0.13345,51,0.13344,110,0.13346,198,0.13347,529
1753547110645,16:25:10.645,AERGO/USDT:USDT,0.13345,51,0.13344,110,0.13346,198,0.13347,733
1753547111046,16:25:11.046,AERGO/USDT:USDT,0.13345,51,0.13344,110,0.13346,198,0.13347,733
1753547111145,16:25:11.145,AERGO/USDT:USDT,0.13345,51,0.13344,197,0.13346,198,0.13347,529
1753547111546,16:25:11.546,AERGO/USDT:USDT,0.13345,51,0.13344,197,0.13346,198,0.13347,529
1753547111645,16:25:11.645,AERGO/USDT:USDT,0.13345,51,0.13344,110,0.13346,198,0.13347,529
1753547112045,16:25:12.045,AERGO/USDT:USDT,0.13345,51,0.13344,110,0.13346,198,0.13347,529
1753547112145,16:25:12.145,AERGO/USDT:USDT,0.13345,51,0.13344,110,0.13346,198,0.13347,787
1753547112545,16:25:12.545,AERGO/USDT:USDT,0.13345,51,0.13344,110,0.13346,198,0.13347,787
1753547112647,16:25:12.647,AERGO/USDT:USDT,0.13345,51,0.13344,110,0.13346,198,0.13347,529
1753547113049,16:25:13.049,AERGO/USDT:USDT,0.13345,51,0.13344,110,0.13346,198,0.13347,529
1753547113147,16:25:13.147,AERGO/USDT:USDT,0.13345,51,0.13344,110,0.13346,198,0.13347,529
1753547113551,16:25:13.551,AERGO/USDT:USDT,0.13345,51,0.13344,110,0.13346,198,0.13347,529
1753547113651,16:25:13.651,AERGO/USDT:USDT,0.13345,51,0.13344,110,0.13346,198,0.13347,741
1753547113843,16:25:13.843,AERGO/USDT:USDT,0.13345,45,0.13344,101,0.13346,44,0.13347,593
1753547114146,16:25:14.146,AERGO/USDT:USDT,0.13345,45,0.13344,101,0.13346,44,0.13347,593
1753547114549,16:25:14.549,AERGO/USDT:USDT,0.13345,45,0.13344,101,0.13346,44,0.13347,593
1753547114646,16:25:14.646,AERGO/USDT:USDT,0.13345,45,0.13344,114,0.13346,44,0.13347,733
1753547115049,16:25:15.049,AERGO/USDT:USDT,0.13345,45,0.13344,114,0.13346,44,0.13347,733
1753547115147,16:25:15.147,AERGO/USDT:USDT,0.13345,45,0.13344,101,0.13346,44,0.13347,593
1753547115549,16:25:15.549,AERGO/USDT:USDT,0.13345,45,0.13344,101,0.13346,44,0.13347,593
1753547115647,16:25:15.647,AERGO/USDT:USDT,0.13345,45,0.13344,101,0.13346,44,0.13347,971
1753547116050,16:25:16.050,AERGO/USDT:USDT,0.13345,45,0.13344,101,0.13346,44,0.13347,971
1753547116147,16:25:16.147,AERGO/USDT:USDT,0.13345,45,0.13344,140,0.13346,44,0.13347,750
1753547116551,16:25:16.551,AERGO/USDT:USDT,0.13345,45,0.13344,140,0.13346,44,0.13347,750
1753547116647,16:25:16.647,AERGO/USDT:USDT,0.13345,45,0.13344,101,0.13346,44,0.13347,873
1753547117052,16:25:17.052,AERGO/USDT:USDT,0.13345,45,0.13344,101,0.13346,44,0.13347,873
1753547117147,16:25:17.147,AERGO/USDT:USDT,0.13345,45,0.13344,115,0.13346,44,0.13347,790
1753547117551,16:25:17.551,AERGO/USDT:USDT,0.13345,45,0.13344,115,0.13346,44,0.13347,790
1753547117648,16:25:17.648,AERGO/USDT:USDT,0.13345,45,0.13344,115,0.13346,44,0.13347,593
1753547118051,16:25:18.051,AERGO/USDT:USDT,0.13345,45,0.13344,115,0.13346,44,0.13347,593
1753547118149,16:25:18.149,AERGO/USDT:USDT,0.13345,45,0.13344,132,0.13346,44,0.13347,741
1753547118550,16:25:18.550,AERGO/USDT:USDT,0.13345,45,0.13344,132,0.13346,44,0.13347,741
1753547118648,16:25:18.648,AERGO/USDT:USDT,0.13345,45,0.13344,101,0.13346,44,0.13347,687
1753547119049,16:25:19.049,AERGO/USDT:USDT,0.13345,45,0.13344,101,0.13346,44,0.13347,687
1753547119148,16:25:19.148,AERGO/USDT:USDT,0.13345,45,0.13344,101,0.13346,44,0.13347,841
1753547119552,16:25:19.552,AERGO/USDT:USDT,0.13345,45,0.13344,101,0.13346,44,0.13347,593
1753547119647,16:25:19.647,AERGO/USDT:USDT,0.13345,45,0.13344,101,0.13346,44,0.13347,593
1753547119846,16:25:19.846,AERGO/USDT:USDT,0.13344,130,0.13343,116,0.13345,43,0.13346,41
1753547120201,16:25:20.201,AERGO/USDT:USDT,0.13344,130,0.13343,131,0.13345,43,0.13346,58
1753547120604,16:25:20.604,AERGO/USDT:USDT,0.13344,130,0.13343,131,0.13345,43,0.13346,41
1753547120704,16:25:20.704,AERGO/USDT:USDT,0.13344,130,0.13343,156,0.13345,43,0.13346,41
1753547121104,16:25:21.104,AERGO/USDT:USDT,0.13344,130,0.13343,156,0.13345,43,0.13346,41
1753547121202,16:25:21.202,AERGO/USDT:USDT,0.13344,130,0.13343,116,0.13345,43,0.13346,41
1753547121602,16:25:21.602,AERGO/USDT:USDT,0.13344,130,0.13343,116,0.13345,43,0.13346,41
1753547121701,16:25:21.701,AERGO/USDT:USDT,0.13344,130,0.13343,116,0.13345,43,0.13346,76
1753547122103,16:25:22.103,AERGO/USDT:USDT,0.13344,130,0.13343,116,0.13345,43,0.13346,76
1753547122200,16:25:22.200,AERGO/USDT:USDT,0.13344,130,0.13343,169,0.13345,43,0.13346,41
1753547122409,16:25:22.409,AERGO/USDT:USDT,0.13344,130,0.13343,169,0.13345,43,0.13346,41
1753547122701,16:25:22.701,AERGO/USDT:USDT,0.13344,130,0.13343,116,0.13345,43,0.13346,60
1753547123106,16:25:23.106,AERGO/USDT:USDT,0.13344,130,0.13343,116,0.13345,43,0.13346,41
1753547123203,16:25:23.203,AERGO/USDT:USDT,0.13344,130,0.13343,159,0.13345,43,0.13346,41
1753547123604,16:25:23.604,AERGO/USDT:USDT,0.13344,130,0.13343,159,0.13345,43,0.13346,41
1753547123703,16:25:23.703,AERGO/USDT:USDT,0.13344,130,0.13343,116,0.13345,43,0.13346,50
1753547124104,16:25:24.104,AERGO/USDT:USDT,0.13344,130,0.13343,116,0.13345,43,0.13346,50
1753547124201,16:25:24.201,AERGO/USDT:USDT,0.13344,130,0.13343,116,0.13345,43,0.13346,41
1753547124605,16:25:24.605,AERGO/USDT:USDT,0.13344,130,0.13343,116,0.13345,43,0.13346,41
1753547124702,16:25:24.702,AERGO/USDT:USDT,0.13344,130,0.13343,116,0.13345,43,0.13346,41
1753547125106,16:25:25.106,AERGO/USDT:USDT,0.13344,130,0.13343,116,0.13345,43,0.13346,41
1753547125201,16:25:25.201,AERGO/USDT:USDT,0.13344,130,0.13343,116,0.13345,43,0.13346,41
1753547125606,16:25:25.606,AERGO/USDT:USDT,0.13344,130,0.13343,116,0.13345,43,0.13346,41
1753547125703,16:25:25.703,AERGO/USDT:USDT,0.13344,130,0.13343,168,0.13345,43,0.13346,41
1753547125851,16:25:25.851,AERGO/USDT:USDT,0.13339,109,0.13338,131,0.1334,55,0.13341,1034
1753547126204,16:25:26.204,AERGO/USDT:USDT,0.13339,109,0.13338,176,0.1334,55,0.13341,1034
1753547126605,16:25:26.605,AERGO/USDT:USDT,0.13339,109,0.13338,176,0.1334,55,0.13341,1034
1753547126703,16:25:26.703,AERGO/USDT:USDT,0.13339,109,0.13338,171,0.1334,55,0.13341,1034
1753547127106,16:25:27.106,AERGO/USDT:USDT,0.13339,109,0.13338,171,0.1334,55,0.13341,1034
1753547127202,16:25:27.202,AERGO/USDT:USDT,0.13339,109,0.13338,131,0.1334,55,0.13341,1034
1753547127605,16:25:27.605,AERGO/USDT:USDT,0.13339,109,0.13338,131,0.1334,55,0.13341,1034
1753547127703,16:25:27.703,AERGO/USDT:USDT,0.13339,109,0.13338,195,0.1334,55,0.13341,1417
1753547128108,16:25:28.108,AERGO/USDT:USDT,0.13339,109,0.13338,131,0.1334,55,0.13341,1417
1753547128205,16:25:28.205,AERGO/USDT:USDT,0.13339,109,0.13338,190,0.1334,55,0.13341,1264
1753547128411,16:25:28.411,AERGO/USDT:USDT,0.13339,109,0.13338,190,0.1334,55,0.13341,1264
1753547128705,16:25:28.705,AERGO/USDT:USDT,0.13339,109,0.13338,131,0.1334,55,0.13341,1034
1753547129107,16:25:29.107,AERGO/USDT:USDT,0.13339,109,0.13338,131,0.1334,55,0.13341,1034
1753547129204,16:25:29.204,AERGO/USDT:USDT,0.13339,109,0.13338,155,0.1334,55,0.13341,1444
1753547129607,16:25:29.607,AERGO/USDT:USDT,0.13339,109,0.13338,155,0.1334,55,0.13341,1444
1753547129704,16:25:29.704,AERGO/USDT:USDT,0.13339,109,0.13338,131,0.1334,55,0.13341,1034
1753547130107,16:25:30.107,AERGO/USDT:USDT,0.13339,109,0.13338,131,0.1334,55,0.13341,1034
1753547130205,16:25:30.205,AERGO/USDT:USDT,0.13339,109,0.13338,131,0.1334,55,0.13341,1291
1753547130609,16:25:30.609,AERGO/USDT:USDT,0.13339,109,0.13338,131,0.1334,55,0.13341,1291
1753547130705,16:25:30.705,AERGO/USDT:USDT,0.13339,109,0.13338,194,0.1334,55,0.13341,1034
1753547131107,16:25:31.107,AERGO/USDT:USDT,0.13339,109,0.13338,194,0.1334,55,0.13341,1034
1753547131206,16:25:31.206,AERGO/USDT:USDT,0.13339,109,0.13338,131,0.1334,55,0.13341,1340
1753547131608,16:25:31.608,AERGO/USDT:USDT,0.13339,109,0.13338,131,0.1334,55,0.13341,1034
1753547131706,16:25:31.706,AERGO/USDT:USDT,0.13339,109,0.13338,184,0.1334,55,0.13341,1034
1753547131853,16:25:31.853,AERGO/USDT:USDT,0.13339,103,0.13338,94,0.1334,1116,0.13341,44
1753547132206,16:25:32.206,AERGO/USDT:USDT,0.13339,103,0.13338,123,0.1334,1116,0.13341,44
1753547132614,16:25:32.614,AERGO/USDT:USDT,0.13339,103,0.13338,123,0.1334,1116,0.13341,44
1753547132706,16:25:32.706,AERGO/USDT:USDT,0.13339,103,0.13338,94,0.1334,1116,0.13341,44
1753547133108,16:25:33.108,AERGO/USDT:USDT,0.13339,103,0.13338,94,0.1334,1116,0.13341,44
1753547133207,16:25:33.207,AERGO/USDT:USDT,0.13339,103,0.13338,94,0.1334,1116,0.13341,44
1753547133608,16:25:33.608,AERGO/USDT:USDT,0.13339,103,0.13338,94,0.1334,1116,0.13341,44
1753547133705,16:25:33.705,AERGO/USDT:USDT,0.13339,103,0.13338,110,0.1334,1116,0.13341,44
1753547134109,16:25:34.109,AERGO/USDT:USDT,0.13339,103,0.13338,110,0.1334,1116,0.13341,44
1753547134205,16:25:34.205,AERGO/USDT:USDT,0.13339,103,0.13338,107,0.1334,1116,0.13341,70
1753547134415,16:25:34.415,AERGO/USDT:USDT,0.13339,103,0.13338,107,0.1334,1116,0.13341,70
1753547134706,16:25:34.706,AERGO/USDT:USDT,0.13339,103,0.13338,94,0.1334,1116,0.13341,53
1753547135109,16:25:35.109,AERGO/USDT:USDT,0.13339,103,0.13338,94,0.1334,1116,0.13341,53
1753547135208,16:25:35.208,AERGO/USDT:USDT,0.13339,103,0.13338,94,0.1334,1116,0.13341,44
1753547135608,16:25:35.608,AERGO/USDT:USDT,0.13339,103,0.13338,94,0.1334,1116,0.13341,44
1753547135707,16:25:35.707,AERGO/USDT:USDT,0.13339,103,0.13338,94,0.1334,1116,0.13341,60
1753547136108,16:25:36.108,AERGO/USDT:USDT,0.13339,103,0.13338,94,0.1334,1116,0.13341,60
1753547136207,16:25:36.207,AERGO/USDT:USDT,0.13339,103,0.13338,104,0.1334,1116,0.13341,44
1753547136608,16:25:36.608,AERGO/USDT:USDT,0.13339,103,0.13338,104,0.1334,1116,0.13341,44
1753547136708,16:25:36.708,AERGO/USDT:USDT,0.13339,103,0.13338,94,0.1334,1116,0.13341,59
1753547137110,16:25:37.110,AERGO/USDT:USDT,0.13339,103,0.13338,94,0.1334,1116,0.13341,59
1753547137207,16:25:37.207,AERGO/USDT:USDT,0.13339,103,0.13338,146,0.1334,1116,0.13341,44
1753547137610,16:25:37.610,AERGO/USDT:USDT,0.13339,103,0.13338,107,0.1334,1116,0.13341,44
1753547137707,16:25:37.707,AERGO/USDT:USDT,0.13339,103,0.13338,114,0.1334,1116,0.13341,44
1753547137848,16:25:37.848,AERGO/USDT:USDT,0.13339,121,0.13338,118,0.1334,1227,0.13341,120
1753547138209,16:25:38.209,AERGO/USDT:USDT,0.13339,121,0.13338,148,0.1334,1227,0.13341,133
1753547138611,16:25:38.611,AERGO/USDT:USDT,0.13339,121,0.13338,148,0.1334,1227,0.13341,120
1753547138708,16:25:38.708,AERGO/USDT:USDT,0.13339,121,0.13338,118,0.1334,1227,0.13341,120
1753547139111,16:25:39.111,AERGO/USDT:USDT,0.13339,121,0.13338,118,0.1334,1227,0.13341,120
1753547139209,16:25:39.209,AERGO/USDT:USDT,0.13339,121,0.13338,118,0.1334,1227,0.13341,120
1753547139611,16:25:39.611,AERGO/USDT:USDT,0.13339,121,0.13338,118,0.1334,1227,0.13341,120
1753547139710,16:25:39.710,AERGO/USDT:USDT,0.13339,121,0.13338,118,0.1334,1227,0.13341,120
1753547140113,16:25:40.113,AERGO/USDT:USDT,0.13339,121,0.13338,118,0.1334,1227,0.13341,120
1753547140210,16:25:40.210,AERGO/USDT:USDT,0.13339,121,0.13338,157,0.1334,1227,0.13341,144
1753547140416,16:25:40.416,AERGO/USDT:USDT,0.13339,121,0.13338,157,0.1334,1227,0.13341,144
1753547140710,16:25:40.710,AERGO/USDT:USDT,0.13339,121,0.13338,150,0.1334,1227,0.13341,120
1753547141113,16:25:41.113,AERGO/USDT:USDT,0.13339,121,0.13338,150,0.1334,1227,0.13341,120
1753547141211,16:25:41.211,AERGO/USDT:USDT,0.13339,121,0.13338,148,0.1334,1227,0.13341,157
1753547141614,16:25:41.614,AERGO/USDT:USDT,0.13339,121,0.13338,148,0.1334,1227,0.13341,120
1753547141711,16:25:41.711,AERGO/USDT:USDT,0.13339,121,0.13338,118,0.1334,1227,0.13341,166
1753547142113,16:25:42.113,AERGO/USDT:USDT,0.13339,121,0.13338,118,0.1334,1227,0.13341,166
1753547142211,16:25:42.211,AERGO/USDT:USDT,0.13339,121,0.13338,139,0.1334,1227,0.13341,120
1753547142614,16:25:42.614,AERGO/USDT:USDT,0.13339,121,0.13338,139,0.1334,1227,0.13341,120
1753547142712,16:25:42.712,AERGO/USDT:USDT,0.13339,121,0.13338,118,0.1334,1227,0.13341,164
1753547143115,16:25:43.115,AERGO/USDT:USDT,0.13339,121,0.13338,118,0.1334,1227,0.13341,164
1753547143210,16:25:43.210,AERGO/USDT:USDT,0.13339,121,0.13338,118,0.1334,1227,0.13341,120
1753547143615,16:25:43.615,AERGO/USDT:USDT,0.13339,121,0.13338,118,0.1334,1227,0.13341,120
1753547143712,16:25:43.712,AERGO/USDT:USDT,0.13339,121,0.13338,118,0.1334,1227,0.13341,170
1753547143852,16:25:43.852,AERGO/USDT:USDT,0.13339,117,0.13338,132,0.1334,1079,0.13341,92
1753547144213,16:25:44.213,AERGO/USDT:USDT,0.13339,117,0.13338,132,0.1334,1079,0.13341,92
1753547144615,16:25:44.615,AERGO/USDT:USDT,0.13339,117,0.13338,132,0.1334,1079,0.13341,92
1753547144713,16:25:44.713,AERGO/USDT:USDT,0.13339,117,0.13338,132,0.1334,1079,0.13341,92
1753547145117,16:25:45.117,AERGO/USDT:USDT,0.13339,117,0.13338,132,0.1334,1079,0.13341,92
1753547145214,16:25:45.214,AERGO/USDT:USDT,0.13339,117,0.13338,152,0.1334,1079,0.13341,92
1753547145615,16:25:45.615,AERGO/USDT:USDT,0.13339,117,0.13338,152,0.1334,1079,0.13341,92
1753547145715,16:25:45.715,AERGO/USDT:USDT,0.13339,117,0.13338,188,0.1334,1079,0.13341,167
1753547146114,16:25:46.114,AERGO/USDT:USDT,0.13339,117,0.13338,188,0.1334,1079,0.13341,131
1753547146214,16:25:46.214,AERGO/USDT:USDT,0.13339,117,0.13338,192,0.1334,1079,0.13341,92
1753547146419,16:25:46.419,AERGO/USDT:USDT,0.13339,117,0.13338,192,0.1334,1079,0.13341,92
1753547146715,16:25:46.715,AERGO/USDT:USDT,0.13339,117,0.13338,132,0.1334,1079,0.13341,92
1753547147118,16:25:47.118,AERGO/USDT:USDT,0.13339,117,0.13338,132,0.1334,1079,0.13341,92
1753547147215,16:25:47.215,AERGO/USDT:USDT,0.13339,117,0.13338,132,0.1334,1079,0.13341,92
1753547147616,16:25:47.616,AERGO/USDT:USDT,0.13339,117,0.13338,132,0.1334,1079,0.13341,92
1753547147715,16:25:47.715,AERGO/USDT:USDT,0.13339,117,0.13338,156,0.1334,1079,0.13341,92
1753547148117,16:25:48.117,AERGO/USDT:USDT,0.13339,117,0.13338,132,0.1334,1079,0.13341,92
1753547148213,16:25:48.213,AERGO/USDT:USDT,0.13339,117,0.13338,132,0.1334,1079,0.13341,92
1753547148616,16:25:48.616,AERGO/USDT:USDT,0.13339,117,0.13338,132,0.1334,1079,0.13341,92
1753547148715,16:25:48.715,AERGO/USDT:USDT,0.13339,117,0.13338,151,0.1334,1079,0.13341,105
1753547149116,16:25:49.116,AERGO/USDT:USDT,0.13339,117,0.13338,151,0.1334,1079,0.13341,105
1753547149215,16:25:49.215,AERGO/USDT:USDT,0.13339,117,0.13338,132,0.1334,1079,0.13341,92
1753547149616,16:25:49.616,AERGO/USDT:USDT,0.13339,117,0.13338,132,0.1334,1079,0.13341,92
1753547149716,16:25:49.716,AERGO/USDT:USDT,0.13339,117,0.13338,166,0.1334,1079,0.13341,147
1753547149853,16:25:49.853,AERGO/USDT:USDT,0.13342,98,0.13341,514,0.13343,1360,0.13344,154
1753547150213,16:25:50.213,AERGO/USDT:USDT,0.13342,98,0.13341,514,0.13343,1360,0.13344,213
1753547150620,16:25:50.620,AERGO/USDT:USDT,0.13342,98,0.13341,514,0.13343,1360,0.13344,154
1753547150715,16:25:50.715,AERGO/USDT:USDT,0.13342,98,0.13341,514,0.13343,1360,0.13344,200
1753547151118,16:25:51.118,AERGO/USDT:USDT,0.13342,98,0.13341,514,0.13343,1360,0.13344,154
1753547151216,16:25:51.216,AERGO/USDT:USDT,0.13342,98,0.13341,654,0.13343,1360,0.13344,154
1753547151620,16:25:51.620,AERGO/USDT:USDT,0.13342,98,0.13341,654,0.13343,1360,0.13344,154
1753547151717,16:25:51.717,AERGO/USDT:USDT,0.13342,98,0.13341,514,0.13343,1360,0.13344,154
1753547152116,16:25:52.116,AERGO/USDT:USDT,0.13342,98,0.13341,514,0.13343,1360,0.13344,154
1753547152216,16:25:52.216,AERGO/USDT:USDT,0.13342,98,0.13341,514,0.13343,1360,0.13344,154
1753547152422,16:25:52.422,AERGO/USDT:USDT,0.13342,98,0.13341,514,0.13343,1360,0.13344,154
1753547152717,16:25:52.717,AERGO/USDT:USDT,0.13342,98,0.13341,770,0.13343,1360,0.13344,170
1753547153118,16:25:53.118,AERGO/USDT:USDT,0.13342,98,0.13341,710,0.13343,1360,0.13344,170
1753547153216,16:25:53.216,AERGO/USDT:USDT,0.13342,98,0.13341,514,0.13343,1360,0.13344,154
1753547153620,16:25:53.620,AERGO/USDT:USDT,0.13342,98,0.13341,514,0.13343,1360,0.13344,154
1753547153719,16:25:53.719,AERGO/USDT:USDT,0.13342,98,0.13341,514,0.13343,1360,0.13344,154
1753547154120,16:25:54.120,AERGO/USDT:USDT,0.13342,98,0.13341,514,0.13343,1360,0.13344,154
1753547154216,16:25:54.216,AERGO/USDT:USDT,0.13342,98,0.13341,638,0.13343,1360,0.13344,282
1753547154619,16:25:54.619,AERGO/USDT:USDT,0.13342,98,0.13341,638,0.13343,1360,0.13344,282
1753547154721,16:25:54.721,AERGO/USDT:USDT,0.13342,98,0.13341,514,0.13343,1360,0.13344,204
1753547155120,16:25:55.120,AERGO/USDT:USDT,0.13342,98,0.13341,514,0.13343,1360,0.13344,204
1753547155220,16:25:55.220,AERGO/USDT:USDT,0.13342,98,0.13341,514,0.13343,1360,0.13344,191
1753547155621,16:25:55.621,AERGO/USDT:USDT,0.13342,98,0.13341,514,0.13343,1360,0.13344,191
1753547155721,16:25:55.721,AERGO/USDT:USDT,0.13342,98,0.13341,514,0.13343,1360,0.13344,154
1753547155855,16:25:55.855,AERGO/USDT:USDT,0.13342,126,0.13341,451,0.13343,1176,0.13344,191
1753547156221,16:25:56.221,AERGO/USDT:USDT,0.13342,126,0.13341,451,0.13343,1176,0.13344,191
1753547156619,16:25:56.619,AERGO/USDT:USDT,0.13342,126,0.13341,451,0.13343,1176,0.13344,191
1753547156721,16:25:56.721,AERGO/USDT:USDT,0.13342,126,0.13341,605,0.13343,1176,0.13344,191
1753547157120,16:25:57.120,AERGO/USDT:USDT,0.13342,126,0.13341,605,0.13343,1176,0.13344,191
1753547157222,16:25:57.222,AERGO/USDT:USDT,0.13342,126,0.13341,451,0.13343,1176,0.13344,221
1753547157620,16:25:57.620,AERGO/USDT:USDT,0.13342,126,0.13341,451,0.13343,1176,0.13344,221
1753547157721,16:25:57.721,AERGO/USDT:USDT,0.13342,126,0.13341,723,0.13343,1176,0.13344,237
1753547158120,16:25:58.120,AERGO/USDT:USDT,0.13342,126,0.13341,523,0.13343,1176,0.13344,237
1753547158222,16:25:58.222,AERGO/USDT:USDT,0.13342,126,0.13341,451,0.13343,1176,0.13344,191
1753547158620,16:25:58.620,AERGO/USDT:USDT,0.13342,126,0.13341,451,0.13343,1176,0.13344,191
1753547158721,16:25:58.721,AERGO/USDT:USDT,0.13342,126,0.13341,594,0.13343,1176,0.13344,191
1753547159120,16:25:59.120,AERGO/USDT:USDT,0.13342,126,0.13341,594,0.13343,1176,0.13344,191
1753547159223,16:25:59.223,AERGO/USDT:USDT,0.13342,126,0.13341,451,0.13343,1176,0.13344,191
1753547159621,16:25:59.621,AERGO/USDT:USDT,0.13342,126,0.13341,451,0.13343,1176,0.13344,191
1753547159721,16:25:59.721,AERGO/USDT:USDT,0.13342,126,0.13341,451,0.13343,1176,0.13344,191
1753547160122,16:26:00.122,AERGO/USDT:USDT,0.13342,126,0.13341,451,0.13343,1176,0.13344,191
1753547160221,16:26:00.221,AERGO/USDT:USDT,0.13342,126,0.13341,451,0.13343,1176,0.13344,191
1753547160620,16:26:00.620,AERGO/USDT:USDT,0.13342,126,0.13341,451,0.13343,1176,0.13344,191
1753547160721,16:26:00.721,AERGO/USDT:USDT,0.13342,126,0.13341,451,0.13343,1176,0.13344,191
1753547161123,16:26:01.123,AERGO/USDT:USDT,0.13342,126,0.13341,451,0.13343,1176,0.13344,191
1753547161222,16:26:01.222,AERGO/USDT:USDT,0.13342,126,0.13341,591,0.13343,1176,0.13344,236
1753547161623,16:26:01.623,AERGO/USDT:USDT,0.13342,126,0.13341,591,0.13343,1176,0.13344,236
1753547161722,16:26:01.722,AERGO/USDT:USDT,0.13342,126,0.13341,605,0.13343,1176,0.13344,253
1753547161856,16:26:01.856,AERGO/USDT:USDT,0.13341,125,0.1334,94,0.13342,1795,0.13343,55
1753547162221,16:26:02.221,AERGO/USDT:USDT,0.13341,125,0.1334,158,0.13342,1795,0.13343,55
1753547162633,16:26:02.633,AERGO/USDT:USDT,0.13341,125,0.1334,125,0.13342,1795,0.13343,55
1753547162723,16:26:02.723,AERGO/USDT:USDT,0.13341,125,0.1334,94,0.13342,1795,0.13343,62
1753547163121,16:26:03.121,AERGO/USDT:USDT,0.13341,125,0.1334,94,0.13342,1795,0.13343,62
1753547163222,16:26:03.222,AERGO/USDT:USDT,0.13341,125,0.1334,94,0.13342,1795,0.13343,69
1753547163623,16:26:03.623,AERGO/USDT:USDT,0.13341,125,0.1334,94,0.13342,1795,0.13343,69
1753547163722,16:26:03.722,AERGO/USDT:USDT,0.13341,125,0.1334,154,0.13342,1795,0.13343,69
1753547164122,16:26:04.122,AERGO/USDT:USDT,0.13341,125,0.1334,118,0.13342,1795,0.13343,69
1753547164222,16:26:04.222,AERGO/USDT:USDT,0.13341,125,0.1334,133,0.13342,1795,0.13343,55
1753547164621,16:26:04.621,AERGO/USDT:USDT,0.13341,125,0.1334,133,0.13342,1795,0.13343,55
1753547164724,16:26:04.724,AERGO/USDT:USDT,0.13341,125,0.1334,107,0.13342,1795,0.13343,55
1753547165122,16:26:05.122,AERGO/USDT:USDT,0.13341,125,0.1334,107,0.13342,1795,0.13343,55
1753547165225,16:26:05.225,AERGO/USDT:USDT,0.13341,125,0.1334,94,0.13342,1795,0.13343,75
1753547165624,16:26:05.624,AERGO/USDT:USDT,0.13341,125,0.1334,94,0.13342,1795,0.13343,55
1753547165724,16:26:05.724,AERGO/USDT:USDT,0.13341,125,0.1334,103,0.13342,1795,0.13343,64
1753547166122,16:26:06.122,AERGO/USDT:USDT,0.13341,125,0.1334,103,0.13342,1795,0.13343,64
1753547166225,16:26:06.225,AERGO/USDT:USDT,0.13341,125,0.1334,94,0.13342,1795,0.13343,55
1753547166622,16:26:06.622,AERGO/USDT:USDT,0.13341,125,0.1334,94,0.13342,1795,0.13343,55
1753547166722,16:26:06.722,AERGO/USDT:USDT,0.13341,125,0.1334,94,0.13342,1795,0.13343,55
1753547167122,16:26:07.122,AERGO/USDT:USDT,0.13341,125,0.1334,94,0.13342,1795,0.13343,55
1753547167222,16:26:07.222,AERGO/USDT:USDT,0.13341,125,0.1334,94,0.13342,1795,0.13343,60
1753547167624,16:26:07.624,AERGO/USDT:USDT,0.13341,125,0.1334,94,0.13342,1795,0.13343,60
1753547167723,16:26:07.723,AERGO/USDT:USDT,0.13341,125,0.1334,94,0.13342,1795,0.13343,55
1753547167859,16:26:07.859,AERGO/USDT:USDT,0.13342,830,0.13341,113,0.13343,1814,0.13344,53
1753547168223,16:26:08.223,AERGO/USDT:USDT,0.13342,830,0.13341,113,0.13343,1814,0.13344,53
1753547168624,16:26:08.624,AERGO/USDT:USDT,0.13342,830,0.13341,113,0.13343,1814,0.13344,53
1753547168724,16:26:08.724,AERGO/USDT:USDT,0.13342,830,0.13341,113,0.13343,1814,0.13344,53
1753547169123,16:26:09.123,AERGO/USDT:USDT,0.13342,830,0.13341,113,0.13343,1814,0.13344,53
1753547169223,16:26:09.223,AERGO/USDT:USDT,0.13342,830,0.13341,113,0.13343,1814,0.13344,53
1753547169623,16:26:09.623,AERGO/USDT:USDT,0.13342,830,0.13341,113,0.13343,1814,0.13344,53
1753547169724,16:26:09.724,AERGO/USDT:USDT,0.13342,830,0.13341,113,0.13343,1814,0.13344,58
1753547170198,16:26:10.198,AERGO/USDT:USDT,0.13342,830,0.13341,113,0.13343,1814,0.13344,58
1753547170223,16:26:10.223,AERGO/USDT:USDT,0.13342,830,0.13341,113,0.13343,1814,0.13344,59
1753547170625,16:26:10.625,AERGO/USDT:USDT,0.13342,830,0.13341,113,0.13343,1814,0.13344,59
1753547170725,16:26:10.725,AERGO/USDT:USDT,0.13342,830,0.13341,113,0.13343,1814,0.13344,53
1753547171124,16:26:11.124,AERGO/USDT:USDT,0.13342,830,0.13341,113,0.13343,1814,0.13344,53
1753547171226,16:26:11.226,AERGO/USDT:USDT,0.13342,830,0.13341,113,0.13343,1814,0.13344,53
1753547171624,16:26:11.624,AERGO/USDT:USDT,0.13342,830,0.13341,113,0.13343,1814,0.13344,53
1753547171728,16:26:11.728,AERGO/USDT:USDT,0.13342,830,0.13341,113,0.13343,1814,0.13344,53
1753547172125,16:26:12.125,AERGO/USDT:USDT,0.13342,830,0.13341,113,0.13343,1814,0.13344,53
1753547172225,16:26:12.225,AERGO/USDT:USDT,0.13342,830,0.13341,113,0.13343,1814,0.13344,76
1753547172624,16:26:12.624,AERGO/USDT:USDT,0.13342,830,0.13341,113,0.13343,1814,0.13344,76
1753547172728,16:26:12.728,AERGO/USDT:USDT,0.13342,830,0.13341,128,0.13343,1814,0.13344,53
1753547173126,16:26:13.126,AERGO/USDT:USDT,0.13342,830,0.13341,128,0.13343,1814,0.13344,53
1753547173226,16:26:13.226,AERGO/USDT:USDT,0.13342,830,0.13341,113,0.13343,1814,0.13344,53
1753547173628,16:26:13.628,AERGO/USDT:USDT,0.13342,830,0.13341,113,0.13343,1814,0.13344,53
1753547173724,16:26:13.724,AERGO/USDT:USDT,0.13342,830,0.13341,113,0.13343,1814,0.13344,73
1753547173860,16:26:13.860,AERGO/USDT:USDT,0.13342,757,0.13341,121,0.13343,1537,0.13344,48
1753547174225,16:26:14.225,AERGO/USDT:USDT,0.13342,757,0.13341,189,0.13343,1537,0.13344,48
1753547174625,16:26:14.625,AERGO/USDT:USDT,0.13342,757,0.13341,172,0.13343,1537,0.13344,48
1753547174726,16:26:14.726,AERGO/USDT:USDT,0.13342,757,0.13341,137,0.13343,1537,0.13344,48
1753547175125,16:26:15.125,AERGO/USDT:USDT,0.13342,757,0.13341,137,0.13343,1537,0.13344,48
1753547175225,16:26:15.225,AERGO/USDT:USDT,0.13342,757,0.13341,121,0.13343,1537,0.13344,48
1753547175625,16:26:15.625,AERGO/USDT:USDT,0.13342,757,0.13341,121,0.13343,1537,0.13344,48
1753547175725,16:26:15.725,AERGO/USDT:USDT,0.13342,757,0.13341,168,0.13343,1537,0.13344,52
1753547176126,16:26:16.126,AERGO/USDT:USDT,0.13342,757,0.13341,121,0.13343,1537,0.13344,52
1753547176226,16:26:16.226,AERGO/USDT:USDT,0.13342,757,0.13341,169,0.13343,1537,0.13344,48
1753547176626,16:26:16.626,AERGO/USDT:USDT,0.13342,757,0.13341,169,0.13343,1537,0.13344,48
1753547176728,16:26:16.728,AERGO/USDT:USDT,0.13342,757,0.13341,121,0.13343,1537,0.13344,48
1753547177127,16:26:17.127,AERGO/USDT:USDT,0.13342,757,0.13341,121,0.13343,1537,0.13344,48
1753547177228,16:26:17.228,AERGO/USDT:USDT,0.13342,757,0.13341,138,0.13343,1537,0.13344,67
1753547177628,16:26:17.628,AERGO/USDT:USDT,0.13342,757,0.13341,121,0.13343,1537,0.13344,67
1753547177726,16:26:17.726,AERGO/USDT:USDT,0.13342,757,0.13341,135,0.13343,1537,0.13344,48
1753547178125,16:26:18.125,AERGO/USDT:USDT,0.13342,757,0.13341,121,0.13343,1537,0.13344,48
1753547178225,16:26:18.225,AERGO/USDT:USDT,0.13342,757,0.13341,121,0.13343,1537,0.13344,48
1753547178626,16:26:18.626,AERGO/USDT:USDT,0.13342,757,0.13341,121,0.13343,1537,0.13344,48
1753547178727,16:26:18.727,AERGO/USDT:USDT,0.13342,757,0.13341,121,0.13343,1537,0.13344,58
1753547179125,16:26:19.125,AERGO/USDT:USDT,0.13342,757,0.13341,121,0.13343,1537,0.13344,58
1753547179228,16:26:19.228,AERGO/USDT:USDT,0.13342,757,0.13341,121,0.13343,1537,0.13344,48
1753547179626,16:26:19.626,AERGO/USDT:USDT,0.13342,757,0.13341,121,0.13343,1537,0.13344,48
1753547179727,16:26:19.727,AERGO/USDT:USDT,0.13342,757,0.13341,218,0.13343,1537,0.13344,73
1753547179863,16:26:19.863,AERGO/USDT:USDT,0.13342,1152,0.13341,123,0.13343,1825,0.13344,56
1753547180227,16:26:20.227,AERGO/USDT:USDT,0.13342,1152,0.13341,123,0.13343,1825,0.13344,56
1753547180625,16:26:20.625,AERGO/USDT:USDT,0.13342,1152,0.13341,123,0.13343,1825,0.13344,56
1753547180727,16:26:20.727,AERGO/USDT:USDT,0.13342,1152,0.13341,123,0.13343,1825,0.13344,56
1753547181125,16:26:21.125,AERGO/USDT:USDT,0.13342,1152,0.13341,123,0.13343,1825,0.13344,56
1753547181227,16:26:21.227,AERGO/USDT:USDT,0.13342,1152,0.13341,123,0.13343,1825,0.13344,56
1753547181627,16:26:21.627,AERGO/USDT:USDT,0.13342,1152,0.13341,123,0.13343,1825,0.13344,56
1753547181728,16:26:21.728,AERGO/USDT:USDT,0.13342,1152,0.13341,228,0.13343,1825,0.13344,56
1753547182127,16:26:22.127,AERGO/USDT:USDT,0.13342,1152,0.13341,182,0.13343,1825,0.13344,56
