timestamp,time,symbol,bid1_price,bid1_volume,bid2_price,bid2_volume,ask1_price,ask1_volume,ask2_price,ask2_volume
1753546954803,16:22:34.803,ACT/USDT:USDT,0.04588,3621.0,0.04587,13243.0,0.04589,1256.0,0.0459,18354.0
1753546955303,16:22:35.303,ACT/USDT:USDT,0.04588,3621.0,0.04587,13243.0,0.04589,1256.0,0.0459,18354.0
1753546955803,16:22:35.803,ACT/USDT:USDT,0.04588,6012.0,0.04587,18566.0,0.04589,597.0,0.0459,17930.0
1753546955903,16:22:35.903,ACT/USDT:USDT,0.04588,9459.0,0.04587,16868.0,0.04589,91.0,0.0459,17930.0
1753546956203,16:22:36.203,ACT/USDT:USDT,0.04588,7068.0,0.04587,13093.0,0.04589,597.0,0.0459,18366.0
1753546956303,16:22:36.303,ACT/USDT:USDT,0.04588,9239.0,0.04587,13093.0,0.04589,597.0,0.0459,18366.0
1753546956403,16:22:36.403,ACT/USDT:USDT,0.04588,9239.0,0.04587,13093.0,0.04589,597.0,0.0459,17930.0
1753546956503,16:22:36.503,ACT/USDT:USDT,0.04588,7691.0,0.04587,13093.0,0.04589,597.0,0.0459,18366.0
1753546956603,16:22:36.603,ACT/USDT:USDT,0.04588,7691.0,0.04587,13095.0,0.04589,1033.0,0.0459,18366.0
1753546957203,16:22:37.203,ACT/USDT:USDT,0.04588,7691.0,0.04587,13095.0,0.04589,597.0,0.0459,18366.0
1753546957303,16:22:37.303,ACT/USDT:USDT,0.04588,7691.0,0.04587,13095.0,0.04589,597.0,0.0459,17930.0
1753546957603,16:22:37.603,ACT/USDT:USDT,0.04588,10449.0,0.04587,13531.0,0.04589,91.0,0.0459,9747.0
1753546957803,16:22:37.803,ACT/USDT:USDT,0.04588,8901.0,0.04587,13095.0,0.04589,597.0,0.0459,12732.0
1753546958103,16:22:38.103,ACT/USDT:USDT,0.04588,8901.0,0.04587,13095.0,0.04589,597.0,0.0459,13168.0
1753546958203,16:22:38.203,ACT/USDT:USDT,0.04588,8901.0,0.04587,13095.0,0.04589,597.0,0.0459,12732.0
1753546958303,16:22:38.303,ACT/USDT:USDT,0.04588,8901.0,0.04587,13095.0,0.04589,597.0,0.0459,13168.0
1753546959003,16:22:39.003,ACT/USDT:USDT,0.04588,15019.0,0.04587,24407.0,0.04589,91.0,0.0459,9747.0
1753546959103,16:22:39.103,ACT/USDT:USDT,0.04588,15019.0,0.04587,24407.0,0.04589,91.0,0.0459,9747.0
1753546959603,16:22:39.603,ACT/USDT:USDT,0.04588,15019.0,0.04587,24407.0,0.04589,91.0,0.0459,9747.0
1753546960003,16:22:40.003,ACT/USDT:USDT,0.04589,4242.0,0.04588,24428.0,0.0459,3512.0,0.04591,8248.0
1753546960203,16:22:40.203,ACT/USDT:USDT,0.04589,2064.0,0.04588,12347.0,0.0459,20444.0,0.04591,12155.0
1753546960503,16:22:40.503,ACT/USDT:USDT,0.04588,4831.0,0.04587,18338.0,0.04589,2663.0,0.0459,26360.0
1753546960603,16:22:40.603,ACT/USDT:USDT,0.04588,4831.0,0.04587,18338.0,0.04589,2663.0,0.0459,26360.0
1753546960903,16:22:40.903,ACT/USDT:USDT,0.04588,7222.0,0.04587,18107.0,0.04589,4520.0,0.0459,24632.0
1753546961103,16:22:41.103,ACT/USDT:USDT,0.04589,5052.0,0.04588,10693.0,0.0459,20737.0,0.04591,22101.0
1753546961203,16:22:41.203,ACT/USDT:USDT,0.04589,2663.0,0.04588,10693.0,0.0459,20739.0,0.04591,22101.0
1753546961303,16:22:41.303,ACT/USDT:USDT,0.04589,5054.0,0.04588,10694.0,0.0459,20739.0,0.04591,22101.0
1753546961503,16:22:41.503,ACT/USDT:USDT,0.04589,5054.0,0.04588,10694.0,0.0459,20739.0,0.04591,22101.0
1753546962003,16:22:42.003,ACT/USDT:USDT,0.04589,2663.0,0.04588,10694.0,0.0459,20739.0,0.04591,22101.0
1753546962303,16:22:42.303,ACT/USDT:USDT,0.04589,2663.0,0.04588,10694.0,0.0459,21175.0,0.04591,22101.0
1753546962603,16:22:42.603,ACT/USDT:USDT,0.04589,2663.0,0.04588,10694.0,0.0459,21175.0,0.04591,23649.0
1753546963003,16:22:43.003,ACT/USDT:USDT,0.04589,2663.0,0.04588,12294.0,0.0459,20733.0,0.04591,25971.0
1753546963303,16:22:43.303,ACT/USDT:USDT,0.04589,2663.0,0.04588,12294.0,0.0459,21169.0,0.04591,25971.0
1753546963403,16:22:43.403,ACT/USDT:USDT,0.04589,5054.0,0.04588,12294.0,0.0459,20733.0,0.04591,25971.0
1753546963803,16:22:43.803,ACT/USDT:USDT,0.04589,5054.0,0.04588,12294.0,0.0459,20733.0,0.04591,24423.0
1753546963903,16:22:43.903,ACT/USDT:USDT,0.04589,5054.0,0.04588,12294.0,0.0459,20733.0,0.04591,24423.0
1753546964103,16:22:44.103,ACT/USDT:USDT,0.04589,5054.0,0.04588,12294.0,0.0459,20738.0,0.04591,21665.0
1753546965003,16:22:45.003,ACT/USDT:USDT,0.04589,2669.0,0.04588,12294.0,0.0459,20738.0,0.04591,22101.0
1753546965203,16:22:45.203,ACT/USDT:USDT,0.04589,4217.0,0.04588,12730.0,0.0459,18707.0,0.04591,21665.0
1753546965603,16:22:45.603,ACT/USDT:USDT,0.04589,8629.0,0.04588,16068.0,0.0459,16044.0,0.04591,14963.0
1753546966103,16:22:46.103,ACT/USDT:USDT,0.04589,8629.0,0.04588,15632.0,0.0459,16047.0,0.04591,14963.0
1753546966203,16:22:46.203,ACT/USDT:USDT,0.04589,8629.0,0.04588,15632.0,0.0459,16047.0,0.04591,14963.0
1753546966303,16:22:46.303,ACT/USDT:USDT,0.04589,8633.0,0.04588,16068.0,0.0459,16047.0,0.04591,14963.0
1753546966403,16:22:46.403,ACT/USDT:USDT,0.04589,8633.0,0.04588,15632.0,0.0459,16047.0,0.04591,14963.0
1753546966503,16:22:46.503,ACT/USDT:USDT,0.04589,8633.0,0.04588,15632.0,0.0459,16047.0,0.04591,14963.0
1753546966703,16:22:46.703,ACT/USDT:USDT,0.04589,8633.0,0.04588,16068.0,0.0459,16047.0,0.04591,14963.0
1753546967303,16:22:47.303,ACT/USDT:USDT,0.04589,10811.0,0.04588,29108.0,0.0459,16047.0,0.04591,14963.0
1753546967903,16:22:47.903,ACT/USDT:USDT,0.04589,8633.0,0.04588,17798.0,0.0459,16047.0,0.04591,6780.0
1753546968103,16:22:48.103,ACT/USDT:USDT,0.04589,8633.0,0.04588,18234.0,0.0459,16047.0,0.04591,6780.0
1753546968503,16:22:48.503,ACT/USDT:USDT,0.04589,8633.0,0.04588,17798.0,0.0459,16047.0,0.04591,6780.0
1753546969003,16:22:49.003,ACT/USDT:USDT,0.04589,10811.0,0.04588,29108.0,0.0459,16047.0,0.04591,6780.0
1753546969103,16:22:49.103,ACT/USDT:USDT,0.04589,10811.0,0.04588,29108.0,0.0459,16047.0,0.04591,6780.0
1753546969203,16:22:49.203,ACT/USDT:USDT,0.04589,10811.0,0.04588,29108.0,0.0459,16047.0,0.04591,6780.0
1753546969403,16:22:49.403,ACT/USDT:USDT,0.04589,12982.0,0.04588,29108.0,0.0459,16047.0,0.04591,6780.0
1753546969703,16:22:49.703,ACT/USDT:USDT,0.04589,12982.0,0.04588,29108.0,0.0459,16047.0,0.04591,6780.0
1753546969903,16:22:49.903,ACT/USDT:USDT,0.04589,12982.0,0.04588,29108.0,0.0459,16047.0,0.04591,6780.0
1753546970003,16:22:50.003,ACT/USDT:USDT,0.04589,12982.0,0.04588,29108.0,0.0459,16047.0,0.04591,6780.0
1753546970103,16:22:50.103,ACT/USDT:USDT,0.04589,10804.0,0.04588,17798.0,0.0459,16047.0,0.04591,6780.0
1753546970203,16:22:50.203,ACT/USDT:USDT,0.04589,7235.0,0.04588,17798.0,0.0459,16047.0,0.04591,7216.0
1753546970803,16:22:50.803,ACT/USDT:USDT,0.04589,8783.0,0.04588,19529.0,0.0459,16047.0,0.04591,7216.0
1753546970903,16:22:50.903,ACT/USDT:USDT,0.04589,8783.0,0.04588,19529.0,0.0459,16047.0,0.04591,7216.0
1753546971103,16:22:51.103,ACT/USDT:USDT,0.04589,8783.0,0.04588,19529.0,0.0459,16047.0,0.04591,7216.0
1753546971203,16:22:51.203,ACT/USDT:USDT,0.04589,8783.0,0.04588,19529.0,0.0459,16047.0,0.04591,6780.0
1753546971303,16:22:51.303,ACT/USDT:USDT,0.04589,13118.0,0.04588,26930.0,0.0459,16047.0,0.04591,6780.0
1753546971503,16:22:51.503,ACT/USDT:USDT,0.04589,12682.0,0.04588,29108.0,0.0459,16047.0,0.04591,6780.0
1753546971703,16:22:51.703,ACT/USDT:USDT,0.04589,12682.0,0.04588,29108.0,0.0459,16047.0,0.04591,6780.0
1753546971903,16:22:51.903,ACT/USDT:USDT,0.04589,10511.0,0.04588,29108.0,0.0459,16047.0,0.04591,6780.0
1753546972103,16:22:52.103,ACT/USDT:USDT,0.04589,10511.0,0.04588,29110.0,0.0459,16047.0,0.04591,6780.0
1753546972303,16:22:52.303,ACT/USDT:USDT,0.04589,12682.0,0.04588,29110.0,0.0459,16047.0,0.04591,6780.0
1753546972503,16:22:52.503,ACT/USDT:USDT,0.04589,13118.0,0.04588,29110.0,0.0459,12990.0,0.04591,6780.0
1753546972803,16:22:52.803,ACT/USDT:USDT,0.04589,12682.0,0.04588,29110.0,0.0459,12990.0,0.04591,6780.0
1753546972903,16:22:52.903,ACT/USDT:USDT,0.04589,12682.0,0.04588,29110.0,0.0459,12990.0,0.04591,6780.0
1753546973203,16:22:53.203,ACT/USDT:USDT,0.04589,12682.0,0.04588,29110.0,0.0459,12990.0,0.04591,6780.0
1753546973303,16:22:53.303,ACT/USDT:USDT,0.04589,14858.0,0.04588,29110.0,0.0459,12990.0,0.04591,6780.0
1753546973403,16:22:53.403,ACT/USDT:USDT,0.04589,14858.0,0.04588,29110.0,0.0459,12990.0,0.04591,6780.0
1753546973503,16:22:53.503,ACT/USDT:USDT,0.04589,14858.0,0.04588,29110.0,0.0459,12990.0,0.04591,6780.0
1753546973703,16:22:53.703,ACT/USDT:USDT,0.04589,14858.0,0.04588,29110.0,0.0459,12990.0,0.04591,6780.0
1753546974003,16:22:54.003,ACT/USDT:USDT,0.04589,14858.0,0.04588,29110.0,0.0459,12990.0,0.04591,6718.0
1753546974303,16:22:54.303,ACT/USDT:USDT,0.04589,17033.0,0.04588,29110.0,0.0459,12990.0,0.04591,6718.0
1753546974403,16:22:54.403,ACT/USDT:USDT,0.04589,17034.0,0.04588,29110.0,0.0459,12990.0,0.04591,6718.0
1753546974603,16:22:54.603,ACT/USDT:USDT,0.04589,17034.0,0.04588,29110.0,0.0459,12990.0,0.04591,6718.0
1753546974703,16:22:54.703,ACT/USDT:USDT,0.04589,17034.0,0.04588,29110.0,0.0459,12990.0,0.04591,6718.0
1753546974903,16:22:54.903,ACT/USDT:USDT,0.04589,17034.0,0.04588,29110.0,0.0459,12990.0,0.04591,6718.0
1753546975003,16:22:55.003,ACT/USDT:USDT,0.04589,17034.0,0.04588,29110.0,0.0459,12990.0,0.04591,6718.0
1753546975203,16:22:55.203,ACT/USDT:USDT,0.04589,17034.0,0.04588,29110.0,0.0459,12990.0,0.04591,6718.0
1753546975503,16:22:55.503,ACT/USDT:USDT,0.04589,17034.0,0.04588,29110.0,0.0459,12990.0,0.04591,6718.0
1753546975803,16:22:55.803,ACT/USDT:USDT,0.04589,17034.0,0.04588,29111.0,0.0459,12990.0,0.04591,6718.0
1753546975903,16:22:55.903,ACT/USDT:USDT,0.04589,17034.0,0.04588,29111.0,0.0459,12990.0,0.04591,6718.0
1753546976103,16:22:56.103,ACT/USDT:USDT,0.04589,17034.0,0.04588,29111.0,0.0459,12989.0,0.04591,6718.0
1753546977003,16:22:57.003,ACT/USDT:USDT,0.04589,17034.0,0.04588,28675.0,0.0459,12989.0,0.04591,6718.0
1753546977203,16:22:57.203,ACT/USDT:USDT,0.04589,17034.0,0.04588,31289.0,0.0459,12989.0,0.04591,6718.0
1753546977503,16:22:57.503,ACT/USDT:USDT,0.04589,17034.0,0.04588,30853.0,0.0459,12989.0,0.04591,6718.0
1753546977803,16:22:57.803,ACT/USDT:USDT,0.04589,17034.0,0.04588,31289.0,0.0459,12989.0,0.04591,6718.0
1753546977903,16:22:57.903,ACT/USDT:USDT,0.04589,17034.0,0.04588,30853.0,0.0459,12989.0,0.04591,6718.0
1753546978003,16:22:58.003,ACT/USDT:USDT,0.04589,17034.0,0.04588,31289.0,0.0459,12989.0,0.04591,6718.0
1753546978103,16:22:58.103,ACT/USDT:USDT,0.04589,17034.0,0.04588,31289.0,0.0459,12983.0,0.04591,6718.0
1753546978503,16:22:58.503,ACT/USDT:USDT,0.04589,17034.0,0.04588,30853.0,0.0459,12986.0,0.04591,7154.0
1753546978903,16:22:58.903,ACT/USDT:USDT,0.04589,17034.0,0.04588,30853.0,0.0459,12986.0,0.04591,7154.0
1753546979303,16:22:59.303,ACT/USDT:USDT,0.04589,17034.0,0.04588,30853.0,0.0459,12986.0,0.04591,7154.0
1753546979403,16:22:59.403,ACT/USDT:USDT,0.04589,17034.0,0.04588,30853.0,0.0459,12986.0,0.04591,7154.0
1753546979603,16:22:59.603,ACT/USDT:USDT,0.04589,17053.0,0.04588,31289.0,0.0459,12986.0,0.04591,6718.0
1753546979903,16:22:59.903,ACT/USDT:USDT,0.04589,17053.0,0.04588,31289.0,0.0459,12976.0,0.04591,6714.0
1753546980003,16:23:00.003,ACT/USDT:USDT,0.04589,17053.0,0.04588,31289.0,0.0459,10839.0,0.04591,6714.0
1753546980103,16:23:00.103,ACT/USDT:USDT,0.04589,17053.0,0.04588,31289.0,0.0459,10839.0,0.04591,6714.0
1753546980703,16:23:00.703,ACT/USDT:USDT,0.04589,17043.0,0.04588,30853.0,0.0459,10839.0,0.04591,7150.0
1753546981203,16:23:01.203,ACT/USDT:USDT,0.04589,17315.0,0.04588,29305.0,0.0459,10839.0,0.04591,7215.0
1753546981403,16:23:01.403,ACT/USDT:USDT,0.04589,14652.0,0.04588,29305.0,0.0459,11275.0,0.04591,7215.0
1753546981503,16:23:01.503,ACT/USDT:USDT,0.04589,17315.0,0.04588,29305.0,0.0459,10839.0,0.04591,7215.0
1753546981703,16:23:01.703,ACT/USDT:USDT,0.04589,17315.0,0.04588,29305.0,0.0459,10839.0,0.04591,7215.0
1753546982103,16:23:02.103,ACT/USDT:USDT,0.04587,9839.0,0.04586,20995.0,0.04589,10525.0,0.0459,27289.0
1753546982303,16:23:02.303,ACT/USDT:USDT,0.04587,6198.0,0.04586,28372.0,0.04588,2661.0,0.04589,11820.0
1753546982603,16:23:02.603,ACT/USDT:USDT,0.04587,6414.0,0.04586,31459.0,0.04588,2663.0,0.04589,18282.0
1753546983603,16:23:03.603,ACT/USDT:USDT,0.04587,1733.0,0.04586,20622.0,0.04588,2823.0,0.04589,18282.0
1753546983703,16:23:03.703,ACT/USDT:USDT,0.04587,2636.0,0.04586,22485.0,0.04588,2823.0,0.04589,18282.0
1753546983803,16:23:03.803,ACT/USDT:USDT,0.04587,2636.0,0.04586,22485.0,0.04588,2823.0,0.04589,16734.0
1753546984503,16:23:04.503,ACT/USDT:USDT,0.04587,4341.0,0.04586,22859.0,0.04588,2823.0,0.04589,17170.0
1753546984903,16:23:04.903,ACT/USDT:USDT,0.04587,4341.0,0.04586,17184.0,0.04588,2823.0,0.04589,17170.0
1753546985103,16:23:05.103,ACT/USDT:USDT,0.04587,4341.0,0.04586,20847.0,0.04588,2823.0,0.04589,16734.0
1753546985503,16:23:05.503,ACT/USDT:USDT,0.04587,4349.0,0.04586,20847.0,0.04588,2823.0,0.04589,17170.0
1753546985603,16:23:05.603,ACT/USDT:USDT,0.04587,4349.0,0.04586,15172.0,0.04588,2823.0,0.04589,18718.0
1753546985903,16:23:05.903,ACT/USDT:USDT,0.04587,2618.0,0.04586,13846.0,0.04588,2823.0,0.04589,18720.0
1753546986003,16:23:06.003,ACT/USDT:USDT,0.04587,2618.0,0.04586,15394.0,0.04588,2823.0,0.04589,17172.0
1753546986203,16:23:06.203,ACT/USDT:USDT,0.04587,5279.0,0.04586,17992.0,0.04588,162.0,0.04589,14075.0
1753546986503,16:23:06.503,ACT/USDT:USDT,0.04588,8621.0,0.04587,12354.0,0.04589,2.0,0.0459,16979.0
1753546986703,16:23:06.703,ACT/USDT:USDT,0.04589,6874.0,0.04588,13803.0,0.0459,10841.0,0.04591,20188.0
1753546986803,16:23:06.803,ACT/USDT:USDT,0.04589,6874.0,0.04588,13804.0,0.0459,10841.0,0.04591,20188.0
1753546987003,16:23:07.003,ACT/USDT:USDT,0.04589,6874.0,0.04588,13804.0,0.0459,10841.0,0.04591,20188.0
1753546987103,16:23:07.103,ACT/USDT:USDT,0.04589,6874.0,0.04588,13368.0,0.0459,10841.0,0.04591,20188.0
1753546988303,16:23:08.303,ACT/USDT:USDT,0.04589,8941.0,0.04588,13620.0,0.0459,10841.0,0.04591,10577.0
1753546988403,16:23:08.403,ACT/USDT:USDT,0.04589,8941.0,0.04588,13620.0,0.0459,10840.0,0.04591,8255.0
1753546988503,16:23:08.503,ACT/USDT:USDT,0.04589,6278.0,0.04588,11459.0,0.0459,10842.0,0.04591,8255.0
1753546988603,16:23:08.603,ACT/USDT:USDT,0.04589,8941.0,0.04588,11459.0,0.0459,10842.0,0.04591,8255.0
1753546989303,16:23:09.303,ACT/USDT:USDT,0.04589,8941.0,0.04588,13620.0,0.0459,10842.0,0.04591,8255.0
1753546989603,16:23:09.603,ACT/USDT:USDT,0.04589,6278.0,0.04588,13620.0,0.0459,10842.0,0.04591,8691.0
1753546989703,16:23:09.703,ACT/USDT:USDT,0.04589,6278.0,0.04588,11459.0,0.0459,10842.0,0.04591,8691.0
1753546990403,16:23:10.403,ACT/USDT:USDT,0.04589,8941.0,0.04588,13620.0,0.0459,10844.0,0.04591,8255.0
1753546990503,16:23:10.503,ACT/USDT:USDT,0.04589,8941.0,0.04588,13620.0,0.0459,10846.0,0.04591,8691.0
1753546990803,16:23:10.803,ACT/USDT:USDT,0.04589,8941.0,0.04588,13620.0,0.0459,10846.0,0.04591,8691.0
1753546990903,16:23:10.903,ACT/USDT:USDT,0.04589,8941.0,0.04588,13620.0,0.0459,10846.0,0.04591,8255.0
1753546991003,16:23:11.003,ACT/USDT:USDT,0.04589,8941.0,0.04588,13620.0,0.0459,10846.0,0.04591,8691.0
1753546991503,16:23:11.503,ACT/USDT:USDT,0.0459,2661.0,0.04589,8941.0,0.04591,4805.0,0.04592,19807.0
1753546991703,16:23:11.703,ACT/USDT:USDT,0.0459,16363.0,0.04589,14343.0,0.04591,208.0,0.04592,8697.0
1753546992203,16:23:12.203,ACT/USDT:USDT,0.0459,16363.0,0.04589,27182.0,0.04591,208.0,0.04592,8697.0
1753546992503,16:23:12.503,ACT/USDT:USDT,0.0459,16363.0,0.04589,27673.0,0.04591,208.0,0.04592,8697.0
1753546992903,16:23:12.903,ACT/USDT:USDT,0.0459,15927.0,0.04589,27673.0,0.04591,208.0,0.04592,8697.0
1753546993103,16:23:13.103,ACT/USDT:USDT,0.0459,16363.0,0.04589,27673.0,0.04591,208.0,0.04592,8697.0
1753546993403,16:23:13.403,ACT/USDT:USDT,0.04591,8642.0,0.0459,22785.0,0.04592,8106.0,0.04593,17769.0
1753546993503,16:23:13.503,ACT/USDT:USDT,0.04591,4433.0,0.0459,22785.0,0.04592,3668.0,0.04593,17769.0
1753546993803,16:23:13.803,ACT/USDT:USDT,0.04591,4433.0,0.0459,24249.0,0.04592,3670.0,0.04593,17769.0
1753546994003,16:23:14.003,ACT/USDT:USDT,0.04591,4431.0,0.0459,24249.0,0.04592,216.0,0.04593,17769.0
1753546994203,16:23:14.203,ACT/USDT:USDT,0.04591,4433.0,0.0459,24249.0,0.04592,2344.0,0.04593,17769.0
1753546994403,16:23:14.403,ACT/USDT:USDT,0.04591,4433.0,0.0459,22072.0,0.04592,217.0,0.04593,17769.0
1753546994703,16:23:14.703,ACT/USDT:USDT,0.04591,4433.0,0.0459,22072.0,0.04592,217.0,0.04593,17769.0
1753546995203,16:23:15.203,ACT/USDT:USDT,0.04591,4433.0,0.0459,15961.0,0.04592,217.0,0.04593,16268.0
1753546995303,16:23:15.303,ACT/USDT:USDT,0.04591,4433.0,0.0459,22072.0,0.04592,217.0,0.04593,14720.0
1753546995903,16:23:15.903,ACT/USDT:USDT,0.04591,4439.0,0.0459,22072.0,0.04592,2878.0,0.04593,14720.0
1753546996003,16:23:16.003,ACT/USDT:USDT,0.04591,4439.0,0.0459,22072.0,0.04592,2878.0,0.04593,14720.0
1753546996203,16:23:16.203,ACT/USDT:USDT,0.04591,4439.0,0.0459,22072.0,0.04592,2878.0,0.04593,14720.0
1753546996303,16:23:16.303,ACT/USDT:USDT,0.04591,4439.0,0.0459,20196.0,0.04592,2878.0,0.04593,14720.0
1753546996403,16:23:16.403,ACT/USDT:USDT,0.04591,4439.0,0.0459,20196.0,0.04592,2878.0,0.04593,16268.0
1753546996603,16:23:16.603,ACT/USDT:USDT,0.04591,9.0,0.0459,13812.0,0.04592,5485.0,0.04593,18881.0
1753546997003,16:23:17.003,ACT/USDT:USDT,0.04591,2672.0,0.0459,21613.0,0.04592,2878.0,0.04593,14720.0
1753546997203,16:23:17.203,ACT/USDT:USDT,0.04591,5333.0,0.0459,26418.0,0.04592,2343.0,0.04593,9586.0
1753546997403,16:23:17.403,ACT/USDT:USDT,0.04591,2672.0,0.0459,26418.0,0.04592,2345.0,0.04593,9586.0
1753546997903,16:23:17.903,ACT/USDT:USDT,0.04591,2672.0,0.0459,26418.0,0.04592,2345.0,0.04593,11134.0
1753546998203,16:23:18.203,ACT/USDT:USDT,0.04591,2672.0,0.0459,20743.0,0.04592,2345.0,0.04593,11134.0
1753546998403,16:23:18.403,ACT/USDT:USDT,0.04591,2672.0,0.0459,26418.0,0.04592,2345.0,0.04593,16268.0
1753546999003,16:23:19.003,ACT/USDT:USDT,0.04591,2672.0,0.0459,26418.0,0.04592,2345.0,0.04593,14720.0
1753546999603,16:23:19.603,ACT/USDT:USDT,0.04591,2672.0,0.0459,26418.0,0.04592,217.0,0.04593,14720.0
1753547000103,16:23:20.103,ACT/USDT:USDT,0.04591,2672.0,0.0459,20307.0,0.04592,2345.0,0.04593,16704.0
1753547000303,16:23:20.303,ACT/USDT:USDT,0.04591,2672.0,0.0459,24434.0,0.04592,2345.0,0.04593,16268.0
1753547000803,16:23:20.803,ACT/USDT:USDT,0.04591,2675.0,0.0459,20307.0,0.04592,2345.0,0.04593,11134.0
1753547001903,16:23:21.903,ACT/USDT:USDT,0.04591,2675.0,0.0459,22244.0,0.04592,2345.0,0.04593,11134.0
1753547002003,16:23:22.003,ACT/USDT:USDT,0.04591,2675.0,0.0459,22244.0,0.04592,2345.0,0.04593,11134.0
1753547002303,16:23:22.303,ACT/USDT:USDT,0.04591,2675.0,0.0459,21808.0,0.04592,2345.0,0.04593,11134.0
1753547003303,16:23:23.303,ACT/USDT:USDT,0.04591,2675.0,0.0459,22244.0,0.04592,2345.0,0.04593,9586.0
1753547003703,16:23:23.703,ACT/USDT:USDT,0.04591,4369.0,0.0459,22714.0,0.04592,1744.0,0.04593,11134.0
1753547003803,16:23:23.803,ACT/USDT:USDT,0.04591,4369.0,0.0459,22714.0,0.04592,1744.0,0.04593,11134.0
1753547003903,16:23:23.903,ACT/USDT:USDT,0.04591,4369.0,0.0459,22278.0,0.04592,1744.0,0.04593,11134.0
1753547004303,16:23:24.303,ACT/USDT:USDT,0.04591,4369.0,0.0459,20554.0,0.04592,1744.0,0.04593,11134.0
1753547004503,16:23:24.503,ACT/USDT:USDT,0.04591,7032.0,0.0459,20554.0,0.04592,1744.0,0.04593,9586.0
1753547006303,16:23:26.303,ACT/USDT:USDT,0.04591,2675.0,0.0459,16277.0,0.04592,3872.0,0.04593,11136.0
1753547006503,16:23:26.503,ACT/USDT:USDT,0.04591,2675.0,0.0459,16713.0,0.04592,3872.0,0.04593,11136.0
1753547006603,16:23:26.603,ACT/USDT:USDT,0.04591,2675.0,0.0459,22388.0,0.04592,3872.0,0.04593,11136.0
1753547006803,16:23:26.803,ACT/USDT:USDT,0.04591,2675.0,0.0459,22388.0,0.04592,1744.0,0.04593,9588.0
1753547007003,16:23:27.003,ACT/USDT:USDT,0.04591,4427.0,0.0459,20554.0,0.04592,1744.0,0.04593,9588.0
1753547007703,16:23:27.703,ACT/USDT:USDT,0.04591,4427.0,0.0459,20554.0,0.04592,1744.0,0.04593,11074.0
1753547007903,16:23:27.903,ACT/USDT:USDT,0.04591,4427.0,0.0459,20554.0,0.04592,1744.0,0.04593,11074.0
1753547008203,16:23:28.203,ACT/USDT:USDT,0.04591,4427.0,0.0459,20554.0,0.04592,1745.0,0.04593,11074.0
1753547008403,16:23:28.403,ACT/USDT:USDT,0.04592,6872.0,0.04591,9073.0,0.04593,2128.0,0.04594,14557.0
1753547008503,16:23:28.503,ACT/USDT:USDT,0.04592,4211.0,0.04591,9073.0,0.04593,2130.0,0.04594,19782.0
1753547008603,16:23:28.603,ACT/USDT:USDT,0.04592,4211.0,0.04591,16270.0,0.04593,2130.0,0.04594,19782.0
1753547009203,16:23:29.203,ACT/USDT:USDT,0.04592,6874.0,0.04591,16270.0,0.04593,2130.0,0.04594,19782.0
1753547009903,16:23:29.903,ACT/USDT:USDT,0.04591,14.0,0.0459,16175.0,0.04592,6816.0,0.04593,28255.0
1753547011003,16:23:31.003,ACT/USDT:USDT,0.04591,2675.0,0.0459,16175.0,0.04592,2663.0,0.04593,9851.0
1753547011203,16:23:31.203,ACT/USDT:USDT,0.04591,2675.0,0.0459,16175.0,0.04592,2663.0,0.04593,13978.0
1753547011403,16:23:31.403,ACT/USDT:USDT,0.04591,2682.0,0.0459,16175.0,0.04592,2655.0,0.04593,9851.0
1753547011903,16:23:31.903,ACT/USDT:USDT,0.04591,2682.0,0.0459,22286.0,0.04592,2655.0,0.04593,9415.0
1753547012003,16:23:32.003,ACT/USDT:USDT,0.04591,2682.0,0.0459,21850.0,0.04592,2655.0,0.04593,9415.0
1753547012203,16:23:32.203,ACT/USDT:USDT,0.04591,2682.0,0.0459,21850.0,0.04592,2655.0,0.04593,9415.0
1753547013103,16:23:33.103,ACT/USDT:USDT,0.04591,2679.0,0.0459,16175.0,0.04592,2658.0,0.04593,9851.0
1753547013203,16:23:33.203,ACT/USDT:USDT,0.04591,2679.0,0.0459,16175.0,0.04592,2658.0,0.04593,9851.0
1753547013303,16:23:33.303,ACT/USDT:USDT,0.04591,2679.0,0.0459,16175.0,0.04592,2658.0,0.04593,9851.0
1753547013603,16:23:33.603,ACT/USDT:USDT,0.04591,18.0,0.0459,16175.0,0.04592,6813.0,0.04593,29216.0
1753547013703,16:23:33.703,ACT/USDT:USDT,0.04591,18.0,0.0459,16175.0,0.04592,6813.0,0.04593,29216.0
1753547014303,16:23:34.303,ACT/USDT:USDT,0.04591,18.0,0.0459,16175.0,0.04592,11171.0,0.04593,37884.0
1753547014503,16:23:34.503,ACT/USDT:USDT,0.04591,18.0,0.0459,16175.0,0.04592,9187.0,0.04593,29412.0
1753547014603,16:23:34.603,ACT/USDT:USDT,0.04591,18.0,0.0459,16175.0,0.04592,9187.0,0.04593,29412.0
1753547014703,16:23:34.703,ACT/USDT:USDT,0.04591,559.0,0.0459,22286.0,0.04592,7016.0,0.04593,13738.0
1753547014803,16:23:34.803,ACT/USDT:USDT,0.04591,559.0,0.0459,22286.0,0.04592,7016.0,0.04593,11583.0
1753547015003,16:23:35.003,ACT/USDT:USDT,0.04591,559.0,0.0459,18159.0,0.04592,7016.0,0.04593,11583.0
1753547015103,16:23:35.103,ACT/USDT:USDT,0.04591,559.0,0.0459,17723.0,0.04592,7016.0,0.04593,15710.0
1753547015303,16:23:35.303,ACT/USDT:USDT,0.04591,559.0,0.0459,18159.0,0.04592,4839.0,0.04593,9415.0
1753547015503,16:23:35.503,ACT/USDT:USDT,0.04591,559.0,0.0459,18159.0,0.04592,4839.0,0.04593,9415.0
1753547015703,16:23:35.703,ACT/USDT:USDT,0.04591,559.0,0.0459,16175.0,0.04592,4839.0,0.04593,13978.0
1753547015903,16:23:35.903,ACT/USDT:USDT,0.04591,559.0,0.0459,22286.0,0.04592,4839.0,0.04593,9415.0
1753547016203,16:23:36.203,ACT/USDT:USDT,0.04591,559.0,0.0459,22286.0,0.04592,4839.0,0.04593,9418.0
1753547016603,16:23:36.603,ACT/USDT:USDT,0.04591,559.0,0.0459,21850.0,0.04592,4839.0,0.04593,9418.0
1753547017203,16:23:37.203,ACT/USDT:USDT,0.04591,18.0,0.0459,16175.0,0.04592,13348.0,0.04593,38096.0
1753547017303,16:23:37.303,ACT/USDT:USDT,0.04591,559.0,0.0459,20302.0,0.04592,4839.0,0.04593,12022.0
1753547017503,16:23:37.503,ACT/USDT:USDT,0.04591,559.0,0.0459,22286.0,0.04592,2662.0,0.04593,12654.0
1753547017903,16:23:37.903,ACT/USDT:USDT,0.04591,559.0,0.0459,13729.0,0.04592,2662.0,0.04593,12654.0
1753547018003,16:23:38.003,ACT/USDT:USDT,0.04591,559.0,0.0459,17420.0,0.04592,2662.0,0.04593,12654.0
1753547018303,16:23:38.303,ACT/USDT:USDT,0.04591,559.0,0.0459,13293.0,0.04592,2662.0,0.04593,12654.0
1753547018403,16:23:38.403,ACT/USDT:USDT,0.04591,559.0,0.0459,11745.0,0.04592,2662.0,0.04593,17217.0
1753547018603,16:23:38.603,ACT/USDT:USDT,0.04591,559.0,0.0459,17420.0,0.04592,2662.0,0.04593,12654.0
1753547019203,16:23:39.203,ACT/USDT:USDT,0.04591,559.0,0.0459,17420.0,0.04592,2662.0,0.04593,12654.0
1753547019603,16:23:39.603,ACT/USDT:USDT,0.04591,559.0,0.0459,17420.0,0.04592,2662.0,0.04593,9415.0
1753547019703,16:23:39.703,ACT/USDT:USDT,0.04591,559.0,0.0459,13293.0,0.04592,2662.0,0.04593,9851.0
1753547019803,16:23:39.803,ACT/USDT:USDT,0.04591,559.0,0.0459,17420.0,0.04592,2662.0,0.04593,12532.0
1753547019903,16:23:39.903,ACT/USDT:USDT,0.04591,559.0,0.0459,17420.0,0.04592,2662.0,0.04593,12532.0
1753547020203,16:23:40.203,ACT/USDT:USDT,0.04591,4505.0,0.0459,17856.0,0.04592,2662.0,0.04593,7867.0
1753547020803,16:23:40.803,ACT/USDT:USDT,0.04591,550.0,0.0459,13293.0,0.04592,2668.0,0.04593,17436.0
1753547021403,16:23:41.403,ACT/USDT:USDT,0.04591,540.0,0.0459,13293.0,0.04592,2668.0,0.04593,17436.0
1753547021903,16:23:41.903,ACT/USDT:USDT,0.04591,540.0,0.0459,13293.0,0.04592,2658.0,0.04593,17436.0
1753547022003,16:23:42.003,ACT/USDT:USDT,0.04591,540.0,0.0459,13293.0,0.04592,2658.0,0.04593,17390.0
1753547022803,16:23:42.803,ACT/USDT:USDT,0.04591,540.0,0.0459,17374.0,0.04592,2658.0,0.04593,11761.0
1753547023303,16:23:43.303,ACT/USDT:USDT,0.04591,540.0,0.0459,8230.0,0.04592,2126.0,0.04593,13309.0
1753547023403,16:23:43.403,ACT/USDT:USDT,0.04591,540.0,0.0459,14126.0,0.04592,2126.0,0.04593,11761.0
1753547024403,16:23:44.403,ACT/USDT:USDT,0.0459,6641.0,0.04589,21736.0,0.04591,2661.0,0.04592,2557.0
1753547024903,16:23:44.903,ACT/USDT:USDT,0.0459,4826.0,0.04589,18024.0,0.04591,3097.0,0.04592,5243.0
1753547025203,16:23:45.203,ACT/USDT:USDT,0.0459,4826.0,0.04589,23578.0,0.04591,2661.0,0.04592,5243.0
1753547025403,16:23:45.403,ACT/USDT:USDT,0.0459,4826.0,0.04589,23578.0,0.04591,2661.0,0.04592,5243.0
1753547025603,16:23:45.603,ACT/USDT:USDT,0.0459,4965.0,0.04589,23578.0,0.04591,2661.0,0.04592,5243.0
1753547025903,16:23:45.903,ACT/USDT:USDT,0.04591,2661.0,0.0459,10757.0,0.04592,2121.0,0.04593,23656.0
1753547026003,16:23:46.003,ACT/USDT:USDT,0.04591,2661.0,0.0459,10758.0,0.04592,2121.0,0.04593,23656.0
1753547026203,16:23:46.203,ACT/USDT:USDT,0.04591,2661.0,0.0459,10758.0,0.04592,2121.0,0.04593,23656.0
1753547027503,16:23:47.503,ACT/USDT:USDT,0.04591,2661.0,0.0459,12366.0,0.04592,2132.0,0.04593,25209.0
1753547027603,16:23:47.603,ACT/USDT:USDT,0.04591,2661.0,0.0459,12366.0,0.04592,2132.0,0.04593,25209.0
1753547027703,16:23:47.703,ACT/USDT:USDT,0.04591,2661.0,0.0459,12366.0,0.04592,2132.0,0.04593,23661.0
1753547028803,16:23:48.803,ACT/USDT:USDT,0.04591,2661.0,0.0459,10714.0,0.04592,2122.0,0.04593,25209.0
1753547029303,16:23:49.303,ACT/USDT:USDT,0.04591,2651.0,0.0459,9166.0,0.04592,4729.0,0.04593,31321.0
1753547029603,16:23:49.603,ACT/USDT:USDT,0.04591,2651.0,0.0459,9166.0,0.04592,4729.0,0.04593,31321.0
1753547029703,16:23:49.703,ACT/USDT:USDT,0.04591,2651.0,0.0459,9166.0,0.04592,4729.0,0.04593,40028.0
1753547029803,16:23:49.803,ACT/USDT:USDT,0.04591,2651.0,0.0459,9166.0,0.04592,4729.0,0.04593,44382.0
1753547029903,16:23:49.903,ACT/USDT:USDT,0.04591,2651.0,0.0459,9166.0,0.04592,4729.0,0.04593,44382.0
1753547030003,16:23:50.003,ACT/USDT:USDT,0.0459,6811.0,0.04589,19867.0,0.04591,2661.0,0.04592,2558.0
1753547030103,16:23:50.103,ACT/USDT:USDT,0.04591,2661.0,0.0459,8359.0,0.04592,2122.0,0.04593,23661.0
1753547030203,16:23:50.203,ACT/USDT:USDT,0.04591,2797.0,0.0459,8220.0,0.04592,2558.0,0.04593,29015.0
1753547030803,16:23:50.803,ACT/USDT:USDT,0.04591,6198.0,0.0459,13073.0,0.04592,2122.0,0.04593,16055.0
1753547030903,16:23:50.903,ACT/USDT:USDT,0.04591,6198.0,0.0459,13073.0,0.04592,2122.0,0.04593,16055.0
1753547031003,16:23:51.003,ACT/USDT:USDT,0.04591,6198.0,0.0459,13073.0,0.04592,2122.0,0.04593,16055.0
1753547031103,16:23:51.103,ACT/USDT:USDT,0.04591,6198.0,0.0459,13073.0,0.04592,2122.0,0.04593,16055.0
1753547031303,16:23:51.303,ACT/USDT:USDT,0.04591,136.0,0.0459,9573.0,0.04592,4293.0,0.04593,34906.0
1753547031403,16:23:51.403,ACT/USDT:USDT,0.04591,155.0,0.0459,11121.0,0.04592,4293.0,0.04593,34906.0
1753547031703,16:23:51.703,ACT/USDT:USDT,0.04591,4364.0,0.0459,15363.0,0.04592,2122.0,0.04593,16050.0
1753547032403,16:23:52.403,ACT/USDT:USDT,0.04591,4364.0,0.0459,15363.0,0.04592,2122.0,0.04593,16050.0
1753547033103,16:23:53.103,ACT/USDT:USDT,0.04591,8472.0,0.0459,13509.0,0.04592,15.0,0.04593,16050.0
1753547033403,16:23:53.403,ACT/USDT:USDT,0.04591,2816.0,0.0459,9267.0,0.04592,2132.0,0.04593,18034.0
1753547033503,16:23:53.503,ACT/USDT:USDT,0.04591,2816.0,0.0459,11076.0,0.04592,2132.0,0.04593,17598.0
1753547034103,16:23:54.103,ACT/USDT:USDT,0.04591,2816.0,0.0459,14882.0,0.04592,2132.0,0.04593,18034.0
1753547034303,16:23:54.303,ACT/USDT:USDT,0.04591,2816.0,0.0459,14882.0,0.04592,2132.0,0.04593,17598.0
1753547034603,16:23:54.603,ACT/USDT:USDT,0.04591,2816.0,0.0459,15318.0,0.04592,2132.0,0.04593,17598.0
1753547035003,16:23:55.003,ACT/USDT:USDT,0.04591,2816.0,0.0459,14882.0,0.04592,2132.0,0.04593,16050.0
1753547035303,16:23:55.303,ACT/USDT:USDT,0.04591,2816.0,0.0459,15318.0,0.04592,2132.0,0.04593,16050.0
1753547036003,16:23:56.003,ACT/USDT:USDT,0.04591,2816.0,0.0459,15318.0,0.04592,2132.0,0.04593,16050.0
1753547036103,16:23:56.103,ACT/USDT:USDT,0.04591,4364.0,0.0459,15318.0,0.04592,2132.0,0.04593,16050.0
1753547036303,16:23:56.303,ACT/USDT:USDT,0.04591,4364.0,0.0459,15318.0,0.04592,2133.0,0.04593,16050.0
1753547036403,16:23:56.403,ACT/USDT:USDT,0.04591,4364.0,0.0459,15318.0,0.04592,2133.0,0.04593,16050.0
1753547036703,16:23:56.703,ACT/USDT:USDT,0.04591,2816.0,0.0459,15318.0,0.04592,2133.0,0.04593,16050.0
1753547037103,16:23:57.103,ACT/USDT:USDT,0.04591,2816.0,0.0459,15318.0,0.04592,2133.0,0.04593,16050.0
1753547037603,16:23:57.603,ACT/USDT:USDT,0.04591,2816.0,0.0459,14882.0,0.04592,2133.0,0.04593,16050.0
1753547038203,16:23:58.203,ACT/USDT:USDT,0.04591,8749.0,0.0459,13509.0,0.04592,16.0,0.04593,16050.0
1753547039003,16:23:59.003,ACT/USDT:USDT,0.04591,4803.0,0.0459,9267.0,0.04592,2672.0,0.04593,11343.0
1753547039603,16:23:59.603,ACT/USDT:USDT,0.04591,6357.0,0.0459,13442.0,0.04592,2672.0,0.04593,11343.0
1753547039703,16:23:59.703,ACT/USDT:USDT,0.04591,8755.0,0.0459,13442.0,0.04592,2672.0,0.04593,11343.0
1753547040403,16:24:00.403,ACT/USDT:USDT,0.04591,8777.0,0.0459,13442.0,0.04592,11.0,0.04593,11343.0
1753547040903,16:24:00.903,ACT/USDT:USDT,0.04591,8777.0,0.0459,13442.0,0.04592,11.0,0.04593,11447.0
1753547041303,16:24:01.303,ACT/USDT:USDT,0.04591,8777.0,0.0459,15602.0,0.04592,11.0,0.04593,11447.0
1753547041503,16:24:01.503,ACT/USDT:USDT,0.04591,4815.0,0.0459,15602.0,0.04592,11.0,0.04593,11447.0
1753547041903,16:24:01.903,ACT/USDT:USDT,0.04591,4815.0,0.0459,15602.0,0.04592,11.0,0.04593,11509.0
1753547042103,16:24:02.103,ACT/USDT:USDT,0.04591,4815.0,0.0459,13442.0,0.04592,11.0,0.04593,11509.0
1753547042603,16:24:02.603,ACT/USDT:USDT,0.04591,8783.0,0.0459,15602.0,0.04592,11.0,0.04593,11509.0
1753547042903,16:24:02.903,ACT/USDT:USDT,0.04591,8783.0,0.0459,13442.0,0.04592,2672.0,0.04593,11509.0
1753547043403,16:24:03.403,ACT/USDT:USDT,0.04591,8783.0,0.0459,13442.0,0.04592,2672.0,0.04593,11509.0
1753547043803,16:24:03.803,ACT/USDT:USDT,0.04591,8783.0,0.0459,13442.0,0.04592,2672.0,0.04593,11509.0
1753547044203,16:24:04.203,ACT/USDT:USDT,0.04591,8783.0,0.0459,15602.0,0.04592,11.0,0.04593,11509.0
1753547045103,16:24:05.103,ACT/USDT:USDT,0.04591,8783.0,0.0459,15602.0,0.04592,11.0,0.04593,11509.0
1753547045303,16:24:05.303,ACT/USDT:USDT,0.04591,6363.0,0.0459,17779.0,0.04592,11.0,0.04593,11509.0
1753547045503,16:24:05.503,ACT/USDT:USDT,0.04591,6359.0,0.0459,17779.0,0.04592,11.0,0.04593,11509.0
1753547045803,16:24:05.803,ACT/USDT:USDT,0.04591,8779.0,0.0459,17779.0,0.04592,11.0,0.04593,11509.0
1753547046403,16:24:06.403,ACT/USDT:USDT,0.04591,8778.0,0.0459,17779.0,0.04592,11.0,0.04593,11509.0
1753547046703,16:24:06.703,ACT/USDT:USDT,0.04591,8778.0,0.0459,17779.0,0.04592,11.0,0.04593,11509.0
1753547047803,16:24:07.803,ACT/USDT:USDT,0.04591,4810.0,0.0459,17779.0,0.04592,11.0,0.04593,11509.0
1753547048103,16:24:08.103,ACT/USDT:USDT,0.04591,8778.0,0.0459,17779.0,0.04592,11.0,0.04593,11509.0
1753547048303,16:24:08.303,ACT/USDT:USDT,0.04591,4810.0,0.0459,15619.0,0.04592,5.0,0.04593,11509.0
1753547048603,16:24:08.603,ACT/USDT:USDT,0.04591,2822.0,0.0459,17291.0,0.04592,2666.0,0.04593,11509.0
1753547049203,16:24:09.203,ACT/USDT:USDT,0.04591,2822.0,0.0459,16855.0,0.04592,2666.0,0.04593,11509.0
1753547049403,16:24:09.403,ACT/USDT:USDT,0.04591,2822.0,0.0459,15114.0,0.04592,5.0,0.04593,11509.0
1753547050303,16:24:10.303,ACT/USDT:USDT,0.04591,2822.0,0.0459,11375.0,0.04592,2.0,0.04593,11509.0
1753547050703,16:24:10.703,ACT/USDT:USDT,0.04591,2822.0,0.0459,15114.0,0.04592,2.0,0.04593,11509.0
1753547050803,16:24:10.803,ACT/USDT:USDT,0.04591,4710.0,0.0459,13442.0,0.04592,2.0,0.04593,11509.0
1753547050903,16:24:10.903,ACT/USDT:USDT,0.04591,7566.0,0.0459,13442.0,0.04592,2.0,0.04593,11509.0
1753547051003,16:24:11.003,ACT/USDT:USDT,0.04591,7566.0,0.0459,15602.0,0.04592,2.0,0.04593,11509.0
1753547051103,16:24:11.103,ACT/USDT:USDT,0.04591,4710.0,0.0459,15602.0,0.04592,2.0,0.04593,11509.0
1753547051203,16:24:11.203,ACT/USDT:USDT,0.04591,9114.0,0.0459,15602.0,0.04592,2.0,0.04593,11509.0
1753547051303,16:24:11.303,ACT/USDT:USDT,0.04591,9114.0,0.0459,17779.0,0.04592,2.0,0.04593,11509.0
1753547051403,16:24:11.403,ACT/USDT:USDT,0.04591,9114.0,0.0459,17779.0,0.04592,2.0,0.04593,11509.0
1753547051703,16:24:11.703,ACT/USDT:USDT,0.04591,7130.0,0.0459,17779.0,0.04592,2.0,0.04593,11509.0
1753547052103,16:24:12.103,ACT/USDT:USDT,0.04591,4710.0,0.0459,17779.0,0.04592,2.0,0.04593,16978.0
1753547052303,16:24:12.303,ACT/USDT:USDT,0.04591,4710.0,0.0459,17779.0,0.04592,2.0,0.04593,16978.0
1753547052403,16:24:12.403,ACT/USDT:USDT,0.04592,2659.0,0.04591,6870.0,0.04593,14849.0,0.04594,17347.0
1753547052903,16:24:12.903,ACT/USDT:USDT,0.04592,2659.0,0.04591,4710.0,0.04593,14849.0,0.04594,21457.0
1753547053203,16:24:13.203,ACT/USDT:USDT,0.04592,2659.0,0.04591,4710.0,0.04593,14849.0,0.04594,23005.0
1753547053703,16:24:13.703,ACT/USDT:USDT,0.04592,2659.0,0.04591,8384.0,0.04593,11367.0,0.04594,17783.0
1753547054303,16:24:14.303,ACT/USDT:USDT,0.04592,2659.0,0.04591,8385.0,0.04593,11367.0,0.04594,17783.0
1753547054403,16:24:14.403,ACT/USDT:USDT,0.04592,2659.0,0.04591,4711.0,0.04593,11367.0,0.04594,22944.0
1753547055103,16:24:15.103,ACT/USDT:USDT,0.04591,4711.0,0.0459,17382.0,0.04593,11367.0,0.04594,22944.0
1753547055203,16:24:15.203,ACT/USDT:USDT,0.04591,12017.0,0.0459,13316.0,0.04592,2661.0,0.04593,11368.0
1753547055603,16:24:15.603,ACT/USDT:USDT,0.04591,12017.0,0.0459,13316.0,0.04592,2661.0,0.04593,11368.0
1753547055703,16:24:15.703,ACT/USDT:USDT,0.04591,10129.0,0.0459,9267.0,0.04592,2661.0,0.04593,12916.0
1753547056003,16:24:16.003,ACT/USDT:USDT,0.04591,10129.0,0.0459,11363.0,0.04592,2661.0,0.04593,11368.0
1753547056103,16:24:16.103,ACT/USDT:USDT,0.04591,10129.0,0.0459,14976.0,0.04592,2661.0,0.04593,11368.0
1753547056703,16:24:16.703,ACT/USDT:USDT,0.04592,2661.0,0.04591,18843.0,0.04593,11367.0,0.04594,17354.0
1753547056803,16:24:16.803,ACT/USDT:USDT,0.04592,2661.0,0.04591,18407.0,0.04593,11367.0,0.04594,17354.0
1753547057103,16:24:17.103,ACT/USDT:USDT,0.04592,2661.0,0.04591,18408.0,0.04593,11367.0,0.04594,20967.0
1753547057203,16:24:17.203,ACT/USDT:USDT,0.04592,2661.0,0.04591,18408.0,0.04593,13544.0,0.04594,22951.0
1753547057603,16:24:17.603,ACT/USDT:USDT,0.04592,2661.0,0.04591,18408.0,0.04593,13544.0,0.04594,22951.0
1753547057803,16:24:17.803,ACT/USDT:USDT,0.04592,2661.0,0.04591,22021.0,0.04593,13544.0,0.04594,17347.0
1753547058003,16:24:18.003,ACT/USDT:USDT,0.04592,2661.0,0.04591,22021.0,0.04593,11367.0,0.04594,17347.0
1753547058103,16:24:18.103,ACT/USDT:USDT,0.04592,2661.0,0.04591,22021.0,0.04593,11367.0,0.04594,17280.0
1753547058203,16:24:18.203,ACT/USDT:USDT,0.04592,2661.0,0.04591,18408.0,0.04593,11367.0,0.04594,22877.0
1753547059603,16:24:19.603,ACT/USDT:USDT,0.04592,2661.0,0.04591,18408.0,0.04593,11367.0,0.04594,22441.0
1753547059703,16:24:19.703,ACT/USDT:USDT,0.04592,2661.0,0.04591,16860.0,0.04593,11367.0,0.04594,22877.0
1753547059903,16:24:19.903,ACT/USDT:USDT,0.04592,2661.0,0.04591,22021.0,0.04593,11367.0,0.04594,17280.0
1753547060203,16:24:20.203,ACT/USDT:USDT,0.04592,2665.0,0.04591,18408.0,0.04593,11367.0,0.04594,22877.0
1753547060303,16:24:20.303,ACT/USDT:USDT,0.04592,2665.0,0.04591,18408.0,0.04593,11367.0,0.04594,22877.0
1753547061203,16:24:21.203,ACT/USDT:USDT,0.04592,4.0,0.04591,14856.0,0.04593,15936.0,0.04594,22877.0
1753547061503,16:24:21.503,ACT/USDT:USDT,0.04592,2665.0,0.04591,16817.0,0.04593,12915.0,0.04594,22877.0
1753547062003,16:24:22.003,ACT/USDT:USDT,0.04592,2665.0,0.04591,16817.0,0.04593,11367.0,0.04594,22877.0
1753547062203,16:24:22.203,ACT/USDT:USDT,0.04592,2666.0,0.04591,16817.0,0.04593,11367.0,0.04594,22877.0
1753547062503,16:24:22.503,ACT/USDT:USDT,0.04592,5.0,0.04591,16817.0,0.04593,15528.0,0.04594,22877.0
1753547062603,16:24:22.603,ACT/USDT:USDT,0.04592,5.0,0.04591,16817.0,0.04593,15092.0,0.04594,25054.0
1753547062703,16:24:22.703,ACT/USDT:USDT,0.04592,5.0,0.04591,16817.0,0.04593,15092.0,0.04594,25054.0
1753547062903,16:24:22.903,ACT/USDT:USDT,0.04592,5.0,0.04591,14856.0,0.04593,18113.0,0.04594,25054.0
1753547063003,16:24:23.003,ACT/USDT:USDT,0.04592,5.0,0.04591,14856.0,0.04593,18113.0,0.04594,25054.0
1753547063203,16:24:23.203,ACT/USDT:USDT,0.04592,2666.0,0.04591,16800.0,0.04593,13544.0,0.04594,25054.0
1753547063503,16:24:23.503,ACT/USDT:USDT,0.04592,547.0,0.04591,16800.0,0.04593,15092.0,0.04594,25054.0
1753547063603,16:24:23.603,ACT/USDT:USDT,0.04592,547.0,0.04591,16800.0,0.04593,13544.0,0.04594,25054.0
1753547064003,16:24:24.003,ACT/USDT:USDT,0.04592,547.0,0.04591,16800.0,0.04593,13544.0,0.04594,21602.0
1753547064403,16:24:24.403,ACT/USDT:USDT,0.04592,5.0,0.04591,16800.0,0.04593,17677.0,0.04594,21602.0
1753547064503,16:24:24.503,ACT/USDT:USDT,0.04592,39.0,0.04591,16781.0,0.04593,15092.0,0.04594,21602.0
1753547064803,16:24:24.803,ACT/USDT:USDT,0.04592,581.0,0.04591,16781.0,0.04593,13544.0,0.04594,17989.0
1753547065203,16:24:25.203,ACT/USDT:USDT,0.04592,581.0,0.04591,16781.0,0.04593,13544.0,0.04594,17989.0
1753547065303,16:24:25.303,ACT/USDT:USDT,0.04592,581.0,0.04591,16781.0,0.04593,13544.0,0.04594,17989.0
1753547065403,16:24:25.403,ACT/USDT:USDT,0.04592,581.0,0.04591,16781.0,0.04593,13544.0,0.04594,21602.0
1753547065503,16:24:25.503,ACT/USDT:USDT,0.04592,39.0,0.04591,16781.0,0.04593,15092.0,0.04594,21602.0
1753547066203,16:24:26.203,ACT/USDT:USDT,0.04591,12165.0,0.0459,9565.0,0.04592,6347.0,0.04593,18114.0
1753547066303,16:24:26.303,ACT/USDT:USDT,0.04591,12165.0,0.0459,9565.0,0.04592,4170.0,0.04593,18114.0
1753547066603,16:24:26.603,ACT/USDT:USDT,0.04591,12164.0,0.0459,12861.0,0.04592,2612.0,0.04593,15093.0
1753547066703,16:24:26.703,ACT/USDT:USDT,0.04591,12164.0,0.0459,12861.0,0.04592,2612.0,0.04593,15096.0
1753547066903,16:24:26.903,ACT/USDT:USDT,0.04591,12164.0,0.0459,12861.0,0.04592,2612.0,0.04593,12919.0
1753547067403,16:24:27.403,ACT/USDT:USDT,0.04591,12164.0,0.0459,12861.0,0.04592,2612.0,0.04593,12919.0
1753547068403,16:24:28.403,ACT/USDT:USDT,0.04591,12164.0,0.0459,12861.0,0.04592,2612.0,0.04593,12919.0
1753547068503,16:24:28.503,ACT/USDT:USDT,0.04591,15020.0,0.0459,12861.0,0.04592,2612.0,0.04593,11371.0
1753547069703,16:24:29.703,ACT/USDT:USDT,0.04592,2661.0,0.04591,17833.0,0.04593,11367.0,0.04594,17752.0
1753547070303,16:24:30.303,ACT/USDT:USDT,0.04592,2661.0,0.04591,17833.0,0.04593,11367.0,0.04594,17752.0
1753547070803,16:24:30.803,ACT/USDT:USDT,0.04592,2686.0,0.04591,17827.0,0.04593,11367.0,0.04594,17752.0
1753547070903,16:24:30.903,ACT/USDT:USDT,0.04592,2686.0,0.04591,17827.0,0.04593,11367.0,0.04594,17752.0
1753547071603,16:24:31.603,ACT/USDT:USDT,0.04592,2697.0,0.04591,18669.0,0.04593,5639.0,0.04594,17752.0
1753547071803,16:24:31.803,ACT/USDT:USDT,0.04592,2697.0,0.04591,19105.0,0.04593,5639.0,0.04594,17752.0
1753547072203,16:24:32.203,ACT/USDT:USDT,0.04592,2700.0,0.04591,19105.0,0.04593,5639.0,0.04594,17752.0
1753547072403,16:24:32.403,ACT/USDT:USDT,0.04592,2700.0,0.04591,19105.0,0.04593,5639.0,0.04594,17316.0
1753547072503,16:24:32.503,ACT/USDT:USDT,0.04592,2700.0,0.04591,18669.0,0.04593,5639.0,0.04594,17752.0
1753547073003,16:24:33.003,ACT/USDT:USDT,0.04592,2700.0,0.04591,18669.0,0.04593,5639.0,0.04594,17752.0
1753547073203,16:24:33.203,ACT/USDT:USDT,0.04593,5899.0,0.04592,11900.0,0.04594,2491.0,0.04595,7018.0
1753547073403,16:24:33.403,ACT/USDT:USDT,0.04593,8595.0,0.04592,16310.0,0.04594,2493.0,0.04595,7018.0
1753547073603,16:24:33.603,ACT/USDT:USDT,0.04593,8595.0,0.04592,16310.0,0.04594,2493.0,0.04595,7018.0
1753547073703,16:24:33.703,ACT/USDT:USDT,0.04593,8159.0,0.04592,16310.0,0.04594,2493.0,0.04595,6748.0
1753547073803,16:24:33.803,ACT/USDT:USDT,0.04593,8159.0,0.04592,16310.0,0.04594,2493.0,0.04595,6748.0
1753547073903,16:24:33.903,ACT/USDT:USDT,0.04593,8595.0,0.04592,18469.0,0.04594,429.0,0.04595,6748.0
1753547074003,16:24:34.003,ACT/USDT:USDT,0.04593,8159.0,0.04592,18469.0,0.04594,429.0,0.04595,7756.0
1753547074103,16:24:34.103,ACT/USDT:USDT,0.04593,8159.0,0.04592,18469.0,0.04594,429.0,0.04595,7756.0
1753547074203,16:24:34.203,ACT/USDT:USDT,0.04593,8164.0,0.04592,18466.0,0.04594,429.0,0.04595,7756.0
1753547075203,16:24:35.203,ACT/USDT:USDT,0.04593,8164.0,0.04592,18466.0,0.04594,2429.0,0.04595,7752.0
1753547075603,16:24:35.603,ACT/USDT:USDT,0.04593,8164.0,0.04592,18466.0,0.04594,365.0,0.04595,7752.0
1753547075703,16:24:35.703,ACT/USDT:USDT,0.04593,8164.0,0.04592,18466.0,0.04594,365.0,0.04595,7752.0
1753547076103,16:24:36.103,ACT/USDT:USDT,0.04593,8164.0,0.04592,18466.0,0.04594,365.0,0.04595,7752.0
1753547079103,16:24:39.103,ACT/USDT:USDT,0.04593,8164.0,0.04592,20642.0,0.04594,365.0,0.04595,7738.0
1753547079203,16:24:39.203,ACT/USDT:USDT,0.04593,8164.0,0.04592,20642.0,0.04594,365.0,0.04595,7738.0
1753547080603,16:24:40.603,ACT/USDT:USDT,0.04593,4358.0,0.04592,18483.0,0.04594,3026.0,0.04595,7738.0
1753547080703,16:24:40.703,ACT/USDT:USDT,0.04593,4358.0,0.04592,18483.0,0.04594,3025.0,0.04595,7736.0
1753547080803,16:24:40.803,ACT/USDT:USDT,0.04593,8164.0,0.04592,18483.0,0.04594,3025.0,0.04595,7737.0
1753547081003,16:24:41.003,ACT/USDT:USDT,0.04593,8164.0,0.04592,26299.0,0.04594,3025.0,0.04595,7737.0
1753547081803,16:24:41.803,ACT/USDT:USDT,0.04593,8164.0,0.04592,28458.0,0.04594,3025.0,0.04595,7737.0
1753547082403,16:24:42.403,ACT/USDT:USDT,0.04593,8600.0,0.04592,28458.0,0.04594,364.0,0.04595,7737.0
1753547082703,16:24:42.703,ACT/USDT:USDT,0.04593,8164.0,0.04592,28458.0,0.04594,364.0,0.04595,7737.0
1753547083903,16:24:43.903,ACT/USDT:USDT,0.04593,8164.0,0.04592,30634.0,0.04594,358.0,0.04595,7737.0
1753547084303,16:24:44.303,ACT/USDT:USDT,0.04593,8169.0,0.04592,30634.0,0.04594,358.0,0.04595,7737.0
1753547084403,16:24:44.403,ACT/USDT:USDT,0.04593,8169.0,0.04592,30634.0,0.04594,358.0,0.04595,7737.0
1753547084503,16:24:44.503,ACT/USDT:USDT,0.04593,8605.0,0.04592,30634.0,0.04594,358.0,0.04595,7461.0
1753547084603,16:24:44.603,ACT/USDT:USDT,0.04593,8605.0,0.04592,30634.0,0.04594,358.0,0.04595,7461.0
1753547084803,16:24:44.803,ACT/USDT:USDT,0.04593,8605.0,0.04592,30634.0,0.04594,358.0,0.04595,7461.0
1753547085003,16:24:45.003,ACT/USDT:USDT,0.04593,8169.0,0.04592,30634.0,0.04594,358.0,0.04595,7461.0
1753547085103,16:24:45.103,ACT/USDT:USDT,0.04593,8169.0,0.04592,31984.0,0.04594,358.0,0.04595,7461.0
1753547086503,16:24:46.503,ACT/USDT:USDT,0.04593,8606.0,0.04592,31984.0,0.04594,358.0,0.04595,7461.0
1753547087103,16:24:47.103,ACT/USDT:USDT,0.04593,8606.0,0.04592,30099.0,0.04594,358.0,0.04595,7461.0
1753547087303,16:24:47.303,ACT/USDT:USDT,0.04593,8606.0,0.04592,30099.0,0.04594,358.0,0.04595,7461.0
1753547087603,16:24:47.603,ACT/USDT:USDT,0.04593,4364.0,0.04592,23506.0,0.04594,2422.0,0.04595,7461.0
1753547087903,16:24:47.903,ACT/USDT:USDT,0.04593,2674.0,0.04592,28678.0,0.04594,2422.0,0.04595,7461.0
1753547088203,16:24:48.203,ACT/USDT:USDT,0.04593,2674.0,0.04592,28678.0,0.04594,2422.0,0.04595,7461.0
1753547088703,16:24:48.703,ACT/USDT:USDT,0.04593,8183.0,0.04592,26729.0,0.04594,2422.0,0.04595,7461.0
1753547088803,16:24:48.803,ACT/USDT:USDT,0.04593,8183.0,0.04592,28888.0,0.04594,2422.0,0.04595,7461.0
1753547089603,16:24:49.603,ACT/USDT:USDT,0.04593,4377.0,0.04592,26729.0,0.04594,2422.0,0.04595,7461.0
1753547089703,16:24:49.703,ACT/USDT:USDT,0.04593,4377.0,0.04592,26729.0,0.04594,2422.0,0.04595,7461.0
1753547089903,16:24:49.903,ACT/USDT:USDT,0.04593,5925.0,0.04592,26729.0,0.04594,2422.0,0.04595,7461.0
1753547090003,16:24:50.003,ACT/USDT:USDT,0.04593,5925.0,0.04592,26729.0,0.04594,2422.0,0.04595,7461.0
1753547090103,16:24:50.103,ACT/USDT:USDT,0.04593,5925.0,0.04592,26729.0,0.04594,2422.0,0.04595,7461.0
1753547090203,16:24:50.203,ACT/USDT:USDT,0.04593,8619.0,0.04592,26729.0,0.04594,2422.0,0.04595,7461.0
1753547090403,16:24:50.403,ACT/USDT:USDT,0.04593,8619.0,0.04592,28888.0,0.04594,358.0,0.04595,7461.0
1753547090803,16:24:50.803,ACT/USDT:USDT,0.04593,8183.0,0.04592,28888.0,0.04594,358.0,0.04595,7461.0
1753547090903,16:24:50.903,ACT/USDT:USDT,0.04593,8183.0,0.04592,21607.0,0.04594,358.0,0.04595,7461.0
1753547091303,16:24:51.303,ACT/USDT:USDT,0.04593,5925.0,0.04592,21171.0,0.04594,3019.0,0.04595,7461.0
1753547092103,16:24:52.103,ACT/USDT:USDT,0.04593,8183.0,0.04592,21607.0,0.04594,3019.0,0.04595,7394.0
1753547092803,16:24:52.803,ACT/USDT:USDT,0.04593,10517.0,0.04592,21607.0,0.04594,3019.0,0.04595,7461.0
1753547093503,16:24:53.503,ACT/USDT:USDT,0.04593,10517.0,0.04592,21607.0,0.04594,3018.0,0.04595,7461.0
1753547094503,16:24:54.503,ACT/USDT:USDT,0.04593,8969.0,0.04592,19448.0,0.04594,3018.0,0.04595,7462.0
1753547094803,16:24:54.803,ACT/USDT:USDT,0.04593,7266.0,0.04592,21143.0,0.04594,3018.0,0.04595,7462.0
1753547095503,16:24:55.503,ACT/USDT:USDT,0.04593,7266.0,0.04592,21143.0,0.04594,3018.0,0.04595,7462.0
1753547095603,16:24:55.603,ACT/USDT:USDT,0.04593,7266.0,0.04592,20707.0,0.04594,3018.0,0.04595,9010.0
1753547095703,16:24:55.703,ACT/USDT:USDT,0.04593,7266.0,0.04592,20707.0,0.04594,3018.0,0.04595,7462.0
1753547096603,16:24:56.603,ACT/USDT:USDT,0.04593,7265.0,0.04592,21143.0,0.04594,3018.0,0.04595,7462.0
1753547097003,16:24:57.003,ACT/USDT:USDT,0.04593,7265.0,0.04592,21143.0,0.04594,3018.0,0.04595,7462.0
1753547097203,16:24:57.203,ACT/USDT:USDT,0.04593,7265.0,0.04592,21143.0,0.04594,3018.0,0.04595,7462.0
1753547097803,16:24:57.803,ACT/USDT:USDT,0.04593,9309.0,0.04592,19448.0,0.04594,3016.0,0.04595,7460.0
1753547098403,16:24:58.403,ACT/USDT:USDT,0.04593,7265.0,0.04592,21454.0,0.04594,3016.0,0.04595,7464.0
1753547099003,16:24:59.003,ACT/USDT:USDT,0.04593,11504.0,0.04592,21454.0,0.04594,3010.0,0.04595,7448.0
1753547099103,16:24:59.103,ACT/USDT:USDT,0.04593,7262.0,0.04592,21454.0,0.04594,3010.0,0.04595,7448.0
1753547100303,16:25:00.303,ACT/USDT:USDT,0.04592,70.0,0.04591,15289.0,0.04593,6250.0,0.04594,9807.0
1753547100603,16:25:00.603,ACT/USDT:USDT,0.04592,70.0,0.04591,9037.0,0.04593,5234.0,0.04594,15650.0
1753547100703,16:25:00.703,ACT/USDT:USDT,0.04592,70.0,0.04591,12106.0,0.04593,5234.0,0.04594,15650.0
1753547100803,16:25:00.803,ACT/USDT:USDT,0.04592,70.0,0.04591,9037.0,0.04593,5234.0,0.04594,15650.0
1753547101003,16:25:01.003,ACT/USDT:USDT,0.04592,2837.0,0.04591,13666.0,0.04593,5234.0,0.04594,14090.0
1753547102203,16:25:02.203,ACT/USDT:USDT,0.04592,2873.0,0.04591,12837.0,0.04593,5234.0,0.04594,15650.0
1753547102503,16:25:02.503,ACT/USDT:USDT,0.04592,2873.0,0.04591,12712.0,0.04593,5234.0,0.04594,15650.0
1753547103203,16:25:03.203,ACT/USDT:USDT,0.04592,3109.0,0.04591,8083.0,0.04593,5234.0,0.04594,18719.0
1753547103303,16:25:03.303,ACT/USDT:USDT,0.04592,3109.0,0.04591,15017.0,0.04593,5234.0,0.04594,15650.0
1753547103903,16:25:03.903,ACT/USDT:USDT,0.04596,2661.0,0.04595,4222.0,0.04597,9547.0,0.04598,10373.0
1753547104103,16:25:04.103,ACT/USDT:USDT,0.04596,2663.0,0.04595,13049.0,0.04597,6475.0,0.04598,11889.0
1753547104403,16:25:04.403,ACT/USDT:USDT,0.04596,2663.0,0.04595,13051.0,0.04597,6482.0,0.04598,14322.0
1753547104603,16:25:04.603,ACT/USDT:USDT,0.04595,2661.0,0.04594,14721.0,0.04596,2663.0,0.04597,17003.0
1753547104703,16:25:04.703,ACT/USDT:USDT,0.04594,2665.0,0.04593,21617.0,0.04595,2661.0,0.04596,5459.0
1753547104803,16:25:04.803,ACT/USDT:USDT,0.04594,2665.0,0.04593,18353.0,0.04595,2663.0,0.04596,6974.0
1753547104903,16:25:04.903,ACT/USDT:USDT,0.04594,2665.0,0.04593,18353.0,0.04595,2663.0,0.04596,3284.0
1753547105303,16:25:05.303,ACT/USDT:USDT,0.04594,2.0,0.04593,9041.0,0.04595,11682.0,0.04596,21381.0
1753547105403,16:25:05.403,ACT/USDT:USDT,0.04594,3.0,0.04593,9041.0,0.04595,11682.0,0.04596,21383.0
1753547105803,16:25:05.803,ACT/USDT:USDT,0.04593,3253.0,0.04592,12299.0,0.04594,4659.0,0.04595,16455.0
1753547106003,16:25:06.003,ACT/USDT:USDT,0.04593,716.0,0.04592,12299.0,0.04594,7347.0,0.04595,16270.0
1753547106103,16:25:06.103,ACT/USDT:USDT,0.04592,214.0,0.04591,15832.0,0.04593,2381.0,0.04594,16082.0
1753547106403,16:25:06.403,ACT/USDT:USDT,0.0459,2661.0,0.04589,9524.0,0.04591,4032.0,0.04592,7525.0
1753547107103,16:25:07.103,ACT/USDT:USDT,0.0459,4724.0,0.04589,16371.0,0.04591,3040.0,0.04592,12660.0
1753547107403,16:25:07.403,ACT/USDT:USDT,0.04589,9457.0,0.04588,18132.0,0.04591,3097.0,0.04592,25724.0
1753547107703,16:25:07.703,ACT/USDT:USDT,0.0459,2663.0,0.04589,11624.0,0.04591,2844.0,0.04592,26200.0
1753547107803,16:25:07.803,ACT/USDT:USDT,0.0459,2663.0,0.04589,11624.0,0.04591,2844.0,0.04592,29521.0
1753547107903,16:25:07.903,ACT/USDT:USDT,0.0459,2663.0,0.04589,11624.0,0.04591,2844.0,0.04592,26200.0
1753547108303,16:25:08.303,ACT/USDT:USDT,0.0459,2663.0,0.04589,9446.0,0.04591,3141.0,0.04592,31297.0
1753547108403,16:25:08.403,ACT/USDT:USDT,0.0459,2663.0,0.04589,9446.0,0.04591,3141.0,0.04592,29737.0
1753547108703,16:25:08.703,ACT/USDT:USDT,0.0459,2663.0,0.04589,9446.0,0.04591,1472.0,0.04592,31297.0
1753547109003,16:25:09.003,ACT/USDT:USDT,0.0459,2663.0,0.04589,9446.0,0.04591,2999.0,0.04592,25743.0
1753547109403,16:25:09.403,ACT/USDT:USDT,0.0459,2663.0,0.04589,9446.0,0.04591,2999.0,0.04592,24183.0
1753547109703,16:25:09.703,ACT/USDT:USDT,0.0459,2663.0,0.04589,9446.0,0.04591,2999.0,0.04592,25743.0
1753547109803,16:25:09.803,ACT/USDT:USDT,0.0459,2663.0,0.04589,9446.0,0.04591,2563.0,0.04592,20862.0
1753547110603,16:25:10.603,ACT/USDT:USDT,0.0459,2663.0,0.04589,9446.0,0.04591,2851.0,0.04592,20862.0
1753547110903,16:25:10.903,ACT/USDT:USDT,0.0459,2663.0,0.04589,9446.0,0.04591,3287.0,0.04592,25743.0
1753547111003,16:25:11.003,ACT/USDT:USDT,0.0459,2663.0,0.04589,9446.0,0.04591,2851.0,0.04592,24183.0
1753547111203,16:25:11.203,ACT/USDT:USDT,0.0459,2663.0,0.04589,9446.0,0.04591,2851.0,0.04592,22422.0
1753547111303,16:25:11.303,ACT/USDT:USDT,0.0459,2663.0,0.04589,9446.0,0.04591,2851.0,0.04592,22422.0
1753547112103,16:25:12.103,ACT/USDT:USDT,0.0459,2663.0,0.04589,9446.0,0.04591,2851.0,0.04592,22422.0
1753547112203,16:25:12.203,ACT/USDT:USDT,0.0459,2663.0,0.04589,14327.0,0.04591,332.0,0.04592,20426.0
1753547112403,16:25:12.403,ACT/USDT:USDT,0.0459,2663.0,0.04589,23017.0,0.04591,1654.0,0.04592,13731.0
1753547112503,16:25:12.503,ACT/USDT:USDT,0.0459,2663.0,0.04589,23017.0,0.04591,1654.0,0.04592,13731.0
1753547112603,16:25:12.603,ACT/USDT:USDT,0.0459,2663.0,0.04589,11006.0,0.04591,1654.0,0.04592,13731.0
1753547112803,16:25:12.803,ACT/USDT:USDT,0.0459,2663.0,0.04589,9446.0,0.04591,1654.0,0.04592,13731.0
1753547112903,16:25:12.903,ACT/USDT:USDT,0.0459,2661.0,0.04589,9446.0,0.04591,3262.0,0.04592,18832.0
1753547113003,16:25:13.003,ACT/USDT:USDT,0.0459,2661.0,0.04589,9446.0,0.04591,3262.0,0.04592,18832.0
1753547113103,16:25:13.103,ACT/USDT:USDT,0.0459,2663.0,0.04589,12767.0,0.04591,2646.0,0.04592,13951.0
1753547113203,16:25:13.203,ACT/USDT:USDT,0.0459,2663.0,0.04589,12767.0,0.04591,1654.0,0.04592,13697.0
1753547113503,16:25:13.503,ACT/USDT:USDT,0.0459,2663.0,0.04589,9446.0,0.04591,2646.0,0.04592,14133.0
1753547114803,16:25:14.803,ACT/USDT:USDT,0.0459,2670.0,0.04589,11890.0,0.04591,3263.0,0.04592,17689.0
1753547115703,16:25:15.703,ACT/USDT:USDT,0.0459,9.0,0.04589,11890.0,0.04591,9789.0,0.04592,33972.0
1753547115803,16:25:15.803,ACT/USDT:USDT,0.0459,2670.0,0.04589,11890.0,0.04591,9791.0,0.04592,33972.0
1753547117503,16:25:17.503,ACT/USDT:USDT,0.0459,2676.0,0.04589,16692.0,0.04591,2640.0,0.04592,14131.0
1753547117903,16:25:17.903,ACT/USDT:USDT,0.0459,2676.0,0.04589,15132.0,0.04591,2640.0,0.04592,14131.0
1753547118103,16:25:18.103,ACT/USDT:USDT,0.0459,2676.0,0.04589,15132.0,0.04591,3076.0,0.04592,15691.0
1753547118403,16:25:18.403,ACT/USDT:USDT,0.0459,2676.0,0.04589,15132.0,0.04591,3076.0,0.04592,15691.0
1753547119203,16:25:19.203,ACT/USDT:USDT,0.0459,2672.0,0.04589,16692.0,0.04591,1648.0,0.04592,14131.0
1753547119703,16:25:19.703,ACT/USDT:USDT,0.0459,4969.0,0.04589,16692.0,0.04591,1648.0,0.04592,13695.0
1753547120303,16:25:20.303,ACT/USDT:USDT,0.0459,2672.0,0.04589,16692.0,0.04591,1648.0,0.04592,14131.0
1753547120403,16:25:20.403,ACT/USDT:USDT,0.0459,2672.0,0.04589,16692.0,0.04591,1648.0,0.04592,14131.0
1753547120503,16:25:20.503,ACT/USDT:USDT,0.0459,2672.0,0.04589,16692.0,0.04591,1347.0,0.04592,14131.0
1753547121003,16:25:21.003,ACT/USDT:USDT,0.0459,2672.0,0.04589,16692.0,0.04591,1641.0,0.04592,14131.0
1753547121903,16:25:21.903,ACT/USDT:USDT,0.0459,2672.0,0.04589,11890.0,0.04591,3247.0,0.04592,15511.0
1753547122003,16:25:22.003,ACT/USDT:USDT,0.0459,2672.0,0.04589,11890.0,0.04591,3247.0,0.04592,13951.0
1753547122103,16:25:22.103,ACT/USDT:USDT,0.0459,2672.0,0.04589,11890.0,0.04591,3247.0,0.04592,13951.0
1753547122603,16:25:22.603,ACT/USDT:USDT,0.0459,2672.0,0.04589,11890.0,0.04591,3245.0,0.04592,15511.0
1753547123603,16:25:23.603,ACT/USDT:USDT,0.0459,4969.0,0.04589,16692.0,0.04591,2809.0,0.04592,13951.0
1753547123903,16:25:23.903,ACT/USDT:USDT,0.0459,2672.0,0.04589,11890.0,0.04591,3245.0,0.04592,15511.0
1753547124503,16:25:24.503,ACT/USDT:USDT,0.0459,11.0,0.04589,11890.0,0.04591,7595.0,0.04592,23109.0
1753547124903,16:25:24.903,ACT/USDT:USDT,0.0459,2672.0,0.04589,11890.0,0.04591,5423.0,0.04592,17689.0
1753547126403,16:25:26.403,ACT/USDT:USDT,0.0459,2672.0,0.04589,15132.0,0.04591,10695.0,0.04592,37851.0
1753547126503,16:25:26.503,ACT/USDT:USDT,0.0459,2670.0,0.04589,16692.0,0.04591,10695.0,0.04592,26988.0
1753547126703,16:25:26.703,ACT/USDT:USDT,0.0459,4967.0,0.04589,16692.0,0.04591,4737.0,0.04592,18490.0
1753547128003,16:25:28.003,ACT/USDT:USDT,0.0459,2672.0,0.04589,16692.0,0.04591,2075.0,0.04592,16317.0
1753547128403,16:25:28.403,ACT/USDT:USDT,0.04591,588.0,0.0459,15346.0,0.04592,593.0,0.04593,18813.0
1753547128503,16:25:28.503,ACT/USDT:USDT,0.04591,592.0,0.0459,18558.0,0.04592,593.0,0.04593,17253.0
1753547128603,16:25:28.603,ACT/USDT:USDT,0.04591,592.0,0.0459,8885.0,0.04592,4065.0,0.04593,22031.0
1753547129103,16:25:29.103,ACT/USDT:USDT,0.04591,2665.0,0.0459,12103.0,0.04592,5802.0,0.04593,20554.0
1753547129403,16:25:29.403,ACT/USDT:USDT,0.0459,3.0,0.04589,9964.0,0.04591,4839.0,0.04592,13781.0
1753547129903,16:25:29.903,ACT/USDT:USDT,0.0459,3.0,0.04589,9964.0,0.04591,13424.0,0.04592,30183.0
1753547130103,16:25:30.103,ACT/USDT:USDT,0.0459,3.0,0.04589,9964.0,0.04591,16960.0,0.04592,30183.0
1753547130303,16:25:30.303,ACT/USDT:USDT,0.04589,267.0,0.04588,9110.0,0.0459,11953.0,0.04591,15312.0
1753547130503,16:25:30.503,ACT/USDT:USDT,0.04589,267.0,0.04588,9110.0,0.0459,14127.0,0.04591,32671.0
1753547131103,16:25:31.103,ACT/USDT:USDT,0.04589,267.0,0.04588,2509.0,0.0459,19405.0,0.04591,40452.0
1753547131403,16:25:31.403,ACT/USDT:USDT,0.04589,267.0,0.04588,2509.0,0.0459,21583.0,0.04591,40452.0
1753547131603,16:25:31.603,ACT/USDT:USDT,0.04587,8606.0,0.04586,14984.0,0.04588,7012.0,0.04589,31530.0
1753547131703,16:25:31.703,ACT/USDT:USDT,0.04587,11033.0,0.04586,13754.0,0.04588,2179.0,0.04589,2847.0
1753547131903,16:25:31.903,ACT/USDT:USDT,0.04587,12787.0,0.04586,11716.0,0.04588,2179.0,0.04589,5243.0
1753547132203,16:25:32.203,ACT/USDT:USDT,0.04588,2427.0,0.04587,12791.0,0.04589,2849.0,0.0459,18947.0
1753547132303,16:25:32.303,ACT/USDT:USDT,0.04588,2427.0,0.04587,12791.0,0.04589,2849.0,0.0459,15677.0
1753547132503,16:25:32.503,ACT/USDT:USDT,0.04588,2427.0,0.04587,17635.0,0.04589,2852.0,0.0459,15677.0
1753547132603,16:25:32.603,ACT/USDT:USDT,0.04588,2427.0,0.04587,17635.0,0.04589,2852.0,0.0459,15677.0
1753547133003,16:25:33.003,ACT/USDT:USDT,0.04588,2427.0,0.04587,12791.0,0.04589,2676.0,0.0459,16608.0
1753547133103,16:25:33.103,ACT/USDT:USDT,0.04588,2417.0,0.04587,12791.0,0.04589,5425.0,0.0459,16608.0
1753547133203,16:25:33.203,ACT/USDT:USDT,0.04588,2417.0,0.04587,12791.0,0.04589,7183.0,0.0459,16428.0
1753547133503,16:25:33.503,ACT/USDT:USDT,0.04588,2417.0,0.04587,12791.0,0.04589,7694.0,0.0459,16428.0
1753547133603,16:25:33.603,ACT/USDT:USDT,0.04588,2417.0,0.04587,12791.0,0.04589,7694.0,0.0459,16428.0
1753547133903,16:25:33.903,ACT/USDT:USDT,0.04588,2417.0,0.04587,12791.0,0.04589,7694.0,0.0459,16428.0
1753547134603,16:25:34.603,ACT/USDT:USDT,0.04588,2424.0,0.04587,14348.0,0.04589,3187.0,0.0459,13063.0
1753547135103,16:25:35.103,ACT/USDT:USDT,0.04588,2424.0,0.04587,12788.0,0.04589,3187.0,0.0459,16104.0
1753547135603,16:25:35.603,ACT/USDT:USDT,0.04588,2424.0,0.04587,12788.0,0.04589,3187.0,0.0459,16540.0
1753547135703,16:25:35.703,ACT/USDT:USDT,0.04588,2424.0,0.04587,12788.0,0.04589,3187.0,0.0459,16104.0
1753547135803,16:25:35.803,ACT/USDT:USDT,0.04588,2424.0,0.04587,12788.0,0.04589,3187.0,0.0459,16540.0
1753547136003,16:25:36.003,ACT/USDT:USDT,0.04588,9.0,0.04587,10363.0,0.04589,14197.0,0.0459,31570.0
1753547136103,16:25:36.103,ACT/USDT:USDT,0.04588,2661.0,0.04587,7298.0,0.04589,12025.0,0.0459,14788.0
1753547136203,16:25:36.203,ACT/USDT:USDT,0.04587,7297.0,0.04586,6472.0,0.04588,2663.0,0.04589,13875.0
1753547136503,16:25:36.503,ACT/USDT:USDT,0.04587,7297.0,0.04586,6472.0,0.04588,2663.0,0.04589,11742.0
1753547136603,16:25:36.603,ACT/USDT:USDT,0.04587,7297.0,0.04586,6472.0,0.04588,2663.0,0.04589,11742.0
1753547137003,16:25:37.003,ACT/USDT:USDT,0.04587,9958.0,0.04586,9900.0,0.04588,2.0,0.04589,3792.0
1753547137403,16:25:37.403,ACT/USDT:USDT,0.04588,2663.0,0.04587,18798.0,0.04589,5211.0,0.0459,19889.0
1753547137603,16:25:37.603,ACT/USDT:USDT,0.04588,2663.0,0.04587,18798.0,0.04589,5211.0,0.0459,19889.0
1753547138003,16:25:38.003,ACT/USDT:USDT,0.04588,2663.0,0.04587,18798.0,0.04589,5211.0,0.0459,19895.0
1753547139503,16:25:39.503,ACT/USDT:USDT,0.04587,10098.0,0.04586,19852.0,0.04588,2663.0,0.04589,5212.0
1753547139703,16:25:39.703,ACT/USDT:USDT,0.04587,10098.0,0.04586,19852.0,0.04588,2663.0,0.04589,5212.0
1753547141003,16:25:41.003,ACT/USDT:USDT,0.04587,10099.0,0.04586,21412.0,0.04588,2868.0,0.04589,5028.0
1753547141203,16:25:41.203,ACT/USDT:USDT,0.04587,10099.0,0.04586,21412.0,0.04588,2868.0,0.04589,5028.0
1753547141303,16:25:41.303,ACT/USDT:USDT,0.04587,10099.0,0.04586,21412.0,0.04588,2868.0,0.04589,5028.0
1753547141503,16:25:41.503,ACT/USDT:USDT,0.04587,10099.0,0.04586,21412.0,0.04588,2868.0,0.04589,5028.0
1753547141803,16:25:41.803,ACT/USDT:USDT,0.04587,8609.0,0.04586,10260.0,0.04588,2868.0,0.04589,5028.0
1753547142203,16:25:42.203,ACT/USDT:USDT,0.04587,8609.0,0.04586,10260.0,0.04588,2868.0,0.04589,5028.0
1753547142603,16:25:42.603,ACT/USDT:USDT,0.04587,8609.0,0.04586,14782.0,0.04588,2868.0,0.04589,5028.0
1753547142903,16:25:42.903,ACT/USDT:USDT,0.04587,8609.0,0.04586,11820.0,0.04588,2868.0,0.04589,5094.0
1753547143203,16:25:43.203,ACT/USDT:USDT,0.04587,8609.0,0.04586,11820.0,0.04588,2868.0,0.04589,5094.0
1753547143303,16:25:43.303,ACT/USDT:USDT,0.04587,8609.0,0.04586,10260.0,0.04588,2868.0,0.04589,5094.0
1753547143403,16:25:43.403,ACT/USDT:USDT,0.04587,8609.0,0.04586,14782.0,0.04588,2868.0,0.04589,5094.0
1753547144003,16:25:44.003,ACT/USDT:USDT,0.04587,8609.0,0.04586,14782.0,0.04588,2868.0,0.04589,5094.0
1753547144303,16:25:44.303,ACT/USDT:USDT,0.04587,8615.0,0.04586,14782.0,0.04588,2862.0,0.04589,5101.0
1753547144703,16:25:44.703,ACT/USDT:USDT,0.04587,8615.0,0.04586,14782.0,0.04588,2862.0,0.04589,5101.0
1753547145003,16:25:45.003,ACT/USDT:USDT,0.04587,8615.0,0.04586,14782.0,0.04588,2687.0,0.04589,5101.0
1753547145403,16:25:45.403,ACT/USDT:USDT,0.04587,8621.0,0.04586,14782.0,0.04588,2657.0,0.04589,5293.0
1753547145503,16:25:45.503,ACT/USDT:USDT,0.04587,15203.0,0.04586,12983.0,0.04589,5293.0,0.0459,21085.0
1753547145803,16:25:45.803,ACT/USDT:USDT,0.04588,2663.0,0.04587,13457.0,0.04589,5295.0,0.0459,15714.0
1753547146103,16:25:46.103,ACT/USDT:USDT,0.04588,2677.0,0.04587,16337.0,0.04589,5295.0,0.0459,15278.0
1753547146203,16:25:46.203,ACT/USDT:USDT,0.04588,2677.0,0.04587,16337.0,0.04589,5295.0,0.0459,15278.0
1753547146403,16:25:46.403,ACT/USDT:USDT,0.04588,46.0,0.04587,9224.0,0.04589,10088.0,0.0459,39739.0
1753547146803,16:25:46.803,ACT/USDT:USDT,0.04588,46.0,0.04587,9224.0,0.04589,10088.0,0.0459,41865.0
1753547147003,16:25:47.003,ACT/USDT:USDT,0.04587,7963.0,0.04586,9689.0,0.04588,2663.0,0.04589,5729.0
1753547147203,16:25:47.203,ACT/USDT:USDT,0.04587,5302.0,0.04586,10919.0,0.04588,2869.0,0.04589,16498.0
1753547147503,16:25:47.503,ACT/USDT:USDT,0.04587,7963.0,0.04586,15724.0,0.04588,3384.0,0.04589,3248.0
1753547147803,16:25:47.803,ACT/USDT:USDT,0.04587,11820.0,0.04586,22711.0,0.04588,3378.0,0.04589,3450.0
1753547148003,16:25:48.003,ACT/USDT:USDT,0.04587,11820.0,0.04586,22711.0,0.04588,723.0,0.04589,5570.0
1753547148103,16:25:48.103,ACT/USDT:USDT,0.04587,11820.0,0.04586,22711.0,0.04588,3378.0,0.04589,3450.0
1753547148503,16:25:48.503,ACT/USDT:USDT,0.04587,9642.0,0.04586,22275.0,0.04588,3378.0,0.04589,5759.0
1753547148603,16:25:48.603,ACT/USDT:USDT,0.04587,9642.0,0.04586,14020.0,0.04588,3378.0,0.04589,3453.0
1753547149203,16:25:49.203,ACT/USDT:USDT,0.04587,9642.0,0.04586,14020.0,0.04588,3378.0,0.04589,3453.0
1753547149803,16:25:49.803,ACT/USDT:USDT,0.04587,9642.0,0.04586,14020.0,0.04588,3378.0,0.04589,3453.0
1753547150203,16:25:50.203,ACT/USDT:USDT,0.04587,9642.0,0.04586,14020.0,0.04588,3378.0,0.04589,3733.0
1753547151203,16:25:51.203,ACT/USDT:USDT,0.04587,7963.0,0.04586,15897.0,0.04588,3378.0,0.04589,3733.0
1753547151803,16:25:51.803,ACT/USDT:USDT,0.04587,5292.0,0.04586,7664.0,0.04588,3581.0,0.04589,15662.0
1753547152003,16:25:52.003,ACT/USDT:USDT,0.04585,2661.0,0.04584,6994.0,0.04586,6185.0,0.04587,7408.0
1753547152603,16:25:52.603,ACT/USDT:USDT,0.04585,2663.0,0.04584,1968.0,0.04586,8499.0,0.04587,14292.0
1753547153003,16:25:53.003,ACT/USDT:USDT,0.04585,2663.0,0.04584,1968.0,0.04586,8936.0,0.04587,14294.0
1753547153903,16:25:53.903,ACT/USDT:USDT,0.04585,2663.0,0.04584,6646.0,0.04586,8930.0,0.04587,14294.0
1753547154803,16:25:54.803,ACT/USDT:USDT,0.04585,2663.0,0.04584,6646.0,0.04586,7790.0,0.04587,10841.0
1753547155103,16:25:55.103,ACT/USDT:USDT,0.04585,2663.0,0.04584,6646.0,0.04586,7790.0,0.04587,13021.0
1753547155803,16:25:55.803,ACT/USDT:USDT,0.04585,2663.0,0.04584,6646.0,0.04586,6279.0,0.04587,10845.0
1753547156703,16:25:56.703,ACT/USDT:USDT,0.04585,2668.0,0.04584,6646.0,0.04586,5842.0,0.04587,10845.0
1753547157503,16:25:57.503,ACT/USDT:USDT,0.04585,2668.0,0.04584,6646.0,0.04586,1533.0,0.04587,15461.0
1753547157603,16:25:57.603,ACT/USDT:USDT,0.04585,2668.0,0.04584,6646.0,0.04586,1533.0,0.04587,15461.0
1753547158603,16:25:58.603,ACT/USDT:USDT,0.04585,2677.0,0.04584,6646.0,0.04586,1533.0,0.04587,15461.0
1753547158703,16:25:58.703,ACT/USDT:USDT,0.04585,2677.0,0.04584,6646.0,0.04586,1533.0,0.04587,15461.0
1753547159003,16:25:59.003,ACT/USDT:USDT,0.04585,2677.0,0.04584,6646.0,0.04586,8934.0,0.04587,15461.0
1753547159203,16:25:59.203,ACT/USDT:USDT,0.04585,2677.0,0.04584,6646.0,0.04586,8497.0,0.04587,15461.0
1753547159403,16:25:59.403,ACT/USDT:USDT,0.04585,2677.0,0.04584,6646.0,0.04586,8497.0,0.04587,15530.0
1753547159703,16:25:59.703,ACT/USDT:USDT,0.04585,2677.0,0.04584,6646.0,0.04586,5742.0,0.04587,15530.0
1753547160503,16:26:00.503,ACT/USDT:USDT,0.04585,8608.0,0.04584,20985.0,0.04586,4.0,0.04587,7354.0
1753547161203,16:26:01.203,ACT/USDT:USDT,0.04585,9223.0,0.04584,21084.0,0.04586,4.0,0.04587,7468.0
1753547161603,16:26:01.603,ACT/USDT:USDT,0.04585,9223.0,0.04584,21084.0,0.04586,4.0,0.04587,7468.0
1753547162003,16:26:02.003,ACT/USDT:USDT,0.04585,12724.0,0.04584,21084.0,0.04586,4.0,0.04587,7468.0
1753547162203,16:26:02.203,ACT/USDT:USDT,0.04585,12724.0,0.04584,21084.0,0.04586,4.0,0.04587,7468.0
1753547163403,16:26:03.403,ACT/USDT:USDT,0.04586,10505.0,0.04585,27303.0,0.04587,4805.0,0.04588,4190.0
1753547163603,16:26:03.603,ACT/USDT:USDT,0.04586,4219.0,0.04585,15991.0,0.04587,4805.0,0.04588,6370.0
1753547164503,16:26:04.503,ACT/USDT:USDT,0.04585,7567.0,0.04584,9611.0,0.04586,2663.0,0.04587,7903.0
1753547164703,16:26:04.703,ACT/USDT:USDT,0.04585,7567.0,0.04584,9611.0,0.04586,2663.0,0.04587,12117.0
1753547165403,16:26:05.403,ACT/USDT:USDT,0.04585,4910.0,0.04584,6721.0,0.04586,5146.0,0.04587,18656.0
1753547166303,16:26:06.303,ACT/USDT:USDT,0.04585,4910.0,0.04584,6721.0,0.04586,13845.0,0.04587,36044.0
1753547166703,16:26:06.703,ACT/USDT:USDT,0.04585,4910.0,0.04584,6721.0,0.04586,13845.0,0.04587,36044.0
1753547167203,16:26:07.203,ACT/USDT:USDT,0.04585,4910.0,0.04584,6721.0,0.04586,14768.0,0.04587,38230.0
1753547170103,16:26:10.103,ACT/USDT:USDT,0.04586,2663.0,0.04585,11807.0,0.04587,9645.0,0.04588,26714.0
1753547170303,16:26:10.303,ACT/USDT:USDT,0.04586,2663.0,0.04585,13367.0,0.04587,9647.0,0.04588,20175.0
1753547171303,16:26:11.303,ACT/USDT:USDT,0.04586,30.0,0.04585,9410.0,0.04587,13387.0,0.04588,33521.0
1753547172203,16:26:12.203,ACT/USDT:USDT,0.04586,2691.0,0.04585,12066.0,0.04587,11827.0,0.04588,28671.0
1753547172503,16:26:12.503,ACT/USDT:USDT,0.04586,2691.0,0.04585,12066.0,0.04587,11827.0,0.04588,29060.0
1753547172903,16:26:12.903,ACT/USDT:USDT,0.04586,2691.0,0.04585,14063.0,0.04587,9647.0,0.04588,29060.0
1753547173203,16:26:13.203,ACT/USDT:USDT,0.04586,8312.0,0.04585,12209.0,0.04587,6986.0,0.04588,13287.0
1753547174203,16:26:14.203,ACT/USDT:USDT,0.04586,2691.0,0.04585,11772.0,0.04587,6984.0,0.04588,6766.0
1753547176803,16:26:16.803,ACT/USDT:USDT,0.04586,10511.0,0.04585,25286.0,0.04587,5963.0,0.04588,3875.0
1753547178603,16:26:18.603,ACT/USDT:USDT,0.04586,10511.0,0.04585,25286.0,0.04587,5963.0,0.04588,3885.0
1753547179103,16:26:19.103,ACT/USDT:USDT,0.04586,8327.0,0.04585,25286.0,0.04587,5963.0,0.04588,3885.0
1753547179703,16:26:19.703,ACT/USDT:USDT,0.04586,10520.0,0.04585,25282.0,0.04587,5963.0,0.04588,3885.0
1753547181003,16:26:21.003,ACT/USDT:USDT,0.04586,4269.0,0.04585,18572.0,0.04587,5963.0,0.04588,3885.0
1753547181703,16:26:21.703,ACT/USDT:USDT,0.04586,2714.0,0.04585,18572.0,0.04587,5963.0,0.04588,3885.0
1753547181903,16:26:21.903,ACT/USDT:USDT,0.04586,2714.0,0.04585,18572.0,0.04587,5963.0,0.04588,3891.0
1753547182303,16:26:22.303,ACT/USDT:USDT,0.04586,2714.0,0.04585,15481.0,0.04587,5963.0,0.04588,6920.0
