timestamp,time,exchange,symbol,bid1_price,bid1_volume,bid2_price,bid2_volume,ask1_price,ask1_volume,ask2_price,ask2_volume
1753591899222,04:51:39.222,bitmex,AAVE/USDT:USDT,296.73,1000.0,296.67,1000.0,296.84,113000.0,296.98,728000.0
1753591899584,04:51:39.584,bitmex,AAVE/USDT:USDT,296.74,1000.0,296.73,1000.0,296.84,113000.0,296.98,728000.0
1753591899634,04:51:39.634,bitmex,AAVE/USDT:USDT,296.79,1000.0,296.72,1000.0,296.84,113000.0,296.98,728000.0
1753591899733,04:51:39.733,bitmex,AAVE/USDT:USDT,296.82,1000.0,296.51,6000.0,296.83,1000.0,296.84,113000.0
1753591899783,04:51:39.783,bitmex,AAVE/USDT:USDT,296.82,1000.0,296.74,1000.0,296.83,1000.0,296.84,113000.0
1753591899832,04:51:39.832,bitmex,AAVE/USDT:USDT,296.82,1000.0,296.74,1000.0,296.83,1000.0,296.84,113000.0
1753591900258,04:51:40.258,bitmex,AAVE/USDT:USDT,296.82,1000.0,296.74,1000.0,296.83,1000.0,296.84,113000.0
1753591900509,04:51:40.509,bitmex,AAVE/USDT:USDT,296.82,1000.0,296.74,1000.0,296.83,1000.0,296.84,113000.0
1753591900559,04:51:40.559,bitmex,AAVE/USDT:USDT,296.82,1000.0,296.74,1000.0,296.83,1000.0,296.84,113000.0
1753591901021,04:51:41.021,bitmex,AAVE/USDT:USDT,296.82,1000.0,296.74,1000.0,296.83,1000.0,296.98,728000.0
1753591901183,04:51:41.183,bitmex,AAVE/USDT:USDT,296.82,1000.0,296.74,1000.0,296.83,1000.0,296.84,113000.0
1753591901333,04:51:41.333,bitmex,AAVE/USDT:USDT,296.82,1000.0,296.74,1000.0,296.83,1000.0,296.84,113000.0
1753591901383,04:51:41.383,bitmex,AAVE/USDT:USDT,296.82,1000.0,296.74,1000.0,296.83,1000.0,296.84,113000.0
1753591901525,04:51:41.525,bitmex,AAVE/USDT:USDT,296.82,1000.0,296.74,1000.0,296.83,1000.0,296.84,113000.0
1753591901673,04:51:41.673,bitmex,AAVE/USDT:USDT,296.82,1000.0,296.74,1000.0,296.83,1000.0,296.84,113000.0
1753591901722,04:51:41.722,bitmex,AAVE/USDT:USDT,296.82,1000.0,296.74,1000.0,296.83,1000.0,296.84,113000.0
1753591902525,04:51:42.525,bitmex,AAVE/USDT:USDT,296.82,1000.0,296.74,1000.0,296.83,1000.0,296.84,113000.0
1753591902575,04:51:42.575,bitmex,AAVE/USDT:USDT,296.82,1000.0,296.74,1000.0,296.83,1000.0,296.84,113000.0
1753591903422,04:51:43.422,bitmex,AAVE/USDT:USDT,296.82,1000.0,296.74,1000.0,296.83,1000.0,296.84,113000.0
1753591903653,04:51:43.653,bitmex,AAVE/USDT:USDT,296.82,1000.0,296.74,1000.0,296.83,1000.0,296.84,113000.0
1753591903716,04:51:43.716,bitmex,AAVE/USDT:USDT,296.82,1000.0,296.74,1000.0,296.83,1000.0,296.84,113000.0
1753591903892,04:51:43.892,bitmex,AAVE/USDT:USDT,296.82,1000.0,296.74,1000.0,296.83,1000.0,296.84,113000.0
1753591903942,04:51:43.942,bitmex,AAVE/USDT:USDT,296.83,1000.0,296.75,1000.0,296.84,113000.0,296.98,728000.0
1753591903991,04:51:43.991,bitmex,AAVE/USDT:USDT,296.83,1000.0,296.75,1000.0,296.84,113000.0,296.98,728000.0
1753591904471,04:51:44.471,bitmex,AAVE/USDT:USDT,296.83,1000.0,296.75,1000.0,296.84,113000.0,297.35,3000.0
1753591904520,04:51:44.520,bitmex,AAVE/USDT:USDT,296.83,1000.0,296.75,1000.0,296.84,113000.0,297.1,728000.0
1753591904833,04:51:44.833,bitmex,AAVE/USDT:USDT,296.83,1000.0,296.75,1000.0,296.84,113000.0,297.1,728000.0
1753591904882,04:51:44.882,bitmex,AAVE/USDT:USDT,296.83,1000.0,296.75,1000.0,296.84,113000.0,297.1,728000.0
1753591904931,04:51:44.931,bitmex,AAVE/USDT:USDT,296.83,1000.0,296.75,1000.0,296.84,113000.0,297.1,728000.0
1753591906050,04:51:46.050,bitmex,AAVE/USDT:USDT,296.83,1000.0,296.75,1000.0,296.84,113000.0,297.1,728000.0
1753591906099,04:51:46.099,bitmex,AAVE/USDT:USDT,296.83,1000.0,296.75,1000.0,296.84,113000.0,297.1,728000.0
1753591906615,04:51:46.615,bitmex,AAVE/USDT:USDT,296.83,1000.0,296.75,1000.0,296.84,113000.0,297.1,728000.0
1753591906665,04:51:46.665,bitmex,AAVE/USDT:USDT,296.83,1000.0,296.75,1000.0,296.84,113000.0,297.1,728000.0
1753591907234,04:51:47.234,bitmex,AAVE/USDT:USDT,296.83,1000.0,296.75,1000.0,296.84,113000.0,297.1,728000.0
1753591907283,04:51:47.283,bitmex,AAVE/USDT:USDT,296.83,1000.0,296.75,1000.0,296.84,113000.0,297.1,728000.0
1753591907908,04:51:47.908,bitmex,AAVE/USDT:USDT,296.83,1000.0,296.75,1000.0,297.1,728000.0,297.37,3000.0
1753591907958,04:51:47.958,bitmex,AAVE/USDT:USDT,296.85,1000.0,296.78,1000.0,296.89,113000.0,297.1,728000.0
1753591908046,04:51:48.046,bitmex,AAVE/USDT:USDT,296.85,1000.0,296.78,1000.0,296.89,113000.0,297.1,728000.0
1753591908416,04:51:48.416,bitmex,AAVE/USDT:USDT,296.85,1000.0,296.78,1000.0,296.89,113000.0,297.1,728000.0
1753591908480,04:51:48.480,bitmex,AAVE/USDT:USDT,296.85,1000.0,296.78,1000.0,296.89,113000.0,297.1,728000.0
1753591909270,04:51:49.270,bitmex,AAVE/USDT:USDT,296.85,1000.0,296.78,1000.0,296.89,113000.0,297.1,728000.0
1753591909320,04:51:49.320,bitmex,AAVE/USDT:USDT,296.85,1000.0,296.78,1000.0,296.89,113000.0,297.1,728000.0
1753591909634,04:51:49.634,bitmex,AAVE/USDT:USDT,296.85,1000.0,296.78,1000.0,296.89,113000.0,297.1,728000.0
1753591909684,04:51:49.684,bitmex,AAVE/USDT:USDT,296.85,1000.0,296.78,1000.0,296.89,113000.0,297.1,728000.0
1753591909945,04:51:49.945,bitmex,AAVE/USDT:USDT,296.85,1000.0,296.78,1000.0,296.89,113000.0,297.1,728000.0
1753591909994,04:51:49.994,bitmex,AAVE/USDT:USDT,296.85,1000.0,296.78,1000.0,296.89,113000.0,297.1,728000.0
1753591910688,04:51:50.688,bitmex,AAVE/USDT:USDT,296.85,1000.0,296.78,1000.0,296.89,113000.0,297.1,728000.0
1753591910737,04:51:50.737,bitmex,AAVE/USDT:USDT,296.85,1000.0,296.78,1000.0,296.89,113000.0,297.1,728000.0
1753591911761,04:51:51.761,bitmex,AAVE/USDT:USDT,296.78,1000.0,296.56,3000.0,296.89,113000.0,297.1,728000.0
1753591911811,04:51:51.811,bitmex,AAVE/USDT:USDT,296.78,1000.0,296.7,1000.0,296.89,113000.0,297.1,728000.0
1753591911876,04:51:51.876,bitmex,AAVE/USDT:USDT,296.78,1000.0,296.7,1000.0,296.89,113000.0,297.1,728000.0
1753591911925,04:51:51.925,bitmex,AAVE/USDT:USDT,296.78,1000.0,296.7,1000.0,296.89,113000.0,297.1,728000.0
1753591911974,04:51:51.974,bitmex,AAVE/USDT:USDT,296.78,1000.0,296.7,1000.0,296.89,113000.0,297.1,728000.0
1753591912024,04:51:52.024,bitmex,AAVE/USDT:USDT,296.78,1000.0,296.7,1000.0,296.89,113000.0,297.1,728000.0
1753591912074,04:51:52.074,bitmex,AAVE/USDT:USDT,296.78,1000.0,296.7,1000.0,296.89,113000.0,297.1,728000.0
1753591912156,04:51:52.156,bitmex,AAVE/USDT:USDT,296.79,1000.0,296.78,1000.0,296.89,113000.0,297.1,728000.0
1753591912205,04:51:52.205,bitmex,AAVE/USDT:USDT,296.87,1000.0,296.79,1000.0,296.88,1000.0,296.89,113000.0
1753591912254,04:51:52.254,bitmex,AAVE/USDT:USDT,296.87,1000.0,296.79,1000.0,296.88,1000.0,296.89,113000.0
1753591912330,04:51:52.330,bitmex,AAVE/USDT:USDT,296.87,1000.0,296.79,1000.0,296.88,1000.0,296.89,113000.0
1753591912380,04:51:52.380,bitmex,AAVE/USDT:USDT,296.87,1000.0,296.79,1000.0,296.88,1000.0,296.89,113000.0
1753591912840,04:51:52.840,bitmex,AAVE/USDT:USDT,296.87,1000.0,296.79,1000.0,296.88,1000.0,296.89,113000.0
1753591913136,04:51:53.136,bitmex,AAVE/USDT:USDT,296.87,1000.0,296.79,1000.0,296.88,1000.0,296.89,113000.0
1753591913185,04:51:53.185,bitmex,AAVE/USDT:USDT,296.87,1000.0,296.79,1000.0,296.88,1000.0,296.89,113000.0
1753591913383,04:51:53.383,bitmex,AAVE/USDT:USDT,296.79,1000.0,296.59,3000.0,296.88,1000.0,296.89,113000.0
1753591913434,04:51:53.434,bitmex,AAVE/USDT:USDT,296.79,1000.0,296.72,1000.0,296.88,1000.0,296.89,113000.0
1753591913502,04:51:53.502,bitmex,AAVE/USDT:USDT,296.79,1000.0,296.72,1000.0,296.88,1000.0,296.89,113000.0
1753591913551,04:51:53.551,bitmex,AAVE/USDT:USDT,296.79,1000.0,296.72,1000.0,296.88,1000.0,296.89,113000.0
1753591914070,04:51:54.070,bitmex,AAVE/USDT:USDT,296.79,1000.0,296.72,1000.0,296.88,1000.0,296.89,113000.0
1753591914120,04:51:54.120,bitmex,AAVE/USDT:USDT,296.79,1000.0,296.72,1000.0,296.88,1000.0,296.89,113000.0
1753591914401,04:51:54.401,bitmex,AAVE/USDT:USDT,296.79,1000.0,296.72,1000.0,296.88,1000.0,296.89,113000.0
1753591914451,04:51:54.451,bitmex,AAVE/USDT:USDT,296.79,1000.0,296.72,1000.0,296.88,1000.0,296.89,113000.0
1753591914917,04:51:54.917,bitmex,AAVE/USDT:USDT,296.79,1000.0,296.72,1000.0,296.88,1000.0,296.89,113000.0
1753591914966,04:51:54.966,bitmex,AAVE/USDT:USDT,296.79,1000.0,296.72,1000.0,296.88,1000.0,296.89,113000.0
1753591915453,04:51:55.453,bitmex,AAVE/USDT:USDT,296.79,1000.0,296.72,1000.0,296.88,1000.0,296.89,113000.0
1753591915502,04:51:55.502,bitmex,AAVE/USDT:USDT,296.79,1000.0,296.72,1000.0,296.88,1000.0,296.89,113000.0
1753591916458,04:51:56.458,bitmex,AAVE/USDT:USDT,296.8,1000.0,296.79,1000.0,296.88,1000.0,296.89,113000.0
1753591916508,04:51:56.508,bitmex,AAVE/USDT:USDT,296.85,1000.0,296.59,3000.0,296.88,1000.0,296.89,113000.0
1753591916557,04:51:56.557,bitmex,AAVE/USDT:USDT,296.85,1000.0,296.78,1000.0,296.88,1000.0,296.89,113000.0
1753591916676,04:51:56.676,bitmex,AAVE/USDT:USDT,296.85,1000.0,296.78,1000.0,296.88,1000.0,296.89,113000.0
1753591916725,04:51:56.725,bitmex,AAVE/USDT:USDT,296.85,1000.0,296.78,1000.0,296.88,1000.0,296.89,113000.0
1753591917042,04:51:57.042,bitmex,AAVE/USDT:USDT,296.85,1000.0,296.78,1000.0,296.88,1000.0,296.89,113000.0
1753591917590,04:51:57.590,bitmex,AAVE/USDT:USDT,296.85,1000.0,296.78,1000.0,296.88,1000.0,296.89,113000.0
1753591917703,04:51:57.703,bitmex,AAVE/USDT:USDT,296.85,1000.0,296.78,1000.0,296.88,1000.0,296.89,113000.0
1753591917776,04:51:57.776,bitmex,AAVE/USDT:USDT,296.85,1000.0,296.78,1000.0,296.88,1000.0,296.89,113000.0
1753591917825,04:51:57.825,bitmex,AAVE/USDT:USDT,296.85,1000.0,296.78,1000.0,296.88,1000.0,296.89,113000.0
1753591918871,04:51:58.871,bitmex,AAVE/USDT:USDT,296.85,1000.0,296.78,1000.0,296.88,1000.0,296.89,113000.0
1753591918920,04:51:58.920,bitmex,AAVE/USDT:USDT,296.85,1000.0,296.78,1000.0,296.88,1000.0,296.89,113000.0
1753591921470,04:52:01.470,bitmex,AAVE/USDT:USDT,296.85,1000.0,296.78,1000.0,296.88,1000.0,296.89,113000.0
1753591921519,04:52:01.519,bitmex,AAVE/USDT:USDT,296.87,1000.0,296.85,1000.0,296.88,1000.0,296.89,113000.0
1753591921568,04:52:01.568,bitmex,AAVE/USDT:USDT,296.87,1000.0,296.78,1000.0,296.88,1000.0,296.89,113000.0
1753591921568,04:52:01.568,bitmex,AAVE/USDT:USDT,296.87,1000.0,296.78,1000.0,296.88,1000.0,296.89,113000.0
1753591921621,04:52:01.621,bitmex,AAVE/USDT:USDT,296.88,1000.0,296.79,1000.0,297.1,728000.0,297.37,3000.0
1753591921672,04:52:01.672,bitmex,AAVE/USDT:USDT,296.92,1000.0,296.91,1000.0,297.1,728000.0,297.37,3000.0
1753591921722,04:52:01.722,bitmex,AAVE/USDT:USDT,296.93,1000.0,296.85,1000.0,296.97,113000.0,297.1,728000.0
1753591921772,04:52:01.772,bitmex,AAVE/USDT:USDT,296.93,1000.0,296.85,1000.0,296.97,113000.0,297.1,728000.0
1753591921821,04:52:01.821,bitmex,AAVE/USDT:USDT,296.94,1000.0,296.85,1000.0,296.97,113000.0,297.1,728000.0
1753591921872,04:52:01.872,bitmex,AAVE/USDT:USDT,296.96,1000.0,296.85,1000.0,296.97,113000.0,297.1,728000.0
1753591921925,04:52:01.925,bitmex,AAVE/USDT:USDT,296.96,1000.0,296.88,1000.0,296.97,113000.0,297.1,728000.0
1753591922047,04:52:02.047,bitmex,AAVE/USDT:USDT,296.96,1000.0,296.88,1000.0,296.97,113000.0,297.1,728000.0
1753591922096,04:52:02.096,bitmex,AAVE/USDT:USDT,296.96,1000.0,296.88,1000.0,296.97,113000.0,297.1,728000.0
1753591922145,04:52:02.145,bitmex,AAVE/USDT:USDT,296.96,1000.0,296.88,1000.0,296.97,113000.0,297.1,728000.0
1753591922267,04:52:02.267,bitmex,AAVE/USDT:USDT,296.88,1000.0,296.68,3000.0,296.96,1000.0,296.97,113000.0
1753591922317,04:52:02.317,bitmex,AAVE/USDT:USDT,296.89,1000.0,296.68,3000.0,296.96,1000.0,296.97,113000.0
1753591922366,04:52:02.366,bitmex,AAVE/USDT:USDT,296.89,1000.0,296.81,1000.0,296.96,1000.0,296.97,113000.0
1753591922415,04:52:02.415,bitmex,AAVE/USDT:USDT,296.89,1000.0,296.81,1000.0,296.96,1000.0,296.97,113000.0
1753591922464,04:52:02.464,bitmex,AAVE/USDT:USDT,296.89,1000.0,296.81,1000.0,296.96,1000.0,296.97,113000.0
1753591922562,04:52:02.562,bitmex,AAVE/USDT:USDT,296.81,1000.0,296.68,3000.0,296.96,1000.0,296.97,113000.0
1753591922660,04:52:02.660,bitmex,AAVE/USDT:USDT,296.81,1000.0,296.73,1000.0,296.96,1000.0,296.97,113000.0
1753591923355,04:52:03.355,bitmex,AAVE/USDT:USDT,296.81,1000.0,296.73,1000.0,296.96,1000.0,296.97,113000.0
1753591923405,04:52:03.405,bitmex,AAVE/USDT:USDT,296.81,1000.0,296.73,1000.0,296.96,1000.0,296.97,113000.0
1753591923635,04:52:03.635,bitmex,AAVE/USDT:USDT,296.81,1000.0,296.73,1000.0,296.96,1000.0,296.97,113000.0
1753591923685,04:52:03.685,bitmex,AAVE/USDT:USDT,296.81,1000.0,296.73,1000.0,296.96,1000.0,296.97,113000.0
1753591923734,04:52:03.734,bitmex,AAVE/USDT:USDT,296.81,1000.0,296.73,1000.0,296.96,1000.0,296.97,113000.0
1753591923783,04:52:03.783,bitmex,AAVE/USDT:USDT,296.81,1000.0,296.73,1000.0,296.96,1000.0,296.97,113000.0
1753591923914,04:52:03.914,bitmex,AAVE/USDT:USDT,296.81,1000.0,296.73,1000.0,296.96,1000.0,296.97,113000.0
1753591923963,04:52:03.963,bitmex,AAVE/USDT:USDT,296.81,1000.0,296.73,1000.0,296.96,1000.0,296.97,113000.0
1753591924399,04:52:04.399,bitmex,AAVE/USDT:USDT,296.92,1000.0,296.91,1000.0,296.96,1000.0,296.97,113000.0
1753591924448,04:52:04.448,bitmex,AAVE/USDT:USDT,296.68,3000.0,296.64,3000.0,296.96,1000.0,296.97,113000.0
1753591924497,04:52:04.497,bitmex,AAVE/USDT:USDT,296.68,3000.0,296.64,3000.0,296.96,1000.0,296.97,113000.0
1753591924805,04:52:04.805,bitmex,AAVE/USDT:USDT,296.68,3000.0,296.64,3000.0,296.96,1000.0,296.97,113000.0
1753591924854,04:52:04.854,bitmex,AAVE/USDT:USDT,296.68,3000.0,296.64,3000.0,296.96,1000.0,296.97,113000.0
1753591924923,04:52:04.923,bitmex,AAVE/USDT:USDT,296.68,3000.0,296.64,3000.0,296.96,1000.0,296.97,113000.0
1753591924972,04:52:04.972,bitmex,AAVE/USDT:USDT,296.68,3000.0,296.64,3000.0,296.96,1000.0,296.97,113000.0
1753591925039,04:52:05.039,bitmex,AAVE/USDT:USDT,296.69,1000.0,296.68,3000.0,296.96,1000.0,296.97,113000.0
1753591925088,04:52:05.088,bitmex,AAVE/USDT:USDT,296.79,1000.0,296.78,1000.0,296.96,1000.0,296.97,113000.0
1753591925137,04:52:05.137,bitmex,AAVE/USDT:USDT,296.89,1000.0,296.88,1000.0,296.96,1000.0,296.97,113000.0
1753591925186,04:52:05.186,bitmex,AAVE/USDT:USDT,296.68,3000.0,296.63,6000.0,296.96,1000.0,296.97,113000.0
1753591925603,04:52:05.603,bitmex,AAVE/USDT:USDT,296.68,3000.0,296.64,3000.0,296.96,1000.0,296.97,113000.0
1753591925928,04:52:05.928,bitmex,AAVE/USDT:USDT,296.68,3000.0,296.64,3000.0,296.96,1000.0,296.97,113000.0
1753591925978,04:52:05.978,bitmex,AAVE/USDT:USDT,296.68,3000.0,296.64,3000.0,296.96,1000.0,296.97,113000.0
1753591926077,04:52:06.077,bitmex,AAVE/USDT:USDT,296.68,3000.0,296.65,3000.0,296.96,1000.0,296.97,113000.0
1753591926126,04:52:06.126,bitmex,AAVE/USDT:USDT,296.68,3000.0,296.64,3000.0,296.96,1000.0,296.97,113000.0
1753591926251,04:52:06.251,bitmex,AAVE/USDT:USDT,296.68,3000.0,296.63,6000.0,296.96,1000.0,296.97,113000.0
1753591926497,04:52:06.497,bitmex,AAVE/USDT:USDT,296.68,3000.0,296.64,3000.0,296.96,1000.0,296.97,113000.0
1753591926777,04:52:06.777,bitmex,AAVE/USDT:USDT,296.68,3000.0,296.63,6000.0,296.96,1000.0,296.97,113000.0
1753591927014,04:52:07.014,bitmex,AAVE/USDT:USDT,296.69,1000.0,296.68,3000.0,296.96,1000.0,296.97,113000.0
1753591927063,04:52:07.063,bitmex,AAVE/USDT:USDT,296.79,1000.0,296.78,1000.0,296.96,1000.0,296.97,113000.0
1753591927112,04:52:07.112,bitmex,AAVE/USDT:USDT,296.89,1000.0,296.88,1000.0,296.96,1000.0,296.97,113000.0
1753591927161,04:52:07.161,bitmex,AAVE/USDT:USDT,296.68,3000.0,296.63,6000.0,296.96,1000.0,296.97,113000.0
1753591927210,04:52:07.210,bitmex,AAVE/USDT:USDT,296.68,3000.0,296.63,6000.0,296.96,1000.0,296.97,113000.0
1753591927288,04:52:07.288,bitmex,AAVE/USDT:USDT,296.68,3000.0,296.63,6000.0,296.96,1000.0,296.97,113000.0
1753591927503,04:52:07.503,bitmex,AAVE/USDT:USDT,296.68,3000.0,296.63,6000.0,296.96,1000.0,296.97,113000.0
1753591928163,04:52:08.163,bitmex,AAVE/USDT:USDT,296.69,1000.0,296.68,3000.0,296.96,1000.0,296.97,113000.0
1753591928212,04:52:08.212,bitmex,AAVE/USDT:USDT,296.79,1000.0,296.78,1000.0,296.96,1000.0,296.97,113000.0
1753591928261,04:52:08.261,bitmex,AAVE/USDT:USDT,296.9,1000.0,296.68,3000.0,296.96,1000.0,296.97,113000.0
1753591928310,04:52:08.310,bitmex,AAVE/USDT:USDT,296.68,3000.0,296.64,3000.0,296.96,1000.0,296.97,113000.0
1753591928365,04:52:08.365,bitmex,AAVE/USDT:USDT,296.68,3000.0,296.64,3000.0,296.96,1000.0,296.97,113000.0
1753591928415,04:52:08.415,bitmex,AAVE/USDT:USDT,296.68,3000.0,296.64,3000.0,296.96,1000.0,296.97,113000.0
1753591928471,04:52:08.471,bitmex,AAVE/USDT:USDT,296.68,3000.0,296.64,3000.0,296.96,1000.0,296.97,113000.0
1753591928520,04:52:08.520,bitmex,AAVE/USDT:USDT,296.68,3000.0,296.64,3000.0,296.96,1000.0,296.97,113000.0
1753591929487,04:52:09.487,bitmex,AAVE/USDT:USDT,296.68,3000.0,296.64,3000.0,296.96,1000.0,296.97,113000.0
1753591929536,04:52:09.536,bitmex,AAVE/USDT:USDT,296.68,3000.0,296.64,3000.0,296.96,1000.0,296.97,113000.0
1753591929585,04:52:09.585,bitmex,AAVE/USDT:USDT,296.68,3000.0,296.64,3000.0,296.96,1000.0,296.97,113000.0
1753591930605,04:52:10.605,bitmex,AAVE/USDT:USDT,296.68,3000.0,296.64,3000.0,296.96,1000.0,296.97,113000.0
1753591930654,04:52:10.654,bitmex,AAVE/USDT:USDT,296.68,3000.0,296.64,3000.0,296.96,1000.0,296.97,113000.0
1753591930703,04:52:10.703,bitmex,AAVE/USDT:USDT,296.68,3000.0,296.64,3000.0,296.96,1000.0,296.97,113000.0
1753591931824,04:52:11.824,bitmex,AAVE/USDT:USDT,296.68,3000.0,296.64,3000.0,296.96,1000.0,296.97,113000.0
1753591932695,04:52:12.695,bitmex,AAVE/USDT:USDT,296.69,1000.0,296.68,3000.0,296.96,1000.0,296.97,113000.0
1753591932745,04:52:12.745,bitmex,AAVE/USDT:USDT,296.85,1000.0,296.69,1000.0,296.91,1000.0,296.92,1000.0
1753591932794,04:52:12.794,bitmex,AAVE/USDT:USDT,296.87,1000.0,296.78,1000.0,296.88,1000.0,296.89,1000.0
1753591932843,04:52:12.843,bitmex,AAVE/USDT:USDT,296.87,1000.0,296.79,1000.0,296.88,1000.0,296.89,1000.0
1753591932892,04:52:12.892,bitmex,AAVE/USDT:USDT,296.87,1000.0,296.79,1000.0,296.88,1000.0,296.89,1000.0
1753591932941,04:52:12.941,bitmex,AAVE/USDT:USDT,296.88,1000.0,296.79,1000.0,296.89,1000.0,296.9,1000.0
1753591932990,04:52:12.990,bitmex,AAVE/USDT:USDT,296.88,1000.0,296.8,1000.0,296.89,1000.0,296.9,1000.0
1753591933055,04:52:13.055,bitmex,AAVE/USDT:USDT,296.88,1000.0,296.8,1000.0,296.89,1000.0,296.9,1000.0
1753591933142,04:52:13.142,bitmex,AAVE/USDT:USDT,296.88,1000.0,296.8,1000.0,296.89,1000.0,296.9,1000.0
1753591933192,04:52:13.192,bitmex,AAVE/USDT:USDT,296.88,1000.0,296.8,1000.0,296.89,1000.0,296.9,1000.0
1753591933271,04:52:13.271,bitmex,AAVE/USDT:USDT,296.88,1000.0,296.8,1000.0,296.89,1000.0,296.9,1000.0
1753591933320,04:52:13.320,bitmex,AAVE/USDT:USDT,296.88,1000.0,296.8,1000.0,296.89,1000.0,296.9,1000.0
1753591933369,04:52:13.369,bitmex,AAVE/USDT:USDT,296.88,1000.0,296.8,1000.0,296.89,1000.0,296.9,1000.0
1753591933693,04:52:13.693,bitmex,AAVE/USDT:USDT,296.88,1000.0,296.8,1000.0,296.89,1000.0,296.9,1000.0
1753591934174,04:52:14.174,bitmex,AAVE/USDT:USDT,296.88,1000.0,296.8,1000.0,296.89,1000.0,296.9,1000.0
1753591934224,04:52:14.224,bitmex,AAVE/USDT:USDT,296.88,1000.0,296.8,1000.0,296.89,1000.0,296.9,1000.0
1753591934682,04:52:14.682,bitmex,AAVE/USDT:USDT,296.88,1000.0,296.8,1000.0,296.89,1000.0,296.9,1000.0
1753591934732,04:52:14.732,bitmex,AAVE/USDT:USDT,296.89,1000.0,296.81,1000.0,296.96,1000.0,296.97,113000.0
1753591934782,04:52:14.782,bitmex,AAVE/USDT:USDT,296.89,1000.0,296.81,1000.0,296.96,1000.0,296.97,113000.0
1753591935281,04:52:15.281,bitmex,AAVE/USDT:USDT,296.89,1000.0,296.81,1000.0,296.96,1000.0,296.97,113000.0
1753591935330,04:52:15.330,bitmex,AAVE/USDT:USDT,296.89,1000.0,296.81,1000.0,296.96,1000.0,296.97,113000.0
1753591936375,04:52:16.375,bitmex,AAVE/USDT:USDT,296.89,1000.0,296.81,1000.0,296.96,1000.0,296.97,113000.0
1753591936515,04:52:16.515,bitmex,AAVE/USDT:USDT,296.89,1000.0,296.81,1000.0,296.96,1000.0,296.97,113000.0
1753591938072,04:52:18.072,bitmex,AAVE/USDT:USDT,296.89,1000.0,296.81,1000.0,296.96,1000.0,296.97,113000.0
1753591938122,04:52:18.122,bitmex,AAVE/USDT:USDT,296.89,1000.0,296.81,1000.0,296.96,1000.0,296.97,113000.0
1753591938413,04:52:18.413,bitmex,AAVE/USDT:USDT,296.89,1000.0,296.81,1000.0,296.96,1000.0,296.97,113000.0
1753591938462,04:52:18.462,bitmex,AAVE/USDT:USDT,296.89,1000.0,296.81,1000.0,296.96,1000.0,296.97,113000.0
1753591939144,04:52:19.144,bitmex,AAVE/USDT:USDT,296.89,1000.0,296.81,1000.0,296.96,1000.0,296.97,113000.0
1753591939488,04:52:19.488,bitmex,AAVE/USDT:USDT,296.89,1000.0,296.81,1000.0,296.96,1000.0,296.97,113000.0
1753591940013,04:52:20.013,bitmex,AAVE/USDT:USDT,296.89,1000.0,296.81,1000.0,296.96,1000.0,296.97,113000.0
1753591941155,04:52:21.155,bitmex,AAVE/USDT:USDT,296.89,1000.0,296.81,1000.0,296.96,1000.0,296.97,113000.0
1753591941204,04:52:21.204,bitmex,AAVE/USDT:USDT,296.89,1000.0,296.81,1000.0,296.96,1000.0,296.97,113000.0
1753591942294,04:52:22.294,bitmex,AAVE/USDT:USDT,296.89,1000.0,296.81,1000.0,296.96,1000.0,296.97,113000.0
1753591942343,04:52:22.343,bitmex,AAVE/USDT:USDT,296.89,1000.0,296.81,1000.0,296.96,1000.0,296.97,113000.0
1753591942542,04:52:22.542,bitmex,AAVE/USDT:USDT,296.89,1000.0,296.81,1000.0,296.96,1000.0,296.97,113000.0
1753591942814,04:52:22.814,bitmex,AAVE/USDT:USDT,296.95,1000.0,296.89,1000.0,296.96,1000.0,296.97,113000.0
1753591942864,04:52:22.864,bitmex,AAVE/USDT:USDT,296.94,1000.0,296.89,1000.0,296.95,1000.0,296.96,1000.0
1753591942913,04:52:22.913,bitmex,AAVE/USDT:USDT,296.94,1000.0,296.89,1000.0,296.95,1000.0,296.96,1000.0
1753591942962,04:52:22.962,bitmex,AAVE/USDT:USDT,296.94,1000.0,296.89,1000.0,296.95,1000.0,296.96,1000.0
1753591943266,04:52:23.266,bitmex,AAVE/USDT:USDT,296.94,1000.0,296.89,1000.0,296.95,1000.0,296.96,1000.0
1753591943316,04:52:23.316,bitmex,AAVE/USDT:USDT,296.94,1000.0,296.89,1000.0,296.95,1000.0,296.96,1000.0
1753591943365,04:52:23.365,bitmex,AAVE/USDT:USDT,296.94,1000.0,296.89,1000.0,296.95,1000.0,296.96,1000.0
1753591943414,04:52:23.414,bitmex,AAVE/USDT:USDT,296.95,1000.0,296.89,1000.0,296.96,1000.0,296.97,113000.0
1753591943463,04:52:23.463,bitmex,AAVE/USDT:USDT,296.95,1000.0,296.89,1000.0,296.96,1000.0,297.1,728000.0
1753591943548,04:52:23.548,bitmex,AAVE/USDT:USDT,296.95,1000.0,296.89,1000.0,296.96,1000.0,297.02,113000.0
1753591944377,04:52:24.377,bitmex,AAVE/USDT:USDT,296.95,1000.0,296.89,1000.0,296.96,1000.0,297.02,113000.0
1753591944427,04:52:24.427,bitmex,AAVE/USDT:USDT,296.95,1000.0,296.89,1000.0,296.96,1000.0,297.02,113000.0
1753591944669,04:52:24.669,bitmex,AAVE/USDT:USDT,296.95,1000.0,296.89,1000.0,297.02,113000.0,297.1,728000.0
1753591944719,04:52:24.719,bitmex,AAVE/USDT:USDT,297.01,1000.0,296.95,1000.0,297.02,113000.0,297.1,728000.0
1753591944768,04:52:24.768,bitmex,AAVE/USDT:USDT,297.0,1000.0,296.95,1000.0,297.01,1000.0,297.02,113000.0
1753591944979,04:52:24.979,bitmex,AAVE/USDT:USDT,297.0,1000.0,296.95,1000.0,297.01,1000.0,297.02,113000.0
1753591945029,04:52:25.029,bitmex,AAVE/USDT:USDT,297.0,1000.0,296.95,1000.0,297.01,1000.0,297.02,113000.0
1753591945103,04:52:25.103,bitmex,AAVE/USDT:USDT,296.95,1000.0,296.73,3000.0,297.0,1000.0,297.01,1000.0
1753591945153,04:52:25.153,bitmex,AAVE/USDT:USDT,296.99,1000.0,296.95,1000.0,297.0,1000.0,297.01,1000.0
1753591945315,04:52:25.315,bitmex,AAVE/USDT:USDT,296.99,1000.0,296.95,1000.0,297.0,1000.0,297.01,1000.0
1753591945365,04:52:25.365,bitmex,AAVE/USDT:USDT,296.99,1000.0,296.95,1000.0,297.0,1000.0,297.01,1000.0
1753591945414,04:52:25.414,bitmex,AAVE/USDT:USDT,296.99,1000.0,296.95,1000.0,297.0,1000.0,297.01,1000.0
1753591946005,04:52:26.005,bitmex,AAVE/USDT:USDT,296.99,1000.0,296.95,1000.0,297.0,1000.0,297.01,1000.0
1753591946057,04:52:26.057,bitmex,AAVE/USDT:USDT,296.99,1000.0,296.95,1000.0,297.0,1000.0,297.01,1000.0
1753591946106,04:52:26.106,bitmex,AAVE/USDT:USDT,296.99,1000.0,296.95,1000.0,297.0,1000.0,297.01,1000.0
1753591946548,04:52:26.548,bitmex,AAVE/USDT:USDT,296.99,1000.0,296.95,1000.0,297.01,1000.0,297.02,113000.0
1753591947224,04:52:27.224,bitmex,AAVE/USDT:USDT,296.99,1000.0,296.95,1000.0,297.01,1000.0,297.02,113000.0
1753591947274,04:52:27.274,bitmex,AAVE/USDT:USDT,296.99,1000.0,296.95,1000.0,297.01,1000.0,297.02,113000.0
1753591947671,04:52:27.671,bitmex,AAVE/USDT:USDT,296.99,1000.0,296.95,1000.0,297.01,1000.0,297.02,113000.0
1753591947720,04:52:27.720,bitmex,AAVE/USDT:USDT,296.99,1000.0,296.95,1000.0,297.01,1000.0,297.02,113000.0
1753591947769,04:52:27.769,bitmex,AAVE/USDT:USDT,296.99,1000.0,296.95,1000.0,297.01,1000.0,297.02,113000.0
1753591948327,04:52:28.327,bitmex,AAVE/USDT:USDT,296.95,1000.0,296.73,6000.0,297.01,1000.0,297.02,113000.0
1753591948377,04:52:28.377,bitmex,AAVE/USDT:USDT,296.95,1000.0,296.87,1000.0,297.01,1000.0,297.02,113000.0
1753591948426,04:52:28.426,bitmex,AAVE/USDT:USDT,296.95,1000.0,296.87,1000.0,297.01,1000.0,297.02,113000.0
1753591948475,04:52:28.475,bitmex,AAVE/USDT:USDT,296.95,1000.0,296.87,1000.0,297.01,1000.0,297.02,113000.0
1753591949673,04:52:29.673,bitmex,AAVE/USDT:USDT,296.95,1000.0,296.87,1000.0,297.01,1000.0,297.02,113000.0
1753591949724,04:52:29.724,bitmex,AAVE/USDT:USDT,296.95,1000.0,296.87,1000.0,297.01,1000.0,297.02,113000.0
1753591949773,04:52:29.773,bitmex,AAVE/USDT:USDT,296.95,1000.0,296.87,1000.0,297.01,1000.0,297.02,113000.0
1753591950064,04:52:30.064,bitmex,AAVE/USDT:USDT,296.95,1000.0,296.87,1000.0,297.01,1000.0,297.02,113000.0
1753591950114,04:52:30.114,bitmex,AAVE/USDT:USDT,296.95,1000.0,296.87,1000.0,297.01,1000.0,297.02,113000.0
1753591950211,04:52:30.211,bitmex,AAVE/USDT:USDT,296.95,1000.0,296.87,1000.0,297.01,1000.0,297.02,113000.0
1753591950323,04:52:30.323,bitmex,AAVE/USDT:USDT,296.95,1000.0,296.87,1000.0,297.01,1000.0,297.02,113000.0
1753591950974,04:52:30.974,bitmex,AAVE/USDT:USDT,296.95,1000.0,296.87,1000.0,297.01,1000.0,297.02,113000.0
1753591951024,04:52:31.024,bitmex,AAVE/USDT:USDT,296.95,1000.0,296.87,1000.0,297.01,1000.0,297.02,113000.0
1753591951136,04:52:31.136,bitmex,AAVE/USDT:USDT,296.95,1000.0,296.87,1000.0,297.01,1000.0,297.02,113000.0
1753591951186,04:52:31.186,bitmex,AAVE/USDT:USDT,296.95,1000.0,296.87,1000.0,297.01,1000.0,297.02,113000.0
1753591951320,04:52:31.320,bitmex,AAVE/USDT:USDT,296.95,1000.0,296.87,1000.0,297.01,1000.0,297.02,113000.0
1753591951370,04:52:31.370,bitmex,AAVE/USDT:USDT,296.95,1000.0,296.87,1000.0,297.01,1000.0,297.02,113000.0
1753591951419,04:52:31.419,bitmex,AAVE/USDT:USDT,296.95,1000.0,296.87,1000.0,297.01,1000.0,297.02,113000.0
1753591951917,04:52:31.917,bitmex,AAVE/USDT:USDT,296.95,1000.0,296.87,1000.0,297.01,1000.0,297.02,113000.0
1753591951967,04:52:31.967,bitmex,AAVE/USDT:USDT,296.95,1000.0,296.87,1000.0,297.01,1000.0,297.02,113000.0
1753591952353,04:52:32.353,bitmex,AAVE/USDT:USDT,296.95,1000.0,296.87,1000.0,297.01,1000.0,297.02,113000.0
1753591952403,04:52:32.403,bitmex,AAVE/USDT:USDT,296.95,1000.0,296.87,1000.0,297.01,1000.0,297.02,113000.0
1753591953072,04:52:33.072,bitmex,AAVE/USDT:USDT,296.95,1000.0,296.87,1000.0,297.01,1000.0,297.02,113000.0
1753591953121,04:52:33.121,bitmex,AAVE/USDT:USDT,296.95,1000.0,296.87,1000.0,297.01,1000.0,297.02,113000.0
1753591953560,04:52:33.560,bitmex,AAVE/USDT:USDT,296.95,1000.0,296.87,1000.0,297.01,1000.0,297.02,113000.0
1753591953610,04:52:33.610,bitmex,AAVE/USDT:USDT,296.95,1000.0,296.87,1000.0,297.01,1000.0,297.02,113000.0
1753591953764,04:52:33.764,bitmex,AAVE/USDT:USDT,296.95,1000.0,296.87,1000.0,297.01,1000.0,297.02,113000.0
1753591953834,04:52:33.834,bitmex,AAVE/USDT:USDT,296.95,1000.0,296.87,1000.0,297.01,1000.0,297.02,113000.0
1753591953884,04:52:33.884,bitmex,AAVE/USDT:USDT,296.95,1000.0,296.87,1000.0,297.01,1000.0,297.02,113000.0
1753591953933,04:52:33.933,bitmex,AAVE/USDT:USDT,296.95,1000.0,296.87,1000.0,297.01,1000.0,297.02,113000.0
1753591954061,04:52:34.061,bitmex,AAVE/USDT:USDT,296.95,1000.0,296.87,1000.0,297.01,1000.0,297.02,113000.0
1753591954259,04:52:34.259,bitmex,AAVE/USDT:USDT,296.95,1000.0,296.87,1000.0,297.01,1000.0,297.02,113000.0
1753591954309,04:52:34.309,bitmex,AAVE/USDT:USDT,296.95,1000.0,296.87,1000.0,297.01,1000.0,297.02,113000.0
1753591954911,04:52:34.911,bitmex,AAVE/USDT:USDT,296.95,1000.0,296.87,1000.0,297.01,1000.0,297.02,113000.0
1753591955024,04:52:35.024,bitmex,AAVE/USDT:USDT,296.95,1000.0,296.87,1000.0,297.01,1000.0,297.02,113000.0
1753591955080,04:52:35.080,bitmex,AAVE/USDT:USDT,296.95,1000.0,296.87,1000.0,297.01,1000.0,297.02,113000.0
1753591955214,04:52:35.214,bitmex,AAVE/USDT:USDT,296.95,1000.0,296.87,1000.0,297.01,1000.0,297.02,113000.0
1753591955272,04:52:35.272,bitmex,AAVE/USDT:USDT,296.95,1000.0,296.87,1000.0,297.01,1000.0,297.02,113000.0
1753591955396,04:52:35.396,bitmex,AAVE/USDT:USDT,296.95,1000.0,296.87,1000.0,297.01,1000.0,297.02,113000.0
1753591955446,04:52:35.446,bitmex,AAVE/USDT:USDT,296.87,1000.0,296.79,1000.0,297.01,1000.0,297.08,113000.0
1753591955495,04:52:35.495,bitmex,AAVE/USDT:USDT,296.87,1000.0,296.79,1000.0,297.01,1000.0,297.08,113000.0
1753591955544,04:52:35.544,bitmex,AAVE/USDT:USDT,296.87,1000.0,296.79,1000.0,297.01,1000.0,297.08,113000.0
1753591955593,04:52:35.593,bitmex,AAVE/USDT:USDT,296.87,1000.0,296.79,1000.0,297.01,1000.0,297.08,113000.0
1753591955642,04:52:35.642,bitmex,AAVE/USDT:USDT,296.87,1000.0,296.79,1000.0,297.01,1000.0,297.08,113000.0
1753591955691,04:52:35.691,bitmex,AAVE/USDT:USDT,296.87,1000.0,296.79,1000.0,297.01,1000.0,297.08,113000.0
1753591955847,04:52:35.847,bitmex,AAVE/USDT:USDT,296.88,1000.0,296.87,1000.0,297.01,1000.0,297.08,113000.0
1753591955897,04:52:35.897,bitmex,AAVE/USDT:USDT,296.92,1000.0,296.79,1000.0,297.01,1000.0,297.08,113000.0
1753591955946,04:52:35.946,bitmex,AAVE/USDT:USDT,296.92,1000.0,296.85,1000.0,297.01,1000.0,297.08,113000.0
1753591955995,04:52:35.995,bitmex,AAVE/USDT:USDT,296.92,1000.0,296.85,1000.0,297.01,1000.0,297.08,113000.0
1753591956044,04:52:36.044,bitmex,AAVE/USDT:USDT,296.92,1000.0,296.85,1000.0,297.01,1000.0,297.08,113000.0
1753591956383,04:52:36.383,bitmex,AAVE/USDT:USDT,296.92,1000.0,296.85,1000.0,297.01,1000.0,297.08,113000.0
1753591956432,04:52:36.432,bitmex,AAVE/USDT:USDT,296.92,1000.0,296.85,1000.0,297.01,1000.0,297.08,113000.0
1753591956481,04:52:36.481,bitmex,AAVE/USDT:USDT,296.92,1000.0,296.85,1000.0,297.01,1000.0,297.08,113000.0
1753591956576,04:52:36.576,bitmex,AAVE/USDT:USDT,296.92,1000.0,296.85,1000.0,297.01,1000.0,297.08,113000.0
1753591956625,04:52:36.625,bitmex,AAVE/USDT:USDT,296.92,1000.0,296.85,1000.0,297.01,1000.0,297.08,113000.0
1753591956674,04:52:36.674,bitmex,AAVE/USDT:USDT,296.92,1000.0,296.85,1000.0,297.01,1000.0,297.08,113000.0
1753591956723,04:52:36.723,bitmex,AAVE/USDT:USDT,296.92,1000.0,296.85,1000.0,297.01,1000.0,297.08,113000.0
1753591956946,04:52:36.946,bitmex,AAVE/USDT:USDT,296.92,1000.0,296.85,1000.0,297.01,1000.0,297.08,113000.0
1753591957139,04:52:37.139,bitmex,AAVE/USDT:USDT,296.92,1000.0,296.85,1000.0,297.01,1000.0,297.08,113000.0
1753591957339,04:52:37.339,bitmex,AAVE/USDT:USDT,296.85,1000.0,296.68,3000.0,297.01,1000.0,297.08,113000.0
1753591957389,04:52:37.389,bitmex,AAVE/USDT:USDT,296.85,1000.0,296.78,1000.0,297.01,1000.0,297.08,113000.0
1753591957773,04:52:37.773,bitmex,AAVE/USDT:USDT,296.85,1000.0,296.78,1000.0,297.01,1000.0,297.08,113000.0
1753591957823,04:52:37.823,bitmex,AAVE/USDT:USDT,296.85,1000.0,296.78,1000.0,297.01,1000.0,297.08,113000.0
1753591957872,04:52:37.872,bitmex,AAVE/USDT:USDT,296.85,1000.0,296.78,1000.0,297.01,1000.0,297.08,113000.0
1753591957921,04:52:37.921,bitmex,AAVE/USDT:USDT,296.85,1000.0,296.78,1000.0,297.01,1000.0,297.08,113000.0
1753591958829,04:52:38.829,bitmex,AAVE/USDT:USDT,296.85,1000.0,296.78,1000.0,297.01,1000.0,297.08,113000.0
1753591958882,04:52:38.882,bitmex,AAVE/USDT:USDT,296.85,1000.0,296.78,1000.0,297.01,1000.0,297.08,113000.0
1753591958943,04:52:38.943,bitmex,AAVE/USDT:USDT,296.85,1000.0,296.78,1000.0,297.01,1000.0,297.08,113000.0
1753591958993,04:52:38.993,bitmex,AAVE/USDT:USDT,296.85,1000.0,296.78,1000.0,297.01,1000.0,297.08,113000.0
1753591959722,04:52:39.722,bitmex,AAVE/USDT:USDT,296.85,1000.0,296.78,1000.0,297.01,1000.0,297.08,113000.0
1753591959772,04:52:39.772,bitmex,AAVE/USDT:USDT,296.87,1000.0,296.86,1000.0,297.01,1000.0,297.08,113000.0
1753591959822,04:52:39.822,bitmex,AAVE/USDT:USDT,296.93,1000.0,296.92,1000.0,297.01,1000.0,297.08,113000.0
1753591959872,04:52:39.872,bitmex,AAVE/USDT:USDT,296.71,3000.0,296.69,6000.0,297.01,1000.0,297.08,113000.0
1753591959921,04:52:39.921,bitmex,AAVE/USDT:USDT,296.71,3000.0,296.7,3000.0,297.01,1000.0,297.08,113000.0
1753591959970,04:52:39.970,bitmex,AAVE/USDT:USDT,296.69,3000.0,296.68,3000.0,297.01,1000.0,297.08,113000.0
1753591960056,04:52:40.056,bitmex,AAVE/USDT:USDT,296.69,3000.0,296.68,3000.0,297.01,1000.0,297.08,113000.0
1753591960134,04:52:40.134,bitmex,AAVE/USDT:USDT,296.69,3000.0,296.68,3000.0,297.01,1000.0,297.08,113000.0
1753591960186,04:52:40.186,bitmex,AAVE/USDT:USDT,296.69,3000.0,296.68,3000.0,297.01,1000.0,297.08,113000.0
1753591960355,04:52:40.355,bitmex,AAVE/USDT:USDT,296.69,6000.0,296.68,3000.0,297.01,1000.0,297.08,113000.0
1753591960412,04:52:40.412,bitmex,AAVE/USDT:USDT,296.7,1000.0,296.69,6000.0,297.01,1000.0,297.08,113000.0
1753591960461,04:52:40.461,bitmex,AAVE/USDT:USDT,296.8,1000.0,296.79,1000.0,297.01,1000.0,297.08,113000.0
1753591960510,04:52:40.510,bitmex,AAVE/USDT:USDT,296.89,1000.0,296.88,1000.0,297.01,1000.0,297.08,113000.0
1753591960559,04:52:40.559,bitmex,AAVE/USDT:USDT,296.91,1000.0,296.84,1000.0,297.01,1000.0,297.08,113000.0
1753591961373,04:52:41.373,bitmex,AAVE/USDT:USDT,296.91,1000.0,296.84,1000.0,297.01,1000.0,297.08,113000.0
1753591961422,04:52:41.422,bitmex,AAVE/USDT:USDT,296.91,1000.0,296.84,1000.0,297.01,1000.0,297.08,113000.0
1753591961589,04:52:41.589,bitmex,AAVE/USDT:USDT,296.91,1000.0,296.84,1000.0,297.01,1000.0,297.08,113000.0
1753591961638,04:52:41.638,bitmex,AAVE/USDT:USDT,296.84,1000.0,296.76,1000.0,297.01,1000.0,297.08,113000.0
1753591962028,04:52:42.028,bitmex,AAVE/USDT:USDT,296.84,1000.0,296.76,1000.0,297.01,1000.0,297.08,113000.0
1753591962368,04:52:42.368,bitmex,AAVE/USDT:USDT,296.84,1000.0,296.76,1000.0,297.01,1000.0,297.08,113000.0
1753591962419,04:52:42.419,bitmex,AAVE/USDT:USDT,296.84,1000.0,296.76,1000.0,297.01,1000.0,297.08,113000.0
1753591962494,04:52:42.494,bitmex,AAVE/USDT:USDT,296.84,1000.0,296.76,1000.0,297.01,1000.0,297.08,113000.0
1753591962543,04:52:42.543,bitmex,AAVE/USDT:USDT,296.84,1000.0,296.76,1000.0,297.01,1000.0,297.08,113000.0
1753591962671,04:52:42.671,bitmex,AAVE/USDT:USDT,296.84,1000.0,296.76,1000.0,297.01,1000.0,297.08,113000.0
1753591962720,04:52:42.720,bitmex,AAVE/USDT:USDT,296.84,1000.0,296.76,1000.0,297.01,1000.0,297.08,113000.0
1753591962916,04:52:42.916,bitmex,AAVE/USDT:USDT,296.84,1000.0,296.76,1000.0,297.01,1000.0,297.08,113000.0
1753591963635,04:52:43.635,bitmex,AAVE/USDT:USDT,296.84,1000.0,296.76,1000.0,297.01,1000.0,297.08,113000.0
1753591963685,04:52:43.685,bitmex,AAVE/USDT:USDT,296.84,1000.0,296.76,1000.0,297.01,1000.0,297.08,113000.0
1753591963743,04:52:43.743,bitmex,AAVE/USDT:USDT,296.84,1000.0,296.76,1000.0,297.01,1000.0,297.08,113000.0
1753591964263,04:52:44.263,bitmex,AAVE/USDT:USDT,296.84,1000.0,296.76,1000.0,297.01,1000.0,297.08,113000.0
1753591964371,04:52:44.371,bitmex,AAVE/USDT:USDT,296.84,1000.0,296.76,1000.0,297.01,1000.0,297.08,113000.0
1753591964801,04:52:44.801,bitmex,AAVE/USDT:USDT,296.84,1000.0,296.76,1000.0,297.01,1000.0,297.08,113000.0
1753591964850,04:52:44.850,bitmex,AAVE/USDT:USDT,296.84,1000.0,296.76,1000.0,297.01,1000.0,297.08,113000.0
1753591965973,04:52:45.973,bitmex,AAVE/USDT:USDT,296.84,1000.0,296.76,1000.0,297.01,1000.0,297.08,113000.0
1753591966023,04:52:46.023,bitmex,AAVE/USDT:USDT,296.84,1000.0,296.76,1000.0,297.01,1000.0,297.08,113000.0
1753591966223,04:52:46.223,bitmex,AAVE/USDT:USDT,296.85,1000.0,296.84,1000.0,297.01,1000.0,297.08,113000.0
1753591966273,04:52:46.273,bitmex,AAVE/USDT:USDT,296.95,1000.0,296.94,1000.0,297.01,1000.0,297.08,113000.0
1753591966322,04:52:46.322,bitmex,AAVE/USDT:USDT,296.98,1000.0,296.76,1000.0,297.01,1000.0,297.08,113000.0
1753591966371,04:52:46.371,bitmex,AAVE/USDT:USDT,296.98,1000.0,296.91,1000.0,297.01,1000.0,297.08,113000.0
1753591966420,04:52:46.420,bitmex,AAVE/USDT:USDT,296.98,1000.0,296.91,1000.0,297.01,1000.0,297.08,113000.0
1753591967252,04:52:47.252,bitmex,AAVE/USDT:USDT,296.99,1000.0,296.98,1000.0,297.01,1000.0,297.08,113000.0
1753591967301,04:52:47.301,bitmex,AAVE/USDT:USDT,297.0,1000.0,296.91,1000.0,297.01,1000.0,297.08,113000.0
1753591967350,04:52:47.350,bitmex,AAVE/USDT:USDT,297.0,1000.0,296.92,1000.0,297.01,1000.0,297.08,113000.0
1753591967415,04:52:47.415,bitmex,AAVE/USDT:USDT,297.0,1000.0,296.92,1000.0,297.01,1000.0,297.08,113000.0
1753591967472,04:52:47.472,bitmex,AAVE/USDT:USDT,297.0,1000.0,296.92,1000.0,297.01,1000.0,297.08,113000.0
1753591967521,04:52:47.521,bitmex,AAVE/USDT:USDT,297.0,1000.0,296.92,1000.0,297.01,1000.0,297.08,113000.0
1753591968137,04:52:48.137,bitmex,AAVE/USDT:USDT,297.0,1000.0,296.92,1000.0,297.08,113000.0,297.25,3000.0
1753591968187,04:52:48.187,bitmex,AAVE/USDT:USDT,297.02,1000.0,296.94,1000.0,297.08,113000.0,297.25,3000.0
1753591968236,04:52:48.236,bitmex,AAVE/USDT:USDT,297.02,1000.0,296.94,1000.0,297.08,113000.0,297.25,3000.0
1753591968384,04:52:48.384,bitmex,AAVE/USDT:USDT,297.02,1000.0,296.94,1000.0,297.08,113000.0,297.25,3000.0
1753591968434,04:52:48.434,bitmex,AAVE/USDT:USDT,297.02,1000.0,296.94,1000.0,297.08,113000.0,297.25,3000.0
1753591968891,04:52:48.891,bitmex,AAVE/USDT:USDT,297.03,1000.0,297.02,1000.0,297.08,113000.0,297.25,3000.0
1753591968941,04:52:48.941,bitmex,AAVE/USDT:USDT,297.04,1000.0,296.97,1000.0,297.08,113000.0,297.26,727000.0
1753591969042,04:52:49.042,bitmex,AAVE/USDT:USDT,297.04,1000.0,296.97,1000.0,297.08,113000.0,297.26,727000.0
1753591969104,04:52:49.104,bitmex,AAVE/USDT:USDT,297.04,1000.0,296.97,1000.0,297.08,113000.0,297.26,727000.0
1753591969608,04:52:49.608,bitmex,AAVE/USDT:USDT,296.97,1000.0,296.72,3000.0,297.08,113000.0,297.26,727000.0
1753591969658,04:52:49.658,bitmex,AAVE/USDT:USDT,296.97,1000.0,296.9,1000.0,297.08,113000.0,297.26,727000.0
1753591969782,04:52:49.782,bitmex,AAVE/USDT:USDT,296.97,1000.0,296.9,1000.0,297.08,113000.0,297.26,727000.0
1753591969920,04:52:49.920,bitmex,AAVE/USDT:USDT,296.97,1000.0,296.9,1000.0,297.08,113000.0,297.26,727000.0
1753591969970,04:52:49.970,bitmex,AAVE/USDT:USDT,296.97,1000.0,296.9,1000.0,297.08,113000.0,297.26,727000.0
1753591970022,04:52:50.022,bitmex,AAVE/USDT:USDT,296.97,1000.0,296.9,1000.0,297.08,113000.0,297.26,727000.0
1753591970071,04:52:50.071,bitmex,AAVE/USDT:USDT,296.97,1000.0,296.9,1000.0,297.08,113000.0,297.26,727000.0
1753591970375,04:52:50.375,bitmex,AAVE/USDT:USDT,296.97,1000.0,296.9,1000.0,297.08,113000.0,297.26,727000.0
1753591970425,04:52:50.425,bitmex,AAVE/USDT:USDT,296.97,1000.0,296.9,1000.0,297.08,113000.0,297.26,727000.0
1753591970607,04:52:50.607,bitmex,AAVE/USDT:USDT,296.97,1000.0,296.9,1000.0,297.08,113000.0,297.26,727000.0
1753591970656,04:52:50.656,bitmex,AAVE/USDT:USDT,296.97,1000.0,296.9,1000.0,297.08,113000.0,297.26,727000.0
1753591970705,04:52:50.705,bitmex,AAVE/USDT:USDT,296.97,1000.0,296.9,1000.0,297.08,113000.0,297.26,727000.0
1753591970805,04:52:50.805,bitmex,AAVE/USDT:USDT,296.97,1000.0,296.9,1000.0,297.08,113000.0,297.26,727000.0
1753591970872,04:52:50.872,bitmex,AAVE/USDT:USDT,296.97,1000.0,296.9,1000.0,297.08,113000.0,297.26,727000.0
1753591970922,04:52:50.922,bitmex,AAVE/USDT:USDT,296.97,1000.0,296.9,1000.0,297.08,113000.0,297.26,727000.0
1753591971835,04:52:51.835,bitmex,AAVE/USDT:USDT,296.97,1000.0,296.9,1000.0,297.08,113000.0,297.26,727000.0
1753591971884,04:52:51.884,bitmex,AAVE/USDT:USDT,296.97,1000.0,296.9,1000.0,297.08,113000.0,297.26,727000.0
