timestamp,time,exchange,symbol,bid1_price,bid1_volume,bid2_price,bid2_volume,ask1_price,ask1_volume,ask2_price,ask2_volume
1753591885223,04:51:25.223,bybit,ADA/USDT:USDT,0.8315,581.0,0.8314,63424.0,0.8316,22068.0,0.8317,90049.0
1753591885323,04:51:25.323,bybit,ADA/USDT:USDT,0.8315,7307.0,0.8314,63424.0,0.8316,20343.0,0.8317,87541.0
1753591885422,04:51:25.422,bybit,ADA/USDT:USDT,0.8315,7307.0,0.8314,65149.0,0.8316,20343.0,0.8317,85816.0
1753591885522,04:51:25.522,bybit,ADA/USDT:USDT,0.8315,8819.0,0.8314,63424.0,0.8316,20343.0,0.8317,87566.0
1753591885622,04:51:25.622,bybit,ADA/USDT:USDT,0.8315,8819.0,0.8314,66024.0,0.8316,20435.0,0.8317,87566.0
1753591885722,04:51:25.722,bybit,ADA/USDT:USDT,0.8315,8819.0,0.8314,66024.0,0.8316,20435.0,0.8317,87566.0
1753591885822,04:51:25.822,bybit,ADA/USDT:USDT,0.8315,8819.0,0.8314,66024.0,0.8316,20435.0,0.8317,87566.0
1753591885922,04:51:25.922,bybit,ADA/USDT:USDT,0.8315,8819.0,0.8314,69474.0,0.8316,20435.0,0.8317,85816.0
1753591886022,04:51:26.022,bybit,ADA/USDT:USDT,0.8315,8819.0,0.8314,69474.0,0.8316,20435.0,0.8317,84415.0
1753591886422,04:51:26.422,bybit,ADA/USDT:USDT,0.8315,9044.0,0.8314,66024.0,0.8316,23138.0,0.8317,87566.0
1753591886522,04:51:26.522,bybit,ADA/USDT:USDT,0.8315,9044.0,0.8314,66024.0,0.8316,22553.0,0.8317,87566.0
1753591886622,04:51:26.622,bybit,ADA/USDT:USDT,0.8315,9044.0,0.8314,66024.0,0.8316,22617.0,0.8317,87560.0
1753591886722,04:51:26.722,bybit,ADA/USDT:USDT,0.8315,9044.0,0.8314,66024.0,0.8316,22617.0,0.8317,87560.0
1753591886822,04:51:26.822,bybit,ADA/USDT:USDT,0.8315,7532.0,0.8314,63424.0,0.8316,25050.0,0.8317,87560.0
1753591886922,04:51:26.922,bybit,ADA/USDT:USDT,0.8315,7532.0,0.8314,63424.0,0.8316,25050.0,0.8317,87560.0
1753591887322,04:51:27.322,bybit,ADA/USDT:USDT,0.8315,7532.0,0.8314,63424.0,0.8316,25050.0,0.8317,87560.0
1753591887422,04:51:27.422,bybit,ADA/USDT:USDT,0.8315,9044.0,0.8314,66024.0,0.8316,21606.0,0.8317,87560.0
1753591887522,04:51:27.522,bybit,ADA/USDT:USDT,0.8315,9044.0,0.8314,66024.0,0.8316,23325.0,0.8317,87560.0
1753591887622,04:51:27.622,bybit,ADA/USDT:USDT,0.8315,9044.0,0.8314,66024.0,0.8316,23325.0,0.8317,87560.0
1753591887727,04:51:27.727,bybit,ADA/USDT:USDT,0.8315,9044.0,0.8314,66024.0,0.8316,21606.0,0.8317,85816.0
1753591887822,04:51:27.822,bybit,ADA/USDT:USDT,0.8315,9044.0,0.8314,66024.0,0.8316,21606.0,0.8317,85816.0
1753591887925,04:51:27.925,bybit,ADA/USDT:USDT,0.8315,9044.0,0.8314,66024.0,0.8316,23325.0,0.8317,87560.0
1753591888823,04:51:28.823,bybit,ADA/USDT:USDT,0.8315,9173.0,0.8314,66024.0,0.8316,21606.0,0.8317,84693.0
1753591889123,04:51:29.123,bybit,ADA/USDT:USDT,0.8315,935.0,0.8314,60941.0,0.8316,25057.0,0.8317,90321.0
1753591889223,04:51:29.223,bybit,ADA/USDT:USDT,0.8315,935.0,0.8314,56941.0,0.8316,25057.0,0.8317,90321.0
1753591889622,04:51:29.622,bybit,ADA/USDT:USDT,0.8315,1248.0,0.8314,56941.0,0.8316,25057.0,0.8317,90321.0
1753591889722,04:51:29.722,bybit,ADA/USDT:USDT,0.8315,1248.0,0.8314,56941.0,0.8316,25057.0,0.8317,90321.0
1753591889822,04:51:29.822,bybit,ADA/USDT:USDT,0.8315,1248.0,0.8314,60824.0,0.8316,23338.0,0.8317,90321.0
1753591889925,04:51:29.925,bybit,ADA/USDT:USDT,0.8315,9504.0,0.8314,67743.0,0.8316,21619.0,0.8317,82974.0
1753591890022,04:51:30.022,bybit,ADA/USDT:USDT,0.8315,9506.0,0.8314,67743.0,0.8316,21619.0,0.8317,84693.0
1753591890122,04:51:30.122,bybit,ADA/USDT:USDT,0.8315,1268.0,0.8314,63424.0,0.8316,21619.0,0.8317,82974.0
1753591890223,04:51:30.223,bybit,ADA/USDT:USDT,0.8315,1268.0,0.8314,63424.0,0.8316,21619.0,0.8317,82974.0
1753591890322,04:51:30.322,bybit,ADA/USDT:USDT,0.8315,2780.0,0.8314,63424.0,0.8316,21619.0,0.8317,86412.0
1753591890422,04:51:30.422,bybit,ADA/USDT:USDT,0.8315,2780.0,0.8314,63424.0,0.8316,23338.0,0.8317,86437.0
1753591890522,04:51:30.522,bybit,ADA/USDT:USDT,0.8315,2780.0,0.8314,63424.0,0.8316,23338.0,0.8317,87838.0
1753591890622,04:51:30.622,bybit,ADA/USDT:USDT,0.8315,2762.0,0.8314,63424.0,0.8316,23331.0,0.8317,87838.0
1753591890722,04:51:30.722,bybit,ADA/USDT:USDT,0.8315,9518.0,0.8314,63424.0,0.8316,21612.0,0.8317,83293.0
1753591890822,04:51:30.822,bybit,ADA/USDT:USDT,0.8315,9518.0,0.8314,63424.0,0.8316,21612.0,0.8317,85012.0
1753591890922,04:51:30.922,bybit,ADA/USDT:USDT,0.8315,9518.0,0.8314,66024.0,0.8316,23331.0,0.8317,86438.0
1753591891022,04:51:31.022,bybit,ADA/USDT:USDT,0.8315,9518.0,0.8314,66024.0,0.8316,23331.0,0.8317,86413.0
1753591891123,04:51:31.123,bybit,ADA/USDT:USDT,0.8315,10918.0,0.8314,66024.0,0.8316,10774.0,0.8317,80853.0
1753591891223,04:51:31.223,bybit,ADA/USDT:USDT,0.8316,48552.0,0.8315,80584.0,0.8317,22453.0,0.8318,65094.0
1753591891322,04:51:31.322,bybit,ADA/USDT:USDT,0.8316,48801.0,0.8315,82343.0,0.8317,21919.0,0.8318,62994.0
1753591891422,04:51:31.422,bybit,ADA/USDT:USDT,0.8317,18661.0,0.8316,81367.0,0.8318,17898.0,0.8319,66856.0
1753591891523,04:51:31.523,bybit,ADA/USDT:USDT,0.8317,18661.0,0.8316,81377.0,0.8318,15654.0,0.8319,66856.0
1753591891623,04:51:31.623,bybit,ADA/USDT:USDT,0.8317,20387.0,0.8316,83103.0,0.8318,16063.0,0.8319,65775.0
1753591891722,04:51:31.722,bybit,ADA/USDT:USDT,0.8317,18661.0,0.8316,82398.0,0.8318,16063.0,0.8319,65775.0
1753591891822,04:51:31.822,bybit,ADA/USDT:USDT,0.8317,19268.0,0.8316,82398.0,0.8318,16063.0,0.8319,65775.0
1753591891925,04:51:31.925,bybit,ADA/USDT:USDT,0.8317,15359.0,0.8316,80647.0,0.8318,17888.0,0.8319,67176.0
1753591892022,04:51:32.022,bybit,ADA/USDT:USDT,0.8317,10674.0,0.8316,79626.0,0.8318,17888.0,0.8319,68902.0
1753591892122,04:51:32.122,bybit,ADA/USDT:USDT,0.8317,9577.0,0.8316,79626.0,0.8318,24614.0,0.8319,68902.0
1753591892222,04:51:32.222,bybit,ADA/USDT:USDT,0.8317,9577.0,0.8316,79626.0,0.8318,24614.0,0.8319,68902.0
1753591892322,04:51:32.322,bybit,ADA/USDT:USDT,0.8317,9577.0,0.8316,79626.0,0.8318,24614.0,0.8319,69623.0
1753591892422,04:51:32.422,bybit,ADA/USDT:USDT,0.8317,13059.0,0.8316,79626.0,0.8318,24614.0,0.8319,70497.0
1753591892522,04:51:32.522,bybit,ADA/USDT:USDT,0.8317,15659.0,0.8316,83078.0,0.8318,24614.0,0.8319,78243.0
1753591892622,04:51:32.622,bybit,ADA/USDT:USDT,0.8317,19111.0,0.8316,83078.0,0.8318,24614.0,0.8319,76842.0
1753591892722,04:51:32.722,bybit,ADA/USDT:USDT,0.8317,19111.0,0.8316,83078.0,0.8318,24614.0,0.8319,76842.0
1753591892822,04:51:32.822,bybit,ADA/USDT:USDT,0.8317,19111.0,0.8316,83103.0,0.8318,16376.0,0.8319,73521.0
1753591892923,04:51:32.923,bybit,ADA/USDT:USDT,0.8317,19111.0,0.8316,83103.0,0.8318,16063.0,0.8319,73521.0
1753591893022,04:51:33.022,bybit,ADA/USDT:USDT,0.8317,24111.0,0.8316,83078.0,0.8318,16063.0,0.8319,73521.0
1753591893122,04:51:33.122,bybit,ADA/USDT:USDT,0.8317,24111.0,0.8316,83103.0,0.8318,8307.0,0.8319,73521.0
1753591893223,04:51:33.223,bybit,ADA/USDT:USDT,0.8317,24111.0,0.8316,83103.0,0.8318,7881.0,0.8319,73947.0
1753591893322,04:51:33.322,bybit,ADA/USDT:USDT,0.8317,24111.0,0.8316,83103.0,0.8318,3136.0,0.8319,73947.0
1753591893423,04:51:33.423,bybit,ADA/USDT:USDT,0.8317,24348.0,0.8316,82858.0,0.8318,3136.0,0.8319,73947.0
1753591893522,04:51:33.522,bybit,ADA/USDT:USDT,0.8317,24348.0,0.8316,82858.0,0.8318,3136.0,0.8319,61809.0
1753591893623,04:51:33.623,bybit,ADA/USDT:USDT,0.8317,24348.0,0.8316,88324.0,0.8318,1916.0,0.8319,54063.0
1753591893723,04:51:33.723,bybit,ADA/USDT:USDT,0.8317,24348.0,0.8316,89345.0,0.8318,1916.0,0.8319,54063.0
1753591893924,04:51:33.924,bybit,ADA/USDT:USDT,0.8317,24348.0,0.8316,89345.0,0.8318,1916.0,0.8319,54063.0
1753591894222,04:51:34.222,bybit,ADA/USDT:USDT,0.8317,22880.0,0.8316,89320.0,0.8318,1916.0,0.8319,32987.0
1753591894322,04:51:34.322,bybit,ADA/USDT:USDT,0.8317,22880.0,0.8316,86648.0,0.8318,9777.0,0.8319,35470.0
1753591894422,04:51:34.422,bybit,ADA/USDT:USDT,0.8317,22880.0,0.8316,86648.0,0.8318,9777.0,0.8319,35470.0
1753591894523,04:51:34.523,bybit,ADA/USDT:USDT,0.8317,22880.0,0.8316,90100.0,0.8318,9777.0,0.8319,32987.0
1753591895023,04:51:35.023,bybit,ADA/USDT:USDT,0.8317,22880.0,0.8316,90100.0,0.8318,9202.0,0.8319,38060.0
1753591895223,04:51:35.223,bybit,ADA/USDT:USDT,0.8317,24640.0,0.8316,90100.0,0.8318,9202.0,0.8319,38060.0
1753591895323,04:51:35.323,bybit,ADA/USDT:USDT,0.8317,22914.0,0.8316,90100.0,0.8318,9202.0,0.8319,38060.0
1753591895423,04:51:35.423,bybit,ADA/USDT:USDT,0.8317,24642.0,0.8316,90100.0,0.8318,9202.0,0.8319,38060.0
1753591895522,04:51:35.522,bybit,ADA/USDT:USDT,0.8317,24647.0,0.8316,90100.0,0.8318,9202.0,0.8319,35577.0
1753591895622,04:51:35.622,bybit,ADA/USDT:USDT,0.8317,24647.0,0.8316,90100.0,0.8318,9202.0,0.8319,35577.0
1753591896122,04:51:36.122,bybit,ADA/USDT:USDT,0.8317,10239.0,0.8316,80503.0,0.8318,29517.0,0.8319,41187.0
1753591896222,04:51:36.222,bybit,ADA/USDT:USDT,0.8316,15457.0,0.8315,74001.0,0.8317,13525.0,0.8318,74216.0
1753591897022,04:51:37.022,bybit,ADA/USDT:USDT,0.8316,17675.0,0.8315,78739.0,0.8317,3886.0,0.8318,66887.0
1753591897121,04:51:37.121,bybit,ADA/USDT:USDT,0.8316,17675.0,0.8315,78739.0,0.8317,3886.0,0.8318,66887.0
1753591897222,04:51:37.222,bybit,ADA/USDT:USDT,0.8316,17675.0,0.8315,78739.0,0.8317,3886.0,0.8318,66887.0
1753591897722,04:51:37.722,bybit,ADA/USDT:USDT,0.8316,16005.0,0.8315,75399.0,0.8317,4809.0,0.8318,66912.0
1753591897822,04:51:37.822,bybit,ADA/USDT:USDT,0.8316,16020.0,0.8315,72195.0,0.8317,5668.0,0.8318,73665.0
1753591897924,04:51:37.924,bybit,ADA/USDT:USDT,0.8316,17690.0,0.8315,78018.0,0.8317,4745.0,0.8318,69512.0
1753591898021,04:51:38.021,bybit,ADA/USDT:USDT,0.8316,17690.0,0.8315,78018.0,0.8317,4745.0,0.8318,69512.0
1753591898222,04:51:38.222,bybit,ADA/USDT:USDT,0.8316,17690.0,0.8315,78018.0,0.8317,4745.0,0.8318,69512.0
1753591898423,04:51:38.423,bybit,ADA/USDT:USDT,0.8316,17690.0,0.8315,92310.0,0.8317,4745.0,0.8318,65080.0
1753591898522,04:51:38.522,bybit,ADA/USDT:USDT,0.8317,27634.0,0.8316,69958.0,0.8318,7425.0,0.8319,72195.0
1753591898622,04:51:38.622,bybit,ADA/USDT:USDT,0.8317,27634.0,0.8316,69958.0,0.8318,7418.0,0.8319,67199.0
1753591898723,04:51:38.723,bybit,ADA/USDT:USDT,0.8317,24452.0,0.8316,70979.0,0.8318,8930.0,0.8319,67199.0
1753591898822,04:51:38.822,bybit,ADA/USDT:USDT,0.8317,25964.0,0.8316,73579.0,0.8318,8930.0,0.8319,67199.0
1753591898922,04:51:38.922,bybit,ADA/USDT:USDT,0.8317,25964.0,0.8316,73579.0,0.8318,8930.0,0.8319,67199.0
1753591899122,04:51:39.122,bybit,ADA/USDT:USDT,0.8317,25964.0,0.8316,73579.0,0.8318,7418.0,0.8319,65159.0
1753591899222,04:51:39.222,bybit,ADA/USDT:USDT,0.8317,25964.0,0.8316,73579.0,0.8318,7837.0,0.8319,65159.0
1753591899322,04:51:39.322,bybit,ADA/USDT:USDT,0.8317,25964.0,0.8316,73579.0,0.8318,7837.0,0.8319,65159.0
1753591899523,04:51:39.523,bybit,ADA/USDT:USDT,0.8318,66903.0,0.8317,100438.0,0.8319,186.0,0.832,13934.0
1753591899623,04:51:39.623,bybit,ADA/USDT:USDT,0.832,44838.0,0.8319,61588.0,0.8321,111.0,0.8322,38121.0
1753591899723,04:51:39.723,bybit,ADA/USDT:USDT,0.832,46496.0,0.8319,92243.0,0.8321,601.0,0.8322,26886.0
1753591899823,04:51:39.823,bybit,ADA/USDT:USDT,0.8321,50650.0,0.832,69381.0,0.8322,849.0,0.8323,46211.0
1753591899925,04:51:39.925,bybit,ADA/USDT:USDT,0.8321,31859.0,0.832,80078.0,0.8322,4899.0,0.8323,36262.0
1753591900022,04:51:40.022,bybit,ADA/USDT:USDT,0.8321,2244.0,0.832,71679.0,0.8322,24193.0,0.8323,64943.0
1753591900123,04:51:40.123,bybit,ADA/USDT:USDT,0.8321,2244.0,0.832,71679.0,0.8322,25839.0,0.8323,80726.0
1753591900223,04:51:40.223,bybit,ADA/USDT:USDT,0.8321,2244.0,0.832,71679.0,0.8322,25839.0,0.8323,80726.0
1753591900322,04:51:40.322,bybit,ADA/USDT:USDT,0.8321,8970.0,0.832,74162.0,0.8322,24193.0,0.8323,79080.0
1753591900422,04:51:40.422,bybit,ADA/USDT:USDT,0.8321,8970.0,0.832,75808.0,0.8322,24193.0,0.8323,75660.0
1753591900522,04:51:40.522,bybit,ADA/USDT:USDT,0.8321,8970.0,0.832,74162.0,0.8322,24193.0,0.8323,75660.0
1753591900622,04:51:40.622,bybit,ADA/USDT:USDT,0.8321,13263.0,0.832,77454.0,0.8322,3330.0,0.8323,73538.0
1753591900723,04:51:40.723,bybit,ADA/USDT:USDT,0.8321,13389.0,0.832,77454.0,0.8322,2024.0,0.8323,73538.0
1753591900823,04:51:40.823,bybit,ADA/USDT:USDT,0.8321,11743.0,0.832,75833.0,0.8322,2122.0,0.8323,73538.0
1753591900922,04:51:40.922,bybit,ADA/USDT:USDT,0.8321,11743.0,0.832,74187.0,0.8322,12401.0,0.8323,78388.0
1753591901022,04:51:41.022,bybit,ADA/USDT:USDT,0.8321,11743.0,0.832,74187.0,0.8322,12401.0,0.8323,76742.0
1753591901122,04:51:41.122,bybit,ADA/USDT:USDT,0.8321,9096.0,0.832,71704.0,0.8322,19669.0,0.8323,81460.0
1753591901222,04:51:41.222,bybit,ADA/USDT:USDT,0.8321,6852.0,0.832,70192.0,0.8322,22497.0,0.8323,81460.0
1753591901322,04:51:41.322,bybit,ADA/USDT:USDT,0.8321,126.0,0.832,70192.0,0.8322,22497.0,0.8323,81439.0
1753591901423,04:51:41.423,bybit,ADA/USDT:USDT,0.8321,126.0,0.832,65635.0,0.8322,22424.0,0.8323,82839.0
1753591901522,04:51:41.522,bybit,ADA/USDT:USDT,0.8321,126.0,0.832,45616.0,0.8322,25924.0,0.8323,87835.0
1753591901622,04:51:41.622,bybit,ADA/USDT:USDT,0.8321,126.0,0.832,45623.0,0.8322,27550.0,0.8323,87835.0
1753591901723,04:51:41.723,bybit,ADA/USDT:USDT,0.8321,126.0,0.832,45623.0,0.8322,27550.0,0.8323,88856.0
1753591901823,04:51:41.823,bybit,ADA/USDT:USDT,0.8321,126.0,0.832,48106.0,0.8322,24284.0,0.8323,88856.0
1753591901925,04:51:41.925,bybit,ADA/USDT:USDT,0.8321,126.0,0.832,48106.0,0.8322,24284.0,0.8323,85539.0
1753591902022,04:51:42.022,bybit,ADA/USDT:USDT,0.8321,126.0,0.832,48106.0,0.8322,24284.0,0.8323,85539.0
1753591902122,04:51:42.122,bybit,ADA/USDT:USDT,0.8321,126.0,0.832,48106.0,0.8322,24284.0,0.8323,87197.0
1753591902222,04:51:42.222,bybit,ADA/USDT:USDT,0.8321,126.0,0.832,48106.0,0.8322,20784.0,0.8323,87172.0
1753591902322,04:51:42.322,bybit,ADA/USDT:USDT,0.8321,126.0,0.832,48106.0,0.8322,20784.0,0.8323,88830.0
1753591902423,04:51:42.423,bybit,ADA/USDT:USDT,0.8321,126.0,0.832,48106.0,0.8322,20784.0,0.8323,85539.0
1753591902522,04:51:42.522,bybit,ADA/USDT:USDT,0.8321,126.0,0.832,48106.0,0.8322,20784.0,0.8323,85539.0
1753591902622,04:51:42.622,bybit,ADA/USDT:USDT,0.8321,126.0,0.832,48106.0,0.8322,20766.0,0.8323,85539.0
1753591902722,04:51:42.722,bybit,ADA/USDT:USDT,0.8321,9096.0,0.832,49506.0,0.8322,20284.0,0.8323,81655.0
1753591902823,04:51:42.823,bybit,ADA/USDT:USDT,0.8321,10729.0,0.832,72255.0,0.8322,11308.0,0.8323,80255.0
1753591902923,04:51:42.923,bybit,ADA/USDT:USDT,0.8321,10729.0,0.832,72255.0,0.8322,11308.0,0.8323,80255.0
1753591903022,04:51:43.022,bybit,ADA/USDT:USDT,0.8321,9096.0,0.832,56851.0,0.8322,15030.0,0.8323,83546.0
1753591903122,04:51:43.122,bybit,ADA/USDT:USDT,0.8321,9096.0,0.832,54368.0,0.8322,15030.0,0.8323,87430.0
1753591903222,04:51:43.222,bybit,ADA/USDT:USDT,0.8321,9096.0,0.832,56851.0,0.8322,15030.0,0.8323,85797.0
1753591903322,04:51:43.322,bybit,ADA/USDT:USDT,0.8321,9096.0,0.832,58484.0,0.8322,15030.0,0.8323,80255.0
1753591903422,04:51:43.422,bybit,ADA/USDT:USDT,0.8321,10787.0,0.832,62717.0,0.8322,6596.0,0.8323,74538.0
1753591903522,04:51:43.522,bybit,ADA/USDT:USDT,0.8321,10787.0,0.832,62717.0,0.8322,6596.0,0.8323,74538.0
1753591903622,04:51:43.622,bybit,ADA/USDT:USDT,0.8321,10787.0,0.832,91280.0,0.8322,165.0,0.8323,70472.0
1753591903723,04:51:43.723,bybit,ADA/USDT:USDT,0.8322,40963.0,0.8321,109619.0,0.8323,178.0,0.8324,4858.0
1753591903823,04:51:43.823,bybit,ADA/USDT:USDT,0.8322,40951.0,0.8321,109629.0,0.8323,178.0,0.8324,7767.0
1753591903922,04:51:43.922,bybit,ADA/USDT:USDT,0.8322,39330.0,0.8321,109629.0,0.8323,178.0,0.8324,13767.0
1753591904022,04:51:44.022,bybit,ADA/USDT:USDT,0.8322,39330.0,0.8321,113234.0,0.8323,178.0,0.8324,13767.0
1753591904122,04:51:44.122,bybit,ADA/USDT:USDT,0.8322,39330.0,0.8321,109943.0,0.8323,1465.0,0.8324,36918.0
1753591904222,04:51:44.222,bybit,ADA/USDT:USDT,0.8322,34585.0,0.8321,109943.0,0.8323,2977.0,0.8324,36918.0
1753591904322,04:51:44.322,bybit,ADA/USDT:USDT,0.8322,34585.0,0.8321,109943.0,0.8323,2977.0,0.8324,36918.0
1753591904423,04:51:44.423,bybit,ADA/USDT:USDT,0.8322,34709.0,0.8321,111438.0,0.8323,2977.0,0.8324,34435.0
1753591904522,04:51:44.522,bybit,ADA/USDT:USDT,0.8322,34725.0,0.8321,109817.0,0.8323,2977.0,0.8324,34435.0
1753591904622,04:51:44.622,bybit,ADA/USDT:USDT,0.8322,31813.0,0.8321,107334.0,0.8323,9656.0,0.8324,61089.0
1753591904723,04:51:44.723,bybit,ADA/USDT:USDT,0.8322,33434.0,0.8321,112459.0,0.8323,2003.0,0.8324,58606.0
1753591904822,04:51:44.822,bybit,ADA/USDT:USDT,0.8322,32420.0,0.8321,110838.0,0.8323,9343.0,0.8324,61206.0
1753591904922,04:51:44.922,bybit,ADA/USDT:USDT,0.8322,32420.0,0.8321,110838.0,0.8323,9343.0,0.8324,61206.0
1753591905022,04:51:45.022,bybit,ADA/USDT:USDT,0.8322,34041.0,0.8321,112459.0,0.8323,9343.0,0.8324,61206.0
1753591905122,04:51:45.122,bybit,ADA/USDT:USDT,0.8322,32420.0,0.8321,112459.0,0.8323,7955.0,0.8324,61206.0
1753591905222,04:51:45.222,bybit,ADA/USDT:USDT,0.8322,9717.0,0.8321,106836.0,0.8323,26298.0,0.8324,68658.0
1753591905323,04:51:45.323,bybit,ADA/USDT:USDT,0.8322,9717.0,0.8321,106836.0,0.8323,26298.0,0.8324,68658.0
1753591905423,04:51:45.423,bybit,ADA/USDT:USDT,0.8322,9717.0,0.8321,103231.0,0.8323,33024.0,0.8324,70279.0
1753591905522,04:51:45.522,bybit,ADA/USDT:USDT,0.8322,9717.0,0.8321,100631.0,0.8323,33024.0,0.8324,67796.0
1753591905622,04:51:45.622,bybit,ADA/USDT:USDT,0.8322,872.0,0.8321,80941.0,0.8323,33024.0,0.8324,67796.0
1753591905722,04:51:45.722,bybit,ADA/USDT:USDT,0.8322,872.0,0.8321,76694.0,0.8323,33024.0,0.8324,72700.0
1753591905822,04:51:45.822,bybit,ADA/USDT:USDT,0.8322,140.0,0.8321,72456.0,0.8323,33024.0,0.8324,84838.0
1753591905925,04:51:45.925,bybit,ADA/USDT:USDT,0.8322,140.0,0.8321,68647.0,0.8323,33024.0,0.8324,84838.0
1753591906023,04:51:46.023,bybit,ADA/USDT:USDT,0.8322,140.0,0.8321,68647.0,0.8323,33024.0,0.8324,84838.0
1753591906122,04:51:46.122,bybit,ADA/USDT:USDT,0.8322,140.0,0.8321,64042.0,0.8323,33024.0,0.8324,84838.0
1753591906222,04:51:46.222,bybit,ADA/USDT:USDT,0.8322,140.0,0.8321,64042.0,0.8323,33024.0,0.8324,84838.0
1753591906322,04:51:46.322,bybit,ADA/USDT:USDT,0.8322,220.0,0.8321,63984.0,0.8323,33024.0,0.8324,87438.0
1753591906423,04:51:46.423,bybit,ADA/USDT:USDT,0.8322,220.0,0.8321,63984.0,0.8323,33024.0,0.8324,87438.0
1753591906522,04:51:46.522,bybit,ADA/USDT:USDT,0.8322,220.0,0.8321,63867.0,0.8323,32724.0,0.8324,87438.0
1753591906622,04:51:46.622,bybit,ADA/USDT:USDT,0.8322,220.0,0.8321,63867.0,0.8323,32777.0,0.8324,85817.0
1753591906723,04:51:46.723,bybit,ADA/USDT:USDT,0.8322,220.0,0.8321,63867.0,0.8323,32777.0,0.8324,80312.0
1753591906822,04:51:46.822,bybit,ADA/USDT:USDT,0.8322,220.0,0.8321,63867.0,0.8323,32777.0,0.8324,80312.0
1753591906923,04:51:46.923,bybit,ADA/USDT:USDT,0.8322,220.0,0.8321,65479.0,0.8323,32777.0,0.8324,80312.0
1753591907022,04:51:47.022,bybit,ADA/USDT:USDT,0.8322,220.0,0.8321,65479.0,0.8323,32777.0,0.8324,80312.0
1753591907122,04:51:47.122,bybit,ADA/USDT:USDT,0.8322,220.0,0.8321,63867.0,0.8323,32777.0,0.8324,80312.0
1753591907222,04:51:47.222,bybit,ADA/USDT:USDT,0.8322,220.0,0.8321,63867.0,0.8323,32777.0,0.8324,80312.0
1753591907422,04:51:47.422,bybit,ADA/USDT:USDT,0.8322,220.0,0.8321,65479.0,0.8323,32777.0,0.8324,80312.0
1753591907522,04:51:47.522,bybit,ADA/USDT:USDT,0.8322,220.0,0.8321,65479.0,0.8323,32777.0,0.8324,80312.0
1753591907622,04:51:47.622,bybit,ADA/USDT:USDT,0.8322,220.0,0.8321,63867.0,0.8323,32777.0,0.8324,80312.0
1753591907722,04:51:47.722,bybit,ADA/USDT:USDT,0.8322,220.0,0.8321,61384.0,0.8323,32779.0,0.8324,82795.0
1753591907822,04:51:47.822,bybit,ADA/USDT:USDT,0.8322,140.0,0.8321,61384.0,0.8323,32779.0,0.8324,82795.0
1753591907925,04:51:47.925,bybit,ADA/USDT:USDT,0.8322,140.0,0.8321,62996.0,0.8323,33301.0,0.8324,82795.0
1753591908023,04:51:48.023,bybit,ADA/USDT:USDT,0.8322,140.0,0.8321,65479.0,0.8323,33301.0,0.8324,82795.0
1753591908123,04:51:48.123,bybit,ADA/USDT:USDT,0.8322,2193.0,0.8321,67091.0,0.8323,33301.0,0.8324,80312.0
1753591908323,04:51:48.323,bybit,ADA/USDT:USDT,0.8322,11181.0,0.8321,69691.0,0.8323,30701.0,0.8324,80297.0
1753591908422,04:51:48.422,bybit,ADA/USDT:USDT,0.8322,11181.0,0.8321,69691.0,0.8323,30701.0,0.8324,80297.0
1753591908522,04:51:48.522,bybit,ADA/USDT:USDT,0.8322,9569.0,0.8321,72291.0,0.8323,30701.0,0.8324,80297.0
1753591908622,04:51:48.622,bybit,ADA/USDT:USDT,0.8322,9569.0,0.8321,72291.0,0.8323,30650.0,0.8324,80297.0
1753591908723,04:51:48.723,bybit,ADA/USDT:USDT,0.8322,9569.0,0.8321,72291.0,0.8323,30650.0,0.8324,80297.0
1753591908822,04:51:48.822,bybit,ADA/USDT:USDT,0.8322,9582.0,0.8321,72291.0,0.8323,30650.0,0.8324,80297.0
1753591908922,04:51:48.922,bybit,ADA/USDT:USDT,0.8322,9582.0,0.8321,72291.0,0.8323,30650.0,0.8324,80297.0
1753591909023,04:51:49.023,bybit,ADA/USDT:USDT,0.8322,3047.0,0.8321,68079.0,0.8323,30650.0,0.8324,81909.0
1753591909122,04:51:49.122,bybit,ADA/USDT:USDT,0.8322,3047.0,0.8321,68079.0,0.8323,30650.0,0.8324,82780.0
1753591909222,04:51:49.222,bybit,ADA/USDT:USDT,0.8322,3047.0,0.8321,69691.0,0.8323,30650.0,0.8324,82780.0
1753591909323,04:51:49.323,bybit,ADA/USDT:USDT,0.8322,4659.0,0.8321,69691.0,0.8323,30650.0,0.8324,82780.0
1753591909423,04:51:49.423,bybit,ADA/USDT:USDT,0.8322,3047.0,0.8321,67208.0,0.8323,30650.0,0.8324,82780.0
1753591909522,04:51:49.522,bybit,ADA/USDT:USDT,0.8322,3047.0,0.8321,65596.0,0.8323,30650.0,0.8324,82780.0
1753591909622,04:51:49.622,bybit,ADA/USDT:USDT,0.8322,12138.0,0.8321,69691.0,0.8323,30660.0,0.8324,80297.0
1753591909722,04:51:49.722,bybit,ADA/USDT:USDT,0.8322,10526.0,0.8321,69691.0,0.8323,30660.0,0.8324,80297.0
1753591909822,04:51:49.822,bybit,ADA/USDT:USDT,0.8322,10530.0,0.8321,69691.0,0.8323,30660.0,0.8324,80297.0
1753591909922,04:51:49.922,bybit,ADA/USDT:USDT,0.8322,12142.0,0.8321,72291.0,0.8323,30660.0,0.8324,80297.0
1753591910022,04:51:50.022,bybit,ADA/USDT:USDT,0.8322,12142.0,0.8321,72291.0,0.8323,30660.0,0.8324,80297.0
1753591910122,04:51:50.122,bybit,ADA/USDT:USDT,0.8322,18868.0,0.8321,72291.0,0.8323,30660.0,0.8324,80297.0
1753591910222,04:51:50.222,bybit,ADA/USDT:USDT,0.8322,18868.0,0.8321,72291.0,0.8323,30660.0,0.8324,80297.0
1753591910323,04:51:50.323,bybit,ADA/USDT:USDT,0.8322,18868.0,0.8321,72291.0,0.8323,30650.0,0.8324,80297.0
1753591910423,04:51:50.423,bybit,ADA/USDT:USDT,0.8322,18868.0,0.8321,72291.0,0.8323,28050.0,0.8324,80297.0
1753591910522,04:51:50.522,bybit,ADA/USDT:USDT,0.8322,17256.0,0.8321,69691.0,0.8323,28050.0,0.8324,80297.0
1753591910622,04:51:50.622,bybit,ADA/USDT:USDT,0.8322,17256.0,0.8321,69691.0,0.8323,28050.0,0.8324,80297.0
1753591910722,04:51:50.722,bybit,ADA/USDT:USDT,0.8322,17256.0,0.8321,69691.0,0.8323,28050.0,0.8324,80297.0
1753591910823,04:51:50.823,bybit,ADA/USDT:USDT,0.8322,17256.0,0.8321,69691.0,0.8323,28050.0,0.8324,80297.0
1753591910923,04:51:50.923,bybit,ADA/USDT:USDT,0.8322,20268.0,0.8321,72291.0,0.8323,28050.0,0.8324,78897.0
1753591911022,04:51:51.022,bybit,ADA/USDT:USDT,0.8322,18646.0,0.8321,72291.0,0.8323,28050.0,0.8324,78897.0
1753591911122,04:51:51.122,bybit,ADA/USDT:USDT,0.8322,17246.0,0.8321,68196.0,0.8323,28050.0,0.8324,84468.0
1753591911222,04:51:51.222,bybit,ADA/USDT:USDT,0.8322,10520.0,0.8321,68196.0,0.8323,28050.0,0.8324,85869.0
1753591911322,04:51:51.322,bybit,ADA/USDT:USDT,0.8322,10457.0,0.8321,66584.0,0.8323,28050.0,0.8324,85869.0
1753591911422,04:51:51.422,bybit,ADA/USDT:USDT,0.8322,10529.0,0.8321,66584.0,0.8323,28050.0,0.8324,85869.0
1753591911522,04:51:51.522,bybit,ADA/USDT:USDT,0.8322,10529.0,0.8321,66584.0,0.8323,28057.0,0.8324,85869.0
1753591911622,04:51:51.622,bybit,ADA/USDT:USDT,0.8322,10529.0,0.8321,68128.0,0.8323,28691.0,0.8324,81380.0
1753591911722,04:51:51.722,bybit,ADA/USDT:USDT,0.8321,584.0,0.832,51466.0,0.8322,33618.0,0.8323,46899.0
1753591911822,04:51:51.822,bybit,ADA/USDT:USDT,0.8321,2083.0,0.832,13786.0,0.8322,36862.0,0.8323,65817.0
1753591911922,04:51:51.922,bybit,ADA/USDT:USDT,0.8321,8809.0,0.832,44292.0,0.8322,9450.0,0.8323,61288.0
1753591912023,04:51:52.023,bybit,ADA/USDT:USDT,0.8321,18565.0,0.832,62069.0,0.8322,27.0,0.8323,49164.0
1753591912122,04:51:52.122,bybit,ADA/USDT:USDT,0.8321,18590.0,0.832,64038.0,0.8322,27.0,0.8323,2893.0
1753591912222,04:51:52.222,bybit,ADA/USDT:USDT,0.8322,41894.0,0.8321,67189.0,0.8323,1777.0,0.8324,42533.0
1753591912322,04:51:52.322,bybit,ADA/USDT:USDT,0.8322,41531.0,0.8321,67214.0,0.8323,1586.0,0.8324,39859.0
1753591912422,04:51:52.422,bybit,ADA/USDT:USDT,0.8322,41457.0,0.8321,67214.0,0.8323,1586.0,0.8324,38632.0
1753591912522,04:51:52.522,bybit,ADA/USDT:USDT,0.8322,39879.0,0.8321,67140.0,0.8323,1160.0,0.8324,39058.0
1753591912622,04:51:52.622,bybit,ADA/USDT:USDT,0.8322,40486.0,0.8321,67140.0,0.8323,1160.0,0.8324,39058.0
1753591912722,04:51:52.722,bybit,ADA/USDT:USDT,0.8322,40486.0,0.8321,67115.0,0.8323,1160.0,0.8324,39058.0
1753591912822,04:51:52.822,bybit,ADA/USDT:USDT,0.8322,40486.0,0.8321,67147.0,0.8323,1160.0,0.8324,36458.0
1753591912923,04:51:52.923,bybit,ADA/USDT:USDT,0.8322,40486.0,0.8321,67147.0,0.8323,1160.0,0.8324,36458.0
1753591913022,04:51:53.022,bybit,ADA/USDT:USDT,0.8322,40486.0,0.8321,67147.0,0.8323,1160.0,0.8324,36458.0
1753591913122,04:51:53.122,bybit,ADA/USDT:USDT,0.8322,40486.0,0.8321,67147.0,0.8323,1160.0,0.8324,36458.0
1753591913223,04:51:53.223,bybit,ADA/USDT:USDT,0.8322,38982.0,0.8321,67147.0,0.8323,1160.0,0.8324,39058.0
1753591913323,04:51:53.323,bybit,ADA/USDT:USDT,0.8322,38982.0,0.8321,63061.0,0.8323,3404.0,0.8324,39058.0
1753591913422,04:51:53.422,bybit,ADA/USDT:USDT,0.8322,38982.0,0.8321,63061.0,0.8323,3404.0,0.8324,39778.0
1753591913522,04:51:53.522,bybit,ADA/USDT:USDT,0.8322,38982.0,0.8321,63061.0,0.8323,3404.0,0.8324,39778.0
1753591913622,04:51:53.622,bybit,ADA/USDT:USDT,0.8322,38982.0,0.8321,64565.0,0.8323,3404.0,0.8324,39778.0
1753591913722,04:51:53.722,bybit,ADA/USDT:USDT,0.8322,38982.0,0.8321,65586.0,0.8323,3404.0,0.8324,39778.0
1753591913822,04:51:53.822,bybit,ADA/USDT:USDT,0.8322,38982.0,0.8321,64082.0,0.8323,8149.0,0.8324,47006.0
1753591913924,04:51:53.924,bybit,ADA/USDT:USDT,0.8322,38982.0,0.8321,65586.0,0.8323,8149.0,0.8324,47006.0
1753591914122,04:51:54.122,bybit,ADA/USDT:USDT,0.8322,34759.0,0.8321,64082.0,0.8323,8149.0,0.8324,47006.0
1753591914222,04:51:54.222,bybit,ADA/USDT:USDT,0.8322,34759.0,0.8321,62578.0,0.8323,8149.0,0.8324,48510.0
1753591914323,04:51:54.323,bybit,ADA/USDT:USDT,0.8322,30759.0,0.8321,62578.0,0.8323,8368.0,0.8324,51110.0
1753591914422,04:51:54.422,bybit,ADA/USDT:USDT,0.8322,30759.0,0.8321,62578.0,0.8323,11614.0,0.8324,51110.0
1753591914522,04:51:54.522,bybit,ADA/USDT:USDT,0.8322,30759.0,0.8321,62578.0,0.8323,11928.0,0.8324,51110.0
1753591914622,04:51:54.622,bybit,ADA/USDT:USDT,0.8322,30759.0,0.8321,62579.0,0.8323,11928.0,0.8324,51110.0
1753591914822,04:51:54.822,bybit,ADA/USDT:USDT,0.8322,7333.0,0.8321,43420.0,0.8323,26801.0,0.8324,80810.0
1753591914923,04:51:54.923,bybit,ADA/USDT:USDT,0.8322,1148.0,0.8321,39420.0,0.8323,26801.0,0.8324,80810.0
1753591915122,04:51:55.122,bybit,ADA/USDT:USDT,0.8322,1148.0,0.8321,39420.0,0.8323,25297.0,0.8324,81494.0
1753591915222,04:51:55.222,bybit,ADA/USDT:USDT,0.8322,1148.0,0.8321,39420.0,0.8323,25297.0,0.8324,81494.0
1753591915322,04:51:55.322,bybit,ADA/USDT:USDT,0.8322,1148.0,0.8321,39420.0,0.8323,25297.0,0.8324,81494.0
1753591915423,04:51:55.423,bybit,ADA/USDT:USDT,0.8321,19731.0,0.832,79093.0,0.8322,15546.0,0.8323,52171.0
1753591915622,04:51:55.622,bybit,ADA/USDT:USDT,0.8321,15184.0,0.832,91622.0,0.8322,16669.0,0.8323,78214.0
1753591915722,04:51:55.722,bybit,ADA/USDT:USDT,0.8321,16118.0,0.832,94630.0,0.8322,15157.0,0.8323,76752.0
1753591915823,04:51:55.823,bybit,ADA/USDT:USDT,0.8321,17622.0,0.832,94630.0,0.8322,15157.0,0.8323,76752.0
1753591916123,04:51:56.123,bybit,ADA/USDT:USDT,0.8321,2661.0,0.832,65135.0,0.8322,21893.0,0.8323,88296.0
1753591916222,04:51:56.222,bybit,ADA/USDT:USDT,0.8321,2661.0,0.832,65135.0,0.8322,21893.0,0.8323,88296.0
1753591916322,04:51:56.322,bybit,ADA/USDT:USDT,0.8321,2661.0,0.832,65135.0,0.8322,21893.0,0.8323,88296.0
1753591916423,04:51:56.423,bybit,ADA/USDT:USDT,0.8321,2661.0,0.832,65135.0,0.8322,21893.0,0.8323,88296.0
1753591916522,04:51:56.522,bybit,ADA/USDT:USDT,0.8321,2661.0,0.832,52761.0,0.8322,21893.0,0.8323,88296.0
1753591916623,04:51:56.623,bybit,ADA/USDT:USDT,0.8321,2661.0,0.832,52761.0,0.8322,21893.0,0.8323,88296.0
1753591916722,04:51:56.722,bybit,ADA/USDT:USDT,0.8321,1149.0,0.832,46556.0,0.8322,23706.0,0.8323,96873.0
1753591916822,04:51:56.822,bybit,ADA/USDT:USDT,0.8321,2661.0,0.832,46556.0,0.8322,23706.0,0.8323,98274.0
1753591916922,04:51:56.922,bybit,ADA/USDT:USDT,0.8321,2054.0,0.832,46556.0,0.8322,22199.0,0.8323,98274.0
1753591917022,04:51:57.022,bybit,ADA/USDT:USDT,0.8321,2054.0,0.832,49039.0,0.8322,20713.0,0.8323,89697.0
1753591917122,04:51:57.122,bybit,ADA/USDT:USDT,0.8321,2054.0,0.832,49039.0,0.8322,20713.0,0.8323,89697.0
1753591917223,04:51:57.223,bybit,ADA/USDT:USDT,0.8321,2054.0,0.832,46556.0,0.8322,22220.0,0.8323,89697.0
1753591917322,04:51:57.322,bybit,ADA/USDT:USDT,0.8321,542.0,0.832,46556.0,0.8322,22220.0,0.8323,89697.0
1753591917422,04:51:57.422,bybit,ADA/USDT:USDT,0.8321,542.0,0.832,46556.0,0.8322,22240.0,0.8323,98239.0
1753591917522,04:51:57.522,bybit,ADA/USDT:USDT,0.8321,542.0,0.832,46556.0,0.8322,22240.0,0.8323,98239.0
1753591917623,04:51:57.623,bybit,ADA/USDT:USDT,0.8321,3688.0,0.832,49039.0,0.8322,20733.0,0.8323,89662.0
1753591917822,04:51:57.822,bybit,ADA/USDT:USDT,0.8321,3688.0,0.832,49039.0,0.8322,20733.0,0.8323,89662.0
1753591917922,04:51:57.922,bybit,ADA/USDT:USDT,0.8321,3688.0,0.832,49039.0,0.8322,20733.0,0.8323,89662.0
1753591918223,04:51:58.223,bybit,ADA/USDT:USDT,0.8321,2176.0,0.832,49156.0,0.8322,20733.0,0.8323,85784.0
1753591918323,04:51:58.323,bybit,ADA/USDT:USDT,0.8321,2176.0,0.832,46556.0,0.8322,22240.0,0.8323,98245.0
1753591918422,04:51:58.422,bybit,ADA/USDT:USDT,0.8321,2176.0,0.832,46556.0,0.8322,23747.0,0.8323,98245.0
1753591918522,04:51:58.522,bybit,ADA/USDT:USDT,0.8321,2176.0,0.832,46556.0,0.8322,23747.0,0.8323,98245.0
1753591918622,04:51:58.622,bybit,ADA/USDT:USDT,0.8321,2176.0,0.832,46556.0,0.8322,23747.0,0.8323,98245.0
1753591918822,04:51:58.822,bybit,ADA/USDT:USDT,0.8321,2176.0,0.832,46556.0,0.8322,23747.0,0.8323,98245.0
1753591918922,04:51:58.922,bybit,ADA/USDT:USDT,0.8321,2176.0,0.832,46556.0,0.8322,23747.0,0.8323,98245.0
1753591919222,04:51:59.222,bybit,ADA/USDT:USDT,0.8321,2244.0,0.832,46556.0,0.8322,23765.0,0.8323,98245.0
1753591919322,04:51:59.322,bybit,ADA/USDT:USDT,0.8321,2244.0,0.832,46556.0,0.8322,23765.0,0.8323,98245.0
1753591919422,04:51:59.422,bybit,ADA/USDT:USDT,0.8321,2244.0,0.832,46556.0,0.8322,23765.0,0.8323,98245.0
1753591919522,04:51:59.522,bybit,ADA/USDT:USDT,0.8321,2785.0,0.832,46556.0,0.8322,23765.0,0.8323,98245.0
1753591919623,04:51:59.623,bybit,ADA/USDT:USDT,0.8321,2785.0,0.832,46556.0,0.8322,23765.0,0.8323,98524.0
1753591919722,04:51:59.722,bybit,ADA/USDT:USDT,0.8321,2785.0,0.832,46556.0,0.8322,22240.0,0.8323,98524.0
1753591919822,04:51:59.822,bybit,ADA/USDT:USDT,0.8321,2785.0,0.832,46556.0,0.8322,22268.0,0.8323,98524.0
1753591919922,04:51:59.922,bybit,ADA/USDT:USDT,0.8321,2785.0,0.832,46556.0,0.8322,22268.0,0.8323,98524.0
1753591920022,04:52:00.022,bybit,ADA/USDT:USDT,0.8321,2615.0,0.832,46556.0,0.8322,23776.0,0.8323,98524.0
1753591920122,04:52:00.122,bybit,ADA/USDT:USDT,0.8321,2615.0,0.832,46556.0,0.8322,23776.0,0.8323,98524.0
1753591920222,04:52:00.222,bybit,ADA/USDT:USDT,0.8321,2615.0,0.832,46556.0,0.8322,22269.0,0.8323,98524.0
1753591920322,04:52:00.322,bybit,ADA/USDT:USDT,0.8321,2615.0,0.832,46556.0,0.8322,22269.0,0.8323,98736.0
1753591920423,04:52:00.423,bybit,ADA/USDT:USDT,0.8321,2615.0,0.832,46556.0,0.8322,24733.0,0.8323,103751.0
1753591920522,04:52:00.522,bybit,ADA/USDT:USDT,0.8321,2615.0,0.832,45156.0,0.8322,26038.0,0.8323,103751.0
1753591920622,04:52:00.622,bybit,ADA/USDT:USDT,0.8321,2615.0,0.832,45156.0,0.8322,26038.0,0.8323,101101.0
1753591920723,04:52:00.723,bybit,ADA/USDT:USDT,0.8321,2074.0,0.832,12423.0,0.8322,26065.0,0.8323,101101.0
1753591920823,04:52:00.823,bybit,ADA/USDT:USDT,0.8321,2074.0,0.832,12423.0,0.8322,26065.0,0.8323,101101.0
1753591920922,04:52:00.922,bybit,ADA/USDT:USDT,0.8321,2074.0,0.832,12423.0,0.8322,26065.0,0.8323,101101.0
1753591921022,04:52:01.022,bybit,ADA/USDT:USDT,0.8321,2074.0,0.832,12423.0,0.8322,26065.0,0.8323,101101.0
1753591921122,04:52:01.122,bybit,ADA/USDT:USDT,0.8321,2615.0,0.832,48343.0,0.8322,24558.0,0.8323,101076.0
1753591921222,04:52:01.222,bybit,ADA/USDT:USDT,0.8321,2615.0,0.832,48343.0,0.8322,23051.0,0.8323,89485.0
1753591921322,04:52:01.322,bybit,ADA/USDT:USDT,0.8321,4127.0,0.832,49743.0,0.8322,21971.0,0.8323,89485.0
1753591921422,04:52:01.422,bybit,ADA/USDT:USDT,0.8321,4127.0,0.832,47260.0,0.8322,21971.0,0.8323,88885.0
1753591921523,04:52:01.523,bybit,ADA/USDT:USDT,0.8322,59160.0,0.8321,69173.0,0.8323,3474.0,0.8324,67565.0
1753591921623,04:52:01.623,bybit,ADA/USDT:USDT,0.8322,40795.0,0.8321,93632.0,0.8323,5015.0,0.8324,42105.0
1753591921722,04:52:01.722,bybit,ADA/USDT:USDT,0.8322,35209.0,0.8321,91124.0,0.8323,695.0,0.8324,38796.0
1753591921822,04:52:01.822,bybit,ADA/USDT:USDT,0.8322,38220.0,0.8321,91182.0,0.8323,705.0,0.8324,28034.0
1753591921922,04:52:01.922,bybit,ADA/USDT:USDT,0.8323,35770.0,0.8322,73272.0,0.8324,1577.0,0.8325,57986.0
1753591922023,04:52:02.023,bybit,ADA/USDT:USDT,0.8323,31991.0,0.8322,71767.0,0.8324,15433.0,0.8325,59717.0
1753591922123,04:52:02.123,bybit,ADA/USDT:USDT,0.8323,25001.0,0.8322,87044.0,0.8324,15193.0,0.8325,68770.0
1753591922223,04:52:02.223,bybit,ADA/USDT:USDT,0.8323,23489.0,0.8322,76756.0,0.8324,24519.0,0.8325,77802.0
1753591922323,04:52:02.323,bybit,ADA/USDT:USDT,0.8322,14231.0,0.8321,77446.0,0.8323,26763.0,0.8324,55070.0
1753591922422,04:52:02.422,bybit,ADA/USDT:USDT,0.8322,2693.0,0.8321,73033.0,0.8323,26763.0,0.8324,66991.0
1753591922522,04:52:02.522,bybit,ADA/USDT:USDT,0.8322,3109.0,0.8321,62252.0,0.8323,32813.0,0.8324,69082.0
1753591922622,04:52:02.622,bybit,ADA/USDT:USDT,0.8322,4098.0,0.8321,62252.0,0.8323,23929.0,0.8324,69089.0
1753591922723,04:52:02.723,bybit,ADA/USDT:USDT,0.8322,3102.0,0.8321,64735.0,0.8323,24529.0,0.8324,71572.0
1753591922822,04:52:02.822,bybit,ADA/USDT:USDT,0.8322,24132.0,0.8321,66226.0,0.8323,16915.0,0.8324,68590.0
1753591922923,04:52:02.923,bybit,ADA/USDT:USDT,0.8323,2244.0,0.8322,59917.0,0.8324,40342.0,0.8325,90273.0
1753591923022,04:52:03.022,bybit,ADA/USDT:USDT,0.8323,2244.0,0.8322,58426.0,0.8324,40342.0,0.8325,90273.0
1753591923123,04:52:03.123,bybit,ADA/USDT:USDT,0.8323,2244.0,0.8322,58426.0,0.8324,40342.0,0.8325,91764.0
1753591923223,04:52:03.223,bybit,ADA/USDT:USDT,0.8323,2244.0,0.8322,58426.0,0.8324,40342.0,0.8325,91764.0
1753591923322,04:52:03.322,bybit,ADA/USDT:USDT,0.8323,2244.0,0.8322,59826.0,0.8324,40102.0,0.8325,93523.0
1753591923423,04:52:03.423,bybit,ADA/USDT:USDT,0.8323,732.0,0.8322,57343.0,0.8324,40582.0,0.8325,95014.0
1753591923522,04:52:03.522,bybit,ADA/USDT:USDT,0.8323,732.0,0.8322,57343.0,0.8324,39370.0,0.8325,103591.0
1753591923623,04:52:03.623,bybit,ADA/USDT:USDT,0.8323,732.0,0.8322,57343.0,0.8324,40861.0,0.8325,105082.0
1753591923722,04:52:03.722,bybit,ADA/USDT:USDT,0.8323,732.0,0.8322,57343.0,0.8324,39370.0,0.8325,103591.0
1753591923823,04:52:03.823,bybit,ADA/USDT:USDT,0.8323,9669.0,0.8322,66119.0,0.8324,39370.0,0.8325,93523.0
1753591923924,04:52:03.924,bybit,ADA/USDT:USDT,0.8323,16395.0,0.8322,66119.0,0.8324,29519.0,0.8325,92923.0
1753591924022,04:52:04.022,bybit,ADA/USDT:USDT,0.8323,16395.0,0.8322,66119.0,0.8324,19065.0,0.8325,89673.0
1753591924122,04:52:04.122,bybit,ADA/USDT:USDT,0.8323,16395.0,0.8322,66119.0,0.8324,19065.0,0.8325,89673.0
1753591924223,04:52:04.223,bybit,ADA/USDT:USDT,0.8323,22436.0,0.8322,81230.0,0.8324,1488.0,0.8325,81218.0
1753591924322,04:52:04.322,bybit,ADA/USDT:USDT,0.8323,20945.0,0.8322,81240.0,0.8324,1743.0,0.8325,78435.0
1753591924423,04:52:04.423,bybit,ADA/USDT:USDT,0.8323,16945.0,0.8322,82324.0,0.8324,10403.0,0.8325,82526.0
1753591924522,04:52:04.522,bybit,ADA/USDT:USDT,0.8323,16938.0,0.8322,82324.0,0.8324,10403.0,0.8325,85531.0
1753591924623,04:52:04.623,bybit,ADA/USDT:USDT,0.8323,17372.0,0.8322,81907.0,0.8324,7983.0,0.8325,84040.0
1753591924723,04:52:04.723,bybit,ADA/USDT:USDT,0.8323,17372.0,0.8322,83389.0,0.8324,7983.0,0.8325,84040.0
1753591924823,04:52:04.823,bybit,ADA/USDT:USDT,0.8323,17372.0,0.8322,83389.0,0.8324,1583.0,0.8325,84040.0
1753591924922,04:52:04.922,bybit,ADA/USDT:USDT,0.8323,17372.0,0.8322,80391.0,0.8324,11469.0,0.8325,90049.0
1753591925022,04:52:05.022,bybit,ADA/USDT:USDT,0.8323,17343.0,0.8322,80391.0,0.8324,11469.0,0.8325,91278.0
1753591925122,04:52:05.122,bybit,ADA/USDT:USDT,0.8323,17343.0,0.8322,83355.0,0.8324,8869.0,0.8325,88314.0
1753591925223,04:52:05.223,bybit,ADA/USDT:USDT,0.8323,17343.0,0.8322,83355.0,0.8324,8869.0,0.8325,88314.0
1753591925323,04:52:05.323,bybit,ADA/USDT:USDT,0.8323,17343.0,0.8322,83380.0,0.8324,2366.0,0.8325,88314.0
1753591925422,04:52:05.422,bybit,ADA/USDT:USDT,0.8323,17343.0,0.8322,83418.0,0.8324,1809.0,0.8325,88314.0
1753591925522,04:52:05.522,bybit,ADA/USDT:USDT,0.8323,17343.0,0.8322,83393.0,0.8324,1809.0,0.8325,76176.0
1753591925622,04:52:05.622,bybit,ADA/USDT:USDT,0.8323,18825.0,0.8322,83418.0,0.8324,1809.0,0.8325,76176.0
1753591925722,04:52:05.722,bybit,ADA/USDT:USDT,0.8323,18825.0,0.8322,84439.0,0.8324,1818.0,0.8325,76176.0
1753591925822,04:52:05.822,bybit,ADA/USDT:USDT,0.8323,18825.0,0.8322,84439.0,0.8324,1818.0,0.8325,76176.0
1753591925923,04:52:05.923,bybit,ADA/USDT:USDT,0.8323,18825.0,0.8322,84439.0,0.8324,1818.0,0.8325,76176.0
1753591926022,04:52:06.022,bybit,ADA/USDT:USDT,0.8323,17343.0,0.8322,81450.0,0.8324,14397.0,0.8325,80541.0
1753591926122,04:52:06.122,bybit,ADA/USDT:USDT,0.8323,17343.0,0.8322,81450.0,0.8324,14397.0,0.8325,80541.0
1753591926322,04:52:06.322,bybit,ADA/USDT:USDT,0.8323,3162.0,0.8322,64234.0,0.8324,25205.0,0.8325,81370.0
1753591926423,04:52:06.423,bybit,ADA/USDT:USDT,0.8323,3162.0,0.8322,64234.0,0.8324,23723.0,0.8325,81370.0
1753591926523,04:52:06.523,bybit,ADA/USDT:USDT,0.8323,3162.0,0.8322,64234.0,0.8324,23717.0,0.8325,81970.0
1753591926622,04:52:06.622,bybit,ADA/USDT:USDT,0.8323,3162.0,0.8322,64234.0,0.8324,23717.0,0.8325,81970.0
1753591926722,04:52:06.722,bybit,ADA/USDT:USDT,0.8323,9888.0,0.8322,64234.0,0.8324,23717.0,0.8325,80488.0
1753591926823,04:52:06.823,bybit,ADA/USDT:USDT,0.8323,9888.0,0.8322,67198.0,0.8324,23717.0,0.8325,80488.0
1753591926922,04:52:06.922,bybit,ADA/USDT:USDT,0.8323,9888.0,0.8322,65716.0,0.8324,23717.0,0.8325,80488.0
1753591927022,04:52:07.022,bybit,ADA/USDT:USDT,0.8323,16151.0,0.8322,69823.0,0.8324,9621.0,0.8325,76176.0
1753591927122,04:52:07.122,bybit,ADA/USDT:USDT,0.8323,16151.0,0.8322,69823.0,0.8324,9621.0,0.8325,76176.0
1753591927223,04:52:07.223,bybit,ADA/USDT:USDT,0.8323,16151.0,0.8322,69823.0,0.8324,9621.0,0.8325,76176.0
1753591927323,04:52:07.323,bybit,ADA/USDT:USDT,0.8323,11370.0,0.8322,69798.0,0.8324,9621.0,0.8325,76176.0
1753591927422,04:52:07.422,bybit,ADA/USDT:USDT,0.8323,9888.0,0.8322,68316.0,0.8324,12418.0,0.8325,77658.0
1753591927522,04:52:07.522,bybit,ADA/USDT:USDT,0.8323,9888.0,0.8322,66834.0,0.8324,12418.0,0.8325,79140.0
1753591927622,04:52:07.622,bybit,ADA/USDT:USDT,0.8323,9888.0,0.8322,66834.0,0.8324,19144.0,0.8325,81261.0
1753591927722,04:52:07.722,bybit,ADA/USDT:USDT,0.8323,9888.0,0.8322,67855.0,0.8324,19144.0,0.8325,81261.0
1753591927822,04:52:07.822,bybit,ADA/USDT:USDT,0.8323,9888.0,0.8322,70819.0,0.8324,19144.0,0.8325,78297.0
1753591927924,04:52:07.924,bybit,ADA/USDT:USDT,0.8323,9888.0,0.8322,70819.0,0.8324,19144.0,0.8325,78297.0
1753591928022,04:52:08.022,bybit,ADA/USDT:USDT,0.8323,9888.0,0.8322,70819.0,0.8324,19144.0,0.8325,78297.0
1753591928122,04:52:08.122,bybit,ADA/USDT:USDT,0.8323,9888.0,0.8322,70819.0,0.8324,19144.0,0.8325,76896.0
1753591928222,04:52:08.222,bybit,ADA/USDT:USDT,0.8323,9888.0,0.8322,70819.0,0.8324,19144.0,0.8325,76896.0
1753591928322,04:52:08.322,bybit,ADA/USDT:USDT,0.8323,9888.0,0.8322,70819.0,0.8324,19144.0,0.8325,76896.0
1753591928422,04:52:08.422,bybit,ADA/USDT:USDT,0.8323,27494.0,0.8322,87014.0,0.8324,2009.0,0.8325,58734.0
1753591928523,04:52:08.523,bybit,ADA/USDT:USDT,0.8323,27494.0,0.8322,87014.0,0.8324,1689.0,0.8325,59159.0
1753591928622,04:52:08.622,bybit,ADA/USDT:USDT,0.8323,27493.0,0.8322,87014.0,0.8324,1689.0,0.8325,59159.0
1753591928722,04:52:08.722,bybit,ADA/USDT:USDT,0.8323,27437.0,0.8322,87014.0,0.8324,1195.0,0.8325,59159.0
1753591928822,04:52:08.822,bybit,ADA/USDT:USDT,0.8323,25955.0,0.8322,81567.0,0.8324,1670.0,0.8325,60510.0
1753591928922,04:52:08.922,bybit,ADA/USDT:USDT,0.8323,25955.0,0.8322,81567.0,0.8324,1670.0,0.8325,60510.0
1753591929022,04:52:09.022,bybit,ADA/USDT:USDT,0.8324,1170.0,0.8323,27374.0,0.8325,32799.0,0.8326,102907.0
1753591929123,04:52:09.123,bybit,ADA/USDT:USDT,0.8324,65207.0,0.8323,92898.0,0.8325,4587.0,0.8326,42215.0
1753591929223,04:52:09.223,bybit,ADA/USDT:USDT,0.8324,63695.0,0.8323,92908.0,0.8325,4996.0,0.8326,42924.0
1753591929322,04:52:09.322,bybit,ADA/USDT:USDT,0.8324,58950.0,0.8323,92908.0,0.8325,9946.0,0.8326,42907.0
1753591929422,04:52:09.422,bybit,ADA/USDT:USDT,0.8324,44020.0,0.8323,85479.0,0.8325,9947.0,0.8326,50353.0
1753591929622,04:52:09.622,bybit,ADA/USDT:USDT,0.8324,44020.0,0.8323,85479.0,0.8325,9933.0,0.8326,50353.0
1753591929722,04:52:09.722,bybit,ADA/USDT:USDT,0.8324,44117.0,0.8323,86404.0,0.8325,9933.0,0.8326,51782.0
1753591929823,04:52:09.823,bybit,ADA/USDT:USDT,0.8324,45546.0,0.8323,87833.0,0.8325,9686.0,0.8326,52836.0
1753591929922,04:52:09.922,bybit,ADA/USDT:USDT,0.8324,45546.0,0.8323,87833.0,0.8325,9686.0,0.8326,52836.0
1753591930023,04:52:10.023,bybit,ADA/USDT:USDT,0.8324,46975.0,0.8323,89262.0,0.8325,9686.0,0.8326,49633.0
1753591930122,04:52:10.122,bybit,ADA/USDT:USDT,0.8324,45546.0,0.8323,89262.0,0.8325,9686.0,0.8326,49633.0
1753591930223,04:52:10.223,bybit,ADA/USDT:USDT,0.8324,45546.0,0.8323,89262.0,0.8325,9686.0,0.8326,49633.0
1753591930422,04:52:10.422,bybit,ADA/USDT:USDT,0.8324,45546.0,0.8323,89262.0,0.8325,9686.0,0.8326,49633.0
1753591930522,04:52:10.522,bybit,ADA/USDT:USDT,0.8324,45546.0,0.8323,89262.0,0.8325,10238.0,0.8326,49633.0
1753591930622,04:52:10.622,bybit,ADA/USDT:USDT,0.8324,45546.0,0.8323,89262.0,0.8325,10238.0,0.8326,49633.0
1753591930722,04:52:10.722,bybit,ADA/USDT:USDT,0.8324,45546.0,0.8323,88742.0,0.8325,10238.0,0.8326,49633.0
1753591930923,04:52:10.923,bybit,ADA/USDT:USDT,0.8324,46371.0,0.8323,88441.0,0.8325,10238.0,0.8326,51407.0
1753591931122,04:52:11.122,bybit,ADA/USDT:USDT,0.8324,46371.0,0.8323,90949.0,0.8325,1203.0,0.8326,29441.0
1753591931222,04:52:11.222,bybit,ADA/USDT:USDT,0.8324,46371.0,0.8323,90924.0,0.8325,1203.0,0.8326,30650.0
1753591931322,04:52:11.322,bybit,ADA/USDT:USDT,0.8324,44942.0,0.8323,90924.0,0.8325,2715.0,0.8326,30650.0
1753591931422,04:52:11.422,bybit,ADA/USDT:USDT,0.8324,44357.0,0.8323,88441.0,0.8325,1213.0,0.8326,35733.0
1753591931523,04:52:11.523,bybit,ADA/USDT:USDT,0.8324,44357.0,0.8323,87012.0,0.8325,2000.0,0.8326,33133.0
1753591931622,04:52:11.622,bybit,ADA/USDT:USDT,0.8324,44360.0,0.8323,85583.0,0.8325,3755.0,0.8326,40027.0
1753591931723,04:52:11.723,bybit,ADA/USDT:USDT,0.8324,17201.0,0.8323,85583.0,0.8325,17826.0,0.8326,44693.0
1753591931822,04:52:11.822,bybit,ADA/USDT:USDT,0.8324,1657.0,0.8323,65158.0,0.8325,17826.0,0.8326,66139.0
1753591931925,04:52:11.925,bybit,ADA/USDT:USDT,0.8324,3183.0,0.8323,67681.0,0.8325,17826.0,0.8326,66139.0
1753591932122,04:52:12.122,bybit,ADA/USDT:USDT,0.8324,939.0,0.8323,30360.0,0.8325,17826.0,0.8326,68139.0
1753591932322,04:52:12.322,bybit,ADA/USDT:USDT,0.8324,939.0,0.8323,70464.0,0.8325,17826.0,0.8326,68139.0
1753591932422,04:52:12.422,bybit,ADA/USDT:USDT,0.8324,939.0,0.8323,70464.0,0.8325,18426.0,0.8326,67539.0
1753591932622,04:52:12.622,bybit,ADA/USDT:USDT,0.8324,939.0,0.8323,67864.0,0.8325,21956.0,0.8326,67539.0
1753591932922,04:52:12.922,bybit,ADA/USDT:USDT,0.8324,950.0,0.8323,66464.0,0.8325,19385.0,0.8326,70139.0
1753591933022,04:52:13.022,bybit,ADA/USDT:USDT,0.8324,950.0,0.8323,61216.0,0.8325,19385.0,0.8326,70139.0
1753591933122,04:52:13.122,bybit,ADA/USDT:USDT,0.8324,950.0,0.8323,62616.0,0.8325,17956.0,0.8326,70139.0
1753591933422,04:52:13.422,bybit,ADA/USDT:USDT,0.8324,950.0,0.8323,62616.0,0.8325,17935.0,0.8326,70139.0
1753591933722,04:52:13.722,bybit,ADA/USDT:USDT,0.8324,948.0,0.8323,62616.0,0.8325,17935.0,0.8326,71160.0
1753591933822,04:52:13.822,bybit,ADA/USDT:USDT,0.8324,948.0,0.8323,62616.0,0.8325,17935.0,0.8326,71160.0
1753591933922,04:52:13.922,bybit,ADA/USDT:USDT,0.8324,948.0,0.8323,62616.0,0.8325,17935.0,0.8326,71160.0
1753591934023,04:52:14.023,bybit,ADA/USDT:USDT,0.8324,948.0,0.8323,62616.0,0.8325,17935.0,0.8326,71160.0
1753591934122,04:52:14.122,bybit,ADA/USDT:USDT,0.8324,948.0,0.8323,62616.0,0.8325,17935.0,0.8326,71160.0
1753591934222,04:52:14.222,bybit,ADA/USDT:USDT,0.8324,948.0,0.8323,62616.0,0.8325,17935.0,0.8326,71160.0
1753591934322,04:52:14.322,bybit,ADA/USDT:USDT,0.8324,948.0,0.8323,62616.0,0.8325,17935.0,0.8326,71160.0
1753591934422,04:52:14.422,bybit,ADA/USDT:USDT,0.8324,948.0,0.8323,62616.0,0.8325,17935.0,0.8326,80240.0
1753591934523,04:52:14.523,bybit,ADA/USDT:USDT,0.8324,700.0,0.8323,53872.0,0.8325,20372.0,0.8326,80240.0
1753591934622,04:52:14.622,bybit,ADA/USDT:USDT,0.8324,700.0,0.8323,53872.0,0.8325,21482.0,0.8326,80240.0
1753591934722,04:52:14.722,bybit,ADA/USDT:USDT,0.8324,700.0,0.8323,53872.0,0.8325,20534.0,0.8326,79531.0
1753591934823,04:52:14.823,bybit,ADA/USDT:USDT,0.8324,2944.0,0.8323,59301.0,0.8325,19098.0,0.8326,76720.0
1753591934923,04:52:14.923,bybit,ADA/USDT:USDT,0.8324,2944.0,0.8323,57872.0,0.8325,19089.0,0.8326,76720.0
1753591935023,04:52:15.023,bybit,ADA/USDT:USDT,0.8324,2944.0,0.8323,59301.0,0.8325,19089.0,0.8326,76720.0
1753591935122,04:52:15.122,bybit,ADA/USDT:USDT,0.8324,2861.0,0.8323,60730.0,0.8325,19089.0,0.8326,76720.0
1753591935222,04:52:15.222,bybit,ADA/USDT:USDT,0.8324,1432.0,0.8323,59301.0,0.8325,19437.0,0.8326,76720.0
1753591935322,04:52:15.322,bybit,ADA/USDT:USDT,0.8324,1432.0,0.8323,60736.0,0.8325,19862.0,0.8326,76720.0
1753591935423,04:52:15.423,bybit,ADA/USDT:USDT,0.8324,1432.0,0.8323,57872.0,0.8325,19862.0,0.8326,76720.0
1753591935522,04:52:15.522,bybit,ADA/USDT:USDT,0.8324,1158.0,0.8323,59304.0,0.8325,19922.0,0.8326,76720.0
1753591935622,04:52:15.622,bybit,ADA/USDT:USDT,0.8324,1158.0,0.8323,57872.0,0.8325,19980.0,0.8326,76720.0
1753591935722,04:52:15.722,bybit,ADA/USDT:USDT,0.8324,2670.0,0.8323,57872.0,0.8325,20048.0,0.8326,78152.0
1753591935823,04:52:15.823,bybit,ADA/USDT:USDT,0.8324,2670.0,0.8323,57872.0,0.8325,20048.0,0.8326,78152.0
1753591935925,04:52:15.925,bybit,ADA/USDT:USDT,0.8324,2670.0,0.8323,60355.0,0.8325,19928.0,0.8326,76720.0
1753591936022,04:52:16.022,bybit,ADA/USDT:USDT,0.8324,2670.0,0.8323,60355.0,0.8325,19928.0,0.8326,78142.0
1753591936122,04:52:16.122,bybit,ADA/USDT:USDT,0.8324,9396.0,0.8323,63199.0,0.8325,19928.0,0.8326,76120.0
1753591936222,04:52:16.222,bybit,ADA/USDT:USDT,0.8324,9396.0,0.8323,63199.0,0.8325,19928.0,0.8326,76120.0
1753591936322,04:52:16.322,bybit,ADA/USDT:USDT,0.8324,9397.0,0.8323,65799.0,0.8325,19985.0,0.8326,74720.0
1753591936422,04:52:16.422,bybit,ADA/USDT:USDT,0.8324,9397.0,0.8323,64377.0,0.8325,19992.0,0.8326,74720.0
1753591936522,04:52:16.522,bybit,ADA/USDT:USDT,0.8324,9385.0,0.8323,62955.0,0.8325,19992.0,0.8326,74720.0
1753591936722,04:52:16.722,bybit,ADA/USDT:USDT,0.8324,10785.0,0.8323,65799.0,0.8325,17392.0,0.8326,74720.0
1753591936822,04:52:16.822,bybit,ADA/USDT:USDT,0.8324,10785.0,0.8323,65799.0,0.8325,17392.0,0.8326,74720.0
1753591936922,04:52:16.922,bybit,ADA/USDT:USDT,0.8324,12207.0,0.8323,65799.0,0.8325,17392.0,0.8326,72237.0
1753591937022,04:52:17.022,bybit,ADA/USDT:USDT,0.8324,12207.0,0.8323,65799.0,0.8325,17392.0,0.8326,72237.0
1753591937122,04:52:17.122,bybit,ADA/USDT:USDT,0.8324,10785.0,0.8323,65799.0,0.8325,17392.0,0.8326,72237.0
1753591937222,04:52:17.222,bybit,ADA/USDT:USDT,0.8324,9385.0,0.8323,65799.0,0.8325,17406.0,0.8326,72237.0
1753591937323,04:52:17.323,bybit,ADA/USDT:USDT,0.8324,9385.0,0.8323,65799.0,0.8325,17406.0,0.8326,74720.0
1753591937422,04:52:17.422,bybit,ADA/USDT:USDT,0.8324,9385.0,0.8323,64377.0,0.8325,17406.0,0.8326,76142.0
1753591937522,04:52:17.522,bybit,ADA/USDT:USDT,0.8324,9385.0,0.8323,65799.0,0.8325,17406.0,0.8326,74720.0
1753591937622,04:52:17.622,bybit,ADA/USDT:USDT,0.8324,9385.0,0.8323,65799.0,0.8325,17406.0,0.8326,74720.0
1753591937722,04:52:17.722,bybit,ADA/USDT:USDT,0.8324,9385.0,0.8323,60472.0,0.8325,17653.0,0.8326,77492.0
1753591937822,04:52:17.822,bybit,ADA/USDT:USDT,0.8324,9385.0,0.8323,64377.0,0.8325,17651.0,0.8326,77492.0
1753591937925,04:52:17.925,bybit,ADA/USDT:USDT,0.8324,9395.0,0.8323,60472.0,0.8325,19073.0,0.8326,77492.0
1753591938022,04:52:18.022,bybit,ADA/USDT:USDT,0.8324,9395.0,0.8323,60472.0,0.8325,17651.0,0.8326,77492.0
1753591938122,04:52:18.122,bybit,ADA/USDT:USDT,0.8324,9395.0,0.8323,60472.0,0.8325,16851.0,0.8326,75009.0
1753591938223,04:52:18.223,bybit,ADA/USDT:USDT,0.8324,9395.0,0.8323,60472.0,0.8325,16851.0,0.8326,75017.0
1753591938322,04:52:18.322,bybit,ADA/USDT:USDT,0.8324,9395.0,0.8323,61902.0,0.8325,16851.0,0.8326,73587.0
1753591938422,04:52:18.422,bybit,ADA/USDT:USDT,0.8324,10795.0,0.8323,63332.0,0.8325,16851.0,0.8326,72237.0
1753591938522,04:52:18.522,bybit,ADA/USDT:USDT,0.8324,10795.0,0.8323,63332.0,0.8325,16851.0,0.8326,72237.0
1753591938622,04:52:18.622,bybit,ADA/USDT:USDT,0.8324,10503.0,0.8323,63332.0,0.8325,16864.0,0.8326,72237.0
1753591938723,04:52:18.723,bybit,ADA/USDT:USDT,0.8324,10503.0,0.8323,61902.0,0.8325,16439.0,0.8326,72662.0
1753591938822,04:52:18.822,bybit,ADA/USDT:USDT,0.8324,10503.0,0.8323,61854.0,0.8325,16439.0,0.8326,72662.0
1753591938922,04:52:18.922,bybit,ADA/USDT:USDT,0.8324,10503.0,0.8323,61854.0,0.8325,16439.0,0.8326,74044.0
1753591939022,04:52:19.022,bybit,ADA/USDT:USDT,0.8324,10503.0,0.8323,63236.0,0.8325,16439.0,0.8326,72662.0
1753591939123,04:52:19.123,bybit,ADA/USDT:USDT,0.8324,11885.0,0.8323,65719.0,0.8325,16439.0,0.8326,75145.0
1753591939222,04:52:19.222,bybit,ADA/USDT:USDT,0.8324,11885.0,0.8323,65719.0,0.8325,16439.0,0.8326,75145.0
1753591939322,04:52:19.322,bybit,ADA/USDT:USDT,0.8324,11885.0,0.8323,65719.0,0.8325,16439.0,0.8326,75145.0
1753591939522,04:52:19.522,bybit,ADA/USDT:USDT,0.8324,10504.0,0.8323,61854.0,0.8325,16439.0,0.8326,76527.0
1753591939622,04:52:19.622,bybit,ADA/USDT:USDT,0.8324,10504.0,0.8323,61854.0,0.8325,16439.0,0.8326,76527.0
1753591939722,04:52:19.722,bybit,ADA/USDT:USDT,0.8324,10504.0,0.8323,62875.0,0.8325,16439.0,0.8326,76527.0
1753591939822,04:52:19.822,bybit,ADA/USDT:USDT,0.8324,14486.0,0.8323,66740.0,0.8325,4691.0,0.8326,71641.0
1753591939922,04:52:19.922,bybit,ADA/USDT:USDT,0.8324,14486.0,0.8323,66740.0,0.8325,7863.0,0.8326,71641.0
1753591940022,04:52:20.022,bybit,ADA/USDT:USDT,0.8324,14486.0,0.8323,66740.0,0.8325,10304.0,0.8326,74124.0
1753591940122,04:52:20.122,bybit,ADA/USDT:USDT,0.8324,14355.0,0.8323,66740.0,0.8325,5243.0,0.8326,74124.0
1753591940222,04:52:20.222,bybit,ADA/USDT:USDT,0.8324,14534.0,0.8323,66740.0,0.8325,5243.0,0.8326,74124.0
1753591940322,04:52:20.322,bybit,ADA/USDT:USDT,0.8324,14534.0,0.8323,66740.0,0.8325,4758.0,0.8326,74124.0
1753591940422,04:52:20.422,bybit,ADA/USDT:USDT,0.8324,14534.0,0.8323,66740.0,0.8325,4758.0,0.8326,74124.0
1753591940523,04:52:20.523,bybit,ADA/USDT:USDT,0.8324,20534.0,0.8323,66740.0,0.8325,4758.0,0.8326,74124.0
1753591940722,04:52:20.722,bybit,ADA/USDT:USDT,0.8324,20534.0,0.8323,74084.0,0.8325,4758.0,0.8326,66528.0
1753591940822,04:52:20.822,bybit,ADA/USDT:USDT,0.8324,20534.0,0.8323,74084.0,0.8325,4758.0,0.8326,63325.0
1753591940922,04:52:20.922,bybit,ADA/USDT:USDT,0.8324,20534.0,0.8323,74084.0,0.8325,4758.0,0.8326,63325.0
1753591941022,04:52:21.022,bybit,ADA/USDT:USDT,0.8324,21916.0,0.8323,95264.0,0.8325,2646.0,0.8326,33429.0
1753591941122,04:52:21.122,bybit,ADA/USDT:USDT,0.8324,21916.0,0.8323,95264.0,0.8325,2646.0,0.8326,33429.0
1753591941222,04:52:21.222,bybit,ADA/USDT:USDT,0.8324,21916.0,0.8323,95264.0,0.8325,2646.0,0.8326,35912.0
1753591941322,04:52:21.322,bybit,ADA/USDT:USDT,0.8324,20534.0,0.8323,95264.0,0.8325,2706.0,0.8326,35912.0
1753591941422,04:52:21.422,bybit,ADA/USDT:USDT,0.8324,20534.0,0.8323,95384.0,0.8325,2706.0,0.8326,35912.0
1753591941622,04:52:21.622,bybit,ADA/USDT:USDT,0.8324,19152.0,0.8323,95384.0,0.8325,2706.0,0.8326,35912.0
1753591941722,04:52:21.722,bybit,ADA/USDT:USDT,0.8324,13152.0,0.8323,92901.0,0.8325,4218.0,0.8326,39232.0
1753591941925,04:52:21.925,bybit,ADA/USDT:USDT,0.8324,14534.0,0.8323,95384.0,0.8325,4218.0,0.8326,38512.0
1753591942022,04:52:22.022,bybit,ADA/USDT:USDT,0.8324,14534.0,0.8323,95384.0,0.8325,2766.0,0.8326,38512.0
1753591942222,04:52:22.222,bybit,ADA/USDT:USDT,0.8324,14534.0,0.8323,95384.0,0.8325,2766.0,0.8326,38512.0
1753591942322,04:52:22.322,bybit,ADA/USDT:USDT,0.8324,14752.0,0.8323,95384.0,0.8325,2766.0,0.8326,38512.0
1753591942422,04:52:22.422,bybit,ADA/USDT:USDT,0.8324,20748.0,0.8323,95384.0,0.8325,3275.0,0.8326,38512.0
1753591942623,04:52:22.623,bybit,ADA/USDT:USDT,0.8324,20748.0,0.8323,95384.0,0.8325,3275.0,0.8326,38512.0
1753591942922,04:52:22.922,bybit,ADA/USDT:USDT,0.8324,19366.0,0.8323,94002.0,0.8325,3275.0,0.8326,38512.0
1753591943122,04:52:23.122,bybit,ADA/USDT:USDT,0.8324,19366.0,0.8323,95384.0,0.8325,3275.0,0.8326,38512.0
1753591943223,04:52:23.223,bybit,ADA/USDT:USDT,0.8325,51557.0,0.8324,92089.0,0.8326,2233.0,0.8327,42744.0
1753591943322,04:52:23.322,bybit,ADA/USDT:USDT,0.8325,51557.0,0.8324,92099.0,0.8326,2233.0,0.8327,29526.0
1753591943422,04:52:23.422,bybit,ADA/USDT:USDT,0.8325,51557.0,0.8324,89616.0,0.8326,2233.0,0.8327,29526.0
1753591943522,04:52:23.522,bybit,ADA/USDT:USDT,0.8325,51557.0,0.8324,92099.0,0.8326,2233.0,0.8327,29526.0
1753591943622,04:52:23.622,bybit,ADA/USDT:USDT,0.8325,27880.0,0.8324,91376.0,0.8326,2233.0,0.8327,34271.0
1753591943722,04:52:23.722,bybit,ADA/USDT:USDT,0.8325,30688.0,0.8324,92396.0,0.8326,2233.0,0.8327,31788.0
1753591943823,04:52:23.823,bybit,ADA/USDT:USDT,0.8325,29284.0,0.8324,92396.0,0.8326,2233.0,0.8327,31788.0
1753591943924,04:52:23.924,bybit,ADA/USDT:USDT,0.8325,30688.0,0.8324,91887.0,0.8326,2233.0,0.8327,31788.0
1753591944022,04:52:24.022,bybit,ADA/USDT:USDT,0.8325,31193.0,0.8324,91887.0,0.8326,2233.0,0.8327,31788.0
1753591944122,04:52:24.122,bybit,ADA/USDT:USDT,0.8325,28385.0,0.8324,86618.0,0.8326,9222.0,0.8327,39918.0
1753591944222,04:52:24.222,bybit,ADA/USDT:USDT,0.8325,28385.0,0.8324,86618.0,0.8326,9222.0,0.8327,38514.0
1753591944323,04:52:24.323,bybit,ADA/USDT:USDT,0.8325,29789.0,0.8324,89426.0,0.8326,4477.0,0.8327,41114.0
1753591944422,04:52:24.422,bybit,ADA/USDT:USDT,0.8325,31193.0,0.8324,89426.0,0.8326,3745.0,0.8327,41114.0
1753591944522,04:52:24.522,bybit,ADA/USDT:USDT,0.8325,31193.0,0.8324,89426.0,0.8326,3745.0,0.8327,41114.0
1753591944622,04:52:24.622,bybit,ADA/USDT:USDT,0.8325,31193.0,0.8324,89426.0,0.8326,3745.0,0.8327,41114.0
1753591944722,04:52:24.722,bybit,ADA/USDT:USDT,0.8325,31193.0,0.8324,89426.0,0.8326,2233.0,0.8327,31788.0
1753591944822,04:52:24.822,bybit,ADA/USDT:USDT,0.8325,31193.0,0.8324,91909.0,0.8326,2226.0,0.8327,31788.0
1753591944922,04:52:24.922,bybit,ADA/USDT:USDT,0.8325,31193.0,0.8324,101708.0,0.8326,1017.0,0.8327,31788.0
1753591945123,04:52:25.123,bybit,ADA/USDT:USDT,0.8326,24017.0,0.8325,62952.0,0.8327,18977.0,0.8328,67906.0
1753591945223,04:52:25.223,bybit,ADA/USDT:USDT,0.8326,20108.0,0.8325,59078.0,0.8327,19402.0,0.8328,68050.0
1753591945322,04:52:25.322,bybit,ADA/USDT:USDT,0.8326,20108.0,0.8325,62930.0,0.8327,19282.0,0.8328,84050.0
1753591945422,04:52:25.422,bybit,ADA/USDT:USDT,0.8326,21620.0,0.8325,62930.0,0.8327,17651.0,0.8328,84050.0
1753591945523,04:52:25.523,bybit,ADA/USDT:USDT,0.8326,21620.0,0.8325,62977.0,0.8327,17651.0,0.8328,64741.0
1753591945622,04:52:25.622,bybit,ADA/USDT:USDT,0.8326,21620.0,0.8325,62977.0,0.8327,17651.0,0.8328,64741.0
1753591945722,04:52:25.722,bybit,ADA/USDT:USDT,0.8326,21620.0,0.8325,62977.0,0.8327,17651.0,0.8328,64741.0
1753591945822,04:52:25.822,bybit,ADA/USDT:USDT,0.8326,21620.0,0.8325,62977.0,0.8327,15051.0,0.8328,64741.0
1753591945921,04:52:25.921,bybit,ADA/USDT:USDT,0.8326,21620.0,0.8325,62977.0,0.8327,21777.0,0.8328,64741.0
1753591946022,04:52:26.022,bybit,ADA/USDT:USDT,0.8326,20108.0,0.8325,55121.0,0.8327,21777.0,0.8328,68748.0
1753591946123,04:52:26.123,bybit,ADA/USDT:USDT,0.8326,21620.0,0.8325,60302.0,0.8327,21777.0,0.8328,66025.0
1753591946223,04:52:26.223,bybit,ADA/USDT:USDT,0.8326,21620.0,0.8325,60302.0,0.8327,21777.0,0.8328,65881.0
1753591946323,04:52:26.323,bybit,ADA/USDT:USDT,0.8326,21620.0,0.8325,60302.0,0.8327,21777.0,0.8328,65881.0
1753591946422,04:52:26.422,bybit,ADA/USDT:USDT,0.8326,20108.0,0.8325,58953.0,0.8327,23000.0,0.8328,68579.0
1753591946522,04:52:26.522,bybit,ADA/USDT:USDT,0.8324,1940.0,0.8323,42464.0,0.8325,39422.0,0.8326,53721.0
1753591946622,04:52:26.622,bybit,ADA/USDT:USDT,0.8324,9162.0,0.8323,46631.0,0.8325,29862.0,0.8326,94851.0
1753591946722,04:52:26.722,bybit,ADA/USDT:USDT,0.8324,14859.0,0.8323,56807.0,0.8325,13652.0,0.8326,91679.0
1753591946822,04:52:26.822,bybit,ADA/USDT:USDT,0.8324,9155.0,0.8323,51376.0,0.8325,14283.0,0.8326,94162.0
1753591946922,04:52:26.922,bybit,ADA/USDT:USDT,0.8324,9155.0,0.8323,54324.0,0.8325,14283.0,0.8326,78907.0
1753591947022,04:52:27.022,bybit,ADA/USDT:USDT,0.8324,9155.0,0.8323,54324.0,0.8325,14283.0,0.8326,78907.0
1753591947123,04:52:27.123,bybit,ADA/USDT:USDT,0.8324,9155.0,0.8323,51376.0,0.8325,19036.0,0.8326,80381.0
1753591947223,04:52:27.223,bybit,ADA/USDT:USDT,0.8324,9155.0,0.8323,51376.0,0.8325,17562.0,0.8326,81070.0
1753591947323,04:52:27.323,bybit,ADA/USDT:USDT,0.8324,9155.0,0.8323,51376.0,0.8325,17562.0,0.8326,81070.0
1753591947422,04:52:27.422,bybit,ADA/USDT:USDT,0.8324,9155.0,0.8323,51376.0,0.8325,17562.0,0.8326,81070.0
1753591947523,04:52:27.523,bybit,ADA/USDT:USDT,0.8324,9155.0,0.8323,51376.0,0.8325,17562.0,0.8326,81077.0
1753591947623,04:52:27.623,bybit,ADA/USDT:USDT,0.8324,9357.0,0.8323,51376.0,0.8325,17562.0,0.8326,81077.0
1753591947722,04:52:27.722,bybit,ADA/USDT:USDT,0.8324,9354.0,0.8323,55376.0,0.8325,17562.0,0.8326,82098.0
1753591947823,04:52:27.823,bybit,ADA/USDT:USDT,0.8324,9354.0,0.8323,58324.0,0.8325,17562.0,0.8326,80599.0
1753591947925,04:52:27.925,bybit,ADA/USDT:USDT,0.8324,9354.0,0.8323,58324.0,0.8325,15450.0,0.8326,79725.0
1753591948022,04:52:28.022,bybit,ADA/USDT:USDT,0.8324,10828.0,0.8323,60807.0,0.8325,15450.0,0.8326,76874.0
1753591948122,04:52:28.122,bybit,ADA/USDT:USDT,0.8324,10828.0,0.8323,60807.0,0.8325,15450.0,0.8326,76874.0
1753591948222,04:52:28.222,bybit,ADA/USDT:USDT,0.8324,10828.0,0.8323,60807.0,0.8325,15450.0,0.8326,76874.0
1753591948322,04:52:28.322,bybit,ADA/USDT:USDT,0.8324,2628.0,0.8323,15238.0,0.8325,18439.0,0.8326,84311.0
1753591948423,04:52:28.423,bybit,ADA/USDT:USDT,0.8324,384.0,0.8323,53828.0,0.8325,20156.0,0.8326,84311.0
1753591948522,04:52:28.522,bybit,ADA/USDT:USDT,0.8324,396.0,0.8323,53828.0,0.8325,18848.0,0.8326,84311.0
1753591948622,04:52:28.622,bybit,ADA/USDT:USDT,0.8324,396.0,0.8323,53828.0,0.8325,18848.0,0.8326,84311.0
1753591948722,04:52:28.722,bybit,ADA/USDT:USDT,0.8324,643.0,0.8323,53828.0,0.8325,18848.0,0.8326,84311.0
1753591948822,04:52:28.822,bybit,ADA/USDT:USDT,0.8324,643.0,0.8323,53828.0,0.8325,18841.0,0.8326,84311.0
1753591948922,04:52:28.922,bybit,ADA/USDT:USDT,0.8324,643.0,0.8323,53828.0,0.8325,17464.0,0.8326,84311.0
1753591949022,04:52:29.022,bybit,ADA/USDT:USDT,0.8324,643.0,0.8323,53828.0,0.8325,18841.0,0.8326,84311.0
1753591949122,04:52:29.122,bybit,ADA/USDT:USDT,0.8324,643.0,0.8323,13828.0,0.8325,18841.0,0.8326,84311.0
1753591949222,04:52:29.222,bybit,ADA/USDT:USDT,0.8324,375.0,0.8323,16311.0,0.8325,18841.0,0.8326,84911.0
1753591949322,04:52:29.322,bybit,ADA/USDT:USDT,0.8324,375.0,0.8323,16311.0,0.8325,24841.0,0.8326,84911.0
1753591949423,04:52:29.423,bybit,ADA/USDT:USDT,0.8324,791.0,0.8323,7102.0,0.8325,25441.0,0.8326,92888.0
1753591949523,04:52:29.523,bybit,ADA/USDT:USDT,0.8324,791.0,0.8323,9585.0,0.8325,24841.0,0.8326,92888.0
1753591949622,04:52:29.622,bybit,ADA/USDT:USDT,0.8324,791.0,0.8323,7102.0,0.8325,24841.0,0.8326,92888.0
1753591949722,04:52:29.722,bybit,ADA/USDT:USDT,0.8324,791.0,0.8323,9585.0,0.8325,24841.0,0.8326,92888.0
1753591949922,04:52:29.922,bybit,ADA/USDT:USDT,0.8323,683.0,0.8322,52206.0,0.8324,47273.0,0.8325,92531.0
1753591950123,04:52:30.123,bybit,ADA/USDT:USDT,0.8323,7.0,0.8322,2416.0,0.8324,68018.0,0.8325,106758.0
1753591950223,04:52:30.223,bybit,ADA/USDT:USDT,0.8323,7.0,0.8322,4899.0,0.8324,66580.0,0.8325,111439.0
1753591950322,04:52:30.322,bybit,ADA/USDT:USDT,0.8323,2251.0,0.8322,17625.0,0.8324,62591.0,0.8325,105414.0
1753591950822,04:52:30.822,bybit,ADA/USDT:USDT,0.8323,2270.0,0.8322,43262.0,0.8324,46496.0,0.8325,109960.0
1753591950922,04:52:30.922,bybit,ADA/USDT:USDT,0.8323,2270.0,0.8322,43262.0,0.8324,46496.0,0.8325,110631.0
1753591951022,04:52:31.022,bybit,ADA/USDT:USDT,0.8323,2270.0,0.8322,37262.0,0.8324,50344.0,0.8325,126656.0
1753591951222,04:52:31.222,bybit,ADA/USDT:USDT,0.8323,2270.0,0.8322,37272.0,0.8324,27999.0,0.8325,108784.0
1753591951322,04:52:31.322,bybit,ADA/USDT:USDT,0.8323,1785.0,0.8322,15142.0,0.8324,26586.0,0.8325,99020.0
1753591951423,04:52:31.423,bybit,ADA/USDT:USDT,0.8323,1805.0,0.8322,39023.0,0.8324,26586.0,0.8325,120946.0
1753591951522,04:52:31.522,bybit,ADA/USDT:USDT,0.8323,1805.0,0.8322,39023.0,0.8324,27222.0,0.8325,119533.0
1753591951622,04:52:31.622,bybit,ADA/USDT:USDT,0.8323,1805.0,0.8322,57255.0,0.8324,27222.0,0.8325,122359.0
1753591951722,04:52:31.722,bybit,ADA/USDT:USDT,0.8323,293.0,0.8322,37610.0,0.8324,27855.0,0.8325,137759.0
1753591951822,04:52:31.822,bybit,ADA/USDT:USDT,0.8323,293.0,0.8322,37610.0,0.8324,27855.0,0.8325,137759.0
1753591951922,04:52:31.922,bybit,ADA/USDT:USDT,0.8323,293.0,0.8322,37610.0,0.8324,27855.0,0.8325,137759.0
1753591952122,04:52:32.122,bybit,ADA/USDT:USDT,0.8323,3218.0,0.8322,44436.0,0.8324,28568.0,0.8325,115212.0
1753591952222,04:52:32.222,bybit,ADA/USDT:USDT,0.8323,3218.0,0.8322,44436.0,0.8324,28568.0,0.8325,115812.0
1753591952322,04:52:32.322,bybit,ADA/USDT:USDT,0.8323,1805.0,0.8322,37610.0,0.8324,28568.0,0.8325,122359.0
1753591952423,04:52:32.423,bybit,ADA/USDT:USDT,0.8323,1805.0,0.8322,37610.0,0.8324,28568.0,0.8325,122359.0
1753591952522,04:52:32.522,bybit,ADA/USDT:USDT,0.8323,1805.0,0.8322,37610.0,0.8324,28568.0,0.8325,138359.0
1753591952722,04:52:32.722,bybit,ADA/USDT:USDT,0.8323,293.0,0.8322,31610.0,0.8324,30581.0,0.8325,138384.0
1753591952822,04:52:32.822,bybit,ADA/USDT:USDT,0.8323,3439.0,0.8322,31610.0,0.8324,29168.0,0.8325,138384.0
1753591952922,04:52:32.922,bybit,ADA/USDT:USDT,0.8323,3439.0,0.8322,31610.0,0.8324,29168.0,0.8325,138384.0
1753591953022,04:52:33.022,bybit,ADA/USDT:USDT,0.8323,3439.0,0.8322,31610.0,0.8324,29168.0,0.8325,138384.0
1753591953122,04:52:33.122,bybit,ADA/USDT:USDT,0.8323,3439.0,0.8322,31610.0,0.8324,29168.0,0.8325,138384.0
1753591953622,04:52:33.622,bybit,ADA/USDT:USDT,0.8323,3439.0,0.8322,31610.0,0.8324,28568.0,0.8325,140640.0
1753591953722,04:52:33.722,bybit,ADA/USDT:USDT,0.8323,3439.0,0.8322,33023.0,0.8324,28672.0,0.8325,137789.0
1753591953822,04:52:33.822,bybit,ADA/USDT:USDT,0.8323,3439.0,0.8322,33023.0,0.8324,28672.0,0.8325,139202.0
1753591953923,04:52:33.923,bybit,ADA/USDT:USDT,0.8323,3439.0,0.8322,31610.0,0.8324,28672.0,0.8325,140640.0
1753591954022,04:52:34.022,bybit,ADA/USDT:USDT,0.8323,3439.0,0.8322,31610.0,0.8324,28559.0,0.8325,140155.0
1753591954122,04:52:34.122,bybit,ADA/USDT:USDT,0.8323,3439.0,0.8322,9142.0,0.8324,28559.0,0.8325,140155.0
1753591954222,04:52:34.222,bybit,ADA/USDT:USDT,0.8323,3439.0,0.8322,38058.0,0.8324,28559.0,0.8325,140155.0
1753591954322,04:52:34.322,bybit,ADA/USDT:USDT,0.8323,3439.0,0.8322,9142.0,0.8324,29972.0,0.8325,140040.0
1753591954422,04:52:34.422,bybit,ADA/USDT:USDT,0.8323,1919.0,0.8322,11625.0,0.8324,28559.0,0.8325,124040.0
1753591954522,04:52:34.522,bybit,ADA/USDT:USDT,0.8323,1919.0,0.8322,9142.0,0.8324,28559.0,0.8325,140040.0
1753591954622,04:52:34.622,bybit,ADA/USDT:USDT,0.8323,1672.0,0.8322,9142.0,0.8324,35333.0,0.8325,140640.0
1753591954723,04:52:34.723,bybit,ADA/USDT:USDT,0.8323,1672.0,0.8322,9142.0,0.8324,35333.0,0.8325,140647.0
1753591954822,04:52:34.822,bybit,ADA/USDT:USDT,0.8323,1672.0,0.8322,9142.0,0.8324,35337.0,0.8325,140647.0
1753591955123,04:52:35.123,bybit,ADA/USDT:USDT,0.8323,1919.0,0.8322,40841.0,0.8324,33924.0,0.8325,137796.0
1753591955222,04:52:35.222,bybit,ADA/USDT:USDT,0.8323,1919.0,0.8322,39428.0,0.8324,33924.0,0.8325,137911.0
1753591955322,04:52:35.322,bybit,ADA/USDT:USDT,0.8323,1672.0,0.8322,9142.0,0.8324,33924.0,0.8325,140762.0
1753591955422,04:52:35.422,bybit,ADA/USDT:USDT,0.8323,1672.0,0.8322,9142.0,0.8324,35337.0,0.8325,140647.0
1753591955522,04:52:35.522,bybit,ADA/USDT:USDT,0.8323,1672.0,0.8322,39428.0,0.8324,35404.0,0.8325,140647.0
1753591955622,04:52:35.622,bybit,ADA/USDT:USDT,0.8323,1672.0,0.8322,39428.0,0.8324,33348.0,0.8325,140647.0
1753591955723,04:52:35.723,bybit,ADA/USDT:USDT,0.8323,1919.0,0.8322,39428.0,0.8324,33348.0,0.8325,139234.0
1753591955822,04:52:35.822,bybit,ADA/USDT:USDT,0.8323,10157.0,0.8322,46254.0,0.8324,26021.0,0.8325,137196.0
1753591955922,04:52:35.922,bybit,ADA/USDT:USDT,0.8323,10157.0,0.8322,51337.0,0.8324,25421.0,0.8325,119306.0
1753591956022,04:52:36.022,bybit,ADA/USDT:USDT,0.8323,10157.0,0.8322,48854.0,0.8324,26134.0,0.8325,114147.0
1753591956122,04:52:36.122,bybit,ADA/USDT:USDT,0.8323,10157.0,0.8322,48854.0,0.8324,26134.0,0.8325,116630.0
1753591956222,04:52:36.222,bybit,ADA/USDT:USDT,0.8323,3431.0,0.8322,42241.0,0.8324,26134.0,0.8325,119281.0
1753591956322,04:52:36.322,bybit,ADA/USDT:USDT,0.8323,3431.0,0.8322,43311.0,0.8324,26134.0,0.8325,120694.0
1753591956423,04:52:36.423,bybit,ADA/USDT:USDT,0.8323,3431.0,0.8322,40828.0,0.8324,26161.0,0.8325,120719.0
1753591956522,04:52:36.522,bybit,ADA/USDT:USDT,0.8323,5218.0,0.8322,46137.0,0.8324,26161.0,0.8325,117868.0
1753591956623,04:52:36.623,bybit,ADA/USDT:USDT,0.8323,6631.0,0.8322,46137.0,0.8324,26161.0,0.8325,115385.0
1753591956723,04:52:36.723,bybit,ADA/USDT:USDT,0.8323,3431.0,0.8322,43654.0,0.8324,26161.0,0.8325,117868.0
1753591956922,04:52:36.922,bybit,ADA/USDT:USDT,0.8323,3431.0,0.8322,46254.0,0.8324,25505.0,0.8325,117868.0
1753591957022,04:52:37.022,bybit,ADA/USDT:USDT,0.8323,6244.0,0.8322,51337.0,0.8324,24996.0,0.8325,112747.0
1753591957122,04:52:37.122,bybit,ADA/USDT:USDT,0.8323,6244.0,0.8322,51337.0,0.8324,24972.0,0.8325,112747.0
1753591957222,04:52:37.222,bybit,ADA/USDT:USDT,0.8323,6244.0,0.8322,51337.0,0.8324,23808.0,0.8325,112747.0
1753591957322,04:52:37.322,bybit,ADA/USDT:USDT,0.8323,3430.0,0.8322,42241.0,0.8324,24645.0,0.8325,117906.0
1753591957423,04:52:37.423,bybit,ADA/USDT:USDT,0.8323,3447.0,0.8322,42241.0,0.8324,24442.0,0.8325,116468.0
1753591957522,04:52:37.522,bybit,ADA/USDT:USDT,0.8323,3447.0,0.8322,46137.0,0.8324,24893.0,0.8325,116468.0
1753591957622,04:52:37.622,bybit,ADA/USDT:USDT,0.8323,3447.0,0.8322,46137.0,0.8324,24893.0,0.8325,116468.0
1753591957722,04:52:37.722,bybit,ADA/USDT:USDT,0.8323,5498.0,0.8322,46137.0,0.8324,23729.0,0.8325,116468.0
1753591957822,04:52:37.822,bybit,ADA/USDT:USDT,0.8323,5498.0,0.8322,46137.0,0.8324,23783.0,0.8325,113985.0
1753591957923,04:52:37.923,bybit,ADA/USDT:USDT,0.8323,5498.0,0.8322,46137.0,0.8324,23783.0,0.8325,113985.0
1753591958022,04:52:38.022,bybit,ADA/USDT:USDT,0.8323,3447.0,0.8322,42241.0,0.8324,23783.0,0.8325,117881.0
1753591958122,04:52:38.122,bybit,ADA/USDT:USDT,0.8323,3447.0,0.8322,42241.0,0.8324,23783.0,0.8325,117881.0
1753591958222,04:52:38.222,bybit,ADA/USDT:USDT,0.8323,3447.0,0.8322,42241.0,0.8324,23783.0,0.8325,117881.0
1753591958326,04:52:38.326,bybit,ADA/USDT:USDT,0.8323,3447.0,0.8322,39428.0,0.8324,25796.0,0.8325,120119.0
1753591958422,04:52:38.422,bybit,ADA/USDT:USDT,0.8323,3447.0,0.8322,39428.0,0.8324,24383.0,0.8325,120119.0
1753591958523,04:52:38.523,bybit,ADA/USDT:USDT,0.8323,3447.0,0.8322,41911.0,0.8324,24383.0,0.8325,119519.0
1753591958622,04:52:38.622,bybit,ADA/USDT:USDT,0.8323,3447.0,0.8322,43324.0,0.8324,24383.0,0.8325,119519.0
1753591958723,04:52:38.723,bybit,ADA/USDT:USDT,0.8323,3447.0,0.8322,44737.0,0.8324,24383.0,0.8325,119494.0
1753591958822,04:52:38.822,bybit,ADA/USDT:USDT,0.8323,8332.0,0.8322,47337.0,0.8324,24383.0,0.8325,102970.0
1753591959022,04:52:39.022,bybit,ADA/USDT:USDT,0.8323,18080.0,0.8322,49962.0,0.8324,24383.0,0.8325,103570.0
1753591959222,04:52:39.222,bybit,ADA/USDT:USDT,0.8323,18080.0,0.8322,49962.0,0.8324,23783.0,0.8325,102850.0
1753591959322,04:52:39.322,bybit,ADA/USDT:USDT,0.8323,18080.0,0.8322,49937.0,0.8324,23783.0,0.8325,102850.0
1753591959423,04:52:39.423,bybit,ADA/USDT:USDT,0.8323,18080.0,0.8322,49962.0,0.8324,23783.0,0.8325,102850.0
1753591959522,04:52:39.522,bybit,ADA/USDT:USDT,0.8323,16667.0,0.8322,49937.0,0.8324,23783.0,0.8325,102850.0
1753591959622,04:52:39.622,bybit,ADA/USDT:USDT,0.8323,18080.0,0.8322,49937.0,0.8324,23783.0,0.8325,102310.0
1753591959722,04:52:39.722,bybit,ADA/USDT:USDT,0.8324,49334.0,0.8323,72535.0,0.8325,603.0,0.8326,73529.0
1753591959822,04:52:39.822,bybit,ADA/USDT:USDT,0.8324,42769.0,0.8323,92812.0,0.8325,913.0,0.8326,58687.0
1753591959924,04:52:39.924,bybit,ADA/USDT:USDT,0.8324,41204.0,0.8323,92812.0,0.8325,913.0,0.8326,59358.0
1753591960023,04:52:40.023,bybit,ADA/USDT:USDT,0.8324,43382.0,0.8323,92812.0,0.8325,913.0,0.8326,59358.0
1753591960122,04:52:40.122,bybit,ADA/USDT:USDT,0.8324,43382.0,0.8323,92812.0,0.8325,428.0,0.8326,53308.0
1753591960223,04:52:40.223,bybit,ADA/USDT:USDT,0.8324,43357.0,0.8323,92812.0,0.8325,428.0,0.8326,53308.0
1753591960322,04:52:40.322,bybit,ADA/USDT:USDT,0.8324,43357.0,0.8323,92812.0,0.8325,428.0,0.8326,53308.0
1753591960422,04:52:40.422,bybit,ADA/USDT:USDT,0.8324,43357.0,0.8323,92812.0,0.8325,428.0,0.8326,53308.0
1753591960522,04:52:40.522,bybit,ADA/USDT:USDT,0.8324,43357.0,0.8323,92812.0,0.8325,428.0,0.8326,53308.0
1753591960622,04:52:40.622,bybit,ADA/USDT:USDT,0.8324,43357.0,0.8323,92812.0,0.8325,428.0,0.8326,53308.0
1753591960722,04:52:40.722,bybit,ADA/USDT:USDT,0.8324,43357.0,0.8323,93833.0,0.8325,428.0,0.8326,53308.0
1753591960822,04:52:40.822,bybit,ADA/USDT:USDT,0.8324,43357.0,0.8323,93833.0,0.8325,428.0,0.8326,53308.0
1753591960922,04:52:40.922,bybit,ADA/USDT:USDT,0.8324,43357.0,0.8323,93833.0,0.8325,428.0,0.8326,53308.0
1753591961022,04:52:41.022,bybit,ADA/USDT:USDT,0.8324,34732.0,0.8323,93833.0,0.8325,3846.0,0.8326,56195.0
1753591961122,04:52:41.122,bybit,ADA/USDT:USDT,0.8324,34732.0,0.8323,93833.0,0.8325,3846.0,0.8326,58678.0
1753591961222,04:52:41.222,bybit,ADA/USDT:USDT,0.8324,33161.0,0.8323,93833.0,0.8325,3846.0,0.8326,58678.0
1753591961323,04:52:41.323,bybit,ADA/USDT:USDT,0.8324,1881.0,0.8323,87478.0,0.8325,21895.0,0.8326,88197.0
1753591961422,04:52:41.422,bybit,ADA/USDT:USDT,0.8324,1881.0,0.8323,82278.0,0.8325,21995.0,0.8326,89768.0
1753591961523,04:52:41.523,bybit,ADA/USDT:USDT,0.8323,13854.0,0.8322,87368.0,0.8324,17438.0,0.8325,63589.0
1753591961622,04:52:41.622,bybit,ADA/USDT:USDT,0.8323,13854.0,0.8322,108803.0,0.8324,13488.0,0.8325,71633.0
1753591961723,04:52:41.723,bybit,ADA/USDT:USDT,0.8323,15415.0,0.8322,110374.0,0.8324,483.0,0.8325,56090.0
1753591961823,04:52:41.823,bybit,ADA/USDT:USDT,0.8323,21714.0,0.8322,110399.0,0.8324,483.0,0.8325,56090.0
1753591961925,04:52:41.925,bybit,ADA/USDT:USDT,0.8323,21677.0,0.8322,111119.0,0.8324,981.0,0.8325,46277.0
1753591962022,04:52:42.022,bybit,ADA/USDT:USDT,0.8323,21677.0,0.8322,111119.0,0.8324,981.0,0.8325,46277.0
1753591962122,04:52:42.122,bybit,ADA/USDT:USDT,0.8323,21677.0,0.8322,111119.0,0.8324,981.0,0.8325,46277.0
1753591962222,04:52:42.222,bybit,ADA/USDT:USDT,0.8323,21677.0,0.8322,111119.0,0.8324,981.0,0.8325,46277.0
1753591962322,04:52:42.322,bybit,ADA/USDT:USDT,0.8323,21677.0,0.8322,111119.0,0.8324,981.0,0.8325,39065.0
1753591962423,04:52:42.423,bybit,ADA/USDT:USDT,0.8323,21677.0,0.8322,111239.0,0.8324,981.0,0.8325,1043.0
1753591962522,04:52:42.522,bybit,ADA/USDT:USDT,0.8323,21677.0,0.8322,111239.0,0.8324,981.0,0.8325,1043.0
1753591962623,04:52:42.623,bybit,ADA/USDT:USDT,0.8323,21677.0,0.8322,111239.0,0.8324,981.0,0.8325,1043.0
1753591962722,04:52:42.722,bybit,ADA/USDT:USDT,0.8323,21677.0,0.8322,112380.0,0.8324,981.0,0.8325,1043.0
1753591962822,04:52:42.822,bybit,ADA/USDT:USDT,0.8323,21677.0,0.8322,112380.0,0.8324,981.0,0.8325,1043.0
1753591962922,04:52:42.922,bybit,ADA/USDT:USDT,0.8323,20106.0,0.8322,113160.0,0.8324,981.0,0.8325,6126.0
1753591963023,04:52:43.023,bybit,ADA/USDT:USDT,0.8323,20106.0,0.8322,113160.0,0.8324,981.0,0.8325,6126.0
1753591963122,04:52:43.122,bybit,ADA/USDT:USDT,0.8323,20106.0,0.8322,113160.0,0.8324,981.0,0.8325,6126.0
1753591963222,04:52:43.222,bybit,ADA/USDT:USDT,0.8323,20106.0,0.8322,113160.0,0.8324,981.0,0.8325,12126.0
1753591963323,04:52:43.323,bybit,ADA/USDT:USDT,0.8323,21677.0,0.8322,113160.0,0.8324,981.0,0.8325,9643.0
1753591963423,04:52:43.423,bybit,ADA/USDT:USDT,0.8323,21702.0,0.8322,112380.0,0.8325,1043.0,0.8326,95841.0
1753591963522,04:52:43.522,bybit,ADA/USDT:USDT,0.8324,30269.0,0.8323,86338.0,0.8325,1013.0,0.8326,61298.0
1753591963622,04:52:43.622,bybit,ADA/USDT:USDT,0.8324,30298.0,0.8323,85851.0,0.8325,1012.0,0.8326,61298.0
1753591963723,04:52:43.723,bybit,ADA/USDT:USDT,0.8324,30298.0,0.8323,86872.0,0.8325,1012.0,0.8326,61969.0
1753591963822,04:52:43.822,bybit,ADA/USDT:USDT,0.8324,28734.0,0.8323,86872.0,0.8325,1012.0,0.8326,61969.0
1753591963922,04:52:43.922,bybit,ADA/USDT:USDT,0.8324,27163.0,0.8323,86872.0,0.8325,1012.0,0.8326,61969.0
1753591964023,04:52:44.023,bybit,ADA/USDT:USDT,0.8324,27163.0,0.8323,86872.0,0.8325,1012.0,0.8326,61969.0
1753591964222,04:52:44.222,bybit,ADA/USDT:USDT,0.8324,27046.0,0.8323,83730.0,0.8325,8400.0,0.8326,67580.0
1753591964322,04:52:44.322,bybit,ADA/USDT:USDT,0.8324,27046.0,0.8323,86858.0,0.8325,1009.0,0.8326,63533.0
1753591964522,04:52:44.522,bybit,ADA/USDT:USDT,0.8324,28610.0,0.8323,86858.0,0.8325,524.0,0.8326,61969.0
1753591964822,04:52:44.822,bybit,ADA/USDT:USDT,0.8324,28610.0,0.8323,86858.0,0.8325,524.0,0.8326,61969.0
1753591964922,04:52:44.922,bybit,ADA/USDT:USDT,0.8324,28610.0,0.8323,86858.0,0.8325,776.0,0.8326,61969.0
1753591965022,04:52:45.022,bybit,ADA/USDT:USDT,0.8324,28610.0,0.8323,86858.0,0.8325,776.0,0.8326,61969.0
1753591965122,04:52:45.122,bybit,ADA/USDT:USDT,0.8324,28610.0,0.8323,86858.0,0.8325,776.0,0.8326,61969.0
1753591965225,04:52:45.225,bybit,ADA/USDT:USDT,0.8324,28610.0,0.8323,86858.0,0.8325,776.0,0.8326,61969.0
1753591965323,04:52:45.323,bybit,ADA/USDT:USDT,0.8324,30174.0,0.8323,88088.0,0.8325,776.0,0.8326,45906.0
1753591965422,04:52:45.422,bybit,ADA/USDT:USDT,0.8324,30781.0,0.8323,88688.0,0.8325,810.0,0.8326,45906.0
1753591965522,04:52:45.522,bybit,ADA/USDT:USDT,0.8324,30781.0,0.8323,88688.0,0.8325,385.0,0.8326,46331.0
1753591965622,04:52:45.622,bybit,ADA/USDT:USDT,0.8324,30781.0,0.8323,88688.0,0.8325,385.0,0.8326,46331.0
1753591965722,04:52:45.722,bybit,ADA/USDT:USDT,0.8324,30781.0,0.8323,88688.0,0.8325,385.0,0.8326,46331.0
1753591965822,04:52:45.822,bybit,ADA/USDT:USDT,0.8324,30781.0,0.8323,88688.0,0.8325,385.0,0.8326,46331.0
1753591965922,04:52:45.922,bybit,ADA/USDT:USDT,0.8324,30776.0,0.8323,88688.0,0.8325,385.0,0.8326,46331.0
1753591966022,04:52:46.022,bybit,ADA/USDT:USDT,0.8324,30776.0,0.8323,88688.0,0.8325,385.0,0.8326,46331.0
1753591966222,04:52:46.222,bybit,ADA/USDT:USDT,0.8324,30776.0,0.8323,88688.0,0.8325,385.0,0.8326,46331.0
1753591966522,04:52:46.522,bybit,ADA/USDT:USDT,0.8324,27648.0,0.8323,88663.0,0.8325,385.0,0.8326,46331.0
1753591966622,04:52:46.622,bybit,ADA/USDT:USDT,0.8324,27648.0,0.8323,88663.0,0.8325,385.0,0.8326,46331.0
1753591966722,04:52:46.722,bybit,ADA/USDT:USDT,0.8324,29212.0,0.8323,88688.0,0.8325,385.0,0.8326,46331.0
1753591966823,04:52:46.823,bybit,ADA/USDT:USDT,0.8324,29212.0,0.8323,88688.0,0.8325,385.0,0.8326,46331.0
1753591966922,04:52:46.922,bybit,ADA/USDT:USDT,0.8324,30776.0,0.8323,88663.0,0.8325,385.0,0.8326,35556.0
1753591967023,04:52:47.023,bybit,ADA/USDT:USDT,0.8324,30776.0,0.8323,88663.0,0.8325,385.0,0.8326,34956.0
1753591967123,04:52:47.123,bybit,ADA/USDT:USDT,0.8324,30776.0,0.8323,88663.0,0.8325,385.0,0.8326,34956.0
1753591967222,04:52:47.222,bybit,ADA/USDT:USDT,0.8324,30776.0,0.8323,88663.0,0.8325,385.0,0.8326,34956.0
1753591967323,04:52:47.323,bybit,ADA/USDT:USDT,0.8324,30776.0,0.8323,88663.0,0.8325,385.0,0.8326,34956.0
1753591967622,04:52:47.622,bybit,ADA/USDT:USDT,0.8324,30776.0,0.8323,88783.0,0.8325,384.0,0.8326,34956.0
1753591967722,04:52:47.722,bybit,ADA/USDT:USDT,0.8324,27648.0,0.8323,88783.0,0.8325,384.0,0.8326,35556.0
1753591967822,04:52:47.822,bybit,ADA/USDT:USDT,0.8324,30776.0,0.8323,88783.0,0.8325,384.0,0.8326,35556.0
1753591967922,04:52:47.922,bybit,ADA/USDT:USDT,0.8324,30776.0,0.8323,88783.0,0.8325,384.0,0.8326,35556.0
1753591968022,04:52:48.022,bybit,ADA/USDT:USDT,0.8325,17163.0,0.8324,36338.0,0.8326,12077.0,0.8327,103314.0
1753591968122,04:52:48.122,bybit,ADA/USDT:USDT,0.8325,30093.0,0.8324,54644.0,0.8326,11179.0,0.8327,103314.0
1753591968222,04:52:48.222,bybit,ADA/USDT:USDT,0.8325,12452.0,0.8324,52250.0,0.8326,11323.0,0.8327,105772.0
1753591968322,04:52:48.322,bybit,ADA/USDT:USDT,0.8325,12452.0,0.8324,52250.0,0.8326,11323.0,0.8327,105772.0
1753591968423,04:52:48.423,bybit,ADA/USDT:USDT,0.8325,12462.0,0.8324,52130.0,0.8326,11323.0,0.8327,105772.0
1753591968522,04:52:48.522,bybit,ADA/USDT:USDT,0.8325,22476.0,0.8324,87225.0,0.8326,58.0,0.8327,70990.0
1753591968622,04:52:48.622,bybit,ADA/USDT:USDT,0.8325,16036.0,0.8324,87250.0,0.8326,58.0,0.8327,56724.0
1753591968722,04:52:48.722,bybit,ADA/USDT:USDT,0.8325,14249.0,0.8324,88245.0,0.8326,58.0,0.8327,56124.0
1753591968923,04:52:48.923,bybit,ADA/USDT:USDT,0.8325,22036.0,0.8324,98824.0,0.8326,58.0,0.8327,3126.0
1753591969023,04:52:49.023,bybit,ADA/USDT:USDT,0.8326,16444.0,0.8325,70035.0,0.8327,7686.0,0.8328,82768.0
1753591969123,04:52:49.123,bybit,ADA/USDT:USDT,0.8326,15971.0,0.8325,70045.0,0.8327,3666.0,0.8328,71714.0
1753591969222,04:52:49.222,bybit,ADA/USDT:USDT,0.8326,15971.0,0.8325,70045.0,0.8327,3343.0,0.8328,71714.0
1753591969322,04:52:49.322,bybit,ADA/USDT:USDT,0.8326,15971.0,0.8325,70045.0,0.8327,3343.0,0.8328,71858.0
1753591969423,04:52:49.423,bybit,ADA/USDT:USDT,0.8326,16076.0,0.8325,70045.0,0.8327,3343.0,0.8328,71858.0
1753591969522,04:52:49.522,bybit,ADA/USDT:USDT,0.8326,16076.0,0.8325,70045.0,0.8327,2738.0,0.8328,71858.0
1753591969623,04:52:49.623,bybit,ADA/USDT:USDT,0.8326,15629.0,0.8325,67562.0,0.8327,5227.0,0.8328,74341.0
1753591969722,04:52:49.722,bybit,ADA/USDT:USDT,0.8326,13925.0,0.8325,63988.0,0.8327,9434.0,0.8328,74341.0
1753591969823,04:52:49.823,bybit,ADA/USDT:USDT,0.8326,13690.0,0.8325,69879.0,0.8327,9855.0,0.8328,74197.0
1753591969922,04:52:49.922,bybit,ADA/USDT:USDT,0.8326,13690.0,0.8325,69879.0,0.8327,9855.0,0.8328,74197.0
1753591970023,04:52:50.023,bybit,ADA/USDT:USDT,0.8326,11986.0,0.8325,67396.0,0.8327,9855.0,0.8328,76484.0
1753591970122,04:52:50.122,bybit,ADA/USDT:USDT,0.8326,11986.0,0.8325,67396.0,0.8327,9855.0,0.8328,76484.0
1753591970222,04:52:50.222,bybit,ADA/USDT:USDT,0.8326,11986.0,0.8325,67396.0,0.8327,9855.0,0.8328,76484.0
1753591970322,04:52:50.322,bybit,ADA/USDT:USDT,0.8326,13690.0,0.8325,67396.0,0.8327,9941.0,0.8328,76628.0
1753591970522,04:52:50.522,bybit,ADA/USDT:USDT,0.8326,15267.0,0.8325,69879.0,0.8327,2824.0,0.8328,62007.0
1753591970622,04:52:50.622,bybit,ADA/USDT:USDT,0.8326,16982.0,0.8325,69869.0,0.8327,2824.0,0.8328,62007.0
1753591970722,04:52:50.722,bybit,ADA/USDT:USDT,0.8326,16982.0,0.8325,69869.0,0.8327,2824.0,0.8328,62007.0
1753591970822,04:52:50.822,bybit,ADA/USDT:USDT,0.8326,11997.0,0.8325,57978.0,0.8327,16602.0,0.8328,65867.0
1753591970922,04:52:50.922,bybit,ADA/USDT:USDT,0.8326,13565.0,0.8325,62165.0,0.8327,10035.0,0.8328,66579.0
1753591971023,04:52:51.023,bybit,ADA/USDT:USDT,0.8326,13565.0,0.8325,62165.0,0.8327,10035.0,0.8328,66579.0
1753591971122,04:52:51.122,bybit,ADA/USDT:USDT,0.8326,13565.0,0.8325,63869.0,0.8327,10035.0,0.8328,66579.0
1753591971222,04:52:51.222,bybit,ADA/USDT:USDT,0.8326,13565.0,0.8325,62165.0,0.8327,10035.0,0.8328,66579.0
1753591971322,04:52:51.322,bybit,ADA/USDT:USDT,0.8326,13564.0,0.8325,63869.0,0.8327,14200.0,0.8328,66435.0
1753591971422,04:52:51.422,bybit,ADA/USDT:USDT,0.8326,13564.0,0.8325,63869.0,0.8327,14200.0,0.8328,65058.0
1753591971524,04:52:51.524,bybit,ADA/USDT:USDT,0.8326,13564.0,0.8325,63869.0,0.8327,14200.0,0.8328,65058.0
1753591971723,04:52:51.723,bybit,ADA/USDT:USDT,0.8326,13564.0,0.8325,64889.0,0.8327,14200.0,0.8328,65058.0
1753591971822,04:52:51.822,bybit,ADA/USDT:USDT,0.8326,13564.0,0.8325,64889.0,0.8327,14200.0,0.8328,65202.0
1753591971923,04:52:51.923,bybit,ADA/USDT:USDT,0.8326,13585.0,0.8325,64889.0,0.8327,14200.0,0.8328,65202.0
1753591972023,04:52:52.023,bybit,ADA/USDT:USDT,0.8326,15289.0,0.8325,64889.0,0.8327,14200.0,0.8328,65202.0
1753591972122,04:52:52.122,bybit,ADA/USDT:USDT,0.8326,15289.0,0.8325,64889.0,0.8327,7474.0,0.8328,64482.0
1753591972222,04:52:52.222,bybit,ADA/USDT:USDT,0.8326,16993.0,0.8325,77027.0,0.8327,2824.0,0.8328,61960.0
1753591972322,04:52:52.322,bybit,ADA/USDT:USDT,0.8326,16993.0,0.8325,77027.0,0.8327,2824.0,0.8328,61960.0
1753591972422,04:52:52.422,bybit,ADA/USDT:USDT,0.8326,15289.0,0.8325,77027.0,0.8327,2824.0,0.8328,61960.0
1753591972522,04:52:52.522,bybit,ADA/USDT:USDT,0.8326,15289.0,0.8325,77027.0,0.8327,3283.0,0.8328,64428.0
1753591972622,04:52:52.622,bybit,ADA/USDT:USDT,0.8326,15289.0,0.8325,77027.0,0.8327,2794.0,0.8328,64428.0
1753591972722,04:52:52.722,bybit,ADA/USDT:USDT,0.8326,16993.0,0.8325,77027.0,0.8327,2794.0,0.8328,64428.0
1753591972823,04:52:52.823,bybit,ADA/USDT:USDT,0.8326,16993.0,0.8325,77027.0,0.8327,2794.0,0.8328,64428.0
1753591972922,04:52:52.922,bybit,ADA/USDT:USDT,0.8326,16993.0,0.8325,77027.0,0.8327,2794.0,0.8328,59658.0
1753591973123,04:52:53.123,bybit,ADA/USDT:USDT,0.8327,18942.0,0.8326,155471.0,0.8328,18599.0,0.8329,28728.0
1753591973223,04:52:53.223,bybit,ADA/USDT:USDT,0.8327,5557.0,0.8326,72436.0,0.8328,27644.0,0.8329,39563.0
1753591973322,04:52:53.322,bybit,ADA/USDT:USDT,0.8327,12652.0,0.8326,72436.0,0.8328,22002.0,0.8329,73908.0
1753591973423,04:52:53.423,bybit,ADA/USDT:USDT,0.8327,12652.0,0.8326,76137.0,0.8328,17626.0,0.8329,73385.0
1753591973522,04:52:53.522,bybit,ADA/USDT:USDT,0.8327,19378.0,0.8326,74286.0,0.8328,9489.0,0.8329,72622.0
1753591973622,04:52:53.622,bybit,ADA/USDT:USDT,0.8327,13219.0,0.8326,72436.0,0.8328,10272.0,0.8329,72622.0
1753591973722,04:52:53.722,bybit,ADA/USDT:USDT,0.8327,15069.0,0.8326,76137.0,0.8328,9489.0,0.8329,72622.0
1753591973823,04:52:53.823,bybit,ADA/USDT:USDT,0.8327,16920.0,0.8326,76137.0,0.8328,519.0,0.8329,68069.0
1753591973924,04:52:53.924,bybit,ADA/USDT:USDT,0.8327,16920.0,0.8326,76917.0,0.8328,519.0,0.8329,68740.0
1753591974022,04:52:54.022,bybit,ADA/USDT:USDT,0.8328,7091.0,0.8327,37032.0,0.8329,36080.0,0.833,114693.0
1753591974122,04:52:54.122,bybit,ADA/USDT:USDT,0.8328,7091.0,0.8327,48247.0,0.8329,44619.0,0.833,101392.0
1753591974222,04:52:54.222,bybit,ADA/USDT:USDT,0.8328,5241.0,0.8327,50730.0,0.8329,45333.0,0.833,101392.0
1753591974322,04:52:54.322,bybit,ADA/USDT:USDT,0.8328,11487.0,0.8327,50730.0,0.8329,26878.0,0.833,101392.0
1753591974522,04:52:54.522,bybit,ADA/USDT:USDT,0.8328,13796.0,0.8327,50730.0,0.8329,26878.0,0.833,101392.0
1753591974622,04:52:54.622,bybit,ADA/USDT:USDT,0.8328,13796.0,0.8327,50730.0,0.8329,26878.0,0.833,101392.0
1753591974722,04:52:54.722,bybit,ADA/USDT:USDT,0.8328,13796.0,0.8327,51750.0,0.8329,26878.0,0.833,101392.0
1753591974823,04:52:54.823,bybit,ADA/USDT:USDT,0.8328,11946.0,0.8327,51750.0,0.8329,26878.0,0.833,101392.0
1753591974922,04:52:54.922,bybit,ADA/USDT:USDT,0.8328,11946.0,0.8327,51750.0,0.8329,26878.0,0.833,101392.0
1753591975022,04:52:55.022,bybit,ADA/USDT:USDT,0.8328,11946.0,0.8327,51750.0,0.8329,26878.0,0.833,98142.0
1753591975322,04:52:55.322,bybit,ADA/USDT:USDT,0.8328,11946.0,0.8327,51757.0,0.8329,26878.0,0.833,98142.0
1753591975422,04:52:55.422,bybit,ADA/USDT:USDT,0.8328,11946.0,0.8327,51757.0,0.8329,26878.0,0.833,98142.0
1753591975522,04:52:55.522,bybit,ADA/USDT:USDT,0.8328,11946.0,0.8327,51757.0,0.8329,26878.0,0.833,98142.0
1753591975622,04:52:55.622,bybit,ADA/USDT:USDT,0.8327,13219.0,0.8326,73620.0,0.8328,14062.0,0.8329,55663.0
1753591975822,04:52:55.822,bybit,ADA/USDT:USDT,0.8327,13826.0,0.8326,75460.0,0.8328,13555.0,0.8329,69808.0
1753591975924,04:52:55.924,bybit,ADA/USDT:USDT,0.8327,13826.0,0.8326,75460.0,0.8328,13555.0,0.8329,69808.0
1753591976023,04:52:56.023,bybit,ADA/USDT:USDT,0.8327,13826.0,0.8326,75460.0,0.8328,13555.0,0.8329,69808.0
1753591976122,04:52:56.122,bybit,ADA/USDT:USDT,0.8327,6333.0,0.8326,74255.0,0.8328,13555.0,0.8329,69808.0
1753591976222,04:52:56.222,bybit,ADA/USDT:USDT,0.8327,6333.0,0.8326,74255.0,0.8328,13555.0,0.8329,69808.0
1753591976322,04:52:56.322,bybit,ADA/USDT:USDT,0.8327,6333.0,0.8326,74255.0,0.8328,13555.0,0.8329,69808.0
1753591976422,04:52:56.422,bybit,ADA/USDT:USDT,0.8327,8183.0,0.8326,74255.0,0.8328,12561.0,0.8329,69808.0
1753591976522,04:52:56.522,bybit,ADA/USDT:USDT,0.8327,2851.0,0.8326,74255.0,0.8328,13555.0,0.8329,69808.0
1753591976622,04:52:56.622,bybit,ADA/USDT:USDT,0.8327,2623.0,0.8326,74255.0,0.8328,13555.0,0.8329,69808.0
1753591976722,04:52:56.722,bybit,ADA/USDT:USDT,0.8327,6225.0,0.8326,78589.0,0.8328,12561.0,0.8329,69427.0
1753591976922,04:52:56.922,bybit,ADA/USDT:USDT,0.8327,7955.0,0.8326,78589.0,0.8328,12561.0,0.8329,67915.0
1753591977022,04:52:57.022,bybit,ADA/USDT:USDT,0.8327,14681.0,0.8326,78589.0,0.8328,12561.0,0.8329,67195.0
1753591977122,04:52:57.122,bybit,ADA/USDT:USDT,0.8327,14681.0,0.8326,78589.0,0.8328,12561.0,0.8329,67185.0
1753591977223,04:52:57.223,bybit,ADA/USDT:USDT,0.8327,14681.0,0.8326,78614.0,0.8328,12561.0,0.8329,64702.0
1753591977322,04:52:57.322,bybit,ADA/USDT:USDT,0.8327,14681.0,0.8326,76738.0,0.8328,12561.0,0.8329,64702.0
1753591977422,04:52:57.422,bybit,ADA/USDT:USDT,0.8327,14681.0,0.8326,78614.0,0.8328,7469.0,0.8329,64702.0
1753591977522,04:52:57.522,bybit,ADA/USDT:USDT,0.8327,14681.0,0.8326,78614.0,0.8328,7469.0,0.8329,63682.0
1753591977623,04:52:57.623,bybit,ADA/USDT:USDT,0.8327,14681.0,0.8326,78589.0,0.8328,7469.0,0.8329,63750.0
1753591977722,04:52:57.722,bybit,ADA/USDT:USDT,0.8327,14681.0,0.8326,78589.0,0.8328,8981.0,0.8329,63750.0
1753591977822,04:52:57.822,bybit,ADA/USDT:USDT,0.8327,12831.0,0.8326,76738.0,0.8328,8981.0,0.8329,66233.0
1753591977922,04:52:57.922,bybit,ADA/USDT:USDT,0.8327,12831.0,0.8326,76738.0,0.8328,8981.0,0.8329,66233.0
1753591978023,04:52:58.023,bybit,ADA/USDT:USDT,0.8327,14581.0,0.8326,78589.0,0.8328,8981.0,0.8329,66233.0
1753591978122,04:52:58.122,bybit,ADA/USDT:USDT,0.8327,14581.0,0.8326,78484.0,0.8328,743.0,0.8329,62350.0
1753591978222,04:52:58.222,bybit,ADA/USDT:USDT,0.8327,14687.0,0.8326,78484.0,0.8328,11.0,0.8329,60063.0
1753591978322,04:52:58.322,bybit,ADA/USDT:USDT,0.8327,14687.0,0.8326,78484.0,0.8328,11.0,0.8329,60063.0
1753591978423,04:52:58.423,bybit,ADA/USDT:USDT,0.8328,5842.0,0.8327,46450.0,0.8329,29829.0,0.833,117514.0
1753591978522,04:52:58.522,bybit,ADA/USDT:USDT,0.8328,5842.0,0.8327,45856.0,0.8329,29829.0,0.833,107431.0
1753591978622,04:52:58.622,bybit,ADA/USDT:USDT,0.8328,5842.0,0.8327,45856.0,0.8329,30543.0,0.833,107431.0
1753591978722,04:52:58.722,bybit,ADA/USDT:USDT,0.8328,5842.0,0.8327,46876.0,0.8329,30543.0,0.833,116008.0
1753591978823,04:52:58.823,bybit,ADA/USDT:USDT,0.8328,5842.0,0.8327,46876.0,0.8329,30556.0,0.833,116008.0
1753591978922,04:52:58.922,bybit,ADA/USDT:USDT,0.8328,5842.0,0.8327,46876.0,0.8329,30556.0,0.833,116008.0
1753591979023,04:52:59.023,bybit,ADA/USDT:USDT,0.8328,2258.0,0.8327,43373.0,0.8329,31036.0,0.833,109825.0
1753591979123,04:52:59.123,bybit,ADA/USDT:USDT,0.8328,2258.0,0.8327,45856.0,0.8329,30556.0,0.833,116001.0
1753591979223,04:52:59.223,bybit,ADA/USDT:USDT,0.8328,9911.0,0.8327,47630.0,0.8329,30556.0,0.833,103808.0
1753591979323,04:52:59.323,bybit,ADA/USDT:USDT,0.8328,8367.0,0.8327,18733.0,0.8329,26959.0,0.833,108832.0
1753591979423,04:52:59.423,bybit,ADA/USDT:USDT,0.8328,22848.0,0.8327,53512.0,0.8329,15342.0,0.833,91233.0
1753591979522,04:52:59.522,bybit,ADA/USDT:USDT,0.8328,15824.0,0.8327,75215.0,0.8329,12789.0,0.833,90633.0
1753591979622,04:52:59.622,bybit,ADA/USDT:USDT,0.8328,19440.0,0.8327,85083.0,0.8329,11603.0,0.833,78495.0
1753591979722,04:52:59.722,bybit,ADA/USDT:USDT,0.8328,19440.0,0.8327,85083.0,0.8329,11603.0,0.833,72886.0
1753591979822,04:52:59.822,bybit,ADA/USDT:USDT,0.8328,16431.0,0.8327,85083.0,0.8329,11603.0,0.833,72886.0
1753591979922,04:52:59.922,bybit,ADA/USDT:USDT,0.8328,18205.0,0.8327,85083.0,0.8329,10973.0,0.833,68141.0
1753591980022,04:53:00.022,bybit,ADA/USDT:USDT,0.8328,16431.0,0.8327,85083.0,0.8329,10973.0,0.833,68141.0
1753591980122,04:53:00.122,bybit,ADA/USDT:USDT,0.8328,10037.0,0.8327,66846.0,0.8329,12485.0,0.833,73799.0
1753591980223,04:53:00.223,bybit,ADA/USDT:USDT,0.833,7273.0,0.8329,37071.0,0.8331,32802.0,0.8332,34623.0
1753591980323,04:53:00.323,bybit,ADA/USDT:USDT,0.833,15149.0,0.8329,35427.0,0.8331,27649.0,0.8332,51139.0
1753591980423,04:53:00.423,bybit,ADA/USDT:USDT,0.833,20742.0,0.8329,53680.0,0.8331,17261.0,0.8332,48134.0
1753591980622,04:53:00.622,bybit,ADA/USDT:USDT,0.833,18409.0,0.8329,53501.0,0.8331,10122.0,0.8332,51139.0
1753591980723,04:53:00.723,bybit,ADA/USDT:USDT,0.833,15809.0,0.8329,49168.0,0.8331,10122.0,0.8332,56000.0
1753591980823,04:53:00.823,bybit,ADA/USDT:USDT,0.833,15809.0,0.8329,50984.0,0.8331,10122.0,0.8332,54184.0
1753591980922,04:53:00.922,bybit,ADA/USDT:USDT,0.833,15819.0,0.8329,50984.0,0.8331,9128.0,0.8332,54184.0
1753591981022,04:53:01.022,bybit,ADA/USDT:USDT,0.833,15585.0,0.8329,50984.0,0.8331,9128.0,0.8332,54184.0
1753591981122,04:53:01.122,bybit,ADA/USDT:USDT,0.833,15585.0,0.8329,50984.0,0.8331,9128.0,0.8332,54184.0
1753591981222,04:53:01.222,bybit,ADA/USDT:USDT,0.833,15585.0,0.8329,50984.0,0.8331,9128.0,0.8332,54184.0
1753591981322,04:53:01.322,bybit,ADA/USDT:USDT,0.833,15585.0,0.8329,50984.0,0.8331,9128.0,0.8332,54184.0
1753591981422,04:53:01.422,bybit,ADA/USDT:USDT,0.833,15585.0,0.8329,50984.0,0.8331,9128.0,0.8332,54184.0
1753591981522,04:53:01.522,bybit,ADA/USDT:USDT,0.833,15585.0,0.8329,50984.0,0.8331,9128.0,0.8332,54184.0
1753591981622,04:53:01.622,bybit,ADA/USDT:USDT,0.833,19056.0,0.8329,57238.0,0.8331,7586.0,0.8332,53871.0
1753591981722,04:53:01.722,bybit,ADA/USDT:USDT,0.833,14448.0,0.8329,54591.0,0.8331,16852.0,0.8332,55488.0
1753591981823,04:53:01.823,bybit,ADA/USDT:USDT,0.833,5841.0,0.8329,34663.0,0.8331,23578.0,0.8332,59228.0
1753591981923,04:53:01.923,bybit,ADA/USDT:USDT,0.833,5841.0,0.8329,37146.0,0.8331,24100.0,0.8332,59228.0
1753591982023,04:53:02.023,bybit,ADA/USDT:USDT,0.833,12567.0,0.8329,38691.0,0.8331,21892.0,0.8332,57511.0
1753591982122,04:53:02.122,bybit,ADA/USDT:USDT,0.833,14087.0,0.8329,40247.0,0.8331,21892.0,0.8332,53871.0
1753591982222,04:53:02.222,bybit,ADA/USDT:USDT,0.833,14087.0,0.8329,52385.0,0.8331,15166.0,0.8332,53878.0
1753591982322,04:53:02.322,bybit,ADA/USDT:USDT,0.833,16687.0,0.8329,52385.0,0.8331,6822.0,0.8332,47828.0
1753591982422,04:53:02.422,bybit,ADA/USDT:USDT,0.833,16587.0,0.8329,54970.0,0.8331,2571.0,0.8332,47828.0
1753591982522,04:53:02.522,bybit,ADA/USDT:USDT,0.8331,38790.0,0.833,48838.0,0.8332,11004.0,0.8333,49144.0
1753591982622,04:53:02.622,bybit,ADA/USDT:USDT,0.8331,38796.0,0.833,72804.0,0.8332,10117.0,0.8333,50831.0
1753591982722,04:53:02.722,bybit,ADA/USDT:USDT,0.8331,29746.0,0.833,73799.0,0.8332,13977.0,0.8333,50831.0
1753591982822,04:53:02.822,bybit,ADA/USDT:USDT,0.8331,22697.0,0.833,68293.0,0.8332,16577.0,0.8333,54439.0
1753591982923,04:53:02.923,bybit,ADA/USDT:USDT,0.8331,20417.0,0.833,70776.0,0.8332,20606.0,0.8333,54439.0
1753591983022,04:53:03.022,bybit,ADA/USDT:USDT,0.8331,18905.0,0.833,68293.0,0.8332,21352.0,0.8333,54439.0
1753591983122,04:53:03.122,bybit,ADA/USDT:USDT,0.8331,5832.0,0.833,67273.0,0.8332,21352.0,0.8333,51963.0
1753591983222,04:53:03.222,bybit,ADA/USDT:USDT,0.8331,5832.0,0.833,69756.0,0.8332,21416.0,0.8333,51963.0
1753591983322,04:53:03.322,bybit,ADA/USDT:USDT,0.8331,5832.0,0.833,69756.0,0.8332,21416.0,0.8333,50831.0
1753591983422,04:53:03.422,bybit,ADA/USDT:USDT,0.8331,7059.0,0.833,69756.0,0.8332,21416.0,0.8333,50831.0
1753591983523,04:53:03.523,bybit,ADA/USDT:USDT,0.833,5750.0,0.8329,48584.0,0.8331,38958.0,0.8332,55030.0
1753591983622,04:53:03.622,bybit,ADA/USDT:USDT,0.833,2111.0,0.8329,48584.0,0.8331,40171.0,0.8332,67465.0
1753591983722,04:53:03.722,bybit,ADA/USDT:USDT,0.833,5743.0,0.8329,48584.0,0.8331,38178.0,0.8332,67427.0
1753591983822,04:53:03.822,bybit,ADA/USDT:USDT,0.833,5743.0,0.8329,51067.0,0.8331,38142.0,0.8332,66238.0
1753591983923,04:53:03.923,bybit,ADA/USDT:USDT,0.833,5743.0,0.8329,52256.0,0.8331,38142.0,0.8332,64989.0
1753591984022,04:53:04.022,bybit,ADA/USDT:USDT,0.833,5736.0,0.8329,52256.0,0.8331,38142.0,0.8332,78760.0
1753591984122,04:53:04.122,bybit,ADA/USDT:USDT,0.833,5736.0,0.8329,52256.0,0.8331,38142.0,0.8332,78760.0
1753591984222,04:53:04.222,bybit,ADA/USDT:USDT,0.833,4224.0,0.8329,3531.0,0.8331,37911.0,0.8332,92246.0
1753591984322,04:53:04.322,bybit,ADA/USDT:USDT,0.833,10.0,0.8329,3531.0,0.8331,41638.0,0.8332,96355.0
1753591984422,04:53:04.422,bybit,ADA/USDT:USDT,0.833,10.0,0.8329,3531.0,0.8331,39238.0,0.8332,104932.0
1753591984522,04:53:04.522,bybit,ADA/USDT:USDT,0.833,10.0,0.8329,3531.0,0.8331,40809.0,0.8332,106022.0
1753591984622,04:53:04.622,bybit,ADA/USDT:USDT,0.833,10.0,0.8329,3531.0,0.8331,39598.0,0.8332,106022.0
1753591984722,04:53:04.722,bybit,ADA/USDT:USDT,0.833,475.0,0.8329,3531.0,0.8331,39490.0,0.8332,106968.0
1753591984822,04:53:04.822,bybit,ADA/USDT:USDT,0.833,10.0,0.8329,3531.0,0.8331,39490.0,0.8332,106968.0
1753591984922,04:53:04.922,bybit,ADA/USDT:USDT,0.833,475.0,0.8329,3531.0,0.8331,39490.0,0.8332,107568.0
1753591985122,04:53:05.122,bybit,ADA/USDT:USDT,0.833,475.0,0.8329,3531.0,0.8331,40072.0,0.8332,104422.0
1753591985222,04:53:05.222,bybit,ADA/USDT:USDT,0.833,742.0,0.8329,10257.0,0.8331,40672.0,0.8332,106781.0
1753591985322,04:53:05.322,bybit,ADA/USDT:USDT,0.833,10.0,0.8329,10257.0,0.8331,40672.0,0.8332,106781.0
1753591985422,04:53:05.422,bybit,ADA/USDT:USDT,0.833,10.0,0.8329,10257.0,0.8331,40672.0,0.8332,105591.0
1753591985522,04:53:05.522,bybit,ADA/USDT:USDT,0.833,10.0,0.8329,10257.0,0.8331,40672.0,0.8332,104397.0
1753591985622,04:53:05.622,bybit,ADA/USDT:USDT,0.833,10.0,0.8329,10257.0,0.8331,40672.0,0.8332,104397.0
1753591985722,04:53:05.722,bybit,ADA/USDT:USDT,0.8329,8893.0,0.8328,104684.0,0.833,32270.0,0.8331,52026.0
1753591985822,04:53:05.822,bybit,ADA/USDT:USDT,0.8329,2154.0,0.8328,86337.0,0.833,33700.0,0.8331,72521.0
1753591985925,04:53:05.925,bybit,ADA/USDT:USDT,0.8329,2154.0,0.8328,86337.0,0.833,33700.0,0.8331,69628.0
1753591986023,04:53:06.023,bybit,ADA/USDT:USDT,0.8329,2154.0,0.8328,68512.0,0.833,34853.0,0.8331,78469.0
1753591986122,04:53:06.122,bybit,ADA/USDT:USDT,0.8329,2154.0,0.8328,68512.0,0.833,31377.0,0.8331,78469.0
1753591986222,04:53:06.222,bybit,ADA/USDT:USDT,0.8329,2154.0,0.8328,18901.0,0.833,31377.0,0.8331,78469.0
1753591986423,04:53:06.423,bybit,ADA/USDT:USDT,0.8329,642.0,0.8328,18901.0,0.833,37427.0,0.8331,79776.0
1753591986523,04:53:06.523,bybit,ADA/USDT:USDT,0.8328,2374.0,0.8327,77032.0,0.8329,37058.0,0.833,75779.0
1753591986622,04:53:06.622,bybit,ADA/USDT:USDT,0.8328,862.0,0.8327,88553.0,0.8329,37483.0,0.833,76912.0
1753591986722,04:53:06.722,bybit,ADA/USDT:USDT,0.8328,862.0,0.8327,88553.0,0.8329,37483.0,0.833,77929.0
1753591986822,04:53:06.822,bybit,ADA/USDT:USDT,0.8328,772.0,0.8327,42162.0,0.8329,37483.0,0.833,77936.0
1753591986922,04:53:06.922,bybit,ADA/USDT:USDT,0.8328,130.0,0.8327,32836.0,0.8329,56229.0,0.833,89051.0
1753591987022,04:53:07.022,bybit,ADA/USDT:USDT,0.8328,123.0,0.8327,24855.0,0.8329,50291.0,0.833,107168.0
1753591987122,04:53:07.122,bybit,ADA/USDT:USDT,0.8327,18140.0,0.8326,57912.0,0.8328,58035.0,0.8329,70386.0
1753591987223,04:53:07.223,bybit,ADA/USDT:USDT,0.8327,18140.0,0.8326,56512.0,0.8328,58099.0,0.8329,78366.0
1753591987323,04:53:07.323,bybit,ADA/USDT:USDT,0.8327,18140.0,0.8326,21780.0,0.8328,64149.0,0.8329,81821.0
1753591987422,04:53:07.422,bybit,ADA/USDT:USDT,0.8327,18140.0,0.8326,24263.0,0.8328,64149.0,0.8329,80723.0
1753591987522,04:53:07.522,bybit,ADA/USDT:USDT,0.8327,18140.0,0.8326,50305.0,0.8328,49079.0,0.8329,66723.0
1753591987622,04:53:07.622,bybit,ADA/USDT:USDT,0.8327,18140.0,0.8326,50305.0,0.8328,49559.0,0.8329,75300.0
1753591987723,04:53:07.723,bybit,ADA/USDT:USDT,0.8327,18140.0,0.8326,50305.0,0.8328,37837.0,0.8329,69973.0
1753591987822,04:53:07.822,bybit,ADA/USDT:USDT,0.8327,18658.0,0.8326,50305.0,0.8328,37837.0,0.8329,69973.0
1753591987923,04:53:07.923,bybit,ADA/USDT:USDT,0.8327,18658.0,0.8326,50305.0,0.8328,37837.0,0.8329,69973.0
1753591988022,04:53:08.022,bybit,ADA/USDT:USDT,0.8327,18658.0,0.8326,50305.0,0.8328,37837.0,0.8329,69973.0
1753591988122,04:53:08.122,bybit,ADA/USDT:USDT,0.8327,18658.0,0.8326,50305.0,0.8328,37837.0,0.8329,69973.0
1753591988223,04:53:08.223,bybit,ADA/USDT:USDT,0.8327,18658.0,0.8326,50305.0,0.8328,37837.0,0.8329,69973.0
1753591988522,04:53:08.522,bybit,ADA/USDT:USDT,0.8327,18676.0,0.8326,52918.0,0.8328,37837.0,0.8329,70339.0
1753591988722,04:53:08.722,bybit,ADA/USDT:USDT,0.8327,18676.0,0.8326,52918.0,0.8328,36325.0,0.8329,68827.0
1753591988822,04:53:08.822,bybit,ADA/USDT:USDT,0.8327,18676.0,0.8326,52918.0,0.8328,36325.0,0.8329,68827.0
1753591988922,04:53:08.922,bybit,ADA/USDT:USDT,0.8327,18676.0,0.8326,52918.0,0.8328,36325.0,0.8329,69958.0
1753591989024,04:53:09.024,bybit,ADA/USDT:USDT,0.8327,18676.0,0.8326,51807.0,0.8328,36325.0,0.8329,71069.0
1753591989122,04:53:09.122,bybit,ADA/USDT:USDT,0.8327,18676.0,0.8326,51807.0,0.8328,36325.0,0.8329,72091.0
1753591989222,04:53:09.222,bybit,ADA/USDT:USDT,0.8327,18676.0,0.8326,51807.0,0.8328,36325.0,0.8329,72091.0
1753591989322,04:53:09.322,bybit,ADA/USDT:USDT,0.8327,18676.0,0.8326,51807.0,0.8328,36325.0,0.8329,72091.0
1753591989422,04:53:09.422,bybit,ADA/USDT:USDT,0.8327,18676.0,0.8326,51807.0,0.8328,36325.0,0.8329,81865.0
1753591989523,04:53:09.523,bybit,ADA/USDT:USDT,0.8327,18676.0,0.8326,52918.0,0.8328,35845.0,0.8329,81354.0
1753591989622,04:53:09.622,bybit,ADA/USDT:USDT,0.8327,18676.0,0.8326,52918.0,0.8328,35845.0,0.8329,81354.0
1753591989722,04:53:09.722,bybit,ADA/USDT:USDT,0.8327,18676.0,0.8326,53938.0,0.8328,36085.0,0.8329,80223.0
1753591989822,04:53:09.822,bybit,ADA/USDT:USDT,0.8327,18676.0,0.8326,53938.0,0.8328,36085.0,0.8329,79983.0
1753591989923,04:53:09.923,bybit,ADA/USDT:USDT,0.8327,18676.0,0.8326,52827.0,0.8328,36085.0,0.8329,90802.0
1753591990022,04:53:10.022,bybit,ADA/USDT:USDT,0.8327,18676.0,0.8326,52827.0,0.8328,36687.0,0.8329,90802.0
1753591990122,04:53:10.122,bybit,ADA/USDT:USDT,0.8327,18676.0,0.8326,53938.0,0.8328,31942.0,0.8329,79983.0
1753591990222,04:53:10.222,bybit,ADA/USDT:USDT,0.8327,18676.0,0.8326,53938.0,0.8328,31942.0,0.8329,79983.0
1753591990322,04:53:10.322,bybit,ADA/USDT:USDT,0.8327,18676.0,0.8326,53938.0,0.8328,31942.0,0.8329,79983.0
1753591990422,04:53:10.422,bybit,ADA/USDT:USDT,0.8327,18676.0,0.8326,53938.0,0.8328,31942.0,0.8329,79983.0
1753591990522,04:53:10.522,bybit,ADA/USDT:USDT,0.8327,18676.0,0.8326,53938.0,0.8328,31942.0,0.8329,82225.0
1753591990622,04:53:10.622,bybit,ADA/USDT:USDT,0.8327,18676.0,0.8326,50227.0,0.8328,31942.0,0.8329,82225.0
1753591990722,04:53:10.722,bybit,ADA/USDT:USDT,0.8327,18686.0,0.8326,53938.0,0.8328,31942.0,0.8329,83245.0
1753591990822,04:53:10.822,bybit,ADA/USDT:USDT,0.8327,18686.0,0.8326,52827.0,0.8328,31942.0,0.8329,83245.0
1753591990922,04:53:10.922,bybit,ADA/USDT:USDT,0.8327,18686.0,0.8326,52827.0,0.8328,31942.0,0.8329,83245.0
1753591991022,04:53:11.022,bybit,ADA/USDT:USDT,0.8327,18686.0,0.8326,52827.0,0.8328,31942.0,0.8329,83245.0
1753591991122,04:53:11.122,bybit,ADA/USDT:USDT,0.8327,18168.0,0.8326,52827.0,0.8328,32293.0,0.8329,82911.0
