timestamp,time,symbol,bid1_price,bid1_volume,bid2_price,bid2_volume,ask1_price,ask1_volume,ask2_price,ask2_volume
1753546964334,16:22:44.334,ACT/USDT:USDT,0.04587,3510.0,0.04586,7538.0,0.04588,850.0,0.04589,7607.0
1753546964723,16:22:44.723,ACT/USDT:USDT,0.04587,3510.0,0.04586,11035,0.04588,850.0,0.04589,7603
1753546964906,16:22:44.906,ACT/USDT:USDT,0.04587,3510.0,0.04586,11035,0.04588,850.0,0.04589,7603
1753546965221,16:22:45.221,ACT/USDT:USDT,0.04587,3510.0,0.04586,10051,0.04588,850.0,0.04589,7783
1753546965623,16:22:45.623,ACT/USDT:USDT,0.04587,3510.0,0.04586,10051,0.04588,850.0,0.04589,5659
1753546965721,16:22:45.721,ACT/USDT:USDT,0.04587,3510.0,0.04586,8460,0.04588,850.0,0.04589,5659
1753546966123,16:22:46.123,ACT/USDT:USDT,0.04587,3510.0,0.04586,8460,0.04588,850.0,0.04589,5659
1753546966226,16:22:46.226,ACT/USDT:USDT,0.04588,926,0.04587,4411,0.04589,3893,0.0459,6528
1753546966721,16:22:46.721,ACT/USDT:USDT,0.04588,926,0.04587,4411,0.04589,3893,0.0459,6528
1753546966722,16:22:46.722,ACT/USDT:USDT,0.04588,926,0.04587,5392,0.04589,3893,0.0459,6528
1753546967124,16:22:47.124,ACT/USDT:USDT,0.04588,926,0.04587,5392,0.04589,3893,0.0459,6528
1753546967223,16:22:47.223,ACT/USDT:USDT,0.04588,926,0.04587,4411,0.04589,3893,0.0459,8100
1753546967623,16:22:47.623,ACT/USDT:USDT,0.04588,926,0.04587,4411,0.04589,3893,0.0459,8100
1753546967722,16:22:47.722,ACT/USDT:USDT,0.04588,926,0.04587,4886,0.04589,3893,0.0459,6528
1753546968125,16:22:48.125,ACT/USDT:USDT,0.04588,926,0.04587,4411,0.04589,3893,0.0459,6528
1753546968221,16:22:48.221,ACT/USDT:USDT,0.04588,926,0.04587,4411,0.04589,3893,0.0459,6528
1753546968623,16:22:48.623,ACT/USDT:USDT,0.04588,926,0.04587,4411,0.04589,3893,0.0459,6528
1753546968722,16:22:48.722,ACT/USDT:USDT,0.04588,926,0.04587,4411,0.04589,3893,0.0459,9719
1753546969125,16:22:49.125,ACT/USDT:USDT,0.04588,926,0.04587,4411,0.04589,3893,0.0459,9719
1753546969222,16:22:49.222,ACT/USDT:USDT,0.04588,926,0.04587,6070,0.04589,3893,0.0459,9595
1753546969423,16:22:49.423,ACT/USDT:USDT,0.04588,926,0.04587,6070,0.04589,3893,0.0459,9595
1753546969722,16:22:49.722,ACT/USDT:USDT,0.04588,926,0.04587,6485,0.04589,3893,0.0459,6528
1753546970124,16:22:50.124,ACT/USDT:USDT,0.04588,926,0.04587,6485,0.04589,3893,0.0459,6528
1753546970227,16:22:50.227,ACT/USDT:USDT,0.04588,926,0.04587,4411,0.04589,3893,0.0459,9143
1753546970625,16:22:50.625,ACT/USDT:USDT,0.04588,926,0.04587,4411,0.04589,3893,0.0459,7432
1753546970725,16:22:50.725,ACT/USDT:USDT,0.04588,926,0.04587,5838,0.04589,3893,0.0459,6528
1753546970902,16:22:50.902,ACT/USDT:USDT,0.04588,926,0.04587,5838,0.04589,3893,0.0459,6528
1753546971224,16:22:51.224,ACT/USDT:USDT,0.04588,926,0.04587,6349,0.04589,3893,0.0459,6528
1753546971625,16:22:51.625,ACT/USDT:USDT,0.04588,926,0.04587,6349,0.04589,3893,0.0459,6528
1753546971723,16:22:51.723,ACT/USDT:USDT,0.04588,926,0.04587,4411,0.04589,3893,0.0459,6528
1753546972125,16:22:52.125,ACT/USDT:USDT,0.04588,926,0.04587,4411,0.04589,3893,0.0459,6528
1753546972229,16:22:52.229,ACT/USDT:USDT,0.04588,3406,0.04587,4831,0.04589,3227,0.0459,9224
1753546972723,16:22:52.723,ACT/USDT:USDT,0.04588,3406,0.04587,4831,0.04589,3227,0.0459,9224
1753546972724,16:22:52.724,ACT/USDT:USDT,0.04588,3406,0.04587,4831,0.04589,3227,0.0459,9224
1753546973126,16:22:53.126,ACT/USDT:USDT,0.04588,3406,0.04587,4831,0.04589,3227,0.0459,9224
1753546973227,16:22:53.227,ACT/USDT:USDT,0.04588,3406,0.04587,4831,0.04589,3227,0.0459,9224
1753546973626,16:22:53.626,ACT/USDT:USDT,0.04588,3406,0.04587,4831,0.04589,3227,0.0459,9224
1753546973725,16:22:53.725,ACT/USDT:USDT,0.04588,3406,0.04587,4831,0.04589,3227,0.0459,13273
1753546974127,16:22:54.127,ACT/USDT:USDT,0.04588,3406,0.04587,4831,0.04589,3227,0.0459,13273
1753546974226,16:22:54.226,ACT/USDT:USDT,0.04588,3406,0.04587,6657,0.04589,3227,0.0459,10639
1753546974627,16:22:54.627,ACT/USDT:USDT,0.04588,3406,0.04587,4831,0.04589,3227,0.0459,10639
1753546974724,16:22:54.724,ACT/USDT:USDT,0.04588,3406,0.04587,6606,0.04589,3227,0.0459,13742
1753546975127,16:22:55.127,ACT/USDT:USDT,0.04588,3406,0.04587,6606,0.04589,3227,0.0459,13742
1753546975224,16:22:55.224,ACT/USDT:USDT,0.04588,3406,0.04587,6689,0.04589,3227,0.0459,9224
1753546975428,16:22:55.428,ACT/USDT:USDT,0.04588,3406,0.04587,6689,0.04589,3227,0.0459,9224
1753546975727,16:22:55.727,ACT/USDT:USDT,0.04588,3406,0.04587,5976,0.04589,3227,0.0459,10365
1753546976128,16:22:56.128,ACT/USDT:USDT,0.04588,3406,0.04587,4831,0.04589,3227,0.0459,10365
1753546976228,16:22:56.228,ACT/USDT:USDT,0.04588,3406,0.04587,6913,0.04589,3227,0.0459,9224
1753546976630,16:22:56.630,ACT/USDT:USDT,0.04588,3406,0.04587,6913,0.04589,3227,0.0459,9224
1753546976729,16:22:56.729,ACT/USDT:USDT,0.04588,3406,0.04587,4831,0.04589,3227,0.0459,9224
1753546976908,16:22:56.908,ACT/USDT:USDT,0.04588,3406,0.04587,4831,0.04589,3227,0.0459,9224
1753546977227,16:22:57.227,ACT/USDT:USDT,0.04588,3406,0.04587,6334,0.04589,3227,0.0459,9224
1753546977629,16:22:57.629,ACT/USDT:USDT,0.04588,3406,0.04587,4831,0.04589,3227,0.0459,9224
1753546977728,16:22:57.728,ACT/USDT:USDT,0.04588,3406,0.04587,4831,0.04589,3227,0.0459,9224
1753546978129,16:22:58.129,ACT/USDT:USDT,0.04588,3406,0.04587,4831,0.04589,3227,0.0459,9224
1753546978229,16:22:58.229,ACT/USDT:USDT,0.04588,5215,0.04587,4312,0.04589,3917,0.0459,6081
1753546978727,16:22:58.727,ACT/USDT:USDT,0.04588,5215,0.04587,4312,0.04589,3917,0.0459,6081
1753546978729,16:22:58.729,ACT/USDT:USDT,0.04588,5215,0.04587,5529,0.04589,3917,0.0459,6081
1753546979130,16:22:59.130,ACT/USDT:USDT,0.04588,5215,0.04587,5529,0.04589,3917,0.0459,6081
1753546979230,16:22:59.230,ACT/USDT:USDT,0.04588,5215,0.04587,4312,0.04589,3917,0.0459,6834
1753546979632,16:22:59.632,ACT/USDT:USDT,0.04588,5215,0.04587,4312,0.04589,3917,0.0459,6834
1753546979731,16:22:59.731,ACT/USDT:USDT,0.04588,5215,0.04587,5183,0.04589,3917,0.0459,6081
1753546980132,16:23:00.132,ACT/USDT:USDT,0.04588,5215,0.04587,5183,0.04589,3917,0.0459,6081
1753546980230,16:23:00.230,ACT/USDT:USDT,0.04588,5215,0.04587,4312,0.04589,3917,0.0459,6081
1753546980634,16:23:00.634,ACT/USDT:USDT,0.04588,5215,0.04587,4312,0.04589,3917,0.0459,6081
1753546980730,16:23:00.730,ACT/USDT:USDT,0.04588,5215,0.04587,6016,0.04589,3917,0.0459,6081
1753546981131,16:23:01.131,ACT/USDT:USDT,0.04588,5215,0.04587,6016,0.04589,3917,0.0459,6081
1753546981230,16:23:01.230,ACT/USDT:USDT,0.04588,5215,0.04587,4312,0.04589,3917,0.0459,6081
1753546981433,16:23:01.433,ACT/USDT:USDT,0.04588,5215,0.04587,4312,0.04589,3917,0.0459,6081
1753546981731,16:23:01.731,ACT/USDT:USDT,0.04588,5215,0.04587,5110,0.04589,3917,0.0459,6081
1753546982134,16:23:02.134,ACT/USDT:USDT,0.04588,5215,0.04587,5110,0.04589,3917,0.0459,6081
1753546982229,16:23:02.229,ACT/USDT:USDT,0.04588,5215,0.04587,4312,0.04589,3917,0.0459,6081
1753546982631,16:23:02.631,ACT/USDT:USDT,0.04588,5215,0.04587,4312,0.04589,3917,0.0459,6081
1753546982731,16:23:02.731,ACT/USDT:USDT,0.04588,5215,0.04587,4312,0.04589,3917,0.0459,6081
1753546982912,16:23:02.912,ACT/USDT:USDT,0.04588,5215,0.04587,4312,0.04589,3917,0.0459,6081
1753546983228,16:23:03.228,ACT/USDT:USDT,0.04588,5215,0.04587,5883,0.04589,3917,0.0459,6081
1753546983631,16:23:03.631,ACT/USDT:USDT,0.04588,5215,0.04587,5883,0.04589,3917,0.0459,6081
1753546983730,16:23:03.730,ACT/USDT:USDT,0.04588,5215,0.04587,5585,0.04589,3917,0.0459,7569
1753546984133,16:23:04.133,ACT/USDT:USDT,0.04588,5215,0.04587,5585,0.04589,3917,0.0459,7569
1753546984232,16:23:04.232,ACT/USDT:USDT,0.04586,3052,0.04585,3016,0.04587,2600,0.04588,11780
1753546984731,16:23:04.731,ACT/USDT:USDT,0.04586,3052,0.04585,3016,0.04587,2600,0.04588,11780
1753546984732,16:23:04.732,ACT/USDT:USDT,0.04586,3052,0.04585,3674,0.04587,2600,0.04588,11780
1753546985134,16:23:05.134,ACT/USDT:USDT,0.04586,3052,0.04585,3674,0.04587,2600,0.04588,11780
1753546985231,16:23:05.231,ACT/USDT:USDT,0.04586,3052,0.04585,4091,0.04587,2600,0.04588,11780
1753546985631,16:23:05.631,ACT/USDT:USDT,0.04586,3052,0.04585,3016,0.04587,2600,0.04588,11780
1753546985734,16:23:05.734,ACT/USDT:USDT,0.04586,3052,0.04585,3425,0.04587,2600,0.04588,11780
1753546986132,16:23:06.132,ACT/USDT:USDT,0.04586,3052,0.04585,3425,0.04587,2600,0.04588,11780
1753546986231,16:23:06.231,ACT/USDT:USDT,0.04586,3052,0.04585,3016,0.04587,2600,0.04588,11780
1753546986632,16:23:06.632,ACT/USDT:USDT,0.04586,3052,0.04585,3016,0.04587,2600,0.04588,11780
1753546986730,16:23:06.730,ACT/USDT:USDT,0.04586,3052,0.04585,4051,0.04587,2600,0.04588,11780
1753546987133,16:23:07.133,ACT/USDT:USDT,0.04586,3052,0.04585,4051,0.04587,2600,0.04588,11780
1753546987231,16:23:07.231,ACT/USDT:USDT,0.04586,3052,0.04585,3452,0.04587,2600,0.04588,11780
1753546987512,16:23:07.512,ACT/USDT:USDT,0.04586,3052,0.04585,3452,0.04587,2600,0.04588,11780
1753546987732,16:23:07.732,ACT/USDT:USDT,0.04586,3052,0.04585,3773,0.04587,2600,0.04588,14866
1753546988133,16:23:08.133,ACT/USDT:USDT,0.04586,3052,0.04585,3773,0.04587,2600,0.04588,14866
1753546988232,16:23:08.232,ACT/USDT:USDT,0.04586,3052,0.04585,3016,0.04587,2600,0.04588,13430
1753546988633,16:23:08.633,ACT/USDT:USDT,0.04586,3052,0.04585,3016,0.04587,2600,0.04588,11780
1753546988732,16:23:08.732,ACT/USDT:USDT,0.04586,3052,0.04585,3016,0.04587,2600,0.04588,11780
1753546989133,16:23:09.133,ACT/USDT:USDT,0.04586,3052,0.04585,3016,0.04587,2600,0.04588,11780
1753546989232,16:23:09.232,ACT/USDT:USDT,0.04586,3052,0.04585,3016,0.04587,2600,0.04588,17463
1753546989633,16:23:09.633,ACT/USDT:USDT,0.04586,3052,0.04585,3016,0.04587,2600,0.04588,17463
1753546989732,16:23:09.732,ACT/USDT:USDT,0.04586,3052,0.04585,3719,0.04587,2600,0.04588,16173
1753546990133,16:23:10.133,ACT/USDT:USDT,0.04586,3052,0.04585,3719,0.04587,2600,0.04588,16173
1753546990233,16:23:10.233,ACT/USDT:USDT,0.04588,4000,0.04587,5481,0.04589,323,0.0459,6341
1753546990732,16:23:10.732,ACT/USDT:USDT,0.04588,4000,0.04587,5481,0.04589,323,0.0459,9305
1753546990733,16:23:10.733,ACT/USDT:USDT,0.04588,4000,0.04587,5481,0.04589,323,0.0459,9305
1753546991179,16:23:11.179,ACT/USDT:USDT,0.04588,4000,0.04587,5481,0.04589,323,0.0459,6341
1753546991232,16:23:11.232,ACT/USDT:USDT,0.04588,4000,0.04587,5481,0.04589,323,0.0459,6341
1753546991633,16:23:11.633,ACT/USDT:USDT,0.04588,4000,0.04587,5481,0.04589,323,0.0459,6341
1753546991734,16:23:11.734,ACT/USDT:USDT,0.04588,4000,0.04587,6948,0.04589,323,0.0459,6341
1753546992133,16:23:12.133,ACT/USDT:USDT,0.04588,4000,0.04587,5481,0.04589,323,0.0459,6341
1753546992235,16:23:12.235,ACT/USDT:USDT,0.04588,4000,0.04587,7685,0.04589,323,0.0459,6341
1753546992634,16:23:12.634,ACT/USDT:USDT,0.04588,4000,0.04587,7685,0.04589,323,0.0459,6341
1753546992734,16:23:12.734,ACT/USDT:USDT,0.04588,4000,0.04587,7191,0.04589,323,0.0459,6341
1753546993135,16:23:13.135,ACT/USDT:USDT,0.04588,4000,0.04587,5481,0.04589,323,0.0459,6341
1753546993233,16:23:13.233,ACT/USDT:USDT,0.04588,4000,0.04587,5481,0.04589,323,0.0459,8589
1753546993440,16:23:13.440,ACT/USDT:USDT,0.04588,4000,0.04587,5481,0.04589,323,0.0459,8589
1753546993735,16:23:13.735,ACT/USDT:USDT,0.04588,4000,0.04587,6854,0.04589,323,0.0459,6341
1753546994136,16:23:14.136,ACT/USDT:USDT,0.04588,4000,0.04587,5481,0.04589,323,0.0459,6341
1753546994235,16:23:14.235,ACT/USDT:USDT,0.04588,4000,0.04587,5481,0.04589,323,0.0459,6341
1753546994637,16:23:14.637,ACT/USDT:USDT,0.04588,4000,0.04587,5481,0.04589,323,0.0459,6341
1753546994738,16:23:14.738,ACT/USDT:USDT,0.04588,4000,0.04587,6758,0.04589,323,0.0459,6341
1753546995135,16:23:15.135,ACT/USDT:USDT,0.04588,4000,0.04587,6758,0.04589,323,0.0459,6341
1753546995233,16:23:15.233,ACT/USDT:USDT,0.04588,4000,0.04587,5481,0.04589,323,0.0459,7038
1753546995636,16:23:15.636,ACT/USDT:USDT,0.04588,4000,0.04587,5481,0.04589,323,0.0459,6341
1753546995735,16:23:15.735,ACT/USDT:USDT,0.04588,4000,0.04587,8063,0.04589,323,0.0459,6341
1753546996138,16:23:16.138,ACT/USDT:USDT,0.04588,4000,0.04587,5481,0.04589,323,0.0459,6341
1753546996236,16:23:16.236,ACT/USDT:USDT,0.04589,2390,0.04588,12455,0.0459,2021,0.04591,3907
1753546996733,16:23:16.733,ACT/USDT:USDT,0.04589,2390,0.04588,12455,0.0459,2021,0.04591,3907
1753546996749,16:23:16.749,ACT/USDT:USDT,0.04589,2390,0.04588,17065,0.0459,2021,0.04591,3907
1753546997138,16:23:17.138,ACT/USDT:USDT,0.04589,2390,0.04588,17065,0.0459,2021,0.04591,3907
1753546997243,16:23:17.243,ACT/USDT:USDT,0.04589,2390,0.04588,24267,0.0459,2021,0.04591,3907
1753546997636,16:23:17.636,ACT/USDT:USDT,0.04589,2390,0.04588,18529,0.0459,2021,0.04591,3907
1753546997739,16:23:17.739,ACT/USDT:USDT,0.04589,2390,0.04588,12455,0.0459,2021,0.04591,3907
1753546998138,16:23:18.138,ACT/USDT:USDT,0.04589,2390,0.04588,12455,0.0459,2021,0.04591,3907
1753546998237,16:23:18.237,ACT/USDT:USDT,0.04589,2390,0.04588,16258,0.0459,2021,0.04591,3907
1753546998637,16:23:18.637,ACT/USDT:USDT,0.04589,2390,0.04588,16258,0.0459,2021,0.04591,3907
1753546998736,16:23:18.736,ACT/USDT:USDT,0.04589,2390,0.04588,16487,0.0459,2021,0.04591,4559
1753546999138,16:23:19.138,ACT/USDT:USDT,0.04589,2390,0.04588,16487,0.0459,2021,0.04591,4559
1753546999235,16:23:19.235,ACT/USDT:USDT,0.04589,2390,0.04588,15654,0.0459,2021,0.04591,5316
1753546999638,16:23:19.638,ACT/USDT:USDT,0.04589,2390,0.04588,15654,0.0459,2021,0.04591,4831
1753546999738,16:23:19.738,ACT/USDT:USDT,0.04589,2390,0.04588,12455,0.0459,2021,0.04591,5565
1753547000145,16:23:20.145,ACT/USDT:USDT,0.04589,2390,0.04588,12455,0.0459,2021,0.04591,5565
1753547000236,16:23:20.236,ACT/USDT:USDT,0.04589,2390,0.04588,12455,0.0459,2021,0.04591,7149
1753547000679,16:23:20.679,ACT/USDT:USDT,0.04589,2390,0.04588,12455,0.0459,2021,0.04591,7149
1753547000739,16:23:20.739,ACT/USDT:USDT,0.04589,2390,0.04588,12455,0.0459,2021,0.04591,4523
1753547001138,16:23:21.138,ACT/USDT:USDT,0.04589,2390,0.04588,12455,0.0459,2021,0.04591,4523
1753547001238,16:23:21.238,ACT/USDT:USDT,0.04589,2390,0.04588,14481,0.0459,2021,0.04591,5797
1753547001638,16:23:21.638,ACT/USDT:USDT,0.04589,2390,0.04588,12455,0.0459,2021,0.04591,5797
1753547001737,16:23:21.737,ACT/USDT:USDT,0.04589,2390,0.04588,16948,0.0459,2021,0.04591,3907
1753547002139,16:23:22.139,ACT/USDT:USDT,0.04589,2390,0.04588,16948,0.0459,2021,0.04591,3907
1753547002236,16:23:22.236,ACT/USDT:USDT,0.04589,2357,0.04588,7579,0.0459,2324,0.04591,5096
1753547002738,16:23:22.738,ACT/USDT:USDT,0.04589,2357,0.04588,7579,0.0459,2324,0.04591,6974
1753547002739,16:23:22.739,ACT/USDT:USDT,0.04589,2357,0.04588,10662,0.0459,2324,0.04591,6974
1753547003141,16:23:23.141,ACT/USDT:USDT,0.04589,2357,0.04588,10662,0.0459,2324,0.04591,5096
1753547003236,16:23:23.236,ACT/USDT:USDT,0.04589,2357,0.04588,10873,0.0459,2324,0.04591,5615
1753547003638,16:23:23.638,ACT/USDT:USDT,0.04589,2357,0.04588,10873,0.0459,2324,0.04591,5615
1753547003740,16:23:23.740,ACT/USDT:USDT,0.04589,2357,0.04588,7579,0.0459,2324,0.04591,5096
1753547004144,16:23:24.144,ACT/USDT:USDT,0.04589,2357,0.04588,7579,0.0459,2324,0.04591,5096
1753547004241,16:23:24.241,ACT/USDT:USDT,0.04589,2357,0.04588,10561,0.0459,2324,0.04591,6530
1753547004639,16:23:24.639,ACT/USDT:USDT,0.04589,2357,0.04588,10561,0.0459,2324,0.04591,6530
1753547004739,16:23:24.739,ACT/USDT:USDT,0.04589,2357,0.04588,7579,0.0459,2324,0.04591,5096
1753547005139,16:23:25.139,ACT/USDT:USDT,0.04589,2357,0.04588,7579,0.0459,2324,0.04591,5096
1753547005239,16:23:25.239,ACT/USDT:USDT,0.04589,2357,0.04588,7579,0.0459,2324,0.04591,5096
1753547005640,16:23:25.640,ACT/USDT:USDT,0.04589,2357,0.04588,7579,0.0459,2324,0.04591,5096
1753547005741,16:23:25.741,ACT/USDT:USDT,0.04589,2357,0.04588,7579,0.0459,2324,0.04591,7198
1753547006065,16:23:26.065,ACT/USDT:USDT,0.04589,2357,0.04588,7579,0.0459,2324,0.04591,7198
1753547006238,16:23:26.238,ACT/USDT:USDT,0.04589,2357,0.04588,7579,0.0459,2324,0.04591,5096
1753547006640,16:23:26.640,ACT/USDT:USDT,0.04589,2357,0.04588,7579,0.0459,2324,0.04591,5096
1753547006738,16:23:26.738,ACT/USDT:USDT,0.04589,2357,0.04588,7579,0.0459,2324,0.04591,6441
1753547007139,16:23:27.139,ACT/USDT:USDT,0.04589,2357,0.04588,7579,0.0459,2324,0.04591,5096
1753547007242,16:23:27.242,ACT/USDT:USDT,0.04589,2357,0.04588,8829,0.0459,2324,0.04591,6091
1753547007640,16:23:27.640,ACT/USDT:USDT,0.04589,2357,0.04588,8829,0.0459,2324,0.04591,5096
1753547007739,16:23:27.739,ACT/USDT:USDT,0.04589,2357,0.04588,7579,0.0459,2324,0.04591,5096
1753547008140,16:23:28.140,ACT/USDT:USDT,0.04589,2357,0.04588,7579,0.0459,2324,0.04591,5096
1753547008241,16:23:28.241,ACT/USDT:USDT,0.04589,2780,0.04588,8181,0.0459,1852,0.04591,4296
1753547008741,16:23:28.741,ACT/USDT:USDT,0.04589,2780,0.04588,8181,0.0459,1852,0.04591,4296
1753547008742,16:23:28.742,ACT/USDT:USDT,0.04589,2780,0.04588,12940,0.0459,1852,0.04591,4296
1753547009242,16:23:29.242,ACT/USDT:USDT,0.04589,2780,0.04588,8181,0.0459,1852,0.04591,4296
1753547009242,16:23:29.242,ACT/USDT:USDT,0.04589,2780,0.04588,8181,0.0459,1852,0.04591,4296
1753547009641,16:23:29.641,ACT/USDT:USDT,0.04589,2780,0.04588,8181,0.0459,1852,0.04591,4296
1753547009742,16:23:29.742,ACT/USDT:USDT,0.04589,2780,0.04588,8181,0.0459,1852,0.04591,4296
1753547010142,16:23:30.142,ACT/USDT:USDT,0.04589,2780,0.04588,8181,0.0459,1852,0.04591,4296
1753547010243,16:23:30.243,ACT/USDT:USDT,0.04589,2780,0.04588,9449,0.0459,1852,0.04591,5456
1753547010643,16:23:30.643,ACT/USDT:USDT,0.04589,2780,0.04588,9449,0.0459,1852,0.04591,4296
1753547010742,16:23:30.742,ACT/USDT:USDT,0.04589,2780,0.04588,12827,0.0459,1852,0.04591,5289
1753547011143,16:23:31.143,ACT/USDT:USDT,0.04589,2780,0.04588,12827,0.0459,1852,0.04591,5289
1753547011244,16:23:31.244,ACT/USDT:USDT,0.04589,2780,0.04588,8181,0.0459,1852,0.04591,6198
1753547011643,16:23:31.643,ACT/USDT:USDT,0.04589,2780,0.04588,8181,0.0459,1852,0.04591,6198
1753547011742,16:23:31.742,ACT/USDT:USDT,0.04589,2780,0.04588,11084,0.0459,1852,0.04591,4296
1753547012069,16:23:32.069,ACT/USDT:USDT,0.04589,2780,0.04588,11084,0.0459,1852,0.04591,4296
1753547012243,16:23:32.243,ACT/USDT:USDT,0.04589,2780,0.04588,8181,0.0459,1852,0.04591,4296
1753547012644,16:23:32.644,ACT/USDT:USDT,0.04589,2780,0.04588,8181,0.0459,1852,0.04591,4296
1753547012742,16:23:32.742,ACT/USDT:USDT,0.04589,2780,0.04588,8181,0.0459,1852,0.04591,4296
1753547013145,16:23:33.145,ACT/USDT:USDT,0.04589,2780,0.04588,8181,0.0459,1852,0.04591,4296
1753547013248,16:23:33.248,ACT/USDT:USDT,0.04589,2780,0.04588,8181,0.0459,1852,0.04591,5654
1753547013643,16:23:33.643,ACT/USDT:USDT,0.04589,2780,0.04588,8181,0.0459,1852,0.04591,4296
1753547013741,16:23:33.741,ACT/USDT:USDT,0.04589,2780,0.04588,8181,0.0459,1852,0.04591,4296
1753547014141,16:23:34.141,ACT/USDT:USDT,0.04589,2780,0.04588,8181,0.0459,1852,0.04591,4296
1753547014242,16:23:34.242,ACT/USDT:USDT,0.04589,3167,0.04588,6482,0.0459,3163,0.04591,7639
1753547014740,16:23:34.740,ACT/USDT:USDT,0.04589,3167,0.04588,6482,0.0459,3163,0.04591,7639
1753547014741,16:23:34.741,ACT/USDT:USDT,0.04589,3167,0.04588,7669,0.0459,3163,0.04591,8466
1753547015144,16:23:35.144,ACT/USDT:USDT,0.04589,3167,0.04588,6482,0.0459,3163,0.04591,7639
1753547015243,16:23:35.243,ACT/USDT:USDT,0.04589,3167,0.04588,9496,0.0459,3163,0.04591,7639
1753547015645,16:23:35.645,ACT/USDT:USDT,0.04589,3167,0.04588,9496,0.0459,3163,0.04591,7639
1753547015742,16:23:35.742,ACT/USDT:USDT,0.04589,3167,0.04588,8937,0.0459,3163,0.04591,7639
1753547016146,16:23:36.146,ACT/USDT:USDT,0.04589,3167,0.04588,6482,0.0459,3163,0.04591,7639
1753547016242,16:23:36.242,ACT/USDT:USDT,0.04589,3167,0.04588,9414,0.0459,3163,0.04591,7639
1753547016643,16:23:36.643,ACT/USDT:USDT,0.04589,3167,0.04588,6482,0.0459,3163,0.04591,7639
1753547016743,16:23:36.743,ACT/USDT:USDT,0.04589,3167,0.04588,6482,0.0459,3163,0.04591,8479
1753547017143,16:23:37.143,ACT/USDT:USDT,0.04589,3167,0.04588,6482,0.0459,3163,0.04591,7639
1753547017247,16:23:37.247,ACT/USDT:USDT,0.04589,3167,0.04588,6482,0.0459,3163,0.04591,7639
1753547017646,16:23:37.646,ACT/USDT:USDT,0.04589,3167,0.04588,6482,0.0459,3163,0.04591,7639
1753547017743,16:23:37.743,ACT/USDT:USDT,0.04589,3167,0.04588,7356,0.0459,3163,0.04591,7639
1753547018072,16:23:38.072,ACT/USDT:USDT,0.04589,3167,0.04588,7356,0.0459,3163,0.04591,7639
1753547018243,16:23:38.243,ACT/USDT:USDT,0.04589,3167,0.04588,6482,0.0459,3163,0.04591,11153
1753547018648,16:23:38.648,ACT/USDT:USDT,0.04589,3167,0.04588,6482,0.0459,3163,0.04591,11153
1753547018744,16:23:38.744,ACT/USDT:USDT,0.04589,3167,0.04588,8208,0.0459,3163,0.04591,7639
1753547019157,16:23:39.157,ACT/USDT:USDT,0.04589,3167,0.04588,8208,0.0459,3163,0.04591,7639
1753547019246,16:23:39.246,ACT/USDT:USDT,0.04589,3167,0.04588,8905,0.0459,3163,0.04591,8527
1753547019647,16:23:39.647,ACT/USDT:USDT,0.04589,3167,0.04588,8905,0.0459,3163,0.04591,8527
1753547019749,16:23:39.749,ACT/USDT:USDT,0.04589,3167,0.04588,12386,0.0459,3163,0.04591,7639
1753547020146,16:23:40.146,ACT/USDT:USDT,0.04589,3167,0.04588,9590,0.0459,3163,0.04591,7639
1753547020244,16:23:40.244,ACT/USDT:USDT,0.04589,2572,0.04588,6222,0.0459,4284,0.04591,6381
1753547020744,16:23:40.744,ACT/USDT:USDT,0.04589,2572,0.04588,6222,0.0459,4284,0.04591,6381
1753547020744,16:23:40.744,ACT/USDT:USDT,0.04589,2572,0.04588,6222,0.0459,4284,0.04591,6381
1753547021146,16:23:41.146,ACT/USDT:USDT,0.04589,2572,0.04588,6222,0.0459,4284,0.04591,6381
1753547021245,16:23:41.245,ACT/USDT:USDT,0.04589,2572,0.04588,6222,0.0459,4284,0.04591,6381
1753547021647,16:23:41.647,ACT/USDT:USDT,0.04589,2572,0.04588,6222,0.0459,4284,0.04591,6381
1753547021746,16:23:41.746,ACT/USDT:USDT,0.04589,2572,0.04588,9721,0.0459,4284,0.04591,6381
1753547022149,16:23:42.149,ACT/USDT:USDT,0.04589,2572,0.04588,9721,0.0459,4284,0.04591,6381
1753547022245,16:23:42.245,ACT/USDT:USDT,0.04589,2572,0.04588,6943,0.0459,4284,0.04591,9065
1753547022645,16:23:42.645,ACT/USDT:USDT,0.04589,2572,0.04588,6943,0.0459,4284,0.04591,9065
1753547022745,16:23:42.745,ACT/USDT:USDT,0.04589,2572,0.04588,8926,0.0459,4284,0.04591,6381
1753547023147,16:23:43.147,ACT/USDT:USDT,0.04589,2572,0.04588,8926,0.0459,4284,0.04591,6381
1753547023244,16:23:43.244,ACT/USDT:USDT,0.04589,2572,0.04588,6222,0.0459,4284,0.04591,6381
1753547023648,16:23:43.648,ACT/USDT:USDT,0.04589,2572,0.04588,6222,0.0459,4284,0.04591,6381
1753547023745,16:23:43.745,ACT/USDT:USDT,0.04589,2572,0.04588,6222,0.0459,4284,0.04591,6381
1753547024085,16:23:44.085,ACT/USDT:USDT,0.04589,2572,0.04588,6222,0.0459,4284,0.04591,6381
1753547024246,16:23:44.246,ACT/USDT:USDT,0.04589,2572,0.04588,7793,0.0459,4284,0.04591,7809
1753547024647,16:23:44.647,ACT/USDT:USDT,0.04589,2572,0.04588,6222,0.0459,4284,0.04591,7809
1753547024746,16:23:44.746,ACT/USDT:USDT,0.04589,2572,0.04588,6222,0.0459,4284,0.04591,7387
1753547025146,16:23:45.146,ACT/USDT:USDT,0.04589,2572,0.04588,6222,0.0459,4284,0.04591,7387
1753547025245,16:23:45.245,ACT/USDT:USDT,0.04589,2572,0.04588,6222,0.0459,4284,0.04591,6381
1753547025646,16:23:45.646,ACT/USDT:USDT,0.04589,2572,0.04588,6222,0.0459,4284,0.04591,6381
1753547025746,16:23:45.746,ACT/USDT:USDT,0.04589,2572,0.04588,6222,0.0459,4284,0.04591,6381
1753547026146,16:23:46.146,ACT/USDT:USDT,0.04589,2572,0.04588,6222,0.0459,4284,0.04591,6381
1753547026243,16:23:46.243,ACT/USDT:USDT,0.04589,2331,0.04588,6016,0.0459,3436,0.04591,7568
1753547026744,16:23:46.744,ACT/USDT:USDT,0.04589,2331,0.04588,6016,0.0459,3436,0.04591,7568
1753547026745,16:23:46.745,ACT/USDT:USDT,0.04589,2331,0.04588,6016,0.0459,3436,0.04591,7568
1753547027146,16:23:47.146,ACT/USDT:USDT,0.04589,2331,0.04588,6016,0.0459,3436,0.04591,7568
1753547027246,16:23:47.246,ACT/USDT:USDT,0.04589,2331,0.04588,6016,0.0459,3436,0.04591,9800
1753547027648,16:23:47.648,ACT/USDT:USDT,0.04589,2331,0.04588,6016,0.0459,3436,0.04591,9800
1753547027747,16:23:47.747,ACT/USDT:USDT,0.04589,2331,0.04588,6016,0.0459,3436,0.04591,7568
1753547028151,16:23:48.151,ACT/USDT:USDT,0.04589,2331,0.04588,6016,0.0459,3436,0.04591,7568
1753547028280,16:23:48.280,ACT/USDT:USDT,0.04589,2331,0.04588,6016,0.0459,3436,0.04591,10603
1753547028683,16:23:48.683,ACT/USDT:USDT,0.04589,2331,0.04588,6016,0.0459,3436,0.04591,10603
1753547028781,16:23:48.781,ACT/USDT:USDT,0.04589,2331,0.04588,6016,0.0459,3436,0.04591,8743
1753547029164,16:23:49.164,ACT/USDT:USDT,0.04589,2331,0.04588,6016,0.0459,3436,0.04591,8743
1753547029281,16:23:49.281,ACT/USDT:USDT,0.04589,2331,0.04588,6016,0.0459,3436,0.04591,7568
1753547029686,16:23:49.686,ACT/USDT:USDT,0.04589,2331,0.04588,6016,0.0459,3436,0.04591,7568
1753547029784,16:23:49.784,ACT/USDT:USDT,0.04589,2331,0.04588,6016,0.0459,3436,0.04591,11258
1753547030187,16:23:50.187,ACT/USDT:USDT,0.04589,2331,0.04588,6016,0.0459,3436,0.04591,11258
1753547030285,16:23:50.285,ACT/USDT:USDT,0.04589,2331,0.04588,9431,0.0459,3436,0.04591,9726
1753547030687,16:23:50.687,ACT/USDT:USDT,0.04589,2331,0.04588,9431,0.0459,3436,0.04591,7568
1753547030784,16:23:50.784,ACT/USDT:USDT,0.04589,2331,0.04588,8252,0.0459,3436,0.04591,9524
1753547031185,16:23:51.185,ACT/USDT:USDT,0.04589,2331,0.04588,8252,0.0459,3436,0.04591,7568
1753547031294,16:23:51.294,ACT/USDT:USDT,0.04589,2628,0.04588,6119,0.0459,1219,0.04591,5232
1753547031784,16:23:51.784,ACT/USDT:USDT,0.04589,2628,0.04588,6119,0.0459,1219,0.04591,5232
1753547031785,16:23:51.785,ACT/USDT:USDT,0.04589,2628,0.04588,6119,0.0459,1219,0.04591,6134
1753547032187,16:23:52.187,ACT/USDT:USDT,0.04589,2628,0.04588,6119,0.0459,1219,0.04591,6134
1753547032285,16:23:52.285,ACT/USDT:USDT,0.04589,2628,0.04588,6119,0.0459,1219,0.04591,5232
1753547032690,16:23:52.690,ACT/USDT:USDT,0.04589,2628,0.04588,6119,0.0459,1219,0.04591,5232
1753547032786,16:23:52.786,ACT/USDT:USDT,0.04589,2628,0.04588,6119,0.0459,1219,0.04591,5232
1753547033188,16:23:53.188,ACT/USDT:USDT,0.04589,2628,0.04588,6119,0.0459,1219,0.04591,5232
1753547033286,16:23:53.286,ACT/USDT:USDT,0.04589,2628,0.04588,6119,0.0459,1219,0.04591,7091
1753547033689,16:23:53.689,ACT/USDT:USDT,0.04589,2628,0.04588,6119,0.0459,1219,0.04591,7091
1753547033786,16:23:53.786,ACT/USDT:USDT,0.04589,2628,0.04588,6119,0.0459,1219,0.04591,5232
1753547034190,16:23:54.190,ACT/USDT:USDT,0.04589,2628,0.04588,6119,0.0459,1219,0.04591,5232
1753547034290,16:23:54.290,ACT/USDT:USDT,0.04589,2628,0.04588,6119,0.0459,1219,0.04591,7557
1753547034693,16:23:54.693,ACT/USDT:USDT,0.04589,2628,0.04588,6119,0.0459,1219,0.04591,5232
1753547034789,16:23:54.789,ACT/USDT:USDT,0.04589,2628,0.04588,6119,0.0459,1219,0.04591,6672
1753547035168,16:23:55.168,ACT/USDT:USDT,0.04589,2628,0.04588,6119,0.0459,1219,0.04591,6672
1753547035290,16:23:55.290,ACT/USDT:USDT,0.04589,2628,0.04588,7507,0.0459,1219,0.04591,7748
1753547035693,16:23:55.693,ACT/USDT:USDT,0.04589,2628,0.04588,7507,0.0459,1219,0.04591,7748
1753547035789,16:23:55.789,ACT/USDT:USDT,0.04589,2628,0.04588,6119,0.0459,1219,0.04591,5804
1753547036192,16:23:56.192,ACT/USDT:USDT,0.04589,2628,0.04588,6119,0.0459,1219,0.04591,5804
1753547036290,16:23:56.290,ACT/USDT:USDT,0.04589,2628,0.04588,8515,0.0459,1219,0.04591,6252
1753547036694,16:23:56.694,ACT/USDT:USDT,0.04589,2628,0.04588,7137,0.0459,1219,0.04591,6252
1753547036790,16:23:56.790,ACT/USDT:USDT,0.04589,2628,0.04588,9012,0.0459,1219,0.04591,5232
1753547037192,16:23:57.192,ACT/USDT:USDT,0.04589,2628,0.04588,6119,0.0459,1219,0.04591,5232
1753547037300,16:23:57.300,ACT/USDT:USDT,0.04589,2666,0.04588,6531,0.0459,127,0.04591,6840
1753547037788,16:23:57.788,ACT/USDT:USDT,0.04589,2666,0.04588,9165,0.0459,127,0.04591,6840
1753547037790,16:23:57.790,ACT/USDT:USDT,0.04589,2666,0.04588,9165,0.0459,127,0.04591,6840
1753547038193,16:23:58.193,ACT/USDT:USDT,0.04589,2666,0.04588,6531,0.0459,127,0.04591,6840
1753547038291,16:23:58.291,ACT/USDT:USDT,0.04589,2666,0.04588,6531,0.0459,127,0.04591,9885
1753547038693,16:23:58.693,ACT/USDT:USDT,0.04589,2666,0.04588,6531,0.0459,127,0.04591,6840
1753547038791,16:23:58.791,ACT/USDT:USDT,0.04589,2666,0.04588,8881,0.0459,127,0.04591,6840
1753547039195,16:23:59.195,ACT/USDT:USDT,0.04589,2666,0.04588,8881,0.0459,127,0.04591,6840
1753547039292,16:23:59.292,ACT/USDT:USDT,0.04589,2666,0.04588,7239,0.0459,127,0.04591,6840
1753547039693,16:23:59.693,ACT/USDT:USDT,0.04589,2666,0.04588,7239,0.0459,127,0.04591,6840
1753547039793,16:23:59.793,ACT/USDT:USDT,0.04589,2666,0.04588,8130,0.0459,127,0.04591,8389
1753547040197,16:24:00.197,ACT/USDT:USDT,0.04589,2666,0.04588,8130,0.0459,127,0.04591,6840
1753547040291,16:24:00.291,ACT/USDT:USDT,0.04589,2666,0.04588,7982,0.0459,127,0.04591,10039
1753547040694,16:24:00.694,ACT/USDT:USDT,0.04589,2666,0.04588,7982,0.0459,127,0.04591,10039
1753547040794,16:24:00.794,ACT/USDT:USDT,0.04589,2666,0.04588,10122,0.0459,127,0.04591,6840
1753547041174,16:24:01.174,ACT/USDT:USDT,0.04589,2666,0.04588,10122,0.0459,127,0.04591,6840
1753547041295,16:24:01.295,ACT/USDT:USDT,0.04589,2666,0.04588,6531,0.0459,127,0.04591,8100
1753547041704,16:24:01.704,ACT/USDT:USDT,0.04589,2666,0.04588,6531,0.0459,127,0.04591,8100
1753547041795,16:24:01.795,ACT/USDT:USDT,0.04589,2666,0.04588,8776,0.0459,127,0.04591,8551
1753547042199,16:24:02.199,ACT/USDT:USDT,0.04589,2666,0.04588,8776,0.0459,127,0.04591,8551
1753547042293,16:24:02.293,ACT/USDT:USDT,0.04589,2666,0.04588,6531,0.0459,127,0.04591,6840
1753547042695,16:24:02.695,ACT/USDT:USDT,0.04589,2666,0.04588,6531,0.0459,127,0.04591,6840
1753547042794,16:24:02.794,ACT/USDT:USDT,0.04589,2666,0.04588,7651,0.0459,127,0.04591,6840
1753547043196,16:24:03.196,ACT/USDT:USDT,0.04589,2666,0.04588,7651,0.0459,127,0.04591,6840
1753547043299,16:24:03.299,ACT/USDT:USDT,0.04589,3369,0.04588,6667,0.0459,127,0.04591,6137
1753547043791,16:24:03.791,ACT/USDT:USDT,0.04589,3369,0.04588,6667,0.0459,127,0.04591,6137
1753547043796,16:24:03.796,ACT/USDT:USDT,0.04589,3369,0.04588,9885,0.0459,127,0.04591,6137
1753547044197,16:24:04.197,ACT/USDT:USDT,0.04589,3369,0.04588,9885,0.0459,127,0.04591,6137
1753547044296,16:24:04.296,ACT/USDT:USDT,0.04589,3369,0.04588,6667,0.0459,127,0.04591,8925
1753547044696,16:24:04.696,ACT/USDT:USDT,0.04589,3369,0.04588,6667,0.0459,127,0.04591,8925
1753547044794,16:24:04.794,ACT/USDT:USDT,0.04589,3369,0.04588,6667,0.0459,127,0.04591,7804
1753547045198,16:24:05.198,ACT/USDT:USDT,0.04589,3369,0.04588,6667,0.0459,127,0.04591,7804
1753547045295,16:24:05.295,ACT/USDT:USDT,0.04589,3369,0.04588,6667,0.0459,127,0.04591,6137
1753547045697,16:24:05.697,ACT/USDT:USDT,0.04589,3369,0.04588,6667,0.0459,127,0.04591,6137
1753547045796,16:24:05.796,ACT/USDT:USDT,0.04589,3369,0.04588,6667,0.0459,127,0.04591,6993
1753547046197,16:24:06.197,ACT/USDT:USDT,0.04589,3369,0.04588,6667,0.0459,127,0.04591,6993
1753547046299,16:24:06.299,ACT/USDT:USDT,0.04589,3369,0.04588,8292,0.0459,127,0.04591,6137
1753547046701,16:24:06.701,ACT/USDT:USDT,0.04589,3369,0.04588,8292,0.0459,127,0.04591,6137
1753547046797,16:24:06.797,ACT/USDT:USDT,0.04589,3369,0.04588,8577,0.0459,127,0.04591,6137
1753547047175,16:24:07.175,ACT/USDT:USDT,0.04589,3369,0.04588,8577,0.0459,127,0.04591,6137
1753547047366,16:24:07.366,ACT/USDT:USDT,0.04589,3369,0.04588,6667,0.0459,127,0.04591,8385
1753547047698,16:24:07.698,ACT/USDT:USDT,0.04589,3369,0.04588,6667,0.0459,127,0.04591,8385
1753547047797,16:24:07.797,ACT/USDT:USDT,0.04589,3369,0.04588,6667,0.0459,127,0.04591,6137
1753547048198,16:24:08.198,ACT/USDT:USDT,0.04589,3369,0.04588,6667,0.0459,127,0.04591,6137
1753547048296,16:24:08.296,ACT/USDT:USDT,0.04589,3369,0.04588,10398,0.0459,127,0.04591,8861
1753547048698,16:24:08.698,ACT/USDT:USDT,0.04589,3369,0.04588,9175,0.0459,127,0.04591,8861
1753547048798,16:24:08.798,ACT/USDT:USDT,0.04589,3369,0.04588,9464,0.0459,127,0.04591,6137
1753547049199,16:24:09.199,ACT/USDT:USDT,0.04589,3369,0.04588,6667,0.0459,127,0.04591,6137
1753547049302,16:24:09.302,ACT/USDT:USDT,0.04589,3047,0.04588,7364,0.0459,127,0.04591,7112
1753547049795,16:24:09.795,ACT/USDT:USDT,0.04589,3047,0.04588,7364,0.0459,127,0.04591,7112
1753547049799,16:24:09.799,ACT/USDT:USDT,0.04589,3047,0.04588,7364,0.0459,127,0.04591,9166
1753547050298,16:24:10.298,ACT/USDT:USDT,0.04589,3047,0.04588,10960,0.0459,127,0.04591,7112
1753547050300,16:24:10.300,ACT/USDT:USDT,0.04589,3047,0.04588,13531,0.0459,127,0.04591,7112
1753547050704,16:24:10.704,ACT/USDT:USDT,0.04589,3047,0.04588,9935,0.0459,127,0.04591,7112
1753547050798,16:24:10.798,ACT/USDT:USDT,0.04589,3047,0.04588,7364,0.0459,127,0.04591,7112
1753547051198,16:24:11.198,ACT/USDT:USDT,0.04589,3047,0.04588,7364,0.0459,127,0.04591,7112
1753547051297,16:24:11.297,ACT/USDT:USDT,0.04589,3047,0.04588,7364,0.0459,127,0.04591,8651
1753547051699,16:24:11.699,ACT/USDT:USDT,0.04589,3047,0.04588,7364,0.0459,127,0.04591,8651
1753547051798,16:24:11.798,ACT/USDT:USDT,0.04589,3047,0.04588,7364,0.0459,127,0.04591,9885
1753547052200,16:24:12.200,ACT/USDT:USDT,0.04589,3047,0.04588,7364,0.0459,127,0.04591,9885
1753547052301,16:24:12.301,ACT/USDT:USDT,0.04589,3047,0.04588,7364,0.0459,127,0.04591,7112
1753547052702,16:24:12.702,ACT/USDT:USDT,0.04589,3047,0.04588,7364,0.0459,127,0.04591,7112
1753547052798,16:24:12.798,ACT/USDT:USDT,0.04589,3047,0.04588,7364,0.0459,127,0.04591,7112
1753547053178,16:24:13.178,ACT/USDT:USDT,0.04589,3047,0.04588,7364,0.0459,127,0.04591,7112
1753547053299,16:24:13.299,ACT/USDT:USDT,0.04589,3047,0.04588,7364,0.0459,127,0.04591,7112
1753547053703,16:24:13.703,ACT/USDT:USDT,0.04589,3047,0.04588,7364,0.0459,127,0.04591,7112
1753547053798,16:24:13.798,ACT/USDT:USDT,0.04589,3047,0.04588,7364,0.0459,127,0.04591,7112
1753547054202,16:24:14.202,ACT/USDT:USDT,0.04589,3047,0.04588,7364,0.0459,127,0.04591,7112
1753547054299,16:24:14.299,ACT/USDT:USDT,0.04589,3047,0.04588,7364,0.0459,127,0.04591,12047
1753547054699,16:24:14.699,ACT/USDT:USDT,0.04589,3047,0.04588,7364,0.0459,127,0.04591,12047
1753547054800,16:24:14.800,ACT/USDT:USDT,0.04589,3047,0.04588,9453,0.0459,127,0.04591,9587
1753547055199,16:24:15.199,ACT/USDT:USDT,0.04589,3047,0.04588,9453,0.0459,127,0.04591,9587
1753547055313,16:24:15.313,ACT/USDT:USDT,0.04589,3276,0.04588,7679,0.0459,113,0.04591,3685
1753547055797,16:24:15.797,ACT/USDT:USDT,0.04589,3276,0.04588,7679,0.0459,113,0.04591,3685
1753547055799,16:24:15.799,ACT/USDT:USDT,0.04589,3276,0.04588,7679,0.0459,113,0.04591,4486
1753547056202,16:24:16.202,ACT/USDT:USDT,0.04589,3276,0.04588,7679,0.0459,113,0.04591,3685
1753547056304,16:24:16.304,ACT/USDT:USDT,0.04589,3276,0.04588,7679,0.0459,113,0.04591,4780
1753547056704,16:24:16.704,ACT/USDT:USDT,0.04589,3276,0.04588,7679,0.0459,113,0.04591,4780
1753547056800,16:24:16.800,ACT/USDT:USDT,0.04589,3276,0.04588,7679,0.0459,113,0.04591,3685
1753547057201,16:24:17.201,ACT/USDT:USDT,0.04589,3276,0.04588,7679,0.0459,113,0.04591,3685
1753547057300,16:24:17.300,ACT/USDT:USDT,0.04589,3276,0.04588,10937,0.0459,113,0.04591,3685
1753547057699,16:24:17.699,ACT/USDT:USDT,0.04589,3276,0.04588,10937,0.0459,113,0.04591,3685
1753547057800,16:24:17.800,ACT/USDT:USDT,0.04589,3276,0.04588,10944,0.0459,113,0.04591,3685
1753547058200,16:24:18.200,ACT/USDT:USDT,0.04589,3276,0.04588,7679,0.0459,113,0.04591,3685
1753547058302,16:24:18.302,ACT/USDT:USDT,0.04589,3276,0.04588,7679,0.0459,113,0.04591,4591
1753547058700,16:24:18.700,ACT/USDT:USDT,0.04589,3276,0.04588,7679,0.0459,113,0.04591,4591
1753547058801,16:24:18.801,ACT/USDT:USDT,0.04589,3276,0.04588,7679,0.0459,113,0.04591,3685
1753547059184,16:24:19.184,ACT/USDT:USDT,0.04589,3276,0.04588,7679,0.0459,113,0.04591,3685
1753547059300,16:24:19.300,ACT/USDT:USDT,0.04589,3276,0.04588,7679,0.0459,113,0.04591,3685
1753547059701,16:24:19.701,ACT/USDT:USDT,0.04589,3276,0.04588,7679,0.0459,113,0.04591,3685
1753547059805,16:24:19.805,ACT/USDT:USDT,0.04589,3276,0.04588,7679,0.0459,113,0.04591,4686
1753547060207,16:24:20.207,ACT/USDT:USDT,0.04589,3276,0.04588,7679,0.0459,113,0.04591,4686
1753547060299,16:24:20.299,ACT/USDT:USDT,0.04589,3276,0.04588,9171,0.0459,113,0.04591,3685
1753547060701,16:24:20.701,ACT/USDT:USDT,0.04589,3276,0.04588,9171,0.0459,113,0.04591,3685
1753547060801,16:24:20.801,ACT/USDT:USDT,0.04589,3276,0.04588,7679,0.0459,113,0.04591,3685
1753547061201,16:24:21.201,ACT/USDT:USDT,0.04589,3276,0.04588,7679,0.0459,113,0.04591,3685
1753547061310,16:24:21.310,ACT/USDT:USDT,0.04589,2312,0.04588,9024,0.0459,1292,0.04591,4345
1753547061798,16:24:21.798,ACT/USDT:USDT,0.04589,2312,0.04588,9024,0.0459,1292,0.04591,4345
1753547061803,16:24:21.803,ACT/USDT:USDT,0.04589,2312,0.04588,9024,0.0459,1292,0.04591,4345
1753547062201,16:24:22.201,ACT/USDT:USDT,0.04589,2312,0.04588,9024,0.0459,1292,0.04591,4345
1753547062306,16:24:22.306,ACT/USDT:USDT,0.04589,2312,0.04588,9024,0.0459,1292,0.04591,4345
1753547062701,16:24:22.701,ACT/USDT:USDT,0.04589,2312,0.04588,9024,0.0459,1292,0.04591,4345
1753547062801,16:24:22.801,ACT/USDT:USDT,0.04589,2312,0.04588,9024,0.0459,1292,0.04591,4345
1753547063200,16:24:23.200,ACT/USDT:USDT,0.04589,2312,0.04588,9024,0.0459,1292,0.04591,4345
1753547063302,16:24:23.302,ACT/USDT:USDT,0.04589,2312,0.04588,12555,0.0459,1292,0.04591,4814
1753547063615,16:24:23.615,ACT/USDT:USDT,0.04589,2312,0.04588,12555,0.0459,1292,0.04591,4814
1753547063804,16:24:23.804,ACT/USDT:USDT,0.04589,2312,0.04588,9024,0.0459,1292,0.04591,4345
1753547064201,16:24:24.201,ACT/USDT:USDT,0.04589,2312,0.04588,9024,0.0459,1292,0.04591,4345
1753547064368,16:24:24.368,ACT/USDT:USDT,0.04589,2312,0.04588,9024,0.0459,1292,0.04591,4345
1753547064703,16:24:24.703,ACT/USDT:USDT,0.04589,2312,0.04588,9024,0.0459,1292,0.04591,4345
1753547064803,16:24:24.803,ACT/USDT:USDT,0.04589,2312,0.04588,9024,0.0459,1292,0.04591,6491
1753547065203,16:24:25.203,ACT/USDT:USDT,0.04589,2312,0.04588,9024,0.0459,1292,0.04591,6491
1753547065303,16:24:25.303,ACT/USDT:USDT,0.04589,2312,0.04588,9024,0.0459,1292,0.04591,5377
1753547065701,16:24:25.701,ACT/USDT:USDT,0.04589,2312,0.04588,9024,0.0459,1292,0.04591,5377
1753547065803,16:24:25.803,ACT/USDT:USDT,0.04589,2312,0.04588,9024,0.0459,1292,0.04591,4345
1753547066206,16:24:26.206,ACT/USDT:USDT,0.04589,2312,0.04588,9024,0.0459,1292,0.04591,4345
1753547066304,16:24:26.304,ACT/USDT:USDT,0.04589,2312,0.04588,9024,0.0459,1292,0.04591,4345
1753547066703,16:24:26.703,ACT/USDT:USDT,0.04589,2312,0.04588,9024,0.0459,1292,0.04591,4345
1753547066804,16:24:26.804,ACT/USDT:USDT,0.04589,2312,0.04588,12010,0.0459,1292,0.04591,5120
1753547067202,16:24:27.202,ACT/USDT:USDT,0.04589,2312,0.04588,12010,0.0459,1292,0.04591,5120
1753547067313,16:24:27.313,ACT/USDT:USDT,0.04589,3715,0.04588,5132,0.0459,3640,0.04591,5742
1753547067800,16:24:27.800,ACT/USDT:USDT,0.04589,3715,0.04588,5132,0.0459,3640,0.04591,5742
1753547067803,16:24:27.803,ACT/USDT:USDT,0.04589,3715,0.04588,5685,0.0459,3640,0.04591,5742
1753547068202,16:24:28.202,ACT/USDT:USDT,0.04589,3715,0.04588,5685,0.0459,3640,0.04591,5742
1753547068306,16:24:28.306,ACT/USDT:USDT,0.04589,3715,0.04588,7651,0.0459,3640,0.04591,5742
1753547068703,16:24:28.703,ACT/USDT:USDT,0.04589,3715,0.04588,7651,0.0459,3640,0.04591,5742
1753547068803,16:24:28.803,ACT/USDT:USDT,0.04589,3715,0.04588,5132,0.0459,3640,0.04591,5742
1753547069203,16:24:29.203,ACT/USDT:USDT,0.04589,3715,0.04588,5132,0.0459,3640,0.04591,5742
1753547069304,16:24:29.304,ACT/USDT:USDT,0.04589,3715,0.04588,5132,0.0459,3640,0.04591,5742
1753547069616,16:24:29.616,ACT/USDT:USDT,0.04589,3715,0.04588,5132,0.0459,3640,0.04591,5742
1753547069804,16:24:29.804,ACT/USDT:USDT,0.04589,3715,0.04588,5132,0.0459,3640,0.04591,5742
1753547070203,16:24:30.203,ACT/USDT:USDT,0.04589,3715,0.04588,5132,0.0459,3640,0.04591,5742
1753547070304,16:24:30.304,ACT/USDT:USDT,0.04589,3715,0.04588,5132,0.0459,3640,0.04591,8017
1753547070704,16:24:30.704,ACT/USDT:USDT,0.04589,3715,0.04588,5132,0.0459,3640,0.04591,8017
1753547070803,16:24:30.803,ACT/USDT:USDT,0.04589,3715,0.04588,6503,0.0459,3640,0.04591,11244
1753547071206,16:24:31.206,ACT/USDT:USDT,0.04589,3715,0.04588,6503,0.0459,3640,0.04591,8564
1753547071303,16:24:31.303,ACT/USDT:USDT,0.04589,3715,0.04588,6472,0.0459,3640,0.04591,7891
1753547071704,16:24:31.704,ACT/USDT:USDT,0.04589,3715,0.04588,6472,0.0459,3640,0.04591,7891
1753547071805,16:24:31.805,ACT/USDT:USDT,0.04589,3715,0.04588,5985,0.0459,3640,0.04591,10712
1753547072203,16:24:32.203,ACT/USDT:USDT,0.04589,3715,0.04588,5132,0.0459,3640,0.04591,10712
1753547072305,16:24:32.305,ACT/USDT:USDT,0.04589,3715,0.04588,5132,0.0459,3640,0.04591,5742
1753547072703,16:24:32.703,ACT/USDT:USDT,0.04589,3715,0.04588,5132,0.0459,3640,0.04591,5742
1753547072804,16:24:32.804,ACT/USDT:USDT,0.04589,3715,0.04588,5132,0.0459,3640,0.04591,5742
1753547073181,16:24:33.181,ACT/USDT:USDT,0.04589,3715,0.04588,5132,0.0459,3640,0.04591,5742
1753547073304,16:24:33.304,ACT/USDT:USDT,0.04591,8375,0.0459,3899,0.04593,22987,0.04594,20142
1753547073705,16:24:33.705,ACT/USDT:USDT,0.04591,8375,0.0459,3415,0.04593,22987,0.04594,20142
1753547073804,16:24:33.804,ACT/USDT:USDT,0.04591,8375,0.0459,3415,0.04593,22987,0.04594,20455
1753547074203,16:24:34.203,ACT/USDT:USDT,0.04591,8375,0.0459,3415,0.04593,22987,0.04594,20455
1753547074303,16:24:34.303,ACT/USDT:USDT,0.04591,8375,0.0459,4687,0.04593,22987,0.04594,20142
1753547074705,16:24:34.705,ACT/USDT:USDT,0.04591,8375,0.0459,4687,0.04593,22987,0.04594,20142
1753547074807,16:24:34.807,ACT/USDT:USDT,0.04591,8375,0.0459,5355,0.04593,22987,0.04594,20142
1753547075203,16:24:35.203,ACT/USDT:USDT,0.04591,8375,0.0459,4500,0.04593,22987,0.04594,20142
1753547075306,16:24:35.306,ACT/USDT:USDT,0.04591,8375,0.0459,3415,0.04593,22987,0.04594,20762
1753547075617,16:24:35.617,ACT/USDT:USDT,0.04591,8375,0.0459,3415,0.04593,22987,0.04594,20762
1753547075805,16:24:35.805,ACT/USDT:USDT,0.04591,8375,0.0459,3415,0.04593,22987,0.04594,20142
1753547076205,16:24:36.205,ACT/USDT:USDT,0.04591,8375,0.0459,3415,0.04593,22987,0.04594,20142
1753547076365,16:24:36.365,ACT/USDT:USDT,0.04591,8375,0.0459,3415,0.04593,22987,0.04594,20142
1753547076466,16:24:36.466,ACT/USDT:USDT,0.04591,8375,0.0459,3415,0.04593,22987,0.04594,20142
1753547076804,16:24:36.804,ACT/USDT:USDT,0.04591,8375,0.0459,3415,0.04593,22987,0.04594,20142
1753547077207,16:24:37.207,ACT/USDT:USDT,0.04591,8375,0.0459,3415,0.04593,22987,0.04594,20142
1753547077305,16:24:37.305,ACT/USDT:USDT,0.04591,8375,0.0459,3415,0.04593,22987,0.04594,20142
1753547077708,16:24:37.708,ACT/USDT:USDT,0.04591,8375,0.0459,3415,0.04593,22987,0.04594,20142
1753547077805,16:24:37.805,ACT/USDT:USDT,0.04591,8375,0.0459,4051,0.04593,22987,0.04594,20142
1753547078206,16:24:38.206,ACT/USDT:USDT,0.04591,8375,0.0459,4051,0.04593,22987,0.04594,20142
1753547078316,16:24:38.316,ACT/USDT:USDT,0.04592,5609,0.04591,3849,0.04593,14368,0.04594,16895
1753547078803,16:24:38.803,ACT/USDT:USDT,0.04592,5609,0.04591,3849,0.04593,14368,0.04594,16895
1753547078805,16:24:38.805,ACT/USDT:USDT,0.04592,5609,0.04591,5639,0.04593,14368,0.04594,16895
1753547079207,16:24:39.207,ACT/USDT:USDT,0.04592,5609,0.04591,5639,0.04593,14368,0.04594,16895
1753547079309,16:24:39.309,ACT/USDT:USDT,0.04592,5609,0.04591,4615,0.04593,14368,0.04594,16895
1753547079707,16:24:39.707,ACT/USDT:USDT,0.04592,5609,0.04591,4615,0.04593,14368,0.04594,16895
1753547079806,16:24:39.806,ACT/USDT:USDT,0.04592,5609,0.04591,4810,0.04593,14368,0.04594,16895
1753547080206,16:24:40.206,ACT/USDT:USDT,0.04592,5609,0.04591,3849,0.04593,14368,0.04594,16895
1753547080305,16:24:40.305,ACT/USDT:USDT,0.04592,5609,0.04591,3849,0.04593,14368,0.04594,22365
1753547080706,16:24:40.706,ACT/USDT:USDT,0.04592,5609,0.04591,3849,0.04593,14368,0.04594,22365
1753547080807,16:24:40.807,ACT/USDT:USDT,0.04592,5609,0.04591,4751,0.04593,14368,0.04594,16895
1753547081206,16:24:41.206,ACT/USDT:USDT,0.04592,5609,0.04591,4751,0.04593,14368,0.04594,16895
1753547081307,16:24:41.307,ACT/USDT:USDT,0.04592,5609,0.04591,3849,0.04593,14368,0.04594,16895
1753547081618,16:24:41.618,ACT/USDT:USDT,0.04592,5609,0.04591,3849,0.04593,14368,0.04594,16895
1753547081808,16:24:41.808,ACT/USDT:USDT,0.04592,5609,0.04591,5060,0.04593,14368,0.04594,16895
1753547082206,16:24:42.206,ACT/USDT:USDT,0.04592,5609,0.04591,5060,0.04593,14368,0.04594,16895
1753547082306,16:24:42.306,ACT/USDT:USDT,0.04592,5609,0.04591,3849,0.04593,14368,0.04594,16895
1753547082706,16:24:42.706,ACT/USDT:USDT,0.04592,5609,0.04591,3849,0.04593,14368,0.04594,16895
1753547082806,16:24:42.806,ACT/USDT:USDT,0.04592,5609,0.04591,3849,0.04593,14368,0.04594,16895
1753547083207,16:24:43.207,ACT/USDT:USDT,0.04592,5609,0.04591,3849,0.04593,14368,0.04594,16895
1753547083309,16:24:43.309,ACT/USDT:USDT,0.04592,5609,0.04591,4451,0.04593,14368,0.04594,24636
1753547083707,16:24:43.707,ACT/USDT:USDT,0.04592,5609,0.04591,4451,0.04593,14368,0.04594,24636
1753547083807,16:24:43.807,ACT/USDT:USDT,0.04592,5609,0.04591,3849,0.04593,14368,0.04594,16895
1753547084207,16:24:44.207,ACT/USDT:USDT,0.04592,5609,0.04591,3849,0.04593,14368,0.04594,16895
1753547084316,16:24:44.316,ACT/USDT:USDT,0.04592,5444,0.04591,5738,0.04593,24550,0.04594,12904
1753547084805,16:24:44.805,ACT/USDT:USDT,0.04592,5444,0.04591,5738,0.04593,24550,0.04594,12904
1753547084808,16:24:44.808,ACT/USDT:USDT,0.04592,5444,0.04591,5738,0.04593,24550,0.04594,12904
1753547085207,16:24:45.207,ACT/USDT:USDT,0.04592,5444,0.04591,5738,0.04593,24550,0.04594,12904
1753547085308,16:24:45.308,ACT/USDT:USDT,0.04592,5444,0.04591,5738,0.04593,24550,0.04594,14659
1753547085708,16:24:45.708,ACT/USDT:USDT,0.04592,5444,0.04591,5738,0.04593,24550,0.04594,14659
1753547085808,16:24:45.808,ACT/USDT:USDT,0.04592,5444,0.04591,5738,0.04593,24550,0.04594,12904
1753547086208,16:24:46.208,ACT/USDT:USDT,0.04592,5444,0.04591,5738,0.04593,24550,0.04594,12904
1753547086308,16:24:46.308,ACT/USDT:USDT,0.04592,5444,0.04591,6472,0.04593,24550,0.04594,12904
1753547086707,16:24:46.707,ACT/USDT:USDT,0.04592,5444,0.04591,6472,0.04593,24550,0.04594,12904
1753547086810,16:24:46.810,ACT/USDT:USDT,0.04592,5444,0.04591,8766,0.04593,24550,0.04594,12904
1753547087208,16:24:47.208,ACT/USDT:USDT,0.04592,5444,0.04591,6808,0.04593,24550,0.04594,12904
1753547087309,16:24:47.309,ACT/USDT:USDT,0.04592,5444,0.04591,5738,0.04593,24550,0.04594,16968
1753547087623,16:24:47.623,ACT/USDT:USDT,0.04592,5444,0.04591,5738,0.04593,24550,0.04594,16968
1753547087809,16:24:47.809,ACT/USDT:USDT,0.04592,5444,0.04591,6355,0.04593,24550,0.04594,12904
1753547088207,16:24:48.207,ACT/USDT:USDT,0.04592,5444,0.04591,6355,0.04593,24550,0.04594,12904
1753547088309,16:24:48.309,ACT/USDT:USDT,0.04592,5444,0.04591,5738,0.04593,24550,0.04594,12904
1753547088711,16:24:48.711,ACT/USDT:USDT,0.04592,5444,0.04591,5738,0.04593,24550,0.04594,12904
1753547088810,16:24:48.810,ACT/USDT:USDT,0.04592,5444,0.04591,5738,0.04593,24550,0.04594,12904
1753547089209,16:24:49.209,ACT/USDT:USDT,0.04592,5444,0.04591,5738,0.04593,24550,0.04594,12904
1753547089311,16:24:49.311,ACT/USDT:USDT,0.04592,5444,0.04591,5738,0.04593,24550,0.04594,15745
1753547089713,16:24:49.713,ACT/USDT:USDT,0.04592,5444,0.04591,5738,0.04593,24550,0.04594,12904
1753547089809,16:24:49.809,ACT/USDT:USDT,0.04592,5444,0.04591,5738,0.04593,24550,0.04594,12904
1753547090210,16:24:50.210,ACT/USDT:USDT,0.04592,5444,0.04591,5738,0.04593,24550,0.04594,12904
1753547090317,16:24:50.317,ACT/USDT:USDT,0.04592,8318,0.04591,4068,0.04593,21301,0.04594,18515
1753547090806,16:24:50.806,ACT/USDT:USDT,0.04592,8318,0.04591,4068,0.04593,21301,0.04594,18515
1753547090809,16:24:50.809,ACT/USDT:USDT,0.04592,8318,0.04591,4068,0.04593,21301,0.04594,18515
1753547091210,16:24:51.210,ACT/USDT:USDT,0.04592,8318,0.04591,4068,0.04593,21301,0.04594,18515
1753547091308,16:24:51.308,ACT/USDT:USDT,0.04592,8318,0.04591,4918,0.04593,21301,0.04594,21793
1753547091710,16:24:51.710,ACT/USDT:USDT,0.04592,8318,0.04591,4918,0.04593,21301,0.04594,21793
1753547091810,16:24:51.810,ACT/USDT:USDT,0.04592,8318,0.04591,5901,0.04593,21301,0.04594,18515
1753547092210,16:24:52.210,ACT/USDT:USDT,0.04592,8318,0.04591,4068,0.04593,21301,0.04594,18515
1753547092308,16:24:52.308,ACT/USDT:USDT,0.04592,8318,0.04591,4068,0.04593,21301,0.04594,18515
1753547092710,16:24:52.710,ACT/USDT:USDT,0.04592,8318,0.04591,4068,0.04593,21301,0.04594,18515
1753547092810,16:24:52.810,ACT/USDT:USDT,0.04592,8318,0.04591,4068,0.04593,21301,0.04594,18515
1753547093210,16:24:53.210,ACT/USDT:USDT,0.04592,8318,0.04591,4068,0.04593,21301,0.04594,18515
1753547093317,16:24:53.317,ACT/USDT:USDT,0.04592,8318,0.04591,4068,0.04593,21301,0.04594,18515
1753547093623,16:24:53.623,ACT/USDT:USDT,0.04592,8318,0.04591,4068,0.04593,21301,0.04594,18515
1753547093811,16:24:53.811,ACT/USDT:USDT,0.04592,8318,0.04591,4865,0.04593,21301,0.04594,24884
1753547094213,16:24:54.213,ACT/USDT:USDT,0.04592,8318,0.04591,4865,0.04593,21301,0.04594,24884
1753547094309,16:24:54.309,ACT/USDT:USDT,0.04592,8318,0.04591,5825,0.04593,21301,0.04594,18515
1753547094715,16:24:54.715,ACT/USDT:USDT,0.04592,8318,0.04591,5825,0.04593,21301,0.04594,18515
1753547094811,16:24:54.811,ACT/USDT:USDT,0.04592,8318,0.04591,4068,0.04593,21301,0.04594,25755
1753547095213,16:24:55.213,ACT/USDT:USDT,0.04592,8318,0.04591,4068,0.04593,21301,0.04594,18515
1753547095310,16:24:55.310,ACT/USDT:USDT,0.04592,8318,0.04591,5734,0.04593,21301,0.04594,18515
1753547095714,16:24:55.714,ACT/USDT:USDT,0.04592,8318,0.04591,5734,0.04593,21301,0.04594,18515
1753547095811,16:24:55.811,ACT/USDT:USDT,0.04592,8318,0.04591,6622,0.04593,21301,0.04594,26737
1753547096212,16:24:56.212,ACT/USDT:USDT,0.04592,8318,0.04591,6000,0.04593,21301,0.04594,26737
1753547096319,16:24:56.319,ACT/USDT:USDT,0.04592,5399,0.04591,3785,0.04593,14135,0.04594,17529
1753547096810,16:24:56.810,ACT/USDT:USDT,0.04592,5399,0.04591,3785,0.04593,14135,0.04594,25494
1753547096811,16:24:56.811,ACT/USDT:USDT,0.04592,5399,0.04591,4417,0.04593,14135,0.04594,25494
1753547097214,16:24:57.214,ACT/USDT:USDT,0.04592,5399,0.04591,4417,0.04593,14135,0.04594,25494
1753547097311,16:24:57.311,ACT/USDT:USDT,0.04592,5399,0.04591,3785,0.04593,14135,0.04594,17529
1753547097713,16:24:57.713,ACT/USDT:USDT,0.04592,5399,0.04591,3785,0.04593,14135,0.04594,17529
1753547097882,16:24:57.882,ACT/USDT:USDT,0.04592,5399,0.04591,3785,0.04593,14135,0.04594,25521
1753547098285,16:24:58.285,ACT/USDT:USDT,0.04592,5399,0.04591,3785,0.04593,14135,0.04594,25521
1753547098382,16:24:58.382,ACT/USDT:USDT,0.04592,5399,0.04591,4892,0.04593,14135,0.04594,19680
1753547098783,16:24:58.783,ACT/USDT:USDT,0.04592,5399,0.04591,4892,0.04593,14135,0.04594,17529
1753547098882,16:24:58.882,ACT/USDT:USDT,0.04592,5399,0.04591,3785,0.04593,14135,0.04594,24797
1753547099285,16:24:59.285,ACT/USDT:USDT,0.04592,5399,0.04591,3785,0.04593,14135,0.04594,17529
1753547099382,16:24:59.382,ACT/USDT:USDT,0.04592,5399,0.04591,3785,0.04593,14135,0.04594,20544
1753547099785,16:24:59.785,ACT/USDT:USDT,0.04592,5399,0.04591,3785,0.04593,14135,0.04594,17529
1753547099882,16:24:59.882,ACT/USDT:USDT,0.04592,5399,0.04591,5044,0.04593,14135,0.04594,17529
1753547100286,16:25:00.286,ACT/USDT:USDT,0.04592,5399,0.04591,5044,0.04593,14135,0.04594,17529
1753547100395,16:25:00.395,ACT/USDT:USDT,0.04592,5399,0.04591,4427,0.04593,14135,0.04594,17529
1753547100786,16:25:00.786,ACT/USDT:USDT,0.04592,5399,0.04591,4427,0.04593,14135,0.04594,17529
1753547100883,16:25:00.883,ACT/USDT:USDT,0.04592,5399,0.04591,3785,0.04593,14135,0.04594,17529
1753547101287,16:25:01.287,ACT/USDT:USDT,0.04592,5399,0.04591,3785,0.04593,14135,0.04594,17529
1753547101383,16:25:01.383,ACT/USDT:USDT,0.04592,5399,0.04591,3785,0.04593,14135,0.04594,25658
1753547101789,16:25:01.789,ACT/USDT:USDT,0.04592,5399,0.04591,3785,0.04593,14135,0.04594,17529
1753547101884,16:25:01.884,ACT/USDT:USDT,0.04592,5399,0.04591,3785,0.04593,14135,0.04594,17529
1753547102288,16:25:02.288,ACT/USDT:USDT,0.04592,5399,0.04591,3785,0.04593,14135,0.04594,17529
1753547102384,16:25:02.384,ACT/USDT:USDT,0.04591,1723,0.0459,5211,0.04592,3007,0.04593,43660
1753547102787,16:25:02.787,ACT/USDT:USDT,0.04591,1723,0.0459,5211,0.04592,3007,0.04593,31510
1753547102885,16:25:02.885,ACT/USDT:USDT,0.04591,1723,0.0459,5211,0.04592,3007,0.04593,39122
1753547103287,16:25:03.287,ACT/USDT:USDT,0.04591,1723,0.0459,5211,0.04592,3007,0.04593,39122
1753547103384,16:25:03.384,ACT/USDT:USDT,0.04591,1723,0.0459,5211,0.04592,3007,0.04593,31510
1753547103782,16:25:03.782,ACT/USDT:USDT,0.04591,1723,0.0459,5211,0.04592,3007,0.04593,31510
1753547103882,16:25:03.882,ACT/USDT:USDT,0.04593,1680,0.04592,6016,0.04595,9488,0.04596,25411
1753547104286,16:25:04.286,ACT/USDT:USDT,0.04593,1680,0.04592,6016,0.04595,9488,0.04596,25411
1753547104384,16:25:04.384,ACT/USDT:USDT,0.04593,1680,0.04592,8275,0.04595,9488,0.04596,25411
1753547104786,16:25:04.786,ACT/USDT:USDT,0.04593,1680,0.04592,8275,0.04595,9488,0.04596,25411
1753547104886,16:25:04.886,ACT/USDT:USDT,0.04593,1680,0.04592,8580,0.04595,9488,0.04596,31651
1753547105286,16:25:05.286,ACT/USDT:USDT,0.04593,1680,0.04592,6016,0.04595,9488,0.04596,31651
1753547105391,16:25:05.391,ACT/USDT:USDT,0.04593,1680,0.04592,8056,0.04595,9488,0.04596,25411
1753547105789,16:25:05.789,ACT/USDT:USDT,0.04593,1680,0.04592,8056,0.04595,9488,0.04596,25411
1753547105887,16:25:05.887,ACT/USDT:USDT,0.04593,1680,0.04592,6016,0.04595,9488,0.04596,30967
1753547106074,16:25:06.074,ACT/USDT:USDT,0.04591,1723,0.0459,5211,0.04592,3317,0.04593,4970
1753547106395,16:25:06.395,ACT/USDT:USDT,0.04591,1723,0.0459,5211,0.04592,3317,0.04593,4970
1753547106789,16:25:06.789,ACT/USDT:USDT,0.04591,1723,0.0459,5211,0.04592,3317,0.04593,4970
1753547106885,16:25:06.885,ACT/USDT:USDT,0.04591,1723,0.0459,6709,0.04592,3317,0.04593,4970
1753547107287,16:25:07.287,ACT/USDT:USDT,0.04591,1723,0.0459,6709,0.04592,3317,0.04593,4970
1753547107386,16:25:07.386,ACT/USDT:USDT,0.04591,1723,0.0459,5211,0.04592,3317,0.04593,4970
1753547107790,16:25:07.790,ACT/USDT:USDT,0.04591,1723,0.0459,5211,0.04592,3317,0.04593,4970
1753547107886,16:25:07.886,ACT/USDT:USDT,0.04591,1723,0.0459,6212,0.04592,3317,0.04593,5973
1753547108288,16:25:08.288,ACT/USDT:USDT,0.04591,1723,0.0459,5211,0.04592,3317,0.04593,5973
1753547108385,16:25:08.385,ACT/USDT:USDT,0.04591,1723,0.0459,5211,0.04592,3317,0.04593,4970
1753547108789,16:25:08.789,ACT/USDT:USDT,0.04591,1723,0.0459,5211,0.04592,3317,0.04593,4970
1753547108892,16:25:08.892,ACT/USDT:USDT,0.04591,1723,0.0459,5211,0.04592,3317,0.04593,4970
1753547109293,16:25:09.293,ACT/USDT:USDT,0.04591,1723,0.0459,5211,0.04592,3317,0.04593,4970
1753547109387,16:25:09.387,ACT/USDT:USDT,0.04591,1723,0.0459,5211,0.04592,3317,0.04593,4970
1753547109790,16:25:09.790,ACT/USDT:USDT,0.04591,1723,0.0459,5211,0.04592,3317,0.04593,4970
1753547109887,16:25:09.887,ACT/USDT:USDT,0.04591,1723,0.0459,7472,0.04592,3317,0.04593,6195
1753547110291,16:25:10.291,ACT/USDT:USDT,0.04591,1723,0.0459,7472,0.04592,3317,0.04593,6195
1753547110387,16:25:10.387,ACT/USDT:USDT,0.04591,1723,0.0459,6169,0.04592,3317,0.04593,4970
1753547110789,16:25:10.789,ACT/USDT:USDT,0.04591,1723,0.0459,6169,0.04592,3317,0.04593,4970
1753547110888,16:25:10.888,ACT/USDT:USDT,0.04591,1723,0.0459,5211,0.04592,3317,0.04593,4970
1753547111291,16:25:11.291,ACT/USDT:USDT,0.04591,1723,0.0459,5211,0.04592,3317,0.04593,4970
1753547111413,16:25:11.413,ACT/USDT:USDT,0.04589,5940,0.04588,5613,0.0459,2083,0.04591,5324
1753547111791,16:25:11.791,ACT/USDT:USDT,0.04589,5940,0.04588,5613,0.0459,2083,0.04591,5324
1753547111888,16:25:11.888,ACT/USDT:USDT,0.04589,5940,0.04588,4240,0.0459,2083,0.04591,5324
1753547112290,16:25:12.290,ACT/USDT:USDT,0.04589,5940,0.04588,4240,0.0459,2083,0.04591,5324
1753547112389,16:25:12.389,ACT/USDT:USDT,0.04589,5940,0.04588,4240,0.0459,2083,0.04591,7485
1753547112791,16:25:12.791,ACT/USDT:USDT,0.04589,5940,0.04588,4240,0.0459,2083,0.04591,7485
1753547112888,16:25:12.888,ACT/USDT:USDT,0.04589,5940,0.04588,6647,0.0459,2083,0.04591,9020
1753547113293,16:25:13.293,ACT/USDT:USDT,0.04589,5940,0.04588,4767,0.0459,2083,0.04591,9020
1753547113390,16:25:13.390,ACT/USDT:USDT,0.04589,5940,0.04588,5521,0.0459,2083,0.04591,6907
1753547113793,16:25:13.793,ACT/USDT:USDT,0.04589,5940,0.04588,5521,0.0459,2083,0.04591,5324
1753547113889,16:25:13.889,ACT/USDT:USDT,0.04589,5940,0.04588,4240,0.0459,2083,0.04591,5324
1753547114292,16:25:14.292,ACT/USDT:USDT,0.04589,5940,0.04588,4240,0.0459,2083,0.04591,5324
1753547114391,16:25:14.391,ACT/USDT:USDT,0.04589,5940,0.04588,4240,0.0459,2083,0.04591,5324
1753547114792,16:25:14.792,ACT/USDT:USDT,0.04589,5940,0.04588,4240,0.0459,2083,0.04591,5324
1753547114890,16:25:14.890,ACT/USDT:USDT,0.04589,5940,0.04588,4240,0.0459,2083,0.04591,5324
1753547115293,16:25:15.293,ACT/USDT:USDT,0.04589,5940,0.04588,4240,0.0459,2083,0.04591,5324
1753547115390,16:25:15.390,ACT/USDT:USDT,0.04589,5940,0.04588,5092,0.0459,2083,0.04591,7456
1753547115792,16:25:15.792,ACT/USDT:USDT,0.04589,5940,0.04588,4240,0.0459,2083,0.04591,7456
1753547115891,16:25:15.891,ACT/USDT:USDT,0.04589,5940,0.04588,5071,0.0459,2083,0.04591,5324
1753547116294,16:25:16.294,ACT/USDT:USDT,0.04589,5940,0.04588,5071,0.0459,2083,0.04591,5324
1753547116390,16:25:16.390,ACT/USDT:USDT,0.04589,5940,0.04588,4240,0.0459,2083,0.04591,5324
1753547116793,16:25:16.793,ACT/USDT:USDT,0.04589,5940,0.04588,4240,0.0459,2083,0.04591,5324
1753547116891,16:25:16.891,ACT/USDT:USDT,0.04589,5940,0.04588,4240,0.0459,2083,0.04591,7783
1753547117293,16:25:17.293,ACT/USDT:USDT,0.04589,5940,0.04588,4240,0.0459,2083,0.04591,7783
1753547117393,16:25:17.393,ACT/USDT:USDT,0.04589,6441,0.04588,4668,0.0459,999,0.04591,5733
1753547117724,16:25:17.724,ACT/USDT:USDT,0.04589,6441,0.04588,4668,0.0459,999,0.04591,5733
1753547117892,16:25:17.892,ACT/USDT:USDT,0.04589,6441,0.04588,4668,0.0459,999,0.04591,5733
1753547118293,16:25:18.293,ACT/USDT:USDT,0.04589,6441,0.04588,4668,0.0459,999,0.04591,5733
1753547118464,16:25:18.464,ACT/USDT:USDT,0.04589,6441,0.04588,4668,0.0459,999,0.04591,7309
1753547118794,16:25:18.794,ACT/USDT:USDT,0.04589,6441,0.04588,4668,0.0459,999,0.04591,7309
1753547118894,16:25:18.894,ACT/USDT:USDT,0.04589,6441,0.04588,4668,0.0459,999,0.04591,5733
1753547119295,16:25:19.295,ACT/USDT:USDT,0.04589,6441,0.04588,4668,0.0459,999,0.04591,5733
1753547119392,16:25:19.392,ACT/USDT:USDT,0.04589,6441,0.04588,4668,0.0459,999,0.04591,7357
1753547119793,16:25:19.793,ACT/USDT:USDT,0.04589,6441,0.04588,4668,0.0459,999,0.04591,7357
1753547119892,16:25:19.892,ACT/USDT:USDT,0.04589,6441,0.04588,4668,0.0459,999,0.04591,5733
1753547120297,16:25:20.297,ACT/USDT:USDT,0.04589,6441,0.04588,4668,0.0459,999,0.04591,5733
1753547120393,16:25:20.393,ACT/USDT:USDT,0.04589,6441,0.04588,5987,0.0459,999,0.04591,5733
1753547120796,16:25:20.796,ACT/USDT:USDT,0.04589,6441,0.04588,5987,0.0459,999,0.04591,5733
1753547120894,16:25:20.894,ACT/USDT:USDT,0.04589,6441,0.04588,4668,0.0459,999,0.04591,5733
1753547121296,16:25:21.296,ACT/USDT:USDT,0.04589,6441,0.04588,4668,0.0459,999,0.04591,5733
1753547121394,16:25:21.394,ACT/USDT:USDT,0.04589,6441,0.04588,4668,0.0459,999,0.04591,7918
1753547121797,16:25:21.797,ACT/USDT:USDT,0.04589,6441,0.04588,4668,0.0459,999,0.04591,7918
1753547121894,16:25:21.894,ACT/USDT:USDT,0.04589,6441,0.04588,5609,0.0459,999,0.04591,9035
1753547122296,16:25:22.296,ACT/USDT:USDT,0.04589,6441,0.04588,5609,0.0459,999,0.04591,7894
1753547122395,16:25:22.395,ACT/USDT:USDT,0.04589,6441,0.04588,5561,0.0459,999,0.04591,7667
1753547122797,16:25:22.797,ACT/USDT:USDT,0.04589,6441,0.04588,5561,0.0459,999,0.04591,7667
1753547122898,16:25:22.898,ACT/USDT:USDT,0.04589,6441,0.04588,4668,0.0459,999,0.04591,6634
1753547123315,16:25:23.315,ACT/USDT:USDT,0.04589,6441,0.04588,4668,0.0459,999,0.04591,6634
1753547123397,16:25:23.397,ACT/USDT:USDT,0.04589,5878,0.04588,4382,0.0459,1005,0.04591,5470
1753547123715,16:25:23.715,ACT/USDT:USDT,0.04589,5878,0.04588,4382,0.0459,1005,0.04591,5470
1753547123897,16:25:23.897,ACT/USDT:USDT,0.04589,5878,0.04588,6037,0.0459,1005,0.04591,7303
1753547124299,16:25:24.299,ACT/USDT:USDT,0.04589,5878,0.04588,6037,0.0459,1005,0.04591,7303
1753547124398,16:25:24.398,ACT/USDT:USDT,0.04589,5878,0.04588,4382,0.0459,1005,0.04591,5470
1753547124798,16:25:24.798,ACT/USDT:USDT,0.04589,5878,0.04588,4382,0.0459,1005,0.04591,5470
1753547124896,16:25:24.896,ACT/USDT:USDT,0.04589,5878,0.04588,5358,0.0459,1005,0.04591,5470
1753547125300,16:25:25.300,ACT/USDT:USDT,0.04589,5878,0.04588,5358,0.0459,1005,0.04591,5470
1753547125396,16:25:25.396,ACT/USDT:USDT,0.04589,5878,0.04588,4382,0.0459,1005,0.04591,5470
1753547125798,16:25:25.798,ACT/USDT:USDT,0.04589,5878,0.04588,4382,0.0459,1005,0.04591,5470
1753547125897,16:25:25.897,ACT/USDT:USDT,0.04589,5878,0.04588,4382,0.0459,1005,0.04591,8231
1753547126300,16:25:26.300,ACT/USDT:USDT,0.04589,5878,0.04588,4382,0.0459,1005,0.04591,7482
1753547126397,16:25:26.397,ACT/USDT:USDT,0.04589,5878,0.04588,4382,0.0459,1005,0.04591,5470
1753547126799,16:25:26.799,ACT/USDT:USDT,0.04589,5878,0.04588,4382,0.0459,1005,0.04591,5470
1753547126897,16:25:26.897,ACT/USDT:USDT,0.04589,5878,0.04588,4382,0.0459,1005,0.04591,5470
1753547127299,16:25:27.299,ACT/USDT:USDT,0.04589,5878,0.04588,4382,0.0459,1005,0.04591,5470
1753547127397,16:25:27.397,ACT/USDT:USDT,0.04589,5878,0.04588,4382,0.0459,1005,0.04591,6689
1753547127800,16:25:27.800,ACT/USDT:USDT,0.04589,5878,0.04588,4382,0.0459,1005,0.04591,6689
1753547127898,16:25:27.898,ACT/USDT:USDT,0.04589,5878,0.04588,5883,0.0459,1005,0.04591,5470
1753547128299,16:25:28.299,ACT/USDT:USDT,0.04589,5878,0.04588,5883,0.0459,1005,0.04591,5470
1753547128397,16:25:28.397,ACT/USDT:USDT,0.04589,5878,0.04588,7077,0.0459,1005,0.04591,7041
1753547128800,16:25:28.800,ACT/USDT:USDT,0.04589,5878,0.04588,4912,0.0459,1005,0.04591,7041
1753547128897,16:25:28.897,ACT/USDT:USDT,0.04589,5878,0.04588,6108,0.0459,1005,0.04591,10402
1753547129301,16:25:29.301,ACT/USDT:USDT,0.04589,5878,0.04588,6108,0.0459,1005,0.04591,10402
1753547129470,16:25:29.470,ACT/USDT:USDT,0.0459,171,0.04589,10924,0.04591,2316,0.04592,12676
1753547129720,16:25:29.720,ACT/USDT:USDT,0.0459,171,0.04589,10924,0.04591,2316,0.04592,12676
1753547129900,16:25:29.900,ACT/USDT:USDT,0.0459,171,0.04589,9506,0.04591,2316,0.04592,18364
1753547130241,16:25:30.241,ACT/USDT:USDT,0.0459,171,0.04589,9506,0.04591,2316,0.04592,18364
1753547130398,16:25:30.398,ACT/USDT:USDT,0.04587,9659,0.04586,9032,0.04589,2623,0.0459,7231
1753547130801,16:25:30.801,ACT/USDT:USDT,0.04587,9659,0.04586,9032,0.04589,2623,0.0459,7231
1753547130899,16:25:30.899,ACT/USDT:USDT,0.04587,9659,0.04586,9032,0.04589,2623,0.0459,7231
1753547131303,16:25:31.303,ACT/USDT:USDT,0.04587,9659,0.04586,9032,0.04589,2623,0.0459,7231
1753547131400,16:25:31.400,ACT/USDT:USDT,0.04587,9659,0.04586,9032,0.04589,2623,0.0459,7231
1753547131801,16:25:31.801,ACT/USDT:USDT,0.04587,9659,0.04586,9032,0.04589,2623,0.0459,7231
1753547131901,16:25:31.901,ACT/USDT:USDT,0.04587,9659,0.04586,9781,0.04589,2623,0.0459,7231
1753547132303,16:25:32.303,ACT/USDT:USDT,0.04587,9659,0.04586,9781,0.04589,2623,0.0459,7231
1753547132402,16:25:32.402,ACT/USDT:USDT,0.04587,9659,0.04586,9300,0.04589,2623,0.0459,7231
1753547132803,16:25:32.803,ACT/USDT:USDT,0.04587,9659,0.04586,9300,0.04589,2623,0.0459,7231
1753547132902,16:25:32.902,ACT/USDT:USDT,0.04587,9659,0.04586,9833,0.04589,2623,0.0459,8742
1753547133305,16:25:33.305,ACT/USDT:USDT,0.04587,9659,0.04586,9032,0.04589,2623,0.0459,8742
1753547133403,16:25:33.403,ACT/USDT:USDT,0.04587,9659,0.04586,9032,0.04589,2623,0.0459,7231
1753547133805,16:25:33.805,ACT/USDT:USDT,0.04587,9659,0.04586,9032,0.04589,2623,0.0459,7231
1753547133902,16:25:33.902,ACT/USDT:USDT,0.04587,9659,0.04586,9032,0.04589,2623,0.0459,7231
1753547134305,16:25:34.305,ACT/USDT:USDT,0.04587,9659,0.04586,9032,0.04589,2623,0.0459,7231
1753547134401,16:25:34.401,ACT/USDT:USDT,0.04587,9659,0.04586,9032,0.04589,2623,0.0459,7231
1753547134806,16:25:34.806,ACT/USDT:USDT,0.04587,9659,0.04586,9032,0.04589,2623,0.0459,7231
1753547134903,16:25:34.903,ACT/USDT:USDT,0.04587,9659,0.04586,9357,0.04589,2623,0.0459,7231
1753547135305,16:25:35.305,ACT/USDT:USDT,0.04587,9659,0.04586,9357,0.04589,2623,0.0459,7231
1753547135483,16:25:35.483,ACT/USDT:USDT,0.04587,2222,0.04586,3266,0.04589,6803,0.0459,12420
1753547135722,16:25:35.722,ACT/USDT:USDT,0.04587,2222,0.04586,3266,0.04589,6803,0.0459,12420
1753547135903,16:25:35.903,ACT/USDT:USDT,0.04587,2222,0.04586,3633,0.04589,6803,0.0459,20776
1753547136305,16:25:36.305,ACT/USDT:USDT,0.04587,2222,0.04586,3633,0.04589,6803,0.0459,18448
1753547136404,16:25:36.404,ACT/USDT:USDT,0.04587,2222,0.04586,3266,0.04589,6803,0.0459,12420
1753547136807,16:25:36.807,ACT/USDT:USDT,0.04587,2222,0.04586,3266,0.04589,6803,0.0459,12420
1753547136903,16:25:36.903,ACT/USDT:USDT,0.04587,2222,0.04586,3266,0.04589,6803,0.0459,18327
1753547137306,16:25:37.306,ACT/USDT:USDT,0.04587,2222,0.04586,3266,0.04589,6803,0.0459,12420
1753547137404,16:25:37.404,ACT/USDT:USDT,0.04587,2222,0.04586,4323,0.04589,6803,0.0459,12420
1753547137807,16:25:37.807,ACT/USDT:USDT,0.04587,2222,0.04586,3266,0.04589,6803,0.0459,12420
1753547137905,16:25:37.905,ACT/USDT:USDT,0.04587,2222,0.04586,4092,0.04589,6803,0.0459,14544
1753547138308,16:25:38.308,ACT/USDT:USDT,0.04587,2222,0.04586,4092,0.04589,6803,0.0459,14544
1753547138405,16:25:38.405,ACT/USDT:USDT,0.04587,2222,0.04586,3266,0.04589,6803,0.0459,12420
1753547138807,16:25:38.807,ACT/USDT:USDT,0.04587,2222,0.04586,3266,0.04589,6803,0.0459,12420
1753547138907,16:25:38.907,ACT/USDT:USDT,0.04587,2222,0.04586,3266,0.04589,6803,0.0459,12420
1753547139308,16:25:39.308,ACT/USDT:USDT,0.04587,2222,0.04586,3266,0.04589,6803,0.0459,12420
1753547139406,16:25:39.406,ACT/USDT:USDT,0.04587,2222,0.04586,4148,0.04589,6803,0.0459,12420
1753547139811,16:25:39.811,ACT/USDT:USDT,0.04587,2222,0.04586,3266,0.04589,6803,0.0459,12420
1753547139907,16:25:39.907,ACT/USDT:USDT,0.04587,2222,0.04586,3266,0.04589,6803,0.0459,12420
1753547140309,16:25:40.309,ACT/USDT:USDT,0.04587,2222,0.04586,3266,0.04589,6803,0.0459,12420
1753547140406,16:25:40.406,ACT/USDT:USDT,0.04587,2222,0.04586,3266,0.04589,6803,0.0459,24052
1753547140809,16:25:40.809,ACT/USDT:USDT,0.04587,2222,0.04586,3266,0.04589,6803,0.0459,24052
1753547140909,16:25:40.909,ACT/USDT:USDT,0.04587,2222,0.04586,4388,0.04589,6803,0.0459,12420
1753547141312,16:25:41.312,ACT/USDT:USDT,0.04587,2222,0.04586,4388,0.04589,6803,0.0459,12420
1753547141481,16:25:41.481,ACT/USDT:USDT,0.04586,3089,0.04585,3740,0.04588,2608,0.04589,15523
1753547141727,16:25:41.727,ACT/USDT:USDT,0.04586,3089,0.04585,3740,0.04588,2608,0.04589,15523
1753547141906,16:25:41.906,ACT/USDT:USDT,0.04586,3089,0.04585,5061,0.04588,2608,0.04589,21539
1753547142309,16:25:42.309,ACT/USDT:USDT,0.04586,3089,0.04585,5061,0.04588,2608,0.04589,21539
1753547142415,16:25:42.415,ACT/USDT:USDT,0.04586,3089,0.04585,3740,0.04588,2608,0.04589,24747
1753547142821,16:25:42.821,ACT/USDT:USDT,0.04586,3089,0.04585,3740,0.04588,2608,0.04589,21170
1753547142908,16:25:42.908,ACT/USDT:USDT,0.04586,3089,0.04585,3740,0.04588,2608,0.04589,20427
1753547143310,16:25:43.310,ACT/USDT:USDT,0.04586,3089,0.04585,3740,0.04588,2608,0.04589,20427
1753547143408,16:25:43.408,ACT/USDT:USDT,0.04586,3089,0.04585,3740,0.04588,2608,0.04589,18358
1753547143809,16:25:43.809,ACT/USDT:USDT,0.04586,3089,0.04585,3740,0.04588,2608,0.04589,18358
1753547143907,16:25:43.907,ACT/USDT:USDT,0.04586,3089,0.04585,3740,0.04588,2608,0.04589,23047
1753547144310,16:25:44.310,ACT/USDT:USDT,0.04586,3089,0.04585,3740,0.04588,2608,0.04589,23047
1753547144408,16:25:44.408,ACT/USDT:USDT,0.04586,3089,0.04585,3740,0.04588,2608,0.04589,15523
1753547144810,16:25:44.810,ACT/USDT:USDT,0.04586,3089,0.04585,3740,0.04588,2608,0.04589,15523
1753547144908,16:25:44.908,ACT/USDT:USDT,0.04586,3089,0.04585,3740,0.04588,2608,0.04589,15523
1753547145311,16:25:45.311,ACT/USDT:USDT,0.04586,3089,0.04585,3740,0.04588,2608,0.04589,15523
1753547145407,16:25:45.407,ACT/USDT:USDT,0.04586,3089,0.04585,3740,0.04588,2608,0.04589,15523
1753547145811,16:25:45.811,ACT/USDT:USDT,0.04586,3089,0.04585,3740,0.04588,2608,0.04589,15523
1753547145909,16:25:45.909,ACT/USDT:USDT,0.04586,3089,0.04585,3740,0.04588,2608,0.04589,21955
1753547146311,16:25:46.311,ACT/USDT:USDT,0.04586,3089,0.04585,3740,0.04588,2608,0.04589,21955
1753547146408,16:25:46.408,ACT/USDT:USDT,0.04586,3089,0.04585,3740,0.04588,2608,0.04589,15523
1753547146811,16:25:46.811,ACT/USDT:USDT,0.04586,3089,0.04585,3740,0.04588,2608,0.04589,15523
1753547146907,16:25:46.907,ACT/USDT:USDT,0.04586,3089,0.04585,4659,0.04588,2608,0.04589,23167
1753547147310,16:25:47.310,ACT/USDT:USDT,0.04586,3089,0.04585,4659,0.04588,2608,0.04589,15523
1753547147488,16:25:47.488,ACT/USDT:USDT,0.04586,4898,0.04585,4265,0.04587,615,0.04588,2302
1753547147731,16:25:47.731,ACT/USDT:USDT,0.04586,4898,0.04585,4265,0.04587,615,0.04588,2302
1753547147909,16:25:47.909,ACT/USDT:USDT,0.04586,4898,0.04585,5651,0.04587,615,0.04588,2302
1753547148311,16:25:48.311,ACT/USDT:USDT,0.04586,4898,0.04585,5651,0.04587,615,0.04588,2302
1753547148408,16:25:48.408,ACT/USDT:USDT,0.04586,4898,0.04585,3873,0.04587,615,0.04588,2302
1753547148813,16:25:48.813,ACT/USDT:USDT,0.04586,4898,0.04585,3873,0.04587,615,0.04588,2302
1753547148909,16:25:48.909,ACT/USDT:USDT,0.04586,4898,0.04585,3873,0.04587,615,0.04588,3601
1753547149312,16:25:49.312,ACT/USDT:USDT,0.04586,4898,0.04585,3873,0.04587,615,0.04588,3601
1753547149410,16:25:49.410,ACT/USDT:USDT,0.04586,4898,0.04585,4401,0.04587,615,0.04588,3111
1753547149812,16:25:49.812,ACT/USDT:USDT,0.04586,4898,0.04585,4401,0.04587,615,0.04588,3111
1753547149910,16:25:49.910,ACT/USDT:USDT,0.04586,4898,0.04585,5269,0.04587,615,0.04588,2302
1753547150311,16:25:50.311,ACT/USDT:USDT,0.04586,4898,0.04585,5269,0.04587,615,0.04588,2302
1753547150409,16:25:50.409,ACT/USDT:USDT,0.04586,4898,0.04585,4815,0.04587,615,0.04588,2791
1753547150835,16:25:50.835,ACT/USDT:USDT,0.04586,4898,0.04585,3873,0.04587,615,0.04588,2791
1753547150911,16:25:50.911,ACT/USDT:USDT,0.04586,4898,0.04585,7389,0.04587,615,0.04588,2302
1753547151312,16:25:51.312,ACT/USDT:USDT,0.04586,4898,0.04585,5764,0.04587,615,0.04588,2302
1753547151411,16:25:51.411,ACT/USDT:USDT,0.04586,4898,0.04585,4546,0.04587,615,0.04588,2302
1753547151814,16:25:51.814,ACT/USDT:USDT,0.04586,4898,0.04585,3873,0.04587,615,0.04588,2302
1753547151910,16:25:51.910,ACT/USDT:USDT,0.04586,4898,0.04585,3873,0.04587,615,0.04588,2302
1753547152039,16:25:52.039,ACT/USDT:USDT,0.04583,7737,0.04582,7745,0.04585,1043,0.04586,3762
1753547152409,16:25:52.409,ACT/USDT:USDT,0.04583,7737,0.04582,7745,0.04585,1043,0.04586,3762
1753547152812,16:25:52.812,ACT/USDT:USDT,0.04583,7737,0.04582,7745,0.04585,1043,0.04586,3762
1753547152913,16:25:52.913,ACT/USDT:USDT,0.04583,7737,0.04582,7745,0.04585,1043,0.04586,5289
1753547153314,16:25:53.314,ACT/USDT:USDT,0.04583,7737,0.04582,7745,0.04585,1043,0.04586,4900
1753547153491,16:25:53.491,ACT/USDT:USDT,0.04583,7737,0.04582,7745,0.04585,1043,0.04586,3762
1753547153817,16:25:53.817,ACT/USDT:USDT,0.04583,7737,0.04582,7745,0.04585,1043,0.04586,3762
1753547153917,16:25:53.917,ACT/USDT:USDT,0.04583,7737,0.04582,9699,0.04585,1043,0.04586,3762
1753547154314,16:25:54.314,ACT/USDT:USDT,0.04583,7737,0.04582,8486,0.04585,1043,0.04586,3762
1753547154410,16:25:54.410,ACT/USDT:USDT,0.04583,7737,0.04582,7745,0.04585,1043,0.04586,5635
1753547154823,16:25:54.823,ACT/USDT:USDT,0.04583,7737,0.04582,7745,0.04585,1043,0.04586,5635
1753547154914,16:25:54.914,ACT/USDT:USDT,0.04583,7737,0.04582,7745,0.04585,1043,0.04586,5754
1753547155312,16:25:55.312,ACT/USDT:USDT,0.04583,7737,0.04582,7745,0.04585,1043,0.04586,4218
1753547155411,16:25:55.411,ACT/USDT:USDT,0.04583,7737,0.04582,7745,0.04585,1043,0.04586,3762
1753547155813,16:25:55.813,ACT/USDT:USDT,0.04583,7737,0.04582,7745,0.04585,1043,0.04586,3762
1753547155912,16:25:55.912,ACT/USDT:USDT,0.04583,7737,0.04582,9085,0.04585,1043,0.04586,3762
1753547156313,16:25:56.313,ACT/USDT:USDT,0.04583,7737,0.04582,9085,0.04585,1043,0.04586,3762
1753547156411,16:25:56.411,ACT/USDT:USDT,0.04583,7737,0.04582,7745,0.04585,1043,0.04586,3762
1753547156814,16:25:56.814,ACT/USDT:USDT,0.04583,7737,0.04582,7745,0.04585,1043,0.04586,3762
1753547156920,16:25:56.920,ACT/USDT:USDT,0.04583,7737,0.04582,8594,0.04585,1043,0.04586,4203
1753547157316,16:25:57.316,ACT/USDT:USDT,0.04583,7737,0.04582,8594,0.04585,1043,0.04586,4203
1753547157419,16:25:57.419,ACT/USDT:USDT,0.04583,2598,0.04582,11481,0.04584,864,0.04585,2485
1753547157813,16:25:57.813,ACT/USDT:USDT,0.04583,2598,0.04582,11481,0.04584,864,0.04585,1748
1753547157926,16:25:57.926,ACT/USDT:USDT,0.04583,2598,0.04582,13622,0.04584,864,0.04585,2441
1753547158315,16:25:58.315,ACT/USDT:USDT,0.04583,2598,0.04582,13622,0.04584,864,0.04585,1748
1753547158422,16:25:58.422,ACT/USDT:USDT,0.04583,2598,0.04582,8241,0.04584,864,0.04585,2478
1753547158814,16:25:58.814,ACT/USDT:USDT,0.04583,2598,0.04582,8241,0.04584,864,0.04585,2478
1753547158922,16:25:58.922,ACT/USDT:USDT,0.04583,2598,0.04582,8241,0.04584,864,0.04585,2011
1753547159315,16:25:59.315,ACT/USDT:USDT,0.04583,2598,0.04582,8241,0.04584,864,0.04585,1748
1753547159494,16:25:59.494,ACT/USDT:USDT,0.04583,2598,0.04582,8241,0.04584,864,0.04585,1748
1753547159816,16:25:59.816,ACT/USDT:USDT,0.04583,2598,0.04582,8241,0.04584,864,0.04585,1748
1753547159921,16:25:59.921,ACT/USDT:USDT,0.04583,2598,0.04582,12119,0.04584,864,0.04585,1748
1753547160316,16:26:00.316,ACT/USDT:USDT,0.04583,2598,0.04582,12119,0.04584,864,0.04585,1748
1753547160420,16:26:00.420,ACT/USDT:USDT,0.04583,2598,0.04582,10338,0.04584,864,0.04585,1966
1753547160814,16:26:00.814,ACT/USDT:USDT,0.04583,2598,0.04582,10338,0.04584,864,0.04585,1748
1753547160985,16:26:00.985,ACT/USDT:USDT,0.04583,2598,0.04582,9377,0.04584,864,0.04585,2375
1753547161400,16:26:01.400,ACT/USDT:USDT,0.04583,2598,0.04582,9377,0.04584,864,0.04585,1748
1753547161485,16:26:01.485,ACT/USDT:USDT,0.04583,2598,0.04582,12221,0.04584,864,0.04585,1748
1753547161887,16:26:01.887,ACT/USDT:USDT,0.04583,2598,0.04582,10365,0.04584,864,0.04585,1748
1753547161986,16:26:01.986,ACT/USDT:USDT,0.04583,2598,0.04582,10390,0.04584,864,0.04585,1748
1753547162386,16:26:02.386,ACT/USDT:USDT,0.04583,2598,0.04582,8241,0.04584,864,0.04585,1748
1753547162486,16:26:02.486,ACT/USDT:USDT,0.04583,2598,0.04582,8241,0.04584,864,0.04585,2365
1753547162888,16:26:02.888,ACT/USDT:USDT,0.04583,2598,0.04582,8241,0.04584,864,0.04585,2365
1753547162986,16:26:02.986,ACT/USDT:USDT,0.04583,2598,0.04582,8241,0.04584,864,0.04585,2128
1753547163102,16:26:03.102,ACT/USDT:USDT,0.04586,5292,0.04585,6989,0.04587,17024,0.04588,17296
1753547163487,16:26:03.487,ACT/USDT:USDT,0.04586,5292,0.04585,6989,0.04587,17024,0.04588,18441
1753547163886,16:26:03.886,ACT/USDT:USDT,0.04586,5292,0.04585,6989,0.04587,17024,0.04588,18441
1753547163988,16:26:03.988,ACT/USDT:USDT,0.04586,5292,0.04585,6989,0.04587,17024,0.04588,17296
1753547164386,16:26:04.386,ACT/USDT:USDT,0.04586,5292,0.04585,6989,0.04587,17024,0.04588,17296
1753547164489,16:26:04.489,ACT/USDT:USDT,0.04586,5292,0.04585,6989,0.04587,17024,0.04588,17296
1753547164819,16:26:04.819,ACT/USDT:USDT,0.04586,5292,0.04585,6989,0.04587,17024,0.04588,17296
1753547164987,16:26:04.987,ACT/USDT:USDT,0.04583,2598,0.04582,11196,0.04585,2513,0.04586,5308
1753547165387,16:26:05.387,ACT/USDT:USDT,0.04583,2598,0.04582,11196,0.04585,2513,0.04586,5308
1753547165500,16:26:05.500,ACT/USDT:USDT,0.04583,2598,0.04582,15509,0.04585,2513,0.04586,5308
1753547165888,16:26:05.888,ACT/USDT:USDT,0.04583,2598,0.04582,11682,0.04585,2513,0.04586,5308
1753547165989,16:26:05.989,ACT/USDT:USDT,0.04583,2598,0.04582,8241,0.04585,2513,0.04586,6917
1753547166388,16:26:06.388,ACT/USDT:USDT,0.04583,2598,0.04582,8241,0.04585,2513,0.04586,6917
1753547166489,16:26:06.489,ACT/USDT:USDT,0.04583,2598,0.04582,10081,0.04585,2513,0.04586,5308
1753547166887,16:26:06.887,ACT/USDT:USDT,0.04583,2598,0.04582,10081,0.04585,2513,0.04586,5308
1753547166989,16:26:06.989,ACT/USDT:USDT,0.04583,2598,0.04582,8241,0.04585,2513,0.04586,6705
1753547167388,16:26:07.388,ACT/USDT:USDT,0.04583,2598,0.04582,8241,0.04585,2513,0.04586,6705
1753547167486,16:26:07.486,ACT/USDT:USDT,0.04583,2598,0.04582,11355,0.04585,2513,0.04586,6184
1753547167888,16:26:07.888,ACT/USDT:USDT,0.04583,2598,0.04582,11355,0.04585,2513,0.04586,6184
1753547167990,16:26:07.990,ACT/USDT:USDT,0.04583,2598,0.04582,8241,0.04585,2513,0.04586,5308
1753547168390,16:26:08.390,ACT/USDT:USDT,0.04583,2598,0.04582,8241,0.04585,2513,0.04586,5308
1753547168487,16:26:08.487,ACT/USDT:USDT,0.04583,2598,0.04582,8241,0.04585,2513,0.04586,5308
1753547168889,16:26:08.889,ACT/USDT:USDT,0.04583,2598,0.04582,8241,0.04585,2513,0.04586,5308
1753547168989,16:26:08.989,ACT/USDT:USDT,0.04583,2598,0.04582,9160,0.04585,2513,0.04586,5308
1753547169391,16:26:09.391,ACT/USDT:USDT,0.04583,2598,0.04582,9160,0.04585,2513,0.04586,5308
1753547169489,16:26:09.489,ACT/USDT:USDT,0.04583,2598,0.04582,8241,0.04585,2513,0.04586,5308
1753547169889,16:26:09.889,ACT/USDT:USDT,0.04583,2598,0.04582,8241,0.04585,2513,0.04586,5308
1753547169991,16:26:09.991,ACT/USDT:USDT,0.04583,2598,0.04582,9760,0.04585,2513,0.04586,8388
1753547170327,16:26:10.327,ACT/USDT:USDT,0.04583,2598,0.04582,9760,0.04585,3589,0.04586,8388
1753547170490,16:26:10.490,ACT/USDT:USDT,0.04584,3033,0.04583,5773,0.04585,1076,0.04586,4462
1753547170819,16:26:10.819,ACT/USDT:USDT,0.04584,3033,0.04583,5773,0.04585,1076,0.04586,4462
1753547170988,16:26:10.988,ACT/USDT:USDT,0.04584,3033,0.04583,8785,0.04585,1076,0.04586,4462
1753547171389,16:26:11.389,ACT/USDT:USDT,0.04584,3033,0.04583,6802,0.04585,1076,0.04586,4462
1753547171500,16:26:11.500,ACT/USDT:USDT,0.04584,3033,0.04583,9545,0.04585,1076,0.04586,5908
1753547171889,16:26:11.889,ACT/USDT:USDT,0.04584,3033,0.04583,7737,0.04585,1076,0.04586,5908
1753547171989,16:26:11.989,ACT/USDT:USDT,0.04584,3033,0.04583,5773,0.04585,1076,0.04586,6636
1753547172388,16:26:12.388,ACT/USDT:USDT,0.04584,3033,0.04583,5773,0.04585,1076,0.04586,6636
1753547172489,16:26:12.489,ACT/USDT:USDT,0.04584,3033,0.04583,5773,0.04585,1076,0.04586,5175
1753547172889,16:26:12.889,ACT/USDT:USDT,0.04584,3033,0.04583,5773,0.04585,1076,0.04586,4462
1753547172990,16:26:12.990,ACT/USDT:USDT,0.04584,3033,0.04583,6379,0.04585,1076,0.04586,6670
1753547173394,16:26:13.394,ACT/USDT:USDT,0.04584,3033,0.04583,6379,0.04585,1076,0.04586,4462
1753547173489,16:26:13.489,ACT/USDT:USDT,0.04584,3033,0.04583,5773,0.04585,1076,0.04586,6644
1753547173890,16:26:13.890,ACT/USDT:USDT,0.04584,3033,0.04583,5773,0.04585,1076,0.04586,6644
1753547173992,16:26:13.992,ACT/USDT:USDT,0.04584,3033,0.04583,5773,0.04585,1076,0.04586,5322
1753547174393,16:26:14.393,ACT/USDT:USDT,0.04584,3033,0.04583,5773,0.04585,1076,0.04586,5322
1753547174490,16:26:14.490,ACT/USDT:USDT,0.04584,3033,0.04583,5773,0.04585,1076,0.04586,4462
1753547174891,16:26:14.891,ACT/USDT:USDT,0.04584,3033,0.04583,5773,0.04585,1076,0.04586,4462
1753547174993,16:26:14.993,ACT/USDT:USDT,0.04584,3033,0.04583,5773,0.04585,1076,0.04586,5591
1753547175391,16:26:15.391,ACT/USDT:USDT,0.04584,3033,0.04583,5773,0.04585,1076,0.04586,5591
1753547175490,16:26:15.490,ACT/USDT:USDT,0.04584,3033,0.04583,5773,0.04585,1076,0.04586,6144
1753547175892,16:26:15.892,ACT/USDT:USDT,0.04584,3033,0.04583,5773,0.04585,1076,0.04586,6144
1753547175991,16:26:15.991,ACT/USDT:USDT,0.04584,3033,0.04583,5773,0.04585,1076,0.04586,4462
1753547176327,16:26:16.327,ACT/USDT:USDT,0.04584,3033,0.04583,5773,0.04585,1076,0.04586,5283
1753547176491,16:26:16.491,ACT/USDT:USDT,0.04585,3053,0.04584,3488,0.04586,821,0.04587,6825
1753547176826,16:26:16.826,ACT/USDT:USDT,0.04585,3053,0.04584,3488,0.04586,821,0.04587,6825
1753547176994,16:26:16.994,ACT/USDT:USDT,0.04585,3053,0.04584,3488,0.04586,821,0.04587,10226
1753547177393,16:26:17.393,ACT/USDT:USDT,0.04585,3053,0.04584,3488,0.04586,821,0.04587,10226
1753547177503,16:26:17.503,ACT/USDT:USDT,0.04585,3053,0.04584,4897,0.04586,821,0.04587,6825
1753547177891,16:26:17.891,ACT/USDT:USDT,0.04585,3053,0.04584,3488,0.04586,821,0.04587,6825
1753547177990,16:26:17.990,ACT/USDT:USDT,0.04585,3053,0.04584,3488,0.04586,821,0.04587,10085
1753547178394,16:26:18.394,ACT/USDT:USDT,0.04585,3053,0.04584,3488,0.04586,821,0.04587,10085
1753547178490,16:26:18.490,ACT/USDT:USDT,0.04585,3053,0.04584,3488,0.04586,821,0.04587,9913
1753547178891,16:26:18.891,ACT/USDT:USDT,0.04585,3053,0.04584,3488,0.04586,821,0.04587,9913
1753547178993,16:26:18.993,ACT/USDT:USDT,0.04585,3053,0.04584,4766,0.04586,821,0.04587,9889
1753547179394,16:26:19.394,ACT/USDT:USDT,0.04585,3053,0.04584,3488,0.04586,821,0.04587,9889
1753547179493,16:26:19.493,ACT/USDT:USDT,0.04585,3053,0.04584,3488,0.04586,821,0.04587,8943
1753547179893,16:26:19.893,ACT/USDT:USDT,0.04585,3053,0.04584,3488,0.04586,821,0.04587,8943
1753547179992,16:26:19.992,ACT/USDT:USDT,0.04585,3053,0.04584,5101,0.04586,821,0.04587,6825
1753547180392,16:26:20.392,ACT/USDT:USDT,0.04585,3053,0.04584,5101,0.04586,821,0.04587,6825
1753547180490,16:26:20.490,ACT/USDT:USDT,0.04585,3053,0.04584,3488,0.04586,821,0.04587,8495
1753547180893,16:26:20.893,ACT/USDT:USDT,0.04585,3053,0.04584,3488,0.04586,821,0.04587,6825
1753547180991,16:26:20.991,ACT/USDT:USDT,0.04585,3053,0.04584,4936,0.04586,821,0.04587,10107
1753547181395,16:26:21.395,ACT/USDT:USDT,0.04585,3053,0.04584,4936,0.04586,821,0.04587,10107
1753547181492,16:26:21.492,ACT/USDT:USDT,0.04585,3053,0.04584,3488,0.04586,821,0.04587,8499
1753547181892,16:26:21.892,ACT/USDT:USDT,0.04585,3053,0.04584,3488,0.04586,821,0.04587,8499
1753547181994,16:26:21.994,ACT/USDT:USDT,0.04585,3053,0.04584,3488,0.04586,821,0.04587,6825
