timestamp,time,exchange,symbol,bid1_price,bid1_volume,bid2_price,bid2_volume,ask1_price,ask1_volume,ask2_price,ask2_volume
1753591884302,04:51:24.302,binance,ACE/USDT:USDT,0.5848,390.66,0.5847,265.01,0.5851,31.89,0.5852,433.97
1753591885387,04:51:25.387,binance,ACE/USDT:USDT,0.5848,390.66,0.5847,265.01,0.5851,31.89,0.5852,433.97
1753591885902,04:51:25.902,binance,ACE/USDT:USDT,0.5848,390.66,0.5847,265.01,0.5851,31.89,0.5852,433.97
1753591886042,04:51:26.042,binance,ACE/USDT:USDT,0.5848,170.96,0.5847,217.71,0.585,200.42,0.5851,223.38
1753591887802,04:51:27.802,binance,ACE/USDT:USDT,0.5848,170.96,0.5847,217.71,0.585,200.42,0.5851,223.38
1753591889002,04:51:29.002,binance,ACE/USDT:USDT,0.5848,170.96,0.5847,217.71,0.585,200.42,0.5851,223.38
1753591889138,04:51:29.138,binance,ACE/USDT:USDT,0.5848,182.26,0.5847,217.71,0.585,234.62,0.5851,223.38
1753591889621,04:51:29.621,binance,ACE/USDT:USDT,0.5848,182.26,0.5847,217.71,0.585,234.62,0.5851,223.38
1753591890375,04:51:30.375,binance,ACE/USDT:USDT,0.5848,216.46,0.5847,217.71,0.585,234.62,0.5851,223.38
1753591890618,04:51:30.618,binance,ACE/USDT:USDT,0.5848,182.26,0.5847,217.71,0.585,234.62,0.5851,223.38
1753591891202,04:51:31.202,binance,ACE/USDT:USDT,0.5848,216.46,0.5847,217.71,0.585,200.42,0.5851,257.58
1753591891357,04:51:31.357,binance,ACE/USDT:USDT,0.5848,216.46,0.5847,217.71,0.5851,257.58,0.5852,515.35
1753591891462,04:51:31.462,binance,ACE/USDT:USDT,0.5848,182.26,0.5847,217.71,0.585,200.42,0.5851,257.58
1753591891633,04:51:31.633,binance,ACE/USDT:USDT,0.5848,182.26,0.5847,217.71,0.585,200.42,0.5851,257.58
1753591891760,04:51:31.760,binance,ACE/USDT:USDT,0.5848,231.14,0.5847,217.71,0.585,200.42,0.5851,257.58
1753591892041,04:51:32.041,binance,ACE/USDT:USDT,0.5848,231.14,0.5847,217.71,0.5851,223.38,0.5852,549.55
1753591892143,04:51:32.143,binance,ACE/USDT:USDT,0.5848,231.14,0.5847,217.71,0.5851,257.58,0.5852,549.55
1753591892302,04:51:32.302,binance,ACE/USDT:USDT,0.5846,309.56,0.5845,449.72,0.585,426.12,0.5851,428.56
1753591892407,04:51:32.407,binance,ACE/USDT:USDT,0.5848,77.65,0.5847,200.42,0.585,426.12,0.5851,861.31
1753591892508,04:51:32.508,binance,ACE/USDT:USDT,0.5848,77.65,0.5847,200.42,0.585,426.12,0.5851,690.33
1753591892636,04:51:32.636,binance,ACE/USDT:USDT,0.5848,77.65,0.5847,200.42,0.585,426.12,0.5851,690.33
1753591892857,04:51:32.857,binance,ACE/USDT:USDT,0.5848,77.65,0.5847,200.42,0.585,426.12,0.5851,690.33
1753591892987,04:51:32.987,binance,ACE/USDT:USDT,0.5848,77.65,0.5847,200.42,0.585,426.12,0.5851,690.33
1753591893180,04:51:33.180,binance,ACE/USDT:USDT,0.5847,585.24,0.5846,390.93,0.585,398.01,0.5851,690.33
1753591893299,04:51:33.299,binance,ACE/USDT:USDT,0.5847,585.24,0.5846,390.93,0.585,398.01,0.5851,690.33
1753591893405,04:51:33.405,binance,ACE/USDT:USDT,0.5847,585.24,0.5846,390.93,0.585,398.01,0.5851,690.33
1753591894273,04:51:34.273,binance,ACE/USDT:USDT,0.5847,585.24,0.5846,390.93,0.585,398.01,0.5851,690.33
1753591894428,04:51:34.428,binance,ACE/USDT:USDT,0.5847,585.24,0.5846,390.93,0.585,398.01,0.5851,690.33
1753591895102,04:51:35.102,binance,ACE/USDT:USDT,0.5847,585.24,0.5846,390.93,0.585,363.8,0.5851,656.13
1753591895209,04:51:35.209,binance,ACE/USDT:USDT,0.5847,585.24,0.5846,390.93,0.585,363.8,0.5851,656.13
1753591895433,04:51:35.433,binance,ACE/USDT:USDT,0.5847,585.24,0.5846,390.93,0.585,363.8,0.5851,690.33
1753591895801,04:51:35.801,binance,ACE/USDT:USDT,0.5847,585.24,0.5846,390.93,0.585,363.8,0.5851,690.33
1753591897402,04:51:37.402,binance,ACE/USDT:USDT,0.5847,585.24,0.5846,390.93,0.585,363.8,0.5851,690.33
1753591898002,04:51:38.002,binance,ACE/USDT:USDT,0.5847,585.24,0.5846,390.93,0.585,363.8,0.5851,690.33
1753591898251,04:51:38.251,binance,ACE/USDT:USDT,0.5847,585.24,0.5846,390.93,0.585,363.8,0.5851,690.33
1753591898533,04:51:38.533,binance,ACE/USDT:USDT,0.5847,585.24,0.5846,390.93,0.585,398.0,0.5851,690.33
1753591898637,04:51:38.637,binance,ACE/USDT:USDT,0.5847,585.24,0.5846,390.93,0.585,398.0,0.5851,690.33
1753591898937,04:51:38.937,binance,ACE/USDT:USDT,0.5847,200.42,0.5846,138.59,0.585,398.0,0.5851,861.31
1753591899157,04:51:39.157,binance,ACE/USDT:USDT,0.5847,200.42,0.5846,138.59,0.585,398.0,0.5851,861.31
1753591899723,04:51:39.723,binance,ACE/USDT:USDT,0.5849,200.42,0.5848,189.77,0.5851,31.89,0.5852,893.77
1753591900183,04:51:40.183,binance,ACE/USDT:USDT,0.5849,200.42,0.5848,189.77,0.5851,31.89,0.5852,893.77
1753591900285,04:51:40.285,binance,ACE/USDT:USDT,0.5849,200.42,0.5848,189.77,0.5851,31.89,0.5852,893.77
1753591900397,04:51:40.397,binance,ACE/USDT:USDT,0.5849,200.42,0.5848,189.77,0.5851,31.89,0.5852,893.77
1753591900802,04:51:40.802,binance,ACE/USDT:USDT,0.5849,200.42,0.5848,189.77,0.5851,31.89,0.5852,893.77
1753591900937,04:51:40.937,binance,ACE/USDT:USDT,0.5849,200.42,0.5848,189.77,0.5851,31.89,0.5852,893.77
1753591901402,04:51:41.402,binance,ACE/USDT:USDT,0.5849,200.42,0.5848,189.77,0.5851,31.89,0.5852,893.77
1753591902002,04:51:42.002,binance,ACE/USDT:USDT,0.5849,200.42,0.5848,189.77,0.5851,31.89,0.5852,893.77
1753591902108,04:51:42.108,binance,ACE/USDT:USDT,0.5849,200.42,0.5848,189.77,0.5851,31.89,0.5852,927.96
1753591902603,04:51:42.603,binance,ACE/USDT:USDT,0.5849,200.42,0.5848,189.77,0.5851,31.89,0.5852,927.96
1753591902833,04:51:42.833,binance,ACE/USDT:USDT,0.5849,200.42,0.5848,189.77,0.5851,31.89,0.5852,927.96
1753591903078,04:51:43.078,binance,ACE/USDT:USDT,0.5849,200.42,0.5848,189.77,0.5851,31.89,0.5852,927.96
1753591903202,04:51:43.202,binance,ACE/USDT:USDT,0.5849,200.42,0.5848,189.77,0.5851,31.89,0.5852,927.96
1753591903433,04:51:43.433,binance,ACE/USDT:USDT,0.5849,200.42,0.5848,189.77,0.5851,66.08,0.5852,927.96
1753591903787,04:51:43.787,binance,ACE/USDT:USDT,0.5849,200.42,0.5848,189.77,0.5851,66.08,0.5852,927.96
1753591904302,04:51:44.302,binance,ACE/USDT:USDT,0.5849,200.42,0.5848,189.77,0.5851,66.08,0.5852,927.96
1753591904887,04:51:44.887,binance,ACE/USDT:USDT,0.5849,200.42,0.5848,189.77,0.5851,66.08,0.5852,927.96
1753591905001,04:51:45.001,binance,ACE/USDT:USDT,0.5849,200.42,0.5848,189.77,0.5851,66.08,0.5852,927.96
1753591905397,04:51:45.397,binance,ACE/USDT:USDT,0.5849,200.42,0.5848,189.77,0.5851,66.08,0.5852,927.96
1753591905502,04:51:45.502,binance,ACE/USDT:USDT,0.5849,200.42,0.5848,189.77,0.5851,66.08,0.5852,927.96
1753591905902,04:51:45.902,binance,ACE/USDT:USDT,0.5849,200.42,0.5848,189.77,0.5851,66.08,0.5852,927.96
1753591906502,04:51:46.502,binance,ACE/USDT:USDT,0.5849,200.42,0.5848,189.77,0.5851,66.08,0.5852,927.96
1753591906733,04:51:46.733,binance,ACE/USDT:USDT,0.5849,200.42,0.5848,189.77,0.5851,66.08,0.5852,927.96
1753591907201,04:51:47.201,binance,ACE/USDT:USDT,0.5849,200.42,0.5848,189.77,0.5851,66.08,0.5852,927.96
1753591908202,04:51:48.202,binance,ACE/USDT:USDT,0.5849,200.42,0.5848,189.77,0.5851,66.08,0.5852,927.96
1753591908802,04:51:48.802,binance,ACE/USDT:USDT,0.5849,200.42,0.5848,189.77,0.5851,66.08,0.5852,927.96
1753591908917,04:51:48.917,binance,ACE/USDT:USDT,0.5849,200.42,0.5848,189.77,0.5851,66.08,0.5852,927.96
1753591909227,04:51:49.227,binance,ACE/USDT:USDT,0.5849,200.42,0.5848,189.77,0.5851,66.08,0.5852,927.96
1753591909402,04:51:49.402,binance,ACE/USDT:USDT,0.5849,200.42,0.5848,189.77,0.5851,66.08,0.5852,927.96
1753591909513,04:51:49.513,binance,ACE/USDT:USDT,0.5849,200.42,0.5848,189.77,0.5851,66.08,0.5852,927.96
1753591909997,04:51:49.997,binance,ACE/USDT:USDT,0.5849,200.42,0.5848,189.77,0.5851,66.08,0.5852,927.96
1753591910109,04:51:50.109,binance,ACE/USDT:USDT,0.5849,200.42,0.5848,189.77,0.5851,66.08,0.5852,927.96
1753591910502,04:51:50.502,binance,ACE/USDT:USDT,0.5849,200.42,0.5848,189.77,0.5851,66.08,0.5852,927.96
1753591911102,04:51:51.102,binance,ACE/USDT:USDT,0.5849,200.42,0.5848,189.77,0.5851,66.08,0.5852,927.96
1753591911302,04:51:51.302,binance,ACE/USDT:USDT,0.5848,189.77,0.5847,271.37,0.5851,66.08,0.5852,846.56
1753591911407,04:51:51.407,binance,ACE/USDT:USDT,0.5848,189.77,0.5847,271.37,0.5851,66.08,0.5852,846.56
1753591911607,04:51:51.607,binance,ACE/USDT:USDT,0.5848,189.77,0.5847,271.37,0.5851,66.08,0.5852,846.56
1753591911830,04:51:51.830,binance,ACE/USDT:USDT,0.5847,81.6,0.5846,1061.16,0.585,200.42,0.5851,289.65
1753591911952,04:51:51.952,binance,ACE/USDT:USDT,0.5848,200.42,0.5847,189.39,0.585,234.62,0.5851,289.65
1753591912089,04:51:52.089,binance,ACE/USDT:USDT,0.5848,200.42,0.5847,189.39,0.585,34.2,0.5851,255.47
1753591912196,04:51:52.196,binance,ACE/USDT:USDT,0.5848,200.42,0.5847,189.39,0.585,34.2,0.5851,255.47
1753591912802,04:51:52.802,binance,ACE/USDT:USDT,0.5848,200.42,0.5847,189.39,0.585,34.2,0.5851,255.47
1753591913187,04:51:53.187,binance,ACE/USDT:USDT,0.5848,200.42,0.5847,189.39,0.585,34.2,0.5851,255.47
1753591913297,04:51:53.297,binance,ACE/USDT:USDT,0.5848,200.42,0.5847,189.39,0.585,34.2,0.5851,255.47
1753591913902,04:51:53.902,binance,ACE/USDT:USDT,0.5848,200.42,0.5847,189.39,0.585,34.2,0.5851,255.47
1753591914005,04:51:54.005,binance,ACE/USDT:USDT,0.5848,200.42,0.5847,189.39,0.585,34.2,0.5851,255.47
1753591914302,04:51:54.302,binance,ACE/USDT:USDT,0.5848,200.42,0.5847,189.39,0.585,34.2,0.5851,255.47
1753591914405,04:51:54.405,binance,ACE/USDT:USDT,0.5848,200.42,0.5847,189.39,0.585,34.2,0.5851,255.47
1753591914902,04:51:54.902,binance,ACE/USDT:USDT,0.5848,200.42,0.5847,189.39,0.585,34.2,0.5851,255.47
1753591915502,04:51:55.502,binance,ACE/USDT:USDT,0.5848,200.42,0.5847,189.39,0.585,34.2,0.5851,255.47
1753591916102,04:51:56.102,binance,ACE/USDT:USDT,0.5848,200.42,0.5847,189.39,0.585,34.2,0.5851,255.47
1753591916285,04:51:56.285,binance,ACE/USDT:USDT,0.5848,214.88,0.5847,189.39,0.585,200.42,0.5851,255.47
1753591916390,04:51:56.390,binance,ACE/USDT:USDT,0.5848,214.88,0.5847,189.39,0.585,234.62,0.5851,255.47
1753591916702,04:51:56.702,binance,ACE/USDT:USDT,0.5848,214.88,0.5847,189.39,0.585,234.62,0.5851,255.47
1753591916806,04:51:56.806,binance,ACE/USDT:USDT,0.5848,214.88,0.5847,189.39,0.585,234.62,0.5851,255.47
1753591916915,04:51:56.915,binance,ACE/USDT:USDT,0.5848,214.88,0.5847,189.39,0.585,234.62,0.5851,255.47
1753591917302,04:51:57.302,binance,ACE/USDT:USDT,0.5848,214.88,0.5847,189.39,0.585,234.62,0.5851,255.47
1753591917437,04:51:57.437,binance,ACE/USDT:USDT,0.5848,214.88,0.5847,189.39,0.585,234.62,0.5851,255.47
1753591917902,04:51:57.902,binance,ACE/USDT:USDT,0.5848,214.88,0.5847,189.39,0.585,234.62,0.5851,255.47
1753591918468,04:51:58.468,binance,ACE/USDT:USDT,0.5848,14.46,0.5847,189.39,0.585,234.62,0.5851,255.47
1753591918808,04:51:58.808,binance,ACE/USDT:USDT,0.5848,14.46,0.5847,189.39,0.585,200.42,0.5851,255.47
1753591918913,04:51:58.913,binance,ACE/USDT:USDT,0.5848,14.46,0.5847,189.39,0.585,200.42,0.5851,255.47
1753591919026,04:51:59.026,binance,ACE/USDT:USDT,0.5848,92.11,0.5847,189.39,0.585,200.42,0.5851,221.28
1753591919387,04:51:59.387,binance,ACE/USDT:USDT,0.5848,92.11,0.5847,189.39,0.585,200.42,0.5851,221.28
1753591920268,04:52:00.268,binance,ACE/USDT:USDT,0.5848,92.11,0.5847,189.39,0.585,234.62,0.5851,221.28
1753591920463,04:52:00.463,binance,ACE/USDT:USDT,0.5849,77.65,0.5848,14.46,0.585,206.49,0.5851,221.28
1753591920768,04:52:00.768,binance,ACE/USDT:USDT,0.5849,77.65,0.5848,14.46,0.585,206.49,0.5851,221.28
1753591920871,04:52:00.871,binance,ACE/USDT:USDT,0.5849,77.65,0.5848,14.46,0.585,206.49,0.5851,221.28
1753591921305,04:52:01.305,binance,ACE/USDT:USDT,0.5849,77.65,0.5848,14.46,0.585,206.49,0.5851,221.28
1753591921501,04:52:01.501,binance,ACE/USDT:USDT,0.5849,77.65,0.5848,14.46,0.5851,221.28,0.5852,823.37
1753591921620,04:52:01.620,binance,ACE/USDT:USDT,0.5849,77.65,0.5848,14.46,0.5851,31.89,0.5852,812.37
1753591921746,04:52:01.746,binance,ACE/USDT:USDT,0.5849,77.65,0.5848,14.46,0.5851,31.89,0.5852,812.37
1753591921945,04:52:01.945,binance,ACE/USDT:USDT,0.585,200.42,0.5849,77.65,0.5851,31.89,0.5852,812.37
1753591922094,04:52:02.094,binance,ACE/USDT:USDT,0.585,200.42,0.5848,196.38,0.5851,31.89,0.5852,228.23
1753591922195,04:52:02.195,binance,ACE/USDT:USDT,0.5849,200.42,0.5848,185.38,0.5851,31.89,0.5852,262.41
1753591922319,04:52:02.319,binance,ACE/USDT:USDT,0.5848,185.38,0.5847,189.39,0.5851,31.89,0.5852,262.41
1753591922502,04:52:02.502,binance,ACE/USDT:USDT,0.5848,185.38,0.5847,189.39,0.585,200.42,0.5851,66.09
1753591922608,04:52:02.608,binance,ACE/USDT:USDT,0.5848,185.38,0.5847,189.39,0.585,200.42,0.5851,66.09
1753591922837,04:52:02.837,binance,ACE/USDT:USDT,0.5848,185.38,0.5847,189.39,0.5851,100.27,0.5852,416.27
1753591922945,04:52:02.945,binance,ACE/USDT:USDT,0.5848,185.38,0.5847,189.39,0.5851,100.27,0.5852,416.27
1753591923260,04:52:03.260,binance,ACE/USDT:USDT,0.5848,185.38,0.5847,189.39,0.5851,100.27,0.5852,416.27
1753591923391,04:52:03.391,binance,ACE/USDT:USDT,0.5848,185.38,0.5847,189.39,0.5851,100.27,0.5852,416.27
1753591923496,04:52:03.496,binance,ACE/USDT:USDT,0.5848,185.38,0.5847,189.39,0.5851,100.27,0.5852,416.27
1753591923803,04:52:03.803,binance,ACE/USDT:USDT,0.5848,185.38,0.5847,189.39,0.5851,100.27,0.5852,416.27
1753591924002,04:52:04.002,binance,ACE/USDT:USDT,0.5848,185.38,0.5847,189.39,0.5851,100.27,0.5852,416.27
1753591924201,04:52:04.201,binance,ACE/USDT:USDT,0.5849,200.42,0.5848,185.38,0.5851,31.89,0.5852,416.27
1753591924700,04:52:04.700,binance,ACE/USDT:USDT,0.5849,200.42,0.5848,185.38,0.5851,31.89,0.5852,450.46
1753591925102,04:52:05.102,binance,ACE/USDT:USDT,0.5849,200.42,0.5848,185.38,0.5851,66.08,0.5852,450.46
1753591925302,04:52:05.302,binance,ACE/USDT:USDT,0.5849,200.42,0.5848,185.38,0.5851,66.08,0.5852,450.46
1753591925530,04:52:05.530,binance,ACE/USDT:USDT,0.5849,200.42,0.5848,185.38,0.5851,31.89,0.5852,450.46
1753591925702,04:52:05.702,binance,ACE/USDT:USDT,0.5849,200.42,0.5848,185.38,0.5851,31.89,0.5852,450.46
1753591925901,04:52:05.901,binance,ACE/USDT:USDT,0.5848,185.38,0.5847,189.39,0.5851,31.89,0.5852,450.46
1753591926012,04:52:06.012,binance,ACE/USDT:USDT,0.5848,185.38,0.5847,189.39,0.5851,31.89,0.5852,450.46
1753591926802,04:52:06.802,binance,ACE/USDT:USDT,0.5848,14.46,0.5847,189.39,0.5851,66.09,0.5852,450.46
1753591927002,04:52:07.002,binance,ACE/USDT:USDT,0.5848,14.46,0.5847,189.39,0.5851,100.27,0.5852,450.46
1753591927388,04:52:07.388,binance,ACE/USDT:USDT,0.5848,14.46,0.5847,189.39,0.5851,100.27,0.5852,450.46
1753591927602,04:52:07.602,binance,ACE/USDT:USDT,0.5848,14.46,0.5847,189.39,0.5851,100.27,0.5852,450.46
1753591927902,04:52:07.902,binance,ACE/USDT:USDT,0.5848,14.46,0.5847,189.39,0.5851,100.27,0.5852,450.46
1753591928202,04:52:08.202,binance,ACE/USDT:USDT,0.5848,14.46,0.5847,189.39,0.5851,100.27,0.5852,450.46
1753591928361,04:52:08.361,binance,ACE/USDT:USDT,0.5847,203.64,0.5846,1066.34,0.585,200.42,0.5851,289.89
1753591928464,04:52:08.464,binance,ACE/USDT:USDT,0.5847,203.64,0.5846,1066.34,0.585,200.42,0.5851,289.89
1753591928572,04:52:08.572,binance,ACE/USDT:USDT,0.5847,203.64,0.5846,1066.34,0.585,200.42,0.5851,289.89
1753591928699,04:52:08.699,binance,ACE/USDT:USDT,0.5848,200.42,0.5847,203.64,0.585,200.42,0.5851,289.89
1753591928902,04:52:08.902,binance,ACE/USDT:USDT,0.5848,200.42,0.5847,203.64,0.585,234.62,0.5851,289.89
1753591929013,04:52:09.013,binance,ACE/USDT:USDT,0.5848,200.42,0.5847,203.64,0.585,34.2,0.5851,289.89
1753591929118,04:52:09.118,binance,ACE/USDT:USDT,0.5848,200.42,0.5847,203.64,0.585,34.2,0.5851,289.89
1753591929438,04:52:09.438,binance,ACE/USDT:USDT,0.5848,200.42,0.5847,203.64,0.5851,289.89,0.5852,416.27
1753591929593,04:52:09.593,binance,ACE/USDT:USDT,0.5848,200.42,0.5847,203.64,0.5851,289.89,0.5852,416.27
1753591929703,04:52:09.703,binance,ACE/USDT:USDT,0.5848,200.42,0.5847,203.64,0.585,8.59,0.5851,289.89
1753591930102,04:52:10.102,binance,ACE/USDT:USDT,0.5848,200.42,0.5847,203.64,0.585,42.79,0.5851,289.89
1753591930302,04:52:10.302,binance,ACE/USDT:USDT,0.5848,200.42,0.5847,189.39,0.585,42.79,0.5851,289.89
1753591930702,04:52:10.702,binance,ACE/USDT:USDT,0.5848,200.42,0.5847,189.39,0.585,42.79,0.5851,289.89
1753591930805,04:52:10.805,binance,ACE/USDT:USDT,0.5848,200.42,0.5847,189.39,0.585,42.79,0.5851,289.89
1753591931302,04:52:11.302,binance,ACE/USDT:USDT,0.5848,200.42,0.5847,189.39,0.585,8.59,0.5851,289.89
1753591931417,04:52:11.417,binance,ACE/USDT:USDT,0.5848,200.42,0.5847,189.39,0.585,8.59,0.5851,289.89
1753591931873,04:52:11.873,binance,ACE/USDT:USDT,0.5848,200.42,0.5847,189.39,0.585,8.59,0.5851,289.89
1753591932005,04:52:12.005,binance,ACE/USDT:USDT,0.5848,200.42,0.5847,189.39,0.585,8.59,0.5851,289.89
1753591932130,04:52:12.130,binance,ACE/USDT:USDT,0.5848,200.42,0.5847,189.39,0.585,8.59,0.5851,289.89
1753591932434,04:52:12.434,binance,ACE/USDT:USDT,0.5848,200.42,0.5847,189.39,0.585,8.59,0.5851,289.89
1753591932540,04:52:12.540,binance,ACE/USDT:USDT,0.5848,200.42,0.5847,189.39,0.585,42.79,0.5851,289.89
1753591933002,04:52:13.002,binance,ACE/USDT:USDT,0.5848,200.42,0.5847,189.39,0.585,42.79,0.5851,289.89
1753591933117,04:52:13.117,binance,ACE/USDT:USDT,0.5848,200.42,0.5847,189.39,0.585,42.79,0.5851,289.89
1753591933465,04:52:13.465,binance,ACE/USDT:USDT,0.5848,213.8,0.5847,189.39,0.585,8.59,0.5851,255.69
1753591933717,04:52:13.717,binance,ACE/USDT:USDT,0.5848,213.8,0.5847,189.39,0.585,8.59,0.5851,255.69
1753591934102,04:52:14.102,binance,ACE/USDT:USDT,0.5848,213.8,0.5847,189.39,0.585,8.59,0.5851,289.89
1753591934302,04:52:14.302,binance,ACE/USDT:USDT,0.5848,213.8,0.5847,189.39,0.585,8.59,0.5851,289.89
1753591934802,04:52:14.802,binance,ACE/USDT:USDT,0.5848,213.8,0.5847,358.76,0.585,8.59,0.5851,255.69
1753591934911,04:52:14.911,binance,ACE/USDT:USDT,0.5848,213.8,0.5847,358.76,0.5849,8.98,0.585,8.59
1753591935024,04:52:15.024,binance,ACE/USDT:USDT,0.5848,213.8,0.5847,358.76,0.5849,8.98,0.585,8.59
1753591935209,04:52:15.209,binance,ACE/USDT:USDT,0.5848,213.8,0.5847,358.76,0.5849,8.98,0.585,8.59
1753591935311,04:52:15.311,binance,ACE/USDT:USDT,0.5848,213.8,0.5847,358.76,0.5849,8.98,0.585,8.59
1753591935766,04:52:15.766,binance,ACE/USDT:USDT,0.5848,213.8,0.5847,358.76,0.585,8.59,0.5851,31.89
1753591935869,04:52:15.869,binance,ACE/USDT:USDT,0.5848,213.8,0.5847,358.76,0.585,8.59,0.5851,66.07
1753591935978,04:52:15.978,binance,ACE/USDT:USDT,0.5848,213.8,0.5847,358.76,0.585,8.59,0.5851,66.07
1753591936135,04:52:16.135,binance,ACE/USDT:USDT,0.5848,213.8,0.5847,358.76,0.585,8.59,0.5851,66.07
1753591936497,04:52:16.497,binance,ACE/USDT:USDT,0.5848,213.8,0.5847,358.76,0.585,42.79,0.5851,100.27
1753591936657,04:52:16.657,binance,ACE/USDT:USDT,0.5848,213.8,0.5847,358.76,0.585,42.79,0.5851,145.06
1753591937002,04:52:17.002,binance,ACE/USDT:USDT,0.5848,213.8,0.5847,358.76,0.585,42.79,0.5851,145.06
1753591937202,04:52:17.202,binance,ACE/USDT:USDT,0.5848,213.8,0.5847,358.76,0.585,42.79,0.5851,145.06
1753591937518,04:52:17.518,binance,ACE/USDT:USDT,0.5848,213.8,0.5847,189.39,0.585,42.79,0.5851,145.06
1753591937621,04:52:17.621,binance,ACE/USDT:USDT,0.5848,213.8,0.5847,189.39,0.585,42.79,0.5851,100.27
1753591937777,04:52:17.777,binance,ACE/USDT:USDT,0.5848,213.8,0.5847,189.39,0.585,42.79,0.5851,100.27
1753591937902,04:52:17.902,binance,ACE/USDT:USDT,0.5848,213.8,0.5847,189.39,0.585,42.79,0.5851,100.27
1753591938402,04:52:18.402,binance,ACE/USDT:USDT,0.5848,213.8,0.5847,189.39,0.585,42.79,0.5851,66.09
1753591938618,04:52:18.618,binance,ACE/USDT:USDT,0.5848,213.8,0.5847,358.76,0.585,8.59,0.5851,66.09
1753591938722,04:52:18.722,binance,ACE/USDT:USDT,0.5848,213.8,0.5847,358.76,0.585,8.59,0.5851,66.09
1753591939002,04:52:19.002,binance,ACE/USDT:USDT,0.5848,213.8,0.5847,358.76,0.585,8.59,0.5851,66.09
1753591939595,04:52:19.595,binance,ACE/USDT:USDT,0.5848,213.8,0.5847,501.46,0.585,8.59,0.5851,66.09
1753591939698,04:52:19.698,binance,ACE/USDT:USDT,0.5848,213.8,0.5847,501.46,0.585,8.59,0.5851,66.09
1753591939802,04:52:19.802,binance,ACE/USDT:USDT,0.5848,213.8,0.5847,501.46,0.585,8.59,0.5851,66.09
1753591940203,04:52:20.203,binance,ACE/USDT:USDT,0.5848,213.8,0.5847,501.46,0.585,8.59,0.5851,66.09
1753591940322,04:52:20.322,binance,ACE/USDT:USDT,0.5848,213.8,0.5847,501.46,0.585,8.59,0.5851,66.09
1753591940467,04:52:20.467,binance,ACE/USDT:USDT,0.5848,213.8,0.5847,501.46,0.585,8.59,0.5851,66.09
1753591940802,04:52:20.802,binance,ACE/USDT:USDT,0.5848,213.8,0.5847,501.46,0.585,8.59,0.5851,66.09
1753591941001,04:52:21.001,binance,ACE/USDT:USDT,0.5848,213.8,0.5847,501.46,0.585,8.59,0.5851,66.09
1753591941297,04:52:21.297,binance,ACE/USDT:USDT,0.5848,213.8,0.5847,501.46,0.585,8.59,0.5851,66.09
1753591941401,04:52:21.401,binance,ACE/USDT:USDT,0.5848,213.8,0.5847,501.46,0.585,8.59,0.5851,66.09
1753591941601,04:52:21.601,binance,ACE/USDT:USDT,0.5848,213.8,0.5847,501.46,0.585,8.59,0.5851,66.09
1753591941902,04:52:21.902,binance,ACE/USDT:USDT,0.5848,213.8,0.5847,501.46,0.585,8.59,0.5851,66.09
1753591942102,04:52:22.102,binance,ACE/USDT:USDT,0.5848,213.8,0.5847,501.46,0.585,8.59,0.5851,66.09
1753591942502,04:52:22.502,binance,ACE/USDT:USDT,0.5848,213.8,0.5847,501.46,0.585,8.59,0.5851,66.09
1753591942701,04:52:22.701,binance,ACE/USDT:USDT,0.5848,213.8,0.5847,501.46,0.585,8.59,0.5851,66.09
1753591942920,04:52:22.920,binance,ACE/USDT:USDT,0.5848,222.78,0.5847,501.46,0.585,8.59,0.5851,31.89
1753591943026,04:52:23.026,binance,ACE/USDT:USDT,0.5848,222.78,0.5847,501.46,0.585,8.59,0.5851,31.89
1753591943324,04:52:23.324,binance,ACE/USDT:USDT,0.585,200.42,0.5849,184.8,0.5851,31.89,0.5852,109.41
1753591943434,04:52:23.434,binance,ACE/USDT:USDT,0.585,200.42,0.5849,184.8,0.5851,31.89,0.5852,109.41
1753591943633,04:52:23.633,binance,ACE/USDT:USDT,0.5849,184.8,0.5848,363.17,0.5851,31.89,0.5852,109.41
1753591943736,04:52:23.736,binance,ACE/USDT:USDT,0.5849,184.8,0.5848,504.27,0.5851,31.89,0.5852,109.41
1753591943902,04:52:23.902,binance,ACE/USDT:USDT,0.5849,184.8,0.5848,504.27,0.5851,31.89,0.5852,109.41
1753591944007,04:52:24.007,binance,ACE/USDT:USDT,0.5849,184.8,0.5848,504.27,0.5851,31.89,0.5852,109.41
1753591944178,04:52:24.178,binance,ACE/USDT:USDT,0.5849,184.8,0.5848,504.27,0.5851,31.89,0.5852,109.41
1753591944323,04:52:24.323,binance,ACE/USDT:USDT,0.5849,184.8,0.5848,361.58,0.5851,31.89,0.5852,109.41
1753591944472,04:52:24.472,binance,ACE/USDT:USDT,0.5849,184.8,0.5848,504.27,0.5851,31.89,0.5852,109.41
1753591944575,04:52:24.575,binance,ACE/USDT:USDT,0.5849,184.8,0.5848,504.27,0.5851,31.89,0.5852,109.41
1753591944687,04:52:24.687,binance,ACE/USDT:USDT,0.585,200.42,0.5849,184.8,0.5851,31.89,0.5852,27.81
1753591944817,04:52:24.817,binance,ACE/USDT:USDT,0.585,200.42,0.5849,184.8,0.5851,31.89,0.5852,27.81
1753591945000,04:52:25.000,binance,ACE/USDT:USDT,0.5849,184.8,0.5848,692.29,0.5851,31.89,0.5852,79.1
1753591945106,04:52:25.106,binance,ACE/USDT:USDT,0.5849,184.8,0.5848,692.29,0.5851,31.89,0.5852,113.28
1753591945212,04:52:25.212,binance,ACE/USDT:USDT,0.5849,184.8,0.5848,692.29,0.5851,31.89,0.5852,113.28
1753591945319,04:52:25.319,binance,ACE/USDT:USDT,0.5849,184.8,0.5848,692.29,0.5851,31.89,0.5852,79.09
1753591945634,04:52:25.634,binance,ACE/USDT:USDT,0.5849,184.8,0.5848,692.29,0.5851,31.89,0.5852,113.28
1753591945740,04:52:25.740,binance,ACE/USDT:USDT,0.5849,184.8,0.5848,692.29,0.5851,66.08,0.5852,113.28
1753591945902,04:52:25.902,binance,ACE/USDT:USDT,0.5849,184.8,0.5848,692.29,0.5851,66.08,0.5852,113.28
1753591946079,04:52:26.079,binance,ACE/USDT:USDT,0.5849,184.8,0.5848,380.24,0.5851,66.08,0.5852,113.28
1753591946302,04:52:26.302,binance,ACE/USDT:USDT,0.5849,184.8,0.5848,380.24,0.5851,66.08,0.5852,113.28
1753591946426,04:52:26.426,binance,ACE/USDT:USDT,0.5849,184.8,0.5848,549.6,0.5851,31.89,0.5852,113.28
1753591946552,04:52:26.552,binance,ACE/USDT:USDT,0.5849,184.8,0.5848,380.24,0.5851,31.89,0.5852,113.28
1753591946655,04:52:26.655,binance,ACE/USDT:USDT,0.5849,184.8,0.5848,380.24,0.5851,31.89,0.5852,113.28
1753591946777,04:52:26.777,binance,ACE/USDT:USDT,0.5849,184.8,0.5848,380.24,0.5851,31.89,0.5852,113.28
1753591946927,04:52:26.927,binance,ACE/USDT:USDT,0.5849,184.8,0.5848,549.6,0.5851,31.89,0.5852,113.28
1753591947122,04:52:27.122,binance,ACE/USDT:USDT,0.5849,184.8,0.5848,380.24,0.5851,66.08,0.5852,113.28
1753591947224,04:52:27.224,binance,ACE/USDT:USDT,0.5849,184.8,0.5848,210.38,0.5851,66.08,0.5852,113.28
1753591947402,04:52:27.402,binance,ACE/USDT:USDT,0.5849,184.8,0.5848,210.38,0.5851,66.08,0.5852,220.8
1753591947507,04:52:27.507,binance,ACE/USDT:USDT,0.5849,184.8,0.5848,210.38,0.5851,66.08,0.5852,220.8
1753591947687,04:52:27.687,binance,ACE/USDT:USDT,0.5849,184.8,0.5848,210.38,0.5851,66.08,0.5852,220.8
1753591948002,04:52:28.002,binance,ACE/USDT:USDT,0.5849,184.8,0.5848,210.38,0.5851,66.08,0.5852,220.8
1753591948118,04:52:28.118,binance,ACE/USDT:USDT,0.5849,184.8,0.5848,379.74,0.5851,66.08,0.5852,220.8
1753591948266,04:52:28.266,binance,ACE/USDT:USDT,0.5848,22.36,0.5847,288.85,0.5851,66.08,0.5852,220.8
1753591948398,04:52:28.398,binance,ACE/USDT:USDT,0.5848,22.36,0.5847,288.85,0.5851,66.08,0.5852,113.28
1753591948547,04:52:28.547,binance,ACE/USDT:USDT,0.5848,22.36,0.5847,288.85,0.5851,66.08,0.5852,113.28
1753591948902,04:52:28.902,binance,ACE/USDT:USDT,0.5848,22.36,0.5847,288.85,0.5851,66.08,0.5852,113.28
1753591949048,04:52:29.048,binance,ACE/USDT:USDT,0.5848,22.36,0.5847,288.85,0.5851,66.08,0.5852,113.28
1753591949196,04:52:29.196,binance,ACE/USDT:USDT,0.5848,22.36,0.5847,288.85,0.5851,66.08,0.5852,298.08
1753591949355,04:52:29.355,binance,ACE/USDT:USDT,0.5848,22.36,0.5847,206.49,0.585,200.42,0.5851,83.18
1753591949488,04:52:29.488,binance,ACE/USDT:USDT,0.5848,22.36,0.5847,206.49,0.585,200.42,0.5851,83.18
1753591949720,04:52:29.720,binance,ACE/USDT:USDT,0.5848,22.36,0.5847,206.49,0.5851,91.14,0.5852,263.9
1753591949822,04:52:29.822,binance,ACE/USDT:USDT,0.5848,22.36,0.5847,206.49,0.5851,91.14,0.5852,263.9
1753591949959,04:52:29.959,binance,ACE/USDT:USDT,0.5848,22.36,0.5847,206.49,0.585,200.42,0.5851,293.04
1753591950072,04:52:30.072,binance,ACE/USDT:USDT,0.5848,22.36,0.5847,206.49,0.585,200.42,0.5851,293.04
1753591950202,04:52:30.202,binance,ACE/USDT:USDT,0.5848,22.36,0.5847,206.49,0.585,200.42,0.5851,293.04
1753591950717,04:52:30.717,binance,ACE/USDT:USDT,0.5848,22.36,0.5847,206.49,0.585,200.42,0.5851,293.04
1753591950827,04:52:30.827,binance,ACE/USDT:USDT,0.5848,22.36,0.5847,206.49,0.585,200.42,0.5851,293.04
1753591951190,04:52:31.190,binance,ACE/USDT:USDT,0.5848,22.36,0.5847,206.49,0.585,200.42,0.5851,241.75
1753591951298,04:52:31.298,binance,ACE/USDT:USDT,0.5848,22.36,0.5847,206.49,0.585,200.42,0.5851,258.85
1753591951715,04:52:31.715,binance,ACE/USDT:USDT,0.5848,22.36,0.5847,206.49,0.585,200.42,0.5851,258.85
1753591951817,04:52:31.817,binance,ACE/USDT:USDT,0.5848,22.36,0.5847,206.49,0.585,200.42,0.5851,258.85
1753591951919,04:52:31.919,binance,ACE/USDT:USDT,0.5848,22.36,0.5847,206.49,0.585,200.42,0.5851,258.85
1753591952159,04:52:32.159,binance,ACE/USDT:USDT,0.5848,22.36,0.5847,206.49,0.5851,241.75,0.5852,229.71
1753591952267,04:52:32.267,binance,ACE/USDT:USDT,0.5848,22.36,0.5847,206.49,0.5851,241.75,0.5852,229.71
1753591952397,04:52:32.397,binance,ACE/USDT:USDT,0.5848,22.36,0.5847,206.49,0.5851,241.75,0.5852,229.71
1753591952780,04:52:32.780,binance,ACE/USDT:USDT,0.5848,22.36,0.5847,206.49,0.5851,275.95,0.5852,263.91
1753591952902,04:52:32.902,binance,ACE/USDT:USDT,0.5848,22.36,0.5847,206.49,0.585,200.42,0.5851,293.05
1753591953011,04:52:33.011,binance,ACE/USDT:USDT,0.5848,22.36,0.5847,206.49,0.585,234.62,0.5851,293.05
1753591953427,04:52:33.427,binance,ACE/USDT:USDT,0.5848,22.36,0.5847,206.49,0.585,234.62,0.5851,293.05
1753591953535,04:52:33.535,binance,ACE/USDT:USDT,0.5848,22.36,0.5847,206.49,0.585,234.62,0.5851,293.05
1753591953637,04:52:33.637,binance,ACE/USDT:USDT,0.5848,22.36,0.5847,206.49,0.585,216.62,0.5851,267.99
1753591954113,04:52:34.113,binance,ACE/USDT:USDT,0.5848,22.36,0.5847,206.49,0.585,216.62,0.5851,267.99
1753591954217,04:52:34.217,binance,ACE/USDT:USDT,0.5848,22.36,0.5847,206.49,0.585,216.62,0.5851,267.99
1753591954677,04:52:34.677,binance,ACE/USDT:USDT,0.5848,22.36,0.5847,206.49,0.585,216.62,0.5851,267.99
1753591955202,04:52:35.202,binance,ACE/USDT:USDT,0.5848,22.36,0.5847,206.49,0.585,216.62,0.5851,267.99
1753591955717,04:52:35.717,binance,ACE/USDT:USDT,0.5848,22.36,0.5847,206.49,0.585,216.62,0.5851,267.99
1753591956113,04:52:36.113,binance,ACE/USDT:USDT,0.5848,30.91,0.5847,206.49,0.585,182.42,0.5851,233.79
1753591956257,04:52:36.257,binance,ACE/USDT:USDT,0.5848,30.91,0.5847,206.49,0.585,182.42,0.5851,233.79
1753591956634,04:52:36.634,binance,ACE/USDT:USDT,0.5848,30.91,0.5847,206.49,0.585,182.42,0.5851,233.79
1753591956807,04:52:36.807,binance,ACE/USDT:USDT,0.5848,30.91,0.5847,206.49,0.585,182.42,0.5851,233.79
1753591957317,04:52:37.317,binance,ACE/USDT:USDT,0.5848,30.91,0.5847,206.49,0.585,182.42,0.5851,233.79
1753591957867,04:52:37.867,binance,ACE/USDT:USDT,0.5848,30.91,0.5847,206.49,0.585,182.42,0.5851,267.99
1753591958353,04:52:38.353,binance,ACE/USDT:USDT,0.5848,30.91,0.5847,206.49,0.585,191.4,0.5851,267.99
1753591958477,04:52:38.477,binance,ACE/USDT:USDT,0.5848,30.91,0.5847,206.49,0.585,225.6,0.5851,267.99
1753591958958,04:52:38.958,binance,ACE/USDT:USDT,0.5848,30.91,0.5847,206.49,0.585,191.4,0.5851,267.99
1753591959302,04:52:39.302,binance,ACE/USDT:USDT,0.5848,30.91,0.5847,206.49,0.585,191.4,0.5851,267.99
1753591959502,04:52:39.502,binance,ACE/USDT:USDT,0.5848,30.91,0.5847,206.49,0.585,191.4,0.5851,267.99
1753591959607,04:52:39.607,binance,ACE/USDT:USDT,0.5848,30.91,0.5847,206.49,0.585,225.6,0.5851,267.99
1753591959780,04:52:39.780,binance,ACE/USDT:USDT,0.5849,200.42,0.5848,232.26,0.585,42.44,0.5851,48.99
1753591959884,04:52:39.884,binance,ACE/USDT:USDT,0.5849,200.42,0.5848,232.26,0.585,42.44,0.5851,48.99
1753591960048,04:52:40.048,binance,ACE/USDT:USDT,0.5849,200.42,0.5848,232.26,0.585,42.44,0.5851,48.99
1753591960153,04:52:40.153,binance,ACE/USDT:USDT,0.5849,200.42,0.5848,232.26,0.585,42.44,0.5851,48.99
1753591960430,04:52:40.430,binance,ACE/USDT:USDT,0.5848,215.16,0.5847,545.72,0.585,42.44,0.5851,48.99
1753591960552,04:52:40.552,binance,ACE/USDT:USDT,0.5848,215.16,0.5847,688.42,0.585,42.44,0.5851,48.99
1753591960654,04:52:40.654,binance,ACE/USDT:USDT,0.5848,215.16,0.5847,688.42,0.585,42.44,0.5851,48.99
1753591960872,04:52:40.872,binance,ACE/USDT:USDT,0.5848,215.16,0.5847,688.42,0.585,42.44,0.5851,48.99
1753591961202,04:52:41.202,binance,ACE/USDT:USDT,0.5848,215.16,0.5847,688.42,0.585,42.44,0.5851,48.99
1753591961367,04:52:41.367,binance,ACE/USDT:USDT,0.5848,215.16,0.5847,545.73,0.585,42.44,0.5851,48.99
1753591961519,04:52:41.519,binance,ACE/USDT:USDT,0.5848,30.91,0.5847,376.36,0.585,42.44,0.5851,233.24
1753591961623,04:52:41.623,binance,ACE/USDT:USDT,0.5848,30.91,0.5847,376.36,0.585,42.44,0.5851,233.24
1753591961754,04:52:41.754,binance,ACE/USDT:USDT,0.5848,30.91,0.5847,376.36,0.585,42.44,0.5851,233.24
1753591961902,04:52:41.902,binance,ACE/USDT:USDT,0.5848,30.91,0.5847,376.36,0.585,42.44,0.5851,233.24
1753591962087,04:52:42.087,binance,ACE/USDT:USDT,0.5848,30.91,0.5847,376.36,0.585,42.44,0.5851,233.24
1753591962302,04:52:42.302,binance,ACE/USDT:USDT,0.5848,30.91,0.5847,376.36,0.585,42.44,0.5851,233.24
1753591962451,04:52:42.451,binance,ACE/USDT:USDT,0.5848,108.56,0.5847,545.73,0.585,42.44,0.5851,233.24
1753591962567,04:52:42.567,binance,ACE/USDT:USDT,0.5848,108.56,0.5847,375.86,0.585,42.44,0.5851,233.24
1753591962697,04:52:42.697,binance,ACE/USDT:USDT,0.5848,108.56,0.5847,375.86,0.585,42.44,0.5851,233.24
1753591962823,04:52:42.823,binance,ACE/USDT:USDT,0.5848,108.56,0.5847,375.86,0.585,42.44,0.5851,233.24
1753591963024,04:52:43.024,binance,ACE/USDT:USDT,0.5848,108.56,0.5847,206.49,0.585,42.44,0.5851,233.24
1753591963130,04:52:43.130,binance,ACE/USDT:USDT,0.5848,108.56,0.5847,206.49,0.585,42.44,0.5851,233.24
1753591963367,04:52:43.367,binance,ACE/USDT:USDT,0.5848,108.56,0.5847,206.49,0.585,42.44,0.5851,233.24
1753591963517,04:52:43.517,binance,ACE/USDT:USDT,0.5848,108.56,0.5847,375.86,0.585,42.44,0.5851,267.44
1753591963623,04:52:43.623,binance,ACE/USDT:USDT,0.5849,200.42,0.5848,48.01,0.585,42.44,0.5851,48.99
1753591963738,04:52:43.738,binance,ACE/USDT:USDT,0.5849,200.42,0.5848,231.38,0.585,42.44,0.5851,48.99
1753591963877,04:52:43.877,binance,ACE/USDT:USDT,0.5849,200.42,0.5848,231.38,0.585,42.44,0.5851,48.99
1753591964033,04:52:44.033,binance,ACE/USDT:USDT,0.5849,200.42,0.5848,231.38,0.585,42.44,0.5851,48.99
1753591964167,04:52:44.167,binance,ACE/USDT:USDT,0.5849,200.42,0.5848,231.38,0.585,42.44,0.5851,48.99
1753591964387,04:52:44.387,binance,ACE/USDT:USDT,0.5849,200.42,0.5848,231.38,0.585,42.44,0.5851,48.99
1753591964520,04:52:44.520,binance,ACE/USDT:USDT,0.5849,200.42,0.5848,231.38,0.585,42.44,0.5851,83.19
1753591964677,04:52:44.677,binance,ACE/USDT:USDT,0.5849,200.42,0.5848,231.38,0.585,42.44,0.5851,83.19
1753591965001,04:52:45.001,binance,ACE/USDT:USDT,0.5849,200.42,0.5848,231.38,0.585,42.44,0.5851,83.19
1753591965202,04:52:45.202,binance,ACE/USDT:USDT,0.5849,200.42,0.5848,231.38,0.585,42.44,0.5851,83.19
1753591965497,04:52:45.497,binance,ACE/USDT:USDT,0.5849,200.42,0.5848,231.38,0.585,42.44,0.5851,83.19
1753591965624,04:52:45.624,binance,ACE/USDT:USDT,0.5849,200.42,0.5848,231.38,0.585,42.44,0.5851,83.19
1753591965802,04:52:45.802,binance,ACE/USDT:USDT,0.5849,200.42,0.5848,231.38,0.585,42.44,0.5851,83.19
1753591965976,04:52:45.976,binance,ACE/USDT:USDT,0.5849,200.42,0.5848,231.38,0.585,42.44,0.5851,83.19
1753591966087,04:52:46.087,binance,ACE/USDT:USDT,0.5849,200.42,0.5848,231.38,0.585,42.44,0.5851,83.19
1753591966402,04:52:46.402,binance,ACE/USDT:USDT,0.5849,200.42,0.5848,231.38,0.585,42.44,0.5851,83.19
1753591966601,04:52:46.601,binance,ACE/USDT:USDT,0.5849,200.42,0.5848,231.38,0.585,42.44,0.5851,83.19
1753591966957,04:52:46.957,binance,ACE/USDT:USDT,0.5849,200.42,0.5848,231.38,0.585,76.64,0.5851,83.19
1753591967067,04:52:47.067,binance,ACE/USDT:USDT,0.5849,200.42,0.5848,231.38,0.585,42.44,0.5851,83.19
1753591967186,04:52:47.186,binance,ACE/USDT:USDT,0.5849,200.42,0.5848,231.38,0.585,42.44,0.5851,83.19
1753591967363,04:52:47.363,binance,ACE/USDT:USDT,0.5849,200.42,0.5848,231.38,0.585,42.44,0.5851,83.19
1753591968102,04:52:48.102,binance,ACE/USDT:USDT,0.5849,200.42,0.5848,231.38,0.585,42.44,0.5851,48.99
1753591968230,04:52:48.230,binance,ACE/USDT:USDT,0.5849,200.42,0.5848,402.32,0.5851,31.89,0.5852,53.46
1753591968332,04:52:48.332,binance,ACE/USDT:USDT,0.5849,200.42,0.5848,402.32,0.5851,31.89,0.5852,53.46
1753591968657,04:52:48.657,binance,ACE/USDT:USDT,0.5849,200.42,0.5848,402.32,0.5851,31.89,0.5852,87.65
1753591968762,04:52:48.762,binance,ACE/USDT:USDT,0.5849,200.42,0.5848,402.32,0.5851,66.08,0.5852,87.65
1753591969136,04:52:49.136,binance,ACE/USDT:USDT,0.5849,200.42,0.5848,402.32,0.5851,31.89,0.5852,87.65
1753591969301,04:52:49.301,binance,ACE/USDT:USDT,0.5849,200.42,0.5848,402.32,0.5851,31.89,0.5852,87.65
1753591969440,04:52:49.440,binance,ACE/USDT:USDT,0.5849,200.42,0.5848,402.32,0.5851,66.08,0.5852,87.65
1753591970001,04:52:50.001,binance,ACE/USDT:USDT,0.5849,200.42,0.5848,402.32,0.5851,66.08,0.5852,87.65
1753591970175,04:52:50.175,binance,ACE/USDT:USDT,0.5849,200.42,0.5848,402.32,0.5851,66.08,0.5852,87.65
1753591970368,04:52:50.368,binance,ACE/USDT:USDT,0.5849,200.42,0.5848,402.32,0.5851,31.89,0.5852,87.65
1753591970500,04:52:50.500,binance,ACE/USDT:USDT,0.5849,200.42,0.5848,545.01,0.5851,31.89,0.5852,53.46
1753591970923,04:52:50.923,binance,ACE/USDT:USDT,0.5849,200.42,0.5848,402.32,0.5851,31.89,0.5852,53.46
1753591971028,04:52:51.028,binance,ACE/USDT:USDT,0.5849,200.42,0.5848,402.32,0.5851,31.89,0.5852,87.65
1753591971269,04:52:51.269,binance,ACE/USDT:USDT,0.5849,200.42,0.5848,402.32,0.5851,66.08,0.5852,87.65
1753591971418,04:52:51.418,binance,ACE/USDT:USDT,0.5849,200.42,0.5848,402.32,0.5851,66.08,0.5852,87.65
1753591971602,04:52:51.602,binance,ACE/USDT:USDT,0.5849,200.42,0.5848,402.32,0.5851,66.08,0.5852,87.65
1753591972271,04:52:52.271,binance,ACE/USDT:USDT,0.5849,200.42,0.5848,545.01,0.5851,31.89,0.5852,87.65
1753591972695,04:52:52.695,binance,ACE/USDT:USDT,0.5849,200.42,0.5848,545.01,0.5851,31.89,0.5852,87.65
1753591972902,04:52:52.902,binance,ACE/USDT:USDT,0.5849,200.42,0.5848,545.01,0.5851,31.89,0.5852,87.65
1753591973287,04:52:53.287,binance,ACE/USDT:USDT,0.5849,200.42,0.5848,545.01,0.5851,31.89,0.5852,53.46
1753591973393,04:52:53.393,binance,ACE/USDT:USDT,0.5849,200.42,0.5848,545.01,0.5851,31.89,0.5852,53.46
1753591973887,04:52:53.887,binance,ACE/USDT:USDT,0.5849,200.42,0.5848,545.01,0.5851,31.89,0.5852,53.46
1753591974147,04:52:54.147,binance,ACE/USDT:USDT,0.5849,200.42,0.5848,545.01,0.5851,66.08,0.5852,53.46
1753591975272,04:52:55.272,binance,ACE/USDT:USDT,0.5849,188.68,0.5848,402.32,0.5851,66.08,0.5852,53.46
1753591975754,04:52:55.754,binance,ACE/USDT:USDT,0.5849,12.6,0.5848,231.38,0.585,200.42,0.5851,83.18
1753591975856,04:52:55.856,binance,ACE/USDT:USDT,0.5849,12.6,0.5848,231.38,0.585,200.42,0.5851,83.18
1753591976163,04:52:56.163,binance,ACE/USDT:USDT,0.5849,12.6,0.5848,231.38,0.585,200.42,0.5851,83.18
1753591976265,04:52:56.265,binance,ACE/USDT:USDT,0.5849,12.6,0.5848,231.38,0.585,200.42,0.5851,83.18
1753591976631,04:52:56.631,binance,ACE/USDT:USDT,0.5849,12.6,0.5848,231.38,0.585,200.42,0.5851,83.18
1753591976733,04:52:56.733,binance,ACE/USDT:USDT,0.5849,12.6,0.5848,231.38,0.585,234.62,0.5851,83.18
1753591977302,04:52:57.302,binance,ACE/USDT:USDT,0.5849,12.6,0.5848,231.38,0.585,234.62,0.5851,83.18
1753591977887,04:52:57.887,binance,ACE/USDT:USDT,0.5849,12.6,0.5848,231.38,0.585,234.62,0.5851,83.18
1753591978079,04:52:58.079,binance,ACE/USDT:USDT,0.5849,12.6,0.5848,231.38,0.585,34.2,0.5851,83.18
1753591978402,04:52:58.402,binance,ACE/USDT:USDT,0.5849,12.6,0.5848,231.38,0.585,34.2,0.5851,83.18
1753591979002,04:52:59.002,binance,ACE/USDT:USDT,0.5849,12.6,0.5848,231.38,0.585,34.2,0.5851,83.18
1753591979398,04:52:59.398,binance,ACE/USDT:USDT,0.5849,12.6,0.5848,48.01,0.585,34.2,0.5851,440.88
1753591979508,04:52:59.508,binance,ACE/USDT:USDT,0.5849,12.6,0.5848,48.01,0.5851,237.03,0.5852,728.34
1753591979663,04:52:59.663,binance,ACE/USDT:USDT,0.5849,12.6,0.5848,48.01,0.5851,237.03,0.5852,728.34
1753591979774,04:52:59.774,binance,ACE/USDT:USDT,0.5849,12.6,0.5848,48.01,0.5851,237.03,0.5852,728.34
1753591980057,04:53:00.057,binance,ACE/USDT:USDT,0.5849,12.6,0.5848,39.46,0.5851,237.03,0.5852,719.79
1753591980204,04:53:00.204,binance,ACE/USDT:USDT,0.5849,12.6,0.5848,39.46,0.5851,237.03,0.5852,719.79
1753591980602,04:53:00.602,binance,ACE/USDT:USDT,0.5849,12.6,0.5848,39.46,0.5851,237.03,0.5852,719.79
1753591981202,04:53:01.202,binance,ACE/USDT:USDT,0.5849,12.6,0.5848,39.46,0.5851,237.03,0.5852,719.79
1753591981760,04:53:01.760,binance,ACE/USDT:USDT,0.5849,12.6,0.5848,39.46,0.5851,237.03,0.5852,719.79
1753591982397,04:53:02.397,binance,ACE/USDT:USDT,0.5849,12.6,0.5848,39.46,0.5851,237.03,0.5852,719.79
1753591983502,04:53:03.502,binance,ACE/USDT:USDT,0.5849,12.6,0.5848,39.46,0.5851,237.03,0.5852,719.79
1753591983732,04:53:03.732,binance,ACE/USDT:USDT,0.5849,131.58,0.5848,39.46,0.5851,237.03,0.5852,719.79
1753591983884,04:53:03.884,binance,ACE/USDT:USDT,0.5849,131.58,0.5848,228.72,0.5851,237.03,0.5852,719.79
1753591983994,04:53:03.994,binance,ACE/USDT:USDT,0.5849,131.58,0.5848,228.72,0.5851,237.03,0.5852,719.79
1753591984201,04:53:04.201,binance,ACE/USDT:USDT,0.5849,131.58,0.5848,228.72,0.5851,237.03,0.5852,719.79
1753591984562,04:53:04.562,binance,ACE/USDT:USDT,0.5849,131.58,0.5848,228.72,0.585,200.42,0.5851,254.13
1753591984668,04:53:04.668,binance,ACE/USDT:USDT,0.5849,131.58,0.5848,228.72,0.585,200.42,0.5851,254.13
1753591985068,04:53:05.068,binance,ACE/USDT:USDT,0.5849,131.58,0.5848,228.72,0.585,200.42,0.5851,254.13
1753591985171,04:53:05.171,binance,ACE/USDT:USDT,0.5849,131.58,0.5848,228.72,0.585,234.62,0.5851,254.13
1753591985287,04:53:05.287,binance,ACE/USDT:USDT,0.5849,131.58,0.5848,228.72,0.585,234.62,0.5851,254.13
1753591985702,04:53:05.702,binance,ACE/USDT:USDT,0.5849,131.58,0.5848,228.72,0.585,234.62,0.5851,254.13
1753591986284,04:53:06.284,binance,ACE/USDT:USDT,0.5849,131.58,0.5848,228.72,0.585,234.62,0.5851,254.13
1753591986401,04:53:06.401,binance,ACE/USDT:USDT,0.5849,131.58,0.5848,228.72,0.585,234.62,0.5851,254.13
1753591986574,04:53:06.574,binance,ACE/USDT:USDT,0.5849,131.58,0.5848,228.72,0.585,234.62,0.5851,254.13
1753591986846,04:53:06.846,binance,ACE/USDT:USDT,0.5849,221.34,0.5848,228.72,0.585,234.62,0.5851,254.13
1753591986958,04:53:06.958,binance,ACE/USDT:USDT,0.5849,221.34,0.5848,228.72,0.585,234.62,0.5851,254.13
1753591987066,04:53:07.066,binance,ACE/USDT:USDT,0.5849,221.34,0.5848,228.72,0.585,234.62,0.5851,254.13
1753591987502,04:53:07.502,binance,ACE/USDT:USDT,0.5849,263.23,0.5848,228.72,0.585,234.62,0.5851,254.13
1753591988102,04:53:08.102,binance,ACE/USDT:USDT,0.5849,263.23,0.5848,228.72,0.585,234.62,0.5851,254.13
1753591988257,04:53:08.257,binance,ACE/USDT:USDT,0.5849,263.23,0.5848,228.72,0.585,200.42,0.5851,254.13
1753591988702,04:53:08.702,binance,ACE/USDT:USDT,0.5849,263.23,0.5848,228.72,0.585,200.42,0.5851,254.13
1753591988808,04:53:08.808,binance,ACE/USDT:USDT,0.5849,263.23,0.5848,228.72,0.585,234.62,0.5851,254.13
1753591989041,04:53:09.041,binance,ACE/USDT:USDT,0.5849,263.23,0.5848,228.72,0.585,234.62,0.5851,254.13
1753591989302,04:53:09.302,binance,ACE/USDT:USDT,0.5849,263.23,0.5848,228.72,0.585,234.62,0.5851,254.13
1753591989552,04:53:09.552,binance,ACE/USDT:USDT,0.5849,263.23,0.5848,228.72,0.585,234.62,0.5851,254.13
1753591989787,04:53:09.787,binance,ACE/USDT:USDT,0.5849,273.56,0.5848,228.72,0.585,200.42,0.5851,219.94
1753591989902,04:53:09.902,binance,ACE/USDT:USDT,0.5849,273.56,0.5848,228.72,0.585,200.42,0.5851,219.94
1753591990136,04:53:10.136,binance,ACE/USDT:USDT,0.5849,273.57,0.5848,228.72,0.585,209.1,0.5851,254.14
1753591990388,04:53:10.388,binance,ACE/USDT:USDT,0.5849,273.57,0.5848,228.72,0.585,209.1,0.5851,254.14
1753591990501,04:53:10.501,binance,ACE/USDT:USDT,0.5849,273.57,0.5848,228.72,0.585,209.1,0.5851,254.14
1753591990902,04:53:10.902,binance,ACE/USDT:USDT,0.5849,273.57,0.5848,228.72,0.585,209.1,0.5851,254.14
1753591991395,04:53:11.395,binance,ACE/USDT:USDT,0.5849,273.04,0.5848,228.72,0.585,209.1,0.5851,254.14
1753591991502,04:53:11.502,binance,ACE/USDT:USDT,0.5849,273.04,0.5848,228.72,0.585,209.1,0.5851,266.11
1753591991805,04:53:11.805,binance,ACE/USDT:USDT,0.5849,273.04,0.5848,228.72,0.585,209.1,0.5851,266.11
1753591991929,04:53:11.929,binance,ACE/USDT:USDT,0.5849,41.63,0.5848,129.22,0.585,209.1,0.5851,266.11
1753591992033,04:53:12.033,binance,ACE/USDT:USDT,0.5848,112.12,0.5847,1863.25,0.585,243.3,0.5851,266.11
1753591992141,04:53:12.141,binance,ACE/USDT:USDT,0.5848,201.88,0.5847,1863.25,0.585,243.3,0.5851,266.11
1753591992652,04:53:12.652,binance,ACE/USDT:USDT,0.5848,201.88,0.5847,1863.25,0.585,243.3,0.5851,266.11
1753591992864,04:53:12.864,binance,ACE/USDT:USDT,0.5847,1846.15,0.5846,218.87,0.585,243.3,0.5851,451.3
1753591992972,04:53:12.972,binance,ACE/USDT:USDT,0.5847,1846.15,0.5846,291.6,0.585,243.3,0.5851,451.3
1753591993187,04:53:13.187,binance,ACE/USDT:USDT,0.5847,1846.15,0.5846,291.6,0.585,243.3,0.5851,451.3
1753591993502,04:53:13.502,binance,ACE/USDT:USDT,0.5846,357.18,0.5845,2535.77,0.585,243.3,0.5851,451.3
1753591993630,04:53:13.630,binance,ACE/USDT:USDT,0.5847,200.42,0.5846,528.17,0.585,243.3,0.5851,451.3
1753591993737,04:53:13.737,binance,ACE/USDT:USDT,0.5847,200.42,0.5846,545.27,0.585,243.3,0.5851,451.3
1753591993861,04:53:13.861,binance,ACE/USDT:USDT,0.5847,200.42,0.5846,545.27,0.585,243.3,0.5851,451.3
1753591993968,04:53:13.968,binance,ACE/USDT:USDT,0.5847,200.42,0.5846,545.27,0.585,243.3,0.5851,451.3
1753591994287,04:53:14.287,binance,ACE/USDT:USDT,0.5847,200.42,0.5846,545.27,0.585,243.3,0.5851,451.3
1753591994797,04:53:14.797,binance,ACE/USDT:USDT,0.5847,200.42,0.5846,545.27,0.585,243.3,0.5851,451.3
1753591995347,04:53:15.347,binance,ACE/USDT:USDT,0.5847,200.42,0.5846,545.27,0.585,243.3,0.5851,451.3
1753591995571,04:53:15.571,binance,ACE/USDT:USDT,0.5847,200.42,0.5846,545.27,0.585,243.3,0.5851,451.3
1753591995694,04:53:15.694,binance,ACE/USDT:USDT,0.5847,200.42,0.5846,545.27,0.585,243.3,0.5851,451.3
1753591995902,04:53:15.902,binance,ACE/USDT:USDT,0.5847,200.42,0.5846,545.27,0.585,243.3,0.5851,451.3
1753591996149,04:53:16.149,binance,ACE/USDT:USDT,0.5847,200.42,0.5846,545.27,0.585,243.3,0.5851,451.3
1753591996408,04:53:16.408,binance,ACE/USDT:USDT,0.5847,200.42,0.5846,545.27,0.585,243.3,0.5851,451.3
1753591996547,04:53:16.547,binance,ACE/USDT:USDT,0.5847,200.42,0.5846,545.27,0.585,243.3,0.5851,451.3
1753591996987,04:53:16.987,binance,ACE/USDT:USDT,0.5847,200.42,0.5846,545.27,0.585,243.3,0.5851,451.3
1753591997097,04:53:17.097,binance,ACE/USDT:USDT,0.5847,200.42,0.5846,545.27,0.585,243.3,0.5851,451.3
1753591997537,04:53:17.537,binance,ACE/USDT:USDT,0.5847,200.42,0.5846,545.27,0.585,243.3,0.5851,451.3
1753591997647,04:53:17.647,binance,ACE/USDT:USDT,0.5847,200.42,0.5846,545.27,0.585,243.3,0.5851,451.3
1753591998087,04:53:18.087,binance,ACE/USDT:USDT,0.5847,200.42,0.5846,545.27,0.585,243.3,0.5851,451.3
1753591998197,04:53:18.197,binance,ACE/USDT:USDT,0.5847,200.42,0.5846,545.27,0.585,243.3,0.5851,451.3
1753591998648,04:53:18.648,binance,ACE/USDT:USDT,0.5847,200.42,0.5846,545.27,0.585,243.3,0.5851,451.3
1753591998837,04:53:18.837,binance,ACE/USDT:USDT,0.5847,200.42,0.5846,545.27,0.585,243.3,0.5851,451.3
1753591999134,04:53:19.134,binance,ACE/USDT:USDT,0.5847,200.42,0.5846,545.27,0.585,209.1,0.5851,451.3
1753591999247,04:53:19.247,binance,ACE/USDT:USDT,0.5847,200.42,0.5846,545.27,0.585,209.1,0.5851,451.3
1753591999737,04:53:19.737,binance,ACE/USDT:USDT,0.5847,200.42,0.5846,545.27,0.585,243.3,0.5851,451.3
1753592000288,04:53:20.288,binance,ACE/USDT:USDT,0.5847,200.42,0.5846,545.27,0.585,243.3,0.5851,451.3
1753592000747,04:53:20.747,binance,ACE/USDT:USDT,0.5847,200.42,0.5846,545.27,0.585,243.3,0.5851,451.3
1753592000855,04:53:20.855,binance,ACE/USDT:USDT,0.5847,200.42,0.5846,545.27,0.585,243.3,0.5851,451.3
1753592001347,04:53:21.347,binance,ACE/USDT:USDT,0.5847,200.42,0.5846,545.27,0.585,243.3,0.5851,451.3
1753592001657,04:53:21.657,binance,ACE/USDT:USDT,0.5847,200.42,0.5846,545.27,0.585,8.68,0.5851,451.3
1753592001834,04:53:21.834,binance,ACE/USDT:USDT,0.5847,2047.04,0.5846,545.27,0.585,8.68,0.5851,451.3
1753592002417,04:53:22.417,binance,ACE/USDT:USDT,0.5847,2047.04,0.5846,462.59,0.585,8.68,0.5851,417.1
1753592002527,04:53:22.527,binance,ACE/USDT:USDT,0.5847,2047.04,0.5846,774.68,0.585,8.68,0.5851,417.1
1753592002669,04:53:22.669,binance,ACE/USDT:USDT,0.5847,2047.04,0.5846,944.57,0.585,8.68,0.5851,417.1
1753592002873,04:53:22.873,binance,ACE/USDT:USDT,0.5847,2047.04,0.5846,944.57,0.585,8.68,0.5851,417.1
1753592003017,04:53:23.017,binance,ACE/USDT:USDT,0.5847,2047.04,0.5846,944.57,0.585,8.68,0.5851,451.3
1753592003136,04:53:23.136,binance,ACE/USDT:USDT,0.5847,2047.04,0.5846,944.57,0.585,42.88,0.5851,451.3
1753592003497,04:53:23.497,binance,ACE/USDT:USDT,0.5849,200.42,0.5848,366.13,0.585,8.68,0.5851,60.96
1753592003599,04:53:23.599,binance,ACE/USDT:USDT,0.5849,200.42,0.5848,383.23,0.585,8.68,0.5851,60.96
1753592003715,04:53:23.715,binance,ACE/USDT:USDT,0.5849,200.42,0.5848,383.23,0.585,8.68,0.5851,60.96
1753592004002,04:53:24.002,binance,ACE/USDT:USDT,0.5849,200.42,0.5848,383.23,0.585,8.68,0.5851,60.96
1753592004202,04:53:24.202,binance,ACE/USDT:USDT,0.5849,200.42,0.5848,383.23,0.585,8.68,0.5851,60.96
1753592004352,04:53:24.352,binance,ACE/USDT:USDT,0.5849,222.78,0.5848,383.23,0.585,8.68,0.5851,60.96
1753592004458,04:53:24.458,binance,ACE/USDT:USDT,0.5849,222.78,0.5848,383.23,0.585,8.68,0.5851,60.96
1753592004801,04:53:24.801,binance,ACE/USDT:USDT,0.5849,222.78,0.5848,383.23,0.585,8.68,0.5851,60.96
1753592005134,04:53:25.134,binance,ACE/USDT:USDT,0.5849,222.78,0.5848,383.23,0.585,8.68,0.5851,60.96
1753592005238,04:53:25.238,binance,ACE/USDT:USDT,0.5849,222.78,0.5848,383.23,0.585,8.68,0.5851,95.16
1753592005397,04:53:25.397,binance,ACE/USDT:USDT,0.5849,222.78,0.5848,383.23,0.585,8.68,0.5851,95.16
1753592005605,04:53:25.605,binance,ACE/USDT:USDT,0.5849,222.78,0.5848,383.23,0.585,8.68,0.5851,95.16
1753592005757,04:53:25.757,binance,ACE/USDT:USDT,0.5849,222.78,0.5848,383.23,0.585,8.68,0.5851,95.16
1753592005902,04:53:25.902,binance,ACE/USDT:USDT,0.5849,222.78,0.5848,383.23,0.585,8.68,0.5851,95.16
1753592006277,04:53:26.277,binance,ACE/USDT:USDT,0.5849,222.78,0.5848,383.23,0.585,8.68,0.5851,60.96
1753592006427,04:53:26.427,binance,ACE/USDT:USDT,0.5849,222.78,0.5848,383.23,0.585,8.68,0.5851,60.96
1753592006578,04:53:26.578,binance,ACE/USDT:USDT,0.5849,222.78,0.5848,383.23,0.585,8.68,0.5851,60.96
1753592006802,04:53:26.802,binance,ACE/USDT:USDT,0.5849,222.78,0.5848,383.23,0.585,8.68,0.5851,60.96
1753592006906,04:53:26.906,binance,ACE/USDT:USDT,0.5849,222.78,0.5848,383.23,0.585,8.68,0.5851,60.96
1753592007056,04:53:27.056,binance,ACE/USDT:USDT,0.5849,222.78,0.5848,383.23,0.585,8.68,0.5851,95.16
1753592007402,04:53:27.402,binance,ACE/USDT:USDT,0.5849,222.78,0.5848,383.23,0.585,8.68,0.5851,95.16
1753592007601,04:53:27.601,binance,ACE/USDT:USDT,0.5849,222.78,0.5848,383.23,0.585,8.68,0.5851,95.16
1753592008202,04:53:28.202,binance,ACE/USDT:USDT,0.5849,222.78,0.5848,383.23,0.585,8.68,0.5851,95.16
1753592008527,04:53:28.527,binance,ACE/USDT:USDT,0.5849,222.78,0.5848,383.23,0.585,8.68,0.5851,95.16
1753592008654,04:53:28.654,binance,ACE/USDT:USDT,0.5849,222.78,0.5848,383.23,0.585,8.68,0.5851,95.16
1753592008761,04:53:28.761,binance,ACE/USDT:USDT,0.5849,222.78,0.5848,383.23,0.585,8.68,0.5851,95.16
1753592009087,04:53:29.087,binance,ACE/USDT:USDT,0.5849,2069.09,0.5848,383.23,0.585,8.68,0.5851,60.96
1753592009238,04:53:29.238,binance,ACE/USDT:USDT,0.5849,2069.09,0.5848,383.23,0.585,8.68,0.5851,60.96
1753592009391,04:53:29.391,binance,ACE/USDT:USDT,0.5849,2069.09,0.5848,383.23,0.585,8.68,0.5851,60.96
1753592009602,04:53:29.602,binance,ACE/USDT:USDT,0.5849,2069.09,0.5848,383.23,0.585,8.68,0.5851,60.96
1753592009757,04:53:29.757,binance,ACE/USDT:USDT,0.5849,2069.09,0.5848,383.23,0.585,8.68,0.5851,60.96
1753592010144,04:53:30.144,binance,ACE/USDT:USDT,0.5849,2069.09,0.5848,383.23,0.585,8.68,0.5851,95.16
1753592010416,04:53:30.416,binance,ACE/USDT:USDT,0.5849,2069.09,0.5848,554.17,0.5851,43.86,0.5852,664.72
1753592010702,04:53:30.702,binance,ACE/USDT:USDT,0.5849,2069.09,0.5848,554.17,0.5851,43.86,0.5852,664.72
1753592011247,04:53:31.247,binance,ACE/USDT:USDT,0.5849,2069.09,0.5848,554.17,0.5851,43.86,0.5852,664.72
1753592011512,04:53:31.512,binance,ACE/USDT:USDT,0.5849,2069.09,0.5848,554.17,0.5851,43.86,0.5852,664.72
1753592011902,04:53:31.902,binance,ACE/USDT:USDT,0.5849,2069.09,0.5848,554.17,0.5851,43.86,0.5852,664.72
1753592012487,04:53:32.487,binance,ACE/USDT:USDT,0.5849,2069.09,0.5848,554.17,0.5851,43.86,0.5852,664.72
1753592012592,04:53:32.592,binance,ACE/USDT:USDT,0.5849,2069.09,0.5848,375.69,0.5851,78.05,0.5852,698.91
1753592012717,04:53:32.717,binance,ACE/USDT:USDT,0.5849,2069.09,0.5848,375.69,0.5851,87.95,0.5852,698.91
1753592013102,04:53:33.102,binance,ACE/USDT:USDT,0.5849,2069.09,0.5848,404.6,0.5851,87.95,0.5852,698.91
1753592013213,04:53:33.213,binance,ACE/USDT:USDT,0.5849,2069.09,0.5848,404.6,0.5851,87.95,0.5852,708.81
1753592013406,04:53:33.406,binance,ACE/USDT:USDT,0.5849,2069.09,0.5848,404.6,0.5851,87.95,0.5852,698.91
1753592014115,04:53:34.115,binance,ACE/USDT:USDT,0.5849,2069.09,0.5848,404.6,0.5851,87.95,0.5852,698.91
1753592014219,04:53:34.219,binance,ACE/USDT:USDT,0.5849,2069.09,0.5848,404.6,0.5851,87.95,0.5852,698.91
1753592014458,04:53:34.458,binance,ACE/USDT:USDT,0.5849,2069.09,0.5848,404.6,0.5851,87.95,0.5852,698.91
1753592014802,04:53:34.802,binance,ACE/USDT:USDT,0.5849,2069.09,0.5848,404.6,0.5851,87.95,0.5852,698.91
1753592015402,04:53:35.402,binance,ACE/USDT:USDT,0.5849,2069.09,0.5848,404.6,0.5851,87.95,0.5852,698.91
1753592015662,04:53:35.662,binance,ACE/USDT:USDT,0.5849,2077.03,0.5848,404.6,0.5851,53.76,0.5852,698.91
1753592015788,04:53:35.788,binance,ACE/USDT:USDT,0.5849,2077.03,0.5848,404.6,0.5851,43.86,0.5852,698.91
1753592015970,04:53:35.970,binance,ACE/USDT:USDT,0.5851,200.42,0.585,2048.11,0.5852,635.65,0.5853,536.95
1753592016071,04:53:36.071,binance,ACE/USDT:USDT,0.5851,200.42,0.585,2048.11,0.5852,645.55,0.5853,536.95
1753592016184,04:53:36.184,binance,ACE/USDT:USDT,0.5851,200.42,0.585,2048.11,0.5852,645.55,0.5853,536.95
1753592016325,04:53:36.325,binance,ACE/USDT:USDT,0.5851,200.42,0.585,2048.11,0.5852,645.55,0.5853,536.95
1753592016534,04:53:36.534,binance,ACE/USDT:USDT,0.5851,200.42,0.585,2048.11,0.5852,645.55,0.5853,571.13
1753592016636,04:53:36.636,binance,ACE/USDT:USDT,0.5851,200.42,0.585,2048.11,0.5852,645.55,0.5853,571.13
1753592016878,04:53:36.878,binance,ACE/USDT:USDT,0.585,1845.68,0.5849,39.46,0.5852,740.89,0.5853,571.13
1753592016981,04:53:36.981,binance,ACE/USDT:USDT,0.585,1845.68,0.5849,39.46,0.5852,775.08,0.5853,786.52
1753592017103,04:53:37.103,binance,ACE/USDT:USDT,0.585,1845.68,0.5849,39.46,0.5852,775.08,0.5853,786.52
1753592017210,04:53:37.210,binance,ACE/USDT:USDT,0.585,1845.68,0.5849,51.35,0.5852,775.08,0.5853,786.52
1753592017702,04:53:37.702,binance,ACE/USDT:USDT,0.585,1845.68,0.5849,51.35,0.5852,775.08,0.5853,786.52
1753592017924,04:53:37.924,binance,ACE/USDT:USDT,0.585,1845.68,0.5849,51.35,0.5852,775.08,0.5853,786.52
1753592018287,04:53:38.287,binance,ACE/USDT:USDT,0.585,1845.68,0.5849,51.35,0.5852,793.54,0.5853,786.52
1753592018802,04:53:38.802,binance,ACE/USDT:USDT,0.585,1845.68,0.5849,51.35,0.5852,793.54,0.5853,786.52
1753592018911,04:53:38.911,binance,ACE/USDT:USDT,0.585,1845.68,0.5849,51.35,0.5852,793.54,0.5853,786.52
1753592019402,04:53:39.402,binance,ACE/USDT:USDT,0.585,1845.68,0.5849,51.35,0.5852,793.54,0.5853,786.52
1753592019699,04:53:39.699,binance,ACE/USDT:USDT,0.585,1845.68,0.5849,51.35,0.5852,803.44,0.5853,786.52
1753592020395,04:53:40.395,binance,ACE/USDT:USDT,0.585,1845.68,0.5849,236.68,0.5852,803.44,0.5853,786.52
1753592020507,04:53:40.507,binance,ACE/USDT:USDT,0.5851,200.42,0.585,1862.78,0.5852,769.25,0.5853,875.24
1753592020692,04:53:40.692,binance,ACE/USDT:USDT,0.585,1845.68,0.5849,236.68,0.5852,769.25,0.5853,875.24
1753592021550,04:53:41.550,binance,ACE/USDT:USDT,0.585,1845.68,0.5849,236.68,0.5852,769.25,0.5853,875.24
1753592021656,04:53:41.656,binance,ACE/USDT:USDT,0.585,1845.68,0.5849,236.68,0.5852,769.25,0.5853,875.24
1753592021801,04:53:41.801,binance,ACE/USDT:USDT,0.585,1845.68,0.5849,236.68,0.5852,769.25,0.5853,875.24
1753592022167,04:53:42.167,binance,ACE/USDT:USDT,0.5851,200.42,0.585,1862.78,0.5852,769.25,0.5853,875.24
1753592022702,04:53:42.702,binance,ACE/USDT:USDT,0.5851,200.42,0.585,1862.78,0.5852,769.25,0.5853,875.24
1753592023257,04:53:43.257,binance,ACE/USDT:USDT,0.5851,200.42,0.585,1862.78,0.5852,769.25,0.5853,875.24
1753592023366,04:53:43.366,binance,ACE/USDT:USDT,0.5851,200.42,0.585,1862.78,0.5852,779.15,0.5853,875.24
1753592023733,04:53:43.733,binance,ACE/USDT:USDT,0.5851,200.42,0.585,1862.78,0.5852,779.15,0.5853,909.42
1753592023901,04:53:43.901,binance,ACE/USDT:USDT,0.5851,200.42,0.585,1862.78,0.5852,813.33,0.5853,909.42
1753592024117,04:53:44.117,binance,ACE/USDT:USDT,0.585,1845.68,0.5849,236.68,0.5852,813.33,0.5853,909.42
1753592024221,04:53:44.221,binance,ACE/USDT:USDT,0.585,1845.68,0.5849,236.68,0.5852,813.33,0.5853,909.42
1753592024677,04:53:44.677,binance,ACE/USDT:USDT,0.5851,200.42,0.585,1862.78,0.5852,779.15,0.5853,875.24
1753592024787,04:53:44.787,binance,ACE/USDT:USDT,0.5851,200.42,0.585,1862.78,0.5852,779.15,0.5853,875.24
1753592024902,04:53:44.902,binance,ACE/USDT:USDT,0.5851,200.42,0.585,1862.78,0.5852,779.15,0.5853,875.24
1753592025020,04:53:45.020,binance,ACE/USDT:USDT,0.5851,200.42,0.585,1862.78,0.5852,779.15,0.5853,909.42
1753592025302,04:53:45.302,binance,ACE/USDT:USDT,0.5851,200.42,0.585,1862.78,0.5852,779.15,0.5853,909.42
1753592025902,04:53:45.902,binance,ACE/USDT:USDT,0.5851,200.42,0.585,1862.78,0.5852,779.15,0.5853,909.42
1753592026136,04:53:46.136,binance,ACE/USDT:USDT,0.585,1845.68,0.5849,236.68,0.5852,813.34,0.5853,909.42
1753592026240,04:53:46.240,binance,ACE/USDT:USDT,0.585,1845.68,0.5849,236.68,0.5852,813.34,0.5853,909.42
1753592026442,04:53:46.442,binance,ACE/USDT:USDT,0.5851,200.42,0.585,1862.78,0.5852,770.17,0.5853,875.24
1753592026554,04:53:46.554,binance,ACE/USDT:USDT,0.5851,200.42,0.585,1862.78,0.5852,813.07,0.5853,875.24
1753592026656,04:53:46.656,binance,ACE/USDT:USDT,0.5851,200.42,0.585,1862.78,0.5852,813.07,0.5853,875.24
1753592026788,04:53:46.788,binance,ACE/USDT:USDT,0.5851,200.42,0.585,1862.78,0.5852,813.07,0.5853,875.24
1753592027088,04:53:47.088,binance,ACE/USDT:USDT,0.5851,200.42,0.585,1862.78,0.5852,813.07,0.5853,875.24
1753592027334,04:53:47.334,binance,ACE/USDT:USDT,0.5851,222.16,0.585,1862.78,0.5852,813.07,0.5853,875.24
1753592027534,04:53:47.534,binance,ACE/USDT:USDT,0.5851,222.16,0.585,1862.78,0.5852,813.07,0.5853,909.42
1753592027637,04:53:47.637,binance,ACE/USDT:USDT,0.5851,222.16,0.585,1862.78,0.5852,813.07,0.5853,909.42
1753592027754,04:53:47.754,binance,ACE/USDT:USDT,0.5851,222.16,0.585,1862.78,0.5852,813.07,0.5853,909.42
1753592028146,04:53:48.146,binance,ACE/USDT:USDT,0.5851,222.16,0.585,2033.67,0.5853,875.24,0.5854,3629.76
1753592028252,04:53:48.252,binance,ACE/USDT:USDT,0.5851,2080.24,0.585,187.99,0.5853,640.69,0.5854,3407.8
1753592028374,04:53:48.374,binance,ACE/USDT:USDT,0.5851,2080.24,0.585,187.99,0.5853,650.59,0.5854,3407.8
1753592028497,04:53:48.497,binance,ACE/USDT:USDT,0.5851,2080.24,0.585,17.1,0.5853,670.39,0.5854,3441.98
1753592028603,04:53:48.603,binance,ACE/USDT:USDT,0.5851,2067.68,0.585,17.1,0.5853,714.47,0.5854,3441.98
1753592028707,04:53:48.707,binance,ACE/USDT:USDT,0.5851,2067.68,0.585,17.1,0.5853,744.17,0.5854,3441.98
1753592028833,04:53:48.833,binance,ACE/USDT:USDT,0.5851,2067.68,0.585,17.1,0.5853,829.6,0.5854,3441.98
1753592028936,04:53:48.936,binance,ACE/USDT:USDT,0.5851,2067.68,0.585,17.1,0.5853,839.5,0.5854,3660.19
1753592029275,04:53:49.275,binance,ACE/USDT:USDT,0.5851,2067.68,0.585,17.1,0.5853,767.64,0.5854,3441.98
1753592029402,04:53:49.402,binance,ACE/USDT:USDT,0.5851,2067.68,0.585,17.1,0.5853,777.54,0.5854,3441.98
1753592029505,04:53:49.505,binance,ACE/USDT:USDT,0.5851,2067.68,0.585,17.1,0.5853,777.54,0.5854,3667.15
1753592029836,04:53:49.836,binance,ACE/USDT:USDT,0.5851,2067.68,0.585,17.1,0.5853,777.54,0.5854,3441.98
1753592030073,04:53:50.073,binance,ACE/USDT:USDT,0.5851,2067.68,0.585,17.1,0.5853,787.44,0.5854,3662.4
1753592030175,04:53:50.175,binance,ACE/USDT:USDT,0.5851,2067.68,0.585,17.1,0.5853,797.34,0.5854,3662.4
1753592030285,04:53:50.285,binance,ACE/USDT:USDT,0.5851,2067.68,0.585,17.1,0.5853,797.34,0.5854,3662.4
1753592030392,04:53:50.392,binance,ACE/USDT:USDT,0.5851,2067.68,0.585,17.1,0.5853,797.34,0.5854,3662.4
1753592030602,04:53:50.602,binance,ACE/USDT:USDT,0.5851,2067.68,0.585,17.1,0.5853,797.34,0.5854,3662.4
1753592030754,04:53:50.754,binance,ACE/USDT:USDT,0.5851,2067.68,0.585,29.1,0.5853,797.34,0.5854,3662.4
1753592031187,04:53:51.187,binance,ACE/USDT:USDT,0.5851,2067.68,0.585,29.1,0.5853,797.34,0.5854,3662.4
1753592031702,04:53:51.702,binance,ACE/USDT:USDT,0.5851,2067.68,0.585,29.1,0.5853,797.34,0.5854,3662.4
1753592032226,04:53:52.226,binance,ACE/USDT:USDT,0.5851,2067.68,0.585,171.76,0.5853,763.49,0.5854,3662.4
1753592032328,04:53:52.328,binance,ACE/USDT:USDT,0.5851,2067.68,0.585,171.76,0.5853,763.49,0.5854,3441.98
1753592032430,04:53:52.430,binance,ACE/USDT:USDT,0.5851,2070.53,0.585,171.76,0.5853,763.49,0.5854,3407.8
1753592032802,04:53:52.802,binance,ACE/USDT:USDT,0.5851,2070.53,0.585,171.76,0.5853,763.49,0.5854,3407.8
1753592033174,04:53:53.174,binance,ACE/USDT:USDT,0.5851,2070.53,0.585,29.1,0.5853,763.49,0.5854,3407.8
1753592033309,04:53:53.309,binance,ACE/USDT:USDT,0.5851,2070.53,0.585,29.1,0.5853,773.39,0.5854,3407.8
1753592033501,04:53:53.501,binance,ACE/USDT:USDT,0.5851,2070.53,0.585,29.1,0.5853,773.39,0.5854,3407.8
1753592033902,04:53:53.902,binance,ACE/USDT:USDT,0.5851,2070.53,0.585,29.1,0.5853,773.39,0.5854,3407.8
1753592034133,04:53:54.133,binance,ACE/USDT:USDT,0.5851,2070.53,0.585,29.1,0.5853,807.57,0.5854,3407.8
1753592034262,04:53:54.262,binance,ACE/USDT:USDT,0.5851,2067.68,0.585,29.1,0.5853,817.47,0.5854,3630.73
1753592034367,04:53:54.367,binance,ACE/USDT:USDT,0.5851,2067.68,0.585,29.1,0.5853,817.47,0.5854,3630.73
1753592034641,04:53:54.641,binance,ACE/USDT:USDT,0.5851,2067.68,0.585,29.1,0.5853,817.47,0.5854,3630.73
1753592035102,04:53:55.102,binance,ACE/USDT:USDT,0.5851,2067.68,0.585,29.1,0.5853,817.47,0.5854,3630.73
1753592035636,04:53:55.636,binance,ACE/USDT:USDT,0.5851,2067.68,0.585,199.98,0.5853,817.47,0.5854,3407.8
1753592035739,04:53:55.739,binance,ACE/USDT:USDT,0.5851,2067.68,0.585,29.1,0.5853,817.47,0.5854,3407.8
1753592035869,04:53:55.869,binance,ACE/USDT:USDT,0.5851,2067.68,0.585,29.1,0.5853,827.37,0.5854,3616.86
1753592036064,04:53:56.064,binance,ACE/USDT:USDT,0.5851,2067.68,0.585,29.1,0.5853,837.27,0.5854,3616.86
1753592036202,04:53:56.202,binance,ACE/USDT:USDT,0.5851,2067.68,0.585,29.1,0.5853,837.27,0.5854,3616.86
1753592036803,04:53:56.803,binance,ACE/USDT:USDT,0.5851,2067.68,0.585,29.1,0.5853,837.27,0.5854,3616.86
1753592036954,04:53:56.954,binance,ACE/USDT:USDT,0.5851,2067.68,0.585,29.1,0.5853,803.09,0.5854,3441.98
1753592038002,04:53:58.002,binance,ACE/USDT:USDT,0.5851,2067.68,0.585,29.1,0.5853,803.09,0.5854,3441.98
1753592038414,04:53:58.414,binance,ACE/USDT:USDT,0.5851,2076.66,0.585,29.1,0.5853,803.09,0.5854,3407.8
1753592038527,04:53:58.527,binance,ACE/USDT:USDT,0.5851,2076.66,0.585,29.1,0.5853,803.09,0.5854,3407.8
1753592038655,04:53:58.655,binance,ACE/USDT:USDT,0.5851,2076.66,0.585,199.98,0.5853,803.09,0.5854,3407.8
1753592039702,04:53:59.702,binance,ACE/USDT:USDT,0.5851,2076.66,0.585,171.76,0.5853,803.09,0.5854,3407.8
1753592039808,04:53:59.808,binance,ACE/USDT:USDT,0.5851,2076.66,0.585,171.76,0.5853,812.99,0.5854,3407.8
1753592039927,04:53:59.927,binance,ACE/USDT:USDT,0.5851,2076.66,0.585,171.76,0.5853,812.99,0.5854,3441.98
1753592040122,04:54:00.122,binance,ACE/USDT:USDT,0.5851,2076.66,0.585,171.76,0.5853,812.99,0.5854,3441.98
1753592040302,04:54:00.302,binance,ACE/USDT:USDT,0.5851,2076.66,0.585,171.76,0.5853,812.99,0.5854,3441.98
1753592040623,04:54:00.623,binance,ACE/USDT:USDT,0.5851,2076.66,0.585,29.1,0.5853,847.17,0.5854,3441.98
1753592040777,04:54:00.777,binance,ACE/USDT:USDT,0.5851,2076.66,0.585,29.1,0.5853,847.17,0.5854,3441.98
1753592040897,04:54:00.897,binance,ACE/USDT:USDT,0.5851,2076.66,0.585,29.1,0.5853,847.17,0.5854,3441.98
1753592041002,04:54:01.002,binance,ACE/USDT:USDT,0.5851,2076.66,0.585,29.1,0.5853,847.17,0.5854,3441.98
1753592041173,04:54:01.173,binance,ACE/USDT:USDT,0.5851,2076.66,0.585,341.09,0.5853,812.99,0.5854,3441.98
1753592041402,04:54:01.402,binance,ACE/USDT:USDT,0.5851,2076.66,0.585,29.1,0.5853,847.17,0.5854,3441.98
1753592041996,04:54:01.996,binance,ACE/USDT:USDT,0.5851,2096.34,0.585,29.1,0.5853,847.17,0.5854,3441.98
1753592042502,04:54:02.502,binance,ACE/USDT:USDT,0.5851,2096.34,0.585,29.1,0.5853,847.17,0.5854,3441.98
1753592042633,04:54:02.633,binance,ACE/USDT:USDT,0.5851,2096.34,0.585,29.1,0.5853,847.17,0.5854,3441.98
1753592043102,04:54:03.102,binance,ACE/USDT:USDT,0.5851,2096.34,0.585,29.1,0.5853,847.17,0.5854,3441.98
1753592043286,04:54:03.286,binance,ACE/USDT:USDT,0.5851,2096.34,0.585,29.1,0.5853,847.17,0.5854,3441.98
1753592043651,04:54:03.651,binance,ACE/USDT:USDT,0.5851,2096.34,0.585,29.1,0.5853,847.17,0.5854,3441.98
1753592043767,04:54:03.767,binance,ACE/USDT:USDT,0.5851,2096.34,0.585,29.1,0.5853,847.17,0.5854,3441.98
1753592043919,04:54:03.919,binance,ACE/USDT:USDT,0.5851,2096.34,0.585,29.1,0.5853,847.17,0.5854,3441.98
1753592044152,04:54:04.152,binance,ACE/USDT:USDT,0.5851,2096.34,0.585,29.1,0.5853,847.17,0.5854,3441.98
1753592044287,04:54:04.287,binance,ACE/USDT:USDT,0.5851,2096.34,0.585,29.1,0.5853,847.17,0.5854,3441.98
1753592044508,04:54:04.508,binance,ACE/USDT:USDT,0.5851,2096.34,0.585,386.94,0.5853,812.99,0.5854,3407.8
1753592044630,04:54:04.630,binance,ACE/USDT:USDT,0.5851,2096.34,0.585,386.94,0.5853,812.99,0.5854,3407.8
1753592044745,04:54:04.745,binance,ACE/USDT:USDT,0.5851,2096.34,0.585,386.94,0.5853,812.99,0.5854,3441.98
1753592044850,04:54:04.850,binance,ACE/USDT:USDT,0.5851,2096.34,0.585,216.06,0.5853,812.99,0.5854,3441.98
1753592045002,04:54:05.002,binance,ACE/USDT:USDT,0.5851,2096.34,0.585,216.06,0.5853,847.17,0.5854,3441.98
1753592045184,04:54:05.184,binance,ACE/USDT:USDT,0.5851,2096.34,0.585,216.06,0.5853,847.17,0.5854,3441.98
1753592045397,04:54:05.397,binance,ACE/USDT:USDT,0.5851,2096.34,0.585,216.06,0.5853,847.17,0.5854,3441.98
1753592045501,04:54:05.501,binance,ACE/USDT:USDT,0.5851,2096.34,0.585,385.39,0.5853,847.17,0.5854,3441.98
1753592045622,04:54:05.622,binance,ACE/USDT:USDT,0.5851,2096.34,0.585,385.39,0.5853,812.99,0.5854,3441.98
1753592045864,04:54:05.864,binance,ACE/USDT:USDT,0.5851,2096.34,0.585,385.39,0.5853,812.99,0.5854,3441.98
1753592046001,04:54:06.001,binance,ACE/USDT:USDT,0.5851,2096.34,0.585,385.39,0.5853,812.99,0.5854,3441.98
1753592046417,04:54:06.417,binance,ACE/USDT:USDT,0.5851,2096.34,0.585,698.93,0.5853,569.16,0.5854,3407.8
1753592046520,04:54:06.520,binance,ACE/USDT:USDT,0.5853,82.06,0.5852,99.15,0.5854,745.44,0.5855,903.48
1753592046624,04:54:06.624,binance,ACE/USDT:USDT,0.5853,200.42,0.5852,286.11,0.5854,745.44,0.5855,160.73
1753592046734,04:54:06.734,binance,ACE/USDT:USDT,0.5853,209.39,0.5852,286.11,0.5854,735.94,0.5855,160.73
1753592046837,04:54:06.837,binance,ACE/USDT:USDT,0.5853,2078.55,0.5852,374.88,0.5854,341.17,0.5855,160.73
1753592046941,04:54:06.941,binance,ACE/USDT:USDT,0.5853,2155.31,0.5852,374.88,0.5854,341.17,0.5855,160.73
1753592047089,04:54:07.089,binance,ACE/USDT:USDT,0.5853,2155.31,0.5852,374.88,0.5854,341.17,0.5855,160.73
1753592047385,04:54:07.385,binance,ACE/USDT:USDT,0.5853,2155.31,0.5852,374.88,0.5854,341.17,0.5855,160.73
1753592047502,04:54:07.502,binance,ACE/USDT:USDT,0.5853,2078.55,0.5852,374.88,0.5854,341.17,0.5855,319.67
1753592048102,04:54:08.102,binance,ACE/USDT:USDT,0.5853,2078.55,0.5852,374.88,0.5854,341.17,0.5855,319.67
1753592048340,04:54:08.340,binance,ACE/USDT:USDT,0.5853,2078.55,0.5852,374.88,0.5854,341.17,0.5855,319.67
1753592048443,04:54:08.443,binance,ACE/USDT:USDT,0.5853,2078.55,0.5852,374.88,0.5854,341.17,0.5855,319.67
1753592048553,04:54:08.553,binance,ACE/USDT:USDT,0.5853,2078.55,0.5852,374.88,0.5854,341.17,0.5855,319.67
1753592048687,04:54:08.687,binance,ACE/USDT:USDT,0.5853,2078.55,0.5852,374.88,0.5854,341.17,0.5855,319.67
1753592049202,04:54:09.202,binance,ACE/USDT:USDT,0.5853,2078.55,0.5852,374.88,0.5854,341.17,0.5855,319.67
1753592049421,04:54:09.421,binance,ACE/USDT:USDT,0.5853,2078.55,0.5852,374.88,0.5854,341.17,0.5855,319.67
1753592049676,04:54:09.676,binance,ACE/USDT:USDT,0.5853,2078.55,0.5852,374.88,0.5854,341.17,0.5855,187.99
1753592049787,04:54:09.787,binance,ACE/USDT:USDT,0.5853,2078.55,0.5852,374.88,0.5854,341.17,0.5855,187.99
1753592050145,04:54:10.145,binance,ACE/USDT:USDT,0.5853,2078.55,0.5852,374.88,0.5854,349.79,0.5855,187.99
1753592050280,04:54:10.280,binance,ACE/USDT:USDT,0.5853,2078.55,0.5852,374.88,0.5854,349.79,0.5855,187.99
1753592050397,04:54:10.397,binance,ACE/USDT:USDT,0.5853,2078.55,0.5852,374.88,0.5854,349.79,0.5855,187.99
1753592050574,04:54:10.574,binance,ACE/USDT:USDT,0.5855,200.42,0.5853,2218.11,0.5856,1632.97,0.5857,430.79
1753592050681,04:54:10.681,binance,ACE/USDT:USDT,0.5854,200.42,0.5853,1924.13,0.5856,1632.97,0.5857,413.71
1753592050783,04:54:10.783,binance,ACE/USDT:USDT,0.5854,200.42,0.5853,1924.13,0.5856,1632.97,0.5857,430.8
1753592050895,04:54:10.895,binance,ACE/USDT:USDT,0.5854,200.42,0.5853,1924.13,0.5856,1632.97,0.5857,430.8
1753592051100,04:54:11.100,binance,ACE/USDT:USDT,0.5854,2051.28,0.5853,241.93,0.5856,1632.97,0.5857,430.8
1753592051207,04:54:11.207,binance,ACE/USDT:USDT,0.5854,2051.28,0.5853,241.93,0.5856,1632.97,0.5857,430.8
1753592051576,04:54:11.576,binance,ACE/USDT:USDT,0.5854,2051.28,0.5853,241.93,0.5856,1632.97,0.5857,430.8
1753592051814,04:54:11.814,binance,ACE/USDT:USDT,0.5854,2051.28,0.5853,241.93,0.5856,1632.97,0.5857,430.8
1753592051957,04:54:11.957,binance,ACE/USDT:USDT,0.5854,2051.28,0.5853,241.93,0.5856,1632.97,0.5857,430.8
1753592052367,04:54:12.367,binance,ACE/USDT:USDT,0.5854,2051.28,0.5853,241.93,0.5856,1632.97,0.5857,430.8
1753592052487,04:54:12.487,binance,ACE/USDT:USDT,0.5854,2051.28,0.5853,241.93,0.5856,1632.97,0.5857,464.96
1753592052631,04:54:12.631,binance,ACE/USDT:USDT,0.5854,2044.99,0.5853,241.93,0.5856,1642.87,0.5857,464.96
1753592052787,04:54:12.787,binance,ACE/USDT:USDT,0.5854,2044.99,0.5853,241.93,0.5856,1642.87,0.5857,464.96
1753592052902,04:54:12.902,binance,ACE/USDT:USDT,0.5854,2044.99,0.5853,241.93,0.5856,1642.87,0.5857,464.96
1753592053437,04:54:13.437,binance,ACE/USDT:USDT,0.5854,2044.99,0.5853,241.93,0.5856,1642.87,0.5857,464.96
1753592053547,04:54:13.547,binance,ACE/USDT:USDT,0.5854,2044.99,0.5853,241.93,0.5856,1642.87,0.5857,464.96
1753592053809,04:54:13.809,binance,ACE/USDT:USDT,0.5854,2049.7,0.5853,241.93,0.5856,1642.87,0.5857,464.96
1753592054002,04:54:14.002,binance,ACE/USDT:USDT,0.5854,2049.7,0.5853,241.93,0.5856,1642.87,0.5857,464.96
1753592054290,04:54:14.290,binance,ACE/USDT:USDT,0.5854,2049.7,0.5853,241.93,0.5856,1642.87,0.5857,464.96
1753592054393,04:54:14.393,binance,ACE/USDT:USDT,0.5854,2049.7,0.5853,241.93,0.5856,1642.87,0.5857,464.96
1753592054600,04:54:14.600,binance,ACE/USDT:USDT,0.5854,2049.7,0.5853,241.93,0.5856,1642.87,0.5857,464.96
1753592054748,04:54:14.748,binance,ACE/USDT:USDT,0.5854,2049.7,0.5853,241.93,0.5856,1642.87,0.5857,464.96
1753592054858,04:54:14.858,binance,ACE/USDT:USDT,0.5854,2049.7,0.5853,241.93,0.5856,1677.03,0.5857,464.96
1753592054964,04:54:14.964,binance,ACE/USDT:USDT,0.5854,2049.7,0.5853,241.93,0.5856,1677.03,0.5857,464.96
1753592055202,04:54:15.202,binance,ACE/USDT:USDT,0.5854,2049.7,0.5853,241.93,0.5856,1677.03,0.5857,464.96
1753592055402,04:54:15.402,binance,ACE/USDT:USDT,0.5854,2049.7,0.5853,241.93,0.5856,1677.03,0.5857,464.96
1753592055535,04:54:15.535,binance,ACE/USDT:USDT,0.5854,2049.7,0.5853,54.97,0.5856,1677.03,0.5857,464.96
1753592055969,04:54:15.969,binance,ACE/USDT:USDT,0.5854,1849.28,0.5853,54.97,0.5855,183.87,0.5856,1684.21
1753592056083,04:54:16.083,binance,ACE/USDT:USDT,0.5854,1849.28,0.5853,54.97,0.5855,183.87,0.5856,1684.21
1753592056435,04:54:16.435,binance,ACE/USDT:USDT,0.5854,1849.28,0.5853,54.97,0.5855,183.87,0.5856,1684.21
1753592056544,04:54:16.544,binance,ACE/USDT:USDT,0.5852,213.08,0.5851,121.47,0.5854,234.6,0.5855,561.5
1753592056647,04:54:16.647,binance,ACE/USDT:USDT,0.5852,213.08,0.5851,138.55,0.5854,234.6,0.5855,371.8
1753592056808,04:54:16.808,binance,ACE/USDT:USDT,0.5852,213.08,0.5851,138.55,0.5855,388.9,0.5856,1662.01
1753592056929,04:54:16.929,binance,ACE/USDT:USDT,0.5852,383.91,0.5851,322.42,0.5855,183.87,0.5856,1662.01
1753592057032,04:54:17.032,binance,ACE/USDT:USDT,0.5852,383.91,0.5851,491.72,0.5855,183.87,0.5856,1662.01
1753592057202,04:54:17.202,binance,ACE/USDT:USDT,0.5852,383.91,0.5851,322.42,0.5855,183.87,0.5856,1662.01
1753592057534,04:54:17.534,binance,ACE/USDT:USDT,0.5852,383.91,0.5851,322.42,0.5855,183.87,0.5856,1696.18
1753592057802,04:54:17.802,binance,ACE/USDT:USDT,0.5852,383.91,0.5851,322.42,0.5855,183.87,0.5856,1696.18
1753592058137,04:54:18.137,binance,ACE/USDT:USDT,0.5852,383.91,0.5851,322.42,0.5855,183.87,0.5856,1696.18
1753592058402,04:54:18.402,binance,ACE/USDT:USDT,0.5852,383.91,0.5851,322.42,0.5855,183.87,0.5856,1696.18
1753592058645,04:54:18.645,binance,ACE/USDT:USDT,0.5852,383.91,0.5851,322.42,0.5855,183.87,0.5856,1696.18
1753592058747,04:54:18.747,binance,ACE/USDT:USDT,0.5852,383.91,0.5851,322.42,0.5855,183.87,0.5856,1696.18
1753592058852,04:54:18.852,binance,ACE/USDT:USDT,0.5852,396.61,0.5851,322.42,0.5855,183.87,0.5856,1696.18
1753592059401,04:54:19.401,binance,ACE/USDT:USDT,0.5852,395.95,0.5851,322.42,0.5855,183.87,0.5856,1696.18
1753592059593,04:54:19.593,binance,ACE/USDT:USDT,0.5852,395.95,0.5851,322.42,0.5855,183.87,0.5856,1696.18
1753592060187,04:54:20.187,binance,ACE/USDT:USDT,0.5852,395.95,0.5851,322.42,0.5855,183.87,0.5856,1696.18
1753592060396,04:54:20.396,binance,ACE/USDT:USDT,0.5852,395.95,0.5851,322.42,0.5855,183.87,0.5856,1696.18
1753592060540,04:54:20.540,binance,ACE/USDT:USDT,0.5852,417.16,0.5851,300.68,0.5855,183.87,0.5856,1696.18
1753592060902,04:54:20.902,binance,ACE/USDT:USDT,0.5852,417.16,0.5851,300.68,0.5855,183.87,0.5856,1696.18
1753592061502,04:54:21.502,binance,ACE/USDT:USDT,0.5852,417.16,0.5851,300.68,0.5855,183.87,0.5856,1696.18
1753592062087,04:54:22.087,binance,ACE/USDT:USDT,0.5852,417.16,0.5851,300.68,0.5855,183.87,0.5856,1696.18
1753592062602,04:54:22.602,binance,ACE/USDT:USDT,0.5852,417.16,0.5851,300.68,0.5855,183.87,0.5856,1696.18
1753592062751,04:54:22.751,binance,ACE/USDT:USDT,0.5852,417.16,0.5851,300.68,0.5855,183.87,0.5856,1696.18
1753592063202,04:54:23.202,binance,ACE/USDT:USDT,0.5852,417.16,0.5851,300.68,0.5855,183.87,0.5856,1696.18
1753592063547,04:54:23.547,binance,ACE/USDT:USDT,0.5852,417.27,0.5851,300.68,0.5855,218.04,0.5856,1696.18
1753592063759,04:54:23.759,binance,ACE/USDT:USDT,0.5852,417.27,0.5851,300.68,0.5855,218.04,0.5856,1696.18
1753592064240,04:54:24.240,binance,ACE/USDT:USDT,0.5852,417.27,0.5851,300.68,0.5855,183.87,0.5856,1696.18
1753592064343,04:54:24.343,binance,ACE/USDT:USDT,0.5852,417.27,0.5851,300.68,0.5855,218.04,0.5856,1696.18
1753592064802,04:54:24.802,binance,ACE/USDT:USDT,0.5852,417.27,0.5851,300.68,0.5855,218.04,0.5856,1696.18
1753592065402,04:54:25.402,binance,ACE/USDT:USDT,0.5852,417.27,0.5851,300.68,0.5855,218.04,0.5856,1696.18
1753592065993,04:54:25.993,binance,ACE/USDT:USDT,0.5852,417.27,0.5851,300.68,0.5855,218.04,0.5856,1696.18
1753592066096,04:54:26.096,binance,ACE/USDT:USDT,0.5852,417.27,0.5851,300.68,0.5855,183.87,0.5856,1696.18
1753592066498,04:54:26.498,binance,ACE/USDT:USDT,0.5852,417.27,0.5851,300.68,0.5855,183.87,0.5856,1696.18
1753592066602,04:54:26.602,binance,ACE/USDT:USDT,0.5852,417.27,0.5851,300.68,0.5855,183.87,0.5856,1696.18
1753592067102,04:54:27.102,binance,ACE/USDT:USDT,0.5852,417.27,0.5851,300.68,0.5855,183.87,0.5856,1696.18
1753592067647,04:54:27.647,binance,ACE/USDT:USDT,0.5852,417.27,0.5851,300.68,0.5855,183.87,0.5856,1696.18
1753592068202,04:54:28.202,binance,ACE/USDT:USDT,0.5852,417.27,0.5851,300.68,0.5855,183.87,0.5856,1696.18
1753592068802,04:54:28.802,binance,ACE/USDT:USDT,0.5852,417.27,0.5851,300.68,0.5855,183.87,0.5856,1696.18
1753592069145,04:54:29.145,binance,ACE/USDT:USDT,0.5852,417.27,0.5851,300.68,0.5855,218.04,0.5856,1696.18
1753592069249,04:54:29.249,binance,ACE/USDT:USDT,0.5852,417.27,0.5851,300.68,0.5855,218.04,0.5856,1696.18
1753592069352,04:54:29.352,binance,ACE/USDT:USDT,0.5852,417.27,0.5851,300.68,0.5855,218.04,0.5856,1696.18
1753592069902,04:54:29.902,binance,ACE/USDT:USDT,0.5852,417.27,0.5851,300.68,0.5855,218.04,0.5856,1696.18
1753592070502,04:54:30.502,binance,ACE/USDT:USDT,0.5852,417.27,0.5851,300.68,0.5855,218.04,0.5856,1696.18
1753592071103,04:54:31.103,binance,ACE/USDT:USDT,0.5852,417.27,0.5851,300.68,0.5855,183.87,0.5856,1696.18
1753592071702,04:54:31.702,binance,ACE/USDT:USDT,0.5852,417.27,0.5851,300.68,0.5855,183.87,0.5856,1696.18
1753592072302,04:54:32.302,binance,ACE/USDT:USDT,0.5852,417.27,0.5851,300.68,0.5855,218.04,0.5856,1696.18
1753592072409,04:54:32.409,binance,ACE/USDT:USDT,0.5852,417.27,0.5851,300.68,0.5855,218.04,0.5856,1696.18
1753592072803,04:54:32.803,binance,ACE/USDT:USDT,0.5852,417.27,0.5851,300.68,0.5855,218.04,0.5856,1696.18
1753592072933,04:54:32.933,binance,ACE/USDT:USDT,0.5852,417.27,0.5851,300.68,0.5855,218.04,0.5856,1696.18
1753592073123,04:54:33.123,binance,ACE/USDT:USDT,0.5852,417.27,0.5851,300.68,0.5855,218.04,0.5856,1696.18
1753592073387,04:54:33.387,binance,ACE/USDT:USDT,0.5852,417.27,0.5851,300.68,0.5855,218.04,0.5856,1696.18
1753592073502,04:54:33.502,binance,ACE/USDT:USDT,0.5852,417.27,0.5851,300.68,0.5855,218.04,0.5856,1696.18
1753592073937,04:54:33.937,binance,ACE/USDT:USDT,0.5852,417.27,0.5851,300.68,0.5855,218.04,0.5856,1696.18
1753592074275,04:54:34.275,binance,ACE/USDT:USDT,0.5852,417.27,0.5851,300.68,0.5855,218.04,0.5856,1696.18
1753592074502,04:54:34.502,binance,ACE/USDT:USDT,0.5852,417.27,0.5851,300.68,0.5855,218.04,0.5856,1696.18
1753592074659,04:54:34.659,binance,ACE/USDT:USDT,0.5852,246.44,0.5851,218.08,0.5854,200.42,0.5855,405.98
1753592074797,04:54:34.797,binance,ACE/USDT:USDT,0.5852,246.44,0.5851,218.08,0.5854,200.42,0.5855,405.98
1753592075106,04:54:35.106,binance,ACE/USDT:USDT,0.5852,246.44,0.5851,218.08,0.5854,200.42,0.5855,405.98
1753592075297,04:54:35.297,binance,ACE/USDT:USDT,0.5852,246.44,0.5851,218.08,0.5854,200.42,0.5855,405.98
1753592075417,04:54:35.417,binance,ACE/USDT:USDT,0.5852,246.44,0.5851,218.08,0.5854,200.42,0.5855,405.98
1753592075669,04:54:35.669,binance,ACE/USDT:USDT,0.5852,246.44,0.5851,218.08,0.5854,200.42,0.5855,405.98
1753592075802,04:54:35.802,binance,ACE/USDT:USDT,0.5852,246.44,0.5851,218.08,0.5854,200.42,0.5855,405.98
1753592075937,04:54:35.937,binance,ACE/USDT:USDT,0.5852,246.44,0.5851,218.08,0.5854,200.42,0.5855,405.98
1753592076146,04:54:36.146,binance,ACE/USDT:USDT,0.5852,246.44,0.5851,218.08,0.5854,234.6,0.5855,405.98
1753592076402,04:54:36.402,binance,ACE/USDT:USDT,0.5852,246.44,0.5851,218.08,0.5854,234.6,0.5855,405.98
1753592076602,04:54:36.602,binance,ACE/USDT:USDT,0.5851,34.21,0.585,814.51,0.5852,153.57,0.5854,421.43
1753592076714,04:54:36.714,binance,ACE/USDT:USDT,0.585,442.14,0.5849,214.32,0.5853,270.15,0.5854,538.92
1753592076815,04:54:36.815,binance,ACE/USDT:USDT,0.585,427.35,0.5849,214.32,0.5853,891.76,0.5854,556.01
1753592076926,04:54:36.926,binance,ACE/USDT:USDT,0.585,427.35,0.5849,214.32,0.5853,441.04,0.5854,472.69
1753592077027,04:54:37.027,binance,ACE/USDT:USDT,0.585,17.1,0.5849,214.32,0.5853,441.04,0.5854,472.69
1753592077136,04:54:37.136,binance,ACE/USDT:USDT,0.585,17.1,0.5849,214.32,0.5853,441.04,0.5854,472.69
1753592077283,04:54:37.283,binance,ACE/USDT:USDT,0.585,17.1,0.5849,214.32,0.5853,441.04,0.5854,472.69
1753592077427,04:54:37.427,binance,ACE/USDT:USDT,0.585,17.1,0.5849,214.32,0.5853,460.84,0.5854,472.69
1753592077535,04:54:37.535,binance,ACE/USDT:USDT,0.585,17.1,0.5849,214.32,0.5853,460.84,0.5854,438.52
1753592077657,04:54:37.657,binance,ACE/USDT:USDT,0.585,17.1,0.5849,214.32,0.5853,460.84,0.5854,472.69
1753592077802,04:54:37.802,binance,ACE/USDT:USDT,0.585,17.1,0.5849,214.32,0.5853,460.84,0.5854,472.69
1753592077922,04:54:37.922,binance,ACE/USDT:USDT,0.585,17.1,0.5849,214.32,0.5853,460.84,0.5854,472.69
1753592078188,04:54:38.188,binance,ACE/USDT:USDT,0.585,17.1,0.5849,214.32,0.5853,460.84,0.5854,472.69
1753592078338,04:54:38.338,binance,ACE/USDT:USDT,0.585,17.1,0.5849,214.32,0.5852,234.61,0.5853,502.23
1753592078764,04:54:38.764,binance,ACE/USDT:USDT,0.585,17.1,0.5849,214.32,0.5852,234.61,0.5853,502.23
1753592078872,04:54:38.872,binance,ACE/USDT:USDT,0.585,17.1,0.5849,28.99,0.5852,234.61,0.5853,502.23
1753592078980,04:54:38.980,binance,ACE/USDT:USDT,0.585,17.1,0.5849,28.99,0.5852,234.61,0.5853,502.23
1753592079342,04:54:39.342,binance,ACE/USDT:USDT,0.585,17.1,0.5849,28.99,0.5852,234.61,0.5853,502.23
1753592079497,04:54:39.497,binance,ACE/USDT:USDT,0.585,17.1,0.5849,28.99,0.5852,234.61,0.5853,502.23
1753592079901,04:54:39.901,binance,ACE/USDT:USDT,0.585,17.1,0.5849,28.99,0.5852,234.61,0.5853,502.23
1753592080005,04:54:40.005,binance,ACE/USDT:USDT,0.585,17.1,0.5849,28.99,0.5852,234.61,0.5853,502.23
1753592080257,04:54:40.257,binance,ACE/USDT:USDT,0.585,17.1,0.5849,28.99,0.5852,234.61,0.5853,502.23
1753592080361,04:54:40.361,binance,ACE/USDT:USDT,0.585,17.1,0.5849,28.99,0.5852,234.61,0.5853,502.23
1753592080501,04:54:40.501,binance,ACE/USDT:USDT,0.585,17.1,0.5849,28.99,0.5852,234.61,0.5853,502.23
1753592080653,04:54:40.653,binance,ACE/USDT:USDT,0.5849,11.89,0.5848,615.14,0.5852,421.44,0.5853,492.33
1753592080754,04:54:40.754,binance,ACE/USDT:USDT,0.5849,11.89,0.5848,796.17,0.5852,421.44,0.5853,492.33
1753592080957,04:54:40.957,binance,ACE/USDT:USDT,0.5849,11.89,0.5848,796.17,0.5852,421.44,0.5853,492.33
1753592081137,04:54:41.137,binance,ACE/USDT:USDT,0.5849,11.89,0.5848,796.17,0.5852,421.44,0.5853,492.33
1753592081247,04:54:41.247,binance,ACE/USDT:USDT,0.5849,11.89,0.5848,796.17,0.5852,421.44,0.5853,492.33
1753592081665,04:54:41.665,binance,ACE/USDT:USDT,0.5849,11.89,0.5848,796.17,0.5852,421.44,0.5853,492.33
1753592081782,04:54:41.782,binance,ACE/USDT:USDT,0.5849,11.89,0.5848,796.17,0.5852,431.34,0.5853,492.33
1753592082154,04:54:42.154,binance,ACE/USDT:USDT,0.5849,11.89,0.5848,385.78,0.5852,431.34,0.5853,492.33
1753592082257,04:54:42.257,binance,ACE/USDT:USDT,0.5849,11.89,0.5848,385.78,0.5852,431.34,0.5853,492.33
1753592082367,04:54:42.367,binance,ACE/USDT:USDT,0.5849,11.89,0.5848,385.78,0.5852,431.34,0.5853,492.33
1753592082819,04:54:42.819,binance,ACE/USDT:USDT,0.5849,11.89,0.5848,198.13,0.5852,431.34,0.5853,492.33
1753592082969,04:54:42.969,binance,ACE/USDT:USDT,0.5849,11.89,0.5848,198.13,0.5852,431.34,0.5853,492.33
1753592083217,04:54:43.217,binance,ACE/USDT:USDT,0.5849,11.89,0.5848,198.13,0.5852,431.34,0.5853,492.33
1753592083362,04:54:43.362,binance,ACE/USDT:USDT,0.5849,11.89,0.5848,198.13,0.5852,431.34,0.5853,492.33
1753592083501,04:54:43.501,binance,ACE/USDT:USDT,0.5849,11.89,0.5848,198.13,0.5852,431.34,0.5853,492.33
1753592083802,04:54:43.802,binance,ACE/USDT:USDT,0.5849,11.89,0.5848,198.13,0.5852,431.34,0.5853,492.33
1753592083967,04:54:43.967,binance,ACE/USDT:USDT,0.5849,11.89,0.5848,198.13,0.5852,431.34,0.5853,492.33
1753592084378,04:54:44.378,binance,ACE/USDT:USDT,0.5849,11.89,0.5848,198.13,0.5852,431.34,0.5853,492.33
1753592084481,04:54:44.481,binance,ACE/USDT:USDT,0.5849,11.89,0.5848,198.13,0.5852,431.34,0.5853,492.33
1753592084887,04:54:44.887,binance,ACE/USDT:USDT,0.5849,11.89,0.5848,198.13,0.5852,431.34,0.5853,492.33
1753592084997,04:54:44.997,binance,ACE/USDT:USDT,0.5849,11.89,0.5848,198.13,0.5852,431.34,0.5853,492.33
1753592085104,04:54:45.104,binance,ACE/USDT:USDT,0.5849,11.89,0.5848,198.13,0.5852,431.34,0.5853,492.33
1753592085602,04:54:45.602,binance,ACE/USDT:USDT,0.5849,11.89,0.5848,198.13,0.5852,431.34,0.5853,492.33
1753592086002,04:54:46.002,binance,ACE/USDT:USDT,0.5849,11.89,0.5848,198.13,0.5852,431.34,0.5853,492.33
1753592086140,04:54:46.140,binance,ACE/USDT:USDT,0.5849,11.89,0.5848,198.13,0.5852,431.34,0.5853,492.33
1753592086557,04:54:46.557,binance,ACE/USDT:USDT,0.5849,11.89,0.5848,198.13,0.5852,440.38,0.5853,492.33
1753592087102,04:54:47.102,binance,ACE/USDT:USDT,0.5849,11.89,0.5848,198.13,0.5852,440.38,0.5853,492.33
1753592087302,04:54:47.302,binance,ACE/USDT:USDT,0.5849,11.89,0.5848,198.13,0.5852,440.38,0.5853,492.33
1753592087702,04:54:47.702,binance,ACE/USDT:USDT,0.5849,11.89,0.5848,198.13,0.5852,440.38,0.5853,492.33
1753592088297,04:54:48.297,binance,ACE/USDT:USDT,0.5849,11.89,0.5848,198.13,0.5852,440.38,0.5853,492.33
1753592088578,04:54:48.578,binance,ACE/USDT:USDT,0.5849,200.42,0.5848,205.95,0.5852,456.23,0.5853,409.01
1753592088682,04:54:48.682,binance,ACE/USDT:USDT,0.5849,200.42,0.5848,205.95,0.5852,456.23,0.5853,409.01
1753592088788,04:54:48.788,binance,ACE/USDT:USDT,0.5849,200.42,0.5848,205.95,0.5852,456.23,0.5853,409.01
1753592089156,04:54:49.156,binance,ACE/USDT:USDT,0.5849,200.42,0.5848,205.95,0.5852,456.23,0.5853,409.01
1753592089301,04:54:49.301,binance,ACE/USDT:USDT,0.5849,200.42,0.5848,205.95,0.5852,456.23,0.5853,409.01
1753592089802,04:54:49.802,binance,ACE/USDT:USDT,0.5849,200.42,0.5848,205.95,0.5852,456.23,0.5853,409.01
1753592089906,04:54:49.906,binance,ACE/USDT:USDT,0.5849,200.42,0.5848,205.95,0.5852,456.23,0.5853,409.01
1753592090402,04:54:50.402,binance,ACE/USDT:USDT,0.5849,200.42,0.5848,205.95,0.5852,456.23,0.5853,409.01
1753592091002,04:54:51.002,binance,ACE/USDT:USDT,0.5849,200.42,0.5848,205.95,0.5852,456.23,0.5853,409.01
1753592091107,04:54:51.107,binance,ACE/USDT:USDT,0.5849,200.42,0.5848,205.95,0.5852,456.23,0.5853,409.01
1753592091602,04:54:51.602,binance,ACE/USDT:USDT,0.5849,200.42,0.5848,205.95,0.5852,456.23,0.5853,409.01
1753592091801,04:54:51.801,binance,ACE/USDT:USDT,0.5849,200.42,0.5848,205.95,0.5852,456.23,0.5853,409.01
1753592092004,04:54:52.004,binance,ACE/USDT:USDT,0.5849,200.42,0.5848,205.95,0.5852,456.23,0.5853,409.01
1753592092133,04:54:52.133,binance,ACE/USDT:USDT,0.5849,200.42,0.5848,205.95,0.5852,422.04,0.5853,238.12
1753592092237,04:54:52.237,binance,ACE/USDT:USDT,0.5849,200.42,0.5848,205.95,0.5852,422.04,0.5853,238.12
1753592092416,04:54:52.416,binance,ACE/USDT:USDT,0.5849,200.42,0.5848,205.95,0.5852,422.04,0.5853,238.12
1753592092702,04:54:52.702,binance,ACE/USDT:USDT,0.5849,200.42,0.5848,205.95,0.5852,422.04,0.5853,238.12
1753592092901,04:54:52.901,binance,ACE/USDT:USDT,0.5849,200.42,0.5848,205.95,0.5852,422.04,0.5853,238.12
1753592093302,04:54:53.302,binance,ACE/USDT:USDT,0.5849,200.42,0.5848,205.95,0.5852,422.04,0.5853,238.12
1753592093501,04:54:53.501,binance,ACE/USDT:USDT,0.5849,200.42,0.5848,205.95,0.5852,422.04,0.5853,238.12
1753592093902,04:54:53.902,binance,ACE/USDT:USDT,0.5849,200.42,0.5848,205.95,0.5852,422.04,0.5853,238.12
1753592094102,04:54:54.102,binance,ACE/USDT:USDT,0.5849,200.42,0.5848,205.95,0.5852,422.04,0.5853,238.12
1753592094502,04:54:54.502,binance,ACE/USDT:USDT,0.5849,200.42,0.5848,205.95,0.5852,422.04,0.5853,238.12
1753592094701,04:54:54.701,binance,ACE/USDT:USDT,0.5849,200.42,0.5848,205.95,0.5852,422.04,0.5853,238.12
1753592095102,04:54:55.102,binance,ACE/USDT:USDT,0.5849,200.42,0.5848,382.1,0.5852,422.04,0.5853,203.93
1753592095213,04:54:55.213,binance,ACE/USDT:USDT,0.5849,200.42,0.5848,382.1,0.5852,422.04,0.5853,203.93
1753592095318,04:54:55.318,binance,ACE/USDT:USDT,0.5849,200.42,0.5848,382.1,0.5852,456.23,0.5853,238.12
1753592095424,04:54:55.424,binance,ACE/USDT:USDT,0.5849,200.42,0.5848,382.1,0.5852,456.23,0.5853,238.12
1753592095533,04:54:55.533,binance,ACE/USDT:USDT,0.5849,200.42,0.5848,382.1,0.5852,422.04,0.5853,238.12
1753592095702,04:54:55.702,binance,ACE/USDT:USDT,0.5849,200.42,0.5848,382.1,0.5852,456.23,0.5853,238.12
1753592095901,04:54:55.901,binance,ACE/USDT:USDT,0.5849,200.42,0.5848,382.1,0.5852,456.23,0.5853,238.12
1753592096743,04:54:56.743,binance,ACE/USDT:USDT,0.5848,188.85,0.5847,303.94,0.5852,456.23,0.5853,410.25
1753592096845,04:54:56.845,binance,ACE/USDT:USDT,0.5848,188.85,0.5847,303.94,0.5852,456.23,0.5853,410.25
1753592097402,04:54:57.402,binance,ACE/USDT:USDT,0.5848,188.85,0.5847,303.94,0.5852,456.23,0.5853,410.25
1753592097627,04:54:57.627,binance,ACE/USDT:USDT,0.5849,200.42,0.5848,205.95,0.5852,422.04,0.5853,376.06
1753592098140,04:54:58.140,binance,ACE/USDT:USDT,0.5849,200.42,0.5848,205.95,0.5852,422.04,0.5853,410.25
1753592098481,04:54:58.481,binance,ACE/USDT:USDT,0.5849,200.42,0.5848,205.95,0.5852,422.04,0.5853,410.25
1753592098584,04:54:58.584,binance,ACE/USDT:USDT,0.5849,200.42,0.5848,205.95,0.5852,422.04,0.5853,410.25
1753592098838,04:54:58.838,binance,ACE/USDT:USDT,0.5849,217.91,0.5848,205.95,0.5852,422.04,0.5853,376.06
1753592099021,04:54:59.021,binance,ACE/USDT:USDT,0.585,77.65,0.5849,217.91,0.5852,34.79,0.5853,203.93
1753592099122,04:54:59.122,binance,ACE/USDT:USDT,0.585,95.14,0.5849,205.01,0.5852,24.89,0.5853,203.93
1753592099240,04:54:59.240,binance,ACE/USDT:USDT,0.585,95.14,0.5849,205.01,0.5852,24.89,0.5853,203.93
1753592099546,04:54:59.546,binance,ACE/USDT:USDT,0.585,95.14,0.5849,205.01,0.5852,24.89,0.5853,203.93
1753592099648,04:54:59.648,binance,ACE/USDT:USDT,0.585,95.14,0.5849,205.01,0.5852,24.89,0.5853,203.93
1753592099792,04:54:59.792,binance,ACE/USDT:USDT,0.5851,217.91,0.585,17.1,0.5852,24.89,0.5853,203.93
1753592100150,04:55:00.150,binance,ACE/USDT:USDT,0.5851,17.49,0.585,17.1,0.5852,44.65,0.5853,203.93
1753592100257,04:55:00.257,binance,ACE/USDT:USDT,0.5851,17.49,0.585,17.1,0.5852,44.65,0.5853,203.93
1753592100376,04:55:00.376,binance,ACE/USDT:USDT,0.5851,26.6,0.585,17.1,0.5853,186.83,0.5854,487.54
1753592100479,04:55:00.479,binance,ACE/USDT:USDT,0.5852,51.72,0.5851,26.21,0.5853,186.83,0.5854,499.5
1753592100582,04:55:00.582,binance,ACE/USDT:USDT,0.5852,51.72,0.5851,26.21,0.5853,186.83,0.5854,499.5
1753592100692,04:55:00.692,binance,ACE/USDT:USDT,0.5852,51.72,0.5851,26.21,0.5853,186.83,0.5854,499.5
1753592100887,04:55:00.887,binance,ACE/USDT:USDT,0.5852,51.72,0.5851,26.21,0.5853,186.83,0.5854,499.5
1753592101002,04:55:01.002,binance,ACE/USDT:USDT,0.5852,51.72,0.5851,26.21,0.5853,186.83,0.5854,499.5
1753592101108,04:55:01.108,binance,ACE/USDT:USDT,0.5852,51.72,0.5851,26.21,0.5853,186.83,0.5854,499.5
1753592101635,04:55:01.635,binance,ACE/USDT:USDT,0.5852,51.72,0.5851,26.21,0.5854,387.25,0.5855,1061.15
1753592101741,04:55:01.741,binance,ACE/USDT:USDT,0.5852,51.72,0.5851,26.21,0.5854,387.25,0.5855,1061.15
1753592101913,04:55:01.913,binance,ACE/USDT:USDT,0.5852,129.37,0.5851,26.21,0.5854,397.15,0.5855,890.3
1753592102036,04:55:02.036,binance,ACE/USDT:USDT,0.5852,129.37,0.5851,26.21,0.5854,397.15,0.5855,890.3
1753592102138,04:55:02.138,binance,ACE/USDT:USDT,0.5852,51.72,0.5851,26.21,0.5854,1594.64,0.5855,890.3
1753592102503,04:55:02.503,binance,ACE/USDT:USDT,0.5852,51.72,0.5851,26.21,0.5853,387.3,0.5854,404.34
1753592102620,04:55:02.620,binance,ACE/USDT:USDT,0.5849,202.7,0.5848,629.33,0.5851,19.21,0.5852,200.42
1753592102734,04:55:02.734,binance,ACE/USDT:USDT,0.585,200.42,0.5849,202.7,0.5851,19.21,0.5852,17.09
1753592102843,04:55:02.843,binance,ACE/USDT:USDT,0.585,200.42,0.5849,202.7,0.5851,19.21,0.5852,17.09
1753592103018,04:55:03.018,binance,ACE/USDT:USDT,0.585,200.42,0.5849,202.7,0.5851,19.21,0.5852,17.09
1753592103170,04:55:03.170,binance,ACE/USDT:USDT,0.585,200.42,0.5849,202.7,0.5851,19.21,0.5852,17.09
1753592103447,04:55:03.447,binance,ACE/USDT:USDT,0.585,200.42,0.5849,202.7,0.5851,19.21,0.5852,17.09
1753592103571,04:55:03.571,binance,ACE/USDT:USDT,0.585,319.48,0.5849,202.7,0.5851,19.21,0.5852,17.09
1753592103674,04:55:03.674,binance,ACE/USDT:USDT,0.585,319.48,0.5849,202.7,0.5851,19.21,0.5852,17.09
1753592103990,04:55:03.990,binance,ACE/USDT:USDT,0.585,319.48,0.5849,202.7,0.5851,19.21,0.5852,17.09
1753592104102,04:55:04.102,binance,ACE/USDT:USDT,0.585,319.48,0.5849,202.7,0.5851,19.21,0.5852,17.09
1753592104302,04:55:04.302,binance,ACE/USDT:USDT,0.585,319.48,0.5849,202.7,0.5851,19.21,0.5852,17.09
1753592104569,04:55:04.569,binance,ACE/USDT:USDT,0.585,319.48,0.5849,202.7,0.5851,19.21,0.5852,17.09
1753592104674,04:55:04.674,binance,ACE/USDT:USDT,0.585,319.48,0.5849,202.7,0.5851,19.21,0.5852,17.09
1753592104780,04:55:04.780,binance,ACE/USDT:USDT,0.585,319.48,0.5849,202.7,0.5851,19.21,0.5852,17.09
1753592104902,04:55:04.902,binance,ACE/USDT:USDT,0.585,319.48,0.5849,202.7,0.5851,19.21,0.5852,17.09
1753592105037,04:55:05.037,binance,ACE/USDT:USDT,0.585,342.48,0.5849,368.77,0.5854,480.31,0.5855,1061.19
1753592105138,04:55:05.138,binance,ACE/USDT:USDT,0.585,342.48,0.5849,202.7,0.5854,514.49,0.5855,1268.99
1753592105240,04:55:05.240,binance,ACE/USDT:USDT,0.585,342.48,0.5849,202.7,0.5853,525.8,0.5854,450.48
1753592105348,04:55:05.348,binance,ACE/USDT:USDT,0.585,342.48,0.5849,202.7,0.5853,525.8,0.5854,450.48
1753592105453,04:55:05.453,binance,ACE/USDT:USDT,0.585,342.48,0.5849,202.7,0.5853,525.8,0.5854,450.48
1753592105568,04:55:05.568,binance,ACE/USDT:USDT,0.585,342.48,0.5849,202.7,0.5853,525.8,0.5854,450.48
1753592105702,04:55:05.702,binance,ACE/USDT:USDT,0.585,342.48,0.5849,202.7,0.5853,525.8,0.5854,450.48
1753592105902,04:55:05.902,binance,ACE/USDT:USDT,0.585,342.48,0.5849,202.7,0.5853,525.8,0.5854,450.48
1753592106130,04:55:06.130,binance,ACE/USDT:USDT,0.585,342.48,0.5849,202.7,0.5853,525.8,0.5854,450.48
1753592106301,04:55:06.301,binance,ACE/USDT:USDT,0.585,342.48,0.5849,202.7,0.5853,525.8,0.5854,450.48
1753592106434,04:55:06.434,binance,ACE/USDT:USDT,0.585,342.48,0.5849,202.7,0.5853,611.82,0.5854,450.48
1753592106547,04:55:06.547,binance,ACE/USDT:USDT,0.585,342.48,0.5849,202.7,0.5853,611.82,0.5854,450.48
1753592106903,04:55:06.903,binance,ACE/USDT:USDT,0.585,342.48,0.5849,202.7,0.5852,234.61,0.5853,137.3
1753592107017,04:55:07.017,binance,ACE/USDT:USDT,0.585,342.48,0.5849,202.7,0.5852,234.61,0.5853,137.3
1753592107402,04:55:07.402,binance,ACE/USDT:USDT,0.585,342.48,0.5849,202.7,0.5852,234.61,0.5853,137.3
1753592107602,04:55:07.602,binance,ACE/USDT:USDT,0.585,342.48,0.5849,202.7,0.5852,234.61,0.5853,137.3
1753592107734,04:55:07.734,binance,ACE/USDT:USDT,0.585,142.06,0.5849,202.7,0.5852,234.61,0.5853,319.61
1753592107921,04:55:07.921,binance,ACE/USDT:USDT,0.585,142.06,0.5849,202.7,0.5852,234.61,0.5853,319.61
1753592108202,04:55:08.202,binance,ACE/USDT:USDT,0.585,142.06,0.5849,202.7,0.5852,234.61,0.5853,319.61
1753592108502,04:55:08.502,binance,ACE/USDT:USDT,0.585,142.06,0.5849,202.7,0.5852,234.61,0.5853,319.61
1753592108802,04:55:08.802,binance,ACE/USDT:USDT,0.585,142.06,0.5849,202.7,0.5852,234.61,0.5853,319.61
1753592109102,04:55:09.102,binance,ACE/USDT:USDT,0.585,142.06,0.5849,202.7,0.5852,234.61,0.5853,319.61
1753592109255,04:55:09.255,binance,ACE/USDT:USDT,0.585,142.06,0.5849,202.7,0.5852,200.42,0.5853,319.61
1753592109401,04:55:09.401,binance,ACE/USDT:USDT,0.585,142.06,0.5849,202.7,0.5852,234.61,0.5853,319.61
1753592109702,04:55:09.702,binance,ACE/USDT:USDT,0.585,142.06,0.5849,202.7,0.5852,234.61,0.5853,319.61
1753592109902,04:55:09.902,binance,ACE/USDT:USDT,0.585,142.06,0.5849,202.7,0.5852,234.61,0.5853,319.61
1753592110135,04:55:10.135,binance,ACE/USDT:USDT,0.585,142.06,0.5849,202.7,0.5851,8.62,0.5852,251.71
1753592110287,04:55:10.287,binance,ACE/USDT:USDT,0.585,142.06,0.5849,202.7,0.5851,8.62,0.5852,251.71
1753592110457,04:55:10.457,binance,ACE/USDT:USDT,0.585,142.06,0.5849,202.7,0.5851,42.81,0.5852,251.71
1753592110586,04:55:10.586,binance,ACE/USDT:USDT,0.585,142.06,0.5849,202.7,0.5851,42.81,0.5852,251.71
1753592110757,04:55:10.757,binance,ACE/USDT:USDT,0.585,142.06,0.5849,202.7,0.5851,42.81,0.5852,251.71
1753592110880,04:55:10.880,binance,ACE/USDT:USDT,0.585,142.06,0.5849,202.7,0.5851,8.62,0.5852,251.71
1753592111002,04:55:11.002,binance,ACE/USDT:USDT,0.585,142.06,0.5849,202.7,0.5851,8.62,0.5852,251.71
1753592111303,04:55:11.303,binance,ACE/USDT:USDT,0.585,142.06,0.5849,202.7,0.5851,8.62,0.5852,251.71
1753592111433,04:55:11.433,binance,ACE/USDT:USDT,0.585,142.06,0.5849,202.7,0.5851,8.62,0.5852,251.71
1753592111602,04:55:11.602,binance,ACE/USDT:USDT,0.585,142.06,0.5849,202.7,0.5851,8.62,0.5852,251.71
1753592111705,04:55:11.705,binance,ACE/USDT:USDT,0.585,142.06,0.5849,202.7,0.5851,8.62,0.5852,251.71
1753592111854,04:55:11.854,binance,ACE/USDT:USDT,0.585,142.06,0.5849,202.7,0.5851,8.62,0.5852,251.71
1753592112057,04:55:12.057,binance,ACE/USDT:USDT,0.585,142.06,0.5849,202.7,0.5851,8.62,0.5852,251.71
1753592112516,04:55:12.516,binance,ACE/USDT:USDT,0.585,142.06,0.5849,202.7,0.5851,8.62,0.5852,251.71
1753592112701,04:55:12.701,binance,ACE/USDT:USDT,0.585,142.06,0.5849,202.7,0.5851,8.62,0.5852,251.71
1753592112958,04:55:12.958,binance,ACE/USDT:USDT,0.585,142.06,0.5849,202.7,0.5851,8.62,0.5852,251.71
1753592113202,04:55:13.202,binance,ACE/USDT:USDT,0.585,142.06,0.5849,202.7,0.5851,8.62,0.5852,251.71
1753592113502,04:55:13.502,binance,ACE/USDT:USDT,0.585,142.06,0.5849,202.7,0.5851,8.62,0.5852,251.71
1753592113737,04:55:13.737,binance,ACE/USDT:USDT,0.585,142.06,0.5849,202.7,0.5851,8.62,0.5852,251.71
1753592114102,04:55:14.102,binance,ACE/USDT:USDT,0.585,142.06,0.5849,202.7,0.5851,8.62,0.5852,251.71
1753592114302,04:55:14.302,binance,ACE/USDT:USDT,0.585,142.06,0.5849,202.7,0.5851,8.62,0.5852,251.71
1753592114902,04:55:14.902,binance,ACE/USDT:USDT,0.585,142.06,0.5849,202.7,0.5851,8.62,0.5852,251.71
1753592115287,04:55:15.287,binance,ACE/USDT:USDT,0.585,142.06,0.5849,202.7,0.5851,8.62,0.5852,251.71
1753592115401,04:55:15.401,binance,ACE/USDT:USDT,0.585,142.06,0.5849,202.7,0.5851,8.62,0.5852,251.71
1753592115502,04:55:15.502,binance,ACE/USDT:USDT,0.585,142.06,0.5849,202.7,0.5851,51.79,0.5852,251.71
1753592115837,04:55:15.837,binance,ACE/USDT:USDT,0.585,142.06,0.5849,202.7,0.5851,51.79,0.5852,251.71
1753592116087,04:55:16.087,binance,ACE/USDT:USDT,0.585,142.06,0.5849,202.7,0.5851,51.79,0.5852,251.71
1753592116357,04:55:16.357,binance,ACE/USDT:USDT,0.585,142.06,0.5849,202.7,0.5851,51.79,0.5852,251.71
1753592116638,04:55:16.638,binance,ACE/USDT:USDT,0.585,142.06,0.5849,202.7,0.5851,51.79,0.5852,251.71
1753592116854,04:55:16.854,binance,ACE/USDT:USDT,0.585,142.06,0.5849,202.7,0.5851,17.6,0.5852,251.71
1753592116967,04:55:16.967,binance,ACE/USDT:USDT,0.585,142.06,0.5849,202.7,0.5851,17.6,0.5852,251.71
1753592117202,04:55:17.202,binance,ACE/USDT:USDT,0.585,142.06,0.5849,202.7,0.5851,17.6,0.5852,251.71
1753592117497,04:55:17.497,binance,ACE/USDT:USDT,0.585,142.06,0.5849,202.7,0.5851,17.6,0.5852,251.71
1753592117802,04:55:17.802,binance,ACE/USDT:USDT,0.585,142.06,0.5849,202.7,0.5851,17.6,0.5852,251.71
1753592118002,04:55:18.002,binance,ACE/USDT:USDT,0.585,142.06,0.5849,202.7,0.5851,17.6,0.5852,251.71
1753592118402,04:55:18.402,binance,ACE/USDT:USDT,0.585,142.06,0.5849,202.7,0.5851,17.6,0.5852,251.71
1753592118602,04:55:18.602,binance,ACE/USDT:USDT,0.585,142.06,0.5849,202.7,0.5851,17.6,0.5852,251.71
1753592118936,04:55:18.936,binance,ACE/USDT:USDT,0.585,142.06,0.5849,202.7,0.5851,51.79,0.5852,251.71
1753592119102,04:55:19.102,binance,ACE/USDT:USDT,0.585,142.06,0.5849,202.7,0.5851,51.79,0.5852,251.71
1753592119301,04:55:19.301,binance,ACE/USDT:USDT,0.585,142.06,0.5849,202.7,0.5851,51.79,0.5852,251.71
1753592119435,04:55:19.435,binance,ACE/USDT:USDT,0.585,142.06,0.5849,202.7,0.5851,448.48,0.5852,251.71
1753592119554,04:55:19.554,binance,ACE/USDT:USDT,0.585,142.06,0.5849,202.7,0.5851,534.5,0.5852,251.71
1753592120102,04:55:20.102,binance,ACE/USDT:USDT,0.585,142.06,0.5849,202.7,0.5851,534.5,0.5852,251.71
1753592120402,04:55:20.402,binance,ACE/USDT:USDT,0.585,142.06,0.5849,202.7,0.5851,534.5,0.5852,251.71
1753592120524,04:55:20.524,binance,ACE/USDT:USDT,0.585,142.06,0.5849,202.7,0.5851,534.5,0.5852,251.71
1753592120667,04:55:20.667,binance,ACE/USDT:USDT,0.585,142.06,0.5849,202.7,0.5851,534.5,0.5852,251.71
1753592121003,04:55:21.003,binance,ACE/USDT:USDT,0.585,142.06,0.5849,202.7,0.5851,534.5,0.5852,251.71
1753592121174,04:55:21.174,binance,ACE/USDT:USDT,0.585,142.06,0.5849,202.7,0.5851,534.5,0.5852,251.71
1753592121302,04:55:21.302,binance,ACE/USDT:USDT,0.585,142.06,0.5849,202.7,0.5851,534.5,0.5852,251.71
1753592121456,04:55:21.456,binance,ACE/USDT:USDT,0.585,142.06,0.5849,202.7,0.5851,500.31,0.5852,251.71
1753592121567,04:55:21.567,binance,ACE/USDT:USDT,0.585,142.06,0.5849,202.7,0.5851,500.31,0.5852,251.71
1753592121902,04:55:21.902,binance,ACE/USDT:USDT,0.585,142.06,0.5849,202.7,0.5851,500.31,0.5852,251.71
1753592122447,04:55:22.447,binance,ACE/USDT:USDT,0.585,142.06,0.5849,202.7,0.5851,500.31,0.5852,251.71
1753592122702,04:55:22.702,binance,ACE/USDT:USDT,0.585,142.06,0.5849,14.79,0.5851,500.31,0.5852,438.69
1753592122825,04:55:22.825,binance,ACE/USDT:USDT,0.5849,14.79,0.5848,432.78,0.585,200.42,0.5851,688.36
1753592122931,04:55:22.931,binance,ACE/USDT:USDT,0.5848,415.68,0.5847,288.99,0.5849,10.47,0.585,212.39
1753592123198,04:55:23.198,binance,ACE/USDT:USDT,0.5848,415.68,0.5847,288.99,0.5849,10.47,0.585,212.39
1753592123303,04:55:23.303,binance,ACE/USDT:USDT,0.5848,415.68,0.5847,288.99,0.5849,10.47,0.585,212.39
1753592123435,04:55:23.435,binance,ACE/USDT:USDT,0.5848,415.68,0.5847,288.99,0.5849,10.47,0.585,212.39
1753592123538,04:55:23.538,binance,ACE/USDT:USDT,0.5848,415.68,0.5847,288.99,0.5849,10.47,0.585,212.39
1753592123725,04:55:23.725,binance,ACE/USDT:USDT,0.5848,415.68,0.5847,288.99,0.5849,10.47,0.585,212.39
