timestamp,time,exchange,symbol,bid1_price,bid1_volume,bid2_price,bid2_volume,ask1_price,ask1_volume,ask2_price,ask2_volume
1753591853633,04:50:53.633,blofin,AEVO/USDT:USDT,0.10819,26.0,0.10817,6769.0,0.10823,8335.0,0.10825,21876.0
1753591854634,04:50:54.634,blofin,AEVO/USDT:USDT,0.10819,25.0,0.10818,6747.0,0.10822,4622.0,0.10823,31223.0
1753591856032,04:50:56.032,blofin,AEVO/USDT:USDT,0.10819,3.0,0.10818,22.0,0.10822,4623.0,0.10823,13592.0
1753591856637,04:50:56.637,blofin,AEVO/USDT:USDT,0.10818,26.0,0.10817,6874.0,0.10822,4625.0,0.10823,13592.0
1753591857033,04:50:57.033,blofin,AEVO/USDT:USDT,0.10819,1033.0,0.10816,3.0,0.10822,3.0,0.10823,8333.0
1753591857636,04:50:57.636,blofin,AEVO/USDT:USDT,0.10819,4.0,0.10818,1458.0,0.10822,4625.0,0.10823,19129.0
1753591858033,04:50:58.033,blofin,AEVO/USDT:USDT,0.10818,1463.0,0.10816,3.0,0.10822,4625.0,0.10823,19129.0
1753591859035,04:50:59.035,blofin,AEVO/USDT:USDT,0.10819,1461.0,0.10816,3.0,0.10822,3.0,0.10823,8333.0
1753591859638,04:50:59.638,blofin,AEVO/USDT:USDT,0.1082,525.0,0.10819,3.0,0.10822,4625.0,0.10823,25271.0
1753591860159,04:51:00.159,blofin,AEVO/USDT:USDT,0.1082,3.0,0.10819,525.0,0.10822,4625.0,0.10823,3711.0
1753591860639,04:51:00.639,blofin,AEVO/USDT:USDT,0.1082,3.0,0.10818,547.0,0.10822,4625.0,0.10823,7903.0
1753591960175,04:52:40.175,blofin,AEVO/USDT:USDT,0.1082,3.0,0.10818,547.0,0.10822,4625.0,0.10823,7903.0
1753591960677,04:52:40.677,blofin,AEVO/USDT:USDT,0.1083,5112.0,0.10829,2.0,0.10822,4625.0,0.10823,7903.0
1753591961176,04:52:41.176,blofin,AEVO/USDT:USDT,0.1083,9488.0,0.10829,2.0,0.10822,4625.0,0.10823,7903.0
1753591962177,04:52:42.177,blofin,AEVO/USDT:USDT,0.1083,5601.0,0.10829,2.0,0.10822,4625.0,0.10823,7903.0
1753591962679,04:52:42.679,blofin,AEVO/USDT:USDT,0.1083,5601.0,0.10829,2.0,0.10822,4625.0,0.10823,7903.0
1753591963178,04:52:43.178,blofin,AEVO/USDT:USDT,0.1083,5603.0,0.10829,2.0,0.10822,4625.0,0.10823,7903.0
1753591963678,04:52:43.678,blofin,AEVO/USDT:USDT,0.1083,5604.0,0.10829,2.0,0.10822,4625.0,0.10823,7903.0
1753591964180,04:52:44.180,blofin,AEVO/USDT:USDT,0.10829,5603.0,0.10825,17499.0,0.10822,4625.0,0.10823,7903.0
1753591964681,04:52:44.681,blofin,AEVO/USDT:USDT,0.10829,5603.0,0.10825,17499.0,0.10822,4625.0,0.10823,7903.0
1753591965682,04:52:45.682,blofin,AEVO/USDT:USDT,0.1083,5602.0,0.10829,2.0,0.10822,4625.0,0.10823,7903.0
1753591966185,04:52:46.185,blofin,AEVO/USDT:USDT,0.1083,5600.0,0.10829,2.0,0.10822,4625.0,0.10823,7903.0
1753591966686,04:52:46.686,blofin,AEVO/USDT:USDT,0.1083,5600.0,0.10829,2.0,0.10822,4625.0,0.10823,7903.0
1753591967186,04:52:47.186,blofin,AEVO/USDT:USDT,0.1083,5601.0,0.10829,2.0,0.10822,4625.0,0.10823,7903.0
1753591967689,04:52:47.689,blofin,AEVO/USDT:USDT,0.1083,5602.0,0.10829,2.0,0.10822,4625.0,0.10823,7903.0
1753591968188,04:52:48.188,blofin,AEVO/USDT:USDT,0.1083,5602.0,0.10829,2.0,0.10822,4625.0,0.10823,7903.0
1753591968689,04:52:48.689,blofin,AEVO/USDT:USDT,0.1083,5602.0,0.10829,2.0,0.10822,4625.0,0.10823,7903.0
1753591969691,04:52:49.691,blofin,AEVO/USDT:USDT,0.1083,3.0,0.10829,5601.0,0.10822,4625.0,0.10823,7903.0
1753592055771,04:54:15.771,blofin,AEVO/USDT:USDT,0.10849,2100.0,0.10847,19522.0,0.10822,4625.0,0.10823,7903.0
1753592056320,04:54:16.320,blofin,AEVO/USDT:USDT,0.10848,2104.0,0.10845,2.0,0.10822,4625.0,0.10823,7903.0
1753592056774,04:54:16.774,blofin,AEVO/USDT:USDT,0.10848,2101.0,0.10845,2.0,0.10822,4625.0,0.10823,7903.0
1753592057887,04:54:17.887,blofin,AEVO/USDT:USDT,0.10848,2.0,0.10847,2.0,0.10822,4625.0,0.10823,7903.0
1753592058109,04:54:18.109,blofin,AEVO/USDT:USDT,0.10848,2.0,0.10846,2.0,0.10822,4625.0,0.10823,7903.0
1753592058646,04:54:18.646,blofin,AEVO/USDT:USDT,0.10848,2.0,0.10847,2.0,0.10822,4625.0,0.10823,7903.0
1753592058825,04:54:18.825,blofin,AEVO/USDT:USDT,0.10848,2.0,0.10846,485.0,0.10822,4625.0,0.10823,7903.0
1753592059776,04:54:19.776,blofin,AEVO/USDT:USDT,0.10846,490.0,0.10845,2.0,0.10822,4625.0,0.10823,7903.0
1753592060415,04:54:20.415,blofin,AEVO/USDT:USDT,0.10847,486.0,0.10846,4.0,0.10822,4625.0,0.10823,7903.0
1753592060889,04:54:20.889,blofin,AEVO/USDT:USDT,0.10846,4.0,0.10845,4.0,0.10822,4625.0,0.10823,7903.0
1753592061557,04:54:21.557,blofin,AEVO/USDT:USDT,0.10847,486.0,0.10846,4.0,0.10822,4625.0,0.10823,7903.0
1753592062020,04:54:22.020,blofin,AEVO/USDT:USDT,0.10847,2.0,0.10846,2756.0,0.10822,4625.0,0.10823,7903.0
1753592062779,04:54:22.779,blofin,AEVO/USDT:USDT,0.10847,2.0,0.10846,2757.0,0.10822,4625.0,0.10823,7903.0
1753592063418,04:54:23.418,blofin,AEVO/USDT:USDT,0.10846,2756.0,0.10845,6.0,0.10822,4625.0,0.10823,7903.0
1753592064108,04:54:24.108,blofin,AEVO/USDT:USDT,0.10846,2759.0,0.10845,6.0,0.10822,4625.0,0.10823,7903.0
1753592064657,04:54:24.657,blofin,AEVO/USDT:USDT,0.10845,7.0,0.10844,2505.0,0.10822,4625.0,0.10823,7903.0
1753592151841,04:55:51.841,blofin,AEVO/USDT:USDT,0.10845,7.0,0.10844,2505.0,0.10822,4625.0,0.10823,7903.0
1753592152451,04:55:52.451,blofin,AEVO/USDT:USDT,0.10845,7.0,0.10844,2505.0,0.10822,4625.0,0.10823,7903.0
1753592152953,04:55:52.953,blofin,AEVO/USDT:USDT,0.10845,7.0,0.10844,2505.0,0.10822,4625.0,0.10823,7903.0
1753592153453,04:55:53.453,blofin,AEVO/USDT:USDT,0.10845,7.0,0.10844,2505.0,0.10822,4625.0,0.10823,7903.0
1753592153843,04:55:53.843,blofin,AEVO/USDT:USDT,0.10845,7.0,0.10844,2505.0,0.10822,4625.0,0.10823,7903.0
1753592154453,04:55:54.453,blofin,AEVO/USDT:USDT,0.10845,7.0,0.10844,2505.0,0.10822,4625.0,0.10823,7903.0
1753592154953,04:55:54.953,blofin,AEVO/USDT:USDT,0.10845,7.0,0.10844,2505.0,0.10822,4625.0,0.10823,7903.0
1753592155842,04:55:55.842,blofin,AEVO/USDT:USDT,0.10845,7.0,0.10844,2505.0,0.10822,4625.0,0.10823,7903.0
1753592156408,04:55:56.408,blofin,AEVO/USDT:USDT,0.10845,7.0,0.10844,2505.0,0.10822,4625.0,0.10823,7903.0
1753592156958,04:55:56.958,blofin,AEVO/USDT:USDT,0.10845,7.0,0.10844,2505.0,0.10822,4625.0,0.10823,7903.0
1753592157462,04:55:57.462,blofin,AEVO/USDT:USDT,0.10845,7.0,0.10844,2505.0,0.10822,4625.0,0.10823,7903.0
1753592158269,04:55:58.269,blofin,AEVO/USDT:USDT,0.10845,1263.0,0.10844,2505.0,0.10822,4625.0,0.10823,7903.0
1753592158462,04:55:58.462,blofin,AEVO/USDT:USDT,0.10847,1983.0,0.10845,10968.0,0.10822,4625.0,0.10823,7903.0
1753592158963,04:55:58.963,blofin,AEVO/USDT:USDT,0.10847,823.0,0.10846,3159.0,0.10822,4625.0,0.10823,7903.0
1753592159463,04:55:59.463,blofin,AEVO/USDT:USDT,0.10847,828.0,0.10846,3159.0,0.10822,4625.0,0.10823,7903.0
1753592159964,04:55:59.964,blofin,AEVO/USDT:USDT,0.10847,827.0,0.10844,55742.0,0.10822,4625.0,0.10823,7903.0
1753592246083,04:57:26.083,blofin,AEVO/USDT:USDT,0.10849,1544.0,0.10848,2055.0,0.10822,4625.0,0.10823,7903.0
1753592246582,04:57:26.582,blofin,AEVO/USDT:USDT,0.10849,1544.0,0.10848,2055.0,0.10822,4625.0,0.10823,7903.0
1753592247083,04:57:27.083,blofin,AEVO/USDT:USDT,0.10849,1545.0,0.10847,827.0,0.10822,4625.0,0.10823,7903.0
1753592247585,04:57:27.585,blofin,AEVO/USDT:USDT,0.10849,1543.0,0.10847,827.0,0.10822,4625.0,0.10823,7903.0
1753592248085,04:57:28.085,blofin,AEVO/USDT:USDT,0.10849,1.0,0.10848,1542.0,0.10822,4625.0,0.10823,7903.0
1753592248585,04:57:28.585,blofin,AEVO/USDT:USDT,0.10849,1.0,0.10848,1542.0,0.10822,4625.0,0.10823,7903.0
1753592248907,04:57:28.907,blofin,AEVO/USDT:USDT,0.10849,1543.0,0.10848,29725.0,0.10822,4625.0,0.10823,7903.0
1753592249587,04:57:29.587,blofin,AEVO/USDT:USDT,0.10849,1544.0,0.10848,29725.0,0.10822,4625.0,0.10823,7903.0
1753592250087,04:57:30.087,blofin,AEVO/USDT:USDT,0.10849,2.0,0.10847,827.0,0.10822,4625.0,0.10823,7903.0
1753592250588,04:57:30.588,blofin,AEVO/USDT:USDT,0.10847,827.0,0.10846,6.0,0.10822,4625.0,0.10823,7903.0
1753592251089,04:57:31.089,blofin,AEVO/USDT:USDT,0.10847,1.0,0.10846,5.0,0.10822,4625.0,0.10823,7903.0
1753592251918,04:57:31.918,blofin,AEVO/USDT:USDT,0.10847,5.0,0.10846,5.0,0.10822,4625.0,0.10823,7903.0
1753592252091,04:57:32.091,blofin,AEVO/USDT:USDT,0.10847,4.0,0.10846,3.0,0.10822,4625.0,0.10823,7903.0
1753592252938,04:57:32.938,blofin,AEVO/USDT:USDT,0.10847,609.0,0.10846,4.0,0.10822,4625.0,0.10823,7903.0
1753592253592,04:57:33.592,blofin,AEVO/USDT:USDT,0.10847,610.0,0.10846,4.0,0.10822,4625.0,0.10823,7903.0
1753592254093,04:57:34.093,blofin,AEVO/USDT:USDT,0.10847,4.0,0.10846,274.0,0.10822,4625.0,0.10823,7903.0
1753592254594,04:57:34.594,blofin,AEVO/USDT:USDT,0.10847,4.0,0.10846,274.0,0.10822,4625.0,0.10823,7903.0
1753592255097,04:57:35.097,blofin,AEVO/USDT:USDT,0.10848,815.0,0.10847,4.0,0.10822,4625.0,0.10823,7903.0
1753592255910,04:57:35.910,blofin,AEVO/USDT:USDT,0.10848,3.0,0.10847,295.0,0.10822,4625.0,0.10823,7903.0
1753592256600,04:57:36.600,blofin,AEVO/USDT:USDT,0.10848,3.0,0.10847,295.0,0.10822,4625.0,0.10823,7903.0
1753592257100,04:57:37.100,blofin,AEVO/USDT:USDT,0.10848,291.0,0.10847,12074.0,0.10822,4625.0,0.10823,7903.0
1753592257600,04:57:37.600,blofin,AEVO/USDT:USDT,0.10848,291.0,0.10847,12074.0,0.10822,4625.0,0.10823,7903.0
1753592367257,04:59:27.257,blofin,AEVO/USDT:USDT,0.10855,6.0,0.1085,4472.0,0.10822,4625.0,0.10823,7903.0
1753592367999,04:59:27.999,blofin,AEVO/USDT:USDT,0.10855,9.0,0.10851,1202.0,0.10822,4625.0,0.10823,7903.0
1753592368259,04:59:28.259,blofin,AEVO/USDT:USDT,0.10855,9.0,0.10851,1202.0,0.10822,4625.0,0.10823,7903.0
1753592369258,04:59:29.258,blofin,AEVO/USDT:USDT,0.10854,842.0,0.10852,25905.0,0.10822,4625.0,0.10823,7903.0
1753592369828,04:59:29.828,blofin,AEVO/USDT:USDT,0.10856,838.0,0.10854,4.0,0.10822,4625.0,0.10823,7903.0
1753592370762,04:59:30.762,blofin,AEVO/USDT:USDT,0.10858,49.0,0.10853,6452.0,0.10822,4625.0,0.10823,7903.0
1753592371262,04:59:31.262,blofin,AEVO/USDT:USDT,0.10858,4.0,0.10855,4598.0,0.10822,4625.0,0.10823,7903.0
1753592372015,04:59:32.015,blofin,AEVO/USDT:USDT,0.10858,3.0,0.10857,2.0,0.10822,4625.0,0.10823,7903.0
1753592372265,04:59:32.265,blofin,AEVO/USDT:USDT,0.10858,1.0,0.10857,16993.0,0.10822,4625.0,0.10823,7903.0
1753592373004,04:59:33.004,blofin,AEVO/USDT:USDT,0.10858,1.0,0.10857,24773.0,0.10822,4625.0,0.10823,7903.0
1753592373390,04:59:33.390,blofin,AEVO/USDT:USDT,0.1086,1.0,0.10858,550.0,0.10822,4625.0,0.10823,7903.0
1753592374267,04:59:34.267,blofin,AEVO/USDT:USDT,0.1086,1077.0,0.10858,30684.0,0.10822,4625.0,0.10823,7903.0
1753592374767,04:59:34.767,blofin,AEVO/USDT:USDT,0.1086,1077.0,0.10858,30684.0,0.10822,4625.0,0.10823,7903.0
1753592375268,04:59:35.268,blofin,AEVO/USDT:USDT,0.1086,1080.0,0.10857,1.0,0.10822,4625.0,0.10823,7903.0
1753592376006,04:59:36.006,blofin,AEVO/USDT:USDT,0.1086,4.0,0.10859,1617.0,0.10822,4625.0,0.10823,7903.0
1753592376270,04:59:36.270,blofin,AEVO/USDT:USDT,0.10859,1618.0,0.10858,36466.0,0.10822,4625.0,0.10823,7903.0
1753592377008,04:59:37.008,blofin,AEVO/USDT:USDT,0.10859,1621.0,0.10858,36466.0,0.10822,4625.0,0.10823,7903.0
1753592377772,04:59:37.772,blofin,AEVO/USDT:USDT,0.1086,4889.0,0.10858,11145.0,0.10822,4625.0,0.10823,7903.0
1753592378276,04:59:38.276,blofin,AEVO/USDT:USDT,0.1086,4889.0,0.10858,3581.0,0.10822,4625.0,0.10823,7903.0
1753592378773,04:59:38.773,blofin,AEVO/USDT:USDT,0.1086,4889.0,0.10858,3581.0,0.10822,4625.0,0.10823,7903.0
1753592483429,05:01:23.429,blofin,AEVO/USDT:USDT,0.10862,2.0,0.10861,2085.0,0.10822,4625.0,0.10823,7903.0
1753592484099,05:01:24.099,blofin,AEVO/USDT:USDT,0.10862,2372.0,0.10861,1.0,0.10822,4625.0,0.10823,7903.0
1753592484931,05:01:24.931,blofin,AEVO/USDT:USDT,0.10863,2374.0,0.10862,2.0,0.10822,4625.0,0.10823,7903.0
1753592485432,05:01:25.432,blofin,AEVO/USDT:USDT,0.10863,2.0,0.10862,522.0,0.10822,4625.0,0.10823,7903.0
1753592486102,05:01:26.102,blofin,AEVO/USDT:USDT,0.10863,288.0,0.10862,2.0,0.10822,4625.0,0.10823,7903.0
1753592486559,05:01:26.559,blofin,AEVO/USDT:USDT,0.10863,291.0,0.10862,24120.0,0.10822,4625.0,0.10823,7903.0
1753592487103,05:01:27.103,blofin,AEVO/USDT:USDT,0.10863,292.0,0.10862,24120.0,0.10822,4625.0,0.10823,7903.0
1753592487432,05:01:27.432,blofin,AEVO/USDT:USDT,0.10863,6.0,0.10862,2.0,0.10822,4625.0,0.10823,7903.0
1753592488434,05:01:28.434,blofin,AEVO/USDT:USDT,0.10863,42.0,0.10862,2.0,0.10822,4625.0,0.10823,7903.0
1753592488935,05:01:28.935,blofin,AEVO/USDT:USDT,0.10863,41.0,0.10862,2.0,0.10822,4625.0,0.10823,7903.0
1753592489435,05:01:29.435,blofin,AEVO/USDT:USDT,0.10863,41.0,0.10862,15395.0,0.10822,4625.0,0.10823,7903.0
1753592490104,05:01:30.104,blofin,AEVO/USDT:USDT,0.10863,39.0,0.10862,2.0,0.10822,4625.0,0.10823,7903.0
1753592490438,05:01:30.438,blofin,AEVO/USDT:USDT,0.10863,39.0,0.10862,2.0,0.10822,4625.0,0.10823,7903.0
1753592491106,05:01:31.106,blofin,AEVO/USDT:USDT,0.10863,4.0,0.10862,39.0,0.10822,4625.0,0.10823,7903.0
1753592491441,05:01:31.441,blofin,AEVO/USDT:USDT,0.10863,4.0,0.10862,39.0,0.10822,4625.0,0.10823,7903.0
1753592492441,05:01:32.441,blofin,AEVO/USDT:USDT,0.10863,521.0,0.10862,1.0,0.10822,4625.0,0.10823,7903.0
1753592492943,05:01:32.943,blofin,AEVO/USDT:USDT,0.10863,521.0,0.10862,1.0,0.10822,4625.0,0.10823,7903.0
1753592569555,05:02:49.555,blofin,AEVO/USDT:USDT,0.10863,521.0,0.10862,1.0,0.10822,4625.0,0.10823,7903.0
1753592570167,05:02:50.167,blofin,AEVO/USDT:USDT,0.10863,521.0,0.10862,1.0,0.10822,4625.0,0.10823,7903.0
1753592571056,05:02:51.056,blofin,AEVO/USDT:USDT,0.10863,521.0,0.10862,1.0,0.10822,4625.0,0.10823,7903.0
1753592571559,05:02:51.559,blofin,AEVO/USDT:USDT,0.10863,521.0,0.10862,1.0,0.10822,4625.0,0.10823,7903.0
1753592572169,05:02:52.169,blofin,AEVO/USDT:USDT,0.10863,521.0,0.10862,1.0,0.10822,4625.0,0.10823,7903.0
1753592573049,05:02:53.049,blofin,AEVO/USDT:USDT,0.10863,521.0,0.10862,1.0,0.10822,4625.0,0.10823,7903.0
1753592573170,05:02:53.170,blofin,AEVO/USDT:USDT,0.10863,521.0,0.10862,1.0,0.10822,4625.0,0.10823,7903.0
1753592573561,05:02:53.561,blofin,AEVO/USDT:USDT,0.10863,521.0,0.10862,1.0,0.10822,4625.0,0.10823,7903.0
1753592574171,05:02:54.171,blofin,AEVO/USDT:USDT,0.10863,521.0,0.10862,1.0,0.10822,4625.0,0.10823,7903.0
1753592574577,05:02:54.577,blofin,AEVO/USDT:USDT,0.10863,521.0,0.10862,1.0,0.10822,4625.0,0.10823,7903.0
1753592575565,05:02:55.565,blofin,AEVO/USDT:USDT,0.10863,521.0,0.10862,1.0,0.10822,4625.0,0.10823,7903.0
1753592576173,05:02:56.173,blofin,AEVO/USDT:USDT,0.10863,521.0,0.10862,1.0,0.10822,4625.0,0.10823,7903.0
1753592576568,05:02:56.568,blofin,AEVO/USDT:USDT,0.10863,521.0,0.10862,1.0,0.10822,4625.0,0.10823,7903.0
1753592577348,05:02:57.348,blofin,AEVO/USDT:USDT,0.10863,521.0,0.10862,1.0,0.10822,4625.0,0.10823,7903.0
1753592578068,05:02:58.068,blofin,AEVO/USDT:USDT,0.10863,521.0,0.10862,1.0,0.10822,4625.0,0.10823,7903.0
1753592578569,05:02:58.569,blofin,AEVO/USDT:USDT,0.10863,521.0,0.10862,1.0,0.10822,4625.0,0.10823,7903.0
1753592579182,05:02:59.182,blofin,AEVO/USDT:USDT,0.10863,521.0,0.10862,1.0,0.10822,4625.0,0.10823,7903.0
1753592579572,05:02:59.572,blofin,AEVO/USDT:USDT,0.10863,521.0,0.10862,1.0,0.10822,4625.0,0.10823,7903.0
1753592580177,05:03:00.177,blofin,AEVO/USDT:USDT,0.10863,521.0,0.10862,1.0,0.10822,4625.0,0.10823,7903.0
1753592581073,05:03:01.073,blofin,AEVO/USDT:USDT,0.10863,521.0,0.10862,1.0,0.10822,4625.0,0.10823,7903.0
1753592581528,05:03:01.528,blofin,AEVO/USDT:USDT,0.10863,521.0,0.10862,1.0,0.10822,4625.0,0.10823,7903.0
1753592683727,05:04:43.727,blofin,AEVO/USDT:USDT,0.10863,521.0,0.10862,1.0,0.10822,4625.0,0.10823,7903.0
1753592684227,05:04:44.227,blofin,AEVO/USDT:USDT,0.10863,521.0,0.10862,1.0,0.10822,4625.0,0.10823,7903.0
1753592684727,05:04:44.727,blofin,AEVO/USDT:USDT,0.10863,521.0,0.10862,1.0,0.10822,4625.0,0.10823,7903.0
1753592685728,05:04:45.728,blofin,AEVO/USDT:USDT,0.10863,521.0,0.10862,1.0,0.10822,4625.0,0.10823,7903.0
1753592686231,05:04:46.231,blofin,AEVO/USDT:USDT,0.10863,521.0,0.10862,1.0,0.10822,4625.0,0.10823,7903.0
1753592686729,05:04:46.729,blofin,AEVO/USDT:USDT,0.10863,521.0,0.10862,1.0,0.10822,4625.0,0.10823,7903.0
1753592687230,05:04:47.230,blofin,AEVO/USDT:USDT,0.10863,521.0,0.10862,1.0,0.10822,4625.0,0.10823,7903.0
1753592687731,05:04:47.731,blofin,AEVO/USDT:USDT,0.10863,521.0,0.10862,1.0,0.10822,4625.0,0.10823,7903.0
1753592688234,05:04:48.234,blofin,AEVO/USDT:USDT,0.10863,521.0,0.10862,1.0,0.10822,4625.0,0.10823,7903.0
1753592688732,05:04:48.732,blofin,AEVO/USDT:USDT,0.10863,521.0,0.10862,1.0,0.10822,4625.0,0.10823,7903.0
1753592689734,05:04:49.734,blofin,AEVO/USDT:USDT,0.10863,521.0,0.10862,1.0,0.10822,4625.0,0.10823,7903.0
1753592690236,05:04:50.236,blofin,AEVO/USDT:USDT,0.10863,521.0,0.10862,1.0,0.10822,4625.0,0.10823,7903.0
1753592690735,05:04:50.735,blofin,AEVO/USDT:USDT,0.10863,521.0,0.10862,1.0,0.10822,4625.0,0.10823,7903.0
1753592691236,05:04:51.236,blofin,AEVO/USDT:USDT,0.10863,521.0,0.10862,1.0,0.10822,4625.0,0.10823,7903.0
1753592691738,05:04:51.738,blofin,AEVO/USDT:USDT,0.10863,521.0,0.10862,1.0,0.10822,4625.0,0.10823,7903.0
1753592693240,05:04:53.240,blofin,AEVO/USDT:USDT,0.10863,521.0,0.10862,1.0,0.10822,4625.0,0.10823,7903.0
1753592694242,05:04:54.242,blofin,AEVO/USDT:USDT,0.10863,521.0,0.10862,1.0,0.10822,4625.0,0.10823,7903.0
1753592694741,05:04:54.741,blofin,AEVO/USDT:USDT,0.10863,521.0,0.10862,1.0,0.10822,4625.0,0.10823,7903.0
1753592695242,05:04:55.242,blofin,AEVO/USDT:USDT,0.10863,521.0,0.10862,1.0,0.10822,4625.0,0.10823,7903.0
1753592798392,05:06:38.392,blofin,AEVO/USDT:USDT,0.10863,521.0,0.10862,1.0,0.10822,4625.0,0.10823,7903.0
1753592798892,05:06:38.892,blofin,AEVO/USDT:USDT,0.10863,521.0,0.10862,1.0,0.10822,4625.0,0.10823,7903.0
1753592799393,05:06:39.393,blofin,AEVO/USDT:USDT,0.10863,521.0,0.10862,1.0,0.10822,4625.0,0.10823,7903.0
1753592799895,05:06:39.895,blofin,AEVO/USDT:USDT,0.10863,521.0,0.10862,1.0,0.10822,4625.0,0.10823,7903.0
1753592800895,05:06:40.895,blofin,AEVO/USDT:USDT,0.10863,521.0,0.10862,1.0,0.10822,4625.0,0.10823,7903.0
1753592801396,05:06:41.396,blofin,AEVO/USDT:USDT,0.10863,521.0,0.10862,1.0,0.10822,4625.0,0.10823,7903.0
1753592801896,05:06:41.896,blofin,AEVO/USDT:USDT,0.10863,521.0,0.10862,1.0,0.10822,4625.0,0.10823,7903.0
1753592802398,05:06:42.398,blofin,AEVO/USDT:USDT,0.10863,521.0,0.10862,1.0,0.10822,4625.0,0.10823,7903.0
1753592803399,05:06:43.399,blofin,AEVO/USDT:USDT,0.10863,521.0,0.10862,1.0,0.10822,4625.0,0.10823,7903.0
1753592803877,05:06:43.877,blofin,AEVO/USDT:USDT,0.10863,521.0,0.10862,1.0,0.10822,4625.0,0.10823,7903.0
1753592804400,05:06:44.400,blofin,AEVO/USDT:USDT,0.10863,521.0,0.10862,1.0,0.10822,4625.0,0.10823,7903.0
1753592805309,05:06:45.309,blofin,AEVO/USDT:USDT,0.10863,521.0,0.10862,1.0,0.10822,4625.0,0.10823,7903.0
1753592805886,05:06:45.886,blofin,AEVO/USDT:USDT,0.10863,521.0,0.10862,1.0,0.10822,4625.0,0.10823,7903.0
1753592806538,05:06:46.538,blofin,AEVO/USDT:USDT,0.10863,521.0,0.10862,1.0,0.10822,4625.0,0.10823,7903.0
1753592807216,05:06:47.216,blofin,AEVO/USDT:USDT,0.10863,521.0,0.10862,1.0,0.10822,4625.0,0.10823,7903.0
1753592807789,05:06:47.789,blofin,AEVO/USDT:USDT,0.10863,521.0,0.10862,1.0,0.10822,4625.0,0.10823,7903.0
1753592808386,05:06:48.386,blofin,AEVO/USDT:USDT,0.10863,521.0,0.10862,1.0,0.10822,4625.0,0.10823,7903.0
1753592808996,05:06:48.996,blofin,AEVO/USDT:USDT,0.10863,521.0,0.10862,1.0,0.10822,4625.0,0.10823,7903.0
1753592809626,05:06:49.626,blofin,AEVO/USDT:USDT,0.10863,521.0,0.10862,1.0,0.10822,4625.0,0.10823,7903.0
1753592809907,05:06:49.907,blofin,AEVO/USDT:USDT,0.10863,521.0,0.10862,1.0,0.10822,4625.0,0.10823,7903.0
1753592810719,05:06:50.719,blofin,AEVO/USDT:USDT,0.10863,521.0,0.10862,1.0,0.10822,4625.0,0.10823,7903.0
1753592811410,05:06:51.410,blofin,AEVO/USDT:USDT,0.10863,521.0,0.10862,1.0,0.10822,4625.0,0.10823,7903.0
1753592812069,05:06:52.069,blofin,AEVO/USDT:USDT,0.10863,521.0,0.10862,1.0,0.10822,4625.0,0.10823,7903.0
1753592812412,05:06:52.412,blofin,AEVO/USDT:USDT,0.10863,521.0,0.10862,1.0,0.10822,4625.0,0.10823,7903.0
1753592939599,05:08:59.599,blofin,AEVO/USDT:USDT,0.10863,521.0,0.10862,1.0,0.10822,4625.0,0.10823,7903.0
1753592940099,05:09:00.099,blofin,AEVO/USDT:USDT,0.10863,521.0,0.10862,1.0,0.10822,4625.0,0.10823,7903.0
1753592940600,05:09:00.600,blofin,AEVO/USDT:USDT,0.10863,521.0,0.10862,1.0,0.10822,4625.0,0.10823,7903.0
1753592941430,05:09:01.430,blofin,AEVO/USDT:USDT,0.10863,521.0,0.10862,1.0,0.10822,4625.0,0.10823,7903.0
1753592941976,05:09:01.976,blofin,AEVO/USDT:USDT,0.10863,521.0,0.10862,1.0,0.10822,4625.0,0.10823,7903.0
1753592942602,05:09:02.602,blofin,AEVO/USDT:USDT,0.10863,521.0,0.10862,1.0,0.10822,4625.0,0.10823,7903.0
1753592943079,05:09:03.079,blofin,AEVO/USDT:USDT,0.10863,521.0,0.10862,1.0,0.10822,4625.0,0.10823,7903.0
1753592943602,05:09:03.602,blofin,AEVO/USDT:USDT,0.10863,521.0,0.10862,1.0,0.10822,4625.0,0.10823,7903.0
1753592944430,05:09:04.430,blofin,AEVO/USDT:USDT,0.10863,521.0,0.10862,1.0,0.10822,4625.0,0.10823,7903.0
1753592944603,05:09:04.603,blofin,AEVO/USDT:USDT,0.10863,521.0,0.10862,1.0,0.10822,4625.0,0.10823,7903.0
1753592945431,05:09:05.431,blofin,AEVO/USDT:USDT,0.10863,521.0,0.10862,1.0,0.10822,4625.0,0.10823,7903.0
1753592945607,05:09:05.607,blofin,AEVO/USDT:USDT,0.10863,521.0,0.10862,1.0,0.10822,4625.0,0.10823,7903.0
1753592946608,05:09:06.608,blofin,AEVO/USDT:USDT,0.10863,521.0,0.10862,1.0,0.10822,4625.0,0.10823,7903.0
1753592947608,05:09:07.608,blofin,AEVO/USDT:USDT,0.10863,521.0,0.10862,1.0,0.10822,4625.0,0.10823,7903.0
1753592948434,05:09:08.434,blofin,AEVO/USDT:USDT,0.10863,521.0,0.10862,1.0,0.10822,4625.0,0.10823,7903.0
1753593038497,05:10:38.497,blofin,AEVO/USDT:USDT,0.10863,521.0,0.10862,1.0,0.10822,4625.0,0.10823,7903.0
1753593038734,05:10:38.734,blofin,AEVO/USDT:USDT,0.10863,521.0,0.10862,1.0,0.10822,4625.0,0.10823,7903.0
1753593039732,05:10:39.732,blofin,AEVO/USDT:USDT,0.10863,521.0,0.10862,1.0,0.10822,4625.0,0.10823,7903.0
1753593040232,05:10:40.232,blofin,AEVO/USDT:USDT,0.10863,521.0,0.10862,1.0,0.10822,4625.0,0.10823,7903.0
1753593040733,05:10:40.733,blofin,AEVO/USDT:USDT,0.10863,521.0,0.10862,1.0,0.10822,4625.0,0.10823,7903.0
1753593041498,05:10:41.498,blofin,AEVO/USDT:USDT,0.10863,521.0,0.10862,1.0,0.10822,4625.0,0.10823,7903.0
1753593041737,05:10:41.737,blofin,AEVO/USDT:USDT,0.10863,521.0,0.10862,1.0,0.10822,4625.0,0.10823,7903.0
1753593042738,05:10:42.738,blofin,AEVO/USDT:USDT,0.10863,521.0,0.10862,1.0,0.10822,4625.0,0.10823,7903.0
1753593043740,05:10:43.740,blofin,AEVO/USDT:USDT,0.10863,521.0,0.10862,1.0,0.10822,4625.0,0.10823,7903.0
1753593044501,05:10:44.501,blofin,AEVO/USDT:USDT,0.10863,521.0,0.10862,1.0,0.10822,4625.0,0.10823,7903.0
1753593045242,05:10:45.242,blofin,AEVO/USDT:USDT,0.10863,521.0,0.10862,1.0,0.10822,4625.0,0.10823,7903.0
1753593045742,05:10:45.742,blofin,AEVO/USDT:USDT,0.10863,521.0,0.10862,1.0,0.10822,4625.0,0.10823,7903.0
1753593046503,05:10:46.503,blofin,AEVO/USDT:USDT,0.10863,521.0,0.10862,1.0,0.10822,4625.0,0.10823,7903.0
1753593047158,05:10:47.158,blofin,AEVO/USDT:USDT,0.10863,521.0,0.10862,1.0,0.10822,4625.0,0.10823,7903.0
1753593132862,05:12:12.862,blofin,AEVO/USDT:USDT,0.10863,521.0,0.10862,1.0,0.10822,4625.0,0.10823,7903.0
1753593133570,05:12:13.570,blofin,AEVO/USDT:USDT,0.10863,521.0,0.10862,1.0,0.10822,4625.0,0.10823,7903.0
1753593133865,05:12:13.865,blofin,AEVO/USDT:USDT,0.10863,521.0,0.10862,1.0,0.10822,4625.0,0.10823,7903.0
1753593134864,05:12:14.864,blofin,AEVO/USDT:USDT,0.10863,521.0,0.10862,1.0,0.10822,4625.0,0.10823,7903.0
1753593135438,05:12:15.438,blofin,AEVO/USDT:USDT,0.10863,521.0,0.10862,1.0,0.10822,4625.0,0.10823,7903.0
1753593135866,05:12:15.866,blofin,AEVO/USDT:USDT,0.10863,521.0,0.10862,1.0,0.10822,4625.0,0.10823,7903.0
1753593136571,05:12:16.571,blofin,AEVO/USDT:USDT,0.10863,521.0,0.10862,1.0,0.10822,4625.0,0.10823,7903.0
1753593136825,05:12:16.825,blofin,AEVO/USDT:USDT,0.10863,521.0,0.10862,1.0,0.10822,4625.0,0.10823,7903.0
1753593137869,05:12:17.869,blofin,AEVO/USDT:USDT,0.10863,521.0,0.10862,1.0,0.10822,4625.0,0.10823,7903.0
1753593138871,05:12:18.871,blofin,AEVO/USDT:USDT,0.10863,521.0,0.10862,1.0,0.10822,4625.0,0.10823,7903.0
1753593139633,05:12:19.633,blofin,AEVO/USDT:USDT,0.10863,521.0,0.10862,1.0,0.10822,4625.0,0.10823,7903.0
1753593139871,05:12:19.871,blofin,AEVO/USDT:USDT,0.10863,521.0,0.10862,1.0,0.10822,4625.0,0.10823,7903.0
1753593140575,05:12:20.575,blofin,AEVO/USDT:USDT,0.10863,521.0,0.10862,1.0,0.10822,4625.0,0.10823,7903.0
1753593140873,05:12:20.873,blofin,AEVO/USDT:USDT,0.10863,521.0,0.10862,1.0,0.10822,4625.0,0.10823,7903.0
1753593141887,05:12:21.887,blofin,AEVO/USDT:USDT,0.10863,521.0,0.10862,1.0,0.10822,4625.0,0.10823,7903.0
1753593229011,05:13:49.011,blofin,AEVO/USDT:USDT,0.10863,521.0,0.10862,1.0,0.10822,4625.0,0.10823,7903.0
1753593229638,05:13:49.638,blofin,AEVO/USDT:USDT,0.10863,521.0,0.10862,1.0,0.10822,4625.0,0.10823,7903.0
1753593230063,05:13:50.063,blofin,AEVO/USDT:USDT,0.10863,521.0,0.10862,1.0,0.10822,4625.0,0.10823,7903.0
1753593230639,05:13:50.639,blofin,AEVO/USDT:USDT,0.10863,521.0,0.10862,1.0,0.10822,4625.0,0.10823,7903.0
1753593231514,05:13:51.514,blofin,AEVO/USDT:USDT,0.10863,521.0,0.10862,1.0,0.10822,4625.0,0.10823,7903.0
1753593232017,05:13:52.017,blofin,AEVO/USDT:USDT,0.10863,521.0,0.10862,1.0,0.10822,4625.0,0.10823,7903.0
1753593232640,05:13:52.640,blofin,AEVO/USDT:USDT,0.10863,521.0,0.10862,1.0,0.10822,4625.0,0.10823,7903.0
1753593233017,05:13:53.017,blofin,AEVO/USDT:USDT,0.10863,521.0,0.10862,1.0,0.10822,4625.0,0.10823,7903.0
1753593233640,05:13:53.640,blofin,AEVO/USDT:USDT,0.10863,521.0,0.10862,1.0,0.10822,4625.0,0.10823,7903.0
1753593235020,05:13:55.020,blofin,AEVO/USDT:USDT,0.10863,521.0,0.10862,1.0,0.10822,4625.0,0.10823,7903.0
1753593235641,05:13:55.641,blofin,AEVO/USDT:USDT,0.10863,521.0,0.10862,1.0,0.10822,4625.0,0.10823,7903.0
1753593236020,05:13:56.020,blofin,AEVO/USDT:USDT,0.10863,521.0,0.10862,1.0,0.10822,4625.0,0.10823,7903.0
1753593236643,05:13:56.643,blofin,AEVO/USDT:USDT,0.10863,521.0,0.10862,1.0,0.10822,4625.0,0.10823,7903.0
1753593238023,05:13:58.023,blofin,AEVO/USDT:USDT,0.10863,521.0,0.10862,1.0,0.10822,4625.0,0.10823,7903.0
1753593238644,05:13:58.644,blofin,AEVO/USDT:USDT,0.10863,521.0,0.10862,1.0,0.10822,4625.0,0.10823,7903.0
1753593239025,05:13:59.025,blofin,AEVO/USDT:USDT,0.10863,521.0,0.10862,1.0,0.10822,4625.0,0.10823,7903.0
1753593239646,05:13:59.646,blofin,AEVO/USDT:USDT,0.10863,521.0,0.10862,1.0,0.10822,4625.0,0.10823,7903.0
1753593240027,05:14:00.027,blofin,AEVO/USDT:USDT,0.10863,521.0,0.10862,1.0,0.10822,4625.0,0.10823,7903.0
1753593240624,05:14:00.624,blofin,AEVO/USDT:USDT,0.10863,521.0,0.10862,1.0,0.10822,4625.0,0.10823,7903.0
1753593241531,05:14:01.531,blofin,AEVO/USDT:USDT,0.10863,521.0,0.10862,1.0,0.10822,4625.0,0.10823,7903.0
1753593352732,05:15:52.732,blofin,AEVO/USDT:USDT,0.10863,521.0,0.10862,1.0,0.10822,4625.0,0.10823,7903.0
1753593353183,05:15:53.183,blofin,AEVO/USDT:USDT,0.10863,521.0,0.10862,1.0,0.10822,4625.0,0.10823,7903.0
1753593353684,05:15:53.684,blofin,AEVO/USDT:USDT,0.10863,521.0,0.10862,1.0,0.10822,4625.0,0.10823,7903.0
1753593354183,05:15:54.183,blofin,AEVO/USDT:USDT,0.10863,521.0,0.10862,1.0,0.10822,4625.0,0.10823,7903.0
1753593355186,05:15:55.186,blofin,AEVO/USDT:USDT,0.10863,521.0,0.10862,1.0,0.10822,4625.0,0.10823,7903.0
1753593355686,05:15:55.686,blofin,AEVO/USDT:USDT,0.10863,521.0,0.10862,1.0,0.10822,4625.0,0.10823,7903.0
1753593356186,05:15:56.186,blofin,AEVO/USDT:USDT,0.10863,521.0,0.10862,1.0,0.10822,4625.0,0.10823,7903.0
1753593356688,05:15:56.688,blofin,AEVO/USDT:USDT,0.10863,521.0,0.10862,1.0,0.10822,4625.0,0.10823,7903.0
1753593357745,05:15:57.745,blofin,AEVO/USDT:USDT,0.10863,521.0,0.10862,1.0,0.10822,4625.0,0.10823,7903.0
1753593358192,05:15:58.192,blofin,AEVO/USDT:USDT,0.10863,521.0,0.10862,1.0,0.10822,4625.0,0.10823,7903.0
1753593359190,05:15:59.190,blofin,AEVO/USDT:USDT,0.10863,521.0,0.10862,1.0,0.10822,4625.0,0.10823,7903.0
1753593359821,05:15:59.821,blofin,AEVO/USDT:USDT,0.10863,521.0,0.10862,1.0,0.10822,4625.0,0.10823,7903.0
1753593360335,05:16:00.335,blofin,AEVO/USDT:USDT,0.10863,521.0,0.10862,1.0,0.10822,4625.0,0.10823,7903.0
1753593360691,05:16:00.691,blofin,AEVO/USDT:USDT,0.10863,521.0,0.10862,1.0,0.10822,4625.0,0.10823,7903.0
1753593361302,05:16:01.302,blofin,AEVO/USDT:USDT,0.10863,521.0,0.10862,1.0,0.10822,4625.0,0.10823,7903.0
1753593362197,05:16:02.197,blofin,AEVO/USDT:USDT,0.10863,521.0,0.10862,1.0,0.10822,4625.0,0.10823,7903.0
1753593362752,05:16:02.752,blofin,AEVO/USDT:USDT,0.10863,521.0,0.10862,1.0,0.10822,4625.0,0.10823,7903.0
1753593363199,05:16:03.199,blofin,AEVO/USDT:USDT,0.10863,521.0,0.10862,1.0,0.10822,4625.0,0.10823,7903.0
1753593363698,05:16:03.698,blofin,AEVO/USDT:USDT,0.10863,521.0,0.10862,1.0,0.10822,4625.0,0.10823,7903.0
1753593364200,05:16:04.200,blofin,AEVO/USDT:USDT,0.10863,521.0,0.10862,1.0,0.10822,4625.0,0.10823,7903.0
1753593459328,05:17:39.328,blofin,AEVO/USDT:USDT,0.10863,521.0,0.10862,1.0,0.10822,4625.0,0.10823,7903.0
1753593459815,05:17:39.815,blofin,AEVO/USDT:USDT,0.10863,521.0,0.10862,1.0,0.10822,4625.0,0.10823,7903.0
1753593460816,05:17:40.816,blofin,AEVO/USDT:USDT,0.10863,521.0,0.10862,1.0,0.10822,4625.0,0.10823,7903.0
1753593461330,05:17:41.330,blofin,AEVO/USDT:USDT,0.10863,521.0,0.10862,1.0,0.10822,4625.0,0.10823,7903.0
1753593462332,05:17:42.332,blofin,AEVO/USDT:USDT,0.10863,521.0,0.10862,1.0,0.10822,4625.0,0.10823,7903.0
1753593462817,05:17:42.817,blofin,AEVO/USDT:USDT,0.10863,521.0,0.10862,1.0,0.10822,4625.0,0.10823,7903.0
1753593463818,05:17:43.818,blofin,AEVO/USDT:USDT,0.10863,521.0,0.10862,1.0,0.10822,4625.0,0.10823,7903.0
1753593464336,05:17:44.336,blofin,AEVO/USDT:USDT,0.10863,521.0,0.10862,1.0,0.10822,4625.0,0.10823,7903.0
1753593464817,05:17:44.817,blofin,AEVO/USDT:USDT,0.10863,521.0,0.10862,1.0,0.10822,4625.0,0.10823,7903.0
1753593465336,05:17:45.336,blofin,AEVO/USDT:USDT,0.10863,521.0,0.10862,1.0,0.10822,4625.0,0.10823,7903.0
1753593466338,05:17:46.338,blofin,AEVO/USDT:USDT,0.10863,521.0,0.10862,1.0,0.10822,4625.0,0.10823,7903.0
1753593466818,05:17:46.818,blofin,AEVO/USDT:USDT,0.10863,521.0,0.10862,1.0,0.10822,4625.0,0.10823,7903.0
1753593467338,05:17:47.338,blofin,AEVO/USDT:USDT,0.10863,521.0,0.10862,1.0,0.10822,4625.0,0.10823,7903.0
1753593467819,05:17:47.819,blofin,AEVO/USDT:USDT,0.10863,521.0,0.10862,1.0,0.10822,4625.0,0.10823,7903.0
1753593544952,05:19:04.952,blofin,AEVO/USDT:USDT,0.10863,521.0,0.10862,1.0,0.10822,4625.0,0.10823,7903.0
1753593545956,05:19:05.956,blofin,AEVO/USDT:USDT,0.10863,521.0,0.10862,1.0,0.10822,4625.0,0.10823,7903.0
1753593546453,05:19:06.453,blofin,AEVO/USDT:USDT,0.10863,521.0,0.10862,1.0,0.10822,4625.0,0.10823,7903.0
1753593547453,05:19:07.453,blofin,AEVO/USDT:USDT,0.10863,521.0,0.10862,3113.0,0.10822,4625.0,0.10823,7903.0
1753593548455,05:19:08.455,blofin,AEVO/USDT:USDT,0.10863,521.0,0.10862,2596.0,0.10822,4625.0,0.10823,7903.0
1753593548958,05:19:08.958,blofin,AEVO/USDT:USDT,0.10863,2594.0,0.10862,2.0,0.10822,4625.0,0.10823,7903.0
1753593549460,05:19:09.460,blofin,AEVO/USDT:USDT,0.10863,2597.0,0.10861,2.0,0.10822,4625.0,0.10823,7903.0
1753593550423,05:19:10.423,blofin,AEVO/USDT:USDT,0.10865,2914.0,0.10863,20133.0,0.10822,4625.0,0.10823,7903.0
1753593550961,05:19:10.961,blofin,AEVO/USDT:USDT,0.10866,724.0,0.10863,33168.0,0.10822,4625.0,0.10823,7903.0
1753593551886,05:19:11.886,blofin,AEVO/USDT:USDT,0.10869,535.0,0.10868,30236.0,0.10822,4625.0,0.10823,7903.0
1753593552461,05:19:12.461,blofin,AEVO/USDT:USDT,0.10869,539.0,0.10868,30236.0,0.10822,4625.0,0.10823,7903.0
1753593552962,05:19:12.962,blofin,AEVO/USDT:USDT,0.10869,537.0,0.10867,35342.0,0.10822,4625.0,0.10823,7903.0
1753593634084,05:20:34.084,blofin,AEVO/USDT:USDT,0.10869,537.0,0.10867,35342.0,0.10822,4625.0,0.10823,7903.0
1753593634583,05:20:34.583,blofin,AEVO/USDT:USDT,0.10869,537.0,0.10867,35342.0,0.10822,4625.0,0.10823,7903.0
1753593635085,05:20:35.085,blofin,AEVO/USDT:USDT,0.10869,537.0,0.10867,35342.0,0.10822,4625.0,0.10823,7903.0
1753593635938,05:20:35.938,blofin,AEVO/USDT:USDT,0.10869,537.0,0.10867,35342.0,0.10822,4625.0,0.10823,7903.0
1753593636085,05:20:36.085,blofin,AEVO/USDT:USDT,0.10869,537.0,0.10867,35342.0,0.10822,4625.0,0.10823,7903.0
1753593637085,05:20:37.085,blofin,AEVO/USDT:USDT,0.10869,537.0,0.10867,35342.0,0.10822,4625.0,0.10823,7903.0
1753593637586,05:20:37.586,blofin,AEVO/USDT:USDT,0.10869,537.0,0.10867,35342.0,0.10822,4625.0,0.10823,7903.0
1753593638088,05:20:38.088,blofin,AEVO/USDT:USDT,0.10869,537.0,0.10867,35342.0,0.10822,4625.0,0.10823,7903.0
1753593638940,05:20:38.940,blofin,AEVO/USDT:USDT,0.10869,537.0,0.10867,35342.0,0.10822,4625.0,0.10823,7903.0
1753593639404,05:20:39.404,blofin,AEVO/USDT:USDT,0.10869,537.0,0.10867,35342.0,0.10822,4625.0,0.10823,7903.0
1753593640092,05:20:40.092,blofin,AEVO/USDT:USDT,0.10869,537.0,0.10867,35342.0,0.10822,4625.0,0.10823,7903.0
1753593640590,05:20:40.590,blofin,AEVO/USDT:USDT,0.10869,537.0,0.10867,35342.0,0.10822,4625.0,0.10823,7903.0
1753593641091,05:20:41.091,blofin,AEVO/USDT:USDT,0.10869,537.0,0.10867,35342.0,0.10822,4625.0,0.10823,7903.0
1753593641942,05:20:41.942,blofin,AEVO/USDT:USDT,0.10869,537.0,0.10867,35342.0,0.10822,4625.0,0.10823,7903.0
1753593642094,05:20:42.094,blofin,AEVO/USDT:USDT,0.10869,537.0,0.10867,35342.0,0.10822,4625.0,0.10823,7903.0
1753593642595,05:20:42.595,blofin,AEVO/USDT:USDT,0.10869,537.0,0.10867,35342.0,0.10822,4625.0,0.10823,7903.0
1753593643095,05:20:43.095,blofin,AEVO/USDT:USDT,0.10869,537.0,0.10867,35342.0,0.10822,4625.0,0.10823,7903.0
1753593643945,05:20:43.945,blofin,AEVO/USDT:USDT,0.10869,537.0,0.10867,35342.0,0.10822,4625.0,0.10823,7903.0
1753593644448,05:20:44.448,blofin,AEVO/USDT:USDT,0.10869,537.0,0.10867,35342.0,0.10822,4625.0,0.10823,7903.0
1753593645098,05:20:45.098,blofin,AEVO/USDT:USDT,0.10869,537.0,0.10867,35342.0,0.10822,4625.0,0.10823,7903.0
1753593736733,05:22:16.733,blofin,AEVO/USDT:USDT,0.10869,537.0,0.10867,35342.0,0.10822,4625.0,0.10823,7903.0
1753593737233,05:22:17.233,blofin,AEVO/USDT:USDT,0.10869,537.0,0.10867,35342.0,0.10822,4625.0,0.10823,7903.0
1753593737734,05:22:17.734,blofin,AEVO/USDT:USDT,0.10869,537.0,0.10867,35342.0,0.10822,4625.0,0.10823,7903.0
1753593738235,05:22:18.235,blofin,AEVO/USDT:USDT,0.10869,537.0,0.10867,35342.0,0.10822,4625.0,0.10823,7903.0
1753593739022,05:22:19.022,blofin,AEVO/USDT:USDT,0.10869,537.0,0.10867,35342.0,0.10822,4625.0,0.10823,7903.0
1753593739236,05:22:19.236,blofin,AEVO/USDT:USDT,0.10869,537.0,0.10867,35342.0,0.10822,4625.0,0.10823,7903.0
1753593740200,05:22:20.200,blofin,AEVO/USDT:USDT,0.10869,537.0,0.10867,35342.0,0.10822,4625.0,0.10823,7903.0
1753593740750,05:22:20.750,blofin,AEVO/USDT:USDT,0.10869,537.0,0.10867,35342.0,0.10822,4625.0,0.10823,7903.0
1753593741241,05:22:21.241,blofin,AEVO/USDT:USDT,0.10869,537.0,0.10867,35342.0,0.10822,4625.0,0.10823,7903.0
1753593742023,05:22:22.023,blofin,AEVO/USDT:USDT,0.10869,537.0,0.10867,35342.0,0.10822,4625.0,0.10823,7903.0
1753593742242,05:22:22.242,blofin,AEVO/USDT:USDT,0.10869,537.0,0.10867,35342.0,0.10822,4625.0,0.10823,7903.0
1753593743244,05:22:23.244,blofin,AEVO/USDT:USDT,0.10869,537.0,0.10867,35342.0,0.10822,4625.0,0.10823,7903.0
1753593743743,05:22:23.743,blofin,AEVO/USDT:USDT,0.10869,537.0,0.10867,35342.0,0.10822,4625.0,0.10823,7903.0
1753593744244,05:22:24.244,blofin,AEVO/USDT:USDT,0.10869,537.0,0.10867,35342.0,0.10822,4625.0,0.10823,7903.0
1753593745025,05:22:25.025,blofin,AEVO/USDT:USDT,0.10869,537.0,0.10867,35342.0,0.10822,4625.0,0.10823,7903.0
1753593745746,05:22:25.746,blofin,AEVO/USDT:USDT,0.10869,537.0,0.10867,35342.0,0.10822,4625.0,0.10823,7903.0
1753593816359,05:23:36.359,blofin,AEVO/USDT:USDT,0.10872,376.0,0.1087,24567.0,0.10822,4625.0,0.10823,7903.0
1753593816860,05:23:36.860,blofin,AEVO/USDT:USDT,0.10872,3.0,0.10871,241.0,0.10822,4625.0,0.10823,7903.0
1753593817333,05:23:37.333,blofin,AEVO/USDT:USDT,0.10872,669.0,0.10871,38803.0,0.10822,4625.0,0.10823,7903.0
1753593818085,05:23:38.085,blofin,AEVO/USDT:USDT,0.10872,668.0,0.10871,38803.0,0.10822,4625.0,0.10823,7903.0
1753593818864,05:23:38.864,blofin,AEVO/USDT:USDT,0.10872,2.0,0.1087,136.0,0.10822,4625.0,0.10823,7903.0
1753593819563,05:23:39.563,blofin,AEVO/USDT:USDT,0.10872,668.0,0.1087,4.0,0.10822,4625.0,0.10823,7903.0
1753593820084,05:23:40.084,blofin,AEVO/USDT:USDT,0.10875,3.0,0.10874,1741.0,0.10822,4625.0,0.10823,7903.0
1753593820774,05:23:40.774,blofin,AEVO/USDT:USDT,0.10884,1741.0,0.1088,1574.0,0.10822,4625.0,0.10823,7903.0
1753593821366,05:23:41.366,blofin,AEVO/USDT:USDT,0.10884,683.0,0.1088,1309.0,0.10822,4625.0,0.10823,7903.0
1753593822085,05:23:42.085,blofin,AEVO/USDT:USDT,0.10884,1.0,0.10881,2.0,0.10822,4625.0,0.10823,7903.0
1753593822870,05:23:42.870,blofin,AEVO/USDT:USDT,0.1088,3.0,0.10878,2692.0,0.10822,4625.0,0.10823,7903.0
1753593823370,05:23:43.370,blofin,AEVO/USDT:USDT,0.10881,1.0,0.1088,2.0,0.10822,4625.0,0.10823,7903.0
1753593824874,05:23:44.874,blofin,AEVO/USDT:USDT,0.10881,160.0,0.10877,98.0,0.10822,4625.0,0.10823,7903.0
1753593825366,05:23:45.366,blofin,AEVO/USDT:USDT,0.10882,157.0,0.10881,3.0,0.10822,4625.0,0.10823,7903.0
1753593826375,05:23:46.375,blofin,AEVO/USDT:USDT,0.10882,1.0,0.10881,3.0,0.10822,4625.0,0.10823,7903.0
1753593827008,05:23:47.008,blofin,AEVO/USDT:USDT,0.10883,157.0,0.10881,3.0,0.10822,4625.0,0.10823,7903.0
1753593827375,05:23:47.375,blofin,AEVO/USDT:USDT,0.10883,1.0,0.10881,8583.0,0.10822,4625.0,0.10823,7903.0
1753593919510,05:25:19.510,blofin,AEVO/USDT:USDT,0.10883,1.0,0.10881,8583.0,0.10822,4625.0,0.10823,7903.0
1753593920012,05:25:20.012,blofin,AEVO/USDT:USDT,0.10883,1.0,0.10881,8583.0,0.10822,4625.0,0.10823,7903.0
1753593920514,05:25:20.514,blofin,AEVO/USDT:USDT,0.10884,24.0,0.10883,3.0,0.10822,4625.0,0.10823,7903.0
1753593921514,05:25:21.514,blofin,AEVO/USDT:USDT,0.10884,219.0,0.10883,12044.0,0.10822,4625.0,0.10823,7903.0
1753593922158,05:25:22.158,blofin,AEVO/USDT:USDT,0.10885,2504.0,0.10884,2.0,0.10822,4625.0,0.10823,7903.0
1753593922516,05:25:22.516,blofin,AEVO/USDT:USDT,0.10885,2504.0,0.10884,2.0,0.10822,4625.0,0.10823,7903.0
1753593923159,05:25:23.159,blofin,AEVO/USDT:USDT,0.10885,2502.0,0.10884,2.0,0.10822,4625.0,0.10823,7903.0
1753593924020,05:25:24.020,blofin,AEVO/USDT:USDT,0.10885,2502.0,0.10884,2.0,0.10822,4625.0,0.10823,7903.0
1753593924588,05:25:24.588,blofin,AEVO/USDT:USDT,0.10887,635.0,0.10885,2.0,0.10822,4625.0,0.10823,7903.0
1753593925161,05:25:25.161,blofin,AEVO/USDT:USDT,0.10889,356.0,0.10888,11038.0,0.10822,4625.0,0.10823,7903.0
1753593925520,05:25:25.520,blofin,AEVO/USDT:USDT,0.10889,356.0,0.10888,11038.0,0.10822,4625.0,0.10823,7903.0
1753593926516,05:25:26.516,blofin,AEVO/USDT:USDT,0.10889,360.0,0.10888,49151.0,0.10822,4625.0,0.10823,7903.0
1753593927164,05:25:27.164,blofin,AEVO/USDT:USDT,0.10891,355.0,0.10886,31361.0,0.10822,4625.0,0.10823,7903.0
1753593927525,05:25:27.525,blofin,AEVO/USDT:USDT,0.10891,355.0,0.10886,31361.0,0.10822,4625.0,0.10823,7903.0
1753593928165,05:25:28.165,blofin,AEVO/USDT:USDT,0.10891,359.0,0.10889,1669.0,0.10822,4625.0,0.10823,7903.0
1753593929028,05:25:29.028,blofin,AEVO/USDT:USDT,0.1089,358.0,0.10888,1818.0,0.10822,4625.0,0.10823,7903.0
1753594001223,05:26:41.223,blofin,AEVO/USDT:USDT,0.10903,2926.0,0.10902,29566.0,0.10822,4625.0,0.10823,7903.0
1753594001637,05:26:41.637,blofin,AEVO/USDT:USDT,0.10903,2927.0,0.10902,29566.0,0.10822,4625.0,0.10823,7903.0
1753594002488,05:26:42.488,blofin,AEVO/USDT:USDT,0.10905,1220.0,0.10904,22205.0,0.10822,4625.0,0.10823,7903.0
1753594003140,05:26:43.140,blofin,AEVO/USDT:USDT,0.10903,2.0,0.10901,533.0,0.10822,4625.0,0.10823,7903.0
1753594003832,05:26:43.832,blofin,AEVO/USDT:USDT,0.10902,533.0,0.10901,1.0,0.10822,4625.0,0.10823,7903.0
1753594004317,05:26:44.317,blofin,AEVO/USDT:USDT,0.10901,2751.0,0.10899,8265.0,0.10822,4625.0,0.10823,7903.0
1753594005046,05:26:45.046,blofin,AEVO/USDT:USDT,0.10901,2750.0,0.109,2.0,0.10822,4625.0,0.10823,7903.0
1753594005642,05:26:45.642,blofin,AEVO/USDT:USDT,0.10902,289.0,0.109,2.0,0.10822,4625.0,0.10823,7903.0
1753594006223,05:26:46.223,blofin,AEVO/USDT:USDT,0.10901,2819.0,0.109,32981.0,0.10822,4625.0,0.10823,7903.0
1753594006643,05:26:46.643,blofin,AEVO/USDT:USDT,0.10901,2820.0,0.109,32979.0,0.10822,4625.0,0.10823,7903.0
1753594007346,05:26:47.346,blofin,AEVO/USDT:USDT,0.10905,626.0,0.10904,9448.0,0.10822,4625.0,0.10823,7903.0
1753594007725,05:26:47.725,blofin,AEVO/USDT:USDT,0.10906,1.0,0.10903,12782.0,0.10822,4625.0,0.10823,7903.0
1753594008647,05:26:48.647,blofin,AEVO/USDT:USDT,0.10911,148.0,0.10906,3825.0,0.10822,4625.0,0.10823,7903.0
1753594009361,05:26:49.361,blofin,AEVO/USDT:USDT,0.1091,341.0,0.10908,13928.0,0.10822,4625.0,0.10823,7903.0
1753594009711,05:26:49.711,blofin,AEVO/USDT:USDT,0.10909,3.0,0.10905,21061.0,0.10822,4625.0,0.10823,7903.0
1753594010230,05:26:50.230,blofin,AEVO/USDT:USDT,0.1091,1.0,0.10909,2.0,0.10822,4625.0,0.10823,7903.0
1753594011120,05:26:51.120,blofin,AEVO/USDT:USDT,0.10909,3.0,0.10908,787.0,0.10822,4625.0,0.10823,7903.0
1753594011609,05:26:51.609,blofin,AEVO/USDT:USDT,0.1091,2162.0,0.10908,29181.0,0.10822,4625.0,0.10823,7903.0
1753594012230,05:26:52.230,blofin,AEVO/USDT:USDT,0.1091,1.0,0.10909,2160.0,0.10822,4625.0,0.10823,7903.0
1753594012650,05:26:52.650,blofin,AEVO/USDT:USDT,0.1091,1.0,0.10909,2160.0,0.10822,4625.0,0.10823,7903.0
1753594013232,05:26:53.232,blofin,AEVO/USDT:USDT,0.10909,2161.0,0.10904,7696.0,0.10822,4625.0,0.10823,7903.0
1753594115294,05:28:35.294,blofin,AEVO/USDT:USDT,0.10921,1210.0,0.1092,1.0,0.10822,4625.0,0.10823,7903.0
1753594115794,05:28:35.794,blofin,AEVO/USDT:USDT,0.10921,763.0,0.1092,1.0,0.10822,4625.0,0.10823,7903.0
1753594116296,05:28:36.296,blofin,AEVO/USDT:USDT,0.10921,763.0,0.1092,1.0,0.10822,4625.0,0.10823,7903.0
1753594117298,05:28:37.298,blofin,AEVO/USDT:USDT,0.10922,760.0,0.10921,4.0,0.10822,4625.0,0.10823,7903.0
1753594117799,05:28:37.799,blofin,AEVO/USDT:USDT,0.10923,1976.0,0.1092,10944.0,0.10822,4625.0,0.10823,7903.0
1753594118354,05:28:38.354,blofin,AEVO/USDT:USDT,0.10925,2363.0,0.10924,15883.0,0.10822,4625.0,0.10823,7903.0
1753594119303,05:28:39.303,blofin,AEVO/USDT:USDT,0.10923,3409.0,0.1092,1.0,0.10822,4625.0,0.10823,7903.0
1753594119801,05:28:39.801,blofin,AEVO/USDT:USDT,0.10924,199.0,0.10923,4.0,0.10822,4625.0,0.10823,7903.0
1753594120303,05:28:40.303,blofin,AEVO/USDT:USDT,0.10924,199.0,0.10923,2188.0,0.10822,4625.0,0.10823,7903.0
1753594121275,05:28:41.275,blofin,AEVO/USDT:USDT,0.10926,1771.0,0.10925,3.0,0.10822,4625.0,0.10823,7903.0
1753594121804,05:28:41.804,blofin,AEVO/USDT:USDT,0.10926,1776.0,0.10921,25697.0,0.10822,4625.0,0.10823,7903.0
1753594122807,05:28:42.807,blofin,AEVO/USDT:USDT,0.10926,216.0,0.10921,32722.0,0.10822,4625.0,0.10823,7903.0
1753594124310,05:28:44.310,blofin,AEVO/USDT:USDT,0.10923,5.0,0.10921,1472.0,0.10822,4625.0,0.10823,7903.0
1753594125312,05:28:45.312,blofin,AEVO/USDT:USDT,0.10921,8.0,0.1092,45700.0,0.10822,4625.0,0.10823,7903.0
1753594125812,05:28:45.812,blofin,AEVO/USDT:USDT,0.10921,2060.0,0.1092,1.0,0.10822,4625.0,0.10823,7903.0
1753594219380,05:30:19.380,blofin,AEVO/USDT:USDT,0.10921,2060.0,0.1092,1.0,0.10822,4625.0,0.10823,7903.0
1753594219949,05:30:19.949,blofin,AEVO/USDT:USDT,0.10921,2060.0,0.1092,1.0,0.10822,4625.0,0.10823,7903.0
1753594220452,05:30:20.452,blofin,AEVO/USDT:USDT,0.10921,2060.0,0.1092,1.0,0.10822,4625.0,0.10823,7903.0
1753594221450,05:30:21.450,blofin,AEVO/USDT:USDT,0.10921,2060.0,0.1092,1.0,0.10822,4625.0,0.10823,7903.0
1753594222382,05:30:22.382,blofin,AEVO/USDT:USDT,0.10921,2060.0,0.1092,1.0,0.10822,4625.0,0.10823,7903.0
1753594222952,05:30:22.952,blofin,AEVO/USDT:USDT,0.10921,2060.0,0.1092,1.0,0.10822,4625.0,0.10823,7903.0
1753594223452,05:30:23.452,blofin,AEVO/USDT:USDT,0.10921,2060.0,0.1092,1.0,0.10822,4625.0,0.10823,7903.0
1753594224105,05:30:24.105,blofin,AEVO/USDT:USDT,0.10921,2060.0,0.1092,1.0,0.10822,4625.0,0.10823,7903.0
1753594224453,05:30:24.453,blofin,AEVO/USDT:USDT,0.10921,2060.0,0.1092,1.0,0.10822,4625.0,0.10823,7903.0
1753594225454,05:30:25.454,blofin,AEVO/USDT:USDT,0.10921,2060.0,0.1092,1.0,0.10822,4625.0,0.10823,7903.0
1753594225957,05:30:25.957,blofin,AEVO/USDT:USDT,0.10921,2060.0,0.1092,1.0,0.10822,4625.0,0.10823,7903.0
1753594226455,05:30:26.455,blofin,AEVO/USDT:USDT,0.10921,2060.0,0.1092,1.0,0.10822,4625.0,0.10823,7903.0
1753594227385,05:30:27.385,blofin,AEVO/USDT:USDT,0.10921,2060.0,0.1092,1.0,0.10822,4625.0,0.10823,7903.0
1753594227959,05:30:27.959,blofin,AEVO/USDT:USDT,0.10921,2060.0,0.1092,1.0,0.10822,4625.0,0.10823,7903.0
1753594313573,05:31:53.573,blofin,AEVO/USDT:USDT,0.10949,1903.0,0.10946,44030.0,0.10822,4625.0,0.10823,7903.0
1753594314574,05:31:54.574,blofin,AEVO/USDT:USDT,0.10949,1907.0,0.10945,9431.0,0.10822,4625.0,0.10823,7903.0
1753594315074,05:31:55.074,blofin,AEVO/USDT:USDT,0.10949,1907.0,0.10945,9431.0,0.10822,4625.0,0.10823,7903.0
1753594315576,05:31:55.576,blofin,AEVO/USDT:USDT,0.10949,1907.0,0.10946,42091.0,0.10822,4625.0,0.10823,7903.0
1753594316076,05:31:56.076,blofin,AEVO/USDT:USDT,0.10949,1907.0,0.10948,992.0,0.10822,4625.0,0.10823,7903.0
1753594316576,05:31:56.576,blofin,AEVO/USDT:USDT,0.10949,1904.0,0.10948,27496.0,0.10822,4625.0,0.10823,7903.0
1753594317578,05:31:57.578,blofin,AEVO/USDT:USDT,0.10949,1904.0,0.10948,992.0,0.10822,4625.0,0.10823,7903.0
1753594318078,05:31:58.078,blofin,AEVO/USDT:USDT,0.10949,1904.0,0.10944,11623.0,0.10822,4625.0,0.10823,7903.0
1753594318580,05:31:58.580,blofin,AEVO/USDT:USDT,0.10949,1903.0,0.10948,1120.0,0.10822,4625.0,0.10823,7903.0
1753594319081,05:31:59.081,blofin,AEVO/USDT:USDT,0.10949,1906.0,0.10948,1120.0,0.10822,4625.0,0.10823,7903.0
1753594319583,05:31:59.583,blofin,AEVO/USDT:USDT,0.10949,1907.0,0.10948,33992.0,0.10822,4625.0,0.10823,7903.0
1753594320449,05:32:00.449,blofin,AEVO/USDT:USDT,0.10949,2276.0,0.10947,1012.0,0.10822,4625.0,0.10823,7903.0
1753594320583,05:32:00.583,blofin,AEVO/USDT:USDT,0.10949,2276.0,0.10947,1012.0,0.10822,4625.0,0.10823,7903.0
1753594321586,05:32:01.586,blofin,AEVO/USDT:USDT,0.10949,2276.0,0.10948,24811.0,0.10822,4625.0,0.10823,7903.0
1753594401200,05:33:21.200,blofin,AEVO/USDT:USDT,0.10949,2276.0,0.10948,24811.0,0.10822,4625.0,0.10823,7903.0
1753594401767,05:33:21.767,blofin,AEVO/USDT:USDT,0.10949,2276.0,0.10948,24811.0,0.10822,4625.0,0.10823,7903.0
1753594402355,05:33:22.355,blofin,AEVO/USDT:USDT,0.10949,2276.0,0.10948,24811.0,0.10822,4625.0,0.10823,7903.0
1753594402702,05:33:22.702,blofin,AEVO/USDT:USDT,0.10949,2276.0,0.10948,24811.0,0.10822,4625.0,0.10823,7903.0
1753594403579,05:33:23.579,blofin,AEVO/USDT:USDT,0.10949,2276.0,0.10948,24811.0,0.10822,4625.0,0.10823,7903.0
1753594404105,05:33:24.105,blofin,AEVO/USDT:USDT,0.10949,2276.0,0.10948,24811.0,0.10822,4625.0,0.10823,7903.0
1753594404706,05:33:24.706,blofin,AEVO/USDT:USDT,0.10949,2276.0,0.10948,24811.0,0.10822,4625.0,0.10823,7903.0
1753594405204,05:33:25.204,blofin,AEVO/USDT:USDT,0.10949,2276.0,0.10948,24811.0,0.10822,4625.0,0.10823,7903.0
1753594405705,05:33:25.705,blofin,AEVO/USDT:USDT,0.10949,2276.0,0.10948,24811.0,0.10822,4625.0,0.10823,7903.0
1753594406507,05:33:26.507,blofin,AEVO/USDT:USDT,0.10949,2276.0,0.10948,24811.0,0.10822,4625.0,0.10823,7903.0
1753594407207,05:33:27.207,blofin,AEVO/USDT:USDT,0.10949,2276.0,0.10948,24811.0,0.10822,4625.0,0.10823,7903.0
1753594407709,05:33:27.709,blofin,AEVO/USDT:USDT,0.10949,2276.0,0.10948,24811.0,0.10822,4625.0,0.10823,7903.0
1753594408209,05:33:28.209,blofin,AEVO/USDT:USDT,0.10949,2276.0,0.10948,24811.0,0.10822,4625.0,0.10823,7903.0
1753594408709,05:33:28.709,blofin,AEVO/USDT:USDT,0.10949,2276.0,0.10948,24811.0,0.10822,4625.0,0.10823,7903.0
1753594409511,05:33:29.511,blofin,AEVO/USDT:USDT,0.10949,2276.0,0.10948,24811.0,0.10822,4625.0,0.10823,7903.0
1753594409712,05:33:29.712,blofin,AEVO/USDT:USDT,0.10949,2276.0,0.10948,24811.0,0.10822,4625.0,0.10823,7903.0
1753594410712,05:33:30.712,blofin,AEVO/USDT:USDT,0.10949,2276.0,0.10948,24811.0,0.10822,4625.0,0.10823,7903.0
1753594493955,05:34:53.955,blofin,AEVO/USDT:USDT,0.10949,2276.0,0.10948,24811.0,0.10822,4625.0,0.10823,7903.0
1753594494844,05:34:54.844,blofin,AEVO/USDT:USDT,0.10949,2276.0,0.10948,24811.0,0.10822,4625.0,0.10823,7903.0
1753594495343,05:34:55.343,blofin,AEVO/USDT:USDT,0.10949,2276.0,0.10948,24811.0,0.10822,4625.0,0.10823,7903.0
1753594495845,05:34:55.845,blofin,AEVO/USDT:USDT,0.10949,2276.0,0.10948,24811.0,0.10822,4625.0,0.10823,7903.0
1753594496571,05:34:56.571,blofin,AEVO/USDT:USDT,0.10949,2276.0,0.10948,24811.0,0.10822,4625.0,0.10823,7903.0
1753594496846,05:34:56.846,blofin,AEVO/USDT:USDT,0.10949,2276.0,0.10948,24811.0,0.10822,4625.0,0.10823,7903.0
1753594497571,05:34:57.571,blofin,AEVO/USDT:USDT,0.10949,2276.0,0.10948,24811.0,0.10822,4625.0,0.10823,7903.0
1753594497845,05:34:57.845,blofin,AEVO/USDT:USDT,0.10949,2276.0,0.10948,24811.0,0.10822,4625.0,0.10823,7903.0
1753594498846,05:34:58.846,blofin,AEVO/USDT:USDT,0.10949,2276.0,0.10948,24811.0,0.10822,4625.0,0.10823,7903.0
1753594499574,05:34:59.574,blofin,AEVO/USDT:USDT,0.10949,2276.0,0.10948,24811.0,0.10822,4625.0,0.10823,7903.0
1753594499847,05:34:59.847,blofin,AEVO/USDT:USDT,0.10949,2276.0,0.10948,24811.0,0.10822,4625.0,0.10823,7903.0
1753594500853,05:35:00.853,blofin,AEVO/USDT:USDT,0.10949,2276.0,0.10948,24811.0,0.10822,4625.0,0.10823,7903.0
1753594501350,05:35:01.350,blofin,AEVO/USDT:USDT,0.10949,2276.0,0.10948,24811.0,0.10822,4625.0,0.10823,7903.0
1753594501852,05:35:01.852,blofin,AEVO/USDT:USDT,0.10949,2276.0,0.10948,24811.0,0.10822,4625.0,0.10823,7903.0
1753594502574,05:35:02.574,blofin,AEVO/USDT:USDT,0.10949,2276.0,0.10948,24811.0,0.10822,4625.0,0.10823,7903.0
1753594503353,05:35:03.353,blofin,AEVO/USDT:USDT,0.10949,2276.0,0.10948,24811.0,0.10822,4625.0,0.10823,7903.0
1753594503854,05:35:03.854,blofin,AEVO/USDT:USDT,0.10949,2276.0,0.10948,24811.0,0.10822,4625.0,0.10823,7903.0
1753594504359,05:35:04.359,blofin,AEVO/USDT:USDT,0.10949,2276.0,0.10948,24811.0,0.10822,4625.0,0.10823,7903.0
1753594504854,05:35:04.854,blofin,AEVO/USDT:USDT,0.10949,2276.0,0.10948,24811.0,0.10822,4625.0,0.10823,7903.0
1753594505659,05:35:05.659,blofin,AEVO/USDT:USDT,0.10949,2276.0,0.10948,24811.0,0.10822,4625.0,0.10823,7903.0
1753594506467,05:35:06.467,blofin,AEVO/USDT:USDT,0.10949,2276.0,0.10948,24811.0,0.10822,4625.0,0.10823,7903.0
1753594615514,05:36:55.514,blofin,AEVO/USDT:USDT,0.10949,2276.0,0.10948,24811.0,0.10822,4625.0,0.10823,7903.0
1753594615657,05:36:55.657,blofin,AEVO/USDT:USDT,0.10949,2276.0,0.10948,24811.0,0.10822,4625.0,0.10823,7903.0
1753594616258,05:36:56.258,blofin,AEVO/USDT:USDT,0.10949,2276.0,0.10948,24811.0,0.10822,4625.0,0.10823,7903.0
1753594617006,05:36:57.006,blofin,AEVO/USDT:USDT,0.10949,2276.0,0.10948,24811.0,0.10822,4625.0,0.10823,7903.0
1753594617658,05:36:57.658,blofin,AEVO/USDT:USDT,0.10949,2276.0,0.10948,24811.0,0.10822,4625.0,0.10823,7903.0
1753594618136,05:36:58.136,blofin,AEVO/USDT:USDT,0.10949,2276.0,0.10948,24811.0,0.10822,4625.0,0.10823,7903.0
1753594618659,05:36:58.659,blofin,AEVO/USDT:USDT,0.10949,2276.0,0.10948,24811.0,0.10822,4625.0,0.10823,7903.0
1753594619525,05:36:59.525,blofin,AEVO/USDT:USDT,0.10949,2276.0,0.10948,24811.0,0.10822,4625.0,0.10823,7903.0
1753594620024,05:37:00.024,blofin,AEVO/USDT:USDT,0.10949,2276.0,0.10948,24811.0,0.10822,4625.0,0.10823,7903.0
1753594620670,05:37:00.670,blofin,AEVO/USDT:USDT,0.10949,2276.0,0.10948,24811.0,0.10822,4625.0,0.10823,7903.0
1753594621030,05:37:01.030,blofin,AEVO/USDT:USDT,0.10949,2276.0,0.10948,24811.0,0.10822,4625.0,0.10823,7903.0
1753594622028,05:37:02.028,blofin,AEVO/USDT:USDT,0.10949,2276.0,0.10948,24811.0,0.10822,4625.0,0.10823,7903.0
1753594622765,05:37:02.765,blofin,AEVO/USDT:USDT,0.10949,2276.0,0.10948,2627.0,0.10822,4625.0,0.10823,7903.0
1753594623195,05:37:03.195,blofin,AEVO/USDT:USDT,0.10949,551.0,0.10947,1012.0,0.10822,4625.0,0.10823,7903.0
1753594624033,05:37:04.033,blofin,AEVO/USDT:USDT,0.1095,731.0,0.10949,1.0,0.10822,4625.0,0.10823,7903.0
1753594624715,05:37:04.715,blofin,AEVO/USDT:USDT,0.10947,1012.0,0.10945,2.0,0.10822,4625.0,0.10823,7903.0
1753594625525,05:37:05.525,blofin,AEVO/USDT:USDT,0.10947,1012.0,0.10943,8986.0,0.10822,4625.0,0.10823,7903.0
1753594626032,05:37:06.032,blofin,AEVO/USDT:USDT,0.10947,1012.0,0.10943,9995.0,0.10822,4625.0,0.10823,7903.0
1753594627249,05:37:07.249,blofin,AEVO/USDT:USDT,0.10947,1012.0,0.10945,4.0,0.10822,4625.0,0.10823,7903.0
1753594720732,05:38:40.732,blofin,AEVO/USDT:USDT,0.10964,229.0,0.10962,2.0,0.10822,4625.0,0.10823,7903.0
1753594721602,05:38:41.602,blofin,AEVO/USDT:USDT,0.10964,1.0,0.10963,1505.0,0.10822,4625.0,0.10823,7903.0
1753594722178,05:38:42.178,blofin,AEVO/USDT:USDT,0.10963,2753.0,0.10962,2.0,0.10822,4625.0,0.10823,7903.0
1753594722734,05:38:42.734,blofin,AEVO/USDT:USDT,0.10963,2753.0,0.10962,2.0,0.10822,4625.0,0.10823,7903.0
1753594723736,05:38:43.736,blofin,AEVO/USDT:USDT,0.10958,16.0,0.10955,9651.0,0.10822,4625.0,0.10823,7903.0
1753594724685,05:38:44.685,blofin,AEVO/USDT:USDT,0.10959,181.0,0.10957,7024.0,0.10822,4625.0,0.10823,7903.0
1753594725185,05:38:45.185,blofin,AEVO/USDT:USDT,0.10959,192.0,0.10956,25202.0,0.10822,4625.0,0.10823,7903.0
1753594725738,05:38:45.738,blofin,AEVO/USDT:USDT,0.1096,1826.0,0.10959,2.0,0.10822,4625.0,0.10823,7903.0
1753594726193,05:38:46.193,blofin,AEVO/USDT:USDT,0.1096,1826.0,0.10959,2.0,0.10822,4625.0,0.10823,7903.0
1753594727187,05:38:47.187,blofin,AEVO/USDT:USDT,0.1096,2321.0,0.10958,16731.0,0.10822,4625.0,0.10823,7903.0
1753594727876,05:38:47.876,blofin,AEVO/USDT:USDT,0.10963,3065.0,0.10961,27245.0,0.10822,4625.0,0.10823,7903.0
1753594729190,05:38:49.190,blofin,AEVO/USDT:USDT,0.10961,2250.0,0.1096,4.0,0.10822,4625.0,0.10823,7903.0
1753594729741,05:38:49.741,blofin,AEVO/USDT:USDT,0.10961,2250.0,0.1096,3151.0,0.10822,4625.0,0.10823,7903.0
1753594809299,05:40:09.299,blofin,AEVO/USDT:USDT,0.10965,491.0,0.10961,12135.0,0.10822,4625.0,0.10823,7903.0
1753594809797,05:40:09.797,blofin,AEVO/USDT:USDT,0.10965,5.0,0.10964,486.0,0.10822,4625.0,0.10823,7903.0
1753594810457,05:40:10.457,blofin,AEVO/USDT:USDT,0.10965,523.0,0.10963,17973.0,0.10822,4625.0,0.10823,7903.0
1753594810799,05:40:10.799,blofin,AEVO/USDT:USDT,0.10965,529.0,0.10961,41983.0,0.10822,4625.0,0.10823,7903.0
1753594811301,05:40:11.301,blofin,AEVO/USDT:USDT,0.10965,528.0,0.10961,41983.0,0.10822,4625.0,0.10823,7903.0
1753594811802,05:40:11.802,blofin,AEVO/USDT:USDT,0.10965,526.0,0.10961,41983.0,0.10822,4625.0,0.10823,7903.0
1753594812302,05:40:12.302,blofin,AEVO/USDT:USDT,0.10965,2.0,0.10964,521.0,0.10822,4625.0,0.10823,7903.0
1753594812798,05:40:12.798,blofin,AEVO/USDT:USDT,0.10965,520.0,0.10964,39366.0,0.10822,4625.0,0.10823,7903.0
1753594813390,05:40:13.390,blofin,AEVO/USDT:USDT,0.10965,2.0,0.10963,1.0,0.10822,4625.0,0.10823,7903.0
1753594813802,05:40:13.802,blofin,AEVO/USDT:USDT,0.10963,6.0,0.10962,3731.0,0.10822,4625.0,0.10823,7903.0
1753594814800,05:40:14.800,blofin,AEVO/USDT:USDT,0.10963,3.0,0.10962,517.0,0.10822,4625.0,0.10823,7903.0
1753594815307,05:40:15.307,blofin,AEVO/USDT:USDT,0.10962,521.0,0.10961,19600.0,0.10822,4625.0,0.10823,7903.0
1753594815801,05:40:15.801,blofin,AEVO/USDT:USDT,0.10963,517.0,0.10962,4.0,0.10822,4625.0,0.10823,7903.0
1753594816689,05:40:16.689,blofin,AEVO/USDT:USDT,0.10962,6.0,0.10961,4.0,0.10822,4625.0,0.10823,7903.0
1753594817372,05:40:17.372,blofin,AEVO/USDT:USDT,0.10958,7933.0,0.10956,3.0,0.10822,4625.0,0.10823,7903.0
1753594817996,05:40:17.996,blofin,AEVO/USDT:USDT,0.10959,981.0,0.10958,7933.0,0.10822,4625.0,0.10823,7903.0
1753594818376,05:40:18.376,blofin,AEVO/USDT:USDT,0.10962,520.0,0.10961,57322.0,0.10822,4625.0,0.10823,7903.0
1753594906442,05:41:46.442,blofin,AEVO/USDT:USDT,0.10962,520.0,0.10961,57322.0,0.10822,4625.0,0.10823,7903.0
1753594907075,05:41:47.075,blofin,AEVO/USDT:USDT,0.10962,520.0,0.10961,57322.0,0.10822,4625.0,0.10823,7903.0
1753594907440,05:41:47.440,blofin,AEVO/USDT:USDT,0.10962,520.0,0.10961,57322.0,0.10822,4625.0,0.10823,7903.0
1753594908309,05:41:48.309,blofin,AEVO/USDT:USDT,0.10962,520.0,0.10961,57322.0,0.10822,4625.0,0.10823,7903.0
1753594908944,05:41:48.944,blofin,AEVO/USDT:USDT,0.10962,520.0,0.10961,57322.0,0.10822,4625.0,0.10823,7903.0
1753594909445,05:41:49.445,blofin,AEVO/USDT:USDT,0.10962,520.0,0.10961,57322.0,0.10822,4625.0,0.10823,7903.0
1753594910185,05:41:50.185,blofin,AEVO/USDT:USDT,0.10962,520.0,0.10961,57322.0,0.10822,4625.0,0.10823,7903.0
1753594910868,05:41:50.868,blofin,AEVO/USDT:USDT,0.10962,520.0,0.10961,57322.0,0.10822,4625.0,0.10823,7903.0
1753594911449,05:41:51.449,blofin,AEVO/USDT:USDT,0.10962,520.0,0.10961,57322.0,0.10822,4625.0,0.10823,7903.0
1753594911944,05:41:51.944,blofin,AEVO/USDT:USDT,0.10962,520.0,0.10961,57322.0,0.10822,4625.0,0.10823,7903.0
1753594912448,05:41:52.448,blofin,AEVO/USDT:USDT,0.10962,520.0,0.10961,57322.0,0.10822,4625.0,0.10823,7903.0
1753594912947,05:41:52.947,blofin,AEVO/USDT:USDT,0.10962,520.0,0.10961,57322.0,0.10822,4625.0,0.10823,7903.0
1753594913948,05:41:53.948,blofin,AEVO/USDT:USDT,0.10962,520.0,0.10961,57322.0,0.10822,4625.0,0.10823,7903.0
1753594914638,05:41:54.638,blofin,AEVO/USDT:USDT,0.10962,520.0,0.10961,57322.0,0.10822,4625.0,0.10823,7903.0
1753594914951,05:41:54.951,blofin,AEVO/USDT:USDT,0.10962,520.0,0.10961,57322.0,0.10822,4625.0,0.10823,7903.0
1753594915950,05:41:55.950,blofin,AEVO/USDT:USDT,0.10962,520.0,0.10961,57322.0,0.10822,4625.0,0.10823,7903.0
1753594916454,05:41:56.454,blofin,AEVO/USDT:USDT,0.10962,520.0,0.10961,57322.0,0.10822,4625.0,0.10823,7903.0
1753594916953,05:41:56.953,blofin,AEVO/USDT:USDT,0.10962,520.0,0.10961,57322.0,0.10822,4625.0,0.10823,7903.0
1753594917872,05:41:57.872,blofin,AEVO/USDT:USDT,0.10962,520.0,0.10961,57322.0,0.10822,4625.0,0.10823,7903.0
1753595017601,05:43:37.601,blofin,AEVO/USDT:USDT,0.10962,520.0,0.10961,57322.0,0.10822,4625.0,0.10823,7903.0
1753595018101,05:43:38.101,blofin,AEVO/USDT:USDT,0.10962,520.0,0.10961,57322.0,0.10822,4625.0,0.10823,7903.0
1753595019105,05:43:39.105,blofin,AEVO/USDT:USDT,0.10962,520.0,0.10961,57322.0,0.10822,4625.0,0.10823,7903.0
1753595019604,05:43:39.604,blofin,AEVO/USDT:USDT,0.10962,520.0,0.10961,57322.0,0.10822,4625.0,0.10823,7903.0
1753595020107,05:43:40.107,blofin,AEVO/USDT:USDT,0.10962,520.0,0.10961,57322.0,0.10822,4625.0,0.10823,7903.0
1753595020607,05:43:40.607,blofin,AEVO/USDT:USDT,0.10962,520.0,0.10961,57322.0,0.10822,4625.0,0.10823,7903.0
1753595021108,05:43:41.108,blofin,AEVO/USDT:USDT,0.10962,520.0,0.10961,57322.0,0.10822,4625.0,0.10823,7903.0
1753595022613,05:43:42.613,blofin,AEVO/USDT:USDT,0.10962,520.0,0.10961,57322.0,0.10822,4625.0,0.10823,7903.0
1753595023112,05:43:43.112,blofin,AEVO/USDT:USDT,0.10962,520.0,0.10961,57322.0,0.10822,4625.0,0.10823,7903.0
1753595023740,05:43:43.740,blofin,AEVO/USDT:USDT,0.10962,520.0,0.10961,57322.0,0.10822,4625.0,0.10823,7903.0
1753595024112,05:43:44.112,blofin,AEVO/USDT:USDT,0.10962,520.0,0.10961,57322.0,0.10822,4625.0,0.10823,7903.0
1753595025116,05:43:45.116,blofin,AEVO/USDT:USDT,0.10962,520.0,0.10961,57322.0,0.10822,4625.0,0.10823,7903.0
1753595025616,05:43:45.616,blofin,AEVO/USDT:USDT,0.10962,520.0,0.10961,57322.0,0.10822,4625.0,0.10823,7903.0
1753595101735,05:45:01.735,blofin,AEVO/USDT:USDT,0.10962,520.0,0.10961,57322.0,0.10822,4625.0,0.10823,7903.0
1753595102235,05:45:02.235,blofin,AEVO/USDT:USDT,0.10962,520.0,0.10961,57322.0,0.10822,4625.0,0.10823,7903.0
1753595102737,05:45:02.737,blofin,AEVO/USDT:USDT,0.10962,520.0,0.10961,57322.0,0.10822,4625.0,0.10823,7903.0
1753595103236,05:45:03.236,blofin,AEVO/USDT:USDT,0.10962,520.0,0.10961,57322.0,0.10822,4625.0,0.10823,7903.0
1753595104239,05:45:04.239,blofin,AEVO/USDT:USDT,0.10962,520.0,0.10961,57322.0,0.10822,4625.0,0.10823,7903.0
1753595104739,05:45:04.739,blofin,AEVO/USDT:USDT,0.10962,520.0,0.10961,57322.0,0.10822,4625.0,0.10823,7903.0
1753595105241,05:45:05.241,blofin,AEVO/USDT:USDT,0.10962,520.0,0.10961,57322.0,0.10822,4625.0,0.10823,7903.0
1753595105742,05:45:05.742,blofin,AEVO/USDT:USDT,0.10962,520.0,0.10961,57322.0,0.10822,4625.0,0.10823,7903.0
1753595106467,05:45:06.467,blofin,AEVO/USDT:USDT,0.10962,520.0,0.10961,57322.0,0.10822,4625.0,0.10823,7903.0
1753595107244,05:45:07.244,blofin,AEVO/USDT:USDT,0.10962,520.0,0.10961,57322.0,0.10822,4625.0,0.10823,7903.0
1753595108246,05:45:08.246,blofin,AEVO/USDT:USDT,0.10962,520.0,0.10961,57322.0,0.10822,4625.0,0.10823,7903.0
1753595109022,05:45:09.022,blofin,AEVO/USDT:USDT,0.10962,520.0,0.10961,57322.0,0.10822,4625.0,0.10823,7903.0
1753595109355,05:45:09.355,blofin,AEVO/USDT:USDT,0.10962,520.0,0.10961,57322.0,0.10822,4625.0,0.10823,7903.0
1753595110106,05:45:10.106,blofin,AEVO/USDT:USDT,0.10962,520.0,0.10961,57322.0,0.10822,4625.0,0.10823,7903.0
1753595110748,05:45:10.748,blofin,AEVO/USDT:USDT,0.10962,520.0,0.10961,57322.0,0.10822,4625.0,0.10823,7903.0
1753595111247,05:45:11.247,blofin,AEVO/USDT:USDT,0.10962,520.0,0.10961,57322.0,0.10822,4625.0,0.10823,7903.0
1753595112024,05:45:12.024,blofin,AEVO/USDT:USDT,0.10962,520.0,0.10961,57322.0,0.10822,4625.0,0.10823,7903.0
1753595112750,05:45:12.750,blofin,AEVO/USDT:USDT,0.10962,520.0,0.10961,57322.0,0.10822,4625.0,0.10823,7903.0
1753595113251,05:45:13.251,blofin,AEVO/USDT:USDT,0.10962,520.0,0.10961,57322.0,0.10822,4625.0,0.10823,7903.0
1753595114025,05:45:14.025,blofin,AEVO/USDT:USDT,0.10962,520.0,0.10961,57322.0,0.10822,4625.0,0.10823,7903.0
1753595227905,05:47:07.905,blofin,AEVO/USDT:USDT,0.10962,520.0,0.10961,57322.0,0.10822,4625.0,0.10823,7903.0
1753595229110,05:47:09.110,blofin,AEVO/USDT:USDT,0.10962,520.0,0.10961,57322.0,0.10822,4625.0,0.10823,7903.0
1753595229908,05:47:09.908,blofin,AEVO/USDT:USDT,0.10962,520.0,0.10961,57322.0,0.10822,4625.0,0.10823,7903.0
1753595230409,05:47:10.409,blofin,AEVO/USDT:USDT,0.10962,520.0,0.10961,57322.0,0.10822,4625.0,0.10823,7903.0
1753595231112,05:47:11.112,blofin,AEVO/USDT:USDT,0.10962,520.0,0.10961,57322.0,0.10822,4625.0,0.10823,7903.0
1753595231409,05:47:11.409,blofin,AEVO/USDT:USDT,0.10962,520.0,0.10961,57322.0,0.10822,4625.0,0.10823,7903.0
1753595232412,05:47:12.412,blofin,AEVO/USDT:USDT,0.10962,520.0,0.10961,57322.0,0.10822,4625.0,0.10823,7903.0
1753595233413,05:47:13.413,blofin,AEVO/USDT:USDT,0.10962,520.0,0.10961,57322.0,0.10822,4625.0,0.10823,7903.0
1753595234117,05:47:14.117,blofin,AEVO/USDT:USDT,0.10962,520.0,0.10961,57322.0,0.10822,4625.0,0.10823,7903.0
1753595234413,05:47:14.413,blofin,AEVO/USDT:USDT,0.10962,520.0,0.10961,57322.0,0.10822,4625.0,0.10823,7903.0
1753595235415,05:47:15.415,blofin,AEVO/USDT:USDT,0.10962,520.0,0.10961,57322.0,0.10822,4625.0,0.10823,7903.0
1753595236118,05:47:16.118,blofin,AEVO/USDT:USDT,0.10962,520.0,0.10961,57322.0,0.10822,4625.0,0.10823,7903.0
1753595236416,05:47:16.416,blofin,AEVO/USDT:USDT,0.10962,520.0,0.10961,57322.0,0.10822,4625.0,0.10823,7903.0
1753595327546,05:48:47.546,blofin,AEVO/USDT:USDT,0.10962,520.0,0.10961,57322.0,0.10822,4625.0,0.10823,7903.0
1753595328184,05:48:48.184,blofin,AEVO/USDT:USDT,0.10962,520.0,0.10961,57322.0,0.10822,4625.0,0.10823,7903.0
1753595329048,05:48:49.048,blofin,AEVO/USDT:USDT,0.10962,520.0,0.10961,57322.0,0.10822,4625.0,0.10823,7903.0
1753595329549,05:48:49.549,blofin,AEVO/USDT:USDT,0.10962,520.0,0.10961,57322.0,0.10822,4625.0,0.10823,7903.0
1753595330185,05:48:50.185,blofin,AEVO/USDT:USDT,0.10962,520.0,0.10961,57322.0,0.10822,4625.0,0.10823,7903.0
1753595330549,05:48:50.549,blofin,AEVO/USDT:USDT,0.10962,520.0,0.10961,57322.0,0.10822,4625.0,0.10823,7903.0
1753595331185,05:48:51.185,blofin,AEVO/USDT:USDT,0.10962,520.0,0.10961,57322.0,0.10822,4625.0,0.10823,7903.0
1753595331549,05:48:51.549,blofin,AEVO/USDT:USDT,0.10962,520.0,0.10961,57322.0,0.10822,4625.0,0.10823,7903.0
1753595332187,05:48:52.187,blofin,AEVO/USDT:USDT,0.10962,520.0,0.10961,57322.0,0.10822,4625.0,0.10823,7903.0
1753595333045,05:48:53.045,blofin,AEVO/USDT:USDT,0.10962,520.0,0.10961,57322.0,0.10822,4625.0,0.10823,7903.0
1753595333555,05:48:53.555,blofin,AEVO/USDT:USDT,0.10962,520.0,0.10961,57322.0,0.10822,4625.0,0.10823,7903.0
1753595334554,05:48:54.554,blofin,AEVO/USDT:USDT,0.10962,520.0,0.10961,57322.0,0.10822,4625.0,0.10823,7903.0
1753595335557,05:48:55.557,blofin,AEVO/USDT:USDT,0.10962,520.0,0.10961,57322.0,0.10822,4625.0,0.10823,7903.0
1753595336190,05:48:56.190,blofin,AEVO/USDT:USDT,0.10962,520.0,0.10961,57322.0,0.10822,4625.0,0.10823,7903.0
1753595336560,05:48:56.560,blofin,AEVO/USDT:USDT,0.10962,520.0,0.10961,57322.0,0.10822,4625.0,0.10823,7903.0
1753595337190,05:48:57.190,blofin,AEVO/USDT:USDT,0.10962,520.0,0.10961,57322.0,0.10822,4625.0,0.10823,7903.0
1753595337558,05:48:57.558,blofin,AEVO/USDT:USDT,0.10962,520.0,0.10961,57322.0,0.10822,4625.0,0.10823,7903.0
1753595338503,05:48:58.503,blofin,AEVO/USDT:USDT,0.10962,520.0,0.10961,57322.0,0.10822,4625.0,0.10823,7903.0
1753595339061,05:48:59.061,blofin,AEVO/USDT:USDT,0.10962,520.0,0.10961,57322.0,0.10822,4625.0,0.10823,7903.0
1753595339535,05:48:59.535,blofin,AEVO/USDT:USDT,0.10962,520.0,0.10961,57322.0,0.10822,4625.0,0.10823,7903.0
1753595454727,05:50:54.727,blofin,AEVO/USDT:USDT,0.10962,520.0,0.10961,57322.0,0.10822,4625.0,0.10823,7903.0
1753595455229,05:50:55.229,blofin,AEVO/USDT:USDT,0.10962,520.0,0.10961,57322.0,0.10822,4625.0,0.10823,7903.0
1753595456229,05:50:56.229,blofin,AEVO/USDT:USDT,0.10962,520.0,0.10961,57322.0,0.10822,4625.0,0.10823,7903.0
1753595456730,05:50:56.730,blofin,AEVO/USDT:USDT,0.10962,520.0,0.10961,57322.0,0.10822,4625.0,0.10823,7903.0
1753595457234,05:50:57.234,blofin,AEVO/USDT:USDT,0.10962,520.0,0.10961,57322.0,0.10822,4625.0,0.10823,7903.0
1753595457730,05:50:57.730,blofin,AEVO/USDT:USDT,0.10962,520.0,0.10961,57322.0,0.10822,4625.0,0.10823,7903.0
1753595458330,05:50:58.330,blofin,AEVO/USDT:USDT,0.10962,520.0,0.10961,57322.0,0.10822,4625.0,0.10823,7903.0
1753595458732,05:50:58.732,blofin,AEVO/USDT:USDT,0.10962,520.0,0.10961,57322.0,0.10822,4625.0,0.10823,7903.0
1753595459733,05:50:59.733,blofin,AEVO/USDT:USDT,0.10962,520.0,0.10961,57322.0,0.10822,4625.0,0.10823,7903.0
1753595460234,05:51:00.234,blofin,AEVO/USDT:USDT,0.10962,520.0,0.10961,57322.0,0.10822,4625.0,0.10823,7903.0
1753595460735,05:51:00.735,blofin,AEVO/USDT:USDT,0.10962,520.0,0.10961,57322.0,0.10822,4625.0,0.10823,7903.0
1753595461235,05:51:01.235,blofin,AEVO/USDT:USDT,0.10962,520.0,0.10961,57322.0,0.10822,4625.0,0.10823,7903.0
1753595462238,05:51:02.238,blofin,AEVO/USDT:USDT,0.10962,520.0,0.10961,57322.0,0.10822,4625.0,0.10823,7903.0
1753595462738,05:51:02.738,blofin,AEVO/USDT:USDT,0.10962,520.0,0.10961,57322.0,0.10822,4625.0,0.10823,7903.0
1753595549344,05:52:29.344,blofin,AEVO/USDT:USDT,0.10962,520.0,0.10961,57322.0,0.10822,4625.0,0.10823,7903.0
1753595550346,05:52:30.346,blofin,AEVO/USDT:USDT,0.10962,520.0,0.10961,57322.0,0.10822,4625.0,0.10823,7903.0
1753595550866,05:52:30.866,blofin,AEVO/USDT:USDT,0.10962,520.0,0.10961,57322.0,0.10822,4625.0,0.10823,7903.0
1753595551347,05:52:31.347,blofin,AEVO/USDT:USDT,0.10962,520.0,0.10961,57322.0,0.10822,4625.0,0.10823,7903.0
1753595551876,05:52:31.876,blofin,AEVO/USDT:USDT,0.10962,520.0,0.10961,57322.0,0.10822,4625.0,0.10823,7903.0
1753595552346,05:52:32.346,blofin,AEVO/USDT:USDT,0.10962,520.0,0.10961,57322.0,0.10822,4625.0,0.10823,7903.0
1753595552873,05:52:32.873,blofin,AEVO/USDT:USDT,0.10962,520.0,0.10961,57322.0,0.10822,4625.0,0.10823,7903.0
1753595553346,05:52:33.346,blofin,AEVO/USDT:USDT,0.10962,520.0,0.10961,57322.0,0.10822,4625.0,0.10823,7903.0
1753595554357,05:52:34.357,blofin,AEVO/USDT:USDT,0.10962,520.0,0.10961,57322.0,0.10822,4625.0,0.10823,7903.0
1753595554875,05:52:34.875,blofin,AEVO/USDT:USDT,0.10962,520.0,0.10961,57322.0,0.10822,4625.0,0.10823,7903.0
1753595555348,05:52:35.348,blofin,AEVO/USDT:USDT,0.10962,520.0,0.10961,57322.0,0.10822,4625.0,0.10823,7903.0
1753595555828,05:52:35.828,blofin,AEVO/USDT:USDT,0.10962,520.0,0.10961,57322.0,0.10822,4625.0,0.10823,7903.0
1753595556348,05:52:36.348,blofin,AEVO/USDT:USDT,0.10962,520.0,0.10961,57322.0,0.10822,4625.0,0.10823,7903.0
1753595556878,05:52:36.878,blofin,AEVO/USDT:USDT,0.10962,520.0,0.10961,57322.0,0.10822,4625.0,0.10823,7903.0
1753595557881,05:52:37.881,blofin,AEVO/USDT:USDT,0.10962,520.0,0.10961,57322.0,0.10822,4625.0,0.10823,7903.0
1753595558351,05:52:38.351,blofin,AEVO/USDT:USDT,0.10962,520.0,0.10961,57322.0,0.10822,4625.0,0.10823,7903.0
1753595558881,05:52:38.881,blofin,AEVO/USDT:USDT,0.10962,520.0,0.10961,57322.0,0.10822,4625.0,0.10823,7903.0
1753595559353,05:52:39.353,blofin,AEVO/USDT:USDT,0.10962,520.0,0.10961,57322.0,0.10822,4625.0,0.10823,7903.0
1753595653427,05:54:13.427,blofin,AEVO/USDT:USDT,0.10962,520.0,0.10961,57322.0,0.10822,4625.0,0.10823,7903.0
1753595654020,05:54:14.020,blofin,AEVO/USDT:USDT,0.10962,520.0,0.10961,57322.0,0.10822,4625.0,0.10823,7903.0
1753595654520,05:54:14.520,blofin,AEVO/USDT:USDT,0.10962,520.0,0.10961,57322.0,0.10822,4625.0,0.10823,7903.0
1753595655428,05:54:15.428,blofin,AEVO/USDT:USDT,0.10962,520.0,0.10961,57322.0,0.10822,4625.0,0.10823,7903.0
1753595656024,05:54:16.024,blofin,AEVO/USDT:USDT,0.10962,520.0,0.10961,57322.0,0.10822,4625.0,0.10823,7903.0
1753595656526,05:54:16.526,blofin,AEVO/USDT:USDT,0.10962,520.0,0.10961,57322.0,0.10822,4625.0,0.10823,7903.0
1753595657025,05:54:17.025,blofin,AEVO/USDT:USDT,0.10962,520.0,0.10961,57322.0,0.10822,4625.0,0.10823,7903.0
1753595657526,05:54:17.526,blofin,AEVO/USDT:USDT,0.10962,520.0,0.10961,57322.0,0.10822,4625.0,0.10823,7903.0
1753595658029,05:54:18.029,blofin,AEVO/USDT:USDT,0.10962,520.0,0.10961,57322.0,0.10822,4625.0,0.10823,7903.0
1753595658526,05:54:18.526,blofin,AEVO/USDT:USDT,0.10962,520.0,0.10961,57322.0,0.10822,4625.0,0.10823,7903.0
1753595659526,05:54:19.526,blofin,AEVO/USDT:USDT,0.10962,520.0,0.10961,57322.0,0.10822,4625.0,0.10823,7903.0
1753595660026,05:54:20.026,blofin,AEVO/USDT:USDT,0.10962,520.0,0.10961,57322.0,0.10822,4625.0,0.10823,7903.0
1753595660538,05:54:20.538,blofin,AEVO/USDT:USDT,0.10962,520.0,0.10961,57322.0,0.10822,4625.0,0.10823,7903.0
1753595661030,05:54:21.030,blofin,AEVO/USDT:USDT,0.10962,520.0,0.10961,57322.0,0.10822,4625.0,0.10823,7903.0
1753595661529,05:54:21.529,blofin,AEVO/USDT:USDT,0.10962,520.0,0.10961,57322.0,0.10822,4625.0,0.10823,7903.0
