timestamp,time,exchange,symbol,bid1_price,bid1_volume,bid2_price,bid2_volume,ask1_price,ask1_volume,ask2_price,ask2_volume
1753591881116,04:51:21.116,bitget,1INCH/USDT:USDT,0.2849,2000.7,0.2848,57134.0,0.285,9597.4,0.2851,51775.3
1753591882617,04:51:22.617,bitget,1INCH/USDT:USDT,0.2849,7444.4,0.2848,57134.0,0.285,9597.4,0.2851,46331.6
1753591882767,04:51:22.767,bitget,1INCH/USDT:USDT,0.2849,2000.7,0.2848,57134.0,0.285,9597.4,0.2851,46331.6
1753591882917,04:51:22.917,bitget,1INCH/USDT:USDT,0.2849,2000.7,0.2848,57134.0,0.285,9597.4,0.2851,46331.6
1753591883367,04:51:23.367,bitget,1INCH/USDT:USDT,0.2849,323.5,0.2848,57134.0,0.285,9597.4,0.2851,46331.6
1753591883517,04:51:23.517,bitget,1INCH/USDT:USDT,0.2849,323.5,0.2848,57134.0,0.285,9597.4,0.2851,46331.6
1753591883667,04:51:23.667,bitget,1INCH/USDT:USDT,0.2849,323.5,0.2848,57134.0,0.285,9597.4,0.2851,46331.6
1753591883818,04:51:23.818,bitget,1INCH/USDT:USDT,0.2849,323.5,0.2848,57134.0,0.285,9597.4,0.2851,46331.6
1753591883968,04:51:23.968,bitget,1INCH/USDT:USDT,0.2849,323.5,0.2848,57134.0,0.285,9597.4,0.2851,46331.6
1753591884118,04:51:24.118,bitget,1INCH/USDT:USDT,0.2849,323.5,0.2848,57134.0,0.285,9597.4,0.2851,46331.6
1753591884268,04:51:24.268,bitget,1INCH/USDT:USDT,0.2849,323.5,0.2848,57134.0,0.285,9597.4,0.2851,46331.6
1753591884418,04:51:24.418,bitget,1INCH/USDT:USDT,0.2849,323.5,0.2848,57134.0,0.285,9597.4,0.2851,46331.6
1753591885168,04:51:25.168,bitget,1INCH/USDT:USDT,0.2849,1677.2,0.2848,57130.8,0.285,9597.4,0.2851,46331.6
1753591885318,04:51:25.318,bitget,1INCH/USDT:USDT,0.2848,57130.8,0.2847,99494.2,0.285,9971.9,0.2851,46331.6
1753591885468,04:51:25.468,bitget,1INCH/USDT:USDT,0.2848,47416.9,0.2847,99494.2,0.2849,1591.6,0.285,9597.4
1753591885769,04:51:25.769,bitget,1INCH/USDT:USDT,0.2848,20522.0,0.2847,46041.5,0.2849,1591.6,0.285,17190.0
1753591885919,04:51:25.919,bitget,1INCH/USDT:USDT,0.2848,21202.1,0.2847,46041.5,0.2849,1591.6,0.285,17190.0
1753591886369,04:51:26.369,bitget,1INCH/USDT:USDT,0.2848,20978.5,0.2847,63666.9,0.2849,1909.1,0.285,17190.0
1753591886669,04:51:26.669,bitget,1INCH/USDT:USDT,0.2848,21155.8,0.2847,63666.9,0.2849,8909.1,0.285,17190.0
1753591886819,04:51:26.819,bitget,1INCH/USDT:USDT,0.2848,21155.8,0.2847,63666.9,0.2849,8909.1,0.285,17190.0
1753591887420,04:51:27.420,bitget,1INCH/USDT:USDT,0.2848,21155.8,0.2847,63666.9,0.2849,8909.1,0.285,17190.0
1753591887570,04:51:27.570,bitget,1INCH/USDT:USDT,0.2848,21155.8,0.2847,63666.9,0.2849,8909.1,0.285,17190.0
1753591887870,04:51:27.870,bitget,1INCH/USDT:USDT,0.2848,21155.8,0.2847,63666.9,0.2849,8909.1,0.285,17190.0
1753591888620,04:51:28.620,bitget,1INCH/USDT:USDT,0.2848,14155.8,0.2847,63666.9,0.2849,8909.1,0.285,17190.0
1753591888770,04:51:28.770,bitget,1INCH/USDT:USDT,0.2848,14155.8,0.2847,63666.9,0.2849,8909.1,0.285,17190.0
1753591889071,04:51:29.071,bitget,1INCH/USDT:USDT,0.2848,14155.8,0.2847,63666.9,0.2849,8909.1,0.285,17190.0
1753591889371,04:51:29.371,bitget,1INCH/USDT:USDT,0.2848,14155.8,0.2847,63666.9,0.2849,8909.1,0.285,17190.0
1753591889671,04:51:29.671,bitget,1INCH/USDT:USDT,0.2848,14155.8,0.2847,63666.9,0.2849,8909.1,0.285,17190.0
1753591889821,04:51:29.821,bitget,1INCH/USDT:USDT,0.2848,14155.8,0.2847,63666.9,0.2849,8909.1,0.285,17190.0
1753591889971,04:51:29.971,bitget,1INCH/USDT:USDT,0.2848,14155.8,0.2847,63666.9,0.2849,8909.1,0.285,17190.0
1753591890121,04:51:30.121,bitget,1INCH/USDT:USDT,0.2848,14155.8,0.2847,63666.9,0.2849,8909.1,0.285,17190.0
1753591890271,04:51:30.271,bitget,1INCH/USDT:USDT,0.2848,14155.8,0.2847,63666.9,0.2849,8909.1,0.285,17190.0
1753591890421,04:51:30.421,bitget,1INCH/USDT:USDT,0.2848,14155.8,0.2847,63666.9,0.2849,8909.1,0.285,17190.0
1753591890571,04:51:30.571,bitget,1INCH/USDT:USDT,0.2848,14155.8,0.2847,63666.9,0.2849,8909.1,0.285,17190.0
1753591890721,04:51:30.721,bitget,1INCH/USDT:USDT,0.2848,14155.8,0.2847,63666.9,0.2849,8909.1,0.285,17190.0
1753591890872,04:51:30.872,bitget,1INCH/USDT:USDT,0.2848,14155.8,0.2847,63666.9,0.2849,8909.1,0.285,17190.0
1753591891022,04:51:31.022,bitget,1INCH/USDT:USDT,0.2848,14155.8,0.2847,63666.9,0.2849,8909.1,0.285,17190.0
1753591891172,04:51:31.172,bitget,1INCH/USDT:USDT,0.2848,14155.8,0.2847,63666.9,0.2849,7000.0,0.285,17190.0
1753591891322,04:51:31.322,bitget,1INCH/USDT:USDT,0.2848,14530.3,0.2847,63666.9,0.2849,7000.0,0.285,17190.0
1753591891472,04:51:31.472,bitget,1INCH/USDT:USDT,0.2848,21530.3,0.2847,63666.9,0.2849,7000.0,0.285,17190.0
1753591891622,04:51:31.622,bitget,1INCH/USDT:USDT,0.2848,33227.5,0.2847,63666.9,0.285,17190.0,0.2851,42062.2
1753591891772,04:51:31.772,bitget,1INCH/USDT:USDT,0.2849,1677.2,0.2848,33227.5,0.285,9071.2,0.2851,51775.5
1753591892072,04:51:32.072,bitget,1INCH/USDT:USDT,0.2849,1994.7,0.2848,42566.7,0.285,9071.2,0.2851,51775.5
1753591892222,04:51:32.222,bitget,1INCH/USDT:USDT,0.2849,1994.7,0.2848,42566.7,0.285,9071.2,0.2851,51775.5
1753591892372,04:51:32.372,bitget,1INCH/USDT:USDT,0.2849,1994.7,0.2848,42566.7,0.285,9071.2,0.2851,51775.5
1753591892522,04:51:32.522,bitget,1INCH/USDT:USDT,0.2849,1994.7,0.2848,42566.7,0.285,9445.7,0.2851,51775.5
1753591892673,04:51:32.673,bitget,1INCH/USDT:USDT,0.2849,1994.7,0.2848,42566.7,0.285,9445.7,0.2851,51775.5
1753591892823,04:51:32.823,bitget,1INCH/USDT:USDT,0.2849,1994.7,0.2848,42566.7,0.285,10542.0,0.2851,51775.5
1753591892973,04:51:32.973,bitget,1INCH/USDT:USDT,0.2849,1994.7,0.2848,42566.7,0.285,10542.0,0.2851,51775.5
1753591893123,04:51:33.123,bitget,1INCH/USDT:USDT,0.2849,1994.7,0.2848,42566.7,0.285,10542.0,0.2851,51775.5
1753591893273,04:51:33.273,bitget,1INCH/USDT:USDT,0.2849,1994.7,0.2848,42566.7,0.285,10542.0,0.2851,51775.5
1753591893423,04:51:33.423,bitget,1INCH/USDT:USDT,0.2849,1994.7,0.2848,42566.7,0.285,10167.5,0.2851,51775.5
1753591893573,04:51:33.573,bitget,1INCH/USDT:USDT,0.2849,1994.7,0.2848,42566.7,0.285,10167.5,0.2851,51775.5
1753591893873,04:51:33.873,bitget,1INCH/USDT:USDT,0.2849,1994.7,0.2848,42566.7,0.285,10167.5,0.2851,51775.5
1753591894323,04:51:34.323,bitget,1INCH/USDT:USDT,0.2849,1994.7,0.2848,42566.7,0.285,10167.5,0.2851,51775.5
1753591894474,04:51:34.474,bitget,1INCH/USDT:USDT,0.2849,1994.7,0.2848,42566.7,0.285,10167.5,0.2851,51775.5
1753591895074,04:51:35.074,bitget,1INCH/USDT:USDT,0.2849,1994.7,0.2848,42566.7,0.285,8950.4,0.2851,51775.5
1753591895224,04:51:35.224,bitget,1INCH/USDT:USDT,0.2849,1994.7,0.2848,42566.7,0.285,8950.4,0.2851,51775.5
1753591895374,04:51:35.374,bitget,1INCH/USDT:USDT,0.2849,1994.7,0.2848,42566.7,0.285,8950.4,0.2851,51775.5
1753591895524,04:51:35.524,bitget,1INCH/USDT:USDT,0.2849,1994.7,0.2848,42566.7,0.285,8950.4,0.2851,51775.5
1753591896124,04:51:36.124,bitget,1INCH/USDT:USDT,0.2849,1994.7,0.2848,42566.7,0.285,8950.4,0.2851,51775.5
1753591897025,04:51:37.025,bitget,1INCH/USDT:USDT,0.2849,1997.9,0.2848,42566.7,0.285,8950.4,0.2851,51775.5
1753591897175,04:51:37.175,bitget,1INCH/USDT:USDT,0.2849,1997.9,0.2848,42566.7,0.285,8950.4,0.2851,51775.5
1753591897775,04:51:37.775,bitget,1INCH/USDT:USDT,0.2849,1997.9,0.2848,42566.7,0.285,8950.4,0.2851,51775.5
1753591897925,04:51:37.925,bitget,1INCH/USDT:USDT,0.2849,1997.9,0.2848,42566.7,0.285,8950.4,0.2851,51775.5
1753591898076,04:51:38.076,bitget,1INCH/USDT:USDT,0.2849,1997.9,0.2848,42566.7,0.285,8950.4,0.2851,51775.5
1753591898226,04:51:38.226,bitget,1INCH/USDT:USDT,0.2849,1997.9,0.2848,42566.7,0.285,8950.4,0.2851,51775.5
1753591898376,04:51:38.376,bitget,1INCH/USDT:USDT,0.2849,1997.9,0.2848,42566.7,0.285,8950.4,0.2851,51775.5
1753591898526,04:51:38.526,bitget,1INCH/USDT:USDT,0.2849,1997.9,0.2848,42566.7,0.285,8950.4,0.2851,51775.5
1753591898676,04:51:38.676,bitget,1INCH/USDT:USDT,0.2849,1997.9,0.2848,42566.7,0.285,8950.4,0.2851,51775.5
1753591898826,04:51:38.826,bitget,1INCH/USDT:USDT,0.2849,1997.9,0.2848,42566.7,0.285,8950.4,0.2851,51775.5
1753591899126,04:51:39.126,bitget,1INCH/USDT:USDT,0.2849,1997.9,0.2848,42566.7,0.285,8950.4,0.2851,51775.5
1753591899576,04:51:39.576,bitget,1INCH/USDT:USDT,0.2849,1997.9,0.2848,42566.7,0.285,8575.9,0.2851,51775.5
1753591899726,04:51:39.726,bitget,1INCH/USDT:USDT,0.2849,1997.9,0.2848,42566.7,0.285,7331.6,0.2851,51775.5
1753591899877,04:51:39.877,bitget,1INCH/USDT:USDT,0.2849,1997.9,0.2848,42566.7,0.285,7000.0,0.2851,51775.5
1753591900027,04:51:40.027,bitget,1INCH/USDT:USDT,0.2849,15390.5,0.2848,42566.7,0.2851,46507.3,0.2852,79923.9
1753591900177,04:51:40.177,bitget,1INCH/USDT:USDT,0.2849,23684.2,0.2848,42566.7,0.2851,37168.5,0.2852,26459.8
1753591900327,04:51:40.327,bitget,1INCH/USDT:USDT,0.2849,23684.2,0.2848,42566.7,0.2851,36794.0,0.2852,26459.8
1753591900477,04:51:40.477,bitget,1INCH/USDT:USDT,0.285,320.7,0.2849,23684.2,0.2851,37168.5,0.2852,26459.8
1753591900627,04:51:40.627,bitget,1INCH/USDT:USDT,0.285,320.7,0.2849,31719.5,0.2851,34533.7,0.2852,45125.6
1753591900777,04:51:40.777,bitget,1INCH/USDT:USDT,0.285,320.7,0.2849,46841.4,0.2851,34533.7,0.2852,45125.6
1753591900927,04:51:40.927,bitget,1INCH/USDT:USDT,0.285,320.7,0.2849,46921.5,0.2851,34159.2,0.2852,45125.6
1753591901077,04:51:41.077,bitget,1INCH/USDT:USDT,0.285,320.7,0.2849,44340.2,0.2851,34159.2,0.2852,45125.6
1753591901227,04:51:41.227,bitget,1INCH/USDT:USDT,0.285,320.7,0.2849,44340.2,0.2851,35427.7,0.2852,45125.6
1753591901377,04:51:41.377,bitget,1INCH/USDT:USDT,0.285,1997.9,0.2849,44340.2,0.2851,10033.8,0.2852,63254.1
1753591901527,04:51:41.527,bitget,1INCH/USDT:USDT,0.285,1997.9,0.2849,44918.9,0.2851,11196.7,0.2852,63254.1
1753591901678,04:51:41.678,bitget,1INCH/USDT:USDT,0.285,1997.9,0.2849,31404.5,0.2851,11196.7,0.2852,63254.1
1753591901828,04:51:41.828,bitget,1INCH/USDT:USDT,0.285,1997.9,0.2849,31404.5,0.2851,11196.7,0.2852,63254.1
1753591902128,04:51:42.128,bitget,1INCH/USDT:USDT,0.285,1997.9,0.2849,31404.5,0.2851,11196.7,0.2852,63254.1
1753591902278,04:51:42.278,bitget,1INCH/USDT:USDT,0.285,1997.9,0.2849,52289.3,0.2851,11196.7,0.2852,63254.1
1753591902428,04:51:42.428,bitget,1INCH/USDT:USDT,0.285,1997.9,0.2849,52289.3,0.2851,11196.7,0.2852,63254.1
1753591902578,04:51:42.578,bitget,1INCH/USDT:USDT,0.285,1997.9,0.2849,52289.3,0.2851,11196.7,0.2852,63254.1
1753591902728,04:51:42.728,bitget,1INCH/USDT:USDT,0.285,1997.9,0.2849,52289.3,0.2851,11196.7,0.2852,63254.1
1753591902878,04:51:42.878,bitget,1INCH/USDT:USDT,0.285,1997.9,0.2849,52289.3,0.2851,11196.7,0.2852,63254.1
1753591903028,04:51:43.028,bitget,1INCH/USDT:USDT,0.285,1997.9,0.2849,52289.3,0.2851,11196.7,0.2852,63254.1
1753591903178,04:51:43.178,bitget,1INCH/USDT:USDT,0.285,1997.9,0.2849,52289.3,0.2851,11196.7,0.2852,63254.1
1753591903328,04:51:43.328,bitget,1INCH/USDT:USDT,0.285,1997.9,0.2849,52289.3,0.2851,11196.7,0.2852,63254.1
1753591903478,04:51:43.478,bitget,1INCH/USDT:USDT,0.285,1997.9,0.2849,52289.3,0.2851,11196.7,0.2852,63254.1
1753591903629,04:51:43.629,bitget,1INCH/USDT:USDT,0.285,1997.9,0.2849,52289.3,0.2851,11196.7,0.2852,63254.1
1753591903779,04:51:43.779,bitget,1INCH/USDT:USDT,0.285,1997.9,0.2849,52289.3,0.2851,11196.7,0.2852,63254.1
1753591903929,04:51:43.929,bitget,1INCH/USDT:USDT,0.285,1997.9,0.2849,52289.3,0.2851,11196.7,0.2852,63254.1
1753591904079,04:51:44.079,bitget,1INCH/USDT:USDT,0.285,1997.9,0.2849,52289.3,0.2851,11196.7,0.2852,63254.1
1753591904229,04:51:44.229,bitget,1INCH/USDT:USDT,0.285,1997.9,0.2849,52289.3,0.2851,11196.7,0.2852,63254.1
1753591904379,04:51:44.379,bitget,1INCH/USDT:USDT,0.285,1997.9,0.2849,52289.3,0.2851,11196.7,0.2852,63254.1
1753591904529,04:51:44.529,bitget,1INCH/USDT:USDT,0.285,1997.9,0.2849,52289.3,0.2851,11196.7,0.2852,63254.1
1753591904829,04:51:44.829,bitget,1INCH/USDT:USDT,0.285,1997.9,0.2849,52289.3,0.2851,11196.7,0.2852,63254.1
1753591904979,04:51:44.979,bitget,1INCH/USDT:USDT,0.285,1997.9,0.2849,52289.3,0.2851,11196.7,0.2852,63254.1
1753591905129,04:51:45.129,bitget,1INCH/USDT:USDT,0.285,1997.9,0.2849,52289.3,0.2851,11196.7,0.2852,63254.1
1753591905279,04:51:45.279,bitget,1INCH/USDT:USDT,0.285,1997.9,0.2849,52289.3,0.2851,11196.7,0.2852,63254.1
1753591905430,04:51:45.430,bitget,1INCH/USDT:USDT,0.285,1997.9,0.2849,52289.3,0.2851,11196.7,0.2852,63254.1
1753591905580,04:51:45.580,bitget,1INCH/USDT:USDT,0.285,1997.9,0.2849,52289.3,0.2851,11196.7,0.2852,63254.1
1753591905730,04:51:45.730,bitget,1INCH/USDT:USDT,0.285,1997.9,0.2849,52289.3,0.2851,11196.7,0.2852,63254.1
1753591905880,04:51:45.880,bitget,1INCH/USDT:USDT,0.285,1997.9,0.2849,52289.3,0.2851,11196.7,0.2852,63254.1
1753591906030,04:51:46.030,bitget,1INCH/USDT:USDT,0.285,1997.9,0.2849,52289.3,0.2851,11196.7,0.2852,63254.1
1753591906180,04:51:46.180,bitget,1INCH/USDT:USDT,0.285,1997.9,0.2849,52289.3,0.2851,11196.7,0.2852,63254.1
1753591906330,04:51:46.330,bitget,1INCH/USDT:USDT,0.285,1997.9,0.2849,52289.3,0.2851,11196.7,0.2852,63254.1
1753591906480,04:51:46.480,bitget,1INCH/USDT:USDT,0.285,1997.9,0.2849,52289.3,0.2851,11196.7,0.2852,63254.1
1753591906630,04:51:46.630,bitget,1INCH/USDT:USDT,0.285,1997.9,0.2849,52289.3,0.2851,11021.2,0.2852,63254.1
1753591906780,04:51:46.780,bitget,1INCH/USDT:USDT,0.285,1997.9,0.2849,52289.3,0.2851,11021.2,0.2852,63254.1
1753591906930,04:51:46.930,bitget,1INCH/USDT:USDT,0.285,1997.9,0.2849,52289.3,0.2851,11021.2,0.2852,63254.1
1753591907080,04:51:47.080,bitget,1INCH/USDT:USDT,0.285,1997.9,0.2849,52289.3,0.2851,11021.2,0.2852,63254.1
1753591907231,04:51:47.231,bitget,1INCH/USDT:USDT,0.285,1997.9,0.2849,52289.3,0.2851,11021.2,0.2852,63254.1
1753591907381,04:51:47.381,bitget,1INCH/USDT:USDT,0.285,1997.9,0.2849,52289.3,0.2851,11021.2,0.2852,63254.1
1753591907531,04:51:47.531,bitget,1INCH/USDT:USDT,0.285,1997.9,0.2849,52289.3,0.2851,11021.2,0.2852,63254.1
1753591907681,04:51:47.681,bitget,1INCH/USDT:USDT,0.285,1997.9,0.2849,52289.3,0.2851,11021.2,0.2852,63254.1
1753591907831,04:51:47.831,bitget,1INCH/USDT:USDT,0.285,1997.9,0.2849,52289.3,0.2851,11021.2,0.2852,63254.1
1753591907981,04:51:47.981,bitget,1INCH/USDT:USDT,0.285,1997.9,0.2849,52289.3,0.2851,11021.2,0.2852,63254.1
1753591908131,04:51:48.131,bitget,1INCH/USDT:USDT,0.285,1997.9,0.2849,52289.3,0.2851,11021.2,0.2852,63254.1
1753591908281,04:51:48.281,bitget,1INCH/USDT:USDT,0.285,1997.9,0.2849,52289.3,0.2851,11021.2,0.2852,63254.1
1753591908431,04:51:48.431,bitget,1INCH/USDT:USDT,0.285,1997.9,0.2849,52289.3,0.2851,11021.2,0.2852,63254.1
1753591908581,04:51:48.581,bitget,1INCH/USDT:USDT,0.285,1997.9,0.2849,52289.3,0.2851,11021.2,0.2852,63254.1
1753591908731,04:51:48.731,bitget,1INCH/USDT:USDT,0.285,1997.9,0.2849,52289.3,0.2851,11021.2,0.2852,63254.1
1753591909032,04:51:49.032,bitget,1INCH/USDT:USDT,0.285,1997.9,0.2849,52289.3,0.2851,11021.2,0.2852,63254.1
1753591909182,04:51:49.182,bitget,1INCH/USDT:USDT,0.285,1997.9,0.2849,52289.3,0.2851,11021.2,0.2852,63254.1
1753591909332,04:51:49.332,bitget,1INCH/USDT:USDT,0.285,1997.9,0.2849,52289.3,0.2851,11021.2,0.2852,63254.1
1753591909482,04:51:49.482,bitget,1INCH/USDT:USDT,0.285,7441.6,0.2849,52289.3,0.2851,11021.2,0.2852,57810.4
1753591909632,04:51:49.632,bitget,1INCH/USDT:USDT,0.285,7441.6,0.2849,52289.3,0.2851,11021.2,0.2852,57810.4
1753591909782,04:51:49.782,bitget,1INCH/USDT:USDT,0.285,1997.9,0.2849,52289.3,0.2851,11021.2,0.2852,63254.1
1753591910082,04:51:50.082,bitget,1INCH/USDT:USDT,0.285,1997.9,0.2849,52289.3,0.2851,11021.2,0.2852,44588.3
1753591910232,04:51:50.232,bitget,1INCH/USDT:USDT,0.285,1997.9,0.2849,52289.3,0.2851,11021.2,0.2852,44588.3
1753591910382,04:51:50.382,bitget,1INCH/USDT:USDT,0.285,1997.9,0.2849,52289.3,0.2851,11021.2,0.2852,44588.3
1753591910532,04:51:50.532,bitget,1INCH/USDT:USDT,0.285,1997.9,0.2849,52289.3,0.2851,11021.2,0.2852,44588.3
1753591910682,04:51:50.682,bitget,1INCH/USDT:USDT,0.285,1997.9,0.2849,52289.3,0.2851,11021.2,0.2852,44588.3
1753591910832,04:51:50.832,bitget,1INCH/USDT:USDT,0.285,1997.9,0.2849,52289.3,0.2851,11021.2,0.2852,44588.3
1753591910983,04:51:50.983,bitget,1INCH/USDT:USDT,0.285,1997.9,0.2849,52289.3,0.2851,11021.2,0.2852,44588.3
1753591911133,04:51:51.133,bitget,1INCH/USDT:USDT,0.285,1997.9,0.2849,52289.3,0.2851,11021.2,0.2852,44588.3
1753591911283,04:51:51.283,bitget,1INCH/USDT:USDT,0.285,1997.9,0.2849,52289.3,0.2851,11021.2,0.2852,44588.3
1753591911433,04:51:51.433,bitget,1INCH/USDT:USDT,0.285,1997.9,0.2849,52289.3,0.2851,11021.2,0.2852,44588.3
1753591911583,04:51:51.583,bitget,1INCH/USDT:USDT,0.285,1997.9,0.2849,52289.3,0.2851,11021.2,0.2852,44588.3
1753591911733,04:51:51.733,bitget,1INCH/USDT:USDT,0.285,1677.2,0.2849,52289.3,0.2851,11196.6,0.2852,44588.3
1753591912033,04:51:52.033,bitget,1INCH/USDT:USDT,0.2849,18176.2,0.2848,26961.3,0.285,9387.4,0.2851,8762.3
1753591912183,04:51:52.183,bitget,1INCH/USDT:USDT,0.2849,23091.0,0.2848,26961.3,0.2851,17204.4,0.2852,34877.5
1753591912333,04:51:52.333,bitget,1INCH/USDT:USDT,0.285,2005.0,0.2849,28960.9,0.2851,7493.8,0.2852,44591.8
1753591912483,04:51:52.483,bitget,1INCH/USDT:USDT,0.285,2005.0,0.2849,54745.8,0.2851,7493.8,0.2852,44591.8
1753591912633,04:51:52.633,bitget,1INCH/USDT:USDT,0.285,2005.0,0.2849,54745.8,0.2851,10012.4,0.2852,44591.8
1753591912784,04:51:52.784,bitget,1INCH/USDT:USDT,0.285,2005.0,0.2849,51832.0,0.2851,10012.4,0.2852,44591.8
1753591912934,04:51:52.934,bitget,1INCH/USDT:USDT,0.285,2005.0,0.2849,51832.0,0.2851,11273.6,0.2852,44591.8
1753591913234,04:51:53.234,bitget,1INCH/USDT:USDT,0.285,2005.0,0.2849,51832.0,0.2851,11273.6,0.2852,44591.8
1753591913384,04:51:53.384,bitget,1INCH/USDT:USDT,0.285,2005.0,0.2849,51832.0,0.2851,11273.6,0.2852,44591.8
1753591913534,04:51:53.534,bitget,1INCH/USDT:USDT,0.285,2005.0,0.2849,51832.0,0.2851,11273.6,0.2852,44591.8
1753591913684,04:51:53.684,bitget,1INCH/USDT:USDT,0.285,2005.0,0.2849,51832.0,0.2851,11273.6,0.2852,44591.8
1753591913834,04:51:53.834,bitget,1INCH/USDT:USDT,0.285,2005.0,0.2849,51832.0,0.2851,11273.6,0.2852,44591.8
1753591913984,04:51:53.984,bitget,1INCH/USDT:USDT,0.285,2005.0,0.2849,51832.0,0.2851,11273.6,0.2852,44591.8
1753591914134,04:51:54.134,bitget,1INCH/USDT:USDT,0.285,2005.0,0.2849,51832.0,0.2851,11273.6,0.2852,44591.8
1753591914284,04:51:54.284,bitget,1INCH/USDT:USDT,0.285,2005.0,0.2849,51832.0,0.2851,11273.6,0.2852,44591.8
1753591914434,04:51:54.434,bitget,1INCH/USDT:USDT,0.285,2005.0,0.2849,51832.0,0.2851,11273.6,0.2852,44591.8
1753591914585,04:51:54.585,bitget,1INCH/USDT:USDT,0.285,2005.0,0.2849,51832.0,0.2851,11273.6,0.2852,44591.8
1753591914735,04:51:54.735,bitget,1INCH/USDT:USDT,0.285,327.8,0.2849,51832.0,0.2851,11648.1,0.2852,44591.8
1753591914885,04:51:54.885,bitget,1INCH/USDT:USDT,0.285,327.8,0.2849,70456.6,0.2851,11648.1,0.2852,44591.8
1753591915335,04:51:55.335,bitget,1INCH/USDT:USDT,0.285,327.8,0.2849,70456.6,0.2851,11273.6,0.2852,44591.8
1753591915485,04:51:55.485,bitget,1INCH/USDT:USDT,0.285,327.8,0.2849,70456.6,0.2851,11273.6,0.2852,44591.8
1753591915785,04:51:55.785,bitget,1INCH/USDT:USDT,0.285,327.8,0.2849,70456.6,0.2851,11273.6,0.2852,44591.8
1753591916085,04:51:56.085,bitget,1INCH/USDT:USDT,0.285,327.8,0.2849,70456.6,0.2851,11273.6,0.2852,44591.8
1753591916235,04:51:56.235,bitget,1INCH/USDT:USDT,0.285,327.8,0.2849,70456.6,0.2851,11273.6,0.2852,44591.8
1753591916386,04:51:56.386,bitget,1INCH/USDT:USDT,0.285,327.8,0.2849,70456.6,0.2851,11273.6,0.2852,44591.8
1753591916536,04:51:56.536,bitget,1INCH/USDT:USDT,0.285,327.8,0.2849,70456.6,0.2851,11273.6,0.2852,44591.8
1753591916686,04:51:56.686,bitget,1INCH/USDT:USDT,0.285,327.8,0.2849,70456.6,0.2851,11273.6,0.2852,44591.8
1753591916836,04:51:56.836,bitget,1INCH/USDT:USDT,0.285,327.8,0.2849,70456.6,0.2851,11273.6,0.2852,44591.8
1753591916986,04:51:56.986,bitget,1INCH/USDT:USDT,0.285,327.8,0.2849,51832.0,0.2851,11273.6,0.2852,44591.8
1753591917136,04:51:57.136,bitget,1INCH/USDT:USDT,0.285,327.8,0.2849,51832.0,0.2851,11273.6,0.2852,44591.8
1753591917286,04:51:57.286,bitget,1INCH/USDT:USDT,0.285,327.8,0.2849,51832.0,0.2851,11273.6,0.2852,44591.8
1753591917436,04:51:57.436,bitget,1INCH/USDT:USDT,0.285,327.8,0.2849,51832.0,0.2851,11273.6,0.2852,44591.8
1753591917586,04:51:57.586,bitget,1INCH/USDT:USDT,0.285,327.8,0.2849,51832.0,0.2851,11273.6,0.2852,44591.8
1753591917736,04:51:57.736,bitget,1INCH/USDT:USDT,0.285,327.8,0.2849,51832.0,0.2851,11273.6,0.2852,44591.8
1753591917886,04:51:57.886,bitget,1INCH/USDT:USDT,0.285,327.8,0.2849,51832.0,0.2851,11273.6,0.2852,44591.8
1753591918036,04:51:58.036,bitget,1INCH/USDT:USDT,0.285,327.8,0.2849,51832.0,0.2851,11273.6,0.2852,44591.8
1753591918337,04:51:58.337,bitget,1INCH/USDT:USDT,0.285,327.8,0.2849,51832.0,0.2851,11273.6,0.2852,44591.8
1753591918487,04:51:58.487,bitget,1INCH/USDT:USDT,0.285,327.8,0.2849,51832.0,0.2851,11273.6,0.2852,44591.8
1753591918637,04:51:58.637,bitget,1INCH/USDT:USDT,0.285,327.8,0.2849,51832.0,0.2851,11273.6,0.2852,44591.8
1753591918787,04:51:58.787,bitget,1INCH/USDT:USDT,0.285,327.8,0.2849,51832.0,0.2851,11273.6,0.2852,44591.8
1753591918937,04:51:58.937,bitget,1INCH/USDT:USDT,0.285,327.8,0.2849,51832.0,0.2851,11273.6,0.2852,44591.8
1753591919237,04:51:59.237,bitget,1INCH/USDT:USDT,0.2849,23091.0,0.2848,45649.3,0.285,8915.8,0.2851,18531.8
1753591919387,04:51:59.387,bitget,1INCH/USDT:USDT,0.2849,23091.0,0.2848,32137.5,0.285,8915.8,0.2851,24466.2
1753591919537,04:51:59.537,bitget,1INCH/USDT:USDT,0.2849,23091.0,0.2848,32137.5,0.285,8915.8,0.2851,24466.2
1753591919687,04:51:59.687,bitget,1INCH/USDT:USDT,0.2849,23091.0,0.2848,32137.5,0.285,8915.8,0.2851,24466.2
1753591919837,04:51:59.837,bitget,1INCH/USDT:USDT,0.2849,23091.0,0.2848,32137.5,0.285,8915.8,0.2851,24466.2
1753591919988,04:51:59.988,bitget,1INCH/USDT:USDT,0.2849,3309.0,0.2848,32137.5,0.285,9290.3,0.2851,29909.9
1753591920138,04:52:00.138,bitget,1INCH/USDT:USDT,0.2849,3309.0,0.2848,32137.5,0.285,9697.7,0.2851,29909.9
1753591920288,04:52:00.288,bitget,1INCH/USDT:USDT,0.2849,3309.0,0.2848,32137.5,0.285,10651.2,0.2851,29909.9
1753591920438,04:52:00.438,bitget,1INCH/USDT:USDT,0.2849,3309.0,0.2848,32137.5,0.285,10651.2,0.2851,29909.9
1753591920588,04:52:00.588,bitget,1INCH/USDT:USDT,0.2849,320.7,0.2848,32137.5,0.285,11025.7,0.2851,29909.9
1753591920738,04:52:00.738,bitget,1INCH/USDT:USDT,0.2849,320.7,0.2848,32137.5,0.285,11025.7,0.2851,39254.7
1753591920888,04:52:00.888,bitget,1INCH/USDT:USDT,0.2849,320.7,0.2848,32137.5,0.285,11025.7,0.2851,39254.7
1753591921338,04:52:01.338,bitget,1INCH/USDT:USDT,0.2849,320.7,0.2848,32137.5,0.285,11025.7,0.2851,39254.7
1753591921488,04:52:01.488,bitget,1INCH/USDT:USDT,0.2849,320.7,0.2848,32137.5,0.285,10651.2,0.2851,39254.7
1753591921638,04:52:01.638,bitget,1INCH/USDT:USDT,0.2849,7578.9,0.2848,32137.5,0.285,10327.0,0.2851,39079.3
1753591921788,04:52:01.788,bitget,1INCH/USDT:USDT,0.2849,26071.0,0.2848,32137.5,0.285,1591.6,0.2851,26552.9
1753591921939,04:52:01.939,bitget,1INCH/USDT:USDT,0.2849,26071.0,0.2848,26964.9,0.285,1591.6,0.2851,26552.9
1753591922089,04:52:02.089,bitget,1INCH/USDT:USDT,0.2849,33071.0,0.2848,26964.9,0.285,1591.6,0.2851,26552.9
1753591922239,04:52:02.239,bitget,1INCH/USDT:USDT,0.2849,33071.0,0.2848,26964.9,0.285,1591.6,0.2851,26552.9
1753591922389,04:52:02.389,bitget,1INCH/USDT:USDT,0.2849,26071.0,0.2848,26964.9,0.285,1915.8,0.2851,31996.6
1753591922539,04:52:02.539,bitget,1INCH/USDT:USDT,0.2849,18438.6,0.2848,26964.9,0.285,1915.8,0.2851,39254.8
1753591922689,04:52:02.689,bitget,1INCH/USDT:USDT,0.2849,18438.6,0.2848,26964.9,0.285,1915.8,0.2851,39254.8
1753591922839,04:52:02.839,bitget,1INCH/USDT:USDT,0.2849,320.7,0.2848,45082.8,0.285,2112.5,0.2851,39254.8
1753591922989,04:52:02.989,bitget,1INCH/USDT:USDT,0.2849,7885.3,0.2848,45082.8,0.285,2309.2,0.2851,31996.6
1753591923139,04:52:03.139,bitget,1INCH/USDT:USDT,0.2849,14885.3,0.2848,45082.8,0.285,8915.8,0.2851,31996.6
1753591923289,04:52:03.289,bitget,1INCH/USDT:USDT,0.2849,14885.3,0.2848,45082.8,0.285,8915.8,0.2851,31996.6
1753591923439,04:52:03.439,bitget,1INCH/USDT:USDT,0.2849,15259.8,0.2848,45082.8,0.285,8915.8,0.2851,31996.6
1753591923590,04:52:03.590,bitget,1INCH/USDT:USDT,0.2849,15259.8,0.2848,45082.8,0.285,8915.8,0.2851,31996.6
1753591923740,04:52:03.740,bitget,1INCH/USDT:USDT,0.2849,15259.8,0.2848,45082.8,0.285,8915.8,0.2851,31996.6
1753591923890,04:52:03.890,bitget,1INCH/USDT:USDT,0.2849,15259.8,0.2848,45082.8,0.285,8915.8,0.2851,31996.6
1753591924040,04:52:04.040,bitget,1INCH/USDT:USDT,0.2849,15259.8,0.2848,45082.8,0.285,8915.8,0.2851,31996.6
1753591924190,04:52:04.190,bitget,1INCH/USDT:USDT,0.2849,15259.8,0.2848,45082.8,0.285,8915.8,0.2851,31996.6
1753591924340,04:52:04.340,bitget,1INCH/USDT:USDT,0.2849,15259.8,0.2848,45082.8,0.285,1591.6,0.2851,31996.6
1753591924490,04:52:04.490,bitget,1INCH/USDT:USDT,0.2849,14885.3,0.2848,45082.8,0.285,1915.8,0.2851,31996.6
1753591924640,04:52:04.640,bitget,1INCH/USDT:USDT,0.2849,14885.3,0.2848,45082.8,0.285,1915.8,0.2851,31996.6
1753591924790,04:52:04.790,bitget,1INCH/USDT:USDT,0.2849,14885.3,0.2848,45082.8,0.285,1915.8,0.2851,31996.6
1753591924940,04:52:04.940,bitget,1INCH/USDT:USDT,0.2849,14885.3,0.2848,45082.8,0.285,1915.8,0.2851,31996.6
1753591925090,04:52:05.090,bitget,1INCH/USDT:USDT,0.2849,14885.3,0.2848,45082.8,0.285,1915.8,0.2851,31996.6
1753591925240,04:52:05.240,bitget,1INCH/USDT:USDT,0.2849,14885.3,0.2848,45082.8,0.285,1915.8,0.2851,31996.6
1753591925390,04:52:05.390,bitget,1INCH/USDT:USDT,0.2849,14885.3,0.2848,45082.8,0.285,1915.8,0.2851,31996.6
1753591925541,04:52:05.541,bitget,1INCH/USDT:USDT,0.2849,14885.3,0.2848,45082.8,0.285,1591.6,0.2851,31996.6
1753591925841,04:52:05.841,bitget,1INCH/USDT:USDT,0.2849,14885.3,0.2848,45082.8,0.285,1920.2,0.2851,31996.6
1753591925991,04:52:05.991,bitget,1INCH/USDT:USDT,0.2849,14885.3,0.2848,45082.8,0.285,8920.2,0.2851,31996.6
1753591926141,04:52:06.141,bitget,1INCH/USDT:USDT,0.2849,14885.3,0.2848,45082.8,0.285,8920.2,0.2851,31996.6
1753591926291,04:52:06.291,bitget,1INCH/USDT:USDT,0.2849,14885.3,0.2848,45082.8,0.285,8920.2,0.2851,31996.6
1753591926441,04:52:06.441,bitget,1INCH/USDT:USDT,0.2849,14885.3,0.2848,45082.8,0.285,8920.2,0.2851,31996.6
1753591926591,04:52:06.591,bitget,1INCH/USDT:USDT,0.2849,14885.3,0.2848,45082.8,0.285,8920.2,0.2851,31996.6
1753591926741,04:52:06.741,bitget,1INCH/USDT:USDT,0.2849,14885.3,0.2848,45082.8,0.285,8920.2,0.2851,31996.6
1753591926891,04:52:06.891,bitget,1INCH/USDT:USDT,0.2849,14885.3,0.2848,45082.8,0.285,8920.2,0.2851,31996.6
1753591927041,04:52:07.041,bitget,1INCH/USDT:USDT,0.2849,14885.3,0.2848,45082.8,0.285,8920.2,0.2851,31996.6
1753591927191,04:52:07.191,bitget,1INCH/USDT:USDT,0.2849,14885.3,0.2848,45082.8,0.285,8920.2,0.2851,31996.6
1753591927342,04:52:07.342,bitget,1INCH/USDT:USDT,0.2849,14885.3,0.2848,45082.8,0.285,8920.2,0.2851,31996.6
1753591927492,04:52:07.492,bitget,1INCH/USDT:USDT,0.2849,14885.3,0.2848,45082.8,0.285,8920.2,0.2851,31996.6
1753591927642,04:52:07.642,bitget,1INCH/USDT:USDT,0.2849,14885.3,0.2848,45082.8,0.285,8920.2,0.2851,31996.6
1753591927792,04:52:07.792,bitget,1INCH/USDT:USDT,0.2849,14885.3,0.2848,45082.8,0.285,8920.2,0.2851,31996.6
1753591927942,04:52:07.942,bitget,1INCH/USDT:USDT,0.2849,14885.3,0.2848,45082.8,0.285,8920.2,0.2851,31996.6
1753591928092,04:52:08.092,bitget,1INCH/USDT:USDT,0.2849,14885.3,0.2848,45082.8,0.285,8920.2,0.2851,31996.6
1753591928242,04:52:08.242,bitget,1INCH/USDT:USDT,0.2849,14885.3,0.2848,45082.8,0.285,8920.2,0.2851,31996.6
1753591928392,04:52:08.392,bitget,1INCH/USDT:USDT,0.2849,14885.3,0.2848,45082.8,0.285,8920.2,0.2851,31996.6
1753591928542,04:52:08.542,bitget,1INCH/USDT:USDT,0.2849,14885.3,0.2848,45082.8,0.285,8920.2,0.2851,31996.6
1753591928692,04:52:08.692,bitget,1INCH/USDT:USDT,0.2849,14885.3,0.2848,45082.8,0.285,8920.2,0.2851,31996.6
1753591928842,04:52:08.842,bitget,1INCH/USDT:USDT,0.2849,14885.3,0.2848,45082.8,0.285,8920.2,0.2851,31996.6
1753591928992,04:52:08.992,bitget,1INCH/USDT:USDT,0.2849,14885.3,0.2848,45082.8,0.285,8920.2,0.2851,31996.6
1753591929143,04:52:09.143,bitget,1INCH/USDT:USDT,0.2849,14885.3,0.2848,45082.8,0.285,1591.6,0.2851,31996.6
1753591929293,04:52:09.293,bitget,1INCH/USDT:USDT,0.2849,14885.3,0.2848,45082.8,0.285,1591.6,0.2851,31996.6
1753591929443,04:52:09.443,bitget,1INCH/USDT:USDT,0.2849,14885.3,0.2848,45082.8,0.285,1920.2,0.2851,31996.6
1753591929593,04:52:09.593,bitget,1INCH/USDT:USDT,0.2849,14885.3,0.2848,45082.8,0.285,1591.6,0.2851,31996.6
1753591929743,04:52:09.743,bitget,1INCH/USDT:USDT,0.2849,14885.3,0.2848,45082.8,0.285,1591.6,0.2851,31996.6
1753591929893,04:52:09.893,bitget,1INCH/USDT:USDT,0.2849,14885.3,0.2848,45082.8,0.285,1920.2,0.2851,31996.6
1753591930043,04:52:10.043,bitget,1INCH/USDT:USDT,0.2849,14885.3,0.2848,45082.8,0.285,1920.2,0.2851,31996.6
1753591930193,04:52:10.193,bitget,1INCH/USDT:USDT,0.2849,14885.3,0.2848,45082.8,0.285,1920.2,0.2851,31996.6
1753591930343,04:52:10.343,bitget,1INCH/USDT:USDT,0.2849,14885.3,0.2848,45082.8,0.285,1920.2,0.2851,31996.6
1753591930493,04:52:10.493,bitget,1INCH/USDT:USDT,0.2849,14885.3,0.2848,45082.8,0.285,1920.2,0.2851,31996.6
1753591930643,04:52:10.643,bitget,1INCH/USDT:USDT,0.2849,14885.3,0.2848,45082.8,0.285,1920.2,0.2851,31996.6
1753591930793,04:52:10.793,bitget,1INCH/USDT:USDT,0.2849,14885.3,0.2848,45082.8,0.285,1920.2,0.2851,31996.6
1753591930944,04:52:10.944,bitget,1INCH/USDT:USDT,0.2849,14885.3,0.2848,45082.8,0.285,1920.2,0.2851,31996.6
1753591931094,04:52:11.094,bitget,1INCH/USDT:USDT,0.2849,14885.3,0.2848,45082.8,0.285,1920.2,0.2851,31996.6
1753591931244,04:52:11.244,bitget,1INCH/USDT:USDT,0.2849,14885.3,0.2848,45082.8,0.285,1591.6,0.2851,31996.6
1753591931394,04:52:11.394,bitget,1INCH/USDT:USDT,0.2849,15259.8,0.2848,45082.8,0.2851,31996.6,0.2852,51784.0
1753591931544,04:52:11.544,bitget,1INCH/USDT:USDT,0.2849,26947.4,0.2848,45082.8,0.2851,22282.4,0.2852,61502.0
1753591931694,04:52:11.694,bitget,1INCH/USDT:USDT,0.2849,26947.4,0.2848,45082.8,0.285,328.6,0.2851,22282.4
1753591931844,04:52:11.844,bitget,1INCH/USDT:USDT,0.2849,16385.2,0.2848,45082.8,0.285,1920.2,0.2851,22282.4
1753591931994,04:52:11.994,bitget,1INCH/USDT:USDT,0.2849,14885.3,0.2848,45082.8,0.285,1591.6,0.2851,32000.4
1753591932144,04:52:12.144,bitget,1INCH/USDT:USDT,0.2849,14885.3,0.2848,45082.8,0.285,1920.2,0.2851,32000.4
1753591932294,04:52:12.294,bitget,1INCH/USDT:USDT,0.2849,14578.9,0.2848,45082.8,0.285,1920.2,0.2851,32000.4
1753591932444,04:52:12.444,bitget,1INCH/USDT:USDT,0.2849,14578.9,0.2848,26964.9,0.285,1920.2,0.2851,39258.6
1753591932594,04:52:12.594,bitget,1INCH/USDT:USDT,0.2849,7320.7,0.2848,45082.5,0.285,328.6,0.2851,39258.6
1753591932745,04:52:12.745,bitget,1INCH/USDT:USDT,0.2849,7320.7,0.2848,26964.9,0.285,328.6,0.2851,39258.6
1753591932895,04:52:12.895,bitget,1INCH/USDT:USDT,0.2849,7320.7,0.2848,26964.9,0.285,328.6,0.2851,39258.6
1753591933045,04:52:13.045,bitget,1INCH/USDT:USDT,0.2849,7320.7,0.2848,45082.4,0.285,7328.6,0.2851,39258.6
1753591933195,04:52:13.195,bitget,1INCH/USDT:USDT,0.2849,7320.7,0.2848,45082.4,0.285,7328.6,0.2851,39258.6
1753591933345,04:52:13.345,bitget,1INCH/USDT:USDT,0.2849,7320.7,0.2848,45082.4,0.285,7328.6,0.2851,39258.6
1753591933495,04:52:13.495,bitget,1INCH/USDT:USDT,0.2849,7320.7,0.2848,45082.4,0.285,7328.6,0.2851,39258.6
1753591933645,04:52:13.645,bitget,1INCH/USDT:USDT,0.2849,7320.7,0.2848,45082.4,0.285,7328.6,0.2851,39258.6
1753591933795,04:52:13.795,bitget,1INCH/USDT:USDT,0.2849,7320.7,0.2848,45082.4,0.285,7328.6,0.2851,39258.6
1753591933945,04:52:13.945,bitget,1INCH/USDT:USDT,0.2849,7320.7,0.2848,45082.4,0.285,7328.6,0.2851,39258.6
1753591934095,04:52:14.095,bitget,1INCH/USDT:USDT,0.2849,7320.7,0.2848,45082.4,0.285,7328.6,0.2851,39258.6
1753591934245,04:52:14.245,bitget,1INCH/USDT:USDT,0.2849,7320.7,0.2848,45082.4,0.285,7328.6,0.2851,39258.6
1753591934395,04:52:14.395,bitget,1INCH/USDT:USDT,0.2849,7320.7,0.2848,45082.4,0.285,7328.6,0.2851,39258.6
1753591934546,04:52:14.546,bitget,1INCH/USDT:USDT,0.2849,7320.7,0.2848,45082.4,0.285,7328.6,0.2851,39258.6
1753591934696,04:52:14.696,bitget,1INCH/USDT:USDT,0.2849,7320.7,0.2848,45082.4,0.285,7328.6,0.2851,39258.6
1753591934846,04:52:14.846,bitget,1INCH/USDT:USDT,0.2849,7320.7,0.2848,45082.4,0.285,7000.0,0.2851,33814.9
1753591934996,04:52:14.996,bitget,1INCH/USDT:USDT,0.2849,14578.9,0.2848,45082.4,0.285,7000.0,0.2851,44019.4
1753591935146,04:52:15.146,bitget,1INCH/USDT:USDT,0.2849,14578.9,0.2848,45082.4,0.285,7000.0,0.2851,44019.4
1753591935296,04:52:15.296,bitget,1INCH/USDT:USDT,0.2849,14578.9,0.2848,45082.4,0.285,7000.0,0.2851,44019.4
1753591935596,04:52:15.596,bitget,1INCH/USDT:USDT,0.2849,14578.9,0.2848,45082.4,0.285,7000.0,0.2851,31345.6
1753591935746,04:52:15.746,bitget,1INCH/USDT:USDT,0.2849,14578.9,0.2848,45082.4,0.285,7000.0,0.2851,31345.6
1753591935896,04:52:15.896,bitget,1INCH/USDT:USDT,0.2849,14578.9,0.2848,45082.4,0.285,7000.0,0.2851,31345.6
1753591936046,04:52:16.046,bitget,1INCH/USDT:USDT,0.2849,14578.9,0.2848,45082.4,0.285,7000.0,0.2851,31345.6
1753591936197,04:52:16.197,bitget,1INCH/USDT:USDT,0.2849,14578.9,0.2848,45082.4,0.2851,31345.6,0.2852,51773.0
1753591936347,04:52:16.347,bitget,1INCH/USDT:USDT,0.285,328.5,0.2849,26985.6,0.2851,14369.4,0.2852,61492.0
1753591936497,04:52:16.497,bitget,1INCH/USDT:USDT,0.285,328.5,0.2849,36706.1,0.2851,12937.6,0.2852,61492.0
1753591936647,04:52:16.647,bitget,1INCH/USDT:USDT,0.285,328.5,0.2849,36706.1,0.2851,7493.9,0.2852,61492.0
1753591936797,04:52:16.797,bitget,1INCH/USDT:USDT,0.285,328.5,0.2849,42149.8,0.2851,7493.9,0.2852,61492.0
1753591936947,04:52:16.947,bitget,1INCH/USDT:USDT,0.2849,36706.1,0.2848,35366.2,0.2851,7493.9,0.2852,61492.0
1753591937097,04:52:17.097,bitget,1INCH/USDT:USDT,0.285,328.5,0.2849,26985.6,0.2851,7868.4,0.2852,61492.0
1753591937247,04:52:17.247,bitget,1INCH/USDT:USDT,0.285,328.5,0.2849,36706.1,0.2851,7493.9,0.2852,61492.0
1753591937397,04:52:17.397,bitget,1INCH/USDT:USDT,0.285,328.5,0.2849,42149.8,0.2851,7493.9,0.2852,61492.0
1753591937547,04:52:17.547,bitget,1INCH/USDT:USDT,0.285,328.5,0.2849,42149.8,0.2851,7493.9,0.2852,61492.0
1753591937697,04:52:17.697,bitget,1INCH/USDT:USDT,0.285,328.5,0.2849,42149.8,0.2851,7493.9,0.2852,61492.0
1753591937847,04:52:17.847,bitget,1INCH/USDT:USDT,0.285,328.5,0.2849,42149.8,0.2851,7493.9,0.2852,61492.0
1753591937998,04:52:17.998,bitget,1INCH/USDT:USDT,0.285,328.5,0.2849,42149.8,0.2851,7493.9,0.2852,61492.0
1753591938147,04:52:18.147,bitget,1INCH/USDT:USDT,0.285,328.5,0.2849,42149.8,0.2851,7493.9,0.2852,61492.0
1753591938298,04:52:18.298,bitget,1INCH/USDT:USDT,0.285,328.5,0.2849,42149.8,0.2851,7868.4,0.2852,61492.0
1753591938448,04:52:18.448,bitget,1INCH/USDT:USDT,0.285,328.5,0.2849,42149.8,0.2851,7868.4,0.2852,61492.0
1753591938598,04:52:18.598,bitget,1INCH/USDT:USDT,0.285,328.5,0.2849,42149.8,0.2851,7868.4,0.2852,61492.0
1753591938748,04:52:18.748,bitget,1INCH/USDT:USDT,0.285,328.5,0.2849,42149.8,0.2851,7493.9,0.2852,61866.5
1753591938898,04:52:18.898,bitget,1INCH/USDT:USDT,0.285,328.5,0.2849,42149.8,0.2851,7493.9,0.2852,61866.5
1753591939048,04:52:19.048,bitget,1INCH/USDT:USDT,0.285,328.5,0.2849,42149.8,0.2851,8599.0,0.2852,61866.5
1753591939348,04:52:19.348,bitget,1INCH/USDT:USDT,0.285,328.5,0.2849,42149.8,0.2851,8599.0,0.2852,61866.5
1753591939498,04:52:19.498,bitget,1INCH/USDT:USDT,0.285,328.5,0.2849,42149.8,0.2851,8973.5,0.2852,61866.5
1753591939648,04:52:19.648,bitget,1INCH/USDT:USDT,0.285,328.5,0.2849,42149.8,0.2851,8973.5,0.2852,61866.5
1753591939799,04:52:19.799,bitget,1INCH/USDT:USDT,0.285,328.5,0.2849,42149.8,0.2851,8973.5,0.2852,61866.5
1753591939949,04:52:19.949,bitget,1INCH/USDT:USDT,0.285,328.5,0.2849,42149.8,0.2851,8973.5,0.2852,61866.5
1753591940099,04:52:20.099,bitget,1INCH/USDT:USDT,0.285,328.5,0.2849,42149.8,0.2851,8973.5,0.2852,61866.5
1753591940249,04:52:20.249,bitget,1INCH/USDT:USDT,0.285,328.5,0.2849,42149.8,0.2851,8973.5,0.2852,61866.5
1753591940399,04:52:20.399,bitget,1INCH/USDT:USDT,0.285,328.5,0.2849,42149.8,0.2851,8599.0,0.2852,61866.5
1753591940699,04:52:20.699,bitget,1INCH/USDT:USDT,0.285,328.5,0.2849,42149.8,0.2851,8599.0,0.2852,61866.5
1753591940849,04:52:20.849,bitget,1INCH/USDT:USDT,0.285,328.5,0.2849,42149.8,0.2851,8599.0,0.2852,61866.5
1753591940999,04:52:20.999,bitget,1INCH/USDT:USDT,0.285,328.5,0.2849,42149.8,0.2851,8599.0,0.2852,61866.5
1753591941149,04:52:21.149,bitget,1INCH/USDT:USDT,0.285,328.5,0.2849,42149.8,0.2851,8599.0,0.2852,61866.5
1753591941299,04:52:21.299,bitget,1INCH/USDT:USDT,0.285,328.5,0.2849,42149.8,0.2851,8973.5,0.2852,61866.5
1753591941449,04:52:21.449,bitget,1INCH/USDT:USDT,0.285,328.5,0.2849,42149.8,0.2851,8973.5,0.2852,61866.5
1753591941600,04:52:21.600,bitget,1INCH/USDT:USDT,0.285,328.5,0.2849,42149.8,0.2851,8973.5,0.2852,61866.5
1753591941750,04:52:21.750,bitget,1INCH/USDT:USDT,0.285,328.5,0.2849,42149.8,0.2851,8973.5,0.2852,61866.5
1753591941900,04:52:21.900,bitget,1INCH/USDT:USDT,0.285,328.5,0.2849,42149.8,0.2851,8599.0,0.2852,61866.5
1753591942050,04:52:22.050,bitget,1INCH/USDT:USDT,0.285,328.5,0.2849,42149.8,0.2851,8599.0,0.2852,61866.5
1753591942200,04:52:22.200,bitget,1INCH/USDT:USDT,0.285,328.5,0.2849,42149.8,0.2851,8599.0,0.2852,61866.5
1753591942350,04:52:22.350,bitget,1INCH/USDT:USDT,0.285,328.5,0.2849,42149.8,0.2851,8599.0,0.2852,61866.5
1753591942500,04:52:22.500,bitget,1INCH/USDT:USDT,0.285,328.5,0.2849,42149.8,0.2851,8599.0,0.2852,61866.5
1753591942650,04:52:22.650,bitget,1INCH/USDT:USDT,0.285,328.5,0.2849,42149.8,0.2851,8599.0,0.2852,61866.5
1753591942800,04:52:22.800,bitget,1INCH/USDT:USDT,0.285,328.5,0.2849,42149.8,0.2851,8599.0,0.2852,61866.5
1753591942950,04:52:22.950,bitget,1INCH/USDT:USDT,0.285,328.5,0.2849,42149.8,0.2851,8599.0,0.2852,61866.5
1753591943100,04:52:23.100,bitget,1INCH/USDT:USDT,0.285,328.5,0.2849,42149.8,0.2851,8599.0,0.2852,61866.5
1753591943250,04:52:23.250,bitget,1INCH/USDT:USDT,0.285,328.5,0.2849,42149.8,0.2851,8599.0,0.2852,61866.5
1753591943400,04:52:23.400,bitget,1INCH/USDT:USDT,0.285,328.5,0.2849,42149.8,0.2851,8599.0,0.2852,61866.5
1753591943551,04:52:23.551,bitget,1INCH/USDT:USDT,0.285,328.5,0.2849,42149.8,0.2851,8599.0,0.2852,61866.5
1753591943701,04:52:23.701,bitget,1INCH/USDT:USDT,0.285,328.5,0.2849,42149.8,0.2851,8599.0,0.2852,61866.5
1753591943851,04:52:23.851,bitget,1INCH/USDT:USDT,0.285,7328.5,0.2849,42149.8,0.2851,8599.0,0.2852,61866.5
1753591944001,04:52:24.001,bitget,1INCH/USDT:USDT,0.285,7328.5,0.2849,42149.8,0.2851,8599.0,0.2852,61866.5
1753591944151,04:52:24.151,bitget,1INCH/USDT:USDT,0.285,7328.5,0.2849,42149.8,0.2851,8599.0,0.2852,61866.5
1753591944301,04:52:24.301,bitget,1INCH/USDT:USDT,0.285,7328.5,0.2849,42149.8,0.2851,8599.0,0.2852,61866.5
1753591944451,04:52:24.451,bitget,1INCH/USDT:USDT,0.285,7328.5,0.2849,42149.8,0.2851,8599.0,0.2852,61866.5
1753591944601,04:52:24.601,bitget,1INCH/USDT:USDT,0.285,7328.5,0.2849,42149.8,0.2851,8599.0,0.2852,61866.5
1753591944751,04:52:24.751,bitget,1INCH/USDT:USDT,0.285,7328.5,0.2849,42149.8,0.2851,9199.7,0.2852,61866.5
1753591944901,04:52:24.901,bitget,1INCH/USDT:USDT,0.285,22237.0,0.2849,42149.8,0.2852,39246.5,0.2853,16754.6
1753591945051,04:52:25.051,bitget,1INCH/USDT:USDT,0.2851,2005.7,0.285,31159.9,0.2852,18611.8,0.2853,26470.8
1753591945201,04:52:25.201,bitget,1INCH/USDT:USDT,0.2851,2005.7,0.285,58997.2,0.2852,1661.7,0.2853,44587.3
1753591945352,04:52:25.352,bitget,1INCH/USDT:USDT,0.2851,2005.7,0.285,58997.2,0.2852,1661.7,0.2853,44587.3
1753591945502,04:52:25.502,bitget,1INCH/USDT:USDT,0.2851,2005.7,0.285,53448.6,0.2852,1661.7,0.2853,44587.3
1753591945652,04:52:25.652,bitget,1INCH/USDT:USDT,0.2851,2005.7,0.285,53448.6,0.2852,1661.7,0.2853,44587.3
1753591945802,04:52:25.802,bitget,1INCH/USDT:USDT,0.2851,2005.7,0.285,53448.6,0.2852,9731.3,0.2853,44587.3
1753591945952,04:52:25.952,bitget,1INCH/USDT:USDT,0.2851,2005.7,0.285,53448.6,0.2852,9731.3,0.2853,44587.3
1753591946252,04:52:26.252,bitget,1INCH/USDT:USDT,0.2851,2005.7,0.285,53448.6,0.2852,9731.3,0.2853,44587.3
1753591946402,04:52:26.402,bitget,1INCH/USDT:USDT,0.2851,2005.7,0.285,55809.7,0.2852,9731.3,0.2853,44587.3
1753591946552,04:52:26.552,bitget,1INCH/USDT:USDT,0.2851,2005.7,0.285,55809.7,0.2852,9731.3,0.2853,44587.3
1753591946702,04:52:26.702,bitget,1INCH/USDT:USDT,0.2851,2005.7,0.285,55809.7,0.2852,9731.3,0.2853,44587.3
1753591946852,04:52:26.852,bitget,1INCH/USDT:USDT,0.2851,2005.7,0.285,55809.7,0.2852,9731.3,0.2853,44587.3
1753591947303,04:52:27.303,bitget,1INCH/USDT:USDT,0.2851,2005.7,0.285,55809.7,0.2852,9433.3,0.2853,44587.3
1753591947453,04:52:27.453,bitget,1INCH/USDT:USDT,0.2851,2005.7,0.285,55809.7,0.2852,9433.3,0.2853,44587.3
1753591947603,04:52:27.603,bitget,1INCH/USDT:USDT,0.2851,2005.7,0.285,55809.7,0.2852,9433.3,0.2853,44587.3
1753591947753,04:52:27.753,bitget,1INCH/USDT:USDT,0.2851,2005.7,0.285,55809.7,0.2852,9433.3,0.2853,44587.3
1753591947903,04:52:27.903,bitget,1INCH/USDT:USDT,0.2851,2005.7,0.285,55809.7,0.2852,9433.3,0.2853,44587.3
1753591948053,04:52:28.053,bitget,1INCH/USDT:USDT,0.2851,2005.7,0.285,55809.7,0.2852,8661.7,0.2853,44587.3
1753591948203,04:52:28.203,bitget,1INCH/USDT:USDT,0.2851,2005.7,0.285,74463.1,0.2852,8661.7,0.2853,44587.3
1753591948353,04:52:28.353,bitget,1INCH/USDT:USDT,0.2851,2005.7,0.285,74463.1,0.2852,8661.7,0.2853,44587.3
1753591948503,04:52:28.503,bitget,1INCH/USDT:USDT,0.2851,2005.7,0.285,74463.1,0.2852,9731.3,0.2853,44587.3
1753591948653,04:52:28.653,bitget,1INCH/USDT:USDT,0.2851,2005.7,0.285,74463.1,0.2852,9731.3,0.2853,44587.3
1753591948803,04:52:28.803,bitget,1INCH/USDT:USDT,0.2851,2005.7,0.285,74463.1,0.2852,9731.3,0.2853,44587.3
1753591949104,04:52:29.104,bitget,1INCH/USDT:USDT,0.2851,2005.7,0.285,74463.1,0.2852,9731.3,0.2853,44587.3
1753591949254,04:52:29.254,bitget,1INCH/USDT:USDT,0.2851,2005.7,0.285,74463.1,0.2852,9731.3,0.2853,44587.3
1753591949404,04:52:29.404,bitget,1INCH/USDT:USDT,0.2851,2005.7,0.285,74463.1,0.2852,9731.3,0.2853,44587.3
1753591949554,04:52:29.554,bitget,1INCH/USDT:USDT,0.2851,2005.7,0.285,74463.1,0.2852,9731.3,0.2853,44587.3
1753591949704,04:52:29.704,bitget,1INCH/USDT:USDT,0.2851,2005.7,0.285,74463.1,0.2852,9731.3,0.2853,44587.3
1753591949854,04:52:29.854,bitget,1INCH/USDT:USDT,0.2851,2005.7,0.285,74463.1,0.2852,9731.3,0.2853,44587.3
1753591950004,04:52:30.004,bitget,1INCH/USDT:USDT,0.2851,2005.7,0.285,72631.0,0.2852,9731.3,0.2853,44587.3
1753591950154,04:52:30.154,bitget,1INCH/USDT:USDT,0.285,72256.5,0.2849,17251.0,0.2852,9731.3,0.2853,44587.3
1753591950905,04:52:30.905,bitget,1INCH/USDT:USDT,0.2851,2008.2,0.285,60053.5,0.2852,9731.3,0.2853,44587.3
1753591951055,04:52:31.055,bitget,1INCH/USDT:USDT,0.2851,2008.2,0.285,60053.5,0.2852,9731.3,0.2853,44587.3
1753591951205,04:52:31.205,bitget,1INCH/USDT:USDT,0.2851,1677.2,0.285,60053.5,0.2852,9731.3,0.2853,44587.3
1753591951355,04:52:31.355,bitget,1INCH/USDT:USDT,0.2851,2008.2,0.285,51235.1,0.2852,9731.3,0.2853,44587.3
1753591951505,04:52:31.505,bitget,1INCH/USDT:USDT,0.2851,2008.2,0.285,51235.1,0.2852,9731.3,0.2853,44587.3
1753591951655,04:52:31.655,bitget,1INCH/USDT:USDT,0.2851,2008.2,0.285,51235.1,0.2852,9731.3,0.2853,44587.3
1753591951805,04:52:31.805,bitget,1INCH/USDT:USDT,0.2851,2008.2,0.285,51235.1,0.2852,9731.3,0.2853,44587.3
1753591951955,04:52:31.955,bitget,1INCH/USDT:USDT,0.2851,2008.2,0.285,51235.1,0.2852,9731.3,0.2853,44587.3
1753591952105,04:52:32.105,bitget,1INCH/USDT:USDT,0.2851,2008.2,0.285,51235.1,0.2852,9731.3,0.2853,44587.3
1753591952255,04:52:32.255,bitget,1INCH/USDT:USDT,0.2851,2008.2,0.285,51235.1,0.2852,9731.3,0.2853,44587.3
1753591952405,04:52:32.405,bitget,1INCH/USDT:USDT,0.2851,2008.2,0.285,51235.1,0.2852,9731.3,0.2853,44587.3
1753591952555,04:52:32.555,bitget,1INCH/USDT:USDT,0.2851,2008.2,0.285,51235.1,0.2852,9731.3,0.2853,44587.3
1753591952705,04:52:32.705,bitget,1INCH/USDT:USDT,0.2851,2008.2,0.285,51235.1,0.2852,9731.3,0.2853,44587.3
1753591952856,04:52:32.856,bitget,1INCH/USDT:USDT,0.2851,2008.2,0.285,51235.1,0.2852,9731.3,0.2853,44587.3
1753591953006,04:52:33.006,bitget,1INCH/USDT:USDT,0.2851,2008.2,0.285,51235.1,0.2852,9731.3,0.2853,44587.3
1753591953156,04:52:33.156,bitget,1INCH/USDT:USDT,0.2851,2008.2,0.285,51235.1,0.2852,9731.3,0.2853,44587.3
1753591953306,04:52:33.306,bitget,1INCH/USDT:USDT,0.2851,2008.2,0.285,51235.1,0.2852,9731.3,0.2853,44587.3
1753591953456,04:52:33.456,bitget,1INCH/USDT:USDT,0.2851,2008.2,0.285,51235.1,0.2852,9731.3,0.2853,44587.3
1753591953606,04:52:33.606,bitget,1INCH/USDT:USDT,0.2851,2008.2,0.285,51235.1,0.2852,9731.3,0.2853,44587.3
1753591953756,04:52:33.756,bitget,1INCH/USDT:USDT,0.2851,2008.2,0.285,51235.1,0.2852,9731.3,0.2853,44587.3
1753591953906,04:52:33.906,bitget,1INCH/USDT:USDT,0.2851,2008.2,0.285,51235.1,0.2852,9731.3,0.2853,44587.3
1753591954056,04:52:34.056,bitget,1INCH/USDT:USDT,0.2851,2008.2,0.285,51235.1,0.2852,9731.3,0.2853,44587.3
1753591954206,04:52:34.206,bitget,1INCH/USDT:USDT,0.2851,2008.2,0.285,51235.1,0.2852,9731.3,0.2853,44587.3
1753591954356,04:52:34.356,bitget,1INCH/USDT:USDT,0.2851,2008.2,0.285,51235.1,0.2852,9731.3,0.2853,44587.3
1753591954506,04:52:34.506,bitget,1INCH/USDT:USDT,0.2851,2008.2,0.285,51235.1,0.2852,9731.3,0.2853,44587.3
1753591954657,04:52:34.657,bitget,1INCH/USDT:USDT,0.2851,2008.2,0.285,51235.1,0.2852,9731.3,0.2853,44587.3
1753591954807,04:52:34.807,bitget,1INCH/USDT:USDT,0.2851,2008.2,0.285,51235.1,0.2852,9731.3,0.2853,44587.3
1753591954957,04:52:34.957,bitget,1INCH/USDT:USDT,0.2851,2008.2,0.285,51235.1,0.2852,9731.3,0.2853,44587.3
1753591955107,04:52:35.107,bitget,1INCH/USDT:USDT,0.2851,2008.2,0.285,51235.1,0.2852,9731.3,0.2853,44587.3
1753591955257,04:52:35.257,bitget,1INCH/USDT:USDT,0.2851,2008.2,0.285,51235.1,0.2852,9731.3,0.2853,44587.3
1753591955407,04:52:35.407,bitget,1INCH/USDT:USDT,0.2851,2008.2,0.285,51235.1,0.2852,9731.3,0.2853,44587.3
1753591955557,04:52:35.557,bitget,1INCH/USDT:USDT,0.2851,2008.2,0.285,51235.1,0.2852,9731.3,0.2853,44587.3
1753591955707,04:52:35.707,bitget,1INCH/USDT:USDT,0.2851,2008.2,0.285,51235.1,0.2852,9731.3,0.2853,44587.3
1753591955857,04:52:35.857,bitget,1INCH/USDT:USDT,0.2851,2008.2,0.285,51235.1,0.2852,9731.3,0.2853,44587.3
1753591956007,04:52:36.007,bitget,1INCH/USDT:USDT,0.2851,2008.2,0.285,51235.1,0.2852,9731.3,0.2853,44587.3
1753591956157,04:52:36.157,bitget,1INCH/USDT:USDT,0.2851,2008.2,0.285,51235.1,0.2852,9731.3,0.2853,44587.3
1753591956307,04:52:36.307,bitget,1INCH/USDT:USDT,0.2851,2008.2,0.285,51235.1,0.2852,9731.3,0.2853,44587.3
1753591956458,04:52:36.458,bitget,1INCH/USDT:USDT,0.2851,2008.2,0.285,51235.1,0.2852,9731.3,0.2853,44587.3
1753591956608,04:52:36.608,bitget,1INCH/USDT:USDT,0.2851,2008.2,0.285,51235.1,0.2852,9731.3,0.2853,44587.3
1753591956758,04:52:36.758,bitget,1INCH/USDT:USDT,0.2851,2008.2,0.285,51235.1,0.2852,9731.3,0.2853,44587.3
1753591956908,04:52:36.908,bitget,1INCH/USDT:USDT,0.2851,2008.2,0.285,51235.1,0.2852,9731.3,0.2853,44587.3
1753591957058,04:52:37.058,bitget,1INCH/USDT:USDT,0.2851,2008.2,0.285,51235.1,0.2852,9731.3,0.2853,44587.3
1753591957208,04:52:37.208,bitget,1INCH/USDT:USDT,0.2851,2008.2,0.285,51235.1,0.2852,9731.3,0.2853,44587.3
1753591957358,04:52:37.358,bitget,1INCH/USDT:USDT,0.2851,2008.2,0.285,51235.1,0.2852,9731.3,0.2853,44587.3
1753591957508,04:52:37.508,bitget,1INCH/USDT:USDT,0.2851,2008.2,0.285,51235.1,0.2852,9731.3,0.2853,44587.3
1753591957658,04:52:37.658,bitget,1INCH/USDT:USDT,0.2851,2008.2,0.285,51235.1,0.2852,9731.3,0.2853,44587.3
1753591957808,04:52:37.808,bitget,1INCH/USDT:USDT,0.2851,2008.2,0.285,51235.1,0.2852,9731.3,0.2853,44587.3
1753591957958,04:52:37.958,bitget,1INCH/USDT:USDT,0.2851,2008.2,0.285,51235.1,0.2852,9731.3,0.2853,44587.3
1753591958109,04:52:38.109,bitget,1INCH/USDT:USDT,0.2851,2008.2,0.285,51235.1,0.2852,9731.3,0.2853,44587.3
1753591958259,04:52:38.259,bitget,1INCH/USDT:USDT,0.2851,2008.2,0.285,51235.1,0.2852,7494.3,0.2853,44587.3
1753591958409,04:52:38.409,bitget,1INCH/USDT:USDT,0.2851,2008.2,0.285,51235.1,0.2852,7494.3,0.2853,44587.3
1753591958559,04:52:38.559,bitget,1INCH/USDT:USDT,0.2851,2008.2,0.285,51235.1,0.2852,7494.3,0.2853,44587.3
1753591958709,04:52:38.709,bitget,1INCH/USDT:USDT,0.2851,2008.2,0.285,51235.1,0.2852,8621.5,0.2853,44587.3
1753591959009,04:52:39.009,bitget,1INCH/USDT:USDT,0.2851,2008.2,0.285,51235.1,0.2852,10875.9,0.2853,44587.3
1753591959309,04:52:39.309,bitget,1INCH/USDT:USDT,0.2851,2008.2,0.285,51235.1,0.2852,10875.9,0.2853,44587.3
1753591959459,04:52:39.459,bitget,1INCH/USDT:USDT,0.2851,2008.2,0.285,51235.1,0.2852,10875.9,0.2853,44587.3
1753591959609,04:52:39.609,bitget,1INCH/USDT:USDT,0.2851,2008.2,0.285,51235.1,0.2852,10875.9,0.2853,44587.3
1753591959759,04:52:39.759,bitget,1INCH/USDT:USDT,0.2851,2008.2,0.285,51235.1,0.2852,7175.4,0.2853,44587.3
1753591959910,04:52:39.910,bitget,1INCH/USDT:USDT,0.2851,2008.2,0.285,51235.1,0.2852,7175.4,0.2853,44587.3
1753591960060,04:52:40.060,bitget,1INCH/USDT:USDT,0.2851,2008.2,0.285,51235.1,0.2852,7175.4,0.2853,44587.3
1753591960210,04:52:40.210,bitget,1INCH/USDT:USDT,0.2851,2008.2,0.285,51235.1,0.2852,7175.4,0.2853,44587.3
1753591960360,04:52:40.360,bitget,1INCH/USDT:USDT,0.2851,2008.2,0.285,51235.1,0.2852,7526.0,0.2853,44587.3
1753591960510,04:52:40.510,bitget,1INCH/USDT:USDT,0.2851,2008.2,0.285,51235.1,0.2852,7175.4,0.2853,44587.3
1753591960660,04:52:40.660,bitget,1INCH/USDT:USDT,0.2851,9008.2,0.285,51235.1,0.2852,7678.9,0.2853,44587.3
1753591960810,04:52:40.810,bitget,1INCH/USDT:USDT,0.2851,9008.2,0.285,51235.1,0.2852,8029.5,0.2853,44587.3
1753591960960,04:52:40.960,bitget,1INCH/USDT:USDT,0.2851,9008.2,0.285,51235.1,0.2852,8029.5,0.2853,44587.3
1753591961110,04:52:41.110,bitget,1INCH/USDT:USDT,0.2851,9008.2,0.285,51235.1,0.2852,8029.5,0.2853,44587.3
1753591961260,04:52:41.260,bitget,1INCH/USDT:USDT,0.2851,2008.2,0.285,51235.1,0.2852,8029.5,0.2853,44587.3
1753591961410,04:52:41.410,bitget,1INCH/USDT:USDT,0.2851,2008.2,0.285,51235.1,0.2852,8029.5,0.2853,44587.3
1753591961560,04:52:41.560,bitget,1INCH/USDT:USDT,0.2851,2008.2,0.285,51235.1,0.2852,8029.5,0.2853,44587.3
1753591961711,04:52:41.711,bitget,1INCH/USDT:USDT,0.2851,2008.2,0.285,51235.1,0.2852,8029.5,0.2853,44587.3
1753591961861,04:52:41.861,bitget,1INCH/USDT:USDT,0.2851,2008.2,0.285,51235.1,0.2852,8029.5,0.2853,44587.3
1753591962011,04:52:42.011,bitget,1INCH/USDT:USDT,0.2851,2008.2,0.285,51235.1,0.2852,8029.5,0.2853,44587.3
1753591962161,04:52:42.161,bitget,1INCH/USDT:USDT,0.2851,2008.2,0.285,51235.1,0.2852,8029.5,0.2853,44587.3
1753591962311,04:52:42.311,bitget,1INCH/USDT:USDT,0.2851,2008.2,0.285,51235.1,0.2852,8029.5,0.2853,44587.3
1753591962461,04:52:42.461,bitget,1INCH/USDT:USDT,0.2851,2008.2,0.285,51235.1,0.2852,8029.5,0.2853,44587.3
1753591962611,04:52:42.611,bitget,1INCH/USDT:USDT,0.2851,2008.2,0.285,51235.1,0.2852,8029.5,0.2853,44587.3
1753591962761,04:52:42.761,bitget,1INCH/USDT:USDT,0.2851,2008.2,0.285,51235.1,0.2852,8029.5,0.2853,44587.3
1753591962911,04:52:42.911,bitget,1INCH/USDT:USDT,0.2851,2008.2,0.285,51235.1,0.2852,8029.5,0.2853,44587.3
1753591963061,04:52:43.061,bitget,1INCH/USDT:USDT,0.2851,2008.2,0.285,51235.1,0.2852,8029.5,0.2853,44587.3
1753591963211,04:52:43.211,bitget,1INCH/USDT:USDT,0.2851,2008.2,0.285,51235.1,0.2852,8029.5,0.2853,44587.3
1753591963361,04:52:43.361,bitget,1INCH/USDT:USDT,0.2851,2008.2,0.285,51235.1,0.2852,8029.5,0.2853,44587.3
1753591963662,04:52:43.662,bitget,1INCH/USDT:USDT,0.2851,2008.2,0.285,51235.1,0.2852,8029.5,0.2853,44587.3
1753591963812,04:52:43.812,bitget,1INCH/USDT:USDT,0.2851,2008.2,0.285,51235.1,0.2852,8029.5,0.2853,44587.3
1753591963962,04:52:43.962,bitget,1INCH/USDT:USDT,0.2851,2008.2,0.285,51235.1,0.2852,8029.5,0.2853,44587.3
1753591964112,04:52:44.112,bitget,1INCH/USDT:USDT,0.2851,2008.2,0.285,51235.1,0.2852,8029.5,0.2853,44587.3
1753591964262,04:52:44.262,bitget,1INCH/USDT:USDT,0.2851,2008.2,0.285,51235.1,0.2852,8029.5,0.2853,44587.3
1753591964412,04:52:44.412,bitget,1INCH/USDT:USDT,0.2851,2008.2,0.285,51235.1,0.2852,8029.5,0.2853,44587.3
1753591964562,04:52:44.562,bitget,1INCH/USDT:USDT,0.2851,2008.2,0.285,51235.1,0.2852,8029.5,0.2853,44587.3
1753591964712,04:52:44.712,bitget,1INCH/USDT:USDT,0.2851,2008.2,0.285,51235.1,0.2852,8029.5,0.2853,44587.3
1753591964862,04:52:44.862,bitget,1INCH/USDT:USDT,0.2851,2008.2,0.285,51235.1,0.2852,8029.5,0.2853,44587.3
1753591965012,04:52:45.012,bitget,1INCH/USDT:USDT,0.2851,2008.2,0.285,51235.1,0.2852,8029.5,0.2853,44587.3
1753591965162,04:52:45.162,bitget,1INCH/USDT:USDT,0.2851,2008.2,0.285,51235.1,0.2852,8029.5,0.2853,44587.3
1753591965313,04:52:45.313,bitget,1INCH/USDT:USDT,0.2851,2008.2,0.285,51235.1,0.2852,8029.5,0.2853,44587.3
1753591965463,04:52:45.463,bitget,1INCH/USDT:USDT,0.2851,2008.2,0.285,51235.1,0.2852,8029.5,0.2853,44587.3
1753591965613,04:52:45.613,bitget,1INCH/USDT:USDT,0.2851,2008.2,0.285,51235.1,0.2852,8029.5,0.2853,44587.3
1753591965763,04:52:45.763,bitget,1INCH/USDT:USDT,0.2851,2008.2,0.285,51235.1,0.2852,8029.5,0.2853,44587.3
1753591965913,04:52:45.913,bitget,1INCH/USDT:USDT,0.2851,2008.2,0.285,51235.1,0.2852,8029.5,0.2853,44587.3
1753591966063,04:52:46.063,bitget,1INCH/USDT:USDT,0.2851,2008.2,0.285,51235.1,0.2852,8029.5,0.2853,44587.3
1753591966213,04:52:46.213,bitget,1INCH/USDT:USDT,0.2851,2008.2,0.285,51235.1,0.2852,8029.5,0.2853,44587.3
1753591966363,04:52:46.363,bitget,1INCH/USDT:USDT,0.2851,2008.2,0.285,51235.1,0.2852,8029.5,0.2853,44587.3
1753591966513,04:52:46.513,bitget,1INCH/USDT:USDT,0.2851,2008.2,0.285,51235.1,0.2852,8029.5,0.2853,44587.3
1753591966663,04:52:46.663,bitget,1INCH/USDT:USDT,0.2851,2008.2,0.285,51235.1,0.2852,7503.6,0.2853,44587.3
1753591966813,04:52:46.813,bitget,1INCH/USDT:USDT,0.2851,2008.2,0.285,51235.1,0.2852,9140.4,0.2853,44587.3
1753591966964,04:52:46.964,bitget,1INCH/USDT:USDT,0.2851,2008.2,0.285,51235.1,0.2852,9140.4,0.2853,44587.3
1753591967114,04:52:47.114,bitget,1INCH/USDT:USDT,0.2851,2008.2,0.285,51235.1,0.2852,9140.4,0.2853,44587.3
1753591967264,04:52:47.264,bitget,1INCH/USDT:USDT,0.2851,2008.2,0.285,51235.1,0.2852,9140.4,0.2853,44587.3
1753591967414,04:52:47.414,bitget,1INCH/USDT:USDT,0.2851,2008.2,0.285,51235.1,0.2852,9140.4,0.2853,44587.3
1753591967564,04:52:47.564,bitget,1INCH/USDT:USDT,0.2851,2008.2,0.285,51235.1,0.2852,9140.4,0.2853,44587.3
1753591967714,04:52:47.714,bitget,1INCH/USDT:USDT,0.2851,2008.2,0.285,51235.1,0.2852,9140.4,0.2853,44587.3
1753591968014,04:52:48.014,bitget,1INCH/USDT:USDT,0.2851,2008.2,0.285,51235.1,0.2852,9140.4,0.2853,44587.3
1753591968164,04:52:48.164,bitget,1INCH/USDT:USDT,0.2851,2008.2,0.285,51235.1,0.2852,8594.8,0.2853,44587.3
1753591968464,04:52:48.464,bitget,1INCH/USDT:USDT,0.2851,2008.2,0.285,51235.1,0.2852,7503.6,0.2853,44587.3
1753591968614,04:52:48.614,bitget,1INCH/USDT:USDT,0.2851,9008.2,0.285,51235.1,0.2852,7503.6,0.2853,44587.3
1753591968764,04:52:48.764,bitget,1INCH/USDT:USDT,0.2851,9008.2,0.285,51235.1,0.2852,7503.6,0.2853,44587.3
1753591968915,04:52:48.915,bitget,1INCH/USDT:USDT,0.2851,9008.2,0.285,51235.1,0.2852,175.4,0.2853,44587.3
1753591969365,04:52:49.365,bitget,1INCH/USDT:USDT,0.2851,9008.2,0.285,51235.1,0.2852,2098.6,0.2853,44587.3
1753591969515,04:52:49.515,bitget,1INCH/USDT:USDT,0.2851,9008.2,0.285,51235.1,0.2852,2098.6,0.2853,44587.3
1753591969665,04:52:49.665,bitget,1INCH/USDT:USDT,0.2851,9008.2,0.285,51235.1,0.2852,2098.6,0.2853,44587.3
1753591969815,04:52:49.815,bitget,1INCH/USDT:USDT,0.2851,9008.2,0.285,51235.1,0.2852,2098.6,0.2853,44587.3
1753591969965,04:52:49.965,bitget,1INCH/USDT:USDT,0.2849,9510.2,0.2848,12878.3,0.285,56678.8,0.2851,14451.9
1753591970115,04:52:50.115,bitget,1INCH/USDT:USDT,0.2849,2605.7,0.2848,21091.1,0.285,5443.7,0.2851,38968.5
1753591970265,04:52:50.265,bitget,1INCH/USDT:USDT,0.2849,9863.9,0.2848,21091.1,0.285,5443.7,0.2851,38968.5
1753591970415,04:52:50.415,bitget,1INCH/USDT:USDT,0.2849,9863.9,0.2848,27564.2,0.285,5443.7,0.2851,38968.5
1753591970565,04:52:50.565,bitget,1INCH/USDT:USDT,0.2849,16863.9,0.2848,27564.2,0.285,5443.7,0.2851,38968.5
1753591970716,04:52:50.716,bitget,1INCH/USDT:USDT,0.2849,16863.9,0.2848,27564.2,0.285,5443.7,0.2851,38968.5
1753591970866,04:52:50.866,bitget,1INCH/USDT:USDT,0.2849,16863.9,0.2848,47965.1,0.285,5443.7,0.2851,38968.5
1753591971016,04:52:51.016,bitget,1INCH/USDT:USDT,0.2849,16863.9,0.2848,47965.1,0.285,5443.7,0.2851,38968.5
1753591971166,04:52:51.166,bitget,1INCH/USDT:USDT,0.2849,16863.9,0.2848,47965.1,0.285,5443.7,0.2851,38968.5
1753591971316,04:52:51.316,bitget,1INCH/USDT:USDT,0.2849,16863.9,0.2848,47965.1,0.285,5443.7,0.2851,38968.5
1753591971466,04:52:51.466,bitget,1INCH/USDT:USDT,0.2849,16863.9,0.2848,47965.1,0.285,5443.7,0.2851,38968.5
1753591971616,04:52:51.616,bitget,1INCH/USDT:USDT,0.2849,16863.9,0.2848,47965.1,0.285,5443.7,0.2851,38968.5
1753591971766,04:52:51.766,bitget,1INCH/USDT:USDT,0.2849,16863.9,0.2848,47965.1,0.285,5443.7,0.2851,38968.5
1753591971916,04:52:51.916,bitget,1INCH/USDT:USDT,0.2849,16863.9,0.2848,47965.1,0.285,5443.7,0.2851,38968.5
1753591972066,04:52:52.066,bitget,1INCH/USDT:USDT,0.2849,16863.9,0.2848,47965.1,0.285,5443.7,0.2851,38968.5
1753591972216,04:52:52.216,bitget,1INCH/USDT:USDT,0.2849,16863.9,0.2848,47965.1,0.285,5443.7,0.2851,38968.5
1753591972517,04:52:52.517,bitget,1INCH/USDT:USDT,0.2849,16863.9,0.2848,47965.1,0.285,5443.7,0.2851,38968.5
1753591972667,04:52:52.667,bitget,1INCH/USDT:USDT,0.2849,16863.9,0.2848,47965.1,0.285,5443.7,0.2851,38968.5
1753591972967,04:52:52.967,bitget,1INCH/USDT:USDT,0.2849,16863.9,0.2848,47965.1,0.285,5443.7,0.2851,38968.5
1753591973267,04:52:53.267,bitget,1INCH/USDT:USDT,0.2849,16863.9,0.2848,47965.1,0.285,5443.7,0.2851,38968.5
1753591973417,04:52:53.417,bitget,1INCH/USDT:USDT,0.2849,16863.9,0.2848,47965.1,0.285,5443.7,0.2851,38968.5
1753591973567,04:52:53.567,bitget,1INCH/USDT:USDT,0.2849,35100.1,0.2848,47965.1,0.285,5443.7,0.2851,38968.5
1753591973717,04:52:53.717,bitget,1INCH/USDT:USDT,0.2849,35100.1,0.2848,47965.1,0.285,5443.7,0.2851,20793.4
1753591973867,04:52:53.867,bitget,1INCH/USDT:USDT,0.2849,35100.1,0.2848,47965.1,0.285,5443.7,0.2851,20793.4
1753591974017,04:52:54.017,bitget,1INCH/USDT:USDT,0.2849,35100.1,0.2848,47965.1,0.285,5443.7,0.2851,20793.4
1753591974168,04:52:54.168,bitget,1INCH/USDT:USDT,0.2849,35100.1,0.2848,47965.1,0.285,5443.7,0.2851,20793.4
1753591974468,04:52:54.468,bitget,1INCH/USDT:USDT,0.2849,35100.1,0.2848,47965.1,0.285,5443.7,0.2851,20793.4
1753591974768,04:52:54.768,bitget,1INCH/USDT:USDT,0.2849,35100.1,0.2848,47965.1,0.285,5443.7,0.2851,20793.4
1753591974918,04:52:54.918,bitget,1INCH/USDT:USDT,0.2849,35100.1,0.2848,47965.1,0.285,5443.7,0.2851,20793.4
1753591975368,04:52:55.368,bitget,1INCH/USDT:USDT,0.2849,35100.1,0.2848,47965.1,0.285,5443.7,0.2851,20793.4
1753591975518,04:52:55.518,bitget,1INCH/USDT:USDT,0.2849,35100.1,0.2848,47965.1,0.285,5443.7,0.2851,20793.4
1753591975668,04:52:55.668,bitget,1INCH/USDT:USDT,0.2849,35100.1,0.2848,47965.1,0.285,5443.7,0.2851,20793.4
1753591975818,04:52:55.818,bitget,1INCH/USDT:USDT,0.2849,35100.1,0.2848,47965.1,0.285,5443.7,0.2851,20793.4
1753591975969,04:52:55.969,bitget,1INCH/USDT:USDT,0.2849,35100.1,0.2848,47965.1,0.285,5776.0,0.2851,20793.4
1753591976119,04:52:56.119,bitget,1INCH/USDT:USDT,0.2849,35100.1,0.2848,47965.1,0.285,5776.0,0.2851,20793.4
1753591976269,04:52:56.269,bitget,1INCH/USDT:USDT,0.2849,35100.1,0.2848,47965.1,0.285,5776.0,0.2851,20793.4
1753591976419,04:52:56.419,bitget,1INCH/USDT:USDT,0.2849,35100.1,0.2848,47965.1,0.285,5776.0,0.2851,20793.4
1753591976569,04:52:56.569,bitget,1INCH/USDT:USDT,0.2849,35100.1,0.2848,47965.1,0.285,5776.0,0.2851,20793.4
1753591976719,04:52:56.719,bitget,1INCH/USDT:USDT,0.2849,35100.1,0.2848,47965.1,0.285,5776.0,0.2851,20793.4
1753591976869,04:52:56.869,bitget,1INCH/USDT:USDT,0.2849,35100.1,0.2848,47965.1,0.285,5776.0,0.2851,20793.4
1753591977019,04:52:57.019,bitget,1INCH/USDT:USDT,0.2849,35100.1,0.2848,47965.1,0.285,5776.0,0.2851,20793.4
1753591977319,04:52:57.319,bitget,1INCH/USDT:USDT,0.2849,35100.1,0.2848,47965.1,0.285,5776.0,0.2851,20793.4
1753591977469,04:52:57.469,bitget,1INCH/USDT:USDT,0.2849,35100.1,0.2848,47965.1,0.285,5776.0,0.2851,20793.4
1753591977619,04:52:57.619,bitget,1INCH/USDT:USDT,0.2849,35100.1,0.2848,47965.1,0.285,5776.0,0.2851,20793.4
1753591977920,04:52:57.920,bitget,1INCH/USDT:USDT,0.2849,35100.1,0.2848,47965.1,0.285,5776.0,0.2851,20793.4
1753591978070,04:52:58.070,bitget,1INCH/USDT:USDT,0.2849,35100.1,0.2848,47965.1,0.285,5776.0,0.2851,20793.4
1753591978220,04:52:58.220,bitget,1INCH/USDT:USDT,0.2849,35100.1,0.2848,47965.1,0.285,5776.0,0.2851,20793.4
1753591978370,04:52:58.370,bitget,1INCH/USDT:USDT,0.2849,35100.1,0.2848,47965.1,0.285,5776.0,0.2851,20793.4
1753591978520,04:52:58.520,bitget,1INCH/USDT:USDT,0.2849,35100.1,0.2848,47965.1,0.285,5443.7,0.2851,20793.4
1753591978670,04:52:58.670,bitget,1INCH/USDT:USDT,0.2849,35100.1,0.2848,47965.1,0.285,5443.7,0.2851,20793.4
1753591978820,04:52:58.820,bitget,1INCH/USDT:USDT,0.2849,35100.1,0.2848,47965.1,0.285,5443.7,0.2851,20793.4
1753591978970,04:52:58.970,bitget,1INCH/USDT:USDT,0.2849,35474.6,0.2848,45587.6,0.2851,15476.2,0.2852,37280.6
1753591979120,04:52:59.120,bitget,1INCH/USDT:USDT,0.285,1677.2,0.2849,44131.2,0.2851,5775.3,0.2852,46989.7
1753591979270,04:52:59.270,bitget,1INCH/USDT:USDT,0.285,2009.5,0.2849,50131.7,0.2851,5775.3,0.2852,46989.7
1753591979420,04:52:59.420,bitget,1INCH/USDT:USDT,0.2849,44814.5,0.2848,28223.2,0.2851,20408.0,0.2852,46989.7
1753591979571,04:52:59.571,bitget,1INCH/USDT:USDT,0.2849,16863.9,0.2848,37937.6,0.2851,17877.3,0.2852,46989.7
1753591979721,04:52:59.721,bitget,1INCH/USDT:USDT,0.2849,16863.9,0.2848,38179.4,0.2851,17877.3,0.2852,46989.7
1753591979871,04:52:59.871,bitget,1INCH/USDT:USDT,0.2849,17238.4,0.2848,39710.9,0.2851,12775.3,0.2852,46989.7
1753591980021,04:53:00.021,bitget,1INCH/USDT:USDT,0.285,1677.2,0.2849,21548.0,0.2851,15969.1,0.2852,46989.7
1753591980171,04:53:00.171,bitget,1INCH/USDT:USDT,0.285,9777.1,0.2849,33714.4,0.2851,15969.1,0.2852,46989.7
1753591980471,04:53:00.471,bitget,1INCH/USDT:USDT,0.285,9009.5,0.2849,30887.3,0.2851,12775.3,0.2852,46814.3
1753591980621,04:53:00.621,bitget,1INCH/USDT:USDT,0.285,9009.5,0.2849,30887.3,0.2851,12775.3,0.2852,46814.3
1753591980771,04:53:00.771,bitget,1INCH/USDT:USDT,0.285,9009.5,0.2849,36195.1,0.2851,12775.3,0.2852,46814.3
1753591980921,04:53:00.921,bitget,1INCH/USDT:USDT,0.285,9009.5,0.2849,36195.1,0.2851,12775.3,0.2852,46989.7
1753591981071,04:53:01.071,bitget,1INCH/USDT:USDT,0.285,9009.5,0.2849,54479.4,0.2851,12775.3,0.2852,46989.7
1753591981222,04:53:01.222,bitget,1INCH/USDT:USDT,0.285,9009.5,0.2849,54479.4,0.2851,12775.3,0.2852,46989.7
1753591981522,04:53:01.522,bitget,1INCH/USDT:USDT,0.285,9009.5,0.2849,54479.4,0.2851,12775.3,0.2852,46989.7
1753591981672,04:53:01.672,bitget,1INCH/USDT:USDT,0.285,9009.5,0.2849,54479.4,0.2851,12775.3,0.2852,46989.7
1753591981822,04:53:01.822,bitget,1INCH/USDT:USDT,0.285,332.3,0.2849,54479.4,0.2851,12775.3,0.2852,46989.7
1753591981972,04:53:01.972,bitget,1INCH/USDT:USDT,0.285,332.3,0.2849,72713.9,0.2851,16343.6,0.2852,46989.7
1753591982122,04:53:02.122,bitget,1INCH/USDT:USDT,0.285,332.3,0.2849,54479.4,0.2851,16343.6,0.2852,46989.7
1753591982272,04:53:02.272,bitget,1INCH/USDT:USDT,0.285,332.3,0.2849,30887.3,0.2851,16343.6,0.2852,46989.7
1753591982422,04:53:02.422,bitget,1INCH/USDT:USDT,0.285,332.3,0.2849,36198.2,0.2851,16343.6,0.2852,46989.7
1753591982572,04:53:02.572,bitget,1INCH/USDT:USDT,0.285,332.3,0.2849,36198.2,0.2851,15969.1,0.2852,46989.7
1753591982722,04:53:02.722,bitget,1INCH/USDT:USDT,0.285,332.3,0.2849,36198.2,0.2851,15969.1,0.2852,46989.7
1753591982872,04:53:02.872,bitget,1INCH/USDT:USDT,0.285,332.3,0.2849,36198.2,0.2851,15969.1,0.2852,46989.7
1753591983022,04:53:03.022,bitget,1INCH/USDT:USDT,0.285,332.3,0.2849,36198.2,0.2851,15969.1,0.2852,46989.7
1753591983172,04:53:03.172,bitget,1INCH/USDT:USDT,0.285,332.3,0.2849,36198.2,0.2851,15969.1,0.2852,46989.7
1753591983323,04:53:03.323,bitget,1INCH/USDT:USDT,0.285,332.3,0.2849,36198.2,0.2851,15969.1,0.2852,46989.7
1753591983473,04:53:03.473,bitget,1INCH/USDT:USDT,0.285,332.3,0.2849,36198.2,0.2851,15969.1,0.2852,46989.7
1753591983623,04:53:03.623,bitget,1INCH/USDT:USDT,0.2849,36198.2,0.2848,30006.7,0.2851,16343.6,0.2852,46989.7
1753591983773,04:53:03.773,bitget,1INCH/USDT:USDT,0.2849,26484.4,0.2848,39718.0,0.285,1591.6,0.2851,16343.6
1753591983923,04:53:03.923,bitget,1INCH/USDT:USDT,0.2849,21173.5,0.2848,102875.6,0.285,1923.9,0.2851,25676.1
1753591984223,04:53:04.223,bitget,1INCH/USDT:USDT,0.2849,21173.5,0.2848,39718.0,0.285,1923.9,0.2851,32934.3
1753591984373,04:53:04.373,bitget,1INCH/USDT:USDT,0.2849,21173.5,0.2848,58473.9,0.285,1923.9,0.2851,32934.3
1753591984523,04:53:04.523,bitget,1INCH/USDT:USDT,0.2849,9863.9,0.2848,58473.9,0.285,1923.9,0.2851,32934.3
1753591984673,04:53:04.673,bitget,1INCH/USDT:USDT,0.2849,9863.9,0.2848,58473.9,0.285,1923.9,0.2851,32934.3
1753591984823,04:53:04.823,bitget,1INCH/USDT:USDT,0.2849,9863.9,0.2848,58473.9,0.285,7367.6,0.2851,32934.3
1753591985124,04:53:05.124,bitget,1INCH/USDT:USDT,0.2849,9863.9,0.2848,58473.9,0.285,7367.6,0.2851,32934.3
1753591985274,04:53:05.274,bitget,1INCH/USDT:USDT,0.2849,9863.9,0.2848,58473.9,0.285,7367.6,0.2851,32934.3
1753591985424,04:53:05.424,bitget,1INCH/USDT:USDT,0.2849,16863.9,0.2848,58473.9,0.285,7367.6,0.2851,25676.1
1753591985574,04:53:05.574,bitget,1INCH/USDT:USDT,0.2849,16863.9,0.2848,58473.9,0.285,7367.6,0.2851,25676.1
1753591985724,04:53:05.724,bitget,1INCH/USDT:USDT,0.2849,16863.9,0.2848,58473.9,0.285,7367.6,0.2851,25676.1
1753591985874,04:53:05.874,bitget,1INCH/USDT:USDT,0.2849,16863.9,0.2848,58473.9,0.285,7367.6,0.2851,25676.1
1753591986024,04:53:06.024,bitget,1INCH/USDT:USDT,0.2849,16863.9,0.2848,58473.9,0.285,7367.6,0.2851,25676.1
1753591986174,04:53:06.174,bitget,1INCH/USDT:USDT,0.2849,21079.8,0.2848,58473.9,0.285,5776.0,0.2851,25676.1
1753591986474,04:53:06.474,bitget,1INCH/USDT:USDT,0.2849,21079.8,0.2848,58473.9,0.285,12776.0,0.2851,32934.3
1753591986624,04:53:06.624,bitget,1INCH/USDT:USDT,0.2849,14079.8,0.2848,58473.9,0.285,12776.0,0.2851,32934.3
1753591986774,04:53:06.774,bitget,1INCH/USDT:USDT,0.2849,14079.8,0.2848,58473.9,0.285,12776.0,0.2851,32934.3
1753591986925,04:53:06.925,bitget,1INCH/USDT:USDT,0.2849,14079.8,0.2848,58473.9,0.285,12776.0,0.2851,32934.3
1753591987075,04:53:07.075,bitget,1INCH/USDT:USDT,0.2849,9863.9,0.2848,58473.9,0.285,12776.0,0.2851,32934.3
1753591987225,04:53:07.225,bitget,1INCH/USDT:USDT,0.2849,9863.9,0.2848,58473.9,0.285,12776.0,0.2851,32934.3
1753591987375,04:53:07.375,bitget,1INCH/USDT:USDT,0.2849,9863.9,0.2848,58473.9,0.285,12776.0,0.2851,32934.3
1753591987525,04:53:07.525,bitget,1INCH/USDT:USDT,0.2849,9863.9,0.2848,58473.9,0.285,12776.0,0.2851,32934.3
1753591987675,04:53:07.675,bitget,1INCH/USDT:USDT,0.2849,9863.9,0.2848,58473.9,0.285,12776.0,0.2851,32934.3
1753591987825,04:53:07.825,bitget,1INCH/USDT:USDT,0.2849,9863.9,0.2848,58473.9,0.285,12776.0,0.2851,32934.3
1753591987975,04:53:07.975,bitget,1INCH/USDT:USDT,0.2849,9863.9,0.2848,58473.9,0.285,12776.0,0.2851,32934.3
1753591988125,04:53:08.125,bitget,1INCH/USDT:USDT,0.2849,9863.9,0.2848,58473.9,0.285,12776.0,0.2851,32934.3
1753591988425,04:53:08.425,bitget,1INCH/USDT:USDT,0.2849,9863.9,0.2848,58473.9,0.285,12776.0,0.2851,32934.3
1753591988876,04:53:08.876,bitget,1INCH/USDT:USDT,0.2849,9863.9,0.2848,58473.9,0.285,12776.0,0.2851,32934.3
1753591989176,04:53:09.176,bitget,1INCH/USDT:USDT,0.2849,9863.9,0.2848,58473.9,0.285,12776.0,0.2851,32934.3
1753591989326,04:53:09.326,bitget,1INCH/USDT:USDT,0.2849,9863.9,0.2848,58473.9,0.285,12776.0,0.2851,32934.3
1753591989476,04:53:09.476,bitget,1INCH/USDT:USDT,0.2849,9863.9,0.2848,58473.9,0.285,12776.0,0.2851,32934.3
1753591989626,04:53:09.626,bitget,1INCH/USDT:USDT,0.2849,9863.9,0.2848,58473.9,0.285,12776.0,0.2851,32934.3
1753591989776,04:53:09.776,bitget,1INCH/USDT:USDT,0.2849,9863.9,0.2848,58473.9,0.285,12776.0,0.2851,32934.3
1753591989926,04:53:09.926,bitget,1INCH/USDT:USDT,0.2849,9863.9,0.2848,58473.9,0.285,12776.0,0.2851,32934.3
1753591990076,04:53:10.076,bitget,1INCH/USDT:USDT,0.2849,9863.9,0.2848,58473.9,0.285,12776.0,0.2851,32934.3
1753591990226,04:53:10.226,bitget,1INCH/USDT:USDT,0.2849,9863.9,0.2848,58473.9,0.285,12776.0,0.2851,32934.3
1753591990376,04:53:10.376,bitget,1INCH/USDT:USDT,0.2849,9863.9,0.2848,58473.9,0.285,12776.0,0.2851,32934.3
1753591990526,04:53:10.526,bitget,1INCH/USDT:USDT,0.2849,9863.9,0.2848,58473.9,0.285,12776.0,0.2851,32934.3
1753591990677,04:53:10.677,bitget,1INCH/USDT:USDT,0.2849,9863.9,0.2848,58473.9,0.285,12776.0,0.2851,32934.3
1753591990827,04:53:10.827,bitget,1INCH/USDT:USDT,0.2849,9863.9,0.2848,58473.9,0.285,12776.0,0.2851,32934.3
1753591990977,04:53:10.977,bitget,1INCH/USDT:USDT,0.2849,9863.9,0.2848,58473.9,0.285,12776.0,0.2851,32934.3
1753591991127,04:53:11.127,bitget,1INCH/USDT:USDT,0.2849,9863.9,0.2848,58473.9,0.285,12776.0,0.2851,32934.3
1753591991277,04:53:11.277,bitget,1INCH/USDT:USDT,0.2849,9863.9,0.2848,58473.9,0.285,12776.0,0.2851,32934.3
1753591991427,04:53:11.427,bitget,1INCH/USDT:USDT,0.2849,9863.9,0.2848,58473.9,0.285,12776.0,0.2851,32934.3
1753591991577,04:53:11.577,bitget,1INCH/USDT:USDT,0.2849,9863.9,0.2848,58473.9,0.285,12776.0,0.2851,32934.3
1753591991727,04:53:11.727,bitget,1INCH/USDT:USDT,0.2849,9863.9,0.2848,58473.9,0.285,12776.0,0.2851,32934.3
1753591991877,04:53:11.877,bitget,1INCH/USDT:USDT,0.2849,9863.9,0.2848,58473.9,0.285,12776.0,0.2851,32934.3
1753591992027,04:53:12.027,bitget,1INCH/USDT:USDT,0.2849,9863.9,0.2848,58473.9,0.285,12776.0,0.2851,32934.3
1753591992177,04:53:12.177,bitget,1INCH/USDT:USDT,0.2849,9863.9,0.2848,58473.9,0.285,12776.0,0.2851,32934.3
1753591992478,04:53:12.478,bitget,1INCH/USDT:USDT,0.2848,40238.4,0.2847,74877.7,0.2849,2387.4,0.285,16520.0
1753591992628,04:53:12.628,bitget,1INCH/USDT:USDT,0.2848,29984.5,0.2847,21438.0,0.2849,9713.7,0.285,25858.6
1753591992778,04:53:12.778,bitget,1INCH/USDT:USDT,0.2848,28048.2,0.2847,21438.0,0.2849,9713.7,0.285,25858.6
1753591992928,04:53:12.928,bitget,1INCH/USDT:USDT,0.2848,28750.6,0.2847,40930.4,0.2849,9713.7,0.285,25858.6
1753591993078,04:53:13.078,bitget,1INCH/USDT:USDT,0.2848,28750.6,0.2847,40930.4,0.2849,9713.7,0.285,25858.6
1753591993378,04:53:13.378,bitget,1INCH/USDT:USDT,0.2848,28048.2,0.2847,40930.4,0.2849,9713.7,0.285,25858.6
1753591993528,04:53:13.528,bitget,1INCH/USDT:USDT,0.2848,27640.5,0.2847,40930.4,0.2849,9713.7,0.285,25858.6
1753591993678,04:53:13.678,bitget,1INCH/USDT:USDT,0.2848,27640.5,0.2847,40930.4,0.2849,9713.7,0.285,25858.6
1753591993828,04:53:13.828,bitget,1INCH/USDT:USDT,0.2848,27640.5,0.2847,40930.4,0.2849,9713.7,0.285,25858.6
1753591993978,04:53:13.978,bitget,1INCH/USDT:USDT,0.2848,27640.5,0.2847,40930.4,0.2849,9713.7,0.285,25858.6
1753591994128,04:53:14.128,bitget,1INCH/USDT:USDT,0.2848,27640.5,0.2847,40930.4,0.2849,9713.7,0.285,25858.6
1753591994279,04:53:14.279,bitget,1INCH/USDT:USDT,0.2848,27640.5,0.2847,40930.4,0.2849,9713.7,0.285,25858.6
1753591994429,04:53:14.429,bitget,1INCH/USDT:USDT,0.2848,27640.5,0.2847,40930.4,0.2849,9713.7,0.285,25858.6
1753591994579,04:53:14.579,bitget,1INCH/USDT:USDT,0.2848,27640.5,0.2847,40930.4,0.2849,9713.7,0.285,25858.6
1753591994729,04:53:14.729,bitget,1INCH/USDT:USDT,0.2848,27640.5,0.2847,40930.4,0.2849,9713.7,0.285,25858.6
1753591994879,04:53:14.879,bitget,1INCH/USDT:USDT,0.2848,27640.5,0.2847,40930.4,0.2849,9713.7,0.285,25858.6
1753591995029,04:53:15.029,bitget,1INCH/USDT:USDT,0.2848,27640.5,0.2847,40930.4,0.2849,9713.7,0.285,25858.6
1753591995179,04:53:15.179,bitget,1INCH/USDT:USDT,0.2848,27640.5,0.2847,40930.4,0.2849,9713.7,0.285,25858.6
1753591995329,04:53:15.329,bitget,1INCH/USDT:USDT,0.2848,27640.5,0.2847,40930.4,0.2849,9713.7,0.285,25858.6
1753591995479,04:53:15.479,bitget,1INCH/USDT:USDT,0.2848,27640.5,0.2847,40930.4,0.2849,9713.7,0.285,25858.6
1753591995629,04:53:15.629,bitget,1INCH/USDT:USDT,0.2848,27640.5,0.2847,40930.4,0.2849,9713.7,0.285,25858.6
1753591995779,04:53:15.779,bitget,1INCH/USDT:USDT,0.2848,27640.5,0.2847,40930.4,0.2849,9713.7,0.285,25858.6
1753591995929,04:53:15.929,bitget,1INCH/USDT:USDT,0.2848,27640.5,0.2847,40930.4,0.2849,9713.7,0.285,25858.6
1753591996080,04:53:16.080,bitget,1INCH/USDT:USDT,0.2848,27640.5,0.2847,40930.4,0.2849,9713.7,0.285,25858.6
1753591996230,04:53:16.230,bitget,1INCH/USDT:USDT,0.2848,27640.5,0.2847,40930.4,0.2849,9713.7,0.285,25858.6
1753591996530,04:53:16.530,bitget,1INCH/USDT:USDT,0.2848,27640.5,0.2847,40930.4,0.2849,2718.3,0.285,25858.6
1753591996680,04:53:16.680,bitget,1INCH/USDT:USDT,0.2848,27640.5,0.2847,40930.4,0.2849,2718.3,0.285,25858.6
1753591996830,04:53:16.830,bitget,1INCH/USDT:USDT,0.2848,27640.5,0.2847,40930.4,0.2849,2718.3,0.285,25858.6
1753591996980,04:53:16.980,bitget,1INCH/USDT:USDT,0.2848,27640.5,0.2847,40930.4,0.2849,2718.3,0.285,25858.6
1753591997130,04:53:17.130,bitget,1INCH/USDT:USDT,0.2848,27640.5,0.2847,40930.4,0.2849,2718.3,0.285,25858.6
1753591997280,04:53:17.280,bitget,1INCH/USDT:USDT,0.2848,27640.5,0.2847,40930.4,0.2849,2718.3,0.285,25858.6
1753591997430,04:53:17.430,bitget,1INCH/USDT:USDT,0.2848,27640.5,0.2847,40930.4,0.2849,2718.3,0.285,25858.6
1753591997580,04:53:17.580,bitget,1INCH/USDT:USDT,0.2848,27640.5,0.2847,40930.4,0.2849,2718.3,0.285,25858.6
1753591997730,04:53:17.730,bitget,1INCH/USDT:USDT,0.2848,27640.5,0.2847,40930.4,0.2849,2718.3,0.285,25858.6
1753591997881,04:53:17.881,bitget,1INCH/USDT:USDT,0.2848,27640.5,0.2847,40930.4,0.2849,2718.3,0.285,25858.6
1753591998031,04:53:18.031,bitget,1INCH/USDT:USDT,0.2848,27640.5,0.2847,40930.4,0.2849,2718.3,0.285,25858.6
1753591998181,04:53:18.181,bitget,1INCH/USDT:USDT,0.2848,27640.5,0.2847,40930.4,0.2849,9718.3,0.285,25858.6
1753591998331,04:53:18.331,bitget,1INCH/USDT:USDT,0.2848,27640.5,0.2847,40930.4,0.2849,9718.3,0.285,25858.6
1753591998481,04:53:18.481,bitget,1INCH/USDT:USDT,0.2848,27640.5,0.2847,40930.4,0.2849,9718.3,0.285,25858.6
1753591998631,04:53:18.631,bitget,1INCH/USDT:USDT,0.2848,27640.5,0.2847,40930.4,0.2849,9718.3,0.285,25858.6
1753591998781,04:53:18.781,bitget,1INCH/USDT:USDT,0.2848,27640.5,0.2847,40930.4,0.2849,9718.3,0.285,25858.6
1753591998931,04:53:18.931,bitget,1INCH/USDT:USDT,0.2848,27640.5,0.2847,40930.4,0.285,25858.6,0.2851,32761.9
1753591999081,04:53:19.081,bitget,1INCH/USDT:USDT,0.2849,1677.2,0.2848,31368.3,0.285,16520.0,0.2851,42478.4
1753591999231,04:53:19.231,bitget,1INCH/USDT:USDT,0.2849,1677.2,0.2848,41089.6,0.285,16145.5,0.2851,42478.4
1753591999381,04:53:19.381,bitget,1INCH/USDT:USDT,0.2848,38174.3,0.2847,31212.5,0.285,16145.5,0.2851,42478.4
1753591999832,04:53:19.832,bitget,1INCH/USDT:USDT,0.2848,27640.5,0.2847,40933.8,0.2849,1922.5,0.285,25862.0
1753591999982,04:53:19.982,bitget,1INCH/USDT:USDT,0.2848,27640.5,0.2847,40933.8,0.2849,1922.5,0.285,25862.0
1753592000132,04:53:20.132,bitget,1INCH/USDT:USDT,0.2848,27640.5,0.2847,40933.8,0.2849,1922.5,0.285,25862.0
1753592000282,04:53:20.282,bitget,1INCH/USDT:USDT,0.2848,27640.5,0.2847,40933.8,0.2849,1922.5,0.285,25862.0
1753592000432,04:53:20.432,bitget,1INCH/USDT:USDT,0.2848,27640.5,0.2847,40933.8,0.2849,1922.5,0.285,25862.0
1753592000582,04:53:20.582,bitget,1INCH/USDT:USDT,0.2848,27640.5,0.2847,40933.8,0.2849,1922.5,0.285,25862.0
1753592000732,04:53:20.732,bitget,1INCH/USDT:USDT,0.2848,27640.5,0.2847,40933.8,0.2849,330.9,0.285,25862.0
1753592000882,04:53:20.882,bitget,1INCH/USDT:USDT,0.2848,27640.5,0.2847,40933.8,0.2849,330.9,0.285,25862.0
1753592001032,04:53:21.032,bitget,1INCH/USDT:USDT,0.2848,27640.5,0.2847,40933.8,0.2849,330.9,0.285,25862.0
1753592001182,04:53:21.182,bitget,1INCH/USDT:USDT,0.2848,27640.5,0.2847,40933.8,0.2849,330.9,0.285,25862.0
1753592001332,04:53:21.332,bitget,1INCH/USDT:USDT,0.2848,27640.5,0.2847,40933.8,0.285,25862.0,0.2851,32761.9
1753592001482,04:53:21.482,bitget,1INCH/USDT:USDT,0.2848,31369.4,0.2847,40933.8,0.285,16520.0,0.2851,42478.7
1753592001633,04:53:21.633,bitget,1INCH/USDT:USDT,0.2848,31743.9,0.2847,40933.8,0.285,15970.0,0.2851,42478.7
1753592001783,04:53:21.783,bitget,1INCH/USDT:USDT,0.2848,31743.9,0.2847,40933.8,0.285,15970.0,0.2851,42478.7
1753592002083,04:53:22.083,bitget,1INCH/USDT:USDT,0.2848,31743.9,0.2847,40933.8,0.285,16145.5,0.2851,42478.7
1753592002233,04:53:22.233,bitget,1INCH/USDT:USDT,0.2848,38369.4,0.2847,40933.8,0.285,16520.0,0.2851,34375.9
1753592002383,04:53:22.383,bitget,1INCH/USDT:USDT,0.2848,38369.4,0.2847,40933.8,0.285,16520.0,0.2851,34375.9
1753592002533,04:53:22.533,bitget,1INCH/USDT:USDT,0.2848,38369.4,0.2847,40933.8,0.285,16520.0,0.2851,52582.0
1753592002833,04:53:22.833,bitget,1INCH/USDT:USDT,0.2848,38369.4,0.2847,40933.8,0.285,16520.0,0.2851,52582.0
1753592002983,04:53:22.983,bitget,1INCH/USDT:USDT,0.2848,38369.4,0.2847,40933.8,0.285,16520.0,0.2851,52582.0
1753592003133,04:53:23.133,bitget,1INCH/USDT:USDT,0.2848,38369.4,0.2847,40933.8,0.285,16520.0,0.2851,52582.0
1753592003283,04:53:23.283,bitget,1INCH/USDT:USDT,0.2848,38369.4,0.2847,40933.8,0.285,16520.0,0.2851,52582.0
1753592003433,04:53:23.433,bitget,1INCH/USDT:USDT,0.2849,9008.1,0.2848,38369.4,0.285,12776.0,0.2851,52757.5
1753592003584,04:53:23.584,bitget,1INCH/USDT:USDT,0.2849,9008.1,0.2848,48091.1,0.285,5776.0,0.2851,52582.0
1753592003884,04:53:23.884,bitget,1INCH/USDT:USDT,0.2849,9008.1,0.2848,45174.7,0.285,5776.0,0.2851,52582.0
1753592004034,04:53:24.034,bitget,1INCH/USDT:USDT,0.2849,9008.1,0.2848,45174.7,0.285,5776.0,0.2851,52582.0
1753592004184,04:53:24.184,bitget,1INCH/USDT:USDT,0.2849,9008.1,0.2848,45174.7,0.285,5776.0,0.2851,52582.0
1753592004334,04:53:24.334,bitget,1INCH/USDT:USDT,0.2849,9008.1,0.2848,45174.7,0.285,5776.0,0.2851,52582.0
1753592004484,04:53:24.484,bitget,1INCH/USDT:USDT,0.2849,9008.1,0.2848,45174.7,0.285,5776.0,0.2851,52582.0
1753592004634,04:53:24.634,bitget,1INCH/USDT:USDT,0.2849,9008.1,0.2848,45174.7,0.285,5776.0,0.2851,52582.0
1753592004784,04:53:24.784,bitget,1INCH/USDT:USDT,0.2849,9008.1,0.2848,45174.7,0.285,5776.0,0.2851,52582.0
1753592004934,04:53:24.934,bitget,1INCH/USDT:USDT,0.2849,9008.1,0.2848,45174.7,0.285,5776.0,0.2851,52757.5
1753592005084,04:53:25.084,bitget,1INCH/USDT:USDT,0.2849,9008.1,0.2848,45174.7,0.285,5776.0,0.2851,52757.5
1753592005234,04:53:25.234,bitget,1INCH/USDT:USDT,0.2849,9008.1,0.2848,45174.7,0.285,5776.0,0.2851,52757.5
1753592005385,04:53:25.385,bitget,1INCH/USDT:USDT,0.2849,9008.1,0.2848,45174.7,0.285,5776.0,0.2851,52757.5
1753592005535,04:53:25.535,bitget,1INCH/USDT:USDT,0.2849,9008.1,0.2848,45174.7,0.285,5776.0,0.2851,52757.5
1753592005685,04:53:25.685,bitget,1INCH/USDT:USDT,0.2849,9008.1,0.2848,45174.7,0.285,5776.0,0.2851,52757.5
1753592005835,04:53:25.835,bitget,1INCH/USDT:USDT,0.2849,9008.1,0.2848,45174.7,0.285,5776.0,0.2851,52757.5
1753592005985,04:53:25.985,bitget,1INCH/USDT:USDT,0.2849,9008.1,0.2848,45174.7,0.285,5776.0,0.2851,52757.5
1753592006135,04:53:26.135,bitget,1INCH/USDT:USDT,0.2849,9008.1,0.2848,45174.7,0.285,5776.0,0.2851,52757.5
1753592006285,04:53:26.285,bitget,1INCH/USDT:USDT,0.2849,9008.1,0.2848,45174.7,0.285,5776.0,0.2851,52757.5
1753592006585,04:53:26.585,bitget,1INCH/USDT:USDT,0.2849,9008.1,0.2848,45174.7,0.285,5776.0,0.2851,52757.5
1753592006885,04:53:26.885,bitget,1INCH/USDT:USDT,0.2849,9008.1,0.2848,45174.7,0.285,5776.0,0.2851,52757.5
1753592007336,04:53:27.336,bitget,1INCH/USDT:USDT,0.2849,9008.1,0.2848,45174.7,0.285,5776.0,0.2851,52757.5
1753592007486,04:53:27.486,bitget,1INCH/USDT:USDT,0.2849,9008.1,0.2848,45174.7,0.285,5776.0,0.2851,52757.5
1753592007636,04:53:27.636,bitget,1INCH/USDT:USDT,0.2849,9008.1,0.2848,45174.7,0.285,5776.0,0.2851,52757.5
1753592007786,04:53:27.786,bitget,1INCH/USDT:USDT,0.2849,9008.1,0.2848,45174.7,0.285,5776.0,0.2851,52757.5
1753592007936,04:53:27.936,bitget,1INCH/USDT:USDT,0.2849,9008.1,0.2848,45174.7,0.285,5776.0,0.2851,52757.5
1753592008086,04:53:28.086,bitget,1INCH/USDT:USDT,0.2849,9008.1,0.2848,45174.7,0.285,5776.0,0.2851,52757.5
1753592008236,04:53:28.236,bitget,1INCH/USDT:USDT,0.2849,9008.1,0.2848,45174.7,0.285,5776.0,0.2851,52757.5
1753592008386,04:53:28.386,bitget,1INCH/USDT:USDT,0.2849,9008.1,0.2848,45174.7,0.285,5776.0,0.2851,52757.5
1753592008536,04:53:28.536,bitget,1INCH/USDT:USDT,0.2849,9008.1,0.2848,45174.7,0.285,5776.0,0.2851,52757.5
1753592008836,04:53:28.836,bitget,1INCH/USDT:USDT,0.2849,9008.1,0.2848,45174.7,0.285,5776.0,0.2851,52757.5
1753592008987,04:53:28.987,bitget,1INCH/USDT:USDT,0.2849,9008.1,0.2848,45174.7,0.285,5776.0,0.2851,52757.5
1753592009137,04:53:29.137,bitget,1INCH/USDT:USDT,0.2849,9008.1,0.2848,45174.7,0.285,12776.0,0.2851,52757.5
1753592009287,04:53:29.287,bitget,1INCH/USDT:USDT,0.2849,9008.1,0.2848,45174.7,0.285,12776.0,0.2851,52757.5
1753592009437,04:53:29.437,bitget,1INCH/USDT:USDT,0.2849,9008.1,0.2848,45174.7,0.285,12776.0,0.2851,52757.5
1753592009587,04:53:29.587,bitget,1INCH/USDT:USDT,0.2849,9008.1,0.2848,45174.7,0.285,12776.0,0.2851,52757.5
1753592009737,04:53:29.737,bitget,1INCH/USDT:USDT,0.2849,9008.1,0.2848,45174.7,0.285,12776.0,0.2851,52757.5
1753592009887,04:53:29.887,bitget,1INCH/USDT:USDT,0.2849,9008.1,0.2848,45174.7,0.285,12776.0,0.2851,52757.5
1753592010187,04:53:30.187,bitget,1INCH/USDT:USDT,0.2849,9008.1,0.2848,45174.7,0.285,12776.0,0.2851,52757.5
1753592010337,04:53:30.337,bitget,1INCH/USDT:USDT,0.2849,9008.1,0.2848,45174.7,0.285,12776.0,0.2851,52757.5
1753592010487,04:53:30.487,bitget,1INCH/USDT:USDT,0.2849,9008.1,0.2848,45174.7,0.285,12776.0,0.2851,52757.5
1753592010637,04:53:30.637,bitget,1INCH/USDT:USDT,0.2849,9008.1,0.2848,45174.7,0.285,12776.0,0.2851,52757.5
1753592010788,04:53:30.788,bitget,1INCH/USDT:USDT,0.2849,9008.1,0.2848,45174.7,0.285,12776.0,0.2851,52757.5
1753592010938,04:53:30.938,bitget,1INCH/USDT:USDT,0.2849,9008.1,0.2848,45174.7,0.285,12776.0,0.2851,52757.5
1753592011088,04:53:31.088,bitget,1INCH/USDT:USDT,0.2849,9008.1,0.2848,45174.7,0.285,12776.0,0.2851,52757.5
1753592011238,04:53:31.238,bitget,1INCH/USDT:USDT,0.2849,9008.1,0.2848,45174.7,0.285,12776.0,0.2851,52757.5
1753592011388,04:53:31.388,bitget,1INCH/USDT:USDT,0.2849,9008.1,0.2848,45174.7,0.285,5776.0,0.2851,52757.5
1753592011538,04:53:31.538,bitget,1INCH/USDT:USDT,0.2849,9008.1,0.2848,45174.7,0.285,5776.0,0.2851,52757.5
1753592011688,04:53:31.688,bitget,1INCH/USDT:USDT,0.2849,9008.1,0.2848,45174.7,0.285,5776.0,0.2851,52757.5
1753592011838,04:53:31.838,bitget,1INCH/USDT:USDT,0.2849,7330.9,0.2848,45174.7,0.285,5776.0,0.2851,52757.5
1753592011988,04:53:31.988,bitget,1INCH/USDT:USDT,0.2849,7330.9,0.2848,45174.7,0.285,5776.0,0.2851,52757.5
1753592012138,04:53:32.138,bitget,1INCH/USDT:USDT,0.2849,7330.9,0.2848,45174.7,0.285,12776.0,0.2851,52757.5
1753592012288,04:53:32.288,bitget,1INCH/USDT:USDT,0.2849,7330.9,0.2848,45174.7,0.285,12776.0,0.2851,52757.5
1753592012438,04:53:32.438,bitget,1INCH/USDT:USDT,0.2849,7330.9,0.2848,45174.7,0.285,12776.0,0.2851,52757.5
1753592012588,04:53:32.588,bitget,1INCH/USDT:USDT,0.2849,7330.9,0.2848,45174.7,0.285,5776.0,0.2851,52757.5
1753592012739,04:53:32.739,bitget,1INCH/USDT:USDT,0.2849,7330.9,0.2848,45174.7,0.285,5776.0,0.2851,52757.5
1753592012889,04:53:32.889,bitget,1INCH/USDT:USDT,0.2849,7330.9,0.2848,45174.7,0.285,5776.0,0.2851,52757.5
1753592013039,04:53:33.039,bitget,1INCH/USDT:USDT,0.2849,7330.9,0.2848,45174.7,0.285,5776.0,0.2851,52757.5
1753592013189,04:53:33.189,bitget,1INCH/USDT:USDT,0.2849,7330.9,0.2848,64024.7,0.285,5776.0,0.2851,52757.5
1753592013339,04:53:33.339,bitget,1INCH/USDT:USDT,0.2849,7330.9,0.2848,64024.7,0.285,5776.0,0.2851,52757.5
1753592013489,04:53:33.489,bitget,1INCH/USDT:USDT,0.2849,7330.9,0.2848,64024.7,0.285,5776.0,0.2851,52757.5
1753592013639,04:53:33.639,bitget,1INCH/USDT:USDT,0.2849,7330.9,0.2848,64024.7,0.285,5776.0,0.2851,52757.5
1753592013789,04:53:33.789,bitget,1INCH/USDT:USDT,0.2849,7330.9,0.2848,64024.7,0.285,5776.0,0.2851,52757.5
1753592013939,04:53:33.939,bitget,1INCH/USDT:USDT,0.2849,7330.9,0.2848,64024.7,0.285,5776.0,0.2851,52757.5
1753592014089,04:53:34.089,bitget,1INCH/USDT:USDT,0.2849,7330.9,0.2848,64024.7,0.285,5776.0,0.2851,52757.5
1753592014239,04:53:34.239,bitget,1INCH/USDT:USDT,0.2849,7330.9,0.2848,64024.7,0.285,5776.0,0.2851,52757.5
1753592014389,04:53:34.389,bitget,1INCH/USDT:USDT,0.2849,7330.9,0.2848,64024.7,0.285,5776.0,0.2851,52757.5
1753592014540,04:53:34.540,bitget,1INCH/USDT:USDT,0.2849,7330.9,0.2848,64024.7,0.285,5776.0,0.2851,52757.5
1753592014690,04:53:34.690,bitget,1INCH/USDT:USDT,0.2849,7330.9,0.2848,64024.7,0.285,5776.0,0.2851,52757.5
1753592014840,04:53:34.840,bitget,1INCH/USDT:USDT,0.2849,7330.9,0.2848,64024.7,0.285,5776.0,0.2851,52757.5
1753592014990,04:53:34.990,bitget,1INCH/USDT:USDT,0.2849,7330.9,0.2848,64024.7,0.285,5776.0,0.2851,52757.5
1753592015140,04:53:35.140,bitget,1INCH/USDT:USDT,0.2849,7330.9,0.2848,64024.7,0.285,5776.0,0.2851,52757.5
1753592015290,04:53:35.290,bitget,1INCH/USDT:USDT,0.2849,7330.9,0.2848,64024.7,0.285,5776.0,0.2851,52757.5
1753592015440,04:53:35.440,bitget,1INCH/USDT:USDT,0.2849,7330.9,0.2848,64024.7,0.285,5776.0,0.2851,52757.5
1753592015590,04:53:35.590,bitget,1INCH/USDT:USDT,0.2849,7330.9,0.2848,64024.7,0.285,5776.0,0.2851,52757.5
1753592015740,04:53:35.740,bitget,1INCH/USDT:USDT,0.2849,7705.4,0.2848,64024.7,0.285,5443.7,0.2851,52757.5
1753592015890,04:53:35.890,bitget,1INCH/USDT:USDT,0.285,2836.5,0.2849,28471.6,0.2851,25861.1,0.2852,54977.6
1753592016040,04:53:36.040,bitget,1INCH/USDT:USDT,0.285,2836.5,0.2849,38194.2,0.2851,16144.6,0.2852,64694.1
1753592016190,04:53:36.190,bitget,1INCH/USDT:USDT,0.285,3188.0,0.2849,38194.2,0.2851,16144.6,0.2852,64694.1
1753592016341,04:53:36.341,bitget,1INCH/USDT:USDT,0.285,3188.0,0.2849,38194.2,0.2851,16144.6,0.2852,64694.1
1753592016491,04:53:36.491,bitget,1INCH/USDT:USDT,0.285,2836.5,0.2849,37819.7,0.2851,16144.6,0.2852,64694.1
1753592016641,04:53:36.641,bitget,1INCH/USDT:USDT,0.285,2836.5,0.2849,37819.7,0.2851,16144.6,0.2852,64694.1
1753592016791,04:53:36.791,bitget,1INCH/USDT:USDT,0.285,2836.5,0.2849,37819.7,0.2851,16144.6,0.2852,64694.1
1753592016941,04:53:36.941,bitget,1INCH/USDT:USDT,0.285,2836.5,0.2849,37819.7,0.2851,16144.6,0.2852,64694.1
1753592017091,04:53:37.091,bitget,1INCH/USDT:USDT,0.2849,37190.8,0.2848,47303.0,0.2851,16144.6,0.2852,64694.1
1753592017241,04:53:37.241,bitget,1INCH/USDT:USDT,0.2849,22272.7,0.2848,38809.0,0.2851,16519.1,0.2852,64694.1
1753592017391,04:53:37.391,bitget,1INCH/USDT:USDT,0.2849,37913.5,0.2848,19959.0,0.2851,16519.1,0.2852,64694.1
1753592017541,04:53:37.541,bitget,1INCH/USDT:USDT,0.2849,37913.5,0.2848,21490.5,0.2851,16519.1,0.2852,64694.1
1753592017691,04:53:37.691,bitget,1INCH/USDT:USDT,0.2849,37913.5,0.2848,21490.5,0.2851,16519.1,0.2852,64694.1
1753592017841,04:53:37.841,bitget,1INCH/USDT:USDT,0.2849,37913.5,0.2848,21490.5,0.2851,16519.1,0.2852,64694.1
1753592017991,04:53:37.991,bitget,1INCH/USDT:USDT,0.2849,37913.5,0.2848,21490.5,0.2851,16519.1,0.2852,64694.1
1753592018142,04:53:38.142,bitget,1INCH/USDT:USDT,0.2849,37913.5,0.2848,21490.5,0.2851,16519.1,0.2852,64694.1
1753592018292,04:53:38.292,bitget,1INCH/USDT:USDT,0.2849,37913.5,0.2848,21490.5,0.2851,16519.1,0.2852,64694.1
1753592018442,04:53:38.442,bitget,1INCH/USDT:USDT,0.2849,37913.5,0.2848,21490.5,0.2851,16519.1,0.2852,64694.1
1753592018592,04:53:38.592,bitget,1INCH/USDT:USDT,0.2849,37913.5,0.2848,21490.5,0.2851,16519.1,0.2852,64694.1
1753592018742,04:53:38.742,bitget,1INCH/USDT:USDT,0.2849,37913.5,0.2848,21490.5,0.2851,16519.1,0.2852,64694.1
1753592018892,04:53:38.892,bitget,1INCH/USDT:USDT,0.2849,38288.0,0.2848,21490.5,0.2851,16144.6,0.2852,64694.1
1753592019042,04:53:39.042,bitget,1INCH/USDT:USDT,0.2849,38288.0,0.2848,21490.5,0.2851,16144.6,0.2852,64694.1
1753592019192,04:53:39.192,bitget,1INCH/USDT:USDT,0.2849,38288.0,0.2848,21490.5,0.2851,16144.6,0.2852,64694.1
1753592019342,04:53:39.342,bitget,1INCH/USDT:USDT,0.2849,38288.0,0.2848,21490.5,0.2851,16144.6,0.2852,64694.1
1753592019492,04:53:39.492,bitget,1INCH/USDT:USDT,0.2849,38288.0,0.2848,21490.5,0.2851,16144.6,0.2852,64694.1
1753592019642,04:53:39.642,bitget,1INCH/USDT:USDT,0.2849,38288.0,0.2848,21490.5,0.2851,16144.6,0.2852,64694.1
1753592019792,04:53:39.792,bitget,1INCH/USDT:USDT,0.2849,38288.0,0.2848,84661.4,0.2851,16144.6,0.2852,64694.1
1753592019943,04:53:39.943,bitget,1INCH/USDT:USDT,0.2849,56776.4,0.2848,84661.4,0.2851,16144.6,0.2852,64694.1
1753592020093,04:53:40.093,bitget,1INCH/USDT:USDT,0.2849,56776.4,0.2848,84661.4,0.2851,16144.6,0.2852,64694.1
1753592020393,04:53:40.393,bitget,1INCH/USDT:USDT,0.2849,56776.4,0.2848,84661.4,0.2851,16144.6,0.2852,64694.1
1753592020543,04:53:40.543,bitget,1INCH/USDT:USDT,0.2849,56776.4,0.2848,84661.4,0.2851,16144.6,0.2852,64694.1
1753592020693,04:53:40.693,bitget,1INCH/USDT:USDT,0.2849,56776.4,0.2848,84661.4,0.2851,16144.6,0.2852,64694.1
1753592020843,04:53:40.843,bitget,1INCH/USDT:USDT,0.2849,56401.9,0.2848,84661.4,0.2851,16144.6,0.2852,64694.1
1753592020993,04:53:40.993,bitget,1INCH/USDT:USDT,0.2849,56401.9,0.2848,84661.4,0.2851,16519.1,0.2852,64694.1
1753592021143,04:53:41.143,bitget,1INCH/USDT:USDT,0.2849,56401.9,0.2848,84661.4,0.2851,16519.1,0.2852,64694.1
1753592021293,04:53:41.293,bitget,1INCH/USDT:USDT,0.2849,56401.9,0.2848,84661.4,0.2851,16519.1,0.2852,64694.1
1753592021443,04:53:41.443,bitget,1INCH/USDT:USDT,0.2849,56401.9,0.2848,84661.4,0.2851,16519.1,0.2852,64694.1
1753592021743,04:53:41.743,bitget,1INCH/USDT:USDT,0.2849,56401.9,0.2848,84661.4,0.2851,16144.6,0.2852,41462.0
1753592021894,04:53:41.894,bitget,1INCH/USDT:USDT,0.2849,56401.9,0.2848,84661.4,0.2851,16144.6,0.2852,41462.0
1753592022044,04:53:42.044,bitget,1INCH/USDT:USDT,0.2849,56401.9,0.2848,84661.4,0.2851,16519.1,0.2852,41462.0
1753592022194,04:53:42.194,bitget,1INCH/USDT:USDT,0.2849,56401.9,0.2848,84661.4,0.2851,16519.1,0.2852,41462.0
1753592022344,04:53:42.344,bitget,1INCH/USDT:USDT,0.2849,56401.9,0.2848,84661.4,0.2851,16519.1,0.2852,41462.0
1753592022644,04:53:42.644,bitget,1INCH/USDT:USDT,0.2849,56401.9,0.2848,84661.4,0.2851,16519.1,0.2852,41462.0
1753592022794,04:53:42.794,bitget,1INCH/USDT:USDT,0.2849,56401.9,0.2848,84661.4,0.2851,16519.1,0.2852,41462.0
1753592022944,04:53:42.944,bitget,1INCH/USDT:USDT,0.2849,56401.9,0.2848,84661.4,0.2851,17041.9,0.2852,41462.0
1753592023244,04:53:43.244,bitget,1INCH/USDT:USDT,0.2849,56776.4,0.2848,84661.4,0.2851,16694.5,0.2852,41462.0
1753592023394,04:53:43.394,bitget,1INCH/USDT:USDT,0.2849,56776.4,0.2848,84661.4,0.2851,16519.1,0.2852,41462.0
1753592023544,04:53:43.544,bitget,1INCH/USDT:USDT,0.2849,56776.4,0.2848,84661.4,0.2851,16519.1,0.2852,41462.0
1753592023845,04:53:43.845,bitget,1INCH/USDT:USDT,0.2849,56776.4,0.2848,84661.4,0.2851,16519.1,0.2852,41462.0
1753592023995,04:53:43.995,bitget,1INCH/USDT:USDT,0.2849,56776.4,0.2848,84661.4,0.2851,16519.1,0.2852,41462.0
1753592024145,04:53:44.145,bitget,1INCH/USDT:USDT,0.2849,56776.4,0.2848,84661.4,0.2851,16519.1,0.2852,41462.0
1753592024295,04:53:44.295,bitget,1INCH/USDT:USDT,0.2849,56776.4,0.2848,84661.4,0.2851,16519.1,0.2852,41462.0
1753592024445,04:53:44.445,bitget,1INCH/USDT:USDT,0.2849,56776.4,0.2848,84661.4,0.2851,16519.1,0.2852,41462.0
1753592024595,04:53:44.595,bitget,1INCH/USDT:USDT,0.2849,56776.4,0.2848,84661.4,0.2851,16519.1,0.2852,41462.0
1753592024745,04:53:44.745,bitget,1INCH/USDT:USDT,0.2849,56776.4,0.2848,84661.4,0.2851,16519.1,0.2852,41462.0
1753592024895,04:53:44.895,bitget,1INCH/USDT:USDT,0.2849,56776.4,0.2848,84661.4,0.2851,16519.1,0.2852,41462.0
1753592025045,04:53:45.045,bitget,1INCH/USDT:USDT,0.2849,56776.4,0.2848,84661.4,0.2851,16519.1,0.2852,41462.0
1753592025195,04:53:45.195,bitget,1INCH/USDT:USDT,0.2849,56776.4,0.2848,84661.4,0.2851,16519.1,0.2852,41462.0
1753592025345,04:53:45.345,bitget,1INCH/USDT:USDT,0.2849,56776.4,0.2848,84661.4,0.2851,16519.1,0.2852,41462.0
1753592025496,04:53:45.496,bitget,1INCH/USDT:USDT,0.2849,56776.4,0.2848,84661.4,0.2851,16519.1,0.2852,41462.0
1753592025796,04:53:45.796,bitget,1INCH/USDT:USDT,0.2849,56776.4,0.2848,84661.4,0.2851,16519.1,0.2852,41462.0
1753592025946,04:53:45.946,bitget,1INCH/USDT:USDT,0.2849,56776.4,0.2848,84661.4,0.2851,16519.1,0.2852,41462.0
1753592026096,04:53:46.096,bitget,1INCH/USDT:USDT,0.2849,56776.4,0.2848,84661.4,0.2851,16519.1,0.2852,41462.0
1753592026246,04:53:46.246,bitget,1INCH/USDT:USDT,0.2849,56776.4,0.2848,84661.4,0.2851,16519.1,0.2852,41462.0
1753592026546,04:53:46.546,bitget,1INCH/USDT:USDT,0.2849,56776.4,0.2848,84661.4,0.2851,16519.1,0.2852,41462.0
1753592026696,04:53:46.696,bitget,1INCH/USDT:USDT,0.2849,56776.4,0.2848,84661.4,0.2851,16519.1,0.2852,41462.0
1753592026846,04:53:46.846,bitget,1INCH/USDT:USDT,0.2849,56776.4,0.2848,84661.4,0.2851,23777.3,0.2852,41462.0
1753592026996,04:53:46.996,bitget,1INCH/USDT:USDT,0.2849,56776.4,0.2848,84661.4,0.2851,23952.7,0.2852,41462.0
1753592027146,04:53:47.146,bitget,1INCH/USDT:USDT,0.2849,56776.4,0.2848,21490.5,0.2851,23952.7,0.2852,56053.0
1753592027296,04:53:47.296,bitget,1INCH/USDT:USDT,0.2849,38288.0,0.2848,21490.5,0.2851,23952.7,0.2852,56053.0
1753592027447,04:53:47.447,bitget,1INCH/USDT:USDT,0.2849,38288.0,0.2848,40249.7,0.2851,23952.7,0.2852,56053.0
1753592027597,04:53:47.597,bitget,1INCH/USDT:USDT,0.2849,38288.0,0.2848,40249.7,0.2851,23952.7,0.2852,56053.0
1753592027747,04:53:47.747,bitget,1INCH/USDT:USDT,0.2849,38288.0,0.2848,40249.7,0.2851,23952.7,0.2852,56053.0
1753592027897,04:53:47.897,bitget,1INCH/USDT:USDT,0.2849,38288.0,0.2848,40249.7,0.2851,23952.7,0.2852,56053.0
1753592028047,04:53:48.047,bitget,1INCH/USDT:USDT,0.2849,38288.0,0.2848,40249.7,0.2851,23952.7,0.2852,56053.0
1753592028197,04:53:48.197,bitget,1INCH/USDT:USDT,0.2849,38288.0,0.2848,40249.7,0.2851,9694.5,0.2852,56053.0
1753592028347,04:53:48.347,bitget,1INCH/USDT:USDT,0.2849,38288.0,0.2848,40249.7,0.2851,9519.1,0.2852,56053.0
1753592028497,04:53:48.497,bitget,1INCH/USDT:USDT,0.2849,38288.0,0.2848,40249.7,0.2851,9519.1,0.2852,56053.0
1753592028647,04:53:48.647,bitget,1INCH/USDT:USDT,0.2849,38288.0,0.2848,40249.7,0.2851,9519.1,0.2852,42893.8
1753592028797,04:53:48.797,bitget,1INCH/USDT:USDT,0.2849,38288.0,0.2848,40249.7,0.2851,16519.1,0.2852,42893.8
1753592028947,04:53:48.947,bitget,1INCH/USDT:USDT,0.2849,38288.0,0.2848,40249.7,0.2851,16519.1,0.2852,42893.8
1753592029097,04:53:49.097,bitget,1INCH/USDT:USDT,0.2849,38288.0,0.2848,40249.7,0.2851,16519.1,0.2852,42893.8
1753592029248,04:53:49.248,bitget,1INCH/USDT:USDT,0.2849,38288.0,0.2848,40249.7,0.2851,9519.1,0.2852,42893.8
1753592029398,04:53:49.398,bitget,1INCH/USDT:USDT,0.2849,38288.0,0.2848,40249.7,0.2851,9519.1,0.2852,42893.8
1753592029548,04:53:49.548,bitget,1INCH/USDT:USDT,0.2849,38288.0,0.2848,40249.7,0.2851,9519.1,0.2852,42893.8
1753592029698,04:53:49.698,bitget,1INCH/USDT:USDT,0.2849,38288.0,0.2848,40249.7,0.2851,9519.1,0.2852,42893.8
1753592029848,04:53:49.848,bitget,1INCH/USDT:USDT,0.2849,38288.0,0.2848,40249.7,0.2851,9519.1,0.2852,42893.8
1753592029998,04:53:49.998,bitget,1INCH/USDT:USDT,0.285,7321.0,0.2849,38288.0,0.2851,9519.1,0.2852,42893.8
1753592030148,04:53:50.148,bitget,1INCH/USDT:USDT,0.285,7321.0,0.2849,48015.6,0.2851,9519.1,0.2852,42893.8
1753592030298,04:53:50.298,bitget,1INCH/USDT:USDT,0.285,7321.0,0.2849,48015.6,0.2851,9519.1,0.2852,42893.8
1753592030448,04:53:50.448,bitget,1INCH/USDT:USDT,0.285,7321.0,0.2849,45099.8,0.2851,9519.1,0.2852,42893.8
1753592030598,04:53:50.598,bitget,1INCH/USDT:USDT,0.285,7321.0,0.2849,45099.8,0.2851,9519.1,0.2852,42893.8
1753592030748,04:53:50.748,bitget,1INCH/USDT:USDT,0.285,7321.0,0.2849,45099.8,0.2851,9519.1,0.2852,42893.8
1753592030898,04:53:50.898,bitget,1INCH/USDT:USDT,0.285,7321.0,0.2849,45099.8,0.2851,9519.1,0.2852,42893.8
1753592031049,04:53:51.049,bitget,1INCH/USDT:USDT,0.285,7321.0,0.2849,45099.8,0.2851,9519.1,0.2852,42893.8
1753592031199,04:53:51.199,bitget,1INCH/USDT:USDT,0.285,7321.0,0.2849,45099.8,0.2851,9519.1,0.2852,42893.8
1753592031349,04:53:51.349,bitget,1INCH/USDT:USDT,0.285,7321.0,0.2849,45099.8,0.2851,9519.1,0.2852,42893.8
1753592031499,04:53:51.499,bitget,1INCH/USDT:USDT,0.285,7321.0,0.2849,45099.8,0.2851,9519.1,0.2852,42893.8
1753592031649,04:53:51.649,bitget,1INCH/USDT:USDT,0.285,7321.0,0.2849,45099.8,0.2851,9519.1,0.2852,42893.8
1753592032099,04:53:52.099,bitget,1INCH/USDT:USDT,0.285,7321.0,0.2849,44725.3,0.2851,9144.6,0.2852,43268.3
1753592032249,04:53:52.249,bitget,1INCH/USDT:USDT,0.285,14579.2,0.2849,46555.5,0.2852,43069.2,0.2853,39041.7
1753592032399,04:53:52.399,bitget,1INCH/USDT:USDT,0.285,14579.2,0.2849,48090.2,0.2852,33352.7,0.2853,48760.1
1753592032549,04:53:52.549,bitget,1INCH/USDT:USDT,0.285,14579.2,0.2849,48090.2,0.2851,321.0,0.2852,34428.3
1753592032699,04:53:52.699,bitget,1INCH/USDT:USDT,0.285,18224.0,0.2849,48090.2,0.2851,1912.6,0.2852,43071.1
1753592032849,04:53:52.849,bitget,1INCH/USDT:USDT,0.285,10965.8,0.2849,48090.2,0.2851,1912.6,0.2852,43071.1
1753592033000,04:53:53.000,bitget,1INCH/USDT:USDT,0.285,10965.8,0.2849,48090.2,0.2851,1912.6,0.2852,43071.1
1753592033150,04:53:53.150,bitget,1INCH/USDT:USDT,0.285,10965.8,0.2849,48090.2,0.2851,1912.6,0.2852,43071.1
1753592033300,04:53:53.300,bitget,1INCH/USDT:USDT,0.285,10965.8,0.2849,48090.2,0.2851,1912.6,0.2852,43071.1
1753592033450,04:53:53.450,bitget,1INCH/USDT:USDT,0.285,10965.8,0.2849,48090.2,0.2851,1912.6,0.2852,43071.1
1753592033600,04:53:53.600,bitget,1INCH/USDT:USDT,0.285,10965.8,0.2849,48090.2,0.2851,1912.6,0.2852,43071.1
1753592033750,04:53:53.750,bitget,1INCH/USDT:USDT,0.285,10965.8,0.2849,48090.2,0.2851,1912.6,0.2852,43071.1
1753592033900,04:53:53.900,bitget,1INCH/USDT:USDT,0.285,10965.8,0.2849,48090.2,0.2851,1912.6,0.2852,43071.1
1753592034050,04:53:54.050,bitget,1INCH/USDT:USDT,0.285,10965.8,0.2849,48090.2,0.2851,1912.6,0.2852,43071.1
1753592034200,04:53:54.200,bitget,1INCH/USDT:USDT,0.285,10965.8,0.2849,48090.2,0.2851,1912.6,0.2852,43071.1
1753592034350,04:53:54.350,bitget,1INCH/USDT:USDT,0.285,10965.8,0.2849,48090.2,0.2851,1912.6,0.2852,43071.1
1753592034650,04:53:54.650,bitget,1INCH/USDT:USDT,0.285,10965.8,0.2849,48090.2,0.2851,1912.6,0.2852,43071.1
1753592034951,04:53:54.951,bitget,1INCH/USDT:USDT,0.285,10965.8,0.2849,48090.2,0.2851,1912.6,0.2852,43071.1
1753592035101,04:53:55.101,bitget,1INCH/USDT:USDT,0.285,10965.8,0.2849,48090.2,0.2851,1912.6,0.2852,43071.1
1753592035251,04:53:55.251,bitget,1INCH/USDT:USDT,0.285,10965.8,0.2849,48090.2,0.2851,1912.6,0.2852,43071.1
1753592035401,04:53:55.401,bitget,1INCH/USDT:USDT,0.285,10965.8,0.2849,48090.2,0.2851,1912.6,0.2852,43071.1
1753592035551,04:53:55.551,bitget,1INCH/USDT:USDT,0.285,10965.8,0.2849,48090.2,0.2851,1912.6,0.2852,43071.1
1753592035701,04:53:55.701,bitget,1INCH/USDT:USDT,0.285,10965.8,0.2849,48090.2,0.2851,1912.6,0.2852,43071.1
1753592035851,04:53:55.851,bitget,1INCH/USDT:USDT,0.285,10965.8,0.2849,48090.2,0.2851,1912.6,0.2852,43071.1
1753592036151,04:53:56.151,bitget,1INCH/USDT:USDT,0.285,10965.8,0.2849,48090.2,0.2851,1912.6,0.2852,43071.1
1753592036301,04:53:56.301,bitget,1INCH/USDT:USDT,0.285,10965.8,0.2849,48090.2,0.2851,1912.6,0.2852,43071.1
1753592036451,04:53:56.451,bitget,1INCH/USDT:USDT,0.285,10965.8,0.2849,48090.2,0.2851,1912.6,0.2852,43071.1
1753592036602,04:53:56.602,bitget,1INCH/USDT:USDT,0.285,10965.8,0.2849,48090.2,0.2851,1912.6,0.2852,43071.1
1753592036752,04:53:56.752,bitget,1INCH/USDT:USDT,0.285,10965.8,0.2849,48090.2,0.2851,1912.6,0.2852,43071.1
1753592036902,04:53:56.902,bitget,1INCH/USDT:USDT,0.285,10965.8,0.2849,48090.2,0.2852,43071.1,0.2853,39041.7
1753592037052,04:53:57.052,bitget,1INCH/USDT:USDT,0.285,12397.6,0.2849,48090.2,0.2851,321.6,0.2852,33352.7
1753592037652,04:53:57.652,bitget,1INCH/USDT:USDT,0.285,12397.6,0.2849,48090.2,0.2851,1913.2,0.2852,43067.4
1753592037802,04:53:57.802,bitget,1INCH/USDT:USDT,0.285,10965.8,0.2849,48090.2,0.2851,1913.2,0.2852,43067.4
1753592037952,04:53:57.952,bitget,1INCH/USDT:USDT,0.285,10965.8,0.2849,48090.2,0.2851,1913.2,0.2852,43067.4
1753592038102,04:53:58.102,bitget,1INCH/USDT:USDT,0.285,13284.7,0.2849,48090.2,0.2851,1913.2,0.2852,43067.4
1753592038252,04:53:58.252,bitget,1INCH/USDT:USDT,0.285,13284.7,0.2849,48090.2,0.2851,1913.2,0.2852,43067.4
1753592038403,04:53:58.403,bitget,1INCH/USDT:USDT,0.285,13284.7,0.2849,48090.2,0.2851,1913.2,0.2852,43067.4
