timestamp,time,exchange,symbol,bid1_price,bid1_volume,bid2_price,bid2_volume,ask1_price,ask1_volume,ask2_price,ask2_volume
1753591897204,04:51:37.204,okx,1INCH/USDT:USDT,0.2846,1005.0,0.2845,9192.0,0.2847,266.0,0.2848,11289.0
1753591899204,04:51:39.204,okx,1INCH/USDT:USDT,0.2846,1063.0,0.2845,9192.0,0.2847,262.0,0.2848,11289.0
1753591899604,04:51:39.604,okx,1INCH/USDT:USDT,0.2846,1518.0,0.2845,11298.0,0.2847,63.0,0.2848,10566.0
1753591899704,04:51:39.704,okx,1INCH/USDT:USDT,0.2846,1518.0,0.2845,12000.0,0.2847,63.0,0.2848,10834.0
1753591899804,04:51:39.804,okx,1INCH/USDT:USDT,0.2846,1518.0,0.2845,12000.0,0.2847,63.0,0.2848,10834.0
1753591899904,04:51:39.904,okx,1INCH/USDT:USDT,0.2846,1518.0,0.2845,13931.0,0.2847,63.0,0.2848,10385.0
1753591900004,04:51:40.004,okx,1INCH/USDT:USDT,0.2846,1518.0,0.2845,14282.0,0.2847,63.0,0.2848,10385.0
1753591900104,04:51:40.104,okx,1INCH/USDT:USDT,0.2846,1518.0,0.2845,13229.0,0.2847,63.0,0.2848,10653.0
1753591900204,04:51:40.204,okx,1INCH/USDT:USDT,0.2846,1518.0,0.2845,14458.0,0.2847,63.0,0.2848,10653.0
1753591900304,04:51:40.304,okx,1INCH/USDT:USDT,0.2846,1518.0,0.2845,17260.0,0.2847,63.0,0.2848,10653.0
1753591900404,04:51:40.404,okx,1INCH/USDT:USDT,0.2846,1518.0,0.2845,17260.0,0.2847,63.0,0.2848,10385.0
1753591900504,04:51:40.504,okx,1INCH/USDT:USDT,0.2846,1518.0,0.2845,17260.0,0.2847,63.0,0.2848,10385.0
1753591900604,04:51:40.604,okx,1INCH/USDT:USDT,0.2846,2045.0,0.2845,19262.0,0.2847,63.0,0.2848,10385.0
1753591900704,04:51:40.704,okx,1INCH/USDT:USDT,0.2846,2045.0,0.2845,19262.0,0.2847,63.0,0.2848,10385.0
1753591900804,04:51:40.804,okx,1INCH/USDT:USDT,0.2846,1518.0,0.2845,19262.0,0.2847,197.0,0.2848,10653.0
1753591901104,04:51:41.104,okx,1INCH/USDT:USDT,0.2846,1518.0,0.2845,18911.0,0.2847,63.0,0.2848,10653.0
1753591901204,04:51:41.204,okx,1INCH/USDT:USDT,0.2847,1161.0,0.2846,15811.0,0.2848,1413.0,0.2849,10405.0
1753591901304,04:51:41.304,okx,1INCH/USDT:USDT,0.2847,1789.0,0.2846,15641.0,0.2848,1415.0,0.2849,10405.0
1753591901404,04:51:41.404,okx,1INCH/USDT:USDT,0.2847,1334.0,0.2846,15641.0,0.2848,1588.0,0.2849,10405.0
1753591901804,04:51:41.804,okx,1INCH/USDT:USDT,0.2847,1789.0,0.2846,15641.0,0.2848,1588.0,0.2849,10756.0
1753591902104,04:51:42.104,okx,1INCH/USDT:USDT,0.2847,1789.0,0.2846,15641.0,0.2848,1415.0,0.2849,10756.0
1753591902204,04:51:42.204,okx,1INCH/USDT:USDT,0.2847,1789.0,0.2846,15641.0,0.2848,1586.0,0.2849,11024.0
1753591902304,04:51:42.304,okx,1INCH/USDT:USDT,0.2847,895.0,0.2846,15641.0,0.2848,1586.0,0.2849,11024.0
1753591902404,04:51:42.404,okx,1INCH/USDT:USDT,0.2847,1163.0,0.2846,15641.0,0.2848,1586.0,0.2849,10756.0
1753591902504,04:51:42.504,okx,1INCH/USDT:USDT,0.2847,1334.0,0.2846,15641.0,0.2848,1415.0,0.2849,10756.0
1753591902604,04:51:42.604,okx,1INCH/USDT:USDT,0.2847,1789.0,0.2846,15641.0,0.2848,1415.0,0.2849,10756.0
1753591902804,04:51:42.804,okx,1INCH/USDT:USDT,0.2847,1789.0,0.2846,15641.0,0.2848,1587.0,0.2849,11024.0
1753591903204,04:51:43.204,okx,1INCH/USDT:USDT,0.2847,1801.0,0.2846,15641.0,0.2848,1415.0,0.2849,10301.0
1753591903904,04:51:43.904,okx,1INCH/USDT:USDT,0.2847,1801.0,0.2846,15641.0,0.2848,1415.0,0.2849,10301.0
1753591904804,04:51:44.804,okx,1INCH/USDT:USDT,0.2847,1801.0,0.2846,15641.0,0.2848,1415.0,0.2849,10301.0
1753591905804,04:51:45.804,okx,1INCH/USDT:USDT,0.2847,1955.0,0.2846,15507.0,0.2848,1415.0,0.2849,10301.0
1753591906104,04:51:46.104,okx,1INCH/USDT:USDT,0.2847,1955.0,0.2846,15507.0,0.2848,1415.0,0.2849,10301.0
1753591906204,04:51:46.204,okx,1INCH/USDT:USDT,0.2847,1955.0,0.2846,15507.0,0.2848,1588.0,0.2849,10756.0
1753591906304,04:51:46.304,okx,1INCH/USDT:USDT,0.2847,1955.0,0.2846,15507.0,0.2848,1588.0,0.2849,10756.0
1753591907604,04:51:47.604,okx,1INCH/USDT:USDT,0.2847,1955.0,0.2846,15507.0,0.2848,1588.0,0.2849,10756.0
1753591908404,04:51:48.404,okx,1INCH/USDT:USDT,0.2847,1955.0,0.2846,15507.0,0.2848,1415.0,0.2849,10301.0
1753591909304,04:51:49.304,okx,1INCH/USDT:USDT,0.2847,1955.0,0.2846,15507.0,0.2848,1415.0,0.2849,10301.0
1753591910104,04:51:50.104,okx,1INCH/USDT:USDT,0.2847,1955.0,0.2846,15507.0,0.2848,1415.0,0.2849,10756.0
1753591910204,04:51:50.204,okx,1INCH/USDT:USDT,0.2847,1955.0,0.2846,15507.0,0.2848,1415.0,0.2849,10301.0
1753591911404,04:51:51.404,okx,1INCH/USDT:USDT,0.2847,1955.0,0.2846,15507.0,0.2848,1586.0,0.2849,11024.0
1753591911504,04:51:51.504,okx,1INCH/USDT:USDT,0.2847,1955.0,0.2846,15507.0,0.2848,1586.0,0.2849,10756.0
1753591911704,04:51:51.704,okx,1INCH/USDT:USDT,0.2847,1329.0,0.2846,15507.0,0.2848,1763.0,0.2849,10756.0
1753591911904,04:51:51.904,okx,1INCH/USDT:USDT,0.2847,169.0,0.2846,7103.0,0.2848,2246.0,0.2849,11024.0
1753591912004,04:51:52.004,okx,1INCH/USDT:USDT,0.2847,431.0,0.2846,7558.0,0.2848,1763.0,0.2849,10756.0
1753591912104,04:51:52.104,okx,1INCH/USDT:USDT,0.2847,608.0,0.2846,9498.0,0.2848,1586.0,0.2849,10756.0
1753591912204,04:51:52.204,okx,1INCH/USDT:USDT,0.2847,608.0,0.2846,9498.0,0.2848,1586.0,0.2849,10756.0
1753591912404,04:51:52.404,okx,1INCH/USDT:USDT,0.2847,1064.0,0.2846,9498.0,0.2848,1586.0,0.2849,10756.0
1753591912504,04:51:52.504,okx,1INCH/USDT:USDT,0.2847,1064.0,0.2846,9498.0,0.2848,1586.0,0.2849,11024.0
1753591913304,04:51:53.304,okx,1INCH/USDT:USDT,0.2847,432.0,0.2846,9498.0,0.2848,1586.0,0.2849,11024.0
1753591913404,04:51:53.404,okx,1INCH/USDT:USDT,0.2847,432.0,0.2846,9498.0,0.2848,1605.0,0.2849,11024.0
1753591913504,04:51:53.504,okx,1INCH/USDT:USDT,0.2847,439.0,0.2846,9494.0,0.2848,1605.0,0.2849,11024.0
1753591914004,04:51:54.004,okx,1INCH/USDT:USDT,0.2847,439.0,0.2846,9494.0,0.2848,1605.0,0.2849,11024.0
1753591914104,04:51:54.104,okx,1INCH/USDT:USDT,0.2847,439.0,0.2846,9494.0,0.2848,1605.0,0.2849,11024.0
1753591914804,04:51:54.804,okx,1INCH/USDT:USDT,0.2847,439.0,0.2846,9494.0,0.2848,1605.0,0.2849,11024.0
1753591915404,04:51:55.404,okx,1INCH/USDT:USDT,0.2847,439.0,0.2846,9494.0,0.2848,1605.0,0.2849,11024.0
1753591917304,04:51:57.304,okx,1INCH/USDT:USDT,0.2847,439.0,0.2846,9039.0,0.2848,2088.0,0.2849,11024.0
1753591918304,04:51:58.304,okx,1INCH/USDT:USDT,0.2847,439.0,0.2846,9039.0,0.2848,2265.0,0.2849,10756.0
1753591919104,04:51:59.104,okx,1INCH/USDT:USDT,0.2847,177.0,0.2846,7099.0,0.2848,2265.0,0.2849,11374.0
1753591919204,04:51:59.204,okx,1INCH/USDT:USDT,0.2847,427.0,0.2846,7099.0,0.2848,2265.0,0.2849,11106.0
1753591919304,04:51:59.304,okx,1INCH/USDT:USDT,0.2847,427.0,0.2846,7099.0,0.2848,2265.0,0.2849,11106.0
1753591919604,04:51:59.604,okx,1INCH/USDT:USDT,0.2847,420.0,0.2846,7099.0,0.2848,2396.0,0.2849,11106.0
1753591919704,04:51:59.704,okx,1INCH/USDT:USDT,0.2847,420.0,0.2846,7099.0,0.2848,2396.0,0.2849,11106.0
1753591919804,04:51:59.804,okx,1INCH/USDT:USDT,0.2847,420.0,0.2846,7099.0,0.2848,2396.0,0.2849,11106.0
1753591919904,04:51:59.904,okx,1INCH/USDT:USDT,0.2847,420.0,0.2846,7099.0,0.2848,2396.0,0.2849,11106.0
1753591920004,04:52:00.004,okx,1INCH/USDT:USDT,0.2847,170.0,0.2846,7099.0,0.2848,2396.0,0.2849,11900.0
1753591920104,04:52:00.104,okx,1INCH/USDT:USDT,0.2847,170.0,0.2846,7099.0,0.2848,2431.0,0.2849,11632.0
1753591920204,04:52:00.204,okx,1INCH/USDT:USDT,0.2847,170.0,0.2846,7099.0,0.2848,2431.0,0.2849,11632.0
1753591920404,04:52:00.404,okx,1INCH/USDT:USDT,0.2847,170.0,0.2846,7099.0,0.2848,2431.0,0.2849,11632.0
1753591920504,04:52:00.504,okx,1INCH/USDT:USDT,0.2846,305.0,0.2845,6677.0,0.2847,48.0,0.2848,5269.0
1753591920604,04:52:00.604,okx,1INCH/USDT:USDT,0.2846,307.0,0.2845,10858.0,0.2847,1178.0,0.2848,9536.0
1753591920704,04:52:00.704,okx,1INCH/USDT:USDT,0.2846,307.0,0.2845,10858.0,0.2847,1703.0,0.2848,9366.0
1753591920804,04:52:00.804,okx,1INCH/USDT:USDT,0.2846,307.0,0.2845,10858.0,0.2847,1178.0,0.2848,9366.0
1753591920904,04:52:00.904,okx,1INCH/USDT:USDT,0.2846,312.0,0.2845,10858.0,0.2847,1178.0,0.2848,9366.0
1753591921004,04:52:01.004,okx,1INCH/USDT:USDT,0.2846,312.0,0.2845,10858.0,0.2847,1178.0,0.2848,9366.0
1753591921104,04:52:01.104,okx,1INCH/USDT:USDT,0.2846,312.0,0.2845,10858.0,0.2847,1178.0,0.2848,9331.0
1753591921304,04:52:01.304,okx,1INCH/USDT:USDT,0.2846,312.0,0.2845,10858.0,0.2847,1178.0,0.2848,9331.0
1753591921404,04:52:01.404,okx,1INCH/USDT:USDT,0.2846,489.0,0.2845,10858.0,0.2847,1211.0,0.2848,9331.0
1753591921504,04:52:01.504,okx,1INCH/USDT:USDT,0.2846,487.0,0.2845,10858.0,0.2847,1209.0,0.2848,9474.0
1753591921604,04:52:01.604,okx,1INCH/USDT:USDT,0.2846,1083.0,0.2845,10858.0,0.2847,941.0,0.2848,9019.0
1753591921704,04:52:01.704,okx,1INCH/USDT:USDT,0.2846,1085.0,0.2845,11385.0,0.2847,943.0,0.2848,9019.0
1753591921804,04:52:01.804,okx,1INCH/USDT:USDT,0.2846,1085.0,0.2845,12789.0,0.2847,943.0,0.2848,8668.0
1753591921904,04:52:01.904,okx,1INCH/USDT:USDT,0.2846,1085.0,0.2845,13316.0,0.2847,943.0,0.2848,8668.0
1753591922004,04:52:02.004,okx,1INCH/USDT:USDT,0.2846,1085.0,0.2845,13316.0,0.2847,943.0,0.2848,8668.0
1753591922104,04:52:02.104,okx,1INCH/USDT:USDT,0.2846,1085.0,0.2845,14369.0,0.2847,943.0,0.2848,8668.0
1753591922504,04:52:02.504,okx,1INCH/USDT:USDT,0.2846,489.0,0.2845,11911.0,0.2847,1153.0,0.2848,9123.0
1753591922604,04:52:02.604,okx,1INCH/USDT:USDT,0.2846,489.0,0.2845,10858.0,0.2847,1153.0,0.2848,9123.0
1753591922804,04:52:02.804,okx,1INCH/USDT:USDT,0.2846,489.0,0.2845,10858.0,0.2847,1153.0,0.2848,9123.0
1753591922904,04:52:02.904,okx,1INCH/USDT:USDT,0.2846,489.0,0.2845,11385.0,0.2847,1153.0,0.2848,8668.0
1753591923404,04:52:03.404,okx,1INCH/USDT:USDT,0.2846,489.0,0.2845,11385.0,0.2847,1153.0,0.2848,8668.0
1753591923504,04:52:03.504,okx,1INCH/USDT:USDT,0.2846,489.0,0.2845,11385.0,0.2847,271.0,0.2848,8668.0
1753591923604,04:52:03.604,okx,1INCH/USDT:USDT,0.2846,2389.0,0.2845,11385.0,0.2847,1.0,0.2848,8668.0
1753591923904,04:52:03.904,okx,1INCH/USDT:USDT,0.2846,2389.0,0.2845,12263.0,0.2847,1.0,0.2848,8668.0
1753591924104,04:52:04.104,okx,1INCH/USDT:USDT,0.2846,2389.0,0.2845,11736.0,0.2847,1.0,0.2848,8668.0
1753591924404,04:52:04.404,okx,1INCH/USDT:USDT,0.2846,2389.0,0.2845,13491.0,0.2847,1272.0,0.2848,8668.0
1753591924704,04:52:04.704,okx,1INCH/USDT:USDT,0.2846,2389.0,0.2845,13491.0,0.2847,1272.0,0.2848,8668.0
1753591924804,04:52:04.804,okx,1INCH/USDT:USDT,0.2846,2389.0,0.2845,13491.0,0.2847,1272.0,0.2848,8668.0
1753591924904,04:52:04.904,okx,1INCH/USDT:USDT,0.2846,2389.0,0.2845,13491.0,0.2847,1272.0,0.2848,8668.0
1753591925004,04:52:05.004,okx,1INCH/USDT:USDT,0.2846,2389.0,0.2845,13491.0,0.2847,1272.0,0.2848,8668.0
1753591925204,04:52:05.204,okx,1INCH/USDT:USDT,0.2846,1793.0,0.2845,13491.0,0.2847,1274.0,0.2848,8668.0
1753591925404,04:52:05.404,okx,1INCH/USDT:USDT,0.2846,1793.0,0.2845,13140.0,0.2847,1274.0,0.2848,8668.0
1753591925504,04:52:05.504,okx,1INCH/USDT:USDT,0.2846,2320.0,0.2845,13140.0,0.2847,1274.0,0.2848,8668.0
1753591925604,04:52:05.604,okx,1INCH/USDT:USDT,0.2846,2916.0,0.2845,12087.0,0.2847,1274.0,0.2848,8668.0
1753591925704,04:52:05.704,okx,1INCH/USDT:USDT,0.2846,2389.0,0.2845,12087.0,0.2847,1274.0,0.2848,8668.0
1753591925904,04:52:05.904,okx,1INCH/USDT:USDT,0.2846,2389.0,0.2845,12614.0,0.2847,1274.0,0.2848,8668.0
1753591926004,04:52:06.004,okx,1INCH/USDT:USDT,0.2846,2389.0,0.2845,12614.0,0.2847,1274.0,0.2848,8668.0
1753591926104,04:52:06.104,okx,1INCH/USDT:USDT,0.2846,1964.0,0.2845,12614.0,0.2847,1274.0,0.2848,8668.0
1753591926204,04:52:06.204,okx,1INCH/USDT:USDT,0.2846,1964.0,0.2845,12614.0,0.2847,1402.0,0.2848,8537.0
1753591926304,04:52:06.304,okx,1INCH/USDT:USDT,0.2846,1964.0,0.2845,12087.0,0.2847,1402.0,0.2848,8992.0
1753591926404,04:52:06.404,okx,1INCH/USDT:USDT,0.2846,1964.0,0.2845,12087.0,0.2847,1402.0,0.2848,8537.0
1753591926604,04:52:06.604,okx,1INCH/USDT:USDT,0.2846,1793.0,0.2845,12087.0,0.2847,1684.0,0.2848,8992.0
1753591927104,04:52:07.104,okx,1INCH/USDT:USDT,0.2846,1793.0,0.2845,12087.0,0.2847,1416.0,0.2848,8537.0
1753591927404,04:52:07.404,okx,1INCH/USDT:USDT,0.2846,1793.0,0.2845,11736.0,0.2847,1684.0,0.2848,8992.0
1753591927604,04:52:07.604,okx,1INCH/USDT:USDT,0.2846,2389.0,0.2845,11736.0,0.2847,1380.0,0.2848,8537.0
1753591927904,04:52:07.904,okx,1INCH/USDT:USDT,0.2846,2389.0,0.2845,12263.0,0.2847,1380.0,0.2848,8537.0
1753591928104,04:52:08.104,okx,1INCH/USDT:USDT,0.2846,2389.0,0.2845,12263.0,0.2847,1380.0,0.2848,8537.0
1753591928804,04:52:08.804,okx,1INCH/USDT:USDT,0.2846,2389.0,0.2845,12263.0,0.2847,1380.0,0.2848,8537.0
1753591929504,04:52:09.504,okx,1INCH/USDT:USDT,0.2846,2389.0,0.2845,12263.0,0.2847,1380.0,0.2848,8537.0
1753591929704,04:52:09.704,okx,1INCH/USDT:USDT,0.2846,1964.0,0.2845,11736.0,0.2847,1648.0,0.2848,8992.0
1753591929804,04:52:09.804,okx,1INCH/USDT:USDT,0.2846,1964.0,0.2845,11736.0,0.2847,1648.0,0.2848,8992.0
1753591930404,04:52:10.404,okx,1INCH/USDT:USDT,0.2846,2389.0,0.2845,12263.0,0.2847,1380.0,0.2848,8537.0
1753591930704,04:52:10.704,okx,1INCH/USDT:USDT,0.2846,1793.0,0.2845,12263.0,0.2847,1648.0,0.2848,8992.0
1753591931104,04:52:11.104,okx,1INCH/USDT:USDT,0.2846,2389.0,0.2845,13316.0,0.2847,1380.0,0.2848,8537.0
1753591931304,04:52:11.304,okx,1INCH/USDT:USDT,0.2846,2389.0,0.2845,13667.0,0.2847,1403.0,0.2848,8537.0
1753591932304,04:52:12.304,okx,1INCH/USDT:USDT,0.2846,1793.0,0.2845,9883.0,0.2847,1403.0,0.2848,8992.0
1753591932404,04:52:12.404,okx,1INCH/USDT:USDT,0.2846,1696.0,0.2845,9883.0,0.2847,1403.0,0.2848,8537.0
1753591932604,04:52:12.604,okx,1INCH/USDT:USDT,0.2846,1696.0,0.2845,9883.0,0.2847,1671.0,0.2848,8992.0
1753591932704,04:52:12.704,okx,1INCH/USDT:USDT,0.2846,1793.0,0.2845,9883.0,0.2847,1403.0,0.2848,8992.0
1753591932904,04:52:12.904,okx,1INCH/USDT:USDT,0.2846,1525.0,0.2845,9883.0,0.2847,1671.0,0.2848,8992.0
1753591933004,04:52:13.004,okx,1INCH/USDT:USDT,0.2846,1525.0,0.2845,9181.0,0.2847,1671.0,0.2848,8992.0
1753591933504,04:52:13.504,okx,1INCH/USDT:USDT,0.2846,1525.0,0.2845,9181.0,0.2847,1403.0,0.2848,8992.0
1753591933804,04:52:13.804,okx,1INCH/USDT:USDT,0.2846,1525.0,0.2845,9181.0,0.2847,1671.0,0.2848,8992.0
1753591934404,04:52:14.404,okx,1INCH/USDT:USDT,0.2846,1525.0,0.2845,9181.0,0.2847,1671.0,0.2848,8992.0
1753591934804,04:52:14.804,okx,1INCH/USDT:USDT,0.2846,2389.0,0.2845,11710.0,0.2847,1403.0,0.2848,8992.0
1753591934904,04:52:14.904,okx,1INCH/USDT:USDT,0.2846,1964.0,0.2845,11710.0,0.2847,1403.0,0.2848,8992.0
1753591935004,04:52:15.004,okx,1INCH/USDT:USDT,0.2846,1964.0,0.2845,12237.0,0.2847,1403.0,0.2848,8992.0
1753591935604,04:52:15.604,okx,1INCH/USDT:USDT,0.2846,1085.0,0.2845,11710.0,0.2847,1671.0,0.2848,8992.0
1753591935704,04:52:15.704,okx,1INCH/USDT:USDT,0.2846,2908.0,0.2845,12763.0,0.2847,1403.0,0.2848,8537.0
1753591935804,04:52:15.804,okx,1INCH/USDT:USDT,0.2846,2381.0,0.2845,12763.0,0.2847,1403.0,0.2848,8537.0
1753591936104,04:52:16.104,okx,1INCH/USDT:USDT,0.2846,2381.0,0.2845,12763.0,0.2847,1397.0,0.2848,8537.0
1753591936204,04:52:16.204,okx,1INCH/USDT:USDT,0.2846,2381.0,0.2845,12763.0,0.2847,1397.0,0.2848,8537.0
1753591936304,04:52:16.304,okx,1INCH/USDT:USDT,0.2846,2381.0,0.2845,12763.0,0.2847,1401.0,0.2848,8537.0
1753591936804,04:52:16.804,okx,1INCH/USDT:USDT,0.2846,1688.0,0.2845,10234.0,0.2847,1669.0,0.2848,8537.0
1753591937004,04:52:17.004,okx,1INCH/USDT:USDT,0.2846,2381.0,0.2845,10234.0,0.2847,1401.0,0.2848,8537.0
1753591937104,04:52:17.104,okx,1INCH/USDT:USDT,0.2846,2381.0,0.2845,10761.0,0.2847,1401.0,0.2848,8537.0
1753591937304,04:52:17.304,okx,1INCH/USDT:USDT,0.2846,1956.0,0.2845,10761.0,0.2847,1400.0,0.2848,8537.0
1753591937404,04:52:17.404,okx,1INCH/USDT:USDT,0.2846,1954.0,0.2845,10761.0,0.2847,1400.0,0.2848,8992.0
1753591937504,04:52:17.504,okx,1INCH/USDT:USDT,0.2846,1956.0,0.2845,10761.0,0.2847,1400.0,0.2848,8537.0
1753591938304,04:52:18.304,okx,1INCH/USDT:USDT,0.2846,1956.0,0.2845,9708.0,0.2847,1400.0,0.2848,8537.0
1753591938804,04:52:18.804,okx,1INCH/USDT:USDT,0.2846,2113.0,0.2845,9708.0,0.2847,1668.0,0.2848,8537.0
1753591939604,04:52:19.604,okx,1INCH/USDT:USDT,0.2846,2381.0,0.2845,9708.0,0.2847,1400.0,0.2848,8992.0
1753591939904,04:52:19.904,okx,1INCH/USDT:USDT,0.2846,2381.0,0.2845,9708.0,0.2847,1400.0,0.2848,8992.0
1753591940204,04:52:20.204,okx,1INCH/USDT:USDT,0.2846,1954.0,0.2845,9708.0,0.2847,1668.0,0.2848,8992.0
1753591940504,04:52:20.504,okx,1INCH/USDT:USDT,0.2846,2381.0,0.2845,9708.0,0.2847,1397.0,0.2848,8992.0
1753591940604,04:52:20.604,okx,1INCH/USDT:USDT,0.2846,2210.0,0.2845,9708.0,0.2847,1399.0,0.2848,8992.0
1753591940904,04:52:20.904,okx,1INCH/USDT:USDT,0.2846,2381.0,0.2845,9708.0,0.2847,1399.0,0.2848,8992.0
1753591941104,04:52:21.104,okx,1INCH/USDT:USDT,0.2846,2381.0,0.2845,10761.0,0.2847,1399.0,0.2848,8537.0
1753591941304,04:52:21.304,okx,1INCH/USDT:USDT,0.2846,2384.0,0.2845,10761.0,0.2847,1399.0,0.2848,8537.0
1753591941604,04:52:21.604,okx,1INCH/USDT:USDT,0.2846,1691.0,0.2845,10761.0,0.2847,1667.0,0.2848,8992.0
1753591941804,04:52:21.804,okx,1INCH/USDT:USDT,0.2846,2384.0,0.2845,10761.0,0.2847,1399.0,0.2848,8992.0
1753591942004,04:52:22.004,okx,1INCH/USDT:USDT,0.2846,2384.0,0.2845,10761.0,0.2847,1399.0,0.2848,8537.0
1753591942304,04:52:22.304,okx,1INCH/USDT:USDT,0.2846,1691.0,0.2845,10761.0,0.2847,1668.0,0.2848,8992.0
1753591942704,04:52:22.704,okx,1INCH/USDT:USDT,0.2846,1520.0,0.2845,10761.0,0.2847,1668.0,0.2848,8992.0
1753591942804,04:52:22.804,okx,1INCH/USDT:USDT,0.2846,1691.0,0.2845,10761.0,0.2847,1668.0,0.2848,8992.0
1753591942904,04:52:22.904,okx,1INCH/USDT:USDT,0.2846,2384.0,0.2845,10761.0,0.2847,1400.0,0.2848,8992.0
1753591943004,04:52:23.004,okx,1INCH/USDT:USDT,0.2846,2384.0,0.2845,11112.0,0.2847,1400.0,0.2848,8992.0
1753591943104,04:52:23.104,okx,1INCH/USDT:USDT,0.2846,2384.0,0.2845,11112.0,0.2847,1400.0,0.2848,8992.0
1753591943204,04:52:23.204,okx,1INCH/USDT:USDT,0.2846,1691.0,0.2845,11112.0,0.2847,1668.0,0.2848,8992.0
1753591943304,04:52:23.304,okx,1INCH/USDT:USDT,0.2846,2116.0,0.2845,12516.0,0.2847,1668.0,0.2848,8537.0
1753591943404,04:52:23.404,okx,1INCH/USDT:USDT,0.2846,2384.0,0.2845,12867.0,0.2847,1398.0,0.2848,8537.0
1753591943504,04:52:23.504,okx,1INCH/USDT:USDT,0.2846,2116.0,0.2845,13218.0,0.2847,1398.0,0.2848,8537.0
1753591943604,04:52:23.604,okx,1INCH/USDT:USDT,0.2846,2116.0,0.2845,13218.0,0.2847,1401.0,0.2848,8537.0
1753591944004,04:52:24.004,okx,1INCH/USDT:USDT,0.2846,2116.0,0.2845,14622.0,0.2847,1401.0,0.2848,8537.0
1753591944104,04:52:24.104,okx,1INCH/USDT:USDT,0.2846,2116.0,0.2845,15321.0,0.2847,1401.0,0.2848,8360.0
1753591944204,04:52:24.204,okx,1INCH/USDT:USDT,0.2846,2116.0,0.2845,14268.0,0.2847,1401.0,0.2848,8360.0
1753591944304,04:52:24.304,okx,1INCH/USDT:USDT,0.2846,2116.0,0.2845,16021.0,0.2847,1401.0,0.2848,8360.0
1753591944804,04:52:24.804,okx,1INCH/USDT:USDT,0.2848,744.0,0.2847,9519.0,0.2849,1797.0,0.285,14946.0
1753591944904,04:52:24.904,okx,1INCH/USDT:USDT,0.2848,53.0,0.2847,7580.0,0.2849,2067.0,0.285,9877.0
1753591945004,04:52:25.004,okx,1INCH/USDT:USDT,0.2848,53.0,0.2847,7580.0,0.2849,2067.0,0.285,9178.0
1753591945104,04:52:25.104,okx,1INCH/USDT:USDT,0.2848,53.0,0.2847,7580.0,0.2849,2102.0,0.285,9178.0
1753591945204,04:52:25.204,okx,1INCH/USDT:USDT,0.2848,53.0,0.2847,7580.0,0.2849,2102.0,0.285,11155.0
1753591945304,04:52:25.304,okx,1INCH/USDT:USDT,0.2848,1625.0,0.2847,9520.0,0.2849,1834.0,0.285,10537.0
1753591945504,04:52:25.504,okx,1INCH/USDT:USDT,0.2848,1625.0,0.2847,9520.0,0.2849,1834.0,0.285,10537.0
1753591945604,04:52:25.604,okx,1INCH/USDT:USDT,0.2848,1625.0,0.2847,9520.0,0.2849,1834.0,0.285,10537.0
1753591945804,04:52:25.804,okx,1INCH/USDT:USDT,0.2848,1625.0,0.2847,9520.0,0.2849,1834.0,0.285,10537.0
1753591946004,04:52:26.004,okx,1INCH/USDT:USDT,0.2848,1625.0,0.2847,9550.0,0.2849,1834.0,0.285,10537.0
1753591946104,04:52:26.104,okx,1INCH/USDT:USDT,0.2848,1625.0,0.2847,9550.0,0.2849,1799.0,0.285,10537.0
1753591946904,04:52:26.904,okx,1INCH/USDT:USDT,0.2848,1625.0,0.2847,9550.0,0.2849,1799.0,0.285,10537.0
1753591947004,04:52:27.004,okx,1INCH/USDT:USDT,0.2848,1625.0,0.2847,9550.0,0.2849,1799.0,0.285,10537.0
1753591947604,04:52:27.604,okx,1INCH/USDT:USDT,0.2848,1625.0,0.2847,9550.0,0.2849,1799.0,0.285,10537.0
1753591948004,04:52:28.004,okx,1INCH/USDT:USDT,0.2848,1625.0,0.2847,9550.0,0.2849,1799.0,0.285,10537.0
1753591948404,04:52:28.404,okx,1INCH/USDT:USDT,0.2848,1625.0,0.2847,9379.0,0.2849,1799.0,0.285,10537.0
1753591948804,04:52:28.804,okx,1INCH/USDT:USDT,0.2848,1625.0,0.2847,9379.0,0.2849,1799.0,0.285,10537.0
1753591948904,04:52:28.904,okx,1INCH/USDT:USDT,0.2848,1625.0,0.2847,9905.0,0.2849,1799.0,0.285,10537.0
1753591949304,04:52:29.304,okx,1INCH/USDT:USDT,0.2848,1625.0,0.2847,9379.0,0.2849,1799.0,0.285,10537.0
1753591949604,04:52:29.604,okx,1INCH/USDT:USDT,0.2848,1625.0,0.2847,9379.0,0.2849,1799.0,0.285,10537.0
1753591950004,04:52:30.004,okx,1INCH/USDT:USDT,0.2848,1357.0,0.2847,6984.0,0.2849,2592.0,0.285,10805.0
1753591950104,04:52:30.104,okx,1INCH/USDT:USDT,0.2848,1357.0,0.2847,6984.0,0.2849,2627.0,0.285,10537.0
1753591950204,04:52:30.204,okx,1INCH/USDT:USDT,0.2848,1357.0,0.2847,6984.0,0.2849,2627.0,0.285,10537.0
1753591950504,04:52:30.504,okx,1INCH/USDT:USDT,0.2848,1358.0,0.2847,6984.0,0.2849,2627.0,0.285,12352.0
1753591950904,04:52:30.904,okx,1INCH/USDT:USDT,0.2848,1358.0,0.2847,6984.0,0.2849,2627.0,0.285,12352.0
1753591951004,04:52:31.004,okx,1INCH/USDT:USDT,0.2848,1358.0,0.2847,6984.0,0.2849,2627.0,0.285,12352.0
1753591951204,04:52:31.204,okx,1INCH/USDT:USDT,0.2848,1626.0,0.2847,9379.0,0.2849,1618.0,0.285,12352.0
1753591951304,04:52:31.304,okx,1INCH/USDT:USDT,0.2848,1358.0,0.2847,8924.0,0.2849,2362.0,0.285,12352.0
1753591952104,04:52:32.104,okx,1INCH/USDT:USDT,0.2848,1626.0,0.2847,9379.0,0.2849,1794.0,0.285,12352.0
1753591952204,04:52:32.204,okx,1INCH/USDT:USDT,0.2848,1356.0,0.2847,9379.0,0.2849,2062.0,0.285,12352.0
1753591952304,04:52:32.304,okx,1INCH/USDT:USDT,0.2848,1358.0,0.2847,9379.0,0.2849,1965.0,0.285,12352.0
1753591952904,04:52:32.904,okx,1INCH/USDT:USDT,0.2848,1358.0,0.2847,9379.0,0.2849,1965.0,0.285,12352.0
1753591953304,04:52:33.304,okx,1INCH/USDT:USDT,0.2848,1358.0,0.2847,9379.0,0.2849,2643.0,0.285,12352.0
1753591953404,04:52:33.404,okx,1INCH/USDT:USDT,0.2848,1358.0,0.2847,9379.0,0.2849,1978.0,0.285,12352.0
1753591954104,04:52:34.104,okx,1INCH/USDT:USDT,0.2848,1358.0,0.2847,9379.0,0.2849,1978.0,0.285,12352.0
1753591954804,04:52:34.804,okx,1INCH/USDT:USDT,0.2848,1358.0,0.2847,8924.0,0.2849,2375.0,0.285,12352.0
1753591954904,04:52:34.904,okx,1INCH/USDT:USDT,0.2848,1358.0,0.2847,8924.0,0.2849,2375.0,0.285,12352.0
1753591955304,04:52:35.304,okx,1INCH/USDT:USDT,0.2848,1358.0,0.2847,9379.0,0.2849,2375.0,0.285,12352.0
1753591955804,04:52:35.804,okx,1INCH/USDT:USDT,0.2848,1626.0,0.2847,9379.0,0.2849,1978.0,0.285,12352.0
1753591955904,04:52:35.904,okx,1INCH/USDT:USDT,0.2848,1626.0,0.2847,9379.0,0.2849,1978.0,0.285,12352.0
1753591956004,04:52:36.004,okx,1INCH/USDT:USDT,0.2848,1626.0,0.2847,9379.0,0.2849,1978.0,0.285,12352.0
1753591956504,04:52:36.504,okx,1INCH/USDT:USDT,0.2848,1626.0,0.2847,9379.0,0.2849,1979.0,0.285,12352.0
1753591956804,04:52:36.804,okx,1INCH/USDT:USDT,0.2848,1626.0,0.2847,9379.0,0.2849,1979.0,0.285,12352.0
1753591957204,04:52:37.204,okx,1INCH/USDT:USDT,0.2848,1358.0,0.2847,8924.0,0.2849,2376.0,0.285,10537.0
1753591957804,04:52:37.804,okx,1INCH/USDT:USDT,0.2848,1626.0,0.2847,9379.0,0.2849,1979.0,0.285,10537.0
1753591958104,04:52:38.104,okx,1INCH/USDT:USDT,0.2848,1358.0,0.2847,9379.0,0.2849,2376.0,0.285,10537.0
1753591958204,04:52:38.204,okx,1INCH/USDT:USDT,0.2848,1358.0,0.2847,9379.0,0.2849,2376.0,0.285,10537.0
1753591958304,04:52:38.304,okx,1INCH/USDT:USDT,0.2848,1358.0,0.2847,6984.0,0.2849,2376.0,0.285,10537.0
1753591958404,04:52:38.404,okx,1INCH/USDT:USDT,0.2848,1369.0,0.2847,7439.0,0.2849,2376.0,0.285,10537.0
1753591958504,04:52:38.504,okx,1INCH/USDT:USDT,0.2848,1369.0,0.2847,9379.0,0.2849,1979.0,0.285,10537.0
1753591959304,04:52:39.304,okx,1INCH/USDT:USDT,0.2848,1369.0,0.2847,9379.0,0.2849,2028.0,0.285,10537.0
1753591959604,04:52:39.604,okx,1INCH/USDT:USDT,0.2848,1369.0,0.2847,9379.0,0.2849,2028.0,0.285,10537.0
1753591959704,04:52:39.704,okx,1INCH/USDT:USDT,0.2848,2243.0,0.2847,9379.0,0.2849,1681.0,0.285,10537.0
1753591959804,04:52:39.804,okx,1INCH/USDT:USDT,0.2848,2414.0,0.2847,9379.0,0.2849,1681.0,0.285,10537.0
1753591959904,04:52:39.904,okx,1INCH/USDT:USDT,0.2848,2414.0,0.2847,9379.0,0.2849,1681.0,0.285,10537.0
1753591960304,04:52:40.304,okx,1INCH/USDT:USDT,0.2848,2243.0,0.2847,9379.0,0.2849,1681.0,0.285,10537.0
1753591960404,04:52:40.404,okx,1INCH/USDT:USDT,0.2848,2243.0,0.2847,9379.0,0.2849,1681.0,0.285,10537.0
1753591961304,04:52:41.304,okx,1INCH/USDT:USDT,0.2848,1369.0,0.2847,9379.0,0.2849,2517.0,0.285,10537.0
1753591961504,04:52:41.504,okx,1INCH/USDT:USDT,0.2848,1369.0,0.2847,8924.0,0.2849,2517.0,0.285,10537.0
1753591961604,04:52:41.604,okx,1INCH/USDT:USDT,0.2848,1369.0,0.2847,8924.0,0.2849,2517.0,0.285,10537.0
1753591961804,04:52:41.804,okx,1INCH/USDT:USDT,0.2848,1369.0,0.2847,9450.0,0.2849,2517.0,0.285,10537.0
1753591961904,04:52:41.904,okx,1INCH/USDT:USDT,0.2848,1369.0,0.2847,9379.0,0.2849,1852.0,0.285,10537.0
1753591962004,04:52:42.004,okx,1INCH/USDT:USDT,0.2848,1369.0,0.2847,9379.0,0.2849,1852.0,0.285,10537.0
1753591962304,04:52:42.304,okx,1INCH/USDT:USDT,0.2848,1369.0,0.2847,9379.0,0.2849,1857.0,0.285,10537.0
1753591962404,04:52:42.404,okx,1INCH/USDT:USDT,0.2848,1369.0,0.2847,9379.0,0.2849,1857.0,0.285,10537.0
1753591963504,04:52:43.504,okx,1INCH/USDT:USDT,0.2848,1637.0,0.2847,9379.0,0.2849,1673.0,0.285,10537.0
1753591964104,04:52:44.104,okx,1INCH/USDT:USDT,0.2848,1369.0,0.2847,9379.0,0.2849,1844.0,0.285,10537.0
1753591964804,04:52:44.804,okx,1INCH/USDT:USDT,0.2848,1637.0,0.2847,9379.0,0.2849,1673.0,0.285,10537.0
1753591964904,04:52:44.904,okx,1INCH/USDT:USDT,0.2848,1637.0,0.2847,9379.0,0.2849,1673.0,0.285,10537.0
1753591966404,04:52:46.404,okx,1INCH/USDT:USDT,0.2848,1637.0,0.2847,9379.0,0.2849,1673.0,0.285,10537.0
1753591966704,04:52:46.704,okx,1INCH/USDT:USDT,0.2848,1637.0,0.2847,9379.0,0.2849,1673.0,0.285,10537.0
1753591968104,04:52:48.104,okx,1INCH/USDT:USDT,0.2848,7731.0,0.2847,9379.0,0.2849,1673.0,0.285,10537.0
1753591968204,04:52:48.204,okx,1INCH/USDT:USDT,0.2848,7731.0,0.2847,9379.0,0.2849,1673.0,0.285,9313.0
1753591968304,04:52:48.304,okx,1INCH/USDT:USDT,0.2848,7731.0,0.2847,9379.0,0.2849,1673.0,0.285,9313.0
1753591968404,04:52:48.404,okx,1INCH/USDT:USDT,0.2848,7731.0,0.2847,9379.0,0.2849,1673.0,0.285,9313.0
1753591968504,04:52:48.504,okx,1INCH/USDT:USDT,0.2848,7308.0,0.2847,9379.0,0.2849,1673.0,0.285,9313.0
1753591969204,04:52:49.204,okx,1INCH/USDT:USDT,0.2848,7731.0,0.2847,9379.0,0.2849,1673.0,0.285,9313.0
1753591969304,04:52:49.304,okx,1INCH/USDT:USDT,0.2848,7731.0,0.2847,9379.0,0.2849,1673.0,0.285,9313.0
1753591969904,04:52:49.904,okx,1INCH/USDT:USDT,0.2847,636.0,0.2846,8606.0,0.2848,4918.0,0.2849,17770.0
1753591970004,04:52:50.004,okx,1INCH/USDT:USDT,0.2847,638.0,0.2846,10377.0,0.2848,3171.0,0.2849,14496.0
1753591970104,04:52:50.104,okx,1INCH/USDT:USDT,0.2847,638.0,0.2846,10377.0,0.2848,3171.0,0.2849,14496.0
1753591970304,04:52:50.304,okx,1INCH/USDT:USDT,0.2847,638.0,0.2846,10377.0,0.2848,3171.0,0.2849,14496.0
1753591970704,04:52:50.704,okx,1INCH/USDT:USDT,0.2847,638.0,0.2846,10377.0,0.2848,3171.0,0.2849,14496.0
1753591970804,04:52:50.804,okx,1INCH/USDT:USDT,0.2847,462.0,0.2846,10377.0,0.2848,3171.0,0.2849,14496.0
1753591970904,04:52:50.904,okx,1INCH/USDT:USDT,0.2847,462.0,0.2846,10377.0,0.2848,3171.0,0.2849,14496.0
1753591971004,04:52:51.004,okx,1INCH/USDT:USDT,0.2847,462.0,0.2846,9922.0,0.2848,3171.0,0.2849,14496.0
1753591971104,04:52:51.104,okx,1INCH/USDT:USDT,0.2847,462.0,0.2846,9922.0,0.2848,3171.0,0.2849,14496.0
1753591971404,04:52:51.404,okx,1INCH/USDT:USDT,0.2847,464.0,0.2846,9922.0,0.2848,3171.0,0.2849,14496.0
1753591971704,04:52:51.704,okx,1INCH/USDT:USDT,0.2847,464.0,0.2846,9922.0,0.2848,3171.0,0.2849,15022.0
1753591971904,04:52:51.904,okx,1INCH/USDT:USDT,0.2847,464.0,0.2846,9922.0,0.2848,3171.0,0.2849,15022.0
1753591972004,04:52:52.004,okx,1INCH/USDT:USDT,0.2847,464.0,0.2846,9922.0,0.2848,3171.0,0.2849,15022.0
1753591972504,04:52:52.504,okx,1INCH/USDT:USDT,0.2847,464.0,0.2846,10377.0,0.2848,3171.0,0.2849,15022.0
1753591972904,04:52:52.904,okx,1INCH/USDT:USDT,0.2847,464.0,0.2846,10377.0,0.2848,3171.0,0.2849,15022.0
1753591973104,04:52:53.104,okx,1INCH/USDT:USDT,0.2847,638.0,0.2846,10377.0,0.2848,1818.0,0.2849,15022.0
1753591973204,04:52:53.204,okx,1INCH/USDT:USDT,0.2847,640.0,0.2846,10377.0,0.2848,1844.0,0.2849,15022.0
1753591974904,04:52:54.904,okx,1INCH/USDT:USDT,0.2847,640.0,0.2846,10377.0,0.2848,1844.0,0.2849,15022.0
1753591975004,04:52:55.004,okx,1INCH/USDT:USDT,0.2847,640.0,0.2846,10904.0,0.2848,1844.0,0.2849,15022.0
1753591975604,04:52:55.604,okx,1INCH/USDT:USDT,0.2847,640.0,0.2846,10377.0,0.2848,2015.0,0.2849,15022.0
1753591976004,04:52:56.004,okx,1INCH/USDT:USDT,0.2847,464.0,0.2846,9751.0,0.2848,2412.0,0.2849,15022.0
1753591976304,04:52:56.304,okx,1INCH/USDT:USDT,0.2847,464.0,0.2846,10206.0,0.2848,2412.0,0.2849,15022.0
1753591976404,04:52:56.404,okx,1INCH/USDT:USDT,0.2847,464.0,0.2846,10206.0,0.2848,2391.0,0.2849,15022.0
1753591976704,04:52:56.704,okx,1INCH/USDT:USDT,0.2847,464.0,0.2846,9751.0,0.2848,2391.0,0.2849,15022.0
1753591976804,04:52:56.804,okx,1INCH/USDT:USDT,0.2847,464.0,0.2846,10206.0,0.2848,2391.0,0.2849,15022.0
1753591977004,04:52:57.004,okx,1INCH/USDT:USDT,0.2847,464.0,0.2846,10206.0,0.2848,2391.0,0.2849,15022.0
1753591977104,04:52:57.104,okx,1INCH/USDT:USDT,0.2847,464.0,0.2846,10206.0,0.2848,2391.0,0.2849,15022.0
1753591977204,04:52:57.204,okx,1INCH/USDT:USDT,0.2847,464.0,0.2846,10206.0,0.2848,2391.0,0.2849,15022.0
1753591977404,04:52:57.404,okx,1INCH/USDT:USDT,0.2847,468.0,0.2846,10206.0,0.2848,1823.0,0.2849,15017.0
1753591977504,04:52:57.504,okx,1INCH/USDT:USDT,0.2847,468.0,0.2846,10206.0,0.2848,2391.0,0.2849,16531.0
1753591977604,04:52:57.604,okx,1INCH/USDT:USDT,0.2847,468.0,0.2846,9751.0,0.2848,2391.0,0.2849,16531.0
1753591978004,04:52:58.004,okx,1INCH/USDT:USDT,0.2847,468.0,0.2846,10206.0,0.2848,2659.0,0.2849,16531.0
1753591978104,04:52:58.104,okx,1INCH/USDT:USDT,0.2847,468.0,0.2846,10206.0,0.2848,1994.0,0.2849,16531.0
1753591978304,04:52:58.304,okx,1INCH/USDT:USDT,0.2847,468.0,0.2846,10206.0,0.2848,1994.0,0.2849,16531.0
1753591978404,04:52:58.404,okx,1INCH/USDT:USDT,0.2847,468.0,0.2846,10206.0,0.2848,1994.0,0.2849,16531.0
1753591979304,04:52:59.304,okx,1INCH/USDT:USDT,0.2847,665.0,0.2846,11003.0,0.2848,249.0,0.2849,10696.0
1753591979504,04:52:59.504,okx,1INCH/USDT:USDT,0.2847,642.0,0.2846,9327.0,0.2848,2068.0,0.2849,10525.0
1753591979704,04:52:59.704,okx,1INCH/USDT:USDT,0.2847,642.0,0.2846,9327.0,0.2848,2068.0,0.2849,10525.0
1753591979904,04:52:59.904,okx,1INCH/USDT:USDT,0.2847,1214.0,0.2846,9586.0,0.2848,259.0,0.2849,10070.0
1753591980204,04:53:00.204,okx,1INCH/USDT:USDT,0.2847,646.0,0.2846,9571.0,0.2848,2075.0,0.2849,10525.0
1753591980304,04:53:00.304,okx,1INCH/USDT:USDT,0.2847,646.0,0.2846,9571.0,0.2848,2077.0,0.2849,10525.0
1753591980404,04:53:00.404,okx,1INCH/USDT:USDT,0.2847,1256.0,0.2846,11431.0,0.2848,4.0,0.2849,10070.0
1753591980504,04:53:00.504,okx,1INCH/USDT:USDT,0.2847,1256.0,0.2846,11514.0,0.2848,4.0,0.2849,10070.0
1753591980604,04:53:00.604,okx,1INCH/USDT:USDT,0.2847,1256.0,0.2846,12567.0,0.2848,251.0,0.2849,10070.0
1753591980704,04:53:00.704,okx,1INCH/USDT:USDT,0.2847,834.0,0.2846,12567.0,0.2848,253.0,0.2849,10525.0
1753591980804,04:53:00.804,okx,1INCH/USDT:USDT,0.2847,836.0,0.2846,12567.0,0.2848,253.0,0.2849,10070.0
1753591981004,04:53:01.004,okx,1INCH/USDT:USDT,0.2847,1256.0,0.2846,13267.0,0.2848,253.0,0.2849,10099.0
1753591981204,04:53:01.204,okx,1INCH/USDT:USDT,0.2847,1256.0,0.2846,13267.0,0.2848,253.0,0.2849,9099.0
1753591981404,04:53:01.404,okx,1INCH/USDT:USDT,0.2847,1256.0,0.2846,13267.0,0.2848,256.0,0.2849,9099.0
1753591981504,04:53:01.504,okx,1INCH/USDT:USDT,0.2847,1256.0,0.2846,13267.0,0.2848,256.0,0.2849,9367.0
1753591981804,04:53:01.804,okx,1INCH/USDT:USDT,0.2847,799.0,0.2846,11864.0,0.2848,1825.0,0.2849,9554.0
1753591982004,04:53:02.004,okx,1INCH/USDT:USDT,0.2847,646.0,0.2846,10708.0,0.2848,1996.0,0.2849,9554.0
1753591982104,04:53:02.104,okx,1INCH/USDT:USDT,0.2847,646.0,0.2846,10812.0,0.2848,1996.0,0.2849,9554.0
1753591982204,04:53:02.204,okx,1INCH/USDT:USDT,0.2847,646.0,0.2846,9220.0,0.2848,1996.0,0.2849,9554.0
1753591982304,04:53:02.304,okx,1INCH/USDT:USDT,0.2847,646.0,0.2846,9220.0,0.2848,1996.0,0.2849,9554.0
1753591982504,04:53:02.504,okx,1INCH/USDT:USDT,0.2847,646.0,0.2846,8627.0,0.2848,1996.0,0.2849,9554.0
1753591983604,04:53:03.604,okx,1INCH/USDT:USDT,0.2847,468.0,0.2846,8627.0,0.2848,1996.0,0.2849,9554.0
1753591983704,04:53:03.704,okx,1INCH/USDT:USDT,0.2847,468.0,0.2846,8172.0,0.2848,1996.0,0.2849,9554.0
1753591983804,04:53:03.804,okx,1INCH/USDT:USDT,0.2847,468.0,0.2846,8627.0,0.2848,1996.0,0.2849,9554.0
1753591983904,04:53:03.904,okx,1INCH/USDT:USDT,0.2847,468.0,0.2846,8627.0,0.2848,1996.0,0.2849,9554.0
1753591984504,04:53:04.504,okx,1INCH/USDT:USDT,0.2847,468.0,0.2846,8172.0,0.2848,2620.0,0.2849,9554.0
1753591985104,04:53:05.104,okx,1INCH/USDT:USDT,0.2847,468.0,0.2846,6232.0,0.2848,2354.0,0.2849,9554.0
1753591985604,04:53:05.604,okx,1INCH/USDT:USDT,0.2847,468.0,0.2846,6232.0,0.2848,2354.0,0.2849,9554.0
1753591985804,04:53:05.804,okx,1INCH/USDT:USDT,0.2847,472.0,0.2846,6687.0,0.2848,1996.0,0.2849,9554.0
1753591985904,04:53:05.904,okx,1INCH/USDT:USDT,0.2847,472.0,0.2846,8627.0,0.2848,1996.0,0.2849,9554.0
1753591986004,04:53:06.004,okx,1INCH/USDT:USDT,0.2847,472.0,0.2846,8172.0,0.2848,2354.0,0.2849,9554.0
1753591986104,04:53:06.104,okx,1INCH/USDT:USDT,0.2847,472.0,0.2846,8172.0,0.2848,2354.0,0.2849,9554.0
1753591986304,04:53:06.304,okx,1INCH/USDT:USDT,0.2847,472.0,0.2846,8172.0,0.2848,2354.0,0.2849,11068.0
1753591986604,04:53:06.604,okx,1INCH/USDT:USDT,0.2847,472.0,0.2846,6232.0,0.2848,2354.0,0.2849,11068.0
1753591986804,04:53:06.804,okx,1INCH/USDT:USDT,0.2847,472.0,0.2846,6232.0,0.2848,2354.0,0.2849,12459.0
1753591986904,04:53:06.904,okx,1INCH/USDT:USDT,0.2847,472.0,0.2846,6232.0,0.2848,2622.0,0.2849,12459.0
1753591987004,04:53:07.004,okx,1INCH/USDT:USDT,0.2847,472.0,0.2846,6232.0,0.2848,2619.0,0.2849,12459.0
1753591987304,04:53:07.304,okx,1INCH/USDT:USDT,0.2847,471.0,0.2846,6232.0,0.2848,2351.0,0.2849,13509.0
1753591988104,04:53:08.104,okx,1INCH/USDT:USDT,0.2847,471.0,0.2846,6232.0,0.2848,2351.0,0.2849,13509.0
1753591989004,04:53:09.004,okx,1INCH/USDT:USDT,0.2847,471.0,0.2846,6232.0,0.2848,2351.0,0.2849,13860.0
1753591989104,04:53:09.104,okx,1INCH/USDT:USDT,0.2847,471.0,0.2846,6232.0,0.2848,2351.0,0.2849,13860.0
1753591989804,04:53:09.804,okx,1INCH/USDT:USDT,0.2847,471.0,0.2846,6232.0,0.2848,2351.0,0.2849,14209.0
1753591991304,04:53:11.304,okx,1INCH/USDT:USDT,0.2847,471.0,0.2846,6232.0,0.2848,2351.0,0.2849,13860.0
1753591991404,04:53:11.404,okx,1INCH/USDT:USDT,0.2847,471.0,0.2846,6232.0,0.2848,2351.0,0.2849,13860.0
1753591991504,04:53:11.504,okx,1INCH/USDT:USDT,0.2847,471.0,0.2846,6232.0,0.2848,2432.0,0.2849,13810.0
1753591991904,04:53:11.904,okx,1INCH/USDT:USDT,0.2847,471.0,0.2846,6232.0,0.2848,2432.0,0.2849,13810.0
1753591992504,04:53:12.504,okx,1INCH/USDT:USDT,0.2846,233.0,0.2845,8185.0,0.2847,1714.0,0.2848,16572.0
1753591992904,04:53:12.904,okx,1INCH/USDT:USDT,0.2846,233.0,0.2845,8185.0,0.2847,1982.0,0.2848,13620.0
1753591993004,04:53:13.004,okx,1INCH/USDT:USDT,0.2846,233.0,0.2845,8185.0,0.2847,1982.0,0.2848,14620.0
1753591993104,04:53:13.104,okx,1INCH/USDT:USDT,0.2846,233.0,0.2845,8185.0,0.2847,1982.0,0.2848,14620.0
1753591993204,04:53:13.204,okx,1INCH/USDT:USDT,0.2846,233.0,0.2845,8185.0,0.2847,1982.0,0.2848,14620.0
1753591993304,04:53:13.304,okx,1INCH/USDT:USDT,0.2846,233.0,0.2845,8185.0,0.2847,1999.0,0.2848,14269.0
1753591993504,04:53:13.504,okx,1INCH/USDT:USDT,0.2846,233.0,0.2845,8185.0,0.2847,1999.0,0.2848,15319.0
1753591993604,04:53:13.604,okx,1INCH/USDT:USDT,0.2846,233.0,0.2845,8185.0,0.2847,1999.0,0.2848,15319.0
1753591993704,04:53:13.704,okx,1INCH/USDT:USDT,0.2846,233.0,0.2845,8185.0,0.2847,1999.0,0.2848,15669.0
1753591993804,04:53:13.804,okx,1INCH/USDT:USDT,0.2846,233.0,0.2845,8185.0,0.2847,1999.0,0.2848,15669.0
1753591994104,04:53:14.104,okx,1INCH/USDT:USDT,0.2846,233.0,0.2845,8185.0,0.2847,1999.0,0.2848,15669.0
1753591994304,04:53:14.304,okx,1INCH/USDT:USDT,0.2846,233.0,0.2845,8185.0,0.2847,2077.0,0.2848,15588.0
1753591995004,04:53:15.004,okx,1INCH/USDT:USDT,0.2846,233.0,0.2845,8185.0,0.2847,2077.0,0.2848,15588.0
1753591995204,04:53:15.204,okx,1INCH/USDT:USDT,0.2846,233.0,0.2845,8185.0,0.2847,2080.0,0.2848,15588.0
1753591995304,04:53:15.304,okx,1INCH/USDT:USDT,0.2846,233.0,0.2845,8185.0,0.2847,2080.0,0.2848,14188.0
1753591996404,04:53:16.404,okx,1INCH/USDT:USDT,0.2846,233.0,0.2845,8185.0,0.2847,1454.0,0.2848,14188.0
1753591996604,04:53:16.604,okx,1INCH/USDT:USDT,0.2846,233.0,0.2845,8640.0,0.2847,1722.0,0.2848,14188.0
1753591996704,04:53:16.704,okx,1INCH/USDT:USDT,0.2846,233.0,0.2845,10580.0,0.2847,1722.0,0.2848,14188.0
1753591997104,04:53:17.104,okx,1INCH/USDT:USDT,0.2846,233.0,0.2845,10125.0,0.2847,1722.0,0.2848,14188.0
1753591997404,04:53:17.404,okx,1INCH/USDT:USDT,0.2846,233.0,0.2845,10125.0,0.2847,2080.0,0.2848,14188.0
1753591998104,04:53:18.104,okx,1INCH/USDT:USDT,0.2846,233.0,0.2845,10125.0,0.2847,2080.0,0.2848,15702.0
1753591998204,04:53:18.204,okx,1INCH/USDT:USDT,0.2846,233.0,0.2845,10125.0,0.2847,2080.0,0.2848,15143.0
1753591998504,04:53:18.504,okx,1INCH/USDT:USDT,0.2846,233.0,0.2845,10125.0,0.2847,2080.0,0.2848,15143.0
1753591998704,04:53:18.704,okx,1INCH/USDT:USDT,0.2846,233.0,0.2845,10580.0,0.2847,2080.0,0.2848,15143.0
1753591998904,04:53:18.904,okx,1INCH/USDT:USDT,0.2846,416.0,0.2845,10580.0,0.2847,367.0,0.2848,15143.0
1753591999004,04:53:19.004,okx,1INCH/USDT:USDT,0.2846,416.0,0.2845,10580.0,0.2847,369.0,0.2848,15143.0
1753591999304,04:53:19.304,okx,1INCH/USDT:USDT,0.2846,416.0,0.2845,10580.0,0.2847,899.0,0.2848,15143.0
1753592000304,04:53:20.304,okx,1INCH/USDT:USDT,0.2846,419.0,0.2845,10580.0,0.2847,899.0,0.2848,15143.0
1753592000404,04:53:20.404,okx,1INCH/USDT:USDT,0.2846,419.0,0.2845,10580.0,0.2847,899.0,0.2848,15143.0
1753592000604,04:53:20.604,okx,1INCH/USDT:USDT,0.2846,419.0,0.2845,10580.0,0.2847,370.0,0.2848,15143.0
1753592001204,04:53:21.204,okx,1INCH/USDT:USDT,0.2846,419.0,0.2845,10580.0,0.2847,388.0,0.2848,15143.0
1753592001504,04:53:21.504,okx,1INCH/USDT:USDT,0.2846,419.0,0.2845,10580.0,0.2847,388.0,0.2848,15143.0
1753592001804,04:53:21.804,okx,1INCH/USDT:USDT,0.2846,837.0,0.2845,12909.0,0.2847,380.0,0.2848,15143.0
1753592001904,04:53:21.904,okx,1INCH/USDT:USDT,0.2846,837.0,0.2845,12382.0,0.2847,380.0,0.2848,15143.0
1753592002004,04:53:22.004,okx,1INCH/USDT:USDT,0.2846,837.0,0.2845,12382.0,0.2847,380.0,0.2848,15143.0
1753592002104,04:53:22.104,okx,1INCH/USDT:USDT,0.2846,837.0,0.2845,12382.0,0.2847,380.0,0.2848,15143.0
1753592002304,04:53:22.304,okx,1INCH/USDT:USDT,0.2846,837.0,0.2845,12382.0,0.2847,380.0,0.2848,15143.0
1753592003304,04:53:23.304,okx,1INCH/USDT:USDT,0.2846,834.0,0.2845,12382.0,0.2847,380.0,0.2848,15143.0
1753592003404,04:53:23.404,okx,1INCH/USDT:USDT,0.2846,1430.0,0.2845,12382.0,0.2847,120.0,0.2848,13434.0
1753592003504,04:53:23.504,okx,1INCH/USDT:USDT,0.2846,1430.0,0.2845,12382.0,0.2847,120.0,0.2848,13434.0
1753592003604,04:53:23.604,okx,1INCH/USDT:USDT,0.2846,1430.0,0.2845,12382.0,0.2847,120.0,0.2848,13434.0
1753592004004,04:53:24.004,okx,1INCH/USDT:USDT,0.2846,1430.0,0.2845,13435.0,0.2847,378.0,0.2848,13434.0
1753592004104,04:53:24.104,okx,1INCH/USDT:USDT,0.2846,1430.0,0.2845,13435.0,0.2847,378.0,0.2848,13434.0
1753592004204,04:53:24.204,okx,1INCH/USDT:USDT,0.2846,1430.0,0.2845,13786.0,0.2847,378.0,0.2848,13434.0
1753592004304,04:53:24.304,okx,1INCH/USDT:USDT,0.2846,1430.0,0.2845,13786.0,0.2847,378.0,0.2848,13434.0
1753592004404,04:53:24.404,okx,1INCH/USDT:USDT,0.2846,1430.0,0.2845,13786.0,0.2847,377.0,0.2848,13434.0
1753592005104,04:53:25.104,okx,1INCH/USDT:USDT,0.2846,1430.0,0.2845,13786.0,0.2847,377.0,0.2848,13434.0
1753592005204,04:53:25.204,okx,1INCH/USDT:USDT,0.2846,1430.0,0.2845,14137.0,0.2847,370.0,0.2848,13434.0
1753592005304,04:53:25.304,okx,1INCH/USDT:USDT,0.2846,1430.0,0.2845,14137.0,0.2847,370.0,0.2848,13434.0
1753592005404,04:53:25.404,okx,1INCH/USDT:USDT,0.2846,1430.0,0.2845,14137.0,0.2847,370.0,0.2848,13434.0
1753592005504,04:53:25.504,okx,1INCH/USDT:USDT,0.2846,1430.0,0.2845,14137.0,0.2847,370.0,0.2848,13434.0
1753592005604,04:53:25.604,okx,1INCH/USDT:USDT,0.2846,1430.0,0.2845,14137.0,0.2847,370.0,0.2848,13434.0
1753592005704,04:53:25.704,okx,1INCH/USDT:USDT,0.2846,839.0,0.2845,14137.0,0.2847,370.0,0.2848,13434.0
1753592005804,04:53:25.804,okx,1INCH/USDT:USDT,0.2846,837.0,0.2845,14137.0,0.2847,370.0,0.2848,13889.0
1753592005904,04:53:25.904,okx,1INCH/USDT:USDT,0.2846,1010.0,0.2845,14137.0,0.2847,370.0,0.2848,13434.0
1753592006004,04:53:26.004,okx,1INCH/USDT:USDT,0.2846,1430.0,0.2845,12335.0,0.2847,370.0,0.2848,13434.0
1753592006104,04:53:26.104,okx,1INCH/USDT:USDT,0.2846,1430.0,0.2845,12335.0,0.2847,370.0,0.2848,13434.0
1753592006704,04:53:26.704,okx,1INCH/USDT:USDT,0.2846,1430.0,0.2845,12335.0,0.2847,370.0,0.2848,13434.0
1753592007204,04:53:27.204,okx,1INCH/USDT:USDT,0.2846,1430.0,0.2845,15723.0,0.2847,370.0,0.2848,11920.0
1753592007504,04:53:27.504,okx,1INCH/USDT:USDT,0.2846,1430.0,0.2845,15723.0,0.2847,370.0,0.2848,11920.0
1753592007804,04:53:27.804,okx,1INCH/USDT:USDT,0.2846,1430.0,0.2845,15723.0,0.2847,370.0,0.2848,11920.0
1753592008004,04:53:28.004,okx,1INCH/USDT:USDT,0.2846,1430.0,0.2845,15723.0,0.2847,370.0,0.2848,11920.0
1753592008704,04:53:28.704,okx,1INCH/USDT:USDT,0.2846,1430.0,0.2845,15723.0,0.2847,370.0,0.2848,11920.0
1753592008804,04:53:28.804,okx,1INCH/USDT:USDT,0.2846,1430.0,0.2845,15723.0,0.2847,370.0,0.2848,11920.0
1753592009404,04:53:29.404,okx,1INCH/USDT:USDT,0.2846,1456.0,0.2845,15723.0,0.2847,353.0,0.2848,11920.0
1753592009504,04:53:29.504,okx,1INCH/USDT:USDT,0.2846,1456.0,0.2845,15723.0,0.2847,353.0,0.2848,11920.0
1753592010904,04:53:30.904,okx,1INCH/USDT:USDT,0.2846,1456.0,0.2845,16074.0,0.2847,353.0,0.2848,11920.0
1753592011304,04:53:31.304,okx,1INCH/USDT:USDT,0.2846,1456.0,0.2845,16074.0,0.2847,353.0,0.2848,11920.0
1753592011704,04:53:31.704,okx,1INCH/USDT:USDT,0.2846,1456.0,0.2845,16074.0,0.2847,353.0,0.2848,11920.0
1753592011904,04:53:31.904,okx,1INCH/USDT:USDT,0.2846,1267.0,0.2845,16074.0,0.2847,353.0,0.2848,11920.0
1753592012204,04:53:32.204,okx,1INCH/USDT:USDT,0.2846,1267.0,0.2845,16074.0,0.2847,353.0,0.2848,11920.0
1753592012604,04:53:32.604,okx,1INCH/USDT:USDT,0.2846,1267.0,0.2845,16425.0,0.2847,353.0,0.2848,11920.0
1753592013004,04:53:33.004,okx,1INCH/USDT:USDT,0.2846,1267.0,0.2845,16425.0,0.2847,353.0,0.2848,11920.0
1753592013504,04:53:33.504,okx,1INCH/USDT:USDT,0.2846,1267.0,0.2845,16425.0,0.2847,276.0,0.2848,11920.0
1753592013604,04:53:33.604,okx,1INCH/USDT:USDT,0.2846,1267.0,0.2845,16425.0,0.2847,359.0,0.2848,11920.0
1753592013704,04:53:33.704,okx,1INCH/USDT:USDT,0.2846,1267.0,0.2845,16425.0,0.2847,359.0,0.2848,11920.0
1753592014004,04:53:34.004,okx,1INCH/USDT:USDT,0.2846,1267.0,0.2845,17125.0,0.2847,359.0,0.2848,11920.0
1753592014904,04:53:34.904,okx,1INCH/USDT:USDT,0.2846,1267.0,0.2845,17125.0,0.2847,359.0,0.2848,11920.0
1753592015004,04:53:35.004,okx,1INCH/USDT:USDT,0.2846,1267.0,0.2845,17125.0,0.2847,359.0,0.2848,11920.0
1753592015304,04:53:35.304,okx,1INCH/USDT:USDT,0.2846,1267.0,0.2845,18178.0,0.2847,359.0,0.2848,11920.0
1753592015604,04:53:35.604,okx,1INCH/USDT:USDT,0.2846,1267.0,0.2845,18529.0,0.2847,359.0,0.2848,11920.0
1753592015704,04:53:35.704,okx,1INCH/USDT:USDT,0.2847,1455.0,0.2846,12822.0,0.2848,7.0,0.2849,11423.0
1753592015904,04:53:35.904,okx,1INCH/USDT:USDT,0.2847,1457.0,0.2846,13177.0,0.2848,4.0,0.2849,10885.0
1753592016004,04:53:36.004,okx,1INCH/USDT:USDT,0.2847,1457.0,0.2846,13177.0,0.2848,4.0,0.2849,10885.0
1753592016104,04:53:36.104,okx,1INCH/USDT:USDT,0.2847,1457.0,0.2846,13177.0,0.2848,4.0,0.2849,10885.0
1753592016204,04:53:36.204,okx,1INCH/USDT:USDT,0.2847,1457.0,0.2846,13177.0,0.2848,4.0,0.2849,10885.0
1753592016304,04:53:36.304,okx,1INCH/USDT:USDT,0.2847,1457.0,0.2846,13177.0,0.2848,260.0,0.2849,11340.0
1753592016404,04:53:36.404,okx,1INCH/USDT:USDT,0.2847,865.0,0.2846,13177.0,0.2848,260.0,0.2849,11340.0
1753592016604,04:53:36.604,okx,1INCH/USDT:USDT,0.2847,1457.0,0.2846,12826.0,0.2848,260.0,0.2849,11340.0
1753592016704,04:53:36.704,okx,1INCH/USDT:USDT,0.2847,1457.0,0.2846,12826.0,0.2848,260.0,0.2849,10885.0
1753592016804,04:53:36.804,okx,1INCH/USDT:USDT,0.2847,1457.0,0.2846,12826.0,0.2848,260.0,0.2849,11340.0
1753592016904,04:53:36.904,okx,1INCH/USDT:USDT,0.2847,1054.0,0.2846,12826.0,0.2848,260.0,0.2849,11340.0
1753592017004,04:53:37.004,okx,1INCH/USDT:USDT,0.2847,773.0,0.2846,11785.0,0.2848,774.0,0.2849,11340.0
1753592017104,04:53:37.104,okx,1INCH/USDT:USDT,0.2847,773.0,0.2846,11785.0,0.2848,774.0,0.2849,11340.0
1753592017204,04:53:37.204,okx,1INCH/USDT:USDT,0.2847,773.0,0.2846,11785.0,0.2848,774.0,0.2849,11340.0
1753592017804,04:53:37.804,okx,1INCH/USDT:USDT,0.2847,773.0,0.2846,11785.0,0.2848,774.0,0.2849,11340.0
1753592018004,04:53:38.004,okx,1INCH/USDT:USDT,0.2847,773.0,0.2846,11785.0,0.2848,774.0,0.2849,11340.0
1753592018104,04:53:38.104,okx,1INCH/USDT:USDT,0.2847,773.0,0.2846,11785.0,0.2848,774.0,0.2849,11340.0
1753592018404,04:53:38.404,okx,1INCH/USDT:USDT,0.2847,774.0,0.2846,11785.0,0.2848,774.0,0.2849,11340.0
1753592018504,04:53:38.504,okx,1INCH/USDT:USDT,0.2847,801.0,0.2846,11759.0,0.2848,774.0,0.2849,11340.0
1753592018804,04:53:38.804,okx,1INCH/USDT:USDT,0.2847,801.0,0.2846,11759.0,0.2848,774.0,0.2849,11340.0
1753592019004,04:53:39.004,okx,1INCH/USDT:USDT,0.2847,801.0,0.2846,12286.0,0.2848,774.0,0.2849,11340.0
1753592019104,04:53:39.104,okx,1INCH/USDT:USDT,0.2847,801.0,0.2846,11759.0,0.2848,774.0,0.2849,11340.0
1753592019204,04:53:39.204,okx,1INCH/USDT:USDT,0.2847,801.0,0.2846,11759.0,0.2848,814.0,0.2849,11340.0
1753592019504,04:53:39.504,okx,1INCH/USDT:USDT,0.2847,801.0,0.2846,11759.0,0.2848,814.0,0.2849,11340.0
1753592020004,04:53:40.004,okx,1INCH/USDT:USDT,0.2847,801.0,0.2846,11759.0,0.2848,814.0,0.2849,11340.0
1753592020404,04:53:40.404,okx,1INCH/USDT:USDT,0.2847,1393.0,0.2846,11759.0,0.2848,814.0,0.2849,10885.0
1753592020504,04:53:40.504,okx,1INCH/USDT:USDT,0.2847,1393.0,0.2846,11759.0,0.2848,300.0,0.2849,11340.0
1753592020704,04:53:40.704,okx,1INCH/USDT:USDT,0.2847,801.0,0.2846,11759.0,0.2848,300.0,0.2849,11340.0
1753592021404,04:53:41.404,okx,1INCH/USDT:USDT,0.2847,801.0,0.2846,11759.0,0.2848,300.0,0.2849,11340.0
1753592021804,04:53:41.804,okx,1INCH/USDT:USDT,0.2847,801.0,0.2846,11759.0,0.2848,300.0,0.2849,11340.0
1753592022004,04:53:42.004,okx,1INCH/USDT:USDT,0.2847,801.0,0.2846,11759.0,0.2848,300.0,0.2849,11340.0
1753592022504,04:53:42.504,okx,1INCH/USDT:USDT,0.2847,801.0,0.2846,11759.0,0.2848,300.0,0.2849,11340.0
1753592023004,04:53:43.004,okx,1INCH/USDT:USDT,0.2847,801.0,0.2846,11759.0,0.2848,300.0,0.2849,11340.0
1753592023104,04:53:43.104,okx,1INCH/USDT:USDT,0.2847,1393.0,0.2846,11759.0,0.2848,330.0,0.2849,11340.0
1753592023204,04:53:43.204,okx,1INCH/USDT:USDT,0.2847,1222.0,0.2846,11759.0,0.2848,330.0,0.2849,11340.0
1753592024004,04:53:44.004,okx,1INCH/USDT:USDT,0.2847,973.0,0.2846,11759.0,0.2848,330.0,0.2849,11340.0
1753592025004,04:53:45.004,okx,1INCH/USDT:USDT,0.2847,1394.0,0.2846,11759.0,0.2848,330.0,0.2849,11340.0
1753592025204,04:53:45.204,okx,1INCH/USDT:USDT,0.2847,1394.0,0.2846,11759.0,0.2848,330.0,0.2849,11340.0
1753592025604,04:53:45.604,okx,1INCH/USDT:USDT,0.2847,1394.0,0.2846,11759.0,0.2848,330.0,0.2849,11340.0
1753592025804,04:53:45.804,okx,1INCH/USDT:USDT,0.2847,1394.0,0.2846,11759.0,0.2848,330.0,0.2849,11340.0
1753592026404,04:53:46.404,okx,1INCH/USDT:USDT,0.2847,1394.0,0.2846,11759.0,0.2848,330.0,0.2849,11340.0
1753592026804,04:53:46.804,okx,1INCH/USDT:USDT,0.2847,215.0,0.2846,11759.0,0.2848,2569.0,0.2849,11340.0
1753592026904,04:53:46.904,okx,1INCH/USDT:USDT,0.2847,215.0,0.2846,9819.0,0.2848,2571.0,0.2849,11340.0
1753592027004,04:53:47.004,okx,1INCH/USDT:USDT,0.2847,215.0,0.2846,11759.0,0.2848,2571.0,0.2849,11340.0
1753592027104,04:53:47.104,okx,1INCH/USDT:USDT,0.2847,215.0,0.2846,11759.0,0.2848,2571.0,0.2849,11340.0
1753592027204,04:53:47.204,okx,1INCH/USDT:USDT,0.2847,214.0,0.2846,11759.0,0.2848,2577.0,0.2849,11340.0
1753592027304,04:53:47.304,okx,1INCH/USDT:USDT,0.2847,214.0,0.2846,11759.0,0.2848,2577.0,0.2849,11340.0
1753592027404,04:53:47.404,okx,1INCH/USDT:USDT,0.2847,214.0,0.2846,9819.0,0.2848,2577.0,0.2849,11340.0
1753592027504,04:53:47.504,okx,1INCH/USDT:USDT,0.2847,214.0,0.2846,9819.0,0.2848,2577.0,0.2849,12854.0
1753592027804,04:53:47.804,okx,1INCH/USDT:USDT,0.2847,214.0,0.2846,9819.0,0.2848,2577.0,0.2849,12854.0
1753592028104,04:53:48.104,okx,1INCH/USDT:USDT,0.2847,941.0,0.2846,11759.0,0.2848,2577.0,0.2849,12586.0
1753592028204,04:53:48.204,okx,1INCH/USDT:USDT,0.2847,943.0,0.2846,11759.0,0.2848,2577.0,0.2849,12586.0
1753592028304,04:53:48.304,okx,1INCH/USDT:USDT,0.2847,943.0,0.2846,11759.0,0.2848,2577.0,0.2849,12586.0
1753592028904,04:53:48.904,okx,1INCH/USDT:USDT,0.2847,943.0,0.2846,11759.0,0.2848,2577.0,0.2849,12586.0
1753592029204,04:53:49.204,okx,1INCH/USDT:USDT,0.2847,943.0,0.2846,9956.0,0.2848,2577.0,0.2849,12586.0
1753592029304,04:53:49.304,okx,1INCH/USDT:USDT,0.2847,943.0,0.2846,9956.0,0.2848,2577.0,0.2849,12586.0
1753592029604,04:53:49.604,okx,1INCH/USDT:USDT,0.2847,943.0,0.2846,9956.0,0.2848,2577.0,0.2849,12586.0
1753592029804,04:53:49.804,okx,1INCH/USDT:USDT,0.2847,943.0,0.2846,9956.0,0.2848,2577.0,0.2849,12586.0
1753592030404,04:53:50.404,okx,1INCH/USDT:USDT,0.2847,942.0,0.2846,9956.0,0.2848,2577.0,0.2849,12586.0
1753592030504,04:53:50.504,okx,1INCH/USDT:USDT,0.2847,942.0,0.2846,9956.0,0.2848,2580.0,0.2849,12586.0
1753592030804,04:53:50.804,okx,1INCH/USDT:USDT,0.2847,521.0,0.2846,9956.0,0.2848,2580.0,0.2849,12586.0
1753592031104,04:53:51.104,okx,1INCH/USDT:USDT,0.2847,521.0,0.2846,9956.0,0.2848,2580.0,0.2849,12586.0
1753592031304,04:53:51.304,okx,1INCH/USDT:USDT,0.2847,942.0,0.2846,9956.0,0.2848,2580.0,0.2849,12586.0
1753592031504,04:53:51.504,okx,1INCH/USDT:USDT,0.2847,942.0,0.2846,9956.0,0.2848,2580.0,0.2849,12586.0
1753592031804,04:53:51.804,okx,1INCH/USDT:USDT,0.2847,521.0,0.2846,9956.0,0.2848,2580.0,0.2849,12586.0
1753592032004,04:53:52.004,okx,1INCH/USDT:USDT,0.2847,942.0,0.2846,9956.0,0.2848,2580.0,0.2849,12586.0
1753592032104,04:53:52.104,okx,1INCH/USDT:USDT,0.2847,942.0,0.2846,9956.0,0.2848,2580.0,0.2849,12586.0
1753592032204,04:53:52.204,okx,1INCH/USDT:USDT,0.2847,942.0,0.2846,12543.0,0.2848,1.0,0.2849,11613.0
1753592032304,04:53:52.304,okx,1INCH/USDT:USDT,0.2847,942.0,0.2846,14123.0,0.2848,1.0,0.2849,11613.0
1753592032404,04:53:52.404,okx,1INCH/USDT:USDT,0.2847,942.0,0.2846,13070.0,0.2848,1.0,0.2849,11613.0
1753592032704,04:53:52.704,okx,1INCH/USDT:USDT,0.2847,521.0,0.2846,13070.0,0.2848,246.0,0.2849,12070.0
1753592033104,04:53:53.104,okx,1INCH/USDT:USDT,0.2847,819.0,0.2846,12192.0,0.2848,1.0,0.2849,11615.0
1753592033604,04:53:53.604,okx,1INCH/USDT:USDT,0.2847,1240.0,0.2846,12543.0,0.2848,250.0,0.2849,11615.0
1753592033904,04:53:53.904,okx,1INCH/USDT:USDT,0.2847,648.0,0.2846,12543.0,0.2848,250.0,0.2849,12070.0
1753592034304,04:53:54.304,okx,1INCH/USDT:USDT,0.2847,648.0,0.2846,12543.0,0.2848,250.0,0.2849,12070.0
1753592034404,04:53:54.404,okx,1INCH/USDT:USDT,0.2847,649.0,0.2846,12543.0,0.2848,250.0,0.2849,12070.0
1753592034604,04:53:54.604,okx,1INCH/USDT:USDT,0.2847,649.0,0.2846,12543.0,0.2848,250.0,0.2849,10824.0
1753592035004,04:53:55.004,okx,1INCH/USDT:USDT,0.2847,1241.0,0.2846,12543.0,0.2848,250.0,0.2849,10369.0
1753592035204,04:53:55.204,okx,1INCH/USDT:USDT,0.2847,1241.0,0.2846,12543.0,0.2848,250.0,0.2849,10369.0
1753592035404,04:53:55.404,okx,1INCH/USDT:USDT,0.2847,1245.0,0.2846,12888.0,0.2848,250.0,0.2849,10369.0
1753592035504,04:53:55.504,okx,1INCH/USDT:USDT,0.2847,1245.0,0.2846,12888.0,0.2848,250.0,0.2849,10369.0
1753592035704,04:53:55.704,okx,1INCH/USDT:USDT,0.2847,1245.0,0.2846,12888.0,0.2848,250.0,0.2849,10369.0
1753592035804,04:53:55.804,okx,1INCH/USDT:USDT,0.2847,1245.0,0.2846,12888.0,0.2848,250.0,0.2849,10369.0
1753592035904,04:53:55.904,okx,1INCH/USDT:USDT,0.2847,1245.0,0.2846,12888.0,0.2848,250.0,0.2849,10369.0
1753592036304,04:53:56.304,okx,1INCH/USDT:USDT,0.2847,1245.0,0.2846,13236.0,0.2848,250.0,0.2849,10369.0
1753592037004,04:53:57.004,okx,1INCH/USDT:USDT,0.2847,1245.0,0.2846,16257.0,0.2848,250.0,0.2849,10369.0
1753592037104,04:53:57.104,okx,1INCH/USDT:USDT,0.2847,1245.0,0.2846,17661.0,0.2848,250.0,0.2849,10369.0
1753592037704,04:53:57.704,okx,1INCH/USDT:USDT,0.2847,1245.0,0.2846,17661.0,0.2848,250.0,0.2849,10369.0
1753592038204,04:53:58.204,okx,1INCH/USDT:USDT,0.2847,1245.0,0.2846,18009.0,0.2848,250.0,0.2849,10369.0
1753592039004,04:53:59.004,okx,1INCH/USDT:USDT,0.2847,1244.0,0.2846,18009.0,0.2848,266.0,0.2849,10369.0
1753592039104,04:53:59.104,okx,1INCH/USDT:USDT,0.2847,1244.0,0.2846,18009.0,0.2848,266.0,0.2849,10369.0
1753592039304,04:53:59.304,okx,1INCH/USDT:USDT,0.2847,1371.0,0.2846,19062.0,0.2848,266.0,0.2849,10369.0
1753592040004,04:54:00.004,okx,1INCH/USDT:USDT,0.2847,1371.0,0.2846,19062.0,0.2848,266.0,0.2849,10340.0
1753592040304,04:54:00.304,okx,1INCH/USDT:USDT,0.2847,1371.0,0.2846,19062.0,0.2848,267.0,0.2849,10340.0
1753592040404,04:54:00.404,okx,1INCH/USDT:USDT,0.2847,1371.0,0.2846,19062.0,0.2848,267.0,0.2849,10340.0
1753592040604,04:54:00.604,okx,1INCH/USDT:USDT,0.2847,1371.0,0.2846,18009.0,0.2848,267.0,0.2849,10340.0
1753592040804,04:54:00.804,okx,1INCH/USDT:USDT,0.2847,1371.0,0.2846,17658.0,0.2848,267.0,0.2849,10340.0
1753592040904,04:54:00.904,okx,1INCH/USDT:USDT,0.2847,1371.0,0.2846,17658.0,0.2848,267.0,0.2849,10347.0
1753592041204,04:54:01.204,okx,1INCH/USDT:USDT,0.2847,1371.0,0.2846,17658.0,0.2848,267.0,0.2849,10347.0
1753592041404,04:54:01.404,okx,1INCH/USDT:USDT,0.2847,1371.0,0.2846,17658.0,0.2848,267.0,0.2849,10347.0
1753592041504,04:54:01.504,okx,1INCH/USDT:USDT,0.2847,1371.0,0.2846,18009.0,0.2848,76.0,0.2849,10079.0
1753592041604,04:54:01.604,okx,1INCH/USDT:USDT,0.2847,1897.0,0.2846,18009.0,0.2848,76.0,0.2849,10079.0
1753592041804,04:54:01.804,okx,1INCH/USDT:USDT,0.2847,1371.0,0.2846,18009.0,0.2848,323.0,0.2849,10347.0
1753592042204,04:54:02.204,okx,1INCH/USDT:USDT,0.2847,1371.0,0.2846,20115.0,0.2848,323.0,0.2849,10347.0
1753592043004,04:54:03.004,okx,1INCH/USDT:USDT,0.2847,1371.0,0.2846,20115.0,0.2848,323.0,0.2849,10347.0
1753592043204,04:54:03.204,okx,1INCH/USDT:USDT,0.2847,1370.0,0.2846,19062.0,0.2848,323.0,0.2849,10347.0
1753592043904,04:54:03.904,okx,1INCH/USDT:USDT,0.2847,1370.0,0.2846,19062.0,0.2848,323.0,0.2849,10347.0
1753592044304,04:54:04.304,okx,1INCH/USDT:USDT,0.2848,1058.0,0.2847,13152.0,0.2849,3430.0,0.285,14118.0
1753592044504,04:54:04.504,okx,1INCH/USDT:USDT,0.2848,216.0,0.2847,12555.0,0.2849,1893.0,0.285,16435.0
1753592044604,04:54:04.604,okx,1INCH/USDT:USDT,0.2848,216.0,0.2847,12555.0,0.2849,1893.0,0.285,16435.0
1753592046104,04:54:06.104,okx,1INCH/USDT:USDT,0.2848,432.0,0.2847,9762.0,0.2849,1908.0,0.285,16433.0
1753592046304,04:54:06.304,okx,1INCH/USDT:USDT,0.2848,432.0,0.2847,8084.0,0.2849,1908.0,0.285,16433.0
1753592046604,04:54:06.604,okx,1INCH/USDT:USDT,0.2848,434.0,0.2847,10024.0,0.2849,1908.0,0.285,16433.0
1753592047504,04:54:07.504,okx,1INCH/USDT:USDT,0.2848,434.0,0.2847,10024.0,0.2849,1908.0,0.285,16433.0
1753592047704,04:54:07.704,okx,1INCH/USDT:USDT,0.2848,434.0,0.2847,10024.0,0.2849,1908.0,0.285,16433.0
1753592047804,04:54:07.804,okx,1INCH/USDT:USDT,0.2848,434.0,0.2847,10024.0,0.2849,1908.0,0.285,16433.0
1753592048604,04:54:08.604,okx,1INCH/USDT:USDT,0.2848,434.0,0.2847,10024.0,0.2849,1908.0,0.285,16433.0
1753592049504,04:54:09.504,okx,1INCH/USDT:USDT,0.2848,434.0,0.2847,10024.0,0.2849,1908.0,0.285,16433.0
1753592050004,04:54:10.004,okx,1INCH/USDT:USDT,0.2848,434.0,0.2847,10024.0,0.2849,1908.0,0.285,16433.0
1753592050104,04:54:10.104,okx,1INCH/USDT:USDT,0.2848,434.0,0.2847,10024.0,0.2849,1908.0,0.285,16433.0
1753592050204,04:54:10.204,okx,1INCH/USDT:USDT,0.2848,1023.0,0.2847,10024.0,0.2849,1640.0,0.285,16433.0
1753592050304,04:54:10.304,okx,1INCH/USDT:USDT,0.2848,434.0,0.2847,10024.0,0.2849,1908.0,0.285,16433.0
1753592050404,04:54:10.404,okx,1INCH/USDT:USDT,0.2848,434.0,0.2847,10024.0,0.2849,1640.0,0.285,16433.0
1753592050504,04:54:10.504,okx,1INCH/USDT:USDT,0.2848,1023.0,0.2847,10028.0,0.2849,1640.0,0.285,15978.0
1753592050604,04:54:10.604,okx,1INCH/USDT:USDT,0.2848,1025.0,0.2847,10028.0,0.2849,1638.0,0.285,14038.0
1753592051404,04:54:11.404,okx,1INCH/USDT:USDT,0.2848,207.0,0.2847,10063.0,0.2849,1940.0,0.285,10906.0
1753592051504,04:54:11.504,okx,1INCH/USDT:USDT,0.2848,205.0,0.2847,8123.0,0.2849,1940.0,0.285,11943.0
1753592051704,04:54:11.704,okx,1INCH/USDT:USDT,0.2848,460.0,0.2847,10063.0,0.2849,1672.0,0.285,11675.0
1753592052104,04:54:12.104,okx,1INCH/USDT:USDT,0.2848,460.0,0.2847,10884.0,0.2849,1940.0,0.285,11675.0
1753592052404,04:54:12.404,okx,1INCH/USDT:USDT,0.2848,460.0,0.2847,10884.0,0.2849,1940.0,0.285,11675.0
1753592052704,04:54:12.704,okx,1INCH/USDT:USDT,0.2848,460.0,0.2847,10884.0,0.2849,1940.0,0.285,11675.0
1753592053204,04:54:13.204,okx,1INCH/USDT:USDT,0.2848,460.0,0.2847,10884.0,0.2849,1940.0,0.285,11675.0
1753592053504,04:54:13.504,okx,1INCH/USDT:USDT,0.2848,1051.0,0.2847,10884.0,0.2849,1672.0,0.285,11220.0
1753592054104,04:54:14.104,okx,1INCH/USDT:USDT,0.2848,1051.0,0.2847,10884.0,0.2849,1672.0,0.285,11220.0
1753592054304,04:54:14.304,okx,1INCH/USDT:USDT,0.2848,1051.0,0.2847,10884.0,0.2849,1672.0,0.285,11220.0
1753592055104,04:54:15.104,okx,1INCH/USDT:USDT,0.2848,460.0,0.2847,10884.0,0.2849,1954.0,0.285,11675.0
1753592055804,04:54:15.804,okx,1INCH/USDT:USDT,0.2848,460.0,0.2847,10884.0,0.2849,1954.0,0.285,11675.0
1753592055904,04:54:15.904,okx,1INCH/USDT:USDT,0.2848,460.0,0.2847,10884.0,0.2849,1954.0,0.285,11675.0
1753592056104,04:54:16.104,okx,1INCH/USDT:USDT,0.2848,438.0,0.2847,10884.0,0.2849,1954.0,0.285,11675.0
1753592056204,04:54:16.204,okx,1INCH/USDT:USDT,0.2848,440.0,0.2847,10884.0,0.2849,1954.0,0.285,11675.0
1753592056804,04:54:16.804,okx,1INCH/USDT:USDT,0.2848,36.0,0.2847,7668.0,0.2849,2430.0,0.285,12469.0
1753592057204,04:54:17.204,okx,1INCH/USDT:USDT,0.2848,263.0,0.2847,10063.0,0.2849,1954.0,0.285,12201.0
1753592057304,04:54:17.304,okx,1INCH/USDT:USDT,0.2848,263.0,0.2847,10063.0,0.2849,1954.0,0.285,12201.0
1753592057404,04:54:17.404,okx,1INCH/USDT:USDT,0.2848,263.0,0.2847,10063.0,0.2849,1954.0,0.285,12201.0
1753592058004,04:54:18.004,okx,1INCH/USDT:USDT,0.2848,263.0,0.2847,10063.0,0.2849,1954.0,0.285,12201.0
1753592059304,04:54:19.304,okx,1INCH/USDT:USDT,0.2848,255.0,0.2847,10063.0,0.2849,1954.0,0.285,12201.0
1753592059604,04:54:19.604,okx,1INCH/USDT:USDT,0.2848,255.0,0.2847,9608.0,0.2849,2433.0,0.285,12201.0
1753592059804,04:54:19.804,okx,1INCH/USDT:USDT,0.2848,255.0,0.2847,9608.0,0.2849,2433.0,0.285,12201.0
1753592060004,04:54:20.004,okx,1INCH/USDT:USDT,0.2848,255.0,0.2847,9608.0,0.2849,2433.0,0.285,12201.0
1753592060804,04:54:20.804,okx,1INCH/USDT:USDT,0.2848,255.0,0.2847,10063.0,0.2849,2126.0,0.285,12201.0
1753592061504,04:54:21.504,okx,1INCH/USDT:USDT,0.2848,255.0,0.2847,7668.0,0.2849,2481.0,0.285,12201.0
1753592062704,04:54:22.704,okx,1INCH/USDT:USDT,0.2848,255.0,0.2847,10063.0,0.2849,2174.0,0.285,12201.0
1753592062804,04:54:22.804,okx,1INCH/USDT:USDT,0.2848,255.0,0.2847,9608.0,0.2849,2481.0,0.285,12915.0
1753592063104,04:54:23.104,okx,1INCH/USDT:USDT,0.2848,255.0,0.2847,8194.0,0.2849,2481.0,0.285,13265.0
1753592063204,04:54:23.204,okx,1INCH/USDT:USDT,0.2848,255.0,0.2847,7668.0,0.2849,2481.0,0.285,13265.0
1753592063304,04:54:23.304,okx,1INCH/USDT:USDT,0.2848,255.0,0.2847,7668.0,0.2849,2481.0,0.285,13265.0
1753592063404,04:54:23.404,okx,1INCH/USDT:USDT,0.2848,8572.0,0.2847,7537.0,0.2849,2481.0,0.285,13265.0
1753592063504,04:54:23.504,okx,1INCH/USDT:USDT,0.2848,8572.0,0.2847,9477.0,0.2849,2213.0,0.285,12915.0
1753592063604,04:54:23.604,okx,1INCH/USDT:USDT,0.2848,8572.0,0.2847,9932.0,0.2849,2212.0,0.285,12915.0
1753592063904,04:54:23.904,okx,1INCH/USDT:USDT,0.2848,8572.0,0.2847,9477.0,0.2849,2213.0,0.285,12915.0
1753592064004,04:54:24.004,okx,1INCH/USDT:USDT,0.2848,8572.0,0.2847,9477.0,0.2849,1734.0,0.285,11764.0
1753592064204,04:54:24.204,okx,1INCH/USDT:USDT,0.2848,8572.0,0.2847,9477.0,0.2849,2214.0,0.285,11764.0
1753592065104,04:54:25.104,okx,1INCH/USDT:USDT,0.2848,8572.0,0.2847,9932.0,0.2849,1913.0,0.285,11764.0
1753592065204,04:54:25.204,okx,1INCH/USDT:USDT,0.2848,8572.0,0.2847,9932.0,0.2849,1912.0,0.285,11764.0
1753592065604,04:54:25.604,okx,1INCH/USDT:USDT,0.2848,8572.0,0.2847,9932.0,0.2849,1742.0,0.285,11764.0
1753592065704,04:54:25.704,okx,1INCH/USDT:USDT,0.2848,8572.0,0.2847,9932.0,0.2849,2488.0,0.285,13278.0
1753592066204,04:54:26.204,okx,1INCH/USDT:USDT,0.2848,8572.0,0.2847,9932.0,0.2849,2317.0,0.285,13278.0
1753592066304,04:54:26.304,okx,1INCH/USDT:USDT,0.2848,8572.0,0.2847,9932.0,0.2849,2488.0,0.285,13278.0
1753592066404,04:54:26.404,okx,1INCH/USDT:USDT,0.2848,8572.0,0.2847,9932.0,0.2849,2008.0,0.285,13278.0
1753592066604,04:54:26.604,okx,1INCH/USDT:USDT,0.2848,8572.0,0.2847,9932.0,0.2849,2010.0,0.285,13278.0
1753592066704,04:54:26.704,okx,1INCH/USDT:USDT,0.2848,8572.0,0.2847,9932.0,0.2849,2010.0,0.285,13278.0
1753592067804,04:54:27.804,okx,1INCH/USDT:USDT,0.2848,8573.0,0.2847,9932.0,0.2849,2488.0,0.285,13278.0
1753592068004,04:54:28.004,okx,1INCH/USDT:USDT,0.2848,8573.0,0.2847,9477.0,0.2849,2488.0,0.285,13278.0
1753592069404,04:54:29.404,okx,1INCH/USDT:USDT,0.2848,8573.0,0.2847,9932.0,0.2849,1913.0,0.285,13278.0
1753592069504,04:54:29.504,okx,1INCH/USDT:USDT,0.2848,8573.0,0.2847,9932.0,0.2849,1913.0,0.285,13278.0
1753592070804,04:54:30.804,okx,1INCH/USDT:USDT,0.2848,8573.0,0.2847,9932.0,0.2849,2220.0,0.285,13278.0
1753592071304,04:54:31.304,okx,1INCH/USDT:USDT,0.2848,8572.0,0.2847,9932.0,0.2849,2220.0,0.285,13278.0
1753592073404,04:54:33.404,okx,1INCH/USDT:USDT,0.2848,8572.0,0.2847,9932.0,0.2849,2236.0,0.285,13278.0
1753592073804,04:54:33.804,okx,1INCH/USDT:USDT,0.2848,8572.0,0.2847,9932.0,0.2849,2236.0,0.285,13278.0
1753592076204,04:54:36.204,okx,1INCH/USDT:USDT,0.2848,8572.0,0.2847,9932.0,0.2849,2236.0,0.285,13278.0
1753592076304,04:54:36.304,okx,1INCH/USDT:USDT,0.2848,8572.0,0.2847,9932.0,0.2849,1929.0,0.285,13278.0
1753592076404,04:54:36.404,okx,1INCH/USDT:USDT,0.2848,9693.0,0.2847,9905.0,0.2849,1929.0,0.285,13278.0
1753592076604,04:54:36.604,okx,1INCH/USDT:USDT,0.2848,9693.0,0.2847,9450.0,0.2849,3559.0,0.285,14679.0
1753592076704,04:54:36.704,okx,1INCH/USDT:USDT,0.2847,967.0,0.2846,10275.0,0.2848,1395.0,0.2849,13494.0
1753592076804,04:54:36.804,okx,1INCH/USDT:USDT,0.2847,699.0,0.2846,9749.0,0.2848,1395.0,0.2849,13846.0
1753592076904,04:54:36.904,okx,1INCH/USDT:USDT,0.2847,1133.0,0.2846,10204.0,0.2848,598.0,0.2849,13846.0
1753592077004,04:54:37.004,okx,1INCH/USDT:USDT,0.2847,1133.0,0.2846,10204.0,0.2848,870.0,0.2849,13846.0
1753592077104,04:54:37.104,okx,1INCH/USDT:USDT,0.2847,1133.0,0.2846,10555.0,0.2848,870.0,0.2849,13846.0
1753592077404,04:54:37.404,okx,1INCH/USDT:USDT,0.2847,1133.0,0.2846,10555.0,0.2848,864.0,0.2849,13846.0
1753592077804,04:54:37.804,okx,1INCH/USDT:USDT,0.2847,1133.0,0.2846,10555.0,0.2848,864.0,0.2849,14097.0
1753592078504,04:54:38.504,okx,1INCH/USDT:USDT,0.2847,1133.0,0.2846,10100.0,0.2848,1207.0,0.2849,14097.0
1753592079004,04:54:39.004,okx,1INCH/USDT:USDT,0.2847,1133.0,0.2846,9749.0,0.2848,1207.0,0.2849,14097.0
1753592079304,04:54:39.304,okx,1INCH/USDT:USDT,0.2847,1133.0,0.2846,9749.0,0.2848,1337.0,0.2849,14031.0
1753592079504,04:54:39.504,okx,1INCH/USDT:USDT,0.2847,1133.0,0.2846,9749.0,0.2848,1337.0,0.2849,14031.0
1753592080504,04:54:40.504,okx,1INCH/USDT:USDT,0.2847,1133.0,0.2846,10204.0,0.2848,604.0,0.2849,12454.0
1753592080604,04:54:40.604,okx,1INCH/USDT:USDT,0.2847,1133.0,0.2846,9749.0,0.2848,1043.0,0.2849,12454.0
1753592080704,04:54:40.704,okx,1INCH/USDT:USDT,0.2847,1133.0,0.2846,9749.0,0.2848,1045.0,0.2849,12454.0
1753592080904,04:54:40.904,okx,1INCH/USDT:USDT,0.2847,1133.0,0.2846,7809.0,0.2848,1045.0,0.2849,12454.0
1753592081404,04:54:41.404,okx,1INCH/USDT:USDT,0.2847,1133.0,0.2846,7809.0,0.2848,1045.0,0.2849,12454.0
1753592081804,04:54:41.804,okx,1INCH/USDT:USDT,0.2847,1133.0,0.2846,7809.0,0.2848,1045.0,0.2849,12454.0
1753592081904,04:54:41.904,okx,1INCH/USDT:USDT,0.2847,697.0,0.2846,7809.0,0.2848,1229.0,0.2849,12454.0
1753592082004,04:54:42.004,okx,1INCH/USDT:USDT,0.2847,697.0,0.2846,7809.0,0.2848,2227.0,0.2849,12454.0
1753592082104,04:54:42.104,okx,1INCH/USDT:USDT,0.2847,699.0,0.2846,1123.0,0.2848,4044.0,0.2849,14030.0
1753592082304,04:54:42.304,okx,1INCH/USDT:USDT,0.2847,969.0,0.2846,5609.0,0.2848,2227.0,0.2849,14380.0
1753592082504,04:54:42.504,okx,1INCH/USDT:USDT,0.2847,953.0,0.2846,7153.0,0.2848,2229.0,0.2849,13330.0
1753592082604,04:54:42.604,okx,1INCH/USDT:USDT,0.2847,953.0,0.2846,7153.0,0.2848,2229.0,0.2849,12980.0
1753592082704,04:54:42.704,okx,1INCH/USDT:USDT,0.2847,699.0,0.2846,7153.0,0.2848,4044.0,0.2849,14030.0
1753592082804,04:54:42.804,okx,1INCH/USDT:USDT,0.2846,667.0,0.2845,10318.0,0.2847,1211.0,0.2848,12189.0
1753592082904,04:54:42.904,okx,1INCH/USDT:USDT,0.2846,937.0,0.2845,10318.0,0.2847,1211.0,0.2848,11314.0
1753592083004,04:54:43.004,okx,1INCH/USDT:USDT,0.2846,937.0,0.2845,10318.0,0.2847,1213.0,0.2848,11314.0
1753592083204,04:54:43.204,okx,1INCH/USDT:USDT,0.2846,937.0,0.2845,8028.0,0.2847,1213.0,0.2848,11314.0
1753592083304,04:54:43.304,okx,1INCH/USDT:USDT,0.2846,937.0,0.2845,8028.0,0.2847,1406.0,0.2848,11184.0
1753592083404,04:54:43.404,okx,1INCH/USDT:USDT,0.2846,937.0,0.2845,8028.0,0.2847,1406.0,0.2848,11184.0
1753592083504,04:54:43.504,okx,1INCH/USDT:USDT,0.2846,937.0,0.2845,8028.0,0.2847,1063.0,0.2848,11184.0
1753592083604,04:54:43.604,okx,1INCH/USDT:USDT,0.2846,937.0,0.2845,8028.0,0.2847,1406.0,0.2848,11184.0
1753592084004,04:54:44.004,okx,1INCH/USDT:USDT,0.2846,937.0,0.2845,8028.0,0.2847,1406.0,0.2848,11184.0
1753592084104,04:54:44.104,okx,1INCH/USDT:USDT,0.2846,937.0,0.2845,8028.0,0.2847,1406.0,0.2848,11184.0
1753592084804,04:54:44.804,okx,1INCH/USDT:USDT,0.2846,937.0,0.2845,9968.0,0.2847,1063.0,0.2848,11184.0
1753592085204,04:54:45.204,okx,1INCH/USDT:USDT,0.2846,937.0,0.2845,10319.0,0.2847,1063.0,0.2848,11184.0
1753592085304,04:54:45.304,okx,1INCH/USDT:USDT,0.2846,937.0,0.2845,10319.0,0.2847,1406.0,0.2848,11184.0
1753592085404,04:54:45.404,okx,1INCH/USDT:USDT,0.2846,937.0,0.2845,10774.0,0.2847,775.0,0.2848,11184.0
1753592085504,04:54:45.504,okx,1INCH/USDT:USDT,0.2846,1112.0,0.2845,10774.0,0.2847,1045.0,0.2848,11184.0
1753592085604,04:54:45.604,okx,1INCH/USDT:USDT,0.2846,1112.0,0.2845,10319.0,0.2847,1388.0,0.2848,11184.0
1753592086004,04:54:46.004,okx,1INCH/USDT:USDT,0.2846,1112.0,0.2845,11475.0,0.2847,196.0,0.2848,10833.0
1753592086304,04:54:46.304,okx,1INCH/USDT:USDT,0.2846,1112.0,0.2845,12528.0,0.2847,466.0,0.2848,10833.0
1753592086404,04:54:46.404,okx,1INCH/USDT:USDT,0.2846,1112.0,0.2845,11722.0,0.2847,466.0,0.2848,10833.0
1753592086804,04:54:46.804,okx,1INCH/USDT:USDT,0.2846,1073.0,0.2845,9432.0,0.2847,980.0,0.2848,10833.0
1753592086904,04:54:46.904,okx,1INCH/USDT:USDT,0.2846,1073.0,0.2845,11372.0,0.2847,980.0,0.2848,10833.0
1753592087204,04:54:47.204,okx,1INCH/USDT:USDT,0.2846,1073.0,0.2845,11827.0,0.2847,466.0,0.2848,10833.0
1753592087304,04:54:47.304,okx,1INCH/USDT:USDT,0.2846,1073.0,0.2845,11827.0,0.2847,466.0,0.2848,10833.0
1753592087604,04:54:47.604,okx,1INCH/USDT:USDT,0.2846,1073.0,0.2845,11372.0,0.2847,809.0,0.2848,10833.0
1753592087704,04:54:47.704,okx,1INCH/USDT:USDT,0.2846,1073.0,0.2845,11827.0,0.2847,466.0,0.2848,10833.0
1753592088104,04:54:48.104,okx,1INCH/USDT:USDT,0.2846,1073.0,0.2845,11372.0,0.2847,980.0,0.2848,10833.0
1753592089004,04:54:49.004,okx,1INCH/USDT:USDT,0.2846,1073.0,0.2845,11827.0,0.2847,636.0,0.2848,10833.0
1753592089504,04:54:49.504,okx,1INCH/USDT:USDT,0.2846,1073.0,0.2845,11827.0,0.2847,636.0,0.2848,10833.0
1753592089704,04:54:49.704,okx,1INCH/USDT:USDT,0.2846,1073.0,0.2845,11827.0,0.2847,636.0,0.2848,10833.0
1753592090004,04:54:50.004,okx,1INCH/USDT:USDT,0.2846,1073.0,0.2845,11827.0,0.2847,636.0,0.2848,10833.0
1753592091304,04:54:51.304,okx,1INCH/USDT:USDT,0.2846,1073.0,0.2845,10319.0,0.2847,944.0,0.2848,10833.0
1753592091804,04:54:51.804,okx,1INCH/USDT:USDT,0.2846,1073.0,0.2845,10319.0,0.2847,430.0,0.2848,11184.0
1753592091904,04:54:51.904,okx,1INCH/USDT:USDT,0.2846,1073.0,0.2845,10319.0,0.2847,430.0,0.2848,11184.0
1753592092004,04:54:52.004,okx,1INCH/USDT:USDT,0.2846,1073.0,0.2845,10774.0,0.2847,430.0,0.2848,11184.0
1753592092104,04:54:52.104,okx,1INCH/USDT:USDT,0.2846,1073.0,0.2845,10774.0,0.2847,430.0,0.2848,11184.0
1753592092204,04:54:52.204,okx,1INCH/USDT:USDT,0.2846,1073.0,0.2845,11125.0,0.2847,430.0,0.2848,11184.0
1753592092304,04:54:52.304,okx,1INCH/USDT:USDT,0.2846,1073.0,0.2845,11125.0,0.2847,415.0,0.2848,10833.0
1753592092404,04:54:52.404,okx,1INCH/USDT:USDT,0.2846,1109.0,0.2845,11125.0,0.2847,428.0,0.2848,10833.0
1753592092504,04:54:52.504,okx,1INCH/USDT:USDT,0.2846,1109.0,0.2845,11125.0,0.2847,428.0,0.2848,10833.0
1753592092604,04:54:52.604,okx,1INCH/USDT:USDT,0.2846,1109.0,0.2845,12705.0,0.2847,430.0,0.2848,10833.0
1753592093004,04:54:53.004,okx,1INCH/USDT:USDT,0.2846,1109.0,0.2845,12705.0,0.2847,430.0,0.2848,10833.0
1753592093204,04:54:53.204,okx,1INCH/USDT:USDT,0.2846,1109.0,0.2845,13056.0,0.2847,585.0,0.2848,10705.0
1753592093704,04:54:53.704,okx,1INCH/USDT:USDT,0.2846,1109.0,0.2845,13056.0,0.2847,585.0,0.2848,10705.0
1753592094204,04:54:54.204,okx,1INCH/USDT:USDT,0.2846,1109.0,0.2845,13056.0,0.2847,585.0,0.2848,10705.0
1753592094404,04:54:54.404,okx,1INCH/USDT:USDT,0.2846,1109.0,0.2845,13056.0,0.2847,585.0,0.2848,10705.0
1753592096704,04:54:56.704,okx,1INCH/USDT:USDT,0.2846,1109.0,0.2845,12705.0,0.2847,585.0,0.2848,10705.0
1753592096804,04:54:56.804,okx,1INCH/USDT:USDT,0.2846,1109.0,0.2845,12705.0,0.2847,585.0,0.2848,10705.0
1753592096904,04:54:56.904,okx,1INCH/USDT:USDT,0.2846,1109.0,0.2845,13056.0,0.2847,585.0,0.2848,10705.0
1753592097104,04:54:57.104,okx,1INCH/USDT:USDT,0.2846,1280.0,0.2845,13056.0,0.2847,585.0,0.2848,10362.0
1753592097304,04:54:57.304,okx,1INCH/USDT:USDT,0.2846,1280.0,0.2845,13056.0,0.2847,585.0,0.2848,10817.0
1753592097404,04:54:57.404,okx,1INCH/USDT:USDT,0.2846,1280.0,0.2845,13056.0,0.2847,585.0,0.2848,10362.0
1753592097504,04:54:57.504,okx,1INCH/USDT:USDT,0.2846,1280.0,0.2845,13758.0,0.2847,585.0,0.2848,10362.0
1753592097604,04:54:57.604,okx,1INCH/USDT:USDT,0.2846,1280.0,0.2845,13758.0,0.2847,585.0,0.2848,10362.0
1753592097704,04:54:57.704,okx,1INCH/USDT:USDT,0.2846,1735.0,0.2845,14457.0,0.2847,315.0,0.2848,10178.0
1753592098004,04:54:58.004,okx,1INCH/USDT:USDT,0.2846,1735.0,0.2845,21025.0,0.2847,576.0,0.2848,10178.0
1753592098104,04:54:58.104,okx,1INCH/USDT:USDT,0.2847,1073.0,0.2846,11532.0,0.2848,449.0,0.2849,13134.0
1753592098604,04:54:58.604,okx,1INCH/USDT:USDT,0.2847,1569.0,0.2846,12186.0,0.2848,447.0,0.2849,9837.0
1753592099004,04:54:59.004,okx,1INCH/USDT:USDT,0.2847,1569.0,0.2846,12186.0,0.2848,447.0,0.2849,9837.0
1753592099204,04:54:59.204,okx,1INCH/USDT:USDT,0.2847,1569.0,0.2846,13763.0,0.2848,391.0,0.2849,9837.0
1753592099304,04:54:59.304,okx,1INCH/USDT:USDT,0.2847,1114.0,0.2846,13064.0,0.2848,547.0,0.2849,9837.0
1753592099404,04:54:59.404,okx,1INCH/USDT:USDT,0.2847,1569.0,0.2846,13064.0,0.2848,547.0,0.2849,9837.0
1753592100104,04:55:00.104,okx,1INCH/USDT:USDT,0.2847,939.0,0.2846,13064.0,0.2848,547.0,0.2849,10285.0
1753592100304,04:55:00.304,okx,1INCH/USDT:USDT,0.2847,941.0,0.2846,12011.0,0.2848,547.0,0.2849,10285.0
1753592100804,04:55:00.804,okx,1INCH/USDT:USDT,0.2847,1139.0,0.2846,12011.0,0.2848,548.0,0.2849,9830.0
1753592100904,04:55:00.904,okx,1INCH/USDT:USDT,0.2847,1668.0,0.2846,12537.0,0.2848,556.0,0.2849,9830.0
1753592101004,04:55:01.004,okx,1INCH/USDT:USDT,0.2847,1668.0,0.2846,12537.0,0.2848,556.0,0.2849,9830.0
1753592101204,04:55:01.204,okx,1INCH/USDT:USDT,0.2847,1668.0,0.2846,12537.0,0.2848,556.0,0.2849,8830.0
1753592101404,04:55:01.404,okx,1INCH/USDT:USDT,0.2847,1668.0,0.2846,12537.0,0.2848,556.0,0.2849,8830.0
1753592101504,04:55:01.504,okx,1INCH/USDT:USDT,0.2847,1668.0,0.2846,12537.0,0.2848,556.0,0.2849,8830.0
1753592101604,04:55:01.604,okx,1INCH/USDT:USDT,0.2847,1668.0,0.2846,12537.0,0.2848,556.0,0.2849,8830.0
1753592101704,04:55:01.704,okx,1INCH/USDT:USDT,0.2847,1668.0,0.2846,12537.0,0.2848,556.0,0.2849,8830.0
1753592101904,04:55:01.904,okx,1INCH/USDT:USDT,0.2847,1668.0,0.2846,13239.0,0.2848,556.0,0.2849,8830.0
1753592102104,04:55:02.104,okx,1INCH/USDT:USDT,0.2847,1668.0,0.2846,13590.0,0.2848,556.0,0.2849,8830.0
1753592102204,04:55:02.204,okx,1INCH/USDT:USDT,0.2847,1668.0,0.2846,13590.0,0.2848,556.0,0.2849,8830.0
1753592102404,04:55:02.404,okx,1INCH/USDT:USDT,0.2847,1668.0,0.2846,15733.0,0.2848,556.0,0.2849,8830.0
1753592102804,04:55:02.804,okx,1INCH/USDT:USDT,0.2847,1137.0,0.2846,15580.0,0.2848,556.0,0.2849,8830.0
1753592103104,04:55:03.104,okx,1INCH/USDT:USDT,0.2847,1668.0,0.2846,15580.0,0.2848,556.0,0.2849,8830.0
1753592103604,04:55:03.604,okx,1INCH/USDT:USDT,0.2847,1139.0,0.2846,14176.0,0.2848,556.0,0.2849,8830.0
1753592104104,04:55:04.104,okx,1INCH/USDT:USDT,0.2847,1131.0,0.2846,14176.0,0.2848,556.0,0.2849,8830.0
1753592104304,04:55:04.304,okx,1INCH/USDT:USDT,0.2847,1131.0,0.2846,13825.0,0.2848,556.0,0.2849,8830.0
1753592104504,04:55:04.504,okx,1INCH/USDT:USDT,0.2847,1131.0,0.2846,13825.0,0.2848,556.0,0.2849,8830.0
1753592105104,04:55:05.104,okx,1INCH/USDT:USDT,0.2847,1660.0,0.2846,13825.0,0.2848,557.0,0.2849,8830.0
1753592105704,04:55:05.704,okx,1INCH/USDT:USDT,0.2847,1131.0,0.2846,13825.0,0.2848,557.0,0.2849,8830.0
1753592106204,04:55:06.204,okx,1INCH/USDT:USDT,0.2847,1660.0,0.2846,13825.0,0.2848,557.0,0.2849,8830.0
1753592106604,04:55:06.604,okx,1INCH/USDT:USDT,0.2847,1131.0,0.2846,13825.0,0.2848,572.0,0.2849,8830.0
1753592107004,04:55:07.004,okx,1INCH/USDT:USDT,0.2847,1660.0,0.2846,13825.0,0.2848,572.0,0.2849,8830.0
1753592107104,04:55:07.104,okx,1INCH/USDT:USDT,0.2847,1131.0,0.2846,13825.0,0.2848,572.0,0.2849,8830.0
1753592107304,04:55:07.304,okx,1INCH/USDT:USDT,0.2847,1131.0,0.2846,13558.0,0.2848,632.0,0.2849,8830.0
1753592108004,04:55:08.004,okx,1INCH/USDT:USDT,0.2847,1131.0,0.2846,13360.0,0.2848,632.0,0.2849,9359.0
1753592108104,04:55:08.104,okx,1INCH/USDT:USDT,0.2847,1660.0,0.2846,13360.0,0.2848,632.0,0.2849,8830.0
1753592108504,04:55:08.504,okx,1INCH/USDT:USDT,0.2847,1131.0,0.2846,11217.0,0.2848,632.0,0.2849,9359.0
1753592109204,04:55:09.204,okx,1INCH/USDT:USDT,0.2847,1660.0,0.2846,12270.0,0.2848,632.0,0.2849,8830.0
1753592109304,04:55:09.304,okx,1INCH/USDT:USDT,0.2847,1660.0,0.2846,12270.0,0.2848,632.0,0.2849,8830.0
1753592109604,04:55:09.604,okx,1INCH/USDT:USDT,0.2847,1660.0,0.2846,12270.0,0.2848,632.0,0.2849,8830.0
1753592110304,04:55:10.304,okx,1INCH/USDT:USDT,0.2847,1131.0,0.2846,12270.0,0.2848,633.0,0.2849,9359.0
1753592111204,04:55:11.204,okx,1INCH/USDT:USDT,0.2847,933.0,0.2846,12270.0,0.2848,633.0,0.2849,9359.0
1753592111504,04:55:11.504,okx,1INCH/USDT:USDT,0.2847,933.0,0.2846,10866.0,0.2848,658.0,0.2849,9359.0
1753592111604,04:55:11.604,okx,1INCH/USDT:USDT,0.2847,663.0,0.2846,10411.0,0.2848,983.0,0.2849,9359.0
1753592111704,04:55:11.704,okx,1INCH/USDT:USDT,0.2847,933.0,0.2846,11467.0,0.2848,658.0,0.2849,9359.0
1753592112604,04:55:12.604,okx,1INCH/USDT:USDT,0.2847,933.0,0.2846,11467.0,0.2848,657.0,0.2849,9359.0
1753592112904,04:55:12.904,okx,1INCH/USDT:USDT,0.2847,663.0,0.2846,10411.0,0.2848,1180.0,0.2849,9539.0
1753592113004,04:55:13.004,okx,1INCH/USDT:USDT,0.2847,32.0,0.2846,6955.0,0.2848,1220.0,0.2849,11707.0
1753592113104,04:55:13.104,okx,1INCH/USDT:USDT,0.2847,280.0,0.2846,6955.0,0.2848,1220.0,0.2849,11707.0
1753592113204,04:55:13.204,okx,1INCH/USDT:USDT,0.2847,280.0,0.2846,6955.0,0.2848,1220.0,0.2849,11707.0
1753592113504,04:55:13.504,okx,1INCH/USDT:USDT,0.2847,280.0,0.2846,6955.0,0.2848,1220.0,0.2849,11707.0
1753592113604,04:55:13.604,okx,1INCH/USDT:USDT,0.2847,280.0,0.2846,6955.0,0.2848,1220.0,0.2849,11707.0
1753592115004,04:55:15.004,okx,1INCH/USDT:USDT,0.2847,280.0,0.2846,6955.0,0.2848,1220.0,0.2849,11707.0
1753592115304,04:55:15.304,okx,1INCH/USDT:USDT,0.2847,280.0,0.2846,6955.0,0.2848,1220.0,0.2849,11707.0
1753592115404,04:55:15.404,okx,1INCH/USDT:USDT,0.2847,280.0,0.2846,6955.0,0.2848,1773.0,0.2849,11707.0
1753592117204,04:55:17.204,okx,1INCH/USDT:USDT,0.2847,731.0,0.2846,9424.0,0.2848,1070.0,0.2849,11707.0
1753592117804,04:55:17.804,okx,1INCH/USDT:USDT,0.2847,731.0,0.2846,9424.0,0.2848,1273.0,0.2849,11706.0
1753592118004,04:55:18.004,okx,1INCH/USDT:USDT,0.2847,731.0,0.2846,9424.0,0.2848,1290.0,0.2849,11706.0
1753592118304,04:55:18.304,okx,1INCH/USDT:USDT,0.2847,731.0,0.2846,9424.0,0.2848,1290.0,0.2849,11706.0
1753592118504,04:55:18.504,okx,1INCH/USDT:USDT,0.2847,731.0,0.2846,9424.0,0.2848,1615.0,0.2849,11706.0
1753592118904,04:55:18.904,okx,1INCH/USDT:USDT,0.2847,731.0,0.2846,8895.0,0.2848,1615.0,0.2849,11706.0
1753592119204,04:55:19.204,okx,1INCH/USDT:USDT,0.2847,731.0,0.2846,8895.0,0.2848,1615.0,0.2849,11706.0
1753592119704,04:55:19.704,okx,1INCH/USDT:USDT,0.2847,731.0,0.2846,8895.0,0.2848,1638.0,0.2849,11706.0
1753592119804,04:55:19.804,okx,1INCH/USDT:USDT,0.2847,731.0,0.2846,9424.0,0.2848,1313.0,0.2849,11706.0
1753592120204,04:55:20.204,okx,1INCH/USDT:USDT,0.2847,731.0,0.2846,9424.0,0.2848,1313.0,0.2849,11706.0
1753592121004,04:55:21.004,okx,1INCH/USDT:USDT,0.2847,731.0,0.2846,9424.0,0.2848,1313.0,0.2849,11706.0
1753592121104,04:55:21.104,okx,1INCH/USDT:USDT,0.2847,280.0,0.2846,7484.0,0.2848,1313.0,0.2849,11706.0
1753592121404,04:55:21.404,okx,1INCH/USDT:USDT,0.2847,32.0,0.2846,7484.0,0.2848,1349.0,0.2849,11706.0
1753592121504,04:55:21.504,okx,1INCH/USDT:USDT,0.2847,302.0,0.2846,7484.0,0.2848,1349.0,0.2849,11706.0
1753592121804,04:55:21.804,okx,1INCH/USDT:USDT,0.2847,572.0,0.2846,9424.0,0.2848,1151.0,0.2849,11180.0
1753592121904,04:55:21.904,okx,1INCH/USDT:USDT,0.2847,572.0,0.2846,9424.0,0.2848,1151.0,0.2849,11180.0
1753592122004,04:55:22.004,okx,1INCH/USDT:USDT,0.2847,32.0,0.2846,8895.0,0.2848,1349.0,0.2849,11180.0
1753592122204,04:55:22.204,okx,1INCH/USDT:USDT,0.2847,32.0,0.2846,6955.0,0.2848,1674.0,0.2849,11180.0
1753592122304,04:55:22.304,okx,1INCH/USDT:USDT,0.2847,32.0,0.2846,6955.0,0.2848,1674.0,0.2849,11180.0
1753592122404,04:55:22.404,okx,1INCH/USDT:USDT,0.2847,565.0,0.2846,9424.0,0.2848,1151.0,0.2849,11180.0
1753592122504,04:55:22.504,okx,1INCH/USDT:USDT,0.2847,565.0,0.2846,9424.0,0.2848,1151.0,0.2849,11180.0
1753592122604,04:55:22.604,okx,1INCH/USDT:USDT,0.2847,565.0,0.2846,9424.0,0.2848,1151.0,0.2849,11180.0
1753592122704,04:55:22.704,okx,1INCH/USDT:USDT,0.2847,295.0,0.2846,8895.0,0.2848,1151.0,0.2849,11180.0
1753592123204,04:55:23.204,okx,1INCH/USDT:USDT,0.2847,302.0,0.2846,6969.0,0.2848,1890.0,0.2849,13803.0
1753592123304,04:55:23.304,okx,1INCH/USDT:USDT,0.2847,302.0,0.2846,6969.0,0.2848,1565.0,0.2849,13803.0
1753592123404,04:55:23.404,okx,1INCH/USDT:USDT,0.2847,32.0,0.2846,6969.0,0.2848,1890.0,0.2849,13803.0
1753592123504,04:55:23.504,okx,1INCH/USDT:USDT,0.2847,284.0,0.2846,6969.0,0.2848,1889.0,0.2849,13803.0
1753592123604,04:55:23.604,okx,1INCH/USDT:USDT,0.2847,32.0,0.2846,6969.0,0.2848,1889.0,0.2849,14154.0
1753592123704,04:55:23.704,okx,1INCH/USDT:USDT,0.2847,32.0,0.2846,6969.0,0.2848,1861.0,0.2849,14503.0
1753592123804,04:55:23.804,okx,1INCH/USDT:USDT,0.2847,32.0,0.2846,6969.0,0.2848,1891.0,0.2849,14503.0
1753592124004,04:55:24.004,okx,1INCH/USDT:USDT,0.2847,282.0,0.2846,6969.0,0.2848,1891.0,0.2849,14154.0
1753592124304,04:55:24.304,okx,1INCH/USDT:USDT,0.2847,282.0,0.2846,6969.0,0.2848,1891.0,0.2849,14154.0
1753592124404,04:55:24.404,okx,1INCH/USDT:USDT,0.2847,282.0,0.2846,6969.0,0.2848,1891.0,0.2849,14154.0
1753592124704,04:55:24.704,okx,1INCH/USDT:USDT,0.2847,282.0,0.2846,6969.0,0.2848,1891.0,0.2849,14154.0
1753592124904,04:55:24.904,okx,1INCH/USDT:USDT,0.2847,282.0,0.2846,6969.0,0.2848,1566.0,0.2849,13884.0
1753592125004,04:55:25.004,okx,1INCH/USDT:USDT,0.2847,282.0,0.2846,8909.0,0.2848,1566.0,0.2849,12834.0
1753592125104,04:55:25.104,okx,1INCH/USDT:USDT,0.2847,282.0,0.2846,8909.0,0.2848,1531.0,0.2849,12834.0
1753592125204,04:55:25.204,okx,1INCH/USDT:USDT,0.2847,282.0,0.2846,6969.0,0.2848,1531.0,0.2849,13185.0
1753592125304,04:55:25.304,okx,1INCH/USDT:USDT,0.2847,282.0,0.2846,6969.0,0.2848,1531.0,0.2849,13185.0
1753592125404,04:55:25.404,okx,1INCH/USDT:USDT,0.2847,282.0,0.2846,6969.0,0.2848,1876.0,0.2849,13185.0
1753592125504,04:55:25.504,okx,1INCH/USDT:USDT,0.2847,282.0,0.2846,6969.0,0.2848,1549.0,0.2849,13185.0
1753592126104,04:55:26.104,okx,1INCH/USDT:USDT,0.2847,282.0,0.2846,7498.0,0.2848,1551.0,0.2849,13185.0
1753592126604,04:55:26.604,okx,1INCH/USDT:USDT,0.2847,282.0,0.2846,7498.0,0.2848,1551.0,0.2849,12484.0
1753592126804,04:55:26.804,okx,1INCH/USDT:USDT,0.2847,290.0,0.2846,7500.0,0.2848,1551.0,0.2849,11168.0
1753592127604,04:55:27.604,okx,1INCH/USDT:USDT,0.2847,290.0,0.2846,7500.0,0.2848,1551.0,0.2849,11168.0
1753592127704,04:55:27.704,okx,1INCH/USDT:USDT,0.2847,32.0,0.2846,6971.0,0.2848,1874.0,0.2849,11168.0
1753592128004,04:55:28.004,okx,1INCH/USDT:USDT,0.2847,32.0,0.2846,6971.0,0.2848,1874.0,0.2849,11168.0
1753592128104,04:55:28.104,okx,1INCH/USDT:USDT,0.2847,32.0,0.2846,6971.0,0.2848,1909.0,0.2849,12218.0
1753592128204,04:55:28.204,okx,1INCH/USDT:USDT,0.2847,32.0,0.2846,6971.0,0.2848,1909.0,0.2849,12218.0
1753592128304,04:55:28.304,okx,1INCH/USDT:USDT,0.2847,32.0,0.2846,6971.0,0.2848,1909.0,0.2849,12218.0
1753592128504,04:55:28.504,okx,1INCH/USDT:USDT,0.2847,27.0,0.2846,6971.0,0.2848,1909.0,0.2849,12568.0
1753592129404,04:55:29.404,okx,1INCH/USDT:USDT,0.2847,328.0,0.2846,6971.0,0.2848,1909.0,0.2849,12568.0
1753592129804,04:55:29.804,okx,1INCH/USDT:USDT,0.2847,330.0,0.2846,6971.0,0.2848,1909.0,0.2849,12568.0
1753592130304,04:55:30.304,okx,1INCH/USDT:USDT,0.2847,330.0,0.2846,6971.0,0.2848,1909.0,0.2849,12568.0
1753592130504,04:55:30.504,okx,1INCH/USDT:USDT,0.2847,330.0,0.2846,6971.0,0.2848,1909.0,0.2849,12568.0
1753592131104,04:55:31.104,okx,1INCH/USDT:USDT,0.2847,330.0,0.2846,7500.0,0.2848,1549.0,0.2849,11320.0
1753592131904,04:55:31.904,okx,1INCH/USDT:USDT,0.2847,330.0,0.2846,7500.0,0.2848,1899.0,0.2849,11320.0
1753592132204,04:55:32.204,okx,1INCH/USDT:USDT,0.2847,330.0,0.2846,6971.0,0.2848,1899.0,0.2849,11320.0
1753592132704,04:55:32.704,okx,1INCH/USDT:USDT,0.2847,330.0,0.2846,6971.0,0.2848,1899.0,0.2849,10970.0
1753592133104,04:55:33.104,okx,1INCH/USDT:USDT,0.2847,330.0,0.2846,6971.0,0.2848,1899.0,0.2849,10970.0
1753592133904,04:55:33.904,okx,1INCH/USDT:USDT,0.2847,313.0,0.2846,7500.0,0.2848,2822.0,0.2849,12484.0
1753592134104,04:55:34.104,okx,1INCH/USDT:USDT,0.2847,315.0,0.2846,6971.0,0.2848,2857.0,0.2849,12484.0
1753592135204,04:55:35.204,okx,1INCH/USDT:USDT,0.2847,315.0,0.2846,7500.0,0.2848,2274.0,0.2849,12484.0
1753592135304,04:55:35.304,okx,1INCH/USDT:USDT,0.2847,315.0,0.2846,7500.0,0.2848,2472.0,0.2849,12484.0
1753592135604,04:55:35.604,okx,1INCH/USDT:USDT,0.2847,315.0,0.2846,7500.0,0.2848,2472.0,0.2849,12484.0
1753592135804,04:55:35.804,okx,1INCH/USDT:USDT,0.2847,315.0,0.2846,7500.0,0.2848,2822.0,0.2849,12484.0
1753592135904,04:55:35.904,okx,1INCH/USDT:USDT,0.2847,315.0,0.2846,6971.0,0.2848,2822.0,0.2849,13534.0
1753592136104,04:55:36.104,okx,1INCH/USDT:USDT,0.2847,68.0,0.2846,6971.0,0.2848,2857.0,0.2849,13884.0
1753592136304,04:55:36.304,okx,1INCH/USDT:USDT,0.2847,68.0,0.2846,6971.0,0.2848,2857.0,0.2849,14235.0
1753592136404,04:55:36.404,okx,1INCH/USDT:USDT,0.2847,68.0,0.2846,6971.0,0.2848,2857.0,0.2849,16053.0
1753592136704,04:55:36.704,okx,1INCH/USDT:USDT,0.2847,316.0,0.2846,6971.0,0.2848,2857.0,0.2849,16053.0
1753592137204,04:55:37.204,okx,1INCH/USDT:USDT,0.2847,316.0,0.2846,6971.0,0.2848,2857.0,0.2849,16053.0
1753592137404,04:55:37.404,okx,1INCH/USDT:USDT,0.2847,316.0,0.2846,6971.0,0.2848,2857.0,0.2849,16053.0
1753592137504,04:55:37.504,okx,1INCH/USDT:USDT,0.2847,316.0,0.2846,6971.0,0.2848,2857.0,0.2849,16053.0
1753592137904,04:55:37.904,okx,1INCH/USDT:USDT,0.2847,316.0,0.2846,6971.0,0.2848,2857.0,0.2849,16053.0
1753592138204,04:55:38.204,okx,1INCH/USDT:USDT,0.2847,316.0,0.2846,6971.0,0.2848,2857.0,0.2849,16053.0
1753592138304,04:55:38.304,okx,1INCH/USDT:USDT,0.2847,316.0,0.2846,6971.0,0.2848,2857.0,0.2849,16053.0
1753592138404,04:55:38.404,okx,1INCH/USDT:USDT,0.2847,316.0,0.2846,6971.0,0.2848,2859.0,0.2849,16053.0
1753592138804,04:55:38.804,okx,1INCH/USDT:USDT,0.2847,316.0,0.2846,6971.0,0.2848,2859.0,0.2849,16053.0
1753592139304,04:55:39.304,okx,1INCH/USDT:USDT,0.2847,316.0,0.2846,6971.0,0.2848,2900.0,0.2849,16053.0
1753592139904,04:55:39.904,okx,1INCH/USDT:USDT,0.2847,316.0,0.2846,6971.0,0.2848,2900.0,0.2849,16397.0
1753592140104,04:55:40.104,okx,1INCH/USDT:USDT,0.2847,316.0,0.2846,6971.0,0.2848,2900.0,0.2849,16748.0
1753592140304,04:55:40.304,okx,1INCH/USDT:USDT,0.2847,316.0,0.2846,6971.0,0.2848,2900.0,0.2849,17449.0
1753592140604,04:55:40.604,okx,1INCH/USDT:USDT,0.2847,316.0,0.2846,6971.0,0.2848,2900.0,0.2849,17449.0
1753592141104,04:55:41.104,okx,1INCH/USDT:USDT,0.2847,316.0,0.2846,7500.0,0.2848,2550.0,0.2849,17449.0
1753592141204,04:55:41.204,okx,1INCH/USDT:USDT,0.2847,316.0,0.2846,7500.0,0.2848,2352.0,0.2849,16055.0
1753592141304,04:55:41.304,okx,1INCH/USDT:USDT,0.2847,316.0,0.2846,7500.0,0.2848,2352.0,0.2849,15704.0
1753592141404,04:55:41.404,okx,1INCH/USDT:USDT,0.2847,316.0,0.2846,7500.0,0.2848,2352.0,0.2849,15704.0
1753592142404,04:55:42.404,okx,1INCH/USDT:USDT,0.2847,316.0,0.2846,9440.0,0.2848,2317.0,0.2849,12834.0
1753592142504,04:55:42.504,okx,1INCH/USDT:USDT,0.2847,843.0,0.2846,9440.0,0.2848,2317.0,0.2849,12305.0
1753592142604,04:55:42.604,okx,1INCH/USDT:USDT,0.2847,845.0,0.2846,9440.0,0.2848,2317.0,0.2849,12305.0
1753592143304,04:55:43.304,okx,1INCH/USDT:USDT,0.2847,316.0,0.2846,7500.0,0.2848,2531.0,0.2849,12484.0
1753592143404,04:55:43.404,okx,1INCH/USDT:USDT,0.2847,316.0,0.2846,7500.0,0.2848,2531.0,0.2849,12484.0
1753592143604,04:55:43.604,okx,1INCH/USDT:USDT,0.2847,316.0,0.2846,7500.0,0.2848,2333.0,0.2849,12484.0
1753592143804,04:55:43.804,okx,1INCH/USDT:USDT,0.2847,316.0,0.2846,7500.0,0.2848,2333.0,0.2849,12484.0
1753592144404,04:55:44.404,okx,1INCH/USDT:USDT,0.2847,845.0,0.2846,9440.0,0.2848,2333.0,0.2849,12484.0
1753592145004,04:55:45.004,okx,1INCH/USDT:USDT,0.2847,845.0,0.2846,9440.0,0.2848,2333.0,0.2849,12484.0
1753592145304,04:55:45.304,okx,1INCH/USDT:USDT,0.2847,845.0,0.2846,9440.0,0.2848,2333.0,0.2849,12484.0
1753592146304,04:55:46.304,okx,1INCH/USDT:USDT,0.2847,1043.0,0.2846,9440.0,0.2848,2333.0,0.2849,11955.0
1753592146404,04:55:46.404,okx,1INCH/USDT:USDT,0.2847,1043.0,0.2846,9440.0,0.2848,2152.0,0.2849,11955.0
1753592146904,04:55:46.904,okx,1INCH/USDT:USDT,0.2847,514.0,0.2846,9440.0,0.2848,2152.0,0.2849,12484.0
1753592147004,04:55:47.004,okx,1INCH/USDT:USDT,0.2847,316.0,0.2846,9440.0,0.2848,2152.0,0.2849,12484.0
1753592149104,04:55:49.104,okx,1INCH/USDT:USDT,0.2847,316.0,0.2846,6971.0,0.2848,2700.0,0.2849,10871.0
1753592149204,04:55:49.204,okx,1INCH/USDT:USDT,0.2847,316.0,0.2846,7500.0,0.2848,2700.0,0.2849,10871.0
1753592149304,04:55:49.304,okx,1INCH/USDT:USDT,0.2847,316.0,0.2846,7500.0,0.2848,2350.0,0.2849,10871.0
1753592149604,04:55:49.604,okx,1INCH/USDT:USDT,0.2847,316.0,0.2846,9440.0,0.2848,2152.0,0.2849,10871.0
1753592150204,04:55:50.204,okx,1INCH/USDT:USDT,0.2847,316.0,0.2846,9440.0,0.2848,2152.0,0.2849,10871.0
1753592150804,04:55:50.804,okx,1INCH/USDT:USDT,0.2847,316.0,0.2846,7500.0,0.2848,2152.0,0.2849,10871.0
1753592151304,04:55:51.304,okx,1INCH/USDT:USDT,0.2847,316.0,0.2846,7500.0,0.2848,2152.0,0.2849,12484.0
1753592151404,04:55:51.404,okx,1INCH/USDT:USDT,0.2847,316.0,0.2846,9440.0,0.2848,2152.0,0.2849,12484.0
1753592153104,04:55:53.104,okx,1INCH/USDT:USDT,0.2847,316.0,0.2846,9440.0,0.2848,2159.0,0.2849,12484.0
1753592153204,04:55:53.204,okx,1INCH/USDT:USDT,0.2847,316.0,0.2846,9440.0,0.2848,2161.0,0.2849,12484.0
1753592155304,04:55:55.304,okx,1INCH/USDT:USDT,0.2847,316.0,0.2846,9440.0,0.2848,2161.0,0.2849,12484.0
1753592155504,04:55:55.504,okx,1INCH/USDT:USDT,0.2847,316.0,0.2846,9440.0,0.2848,2161.0,0.2849,12484.0
1753592155604,04:55:55.604,okx,1INCH/USDT:USDT,0.2847,1218.0,0.2846,9791.0,0.2848,2161.0,0.2849,11955.0
1753592155804,04:55:55.804,okx,1INCH/USDT:USDT,0.2847,1218.0,0.2846,11204.0,0.2848,1891.0,0.2849,10313.0
1753592155904,04:55:55.904,okx,1INCH/USDT:USDT,0.2847,1218.0,0.2846,10677.0,0.2848,1891.0,0.2849,10313.0
1753592156004,04:55:56.004,okx,1INCH/USDT:USDT,0.2847,1218.0,0.2846,10677.0,0.2848,1891.0,0.2849,10313.0
1753592156404,04:55:56.404,okx,1INCH/USDT:USDT,0.2847,1218.0,0.2846,11730.0,0.2848,1891.0,0.2849,10313.0
1753592156504,04:55:56.504,okx,1INCH/USDT:USDT,0.2847,1219.0,0.2846,15848.0,0.2848,1892.0,0.2849,10313.0
1753592156604,04:55:56.604,okx,1INCH/USDT:USDT,0.2847,1219.0,0.2846,15848.0,0.2848,1892.0,0.2849,10313.0
1753592156704,04:55:56.704,okx,1INCH/USDT:USDT,0.2847,1219.0,0.2846,15848.0,0.2848,1892.0,0.2849,10313.0
1753592156804,04:55:56.804,okx,1INCH/USDT:USDT,0.2847,1219.0,0.2846,14444.0,0.2848,1892.0,0.2849,10313.0
1753592157204,04:55:57.204,okx,1INCH/USDT:USDT,0.2847,1219.0,0.2846,14795.0,0.2848,1892.0,0.2849,10313.0
1753592157304,04:55:57.304,okx,1INCH/USDT:USDT,0.2847,1219.0,0.2846,14795.0,0.2848,1892.0,0.2849,10313.0
1753592157604,04:55:57.604,okx,1INCH/USDT:USDT,0.2847,1219.0,0.2846,14795.0,0.2848,1892.0,0.2849,10313.0
1753592157704,04:55:57.704,okx,1INCH/USDT:USDT,0.2847,1219.0,0.2846,15848.0,0.2848,1892.0,0.2849,10313.0
1753592157804,04:55:57.804,okx,1INCH/USDT:USDT,0.2847,1219.0,0.2846,16725.0,0.2848,1892.0,0.2849,10313.0
1753592158004,04:55:58.004,okx,1INCH/USDT:USDT,0.2847,1219.0,0.2846,17427.0,0.2848,1892.0,0.2849,10313.0
1753592158304,04:55:58.304,okx,1INCH/USDT:USDT,0.2847,1219.0,0.2846,18128.0,0.2848,1892.0,0.2849,10133.0
1753592158404,04:55:58.404,okx,1INCH/USDT:USDT,0.2847,1219.0,0.2846,19431.0,0.2848,1892.0,0.2849,10133.0
1753592158704,04:55:58.704,okx,1INCH/USDT:USDT,0.2847,5641.0,0.2846,19431.0,0.2849,9782.0,0.285,14550.0
1753592158804,04:55:58.804,okx,1INCH/USDT:USDT,0.2847,1949.0,0.2846,21006.0,0.2848,1.0,0.2849,9815.0
1753592159004,04:55:59.004,okx,1INCH/USDT:USDT,0.2847,1949.0,0.2846,21006.0,0.2848,1.0,0.2849,9815.0
1753592159104,04:55:59.104,okx,1INCH/USDT:USDT,0.2847,1254.0,0.2846,21006.0,0.2848,242.0,0.2849,10085.0
1753592159504,04:55:59.504,okx,1INCH/USDT:USDT,0.2847,1276.0,0.2846,22476.0,0.2848,614.0,0.2849,10085.0
1753592160604,04:56:00.604,okx,1INCH/USDT:USDT,0.2847,1242.0,0.2846,20724.0,0.2848,614.0,0.2849,10085.0
1753592160904,04:56:00.904,okx,1INCH/USDT:USDT,0.2847,1247.0,0.2846,20724.0,0.2848,614.0,0.2849,10085.0
1753592161304,04:56:01.304,okx,1INCH/USDT:USDT,0.2847,1247.0,0.2846,20724.0,0.2848,614.0,0.2849,10085.0
1753592161604,04:56:01.604,okx,1INCH/USDT:USDT,0.2847,1247.0,0.2846,20724.0,0.2848,614.0,0.2849,10085.0
1753592161704,04:56:01.704,okx,1INCH/USDT:USDT,0.2847,1247.0,0.2846,20724.0,0.2848,614.0,0.2849,10085.0
1753592161804,04:56:01.804,okx,1INCH/USDT:USDT,0.2847,1247.0,0.2846,20724.0,0.2848,614.0,0.2849,10085.0
1753592162004,04:56:02.004,okx,1INCH/USDT:USDT,0.2848,1175.0,0.2847,13464.0,0.2849,1873.0,0.285,15430.0
1753592162104,04:56:02.104,okx,1INCH/USDT:USDT,0.2848,1175.0,0.2847,13464.0,0.2849,1873.0,0.285,15430.0
1753592162204,04:56:02.204,okx,1INCH/USDT:USDT,0.2848,1175.0,0.2847,13464.0,0.2849,1850.0,0.285,15430.0
1753592162304,04:56:02.304,okx,1INCH/USDT:USDT,0.2848,646.0,0.2847,13346.0,0.2849,1818.0,0.285,15430.0
1753592162404,04:56:02.404,okx,1INCH/USDT:USDT,0.2848,448.0,0.2847,13346.0,0.2849,1818.0,0.285,15430.0
1753592162804,04:56:02.804,okx,1INCH/USDT:USDT,0.2848,1175.0,0.2847,13346.0,0.2849,1580.0,0.285,15430.0
1753592162904,04:56:02.904,okx,1INCH/USDT:USDT,0.2848,1175.0,0.2847,13346.0,0.2849,1580.0,0.285,15430.0
1753592163204,04:56:03.204,okx,1INCH/USDT:USDT,0.2848,646.0,0.2847,13346.0,0.2849,1580.0,0.285,15430.0
1753592163604,04:56:03.604,okx,1INCH/USDT:USDT,0.2848,646.0,0.2847,13346.0,0.2849,1817.0,0.285,15430.0
1753592163704,04:56:03.704,okx,1INCH/USDT:USDT,0.2848,376.0,0.2847,13346.0,0.2849,1817.0,0.285,15430.0
1753592163804,04:56:03.804,okx,1INCH/USDT:USDT,0.2848,646.0,0.2847,13346.0,0.2849,1817.0,0.285,15430.0
1753592164304,04:56:04.304,okx,1INCH/USDT:USDT,0.2848,646.0,0.2847,11520.0,0.2849,1817.0,0.285,15430.0
1753592164404,04:56:04.404,okx,1INCH/USDT:USDT,0.2848,646.0,0.2847,11790.0,0.2849,1817.0,0.285,15430.0
1753592164904,04:56:04.904,okx,1INCH/USDT:USDT,0.2848,646.0,0.2847,11790.0,0.2849,1817.0,0.285,15430.0
1753592165104,04:56:05.104,okx,1INCH/USDT:USDT,0.2848,646.0,0.2847,11790.0,0.2849,1817.0,0.285,15430.0
1753592165504,04:56:05.504,okx,1INCH/USDT:USDT,0.2848,646.0,0.2847,11790.0,0.2849,1818.0,0.285,15430.0
1753592165604,04:56:05.604,okx,1INCH/USDT:USDT,0.2848,646.0,0.2847,11790.0,0.2849,1581.0,0.285,15430.0
1753592165704,04:56:05.704,okx,1INCH/USDT:USDT,0.2848,646.0,0.2847,11790.0,0.2849,1581.0,0.285,15430.0
1753592165904,04:56:05.904,okx,1INCH/USDT:USDT,0.2848,646.0,0.2847,11790.0,0.2849,1581.0,0.285,15430.0
1753592166004,04:56:06.004,okx,1INCH/USDT:USDT,0.2848,448.0,0.2847,11520.0,0.2849,1837.0,0.285,15430.0
1753592166104,04:56:06.104,okx,1INCH/USDT:USDT,0.2848,448.0,0.2847,11790.0,0.2849,1837.0,0.285,15430.0
1753592166204,04:56:06.204,okx,1INCH/USDT:USDT,0.2848,646.0,0.2847,11790.0,0.2849,1581.0,0.285,15430.0
1753592166404,04:56:06.404,okx,1INCH/USDT:USDT,0.2848,440.0,0.2847,11520.0,0.2849,1851.0,0.285,15430.0
1753592166504,04:56:06.504,okx,1INCH/USDT:USDT,0.2848,638.0,0.2847,11520.0,0.2849,1851.0,0.285,15430.0
1753592166604,04:56:06.604,okx,1INCH/USDT:USDT,0.2848,638.0,0.2847,11520.0,0.2849,1851.0,0.285,15430.0
1753592166704,04:56:06.704,okx,1INCH/USDT:USDT,0.2848,1.0,0.2847,11520.0,0.2849,1851.0,0.285,15430.0
1753592166804,04:56:06.804,okx,1INCH/USDT:USDT,0.2848,1.0,0.2847,3770.0,0.2849,1849.0,0.285,15666.0
1753592166904,04:56:06.904,okx,1INCH/USDT:USDT,0.2848,251.0,0.2847,8309.0,0.2849,1851.0,0.285,15316.0
1753592167004,04:56:07.004,okx,1INCH/USDT:USDT,0.2848,253.0,0.2847,10249.0,0.2849,1851.0,0.285,15316.0
1753592167104,04:56:07.104,okx,1INCH/USDT:USDT,0.2848,253.0,0.2847,10249.0,0.2849,1851.0,0.285,15316.0
1753592167204,04:56:07.204,okx,1INCH/USDT:USDT,0.2848,253.0,0.2847,10249.0,0.2849,1851.0,0.285,15316.0
1753592167704,04:56:07.704,okx,1INCH/USDT:USDT,0.2848,253.0,0.2847,10249.0,0.2849,1851.0,0.285,15316.0
1753592167904,04:56:07.904,okx,1INCH/USDT:USDT,0.2848,253.0,0.2847,10249.0,0.2849,1851.0,0.285,13916.0
1753592168204,04:56:08.204,okx,1INCH/USDT:USDT,0.2848,253.0,0.2847,10249.0,0.2849,1851.0,0.285,13916.0
1753592168304,04:56:08.304,okx,1INCH/USDT:USDT,0.2848,318.0,0.2847,10183.0,0.2849,1851.0,0.285,15848.0
1753592169304,04:56:09.304,okx,1INCH/USDT:USDT,0.2848,317.0,0.2847,10183.0,0.2849,1851.0,0.285,15848.0
1753592169504,04:56:09.504,okx,1INCH/USDT:USDT,0.2848,317.0,0.2847,10183.0,0.2849,1851.0,0.285,15848.0
1753592170504,04:56:10.504,okx,1INCH/USDT:USDT,0.2848,317.0,0.2847,10183.0,0.2849,1581.0,0.285,15848.0
1753592171204,04:56:11.204,okx,1INCH/USDT:USDT,0.2848,328.0,0.2847,10182.0,0.2849,1823.0,0.285,15848.0
1753592171904,04:56:11.904,okx,1INCH/USDT:USDT,0.2848,328.0,0.2847,10182.0,0.2849,1823.0,0.285,15848.0
1753592172604,04:56:12.604,okx,1INCH/USDT:USDT,0.2848,328.0,0.2847,10182.0,0.2849,1823.0,0.285,15848.0
1753592172704,04:56:12.704,okx,1INCH/USDT:USDT,0.2848,328.0,0.2847,10183.0,0.2849,1581.0,0.285,15848.0
1753592173004,04:56:13.004,okx,1INCH/USDT:USDT,0.2848,328.0,0.2847,9774.0,0.2849,1824.0,0.285,15848.0
1753592173104,04:56:13.104,okx,1INCH/USDT:USDT,0.2848,328.0,0.2847,9248.0,0.2849,1581.0,0.285,15848.0
1753592173204,04:56:13.204,okx,1INCH/USDT:USDT,0.2848,328.0,0.2847,9248.0,0.2849,1581.0,0.285,15848.0
1753592173504,04:56:13.504,okx,1INCH/USDT:USDT,0.2848,436.0,0.2847,9248.0,0.2849,1581.0,0.285,15848.0
1753592173604,04:56:13.604,okx,1INCH/USDT:USDT,0.2848,436.0,0.2847,9247.0,0.2849,1581.0,0.285,15848.0
1753592173904,04:56:13.904,okx,1INCH/USDT:USDT,0.2848,436.0,0.2847,9247.0,0.2849,1581.0,0.285,15848.0
1753592174304,04:56:14.304,okx,1INCH/USDT:USDT,0.2848,436.0,0.2847,9247.0,0.2849,1818.0,0.285,15848.0
1753592174604,04:56:14.604,okx,1INCH/USDT:USDT,0.2848,1336.0,0.2847,9961.0,0.2849,1581.0,0.285,15848.0
1753592174704,04:56:14.704,okx,1INCH/USDT:USDT,0.2848,809.0,0.2847,9961.0,0.2849,1817.0,0.285,15848.0
1753592174904,04:56:14.904,okx,1INCH/USDT:USDT,0.2848,611.0,0.2847,9961.0,0.2849,1819.0,0.285,15848.0
1753592175104,04:56:15.104,okx,1INCH/USDT:USDT,0.2848,806.0,0.2847,9961.0,0.2849,1581.0,0.285,15848.0
1753592175204,04:56:15.204,okx,1INCH/USDT:USDT,0.2848,806.0,0.2847,9961.0,0.2849,1581.0,0.285,15848.0
1753592176704,04:56:16.704,okx,1INCH/USDT:USDT,0.2848,608.0,0.2847,9961.0,0.2849,1823.0,0.285,15848.0
1753592176804,04:56:16.804,okx,1INCH/USDT:USDT,0.2848,608.0,0.2847,9961.0,0.2849,1823.0,0.285,15848.0
1753592176904,04:56:16.904,okx,1INCH/USDT:USDT,0.2848,608.0,0.2847,9961.0,0.2849,1823.0,0.285,15848.0
1753592177304,04:56:17.304,okx,1INCH/USDT:USDT,0.2848,614.0,0.2847,9961.0,0.2849,1820.0,0.285,16385.0
1753592177404,04:56:17.404,okx,1INCH/USDT:USDT,0.2848,614.0,0.2847,9961.0,0.2849,1581.0,0.285,16385.0
1753592177904,04:56:17.904,okx,1INCH/USDT:USDT,0.2848,614.0,0.2847,9961.0,0.2849,1581.0,0.285,16385.0
1753592178004,04:56:18.004,okx,1INCH/USDT:USDT,0.2848,614.0,0.2847,9961.0,0.2849,1581.0,0.285,16385.0
1753592178704,04:56:18.704,okx,1INCH/USDT:USDT,0.2848,614.0,0.2847,9961.0,0.2849,1581.0,0.285,16385.0
1753592179504,04:56:19.504,okx,1INCH/USDT:USDT,0.2848,364.0,0.2847,9432.0,0.2849,2184.0,0.285,16385.0
1753592179804,04:56:19.804,okx,1INCH/USDT:USDT,0.2848,634.0,0.2847,9432.0,0.2849,1851.0,0.285,16385.0
1753592180004,04:56:20.004,okx,1INCH/USDT:USDT,0.2848,634.0,0.2847,9432.0,0.2849,2382.0,0.285,16385.0
1753592180104,04:56:20.104,okx,1INCH/USDT:USDT,0.2848,634.0,0.2847,9961.0,0.2849,2382.0,0.285,16385.0
1753592180204,04:56:20.204,okx,1INCH/USDT:USDT,0.2848,634.0,0.2847,9961.0,0.2849,2382.0,0.285,16385.0
1753592180404,04:56:20.404,okx,1INCH/USDT:USDT,0.2848,634.0,0.2847,9961.0,0.2849,1581.0,0.285,16385.0
1753592180504,04:56:20.504,okx,1INCH/USDT:USDT,0.2848,634.0,0.2847,9961.0,0.2849,1581.0,0.285,16385.0
1753592180704,04:56:20.704,okx,1INCH/USDT:USDT,0.2848,832.0,0.2847,9961.0,0.2849,1581.0,0.285,16385.0
1753592181004,04:56:21.004,okx,1INCH/USDT:USDT,0.2848,1361.0,0.2847,9961.0,0.2849,1581.0,0.285,16034.0
1753592181104,04:56:21.104,okx,1INCH/USDT:USDT,0.2848,832.0,0.2847,9961.0,0.2849,1581.0,0.285,16034.0
1753592181304,04:56:21.304,okx,1INCH/USDT:USDT,0.2848,832.0,0.2847,9961.0,0.2849,1581.0,0.285,16034.0
1753592181504,04:56:21.504,okx,1INCH/USDT:USDT,0.2848,832.0,0.2847,9961.0,0.2849,1581.0,0.285,16034.0
1753592181604,04:56:21.604,okx,1INCH/USDT:USDT,0.2848,727.0,0.2847,9961.0,0.2849,1581.0,0.285,16034.0
1753592181704,04:56:21.704,okx,1INCH/USDT:USDT,0.2848,778.0,0.2847,9961.0,0.2849,1581.0,0.285,16034.0
1753592181904,04:56:21.904,okx,1INCH/USDT:USDT,0.2848,778.0,0.2847,10663.0,0.2849,1581.0,0.285,16034.0
1753592182404,04:56:22.404,okx,1INCH/USDT:USDT,0.2848,778.0,0.2847,9961.0,0.2849,1581.0,0.285,16034.0
1753592182904,04:56:22.904,okx,1INCH/USDT:USDT,0.2848,778.0,0.2847,9961.0,0.2849,1581.0,0.285,16034.0
1753592183004,04:56:23.004,okx,1INCH/USDT:USDT,0.2848,791.0,0.2847,9961.0,0.2849,1581.0,0.285,16034.0
1753592184004,04:56:24.004,okx,1INCH/USDT:USDT,0.2848,752.0,0.2847,9961.0,0.2849,2107.0,0.285,15508.0
1753592184904,04:56:24.904,okx,1INCH/USDT:USDT,0.2848,752.0,0.2847,9961.0,0.2849,2107.0,0.285,15508.0
1753592185404,04:56:25.404,okx,1INCH/USDT:USDT,0.2848,752.0,0.2847,9961.0,0.2849,2101.0,0.285,15508.0
1753592185704,04:56:25.704,okx,1INCH/USDT:USDT,0.2848,752.0,0.2847,9961.0,0.2849,2101.0,0.285,15508.0
1753592185804,04:56:25.804,okx,1INCH/USDT:USDT,0.2848,752.0,0.2847,9961.0,0.2849,2101.0,0.285,15508.0
