timestamp,time,symbol,bid1_price,bid1_volume,bid2_price,bid2_volume,ask1_price,ask1_volume,ask2_price,ask2_volume
1753546957000,16:22:37.000,ACT/USDT:USDT,0.04582,199.0,0.04581,211.0,0.04587,184.0,0.04588,185.0
1753546958261,16:22:38.261,ACT/USDT:USDT,0.04582,199.0,0.04581,211.0,0.04587,184.0,0.04588,185.0
1753546958727,16:22:38.727,ACT/USDT:USDT,0.04582,199.0,0.04581,211.0,0.04587,184.0,0.04588,185.0
1753546959973,16:22:39.973,ACT/USDT:USDT,0.04583,180.0,0.04582,199.0,0.04588,1.0,0.04589,698.0
1753546960059,16:22:40.059,ACT/USDT:USDT,0.04583,858.0,0.04582,199.0,0.04588,1.0,0.04589,189.0
1753546960158,16:22:40.158,ACT/USDT:USDT,0.04584,22.0,0.04583,203.0,0.04588,1.0,0.04589,189.0
1753546960273,16:22:40.273,ACT/USDT:USDT,0.04584,22.0,0.04583,203.0,0.04588,1.0,0.04589,189.0
1753546960375,16:22:40.375,ACT/USDT:USDT,0.04584,22.0,0.04583,203.0,0.04588,181.0,0.04589,189.0
1753546960467,16:22:40.467,ACT/USDT:USDT,0.04583,23.0,0.04582,188.0,0.04588,203.0,0.04589,189.0
1753546960482,16:22:40.482,ACT/USDT:USDT,0.04582,211.0,0.04581,668.0,0.04588,203.0,0.04589,189.0
1753546960586,16:22:40.586,ACT/USDT:USDT,0.04582,211.0,0.04581,668.0,0.04588,203.0,0.04589,189.0
1753546960709,16:22:40.709,ACT/USDT:USDT,0.04582,211.0,0.04581,668.0,0.04588,203.0,0.04589,189.0
1753546960779,16:22:40.779,ACT/USDT:USDT,0.04582,211.0,0.04581,668.0,0.04588,203.0,0.04589,189.0
1753546960978,16:22:40.978,ACT/USDT:USDT,0.04583,180.0,0.04582,211.0,0.04588,203.0,0.04589,189.0
1753546961126,16:22:41.126,ACT/USDT:USDT,0.04583,180.0,0.04582,211.0,0.04588,203.0,0.04589,189.0
1753546961818,16:22:41.818,ACT/USDT:USDT,0.04583,180.0,0.04582,211.0,0.04588,203.0,0.04589,189.0
1753546961917,16:22:41.917,ACT/USDT:USDT,0.04583,180.0,0.04582,211.0,0.04588,203.0,0.04589,189.0
1753546962970,16:22:42.970,ACT/USDT:USDT,0.04583,180.0,0.04582,211.0,0.04588,203.0,0.04589,189.0
1753546962979,16:22:42.979,ACT/USDT:USDT,0.04583,180.0,0.04582,211.0,0.04588,203.0,0.04589,189.0
1753546965173,16:22:45.173,ACT/USDT:USDT,0.04583,180.0,0.04582,211.0,0.04588,12.0,0.04589,189.0
1753546965275,16:22:45.275,ACT/USDT:USDT,0.04584,191.0,0.04583,1490.0,0.04588,12.0,0.04589,189.0
1753546965358,16:22:45.358,ACT/USDT:USDT,0.04584,225.0,0.04583,884.0,0.04588,12.0,0.04589,1.0
1753546965378,16:22:45.378,ACT/USDT:USDT,0.04584,225.0,0.04583,884.0,0.04588,12.0,0.04589,1.0
1753546965590,16:22:45.590,ACT/USDT:USDT,0.04584,225.0,0.04583,884.0,0.04588,12.0,0.04589,1.0
1753546967159,16:22:47.159,ACT/USDT:USDT,0.04584,225.0,0.04583,884.0,0.04588,12.0,0.04589,1.0
1753546969599,16:22:49.599,ACT/USDT:USDT,0.04584,225.0,0.04583,1425.0,0.04588,12.0,0.04589,1.0
1753546970436,16:22:50.436,ACT/USDT:USDT,0.04584,225.0,0.04583,1425.0,0.04588,12.0,0.04589,1.0
1753546970854,16:22:50.854,ACT/USDT:USDT,0.04584,225.0,0.04583,1425.0,0.04588,12.0,0.04589,1.0
1753546975369,16:22:55.369,ACT/USDT:USDT,0.04584,225.0,0.04583,1425.0,0.04588,12.0,0.04589,1.0
1753546975379,16:22:55.379,ACT/USDT:USDT,0.04584,225.0,0.04583,884.0,0.04588,12.0,0.04589,1.0
1753546975698,16:22:55.698,ACT/USDT:USDT,0.04584,225.0,0.04583,884.0,0.04588,12.0,0.04589,1.0
1753546976075,16:22:56.075,ACT/USDT:USDT,0.04584,225.0,0.04583,884.0,0.04588,12.0,0.04589,1.0
1753546976089,16:22:56.089,ACT/USDT:USDT,0.04584,225.0,0.04583,884.0,0.04588,12.0,0.04589,1.0
1753546980064,16:23:00.064,ACT/USDT:USDT,0.04584,1533.0,0.04583,884.0,0.04588,12.0,0.04589,1.0
1753546980158,16:23:00.158,ACT/USDT:USDT,0.04584,1533.0,0.04583,884.0,0.04588,12.0,0.04589,1.0
1753546980242,16:23:00.242,ACT/USDT:USDT,0.04585,460.0,0.04584,1533.0,0.04588,12.0,0.04589,1.0
1753546980335,16:23:00.335,ACT/USDT:USDT,0.04586,23.0,0.04584,856.0,0.04588,12.0,0.04589,1.0
1753546980392,16:23:00.392,ACT/USDT:USDT,0.04585,23.0,0.04584,202.0,0.04588,12.0,0.04589,1.0
1753546980570,16:23:00.570,ACT/USDT:USDT,0.04584,225.0,0.04583,884.0,0.04588,12.0,0.04589,1.0
1753546980598,16:23:00.598,ACT/USDT:USDT,0.04584,225.0,0.04583,721.0,0.04588,12.0,0.04589,1.0
1753546980771,16:23:00.771,ACT/USDT:USDT,0.04584,225.0,0.04583,721.0,0.04588,12.0,0.04589,1.0
1753546980778,16:23:00.778,ACT/USDT:USDT,0.04584,225.0,0.04583,721.0,0.04588,12.0,0.04589,1.0
1753546980971,16:23:00.971,ACT/USDT:USDT,0.04584,225.0,0.04583,721.0,0.04588,12.0,0.04589,1.0
1753546981158,16:23:01.158,ACT/USDT:USDT,0.04585,460.0,0.04584,1533.0,0.04588,12.0,0.04589,1.0
1753546981184,16:23:01.184,ACT/USDT:USDT,0.04586,23.0,0.04585,460.0,0.04588,12.0,0.04589,1.0
1753546981358,16:23:01.358,ACT/USDT:USDT,0.04586,23.0,0.04585,460.0,0.04588,12.0,0.04589,1.0
1753546981379,16:23:01.379,ACT/USDT:USDT,0.04586,23.0,0.04585,460.0,0.04588,12.0,0.04589,1.0
1753546981519,16:23:01.519,ACT/USDT:USDT,0.04586,23.0,0.04584,191.0,0.04588,12.0,0.04589,1.0
1753546981615,16:23:01.615,ACT/USDT:USDT,0.04584,225.0,0.04583,1257.0,0.04588,12.0,0.04589,1.0
1753546981699,16:23:01.699,ACT/USDT:USDT,0.04584,225.0,0.04583,721.0,0.04588,12.0,0.04589,1.0
1753546981795,16:23:01.795,ACT/USDT:USDT,0.04584,225.0,0.04583,721.0,0.04588,12.0,0.04589,1.0
1753546982067,16:23:02.067,ACT/USDT:USDT,0.04584,34.0,0.04583,180.0,0.04587,185.0,0.04588,197.0
1753546982171,16:23:02.171,ACT/USDT:USDT,0.04583,23.0,0.0458,188.0,0.04587,11.0,0.04588,197.0
1753546982249,16:23:02.249,ACT/USDT:USDT,0.04581,185.0,0.0458,211.0,0.04587,11.0,0.04588,197.0
1753546982366,16:23:02.366,ACT/USDT:USDT,0.04581,877.0,0.0458,2307.0,0.04587,11.0,0.04588,197.0
1753546982439,16:23:02.439,ACT/USDT:USDT,0.04582,23.0,0.04581,185.0,0.04587,11.0,0.04588,197.0
1753546982545,16:23:02.545,ACT/USDT:USDT,0.04581,208.0,0.0458,188.0,0.04587,11.0,0.04588,197.0
1753546982639,16:23:02.639,ACT/USDT:USDT,0.04581,208.0,0.0458,188.0,0.04587,11.0,0.04588,197.0
1753546983901,16:23:03.901,ACT/USDT:USDT,0.04581,208.0,0.0458,188.0,0.04587,196.0,0.04588,197.0
1753546986160,16:23:06.160,ACT/USDT:USDT,0.04582,182.0,0.04581,208.0,0.04588,197.0,0.04589,510.0
1753546986179,16:23:06.179,ACT/USDT:USDT,0.04582,837.0,0.04581,208.0,0.04588,197.0,0.04589,510.0
1753546986318,16:23:06.318,ACT/USDT:USDT,0.04583,23.0,0.04582,837.0,0.04588,12.0,0.04589,510.0
1753546986457,16:23:06.457,ACT/USDT:USDT,0.04583,216.0,0.04582,182.0,0.04588,12.0,0.04589,1.0
1753546986738,16:23:06.738,ACT/USDT:USDT,0.04583,216.0,0.04582,182.0,0.04588,12.0,0.04589,1.0
1753546987259,16:23:07.259,ACT/USDT:USDT,0.04583,227.0,0.04581,185.0,0.04588,12.0,0.04589,1.0
1753546987283,16:23:07.283,ACT/USDT:USDT,0.04583,204.0,0.04582,23.0,0.04588,12.0,0.04589,1.0
1753546987624,16:23:07.624,ACT/USDT:USDT,0.04584,182.0,0.04583,1064.0,0.04588,1.0,0.04589,1.0
1753546987695,16:23:07.695,ACT/USDT:USDT,0.04584,205.0,0.04583,1064.0,0.04588,1.0,0.04589,1.0
1753546988432,16:23:08.432,ACT/USDT:USDT,0.04584,205.0,0.04583,1064.0,0.04588,1.0,0.04589,1.0
1753546988763,16:23:08.763,ACT/USDT:USDT,0.04584,205.0,0.04583,1064.0,0.04588,1.0,0.04589,1.0
1753546991566,16:23:11.566,ACT/USDT:USDT,0.04584,859.0,0.04583,1064.0,0.04588,1.0,0.04589,1.0
1753546991970,16:23:11.970,ACT/USDT:USDT,0.04584,859.0,0.04583,1064.0,0.04588,1.0,0.04589,1.0
1753546992567,16:23:12.567,ACT/USDT:USDT,0.04584,859.0,0.04583,1064.0,0.04588,1.0,0.04589,1.0
1753546992801,16:23:12.801,ACT/USDT:USDT,0.04584,859.0,0.04583,1064.0,0.04588,1.0,0.04589,1.0
1753546993369,16:23:13.369,ACT/USDT:USDT,0.04584,859.0,0.04583,1064.0,0.04588,1.0,0.04589,1.0
1753546993378,16:23:13.378,ACT/USDT:USDT,0.04584,859.0,0.04583,1064.0,0.04588,1.0,0.04589,1.0
1753546995364,16:23:15.364,ACT/USDT:USDT,0.04584,859.0,0.04583,1064.0,0.04588,1.0,0.04589,1.0
1753546995398,16:23:15.398,ACT/USDT:USDT,0.04584,859.0,0.04583,1064.0,0.04588,1.0,0.04589,1.0
1753546996520,16:23:16.520,ACT/USDT:USDT,0.04584,859.0,0.04583,1064.0,0.04588,1.0,0.04589,1.0
1753546998418,16:23:18.418,ACT/USDT:USDT,0.04584,859.0,0.04583,1064.0,0.04588,1.0,0.04589,1.0
1753547001438,16:23:21.438,ACT/USDT:USDT,0.04584,859.0,0.04583,1064.0,0.04588,1.0,0.04589,1.0
1753547001745,16:23:21.745,ACT/USDT:USDT,0.04584,859.0,0.04583,1064.0,0.04588,1.0,0.04589,1.0
1753547002573,16:23:22.573,ACT/USDT:USDT,0.04584,859.0,0.04583,1064.0,0.04588,1.0,0.04589,1.0
1753547002578,16:23:22.578,ACT/USDT:USDT,0.04584,859.0,0.04583,1064.0,0.04588,1.0,0.04589,1.0
1753547004842,16:23:24.842,ACT/USDT:USDT,0.04585,454.0,0.04584,1513.0,0.04588,1.0,0.04589,1.0
1753547004898,16:23:24.898,ACT/USDT:USDT,0.04586,23.0,0.04585,465.0,0.04588,1.0,0.04589,12.0
1753547004981,16:23:24.981,ACT/USDT:USDT,0.04586,23.0,0.04585,465.0,0.04588,1.0,0.04589,12.0
1753547005711,16:23:25.711,ACT/USDT:USDT,0.04586,23.0,0.04585,465.0,0.04588,1.0,0.04589,12.0
1753547008339,16:23:28.339,ACT/USDT:USDT,0.04586,23.0,0.04585,22.0,0.04588,1.0,0.04589,1.0
1753547008382,16:23:28.382,ACT/USDT:USDT,0.04585,22.0,0.04584,205.0,0.04588,1.0,0.04589,1.0
1753547008575,16:23:28.575,ACT/USDT:USDT,0.04585,864.0,0.04584,205.0,0.04588,1.0,0.04589,1.0
1753547008600,16:23:28.600,ACT/USDT:USDT,0.04586,478.0,0.04585,1518.0,0.04588,1.0,0.04589,1.0
1753547009375,16:23:29.375,ACT/USDT:USDT,0.04586,478.0,0.04585,1319.0,0.04588,1.0,0.04589,12.0
1753547009655,16:23:29.655,ACT/USDT:USDT,0.04586,23.0,0.04584,182.0,0.04588,1.0,0.04589,23.0
1753547009746,16:23:29.746,ACT/USDT:USDT,0.04584,205.0,0.04583,1042.0,0.04588,1.0,0.04589,23.0
1753547009782,16:23:29.782,ACT/USDT:USDT,0.04584,205.0,0.04583,1042.0,0.04588,1.0,0.04589,23.0
1753547010974,16:23:30.974,ACT/USDT:USDT,0.04584,205.0,0.04583,1042.0,0.04588,1.0,0.04589,23.0
1753547010975,16:23:30.975,ACT/USDT:USDT,0.04584,216.0,0.04583,1042.0,0.04588,1.0,0.04589,23.0
1753547011619,16:23:31.619,ACT/USDT:USDT,0.04584,227.0,0.04583,1042.0,0.04588,1.0,0.04589,23.0
1753547011947,16:23:31.947,ACT/USDT:USDT,0.04584,227.0,0.04583,1042.0,0.04588,1.0,0.04589,23.0
1753547017195,16:23:37.195,ACT/USDT:USDT,0.04584,227.0,0.04583,1042.0,0.04588,1.0,0.04589,23.0
1753547017325,16:23:37.325,ACT/USDT:USDT,0.04584,227.0,0.04583,1042.0,0.04588,1.0,0.04589,23.0
1753547018810,16:23:38.810,ACT/USDT:USDT,0.04584,227.0,0.04583,1042.0,0.04588,1.0,0.04589,23.0
1753547020138,16:23:40.138,ACT/USDT:USDT,0.04584,227.0,0.04583,1042.0,0.04588,1.0,0.04589,1.0
1753547021823,16:23:41.823,ACT/USDT:USDT,0.04584,227.0,0.04583,1042.0,0.04588,1.0,0.04589,1.0
1753547021918,16:23:41.918,ACT/USDT:USDT,0.04584,227.0,0.04583,1042.0,0.04588,1.0,0.04589,1.0
1753547024318,16:23:44.318,ACT/USDT:USDT,0.04584,1535.0,0.04583,1042.0,0.04588,1.0,0.04589,1.0
1753547024815,16:23:44.815,ACT/USDT:USDT,0.04584,1524.0,0.04583,1042.0,0.04588,1.0,0.04589,1.0
1753547024933,16:23:44.933,ACT/USDT:USDT,0.04584,1524.0,0.04583,1042.0,0.04588,1.0,0.04589,1.0
1753547025189,16:23:45.189,ACT/USDT:USDT,0.04584,1535.0,0.04583,1042.0,0.04588,1.0,0.04589,1.0
1753547033145,16:23:53.145,ACT/USDT:USDT,0.04584,1535.0,0.04583,1042.0,0.04588,1.0,0.04589,1.0
1753547033292,16:23:53.292,ACT/USDT:USDT,0.04584,1535.0,0.04583,1042.0,0.04588,1.0,0.04589,1.0
1753547034006,16:23:54.006,ACT/USDT:USDT,0.04584,1535.0,0.04583,1042.0,0.04588,1.0,0.04589,1.0
1753547048294,16:24:08.294,ACT/USDT:USDT,0.04584,227.0,0.04583,1042.0,0.04588,1.0,0.04589,1.0
1753547050667,16:24:10.667,ACT/USDT:USDT,0.04584,227.0,0.04583,1042.0,0.04588,1.0,0.04589,1.0
1753547051568,16:24:11.568,ACT/USDT:USDT,0.04584,227.0,0.04583,1042.0,0.04588,1.0,0.04589,1.0
1753547051581,16:24:11.581,ACT/USDT:USDT,0.04584,227.0,0.04583,1042.0,0.04588,1.0,0.04589,1.0
1753547052364,16:24:12.364,ACT/USDT:USDT,0.04584,1535.0,0.04583,1042.0,0.04588,1.0,0.04589,1.0
1753547052646,16:24:12.646,ACT/USDT:USDT,0.04584,1535.0,0.04583,1042.0,0.04588,1.0,0.04589,1.0
1753547053720,16:24:13.720,ACT/USDT:USDT,0.04584,1535.0,0.04583,1042.0,0.04588,1.0,0.04589,1.0
1753547055001,16:24:15.001,ACT/USDT:USDT,0.04584,1535.0,0.04583,1042.0,0.04588,1.0,0.04589,1.0
1753547063499,16:24:23.499,ACT/USDT:USDT,0.04584,1535.0,0.04583,1042.0,0.04588,1.0,0.04589,1.0
1753547068364,16:24:28.364,ACT/USDT:USDT,0.04584,1535.0,0.04583,1042.0,0.04588,1.0,0.04589,1.0
1753547068382,16:24:28.382,ACT/USDT:USDT,0.04585,12.0,0.04584,1535.0,0.04588,1.0,0.04589,1.0
1753547068974,16:24:28.974,ACT/USDT:USDT,0.04585,1320.0,0.04584,227.0,0.04588,1.0,0.04589,1.0
1753547069001,16:24:29.001,ACT/USDT:USDT,0.04586,34.0,0.04585,23.0,0.04588,1.0,0.04589,1.0
1753547069126,16:24:29.126,ACT/USDT:USDT,0.04586,11.0,0.04585,11.0,0.04588,1.0,0.04589,1.0
1753547071572,16:24:31.572,ACT/USDT:USDT,0.04586,11.0,0.04585,11.0,0.04588,1.0,0.04589,1.0
1753547071599,16:24:31.599,ACT/USDT:USDT,0.04586,11.0,0.04585,11.0,0.04588,1.0,0.04589,1.0
1753547072701,16:24:32.701,ACT/USDT:USDT,0.04586,11.0,0.04585,11.0,0.04588,1.0,0.04589,1.0
1753547073173,16:24:33.173,ACT/USDT:USDT,0.04586,1330.0,0.04585,22.0,0.04589,1.0,0.04593,3.0
1753547073252,16:24:33.252,ACT/USDT:USDT,0.04587,35.0,0.04586,676.0,0.04589,1.0,0.04593,3.0
1753547073372,16:24:33.372,ACT/USDT:USDT,0.04587,35.0,0.04586,676.0,0.04589,1.0,0.04593,3.0
1753547073473,16:24:33.473,ACT/USDT:USDT,0.04587,35.0,0.04586,22.0,0.04589,1.0,0.04593,3.0
1753547073563,16:24:33.563,ACT/USDT:USDT,0.04586,207.0,0.04585,57.0,0.04589,1.0,0.04593,3.0
1753547073602,16:24:33.602,ACT/USDT:USDT,0.04586,207.0,0.04585,57.0,0.04589,1.0,0.04593,3.0
1753547073940,16:24:33.940,ACT/USDT:USDT,0.04586,207.0,0.04585,57.0,0.04589,1.0,0.04593,3.0
1753547073988,16:24:33.988,ACT/USDT:USDT,0.04586,207.0,0.04585,57.0,0.04589,1.0,0.04593,3.0
1753547075545,16:24:35.545,ACT/USDT:USDT,0.04586,207.0,0.04585,57.0,0.04593,3.0,0.04594,560.0
1753547075658,16:24:35.658,ACT/USDT:USDT,0.04586,1287.0,0.04585,741.0,0.04593,3.0,0.04594,1069.0
1753547075728,16:24:35.728,ACT/USDT:USDT,0.04587,220.0,0.04586,1287.0,0.04593,3.0,0.04594,1069.0
1753547076082,16:24:36.082,ACT/USDT:USDT,0.04587,220.0,0.04586,1287.0,0.04593,3.0,0.04594,1069.0
1753547076267,16:24:36.267,ACT/USDT:USDT,0.04587,220.0,0.04586,1287.0,0.04593,3.0,0.04594,1069.0
1753547076286,16:24:36.286,ACT/USDT:USDT,0.04587,220.0,0.04586,1287.0,0.04593,3.0,0.04594,1069.0
1753547076505,16:24:36.505,ACT/USDT:USDT,0.04587,220.0,0.04586,1287.0,0.04593,3.0,0.04594,1069.0
1753547076918,16:24:36.918,ACT/USDT:USDT,0.04587,220.0,0.04586,1287.0,0.04593,3.0,0.04594,1069.0
1753547077332,16:24:37.332,ACT/USDT:USDT,0.04587,220.0,0.04586,1287.0,0.04593,3.0,0.04594,1069.0
1753547081438,16:24:41.438,ACT/USDT:USDT,0.04587,220.0,0.04586,1287.0,0.04593,3.0,0.04594,1069.0
1753547081664,16:24:41.664,ACT/USDT:USDT,0.04587,1528.0,0.04586,1287.0,0.04593,3.0,0.04594,1069.0
1753547081769,16:24:41.769,ACT/USDT:USDT,0.04587,220.0,0.04586,1287.0,0.04593,14.0,0.04594,1069.0
1753547081777,16:24:41.777,ACT/USDT:USDT,0.04587,874.0,0.04586,1287.0,0.04593,14.0,0.04594,1069.0
1753547082255,16:24:42.255,ACT/USDT:USDT,0.04587,874.0,0.04586,1287.0,0.04593,14.0,0.04594,1069.0
1753547083014,16:24:43.014,ACT/USDT:USDT,0.04587,874.0,0.04586,1287.0,0.04593,14.0,0.04594,1069.0
1753547085138,16:24:45.138,ACT/USDT:USDT,0.04587,1584.0,0.04586,2367.0,0.04593,14.0,0.04594,1069.0
1753547085421,16:24:45.421,ACT/USDT:USDT,0.04587,1584.0,0.04586,2367.0,0.04593,14.0,0.04594,1069.0
1753547087037,16:24:47.037,ACT/USDT:USDT,0.04587,1584.0,0.04586,2367.0,0.04593,14.0,0.04594,1069.0
1753547097005,16:24:57.005,ACT/USDT:USDT,0.04587,1584.0,0.04586,2367.0,0.04593,14.0,0.04594,1069.0
1753547100271,16:25:00.271,ACT/USDT:USDT,0.04587,1399.0,0.04586,2367.0,0.04593,197.0,0.04594,1069.0
1753547100318,16:25:00.318,ACT/USDT:USDT,0.04587,689.0,0.04586,196.0,0.04593,197.0,0.04594,1069.0
1753547100403,16:25:00.403,ACT/USDT:USDT,0.04587,689.0,0.04586,196.0,0.04593,850.0,0.04594,1069.0
1753547102818,16:25:02.818,ACT/USDT:USDT,0.04587,689.0,0.04586,196.0,0.04593,850.0,0.04594,1069.0
1753547103774,16:25:03.774,ACT/USDT:USDT,0.04588,183.0,0.04587,689.0,0.04593,667.0,0.04594,888.0
1753547103872,16:25:03.872,ACT/USDT:USDT,0.04589,205.0,0.04588,1263.0,0.04596,181.0,0.04597,184.0
1753547103970,16:25:03.970,ACT/USDT:USDT,0.0459,36.0,0.04589,205.0,0.04596,181.0,0.04597,184.0
1753547104075,16:25:04.075,ACT/USDT:USDT,0.0459,36.0,0.04589,205.0,0.04596,181.0,0.04597,184.0
1753547104163,16:25:04.163,ACT/USDT:USDT,0.0459,36.0,0.04589,1285.0,0.04596,181.0,0.04597,184.0
1753547104195,16:25:04.195,ACT/USDT:USDT,0.0459,36.0,0.04589,1285.0,0.04596,181.0,0.04597,184.0
1753547104545,16:25:04.545,ACT/USDT:USDT,0.0459,36.0,0.04589,205.0,0.04596,181.0,0.04597,184.0
1753547104638,16:25:04.638,ACT/USDT:USDT,0.0459,36.0,0.04589,183.0,0.04596,834.0,0.04597,184.0
1753547104866,16:25:04.866,ACT/USDT:USDT,0.0459,36.0,0.04588,1263.0,0.04595,194.0,0.04596,834.0
1753547104908,16:25:04.908,ACT/USDT:USDT,0.04589,36.0,0.04588,1263.0,0.04595,194.0,0.04596,834.0
1753547105123,16:25:05.123,ACT/USDT:USDT,0.04589,36.0,0.04588,183.0,0.04595,194.0,0.04596,181.0
1753547105199,16:25:05.199,ACT/USDT:USDT,0.04589,36.0,0.04588,183.0,0.04595,194.0,0.04596,181.0
1753547105336,16:25:05.336,ACT/USDT:USDT,0.04589,36.0,0.04588,183.0,0.04595,847.0,0.04596,181.0
1753547105634,16:25:05.634,ACT/USDT:USDT,0.04589,36.0,0.04586,185.0,0.04594,194.0,0.04595,847.0
1753547105699,16:25:05.699,ACT/USDT:USDT,0.04587,36.0,0.04586,185.0,0.04594,194.0,0.04595,847.0
1753547106057,16:25:06.057,ACT/USDT:USDT,0.04587,36.0,0.04586,185.0,0.04593,180.0,0.04594,1274.0
1753547106166,16:25:06.166,ACT/USDT:USDT,0.04587,36.0,0.04586,185.0,0.04593,180.0,0.04594,1274.0
1753547106257,16:25:06.257,ACT/USDT:USDT,0.04587,36.0,0.04584,183.0,0.0459,11.0,0.04591,22.0
1753547106303,16:25:06.303,ACT/USDT:USDT,0.04585,36.0,0.04584,183.0,0.0459,11.0,0.04591,22.0
1753547106462,16:25:06.462,ACT/USDT:USDT,0.04585,47.0,0.04584,183.0,0.0459,11.0,0.04591,22.0
1753547106523,16:25:06.523,ACT/USDT:USDT,0.04585,47.0,0.04584,183.0,0.0459,11.0,0.04591,22.0
1753547106674,16:25:06.674,ACT/USDT:USDT,0.04585,47.0,0.04584,183.0,0.0459,11.0,0.04591,22.0
1753547107105,16:25:07.105,ACT/USDT:USDT,0.04585,47.0,0.04584,183.0,0.0459,11.0,0.04591,22.0
1753547107404,16:25:07.404,ACT/USDT:USDT,0.04585,47.0,0.04584,183.0,0.0459,665.0,0.04591,22.0
1753547107532,16:25:07.532,ACT/USDT:USDT,0.04585,47.0,0.04584,183.0,0.0459,665.0,0.04591,22.0
1753547107636,16:25:07.636,ACT/USDT:USDT,0.04585,36.0,0.04584,183.0,0.0459,665.0,0.04591,22.0
1753547107728,16:25:07.728,ACT/USDT:USDT,0.04585,36.0,0.04584,183.0,0.0459,11.0,0.04591,22.0
1753547107968,16:25:07.968,ACT/USDT:USDT,0.04585,47.0,0.04584,183.0,0.0459,11.0,0.04591,22.0
1753547108338,16:25:08.338,ACT/USDT:USDT,0.04585,47.0,0.04584,183.0,0.0459,11.0,0.04591,22.0
1753547108663,16:25:08.663,ACT/USDT:USDT,0.04585,47.0,0.04584,183.0,0.0459,11.0,0.04591,22.0
1753547108823,16:25:08.823,ACT/USDT:USDT,0.04585,47.0,0.04584,183.0,0.0459,11.0,0.04591,22.0
1753547110537,16:25:10.537,ACT/USDT:USDT,0.04585,47.0,0.04584,183.0,0.0459,11.0,0.04591,22.0
1753547110624,16:25:10.624,ACT/USDT:USDT,0.04585,47.0,0.04584,183.0,0.0459,11.0,0.04591,22.0
1753547110698,16:25:10.698,ACT/USDT:USDT,0.04585,47.0,0.04584,183.0,0.0459,11.0,0.04591,22.0
1753547111570,16:25:11.570,ACT/USDT:USDT,0.04585,47.0,0.04584,183.0,0.0459,11.0,0.04591,22.0
1753547111651,16:25:11.651,ACT/USDT:USDT,0.04585,47.0,0.04584,183.0,0.0459,11.0,0.04591,22.0
1753547112414,16:25:12.414,ACT/USDT:USDT,0.04585,58.0,0.04584,183.0,0.0459,11.0,0.04591,22.0
1753547112516,16:25:12.516,ACT/USDT:USDT,0.04585,58.0,0.04584,183.0,0.0459,11.0,0.04591,22.0
1753547113302,16:25:13.302,ACT/USDT:USDT,0.04585,238.0,0.04584,183.0,0.0459,11.0,0.04591,22.0
1753547114618,16:25:14.618,ACT/USDT:USDT,0.04585,238.0,0.04584,183.0,0.0459,11.0,0.04591,22.0
1753547115626,16:25:15.626,ACT/USDT:USDT,0.04585,238.0,0.04584,183.0,0.0459,11.0,0.04591,22.0
1753547117302,16:25:17.302,ACT/USDT:USDT,0.04585,238.0,0.04584,183.0,0.0459,11.0,0.04591,531.0
1753547117385,16:25:17.385,ACT/USDT:USDT,0.04585,238.0,0.04584,183.0,0.0459,11.0,0.04591,531.0
1753547118038,16:25:18.038,ACT/USDT:USDT,0.04585,238.0,0.04584,183.0,0.0459,11.0,0.04591,531.0
1753547118229,16:25:18.229,ACT/USDT:USDT,0.04585,238.0,0.04584,183.0,0.0459,11.0,0.04591,531.0
1753547119073,16:25:19.073,ACT/USDT:USDT,0.04585,238.0,0.04584,183.0,0.0459,11.0,0.04591,531.0
1753547120152,16:25:20.152,ACT/USDT:USDT,0.04585,238.0,0.04584,183.0,0.0459,11.0,0.04591,531.0
1753547121170,16:25:21.170,ACT/USDT:USDT,0.04585,238.0,0.04584,183.0,0.0459,11.0,0.04591,531.0
1753547121180,16:25:21.180,ACT/USDT:USDT,0.04585,238.0,0.04584,183.0,0.0459,11.0,0.04591,531.0
1753547122232,16:25:22.232,ACT/USDT:USDT,0.04585,238.0,0.04584,183.0,0.0459,11.0,0.04591,531.0
1753547122318,16:25:22.318,ACT/USDT:USDT,0.04585,238.0,0.04584,183.0,0.0459,11.0,0.04591,531.0
1753547123246,16:25:23.246,ACT/USDT:USDT,0.04585,238.0,0.04584,183.0,0.0459,11.0,0.04591,531.0
1753547124238,16:25:24.238,ACT/USDT:USDT,0.04585,238.0,0.04584,183.0,0.0459,11.0,0.04591,531.0
1753547125259,16:25:25.259,ACT/USDT:USDT,0.04585,238.0,0.04584,183.0,0.0459,11.0,0.04591,531.0
1753547128161,16:25:28.161,ACT/USDT:USDT,0.04586,464.0,0.04585,1546.0,0.0459,11.0,0.04591,520.0
1753547128188,16:25:28.188,ACT/USDT:USDT,0.04587,36.0,0.04586,464.0,0.0459,11.0,0.04591,520.0
1753547128370,16:25:28.370,ACT/USDT:USDT,0.04587,36.0,0.04586,464.0,0.0459,11.0,0.04591,11.0
1753547128998,16:25:28.998,ACT/USDT:USDT,0.04587,36.0,0.04585,202.0,0.0459,22.0,0.04591,11.0
1753547129089,16:25:29.089,ACT/USDT:USDT,0.04586,36.0,0.04585,202.0,0.0459,22.0,0.04591,11.0
1753547129192,16:25:29.192,ACT/USDT:USDT,0.04586,36.0,0.04585,202.0,0.0459,22.0,0.04591,11.0
1753547129372,16:25:29.372,ACT/USDT:USDT,0.04586,36.0,0.04585,191.0,0.0459,22.0,0.04591,11.0
1753547129572,16:25:29.572,ACT/USDT:USDT,0.04586,36.0,0.04585,11.0,0.0459,22.0,0.04591,11.0
1753547129612,16:25:29.612,ACT/USDT:USDT,0.04586,36.0,0.04585,11.0,0.0459,22.0,0.04591,11.0
1753547129720,16:25:29.720,ACT/USDT:USDT,0.04586,36.0,0.04584,183.0,0.0459,22.0,0.04591,11.0
1753547129803,16:25:29.803,ACT/USDT:USDT,0.04585,36.0,0.04584,1.0,0.0459,22.0,0.04591,11.0
1753547129898,16:25:29.898,ACT/USDT:USDT,0.04585,36.0,0.04584,1.0,0.0459,22.0,0.04591,11.0
1753547130033,16:25:30.033,ACT/USDT:USDT,0.04585,36.0,0.04584,1.0,0.0459,22.0,0.04591,11.0
1753547130258,16:25:30.258,ACT/USDT:USDT,0.04585,36.0,0.04584,1.0,0.0459,1185.0,0.04591,198.0
1753547130456,16:25:30.456,ACT/USDT:USDT,0.04585,36.0,0.04584,1.0,0.0459,531.0,0.04591,198.0
1753547130531,16:25:30.531,ACT/USDT:USDT,0.04585,36.0,0.04584,1.0,0.0459,1185.0,0.04591,198.0
1753547131273,16:25:31.273,ACT/USDT:USDT,0.04585,36.0,0.04584,1.0,0.0459,1185.0,0.04591,198.0
1753547131278,16:25:31.278,ACT/USDT:USDT,0.04585,36.0,0.04584,1.0,0.0459,1185.0,0.04591,198.0
1753547131598,16:25:31.598,ACT/USDT:USDT,0.04585,36.0,0.04584,1.0,0.04589,552.0,0.0459,1839.0
1753547131738,16:25:31.738,ACT/USDT:USDT,0.04585,36.0,0.04584,1.0,0.0459,1330.0,0.04591,198.0
1753547131781,16:25:31.781,ACT/USDT:USDT,0.04585,36.0,0.04584,1.0,0.0459,676.0,0.04591,198.0
1753547131973,16:25:31.973,ACT/USDT:USDT,0.04585,36.0,0.04584,1.0,0.0459,698.0,0.04591,198.0
1753547131977,16:25:31.977,ACT/USDT:USDT,0.04585,36.0,0.04584,1.0,0.0459,676.0,0.04591,198.0
1753547132104,16:25:32.104,ACT/USDT:USDT,0.04585,36.0,0.04584,1.0,0.04589,187.0,0.0459,22.0
1753547132213,16:25:32.213,ACT/USDT:USDT,0.04585,36.0,0.04584,1.0,0.04589,187.0,0.0459,22.0
1753547132863,16:25:32.863,ACT/USDT:USDT,0.04585,36.0,0.04584,1.0,0.04589,841.0,0.0459,22.0
1753547132878,16:25:32.878,ACT/USDT:USDT,0.04585,36.0,0.04584,1.0,0.04589,841.0,0.0459,22.0
1753547133064,16:25:33.064,ACT/USDT:USDT,0.04585,36.0,0.04584,1.0,0.04589,841.0,0.0459,22.0
1753547133330,16:25:33.330,ACT/USDT:USDT,0.04585,36.0,0.04584,1.0,0.04589,841.0,0.0459,22.0
1753547134146,16:25:34.146,ACT/USDT:USDT,0.04585,36.0,0.04584,1.0,0.04589,841.0,0.0459,22.0
1753547136169,16:25:36.169,ACT/USDT:USDT,0.04585,36.0,0.04584,1.0,0.04589,841.0,0.0459,22.0
1753547136178,16:25:36.178,ACT/USDT:USDT,0.04585,36.0,0.04584,1.0,0.04589,841.0,0.0459,22.0
1753547137053,16:25:37.053,ACT/USDT:USDT,0.04585,36.0,0.04584,1.0,0.04589,187.0,0.0459,22.0
1753547138479,16:25:38.479,ACT/USDT:USDT,0.04585,36.0,0.04584,1.0,0.04589,841.0,0.0459,22.0
1753547140447,16:25:40.447,ACT/USDT:USDT,0.04585,36.0,0.04584,1.0,0.04589,841.0,0.0459,22.0
1753547145534,16:25:45.534,ACT/USDT:USDT,0.04585,36.0,0.04584,1.0,0.04589,841.0,0.0459,22.0
1753547146260,16:25:46.260,ACT/USDT:USDT,0.04585,36.0,0.04584,1.0,0.04589,1350.0,0.0459,22.0
1753547146278,16:25:46.278,ACT/USDT:USDT,0.04585,36.0,0.04584,1.0,0.04589,1350.0,0.0459,22.0
1753547146859,16:25:46.859,ACT/USDT:USDT,0.04585,36.0,0.04584,1.0,0.04589,1350.0,0.0459,22.0
1753547147166,16:25:47.166,ACT/USDT:USDT,0.04585,36.0,0.04584,1.0,0.04588,181.0,0.04589,1350.0
1753547147199,16:25:47.199,ACT/USDT:USDT,0.04585,36.0,0.04584,1.0,0.04588,203.0,0.04589,1350.0
1753547147284,16:25:47.284,ACT/USDT:USDT,0.04585,36.0,0.04584,1.0,0.04588,203.0,0.04589,696.0
1753547147392,16:25:47.392,ACT/USDT:USDT,0.04585,36.0,0.04584,1.0,0.04588,857.0,0.04589,696.0
1753547148319,16:25:48.319,ACT/USDT:USDT,0.04585,36.0,0.04584,1.0,0.04588,857.0,0.04589,696.0
1753547151975,16:25:51.975,ACT/USDT:USDT,0.04585,36.0,0.04584,1.0,0.04587,181.0,0.04588,857.0
1753547152038,16:25:52.038,ACT/USDT:USDT,0.04584,1.0,0.04581,100.0,0.04587,835.0,0.04588,712.0
1753547152146,16:25:52.146,ACT/USDT:USDT,0.04584,1.0,0.04581,100.0,0.04586,52.0,0.04587,203.0
1753547152198,16:25:52.198,ACT/USDT:USDT,0.04584,1.0,0.04581,100.0,0.04586,52.0,0.04587,203.0
1753547152386,16:25:52.386,ACT/USDT:USDT,0.04584,1.0,0.04581,100.0,0.04586,52.0,0.04587,203.0
1753547153251,16:25:53.251,ACT/USDT:USDT,0.04584,1.0,0.04581,100.0,0.04586,52.0,0.04587,203.0
1753547153675,16:25:53.675,ACT/USDT:USDT,0.04584,1.0,0.04581,100.0,0.04586,52.0,0.04587,203.0
1753547154759,16:25:54.759,ACT/USDT:USDT,0.04584,1.0,0.04581,100.0,0.04586,706.0,0.04587,203.0
1753547155038,16:25:55.038,ACT/USDT:USDT,0.04584,1.0,0.04581,100.0,0.04586,1215.0,0.04587,203.0
1753547155297,16:25:55.297,ACT/USDT:USDT,0.04584,1.0,0.04581,100.0,0.04586,1215.0,0.04587,203.0
1753547156690,16:25:56.690,ACT/USDT:USDT,0.04584,1.0,0.04581,100.0,0.04586,1215.0,0.04587,203.0
1753547156937,16:25:56.937,ACT/USDT:USDT,0.04584,1.0,0.04581,100.0,0.04586,1215.0,0.04587,203.0
1753547156987,16:25:56.987,ACT/USDT:USDT,0.04584,1.0,0.04581,100.0,0.04586,1215.0,0.04587,203.0
1753547157256,16:25:57.256,ACT/USDT:USDT,0.04584,1.0,0.04581,100.0,0.04586,1215.0,0.04587,203.0
1753547158138,16:25:58.138,ACT/USDT:USDT,0.04584,1.0,0.04581,100.0,0.04586,1215.0,0.04587,203.0
1753547158738,16:25:58.738,ACT/USDT:USDT,0.04584,1.0,0.04581,100.0,0.04586,1215.0,0.04587,203.0
1753547160469,16:26:00.469,ACT/USDT:USDT,0.04584,1.0,0.04581,100.0,0.04586,561.0,0.04587,203.0
1753547160484,16:26:00.484,ACT/USDT:USDT,0.04584,1.0,0.04581,100.0,0.04586,561.0,0.04587,203.0
1753547160585,16:26:00.585,ACT/USDT:USDT,0.04584,1.0,0.04581,100.0,0.04586,561.0,0.04587,203.0
1753547162138,16:26:02.138,ACT/USDT:USDT,0.04584,1.0,0.04581,283.0,0.04586,550.0,0.04587,192.0
1753547162456,16:26:02.456,ACT/USDT:USDT,0.04584,1.0,0.04581,283.0,0.04586,550.0,0.04587,203.0
1753547163097,16:26:03.097,ACT/USDT:USDT,0.04584,1.0,0.04583,22.0,0.04586,539.0,0.04588,658.0
1753547163598,16:26:03.598,ACT/USDT:USDT,0.04584,1.0,0.04581,283.0,0.04586,41.0,0.04587,520.0
1753547164030,16:26:04.030,ACT/USDT:USDT,0.04584,1.0,0.04581,283.0,0.04586,41.0,0.04587,520.0
1753547164739,16:26:04.739,ACT/USDT:USDT,0.04584,1.0,0.04581,100.0,0.04586,41.0,0.04587,703.0
1753547164848,16:26:04.848,ACT/USDT:USDT,0.04584,1.0,0.04581,100.0,0.04586,224.0,0.04587,703.0
1753547165000,16:26:05.000,ACT/USDT:USDT,0.04584,1.0,0.04581,100.0,0.04586,733.0,0.04587,194.0
1753547165689,16:26:05.689,ACT/USDT:USDT,0.04584,1.0,0.04581,100.0,0.04586,1387.0,0.04587,194.0
1753547169419,16:26:09.419,ACT/USDT:USDT,0.04584,1.0,0.04581,100.0,0.04586,1387.0,0.04587,194.0
1753547169491,16:26:09.491,ACT/USDT:USDT,0.04584,1.0,0.04581,100.0,0.04586,1387.0,0.04587,194.0
1753547170069,16:26:10.069,ACT/USDT:USDT,0.04584,1.0,0.04581,100.0,0.04586,550.0,0.04587,194.0
1753547170099,16:26:10.099,ACT/USDT:USDT,0.04584,1.0,0.04581,287.0,0.04586,550.0,0.04587,194.0
1753547171639,16:26:11.639,ACT/USDT:USDT,0.04584,1.0,0.04581,287.0,0.04586,550.0,0.04587,194.0
1753547171921,16:26:11.921,ACT/USDT:USDT,0.04584,1.0,0.04581,287.0,0.04586,550.0,0.04587,194.0
1753547172845,16:26:12.845,ACT/USDT:USDT,0.04584,1.0,0.04581,287.0,0.04586,550.0,0.04587,194.0
1753547173142,16:26:13.142,ACT/USDT:USDT,0.04584,1.0,0.04581,287.0,0.04586,30.0,0.04587,520.0
1753547173178,16:26:13.178,ACT/USDT:USDT,0.04584,1.0,0.04581,287.0,0.04586,30.0,0.04587,520.0
1753547174056,16:26:14.056,ACT/USDT:USDT,0.04584,1.0,0.04581,287.0,0.04586,30.0,0.04587,509.0
1753547176281,16:26:16.281,ACT/USDT:USDT,0.04584,1.0,0.04581,287.0,0.04586,30.0,0.04587,509.0
1753547178043,16:26:18.043,ACT/USDT:USDT,0.04584,1.0,0.04581,287.0,0.04586,30.0,0.04587,509.0
1753547178118,16:26:18.118,ACT/USDT:USDT,0.04584,1.0,0.04581,287.0,0.04586,30.0,0.04587,509.0
1753547180506,16:26:20.506,ACT/USDT:USDT,0.04584,1.0,0.04581,287.0,0.04586,30.0,0.04587,520.0
