timestamp,time,symbol,bid1_price,bid1_volume,bid2_price,bid2_volume,ask1_price,ask1_volume,ask2_price,ask2_volume
1753546946105,16:22:26.105,AEVO/USDT:USDT,0.1073,23629.4,0.1072,116567.4,0.1074,54701.7,0.1075,160214.5
1753546946209,16:22:26.209,AEVO/USDT:USDT,0.1073,8573.7,0.1072,99783.1,0.1074,75866.2,0.1075,158164.2
1753546946438,16:22:26.438,AEVO/USDT:USDT,0.1073,8573.7,0.1072,102764.0,0.1074,74469.6,0.1075,159559.5
1753546946545,16:22:26.545,AEVO/USDT:USDT,0.1073,8666.9,0.1072,102764.0,0.1074,77309.5,0.1075,159559.5
1753546946698,16:22:26.698,AEVO/USDT:USDT,0.1073,8666.9,0.1072,102764.0,0.1074,77309.5,0.1075,159559.5
1753546947098,16:22:27.098,AEVO/USDT:USDT,0.1073,8666.9,0.1072,82614.9,0.1074,78937.2,0.1075,164356.4
1753546947236,16:22:27.236,AEVO/USDT:USDT,0.1073,8666.9,0.1072,82614.9,0.1074,78937.2,0.1075,164356.4
1753546947337,16:22:27.337,AEVO/USDT:USDT,0.1073,8729.7,0.1072,85652.3,0.1074,78983.8,0.1075,164188.6
1753546947452,16:22:27.452,AEVO/USDT:USDT,0.1073,8729.7,0.1072,85652.3,0.1074,82189.1,0.1075,161885.8
1753546948374,16:22:28.374,AEVO/USDT:USDT,0.1073,8923.7,0.1072,82614.9,0.1074,85893.9,0.1075,161663.0
1753546948502,16:22:28.502,AEVO/USDT:USDT,0.1073,8923.7,0.1072,82614.9,0.1074,85893.9,0.1075,160267.7
1753546948802,16:22:28.802,AEVO/USDT:USDT,0.1073,8979.4,0.1072,82614.9,0.1074,85893.9,0.1075,160435.3
1753546948916,16:22:28.916,AEVO/USDT:USDT,0.1073,8979.4,0.1072,82614.9,0.1074,84982.3,0.1075,160435.3
1753546949489,16:22:29.489,AEVO/USDT:USDT,0.1073,8979.4,0.1072,82614.9,0.1074,85174.7,0.1075,160268.2
1753546950426,16:22:30.426,AEVO/USDT:USDT,0.1073,11217.1,0.1072,99399.2,0.1074,86104.8,0.1075,161089.9
1753546950547,16:22:30.547,AEVO/USDT:USDT,0.1073,11217.1,0.1072,99399.2,0.1074,86104.8,0.1075,161089.9
1753546952355,16:22:32.355,AEVO/USDT:USDT,0.1073,6258.9,0.1072,85925.6,0.1074,92988.7,0.1075,200529.7
1753546953113,16:22:33.113,AEVO/USDT:USDT,0.1073,6271.3,0.1072,102627.8,0.1074,94851.7,0.1075,205187.3
1753546953215,16:22:33.215,AEVO/USDT:USDT,0.1073,6271.3,0.1072,102627.8,0.1074,94851.7,0.1075,205187.3
1753546954182,16:22:34.182,AEVO/USDT:USDT,0.1073,6332.4,0.1072,102627.8,0.1074,94851.7,0.1075,205187.3
1753546954703,16:22:34.703,AEVO/USDT:USDT,0.1073,6332.4,0.1072,85843.5,0.1074,94851.7,0.1075,205187.3
1753546954902,16:22:34.902,AEVO/USDT:USDT,0.1073,6332.4,0.1072,85843.5,0.1074,94851.7,0.1075,205187.3
1753546955058,16:22:35.058,AEVO/USDT:USDT,0.1073,6332.4,0.1072,85843.5,0.1074,94851.7,0.1075,205187.3
1753546955458,16:22:35.458,AEVO/USDT:USDT,0.1073,6332.4,0.1072,85843.5,0.1074,94851.7,0.1075,205187.3
1753546956224,16:22:36.224,AEVO/USDT:USDT,0.1073,6332.4,0.1072,85843.5,0.1074,94851.7,0.1075,205187.3
1753546956490,16:22:36.490,AEVO/USDT:USDT,0.1073,6388.4,0.1072,85843.5,0.1074,94851.7,0.1075,205187.3
1753546957078,16:22:37.078,AEVO/USDT:USDT,0.1073,6388.4,0.1072,85843.5,0.1074,94851.7,0.1075,205187.3
1753546957195,16:22:37.195,AEVO/USDT:USDT,0.1073,6388.4,0.1072,102627.8,0.1074,94851.7,0.1075,205187.3
1753546957296,16:22:37.296,AEVO/USDT:USDT,0.1073,6388.4,0.1072,102627.8,0.1074,95288.8,0.1075,205187.3
1753546957597,16:22:37.597,AEVO/USDT:USDT,0.1073,6388.4,0.1072,102627.8,0.1074,95288.8,0.1075,206582.6
1753546957717,16:22:37.717,AEVO/USDT:USDT,0.1073,6388.4,0.1072,85843.5,0.1074,95288.8,0.1075,206582.6
1753546957925,16:22:37.925,AEVO/USDT:USDT,0.1073,6388.4,0.1072,85843.5,0.1074,95288.8,0.1075,206582.6
1753546958093,16:22:38.093,AEVO/USDT:USDT,0.1073,6388.4,0.1072,85843.5,0.1074,95288.8,0.1075,206582.6
1753546958194,16:22:38.194,AEVO/USDT:USDT,0.1073,6388.4,0.1072,102627.8,0.1074,95288.8,0.1075,206582.6
1753546958305,16:22:38.305,AEVO/USDT:USDT,0.1073,6388.4,0.1072,102627.8,0.1074,95288.8,0.1075,206582.6
1753546958420,16:22:38.420,AEVO/USDT:USDT,0.1073,6388.4,0.1072,102627.8,0.1074,93445.7,0.1075,206582.6
1753546958875,16:22:38.875,AEVO/USDT:USDT,0.1073,6388.4,0.1072,85843.5,0.1074,95288.8,0.1075,206582.6
1753546959265,16:22:39.265,AEVO/USDT:USDT,0.1073,6388.4,0.1072,85843.5,0.1074,95288.8,0.1075,206582.6
1753546959402,16:22:39.402,AEVO/USDT:USDT,0.1073,6388.4,0.1072,85843.5,0.1074,95288.8,0.1075,206582.6
1753546959724,16:22:39.724,AEVO/USDT:USDT,0.1073,6388.4,0.1072,85843.5,0.1074,94377.2,0.1075,206582.6
1753546959864,16:22:39.864,AEVO/USDT:USDT,0.1073,6388.4,0.1072,85843.5,0.1074,95288.8,0.1075,206582.6
1753546960011,16:22:40.011,AEVO/USDT:USDT,0.1073,28337.2,0.1072,85843.5,0.1074,92495.6,0.1075,209373.2
1753546960115,16:22:40.115,AEVO/USDT:USDT,0.1073,28244.0,0.1072,126453.6,0.1074,73779.3,0.1075,216400.2
1753546960237,16:22:40.237,AEVO/USDT:USDT,0.1073,28337.2,0.1072,135526.9,0.1074,73779.3,0.1075,216400.2
1753546960346,16:22:40.346,AEVO/USDT:USDT,0.1073,28332.6,0.1072,135526.9,0.1074,74690.9,0.1075,211742.6
1753546960500,16:22:40.500,AEVO/USDT:USDT,0.1073,25542.0,0.1072,135526.9,0.1074,74690.9,0.1075,211742.6
1753546960614,16:22:40.614,AEVO/USDT:USDT,0.1073,25542.0,0.1072,135526.9,0.1074,74690.9,0.1075,210347.3
1753546960755,16:22:40.755,AEVO/USDT:USDT,0.1073,10579.5,0.1072,132489.6,0.1074,80443.9,0.1075,207972.3
1753546960865,16:22:40.865,AEVO/USDT:USDT,0.1073,10579.5,0.1072,132489.6,0.1074,80443.9,0.1075,207972.3
1753546960978,16:22:40.978,AEVO/USDT:USDT,0.1073,25542.0,0.1072,123416.3,0.1074,78600.8,0.1075,207972.3
1753546961083,16:22:41.083,AEVO/USDT:USDT,0.1073,32528.3,0.1072,123416.3,0.1074,76175.1,0.1075,200993.6
1753546961219,16:22:41.219,AEVO/USDT:USDT,0.1073,32528.3,0.1072,126453.6,0.1074,73361.2,0.1075,200993.6
1753546961325,16:22:41.325,AEVO/USDT:USDT,0.1073,32528.3,0.1072,126453.6,0.1074,70567.9,0.1075,200993.6
1753546961427,16:22:41.427,AEVO/USDT:USDT,0.1073,32528.3,0.1072,126453.6,0.1074,73925.3,0.1075,200993.6
1753546961537,16:22:41.537,AEVO/USDT:USDT,0.1073,32528.3,0.1072,126453.6,0.1074,72063.6,0.1075,200993.6
1753546961684,16:22:41.684,AEVO/USDT:USDT,0.1073,32528.3,0.1072,123416.3,0.1074,73012.7,0.1075,207971.1
1753546961965,16:22:41.965,AEVO/USDT:USDT,0.1073,17472.6,0.1072,123416.3,0.1074,73012.7,0.1075,207971.1
1753546962276,16:22:42.276,AEVO/USDT:USDT,0.1073,17472.6,0.1072,123416.3,0.1074,73944.2,0.1075,207971.1
1753546962401,16:22:42.401,AEVO/USDT:USDT,0.1073,18623.0,0.1072,123416.3,0.1074,74855.8,0.1075,207971.1
1753546962565,16:22:42.565,AEVO/USDT:USDT,0.1073,18623.0,0.1072,123416.3,0.1074,73944.2,0.1075,207971.1
1753546962824,16:22:42.824,AEVO/USDT:USDT,0.1073,18623.0,0.1072,123416.3,0.1074,73944.2,0.1075,207971.1
1753546963088,16:22:43.088,AEVO/USDT:USDT,0.1073,18623.0,0.1072,123416.3,0.1074,73944.2,0.1075,207971.1
1753546963398,16:22:43.398,AEVO/USDT:USDT,0.1073,18623.1,0.1072,123416.3,0.1074,73944.2,0.1075,207971.1
1753546963502,16:22:43.502,AEVO/USDT:USDT,0.1073,18623.1,0.1072,123416.3,0.1074,74809.2,0.1075,207971.1
1753546963618,16:22:43.618,AEVO/USDT:USDT,0.1073,18623.1,0.1072,123416.3,0.1074,74809.2,0.1075,207971.1
1753546963869,16:22:43.869,AEVO/USDT:USDT,0.1073,33678.8,0.1072,123416.3,0.1074,71517.1,0.1075,207971.1
1753546963978,16:22:43.978,AEVO/USDT:USDT,0.1073,33678.8,0.1072,123416.3,0.1074,71517.1,0.1075,207971.1
1753546964202,16:22:44.202,AEVO/USDT:USDT,0.1073,33678.8,0.1072,123416.3,0.1074,71517.1,0.1075,207971.1
1753546964448,16:22:44.448,AEVO/USDT:USDT,0.1073,33678.8,0.1072,123416.3,0.1074,73012.7,0.1075,207971.1
1753546964594,16:22:44.594,AEVO/USDT:USDT,0.1073,33678.8,0.1072,123416.3,0.1074,73012.7,0.1075,205646.4
1753546964758,16:22:44.758,AEVO/USDT:USDT,0.1073,33678.8,0.1072,123416.3,0.1074,73012.7,0.1075,205646.4
1753546964958,16:22:44.958,AEVO/USDT:USDT,0.1073,33678.8,0.1072,123416.3,0.1074,73012.7,0.1075,205646.4
1753546965376,16:22:45.376,AEVO/USDT:USDT,0.1073,33678.8,0.1072,123416.3,0.1074,55201.0,0.1075,200993.6
1753546965605,16:22:45.605,AEVO/USDT:USDT,0.1073,33678.8,0.1072,123416.3,0.1074,55201.0,0.1075,208627.1
1753546965719,16:22:45.719,AEVO/USDT:USDT,0.1073,33678.8,0.1072,123416.3,0.1074,55201.0,0.1075,207526.9
1753546965868,16:22:45.868,AEVO/USDT:USDT,0.1073,33678.8,0.1072,123416.3,0.1074,55201.0,0.1075,197457.0
1753546966043,16:22:46.043,AEVO/USDT:USDT,0.1073,33678.8,0.1072,123416.3,0.1074,65154.4,0.1075,197457.0
1753546966156,16:22:46.156,AEVO/USDT:USDT,0.1073,33678.8,0.1072,123416.3,0.1074,65154.4,0.1075,197457.0
1753546966379,16:22:46.379,AEVO/USDT:USDT,0.1073,32341.6,0.1072,123416.3,0.1074,65201.0,0.1075,197457.0
1753546966481,16:22:46.481,AEVO/USDT:USDT,0.1073,33711.6,0.1072,123416.3,0.1074,65201.0,0.1075,197457.0
1753546966918,16:22:46.918,AEVO/USDT:USDT,0.1073,33711.6,0.1072,123416.3,0.1074,65201.0,0.1075,197457.0
1753546967102,16:22:47.102,AEVO/USDT:USDT,0.1073,33711.6,0.1072,123416.3,0.1074,65201.0,0.1075,197457.0
1753546967264,16:22:47.264,AEVO/USDT:USDT,0.1073,33711.6,0.1072,123416.3,0.1074,65201.0,0.1075,197457.0
1753546967602,16:22:47.602,AEVO/USDT:USDT,0.1073,33711.6,0.1072,123416.3,0.1074,65201.0,0.1075,197457.0
1753546967739,16:22:47.739,AEVO/USDT:USDT,0.1073,33711.6,0.1072,123416.3,0.1074,65201.0,0.1075,197457.0
1753546967912,16:22:47.912,AEVO/USDT:USDT,0.1073,33711.6,0.1072,123416.3,0.1074,65201.0,0.1075,197457.0
1753546968202,16:22:48.202,AEVO/USDT:USDT,0.1073,33711.6,0.1072,123416.3,0.1074,65201.0,0.1075,197457.0
1753546968379,16:22:48.379,AEVO/USDT:USDT,0.1073,33711.6,0.1072,123416.3,0.1074,65201.0,0.1075,197457.0
1753546968617,16:22:48.617,AEVO/USDT:USDT,0.1073,33711.6,0.1072,123416.3,0.1074,65201.0,0.1075,197457.0
1753546968788,16:22:48.788,AEVO/USDT:USDT,0.1073,33711.6,0.1072,123416.3,0.1074,65201.0,0.1075,197457.0
1753546969079,16:22:49.079,AEVO/USDT:USDT,0.1073,33711.6,0.1072,123416.3,0.1074,65201.0,0.1075,197457.0
1753546969318,16:22:49.318,AEVO/USDT:USDT,0.1073,33711.6,0.1072,123416.3,0.1074,65201.0,0.1075,197457.0
1753546969498,16:22:49.498,AEVO/USDT:USDT,0.1073,33711.6,0.1072,123416.3,0.1074,65201.0,0.1075,197457.0
1753546969661,16:22:49.661,AEVO/USDT:USDT,0.1073,33711.6,0.1072,123416.3,0.1074,65201.0,0.1075,198852.3
1753546969818,16:22:49.818,AEVO/USDT:USDT,0.1073,33711.6,0.1072,123416.3,0.1074,65201.0,0.1075,198852.3
1753546969954,16:22:49.954,AEVO/USDT:USDT,0.1073,33711.6,0.1072,123416.3,0.1074,65201.0,0.1075,198852.3
1753546970056,16:22:50.056,AEVO/USDT:USDT,0.1073,33711.6,0.1072,123416.3,0.1074,65201.0,0.1075,198852.3
1753546970308,16:22:50.308,AEVO/USDT:USDT,0.1073,33719.6,0.1072,123416.3,0.1074,65201.0,0.1075,198852.3
1753546970602,16:22:50.602,AEVO/USDT:USDT,0.1073,33719.6,0.1072,123416.3,0.1074,65201.0,0.1075,198852.3
1753546970902,16:22:50.902,AEVO/USDT:USDT,0.1073,33719.6,0.1072,123416.3,0.1074,70154.4,0.1075,198852.3
1753546971202,16:22:51.202,AEVO/USDT:USDT,0.1073,33719.6,0.1072,123416.3,0.1074,70154.4,0.1075,198852.3
1753546971444,16:22:51.444,AEVO/USDT:USDT,0.1073,33604.8,0.1072,123416.3,0.1074,70201.0,0.1075,198852.3
1753546971650,16:22:51.650,AEVO/USDT:USDT,0.1073,33604.8,0.1072,123416.3,0.1074,67826.0,0.1075,201180.6
1753546971753,16:22:51.753,AEVO/USDT:USDT,0.1073,33604.8,0.1072,123416.3,0.1074,67826.0,0.1075,201180.6
1753546972064,16:22:52.064,AEVO/USDT:USDT,0.1073,33698.0,0.1072,123416.3,0.1074,70203.7,0.1075,198852.3
1753546972228,16:22:52.228,AEVO/USDT:USDT,0.1073,33698.0,0.1072,123416.3,0.1074,70203.7,0.1075,198852.3
1753546972402,16:22:52.402,AEVO/USDT:USDT,0.1073,33698.0,0.1072,123416.3,0.1074,55203.7,0.1075,198852.3
1753546972529,16:22:52.529,AEVO/USDT:USDT,0.1073,33698.0,0.1072,128076.8,0.1074,55203.7,0.1075,198852.3
1753546972683,16:22:52.683,AEVO/USDT:USDT,0.1073,33698.0,0.1072,128076.8,0.1074,52973.8,0.1075,150759.6
1753546972878,16:22:52.878,AEVO/USDT:USDT,0.1073,33698.0,0.1072,128076.8,0.1074,62973.8,0.1075,150759.6
1753546973064,16:22:53.064,AEVO/USDT:USDT,0.1073,33698.0,0.1072,128076.8,0.1074,62973.8,0.1075,150759.6
1753546973398,16:22:53.398,AEVO/USDT:USDT,0.1073,33698.0,0.1072,128076.8,0.1074,62973.8,0.1075,150759.6
1753546973890,16:22:53.890,AEVO/USDT:USDT,0.1073,33698.0,0.1072,128076.8,0.1074,62973.8,0.1075,150759.6
1753546974002,16:22:54.002,AEVO/USDT:USDT,0.1073,33698.0,0.1072,128076.8,0.1074,62973.8,0.1075,150759.6
1753546974202,16:22:54.202,AEVO/USDT:USDT,0.1073,33698.0,0.1072,128076.8,0.1074,62973.8,0.1075,150759.6
1753546974340,16:22:54.340,AEVO/USDT:USDT,0.1073,33698.1,0.1072,128076.8,0.1074,62973.8,0.1075,150759.6
1753546974502,16:22:54.502,AEVO/USDT:USDT,0.1073,33698.1,0.1072,128076.8,0.1074,62973.8,0.1075,150759.6
1753546975514,16:22:55.514,AEVO/USDT:USDT,0.1073,33698.1,0.1072,128076.8,0.1074,62973.8,0.1075,150759.6
1753546975702,16:22:55.702,AEVO/USDT:USDT,0.1073,33698.1,0.1072,128076.8,0.1074,62973.8,0.1075,150759.6
1753546975979,16:22:55.979,AEVO/USDT:USDT,0.1073,33698.1,0.1072,128076.8,0.1074,62973.8,0.1075,150759.6
1753546976101,16:22:56.101,AEVO/USDT:USDT,0.1073,33698.1,0.1072,128076.8,0.1074,62973.8,0.1075,150759.6
1753546976302,16:22:56.302,AEVO/USDT:USDT,0.1073,33698.1,0.1072,128076.8,0.1074,62973.8,0.1075,150759.6
1753546976502,16:22:56.502,AEVO/USDT:USDT,0.1073,33698.1,0.1072,128076.8,0.1074,62973.8,0.1075,150759.6
1753546976617,16:22:56.617,AEVO/USDT:USDT,0.1073,33698.1,0.1072,128076.8,0.1074,62973.8,0.1075,150759.6
1753546977305,16:22:57.305,AEVO/USDT:USDT,0.1073,33698.1,0.1072,131114.1,0.1074,49100.5,0.1075,149409.5
1753546977467,16:22:57.467,AEVO/USDT:USDT,0.1073,33698.1,0.1072,131114.1,0.1074,49100.5,0.1075,149409.5
1753546977652,16:22:57.652,AEVO/USDT:USDT,0.1073,33698.1,0.1072,131114.1,0.1074,49100.5,0.1075,149409.5
1753546977909,16:22:57.909,AEVO/USDT:USDT,0.1073,43698.1,0.1072,131114.1,0.1074,34554.0,0.1075,149409.5
1753546978048,16:22:58.048,AEVO/USDT:USDT,0.1073,43698.1,0.1072,131114.1,0.1074,34554.0,0.1075,134032.2
1753546978253,16:22:58.253,AEVO/USDT:USDT,0.1073,43698.1,0.1072,131114.1,0.1074,28389.5,0.1075,125866.7
1753546978364,16:22:58.364,AEVO/USDT:USDT,0.1073,43698.1,0.1072,131114.1,0.1074,28389.5,0.1075,125866.7
1753546978691,16:22:58.691,AEVO/USDT:USDT,0.1073,43698.1,0.1072,131114.1,0.1074,28389.5,0.1075,125866.7
1753546978802,16:22:58.802,AEVO/USDT:USDT,0.1073,44629.6,0.1072,131114.1,0.1074,39832.7,0.1075,132387.3
1753546978903,16:22:58.903,AEVO/USDT:USDT,0.1073,44629.6,0.1072,131114.1,0.1074,39832.7,0.1075,132387.3
1753546979274,16:22:59.274,AEVO/USDT:USDT,0.1073,44899.5,0.1072,128076.8,0.1074,39832.7,0.1075,132387.3
1753546979378,16:22:59.378,AEVO/USDT:USDT,0.1073,44899.5,0.1072,131114.1,0.1074,39832.7,0.1075,132697.5
1753546979764,16:22:59.764,AEVO/USDT:USDT,0.1073,44899.5,0.1072,131114.1,0.1074,39832.7,0.1075,132697.5
1753546980002,16:23:00.002,AEVO/USDT:USDT,0.1073,44899.5,0.1072,131114.1,0.1074,39832.7,0.1075,132697.5
1753546980270,16:23:00.270,AEVO/USDT:USDT,0.1073,34745.7,0.1072,128076.8,0.1074,54888.4,0.1075,132697.5
1753546980389,16:23:00.389,AEVO/USDT:USDT,0.1073,36033.1,0.1072,128076.8,0.1074,54888.4,0.1075,132697.5
1753546980502,16:23:00.502,AEVO/USDT:USDT,0.1073,36033.1,0.1072,128076.8,0.1074,54888.4,0.1075,132697.5
1753546980766,16:23:00.766,AEVO/USDT:USDT,0.1073,37073.3,0.1072,131114.1,0.1074,44888.4,0.1075,132697.5
1753546980876,16:23:00.876,AEVO/USDT:USDT,0.1073,52919.3,0.1072,131114.1,0.1074,19134.6,0.1075,117448.3
1753546980979,16:23:00.979,AEVO/USDT:USDT,0.1073,53850.8,0.1072,131114.1,0.1074,19134.6,0.1075,117446.9
1753546981097,16:23:01.097,AEVO/USDT:USDT,0.1073,53850.8,0.1072,131114.1,0.1074,19134.6,0.1075,115825.6
1753546981269,16:23:01.269,AEVO/USDT:USDT,0.1073,53850.8,0.1072,131114.1,0.1074,19134.6,0.1075,116135.8
1753546981379,16:23:01.379,AEVO/USDT:USDT,0.1073,53850.8,0.1072,131114.1,0.1074,19134.6,0.1075,116135.8
1753546981549,16:23:01.549,AEVO/USDT:USDT,0.1073,55713.8,0.1072,131114.1,0.1074,19134.6,0.1075,116135.8
1753546982003,16:23:02.003,AEVO/USDT:USDT,0.1073,55713.8,0.1072,131114.1,0.1074,19134.6,0.1075,116135.8
1753546982135,16:23:02.135,AEVO/USDT:USDT,0.1073,11312.5,0.1072,114329.8,0.1074,34190.3,0.1075,116135.8
1753546982273,16:23:02.273,AEVO/USDT:USDT,0.1073,10466.5,0.1072,114329.8,0.1074,35497.8,0.1075,116135.8
1753546982384,16:23:02.384,AEVO/USDT:USDT,0.1073,25368.4,0.1072,120105.0,0.1074,61848.1,0.1075,123118.1
1753546982486,16:23:02.486,AEVO/USDT:USDT,0.1073,22573.9,0.1072,120105.0,0.1074,61894.7,0.1075,136159.4
1753546982592,16:23:02.592,AEVO/USDT:USDT,0.1073,21796.2,0.1072,109642.9,0.1074,61894.7,0.1075,150411.7
1753546982699,16:23:02.699,AEVO/USDT:USDT,0.1073,21703.0,0.1072,109642.9,0.1074,61894.7,0.1075,147430.8
1753546982821,16:23:02.821,AEVO/USDT:USDT,0.1073,28624.0,0.1072,106662.0,0.1074,64687.9,0.1075,144640.2
1753546982927,16:23:02.927,AEVO/USDT:USDT,0.1073,28717.2,0.1072,109972.7,0.1074,62805.5,0.1075,144640.2
1753546983037,16:23:03.037,AEVO/USDT:USDT,0.1073,28717.2,0.1072,123639.1,0.1074,62805.5,0.1075,142315.5
1753546983146,16:23:03.146,AEVO/USDT:USDT,0.1073,28717.2,0.1072,133479.5,0.1074,59799.3,0.1075,145106.1
1753546983249,16:23:03.249,AEVO/USDT:USDT,0.1073,28717.2,0.1072,136538.4,0.1074,59799.3,0.1075,145106.1
1753546983419,16:23:03.419,AEVO/USDT:USDT,0.1073,28717.2,0.1072,141668.4,0.1074,59868.8,0.1075,145106.1
1753546983669,16:23:03.669,AEVO/USDT:USDT,0.1073,28717.2,0.1072,138609.5,0.1074,61730.4,0.1075,145106.1
1753546983967,16:23:03.967,AEVO/USDT:USDT,0.1073,28717.2,0.1072,138609.5,0.1074,64524.4,0.1075,147430.7
1753546984135,16:23:04.135,AEVO/USDT:USDT,0.1073,28717.2,0.1072,138609.5,0.1074,64524.4,0.1075,147430.7
1753546984388,16:23:04.388,AEVO/USDT:USDT,0.1073,28717.2,0.1072,138609.5,0.1074,67317.6,0.1075,144640.1
1753546984509,16:23:04.509,AEVO/USDT:USDT,0.1073,28717.2,0.1072,138609.5,0.1074,62681.2,0.1075,147279.5
1753546984719,16:23:04.719,AEVO/USDT:USDT,0.1073,28717.2,0.1072,138609.5,0.1074,59868.7,0.1075,147279.5
1753546984880,16:23:04.880,AEVO/USDT:USDT,0.1073,28717.2,0.1072,138609.5,0.1074,62662.0,0.1075,147279.5
1753546984988,16:23:04.988,AEVO/USDT:USDT,0.1073,28717.2,0.1072,138609.5,0.1074,59868.7,0.1075,147279.5
1753546985165,16:23:05.165,AEVO/USDT:USDT,0.1073,28717.2,0.1072,138609.5,0.1074,62662.0,0.1075,147279.5
1753546985269,16:23:05.269,AEVO/USDT:USDT,0.1073,28717.2,0.1072,138609.5,0.1074,62662.0,0.1075,147279.5
1753546985378,16:23:05.378,AEVO/USDT:USDT,0.1073,28717.2,0.1072,138609.5,0.1074,59868.7,0.1075,147279.5
1753546985489,16:23:05.489,AEVO/USDT:USDT,0.1073,28717.2,0.1072,138609.5,0.1074,59868.7,0.1075,147279.5
1753546985667,16:23:05.667,AEVO/USDT:USDT,0.1073,28717.2,0.1072,138609.5,0.1074,59868.7,0.1075,142315.5
1753546985918,16:23:05.918,AEVO/USDT:USDT,0.1073,28717.2,0.1072,138609.5,0.1074,59868.7,0.1075,142315.5
1753546986102,16:23:06.102,AEVO/USDT:USDT,0.1073,28717.2,0.1072,138609.5,0.1074,59868.7,0.1075,142315.5
1753546986302,16:23:06.302,AEVO/USDT:USDT,0.1073,28717.2,0.1072,138609.5,0.1074,44868.7,0.1075,142315.5
1753546986412,16:23:06.412,AEVO/USDT:USDT,0.1073,28717.2,0.1072,141668.4,0.1074,44981.7,0.1075,142315.5
1753546986579,16:23:06.579,AEVO/USDT:USDT,0.1073,28717.2,0.1072,141668.4,0.1074,42188.5,0.1075,145106.1
1753546986726,16:23:06.726,AEVO/USDT:USDT,0.1073,43948.2,0.1072,141668.4,0.1074,40721.4,0.1075,145106.1
1753546986834,16:23:06.834,AEVO/USDT:USDT,0.1073,44753.9,0.1072,141668.4,0.1074,16410.8,0.1075,139107.9
1753546986946,16:23:06.946,AEVO/USDT:USDT,0.1073,44753.9,0.1072,150321.9,0.1074,16410.8,0.1075,129792.7
1753546987065,16:23:07.065,AEVO/USDT:USDT,0.1073,44753.9,0.1072,150321.9,0.1074,17424.5,0.1075,132773.6
1753546987380,16:23:07.380,AEVO/USDT:USDT,0.1073,44764.4,0.1072,150321.9,0.1074,17424.5,0.1075,132773.6
1753546987489,16:23:07.489,AEVO/USDT:USDT,0.1073,46084.3,0.1072,150321.9,0.1074,16410.8,0.1075,132773.6
1753546987658,16:23:07.658,AEVO/USDT:USDT,0.1073,54074.6,0.1072,150321.9,0.1074,9322.3,0.1075,75800.0
1753546987759,16:23:07.759,AEVO/USDT:USDT,0.1073,55006.1,0.1072,150321.9,0.1074,9322.3,0.1075,82858.8
1753546987865,16:23:07.865,AEVO/USDT:USDT,0.1073,61135.7,0.1072,150321.9,0.1074,9322.3,0.1075,82858.8
1753546988048,16:23:08.048,AEVO/USDT:USDT,0.1073,61135.7,0.1072,150321.9,0.1074,9322.3,0.1075,73110.7
1753546988227,16:23:08.227,AEVO/USDT:USDT,0.1073,47947.3,0.1072,156451.5,0.1074,17383.1,0.1075,70781.9
1753546988330,16:23:08.330,AEVO/USDT:USDT,0.1073,55006.1,0.1072,156451.5,0.1074,16324.4,0.1075,69681.7
1753546988576,16:23:08.576,AEVO/USDT:USDT,0.1073,55187.9,0.1072,161415.5,0.1074,17332.7,0.1075,71984.4
1753546988718,16:23:08.718,AEVO/USDT:USDT,0.1073,55187.9,0.1072,161415.5,0.1074,16324.4,0.1075,71984.4
1753546989188,16:23:09.188,AEVO/USDT:USDT,0.1073,55189.3,0.1072,161415.5,0.1074,16324.4,0.1075,71984.4
1753546989631,16:23:09.631,AEVO/USDT:USDT,0.1073,55189.3,0.1072,161415.5,0.1074,16138.0,0.1075,71984.4
1753546989748,16:23:09.748,AEVO/USDT:USDT,0.1073,55189.3,0.1072,161415.5,0.1074,16138.0,0.1075,71984.4
1753546990091,16:23:10.091,AEVO/USDT:USDT,0.1073,55189.3,0.1072,161415.5,0.1074,16138.0,0.1075,71984.4
1753546990258,16:23:10.258,AEVO/USDT:USDT,0.1073,57052.3,0.1072,161415.5,0.1074,16138.0,0.1075,71984.4
1753546990409,16:23:10.409,AEVO/USDT:USDT,0.1073,58915.3,0.1072,161415.5,0.1074,16138.0,0.1075,71984.4
1753546990603,16:23:10.603,AEVO/USDT:USDT,0.1073,58915.3,0.1072,162348.8,0.1074,16138.0,0.1075,71984.4
1753546990788,16:23:10.788,AEVO/USDT:USDT,0.1073,58915.3,0.1072,162348.8,0.1074,16138.0,0.1075,71984.4
1753546990945,16:23:10.945,AEVO/USDT:USDT,0.1073,58915.3,0.1072,167008.7,0.1074,9135.9,0.1075,71984.4
1753546991062,16:23:11.062,AEVO/USDT:USDT,0.1074,38869.5,0.1073,101604.0,0.1075,51031.1,0.1076,164943.8
1753546991270,16:23:11.270,AEVO/USDT:USDT,0.1074,32508.9,0.1073,123647.3,0.1075,50465.5,0.1076,165762.7
1753546991376,16:23:11.376,AEVO/USDT:USDT,0.1074,31671.5,0.1073,123647.3,0.1075,50512.1,0.1076,162779.1
1753546991525,16:23:11.525,AEVO/USDT:USDT,0.1074,33439.5,0.1073,123647.3,0.1075,50512.1,0.1076,162779.1
1753546991631,16:23:11.631,AEVO/USDT:USDT,0.1074,33532.7,0.1073,123647.3,0.1075,50321.9,0.1076,163712.4
1753546991753,16:23:11.753,AEVO/USDT:USDT,0.1074,33532.7,0.1073,123647.3,0.1075,65275.3,0.1076,163712.4
1753546991877,16:23:11.877,AEVO/USDT:USDT,0.1074,33532.7,0.1073,123647.3,0.1075,65275.3,0.1076,163712.4
1753546991985,16:23:11.985,AEVO/USDT:USDT,0.1074,33532.7,0.1073,123647.3,0.1075,64829.8,0.1076,168360.9
1753546992111,16:23:12.111,AEVO/USDT:USDT,0.1074,33532.7,0.1073,123647.3,0.1075,63994.6,0.1076,168360.9
1753546992407,16:23:12.407,AEVO/USDT:USDT,0.1074,33770.4,0.1073,123377.4,0.1075,64041.2,0.1076,168360.9
1753546992778,16:23:12.778,AEVO/USDT:USDT,0.1074,31909.2,0.1073,123377.4,0.1075,64041.2,0.1076,168360.9
1753546992902,16:23:12.902,AEVO/USDT:USDT,0.1074,31909.2,0.1073,123377.4,0.1075,64041.2,0.1076,168360.9
1753546993302,16:23:13.302,AEVO/USDT:USDT,0.1074,31909.2,0.1073,123377.4,0.1075,64041.2,0.1076,168360.9
1753546993464,16:23:13.464,AEVO/USDT:USDT,0.1074,31909.2,0.1073,126688.1,0.1075,64041.2,0.1076,179391.8
1753546993812,16:23:13.812,AEVO/USDT:USDT,0.1074,31909.2,0.1073,126688.1,0.1075,62645.9,0.1076,179391.8
1753546993965,16:23:13.965,AEVO/USDT:USDT,0.1074,31909.2,0.1073,126688.1,0.1075,62645.9,0.1076,179391.8
1753546994101,16:23:14.101,AEVO/USDT:USDT,0.1074,31909.2,0.1073,135602.4,0.1075,60763.5,0.1076,174427.8
1753546994297,16:23:14.297,AEVO/USDT:USDT,0.1074,31909.2,0.1073,135602.4,0.1075,60763.5,0.1076,174427.8
1753546994472,16:23:14.472,AEVO/USDT:USDT,0.1074,31909.2,0.1073,135602.4,0.1075,60763.5,0.1076,174427.8
1753546994575,16:23:14.575,AEVO/USDT:USDT,0.1074,31909.2,0.1073,126688.1,0.1075,60763.5,0.1076,174427.8
1753546994698,16:23:14.698,AEVO/USDT:USDT,0.1074,31909.2,0.1073,126688.1,0.1075,60763.5,0.1076,174427.8
1753546995008,16:23:15.008,AEVO/USDT:USDT,0.1074,31909.2,0.1073,126688.1,0.1075,60763.5,0.1076,174427.8
1753546995276,16:23:15.276,AEVO/USDT:USDT,0.1074,31832.3,0.1073,126688.1,0.1075,60763.5,0.1076,176289.1
1753546995458,16:23:15.458,AEVO/USDT:USDT,0.1074,31832.3,0.1073,126688.1,0.1075,59830.2,0.1076,176289.1
1753546995691,16:23:15.691,AEVO/USDT:USDT,0.1074,31832.3,0.1073,126688.1,0.1075,59830.2,0.1076,176289.1
1753546996539,16:23:16.539,AEVO/USDT:USDT,0.1074,9774.5,0.1073,126688.1,0.1075,59830.2,0.1076,176289.1
1753546996651,16:23:16.651,AEVO/USDT:USDT,0.1074,9774.5,0.1073,126688.1,0.1075,61712.6,0.1076,178611.8
1753546996772,16:23:16.772,AEVO/USDT:USDT,0.1074,9774.5,0.1073,126688.1,0.1075,66315.7,0.1076,173963.3
1753546996902,16:23:16.902,AEVO/USDT:USDT,0.1074,9774.5,0.1073,126688.1,0.1075,61666.0,0.1076,173963.3
1753546997024,16:23:17.024,AEVO/USDT:USDT,0.1074,9774.5,0.1073,126688.1,0.1075,61666.0,0.1076,173963.3
1753546997129,16:23:17.129,AEVO/USDT:USDT,0.1074,31840.1,0.1073,126688.1,0.1075,61712.6,0.1076,178612.7
1753546997231,16:23:17.231,AEVO/USDT:USDT,0.1074,31840.1,0.1073,126688.1,0.1075,61712.6,0.1076,176290.2
1753546997508,16:23:17.508,AEVO/USDT:USDT,0.1074,31840.1,0.1073,126688.1,0.1075,61712.6,0.1076,176290.2
1753546997938,16:23:17.938,AEVO/USDT:USDT,0.1074,31840.1,0.1073,126688.1,0.1075,61712.6,0.1076,181254.2
1753546998202,16:23:18.202,AEVO/USDT:USDT,0.1074,31840.1,0.1073,126688.1,0.1075,61712.6,0.1076,181254.2
1753546998785,16:23:18.785,AEVO/USDT:USDT,0.1074,31840.1,0.1073,126688.1,0.1075,61712.6,0.1076,181254.2
1753546998902,16:23:18.902,AEVO/USDT:USDT,0.1074,31840.1,0.1073,126688.1,0.1075,61712.6,0.1076,181254.2
1753546999308,16:23:19.308,AEVO/USDT:USDT,0.1074,31840.1,0.1073,126688.1,0.1075,61712.6,0.1076,176290.2
1753546999416,16:23:19.416,AEVO/USDT:USDT,0.1074,31840.1,0.1073,126688.1,0.1075,61712.6,0.1076,176290.2
1753546999518,16:23:19.518,AEVO/USDT:USDT,0.1074,31840.1,0.1073,126688.1,0.1075,61712.6,0.1076,176290.2
1753546999765,16:23:19.765,AEVO/USDT:USDT,0.1074,31840.1,0.1073,126688.1,0.1075,61712.6,0.1076,176290.2
1753546999902,16:23:19.902,AEVO/USDT:USDT,0.1074,31840.1,0.1073,126688.1,0.1075,61712.6,0.1076,176290.2
1753547000058,16:23:20.058,AEVO/USDT:USDT,0.1074,31840.1,0.1073,126688.1,0.1075,61712.6,0.1076,176290.2
1753547000491,16:23:20.491,AEVO/USDT:USDT,0.1074,31840.1,0.1073,126688.1,0.1075,61712.6,0.1076,176290.2
1753547000601,16:23:20.601,AEVO/USDT:USDT,0.1074,31840.1,0.1073,126688.1,0.1075,61712.6,0.1076,176290.2
1753547000702,16:23:20.702,AEVO/USDT:USDT,0.1074,31840.1,0.1073,126688.1,0.1075,61712.6,0.1076,176290.2
1753547001102,16:23:21.102,AEVO/USDT:USDT,0.1074,31840.1,0.1073,126688.1,0.1075,61712.6,0.1076,176290.2
1753547001298,16:23:21.298,AEVO/USDT:USDT,0.1074,35411.1,0.1073,123053.6,0.1075,61712.6,0.1076,177389.4
1753547001614,16:23:21.614,AEVO/USDT:USDT,0.1074,44084.9,0.1073,126143.1,0.1075,62642.3,0.1076,177389.4
1753547001721,16:23:21.721,AEVO/USDT:USDT,0.1074,44084.9,0.1073,126143.1,0.1075,62642.3,0.1076,177389.4
1753547002080,16:23:22.080,AEVO/USDT:USDT,0.1074,44084.9,0.1073,126143.1,0.1075,61712.6,0.1076,177389.4
1753547002202,16:23:22.202,AEVO/USDT:USDT,0.1074,44084.9,0.1073,123053.6,0.1075,61712.6,0.1076,177389.4
1753547002802,16:23:22.802,AEVO/USDT:USDT,0.1074,44084.9,0.1073,123053.6,0.1075,61712.6,0.1076,177389.4
1753547003541,16:23:23.541,AEVO/USDT:USDT,0.1074,49084.9,0.1073,123053.6,0.1075,44830.2,0.1076,177389.4
1753547003735,16:23:23.735,AEVO/USDT:USDT,0.1074,49084.9,0.1073,126143.1,0.1075,44830.2,0.1076,177389.4
1753547003900,16:23:23.900,AEVO/USDT:USDT,0.1074,49084.9,0.1073,126143.1,0.1075,44643.8,0.1076,177389.4
1753547004264,16:23:24.264,AEVO/USDT:USDT,0.1074,49084.9,0.1073,126143.1,0.1075,44643.8,0.1076,177389.4
1753547004902,16:23:24.902,AEVO/USDT:USDT,0.1074,44297.4,0.1073,125938.4,0.1075,44643.8,0.1076,177389.4
1753547005008,16:23:25.008,AEVO/USDT:USDT,0.1074,44297.4,0.1073,125938.4,0.1075,44643.8,0.1076,177389.4
1753547005291,16:23:25.291,AEVO/USDT:USDT,0.1074,44297.4,0.1073,125938.4,0.1075,44643.8,0.1076,177389.4
1753547005398,16:23:25.398,AEVO/USDT:USDT,0.1074,44297.4,0.1073,125938.4,0.1075,44643.8,0.1076,168082.8
1753547005558,16:23:25.558,AEVO/USDT:USDT,0.1074,44297.4,0.1073,122848.9,0.1075,59597.2,0.1076,177389.4
1753547005668,16:23:25.668,AEVO/USDT:USDT,0.1074,44297.4,0.1073,122848.9,0.1075,59597.2,0.1076,177389.4
1753547006278,16:23:26.278,AEVO/USDT:USDT,0.1074,44558.7,0.1073,122848.9,0.1075,59643.8,0.1076,177389.4
1753547006438,16:23:26.438,AEVO/USDT:USDT,0.1074,44558.7,0.1073,122848.9,0.1075,59643.8,0.1076,177389.4
1753547006668,16:23:26.668,AEVO/USDT:USDT,0.1074,44558.7,0.1073,122848.9,0.1075,59643.8,0.1076,177389.4
1753547006801,16:23:26.801,AEVO/USDT:USDT,0.1074,44558.7,0.1073,122848.9,0.1075,59643.8,0.1076,177389.4
1753547006906,16:23:26.906,AEVO/USDT:USDT,0.1074,44558.7,0.1073,122848.9,0.1075,59643.8,0.1076,177389.4
1753547007124,16:23:27.124,AEVO/USDT:USDT,0.1074,44651.9,0.1073,122848.9,0.1075,44643.8,0.1076,177389.4
1753547007265,16:23:27.265,AEVO/USDT:USDT,0.1074,44527.0,0.1073,122848.9,0.1075,44643.8,0.1076,177389.4
1753547007448,16:23:27.448,AEVO/USDT:USDT,0.1074,44527.0,0.1073,122848.9,0.1075,44643.8,0.1076,177389.4
1753547007575,16:23:27.575,AEVO/USDT:USDT,0.1074,44568.9,0.1073,122848.9,0.1075,49643.8,0.1076,177389.4
1753547007748,16:23:27.748,AEVO/USDT:USDT,0.1074,44568.9,0.1073,122782.9,0.1075,49643.8,0.1076,177389.4
1753547007852,16:23:27.852,AEVO/USDT:USDT,0.1074,44729.7,0.1073,122782.9,0.1075,49643.8,0.1076,177389.4
1753547007977,16:23:27.977,AEVO/USDT:USDT,0.1074,44729.7,0.1073,122782.9,0.1075,46853.2,0.1076,180177.5
1753547008247,16:23:28.247,AEVO/USDT:USDT,0.1074,44729.7,0.1073,122782.9,0.1075,46853.2,0.1076,173456.7
1753547008355,16:23:28.355,AEVO/USDT:USDT,0.1074,44729.7,0.1073,127439.1,0.1075,46853.2,0.1076,173456.7
1753547008551,16:23:28.551,AEVO/USDT:USDT,0.1074,44729.7,0.1073,127439.1,0.1075,46853.2,0.1076,173456.7
1753547009002,16:23:29.002,AEVO/USDT:USDT,0.1074,44729.7,0.1073,127439.1,0.1075,46853.2,0.1076,173456.7
1753547009327,16:23:29.327,AEVO/USDT:USDT,0.1074,44729.7,0.1073,122782.1,0.1075,46853.2,0.1076,175779.2
1753547009463,16:23:29.463,AEVO/USDT:USDT,0.1074,44729.7,0.1073,122782.1,0.1075,54293.5,0.1076,172529.4
1753547009564,16:23:29.564,AEVO/USDT:USDT,0.1074,29674.0,0.1073,122782.1,0.1075,66175.9,0.1076,172529.4
1753547009679,16:23:29.679,AEVO/USDT:USDT,0.1074,29674.0,0.1073,122782.1,0.1075,66283.1,0.1076,172529.4
1753547009879,16:23:29.879,AEVO/USDT:USDT,0.1074,29674.0,0.1073,122782.1,0.1075,66283.1,0.1076,172529.4
1753547010091,16:23:30.091,AEVO/USDT:USDT,0.1074,29674.0,0.1073,122782.1,0.1075,66283.1,0.1076,172529.4
1753547010202,16:23:30.202,AEVO/USDT:USDT,0.1074,29674.0,0.1073,122782.1,0.1075,66283.1,0.1076,172529.4
1753547010418,16:23:30.418,AEVO/USDT:USDT,0.1074,22664.1,0.1073,122782.1,0.1075,68143.4,0.1076,172529.4
1753547010522,16:23:30.522,AEVO/USDT:USDT,0.1074,22844.5,0.1073,122782.1,0.1075,68143.4,0.1076,172529.4
1753547010849,16:23:30.849,AEVO/USDT:USDT,0.1074,22844.5,0.1073,122782.1,0.1075,68143.4,0.1076,172529.4
1753547010957,16:23:30.957,AEVO/USDT:USDT,0.1074,22844.5,0.1073,122782.1,0.1075,67212.8,0.1076,172529.4
1753547011171,16:23:31.171,AEVO/USDT:USDT,0.1074,22844.5,0.1073,122782.1,0.1075,68143.4,0.1076,172529.4
1753547011502,16:23:31.502,AEVO/USDT:USDT,0.1074,22844.6,0.1073,119471.4,0.1075,67212.8,0.1076,161498.5
1753547011641,16:23:31.641,AEVO/USDT:USDT,0.1074,22844.6,0.1073,119471.4,0.1075,67212.8,0.1076,161498.5
1753547011776,16:23:31.776,AEVO/USDT:USDT,0.1074,22844.6,0.1073,119471.4,0.1075,66283.1,0.1076,161498.5
1753547011902,16:23:31.902,AEVO/USDT:USDT,0.1074,22844.6,0.1073,119471.4,0.1075,66283.1,0.1076,161498.5
1753547012088,16:23:32.088,AEVO/USDT:USDT,0.1074,22844.6,0.1073,119471.4,0.1075,66283.1,0.1076,161498.5
1753547012265,16:23:32.265,AEVO/USDT:USDT,0.1074,22844.6,0.1073,119471.4,0.1075,66283.1,0.1076,161498.5
1753547012368,16:23:32.368,AEVO/USDT:USDT,0.1074,22844.6,0.1073,119471.4,0.1075,66283.1,0.1076,161498.5
1753547012474,16:23:32.474,AEVO/USDT:USDT,0.1074,22844.6,0.1073,119471.4,0.1075,67212.8,0.1076,161498.5
1753547012599,16:23:32.599,AEVO/USDT:USDT,0.1074,22844.6,0.1073,119471.4,0.1075,67212.8,0.1076,161498.5
1753547012702,16:23:32.702,AEVO/USDT:USDT,0.1074,22844.6,0.1073,119471.4,0.1075,68143.4,0.1076,161498.5
1753547012869,16:23:32.869,AEVO/USDT:USDT,0.1074,22844.6,0.1073,119471.4,0.1075,68143.4,0.1076,161498.5
1753547013010,16:23:33.010,AEVO/USDT:USDT,0.1074,22844.6,0.1073,119471.4,0.1075,69008.0,0.1076,161498.5
1753547013113,16:23:33.113,AEVO/USDT:USDT,0.1074,22844.6,0.1073,119471.4,0.1075,69008.0,0.1076,161498.5
1753547013228,16:23:33.228,AEVO/USDT:USDT,0.1074,22889.3,0.1073,119471.4,0.1075,69054.6,0.1076,161498.5
1753547013329,16:23:33.329,AEVO/USDT:USDT,0.1074,22889.3,0.1073,119471.4,0.1075,69054.6,0.1076,161498.5
1753547013488,16:23:33.488,AEVO/USDT:USDT,0.1074,22889.3,0.1073,119471.4,0.1075,69054.6,0.1076,161498.5
1753547014002,16:23:34.002,AEVO/USDT:USDT,0.1074,22889.3,0.1073,119471.4,0.1075,69054.6,0.1076,161498.5
1753547014352,16:23:34.352,AEVO/USDT:USDT,0.1074,22982.5,0.1073,119471.4,0.1075,69983.5,0.1076,161498.5
1753547014578,16:23:34.578,AEVO/USDT:USDT,0.1074,22982.5,0.1073,119471.4,0.1075,69983.5,0.1076,161498.5
1753547014819,16:23:34.819,AEVO/USDT:USDT,0.1074,22982.5,0.1073,119471.4,0.1075,68141.7,0.1076,161498.5
1753547015001,16:23:35.001,AEVO/USDT:USDT,0.1074,22982.5,0.1073,119471.4,0.1075,69072.3,0.1076,161498.5
1753547015109,16:23:35.109,AEVO/USDT:USDT,0.1074,22982.5,0.1073,119471.4,0.1075,69983.5,0.1076,161498.5
1753547015251,16:23:35.251,AEVO/USDT:USDT,0.1074,22887.3,0.1073,119471.3,0.1075,69983.5,0.1076,161498.5
1753547015369,16:23:35.369,AEVO/USDT:USDT,0.1074,22887.3,0.1073,119471.3,0.1075,68141.7,0.1076,161498.5
1753547015498,16:23:35.498,AEVO/USDT:USDT,0.1074,22887.3,0.1073,119471.3,0.1075,68141.7,0.1076,161498.5
1753547015688,16:23:35.688,AEVO/USDT:USDT,0.1074,22980.5,0.1073,119471.3,0.1075,69072.3,0.1076,161498.5
1753547015870,16:23:35.870,AEVO/USDT:USDT,0.1074,22980.5,0.1073,119471.3,0.1075,69072.3,0.1076,161498.5
1753547016002,16:23:36.002,AEVO/USDT:USDT,0.1074,22980.5,0.1073,119471.3,0.1075,69072.3,0.1076,161498.5
1753547016302,16:23:36.302,AEVO/USDT:USDT,0.1074,22980.5,0.1073,119471.3,0.1075,69983.5,0.1076,161498.5
1753547016588,16:23:36.588,AEVO/USDT:USDT,0.1074,22980.5,0.1073,119471.3,0.1075,69983.5,0.1076,161498.5
1753547016802,16:23:36.802,AEVO/USDT:USDT,0.1074,22980.5,0.1073,119471.3,0.1075,69983.5,0.1076,161498.5
1753547017108,16:23:37.108,AEVO/USDT:USDT,0.1074,22980.5,0.1073,119471.3,0.1075,69876.3,0.1076,161498.5
1753547017339,16:23:37.339,AEVO/USDT:USDT,0.1074,37943.0,0.1073,119471.3,0.1075,67082.7,0.1076,166462.5
1753547017443,16:23:37.443,AEVO/USDT:USDT,0.1074,38036.2,0.1073,122560.8,0.1075,57782.0,0.1076,168789.2
1753547017702,16:23:37.702,AEVO/USDT:USDT,0.1074,38030.4,0.1073,122560.8,0.1075,57782.0,0.1076,172506.6
1753547017909,16:23:37.909,AEVO/USDT:USDT,0.1074,38030.4,0.1073,125871.5,0.1075,57782.0,0.1076,222829.2
1753547018406,16:23:38.406,AEVO/USDT:USDT,0.1074,38030.4,0.1073,122782.0,0.1075,57782.0,0.1076,222829.2
1753547018588,16:23:38.588,AEVO/USDT:USDT,0.1074,38030.4,0.1073,122782.0,0.1075,57782.0,0.1076,222829.2
1753547018805,16:23:38.805,AEVO/USDT:USDT,0.1074,38788.5,0.1073,122055.3,0.1075,60572.7,0.1076,222829.2
1753547018961,16:23:38.961,AEVO/USDT:USDT,0.1074,38788.5,0.1073,122055.3,0.1075,57735.4,0.1076,222829.2
1753547019692,16:23:39.692,AEVO/USDT:USDT,0.1074,38788.5,0.1073,122055.3,0.1075,57735.4,0.1076,222829.2
1753547019803,16:23:39.803,AEVO/USDT:USDT,0.1074,38788.5,0.1073,122055.3,0.1075,57735.4,0.1076,222829.2
1753547019918,16:23:39.918,AEVO/USDT:USDT,0.1074,38788.5,0.1073,122055.3,0.1075,57735.4,0.1076,222829.2
1753547020358,16:23:40.358,AEVO/USDT:USDT,0.1074,45707.3,0.1073,122055.3,0.1075,60572.7,0.1076,222829.2
1753547020459,16:23:40.459,AEVO/USDT:USDT,0.1074,45707.3,0.1073,122055.3,0.1075,59643.8,0.1076,222829.2
1753547020565,16:23:40.565,AEVO/USDT:USDT,0.1074,45707.3,0.1073,122055.3,0.1075,59643.8,0.1076,222829.2
1753547021038,16:23:41.038,AEVO/USDT:USDT,0.1074,45654.0,0.1073,135113.3,0.1075,59643.8,0.1076,222829.2
1753547022160,16:23:42.160,AEVO/USDT:USDT,0.1074,45654.0,0.1073,135048.0,0.1075,59643.8,0.1076,222829.2
1753547022297,16:23:42.297,AEVO/USDT:USDT,0.1074,45802.3,0.1073,135048.0,0.1075,59643.8,0.1076,222829.2
1753547022990,16:23:42.990,AEVO/USDT:USDT,0.1074,45802.3,0.1073,135048.0,0.1075,59643.8,0.1076,222829.2
1753547023097,16:23:43.097,AEVO/USDT:USDT,0.1074,61506.0,0.1073,131610.2,0.1075,29253.2,0.1076,168678.4
1753547023228,16:23:43.228,AEVO/USDT:USDT,0.1074,61599.2,0.1073,131610.2,0.1075,17207.6,0.1076,163589.5
1753547023339,16:23:43.339,AEVO/USDT:USDT,0.1074,61599.2,0.1073,131610.2,0.1075,24370.4,0.1076,166377.6
1753547023444,16:23:43.444,AEVO/USDT:USDT,0.1074,61599.2,0.1073,131610.2,0.1075,24370.4,0.1076,155209.7
1753547023974,16:23:43.974,AEVO/USDT:USDT,0.1074,46599.2,0.1073,131610.2,0.1075,25730.7,0.1076,159376.9
1753547024374,16:23:44.374,AEVO/USDT:USDT,0.1074,46509.2,0.1073,131610.2,0.1075,30730.7,0.1076,159697.4
1753547024612,16:23:44.612,AEVO/USDT:USDT,0.1074,46602.4,0.1073,131610.2,0.1075,33521.3,0.1076,156909.3
1753547024810,16:23:44.810,AEVO/USDT:USDT,0.1074,46602.4,0.1073,131610.2,0.1075,48530.4,0.1076,156909.3
1753547024921,16:23:44.921,AEVO/USDT:USDT,0.1074,45805.5,0.1073,118679.3,0.1075,48577.0,0.1076,166061.2
1753547025027,16:23:45.027,AEVO/USDT:USDT,0.1074,45805.5,0.1073,118679.3,0.1075,48577.0,0.1076,166061.2
1753547025316,16:23:45.316,AEVO/USDT:USDT,0.1074,45812.7,0.1073,123335.5,0.1075,48577.0,0.1076,166061.2
1753547025478,16:23:45.478,AEVO/USDT:USDT,0.1074,45812.7,0.1073,123335.5,0.1075,48577.0,0.1076,166061.2
1753547025601,16:23:45.601,AEVO/USDT:USDT,0.1074,45717.9,0.1073,123335.5,0.1075,48577.0,0.1076,166061.2
1753547025765,16:23:45.765,AEVO/USDT:USDT,0.1074,45717.9,0.1073,123335.5,0.1075,48577.0,0.1076,166061.2
1753547025904,16:23:45.904,AEVO/USDT:USDT,0.1074,45717.9,0.1073,123335.5,0.1075,48577.0,0.1076,166061.2
1753547026014,16:23:46.014,AEVO/USDT:USDT,0.1074,45717.9,0.1073,126646.2,0.1075,48577.0,0.1076,161873.3
1753547026115,16:23:46.115,AEVO/USDT:USDT,0.1074,45717.9,0.1073,126646.2,0.1075,48577.0,0.1076,156909.3
1753547026350,16:23:46.350,AEVO/USDT:USDT,0.1074,41828.0,0.1073,126646.2,0.1075,48577.0,0.1076,156909.3
1753547026455,16:23:46.455,AEVO/USDT:USDT,0.1074,45823.9,0.1073,126646.2,0.1075,48577.0,0.1076,156909.3
1753547026578,16:23:46.578,AEVO/USDT:USDT,0.1074,45823.9,0.1073,126646.2,0.1075,48577.0,0.1076,156909.3
1753547026745,16:23:46.745,AEVO/USDT:USDT,0.1074,45823.9,0.1073,126646.2,0.1075,48577.0,0.1076,156909.3
1753547027102,16:23:47.102,AEVO/USDT:USDT,0.1074,45823.9,0.1073,126646.2,0.1075,48577.0,0.1076,156909.3
1753547027352,16:23:47.352,AEVO/USDT:USDT,0.1074,55730.7,0.1073,126646.2,0.1075,48577.0,0.1076,156909.3
1753547027664,16:23:47.664,AEVO/USDT:USDT,0.1074,55730.7,0.1073,126646.2,0.1075,48577.0,0.1076,156909.3
1753547027911,16:23:47.911,AEVO/USDT:USDT,0.1074,55730.7,0.1073,131610.2,0.1075,48577.0,0.1076,156909.3
1753547028187,16:23:48.187,AEVO/USDT:USDT,0.1074,55730.7,0.1073,131610.2,0.1075,48577.0,0.1076,153191.9
1753547028302,16:23:48.302,AEVO/USDT:USDT,0.1074,55730.7,0.1073,131610.2,0.1075,48577.0,0.1076,152871.4
1753547029292,16:23:49.292,AEVO/USDT:USDT,0.1074,45823.9,0.1073,140786.0,0.1075,48577.0,0.1076,152871.4
1753547029702,16:23:49.702,AEVO/USDT:USDT,0.1074,45823.9,0.1073,140786.0,0.1075,48577.0,0.1076,152871.4
1753547030302,16:23:50.302,AEVO/USDT:USDT,0.1074,45831.3,0.1073,140786.0,0.1075,48577.0,0.1076,152871.4
1753547030765,16:23:50.765,AEVO/USDT:USDT,0.1074,45831.3,0.1073,140786.0,0.1075,33521.3,0.1076,152871.4
1753547030902,16:23:50.902,AEVO/USDT:USDT,0.1074,45831.3,0.1073,140786.0,0.1075,33521.3,0.1076,152871.4
1753547031043,16:23:51.043,AEVO/USDT:USDT,0.1074,45831.3,0.1073,140786.0,0.1075,33521.3,0.1076,166132.2
1753547031186,16:23:51.186,AEVO/USDT:USDT,0.1074,45831.3,0.1073,140786.0,0.1075,45739.8,0.1076,168920.3
1753547031344,16:23:51.344,AEVO/USDT:USDT,0.1074,45831.3,0.1073,126646.2,0.1075,45739.8,0.1076,169240.8
1753547031478,16:23:51.478,AEVO/USDT:USDT,0.1074,45738.4,0.1073,126646.2,0.1075,45786.4,0.1076,169240.8
1753547031749,16:23:51.749,AEVO/USDT:USDT,0.1074,45738.4,0.1073,123335.5,0.1075,45786.4,0.1076,155980.0
1753547031958,16:23:51.958,AEVO/USDT:USDT,0.1074,45738.4,0.1073,123335.5,0.1075,45786.4,0.1076,155980.0
1753547032102,16:23:52.102,AEVO/USDT:USDT,0.1074,45738.4,0.1073,123335.5,0.1075,45786.4,0.1076,155980.0
1753547032391,16:23:52.391,AEVO/USDT:USDT,0.1074,45831.6,0.1073,123335.5,0.1075,48577.0,0.1076,153191.9
1753547032498,16:23:52.498,AEVO/USDT:USDT,0.1074,45831.6,0.1073,126646.2,0.1075,51321.1,0.1076,153191.9
1753547032603,16:23:52.603,AEVO/USDT:USDT,0.1074,45831.6,0.1073,123335.5,0.1075,51321.1,0.1076,153191.9
1753547033102,16:23:53.102,AEVO/USDT:USDT,0.1074,45831.6,0.1073,123335.5,0.1075,51321.1,0.1076,153191.9
1753547033681,16:23:53.681,AEVO/USDT:USDT,0.1074,45831.6,0.1073,123335.5,0.1075,51321.1,0.1076,158155.9
1753547034092,16:23:54.092,AEVO/USDT:USDT,0.1074,45831.6,0.1073,123335.5,0.1075,51321.1,0.1076,158155.9
1753547034512,16:23:54.512,AEVO/USDT:USDT,0.1074,45831.6,0.1073,123335.5,0.1075,48577.1,0.1076,160944.0
1753547034758,16:23:54.758,AEVO/USDT:USDT,0.1074,45831.6,0.1073,123335.5,0.1075,48577.1,0.1076,160944.0
1753547034902,16:23:54.902,AEVO/USDT:USDT,0.1074,45831.6,0.1073,123335.5,0.1075,48577.1,0.1076,160944.0
1753547035244,16:23:55.244,AEVO/USDT:USDT,0.1074,50831.6,0.1073,123335.5,0.1075,45786.4,0.1076,155980.0
1753547035364,16:23:55.364,AEVO/USDT:USDT,0.1074,50831.6,0.1073,123335.5,0.1075,45786.4,0.1076,155980.0
1753547035888,16:23:55.888,AEVO/USDT:USDT,0.1074,50831.6,0.1073,123335.5,0.1075,45786.4,0.1076,155980.0
1753547036002,16:23:56.002,AEVO/USDT:USDT,0.1074,50831.6,0.1073,123335.5,0.1075,45786.4,0.1076,155980.0
1753547036168,16:23:56.168,AEVO/USDT:USDT,0.1074,45831.6,0.1073,123335.5,0.1075,48798.0,0.1076,159697.4
1753547036317,16:23:56.317,AEVO/USDT:USDT,0.1074,45831.6,0.1073,123335.5,0.1075,46053.9,0.1076,159697.4
1753547036438,16:23:56.438,AEVO/USDT:USDT,0.1074,45831.6,0.1073,123335.5,0.1075,46053.9,0.1076,159697.4
1753547037002,16:23:57.002,AEVO/USDT:USDT,0.1074,45831.6,0.1073,123335.5,0.1075,46053.9,0.1076,159697.4
1753547037441,16:23:57.441,AEVO/USDT:USDT,0.1074,45880.5,0.1073,123335.5,0.1075,46053.9,0.1076,159697.4
1753547037602,16:23:57.602,AEVO/USDT:USDT,0.1074,45880.5,0.1073,123335.5,0.1075,46053.9,0.1076,159697.4
1753547037983,16:23:57.983,AEVO/USDT:USDT,0.1074,45880.5,0.1073,126646.2,0.1075,46053.9,0.1076,159697.4
1753547038138,16:23:58.138,AEVO/USDT:USDT,0.1074,55787.3,0.1073,126646.2,0.1075,46053.9,0.1076,159376.9
1753547038278,16:23:58.278,AEVO/USDT:USDT,0.1074,55787.3,0.1073,126646.2,0.1075,46053.9,0.1076,159697.4
1753547038399,16:23:58.399,AEVO/USDT:USDT,0.1074,55787.3,0.1073,126646.2,0.1075,46053.9,0.1076,159697.4
1753547038802,16:23:58.802,AEVO/USDT:USDT,0.1074,55787.3,0.1073,126646.2,0.1075,46053.9,0.1076,159697.4
1753547039041,16:23:59.041,AEVO/USDT:USDT,0.1074,45880.5,0.1073,131610.2,0.1075,46053.9,0.1076,159376.9
1753547039398,16:23:59.398,AEVO/USDT:USDT,0.1074,45880.5,0.1073,126646.2,0.1075,46053.9,0.1076,159376.9
1753547039504,16:23:59.504,AEVO/USDT:USDT,0.1074,45880.5,0.1073,126646.2,0.1075,46053.9,0.1076,159376.9
1753547039902,16:23:59.902,AEVO/USDT:USDT,0.1074,45880.5,0.1073,126646.2,0.1075,46053.9,0.1076,159376.9
1753547040107,16:24:00.107,AEVO/USDT:USDT,0.1074,45880.5,0.1073,125419.4,0.1075,46053.9,0.1076,159376.9
1753547040252,16:24:00.252,AEVO/USDT:USDT,0.1074,45880.5,0.1073,125419.4,0.1075,48797.9,0.1076,156909.3
1753547040365,16:24:00.365,AEVO/USDT:USDT,0.1074,45880.5,0.1073,125419.4,0.1075,48979.1,0.1076,161873.3
1753547040469,16:24:00.469,AEVO/USDT:USDT,0.1074,47719.1,0.1073,125419.4,0.1075,49046.4,0.1076,161974.3
1753547041153,16:24:01.153,AEVO/USDT:USDT,0.1074,47719.1,0.1073,125419.4,0.1075,46255.8,0.1076,161045.0
1753547041388,16:24:01.388,AEVO/USDT:USDT,0.1074,47719.1,0.1073,125419.4,0.1075,46255.8,0.1076,161045.0
1753547041532,16:24:01.532,AEVO/USDT:USDT,0.1074,47651.4,0.1073,125419.4,0.1075,46255.8,0.1076,161045.0
1753547042185,16:24:02.185,AEVO/USDT:USDT,0.1074,52744.6,0.1073,125419.4,0.1075,46255.8,0.1076,161045.0
1753547042502,16:24:02.502,AEVO/USDT:USDT,0.1074,52744.6,0.1073,125419.4,0.1075,46255.8,0.1076,161045.0
1753547043102,16:24:03.102,AEVO/USDT:USDT,0.1074,52744.6,0.1073,125419.4,0.1075,47258.9,0.1076,161045.0
1753547043219,16:24:03.219,AEVO/USDT:USDT,0.1074,52744.6,0.1073,125419.4,0.1075,47258.9,0.1076,164023.1
1753547043482,16:24:03.482,AEVO/USDT:USDT,0.1074,52692.6,0.1073,125419.4,0.1075,47258.9,0.1076,164023.1
1753547043603,16:24:03.603,AEVO/USDT:USDT,0.1074,52692.6,0.1073,125419.4,0.1075,47258.9,0.1076,161045.0
1753547044202,16:24:04.202,AEVO/USDT:USDT,0.1074,53576.2,0.1073,125419.4,0.1075,15889.5,0.1076,153433.9
1753547044362,16:24:04.362,AEVO/USDT:USDT,0.1074,53576.2,0.1073,125419.4,0.1075,15889.5,0.1076,156412.0
1753547044472,16:24:04.472,AEVO/USDT:USDT,0.1074,53576.2,0.1073,125419.4,0.1075,15721.9,0.1076,156412.0
1753547044714,16:24:04.714,AEVO/USDT:USDT,0.1074,53576.2,0.1073,130383.4,0.1075,15721.9,0.1076,155312.8
1753547044823,16:24:04.823,AEVO/USDT:USDT,0.1074,53576.2,0.1073,143441.4,0.1075,15721.9,0.1076,207865.3
1753547045151,16:24:05.151,AEVO/USDT:USDT,0.1074,63483.0,0.1073,143441.4,0.1075,15721.9,0.1076,208185.8
1753547045458,16:24:05.458,AEVO/USDT:USDT,0.1074,64506.8,0.1073,143441.4,0.1075,15721.9,0.1076,207865.3
1753547045560,16:24:05.560,AEVO/USDT:USDT,0.1074,66368.0,0.1073,143441.4,0.1075,15721.9,0.1076,207865.3
1753547045980,16:24:05.980,AEVO/USDT:USDT,0.1074,66368.0,0.1073,143441.4,0.1075,17702.8,0.1076,207865.3
1753547046253,16:24:06.253,AEVO/USDT:USDT,0.1074,66368.0,0.1073,143441.4,0.1075,17702.8,0.1076,207881.9
1753547046361,16:24:06.361,AEVO/USDT:USDT,0.1074,66193.2,0.1073,143441.4,0.1075,18867.2,0.1076,208202.4
1753547046702,16:24:06.702,AEVO/USDT:USDT,0.1074,66193.2,0.1073,143441.4,0.1075,18867.2,0.1076,207881.9
1753547047010,16:24:07.010,AEVO/USDT:USDT,0.1074,66193.2,0.1073,143441.4,0.1075,18867.2,0.1076,208981.1
1753547047400,16:24:07.400,AEVO/USDT:USDT,0.1074,66193.2,0.1073,143441.4,0.1075,18867.2,0.1076,208981.1
1753547047588,16:24:07.588,AEVO/USDT:USDT,0.1074,66193.2,0.1073,143441.4,0.1075,18867.2,0.1076,208981.1
1753547047778,16:24:07.778,AEVO/USDT:USDT,0.1074,66193.2,0.1073,143441.4,0.1075,18867.2,0.1076,212698.5
1753547048228,16:24:08.228,AEVO/USDT:USDT,0.1074,64332.0,0.1073,143441.4,0.1075,18867.2,0.1076,213019.0
1753547048489,16:24:08.489,AEVO/USDT:USDT,0.1074,54746.5,0.1073,138477.4,0.1075,33922.9,0.1076,213019.0
1753547048599,16:24:08.599,AEVO/USDT:USDT,0.1074,48502.1,0.1073,144588.6,0.1075,33922.9,0.1076,213019.0
1753547049107,16:24:09.107,AEVO/USDT:USDT,0.1074,53502.1,0.1073,144588.6,0.1075,33922.9,0.1076,213019.0
1753547049602,16:24:09.602,AEVO/USDT:USDT,0.1074,52571.5,0.1073,149552.6,0.1075,33922.9,0.1076,213019.0
1753547050202,16:24:10.202,AEVO/USDT:USDT,0.1074,52571.5,0.1073,149552.6,0.1075,33922.9,0.1076,213019.0
1753547050802,16:24:10.802,AEVO/USDT:USDT,0.1074,52571.5,0.1073,149552.6,0.1075,33922.9,0.1076,213019.0
1753547051085,16:24:11.085,AEVO/USDT:USDT,0.1074,57664.7,0.1073,149552.6,0.1075,33922.9,0.1076,213019.0
1753547051202,16:24:11.202,AEVO/USDT:USDT,0.1074,57664.7,0.1073,149552.6,0.1075,33922.9,0.1076,212698.5
1753547051659,16:24:11.659,AEVO/USDT:USDT,0.1074,58595.3,0.1073,149552.6,0.1075,21657.9,0.1076,212698.5
1753547051802,16:24:11.802,AEVO/USDT:USDT,0.1074,58595.3,0.1073,149552.6,0.1075,21657.9,0.1076,213019.0
1753547052378,16:24:12.378,AEVO/USDT:USDT,0.1074,67651.2,0.1073,146010.9,0.1075,10946.4,0.1076,201909.7
1753547052505,16:24:12.505,AEVO/USDT:USDT,0.1074,69605.6,0.1073,155186.4,0.1075,10891.9,0.1076,201909.7
1753547052624,16:24:12.624,AEVO/USDT:USDT,0.1074,69605.6,0.1073,155186.4,0.1075,10891.9,0.1076,201909.7
1753547052778,16:24:12.778,AEVO/USDT:USDT,0.1074,69605.6,0.1073,155186.4,0.1075,10891.9,0.1076,198192.3
1753547053123,16:24:13.123,AEVO/USDT:USDT,0.1074,69605.6,0.1073,155186.4,0.1075,10946.4,0.1076,198192.3
1753547053270,16:24:13.270,AEVO/USDT:USDT,0.1074,69605.6,0.1073,155186.4,0.1075,10946.4,0.1076,198192.3
1753547053478,16:24:13.478,AEVO/USDT:USDT,0.1074,70534.1,0.1073,155186.4,0.1075,10946.4,0.1076,198192.3
1753547053648,16:24:13.648,AEVO/USDT:USDT,0.1074,70534.1,0.1073,155186.4,0.1075,10946.4,0.1076,191212.4
1753547054002,16:24:14.002,AEVO/USDT:USDT,0.1074,70534.1,0.1073,155186.4,0.1075,10946.4,0.1076,191212.4
1753547054301,16:24:14.301,AEVO/USDT:USDT,0.1074,72302.1,0.1073,155186.4,0.1075,10946.4,0.1076,191212.4
1753547054538,16:24:14.538,AEVO/USDT:USDT,0.1074,72302.1,0.1073,155186.4,0.1075,10891.9,0.1076,191212.4
1753547055092,16:24:15.092,AEVO/USDT:USDT,0.1074,70534.1,0.1073,155186.4,0.1075,11829.9,0.1076,191212.4
1753547055216,16:24:15.216,AEVO/USDT:USDT,0.1074,70495.5,0.1073,155186.4,0.1075,11876.5,0.1076,191212.4
1753547055355,16:24:15.355,AEVO/USDT:USDT,0.1074,70495.5,0.1073,155186.4,0.1075,11876.5,0.1076,195860.1
1753547056029,16:24:16.029,AEVO/USDT:USDT,0.1074,69564.9,0.1073,155186.4,0.1075,16928.6,0.1076,193998.8
1753547056202,16:24:16.202,AEVO/USDT:USDT,0.1074,69564.9,0.1073,155186.4,0.1075,16928.6,0.1076,193998.8
1753547056788,16:24:16.788,AEVO/USDT:USDT,0.1074,69564.9,0.1073,155186.4,0.1075,16928.6,0.1076,193998.8
1753547056902,16:24:16.902,AEVO/USDT:USDT,0.1074,66254.2,0.1073,158497.1,0.1075,16928.6,0.1076,193998.8
1753547057302,16:24:17.302,AEVO/USDT:USDT,0.1074,66254.2,0.1073,158497.1,0.1075,16928.6,0.1076,193998.8
1753547057902,16:24:17.902,AEVO/USDT:USDT,0.1074,66254.2,0.1073,158497.1,0.1075,16928.6,0.1076,193998.8
1753547058005,16:24:18.005,AEVO/USDT:USDT,0.1074,66254.2,0.1073,158497.1,0.1075,10946.4,0.1076,189350.7
1753547058502,16:24:18.502,AEVO/USDT:USDT,0.1074,67449.4,0.1073,158497.1,0.1075,10946.4,0.1076,189350.7
1753547059102,16:24:19.102,AEVO/USDT:USDT,0.1074,67449.4,0.1073,158497.1,0.1075,10946.4,0.1076,189350.7
1753547059292,16:24:19.292,AEVO/USDT:USDT,0.1074,67449.4,0.1073,158497.1,0.1075,10946.4,0.1076,179290.2
1753547059541,16:24:19.541,AEVO/USDT:USDT,0.1074,69310.6,0.1073,158497.1,0.1075,10946.4,0.1076,179290.2
1753547059648,16:24:19.648,AEVO/USDT:USDT,0.1074,70148.0,0.1073,158497.1,0.1075,10946.4,0.1076,176306.6
1753547059891,16:24:19.891,AEVO/USDT:USDT,0.1074,70148.0,0.1073,158497.1,0.1075,10946.4,0.1076,176306.6
1753547060016,16:24:20.016,AEVO/USDT:USDT,0.1074,70148.0,0.1073,158497.1,0.1075,10946.4,0.1076,176306.6
1753547060149,16:24:20.149,AEVO/USDT:USDT,0.1074,70148.0,0.1073,158497.1,0.1075,10946.4,0.1076,176306.6
1753547060253,16:24:20.253,AEVO/USDT:USDT,0.1074,69310.6,0.1073,158497.1,0.1075,11873.6,0.1076,176306.6
1753547060365,16:24:20.365,AEVO/USDT:USDT,0.1074,81541.3,0.1073,155186.4,0.1075,6344.5,0.1076,174652.5
1753547060508,16:24:20.508,AEVO/USDT:USDT,0.1074,82471.9,0.1073,161142.6,0.1075,4873.4,0.1076,173156.3
1753547060664,16:24:20.664,AEVO/USDT:USDT,0.1074,82471.9,0.1073,161142.6,0.1075,4927.9,0.1076,173156.3
1753547060798,16:24:20.798,AEVO/USDT:USDT,0.1074,82471.9,0.1073,161142.6,0.1075,4927.9,0.1076,165410.8
1753547060984,16:24:20.984,AEVO/USDT:USDT,0.1074,82471.9,0.1073,161142.6,0.1075,4927.9,0.1076,165410.8
1753547061166,16:24:21.166,AEVO/USDT:USDT,0.1074,82471.9,0.1073,161142.6,0.1075,4927.9,0.1076,165410.8
1753547061612,16:24:21.612,AEVO/USDT:USDT,0.1074,84340.2,0.1073,169509.8,0.1075,4927.9,0.1076,165410.8
1753547061765,16:24:21.765,AEVO/USDT:USDT,0.1074,84340.2,0.1073,169509.8,0.1075,4927.9,0.1076,165738.1
1753547061948,16:24:21.948,AEVO/USDT:USDT,0.1074,84340.2,0.1073,169509.8,0.1075,4927.9,0.1076,175789.2
1753547062288,16:24:22.288,AEVO/USDT:USDT,0.1074,85749.9,0.1073,169509.8,0.1075,4927.9,0.1076,175461.9
1753547062453,16:24:22.453,AEVO/USDT:USDT,0.1074,85855.8,0.1073,169509.8,0.1075,4927.9,0.1076,175461.9
1753547062565,16:24:22.565,AEVO/USDT:USDT,0.1074,85855.8,0.1073,169509.8,0.1075,12810.5,0.1076,178628.5
1753547062913,16:24:22.913,AEVO/USDT:USDT,0.1074,85855.8,0.1073,169509.8,0.1075,12810.5,0.1076,173980.6
1753547063358,16:24:23.358,AEVO/USDT:USDT,0.1074,85761.6,0.1073,169509.8,0.1075,12810.5,0.1076,174307.9
1753547063702,16:24:23.702,AEVO/USDT:USDT,0.1074,85761.6,0.1073,169509.8,0.1075,12810.5,0.1076,174307.9
1753547063811,16:24:23.811,AEVO/USDT:USDT,0.1074,84924.2,0.1073,169509.8,0.1075,11854.8,0.1076,177286.0
1753547064472,16:24:24.472,AEVO/USDT:USDT,0.1074,84924.2,0.1073,169509.8,0.1075,11808.2,0.1076,175461.9
1753547065465,16:24:25.465,AEVO/USDT:USDT,0.1074,84924.2,0.1073,169509.8,0.1075,11808.2,0.1076,175461.9
1753547065664,16:24:25.664,AEVO/USDT:USDT,0.1074,63212.4,0.1073,169509.8,0.1075,13732.6,0.1076,178628.3
1753547065765,16:24:25.765,AEVO/USDT:USDT,0.1074,61351.2,0.1073,152169.5,0.1075,13779.2,0.1076,178628.3
1753547065866,16:24:25.866,AEVO/USDT:USDT,0.1074,55542.0,0.1073,152169.5,0.1075,28732.6,0.1076,178628.3
1753547065978,16:24:25.978,AEVO/USDT:USDT,0.1074,55542.0,0.1073,152169.5,0.1075,28732.6,0.1076,178955.6
1753547066215,16:24:26.215,AEVO/USDT:USDT,0.1074,55542.0,0.1073,152169.5,0.1075,28732.6,0.1076,180349.6
1753547066379,16:24:26.379,AEVO/USDT:USDT,0.1074,55542.0,0.1073,152169.5,0.1075,28732.6,0.1076,180349.6
1753547066489,16:24:26.489,AEVO/USDT:USDT,0.1074,53680.8,0.1073,152169.5,0.1075,28779.2,0.1076,180349.6
1753547066645,16:24:26.645,AEVO/USDT:USDT,0.1074,52750.2,0.1073,152169.5,0.1075,27944.1,0.1076,180349.6
1753547066906,16:24:26.906,AEVO/USDT:USDT,0.1074,57750.2,0.1073,152169.5,0.1075,27944.1,0.1076,180022.3
1753547067224,16:24:27.224,AEVO/USDT:USDT,0.1074,59518.3,0.1073,161613.8,0.1075,27944.1,0.1076,180022.3
1753547067602,16:24:27.602,AEVO/USDT:USDT,0.1074,59518.3,0.1073,161613.8,0.1075,27944.1,0.1076,180022.3
1753547067916,16:24:27.916,AEVO/USDT:USDT,0.1074,59518.3,0.1073,161613.8,0.1075,27944.1,0.1076,180022.3
1753547068168,16:24:28.168,AEVO/USDT:USDT,0.1074,59518.3,0.1073,161613.8,0.1075,27944.1,0.1076,175374.6
1753547068442,16:24:28.442,AEVO/USDT:USDT,0.1074,59518.3,0.1073,161613.8,0.1075,27944.1,0.1076,175374.6
1753547068758,16:24:28.758,AEVO/USDT:USDT,0.1074,62304.7,0.1073,161613.8,0.1075,27944.1,0.1076,175374.6
1753547068884,16:24:28.884,AEVO/USDT:USDT,0.1074,67211.5,0.1073,161613.8,0.1075,27944.1,0.1076,175374.6
1753547068990,16:24:28.990,AEVO/USDT:USDT,0.1075,243.6,0.1074,96145.3,0.1076,98331.3,0.1077,240641.7
1753547069092,16:24:29.092,AEVO/USDT:USDT,0.1074,96085.4,0.1073,157008.9,0.1075,981.3,0.1076,148806.9
1753547069196,16:24:29.196,AEVO/USDT:USDT,0.1074,93272.3,0.1073,157008.9,0.1075,981.3,0.1076,154911.0
1753547069362,16:24:29.362,AEVO/USDT:USDT,0.1075,3719.2,0.1074,92329.6,0.1076,103296.9,0.1077,240641.7
1753547069671,16:24:29.671,AEVO/USDT:USDT,0.1074,83834.9,0.1073,161665.5,0.1075,13465.1,0.1076,171054.3
1753547069865,16:24:29.865,AEVO/USDT:USDT,0.1074,83834.9,0.1073,170265.8,0.1075,13465.1,0.1076,174032.4
1753547069971,16:24:29.971,AEVO/USDT:USDT,0.1074,83834.9,0.1073,170265.8,0.1075,13465.1,0.1076,174032.4
1753547070122,16:24:30.122,AEVO/USDT:USDT,0.1074,83834.9,0.1073,170265.8,0.1075,12538.8,0.1076,171769.7
1753547070288,16:24:30.288,AEVO/USDT:USDT,0.1074,83834.9,0.1073,170265.8,0.1075,12538.8,0.1076,171769.7
1753547070406,16:24:30.406,AEVO/USDT:USDT,0.1074,84858.7,0.1073,170265.8,0.1075,12585.4,0.1076,171769.7
1753547070512,16:24:30.512,AEVO/USDT:USDT,0.1074,89415.0,0.1073,170265.8,0.1075,12585.4,0.1076,171769.7
1753547070702,16:24:30.702,AEVO/USDT:USDT,0.1074,89415.0,0.1073,170265.8,0.1075,12585.4,0.1076,171769.7
1753547070806,16:24:30.806,AEVO/USDT:USDT,0.1074,88697.0,0.1073,170265.8,0.1075,22585.4,0.1076,171769.7
1753547070972,16:24:30.972,AEVO/USDT:USDT,0.1074,81839.3,0.1073,170265.8,0.1075,22585.4,0.1076,176417.4
1753547071101,16:24:31.101,AEVO/USDT:USDT,0.1074,79369.5,0.1073,160518.5,0.1075,11757.7,0.1076,118694.8
1753547071208,16:24:31.208,AEVO/USDT:USDT,0.1074,81230.7,0.1073,160518.5,0.1075,10423.5,0.1076,118694.8
1753547071313,16:24:31.313,AEVO/USDT:USDT,0.1074,83088.4,0.1073,169962.8,0.1075,10423.5,0.1076,118694.8
1753547071778,16:24:31.778,AEVO/USDT:USDT,0.1074,92742.4,0.1073,165306.2,0.1075,10423.5,0.1076,108643.7
1753547071932,16:24:31.932,AEVO/USDT:USDT,0.1075,16555.4,0.1074,121175.9,0.1076,110580.8,0.1077,198798.6
1753547072035,16:24:32.035,AEVO/USDT:USDT,0.1075,12059.9,0.1074,138273.1,0.1076,110031.2,0.1077,202156.2
1753547072196,16:24:32.196,AEVO/USDT:USDT,0.1075,5298.2,0.1074,121520.1,0.1076,112764.5,0.1077,203648.0
1753547072332,16:24:32.332,AEVO/USDT:USDT,0.1075,14075.0,0.1074,129547.3,0.1076,112197.2,0.1077,202156.2
1753547072451,16:24:32.451,AEVO/USDT:USDT,0.1075,14075.0,0.1074,129547.3,0.1076,114055.5,0.1077,202156.2
1753547072554,16:24:32.554,AEVO/USDT:USDT,0.1075,14075.0,0.1074,129547.3,0.1076,124405.2,0.1077,199610.9
1753547072656,16:24:32.656,AEVO/USDT:USDT,0.1075,14075.0,0.1074,129547.3,0.1076,123837.9,0.1077,199610.9
1753547072839,16:24:32.839,AEVO/USDT:USDT,0.1075,14075.0,0.1074,129547.3,0.1076,123820.8,0.1077,199610.9
1753547072942,16:24:32.942,AEVO/USDT:USDT,0.1075,14075.0,0.1074,129547.3,0.1076,122075.5,0.1077,198385.5
1753547073058,16:24:33.058,AEVO/USDT:USDT,0.1075,14075.0,0.1074,129547.3,0.1076,121145.7,0.1077,198385.5
1753547073200,16:24:33.200,AEVO/USDT:USDT,0.1075,14075.0,0.1074,129547.3,0.1076,121145.7,0.1077,198385.5
1753547073301,16:24:33.301,AEVO/USDT:USDT,0.1075,14075.0,0.1074,129547.3,0.1076,120047.5,0.1077,198385.5
1753547073421,16:24:33.421,AEVO/USDT:USDT,0.1075,14075.0,0.1074,129547.3,0.1076,120977.3,0.1077,198385.5
1753547073531,16:24:33.531,AEVO/USDT:USDT,0.1075,14075.0,0.1074,129547.3,0.1076,120047.5,0.1077,198385.5
1753547073634,16:24:33.634,AEVO/USDT:USDT,0.1075,14075.0,0.1074,129547.3,0.1076,120047.5,0.1077,198385.5
1753547073753,16:24:33.753,AEVO/USDT:USDT,0.1075,14075.0,0.1074,129547.3,0.1076,120047.5,0.1077,198385.5
1753547073903,16:24:33.903,AEVO/USDT:USDT,0.1075,36743.8,0.1074,132522.6,0.1076,98718.1,0.1077,198385.5
1753547074015,16:24:34.015,AEVO/USDT:USDT,0.1075,36743.8,0.1074,137174.6,0.1076,75249.5,0.1077,191873.4
1753547074116,16:24:34.116,AEVO/USDT:USDT,0.1075,36743.8,0.1074,140280.9,0.1076,73395.1,0.1077,197808.7
1753547074356,16:24:34.356,AEVO/USDT:USDT,0.1075,36743.8,0.1074,130845.4,0.1076,76306.4,0.1077,197808.7
1753547074457,16:24:34.457,AEVO/USDT:USDT,0.1075,36743.8,0.1074,130845.4,0.1076,73883.4,0.1077,197808.7
1753547074565,16:24:34.565,AEVO/USDT:USDT,0.1075,36743.8,0.1074,130845.4,0.1076,72031.6,0.1077,197808.7
1753547074818,16:24:34.818,AEVO/USDT:USDT,0.1075,36743.8,0.1074,130845.4,0.1076,82031.6,0.1077,197976.0
1753547075093,16:24:35.093,AEVO/USDT:USDT,0.1075,36743.8,0.1074,130845.4,0.1076,82031.6,0.1077,197976.0
1753547075541,16:24:35.541,AEVO/USDT:USDT,0.1075,36743.8,0.1074,130845.4,0.1076,72031.6,0.1077,197976.0
1753547075669,16:24:35.669,AEVO/USDT:USDT,0.1075,36743.8,0.1074,137787.5,0.1076,66895.6,0.1077,193475.8
1753547075893,16:24:35.893,AEVO/USDT:USDT,0.1075,46650.6,0.1074,147223.0,0.1076,64847.5,0.1077,190311.6
1753547076060,16:24:36.060,AEVO/USDT:USDT,0.1075,46650.6,0.1074,147223.0,0.1076,64847.5,0.1077,190311.6
1753547076206,16:24:36.206,AEVO/USDT:USDT,0.1075,46743.8,0.1074,147223.0,0.1076,67208.9,0.1077,187930.8
1753547076309,16:24:36.309,AEVO/USDT:USDT,0.1075,46743.8,0.1074,147223.0,0.1076,67208.9,0.1077,187947.4
1753547076419,16:24:36.419,AEVO/USDT:USDT,0.1075,46751.1,0.1074,147223.0,0.1076,67208.9,0.1077,188133.3
1753547076527,16:24:36.527,AEVO/USDT:USDT,0.1075,46751.1,0.1074,147223.0,0.1076,67208.9,0.1077,188133.3
1753547076802,16:24:36.802,AEVO/USDT:USDT,0.1075,46751.1,0.1074,147223.0,0.1076,67208.9,0.1077,188133.3
1753547077402,16:24:37.402,AEVO/USDT:USDT,0.1075,46751.1,0.1074,147223.0,0.1076,67208.9,0.1077,188133.3
1753547077998,16:24:37.998,AEVO/USDT:USDT,0.1075,46751.1,0.1074,147223.0,0.1076,67208.9,0.1077,188133.3
1753547078102,16:24:38.102,AEVO/USDT:USDT,0.1075,46751.1,0.1074,147223.0,0.1076,67208.9,0.1077,188133.3
1753547078611,16:24:38.611,AEVO/USDT:USDT,0.1075,47312.0,0.1074,146823.1,0.1076,67208.9,0.1077,188133.3
1753547079065,16:24:39.065,AEVO/USDT:USDT,0.1075,47312.0,0.1074,155226.3,0.1076,64830.9,0.1077,206043.1
1753547079224,16:24:39.224,AEVO/USDT:USDT,0.1075,47306.3,0.1074,155226.3,0.1076,64830.9,0.1077,206043.1
1753547079492,16:24:39.492,AEVO/USDT:USDT,0.1075,52795.0,0.1074,149748.8,0.1076,64830.9,0.1077,206043.1
1753547079602,16:24:39.602,AEVO/USDT:USDT,0.1075,52795.0,0.1074,149748.8,0.1076,64830.9,0.1077,206043.1
1753547079864,16:24:39.864,AEVO/USDT:USDT,0.1075,52795.0,0.1074,149748.8,0.1076,64830.9,0.1077,208421.1
1753547080138,16:24:40.138,AEVO/USDT:USDT,0.1075,52795.0,0.1074,149748.8,0.1076,64830.9,0.1077,208421.1
1753547080331,16:24:40.331,AEVO/USDT:USDT,0.1075,52884.7,0.1074,149637.2,0.1076,64830.9,0.1077,208421.1
1753547080605,16:24:40.605,AEVO/USDT:USDT,0.1075,52930.9,0.1074,144983.2,0.1076,64830.9,0.1077,208421.1
1753547080711,16:24:40.711,AEVO/USDT:USDT,0.1075,52930.9,0.1074,144983.2,0.1076,64830.9,0.1077,208421.1
1753547081188,16:24:41.188,AEVO/USDT:USDT,0.1075,52930.9,0.1074,144983.2,0.1076,64830.9,0.1077,208421.1
1753547081503,16:24:41.503,AEVO/USDT:USDT,0.1075,53360.5,0.1074,149635.0,0.1076,64830.9,0.1077,209519.3
1753547081702,16:24:41.702,AEVO/USDT:USDT,0.1075,53360.5,0.1074,149635.0,0.1076,64830.9,0.1077,209519.3
1753547082007,16:24:42.007,AEVO/USDT:USDT,0.1075,53360.5,0.1074,149635.0,0.1076,64830.9,0.1077,209519.3
1753547082252,16:24:42.252,AEVO/USDT:USDT,0.1075,54721.1,0.1074,148512.3,0.1076,64830.9,0.1077,209519.3
1753547082358,16:24:42.358,AEVO/USDT:USDT,0.1075,54776.1,0.1074,148512.3,0.1076,66324.1,0.1077,225333.2
1753547082471,16:24:42.471,AEVO/USDT:USDT,0.1075,54776.1,0.1074,148512.3,0.1076,49775.2,0.1077,225333.2
1753547083365,16:24:43.365,AEVO/USDT:USDT,0.1075,54776.1,0.1074,148512.3,0.1076,49775.2,0.1077,225333.2
1753547083502,16:24:43.502,AEVO/USDT:USDT,0.1075,54776.1,0.1074,148512.3,0.1076,49775.2,0.1077,225333.2
1753547083654,16:24:43.654,AEVO/USDT:USDT,0.1075,54776.1,0.1074,153476.3,0.1076,49775.2,0.1077,228308.5
1753547084348,16:24:44.348,AEVO/USDT:USDT,0.1075,54776.1,0.1074,153476.3,0.1076,49775.2,0.1077,228308.5
1753547084501,16:24:44.501,AEVO/USDT:USDT,0.1075,54776.1,0.1074,153476.3,0.1076,49775.2,0.1077,228308.5
1753547084693,16:24:44.693,AEVO/USDT:USDT,0.1075,54776.1,0.1074,153476.3,0.1076,49775.2,0.1077,228308.5
1753547085105,16:24:45.105,AEVO/USDT:USDT,0.1075,54776.1,0.1074,153476.3,0.1076,51268.4,0.1077,227978.1
1753547085461,16:24:45.461,AEVO/USDT:USDT,0.1075,54776.1,0.1074,153476.3,0.1076,67828.4,0.1077,228308.5
1753547085614,16:24:45.614,AEVO/USDT:USDT,0.1075,54776.1,0.1074,148824.3,0.1076,67828.4,0.1077,228308.5
1753547086088,16:24:46.088,AEVO/USDT:USDT,0.1075,54776.1,0.1074,153476.3,0.1076,70252.9,0.1077,225930.5
1753547086347,16:24:46.347,AEVO/USDT:USDT,0.1075,54785.9,0.1074,153476.3,0.1076,70252.9,0.1077,225930.5
1753547086538,16:24:46.538,AEVO/USDT:USDT,0.1075,54696.0,0.1074,153476.3,0.1076,70252.9,0.1077,225930.5
1753547086678,16:24:46.678,AEVO/USDT:USDT,0.1075,54696.0,0.1074,153476.3,0.1076,70252.9,0.1077,225930.5
1753547087007,16:24:47.007,AEVO/USDT:USDT,0.1075,54696.0,0.1074,153476.3,0.1076,70252.9,0.1077,225930.5
1753547087202,16:24:47.202,AEVO/USDT:USDT,0.1075,54696.0,0.1074,153476.3,0.1076,70252.9,0.1077,225930.5
1753547087634,16:24:47.634,AEVO/USDT:USDT,0.1075,44789.2,0.1074,125832.5,0.1076,82994.4,0.1077,225930.5
1753547087736,16:24:47.736,AEVO/USDT:USDT,0.1075,44789.2,0.1074,125832.5,0.1076,83041.0,0.1077,225930.5
1753547087838,16:24:47.838,AEVO/USDT:USDT,0.1075,44789.2,0.1074,125832.5,0.1076,83041.0,0.1077,222955.2
1753547088239,16:24:48.239,AEVO/USDT:USDT,0.1075,44789.2,0.1074,125832.5,0.1076,84854.0,0.1077,222955.2
1753547088344,16:24:48.344,AEVO/USDT:USDT,0.1075,44789.2,0.1074,130484.6,0.1076,84854.0,0.1077,222955.2
1753547088458,16:24:48.458,AEVO/USDT:USDT,0.1075,44825.2,0.1074,130484.6,0.1076,86783.0,0.1077,222955.2
1753547088623,16:24:48.623,AEVO/USDT:USDT,0.1075,44918.4,0.1074,130484.5,0.1076,83966.9,0.1077,224814.8
1753547088802,16:24:48.802,AEVO/USDT:USDT,0.1075,44918.4,0.1074,130484.5,0.1076,83966.9,0.1077,224814.8
1753547089359,16:24:49.359,AEVO/USDT:USDT,0.1075,44918.4,0.1074,130484.5,0.1076,83966.9,0.1077,224814.8
1753547089493,16:24:49.493,AEVO/USDT:USDT,0.1075,44918.4,0.1074,130484.5,0.1076,83966.9,0.1077,224814.8
1753547089600,16:24:49.600,AEVO/USDT:USDT,0.1075,46324.1,0.1074,130484.5,0.1076,83041.0,0.1077,224814.8
1753547089778,16:24:49.778,AEVO/USDT:USDT,0.1075,46324.1,0.1074,130484.5,0.1076,83041.0,0.1077,224814.8
1753547089902,16:24:49.902,AEVO/USDT:USDT,0.1075,46324.1,0.1074,130484.5,0.1076,83041.0,0.1077,224814.8
1753547090289,16:24:50.289,AEVO/USDT:USDT,0.1075,46324.1,0.1074,130484.5,0.1076,56434.4,0.1077,224814.8
1753547090415,16:24:50.415,AEVO/USDT:USDT,0.1075,46331.7,0.1074,130484.5,0.1076,49775.2,0.1077,217359.5
1753547090522,16:24:50.522,AEVO/USDT:USDT,0.1075,46331.7,0.1074,130484.5,0.1076,51221.8,0.1077,217689.9
1753547090639,16:24:50.639,AEVO/USDT:USDT,0.1075,56331.7,0.1074,135448.5,0.1076,49775.2,0.1077,217689.9
1753547090764,16:24:50.764,AEVO/USDT:USDT,0.1075,56331.7,0.1074,144551.5,0.1076,40520.3,0.1077,217689.9
1753547090895,16:24:50.895,AEVO/USDT:USDT,0.1075,56331.7,0.1074,144551.5,0.1076,37732.2,0.1077,223450.7
1753547091002,16:24:51.002,AEVO/USDT:USDT,0.1075,56331.7,0.1074,144551.5,0.1076,37732.2,0.1077,223120.3
1753547091138,16:24:51.138,AEVO/USDT:USDT,0.1075,56331.7,0.1074,144551.5,0.1076,37732.2,0.1077,223120.3
1753547091388,16:24:51.388,AEVO/USDT:USDT,0.1075,56331.7,0.1074,144551.5,0.1076,37732.2,0.1077,223120.3
1753547091613,16:24:51.613,AEVO/USDT:USDT,0.1075,46238.8,0.1074,144551.5,0.1076,55725.7,0.1077,210189.9
1753547091828,16:24:51.828,AEVO/USDT:USDT,0.1075,46238.8,0.1074,144551.5,0.1076,55725.7,0.1077,210189.9
1753547091978,16:24:51.978,AEVO/USDT:USDT,0.1075,46238.8,0.1074,144551.5,0.1076,55725.7,0.1077,207214.6
1753547092488,16:24:52.488,AEVO/USDT:USDT,0.1075,46238.8,0.1074,144551.5,0.1076,55725.7,0.1077,207214.6
1753547092616,16:24:52.616,AEVO/USDT:USDT,0.1075,51332.0,0.1074,144551.5,0.1076,55725.7,0.1077,207214.6
1753547092728,16:24:52.728,AEVO/USDT:USDT,0.1075,51332.0,0.1074,144551.5,0.1076,55725.7,0.1077,210189.9
1753547092879,16:24:52.879,AEVO/USDT:USDT,0.1075,51332.0,0.1074,144551.5,0.1076,55725.7,0.1077,210189.9
1753547093002,16:24:53.002,AEVO/USDT:USDT,0.1075,51332.0,0.1074,144551.5,0.1076,55725.7,0.1077,210189.9
1753547093202,16:24:53.202,AEVO/USDT:USDT,0.1075,51332.0,0.1074,144551.5,0.1076,55725.7,0.1077,210189.9
1753547093316,16:24:53.316,AEVO/USDT:USDT,0.1075,51259.2,0.1074,144551.5,0.1076,55725.7,0.1077,210189.9
1753547093578,16:24:53.578,AEVO/USDT:USDT,0.1075,51352.4,0.1074,144681.9,0.1076,58513.8,0.1077,207534.4
1753547093798,16:24:53.798,AEVO/USDT:USDT,0.1075,51352.4,0.1074,144681.9,0.1076,58513.8,0.1077,207534.4
1753547093941,16:24:53.941,AEVO/USDT:USDT,0.1075,51352.4,0.1074,144681.9,0.1076,58513.8,0.1077,204559.1
1753547094138,16:24:54.138,AEVO/USDT:USDT,0.1075,51352.4,0.1074,144681.9,0.1076,58513.8,0.1077,204559.1
1753547094411,16:24:54.411,AEVO/USDT:USDT,0.1075,51352.4,0.1074,144681.9,0.1076,58513.8,0.1077,204559.1
1753547094688,16:24:54.688,AEVO/USDT:USDT,0.1075,51352.4,0.1074,135578.9,0.1076,55725.7,0.1077,207344.6
1753547095202,16:24:55.202,AEVO/USDT:USDT,0.1075,51352.4,0.1074,135578.9,0.1076,55725.7,0.1077,207344.6
1753547095398,16:24:55.398,AEVO/USDT:USDT,0.1075,51352.4,0.1074,135578.9,0.1076,55725.7,0.1077,207344.6
1753547095502,16:24:55.502,AEVO/USDT:USDT,0.1075,51352.4,0.1074,135578.9,0.1076,55725.7,0.1077,207344.6
1753547095798,16:24:55.798,AEVO/USDT:USDT,0.1075,51352.4,0.1074,135578.9,0.1076,55725.7,0.1077,207344.6
1753547096047,16:24:56.047,AEVO/USDT:USDT,0.1075,51352.4,0.1074,135578.9,0.1076,58513.8,0.1077,204559.1
1753547096338,16:24:56.338,AEVO/USDT:USDT,0.1075,51352.4,0.1074,135578.9,0.1076,58513.8,0.1077,204559.1
1753547096502,16:24:56.502,AEVO/USDT:USDT,0.1075,51352.4,0.1074,135578.9,0.1076,58513.8,0.1077,204559.1
1753547096628,16:24:56.628,AEVO/USDT:USDT,0.1075,51352.4,0.1074,135578.9,0.1076,55725.7,0.1077,207344.6
1753547096888,16:24:56.888,AEVO/USDT:USDT,0.1075,51352.4,0.1074,135578.9,0.1076,55725.7,0.1077,207344.6
1753547097102,16:24:57.102,AEVO/USDT:USDT,0.1075,51352.4,0.1074,135578.9,0.1076,55725.7,0.1077,207344.6
1753547097395,16:24:57.395,AEVO/USDT:USDT,0.1075,51365.7,0.1074,135578.9,0.1076,55725.7,0.1077,207344.6
1753547097665,16:24:57.665,AEVO/USDT:USDT,0.1075,51365.7,0.1074,135578.9,0.1076,60679.1,0.1077,207344.6
1753547097902,16:24:57.902,AEVO/USDT:USDT,0.1075,51365.7,0.1074,135578.9,0.1076,60679.1,0.1077,207344.6
1753547098305,16:24:58.305,AEVO/USDT:USDT,0.1075,52316.4,0.1074,135578.9,0.1076,60725.7,0.1077,205019.1
1753547098406,16:24:58.406,AEVO/USDT:USDT,0.1075,52316.4,0.1074,135578.9,0.1076,60725.7,0.1077,205019.1
1753547098528,16:24:58.528,AEVO/USDT:USDT,0.1075,52316.4,0.1074,135578.9,0.1076,60725.7,0.1077,205019.1
1753547098802,16:24:58.802,AEVO/USDT:USDT,0.1075,52316.4,0.1074,135578.9,0.1076,60725.7,0.1077,205019.1
1753547099002,16:24:59.002,AEVO/USDT:USDT,0.1075,52316.4,0.1074,135578.9,0.1076,60725.7,0.1077,205019.1
1753547099298,16:24:59.298,AEVO/USDT:USDT,0.1075,52316.4,0.1074,135578.9,0.1076,60725.7,0.1077,205019.1
1753547099509,16:24:59.509,AEVO/USDT:USDT,0.1075,52366.1,0.1074,135530.0,0.1076,60725.7,0.1077,205019.1
1753547099630,16:24:59.630,AEVO/USDT:USDT,0.1075,52366.1,0.1074,135530.0,0.1076,60725.7,0.1077,205019.1
1753547099988,16:24:59.988,AEVO/USDT:USDT,0.1075,52366.1,0.1074,135530.0,0.1076,60725.7,0.1077,205019.1
1753547100108,16:25:00.108,AEVO/USDT:USDT,0.1075,47366.1,0.1074,133691.4,0.1076,55729.7,0.1077,204911.0
1753547100266,16:25:00.266,AEVO/USDT:USDT,0.1075,47366.1,0.1074,128727.4,0.1076,58517.8,0.1077,203618.7
1753547100497,16:25:00.497,AEVO/USDT:USDT,0.1075,33958.7,0.1074,128727.4,0.1076,68450.5,0.1077,205943.0
1753547100604,16:25:00.604,AEVO/USDT:USDT,0.1075,33958.7,0.1074,128727.4,0.1076,69329.8,0.1077,204449.8
1753547100731,16:25:00.731,AEVO/USDT:USDT,0.1075,33958.7,0.1074,128727.4,0.1076,69329.8,0.1077,205946.4
1753547100994,16:25:00.994,AEVO/USDT:USDT,0.1075,50565.3,0.1074,128727.4,0.1076,69376.4,0.1077,204449.8
1753547101119,16:25:01.119,AEVO/USDT:USDT,0.1075,50565.3,0.1074,128727.4,0.1076,68450.5,0.1077,204449.8
1753547101225,16:25:01.225,AEVO/USDT:USDT,0.1075,50565.3,0.1074,128727.4,0.1076,71238.6,0.1077,204449.8
1753547101371,16:25:01.371,AEVO/USDT:USDT,0.1075,50564.8,0.1074,128727.4,0.1076,71238.6,0.1077,204449.8
1753547101602,16:25:01.602,AEVO/USDT:USDT,0.1075,55384.9,0.1074,128727.4,0.1076,71238.6,0.1077,204449.8
1753547102158,16:25:02.158,AEVO/USDT:USDT,0.1075,55478.1,0.1074,128727.4,0.1076,72164.5,0.1077,204449.8
1753547102277,16:25:02.277,AEVO/USDT:USDT,0.1075,55478.1,0.1074,128727.4,0.1076,73043.8,0.1077,204449.8
1753547102442,16:25:02.442,AEVO/USDT:USDT,0.1075,56294.1,0.1074,128727.4,0.1076,71201.3,0.1077,204455.7
1753547102563,16:25:02.563,AEVO/USDT:USDT,0.1075,56294.1,0.1074,128727.4,0.1076,69349.5,0.1077,204455.7
1753547102802,16:25:02.802,AEVO/USDT:USDT,0.1075,56294.1,0.1074,128727.4,0.1076,69349.5,0.1077,204455.7
1753547102911,16:25:02.911,AEVO/USDT:USDT,0.1075,56294.1,0.1074,128727.4,0.1076,69349.5,0.1077,204455.7
1753547103025,16:25:03.025,AEVO/USDT:USDT,0.1075,56294.1,0.1074,128727.4,0.1076,66561.4,0.1077,204455.7
1753547103243,16:25:03.243,AEVO/USDT:USDT,0.1075,56294.1,0.1074,128727.4,0.1076,56561.4,0.1077,204455.7
1753547103488,16:25:03.488,AEVO/USDT:USDT,0.1075,56294.1,0.1074,128727.4,0.1076,51561.4,0.1077,204119.4
1753547103734,16:25:03.734,AEVO/USDT:USDT,0.1075,56294.1,0.1074,137724.2,0.1076,35003.6,0.1077,193686.7
1753547103844,16:25:03.844,AEVO/USDT:USDT,0.1075,56294.1,0.1074,146250.6,0.1076,35003.6,0.1077,196662.0
1753547103947,16:25:03.947,AEVO/USDT:USDT,0.1075,56294.1,0.1074,146250.6,0.1076,35003.6,0.1077,196662.0
1753547104087,16:25:04.087,AEVO/USDT:USDT,0.1075,56294.1,0.1074,146250.6,0.1076,35003.6,0.1077,196662.0
1753547104377,16:25:04.377,AEVO/USDT:USDT,0.1075,56294.1,0.1074,146250.6,0.1076,51563.6,0.1077,192588.5
1753547104609,16:25:04.609,AEVO/USDT:USDT,0.1075,55478.1,0.1074,137253.8,0.1076,55894.9,0.1077,190728.9
1753547104910,16:25:04.910,AEVO/USDT:USDT,0.1075,55478.1,0.1074,137253.8,0.1076,55894.9,0.1077,191827.1
1753547105038,16:25:05.038,AEVO/USDT:USDT,0.1075,55478.1,0.1074,137253.8,0.1076,55894.9,0.1077,191827.1
1753547105169,16:25:05.169,AEVO/USDT:USDT,0.1075,55478.1,0.1074,137253.8,0.1076,55894.9,0.1077,191827.1
1753547105472,16:25:05.472,AEVO/USDT:USDT,0.1075,38883.2,0.1074,132601.8,0.1076,75132.2,0.1077,195130.0
1753547105575,16:25:05.575,AEVO/USDT:USDT,0.1075,38883.2,0.1074,132601.8,0.1076,76058.1,0.1077,197450.3
1753547105879,16:25:05.879,AEVO/USDT:USDT,0.1075,38883.2,0.1074,132601.8,0.1076,76245.8,0.1077,197450.3
1753547106068,16:25:06.068,AEVO/USDT:USDT,0.1075,26976.8,0.1074,132601.8,0.1076,76245.8,0.1077,197450.3
1753547106219,16:25:06.219,AEVO/USDT:USDT,0.1075,26976.8,0.1074,127601.8,0.1076,85454.1,0.1077,201634.4
1753547106327,16:25:06.327,AEVO/USDT:USDT,0.1075,16994.1,0.1074,127601.8,0.1076,87383.1,0.1077,201634.4
1753547106428,16:25:06.428,AEVO/USDT:USDT,0.1074,33957.6,0.1073,122289.3,0.1075,51292.7,0.1076,110469.7
1753547106529,16:25:06.529,AEVO/USDT:USDT,0.1074,34111.2,0.1073,128379.3,0.1075,52964.1,0.1076,122146.1
1753547106634,16:25:06.634,AEVO/USDT:USDT,0.1074,34111.2,0.1073,119447.8,0.1075,53890.4,0.1076,121220.0
1753547106737,16:25:06.737,AEVO/USDT:USDT,0.1074,30880.0,0.1073,119447.8,0.1075,32428.9,0.1076,121220.0
1753547106838,16:25:06.838,AEVO/USDT:USDT,0.1074,30880.0,0.1073,119447.8,0.1075,33713.8,0.1076,121220.0
1753547107029,16:25:07.029,AEVO/USDT:USDT,0.1074,30880.0,0.1073,119447.8,0.1075,33713.8,0.1076,125868.1
1753547107164,16:25:07.164,AEVO/USDT:USDT,0.1074,30880.0,0.1073,119447.8,0.1075,33713.8,0.1076,125868.1
1753547107320,16:25:07.320,AEVO/USDT:USDT,0.1074,30880.0,0.1073,119447.8,0.1075,33593.9,0.1076,126205.8
1753547107435,16:25:07.435,AEVO/USDT:USDT,0.1074,30880.0,0.1073,124411.8,0.1075,48547.3,0.1076,123948.9
1753547107541,16:25:07.541,AEVO/USDT:USDT,0.1074,30880.0,0.1073,124411.8,0.1075,47621.0,0.1076,123948.9
1753547107655,16:25:07.655,AEVO/USDT:USDT,0.1074,30880.0,0.1073,124411.8,0.1075,47621.0,0.1076,124882.2
1753547107921,16:25:07.921,AEVO/USDT:USDT,0.1074,30880.0,0.1073,124411.8,0.1075,47621.0,0.1076,124882.2
1753547108177,16:25:08.177,AEVO/USDT:USDT,0.1074,30880.0,0.1073,130368.0,0.1075,47621.0,0.1076,124882.2
1753547108286,16:25:08.286,AEVO/USDT:USDT,0.1074,30880.0,0.1073,133346.1,0.1075,47621.0,0.1076,124882.2
1753547108448,16:25:08.448,AEVO/USDT:USDT,0.1074,30880.0,0.1073,133346.1,0.1075,47621.0,0.1076,126276.2
1753547108584,16:25:08.584,AEVO/USDT:USDT,0.1074,30880.0,0.1073,133346.1,0.1075,47621.0,0.1076,121627.2
1753547109102,16:25:09.102,AEVO/USDT:USDT,0.1074,30880.0,0.1073,133346.1,0.1075,47621.0,0.1076,121627.2
1753547109221,16:25:09.221,AEVO/USDT:USDT,0.1074,30880.0,0.1073,133346.1,0.1075,47621.0,0.1076,121627.2
1753547109325,16:25:09.325,AEVO/USDT:USDT,0.1074,30880.0,0.1073,133346.1,0.1075,47855.3,0.1076,121439.5
1753547109427,16:25:09.427,AEVO/USDT:USDT,0.1074,35786.8,0.1073,133346.1,0.1075,47855.3,0.1076,121439.5
1753547109564,16:25:09.564,AEVO/USDT:USDT,0.1074,35880.0,0.1073,133346.1,0.1075,48266.0,0.1076,121439.5
1753547109701,16:25:09.701,AEVO/USDT:USDT,0.1074,35880.0,0.1073,133346.1,0.1075,48266.0,0.1076,121439.5
1753547109894,16:25:09.894,AEVO/USDT:USDT,0.1074,35880.0,0.1073,133346.1,0.1075,48266.0,0.1076,121439.5
1753547110099,16:25:10.099,AEVO/USDT:USDT,0.1074,35880.0,0.1073,133346.1,0.1075,48266.0,0.1076,121439.5
1753547110242,16:25:10.242,AEVO/USDT:USDT,0.1074,35880.0,0.1073,133346.1,0.1075,48266.0,0.1076,121439.5
1753547110638,16:25:10.638,AEVO/USDT:USDT,0.1074,35880.0,0.1073,133346.1,0.1075,48266.0,0.1076,121439.5
1753547110910,16:25:10.910,AEVO/USDT:USDT,0.1074,35880.0,0.1073,130035.4,0.1075,48266.0,0.1076,121439.5
1753547111202,16:25:11.202,AEVO/USDT:USDT,0.1074,35880.0,0.1073,130035.4,0.1075,48266.0,0.1076,121439.5
1753547111308,16:25:11.308,AEVO/USDT:USDT,0.1074,35880.0,0.1073,130035.4,0.1075,48266.0,0.1076,121101.8
1753547111665,16:25:11.665,AEVO/USDT:USDT,0.1074,35880.0,0.1073,133346.1,0.1075,48266.0,0.1076,134699.4
1753547111839,16:25:11.839,AEVO/USDT:USDT,0.1074,35880.0,0.1073,133346.1,0.1075,48266.0,0.1076,134699.4
1753547112192,16:25:12.192,AEVO/USDT:USDT,0.1074,35880.0,0.1073,133346.1,0.1075,48266.0,0.1076,134699.4
1753547112299,16:25:12.299,AEVO/USDT:USDT,0.1074,35880.0,0.1073,133346.1,0.1075,48266.0,0.1076,134699.4
1753547112406,16:25:12.406,AEVO/USDT:USDT,0.1074,35880.0,0.1073,133346.1,0.1075,48266.0,0.1076,134699.4
1753547112889,16:25:12.889,AEVO/USDT:USDT,0.1074,25880.0,0.1073,133290.7,0.1075,48266.0,0.1076,139347.6
1753547112991,16:25:12.991,AEVO/USDT:USDT,0.1074,10824.3,0.1073,111125.6,0.1075,50597.2,0.1076,178697.7
1753547113099,16:25:13.099,AEVO/USDT:USDT,0.1074,27337.7,0.1073,111125.6,0.1075,51573.5,0.1076,178697.7
1753547113222,16:25:13.222,AEVO/USDT:USDT,0.1074,27430.9,0.1073,111125.6,0.1075,56734.6,0.1076,178697.7
1753547113418,16:25:13.418,AEVO/USDT:USDT,0.1074,27430.9,0.1073,111125.6,0.1075,56734.6,0.1076,178697.7
1753547113564,16:25:13.564,AEVO/USDT:USDT,0.1074,27430.9,0.1073,128425.3,0.1075,57660.9,0.1076,178697.7
1753547113938,16:25:13.938,AEVO/USDT:USDT,0.1074,10824.3,0.1073,128425.3,0.1075,67798.9,0.1076,178697.7
1753547114064,16:25:14.064,AEVO/USDT:USDT,0.1074,10824.3,0.1073,111125.6,0.1075,70627.4,0.1076,181020.3
1753547114169,16:25:14.169,AEVO/USDT:USDT,0.1074,10824.3,0.1073,111125.6,0.1075,70627.4,0.1076,181020.3
1753547114272,16:25:14.272,AEVO/USDT:USDT,0.1074,10824.3,0.1073,110406.4,0.1075,70627.4,0.1076,181020.3
1753547114421,16:25:14.421,AEVO/USDT:USDT,0.1074,5678.0,0.1073,110406.4,0.1075,84956.9,0.1076,176372.1
1753547114523,16:25:14.523,AEVO/USDT:USDT,0.1074,2497.3,0.1073,110406.4,0.1075,85868.1,0.1076,176372.1
1753547114630,16:25:14.630,AEVO/USDT:USDT,0.1074,537.1,0.1073,110406.4,0.1075,85868.1,0.1076,176372.1
1753547115060,16:25:15.060,AEVO/USDT:USDT,0.1074,537.1,0.1073,93637.8,0.1075,85868.1,0.1076,176372.1
1753547115302,16:25:15.302,AEVO/USDT:USDT,0.1074,537.1,0.1073,93637.8,0.1075,85868.1,0.1076,176372.1
1753547115411,16:25:15.411,AEVO/USDT:USDT,0.1074,359.6,0.1073,93637.8,0.1075,85868.1,0.1076,176372.1
1753547115556,16:25:15.556,AEVO/USDT:USDT,0.1074,359.6,0.1073,93637.8,0.1075,87729.3,0.1076,176372.1
1753547115697,16:25:15.697,AEVO/USDT:USDT,0.1073,65451.3,0.1072,215188.6,0.1074,14225.9,0.1075,82461.3
1753547115804,16:25:15.804,AEVO/USDT:USDT,0.1073,53392.9,0.1072,157633.1,0.1074,10484.6,0.1075,76960.5
1753547115913,16:25:15.913,AEVO/USDT:USDT,0.1073,59484.1,0.1072,162293.2,0.1074,10552.2,0.1075,76960.5
1753547116044,16:25:16.044,AEVO/USDT:USDT,0.1073,59484.1,0.1072,162293.2,0.1074,10552.2,0.1075,79941.4
1753547116291,16:25:16.291,AEVO/USDT:USDT,0.1073,74530.7,0.1072,162293.2,0.1074,10598.8,0.1075,84127.3
1753547116421,16:25:16.421,AEVO/USDT:USDT,0.1073,76740.0,0.1072,162293.2,0.1074,10598.8,0.1075,84127.3
1753547116560,16:25:16.560,AEVO/USDT:USDT,0.1074,20950.3,0.1073,118676.7,0.1075,80360.3,0.1076,178690.7
1753547116664,16:25:16.664,AEVO/USDT:USDT,0.1074,10468.8,0.1073,115887.2,0.1075,82396.3,0.1076,178690.7
1753547116775,16:25:16.775,AEVO/USDT:USDT,0.1074,10468.8,0.1073,115887.2,0.1075,79415.4,0.1076,178690.7
1753547117124,16:25:17.124,AEVO/USDT:USDT,0.1074,10468.8,0.1073,115887.2,0.1075,79415.4,0.1076,178690.7
1753547117468,16:25:17.468,AEVO/USDT:USDT,0.1074,10562.0,0.1073,115887.2,0.1075,81370.9,0.1076,177706.8
1753547117658,16:25:17.658,AEVO/USDT:USDT,0.1074,10562.0,0.1073,115887.2,0.1075,82297.2,0.1076,178426.0
1753547117786,16:25:17.786,AEVO/USDT:USDT,0.1074,14376.6,0.1073,115887.2,0.1075,82297.2,0.1076,178426.0
1753547118273,16:25:18.273,AEVO/USDT:USDT,0.1074,14469.8,0.1073,115887.2,0.1075,83208.4,0.1076,178426.0
1753547118621,16:25:18.621,AEVO/USDT:USDT,0.1074,14469.8,0.1073,115887.2,0.1075,73930.6,0.1076,185863.3
1753547118788,16:25:18.788,AEVO/USDT:USDT,0.1074,14469.8,0.1073,115887.2,0.1075,73930.6,0.1076,185863.3
1753547119075,16:25:19.075,AEVO/USDT:USDT,0.1074,31076.4,0.1073,116194.4,0.1075,45829.1,0.1076,183540.7
1753547119316,16:25:19.316,AEVO/USDT:USDT,0.1074,41076.4,0.1073,116194.4,0.1075,44738.3,0.1076,189632.3
1753547119465,16:25:19.465,AEVO/USDT:USDT,0.1074,41076.4,0.1073,133471.0,0.1075,44738.3,0.1076,184979.0
1753547119878,16:25:19.878,AEVO/USDT:USDT,0.1074,41829.0,0.1073,146529.0,0.1075,44738.3,0.1076,207767.4
1753547119983,16:25:19.983,AEVO/USDT:USDT,0.1074,41829.0,0.1073,133471.0,0.1075,39738.3,0.1076,170754.4
1753547120305,16:25:20.305,AEVO/USDT:USDT,0.1074,41829.0,0.1073,133471.0,0.1075,49691.7,0.1076,170754.4
1753547120468,16:25:20.468,AEVO/USDT:USDT,0.1074,41829.0,0.1073,133471.0,0.1075,48765.4,0.1076,170754.4
1753547120668,16:25:20.668,AEVO/USDT:USDT,0.1074,41829.0,0.1073,133471.0,0.1075,48765.4,0.1076,170754.4
1753547120902,16:25:20.902,AEVO/USDT:USDT,0.1074,41829.0,0.1073,133471.0,0.1075,48765.4,0.1076,168426.7
1753547121005,16:25:21.005,AEVO/USDT:USDT,0.1074,41829.0,0.1073,133471.0,0.1075,37527.1,0.1076,168083.7
1753547121157,16:25:21.157,AEVO/USDT:USDT,0.1074,41829.0,0.1073,133471.0,0.1075,37527.1,0.1076,168083.7
1753547121294,16:25:21.294,AEVO/USDT:USDT,0.1074,41829.0,0.1073,133471.0,0.1075,37527.1,0.1076,168083.7
1753547121502,16:25:21.502,AEVO/USDT:USDT,0.1074,41829.0,0.1073,133471.0,0.1075,37527.1,0.1076,168083.7
1753547121688,16:25:21.688,AEVO/USDT:USDT,0.1074,41829.0,0.1073,133471.0,0.1075,37527.1,0.1076,168083.7
1753547122282,16:25:22.282,AEVO/USDT:USDT,0.1074,41829.0,0.1073,133471.0,0.1075,49032.1,0.1076,168427.3
1753547122738,16:25:22.738,AEVO/USDT:USDT,0.1074,41829.0,0.1073,133471.0,0.1075,49032.1,0.1076,168427.3
1753547122902,16:25:22.902,AEVO/USDT:USDT,0.1074,41829.0,0.1073,133471.0,0.1075,49032.1,0.1076,168427.3
1753547123302,16:25:23.302,AEVO/USDT:USDT,0.1074,41829.0,0.1073,133471.0,0.1075,49032.1,0.1076,168427.3
1753547123502,16:25:23.502,AEVO/USDT:USDT,0.1074,41829.0,0.1073,133471.0,0.1075,49032.1,0.1076,168427.3
1753547123608,16:25:23.608,AEVO/USDT:USDT,0.1074,41829.0,0.1073,133471.0,0.1075,47527.1,0.1076,168083.7
1753547123758,16:25:23.758,AEVO/USDT:USDT,0.1074,41829.0,0.1073,133471.0,0.1075,47527.1,0.1076,168427.3
1753547124510,16:25:24.510,AEVO/USDT:USDT,0.1074,14469.8,0.1073,116194.4,0.1075,58865.2,0.1076,166148.6
1753547124884,16:25:24.884,AEVO/USDT:USDT,0.1074,14469.8,0.1073,116194.4,0.1075,59791.5,0.1076,166148.6
1753547125002,16:25:25.002,AEVO/USDT:USDT,0.1074,14469.8,0.1073,116194.4,0.1075,59791.5,0.1076,166148.6
1753547125249,16:25:25.249,AEVO/USDT:USDT,0.1074,14469.8,0.1073,116194.4,0.1075,64744.9,0.1076,166148.6
1753547125669,16:25:25.669,AEVO/USDT:USDT,0.1074,14653.3,0.1073,116194.4,0.1075,67558.3,0.1076,166148.6
1753547125882,16:25:25.882,AEVO/USDT:USDT,0.1074,14557.6,0.1073,129252.4,0.1075,70444.5,0.1076,204974.8
1753547125984,16:25:25.984,AEVO/USDT:USDT,0.1074,14557.6,0.1073,129252.4,0.1075,70444.5,0.1076,204974.8
1753547126094,16:25:26.094,AEVO/USDT:USDT,0.1074,14557.6,0.1073,129252.4,0.1075,70444.5,0.1076,202652.2
1753547126196,16:25:26.196,AEVO/USDT:USDT,0.1074,14557.6,0.1073,129252.4,0.1075,68408.5,0.1076,202652.2
1753547126499,16:25:26.499,AEVO/USDT:USDT,0.1074,14557.6,0.1073,129252.4,0.1075,67497.3,0.1076,202652.2
1753547126718,16:25:26.718,AEVO/USDT:USDT,0.1074,14557.6,0.1073,129252.4,0.1075,55468.6,0.1076,205029.9
1753547126841,16:25:26.841,AEVO/USDT:USDT,0.1074,31071.0,0.1073,129252.4,0.1075,55622.2,0.1076,205029.9
1753547127049,16:25:27.049,AEVO/USDT:USDT,0.1074,31164.2,0.1073,129252.4,0.1075,52831.6,0.1076,207818.0
1753547127164,16:25:27.164,AEVO/USDT:USDT,0.1074,41990.0,0.1073,146528.9,0.1075,51326.6,0.1076,207818.0
1753547127288,16:25:27.288,AEVO/USDT:USDT,0.1074,41990.0,0.1073,146528.9,0.1075,51326.6,0.1076,207818.0
1753547127485,16:25:27.485,AEVO/USDT:USDT,0.1074,41990.0,0.1073,146528.9,0.1075,49475.3,0.1076,207818.0
1753547127602,16:25:27.602,AEVO/USDT:USDT,0.1074,41990.0,0.1073,146528.9,0.1075,49475.3,0.1076,207818.0
1753547127788,16:25:27.788,AEVO/USDT:USDT,0.1074,41990.0,0.1073,146528.9,0.1075,49475.3,0.1076,207818.0
1753547127933,16:25:27.933,AEVO/USDT:USDT,0.1074,41990.0,0.1073,146528.9,0.1075,49475.3,0.1076,207818.0
1753547128126,16:25:28.126,AEVO/USDT:USDT,0.1074,41990.0,0.1073,146528.9,0.1075,38549.0,0.1076,207818.0
1753547128236,16:25:28.236,AEVO/USDT:USDT,0.1074,54048.8,0.1073,133470.9,0.1075,28367.8,0.1076,148410.6
1753547128342,16:25:28.342,AEVO/USDT:USDT,0.1074,53955.6,0.1073,147110.5,0.1075,28367.8,0.1076,148410.6
1753547128469,16:25:28.469,AEVO/USDT:USDT,0.1074,46990.0,0.1073,147110.5,0.1075,28367.8,0.1076,148410.6
1753547128611,16:25:28.611,AEVO/USDT:USDT,0.1074,46990.0,0.1073,142452.3,0.1075,29705.9,0.1076,148410.6
1753547128864,16:25:28.864,AEVO/USDT:USDT,0.1074,46990.0,0.1073,142452.3,0.1075,30632.2,0.1076,148753.4
1753547128965,16:25:28.965,AEVO/USDT:USDT,0.1074,46990.0,0.1073,142452.3,0.1075,30632.2,0.1076,148410.6
1753547129431,16:25:29.431,AEVO/USDT:USDT,0.1074,46990.0,0.1073,142452.3,0.1075,30632.2,0.1076,149509.8
1753547129610,16:25:29.610,AEVO/USDT:USDT,0.1074,31164.2,0.1073,133468.6,0.1075,29705.9,0.1076,154500.8
1753547129806,16:25:29.806,AEVO/USDT:USDT,0.1074,31164.2,0.1073,133468.6,0.1075,33422.9,0.1076,154500.8
1753547129944,16:25:29.944,AEVO/USDT:USDT,0.1074,31164.2,0.1073,133468.6,0.1075,33422.9,0.1076,154500.8
1753547130068,16:25:30.068,AEVO/USDT:USDT,0.1074,31164.2,0.1073,133468.6,0.1075,33422.9,0.1076,154500.8
1753547130193,16:25:30.193,AEVO/USDT:USDT,0.1074,14557.6,0.1073,133468.6,0.1075,45632.2,0.1076,154500.8
1753547130316,16:25:30.316,AEVO/USDT:USDT,0.1074,14557.6,0.1073,133468.6,0.1075,46558.5,0.1076,156362.1
1753547131009,16:25:31.009,AEVO/USDT:USDT,0.1074,14557.6,0.1073,133468.6,0.1075,52595.7,0.1076,152180.0
1753547131138,16:25:31.138,AEVO/USDT:USDT,0.1074,14557.6,0.1073,133468.6,0.1075,61804.0,0.1076,152180.0
1753547131257,16:25:31.257,AEVO/USDT:USDT,0.1074,14557.6,0.1073,125175.8,0.1075,61804.0,0.1076,152180.0
1753547131563,16:25:31.563,AEVO/USDT:USDT,0.1074,14557.6,0.1073,125175.8,0.1075,64622.1,0.1076,152180.0
1753547131702,16:25:31.702,AEVO/USDT:USDT,0.1074,14557.6,0.1073,125175.8,0.1075,64622.1,0.1076,152180.0
1753547131965,16:25:31.965,AEVO/USDT:USDT,0.1074,7610.8,0.1073,116192.1,0.1075,69248.6,0.1076,154502.6
1753547132067,16:25:32.067,AEVO/USDT:USDT,0.1074,7610.8,0.1073,116238.7,0.1075,69248.6,0.1076,159466.6
1753547132307,16:25:32.307,AEVO/USDT:USDT,0.1074,7610.8,0.1073,116238.7,0.1075,69248.6,0.1076,161793.2
1753547133010,16:25:33.010,AEVO/USDT:USDT,0.1074,7610.8,0.1073,116238.7,0.1075,73532.2,0.1076,159415.5
1753547133159,16:25:33.159,AEVO/USDT:USDT,0.1074,12517.6,0.1073,116238.7,0.1075,71649.8,0.1076,159415.5
1753547133602,16:25:33.602,AEVO/USDT:USDT,0.1074,12517.6,0.1073,116238.7,0.1075,71649.8,0.1076,159415.5
1753547134169,16:25:34.169,AEVO/USDT:USDT,0.1074,12610.8,0.1073,116238.7,0.1075,71649.8,0.1076,159415.5
1753547134402,16:25:34.402,AEVO/USDT:USDT,0.1074,12610.8,0.1073,116238.7,0.1075,71649.8,0.1076,159415.5
1753547134702,16:25:34.702,AEVO/USDT:USDT,0.1074,12610.8,0.1073,116238.7,0.1075,71649.8,0.1076,159415.5
1753547134943,16:25:34.943,AEVO/USDT:USDT,0.1074,12610.8,0.1073,129296.7,0.1075,71649.8,0.1076,211968.0
1753547135046,16:25:35.046,AEVO/USDT:USDT,0.1074,12610.8,0.1073,129296.7,0.1075,71649.8,0.1076,211968.0
1753547135168,16:25:35.168,AEVO/USDT:USDT,0.1074,12610.8,0.1073,129296.7,0.1075,71649.8,0.1076,211968.0
1753547135302,16:25:35.302,AEVO/USDT:USDT,0.1074,12610.8,0.1073,129296.7,0.1075,71649.8,0.1076,215685.4
1753547135868,16:25:35.868,AEVO/USDT:USDT,0.1073,129236.8,0.1072,138708.6,0.1074,659.6,0.1075,78181.9
1753547135969,16:25:35.969,AEVO/USDT:USDT,0.1073,81437.7,0.1072,143315.7,0.1074,10752.5,0.1075,102417.7
1753547136072,16:25:36.072,AEVO/USDT:USDT,0.1073,78691.7,0.1072,143315.7,0.1074,9110.0,0.1075,101506.5
1753547136184,16:25:36.184,AEVO/USDT:USDT,0.1073,63785.7,0.1072,143315.7,0.1074,9077.0,0.1075,101981.7
1753547136286,16:25:36.286,AEVO/USDT:USDT,0.1073,57649.5,0.1072,149404.7,0.1074,9123.6,0.1075,104962.6
1753547136437,16:25:36.437,AEVO/USDT:USDT,0.1073,58581.0,0.1072,149404.7,0.1074,9123.6,0.1075,105148.9
1753547136548,16:25:36.548,AEVO/USDT:USDT,0.1073,59512.5,0.1072,154368.7,0.1074,8196.9,0.1075,105165.5
1753547136650,16:25:36.650,AEVO/USDT:USDT,0.1073,60397.4,0.1072,154368.7,0.1074,8196.9,0.1075,105165.5
1753547137002,16:25:37.002,AEVO/USDT:USDT,0.1073,60538.0,0.1072,154368.7,0.1074,8196.9,0.1075,105165.5
1753547137109,16:25:37.109,AEVO/USDT:USDT,0.1073,77502.8,0.1072,154368.7,0.1074,8196.9,0.1075,105165.5
1753547137403,16:25:37.403,AEVO/USDT:USDT,0.1074,17860.2,0.1073,103634.2,0.1075,61172.0,0.1076,192848.0
1753547137505,16:25:37.505,AEVO/USDT:USDT,0.1074,16929.6,0.1073,103699.5,0.1075,61172.0,0.1076,195170.5
1753547137762,16:25:37.762,AEVO/USDT:USDT,0.1074,16929.6,0.1073,103699.5,0.1075,61172.0,0.1076,192848.0
1753547137988,16:25:37.988,AEVO/USDT:USDT,0.1074,16976.2,0.1073,103699.5,0.1075,58988.7,0.1076,169961.3
1753547138090,16:25:38.090,AEVO/USDT:USDT,0.1074,16976.2,0.1073,103699.5,0.1075,64157.3,0.1076,168096.0
1753547138547,16:25:38.547,AEVO/USDT:USDT,0.1074,9879.6,0.1073,104006.7,0.1075,68780.6,0.1076,168096.0
1753547139005,16:25:39.005,AEVO/USDT:USDT,0.1074,9879.6,0.1073,104006.7,0.1075,68780.6,0.1076,174052.2
1753547139418,16:25:39.418,AEVO/USDT:USDT,0.1073,61603.7,0.1072,167592.7,0.1074,9536.6,0.1075,74975.5
1753547139588,16:25:39.588,AEVO/USDT:USDT,0.1073,61603.7,0.1072,167406.6,0.1074,9536.6,0.1075,74975.5
1753547139698,16:25:39.698,AEVO/USDT:USDT,0.1073,55647.5,0.1072,167406.6,0.1074,9536.6,0.1075,74975.5
1753547139799,16:25:39.799,AEVO/USDT:USDT,0.1073,55694.1,0.1072,167406.6,0.1074,9583.2,0.1075,74975.5
1753547140082,16:25:40.082,AEVO/USDT:USDT,0.1073,38610.4,0.1072,149684.3,0.1074,38248.6,0.1075,90966.2
1753547140183,16:25:40.183,AEVO/USDT:USDT,0.1073,38610.4,0.1072,150355.1,0.1074,31189.8,0.1075,90966.2
1753547140340,16:25:40.340,AEVO/USDT:USDT,0.1073,38610.4,0.1072,150355.1,0.1074,31189.8,0.1075,90966.2
1753547140483,16:25:40.483,AEVO/USDT:USDT,0.1073,39541.9,0.1072,150355.1,0.1074,30263.1,0.1075,90966.2
1753547140591,16:25:40.591,AEVO/USDT:USDT,0.1073,39541.9,0.1072,150355.1,0.1074,30263.1,0.1075,90966.2
1753547140702,16:25:40.702,AEVO/USDT:USDT,0.1073,39541.9,0.1072,150355.1,0.1074,30263.1,0.1075,90966.2
1753547140878,16:25:40.878,AEVO/USDT:USDT,0.1073,39541.9,0.1072,150355.1,0.1074,30263.1,0.1075,90966.2
1753547141135,16:25:41.135,AEVO/USDT:USDT,0.1073,39541.9,0.1072,154082.3,0.1074,30263.1,0.1075,91899.5
1753547141267,16:25:41.267,AEVO/USDT:USDT,0.1073,40473.4,0.1072,154082.3,0.1074,30263.1,0.1075,91899.5
1753547141448,16:25:41.448,AEVO/USDT:USDT,0.1073,39541.9,0.1072,154082.3,0.1074,30263.1,0.1075,91899.5
1753547141562,16:25:41.562,AEVO/USDT:USDT,0.1073,38610.4,0.1072,153971.5,0.1074,30263.1,0.1075,91899.5
1753547141729,16:25:41.729,AEVO/USDT:USDT,0.1073,38610.4,0.1072,153971.5,0.1074,30263.1,0.1075,91899.5
1753547141988,16:25:41.988,AEVO/USDT:USDT,0.1073,38610.4,0.1072,153971.5,0.1074,35216.5,0.1075,91899.5
1753547142302,16:25:42.302,AEVO/USDT:USDT,0.1073,38610.4,0.1072,153971.5,0.1074,35216.5,0.1075,101960.0
1753547142495,16:25:42.495,AEVO/USDT:USDT,0.1073,38788.4,0.1072,153971.5,0.1074,35263.1,0.1075,101960.0
1753547142598,16:25:42.598,AEVO/USDT:USDT,0.1073,38788.4,0.1072,153971.5,0.1074,35263.1,0.1075,101960.0
1753547142785,16:25:42.785,AEVO/USDT:USDT,0.1073,38788.4,0.1072,153971.5,0.1074,35263.1,0.1075,91899.5
1753547143048,16:25:43.048,AEVO/USDT:USDT,0.1073,38788.4,0.1072,154904.8,0.1074,35263.1,0.1075,91899.5
1753547143202,16:25:43.202,AEVO/USDT:USDT,0.1073,38788.4,0.1072,154904.8,0.1074,35263.1,0.1075,91899.5
1753547143606,16:25:43.606,AEVO/USDT:USDT,0.1073,38788.4,0.1072,154904.8,0.1074,35263.1,0.1075,101960.0
1753547143909,16:25:43.909,AEVO/USDT:USDT,0.1073,38788.4,0.1072,154904.8,0.1074,35263.1,0.1075,143481.6
1753547144018,16:25:44.018,AEVO/USDT:USDT,0.1073,38788.4,0.1072,154904.8,0.1074,35263.1,0.1075,143481.6
1753547144121,16:25:44.121,AEVO/USDT:USDT,0.1073,38788.4,0.1072,154904.8,0.1074,35263.1,0.1075,143481.6
1753547144229,16:25:44.229,AEVO/USDT:USDT,0.1073,38788.4,0.1072,154849.4,0.1074,30263.1,0.1075,143481.6
1753547144702,16:25:44.702,AEVO/USDT:USDT,0.1073,38788.4,0.1072,154849.4,0.1074,30263.1,0.1075,143481.6
1753547145026,16:25:45.026,AEVO/USDT:USDT,0.1073,43741.8,0.1072,154849.4,0.1074,30263.1,0.1075,143481.6
1753547145621,16:25:45.621,AEVO/USDT:USDT,0.1073,51571.3,0.1072,149885.4,0.1074,7297.0,0.1075,138829.4
1753547145778,16:25:45.778,AEVO/USDT:USDT,0.1073,51571.3,0.1072,149885.4,0.1074,7297.0,0.1075,138829.4
1753547145964,16:25:45.964,AEVO/USDT:USDT,0.1073,51571.3,0.1072,149885.4,0.1074,7297.0,0.1075,138829.4
1753547146070,16:25:46.070,AEVO/USDT:USDT,0.1073,51571.3,0.1072,149885.4,0.1074,7297.0,0.1075,138829.4
1753547146317,16:25:46.317,AEVO/USDT:USDT,0.1073,44559.1,0.1072,149885.4,0.1074,24933.0,0.1075,143481.5
1753547146418,16:25:46.418,AEVO/USDT:USDT,0.1073,44559.1,0.1072,149885.4,0.1074,24933.0,0.1075,143481.5
1753547146567,16:25:46.567,AEVO/USDT:USDT,0.1073,44568.3,0.1072,149885.4,0.1074,24933.0,0.1075,143481.5
1753547147002,16:25:47.002,AEVO/USDT:USDT,0.1073,44568.3,0.1072,149885.4,0.1074,24933.0,0.1075,143481.5
1753547147107,16:25:47.107,AEVO/USDT:USDT,0.1073,39568.3,0.1072,149885.4,0.1074,24933.0,0.1075,143481.5
1753547147223,16:25:47.223,AEVO/USDT:USDT,0.1073,28643.8,0.1072,133101.1,0.1074,24933.0,0.1075,145806.2
1753547147522,16:25:47.522,AEVO/USDT:USDT,0.1073,28610.4,0.1072,140757.8,0.1074,24933.0,0.1075,146038.6
1753547148159,16:25:48.159,AEVO/USDT:USDT,0.1073,43788.4,0.1072,145418.3,0.1074,29886.4,0.1075,143713.9
1753547148288,16:25:48.288,AEVO/USDT:USDT,0.1073,43968.4,0.1072,145418.3,0.1074,29933.0,0.1075,143713.9
1753547148539,16:25:48.539,AEVO/USDT:USDT,0.1073,43968.4,0.1072,145418.3,0.1074,29933.0,0.1075,143713.9
1753547149088,16:25:49.088,AEVO/USDT:USDT,0.1073,43994.2,0.1072,145418.3,0.1074,29933.0,0.1075,143713.9
1753547149202,16:25:49.202,AEVO/USDT:USDT,0.1073,43994.2,0.1072,145418.3,0.1074,29933.0,0.1075,143713.9
1753547149401,16:25:49.401,AEVO/USDT:USDT,0.1073,43994.2,0.1072,145418.3,0.1074,29933.0,0.1075,143713.9
1753547150202,16:25:50.202,AEVO/USDT:USDT,0.1073,43994.2,0.1072,145418.3,0.1074,29933.0,0.1075,143713.9
1753547150379,16:25:50.379,AEVO/USDT:USDT,0.1073,44040.5,0.1072,145418.3,0.1074,29933.0,0.1075,143713.9
1753547150502,16:25:50.502,AEVO/USDT:USDT,0.1073,44040.5,0.1072,145418.3,0.1074,29933.0,0.1075,143713.9
1753547150788,16:25:50.788,AEVO/USDT:USDT,0.1073,44040.5,0.1072,145418.3,0.1074,29933.0,0.1075,143713.9
1753547150902,16:25:50.902,AEVO/USDT:USDT,0.1073,44040.5,0.1072,145418.3,0.1074,39886.4,0.1075,143713.9
1753547151018,16:25:51.018,AEVO/USDT:USDT,0.1073,44040.5,0.1072,145418.3,0.1074,39886.4,0.1075,143713.9
1753547151168,16:25:51.168,AEVO/USDT:USDT,0.1073,29098.8,0.1072,145418.3,0.1074,39933.0,0.1075,143713.9
1753547151358,16:25:51.358,AEVO/USDT:USDT,0.1073,29098.8,0.1072,145418.3,0.1074,39933.0,0.1075,143713.9
1753547151890,16:25:51.890,AEVO/USDT:USDT,0.1073,25788.1,0.1072,131010.5,0.1074,40908.7,0.1075,91161.4
1753547152069,16:25:52.069,AEVO/USDT:USDT,0.1073,25788.1,0.1072,131010.5,0.1074,43655.3,0.1075,88370.8
1753547152448,16:25:52.448,AEVO/USDT:USDT,0.1073,25788.1,0.1072,131010.5,0.1074,43655.3,0.1075,88370.8
1753547152552,16:25:52.552,AEVO/USDT:USDT,0.1073,25788.1,0.1072,131010.5,0.1074,44680.3,0.1075,93334.8
1753547152701,16:25:52.701,AEVO/USDT:USDT,0.1073,25788.1,0.1072,131010.5,0.1074,44680.3,0.1075,93334.8
1753547153002,16:25:53.002,AEVO/USDT:USDT,0.1073,25788.1,0.1072,131010.5,0.1074,44680.3,0.1075,93334.8
1753547153495,16:25:53.495,AEVO/USDT:USDT,0.1073,25788.1,0.1072,131010.5,0.1074,44680.3,0.1075,93334.8
1753547153639,16:25:53.639,AEVO/USDT:USDT,0.1073,25788.1,0.1072,131010.5,0.1074,44680.3,0.1075,93334.8
1753547153788,16:25:53.788,AEVO/USDT:USDT,0.1073,25788.1,0.1072,131010.5,0.1074,44680.3,0.1075,93334.8
1753547154128,16:25:54.128,AEVO/USDT:USDT,0.1073,25788.1,0.1072,131010.5,0.1074,44680.3,0.1075,93334.8
1753547154302,16:25:54.302,AEVO/USDT:USDT,0.1073,25788.1,0.1072,131010.5,0.1074,44680.3,0.1075,93334.8
1753547154664,16:25:54.664,AEVO/USDT:USDT,0.1073,25788.1,0.1072,135671.1,0.1074,44680.3,0.1075,93334.8
1753547154788,16:25:54.788,AEVO/USDT:USDT,0.1073,25788.1,0.1072,135671.1,0.1074,40960.4,0.1075,96125.4
1753547154901,16:25:54.901,AEVO/USDT:USDT,0.1073,35741.5,0.1072,131010.5,0.1074,40960.4,0.1075,96125.4
1753547155099,16:25:55.099,AEVO/USDT:USDT,0.1073,35741.5,0.1072,135671.0,0.1074,40960.4,0.1075,96125.4
1753547155273,16:25:55.273,AEVO/USDT:USDT,0.1073,35741.5,0.1072,135671.0,0.1074,40960.4,0.1075,96125.4
1753547155402,16:25:55.402,AEVO/USDT:USDT,0.1073,35741.5,0.1072,135671.0,0.1074,40960.4,0.1075,96125.4
1753547155788,16:25:55.788,AEVO/USDT:USDT,0.1073,25788.1,0.1072,135671.0,0.1074,40960.4,0.1075,96125.4
1753547155934,16:25:55.934,AEVO/USDT:USDT,0.1073,25788.1,0.1072,131010.5,0.1074,40960.4,0.1075,96125.4
1753547156388,16:25:56.388,AEVO/USDT:USDT,0.1073,25788.1,0.1072,131010.5,0.1074,40960.4,0.1075,96125.4
1753547156674,16:25:56.674,AEVO/USDT:USDT,0.1073,25997.9,0.1072,131010.5,0.1074,41835.4,0.1075,96125.4
1753547157088,16:25:57.088,AEVO/USDT:USDT,0.1073,25997.9,0.1072,131010.5,0.1074,41835.4,0.1075,96125.4
1753547157194,16:25:57.194,AEVO/USDT:USDT,0.1073,26023.7,0.1072,131010.5,0.1074,41835.4,0.1075,96125.4
1753547157488,16:25:57.488,AEVO/USDT:USDT,0.1073,26023.7,0.1072,130291.3,0.1074,41835.4,0.1075,96125.4
1753547157598,16:25:57.598,AEVO/USDT:USDT,0.1073,26023.7,0.1072,130291.3,0.1074,40908.7,0.1075,96125.4
1753547157700,16:25:57.700,AEVO/USDT:USDT,0.1073,26023.7,0.1072,134952.0,0.1074,40908.7,0.1075,96125.4
1753547157998,16:25:57.998,AEVO/USDT:USDT,0.1073,26023.7,0.1072,134952.0,0.1074,40908.7,0.1075,96125.4
1753547158100,16:25:58.100,AEVO/USDT:USDT,0.1073,26023.7,0.1072,134952.0,0.1074,40908.7,0.1075,96125.4
1753547158263,16:25:58.263,AEVO/USDT:USDT,0.1073,26023.7,0.1072,134952.0,0.1074,40908.7,0.1075,96125.4
1753547158464,16:25:58.464,AEVO/USDT:USDT,0.1073,26023.7,0.1072,134952.0,0.1074,40908.7,0.1075,96125.4
1753547158578,16:25:58.578,AEVO/USDT:USDT,0.1073,26023.7,0.1072,134952.0,0.1074,40908.7,0.1075,96125.4
1753547158688,16:25:58.688,AEVO/USDT:USDT,0.1073,26023.7,0.1072,134952.0,0.1074,40908.7,0.1075,96125.4
1753547158870,16:25:58.870,AEVO/USDT:USDT,0.1073,36023.7,0.1072,134952.0,0.1074,40908.7,0.1075,96125.4
1753547159047,16:25:59.047,AEVO/USDT:USDT,0.1073,36023.7,0.1072,134952.0,0.1074,40908.7,0.1075,96125.4
1753547159202,16:25:59.202,AEVO/USDT:USDT,0.1073,36023.7,0.1072,134952.0,0.1074,40908.7,0.1075,96125.4
1753547159675,16:25:59.675,AEVO/USDT:USDT,0.1073,31476.3,0.1072,134952.0,0.1074,40908.7,0.1075,96125.4
1753547159788,16:25:59.788,AEVO/USDT:USDT,0.1073,31476.3,0.1072,134952.0,0.1074,40908.7,0.1075,96125.4
1753547160218,16:26:00.218,AEVO/USDT:USDT,0.1073,31383.1,0.1072,134952.0,0.1074,40908.7,0.1075,96125.4
1753547160336,16:26:00.336,AEVO/USDT:USDT,0.1073,31383.1,0.1072,134952.0,0.1074,40841.4,0.1075,96125.4
1753547160479,16:26:00.479,AEVO/USDT:USDT,0.1073,31695.1,0.1072,134952.0,0.1074,40678.8,0.1075,96125.4
1753547160728,16:26:00.728,AEVO/USDT:USDT,0.1073,21695.1,0.1072,134952.0,0.1074,40678.8,0.1075,96125.4
1753547160831,16:26:00.831,AEVO/USDT:USDT,0.1073,21695.1,0.1072,134952.0,0.1074,40678.8,0.1075,96125.4
1753547161288,16:26:01.288,AEVO/USDT:USDT,0.1073,21695.1,0.1072,134952.0,0.1074,40678.8,0.1075,96125.4
1753547161402,16:26:01.402,AEVO/USDT:USDT,0.1073,21695.1,0.1072,134952.0,0.1074,40678.8,0.1075,96125.4
1753547161583,16:26:01.583,AEVO/USDT:USDT,0.1073,21695.1,0.1072,134952.0,0.1074,40678.8,0.1075,96125.4
1753547161802,16:26:01.802,AEVO/USDT:USDT,0.1073,21695.1,0.1072,134952.0,0.1074,40678.8,0.1075,96125.4
1753547162002,16:26:02.002,AEVO/USDT:USDT,0.1073,21695.1,0.1072,134952.0,0.1074,40678.8,0.1075,96125.4
1753547162356,16:26:02.356,AEVO/USDT:USDT,0.1073,21695.1,0.1072,134952.0,0.1074,40678.8,0.1075,96125.4
