timestamp,time,exchange,symbol,bid1_price,bid1_volume,bid2_price,bid2_volume,ask1_price,ask1_volume,ask2_price,ask2_volume
1753591883891,04:51:23.891,binance,AEVO/USDT:USDT,0.1082,65987.1,0.1081,147246.8,0.1083,57711.8,0.1084,135069.0
1753591884001,04:51:24.001,binance,AEVO/USDT:USDT,0.1082,65987.1,0.1081,147246.8,0.1083,57711.8,0.1084,135069.0
1753591884311,04:51:24.311,binance,AEVO/USDT:USDT,0.1082,65987.1,0.1081,147246.8,0.1083,57711.8,0.1084,135069.0
1753591884501,04:51:24.501,binance,AEVO/USDT:USDT,0.1082,65987.1,0.1081,147246.8,0.1083,57711.8,0.1084,135069.0
1753591885069,04:51:25.069,binance,AEVO/USDT:USDT,0.1082,65987.1,0.1081,147246.8,0.1083,47711.8,0.1084,135069.0
1753591885463,04:51:25.463,binance,AEVO/USDT:USDT,0.1082,65987.1,0.1081,147246.8,0.1083,47711.8,0.1084,135069.0
1753591885602,04:51:25.602,binance,AEVO/USDT:USDT,0.1082,65987.1,0.1081,147246.8,0.1083,47711.8,0.1084,135069.0
1753591885712,04:51:25.712,binance,AEVO/USDT:USDT,0.1082,65987.1,0.1081,147246.8,0.1083,47711.8,0.1084,135069.0
1753591886002,04:51:26.002,binance,AEVO/USDT:USDT,0.1082,65987.1,0.1081,147246.8,0.1083,47711.8,0.1084,135069.0
1753591886591,04:51:26.591,binance,AEVO/USDT:USDT,0.1082,65985.2,0.1081,147246.8,0.1083,47711.8,0.1084,135069.0
1753591886878,04:51:26.878,binance,AEVO/USDT:USDT,0.1082,65985.2,0.1081,147246.8,0.1083,47711.8,0.1084,135069.0
1753591887411,04:51:27.411,binance,AEVO/USDT:USDT,0.1082,66002.3,0.1081,147246.8,0.1083,47711.8,0.1084,135069.0
1753591888302,04:51:28.302,binance,AEVO/USDT:USDT,0.1082,66002.3,0.1081,147246.8,0.1083,47711.8,0.1084,135069.0
1753591888902,04:51:28.902,binance,AEVO/USDT:USDT,0.1082,66002.3,0.1081,147246.8,0.1083,47711.8,0.1084,135069.0
1753591890702,04:51:30.702,binance,AEVO/USDT:USDT,0.1082,66002.3,0.1081,147246.8,0.1083,47711.8,0.1084,135069.0
1753591891014,04:51:31.014,binance,AEVO/USDT:USDT,0.1082,66002.3,0.1081,147246.8,0.1083,23086.9,0.1084,135069.0
1753591891291,04:51:31.291,binance,AEVO/USDT:USDT,0.1082,70621.7,0.1081,142624.9,0.1083,22105.4,0.1084,135069.0
1753591891404,04:51:31.404,binance,AEVO/USDT:USDT,0.1082,70462.8,0.1081,143546.8,0.1083,22105.4,0.1084,135069.0
1753591891553,04:51:31.553,binance,AEVO/USDT:USDT,0.1082,70462.8,0.1081,143546.8,0.1083,22105.4,0.1084,135069.0
1753591891890,04:51:31.890,binance,AEVO/USDT:USDT,0.1082,70462.8,0.1081,143546.8,0.1083,23015.6,0.1084,135069.0
1753591892115,04:51:32.115,binance,AEVO/USDT:USDT,0.1082,70462.8,0.1081,143546.8,0.1083,23015.6,0.1084,135069.0
1753591892269,04:51:32.269,binance,AEVO/USDT:USDT,0.1082,70395.2,0.1081,157319.0,0.1083,23015.6,0.1084,135069.0
1753591892402,04:51:32.402,binance,AEVO/USDT:USDT,0.1082,70395.2,0.1081,157319.0,0.1083,23015.6,0.1084,135069.0
1753591892557,04:51:32.557,binance,AEVO/USDT:USDT,0.1082,72241.2,0.1081,157319.0,0.1083,22037.8,0.1084,135069.0
1753591892664,04:51:32.664,binance,AEVO/USDT:USDT,0.1082,72241.2,0.1081,157319.0,0.1083,22037.8,0.1084,135069.0
1753591892931,04:51:32.931,binance,AEVO/USDT:USDT,0.1082,72241.2,0.1081,157319.0,0.1083,9347.4,0.1084,135069.0
1753591893125,04:51:33.125,binance,AEVO/USDT:USDT,0.1082,73164.9,0.1081,157319.0,0.1083,9305.2,0.1084,135069.0
1753591893267,04:51:33.267,binance,AEVO/USDT:USDT,0.1082,73164.9,0.1081,157319.0,0.1083,9737.3,0.1084,135069.0
1753591893490,04:51:33.490,binance,AEVO/USDT:USDT,0.1082,74042.3,0.1081,157319.0,0.1083,9737.3,0.1084,135069.0
1753591893954,04:51:33.954,binance,AEVO/USDT:USDT,0.1082,74088.6,0.1081,157319.0,0.1083,23714.4,0.1084,135069.0
1753591894065,04:51:34.065,binance,AEVO/USDT:USDT,0.1082,74088.6,0.1081,157319.0,0.1083,23714.4,0.1084,135069.0
1753591895122,04:51:35.122,binance,AEVO/USDT:USDT,0.1082,74088.6,0.1081,157319.0,0.1083,23714.4,0.1084,135069.0
1753591895302,04:51:35.302,binance,AEVO/USDT:USDT,0.1082,74088.6,0.1081,157319.0,0.1083,23714.4,0.1084,135069.0
1753591896193,04:51:36.193,binance,AEVO/USDT:USDT,0.1082,73164.9,0.1081,157319.0,0.1083,48109.8,0.1084,135069.0
1753591897149,04:51:37.149,binance,AEVO/USDT:USDT,0.1082,73164.9,0.1081,157319.0,0.1083,23714.4,0.1084,135069.0
1753591898266,04:51:38.266,binance,AEVO/USDT:USDT,0.1082,74193.0,0.1081,157270.4,0.1083,22458.9,0.1084,135069.0
1753591898591,04:51:38.591,binance,AEVO/USDT:USDT,0.1082,74193.0,0.1081,157270.4,0.1083,22458.9,0.1084,135069.0
1753591899102,04:51:39.102,binance,AEVO/USDT:USDT,0.1082,74193.0,0.1081,157270.4,0.1083,22458.9,0.1084,135069.0
1753591899764,04:51:39.764,binance,AEVO/USDT:USDT,0.1082,95113.8,0.1081,163306.8,0.1083,9352.5,0.1084,122185.2
1753591899872,04:51:39.872,binance,AEVO/USDT:USDT,0.1083,13209.5,0.1082,137771.4,0.1084,83100.3,0.1085,178110.1
1753591899974,04:51:39.974,binance,AEVO/USDT:USDT,0.1083,9518.8,0.1082,133153.4,0.1084,77804.5,0.1085,177655.8
1753591900078,04:51:40.078,binance,AEVO/USDT:USDT,0.1083,13370.5,0.1082,133061.0,0.1084,77804.5,0.1085,175436.7
1753591900191,04:51:40.191,binance,AEVO/USDT:USDT,0.1083,9657.3,0.1082,133061.0,0.1084,77850.7,0.1085,175436.7
1753591900309,04:51:40.309,binance,AEVO/USDT:USDT,0.1083,22537.2,0.1082,123012.4,0.1084,78773.6,0.1085,175436.7
1753591900417,04:51:40.417,binance,AEVO/USDT:USDT,0.1083,22537.2,0.1082,123012.4,0.1084,78773.6,0.1085,174411.8
1753591900523,04:51:40.523,binance,AEVO/USDT:USDT,0.1083,22537.2,0.1082,123012.4,0.1084,78773.6,0.1085,174411.8
1753591900646,04:51:40.646,binance,AEVO/USDT:USDT,0.1083,22537.2,0.1082,123012.4,0.1084,79695.1,0.1085,174411.8
1753591900750,04:51:40.750,binance,AEVO/USDT:USDT,0.1083,22537.2,0.1082,123012.4,0.1084,79695.1,0.1085,174411.8
1753591900856,04:51:40.856,binance,AEVO/USDT:USDT,0.1083,22537.2,0.1082,123012.4,0.1084,73777.4,0.1085,174411.8
1753591900964,04:51:40.964,binance,AEVO/USDT:USDT,0.1083,22537.2,0.1082,125965.7,0.1084,73777.4,0.1085,174411.8
1753591901070,04:51:41.070,binance,AEVO/USDT:USDT,0.1083,22537.2,0.1082,125965.7,0.1084,73777.4,0.1085,174411.8
1753591901191,04:51:41.191,binance,AEVO/USDT:USDT,0.1083,22537.2,0.1082,125965.7,0.1084,73777.4,0.1085,174411.8
1753591901323,04:51:41.323,binance,AEVO/USDT:USDT,0.1083,22537.2,0.1082,125965.7,0.1084,73777.4,0.1085,174411.8
1753591901590,04:51:41.590,binance,AEVO/USDT:USDT,0.1083,22537.2,0.1082,125965.7,0.1084,82809.7,0.1085,174356.7
1753591901802,04:51:41.802,binance,AEVO/USDT:USDT,0.1083,22537.2,0.1082,125965.7,0.1084,81881.6,0.1085,174356.7
1753591902014,04:51:42.014,binance,AEVO/USDT:USDT,0.1083,22537.2,0.1082,125965.7,0.1084,81881.6,0.1085,174356.7
1753591902202,04:51:42.202,binance,AEVO/USDT:USDT,0.1083,22537.2,0.1082,125965.7,0.1084,81881.6,0.1085,174356.7
1753591902307,04:51:42.307,binance,AEVO/USDT:USDT,0.1083,22585.7,0.1082,125908.6,0.1084,81927.8,0.1085,174356.7
1753591902612,04:51:42.612,binance,AEVO/USDT:USDT,0.1083,22585.7,0.1082,125908.6,0.1084,71927.8,0.1085,174026.1
1753591902888,04:51:42.888,binance,AEVO/USDT:USDT,0.1083,22585.7,0.1082,125908.6,0.1084,70080.3,0.1085,161147.4
1753591903026,04:51:43.026,binance,AEVO/USDT:USDT,0.1083,22585.7,0.1082,125908.6,0.1084,70080.3,0.1085,161147.4
1753591903424,04:51:43.424,binance,AEVO/USDT:USDT,0.1083,22585.7,0.1082,125908.6,0.1084,70080.3,0.1085,161147.4
1753591903527,04:51:43.527,binance,AEVO/USDT:USDT,0.1083,22585.7,0.1082,125908.6,0.1084,70080.3,0.1085,161147.4
1753591903700,04:51:43.700,binance,AEVO/USDT:USDT,0.1083,47027.4,0.1082,129813.7,0.1084,68197.9,0.1085,160982.1
1753591903807,04:51:43.807,binance,AEVO/USDT:USDT,0.1083,47027.4,0.1082,129813.7,0.1084,68197.9,0.1085,160982.1
1753591903925,04:51:43.925,binance,AEVO/USDT:USDT,0.1083,47027.4,0.1082,129813.7,0.1084,67544.6,0.1085,160982.1
1753591904040,04:51:44.040,binance,AEVO/USDT:USDT,0.1083,47027.4,0.1082,129813.7,0.1084,67544.6,0.1085,160982.1
1753591904174,04:51:44.174,binance,AEVO/USDT:USDT,0.1083,47027.4,0.1082,129813.7,0.1084,67544.6,0.1085,160982.1
1753591904302,04:51:44.302,binance,AEVO/USDT:USDT,0.1083,47027.4,0.1082,125908.6,0.1084,67544.6,0.1085,160982.1
1753591904734,04:51:44.734,binance,AEVO/USDT:USDT,0.1083,47027.4,0.1082,129186.8,0.1084,72319.0,0.1085,185687.6
1753591904923,04:51:44.923,binance,AEVO/USDT:USDT,0.1083,47027.4,0.1082,129347.6,0.1084,71665.7,0.1085,185687.6
1753591905261,04:51:45.261,binance,AEVO/USDT:USDT,0.1083,47027.4,0.1082,129347.6,0.1084,69818.2,0.1085,187533.4
1753591905404,04:51:45.404,binance,AEVO/USDT:USDT,0.1083,47027.4,0.1082,129347.6,0.1084,69818.2,0.1085,187533.4
1753591905511,04:51:45.511,binance,AEVO/USDT:USDT,0.1083,47027.4,0.1082,129347.6,0.1084,69818.2,0.1085,187533.4
1753591905665,04:51:45.665,binance,AEVO/USDT:USDT,0.1083,47027.4,0.1082,129347.6,0.1084,69818.2,0.1085,177784.1
1753591905771,04:51:45.771,binance,AEVO/USDT:USDT,0.1083,47027.4,0.1082,129347.6,0.1084,70517.7,0.1085,177784.1
1753591905924,04:51:45.924,binance,AEVO/USDT:USDT,0.1083,47027.4,0.1082,129347.6,0.1084,69864.4,0.1085,178808.1
1753591906202,04:51:46.202,binance,AEVO/USDT:USDT,0.1083,47027.4,0.1082,129347.6,0.1084,69864.4,0.1085,178808.1
1753591906402,04:51:46.402,binance,AEVO/USDT:USDT,0.1083,47755.2,0.1082,129347.6,0.1084,69864.4,0.1085,178808.1
1753591906802,04:51:46.802,binance,AEVO/USDT:USDT,0.1083,47755.2,0.1082,129347.6,0.1084,70482.6,0.1085,178843.2
1753591906908,04:51:46.908,binance,AEVO/USDT:USDT,0.1083,47755.2,0.1082,129347.6,0.1084,69829.3,0.1085,178843.2
1753591907080,04:51:47.080,binance,AEVO/USDT:USDT,0.1083,47755.2,0.1082,129347.6,0.1084,69917.2,0.1085,178843.2
1753591907228,04:51:47.228,binance,AEVO/USDT:USDT,0.1083,47755.2,0.1082,129347.6,0.1084,69917.2,0.1085,178843.2
1753591907341,04:51:47.341,binance,AEVO/USDT:USDT,0.1083,47755.2,0.1082,129347.6,0.1084,69917.2,0.1085,178843.2
1753591908260,04:51:48.260,binance,AEVO/USDT:USDT,0.1083,47755.2,0.1082,129347.6,0.1084,69917.2,0.1085,183452.0
1753591908481,04:51:48.481,binance,AEVO/USDT:USDT,0.1083,47755.2,0.1082,129347.6,0.1084,69917.2,0.1085,183452.0
1753591908590,04:51:48.590,binance,AEVO/USDT:USDT,0.1083,47755.2,0.1082,129347.6,0.1084,69917.2,0.1085,178842.6
1753591908693,04:51:48.693,binance,AEVO/USDT:USDT,0.1083,47755.2,0.1082,129347.6,0.1084,69917.2,0.1085,178842.6
1753591908974,04:51:48.974,binance,AEVO/USDT:USDT,0.1083,47755.2,0.1082,139885.3,0.1084,69917.2,0.1085,178842.6
1753591909202,04:51:49.202,binance,AEVO/USDT:USDT,0.1083,47755.2,0.1082,139885.3,0.1084,69917.2,0.1085,183451.4
1753591909590,04:51:49.590,binance,AEVO/USDT:USDT,0.1083,47755.2,0.1082,139885.3,0.1084,69917.2,0.1085,178842.6
1753591910041,04:51:50.041,binance,AEVO/USDT:USDT,0.1083,47755.2,0.1082,139885.3,0.1084,69917.2,0.1085,178637.5
1753591910706,04:51:50.706,binance,AEVO/USDT:USDT,0.1083,47805.9,0.1082,153591.8,0.1084,70570.5,0.1085,183246.4
1753591910923,04:51:50.923,binance,AEVO/USDT:USDT,0.1083,47805.9,0.1082,153591.8,0.1084,69917.2,0.1085,183246.4
1753591911323,04:51:51.323,binance,AEVO/USDT:USDT,0.1083,47805.9,0.1082,153591.8,0.1084,69917.2,0.1085,183246.4
1753591911468,04:51:51.468,binance,AEVO/USDT:USDT,0.1083,47805.9,0.1082,153591.8,0.1084,69917.2,0.1085,183246.4
1753591911678,04:51:51.678,binance,AEVO/USDT:USDT,0.1083,13954.2,0.1082,153591.8,0.1084,70570.5,0.1085,183246.4
1753591911779,04:51:51.779,binance,AEVO/USDT:USDT,0.1082,110845.1,0.1081,235744.6,0.1083,18243.6,0.1084,160876.6
1753591911884,04:51:51.884,binance,AEVO/USDT:USDT,0.1082,105908.7,0.1081,161264.4,0.1083,17296.2,0.1084,160876.6
1753591912002,04:51:52.002,binance,AEVO/USDT:USDT,0.1082,111561.8,0.1081,165317.9,0.1083,17296.2,0.1084,156903.1
1753591912153,04:51:52.153,binance,AEVO/USDT:USDT,0.1083,24855.9,0.1082,158035.9,0.1084,65952.1,0.1085,194084.7
1753591912265,04:51:52.265,binance,AEVO/USDT:USDT,0.1083,25183.4,0.1082,152254.5,0.1084,72692.0,0.1085,194084.7
1753591912381,04:51:52.381,binance,AEVO/USDT:USDT,0.1083,25183.4,0.1082,152319.2,0.1084,69924.5,0.1085,175004.1
1753591912508,04:51:52.508,binance,AEVO/USDT:USDT,0.1083,25229.6,0.1082,152319.2,0.1084,71853.1,0.1085,179614.0
1753591912665,04:51:52.665,binance,AEVO/USDT:USDT,0.1083,25229.6,0.1082,152319.2,0.1084,71853.1,0.1085,179614.0
1753591912780,04:51:52.780,binance,AEVO/USDT:USDT,0.1083,25229.6,0.1082,152319.2,0.1084,71853.1,0.1085,179614.0
1753591912890,04:51:52.890,binance,AEVO/USDT:USDT,0.1083,25229.6,0.1082,152319.2,0.1084,71853.1,0.1085,179614.0
1753591912996,04:51:52.996,binance,AEVO/USDT:USDT,0.1083,25229.6,0.1082,152319.2,0.1084,71853.1,0.1085,179614.0
1753591913104,04:51:53.104,binance,AEVO/USDT:USDT,0.1083,25229.6,0.1082,152319.2,0.1084,71853.1,0.1085,179614.0
1753591913220,04:51:53.220,binance,AEVO/USDT:USDT,0.1083,25229.6,0.1082,152319.2,0.1084,71853.1,0.1085,179614.0
1753591913402,04:51:53.402,binance,AEVO/USDT:USDT,0.1083,25229.6,0.1082,152319.2,0.1084,71853.1,0.1085,179614.0
1753591913802,04:51:53.802,binance,AEVO/USDT:USDT,0.1083,25229.6,0.1082,152319.2,0.1084,71853.1,0.1085,179614.0
1753591914002,04:51:54.002,binance,AEVO/USDT:USDT,0.1083,25229.6,0.1082,152319.2,0.1084,71853.1,0.1085,179614.0
1753591914310,04:51:54.310,binance,AEVO/USDT:USDT,0.1083,25229.6,0.1082,152319.2,0.1084,71853.1,0.1085,179614.0
1753591914602,04:51:54.602,binance,AEVO/USDT:USDT,0.1083,25229.6,0.1082,152319.2,0.1084,71853.1,0.1085,179614.0
1753591914881,04:51:54.881,binance,AEVO/USDT:USDT,0.1083,25229.6,0.1082,152319.2,0.1084,71853.1,0.1085,179614.0
1753591915174,04:51:55.174,binance,AEVO/USDT:USDT,0.1083,25229.6,0.1082,152319.2,0.1084,71853.1,0.1085,179614.0
1753591915434,04:51:55.434,binance,AEVO/USDT:USDT,0.1083,25229.6,0.1082,152319.2,0.1084,81806.9,0.1085,179614.0
1753591915965,04:51:55.965,binance,AEVO/USDT:USDT,0.1083,25229.6,0.1082,152319.2,0.1084,81806.9,0.1085,179614.0
1753591916744,04:51:56.744,binance,AEVO/USDT:USDT,0.1083,25229.6,0.1082,155767.0,0.1084,81806.9,0.1085,179614.0
1753591916902,04:51:56.902,binance,AEVO/USDT:USDT,0.1083,25229.6,0.1082,155767.0,0.1084,81806.9,0.1085,179614.0
1753591917101,04:51:57.101,binance,AEVO/USDT:USDT,0.1083,25229.6,0.1082,155767.0,0.1084,81806.9,0.1085,179614.0
1753591917390,04:51:57.390,binance,AEVO/USDT:USDT,0.1083,26495.5,0.1082,155767.0,0.1084,81853.1,0.1085,179614.0
1753591917517,04:51:57.517,binance,AEVO/USDT:USDT,0.1083,26495.5,0.1082,160384.1,0.1084,81853.1,0.1085,179614.0
1753591917850,04:51:57.850,binance,AEVO/USDT:USDT,0.1083,26495.5,0.1082,160384.1,0.1084,71853.1,0.1085,179614.0
1753591918102,04:51:58.102,binance,AEVO/USDT:USDT,0.1083,26495.5,0.1082,160384.1,0.1084,71853.1,0.1085,179614.0
1753591918823,04:51:58.823,binance,AEVO/USDT:USDT,0.1083,26495.5,0.1082,160384.1,0.1084,71853.1,0.1085,179614.0
1753591919203,04:51:59.203,binance,AEVO/USDT:USDT,0.1083,26495.5,0.1082,160223.3,0.1084,71853.1,0.1085,179614.0
1753591919364,04:51:59.364,binance,AEVO/USDT:USDT,0.1083,26657.2,0.1082,160223.3,0.1084,71853.1,0.1085,179614.0
1753591920110,04:52:00.110,binance,AEVO/USDT:USDT,0.1083,26657.2,0.1082,160223.3,0.1084,71853.1,0.1085,179614.0
1753591920941,04:52:00.941,binance,AEVO/USDT:USDT,0.1083,26657.2,0.1082,160223.3,0.1084,72776.0,0.1085,179614.0
1753591921502,04:52:01.502,binance,AEVO/USDT:USDT,0.1083,26657.2,0.1082,160223.3,0.1084,72776.0,0.1085,179614.0
1753591921730,04:52:01.730,binance,AEVO/USDT:USDT,0.1083,68420.9,0.1082,160223.3,0.1084,70240.3,0.1085,169783.2
1753591921845,04:52:01.845,binance,AEVO/USDT:USDT,0.1083,68420.9,0.1082,160223.3,0.1084,70240.3,0.1085,171552.8
1753591922038,04:52:02.038,binance,AEVO/USDT:USDT,0.1083,68420.9,0.1082,162438.3,0.1084,61347.2,0.1085,171151.0
1753591922165,04:52:02.165,binance,AEVO/USDT:USDT,0.1083,68420.9,0.1082,166392.4,0.1084,61347.2,0.1085,177084.6
1753591922282,04:52:02.282,binance,AEVO/USDT:USDT,0.1083,51807.1,0.1082,166392.4,0.1084,61347.2,0.1085,177084.6
1753591922389,04:52:02.389,binance,AEVO/USDT:USDT,0.1083,51807.1,0.1082,166392.4,0.1084,61347.2,0.1085,177084.6
1753591922531,04:52:02.531,binance,AEVO/USDT:USDT,0.1083,51807.1,0.1082,166392.4,0.1084,61347.2,0.1085,176462.4
1753591922648,04:52:02.648,binance,AEVO/USDT:USDT,0.1083,51807.1,0.1082,166392.4,0.1084,61347.2,0.1085,176462.4
1753591922800,04:52:02.800,binance,AEVO/USDT:USDT,0.1083,51807.1,0.1082,166392.4,0.1084,61347.2,0.1085,176462.4
1753591922923,04:52:02.923,binance,AEVO/USDT:USDT,0.1083,51807.1,0.1082,166392.4,0.1084,62000.5,0.1085,176462.4
1753591923102,04:52:03.102,binance,AEVO/USDT:USDT,0.1083,51892.9,0.1082,166392.4,0.1084,61347.2,0.1085,176462.4
1753591923300,04:52:03.300,binance,AEVO/USDT:USDT,0.1083,51892.9,0.1082,166392.4,0.1084,61347.2,0.1085,176462.4
1753591923489,04:52:03.489,binance,AEVO/USDT:USDT,0.1083,51892.9,0.1082,166392.4,0.1084,61347.2,0.1085,177486.4
1753591923680,04:52:03.680,binance,AEVO/USDT:USDT,0.1083,51892.9,0.1082,166392.4,0.1084,61347.2,0.1085,177486.4
1753591923891,04:52:03.891,binance,AEVO/USDT:USDT,0.1083,51892.9,0.1082,162438.3,0.1084,61347.2,0.1085,177486.4
1753591925031,04:52:05.031,binance,AEVO/USDT:USDT,0.1083,51892.9,0.1082,162438.3,0.1084,61347.2,0.1085,177486.4
1753591925380,04:52:05.380,binance,AEVO/USDT:USDT,0.1083,51892.9,0.1082,162438.3,0.1084,61657.6,0.1085,177486.4
1753591925491,04:52:05.491,binance,AEVO/USDT:USDT,0.1083,51892.9,0.1082,162438.3,0.1084,61657.6,0.1085,177486.4
1753591925900,04:52:05.900,binance,AEVO/USDT:USDT,0.1083,51892.9,0.1082,162438.3,0.1084,61657.6,0.1085,177486.4
1753591926040,04:52:06.040,binance,AEVO/USDT:USDT,0.1083,51892.9,0.1082,162438.3,0.1084,61657.6,0.1085,177486.4
1753591926374,04:52:06.374,binance,AEVO/USDT:USDT,0.1083,51892.9,0.1082,162438.3,0.1084,61657.6,0.1085,177486.4
1753591926502,04:52:06.502,binance,AEVO/USDT:USDT,0.1083,51892.9,0.1082,162438.3,0.1084,61657.6,0.1085,177486.4
1753591926701,04:52:06.701,binance,AEVO/USDT:USDT,0.1083,51892.9,0.1082,162438.3,0.1084,61657.6,0.1085,177486.4
1753591927290,04:52:07.290,binance,AEVO/USDT:USDT,0.1083,51892.9,0.1082,162438.3,0.1084,61657.6,0.1085,177486.4
1753591927642,04:52:07.642,binance,AEVO/USDT:USDT,0.1083,51892.9,0.1082,162438.3,0.1084,61657.6,0.1085,177486.4
1753591927802,04:52:07.802,binance,AEVO/USDT:USDT,0.1083,51892.9,0.1082,162438.3,0.1084,61657.6,0.1085,177486.4
1753591928302,04:52:08.302,binance,AEVO/USDT:USDT,0.1083,51892.9,0.1082,162438.3,0.1084,61657.6,0.1085,177486.4
1753591929070,04:52:09.070,binance,AEVO/USDT:USDT,0.1083,51892.9,0.1082,162438.3,0.1084,61657.6,0.1085,177486.4
1753591929502,04:52:09.502,binance,AEVO/USDT:USDT,0.1083,51892.9,0.1082,162438.3,0.1084,61657.6,0.1085,177486.4
1753591929998,04:52:09.998,binance,AEVO/USDT:USDT,0.1083,51892.9,0.1082,162438.3,0.1084,61657.6,0.1085,177486.4
1753591930270,04:52:10.270,binance,AEVO/USDT:USDT,0.1083,51892.9,0.1082,162438.3,0.1084,61657.6,0.1085,177486.4
1753591930671,04:52:10.671,binance,AEVO/USDT:USDT,0.1083,51892.9,0.1082,162438.3,0.1084,61657.6,0.1085,177486.4
1753591931175,04:52:11.175,binance,AEVO/USDT:USDT,0.1083,51892.9,0.1082,162438.3,0.1084,60734.7,0.1085,177486.4
1753591931479,04:52:11.479,binance,AEVO/USDT:USDT,0.1083,51889.9,0.1082,162438.3,0.1084,60734.7,0.1085,177486.4
1753591931702,04:52:11.702,binance,AEVO/USDT:USDT,0.1083,51889.9,0.1082,162438.3,0.1084,60734.7,0.1085,177486.4
1753591931890,04:52:11.890,binance,AEVO/USDT:USDT,0.1083,51889.9,0.1082,162438.3,0.1084,60734.7,0.1085,177486.4
1753591932302,04:52:12.302,binance,AEVO/USDT:USDT,0.1083,51889.9,0.1082,162438.3,0.1084,60734.7,0.1085,177486.4
1753591932490,04:52:12.490,binance,AEVO/USDT:USDT,0.1083,51889.9,0.1082,162438.3,0.1084,60734.7,0.1085,177486.4
1753591932602,04:52:12.602,binance,AEVO/USDT:USDT,0.1083,51889.9,0.1082,162438.3,0.1084,60734.7,0.1085,177486.4
1753591932902,04:52:12.902,binance,AEVO/USDT:USDT,0.1083,51889.9,0.1082,162438.3,0.1084,60734.7,0.1085,177486.4
1753591933102,04:52:13.102,binance,AEVO/USDT:USDT,0.1083,51889.9,0.1082,162438.3,0.1084,60734.7,0.1085,177486.4
1753591933490,04:52:13.490,binance,AEVO/USDT:USDT,0.1083,51889.9,0.1082,162438.3,0.1084,60734.7,0.1085,177486.4
1753591934788,04:52:14.788,binance,AEVO/USDT:USDT,0.1083,51889.9,0.1082,162438.3,0.1084,60734.7,0.1085,177486.4
1753591935202,04:52:15.202,binance,AEVO/USDT:USDT,0.1083,51889.9,0.1082,162438.3,0.1084,60734.7,0.1085,177486.4
1753591935340,04:52:15.340,binance,AEVO/USDT:USDT,0.1083,51889.9,0.1082,162438.3,0.1084,60734.7,0.1085,177486.4
1753591935472,04:52:15.472,binance,AEVO/USDT:USDT,0.1083,52139.0,0.1082,162186.3,0.1084,60734.7,0.1085,177486.4
1753591935801,04:52:15.801,binance,AEVO/USDT:USDT,0.1083,51977.3,0.1082,162186.3,0.1084,60734.7,0.1085,177486.4
1753591935950,04:52:15.950,binance,AEVO/USDT:USDT,0.1083,51977.3,0.1082,162186.3,0.1084,60734.7,0.1085,177486.4
1753591936341,04:52:16.341,binance,AEVO/USDT:USDT,0.1083,51977.3,0.1082,162186.3,0.1084,60734.7,0.1085,177486.4
1753591936897,04:52:16.897,binance,AEVO/USDT:USDT,0.1083,51977.3,0.1082,162186.3,0.1084,60734.7,0.1085,177486.4
1753591937391,04:52:17.391,binance,AEVO/USDT:USDT,0.1083,51977.3,0.1082,162186.3,0.1084,60734.7,0.1085,177486.4
1753591938103,04:52:18.103,binance,AEVO/USDT:USDT,0.1083,51977.3,0.1082,162186.3,0.1084,60734.7,0.1085,177486.4
1753591938680,04:52:18.680,binance,AEVO/USDT:USDT,0.1083,51977.3,0.1082,162186.3,0.1084,60734.7,0.1085,177486.4
1753591938801,04:52:18.801,binance,AEVO/USDT:USDT,0.1083,51977.3,0.1082,162186.3,0.1084,60734.7,0.1085,177486.4
1753591939202,04:52:19.202,binance,AEVO/USDT:USDT,0.1083,51977.3,0.1082,162186.3,0.1084,60734.7,0.1085,177486.4
1753591940391,04:52:20.391,binance,AEVO/USDT:USDT,0.1083,51977.3,0.1082,162186.3,0.1084,60734.7,0.1085,177486.4
1753591940931,04:52:20.931,binance,AEVO/USDT:USDT,0.1083,51977.3,0.1082,162186.3,0.1084,60734.7,0.1085,177486.4
1753591941071,04:52:21.071,binance,AEVO/USDT:USDT,0.1083,51977.3,0.1082,162186.3,0.1084,51479.8,0.1085,177084.6
1753591941191,04:52:21.191,binance,AEVO/USDT:USDT,0.1083,51977.3,0.1082,162186.3,0.1084,51479.8,0.1085,177486.4
1753591942080,04:52:22.080,binance,AEVO/USDT:USDT,0.1083,51977.3,0.1082,162186.3,0.1084,51479.8,0.1085,177486.4
1753591942202,04:52:22.202,binance,AEVO/USDT:USDT,0.1083,51977.3,0.1082,162186.3,0.1084,51479.8,0.1085,177486.4
1753591942402,04:52:22.402,binance,AEVO/USDT:USDT,0.1083,51977.3,0.1082,162186.3,0.1084,51479.8,0.1085,177486.4
1753591942865,04:52:22.865,binance,AEVO/USDT:USDT,0.1083,51977.3,0.1082,162186.3,0.1084,51479.8,0.1085,177486.4
1753591943002,04:52:23.002,binance,AEVO/USDT:USDT,0.1083,51977.3,0.1082,162186.3,0.1084,51479.8,0.1085,177486.4
1753591943261,04:52:23.261,binance,AEVO/USDT:USDT,0.1083,51977.3,0.1082,162186.3,0.1084,51479.8,0.1085,171044.8
1753591943371,04:52:23.371,binance,AEVO/USDT:USDT,0.1083,51977.3,0.1082,162186.3,0.1084,51479.8,0.1085,171446.6
1753591943597,04:52:23.597,binance,AEVO/USDT:USDT,0.1083,51977.3,0.1082,162186.3,0.1084,51479.8,0.1085,171446.6
1753591944115,04:52:24.115,binance,AEVO/USDT:USDT,0.1083,51977.3,0.1082,162186.3,0.1084,51135.7,0.1085,176055.4
1753591944381,04:52:24.381,binance,AEVO/USDT:USDT,0.1083,51977.3,0.1082,162186.3,0.1084,48179.6,0.1085,176055.4
1753591944566,04:52:24.566,binance,AEVO/USDT:USDT,0.1083,51977.3,0.1082,162186.3,0.1084,48179.6,0.1085,176055.4
1753591944680,04:52:24.680,binance,AEVO/USDT:USDT,0.1083,51977.3,0.1082,162186.3,0.1084,48179.6,0.1085,171446.6
1753591944902,04:52:24.902,binance,AEVO/USDT:USDT,0.1083,51977.3,0.1082,162186.3,0.1084,48179.6,0.1085,171446.6
1753591945102,04:52:25.102,binance,AEVO/USDT:USDT,0.1083,51977.3,0.1082,162186.3,0.1084,48179.6,0.1085,171446.6
1753591945205,04:52:25.205,binance,AEVO/USDT:USDT,0.1083,51977.3,0.1082,162186.3,0.1084,48179.6,0.1085,170422.6
1753591945502,04:52:25.502,binance,AEVO/USDT:USDT,0.1083,51977.3,0.1082,162186.3,0.1084,48179.6,0.1085,170422.6
1753591945605,04:52:25.605,binance,AEVO/USDT:USDT,0.1083,51977.3,0.1082,162186.3,0.1084,48179.6,0.1085,170020.8
1753591946091,04:52:26.091,binance,AEVO/USDT:USDT,0.1083,51977.3,0.1082,162186.3,0.1084,48179.6,0.1085,174629.8
1753591946193,04:52:26.193,binance,AEVO/USDT:USDT,0.1083,51977.3,0.1082,162186.3,0.1084,48179.6,0.1085,175031.6
1753591946316,04:52:26.316,binance,AEVO/USDT:USDT,0.1083,51977.3,0.1082,162186.3,0.1084,48179.6,0.1085,175031.6
1753591946575,04:52:26.575,binance,AEVO/USDT:USDT,0.1083,51977.3,0.1082,162186.3,0.1084,48179.6,0.1085,175031.6
1753591946680,04:52:26.680,binance,AEVO/USDT:USDT,0.1083,51977.3,0.1082,162186.3,0.1084,48179.6,0.1085,175031.6
1753591946783,04:52:26.783,binance,AEVO/USDT:USDT,0.1083,51977.3,0.1082,162186.3,0.1084,48179.6,0.1085,175031.6
1753591946901,04:52:26.901,binance,AEVO/USDT:USDT,0.1083,51977.3,0.1082,162186.3,0.1084,48179.6,0.1085,175031.6
1753591947095,04:52:27.095,binance,AEVO/USDT:USDT,0.1083,51977.3,0.1082,162186.3,0.1084,48230.4,0.1085,174629.8
1753591947532,04:52:27.532,binance,AEVO/USDT:USDT,0.1083,52025.8,0.1082,162186.3,0.1084,48230.4,0.1085,174629.8
1753591947702,04:52:27.702,binance,AEVO/USDT:USDT,0.1083,52025.8,0.1082,162186.3,0.1084,48230.4,0.1085,174629.8
1753591947817,04:52:27.817,binance,AEVO/USDT:USDT,0.1083,52025.8,0.1082,162186.3,0.1084,48230.4,0.1085,170020.8
1753591948202,04:52:28.202,binance,AEVO/USDT:USDT,0.1083,52025.8,0.1082,162186.3,0.1084,48230.4,0.1085,170020.8
1753591948391,04:52:28.391,binance,AEVO/USDT:USDT,0.1083,52025.8,0.1082,162186.3,0.1084,48230.4,0.1085,170020.8
1753591948533,04:52:28.533,binance,AEVO/USDT:USDT,0.1083,52083.0,0.1082,162186.3,0.1084,48230.4,0.1085,170020.8
1753591948729,04:52:28.729,binance,AEVO/USDT:USDT,0.1083,52083.0,0.1082,162186.3,0.1084,48230.4,0.1085,175031.4
1753591949261,04:52:29.261,binance,AEVO/USDT:USDT,0.1083,52083.0,0.1082,162186.3,0.1084,48230.4,0.1085,175031.4
1753591949402,04:52:29.402,binance,AEVO/USDT:USDT,0.1083,52083.0,0.1082,162186.3,0.1084,48230.4,0.1085,175031.4
1753591949740,04:52:29.740,binance,AEVO/USDT:USDT,0.1083,52083.0,0.1082,162186.3,0.1084,48230.4,0.1085,175031.4
1753591949902,04:52:29.902,binance,AEVO/USDT:USDT,0.1083,52083.0,0.1082,162186.3,0.1084,48230.4,0.1085,175031.4
1753591950065,04:52:30.065,binance,AEVO/USDT:USDT,0.1083,51374.8,0.1082,162186.3,0.1084,63230.4,0.1085,175031.4
1753591950331,04:52:30.331,binance,AEVO/USDT:USDT,0.1083,51374.8,0.1082,162186.3,0.1084,63230.4,0.1085,175031.4
1753591950860,04:52:30.860,binance,AEVO/USDT:USDT,0.1083,51375.6,0.1082,162186.3,0.1084,63230.4,0.1085,175031.4
1753591951161,04:52:31.161,binance,AEVO/USDT:USDT,0.1083,51375.6,0.1082,157569.0,0.1084,47925.4,0.1085,170422.6
1753591951276,04:52:31.276,binance,AEVO/USDT:USDT,0.1083,51375.6,0.1082,161924.9,0.1084,47925.4,0.1085,170422.6
1753591951766,04:52:31.766,binance,AEVO/USDT:USDT,0.1083,52067.9,0.1082,161924.9,0.1084,47925.4,0.1085,170422.6
1753591951901,04:52:31.901,binance,AEVO/USDT:USDT,0.1083,52067.9,0.1082,161924.9,0.1084,47925.4,0.1085,170422.6
1753591952021,04:52:32.021,binance,AEVO/USDT:USDT,0.1083,52067.9,0.1082,161924.9,0.1084,47925.4,0.1085,170422.6
1753591952138,04:52:32.138,binance,AEVO/USDT:USDT,0.1083,52067.9,0.1082,161924.9,0.1084,47925.4,0.1085,170422.6
1753591952392,04:52:32.392,binance,AEVO/USDT:USDT,0.1083,52067.9,0.1082,161924.9,0.1084,47925.4,0.1085,170422.6
1753591952838,04:52:32.838,binance,AEVO/USDT:USDT,0.1083,52067.9,0.1082,161924.9,0.1084,47925.4,0.1085,170422.6
1753591953002,04:52:33.002,binance,AEVO/USDT:USDT,0.1083,52067.9,0.1082,161924.9,0.1084,47925.4,0.1085,170422.6
1753591953777,04:52:33.777,binance,AEVO/USDT:USDT,0.1083,52073.5,0.1082,161924.9,0.1084,47925.4,0.1085,170020.8
1753591954250,04:52:34.250,binance,AEVO/USDT:USDT,0.1083,52073.5,0.1082,161924.9,0.1084,47925.4,0.1085,170020.8
1753591954988,04:52:34.988,binance,AEVO/USDT:USDT,0.1083,52073.5,0.1082,161924.9,0.1084,57879.2,0.1085,170422.6
1753591955241,04:52:35.241,binance,AEVO/USDT:USDT,0.1083,52073.5,0.1082,161924.9,0.1084,57879.2,0.1085,170422.6
1753591955541,04:52:35.541,binance,AEVO/USDT:USDT,0.1083,52073.5,0.1082,161924.9,0.1084,57879.2,0.1085,170422.6
1753591955771,04:52:35.771,binance,AEVO/USDT:USDT,0.1083,52073.5,0.1082,157970.8,0.1084,57879.2,0.1085,170422.6
1753591955886,04:52:35.886,binance,AEVO/USDT:USDT,0.1083,52073.5,0.1082,157569.0,0.1084,47925.4,0.1085,170422.6
1753591956090,04:52:36.090,binance,AEVO/USDT:USDT,0.1083,52073.5,0.1082,157970.8,0.1084,47925.4,0.1085,170422.6
1753591956702,04:52:36.702,binance,AEVO/USDT:USDT,0.1083,52073.5,0.1082,157970.8,0.1084,47925.4,0.1085,170422.6
1753591957271,04:52:37.271,binance,AEVO/USDT:USDT,0.1083,52073.5,0.1082,162587.5,0.1084,47925.4,0.1085,170422.6
1753591957911,04:52:37.911,binance,AEVO/USDT:USDT,0.1083,52073.5,0.1082,162587.5,0.1084,47925.4,0.1085,170020.8
1753591958102,04:52:38.102,binance,AEVO/USDT:USDT,0.1083,52073.5,0.1082,162587.5,0.1084,47925.4,0.1085,170020.8
1753591958402,04:52:38.402,binance,AEVO/USDT:USDT,0.1083,52073.5,0.1082,162587.5,0.1084,47925.4,0.1085,170020.8
1753591958550,04:52:38.550,binance,AEVO/USDT:USDT,0.1083,52073.5,0.1082,162587.5,0.1084,47925.4,0.1085,170020.8
1753591959002,04:52:39.002,binance,AEVO/USDT:USDT,0.1083,52073.5,0.1082,162587.5,0.1084,47925.4,0.1085,170020.8
1753591959540,04:52:39.540,binance,AEVO/USDT:USDT,0.1083,52073.5,0.1082,162587.5,0.1084,47925.4,0.1085,170020.8
1753591959813,04:52:39.813,binance,AEVO/USDT:USDT,0.1083,52073.5,0.1082,162587.5,0.1084,20971.5,0.1085,163098.9
1753591960107,04:52:40.107,binance,AEVO/USDT:USDT,0.1083,52073.5,0.1082,166541.6,0.1084,20971.5,0.1085,163098.9
1753591960569,04:52:40.569,binance,AEVO/USDT:USDT,0.1083,53937.1,0.1082,166541.6,0.1084,20971.5,0.1085,163098.9
1753591960684,04:52:40.684,binance,AEVO/USDT:USDT,0.1083,53937.1,0.1082,167463.1,0.1084,20971.5,0.1085,163098.9
1753591960868,04:52:40.868,binance,AEVO/USDT:USDT,0.1083,54204.8,0.1082,167463.1,0.1084,30925.3,0.1085,163098.9
1753591960975,04:52:40.975,binance,AEVO/USDT:USDT,0.1083,54204.8,0.1082,167463.1,0.1084,30925.3,0.1085,163098.9
1753591961131,04:52:41.131,binance,AEVO/USDT:USDT,0.1083,54204.8,0.1082,167463.1,0.1084,30925.3,0.1085,163098.9
1753591961661,04:52:41.661,binance,AEVO/USDT:USDT,0.1083,51667.5,0.1082,166541.6,0.1084,54247.0,0.1085,170394.7
1753591961893,04:52:41.893,binance,AEVO/USDT:USDT,0.1083,51667.5,0.1082,166541.6,0.1084,54247.0,0.1085,165785.6
1753591962202,04:52:42.202,binance,AEVO/USDT:USDT,0.1083,51667.5,0.1082,166541.6,0.1084,54247.0,0.1085,165785.6
1753591962670,04:52:42.670,binance,AEVO/USDT:USDT,0.1083,51805.7,0.1082,166541.6,0.1084,54293.2,0.1085,165785.6
1753591964242,04:52:44.242,binance,AEVO/USDT:USDT,0.1083,51495.3,0.1082,166541.6,0.1084,53982.8,0.1085,170394.7
1753591964405,04:52:44.405,binance,AEVO/USDT:USDT,0.1083,51495.3,0.1082,166541.6,0.1084,53982.8,0.1085,170394.7
1753591964580,04:52:44.580,binance,AEVO/USDT:USDT,0.1083,51495.3,0.1082,166541.6,0.1084,53982.8,0.1085,170394.7
1753591964681,04:52:44.681,binance,AEVO/USDT:USDT,0.1083,51495.3,0.1082,166541.6,0.1084,53982.8,0.1085,170394.7
1753591965002,04:52:45.002,binance,AEVO/USDT:USDT,0.1083,51495.3,0.1082,166541.6,0.1084,53982.8,0.1085,170394.7
1753591965316,04:52:45.316,binance,AEVO/USDT:USDT,0.1083,51495.3,0.1082,166541.6,0.1084,53982.8,0.1085,170394.7
1753591965498,04:52:45.498,binance,AEVO/USDT:USDT,0.1083,51495.3,0.1082,166541.6,0.1084,53982.8,0.1085,170394.7
1753591965775,04:52:45.775,binance,AEVO/USDT:USDT,0.1083,51495.3,0.1082,166541.6,0.1084,53982.8,0.1085,170394.7
1753591965894,04:52:45.894,binance,AEVO/USDT:USDT,0.1083,51495.3,0.1082,166541.6,0.1084,53982.8,0.1085,170394.7
1753591966065,04:52:46.065,binance,AEVO/USDT:USDT,0.1083,51495.3,0.1082,175330.2,0.1084,53982.8,0.1085,170394.7
1753591966202,04:52:46.202,binance,AEVO/USDT:USDT,0.1083,52190.5,0.1082,175330.2,0.1084,53982.8,0.1085,170394.7
1753591966478,04:52:46.478,binance,AEVO/USDT:USDT,0.1083,52190.5,0.1082,170974.3,0.1084,53982.8,0.1085,170394.7
1753591966586,04:52:46.586,binance,AEVO/USDT:USDT,0.1083,52207.1,0.1082,170974.3,0.1084,53982.8,0.1085,170394.7
1753591966802,04:52:46.802,binance,AEVO/USDT:USDT,0.1083,52207.1,0.1082,170974.3,0.1084,53982.8,0.1085,170394.7
1753591966943,04:52:46.943,binance,AEVO/USDT:USDT,0.1083,52207.1,0.1082,170974.3,0.1084,53982.8,0.1085,170394.7
1753591967390,04:52:47.390,binance,AEVO/USDT:USDT,0.1083,52207.1,0.1082,170974.3,0.1084,53982.8,0.1085,170394.7
1753591967500,04:52:47.500,binance,AEVO/USDT:USDT,0.1083,52207.1,0.1082,170974.3,0.1084,53982.8,0.1085,170394.7
1753591968062,04:52:48.062,binance,AEVO/USDT:USDT,0.1083,76214.0,0.1082,170974.3,0.1084,28376.2,0.1085,169992.9
1753591968210,04:52:48.210,binance,AEVO/USDT:USDT,0.1083,76214.0,0.1082,170974.3,0.1084,18376.2,0.1085,165383.8
1753591968560,04:52:48.560,binance,AEVO/USDT:USDT,0.1083,77136.0,0.1082,171895.8,0.1084,18376.2,0.1085,165383.8
1753591969011,04:52:49.011,binance,AEVO/USDT:USDT,0.1083,77136.0,0.1082,171895.8,0.1084,18376.2,0.1085,165383.8
1753591969552,04:52:49.552,binance,AEVO/USDT:USDT,0.1083,78058.9,0.1082,171895.8,0.1084,18376.2,0.1085,165383.8
1753591970544,04:52:50.544,binance,AEVO/USDT:USDT,0.1083,78051.7,0.1082,171895.8,0.1084,18376.2,0.1085,165383.8
1753591970647,04:52:50.647,binance,AEVO/USDT:USDT,0.1083,78051.7,0.1082,171895.8,0.1084,18376.2,0.1085,165383.8
1753591970802,04:52:50.802,binance,AEVO/USDT:USDT,0.1083,78051.7,0.1082,171895.8,0.1084,18376.2,0.1085,162618.9
1753591971658,04:52:51.658,binance,AEVO/USDT:USDT,0.1083,78051.7,0.1082,171895.8,0.1084,18376.2,0.1085,162618.9
1753591971770,04:52:51.770,binance,AEVO/USDT:USDT,0.1083,78051.7,0.1082,171895.8,0.1084,18376.2,0.1085,162618.9
1753591971872,04:52:51.872,binance,AEVO/USDT:USDT,0.1083,78051.7,0.1082,171895.8,0.1084,18376.2,0.1085,162618.9
1753591972281,04:52:52.281,binance,AEVO/USDT:USDT,0.1083,78051.7,0.1082,171895.8,0.1084,18376.2,0.1085,162618.9
1753591972385,04:52:52.385,binance,AEVO/USDT:USDT,0.1083,111115.4,0.1082,201123.7,0.1084,4678.3,0.1085,137677.3
1753591972489,04:52:52.489,binance,AEVO/USDT:USDT,0.1083,113692.6,0.1082,201123.7,0.1084,2403.4,0.1085,137677.3
1753591972590,04:52:52.590,binance,AEVO/USDT:USDT,0.1083,112733.1,0.1082,201123.7,0.1084,2403.4,0.1085,137677.3
1753591972723,04:52:52.723,binance,AEVO/USDT:USDT,0.1083,113656.0,0.1082,201123.7,0.1084,12403.4,0.1085,137907.6
1753591972825,04:52:52.825,binance,AEVO/USDT:USDT,0.1083,113609.8,0.1082,201123.7,0.1084,12403.4,0.1085,137907.6
1753591973137,04:52:53.137,binance,AEVO/USDT:USDT,0.1083,115492.2,0.1082,201123.7,0.1084,4506.2,0.1085,137907.6
1753591973273,04:52:53.273,binance,AEVO/USDT:USDT,0.1083,113609.8,0.1082,201123.7,0.1084,4506.2,0.1085,137907.6
1753591973555,04:52:53.555,binance,AEVO/USDT:USDT,0.1083,116375.4,0.1082,202968.1,0.1084,4552.4,0.1085,137907.6
1753591973666,04:52:53.666,binance,AEVO/USDT:USDT,0.1083,117252.1,0.1082,202968.1,0.1084,4552.4,0.1085,137907.6
1753591973867,04:52:53.867,binance,AEVO/USDT:USDT,0.1083,117252.1,0.1082,202968.1,0.1084,4552.4,0.1085,137907.6
1753591973970,04:52:53.970,binance,AEVO/USDT:USDT,0.1083,117252.1,0.1082,202968.1,0.1084,4552.4,0.1085,137907.6
1753591974458,04:52:54.458,binance,AEVO/USDT:USDT,0.1083,118267.4,0.1082,203891.0,0.1084,4552.4,0.1085,137907.6
1753591974559,04:52:54.559,binance,AEVO/USDT:USDT,0.1083,120113.2,0.1082,203891.0,0.1084,4552.4,0.1085,137907.6
1753591974720,04:52:54.720,binance,AEVO/USDT:USDT,0.1083,121036.1,0.1082,204819.1,0.1084,4552.4,0.1085,137907.6
1753591974884,04:52:54.884,binance,AEVO/USDT:USDT,0.1083,120989.9,0.1082,204819.1,0.1084,4552.4,0.1085,137907.6
1753591974992,04:52:54.992,binance,AEVO/USDT:USDT,0.1083,120989.9,0.1082,204819.1,0.1084,4552.4,0.1085,137907.6
1753591975100,04:52:55.100,binance,AEVO/USDT:USDT,0.1083,120989.9,0.1082,204819.1,0.1084,4552.4,0.1085,137907.6
1753591975201,04:52:55.201,binance,AEVO/USDT:USDT,0.1083,120989.9,0.1082,204819.1,0.1084,4552.4,0.1085,137907.6
1753591975754,04:52:55.754,binance,AEVO/USDT:USDT,0.1083,120067.0,0.1082,204819.1,0.1084,24552.4,0.1085,137907.6
1753591976202,04:52:56.202,binance,AEVO/USDT:USDT,0.1083,119144.1,0.1082,204819.1,0.1084,24552.4,0.1085,137907.6
1753591976528,04:52:56.528,binance,AEVO/USDT:USDT,0.1083,116153.9,0.1082,203897.6,0.1084,24552.4,0.1085,137907.6
1753591976734,04:52:56.734,binance,AEVO/USDT:USDT,0.1083,116153.9,0.1082,203897.6,0.1084,24552.4,0.1085,137907.6
1753591976902,04:52:56.902,binance,AEVO/USDT:USDT,0.1083,116153.9,0.1082,203897.6,0.1084,24552.4,0.1085,137907.6
1753591977900,04:52:57.900,binance,AEVO/USDT:USDT,0.1083,116153.9,0.1082,203897.6,0.1084,24552.4,0.1085,137907.6
1753591978421,04:52:58.421,binance,AEVO/USDT:USDT,0.1083,116153.9,0.1082,203897.6,0.1084,24552.4,0.1085,137907.6
1753591978533,04:52:58.533,binance,AEVO/USDT:USDT,0.1083,116153.9,0.1082,203897.6,0.1084,24552.4,0.1085,137907.6
1753591979532,04:52:59.532,binance,AEVO/USDT:USDT,0.1083,112281.8,0.1082,205619.1,0.1084,22251.1,0.1085,137907.6
1753591979635,04:52:59.635,binance,AEVO/USDT:USDT,0.1083,116943.1,0.1082,201001.2,0.1084,2251.1,0.1085,137907.6
1753591979736,04:52:59.736,binance,AEVO/USDT:USDT,0.1083,119711.8,0.1082,202845.6,0.1084,2403.4,0.1085,137907.6
1753591979965,04:52:59.965,binance,AEVO/USDT:USDT,0.1083,119711.8,0.1082,202845.6,0.1084,2403.4,0.1085,137907.6
1753591980322,04:53:00.322,binance,AEVO/USDT:USDT,0.1083,120588.5,0.1082,202845.6,0.1084,2403.4,0.1085,137907.6
1753591980523,04:53:00.523,binance,AEVO/USDT:USDT,0.1083,128017.9,0.1082,207759.6,0.1084,2403.4,0.1085,137907.6
1753591980650,04:53:00.650,binance,AEVO/USDT:USDT,0.1083,128017.9,0.1082,207759.6,0.1084,2403.4,0.1085,137907.6
1753591980833,04:53:00.833,binance,AEVO/USDT:USDT,0.1083,127971.7,0.1082,207759.6,0.1084,2403.4,0.1085,137195.0
1753591981094,04:53:01.094,binance,AEVO/USDT:USDT,0.1083,128017.9,0.1082,207759.6,0.1084,2403.4,0.1085,137195.0
1753591981524,04:53:01.524,binance,AEVO/USDT:USDT,0.1084,28441.2,0.1083,158729.6,0.1085,83325.6,0.1086,182513.0
1753591981626,04:53:01.626,binance,AEVO/USDT:USDT,0.1084,19447.4,0.1083,149397.6,0.1085,81966.7,0.1086,174951.4
1753591981730,04:53:01.730,binance,AEVO/USDT:USDT,0.1084,14766.0,0.1083,145357.0,0.1085,81966.7,0.1086,179271.0
1753591981832,04:53:01.832,binance,AEVO/USDT:USDT,0.1084,14766.0,0.1083,145357.0,0.1085,81966.7,0.1086,174454.3
1753591981949,04:53:01.949,binance,AEVO/USDT:USDT,0.1084,13890.6,0.1083,145357.0,0.1085,82012.9,0.1086,174454.3
1753591982090,04:53:02.090,binance,AEVO/USDT:USDT,0.1084,13890.6,0.1083,163489.1,0.1085,79727.1,0.1086,153874.2
1753591982314,04:53:02.314,binance,AEVO/USDT:USDT,0.1084,13890.6,0.1083,159295.1,0.1085,78799.0,0.1086,154282.3
1753591982451,04:53:02.451,binance,AEVO/USDT:USDT,0.1084,13890.6,0.1083,159895.2,0.1085,79721.0,0.1086,154282.3
1753591982680,04:53:02.680,binance,AEVO/USDT:USDT,0.1084,13890.6,0.1083,159895.2,0.1085,79721.0,0.1086,154282.3
1753591983202,04:53:03.202,binance,AEVO/USDT:USDT,0.1084,13890.6,0.1083,159487.1,0.1085,79721.0,0.1086,154282.3
1753591983577,04:53:03.577,binance,AEVO/USDT:USDT,0.1084,882.1,0.1083,169230.4,0.1085,93268.8,0.1086,151647.6
1753591983691,04:53:03.691,binance,AEVO/USDT:USDT,0.1084,882.1,0.1083,169230.4,0.1085,94190.8,0.1086,155335.9
1753591983794,04:53:03.794,binance,AEVO/USDT:USDT,0.1084,882.1,0.1083,169230.4,0.1085,95112.8,0.1086,156264.0
1753591984176,04:53:04.176,binance,AEVO/USDT:USDT,0.1084,882.1,0.1083,169230.4,0.1085,96034.8,0.1086,157287.0
1753591984455,04:53:04.455,binance,AEVO/USDT:USDT,0.1084,882.1,0.1083,169230.4,0.1085,96034.8,0.1086,156264.0
1753591984577,04:53:04.577,binance,AEVO/USDT:USDT,0.1083,82844.2,0.1082,207223.3,0.1084,39494.9,0.1085,117143.5
1753591984693,04:53:04.693,binance,AEVO/USDT:USDT,0.1083,86603.6,0.1082,207223.3,0.1084,15955.6,0.1085,116233.4
1753591984806,04:53:04.806,binance,AEVO/USDT:USDT,0.1083,89165.2,0.1082,207223.3,0.1084,15955.6,0.1085,116233.4
1753591984920,04:53:04.920,binance,AEVO/USDT:USDT,0.1083,91620.3,0.1082,207223.3,0.1084,16001.8,0.1085,116233.4
1753591985090,04:53:05.090,binance,AEVO/USDT:USDT,0.1083,91620.3,0.1082,207223.3,0.1084,16862.6,0.1085,116233.4
1753591985192,04:53:05.192,binance,AEVO/USDT:USDT,0.1083,91620.3,0.1082,207223.3,0.1084,16862.6,0.1085,120254.2
1753591985295,04:53:05.295,binance,AEVO/USDT:USDT,0.1083,91620.3,0.1082,207223.3,0.1084,16862.6,0.1085,120254.2
1753591985400,04:53:05.400,binance,AEVO/USDT:USDT,0.1083,93463.0,0.1082,209067.7,0.1084,16916.7,0.1085,116233.4
1753591985504,04:53:05.504,binance,AEVO/USDT:USDT,0.1083,101769.1,0.1082,210912.1,0.1084,13207.0,0.1085,116233.4
1753591985607,04:53:05.607,binance,AEVO/USDT:USDT,0.1084,4759.2,0.1083,156336.0,0.1085,100284.3,0.1086,144886.3
1753591985709,04:53:05.709,binance,AEVO/USDT:USDT,0.1083,115337.6,0.1082,207223.3,0.1084,11585.8,0.1085,137083.4
1753591985810,04:53:05.810,binance,AEVO/USDT:USDT,0.1083,123217.6,0.1082,210912.1,0.1084,1075.2,0.1085,136034.5
1753591985932,04:53:05.932,binance,AEVO/USDT:USDT,0.1084,11213.2,0.1083,154077.0,0.1085,105629.6,0.1086,144886.3
1753591986039,04:53:06.039,binance,AEVO/USDT:USDT,0.1084,3911.6,0.1083,147359.6,0.1085,108434.0,0.1086,147187.6
1753591986175,04:53:06.175,binance,AEVO/USDT:USDT,0.1083,99478.3,0.1082,210912.3,0.1084,4679.1,0.1085,137441.5
1753591986276,04:53:06.276,binance,AEVO/USDT:USDT,0.1083,107851.3,0.1082,210912.3,0.1084,3908.5,0.1085,136788.2
1753591986417,04:53:06.417,binance,AEVO/USDT:USDT,0.1083,106518.9,0.1082,209067.9,0.1084,3908.5,0.1085,136379.7
1753591986551,04:53:06.551,binance,AEVO/USDT:USDT,0.1083,100105.7,0.1082,207223.5,0.1084,13756.2,0.1085,136379.7
1753591986701,04:53:06.701,binance,AEVO/USDT:USDT,0.1083,102875.8,0.1082,207223.5,0.1084,13954.7,0.1085,136326.4
1753591986806,04:53:06.806,binance,AEVO/USDT:USDT,0.1083,102875.8,0.1082,207223.5,0.1084,13954.7,0.1085,136326.4
1753591986916,04:53:06.916,binance,AEVO/USDT:USDT,0.1083,102875.8,0.1082,207223.5,0.1084,27878.1,0.1085,135917.9
1753591987127,04:53:07.127,binance,AEVO/USDT:USDT,0.1083,103439.8,0.1082,207223.5,0.1084,27878.1,0.1085,135917.9
1753591987271,04:53:07.271,binance,AEVO/USDT:USDT,0.1083,103436.7,0.1082,207223.5,0.1084,27927.9,0.1085,135917.9
1753591987374,04:53:07.374,binance,AEVO/USDT:USDT,0.1083,103436.6,0.1082,208145.0,0.1084,27927.9,0.1085,135917.9
1753591987560,04:53:07.560,binance,AEVO/USDT:USDT,0.1083,107127.3,0.1082,208145.0,0.1084,27013.0,0.1085,135917.9
1753591987800,04:53:07.800,binance,AEVO/USDT:USDT,0.1083,107127.3,0.1082,208145.0,0.1084,28043.8,0.1085,135917.9
1753591987902,04:53:07.902,binance,AEVO/USDT:USDT,0.1083,107127.3,0.1082,208145.0,0.1084,28043.8,0.1085,135917.9
1753591988070,04:53:08.070,binance,AEVO/USDT:USDT,0.1083,92803.4,0.1082,184519.7,0.1084,35102.9,0.1085,152760.2
1753591988210,04:53:08.210,binance,AEVO/USDT:USDT,0.1083,89044.0,0.1082,184519.7,0.1084,28094.9,0.1085,157575.6
1753591988864,04:53:08.864,binance,AEVO/USDT:USDT,0.1083,126930.4,0.1082,174945.8,0.1084,28120.2,0.1085,152351.7
1753591988970,04:53:08.970,binance,AEVO/USDT:USDT,0.1083,126930.4,0.1082,184134.6,0.1084,28120.2,0.1085,152351.7
1753591989082,04:53:09.082,binance,AEVO/USDT:USDT,0.1083,126930.4,0.1082,189048.6,0.1084,28120.2,0.1085,152351.7
1753591989380,04:53:09.380,binance,AEVO/USDT:USDT,0.1083,126930.4,0.1082,189048.6,0.1084,28120.2,0.1085,152351.7
1753591989502,04:53:09.502,binance,AEVO/USDT:USDT,0.1083,126930.4,0.1082,189048.6,0.1084,28120.2,0.1085,152351.7
1753591989685,04:53:09.685,binance,AEVO/USDT:USDT,0.1083,126935.2,0.1082,189048.6,0.1084,28120.2,0.1085,152351.7
1753591989901,04:53:09.901,binance,AEVO/USDT:USDT,0.1083,126935.2,0.1082,189048.6,0.1084,28120.2,0.1085,152351.7
1753591990130,04:53:10.130,binance,AEVO/USDT:USDT,0.1083,126935.2,0.1082,189048.6,0.1084,28120.2,0.1085,152351.7
1753591990366,04:53:10.366,binance,AEVO/USDT:USDT,0.1083,127858.1,0.1082,189048.6,0.1084,28120.2,0.1085,152582.0
1753591990505,04:53:10.505,binance,AEVO/USDT:USDT,0.1083,126935.2,0.1082,189048.6,0.1084,28120.2,0.1085,152582.0
1753591990608,04:53:10.608,binance,AEVO/USDT:USDT,0.1083,126012.3,0.1082,189048.6,0.1084,28120.2,0.1085,152582.0
1753591991106,04:53:11.106,binance,AEVO/USDT:USDT,0.1083,126012.3,0.1082,189048.6,0.1084,28120.2,0.1085,152582.0
1753591991224,04:53:11.224,binance,AEVO/USDT:USDT,0.1083,126571.4,0.1082,188856.6,0.1084,28120.2,0.1085,152582.0
1753591991564,04:53:11.564,binance,AEVO/USDT:USDT,0.1083,126571.4,0.1082,188856.6,0.1084,28120.2,0.1085,152582.0
1753591991698,04:53:11.698,binance,AEVO/USDT:USDT,0.1083,126571.4,0.1082,188856.6,0.1084,28120.2,0.1085,152582.0
1753591991930,04:53:11.930,binance,AEVO/USDT:USDT,0.1083,108572.5,0.1082,165843.5,0.1084,61018.0,0.1085,153865.1
1753591992072,04:53:12.072,binance,AEVO/USDT:USDT,0.1083,104813.1,0.1082,165843.5,0.1084,53959.2,0.1085,153865.1
1753591992324,04:53:12.324,binance,AEVO/USDT:USDT,0.1083,104621.1,0.1082,166035.5,0.1084,54031.9,0.1085,153865.1
1753591992487,04:53:12.487,binance,AEVO/USDT:USDT,0.1083,100928.1,0.1082,160087.5,0.1084,54031.9,0.1085,153865.1
1753591992610,04:53:12.610,binance,AEVO/USDT:USDT,0.1083,97516.1,0.1082,164704.4,0.1084,64031.9,0.1085,153865.1
1753591992771,04:53:12.771,binance,AEVO/USDT:USDT,0.1083,96594.1,0.1082,164704.4,0.1084,64031.9,0.1085,158474.3
1753591992885,04:53:12.885,binance,AEVO/USDT:USDT,0.1083,96594.1,0.1082,164704.5,0.1084,64031.9,0.1085,161239.2
1753591993043,04:53:13.043,binance,AEVO/USDT:USDT,0.1083,96594.1,0.1082,164704.5,0.1084,64031.9,0.1085,156630.0
1753591993178,04:53:13.178,binance,AEVO/USDT:USDT,0.1083,96594.1,0.1082,164704.5,0.1084,54031.9,0.1085,156630.0
1753591993280,04:53:13.280,binance,AEVO/USDT:USDT,0.1083,96594.1,0.1082,164704.5,0.1084,54031.9,0.1085,156630.0
1753591993440,04:53:13.440,binance,AEVO/USDT:USDT,0.1083,96594.1,0.1082,164704.5,0.1084,54031.9,0.1085,162167.4
1753591993553,04:53:13.553,binance,AEVO/USDT:USDT,0.1083,96594.1,0.1082,164704.5,0.1084,63985.7,0.1085,162167.4
1753591993765,04:53:13.765,binance,AEVO/USDT:USDT,0.1083,96594.1,0.1082,164704.5,0.1084,63985.7,0.1085,172924.1
1753591993910,04:53:13.910,binance,AEVO/USDT:USDT,0.1083,96594.1,0.1082,164704.5,0.1084,63985.7,0.1085,168314.8
1753591994066,04:53:14.066,binance,AEVO/USDT:USDT,0.1083,96594.1,0.1082,164704.5,0.1084,54031.9,0.1085,168314.8
1753591994902,04:53:14.902,binance,AEVO/USDT:USDT,0.1083,96594.1,0.1082,164704.5,0.1084,54031.9,0.1085,168084.5
1753591995145,04:53:15.145,binance,AEVO/USDT:USDT,0.1083,96594.1,0.1082,163991.9,0.1084,53959.2,0.1085,169027.5
1753591995483,04:53:15.483,binance,AEVO/USDT:USDT,0.1083,96597.0,0.1082,163991.9,0.1084,53959.2,0.1085,169027.5
1753591995600,04:53:15.600,binance,AEVO/USDT:USDT,0.1083,96597.0,0.1082,163991.9,0.1084,53959.2,0.1085,169027.5
1753591995704,04:53:15.704,binance,AEVO/USDT:USDT,0.1083,96597.0,0.1082,163991.9,0.1084,53959.2,0.1085,169027.5
1753591996002,04:53:16.002,binance,AEVO/USDT:USDT,0.1083,96597.0,0.1082,163991.9,0.1084,53959.2,0.1085,169027.5
1753591996500,04:53:16.500,binance,AEVO/USDT:USDT,0.1083,96597.0,0.1082,163991.9,0.1084,53959.2,0.1085,166262.6
1753591996602,04:53:16.602,binance,AEVO/USDT:USDT,0.1083,96597.0,0.1082,163991.9,0.1084,53959.2,0.1085,166262.6
1753591997012,04:53:17.012,binance,AEVO/USDT:USDT,0.1083,96561.9,0.1082,163991.9,0.1084,53959.2,0.1085,166227.5
1753591997164,04:53:17.164,binance,AEVO/USDT:USDT,0.1083,96561.9,0.1082,163991.9,0.1084,53959.2,0.1085,166227.5
1753591997481,04:53:17.481,binance,AEVO/USDT:USDT,0.1083,96561.9,0.1082,163991.9,0.1084,53959.2,0.1085,166227.5
1753591997805,04:53:17.805,binance,AEVO/USDT:USDT,0.1083,93283.7,0.1082,167270.1,0.1084,53959.2,0.1085,166227.5
1753591998302,04:53:18.302,binance,AEVO/USDT:USDT,0.1083,93283.7,0.1082,167270.1,0.1084,53959.2,0.1085,170836.5
1753591998405,04:53:18.405,binance,AEVO/USDT:USDT,0.1083,93283.7,0.1082,167270.1,0.1084,53959.2,0.1085,170836.5
1753591998576,04:53:18.576,binance,AEVO/USDT:USDT,0.1083,93283.7,0.1082,167270.1,0.1084,53959.2,0.1085,170836.5
1753591998902,04:53:18.902,binance,AEVO/USDT:USDT,0.1083,106832.5,0.1082,185297.4,0.1084,52903.1,0.1085,161313.5
1753591999137,04:53:19.137,binance,AEVO/USDT:USDT,0.1083,111639.5,0.1082,190019.4,0.1084,52903.1,0.1085,133551.7
1753591999244,04:53:19.244,binance,AEVO/USDT:USDT,0.1083,109794.6,0.1082,190019.4,0.1084,28461.4,0.1085,133551.7
1753591999420,04:53:19.420,binance,AEVO/USDT:USDT,0.1083,109794.6,0.1082,190019.4,0.1084,28461.4,0.1085,133551.7
1753591999558,04:53:19.558,binance,AEVO/USDT:USDT,0.1083,110671.3,0.1082,190019.4,0.1084,28461.4,0.1085,122795.0
1753591999940,04:53:19.940,binance,AEVO/USDT:USDT,0.1083,110671.3,0.1082,190019.4,0.1084,28461.4,0.1085,122795.0
1753592000841,04:53:20.841,binance,AEVO/USDT:USDT,0.1083,110717.5,0.1082,190019.4,0.1084,28650.6,0.1085,121866.9
1753592001394,04:53:21.394,binance,AEVO/USDT:USDT,0.1083,110731.8,0.1082,190019.4,0.1084,28650.6,0.1085,121866.9
1753592001592,04:53:21.592,binance,AEVO/USDT:USDT,0.1083,111653.8,0.1082,190940.9,0.1084,18650.6,0.1085,121866.9
1753592001711,04:53:21.711,binance,AEVO/USDT:USDT,0.1083,116268.9,0.1082,186323.9,0.1084,5642.1,0.1085,121866.9
1753592001857,04:53:21.857,binance,AEVO/USDT:USDT,0.1083,117191.8,0.1082,186323.9,0.1084,5642.1,0.1085,121866.9
1753592002191,04:53:22.191,binance,AEVO/USDT:USDT,0.1083,117191.8,0.1082,186323.9,0.1084,5642.1,0.1085,121866.9
1753592002298,04:53:22.298,binance,AEVO/USDT:USDT,0.1083,117191.8,0.1082,186323.9,0.1084,5452.9,0.1085,121866.9
1753592002447,04:53:22.447,binance,AEVO/USDT:USDT,0.1083,118114.7,0.1082,186323.9,0.1084,5452.9,0.1085,121866.9
1753592002562,04:53:22.562,binance,AEVO/USDT:USDT,0.1083,120883.4,0.1082,186323.9,0.1084,5452.9,0.1085,121866.9
1753592002777,04:53:22.777,binance,AEVO/USDT:USDT,0.1083,120883.4,0.1082,186323.9,0.1084,5452.9,0.1085,121866.9
1753592002961,04:53:22.961,binance,AEVO/USDT:USDT,0.1083,122683.0,0.1082,187245.4,0.1084,5452.9,0.1085,121866.9
1753592003558,04:53:23.558,binance,AEVO/USDT:USDT,0.1083,126416.8,0.1082,188168.3,0.1084,2084.5,0.1085,121866.9
1753592003662,04:53:23.662,binance,AEVO/USDT:USDT,0.1083,138440.4,0.1082,189091.2,0.1084,2084.5,0.1085,121866.9
1753592003809,04:53:23.809,binance,AEVO/USDT:USDT,0.1083,139363.3,0.1082,189091.2,0.1084,2084.5,0.1085,121866.9
1753592003981,04:53:23.981,binance,AEVO/USDT:USDT,0.1083,140286.2,0.1082,189091.2,0.1084,2084.5,0.1085,121866.9
1753592004176,04:53:24.176,binance,AEVO/USDT:USDT,0.1083,140286.2,0.1082,189091.2,0.1084,2084.5,0.1085,121866.9
1753592004281,04:53:24.281,binance,AEVO/USDT:USDT,0.1083,140286.2,0.1082,189091.2,0.1084,2034.7,0.1085,121866.9
1753592004502,04:53:24.502,binance,AEVO/USDT:USDT,0.1083,142136.6,0.1082,189091.2,0.1084,2034.7,0.1085,121866.9
1753592004611,04:53:24.611,binance,AEVO/USDT:USDT,0.1083,143059.5,0.1082,189091.2,0.1084,2034.7,0.1085,121866.9
1753592004887,04:53:24.887,binance,AEVO/USDT:USDT,0.1083,143059.5,0.1082,189091.2,0.1084,2084.5,0.1085,114949.2
1753592005220,04:53:25.220,binance,AEVO/USDT:USDT,0.1083,143059.5,0.1082,189091.2,0.1084,2084.5,0.1085,114949.2
1753592005602,04:53:25.602,binance,AEVO/USDT:USDT,0.1083,143059.5,0.1082,189091.2,0.1084,2084.5,0.1085,114949.2
1753592005869,04:53:25.869,binance,AEVO/USDT:USDT,0.1083,142136.6,0.1082,189091.2,0.1084,2084.5,0.1085,114949.2
1753592006225,04:53:26.225,binance,AEVO/USDT:USDT,0.1083,143059.5,0.1082,189091.2,0.1084,2038.3,0.1085,114949.2
1753592006407,04:53:26.407,binance,AEVO/USDT:USDT,0.1083,143057.0,0.1082,189091.2,0.1084,2084.5,0.1085,114949.2
1753592006727,04:53:26.727,binance,AEVO/USDT:USDT,0.1083,143057.0,0.1082,189091.2,0.1084,2084.5,0.1085,114949.2
1753592007391,04:53:27.391,binance,AEVO/USDT:USDT,0.1083,143056.9,0.1082,189091.2,0.1084,2084.5,0.1085,114949.2
1753592007837,04:53:27.837,binance,AEVO/USDT:USDT,0.1083,143093.6,0.1082,189091.2,0.1084,2084.5,0.1085,114949.2
1753592008915,04:53:28.915,binance,AEVO/USDT:USDT,0.1083,147123.3,0.1082,183156.9,0.1084,2084.5,0.1085,114949.2
1753592009100,04:53:29.100,binance,AEVO/USDT:USDT,0.1083,147123.3,0.1082,183156.9,0.1084,2084.5,0.1085,114949.2
1753592009564,04:53:29.564,binance,AEVO/USDT:USDT,0.1083,148092.4,0.1082,183156.9,0.1084,2084.5,0.1085,114949.2
1753592009665,04:53:29.665,binance,AEVO/USDT:USDT,0.1083,149015.3,0.1082,183156.9,0.1084,2084.5,0.1085,114949.2
1753592009787,04:53:29.787,binance,AEVO/USDT:USDT,0.1083,152293.5,0.1082,179878.7,0.1084,2084.5,0.1085,142711.0
1753592009923,04:53:29.923,binance,AEVO/USDT:USDT,0.1083,151370.6,0.1082,179878.7,0.1084,2084.5,0.1085,142711.0
1753592010170,04:53:30.170,binance,AEVO/USDT:USDT,0.1083,152293.5,0.1082,179878.7,0.1084,2084.5,0.1085,142711.0
1753592010579,04:53:30.579,binance,AEVO/USDT:USDT,0.1083,152331.4,0.1082,179878.7,0.1084,2084.5,0.1085,142711.0
1753592010702,04:53:30.702,binance,AEVO/USDT:USDT,0.1083,152331.4,0.1082,179878.7,0.1084,2084.5,0.1085,142711.0
1753592010941,04:53:30.941,binance,AEVO/USDT:USDT,0.1083,152331.4,0.1082,179878.7,0.1084,2084.5,0.1085,142711.0
1753592011302,04:53:31.302,binance,AEVO/USDT:USDT,0.1083,152331.4,0.1082,179878.7,0.1084,2084.5,0.1085,142711.0
1753592011585,04:53:31.585,binance,AEVO/USDT:USDT,0.1083,152331.4,0.1082,179878.7,0.1084,2084.5,0.1085,142347.8
1753592011902,04:53:31.902,binance,AEVO/USDT:USDT,0.1083,152331.4,0.1082,179878.7,0.1084,2084.5,0.1085,142347.8
1753592012420,04:53:32.420,binance,AEVO/USDT:USDT,0.1083,152377.6,0.1082,179878.7,0.1084,2084.5,0.1085,142347.8
1753592012601,04:53:32.601,binance,AEVO/USDT:USDT,0.1083,152377.6,0.1082,179878.7,0.1084,2084.5,0.1085,142347.8
1753592013002,04:53:33.002,binance,AEVO/USDT:USDT,0.1083,152377.6,0.1082,179878.7,0.1084,2084.5,0.1085,142347.8
1753592013123,04:53:33.123,binance,AEVO/USDT:USDT,0.1083,152331.4,0.1082,179878.7,0.1084,2084.5,0.1085,142347.8
1753592013533,04:53:33.533,binance,AEVO/USDT:USDT,0.1083,152330.7,0.1082,179878.7,0.1084,2084.5,0.1085,142347.8
1753592013701,04:53:33.701,binance,AEVO/USDT:USDT,0.1083,152330.7,0.1082,179878.7,0.1084,2084.5,0.1085,142347.8
1753592014115,04:53:34.115,binance,AEVO/USDT:USDT,0.1083,152330.7,0.1082,179878.7,0.1084,2084.5,0.1085,142347.8
1753592014290,04:53:34.290,binance,AEVO/USDT:USDT,0.1083,152330.7,0.1082,179878.7,0.1084,2084.5,0.1085,142347.8
1753592014520,04:53:34.520,binance,AEVO/USDT:USDT,0.1083,152376.9,0.1082,179878.7,0.1084,2084.5,0.1085,142347.8
1753592014624,04:53:34.624,binance,AEVO/USDT:USDT,0.1083,152376.9,0.1082,179878.7,0.1084,2084.5,0.1085,142347.8
1753592015122,04:53:35.122,binance,AEVO/USDT:USDT,0.1083,152376.9,0.1082,179878.7,0.1084,2084.5,0.1085,142347.8
1753592015421,04:53:35.421,binance,AEVO/USDT:USDT,0.1083,152376.9,0.1082,179878.7,0.1084,2084.5,0.1085,145112.7
1753592015558,04:53:35.558,binance,AEVO/USDT:USDT,0.1083,152391.2,0.1082,179878.7,0.1084,2084.5,0.1085,145112.7
1753592015724,04:53:35.724,binance,AEVO/USDT:USDT,0.1083,152391.2,0.1082,179878.7,0.1084,2084.5,0.1085,145112.7
1753592015862,04:53:35.862,binance,AEVO/USDT:USDT,0.1083,149574.9,0.1082,179878.7,0.1084,2084.5,0.1085,145112.7
1753592016391,04:53:36.391,binance,AEVO/USDT:USDT,0.1083,149574.9,0.1082,179878.7,0.1084,2084.5,0.1085,145112.7
1753592016501,04:53:36.501,binance,AEVO/USDT:USDT,0.1083,152345.0,0.1082,179878.7,0.1084,2084.5,0.1085,145112.7
1753592016686,04:53:36.686,binance,AEVO/USDT:USDT,0.1083,152345.0,0.1082,179878.7,0.1084,2084.5,0.1085,145112.7
1753592016822,04:53:36.822,binance,AEVO/USDT:USDT,0.1083,155281.3,0.1082,179878.7,0.1084,2084.5,0.1085,145112.7
1753592017070,04:53:37.070,binance,AEVO/USDT:USDT,0.1083,172818.0,0.1082,179878.7,0.1084,2084.5,0.1085,145112.7
1753592017471,04:53:37.471,binance,AEVO/USDT:USDT,0.1083,156204.2,0.1082,179878.7,0.1084,2084.5,0.1085,145112.7
1753592017603,04:53:37.603,binance,AEVO/USDT:USDT,0.1084,24171.9,0.1083,184432.3,0.1085,81571.1,0.1086,152769.3
1753592017709,04:53:37.709,binance,AEVO/USDT:USDT,0.1084,18713.9,0.1083,177117.8,0.1085,75998.8,0.1086,158689.2
1753592017811,04:53:37.811,binance,AEVO/USDT:USDT,0.1084,14032.5,0.1083,184855.1,0.1085,76652.1,0.1086,158689.2
1753592017973,04:53:37.973,binance,AEVO/USDT:USDT,0.1084,13110.9,0.1083,184855.1,0.1085,73887.2,0.1086,153874.4
1753592018261,04:53:38.261,binance,AEVO/USDT:USDT,0.1084,13157.1,0.1083,184855.1,0.1085,88220.8,0.1086,153874.4
1753592018390,04:53:38.390,binance,AEVO/USDT:USDT,0.1084,13157.1,0.1083,184855.1,0.1085,88220.8,0.1086,153874.4
1753592018493,04:53:38.493,binance,AEVO/USDT:USDT,0.1084,13413.5,0.1083,180966.0,0.1085,88220.8,0.1086,153874.4
1753592018594,04:53:38.594,binance,AEVO/USDT:USDT,0.1084,13413.5,0.1083,179120.2,0.1085,89142.8,0.1086,153874.4
1753592018802,04:53:38.802,binance,AEVO/USDT:USDT,0.1084,13413.5,0.1083,179120.2,0.1085,89142.8,0.1086,153874.4
1753592018903,04:53:38.903,binance,AEVO/USDT:USDT,0.1084,13413.5,0.1083,179120.2,0.1085,89142.8,0.1086,153874.4
1753592019090,04:53:39.090,binance,AEVO/USDT:USDT,0.1084,13413.5,0.1083,179120.2,0.1085,89142.8,0.1086,153874.4
1753592019193,04:53:39.193,binance,AEVO/USDT:USDT,0.1084,13413.5,0.1083,179120.2,0.1085,89142.8,0.1086,153874.4
1753592019402,04:53:39.402,binance,AEVO/USDT:USDT,0.1084,13413.5,0.1083,179120.2,0.1085,89142.8,0.1086,153874.4
1753592019700,04:53:39.700,binance,AEVO/USDT:USDT,0.1084,13413.5,0.1083,179120.2,0.1085,89142.8,0.1086,153874.4
1753592020443,04:53:40.443,binance,AEVO/USDT:USDT,0.1084,38535.3,0.1083,179120.2,0.1085,62772.4,0.1086,153874.4
1753592020547,04:53:40.547,binance,AEVO/USDT:USDT,0.1084,38581.5,0.1083,179120.2,0.1085,62119.1,0.1086,153874.4
1753592020722,04:53:40.722,binance,AEVO/USDT:USDT,0.1084,38581.5,0.1083,179120.2,0.1085,63489.5,0.1086,153874.4
1753592020823,04:53:40.823,binance,AEVO/USDT:USDT,0.1084,38581.5,0.1083,179120.2,0.1085,63489.5,0.1086,153874.4
1753592021064,04:53:41.064,binance,AEVO/USDT:USDT,0.1084,14139.8,0.1083,179120.2,0.1085,63489.5,0.1086,153874.4
1753592021548,04:53:41.548,binance,AEVO/USDT:USDT,0.1084,13393.2,0.1083,177783.3,0.1085,64142.8,0.1086,153874.4
1753592021664,04:53:41.664,binance,AEVO/USDT:USDT,0.1084,13393.2,0.1083,177783.3,0.1085,64142.8,0.1086,144084.9
1753592022002,04:53:42.002,binance,AEVO/USDT:USDT,0.1084,13393.2,0.1083,177783.3,0.1085,64142.8,0.1086,144084.9
1753592022467,04:53:42.467,binance,AEVO/USDT:USDT,0.1084,13372.6,0.1083,177783.3,0.1085,73912.4,0.1086,144084.9
1753592022580,04:53:42.580,binance,AEVO/USDT:USDT,0.1084,13372.6,0.1083,177783.3,0.1085,73912.4,0.1086,144084.9
1753592022862,04:53:42.862,binance,AEVO/USDT:USDT,0.1084,13372.6,0.1083,177783.3,0.1085,74142.7,0.1086,142703.7
1753592023102,04:53:43.102,binance,AEVO/USDT:USDT,0.1084,38516.6,0.1083,182396.0,0.1085,62772.3,0.1086,142703.7
1753592023220,04:53:43.220,binance,AEVO/USDT:USDT,0.1084,38516.6,0.1083,182396.0,0.1085,62119.0,0.1086,142703.7
1753592023498,04:53:43.498,binance,AEVO/USDT:USDT,0.1084,38516.6,0.1083,182396.0,0.1085,62119.0,0.1086,142703.7
1753592023702,04:53:43.702,binance,AEVO/USDT:USDT,0.1084,38516.6,0.1083,182396.0,0.1085,64142.7,0.1086,142703.7
1753592023827,04:53:43.827,binance,AEVO/USDT:USDT,0.1084,38516.6,0.1083,182396.0,0.1085,63489.4,0.1086,142703.7
1753592024207,04:53:44.207,binance,AEVO/USDT:USDT,0.1084,38516.6,0.1083,182396.0,0.1085,73443.2,0.1086,142703.7
1753592024402,04:53:44.402,binance,AEVO/USDT:USDT,0.1084,39803.0,0.1083,181107.0,0.1085,73489.4,0.1086,142703.7
1753592024579,04:53:44.579,binance,AEVO/USDT:USDT,0.1084,39803.0,0.1083,181107.0,0.1085,63489.4,0.1086,142703.7
1753592024724,04:53:44.724,binance,AEVO/USDT:USDT,0.1084,39803.0,0.1083,194879.2,0.1085,65774.3,0.1086,168180.6
1753592024830,04:53:44.830,binance,AEVO/USDT:USDT,0.1084,39803.0,0.1083,194879.2,0.1085,65774.3,0.1086,168180.6
1753592025164,04:53:45.164,binance,AEVO/USDT:USDT,0.1084,39803.0,0.1083,194879.2,0.1085,65774.3,0.1086,168180.6
1753592025268,04:53:45.268,binance,AEVO/USDT:USDT,0.1084,39998.6,0.1083,194688.6,0.1085,65774.3,0.1086,170024.7
1753592025668,04:53:45.668,binance,AEVO/USDT:USDT,0.1084,40377.6,0.1083,194308.0,0.1085,65774.3,0.1086,170024.7
1753592026332,04:53:46.332,binance,AEVO/USDT:USDT,0.1084,40377.6,0.1083,194308.0,0.1085,65774.3,0.1086,170024.7
1753592026451,04:53:46.451,binance,AEVO/USDT:USDT,0.1084,40387.5,0.1083,194308.0,0.1085,64403.9,0.1086,170024.7
1753592026553,04:53:46.553,binance,AEVO/USDT:USDT,0.1084,40354.0,0.1083,194308.0,0.1085,64403.9,0.1086,170024.7
1753592027009,04:53:47.009,binance,AEVO/USDT:USDT,0.1084,53234.0,0.1083,227900.0,0.1085,55512.0,0.1086,140309.2
1753592027218,04:53:47.218,binance,AEVO/USDT:USDT,0.1084,53234.0,0.1083,227900.0,0.1085,55512.0,0.1086,140309.2
1753592027330,04:53:47.330,binance,AEVO/USDT:USDT,0.1084,46221.4,0.1083,227900.0,0.1085,55512.0,0.1086,140309.2
1753592027602,04:53:47.602,binance,AEVO/USDT:USDT,0.1084,46221.4,0.1083,227900.0,0.1085,55512.0,0.1086,140309.2
1753592028127,04:53:48.127,binance,AEVO/USDT:USDT,0.1084,46221.4,0.1083,227900.0,0.1085,30540.9,0.1086,164750.9
1753592028246,04:53:48.246,binance,AEVO/USDT:USDT,0.1084,46221.4,0.1083,227900.0,0.1085,29618.9,0.1086,164566.4
1753592028569,04:53:48.569,binance,AEVO/USDT:USDT,0.1084,46221.4,0.1083,227900.0,0.1085,29618.9,0.1086,163542.4
1753592028702,04:53:48.702,binance,AEVO/USDT:USDT,0.1084,46221.4,0.1083,227900.0,0.1085,29618.9,0.1086,163542.4
1753592029105,04:53:49.105,binance,AEVO/USDT:USDT,0.1084,46221.4,0.1083,227900.0,0.1085,29618.9,0.1086,163542.4
1753592029816,04:53:49.816,binance,AEVO/USDT:USDT,0.1084,46221.5,0.1083,227900.0,0.1085,29715.9,0.1086,163542.4
1753592030001,04:53:50.001,binance,AEVO/USDT:USDT,0.1084,46221.5,0.1083,227900.0,0.1085,29715.9,0.1086,163542.4
1753592030141,04:53:50.141,binance,AEVO/USDT:USDT,0.1084,46221.5,0.1083,227900.0,0.1085,39669.7,0.1086,163542.4
1753592030327,04:53:50.327,binance,AEVO/USDT:USDT,0.1084,46215.8,0.1083,227900.0,0.1085,64157.6,0.1086,163542.4
1753592030464,04:53:50.464,binance,AEVO/USDT:USDT,0.1084,46215.8,0.1083,227900.0,0.1085,64157.6,0.1086,163542.4
1753592031003,04:53:51.003,binance,AEVO/USDT:USDT,0.1084,46215.8,0.1083,227900.0,0.1085,64157.6,0.1086,163542.4
1753592031291,04:53:51.291,binance,AEVO/USDT:USDT,0.1084,46215.8,0.1083,227900.0,0.1085,64157.6,0.1086,163542.4
1753592031602,04:53:51.602,binance,AEVO/USDT:USDT,0.1084,46215.8,0.1083,227900.0,0.1085,64157.6,0.1086,163542.4
1753592032028,04:53:52.028,binance,AEVO/USDT:USDT,0.1084,46215.8,0.1083,227900.0,0.1085,64157.6,0.1086,163542.4
1753592032152,04:53:52.152,binance,AEVO/USDT:USDT,0.1084,46215.8,0.1083,227900.0,0.1085,64157.6,0.1086,163542.4
1753592032589,04:53:52.589,binance,AEVO/USDT:USDT,0.1084,46215.8,0.1083,227900.0,0.1085,64157.6,0.1086,163542.4
1753592032702,04:53:52.702,binance,AEVO/USDT:USDT,0.1084,46215.8,0.1083,227900.0,0.1085,64157.6,0.1086,163542.4
1753592033015,04:53:53.015,binance,AEVO/USDT:USDT,0.1084,46215.8,0.1083,227900.0,0.1085,64157.6,0.1086,163542.4
1753592033211,04:53:53.211,binance,AEVO/USDT:USDT,0.1084,46215.8,0.1083,227900.0,0.1085,64157.6,0.1086,163542.4
1753592033718,04:53:53.718,binance,AEVO/USDT:USDT,0.1084,46215.8,0.1083,227628.9,0.1085,64643.2,0.1086,163542.4
1753592033860,04:53:53.860,binance,AEVO/USDT:USDT,0.1084,46215.8,0.1083,227628.9,0.1085,64643.2,0.1086,163542.4
1753592034211,04:53:54.211,binance,AEVO/USDT:USDT,0.1084,46215.8,0.1083,227628.9,0.1085,64643.2,0.1086,163541.8
1753592034345,04:53:54.345,binance,AEVO/USDT:USDT,0.1084,46215.8,0.1083,227628.9,0.1085,64643.2,0.1086,163541.8
1753592034798,04:53:54.798,binance,AEVO/USDT:USDT,0.1084,46215.8,0.1083,227628.9,0.1085,64643.2,0.1086,163541.8
1753592034900,04:53:54.900,binance,AEVO/USDT:USDT,0.1084,46215.8,0.1083,227628.9,0.1085,64643.2,0.1086,163541.8
1753592035002,04:53:55.002,binance,AEVO/USDT:USDT,0.1084,46215.8,0.1083,227628.9,0.1085,64643.2,0.1086,163541.8
1753592035480,04:53:55.480,binance,AEVO/USDT:USDT,0.1084,46215.8,0.1083,227628.9,0.1085,64643.2,0.1086,163541.8
1753592036261,04:53:56.261,binance,AEVO/USDT:USDT,0.1084,46215.8,0.1083,227628.9,0.1085,64643.2,0.1086,163541.8
1753592036581,04:53:56.581,binance,AEVO/USDT:USDT,0.1084,46215.8,0.1083,227628.9,0.1085,64643.2,0.1086,163541.8
1753592036700,04:53:56.700,binance,AEVO/USDT:USDT,0.1084,46215.8,0.1083,227628.9,0.1085,64643.2,0.1086,163541.8
1753592037670,04:53:57.670,binance,AEVO/USDT:USDT,0.1084,46215.8,0.1083,227628.9,0.1085,64643.2,0.1086,163541.8
1753592037773,04:53:57.773,binance,AEVO/USDT:USDT,0.1084,48937.1,0.1083,227628.9,0.1085,54689.4,0.1086,163541.8
1753592037881,04:53:57.881,binance,AEVO/USDT:USDT,0.1084,46215.8,0.1083,227628.9,0.1085,54689.4,0.1086,163541.8
1753592038730,04:53:58.730,binance,AEVO/USDT:USDT,0.1084,46215.8,0.1083,227628.9,0.1085,54689.4,0.1086,163541.8
1753592039578,04:53:59.578,binance,AEVO/USDT:USDT,0.1084,46215.8,0.1083,227628.9,0.1085,54459.1,0.1086,163541.8
1753592039697,04:53:59.697,binance,AEVO/USDT:USDT,0.1084,58336.3,0.1083,215567.9,0.1085,20777.1,0.1086,127720.3
1753592039907,04:53:59.907,binance,AEVO/USDT:USDT,0.1084,60333.4,0.1083,216496.0,0.1085,22808.5,0.1086,119423.9
1753592040035,04:54:00.035,binance,AEVO/USDT:USDT,0.1084,63269.7,0.1083,213559.7,0.1085,17053.4,0.1086,119331.7
1753592040202,04:54:00.202,binance,AEVO/USDT:USDT,0.1084,60691.4,0.1083,208944.6,0.1085,18046.0,0.1086,119331.7
1753592040367,04:54:00.367,binance,AEVO/USDT:USDT,0.1084,60691.4,0.1083,208944.6,0.1085,18046.0,0.1086,119561.9
1753592040638,04:54:00.638,binance,AEVO/USDT:USDT,0.1084,64323.6,0.1083,213557.3,0.1085,18188.9,0.1086,119561.9
1753592040819,04:54:00.819,binance,AEVO/USDT:USDT,0.1084,65245.2,0.1083,213557.3,0.1085,18188.9,0.1086,119561.9
1753592040941,04:54:00.941,binance,AEVO/USDT:USDT,0.1084,65245.2,0.1083,213557.3,0.1085,18188.9,0.1086,119561.9
1753592041193,04:54:01.193,binance,AEVO/USDT:USDT,0.1084,65245.2,0.1083,213557.3,0.1085,18188.9,0.1086,119561.9
1753592041366,04:54:01.366,binance,AEVO/USDT:USDT,0.1084,65245.1,0.1083,213557.3,0.1085,18188.9,0.1086,119561.9
1753592041491,04:54:01.491,binance,AEVO/USDT:USDT,0.1084,65245.1,0.1083,214478.4,0.1085,18188.9,0.1086,119561.9
1753592041595,04:54:01.595,binance,AEVO/USDT:USDT,0.1084,66167.1,0.1083,214478.4,0.1085,18188.9,0.1086,119561.9
1753592041717,04:54:01.717,binance,AEVO/USDT:USDT,0.1084,66731.1,0.1083,214478.4,0.1085,18188.9,0.1086,119561.9
1753592041967,04:54:01.967,binance,AEVO/USDT:USDT,0.1084,71295.8,0.1083,209865.7,0.1085,4494.5,0.1086,119561.9
1753592042080,04:54:02.080,binance,AEVO/USDT:USDT,0.1084,73186.0,0.1083,209865.7,0.1085,4494.5,0.1086,119561.9
1753592042445,04:54:02.445,binance,AEVO/USDT:USDT,0.1084,75903.2,0.1083,209865.7,0.1085,4494.5,0.1086,119561.9
1753592042562,04:54:02.562,binance,AEVO/USDT:USDT,0.1084,77793.4,0.1083,210786.8,0.1085,4494.5,0.1086,119561.9
1753592043065,04:54:03.065,binance,AEVO/USDT:USDT,0.1084,77793.4,0.1083,210786.8,0.1085,4494.5,0.1086,119561.9
1753592043177,04:54:03.177,binance,AEVO/USDT:USDT,0.1084,77793.4,0.1083,210786.8,0.1085,4494.5,0.1086,119561.9
1753592043332,04:54:03.332,binance,AEVO/USDT:USDT,0.1084,77875.2,0.1083,210786.8,0.1085,4494.5,0.1086,119561.9
1753592043460,04:54:03.460,binance,AEVO/USDT:USDT,0.1084,77909.3,0.1083,210786.8,0.1085,4861.3,0.1086,119561.9
1753592043571,04:54:03.571,binance,AEVO/USDT:USDT,0.1084,95429.8,0.1083,210786.8,0.1085,4861.3,0.1086,119561.9
1753592043702,04:54:03.702,binance,AEVO/USDT:USDT,0.1084,95429.8,0.1083,210786.8,0.1085,4861.3,0.1086,119561.9
1753592043986,04:54:03.986,binance,AEVO/USDT:USDT,0.1084,95429.8,0.1083,210786.8,0.1085,4861.3,0.1086,109027.4
1753592044261,04:54:04.261,binance,AEVO/USDT:USDT,0.1084,95429.8,0.1083,210786.8,0.1085,4861.3,0.1086,109027.4
1753592044378,04:54:04.378,binance,AEVO/USDT:USDT,0.1085,29667.2,0.1084,134228.6,0.1086,69912.6,0.1087,148653.7
1753592044479,04:54:04.479,binance,AEVO/USDT:USDT,0.1085,25033.2,0.1084,125860.9,0.1086,72194.3,0.1087,148653.7
1753592044587,04:54:04.587,binance,AEVO/USDT:USDT,0.1085,21273.8,0.1084,121767.7,0.1086,69431.9,0.1087,150578.4
1753592044937,04:54:04.937,binance,AEVO/USDT:USDT,0.1085,21319.9,0.1084,121767.7,0.1086,79478.0,0.1087,151926.5
1753592045043,04:54:05.043,binance,AEVO/USDT:USDT,0.1085,21319.9,0.1084,125903.4,0.1086,79478.0,0.1087,151926.5
1753592045164,04:54:05.164,binance,AEVO/USDT:USDT,0.1085,21319.9,0.1084,121767.7,0.1086,69478.0,0.1087,151926.5
1753592045301,04:54:05.301,binance,AEVO/USDT:USDT,0.1085,21319.9,0.1084,121767.7,0.1086,69478.0,0.1087,151926.5
1753592045423,04:54:05.423,binance,AEVO/USDT:USDT,0.1085,21319.9,0.1084,121767.7,0.1086,69754.0,0.1087,151926.6
1753592045545,04:54:05.545,binance,AEVO/USDT:USDT,0.1085,21319.9,0.1084,121767.7,0.1086,69523.8,0.1087,151926.6
1753592045841,04:54:05.841,binance,AEVO/USDT:USDT,0.1085,21319.9,0.1084,121767.7,0.1086,69523.8,0.1087,151926.6
1753592046010,04:54:06.010,binance,AEVO/USDT:USDT,0.1085,21319.9,0.1084,121767.7,0.1086,70618.4,0.1087,151926.6
1753592046237,04:54:06.237,binance,AEVO/USDT:USDT,0.1085,21319.9,0.1084,121767.7,0.1086,70618.4,0.1087,151926.6
1753592046469,04:54:06.469,binance,AEVO/USDT:USDT,0.1085,21319.9,0.1084,121767.7,0.1086,70848.7,0.1087,151926.6
1753592046604,04:54:06.604,binance,AEVO/USDT:USDT,0.1085,21319.9,0.1084,121767.7,0.1086,69927.5,0.1087,151926.6
1753592046726,04:54:06.726,binance,AEVO/USDT:USDT,0.1085,21697.1,0.1084,121388.8,0.1086,69927.5,0.1087,151926.6
1753592047170,04:54:07.170,binance,AEVO/USDT:USDT,0.1085,21697.1,0.1084,121388.8,0.1086,69927.5,0.1087,151926.6
1753592047290,04:54:07.290,binance,AEVO/USDT:USDT,0.1085,21697.1,0.1084,121388.8,0.1086,69927.5,0.1087,151926.6
1753592047460,04:54:07.460,binance,AEVO/USDT:USDT,0.1085,21697.1,0.1084,121388.8,0.1086,69927.5,0.1087,151926.6
1753592047875,04:54:07.875,binance,AEVO/USDT:USDT,0.1085,21697.1,0.1084,124336.7,0.1086,79881.4,0.1087,151926.6
1753592047977,04:54:07.977,binance,AEVO/USDT:USDT,0.1085,21697.1,0.1084,124336.7,0.1086,79881.4,0.1087,151926.6
1753592048135,04:54:08.135,binance,AEVO/USDT:USDT,0.1085,21697.1,0.1084,124336.7,0.1086,74780.8,0.1087,151926.6
1753592048302,04:54:08.302,binance,AEVO/USDT:USDT,0.1085,21697.1,0.1084,124336.7,0.1086,74780.8,0.1087,151926.6
1753592048502,04:54:08.502,binance,AEVO/USDT:USDT,0.1085,22999.1,0.1084,123006.3,0.1086,74780.8,0.1087,151926.6
1753592048609,04:54:08.609,binance,AEVO/USDT:USDT,0.1085,23045.2,0.1084,123006.3,0.1086,64780.8,0.1087,151926.6
1753592048780,04:54:08.780,binance,AEVO/USDT:USDT,0.1085,23045.2,0.1084,140056.7,0.1086,67065.7,0.1087,199633.6
1753592049102,04:54:09.102,binance,AEVO/USDT:USDT,0.1085,23045.2,0.1084,140056.7,0.1086,67065.7,0.1087,199633.6
1753592049255,04:54:09.255,binance,AEVO/USDT:USDT,0.1085,23045.2,0.1084,140056.7,0.1086,67065.7,0.1087,199633.6
1753592049402,04:54:09.402,binance,AEVO/USDT:USDT,0.1085,23045.2,0.1084,140056.7,0.1086,67065.7,0.1087,199633.6
1753592049588,04:54:09.588,binance,AEVO/USDT:USDT,0.1085,23045.2,0.1084,140056.7,0.1086,67065.7,0.1087,199633.6
1753592049690,04:54:09.690,binance,AEVO/USDT:USDT,0.1085,23045.2,0.1084,140056.7,0.1086,67065.7,0.1087,199633.6
1753592049801,04:54:09.801,binance,AEVO/USDT:USDT,0.1085,23045.2,0.1084,140056.7,0.1086,67065.7,0.1087,199633.6
1753592049902,04:54:09.902,binance,AEVO/USDT:USDT,0.1085,23045.2,0.1084,140056.7,0.1086,67065.7,0.1087,199633.6
1753592050071,04:54:10.071,binance,AEVO/USDT:USDT,0.1085,48333.0,0.1084,140056.7,0.1086,65695.1,0.1087,199633.6
1753592050175,04:54:10.175,binance,AEVO/USDT:USDT,0.1085,48333.0,0.1084,144607.5,0.1086,65041.8,0.1087,195032.3
1753592050383,04:54:10.383,binance,AEVO/USDT:USDT,0.1085,48333.0,0.1084,144607.5,0.1086,65041.8,0.1087,191242.1
1753592050619,04:54:10.619,binance,AEVO/USDT:USDT,0.1085,48333.0,0.1084,144607.5,0.1086,62756.9,0.1087,185559.4
1753592050741,04:54:10.741,binance,AEVO/USDT:USDT,0.1085,48333.0,0.1084,144607.5,0.1086,62572.2,0.1087,185559.4
1753592050851,04:54:10.851,binance,AEVO/USDT:USDT,0.1085,48333.0,0.1084,144607.5,0.1086,62572.2,0.1087,185559.4
1753592051302,04:54:11.302,binance,AEVO/USDT:USDT,0.1085,48333.0,0.1084,144607.5,0.1086,62572.2,0.1087,190160.1
1753592051421,04:54:11.421,binance,AEVO/USDT:USDT,0.1085,48333.0,0.1084,144607.5,0.1086,62572.2,0.1087,185559.3
1753592051565,04:54:11.565,binance,AEVO/USDT:USDT,0.1085,48333.0,0.1084,144607.5,0.1086,62572.2,0.1087,190160.0
1753592051681,04:54:11.681,binance,AEVO/USDT:USDT,0.1085,48333.0,0.1084,139996.6,0.1086,62572.2,0.1087,190160.0
1753592051831,04:54:11.831,binance,AEVO/USDT:USDT,0.1085,48333.0,0.1084,139996.6,0.1086,62572.2,0.1087,190160.0
1753592051964,04:54:11.964,binance,AEVO/USDT:USDT,0.1085,48333.0,0.1084,139996.6,0.1086,62572.2,0.1087,190160.0
1753592052255,04:54:12.255,binance,AEVO/USDT:USDT,0.1085,48333.0,0.1084,144605.0,0.1086,62572.2,0.1087,190160.0
1753592052401,04:54:12.401,binance,AEVO/USDT:USDT,0.1085,48392.8,0.1084,144605.0,0.1086,62572.2,0.1087,190160.0
1753592052560,04:54:12.560,binance,AEVO/USDT:USDT,0.1085,48392.8,0.1084,144605.0,0.1086,62572.2,0.1087,190160.0
1753592052720,04:54:12.720,binance,AEVO/USDT:USDT,0.1085,48563.4,0.1084,144605.0,0.1086,62572.2,0.1087,190160.0
1753592052970,04:54:12.970,binance,AEVO/USDT:USDT,0.1085,48563.4,0.1084,144605.0,0.1086,62572.2,0.1087,190160.0
1753592053315,04:54:13.315,binance,AEVO/USDT:USDT,0.1085,48793.4,0.1084,144376.8,0.1086,62572.2,0.1087,190160.0
1753592054090,04:54:14.090,binance,AEVO/USDT:USDT,0.1085,48793.4,0.1084,144376.8,0.1086,62572.2,0.1087,190160.0
1753592054202,04:54:14.202,binance,AEVO/USDT:USDT,0.1085,48793.4,0.1084,144376.8,0.1086,62572.2,0.1087,188780.1
1753592055170,04:54:15.170,binance,AEVO/USDT:USDT,0.1085,48793.4,0.1084,151965.3,0.1086,62572.2,0.1087,188780.1
1753592055302,04:54:15.302,binance,AEVO/USDT:USDT,0.1085,48793.4,0.1084,151965.3,0.1086,62572.2,0.1087,188780.1
1753592055446,04:54:15.446,binance,AEVO/USDT:USDT,0.1085,48793.4,0.1084,151965.3,0.1086,62572.2,0.1087,188780.1
1753592055579,04:54:15.579,binance,AEVO/USDT:USDT,0.1085,48787.7,0.1084,147356.9,0.1086,63942.8,0.1087,188780.1
1753592055690,04:54:15.690,binance,AEVO/USDT:USDT,0.1085,48787.7,0.1084,147356.9,0.1086,63942.8,0.1087,188780.1
1753592055851,04:54:15.851,binance,AEVO/USDT:USDT,0.1085,20131.5,0.1084,147356.9,0.1086,73942.8,0.1087,193386.2
1753592055965,04:54:15.965,binance,AEVO/USDT:USDT,0.1085,20131.5,0.1084,147356.9,0.1086,74596.1,0.1087,193386.2
1753592056088,04:54:16.088,binance,AEVO/USDT:USDT,0.1085,15080.0,0.1084,147356.9,0.1086,74596.1,0.1087,193386.2
1753592056202,04:54:16.202,binance,AEVO/USDT:USDT,0.1085,13985.4,0.1084,147356.9,0.1086,73501.5,0.1087,193386.2
1753592056320,04:54:16.320,binance,AEVO/USDT:USDT,0.1085,13985.4,0.1084,147356.9,0.1086,73501.5,0.1087,193386.2
1753592056466,04:54:16.466,binance,AEVO/USDT:USDT,0.1085,13985.4,0.1084,147356.9,0.1086,73501.5,0.1087,193386.2
1753592056641,04:54:16.641,binance,AEVO/USDT:USDT,0.1085,13985.4,0.1084,147356.9,0.1086,73501.5,0.1087,193386.2
1753592056748,04:54:16.748,binance,AEVO/USDT:USDT,0.1085,13985.4,0.1084,147356.9,0.1086,73501.5,0.1087,193386.2
1753592056997,04:54:16.997,binance,AEVO/USDT:USDT,0.1085,13985.4,0.1084,147356.9,0.1086,73501.5,0.1087,193386.2
1753592057250,04:54:17.250,binance,AEVO/USDT:USDT,0.1085,13985.4,0.1084,147356.9,0.1086,73501.5,0.1087,193386.2
1753592057445,04:54:17.445,binance,AEVO/USDT:USDT,0.1085,13985.4,0.1084,147356.9,0.1086,73501.5,0.1087,193386.2
1753592057577,04:54:17.577,binance,AEVO/USDT:USDT,0.1085,13985.4,0.1084,147356.9,0.1086,73501.5,0.1087,193386.2
1753592057730,04:54:17.730,binance,AEVO/USDT:USDT,0.1085,13985.4,0.1084,147356.9,0.1086,73501.5,0.1087,193386.2
1753592057854,04:54:17.854,binance,AEVO/USDT:USDT,0.1085,13985.4,0.1084,147356.9,0.1086,73501.5,0.1087,193386.2
1753592058210,04:54:18.210,binance,AEVO/USDT:USDT,0.1085,13985.4,0.1084,147356.9,0.1086,73501.5,0.1087,193386.2
1753592058345,04:54:18.345,binance,AEVO/USDT:USDT,0.1085,13985.4,0.1084,147356.9,0.1086,73501.5,0.1087,193386.2
1753592058525,04:54:18.525,binance,AEVO/USDT:USDT,0.1085,13985.4,0.1084,147356.9,0.1086,73501.5,0.1087,193386.2
1753592058740,04:54:18.740,binance,AEVO/USDT:USDT,0.1085,13985.4,0.1084,147356.9,0.1086,73501.5,0.1087,193386.2
1753592058860,04:54:18.860,binance,AEVO/USDT:USDT,0.1085,14088.5,0.1084,147356.9,0.1086,73501.5,0.1087,193386.2
1753592059291,04:54:19.291,binance,AEVO/USDT:USDT,0.1085,14088.5,0.1084,147356.9,0.1086,73501.5,0.1087,193386.2
1753592059480,04:54:19.480,binance,AEVO/USDT:USDT,0.1085,14088.5,0.1084,147356.9,0.1086,73501.5,0.1087,193386.2
1753592059850,04:54:19.850,binance,AEVO/USDT:USDT,0.1085,14088.5,0.1084,147356.9,0.1086,73501.5,0.1087,193386.2
1753592059953,04:54:19.953,binance,AEVO/USDT:USDT,0.1085,14088.5,0.1084,147356.9,0.1086,73501.5,0.1087,193386.2
1753592060361,04:54:20.361,binance,AEVO/USDT:USDT,0.1085,14088.5,0.1084,147356.9,0.1086,73501.5,0.1087,193386.2
1753592060490,04:54:20.490,binance,AEVO/USDT:USDT,0.1085,14088.5,0.1084,147356.9,0.1086,73501.5,0.1087,193386.2
1753592060664,04:54:20.664,binance,AEVO/USDT:USDT,0.1085,14088.5,0.1084,133584.7,0.1086,81501.1,0.1087,154722.3
1753592060870,04:54:20.870,binance,AEVO/USDT:USDT,0.1085,14088.5,0.1084,133584.7,0.1086,81501.1,0.1087,154722.3
1753592061102,04:54:21.102,binance,AEVO/USDT:USDT,0.1085,14088.5,0.1084,133584.7,0.1086,83832.1,0.1087,152437.4
1753592061264,04:54:21.264,binance,AEVO/USDT:USDT,0.1085,14366.6,0.1084,133312.9,0.1086,83832.1,0.1087,152437.4
1753592061390,04:54:21.390,binance,AEVO/USDT:USDT,0.1085,14366.6,0.1084,133312.9,0.1086,83832.1,0.1087,152437.4
1753592061641,04:54:21.641,binance,AEVO/USDT:USDT,0.1085,14366.6,0.1084,133312.9,0.1086,81547.2,0.1087,154722.3
1753592061802,04:54:21.802,binance,AEVO/USDT:USDT,0.1085,14366.6,0.1084,133312.9,0.1086,81547.2,0.1087,154722.3
1753592062340,04:54:22.340,binance,AEVO/USDT:USDT,0.1085,14366.6,0.1084,130602.7,0.1086,81547.2,0.1087,154722.3
1753592062491,04:54:22.491,binance,AEVO/USDT:USDT,0.1085,14385.8,0.1084,130602.7,0.1086,81547.2,0.1087,154722.3
1753592062642,04:54:22.642,binance,AEVO/USDT:USDT,0.1085,14385.8,0.1084,130602.7,0.1086,81547.2,0.1087,143394.3
1753592062773,04:54:22.773,binance,AEVO/USDT:USDT,0.1085,14385.8,0.1084,130602.7,0.1086,91501.1,0.1087,143394.3
1753592063054,04:54:23.054,binance,AEVO/USDT:USDT,0.1085,14385.8,0.1084,130602.7,0.1086,91675.9,0.1087,143394.3
1753592063422,04:54:23.422,binance,AEVO/USDT:USDT,0.1085,14385.8,0.1084,130602.7,0.1086,91675.9,0.1087,143394.3
1753592063524,04:54:23.524,binance,AEVO/USDT:USDT,0.1085,14342.9,0.1084,130602.7,0.1086,91547.2,0.1087,143394.3
1753592063650,04:54:23.650,binance,AEVO/USDT:USDT,0.1085,14389.0,0.1084,130602.7,0.1086,91675.9,0.1087,143394.3
1753592064019,04:54:24.019,binance,AEVO/USDT:USDT,0.1085,14389.0,0.1084,130602.7,0.1086,81547.2,0.1087,143394.3
1753592064131,04:54:24.131,binance,AEVO/USDT:USDT,0.1085,14389.0,0.1084,130602.7,0.1086,81547.2,0.1087,143394.3
1753592064303,04:54:24.303,binance,AEVO/USDT:USDT,0.1085,14389.0,0.1084,130602.7,0.1086,81547.2,0.1087,143394.3
1753592064421,04:54:24.421,binance,AEVO/USDT:USDT,0.1085,14389.0,0.1084,130602.7,0.1086,81547.2,0.1087,143394.3
1753592064572,04:54:24.572,binance,AEVO/USDT:USDT,0.1085,14389.0,0.1084,130602.7,0.1086,81547.2,0.1087,143394.3
1753592064700,04:54:24.700,binance,AEVO/USDT:USDT,0.1085,14389.0,0.1084,130602.7,0.1086,81547.2,0.1087,143394.3
1753592065040,04:54:25.040,binance,AEVO/USDT:USDT,0.1085,14389.0,0.1084,130602.7,0.1086,83832.1,0.1087,141109.4
1753592065202,04:54:25.202,binance,AEVO/USDT:USDT,0.1085,14389.0,0.1084,135211.4,0.1086,83832.1,0.1087,141109.4
1753592065603,04:54:25.603,binance,AEVO/USDT:USDT,0.1085,14389.0,0.1084,135211.4,0.1086,81547.2,0.1087,143394.3
1753592065720,04:54:25.720,binance,AEVO/USDT:USDT,0.1085,14389.0,0.1084,135211.4,0.1086,81547.2,0.1087,143394.3
1753592066040,04:54:26.040,binance,AEVO/USDT:USDT,0.1085,14389.0,0.1084,135211.4,0.1086,81547.2,0.1087,143394.3
1753592066260,04:54:26.260,binance,AEVO/USDT:USDT,0.1085,14389.0,0.1084,135211.4,0.1086,81547.2,0.1087,143394.3
1753592066406,04:54:26.406,binance,AEVO/USDT:USDT,0.1085,14389.0,0.1084,130602.7,0.1086,71547.2,0.1087,143394.3
1753592066524,04:54:26.524,binance,AEVO/USDT:USDT,0.1085,14389.0,0.1084,130602.7,0.1086,70893.9,0.1087,143394.3
1753592066651,04:54:26.651,binance,AEVO/USDT:USDT,0.1085,14389.0,0.1084,130602.7,0.1086,70893.9,0.1087,143394.3
1753592066780,04:54:26.780,binance,AEVO/USDT:USDT,0.1085,14389.0,0.1084,130602.7,0.1086,70893.9,0.1087,143394.3
1753592066882,04:54:26.882,binance,AEVO/USDT:USDT,0.1085,14389.0,0.1084,130602.7,0.1086,70893.9,0.1087,143394.3
1753592067023,04:54:27.023,binance,AEVO/USDT:USDT,0.1085,14389.0,0.1084,130602.7,0.1086,70893.9,0.1087,143394.3
1753592067179,04:54:27.179,binance,AEVO/USDT:USDT,0.1085,14389.0,0.1084,130602.7,0.1086,70893.9,0.1087,143394.3
1753592067290,04:54:27.290,binance,AEVO/USDT:USDT,0.1085,14389.0,0.1084,130602.7,0.1086,70893.9,0.1087,143394.3
1753592067503,04:54:27.503,binance,AEVO/USDT:USDT,0.1085,56446.3,0.1084,170539.5,0.1086,26958.0,0.1087,91280.1
1753592067606,04:54:27.606,binance,AEVO/USDT:USDT,0.1085,64200.2,0.1084,170539.5,0.1086,26036.8,0.1087,91280.1
1753592067720,04:54:27.720,binance,AEVO/USDT:USDT,0.1085,66938.5,0.1084,170539.5,0.1086,26036.8,0.1087,97190.6
1753592067855,04:54:27.855,binance,AEVO/USDT:USDT,0.1085,66938.5,0.1084,170539.5,0.1086,26036.8,0.1087,97190.6
1753592067960,04:54:27.960,binance,AEVO/USDT:USDT,0.1085,66938.5,0.1084,170539.5,0.1086,26036.8,0.1087,97190.6
1753592068061,04:54:28.061,binance,AEVO/USDT:USDT,0.1085,66938.5,0.1084,170539.5,0.1086,26036.8,0.1087,97190.6
1753592068390,04:54:28.390,binance,AEVO/USDT:USDT,0.1085,66938.5,0.1084,170539.5,0.1086,26036.8,0.1087,97190.6
1753592068602,04:54:28.602,binance,AEVO/USDT:USDT,0.1085,66938.5,0.1084,170539.5,0.1086,26036.8,0.1087,97190.6
1753592068708,04:54:28.708,binance,AEVO/USDT:USDT,0.1085,66938.5,0.1084,170539.5,0.1086,26036.8,0.1087,97190.6
1753592068923,04:54:28.923,binance,AEVO/USDT:USDT,0.1085,66938.5,0.1084,171467.6,0.1086,26036.8,0.1087,96262.5
1753592069026,04:54:29.026,binance,AEVO/USDT:USDT,0.1085,66938.5,0.1084,171467.6,0.1086,26036.8,0.1087,96262.5
1753592069579,04:54:29.579,binance,AEVO/USDT:USDT,0.1085,66938.5,0.1084,171467.6,0.1086,26036.8,0.1087,96262.5
1753592069701,04:54:29.701,binance,AEVO/USDT:USDT,0.1085,66938.5,0.1084,171467.6,0.1086,26036.8,0.1087,96262.5
1753592069835,04:54:29.835,binance,AEVO/USDT:USDT,0.1085,66938.5,0.1084,171467.6,0.1086,26036.8,0.1087,95549.9
1753592070170,04:54:30.170,binance,AEVO/USDT:USDT,0.1085,66938.5,0.1084,171467.6,0.1086,26036.8,0.1087,95549.9
1753592070280,04:54:30.280,binance,AEVO/USDT:USDT,0.1085,66938.5,0.1084,171467.6,0.1086,26036.8,0.1087,95549.9
1753592071136,04:54:31.136,binance,AEVO/USDT:USDT,0.1085,66938.5,0.1084,171467.6,0.1086,26087.6,0.1087,95549.9
1753592071240,04:54:31.240,binance,AEVO/USDT:USDT,0.1085,66938.5,0.1084,171467.6,0.1086,26087.6,0.1087,95549.9
1753592071664,04:54:31.664,binance,AEVO/USDT:USDT,0.1085,66938.5,0.1084,171467.6,0.1086,26087.6,0.1087,95549.9
1753592072267,04:54:32.267,binance,AEVO/USDT:USDT,0.1085,67143.3,0.1084,171467.6,0.1086,26087.6,0.1087,95549.9
1753592072900,04:54:32.900,binance,AEVO/USDT:USDT,0.1085,70421.5,0.1084,181961.6,0.1086,26087.6,0.1087,147826.7
1753592073088,04:54:33.088,binance,AEVO/USDT:USDT,0.1085,70421.5,0.1084,181961.6,0.1086,26087.6,0.1087,147872.7
1753592073189,04:54:33.189,binance,AEVO/USDT:USDT,0.1085,70421.5,0.1084,181961.6,0.1086,26087.6,0.1087,147872.7
1753592073378,04:54:33.378,binance,AEVO/USDT:USDT,0.1085,70421.5,0.1084,181961.6,0.1086,26087.6,0.1087,147872.7
1753592073890,04:54:33.890,binance,AEVO/USDT:USDT,0.1085,70421.5,0.1084,181961.6,0.1086,26087.6,0.1087,147872.7
1753592074001,04:54:34.001,binance,AEVO/USDT:USDT,0.1085,70421.5,0.1084,181961.6,0.1086,26087.6,0.1087,147872.7
1753592074402,04:54:34.402,binance,AEVO/USDT:USDT,0.1085,70421.5,0.1084,181961.6,0.1086,25724.9,0.1087,147872.7
1753592074577,04:54:34.577,binance,AEVO/USDT:USDT,0.1085,60624.4,0.1084,181961.6,0.1086,26759.3,0.1087,147872.7
1753592074681,04:54:34.681,binance,AEVO/USDT:USDT,0.1085,52083.2,0.1084,157550.7,0.1086,49976.4,0.1087,148294.1
1753592074803,04:54:34.803,binance,AEVO/USDT:USDT,0.1085,48805.0,0.1084,147478.1,0.1086,49976.4,0.1087,103831.9
1753592074999,04:54:34.999,binance,AEVO/USDT:USDT,0.1085,44776.9,0.1084,153386.3,0.1086,49976.4,0.1087,103831.9
1753592075148,04:54:35.148,binance,AEVO/USDT:USDT,0.1085,44776.9,0.1084,153386.3,0.1086,49976.4,0.1087,105674.3
1753592075360,04:54:35.360,binance,AEVO/USDT:USDT,0.1085,44776.9,0.1084,153386.3,0.1086,49976.4,0.1087,105674.3
1753592075762,04:54:35.762,binance,AEVO/USDT:USDT,0.1085,55595.1,0.1084,153386.3,0.1086,49976.4,0.1087,105674.3
1753592075870,04:54:35.870,binance,AEVO/USDT:USDT,0.1085,55595.1,0.1084,153386.3,0.1086,49976.4,0.1087,105674.3
1753592076271,04:54:36.271,binance,AEVO/USDT:USDT,0.1085,55595.6,0.1084,153386.3,0.1086,49976.4,0.1087,105674.3
1753592076400,04:54:36.400,binance,AEVO/USDT:USDT,0.1085,55595.6,0.1084,153386.3,0.1086,49976.4,0.1087,105674.3
1753592076501,04:54:36.501,binance,AEVO/USDT:USDT,0.1085,55595.6,0.1084,153386.3,0.1086,49976.4,0.1087,105674.3
1753592076757,04:54:36.757,binance,AEVO/USDT:USDT,0.1085,45283.8,0.1084,153386.3,0.1086,49976.4,0.1087,105674.3
1753592076862,04:54:36.862,binance,AEVO/USDT:USDT,0.1085,39588.0,0.1084,148050.9,0.1086,64930.3,0.1087,105674.3
1753592077002,04:54:37.002,binance,AEVO/USDT:USDT,0.1085,40285.4,0.1084,148050.9,0.1086,65897.6,0.1087,105674.3
1753592077157,04:54:37.157,binance,AEVO/USDT:USDT,0.1085,40285.4,0.1084,148050.9,0.1086,65897.6,0.1087,105674.3
1753592077851,04:54:37.851,binance,AEVO/USDT:USDT,0.1085,40384.6,0.1084,148050.9,0.1086,50897.6,0.1087,105674.3
1753592078007,04:54:38.007,binance,AEVO/USDT:USDT,0.1085,40384.6,0.1084,148050.9,0.1086,50897.6,0.1087,105674.3
1753592078178,04:54:38.178,binance,AEVO/USDT:USDT,0.1085,40384.6,0.1084,148050.9,0.1086,50897.6,0.1087,105674.3
1753592078353,04:54:38.353,binance,AEVO/USDT:USDT,0.1085,40384.6,0.1084,148050.9,0.1086,50897.6,0.1087,105674.3
1753592078580,04:54:38.580,binance,AEVO/USDT:USDT,0.1085,40384.6,0.1084,148050.9,0.1086,50897.6,0.1087,105674.3
1753592078902,04:54:38.902,binance,AEVO/USDT:USDT,0.1085,40384.6,0.1084,148050.9,0.1086,50897.6,0.1087,105674.3
1753592079121,04:54:39.121,binance,AEVO/USDT:USDT,0.1085,40384.6,0.1084,148050.9,0.1086,50897.6,0.1087,105674.3
1753592079291,04:54:39.291,binance,AEVO/USDT:USDT,0.1085,39588.0,0.1084,148472.8,0.1086,53660.0,0.1087,102914.5
1753592079610,04:54:39.610,binance,AEVO/USDT:USDT,0.1085,39598.6,0.1084,148050.9,0.1086,63613.9,0.1087,102914.5
1753592079766,04:54:39.766,binance,AEVO/USDT:USDT,0.1085,16381.5,0.1084,148050.9,0.1086,63660.0,0.1087,102914.5
1753592079870,04:54:39.870,binance,AEVO/USDT:USDT,0.1085,16381.5,0.1084,148050.9,0.1086,64313.3,0.1087,102914.5
1753592080061,04:54:40.061,binance,AEVO/USDT:USDT,0.1085,16381.5,0.1084,148050.9,0.1086,64313.3,0.1087,107520.6
1753592080164,04:54:40.164,binance,AEVO/USDT:USDT,0.1085,14782.1,0.1084,161823.1,0.1086,71372.1,0.1087,167027.1
1753592080265,04:54:40.265,binance,AEVO/USDT:USDT,0.1085,14782.1,0.1084,161823.1,0.1086,71372.1,0.1087,167027.1
1753592080765,04:54:40.765,binance,AEVO/USDT:USDT,0.1085,14782.1,0.1084,161823.1,0.1086,80580.9,0.1087,167027.1
1753592080920,04:54:40.920,binance,AEVO/USDT:USDT,0.1085,14782.1,0.1084,161823.1,0.1086,80580.9,0.1087,167027.1
1753592081202,04:54:41.202,binance,AEVO/USDT:USDT,0.1085,14782.1,0.1084,161823.1,0.1086,80580.9,0.1087,162426.4
1753592081441,04:54:41.441,binance,AEVO/USDT:USDT,0.1085,14782.1,0.1084,161823.1,0.1086,80580.9,0.1087,162426.4
1753592081656,04:54:41.656,binance,AEVO/USDT:USDT,0.1085,14782.1,0.1084,161823.1,0.1086,81548.2,0.1087,162426.4
1753592081771,04:54:41.771,binance,AEVO/USDT:USDT,0.1085,14738.5,0.1084,161823.1,0.1086,81548.2,0.1087,167027.1
1753592082016,04:54:42.016,binance,AEVO/USDT:USDT,0.1084,105104.4,0.1083,210441.3,0.1085,19154.2,0.1086,140714.3
1753592082119,04:54:42.119,binance,AEVO/USDT:USDT,0.1084,107911.5,0.1083,158826.3,0.1085,17462.4,0.1086,140061.0
1753592082254,04:54:42.254,binance,AEVO/USDT:USDT,0.1084,110818.8,0.1083,158826.3,0.1085,17462.4,0.1086,140061.0
1753592082386,04:54:42.386,binance,AEVO/USDT:USDT,0.1084,112706.4,0.1083,160669.4,0.1085,17508.6,0.1086,140061.0
1753592082521,04:54:42.521,binance,AEVO/USDT:USDT,0.1084,119114.2,0.1083,162090.2,0.1085,17508.6,0.1086,140061.0
1753592082660,04:54:42.660,binance,AEVO/USDT:USDT,0.1084,116037.6,0.1083,167125.3,0.1085,17508.6,0.1086,140061.0
1753592082790,04:54:42.790,binance,AEVO/USDT:USDT,0.1084,116037.6,0.1083,166941.1,0.1085,17508.6,0.1086,140061.0
1753592082904,04:54:42.904,binance,AEVO/USDT:USDT,0.1084,114194.2,0.1083,166941.1,0.1085,17508.6,0.1086,140061.0
1753592083040,04:54:43.040,binance,AEVO/USDT:USDT,0.1084,112582.0,0.1083,166019.1,0.1085,17508.6,0.1086,140061.0
1753592083150,04:54:43.150,binance,AEVO/USDT:USDT,0.1084,112582.0,0.1083,166019.1,0.1085,17508.6,0.1086,140015.1
1753592083290,04:54:43.290,binance,AEVO/USDT:USDT,0.1084,112582.0,0.1083,166019.1,0.1085,17508.6,0.1086,140015.1
1753592083416,04:54:43.416,binance,AEVO/USDT:USDT,0.1084,112628.2,0.1083,165097.1,0.1085,17508.6,0.1086,140015.1
1753592083549,04:54:43.549,binance,AEVO/USDT:USDT,0.1084,112582.0,0.1083,164176.0,0.1085,17738.9,0.1086,140015.1
1753592083701,04:54:43.701,binance,AEVO/USDT:USDT,0.1084,111706.2,0.1083,164176.0,0.1085,17738.9,0.1086,140015.1
1753592083808,04:54:43.808,binance,AEVO/USDT:USDT,0.1084,111706.2,0.1083,164176.0,0.1085,17738.9,0.1086,140015.1
1753592083915,04:54:43.915,binance,AEVO/USDT:USDT,0.1084,111706.2,0.1083,164176.0,0.1085,17738.9,0.1086,140015.1
1753592084032,04:54:44.032,binance,AEVO/USDT:USDT,0.1084,111706.2,0.1083,164176.0,0.1085,17738.9,0.1086,140015.1
1753592084326,04:54:44.326,binance,AEVO/USDT:USDT,0.1084,113549.6,0.1083,164176.0,0.1085,17738.9,0.1086,140015.1
1753592084473,04:54:44.473,binance,AEVO/USDT:USDT,0.1084,113503.4,0.1083,164176.0,0.1085,17738.9,0.1086,140015.1
1753592084578,04:54:44.578,binance,AEVO/USDT:USDT,0.1084,113503.4,0.1083,164176.0,0.1085,17738.9,0.1086,140015.1
1753592084752,04:54:44.752,binance,AEVO/USDT:USDT,0.1084,113503.4,0.1083,164176.0,0.1085,17738.9,0.1086,140015.1
1753592084900,04:54:44.900,binance,AEVO/USDT:USDT,0.1084,113503.4,0.1083,164176.0,0.1085,17738.9,0.1086,140015.1
1753592085012,04:54:45.012,binance,AEVO/USDT:USDT,0.1084,113549.6,0.1083,164176.0,0.1085,17738.9,0.1086,140015.1
1753592085178,04:54:45.178,binance,AEVO/USDT:USDT,0.1084,113549.6,0.1083,164176.0,0.1085,17738.9,0.1086,140015.1
1753592085400,04:54:45.400,binance,AEVO/USDT:USDT,0.1084,113549.6,0.1083,164176.0,0.1085,17738.9,0.1086,140015.1
1753592085507,04:54:45.507,binance,AEVO/USDT:USDT,0.1084,113549.6,0.1083,164176.0,0.1085,17738.9,0.1086,140015.1
1753592085971,04:54:45.971,binance,AEVO/USDT:USDT,0.1084,116317.1,0.1083,164176.0,0.1085,17738.9,0.1086,140015.1
1753592086247,04:54:46.247,binance,AEVO/USDT:USDT,0.1084,117239.1,0.1083,164176.0,0.1085,17738.9,0.1086,140015.1
1753592086462,04:54:46.462,binance,AEVO/USDT:USDT,0.1084,119083.1,0.1083,164176.0,0.1085,16854.0,0.1086,140015.1
1753592086564,04:54:46.564,binance,AEVO/USDT:USDT,0.1084,103406.6,0.1083,165097.1,0.1085,17925.9,0.1086,140015.1
1753592086762,04:54:46.762,binance,AEVO/USDT:USDT,0.1084,108017.5,0.1083,160484.2,0.1085,17972.1,0.1086,140015.1
1753592087223,04:54:47.223,binance,AEVO/USDT:USDT,0.1084,115320.7,0.1083,160484.2,0.1085,4019.3,0.1086,140015.1
1753592087520,04:54:47.520,binance,AEVO/USDT:USDT,0.1084,116242.7,0.1083,160484.2,0.1085,4019.3,0.1086,140015.1
1753592087789,04:54:47.789,binance,AEVO/USDT:USDT,0.1084,103392.5,0.1083,174256.4,0.1085,4019.3,0.1086,162245.2
1753592087900,04:54:47.900,binance,AEVO/USDT:USDT,0.1084,103392.5,0.1083,174256.4,0.1085,4019.3,0.1086,162245.2
1753592088023,04:54:48.023,binance,AEVO/USDT:USDT,0.1084,103148.1,0.1083,174256.4,0.1085,4019.3,0.1086,162245.2
1753592088562,04:54:48.562,binance,AEVO/USDT:USDT,0.1084,103148.1,0.1083,174256.4,0.1085,4019.3,0.1086,162245.2
1753592088680,04:54:48.680,binance,AEVO/USDT:USDT,0.1084,103148.1,0.1083,174256.4,0.1085,4019.3,0.1086,162245.2
1753592089102,04:54:49.102,binance,AEVO/USDT:USDT,0.1084,103101.9,0.1083,174256.4,0.1085,4019.3,0.1086,162245.2
1753592089275,04:54:49.275,binance,AEVO/USDT:USDT,0.1084,119746.6,0.1083,174256.4,0.1085,4019.3,0.1086,162245.2
1753592089378,04:54:49.378,binance,AEVO/USDT:USDT,0.1084,103148.1,0.1083,238906.9,0.1085,4019.3,0.1086,162245.2
1753592089801,04:54:49.801,binance,AEVO/USDT:USDT,0.1084,103148.1,0.1083,238906.9,0.1085,4019.3,0.1086,162245.2
1753592090264,04:54:50.264,binance,AEVO/USDT:USDT,0.1084,103148.1,0.1083,238906.9,0.1085,4019.3,0.1086,162245.2
1753592090380,04:54:50.380,binance,AEVO/USDT:USDT,0.1084,103148.1,0.1083,238906.9,0.1085,4019.3,0.1086,162245.2
1753592090789,04:54:50.789,binance,AEVO/USDT:USDT,0.1084,116920.3,0.1083,225134.7,0.1085,4019.3,0.1086,140015.1
1753592090902,04:54:50.902,binance,AEVO/USDT:USDT,0.1084,116920.3,0.1083,225134.7,0.1085,4019.3,0.1086,140437.3
1753592091003,04:54:51.003,binance,AEVO/USDT:USDT,0.1084,116920.3,0.1083,225134.7,0.1085,4019.3,0.1086,140015.1
1753592091105,04:54:51.105,binance,AEVO/USDT:USDT,0.1084,116920.3,0.1083,225134.7,0.1085,4019.3,0.1086,140015.1
1753592091264,04:54:51.264,binance,AEVO/USDT:USDT,0.1084,116920.3,0.1083,225134.7,0.1085,4019.3,0.1086,140015.1
1753592091488,04:54:51.488,binance,AEVO/USDT:USDT,0.1084,116920.3,0.1083,225134.7,0.1085,4019.3,0.1086,140015.1
1753592091592,04:54:51.592,binance,AEVO/USDT:USDT,0.1084,116920.3,0.1083,226056.7,0.1085,4019.3,0.1086,140015.1
1753592092102,04:54:52.102,binance,AEVO/USDT:USDT,0.1084,116920.3,0.1083,226056.7,0.1085,4019.3,0.1086,140015.1
1753592092320,04:54:52.320,binance,AEVO/USDT:USDT,0.1084,134394.6,0.1083,213013.4,0.1085,4019.3,0.1086,140015.1
1753592092423,04:54:52.423,binance,AEVO/USDT:USDT,0.1084,134685.2,0.1083,213013.4,0.1085,4019.3,0.1086,140015.1
1753592092555,04:54:52.555,binance,AEVO/USDT:USDT,0.1084,119008.7,0.1083,213935.4,0.1085,4019.3,0.1086,140015.1
1753592092691,04:54:52.691,binance,AEVO/USDT:USDT,0.1084,119008.7,0.1083,219702.1,0.1085,4019.3,0.1086,140015.1
1753592093122,04:54:53.122,binance,AEVO/USDT:USDT,0.1084,118764.3,0.1083,219702.1,0.1085,4019.3,0.1086,140015.1
1753592093424,04:54:53.424,binance,AEVO/USDT:USDT,0.1084,119008.7,0.1083,219702.1,0.1085,4019.3,0.1086,140015.1
1753592093580,04:54:53.580,binance,AEVO/USDT:USDT,0.1084,118764.3,0.1083,219702.1,0.1085,4019.3,0.1086,140015.1
1753592093702,04:54:53.702,binance,AEVO/USDT:USDT,0.1084,104992.1,0.1083,233474.3,0.1085,4019.3,0.1086,140015.1
1753592094113,04:54:54.113,binance,AEVO/USDT:USDT,0.1084,121590.6,0.1083,233474.3,0.1085,4019.3,0.1086,140015.1
1753592094230,04:54:54.230,binance,AEVO/USDT:USDT,0.1084,104992.1,0.1083,233474.3,0.1085,4754.5,0.1086,140015.1
1753592094640,04:54:54.640,binance,AEVO/USDT:USDT,0.1084,121590.6,0.1083,233474.3,0.1085,4019.3,0.1086,140015.1
1753592095081,04:54:55.081,binance,AEVO/USDT:USDT,0.1084,121835.0,0.1083,233474.3,0.1085,4019.3,0.1086,140015.1
1753592095240,04:54:55.240,binance,AEVO/USDT:USDT,0.1084,121835.0,0.1083,233474.3,0.1085,4019.3,0.1086,140015.1
1753592095400,04:54:55.400,binance,AEVO/USDT:USDT,0.1084,121835.0,0.1083,233474.3,0.1085,4019.3,0.1086,140015.1
1753592095969,04:54:55.969,binance,AEVO/USDT:USDT,0.1084,121835.0,0.1083,233474.3,0.1085,13290.2,0.1086,140015.1
1753592096092,04:54:56.092,binance,AEVO/USDT:USDT,0.1084,121590.6,0.1083,233474.3,0.1085,13290.2,0.1086,140015.1
1753592096280,04:54:56.280,binance,AEVO/USDT:USDT,0.1084,121590.6,0.1083,233474.3,0.1085,13290.2,0.1086,140015.1
1753592096802,04:54:56.802,binance,AEVO/USDT:USDT,0.1084,121590.6,0.1083,233474.3,0.1085,13290.2,0.1086,140015.1
1753592097311,04:54:57.311,binance,AEVO/USDT:USDT,0.1084,121590.6,0.1083,233474.3,0.1085,13290.2,0.1086,140015.1
1753592097431,04:54:57.431,binance,AEVO/USDT:USDT,0.1084,121590.6,0.1083,233474.3,0.1085,13290.2,0.1086,140015.1
1753592097629,04:54:57.629,binance,AEVO/USDT:USDT,0.1084,121590.6,0.1083,233474.3,0.1085,13290.2,0.1086,140015.1
1753592097824,04:54:57.824,binance,AEVO/USDT:USDT,0.1084,121835.0,0.1083,233474.3,0.1085,13290.2,0.1086,140015.1
1753592097930,04:54:57.930,binance,AEVO/USDT:USDT,0.1084,121835.0,0.1083,233474.3,0.1085,12342.7,0.1086,140015.1
1753592098041,04:54:58.041,binance,AEVO/USDT:USDT,0.1084,118927.7,0.1083,233474.3,0.1085,13227.8,0.1086,140015.1
1753592098199,04:54:58.199,binance,AEVO/USDT:USDT,0.1084,121683.2,0.1083,233474.3,0.1085,13227.8,0.1086,140015.1
1753592098402,04:54:58.402,binance,AEVO/USDT:USDT,0.1084,121683.2,0.1083,233474.3,0.1085,13227.8,0.1086,140015.1
1753592098538,04:54:58.538,binance,AEVO/USDT:USDT,0.1084,121683.2,0.1083,233474.3,0.1085,13227.8,0.1086,140015.1
1753592098730,04:54:58.730,binance,AEVO/USDT:USDT,0.1084,121895.0,0.1083,233474.3,0.1085,12342.7,0.1086,140015.1
1753592098848,04:54:58.848,binance,AEVO/USDT:USDT,0.1084,124204.8,0.1083,233474.3,0.1085,12342.7,0.1086,140015.1
1753592099100,04:54:59.100,binance,AEVO/USDT:USDT,0.1084,124877.8,0.1083,233474.3,0.1085,6109.8,0.1086,135412.2
1753592099273,04:54:59.273,binance,AEVO/USDT:USDT,0.1084,124877.8,0.1083,233474.3,0.1085,7045.1,0.1086,135412.2
1753592099381,04:54:59.381,binance,AEVO/USDT:USDT,0.1084,124877.8,0.1083,233474.3,0.1085,6262.0,0.1086,135412.2
1753592099502,04:54:59.502,binance,AEVO/USDT:USDT,0.1084,124877.8,0.1083,233474.3,0.1085,6262.0,0.1086,135412.2
1753592099613,04:54:59.613,binance,AEVO/USDT:USDT,0.1084,126721.8,0.1083,233474.3,0.1085,6262.0,0.1086,135412.2
1753592099789,04:54:59.789,binance,AEVO/USDT:USDT,0.1084,126721.8,0.1083,233474.3,0.1085,6262.0,0.1086,157642.3
1753592099896,04:54:59.896,binance,AEVO/USDT:USDT,0.1084,107818.1,0.1083,233474.3,0.1085,7075.4,0.1086,157642.3
1753592100102,04:55:00.102,binance,AEVO/USDT:USDT,0.1084,107818.1,0.1083,233428.1,0.1085,19875.0,0.1086,162244.8
1753592100224,04:55:00.224,binance,AEVO/USDT:USDT,0.1084,107573.7,0.1083,233428.1,0.1085,19875.0,0.1086,162244.8
1753592100333,04:55:00.333,binance,AEVO/USDT:USDT,0.1084,108449.5,0.1083,233428.1,0.1085,19875.0,0.1086,162244.8
1753592100481,04:55:00.481,binance,AEVO/USDT:USDT,0.1084,125970.0,0.1083,233428.1,0.1085,19707.8,0.1086,162244.8
1753592100661,04:55:00.661,binance,AEVO/USDT:USDT,0.1084,125970.0,0.1083,233428.1,0.1085,19707.8,0.1086,162244.8
1753592101141,04:55:01.141,binance,AEVO/USDT:USDT,0.1084,128321.4,0.1083,233428.1,0.1085,19707.8,0.1086,162244.8
1753592101516,04:55:01.516,binance,AEVO/USDT:USDT,0.1084,128321.4,0.1083,233428.1,0.1085,6094.8,0.1086,157642.3
1753592101622,04:55:01.622,binance,AEVO/USDT:USDT,0.1084,128524.2,0.1083,233428.1,0.1085,6094.8,0.1086,157642.3
1753592101731,04:55:01.731,binance,AEVO/USDT:USDT,0.1084,128524.2,0.1083,233428.1,0.1085,6094.8,0.1086,157642.3
1753592101936,04:55:01.936,binance,AEVO/USDT:USDT,0.1084,128524.2,0.1083,235735.5,0.1085,6094.8,0.1086,157642.3
1753592102047,04:55:02.047,binance,AEVO/USDT:USDT,0.1084,128524.2,0.1083,233428.1,0.1085,6094.8,0.1086,157642.3
1753592102510,04:55:02.510,binance,AEVO/USDT:USDT,0.1084,128524.2,0.1083,233428.1,0.1085,6094.8,0.1086,157642.3
1753592103022,04:55:03.022,binance,AEVO/USDT:USDT,0.1084,127399.4,0.1083,233428.1,0.1085,20048.0,0.1086,162244.8
1753592103208,04:55:03.208,binance,AEVO/USDT:USDT,0.1084,127399.4,0.1083,233428.1,0.1085,20048.0,0.1086,162244.8
1753592103321,04:55:03.321,binance,AEVO/USDT:USDT,0.1084,127399.4,0.1083,233428.1,0.1085,20419.8,0.1086,162244.8
1753592103561,04:55:03.561,binance,AEVO/USDT:USDT,0.1084,122789.4,0.1083,233428.1,0.1085,20419.8,0.1086,162244.8
1753592103737,04:55:03.737,binance,AEVO/USDT:USDT,0.1084,122789.4,0.1083,233428.1,0.1085,20419.8,0.1086,162244.8
1753592103841,04:55:03.841,binance,AEVO/USDT:USDT,0.1084,122789.4,0.1083,233428.1,0.1085,20419.8,0.1086,162244.8
1753592103981,04:55:03.981,binance,AEVO/USDT:USDT,0.1084,122789.4,0.1083,233428.1,0.1085,20419.8,0.1086,162244.8
1753592104251,04:55:04.251,binance,AEVO/USDT:USDT,0.1084,122789.4,0.1083,233428.1,0.1085,20419.8,0.1086,162244.8
1753592104501,04:55:04.501,binance,AEVO/USDT:USDT,0.1084,122789.4,0.1083,233428.1,0.1085,20419.8,0.1086,162244.8
1753592104960,04:55:04.960,binance,AEVO/USDT:USDT,0.1084,122789.4,0.1083,233428.1,0.1085,20419.8,0.1086,162244.8
1753592105144,04:55:05.144,binance,AEVO/USDT:USDT,0.1084,122789.4,0.1083,233428.1,0.1085,20044.1,0.1086,162244.8
1753592105722,04:55:05.722,binance,AEVO/USDT:USDT,0.1084,123711.4,0.1083,233428.1,0.1085,19099.5,0.1086,162244.8
