timestamp,time,exchange,symbol,bid1_price,bid1_volume,bid2_price,bid2_volume,ask1_price,ask1_volume,ask2_price,ask2_volume
1753591885519,04:51:25.519,bybit,ACT/USDT:USDT,0.04577,6821.0,0.04576,5389.0,0.04578,155.0,0.04579,3388.0
1753591885619,04:51:25.619,bybit,ACT/USDT:USDT,0.04577,6821.0,0.04576,5389.0,0.04578,155.0,0.04579,3388.0
1753591886718,04:51:26.718,bybit,ACT/USDT:USDT,0.04577,6821.0,0.04576,5389.0,0.04578,155.0,0.04579,3388.0
1753591886818,04:51:26.818,bybit,ACT/USDT:USDT,0.04577,6821.0,0.04576,5389.0,0.04578,155.0,0.04579,3388.0
1753591886919,04:51:26.919,bybit,ACT/USDT:USDT,0.04577,6821.0,0.04576,5389.0,0.04578,155.0,0.04579,3388.0
1753591887918,04:51:27.918,bybit,ACT/USDT:USDT,0.04577,6821.0,0.04576,5389.0,0.04578,155.0,0.04579,3388.0
1753591889020,04:51:29.020,bybit,ACT/USDT:USDT,0.04577,6821.0,0.04576,5389.0,0.04578,155.0,0.04579,3388.0
1753591889619,04:51:29.619,bybit,ACT/USDT:USDT,0.04577,6821.0,0.04576,5389.0,0.04578,155.0,0.04579,3388.0
1753591889718,04:51:29.718,bybit,ACT/USDT:USDT,0.04577,6821.0,0.04576,6680.0,0.04578,155.0,0.04579,3388.0
1753591890219,04:51:30.219,bybit,ACT/USDT:USDT,0.04577,6821.0,0.04576,6680.0,0.04578,155.0,0.04579,3388.0
1753591890318,04:51:30.318,bybit,ACT/USDT:USDT,0.04577,6821.0,0.04576,6680.0,0.04578,155.0,0.04579,3388.0
1753591890818,04:51:30.818,bybit,ACT/USDT:USDT,0.04577,6821.0,0.04576,6680.0,0.04578,155.0,0.04579,3388.0
1753591890918,04:51:30.918,bybit,ACT/USDT:USDT,0.04577,6821.0,0.04576,6680.0,0.04578,155.0,0.04579,3388.0
1753591891919,04:51:31.919,bybit,ACT/USDT:USDT,0.04577,6821.0,0.04576,6680.0,0.04578,155.0,0.04579,3388.0
1753591892018,04:51:32.018,bybit,ACT/USDT:USDT,0.04577,6821.0,0.04576,6680.0,0.04578,155.0,0.04579,3388.0
1753591892517,04:51:32.517,bybit,ACT/USDT:USDT,0.04577,6821.0,0.04576,6680.0,0.04578,155.0,0.04579,3388.0
1753591892619,04:51:32.619,bybit,ACT/USDT:USDT,0.04577,6821.0,0.04576,6680.0,0.04578,155.0,0.04579,3388.0
1753591893119,04:51:33.119,bybit,ACT/USDT:USDT,0.04577,6821.0,0.04576,6680.0,0.04578,155.0,0.04579,3388.0
1753591893219,04:51:33.219,bybit,ACT/USDT:USDT,0.04577,6821.0,0.04576,6680.0,0.04578,155.0,0.04579,3388.0
1753591893319,04:51:33.319,bybit,ACT/USDT:USDT,0.04577,6821.0,0.04576,6680.0,0.04578,155.0,0.04579,3388.0
1753591894419,04:51:34.419,bybit,ACT/USDT:USDT,0.04577,6821.0,0.04576,6680.0,0.04578,155.0,0.04579,3388.0
1753591894524,04:51:34.524,bybit,ACT/USDT:USDT,0.04577,12342.0,0.04576,6680.0,0.04578,155.0,0.04579,3388.0
1753591895319,04:51:35.319,bybit,ACT/USDT:USDT,0.04577,12342.0,0.04576,6680.0,0.04578,155.0,0.04579,3388.0
1753591895419,04:51:35.419,bybit,ACT/USDT:USDT,0.04577,12342.0,0.04576,6680.0,0.04578,155.0,0.04579,3388.0
1753591896418,04:51:36.418,bybit,ACT/USDT:USDT,0.04577,12342.0,0.04576,6680.0,0.04578,155.0,0.04579,3388.0
1753591897819,04:51:37.819,bybit,ACT/USDT:USDT,0.04577,9436.0,0.04576,6680.0,0.04578,155.0,0.0458,10069.0
1753591897918,04:51:37.918,bybit,ACT/USDT:USDT,0.04577,13805.0,0.04576,6680.0,0.04578,155.0,0.0458,10069.0
1753591898020,04:51:38.020,bybit,ACT/USDT:USDT,0.04577,13805.0,0.04576,6680.0,0.04578,155.0,0.0458,10069.0
1753591898219,04:51:38.219,bybit,ACT/USDT:USDT,0.04577,13805.0,0.04576,6680.0,0.04578,155.0,0.0458,11360.0
1753591898319,04:51:38.319,bybit,ACT/USDT:USDT,0.04577,19397.0,0.04576,5389.0,0.04578,155.0,0.0458,11360.0
1753591899718,04:51:39.718,bybit,ACT/USDT:USDT,0.04577,19397.0,0.04576,5389.0,0.04578,155.0,0.0458,11360.0
1753591900020,04:51:40.020,bybit,ACT/USDT:USDT,0.04577,21582.0,0.04576,5389.0,0.04578,155.0,0.0458,11360.0
1753591900720,04:51:40.720,bybit,ACT/USDT:USDT,0.04579,6887.0,0.04578,30742.0,0.04581,8537.0,0.04582,12253.0
1753591901319,04:51:41.319,bybit,ACT/USDT:USDT,0.04579,7154.0,0.04578,16643.0,0.04581,8537.0,0.04582,12253.0
1753591901619,04:51:41.619,bybit,ACT/USDT:USDT,0.04579,7154.0,0.04578,16643.0,0.04581,8537.0,0.04582,12253.0
1753591901719,04:51:41.719,bybit,ACT/USDT:USDT,0.04579,7154.0,0.04578,16643.0,0.04581,8537.0,0.04582,12415.0
1753591901817,04:51:41.817,bybit,ACT/USDT:USDT,0.04579,7154.0,0.04578,16643.0,0.04581,8537.0,0.04582,12415.0
1753591902219,04:51:42.219,bybit,ACT/USDT:USDT,0.04579,7154.0,0.04578,16643.0,0.04581,8537.0,0.04582,12415.0
1753591902319,04:51:42.319,bybit,ACT/USDT:USDT,0.04579,2210.0,0.04578,16643.0,0.0458,1153.0,0.04581,8537.0
1753591902918,04:51:42.918,bybit,ACT/USDT:USDT,0.04579,2210.0,0.04578,16643.0,0.0458,1153.0,0.04581,8537.0
1753591903419,04:51:43.419,bybit,ACT/USDT:USDT,0.04579,2210.0,0.04578,16643.0,0.0458,1153.0,0.04581,8537.0
1753591903520,04:51:43.520,bybit,ACT/USDT:USDT,0.04579,2210.0,0.04578,16643.0,0.0458,1153.0,0.04581,8537.0
1753591904020,04:51:44.020,bybit,ACT/USDT:USDT,0.04579,2210.0,0.04578,16643.0,0.0458,1153.0,0.04581,8537.0
1753591904118,04:51:44.118,bybit,ACT/USDT:USDT,0.04579,2210.0,0.04578,16643.0,0.0458,1153.0,0.04581,8537.0
1753591905118,04:51:45.118,bybit,ACT/USDT:USDT,0.04579,2210.0,0.04578,16643.0,0.0458,1153.0,0.04581,8537.0
1753591905219,04:51:45.219,bybit,ACT/USDT:USDT,0.04579,2210.0,0.04578,16643.0,0.0458,1153.0,0.04581,8537.0
1753591905419,04:51:45.419,bybit,ACT/USDT:USDT,0.04579,2210.0,0.04578,16643.0,0.0458,1153.0,0.04581,8537.0
1753591905719,04:51:45.719,bybit,ACT/USDT:USDT,0.04579,2210.0,0.04578,16643.0,0.0458,1153.0,0.04581,8537.0
1753591905818,04:51:45.818,bybit,ACT/USDT:USDT,0.04579,2210.0,0.04578,16643.0,0.0458,1153.0,0.04581,8537.0
1753591906219,04:51:46.219,bybit,ACT/USDT:USDT,0.04579,2210.0,0.04578,16643.0,0.0458,1153.0,0.04581,8537.0
1753591906319,04:51:46.319,bybit,ACT/USDT:USDT,0.04579,2210.0,0.04578,16643.0,0.0458,1153.0,0.04581,8537.0
1753591906819,04:51:46.819,bybit,ACT/USDT:USDT,0.04579,2210.0,0.04578,16643.0,0.0458,1153.0,0.04581,8537.0
1753591906918,04:51:46.918,bybit,ACT/USDT:USDT,0.04579,2210.0,0.04578,16643.0,0.0458,1153.0,0.04581,8537.0
1753591907418,04:51:47.418,bybit,ACT/USDT:USDT,0.04579,2210.0,0.04578,16643.0,0.0458,1153.0,0.04581,8537.0
1753591907518,04:51:47.518,bybit,ACT/USDT:USDT,0.04579,2210.0,0.04578,16643.0,0.0458,1153.0,0.04581,8537.0
1753591908019,04:51:48.019,bybit,ACT/USDT:USDT,0.04579,2210.0,0.04578,16643.0,0.0458,1153.0,0.04581,8537.0
1753591908119,04:51:48.119,bybit,ACT/USDT:USDT,0.04579,2210.0,0.04578,16643.0,0.0458,1153.0,0.04581,8537.0
1753591908618,04:51:48.618,bybit,ACT/USDT:USDT,0.04579,2210.0,0.04578,16643.0,0.0458,1153.0,0.04581,8537.0
1753591908718,04:51:48.718,bybit,ACT/USDT:USDT,0.04579,2210.0,0.04578,16643.0,0.0458,1153.0,0.04581,8537.0
1753591909118,04:51:49.118,bybit,ACT/USDT:USDT,0.04579,2210.0,0.04578,16643.0,0.0458,1153.0,0.04581,8537.0
1753591909619,04:51:49.619,bybit,ACT/USDT:USDT,0.04579,2210.0,0.04578,16643.0,0.0458,1153.0,0.04581,8537.0
1753591909718,04:51:49.718,bybit,ACT/USDT:USDT,0.04579,2210.0,0.04578,16643.0,0.0458,1153.0,0.04581,8537.0
1753591910219,04:51:50.219,bybit,ACT/USDT:USDT,0.04579,2210.0,0.04578,16643.0,0.0458,1153.0,0.04581,8537.0
1753591910319,04:51:50.319,bybit,ACT/USDT:USDT,0.04579,2210.0,0.04578,16643.0,0.0458,1153.0,0.04581,8537.0
1753591910419,04:51:50.419,bybit,ACT/USDT:USDT,0.04579,2210.0,0.04578,16643.0,0.0458,1153.0,0.04581,8537.0
1753591910818,04:51:50.818,bybit,ACT/USDT:USDT,0.04579,2210.0,0.04578,16643.0,0.0458,1153.0,0.04581,8537.0
1753591910918,04:51:50.918,bybit,ACT/USDT:USDT,0.04579,2210.0,0.04578,16643.0,0.0458,1153.0,0.04581,8537.0
1753591911419,04:51:51.419,bybit,ACT/USDT:USDT,0.04579,2210.0,0.04578,16643.0,0.0458,1153.0,0.04581,8537.0
1753591911519,04:51:51.519,bybit,ACT/USDT:USDT,0.04579,2210.0,0.04578,16643.0,0.0458,1153.0,0.04581,8537.0
1753591911919,04:51:51.919,bybit,ACT/USDT:USDT,0.04579,2210.0,0.04578,16643.0,0.0458,1153.0,0.04581,8537.0
1753591912119,04:51:52.119,bybit,ACT/USDT:USDT,0.04579,2210.0,0.04578,16643.0,0.0458,1153.0,0.04581,8537.0
1753591912524,04:51:52.524,bybit,ACT/USDT:USDT,0.04579,2210.0,0.04578,16643.0,0.0458,1153.0,0.04581,8537.0
1753591912619,04:51:52.619,bybit,ACT/USDT:USDT,0.04579,2210.0,0.04578,16643.0,0.0458,1153.0,0.04581,8537.0
1753591913019,04:51:53.019,bybit,ACT/USDT:USDT,0.04579,2210.0,0.04578,16643.0,0.0458,1153.0,0.04581,8537.0
1753591913119,04:51:53.119,bybit,ACT/USDT:USDT,0.04579,2210.0,0.04578,16643.0,0.0458,1153.0,0.04581,8537.0
1753591913618,04:51:53.618,bybit,ACT/USDT:USDT,0.04579,2210.0,0.04578,16643.0,0.0458,1153.0,0.04581,8537.0
1753591913719,04:51:53.719,bybit,ACT/USDT:USDT,0.04579,2210.0,0.04578,16643.0,0.0458,1153.0,0.04581,8537.0
1753591914218,04:51:54.218,bybit,ACT/USDT:USDT,0.04579,2210.0,0.04578,16643.0,0.0458,1153.0,0.04581,8537.0
1753591914318,04:51:54.318,bybit,ACT/USDT:USDT,0.04579,2210.0,0.04578,16643.0,0.0458,1153.0,0.04581,8537.0
1753591914919,04:51:54.919,bybit,ACT/USDT:USDT,0.04579,2210.0,0.04578,16643.0,0.0458,1153.0,0.04581,8537.0
1753591915419,04:51:55.419,bybit,ACT/USDT:USDT,0.04579,2210.0,0.04578,16643.0,0.0458,1153.0,0.04581,8537.0
1753591915519,04:51:55.519,bybit,ACT/USDT:USDT,0.04579,2210.0,0.04578,16643.0,0.0458,1153.0,0.04581,8537.0
1753591915919,04:51:55.919,bybit,ACT/USDT:USDT,0.04579,2210.0,0.04578,16643.0,0.0458,1153.0,0.04581,8537.0
1753591916019,04:51:56.019,bybit,ACT/USDT:USDT,0.04579,2210.0,0.04578,16643.0,0.0458,1153.0,0.04581,8537.0
1753591916524,04:51:56.524,bybit,ACT/USDT:USDT,0.04579,2210.0,0.04578,16643.0,0.0458,1153.0,0.04581,8537.0
1753591916619,04:51:56.619,bybit,ACT/USDT:USDT,0.04579,2210.0,0.04578,16643.0,0.0458,1153.0,0.04581,8537.0
1753591917119,04:51:57.119,bybit,ACT/USDT:USDT,0.04579,2210.0,0.04578,16643.0,0.0458,1153.0,0.04581,8537.0
1753591917219,04:51:57.219,bybit,ACT/USDT:USDT,0.04579,2210.0,0.04578,16643.0,0.0458,1153.0,0.04581,8537.0
1753591917718,04:51:57.718,bybit,ACT/USDT:USDT,0.04579,2210.0,0.04578,16643.0,0.0458,1153.0,0.04581,8537.0
1753591917818,04:51:57.818,bybit,ACT/USDT:USDT,0.04579,2210.0,0.04578,16643.0,0.0458,1153.0,0.04581,8537.0
1753591918019,04:51:58.019,bybit,ACT/USDT:USDT,0.04579,2210.0,0.04578,16481.0,0.0458,1153.0,0.04581,8699.0
1753591918119,04:51:58.119,bybit,ACT/USDT:USDT,0.04579,2210.0,0.04578,16481.0,0.0458,1153.0,0.04581,8699.0
1753591918318,04:51:58.318,bybit,ACT/USDT:USDT,0.04579,2210.0,0.04578,16481.0,0.0458,1153.0,0.04581,8699.0
1753591919519,04:51:59.519,bybit,ACT/USDT:USDT,0.04579,2210.0,0.04578,16481.0,0.0458,1153.0,0.04581,8699.0
1753591919619,04:51:59.619,bybit,ACT/USDT:USDT,0.04579,2210.0,0.04578,16481.0,0.0458,1153.0,0.04581,8699.0
1753591920020,04:52:00.020,bybit,ACT/USDT:USDT,0.04579,2210.0,0.04578,16481.0,0.0458,1153.0,0.04581,8699.0
1753591920119,04:52:00.119,bybit,ACT/USDT:USDT,0.04579,2210.0,0.04578,16481.0,0.0458,1153.0,0.04581,8699.0
1753591920619,04:52:00.619,bybit,ACT/USDT:USDT,0.04579,2210.0,0.04578,16481.0,0.0458,1153.0,0.04581,8537.0
1753591920719,04:52:00.719,bybit,ACT/USDT:USDT,0.04579,2210.0,0.04578,16481.0,0.0458,1153.0,0.04581,8699.0
1753591921118,04:52:01.118,bybit,ACT/USDT:USDT,0.04579,2210.0,0.04578,16481.0,0.0458,1153.0,0.04581,8699.0
1753591921219,04:52:01.219,bybit,ACT/USDT:USDT,0.04579,2210.0,0.04578,16481.0,0.0458,1153.0,0.04581,8699.0
1753591921520,04:52:01.520,bybit,ACT/USDT:USDT,0.04579,2210.0,0.04578,16643.0,0.0458,1153.0,0.04581,2246.0
1753591921722,04:52:01.722,bybit,ACT/USDT:USDT,0.04579,2210.0,0.04578,16643.0,0.0458,1153.0,0.04581,2246.0
1753591921819,04:52:01.819,bybit,ACT/USDT:USDT,0.04579,2210.0,0.04578,16643.0,0.04581,2246.0,0.04582,17966.0
1753591921919,04:52:01.919,bybit,ACT/USDT:USDT,0.04579,7203.0,0.04578,16643.0,0.04581,2246.0,0.04582,17966.0
1753591922220,04:52:02.220,bybit,ACT/USDT:USDT,0.04579,7203.0,0.04578,16643.0,0.04581,2246.0,0.04582,17966.0
1753591922819,04:52:02.819,bybit,ACT/USDT:USDT,0.04579,7203.0,0.04578,16643.0,0.04581,2246.0,0.04582,17966.0
1753591923418,04:52:03.418,bybit,ACT/USDT:USDT,0.04579,7203.0,0.04578,16643.0,0.04581,2246.0,0.04582,17966.0
1753591923519,04:52:03.519,bybit,ACT/USDT:USDT,0.04579,7203.0,0.04578,16643.0,0.04581,2246.0,0.04582,17966.0
1753591923918,04:52:03.918,bybit,ACT/USDT:USDT,0.04579,7203.0,0.04578,16643.0,0.04581,2246.0,0.04582,17966.0
1753591924020,04:52:04.020,bybit,ACT/USDT:USDT,0.04579,7203.0,0.04578,16643.0,0.04581,2246.0,0.04582,17966.0
1753591924418,04:52:04.418,bybit,ACT/USDT:USDT,0.04579,7203.0,0.04578,16643.0,0.04581,2246.0,0.04582,17966.0
1753591924523,04:52:04.523,bybit,ACT/USDT:USDT,0.04579,7203.0,0.04578,16643.0,0.04581,2246.0,0.04582,17966.0
1753591925019,04:52:05.019,bybit,ACT/USDT:USDT,0.04579,7203.0,0.04578,16643.0,0.04581,2246.0,0.04582,17966.0
1753591925118,04:52:05.118,bybit,ACT/USDT:USDT,0.04579,7203.0,0.04578,16643.0,0.04581,2246.0,0.04582,17966.0
1753591925319,04:52:05.319,bybit,ACT/USDT:USDT,0.04579,7203.0,0.04578,16643.0,0.04581,2246.0,0.04582,17966.0
1753591925418,04:52:05.418,bybit,ACT/USDT:USDT,0.04579,7203.0,0.04578,16643.0,0.04581,2246.0,0.04582,17966.0
1753591925619,04:52:05.619,bybit,ACT/USDT:USDT,0.04579,2210.0,0.04578,16643.0,0.0458,1153.0,0.04581,3537.0
1753591925719,04:52:05.719,bybit,ACT/USDT:USDT,0.04579,2210.0,0.04578,16643.0,0.0458,1153.0,0.04581,3537.0
1753591925819,04:52:05.819,bybit,ACT/USDT:USDT,0.04579,2210.0,0.04578,16643.0,0.0458,1153.0,0.04581,3537.0
1753591926020,04:52:06.020,bybit,ACT/USDT:USDT,0.04579,2210.0,0.04578,16643.0,0.0458,1153.0,0.04581,3537.0
1753591926119,04:52:06.119,bybit,ACT/USDT:USDT,0.04579,2210.0,0.04578,16643.0,0.0458,1153.0,0.04581,3537.0
1753591926219,04:52:06.219,bybit,ACT/USDT:USDT,0.04579,2210.0,0.04578,16643.0,0.0458,1153.0,0.04581,3537.0
1753591926618,04:52:06.618,bybit,ACT/USDT:USDT,0.04579,2210.0,0.04578,16643.0,0.0458,1153.0,0.04581,3537.0
1753591926718,04:52:06.718,bybit,ACT/USDT:USDT,0.04579,2210.0,0.04578,16643.0,0.0458,1153.0,0.04581,3537.0
1753591926819,04:52:06.819,bybit,ACT/USDT:USDT,0.04579,2210.0,0.04578,16643.0,0.0458,1153.0,0.04581,3537.0
1753591927219,04:52:07.219,bybit,ACT/USDT:USDT,0.04579,2210.0,0.04578,16643.0,0.0458,1153.0,0.04581,3537.0
1753591927319,04:52:07.319,bybit,ACT/USDT:USDT,0.04579,2210.0,0.04578,16643.0,0.0458,1153.0,0.04581,3537.0
1753591927817,04:52:07.817,bybit,ACT/USDT:USDT,0.04579,2210.0,0.04578,16643.0,0.0458,1153.0,0.04581,3537.0
1753591927919,04:52:07.919,bybit,ACT/USDT:USDT,0.04579,2247.0,0.04578,16643.0,0.0458,1153.0,0.04581,3537.0
1753591928218,04:52:08.218,bybit,ACT/USDT:USDT,0.04579,2247.0,0.04578,16643.0,0.0458,1153.0,0.04581,3537.0
1753591928418,04:52:08.418,bybit,ACT/USDT:USDT,0.04579,2247.0,0.04578,16643.0,0.0458,1153.0,0.04581,3537.0
1753591928520,04:52:08.520,bybit,ACT/USDT:USDT,0.04579,2247.0,0.04578,16643.0,0.0458,1153.0,0.04581,3537.0
1753591929019,04:52:09.019,bybit,ACT/USDT:USDT,0.04579,2247.0,0.04578,16643.0,0.0458,1153.0,0.04581,3537.0
1753591929119,04:52:09.119,bybit,ACT/USDT:USDT,0.04579,2247.0,0.04578,16643.0,0.0458,1153.0,0.04581,3537.0
1753591929519,04:52:09.519,bybit,ACT/USDT:USDT,0.04579,2247.0,0.04578,16643.0,0.0458,1153.0,0.04581,3537.0
1753591929618,04:52:09.618,bybit,ACT/USDT:USDT,0.04579,2247.0,0.04578,16643.0,0.0458,1153.0,0.04581,3537.0
1753591930119,04:52:10.119,bybit,ACT/USDT:USDT,0.04579,2247.0,0.04578,16643.0,0.0458,1153.0,0.04581,3537.0
1753591930219,04:52:10.219,bybit,ACT/USDT:USDT,0.04579,2247.0,0.04578,16643.0,0.0458,1153.0,0.04581,3537.0
1753591930718,04:52:10.718,bybit,ACT/USDT:USDT,0.04579,2247.0,0.04578,16643.0,0.0458,1153.0,0.04581,3537.0
1753591930819,04:52:10.819,bybit,ACT/USDT:USDT,0.04579,2247.0,0.04578,16643.0,0.0458,1153.0,0.04581,3537.0
1753591931719,04:52:11.719,bybit,ACT/USDT:USDT,0.0458,3485.0,0.04579,6428.0,0.04583,7897.0,0.04584,23963.0
1753591931819,04:52:11.819,bybit,ACT/USDT:USDT,0.0458,3485.0,0.04579,6428.0,0.04583,7897.0,0.04584,23963.0
1753591931918,04:52:11.918,bybit,ACT/USDT:USDT,0.0458,3485.0,0.04579,6428.0,0.04582,2122.0,0.04583,9188.0
1753591932019,04:52:12.019,bybit,ACT/USDT:USDT,0.0458,3485.0,0.04579,6428.0,0.04582,2122.0,0.04583,9350.0
1753591932319,04:52:12.319,bybit,ACT/USDT:USDT,0.0458,3485.0,0.04579,6428.0,0.04582,2122.0,0.04583,9350.0
1753591932418,04:52:12.418,bybit,ACT/USDT:USDT,0.0458,3485.0,0.04579,6428.0,0.04582,2122.0,0.04583,9350.0
1753591932619,04:52:12.619,bybit,ACT/USDT:USDT,0.0458,3485.0,0.04579,6428.0,0.04582,2122.0,0.04583,9350.0
1753591932719,04:52:12.719,bybit,ACT/USDT:USDT,0.0458,3485.0,0.04579,6428.0,0.04582,2122.0,0.04583,9350.0
1753591932919,04:52:12.919,bybit,ACT/USDT:USDT,0.0458,3485.0,0.04579,6428.0,0.04582,2122.0,0.04583,9350.0
1753591933020,04:52:13.020,bybit,ACT/USDT:USDT,0.0458,3485.0,0.04579,6428.0,0.04582,2122.0,0.04583,9350.0
1753591933619,04:52:13.619,bybit,ACT/USDT:USDT,0.0458,3485.0,0.04579,6428.0,0.04582,2122.0,0.04583,9188.0
1753591933918,04:52:13.918,bybit,ACT/USDT:USDT,0.0458,3485.0,0.04579,6428.0,0.04582,2122.0,0.04583,9188.0
1753591934119,04:52:14.119,bybit,ACT/USDT:USDT,0.0458,3485.0,0.04579,6428.0,0.04582,2122.0,0.04583,9188.0
1753591934219,04:52:14.219,bybit,ACT/USDT:USDT,0.0458,3485.0,0.04579,6428.0,0.04582,2122.0,0.04583,9188.0
1753591934719,04:52:14.719,bybit,ACT/USDT:USDT,0.0458,3485.0,0.04579,6428.0,0.04582,2122.0,0.04583,9188.0
1753591934819,04:52:14.819,bybit,ACT/USDT:USDT,0.0458,3485.0,0.04579,6428.0,0.04582,2122.0,0.04583,9188.0
1753591935219,04:52:15.219,bybit,ACT/USDT:USDT,0.0458,3485.0,0.04579,6428.0,0.04582,2122.0,0.04583,9188.0
1753591935319,04:52:15.319,bybit,ACT/USDT:USDT,0.0458,3485.0,0.04579,6428.0,0.04582,2122.0,0.04583,9188.0
1753591935419,04:52:15.419,bybit,ACT/USDT:USDT,0.0458,3485.0,0.04579,6428.0,0.04582,2122.0,0.04583,9188.0
1753591936020,04:52:16.020,bybit,ACT/USDT:USDT,0.0458,3485.0,0.04579,6428.0,0.04582,2122.0,0.04583,9188.0
1753591936523,04:52:16.523,bybit,ACT/USDT:USDT,0.0458,3485.0,0.04579,6428.0,0.04582,2122.0,0.04583,9188.0
1753591936618,04:52:16.618,bybit,ACT/USDT:USDT,0.0458,3485.0,0.04579,6428.0,0.04582,2122.0,0.04583,9188.0
1753591937118,04:52:17.118,bybit,ACT/USDT:USDT,0.0458,3485.0,0.04579,6428.0,0.04582,2122.0,0.04583,9350.0
1753591937219,04:52:17.219,bybit,ACT/USDT:USDT,0.0458,3485.0,0.04579,6428.0,0.04582,2122.0,0.04583,9350.0
1753591937318,04:52:17.318,bybit,ACT/USDT:USDT,0.0458,3485.0,0.04579,6428.0,0.04582,2122.0,0.04583,9350.0
1753591937718,04:52:17.718,bybit,ACT/USDT:USDT,0.0458,3485.0,0.04579,6428.0,0.04582,2122.0,0.04583,9350.0
1753591938218,04:52:18.218,bybit,ACT/USDT:USDT,0.0458,3485.0,0.04579,6428.0,0.04582,2122.0,0.04583,9350.0
1753591938319,04:52:18.319,bybit,ACT/USDT:USDT,0.0458,3485.0,0.04579,6428.0,0.04582,2122.0,0.04583,9350.0
1753591938418,04:52:18.418,bybit,ACT/USDT:USDT,0.0458,3485.0,0.04579,6428.0,0.04582,2122.0,0.04583,9350.0
1753591938818,04:52:18.818,bybit,ACT/USDT:USDT,0.0458,3485.0,0.04579,6428.0,0.04582,2122.0,0.04583,9350.0
1753591938918,04:52:18.918,bybit,ACT/USDT:USDT,0.0458,3485.0,0.04579,6428.0,0.04582,2122.0,0.04583,9188.0
1753591939418,04:52:19.418,bybit,ACT/USDT:USDT,0.0458,3485.0,0.04579,6428.0,0.04582,2122.0,0.04583,9188.0
1753591939519,04:52:19.519,bybit,ACT/USDT:USDT,0.0458,3485.0,0.04579,6428.0,0.04582,2122.0,0.04583,9350.0
1753591940019,04:52:20.019,bybit,ACT/USDT:USDT,0.0458,3485.0,0.04579,6428.0,0.04582,2122.0,0.04583,9350.0
1753591940118,04:52:20.118,bybit,ACT/USDT:USDT,0.0458,3485.0,0.04579,6428.0,0.04582,2122.0,0.04583,9350.0
1753591940318,04:52:20.318,bybit,ACT/USDT:USDT,0.0458,3485.0,0.04579,6428.0,0.04582,2122.0,0.04583,9350.0
1753591940419,04:52:20.419,bybit,ACT/USDT:USDT,0.0458,3485.0,0.04579,6590.0,0.04582,2122.0,0.04583,9188.0
1753591940618,04:52:20.618,bybit,ACT/USDT:USDT,0.0458,3485.0,0.04579,6590.0,0.04582,2122.0,0.04583,9188.0
1753591940719,04:52:20.719,bybit,ACT/USDT:USDT,0.0458,3485.0,0.04579,6590.0,0.04582,2122.0,0.04583,9188.0
1753591940918,04:52:20.918,bybit,ACT/USDT:USDT,0.0458,3485.0,0.04579,6590.0,0.04582,2122.0,0.04583,9350.0
1753591941218,04:52:21.218,bybit,ACT/USDT:USDT,0.0458,3485.0,0.04579,6590.0,0.04582,2122.0,0.04583,9188.0
1753591941618,04:52:21.618,bybit,ACT/USDT:USDT,0.0458,3485.0,0.04579,6590.0,0.04582,2122.0,0.04583,9188.0
1753591941719,04:52:21.719,bybit,ACT/USDT:USDT,0.0458,3485.0,0.04579,6590.0,0.04582,2122.0,0.04583,9188.0
1753591942218,04:52:22.218,bybit,ACT/USDT:USDT,0.0458,3485.0,0.04579,6590.0,0.04582,2122.0,0.04583,9350.0
1753591942318,04:52:22.318,bybit,ACT/USDT:USDT,0.0458,3485.0,0.04579,6590.0,0.04582,2122.0,0.04583,9350.0
1753591942718,04:52:22.718,bybit,ACT/USDT:USDT,0.0458,3485.0,0.04579,6590.0,0.04582,2122.0,0.04583,9350.0
1753591942819,04:52:22.819,bybit,ACT/USDT:USDT,0.0458,3485.0,0.04579,6590.0,0.04582,2122.0,0.04583,9350.0
1753591943219,04:52:23.219,bybit,ACT/USDT:USDT,0.0458,3485.0,0.04579,6590.0,0.04582,2122.0,0.04583,5713.0
1753591943318,04:52:23.318,bybit,ACT/USDT:USDT,0.0458,3485.0,0.04579,6780.0,0.04582,2122.0,0.04583,5713.0
1753591944020,04:52:24.020,bybit,ACT/USDT:USDT,0.0458,3485.0,0.04579,13478.0,0.04582,2122.0,0.04583,5713.0
1753591944318,04:52:24.318,bybit,ACT/USDT:USDT,0.0458,3485.0,0.04579,13478.0,0.04582,2122.0,0.04583,5713.0
1753591944419,04:52:24.419,bybit,ACT/USDT:USDT,0.0458,3485.0,0.04579,13478.0,0.04582,2122.0,0.04583,5713.0
1753591944618,04:52:24.618,bybit,ACT/USDT:USDT,0.0458,3485.0,0.04579,13478.0,0.04582,2122.0,0.04583,5713.0
1753591944918,04:52:24.918,bybit,ACT/USDT:USDT,0.0458,3485.0,0.04579,13478.0,0.04582,2122.0,0.04583,5713.0
1753591945017,04:52:25.017,bybit,ACT/USDT:USDT,0.0458,3485.0,0.04579,13478.0,0.04582,2122.0,0.04583,5713.0
1753591945519,04:52:25.519,bybit,ACT/USDT:USDT,0.0458,3485.0,0.04579,13478.0,0.04582,2122.0,0.04583,5713.0
1753591945919,04:52:25.919,bybit,ACT/USDT:USDT,0.0458,3485.0,0.04579,13478.0,0.04582,2122.0,0.04583,5713.0
1753591946018,04:52:26.018,bybit,ACT/USDT:USDT,0.0458,3485.0,0.04579,13478.0,0.04582,2122.0,0.04583,5875.0
1753591946618,04:52:26.618,bybit,ACT/USDT:USDT,0.0458,3485.0,0.04579,13478.0,0.04582,2122.0,0.04583,5713.0
1753591946818,04:52:26.818,bybit,ACT/USDT:USDT,0.0458,3485.0,0.04579,13478.0,0.04582,2122.0,0.04583,5713.0
1753591947018,04:52:27.018,bybit,ACT/USDT:USDT,0.0458,3485.0,0.04579,13478.0,0.04582,2122.0,0.04583,5713.0
1753591947119,04:52:27.119,bybit,ACT/USDT:USDT,0.0458,3485.0,0.04579,13478.0,0.04582,2122.0,0.04583,5713.0
1753591947219,04:52:27.219,bybit,ACT/USDT:USDT,0.0458,3485.0,0.04579,13316.0,0.04582,2122.0,0.04583,5875.0
1753591947619,04:52:27.619,bybit,ACT/USDT:USDT,0.0458,3485.0,0.04579,13316.0,0.04582,2122.0,0.04583,5875.0
1753591947719,04:52:27.719,bybit,ACT/USDT:USDT,0.0458,3485.0,0.04579,13316.0,0.04582,2122.0,0.04583,5875.0
1753591948219,04:52:28.219,bybit,ACT/USDT:USDT,0.0458,3485.0,0.04579,13316.0,0.04582,2122.0,0.04583,5875.0
1753591948319,04:52:28.319,bybit,ACT/USDT:USDT,0.0458,3485.0,0.04579,8133.0,0.04582,2122.0,0.04583,7166.0
1753591948523,04:52:28.523,bybit,ACT/USDT:USDT,0.0458,3485.0,0.04579,8133.0,0.04581,1153.0,0.04582,2284.0
1753591948818,04:52:28.818,bybit,ACT/USDT:USDT,0.0458,3485.0,0.04579,8133.0,0.04581,1153.0,0.04582,2122.0
1753591948919,04:52:28.919,bybit,ACT/USDT:USDT,0.0458,3485.0,0.04579,8133.0,0.04581,1153.0,0.04582,2122.0
1753591950020,04:52:30.020,bybit,ACT/USDT:USDT,0.0458,2194.0,0.04579,8133.0,0.04581,1153.0,0.04582,3576.0
1753591950419,04:52:30.419,bybit,ACT/USDT:USDT,0.0458,2194.0,0.04579,8133.0,0.04581,1153.0,0.04582,3576.0
1753591950918,04:52:30.918,bybit,ACT/USDT:USDT,0.0458,2194.0,0.04579,8133.0,0.04581,1153.0,0.04582,3576.0
1753591951026,04:52:31.026,bybit,ACT/USDT:USDT,0.0458,2194.0,0.04579,8133.0,0.04581,1153.0,0.04582,3576.0
1753591951120,04:52:31.120,bybit,ACT/USDT:USDT,0.0458,2194.0,0.04579,8133.0,0.04581,1153.0,0.04582,3414.0
1753591951319,04:52:31.319,bybit,ACT/USDT:USDT,0.0458,2209.0,0.04579,8117.0,0.04581,1153.0,0.04582,3576.0
1753591951419,04:52:31.419,bybit,ACT/USDT:USDT,0.0458,2209.0,0.04579,8117.0,0.04581,1153.0,0.04582,3576.0
1753591951520,04:52:31.520,bybit,ACT/USDT:USDT,0.0458,2209.0,0.04579,8117.0,0.04581,1153.0,0.04582,3576.0
1753591951919,04:52:31.919,bybit,ACT/USDT:USDT,0.0458,2209.0,0.04579,8117.0,0.04581,1153.0,0.04582,3576.0
1753591952020,04:52:32.020,bybit,ACT/USDT:USDT,0.0458,2209.0,0.04579,8117.0,0.04581,1153.0,0.04582,3576.0
1753591952119,04:52:32.119,bybit,ACT/USDT:USDT,0.0458,2209.0,0.04579,8117.0,0.04581,1153.0,0.04582,3414.0
1753591952523,04:52:32.523,bybit,ACT/USDT:USDT,0.0458,2209.0,0.04579,8117.0,0.04581,1153.0,0.04582,3414.0
1753591952619,04:52:32.619,bybit,ACT/USDT:USDT,0.0458,2209.0,0.04579,8117.0,0.04581,1153.0,0.04582,3576.0
1753591953118,04:52:33.118,bybit,ACT/USDT:USDT,0.0458,2209.0,0.04579,8117.0,0.04581,1153.0,0.04582,3576.0
1753591953218,04:52:33.218,bybit,ACT/USDT:USDT,0.0458,2209.0,0.04579,8117.0,0.04581,1153.0,0.04582,3576.0
1753591953719,04:52:33.719,bybit,ACT/USDT:USDT,0.0458,2209.0,0.04579,8117.0,0.04581,1153.0,0.04582,3576.0
1753591953818,04:52:33.818,bybit,ACT/USDT:USDT,0.0458,2209.0,0.04579,8117.0,0.04581,1153.0,0.04582,3576.0
1753591954319,04:52:34.319,bybit,ACT/USDT:USDT,0.0458,2209.0,0.04579,8117.0,0.04581,1153.0,0.04582,3576.0
1753591954418,04:52:34.418,bybit,ACT/USDT:USDT,0.0458,2209.0,0.04579,8117.0,0.04581,1153.0,0.04582,3576.0
1753591954819,04:52:34.819,bybit,ACT/USDT:USDT,0.0458,2269.0,0.04579,8117.0,0.04581,1153.0,0.04582,3576.0
1753591954919,04:52:34.919,bybit,ACT/USDT:USDT,0.0458,2269.0,0.04579,8117.0,0.04581,1153.0,0.04582,3576.0
1753591955020,04:52:35.020,bybit,ACT/USDT:USDT,0.0458,2269.0,0.04579,8117.0,0.04581,1153.0,0.04582,3576.0
1753591955419,04:52:35.419,bybit,ACT/USDT:USDT,0.0458,2269.0,0.04579,8117.0,0.04581,1153.0,0.04582,3576.0
1753591955519,04:52:35.519,bybit,ACT/USDT:USDT,0.0458,2269.0,0.04579,8117.0,0.04581,1153.0,0.04582,3576.0
1753591955619,04:52:35.619,bybit,ACT/USDT:USDT,0.0458,2269.0,0.04579,8117.0,0.04581,1153.0,0.04582,3576.0
1753591955918,04:52:35.918,bybit,ACT/USDT:USDT,0.0458,2269.0,0.04579,8117.0,0.04581,1153.0,0.04582,3414.0
1753591956019,04:52:36.019,bybit,ACT/USDT:USDT,0.0458,2269.0,0.04579,8117.0,0.04581,1153.0,0.04582,3414.0
1753591956118,04:52:36.118,bybit,ACT/USDT:USDT,0.0458,2269.0,0.04579,8117.0,0.04581,1153.0,0.04582,3414.0
1753591956219,04:52:36.219,bybit,ACT/USDT:USDT,0.0458,2269.0,0.04579,8117.0,0.04581,1153.0,0.04582,3414.0
1753591956618,04:52:36.618,bybit,ACT/USDT:USDT,0.0458,2269.0,0.04579,8117.0,0.04581,1153.0,0.04582,3414.0
1753591956717,04:52:36.717,bybit,ACT/USDT:USDT,0.0458,2269.0,0.04579,8117.0,0.04581,1153.0,0.04582,3414.0
1753591957118,04:52:37.118,bybit,ACT/USDT:USDT,0.0458,2269.0,0.04579,8117.0,0.04581,1153.0,0.04582,3414.0
1753591957218,04:52:37.218,bybit,ACT/USDT:USDT,0.0458,2269.0,0.04579,8117.0,0.04581,1153.0,0.04582,3414.0
1753591957318,04:52:37.318,bybit,ACT/USDT:USDT,0.0458,2269.0,0.04579,8117.0,0.04581,1153.0,0.04582,3414.0
1753591957719,04:52:37.719,bybit,ACT/USDT:USDT,0.0458,2269.0,0.04579,8117.0,0.04581,1153.0,0.04582,3414.0
1753591957918,04:52:37.918,bybit,ACT/USDT:USDT,0.0458,2269.0,0.04579,8117.0,0.04581,1153.0,0.04582,3414.0
1753591958318,04:52:38.318,bybit,ACT/USDT:USDT,0.0458,2269.0,0.04579,8117.0,0.04581,1153.0,0.04582,3414.0
1753591958420,04:52:38.420,bybit,ACT/USDT:USDT,0.0458,2269.0,0.04579,8117.0,0.04581,1153.0,0.04582,3576.0
1753591958918,04:52:38.918,bybit,ACT/USDT:USDT,0.0458,2269.0,0.04579,8117.0,0.04581,1153.0,0.04582,3576.0
1753591959119,04:52:39.119,bybit,ACT/USDT:USDT,0.0458,2269.0,0.04579,8117.0,0.04581,1153.0,0.04582,3414.0
1753591959419,04:52:39.419,bybit,ACT/USDT:USDT,0.0458,2269.0,0.04579,8117.0,0.04581,1153.0,0.04582,3414.0
1753591959818,04:52:39.818,bybit,ACT/USDT:USDT,0.0458,3651.0,0.04579,8117.0,0.04582,2122.0,0.04583,7004.0
1753591959919,04:52:39.919,bybit,ACT/USDT:USDT,0.0458,3651.0,0.04579,8117.0,0.04582,2122.0,0.04583,7004.0
1753591961020,04:52:41.020,bybit,ACT/USDT:USDT,0.0458,3651.0,0.04579,8117.0,0.04582,2122.0,0.04583,7004.0
1753591961118,04:52:41.118,bybit,ACT/USDT:USDT,0.0458,3651.0,0.04579,8117.0,0.04582,2122.0,0.04583,7004.0
1753591961519,04:52:41.519,bybit,ACT/USDT:USDT,0.0458,3651.0,0.04579,8117.0,0.04582,2122.0,0.04583,7166.0
1753591961619,04:52:41.619,bybit,ACT/USDT:USDT,0.0458,3651.0,0.04579,8117.0,0.04582,2122.0,0.04583,7166.0
1753591961818,04:52:41.818,bybit,ACT/USDT:USDT,0.04581,32.0,0.0458,1442.0,0.04582,2122.0,0.04583,7166.0
1753591961918,04:52:41.918,bybit,ACT/USDT:USDT,0.04581,32.0,0.0458,1442.0,0.04582,2122.0,0.04583,7166.0
1753591962118,04:52:42.118,bybit,ACT/USDT:USDT,0.04581,32.0,0.0458,1442.0,0.04582,2122.0,0.04583,7166.0
1753591962219,04:52:42.219,bybit,ACT/USDT:USDT,0.04581,32.0,0.0458,1442.0,0.04582,2122.0,0.04583,7166.0
1753591962619,04:52:42.619,bybit,ACT/USDT:USDT,0.04581,32.0,0.0458,1442.0,0.04582,2122.0,0.04583,7166.0
1753591962719,04:52:42.719,bybit,ACT/USDT:USDT,0.04581,32.0,0.0458,1442.0,0.04582,2122.0,0.04583,7166.0
1753591963219,04:52:43.219,bybit,ACT/USDT:USDT,0.04581,32.0,0.0458,1442.0,0.04582,2122.0,0.04583,7166.0
1753591963319,04:52:43.319,bybit,ACT/USDT:USDT,0.04581,32.0,0.0458,1442.0,0.04582,2122.0,0.04583,7166.0
1753591963419,04:52:43.419,bybit,ACT/USDT:USDT,0.04581,32.0,0.0458,1442.0,0.04582,2122.0,0.04583,7166.0
1753591963519,04:52:43.519,bybit,ACT/USDT:USDT,0.04581,32.0,0.0458,1442.0,0.04582,2122.0,0.04583,7166.0
1753591963719,04:52:43.719,bybit,ACT/USDT:USDT,0.04581,32.0,0.0458,1442.0,0.04582,2122.0,0.04583,7166.0
1753591963818,04:52:43.818,bybit,ACT/USDT:USDT,0.04581,32.0,0.0458,1442.0,0.04582,2122.0,0.04583,7166.0
1753591964419,04:52:44.419,bybit,ACT/USDT:USDT,0.04581,32.0,0.0458,1442.0,0.04582,2122.0,0.04583,7166.0
1753591964819,04:52:44.819,bybit,ACT/USDT:USDT,0.04581,32.0,0.0458,1442.0,0.04582,2122.0,0.04583,7166.0
1753591964919,04:52:44.919,bybit,ACT/USDT:USDT,0.04581,32.0,0.0458,1442.0,0.04582,2122.0,0.04583,7166.0
1753591965418,04:52:45.418,bybit,ACT/USDT:USDT,0.04581,32.0,0.0458,1442.0,0.04582,2122.0,0.04583,7166.0
1753591965519,04:52:45.519,bybit,ACT/USDT:USDT,0.04581,32.0,0.0458,1442.0,0.04582,2122.0,0.04583,7166.0
1753591966020,04:52:46.020,bybit,ACT/USDT:USDT,0.04581,32.0,0.0458,1442.0,0.04582,2122.0,0.04583,7166.0
1753591966118,04:52:46.118,bybit,ACT/USDT:USDT,0.04581,32.0,0.0458,1442.0,0.04582,2122.0,0.04583,7166.0
1753591966525,04:52:46.525,bybit,ACT/USDT:USDT,0.04581,32.0,0.0458,1442.0,0.04582,2122.0,0.04583,7166.0
1753591966919,04:52:46.919,bybit,ACT/USDT:USDT,0.04581,32.0,0.0458,1442.0,0.04582,2122.0,0.04583,7166.0
1753591967020,04:52:47.020,bybit,ACT/USDT:USDT,0.04581,32.0,0.0458,1442.0,0.04582,2122.0,0.04583,7166.0
1753591967118,04:52:47.118,bybit,ACT/USDT:USDT,0.04581,32.0,0.0458,1442.0,0.04582,2122.0,0.04583,7166.0
1753591967219,04:52:47.219,bybit,ACT/USDT:USDT,0.04581,32.0,0.0458,1442.0,0.04582,2122.0,0.04583,7166.0
1753591967719,04:52:47.719,bybit,ACT/USDT:USDT,0.04581,32.0,0.0458,1442.0,0.04582,2122.0,0.04583,7166.0
1753591968119,04:52:48.119,bybit,ACT/USDT:USDT,0.04581,32.0,0.0458,1442.0,0.04582,2122.0,0.04583,7166.0
1753591968219,04:52:48.219,bybit,ACT/USDT:USDT,0.04581,32.0,0.0458,1442.0,0.04582,2122.0,0.04583,7004.0
1753591968319,04:52:48.319,bybit,ACT/USDT:USDT,0.04581,32.0,0.0458,1442.0,0.04582,2122.0,0.04583,7004.0
1753591968719,04:52:48.719,bybit,ACT/USDT:USDT,0.04581,32.0,0.0458,1442.0,0.04582,2122.0,0.04583,7004.0
1753591968818,04:52:48.818,bybit,ACT/USDT:USDT,0.04581,32.0,0.0458,1442.0,0.04582,2122.0,0.04583,7166.0
1753591969318,04:52:49.318,bybit,ACT/USDT:USDT,0.04581,32.0,0.0458,1442.0,0.04582,2122.0,0.04583,7004.0
1753591969920,04:52:49.920,bybit,ACT/USDT:USDT,0.04581,32.0,0.0458,1442.0,0.04582,2122.0,0.04583,7166.0
1753591970219,04:52:50.219,bybit,ACT/USDT:USDT,0.04581,32.0,0.0458,1442.0,0.04582,2122.0,0.04583,7166.0
1753591970419,04:52:50.419,bybit,ACT/USDT:USDT,0.04581,32.0,0.0458,1442.0,0.04582,2122.0,0.04583,7166.0
1753591970521,04:52:50.521,bybit,ACT/USDT:USDT,0.04581,32.0,0.0458,1442.0,0.04582,2122.0,0.04583,7166.0
1753591970919,04:52:50.919,bybit,ACT/USDT:USDT,0.04581,32.0,0.0458,1442.0,0.04582,2122.0,0.04583,7166.0
1753591971018,04:52:51.018,bybit,ACT/USDT:USDT,0.04581,32.0,0.0458,1442.0,0.04582,2122.0,0.04583,7166.0
1753591971119,04:52:51.119,bybit,ACT/USDT:USDT,0.04581,32.0,0.0458,1442.0,0.04582,2122.0,0.04583,7166.0
1753591971618,04:52:51.618,bybit,ACT/USDT:USDT,0.04581,90.0,0.0458,1382.0,0.04582,2122.0,0.04583,7166.0
1753591971718,04:52:51.718,bybit,ACT/USDT:USDT,0.04581,90.0,0.0458,1382.0,0.04582,2122.0,0.04583,7166.0
1753591972318,04:52:52.318,bybit,ACT/USDT:USDT,0.04581,2228.0,0.0458,1382.0,0.04582,2122.0,0.04583,7004.0
1753591972818,04:52:52.818,bybit,ACT/USDT:USDT,0.04581,2228.0,0.0458,1382.0,0.04582,2122.0,0.04583,7004.0
1753591972918,04:52:52.918,bybit,ACT/USDT:USDT,0.04581,2228.0,0.0458,1382.0,0.04582,2122.0,0.04583,7004.0
1753591973219,04:52:53.219,bybit,ACT/USDT:USDT,0.04581,2228.0,0.0458,1382.0,0.04582,2122.0,0.04583,7004.0
1753591973319,04:52:53.319,bybit,ACT/USDT:USDT,0.04581,2228.0,0.0458,1382.0,0.04582,2122.0,0.04583,7004.0
1753591973419,04:52:53.419,bybit,ACT/USDT:USDT,0.04581,2228.0,0.0458,1382.0,0.04582,2122.0,0.04583,7004.0
1753591973519,04:52:53.519,bybit,ACT/USDT:USDT,0.04581,2228.0,0.0458,1382.0,0.04582,2122.0,0.04583,7004.0
1753591973918,04:52:53.918,bybit,ACT/USDT:USDT,0.04581,2228.0,0.0458,1382.0,0.04582,2122.0,0.04583,7166.0
1753591974019,04:52:54.019,bybit,ACT/USDT:USDT,0.04581,2228.0,0.0458,1382.0,0.04582,2122.0,0.04583,7166.0
1753591974119,04:52:54.119,bybit,ACT/USDT:USDT,0.04581,2228.0,0.0458,1382.0,0.04582,2122.0,0.04583,7166.0
1753591974418,04:52:54.418,bybit,ACT/USDT:USDT,0.04581,2228.0,0.0458,1382.0,0.04582,2122.0,0.04583,7166.0
1753591975019,04:52:55.019,bybit,ACT/USDT:USDT,0.04581,2228.0,0.0458,1382.0,0.04582,2122.0,0.04583,7166.0
1753591975618,04:52:55.618,bybit,ACT/USDT:USDT,0.04581,2228.0,0.0458,1382.0,0.04582,2122.0,0.04583,7166.0
1753591975719,04:52:55.719,bybit,ACT/USDT:USDT,0.04581,2228.0,0.0458,1382.0,0.04582,2122.0,0.04583,7166.0
1753591976219,04:52:56.219,bybit,ACT/USDT:USDT,0.04581,2228.0,0.0458,1382.0,0.04582,2122.0,0.04583,7166.0
1753591976319,04:52:56.319,bybit,ACT/USDT:USDT,0.04581,2228.0,0.0458,1382.0,0.04582,2122.0,0.04583,7166.0
1753591976619,04:52:56.619,bybit,ACT/USDT:USDT,0.04581,2228.0,0.0458,1382.0,0.04582,2122.0,0.04583,7166.0
1753591976818,04:52:56.818,bybit,ACT/USDT:USDT,0.04581,2228.0,0.0458,1382.0,0.04582,2122.0,0.04583,7166.0
1753591976919,04:52:56.919,bybit,ACT/USDT:USDT,0.04581,2228.0,0.0458,1382.0,0.04582,2122.0,0.04583,7166.0
1753591977218,04:52:57.218,bybit,ACT/USDT:USDT,0.04581,2228.0,0.0458,1382.0,0.04582,2122.0,0.04583,7166.0
1753591977419,04:52:57.419,bybit,ACT/USDT:USDT,0.04581,2228.0,0.0458,1382.0,0.04582,2122.0,0.04583,7166.0
1753591977520,04:52:57.520,bybit,ACT/USDT:USDT,0.04581,2228.0,0.0458,1382.0,0.04582,2122.0,0.04583,7166.0
1753591977919,04:52:57.919,bybit,ACT/USDT:USDT,0.04581,2228.0,0.0458,1382.0,0.04582,2122.0,0.04583,7166.0
1753591978119,04:52:58.119,bybit,ACT/USDT:USDT,0.04581,2228.0,0.0458,1382.0,0.04582,2122.0,0.04583,7166.0
1753591978218,04:52:58.218,bybit,ACT/USDT:USDT,0.04581,2228.0,0.0458,1382.0,0.04582,2122.0,0.04583,7166.0
1753591978619,04:52:58.619,bybit,ACT/USDT:USDT,0.04581,2228.0,0.0458,1382.0,0.04582,2122.0,0.04583,7166.0
1753591978718,04:52:58.718,bybit,ACT/USDT:USDT,0.04581,2228.0,0.0458,1382.0,0.04582,2122.0,0.04583,7166.0
1753591978818,04:52:58.818,bybit,ACT/USDT:USDT,0.04581,2228.0,0.0458,1382.0,0.04582,2122.0,0.04583,7166.0
1753591979118,04:52:59.118,bybit,ACT/USDT:USDT,0.04581,2228.0,0.0458,1382.0,0.04582,2122.0,0.04583,7166.0
1753591979218,04:52:59.218,bybit,ACT/USDT:USDT,0.04581,2228.0,0.0458,1382.0,0.04582,2122.0,0.04583,7166.0
1753591979319,04:52:59.319,bybit,ACT/USDT:USDT,0.04581,2228.0,0.0458,1382.0,0.04582,2122.0,0.04583,7166.0
1753591979419,04:52:59.419,bybit,ACT/USDT:USDT,0.04581,2228.0,0.0458,1382.0,0.04582,2122.0,0.04583,7166.0
1753591979619,04:52:59.619,bybit,ACT/USDT:USDT,0.04581,2228.0,0.0458,1382.0,0.04582,2122.0,0.04583,7166.0
1753591979718,04:52:59.718,bybit,ACT/USDT:USDT,0.04581,2228.0,0.0458,1382.0,0.04582,2122.0,0.04583,7004.0
1753591980619,04:53:00.619,bybit,ACT/USDT:USDT,0.04581,2228.0,0.0458,1382.0,0.04582,2122.0,0.04583,7004.0
1753591980718,04:53:00.718,bybit,ACT/USDT:USDT,0.04581,2228.0,0.0458,1382.0,0.04582,2122.0,0.04583,7004.0
1753591980819,04:53:00.819,bybit,ACT/USDT:USDT,0.04581,2228.0,0.0458,1382.0,0.04582,2122.0,0.04583,7004.0
1753591980919,04:53:00.919,bybit,ACT/USDT:USDT,0.04581,2228.0,0.0458,1382.0,0.04582,2122.0,0.04583,7166.0
1753591981418,04:53:01.418,bybit,ACT/USDT:USDT,0.04581,2228.0,0.0458,1382.0,0.04582,2122.0,0.04583,7166.0
1753591981917,04:53:01.917,bybit,ACT/USDT:USDT,0.04581,2228.0,0.0458,1382.0,0.04582,2122.0,0.04583,7166.0
1753591982020,04:53:02.020,bybit,ACT/USDT:USDT,0.04581,2228.0,0.0458,1382.0,0.04582,2122.0,0.04583,7166.0
1753591982419,04:53:02.419,bybit,ACT/USDT:USDT,0.04581,2228.0,0.0458,1382.0,0.04582,2122.0,0.04583,7166.0
1753591982524,04:53:02.524,bybit,ACT/USDT:USDT,0.04581,2228.0,0.0458,1382.0,0.04582,2122.0,0.04583,7166.0
1753591982818,04:53:02.818,bybit,ACT/USDT:USDT,0.04581,2228.0,0.0458,1382.0,0.04582,2122.0,0.04583,7004.0
1753591983018,04:53:03.018,bybit,ACT/USDT:USDT,0.04581,2228.0,0.0458,1382.0,0.04582,2122.0,0.04583,7004.0
1753591983118,04:53:03.118,bybit,ACT/USDT:USDT,0.04581,2228.0,0.0458,1382.0,0.04582,2122.0,0.04583,7166.0
1753591983519,04:53:03.519,bybit,ACT/USDT:USDT,0.04581,2228.0,0.0458,1382.0,0.04582,2122.0,0.04583,7166.0
1753591983618,04:53:03.618,bybit,ACT/USDT:USDT,0.04581,2228.0,0.0458,1382.0,0.04582,2122.0,0.04583,7166.0
1753591984527,04:53:04.527,bybit,ACT/USDT:USDT,0.04581,90.0,0.0458,1382.0,0.04582,2122.0,0.04583,7166.0
1753591984619,04:53:04.619,bybit,ACT/USDT:USDT,0.04581,90.0,0.0458,1382.0,0.04582,2122.0,0.04583,7166.0
1753591984719,04:53:04.719,bybit,ACT/USDT:USDT,0.04581,90.0,0.0458,1382.0,0.04582,2122.0,0.04583,7166.0
1753591985118,04:53:05.118,bybit,ACT/USDT:USDT,0.04581,90.0,0.0458,1382.0,0.04582,2122.0,0.04583,7166.0
1753591985719,04:53:05.719,bybit,ACT/USDT:USDT,0.04581,90.0,0.0458,1382.0,0.04582,2122.0,0.04583,7166.0
1753591985819,04:53:05.819,bybit,ACT/USDT:USDT,0.04581,90.0,0.0458,1382.0,0.04582,2122.0,0.04583,7166.0
1753591986419,04:53:06.419,bybit,ACT/USDT:USDT,0.04581,90.0,0.0458,1382.0,0.04582,2122.0,0.04583,7166.0
1753591986919,04:53:06.919,bybit,ACT/USDT:USDT,0.04581,90.0,0.0458,1382.0,0.04582,2122.0,0.04583,7166.0
1753591987019,04:53:07.019,bybit,ACT/USDT:USDT,0.04581,90.0,0.0458,1382.0,0.04582,2122.0,0.04583,7166.0
1753591988019,04:53:08.019,bybit,ACT/USDT:USDT,0.04581,90.0,0.0458,1382.0,0.04582,2122.0,0.04583,7166.0
1753591988119,04:53:08.119,bybit,ACT/USDT:USDT,0.04581,125.0,0.0458,1382.0,0.04582,2122.0,0.04583,7166.0
1753591988719,04:53:08.719,bybit,ACT/USDT:USDT,0.04581,125.0,0.0458,1382.0,0.04582,2122.0,0.04583,7166.0
1753591989119,04:53:09.119,bybit,ACT/USDT:USDT,0.04581,125.0,0.0458,1382.0,0.04582,2122.0,0.04583,7166.0
1753591989220,04:53:09.220,bybit,ACT/USDT:USDT,0.04581,125.0,0.0458,1382.0,0.04582,2122.0,0.04583,7166.0
1753591989619,04:53:09.619,bybit,ACT/USDT:USDT,0.04581,196.0,0.0458,1382.0,0.04582,2122.0,0.04583,7166.0
1753591989719,04:53:09.719,bybit,ACT/USDT:USDT,0.04581,196.0,0.0458,1382.0,0.04582,2122.0,0.04583,7166.0
1753591989819,04:53:09.819,bybit,ACT/USDT:USDT,0.04581,196.0,0.0458,1382.0,0.04582,2122.0,0.04583,7166.0
1753591990318,04:53:10.318,bybit,ACT/USDT:USDT,0.04581,196.0,0.0458,1382.0,0.04582,2122.0,0.04583,7166.0
1753591990418,04:53:10.418,bybit,ACT/USDT:USDT,0.04581,196.0,0.0458,1382.0,0.04582,2122.0,0.04583,7166.0
1753591990918,04:53:10.918,bybit,ACT/USDT:USDT,0.04581,196.0,0.0458,1382.0,0.04582,2122.0,0.04583,7166.0
1753591991019,04:53:11.019,bybit,ACT/USDT:USDT,0.04581,196.0,0.0458,1382.0,0.04582,2122.0,0.04583,7166.0
1753591991519,04:53:11.519,bybit,ACT/USDT:USDT,0.04581,196.0,0.0458,1382.0,0.04582,2122.0,0.04583,7166.0
1753591991919,04:53:11.919,bybit,ACT/USDT:USDT,0.04581,196.0,0.0458,1382.0,0.04582,2122.0,0.04583,7166.0
1753591992119,04:53:12.119,bybit,ACT/USDT:USDT,0.04581,196.0,0.0458,1382.0,0.04582,2122.0,0.04583,7166.0
1753591992218,04:53:12.218,bybit,ACT/USDT:USDT,0.04581,196.0,0.0458,1382.0,0.04582,2122.0,0.04583,7166.0
1753591992525,04:53:12.525,bybit,ACT/USDT:USDT,0.04581,196.0,0.04579,9952.0,0.04582,3504.0,0.04583,7166.0
1753591993219,04:53:13.219,bybit,ACT/USDT:USDT,0.04581,196.0,0.04579,15665.0,0.04582,3504.0,0.04583,7166.0
1753591993319,04:53:13.319,bybit,ACT/USDT:USDT,0.04581,196.0,0.04579,15665.0,0.04582,3504.0,0.04583,7166.0
1753591993420,04:53:13.420,bybit,ACT/USDT:USDT,0.04581,196.0,0.04579,8080.0,0.04582,3504.0,0.04583,15452.0
1753591993519,04:53:13.519,bybit,ACT/USDT:USDT,0.04581,196.0,0.04579,8080.0,0.04582,3504.0,0.04583,15452.0
1753591993618,04:53:13.618,bybit,ACT/USDT:USDT,0.04581,196.0,0.04579,13793.0,0.04582,3504.0,0.04583,15452.0
1753591993718,04:53:13.718,bybit,ACT/USDT:USDT,0.04581,196.0,0.04579,13793.0,0.04582,3504.0,0.04583,15452.0
1753591993819,04:53:13.819,bybit,ACT/USDT:USDT,0.04581,196.0,0.04579,13793.0,0.04582,3504.0,0.04583,15452.0
1753591994118,04:53:14.118,bybit,ACT/USDT:USDT,0.04581,196.0,0.04579,13793.0,0.04582,3504.0,0.04583,15452.0
1753591994219,04:53:14.219,bybit,ACT/USDT:USDT,0.04581,196.0,0.04579,13793.0,0.04582,3504.0,0.04583,15452.0
1753591994319,04:53:14.319,bybit,ACT/USDT:USDT,0.04581,196.0,0.04579,13793.0,0.04582,3504.0,0.04583,15452.0
1753591994419,04:53:14.419,bybit,ACT/USDT:USDT,0.04581,196.0,0.04579,13793.0,0.04582,3504.0,0.04583,15452.0
1753591994718,04:53:14.718,bybit,ACT/USDT:USDT,0.04581,196.0,0.04579,13793.0,0.04582,3504.0,0.04583,15452.0
1753591994918,04:53:14.918,bybit,ACT/USDT:USDT,0.04581,196.0,0.04579,13793.0,0.04582,3504.0,0.04583,15452.0
1753591995020,04:53:15.020,bybit,ACT/USDT:USDT,0.04581,196.0,0.04579,13793.0,0.04582,3504.0,0.04583,15452.0
1753591995319,04:53:15.319,bybit,ACT/USDT:USDT,0.04581,196.0,0.04579,13793.0,0.04582,3504.0,0.04583,15452.0
1753591996119,04:53:16.119,bybit,ACT/USDT:USDT,0.04581,196.0,0.04579,13793.0,0.04582,3504.0,0.04583,15452.0
1753591996523,04:53:16.523,bybit,ACT/USDT:USDT,0.04581,196.0,0.04579,13793.0,0.04582,3504.0,0.04583,15452.0
1753591996619,04:53:16.619,bybit,ACT/USDT:USDT,0.04581,196.0,0.04579,13793.0,0.04582,3504.0,0.04583,15452.0
1753591997118,04:53:17.118,bybit,ACT/USDT:USDT,0.04581,196.0,0.04579,13793.0,0.04582,3504.0,0.04583,15452.0
1753591998218,04:53:18.218,bybit,ACT/USDT:USDT,0.04581,196.0,0.04579,13793.0,0.04582,3504.0,0.04583,15452.0
1753591998319,04:53:18.319,bybit,ACT/USDT:USDT,0.04581,196.0,0.04579,13793.0,0.04582,3504.0,0.04583,15452.0
1753591998818,04:53:18.818,bybit,ACT/USDT:USDT,0.04581,196.0,0.04579,13793.0,0.04582,3504.0,0.04583,15452.0
1753591998919,04:53:18.919,bybit,ACT/USDT:USDT,0.04581,196.0,0.04579,13793.0,0.04582,3504.0,0.04583,15452.0
1753591999319,04:53:19.319,bybit,ACT/USDT:USDT,0.04581,196.0,0.04579,13793.0,0.04582,3504.0,0.04583,15452.0
1753591999419,04:53:19.419,bybit,ACT/USDT:USDT,0.04581,196.0,0.04579,13793.0,0.04582,3504.0,0.04583,15452.0
1753591999918,04:53:19.918,bybit,ACT/USDT:USDT,0.04581,196.0,0.04579,13793.0,0.04582,3504.0,0.04583,15452.0
1753592000019,04:53:20.019,bybit,ACT/USDT:USDT,0.04581,196.0,0.04579,13793.0,0.04582,3504.0,0.04583,15452.0
1753592000418,04:53:20.418,bybit,ACT/USDT:USDT,0.04581,196.0,0.04579,13793.0,0.04582,3504.0,0.04583,15452.0
1753592000525,04:53:20.525,bybit,ACT/USDT:USDT,0.04581,196.0,0.04579,13793.0,0.04582,3504.0,0.04583,15452.0
1753592000919,04:53:20.919,bybit,ACT/USDT:USDT,0.04581,196.0,0.04579,13793.0,0.04582,3504.0,0.04583,15452.0
1753592001118,04:53:21.118,bybit,ACT/USDT:USDT,0.04581,196.0,0.04579,13793.0,0.04582,3504.0,0.04583,15452.0
1753592001619,04:53:21.619,bybit,ACT/USDT:USDT,0.04581,196.0,0.04579,13793.0,0.04582,3504.0,0.04583,15452.0
1753592002521,04:53:22.521,bybit,ACT/USDT:USDT,0.04581,196.0,0.0458,1292.0,0.04582,2122.0,0.04583,15452.0
1753592002719,04:53:22.719,bybit,ACT/USDT:USDT,0.04581,196.0,0.0458,1292.0,0.04582,2122.0,0.04583,15452.0
1753592003118,04:53:23.118,bybit,ACT/USDT:USDT,0.04581,196.0,0.0458,1292.0,0.04582,2122.0,0.04583,15452.0
1753592003318,04:53:23.318,bybit,ACT/USDT:USDT,0.04581,196.0,0.0458,1292.0,0.04582,2122.0,0.04583,15452.0
1753592003818,04:53:23.818,bybit,ACT/USDT:USDT,0.04581,196.0,0.0458,1292.0,0.04582,2122.0,0.04583,15452.0
1753592003918,04:53:23.918,bybit,ACT/USDT:USDT,0.04581,196.0,0.0458,1292.0,0.04582,2122.0,0.04583,15452.0
1753592004419,04:53:24.419,bybit,ACT/USDT:USDT,0.04581,196.0,0.0458,1292.0,0.04582,2122.0,0.04583,15452.0
1753592004520,04:53:24.520,bybit,ACT/USDT:USDT,0.04581,196.0,0.0458,1292.0,0.04582,2122.0,0.04583,15452.0
1753592005019,04:53:25.019,bybit,ACT/USDT:USDT,0.04581,196.0,0.0458,1292.0,0.04582,2122.0,0.04583,15452.0
1753592005117,04:53:25.117,bybit,ACT/USDT:USDT,0.04581,196.0,0.0458,1292.0,0.04582,2122.0,0.04583,15452.0
1753592005519,04:53:25.519,bybit,ACT/USDT:USDT,0.04581,196.0,0.0458,1292.0,0.04582,2122.0,0.04583,15452.0
1753592005618,04:53:25.618,bybit,ACT/USDT:USDT,0.04581,196.0,0.0458,1292.0,0.04582,2122.0,0.04583,15452.0
1753592005719,04:53:25.719,bybit,ACT/USDT:USDT,0.04581,196.0,0.0458,1292.0,0.04582,2122.0,0.04583,15452.0
1753592006020,04:53:26.020,bybit,ACT/USDT:USDT,0.04581,196.0,0.0458,1292.0,0.04582,2122.0,0.04583,15452.0
1753592006119,04:53:26.119,bybit,ACT/USDT:USDT,0.04581,196.0,0.0458,1292.0,0.04582,2122.0,0.04583,15452.0
1753592006218,04:53:26.218,bybit,ACT/USDT:USDT,0.04581,196.0,0.0458,1292.0,0.04582,2122.0,0.04583,15452.0
1753592006719,04:53:26.719,bybit,ACT/USDT:USDT,0.04581,196.0,0.0458,1292.0,0.04582,2122.0,0.04583,15452.0
1753592006819,04:53:26.819,bybit,ACT/USDT:USDT,0.04581,196.0,0.0458,1292.0,0.04582,2122.0,0.04583,15452.0
1753592007119,04:53:27.119,bybit,ACT/USDT:USDT,0.04581,196.0,0.0458,1292.0,0.04582,2122.0,0.04583,15452.0
1753592007418,04:53:27.418,bybit,ACT/USDT:USDT,0.04581,196.0,0.0458,1292.0,0.04582,2122.0,0.04583,15452.0
1753592007819,04:53:27.819,bybit,ACT/USDT:USDT,0.04581,196.0,0.0458,1292.0,0.04582,2122.0,0.04583,15452.0
1753592007918,04:53:27.918,bybit,ACT/USDT:USDT,0.04581,196.0,0.0458,1292.0,0.04582,2122.0,0.04583,15452.0
1753592008418,04:53:28.418,bybit,ACT/USDT:USDT,0.04581,196.0,0.0458,1292.0,0.04582,2122.0,0.04583,15452.0
1753592008919,04:53:28.919,bybit,ACT/USDT:USDT,0.04581,196.0,0.0458,1292.0,0.04582,2122.0,0.04583,15452.0
1753592009019,04:53:29.019,bybit,ACT/USDT:USDT,0.04581,196.0,0.0458,1292.0,0.04582,2122.0,0.04583,15452.0
1753592009119,04:53:29.119,bybit,ACT/USDT:USDT,0.04581,196.0,0.0458,1292.0,0.04582,2122.0,0.04583,15452.0
1753592010118,04:53:30.118,bybit,ACT/USDT:USDT,0.04581,164.0,0.0458,1292.0,0.04582,2136.0,0.04583,15452.0
1753592010219,04:53:30.219,bybit,ACT/USDT:USDT,0.04581,164.0,0.0458,1292.0,0.04582,2136.0,0.04583,15452.0
1753592010718,04:53:30.718,bybit,ACT/USDT:USDT,0.04581,164.0,0.0458,1292.0,0.04582,2136.0,0.04583,15452.0
1753592010818,04:53:30.818,bybit,ACT/USDT:USDT,0.04581,164.0,0.0458,1292.0,0.04582,2136.0,0.04583,15452.0
1753592011331,04:53:31.331,bybit,ACT/USDT:USDT,0.04581,164.0,0.0458,1292.0,0.04582,2136.0,0.04583,15452.0
1753592011419,04:53:31.419,bybit,ACT/USDT:USDT,0.04581,164.0,0.0458,1292.0,0.04582,2136.0,0.04583,15452.0
1753592011718,04:53:31.718,bybit,ACT/USDT:USDT,0.04581,164.0,0.0458,1292.0,0.04582,2136.0,0.04583,15452.0
1753592011818,04:53:31.818,bybit,ACT/USDT:USDT,0.04581,164.0,0.0458,1292.0,0.04582,2136.0,0.04583,15452.0
1753592011919,04:53:31.919,bybit,ACT/USDT:USDT,0.04581,164.0,0.0458,1292.0,0.04582,2136.0,0.04583,15452.0
1753592012418,04:53:32.418,bybit,ACT/USDT:USDT,0.04581,1546.0,0.0458,1292.0,0.04582,2136.0,0.04583,14161.0
1753592012918,04:53:32.918,bybit,ACT/USDT:USDT,0.04581,1546.0,0.0458,1292.0,0.04582,2136.0,0.04583,14161.0
1753592013019,04:53:33.019,bybit,ACT/USDT:USDT,0.04581,1546.0,0.0458,1292.0,0.04582,2136.0,0.04583,14161.0
1753592013319,04:53:33.319,bybit,ACT/USDT:USDT,0.04581,1546.0,0.0458,1292.0,0.04582,2136.0,0.04583,14161.0
1753592013519,04:53:33.519,bybit,ACT/USDT:USDT,0.04581,1546.0,0.0458,1292.0,0.04582,2136.0,0.04583,14161.0
1753592013618,04:53:33.618,bybit,ACT/USDT:USDT,0.04581,1546.0,0.0458,1292.0,0.04582,2136.0,0.04583,14161.0
1753592014020,04:53:34.020,bybit,ACT/USDT:USDT,0.04581,1546.0,0.0458,1292.0,0.04582,2136.0,0.04583,14161.0
1753592014118,04:53:34.118,bybit,ACT/USDT:USDT,0.04581,1546.0,0.0458,1292.0,0.04582,2136.0,0.04583,14161.0
1753592015119,04:53:35.119,bybit,ACT/USDT:USDT,0.04581,1546.0,0.0458,1292.0,0.04582,2136.0,0.04583,14161.0
1753592015219,04:53:35.219,bybit,ACT/USDT:USDT,0.04581,1546.0,0.0458,1292.0,0.04582,2136.0,0.04583,14161.0
1753592015520,04:53:35.520,bybit,ACT/USDT:USDT,0.04581,1546.0,0.0458,1292.0,0.04582,2136.0,0.04583,14161.0
1753592015718,04:53:35.718,bybit,ACT/USDT:USDT,0.04581,1546.0,0.0458,1292.0,0.04582,2136.0,0.04583,14161.0
1753592015819,04:53:35.819,bybit,ACT/USDT:USDT,0.04581,1546.0,0.0458,1292.0,0.04582,2136.0,0.04583,13999.0
1753592016318,04:53:36.318,bybit,ACT/USDT:USDT,0.04581,1546.0,0.0458,1292.0,0.04582,2136.0,0.04583,13999.0
1753592016418,04:53:36.418,bybit,ACT/USDT:USDT,0.04581,1546.0,0.0458,1292.0,0.04582,2136.0,0.04583,13999.0
1753592016818,04:53:36.818,bybit,ACT/USDT:USDT,0.04581,1546.0,0.0458,1292.0,0.04582,2136.0,0.04583,13999.0
1753592016917,04:53:36.917,bybit,ACT/USDT:USDT,0.04581,1546.0,0.0458,1292.0,0.04582,2136.0,0.04583,13999.0
1753592017019,04:53:37.019,bybit,ACT/USDT:USDT,0.04581,1546.0,0.0458,1292.0,0.04582,2136.0,0.04583,13999.0
1753592017119,04:53:37.119,bybit,ACT/USDT:USDT,0.04581,1546.0,0.0458,1292.0,0.04582,2136.0,0.04583,14161.0
1753592017220,04:53:37.220,bybit,ACT/USDT:USDT,0.04581,164.0,0.0458,1292.0,0.04582,2136.0,0.04583,14161.0
1753592018119,04:53:38.119,bybit,ACT/USDT:USDT,0.04581,164.0,0.0458,1292.0,0.04582,2136.0,0.04583,14161.0
1753592018525,04:53:38.525,bybit,ACT/USDT:USDT,0.04581,164.0,0.0458,1292.0,0.04582,2136.0,0.04583,14161.0
1753592018619,04:53:38.619,bybit,ACT/USDT:USDT,0.04581,164.0,0.0458,1292.0,0.04582,2136.0,0.04583,14161.0
1753592019118,04:53:39.118,bybit,ACT/USDT:USDT,0.04581,164.0,0.0458,1292.0,0.04582,2136.0,0.04583,14161.0
1753592019219,04:53:39.219,bybit,ACT/USDT:USDT,0.04581,164.0,0.0458,1292.0,0.04582,2136.0,0.04583,14161.0
1753592019619,04:53:39.619,bybit,ACT/USDT:USDT,0.04581,164.0,0.0458,1292.0,0.04582,2136.0,0.04583,14161.0
1753592019719,04:53:39.719,bybit,ACT/USDT:USDT,0.04581,164.0,0.0458,1292.0,0.04582,2136.0,0.04583,14161.0
1753592019819,04:53:39.819,bybit,ACT/USDT:USDT,0.04581,164.0,0.0458,1292.0,0.04582,2136.0,0.04583,14161.0
1753592020318,04:53:40.318,bybit,ACT/USDT:USDT,0.04581,164.0,0.0458,1292.0,0.04582,2151.0,0.04583,14161.0
1753592020419,04:53:40.419,bybit,ACT/USDT:USDT,0.04581,164.0,0.0458,1292.0,0.04582,2151.0,0.04583,14161.0
1753592020525,04:53:40.525,bybit,ACT/USDT:USDT,0.04581,164.0,0.0458,1292.0,0.04582,2151.0,0.04583,13999.0
1753592020719,04:53:40.719,bybit,ACT/USDT:USDT,0.04581,164.0,0.0458,1292.0,0.04582,2151.0,0.04583,13999.0
1753592020819,04:53:40.819,bybit,ACT/USDT:USDT,0.04581,164.0,0.0458,1292.0,0.04582,2151.0,0.04583,14161.0
1753592020919,04:53:40.919,bybit,ACT/USDT:USDT,0.04581,164.0,0.0458,1292.0,0.04582,2151.0,0.04583,14161.0
1753592021019,04:53:41.019,bybit,ACT/USDT:USDT,0.04581,164.0,0.0458,1292.0,0.04582,2151.0,0.04583,14161.0
1753592021119,04:53:41.119,bybit,ACT/USDT:USDT,0.04581,164.0,0.0458,1292.0,0.04582,2151.0,0.04583,14161.0
1753592021418,04:53:41.418,bybit,ACT/USDT:USDT,0.04581,164.0,0.0458,1292.0,0.04582,2147.0,0.04583,14161.0
1753592021520,04:53:41.520,bybit,ACT/USDT:USDT,0.04581,164.0,0.0458,1292.0,0.04582,2147.0,0.04583,13999.0
1753592021618,04:53:41.618,bybit,ACT/USDT:USDT,0.04581,164.0,0.0458,1292.0,0.04582,2147.0,0.04583,13999.0
1753592021718,04:53:41.718,bybit,ACT/USDT:USDT,0.04581,164.0,0.0458,1292.0,0.04582,2147.0,0.04583,13999.0
1753592021819,04:53:41.819,bybit,ACT/USDT:USDT,0.04581,164.0,0.0458,1292.0,0.04582,2147.0,0.04583,14161.0
1753592022020,04:53:42.020,bybit,ACT/USDT:USDT,0.04581,164.0,0.0458,1292.0,0.04582,2147.0,0.04583,14161.0
1753592022119,04:53:42.119,bybit,ACT/USDT:USDT,0.04581,164.0,0.0458,1292.0,0.04582,2147.0,0.04583,14161.0
1753592022619,04:53:42.619,bybit,ACT/USDT:USDT,0.04581,164.0,0.0458,1292.0,0.04582,2147.0,0.04583,14161.0
1753592022719,04:53:42.719,bybit,ACT/USDT:USDT,0.04581,164.0,0.0458,1292.0,0.04582,2147.0,0.04583,14161.0
1753592022918,04:53:42.918,bybit,ACT/USDT:USDT,0.04581,164.0,0.0458,1292.0,0.04582,2147.0,0.04583,14161.0
1753592023020,04:53:43.020,bybit,ACT/USDT:USDT,0.04581,164.0,0.0458,1292.0,0.04582,2147.0,0.04583,14161.0
1753592023118,04:53:43.118,bybit,ACT/USDT:USDT,0.04581,164.0,0.0458,1292.0,0.04582,2147.0,0.04583,13999.0
1753592023520,04:53:43.520,bybit,ACT/USDT:USDT,0.04581,164.0,0.0458,1292.0,0.04582,2147.0,0.04583,13999.0
1753592023618,04:53:43.618,bybit,ACT/USDT:USDT,0.04581,164.0,0.0458,1292.0,0.04582,2147.0,0.04583,13999.0
1753592023919,04:53:43.919,bybit,ACT/USDT:USDT,0.04581,164.0,0.0458,1292.0,0.04582,2147.0,0.04583,13999.0
1753592024219,04:53:44.219,bybit,ACT/USDT:USDT,0.04581,164.0,0.0458,1292.0,0.04582,2147.0,0.04583,14161.0
1753592024318,04:53:44.318,bybit,ACT/USDT:USDT,0.04581,164.0,0.0458,1292.0,0.04582,2147.0,0.04583,14161.0
1753592024819,04:53:44.819,bybit,ACT/USDT:USDT,0.04581,164.0,0.0458,1292.0,0.04582,2147.0,0.04583,14161.0
1753592024918,04:53:44.918,bybit,ACT/USDT:USDT,0.04581,164.0,0.0458,1292.0,0.04582,2147.0,0.04583,14161.0
1753592025319,04:53:45.319,bybit,ACT/USDT:USDT,0.04581,164.0,0.0458,1292.0,0.04582,2147.0,0.04583,14161.0
1753592025419,04:53:45.419,bybit,ACT/USDT:USDT,0.04581,164.0,0.0458,1292.0,0.04582,2147.0,0.04583,14161.0
1753592025819,04:53:45.819,bybit,ACT/USDT:USDT,0.04581,164.0,0.0458,1292.0,0.04582,2147.0,0.04583,14161.0
1753592025919,04:53:45.919,bybit,ACT/USDT:USDT,0.04581,164.0,0.0458,1292.0,0.04582,2147.0,0.04583,14161.0
1753592026419,04:53:46.419,bybit,ACT/USDT:USDT,0.04581,164.0,0.0458,1292.0,0.04582,2147.0,0.04583,14161.0
1753592026526,04:53:46.526,bybit,ACT/USDT:USDT,0.04581,164.0,0.0458,1292.0,0.04582,2147.0,0.04583,14161.0
1753592026619,04:53:46.619,bybit,ACT/USDT:USDT,0.04581,164.0,0.0458,1292.0,0.04582,2147.0,0.04583,14161.0
1753592027519,04:53:47.519,bybit,ACT/USDT:USDT,0.04581,164.0,0.0458,1292.0,0.04582,2147.0,0.04583,14161.0
1753592027818,04:53:47.818,bybit,ACT/USDT:USDT,0.04581,164.0,0.0458,1292.0,0.04582,2147.0,0.04583,14161.0
1753592027918,04:53:47.918,bybit,ACT/USDT:USDT,0.04581,164.0,0.0458,1292.0,0.04582,2147.0,0.04583,14161.0
1753592028618,04:53:48.618,bybit,ACT/USDT:USDT,0.04581,164.0,0.0458,1292.0,0.04582,2147.0,0.04583,5713.0
1753592029219,04:53:49.219,bybit,ACT/USDT:USDT,0.04581,164.0,0.0458,1292.0,0.04582,2147.0,0.04583,5713.0
1753592029318,04:53:49.318,bybit,ACT/USDT:USDT,0.04581,164.0,0.0458,1292.0,0.04582,2147.0,0.04583,5713.0
1753592029419,04:53:49.419,bybit,ACT/USDT:USDT,0.04581,164.0,0.0458,1292.0,0.04582,2147.0,0.04583,5875.0
1753592029719,04:53:49.719,bybit,ACT/USDT:USDT,0.04581,164.0,0.0458,1292.0,0.04582,2137.0,0.04583,5875.0
1753592029818,04:53:49.818,bybit,ACT/USDT:USDT,0.04581,164.0,0.0458,1292.0,0.04582,2137.0,0.04583,5875.0
1753592030219,04:53:50.219,bybit,ACT/USDT:USDT,0.04581,164.0,0.0458,1292.0,0.04582,2137.0,0.04583,5875.0
1753592030318,04:53:50.318,bybit,ACT/USDT:USDT,0.04581,164.0,0.0458,1292.0,0.04582,2137.0,0.04583,5875.0
1753592031919,04:53:51.919,bybit,ACT/USDT:USDT,0.04581,164.0,0.0458,1292.0,0.04582,2137.0,0.04583,5875.0
1753592032020,04:53:52.020,bybit,ACT/USDT:USDT,0.04581,164.0,0.0458,1292.0,0.04582,2137.0,0.04583,5875.0
1753592032819,04:53:52.819,bybit,ACT/USDT:USDT,0.04581,164.0,0.0458,1292.0,0.04582,2137.0,0.04583,5875.0
1753592033020,04:53:53.020,bybit,ACT/USDT:USDT,0.04581,164.0,0.0458,1292.0,0.04582,2137.0,0.04583,5875.0
1753592033118,04:53:53.118,bybit,ACT/USDT:USDT,0.04581,164.0,0.0458,1292.0,0.04582,2137.0,0.04583,5875.0
1753592033518,04:53:53.518,bybit,ACT/USDT:USDT,0.04581,164.0,0.0458,1292.0,0.04582,2137.0,0.04583,5875.0
1753592034119,04:53:54.119,bybit,ACT/USDT:USDT,0.04581,164.0,0.0458,1292.0,0.04582,2137.0,0.04583,5875.0
1753592034218,04:53:54.218,bybit,ACT/USDT:USDT,0.04581,164.0,0.0458,1292.0,0.04582,2137.0,0.04583,5875.0
1753592034524,04:53:54.524,bybit,ACT/USDT:USDT,0.04581,164.0,0.0458,1292.0,0.04582,2137.0,0.04583,5875.0
1753592034819,04:53:54.819,bybit,ACT/USDT:USDT,0.04581,164.0,0.0458,1292.0,0.04582,2137.0,0.04583,5713.0
1753592035219,04:53:55.219,bybit,ACT/USDT:USDT,0.04581,164.0,0.0458,1292.0,0.04582,2137.0,0.04583,5713.0
1753592035319,04:53:55.319,bybit,ACT/USDT:USDT,0.04581,164.0,0.0458,1292.0,0.04582,2137.0,0.04583,5713.0
1753592035419,04:53:55.419,bybit,ACT/USDT:USDT,0.04581,164.0,0.0458,1292.0,0.04582,2137.0,0.04583,5875.0
1753592035819,04:53:55.819,bybit,ACT/USDT:USDT,0.04581,164.0,0.0458,1292.0,0.04582,2137.0,0.04583,5875.0
1753592036118,04:53:56.118,bybit,ACT/USDT:USDT,0.04581,164.0,0.0458,1292.0,0.04582,2137.0,0.04583,5875.0
1753592036319,04:53:56.319,bybit,ACT/USDT:USDT,0.04581,164.0,0.0458,1292.0,0.04582,2137.0,0.04583,5875.0
1753592036417,04:53:56.417,bybit,ACT/USDT:USDT,0.04581,164.0,0.0458,1292.0,0.04582,2137.0,0.04583,5875.0
1753592037020,04:53:57.020,bybit,ACT/USDT:USDT,0.04581,164.0,0.0458,1292.0,0.04582,2137.0,0.04583,5875.0
1753592038021,04:53:58.021,bybit,ACT/USDT:USDT,0.04581,164.0,0.0458,1292.0,0.04582,2137.0,0.04583,5875.0
1753592038119,04:53:58.119,bybit,ACT/USDT:USDT,0.04581,164.0,0.0458,1292.0,0.04582,2137.0,0.04583,5875.0
1753592039019,04:53:59.019,bybit,ACT/USDT:USDT,0.04581,164.0,0.0458,1292.0,0.04582,2137.0,0.04583,5875.0
1753592039118,04:53:59.118,bybit,ACT/USDT:USDT,0.04581,164.0,0.0458,1292.0,0.04582,2137.0,0.04583,5875.0
1753592039219,04:53:59.219,bybit,ACT/USDT:USDT,0.04581,164.0,0.0458,1292.0,0.04582,2137.0,0.04583,5713.0
1753592039719,04:53:59.719,bybit,ACT/USDT:USDT,0.04581,164.0,0.0458,1292.0,0.04582,2137.0,0.04583,5713.0
1753592039819,04:53:59.819,bybit,ACT/USDT:USDT,0.04581,164.0,0.0458,1292.0,0.04582,2137.0,0.04583,5713.0
1753592040119,04:54:00.119,bybit,ACT/USDT:USDT,0.04581,164.0,0.0458,1292.0,0.04582,2137.0,0.04583,5875.0
1753592040320,04:54:00.320,bybit,ACT/USDT:USDT,0.04581,164.0,0.0458,1292.0,0.04582,2137.0,0.04583,5875.0
1753592040419,04:54:00.419,bybit,ACT/USDT:USDT,0.04581,164.0,0.0458,1292.0,0.04582,2137.0,0.04583,5875.0
1753592040526,04:54:00.526,bybit,ACT/USDT:USDT,0.04581,164.0,0.0458,1292.0,0.04582,2137.0,0.04583,5875.0
1753592040919,04:54:00.919,bybit,ACT/USDT:USDT,0.04581,164.0,0.0458,1292.0,0.04582,2137.0,0.04583,5875.0
1753592041020,04:54:01.020,bybit,ACT/USDT:USDT,0.04581,164.0,0.0458,1292.0,0.04582,2137.0,0.04583,5875.0
1753592041520,04:54:01.520,bybit,ACT/USDT:USDT,0.04581,164.0,0.0458,1292.0,0.04582,2137.0,0.04583,5875.0
1753592041619,04:54:01.619,bybit,ACT/USDT:USDT,0.04581,164.0,0.0458,1292.0,0.04582,2137.0,0.04583,5875.0
1753592042219,04:54:02.219,bybit,ACT/USDT:USDT,0.04581,164.0,0.0458,1292.0,0.04582,2137.0,0.04583,5875.0
1753592042619,04:54:02.619,bybit,ACT/USDT:USDT,0.04581,164.0,0.0458,1292.0,0.04582,2137.0,0.04583,5875.0
1753592042718,04:54:02.718,bybit,ACT/USDT:USDT,0.04581,164.0,0.0458,1292.0,0.04582,2137.0,0.04583,5875.0
1753592043520,04:54:03.520,bybit,ACT/USDT:USDT,0.04581,164.0,0.0458,1292.0,0.04582,2137.0,0.04583,5875.0
1753592043719,04:54:03.719,bybit,ACT/USDT:USDT,0.04581,164.0,0.0458,1292.0,0.04582,2137.0,0.04583,5875.0
1753592043818,04:54:03.818,bybit,ACT/USDT:USDT,0.04581,164.0,0.0458,1292.0,0.04582,2137.0,0.04583,5875.0
1753592043919,04:54:03.919,bybit,ACT/USDT:USDT,0.04581,164.0,0.0458,1292.0,0.04582,2137.0,0.04583,5875.0
1753592044319,04:54:04.319,bybit,ACT/USDT:USDT,0.04585,2181.0,0.04584,1292.0,0.04587,9261.0,0.04588,8263.0
1753592044419,04:54:04.419,bybit,ACT/USDT:USDT,0.04584,8578.0,0.04583,17127.0,0.04587,11428.0,0.04588,8101.0
1753592044523,04:54:04.523,bybit,ACT/USDT:USDT,0.04584,8578.0,0.04583,17127.0,0.04587,11428.0,0.04588,8101.0
1753592044618,04:54:04.618,bybit,ACT/USDT:USDT,0.04584,3440.0,0.04583,17127.0,0.04587,11428.0,0.04588,8101.0
1753592044718,04:54:04.718,bybit,ACT/USDT:USDT,0.04584,3440.0,0.04583,17127.0,0.04587,11428.0,0.04588,8101.0
1753592044918,04:54:04.918,bybit,ACT/USDT:USDT,0.04584,3440.0,0.04583,17127.0,0.04587,11428.0,0.04588,8101.0
1753592045020,04:54:05.020,bybit,ACT/USDT:USDT,0.04584,3440.0,0.04583,17127.0,0.04587,11428.0,0.04588,8101.0
1753592045119,04:54:05.119,bybit,ACT/USDT:USDT,0.04584,3440.0,0.04583,17127.0,0.04587,11428.0,0.04588,8263.0
1753592045219,04:54:05.219,bybit,ACT/USDT:USDT,0.04584,3440.0,0.04583,17127.0,0.04587,11428.0,0.04588,9545.0
1753592045319,04:54:05.319,bybit,ACT/USDT:USDT,0.04584,3440.0,0.04583,17127.0,0.04587,11428.0,0.04588,9545.0
1753592045519,04:54:05.519,bybit,ACT/USDT:USDT,0.04584,3440.0,0.04583,17127.0,0.04587,11428.0,0.04588,9545.0
1753592045619,04:54:05.619,bybit,ACT/USDT:USDT,0.04584,3440.0,0.04583,17127.0,0.04587,11428.0,0.04588,11727.0
1753592045720,04:54:05.720,bybit,ACT/USDT:USDT,0.04584,3440.0,0.04583,16965.0,0.04587,11428.0,0.04588,11727.0
1753592046020,04:54:06.020,bybit,ACT/USDT:USDT,0.04584,3440.0,0.04583,16965.0,0.04587,11428.0,0.04588,11727.0
1753592046118,04:54:06.118,bybit,ACT/USDT:USDT,0.04584,3440.0,0.04583,16965.0,0.04587,11428.0,0.04588,11727.0
1753592046319,04:54:06.319,bybit,ACT/USDT:USDT,0.04584,3440.0,0.04583,16965.0,0.04587,11428.0,0.04588,11727.0
1753592047118,04:54:07.118,bybit,ACT/USDT:USDT,0.04584,3440.0,0.04583,16965.0,0.04587,11428.0,0.04588,11727.0
1753592047319,04:54:07.319,bybit,ACT/USDT:USDT,0.04584,3440.0,0.04583,16965.0,0.04587,11428.0,0.04588,11727.0
1753592047619,04:54:07.619,bybit,ACT/USDT:USDT,0.04584,3440.0,0.04583,16965.0,0.04587,11428.0,0.04588,11727.0
1753592047719,04:54:07.719,bybit,ACT/USDT:USDT,0.04584,3440.0,0.04583,16965.0,0.04587,11428.0,0.04588,11727.0
1753592048419,04:54:08.419,bybit,ACT/USDT:USDT,0.04584,3440.0,0.04583,16965.0,0.04587,11428.0,0.04588,11727.0
1753592048718,04:54:08.718,bybit,ACT/USDT:USDT,0.04584,3440.0,0.04583,16965.0,0.04587,11428.0,0.04588,11727.0
1753592048819,04:54:08.819,bybit,ACT/USDT:USDT,0.04584,3440.0,0.04583,16965.0,0.04587,11428.0,0.04588,11727.0
1753592049819,04:54:09.819,bybit,ACT/USDT:USDT,0.04584,3440.0,0.04583,16965.0,0.04587,11428.0,0.04588,11727.0
1753592049918,04:54:09.918,bybit,ACT/USDT:USDT,0.04584,3440.0,0.04583,16965.0,0.04587,11428.0,0.04588,11727.0
1753592050219,04:54:10.219,bybit,ACT/USDT:USDT,0.04584,3440.0,0.04583,17127.0,0.04587,11428.0,0.04588,9545.0
1753592050319,04:54:10.319,bybit,ACT/USDT:USDT,0.04584,3440.0,0.04583,17127.0,0.04587,11428.0,0.04588,9383.0
1753592050419,04:54:10.419,bybit,ACT/USDT:USDT,0.04584,3440.0,0.04583,17127.0,0.04587,11428.0,0.04588,9545.0
1753592051020,04:54:11.020,bybit,ACT/USDT:USDT,0.04584,3440.0,0.04583,17127.0,0.04587,11428.0,0.04588,9545.0
1753592051619,04:54:11.619,bybit,ACT/USDT:USDT,0.04584,3440.0,0.04583,16965.0,0.04587,11428.0,0.04588,9545.0
1753592052020,04:54:12.020,bybit,ACT/USDT:USDT,0.04584,3440.0,0.04583,16965.0,0.04587,11428.0,0.04588,9545.0
1753592052219,04:54:12.219,bybit,ACT/USDT:USDT,0.04584,3440.0,0.04583,16965.0,0.04587,11428.0,0.04588,9545.0
1753592052618,04:54:12.618,bybit,ACT/USDT:USDT,0.04584,3440.0,0.04583,16965.0,0.04587,11428.0,0.04588,9545.0
1753592052718,04:54:12.718,bybit,ACT/USDT:USDT,0.04584,3440.0,0.04583,16965.0,0.04587,11428.0,0.04588,9545.0
1753592053020,04:54:13.020,bybit,ACT/USDT:USDT,0.04584,3440.0,0.04583,17127.0,0.04587,11428.0,0.04588,9545.0
1753592053118,04:54:13.118,bybit,ACT/USDT:USDT,0.04584,3440.0,0.04583,17127.0,0.04587,11428.0,0.04588,9545.0
1753592053319,04:54:13.319,bybit,ACT/USDT:USDT,0.04584,3440.0,0.04583,16965.0,0.04587,11428.0,0.04588,9545.0
1753592053718,04:54:13.718,bybit,ACT/USDT:USDT,0.04584,3440.0,0.04583,16965.0,0.04587,11428.0,0.04588,9545.0
1753592054118,04:54:14.118,bybit,ACT/USDT:USDT,0.04584,3669.0,0.04583,16965.0,0.04587,11428.0,0.04588,9545.0
1753592054218,04:54:14.218,bybit,ACT/USDT:USDT,0.04584,3669.0,0.04583,16965.0,0.04587,11428.0,0.04588,9545.0
1753592054418,04:54:14.418,bybit,ACT/USDT:USDT,0.04584,3669.0,0.04583,16965.0,0.04587,11428.0,0.04588,9545.0
1753592054523,04:54:14.523,bybit,ACT/USDT:USDT,0.04584,3440.0,0.04583,16965.0,0.04587,11428.0,0.04588,9545.0
1753592054619,04:54:14.619,bybit,ACT/USDT:USDT,0.04585,15.0,0.04584,3440.0,0.04587,3257.0,0.04588,9545.0
1753592055418,04:54:15.418,bybit,ACT/USDT:USDT,0.04585,15.0,0.04584,3440.0,0.04587,3257.0,0.04588,9545.0
1753592055519,04:54:15.519,bybit,ACT/USDT:USDT,0.04585,15.0,0.04584,3440.0,0.04587,3257.0,0.04588,9545.0
1753592055618,04:54:15.618,bybit,ACT/USDT:USDT,0.04585,15.0,0.04584,3440.0,0.04587,3257.0,0.04588,9545.0
1753592055719,04:54:15.719,bybit,ACT/USDT:USDT,0.04585,15.0,0.04584,3440.0,0.04587,3257.0,0.04588,9545.0
1753592055819,04:54:15.819,bybit,ACT/USDT:USDT,0.04585,15.0,0.04584,3440.0,0.04586,959.0,0.04587,4548.0
1753592055918,04:54:15.918,bybit,ACT/USDT:USDT,0.04585,15.0,0.04584,3440.0,0.04586,959.0,0.04587,4548.0
1753592056619,04:54:16.619,bybit,ACT/USDT:USDT,0.04585,15.0,0.04584,3440.0,0.04586,959.0,0.04587,4548.0
1753592056719,04:54:16.719,bybit,ACT/USDT:USDT,0.04585,15.0,0.04584,3440.0,0.04586,959.0,0.04587,4548.0
1753592056919,04:54:16.919,bybit,ACT/USDT:USDT,0.04585,15.0,0.04584,3440.0,0.04586,959.0,0.04587,4548.0
1753592057019,04:54:17.019,bybit,ACT/USDT:USDT,0.04585,15.0,0.04584,3440.0,0.04586,959.0,0.04587,4548.0
1753592057419,04:54:17.419,bybit,ACT/USDT:USDT,0.04585,15.0,0.04584,3440.0,0.04586,959.0,0.04587,4548.0
1753592057520,04:54:17.520,bybit,ACT/USDT:USDT,0.04585,15.0,0.04584,3440.0,0.04586,959.0,0.04587,4548.0
1753592057919,04:54:17.919,bybit,ACT/USDT:USDT,0.04585,15.0,0.04584,3440.0,0.04586,959.0,0.04587,4548.0
1753592058019,04:54:18.019,bybit,ACT/USDT:USDT,0.04585,15.0,0.04584,3440.0,0.04586,959.0,0.04587,4548.0
1753592058119,04:54:18.119,bybit,ACT/USDT:USDT,0.04585,15.0,0.04584,3440.0,0.04586,959.0,0.04587,4548.0
1753592058619,04:54:18.619,bybit,ACT/USDT:USDT,0.04585,15.0,0.04584,3440.0,0.04586,959.0,0.04587,4548.0
1753592058718,04:54:18.718,bybit,ACT/USDT:USDT,0.04585,15.0,0.04584,3440.0,0.04586,959.0,0.04587,4548.0
1753592059119,04:54:19.119,bybit,ACT/USDT:USDT,0.04585,15.0,0.04584,3440.0,0.04586,959.0,0.04587,4548.0
1753592059218,04:54:19.218,bybit,ACT/USDT:USDT,0.04585,15.0,0.04584,3440.0,0.04586,959.0,0.04587,4548.0
1753592059319,04:54:19.319,bybit,ACT/USDT:USDT,0.04585,15.0,0.04584,3440.0,0.04586,959.0,0.04587,4548.0
1753592059819,04:54:19.819,bybit,ACT/USDT:USDT,0.04585,15.0,0.04584,3440.0,0.04586,959.0,0.04587,4548.0
1753592059919,04:54:19.919,bybit,ACT/USDT:USDT,0.04585,15.0,0.04584,3440.0,0.04586,959.0,0.04587,4548.0
1753592060119,04:54:20.119,bybit,ACT/USDT:USDT,0.04585,15.0,0.04584,3440.0,0.04586,959.0,0.04587,4548.0
1753592060218,04:54:20.218,bybit,ACT/USDT:USDT,0.04585,15.0,0.04584,3440.0,0.04586,959.0,0.04587,4548.0
1753592060419,04:54:20.419,bybit,ACT/USDT:USDT,0.04585,15.0,0.04584,3440.0,0.04586,959.0,0.04587,4548.0
1753592060526,04:54:20.526,bybit,ACT/USDT:USDT,0.04585,15.0,0.04584,3440.0,0.04586,959.0,0.04587,4548.0
1753592060619,04:54:20.619,bybit,ACT/USDT:USDT,0.04585,15.0,0.04584,3440.0,0.04586,959.0,0.04587,4548.0
1753592060720,04:54:20.720,bybit,ACT/USDT:USDT,0.04585,15.0,0.04584,3440.0,0.04586,959.0,0.04587,4548.0
1753592060818,04:54:20.818,bybit,ACT/USDT:USDT,0.04585,15.0,0.04584,3440.0,0.04586,959.0,0.04587,4548.0
1753592061019,04:54:21.019,bybit,ACT/USDT:USDT,0.04585,15.0,0.04584,3440.0,0.04586,959.0,0.04587,3458.0
1753592061118,04:54:21.118,bybit,ACT/USDT:USDT,0.04585,15.0,0.04584,3440.0,0.04586,959.0,0.04587,3458.0
1753592061521,04:54:21.521,bybit,ACT/USDT:USDT,0.04585,15.0,0.04584,3440.0,0.04586,959.0,0.04587,3458.0
1753592061619,04:54:21.619,bybit,ACT/USDT:USDT,0.04585,15.0,0.04584,3440.0,0.04586,959.0,0.04587,3458.0
1753592061718,04:54:21.718,bybit,ACT/USDT:USDT,0.04585,15.0,0.04584,3440.0,0.04586,959.0,0.04587,3458.0
1753592062119,04:54:22.119,bybit,ACT/USDT:USDT,0.04585,15.0,0.04584,3440.0,0.04586,959.0,0.04587,3458.0
1753592062219,04:54:22.219,bybit,ACT/USDT:USDT,0.04585,15.0,0.04584,3440.0,0.04586,959.0,0.04587,3458.0
1753592062619,04:54:22.619,bybit,ACT/USDT:USDT,0.04585,15.0,0.04584,3440.0,0.04586,959.0,0.04587,3458.0
1753592062719,04:54:22.719,bybit,ACT/USDT:USDT,0.04585,15.0,0.04584,3440.0,0.04586,959.0,0.04587,3458.0
1753592062818,04:54:22.818,bybit,ACT/USDT:USDT,0.04585,15.0,0.04584,3440.0,0.04586,959.0,0.04587,3458.0
1753592063319,04:54:23.319,bybit,ACT/USDT:USDT,0.04585,15.0,0.04584,3440.0,0.04586,959.0,0.04587,3458.0
1753592063419,04:54:23.419,bybit,ACT/USDT:USDT,0.04585,15.0,0.04584,3440.0,0.04586,959.0,0.04587,3458.0
1753592064020,04:54:24.020,bybit,ACT/USDT:USDT,0.04585,15.0,0.04584,3440.0,0.04586,959.0,0.04587,3458.0
1753592064119,04:54:24.119,bybit,ACT/USDT:USDT,0.04585,15.0,0.04584,3440.0,0.04586,959.0,0.04587,3458.0
1753592064419,04:54:24.419,bybit,ACT/USDT:USDT,0.04585,15.0,0.04584,3440.0,0.04586,959.0,0.04587,3458.0
1753592064521,04:54:24.521,bybit,ACT/USDT:USDT,0.04585,15.0,0.04584,3440.0,0.04586,959.0,0.04587,3458.0
1753592064619,04:54:24.619,bybit,ACT/USDT:USDT,0.04585,15.0,0.04584,3440.0,0.04586,959.0,0.04587,3458.0
1753592064919,04:54:24.919,bybit,ACT/USDT:USDT,0.04585,15.0,0.04584,3440.0,0.04586,959.0,0.04587,3458.0
1753592065019,04:54:25.019,bybit,ACT/USDT:USDT,0.04585,15.0,0.04584,3440.0,0.04586,959.0,0.04587,3458.0
1753592065118,04:54:25.118,bybit,ACT/USDT:USDT,0.04585,15.0,0.04584,3440.0,0.04586,959.0,0.04587,3458.0
1753592065319,04:54:25.319,bybit,ACT/USDT:USDT,0.04585,15.0,0.04584,3440.0,0.04586,959.0,0.04587,3458.0
1753592065418,04:54:25.418,bybit,ACT/USDT:USDT,0.04585,15.0,0.04584,3440.0,0.04586,959.0,0.04587,3458.0
1753592066019,04:54:26.019,bybit,ACT/USDT:USDT,0.04585,15.0,0.04584,3440.0,0.04586,959.0,0.04587,3458.0
1753592066717,04:54:26.717,bybit,ACT/USDT:USDT,0.04585,15.0,0.04584,3440.0,0.04586,959.0,0.04587,3458.0
1753592066818,04:54:26.818,bybit,ACT/USDT:USDT,0.04585,15.0,0.04584,3440.0,0.04586,959.0,0.04587,3458.0
1753592066918,04:54:26.918,bybit,ACT/USDT:USDT,0.04585,15.0,0.04584,3440.0,0.04586,959.0,0.04587,3458.0
1753592067319,04:54:27.319,bybit,ACT/USDT:USDT,0.04585,15.0,0.04584,3440.0,0.04586,959.0,0.04587,3458.0
1753592067419,04:54:27.419,bybit,ACT/USDT:USDT,0.04585,15.0,0.04584,3440.0,0.04586,959.0,0.04587,3458.0
1753592067519,04:54:27.519,bybit,ACT/USDT:USDT,0.04585,15.0,0.04584,3440.0,0.04586,959.0,0.04587,3458.0
1753592067918,04:54:27.918,bybit,ACT/USDT:USDT,0.04585,15.0,0.04584,3440.0,0.04586,959.0,0.04587,3458.0
1753592068020,04:54:28.020,bybit,ACT/USDT:USDT,0.04585,15.0,0.04584,3440.0,0.04586,959.0,0.04587,3458.0
1753592068119,04:54:28.119,bybit,ACT/USDT:USDT,0.04585,15.0,0.04584,3440.0,0.04586,959.0,0.04587,3458.0
1753592068524,04:54:28.524,bybit,ACT/USDT:USDT,0.04585,15.0,0.04584,3440.0,0.04586,959.0,0.04587,3458.0
1753592069119,04:54:29.119,bybit,ACT/USDT:USDT,0.04585,15.0,0.04584,3440.0,0.04586,959.0,0.04587,3458.0
1753592069318,04:54:29.318,bybit,ACT/USDT:USDT,0.04585,15.0,0.04584,3440.0,0.04586,959.0,0.04587,3458.0
1753592069419,04:54:29.419,bybit,ACT/USDT:USDT,0.04585,15.0,0.04584,3440.0,0.04586,959.0,0.04587,3458.0
1753592070219,04:54:30.219,bybit,ACT/USDT:USDT,0.04585,15.0,0.04584,3440.0,0.04586,959.0,0.04587,3458.0
1753592070318,04:54:30.318,bybit,ACT/USDT:USDT,0.04585,15.0,0.04584,3440.0,0.04586,959.0,0.04587,3458.0
1753592071317,04:54:31.317,bybit,ACT/USDT:USDT,0.04585,15.0,0.04584,3440.0,0.04586,959.0,0.04587,3458.0
1753592071429,04:54:31.429,bybit,ACT/USDT:USDT,0.04585,15.0,0.04584,3440.0,0.04586,959.0,0.04587,3458.0
1753592071819,04:54:31.819,bybit,ACT/USDT:USDT,0.04585,15.0,0.04584,3440.0,0.04586,959.0,0.04587,3458.0
1753592071919,04:54:31.919,bybit,ACT/USDT:USDT,0.04585,15.0,0.04584,3440.0,0.04586,959.0,0.04587,3458.0
1753592072418,04:54:32.418,bybit,ACT/USDT:USDT,0.04585,15.0,0.04584,3440.0,0.04586,959.0,0.04587,3458.0
1753592072525,04:54:32.525,bybit,ACT/USDT:USDT,0.04585,15.0,0.04584,3440.0,0.04586,959.0,0.04587,3458.0
1753592072919,04:54:32.919,bybit,ACT/USDT:USDT,0.04585,15.0,0.04584,3440.0,0.04586,959.0,0.04587,3458.0
1753592073019,04:54:33.019,bybit,ACT/USDT:USDT,0.04585,15.0,0.04584,3440.0,0.04586,959.0,0.04587,3458.0
1753592073318,04:54:33.318,bybit,ACT/USDT:USDT,0.04585,15.0,0.04584,3440.0,0.04586,959.0,0.04587,3620.0
1753592073419,04:54:33.419,bybit,ACT/USDT:USDT,0.04585,15.0,0.04584,3440.0,0.04586,959.0,0.04587,3620.0
1753592073519,04:54:33.519,bybit,ACT/USDT:USDT,0.04585,15.0,0.04584,3440.0,0.04586,959.0,0.04587,3620.0
1753592073618,04:54:33.618,bybit,ACT/USDT:USDT,0.04585,15.0,0.04584,3440.0,0.04586,1022.0,0.04587,3620.0
1753592073717,04:54:33.717,bybit,ACT/USDT:USDT,0.04585,15.0,0.04584,3440.0,0.04586,1022.0,0.04587,3620.0
1753592073919,04:54:33.919,bybit,ACT/USDT:USDT,0.04585,15.0,0.04584,3440.0,0.04586,1022.0,0.04587,3620.0
1753592074118,04:54:34.118,bybit,ACT/USDT:USDT,0.04585,15.0,0.04584,3440.0,0.04586,1022.0,0.04587,3620.0
1753592074218,04:54:34.218,bybit,ACT/USDT:USDT,0.04585,15.0,0.04584,3440.0,0.04586,1022.0,0.04587,3620.0
1753592074319,04:54:34.319,bybit,ACT/USDT:USDT,0.04585,15.0,0.04584,3440.0,0.04586,1022.0,0.04587,3458.0
1753592074619,04:54:34.619,bybit,ACT/USDT:USDT,0.04585,15.0,0.04584,3440.0,0.04586,1022.0,0.04587,3458.0
1753592074719,04:54:34.719,bybit,ACT/USDT:USDT,0.04585,15.0,0.04584,3440.0,0.04586,1022.0,0.04587,3620.0
1753592075020,04:54:35.020,bybit,ACT/USDT:USDT,0.04585,15.0,0.04584,3440.0,0.04586,1022.0,0.04587,3458.0
1753592075219,04:54:35.219,bybit,ACT/USDT:USDT,0.04585,15.0,0.04584,3440.0,0.04586,1022.0,0.04587,3458.0
1753592075319,04:54:35.319,bybit,ACT/USDT:USDT,0.04585,15.0,0.04584,3440.0,0.04586,1022.0,0.04587,3458.0
1753592075819,04:54:35.819,bybit,ACT/USDT:USDT,0.04585,15.0,0.04584,3440.0,0.04586,1022.0,0.04587,3458.0
1753592075918,04:54:35.918,bybit,ACT/USDT:USDT,0.04585,15.0,0.04584,3440.0,0.04586,1022.0,0.04587,3458.0
1753592076418,04:54:36.418,bybit,ACT/USDT:USDT,0.04585,15.0,0.04584,3440.0,0.04586,1022.0,0.04587,3458.0
1753592076525,04:54:36.525,bybit,ACT/USDT:USDT,0.04585,15.0,0.04584,3440.0,0.04586,1022.0,0.04587,3458.0
1753592076620,04:54:36.620,bybit,ACT/USDT:USDT,0.04585,15.0,0.04584,3440.0,0.04586,1022.0,0.04587,3620.0
1753592076719,04:54:36.719,bybit,ACT/USDT:USDT,0.04584,2148.0,0.04583,20547.0,0.04585,3514.0,0.04586,1607.0
1753592076820,04:54:36.820,bybit,ACT/USDT:USDT,0.04584,2148.0,0.04583,20547.0,0.04585,3383.0,0.04586,1607.0
1753592077019,04:54:37.019,bybit,ACT/USDT:USDT,0.04584,2148.0,0.04583,20547.0,0.04585,3383.0,0.04586,1607.0
1753592077119,04:54:37.119,bybit,ACT/USDT:USDT,0.04584,2148.0,0.04583,20547.0,0.04585,3383.0,0.04586,1607.0
1753592077519,04:54:37.519,bybit,ACT/USDT:USDT,0.04584,2148.0,0.04583,20547.0,0.04585,3383.0,0.04586,1607.0
1753592077618,04:54:37.618,bybit,ACT/USDT:USDT,0.04584,2148.0,0.04583,20547.0,0.04585,3383.0,0.04586,1607.0
1753592077819,04:54:37.819,bybit,ACT/USDT:USDT,0.04584,2148.0,0.04583,20547.0,0.04585,3383.0,0.04586,1607.0
1753592077919,04:54:37.919,bybit,ACT/USDT:USDT,0.04584,2148.0,0.04583,20547.0,0.04585,3383.0,0.04586,1445.0
1753592078020,04:54:38.020,bybit,ACT/USDT:USDT,0.04584,2148.0,0.04583,20547.0,0.04585,3383.0,0.04586,1445.0
1753592078119,04:54:38.119,bybit,ACT/USDT:USDT,0.04584,2148.0,0.04583,20547.0,0.04585,3383.0,0.04586,1445.0
1753592078619,04:54:38.619,bybit,ACT/USDT:USDT,0.04584,2148.0,0.04583,20547.0,0.04585,3383.0,0.04586,1445.0
1753592078719,04:54:38.719,bybit,ACT/USDT:USDT,0.04584,2148.0,0.04583,20547.0,0.04585,3383.0,0.04586,1445.0
1753592078919,04:54:38.919,bybit,ACT/USDT:USDT,0.04584,2148.0,0.04583,20547.0,0.04585,3383.0,0.04586,1607.0
1753592079118,04:54:39.118,bybit,ACT/USDT:USDT,0.04584,2148.0,0.04583,20547.0,0.04585,3383.0,0.04586,1607.0
1753592079219,04:54:39.219,bybit,ACT/USDT:USDT,0.04584,2148.0,0.04583,20547.0,0.04585,3383.0,0.04586,1607.0
1753592079619,04:54:39.619,bybit,ACT/USDT:USDT,0.04583,10396.0,0.04582,31289.0,0.04585,3383.0,0.04586,1445.0
1753592079718,04:54:39.718,bybit,ACT/USDT:USDT,0.04583,10396.0,0.04582,31289.0,0.04585,3383.0,0.04586,1445.0
1753592079919,04:54:39.919,bybit,ACT/USDT:USDT,0.04583,10396.0,0.04582,33169.0,0.04585,3383.0,0.04586,1445.0
1753592080219,04:54:40.219,bybit,ACT/USDT:USDT,0.04583,12587.0,0.04582,33169.0,0.04585,3383.0,0.04586,1445.0
1753592080319,04:54:40.319,bybit,ACT/USDT:USDT,0.04583,12587.0,0.04582,33169.0,0.04585,3383.0,0.04586,1445.0
1753592080419,04:54:40.419,bybit,ACT/USDT:USDT,0.04583,2191.0,0.04582,17246.0,0.04584,1901.0,0.04585,1482.0
1753592080521,04:54:40.521,bybit,ACT/USDT:USDT,0.04583,2191.0,0.04582,17246.0,0.04584,1901.0,0.04585,1482.0
1753592080720,04:54:40.720,bybit,ACT/USDT:USDT,0.04583,2191.0,0.04582,17246.0,0.04584,1901.0,0.04585,1482.0
1753592080819,04:54:40.819,bybit,ACT/USDT:USDT,0.04583,2191.0,0.04582,17246.0,0.04584,1901.0,0.04585,1482.0
1753592081019,04:54:41.019,bybit,ACT/USDT:USDT,0.04583,2191.0,0.04582,17246.0,0.04584,1901.0,0.04585,1482.0
1753592081319,04:54:41.319,bybit,ACT/USDT:USDT,0.04583,2191.0,0.04582,17246.0,0.04584,1901.0,0.04585,1482.0
1753592081419,04:54:41.419,bybit,ACT/USDT:USDT,0.04583,2191.0,0.04582,17246.0,0.04584,1901.0,0.04585,1482.0
1753592081619,04:54:41.619,bybit,ACT/USDT:USDT,0.04583,2214.0,0.04582,17246.0,0.04584,1901.0,0.04585,1482.0
1753592081819,04:54:41.819,bybit,ACT/USDT:USDT,0.04583,2214.0,0.04582,17246.0,0.04584,1901.0,0.04585,1482.0
1753592082219,04:54:42.219,bybit,ACT/USDT:USDT,0.04582,1880.0,0.04581,10289.0,0.04583,2433.0,0.04584,1382.0
1753592082319,04:54:42.319,bybit,ACT/USDT:USDT,0.04582,1880.0,0.04581,10289.0,0.04583,2433.0,0.04584,1382.0
1753592082720,04:54:42.720,bybit,ACT/USDT:USDT,0.04582,1880.0,0.04581,10289.0,0.04583,2433.0,0.04584,1382.0
1753592082919,04:54:42.919,bybit,ACT/USDT:USDT,0.04582,1880.0,0.04581,10289.0,0.04583,2433.0,0.04584,1382.0
1753592083019,04:54:43.019,bybit,ACT/USDT:USDT,0.04582,1880.0,0.04581,10289.0,0.04583,2433.0,0.04584,1382.0
1753592083119,04:54:43.119,bybit,ACT/USDT:USDT,0.04582,1880.0,0.04581,10289.0,0.04583,2433.0,0.04584,1382.0
1753592083220,04:54:43.220,bybit,ACT/USDT:USDT,0.04581,10289.0,0.0458,10295.0,0.04583,4428.0,0.04584,1544.0
1753592083318,04:54:43.318,bybit,ACT/USDT:USDT,0.04581,106.0,0.0458,15761.0,0.04583,4428.0,0.04584,1544.0
1753592083419,04:54:43.419,bybit,ACT/USDT:USDT,0.04581,106.0,0.0458,18012.0,0.04583,4428.0,0.04584,1544.0
1753592083519,04:54:43.519,bybit,ACT/USDT:USDT,0.04581,106.0,0.0458,18012.0,0.04583,4428.0,0.04584,1544.0
1753592083619,04:54:43.619,bybit,ACT/USDT:USDT,0.04581,106.0,0.0458,18012.0,0.04583,4428.0,0.04584,1544.0
1753592083718,04:54:43.718,bybit,ACT/USDT:USDT,0.04581,2297.0,0.0458,18012.0,0.04583,4428.0,0.04584,1382.0
1753592083918,04:54:43.918,bybit,ACT/USDT:USDT,0.04581,2297.0,0.0458,18012.0,0.04583,4428.0,0.04584,1382.0
1753592084019,04:54:44.019,bybit,ACT/USDT:USDT,0.04581,2297.0,0.0458,18012.0,0.04583,4428.0,0.04584,1382.0
1753592084119,04:54:44.119,bybit,ACT/USDT:USDT,0.04581,2297.0,0.0458,18012.0,0.04583,4428.0,0.04584,1544.0
1753592084619,04:54:44.619,bybit,ACT/USDT:USDT,0.04581,2297.0,0.0458,18012.0,0.04583,4428.0,0.04584,1544.0
1753592084719,04:54:44.719,bybit,ACT/USDT:USDT,0.04581,2297.0,0.0458,18012.0,0.04583,4428.0,0.04584,1544.0
1753592084819,04:54:44.819,bybit,ACT/USDT:USDT,0.04581,2297.0,0.0458,18012.0,0.04583,4428.0,0.04584,1382.0
1753592084918,04:54:44.918,bybit,ACT/USDT:USDT,0.04581,2297.0,0.0458,18012.0,0.04583,4428.0,0.04584,1382.0
1753592085219,04:54:45.219,bybit,ACT/USDT:USDT,0.04581,2297.0,0.0458,18012.0,0.04583,4428.0,0.04584,1382.0
1753592085319,04:54:45.319,bybit,ACT/USDT:USDT,0.04581,2297.0,0.0458,18012.0,0.04583,4428.0,0.04584,1382.0
1753592085419,04:54:45.419,bybit,ACT/USDT:USDT,0.04581,2297.0,0.0458,18012.0,0.04582,959.0,0.04583,3469.0
1753592085520,04:54:45.520,bybit,ACT/USDT:USDT,0.04581,2297.0,0.0458,18012.0,0.04582,959.0,0.04583,3469.0
1753592085919,04:54:45.919,bybit,ACT/USDT:USDT,0.04581,2297.0,0.0458,18012.0,0.04582,959.0,0.04583,3469.0
1753592086418,04:54:46.418,bybit,ACT/USDT:USDT,0.04581,2297.0,0.0458,18012.0,0.04582,959.0,0.04583,3469.0
1753592086523,04:54:46.523,bybit,ACT/USDT:USDT,0.04581,2297.0,0.0458,18012.0,0.04582,959.0,0.04583,3469.0
1753592086618,04:54:46.618,bybit,ACT/USDT:USDT,0.04581,2297.0,0.0458,18012.0,0.04582,959.0,0.04583,3469.0
1753592086819,04:54:46.819,bybit,ACT/USDT:USDT,0.04581,2297.0,0.0458,18012.0,0.04582,959.0,0.04583,3469.0
1753592087019,04:54:47.019,bybit,ACT/USDT:USDT,0.04581,2297.0,0.0458,18012.0,0.04582,959.0,0.04583,3469.0
1753592087119,04:54:47.119,bybit,ACT/USDT:USDT,0.04581,2297.0,0.0458,18012.0,0.04582,959.0,0.04583,3469.0
1753592087618,04:54:47.618,bybit,ACT/USDT:USDT,0.04581,2297.0,0.0458,18012.0,0.04582,959.0,0.04583,3469.0
1753592087719,04:54:47.719,bybit,ACT/USDT:USDT,0.04581,2297.0,0.0458,18012.0,0.04582,959.0,0.04583,3469.0
1753592088219,04:54:48.219,bybit,ACT/USDT:USDT,0.04581,2297.0,0.0458,18012.0,0.04582,959.0,0.04583,3469.0
1753592088319,04:54:48.319,bybit,ACT/USDT:USDT,0.04581,2297.0,0.0458,18012.0,0.04582,959.0,0.04583,3469.0
1753592088725,04:54:48.725,bybit,ACT/USDT:USDT,0.04581,2297.0,0.0458,18012.0,0.04582,959.0,0.04583,3469.0
1753592088818,04:54:48.818,bybit,ACT/USDT:USDT,0.04581,2297.0,0.0458,18012.0,0.04582,959.0,0.04583,3469.0
1753592089020,04:54:49.020,bybit,ACT/USDT:USDT,0.04581,2297.0,0.0458,18012.0,0.04582,959.0,0.04583,3469.0
1753592089319,04:54:49.319,bybit,ACT/USDT:USDT,0.04581,2297.0,0.0458,18012.0,0.04582,959.0,0.04583,3469.0
1753592089419,04:54:49.419,bybit,ACT/USDT:USDT,0.04581,2297.0,0.0458,18012.0,0.04582,959.0,0.04583,3469.0
1753592089919,04:54:49.919,bybit,ACT/USDT:USDT,0.04581,2297.0,0.0458,18012.0,0.04582,959.0,0.04583,3469.0
1753592090020,04:54:50.020,bybit,ACT/USDT:USDT,0.04581,2297.0,0.0458,18012.0,0.04582,959.0,0.04583,3469.0
1753592090619,04:54:50.619,bybit,ACT/USDT:USDT,0.04581,2297.0,0.0458,18012.0,0.04582,959.0,0.04583,3469.0
1753592090819,04:54:50.819,bybit,ACT/USDT:USDT,0.04581,2297.0,0.0458,18012.0,0.04582,1023.0,0.04583,3469.0
1753592091119,04:54:51.119,bybit,ACT/USDT:USDT,0.04581,2297.0,0.0458,18012.0,0.04582,1023.0,0.04583,3469.0
1753592091219,04:54:51.219,bybit,ACT/USDT:USDT,0.04581,2297.0,0.0458,18012.0,0.04582,1023.0,0.04583,3469.0
1753592091619,04:54:51.619,bybit,ACT/USDT:USDT,0.04581,2297.0,0.0458,18012.0,0.04582,1023.0,0.04583,3469.0
1753592091719,04:54:51.719,bybit,ACT/USDT:USDT,0.04581,2297.0,0.0458,18012.0,0.04582,1023.0,0.04583,3469.0
1753592092219,04:54:52.219,bybit,ACT/USDT:USDT,0.04581,2297.0,0.0458,18012.0,0.04582,1023.0,0.04583,3469.0
1753592092719,04:54:52.719,bybit,ACT/USDT:USDT,0.04581,2297.0,0.0458,18012.0,0.04582,1023.0,0.04583,3469.0
1753592092820,04:54:52.820,bybit,ACT/USDT:USDT,0.04581,2297.0,0.0458,18012.0,0.04582,1023.0,0.04583,3469.0
1753592093019,04:54:53.019,bybit,ACT/USDT:USDT,0.04581,2297.0,0.0458,18012.0,0.04582,1023.0,0.04583,3469.0
1753592093319,04:54:53.319,bybit,ACT/USDT:USDT,0.04581,2297.0,0.0458,18012.0,0.04582,1023.0,0.04583,3469.0
1753592093419,04:54:53.419,bybit,ACT/USDT:USDT,0.04581,2297.0,0.0458,18012.0,0.04582,1023.0,0.04583,3469.0
1753592093919,04:54:53.919,bybit,ACT/USDT:USDT,0.04581,2297.0,0.0458,18012.0,0.04582,1023.0,0.04583,3469.0
1753592094019,04:54:54.019,bybit,ACT/USDT:USDT,0.04581,2297.0,0.0458,18012.0,0.04582,1023.0,0.04583,3469.0
1753592094524,04:54:54.524,bybit,ACT/USDT:USDT,0.04581,2297.0,0.0458,18012.0,0.04582,1023.0,0.04583,3469.0
1753592094619,04:54:54.619,bybit,ACT/USDT:USDT,0.04581,2297.0,0.0458,18012.0,0.04582,1023.0,0.04583,3469.0
1753592095219,04:54:55.219,bybit,ACT/USDT:USDT,0.04581,2297.0,0.0458,18012.0,0.04582,1050.0,0.04583,3469.0
1753592095619,04:54:55.619,bybit,ACT/USDT:USDT,0.04581,2297.0,0.0458,18012.0,0.04582,1050.0,0.04583,3469.0
1753592095718,04:54:55.718,bybit,ACT/USDT:USDT,0.04581,2297.0,0.0458,18012.0,0.04582,1050.0,0.04583,3469.0
1753592096118,04:54:56.118,bybit,ACT/USDT:USDT,0.04581,2297.0,0.0458,18012.0,0.04582,1050.0,0.04583,3469.0
1753592096218,04:54:56.218,bybit,ACT/USDT:USDT,0.04581,2297.0,0.0458,18012.0,0.04582,1050.0,0.04583,3469.0
1753592096523,04:54:56.523,bybit,ACT/USDT:USDT,0.04581,2297.0,0.0458,18012.0,0.04582,1050.0,0.04583,3469.0
1753592096719,04:54:56.719,bybit,ACT/USDT:USDT,0.04581,2297.0,0.0458,18012.0,0.04582,1050.0,0.04583,3469.0
1753592096819,04:54:56.819,bybit,ACT/USDT:USDT,0.04581,2297.0,0.0458,18012.0,0.04582,1050.0,0.04583,3469.0
1753592097219,04:54:57.219,bybit,ACT/USDT:USDT,0.04581,2297.0,0.0458,18012.0,0.04582,1050.0,0.04583,3469.0
1753592097318,04:54:57.318,bybit,ACT/USDT:USDT,0.04581,2297.0,0.0458,18012.0,0.04582,1050.0,0.04583,3469.0
1753592097718,04:54:57.718,bybit,ACT/USDT:USDT,0.04581,2297.0,0.0458,18012.0,0.04582,1050.0,0.04583,3469.0
1753592097819,04:54:57.819,bybit,ACT/USDT:USDT,0.04581,2297.0,0.0458,18012.0,0.04582,1050.0,0.04583,3469.0
1753592098319,04:54:58.319,bybit,ACT/USDT:USDT,0.04581,2297.0,0.0458,18012.0,0.04582,1050.0,0.04583,3469.0
1753592098418,04:54:58.418,bybit,ACT/USDT:USDT,0.04581,2297.0,0.0458,18012.0,0.04582,1050.0,0.04583,3469.0
1753592098619,04:54:58.619,bybit,ACT/USDT:USDT,0.04581,2297.0,0.0458,18012.0,0.04582,1050.0,0.04583,3469.0
1753592098819,04:54:58.819,bybit,ACT/USDT:USDT,0.04581,2297.0,0.0458,18012.0,0.04582,1050.0,0.04583,3469.0
1753592098920,04:54:58.920,bybit,ACT/USDT:USDT,0.04581,2297.0,0.0458,18012.0,0.04582,1050.0,0.04583,3469.0
1753592099021,04:54:59.021,bybit,ACT/USDT:USDT,0.04582,3573.0,0.04581,1488.0,0.04585,5288.0,0.04586,20772.0
1753592099118,04:54:59.118,bybit,ACT/USDT:USDT,0.04582,3573.0,0.04581,1488.0,0.04585,5288.0,0.04586,20772.0
1753592099319,04:54:59.319,bybit,ACT/USDT:USDT,0.04582,3573.0,0.04581,1488.0,0.04585,7298.0,0.04586,20772.0
1753592099819,04:54:59.819,bybit,ACT/USDT:USDT,0.04582,3573.0,0.04581,7013.0,0.04585,7298.0,0.04586,20772.0
1753592099918,04:54:59.918,bybit,ACT/USDT:USDT,0.04582,3573.0,0.04581,7013.0,0.04585,7298.0,0.04586,20772.0
1753592100020,04:55:00.020,bybit,ACT/USDT:USDT,0.04582,3573.0,0.04581,7013.0,0.04585,7298.0,0.04586,20772.0
1753592100119,04:55:00.119,bybit,ACT/USDT:USDT,0.04582,3573.0,0.04581,7013.0,0.04585,7298.0,0.04586,20934.0
1753592100567,04:55:00.567,bybit,ACT/USDT:USDT,0.04582,3573.0,0.04581,7013.0,0.04585,8517.0,0.04586,18753.0
1753592101520,04:55:01.520,bybit,ACT/USDT:USDT,0.04582,3573.0,0.04581,7013.0,0.04585,8517.0,0.04586,18753.0
1753592101618,04:55:01.618,bybit,ACT/USDT:USDT,0.04582,3573.0,0.04581,7013.0,0.04585,8517.0,0.04586,18753.0
1753592101718,04:55:01.718,bybit,ACT/USDT:USDT,0.04582,3573.0,0.04581,7013.0,0.04585,8517.0,0.04586,18753.0
1753592102117,04:55:02.117,bybit,ACT/USDT:USDT,0.04582,3573.0,0.04581,7013.0,0.04585,8517.0,0.04586,18753.0
1753592102218,04:55:02.218,bybit,ACT/USDT:USDT,0.04582,3573.0,0.04581,7013.0,0.04585,8517.0,0.04586,18753.0
1753592102618,04:55:02.618,bybit,ACT/USDT:USDT,0.04582,3573.0,0.04581,7013.0,0.04585,8517.0,0.04586,18753.0
1753592102718,04:55:02.718,bybit,ACT/USDT:USDT,0.04582,3573.0,0.04581,7013.0,0.04585,8517.0,0.04586,18753.0
1753592102818,04:55:02.818,bybit,ACT/USDT:USDT,0.04582,3573.0,0.04581,7013.0,0.04585,8517.0,0.04586,18753.0
1753592102918,04:55:02.918,bybit,ACT/USDT:USDT,0.04582,3573.0,0.04581,7013.0,0.04585,8517.0,0.04586,18753.0
1753592103819,04:55:03.819,bybit,ACT/USDT:USDT,0.04582,3573.0,0.04581,7013.0,0.04585,8517.0,0.04586,18753.0
1753592103918,04:55:03.918,bybit,ACT/USDT:USDT,0.04582,3573.0,0.04581,7013.0,0.04585,8517.0,0.04586,18753.0
1753592104419,04:55:04.419,bybit,ACT/USDT:USDT,0.04582,3573.0,0.04581,7013.0,0.04585,8517.0,0.04586,18753.0
1753592104524,04:55:04.524,bybit,ACT/USDT:USDT,0.04582,3573.0,0.04581,7013.0,0.04585,8517.0,0.04586,18753.0
1753592104718,04:55:04.718,bybit,ACT/USDT:USDT,0.04582,3573.0,0.04581,6828.0,0.04585,8517.0,0.04586,18753.0
1753592105021,04:55:05.021,bybit,ACT/USDT:USDT,0.04582,3573.0,0.04581,6828.0,0.04585,8517.0,0.04586,18753.0
1753592105318,04:55:05.318,bybit,ACT/USDT:USDT,0.04582,3573.0,0.04581,6828.0,0.04585,8517.0,0.04586,18753.0
1753592105519,04:55:05.519,bybit,ACT/USDT:USDT,0.04582,3573.0,0.04581,6828.0,0.04585,8517.0,0.04586,18753.0
1753592105618,04:55:05.618,bybit,ACT/USDT:USDT,0.04582,3573.0,0.04581,6828.0,0.04585,8517.0,0.04586,18753.0
1753592106619,04:55:06.619,bybit,ACT/USDT:USDT,0.04582,3573.0,0.04581,6828.0,0.04585,8517.0,0.04586,18753.0
1753592106818,04:55:06.818,bybit,ACT/USDT:USDT,0.04582,3573.0,0.04581,6828.0,0.04585,8517.0,0.04586,18753.0
1753592107019,04:55:07.019,bybit,ACT/USDT:USDT,0.04582,3573.0,0.04581,6828.0,0.04583,110.0,0.04585,8517.0
1753592107119,04:55:07.119,bybit,ACT/USDT:USDT,0.04582,3573.0,0.04581,6828.0,0.04583,110.0,0.04585,8517.0
1753592107520,04:55:07.520,bybit,ACT/USDT:USDT,0.04582,3593.0,0.04581,6793.0,0.04583,110.0,0.04585,8517.0
1753592107718,04:55:07.718,bybit,ACT/USDT:USDT,0.04582,3593.0,0.04581,6793.0,0.04583,110.0,0.04585,8517.0
1753592107819,04:55:07.819,bybit,ACT/USDT:USDT,0.04582,3593.0,0.04581,6793.0,0.04583,110.0,0.04585,8679.0
1753592108319,04:55:08.319,bybit,ACT/USDT:USDT,0.04582,3593.0,0.04581,6793.0,0.04583,110.0,0.04585,8517.0
1753592108819,04:55:08.819,bybit,ACT/USDT:USDT,0.04584,1319.0,0.04583,9339.0,0.04587,15801.0,0.04588,18430.0
1753592108920,04:55:08.920,bybit,ACT/USDT:USDT,0.04584,3510.0,0.04583,7148.0,0.04587,15801.0,0.04588,18430.0
1753592109019,04:55:09.019,bybit,ACT/USDT:USDT,0.04584,5753.0,0.04583,7148.0,0.04587,17714.0,0.04588,18430.0
1753592109119,04:55:09.119,bybit,ACT/USDT:USDT,0.04584,5753.0,0.04583,7148.0,0.04587,17714.0,0.04588,18430.0
1753592109319,04:55:09.319,bybit,ACT/USDT:USDT,0.04584,5753.0,0.04583,7148.0,0.04587,17714.0,0.04588,18430.0
1753592109419,04:55:09.419,bybit,ACT/USDT:USDT,0.04584,5753.0,0.04583,7148.0,0.04587,17714.0,0.04588,18430.0
1753592109519,04:55:09.519,bybit,ACT/USDT:USDT,0.04584,5753.0,0.04583,7148.0,0.04587,17714.0,0.04588,18430.0
1753592109619,04:55:09.619,bybit,ACT/USDT:USDT,0.04584,5753.0,0.04583,7148.0,0.04587,17714.0,0.04588,18430.0
1753592109919,04:55:09.919,bybit,ACT/USDT:USDT,0.04584,5753.0,0.04583,7148.0,0.04587,17714.0,0.04588,18430.0
1753592110020,04:55:10.020,bybit,ACT/USDT:USDT,0.04584,5753.0,0.04583,7148.0,0.04587,17714.0,0.04588,18430.0
1753592110523,04:55:10.523,bybit,ACT/USDT:USDT,0.04584,5753.0,0.04583,7148.0,0.04587,17714.0,0.04588,18430.0
1753592110619,04:55:10.619,bybit,ACT/USDT:USDT,0.04584,5753.0,0.04583,7148.0,0.04587,15531.0,0.04588,18430.0
1753592110719,04:55:10.719,bybit,ACT/USDT:USDT,0.04584,5753.0,0.04583,7148.0,0.04587,15531.0,0.04588,18430.0
1753592111019,04:55:11.019,bybit,ACT/USDT:USDT,0.04584,5753.0,0.04583,7148.0,0.04587,15531.0,0.04588,18430.0
1753592111118,04:55:11.118,bybit,ACT/USDT:USDT,0.04584,5753.0,0.04583,7148.0,0.04587,15531.0,0.04588,18430.0
1753592111219,04:55:11.219,bybit,ACT/USDT:USDT,0.04584,5753.0,0.04583,7148.0,0.04587,15531.0,0.04588,18430.0
1753592111720,04:55:11.720,bybit,ACT/USDT:USDT,0.04584,2243.0,0.04583,1540.0,0.04585,2701.0,0.04586,1313.0
1753592112118,04:55:12.118,bybit,ACT/USDT:USDT,0.04584,2243.0,0.04583,1540.0,0.04585,2701.0,0.04586,1313.0
1753592112219,04:55:12.219,bybit,ACT/USDT:USDT,0.04584,2243.0,0.04583,1540.0,0.04585,2701.0,0.04586,1313.0
1753592112718,04:55:12.718,bybit,ACT/USDT:USDT,0.04584,2243.0,0.04583,1540.0,0.04585,2701.0,0.04586,1313.0
1753592112818,04:55:12.818,bybit,ACT/USDT:USDT,0.04584,2243.0,0.04583,1540.0,0.04585,2701.0,0.04586,1313.0
1753592113319,04:55:13.319,bybit,ACT/USDT:USDT,0.04584,2243.0,0.04583,1540.0,0.04585,2701.0,0.04586,1313.0
1753592113419,04:55:13.419,bybit,ACT/USDT:USDT,0.04584,2243.0,0.04583,1540.0,0.04585,2701.0,0.04586,1313.0
1753592113918,04:55:13.918,bybit,ACT/USDT:USDT,0.04584,2243.0,0.04583,1540.0,0.04585,2701.0,0.04586,1313.0
1753592114020,04:55:14.020,bybit,ACT/USDT:USDT,0.04584,2243.0,0.04583,1540.0,0.04585,2701.0,0.04586,1313.0
1753592114618,04:55:14.618,bybit,ACT/USDT:USDT,0.04584,2243.0,0.04583,1540.0,0.04585,2701.0,0.04586,1313.0
1753592115118,04:55:15.118,bybit,ACT/USDT:USDT,0.04584,2243.0,0.04583,1540.0,0.04585,2701.0,0.04586,1475.0
1753592115218,04:55:15.218,bybit,ACT/USDT:USDT,0.04584,2243.0,0.04583,1540.0,0.04585,2701.0,0.04586,1475.0
1753592115519,04:55:15.519,bybit,ACT/USDT:USDT,0.04584,2243.0,0.04583,1540.0,0.04585,2701.0,0.04586,1475.0
1753592115618,04:55:15.618,bybit,ACT/USDT:USDT,0.04584,2243.0,0.04583,1540.0,0.04585,2701.0,0.04586,1475.0
1753592115718,04:55:15.718,bybit,ACT/USDT:USDT,0.04584,2243.0,0.04583,1540.0,0.04585,2701.0,0.04586,1475.0
1753592116318,04:55:16.318,bybit,ACT/USDT:USDT,0.04584,2243.0,0.04583,1540.0,0.04585,2701.0,0.04586,1475.0
1753592116819,04:55:16.819,bybit,ACT/USDT:USDT,0.04584,2243.0,0.04583,1540.0,0.04585,2701.0,0.04586,1475.0
1753592116919,04:55:16.919,bybit,ACT/USDT:USDT,0.04584,2243.0,0.04583,1540.0,0.04585,2701.0,0.04586,1313.0
1753592117318,04:55:17.318,bybit,ACT/USDT:USDT,0.04584,2243.0,0.04583,1540.0,0.04585,2701.0,0.04586,1313.0
1753592117418,04:55:17.418,bybit,ACT/USDT:USDT,0.04584,2243.0,0.04583,1540.0,0.04585,2701.0,0.04586,1313.0
1753592117518,04:55:17.518,bybit,ACT/USDT:USDT,0.04584,2243.0,0.04583,1540.0,0.04585,2701.0,0.04586,1475.0
1753592117918,04:55:17.918,bybit,ACT/USDT:USDT,0.04584,2243.0,0.04583,1540.0,0.04585,2701.0,0.04586,1475.0
1753592118020,04:55:18.020,bybit,ACT/USDT:USDT,0.04584,2243.0,0.04583,1540.0,0.04585,2701.0,0.04586,1475.0
1753592118419,04:55:18.419,bybit,ACT/USDT:USDT,0.04584,2243.0,0.04583,1540.0,0.04585,2701.0,0.04586,1475.0
1753592118525,04:55:18.525,bybit,ACT/USDT:USDT,0.04584,2243.0,0.04583,1540.0,0.04585,2701.0,0.04586,1475.0
1753592119519,04:55:19.519,bybit,ACT/USDT:USDT,0.04584,2243.0,0.04583,1540.0,0.04585,2701.0,0.04586,1475.0
1753592119618,04:55:19.618,bybit,ACT/USDT:USDT,0.04584,2243.0,0.04583,1540.0,0.04585,2701.0,0.04586,1475.0
1753592120119,04:55:20.119,bybit,ACT/USDT:USDT,0.04584,2243.0,0.04583,1540.0,0.04585,2701.0,0.04586,1475.0
1753592120719,04:55:20.719,bybit,ACT/USDT:USDT,0.04584,2243.0,0.04583,1540.0,0.04585,2701.0,0.04586,1475.0
1753592120819,04:55:20.819,bybit,ACT/USDT:USDT,0.04584,2243.0,0.04583,1540.0,0.04585,2701.0,0.04586,1475.0
1753592121218,04:55:21.218,bybit,ACT/USDT:USDT,0.04584,2243.0,0.04583,1540.0,0.04585,2701.0,0.04586,1475.0
1753592121318,04:55:21.318,bybit,ACT/USDT:USDT,0.04584,2243.0,0.04583,1540.0,0.04585,2701.0,0.04586,1475.0
1753592121719,04:55:21.719,bybit,ACT/USDT:USDT,0.04584,2243.0,0.04583,1540.0,0.04585,2701.0,0.04586,1475.0
1753592121818,04:55:21.818,bybit,ACT/USDT:USDT,0.04584,2243.0,0.04583,1540.0,0.04585,2701.0,0.04586,1475.0
1753592122919,04:55:22.919,bybit,ACT/USDT:USDT,0.04584,2243.0,0.04583,1540.0,0.04585,2701.0,0.04586,1475.0
1753592123020,04:55:23.020,bybit,ACT/USDT:USDT,0.04584,2243.0,0.04583,1540.0,0.04585,2701.0,0.04586,1475.0
1753592123119,04:55:23.119,bybit,ACT/USDT:USDT,0.04583,1540.0,0.04582,21715.0,0.04585,2701.0,0.04586,1475.0
1753592123319,04:55:23.319,bybit,ACT/USDT:USDT,0.04583,3731.0,0.04582,10980.0,0.04585,4013.0,0.04586,1475.0
1753592123419,04:55:23.419,bybit,ACT/USDT:USDT,0.04583,5561.0,0.04582,21715.0,0.04585,4013.0,0.04586,1475.0
1753592123619,04:55:23.619,bybit,ACT/USDT:USDT,0.04583,4021.0,0.04582,10980.0,0.04584,2701.0,0.04585,1312.0
1753592123817,04:55:23.817,bybit,ACT/USDT:USDT,0.04583,4021.0,0.04582,10980.0,0.04584,2701.0,0.04585,1312.0
1753592123918,04:55:23.918,bybit,ACT/USDT:USDT,0.04583,4021.0,0.04582,10980.0,0.04584,2701.0,0.04585,1312.0
1753592124019,04:55:24.019,bybit,ACT/USDT:USDT,0.04583,4021.0,0.04582,10980.0,0.04584,2701.0,0.04585,1312.0
1753592124522,04:55:24.522,bybit,ACT/USDT:USDT,0.04583,4021.0,0.04582,10980.0,0.04584,2701.0,0.04585,1312.0
1753592124619,04:55:24.619,bybit,ACT/USDT:USDT,0.04583,4021.0,0.04582,10980.0,0.04584,2701.0,0.04585,1312.0
1753592125219,04:55:25.219,bybit,ACT/USDT:USDT,0.04583,4021.0,0.04582,10980.0,0.04584,2701.0,0.04585,1312.0
1753592125419,04:55:25.419,bybit,ACT/USDT:USDT,0.04583,4021.0,0.04582,10980.0,0.04584,2701.0,0.04585,1312.0
1753592125519,04:55:25.519,bybit,ACT/USDT:USDT,0.04583,4021.0,0.04582,10980.0,0.04584,2701.0,0.04585,1312.0
1753592125719,04:55:25.719,bybit,ACT/USDT:USDT,0.04583,4021.0,0.04582,10980.0,0.04584,2701.0,0.04585,1312.0
1753592125819,04:55:25.819,bybit,ACT/USDT:USDT,0.04583,4021.0,0.04582,10980.0,0.04584,2701.0,0.04585,1312.0
1753592126818,04:55:26.818,bybit,ACT/USDT:USDT,0.04583,4021.0,0.04582,10980.0,0.04584,2701.0,0.04585,1312.0
1753592126918,04:55:26.918,bybit,ACT/USDT:USDT,0.04583,4021.0,0.04582,10980.0,0.04584,2701.0,0.04585,1312.0
1753592127018,04:55:27.018,bybit,ACT/USDT:USDT,0.04583,4021.0,0.04582,11142.0,0.04584,1736.0,0.04585,1312.0
1753592127919,04:55:27.919,bybit,ACT/USDT:USDT,0.04583,4021.0,0.04582,11142.0,0.04584,1736.0,0.04585,1312.0
1753592128020,04:55:28.020,bybit,ACT/USDT:USDT,0.04583,4021.0,0.04582,11142.0,0.04584,1736.0,0.04585,1312.0
1753592129019,04:55:29.019,bybit,ACT/USDT:USDT,0.04583,4021.0,0.04582,11142.0,0.04584,1736.0,0.04585,1312.0
1753592129119,04:55:29.119,bybit,ACT/USDT:USDT,0.04583,4021.0,0.04582,11142.0,0.04584,1736.0,0.04585,1312.0
1753592129519,04:55:29.519,bybit,ACT/USDT:USDT,0.04583,4021.0,0.04582,11142.0,0.04584,1736.0,0.04585,1312.0
1753592129619,04:55:29.619,bybit,ACT/USDT:USDT,0.04583,4021.0,0.04582,11142.0,0.04584,1736.0,0.04585,1312.0
1753592129719,04:55:29.719,bybit,ACT/USDT:USDT,0.04583,4021.0,0.04582,11142.0,0.04584,1736.0,0.04585,1312.0
1753592130219,04:55:30.219,bybit,ACT/USDT:USDT,0.04583,4021.0,0.04582,11142.0,0.04584,1736.0,0.04585,1312.0
1753592130318,04:55:30.318,bybit,ACT/USDT:USDT,0.04583,4021.0,0.04582,11142.0,0.04584,1736.0,0.04585,1312.0
1753592130818,04:55:30.818,bybit,ACT/USDT:USDT,0.04583,4021.0,0.04582,11142.0,0.04584,1736.0,0.04585,1312.0
1753592130919,04:55:30.919,bybit,ACT/USDT:USDT,0.04583,4021.0,0.04582,11142.0,0.04584,1736.0,0.04585,1312.0
1753592131418,04:55:31.418,bybit,ACT/USDT:USDT,0.04583,4021.0,0.04582,11142.0,0.04584,1736.0,0.04585,1312.0
1753592131519,04:55:31.519,bybit,ACT/USDT:USDT,0.04583,4021.0,0.04582,11142.0,0.04584,1736.0,0.04585,1312.0
1753592132219,04:55:32.219,bybit,ACT/USDT:USDT,0.04583,4021.0,0.04582,11142.0,0.04584,1736.0,0.04585,1312.0
1753592132419,04:55:32.419,bybit,ACT/USDT:USDT,0.04583,4021.0,0.04582,11142.0,0.04584,1736.0,0.04585,1312.0
1753592133118,04:55:33.118,bybit,ACT/USDT:USDT,0.04583,4021.0,0.04582,11142.0,0.04584,1736.0,0.04585,1312.0
1753592133218,04:55:33.218,bybit,ACT/USDT:USDT,0.04583,4021.0,0.04582,11142.0,0.04584,1736.0,0.04585,1312.0
1753592133718,04:55:33.718,bybit,ACT/USDT:USDT,0.04583,4021.0,0.04582,11142.0,0.04584,1736.0,0.04585,1312.0
1753592133819,04:55:33.819,bybit,ACT/USDT:USDT,0.04583,4021.0,0.04582,11142.0,0.04584,1736.0,0.04585,1312.0
1753592134218,04:55:34.218,bybit,ACT/USDT:USDT,0.04583,4021.0,0.04582,11142.0,0.04584,1736.0,0.04585,1312.0
1753592134319,04:55:34.319,bybit,ACT/USDT:USDT,0.04583,4021.0,0.04582,11142.0,0.04584,1736.0,0.04585,1312.0
1753592134919,04:55:34.919,bybit,ACT/USDT:USDT,0.04583,4021.0,0.04582,11142.0,0.04584,1736.0,0.04585,1312.0
1753592135018,04:55:35.018,bybit,ACT/USDT:USDT,0.04583,4021.0,0.04582,11142.0,0.04584,1736.0,0.04585,1312.0
1753592135619,04:55:35.619,bybit,ACT/USDT:USDT,0.04583,4021.0,0.04582,11142.0,0.04584,1736.0,0.04585,1312.0
1753592136019,04:55:36.019,bybit,ACT/USDT:USDT,0.04583,4021.0,0.04582,11142.0,0.04584,1736.0,0.04585,1474.0
1753592136118,04:55:36.118,bybit,ACT/USDT:USDT,0.04583,4021.0,0.04582,11142.0,0.04584,1736.0,0.04585,1474.0
1753592136218,04:55:36.218,bybit,ACT/USDT:USDT,0.04583,4021.0,0.04582,11142.0,0.04584,1736.0,0.04585,1474.0
1753592136719,04:55:36.719,bybit,ACT/USDT:USDT,0.04583,4021.0,0.04582,11142.0,0.04584,1736.0,0.04585,1312.0
1753592136818,04:55:36.818,bybit,ACT/USDT:USDT,0.04583,4021.0,0.04582,11142.0,0.04584,1736.0,0.04585,1312.0
1753592137819,04:55:37.819,bybit,ACT/USDT:USDT,0.04583,4021.0,0.04582,11142.0,0.04584,1736.0,0.04585,1312.0
1753592137919,04:55:37.919,bybit,ACT/USDT:USDT,0.04583,4021.0,0.04582,11142.0,0.04584,1736.0,0.04585,1312.0
1753592138419,04:55:38.419,bybit,ACT/USDT:USDT,0.04583,4021.0,0.04582,11142.0,0.04584,1736.0,0.04585,1312.0
1753592139019,04:55:39.019,bybit,ACT/USDT:USDT,0.04583,4021.0,0.04582,11142.0,0.04584,1736.0,0.04585,1312.0
1753592139119,04:55:39.119,bybit,ACT/USDT:USDT,0.04583,4021.0,0.04582,11142.0,0.04584,1736.0,0.04585,1312.0
