timestamp,time,symbol,bid1_price,bid1_volume,bid2_price,bid2_volume,ask1_price,ask1_volume,ask2_price,ask2_volume
1753546956556,16:22:36.556,A/USDT:USDT,0.4596,5300.0,0.4574,800.0,0.6896,5400.0,0.6931,10900.0
1753546957703,16:22:37.703,A/USDT:USDT,0.4596,5600.0,0.4574,800.0,0.6896,5400.0,0.6931,10900.0
1753546957753,16:22:37.753,A/USDT:USDT,0.4596,5600.0,0.4574,800.0,0.6896,5600.0,0.6931,10900.0
1753546957802,16:22:37.802,A/USDT:USDT,0.4596,5600.0,0.4574,800.0,0.6896,5600.0,0.6931,10900.0
1753546959905,16:22:39.905,A/USDT:USDT,0.4596,5300.0,0.4574,800.0,0.6896,5600.0,0.6931,10900.0
1753546959964,16:22:39.964,A/USDT:USDT,0.4596,5300.0,0.4574,800.0,0.6896,5600.0,0.6931,10900.0
1753546961615,16:22:41.615,A/USDT:USDT,0.4596,5400.0,0.4574,800.0,0.6896,5600.0,0.6931,10900.0
1753546961664,16:22:41.664,A/USDT:USDT,0.4596,5400.0,0.4574,800.0,0.6896,5300.0,0.6931,10900.0
1753546961713,16:22:41.713,A/USDT:USDT,0.4596,5400.0,0.4574,800.0,0.6896,5300.0,0.6931,10900.0
1753546963564,16:22:43.564,A/USDT:USDT,0.4596,5400.0,0.4574,800.0,0.6896,5300.0,0.6931,10900.0
1753546963614,16:22:43.614,A/USDT:USDT,0.4596,5400.0,0.4574,800.0,0.6896,5300.0,0.6931,10900.0
1753546965776,16:22:45.776,A/USDT:USDT,0.4596,5400.0,0.4574,800.0,0.6896,5500.0,0.6931,10900.0
1753546967474,16:22:47.474,A/USDT:USDT,0.4596,5400.0,0.4574,800.0,0.6896,5500.0,0.6931,10900.0
1753546967523,16:22:47.523,A/USDT:USDT,0.4596,5400.0,0.4574,800.0,0.6896,5500.0,0.6931,10900.0
1753546969603,16:22:49.603,A/USDT:USDT,0.4596,5400.0,0.4574,800.0,0.6896,5500.0,0.6931,10900.0
1753546969653,16:22:49.653,A/USDT:USDT,0.4596,5400.0,0.4574,800.0,0.6896,5500.0,0.6931,10900.0
1753546971507,16:22:51.507,A/USDT:USDT,0.4597,5300.0,0.4574,800.0,0.6896,5500.0,0.6931,10900.0
1753546971559,16:22:51.559,A/USDT:USDT,0.4597,5300.0,0.4574,800.0,0.6896,5500.0,0.6931,10900.0
1753546971609,16:22:51.609,A/USDT:USDT,0.4597,5300.0,0.4574,800.0,0.6896,5300.0,0.6931,10900.0
1753546973455,16:22:53.455,A/USDT:USDT,0.4597,5600.0,0.4574,800.0,0.6896,5300.0,0.6931,10900.0
1753546973519,16:22:53.519,A/USDT:USDT,0.4597,5600.0,0.4574,800.0,0.6896,5300.0,0.6931,10900.0
1753546973568,16:22:53.568,A/USDT:USDT,0.4597,5600.0,0.4574,800.0,0.6897,5500.0,0.6931,10900.0
1753546975625,16:22:55.625,A/USDT:USDT,0.4597,5600.0,0.4574,800.0,0.6897,5500.0,0.6931,10500.0
1753546975674,16:22:55.674,A/USDT:USDT,0.4597,5600.0,0.4574,800.0,0.6897,5500.0,0.6931,10500.0
1753546978246,16:22:58.246,A/USDT:USDT,0.4597,5600.0,0.4574,800.0,0.6897,5500.0,0.6931,10500.0
1753546978296,16:22:58.296,A/USDT:USDT,0.4597,5600.0,0.4574,800.0,0.6897,5500.0,0.6931,10500.0
1753546980075,16:23:00.075,A/USDT:USDT,0.4597,5600.0,0.4574,800.0,0.6897,5500.0,0.6931,10500.0
1753546980145,16:23:00.145,A/USDT:USDT,0.4597,5600.0,0.4574,800.0,0.6897,5500.0,0.6931,10500.0
1753546981993,16:23:01.993,A/USDT:USDT,0.4597,5200.0,0.4574,800.0,0.6897,5500.0,0.6931,10500.0
1753546982043,16:23:02.043,A/USDT:USDT,0.4597,5200.0,0.4574,800.0,0.6897,5300.0,0.6931,10500.0
1753546982092,16:23:02.092,A/USDT:USDT,0.4597,5200.0,0.4574,800.0,0.6897,5300.0,0.6931,10500.0
1753546983982,16:23:03.982,A/USDT:USDT,0.4597,5200.0,0.4574,800.0,0.6897,5300.0,0.6931,10500.0
1753546984032,16:23:04.032,A/USDT:USDT,0.4596,5200.0,0.4574,800.0,0.6895,5300.0,0.6931,10500.0
1753546985940,16:23:05.940,A/USDT:USDT,0.4596,5200.0,0.4574,800.0,0.6895,5300.0,0.6931,10500.0
1753546985990,16:23:05.990,A/USDT:USDT,0.4596,5200.0,0.4574,800.0,0.6895,5300.0,0.6931,10500.0
1753546987977,16:23:07.977,A/USDT:USDT,0.4596,5200.0,0.4574,800.0,0.6895,5300.0,0.6931,10500.0
1753546988026,16:23:08.026,A/USDT:USDT,0.4596,5200.0,0.4574,800.0,0.6895,5300.0,0.6931,10500.0
1753546989806,16:23:09.806,A/USDT:USDT,0.4596,5200.0,0.4574,800.0,0.6895,5300.0,0.6931,10500.0
1753546989855,16:23:09.855,A/USDT:USDT,0.4596,5200.0,0.4574,800.0,0.6895,5300.0,0.6931,10500.0
1753546992055,16:23:12.055,A/USDT:USDT,0.4596,5200.0,0.4574,800.0,0.6895,5300.0,0.6931,10500.0
1753546992105,16:23:12.105,A/USDT:USDT,0.4596,5200.0,0.4574,800.0,0.6895,5300.0,0.6931,10500.0
1753546993687,16:23:13.687,A/USDT:USDT,0.4596,5200.0,0.4574,800.0,0.6895,5300.0,0.6931,10500.0
1753546993743,16:23:13.743,A/USDT:USDT,0.4596,5200.0,0.4574,800.0,0.6895,5300.0,0.6931,10500.0
1753546995637,16:23:15.637,A/USDT:USDT,0.4596,5200.0,0.4574,800.0,0.6895,5300.0,0.6931,10500.0
1753546995686,16:23:15.686,A/USDT:USDT,0.4596,5200.0,0.4574,800.0,0.6895,5300.0,0.6931,10500.0
1753546997928,16:23:17.928,A/USDT:USDT,0.4596,5200.0,0.4574,800.0,0.6895,5300.0,0.6931,10500.0
1753546997978,16:23:17.978,A/USDT:USDT,0.4596,5200.0,0.4574,800.0,0.6895,5300.0,0.6931,10500.0
1753546999603,16:23:19.603,A/USDT:USDT,0.4596,5200.0,0.4574,800.0,0.6895,5300.0,0.6929,10300.0
1753546999652,16:23:19.652,A/USDT:USDT,0.4596,5200.0,0.4574,800.0,0.6895,5300.0,0.6929,10300.0
1753547001555,16:23:21.555,A/USDT:USDT,0.4596,5200.0,0.4574,800.0,0.6895,5300.0,0.6929,10300.0
1753547001604,16:23:21.604,A/USDT:USDT,0.4596,5200.0,0.4574,800.0,0.6895,5300.0,0.6929,10300.0
1753547003760,16:23:23.760,A/USDT:USDT,0.4596,5200.0,0.4574,800.0,0.6895,5300.0,0.6929,10300.0
1753547005463,16:23:25.463,A/USDT:USDT,0.4596,5200.0,0.4574,800.0,0.6895,5300.0,0.6929,10300.0
1753547005513,16:23:25.513,A/USDT:USDT,0.4596,5200.0,0.4574,800.0,0.6895,5300.0,0.6929,10300.0
1753547007357,16:23:27.357,A/USDT:USDT,0.4596,5200.0,0.4574,800.0,0.6895,5300.0,0.6929,10300.0
1753547007415,16:23:27.415,A/USDT:USDT,0.4596,5200.0,0.4574,800.0,0.6895,5300.0,0.6929,10300.0
1753547009507,16:23:29.507,A/USDT:USDT,0.4596,5200.0,0.4574,800.0,0.6895,5300.0,0.6929,10300.0
1753547009556,16:23:29.556,A/USDT:USDT,0.4596,5200.0,0.4574,800.0,0.6895,5300.0,0.6929,10300.0
1753547011262,16:23:31.262,A/USDT:USDT,0.4595,5400.0,0.4574,800.0,0.6895,5300.0,0.6929,10300.0
1753547011312,16:23:31.312,A/USDT:USDT,0.4595,5400.0,0.4574,800.0,0.6894,5600.0,0.6929,10300.0
1753547011361,16:23:31.361,A/USDT:USDT,0.4595,5400.0,0.4574,800.0,0.6894,5600.0,0.6929,10300.0
1753547013217,16:23:33.217,A/USDT:USDT,0.4595,5400.0,0.4574,800.0,0.6894,5600.0,0.6929,10300.0
1753547013266,16:23:33.266,A/USDT:USDT,0.4595,5400.0,0.4574,800.0,0.6894,5600.0,0.6929,10300.0
1753547015426,16:23:35.426,A/USDT:USDT,0.4595,5400.0,0.4574,800.0,0.6894,5600.0,0.6929,10300.0
1753547015475,16:23:35.475,A/USDT:USDT,0.4595,5400.0,0.4574,800.0,0.6894,5600.0,0.6929,10300.0
1753547017133,16:23:37.133,A/USDT:USDT,0.4595,5400.0,0.4574,800.0,0.6894,5600.0,0.6929,10300.0
1753547017182,16:23:37.182,A/USDT:USDT,0.4595,5400.0,0.4574,800.0,0.6894,5600.0,0.6929,10300.0
1753547019135,16:23:39.135,A/USDT:USDT,0.4595,5400.0,0.4574,800.0,0.6894,5600.0,0.6929,10300.0
1753547019185,16:23:39.185,A/USDT:USDT,0.4595,5400.0,0.4574,800.0,0.6894,5600.0,0.6929,10300.0
1753547021225,16:23:41.225,A/USDT:USDT,0.4595,5400.0,0.4574,800.0,0.6894,5600.0,0.6929,10300.0
1753547021274,16:23:41.274,A/USDT:USDT,0.4595,5400.0,0.4574,800.0,0.6894,5600.0,0.6929,10300.0
1753547022984,16:23:42.984,A/USDT:USDT,0.4595,5400.0,0.4574,800.0,0.6894,5600.0,0.6929,10300.0
1753547023047,16:23:43.047,A/USDT:USDT,0.4595,5400.0,0.4574,800.0,0.6894,5600.0,0.6928,10400.0
1753547024984,16:23:44.984,A/USDT:USDT,0.4595,5400.0,0.4574,800.0,0.6894,5600.0,0.6928,10400.0
1753547025034,16:23:45.034,A/USDT:USDT,0.4595,5400.0,0.4574,800.0,0.6894,5600.0,0.6928,10400.0
1753547027125,16:23:47.125,A/USDT:USDT,0.4595,5400.0,0.4574,800.0,0.6894,5600.0,0.6928,10400.0
1753547027175,16:23:47.175,A/USDT:USDT,0.4595,5400.0,0.4574,800.0,0.6894,5600.0,0.6928,10400.0
1753547028837,16:23:48.837,A/USDT:USDT,0.4595,5400.0,0.4574,800.0,0.6894,5600.0,0.6928,10400.0
1753547028887,16:23:48.887,A/USDT:USDT,0.4595,5400.0,0.4574,800.0,0.6894,5600.0,0.6928,10400.0
1753547030833,16:23:50.833,A/USDT:USDT,0.4595,5400.0,0.4574,800.0,0.6894,5600.0,0.6928,10400.0
1753547030883,16:23:50.883,A/USDT:USDT,0.4595,5400.0,0.4574,800.0,0.6894,5600.0,0.6928,10400.0
1753547032887,16:23:52.887,A/USDT:USDT,0.4595,5400.0,0.4574,800.0,0.6894,5600.0,0.6928,10400.0
1753547032954,16:23:52.954,A/USDT:USDT,0.4595,5400.0,0.4574,800.0,0.6894,5600.0,0.6928,10400.0
1753547034697,16:23:54.697,A/USDT:USDT,0.4595,5400.0,0.4574,800.0,0.6894,5600.0,0.6928,10400.0
1753547034747,16:23:54.747,A/USDT:USDT,0.4595,5400.0,0.4574,800.0,0.6894,5600.0,0.6928,10400.0
1753547036654,16:23:56.654,A/USDT:USDT,0.4595,5400.0,0.4574,800.0,0.6894,5600.0,0.6928,10400.0
1753547036703,16:23:56.703,A/USDT:USDT,0.4595,5400.0,0.4574,800.0,0.6894,5600.0,0.6928,10400.0
1753547038816,16:23:58.816,A/USDT:USDT,0.4595,5400.0,0.4574,800.0,0.6894,5600.0,0.6928,10400.0
1753547038865,16:23:58.865,A/USDT:USDT,0.4595,5400.0,0.4574,800.0,0.6894,5600.0,0.6928,10400.0
1753547040562,16:24:00.562,A/USDT:USDT,0.4595,5400.0,0.4574,800.0,0.6894,5600.0,0.6928,10400.0
1753547040612,16:24:00.612,A/USDT:USDT,0.4595,5400.0,0.4574,800.0,0.6894,5600.0,0.6928,10400.0
1753547042515,16:24:02.515,A/USDT:USDT,0.4595,5400.0,0.4574,800.0,0.6894,5600.0,0.6928,10400.0
1753547042575,16:24:02.575,A/USDT:USDT,0.4595,5400.0,0.4574,800.0,0.6894,5600.0,0.6928,10400.0
1753547044725,16:24:04.725,A/USDT:USDT,0.4595,5400.0,0.4574,800.0,0.6894,5600.0,0.6928,10400.0
1753547044794,16:24:04.794,A/USDT:USDT,0.4595,5400.0,0.4574,800.0,0.6894,5600.0,0.6928,10400.0
1753547046414,16:24:06.414,A/USDT:USDT,0.4595,5400.0,0.4574,800.0,0.6894,5600.0,0.6928,10000.0
1753547046463,16:24:06.463,A/USDT:USDT,0.4595,5400.0,0.4574,800.0,0.6894,5600.0,0.6928,10000.0
1753547048417,16:24:08.417,A/USDT:USDT,0.4595,5400.0,0.4574,800.0,0.6894,5600.0,0.6928,10000.0
1753547048467,16:24:08.467,A/USDT:USDT,0.4595,5400.0,0.4574,800.0,0.6894,5600.0,0.6928,10000.0
1753547050575,16:24:10.575,A/USDT:USDT,0.4595,5400.0,0.4574,800.0,0.6894,5600.0,0.6928,10000.0
1753547050625,16:24:10.625,A/USDT:USDT,0.4595,5400.0,0.4574,800.0,0.6894,5600.0,0.6928,10000.0
1753547051147,16:24:11.147,A/USDT:USDT,0.4595,6200.0,0.4574,800.0,0.6894,5600.0,0.6928,10000.0
1753547051197,16:24:11.197,A/USDT:USDT,0.4595,6200.0,0.4572,10700.0,0.6894,5600.0,0.6928,10000.0
1753547052275,16:24:12.275,A/USDT:USDT,0.4595,6200.0,0.4572,10700.0,0.6894,5600.0,0.6928,10000.0
1753547052324,16:24:12.324,A/USDT:USDT,0.4595,6200.0,0.4572,10700.0,0.6894,5600.0,0.6928,10000.0
1753547054325,16:24:14.325,A/USDT:USDT,0.4595,6200.0,0.4572,10700.0,0.6894,5600.0,0.6928,10000.0
1753547054375,16:24:14.375,A/USDT:USDT,0.4595,6200.0,0.4572,10700.0,0.6894,5600.0,0.6928,10000.0
1753547056394,16:24:16.394,A/USDT:USDT,0.4595,6200.0,0.4572,10700.0,0.6894,5600.0,0.6928,10000.0
1753547056443,16:24:16.443,A/USDT:USDT,0.4595,6200.0,0.4572,10700.0,0.6894,5600.0,0.6928,10000.0
1753547058147,16:24:18.147,A/USDT:USDT,0.4595,6200.0,0.4572,10800.0,0.6894,5600.0,0.6928,10000.0
1753547058196,16:24:18.196,A/USDT:USDT,0.4595,6200.0,0.4572,10800.0,0.6894,5600.0,0.6928,10000.0
1753547060287,16:24:20.287,A/USDT:USDT,0.4595,6200.0,0.4572,10800.0,0.6895,5500.0,0.6928,10000.0
1753547060336,16:24:20.336,A/USDT:USDT,0.4596,5300.0,0.4595,800.0,0.6895,5500.0,0.6928,10000.0
1753547060385,16:24:20.385,A/USDT:USDT,0.4596,5300.0,0.4595,800.0,0.6895,5500.0,0.6928,10000.0
1753547062294,16:24:22.294,A/USDT:USDT,0.4596,6100.0,0.4572,10800.0,0.6895,5500.0,0.6928,10000.0
1753547062344,16:24:22.344,A/USDT:USDT,0.4596,6100.0,0.4572,10800.0,0.6895,5500.0,0.6928,10000.0
1753547064040,16:24:24.040,A/USDT:USDT,0.4596,6100.0,0.4572,10800.0,0.6895,5500.0,0.6928,10000.0
1753547064089,16:24:24.089,A/USDT:USDT,0.4596,6100.0,0.4572,10800.0,0.6895,5500.0,0.6928,10000.0
1753547066015,16:24:26.015,A/USDT:USDT,0.4596,6400.0,0.4572,10800.0,0.6895,5500.0,0.6928,10000.0
1753547066065,16:24:26.065,A/USDT:USDT,0.4596,6400.0,0.4572,10800.0,0.6895,5400.0,0.6928,10000.0
1753547068129,16:24:28.129,A/USDT:USDT,0.4596,6400.0,0.4572,10800.0,0.6895,5400.0,0.6928,10000.0
1753547068178,16:24:28.178,A/USDT:USDT,0.4596,6400.0,0.4572,10800.0,0.6895,5400.0,0.6928,10000.0
1753547069859,16:24:29.859,A/USDT:USDT,0.4596,6400.0,0.4572,10800.0,0.6895,5500.0,0.6928,10000.0
1753547069908,16:24:29.908,A/USDT:USDT,0.4596,6300.0,0.4572,10800.0,0.6895,5500.0,0.6929,10100.0
1753547069957,16:24:29.957,A/USDT:USDT,0.4596,6300.0,0.4572,10800.0,0.6895,5500.0,0.6929,10100.0
1753547071866,16:24:31.866,A/USDT:USDT,0.4596,6300.0,0.4572,10800.0,0.6895,5500.0,0.6929,10100.0
1753547071925,16:24:31.925,A/USDT:USDT,0.4596,6300.0,0.4572,10800.0,0.6895,5500.0,0.6929,10100.0
1753547074151,16:24:34.151,A/USDT:USDT,0.4596,6200.0,0.4572,10800.0,0.6895,5500.0,0.6929,10100.0
1753547074201,16:24:34.201,A/USDT:USDT,0.4596,6200.0,0.4572,10800.0,0.6895,5600.0,0.6929,10100.0
1753547074250,16:24:34.250,A/USDT:USDT,0.4596,6200.0,0.4572,10800.0,0.6895,5600.0,0.6929,10100.0
1753547075875,16:24:35.875,A/USDT:USDT,0.4596,6200.0,0.4572,10800.0,0.6896,5600.0,0.6929,10100.0
1753547075925,16:24:35.925,A/USDT:USDT,0.4596,6200.0,0.4572,10800.0,0.6896,5600.0,0.6929,10100.0
1753547077740,16:24:37.740,A/USDT:USDT,0.4596,6200.0,0.4572,10800.0,0.6896,5600.0,0.6929,10100.0
1753547077790,16:24:37.790,A/USDT:USDT,0.4597,5400.0,0.4596,800.0,0.6896,5600.0,0.6929,10100.0
1753547077840,16:24:37.840,A/USDT:USDT,0.4597,5400.0,0.4596,800.0,0.6896,5600.0,0.6929,10100.0
1753547077928,16:24:37.928,A/USDT:USDT,0.4597,5400.0,0.4572,10800.0,0.6896,5600.0,0.6929,10100.0
1753547077977,16:24:37.977,A/USDT:USDT,0.4597,6200.0,0.4572,10800.0,0.6896,5600.0,0.6929,10100.0
1753547080023,16:24:40.023,A/USDT:USDT,0.4597,6200.0,0.4572,10800.0,0.6896,5600.0,0.6929,10100.0
1753547080073,16:24:40.073,A/USDT:USDT,0.4597,6200.0,0.4572,10800.0,0.6896,5600.0,0.6929,10100.0
1753547081664,16:24:41.664,A/USDT:USDT,0.4598,5300.0,0.4597,800.0,0.6896,5600.0,0.6929,10100.0
1753547081714,16:24:41.714,A/USDT:USDT,0.4598,5300.0,0.4597,800.0,0.6898,5500.0,0.6929,10100.0
1753547081763,16:24:41.763,A/USDT:USDT,0.4598,6100.0,0.4575,10400.0,0.6898,5500.0,0.6929,10100.0
1753547083670,16:24:43.670,A/USDT:USDT,0.4598,6100.0,0.4575,10400.0,0.6898,5600.0,0.6929,10100.0
1753547083720,16:24:43.720,A/USDT:USDT,0.4598,6100.0,0.4575,10400.0,0.6898,5600.0,0.6929,10100.0
1753547085904,16:24:45.904,A/USDT:USDT,0.4598,6100.0,0.4575,10400.0,0.6898,5600.0,0.6929,10100.0
1753547085954,16:24:45.954,A/USDT:USDT,0.4598,6100.0,0.4575,10400.0,0.6898,5600.0,0.6929,10100.0
1753547086003,16:24:46.003,A/USDT:USDT,0.4598,6200.0,0.4575,10400.0,0.6898,5200.0,0.6929,10100.0
1753547087512,16:24:47.512,A/USDT:USDT,0.4598,6200.0,0.4575,10400.0,0.6898,5200.0,0.6929,10100.0
1753547087561,16:24:47.561,A/USDT:USDT,0.4598,6200.0,0.4575,10400.0,0.6898,5200.0,0.6929,10100.0
1753547089513,16:24:49.513,A/USDT:USDT,0.4598,6200.0,0.4575,10400.0,0.6898,5200.0,0.6929,10100.0
1753547089562,16:24:49.562,A/USDT:USDT,0.4598,6200.0,0.4575,10400.0,0.6898,5200.0,0.6929,10100.0
1753547091983,16:24:51.983,A/USDT:USDT,0.4598,6200.0,0.4575,10400.0,0.6898,5200.0,0.6929,10100.0
1753547092063,16:24:52.063,A/USDT:USDT,0.4598,6200.0,0.4575,10400.0,0.6898,5200.0,0.6929,10100.0
1753547093424,16:24:53.424,A/USDT:USDT,0.4598,6200.0,0.4575,10400.0,0.6898,5200.0,0.6929,10100.0
1753547093474,16:24:53.474,A/USDT:USDT,0.4598,6200.0,0.4575,10400.0,0.6898,5200.0,0.6933,10700.0
1753547095390,16:24:55.390,A/USDT:USDT,0.4598,6200.0,0.4575,10400.0,0.6898,5200.0,0.6933,10700.0
1753547095439,16:24:55.439,A/USDT:USDT,0.4598,6200.0,0.4575,10400.0,0.6898,5200.0,0.6933,10700.0
1753547097686,16:24:57.686,A/USDT:USDT,0.4598,6200.0,0.4575,10400.0,0.6898,5200.0,0.6933,10700.0
1753547100605,16:25:00.605,A/USDT:USDT,0.4598,6200.0,0.4575,10400.0,0.6897,5200.0,0.6933,10700.0
1753547100654,16:25:00.654,A/USDT:USDT,0.4598,800.0,0.4597,5400.0,0.6897,5200.0,0.6933,10700.0
1753547102565,16:25:02.565,A/USDT:USDT,0.4598,800.0,0.4597,5400.0,0.6897,5600.0,0.6933,10700.0
1753547102614,16:25:02.614,A/USDT:USDT,0.4598,6200.0,0.4575,10400.0,0.6897,5600.0,0.6933,10700.0
1753547102614,16:25:02.614,A/USDT:USDT,0.4598,6200.0,0.4575,10400.0,0.6897,5600.0,0.6933,10700.0
1753547104802,16:25:04.802,A/USDT:USDT,0.4598,6200.0,0.4575,10400.0,0.6897,5600.0,0.6933,10700.0
1753547104851,16:25:04.851,A/USDT:USDT,0.4598,6300.0,0.4575,10400.0,0.6898,5600.0,0.6933,10700.0
1753547106329,16:25:06.329,A/USDT:USDT,0.4598,5500.0,0.4575,10400.0,0.6898,5600.0,0.6933,10700.0
1753547106379,16:25:06.379,A/USDT:USDT,0.4598,5500.0,0.4576,800.0,0.6898,5600.0,0.6933,10700.0
1753547106467,16:25:06.467,A/USDT:USDT,0.4598,5500.0,0.4576,800.0,0.6896,5600.0,0.6933,10700.0
1753547106517,16:25:06.517,A/USDT:USDT,0.4597,5400.0,0.4576,800.0,0.6896,5600.0,0.6933,10700.0
1753547108425,16:25:08.425,A/USDT:USDT,0.4597,5400.0,0.4576,800.0,0.6896,5600.0,0.6933,10700.0
1753547108474,16:25:08.474,A/USDT:USDT,0.4597,5400.0,0.4576,800.0,0.6896,5600.0,0.6933,10700.0
1753547110576,16:25:10.576,A/USDT:USDT,0.4597,5400.0,0.4576,800.0,0.6896,5600.0,0.6933,10700.0
1753547110625,16:25:10.625,A/USDT:USDT,0.4597,5400.0,0.4576,800.0,0.6896,5600.0,0.6933,10700.0
1753547112327,16:25:12.327,A/USDT:USDT,0.4597,5400.0,0.4576,800.0,0.6896,5600.0,0.6933,10700.0
1753547112376,16:25:12.376,A/USDT:USDT,0.4597,5400.0,0.4576,800.0,0.6896,5600.0,0.6933,10700.0
1753547114398,16:25:14.398,A/USDT:USDT,0.4597,5400.0,0.4576,800.0,0.6896,5600.0,0.6933,10700.0
1753547114447,16:25:14.447,A/USDT:USDT,0.4597,5400.0,0.4576,800.0,0.6896,5600.0,0.6933,10700.0
1753547116565,16:25:16.565,A/USDT:USDT,0.4597,5400.0,0.4576,800.0,0.6896,5500.0,0.6933,10700.0
1753547116614,16:25:16.614,A/USDT:USDT,0.4596,5400.0,0.4576,800.0,0.6896,5500.0,0.6933,10700.0
1753547116663,16:25:16.663,A/USDT:USDT,0.4596,5400.0,0.4576,800.0,0.6896,5500.0,0.6933,10700.0
1753547118185,16:25:18.185,A/USDT:USDT,0.4596,5400.0,0.4576,800.0,0.6896,5500.0,0.693,10900.0
1753547118234,16:25:18.234,A/USDT:USDT,0.4596,5400.0,0.4576,800.0,0.6896,5500.0,0.693,10900.0
1753547120137,16:25:20.137,A/USDT:USDT,0.4596,5400.0,0.4576,800.0,0.6896,5500.0,0.693,10900.0
1753547120186,16:25:20.186,A/USDT:USDT,0.4596,5400.0,0.4576,800.0,0.6896,5500.0,0.693,10900.0
1753547122354,16:25:22.354,A/USDT:USDT,0.4596,5400.0,0.4576,800.0,0.6896,5500.0,0.693,10900.0
1753547122403,16:25:22.403,A/USDT:USDT,0.4596,5400.0,0.4576,800.0,0.6896,5500.0,0.693,10900.0
1753547124244,16:25:24.244,A/USDT:USDT,0.4596,5400.0,0.4576,800.0,0.6896,5500.0,0.693,10900.0
1753547124294,16:25:24.294,A/USDT:USDT,0.4596,5400.0,0.4576,800.0,0.6896,5500.0,0.693,10900.0
1753547126315,16:25:26.315,A/USDT:USDT,0.4596,5600.0,0.4576,800.0,0.6896,5500.0,0.693,10900.0
1753547126364,16:25:26.364,A/USDT:USDT,0.4596,5600.0,0.4576,800.0,0.6895,5600.0,0.693,10900.0
1753547126413,16:25:26.413,A/USDT:USDT,0.4596,5600.0,0.4576,800.0,0.6895,5600.0,0.693,10900.0
1753547128672,16:25:28.672,A/USDT:USDT,0.4596,5400.0,0.4576,800.0,0.6895,5600.0,0.693,10900.0
1753547128722,16:25:28.722,A/USDT:USDT,0.4596,5400.0,0.4576,800.0,0.6895,5300.0,0.693,10900.0
1753547128771,16:25:28.771,A/USDT:USDT,0.4596,5400.0,0.4576,800.0,0.6895,5300.0,0.693,10900.0
1753547130523,16:25:30.523,A/USDT:USDT,0.4596,5400.0,0.4576,800.0,0.6895,5400.0,0.693,10900.0
1753547130572,16:25:30.572,A/USDT:USDT,0.4596,5600.0,0.4576,800.0,0.6895,5400.0,0.693,10900.0
1753547132447,16:25:32.447,A/USDT:USDT,0.4596,5600.0,0.4576,800.0,0.6895,5400.0,0.693,10900.0
1753547132496,16:25:32.496,A/USDT:USDT,0.4596,5600.0,0.4576,800.0,0.6895,5400.0,0.693,10900.0
1753547134405,16:25:34.405,A/USDT:USDT,0.4596,5600.0,0.4576,800.0,0.6895,5400.0,0.693,10900.0
1753547134454,16:25:34.454,A/USDT:USDT,0.4596,5300.0,0.4576,800.0,0.6895,5400.0,0.693,10900.0
1753547136355,16:25:36.355,A/USDT:USDT,0.4596,5300.0,0.4576,800.0,0.6895,5400.0,0.693,10900.0
1753547136404,16:25:36.404,A/USDT:USDT,0.4596,5300.0,0.4576,800.0,0.6895,5400.0,0.693,10900.0
1753547138374,16:25:38.374,A/USDT:USDT,0.4596,5300.0,0.4576,800.0,0.6895,5400.0,0.693,10900.0
1753547138436,16:25:38.436,A/USDT:USDT,0.4596,5300.0,0.4576,800.0,0.6895,5400.0,0.693,10900.0
1753547140683,16:25:40.683,A/USDT:USDT,0.4595,5200.0,0.4576,800.0,0.6895,5400.0,0.693,10900.0
1753547140794,16:25:40.794,A/USDT:USDT,0.4595,5200.0,0.4576,800.0,0.6894,5500.0,0.693,10900.0
1753547142218,16:25:42.218,A/USDT:USDT,0.4595,5200.0,0.4576,800.0,0.6894,5500.0,0.693,10900.0
1753547142268,16:25:42.268,A/USDT:USDT,0.4595,5200.0,0.4576,800.0,0.6894,5500.0,0.6929,10800.0
1753547144224,16:25:44.224,A/USDT:USDT,0.4595,5200.0,0.4576,800.0,0.6894,5500.0,0.6929,10800.0
1753547144330,16:25:44.330,A/USDT:USDT,0.4595,5200.0,0.4576,800.0,0.6894,5500.0,0.6929,10800.0
1753547146120,16:25:46.120,A/USDT:USDT,0.4595,5200.0,0.4576,800.0,0.6894,5500.0,0.6929,10800.0
1753547146169,16:25:46.169,A/USDT:USDT,0.4595,5200.0,0.4576,800.0,0.6894,5500.0,0.6929,10800.0
1753547148072,16:25:48.072,A/USDT:USDT,0.4595,5400.0,0.4576,800.0,0.6894,5500.0,0.6929,10800.0
1753547148133,16:25:48.133,A/USDT:USDT,0.4595,5400.0,0.4576,800.0,0.6894,5500.0,0.6929,10800.0
1753547148183,16:25:48.183,A/USDT:USDT,0.4595,5400.0,0.4576,800.0,0.6893,5200.0,0.6929,10800.0
1753547150125,16:25:50.125,A/USDT:USDT,0.4595,5400.0,0.4576,800.0,0.6893,5200.0,0.6929,10800.0
1753547150175,16:25:50.175,A/USDT:USDT,0.4595,5400.0,0.4576,800.0,0.6893,5200.0,0.6929,10800.0
1753547151980,16:25:51.980,A/USDT:USDT,0.4595,5400.0,0.4576,800.0,0.6893,5200.0,0.6929,10800.0
1753547153935,16:25:53.935,A/USDT:USDT,0.4595,5400.0,0.4576,800.0,0.6893,5200.0,0.6929,10800.0
1753547153985,16:25:53.985,A/USDT:USDT,0.4595,5400.0,0.4576,800.0,0.6893,5200.0,0.6929,10800.0
1753547155887,16:25:55.887,A/USDT:USDT,0.4595,5400.0,0.4576,800.0,0.6893,5500.0,0.6929,10800.0
1753547155937,16:25:55.937,A/USDT:USDT,0.4595,5400.0,0.4576,800.0,0.6893,5500.0,0.6929,10800.0
1753547157835,16:25:57.835,A/USDT:USDT,0.4595,5400.0,0.4576,800.0,0.6893,5500.0,0.6929,10800.0
1753547157894,16:25:57.894,A/USDT:USDT,0.4595,5400.0,0.4576,800.0,0.6893,5500.0,0.6929,10800.0
1753547160194,16:26:00.194,A/USDT:USDT,0.4595,5400.0,0.4576,800.0,0.6893,5500.0,0.6929,10800.0
1753547160244,16:26:00.244,A/USDT:USDT,0.4595,5400.0,0.4576,800.0,0.6893,5500.0,0.6929,10800.0
1753547162289,16:26:02.289,A/USDT:USDT,0.4595,5500.0,0.4576,800.0,0.6893,5400.0,0.6929,10800.0
1753547163694,16:26:03.694,A/USDT:USDT,0.4595,5500.0,0.4576,800.0,0.6893,5400.0,0.6929,10800.0
1753547163743,16:26:03.743,A/USDT:USDT,0.4595,5500.0,0.4576,800.0,0.6893,5400.0,0.6929,10800.0
1753547165926,16:26:05.926,A/USDT:USDT,0.4593,5500.0,0.4576,800.0,0.6893,5400.0,0.6929,10800.0
1753547165975,16:26:05.975,A/USDT:USDT,0.4593,5500.0,0.4576,800.0,0.6891,5300.0,0.6925,10900.0
1753547167915,16:26:07.915,A/USDT:USDT,0.4593,5500.0,0.4576,800.0,0.6891,5300.0,0.6925,10900.0
1753547167973,16:26:07.973,A/USDT:USDT,0.4593,5500.0,0.4576,800.0,0.6891,5300.0,0.6925,10900.0
1753547169609,16:26:09.609,A/USDT:USDT,0.4593,5500.0,0.4576,800.0,0.6891,5300.0,0.6925,10900.0
1753547169659,16:26:09.659,A/USDT:USDT,0.4593,5300.0,0.4576,800.0,0.6891,5400.0,0.6925,10900.0
1753547171745,16:26:11.745,A/USDT:USDT,0.4593,5300.0,0.4576,800.0,0.6891,5300.0,0.6925,10900.0
1753547171794,16:26:11.794,A/USDT:USDT,0.4593,5600.0,0.4576,800.0,0.6891,5300.0,0.6925,10900.0
1753547173944,16:26:13.944,A/USDT:USDT,0.4593,5600.0,0.4576,800.0,0.6891,5400.0,0.6925,10900.0
1753547173994,16:26:13.994,A/USDT:USDT,0.4593,5600.0,0.4576,800.0,0.6891,5400.0,0.6925,10900.0
1753547175499,16:26:15.499,A/USDT:USDT,0.4593,5600.0,0.4576,800.0,0.6891,5400.0,0.6925,10900.0
1753547175548,16:26:15.548,A/USDT:USDT,0.4593,5600.0,0.4576,800.0,0.6891,5200.0,0.6925,10900.0
1753547177474,16:26:17.474,A/USDT:USDT,0.4593,5600.0,0.4576,800.0,0.6891,5200.0,0.6925,10900.0
1753547177523,16:26:17.523,A/USDT:USDT,0.4593,5600.0,0.4576,800.0,0.6891,5200.0,0.6925,10900.0
1753547179584,16:26:19.584,A/USDT:USDT,0.4593,5600.0,0.4576,800.0,0.6891,5200.0,0.6925,10900.0
1753547179634,16:26:19.634,A/USDT:USDT,0.4593,5600.0,0.4576,800.0,0.6891,5200.0,0.6925,10900.0
1753547181425,16:26:21.425,A/USDT:USDT,0.4593,5600.0,0.4576,800.0,0.6891,5200.0,0.6925,10900.0
1753547181475,16:26:21.475,A/USDT:USDT,0.4593,5600.0,0.4576,800.0,0.6891,5200.0,0.6925,10900.0
