timestamp,time,symbol,bid1_price,bid1_volume,bid2_price,bid2_volume,ask1_price,ask1_volume,ask2_price,ask2_volume
1753546948222,16:22:28.222,ADA/USDT:USDT,0.8356,25728.0,0.8355,119344.0,0.8357,5201.0,0.8358,61614.0
1753546948423,16:22:28.423,ADA/USDT:USDT,0.8357,2000.0,0.8356,73715.0,0.8358,6062.0,0.8359,74743.0
1753546948523,16:22:28.523,ADA/USDT:USDT,0.8357,2000.0,0.8356,90235.0,0.8358,5823.0,0.8359,85166.0
1753546948622,16:22:28.622,ADA/USDT:USDT,0.8357,2000.0,0.8356,90235.0,0.8358,5817.0,0.8359,85166.0
1753546948722,16:22:28.722,ADA/USDT:USDT,0.8357,2000.0,0.8356,90242.0,0.8358,5817.0,0.8359,81467.0
1753546948822,16:22:28.822,ADA/USDT:USDT,0.8357,10126.0,0.8356,90242.0,0.8358,4209.0,0.8359,76722.0
1753546948922,16:22:28.922,ADA/USDT:USDT,0.8357,10126.0,0.8356,90242.0,0.8358,4209.0,0.8359,51176.0
1753546949429,16:22:29.429,ADA/USDT:USDT,0.8356,626.0,0.8355,71660.0,0.8357,13339.0,0.8358,104794.0
1753546949523,16:22:29.523,ADA/USDT:USDT,0.8356,2205.0,0.8355,86863.0,0.8357,13339.0,0.8358,105987.0
1753546949623,16:22:29.623,ADA/USDT:USDT,0.8356,199.0,0.8355,59665.0,0.8357,13339.0,0.8358,111360.0
1753546949722,16:22:29.722,ADA/USDT:USDT,0.8356,199.0,0.8355,59234.0,0.8357,13339.0,0.8358,111360.0
1753546949822,16:22:29.822,ADA/USDT:USDT,0.8356,331.0,0.8355,80275.0,0.8357,13357.0,0.8358,111360.0
1753546950322,16:22:30.322,ADA/USDT:USDT,0.8356,1754.0,0.8355,47259.0,0.8357,12993.0,0.8358,111360.0
1753546950522,16:22:30.522,ADA/USDT:USDT,0.8356,1754.0,0.8355,47259.0,0.8357,12993.0,0.8358,107685.0
1753546950622,16:22:30.622,ADA/USDT:USDT,0.8356,1754.0,0.8355,40945.0,0.8357,12993.0,0.8358,107685.0
1753546950722,16:22:30.722,ADA/USDT:USDT,0.8356,1754.0,0.8355,40514.0,0.8357,12993.0,0.8358,107692.0
1753546950822,16:22:30.822,ADA/USDT:USDT,0.8356,1754.0,0.8355,51031.0,0.8357,12993.0,0.8358,107692.0
1753546952222,16:22:32.222,ADA/USDT:USDT,0.8356,3940.0,0.8355,66068.0,0.8357,9592.0,0.8358,104016.0
1753546952323,16:22:32.323,ADA/USDT:USDT,0.8356,4072.0,0.8355,70438.0,0.8357,6564.0,0.8358,90536.0
1753546952422,16:22:32.422,ADA/USDT:USDT,0.8356,12149.0,0.8355,74081.0,0.8357,4247.0,0.8358,54068.0
1753546953122,16:22:33.122,ADA/USDT:USDT,0.8357,18502.0,0.8356,90123.0,0.8358,1524.0,0.8359,48087.0
1753546953222,16:22:33.222,ADA/USDT:USDT,0.8357,18502.0,0.8356,89905.0,0.8358,1524.0,0.8359,45604.0
1753546953823,16:22:33.823,ADA/USDT:USDT,0.8358,2000.0,0.8357,68164.0,0.8359,13247.0,0.836,111392.0
1753546953922,16:22:33.922,ADA/USDT:USDT,0.8358,2000.0,0.8357,68164.0,0.8359,13247.0,0.836,111392.0
1753546954023,16:22:34.023,ADA/USDT:USDT,0.8358,2000.0,0.8357,68164.0,0.8359,13247.0,0.836,111392.0
1753546954123,16:22:34.123,ADA/USDT:USDT,0.8358,488.0,0.8357,68164.0,0.8359,13247.0,0.836,112512.0
1753546954222,16:22:34.222,ADA/USDT:USDT,0.8358,488.0,0.8357,68224.0,0.8359,13247.0,0.836,112512.0
1753546954623,16:22:34.623,ADA/USDT:USDT,0.8357,18754.0,0.8356,88857.0,0.8358,1702.0,0.8359,40573.0
1753546954723,16:22:34.723,ADA/USDT:USDT,0.8357,15425.0,0.8356,85255.0,0.8358,4393.0,0.8359,48494.0
1753546954823,16:22:34.823,ADA/USDT:USDT,0.8357,11514.0,0.8356,85255.0,0.8358,8113.0,0.8359,48494.0
1753546954922,16:22:34.922,ADA/USDT:USDT,0.8357,11514.0,0.8356,85255.0,0.8358,8113.0,0.8359,48494.0
1753546955023,16:22:35.023,ADA/USDT:USDT,0.8357,2215.0,0.8356,27067.0,0.8358,24085.0,0.8359,54568.0
1753546955122,16:22:35.122,ADA/USDT:USDT,0.8357,2215.0,0.8356,52631.0,0.8358,12691.0,0.8359,41290.0
1753546955222,16:22:35.222,ADA/USDT:USDT,0.8357,2215.0,0.8356,58642.0,0.8358,12691.0,0.8359,41290.0
1753546955322,16:22:35.322,ADA/USDT:USDT,0.8357,2215.0,0.8356,58642.0,0.8358,13887.0,0.8359,43682.0
1753546955422,16:22:35.422,ADA/USDT:USDT,0.8357,2215.0,0.8356,58642.0,0.8358,9797.0,0.8359,43682.0
1753546955522,16:22:35.522,ADA/USDT:USDT,0.8357,2290.0,0.8356,58642.0,0.8358,9797.0,0.8359,47284.0
1753546955622,16:22:35.622,ADA/USDT:USDT,0.8357,2290.0,0.8356,58642.0,0.8358,9797.0,0.8359,43682.0
1753546955723,16:22:35.723,ADA/USDT:USDT,0.8357,2290.0,0.8356,58642.0,0.8358,9807.0,0.8359,43682.0
1753546955823,16:22:35.823,ADA/USDT:USDT,0.8357,2290.0,0.8356,58642.0,0.8358,9807.0,0.8359,43682.0
1753546955924,16:22:35.924,ADA/USDT:USDT,0.8357,24358.0,0.8356,66966.0,0.8358,4403.0,0.8359,39286.0
1753546956023,16:22:36.023,ADA/USDT:USDT,0.8357,4981.0,0.8356,64208.0,0.8358,7491.0,0.8359,41290.0
1753546956122,16:22:36.122,ADA/USDT:USDT,0.8357,4981.0,0.8356,63012.0,0.8358,4891.0,0.8359,41290.0
1753546956223,16:22:36.223,ADA/USDT:USDT,0.8357,5006.0,0.8356,63012.0,0.8358,8611.0,0.8359,44892.0
1753546956322,16:22:36.322,ADA/USDT:USDT,0.8357,5006.0,0.8356,63012.0,0.8358,8611.0,0.8359,41290.0
1753546956523,16:22:36.523,ADA/USDT:USDT,0.8357,1695.0,0.8356,27811.0,0.8358,15378.0,0.8359,48518.0
1753546956822,16:22:36.822,ADA/USDT:USDT,0.8357,1695.0,0.8356,26246.0,0.8358,16574.0,0.8359,50910.0
1753546956922,16:22:36.922,ADA/USDT:USDT,0.8357,2183.0,0.8356,11205.0,0.8358,16574.0,0.8359,50910.0
1753546957122,16:22:37.122,ADA/USDT:USDT,0.8357,2183.0,0.8356,21717.0,0.8358,16574.0,0.8359,47284.0
1753546957223,16:22:37.223,ADA/USDT:USDT,0.8357,2183.0,0.8356,40196.0,0.8358,16574.0,0.8359,47284.0
1753546957322,16:22:37.322,ADA/USDT:USDT,0.8357,2183.0,0.8356,49234.0,0.8358,16574.0,0.8359,43682.0
1753546957422,16:22:37.422,ADA/USDT:USDT,0.8357,2315.0,0.8356,55245.0,0.8358,9807.0,0.8359,48052.0
1753546957522,16:22:37.522,ADA/USDT:USDT,0.8357,2183.0,0.8356,55245.0,0.8358,10637.0,0.8359,48052.0
1753546957623,16:22:37.623,ADA/USDT:USDT,0.8357,2183.0,0.8356,55245.0,0.8358,11035.0,0.8359,51654.0
1753546957723,16:22:37.723,ADA/USDT:USDT,0.8357,3985.0,0.8356,53452.0,0.8358,11035.0,0.8359,51654.0
1753546957822,16:22:37.822,ADA/USDT:USDT,0.8357,4031.0,0.8356,53452.0,0.8358,11035.0,0.8359,51654.0
1753546957925,16:22:37.925,ADA/USDT:USDT,0.8357,4031.0,0.8356,53452.0,0.8358,11035.0,0.8359,51654.0
1753546958022,16:22:38.022,ADA/USDT:USDT,0.8357,5543.0,0.8356,53452.0,0.8358,9807.0,0.8359,48052.0
1753546958122,16:22:38.122,ADA/USDT:USDT,0.8357,5543.0,0.8356,53452.0,0.8358,9807.0,0.8359,48052.0
1753546958222,16:22:38.222,ADA/USDT:USDT,0.8357,5543.0,0.8356,53452.0,0.8358,9807.0,0.8359,48052.0
1753546958323,16:22:38.323,ADA/USDT:USDT,0.8357,5543.0,0.8356,53452.0,0.8358,7207.0,0.8359,48052.0
1753546958422,16:22:38.422,ADA/USDT:USDT,0.8357,5543.0,0.8356,53452.0,0.8358,6087.0,0.8359,48052.0
1753546958722,16:22:38.722,ADA/USDT:USDT,0.8357,5543.0,0.8356,64024.0,0.8358,6087.0,0.8359,50652.0
1753546958822,16:22:38.822,ADA/USDT:USDT,0.8357,5543.0,0.8356,60422.0,0.8358,6087.0,0.8359,50652.0
1753546958922,16:22:38.922,ADA/USDT:USDT,0.8357,4031.0,0.8356,53452.0,0.8358,9456.0,0.8359,57880.0
1753546959022,16:22:39.022,ADA/USDT:USDT,0.8357,4016.0,0.8356,47435.0,0.8358,9456.0,0.8359,57880.0
1753546959123,16:22:39.123,ADA/USDT:USDT,0.8357,4148.0,0.8356,53453.0,0.8358,9456.0,0.8359,57880.0
1753546959222,16:22:39.222,ADA/USDT:USDT,0.8357,4148.0,0.8356,53453.0,0.8358,9456.0,0.8359,57880.0
1753546959322,16:22:39.322,ADA/USDT:USDT,0.8357,4016.0,0.8356,53453.0,0.8358,9888.0,0.8359,54278.0
1753546959522,16:22:39.522,ADA/USDT:USDT,0.8357,4016.0,0.8356,53453.0,0.8358,9888.0,0.8359,54278.0
1753546959622,16:22:39.622,ADA/USDT:USDT,0.8357,4016.0,0.8356,53453.0,0.8358,9888.0,0.8359,50652.0
1753546959723,16:22:39.723,ADA/USDT:USDT,0.8357,4016.0,0.8356,53453.0,0.8358,9888.0,0.8359,54278.0
1753546959822,16:22:39.822,ADA/USDT:USDT,0.8357,4016.0,0.8356,53453.0,0.8358,9199.0,0.8359,54278.0
1753546959925,16:22:39.925,ADA/USDT:USDT,0.8357,4016.0,0.8356,53453.0,0.8358,9199.0,0.8359,50652.0
1753546960122,16:22:40.122,ADA/USDT:USDT,0.8357,13368.0,0.8356,61510.0,0.8358,2144.0,0.8359,44080.0
1753546960222,16:22:40.222,ADA/USDT:USDT,0.8357,13368.0,0.8356,57908.0,0.8358,2170.0,0.8359,40415.0
1753546960422,16:22:40.422,ADA/USDT:USDT,0.8357,3528.0,0.8356,21883.0,0.8358,9860.0,0.8359,48360.0
1753546960523,16:22:40.523,ADA/USDT:USDT,0.8357,4016.0,0.8356,53471.0,0.8358,9072.0,0.8359,46711.0
1753546960622,16:22:40.622,ADA/USDT:USDT,0.8357,4016.0,0.8356,53471.0,0.8358,9619.0,0.8359,43109.0
1753546960722,16:22:40.722,ADA/USDT:USDT,0.8356,2007.0,0.8355,52210.0,0.8357,15745.0,0.8358,85515.0
1753546960822,16:22:40.822,ADA/USDT:USDT,0.8356,7717.0,0.8355,68484.0,0.8357,15745.0,0.8358,81987.0
1753546960923,16:22:40.923,ADA/USDT:USDT,0.8357,15621.0,0.8356,73621.0,0.8358,6194.0,0.8359,38799.0
1753546961022,16:22:41.022,ADA/USDT:USDT,0.8357,18491.0,0.8356,77125.0,0.8358,1503.0,0.8359,29759.0
1753546961123,16:22:41.123,ADA/USDT:USDT,0.8357,28731.0,0.8356,95188.0,0.8358,1503.0,0.8359,2481.0
1753546961222,16:22:41.222,ADA/USDT:USDT,0.8357,27090.0,0.8356,95292.0,0.8358,1381.0,0.8359,2481.0
1753546961322,16:22:41.322,ADA/USDT:USDT,0.8357,17536.0,0.8356,95292.0,0.8358,1381.0,0.8359,2481.0
1753546961422,16:22:41.422,ADA/USDT:USDT,0.8357,17536.0,0.8356,95292.0,0.8358,1381.0,0.8359,2481.0
1753546961522,16:22:41.522,ADA/USDT:USDT,0.8357,21585.0,0.8356,96072.0,0.8358,1381.0,0.8359,2481.0
1753546961622,16:22:41.622,ADA/USDT:USDT,0.8357,21648.0,0.8356,96072.0,0.8358,1391.0,0.8359,2481.0
1753546961723,16:22:41.723,ADA/USDT:USDT,0.8358,20929.0,0.8357,87284.0,0.8359,1519.0,0.836,32355.0
1753546961822,16:22:41.822,ADA/USDT:USDT,0.8358,19417.0,0.8357,87293.0,0.8359,4210.0,0.836,44393.0
1753546961924,16:22:41.924,ADA/USDT:USDT,0.8358,19417.0,0.8357,87278.0,0.8359,4210.0,0.836,44393.0
1753546962022,16:22:42.022,ADA/USDT:USDT,0.8358,19417.0,0.8357,83828.0,0.8359,4210.0,0.836,44393.0
1753546962122,16:22:42.122,ADA/USDT:USDT,0.8358,19417.0,0.8357,83828.0,0.8359,4210.0,0.836,44393.0
1753546962223,16:22:42.223,ADA/USDT:USDT,0.8358,11578.0,0.8357,83828.0,0.8359,6810.0,0.836,46876.0
1753546962322,16:22:42.322,ADA/USDT:USDT,0.8358,13090.0,0.8357,87278.0,0.8359,1519.0,0.836,39533.0
1753546962422,16:22:42.422,ADA/USDT:USDT,0.8358,13628.0,0.8357,87396.0,0.8359,2216.0,0.836,39533.0
1753546962522,16:22:42.522,ADA/USDT:USDT,0.8358,13628.0,0.8357,87396.0,0.8359,2216.0,0.836,39533.0
1753546962622,16:22:42.622,ADA/USDT:USDT,0.8358,13628.0,0.8357,83946.0,0.8359,2216.0,0.836,39533.0
1753546962722,16:22:42.722,ADA/USDT:USDT,0.8358,13628.0,0.8357,87396.0,0.8359,2216.0,0.836,39533.0
1753546962822,16:22:42.822,ADA/USDT:USDT,0.8358,13628.0,0.8357,87396.0,0.8359,2216.0,0.836,39533.0
1753546962923,16:22:42.923,ADA/USDT:USDT,0.8358,13652.0,0.8357,87396.0,0.8359,2216.0,0.836,42222.0
1753546963022,16:22:43.022,ADA/USDT:USDT,0.8358,13652.0,0.8357,87396.0,0.8359,2216.0,0.836,30186.0
1753546963123,16:22:43.123,ADA/USDT:USDT,0.8358,13652.0,0.8357,88607.0,0.8359,2216.0,0.836,30186.0
1753546963222,16:22:43.222,ADA/USDT:USDT,0.8358,20552.0,0.8357,88607.0,0.8359,704.0,0.836,30186.0
1753546963322,16:22:43.322,ADA/USDT:USDT,0.8358,13652.0,0.8357,88607.0,0.8359,2216.0,0.836,32786.0
1753546963422,16:22:43.422,ADA/USDT:USDT,0.8358,13652.0,0.8357,85157.0,0.8359,2216.0,0.836,44822.0
1753546963522,16:22:43.522,ADA/USDT:USDT,0.8358,13652.0,0.8357,85157.0,0.8359,2216.0,0.836,44822.0
1753546963622,16:22:43.622,ADA/USDT:USDT,0.8358,13666.0,0.8357,85157.0,0.8359,2216.0,0.836,44822.0
1753546963722,16:22:43.722,ADA/USDT:USDT,0.8358,13666.0,0.8357,85157.0,0.8359,2216.0,0.836,44822.0
1753546963822,16:22:43.822,ADA/USDT:USDT,0.8359,27332.0,0.8358,46828.0,0.836,550.0,0.8361,30313.0
1753546963925,16:22:43.925,ADA/USDT:USDT,0.8359,56014.0,0.8358,52234.0,0.836,550.0,0.8361,3230.0
1753546964022,16:22:44.022,ADA/USDT:USDT,0.8359,52604.0,0.8358,52353.0,0.836,550.0,0.8361,5713.0
1753546964122,16:22:44.122,ADA/USDT:USDT,0.8359,43168.0,0.8358,52353.0,0.836,550.0,0.8361,5713.0
1753546964222,16:22:44.222,ADA/USDT:USDT,0.8359,46554.0,0.8358,52353.0,0.836,428.0,0.8361,2842.0
1753546964322,16:22:44.322,ADA/USDT:USDT,0.8359,43168.0,0.8358,52353.0,0.836,428.0,0.8361,17359.0
1753546964423,16:22:44.423,ADA/USDT:USDT,0.8359,43168.0,0.8358,52256.0,0.836,428.0,0.8361,14876.0
1753546964522,16:22:44.522,ADA/USDT:USDT,0.8359,49874.0,0.8358,52256.0,0.836,428.0,0.8361,2820.0
1753546964623,16:22:44.623,ADA/USDT:USDT,0.8359,49874.0,0.8358,52256.0,0.836,428.0,0.8361,2833.0
1753546964722,16:22:44.722,ADA/USDT:USDT,0.8359,49874.0,0.8358,52256.0,0.836,918.0,0.8361,2833.0
1753546964822,16:22:44.822,ADA/USDT:USDT,0.8359,49874.0,0.8358,53036.0,0.836,944.0,0.8361,2833.0
1753546964923,16:22:44.923,ADA/USDT:USDT,0.8359,43168.0,0.8358,53012.0,0.836,944.0,0.8361,2833.0
1753546965023,16:22:45.023,ADA/USDT:USDT,0.8359,46521.0,0.8358,53036.0,0.836,944.0,0.8361,2833.0
1753546965323,16:22:45.323,ADA/USDT:USDT,0.836,49781.0,0.8359,105907.0,0.8361,1470.0,0.8362,21706.0
1753546965422,16:22:45.422,ADA/USDT:USDT,0.836,46428.0,0.8359,102554.0,0.8361,1470.0,0.8362,18274.0
1753546965522,16:22:45.522,ADA/USDT:USDT,0.836,46428.0,0.8359,102554.0,0.8361,1482.0,0.8362,18274.0
1753546965622,16:22:45.622,ADA/USDT:USDT,0.836,46428.0,0.8359,105856.0,0.8361,1482.0,0.8362,18274.0
1753546965722,16:22:45.722,ADA/USDT:USDT,0.836,46428.0,0.8359,102554.0,0.8361,1482.0,0.8362,18274.0
1753546965822,16:22:45.822,ADA/USDT:USDT,0.836,46428.0,0.8359,105856.0,0.8361,1482.0,0.8362,18274.0
1753546965922,16:22:45.922,ADA/USDT:USDT,0.836,53032.0,0.8359,105856.0,0.8361,102.0,0.8362,15583.0
1753546966023,16:22:46.023,ADA/USDT:USDT,0.836,53032.0,0.8359,105856.0,0.8361,102.0,0.8362,15583.0
1753546966122,16:22:46.122,ADA/USDT:USDT,0.836,53032.0,0.8359,105856.0,0.8361,102.0,0.8362,15583.0
1753546966222,16:22:46.222,ADA/USDT:USDT,0.836,49730.0,0.8359,105856.0,0.8361,102.0,0.8362,18066.0
1753546966322,16:22:46.322,ADA/USDT:USDT,0.836,49730.0,0.8359,105856.0,0.8361,161.0,0.8362,18274.0
1753546966422,16:22:46.422,ADA/USDT:USDT,0.836,40316.0,0.8359,99177.0,0.8361,1673.0,0.8362,57546.0
1753546966522,16:22:46.522,ADA/USDT:USDT,0.836,34992.0,0.8359,99177.0,0.8361,1673.0,0.8362,66583.0
1753546966622,16:22:46.622,ADA/USDT:USDT,0.836,38294.0,0.8359,105781.0,0.8361,1673.0,0.8362,18274.0
1753546966723,16:22:46.723,ADA/USDT:USDT,0.836,43392.0,0.8359,114112.0,0.8361,161.0,0.8362,15583.0
1753546966823,16:22:46.823,ADA/USDT:USDT,0.836,43392.0,0.8359,114112.0,0.8361,161.0,0.8362,15583.0
1753546966922,16:22:46.922,ADA/USDT:USDT,0.836,40090.0,0.8359,114112.0,0.8361,161.0,0.8362,15583.0
1753546967022,16:22:47.022,ADA/USDT:USDT,0.836,40090.0,0.8359,114112.0,0.8361,161.0,0.8362,15583.0
1753546967122,16:22:47.122,ADA/USDT:USDT,0.836,43392.0,0.8359,114112.0,0.8361,161.0,0.8362,15583.0
1753546967222,16:22:47.222,ADA/USDT:USDT,0.836,43392.0,0.8359,114120.0,0.8361,161.0,0.8362,15583.0
1753546967323,16:22:47.323,ADA/USDT:USDT,0.836,36788.0,0.8359,114120.0,0.8361,161.0,0.8362,15583.0
1753546967422,16:22:47.422,ADA/USDT:USDT,0.836,36973.0,0.8359,110818.0,0.8361,161.0,0.8362,36221.0
1753546967523,16:22:47.523,ADA/USDT:USDT,0.836,36973.0,0.8359,110818.0,0.8361,1541.0,0.8362,30213.0
1753546967622,16:22:47.622,ADA/USDT:USDT,0.836,36973.0,0.8359,107516.0,0.8361,161.0,0.8362,27104.0
1753546967723,16:22:47.723,ADA/USDT:USDT,0.836,16909.0,0.8359,107516.0,0.8361,5483.0,0.8362,29826.0
1753546967822,16:22:47.822,ADA/USDT:USDT,0.836,16909.0,0.8359,107516.0,0.8361,5483.0,0.8362,29826.0
1753546967922,16:22:47.922,ADA/USDT:USDT,0.836,16909.0,0.8359,110818.0,0.8361,5483.0,0.8362,27104.0
1753546968022,16:22:48.022,ADA/USDT:USDT,0.836,16909.0,0.8359,107516.0,0.8361,5483.0,0.8362,29587.0
1753546968123,16:22:48.123,ADA/USDT:USDT,0.836,11488.0,0.8359,95929.0,0.8361,8571.0,0.8362,50618.0
1753546968223,16:22:48.223,ADA/USDT:USDT,0.836,2088.0,0.8359,93401.0,0.8361,10486.0,0.8362,95850.0
1753546968322,16:22:48.322,ADA/USDT:USDT,0.836,24302.0,0.8359,106108.0,0.8361,1550.0,0.8362,15056.0
1753546968422,16:22:48.422,ADA/USDT:USDT,0.836,24309.0,0.8359,106108.0,0.8361,1550.0,0.8362,33493.0
1753546968522,16:22:48.522,ADA/USDT:USDT,0.836,24399.0,0.8359,102835.0,0.8361,1539.0,0.8362,33732.0
1753546968622,16:22:48.622,ADA/USDT:USDT,0.836,24399.0,0.8359,102835.0,0.8361,1539.0,0.8362,33732.0
1753546968722,16:22:48.722,ADA/USDT:USDT,0.836,24399.0,0.8359,106108.0,0.8361,1539.0,0.8362,24725.0
1753546968822,16:22:48.822,ADA/USDT:USDT,0.836,32457.0,0.8359,106108.0,0.8361,1407.0,0.8362,12456.0
1753546968923,16:22:48.923,ADA/USDT:USDT,0.836,35731.0,0.8359,106132.0,0.8361,27.0,0.8362,45.0
1753546969022,16:22:49.022,ADA/USDT:USDT,0.836,35731.0,0.8359,106108.0,0.8361,27.0,0.8362,45.0
1753546969122,16:22:49.122,ADA/USDT:USDT,0.836,33415.0,0.8359,108509.0,0.8361,27.0,0.8362,45.0
1753546969223,16:22:49.223,ADA/USDT:USDT,0.836,36927.0,0.8359,108509.0,0.8361,27.0,0.8362,45.0
1753546969322,16:22:49.322,ADA/USDT:USDT,0.8361,41526.0,0.836,90400.0,0.8362,25.0,0.8363,2727.0
1753546969422,16:22:49.422,ADA/USDT:USDT,0.8361,42314.0,0.836,89608.0,0.8362,25.0,0.8363,2727.0
1753546969522,16:22:49.522,ADA/USDT:USDT,0.8361,45359.0,0.836,99758.0,0.8362,25.0,0.8363,3131.0
1753546969622,16:22:49.622,ADA/USDT:USDT,0.8362,44228.0,0.8361,103680.0,0.8363,7.0,0.8364,5805.0
1753546969722,16:22:49.722,ADA/USDT:USDT,0.8363,2957.0,0.8362,85103.0,0.8364,5287.0,0.8365,89944.0
1753546969822,16:22:49.822,ADA/USDT:USDT,0.8363,8157.0,0.8362,85103.0,0.8364,5919.0,0.8365,89518.0
1753546969924,16:22:49.924,ADA/USDT:USDT,0.8363,6038.0,0.8362,75992.0,0.8364,9007.0,0.8365,93163.0
1753546970022,16:22:50.022,ADA/USDT:USDT,0.8362,8836.0,0.8361,88593.0,0.8363,23280.0,0.8364,82522.0
1753546970123,16:22:50.123,ADA/USDT:USDT,0.8362,6.0,0.8361,53605.0,0.8363,23280.0,0.8364,115183.0
1753546970223,16:22:50.223,ADA/USDT:USDT,0.8362,6.0,0.8361,2991.0,0.8363,30914.0,0.8364,117575.0
1753546970322,16:22:50.322,ADA/USDT:USDT,0.8362,6.0,0.8361,2991.0,0.8363,24476.0,0.8364,118477.0
1753546970422,16:22:50.422,ADA/USDT:USDT,0.8362,829.0,0.8361,33766.0,0.8363,24476.0,0.8364,118477.0
1753546970522,16:22:50.522,ADA/USDT:USDT,0.8362,829.0,0.8361,33766.0,0.8363,24902.0,0.8364,118477.0
1753546970622,16:22:50.622,ADA/USDT:USDT,0.8362,829.0,0.8361,33766.0,0.8363,24902.0,0.8364,118477.0
1753546970722,16:22:50.722,ADA/USDT:USDT,0.8362,829.0,0.8361,54607.0,0.8363,24902.0,0.8364,114363.0
1753546970822,16:22:50.822,ADA/USDT:USDT,0.8362,918.0,0.8361,33766.0,0.8363,24902.0,0.8364,121120.0
1753546970923,16:22:50.923,ADA/USDT:USDT,0.8361,2000.0,0.836,93134.0,0.8362,14857.0,0.8363,95566.0
1753546971023,16:22:51.023,ADA/USDT:USDT,0.8361,2000.0,0.836,93134.0,0.8362,16352.0,0.8363,107817.0
1753546971122,16:22:51.122,ADA/USDT:USDT,0.8361,2000.0,0.836,93134.0,0.8362,16352.0,0.8363,107817.0
1753546971222,16:22:51.222,ADA/USDT:USDT,0.8361,6943.0,0.836,93134.0,0.8362,9278.0,0.8363,101379.0
1753546971322,16:22:51.322,ADA/USDT:USDT,0.8361,4703.0,0.836,93134.0,0.8362,8058.0,0.8363,90867.0
1753546971422,16:22:51.422,ADA/USDT:USDT,0.8361,2000.0,0.836,93134.0,0.8362,8058.0,0.8363,107568.0
1753546971522,16:22:51.522,ADA/USDT:USDT,0.8361,2000.0,0.836,93134.0,0.8362,8058.0,0.8363,107568.0
1753546971622,16:22:51.622,ADA/USDT:USDT,0.8361,2000.0,0.836,93134.0,0.8362,8058.0,0.8363,107568.0
1753546971722,16:22:51.722,ADA/USDT:USDT,0.8361,2000.0,0.836,93134.0,0.8362,8058.0,0.8363,101379.0
1753546971822,16:22:51.822,ADA/USDT:USDT,0.8361,2118.0,0.836,93134.0,0.8362,8058.0,0.8363,107568.0
1753546971922,16:22:51.922,ADA/USDT:USDT,0.8361,2118.0,0.836,93134.0,0.8362,8058.0,0.8363,104474.0
1753546972022,16:22:52.022,ADA/USDT:USDT,0.8361,4809.0,0.836,93134.0,0.8362,8079.0,0.8363,101379.0
1753546972122,16:22:52.122,ADA/USDT:USDT,0.8361,4809.0,0.836,93134.0,0.8362,8079.0,0.8363,104474.0
1753546972223,16:22:52.223,ADA/USDT:USDT,0.8361,4813.0,0.836,93134.0,0.8362,8079.0,0.8363,101379.0
1753546972322,16:22:52.322,ADA/USDT:USDT,0.8361,4813.0,0.836,96228.0,0.8362,7919.0,0.8363,84717.0
1753546972422,16:22:52.422,ADA/USDT:USDT,0.8361,25885.0,0.836,98024.0,0.8362,1682.0,0.8363,34767.0
1753546972522,16:22:52.522,ADA/USDT:USDT,0.8361,27647.0,0.836,101143.0,0.8362,187.0,0.8363,3932.0
1753546972623,16:22:52.623,ADA/USDT:USDT,0.8361,28843.0,0.836,102457.0,0.8362,1701.0,0.8363,3208.0
1753546972722,16:22:52.722,ADA/USDT:USDT,0.8361,16604.0,0.836,102433.0,0.8362,1701.0,0.8363,5691.0
1753546972822,16:22:52.822,ADA/USDT:USDT,0.8361,16829.0,0.836,102303.0,0.8362,1701.0,0.8363,3208.0
1753546972922,16:22:52.922,ADA/USDT:USDT,0.8361,17030.0,0.836,102303.0,0.8362,1701.0,0.8363,3208.0
1753546973022,16:22:53.022,ADA/USDT:USDT,0.8361,17030.0,0.836,102303.0,0.8362,1701.0,0.8363,3208.0
1753546973123,16:22:53.123,ADA/USDT:USDT,0.8361,17030.0,0.836,102327.0,0.8362,1701.0,0.8363,3208.0
1753546973223,16:22:53.223,ADA/USDT:USDT,0.8361,14065.0,0.836,103423.0,0.8362,1701.0,0.8363,5691.0
1753546973322,16:22:53.322,ADA/USDT:USDT,0.8361,17030.0,0.836,103447.0,0.8362,1991.0,0.8363,3208.0
1753546973422,16:22:53.422,ADA/USDT:USDT,0.8361,17030.0,0.836,103566.0,0.8362,1991.0,0.8363,5691.0
1753546973522,16:22:53.522,ADA/USDT:USDT,0.8361,17030.0,0.836,103566.0,0.8362,1991.0,0.8363,3208.0
1753546973622,16:22:53.622,ADA/USDT:USDT,0.8361,20533.0,0.836,103566.0,0.8362,1991.0,0.8363,3208.0
1753546973722,16:22:53.722,ADA/USDT:USDT,0.8361,20559.0,0.836,103566.0,0.8362,1991.0,0.8363,3208.0
1753546973822,16:22:53.822,ADA/USDT:USDT,0.8361,20559.0,0.836,103566.0,0.8362,1991.0,0.8363,3208.0
1753546973923,16:22:53.923,ADA/USDT:USDT,0.8361,17056.0,0.836,103566.0,0.8362,3381.0,0.8363,3208.0
1753546974022,16:22:54.022,ADA/USDT:USDT,0.8361,20021.0,0.836,103542.0,0.8362,1847.0,0.8363,2720.0
1753546974122,16:22:54.122,ADA/USDT:USDT,0.8361,20260.0,0.836,103566.0,0.8362,1847.0,0.8363,2720.0
1753546974222,16:22:54.222,ADA/USDT:USDT,0.8364,15.0,0.8363,58861.0,0.8365,22160.0,0.8366,136666.0
1753546974322,16:22:54.322,ADA/USDT:USDT,0.8364,2015.0,0.8363,76268.0,0.8365,12258.0,0.8366,125230.0
1753546974422,16:22:54.422,ADA/USDT:USDT,0.8364,2015.0,0.8363,82246.0,0.8365,10788.0,0.8366,125230.0
1753546974522,16:22:54.522,ADA/USDT:USDT,0.8364,2006.0,0.8363,83451.0,0.8365,10788.0,0.8366,136854.0
1753546974622,16:22:54.622,ADA/USDT:USDT,0.8364,2006.0,0.8363,73619.0,0.8365,10788.0,0.8366,144415.0
1753546974723,16:22:54.723,ADA/USDT:USDT,0.8364,2000.0,0.8363,72424.0,0.8365,10788.0,0.8366,144415.0
1753546974822,16:22:54.822,ADA/USDT:USDT,0.8364,2000.0,0.8363,72424.0,0.8365,10788.0,0.8366,144415.0
1753546974922,16:22:54.922,ADA/USDT:USDT,0.8364,2000.0,0.8363,72424.0,0.8365,10788.0,0.8366,144415.0
1753546975023,16:22:55.023,ADA/USDT:USDT,0.8364,2000.0,0.8363,72424.0,0.8365,10788.0,0.8366,144415.0
1753546975122,16:22:55.122,ADA/USDT:USDT,0.8364,2000.0,0.8363,70744.0,0.8365,10788.0,0.8366,145610.0
1753546975222,16:22:55.222,ADA/USDT:USDT,0.8364,2220.0,0.8363,76601.0,0.8365,10788.0,0.8366,145610.0
1753546975322,16:22:55.322,ADA/USDT:USDT,0.8364,2280.0,0.8363,79733.0,0.8365,10788.0,0.8366,145610.0
1753546975422,16:22:55.422,ADA/USDT:USDT,0.8364,2280.0,0.8363,76601.0,0.8365,10788.0,0.8366,145610.0
1753546975523,16:22:55.523,ADA/USDT:USDT,0.8364,2280.0,0.8363,79733.0,0.8365,10788.0,0.8366,145610.0
1753546975622,16:22:55.622,ADA/USDT:USDT,0.8364,2280.0,0.8363,76601.0,0.8365,10788.0,0.8366,145610.0
1753546975721,16:22:55.721,ADA/USDT:USDT,0.8364,2280.0,0.8363,79733.0,0.8365,10788.0,0.8366,145610.0
1753546975822,16:22:55.822,ADA/USDT:USDT,0.8364,2280.0,0.8363,77822.0,0.8365,10788.0,0.8366,145610.0
1753546975922,16:22:55.922,ADA/USDT:USDT,0.8364,2280.0,0.8363,77822.0,0.8365,10978.0,0.8366,145610.0
1753546976023,16:22:56.023,ADA/USDT:USDT,0.8364,2280.0,0.8363,77822.0,0.8365,10978.0,0.8366,145610.0
1753546976122,16:22:56.122,ADA/USDT:USDT,0.8364,4184.0,0.8363,80954.0,0.8365,10978.0,0.8366,139364.0
1753546976222,16:22:56.222,ADA/USDT:USDT,0.8364,4184.0,0.8363,79017.0,0.8365,10978.0,0.8366,138176.0
1753546976322,16:22:56.322,ADA/USDT:USDT,0.8364,4184.0,0.8363,79017.0,0.8365,10978.0,0.8366,132524.0
1753546976422,16:22:56.422,ADA/USDT:USDT,0.8364,4208.0,0.8363,79017.0,0.8365,8623.0,0.8366,85406.0
1753546976522,16:22:56.522,ADA/USDT:USDT,0.8364,4208.0,0.8363,79017.0,0.8365,8623.0,0.8366,85406.0
1753546976622,16:22:56.622,ADA/USDT:USDT,0.8364,2304.0,0.8363,79017.0,0.8365,9527.0,0.8366,103666.0
1753546976723,16:22:56.723,ADA/USDT:USDT,0.8364,2320.0,0.8363,77822.0,0.8365,9527.0,0.8366,134319.0
1753546976822,16:22:56.822,ADA/USDT:USDT,0.8364,2320.0,0.8363,77822.0,0.8365,9527.0,0.8366,136946.0
1753546976922,16:22:56.922,ADA/USDT:USDT,0.8364,2320.0,0.8363,77822.0,0.8365,9527.0,0.8366,136946.0
1753546977022,16:22:57.022,ADA/USDT:USDT,0.8364,4920.0,0.8363,84086.0,0.8365,7150.0,0.8366,85406.0
1753546977122,16:22:57.122,ADA/USDT:USDT,0.8364,7611.0,0.8363,84086.0,0.8365,5758.0,0.8366,82156.0
1753546977223,16:22:57.223,ADA/USDT:USDT,0.8364,7612.0,0.8363,84086.0,0.8365,5758.0,0.8366,82156.0
1753546977322,16:22:57.322,ADA/USDT:USDT,0.8364,18465.0,0.8363,92597.0,0.8365,245.0,0.8366,48360.0
1753546977422,16:22:57.422,ADA/USDT:USDT,0.8364,12309.0,0.8363,92597.0,0.8365,1635.0,0.8366,48360.0
1753546977522,16:22:57.522,ADA/USDT:USDT,0.8364,12302.0,0.8363,89441.0,0.8365,1635.0,0.8366,60378.0
1753546977622,16:22:57.622,ADA/USDT:USDT,0.8364,3803.0,0.8363,85667.0,0.8365,5934.0,0.8366,111773.0
1753546977722,16:22:57.722,ADA/USDT:USDT,0.8364,3803.0,0.8363,88658.0,0.8365,5934.0,0.8366,108782.0
1753546977822,16:22:57.822,ADA/USDT:USDT,0.8364,7115.0,0.8363,92429.0,0.8365,5446.0,0.8366,60378.0
1753546977923,16:22:57.923,ADA/USDT:USDT,0.8364,8968.0,0.8363,91673.0,0.8365,2755.0,0.8366,60405.0
1753546978022,16:22:58.022,ADA/USDT:USDT,0.8364,8968.0,0.8363,88658.0,0.8365,5446.0,0.8366,60405.0
1753546978122,16:22:58.122,ADA/USDT:USDT,0.8364,8968.0,0.8363,88658.0,0.8365,5446.0,0.8366,60405.0
1753546978222,16:22:58.222,ADA/USDT:USDT,0.8364,9595.0,0.8363,91649.0,0.8365,5446.0,0.8366,63005.0
1753546978322,16:22:58.322,ADA/USDT:USDT,0.8364,9595.0,0.8363,88658.0,0.8365,5446.0,0.8366,63005.0
1753546978422,16:22:58.422,ADA/USDT:USDT,0.8364,7254.0,0.8363,88658.0,0.8365,5323.0,0.8366,93020.0
1753546978522,16:22:58.522,ADA/USDT:USDT,0.8364,7368.0,0.8363,88658.0,0.8365,5446.0,0.8366,104275.0
1753546978622,16:22:58.622,ADA/USDT:USDT,0.8364,7368.0,0.8363,88658.0,0.8365,5446.0,0.8366,104275.0
1753546978722,16:22:58.722,ADA/USDT:USDT,0.8364,5597.0,0.8363,88658.0,0.8365,5446.0,0.8366,108776.0
1753546978822,16:22:58.822,ADA/USDT:USDT,0.8364,5595.0,0.8363,88658.0,0.8365,5446.0,0.8366,108776.0
1753546978922,16:22:58.922,ADA/USDT:USDT,0.8364,4542.0,0.8363,88658.0,0.8365,5446.0,0.8366,108776.0
1753546979022,16:22:59.022,ADA/USDT:USDT,0.8364,4542.0,0.8363,89438.0,0.8365,5446.0,0.8366,111767.0
1753546979323,16:22:59.323,ADA/USDT:USDT,0.8364,4542.0,0.8363,89438.0,0.8365,5934.0,0.8366,111767.0
1753546979422,16:22:59.422,ADA/USDT:USDT,0.8364,4542.0,0.8363,89438.0,0.8365,5446.0,0.8366,108776.0
1753546979522,16:22:59.522,ADA/USDT:USDT,0.8364,4519.0,0.8363,89438.0,0.8365,5446.0,0.8366,108776.0
1753546979622,16:22:59.622,ADA/USDT:USDT,0.8364,4554.0,0.8363,88658.0,0.8365,5446.0,0.8366,108776.0
1753546979722,16:22:59.722,ADA/USDT:USDT,0.8364,5193.0,0.8363,91649.0,0.8365,5446.0,0.8366,108776.0
1753546979822,16:22:59.822,ADA/USDT:USDT,0.8364,6028.0,0.8363,91649.0,0.8365,5446.0,0.8366,108776.0
1753546980023,16:23:00.023,ADA/USDT:USDT,0.8364,6028.0,0.8363,91649.0,0.8365,5446.0,0.8366,108776.0
1753546980122,16:23:00.122,ADA/USDT:USDT,0.8364,8549.0,0.8363,89375.0,0.8365,5446.0,0.8366,60405.0
1753546980222,16:23:00.222,ADA/USDT:USDT,0.8364,438.0,0.8363,78317.0,0.8365,12778.0,0.8366,135477.0
1753546980323,16:23:00.323,ADA/USDT:USDT,0.8363,19315.0,0.8362,82246.0,0.8364,9547.0,0.8365,36989.0
1753546980423,16:23:00.423,ADA/USDT:USDT,0.8363,19471.0,0.8362,81466.0,0.8364,8823.0,0.8365,62298.0
1753546980522,16:23:00.522,ADA/USDT:USDT,0.8363,19503.0,0.8362,81466.0,0.8364,8946.0,0.8365,57675.0
1753546980623,16:23:00.623,ADA/USDT:USDT,0.8363,19503.0,0.8362,81466.0,0.8364,8946.0,0.8365,57675.0
1753546980722,16:23:00.722,ADA/USDT:USDT,0.8363,19503.0,0.8362,81466.0,0.8364,8946.0,0.8365,57675.0
1753546980822,16:23:00.822,ADA/USDT:USDT,0.8363,12406.0,0.8362,75307.0,0.8364,6494.0,0.8365,49625.0
1753546980922,16:23:00.922,ADA/USDT:USDT,0.8363,464.0,0.8362,53696.0,0.8364,11109.0,0.8365,112651.0
1753546981022,16:23:01.022,ADA/USDT:USDT,0.8363,10314.0,0.8362,59702.0,0.8364,6034.0,0.8365,50867.0
1753546981122,16:23:01.122,ADA/USDT:USDT,0.8363,2032.0,0.8362,59272.0,0.8364,8634.0,0.8365,109602.0
1753546981222,16:23:01.222,ADA/USDT:USDT,0.8363,8630.0,0.8362,59272.0,0.8364,6034.0,0.8365,64478.0
1753546981323,16:23:01.323,ADA/USDT:USDT,0.8363,7235.0,0.8362,59272.0,0.8364,6034.0,0.8365,65362.0
1753546981422,16:23:01.422,ADA/USDT:USDT,0.8363,7235.0,0.8362,65030.0,0.8364,5546.0,0.8365,25237.0
1753546981523,16:23:01.523,ADA/USDT:USDT,0.8363,4723.0,0.8362,59272.0,0.8364,6054.0,0.8365,88767.0
1753546981622,16:23:01.622,ADA/USDT:USDT,0.8363,2032.0,0.8362,59272.0,0.8364,8933.0,0.8365,113154.0
1753546981722,16:23:01.722,ADA/USDT:USDT,0.8363,952.0,0.8362,59272.0,0.8364,6054.0,0.8365,113154.0
1753546981822,16:23:01.822,ADA/USDT:USDT,0.8363,952.0,0.8362,59272.0,0.8364,5995.0,0.8365,110671.0
1753546981925,16:23:01.925,ADA/USDT:USDT,0.8363,189.0,0.8362,59272.0,0.8364,5995.0,0.8365,110640.0
1753546982022,16:23:02.022,ADA/USDT:USDT,0.8362,9083.0,0.8361,98471.0,0.8363,26155.0,0.8364,52747.0
1753546982124,16:23:02.124,ADA/USDT:USDT,0.8358,3198.0,0.8357,19557.0,0.8359,16234.0,0.836,53768.0
1753546982222,16:23:02.222,ADA/USDT:USDT,0.8358,13093.0,0.8357,57289.0,0.8359,12718.0,0.836,53768.0
1753546982323,16:23:02.323,ADA/USDT:USDT,0.8359,14850.0,0.8358,32945.0,0.836,6374.0,0.8361,94102.0
1753546982423,16:23:02.423,ADA/USDT:USDT,0.8359,14850.0,0.8358,58332.0,0.836,1518.0,0.8361,27365.0
1753546982522,16:23:02.522,ADA/USDT:USDT,0.8359,14850.0,0.8358,52906.0,0.836,1646.0,0.8361,44187.0
1753546982622,16:23:02.622,ADA/USDT:USDT,0.8359,14850.0,0.8358,52906.0,0.836,1646.0,0.8361,87698.0
1753546982722,16:23:02.722,ADA/USDT:USDT,0.8359,14850.0,0.8358,58332.0,0.836,1646.0,0.8361,80361.0
1753546982822,16:23:02.822,ADA/USDT:USDT,0.8359,17563.0,0.8358,58332.0,0.836,1646.0,0.8361,19072.0
1753546982923,16:23:02.923,ADA/USDT:USDT,0.8361,8168.0,0.836,68926.0,0.8362,8265.0,0.8363,85741.0
1753546983022,16:23:03.022,ADA/USDT:USDT,0.8361,11418.0,0.836,78084.0,0.8362,2768.0,0.8363,45164.0
1753546983122,16:23:03.122,ADA/USDT:USDT,0.8361,6656.0,0.836,78084.0,0.8362,7067.0,0.8363,92749.0
1753546983223,16:23:03.223,ADA/USDT:USDT,0.8361,6656.0,0.836,78093.0,0.8362,7067.0,0.8363,92749.0
1753546983322,16:23:03.322,ADA/USDT:USDT,0.8361,6656.0,0.836,78093.0,0.8362,7067.0,0.8363,92749.0
1753546983422,16:23:03.422,ADA/USDT:USDT,0.8361,6656.0,0.836,78093.0,0.8362,7067.0,0.8363,92749.0
1753546983522,16:23:03.522,ADA/USDT:USDT,0.8361,3984.0,0.836,73348.0,0.8362,10053.0,0.8363,95434.0
1753546983622,16:23:03.622,ADA/USDT:USDT,0.8361,19.0,0.836,19474.0,0.8362,18997.0,0.8363,98719.0
1753546983722,16:23:03.722,ADA/USDT:USDT,0.836,507.0,0.8359,42013.0,0.8361,31541.0,0.8362,51052.0
1753546983822,16:23:03.822,ADA/USDT:USDT,0.836,6.0,0.8359,35509.0,0.8361,35911.0,0.8362,105674.0
1753546983925,16:23:03.925,ADA/USDT:USDT,0.8358,16565.0,0.8357,98377.0,0.8359,5852.0,0.836,53093.0
1753546984022,16:23:04.022,ADA/USDT:USDT,0.8358,15442.0,0.8357,82048.0,0.8359,8543.0,0.836,79664.0
1753546984122,16:23:04.122,ADA/USDT:USDT,0.8358,12798.0,0.8357,79946.0,0.8359,8543.0,0.836,100306.0
1753546984223,16:23:04.223,ADA/USDT:USDT,0.8358,12798.0,0.8357,85996.0,0.8359,8543.0,0.836,97828.0
1753546984323,16:23:04.323,ADA/USDT:USDT,0.8358,12798.0,0.8357,88596.0,0.8359,8718.0,0.836,85529.0
1753546984422,16:23:04.422,ADA/USDT:USDT,0.8358,14310.0,0.8357,91074.0,0.8359,3295.0,0.836,85529.0
1753546984523,16:23:04.523,ADA/USDT:USDT,0.8358,16788.0,0.8357,96074.0,0.8359,175.0,0.836,5437.0
1753546984622,16:23:04.622,ADA/USDT:USDT,0.8358,16788.0,0.8357,96192.0,0.8359,175.0,0.836,5437.0
1753546984723,16:23:04.723,ADA/USDT:USDT,0.836,8892.0,0.8359,62894.0,0.8361,18855.0,0.8362,90657.0
1753546984823,16:23:04.823,ADA/USDT:USDT,0.836,8892.0,0.8359,86369.0,0.8361,18855.0,0.8362,90657.0
1753546984922,16:23:04.922,ADA/USDT:USDT,0.836,7390.0,0.8359,84857.0,0.8361,18855.0,0.8362,90657.0
1753546985022,16:23:05.022,ADA/USDT:USDT,0.836,8902.0,0.8359,84857.0,0.8361,18855.0,0.8362,91061.0
1753546985122,16:23:05.122,ADA/USDT:USDT,0.836,5425.0,0.8359,84857.0,0.8361,18855.0,0.8362,91131.0
1753546985222,16:23:05.222,ADA/USDT:USDT,0.836,4701.0,0.8359,84857.0,0.8361,18982.0,0.8362,91108.0
1753546985323,16:23:05.323,ADA/USDT:USDT,0.836,10.0,0.8359,84857.0,0.8361,18982.0,0.8362,91108.0
1753546985422,16:23:05.422,ADA/USDT:USDT,0.836,10.0,0.8359,57338.0,0.8361,18982.0,0.8362,93560.0
1753546985522,16:23:05.522,ADA/USDT:USDT,0.836,10.0,0.8359,57338.0,0.8361,18982.0,0.8362,96612.0
1753546985622,16:23:05.622,ADA/USDT:USDT,0.836,10.0,0.8359,54042.0,0.8361,18982.0,0.8362,96612.0
1753546985722,16:23:05.722,ADA/USDT:USDT,0.836,10.0,0.8359,54042.0,0.8361,22629.0,0.8362,99002.0
1753546985822,16:23:05.822,ADA/USDT:USDT,0.836,10.0,0.8359,53048.0,0.8361,22629.0,0.8362,101602.0
1753546985926,16:23:05.926,ADA/USDT:USDT,0.836,10.0,0.8359,47040.0,0.8361,22629.0,0.8362,102343.0
1753546986122,16:23:06.122,ADA/USDT:USDT,0.836,5487.0,0.8359,72574.0,0.8361,17577.0,0.8362,99267.0
1753546986223,16:23:06.223,ADA/USDT:USDT,0.836,36501.0,0.8359,77487.0,0.8361,127.0,0.8362,5193.0
1753546986422,16:23:06.422,ADA/USDT:USDT,0.8361,33936.0,0.836,101149.0,0.8362,69.0,0.8363,12447.0
1753546986523,16:23:06.523,ADA/USDT:USDT,0.8362,10733.0,0.8361,85358.0,0.8363,3434.0,0.8364,69253.0
1753546986622,16:23:06.622,ADA/USDT:USDT,0.8362,10733.0,0.8361,85367.0,0.8363,1826.0,0.8364,76741.0
1753546986722,16:23:06.722,ADA/USDT:USDT,0.8362,15511.0,0.8361,91344.0,0.8363,314.0,0.8364,8725.0
1753546986822,16:23:06.822,ADA/USDT:USDT,0.8363,2582.0,0.8362,26503.0,0.8364,7596.0,0.8365,68862.0
1753546986923,16:23:06.923,ADA/USDT:USDT,0.8363,40845.0,0.8362,86524.0,0.8364,1512.0,0.8365,56628.0
1753546987022,16:23:07.022,ADA/USDT:USDT,0.8363,43183.0,0.8362,86524.0,0.8364,1512.0,0.8365,56628.0
1753546987122,16:23:07.122,ADA/USDT:USDT,0.8363,18163.0,0.8362,75802.0,0.8364,5811.0,0.8365,107122.0
1753546987222,16:23:07.222,ADA/USDT:USDT,0.8363,15537.0,0.8362,75802.0,0.8364,5811.0,0.8365,107122.0
1753546987323,16:23:07.323,ADA/USDT:USDT,0.8363,11806.0,0.8362,84143.0,0.8364,5811.0,0.8365,107122.0
1753546987422,16:23:07.422,ADA/USDT:USDT,0.8363,11806.0,0.8362,84143.0,0.8364,3120.0,0.8365,107122.0
1753546987523,16:23:07.523,ADA/USDT:USDT,0.8363,11806.0,0.8362,81805.0,0.8364,3120.0,0.8365,109460.0
1753546987622,16:23:07.622,ADA/USDT:USDT,0.8364,3748.0,0.8363,11907.0,0.8365,14571.0,0.8366,126630.0
1753546987722,16:23:07.722,ADA/USDT:USDT,0.8364,28710.0,0.8363,94755.0,0.8365,1022.0,0.8366,75103.0
1753546987823,16:23:07.823,ADA/USDT:USDT,0.8364,28710.0,0.8363,98288.0,0.8365,2142.0,0.8366,75077.0
1753546987925,16:23:07.925,ADA/USDT:USDT,0.8364,21376.0,0.8363,95950.0,0.8365,2692.0,0.8366,108039.0
1753546988023,16:23:08.023,ADA/USDT:USDT,0.8364,16732.0,0.8363,90849.0,0.8365,2692.0,0.8366,130567.0
1753546988122,16:23:08.122,ADA/USDT:USDT,0.8364,16732.0,0.8363,90849.0,0.8365,2692.0,0.8366,130567.0
1753546988222,16:23:08.222,ADA/USDT:USDT,0.8364,4066.0,0.8363,69748.0,0.8365,12975.0,0.8366,135243.0
1753546988322,16:23:08.322,ADA/USDT:USDT,0.8364,9043.0,0.8363,69630.0,0.8365,10375.0,0.8366,137162.0
1753546988422,16:23:08.422,ADA/USDT:USDT,0.8364,7532.0,0.8363,77970.0,0.8365,10375.0,0.8366,137162.0
1753546988523,16:23:08.523,ADA/USDT:USDT,0.8364,7532.0,0.8363,75632.0,0.8365,10375.0,0.8366,137162.0
1753546988623,16:23:08.623,ADA/USDT:USDT,0.8364,11548.0,0.8363,77970.0,0.8365,10375.0,0.8366,137162.0
1753546988722,16:23:08.722,ADA/USDT:USDT,0.8364,11548.0,0.8363,83558.0,0.8365,7684.0,0.8366,87075.0
1753546988822,16:23:08.822,ADA/USDT:USDT,0.8364,8948.0,0.8363,78882.0,0.8365,7684.0,0.8366,128393.0
1753546988922,16:23:08.922,ADA/USDT:USDT,0.8364,8044.0,0.8363,78882.0,0.8365,7684.0,0.8366,141222.0
1753546989022,16:23:09.022,ADA/USDT:USDT,0.8364,8044.0,0.8363,78889.0,0.8365,7684.0,0.8366,141222.0
1753546989122,16:23:09.122,ADA/USDT:USDT,0.8364,9021.0,0.8363,78889.0,0.8365,6669.0,0.8366,141222.0
1753546989223,16:23:09.223,ADA/USDT:USDT,0.8364,9021.0,0.8363,83565.0,0.8365,6669.0,0.8366,136546.0
1753546989322,16:23:09.322,ADA/USDT:USDT,0.8364,9021.0,0.8363,83565.0,0.8365,6669.0,0.8366,136546.0
1753546989423,16:23:09.423,ADA/USDT:USDT,0.8364,9021.0,0.8363,83565.0,0.8365,6669.0,0.8366,136546.0
1753546989522,16:23:09.522,ADA/USDT:USDT,0.8364,7782.0,0.8363,78889.0,0.8365,13472.0,0.8366,141246.0
1753546989622,16:23:09.622,ADA/USDT:USDT,0.8364,7782.0,0.8363,72887.0,0.8365,13472.0,0.8366,141246.0
1753546989723,16:23:09.723,ADA/USDT:USDT,0.8364,7782.0,0.8363,72887.0,0.8365,13472.0,0.8366,141222.0
1753546989822,16:23:09.822,ADA/USDT:USDT,0.8364,7782.0,0.8363,81225.0,0.8365,13472.0,0.8366,136546.0
1753546989925,16:23:09.925,ADA/USDT:USDT,0.8364,7997.0,0.8363,78887.0,0.8365,13472.0,0.8366,142134.0
1753546990022,16:23:10.022,ADA/USDT:USDT,0.8364,7572.0,0.8363,53374.0,0.8365,13472.0,0.8366,144472.0
1753546990122,16:23:10.122,ADA/USDT:USDT,0.8364,9009.0,0.8363,72877.0,0.8365,10872.0,0.8366,144472.0
1753546990223,16:23:10.223,ADA/USDT:USDT,0.8364,11609.0,0.8363,83553.0,0.8365,10872.0,0.8366,136546.0
1753546990322,16:23:10.322,ADA/USDT:USDT,0.8364,13947.0,0.8363,83553.0,0.8365,69.0,0.8366,87075.0
1753546990422,16:23:10.422,ADA/USDT:USDT,0.8364,11630.0,0.8363,83553.0,0.8365,69.0,0.8366,87075.0
1753546990522,16:23:10.522,ADA/USDT:USDT,0.8364,11630.0,0.8363,81215.0,0.8365,1189.0,0.8366,87374.0
1753546990622,16:23:10.622,ADA/USDT:USDT,0.8364,11630.0,0.8363,78877.0,0.8365,3189.0,0.8366,123515.0
1753546990723,16:23:10.723,ADA/USDT:USDT,0.8364,11630.0,0.8363,83553.0,0.8365,3189.0,0.8366,69380.0
1753546990822,16:23:10.822,ADA/USDT:USDT,0.8364,11630.0,0.8363,83553.0,0.8365,69.0,0.8366,69380.0
1753546990922,16:23:10.922,ADA/USDT:USDT,0.8364,16306.0,0.8363,86075.0,0.8365,69.0,0.8366,54683.0
1753546991022,16:23:11.022,ADA/USDT:USDT,0.8365,39479.0,0.8364,85437.0,0.8366,54235.0,0.8367,52439.0
1753546991122,16:23:11.122,ADA/USDT:USDT,0.8365,34995.0,0.8364,85437.0,0.8366,54651.0,0.8367,28330.0
1753546991222,16:23:11.222,ADA/USDT:USDT,0.8365,22268.0,0.8364,73642.0,0.8366,54651.0,0.8367,109876.0
1753546991322,16:23:11.322,ADA/USDT:USDT,0.8365,21544.0,0.8364,73642.0,0.8366,54651.0,0.8367,110280.0
1753546991422,16:23:11.422,ADA/USDT:USDT,0.8365,21544.0,0.8364,73642.0,0.8366,54651.0,0.8367,110280.0
1753546991522,16:23:11.522,ADA/USDT:USDT,0.8365,23862.0,0.8364,78278.0,0.8366,54651.0,0.8367,107962.0
1753546991622,16:23:11.622,ADA/USDT:USDT,0.8365,29712.0,0.8364,84276.0,0.8366,54651.0,0.8367,93696.0
1753546991722,16:23:11.722,ADA/USDT:USDT,0.8365,27348.0,0.8364,81958.0,0.8366,45640.0,0.8367,93934.0
1753546991822,16:23:11.822,ADA/USDT:USDT,0.8365,21498.0,0.8364,81771.0,0.8366,45640.0,0.8367,93934.0
1753546991922,16:23:11.922,ADA/USDT:USDT,0.8365,21525.0,0.8364,81739.0,0.8366,44917.0,0.8367,98428.0
1753546992023,16:23:12.023,ADA/USDT:USDT,0.8365,11477.0,0.8364,73621.0,0.8366,44917.0,0.8367,102668.0
1753546992122,16:23:12.122,ADA/USDT:USDT,0.8365,8521.0,0.8364,73621.0,0.8366,44917.0,0.8367,103812.0
1753546992222,16:23:12.222,ADA/USDT:USDT,0.8365,8521.0,0.8364,73621.0,0.8366,44917.0,0.8367,101668.0
1753546992323,16:23:12.323,ADA/USDT:USDT,0.8365,250.0,0.8364,44408.0,0.8366,44917.0,0.8367,103727.0
1753546992422,16:23:12.422,ADA/USDT:USDT,0.8365,250.0,0.8364,44408.0,0.8366,44917.0,0.8367,103727.0
1753546992522,16:23:12.522,ADA/USDT:USDT,0.8365,250.0,0.8364,37681.0,0.8366,44917.0,0.8367,94007.0
1753546992622,16:23:12.622,ADA/USDT:USDT,0.8364,9611.0,0.8363,82723.0,0.8365,21752.0,0.8366,135854.0
1753546992722,16:23:12.722,ADA/USDT:USDT,0.8364,7005.0,0.8363,82723.0,0.8365,21752.0,0.8366,127424.0
1753546992822,16:23:12.822,ADA/USDT:USDT,0.8364,16627.0,0.8363,86633.0,0.8365,1512.0,0.8366,75554.0
1753546992922,16:23:12.922,ADA/USDT:USDT,0.8364,18582.0,0.8363,92654.0,0.8365,1512.0,0.8366,56577.0
1753546993022,16:23:13.022,ADA/USDT:USDT,0.8364,18582.0,0.8363,92654.0,0.8365,1512.0,0.8366,56577.0
1753546993122,16:23:13.122,ADA/USDT:USDT,0.8365,6201.0,0.8364,73849.0,0.8366,46043.0,0.8367,98561.0
1753546993223,16:23:13.223,ADA/USDT:USDT,0.8365,6201.0,0.8364,76388.0,0.8366,46043.0,0.8367,98157.0
1753546993322,16:23:13.322,ADA/USDT:USDT,0.8365,5713.0,0.8364,76388.0,0.8366,46043.0,0.8367,97345.0
1753546993422,16:23:13.422,ADA/USDT:USDT,0.8365,1709.0,0.8364,68211.0,0.8366,46043.0,0.8367,97345.0
1753546993522,16:23:13.522,ADA/USDT:USDT,0.8365,1708.0,0.8364,68211.0,0.8366,46043.0,0.8367,97345.0
1753546993622,16:23:13.622,ADA/USDT:USDT,0.8365,1951.0,0.8364,68211.0,0.8366,46043.0,0.8367,100595.0
1753546993722,16:23:13.722,ADA/USDT:USDT,0.8365,1951.0,0.8364,68211.0,0.8366,46037.0,0.8367,104349.0
1753546993822,16:23:13.822,ADA/USDT:USDT,0.8365,1951.0,0.8364,68211.0,0.8366,46186.0,0.8367,100595.0
1753546993922,16:23:13.922,ADA/USDT:USDT,0.8365,18809.0,0.8364,73169.0,0.8366,46186.0,0.8367,97345.0
1753546994122,16:23:14.122,ADA/USDT:USDT,0.8365,1951.0,0.8364,49921.0,0.8366,46105.0,0.8367,101061.0
1753546994222,16:23:14.222,ADA/USDT:USDT,0.8365,5916.0,0.8364,60405.0,0.8366,46105.0,0.8367,97345.0
1753546994322,16:23:14.322,ADA/USDT:USDT,0.8365,1951.0,0.8364,68217.0,0.8366,46105.0,0.8367,99203.0
1753546994422,16:23:14.422,ADA/USDT:USDT,0.8365,1954.0,0.8364,68217.0,0.8366,46105.0,0.8367,101061.0
1753546994522,16:23:14.522,ADA/USDT:USDT,0.8365,1954.0,0.8364,68217.0,0.8366,46111.0,0.8367,101061.0
1753546994622,16:23:14.622,ADA/USDT:USDT,0.8365,5115.0,0.8364,68217.0,0.8366,46240.0,0.8367,97309.0
1753546994723,16:23:14.723,ADA/USDT:USDT,0.8365,5115.0,0.8364,70075.0,0.8366,46240.0,0.8367,97309.0
1753546994823,16:23:14.823,ADA/USDT:USDT,0.8365,12579.0,0.8364,70075.0,0.8366,46229.0,0.8367,97309.0
1753546994923,16:23:14.923,ADA/USDT:USDT,0.8365,12717.0,0.8364,81036.0,0.8366,46223.0,0.8367,57476.0
1753546995022,16:23:15.022,ADA/USDT:USDT,0.8365,12717.0,0.8364,79213.0,0.8366,46223.0,0.8367,98160.0
1753546995123,16:23:15.123,ADA/USDT:USDT,0.8365,12717.0,0.8364,79213.0,0.8366,46223.0,0.8367,98160.0
1753546995222,16:23:15.222,ADA/USDT:USDT,0.8365,12717.0,0.8364,78550.0,0.8366,46223.0,0.8367,98160.0
1753546995322,16:23:15.322,ADA/USDT:USDT,0.8365,5534.0,0.8364,78550.0,0.8366,46233.0,0.8367,99983.0
1753546995422,16:23:15.422,ADA/USDT:USDT,0.8365,8710.0,0.8364,80373.0,0.8366,43086.0,0.8367,98160.0
1753546995522,16:23:15.522,ADA/USDT:USDT,0.8365,11044.0,0.8364,80394.0,0.8366,43086.0,0.8367,98160.0
1753546995622,16:23:15.622,ADA/USDT:USDT,0.8365,11062.0,0.8364,78550.0,0.8366,43086.0,0.8367,100004.0
1753546995722,16:23:15.722,ADA/USDT:USDT,0.8365,11078.0,0.8364,78550.0,0.8366,43086.0,0.8367,100004.0
1753546995822,16:23:15.822,ADA/USDT:USDT,0.8365,5568.0,0.8364,72553.0,0.8366,43086.0,0.8367,101848.0
1753546995922,16:23:15.922,ADA/USDT:USDT,0.8365,9532.0,0.8364,74397.0,0.8366,43086.0,0.8367,98160.0
1753546996024,16:23:16.024,ADA/USDT:USDT,0.8365,9532.0,0.8364,74397.0,0.8366,43086.0,0.8367,98160.0
1753546996123,16:23:16.123,ADA/USDT:USDT,0.8365,9419.0,0.8364,81514.0,0.8366,43086.0,0.8367,98160.0
1753546996223,16:23:16.223,ADA/USDT:USDT,0.8365,10986.0,0.8364,83358.0,0.8366,43086.0,0.8367,98160.0
1753546996322,16:23:16.322,ADA/USDT:USDT,0.8365,5568.0,0.8364,72553.0,0.8366,43086.0,0.8367,98160.0
1753546996423,16:23:16.423,ADA/USDT:USDT,0.8365,2877.0,0.8364,66562.0,0.8366,43086.0,0.8367,98160.0
1753546996522,16:23:16.522,ADA/USDT:USDT,0.8365,14360.0,0.8364,74397.0,0.8366,43086.0,0.8367,97560.0
1753546996623,16:23:16.623,ADA/USDT:USDT,0.8364,6.0,0.8363,2840.0,0.8365,35430.0,0.8366,147870.0
1753546996723,16:23:16.723,ADA/USDT:USDT,0.8363,7.0,0.8362,29481.0,0.8364,46948.0,0.8365,104477.0
1753546996823,16:23:16.823,ADA/USDT:USDT,0.8363,1723.0,0.8362,3837.0,0.8364,37599.0,0.8365,104477.0
1753546996923,16:23:16.923,ADA/USDT:USDT,0.8363,20060.0,0.8362,61632.0,0.8364,14575.0,0.8365,86796.0
1753546997022,16:23:17.022,ADA/USDT:USDT,0.8363,21776.0,0.8362,72209.0,0.8364,164.0,0.8365,88726.0
1753546997122,16:23:17.122,ADA/USDT:USDT,0.8363,23492.0,0.8362,72959.0,0.8365,6211.0,0.8366,152043.0
1753546997222,16:23:17.222,ADA/USDT:USDT,0.8364,32190.0,0.8363,75236.0,0.8365,284.0,0.8366,56545.0
1753546997322,16:23:17.322,ADA/USDT:USDT,0.8364,32190.0,0.8363,75236.0,0.8365,284.0,0.8366,56545.0
1753546997422,16:23:17.422,ADA/USDT:USDT,0.8364,27904.0,0.8363,75212.0,0.8365,1404.0,0.8366,106246.0
1753546997522,16:23:17.522,ADA/USDT:USDT,0.8364,29183.0,0.8363,75212.0,0.8365,1404.0,0.8366,117975.0
1753546997622,16:23:17.622,ADA/USDT:USDT,0.8364,29183.0,0.8363,75219.0,0.8365,1404.0,0.8366,117975.0
1753546997822,16:23:17.822,ADA/USDT:USDT,0.8364,29370.0,0.8363,76438.0,0.8365,1120.0,0.8366,73956.0
1753546997922,16:23:17.922,ADA/USDT:USDT,0.8365,8567.0,0.8364,64602.0,0.8366,55944.0,0.8367,106891.0
1753546998022,16:23:18.022,ADA/USDT:USDT,0.8365,8567.0,0.8364,64602.0,0.8366,53253.0,0.8367,102146.0
1753546998122,16:23:18.122,ADA/USDT:USDT,0.8364,59656.0,0.8363,74074.0,0.8366,53253.0,0.8367,105998.0
1753546998222,16:23:18.222,ADA/USDT:USDT,0.8364,20599.0,0.8363,73562.0,0.8365,2632.0,0.8366,139860.0
1753546998322,16:23:18.322,ADA/USDT:USDT,0.8365,6595.0,0.8364,46539.0,0.8366,53247.0,0.8367,102562.0
1753546998423,16:23:18.423,ADA/USDT:USDT,0.8365,6595.0,0.8364,66037.0,0.8366,53247.0,0.8367,103795.0
1753546998522,16:23:18.522,ADA/USDT:USDT,0.8365,6595.0,0.8364,66037.0,0.8366,53247.0,0.8367,104215.0
1753546998623,16:23:18.623,ADA/USDT:USDT,0.8365,6595.0,0.8364,66037.0,0.8366,53247.0,0.8367,102562.0
1753546998723,16:23:18.723,ADA/USDT:USDT,0.8364,26083.0,0.8363,71909.0,0.8365,3844.0,0.8366,91382.0
1753546998823,16:23:18.823,ADA/USDT:USDT,0.8364,22331.0,0.8363,75215.0,0.8365,3844.0,0.8366,132981.0
1753546998922,16:23:18.922,ADA/USDT:USDT,0.8364,25496.0,0.8363,75215.0,0.8365,3202.0,0.8366,83551.0
1753546999022,16:23:19.022,ADA/USDT:USDT,0.8364,27149.0,0.8363,75215.0,0.8365,82.0,0.8366,83551.0
1753546999123,16:23:19.123,ADA/USDT:USDT,0.8364,27149.0,0.8363,75239.0,0.8365,82.0,0.8366,67961.0
1753546999222,16:23:19.222,ADA/USDT:USDT,0.8364,27149.0,0.8363,75239.0,0.8365,82.0,0.8366,67961.0
1753546999322,16:23:19.322,ADA/USDT:USDT,0.8364,27686.0,0.8363,81576.0,0.8365,82.0,0.8366,67961.0
1753546999422,16:23:19.422,ADA/USDT:USDT,0.8364,27686.0,0.8363,81576.0,0.8365,82.0,0.8366,67961.0
1753546999522,16:23:19.522,ADA/USDT:USDT,0.8364,26033.0,0.8363,81576.0,0.8365,82.0,0.8366,67961.0
1753546999622,16:23:19.622,ADA/USDT:USDT,0.8364,26033.0,0.8363,81576.0,0.8365,82.0,0.8366,67961.0
1753546999722,16:23:19.722,ADA/USDT:USDT,0.8364,26033.0,0.8363,81576.0,0.8365,82.0,0.8366,58241.0
1753546999822,16:23:19.822,ADA/USDT:USDT,0.8364,26043.0,0.8363,81694.0,0.8365,82.0,0.8366,58241.0
1753546999922,16:23:19.922,ADA/USDT:USDT,0.8364,26043.0,0.8363,82664.0,0.8365,82.0,0.8366,58241.0
1753547000023,16:23:20.023,ADA/USDT:USDT,0.8364,24290.0,0.8363,79954.0,0.8365,2714.0,0.8366,83719.0
1753547000123,16:23:20.123,ADA/USDT:USDT,0.8365,16200.0,0.8364,70691.0,0.8366,41290.0,0.8367,77917.0
1753547000222,16:23:20.222,ADA/USDT:USDT,0.8365,17877.0,0.8364,70691.0,0.8366,41290.0,0.8367,104850.0
1753547000323,16:23:20.323,ADA/USDT:USDT,0.8365,14627.0,0.8364,70674.0,0.8366,41290.0,0.8367,106842.0
1753547000422,16:23:20.422,ADA/USDT:USDT,0.8365,16395.0,0.8364,69050.0,0.8366,41304.0,0.8367,106842.0
1753547000522,16:23:20.522,ADA/USDT:USDT,0.8365,10521.0,0.8364,61462.0,0.8366,41304.0,0.8367,108415.0
1753547000622,16:23:20.622,ADA/USDT:USDT,0.8365,10521.0,0.8364,61462.0,0.8366,41304.0,0.8367,108415.0
1753547000723,16:23:20.723,ADA/USDT:USDT,0.8365,4852.0,0.8364,61462.0,0.8366,41298.0,0.8367,108415.0
1753547000823,16:23:20.823,ADA/USDT:USDT,0.8365,8884.0,0.8364,61462.0,0.8366,41298.0,0.8367,108415.0
1753547000922,16:23:20.922,ADA/USDT:USDT,0.8365,8884.0,0.8364,61462.0,0.8366,41298.0,0.8367,108415.0
1753547001022,16:23:21.022,ADA/USDT:USDT,0.8365,8884.0,0.8364,60267.0,0.8366,41298.0,0.8367,109610.0
1753547001122,16:23:21.122,ADA/USDT:USDT,0.8365,8884.0,0.8364,60267.0,0.8366,41298.0,0.8367,109610.0
1753547001223,16:23:21.223,ADA/USDT:USDT,0.8365,4515.0,0.8364,60267.0,0.8366,41316.0,0.8367,112860.0
1753547001322,16:23:21.322,ADA/USDT:USDT,0.8365,7409.0,0.8364,60257.0,0.8366,41316.0,0.8367,111287.0
1753547001422,16:23:21.422,ADA/USDT:USDT,0.8365,7409.0,0.8364,60257.0,0.8366,41316.0,0.8367,112860.0
1753547001522,16:23:21.522,ADA/USDT:USDT,0.8365,2087.0,0.8364,40766.0,0.8366,45580.0,0.8367,112860.0
1753547001622,16:23:21.622,ADA/USDT:USDT,0.8365,10994.0,0.8364,60255.0,0.8366,43984.0,0.8367,108519.0
1753547001722,16:23:21.722,ADA/USDT:USDT,0.8365,10994.0,0.8364,60255.0,0.8366,43984.0,0.8367,110076.0
1753547001822,16:23:21.822,ADA/USDT:USDT,0.8365,10994.0,0.8364,60255.0,0.8366,43984.0,0.8367,111633.0
1753547001922,16:23:21.922,ADA/USDT:USDT,0.8365,5671.0,0.8364,60255.0,0.8366,43984.0,0.8367,108519.0
1753547002022,16:23:22.022,ADA/USDT:USDT,0.8365,14059.0,0.8364,67372.0,0.8366,41293.0,0.8367,106826.0
1753547002122,16:23:22.122,ADA/USDT:USDT,0.8365,14059.0,0.8364,67372.0,0.8366,41321.0,0.8367,106826.0
1753547002222,16:23:22.222,ADA/USDT:USDT,0.8365,14049.0,0.8364,67372.0,0.8366,41321.0,0.8367,106826.0
1753547002322,16:23:22.322,ADA/USDT:USDT,0.8365,11358.0,0.8364,67391.0,0.8366,41351.0,0.8367,108383.0
1753547002422,16:23:22.422,ADA/USDT:USDT,0.8365,5661.0,0.8364,61469.0,0.8366,41351.0,0.8367,111633.0
1753547002522,16:23:22.522,ADA/USDT:USDT,0.8365,5661.0,0.8364,61469.0,0.8366,41351.0,0.8367,111633.0
1753547002622,16:23:22.622,ADA/USDT:USDT,0.8365,35200.0,0.8364,70604.0,0.8366,41251.0,0.8367,94998.0
1753547002722,16:23:22.722,ADA/USDT:USDT,0.8365,35200.0,0.8364,70604.0,0.8366,41286.0,0.8367,45559.0
1753547002822,16:23:22.822,ADA/USDT:USDT,0.8365,184.0,0.8364,33155.0,0.8366,44465.0,0.8367,111219.0
1753547002922,16:23:22.922,ADA/USDT:USDT,0.8365,184.0,0.8364,31598.0,0.8366,44465.0,0.8367,104768.0
1753547003022,16:23:23.022,ADA/USDT:USDT,0.8365,184.0,0.8364,3317.0,0.8366,48203.0,0.8367,104192.0
1753547003123,16:23:23.123,ADA/USDT:USDT,0.8365,184.0,0.8364,3317.0,0.8366,48179.0,0.8367,104192.0
1753547003222,16:23:23.222,ADA/USDT:USDT,0.8365,184.0,0.8364,3317.0,0.8366,46622.0,0.8367,104596.0
1753547003322,16:23:23.322,ADA/USDT:USDT,0.8365,184.0,0.8364,26625.0,0.8366,46622.0,0.8367,104596.0
1753547003422,16:23:23.422,ADA/USDT:USDT,0.8365,18964.0,0.8364,60948.0,0.8366,42374.0,0.8367,100742.0
1753547003522,16:23:23.522,ADA/USDT:USDT,0.8365,22255.0,0.8364,62505.0,0.8366,41886.0,0.8367,48706.0
1753547003622,16:23:23.622,ADA/USDT:USDT,0.8365,20698.0,0.8364,62505.0,0.8366,41286.0,0.8367,54444.0
1753547003722,16:23:23.722,ADA/USDT:USDT,0.8365,19141.0,0.8364,59391.0,0.8366,41387.0,0.8367,101257.0
1753547003822,16:23:23.822,ADA/USDT:USDT,0.8365,19141.0,0.8364,59391.0,0.8366,41387.0,0.8367,101257.0
1753547003924,16:23:23.924,ADA/USDT:USDT,0.8365,19141.0,0.8364,53394.0,0.8366,41387.0,0.8367,101257.0
1753547004022,16:23:24.022,ADA/USDT:USDT,0.8365,19141.0,0.8364,54589.0,0.8366,41387.0,0.8367,101257.0
1753547004122,16:23:24.122,ADA/USDT:USDT,0.8365,19141.0,0.8364,63700.0,0.8366,41387.0,0.8367,101257.0
1753547004222,16:23:24.222,ADA/USDT:USDT,0.8365,6964.0,0.8364,33979.0,0.8366,41387.0,0.8367,101257.0
1753547004323,16:23:24.323,ADA/USDT:USDT,0.8365,5738.0,0.8364,32784.0,0.8366,42582.0,0.8367,104271.0
1753547004522,16:23:24.522,ADA/USDT:USDT,0.8365,17656.0,0.8364,68234.0,0.8366,41101.0,0.8367,101343.0
1753547004622,16:23:24.622,ADA/USDT:USDT,0.8365,20256.0,0.8364,68234.0,0.8366,41101.0,0.8367,101343.0
1753547004722,16:23:24.722,ADA/USDT:USDT,0.8365,8429.0,0.8364,59621.0,0.8366,41201.0,0.8367,102826.0
1753547004922,16:23:24.922,ADA/USDT:USDT,0.8365,749.0,0.8364,26625.0,0.8366,46856.0,0.8367,104863.0
1753547005022,16:23:25.022,ADA/USDT:USDT,0.8364,626.0,0.8363,70801.0,0.8365,23868.0,0.8366,81118.0
1753547005123,16:23:25.123,ADA/USDT:USDT,0.8364,13236.0,0.8363,97660.0,0.8365,8888.0,0.8366,132702.0
1753547005222,16:23:25.222,ADA/USDT:USDT,0.8364,13236.0,0.8363,97660.0,0.8365,6197.0,0.8366,132023.0
1753547005323,16:23:25.323,ADA/USDT:USDT,0.8364,13236.0,0.8363,99087.0,0.8365,6197.0,0.8366,131141.0
1753547005422,16:23:25.422,ADA/USDT:USDT,0.8364,13818.0,0.8363,99087.0,0.8365,8888.0,0.8366,131141.0
1753547005523,16:23:25.523,ADA/USDT:USDT,0.8364,6330.0,0.8363,82712.0,0.8365,8898.0,0.8366,132536.0
1753547005622,16:23:25.622,ADA/USDT:USDT,0.8364,2127.0,0.8363,51031.0,0.8365,11883.0,0.8366,133136.0
1753547005722,16:23:25.722,ADA/USDT:USDT,0.8364,212.0,0.8363,49174.0,0.8365,11883.0,0.8366,134563.0
1753547005823,16:23:25.823,ADA/USDT:USDT,0.8364,206.0,0.8363,35351.0,0.8365,11883.0,0.8366,133168.0
1753547005924,16:23:25.924,ADA/USDT:USDT,0.8364,206.0,0.8363,4556.0,0.8365,12574.0,0.8366,134472.0
1753547006123,16:23:26.123,ADA/USDT:USDT,0.8364,206.0,0.8363,4556.0,0.8365,22294.0,0.8366,134496.0
1753547006223,16:23:26.223,ADA/USDT:USDT,0.8364,206.0,0.8363,4556.0,0.8365,22385.0,0.8366,134467.0
1753547006323,16:23:26.323,ADA/USDT:USDT,0.8364,206.0,0.8363,4556.0,0.8365,23580.0,0.8366,136857.0
1753547006422,16:23:26.422,ADA/USDT:USDT,0.8364,206.0,0.8363,4556.0,0.8365,25007.0,0.8366,136257.0
1753547006522,16:23:26.522,ADA/USDT:USDT,0.8364,206.0,0.8363,4556.0,0.8365,25007.0,0.8366,136265.0
1753547006622,16:23:26.622,ADA/USDT:USDT,0.8364,206.0,0.8363,4556.0,0.8365,25007.0,0.8366,136265.0
1753547006722,16:23:26.722,ADA/USDT:USDT,0.8364,206.0,0.8363,4556.0,0.8365,25007.0,0.8366,134870.0
1753547006822,16:23:26.822,ADA/USDT:USDT,0.8364,14584.0,0.8363,79261.0,0.8365,20595.0,0.8366,133443.0
1753547006922,16:23:26.922,ADA/USDT:USDT,0.8364,14584.0,0.8363,79261.0,0.8365,13697.0,0.8366,131053.0
1753547007022,16:23:27.022,ADA/USDT:USDT,0.8364,15955.0,0.8363,89671.0,0.8365,1864.0,0.8366,80761.0
1753547007122,16:23:27.122,ADA/USDT:USDT,0.8364,15955.0,0.8363,89671.0,0.8365,1768.0,0.8366,77511.0
1753547007223,16:23:27.223,ADA/USDT:USDT,0.8364,16011.0,0.8363,89671.0,0.8365,1768.0,0.8366,77503.0
1753547007323,16:23:27.323,ADA/USDT:USDT,0.8364,16011.0,0.8363,92921.0,0.8365,256.0,0.8366,77503.0
1753547007422,16:23:27.422,ADA/USDT:USDT,0.8364,16011.0,0.8363,92897.0,0.8365,3238.0,0.8366,92711.0
1753547007522,16:23:27.522,ADA/USDT:USDT,0.8364,16011.0,0.8363,92897.0,0.8365,547.0,0.8366,126951.0
1753547007622,16:23:27.622,ADA/USDT:USDT,0.8364,17919.0,0.8363,92921.0,0.8365,303.0,0.8366,54254.0
1753547007723,16:23:27.723,ADA/USDT:USDT,0.8364,14584.0,0.8363,92921.0,0.8365,303.0,0.8366,83464.0
1753547007822,16:23:27.822,ADA/USDT:USDT,0.8364,14584.0,0.8363,92921.0,0.8365,303.0,0.8366,88728.0
1753547007924,16:23:27.924,ADA/USDT:USDT,0.8364,14584.0,0.8363,92921.0,0.8365,303.0,0.8366,88728.0
1753547008022,16:23:28.022,ADA/USDT:USDT,0.8364,16548.0,0.8363,94017.0,0.8365,1815.0,0.8366,95320.0
1753547008123,16:23:28.123,ADA/USDT:USDT,0.8364,16548.0,0.8363,94017.0,0.8365,2935.0,0.8366,106902.0
1753547008222,16:23:28.222,ADA/USDT:USDT,0.8364,16011.0,0.8363,94017.0,0.8365,303.0,0.8366,106902.0
1753547008423,16:23:28.423,ADA/USDT:USDT,0.8364,15121.0,0.8363,94135.0,0.8365,303.0,0.8366,104302.0
1753547008522,16:23:28.522,ADA/USDT:USDT,0.8364,15121.0,0.8363,94135.0,0.8365,575.0,0.8366,104302.0
1753547008623,16:23:28.623,ADA/USDT:USDT,0.8364,15121.0,0.8363,94135.0,0.8365,1695.0,0.8366,104302.0
1753547008722,16:23:28.722,ADA/USDT:USDT,0.8364,15121.0,0.8363,94135.0,0.8365,1695.0,0.8366,104302.0
1753547008822,16:23:28.822,ADA/USDT:USDT,0.8364,17919.0,0.8363,94159.0,0.8365,331.0,0.8366,42860.0
1753547009022,16:23:29.022,ADA/USDT:USDT,0.8364,17919.0,0.8363,94159.0,0.8365,266.0,0.8366,42860.0
1753547009122,16:23:29.122,ADA/USDT:USDT,0.8364,17919.0,0.8363,94159.0,0.8365,266.0,0.8366,41805.0
1753547009223,16:23:29.223,ADA/USDT:USDT,0.8364,14584.0,0.8363,94135.0,0.8365,269.0,0.8366,83526.0
1753547009322,16:23:29.322,ADA/USDT:USDT,0.8363,7.0,0.8362,30405.0,0.8364,37139.0,0.8365,136957.0
1753547009422,16:23:29.422,ADA/USDT:USDT,0.8363,7.0,0.8362,3956.0,0.8364,35297.0,0.8365,136979.0
1753547009523,16:23:29.523,ADA/USDT:USDT,0.8363,7.0,0.8362,3837.0,0.8364,35297.0,0.8365,136979.0
1753547009622,16:23:29.622,ADA/USDT:USDT,0.8363,7.0,0.8362,1146.0,0.8364,38043.0,0.8365,128611.0
1753547009722,16:23:29.722,ADA/USDT:USDT,0.8363,7.0,0.8362,649.0,0.8364,38043.0,0.8365,128611.0
1753547009823,16:23:29.823,ADA/USDT:USDT,0.8363,7.0,0.8362,649.0,0.8364,36699.0,0.8365,128611.0
1753547009922,16:23:29.922,ADA/USDT:USDT,0.8363,7.0,0.8362,3340.0,0.8364,36699.0,0.8365,128611.0
1753547010022,16:23:30.022,ADA/USDT:USDT,0.8363,7.0,0.8362,3340.0,0.8364,36699.0,0.8365,127302.0
1753547010122,16:23:30.122,ADA/USDT:USDT,0.8363,7.0,0.8362,3340.0,0.8364,36699.0,0.8365,127278.0
1753547010222,16:23:30.222,ADA/USDT:USDT,0.8363,7.0,0.8362,18345.0,0.8364,37299.0,0.8365,127278.0
1753547010322,16:23:30.322,ADA/USDT:USDT,0.8363,7.0,0.8362,20793.0,0.8364,31262.0,0.8365,127278.0
1753547010423,16:23:30.423,ADA/USDT:USDT,0.8363,7.0,0.8362,20793.0,0.8364,31262.0,0.8365,128622.0
1753547010523,16:23:30.523,ADA/USDT:USDT,0.8363,7.0,0.8362,3340.0,0.8364,31262.0,0.8365,128622.0
1753547010622,16:23:30.622,ADA/USDT:USDT,0.8363,7.0,0.8362,3340.0,0.8364,30790.0,0.8365,128622.0
1753547010722,16:23:30.722,ADA/USDT:USDT,0.8363,7.0,0.8362,649.0,0.8364,33731.0,0.8365,128501.0
1753547010822,16:23:30.822,ADA/USDT:USDT,0.8363,7.0,0.8362,3340.0,0.8364,32397.0,0.8365,127193.0
1753547010922,16:23:30.922,ADA/USDT:USDT,0.8363,2007.0,0.8362,46294.0,0.8364,18858.0,0.8365,126114.0
1753547011022,16:23:31.022,ADA/USDT:USDT,0.8363,4698.0,0.8362,46294.0,0.8364,12988.0,0.8365,126091.0
1753547011123,16:23:31.123,ADA/USDT:USDT,0.8363,2007.0,0.8362,46294.0,0.8364,10004.0,0.8365,126091.0
1753547011223,16:23:31.223,ADA/USDT:USDT,0.8363,2007.0,0.8362,46294.0,0.8364,7258.0,0.8365,127338.0
1753547011322,16:23:31.322,ADA/USDT:USDT,0.8363,2007.0,0.8362,46294.0,0.8364,7393.0,0.8365,125890.0
1753547011422,16:23:31.422,ADA/USDT:USDT,0.8363,2007.0,0.8362,46294.0,0.8364,6273.0,0.8365,127200.0
1753547011523,16:23:31.523,ADA/USDT:USDT,0.8363,9266.0,0.8362,46294.0,0.8364,6273.0,0.8365,123800.0
1753547011622,16:23:31.622,ADA/USDT:USDT,0.8363,9747.0,0.8362,48968.0,0.8364,1870.0,0.8365,99676.0
1753547011722,16:23:31.722,ADA/USDT:USDT,0.8363,9747.0,0.8362,48968.0,0.8364,4561.0,0.8365,111100.0
1753547011822,16:23:31.822,ADA/USDT:USDT,0.8363,9747.0,0.8362,47658.0,0.8364,4561.0,0.8365,126100.0
1753547011924,16:23:31.924,ADA/USDT:USDT,0.8363,9747.0,0.8362,47604.0,0.8364,1870.0,0.8365,126700.0
1753547012022,16:23:32.022,ADA/USDT:USDT,0.8363,9747.0,0.8362,47604.0,0.8364,1870.0,0.8365,126700.0
1753547012122,16:23:32.122,ADA/USDT:USDT,0.8363,9747.0,0.8362,47604.0,0.8364,1870.0,0.8365,126700.0
1753547012223,16:23:32.223,ADA/USDT:USDT,0.8363,9747.0,0.8362,46294.0,0.8364,4633.0,0.8365,126700.0
1753547012322,16:23:32.322,ADA/USDT:USDT,0.8363,9482.0,0.8362,47604.0,0.8364,4633.0,0.8365,128064.0
1753547012422,16:23:32.422,ADA/USDT:USDT,0.8363,9482.0,0.8362,46294.0,0.8364,7117.0,0.8365,129374.0
1753547012522,16:23:32.522,ADA/USDT:USDT,0.8363,6005.0,0.8362,49544.0,0.8364,10317.0,0.8365,129398.0
1753547012622,16:23:32.622,ADA/USDT:USDT,0.8363,8456.0,0.8362,49544.0,0.8364,10317.0,0.8365,129398.0
1753547012722,16:23:32.722,ADA/USDT:USDT,0.8363,3314.0,0.8362,36038.0,0.8364,10317.0,0.8365,129398.0
1753547012822,16:23:32.822,ADA/USDT:USDT,0.8363,1802.0,0.8362,20793.0,0.8364,12333.0,0.8365,129398.0
1753547012922,16:23:32.922,ADA/USDT:USDT,0.8363,1802.0,0.8362,20793.0,0.8364,12333.0,0.8365,129398.0
1753547013022,16:23:33.022,ADA/USDT:USDT,0.8363,1802.0,0.8362,31284.0,0.8364,12333.0,0.8365,129398.0
1753547013122,16:23:33.122,ADA/USDT:USDT,0.8363,3314.0,0.8362,40296.0,0.8364,10969.0,0.8365,128798.0
1753547013222,16:23:33.222,ADA/USDT:USDT,0.8363,3314.0,0.8362,40296.0,0.8364,10969.0,0.8365,128798.0
1753547013322,16:23:33.322,ADA/USDT:USDT,0.8363,1802.0,0.8362,20793.0,0.8364,12333.0,0.8365,128798.0
1753547013423,16:23:33.423,ADA/USDT:USDT,0.8362,2013.0,0.8361,92319.0,0.8363,34111.0,0.8364,59279.0
1753547013522,16:23:33.522,ADA/USDT:USDT,0.8361,2045.0,0.836,66237.0,0.8362,26594.0,0.8363,58811.0
1753547013622,16:23:33.622,ADA/USDT:USDT,0.8361,2045.0,0.836,50105.0,0.8362,26594.0,0.8363,77410.0
1753547013722,16:23:33.722,ADA/USDT:USDT,0.8361,2070.0,0.836,51075.0,0.8362,27290.0,0.8363,77410.0
1753547013822,16:23:33.822,ADA/USDT:USDT,0.8361,2608.0,0.836,57071.0,0.8362,27290.0,0.8363,77410.0
1753547013922,16:23:33.922,ADA/USDT:USDT,0.8361,11396.0,0.836,79099.0,0.8362,23562.0,0.8363,76176.0
1753547014023,16:23:34.023,ADA/USDT:USDT,0.8361,17162.0,0.836,80300.0,0.8362,2208.0,0.8363,71906.0
1753547014122,16:23:34.122,ADA/USDT:USDT,0.8362,2000.0,0.8361,40168.0,0.8363,37330.0,0.8364,88854.0
1753547014222,16:23:34.222,ADA/USDT:USDT,0.8362,9398.0,0.8361,57310.0,0.8363,8366.0,0.8364,39367.0
1753547014322,16:23:34.322,ADA/USDT:USDT,0.8361,4761.0,0.836,71656.0,0.8362,22835.0,0.8363,86359.0
1753547014423,16:23:34.423,ADA/USDT:USDT,0.8361,5528.0,0.836,80166.0,0.8362,17859.0,0.8363,83134.0
1753547014622,16:23:34.622,ADA/USDT:USDT,0.8361,12876.0,0.836,79937.0,0.8362,1614.0,0.8363,20588.0
1753547014722,16:23:34.722,ADA/USDT:USDT,0.8361,12876.0,0.836,79937.0,0.8362,388.0,0.8363,8386.0
1753547014823,16:23:34.823,ADA/USDT:USDT,0.8361,12184.0,0.836,79913.0,0.8362,1900.0,0.8363,5311.0
1753547014922,16:23:34.922,ADA/USDT:USDT,0.8361,12184.0,0.836,79937.0,0.8362,1900.0,0.8363,7794.0
1753547015022,16:23:35.022,ADA/USDT:USDT,0.8361,12184.0,0.836,79913.0,0.8362,388.0,0.8363,5373.0
1753547015122,16:23:35.122,ADA/USDT:USDT,0.8361,13414.0,0.836,79937.0,0.8362,388.0,0.8363,5373.0
1753547015222,16:23:35.222,ADA/USDT:USDT,0.8361,13457.0,0.836,79937.0,0.8362,388.0,0.8363,5373.0
1753547015322,16:23:35.322,ADA/USDT:USDT,0.8361,13502.0,0.836,80055.0,0.8362,388.0,0.8363,5373.0
1753547015423,16:23:35.423,ADA/USDT:USDT,0.8361,12272.0,0.836,71455.0,0.8362,379.0,0.8363,5373.0
1753547015523,16:23:35.523,ADA/USDT:USDT,0.8361,12272.0,0.836,81175.0,0.8362,379.0,0.8363,5373.0
1753547015622,16:23:35.622,ADA/USDT:USDT,0.8361,10994.0,0.836,81151.0,0.8362,379.0,0.8363,5373.0
1753547015722,16:23:35.722,ADA/USDT:USDT,0.8361,10994.0,0.836,81151.0,0.8362,379.0,0.8363,17379.0
1753547015823,16:23:35.823,ADA/USDT:USDT,0.8361,10456.0,0.836,79873.0,0.8362,1891.0,0.8363,45332.0
1753547015922,16:23:35.922,ADA/USDT:USDT,0.8361,10456.0,0.836,78643.0,0.8362,1891.0,0.8363,66308.0
1753547016022,16:23:36.022,ADA/USDT:USDT,0.8361,10456.0,0.836,81151.0,0.8362,1891.0,0.8363,30888.0
1753547016122,16:23:36.122,ADA/USDT:USDT,0.8361,10456.0,0.836,81151.0,0.8362,1891.0,0.8363,17379.0
1753547016222,16:23:36.222,ADA/USDT:USDT,0.8361,10456.0,0.836,81175.0,0.8362,378.0,0.8363,5373.0
1753547016322,16:23:36.322,ADA/USDT:USDT,0.8361,11279.0,0.836,81175.0,0.8362,378.0,0.8363,5373.0
1753547016422,16:23:36.422,ADA/USDT:USDT,0.8362,11024.0,0.8361,33382.0,0.8363,8780.0,0.8364,99700.0
1753547016522,16:23:36.522,ADA/USDT:USDT,0.8362,11024.0,0.8361,48702.0,0.8363,6180.0,0.8364,98428.0
1753547016622,16:23:36.622,ADA/USDT:USDT,0.8362,11024.0,0.8361,48702.0,0.8363,5073.0,0.8364,99700.0
1753547016722,16:23:36.722,ADA/USDT:USDT,0.8362,11024.0,0.8361,48709.0,0.8363,5066.0,0.8364,98428.0
1753547016822,16:23:36.822,ADA/USDT:USDT,0.8362,11024.0,0.8361,48709.0,0.8363,8786.0,0.8364,100948.0
1753547017022,16:23:37.022,ADA/USDT:USDT,0.8362,11024.0,0.8361,48709.0,0.8363,8786.0,0.8364,100948.0
1753547017122,16:23:37.122,ADA/USDT:USDT,0.8362,11024.0,0.8361,48709.0,0.8363,8786.0,0.8364,100924.0
1753547017222,16:23:37.222,ADA/USDT:USDT,0.8362,1510.0,0.8361,10540.0,0.8363,59049.0,0.8364,82906.0
1753547017322,16:23:37.322,ADA/USDT:USDT,0.8362,6556.0,0.8361,48297.0,0.8363,2986.0,0.8364,84927.0
1753547017422,16:23:37.422,ADA/USDT:USDT,0.8362,14028.0,0.8361,60085.0,0.8363,94.0,0.8364,17542.0
1753547017522,16:23:37.522,ADA/USDT:USDT,0.8362,11470.0,0.8361,60085.0,0.8363,704.0,0.8364,55043.0
1753547017623,16:23:37.623,ADA/USDT:USDT,0.8362,6731.0,0.8361,56802.0,0.8363,6603.0,0.8364,80968.0
1753547017723,16:23:37.723,ADA/USDT:USDT,0.8362,6780.0,0.8361,56809.0,0.8363,4003.0,0.8364,80968.0
1753547017822,16:23:37.822,ADA/USDT:USDT,0.8362,6780.0,0.8361,60022.0,0.8363,488.0,0.8364,17542.0
1753547017924,16:23:37.924,ADA/USDT:USDT,0.8363,7380.0,0.8362,39277.0,0.8364,15130.0,0.8365,116395.0
1753547018022,16:23:38.022,ADA/USDT:USDT,0.8363,3903.0,0.8362,39277.0,0.8364,15730.0,0.8365,116395.0
1753547018122,16:23:38.122,ADA/USDT:USDT,0.8362,12636.0,0.8361,55881.0,0.8363,488.0,0.8364,28750.0
1753547018222,16:23:38.222,ADA/USDT:USDT,0.8362,12636.0,0.8361,57780.0,0.8363,488.0,0.8364,72210.0
1753547018322,16:23:38.322,ADA/USDT:USDT,0.8362,12636.0,0.8361,58750.0,0.8363,488.0,0.8364,78201.0
1753547018422,16:23:38.422,ADA/USDT:USDT,0.8362,12636.0,0.8361,58750.0,0.8363,488.0,0.8364,75601.0
1753547018522,16:23:38.522,ADA/USDT:USDT,0.8362,12636.0,0.8361,58750.0,0.8363,488.0,0.8364,29161.0
1753547018623,16:23:38.623,ADA/USDT:USDT,0.8362,14148.0,0.8361,58750.0,0.8363,2000.0,0.8364,29161.0
1753547018722,16:23:38.722,ADA/USDT:USDT,0.8362,14148.0,0.8361,58750.0,0.8363,2000.0,0.8364,28041.0
1753547018822,16:23:38.822,ADA/USDT:USDT,0.8362,14142.0,0.8361,58750.0,0.8363,488.0,0.8364,28041.0
1753547018922,16:23:38.922,ADA/USDT:USDT,0.8362,14142.0,0.8361,52083.0,0.8363,3179.0,0.8364,54362.0
1753547019022,16:23:39.022,ADA/USDT:USDT,0.8363,462.0,0.8362,33679.0,0.8364,13130.0,0.8365,116065.0
1753547019122,16:23:39.122,ADA/USDT:USDT,0.8363,6811.0,0.8362,33679.0,0.8364,13130.0,0.8365,116065.0
1753547019222,16:23:39.222,ADA/USDT:USDT,0.8362,33679.0,0.8361,52486.0,0.8363,724.0,0.8364,13554.0
1753547019322,16:23:39.322,ADA/USDT:USDT,0.8362,14148.0,0.8361,53460.0,0.8363,488.0,0.8364,32550.0
1753547019423,16:23:39.423,ADA/USDT:USDT,0.8362,14148.0,0.8361,55612.0,0.8363,488.0,0.8364,53521.0
1753547019522,16:23:39.522,ADA/USDT:USDT,0.8362,14148.0,0.8361,54385.0,0.8363,927.0,0.8364,59512.0
1753547019622,16:23:39.622,ADA/USDT:USDT,0.8362,14148.0,0.8361,54385.0,0.8363,927.0,0.8364,59512.0
1753547019723,16:23:39.723,ADA/USDT:USDT,0.8362,14148.0,0.8361,54385.0,0.8363,927.0,0.8364,49792.0
1753547019822,16:23:39.822,ADA/USDT:USDT,0.8362,14142.0,0.8361,55612.0,0.8363,927.0,0.8364,49792.0
1753547019923,16:23:39.923,ADA/USDT:USDT,0.8362,14142.0,0.8361,55612.0,0.8363,927.0,0.8364,49792.0
1753547020024,16:23:40.024,ADA/USDT:USDT,0.8363,18736.0,0.8362,62777.0,0.8364,4459.0,0.8365,50368.0
1753547020122,16:23:40.122,ADA/USDT:USDT,0.8363,4691.0,0.8362,63278.0,0.8364,1768.0,0.8365,73997.0
1753547020222,16:23:40.222,ADA/USDT:USDT,0.8363,4691.0,0.8362,60885.0,0.8364,4459.0,0.8365,108172.0
1753547020322,16:23:40.322,ADA/USDT:USDT,0.8363,733.0,0.8362,32905.0,0.8364,8277.0,0.8365,109345.0
1753547020423,16:23:40.423,ADA/USDT:USDT,0.8363,733.0,0.8362,45219.0,0.8364,6277.0,0.8365,109345.0
1753547020522,16:23:40.522,ADA/USDT:USDT,0.8363,733.0,0.8362,45219.0,0.8364,6277.0,0.8365,109345.0
1753547020622,16:23:40.622,ADA/USDT:USDT,0.8363,2972.0,0.8362,9586.0,0.8364,7989.0,0.8365,109345.0
1753547020722,16:23:40.722,ADA/USDT:USDT,0.8362,8926.0,0.8361,56928.0,0.8363,5811.0,0.8364,44785.0
1753547020822,16:23:40.822,ADA/USDT:USDT,0.8362,8920.0,0.8361,56928.0,0.8363,6411.0,0.8364,84645.0
1753547020923,16:23:40.923,ADA/USDT:USDT,0.8362,8920.0,0.8361,56928.0,0.8363,2525.0,0.8364,84645.0
1753547021022,16:23:41.022,ADA/USDT:USDT,0.8362,5282.0,0.8361,55734.0,0.8363,5125.0,0.8364,85846.0
1753547021122,16:23:41.122,ADA/USDT:USDT,0.8362,5282.0,0.8361,55734.0,0.8363,5125.0,0.8364,85846.0
1753547021222,16:23:41.222,ADA/USDT:USDT,0.8362,5770.0,0.8361,56885.0,0.8363,2525.0,0.8364,85846.0
1753547021322,16:23:41.322,ADA/USDT:USDT,0.8362,5770.0,0.8361,56885.0,0.8363,1405.0,0.8364,84652.0
1753547021423,16:23:41.423,ADA/USDT:USDT,0.8362,5770.0,0.8361,56885.0,0.8363,5216.0,0.8364,84652.0
1753547021522,16:23:41.522,ADA/USDT:USDT,0.8362,5655.0,0.8361,56767.0,0.8363,5216.0,0.8364,84652.0
1753547021622,16:23:41.622,ADA/USDT:USDT,0.8362,6193.0,0.8361,55616.0,0.8363,5216.0,0.8364,85846.0
1753547021722,16:23:41.722,ADA/USDT:USDT,0.8362,6193.0,0.8361,56767.0,0.8363,5216.0,0.8364,84652.0
1753547021822,16:23:41.822,ADA/USDT:USDT,0.8362,6193.0,0.8361,57961.0,0.8363,5216.0,0.8364,84652.0
1753547021925,16:23:41.925,ADA/USDT:USDT,0.8362,6241.0,0.8361,57918.0,0.8363,5216.0,0.8364,84652.0
1753547022022,16:23:42.022,ADA/USDT:USDT,0.8362,8586.0,0.8361,64631.0,0.8363,1405.0,0.8364,84652.0
1753547022122,16:23:42.122,ADA/USDT:USDT,0.8362,8586.0,0.8361,59830.0,0.8363,1405.0,0.8364,84652.0
1753547022322,16:23:42.322,ADA/USDT:USDT,0.8362,6241.0,0.8361,59830.0,0.8363,1405.0,0.8364,84652.0
1753547022423,16:23:42.423,ADA/USDT:USDT,0.8362,11439.0,0.8361,59830.0,0.8363,1088.0,0.8364,4485.0
1753547022522,16:23:42.522,ADA/USDT:USDT,0.8362,11439.0,0.8361,59948.0,0.8363,1088.0,0.8364,4485.0
1753547022622,16:23:42.622,ADA/USDT:USDT,0.8362,11439.0,0.8361,59948.0,0.8363,600.0,0.8364,4485.0
1753547022722,16:23:42.722,ADA/USDT:USDT,0.8362,11458.0,0.8361,59948.0,0.8363,600.0,0.8364,4485.0
1753547022822,16:23:42.822,ADA/USDT:USDT,0.8362,11458.0,0.8361,59948.0,0.8363,600.0,0.8364,4485.0
1753547022922,16:23:42.922,ADA/USDT:USDT,0.8362,11458.0,0.8361,59948.0,0.8363,600.0,0.8364,4485.0
1753547023022,16:23:43.022,ADA/USDT:USDT,0.8362,11458.0,0.8361,59948.0,0.8363,600.0,0.8364,4485.0
1753547023122,16:23:43.122,ADA/USDT:USDT,0.8363,33128.0,0.8362,65217.0,0.8364,19.0,0.8365,14236.0
1753547023222,16:23:43.222,ADA/USDT:USDT,0.8363,8948.0,0.8362,62872.0,0.8364,5830.0,0.8365,78834.0
1753547023322,16:23:43.322,ADA/USDT:USDT,0.8363,7892.0,0.8362,63299.0,0.8364,5830.0,0.8365,75577.0
1753547023423,16:23:43.423,ADA/USDT:USDT,0.8363,13877.0,0.8362,63243.0,0.8364,3080.0,0.8365,75577.0
1753547023522,16:23:43.522,ADA/USDT:USDT,0.8363,10524.0,0.8362,64059.0,0.8364,1973.0,0.8365,40760.0
1753547023622,16:23:43.622,ADA/USDT:USDT,0.8363,7989.0,0.8362,62155.0,0.8364,4664.0,0.8365,71358.0
1753547023722,16:23:43.722,ADA/USDT:USDT,0.8363,7989.0,0.8362,61011.0,0.8364,5784.0,0.8365,77374.0
1753547023822,16:23:43.822,ADA/USDT:USDT,0.8363,97.0,0.8362,5681.0,0.8364,20631.0,0.8365,82909.0
1753547023925,16:23:43.925,ADA/USDT:USDT,0.8363,97.0,0.8362,5681.0,0.8364,20631.0,0.8365,82909.0
1753547024022,16:23:44.022,ADA/USDT:USDT,0.8363,97.0,0.8362,5681.0,0.8364,21826.0,0.8365,85299.0
1753547024122,16:23:44.122,ADA/USDT:USDT,0.8363,97.0,0.8362,25190.0,0.8364,20651.0,0.8365,69681.0
1753547024223,16:23:44.223,ADA/USDT:USDT,0.8363,97.0,0.8362,25190.0,0.8364,21907.0,0.8365,81683.0
1753547024322,16:23:44.322,ADA/USDT:USDT,0.8363,97.0,0.8362,25190.0,0.8364,20732.0,0.8365,81683.0
1753547024422,16:23:44.422,ADA/USDT:USDT,0.8363,3676.0,0.8362,25190.0,0.8364,18454.0,0.8365,81659.0
1753547024522,16:23:44.522,ADA/USDT:USDT,0.8363,3676.0,0.8362,25190.0,0.8364,18454.0,0.8365,69657.0
1753547024622,16:23:44.622,ADA/USDT:USDT,0.8363,3676.0,0.8362,25190.0,0.8364,18454.0,0.8365,69681.0
1753547024722,16:23:44.722,ADA/USDT:USDT,0.8363,7184.0,0.8362,33241.0,0.8364,5940.0,0.8365,43777.0
1753547024822,16:23:44.822,ADA/USDT:USDT,0.8363,1450.0,0.8362,34599.0,0.8364,11085.0,0.8365,73295.0
1753547024923,16:23:44.923,ADA/USDT:USDT,0.8363,6685.0,0.8362,31349.0,0.8364,12267.0,0.8365,70812.0
1753547025022,16:23:45.022,ADA/USDT:USDT,0.8363,1450.0,0.8362,31349.0,0.8364,12267.0,0.8365,85297.0
1753547025122,16:23:45.122,ADA/USDT:USDT,0.8363,1727.0,0.8362,25190.0,0.8364,12267.0,0.8365,85297.0
1753547025223,16:23:45.223,ADA/USDT:USDT,0.8363,1726.0,0.8362,25190.0,0.8364,11092.0,0.8365,82814.0
1753547025322,16:23:45.322,ADA/USDT:USDT,0.8363,1726.0,0.8362,25190.0,0.8364,11092.0,0.8365,82814.0
1753547025422,16:23:45.422,ADA/USDT:USDT,0.8363,1726.0,0.8362,25190.0,0.8364,12267.0,0.8365,82814.0
1753547025523,16:23:45.523,ADA/USDT:USDT,0.8363,1726.0,0.8362,25190.0,0.8364,12267.0,0.8365,82814.0
1753547025622,16:23:45.622,ADA/USDT:USDT,0.8363,1629.0,0.8362,25190.0,0.8364,12730.0,0.8365,85297.0
1753547025722,16:23:45.722,ADA/USDT:USDT,0.8363,1629.0,0.8362,25190.0,0.8364,12730.0,0.8365,85297.0
1753547025822,16:23:45.822,ADA/USDT:USDT,0.8363,3219.0,0.8362,26310.0,0.8364,11562.0,0.8365,88664.0
1753547025924,16:23:45.924,ADA/USDT:USDT,0.8363,14141.0,0.8362,55350.0,0.8364,571.0,0.8365,15205.0
1753547026022,16:23:46.022,ADA/USDT:USDT,0.8363,14647.0,0.8362,55581.0,0.8364,571.0,0.8365,15893.0
1753547026123,16:23:46.123,ADA/USDT:USDT,0.8363,14647.0,0.8362,55581.0,0.8364,571.0,0.8365,15893.0
1753547026222,16:23:46.222,ADA/USDT:USDT,0.8363,10545.0,0.8362,52558.0,0.8364,1336.0,0.8365,57019.0
1753547026322,16:23:46.322,ADA/USDT:USDT,0.8363,10545.0,0.8362,52558.0,0.8364,4027.0,0.8365,76132.0
1753547026422,16:23:46.422,ADA/USDT:USDT,0.8363,10545.0,0.8362,55699.0,0.8364,1336.0,0.8365,26012.0
1753547026522,16:23:46.522,ADA/USDT:USDT,0.8363,10545.0,0.8362,55699.0,0.8364,1336.0,0.8365,26012.0
1753547026622,16:23:46.622,ADA/USDT:USDT,0.8363,10545.0,0.8362,54524.0,0.8364,1336.0,0.8365,28495.0
1753547026823,16:23:46.823,ADA/USDT:USDT,0.8363,10525.0,0.8362,61549.0,0.8364,848.0,0.8365,28495.0
1753547026922,16:23:46.922,ADA/USDT:USDT,0.8363,10525.0,0.8362,61549.0,0.8364,848.0,0.8365,26012.0
1753547027022,16:23:47.022,ADA/USDT:USDT,0.8363,10525.0,0.8362,61549.0,0.8364,848.0,0.8365,14010.0
1753547027122,16:23:47.122,ADA/USDT:USDT,0.8363,10525.0,0.8362,61549.0,0.8364,571.0,0.8365,16493.0
1753547027222,16:23:47.222,ADA/USDT:USDT,0.8363,10525.0,0.8362,61549.0,0.8364,571.0,0.8365,16493.0
1753547027322,16:23:47.322,ADA/USDT:USDT,0.8363,11700.0,0.8362,61549.0,0.8364,571.0,0.8365,16493.0
1753547027422,16:23:47.422,ADA/USDT:USDT,0.8363,10525.0,0.8362,61549.0,0.8364,571.0,0.8365,16493.0
1753547027522,16:23:47.522,ADA/USDT:USDT,0.8363,10525.0,0.8362,61549.0,0.8364,571.0,0.8365,16493.0
1753547027622,16:23:47.622,ADA/USDT:USDT,0.8363,11700.0,0.8362,61549.0,0.8364,571.0,0.8365,14010.0
1753547027722,16:23:47.722,ADA/USDT:USDT,0.8363,10525.0,0.8362,61549.0,0.8364,571.0,0.8365,16493.0
1753547027822,16:23:47.822,ADA/USDT:USDT,0.8363,11481.0,0.8362,61549.0,0.8364,571.0,0.8365,14010.0
1753547027925,16:23:47.925,ADA/USDT:USDT,0.8363,12656.0,0.8362,61549.0,0.8364,564.0,0.8365,14010.0
1753547028022,16:23:48.022,ADA/USDT:USDT,0.8363,12656.0,0.8362,61549.0,0.8364,564.0,0.8365,14010.0
1753547028222,16:23:48.222,ADA/USDT:USDT,0.8363,10540.0,0.8362,61549.0,0.8364,564.0,0.8365,14010.0
1753547028322,16:23:48.322,ADA/USDT:USDT,0.8363,11714.0,0.8362,61549.0,0.8364,564.0,0.8365,16493.0
1753547028422,16:23:48.422,ADA/USDT:USDT,0.8363,11714.0,0.8362,61549.0,0.8364,564.0,0.8365,16493.0
1753547028522,16:23:48.522,ADA/USDT:USDT,0.8363,11714.0,0.8362,61549.0,0.8364,564.0,0.8365,16493.0
1753547028622,16:23:48.622,ADA/USDT:USDT,0.8363,11714.0,0.8362,61549.0,0.8364,564.0,0.8365,14010.0
1753547028722,16:23:48.722,ADA/USDT:USDT,0.8363,10539.0,0.8362,61549.0,0.8364,410.0,0.8365,16493.0
1753547028822,16:23:48.822,ADA/USDT:USDT,0.8363,10539.0,0.8362,61549.0,0.8364,309.0,0.8365,16493.0
1753547028922,16:23:48.922,ADA/USDT:USDT,0.8363,10539.0,0.8362,60418.0,0.8364,408.0,0.8365,16493.0
1753547029022,16:23:49.022,ADA/USDT:USDT,0.8363,10539.0,0.8362,61549.0,0.8364,408.0,0.8365,14010.0
1753547029222,16:23:49.222,ADA/USDT:USDT,0.8363,10539.0,0.8362,59243.0,0.8364,408.0,0.8365,17668.0
1753547029322,16:23:49.322,ADA/USDT:USDT,0.8363,10539.0,0.8362,59243.0,0.8364,408.0,0.8365,17668.0
1753547029422,16:23:49.422,ADA/USDT:USDT,0.8363,10539.0,0.8362,59243.0,0.8364,106.0,0.8365,16493.0
1753547029522,16:23:49.522,ADA/USDT:USDT,0.8363,10539.0,0.8362,61549.0,0.8364,393.0,0.8365,14010.0
1753547029622,16:23:49.622,ADA/USDT:USDT,0.8363,10539.0,0.8362,61549.0,0.8364,393.0,0.8365,14010.0
1753547029722,16:23:49.722,ADA/USDT:USDT,0.8363,10539.0,0.8362,61549.0,0.8364,393.0,0.8365,14010.0
1753547029822,16:23:49.822,ADA/USDT:USDT,0.8363,10563.0,0.8362,60374.0,0.8364,393.0,0.8365,28495.0
1753547029922,16:23:49.922,ADA/USDT:USDT,0.8363,10563.0,0.8362,61549.0,0.8364,393.0,0.8365,26012.0
1753547030022,16:23:50.022,ADA/USDT:USDT,0.8363,10563.0,0.8362,60418.0,0.8364,3084.0,0.8365,26012.0
1753547030122,16:23:50.122,ADA/USDT:USDT,0.8363,10655.0,0.8362,59243.0,0.8364,3572.0,0.8365,68939.0
1753547030222,16:23:50.222,ADA/USDT:USDT,0.8363,10655.0,0.8362,61549.0,0.8364,3572.0,0.8365,74334.0
1753547030322,16:23:50.322,ADA/USDT:USDT,0.8363,11407.0,0.8362,61549.0,0.8364,393.0,0.8365,25412.0
1753547030422,16:23:50.422,ADA/USDT:USDT,0.8363,11407.0,0.8362,61549.0,0.8364,393.0,0.8365,13410.0
1753547030522,16:23:50.522,ADA/USDT:USDT,0.8363,12582.0,0.8362,61549.0,0.8364,393.0,0.8365,12997.0
1753547030622,16:23:50.622,ADA/USDT:USDT,0.8363,18536.0,0.8362,61573.0,0.8364,218.0,0.8365,10906.0
1753547030723,16:23:50.723,ADA/USDT:USDT,0.8365,4118.0,0.8364,47835.0,0.8366,57295.0,0.8367,75008.0
1753547030822,16:23:50.822,ADA/USDT:USDT,0.8365,9689.0,0.8364,63278.0,0.8366,41084.0,0.8367,104564.0
1753547030923,16:23:50.923,ADA/USDT:USDT,0.8365,5477.0,0.8364,63278.0,0.8366,41084.0,0.8367,105713.0
1753547031023,16:23:51.023,ADA/USDT:USDT,0.8365,2000.0,0.8364,63278.0,0.8366,41488.0,0.8367,105713.0
1753547031122,16:23:51.122,ADA/USDT:USDT,0.8365,5477.0,0.8364,64427.0,0.8366,41678.0,0.8367,104564.0
1753547031222,16:23:51.222,ADA/USDT:USDT,0.8364,6.0,0.8363,28821.0,0.8365,21566.0,0.8366,83046.0
1753547031322,16:23:51.322,ADA/USDT:USDT,0.8364,4718.0,0.8363,28939.0,0.8365,21566.0,0.8366,107574.0
1753547031422,16:23:51.422,ADA/USDT:USDT,0.8364,3971.0,0.8363,28787.0,0.8365,19858.0,0.8366,107574.0
1753547031522,16:23:51.522,ADA/USDT:USDT,0.8364,7897.0,0.8363,31166.0,0.8365,12909.0,0.8366,105319.0
1753547031622,16:23:51.622,ADA/USDT:USDT,0.8364,7897.0,0.8363,32315.0,0.8365,10309.0,0.8366,93317.0
1753547031722,16:23:51.722,ADA/USDT:USDT,0.8364,10497.0,0.8363,34138.0,0.8365,2524.0,0.8366,54325.0
1753547031822,16:23:51.822,ADA/USDT:USDT,0.8364,10491.0,0.8363,34138.0,0.8365,2524.0,0.8366,44407.0
1753547031925,16:23:51.925,ADA/USDT:USDT,0.8364,8385.0,0.8363,39082.0,0.8365,2036.0,0.8366,44407.0
1753547032023,16:23:52.023,ADA/USDT:USDT,0.8364,8385.0,0.8363,39082.0,0.8365,2036.0,0.8366,64816.0
1753547032122,16:23:52.122,ADA/USDT:USDT,0.8364,9207.0,0.8363,39082.0,0.8365,2524.0,0.8366,99328.0
1753547032222,16:23:52.222,ADA/USDT:USDT,0.8364,9207.0,0.8363,39082.0,0.8365,2524.0,0.8366,99328.0
1753547032322,16:23:52.322,ADA/USDT:USDT,0.8364,9744.0,0.8363,43452.0,0.8365,2524.0,0.8366,99328.0
1753547032422,16:23:52.422,ADA/USDT:USDT,0.8364,13670.0,0.8363,74103.0,0.8365,524.0,0.8366,41116.0
1753547032522,16:23:52.522,ADA/USDT:USDT,0.8364,13133.0,0.8363,74103.0,0.8365,524.0,0.8366,41116.0
1753547032622,16:23:52.622,ADA/USDT:USDT,0.8364,13133.0,0.8363,74103.0,0.8365,524.0,0.8366,41116.0
1753547032722,16:23:52.722,ADA/USDT:USDT,0.8364,13133.0,0.8363,75073.0,0.8365,524.0,0.8366,41116.0
1753547032822,16:23:52.822,ADA/USDT:USDT,0.8364,13133.0,0.8363,75073.0,0.8365,524.0,0.8366,41116.0
1753547032923,16:23:52.923,ADA/USDT:USDT,0.8364,14239.0,0.8363,77791.0,0.8365,524.0,0.8366,41016.0
1753547033022,16:23:53.022,ADA/USDT:USDT,0.8364,13670.0,0.8363,77791.0,0.8365,524.0,0.8366,41016.0
1753547033123,16:23:53.123,ADA/USDT:USDT,0.8364,12521.0,0.8363,76661.0,0.8365,524.0,0.8366,53016.0
1753547033222,16:23:53.222,ADA/USDT:USDT,0.8364,12521.0,0.8363,76661.0,0.8365,524.0,0.8366,62024.0
1753547033322,16:23:53.322,ADA/USDT:USDT,0.8364,12521.0,0.8363,75512.0,0.8365,524.0,0.8366,68014.0
1753547033423,16:23:53.423,ADA/USDT:USDT,0.8364,11675.0,0.8363,75512.0,0.8365,3215.0,0.8366,101924.0
1753547033522,16:23:53.522,ADA/USDT:USDT,0.8364,8198.0,0.8363,74795.0,0.8365,5215.0,0.8366,103073.0
1753547033622,16:23:53.622,ADA/USDT:USDT,0.8364,1733.0,0.8363,26038.0,0.8365,12671.0,0.8366,104179.0
1753547033722,16:23:53.722,ADA/USDT:USDT,0.8364,1733.0,0.8363,48468.0,0.8365,10416.0,0.8366,104179.0
1753547033823,16:23:53.823,ADA/USDT:USDT,0.8364,10976.0,0.8363,52622.0,0.8365,5215.0,0.8366,101924.0
1753547033922,16:23:53.922,ADA/USDT:USDT,0.8364,7499.0,0.8363,51473.0,0.8365,6335.0,0.8366,103073.0
1753547034022,16:23:54.022,ADA/USDT:USDT,0.8364,12125.0,0.8363,59722.0,0.8365,2705.0,0.8366,41016.0
1753547034122,16:23:54.122,ADA/USDT:USDT,0.8364,13231.0,0.8363,54445.0,0.8365,1512.0,0.8366,41016.0
1753547034223,16:23:54.223,ADA/USDT:USDT,0.8364,12662.0,0.8363,54563.0,0.8365,1512.0,0.8366,41016.0
1753547034322,16:23:54.322,ADA/USDT:USDT,0.8365,6009.0,0.8364,30505.0,0.8366,41484.0,0.8367,109839.0
1753547034423,16:23:54.423,ADA/USDT:USDT,0.8365,6009.0,0.8364,30505.0,0.8366,41484.0,0.8367,110988.0
1753547034522,16:23:54.522,ADA/USDT:USDT,0.8365,5513.0,0.8364,30505.0,0.8366,41495.0,0.8367,110243.0
1753547034622,16:23:54.622,ADA/USDT:USDT,0.8365,5513.0,0.8364,30495.0,0.8366,41505.0,0.8367,110243.0
1753547034722,16:23:54.722,ADA/USDT:USDT,0.8365,5513.0,0.8364,30495.0,0.8366,41505.0,0.8367,111392.0
1753547034822,16:23:54.822,ADA/USDT:USDT,0.8365,2822.0,0.8364,30495.0,0.8366,41499.0,0.8367,112498.0
1753547034922,16:23:54.922,ADA/USDT:USDT,0.8365,2044.0,0.8364,10992.0,0.8366,41499.0,0.8367,112512.0
1753547035022,16:23:55.022,ADA/USDT:USDT,0.8365,532.0,0.8364,7515.0,0.8366,45339.0,0.8367,113680.0
1753547035223,16:23:55.223,ADA/USDT:USDT,0.8365,477.0,0.8364,7515.0,0.8366,45333.0,0.8367,112456.0
1753547035322,16:23:55.322,ADA/USDT:USDT,0.8365,477.0,0.8364,7515.0,0.8366,45307.0,0.8367,112456.0
1753547035422,16:23:55.422,ADA/USDT:USDT,0.8365,477.0,0.8364,7515.0,0.8366,45449.0,0.8367,112456.0
1753547035522,16:23:55.522,ADA/USDT:USDT,0.8365,477.0,0.8364,7515.0,0.8366,45449.0,0.8367,112456.0
1753547035622,16:23:55.622,ADA/USDT:USDT,0.8365,477.0,0.8364,7515.0,0.8366,45449.0,0.8367,113172.0
1753547035722,16:23:55.722,ADA/USDT:USDT,0.8365,477.0,0.8364,7515.0,0.8366,45449.0,0.8367,113172.0
1753547035822,16:23:55.822,ADA/USDT:USDT,0.8365,477.0,0.8364,7515.0,0.8366,45449.0,0.8367,113172.0
1753547035922,16:23:55.922,ADA/USDT:USDT,0.8365,477.0,0.8364,7515.0,0.8366,44345.0,0.8367,113172.0
1753547036023,16:23:56.023,ADA/USDT:USDT,0.8365,477.0,0.8364,7515.0,0.8366,44345.0,0.8367,112066.0
1753547036122,16:23:56.122,ADA/USDT:USDT,0.8365,477.0,0.8364,7515.0,0.8366,44345.0,0.8367,112066.0
1753547036222,16:23:56.222,ADA/USDT:USDT,0.8365,477.0,0.8364,16521.0,0.8366,44345.0,0.8367,112066.0
1753547036322,16:23:56.322,ADA/USDT:USDT,0.8365,477.0,0.8364,27013.0,0.8366,44345.0,0.8367,110917.0
1753547036422,16:23:56.422,ADA/USDT:USDT,0.8365,477.0,0.8364,27013.0,0.8366,44345.0,0.8367,112021.0
1753547036522,16:23:56.522,ADA/USDT:USDT,0.8365,477.0,0.8364,7515.0,0.8366,44626.0,0.8367,113084.0
1753547036622,16:23:56.622,ADA/USDT:USDT,0.8364,10095.0,0.8363,56518.0,0.8365,8334.0,0.8366,85105.0
1753547036723,16:23:56.723,ADA/USDT:USDT,0.8364,10267.0,0.8363,57622.0,0.8365,8334.0,0.8366,112515.0
1753547036822,16:23:56.822,ADA/USDT:USDT,0.8364,10261.0,0.8363,57622.0,0.8365,8334.0,0.8366,112515.0
1753547036922,16:23:56.922,ADA/USDT:USDT,0.8364,10261.0,0.8363,58685.0,0.8365,6272.0,0.8366,112363.0
1753547037022,16:23:57.022,ADA/USDT:USDT,0.8364,1895.0,0.8363,34700.0,0.8365,9992.0,0.8366,114530.0
1753547037123,16:23:57.123,ADA/USDT:USDT,0.8364,3547.0,0.8363,48200.0,0.8365,7392.0,0.8366,114530.0
1753547037223,16:23:57.223,ADA/USDT:USDT,0.8364,3547.0,0.8363,54198.0,0.8365,7392.0,0.8366,114530.0
1753547037322,16:23:57.322,ADA/USDT:USDT,0.8364,3547.0,0.8363,54198.0,0.8365,7392.0,0.8366,114530.0
1753547037422,16:23:57.422,ADA/USDT:USDT,0.8364,1878.0,0.8363,54198.0,0.8365,7392.0,0.8366,112963.0
1753547037523,16:23:57.523,ADA/USDT:USDT,0.8364,1878.0,0.8363,55261.0,0.8365,7392.0,0.8366,112963.0
1753547037622,16:23:57.622,ADA/USDT:USDT,0.8364,1878.0,0.8363,55261.0,0.8365,7392.0,0.8366,114067.0
1753547037723,16:23:57.723,ADA/USDT:USDT,0.8364,1878.0,0.8363,54198.0,0.8365,7392.0,0.8366,114067.0
1753547037822,16:23:57.822,ADA/USDT:USDT,0.8364,1878.0,0.8363,55261.0,0.8365,7392.0,0.8366,114067.0
1753547037922,16:23:57.922,ADA/USDT:USDT,0.8364,2903.0,0.8363,57560.0,0.8365,7392.0,0.8366,112963.0
1753547038022,16:23:58.022,ADA/USDT:USDT,0.8364,2903.0,0.8363,63553.0,0.8365,7392.0,0.8366,112963.0
1753547038223,16:23:58.223,ADA/USDT:USDT,0.8366,13475.0,0.8365,10138.0,0.8367,9435.0,0.8368,59116.0
1753547038322,16:23:58.322,ADA/USDT:USDT,0.8366,60.0,0.8365,57849.0,0.8367,12148.0,0.8368,61449.0
1753547038422,16:23:58.422,ADA/USDT:USDT,0.8366,25.0,0.8365,3428.0,0.8367,12314.0,0.8368,61449.0
1753547038523,16:23:58.523,ADA/USDT:USDT,0.8366,25.0,0.8365,53144.0,0.8367,12314.0,0.8368,61449.0
1753547038622,16:23:58.622,ADA/USDT:USDT,0.8366,2025.0,0.8365,53144.0,0.8367,12228.0,0.8368,61449.0
1753547038722,16:23:58.722,ADA/USDT:USDT,0.8366,2025.0,0.8365,53144.0,0.8367,12228.0,0.8368,61449.0
1753547038822,16:23:58.822,ADA/USDT:USDT,0.8366,2025.0,0.8365,53144.0,0.8367,12228.0,0.8368,61449.0
1753547038923,16:23:58.923,ADA/USDT:USDT,0.8366,2025.0,0.8365,53144.0,0.8367,12228.0,0.8368,61449.0
1753547039022,16:23:59.022,ADA/USDT:USDT,0.8366,25.0,0.8365,3428.0,0.8367,17728.0,0.8368,71926.0
1753547039122,16:23:59.122,ADA/USDT:USDT,0.8366,25.0,0.8365,3428.0,0.8367,17728.0,0.8368,71926.0
1753547039222,16:23:59.222,ADA/USDT:USDT,0.8366,25.0,0.8365,12432.0,0.8367,18923.0,0.8368,71833.0
1753547039322,16:23:59.322,ADA/USDT:USDT,0.8366,25.0,0.8365,21413.0,0.8367,18923.0,0.8368,71840.0
1753547039422,16:23:59.422,ADA/USDT:USDT,0.8366,25.0,0.8365,21413.0,0.8367,18923.0,0.8368,71840.0
1753547039522,16:23:59.522,ADA/USDT:USDT,0.8366,25.0,0.8365,21413.0,0.8367,18923.0,0.8368,71840.0
1753547039623,16:23:59.623,ADA/USDT:USDT,0.8365,7354.0,0.8364,101566.0,0.8366,4691.0,0.8367,39771.0
1753547039722,16:23:59.722,ADA/USDT:USDT,0.8365,7354.0,0.8364,101566.0,0.8366,2000.0,0.8367,17953.0
1753547039822,16:23:59.822,ADA/USDT:USDT,0.8365,7354.0,0.8364,101566.0,0.8366,2000.0,0.8367,19241.0
1753547039924,16:23:59.924,ADA/USDT:USDT,0.8366,13338.0,0.8365,66804.0,0.8367,9628.0,0.8368,47751.0
1753547040022,16:24:00.022,ADA/USDT:USDT,0.8366,13338.0,0.8365,66804.0,0.8367,9628.0,0.8368,50972.0
1753547040122,16:24:00.122,ADA/USDT:USDT,0.8366,13338.0,0.8365,66804.0,0.8367,9628.0,0.8368,57025.0
1753547040223,16:24:00.223,ADA/USDT:USDT,0.8366,13338.0,0.8365,66804.0,0.8367,2193.0,0.8368,28447.0
1753547040422,16:24:00.422,ADA/USDT:USDT,0.8366,19420.0,0.8365,69055.0,0.8367,193.0,0.8368,20186.0
1753547040523,16:24:00.523,ADA/USDT:USDT,0.8366,19420.0,0.8365,69031.0,0.8367,681.0,0.8368,17703.0
1753547040622,16:24:00.622,ADA/USDT:USDT,0.8366,16415.0,0.8365,65431.0,0.8367,2193.0,0.8368,28783.0
1753547040723,16:24:00.723,ADA/USDT:USDT,0.8366,16415.0,0.8365,65431.0,0.8367,2193.0,0.8368,41298.0
1753547040822,16:24:00.822,ADA/USDT:USDT,0.8366,16417.0,0.8365,73401.0,0.8367,2193.0,0.8368,41298.0
1753547040923,16:24:00.923,ADA/USDT:USDT,0.8366,16417.0,0.8365,74596.0,0.8367,2193.0,0.8368,23700.0
1753547041022,16:24:01.022,ADA/USDT:USDT,0.8366,16417.0,0.8365,74596.0,0.8367,2193.0,0.8368,23700.0
1753547041122,16:24:01.122,ADA/USDT:USDT,0.8366,16417.0,0.8365,66626.0,0.8367,2193.0,0.8368,23700.0
1753547041223,16:24:01.223,ADA/USDT:USDT,0.8366,16417.0,0.8365,74620.0,0.8367,2193.0,0.8368,23700.0
1753547041322,16:24:01.322,ADA/USDT:USDT,0.8366,16954.0,0.8365,74627.0,0.8367,2193.0,0.8368,23700.0
1753547041422,16:24:01.422,ADA/USDT:USDT,0.8366,16954.0,0.8365,74746.0,0.8367,193.0,0.8368,17703.0
1753547041522,16:24:01.522,ADA/USDT:USDT,0.8366,16954.0,0.8365,74746.0,0.8367,193.0,0.8368,17703.0
1753547041622,16:24:01.622,ADA/USDT:USDT,0.8366,16959.0,0.8365,74746.0,0.8367,681.0,0.8368,17703.0
1753547041722,16:24:01.722,ADA/USDT:USDT,0.8366,16422.0,0.8365,74746.0,0.8367,2193.0,0.8368,17703.0
1753547041822,16:24:01.822,ADA/USDT:USDT,0.8366,16422.0,0.8365,74746.0,0.8367,2193.0,0.8368,17703.0
1753547041922,16:24:01.922,ADA/USDT:USDT,0.8366,16422.0,0.8365,70737.0,0.8367,2193.0,0.8368,17703.0
1753547042022,16:24:02.022,ADA/USDT:USDT,0.8366,16422.0,0.8365,70737.0,0.8367,2188.0,0.8368,20186.0
1753547042122,16:24:02.122,ADA/USDT:USDT,0.8366,14951.0,0.8365,74746.0,0.8367,2188.0,0.8368,17703.0
1753547042222,16:24:02.222,ADA/USDT:USDT,0.8366,14951.0,0.8365,66752.0,0.8367,2188.0,0.8368,26183.0
1753547042322,16:24:02.322,ADA/USDT:USDT,0.8366,14951.0,0.8365,66752.0,0.8367,2188.0,0.8368,26183.0
1753547042423,16:24:02.423,ADA/USDT:USDT,0.8366,14951.0,0.8365,66752.0,0.8367,2188.0,0.8368,26183.0
1753547042522,16:24:02.522,ADA/USDT:USDT,0.8366,14951.0,0.8365,66752.0,0.8367,2188.0,0.8368,26183.0
1753547042622,16:24:02.622,ADA/USDT:USDT,0.8366,21253.0,0.8365,74746.0,0.8367,188.0,0.8368,12941.0
1753547042723,16:24:02.723,ADA/USDT:USDT,0.8366,11916.0,0.8365,65632.0,0.8367,5999.0,0.8368,56731.0
1753547042822,16:24:02.822,ADA/USDT:USDT,0.8366,11379.0,0.8365,65513.0,0.8367,5999.0,0.8368,54248.0
1753547042923,16:24:02.923,ADA/USDT:USDT,0.8366,11379.0,0.8365,69498.0,0.8367,3308.0,0.8368,50263.0
1753547043022,16:24:03.022,ADA/USDT:USDT,0.8366,11379.0,0.8365,69498.0,0.8367,3308.0,0.8368,24788.0
1753547043122,16:24:03.122,ADA/USDT:USDT,0.8366,11379.0,0.8365,73507.0,0.8367,591.0,0.8368,18938.0
1753547043222,16:24:03.222,ADA/USDT:USDT,0.8366,11379.0,0.8365,73507.0,0.8367,591.0,0.8368,18938.0
1753547043322,16:24:03.322,ADA/USDT:USDT,0.8366,11379.0,0.8365,73507.0,0.8367,591.0,0.8368,18938.0
1753547043422,16:24:03.422,ADA/USDT:USDT,0.8366,14696.0,0.8365,73507.0,0.8367,103.0,0.8368,18938.0
1753547043522,16:24:03.522,ADA/USDT:USDT,0.8366,14696.0,0.8365,73507.0,0.8367,3.0,0.8368,12941.0
1753547043623,16:24:03.623,ADA/USDT:USDT,0.8366,14696.0,0.8365,73507.0,0.8367,3.0,0.8368,12941.0
1753547043722,16:24:03.722,ADA/USDT:USDT,0.8366,14696.0,0.8365,73507.0,0.8367,3.0,0.8368,12941.0
1753547043822,16:24:03.822,ADA/USDT:USDT,0.8366,11399.0,0.8365,74627.0,0.8367,3.0,0.8368,12941.0
1753547043925,16:24:03.925,ADA/USDT:USDT,0.8366,14696.0,0.8365,74627.0,0.8367,3.0,0.8368,12941.0
1753547044022,16:24:04.022,ADA/USDT:USDT,0.8366,14696.0,0.8365,74627.0,0.8367,3.0,0.8368,12941.0
1753547044122,16:24:04.122,ADA/USDT:USDT,0.8367,32322.0,0.8366,102017.0,0.8368,504.0,0.8369,1532.0
1753547044223,16:24:04.223,ADA/USDT:USDT,0.8367,32322.0,0.8366,114035.0,0.8368,504.0,0.8369,4223.0
1753547044322,16:24:04.322,ADA/USDT:USDT,0.8367,35619.0,0.8366,114035.0,0.8368,504.0,0.8369,4223.0
1753547044422,16:24:04.422,ADA/USDT:USDT,0.8367,32322.0,0.8366,114035.0,0.8368,1850.0,0.8369,6706.0
1753547044522,16:24:04.522,ADA/USDT:USDT,0.8367,32322.0,0.8366,114035.0,0.8368,1850.0,0.8369,6706.0
1753547044622,16:24:04.622,ADA/USDT:USDT,0.8367,32322.0,0.8366,114035.0,0.8368,1850.0,0.8369,6706.0
1753547044722,16:24:04.722,ADA/USDT:USDT,0.8367,32322.0,0.8366,114035.0,0.8368,1850.0,0.8369,6706.0
1753547044822,16:24:04.822,ADA/USDT:USDT,0.8367,32322.0,0.8366,114035.0,0.8368,1850.0,0.8369,4223.0
1753547044922,16:24:04.922,ADA/USDT:USDT,0.8367,32322.0,0.8366,114035.0,0.8368,1850.0,0.8369,4223.0
1753547045023,16:24:05.023,ADA/USDT:USDT,0.8367,32332.0,0.8366,114035.0,0.8368,1850.0,0.8369,4223.0
1753547045123,16:24:05.123,ADA/USDT:USDT,0.8367,32332.0,0.8366,114035.0,0.8368,1850.0,0.8369,4223.0
1753547045223,16:24:05.223,ADA/USDT:USDT,0.8367,32332.0,0.8366,114035.0,0.8368,1850.0,0.8369,4223.0
1753547045322,16:24:05.322,ADA/USDT:USDT,0.8367,32332.0,0.8366,110738.0,0.8368,1850.0,0.8369,4223.0
1753547045423,16:24:05.423,ADA/USDT:USDT,0.8367,32332.0,0.8366,114723.0,0.8368,1850.0,0.8369,4223.0
1753547045522,16:24:05.522,ADA/USDT:USDT,0.8367,32332.0,0.8366,110738.0,0.8368,1850.0,0.8369,4223.0
1753547045622,16:24:05.622,ADA/USDT:USDT,0.8367,32332.0,0.8366,107229.0,0.8368,1850.0,0.8369,6706.0
1753547045722,16:24:05.722,ADA/USDT:USDT,0.8367,32360.0,0.8366,107177.0,0.8368,1850.0,0.8369,6706.0
1753547045822,16:24:05.822,ADA/USDT:USDT,0.8369,5474.0,0.8368,32516.0,0.837,33585.0,0.8371,95554.0
1753547046022,16:24:06.022,ADA/USDT:USDT,0.8369,4212.0,0.8368,29266.0,0.837,19540.0,0.8371,94957.0
1753547046122,16:24:06.122,ADA/USDT:USDT,0.8369,10.0,0.8368,5418.0,0.837,23388.0,0.8371,98942.0
1753547046222,16:24:06.222,ADA/USDT:USDT,0.8369,10.0,0.8368,5418.0,0.837,23548.0,0.8371,98966.0
1753547046322,16:24:06.322,ADA/USDT:USDT,0.8369,10.0,0.8368,5418.0,0.837,23548.0,0.8371,111641.0
1753547046423,16:24:06.423,ADA/USDT:USDT,0.8369,10.0,0.8368,5418.0,0.837,23548.0,0.8371,111665.0
1753547046522,16:24:06.522,ADA/USDT:USDT,0.8369,79.0,0.8368,5418.0,0.837,23548.0,0.8371,111665.0
1753547046623,16:24:06.623,ADA/USDT:USDT,0.8369,79.0,0.8368,5418.0,0.837,19700.0,0.8371,111641.0
1753547046727,16:24:06.727,ADA/USDT:USDT,0.8369,79.0,0.8368,5418.0,0.837,24742.0,0.8371,118038.0
1753547046823,16:24:06.823,ADA/USDT:USDT,0.8369,79.0,0.8368,5425.0,0.837,24736.0,0.8371,119158.0
1753547046923,16:24:06.923,ADA/USDT:USDT,0.8369,79.0,0.8368,5425.0,0.837,24736.0,0.8371,119158.0
1753547047022,16:24:07.022,ADA/USDT:USDT,0.8369,79.0,0.8368,5425.0,0.837,24736.0,0.8371,115173.0
1753547047123,16:24:07.123,ADA/USDT:USDT,0.8369,79.0,0.8368,5425.0,0.837,24736.0,0.8371,115173.0
1753547047222,16:24:07.222,ADA/USDT:USDT,0.8369,1588.0,0.8368,5425.0,0.837,24736.0,0.8371,115173.0
1753547047322,16:24:07.322,ADA/USDT:USDT,0.8369,1588.0,0.8368,5425.0,0.837,24736.0,0.8371,119158.0
1753547047422,16:24:07.422,ADA/USDT:USDT,0.8369,1588.0,0.8368,5425.0,0.837,24736.0,0.8371,115173.0
1753547047522,16:24:07.522,ADA/USDT:USDT,0.8369,1588.0,0.8368,5425.0,0.837,24736.0,0.8371,115173.0
1753547047622,16:24:07.622,ADA/USDT:USDT,0.8369,1588.0,0.8368,5425.0,0.837,24895.0,0.8371,115173.0
1753547047722,16:24:07.722,ADA/USDT:USDT,0.8369,79.0,0.8368,5425.0,0.837,24895.0,0.8371,115173.0
1753547047823,16:24:07.823,ADA/USDT:USDT,0.8369,79.0,0.8368,5425.0,0.837,24895.0,0.8371,115173.0
1753547047925,16:24:07.925,ADA/USDT:USDT,0.8369,1588.0,0.8368,5425.0,0.837,15552.0,0.8371,113979.0
1753547048023,16:24:08.023,ADA/USDT:USDT,0.8369,1588.0,0.8368,5425.0,0.837,19436.0,0.8371,113979.0
1753547048122,16:24:08.122,ADA/USDT:USDT,0.8369,79.0,0.8368,5425.0,0.837,19436.0,0.8371,113979.0
1753547048222,16:24:08.222,ADA/USDT:USDT,0.8369,1588.0,0.8368,5425.0,0.837,13383.0,0.8371,113979.0
1753547048323,16:24:08.323,ADA/USDT:USDT,0.8369,1588.0,0.8368,5425.0,0.837,13383.0,0.8371,113979.0
1753547048423,16:24:08.423,ADA/USDT:USDT,0.8368,71.0,0.8367,5439.0,0.8369,16263.0,0.837,74681.0
1753547048622,16:24:08.622,ADA/USDT:USDT,0.8368,1562.0,0.8367,43112.0,0.8369,16273.0,0.837,66698.0
1753547048722,16:24:08.722,ADA/USDT:USDT,0.8368,6086.0,0.8367,43112.0,0.8369,12220.0,0.837,58865.0
1753547048822,16:24:08.822,ADA/USDT:USDT,0.8368,6086.0,0.8367,59079.0,0.8369,7812.0,0.837,58829.0
1753547048923,16:24:08.923,ADA/USDT:USDT,0.8368,8777.0,0.8367,59079.0,0.8369,7891.0,0.837,58829.0
1753547049023,16:24:09.023,ADA/USDT:USDT,0.8368,8777.0,0.8367,59079.0,0.8369,5291.0,0.837,58829.0
1753547049123,16:24:09.123,ADA/USDT:USDT,0.8368,8777.0,0.8367,55094.0,0.8369,5291.0,0.837,58829.0
1753547049223,16:24:09.223,ADA/USDT:USDT,0.8368,8777.0,0.8367,55094.0,0.8369,5169.0,0.837,58829.0
1753547049322,16:24:09.322,ADA/USDT:USDT,0.8368,8777.0,0.8367,55094.0,0.8369,5169.0,0.837,58829.0
1753547049423,16:24:09.423,ADA/USDT:USDT,0.8368,8777.0,0.8367,59464.0,0.8369,7860.0,0.837,58829.0
1753547049522,16:24:09.522,ADA/USDT:USDT,0.8368,8777.0,0.8367,59464.0,0.8369,10460.0,0.837,62814.0
1753547049622,16:24:09.622,ADA/USDT:USDT,0.8368,2127.0,0.8367,59464.0,0.8369,10460.0,0.837,66799.0
1753547049722,16:24:09.722,ADA/USDT:USDT,0.8368,2062.0,0.8367,56214.0,0.8369,10381.0,0.837,66799.0
1753547049822,16:24:09.822,ADA/USDT:USDT,0.8368,2062.0,0.8367,55094.0,0.8369,7781.0,0.837,66799.0
1753547049924,16:24:09.924,ADA/USDT:USDT,0.8368,2550.0,0.8367,55094.0,0.8369,7781.0,0.837,66799.0
1753547050022,16:24:10.022,ADA/USDT:USDT,0.8368,2550.0,0.8367,55094.0,0.8369,7781.0,0.837,58829.0
1753547050122,16:24:10.122,ADA/USDT:USDT,0.8368,2550.0,0.8367,55094.0,0.8369,7781.0,0.837,58829.0
1753547050222,16:24:10.222,ADA/USDT:USDT,0.8368,2550.0,0.8367,55094.0,0.8369,7781.0,0.837,58829.0
1753547050322,16:24:10.322,ADA/USDT:USDT,0.8368,2550.0,0.8367,55094.0,0.8369,7781.0,0.837,58829.0
1753547050422,16:24:10.422,ADA/USDT:USDT,0.8368,2550.0,0.8367,55094.0,0.8369,7781.0,0.837,58829.0
1753547050522,16:24:10.522,ADA/USDT:USDT,0.8368,2550.0,0.8367,55094.0,0.8369,7781.0,0.837,58829.0
1753547050622,16:24:10.622,ADA/USDT:USDT,0.8368,2550.0,0.8367,55094.0,0.8369,7781.0,0.837,66799.0
1753547050723,16:24:10.723,ADA/USDT:USDT,0.8368,2550.0,0.8367,55094.0,0.8369,7781.0,0.837,66799.0
1753547050822,16:24:10.822,ADA/USDT:USDT,0.8368,2549.0,0.8367,57694.0,0.8369,7781.0,0.837,66799.0
1753547050922,16:24:10.922,ADA/USDT:USDT,0.8368,3490.0,0.8367,62064.0,0.8369,7781.0,0.837,58829.0
1753547051022,16:24:11.022,ADA/USDT:USDT,0.8368,2549.0,0.8367,11289.0,0.8369,11629.0,0.837,66799.0
1753547051123,16:24:11.123,ADA/USDT:USDT,0.8368,2549.0,0.8367,53732.0,0.8369,7781.0,0.837,62814.0
1753547051222,16:24:11.222,ADA/USDT:USDT,0.8368,2549.0,0.8367,53732.0,0.8369,7781.0,0.837,62814.0
1753547051323,16:24:11.323,ADA/USDT:USDT,0.8368,2061.0,0.8367,53732.0,0.8369,7781.0,0.837,66799.0
1753547051422,16:24:11.422,ADA/USDT:USDT,0.8368,2061.0,0.8367,53732.0,0.8369,7807.0,0.837,66799.0
1753547051523,16:24:11.523,ADA/USDT:USDT,0.8368,2065.0,0.8367,53732.0,0.8369,7807.0,0.837,66799.0
1753547051623,16:24:11.623,ADA/USDT:USDT,0.8368,2827.0,0.8367,53732.0,0.8369,4921.0,0.837,58829.0
1753547051722,16:24:11.722,ADA/USDT:USDT,0.8368,2837.0,0.8367,69709.0,0.8369,4919.0,0.837,58829.0
1753547051823,16:24:11.823,ADA/USDT:USDT,0.8368,6256.0,0.8367,70449.0,0.8369,4316.0,0.837,58829.0
1753547051923,16:24:11.923,ADA/USDT:USDT,0.8368,6999.0,0.8367,75554.0,0.8369,4316.0,0.837,58829.0
1753547052022,16:24:12.022,ADA/USDT:USDT,0.8368,6999.0,0.8367,75554.0,0.8369,4316.0,0.837,58829.0
1753547052122,16:24:12.122,ADA/USDT:USDT,0.8368,6333.0,0.8367,71545.0,0.8369,4316.0,0.837,58829.0
1753547052222,16:24:12.222,ADA/USDT:USDT,0.8368,6333.0,0.8367,71545.0,0.8369,4316.0,0.837,58829.0
1753547052322,16:24:12.322,ADA/USDT:USDT,0.8368,30020.0,0.8367,77348.0,0.8369,58.0,0.837,3205.0
1753547052422,16:24:12.422,ADA/USDT:USDT,0.8368,30020.0,0.8367,77466.0,0.8369,58.0,0.837,3205.0
1753547052522,16:24:12.522,ADA/USDT:USDT,0.8368,26535.0,0.8367,77454.0,0.8369,74.0,0.837,11684.0
1753547052622,16:24:12.622,ADA/USDT:USDT,0.8368,30020.0,0.8367,77454.0,0.8369,74.0,0.837,9201.0
1753547052722,16:24:12.722,ADA/USDT:USDT,0.8368,26724.0,0.8367,77454.0,0.8369,74.0,0.837,9201.0
1753547052822,16:24:12.822,ADA/USDT:USDT,0.8368,23239.0,0.8367,73469.0,0.8369,74.0,0.837,9201.0
1753547052922,16:24:12.922,ADA/USDT:USDT,0.8368,23239.0,0.8367,71593.0,0.8369,74.0,0.837,11684.0
1753547053022,16:24:13.022,ADA/USDT:USDT,0.8368,23239.0,0.8367,71712.0,0.8369,74.0,0.837,11684.0
1753547053122,16:24:13.122,ADA/USDT:USDT,0.8368,23776.0,0.8367,79682.0,0.8369,74.0,0.837,9201.0
1753547053222,16:24:13.222,ADA/USDT:USDT,0.8368,23776.0,0.8367,71712.0,0.8369,74.0,0.837,11684.0
1753547053322,16:24:13.322,ADA/USDT:USDT,0.8368,23776.0,0.8367,75697.0,0.8369,74.0,0.837,11684.0
1753547053423,16:24:13.423,ADA/USDT:USDT,0.8368,23776.0,0.8367,79682.0,0.8369,74.0,0.837,9201.0
1753547053522,16:24:13.522,ADA/USDT:USDT,0.8368,27073.0,0.8367,79682.0,0.8369,74.0,0.837,9201.0
1753547053622,16:24:13.622,ADA/USDT:USDT,0.8368,17726.0,0.8367,71712.0,0.8369,1586.0,0.837,35260.0
1753547053722,16:24:13.722,ADA/USDT:USDT,0.8368,17726.0,0.8367,71712.0,0.8369,1586.0,0.837,35260.0
1753547053822,16:24:13.822,ADA/USDT:USDT,0.8368,17726.0,0.8367,75697.0,0.8369,1586.0,0.837,32777.0
1753547053924,16:24:13.924,ADA/USDT:USDT,0.8368,17726.0,0.8367,71712.0,0.8369,2074.0,0.837,35260.0
1753547054022,16:24:14.022,ADA/USDT:USDT,0.8368,17732.0,0.8367,71700.0,0.8369,2036.0,0.837,35260.0
1753547054122,16:24:14.122,ADA/USDT:USDT,0.8368,21029.0,0.8367,79670.0,0.8369,36.0,0.837,9201.0
1753547054222,16:24:14.222,ADA/USDT:USDT,0.8368,17732.0,0.8367,79670.0,0.8369,58.0,0.837,11684.0
1753547054323,16:24:14.323,ADA/USDT:USDT,0.8368,17732.0,0.8367,75685.0,0.8369,58.0,0.837,11684.0
1753547054422,16:24:14.422,ADA/USDT:USDT,0.8368,17732.0,0.8367,75685.0,0.8369,2036.0,0.837,26676.0
1753547054522,16:24:14.522,ADA/USDT:USDT,0.8368,17732.0,0.8367,71581.0,0.8369,2036.0,0.837,37151.0
1753547054623,16:24:14.623,ADA/USDT:USDT,0.8368,13681.0,0.8367,71581.0,0.8369,2036.0,0.837,41136.0
1753547054722,16:24:14.722,ADA/USDT:USDT,0.8368,13681.0,0.8367,71581.0,0.8369,2036.0,0.837,37151.0
