timestamp,time,exchange,symbol,bid1_price,bid1_volume,bid2_price,bid2_volume,ask1_price,ask1_volume,ask2_price,ask2_volume
1753591853355,04:50:53.355,blofin,AERGO/USDT:USDT,0.13294,1275.0,0.13282,42970.0,0.13297,839.0,0.1331,15719.0
1753591854358,04:50:54.358,blofin,AERGO/USDT:USDT,0.13294,1275.0,0.13282,9134.0,0.13297,839.0,0.1331,6845.0
1753591855355,04:50:55.355,blofin,AERGO/USDT:USDT,0.13294,1275.0,0.13282,9134.0,0.13297,839.0,0.1331,6845.0
1753591856358,04:50:56.358,blofin,AERGO/USDT:USDT,0.13294,1275.0,0.13283,30547.0,0.13297,839.0,0.13309,15071.0
1753591857335,04:50:57.335,blofin,AERGO/USDT:USDT,0.13294,1275.0,0.13291,15181.0,0.13296,834.0,0.13297,5.0
1753591858358,04:50:58.358,blofin,AERGO/USDT:USDT,0.13294,1278.0,0.13291,27483.0,0.13296,637.0,0.13297,3.0
1753591860379,04:51:00.379,blofin,AERGO/USDT:USDT,0.13294,1232.0,0.13284,1446.0,0.13296,474.0,0.13297,3.0
1753591861379,04:51:01.379,blofin,AERGO/USDT:USDT,0.13294,1232.0,0.13292,41439.0,0.13296,474.0,0.13297,3.0
1753591960451,04:52:40.451,blofin,AERGO/USDT:USDT,0.133,213.0,0.13294,1232.0,0.13296,474.0,0.13297,3.0
1753591961451,04:52:41.451,blofin,AERGO/USDT:USDT,0.133,213.0,0.13292,41439.0,0.13296,474.0,0.13297,3.0
1753591962451,04:52:42.451,blofin,AERGO/USDT:USDT,0.133,212.0,0.13295,12832.0,0.13296,474.0,0.13297,3.0
1753591963451,04:52:43.451,blofin,AERGO/USDT:USDT,0.133,214.0,0.13292,41439.0,0.13296,474.0,0.13297,3.0
1753591964451,04:52:44.451,blofin,AERGO/USDT:USDT,0.133,214.0,0.13292,41439.0,0.13296,474.0,0.13297,3.0
1753591965451,04:52:45.451,blofin,AERGO/USDT:USDT,0.133,214.0,0.13298,349.0,0.13296,474.0,0.13297,3.0
1753591966451,04:52:46.451,blofin,AERGO/USDT:USDT,0.133,214.0,0.13293,68.0,0.13296,474.0,0.13297,3.0
1753591967357,04:52:47.357,blofin,AERGO/USDT:USDT,0.133,214.0,0.13293,68.0,0.13296,474.0,0.13297,3.0
1753591968359,04:52:48.359,blofin,AERGO/USDT:USDT,0.133,213.0,0.13289,19624.0,0.13296,474.0,0.13297,3.0
1753591968455,04:52:48.455,blofin,AERGO/USDT:USDT,0.133,212.0,0.13294,1127.0,0.13296,474.0,0.13297,3.0
1753591969454,04:52:49.454,blofin,AERGO/USDT:USDT,0.133,212.0,0.13293,1598.0,0.13296,474.0,0.13297,3.0
1753592056516,04:54:16.516,blofin,AERGO/USDT:USDT,0.133,212.0,0.13299,4261.0,0.13296,474.0,0.13297,3.0
1753592057516,04:54:17.516,blofin,AERGO/USDT:USDT,0.133,212.0,0.13299,4261.0,0.13296,474.0,0.13297,3.0
1753592058518,04:54:18.518,blofin,AERGO/USDT:USDT,0.133,212.0,0.13299,4262.0,0.13296,474.0,0.13297,3.0
1753592059519,04:54:19.519,blofin,AERGO/USDT:USDT,0.133,212.0,0.13299,4262.0,0.13296,474.0,0.13297,3.0
1753592060520,04:54:20.520,blofin,AERGO/USDT:USDT,0.133,212.0,0.13299,4258.0,0.13296,474.0,0.13297,3.0
1753592061518,04:54:21.518,blofin,AERGO/USDT:USDT,0.133,212.0,0.13299,4258.0,0.13296,474.0,0.13297,3.0
1753592062521,04:54:22.521,blofin,AERGO/USDT:USDT,0.133,212.0,0.13299,4260.0,0.13296,474.0,0.13297,3.0
1753592063522,04:54:23.522,blofin,AERGO/USDT:USDT,0.133,212.0,0.13299,4260.0,0.13296,474.0,0.13297,3.0
1753592064521,04:54:24.521,blofin,AERGO/USDT:USDT,0.133,212.0,0.13299,4260.0,0.13296,474.0,0.13297,3.0
1753592152586,04:55:52.586,blofin,AERGO/USDT:USDT,0.133,212.0,0.13299,4260.0,0.13296,474.0,0.13297,3.0
1753592153586,04:55:53.586,blofin,AERGO/USDT:USDT,0.13312,44198.0,0.13308,9595.0,0.13296,474.0,0.13297,3.0
1753592154589,04:55:54.589,blofin,AERGO/USDT:USDT,0.13312,44319.0,0.13299,17277.0,0.13296,474.0,0.13297,3.0
1753592155588,04:55:55.588,blofin,AERGO/USDT:USDT,0.13312,44319.0,0.13299,9159.0,0.13296,474.0,0.13297,3.0
1753592156590,04:55:56.590,blofin,AERGO/USDT:USDT,0.13312,44323.0,0.133,1750.0,0.13296,474.0,0.13297,3.0
1753592157592,04:55:57.592,blofin,AERGO/USDT:USDT,0.13312,44323.0,0.13299,9159.0,0.13296,474.0,0.13297,3.0
1753592158588,04:55:58.588,blofin,AERGO/USDT:USDT,0.13312,44315.0,0.13309,14741.0,0.13296,474.0,0.13297,3.0
1753592159589,04:55:59.589,blofin,AERGO/USDT:USDT,0.13312,44315.0,0.13299,9159.0,0.13296,474.0,0.13297,3.0
1753592159964,04:55:59.964,blofin,AERGO/USDT:USDT,0.13312,3249.0,0.13308,27509.0,0.13296,474.0,0.13297,3.0
1753592246237,04:57:26.237,blofin,AERGO/USDT:USDT,0.13317,183.0,0.13316,2.0,0.13296,474.0,0.13297,3.0
1753592246666,04:57:26.666,blofin,AERGO/USDT:USDT,0.13317,8515.0,0.13316,2.0,0.13296,474.0,0.13297,3.0
1753592247666,04:57:27.666,blofin,AERGO/USDT:USDT,0.13317,8515.0,0.13316,2.0,0.13296,474.0,0.13297,3.0
1753592248644,04:57:28.644,blofin,AERGO/USDT:USDT,0.13318,8515.0,0.13317,3.0,0.13296,474.0,0.13297,3.0
1753592249560,04:57:29.560,blofin,AERGO/USDT:USDT,0.13318,117.0,0.13317,3.0,0.13296,474.0,0.13297,3.0
1753592250131,04:57:30.131,blofin,AERGO/USDT:USDT,0.13317,3.0,0.13314,246.0,0.13296,474.0,0.13297,3.0
1753592250667,04:57:30.667,blofin,AERGO/USDT:USDT,0.13311,958.0,0.13306,15497.0,0.13296,474.0,0.13297,3.0
1753592251037,04:57:31.037,blofin,AERGO/USDT:USDT,0.13306,13053.0,0.13304,9286.0,0.13296,474.0,0.13297,3.0
1753592251667,04:57:31.667,blofin,AERGO/USDT:USDT,0.13306,13053.0,0.13304,9286.0,0.13296,474.0,0.13297,3.0
1753592252674,04:57:32.674,blofin,AERGO/USDT:USDT,0.13306,13053.0,0.13304,9286.0,0.13296,474.0,0.13297,3.0
1753592253671,04:57:33.671,blofin,AERGO/USDT:USDT,0.13306,4061.0,0.13304,294.0,0.13296,474.0,0.13297,3.0
1753592254671,04:57:34.671,blofin,AERGO/USDT:USDT,0.13306,4061.0,0.13304,294.0,0.13296,474.0,0.13297,3.0
1753592255671,04:57:35.671,blofin,AERGO/USDT:USDT,0.13306,4061.0,0.13304,294.0,0.13296,474.0,0.13297,3.0
1753592256674,04:57:36.674,blofin,AERGO/USDT:USDT,0.13306,4062.0,0.13304,294.0,0.13296,474.0,0.13297,3.0
1753592257675,04:57:37.675,blofin,AERGO/USDT:USDT,0.13306,4062.0,0.13304,294.0,0.13296,474.0,0.13297,3.0
1753592367764,04:59:27.764,blofin,AERGO/USDT:USDT,0.13306,2926.0,0.13304,294.0,0.13296,474.0,0.13297,3.0
1753592368766,04:59:28.766,blofin,AERGO/USDT:USDT,0.13306,2923.0,0.13304,294.0,0.13296,474.0,0.13297,3.0
1753592369768,04:59:29.768,blofin,AERGO/USDT:USDT,0.13306,2923.0,0.13304,294.0,0.13296,474.0,0.13297,3.0
1753592370290,04:59:30.290,blofin,AERGO/USDT:USDT,0.13307,2921.0,0.13306,2.0,0.13296,474.0,0.13297,3.0
1753592370767,04:59:30.767,blofin,AERGO/USDT:USDT,0.13307,59.0,0.13306,2.0,0.13296,474.0,0.13297,3.0
1753592371135,04:59:31.135,blofin,AERGO/USDT:USDT,0.13308,59.0,0.13306,2.0,0.13296,474.0,0.13297,3.0
1753592371768,04:59:31.768,blofin,AERGO/USDT:USDT,0.13308,1523.0,0.13306,2.0,0.13296,474.0,0.13297,3.0
1753592372771,04:59:32.771,blofin,AERGO/USDT:USDT,0.13308,1571.0,0.13306,2.0,0.13296,474.0,0.13297,3.0
1753592373773,04:59:33.773,blofin,AERGO/USDT:USDT,0.13308,1574.0,0.13306,1.0,0.13296,474.0,0.13297,3.0
1753592374770,04:59:34.770,blofin,AERGO/USDT:USDT,0.13308,1574.0,0.13306,1.0,0.13296,474.0,0.13297,3.0
1753592375771,04:59:35.771,blofin,AERGO/USDT:USDT,0.13308,1574.0,0.13306,1.0,0.13296,474.0,0.13297,3.0
1753592376949,04:59:36.949,blofin,AERGO/USDT:USDT,0.13308,3.0,0.13307,1571.0,0.13296,474.0,0.13297,3.0
1753592378773,04:59:38.773,blofin,AERGO/USDT:USDT,0.13306,196.0,0.13304,294.0,0.13296,474.0,0.13297,3.0
1753592483852,05:01:23.852,blofin,AERGO/USDT:USDT,0.13306,196.0,0.13304,294.0,0.13296,474.0,0.13297,3.0
1753592484854,05:01:24.854,blofin,AERGO/USDT:USDT,0.13306,196.0,0.13304,294.0,0.13296,474.0,0.13297,3.0
1753592485748,05:01:25.748,blofin,AERGO/USDT:USDT,0.13306,196.0,0.13304,294.0,0.13296,474.0,0.13297,3.0
1753592486750,05:01:26.750,blofin,AERGO/USDT:USDT,0.13306,196.0,0.13304,294.0,0.13296,474.0,0.13297,3.0
1753592486854,05:01:26.854,blofin,AERGO/USDT:USDT,0.13306,196.0,0.13304,294.0,0.13296,474.0,0.13297,3.0
1753592487751,05:01:27.751,blofin,AERGO/USDT:USDT,0.13306,196.0,0.13304,294.0,0.13296,474.0,0.13297,3.0
1753592487854,05:01:27.854,blofin,AERGO/USDT:USDT,0.13306,196.0,0.13304,294.0,0.13296,474.0,0.13297,3.0
1753592488751,05:01:28.751,blofin,AERGO/USDT:USDT,0.13306,196.0,0.13304,294.0,0.13296,474.0,0.13297,3.0
1753592488858,05:01:28.858,blofin,AERGO/USDT:USDT,0.13306,196.0,0.13304,294.0,0.13296,474.0,0.13297,3.0
1753592489855,05:01:29.855,blofin,AERGO/USDT:USDT,0.13306,196.0,0.13304,294.0,0.13296,474.0,0.13297,3.0
1753592490857,05:01:30.857,blofin,AERGO/USDT:USDT,0.13306,196.0,0.13304,294.0,0.13296,474.0,0.13297,3.0
1753592491856,05:01:31.856,blofin,AERGO/USDT:USDT,0.13306,196.0,0.13304,294.0,0.13296,474.0,0.13297,3.0
1753592492858,05:01:32.858,blofin,AERGO/USDT:USDT,0.13306,196.0,0.13304,294.0,0.13296,474.0,0.13297,3.0
1753592569916,05:02:49.916,blofin,AERGO/USDT:USDT,0.13306,196.0,0.13304,294.0,0.13296,474.0,0.13297,3.0
1753592570915,05:02:50.915,blofin,AERGO/USDT:USDT,0.13306,196.0,0.13304,294.0,0.13293,19966.0,0.13296,474.0
1753592571917,05:02:51.917,blofin,AERGO/USDT:USDT,0.13306,196.0,0.13304,294.0,0.13293,19966.0,0.13296,474.0
1753592572829,05:02:52.829,blofin,AERGO/USDT:USDT,0.13306,196.0,0.13304,294.0,0.13293,19966.0,0.13296,474.0
1753592572917,05:02:52.917,blofin,AERGO/USDT:USDT,0.13306,196.0,0.13304,294.0,0.13293,19966.0,0.13296,474.0
1753592573918,05:02:53.918,blofin,AERGO/USDT:USDT,0.13306,196.0,0.13304,294.0,0.13293,19969.0,0.13296,474.0
1753592575921,05:02:55.921,blofin,AERGO/USDT:USDT,0.13306,196.0,0.13304,294.0,0.13293,28775.0,0.13296,474.0
1753592577034,05:02:57.034,blofin,AERGO/USDT:USDT,0.13306,196.0,0.13304,294.0,0.13292,28769.0,0.13293,4.0
1753592577362,05:02:57.362,blofin,AERGO/USDT:USDT,0.13306,196.0,0.13304,294.0,0.13291,2833.0,0.13293,4.0
1753592577920,05:02:57.920,blofin,AERGO/USDT:USDT,0.13306,196.0,0.13304,294.0,0.13291,2836.0,0.13293,1.0
1753592578837,05:02:58.837,blofin,AERGO/USDT:USDT,0.13306,196.0,0.13304,294.0,0.13291,2835.0,0.13293,1.0
1753592578921,05:02:58.921,blofin,AERGO/USDT:USDT,0.13306,196.0,0.13304,294.0,0.13291,5766.0,0.13293,1.0
1753592579835,05:02:59.835,blofin,AERGO/USDT:USDT,0.13306,196.0,0.13304,294.0,0.13291,9165.0,0.13293,1.0
1753592580924,05:03:00.924,blofin,AERGO/USDT:USDT,0.13306,196.0,0.13304,294.0,0.13291,9165.0,0.13293,1.0
1753592581847,05:03:01.847,blofin,AERGO/USDT:USDT,0.13306,196.0,0.13304,294.0,0.13291,2.0,0.13292,6330.0
1753592684929,05:04:44.929,blofin,AERGO/USDT:USDT,0.13306,196.0,0.13304,294.0,0.13291,2.0,0.13292,6330.0
1753592685002,05:04:45.002,blofin,AERGO/USDT:USDT,0.13306,196.0,0.13304,294.0,0.13291,2.0,0.13292,6330.0
1753592685929,05:04:45.929,blofin,AERGO/USDT:USDT,0.13306,196.0,0.13304,294.0,0.13291,2.0,0.13292,6330.0
1753592686011,05:04:46.011,blofin,AERGO/USDT:USDT,0.13306,196.0,0.13304,294.0,0.13291,2.0,0.13292,6330.0
1753592687002,05:04:47.002,blofin,AERGO/USDT:USDT,0.13306,196.0,0.13304,294.0,0.13291,2.0,0.13292,6330.0
1753592688004,05:04:48.004,blofin,AERGO/USDT:USDT,0.13306,196.0,0.13304,294.0,0.13291,2.0,0.13292,6330.0
1753592689004,05:04:49.004,blofin,AERGO/USDT:USDT,0.13306,196.0,0.13304,294.0,0.13291,2.0,0.13292,6330.0
1753592689930,05:04:49.930,blofin,AERGO/USDT:USDT,0.13306,196.0,0.13304,294.0,0.13291,2.0,0.13292,6330.0
1753592691007,05:04:51.007,blofin,AERGO/USDT:USDT,0.13306,196.0,0.13304,294.0,0.13291,2.0,0.13292,6330.0
1753592693007,05:04:53.007,blofin,AERGO/USDT:USDT,0.13306,196.0,0.13304,294.0,0.13291,2.0,0.13292,6330.0
1753592694009,05:04:54.009,blofin,AERGO/USDT:USDT,0.13306,196.0,0.13304,294.0,0.13291,2.0,0.13292,6330.0
1753592694922,05:04:54.922,blofin,AERGO/USDT:USDT,0.13306,196.0,0.13304,294.0,0.13291,2.0,0.13292,6330.0
1753592695010,05:04:55.010,blofin,AERGO/USDT:USDT,0.13306,196.0,0.13304,294.0,0.13291,2.0,0.13292,6330.0
1753592695935,05:04:55.935,blofin,AERGO/USDT:USDT,0.13306,196.0,0.13304,294.0,0.13291,2.0,0.13292,6330.0
1753592798087,05:06:38.087,blofin,AERGO/USDT:USDT,0.13306,196.0,0.13305,715.0,0.13291,2.0,0.13292,6330.0
1753592799087,05:06:39.087,blofin,AERGO/USDT:USDT,0.13306,196.0,0.13305,1165.0,0.13291,2.0,0.13292,6330.0
1753592800088,05:06:40.088,blofin,AERGO/USDT:USDT,0.13306,196.0,0.13305,1164.0,0.13291,2.0,0.13292,6330.0
1753592801088,05:06:41.088,blofin,AERGO/USDT:USDT,0.13306,196.0,0.13305,1164.0,0.13291,2.0,0.13292,6330.0
1753592802090,05:06:42.090,blofin,AERGO/USDT:USDT,0.13306,196.0,0.13305,1164.0,0.13291,2.0,0.13292,6330.0
1753592803250,05:06:43.250,blofin,AERGO/USDT:USDT,0.13306,196.0,0.13305,8.0,0.13291,2.0,0.13292,6330.0
1753592803338,05:06:43.338,blofin,AERGO/USDT:USDT,0.13306,196.0,0.13305,8.0,0.13291,2.0,0.13292,6330.0
1753592804090,05:06:44.090,blofin,AERGO/USDT:USDT,0.13306,196.0,0.13305,4.0,0.13291,2.0,0.13292,6330.0
1753592805090,05:06:45.090,blofin,AERGO/USDT:USDT,0.13306,196.0,0.13305,4.0,0.13291,2.0,0.13292,6330.0
1753592805483,05:06:45.483,blofin,AERGO/USDT:USDT,0.13306,196.0,0.13305,4.0,0.13291,2.0,0.13292,6330.0
1753592806093,05:06:46.093,blofin,AERGO/USDT:USDT,0.13306,196.0,0.13305,4.0,0.13291,2.0,0.13292,6330.0
1753592807092,05:06:47.092,blofin,AERGO/USDT:USDT,0.13306,196.0,0.13305,4.0,0.13291,2.0,0.13292,6330.0
1753592808092,05:06:48.092,blofin,AERGO/USDT:USDT,0.13306,196.0,0.13305,4.0,0.13291,2.0,0.13292,6330.0
1753592809094,05:06:49.094,blofin,AERGO/USDT:USDT,0.13306,196.0,0.13305,4.0,0.13291,2.0,0.13292,6330.0
1753592810096,05:06:50.096,blofin,AERGO/USDT:USDT,0.13306,196.0,0.13305,4.0,0.13291,2.0,0.13292,6330.0
1753592811094,05:06:51.094,blofin,AERGO/USDT:USDT,0.13306,196.0,0.13305,4.0,0.13291,2.0,0.13292,6330.0
1753592812095,05:06:52.095,blofin,AERGO/USDT:USDT,0.13306,196.0,0.13305,4.0,0.13291,2.0,0.13292,6330.0
1753592939192,05:08:59.192,blofin,AERGO/USDT:USDT,0.13306,196.0,0.13305,4.0,0.13291,2.0,0.13292,6330.0
1753592940126,05:09:00.126,blofin,AERGO/USDT:USDT,0.13306,196.0,0.13305,4.0,0.13291,2.0,0.13292,6330.0
1753592940193,05:09:00.193,blofin,AERGO/USDT:USDT,0.13306,196.0,0.13305,4.0,0.13291,2.0,0.13292,6330.0
1753592941191,05:09:01.191,blofin,AERGO/USDT:USDT,0.13306,1644.0,0.13305,4.0,0.13291,2.0,0.13292,6330.0
1753592942191,05:09:02.191,blofin,AERGO/USDT:USDT,0.13306,1645.0,0.13305,4.0,0.13291,2.0,0.13292,6330.0
1753592943192,05:09:03.192,blofin,AERGO/USDT:USDT,0.13306,1690.0,0.13305,4.0,0.13291,2.0,0.13292,6330.0
1753592944192,05:09:04.192,blofin,AERGO/USDT:USDT,0.13306,1734.0,0.13305,4.0,0.13291,2.0,0.13292,6330.0
1753592945130,05:09:05.130,blofin,AERGO/USDT:USDT,0.13306,1734.0,0.13305,4.0,0.13291,2.0,0.13292,6330.0
1753592945192,05:09:05.192,blofin,AERGO/USDT:USDT,0.13306,1732.0,0.13305,4.0,0.13291,2.0,0.13292,6330.0
1753592946193,05:09:06.193,blofin,AERGO/USDT:USDT,0.13306,1776.0,0.13305,4.0,0.13291,2.0,0.13292,6330.0
1753592947130,05:09:07.130,blofin,AERGO/USDT:USDT,0.13306,1776.0,0.13305,4.0,0.13291,2.0,0.13292,6330.0
1753592947194,05:09:07.194,blofin,AERGO/USDT:USDT,0.13306,1776.0,0.13305,4.0,0.13291,2.0,0.13292,6330.0
1753592948195,05:09:08.195,blofin,AERGO/USDT:USDT,0.13306,1779.0,0.13305,4.0,0.13291,2.0,0.13292,6330.0
1753593038260,05:10:38.260,blofin,AERGO/USDT:USDT,0.13306,1779.0,0.13305,4.0,0.13291,2.0,0.13292,6330.0
1753593039218,05:10:39.218,blofin,AERGO/USDT:USDT,0.13307,2730.0,0.13306,1779.0,0.13291,2.0,0.13292,6330.0
1753593040261,05:10:40.261,blofin,AERGO/USDT:USDT,0.13307,2732.0,0.13306,1779.0,0.13291,2.0,0.13292,6330.0
1753593041262,05:10:41.262,blofin,AERGO/USDT:USDT,0.13307,3484.0,0.13306,1779.0,0.13291,2.0,0.13292,6330.0
1753593042209,05:10:42.209,blofin,AERGO/USDT:USDT,0.13307,3484.0,0.13306,1779.0,0.13291,2.0,0.13292,6330.0
1753593042262,05:10:42.262,blofin,AERGO/USDT:USDT,0.13307,3484.0,0.13306,1779.0,0.13291,2.0,0.13292,6330.0
1753593043263,05:10:43.263,blofin,AERGO/USDT:USDT,0.13307,2732.0,0.13306,1779.0,0.13291,2.0,0.13292,6330.0
1753593044264,05:10:44.264,blofin,AERGO/USDT:USDT,0.13307,2734.0,0.13306,1779.0,0.13291,2.0,0.13292,6330.0
1753593045266,05:10:45.266,blofin,AERGO/USDT:USDT,0.13307,2734.0,0.13306,1779.0,0.13291,2.0,0.13292,6330.0
1753593045594,05:10:45.594,blofin,AERGO/USDT:USDT,0.13307,2734.0,0.13306,1779.0,0.13291,2.0,0.13292,6330.0
1753593046268,05:10:46.268,blofin,AERGO/USDT:USDT,0.13307,2734.0,0.13306,1779.0,0.13291,2.0,0.13292,6330.0
1753593047266,05:10:47.266,blofin,AERGO/USDT:USDT,0.13307,2733.0,0.13306,1779.0,0.13291,2.0,0.13292,6330.0
1753593132329,05:12:12.329,blofin,AERGO/USDT:USDT,0.13307,2733.0,0.13306,1779.0,0.13291,2.0,0.13292,6330.0
1753593133331,05:12:13.331,blofin,AERGO/USDT:USDT,0.1331,161.0,0.13307,2733.0,0.13291,2.0,0.13292,6330.0
1753593134280,05:12:14.280,blofin,AERGO/USDT:USDT,0.1331,162.0,0.13307,2733.0,0.13291,2.0,0.13292,6330.0
1753593134767,05:12:14.767,blofin,AERGO/USDT:USDT,0.1331,165.0,0.13307,2733.0,0.13291,2.0,0.13292,6330.0
1753593135339,05:12:15.339,blofin,AERGO/USDT:USDT,0.1331,165.0,0.13307,2733.0,0.13291,2.0,0.13292,6330.0
1753593136332,05:12:16.332,blofin,AERGO/USDT:USDT,0.1331,165.0,0.13307,2733.0,0.13291,2.0,0.13292,6330.0
1753593137282,05:12:17.282,blofin,AERGO/USDT:USDT,0.1331,165.0,0.13307,2733.0,0.13291,2.0,0.13292,6330.0
1753593138232,05:12:18.232,blofin,AERGO/USDT:USDT,0.1331,165.0,0.13307,2733.0,0.13291,2.0,0.13292,6330.0
1753593138334,05:12:18.334,blofin,AERGO/USDT:USDT,0.1331,165.0,0.13307,2733.0,0.13291,2.0,0.13292,6330.0
1753593139336,05:12:19.336,blofin,AERGO/USDT:USDT,0.1331,162.0,0.13307,2733.0,0.13291,2.0,0.13292,6330.0
1753593140339,05:12:20.339,blofin,AERGO/USDT:USDT,0.1331,88.0,0.13307,2733.0,0.13291,2.0,0.13292,6330.0
1753593141337,05:12:21.337,blofin,AERGO/USDT:USDT,0.1331,88.0,0.13307,7372.0,0.13291,2.0,0.13292,6330.0
1753593229398,05:13:49.398,blofin,AERGO/USDT:USDT,0.1331,2882.0,0.13307,7372.0,0.13291,2.0,0.13292,6330.0
1753593230408,05:13:50.408,blofin,AERGO/USDT:USDT,0.1331,2882.0,0.13307,7372.0,0.13291,2.0,0.13292,6330.0
1753593231402,05:13:51.402,blofin,AERGO/USDT:USDT,0.1331,2882.0,0.13307,7372.0,0.13291,2.0,0.13292,6330.0
1753593232402,05:13:52.402,blofin,AERGO/USDT:USDT,0.1331,2882.0,0.13307,7372.0,0.13291,2.0,0.13292,6330.0
1753593233338,05:13:53.338,blofin,AERGO/USDT:USDT,0.1331,2882.0,0.13307,7372.0,0.13291,2.0,0.13292,6330.0
1753593233403,05:13:53.403,blofin,AERGO/USDT:USDT,0.1331,2883.0,0.13307,7372.0,0.13291,2.0,0.13292,6330.0
1753593234403,05:13:54.403,blofin,AERGO/USDT:USDT,0.1331,2881.0,0.13307,7372.0,0.13291,2.0,0.13292,6330.0
1753593235343,05:13:55.343,blofin,AERGO/USDT:USDT,0.1331,2881.0,0.13307,7372.0,0.13291,2.0,0.13292,6330.0
1753593235403,05:13:55.403,blofin,AERGO/USDT:USDT,0.1331,2881.0,0.13307,7372.0,0.13291,2.0,0.13292,6330.0
1753593236406,05:13:56.406,blofin,AERGO/USDT:USDT,0.1331,2881.0,0.13307,7372.0,0.13291,2.0,0.13292,6330.0
1753593237406,05:13:57.406,blofin,AERGO/USDT:USDT,0.1331,2882.0,0.13307,7372.0,0.13291,2.0,0.13292,6330.0
1753593238406,05:13:58.406,blofin,AERGO/USDT:USDT,0.1331,2882.0,0.13307,7372.0,0.13291,2.0,0.13292,6330.0
1753593239407,05:13:59.407,blofin,AERGO/USDT:USDT,0.1331,2881.0,0.13307,7372.0,0.13291,2.0,0.13292,6330.0
1753593240407,05:14:00.407,blofin,AERGO/USDT:USDT,0.1331,2881.0,0.13307,7372.0,0.13291,2.0,0.13292,6330.0
1753593241407,05:14:01.407,blofin,AERGO/USDT:USDT,0.1331,2883.0,0.13307,7372.0,0.13291,2.0,0.13292,6330.0
1753593352486,05:15:52.486,blofin,AERGO/USDT:USDT,0.1331,2883.0,0.13307,7372.0,0.13291,2.0,0.13292,6330.0
1753593353485,05:15:53.485,blofin,AERGO/USDT:USDT,0.1331,2883.0,0.13307,4232.0,0.13291,2.0,0.13292,6330.0
1753593354486,05:15:54.486,blofin,AERGO/USDT:USDT,0.13312,2026.0,0.1331,2883.0,0.13291,2.0,0.13292,6330.0
1753593355489,05:15:55.489,blofin,AERGO/USDT:USDT,0.13312,2029.0,0.1331,2883.0,0.13291,2.0,0.13292,6330.0
1753593356488,05:15:56.488,blofin,AERGO/USDT:USDT,0.13312,2026.0,0.1331,2883.0,0.13291,2.0,0.13292,6330.0
1753593357490,05:15:57.490,blofin,AERGO/USDT:USDT,0.13312,2026.0,0.1331,2883.0,0.13291,2.0,0.13292,6330.0
1753593358437,05:15:58.437,blofin,AERGO/USDT:USDT,0.13312,2026.0,0.1331,2883.0,0.13291,2.0,0.13292,6330.0
1753593359492,05:15:59.492,blofin,AERGO/USDT:USDT,0.13312,2025.0,0.1331,2883.0,0.13291,2.0,0.13292,6330.0
1753593360492,05:16:00.492,blofin,AERGO/USDT:USDT,0.13312,2025.0,0.1331,2883.0,0.13291,2.0,0.13292,6330.0
1753593361493,05:16:01.493,blofin,AERGO/USDT:USDT,0.13312,2025.0,0.1331,2883.0,0.13291,2.0,0.13292,6330.0
1753593362445,05:16:02.445,blofin,AERGO/USDT:USDT,0.13312,2025.0,0.1331,2883.0,0.13291,2.0,0.13292,6330.0
1753593363493,05:16:03.493,blofin,AERGO/USDT:USDT,0.13312,2028.0,0.1331,2883.0,0.13291,2.0,0.13292,6330.0
1753593364444,05:16:04.444,blofin,AERGO/USDT:USDT,0.13312,2028.0,0.1331,2883.0,0.13291,2.0,0.13292,6330.0
1753593459528,05:17:39.528,blofin,AERGO/USDT:USDT,0.13312,2028.0,0.1331,2883.0,0.13291,2.0,0.13292,6330.0
1753593460518,05:17:40.518,blofin,AERGO/USDT:USDT,0.13312,2028.0,0.1331,2883.0,0.13291,2.0,0.13292,6330.0
1753593461517,05:17:41.517,blofin,AERGO/USDT:USDT,0.13312,2028.0,0.1331,2883.0,0.13291,2.0,0.13292,6330.0
1753593462525,05:17:42.525,blofin,AERGO/USDT:USDT,0.13312,2028.0,0.1331,2883.0,0.13291,2.0,0.13292,6330.0
1753593463519,05:17:43.519,blofin,AERGO/USDT:USDT,0.13312,2028.0,0.1331,2883.0,0.13291,2.0,0.13292,6330.0
1753593464520,05:17:44.520,blofin,AERGO/USDT:USDT,0.13312,2028.0,0.1331,2883.0,0.13291,2.0,0.13292,6330.0
1753593465538,05:17:45.538,blofin,AERGO/USDT:USDT,0.13312,2028.0,0.1331,2883.0,0.13291,2.0,0.13292,6330.0
1753593467521,05:17:47.521,blofin,AERGO/USDT:USDT,0.13312,2028.0,0.1331,2883.0,0.13291,2.0,0.13292,6330.0
1753593468523,05:17:48.523,blofin,AERGO/USDT:USDT,0.13312,2028.0,0.1331,2883.0,0.13291,2.0,0.13292,6330.0
1753593544589,05:19:04.589,blofin,AERGO/USDT:USDT,0.13317,4902.0,0.13312,2028.0,0.13291,2.0,0.13292,6330.0
1753593545592,05:19:05.592,blofin,AERGO/USDT:USDT,0.13317,4948.0,0.1331,2883.0,0.13291,2.0,0.13292,6330.0
1753593546591,05:19:06.591,blofin,AERGO/USDT:USDT,0.13317,4948.0,0.1331,2883.0,0.13291,2.0,0.13292,6330.0
1753593547593,05:19:07.593,blofin,AERGO/USDT:USDT,0.13317,4948.0,0.13312,6049.0,0.13291,2.0,0.13292,6330.0
1753593548595,05:19:08.595,blofin,AERGO/USDT:USDT,0.13317,4948.0,0.13312,9976.0,0.13291,2.0,0.13292,6330.0
1753593549605,05:19:09.605,blofin,AERGO/USDT:USDT,0.13317,4953.0,0.13312,9976.0,0.13291,2.0,0.13292,6330.0
1753593550593,05:19:10.593,blofin,AERGO/USDT:USDT,0.13317,4949.0,0.13309,2154.0,0.13291,2.0,0.13292,6330.0
1753593551596,05:19:11.596,blofin,AERGO/USDT:USDT,0.13317,4949.0,0.13309,2154.0,0.13291,2.0,0.13292,6330.0
1753593552596,05:19:12.596,blofin,AERGO/USDT:USDT,0.13317,4949.0,0.13309,2154.0,0.13291,2.0,0.13292,6330.0
1753593553597,05:19:13.597,blofin,AERGO/USDT:USDT,0.13317,4950.0,0.13311,10796.0,0.13291,2.0,0.13292,6330.0
1753593634709,05:20:34.709,blofin,AERGO/USDT:USDT,0.13317,4950.0,0.13311,10796.0,0.13292,6330.0,0.13293,1.0
1753593635709,05:20:35.709,blofin,AERGO/USDT:USDT,0.13317,4950.0,0.13311,10796.0,0.13292,6330.0,0.13293,1.0
1753593636710,05:20:36.710,blofin,AERGO/USDT:USDT,0.13317,4950.0,0.13311,10796.0,0.13292,6330.0,0.13293,1.0
1753593636981,05:20:36.981,blofin,AERGO/USDT:USDT,0.13317,4950.0,0.13311,10796.0,0.13292,6330.0,0.13293,2846.0
1753593637711,05:20:37.711,blofin,AERGO/USDT:USDT,0.13317,4950.0,0.13311,10796.0,0.13292,6330.0,0.13293,2761.0
1753593638713,05:20:38.713,blofin,AERGO/USDT:USDT,0.13317,4950.0,0.13311,10796.0,0.13292,6330.0,0.13293,2761.0
1753593639668,05:20:39.668,blofin,AERGO/USDT:USDT,0.13317,4950.0,0.13311,10796.0,0.13292,6330.0,0.13293,2765.0
1753593640712,05:20:40.712,blofin,AERGO/USDT:USDT,0.13317,4950.0,0.13311,10796.0,0.13292,6330.0,0.13293,2769.0
1753593641714,05:20:41.714,blofin,AERGO/USDT:USDT,0.13317,4950.0,0.13311,10796.0,0.13292,6330.0,0.13293,2769.0
1753593642715,05:20:42.715,blofin,AERGO/USDT:USDT,0.13317,4950.0,0.13311,10796.0,0.13292,6330.0,0.13293,2766.0
1753593643715,05:20:43.715,blofin,AERGO/USDT:USDT,0.13317,4950.0,0.13311,10796.0,0.13292,6330.0,0.13293,2766.0
1753593644715,05:20:44.715,blofin,AERGO/USDT:USDT,0.13317,4950.0,0.13311,10796.0,0.13292,6330.0,0.13293,2767.0
1753593645353,05:20:45.353,blofin,AERGO/USDT:USDT,0.13317,4950.0,0.13311,10796.0,0.13291,2761.0,0.13292,6330.0
1753593645717,05:20:45.717,blofin,AERGO/USDT:USDT,0.13317,4950.0,0.13311,10796.0,0.13291,248.0,0.13292,6330.0
1753593736816,05:22:16.816,blofin,AERGO/USDT:USDT,0.13317,4950.0,0.13311,10796.0,0.13291,248.0,0.13292,6330.0
1753593737811,05:22:17.811,blofin,AERGO/USDT:USDT,0.13317,4950.0,0.13311,10796.0,0.13291,248.0,0.13292,6330.0
1753593738283,05:22:18.283,blofin,AERGO/USDT:USDT,0.13317,4950.0,0.13311,10796.0,0.13291,248.0,0.13292,6330.0
1753593739079,05:22:19.079,blofin,AERGO/USDT:USDT,0.13317,4950.0,0.13311,10796.0,0.13291,248.0,0.13292,6330.0
1753593739812,05:22:19.812,blofin,AERGO/USDT:USDT,0.13317,4950.0,0.13311,10796.0,0.13291,248.0,0.13292,6330.0
1753593740813,05:22:20.813,blofin,AERGO/USDT:USDT,0.13317,4950.0,0.13311,10796.0,0.13291,248.0,0.13292,6330.0
1753593741814,05:22:21.814,blofin,AERGO/USDT:USDT,0.13317,4950.0,0.13311,10796.0,0.13291,248.0,0.13292,6330.0
1753593742813,05:22:22.813,blofin,AERGO/USDT:USDT,0.13317,4950.0,0.13311,10796.0,0.13291,248.0,0.13292,6330.0
1753593743818,05:22:23.818,blofin,AERGO/USDT:USDT,0.13317,4950.0,0.13311,10796.0,0.13291,248.0,0.13292,6330.0
1753593744816,05:22:24.816,blofin,AERGO/USDT:USDT,0.13317,4950.0,0.13311,10796.0,0.13291,248.0,0.13292,6330.0
1753593745817,05:22:25.817,blofin,AERGO/USDT:USDT,0.13317,4950.0,0.13311,10796.0,0.13291,248.0,0.13292,6330.0
1753593816879,05:23:36.879,blofin,AERGO/USDT:USDT,0.13317,4950.0,0.13311,10796.0,0.13291,248.0,0.13292,6330.0
1753593817879,05:23:37.879,blofin,AERGO/USDT:USDT,0.13317,4950.0,0.13311,10796.0,0.13291,248.0,0.13292,6330.0
1753593818183,05:23:38.183,blofin,AERGO/USDT:USDT,0.13317,4950.0,0.13311,10796.0,0.13291,248.0,0.13292,6330.0
1753593818879,05:23:38.879,blofin,AERGO/USDT:USDT,0.13317,4950.0,0.13311,10796.0,0.13291,248.0,0.13292,6330.0
1753593819885,05:23:39.885,blofin,AERGO/USDT:USDT,0.13317,4950.0,0.13311,10796.0,0.13291,248.0,0.13295,172.0
1753593820880,05:23:40.880,blofin,AERGO/USDT:USDT,0.13317,4950.0,0.13311,10796.0,0.13291,248.0,0.13295,6.0
1753593821516,05:23:41.516,blofin,AERGO/USDT:USDT,0.13317,4950.0,0.13311,10796.0,0.13291,248.0,0.13296,7764.0
1753593821883,05:23:41.883,blofin,AERGO/USDT:USDT,0.13317,4950.0,0.13311,10796.0,0.13291,248.0,0.13296,7764.0
1753593822805,05:23:42.805,blofin,AERGO/USDT:USDT,0.13317,4950.0,0.13311,10796.0,0.13291,248.0,0.13296,7764.0
1753593823402,05:23:43.402,blofin,AERGO/USDT:USDT,0.13317,4950.0,0.13311,10796.0,0.13291,248.0,0.13296,7764.0
1753593823884,05:23:43.884,blofin,AERGO/USDT:USDT,0.13317,4950.0,0.13311,10796.0,0.13291,248.0,0.13296,7764.0
1753593824885,05:23:44.885,blofin,AERGO/USDT:USDT,0.13317,4950.0,0.13311,10796.0,0.13291,248.0,0.13296,7764.0
1753593825886,05:23:45.886,blofin,AERGO/USDT:USDT,0.13317,4950.0,0.13311,10796.0,0.13291,248.0,0.13296,7764.0
1753593826808,05:23:46.808,blofin,AERGO/USDT:USDT,0.13317,4950.0,0.13311,10796.0,0.13291,248.0,0.13296,7764.0
1753593826891,05:23:46.891,blofin,AERGO/USDT:USDT,0.13317,4950.0,0.13311,10796.0,0.13291,248.0,0.13296,7764.0
1753593919962,05:25:19.962,blofin,AERGO/USDT:USDT,0.13317,4950.0,0.13311,10796.0,0.13291,248.0,0.13296,7764.0
1753593920960,05:25:20.960,blofin,AERGO/USDT:USDT,0.13317,4950.0,0.13311,10796.0,0.13291,248.0,0.13296,7764.0
1753593921606,05:25:21.606,blofin,AERGO/USDT:USDT,0.13317,4950.0,0.13311,10796.0,0.13291,248.0,0.13296,7764.0
1753593921962,05:25:21.962,blofin,AERGO/USDT:USDT,0.13317,4950.0,0.13311,10796.0,0.13291,248.0,0.13296,7764.0
1753593922410,05:25:22.410,blofin,AERGO/USDT:USDT,0.13317,4950.0,0.13311,10796.0,0.13291,248.0,0.13296,7764.0
1753593922960,05:25:22.960,blofin,AERGO/USDT:USDT,0.13317,4950.0,0.13311,10796.0,0.13291,248.0,0.13296,7764.0
1753593923877,05:25:23.877,blofin,AERGO/USDT:USDT,0.13317,4950.0,0.13311,10796.0,0.13291,248.0,0.13296,7764.0
1753593923961,05:25:23.961,blofin,AERGO/USDT:USDT,0.13317,4950.0,0.13311,10796.0,0.13291,248.0,0.13296,7764.0
1753593924880,05:25:24.880,blofin,AERGO/USDT:USDT,0.13317,4950.0,0.13311,2759.0,0.13291,248.0,0.13296,7764.0
1753593925319,05:25:25.319,blofin,AERGO/USDT:USDT,0.13317,4950.0,0.13312,2758.0,0.13291,248.0,0.13296,7764.0
1753593925962,05:25:25.962,blofin,AERGO/USDT:USDT,0.13317,4950.0,0.13312,2758.0,0.13291,248.0,0.13296,7764.0
1753593926038,05:25:26.038,blofin,AERGO/USDT:USDT,0.13317,4950.0,0.13312,2758.0,0.13291,248.0,0.13296,7764.0
1753593926882,05:25:26.882,blofin,AERGO/USDT:USDT,0.13317,4950.0,0.13312,2836.0,0.13291,248.0,0.13296,7764.0
1753593926963,05:25:26.963,blofin,AERGO/USDT:USDT,0.13317,4950.0,0.13312,2836.0,0.13291,248.0,0.13296,7764.0
1753593927881,05:25:27.881,blofin,AERGO/USDT:USDT,0.13317,4950.0,0.13312,2836.0,0.13291,248.0,0.13296,7764.0
1753593927965,05:25:27.965,blofin,AERGO/USDT:USDT,0.13317,4950.0,0.13312,2836.0,0.13291,248.0,0.13296,7764.0
1753593928965,05:25:28.965,blofin,AERGO/USDT:USDT,0.13317,4950.0,0.13312,2839.0,0.13291,248.0,0.13296,7764.0
1753594002015,05:26:42.015,blofin,AERGO/USDT:USDT,0.13317,4950.0,0.13312,2839.0,0.13291,248.0,0.13296,7764.0
1753594003016,05:26:43.016,blofin,AERGO/USDT:USDT,0.13317,4950.0,0.13312,2839.0,0.13291,248.0,0.13296,7764.0
1753594004015,05:26:44.015,blofin,AERGO/USDT:USDT,0.13317,4950.0,0.13312,2839.0,0.13291,248.0,0.13296,7764.0
1753594006019,05:26:46.019,blofin,AERGO/USDT:USDT,0.13317,4950.0,0.13312,2839.0,0.13291,248.0,0.13296,7764.0
1753594007018,05:26:47.018,blofin,AERGO/USDT:USDT,0.13317,4950.0,0.13312,2839.0,0.13291,248.0,0.13296,7764.0
1753594008019,05:26:48.019,blofin,AERGO/USDT:USDT,0.13317,4950.0,0.13312,2839.0,0.13291,248.0,0.13296,7764.0
1753594008384,05:26:48.384,blofin,AERGO/USDT:USDT,0.13317,4950.0,0.13312,2915.0,0.13291,248.0,0.13296,7764.0
1753594009020,05:26:49.020,blofin,AERGO/USDT:USDT,0.13317,4950.0,0.13314,653.0,0.13291,248.0,0.13296,7764.0
1753594009862,05:26:49.862,blofin,AERGO/USDT:USDT,0.13317,4950.0,0.13314,653.0,0.13291,248.0,0.13296,7764.0
1753594010019,05:26:50.019,blofin,AERGO/USDT:USDT,0.13317,4950.0,0.13314,653.0,0.13291,248.0,0.13296,7764.0
1753594011020,05:26:51.020,blofin,AERGO/USDT:USDT,0.13317,4950.0,0.13314,653.0,0.13291,248.0,0.13296,7764.0
1753594011946,05:26:51.946,blofin,AERGO/USDT:USDT,0.13317,4950.0,0.13314,836.0,0.13291,248.0,0.13296,7764.0
1753594012029,05:26:52.029,blofin,AERGO/USDT:USDT,0.13317,4950.0,0.13314,836.0,0.13291,248.0,0.13296,7764.0
1753594012947,05:26:52.947,blofin,AERGO/USDT:USDT,0.13317,4950.0,0.13314,810.0,0.13291,248.0,0.13296,7764.0
1753594013024,05:26:53.024,blofin,AERGO/USDT:USDT,0.13317,4950.0,0.13314,810.0,0.13291,248.0,0.13296,7764.0
1753594116100,05:28:36.100,blofin,AERGO/USDT:USDT,0.13316,1.0,0.13315,6083.0,0.13291,248.0,0.13296,7764.0
1753594117102,05:28:37.102,blofin,AERGO/USDT:USDT,0.13325,562.0,0.13316,1.0,0.13291,248.0,0.13296,7764.0
1753594118168,05:28:38.168,blofin,AERGO/USDT:USDT,0.13325,561.0,0.13316,1.0,0.13291,248.0,0.13296,7764.0
1753594119102,05:28:39.102,blofin,AERGO/USDT:USDT,0.13325,563.0,0.13316,1.0,0.13291,248.0,0.13296,7764.0
1753594120114,05:28:40.114,blofin,AERGO/USDT:USDT,0.13325,567.0,0.13314,8842.0,0.13291,248.0,0.13296,7764.0
1753594121166,05:28:41.166,blofin,AERGO/USDT:USDT,0.13327,559.0,0.13325,7.0,0.13291,248.0,0.13296,7764.0
1753594122103,05:28:42.103,blofin,AERGO/USDT:USDT,0.13327,117.0,0.13325,7.0,0.13291,248.0,0.13296,7764.0
1753594123029,05:28:43.029,blofin,AERGO/USDT:USDT,0.13327,117.0,0.13325,7.0,0.13291,248.0,0.13296,7764.0
1753594123166,05:28:43.166,blofin,AERGO/USDT:USDT,0.13325,124.0,0.13322,928.0,0.13291,248.0,0.13296,7764.0
1753594124033,05:28:44.033,blofin,AERGO/USDT:USDT,0.13328,46.0,0.13325,7.0,0.13291,248.0,0.13296,7764.0
1753594124383,05:28:44.383,blofin,AERGO/USDT:USDT,0.13328,3.0,0.13325,5.0,0.13291,248.0,0.13296,7764.0
1753594125105,05:28:45.105,blofin,AERGO/USDT:USDT,0.13325,5.0,0.13323,277.0,0.13291,248.0,0.13296,7764.0
1753594125467,05:28:45.467,blofin,AERGO/USDT:USDT,0.13325,5.0,0.13323,277.0,0.13291,248.0,0.13296,7764.0
1753594126107,05:28:46.107,blofin,AERGO/USDT:USDT,0.13325,5.0,0.13323,277.0,0.13291,248.0,0.13296,7764.0
1753594219624,05:30:19.624,blofin,AERGO/USDT:USDT,0.13325,5.0,0.13323,277.0,0.13291,248.0,0.13296,7764.0
1753594220117,05:30:20.117,blofin,AERGO/USDT:USDT,0.13325,5.0,0.13323,277.0,0.13291,248.0,0.13296,7764.0
1753594222170,05:30:22.170,blofin,AERGO/USDT:USDT,0.13325,5.0,0.13323,277.0,0.13291,248.0,0.13296,7764.0
1753594223171,05:30:23.171,blofin,AERGO/USDT:USDT,0.13325,5.0,0.13323,277.0,0.13291,248.0,0.13296,7764.0
1753594224117,05:30:24.117,blofin,AERGO/USDT:USDT,0.13325,5.0,0.13323,277.0,0.13291,248.0,0.13296,7764.0
1753594224325,05:30:24.325,blofin,AERGO/USDT:USDT,0.13325,5.0,0.13323,277.0,0.13291,248.0,0.13296,7764.0
1753594225173,05:30:25.173,blofin,AERGO/USDT:USDT,0.13325,5.0,0.13323,277.0,0.13291,248.0,0.13296,7764.0
1753594226175,05:30:26.175,blofin,AERGO/USDT:USDT,0.13325,5.0,0.13323,277.0,0.13291,248.0,0.13296,7764.0
1753594227173,05:30:27.173,blofin,AERGO/USDT:USDT,0.13325,5.0,0.13323,277.0,0.13291,248.0,0.13296,7764.0
1753594228177,05:30:28.177,blofin,AERGO/USDT:USDT,0.13325,5.0,0.13323,277.0,0.13291,248.0,0.13296,7764.0
1753594313239,05:31:53.239,blofin,AERGO/USDT:USDT,0.13325,5.0,0.13323,277.0,0.13291,248.0,0.13296,7764.0
1753594314243,05:31:54.243,blofin,AERGO/USDT:USDT,0.13325,5.0,0.13323,277.0,0.13291,248.0,0.13296,7764.0
1753594315242,05:31:55.242,blofin,AERGO/USDT:USDT,0.13325,5.0,0.13323,277.0,0.13291,248.0,0.13296,7764.0
1753594316244,05:31:56.244,blofin,AERGO/USDT:USDT,0.13325,5.0,0.13323,277.0,0.13291,248.0,0.13296,7764.0
1753594317244,05:31:57.244,blofin,AERGO/USDT:USDT,0.13325,5.0,0.13323,277.0,0.13291,248.0,0.13296,7764.0
1753594319249,05:31:59.249,blofin,AERGO/USDT:USDT,0.13325,5.0,0.13323,277.0,0.13291,248.0,0.13296,7764.0
1753594319310,05:31:59.310,blofin,AERGO/USDT:USDT,0.13325,5.0,0.13323,277.0,0.13291,248.0,0.13296,7764.0
1753594320246,05:32:00.246,blofin,AERGO/USDT:USDT,0.13325,5.0,0.13323,277.0,0.13291,248.0,0.13296,7764.0
1753594320383,05:32:00.383,blofin,AERGO/USDT:USDT,0.13325,5.0,0.13323,277.0,0.13291,248.0,0.13296,7764.0
1753594321248,05:32:01.248,blofin,AERGO/USDT:USDT,0.13325,5.0,0.13323,277.0,0.13291,248.0,0.13296,7764.0
1753594401294,05:33:21.294,blofin,AERGO/USDT:USDT,0.13325,5.0,0.13323,277.0,0.13291,248.0,0.13296,7764.0
1753594403297,05:33:23.297,blofin,AERGO/USDT:USDT,0.13325,5.0,0.13323,277.0,0.13291,248.0,0.13296,7764.0
1753594404296,05:33:24.296,blofin,AERGO/USDT:USDT,0.13325,5.0,0.13323,277.0,0.13291,248.0,0.13296,7764.0
1753594405297,05:33:25.297,blofin,AERGO/USDT:USDT,0.13325,5.0,0.13323,277.0,0.13291,248.0,0.13296,7764.0
1753594406323,05:33:26.323,blofin,AERGO/USDT:USDT,0.13325,5.0,0.13323,277.0,0.13291,248.0,0.13296,7764.0
