timestamp,time,symbol,bid1_price,bid1_volume,bid2_price,bid2_volume,ask1_price,ask1_volume,ask2_price,ask2_volume
1753546961000,16:22:41.000,AEVO/USDT:USDT,0.10726,170.0,0.10725,46.0,0.10728,1873.0,0.10731,165.0
1753546961366,16:22:41.366,AEVO/USDT:USDT,0.10726,170.0,0.10725,46.0,0.10728,1873.0,0.1073,86.0
1753546961586,16:22:41.586,AEVO/USDT:USDT,0.10726,170.0,0.10725,46.0,0.10728,1873.0,0.10731,165.0
1753546961746,16:22:41.746,AEVO/USDT:USDT,0.10725,216.0,0.10724,1880.0,0.10728,1873.0,0.10729,86.0
1753546961805,16:22:41.805,AEVO/USDT:USDT,0.10725,216.0,0.10724,1880.0,0.10728,1873.0,0.10729,86.0
1753546961873,16:22:41.873,AEVO/USDT:USDT,0.10726,170.0,0.10725,46.0,0.10728,1873.0,0.10729,86.0
1753546962003,16:22:42.003,AEVO/USDT:USDT,0.10726,170.0,0.10725,46.0,0.10728,1873.0,0.10729,86.0
1753546962329,16:22:42.329,AEVO/USDT:USDT,0.10726,170.0,0.10725,46.0,0.10728,1873.0,0.10729,86.0
1753546962394,16:22:42.394,AEVO/USDT:USDT,0.10723,165.0,0.10715,46.0,0.10728,1873.0,0.10729,86.0
1753546962855,16:22:42.855,AEVO/USDT:USDT,0.10723,165.0,0.10715,46.0,0.10728,1873.0,0.10729,86.0
1753546963826,16:22:43.826,AEVO/USDT:USDT,0.10723,165.0,0.10722,86.0,0.10728,1873.0,0.10731,165.0
1753546965244,16:22:45.244,AEVO/USDT:USDT,0.10726,170.0,0.10725,49.0,0.10733,170.0,0.10736,188.0
1753546965272,16:22:45.272,AEVO/USDT:USDT,0.10727,170.0,0.10726,48.0,0.10733,170.0,0.10736,188.0
1753546965406,16:22:45.406,AEVO/USDT:USDT,0.10727,170.0,0.10725,95.0,0.10732,170.0,0.10733,129.0
1753546965725,16:22:45.725,AEVO/USDT:USDT,0.10727,170.0,0.10725,95.0,0.10732,170.0,0.10733,129.0
1753546965853,16:22:45.853,AEVO/USDT:USDT,0.10727,170.0,0.10725,95.0,0.10732,170.0,0.10733,129.0
1753546966310,16:22:46.310,AEVO/USDT:USDT,0.10727,170.0,0.10725,95.0,0.10732,170.0,0.10733,129.0
1753546966534,16:22:46.534,AEVO/USDT:USDT,0.10727,170.0,0.10725,95.0,0.10732,170.0,0.10733,129.0
1753546968626,16:22:48.626,AEVO/USDT:USDT,0.10727,170.0,0.10725,95.0,0.10732,170.0,0.10733,129.0
1753546968821,16:22:48.821,AEVO/USDT:USDT,0.10727,170.0,0.10726,86.0,0.10732,170.0,0.10733,129.0
1753546969646,16:22:49.646,AEVO/USDT:USDT,0.10727,170.0,0.10725,95.0,0.10732,170.0,0.10733,129.0
1753546970238,16:22:50.238,AEVO/USDT:USDT,0.10726,168.0,0.10725,180.0,0.1073,168.0,0.10731,43.0
1753546970452,16:22:50.452,AEVO/USDT:USDT,0.10726,168.0,0.10725,180.0,0.1073,168.0,0.10731,43.0
1753546970863,16:22:50.863,AEVO/USDT:USDT,0.10726,168.0,0.10725,180.0,0.1073,168.0,0.10731,43.0
1753546970889,16:22:50.889,AEVO/USDT:USDT,0.10726,168.0,0.10725,180.0,0.1073,168.0,0.10731,129.0
1753546971141,16:22:51.141,AEVO/USDT:USDT,0.10726,168.0,0.10725,180.0,0.1073,168.0,0.10731,297.0
1753546971294,16:22:51.294,AEVO/USDT:USDT,0.10726,168.0,0.10725,180.0,0.1073,168.0,0.10731,129.0
1753546971552,16:22:51.552,AEVO/USDT:USDT,0.10726,168.0,0.10725,180.0,0.10731,211.0,0.10732,96.0
1753546971567,16:22:51.567,AEVO/USDT:USDT,0.10726,168.0,0.10725,180.0,0.1073,168.0,0.10731,43.0
1753546971692,16:22:51.692,AEVO/USDT:USDT,0.10726,168.0,0.10725,180.0,0.1073,168.0,0.10731,43.0
1753546971858,16:22:51.858,AEVO/USDT:USDT,0.10726,168.0,0.10725,180.0,0.1073,168.0,0.10731,43.0
1753546972050,16:22:52.050,AEVO/USDT:USDT,0.10726,168.0,0.10725,180.0,0.10731,211.0,0.10732,182.0
1753546972393,16:22:52.393,AEVO/USDT:USDT,0.10726,168.0,0.10725,180.0,0.10734,170.0,0.10736,188.0
1753546972512,16:22:52.512,AEVO/USDT:USDT,0.10726,168.0,0.10725,180.0,0.10734,170.0,0.10736,188.0
1753546972993,16:22:52.993,AEVO/USDT:USDT,0.10726,168.0,0.10725,180.0,0.10734,170.0,0.10736,188.0
1753546973202,16:22:53.202,AEVO/USDT:USDT,0.10726,168.0,0.10725,180.0,0.10734,170.0,0.10736,188.0
1753546973339,16:22:53.339,AEVO/USDT:USDT,0.10726,168.0,0.10725,180.0,0.10734,170.0,0.10736,188.0
1753546973426,16:22:53.426,AEVO/USDT:USDT,0.10726,168.0,0.10725,180.0,0.10734,170.0,0.10736,188.0
1753546974797,16:22:54.797,AEVO/USDT:USDT,0.10726,168.0,0.10725,180.0,0.10734,170.0,0.10736,188.0
1753546975979,16:22:55.979,AEVO/USDT:USDT,0.10726,168.0,0.10725,180.0,0.10734,170.0,0.10736,188.0
1753546977771,16:22:57.771,AEVO/USDT:USDT,0.10726,168.0,0.10725,180.0,0.10734,170.0,0.10736,188.0
1753546978125,16:22:58.125,AEVO/USDT:USDT,0.10726,168.0,0.10725,180.0,0.10734,170.0,0.10736,188.0
1753546978245,16:22:58.245,AEVO/USDT:USDT,0.10726,168.0,0.10725,180.0,0.10734,170.0,0.10736,188.0
1753546978654,16:22:58.654,AEVO/USDT:USDT,0.10726,168.0,0.10725,180.0,0.10734,170.0,0.10736,188.0
1753546978682,16:22:58.682,AEVO/USDT:USDT,0.10726,168.0,0.10725,180.0,0.10734,170.0,0.10736,188.0
1753546978869,16:22:58.869,AEVO/USDT:USDT,0.10726,168.0,0.10725,180.0,0.10734,170.0,0.10736,188.0
1753546979003,16:22:59.003,AEVO/USDT:USDT,0.10726,168.0,0.10725,180.0,0.10734,170.0,0.10736,188.0
1753546979139,16:22:59.139,AEVO/USDT:USDT,0.10726,168.0,0.10725,180.0,0.10734,170.0,0.10736,188.0
1753546980789,16:23:00.789,AEVO/USDT:USDT,0.10726,168.0,0.10725,180.0,0.10734,170.0,0.10736,188.0
1753546981041,16:23:01.041,AEVO/USDT:USDT,0.10726,168.0,0.10725,180.0,0.10734,170.0,0.10736,188.0
1753546981442,16:23:01.442,AEVO/USDT:USDT,0.10726,168.0,0.10725,180.0,0.10734,170.0,0.10736,188.0
1753546981646,16:23:01.646,AEVO/USDT:USDT,0.10726,168.0,0.10725,180.0,0.10734,170.0,0.10736,188.0
1753546981862,16:23:01.862,AEVO/USDT:USDT,0.10726,168.0,0.10725,180.0,0.10734,170.0,0.10736,188.0
1753546981904,16:23:01.904,AEVO/USDT:USDT,0.10726,168.0,0.10725,180.0,0.10734,170.0,0.10736,188.0
1753546982045,16:23:02.045,AEVO/USDT:USDT,0.10726,168.0,0.10725,94.0,0.10734,170.0,0.10736,188.0
1753546982153,16:23:02.153,AEVO/USDT:USDT,0.10726,169.0,0.10725,46.0,0.10734,214.0,0.10736,188.0
1753546982206,16:23:02.206,AEVO/USDT:USDT,0.10726,169.0,0.10725,21.0,0.10733,169.0,0.10734,44.0
1753546982338,16:23:02.338,AEVO/USDT:USDT,0.10726,169.0,0.10717,546.0,0.10732,169.0,0.10733,44.0
1753546982366,16:23:02.366,AEVO/USDT:USDT,0.10726,169.0,0.10717,546.0,0.10732,169.0,0.10733,44.0
1753546982478,16:23:02.478,AEVO/USDT:USDT,0.10726,169.0,0.10717,546.0,0.10732,169.0,0.10733,44.0
1753546982701,16:23:02.701,AEVO/USDT:USDT,0.10726,169.0,0.10717,546.0,0.10732,169.0,0.10733,44.0
1753546982882,16:23:02.882,AEVO/USDT:USDT,0.10726,169.0,0.10717,546.0,0.10733,213.0,0.10734,44.0
1753546983033,16:23:03.033,AEVO/USDT:USDT,0.10726,169.0,0.10717,546.0,0.10733,44.0,0.10734,44.0
1753546983118,16:23:03.118,AEVO/USDT:USDT,0.10726,169.0,0.10717,546.0,0.10733,44.0,0.10734,44.0
1753546983236,16:23:03.236,AEVO/USDT:USDT,0.10726,169.0,0.10717,546.0,0.10733,44.0,0.10734,44.0
1753546983352,16:23:03.352,AEVO/USDT:USDT,0.10726,169.0,0.10717,546.0,0.10733,213.0,0.10734,44.0
1753546983425,16:23:03.425,AEVO/USDT:USDT,0.10726,169.0,0.10717,546.0,0.10733,44.0,0.10734,44.0
1753546983614,16:23:03.614,AEVO/USDT:USDT,0.10726,169.0,0.10717,546.0,0.10732,169.0,0.10733,44.0
1753546984229,16:23:04.229,AEVO/USDT:USDT,0.10726,169.0,0.10717,546.0,0.10732,169.0,0.10733,44.0
1753546984484,16:23:04.484,AEVO/USDT:USDT,0.10726,169.0,0.10717,546.0,0.10732,169.0,0.10733,44.0
1753546984603,16:23:04.603,AEVO/USDT:USDT,0.10726,169.0,0.10717,546.0,0.10732,169.0,0.10733,44.0
1753546984694,16:23:04.694,AEVO/USDT:USDT,0.10726,169.0,0.10717,546.0,0.10732,169.0,0.10733,44.0
1753546985955,16:23:05.955,AEVO/USDT:USDT,0.10726,169.0,0.10717,546.0,0.10732,169.0,0.10733,44.0
1753546986048,16:23:06.048,AEVO/USDT:USDT,0.10726,169.0,0.10717,546.0,0.10732,169.0,0.10733,44.0
1753546986146,16:23:06.146,AEVO/USDT:USDT,0.10726,169.0,0.10717,546.0,0.10733,213.0,0.10734,44.0
1753546986306,16:23:06.306,AEVO/USDT:USDT,0.10727,169.0,0.10726,49.0,0.10733,44.0,0.10734,44.0
1753546986368,16:23:06.368,AEVO/USDT:USDT,0.10727,169.0,0.10726,49.0,0.10733,44.0,0.10734,44.0
1753546986495,16:23:06.495,AEVO/USDT:USDT,0.10727,169.0,0.10726,49.0,0.10733,44.0,0.10734,44.0
1753546986592,16:23:06.592,AEVO/USDT:USDT,0.10727,169.0,0.10726,49.0,0.10733,44.0,0.10734,44.0
1753546986728,16:23:06.728,AEVO/USDT:USDT,0.10727,169.0,0.10726,49.0,0.10735,357.0,0.10737,170.0
1753546986858,16:23:06.858,AEVO/USDT:USDT,0.10727,169.0,0.10726,49.0,0.10735,188.0,0.10737,170.0
1753546986945,16:23:06.945,AEVO/USDT:USDT,0.10727,169.0,0.10726,49.0,0.10735,188.0,0.10737,170.0
1753546987052,16:23:07.052,AEVO/USDT:USDT,0.10727,169.0,0.10726,49.0,0.10735,188.0,0.10737,170.0
1753546987073,16:23:07.073,AEVO/USDT:USDT,0.10727,169.0,0.10726,49.0,0.10735,188.0,0.10737,170.0
1753546987231,16:23:07.231,AEVO/USDT:USDT,0.10727,169.0,0.10726,49.0,0.10735,188.0,0.10737,170.0
1753546987651,16:23:07.651,AEVO/USDT:USDT,0.10731,169.0,0.1073,2116.0,0.10739,2052.0,0.10741,169.0
1753546987745,16:23:07.745,AEVO/USDT:USDT,0.10732,169.0,0.10731,46.0,0.10738,169.0,0.10739,2138.0
1753546987845,16:23:07.845,AEVO/USDT:USDT,0.10732,169.0,0.10729,97.0,0.10738,169.0,0.10739,2138.0
1753546987864,16:23:07.864,AEVO/USDT:USDT,0.10732,169.0,0.10729,97.0,0.10738,169.0,0.10739,2138.0
1753546988020,16:23:08.020,AEVO/USDT:USDT,0.10732,169.0,0.10729,97.0,0.10738,169.0,0.10739,2138.0
1753546988146,16:23:08.146,AEVO/USDT:USDT,0.10727,169.0,0.10723,46.0,0.10738,169.0,0.10739,2138.0
1753546988235,16:23:08.235,AEVO/USDT:USDT,0.10727,169.0,0.10723,46.0,0.10738,169.0,0.10739,2138.0
1753546988345,16:23:08.345,AEVO/USDT:USDT,0.10727,169.0,0.10723,46.0,0.10738,169.0,0.10739,274.0
1753546988431,16:23:08.431,AEVO/USDT:USDT,0.10727,169.0,0.10723,46.0,0.10738,169.0,0.10739,274.0
1753546988559,16:23:08.559,AEVO/USDT:USDT,0.10727,169.0,0.10723,546.0,0.10738,169.0,0.10739,274.0
1753546988771,16:23:08.771,AEVO/USDT:USDT,0.10727,169.0,0.10723,546.0,0.10738,169.0,0.10739,274.0
1753546989547,16:23:09.547,AEVO/USDT:USDT,0.10727,169.0,0.10723,546.0,0.10738,169.0,0.10739,274.0
1753546989656,16:23:09.656,AEVO/USDT:USDT,0.10727,169.0,0.10723,546.0,0.10738,169.0,0.10739,274.0
1753546990047,16:23:10.047,AEVO/USDT:USDT,0.10728,169.0,0.10727,97.0,0.10736,169.0,0.10737,44.0
1753546990137,16:23:10.137,AEVO/USDT:USDT,0.10728,169.0,0.10727,97.0,0.10736,169.0,0.10737,44.0
1753546990862,16:23:10.862,AEVO/USDT:USDT,0.10728,169.0,0.10727,97.0,0.10737,166.0,0.10738,1872.0
1753546990960,16:23:10.960,AEVO/USDT:USDT,0.10729,1880.0,0.10728,169.0,0.10738,1872.0,0.10739,188.0
1753546991061,16:23:11.061,AEVO/USDT:USDT,0.10731,166.0,0.1073,143.0,0.10738,1872.0,0.10739,188.0
1753546991148,16:23:11.148,AEVO/USDT:USDT,0.10731,166.0,0.1073,143.0,0.10738,1872.0,0.10739,188.0
1753546991525,16:23:11.525,AEVO/USDT:USDT,0.10731,166.0,0.1073,143.0,0.10739,188.0,0.10741,169.0
1753546991751,16:23:11.751,AEVO/USDT:USDT,0.10731,166.0,0.1073,143.0,0.10739,188.0,0.10741,169.0
1753546991867,16:23:11.867,AEVO/USDT:USDT,0.10731,166.0,0.1073,143.0,0.10739,188.0,0.10741,169.0
1753546992020,16:23:12.020,AEVO/USDT:USDT,0.10731,166.0,0.1073,143.0,0.10739,188.0,0.10741,169.0
1753546992251,16:23:12.251,AEVO/USDT:USDT,0.10731,166.0,0.1073,143.0,0.10739,188.0,0.10741,169.0
1753546992412,16:23:12.412,AEVO/USDT:USDT,0.10731,166.0,0.1073,143.0,0.10739,188.0,0.10741,169.0
1753546992513,16:23:12.513,AEVO/USDT:USDT,0.10731,166.0,0.1073,143.0,0.10739,188.0,0.10741,169.0
1753546992626,16:23:12.626,AEVO/USDT:USDT,0.10731,166.0,0.1073,143.0,0.10739,188.0,0.10741,169.0
1753546992678,16:23:12.678,AEVO/USDT:USDT,0.10731,166.0,0.1073,143.0,0.10739,188.0,0.10741,169.0
1753546994046,16:23:14.046,AEVO/USDT:USDT,0.10734,166.0,0.10733,2213.0,0.10739,188.0,0.10741,169.0
1753546994124,16:23:14.124,AEVO/USDT:USDT,0.10734,166.0,0.10733,2213.0,0.10739,188.0,0.10741,169.0
1753546994263,16:23:14.263,AEVO/USDT:USDT,0.10734,166.0,0.10733,2213.0,0.10739,188.0,0.10741,169.0
1753546994358,16:23:14.358,AEVO/USDT:USDT,0.10734,212.0,0.10733,2213.0,0.10739,188.0,0.10741,169.0
1753546994385,16:23:14.385,AEVO/USDT:USDT,0.10735,166.0,0.10734,46.0,0.10739,188.0,0.10741,169.0
1753546994625,16:23:14.625,AEVO/USDT:USDT,0.10735,166.0,0.10734,46.0,0.10739,188.0,0.10741,169.0
1753546994669,16:23:14.669,AEVO/USDT:USDT,0.10735,166.0,0.10733,97.0,0.10739,188.0,0.10741,169.0
1753546994842,16:23:14.842,AEVO/USDT:USDT,0.10735,166.0,0.10733,97.0,0.10739,188.0,0.1074,1872.0
1753546995012,16:23:15.012,AEVO/USDT:USDT,0.10735,166.0,0.10733,97.0,0.10739,188.0,0.1074,1872.0
1753546996389,16:23:16.389,AEVO/USDT:USDT,0.10735,166.0,0.10733,97.0,0.10739,188.0,0.1074,1872.0
1753546996553,16:23:16.553,AEVO/USDT:USDT,0.10734,166.0,0.10731,166.0,0.10737,166.0,0.10738,44.0
1753546996567,16:23:16.567,AEVO/USDT:USDT,0.10734,166.0,0.10731,166.0,0.10737,166.0,0.10738,44.0
1753546996707,16:23:16.707,AEVO/USDT:USDT,0.10732,166.0,0.10731,48.0,0.10738,166.0,0.10739,188.0
1753546996831,16:23:16.831,AEVO/USDT:USDT,0.10732,166.0,0.10731,134.0,0.10739,188.0,0.1074,1958.0
1753546997100,16:23:17.100,AEVO/USDT:USDT,0.10732,166.0,0.10731,134.0,0.10739,188.0,0.1074,1872.0
1753546997199,16:23:17.199,AEVO/USDT:USDT,0.10732,166.0,0.10731,134.0,0.10739,188.0,0.1074,1872.0
1753546997426,16:23:17.426,AEVO/USDT:USDT,0.10732,166.0,0.10731,134.0,0.10739,188.0,0.1074,1872.0
1753546997467,16:23:17.467,AEVO/USDT:USDT,0.10732,166.0,0.10731,134.0,0.10739,188.0,0.1074,1872.0
1753546998645,16:23:18.645,AEVO/USDT:USDT,0.10732,166.0,0.10731,134.0,0.1074,2060.0,0.10741,166.0
1753546998674,16:23:18.674,AEVO/USDT:USDT,0.10732,166.0,0.10731,134.0,0.10739,166.0,0.1074,2060.0
1753546998823,16:23:18.823,AEVO/USDT:USDT,0.10732,166.0,0.10731,134.0,0.10739,166.0,0.1074,188.0
1753546998940,16:23:18.940,AEVO/USDT:USDT,0.10732,166.0,0.10731,134.0,0.1074,188.0,0.10741,166.0
1753546999939,16:23:19.939,AEVO/USDT:USDT,0.10732,166.0,0.10731,134.0,0.10739,166.0,0.1074,188.0
1753547000027,16:23:20.027,AEVO/USDT:USDT,0.10732,166.0,0.10731,134.0,0.1074,188.0,0.10741,166.0
1753547000268,16:23:20.268,AEVO/USDT:USDT,0.10732,166.0,0.10731,134.0,0.1074,188.0,0.10741,166.0
1753547000424,16:23:20.424,AEVO/USDT:USDT,0.10732,166.0,0.10731,134.0,0.1074,188.0,0.10741,166.0
1753547000645,16:23:20.645,AEVO/USDT:USDT,0.10732,166.0,0.10731,134.0,0.1074,188.0,0.10741,166.0
1753547000850,16:23:20.850,AEVO/USDT:USDT,0.10732,166.0,0.10731,134.0,0.1074,188.0,0.10741,166.0
1753547000978,16:23:20.978,AEVO/USDT:USDT,0.10732,166.0,0.10731,134.0,0.1074,188.0,0.10741,166.0
1753547001296,16:23:21.296,AEVO/USDT:USDT,0.10732,166.0,0.10731,134.0,0.10739,169.0,0.1074,188.0
1753547001413,16:23:21.413,AEVO/USDT:USDT,0.10732,166.0,0.10731,134.0,0.10739,169.0,0.1074,188.0
1753547001557,16:23:21.557,AEVO/USDT:USDT,0.10732,166.0,0.10731,134.0,0.1074,188.0,0.10741,166.0
1753547001801,16:23:21.801,AEVO/USDT:USDT,0.10732,166.0,0.10731,134.0,0.10739,169.0,0.1074,188.0
1753547001917,16:23:21.917,AEVO/USDT:USDT,0.10732,166.0,0.10731,134.0,0.1074,188.0,0.10741,166.0
1753547002050,16:23:22.050,AEVO/USDT:USDT,0.10732,166.0,0.10731,134.0,0.1074,188.0,0.10741,166.0
1753547002134,16:23:22.134,AEVO/USDT:USDT,0.10732,166.0,0.10731,134.0,0.1074,188.0,0.10741,166.0
1753547002226,16:23:22.226,AEVO/USDT:USDT,0.10732,166.0,0.10731,134.0,0.10739,169.0,0.1074,188.0
1753547002336,16:23:22.336,AEVO/USDT:USDT,0.10732,166.0,0.10731,134.0,0.10739,169.0,0.1074,188.0
1753547002540,16:23:22.540,AEVO/USDT:USDT,0.10732,166.0,0.10731,134.0,0.10739,169.0,0.1074,188.0
1753547002954,16:23:22.954,AEVO/USDT:USDT,0.10732,166.0,0.10731,134.0,0.10739,169.0,0.1074,188.0
1753547003316,16:23:23.316,AEVO/USDT:USDT,0.10732,166.0,0.10731,134.0,0.1074,188.0,0.10741,166.0
1753547003388,16:23:23.388,AEVO/USDT:USDT,0.10732,166.0,0.10731,134.0,0.1074,188.0,0.10742,169.0
1753547003699,16:23:23.699,AEVO/USDT:USDT,0.10732,166.0,0.10731,134.0,0.1074,188.0,0.10742,169.0
1753547003804,16:23:23.804,AEVO/USDT:USDT,0.10732,166.0,0.10731,134.0,0.1074,188.0,0.10742,169.0
1753547005015,16:23:25.015,AEVO/USDT:USDT,0.10732,166.0,0.10731,134.0,0.1074,188.0,0.10742,169.0
1753547005567,16:23:25.567,AEVO/USDT:USDT,0.10732,166.0,0.10731,134.0,0.10739,169.0,0.1074,188.0
1753547005834,16:23:25.834,AEVO/USDT:USDT,0.10732,166.0,0.10731,134.0,0.10739,169.0,0.1074,188.0
1753547006035,16:23:26.035,AEVO/USDT:USDT,0.10732,166.0,0.10731,134.0,0.1074,188.0,0.10742,169.0
1753547006273,16:23:26.273,AEVO/USDT:USDT,0.10732,166.0,0.10731,134.0,0.1074,188.0,0.10742,169.0
1753547007026,16:23:27.026,AEVO/USDT:USDT,0.10732,166.0,0.10731,134.0,0.1074,188.0,0.10742,169.0
1753547007132,16:23:27.132,AEVO/USDT:USDT,0.10732,166.0,0.10731,134.0,0.1074,188.0,0.10742,169.0
1753547009257,16:23:29.257,AEVO/USDT:USDT,0.10732,166.0,0.10731,134.0,0.10739,169.0,0.10741,188.0
1753547009506,16:23:29.506,AEVO/USDT:USDT,0.10732,166.0,0.10731,134.0,0.10738,169.0,0.10739,44.0
1753547009924,16:23:29.924,AEVO/USDT:USDT,0.10732,166.0,0.10731,134.0,0.10738,169.0,0.10739,44.0
1753547010051,16:23:30.051,AEVO/USDT:USDT,0.10732,166.0,0.10731,134.0,0.10739,213.0,0.10741,188.0
1753547010340,16:23:30.340,AEVO/USDT:USDT,0.10732,166.0,0.10731,134.0,0.10739,44.0,0.1074,173.0
1753547010460,16:23:30.460,AEVO/USDT:USDT,0.10732,166.0,0.10731,134.0,0.10738,173.0,0.10739,44.0
1753547010572,16:23:30.572,AEVO/USDT:USDT,0.10732,166.0,0.10731,134.0,0.10738,173.0,0.10739,44.0
1753547010754,16:23:30.754,AEVO/USDT:USDT,0.10732,166.0,0.10731,134.0,0.10738,173.0,0.10739,44.0
1753547010842,16:23:30.842,AEVO/USDT:USDT,0.10732,166.0,0.10731,134.0,0.10739,217.0,0.10741,188.0
1753547010917,16:23:30.917,AEVO/USDT:USDT,0.10732,166.0,0.10731,134.0,0.10739,217.0,0.10741,188.0
1753547011023,16:23:31.023,AEVO/USDT:USDT,0.10732,166.0,0.10731,134.0,0.10739,217.0,0.10741,188.0
1753547011091,16:23:31.091,AEVO/USDT:USDT,0.10732,166.0,0.10731,134.0,0.10738,173.0,0.10739,44.0
1753547011169,16:23:31.169,AEVO/USDT:USDT,0.10732,166.0,0.10731,134.0,0.10738,173.0,0.10739,44.0
1753547011440,16:23:31.440,AEVO/USDT:USDT,0.10732,166.0,0.10731,134.0,0.10738,173.0,0.10739,44.0
1753547011504,16:23:31.504,AEVO/USDT:USDT,0.10732,166.0,0.10731,134.0,0.10739,44.0,0.1074,173.0
1753547011593,16:23:31.593,AEVO/USDT:USDT,0.10732,166.0,0.10731,134.0,0.10739,217.0,0.10741,188.0
1753547011827,16:23:31.827,AEVO/USDT:USDT,0.10732,166.0,0.10731,134.0,0.10739,217.0,0.10741,188.0
1753547012308,16:23:32.308,AEVO/USDT:USDT,0.10732,166.0,0.10731,134.0,0.10739,44.0,0.1074,173.0
1753547012443,16:23:32.443,AEVO/USDT:USDT,0.10732,166.0,0.10731,134.0,0.10739,217.0,0.10741,188.0
1753547012482,16:23:32.482,AEVO/USDT:USDT,0.10732,166.0,0.10731,134.0,0.10738,173.0,0.10739,44.0
1753547012788,16:23:32.788,AEVO/USDT:USDT,0.10732,166.0,0.10731,134.0,0.10738,173.0,0.10739,44.0
1753547013143,16:23:33.143,AEVO/USDT:USDT,0.10732,166.0,0.10731,134.0,0.10738,173.0,0.10739,130.0
1753547013528,16:23:33.528,AEVO/USDT:USDT,0.10732,166.0,0.10731,134.0,0.10738,173.0,0.10739,130.0
1753547014082,16:23:34.082,AEVO/USDT:USDT,0.10732,166.0,0.10731,134.0,0.10738,173.0,0.10739,130.0
1753547014835,16:23:34.835,AEVO/USDT:USDT,0.10732,166.0,0.10731,134.0,0.10738,173.0,0.10739,130.0
1753547015158,16:23:35.158,AEVO/USDT:USDT,0.10732,166.0,0.10731,134.0,0.10738,173.0,0.10739,130.0
1753547015349,16:23:35.349,AEVO/USDT:USDT,0.10732,166.0,0.10731,134.0,0.10738,173.0,0.10739,130.0
1753547015620,16:23:35.620,AEVO/USDT:USDT,0.10732,166.0,0.10731,134.0,0.10738,173.0,0.10739,130.0
1753547016053,16:23:36.053,AEVO/USDT:USDT,0.10732,166.0,0.10731,134.0,0.10738,173.0,0.10739,130.0
1753547016132,16:23:36.132,AEVO/USDT:USDT,0.10732,166.0,0.10731,134.0,0.10738,173.0,0.10739,130.0
1753547016246,16:23:36.246,AEVO/USDT:USDT,0.10732,166.0,0.10731,134.0,0.10738,173.0,0.10739,130.0
1753547016551,16:23:36.551,AEVO/USDT:USDT,0.10732,166.0,0.10731,134.0,0.10738,173.0,0.10739,130.0
1753547016626,16:23:36.626,AEVO/USDT:USDT,0.10732,166.0,0.10731,134.0,0.10738,173.0,0.10739,130.0
1753547016868,16:23:36.868,AEVO/USDT:USDT,0.10732,166.0,0.10731,134.0,0.10738,173.0,0.10739,130.0
1753547017130,16:23:37.130,AEVO/USDT:USDT,0.10732,166.0,0.10731,134.0,0.10738,173.0,0.10739,130.0
1753547017243,16:23:37.243,AEVO/USDT:USDT,0.10732,166.0,0.10731,134.0,0.10739,130.0,0.1074,173.0
1753547017347,16:23:37.347,AEVO/USDT:USDT,0.10732,166.0,0.10731,134.0,0.1074,173.0,0.10741,188.0
1753547017454,16:23:37.454,AEVO/USDT:USDT,0.10732,166.0,0.10731,134.0,0.1074,173.0,0.10741,188.0
1753547017816,16:23:37.816,AEVO/USDT:USDT,0.10732,166.0,0.10731,134.0,0.10741,188.0,0.10742,2041.0
1753547017916,16:23:37.916,AEVO/USDT:USDT,0.10732,166.0,0.10731,134.0,0.1074,173.0,0.10741,188.0
1753547018007,16:23:38.007,AEVO/USDT:USDT,0.10732,166.0,0.10731,134.0,0.1074,173.0,0.10741,188.0
1753547020022,16:23:40.022,AEVO/USDT:USDT,0.10732,166.0,0.10731,134.0,0.10741,188.0,0.10742,2041.0
1753547020083,16:23:40.083,AEVO/USDT:USDT,0.10732,166.0,0.10731,134.0,0.10741,188.0,0.10742,2041.0
1753547020369,16:23:40.369,AEVO/USDT:USDT,0.10732,166.0,0.10731,134.0,0.10741,188.0,0.10742,2041.0
1753547020621,16:23:40.621,AEVO/USDT:USDT,0.10732,166.0,0.10731,134.0,0.10741,188.0,0.10742,2041.0
1753547020926,16:23:40.926,AEVO/USDT:USDT,0.10732,166.0,0.10731,134.0,0.10741,188.0,0.10742,2041.0
1753547021446,16:23:41.446,AEVO/USDT:USDT,0.10732,166.0,0.10731,134.0,0.10741,188.0,0.10742,2041.0
1753547021488,16:23:41.488,AEVO/USDT:USDT,0.10732,166.0,0.10731,134.0,0.10741,188.0,0.10742,2041.0
1753547021741,16:23:41.741,AEVO/USDT:USDT,0.10732,166.0,0.10731,134.0,0.10741,188.0,0.10742,2041.0
1753547021827,16:23:41.827,AEVO/USDT:USDT,0.10732,166.0,0.10731,134.0,0.1074,173.0,0.10741,188.0
1753547021948,16:23:41.948,AEVO/USDT:USDT,0.10732,166.0,0.10731,134.0,0.1074,173.0,0.10741,188.0
1753547022154,16:23:42.154,AEVO/USDT:USDT,0.10732,166.0,0.10731,134.0,0.1074,173.0,0.10741,188.0
1753547022323,16:23:42.323,AEVO/USDT:USDT,0.10732,166.0,0.10731,134.0,0.10741,188.0,0.10742,2041.0
1753547022567,16:23:42.567,AEVO/USDT:USDT,0.10732,166.0,0.10731,134.0,0.10741,188.0,0.10742,2041.0
1753547023039,16:23:43.039,AEVO/USDT:USDT,0.10732,166.0,0.10731,134.0,0.10741,188.0,0.10742,1872.0
1753547023128,16:23:43.128,AEVO/USDT:USDT,0.10732,166.0,0.10731,134.0,0.10741,188.0,0.10742,1872.0
1753547024180,16:23:44.180,AEVO/USDT:USDT,0.10732,166.0,0.10731,134.0,0.10741,188.0,0.10742,1872.0
1753547024846,16:23:44.846,AEVO/USDT:USDT,0.10733,173.0,0.10731,134.0,0.10739,173.0,0.1074,44.0
1753547024911,16:23:44.911,AEVO/USDT:USDT,0.10733,173.0,0.10731,134.0,0.1074,44.0,0.10741,361.0
1753547025047,16:23:45.047,AEVO/USDT:USDT,0.10733,173.0,0.10731,134.0,0.1074,217.0,0.10741,188.0
1753547025316,16:23:45.316,AEVO/USDT:USDT,0.10733,173.0,0.10731,134.0,0.1074,44.0,0.10741,188.0
1753547025390,16:23:45.390,AEVO/USDT:USDT,0.10733,173.0,0.10731,134.0,0.1074,44.0,0.10741,188.0
1753547026048,16:23:46.048,AEVO/USDT:USDT,0.10733,173.0,0.10731,134.0,0.1074,44.0,0.10741,188.0
1753547026227,16:23:46.227,AEVO/USDT:USDT,0.10733,173.0,0.10731,134.0,0.1074,44.0,0.10741,188.0
1753547026333,16:23:46.333,AEVO/USDT:USDT,0.10732,173.0,0.10731,307.0,0.1074,44.0,0.10741,188.0
1753547026495,16:23:46.495,AEVO/USDT:USDT,0.10732,173.0,0.10731,134.0,0.1074,44.0,0.10741,188.0
1753547026610,16:23:46.610,AEVO/USDT:USDT,0.10732,173.0,0.10731,134.0,0.1074,44.0,0.10741,188.0
1753547027253,16:23:47.253,AEVO/USDT:USDT,0.10732,173.0,0.10731,134.0,0.10741,188.0,0.10742,1872.0
1753547027821,16:23:47.821,AEVO/USDT:USDT,0.10732,173.0,0.10731,134.0,0.10741,2050.0,0.10742,1872.0
1753547028048,16:23:48.048,AEVO/USDT:USDT,0.10732,173.0,0.10731,134.0,0.10741,2050.0,0.10745,169.0
1753547028669,16:23:48.669,AEVO/USDT:USDT,0.10732,173.0,0.10731,134.0,0.10741,2050.0,0.10745,169.0
1753547029673,16:23:49.673,AEVO/USDT:USDT,0.10732,173.0,0.10731,134.0,0.10741,2050.0,0.10745,169.0
1753547030364,16:23:50.364,AEVO/USDT:USDT,0.10732,173.0,0.10731,134.0,0.1074,1872.0,0.10741,2050.0
1753547030369,16:23:50.369,AEVO/USDT:USDT,0.10732,173.0,0.10731,134.0,0.1074,1916.0,0.10741,2050.0
1753547030664,16:23:50.664,AEVO/USDT:USDT,0.10732,173.0,0.10731,134.0,0.1074,1916.0,0.10741,2050.0
1753547030816,16:23:50.816,AEVO/USDT:USDT,0.10732,173.0,0.10731,134.0,0.1074,1916.0,0.10741,188.0
1753547030877,16:23:50.877,AEVO/USDT:USDT,0.10732,173.0,0.10731,134.0,0.1074,1872.0,0.10741,188.0
1753547031028,16:23:51.028,AEVO/USDT:USDT,0.10732,173.0,0.10731,134.0,0.1074,1872.0,0.10741,188.0
1753547031064,16:23:51.064,AEVO/USDT:USDT,0.10732,173.0,0.10731,134.0,0.1074,1872.0,0.10741,188.0
1753547031178,16:23:51.178,AEVO/USDT:USDT,0.10732,173.0,0.10731,134.0,0.1074,1916.0,0.10741,188.0
1753547031282,16:23:51.282,AEVO/USDT:USDT,0.10733,168.0,0.10732,2795.0,0.1074,1916.0,0.10741,188.0
1753547031416,16:23:51.416,AEVO/USDT:USDT,0.10735,168.0,0.10734,49.0,0.1074,1916.0,0.10741,274.0
1753547031758,16:23:51.758,AEVO/USDT:USDT,0.10736,168.0,0.10735,48.0,0.10741,188.0,0.10742,172.0
1753547031771,16:23:51.771,AEVO/USDT:USDT,0.10736,168.0,0.10735,48.0,0.10741,188.0,0.10742,172.0
1753547032497,16:23:52.497,AEVO/USDT:USDT,0.10736,168.0,0.10735,48.0,0.10741,188.0,0.10742,172.0
1753547032963,16:23:52.963,AEVO/USDT:USDT,0.10736,168.0,0.10735,48.0,0.10741,188.0,0.10742,172.0
1753547032963,16:23:52.963,AEVO/USDT:USDT,0.10736,168.0,0.10734,49.0,0.10741,188.0,0.10742,172.0
1753547033144,16:23:53.144,AEVO/USDT:USDT,0.10736,168.0,0.10734,49.0,0.10741,188.0,0.10742,172.0
1753547033187,16:23:53.187,AEVO/USDT:USDT,0.10736,168.0,0.10734,49.0,0.10741,188.0,0.10742,172.0
1753547033352,16:23:53.352,AEVO/USDT:USDT,0.10736,168.0,0.10734,49.0,0.10741,188.0,0.10742,172.0
1753547033805,16:23:53.805,AEVO/USDT:USDT,0.10736,168.0,0.10734,49.0,0.10741,356.0,0.10742,172.0
1753547033914,16:23:53.914,AEVO/USDT:USDT,0.10736,168.0,0.10734,49.0,0.10741,356.0,0.10742,172.0
1753547035172,16:23:55.172,AEVO/USDT:USDT,0.10736,168.0,0.10734,49.0,0.10741,188.0,0.10742,172.0
1753547035694,16:23:55.694,AEVO/USDT:USDT,0.10736,168.0,0.10734,49.0,0.10741,188.0,0.10742,172.0
1753547035827,16:23:55.827,AEVO/USDT:USDT,0.10736,168.0,0.10734,49.0,0.10741,188.0,0.10742,172.0
1753547035941,16:23:55.941,AEVO/USDT:USDT,0.10736,168.0,0.10734,49.0,0.10741,188.0,0.10742,172.0
1753547036085,16:23:56.085,AEVO/USDT:USDT,0.10736,168.0,0.10734,49.0,0.10741,188.0,0.10742,172.0
1753547036225,16:23:56.225,AEVO/USDT:USDT,0.10736,168.0,0.10734,49.0,0.10741,356.0,0.10742,172.0
1753547037963,16:23:57.963,AEVO/USDT:USDT,0.10736,168.0,0.10734,49.0,0.10741,188.0,0.10742,172.0
1753547038334,16:23:58.334,AEVO/USDT:USDT,0.10736,168.0,0.10734,49.0,0.10741,188.0,0.10742,172.0
1753547039105,16:23:59.105,AEVO/USDT:USDT,0.10736,168.0,0.10734,49.0,0.10741,188.0,0.10742,172.0
1753547039182,16:23:59.182,AEVO/USDT:USDT,0.10736,168.0,0.10734,49.0,0.10741,188.0,0.10742,172.0
1753547040653,16:24:00.653,AEVO/USDT:USDT,0.10736,168.0,0.10734,49.0,0.10742,338.0,0.10743,188.0
1753547040788,16:24:00.788,AEVO/USDT:USDT,0.10736,168.0,0.10734,49.0,0.10741,166.0,0.10742,172.0
1753547041108,16:24:01.108,AEVO/USDT:USDT,0.10736,168.0,0.10734,49.0,0.10742,338.0,0.10743,354.0
1753547041260,16:24:01.260,AEVO/USDT:USDT,0.10736,168.0,0.10734,49.0,0.10742,338.0,0.10743,188.0
1753547041449,16:24:01.449,AEVO/USDT:USDT,0.10736,168.0,0.10734,49.0,0.10742,172.0,0.10743,354.0
1753547041586,16:24:01.586,AEVO/USDT:USDT,0.10736,168.0,0.10734,49.0,0.10741,166.0,0.10742,172.0
1753547042132,16:24:02.132,AEVO/USDT:USDT,0.10737,166.0,0.10736,49.0,0.10742,172.0,0.10743,354.0
1753547042311,16:24:02.311,AEVO/USDT:USDT,0.10737,166.0,0.10736,49.0,0.10742,338.0,0.10743,188.0
1753547042420,16:24:02.420,AEVO/USDT:USDT,0.10737,166.0,0.10736,49.0,0.10741,166.0,0.10742,338.0
1753547042515,16:24:02.515,AEVO/USDT:USDT,0.10737,166.0,0.10736,49.0,0.10742,338.0,0.10743,188.0
1753547042637,16:24:02.637,AEVO/USDT:USDT,0.10737,166.0,0.10736,49.0,0.10741,166.0,0.10742,172.0
1753547043056,16:24:03.056,AEVO/USDT:USDT,0.10737,166.0,0.10735,86.0,0.10742,338.0,0.10743,188.0
1753547043107,16:24:03.107,AEVO/USDT:USDT,0.10737,166.0,0.1073,46.0,0.10741,166.0,0.10742,172.0
1753547043642,16:24:03.642,AEVO/USDT:USDT,0.10737,166.0,0.1073,46.0,0.10741,166.0,0.10742,172.0
1753547043945,16:24:03.945,AEVO/USDT:USDT,0.10737,166.0,0.1073,46.0,0.10742,172.0,0.10743,354.0
1753547044046,16:24:04.046,AEVO/USDT:USDT,0.10737,166.0,0.1073,46.0,0.10742,338.0,0.10743,188.0
1753547044126,16:24:04.126,AEVO/USDT:USDT,0.10738,166.0,0.10737,215.0,0.10743,188.0,0.10745,2031.0
1753547044199,16:24:04.199,AEVO/USDT:USDT,0.10738,166.0,0.10737,215.0,0.10743,2050.0,0.10745,169.0
1753547044280,16:24:04.280,AEVO/USDT:USDT,0.10738,166.0,0.10737,49.0,0.10743,2050.0,0.10745,169.0
1753547044459,16:24:04.459,AEVO/USDT:USDT,0.10738,166.0,0.10737,49.0,0.10743,2050.0,0.10745,169.0
1753547044669,16:24:04.669,AEVO/USDT:USDT,0.10738,166.0,0.10737,49.0,0.10743,2050.0,0.10745,169.0
1753547044872,16:24:04.872,AEVO/USDT:USDT,0.10738,166.0,0.10737,49.0,0.10743,2050.0,0.10745,169.0
1753547045429,16:24:05.429,AEVO/USDT:USDT,0.10738,166.0,0.10737,49.0,0.10743,2050.0,0.10745,169.0
1753547046265,16:24:06.265,AEVO/USDT:USDT,0.10738,166.0,0.10737,49.0,0.10743,2050.0,0.10744,86.0
1753547046891,16:24:06.891,AEVO/USDT:USDT,0.10738,166.0,0.10737,49.0,0.10743,2050.0,0.10744,86.0
1753547048351,16:24:08.351,AEVO/USDT:USDT,0.10738,166.0,0.1073,46.0,0.10741,166.0,0.10742,46.0
1753547048366,16:24:08.366,AEVO/USDT:USDT,0.10738,166.0,0.1073,46.0,0.10742,46.0,0.10743,2189.0
1753547048508,16:24:08.508,AEVO/USDT:USDT,0.10738,166.0,0.1073,46.0,0.10742,212.0,0.10743,2189.0
1753547048654,16:24:08.654,AEVO/USDT:USDT,0.10738,166.0,0.1073,46.0,0.10742,46.0,0.10743,2189.0
1753547048741,16:24:08.741,AEVO/USDT:USDT,0.10738,166.0,0.1073,46.0,0.10742,212.0,0.10743,2189.0
1753547050129,16:24:10.129,AEVO/USDT:USDT,0.10738,166.0,0.1073,46.0,0.10742,212.0,0.10743,2189.0
1753547050228,16:24:10.228,AEVO/USDT:USDT,0.10738,166.0,0.1073,46.0,0.10742,212.0,0.10743,2189.0
1753547050540,16:24:10.540,AEVO/USDT:USDT,0.10738,166.0,0.1073,46.0,0.10742,212.0,0.10743,2189.0
1753547050909,16:24:10.909,AEVO/USDT:USDT,0.10738,166.0,0.1073,46.0,0.10742,46.0,0.10743,2001.0
1753547050980,16:24:10.980,AEVO/USDT:USDT,0.10738,166.0,0.1073,46.0,0.10742,46.0,0.10743,2001.0
1753547051381,16:24:11.381,AEVO/USDT:USDT,0.10738,166.0,0.1073,46.0,0.10743,1862.0,0.10744,188.0
1753547051559,16:24:11.559,AEVO/USDT:USDT,0.10738,166.0,0.10737,86.0,0.10743,1862.0,0.10744,274.0
1753547051760,16:24:11.760,AEVO/USDT:USDT,0.10738,166.0,0.10737,86.0,0.10743,1862.0,0.10744,274.0
1753547051956,16:24:11.956,AEVO/USDT:USDT,0.10738,166.0,0.10737,86.0,0.10743,1862.0,0.10744,360.0
1753547052174,16:24:12.174,AEVO/USDT:USDT,0.10738,166.0,0.10737,86.0,0.10743,1862.0,0.10744,360.0
1753547052357,16:24:12.357,AEVO/USDT:USDT,0.10738,166.0,0.10737,86.0,0.10743,1862.0,0.10744,188.0
1753547052538,16:24:12.538,AEVO/USDT:USDT,0.10738,166.0,0.10737,86.0,0.10743,1862.0,0.10744,188.0
1753547052939,16:24:12.939,AEVO/USDT:USDT,0.10738,166.0,0.10737,86.0,0.10743,1862.0,0.10744,188.0
1753547052992,16:24:12.992,AEVO/USDT:USDT,0.10738,166.0,0.10737,86.0,0.10743,1862.0,0.10744,188.0
1753547053319,16:24:13.319,AEVO/USDT:USDT,0.10738,166.0,0.10737,86.0,0.10743,1862.0,0.10744,188.0
1753547053553,16:24:13.553,AEVO/USDT:USDT,0.10738,166.0,0.10737,86.0,0.10743,1862.0,0.10744,188.0
1753547053626,16:24:13.626,AEVO/USDT:USDT,0.10738,166.0,0.10737,86.0,0.10743,1862.0,0.10744,188.0
1753547053755,16:24:13.755,AEVO/USDT:USDT,0.10738,166.0,0.10737,86.0,0.10743,1862.0,0.10744,188.0
1753547053808,16:24:13.808,AEVO/USDT:USDT,0.10738,166.0,0.10737,86.0,0.10743,1862.0,0.10744,188.0
1753547054046,16:24:14.046,AEVO/USDT:USDT,0.10738,166.0,0.10737,86.0,0.10743,1862.0,0.10744,188.0
1753547054064,16:24:14.064,AEVO/USDT:USDT,0.10738,166.0,0.10737,86.0,0.10743,1862.0,0.10744,188.0
1753547054166,16:24:14.166,AEVO/USDT:USDT,0.10738,166.0,0.10737,86.0,0.10743,1862.0,0.10744,188.0
1753547054348,16:24:14.348,AEVO/USDT:USDT,0.10739,170.0,0.10738,49.0,0.10744,188.0,0.10745,170.0
1753547054368,16:24:14.368,AEVO/USDT:USDT,0.10739,170.0,0.10738,49.0,0.10744,188.0,0.10746,170.0
1753547054836,16:24:14.836,AEVO/USDT:USDT,0.10741,170.0,0.10739,49.0,0.10744,188.0,0.10746,256.0
1753547054874,16:24:14.874,AEVO/USDT:USDT,0.10741,170.0,0.10739,49.0,0.10744,188.0,0.10746,256.0
1753547055046,16:24:15.046,AEVO/USDT:USDT,0.10741,170.0,0.10739,49.0,0.10744,188.0,0.10746,342.0
1753547055552,16:24:15.552,AEVO/USDT:USDT,0.10741,170.0,0.10738,49.0,0.10744,188.0,0.10746,342.0
1753547055636,16:24:15.636,AEVO/USDT:USDT,0.10739,170.0,0.10738,49.0,0.10743,170.0,0.10744,188.0
1753547055849,16:24:15.849,AEVO/USDT:USDT,0.10739,170.0,0.10738,49.0,0.10744,188.0,0.10746,342.0
1753547056363,16:24:16.363,AEVO/USDT:USDT,0.10739,170.0,0.10738,49.0,0.10744,188.0,0.10746,2204.0
1753547056387,16:24:16.387,AEVO/USDT:USDT,0.10739,170.0,0.1073,46.0,0.10744,358.0,0.10746,2204.0
1753547056855,16:24:16.855,AEVO/USDT:USDT,0.10739,170.0,0.1073,46.0,0.10743,46.0,0.10744,455.0
1753547056897,16:24:16.897,AEVO/USDT:USDT,0.10739,170.0,0.1073,46.0,0.10743,216.0,0.10744,455.0
1753547057049,16:24:17.049,AEVO/USDT:USDT,0.10739,170.0,0.1073,46.0,0.10743,216.0,0.10744,285.0
1753547057110,16:24:17.110,AEVO/USDT:USDT,0.10739,170.0,0.1073,46.0,0.10743,216.0,0.10744,285.0
1753547057643,16:24:17.643,AEVO/USDT:USDT,0.10739,170.0,0.1073,46.0,0.10743,46.0,0.10744,285.0
1753547057942,16:24:17.942,AEVO/USDT:USDT,0.10739,170.0,0.10737,172.0,0.10743,46.0,0.10744,285.0
1753547058463,16:24:18.463,AEVO/USDT:USDT,0.10739,170.0,0.10737,172.0,0.10743,46.0,0.10744,188.0
1753547058464,16:24:18.464,AEVO/USDT:USDT,0.10739,170.0,0.10737,172.0,0.10744,188.0,0.10746,2118.0
1753547058728,16:24:18.728,AEVO/USDT:USDT,0.10739,170.0,0.10737,172.0,0.10744,188.0,0.10746,256.0
1753547058772,16:24:18.772,AEVO/USDT:USDT,0.10739,170.0,0.10737,172.0,0.10744,188.0,0.10746,256.0
1753547059187,16:24:19.187,AEVO/USDT:USDT,0.10739,170.0,0.10737,172.0,0.10744,188.0,0.10746,256.0
1753547059415,16:24:19.415,AEVO/USDT:USDT,0.10739,170.0,0.10737,172.0,0.10744,188.0,0.10745,86.0
1753547059488,16:24:19.488,AEVO/USDT:USDT,0.10739,170.0,0.10737,172.0,0.10744,188.0,0.10745,86.0
1753547059607,16:24:19.607,AEVO/USDT:USDT,0.10739,170.0,0.10737,172.0,0.10744,188.0,0.10745,86.0
1753547059828,16:24:19.828,AEVO/USDT:USDT,0.10739,170.0,0.10737,172.0,0.10744,188.0,0.10745,86.0
1753547060266,16:24:20.266,AEVO/USDT:USDT,0.10739,170.0,0.10737,172.0,0.10744,188.0,0.10746,170.0
1753547060431,16:24:20.431,AEVO/USDT:USDT,0.10739,170.0,0.10737,172.0,0.10744,188.0,0.10746,170.0
1753547060468,16:24:20.468,AEVO/USDT:USDT,0.10739,170.0,0.10737,172.0,0.10744,188.0,0.10746,170.0
1753547060745,16:24:20.745,AEVO/USDT:USDT,0.10739,170.0,0.10737,172.0,0.10744,188.0,0.10746,170.0
1753547060846,16:24:20.846,AEVO/USDT:USDT,0.10739,170.0,0.10737,172.0,0.10744,188.0,0.10746,170.0
1753547062090,16:24:22.090,AEVO/USDT:USDT,0.10739,170.0,0.10737,172.0,0.10745,165.0,0.10746,188.0
1753547062484,16:24:22.484,AEVO/USDT:USDT,0.10739,170.0,0.10737,172.0,0.10744,165.0,0.10745,211.0
1753547062628,16:24:22.628,AEVO/USDT:USDT,0.10739,170.0,0.10737,172.0,0.10744,165.0,0.10745,46.0
1753547062727,16:24:22.727,AEVO/USDT:USDT,0.10739,170.0,0.10737,172.0,0.10744,165.0,0.10745,46.0
1753547062919,16:24:22.919,AEVO/USDT:USDT,0.10739,170.0,0.10737,172.0,0.10744,165.0,0.10745,46.0
1753547063036,16:24:23.036,AEVO/USDT:USDT,0.10739,170.0,0.10737,172.0,0.10745,211.0,0.10746,274.0
1753547063262,16:24:23.262,AEVO/USDT:USDT,0.10739,170.0,0.10737,172.0,0.10744,165.0,0.10745,211.0
1753547063419,16:24:23.419,AEVO/USDT:USDT,0.10739,170.0,0.10737,172.0,0.10744,165.0,0.10745,46.0
1753547063588,16:24:23.588,AEVO/USDT:USDT,0.10739,170.0,0.10737,172.0,0.10745,211.0,0.10746,274.0
1753547063854,16:24:23.854,AEVO/USDT:USDT,0.10739,170.0,0.10737,172.0,0.10745,211.0,0.10746,274.0
1753547064006,16:24:24.006,AEVO/USDT:USDT,0.10739,170.0,0.10737,172.0,0.10745,211.0,0.10746,274.0
1753547064628,16:24:24.628,AEVO/USDT:USDT,0.10739,170.0,0.10737,172.0,0.10745,211.0,0.10746,274.0
1753547064700,16:24:24.700,AEVO/USDT:USDT,0.10739,170.0,0.10737,172.0,0.10745,211.0,0.10746,274.0
1753547065079,16:24:25.079,AEVO/USDT:USDT,0.10739,170.0,0.10737,172.0,0.10745,211.0,0.10746,274.0
1753547065176,16:24:25.176,AEVO/USDT:USDT,0.10739,170.0,0.10737,172.0,0.10745,211.0,0.10746,274.0
1753547065560,16:24:25.560,AEVO/USDT:USDT,0.10739,170.0,0.10737,172.0,0.10744,165.0,0.10745,46.0
1753547065570,16:24:25.570,AEVO/USDT:USDT,0.10739,170.0,0.10737,172.0,0.10744,165.0,0.10745,46.0
1753547065669,16:24:25.669,AEVO/USDT:USDT,0.10739,170.0,0.10737,86.0,0.10744,165.0,0.10745,46.0
1753547065840,16:24:25.840,AEVO/USDT:USDT,0.10739,170.0,0.1073,554.0,0.10744,165.0,0.10745,46.0
1753547065896,16:24:25.896,AEVO/USDT:USDT,0.10739,170.0,0.1073,554.0,0.10744,165.0,0.10745,46.0
1753547066403,16:24:26.403,AEVO/USDT:USDT,0.10739,170.0,0.1073,554.0,0.10744,165.0,0.10745,46.0
1753547066477,16:24:26.477,AEVO/USDT:USDT,0.10739,170.0,0.1073,554.0,0.10744,165.0,0.10745,46.0
1753547066950,16:24:26.950,AEVO/USDT:USDT,0.10739,170.0,0.1073,554.0,0.10744,165.0,0.10745,46.0
1753547066967,16:24:26.967,AEVO/USDT:USDT,0.10739,170.0,0.1073,554.0,0.10744,165.0,0.10745,46.0
1753547067111,16:24:27.111,AEVO/USDT:USDT,0.10739,170.0,0.1073,554.0,0.10744,165.0,0.10745,46.0
1753547068928,16:24:28.928,AEVO/USDT:USDT,0.1074,165.0,0.10739,219.0,0.10746,353.0,0.10747,500.0
1753547069059,16:24:29.059,AEVO/USDT:USDT,0.1074,165.0,0.10739,135.0,0.10746,188.0,0.10747,500.0
1753547069078,16:24:29.078,AEVO/USDT:USDT,0.1074,165.0,0.10739,135.0,0.10746,353.0,0.10747,500.0
1753547069317,16:24:29.317,AEVO/USDT:USDT,0.1074,165.0,0.10739,49.0,0.10746,234.0,0.10747,597.0
1753547069428,16:24:29.428,AEVO/USDT:USDT,0.1074,165.0,0.1073,554.0,0.10745,165.0,0.10746,234.0
1753547069644,16:24:29.644,AEVO/USDT:USDT,0.1074,165.0,0.1073,554.0,0.10745,165.0,0.10746,234.0
1753547069695,16:24:29.695,AEVO/USDT:USDT,0.1074,165.0,0.1073,554.0,0.10746,234.0,0.10747,586.0
1753547069852,16:24:29.852,AEVO/USDT:USDT,0.1074,165.0,0.1073,554.0,0.10745,165.0,0.10746,234.0
1753547069954,16:24:29.954,AEVO/USDT:USDT,0.1074,165.0,0.1073,554.0,0.10745,165.0,0.10746,234.0
1753547070008,16:24:30.008,AEVO/USDT:USDT,0.1074,165.0,0.1073,554.0,0.10745,165.0,0.10746,234.0
1753547070381,16:24:30.381,AEVO/USDT:USDT,0.1074,165.0,0.1073,554.0,0.10745,165.0,0.10746,234.0
1753547070468,16:24:30.468,AEVO/USDT:USDT,0.1074,165.0,0.10739,86.0,0.10745,165.0,0.10746,234.0
1753547070799,16:24:30.799,AEVO/USDT:USDT,0.1074,165.0,0.10739,86.0,0.10745,165.0,0.10746,234.0
1753547070898,16:24:30.898,AEVO/USDT:USDT,0.1074,165.0,0.1073,554.0,0.10745,165.0,0.10746,234.0
1753547071055,16:24:31.055,AEVO/USDT:USDT,0.1074,165.0,0.1073,554.0,0.10745,165.0,0.10746,234.0
1753547071084,16:24:31.084,AEVO/USDT:USDT,0.1074,165.0,0.10739,86.0,0.10746,234.0,0.10747,586.0
1753547071170,16:24:31.170,AEVO/USDT:USDT,0.1074,165.0,0.10739,86.0,0.10746,234.0,0.10747,586.0
1753547071624,16:24:31.624,AEVO/USDT:USDT,0.1074,165.0,0.10739,172.0,0.10746,234.0,0.10747,86.0
1753547071670,16:24:31.670,AEVO/USDT:USDT,0.1074,165.0,0.10739,172.0,0.10746,234.0,0.10747,86.0
1753547071850,16:24:31.850,AEVO/USDT:USDT,0.10742,267.0,0.10741,2128.0,0.10746,188.0,0.1075,165.0
1753547071957,16:24:31.957,AEVO/USDT:USDT,0.10743,169.0,0.10742,152.0,0.10746,188.0,0.1075,165.0
1753547072021,16:24:32.021,AEVO/USDT:USDT,0.10743,169.0,0.10742,98.0,0.10746,188.0,0.1075,165.0
1753547072226,16:24:32.226,AEVO/USDT:USDT,0.10741,169.0,0.1074,98.0,0.10748,341.0,0.10749,188.0
1753547072436,16:24:32.436,AEVO/USDT:USDT,0.10741,169.0,0.1074,98.0,0.10748,341.0,0.10749,188.0
1753547072583,16:24:32.583,AEVO/USDT:USDT,0.10741,169.0,0.1074,98.0,0.10748,341.0,0.10749,188.0
1753547072761,16:24:32.761,AEVO/USDT:USDT,0.10741,169.0,0.1074,98.0,0.10748,341.0,0.10749,188.0
1753547072851,16:24:32.851,AEVO/USDT:USDT,0.10741,169.0,0.1074,98.0,0.10748,341.0,0.10749,188.0
1753547073021,16:24:33.021,AEVO/USDT:USDT,0.10741,169.0,0.1074,98.0,0.10748,341.0,0.10749,188.0
1753547073093,16:24:33.093,AEVO/USDT:USDT,0.10741,169.0,0.1074,98.0,0.10748,172.0,0.10749,188.0
1753547073246,16:24:33.246,AEVO/USDT:USDT,0.10741,169.0,0.1074,98.0,0.10748,172.0,0.10749,188.0
1753547073847,16:24:33.847,AEVO/USDT:USDT,0.10741,169.0,0.1074,98.0,0.10749,188.0,0.10753,165.0
1753547073960,16:24:33.960,AEVO/USDT:USDT,0.10743,169.0,0.10742,8934.0,0.10749,188.0,0.10753,165.0
1753547074056,16:24:34.056,AEVO/USDT:USDT,0.10744,169.0,0.10743,2832.0,0.10749,188.0,0.10753,165.0
1753547074071,16:24:34.071,AEVO/USDT:USDT,0.10744,169.0,0.10743,2832.0,0.10749,188.0,0.10753,165.0
1753547074245,16:24:34.245,AEVO/USDT:USDT,0.10744,169.0,0.10743,2832.0,0.10749,188.0,0.10753,165.0
1753547074308,16:24:34.308,AEVO/USDT:USDT,0.10744,169.0,0.10743,2832.0,0.10749,188.0,0.10753,165.0
1753547074489,16:24:34.489,AEVO/USDT:USDT,0.10744,169.0,0.10743,2832.0,0.10749,188.0,0.10753,165.0
1753547074646,16:24:34.646,AEVO/USDT:USDT,0.10744,169.0,0.10743,152.0,0.10749,188.0,0.10753,165.0
1753547074698,16:24:34.698,AEVO/USDT:USDT,0.10744,169.0,0.10743,152.0,0.10749,188.0,0.10751,86.0
1753547075060,16:24:35.060,AEVO/USDT:USDT,0.10744,169.0,0.10743,152.0,0.10749,188.0,0.10751,86.0
1753547075302,16:24:35.302,AEVO/USDT:USDT,0.10744,169.0,0.10743,152.0,0.10749,188.0,0.10751,172.0
1753547075559,16:24:35.559,AEVO/USDT:USDT,0.10744,169.0,0.10743,152.0,0.10749,188.0,0.10751,86.0
1753547075577,16:24:35.577,AEVO/USDT:USDT,0.10744,169.0,0.10743,152.0,0.10749,188.0,0.10751,86.0
1753547075726,16:24:35.726,AEVO/USDT:USDT,0.10744,169.0,0.10743,152.0,0.10749,188.0,0.10751,86.0
1753547075839,16:24:35.839,AEVO/USDT:USDT,0.10744,169.0,0.10743,152.0,0.10749,188.0,0.10751,86.0
1753547075994,16:24:35.994,AEVO/USDT:USDT,0.10744,169.0,0.10743,152.0,0.10749,188.0,0.10751,86.0
1753547076145,16:24:36.145,AEVO/USDT:USDT,0.10744,169.0,0.10743,152.0,0.10749,188.0,0.10751,86.0
1753547076260,16:24:36.260,AEVO/USDT:USDT,0.10744,169.0,0.10743,152.0,0.10749,188.0,0.10751,86.0
1753547076609,16:24:36.609,AEVO/USDT:USDT,0.10744,169.0,0.10743,152.0,0.10749,188.0,0.10751,86.0
1753547076829,16:24:36.829,AEVO/USDT:USDT,0.10744,169.0,0.10743,152.0,0.10749,188.0,0.10751,86.0
1753547077000,16:24:37.000,AEVO/USDT:USDT,0.10744,169.0,0.10743,152.0,0.10749,188.0,0.10751,86.0
1753547077430,16:24:37.430,AEVO/USDT:USDT,0.10744,169.0,0.10743,152.0,0.10749,188.0,0.10751,86.0
1753547079046,16:24:39.046,AEVO/USDT:USDT,0.10744,169.0,0.10743,152.0,0.10749,188.0,0.10751,86.0
1753547079175,16:24:39.175,AEVO/USDT:USDT,0.10744,169.0,0.10743,152.0,0.10749,188.0,0.10751,86.0
1753547079555,16:24:39.555,AEVO/USDT:USDT,0.10744,169.0,0.10743,152.0,0.10749,188.0,0.10751,86.0
1753547080417,16:24:40.417,AEVO/USDT:USDT,0.10744,169.0,0.10743,152.0,0.10749,188.0,0.10751,86.0
1753547081011,16:24:41.011,AEVO/USDT:USDT,0.10744,169.0,0.10743,152.0,0.10749,188.0,0.10751,86.0
1753547081293,16:24:41.293,AEVO/USDT:USDT,0.10744,169.0,0.10743,152.0,0.10749,188.0,0.10751,86.0
1753547081709,16:24:41.709,AEVO/USDT:USDT,0.10744,169.0,0.10743,152.0,0.10749,188.0,0.10751,86.0
1753547081833,16:24:41.833,AEVO/USDT:USDT,0.10744,169.0,0.10743,152.0,0.10749,188.0,0.10751,86.0
1753547082025,16:24:42.025,AEVO/USDT:USDT,0.10744,169.0,0.10743,152.0,0.10749,188.0,0.10753,165.0
1753547082256,16:24:42.256,AEVO/USDT:USDT,0.10744,169.0,0.10743,152.0,0.10752,354.0,0.10754,166.0
1753547082344,16:24:42.344,AEVO/USDT:USDT,0.10744,169.0,0.10743,152.0,0.10751,166.0,0.10752,188.0
1753547082374,16:24:42.374,AEVO/USDT:USDT,0.10744,169.0,0.10743,152.0,0.10752,188.0,0.10754,166.0
1753547082530,16:24:42.530,AEVO/USDT:USDT,0.10744,169.0,0.10743,152.0,0.10752,188.0,0.10754,166.0
1753547082661,16:24:42.661,AEVO/USDT:USDT,0.10744,169.0,0.10743,152.0,0.10752,188.0,0.10754,166.0
1753547082670,16:24:42.670,AEVO/USDT:USDT,0.10744,169.0,0.10743,152.0,0.10752,188.0,0.10754,166.0
1753547082766,16:24:42.766,AEVO/USDT:USDT,0.10744,169.0,0.10743,152.0,0.10752,188.0,0.10754,166.0
1753547082917,16:24:42.917,AEVO/USDT:USDT,0.10744,169.0,0.10743,152.0,0.10752,188.0,0.10754,166.0
1753547083014,16:24:43.014,AEVO/USDT:USDT,0.10744,169.0,0.10743,152.0,0.10752,354.0,0.10754,166.0
1753547083074,16:24:43.074,AEVO/USDT:USDT,0.10744,169.0,0.10743,152.0,0.10752,354.0,0.10754,166.0
1753547083374,16:24:43.374,AEVO/USDT:USDT,0.10744,169.0,0.10743,152.0,0.10752,354.0,0.10754,166.0
1753547083603,16:24:43.603,AEVO/USDT:USDT,0.10744,169.0,0.10743,152.0,0.10751,166.0,0.10752,188.0
1753547083828,16:24:43.828,AEVO/USDT:USDT,0.10744,169.0,0.10743,152.0,0.10751,166.0,0.10752,188.0
1753547083897,16:24:43.897,AEVO/USDT:USDT,0.10744,169.0,0.10743,152.0,0.10751,166.0,0.10752,188.0
1753547084194,16:24:44.194,AEVO/USDT:USDT,0.10744,169.0,0.10743,152.0,0.10752,188.0,0.10754,166.0
1753547084313,16:24:44.313,AEVO/USDT:USDT,0.10744,169.0,0.10743,152.0,0.10752,188.0,0.10754,166.0
1753547085132,16:24:45.132,AEVO/USDT:USDT,0.10744,169.0,0.10743,152.0,0.10752,188.0,0.10754,166.0
1753547085229,16:24:45.229,AEVO/USDT:USDT,0.10744,169.0,0.10743,152.0,0.10751,166.0,0.10752,188.0
1753547085362,16:24:45.362,AEVO/USDT:USDT,0.10744,169.0,0.10743,152.0,0.10751,212.0,0.10752,188.0
1753547085435,16:24:45.435,AEVO/USDT:USDT,0.10744,169.0,0.10743,152.0,0.10751,46.0,0.10752,188.0
1753547085551,16:24:45.551,AEVO/USDT:USDT,0.10744,169.0,0.10743,152.0,0.10751,46.0,0.10752,188.0
1753547085584,16:24:45.584,AEVO/USDT:USDT,0.10744,169.0,0.10743,152.0,0.10751,212.0,0.10752,188.0
1753547085912,16:24:45.912,AEVO/USDT:USDT,0.10744,169.0,0.10743,152.0,0.10751,212.0,0.10752,188.0
1753547086703,16:24:46.703,AEVO/USDT:USDT,0.10744,169.0,0.10743,152.0,0.10751,212.0,0.10752,188.0
1753547087258,16:24:47.258,AEVO/USDT:USDT,0.10744,169.0,0.10743,152.0,0.1075,166.0,0.10751,89.0
1753547087355,16:24:47.355,AEVO/USDT:USDT,0.10744,169.0,0.10743,152.0,0.10751,89.0,0.10752,188.0
1753547087444,16:24:47.444,AEVO/USDT:USDT,0.10744,169.0,0.10743,152.0,0.10751,255.0,0.10752,188.0
1753547087526,16:24:47.526,AEVO/USDT:USDT,0.10744,169.0,0.10743,152.0,0.1075,166.0,0.10751,89.0
1753547087585,16:24:47.585,AEVO/USDT:USDT,0.10744,169.0,0.10743,152.0,0.1075,166.0,0.10751,89.0
1753547087834,16:24:47.834,AEVO/USDT:USDT,0.10744,169.0,0.10743,152.0,0.1075,166.0,0.10751,89.0
1753547088043,16:24:48.043,AEVO/USDT:USDT,0.10744,169.0,0.10743,152.0,0.1075,166.0,0.10751,89.0
1753547088120,16:24:48.120,AEVO/USDT:USDT,0.10744,169.0,0.10743,152.0,0.1075,166.0,0.10751,89.0
1753547088628,16:24:48.628,AEVO/USDT:USDT,0.10744,169.0,0.10743,152.0,0.1075,166.0,0.10751,89.0
1753547089114,16:24:49.114,AEVO/USDT:USDT,0.10744,169.0,0.10743,152.0,0.1075,166.0,0.10751,89.0
1753547089220,16:24:49.220,AEVO/USDT:USDT,0.10744,169.0,0.10743,152.0,0.1075,166.0,0.10751,89.0
1753547089443,16:24:49.443,AEVO/USDT:USDT,0.10744,169.0,0.10743,152.0,0.1075,166.0,0.10751,89.0
1753547089624,16:24:49.624,AEVO/USDT:USDT,0.10744,169.0,0.10743,152.0,0.1075,166.0,0.10751,89.0
1753547089826,16:24:49.826,AEVO/USDT:USDT,0.10744,169.0,0.10743,152.0,0.1075,166.0,0.10751,89.0
1753547090037,16:24:50.037,AEVO/USDT:USDT,0.10744,169.0,0.10743,152.0,0.1075,166.0,0.10751,89.0
1753547090346,16:24:50.346,AEVO/USDT:USDT,0.10744,169.0,0.10743,152.0,0.10752,188.0,0.10754,166.0
1753547090409,16:24:50.409,AEVO/USDT:USDT,0.10744,169.0,0.10743,152.0,0.10752,188.0,0.10754,166.0
1753547090600,16:24:50.600,AEVO/USDT:USDT,0.10744,169.0,0.10743,152.0,0.10752,188.0,0.10754,166.0
1753547090711,16:24:50.711,AEVO/USDT:USDT,0.10744,169.0,0.10743,152.0,0.10752,188.0,0.10754,166.0
1753547091021,16:24:51.021,AEVO/USDT:USDT,0.10744,169.0,0.10743,152.0,0.10752,188.0,0.10754,166.0
1753547091129,16:24:51.129,AEVO/USDT:USDT,0.10744,169.0,0.10743,152.0,0.10752,188.0,0.10754,166.0
1753547091318,16:24:51.318,AEVO/USDT:USDT,0.10744,169.0,0.10743,152.0,0.10752,188.0,0.10754,166.0
1753547091456,16:24:51.456,AEVO/USDT:USDT,0.10744,169.0,0.10743,152.0,0.10752,353.0,0.10754,166.0
1753547091471,16:24:51.471,AEVO/USDT:USDT,0.10744,169.0,0.10743,152.0,0.10751,165.0,0.10752,277.0
1753547091635,16:24:51.635,AEVO/USDT:USDT,0.10744,169.0,0.10743,152.0,0.10751,165.0,0.10752,277.0
1753547091824,16:24:51.824,AEVO/USDT:USDT,0.10744,169.0,0.10743,152.0,0.10751,165.0,0.10752,277.0
1753547092135,16:24:52.135,AEVO/USDT:USDT,0.10744,169.0,0.10743,152.0,0.10752,277.0,0.10754,166.0
1753547092435,16:24:52.435,AEVO/USDT:USDT,0.10744,169.0,0.10743,152.0,0.10752,89.0,0.10753,188.0
1753547092745,16:24:52.745,AEVO/USDT:USDT,0.10744,169.0,0.10743,152.0,0.10752,254.0,0.10753,188.0
1753547092864,16:24:52.864,AEVO/USDT:USDT,0.10744,169.0,0.10743,152.0,0.10752,254.0,0.10753,188.0
1753547093219,16:24:53.219,AEVO/USDT:USDT,0.10744,169.0,0.10743,152.0,0.10752,254.0,0.10753,188.0
1753547093432,16:24:53.432,AEVO/USDT:USDT,0.10744,169.0,0.10743,152.0,0.10752,254.0,0.10753,188.0
1753547093716,16:24:53.716,AEVO/USDT:USDT,0.10744,169.0,0.10743,152.0,0.10751,165.0,0.10752,89.0
1753547094236,16:24:54.236,AEVO/USDT:USDT,0.10744,169.0,0.10743,152.0,0.10752,254.0,0.10753,188.0
1753547094647,16:24:54.647,AEVO/USDT:USDT,0.10744,169.0,0.10743,152.0,0.10751,165.0,0.10752,89.0
1753547094689,16:24:54.689,AEVO/USDT:USDT,0.10744,169.0,0.10743,152.0,0.10751,165.0,0.10752,89.0
1753547094887,16:24:54.887,AEVO/USDT:USDT,0.10744,169.0,0.10743,152.0,0.10751,165.0,0.10752,89.0
1753547095053,16:24:55.053,AEVO/USDT:USDT,0.10744,169.0,0.10743,152.0,0.10751,165.0,0.10752,89.0
1753547095149,16:24:55.149,AEVO/USDT:USDT,0.10744,169.0,0.10743,152.0,0.10751,165.0,0.10752,89.0
1753547095256,16:24:55.256,AEVO/USDT:USDT,0.10744,169.0,0.10743,152.0,0.10751,165.0,0.10752,89.0
1753547095630,16:24:55.630,AEVO/USDT:USDT,0.10744,169.0,0.10743,152.0,0.10752,254.0,0.10753,188.0
1753547095753,16:24:55.753,AEVO/USDT:USDT,0.10744,169.0,0.10743,152.0,0.10752,254.0,0.10753,188.0
1753547095773,16:24:55.773,AEVO/USDT:USDT,0.10744,169.0,0.10743,152.0,0.10752,254.0,0.10753,188.0
1753547095933,16:24:55.933,AEVO/USDT:USDT,0.10744,169.0,0.10743,152.0,0.10752,254.0,0.10753,188.0
1753547096098,16:24:56.098,AEVO/USDT:USDT,0.10744,169.0,0.10743,152.0,0.10752,254.0,0.10753,188.0
1753547096257,16:24:56.257,AEVO/USDT:USDT,0.10744,169.0,0.10743,152.0,0.10752,89.0,0.10753,188.0
1753547096346,16:24:56.346,AEVO/USDT:USDT,0.10744,169.0,0.10743,152.0,0.10751,165.0,0.10752,89.0
1753547096553,16:24:56.553,AEVO/USDT:USDT,0.10744,169.0,0.10743,152.0,0.10751,165.0,0.10752,89.0
1753547096925,16:24:56.925,AEVO/USDT:USDT,0.10744,169.0,0.10743,152.0,0.10751,165.0,0.10752,89.0
1753547097624,16:24:57.624,AEVO/USDT:USDT,0.10744,169.0,0.10743,152.0,0.10752,254.0,0.10753,188.0
1753547097713,16:24:57.713,AEVO/USDT:USDT,0.10744,169.0,0.10743,152.0,0.10752,254.0,0.10753,188.0
1753547098143,16:24:58.143,AEVO/USDT:USDT,0.10744,169.0,0.10743,152.0,0.10752,254.0,0.10753,188.0
1753547098230,16:24:58.230,AEVO/USDT:USDT,0.10744,169.0,0.10743,152.0,0.10751,165.0,0.10752,254.0
1753547098362,16:24:58.362,AEVO/USDT:USDT,0.10744,169.0,0.10743,152.0,0.10751,165.0,0.10752,89.0
1753547098370,16:24:58.370,AEVO/USDT:USDT,0.10744,169.0,0.10743,152.0,0.10751,165.0,0.10752,89.0
1753547098752,16:24:58.752,AEVO/USDT:USDT,0.10744,169.0,0.10743,152.0,0.10751,165.0,0.10752,89.0
1753547098966,16:24:58.966,AEVO/USDT:USDT,0.10744,169.0,0.10743,152.0,0.10751,165.0,0.10752,89.0
1753547099140,16:24:59.140,AEVO/USDT:USDT,0.10744,169.0,0.10743,152.0,0.10751,165.0,0.10752,89.0
1753547099247,16:24:59.247,AEVO/USDT:USDT,0.10744,169.0,0.10743,152.0,0.10751,165.0,0.10752,89.0
1753547099754,16:24:59.754,AEVO/USDT:USDT,0.10744,169.0,0.10743,152.0,0.10751,165.0,0.10752,89.0
1753547100018,16:25:00.018,AEVO/USDT:USDT,0.10744,169.0,0.10743,152.0,0.10751,165.0,0.10752,89.0
1753547100191,16:25:00.191,AEVO/USDT:USDT,0.10744,169.0,0.10743,152.0,0.10751,165.0,0.10752,89.0
1753547100286,16:25:00.286,AEVO/USDT:USDT,0.10744,169.0,0.10743,103.0,0.10751,165.0,0.10752,89.0
1753547100786,16:25:00.786,AEVO/USDT:USDT,0.10744,169.0,0.10743,103.0,0.10751,165.0,0.10752,89.0
1753547100887,16:25:00.887,AEVO/USDT:USDT,0.10745,167.0,0.10744,49.0,0.10751,165.0,0.10752,89.0
1753547101040,16:25:01.040,AEVO/USDT:USDT,0.10745,167.0,0.10744,49.0,0.10751,165.0,0.10752,89.0
1753547101197,16:25:01.197,AEVO/USDT:USDT,0.10745,167.0,0.10744,49.0,0.10751,167.0,0.10752,89.0
1753547101351,16:25:01.351,AEVO/USDT:USDT,0.10745,167.0,0.10744,49.0,0.10751,167.0,0.10752,89.0
1753547101435,16:25:01.435,AEVO/USDT:USDT,0.10745,167.0,0.10744,49.0,0.10751,167.0,0.10752,89.0
1753547102006,16:25:02.006,AEVO/USDT:USDT,0.10745,167.0,0.10744,49.0,0.10751,167.0,0.10752,89.0
1753547102254,16:25:02.254,AEVO/USDT:USDT,0.10745,167.0,0.10744,49.0,0.10751,167.0,0.10752,89.0
1753547102328,16:25:02.328,AEVO/USDT:USDT,0.10745,167.0,0.10744,49.0,0.10751,167.0,0.10752,89.0
1753547102948,16:25:02.948,AEVO/USDT:USDT,0.10745,167.0,0.10744,49.0,0.10752,256.0,0.10753,188.0
1753547103029,16:25:03.029,AEVO/USDT:USDT,0.10745,167.0,0.10744,49.0,0.10752,256.0,0.10753,188.0
1753547103143,16:25:03.143,AEVO/USDT:USDT,0.10745,167.0,0.10744,49.0,0.10752,213.0,0.10753,188.0
1753547103169,16:25:03.169,AEVO/USDT:USDT,0.10745,167.0,0.10744,49.0,0.10752,213.0,0.10753,188.0
1753547103558,16:25:03.558,AEVO/USDT:USDT,0.10745,167.0,0.10744,49.0,0.10753,188.0,0.10754,166.0
1753547103647,16:25:03.647,AEVO/USDT:USDT,0.10745,167.0,0.10744,49.0,0.10753,188.0,0.10755,167.0
1753547103762,16:25:03.762,AEVO/USDT:USDT,0.10745,167.0,0.10744,49.0,0.10753,188.0,0.10755,167.0
1753547103792,16:25:03.792,AEVO/USDT:USDT,0.10745,167.0,0.10744,49.0,0.10753,188.0,0.10755,167.0
1753547104009,16:25:04.009,AEVO/USDT:USDT,0.10745,167.0,0.10744,49.0,0.10753,188.0,0.10755,167.0
1753547104254,16:25:04.254,AEVO/USDT:USDT,0.10745,167.0,0.10744,49.0,0.10753,188.0,0.10755,167.0
1753547104326,16:25:04.326,AEVO/USDT:USDT,0.10745,167.0,0.10744,49.0,0.10752,167.0,0.10753,278.0
1753547104440,16:25:04.440,AEVO/USDT:USDT,0.10745,167.0,0.10744,49.0,0.10752,167.0,0.10753,278.0
1753547104500,16:25:04.500,AEVO/USDT:USDT,0.10745,167.0,0.10744,49.0,0.10752,167.0,0.10753,278.0
1753547105244,16:25:05.244,AEVO/USDT:USDT,0.10744,49.0,0.10743,270.0,0.10752,167.0,0.10753,278.0
1753547105351,16:25:05.351,AEVO/USDT:USDT,0.10744,167.0,0.10743,103.0,0.10752,167.0,0.10753,278.0
1753547105440,16:25:05.440,AEVO/USDT:USDT,0.10744,167.0,0.10743,103.0,0.10752,167.0,0.10753,278.0
1753547105505,16:25:05.505,AEVO/USDT:USDT,0.10744,167.0,0.10743,103.0,0.10752,167.0,0.10753,278.0
1753547106058,16:25:06.058,AEVO/USDT:USDT,0.10744,167.0,0.10743,54.0,0.10752,167.0,0.10753,278.0
1753547106251,16:25:06.251,AEVO/USDT:USDT,0.10743,54.0,0.10742,1880.0,0.10752,167.0,0.10753,278.0
1753547106352,16:25:06.352,AEVO/USDT:USDT,0.10743,54.0,0.10739,167.0,0.1075,257.0,0.10751,7054.0
1753547106436,16:25:06.436,AEVO/USDT:USDT,0.10739,167.0,0.10737,54.0,0.10749,167.0,0.1075,96.0
1753547106478,16:25:06.478,AEVO/USDT:USDT,0.10739,167.0,0.10734,54.0,0.10749,167.0,0.1075,96.0
1753547106784,16:25:06.784,AEVO/USDT:USDT,0.10739,167.0,0.10734,54.0,0.10749,167.0,0.1075,96.0
1753547106947,16:25:06.947,AEVO/USDT:USDT,0.10739,167.0,0.10734,54.0,0.10749,355.0,0.1075,96.0
1753547107029,16:25:07.029,AEVO/USDT:USDT,0.10739,167.0,0.10734,54.0,0.10748,167.0,0.10749,188.0
1753547107246,16:25:07.246,AEVO/USDT:USDT,0.10739,167.0,0.10734,54.0,0.10748,167.0,0.10749,188.0
1753547107845,16:25:07.845,AEVO/USDT:USDT,0.10739,167.0,0.10734,54.0,0.10748,167.0,0.10749,188.0
1753547108021,16:25:08.021,AEVO/USDT:USDT,0.10739,167.0,0.10734,54.0,0.10748,167.0,0.10749,188.0
1753547108209,16:25:08.209,AEVO/USDT:USDT,0.10739,167.0,0.10734,54.0,0.10748,167.0,0.10749,188.0
1753547108793,16:25:08.793,AEVO/USDT:USDT,0.10739,167.0,0.10734,54.0,0.10748,167.0,0.10749,188.0
1753547108944,16:25:08.944,AEVO/USDT:USDT,0.10739,167.0,0.10734,54.0,0.10748,167.0,0.10749,188.0
1753547109242,16:25:09.242,AEVO/USDT:USDT,0.10739,167.0,0.10734,54.0,0.10748,167.0,0.10749,188.0
1753547109359,16:25:09.359,AEVO/USDT:USDT,0.10739,167.0,0.10734,54.0,0.10748,167.0,0.10749,188.0
1753547110075,16:25:10.075,AEVO/USDT:USDT,0.10739,167.0,0.10734,54.0,0.10748,167.0,0.10749,188.0
1753547110187,16:25:10.187,AEVO/USDT:USDT,0.10739,167.0,0.10734,54.0,0.10748,167.0,0.10749,188.0
1753547110892,16:25:10.892,AEVO/USDT:USDT,0.10739,167.0,0.10734,54.0,0.10748,167.0,0.10749,188.0
1753547111481,16:25:11.481,AEVO/USDT:USDT,0.10739,167.0,0.10734,54.0,0.10748,167.0,0.10749,188.0
1753547112630,16:25:12.630,AEVO/USDT:USDT,0.10739,167.0,0.10734,54.0,0.10748,167.0,0.10749,188.0
1753547112829,16:25:12.829,AEVO/USDT:USDT,0.10737,171.0,0.10734,54.0,0.10748,167.0,0.10749,188.0
1753547112947,16:25:12.947,AEVO/USDT:USDT,0.10737,171.0,0.10734,54.0,0.10745,171.0,0.10746,46.0
1753547113055,16:25:13.055,AEVO/USDT:USDT,0.10737,171.0,0.10734,54.0,0.10745,171.0,0.10746,46.0
1753547113161,16:25:13.161,AEVO/USDT:USDT,0.10737,171.0,0.10734,54.0,0.10745,171.0,0.10746,46.0
1753547113166,16:25:13.166,AEVO/USDT:USDT,0.10737,171.0,0.10734,54.0,0.10745,171.0,0.10746,46.0
1753547113400,16:25:13.400,AEVO/USDT:USDT,0.10737,171.0,0.10734,54.0,0.10745,171.0,0.10746,46.0
1753547113467,16:25:13.467,AEVO/USDT:USDT,0.10737,171.0,0.10734,54.0,0.10745,171.0,0.10746,46.0
1753547114053,16:25:14.053,AEVO/USDT:USDT,0.10735,171.0,0.10734,54.0,0.10744,215.0,0.10745,359.0
1753547114131,16:25:14.131,AEVO/USDT:USDT,0.10735,171.0,0.10734,54.0,0.10742,171.0,0.10743,46.0
1753547114247,16:25:14.247,AEVO/USDT:USDT,0.10735,171.0,0.10734,54.0,0.10742,171.0,0.10743,46.0
1753547114379,16:25:14.379,AEVO/USDT:USDT,0.10735,171.0,0.10734,54.0,0.10742,171.0,0.10743,46.0
1753547114544,16:25:14.544,AEVO/USDT:USDT,0.10735,171.0,0.10734,54.0,0.10742,171.0,0.10743,46.0
1753547115045,16:25:15.045,AEVO/USDT:USDT,0.10735,171.0,0.10734,54.0,0.10742,171.0,0.10743,46.0
1753547115079,16:25:15.079,AEVO/USDT:USDT,0.10735,171.0,0.10734,54.0,0.10742,171.0,0.10743,46.0
1753547115657,16:25:15.657,AEVO/USDT:USDT,0.10734,54.0,0.10733,5068.0,0.10742,171.0,0.10743,46.0
1753547115760,16:25:15.760,AEVO/USDT:USDT,0.10734,225.0,0.10733,500.0,0.10742,171.0,0.10743,46.0
1753547115845,16:25:15.845,AEVO/USDT:USDT,0.10734,171.0,0.10733,500.0,0.10742,171.0,0.10743,46.0
1753547115937,16:25:15.937,AEVO/USDT:USDT,0.10734,171.0,0.10733,500.0,0.10742,171.0,0.10743,46.0
1753547116008,16:25:16.008,AEVO/USDT:USDT,0.10734,171.0,0.10733,500.0,0.10742,171.0,0.10743,46.0
1753547116156,16:25:16.156,AEVO/USDT:USDT,0.10734,171.0,0.1073,225.0,0.10742,171.0,0.10743,46.0
1753547116448,16:25:16.448,AEVO/USDT:USDT,0.10734,171.0,0.1073,225.0,0.10742,171.0,0.10743,46.0
1753547116486,16:25:16.486,AEVO/USDT:USDT,0.10735,171.0,0.10734,98.0,0.10742,171.0,0.10745,359.0
1753547116625,16:25:16.625,AEVO/USDT:USDT,0.10735,171.0,0.10734,49.0,0.10741,171.0,0.10742,46.0
1753547116694,16:25:16.694,AEVO/USDT:USDT,0.10735,171.0,0.10734,49.0,0.10741,171.0,0.10742,46.0
1753547117005,16:25:17.005,AEVO/USDT:USDT,0.10735,171.0,0.10734,49.0,0.10741,171.0,0.10742,46.0
1753547117065,16:25:17.065,AEVO/USDT:USDT,0.10735,171.0,0.10734,49.0,0.10741,171.0,0.10742,46.0
1753547117572,16:25:17.572,AEVO/USDT:USDT,0.10735,171.0,0.10734,49.0,0.10741,171.0,0.10742,46.0
1753547117849,16:25:17.849,AEVO/USDT:USDT,0.10735,171.0,0.10734,49.0,0.10741,171.0,0.10742,46.0
1753547118229,16:25:18.229,AEVO/USDT:USDT,0.10735,171.0,0.10734,49.0,0.10741,171.0,0.10742,46.0
1753547118471,16:25:18.471,AEVO/USDT:USDT,0.10735,171.0,0.10734,49.0,0.10741,171.0,0.10742,46.0
1753547118564,16:25:18.564,AEVO/USDT:USDT,0.10735,171.0,0.10734,132.0,0.10741,171.0,0.10742,46.0
1753547119029,16:25:19.029,AEVO/USDT:USDT,0.10735,171.0,0.10734,132.0,0.10742,171.0,0.10745,359.0
1753547119850,16:25:19.850,AEVO/USDT:USDT,0.10735,171.0,0.10734,132.0,0.10744,171.0,0.10745,188.0
1753547120282,16:25:20.282,AEVO/USDT:USDT,0.10735,171.0,0.10734,132.0,0.10744,171.0,0.10745,188.0
1753547121098,16:25:21.098,AEVO/USDT:USDT,0.10735,171.0,0.10734,132.0,0.10744,171.0,0.10745,188.0
1753547121955,16:25:21.955,AEVO/USDT:USDT,0.10735,171.0,0.10734,132.0,0.10744,171.0,0.10745,188.0
1753547122186,16:25:22.186,AEVO/USDT:USDT,0.10735,171.0,0.10734,132.0,0.10743,168.0,0.10744,90.0
1753547122315,16:25:22.315,AEVO/USDT:USDT,0.10735,171.0,0.10734,132.0,0.10743,168.0,0.10744,90.0
1753547122796,16:25:22.796,AEVO/USDT:USDT,0.10735,171.0,0.10734,132.0,0.10743,168.0,0.10744,90.0
1753547123030,16:25:23.030,AEVO/USDT:USDT,0.10735,171.0,0.10734,132.0,0.10743,168.0,0.10744,90.0
1753547123128,16:25:23.128,AEVO/USDT:USDT,0.10735,171.0,0.10734,132.0,0.10743,168.0,0.10744,90.0
1753547123944,16:25:23.944,AEVO/USDT:USDT,0.10735,171.0,0.10734,132.0,0.10743,168.0,0.10744,90.0
1753547124416,16:25:24.416,AEVO/USDT:USDT,0.10735,171.0,0.1073,2905.0,0.10743,168.0,0.10744,90.0
1753547125048,16:25:25.048,AEVO/USDT:USDT,0.10735,171.0,0.1073,2905.0,0.10743,168.0,0.10744,90.0
1753547125804,16:25:25.804,AEVO/USDT:USDT,0.10735,171.0,0.1073,2905.0,0.10743,168.0,0.10744,90.0
1753547126008,16:25:26.008,AEVO/USDT:USDT,0.10735,171.0,0.1073,2905.0,0.10743,168.0,0.10744,90.0
1753547126584,16:25:26.584,AEVO/USDT:USDT,0.10735,171.0,0.1073,2905.0,0.10743,168.0,0.10744,90.0
1753547126860,16:25:26.860,AEVO/USDT:USDT,0.10736,168.0,0.10735,98.0,0.10743,168.0,0.10744,90.0
1753547127008,16:25:27.008,AEVO/USDT:USDT,0.10736,168.0,0.10735,98.0,0.10743,168.0,0.10744,90.0
1753547127206,16:25:27.206,AEVO/USDT:USDT,0.10736,168.0,0.10735,98.0,0.10743,168.0,0.10744,90.0
1753547127371,16:25:27.371,AEVO/USDT:USDT,0.10736,168.0,0.10735,98.0,0.10743,168.0,0.10744,90.0
1753547127831,16:25:27.831,AEVO/USDT:USDT,0.10736,168.0,0.10735,98.0,0.10743,168.0,0.10744,90.0
1753547128053,16:25:28.053,AEVO/USDT:USDT,0.10736,168.0,0.10735,98.0,0.10746,188.0,0.10747,171.0
1753547128111,16:25:28.111,AEVO/USDT:USDT,0.10736,168.0,0.10735,98.0,0.10746,188.0,0.10747,168.0
1753547128217,16:25:28.217,AEVO/USDT:USDT,0.10736,168.0,0.10735,98.0,0.10745,168.0,0.10746,188.0
1753547128346,16:25:28.346,AEVO/USDT:USDT,0.10736,168.0,0.10735,98.0,0.10745,168.0,0.10746,188.0
1753547128459,16:25:28.459,AEVO/USDT:USDT,0.10736,168.0,0.10735,98.0,0.10745,168.0,0.10746,188.0
1753547128501,16:25:28.501,AEVO/USDT:USDT,0.10736,168.0,0.10735,98.0,0.10745,168.0,0.10746,188.0
1753547129274,16:25:29.274,AEVO/USDT:USDT,0.10736,168.0,0.10735,98.0,0.10745,168.0,0.10746,188.0
1753547129526,16:25:29.526,AEVO/USDT:USDT,0.10736,168.0,0.10735,98.0,0.10744,168.0,0.10745,90.0
1753547129692,16:25:29.692,AEVO/USDT:USDT,0.10736,168.0,0.10735,98.0,0.10744,168.0,0.10745,90.0
1753547130107,16:25:30.107,AEVO/USDT:USDT,0.10736,168.0,0.1073,2905.0,0.10744,168.0,0.10745,90.0
1753547130497,16:25:30.497,AEVO/USDT:USDT,0.10736,168.0,0.1073,2905.0,0.10744,168.0,0.10745,90.0
1753547130655,16:25:30.655,AEVO/USDT:USDT,0.10736,168.0,0.1073,2905.0,0.10744,168.0,0.10745,90.0
1753547130929,16:25:30.929,AEVO/USDT:USDT,0.10736,168.0,0.1073,2905.0,0.10744,168.0,0.10745,90.0
1753547131003,16:25:31.003,AEVO/USDT:USDT,0.10736,168.0,0.1073,2905.0,0.10744,168.0,0.10745,90.0
1753547131942,16:25:31.942,AEVO/USDT:USDT,0.10736,168.0,0.1073,2905.0,0.10744,168.0,0.10745,90.0
1753547132160,16:25:32.160,AEVO/USDT:USDT,0.10736,168.0,0.1073,2905.0,0.10744,168.0,0.10745,90.0
1753547132509,16:25:32.509,AEVO/USDT:USDT,0.10736,168.0,0.1073,2905.0,0.10744,168.0,0.10745,90.0
1753547132629,16:25:32.629,AEVO/USDT:USDT,0.10736,168.0,0.1073,2905.0,0.10744,168.0,0.10745,90.0
1753547132749,16:25:32.749,AEVO/USDT:USDT,0.10736,168.0,0.1073,2905.0,0.10744,168.0,0.10745,90.0
1753547134040,16:25:34.040,AEVO/USDT:USDT,0.10736,168.0,0.1073,2905.0,0.10744,168.0,0.10745,90.0
1753547134067,16:25:34.067,AEVO/USDT:USDT,0.10736,168.0,0.1073,2905.0,0.10744,168.0,0.10745,90.0
1753547134185,16:25:34.185,AEVO/USDT:USDT,0.10736,168.0,0.1073,2905.0,0.10744,168.0,0.10745,90.0
1753547135006,16:25:35.006,AEVO/USDT:USDT,0.10736,168.0,0.1073,2905.0,0.10744,168.0,0.10745,90.0
1753547135855,16:25:35.855,AEVO/USDT:USDT,0.10732,173.0,0.1073,2905.0,0.10744,168.0,0.10745,90.0
1753547135953,16:25:35.953,AEVO/USDT:USDT,0.10732,173.0,0.1073,225.0,0.10743,9107.0,0.10744,5584.0
1753547136007,16:25:36.007,AEVO/USDT:USDT,0.10732,173.0,0.1073,225.0,0.1074,173.0,0.10741,47.0
1753547136132,16:25:36.132,AEVO/USDT:USDT,0.10732,173.0,0.1073,225.0,0.1074,173.0,0.10741,47.0
1753547136260,16:25:36.260,AEVO/USDT:USDT,0.10732,173.0,0.1073,225.0,0.1074,173.0,0.10741,47.0
1753547136321,16:25:36.321,AEVO/USDT:USDT,0.10732,173.0,0.1073,225.0,0.1074,173.0,0.10741,47.0
1753547136601,16:25:36.601,AEVO/USDT:USDT,0.10732,173.0,0.1073,225.0,0.1074,173.0,0.10741,47.0
1753547136763,16:25:36.763,AEVO/USDT:USDT,0.10732,173.0,0.1073,225.0,0.1074,173.0,0.10741,47.0
1753547137032,16:25:37.032,AEVO/USDT:USDT,0.10733,173.0,0.10732,49.0,0.1074,173.0,0.10741,47.0
1753547137146,16:25:37.146,AEVO/USDT:USDT,0.10733,173.0,0.10732,49.0,0.1074,173.0,0.10741,47.0
1753547137310,16:25:37.310,AEVO/USDT:USDT,0.10734,173.0,0.10733,49.0,0.1074,173.0,0.10742,179.0
1753547137450,16:25:37.450,AEVO/USDT:USDT,0.10734,173.0,0.10733,49.0,0.10744,173.0,0.10746,361.0
1753547137532,16:25:37.532,AEVO/USDT:USDT,0.10734,173.0,0.10733,49.0,0.10744,173.0,0.10746,361.0
1753547137772,16:25:37.772,AEVO/USDT:USDT,0.10734,173.0,0.10733,49.0,0.10744,173.0,0.10746,361.0
1753547137951,16:25:37.951,AEVO/USDT:USDT,0.10734,173.0,0.10733,49.0,0.10742,173.0,0.10743,47.0
1753547138024,16:25:38.024,AEVO/USDT:USDT,0.10734,173.0,0.10733,49.0,0.10742,173.0,0.10743,47.0
1753547138344,16:25:38.344,AEVO/USDT:USDT,0.10734,173.0,0.10733,49.0,0.10742,173.0,0.10743,47.0
1753547138367,16:25:38.367,AEVO/USDT:USDT,0.10734,173.0,0.10733,49.0,0.10742,173.0,0.10743,47.0
1753547138533,16:25:38.533,AEVO/USDT:USDT,0.10734,173.0,0.10732,49.0,0.10742,173.0,0.10743,47.0
1753547138783,16:25:38.783,AEVO/USDT:USDT,0.10734,173.0,0.10732,49.0,0.10742,173.0,0.10743,47.0
1753547139006,16:25:39.006,AEVO/USDT:USDT,0.10734,173.0,0.10732,49.0,0.10742,173.0,0.10743,47.0
1753547139198,16:25:39.198,AEVO/USDT:USDT,0.10732,173.0,0.1073,225.0,0.10742,173.0,0.10743,47.0
1753547139347,16:25:39.347,AEVO/USDT:USDT,0.10732,173.0,0.1073,225.0,0.1074,220.0,0.10741,44.0
1753547139376,16:25:39.376,AEVO/USDT:USDT,0.10732,173.0,0.1073,225.0,0.10739,173.0,0.1074,47.0
1753547139476,16:25:39.476,AEVO/USDT:USDT,0.10732,173.0,0.1073,225.0,0.10739,173.0,0.1074,47.0
1753547139617,16:25:39.617,AEVO/USDT:USDT,0.10732,173.0,0.1073,225.0,0.10739,173.0,0.1074,47.0
1753547139853,16:25:39.853,AEVO/USDT:USDT,0.10732,173.0,0.1073,225.0,0.10739,173.0,0.1074,47.0
1753547140054,16:25:40.054,AEVO/USDT:USDT,0.1073,54.0,0.10729,4619.0,0.10738,7054.0,0.10739,173.0
1753547140086,16:25:40.086,AEVO/USDT:USDT,0.1073,54.0,0.10729,4619.0,0.10736,173.0,0.10737,53.0
1753547140185,16:25:40.185,AEVO/USDT:USDT,0.10731,171.0,0.1073,54.0,0.10736,173.0,0.10737,53.0
1753547140312,16:25:40.312,AEVO/USDT:USDT,0.10731,171.0,0.1073,54.0,0.10736,173.0,0.10737,47.0
1753547140436,16:25:40.436,AEVO/USDT:USDT,0.10731,171.0,0.1073,54.0,0.10736,173.0,0.10737,47.0
1753547140471,16:25:40.471,AEVO/USDT:USDT,0.10731,171.0,0.1073,54.0,0.10736,173.0,0.10737,47.0
1753547140851,16:25:40.851,AEVO/USDT:USDT,0.10731,171.0,0.1073,54.0,0.10736,173.0,0.10737,47.0
1753547141005,16:25:41.005,AEVO/USDT:USDT,0.10731,171.0,0.1073,54.0,0.10736,173.0,0.10737,47.0
1753547142239,16:25:42.239,AEVO/USDT:USDT,0.10731,171.0,0.1073,54.0,0.10736,173.0,0.10737,47.0
1753547142394,16:25:42.394,AEVO/USDT:USDT,0.1073,225.0,0.10729,4619.0,0.10736,173.0,0.10737,47.0
1753547142545,16:25:42.545,AEVO/USDT:USDT,0.10731,171.0,0.1073,54.0,0.10736,173.0,0.10737,47.0
1753547143091,16:25:43.091,AEVO/USDT:USDT,0.10731,171.0,0.1073,54.0,0.10736,173.0,0.10737,47.0
1753547143283,16:25:43.283,AEVO/USDT:USDT,0.10731,171.0,0.1073,54.0,0.10736,173.0,0.10737,47.0
1753547143396,16:25:43.396,AEVO/USDT:USDT,0.10731,171.0,0.1073,54.0,0.10736,173.0,0.10737,47.0
1753547144031,16:25:44.031,AEVO/USDT:USDT,0.10731,171.0,0.1073,54.0,0.10736,173.0,0.10737,47.0
1753547144102,16:25:44.102,AEVO/USDT:USDT,0.10731,171.0,0.1073,54.0,0.10736,173.0,0.10737,47.0
1753547145452,16:25:45.452,AEVO/USDT:USDT,0.10732,171.0,0.10731,49.0,0.10736,173.0,0.10737,47.0
1753547145524,16:25:45.524,AEVO/USDT:USDT,0.10732,171.0,0.10731,49.0,0.10737,171.0,0.10739,173.0
1753547145622,16:25:45.622,AEVO/USDT:USDT,0.10732,171.0,0.10731,49.0,0.10739,173.0,0.10743,188.0
1753547145723,16:25:45.723,AEVO/USDT:USDT,0.10732,171.0,0.10731,49.0,0.10739,173.0,0.10743,188.0
1753547146024,16:25:46.024,AEVO/USDT:USDT,0.10732,171.0,0.10731,49.0,0.10739,173.0,0.10743,188.0
1753547146136,16:25:46.136,AEVO/USDT:USDT,0.10732,171.0,0.10731,49.0,0.10739,173.0,0.10743,188.0
1753547146243,16:25:46.243,AEVO/USDT:USDT,0.10731,171.0,0.1073,137.0,0.10738,171.0,0.10739,91.0
1753547146281,16:25:46.281,AEVO/USDT:USDT,0.10731,171.0,0.1073,137.0,0.10738,171.0,0.10739,91.0
1753547146368,16:25:46.368,AEVO/USDT:USDT,0.10731,171.0,0.1073,137.0,0.10738,171.0,0.10739,91.0
1753547146553,16:25:46.553,AEVO/USDT:USDT,0.10731,171.0,0.1073,137.0,0.10738,171.0,0.10739,91.0
1753547147031,16:25:47.031,AEVO/USDT:USDT,0.10731,171.0,0.1073,137.0,0.10738,171.0,0.10739,91.0
1753547147146,16:25:47.146,AEVO/USDT:USDT,0.1073,54.0,0.10729,4619.0,0.10738,171.0,0.10739,91.0
1753547147255,16:25:47.255,AEVO/USDT:USDT,0.1073,225.0,0.10728,15397.0,0.10738,171.0,0.10739,91.0
1753547147279,16:25:47.279,AEVO/USDT:USDT,0.1073,171.0,0.10729,4673.0,0.10738,171.0,0.10739,91.0
1753547147695,16:25:47.695,AEVO/USDT:USDT,0.1073,171.0,0.10729,4673.0,0.10738,171.0,0.10739,91.0
1753547147969,16:25:47.969,AEVO/USDT:USDT,0.1073,171.0,0.10729,4673.0,0.10738,171.0,0.10739,91.0
1753547148189,16:25:48.189,AEVO/USDT:USDT,0.1073,171.0,0.10729,4673.0,0.10738,171.0,0.10739,91.0
1753547148655,16:25:48.655,AEVO/USDT:USDT,0.1073,171.0,0.10729,4673.0,0.10738,171.0,0.10739,91.0
1753547149006,16:25:49.006,AEVO/USDT:USDT,0.1073,171.0,0.10729,4673.0,0.10738,171.0,0.10739,91.0
1753547150384,16:25:50.384,AEVO/USDT:USDT,0.10731,170.0,0.1073,49.0,0.10738,171.0,0.10739,91.0
1753547151031,16:25:51.031,AEVO/USDT:USDT,0.10731,170.0,0.1073,49.0,0.10738,171.0,0.10739,91.0
1753547151071,16:25:51.071,AEVO/USDT:USDT,0.1073,170.0,0.10729,4673.0,0.10738,171.0,0.10739,91.0
1753547151663,16:25:51.663,AEVO/USDT:USDT,0.10729,4673.0,0.10728,15397.0,0.10738,171.0,0.10739,91.0
1753547151845,16:25:51.845,AEVO/USDT:USDT,0.10729,4673.0,0.10728,15397.0,0.10738,171.0,0.10739,91.0
1753547152153,16:25:52.153,AEVO/USDT:USDT,0.10729,4673.0,0.10728,15397.0,0.10738,171.0,0.10739,91.0
1753547152250,16:25:52.250,AEVO/USDT:USDT,0.10729,224.0,0.10728,15228.0,0.10738,171.0,0.10739,91.0
1753547152346,16:25:52.346,AEVO/USDT:USDT,0.10729,224.0,0.10724,15224.0,0.10738,171.0,0.10739,91.0
1753547152370,16:25:52.370,AEVO/USDT:USDT,0.10729,170.0,0.10725,4621.0,0.10738,171.0,0.10739,91.0
1753547152469,16:25:52.469,AEVO/USDT:USDT,0.10729,170.0,0.10725,4567.0,0.10738,171.0,0.10739,91.0
1753547152659,16:25:52.659,AEVO/USDT:USDT,0.10729,170.0,0.10726,54.0,0.10738,171.0,0.10739,91.0
1753547152708,16:25:52.708,AEVO/USDT:USDT,0.10729,170.0,0.10726,54.0,0.10738,171.0,0.10739,91.0
1753547152883,16:25:52.883,AEVO/USDT:USDT,0.10729,170.0,0.10726,54.0,0.10738,171.0,0.10739,91.0
1753547153896,16:25:53.896,AEVO/USDT:USDT,0.10727,170.0,0.10726,54.0,0.10738,171.0,0.10739,91.0
1753547154270,16:25:54.270,AEVO/USDT:USDT,0.10727,170.0,0.10726,54.0,0.10738,171.0,0.10739,91.0
1753547154474,16:25:54.474,AEVO/USDT:USDT,0.10727,170.0,0.10726,54.0,0.10738,171.0,0.10739,91.0
1753547155085,16:25:55.085,AEVO/USDT:USDT,0.10727,170.0,0.10726,54.0,0.10738,171.0,0.10739,91.0
1753547156008,16:25:56.008,AEVO/USDT:USDT,0.10727,170.0,0.10726,54.0,0.10738,171.0,0.10739,91.0
1753547156310,16:25:56.310,AEVO/USDT:USDT,0.10727,170.0,0.10726,54.0,0.10738,171.0,0.10739,91.0
1753547156630,16:25:56.630,AEVO/USDT:USDT,0.10727,170.0,0.10726,54.0,0.10738,171.0,0.10739,91.0
1753547157468,16:25:57.468,AEVO/USDT:USDT,0.10727,170.0,0.10726,54.0,0.10738,171.0,0.10739,91.0
1753547159145,16:25:59.145,AEVO/USDT:USDT,0.10727,170.0,0.10726,54.0,0.10738,171.0,0.10739,91.0
1753547159968,16:25:59.968,AEVO/USDT:USDT,0.10727,170.0,0.10726,54.0,0.10738,171.0,0.10739,91.0
1753547160985,16:26:00.985,AEVO/USDT:USDT,0.10727,170.0,0.10726,54.0,0.10738,171.0,0.10739,91.0
1753547161430,16:26:01.430,AEVO/USDT:USDT,0.10727,170.0,0.10726,54.0,0.10738,171.0,0.10739,91.0
1753547161615,16:26:01.615,AEVO/USDT:USDT,0.10727,170.0,0.10726,54.0,0.10738,171.0,0.10739,91.0
1753547162010,16:26:02.010,AEVO/USDT:USDT,0.10727,170.0,0.10726,54.0,0.10738,171.0,0.10739,91.0
1753547162462,16:26:02.462,AEVO/USDT:USDT,0.10727,170.0,0.10726,54.0,0.10738,171.0,0.10739,91.0
1753547163237,16:26:03.237,AEVO/USDT:USDT,0.10727,170.0,0.10726,54.0,0.10738,171.0,0.10739,91.0
1753547163651,16:26:03.651,AEVO/USDT:USDT,0.10727,170.0,0.10726,54.0,0.10738,171.0,0.10739,91.0
1753547164060,16:26:04.060,AEVO/USDT:USDT,0.10726,225.0,0.10725,4567.0,0.10738,171.0,0.10739,91.0
1753547164146,16:26:04.146,AEVO/USDT:USDT,0.10726,54.0,0.10725,4567.0,0.10737,171.0,0.10738,2794.0
1753547164228,16:26:04.228,AEVO/USDT:USDT,0.10727,171.0,0.10726,54.0,0.10735,171.0,0.10736,92.0
1753547164354,16:26:04.354,AEVO/USDT:USDT,0.10727,171.0,0.10726,54.0,0.10735,171.0,0.10736,92.0
1753547164458,16:26:04.458,AEVO/USDT:USDT,0.10727,171.0,0.10726,54.0,0.10735,171.0,0.10736,92.0
1753547164540,16:26:04.540,AEVO/USDT:USDT,0.10727,171.0,0.10726,54.0,0.10735,171.0,0.10736,92.0
1753547164640,16:26:04.640,AEVO/USDT:USDT,0.10727,171.0,0.10726,54.0,0.10735,171.0,0.10736,92.0
1753547164759,16:26:04.759,AEVO/USDT:USDT,0.10727,171.0,0.10726,54.0,0.10735,171.0,0.10736,92.0
1753547164768,16:26:04.768,AEVO/USDT:USDT,0.10726,54.0,0.10725,4567.0,0.10735,171.0,0.10736,92.0
1753547164955,16:26:04.955,AEVO/USDT:USDT,0.10726,54.0,0.10724,15224.0,0.10735,171.0,0.10736,92.0
1753547165053,16:26:05.053,AEVO/USDT:USDT,0.10725,54.0,0.10724,15224.0,0.10735,171.0,0.10736,92.0
1753547165158,16:26:05.158,AEVO/USDT:USDT,0.10725,54.0,0.10724,15224.0,0.10731,171.0,0.10732,7146.0
1753547165187,16:26:05.187,AEVO/USDT:USDT,0.10725,54.0,0.10722,173.0,0.1073,171.0,0.10731,6.0
1753547165291,16:26:05.291,AEVO/USDT:USDT,0.10723,171.0,0.10722,54.0,0.1073,171.0,0.10731,6.0
1753547165391,16:26:05.391,AEVO/USDT:USDT,0.10723,171.0,0.10722,137.0,0.1073,171.0,0.10731,6.0
1753547165552,16:26:05.552,AEVO/USDT:USDT,0.10723,171.0,0.10722,220.0,0.1073,171.0,0.10731,6.0
1753547165570,16:26:05.570,AEVO/USDT:USDT,0.10723,171.0,0.10722,220.0,0.1073,171.0,0.10732,92.0
1753547165725,16:26:05.725,AEVO/USDT:USDT,0.10723,171.0,0.10722,220.0,0.1073,171.0,0.10733,177.0
1753547165794,16:26:05.794,AEVO/USDT:USDT,0.10723,171.0,0.10722,220.0,0.10735,171.0,0.10738,188.0
1753547166117,16:26:06.117,AEVO/USDT:USDT,0.10723,171.0,0.10722,220.0,0.10735,171.0,0.10738,188.0
1753547166552,16:26:06.552,AEVO/USDT:USDT,0.10723,171.0,0.10722,220.0,0.10735,171.0,0.10738,188.0
1753547166828,16:26:06.828,AEVO/USDT:USDT,0.10723,171.0,0.10722,220.0,0.10735,171.0,0.10738,188.0
1753547167830,16:26:07.830,AEVO/USDT:USDT,0.10723,171.0,0.10722,220.0,0.10735,171.0,0.10738,188.0
1753547168142,16:26:08.142,AEVO/USDT:USDT,0.10723,171.0,0.10722,220.0,0.10735,171.0,0.10738,188.0
1753547168950,16:26:08.950,AEVO/USDT:USDT,0.10723,171.0,0.10722,220.0,0.10735,171.0,0.10738,188.0
1753547169359,16:26:09.359,AEVO/USDT:USDT,0.10723,171.0,0.10722,220.0,0.10735,171.0,0.10738,188.0
1753547169960,16:26:09.960,AEVO/USDT:USDT,0.10723,171.0,0.10722,2900.0,0.10734,171.0,0.10735,5590.0
1753547169993,16:26:09.993,AEVO/USDT:USDT,0.10723,171.0,0.10722,2900.0,0.10733,171.0,0.10734,6.0
1753547170076,16:26:10.076,AEVO/USDT:USDT,0.10723,171.0,0.10722,2900.0,0.10733,171.0,0.10738,188.0
1753547170535,16:26:10.535,AEVO/USDT:USDT,0.10723,171.0,0.10722,2900.0,0.10733,171.0,0.10738,188.0
1753547170748,16:26:10.748,AEVO/USDT:USDT,0.10723,171.0,0.10722,2900.0,0.10733,171.0,0.10738,188.0
1753547170765,16:26:10.765,AEVO/USDT:USDT,0.10723,171.0,0.10722,220.0,0.10733,171.0,0.10738,188.0
1753547171026,16:26:11.026,AEVO/USDT:USDT,0.10723,171.0,0.10722,137.0,0.10731,166.0,0.10732,213.0
1753547171101,16:26:11.101,AEVO/USDT:USDT,0.10723,171.0,0.10722,220.0,0.10731,166.0,0.10732,213.0
1753547171177,16:26:11.177,AEVO/USDT:USDT,0.10723,171.0,0.10722,220.0,0.10731,166.0,0.10732,47.0
1753547172632,16:26:12.632,AEVO/USDT:USDT,0.10723,171.0,0.10722,220.0,0.10731,166.0,0.10732,47.0
1753547173034,16:26:13.034,AEVO/USDT:USDT,0.10723,171.0,0.10722,220.0,0.10731,166.0,0.10732,47.0
1753547173159,16:26:13.159,AEVO/USDT:USDT,0.10723,171.0,0.10722,9154.0,0.10732,166.0,0.10738,188.0
1753547173172,16:26:13.172,AEVO/USDT:USDT,0.10724,166.0,0.10723,2746.0,0.10732,166.0,0.10738,188.0
1753547173647,16:26:13.647,AEVO/USDT:USDT,0.10726,166.0,0.10725,99.0,0.10732,166.0,0.10738,188.0
1753547174004,16:26:14.004,AEVO/USDT:USDT,0.10726,166.0,0.10725,99.0,0.10732,166.0,0.10738,188.0
1753547174285,16:26:14.285,AEVO/USDT:USDT,0.10726,166.0,0.10725,99.0,0.10732,166.0,0.10738,188.0
1753547174372,16:26:14.372,AEVO/USDT:USDT,0.10726,166.0,0.10725,99.0,0.10732,166.0,0.10738,188.0
1753547176262,16:26:16.262,AEVO/USDT:USDT,0.10726,166.0,0.10725,99.0,0.10732,166.0,0.10738,188.0
1753547176269,16:26:16.269,AEVO/USDT:USDT,0.10726,166.0,0.10725,99.0,0.10732,166.0,0.10739,688.0
1753547176487,16:26:16.487,AEVO/USDT:USDT,0.10726,166.0,0.10725,99.0,0.10732,166.0,0.10739,688.0
1753547177431,16:26:17.431,AEVO/USDT:USDT,0.10726,166.0,0.10725,99.0,0.10732,166.0,0.10739,688.0
1753547179157,16:26:19.157,AEVO/USDT:USDT,0.10726,166.0,0.10725,99.0,0.10732,166.0,0.10739,688.0
1753547180662,16:26:20.662,AEVO/USDT:USDT,0.10726,166.0,0.10725,99.0,0.10732,166.0,0.10739,688.0
1753547180666,16:26:20.666,AEVO/USDT:USDT,0.10726,166.0,0.10725,99.0,0.10732,166.0,0.10733,83.0
1753547181385,16:26:21.385,AEVO/USDT:USDT,0.10726,166.0,0.10725,99.0,0.10732,166.0,0.10733,83.0
1753547181549,16:26:21.549,AEVO/USDT:USDT,0.10726,166.0,0.10725,49.0,0.10732,166.0,0.10733,83.0
