timestamp,time,symbol,bid1_price,bid1_volume,bid2_price,bid2_volume,ask1_price,ask1_volume,ask2_price,ask2_volume
1753546945275,16:22:25.275,AAVE/USDT:USDT,295.03,26.3,295.02,21.4,295.04,0.5,295.05,1.4
1753546945425,16:22:25.425,AAVE/USDT:USDT,295.05,1.7,295.04,9.3,295.07,2.4,295.08,2.8
1753546945575,16:22:25.575,AAVE/USDT:USDT,295.06,3.1,295.05,2.2,295.07,0.9,295.08,0.8
1753546945875,16:22:25.875,AAVE/USDT:USDT,295.06,2.4,295.05,8.6,295.07,0.9,295.08,0.8
1753546946025,16:22:26.025,AAVE/USDT:USDT,295.06,2.4,295.05,8.6,295.08,0.7,295.09,1.1
1753546946176,16:22:26.176,AAVE/USDT:USDT,295.06,2.4,295.05,8.6,295.08,0.7,295.09,0.6
1753546946476,16:22:26.476,AAVE/USDT:USDT,295.06,2.4,295.05,3.6,295.07,0.4,295.08,1.7
1753546946626,16:22:26.626,AAVE/USDT:USDT,295.06,2.7,295.05,3.6,295.08,1.4,295.09,2.8
1753546946776,16:22:26.776,AAVE/USDT:USDT,295.07,0.3,295.06,2.4,295.08,1.4,295.09,2.8
1753546947076,16:22:27.076,AAVE/USDT:USDT,295.06,2.4,295.05,3.6,295.08,1.0,295.09,0.9
1753546947226,16:22:27.226,AAVE/USDT:USDT,295.06,4.1,295.05,7.4,295.11,0.2,295.12,7.5
1753546947376,16:22:27.376,AAVE/USDT:USDT,295.1,4.9,295.07,28.3,295.11,1.0,295.12,0.1
1753546947526,16:22:27.526,AAVE/USDT:USDT,295.1,4.9,295.08,8.5,295.11,1.3,295.12,0.1
1753546947977,16:22:27.977,AAVE/USDT:USDT,295.1,4.9,295.09,2.6,295.11,1.0,295.12,0.1
1753546948127,16:22:28.127,AAVE/USDT:USDT,295.1,4.1,295.09,7.2,295.13,2.4,295.14,2.1
1753546948427,16:22:28.427,AAVE/USDT:USDT,295.12,0.5,295.1,0.5,295.13,5.7,295.14,5.8
1753546948577,16:22:28.577,AAVE/USDT:USDT,295.1,0.5,295.08,8.5,295.13,5.7,295.14,5.5
1753546948727,16:22:28.727,AAVE/USDT:USDT,295.1,4.9,295.08,8.5,295.13,3.0,295.14,5.5
1753546948877,16:22:28.877,AAVE/USDT:USDT,295.12,0.5,295.11,0.3,295.13,1.1,295.14,5.5
1753546949327,16:22:29.327,AAVE/USDT:USDT,295.12,0.5,295.1,4.9,295.13,1.1,295.14,3.1
1753546949477,16:22:29.477,AAVE/USDT:USDT,295.12,0.5,295.1,2.4,295.13,1.6,295.14,3.1
1753546949778,16:22:29.778,AAVE/USDT:USDT,295.1,0.5,295.07,27.0,295.11,3.1,295.13,1.1
1753546950528,16:22:30.528,AAVE/USDT:USDT,295.1,0.5,295.08,4.2,295.11,5.0,295.12,4.7
1753546950678,16:22:30.678,AAVE/USDT:USDT,295.1,0.5,295.08,4.2,295.11,5.0,295.12,4.7
1753546950828,16:22:30.828,AAVE/USDT:USDT,295.1,0.5,295.08,2.7,295.11,7.0,295.12,4.7
1753546952329,16:22:32.329,AAVE/USDT:USDT,295.1,0.5,295.08,2.4,295.11,5.0,295.12,3.4
1753546952929,16:22:32.929,AAVE/USDT:USDT,295.12,1.2,295.11,2.7,295.13,1.7,295.14,9.7
1753546953079,16:22:33.079,AAVE/USDT:USDT,295.12,1.7,295.11,2.7,295.13,1.2,295.14,1.9
1753546953230,16:22:33.230,AAVE/USDT:USDT,295.12,0.5,295.11,2.7,295.13,1.4,295.14,1.9
1753546953830,16:22:33.830,AAVE/USDT:USDT,295.12,2.3,295.11,4.4,295.13,1.4,295.14,1.9
1753546953980,16:22:33.980,AAVE/USDT:USDT,295.12,2.3,295.11,4.4,295.13,1.4,295.14,1.9
1753546954130,16:22:34.130,AAVE/USDT:USDT,295.12,2.3,295.11,4.4,295.13,1.4,295.14,1.9
1753546954730,16:22:34.730,AAVE/USDT:USDT,295.12,2.0,295.11,3.5,295.13,1.2,295.14,1.9
1753546954880,16:22:34.880,AAVE/USDT:USDT,295.12,0.5,295.11,2.4,295.13,1.5,295.14,2.1
1753546955031,16:22:35.031,AAVE/USDT:USDT,295.12,0.5,295.11,2.4,295.13,1.5,295.14,2.1
1753546955180,16:22:35.180,AAVE/USDT:USDT,295.12,0.8,295.11,3.9,295.13,1.2,295.14,2.1
1753546955331,16:22:35.331,AAVE/USDT:USDT,295.12,0.8,295.11,2.4,295.13,1.2,295.14,1.9
1753546955481,16:22:35.481,AAVE/USDT:USDT,295.12,0.8,295.11,2.4,295.13,1.5,295.14,1.9
1753546955631,16:22:35.631,AAVE/USDT:USDT,295.12,0.8,295.11,2.4,295.13,1.5,295.14,2.1
1753546955781,16:22:35.781,AAVE/USDT:USDT,295.14,1.7,295.13,3.7,295.15,2.0,295.16,0.1
1753546955931,16:22:35.931,AAVE/USDT:USDT,295.14,0.5,295.13,3.7,295.15,0.3,295.16,0.1
1753546956081,16:22:36.081,AAVE/USDT:USDT,295.14,0.5,295.13,4.7,295.15,0.8,295.16,0.1
1753546956231,16:22:36.231,AAVE/USDT:USDT,295.14,0.5,295.13,4.7,295.15,0.8,295.16,0.1
1753546956531,16:22:36.531,AAVE/USDT:USDT,295.14,0.5,295.13,1.9,295.15,0.8,295.16,0.3
1753546956832,16:22:36.832,AAVE/USDT:USDT,295.14,0.5,295.13,1.9,295.15,0.8,295.16,0.3
1753546956982,16:22:36.982,AAVE/USDT:USDT,295.14,0.8,295.13,2.9,295.15,0.8,295.16,0.3
1753546957132,16:22:37.132,AAVE/USDT:USDT,295.14,0.8,295.13,2.9,295.15,0.5,295.16,2.2
1753546957282,16:22:37.282,AAVE/USDT:USDT,295.14,0.5,295.13,1.9,295.15,0.8,295.16,2.2
1753546957432,16:22:37.432,AAVE/USDT:USDT,295.14,0.5,295.13,2.9,295.15,0.8,295.16,2.4
1753546957582,16:22:37.582,AAVE/USDT:USDT,295.14,2.0,295.13,5.6,295.15,0.3,295.16,2.2
1753546957732,16:22:37.732,AAVE/USDT:USDT,295.14,0.5,295.13,6.4,295.15,0.3,295.16,0.3
1753546957882,16:22:37.882,AAVE/USDT:USDT,295.14,0.5,295.13,7.4,295.15,0.3,295.16,2.2
1753546958032,16:22:38.032,AAVE/USDT:USDT,295.14,0.5,295.13,7.4,295.15,0.3,295.16,2.2
1753546958182,16:22:38.182,AAVE/USDT:USDT,295.14,0.5,295.13,7.4,295.15,0.3,295.16,2.2
1753546958333,16:22:38.333,AAVE/USDT:USDT,295.14,0.5,295.13,8.1,295.15,0.3,295.16,2.2
1753546958483,16:22:38.483,AAVE/USDT:USDT,295.14,0.8,295.13,8.1,295.15,0.3,295.16,2.2
1753546958633,16:22:38.633,AAVE/USDT:USDT,295.14,0.8,295.13,8.1,295.16,2.7,295.17,7.1
1753546958783,16:22:38.783,AAVE/USDT:USDT,295.14,0.5,295.13,8.1,295.16,3.0,295.17,0.6
1753546958933,16:22:38.933,AAVE/USDT:USDT,295.14,0.5,295.13,1.9,295.15,2.4,295.16,3.0
1753546959083,16:22:39.083,AAVE/USDT:USDT,295.12,0.5,295.11,2.4,295.15,2.7,295.16,2.7
1753546959233,16:22:39.233,AAVE/USDT:USDT,295.12,0.8,295.11,2.4,295.13,1.4,295.14,2.6
1753546959383,16:22:39.383,AAVE/USDT:USDT,295.12,0.8,295.11,4.9,295.13,0.5,295.14,3.4
1753546959533,16:22:39.533,AAVE/USDT:USDT,295.12,0.8,295.11,4.9,295.13,0.5,295.14,3.4
1753546959683,16:22:39.683,AAVE/USDT:USDT,295.12,0.8,295.11,4.9,295.13,0.5,295.14,3.4
1753546959833,16:22:39.833,AAVE/USDT:USDT,295.12,0.8,295.11,7.5,295.13,0.5,295.14,3.4
1753546959983,16:22:39.983,AAVE/USDT:USDT,295.12,0.8,295.11,7.5,295.13,0.5,295.14,3.0
1753546960133,16:22:40.133,AAVE/USDT:USDT,295.13,1.7,295.12,3.8,295.17,0.4,295.18,0.5
1753546960283,16:22:40.283,AAVE/USDT:USDT,295.14,0.5,295.13,2.4,295.15,2.0,295.16,2.7
1753546960434,16:22:40.434,AAVE/USDT:USDT,295.13,0.5,295.12,0.7,295.15,2.8,295.16,2.1
1753546960584,16:22:40.584,AAVE/USDT:USDT,295.13,0.5,295.12,0.7,295.14,2.6,295.15,2.7
1753546960734,16:22:40.734,AAVE/USDT:USDT,295.13,0.5,295.12,0.7,295.14,4.7,295.15,3.4
1753546960884,16:22:40.884,AAVE/USDT:USDT,295.12,3.2,295.11,0.2,295.13,1.9,295.14,2.4
1753546961034,16:22:41.034,AAVE/USDT:USDT,295.12,2.6,295.11,7.9,295.13,0.5,295.14,1.3
1753546961184,16:22:41.184,AAVE/USDT:USDT,295.13,27.3,295.12,5.3,295.16,0.3,295.17,7.5
1753546961334,16:22:41.334,AAVE/USDT:USDT,295.14,1.7,295.13,26.6,295.16,4.7,295.17,0.3
1753546961484,16:22:41.484,AAVE/USDT:USDT,295.14,1.7,295.13,25.8,295.16,2.9,295.17,2.1
1753546961634,16:22:41.634,AAVE/USDT:USDT,295.14,1.7,295.13,25.8,295.16,2.9,295.17,2.1
1753546961784,16:22:41.784,AAVE/USDT:USDT,295.14,1.7,295.13,25.8,295.16,2.9,295.17,2.1
1753546961935,16:22:41.935,AAVE/USDT:USDT,295.14,1.7,295.13,25.8,295.16,2.9,295.17,2.1
1753546962085,16:22:42.085,AAVE/USDT:USDT,295.14,1.7,295.13,25.8,295.16,2.9,295.17,2.1
1753546962235,16:22:42.235,AAVE/USDT:USDT,295.14,0.5,295.13,25.8,295.15,2.4,295.16,2.9
1753546962385,16:22:42.385,AAVE/USDT:USDT,295.14,0.5,295.13,25.8,295.15,1.2,295.16,2.1
1753546962535,16:22:42.535,AAVE/USDT:USDT,295.14,0.5,295.13,25.8,295.15,1.2,295.16,2.1
1753546962685,16:22:42.685,AAVE/USDT:USDT,295.14,0.5,295.13,25.8,295.15,1.2,295.16,2.1
1753546962835,16:22:42.835,AAVE/USDT:USDT,295.14,0.5,295.13,25.8,295.15,1.2,295.16,2.1
1753546962985,16:22:42.985,AAVE/USDT:USDT,295.14,0.5,295.13,25.8,295.15,1.2,295.16,2.1
1753546963135,16:22:43.135,AAVE/USDT:USDT,295.14,0.5,295.13,25.8,295.15,1.2,295.16,4.1
1753546963285,16:22:43.285,AAVE/USDT:USDT,295.14,0.5,295.13,25.8,295.15,1.2,295.16,4.1
1753546963435,16:22:43.435,AAVE/USDT:USDT,295.14,0.5,295.13,25.8,295.15,0.8,295.16,4.1
1753546963586,16:22:43.586,AAVE/USDT:USDT,295.14,0.5,295.13,25.8,295.15,2.8,295.16,4.1
1753546963736,16:22:43.736,AAVE/USDT:USDT,295.14,0.5,295.13,25.8,295.15,2.8,295.16,4.1
1753546963886,16:22:43.886,AAVE/USDT:USDT,295.14,0.5,295.13,25.8,295.15,0.3,295.16,4.1
1753546964036,16:22:44.036,AAVE/USDT:USDT,295.14,0.5,295.13,25.8,295.15,0.3,295.16,4.1
1753546964186,16:22:44.186,AAVE/USDT:USDT,295.14,0.5,295.13,25.8,295.15,0.3,295.16,2.1
1753546964336,16:22:44.336,AAVE/USDT:USDT,295.14,0.5,295.13,25.8,295.15,0.3,295.16,2.1
1753546964486,16:22:44.486,AAVE/USDT:USDT,295.14,0.5,295.13,25.8,295.15,0.3,295.16,2.1
1753546964636,16:22:44.636,AAVE/USDT:USDT,295.14,1.5,295.13,26.5,295.15,0.3,295.16,1.9
1753546964786,16:22:44.786,AAVE/USDT:USDT,295.14,0.5,295.13,26.5,295.15,0.3,295.16,2.1
1753546964936,16:22:44.936,AAVE/USDT:USDT,295.14,0.5,295.13,28.0,295.15,0.3,295.16,2.1
1753546965387,16:22:45.387,AAVE/USDT:USDT,295.14,1.5,295.13,27.8,295.16,1.9,295.17,2.1
1753546965537,16:22:45.537,AAVE/USDT:USDT,295.14,1.8,295.13,28.0,295.15,0.3,295.17,0.1
1753546965687,16:22:45.687,AAVE/USDT:USDT,295.14,1.8,295.13,28.0,295.17,0.8,295.18,2.7
1753546965837,16:22:45.837,AAVE/USDT:USDT,295.16,0.5,295.14,3.7,295.17,1.1,295.18,2.4
1753546965987,16:22:45.987,AAVE/USDT:USDT,295.16,0.5,295.14,6.4,295.17,0.6,295.18,2.4
1753546966137,16:22:46.137,AAVE/USDT:USDT,295.16,0.5,295.14,6.4,295.17,0.4,295.18,2.6
1753546966287,16:22:46.287,AAVE/USDT:USDT,295.16,0.5,295.14,6.1,295.17,0.4,295.18,2.6
1753546966437,16:22:46.437,AAVE/USDT:USDT,295.16,0.5,295.14,6.1,295.17,0.4,295.18,2.6
1753546966587,16:22:46.587,AAVE/USDT:USDT,295.16,0.5,295.14,3.4,295.17,1.1,295.18,2.6
1753546966737,16:22:46.737,AAVE/USDT:USDT,295.16,0.5,295.14,3.4,295.17,1.1,295.18,2.6
1753546966887,16:22:46.887,AAVE/USDT:USDT,295.16,0.5,295.14,3.4,295.17,1.1,295.18,2.6
1753546967037,16:22:47.037,AAVE/USDT:USDT,295.16,0.5,295.14,3.4,295.17,1.1,295.18,2.6
1753546967188,16:22:47.188,AAVE/USDT:USDT,295.16,0.5,295.14,3.4,295.17,1.1,295.18,2.6
1753546967338,16:22:47.338,AAVE/USDT:USDT,295.16,0.5,295.14,3.4,295.17,1.1,295.18,2.6
1753546967488,16:22:47.488,AAVE/USDT:USDT,295.16,0.5,295.14,3.4,295.17,1.1,295.18,2.6
1753546967638,16:22:47.638,AAVE/USDT:USDT,295.16,0.5,295.14,3.4,295.17,1.1,295.18,2.6
1753546967788,16:22:47.788,AAVE/USDT:USDT,295.16,0.5,295.14,2.4,295.17,1.1,295.18,2.6
1753546967938,16:22:47.938,AAVE/USDT:USDT,295.16,0.5,295.14,2.4,295.17,1.1,295.18,2.6
1753546968088,16:22:48.088,AAVE/USDT:USDT,295.16,0.5,295.14,2.4,295.17,1.1,295.18,2.6
1753546968238,16:22:48.238,AAVE/USDT:USDT,295.16,0.5,295.14,2.4,295.17,1.1,295.18,2.6
1753546968388,16:22:48.388,AAVE/USDT:USDT,295.16,0.5,295.14,2.4,295.17,1.1,295.18,2.6
1753546968538,16:22:48.538,AAVE/USDT:USDT,295.16,0.5,295.14,2.4,295.17,1.1,295.18,2.6
1753546968688,16:22:48.688,AAVE/USDT:USDT,295.16,0.5,295.14,2.4,295.17,1.1,295.18,2.6
1753546968838,16:22:48.838,AAVE/USDT:USDT,295.16,2.0,295.15,1.0,295.17,0.3,295.18,2.4
1753546968989,16:22:48.989,AAVE/USDT:USDT,295.16,2.0,295.15,1.0,295.17,0.6,295.18,2.4
1753546969139,16:22:49.139,AAVE/USDT:USDT,295.16,0.5,295.14,2.6,295.17,0.6,295.18,2.6
1753546969289,16:22:49.289,AAVE/USDT:USDT,295.16,0.5,295.14,5.3,295.17,1.1,295.18,2.6
1753546969439,16:22:49.439,AAVE/USDT:USDT,295.16,0.5,295.14,5.3,295.17,1.1,295.18,2.6
1753546969589,16:22:49.589,AAVE/USDT:USDT,295.16,2.0,295.14,5.3,295.17,1.1,295.18,2.6
1753546969739,16:22:49.739,AAVE/USDT:USDT,295.16,0.5,295.14,5.3,295.17,1.1,295.18,2.6
1753546969889,16:22:49.889,AAVE/USDT:USDT,295.16,0.5,295.15,1.5,295.17,1.1,295.18,2.6
1753546970039,16:22:50.039,AAVE/USDT:USDT,295.16,0.5,295.14,5.3,295.17,1.1,295.18,2.6
1753546970189,16:22:50.189,AAVE/USDT:USDT,295.16,0.5,295.14,2.6,295.17,1.1,295.18,2.6
1753546970339,16:22:50.339,AAVE/USDT:USDT,295.16,0.5,295.14,2.6,295.17,1.1,295.18,2.6
1753546970489,16:22:50.489,AAVE/USDT:USDT,295.16,0.5,295.14,2.6,295.17,1.1,295.18,2.6
1753546970640,16:22:50.640,AAVE/USDT:USDT,295.16,0.5,295.14,2.6,295.17,1.1,295.18,2.6
1753546970790,16:22:50.790,AAVE/USDT:USDT,295.16,0.5,295.14,2.6,295.17,1.1,295.18,2.6
1753546970940,16:22:50.940,AAVE/USDT:USDT,295.16,0.5,295.15,1.5,295.17,1.1,295.18,2.6
1753546971090,16:22:51.090,AAVE/USDT:USDT,295.16,0.5,295.14,5.1,295.17,1.1,295.18,2.6
1753546971240,16:22:51.240,AAVE/USDT:USDT,295.16,0.5,295.14,5.1,295.17,1.1,295.18,2.6
1753546971390,16:22:51.390,AAVE/USDT:USDT,295.16,0.5,295.15,1.5,295.17,1.1,295.18,2.6
1753546971540,16:22:51.540,AAVE/USDT:USDT,295.16,0.5,295.14,2.4,295.17,1.1,295.18,2.6
1753546971690,16:22:51.690,AAVE/USDT:USDT,295.16,0.5,295.14,2.4,295.17,1.1,295.18,2.6
1753546971840,16:22:51.840,AAVE/USDT:USDT,295.16,0.5,295.14,2.4,295.17,1.1,295.18,2.6
1753546971990,16:22:51.990,AAVE/USDT:USDT,295.16,0.5,295.14,2.4,295.17,1.1,295.18,2.6
1753546972140,16:22:52.140,AAVE/USDT:USDT,295.16,0.5,295.14,2.4,295.17,1.1,295.18,2.6
1753546972290,16:22:52.290,AAVE/USDT:USDT,295.16,0.5,295.14,2.4,295.17,1.1,295.18,2.6
1753546972440,16:22:52.440,AAVE/USDT:USDT,295.16,0.5,295.15,2.5,295.17,0.3,295.18,2.4
1753546972591,16:22:52.591,AAVE/USDT:USDT,295.16,0.5,295.15,3.2,295.17,0.4,295.18,2.4
1753546972741,16:22:52.741,AAVE/USDT:USDT,295.16,0.5,295.15,2.2,295.17,0.4,295.18,2.4
1753546972891,16:22:52.891,AAVE/USDT:USDT,295.16,0.5,295.14,10.0,295.17,0.4,295.18,2.6
1753546973041,16:22:53.041,AAVE/USDT:USDT,295.16,0.5,295.15,0.8,295.17,0.4,295.18,2.6
1753546973191,16:22:53.191,AAVE/USDT:USDT,295.16,0.5,295.15,2.5,295.17,0.4,295.18,2.6
1753546973341,16:22:53.341,AAVE/USDT:USDT,295.16,0.5,295.15,1.0,295.17,0.4,295.18,2.6
1753546973491,16:22:53.491,AAVE/USDT:USDT,295.16,0.5,295.15,3.3,295.17,0.4,295.18,2.6
1753546973641,16:22:53.641,AAVE/USDT:USDT,295.16,0.5,295.15,1.5,295.17,0.9,295.18,2.6
1753546973791,16:22:53.791,AAVE/USDT:USDT,295.16,0.5,295.15,1.5,295.17,0.9,295.18,2.6
1753546973941,16:22:53.941,AAVE/USDT:USDT,295.16,0.5,295.15,1.5,295.17,0.9,295.18,2.6
1753546974091,16:22:54.091,AAVE/USDT:USDT,295.16,0.5,295.15,1.5,295.17,0.9,295.18,2.6
1753546974242,16:22:54.242,AAVE/USDT:USDT,295.16,0.5,295.15,2.5,295.17,0.9,295.18,2.6
1753546974392,16:22:54.392,AAVE/USDT:USDT,295.16,0.5,295.15,1.5,295.17,0.9,295.18,2.4
1753546974542,16:22:54.542,AAVE/USDT:USDT,295.16,0.5,295.15,1.5,295.17,0.9,295.18,2.6
1753546974692,16:22:54.692,AAVE/USDT:USDT,295.16,0.5,295.15,1.5,295.17,0.9,295.18,2.6
1753546974842,16:22:54.842,AAVE/USDT:USDT,295.16,0.5,295.15,1.5,295.17,0.9,295.18,2.6
1753546974992,16:22:54.992,AAVE/USDT:USDT,295.16,0.5,295.15,1.5,295.17,0.9,295.18,2.6
1753546975142,16:22:55.142,AAVE/USDT:USDT,295.16,0.5,295.15,1.5,295.17,0.9,295.18,2.6
1753546975292,16:22:55.292,AAVE/USDT:USDT,295.16,0.5,295.15,2.5,295.17,0.9,295.18,2.6
1753546975442,16:22:55.442,AAVE/USDT:USDT,295.16,0.5,295.15,2.5,295.17,0.9,295.18,2.6
1753546975592,16:22:55.592,AAVE/USDT:USDT,295.16,0.5,295.15,2.5,295.17,0.6,295.18,2.6
1753546975742,16:22:55.742,AAVE/USDT:USDT,295.16,0.5,295.15,2.5,295.17,0.9,295.18,2.6
1753546975892,16:22:55.892,AAVE/USDT:USDT,295.16,0.5,295.15,2.5,295.17,0.9,295.18,2.6
1753546976043,16:22:56.043,AAVE/USDT:USDT,295.16,0.5,295.15,2.5,295.17,0.9,295.18,2.6
1753546976193,16:22:56.193,AAVE/USDT:USDT,295.16,0.5,295.15,2.5,295.17,0.9,295.18,2.6
1753546976343,16:22:56.343,AAVE/USDT:USDT,295.16,0.5,295.15,1.0,295.17,0.9,295.18,2.6
1753546976493,16:22:56.493,AAVE/USDT:USDT,295.16,0.5,295.15,1.0,295.17,0.9,295.18,2.6
1753546976643,16:22:56.643,AAVE/USDT:USDT,295.16,0.5,295.15,2.7,295.17,0.8,295.18,2.6
1753546976793,16:22:56.793,AAVE/USDT:USDT,295.16,0.5,295.15,2.7,295.17,0.8,295.18,2.6
1753546976943,16:22:56.943,AAVE/USDT:USDT,295.16,2.0,295.15,2.7,295.17,0.8,295.18,2.6
1753546977093,16:22:57.093,AAVE/USDT:USDT,295.16,3.0,295.15,2.7,295.17,0.5,295.18,2.4
1753546977243,16:22:57.243,AAVE/USDT:USDT,295.16,0.5,295.15,3.7,295.17,0.2,295.18,2.4
1753546977393,16:22:57.393,AAVE/USDT:USDT,295.16,0.5,295.15,1.1,295.18,2.4,295.19,8.6
1753546977543,16:22:57.543,AAVE/USDT:USDT,295.16,0.5,295.15,1.1,295.18,2.7,295.19,2.1
1753546977693,16:22:57.693,AAVE/USDT:USDT,295.16,0.5,295.15,1.1,295.18,0.9,295.19,2.1
1753546977844,16:22:57.844,AAVE/USDT:USDT,295.16,0.5,295.15,1.3,295.18,0.9,295.19,3.2
1753546977994,16:22:57.994,AAVE/USDT:USDT,295.19,4.2,295.18,1.5,295.2,0.1,295.21,0.1
1753546978144,16:22:58.144,AAVE/USDT:USDT,295.19,2.7,295.18,1.5,295.2,0.1,295.21,1.6
1753546978294,16:22:58.294,AAVE/USDT:USDT,295.19,2.7,295.18,1.8,295.2,0.1,295.21,0.1
1753546978444,16:22:58.444,AAVE/USDT:USDT,295.19,2.7,295.18,1.8,295.2,0.1,295.21,1.6
1753546978594,16:22:58.594,AAVE/USDT:USDT,295.19,2.7,295.18,10.6,295.2,0.8,295.21,0.1
1753546978744,16:22:58.744,AAVE/USDT:USDT,295.2,1.2,295.19,2.7,295.21,0.1,295.22,2.8
1753546978894,16:22:58.894,AAVE/USDT:USDT,295.2,1.5,295.19,5.6,295.21,1.0,295.22,1.8
1753546979044,16:22:59.044,AAVE/USDT:USDT,295.2,0.5,295.19,0.5,295.21,2.6,295.22,1.8
1753546979194,16:22:59.194,AAVE/USDT:USDT,295.19,0.5,295.18,0.5,295.2,2.4,295.21,2.9
1753546979345,16:22:59.345,AAVE/USDT:USDT,295.19,0.5,295.18,0.5,295.2,3.2,295.21,0.6
1753546979494,16:22:59.494,AAVE/USDT:USDT,295.19,0.8,295.18,0.5,295.2,0.5,295.21,0.6
1753546979645,16:22:59.645,AAVE/USDT:USDT,295.19,1.1,295.18,0.5,295.21,0.6,295.22,1.9
1753546979795,16:22:59.795,AAVE/USDT:USDT,295.19,0.8,295.18,0.5,295.21,0.9,295.22,1.9
1753546979945,16:22:59.945,AAVE/USDT:USDT,295.19,0.8,295.18,0.5,295.2,0.9,295.21,0.9
1753546980095,16:23:00.095,AAVE/USDT:USDT,295.19,0.8,295.18,0.8,295.2,0.9,295.21,0.9
1753546980245,16:23:00.245,AAVE/USDT:USDT,295.18,0.5,295.17,27.7,295.2,0.9,295.21,2.1
1753546980395,16:23:00.395,AAVE/USDT:USDT,295.18,3.4,295.17,27.7,295.19,0.2,295.2,3.4
1753546980545,16:23:00.545,AAVE/USDT:USDT,295.18,2.7,295.17,27.7,295.2,0.7,295.21,0.6
1753546980695,16:23:00.695,AAVE/USDT:USDT,295.18,3.7,295.17,27.7,295.2,0.7,295.21,2.6
1753546980845,16:23:00.845,AAVE/USDT:USDT,295.18,4.0,295.17,27.7,295.2,1.0,295.21,2.6
1753546980995,16:23:00.995,AAVE/USDT:USDT,295.18,3.0,295.17,27.7,295.2,1.0,295.21,2.6
1753546981145,16:23:01.145,AAVE/USDT:USDT,295.18,2.4,295.17,27.7,295.2,2.5,295.21,2.6
1753546981295,16:23:01.295,AAVE/USDT:USDT,295.18,2.7,295.17,27.7,295.2,1.0,295.21,2.6
1753546981446,16:23:01.446,AAVE/USDT:USDT,295.18,3.7,295.17,27.7,295.2,0.5,295.21,2.6
1753546981596,16:23:01.596,AAVE/USDT:USDT,295.18,6.4,295.17,27.7,295.2,0.5,295.21,2.6
1753546981746,16:23:01.746,AAVE/USDT:USDT,295.18,2.7,295.17,27.7,295.2,1.0,295.21,2.6
1753546981896,16:23:01.896,AAVE/USDT:USDT,295.18,3.7,295.17,27.7,295.2,1.0,295.21,2.6
1753546982046,16:23:02.046,AAVE/USDT:USDT,295.18,2.7,295.17,27.7,295.2,1.0,295.21,2.6
1753546982196,16:23:02.196,AAVE/USDT:USDT,295.02,0.2,295.0,0.2,295.1,43.0,295.11,14.1
1753546982346,16:23:02.346,AAVE/USDT:USDT,295.04,0.3,295.03,28.2,295.09,30.4,295.1,52.5
1753546982496,16:23:02.496,AAVE/USDT:USDT,295.05,0.5,295.04,0.3,295.09,48.8,295.1,47.5
1753546982646,16:23:02.646,AAVE/USDT:USDT,295.05,0.5,295.03,2.4,295.06,1.9,295.08,0.4
1753546982796,16:23:02.796,AAVE/USDT:USDT,295.05,0.8,295.03,2.4,295.06,1.9,295.08,21.0
1753546982946,16:23:02.946,AAVE/USDT:USDT,295.06,2.9,295.05,2.2,295.09,5.7,295.1,3.1
1753546983097,16:23:03.097,AAVE/USDT:USDT,295.08,2.7,295.07,27.6,295.11,2.4,295.12,1.0
1753546983247,16:23:03.247,AAVE/USDT:USDT,295.1,1.7,295.08,2.7,295.11,1.1,295.12,8.4
1753546983397,16:23:03.397,AAVE/USDT:USDT,295.1,1.7,295.08,2.7,295.11,2.8,295.12,8.4
1753546983547,16:23:03.547,AAVE/USDT:USDT,295.1,0.5,295.08,2.7,295.11,3.3,295.12,8.4
1753546983697,16:23:03.697,AAVE/USDT:USDT,295.08,0.8,295.07,26.9,295.11,3.3,295.12,9.9
1753546983847,16:23:03.847,AAVE/USDT:USDT,295.08,0.5,295.07,26.9,295.09,2.8,295.11,3.3
1753546983997,16:23:03.997,AAVE/USDT:USDT,295.07,0.5,295.06,0.4,295.09,5.1,295.1,0.3
1753546984147,16:23:04.147,AAVE/USDT:USDT,295.07,0.5,295.04,2.9,295.08,1.9,295.09,4.6
1753546984297,16:23:04.297,AAVE/USDT:USDT,295.07,0.5,295.05,0.3,295.08,1.2,295.09,4.2
1753546984447,16:23:04.447,AAVE/USDT:USDT,295.07,1.5,295.06,0.3,295.08,0.3,295.09,13.1
1753546984597,16:23:04.597,AAVE/USDT:USDT,295.07,1.5,295.06,0.3,295.08,0.3,295.09,10.7
1753546984747,16:23:04.747,AAVE/USDT:USDT,295.07,1.5,295.06,0.3,295.08,0.3,295.09,10.7
1753546984898,16:23:04.898,AAVE/USDT:USDT,295.07,0.5,295.06,0.3,295.08,0.7,295.09,10.7
1753546985047,16:23:05.047,AAVE/USDT:USDT,295.07,0.5,295.06,0.3,295.08,0.3,295.09,10.7
1753546985198,16:23:05.198,AAVE/USDT:USDT,295.07,0.5,295.06,1.3,295.08,0.3,295.09,10.7
1753546985348,16:23:05.348,AAVE/USDT:USDT,295.07,0.5,295.06,1.3,295.08,0.3,295.09,10.7
1753546985498,16:23:05.498,AAVE/USDT:USDT,295.07,0.5,295.06,1.3,295.08,0.3,295.09,10.7
1753546985648,16:23:05.648,AAVE/USDT:USDT,295.07,0.5,295.06,1.3,295.08,0.3,295.09,10.7
1753546985798,16:23:05.798,AAVE/USDT:USDT,295.07,0.5,295.06,1.3,295.08,0.3,295.09,10.7
1753546985948,16:23:05.948,AAVE/USDT:USDT,295.07,0.5,295.06,1.3,295.08,0.3,295.09,10.7
1753546986098,16:23:06.098,AAVE/USDT:USDT,295.07,0.5,295.06,1.3,295.09,10.7,295.1,29.7
1753546986248,16:23:06.248,AAVE/USDT:USDT,295.11,1.2,295.1,4.2,295.15,7.8,295.16,26.1
1753546986398,16:23:06.398,AAVE/USDT:USDT,295.14,0.5,295.13,1.2,295.15,7.8,295.16,2.2
1753546986548,16:23:06.548,AAVE/USDT:USDT,295.14,0.8,295.13,1.5,295.15,0.6,295.16,2.2
1753546986698,16:23:06.698,AAVE/USDT:USDT,295.14,0.8,295.13,2.1,295.16,4.0,295.17,1.9
1753546986848,16:23:06.848,AAVE/USDT:USDT,295.14,0.5,295.13,2.1,295.15,0.3,295.16,2.5
1753546986999,16:23:06.999,AAVE/USDT:USDT,295.14,0.8,295.13,5.7,295.17,1.3,295.18,5.3
1753546987149,16:23:07.149,AAVE/USDT:USDT,295.16,0.5,295.15,2.1,295.18,5.3,295.19,26.4
1753546987299,16:23:07.299,AAVE/USDT:USDT,295.16,0.5,295.15,1.9,295.17,0.3,295.18,12.2
1753546987449,16:23:07.449,AAVE/USDT:USDT,295.16,0.5,295.15,1.9,295.17,0.8,295.18,14.2
1753546987599,16:23:07.599,AAVE/USDT:USDT,295.16,0.5,295.15,1.9,295.17,0.5,295.18,14.2
1753546987749,16:23:07.749,AAVE/USDT:USDT,295.16,0.8,295.15,1.9,295.18,13.2,295.19,32.7
1753546987899,16:23:07.899,AAVE/USDT:USDT,295.17,0.2,295.16,3.8,295.18,7.2,295.19,0.4
1753546988049,16:23:08.049,AAVE/USDT:USDT,295.17,0.3,295.16,3.8,295.18,4.7,295.19,0.2
1753546988199,16:23:08.199,AAVE/USDT:USDT,295.17,0.5,295.16,3.8,295.18,1.2,295.19,0.2
1753546988349,16:23:08.349,AAVE/USDT:USDT,295.17,0.5,295.16,3.8,295.18,6.0,295.19,0.2
1753546988499,16:23:08.499,AAVE/USDT:USDT,295.17,0.5,295.16,3.8,295.18,6.0,295.19,2.2
1753546988650,16:23:08.650,AAVE/USDT:USDT,295.17,0.5,295.16,3.8,295.18,5.7,295.19,2.2
1753546988800,16:23:08.800,AAVE/USDT:USDT,295.17,0.8,295.16,3.8,295.18,0.7,295.19,2.2
1753546988950,16:23:08.950,AAVE/USDT:USDT,295.17,0.8,295.16,4.0,295.18,0.9,295.19,0.2
1753546989100,16:23:09.100,AAVE/USDT:USDT,295.17,0.8,295.16,3.8,295.18,2.4,295.19,1.2
1753546989250,16:23:09.250,AAVE/USDT:USDT,295.17,0.5,295.16,4.0,295.18,2.4,295.19,1.2
1753546989400,16:23:09.400,AAVE/USDT:USDT,295.17,0.5,295.16,4.0,295.18,3.2,295.19,1.2
1753546989550,16:23:09.550,AAVE/USDT:USDT,295.17,0.5,295.16,3.8,295.18,1.7,295.19,3.8
1753546989700,16:23:09.700,AAVE/USDT:USDT,295.17,0.5,295.16,2.4,295.18,1.7,295.19,5.3
1753546989850,16:23:09.850,AAVE/USDT:USDT,295.17,0.5,295.16,2.4,295.18,1.7,295.19,5.3
1753546990000,16:23:10.000,AAVE/USDT:USDT,295.17,0.5,295.16,2.4,295.18,1.7,295.19,5.3
1753546990151,16:23:10.151,AAVE/USDT:USDT,295.17,0.5,295.16,2.4,295.18,1.7,295.19,2.7
1753546990301,16:23:10.301,AAVE/USDT:USDT,295.17,0.5,295.16,2.4,295.18,1.7,295.19,2.6
1753546990450,16:23:10.450,AAVE/USDT:USDT,295.17,0.5,295.16,2.4,295.18,1.7,295.19,2.6
1753546990601,16:23:10.601,AAVE/USDT:USDT,295.17,0.5,295.16,2.4,295.18,1.7,295.19,2.6
1753546990751,16:23:10.751,AAVE/USDT:USDT,295.17,0.8,295.16,2.4,295.18,1.4,295.19,2.6
1753546990901,16:23:10.901,AAVE/USDT:USDT,295.17,0.5,295.16,2.4,295.18,1.4,295.19,4.1
1753546991051,16:23:11.051,AAVE/USDT:USDT,295.17,1.8,295.16,5.1,295.21,1.0,295.22,9.9
1753546991201,16:23:11.201,AAVE/USDT:USDT,295.2,2.4,295.19,0.3,295.21,1.0,295.22,9.9
1753546991351,16:23:11.351,AAVE/USDT:USDT,295.2,0.5,295.18,1.9,295.21,1.8,295.22,9.9
1753546991501,16:23:11.501,AAVE/USDT:USDT,295.2,0.5,295.18,2.6,295.21,1.1,295.22,10.9
1753546991651,16:23:11.651,AAVE/USDT:USDT,295.2,0.8,295.18,2.6,295.21,2.3,295.22,10.9
1753546991801,16:23:11.801,AAVE/USDT:USDT,295.2,0.5,295.18,2.6,295.21,1.1,295.22,10.9
1753546991952,16:23:11.952,AAVE/USDT:USDT,295.2,0.5,295.18,2.6,295.21,1.1,295.22,12.4
1753546992102,16:23:12.102,AAVE/USDT:USDT,295.2,0.5,295.18,2.6,295.21,1.1,295.22,12.4
1753546992251,16:23:12.251,AAVE/USDT:USDT,295.2,0.5,295.18,2.6,295.21,1.1,295.22,12.4
1753546992402,16:23:12.402,AAVE/USDT:USDT,295.2,0.5,295.18,2.6,295.21,1.1,295.22,12.4
1753546992552,16:23:12.552,AAVE/USDT:USDT,295.2,0.5,295.18,2.3,295.21,1.1,295.22,12.4
1753546992702,16:23:12.702,AAVE/USDT:USDT,295.2,0.5,295.18,1.9,295.21,1.1,295.22,12.4
1753546992852,16:23:12.852,AAVE/USDT:USDT,295.2,0.5,295.18,1.9,295.21,1.1,295.22,12.4
1753546993002,16:23:13.002,AAVE/USDT:USDT,295.2,0.5,295.18,1.9,295.21,1.1,295.22,12.4
1753546993152,16:23:13.152,AAVE/USDT:USDT,295.2,0.5,295.18,1.9,295.21,1.1,295.22,12.4
1753546993302,16:23:13.302,AAVE/USDT:USDT,295.2,1.9,295.18,1.9,295.22,9.9,295.23,1.9
1753546993452,16:23:13.452,AAVE/USDT:USDT,295.21,2.4,295.2,1.9,295.22,0.5,295.23,1.9
1753546993602,16:23:13.602,AAVE/USDT:USDT,295.21,2.7,295.2,1.9,295.22,2.3,295.23,1.9
1753546993753,16:23:13.753,AAVE/USDT:USDT,295.21,0.5,295.2,1.9,295.22,3.8,295.23,2.7
1753546993903,16:23:13.903,AAVE/USDT:USDT,295.21,0.5,295.2,1.9,295.22,2.3,295.23,4.6
1753546994053,16:23:14.053,AAVE/USDT:USDT,295.21,1.0,295.2,3.1,295.23,3.6,295.24,0.9
1753546994203,16:23:14.203,AAVE/USDT:USDT,295.21,2.7,295.2,1.9,295.23,4.7,295.24,0.9
1753546994353,16:23:14.353,AAVE/USDT:USDT,295.22,0.3,295.21,2.6,295.23,2.2,295.24,0.9
1753546994503,16:23:14.503,AAVE/USDT:USDT,295.22,0.8,295.21,2.4,295.23,2.2,295.24,1.9
1753546994653,16:23:14.653,AAVE/USDT:USDT,295.22,0.8,295.21,2.6,295.23,0.8,295.24,0.7
1753546994803,16:23:14.803,AAVE/USDT:USDT,295.26,0.5,295.24,2.9,295.27,0.3,295.28,7.5
1753546994953,16:23:14.953,AAVE/USDT:USDT,295.26,0.5,295.24,3.5,295.27,0.8,295.28,7.5
1753546995103,16:23:15.103,AAVE/USDT:USDT,295.26,0.5,295.24,3.5,295.27,1.1,295.28,8.5
1753546995253,16:23:15.253,AAVE/USDT:USDT,295.26,0.5,295.24,3.5,295.27,1.1,295.28,8.5
1753546995403,16:23:15.403,AAVE/USDT:USDT,295.26,0.5,295.24,3.5,295.27,1.1,295.28,8.5
1753546995554,16:23:15.554,AAVE/USDT:USDT,295.26,0.5,295.24,3.5,295.27,1.1,295.28,8.5
1753546995704,16:23:15.704,AAVE/USDT:USDT,295.26,0.5,295.24,3.5,295.27,1.1,295.28,8.5
1753546995854,16:23:15.854,AAVE/USDT:USDT,295.26,0.5,295.24,3.5,295.27,1.1,295.28,10.0
1753546996004,16:23:16.004,AAVE/USDT:USDT,295.26,0.5,295.24,3.5,295.27,1.1,295.28,10.0
1753546996154,16:23:16.154,AAVE/USDT:USDT,295.26,0.5,295.24,3.5,295.27,0.2,295.28,3.7
1753546996304,16:23:16.304,AAVE/USDT:USDT,295.26,0.5,295.24,3.5,295.27,0.5,295.28,4.7
1753546996454,16:23:16.454,AAVE/USDT:USDT,295.26,0.5,295.24,3.5,295.27,0.5,295.28,6.2
1753546996604,16:23:16.604,AAVE/USDT:USDT,295.24,1.9,295.23,1.9,295.27,3.5,295.28,3.7
1753546996754,16:23:16.754,AAVE/USDT:USDT,295.22,0.5,295.21,27.7,295.25,3.1,295.26,3.1
1753546996904,16:23:16.904,AAVE/USDT:USDT,295.22,2.6,295.21,27.7,295.24,1.2,295.25,4.0
1753546997054,16:23:17.054,AAVE/USDT:USDT,295.22,2.9,295.21,27.7,295.24,1.5,295.25,3.5
1753546997204,16:23:17.204,AAVE/USDT:USDT,295.24,4.7,295.23,0.3,295.25,0.7,295.27,0.7
1753546997355,16:23:17.355,AAVE/USDT:USDT,295.24,2.4,295.23,0.3,295.25,0.7,295.27,0.7
1753546997504,16:23:17.504,AAVE/USDT:USDT,295.24,2.4,295.23,0.5,295.25,0.7,295.26,0.2
1753546997655,16:23:17.655,AAVE/USDT:USDT,295.24,2.9,295.22,10.3,295.25,0.7,295.26,1.7
1753546997805,16:23:17.805,AAVE/USDT:USDT,295.24,0.5,295.23,1.5,295.25,1.2,295.26,1.7
1753546997955,16:23:17.955,AAVE/USDT:USDT,295.24,0.5,295.23,2.3,295.25,0.7,295.26,1.2
1753546998105,16:23:18.105,AAVE/USDT:USDT,295.24,0.5,295.23,2.3,295.25,0.7,295.26,0.2
1753546998255,16:23:18.255,AAVE/USDT:USDT,295.24,0.5,295.23,2.3,295.25,1.5,295.26,1.2
1753546998405,16:23:18.405,AAVE/USDT:USDT,295.24,0.5,295.23,0.8,295.25,1.2,295.26,0.2
1753546998555,16:23:18.555,AAVE/USDT:USDT,295.24,0.5,295.23,0.8,295.25,1.2,295.26,0.2
1753546998705,16:23:18.705,AAVE/USDT:USDT,295.24,0.8,295.23,1.0,295.25,0.7,295.26,0.2
1753546998855,16:23:18.855,AAVE/USDT:USDT,295.24,0.5,295.23,0.8,295.25,0.7,295.26,0.2
1753546999005,16:23:19.005,AAVE/USDT:USDT,295.24,0.5,295.23,0.8,295.25,0.7,295.26,0.2
1753546999156,16:23:19.156,AAVE/USDT:USDT,295.24,0.8,295.23,0.8,295.25,0.7,295.26,0.2
1753546999306,16:23:19.306,AAVE/USDT:USDT,295.24,0.5,295.22,2.6,295.25,1.2,295.26,1.7
1753546999456,16:23:19.456,AAVE/USDT:USDT,295.24,0.5,295.22,10.8,295.25,1.2,295.26,1.7
1753546999606,16:23:19.606,AAVE/USDT:USDT,295.24,0.8,295.23,0.9,295.25,1.2,295.26,0.2
1753546999756,16:23:19.756,AAVE/USDT:USDT,295.24,0.8,295.23,0.9,295.25,0.7,295.26,2.7
1753546999906,16:23:19.906,AAVE/USDT:USDT,295.24,0.8,295.23,0.9,295.25,0.7,295.26,2.7
1753547000056,16:23:20.056,AAVE/USDT:USDT,295.24,0.5,295.22,10.6,295.25,1.5,295.26,3.7
1753547000206,16:23:20.206,AAVE/USDT:USDT,295.24,0.5,295.23,0.2,295.25,1.5,295.26,2.7
1753547000356,16:23:20.356,AAVE/USDT:USDT,295.24,0.5,295.22,10.6,295.25,1.5,295.26,3.7
1753547000506,16:23:20.506,AAVE/USDT:USDT,295.24,0.5,295.22,10.6,295.25,1.5,295.26,2.7
1753547000656,16:23:20.656,AAVE/USDT:USDT,295.24,0.5,295.22,10.8,295.25,1.2,295.26,3.1
1753547000807,16:23:20.807,AAVE/USDT:USDT,295.24,0.5,295.23,0.2,295.25,1.5,295.26,1.2
1753547000957,16:23:20.957,AAVE/USDT:USDT,295.24,0.5,295.23,1.0,295.25,1.5,295.26,0.2
1753547001107,16:23:21.107,AAVE/USDT:USDT,295.24,0.5,295.23,1.0,295.25,1.5,295.26,0.2
1753547001257,16:23:21.257,AAVE/USDT:USDT,295.24,0.8,295.23,1.0,295.25,1.2,295.26,0.2
1753547001407,16:23:21.407,AAVE/USDT:USDT,295.24,0.5,295.23,0.2,295.25,1.5,295.26,0.2
1753547001557,16:23:21.557,AAVE/USDT:USDT,295.24,0.5,295.22,10.6,295.25,1.5,295.26,1.2
1753547001707,16:23:21.707,AAVE/USDT:USDT,295.24,0.5,295.22,10.6,295.25,1.5,295.26,3.6
1753547001857,16:23:21.857,AAVE/USDT:USDT,295.24,0.5,295.22,10.6,295.25,1.5,295.26,3.6
1753547002007,16:23:22.007,AAVE/USDT:USDT,295.24,0.5,295.22,10.6,295.25,1.5,295.26,3.6
1753547002157,16:23:22.157,AAVE/USDT:USDT,295.24,0.5,295.22,10.6,295.25,1.5,295.26,3.6
1753547002307,16:23:22.307,AAVE/USDT:USDT,295.24,0.5,295.22,10.6,295.25,1.5,295.26,3.6
1753547002457,16:23:22.457,AAVE/USDT:USDT,295.24,0.5,295.22,10.6,295.25,1.5,295.26,3.6
1753547002607,16:23:22.607,AAVE/USDT:USDT,295.24,0.5,295.22,10.6,295.25,1.5,295.26,4.6
1753547002758,16:23:22.758,AAVE/USDT:USDT,295.24,0.5,295.22,10.6,295.25,1.5,295.26,4.6
1753547002908,16:23:22.908,AAVE/USDT:USDT,295.24,0.5,295.22,10.6,295.25,1.5,295.26,4.6
1753547003058,16:23:23.058,AAVE/USDT:USDT,295.24,0.5,295.23,0.2,295.25,1.5,295.27,7.2
1753547003208,16:23:23.208,AAVE/USDT:USDT,295.24,0.5,295.23,0.2,295.25,1.5,295.27,7.2
1753547003358,16:23:23.358,AAVE/USDT:USDT,295.24,0.5,295.23,0.2,295.25,1.5,295.27,7.2
1753547003508,16:23:23.508,AAVE/USDT:USDT,295.24,0.8,295.23,0.2,295.25,0.7,295.27,7.2
1753547003658,16:23:23.658,AAVE/USDT:USDT,295.24,0.8,295.23,0.2,295.25,0.7,295.27,7.2
1753547003808,16:23:23.808,AAVE/USDT:USDT,295.24,0.5,295.23,0.2,295.25,1.0,295.27,7.2
1753547003958,16:23:23.958,AAVE/USDT:USDT,295.24,0.5,295.23,0.2,295.25,1.0,295.27,7.2
1753547004108,16:23:24.108,AAVE/USDT:USDT,295.24,0.5,295.23,0.2,295.25,1.0,295.27,7.2
1753547004258,16:23:24.258,AAVE/USDT:USDT,295.24,0.5,295.23,0.2,295.25,0.7,295.27,7.2
1753547004409,16:23:24.409,AAVE/USDT:USDT,295.24,0.5,295.23,0.2,295.25,0.7,295.27,7.2
1753547004559,16:23:24.559,AAVE/USDT:USDT,295.24,0.5,295.23,0.2,295.25,0.7,295.27,7.2
1753547004709,16:23:24.709,AAVE/USDT:USDT,295.24,0.8,295.23,0.2,295.25,0.7,295.27,7.2
1753547004859,16:23:24.859,AAVE/USDT:USDT,295.24,0.5,295.22,10.6,295.25,1.9,295.26,1.0
1753547005009,16:23:25.009,AAVE/USDT:USDT,295.24,0.5,295.23,0.2,295.25,1.5,295.26,1.5
1753547005159,16:23:25.159,AAVE/USDT:USDT,295.22,7.8,295.21,28.2,295.25,1.5,295.26,2.5
1753547005309,16:23:25.309,AAVE/USDT:USDT,295.22,8.0,295.21,28.2,295.23,0.5,295.24,0.3
1753547005459,16:23:25.459,AAVE/USDT:USDT,295.22,0.7,295.21,28.2,295.23,0.5,295.24,0.3
1753547005609,16:23:25.609,AAVE/USDT:USDT,295.22,0.7,295.21,28.2,295.23,0.8,295.25,3.1
1753547005759,16:23:25.759,AAVE/USDT:USDT,295.22,2.0,295.21,28.2,295.23,0.8,295.25,3.1
1753547005909,16:23:25.909,AAVE/USDT:USDT,295.22,2.0,295.21,28.4,295.23,0.8,295.25,3.1
1753547006059,16:23:26.059,AAVE/USDT:USDT,295.22,0.5,295.21,28.4,295.23,0.8,295.25,3.1
1753547006210,16:23:26.210,AAVE/USDT:USDT,295.22,0.5,295.21,28.4,295.23,0.8,295.24,0.9
1753547006360,16:23:26.360,AAVE/USDT:USDT,295.22,0.5,295.21,28.4,295.23,0.8,295.24,0.9
1753547006510,16:23:26.510,AAVE/USDT:USDT,295.22,0.5,295.21,28.4,295.23,0.8,295.24,0.9
1753547006660,16:23:26.660,AAVE/USDT:USDT,295.22,0.5,295.21,28.2,295.23,0.8,295.24,0.9
1753547006810,16:23:26.810,AAVE/USDT:USDT,295.22,0.5,295.21,28.2,295.23,0.8,295.24,0.9
1753547006960,16:23:26.960,AAVE/USDT:USDT,295.22,0.5,295.21,28.2,295.23,0.8,295.25,3.1
1753547007110,16:23:27.110,AAVE/USDT:USDT,295.22,2.1,295.21,28.2,295.25,3.1,295.26,2.8
1753547007260,16:23:27.260,AAVE/USDT:USDT,295.24,0.5,295.22,4.0,295.25,3.1,295.26,2.5
1753547007410,16:23:27.410,AAVE/USDT:USDT,295.24,0.5,295.22,3.2,295.25,3.4,295.26,1.0
1753547007560,16:23:27.560,AAVE/USDT:USDT,295.24,0.5,295.22,3.2,295.25,3.4,295.26,1.0
1753547007710,16:23:27.710,AAVE/USDT:USDT,295.24,0.5,295.22,3.2,295.25,1.5,295.27,0.2
1753547007860,16:23:27.860,AAVE/USDT:USDT,295.24,0.5,295.22,3.2,295.25,1.5,295.26,1.0
1753547008011,16:23:28.011,AAVE/USDT:USDT,295.24,0.5,295.22,3.2,295.25,1.5,295.27,6.7
1753547008161,16:23:28.161,AAVE/USDT:USDT,295.24,0.5,295.22,3.2,295.25,1.5,295.27,6.7
1753547008311,16:23:28.311,AAVE/USDT:USDT,295.24,0.5,295.22,3.2,295.25,1.5,295.26,2.5
1753547008461,16:23:28.461,AAVE/USDT:USDT,295.24,0.5,295.22,3.2,295.25,1.5,295.26,2.5
1753547008611,16:23:28.611,AAVE/USDT:USDT,295.24,0.5,295.22,3.2,295.25,1.5,295.26,2.5
1753547008761,16:23:28.761,AAVE/USDT:USDT,295.24,0.5,295.22,2.9,295.25,1.5,295.26,2.5
1753547008911,16:23:28.911,AAVE/USDT:USDT,295.24,0.5,295.22,2.9,295.25,1.5,295.26,2.5
1753547009061,16:23:29.061,AAVE/USDT:USDT,295.24,0.5,295.22,2.9,295.25,1.2,295.26,2.5
1753547009211,16:23:29.211,AAVE/USDT:USDT,295.24,0.8,295.22,3.1,295.25,1.2,295.27,6.7
1753547009361,16:23:29.361,AAVE/USDT:USDT,295.17,19.4,295.16,71.0,295.24,0.8,295.25,4.4
1753547009511,16:23:29.511,AAVE/USDT:USDT,295.18,0.5,295.17,0.5,295.2,0.7,295.22,26.1
1753547009662,16:23:29.662,AAVE/USDT:USDT,295.18,2.6,295.17,0.5,295.19,2.7,295.2,1.3
1753547009812,16:23:29.812,AAVE/USDT:USDT,295.17,0.5,295.14,42.4,295.18,0.9,295.19,0.9
1753547009962,16:23:29.962,AAVE/USDT:USDT,295.17,0.5,295.16,0.2,295.18,3.4,295.19,2.3
1753547010112,16:23:30.112,AAVE/USDT:USDT,295.17,0.5,295.14,42.4,295.18,3.4,295.19,4.9
1753547010262,16:23:30.262,AAVE/USDT:USDT,295.17,0.7,295.14,42.4,295.18,1.4,295.19,3.9
1753547010412,16:23:30.412,AAVE/USDT:USDT,295.17,0.7,295.14,18.7,295.18,1.4,295.19,3.9
1753547010562,16:23:30.562,AAVE/USDT:USDT,295.17,0.5,295.14,18.7,295.18,4.9,295.19,4.9
1753547010712,16:23:30.712,AAVE/USDT:USDT,295.17,0.5,295.16,0.2,295.18,1.4,295.19,3.9
1753547010862,16:23:30.862,AAVE/USDT:USDT,295.17,0.5,295.16,0.2,295.18,0.8,295.19,3.8
1753547011012,16:23:31.012,AAVE/USDT:USDT,295.17,0.5,295.16,0.2,295.18,0.8,295.19,2.3
1753547011162,16:23:31.162,AAVE/USDT:USDT,295.17,0.5,295.16,0.2,295.18,0.8,295.19,2.3
1753547011312,16:23:31.312,AAVE/USDT:USDT,295.17,0.5,295.16,0.2,295.18,0.8,295.19,2.3
1753547011463,16:23:31.463,AAVE/USDT:USDT,295.17,0.5,295.16,0.2,295.18,0.8,295.19,2.3
1753547011613,16:23:31.613,AAVE/USDT:USDT,295.17,0.5,295.16,0.2,295.18,0.5,295.19,2.3
1753547011763,16:23:31.763,AAVE/USDT:USDT,295.17,0.8,295.16,0.2,295.19,2.3,295.2,0.7
1753547011913,16:23:31.913,AAVE/USDT:USDT,295.17,2.7,295.16,0.4,295.19,2.3,295.2,0.7
1753547012063,16:23:32.063,AAVE/USDT:USDT,295.17,2.7,295.16,0.4,295.19,2.3,295.2,0.7
1753547012213,16:23:32.213,AAVE/USDT:USDT,295.17,2.7,295.16,0.4,295.19,2.3,295.2,0.7
1753547012363,16:23:32.363,AAVE/USDT:USDT,295.17,2.7,295.16,0.4,295.19,2.6,295.2,0.7
1753547012513,16:23:32.513,AAVE/USDT:USDT,295.17,2.7,295.16,0.4,295.18,0.3,295.19,2.3
1753547012663,16:23:32.663,AAVE/USDT:USDT,295.17,2.7,295.16,0.4,295.18,0.3,295.19,2.3
1753547012813,16:23:32.813,AAVE/USDT:USDT,295.17,2.4,295.16,0.2,295.18,0.8,295.19,3.8
1753547012963,16:23:32.963,AAVE/USDT:USDT,295.17,0.5,295.15,25.8,295.18,0.8,295.19,3.3
1753547013113,16:23:33.113,AAVE/USDT:USDT,295.17,0.7,295.15,25.8,295.18,0.8,295.19,2.3
1753547013264,16:23:33.264,AAVE/USDT:USDT,295.17,0.5,295.15,25.8,295.18,0.8,295.19,2.3
1753547013414,16:23:33.414,AAVE/USDT:USDT,295.17,0.5,295.15,25.8,295.18,0.8,295.19,2.3
1753547013564,16:23:33.564,AAVE/USDT:USDT,295.17,0.5,295.15,25.8,295.18,1.8,295.19,3.8
1753547013714,16:23:33.714,AAVE/USDT:USDT,295.17,0.5,295.15,25.8,295.18,2.8,295.19,4.8
1753547013864,16:23:33.864,AAVE/USDT:USDT,295.17,0.5,295.15,25.8,295.18,2.8,295.19,4.8
1753547014014,16:23:34.014,AAVE/USDT:USDT,295.17,0.7,295.15,25.8,295.18,0.8,295.19,2.3
1753547014164,16:23:34.164,AAVE/USDT:USDT,295.17,0.5,295.15,25.8,295.18,0.8,295.19,4.8
1753547014314,16:23:34.314,AAVE/USDT:USDT,295.17,0.5,295.16,0.2,295.18,0.8,295.19,0.5
1753547014464,16:23:34.464,AAVE/USDT:USDT,295.17,0.5,295.14,2.2,295.18,3.5,295.19,0.5
1753547014614,16:23:34.614,AAVE/USDT:USDT,295.17,0.5,295.14,2.2,295.18,5.0,295.19,0.5
1753547014764,16:23:34.764,AAVE/USDT:USDT,295.17,0.5,295.14,2.2,295.18,0.8,295.19,0.5
1753547014914,16:23:34.914,AAVE/USDT:USDT,295.17,0.5,295.14,2.2,295.18,1.8,295.19,2.0
1753547015065,16:23:35.065,AAVE/USDT:USDT,295.17,0.5,295.14,2.2,295.18,2.8,295.19,2.0
1753547015215,16:23:35.215,AAVE/USDT:USDT,295.17,0.5,295.14,0.3,295.18,2.8,295.19,3.0
1753547015365,16:23:35.365,AAVE/USDT:USDT,295.17,0.5,295.14,0.3,295.18,2.8,295.19,3.0
1753547015515,16:23:35.515,AAVE/USDT:USDT,295.17,0.5,295.14,0.5,295.18,0.8,295.19,0.5
1753547015665,16:23:35.665,AAVE/USDT:USDT,295.17,0.5,295.16,0.2,295.18,2.3,295.19,0.5
1753547015815,16:23:35.815,AAVE/USDT:USDT,295.17,0.5,295.14,0.3,295.18,2.3,295.19,0.5
1753547015965,16:23:35.965,AAVE/USDT:USDT,295.17,0.5,295.13,67.0,295.18,2.3,295.19,0.5
1753547016115,16:23:36.115,AAVE/USDT:USDT,295.17,0.5,295.13,67.0,295.18,0.8,295.19,1.5
1753547016265,16:23:36.265,AAVE/USDT:USDT,295.17,0.5,295.13,67.0,295.18,2.3,295.19,1.5
1753547016415,16:23:36.415,AAVE/USDT:USDT,295.17,0.5,295.13,67.0,295.18,0.8,295.19,3.0
1753547016565,16:23:36.565,AAVE/USDT:USDT,295.17,0.5,295.13,67.0,295.18,0.8,295.19,3.0
1753547016715,16:23:36.715,AAVE/USDT:USDT,295.17,0.5,295.13,67.0,295.18,0.8,295.19,3.0
1753547016866,16:23:36.866,AAVE/USDT:USDT,295.17,0.5,295.13,67.0,295.18,0.8,295.19,3.0
1753547017016,16:23:37.016,AAVE/USDT:USDT,295.17,0.5,295.13,67.0,295.18,0.8,295.19,3.0
1753547017166,16:23:37.166,AAVE/USDT:USDT,295.17,0.5,295.13,67.0,295.18,0.8,295.19,3.0
1753547017316,16:23:37.316,AAVE/USDT:USDT,295.17,0.8,295.14,0.5,295.19,0.5,295.2,0.7
1753547017466,16:23:37.466,AAVE/USDT:USDT,295.18,1.5,295.17,2.6,295.2,0.7,295.21,7.9
1753547017616,16:23:37.616,AAVE/USDT:USDT,295.19,0.5,295.18,0.5,295.2,3.2,295.21,7.9
1753547017766,16:23:37.766,AAVE/USDT:USDT,295.19,0.5,295.18,0.5,295.2,2.5,295.21,9.4
1753547017916,16:23:37.916,AAVE/USDT:USDT,295.19,0.5,295.18,0.7,295.2,0.7,295.21,9.4
1753547018066,16:23:38.066,AAVE/USDT:USDT,295.19,0.5,295.18,0.5,295.2,1.0,295.21,8.9
1753547018216,16:23:38.216,AAVE/USDT:USDT,295.19,0.5,295.18,0.7,295.2,1.0,295.21,7.9
1753547018366,16:23:38.366,AAVE/USDT:USDT,295.19,0.5,295.18,0.7,295.2,1.0,295.21,9.3
1753547018517,16:23:38.517,AAVE/USDT:USDT,295.19,0.5,295.18,0.7,295.2,1.0,295.21,9.3
1753547018667,16:23:38.667,AAVE/USDT:USDT,295.19,0.5,295.18,0.7,295.2,1.0,295.21,7.8
1753547018817,16:23:38.817,AAVE/USDT:USDT,295.19,0.5,295.18,0.7,295.2,1.0,295.21,7.8
1753547018967,16:23:38.967,AAVE/USDT:USDT,295.19,0.5,295.18,0.5,295.2,5.5,295.21,7.8
1753547019117,16:23:39.117,AAVE/USDT:USDT,295.19,0.5,295.18,0.5,295.2,6.0,295.21,7.8
1753547019267,16:23:39.267,AAVE/USDT:USDT,295.19,0.5,295.18,0.5,295.2,3.0,295.21,7.8
1753547019417,16:23:39.417,AAVE/USDT:USDT,295.19,0.5,295.18,0.5,295.2,4.0,295.21,7.8
1753547019567,16:23:39.567,AAVE/USDT:USDT,295.19,0.5,295.18,0.5,295.2,3.0,295.21,7.8
1753547019717,16:23:39.717,AAVE/USDT:USDT,295.19,0.5,295.18,0.5,295.2,3.0,295.21,7.8
1753547019867,16:23:39.867,AAVE/USDT:USDT,295.19,0.5,295.18,0.5,295.2,2.5,295.21,7.8
1753547020017,16:23:40.017,AAVE/USDT:USDT,295.19,0.7,295.18,0.5,295.2,1.0,295.21,7.8
1753547020167,16:23:40.167,AAVE/USDT:USDT,295.19,0.5,295.18,0.5,295.2,1.0,295.21,9.3
1753547020318,16:23:40.318,AAVE/USDT:USDT,295.19,0.5,295.18,0.5,295.2,1.0,295.21,9.3
1753547020468,16:23:40.468,AAVE/USDT:USDT,295.19,0.5,295.18,0.5,295.2,1.0,295.21,9.3
1753547020618,16:23:40.618,AAVE/USDT:USDT,295.19,0.5,295.18,0.5,295.2,1.0,295.21,10.3
1753547020768,16:23:40.768,AAVE/USDT:USDT,295.19,0.5,295.18,0.7,295.2,1.0,295.22,26.5
1753547020918,16:23:40.918,AAVE/USDT:USDT,295.19,0.8,295.18,0.7,295.2,0.7,295.22,26.5
1753547021068,16:23:41.068,AAVE/USDT:USDT,295.19,0.8,295.18,0.7,295.2,0.7,295.21,1.5
1753547021218,16:23:41.218,AAVE/USDT:USDT,295.19,0.5,295.18,0.7,295.2,0.7,295.21,2.5
1753547021368,16:23:41.368,AAVE/USDT:USDT,295.19,0.8,295.18,0.5,295.2,0.7,295.21,1.0
1753547021518,16:23:41.518,AAVE/USDT:USDT,295.19,0.5,295.18,0.5,295.2,0.7,295.21,1.0
1753547021668,16:23:41.668,AAVE/USDT:USDT,295.19,0.5,295.18,0.5,295.2,2.2,295.21,1.0
1753547021818,16:23:41.818,AAVE/USDT:USDT,295.19,0.8,295.18,0.7,295.2,1.2,295.21,1.0
1753547021969,16:23:41.969,AAVE/USDT:USDT,295.19,0.8,295.18,0.5,295.2,1.2,295.21,2.5
1753547022119,16:23:42.119,AAVE/USDT:USDT,295.19,1.0,295.18,0.5,295.2,1.2,295.22,26.5
1753547022269,16:23:42.269,AAVE/USDT:USDT,295.19,1.0,295.18,0.5,295.2,0.7,295.22,26.5
1753547022419,16:23:42.419,AAVE/USDT:USDT,295.19,0.8,295.18,0.5,295.2,0.7,295.21,1.5
1753547022569,16:23:42.569,AAVE/USDT:USDT,295.19,1.0,295.18,0.7,295.2,0.7,295.22,26.5
1753547022719,16:23:42.719,AAVE/USDT:USDT,295.21,0.5,295.2,0.3,295.22,26.5,295.23,2.4
1753547022869,16:23:42.869,AAVE/USDT:USDT,295.21,0.8,295.19,2.6,295.22,27.0,295.23,3.9
1753547023019,16:23:43.019,AAVE/USDT:USDT,295.21,0.8,295.19,2.6,295.22,27.0,295.23,4.9
1753547023169,16:23:43.169,AAVE/USDT:USDT,295.21,2.1,295.2,4.1,295.25,0.7,295.26,25.8
1753547023319,16:23:43.319,AAVE/USDT:USDT,295.24,0.5,295.22,2.1,295.25,2.7,295.26,25.9
1753547023469,16:23:43.469,AAVE/USDT:USDT,295.22,1.9,295.21,2.4,295.24,1.9,295.25,5.7
1753547023619,16:23:43.619,AAVE/USDT:USDT,295.23,0.8,295.22,1.9,295.24,1.9,295.25,2.2
1753547023770,16:23:43.770,AAVE/USDT:USDT,295.23,0.5,295.22,1.9,295.24,2.7,295.25,2.2
1753547023920,16:23:43.920,AAVE/USDT:USDT,295.23,0.5,295.21,2.4,295.24,4.2,295.25,2.2
1753547024070,16:23:44.070,AAVE/USDT:USDT,295.21,0.5,295.19,5.1,295.24,6.2,295.25,2.2
1753547024220,16:23:44.220,AAVE/USDT:USDT,295.21,0.8,295.19,5.1,295.22,0.5,295.23,0.3
1753547024370,16:23:44.370,AAVE/USDT:USDT,295.21,0.5,295.19,2.4,295.22,3.8,295.24,10.4
1753547024520,16:23:44.520,AAVE/USDT:USDT,295.21,0.5,295.19,2.4,295.22,2.8,295.24,10.4
1753547024670,16:23:44.670,AAVE/USDT:USDT,295.19,2.4,295.18,26.1,295.22,3.8,295.24,10.4
1753547024820,16:23:44.820,AAVE/USDT:USDT,295.19,2.4,295.18,26.1,295.2,0.5,295.21,2.2
1753547024970,16:23:44.970,AAVE/USDT:USDT,295.16,0.5,295.15,25.8,295.18,0.3,295.19,1.9
1753547025120,16:23:45.120,AAVE/USDT:USDT,295.16,0.5,295.15,25.8,295.17,2.3,295.18,2.8
1753547025270,16:23:45.270,AAVE/USDT:USDT,295.16,0.5,295.15,25.8,295.17,3.1,295.18,2.5
1753547025421,16:23:45.421,AAVE/USDT:USDT,295.16,0.5,295.15,25.8,295.17,3.1,295.18,2.5
1753547025571,16:23:45.571,AAVE/USDT:USDT,295.16,0.5,295.15,26.0,295.17,3.1,295.18,2.5
1753547025721,16:23:45.721,AAVE/USDT:USDT,295.16,0.5,295.15,26.0,295.17,3.1,295.18,2.5
1753547025871,16:23:45.871,AAVE/USDT:USDT,295.16,0.5,295.15,26.0,295.17,0.9,295.18,0.5
1753547026021,16:23:46.021,AAVE/USDT:USDT,295.16,1.0,295.15,28.7,295.2,0.7,295.22,1.3
1753547026171,16:23:46.171,AAVE/USDT:USDT,295.19,0.5,295.17,1.9,295.2,1.0,295.21,2.5
1753547026321,16:23:46.321,AAVE/USDT:USDT,295.19,0.5,295.17,1.9,295.2,1.5,295.21,2.5
1753547026471,16:23:46.471,AAVE/USDT:USDT,295.19,0.5,295.17,1.9,295.2,1.5,295.21,2.5
1753547026621,16:23:46.621,AAVE/USDT:USDT,295.19,0.5,295.17,1.9,295.2,1.5,295.21,2.5
1753547026771,16:23:46.771,AAVE/USDT:USDT,295.19,0.5,295.17,1.9,295.2,3.5,295.21,2.5
1753547026921,16:23:46.921,AAVE/USDT:USDT,295.19,0.5,295.17,1.9,295.2,3.5,295.21,2.5
1753547027071,16:23:47.071,AAVE/USDT:USDT,295.19,0.5,295.17,1.9,295.2,1.5,295.21,2.5
1753547027222,16:23:47.222,AAVE/USDT:USDT,295.19,0.5,295.17,1.9,295.2,1.5,295.21,2.5
1753547027372,16:23:47.372,AAVE/USDT:USDT,295.19,0.5,295.17,1.9,295.2,1.5,295.21,2.5
1753547027522,16:23:47.522,AAVE/USDT:USDT,295.19,0.5,295.17,1.9,295.2,1.5,295.21,2.5
1753547027672,16:23:47.672,AAVE/USDT:USDT,295.19,0.5,295.17,1.9,295.2,1.5,295.21,2.5
1753547027822,16:23:47.822,AAVE/USDT:USDT,295.19,1.5,295.18,1.0,295.2,2.0,295.25,1.2
1753547027972,16:23:47.972,AAVE/USDT:USDT,295.19,1.5,295.18,1.2,295.2,0.3,295.23,6.5
1753547028122,16:23:48.122,AAVE/USDT:USDT,295.19,1.5,295.18,1.0,295.2,0.3,295.21,1.0
1753547028272,16:23:48.272,AAVE/USDT:USDT,295.19,1.5,295.18,1.0,295.2,0.3,295.21,2.5
1753547028422,16:23:48.422,AAVE/USDT:USDT,295.19,1.5,295.18,1.0,295.2,0.3,295.21,2.5
1753547028572,16:23:48.572,AAVE/USDT:USDT,295.19,1.5,295.18,1.0,295.2,0.3,295.21,2.5
1753547028722,16:23:48.722,AAVE/USDT:USDT,295.19,0.5,295.18,1.0,295.2,0.3,295.21,2.5
1753547028872,16:23:48.872,AAVE/USDT:USDT,295.19,0.5,295.18,1.2,295.2,0.3,295.23,6.8
1753547029023,16:23:49.023,AAVE/USDT:USDT,295.19,0.5,295.18,1.2,295.2,0.3,295.23,6.8
1753547029173,16:23:49.173,AAVE/USDT:USDT,295.19,0.5,295.18,1.2,295.2,0.3,295.23,6.8
1753547029323,16:23:49.323,AAVE/USDT:USDT,295.19,0.5,295.18,1.2,295.2,0.3,295.23,6.8
1753547029473,16:23:49.473,AAVE/USDT:USDT,295.19,0.5,295.18,1.2,295.2,0.3,295.23,6.8
1753547029623,16:23:49.623,AAVE/USDT:USDT,295.19,0.5,295.18,1.2,295.2,0.3,295.23,6.8
1753547029773,16:23:49.773,AAVE/USDT:USDT,295.19,0.5,295.18,1.2,295.2,0.3,295.23,6.8
1753547029923,16:23:49.923,AAVE/USDT:USDT,295.19,0.5,295.18,1.2,295.2,0.3,295.23,6.8
1753547030073,16:23:50.073,AAVE/USDT:USDT,295.19,0.5,295.18,1.2,295.2,0.3,295.23,6.8
1753547030223,16:23:50.223,AAVE/USDT:USDT,295.19,0.5,295.18,1.2,295.2,0.3,295.23,6.8
1753547030373,16:23:50.373,AAVE/USDT:USDT,295.19,0.7,295.18,1.2,295.23,0.3,295.25,1.3
1753547030523,16:23:50.523,AAVE/USDT:USDT,295.22,2.4,295.21,0.3,295.23,0.3,295.25,1.3
1753547030673,16:23:50.673,AAVE/USDT:USDT,295.24,1.2,295.23,1.2,295.25,0.8,295.26,26.7
1753547030824,16:23:50.824,AAVE/USDT:USDT,295.24,0.5,295.22,2.6,295.25,1.1,295.26,27.4
1753547030974,16:23:50.974,AAVE/USDT:USDT,295.24,0.5,295.22,2.6,295.25,1.1,295.26,27.4
1753547031124,16:23:51.124,AAVE/USDT:USDT,295.24,0.5,295.22,2.6,295.25,1.1,295.26,27.4
1753547031274,16:23:51.274,AAVE/USDT:USDT,295.24,0.5,295.22,2.6,295.25,1.1,295.26,27.4
1753547031424,16:23:51.424,AAVE/USDT:USDT,295.22,0.5,295.2,27.7,295.23,2.4,295.25,5.1
1753547031574,16:23:51.574,AAVE/USDT:USDT,295.22,0.5,295.2,27.7,295.23,2.7,295.25,11.3
1753547031724,16:23:51.724,AAVE/USDT:USDT,295.22,0.5,295.2,27.7,295.23,2.7,295.25,1.3
1753547031874,16:23:51.874,AAVE/USDT:USDT,295.22,0.7,295.2,27.7,295.23,2.7,295.25,7.8
1753547032024,16:23:52.024,AAVE/USDT:USDT,295.22,0.5,295.2,27.7,295.23,2.4,295.25,7.8
1753547032174,16:23:52.174,AAVE/USDT:USDT,295.22,0.7,295.2,27.7,295.23,0.8,295.25,7.8
1753547032324,16:23:52.324,AAVE/USDT:USDT,295.22,0.5,295.2,27.7,295.23,0.8,295.24,1.0
1753547032474,16:23:52.474,AAVE/USDT:USDT,295.22,0.5,295.21,0.2,295.23,0.8,295.24,2.5
1753547032625,16:23:52.625,AAVE/USDT:USDT,295.22,0.5,295.2,27.7,295.23,0.8,295.24,1.0
1753547032775,16:23:52.775,AAVE/USDT:USDT,295.22,0.5,295.2,27.7,295.23,0.3,295.25,7.8
1753547032925,16:23:52.925,AAVE/USDT:USDT,295.22,0.5,295.21,0.4,295.25,7.8,295.26,26.4
1753547033075,16:23:53.075,AAVE/USDT:USDT,295.22,0.8,295.21,0.4,295.24,1.0,295.25,3.2
1753547033225,16:23:53.225,AAVE/USDT:USDT,295.22,0.5,295.21,0.4,295.24,3.7,295.25,3.2
1753547033375,16:23:53.375,AAVE/USDT:USDT,295.22,0.5,295.21,0.4,295.23,0.4,295.24,2.7
1753547033525,16:23:53.525,AAVE/USDT:USDT,295.22,0.5,295.21,0.4,295.23,1.2,295.24,2.4
1753547033675,16:23:53.675,AAVE/USDT:USDT,295.22,0.5,295.2,27.7,295.23,1.2,295.24,3.9
1753547033825,16:23:53.825,AAVE/USDT:USDT,295.22,0.5,295.2,27.7,295.23,2.2,295.24,2.4
1753547033975,16:23:53.975,AAVE/USDT:USDT,295.22,0.5,295.2,27.7,295.23,1.2,295.24,3.9
1753547034125,16:23:54.125,AAVE/USDT:USDT,295.22,0.5,295.2,27.7,295.23,2.2,295.24,3.9
1753547034275,16:23:54.275,AAVE/USDT:USDT,295.22,0.5,295.2,27.7,295.23,2.2,295.24,3.9
1753547034426,16:23:54.426,AAVE/USDT:USDT,295.22,0.5,295.21,0.2,295.23,0.8,295.24,3.9
1753547034575,16:23:54.575,AAVE/USDT:USDT,295.22,0.5,295.2,27.7,295.23,0.8,295.24,4.9
1753547034726,16:23:54.726,AAVE/USDT:USDT,295.22,0.5,295.21,0.2,295.23,0.8,295.24,3.4
1753547034876,16:23:54.876,AAVE/USDT:USDT,295.21,0.5,295.2,25.8,295.22,2.4,295.23,4.7
1753547035026,16:23:55.026,AAVE/USDT:USDT,295.21,0.5,295.2,25.8,295.22,2.9,295.23,4.0
1753547035176,16:23:55.176,AAVE/USDT:USDT,295.21,0.5,295.2,25.8,295.22,2.9,295.23,4.0
1753547035326,16:23:55.326,AAVE/USDT:USDT,295.21,0.8,295.2,25.8,295.22,2.9,295.23,0.5
1753547035476,16:23:55.476,AAVE/USDT:USDT,295.21,0.8,295.2,26.0,295.22,2.9,295.23,0.5
1753547035626,16:23:55.626,AAVE/USDT:USDT,295.21,0.8,295.2,26.0,295.22,2.9,295.23,0.5
1753547035776,16:23:55.776,AAVE/USDT:USDT,295.21,0.8,295.2,26.0,295.22,1.0,295.23,0.5
1753547035926,16:23:55.926,AAVE/USDT:USDT,295.21,0.5,295.2,26.0,295.22,1.0,295.23,0.5
1753547036076,16:23:56.076,AAVE/USDT:USDT,295.21,0.5,295.2,26.0,295.22,0.5,295.23,0.5
1753547036227,16:23:56.227,AAVE/USDT:USDT,295.21,0.8,295.2,26.0,295.23,0.5,295.24,9.9
1753547036377,16:23:56.377,AAVE/USDT:USDT,295.21,2.4,295.2,26.0,295.23,0.5,295.24,2.4
1753547036527,16:23:56.527,AAVE/USDT:USDT,295.22,0.3,295.21,2.4,295.23,0.5,295.24,2.4
1753547036677,16:23:56.677,AAVE/USDT:USDT,295.22,0.5,295.21,5.1,295.23,2.3,295.24,2.4
1753547036827,16:23:56.827,AAVE/USDT:USDT,295.22,0.5,295.21,5.1,295.23,0.8,295.24,3.4
1753547036977,16:23:56.977,AAVE/USDT:USDT,295.22,0.5,295.21,5.1,295.23,0.8,295.24,3.4
1753547037127,16:23:57.127,AAVE/USDT:USDT,295.22,0.5,295.21,5.1,295.23,0.8,295.24,3.4
1753547037277,16:23:57.277,AAVE/USDT:USDT,295.22,0.5,295.21,5.1,295.23,0.8,295.24,4.9
1753547037427,16:23:57.427,AAVE/USDT:USDT,295.22,0.5,295.21,5.1,295.23,0.8,295.24,4.9
1753547037577,16:23:57.577,AAVE/USDT:USDT,295.22,0.5,295.21,5.1,295.23,0.8,295.24,3.4
1753547037727,16:23:57.727,AAVE/USDT:USDT,295.22,0.5,295.21,5.1,295.23,0.8,295.24,3.4
1753547037877,16:23:57.877,AAVE/USDT:USDT,295.22,0.5,295.21,5.1,295.23,0.8,295.24,3.4
1753547038027,16:23:58.027,AAVE/USDT:USDT,295.22,0.5,295.21,5.1,295.23,2.3,295.24,3.4
1753547038178,16:23:58.178,AAVE/USDT:USDT,295.22,0.5,295.21,5.1,295.23,0.8,295.24,3.4
1753547038328,16:23:58.328,AAVE/USDT:USDT,295.22,0.5,295.21,5.1,295.23,0.5,295.24,3.4
1753547038478,16:23:58.478,AAVE/USDT:USDT,295.22,0.8,295.21,5.3,295.24,0.5,295.25,9.2
1753547038628,16:23:58.628,AAVE/USDT:USDT,295.22,2.7,295.21,5.1,295.24,0.3,295.25,2.7
1753547038778,16:23:58.778,AAVE/USDT:USDT,295.22,2.4,295.21,5.1,295.24,2.3,295.25,2.7
1753547038928,16:23:58.928,AAVE/USDT:USDT,295.22,2.4,295.21,5.1,295.23,0.4,295.24,2.0
1753547039078,16:23:59.078,AAVE/USDT:USDT,295.22,2.4,295.21,5.1,295.23,0.7,295.24,3.0
1753547039228,16:23:59.228,AAVE/USDT:USDT,295.22,2.4,295.21,5.1,295.23,1.2,295.24,3.0
1753547039378,16:23:59.378,AAVE/USDT:USDT,295.22,2.4,295.21,5.1,295.23,0.9,295.24,2.0
1753547039528,16:23:59.528,AAVE/USDT:USDT,295.22,2.4,295.21,5.3,295.23,0.9,295.24,2.0
1753547039678,16:23:59.678,AAVE/USDT:USDT,295.22,2.4,295.21,5.3,295.23,0.9,295.24,0.5
1753547039829,16:23:59.829,AAVE/USDT:USDT,295.22,2.4,295.21,5.3,295.23,0.9,295.24,0.5
1753547039979,16:23:59.979,AAVE/USDT:USDT,295.22,2.4,295.21,5.3,295.23,0.9,295.24,0.5
1753547040129,16:24:00.129,AAVE/USDT:USDT,295.22,2.4,295.21,5.3,295.23,0.5,295.24,0.5
1753547040279,16:24:00.279,AAVE/USDT:USDT,295.22,2.4,295.21,5.3,295.24,0.5,295.25,9.2
1753547040429,16:24:00.429,AAVE/USDT:USDT,295.23,0.3,295.22,2.4,295.25,2.7,295.26,32.4
1753547040579,16:24:00.579,AAVE/USDT:USDT,295.24,0.5,295.22,2.4,295.25,3.0,295.26,25.9
1753547040729,16:24:00.729,AAVE/USDT:USDT,295.24,0.5,295.22,2.4,295.25,6.5,295.26,25.9
1753547040879,16:24:00.879,AAVE/USDT:USDT,295.24,0.5,295.22,2.4,295.25,5.5,295.26,25.9
1753547041029,16:24:01.029,AAVE/USDT:USDT,295.24,0.5,295.22,2.4,295.25,6.0,295.26,25.9
1753547041179,16:24:01.179,AAVE/USDT:USDT,295.24,0.5,295.22,2.4,295.25,6.0,295.26,25.9
1753547041329,16:24:01.329,AAVE/USDT:USDT,295.24,0.5,295.22,2.4,295.25,6.0,295.26,25.9
1753547041479,16:24:01.479,AAVE/USDT:USDT,295.24,0.5,295.22,2.4,295.25,6.0,295.26,25.9
1753547041630,16:24:01.630,AAVE/USDT:USDT,295.24,0.5,295.22,2.4,295.25,6.0,295.26,25.9
1753547041780,16:24:01.780,AAVE/USDT:USDT,295.24,0.5,295.22,2.4,295.25,5.0,295.26,25.9
1753547041930,16:24:01.930,AAVE/USDT:USDT,295.24,0.5,295.22,2.4,295.25,7.0,295.26,26.9
1753547042080,16:24:02.080,AAVE/USDT:USDT,295.24,0.5,295.22,2.4,295.25,3.5,295.26,26.9
1753547042230,16:24:02.230,AAVE/USDT:USDT,295.24,0.5,295.22,2.4,295.25,5.0,295.26,26.9
1753547042380,16:24:02.380,AAVE/USDT:USDT,295.24,0.5,295.22,2.4,295.25,3.5,295.26,26.9
1753547042530,16:24:02.530,AAVE/USDT:USDT,295.24,0.5,295.22,2.4,295.25,3.5,295.26,28.4
1753547042680,16:24:02.680,AAVE/USDT:USDT,295.24,0.5,295.22,2.4,295.25,3.5,295.26,28.4
1753547042830,16:24:02.830,AAVE/USDT:USDT,295.24,0.5,295.22,2.4,295.25,3.5,295.26,28.4
1753547042980,16:24:02.980,AAVE/USDT:USDT,295.24,0.5,295.22,2.4,295.25,3.5,295.26,28.4
1753547043130,16:24:03.130,AAVE/USDT:USDT,295.24,0.5,295.22,2.4,295.25,3.5,295.26,28.4
1753547043280,16:24:03.280,AAVE/USDT:USDT,295.24,0.5,295.22,2.4,295.25,3.5,295.26,28.4
1753547043431,16:24:03.431,AAVE/USDT:USDT,295.24,0.5,295.22,2.4,295.25,3.5,295.26,28.4
1753547043581,16:24:03.581,AAVE/USDT:USDT,295.24,0.5,295.22,2.4,295.25,3.5,295.26,28.4
1753547043731,16:24:03.731,AAVE/USDT:USDT,295.24,0.5,295.22,2.4,295.25,3.5,295.26,28.4
1753547043881,16:24:03.881,AAVE/USDT:USDT,295.24,0.5,295.22,2.4,295.25,3.5,295.26,28.4
1753547044031,16:24:04.031,AAVE/USDT:USDT,295.24,0.5,295.22,2.4,295.25,3.5,295.26,28.4
1753547044181,16:24:04.181,AAVE/USDT:USDT,295.24,0.5,295.22,2.4,295.25,3.5,295.26,28.4
1753547044331,16:24:04.331,AAVE/USDT:USDT,295.24,0.8,295.23,2.9,295.27,10.0,295.28,8.0
1753547044481,16:24:04.481,AAVE/USDT:USDT,295.26,3.5,295.24,0.5,295.27,10.0,295.28,8.0
1753547044631,16:24:04.631,AAVE/USDT:USDT,295.26,2.4,295.24,0.5,295.27,10.0,295.28,9.0
1753547044782,16:24:04.782,AAVE/USDT:USDT,295.26,2.4,295.24,0.5,295.27,10.0,295.28,9.0
1753547044931,16:24:04.931,AAVE/USDT:USDT,295.26,2.4,295.24,0.5,295.27,10.0,295.28,9.0
1753547045082,16:24:05.082,AAVE/USDT:USDT,295.26,2.4,295.24,0.5,295.27,10.0,295.28,9.0
1753547045232,16:24:05.232,AAVE/USDT:USDT,295.26,2.4,295.24,0.5,295.27,10.0,295.28,9.0
1753547045382,16:24:05.382,AAVE/USDT:USDT,295.26,0.5,295.24,0.5,295.27,10.5,295.28,10.5
1753547045532,16:24:05.532,AAVE/USDT:USDT,295.26,0.5,295.24,0.5,295.27,10.5,295.28,10.5
1753547045682,16:24:05.682,AAVE/USDT:USDT,295.26,0.5,295.24,0.5,295.27,10.5,295.28,10.5
1753547045832,16:24:05.832,AAVE/USDT:USDT,295.26,0.5,295.24,0.5,295.27,10.5,295.28,10.5
1753547045982,16:24:05.982,AAVE/USDT:USDT,295.26,0.5,295.24,0.5,295.27,10.5,295.28,10.5
1753547046132,16:24:06.132,AAVE/USDT:USDT,295.26,0.5,295.24,0.5,295.27,10.5,295.28,10.5
1753547046282,16:24:06.282,AAVE/USDT:USDT,295.26,0.5,295.24,0.5,295.27,10.5,295.28,10.5
1753547046432,16:24:06.432,AAVE/USDT:USDT,295.26,0.5,295.24,0.5,295.27,10.5,295.28,10.5
1753547046582,16:24:06.582,AAVE/USDT:USDT,295.26,0.5,295.24,0.5,295.27,10.5,295.28,10.5
1753547046732,16:24:06.732,AAVE/USDT:USDT,295.26,0.5,295.24,0.5,295.27,10.5,295.28,10.5
1753547046882,16:24:06.882,AAVE/USDT:USDT,295.24,0.5,295.23,3.4,295.27,10.5,295.28,10.5
1753547047033,16:24:07.033,AAVE/USDT:USDT,295.25,0.3,295.24,0.5,295.27,12.4,295.28,10.5
1753547047183,16:24:07.183,AAVE/USDT:USDT,295.25,0.8,295.24,0.5,295.26,0.9,295.27,12.4
1753547047333,16:24:07.333,AAVE/USDT:USDT,295.25,0.5,295.24,0.5,295.26,0.9,295.27,12.4
1753547047483,16:24:07.483,AAVE/USDT:USDT,295.25,0.5,295.24,0.5,295.26,0.9,295.27,12.4
1753547047633,16:24:07.633,AAVE/USDT:USDT,295.25,0.5,295.24,0.5,295.26,3.2,295.27,12.4
1753547047783,16:24:07.783,AAVE/USDT:USDT,295.25,0.5,295.24,0.5,295.26,1.2,295.27,12.4
1753547047933,16:24:07.933,AAVE/USDT:USDT,295.24,0.5,295.22,2.2,295.26,1.2,295.27,12.4
1753547048083,16:24:08.083,AAVE/USDT:USDT,295.24,0.5,295.22,2.2,295.25,0.4,295.26,1.2
1753547048233,16:24:08.233,AAVE/USDT:USDT,295.24,0.5,295.22,2.2,295.25,0.9,295.26,0.8
1753547048383,16:24:08.383,AAVE/USDT:USDT,295.24,0.5,295.23,0.2,295.25,0.9,295.26,0.5
1753547048533,16:24:08.533,AAVE/USDT:USDT,295.24,0.5,295.22,1.9,295.25,0.9,295.26,0.5
1753547048683,16:24:08.683,AAVE/USDT:USDT,295.24,0.5,295.22,1.9,295.25,5.7,295.26,0.5
1753547048834,16:24:08.834,AAVE/USDT:USDT,295.24,0.5,295.22,1.9,295.25,5.7,295.26,0.5
1753547048984,16:24:08.984,AAVE/USDT:USDT,295.24,0.5,295.22,1.9,295.25,5.4,295.26,0.5
1753547049134,16:24:09.134,AAVE/USDT:USDT,295.24,0.8,295.23,0.2,295.25,0.9,295.26,0.5
1753547049284,16:24:09.284,AAVE/USDT:USDT,295.24,0.8,295.22,1.9,295.25,0.9,295.26,1.5
1753547049434,16:24:09.434,AAVE/USDT:USDT,295.24,0.8,295.22,1.9,295.25,0.9,295.26,3.0
1753547049584,16:24:09.584,AAVE/USDT:USDT,295.24,0.5,295.22,1.9,295.25,0.9,295.26,3.0
1753547049734,16:24:09.734,AAVE/USDT:USDT,295.24,0.5,295.22,1.9,295.25,0.9,295.26,3.0
1753547049884,16:24:09.884,AAVE/USDT:USDT,295.24,0.5,295.22,1.9,295.25,1.2,295.26,3.0
1753547050034,16:24:10.034,AAVE/USDT:USDT,295.24,0.5,295.22,1.9,295.25,1.2,295.26,3.0
1753547050184,16:24:10.184,AAVE/USDT:USDT,295.24,0.5,295.22,1.9,295.25,1.2,295.26,3.0
1753547050334,16:24:10.334,AAVE/USDT:USDT,295.24,0.5,295.22,1.9,295.25,1.2,295.26,3.0
1753547050484,16:24:10.484,AAVE/USDT:USDT,295.24,0.5,295.22,1.9,295.25,1.2,295.26,3.0
1753547050635,16:24:10.635,AAVE/USDT:USDT,295.24,0.5,295.22,1.9,295.25,1.2,295.26,3.0
1753547050785,16:24:10.785,AAVE/USDT:USDT,295.24,0.8,295.22,1.9,295.25,0.9,295.26,1.5
1753547050935,16:24:10.935,AAVE/USDT:USDT,295.24,1.0,295.22,1.9,295.25,0.5,295.26,0.5
1753547051085,16:24:11.085,AAVE/USDT:USDT,295.24,0.8,295.22,1.9,295.25,1.5,295.26,2.0
1753547051235,16:24:11.235,AAVE/USDT:USDT,295.24,0.8,295.22,1.9,295.25,0.5,295.26,2.0
1753547051385,16:24:11.385,AAVE/USDT:USDT,295.24,0.8,295.22,1.9,295.25,0.5,295.26,3.0
1753547051535,16:24:11.535,AAVE/USDT:USDT,295.24,1.0,295.22,1.9,295.25,0.5,295.26,0.5
1753547051685,16:24:11.685,AAVE/USDT:USDT,295.24,0.8,295.23,0.2,295.26,0.5,295.27,18.9
1753547051835,16:24:11.835,AAVE/USDT:USDT,295.25,0.8,295.24,0.5,295.26,0.5,295.27,14.9
1753547051985,16:24:11.985,AAVE/USDT:USDT,295.25,0.5,295.24,0.5,295.26,0.9,295.27,14.9
1753547052135,16:24:12.135,AAVE/USDT:USDT,295.25,0.5,295.24,0.5,295.26,0.9,295.27,14.9
1753547052285,16:24:12.285,AAVE/USDT:USDT,295.25,0.5,295.24,0.5,295.26,0.9,295.27,14.9
1753547052436,16:24:12.436,AAVE/USDT:USDT,295.25,0.8,295.24,0.5,295.27,11.9,295.28,8.0
1753547052586,16:24:12.586,AAVE/USDT:USDT,295.25,2.7,295.24,0.5,295.26,0.4,295.27,13.4
1753547052736,16:24:12.736,AAVE/USDT:USDT,295.25,2.7,295.24,0.5,295.26,0.4,295.27,13.4
1753547052886,16:24:12.886,AAVE/USDT:USDT,295.25,2.7,295.24,0.5,295.26,0.4,295.27,13.4
1753547053036,16:24:13.036,AAVE/USDT:USDT,295.25,2.7,295.24,0.5,295.26,0.4,295.27,13.4
1753547053186,16:24:13.186,AAVE/USDT:USDT,295.25,2.7,295.24,0.5,295.26,0.4,295.27,13.4
1753547053336,16:24:13.336,AAVE/USDT:USDT,295.25,2.7,295.24,0.5,295.26,0.4,295.27,13.4
1753547053486,16:24:13.486,AAVE/USDT:USDT,295.23,0.4,295.22,2.2,295.26,0.9,295.27,11.9
1753547053636,16:24:13.636,AAVE/USDT:USDT,295.25,0.3,295.24,1.9,295.26,0.9,295.27,11.9
1753547053786,16:24:13.786,AAVE/USDT:USDT,295.25,0.3,295.24,1.9,295.26,0.9,295.27,13.4
1753547053936,16:24:13.936,AAVE/USDT:USDT,295.25,0.3,295.24,1.9,295.26,0.9,295.27,14.4
1753547054086,16:24:14.086,AAVE/USDT:USDT,295.25,0.3,295.24,1.9,295.26,0.9,295.27,14.4
1753547054237,16:24:14.237,AAVE/USDT:USDT,295.25,0.3,295.24,1.9,295.26,0.9,295.27,14.4
1753547054386,16:24:14.386,AAVE/USDT:USDT,295.24,1.9,295.23,0.2,295.26,0.9,295.27,14.4
1753547054537,16:24:14.537,AAVE/USDT:USDT,295.24,2.2,295.23,0.2,295.25,0.4,295.26,2.8
1753547054687,16:24:14.687,AAVE/USDT:USDT,295.22,1.9,295.21,2.1,295.25,1.2,295.26,2.4
1753547054837,16:24:14.837,AAVE/USDT:USDT,295.23,0.3,295.22,2.1,295.25,1.2,295.26,2.4
1753547054987,16:24:14.987,AAVE/USDT:USDT,295.23,0.3,295.22,2.1,295.25,1.2,295.26,2.4
1753547055137,16:24:15.137,AAVE/USDT:USDT,295.23,0.3,295.22,2.1,295.25,1.2,295.26,2.4
1753547055287,16:24:15.287,AAVE/USDT:USDT,295.23,0.3,295.22,2.1,295.25,1.2,295.26,2.4
1753547055437,16:24:15.437,AAVE/USDT:USDT,295.23,0.3,295.22,2.1,295.25,0.9,295.26,2.4
1753547055587,16:24:15.587,AAVE/USDT:USDT,295.16,0.3,295.15,25.9,295.22,1.1,295.24,6.1
1753547055737,16:24:15.737,AAVE/USDT:USDT,295.18,25.8,295.17,1.9,295.22,1.1,295.23,0.2
1753547055888,16:24:15.888,AAVE/USDT:USDT,295.19,2.2,295.18,27.7,295.21,0.4,295.22,1.1
1753547056038,16:24:16.038,AAVE/USDT:USDT,295.19,2.2,295.18,27.7,295.21,0.4,295.22,0.5
1753547056188,16:24:16.188,AAVE/USDT:USDT,295.19,2.2,295.18,27.7,295.21,0.4,295.22,0.5
1753547056338,16:24:16.338,AAVE/USDT:USDT,295.19,2.2,295.18,27.7,295.21,0.4,295.22,0.5
1753547056488,16:24:16.488,AAVE/USDT:USDT,295.19,2.2,295.18,27.7,295.22,0.5,295.23,0.2
1753547056638,16:24:16.638,AAVE/USDT:USDT,295.21,1.9,295.2,1.4,295.23,0.2,295.24,5.4
1753547056788,16:24:16.788,AAVE/USDT:USDT,295.21,2.2,295.2,1.1,295.23,0.2,295.24,5.4
1753547056938,16:24:16.938,AAVE/USDT:USDT,295.21,2.2,295.2,1.1,295.23,0.2,295.24,3.4
1753547057088,16:24:17.088,AAVE/USDT:USDT,295.21,2.2,295.2,1.3,295.23,0.2,295.24,3.4
1753547057238,16:24:17.238,AAVE/USDT:USDT,295.21,3.4,295.2,0.2,295.25,2.4,295.26,2.6
1753547057388,16:24:17.388,AAVE/USDT:USDT,295.23,1.1,295.22,28.8,295.25,2.4,295.26,2.6
1753547057538,16:24:17.538,AAVE/USDT:USDT,295.23,1.4,295.22,27.7,295.25,3.4,295.26,2.6
1753547057689,16:24:17.689,AAVE/USDT:USDT,295.23,3.3,295.22,27.7,295.25,2.4,295.26,2.6
1753547057839,16:24:17.839,AAVE/USDT:USDT,295.23,3.3,295.22,27.7,295.26,2.6,295.27,12.4
1753547057989,16:24:17.989,AAVE/USDT:USDT,295.23,3.3,295.22,27.9,295.26,2.6,295.27,12.4
1753547058139,16:24:18.139,AAVE/USDT:USDT,295.25,1.9,295.24,1.1,295.27,14.4,295.28,8.4
1753547058289,16:24:18.289,AAVE/USDT:USDT,295.25,1.9,295.24,1.1,295.27,14.4,295.28,8.4
1753547058439,16:24:18.439,AAVE/USDT:USDT,295.25,2.2,295.24,1.1,295.27,14.4,295.28,8.4
1753547058589,16:24:18.589,AAVE/USDT:USDT,295.25,2.2,295.24,1.1,295.27,15.4,295.28,8.4
1753547058739,16:24:18.739,AAVE/USDT:USDT,295.25,0.3,295.24,1.1,295.26,2.4,295.27,15.4
1753547058889,16:24:18.889,AAVE/USDT:USDT,295.25,0.3,295.23,1.9,295.26,4.8,295.27,15.4
1753547059039,16:24:19.039,AAVE/USDT:USDT,295.25,0.3,295.23,1.9,295.26,4.8,295.27,15.4
1753547059189,16:24:19.189,AAVE/USDT:USDT,295.25,0.3,295.23,1.9,295.26,4.8,295.27,15.4
1753547059339,16:24:19.339,AAVE/USDT:USDT,295.25,0.3,295.23,1.9,295.26,2.8,295.27,15.4
1753547059490,16:24:19.490,AAVE/USDT:USDT,295.25,0.3,295.23,1.9,295.26,2.8,295.27,12.9
1753547059640,16:24:19.640,AAVE/USDT:USDT,295.25,0.3,295.23,1.9,295.27,12.5,295.28,8.4
1753547059790,16:24:19.790,AAVE/USDT:USDT,295.25,0.3,295.23,1.9,295.27,13.5,295.28,8.4
1753547059940,16:24:19.940,AAVE/USDT:USDT,295.25,0.3,295.23,2.1,295.27,15.4,295.28,8.4
1753547060090,16:24:20.090,AAVE/USDT:USDT,295.25,0.3,295.23,1.9,295.27,17.4,295.28,8.4
1753547060240,16:24:20.240,AAVE/USDT:USDT,295.25,0.3,295.23,1.9,295.27,13.9,295.28,8.4
1753547060390,16:24:20.390,AAVE/USDT:USDT,295.25,0.3,295.23,1.9,295.27,15.4,295.28,8.4
1753547060540,16:24:20.540,AAVE/USDT:USDT,295.25,0.3,295.23,2.1,295.27,15.4,295.28,8.4
1753547060690,16:24:20.690,AAVE/USDT:USDT,295.25,0.3,295.23,2.1,295.27,17.4,295.28,8.4
1753547060840,16:24:20.840,AAVE/USDT:USDT,295.25,0.3,295.23,2.1,295.27,17.4,295.28,8.4
1753547060990,16:24:20.990,AAVE/USDT:USDT,295.25,0.3,295.23,2.1,295.27,17.4,295.28,8.4
1753547061140,16:24:21.140,AAVE/USDT:USDT,295.25,0.3,295.23,2.1,295.27,17.4,295.28,8.4
1753547061291,16:24:21.291,AAVE/USDT:USDT,295.25,0.3,295.23,1.9,295.27,17.4,295.28,8.4
1753547061441,16:24:21.441,AAVE/USDT:USDT,295.25,0.3,295.23,1.9,295.27,12.9,295.28,8.4
1753547061591,16:24:21.591,AAVE/USDT:USDT,295.25,0.3,295.23,2.1,295.27,13.9,295.28,8.4
1753547061741,16:24:21.741,AAVE/USDT:USDT,295.23,1.9,295.22,25.8,295.27,16.4,295.28,8.4
1753547061891,16:24:21.891,AAVE/USDT:USDT,295.23,2.2,295.22,25.8,295.27,16.4,295.28,8.4
1753547062041,16:24:22.041,AAVE/USDT:USDT,295.23,2.2,295.22,25.8,295.27,16.4,295.28,8.4
1753547062191,16:24:22.191,AAVE/USDT:USDT,295.23,2.2,295.22,25.8,295.26,1.0,295.27,16.4
1753547062341,16:24:22.341,AAVE/USDT:USDT,295.23,2.2,295.22,25.8,295.25,0.5,295.26,4.9
1753547062491,16:24:22.491,AAVE/USDT:USDT,295.23,0.3,295.22,25.8,295.24,1.9,295.25,0.8
1753547062641,16:24:22.641,AAVE/USDT:USDT,295.22,25.8,295.2,0.2,295.24,2.4,295.25,2.5
1753547062791,16:24:22.791,AAVE/USDT:USDT,295.22,25.8,295.2,0.2,295.24,2.4,295.25,2.5
1753547062941,16:24:22.941,AAVE/USDT:USDT,295.22,25.8,295.2,0.2,295.24,2.4,295.25,0.5
1753547063092,16:24:23.092,AAVE/USDT:USDT,295.22,25.8,295.2,0.2,295.24,0.5,295.25,0.5
1753547063242,16:24:23.242,AAVE/USDT:USDT,295.22,27.7,295.21,2.7,295.24,0.5,295.25,0.5
1753547063392,16:24:23.392,AAVE/USDT:USDT,295.22,27.7,295.21,2.7,295.24,0.5,295.25,0.5
1753547063542,16:24:23.542,AAVE/USDT:USDT,295.22,27.7,295.21,2.7,295.25,0.5,295.26,1.9
1753547063692,16:24:23.692,AAVE/USDT:USDT,295.24,1.9,295.22,27.7,295.25,0.5,295.26,1.9
1753547063842,16:24:23.842,AAVE/USDT:USDT,295.24,2.2,295.23,0.2,295.27,12.9,295.28,14.9
1753547063992,16:24:23.992,AAVE/USDT:USDT,295.24,2.2,295.23,0.2,295.27,14.4,295.28,8.4
1753547064142,16:24:24.142,AAVE/USDT:USDT,295.24,2.2,295.23,0.2,295.26,1.0,295.27,16.4
1753547064292,16:24:24.292,AAVE/USDT:USDT,295.24,0.3,295.22,27.7,295.26,3.5,295.27,14.4
1753547064442,16:24:24.442,AAVE/USDT:USDT,295.24,0.3,295.22,27.7,295.26,5.4,295.27,14.4
1753547064592,16:24:24.592,AAVE/USDT:USDT,295.24,0.3,295.22,27.7,295.26,2.4,295.27,12.9
1753547064742,16:24:24.742,AAVE/USDT:USDT,295.24,0.3,295.22,27.9,295.26,2.4,295.27,12.9
1753547064893,16:24:24.893,AAVE/USDT:USDT,295.24,0.3,295.22,27.9,295.26,5.9,295.27,12.9
1753547065043,16:24:25.043,AAVE/USDT:USDT,295.24,0.3,295.22,27.9,295.25,0.9,295.26,2.4
1753547065193,16:24:25.193,AAVE/USDT:USDT,295.24,0.3,295.22,27.9,295.25,0.5,295.26,2.4
1753547065343,16:24:25.343,AAVE/USDT:USDT,295.24,0.3,295.23,0.2,295.25,0.5,295.26,3.9
1753547065493,16:24:25.493,AAVE/USDT:USDT,295.24,0.3,295.23,0.2,295.25,0.5,295.26,4.9
1753547065643,16:24:25.643,AAVE/USDT:USDT,295.24,0.3,295.23,0.2,295.25,0.5,295.26,4.9
1753547065793,16:24:25.793,AAVE/USDT:USDT,295.23,0.2,295.22,27.9,295.25,2.8,295.26,4.9
1753547065943,16:24:25.943,AAVE/USDT:USDT,295.22,27.7,295.19,1.0,295.24,0.4,295.25,2.8
1753547066093,16:24:26.093,AAVE/USDT:USDT,295.22,27.7,295.19,1.2,295.23,0.5,295.24,0.4
1753547066243,16:24:26.243,AAVE/USDT:USDT,295.22,27.7,295.19,1.2,295.23,0.5,295.25,2.8
1753547066393,16:24:26.393,AAVE/USDT:USDT,295.22,27.7,295.19,1.2,295.23,0.5,295.25,2.5
1753547066543,16:24:26.543,AAVE/USDT:USDT,295.22,27.7,295.19,1.2,295.23,0.5,295.25,2.5
1753547066694,16:24:26.694,AAVE/USDT:USDT,295.22,27.7,295.19,1.2,295.23,0.5,295.25,2.5
1753547066844,16:24:26.844,AAVE/USDT:USDT,295.22,27.7,295.19,1.2,295.23,0.5,295.25,2.5
1753547066994,16:24:26.994,AAVE/USDT:USDT,295.22,27.7,295.21,2.7,295.25,2.5,295.26,4.9
1753547067144,16:24:27.144,AAVE/USDT:USDT,295.22,27.7,295.21,2.7,295.25,2.5,295.26,4.9
1753547067294,16:24:27.294,AAVE/USDT:USDT,295.22,27.7,295.21,2.9,295.25,2.5,295.26,4.9
1753547067444,16:24:27.444,AAVE/USDT:USDT,295.22,27.7,295.21,2.9,295.25,2.5,295.26,4.9
1753547067594,16:24:27.594,AAVE/USDT:USDT,295.22,27.7,295.21,2.9,295.25,2.5,295.26,4.9
1753547067744,16:24:27.744,AAVE/USDT:USDT,295.22,27.7,295.21,2.9,295.25,2.5,295.26,4.9
1753547067894,16:24:27.894,AAVE/USDT:USDT,295.24,1.9,295.22,27.7,295.26,2.4,295.27,18.9
1753547068044,16:24:28.044,AAVE/USDT:USDT,295.24,2.2,295.22,27.7,295.26,3.4,295.27,12.4
1753547068194,16:24:28.194,AAVE/USDT:USDT,295.24,0.3,295.22,27.7,295.26,3.9,295.27,12.4
1753547068344,16:24:28.344,AAVE/USDT:USDT,295.24,0.3,295.22,27.7,295.26,4.9,295.27,12.4
1753547068495,16:24:28.495,AAVE/USDT:USDT,295.24,0.3,295.22,27.7,295.25,2.0,295.26,5.9
1753547068645,16:24:28.645,AAVE/USDT:USDT,295.24,0.3,295.22,27.7,295.25,0.5,295.26,3.9
1753547068795,16:24:28.795,AAVE/USDT:USDT,295.24,0.3,295.22,27.7,295.25,0.5,295.26,2.4
1753547068945,16:24:28.945,AAVE/USDT:USDT,295.24,0.3,295.22,27.7,295.25,0.5,295.26,2.4
1753547069095,16:24:29.095,AAVE/USDT:USDT,295.24,0.3,295.22,27.7,295.26,3.9,295.27,12.4
1753547069245,16:24:29.245,AAVE/USDT:USDT,295.24,2.2,295.22,27.9,295.26,3.4,295.27,12.4
1753547069395,16:24:29.395,AAVE/USDT:USDT,295.24,2.2,295.22,27.9,295.26,2.4,295.27,12.4
1753547069545,16:24:29.545,AAVE/USDT:USDT,295.24,2.2,295.22,27.9,295.25,3.5,295.26,3.4
1753547069695,16:24:29.695,AAVE/USDT:USDT,295.24,2.2,295.22,27.9,295.25,3.5,295.26,3.4
1753547069845,16:24:29.845,AAVE/USDT:USDT,295.24,2.2,295.22,27.9,295.27,18.9,295.28,8.4
1753547069995,16:24:29.995,AAVE/USDT:USDT,295.24,2.2,295.22,27.9,295.26,1.0,295.27,16.4
1753547070145,16:24:30.145,AAVE/USDT:USDT,295.24,2.2,295.22,27.7,295.26,0.5,295.27,16.4
1753547070296,16:24:30.296,AAVE/USDT:USDT,295.24,2.2,295.22,27.7,295.26,1.5,295.27,16.4
1753547070446,16:24:30.446,AAVE/USDT:USDT,295.24,2.2,295.22,27.7,295.26,0.5,295.27,16.4
1753547070596,16:24:30.596,AAVE/USDT:USDT,295.24,2.2,295.22,27.7,295.26,1.5,295.27,16.4
1753547070746,16:24:30.746,AAVE/USDT:USDT,295.24,2.2,295.22,27.7,295.27,12.5,295.28,8.4
1753547070896,16:24:30.896,AAVE/USDT:USDT,295.26,1.9,295.25,1.1,295.27,11.0,295.28,8.4
1753547071046,16:24:31.046,AAVE/USDT:USDT,295.26,1.9,295.25,1.1,295.27,12.5,295.28,8.4
1753547071196,16:24:31.196,AAVE/USDT:USDT,295.26,0.3,295.25,1.1,295.27,0.5,295.28,8.4
1753547071346,16:24:31.346,AAVE/USDT:USDT,295.26,0.3,295.25,3.8,295.27,2.7,295.28,9.3
1753547071496,16:24:31.496,AAVE/USDT:USDT,295.27,1.9,295.26,1.4,295.29,0.6,295.3,3.1
1753547071646,16:24:31.646,AAVE/USDT:USDT,295.27,2.6,295.26,1.1,295.29,0.6,295.3,4.0
1753547071796,16:24:31.796,AAVE/USDT:USDT,295.27,2.6,295.26,8.6,295.29,0.6,295.3,4.0
1753547071947,16:24:31.947,AAVE/USDT:USDT,295.28,25.8,295.27,4.7,295.29,0.6,295.3,4.0
1753547072097,16:24:32.097,AAVE/USDT:USDT,295.28,25.8,295.27,4.7,295.29,0.6,295.3,4.0
1753547072247,16:24:32.247,AAVE/USDT:USDT,295.28,25.8,295.27,4.7,295.29,0.6,295.3,4.0
1753547072397,16:24:32.397,AAVE/USDT:USDT,295.28,25.8,295.27,4.7,295.32,2.7,295.35,7.5
1753547072547,16:24:32.547,AAVE/USDT:USDT,295.31,1.1,295.29,4.6,295.32,0.3,295.33,1.6
1753547072697,16:24:32.697,AAVE/USDT:USDT,295.31,1.4,295.3,1.4,295.32,1.9,295.33,0.8
1753547072847,16:24:32.847,AAVE/USDT:USDT,295.31,1.4,295.3,1.4,295.32,1.9,295.33,1.8
1753547072997,16:24:32.997,AAVE/USDT:USDT,295.31,1.4,295.3,4.0,295.32,0.3,295.33,0.8
1753547073147,16:24:33.147,AAVE/USDT:USDT,295.31,1.4,295.3,4.0,295.33,0.8,295.34,2.6
1753547073297,16:24:33.297,AAVE/USDT:USDT,295.31,3.3,295.3,4.0,295.33,0.8,295.34,2.6
1753547073447,16:24:33.447,AAVE/USDT:USDT,295.31,3.3,295.3,4.2,295.33,0.8,295.34,2.6
1753547073597,16:24:33.597,AAVE/USDT:USDT,295.31,3.3,295.3,4.2,295.33,0.8,295.34,0.6
1753547073748,16:24:33.748,AAVE/USDT:USDT,295.31,3.3,295.3,4.2,295.33,0.8,295.34,0.6
1753547073898,16:24:33.898,AAVE/USDT:USDT,295.28,25.8,295.27,1.1,295.32,1.9,295.33,4.2
1753547074048,16:24:34.048,AAVE/USDT:USDT,295.31,0.3,295.29,3.1,295.32,0.4,295.33,3.2
1753547074197,16:24:34.197,AAVE/USDT:USDT,295.31,0.3,295.3,0.9,295.33,5.7,295.34,1.8
1753547074348,16:24:34.348,AAVE/USDT:USDT,295.31,0.3,295.3,1.3,295.33,3.2,295.34,1.8
1753547074498,16:24:34.498,AAVE/USDT:USDT,295.31,0.3,295.3,3.5,295.32,1.5,295.33,4.2
1753547074648,16:24:34.648,AAVE/USDT:USDT,295.31,0.3,295.3,3.5,295.33,4.2,295.34,2.5
1753547074798,16:24:34.798,AAVE/USDT:USDT,295.31,0.3,295.3,3.5,295.33,3.2,295.34,2.5
1753547074948,16:24:34.948,AAVE/USDT:USDT,295.31,0.3,295.3,3.5,295.33,4.2,295.34,2.5
1753547075098,16:24:35.098,AAVE/USDT:USDT,295.31,0.3,295.3,3.5,295.33,4.7,295.34,0.6
1753547075248,16:24:35.248,AAVE/USDT:USDT,295.31,0.3,295.3,3.5,295.33,5.7,295.34,2.6
1753547075398,16:24:35.398,AAVE/USDT:USDT,295.31,0.3,295.29,12.4,295.33,4.2,295.34,2.6
1753547075549,16:24:35.549,AAVE/USDT:USDT,295.31,2.2,295.3,1.6,295.34,2.6,295.35,7.7
1753547075699,16:24:35.699,AAVE/USDT:USDT,295.34,1.1,295.33,2.2,295.35,7.7,295.36,3.2
1753547075848,16:24:35.848,AAVE/USDT:USDT,295.34,1.4,295.33,1.9,295.35,0.2,295.36,3.5
1753547075999,16:24:35.999,AAVE/USDT:USDT,295.34,1.4,295.33,9.6,295.35,0.7,295.36,4.3
1753547076149,16:24:36.149,AAVE/USDT:USDT,295.34,1.4,295.33,9.6,295.35,0.7,295.36,4.3
1753547076299,16:24:36.299,AAVE/USDT:USDT,295.31,1.9,295.28,25.8,295.35,3.5,295.36,6.0
1753547076449,16:24:36.449,AAVE/USDT:USDT,295.31,2.2,295.28,25.8,295.35,5.4,295.36,31.8
1753547076599,16:24:36.599,AAVE/USDT:USDT,295.31,2.2,295.29,8.2,295.33,0.5,295.35,13.1
1753547076749,16:24:36.749,AAVE/USDT:USDT,295.31,2.2,295.3,2.7,295.33,0.5,295.34,1.5
1753547076899,16:24:36.899,AAVE/USDT:USDT,295.31,2.6,295.3,2.7,295.33,0.5,295.34,1.5
1753547077049,16:24:37.049,AAVE/USDT:USDT,295.31,2.6,295.3,2.7,295.33,0.5,295.34,1.5
1753547077199,16:24:37.199,AAVE/USDT:USDT,295.31,2.6,295.3,2.7,295.32,1.0,295.33,0.5
1753547077350,16:24:37.350,AAVE/USDT:USDT,295.31,2.6,295.3,2.7,295.32,1.0,295.33,0.5
1753547077500,16:24:37.500,AAVE/USDT:USDT,295.31,2.6,295.3,2.7,295.32,1.0,295.33,0.5
1753547077650,16:24:37.650,AAVE/USDT:USDT,295.31,2.2,295.3,0.4,295.32,1.0,295.33,0.5
1753547077800,16:24:37.800,AAVE/USDT:USDT,295.31,2.2,295.3,0.4,295.32,1.0,295.33,0.5
1753547077950,16:24:37.950,AAVE/USDT:USDT,295.31,2.2,295.3,0.4,295.32,1.0,295.33,0.5
1753547078100,16:24:38.100,AAVE/USDT:USDT,295.31,2.2,295.3,0.4,295.32,1.0,295.33,0.5
1753547078250,16:24:38.250,AAVE/USDT:USDT,295.31,3.4,295.3,4.6,295.34,1.5,295.35,11.1
1753547078400,16:24:38.400,AAVE/USDT:USDT,295.31,3.4,295.3,4.6,295.35,11.1,295.36,28.6
1753547078550,16:24:38.550,AAVE/USDT:USDT,295.31,4.0,295.3,4.6,295.34,1.0,295.35,11.1
1753547078700,16:24:38.700,AAVE/USDT:USDT,295.31,4.0,295.3,4.6,295.34,2.3,295.35,11.1
1753547078850,16:24:38.850,AAVE/USDT:USDT,295.31,4.0,295.3,4.6,295.34,2.3,295.35,11.1
1753547079000,16:24:39.000,AAVE/USDT:USDT,295.31,4.0,295.3,4.6,295.34,2.3,295.35,11.1
1753547079151,16:24:39.151,AAVE/USDT:USDT,295.31,4.0,295.3,4.6,295.33,1.5,295.34,3.3
1753547079301,16:24:39.301,AAVE/USDT:USDT,295.31,0.3,295.3,0.4,295.33,4.9,295.34,1.3
1753547079451,16:24:39.451,AAVE/USDT:USDT,295.31,0.3,295.29,8.2,295.32,1.0,295.33,3.9
1753547079601,16:24:39.601,AAVE/USDT:USDT,295.31,0.3,295.29,8.2,295.32,1.5,295.33,5.3
1753547079751,16:24:39.751,AAVE/USDT:USDT,295.31,0.3,295.29,8.2,295.32,3.5,295.33,5.1
1753547079901,16:24:39.901,AAVE/USDT:USDT,295.31,0.3,295.29,8.2,295.32,0.5,295.33,4.1
1753547080051,16:24:40.051,AAVE/USDT:USDT,295.31,0.3,295.29,8.2,295.32,0.5,295.33,4.1
1753547080201,16:24:40.201,AAVE/USDT:USDT,295.31,0.3,295.29,8.2,295.32,0.5,295.33,4.1
1753547080351,16:24:40.351,AAVE/USDT:USDT,295.31,0.3,295.29,8.2,295.32,0.5,295.33,4.1
1753547080501,16:24:40.501,AAVE/USDT:USDT,295.31,0.3,295.29,8.2,295.32,0.5,295.33,4.1
1753547080651,16:24:40.651,AAVE/USDT:USDT,295.31,0.3,295.3,0.2,295.32,0.5,295.33,5.1
1753547080802,16:24:40.802,AAVE/USDT:USDT,295.31,0.3,295.3,0.2,295.32,0.5,295.33,4.1
1753547080952,16:24:40.952,AAVE/USDT:USDT,295.31,0.3,295.3,0.2,295.32,0.5,295.33,4.1
1753547081102,16:24:41.102,AAVE/USDT:USDT,295.31,0.3,295.3,0.2,295.32,0.5,295.33,0.7
1753547081252,16:24:41.252,AAVE/USDT:USDT,295.31,0.3,295.3,0.2,295.33,0.2,295.34,1.3
1753547081402,16:24:41.402,AAVE/USDT:USDT,295.32,27.7,295.31,0.3,295.34,0.8,295.35,10.6
1753547081552,16:24:41.552,AAVE/USDT:USDT,295.32,27.7,295.31,0.3,295.34,1.8,295.35,10.6
1753547081702,16:24:41.702,AAVE/USDT:USDT,295.33,0.3,295.32,27.7,295.34,3.0,295.35,10.1
1753547081852,16:24:41.852,AAVE/USDT:USDT,295.33,0.3,295.32,27.7,295.34,2.0,295.35,2.1
1753547082002,16:24:42.002,AAVE/USDT:USDT,295.33,0.3,295.32,27.9,295.34,2.0,295.35,2.4
1753547082152,16:24:42.152,AAVE/USDT:USDT,295.33,0.3,295.32,27.9,295.34,0.5,295.35,3.4
1753547082302,16:24:42.302,AAVE/USDT:USDT,295.33,0.3,295.32,27.9,295.34,0.5,295.35,4.9
1753547082452,16:24:42.452,AAVE/USDT:USDT,295.33,0.3,295.32,27.9,295.34,0.5,295.35,4.9
1753547082603,16:24:42.603,AAVE/USDT:USDT,295.33,0.5,295.32,27.9,295.35,2.0,295.36,1.8
1753547082753,16:24:42.753,AAVE/USDT:USDT,295.33,2.4,295.32,27.7,295.35,0.5,295.36,1.8
1753547082903,16:24:42.903,AAVE/USDT:USDT,295.33,2.4,295.32,27.7,295.35,0.5,295.36,3.6
1753547083053,16:24:43.053,AAVE/USDT:USDT,295.33,2.4,295.32,27.7,295.35,0.5,295.36,3.6
1753547083203,16:24:43.203,AAVE/USDT:USDT,295.33,2.4,295.32,27.7,295.35,2.0,295.36,3.6
1753547083353,16:24:43.353,AAVE/USDT:USDT,295.33,2.4,295.32,27.7,295.35,3.0,295.36,3.6
1753547083503,16:24:43.503,AAVE/USDT:USDT,295.33,2.4,295.32,27.7,295.35,2.0,295.36,3.6
1753547083653,16:24:43.653,AAVE/USDT:USDT,295.33,2.4,295.32,27.7,295.35,3.0,295.36,3.6
1753547083803,16:24:43.803,AAVE/USDT:USDT,295.33,2.4,295.32,27.7,295.35,2.5,295.36,3.6
1753547083953,16:24:43.953,AAVE/USDT:USDT,295.33,2.4,295.32,27.7,295.35,2.5,295.36,3.6
1753547084103,16:24:44.103,AAVE/USDT:USDT,295.32,25.8,295.3,1.3,295.34,3.3,295.35,2.5
1753547084253,16:24:44.253,AAVE/USDT:USDT,295.3,2.4,295.29,8.2,295.32,1.0,295.33,1.9
1753547084404,16:24:44.404,AAVE/USDT:USDT,295.3,2.4,295.29,8.2,295.32,1.0,295.33,1.5
1753547084554,16:24:44.554,AAVE/USDT:USDT,295.31,25.8,295.3,2.4,295.32,1.0,295.33,0.5
1753547084704,16:24:44.704,AAVE/USDT:USDT,295.31,25.8,295.3,2.4,295.32,1.0,295.33,1.2
1753547084854,16:24:44.854,AAVE/USDT:USDT,295.31,25.8,295.3,2.4,295.32,1.0,295.33,1.2
1753547085004,16:24:45.004,AAVE/USDT:USDT,295.31,25.8,295.3,2.4,295.32,1.0,295.33,1.2
1753547085154,16:24:45.154,AAVE/USDT:USDT,295.31,25.8,295.3,2.4,295.32,1.0,295.33,1.2
1753547085304,16:24:45.304,AAVE/USDT:USDT,295.31,25.8,295.3,2.4,295.32,1.0,295.33,2.2
1753547085454,16:24:45.454,AAVE/USDT:USDT,295.31,25.8,295.3,2.4,295.32,1.0,295.33,2.2
1753547085604,16:24:45.604,AAVE/USDT:USDT,295.31,25.8,295.3,2.4,295.32,1.5,295.33,1.2
1753547085754,16:24:45.754,AAVE/USDT:USDT,295.32,3.4,295.31,27.7,295.35,0.5,295.36,1.1
1753547085904,16:24:45.904,AAVE/USDT:USDT,295.32,4.9,295.31,27.7,295.35,0.5,295.36,1.1
1753547086055,16:24:46.055,AAVE/USDT:USDT,295.32,10.0,295.31,28.8,295.35,0.5,295.36,0.8
1753547086205,16:24:46.205,AAVE/USDT:USDT,295.32,10.0,295.31,28.8,295.35,0.5,295.36,0.8
1753547086355,16:24:46.355,AAVE/USDT:USDT,295.32,10.0,295.31,28.8,295.35,0.5,295.36,0.8
1753547086505,16:24:46.505,AAVE/USDT:USDT,295.32,10.0,295.31,28.8,295.35,0.5,295.36,0.8
1753547086655,16:24:46.655,AAVE/USDT:USDT,295.32,10.0,295.31,28.8,295.36,0.8,295.37,1.9
1753547086805,16:24:46.805,AAVE/USDT:USDT,295.32,10.0,295.31,29.0,295.36,0.8,295.37,1.9
1753547086955,16:24:46.955,AAVE/USDT:USDT,295.32,10.0,295.31,29.0,295.36,0.8,295.37,1.9
1753547087105,16:24:47.105,AAVE/USDT:USDT,295.32,10.0,295.31,29.0,295.35,1.5,295.36,2.7
1753547087255,16:24:47.255,AAVE/USDT:USDT,295.32,10.0,295.31,29.0,295.35,1.5,295.36,2.7
1753547087405,16:24:47.405,AAVE/USDT:USDT,295.32,10.0,295.31,29.0,295.35,1.5,295.36,2.7
1753547087555,16:24:47.555,AAVE/USDT:USDT,295.32,10.0,295.31,29.0,295.35,5.0,295.36,2.7
1753547087705,16:24:47.705,AAVE/USDT:USDT,295.32,9.7,295.31,28.8,295.33,0.5,295.34,0.3
1753547087856,16:24:47.856,AAVE/USDT:USDT,295.32,8.1,295.31,27.6,295.33,0.5,295.35,6.9
1753547088006,16:24:48.006,AAVE/USDT:USDT,295.31,26.5,295.3,2.1,295.33,0.5,295.34,2.1
1753547088156,16:24:48.156,AAVE/USDT:USDT,295.33,1.5,295.32,2.2,295.35,2.4,295.36,2.2
1753547088306,16:24:48.306,AAVE/USDT:USDT,295.34,2.3,295.33,0.7,295.35,4.9,295.36,2.2
1753547088456,16:24:48.456,AAVE/USDT:USDT,295.34,2.3,295.33,0.7,295.35,1.9,295.36,1.9
1753547088606,16:24:48.606,AAVE/USDT:USDT,295.34,0.8,295.33,0.7,295.35,1.9,295.36,2.9
1753547088756,16:24:48.756,AAVE/USDT:USDT,295.34,0.8,295.33,2.7,295.36,1.9,295.38,9.1
1753547088906,16:24:48.906,AAVE/USDT:USDT,295.35,0.3,295.34,0.5,295.36,1.9,295.38,9.1
1753547089056,16:24:49.056,AAVE/USDT:USDT,295.35,0.5,295.33,0.7,295.36,1.9,295.37,5.2
1753547089206,16:24:49.206,AAVE/USDT:USDT,295.35,0.5,295.33,2.7,295.36,4.7,295.37,5.2
1753547089356,16:24:49.356,AAVE/USDT:USDT,295.34,0.5,295.33,2.7,295.36,6.0,295.37,6.3
1753547089506,16:24:49.506,AAVE/USDT:USDT,295.35,0.5,295.34,0.3,295.36,4.0,295.37,6.3
1753547089657,16:24:49.657,AAVE/USDT:USDT,295.32,10.0,295.31,26.2,295.36,4.4,295.37,6.3
1753547089807,16:24:49.807,AAVE/USDT:USDT,295.35,0.5,295.33,0.3,295.36,6.3,295.37,6.3
1753547089957,16:24:49.957,AAVE/USDT:USDT,295.35,0.5,295.33,0.3,295.36,4.4,295.37,6.3
1753547090107,16:24:50.107,AAVE/USDT:USDT,295.35,0.5,295.33,0.3,295.36,4.4,295.37,6.3
1753547090257,16:24:50.257,AAVE/USDT:USDT,295.35,0.5,295.33,0.3,295.36,2.4,295.37,6.3
1753547090407,16:24:50.407,AAVE/USDT:USDT,295.35,0.8,295.34,2.7,295.39,0.7,295.4,4.9
1753547090557,16:24:50.557,AAVE/USDT:USDT,295.38,0.5,295.37,0.3,295.39,0.7,295.4,2.4
1753547090707,16:24:50.707,AAVE/USDT:USDT,295.38,2.7,295.36,27.9,295.39,0.6,295.4,1.7
1753547090857,16:24:50.857,AAVE/USDT:USDT,295.38,2.7,295.37,0.2,295.39,0.6,295.4,1.7
1753547091007,16:24:51.007,AAVE/USDT:USDT,295.38,2.7,295.37,0.2,295.39,0.6,295.4,1.7
1753547091157,16:24:51.157,AAVE/USDT:USDT,295.38,2.7,295.37,0.2,295.39,0.6,295.4,1.7
1753547091307,16:24:51.307,AAVE/USDT:USDT,295.38,2.7,295.37,0.2,295.39,0.6,295.4,1.7
1753547091458,16:24:51.458,AAVE/USDT:USDT,295.38,2.7,295.37,0.2,295.39,0.6,295.4,1.7
1753547091608,16:24:51.608,AAVE/USDT:USDT,295.38,2.4,295.37,0.2,295.39,2.1,295.4,1.7
1753547091758,16:24:51.758,AAVE/USDT:USDT,295.38,2.4,295.36,27.7,295.39,1.4,295.4,2.7
1753547091908,16:24:51.908,AAVE/USDT:USDT,295.38,0.5,295.36,27.7,295.39,1.4,295.4,2.7
1753547092058,16:24:52.058,AAVE/USDT:USDT,295.38,0.5,295.36,27.9,295.39,2.6,295.4,4.6
1753547092208,16:24:52.208,AAVE/USDT:USDT,295.38,0.5,295.36,27.9,295.39,1.1,295.4,4.6
1753547092358,16:24:52.358,AAVE/USDT:USDT,295.38,0.5,295.36,27.9,295.39,1.1,295.4,4.6
1753547092508,16:24:52.508,AAVE/USDT:USDT,295.38,0.5,295.36,27.9,295.39,2.3,295.4,4.6
1753547092658,16:24:52.658,AAVE/USDT:USDT,295.38,0.8,295.36,27.9,295.39,0.8,295.4,4.6
1753547092808,16:24:52.808,AAVE/USDT:USDT,295.38,0.8,295.36,27.9,295.39,2.3,295.4,4.6
1753547092958,16:24:52.958,AAVE/USDT:USDT,295.38,0.5,295.36,27.9,295.39,2.6,295.4,4.6
1753547093108,16:24:53.108,AAVE/USDT:USDT,295.38,0.5,295.36,27.9,295.39,2.6,295.4,4.6
1753547093259,16:24:53.259,AAVE/USDT:USDT,295.38,0.5,295.36,27.9,295.39,1.1,295.4,6.1
1753547093408,16:24:53.408,AAVE/USDT:USDT,295.38,0.5,295.36,27.9,295.39,1.1,295.4,6.1
1753547093559,16:24:53.559,AAVE/USDT:USDT,295.38,0.5,295.36,27.9,295.39,0.2,295.4,3.8
1753547093709,16:24:53.709,AAVE/USDT:USDT,295.38,0.8,295.36,27.9,295.39,0.2,295.4,3.8
1753547093859,16:24:53.859,AAVE/USDT:USDT,295.38,0.8,295.36,27.9,295.39,0.2,295.4,1.9
1753547094009,16:24:54.009,AAVE/USDT:USDT,295.38,0.8,295.36,27.9,295.39,0.5,295.4,1.9
1753547094159,16:24:54.159,AAVE/USDT:USDT,295.38,0.8,295.36,27.9,295.39,0.5,295.4,2.9
1753547094309,16:24:54.309,AAVE/USDT:USDT,295.38,0.8,295.36,27.9,295.39,0.2,295.4,2.9
1753547094459,16:24:54.459,AAVE/USDT:USDT,295.38,0.8,295.36,27.9,295.39,0.6,295.4,2.9
1753547094609,16:24:54.609,AAVE/USDT:USDT,295.38,0.8,295.37,0.2,295.39,0.6,295.4,0.4
1753547094759,16:24:54.759,AAVE/USDT:USDT,295.38,0.8,295.37,0.2,295.39,0.2,295.4,0.4
1753547094910,16:24:54.910,AAVE/USDT:USDT,295.38,0.8,295.36,27.9,295.39,2.2,295.4,2.3
1753547095060,16:24:55.060,AAVE/USDT:USDT,295.38,0.8,295.36,27.9,295.39,2.2,295.4,3.3
1753547095210,16:24:55.210,AAVE/USDT:USDT,295.38,0.8,295.36,27.9,295.39,2.2,295.4,3.3
1753547095360,16:24:55.360,AAVE/USDT:USDT,295.38,0.8,295.36,28.1,295.39,2.2,295.4,3.3
1753547095510,16:24:55.510,AAVE/USDT:USDT,295.38,0.8,295.36,28.1,295.39,2.2,295.4,2.3
1753547095660,16:24:55.660,AAVE/USDT:USDT,295.38,0.8,295.36,27.9,295.39,2.2,295.4,3.3
1753547095810,16:24:55.810,AAVE/USDT:USDT,295.38,0.8,295.36,27.9,295.39,0.7,295.4,4.8
1753547095960,16:24:55.960,AAVE/USDT:USDT,295.38,0.8,295.36,27.7,295.39,0.7,295.4,4.8
1753547096110,16:24:56.110,AAVE/USDT:USDT,295.38,0.8,295.36,27.7,295.39,0.7,295.4,4.8
1753547096260,16:24:56.260,AAVE/USDT:USDT,295.38,0.8,295.36,27.7,295.39,0.7,295.4,4.8
1753547096410,16:24:56.410,AAVE/USDT:USDT,295.38,0.5,295.36,27.7,295.39,0.2,295.4,4.8
1753547096560,16:24:56.560,AAVE/USDT:USDT,295.38,0.5,295.36,27.7,295.39,1.0,295.4,4.8
1753547096711,16:24:56.711,AAVE/USDT:USDT,295.38,0.5,295.36,27.7,295.39,1.0,295.4,4.8
1753547096861,16:24:56.861,AAVE/USDT:USDT,295.38,0.5,295.36,27.7,295.39,1.0,295.4,4.8
1753547097011,16:24:57.011,AAVE/USDT:USDT,295.38,0.5,295.36,27.7,295.39,1.0,295.4,4.8
1753547097161,16:24:57.161,AAVE/USDT:USDT,295.38,0.5,295.36,27.7,295.39,1.0,295.4,4.8
1753547097311,16:24:57.311,AAVE/USDT:USDT,295.38,0.5,295.36,27.7,295.39,1.0,295.4,4.8
1753547097461,16:24:57.461,AAVE/USDT:USDT,295.38,0.5,295.36,27.7,295.39,1.0,295.4,4.8
1753547097611,16:24:57.611,AAVE/USDT:USDT,295.38,0.5,295.36,27.9,295.39,1.0,295.4,4.8
1753547097761,16:24:57.761,AAVE/USDT:USDT,295.38,0.5,295.36,27.9,295.39,0.7,295.4,4.8
1753547097911,16:24:57.911,AAVE/USDT:USDT,295.38,0.5,295.36,27.7,295.39,0.7,295.4,4.8
1753547098061,16:24:58.061,AAVE/USDT:USDT,295.38,0.8,295.37,11.0,295.41,4.9,295.42,9.4
1753547098211,16:24:58.211,AAVE/USDT:USDT,295.39,0.3,295.38,0.5,295.41,8.9,295.42,4.7
1753547098361,16:24:58.361,AAVE/USDT:USDT,295.4,0.5,295.36,29.7,295.41,5.5,295.42,4.7
1753547098512,16:24:58.512,AAVE/USDT:USDT,295.36,27.7,295.35,0.3,295.4,1.0,295.41,6.9
1753547098662,16:24:58.662,AAVE/USDT:USDT,295.37,2.7,295.36,27.7,295.39,2.7,295.4,1.7
1753547098812,16:24:58.812,AAVE/USDT:USDT,295.38,0.3,295.37,2.4,295.39,2.9,295.4,1.7
1753547098962,16:24:58.962,AAVE/USDT:USDT,295.38,0.8,295.37,4.6,295.39,2.7,295.4,1.7
1753547099112,16:24:59.112,AAVE/USDT:USDT,295.38,0.8,295.37,12.9,295.39,2.4,295.4,1.7
1753547099262,16:24:59.262,AAVE/USDT:USDT,295.38,0.8,295.37,12.9,295.39,2.6,295.41,7.6
1753547099412,16:24:59.412,AAVE/USDT:USDT,295.38,0.8,295.37,12.9,295.39,0.7,295.4,1.2
1753547099562,16:24:59.562,AAVE/USDT:USDT,295.38,0.8,295.37,12.9,295.39,0.7,295.4,1.2
1753547099712,16:24:59.712,AAVE/USDT:USDT,295.38,0.8,295.37,12.9,295.39,0.7,295.4,1.2
1753547099862,16:24:59.862,AAVE/USDT:USDT,295.38,0.8,295.37,12.9,295.39,0.5,295.4,1.2
1753547100012,16:25:00.012,AAVE/USDT:USDT,295.38,0.8,295.37,12.9,295.39,0.5,295.4,1.2
1753547100162,16:25:00.162,AAVE/USDT:USDT,295.38,0.5,295.36,28.3,295.39,0.5,295.4,1.2
1753547100313,16:25:00.313,AAVE/USDT:USDT,295.36,25.8,295.34,0.8,295.38,1.0,295.39,3.2
1753547100463,16:25:00.463,AAVE/USDT:USDT,295.32,0.5,295.31,86.0,295.33,3.4,295.35,0.3
1753547100613,16:25:00.613,AAVE/USDT:USDT,295.32,0.5,295.31,25.9,295.33,2.4,295.34,2.5
1753547100763,16:25:00.763,AAVE/USDT:USDT,295.32,0.5,295.31,25.9,295.33,2.4,295.34,4.9
1753547100913,16:25:00.913,AAVE/USDT:USDT,295.32,0.5,295.31,25.9,295.33,2.4,295.34,2.4
1753547101063,16:25:01.063,AAVE/USDT:USDT,295.35,0.5,295.33,2.2,295.36,1.9,295.37,0.5
1753547101213,16:25:01.213,AAVE/USDT:USDT,295.35,0.5,295.33,2.2,295.36,2.4,295.37,5.5
1753547101363,16:25:01.363,AAVE/USDT:USDT,295.35,0.8,295.34,3.6,295.37,3.0,295.38,2.7
1753547101513,16:25:01.513,AAVE/USDT:USDT,295.35,0.5,295.34,0.9,295.36,2.4,295.37,7.6
1753547101663,16:25:01.663,AAVE/USDT:USDT,295.35,0.5,295.33,1.9,295.36,4.2,295.37,5.6
1753547101813,16:25:01.813,AAVE/USDT:USDT,295.35,0.5,295.33,4.6,295.36,2.2,295.37,7.3
1753547101964,16:25:01.964,AAVE/USDT:USDT,295.35,0.8,295.33,4.6,295.36,0.4,295.37,6.3
1753547102114,16:25:02.114,AAVE/USDT:USDT,295.35,0.5,295.34,0.6,295.36,0.4,295.37,6.3
1753547102264,16:25:02.264,AAVE/USDT:USDT,295.35,0.5,295.34,0.6,295.36,0.7,295.37,6.3
1753547102414,16:25:02.414,AAVE/USDT:USDT,295.35,0.5,295.33,4.6,295.36,0.7,295.37,7.3
1753547102564,16:25:02.564,AAVE/USDT:USDT,295.35,0.5,295.33,4.6,295.36,1.2,295.37,7.6
1753547102714,16:25:02.714,AAVE/USDT:USDT,295.35,0.5,295.33,1.9,295.36,1.2,295.37,3.1
1753547102864,16:25:02.864,AAVE/USDT:USDT,295.35,0.5,295.34,0.8,295.36,0.8,295.37,4.3
1753547103014,16:25:03.014,AAVE/USDT:USDT,295.35,0.5,295.34,0.2,295.36,0.8,295.37,4.3
1753547103164,16:25:03.164,AAVE/USDT:USDT,295.35,0.5,295.34,0.8,295.36,0.5,295.37,4.3
1753547103314,16:25:03.314,AAVE/USDT:USDT,295.35,0.5,295.34,0.8,295.36,0.5,295.37,4.3
1753547103464,16:25:03.464,AAVE/USDT:USDT,295.35,0.5,295.34,0.8,295.37,4.3,295.38,9.2
1753547103614,16:25:03.614,AAVE/USDT:USDT,295.35,0.5,295.34,3.5,295.37,3.8,295.38,2.7
1753547103765,16:25:03.765,AAVE/USDT:USDT,295.38,2.7,295.36,2.1,295.4,1.2,295.41,4.8
1753547103915,16:25:03.915,AAVE/USDT:USDT,295.38,1.6,295.37,4.3,295.39,0.5,295.4,6.6
1753547104065,16:25:04.065,AAVE/USDT:USDT,295.38,1.6,295.37,4.3,295.39,0.7,295.4,6.6
1753547104215,16:25:04.215,AAVE/USDT:USDT,295.38,1.6,295.37,4.3,295.39,0.7,295.4,6.6
1753547104365,16:25:04.365,AAVE/USDT:USDT,295.36,0.5,295.35,0.2,295.37,0.3,295.38,1.9
1753547104515,16:25:04.515,AAVE/USDT:USDT,295.34,25.8,295.32,9.2,295.37,5.7,295.38,3.6
1753547104665,16:25:04.665,AAVE/USDT:USDT,295.31,25.9,295.3,0.4,295.35,7.3,295.36,1.9
1753547104815,16:25:04.815,AAVE/USDT:USDT,295.32,0.5,295.31,25.9,295.33,0.8,295.34,1.5
1753547104965,16:25:04.965,AAVE/USDT:USDT,295.32,0.5,295.31,25.9,295.33,1.2,295.34,3.7
1753547105265,16:25:05.265,AAVE/USDT:USDT,295.28,41.5,295.27,62.1,295.32,1.5,295.33,4.2
1753547105415,16:25:05.415,AAVE/USDT:USDT,295.29,0.5,295.26,48.0,295.3,0.3,295.31,29.7
1753547105566,16:25:05.566,AAVE/USDT:USDT,295.26,0.5,295.25,25.8,295.27,0.3,295.28,5.4
1753547105715,16:25:05.715,AAVE/USDT:USDT,295.26,0.5,295.24,7.2,295.27,3.2,295.28,3.9
1753547105866,16:25:05.866,AAVE/USDT:USDT,295.24,5.0,295.23,5.0,295.25,6.7,295.26,3.4
1753547106016,16:25:06.016,AAVE/USDT:USDT,295.24,5.0,295.23,5.0,295.25,5.7,295.26,2.9
1753547106166,16:25:06.166,AAVE/USDT:USDT,295.22,38.7,295.21,41.9,295.25,5.7,295.26,4.4
1753547106316,16:25:06.316,AAVE/USDT:USDT,295.16,6.8,295.15,26.0,295.2,4.4,295.21,0.3
1753547106466,16:25:06.466,AAVE/USDT:USDT,295.16,6.8,295.15,68.6,295.17,3.4,295.18,0.3
1753547106616,16:25:06.616,AAVE/USDT:USDT,295.15,44.7,295.14,3.4,295.17,4.8,295.18,0.8
1753547106766,16:25:06.766,AAVE/USDT:USDT,295.15,2.1,295.14,17.4,295.16,0.4,295.17,0.4
1753547106916,16:25:06.916,AAVE/USDT:USDT,295.15,28.4,295.14,17.6,295.19,7.2,295.2,2.4
1753547107066,16:25:07.066,AAVE/USDT:USDT,295.15,28.1,295.14,17.6,295.18,0.3,295.19,1.2
1753547107216,16:25:07.216,AAVE/USDT:USDT,295.16,0.3,295.15,28.1,295.17,1.0,295.18,0.8
1753547107367,16:25:07.367,AAVE/USDT:USDT,295.16,0.2,295.15,28.1,295.17,0.5,295.18,0.5
1753547107517,16:25:07.517,AAVE/USDT:USDT,295.16,0.2,295.15,28.1,295.17,0.8,295.18,2.0
1753547107667,16:25:07.667,AAVE/USDT:USDT,295.16,0.2,295.15,28.1,295.17,0.5,295.18,4.1
1753547107817,16:25:07.817,AAVE/USDT:USDT,295.15,28.1,295.14,17.6,295.17,0.8,295.18,3.2
1753547107967,16:25:07.967,AAVE/USDT:USDT,295.15,28.1,295.14,17.6,295.17,0.5,295.18,0.5
1753547108117,16:25:08.117,AAVE/USDT:USDT,295.15,28.1,295.14,17.6,295.17,0.5,295.18,0.5
1753547108267,16:25:08.267,AAVE/USDT:USDT,295.15,28.1,295.14,20.3,295.17,0.5,295.18,0.5
1753547108417,16:25:08.417,AAVE/USDT:USDT,295.15,28.7,295.14,20.3,295.17,0.5,295.18,0.5
1753547108567,16:25:08.567,AAVE/USDT:USDT,295.15,28.7,295.14,20.3,295.17,0.5,295.18,0.5
1753547108717,16:25:08.717,AAVE/USDT:USDT,295.15,28.7,295.14,20.3,295.17,0.5,295.18,0.5
1753547108867,16:25:08.867,AAVE/USDT:USDT,295.15,28.7,295.14,20.3,295.17,0.5,295.18,0.5
1753547109017,16:25:09.017,AAVE/USDT:USDT,295.15,28.7,295.14,20.3,295.17,2.4,295.18,0.5
1753547109168,16:25:09.168,AAVE/USDT:USDT,295.15,28.1,295.14,17.6,295.16,0.3,295.17,2.4
1753547109318,16:25:09.318,AAVE/USDT:USDT,295.15,28.1,295.14,17.6,295.16,0.3,295.17,2.4
1753547109468,16:25:09.468,AAVE/USDT:USDT,295.15,28.1,295.14,17.6,295.16,0.3,295.17,2.4
1753547109618,16:25:09.618,AAVE/USDT:USDT,295.15,28.1,295.14,17.6,295.16,0.3,295.17,2.4
1753547109768,16:25:09.768,AAVE/USDT:USDT,295.15,28.1,295.14,17.6,295.17,4.2,295.18,7.0
1753547109918,16:25:09.918,AAVE/USDT:USDT,295.15,28.1,295.14,17.6,295.17,2.4,295.18,0.5
1753547110068,16:25:10.068,AAVE/USDT:USDT,295.15,28.1,295.14,17.6,295.16,0.3,295.17,2.4
1753547110218,16:25:10.218,AAVE/USDT:USDT,295.15,28.1,295.14,17.6,295.16,0.8,295.17,2.4
1753547110368,16:25:10.368,AAVE/USDT:USDT,295.15,26.2,295.14,17.6,295.16,0.8,295.17,2.4
1753547110518,16:25:10.518,AAVE/USDT:USDT,295.15,26.2,295.14,17.6,295.16,0.8,295.17,2.4
1753547110668,16:25:10.668,AAVE/USDT:USDT,295.15,26.2,295.14,17.6,295.16,0.8,295.17,2.4
1753547110819,16:25:10.819,AAVE/USDT:USDT,295.15,26.2,295.14,17.6,295.16,0.8,295.17,2.4
1753547110969,16:25:10.969,AAVE/USDT:USDT,295.15,26.2,295.14,17.6,295.16,0.8,295.17,2.4
1753547111119,16:25:11.119,AAVE/USDT:USDT,295.15,26.2,295.14,17.6,295.16,0.8,295.17,2.4
1753547111269,16:25:11.269,AAVE/USDT:USDT,295.15,26.2,295.14,17.6,295.16,0.8,295.17,2.4
1753547111419,16:25:11.419,AAVE/USDT:USDT,295.15,26.2,295.14,17.6,295.16,0.8,295.17,2.4
1753547111569,16:25:11.569,AAVE/USDT:USDT,295.15,26.2,295.14,20.3,295.16,0.5,295.17,2.4
1753547111719,16:25:11.719,AAVE/USDT:USDT,295.15,26.2,295.14,20.3,295.16,0.5,295.17,0.5
1753547111869,16:25:11.869,AAVE/USDT:USDT,295.15,26.2,295.14,20.3,295.16,0.5,295.17,0.5
1753547112019,16:25:12.019,AAVE/USDT:USDT,295.15,26.2,295.14,20.3,295.16,0.5,295.17,0.5
1753547112169,16:25:12.169,AAVE/USDT:USDT,295.15,26.2,295.14,20.3,295.16,0.5,295.17,0.5
1753547112319,16:25:12.319,AAVE/USDT:USDT,295.15,26.2,295.14,20.3,295.16,0.5,295.17,0.5
1753547112469,16:25:12.469,AAVE/USDT:USDT,295.15,26.2,295.14,20.3,295.16,0.5,295.17,0.5
1753547112620,16:25:12.620,AAVE/USDT:USDT,295.15,26.2,295.14,20.3,295.16,0.5,295.17,0.5
1753547112769,16:25:12.769,AAVE/USDT:USDT,295.15,26.2,295.14,20.3,295.16,0.5,295.17,0.5
1753547112920,16:25:12.920,AAVE/USDT:USDT,295.15,26.2,295.14,20.3,295.16,0.8,295.17,0.5
1753547113070,16:25:13.070,AAVE/USDT:USDT,295.15,25.8,295.14,20.9,295.16,3.2,295.17,2.0
1753547113220,16:25:13.220,AAVE/USDT:USDT,295.15,25.8,295.14,20.9,295.16,2.7,295.17,0.5
1753547113370,16:25:13.370,AAVE/USDT:USDT,295.15,21.3,295.14,20.9,295.16,4.7,295.17,3.6
1753547113520,16:25:13.520,AAVE/USDT:USDT,295.15,21.3,295.14,20.9,295.16,0.9,295.17,3.6
1753547113670,16:25:13.670,AAVE/USDT:USDT,295.15,21.3,295.14,20.9,295.16,7.4,295.17,3.6
1753547113820,16:25:13.820,AAVE/USDT:USDT,295.15,21.3,295.14,0.9,295.16,7.4,295.17,3.6
1753547113970,16:25:13.970,AAVE/USDT:USDT,295.13,62.1,295.11,0.2,295.15,42.8,295.16,7.4
1753547114120,16:25:14.120,AAVE/USDT:USDT,295.1,104.9,295.09,8.4,295.11,6.9,295.12,0.3
1753547114270,16:25:14.270,AAVE/USDT:USDT,295.1,64.8,295.09,8.4,295.11,6.9,295.12,0.3
1753547114421,16:25:14.421,AAVE/USDT:USDT,295.1,64.8,295.09,8.4,295.11,5.9,295.12,4.0
1753547114571,16:25:14.571,AAVE/USDT:USDT,295.1,64.8,295.09,8.4,295.11,4.4,295.12,4.0
1753547114721,16:25:14.721,AAVE/USDT:USDT,295.1,62.1,295.09,0.7,295.11,5.9,295.12,4.0
1753547114871,16:25:14.871,AAVE/USDT:USDT,295.1,62.1,295.09,0.7,295.11,8.9,295.12,4.0
1753547115021,16:25:15.021,AAVE/USDT:USDT,295.1,62.1,295.09,0.7,295.11,7.1,295.12,4.0
1753547115171,16:25:15.171,AAVE/USDT:USDT,295.1,1.9,295.09,9.9,295.11,0.5,295.14,9.7
1753547115321,16:25:15.321,AAVE/USDT:USDT,295.09,9.9,295.08,45.8,295.11,2.5,295.13,2.7
1753547115471,16:25:15.471,AAVE/USDT:USDT,295.09,14.5,295.08,45.8,295.1,0.6,295.11,2.5
1753547115621,16:25:15.621,AAVE/USDT:USDT,295.09,5.9,295.08,45.8,295.1,0.6,295.11,0.8
1753547115771,16:25:15.771,AAVE/USDT:USDT,295.09,0.7,295.08,45.8,295.1,4.6,295.11,1.5
1753547115921,16:25:15.921,AAVE/USDT:USDT,295.09,0.7,295.08,25.8,295.1,1.4,295.11,2.1
1753547116071,16:25:16.071,AAVE/USDT:USDT,295.09,0.7,295.08,25.8,295.1,3.4,295.11,3.1
1753547116222,16:25:16.222,AAVE/USDT:USDT,295.09,0.7,295.08,25.8,295.1,4.3,295.11,4.1
1753547116372,16:25:16.372,AAVE/USDT:USDT,295.09,0.7,295.08,25.8,295.1,1.4,295.11,3.8
1753547116522,16:25:16.522,AAVE/USDT:USDT,295.09,0.7,295.08,25.8,295.1,3.4,295.11,3.8
1753547116672,16:25:16.672,AAVE/USDT:USDT,295.09,0.7,295.08,41.1,295.1,3.4,295.11,4.8
1753547116822,16:25:16.822,AAVE/USDT:USDT,295.09,0.7,295.08,41.1,295.1,1.1,295.11,3.8
1753547116972,16:25:16.972,AAVE/USDT:USDT,295.09,1.0,295.08,41.1,295.1,0.5,295.11,3.8
1753547117122,16:25:17.122,AAVE/USDT:USDT,295.09,1.0,295.08,41.1,295.11,2.3,295.12,6.5
1753547117272,16:25:17.272,AAVE/USDT:USDT,295.09,15.3,295.08,45.4,295.12,1.0,295.13,7.9
1753547117422,16:25:17.422,AAVE/USDT:USDT,295.09,15.3,295.08,45.4,295.12,6.9,295.13,1.4
1753547117572,16:25:17.572,AAVE/USDT:USDT,295.09,15.3,295.08,45.4,295.11,0.3,295.12,6.9
1753547117722,16:25:17.722,AAVE/USDT:USDT,295.09,5.3,295.08,41.1,295.1,0.4,295.11,2.0
1753547117872,16:25:17.872,AAVE/USDT:USDT,295.09,2.6,295.08,41.1,295.1,0.4,295.11,2.7
1753547118023,16:25:18.023,AAVE/USDT:USDT,295.09,2.6,295.08,41.1,295.1,0.4,295.11,6.2
1753547118173,16:25:18.173,AAVE/USDT:USDT,295.09,2.6,295.08,41.1,295.1,0.7,295.11,6.2
1753547118323,16:25:18.323,AAVE/USDT:USDT,295.09,8.3,295.08,41.1,295.1,0.4,295.11,3.1
1753547118473,16:25:18.473,AAVE/USDT:USDT,295.09,8.3,295.08,41.1,295.1,0.4,295.11,4.6
1753547118623,16:25:18.623,AAVE/USDT:USDT,295.09,6.4,295.08,41.1,295.1,0.4,295.11,4.6
1753547118773,16:25:18.773,AAVE/USDT:USDT,295.09,3.7,295.08,41.1,295.1,0.4,295.11,3.1
1753547118923,16:25:18.923,AAVE/USDT:USDT,295.09,4.6,295.08,41.1,295.11,3.1,295.12,8.9
1753547119073,16:25:19.073,AAVE/USDT:USDT,295.09,5.3,295.08,41.1,295.11,3.1,295.12,2.4
1753547119223,16:25:19.223,AAVE/USDT:USDT,295.1,0.3,295.09,10.0,295.12,0.5,295.13,7.2
1753547119373,16:25:19.373,AAVE/USDT:USDT,295.1,0.3,295.09,10.0,295.11,0.4,295.12,3.8
1753547119523,16:25:19.523,AAVE/USDT:USDT,295.09,10.0,295.08,41.1,295.11,4.6,295.12,3.5
1753547119674,16:25:19.674,AAVE/USDT:USDT,295.09,10.0,295.08,41.1,295.1,0.4,295.11,7.6
1753547119824,16:25:19.824,AAVE/USDT:USDT,295.09,3.6,295.08,41.1,295.1,0.4,295.11,4.9
1753547119974,16:25:19.974,AAVE/USDT:USDT,295.09,7.5,295.08,41.1,295.1,0.4,295.11,6.4
1753547120124,16:25:20.124,AAVE/USDT:USDT,295.09,6.8,295.08,41.1,295.1,0.4,295.11,4.7
1753547120274,16:25:20.274,AAVE/USDT:USDT,295.09,2.9,295.08,41.1,295.1,0.4,295.11,4.7
1753547120424,16:25:20.424,AAVE/USDT:USDT,295.09,2.9,295.08,41.1,295.1,0.4,295.11,4.7
1753547120574,16:25:20.574,AAVE/USDT:USDT,295.09,2.9,295.08,41.1,295.1,0.4,295.11,4.7
1753547120724,16:25:20.724,AAVE/USDT:USDT,295.09,2.3,295.08,41.1,295.1,0.9,295.11,4.7
1753547120874,16:25:20.874,AAVE/USDT:USDT,295.09,2.3,295.08,41.1,295.1,0.5,295.11,4.7
1753547121024,16:25:21.024,AAVE/USDT:USDT,295.09,4.5,295.08,41.1,295.1,0.5,295.11,4.7
1753547121174,16:25:21.174,AAVE/USDT:USDT,295.09,4.5,295.08,41.1,295.1,0.5,295.11,4.7
1753547121324,16:25:21.324,AAVE/USDT:USDT,295.09,2.3,295.08,41.1,295.1,0.5,295.11,4.7
1753547121475,16:25:21.475,AAVE/USDT:USDT,295.09,2.3,295.08,41.1,295.1,0.5,295.11,4.7
1753547121625,16:25:21.625,AAVE/USDT:USDT,295.09,2.3,295.08,41.1,295.1,0.5,295.11,4.7
1753547121775,16:25:21.775,AAVE/USDT:USDT,295.09,2.0,295.08,41.1,295.1,0.8,295.11,4.7
1753547121925,16:25:21.925,AAVE/USDT:USDT,295.09,0.1,295.08,41.1,295.1,0.5,295.11,0.5
1753547122075,16:25:22.075,AAVE/USDT:USDT,295.09,0.6,295.08,41.1,295.12,0.5,295.13,6.8
1753547122225,16:25:22.225,AAVE/USDT:USDT,295.1,0.3,295.09,9.7,295.12,4.3,295.14,9.7
