timestamp,time,exchange,symbol,bid1_price,bid1_volume,bid2_price,bid2_volume,ask1_price,ask1_volume,ask2_price,ask2_volume
1753591881405,04:51:21.405,bitget,ADA/USDT:USDT,0.8315,8043.0,0.8314,64238.0,0.8316,62098.0,0.8317,105093.0
1753591882756,04:51:22.756,bitget,ADA/USDT:USDT,0.8315,22480.0,0.8314,36460.0,0.8316,47098.0,0.8317,105093.0
1753591882906,04:51:22.906,bitget,ADA/USDT:USDT,0.8315,22480.0,0.8314,37411.0,0.8316,38598.0,0.8317,105093.0
1753591883507,04:51:23.507,bitget,ADA/USDT:USDT,0.8315,22480.0,0.8314,54249.0,0.8316,38598.0,0.8317,105093.0
1753591883807,04:51:23.807,bitget,ADA/USDT:USDT,0.8315,22480.0,0.8314,53298.0,0.8316,38598.0,0.8317,105093.0
1753591883957,04:51:23.957,bitget,ADA/USDT:USDT,0.8315,22480.0,0.8314,53298.0,0.8316,38598.0,0.8317,105093.0
1753591884107,04:51:24.107,bitget,ADA/USDT:USDT,0.8315,22480.0,0.8314,64290.0,0.8316,38598.0,0.8317,105093.0
1753591884257,04:51:24.257,bitget,ADA/USDT:USDT,0.8315,23284.0,0.8314,65241.0,0.8316,38598.0,0.8317,105093.0
1753591884407,04:51:24.407,bitget,ADA/USDT:USDT,0.8315,23284.0,0.8314,36460.0,0.8316,38598.0,0.8317,105093.0
1753591885308,04:51:25.308,bitget,ADA/USDT:USDT,0.8315,22480.0,0.8314,47337.0,0.8316,38598.0,0.8317,105093.0
1753591885458,04:51:25.458,bitget,ADA/USDT:USDT,0.8315,22480.0,0.8314,65577.0,0.8316,38598.0,0.8317,105093.0
1753591885608,04:51:25.608,bitget,ADA/USDT:USDT,0.8315,22480.0,0.8314,64626.0,0.8316,38598.0,0.8317,105093.0
1753591885758,04:51:25.758,bitget,ADA/USDT:USDT,0.8315,22480.0,0.8314,64626.0,0.8316,38598.0,0.8317,105093.0
1753591885908,04:51:25.908,bitget,ADA/USDT:USDT,0.8315,22480.0,0.8314,65577.0,0.8316,38598.0,0.8317,105093.0
1753591886358,04:51:26.358,bitget,ADA/USDT:USDT,0.8315,22480.0,0.8314,65577.0,0.8316,38598.0,0.8317,105093.0
1753591886658,04:51:26.658,bitget,ADA/USDT:USDT,0.8315,22480.0,0.8314,65577.0,0.8316,60507.0,0.8317,83183.0
1753591887408,04:51:27.408,bitget,ADA/USDT:USDT,0.8315,22480.0,0.8314,64626.0,0.8316,60507.0,0.8317,83183.0
1753591887559,04:51:27.559,bitget,ADA/USDT:USDT,0.8315,22480.0,0.8314,64626.0,0.8316,60507.0,0.8317,83183.0
1753591887709,04:51:27.709,bitget,ADA/USDT:USDT,0.8315,22480.0,0.8314,65577.0,0.8316,60507.0,0.8317,83183.0
1753591887859,04:51:27.859,bitget,ADA/USDT:USDT,0.8315,28980.0,0.8314,65577.0,0.8316,60507.0,0.8317,83183.0
1753591888609,04:51:28.609,bitget,ADA/USDT:USDT,0.8315,22480.0,0.8314,65577.0,0.8316,60507.0,0.8317,83183.0
1753591888760,04:51:28.760,bitget,ADA/USDT:USDT,0.8315,31480.0,0.8314,65577.0,0.8316,60507.0,0.8317,83183.0
1753591888910,04:51:28.910,bitget,ADA/USDT:USDT,0.8315,31480.0,0.8314,65577.0,0.8316,60507.0,0.8317,82152.0
1753591889059,04:51:29.059,bitget,ADA/USDT:USDT,0.8315,22480.0,0.8314,65577.0,0.8316,60507.0,0.8317,83183.0
1753591889210,04:51:29.210,bitget,ADA/USDT:USDT,0.8315,20132.0,0.8314,36796.0,0.8316,60506.0,0.8317,83183.0
1753591889510,04:51:29.510,bitget,ADA/USDT:USDT,0.8315,6444.0,0.8314,53633.0,0.8316,60506.0,0.8317,60800.0
1753591889660,04:51:29.660,bitget,ADA/USDT:USDT,0.8315,6444.0,0.8314,35393.0,0.8316,61107.0,0.8317,60199.0
1753591889810,04:51:29.810,bitget,ADA/USDT:USDT,0.8315,6444.0,0.8314,35393.0,0.8316,61107.0,0.8317,60199.0
1753591889960,04:51:29.960,bitget,ADA/USDT:USDT,0.8315,8043.0,0.8314,37812.0,0.8316,61107.0,0.8317,59168.0
1753591890110,04:51:30.110,bitget,ADA/USDT:USDT,0.8315,21731.0,0.8314,37762.0,0.8316,61107.0,0.8317,60199.0
1753591890260,04:51:30.260,bitget,ADA/USDT:USDT,0.8315,21731.0,0.8314,42241.0,0.8316,60506.0,0.8317,59769.0
1753591890411,04:51:30.411,bitget,ADA/USDT:USDT,0.8315,21731.0,0.8314,42241.0,0.8316,60506.0,0.8317,59769.0
1753591890561,04:51:30.561,bitget,ADA/USDT:USDT,0.8315,21731.0,0.8314,53233.0,0.8316,60506.0,0.8317,60800.0
1753591890711,04:51:30.711,bitget,ADA/USDT:USDT,0.8315,22480.0,0.8314,53233.0,0.8316,60506.0,0.8317,59769.0
1753591890861,04:51:30.861,bitget,ADA/USDT:USDT,0.8315,45980.0,0.8314,53233.0,0.8316,60506.0,0.8317,59769.0
1753591891011,04:51:31.011,bitget,ADA/USDT:USDT,0.8315,30980.0,0.8314,53233.0,0.8316,60506.0,0.8317,59769.0
1753591891161,04:51:31.161,bitget,ADA/USDT:USDT,0.8315,30980.0,0.8314,53233.0,0.8316,60506.0,0.8317,59769.0
1753591891311,04:51:31.311,bitget,ADA/USDT:USDT,0.8315,51149.0,0.8314,57379.0,0.8317,28836.0,0.8318,66867.0
1753591891461,04:51:31.461,bitget,ADA/USDT:USDT,0.8317,4978.0,0.8316,33192.0,0.8318,46913.0,0.8319,99189.0
1753591891611,04:51:31.611,bitget,ADA/USDT:USDT,0.8317,70002.0,0.8316,78944.0,0.8318,46601.0,0.8319,126993.0
1753591891761,04:51:31.761,bitget,ADA/USDT:USDT,0.8317,70002.0,0.8316,87947.0,0.8318,41424.0,0.8319,58328.0
1753591891911,04:51:31.911,bitget,ADA/USDT:USDT,0.8317,70002.0,0.8316,87947.0,0.8318,47099.0,0.8319,54505.0
1753591892061,04:51:32.061,bitget,ADA/USDT:USDT,0.8317,69051.0,0.8316,86996.0,0.8318,60787.0,0.8319,61147.0
1753591892212,04:51:32.212,bitget,ADA/USDT:USDT,0.8317,69051.0,0.8316,86996.0,0.8318,60787.0,0.8319,61147.0
1753591892362,04:51:32.362,bitget,ADA/USDT:USDT,0.8317,69051.0,0.8316,63496.0,0.8318,60787.0,0.8319,61147.0
1753591892511,04:51:32.511,bitget,ADA/USDT:USDT,0.8317,69051.0,0.8316,63496.0,0.8318,60787.0,0.8319,61147.0
1753591892662,04:51:32.662,bitget,ADA/USDT:USDT,0.8317,69051.0,0.8316,64446.0,0.8318,60787.0,0.8319,61027.0
1753591892812,04:51:32.812,bitget,ADA/USDT:USDT,0.8317,69051.0,0.8316,64446.0,0.8318,60787.0,0.8319,61027.0
1753591892962,04:51:32.962,bitget,ADA/USDT:USDT,0.8317,69051.0,0.8316,64446.0,0.8318,60787.0,0.8319,59996.0
1753591893112,04:51:33.112,bitget,ADA/USDT:USDT,0.8317,69051.0,0.8316,64446.0,0.8318,60787.0,0.8319,59996.0
1753591893262,04:51:33.262,bitget,ADA/USDT:USDT,0.8317,69051.0,0.8316,64446.0,0.8318,60787.0,0.8319,59996.0
1753591893412,04:51:33.412,bitget,ADA/USDT:USDT,0.8317,69051.0,0.8316,64446.0,0.8318,60787.0,0.8319,59996.0
1753591893562,04:51:33.562,bitget,ADA/USDT:USDT,0.8317,69051.0,0.8316,64446.0,0.8318,59188.0,0.8319,49004.0
1753591893712,04:51:33.712,bitget,ADA/USDT:USDT,0.8317,69051.0,0.8316,64446.0,0.8318,749.0,0.8319,54099.0
1753591893863,04:51:33.863,bitget,ADA/USDT:USDT,0.8317,69051.0,0.8316,64446.0,0.8318,749.0,0.8319,54099.0
1753591894313,04:51:34.313,bitget,ADA/USDT:USDT,0.8317,69051.0,0.8316,66396.0,0.8318,749.0,0.8319,65175.0
1753591894463,04:51:34.463,bitget,ADA/USDT:USDT,0.8317,69051.0,0.8316,66396.0,0.8318,2348.0,0.8319,65175.0
1753591894763,04:51:34.763,bitget,ADA/USDT:USDT,0.8317,69051.0,0.8316,66396.0,0.8318,2348.0,0.8319,65175.0
1753591895063,04:51:35.063,bitget,ADA/USDT:USDT,0.8317,73076.0,0.8316,66396.0,0.8318,749.0,0.8319,65434.0
1753591895213,04:51:35.213,bitget,ADA/USDT:USDT,0.8317,73076.0,0.8316,66396.0,0.8318,749.0,0.8319,65434.0
1753591895363,04:51:35.363,bitget,ADA/USDT:USDT,0.8317,73076.0,0.8316,66396.0,0.8318,749.0,0.8319,65434.0
1753591895513,04:51:35.513,bitget,ADA/USDT:USDT,0.8317,73076.0,0.8316,66396.0,0.8318,749.0,0.8319,65434.0
1753591897014,04:51:37.014,bitget,ADA/USDT:USDT,0.8316,57831.0,0.8315,66599.0,0.8317,978.0,0.8318,75448.0
1753591897164,04:51:37.164,bitget,ADA/USDT:USDT,0.8316,57831.0,0.8315,66599.0,0.8317,978.0,0.8318,53545.0
1753591897314,04:51:37.314,bitget,ADA/USDT:USDT,0.8316,57831.0,0.8315,66599.0,0.8317,978.0,0.8318,60934.0
1753591897615,04:51:37.615,bitget,ADA/USDT:USDT,0.8316,57831.0,0.8315,66625.0,0.8317,978.0,0.8318,60934.0
1753591897765,04:51:37.765,bitget,ADA/USDT:USDT,0.8316,38331.0,0.8315,66817.0,0.8317,9478.0,0.8318,60934.0
1753591897915,04:51:37.915,bitget,ADA/USDT:USDT,0.8316,38331.0,0.8315,68647.0,0.8317,11077.0,0.8318,60934.0
1753591898065,04:51:38.065,bitget,ADA/USDT:USDT,0.8316,38331.0,0.8315,72673.0,0.8317,11077.0,0.8318,60934.0
1753591898215,04:51:38.215,bitget,ADA/USDT:USDT,0.8316,38331.0,0.8315,72673.0,0.8317,2577.0,0.8318,60934.0
1753591898365,04:51:38.365,bitget,ADA/USDT:USDT,0.8316,38331.0,0.8315,72673.0,0.8317,2577.0,0.8318,60934.0
1753591898515,04:51:38.515,bitget,ADA/USDT:USDT,0.8316,38331.0,0.8315,72673.0,0.8317,2577.0,0.8318,60934.0
1753591898665,04:51:38.665,bitget,ADA/USDT:USDT,0.8316,60232.0,0.8315,72673.0,0.8318,36100.0,0.8319,69629.0
1753591898815,04:51:38.815,bitget,ADA/USDT:USDT,0.8317,62580.0,0.8316,59892.0,0.8318,36100.0,0.8319,81219.0
1753591899116,04:51:39.116,bitget,ADA/USDT:USDT,0.8317,64928.0,0.8316,57329.0,0.8318,28711.0,0.8319,80619.0
1753591899566,04:51:39.566,bitget,ADA/USDT:USDT,0.8318,13544.0,0.8317,74707.0,0.832,42971.0,0.8321,98453.0
1753591899716,04:51:39.716,bitget,ADA/USDT:USDT,0.8319,26597.0,0.8318,76779.0,0.8321,38193.0,0.8322,44373.0
1753591899866,04:51:39.866,bitget,ADA/USDT:USDT,0.8321,13126.0,0.832,61196.0,0.8322,52296.0,0.8323,100880.0
1753591900016,04:51:40.016,bitget,ADA/USDT:USDT,0.8321,58295.0,0.832,99413.0,0.8322,27440.0,0.8323,49504.0
1753591900166,04:51:40.166,bitget,ADA/USDT:USDT,0.8321,33845.0,0.832,65548.0,0.8322,31851.0,0.8323,87729.0
1753591900316,04:51:40.316,bitget,ADA/USDT:USDT,0.8321,32246.0,0.832,65548.0,0.8322,45539.0,0.8323,88760.0
1753591900466,04:51:40.466,bitget,ADA/USDT:USDT,0.8321,32246.0,0.832,61525.0,0.8322,41877.0,0.8323,88760.0
1753591900616,04:51:40.616,bitget,ADA/USDT:USDT,0.8321,32246.0,0.832,67989.0,0.8322,41877.0,0.8323,72556.0
1753591900766,04:51:40.766,bitget,ADA/USDT:USDT,0.8321,33845.0,0.832,67989.0,0.8322,41877.0,0.8323,84383.0
1753591900916,04:51:40.916,bitget,ADA/USDT:USDT,0.8321,33845.0,0.832,61525.0,0.8322,41877.0,0.8323,85414.0
1753591901067,04:51:41.067,bitget,ADA/USDT:USDT,0.8321,32246.0,0.832,61525.0,0.8322,41877.0,0.8323,85414.0
1753591901217,04:51:41.217,bitget,ADA/USDT:USDT,0.8321,32246.0,0.832,61525.0,0.8322,41877.0,0.8323,85414.0
1753591901367,04:51:41.367,bitget,ADA/USDT:USDT,0.8321,32246.0,0.832,61525.0,0.8322,41877.0,0.8323,85414.0
1753591901517,04:51:41.517,bitget,ADA/USDT:USDT,0.8321,13688.0,0.832,33709.0,0.8322,41877.0,0.8323,85414.0
1753591901667,04:51:41.667,bitget,ADA/USDT:USDT,0.832,45209.0,0.8319,81253.0,0.8321,35051.0,0.8322,55877.0
1753591901817,04:51:41.817,bitget,ADA/USDT:USDT,0.832,27859.0,0.8319,68442.0,0.8321,38768.0,0.8322,61030.0
1753591901967,04:51:41.967,bitget,ADA/USDT:USDT,0.832,26104.0,0.8319,68442.0,0.8321,38768.0,0.8322,50274.0
1753591902117,04:51:42.117,bitget,ADA/USDT:USDT,0.832,39792.0,0.8319,72457.0,0.8321,37938.0,0.8322,67068.0
1753591902267,04:51:42.267,bitget,ADA/USDT:USDT,0.832,39792.0,0.8319,94354.0,0.8321,26438.0,0.8322,88965.0
1753591902417,04:51:42.417,bitget,ADA/USDT:USDT,0.832,39792.0,0.8319,94354.0,0.8321,26438.0,0.8322,82927.0
1753591902568,04:51:42.568,bitget,ADA/USDT:USDT,0.832,39792.0,0.8319,94354.0,0.8321,26438.0,0.8322,82927.0
1753591902718,04:51:42.718,bitget,ADA/USDT:USDT,0.832,63292.0,0.8319,94354.0,0.8321,26438.0,0.8322,77069.0
1753591902868,04:51:42.868,bitget,ADA/USDT:USDT,0.832,63292.0,0.8319,94354.0,0.8322,60273.0,0.8323,68147.0
1753591903018,04:51:43.018,bitget,ADA/USDT:USDT,0.8321,17794.0,0.832,64832.0,0.8322,61022.0,0.8323,84943.0
1753591903168,04:51:43.168,bitget,ADA/USDT:USDT,0.8321,18031.0,0.832,69136.0,0.8322,50086.0,0.8323,85974.0
1753591903318,04:51:43.318,bitget,ADA/USDT:USDT,0.8321,18031.0,0.832,69136.0,0.8322,50086.0,0.8323,85974.0
1753591903468,04:51:43.468,bitget,ADA/USDT:USDT,0.8321,19630.0,0.832,69136.0,0.8322,50086.0,0.8323,84943.0
1753591903618,04:51:43.618,bitget,ADA/USDT:USDT,0.8321,19630.0,0.832,69136.0,0.8322,50086.0,0.8323,68147.0
1753591903768,04:51:43.768,bitget,ADA/USDT:USDT,0.8322,20943.0,0.8321,85494.0,0.8324,46859.0,0.8325,54002.0
1753591903918,04:51:43.918,bitget,ADA/USDT:USDT,0.8323,3604.0,0.8322,53411.0,0.8324,30062.0,0.8325,97180.0
1753591904068,04:51:44.068,bitget,ADA/USDT:USDT,0.8323,2480.0,0.8322,53411.0,0.8324,43503.0,0.8325,87147.0
1753591904219,04:51:44.219,bitget,ADA/USDT:USDT,0.8323,2480.0,0.8322,53411.0,0.8324,57191.0,0.8325,98128.0
1753591904369,04:51:44.369,bitget,ADA/USDT:USDT,0.8323,2480.0,0.8322,64392.0,0.8324,57191.0,0.8325,98128.0
1753591904519,04:51:44.519,bitget,ADA/USDT:USDT,0.8323,2480.0,0.8322,64392.0,0.8324,57191.0,0.8325,98128.0
1753591904669,04:51:44.669,bitget,ADA/USDT:USDT,0.8323,1640.0,0.8322,64392.0,0.8324,57191.0,0.8325,98128.0
1753591904819,04:51:44.819,bitget,ADA/USDT:USDT,0.8323,1640.0,0.8322,64392.0,0.8324,57191.0,0.8325,98128.0
1753591904969,04:51:44.969,bitget,ADA/USDT:USDT,0.8323,2480.0,0.8322,64392.0,0.8324,57191.0,0.8325,98008.0
1753591905119,04:51:45.119,bitget,ADA/USDT:USDT,0.8323,2480.0,0.8322,64392.0,0.8324,57191.0,0.8325,98008.0
1753591905269,04:51:45.269,bitget,ADA/USDT:USDT,0.8322,28527.0,0.8321,77631.0,0.8324,57191.0,0.8325,97408.0
1753591905419,04:51:45.419,bitget,ADA/USDT:USDT,0.8322,3229.0,0.8321,73305.0,0.8323,49851.0,0.8324,65489.0
1753591905569,04:51:45.569,bitget,ADA/USDT:USDT,0.8322,3229.0,0.8321,73305.0,0.8323,49851.0,0.8324,99677.0
1753591905719,04:51:45.719,bitget,ADA/USDT:USDT,0.8322,3229.0,0.8321,73305.0,0.8323,49851.0,0.8324,91444.0
1753591905869,04:51:45.869,bitget,ADA/USDT:USDT,0.8322,1640.0,0.8321,73305.0,0.8323,49851.0,0.8324,91444.0
1753591906020,04:51:46.020,bitget,ADA/USDT:USDT,0.8322,1640.0,0.8321,51408.0,0.8323,49851.0,0.8324,91444.0
1753591906170,04:51:46.170,bitget,ADA/USDT:USDT,0.8322,2480.0,0.8321,51408.0,0.8323,49851.0,0.8324,91444.0
1753591906319,04:51:46.319,bitget,ADA/USDT:USDT,0.8322,2480.0,0.8321,51408.0,0.8323,51681.0,0.8324,91444.0
1753591906470,04:51:46.470,bitget,ADA/USDT:USDT,0.8322,2480.0,0.8321,68230.0,0.8323,51681.0,0.8324,91444.0
1753591906620,04:51:46.620,bitget,ADA/USDT:USDT,0.8322,11980.0,0.8321,68230.0,0.8323,51681.0,0.8324,91444.0
1753591906770,04:51:46.770,bitget,ADA/USDT:USDT,0.8322,11980.0,0.8321,68230.0,0.8323,50650.0,0.8324,90413.0
1753591906920,04:51:46.920,bitget,ADA/USDT:USDT,0.8322,11980.0,0.8321,68230.0,0.8323,50650.0,0.8324,90413.0
1753591907070,04:51:47.070,bitget,ADA/USDT:USDT,0.8322,14328.0,0.8321,68230.0,0.8323,50650.0,0.8324,90413.0
1753591907220,04:51:47.220,bitget,ADA/USDT:USDT,0.8322,14328.0,0.8321,68230.0,0.8323,50650.0,0.8324,90413.0
1753591907370,04:51:47.370,bitget,ADA/USDT:USDT,0.8322,14328.0,0.8321,68230.0,0.8323,50650.0,0.8324,90413.0
1753591907520,04:51:47.520,bitget,ADA/USDT:USDT,0.8322,14328.0,0.8321,68230.0,0.8323,50650.0,0.8324,101395.0
1753591907671,04:51:47.671,bitget,ADA/USDT:USDT,0.8322,14328.0,0.8321,68230.0,0.8323,50650.0,0.8324,101395.0
1753591907821,04:51:47.821,bitget,ADA/USDT:USDT,0.8322,14328.0,0.8321,68230.0,0.8323,50650.0,0.8324,101395.0
1753591907971,04:51:47.971,bitget,ADA/USDT:USDT,0.8322,14328.0,0.8321,68230.0,0.8323,50650.0,0.8324,101395.0
1753591908121,04:51:48.121,bitget,ADA/USDT:USDT,0.8322,12729.0,0.8321,68230.0,0.8323,50650.0,0.8324,102426.0
1753591908271,04:51:48.271,bitget,ADA/USDT:USDT,0.8322,14328.0,0.8321,69180.0,0.8323,50650.0,0.8324,106439.0
1753591908421,04:51:48.421,bitget,ADA/USDT:USDT,0.8322,28016.0,0.8321,69180.0,0.8323,49781.0,0.8324,105408.0
1753591908571,04:51:48.571,bitget,ADA/USDT:USDT,0.8322,28016.0,0.8321,69180.0,0.8323,49781.0,0.8324,105408.0
1753591908721,04:51:48.721,bitget,ADA/USDT:USDT,0.8322,28016.0,0.8321,69180.0,0.8323,49781.0,0.8324,105408.0
1753591908871,04:51:48.871,bitget,ADA/USDT:USDT,0.8322,28016.0,0.8321,69180.0,0.8323,49781.0,0.8324,105408.0
1753591909021,04:51:49.021,bitget,ADA/USDT:USDT,0.8322,28016.0,0.8321,69180.0,0.8323,49781.0,0.8324,102426.0
1753591909171,04:51:49.171,bitget,ADA/USDT:USDT,0.8322,14801.0,0.8321,73194.0,0.8323,73311.0,0.8324,79808.0
1753591909321,04:51:49.321,bitget,ADA/USDT:USDT,0.8322,14801.0,0.8321,73194.0,0.8323,73311.0,0.8324,79808.0
1753591909472,04:51:49.472,bitget,ADA/USDT:USDT,0.8322,14801.0,0.8321,73194.0,0.8323,73311.0,0.8324,79808.0
1753591909622,04:51:49.622,bitget,ADA/USDT:USDT,0.8322,16400.0,0.8321,73194.0,0.8323,73311.0,0.8324,79808.0
1753591909772,04:51:49.772,bitget,ADA/USDT:USDT,0.8322,16400.0,0.8321,73194.0,0.8323,73311.0,0.8324,79808.0
1753591909922,04:51:49.922,bitget,ADA/USDT:USDT,0.8322,16400.0,0.8321,73194.0,0.8323,73311.0,0.8324,79808.0
1753591910072,04:51:50.072,bitget,ADA/USDT:USDT,0.8322,16400.0,0.8321,73194.0,0.8323,73311.0,0.8324,78777.0
1753591910222,04:51:50.222,bitget,ADA/USDT:USDT,0.8322,16400.0,0.8321,73194.0,0.8323,73311.0,0.8324,78777.0
1753591910372,04:51:50.372,bitget,ADA/USDT:USDT,0.8322,16948.0,0.8321,73194.0,0.8323,73311.0,0.8324,78777.0
1753591910522,04:51:50.522,bitget,ADA/USDT:USDT,0.8322,16948.0,0.8321,73194.0,0.8323,73311.0,0.8324,78777.0
1753591910672,04:51:50.672,bitget,ADA/USDT:USDT,0.8322,16948.0,0.8321,73194.0,0.8323,73311.0,0.8324,78777.0
1753591910822,04:51:50.822,bitget,ADA/USDT:USDT,0.8322,16948.0,0.8321,73194.0,0.8323,73311.0,0.8324,78777.0
1753591910972,04:51:50.972,bitget,ADA/USDT:USDT,0.8322,16948.0,0.8321,73194.0,0.8323,73311.0,0.8324,78777.0
1753591911123,04:51:51.123,bitget,ADA/USDT:USDT,0.8322,16948.0,0.8321,73194.0,0.8323,73311.0,0.8324,79808.0
1753591911273,04:51:51.273,bitget,ADA/USDT:USDT,0.8322,16948.0,0.8321,73194.0,0.8323,73311.0,0.8324,79808.0
1753591911423,04:51:51.423,bitget,ADA/USDT:USDT,0.8322,16948.0,0.8321,73194.0,0.8323,73311.0,0.8324,79808.0
1753591911573,04:51:51.573,bitget,ADA/USDT:USDT,0.8322,16948.0,0.8321,73194.0,0.8323,73311.0,0.8324,79808.0
1753591911723,04:51:51.723,bitget,ADA/USDT:USDT,0.8321,5553.0,0.832,42733.0,0.8322,869.0,0.8323,75714.0
1753591911873,04:51:51.873,bitget,ADA/USDT:USDT,0.832,18748.0,0.8319,82286.0,0.8322,79821.0,0.8323,109911.0
1753591912023,04:51:52.023,bitget,ADA/USDT:USDT,0.8321,13688.0,0.832,26842.0,0.8322,47710.0,0.8323,82325.0
1753591912173,04:51:52.173,bitget,ADA/USDT:USDT,0.8322,2700.0,0.8321,63776.0,0.8323,31050.0,0.8324,55819.0
1753591912323,04:51:52.323,bitget,ADA/USDT:USDT,0.8322,55275.0,0.8321,38087.0,0.8323,49951.0,0.8324,78808.0
1753591912473,04:51:52.473,bitget,ADA/USDT:USDT,0.8322,55275.0,0.8321,38087.0,0.8323,49951.0,0.8324,33607.0
1753591912623,04:51:52.623,bitget,ADA/USDT:USDT,0.8322,55275.0,0.8321,63980.0,0.8323,22117.0,0.8324,72302.0
1753591912774,04:51:52.774,bitget,ADA/USDT:USDT,0.8322,55275.0,0.8321,63980.0,0.8323,22117.0,0.8324,96667.0
1753591912924,04:51:52.924,bitget,ADA/USDT:USDT,0.8322,55275.0,0.8321,63980.0,0.8323,22117.0,0.8324,96667.0
1753591913074,04:51:53.074,bitget,ADA/USDT:USDT,0.8322,55275.0,0.8321,63980.0,0.8323,21997.0,0.8324,89111.0
1753591913224,04:51:53.224,bitget,ADA/USDT:USDT,0.8322,55275.0,0.8321,63980.0,0.8323,21997.0,0.8324,89111.0
1753591913374,04:51:53.374,bitget,ADA/USDT:USDT,0.8322,33275.0,0.8321,63980.0,0.8323,21997.0,0.8324,90142.0
1753591913524,04:51:53.524,bitget,ADA/USDT:USDT,0.8322,33275.0,0.8321,63980.0,0.8323,22563.0,0.8324,90142.0
1753591913674,04:51:53.674,bitget,ADA/USDT:USDT,0.8322,33275.0,0.8321,63980.0,0.8323,46412.0,0.8324,90142.0
1753591913824,04:51:53.824,bitget,ADA/USDT:USDT,0.8322,33275.0,0.8321,63980.0,0.8323,46412.0,0.8324,90142.0
1753591913974,04:51:53.974,bitget,ADA/USDT:USDT,0.8322,33275.0,0.8321,63980.0,0.8323,46412.0,0.8324,90142.0
1753591914124,04:51:54.124,bitget,ADA/USDT:USDT,0.8322,33275.0,0.8321,63980.0,0.8323,46412.0,0.8324,90142.0
1753591914274,04:51:54.274,bitget,ADA/USDT:USDT,0.8322,33275.0,0.8321,63980.0,0.8323,46412.0,0.8324,90142.0
1753591914424,04:51:54.424,bitget,ADA/USDT:USDT,0.8322,33275.0,0.8321,63030.0,0.8323,46412.0,0.8324,90742.0
1753591914575,04:51:54.575,bitget,ADA/USDT:USDT,0.8322,33275.0,0.8321,63030.0,0.8323,60100.0,0.8324,90742.0
1753591914725,04:51:54.725,bitget,ADA/USDT:USDT,0.8322,33275.0,0.8321,63030.0,0.8323,60100.0,0.8324,90742.0
1753591914875,04:51:54.875,bitget,ADA/USDT:USDT,0.8322,32435.0,0.8321,63030.0,0.8323,60100.0,0.8324,90742.0
1753591915025,04:51:55.025,bitget,ADA/USDT:USDT,0.8322,15851.0,0.8321,63030.0,0.8323,60100.0,0.8324,90742.0
1753591915175,04:51:55.175,bitget,ADA/USDT:USDT,0.8321,41144.0,0.832,94236.0,0.8323,60100.0,0.8324,90742.0
1753591915325,04:51:55.325,bitget,ADA/USDT:USDT,0.8322,1124.0,0.8321,38434.0,0.8323,58460.0,0.8324,90742.0
1753591915475,04:51:55.475,bitget,ADA/USDT:USDT,0.8322,1124.0,0.8321,38434.0,0.8323,60100.0,0.8324,95546.0
1753591915625,04:51:55.625,bitget,ADA/USDT:USDT,0.8322,1124.0,0.8321,38434.0,0.8323,60100.0,0.8324,95546.0
1753591915925,04:51:55.925,bitget,ADA/USDT:USDT,0.8322,1124.0,0.8321,38434.0,0.8323,60100.0,0.8324,95546.0
1753591916075,04:51:56.075,bitget,ADA/USDT:USDT,0.8321,8540.0,0.832,94236.0,0.8322,11814.0,0.8323,60700.0
1753591916225,04:51:56.225,bitget,ADA/USDT:USDT,0.8321,2126.0,0.832,62410.0,0.8322,69158.0,0.8323,82420.0
1753591916376,04:51:56.376,bitget,ADA/USDT:USDT,0.8321,2126.0,0.832,52481.0,0.8322,69158.0,0.8323,82420.0
1753591916526,04:51:56.526,bitget,ADA/USDT:USDT,0.8321,2126.0,0.832,69319.0,0.8322,69158.0,0.8323,82420.0
1753591916676,04:51:56.676,bitget,ADA/USDT:USDT,0.8321,1297.0,0.832,69319.0,0.8322,69158.0,0.8323,72728.0
1753591916826,04:51:56.826,bitget,ADA/USDT:USDT,0.832,36830.0,0.8319,65225.0,0.8322,70189.0,0.8323,77886.0
1753591916976,04:51:56.976,bitget,ADA/USDT:USDT,0.832,17092.0,0.8319,87098.0,0.8321,33650.0,0.8322,78574.0
1753591917126,04:51:57.126,bitget,ADA/USDT:USDT,0.832,26842.0,0.8319,87098.0,0.8321,35998.0,0.8322,93772.0
1753591917276,04:51:57.276,bitget,ADA/USDT:USDT,0.832,40530.0,0.8319,87098.0,0.8321,35998.0,0.8322,93772.0
1753591917426,04:51:57.426,bitget,ADA/USDT:USDT,0.832,40530.0,0.8319,87098.0,0.8321,35998.0,0.8322,93772.0
1753591917576,04:51:57.576,bitget,ADA/USDT:USDT,0.832,40530.0,0.8319,87098.0,0.8321,35998.0,0.8322,70272.0
1753591917726,04:51:57.726,bitget,ADA/USDT:USDT,0.832,40530.0,0.8319,88048.0,0.8321,35998.0,0.8322,70272.0
1753591917876,04:51:57.876,bitget,ADA/USDT:USDT,0.832,40530.0,0.8319,88048.0,0.8321,35998.0,0.8322,75198.0
1753591918026,04:51:58.026,bitget,ADA/USDT:USDT,0.832,40530.0,0.8319,88048.0,0.8321,35249.0,0.8322,86183.0
1753591918176,04:51:58.176,bitget,ADA/USDT:USDT,0.832,40530.0,0.8319,92248.0,0.8321,19327.0,0.8322,57351.0
1753591918327,04:51:58.327,bitget,ADA/USDT:USDT,0.832,40530.0,0.8319,92248.0,0.8321,19327.0,0.8322,75192.0
1753591918477,04:51:58.477,bitget,ADA/USDT:USDT,0.832,40530.0,0.8319,92248.0,0.8321,42827.0,0.8322,75192.0
1753591918627,04:51:58.627,bitget,ADA/USDT:USDT,0.832,40530.0,0.8319,92248.0,0.8321,45515.0,0.8322,75192.0
1753591918777,04:51:58.777,bitget,ADA/USDT:USDT,0.832,40530.0,0.8319,92248.0,0.8321,45515.0,0.8322,75192.0
1753591918927,04:51:58.927,bitget,ADA/USDT:USDT,0.832,40530.0,0.8319,92248.0,0.8321,45515.0,0.8322,75192.0
1753591919077,04:51:59.077,bitget,ADA/USDT:USDT,0.832,40530.0,0.8319,92248.0,0.8321,45515.0,0.8322,75192.0
1753591919227,04:51:59.227,bitget,ADA/USDT:USDT,0.832,40530.0,0.8319,92248.0,0.8321,45515.0,0.8322,75192.0
1753591919377,04:51:59.377,bitget,ADA/USDT:USDT,0.832,40530.0,0.8319,92248.0,0.8321,45515.0,0.8322,75192.0
1753591919527,04:51:59.527,bitget,ADA/USDT:USDT,0.832,40530.0,0.8319,92248.0,0.8321,45515.0,0.8322,75192.0
1753591919677,04:51:59.677,bitget,ADA/USDT:USDT,0.832,40530.0,0.8319,92084.0,0.8321,33015.0,0.8322,85057.0
1753591919828,04:51:59.828,bitget,ADA/USDT:USDT,0.832,40530.0,0.8319,92084.0,0.8321,33015.0,0.8322,85057.0
1753591919978,04:51:59.978,bitget,ADA/USDT:USDT,0.832,40530.0,0.8319,92084.0,0.8321,33015.0,0.8322,85057.0
1753591920128,04:52:00.128,bitget,ADA/USDT:USDT,0.832,40530.0,0.8319,92084.0,0.8321,33015.0,0.8322,96042.0
1753591920278,04:52:00.278,bitget,ADA/USDT:USDT,0.832,40530.0,0.8319,92084.0,0.8321,33015.0,0.8322,96042.0
1753591920428,04:52:00.428,bitget,ADA/USDT:USDT,0.832,20932.0,0.8319,84984.0,0.8321,33015.0,0.8322,97193.0
1753591920578,04:52:00.578,bitget,ADA/USDT:USDT,0.832,2147.0,0.8319,84984.0,0.8321,57344.0,0.8322,87928.0
1753591920728,04:52:00.728,bitget,ADA/USDT:USDT,0.832,2896.0,0.8319,84984.0,0.8321,57344.0,0.8322,91834.0
1753591920878,04:52:00.878,bitget,ADA/USDT:USDT,0.832,2896.0,0.8319,84984.0,0.8321,57344.0,0.8322,91834.0
1753591921028,04:52:01.028,bitget,ADA/USDT:USDT,0.832,2896.0,0.8319,84984.0,0.8321,57344.0,0.8322,91834.0
1753591921178,04:52:01.178,bitget,ADA/USDT:USDT,0.832,2896.0,0.8319,84984.0,0.8321,39344.0,0.8322,91834.0
1753591921328,04:52:01.328,bitget,ADA/USDT:USDT,0.832,33264.0,0.8319,85934.0,0.8321,33844.0,0.8322,90203.0
1753591921478,04:52:01.478,bitget,ADA/USDT:USDT,0.832,33264.0,0.8319,87884.0,0.8322,50504.0,0.8323,60530.0
1753591921629,04:52:01.629,bitget,ADA/USDT:USDT,0.8321,36844.0,0.832,72475.0,0.8323,18768.0,0.8324,100143.0
1753591921779,04:52:01.779,bitget,ADA/USDT:USDT,0.8322,51888.0,0.8321,58702.0,0.8323,43039.0,0.8324,65655.0
1753591921929,04:52:01.929,bitget,ADA/USDT:USDT,0.8322,61817.0,0.8321,97431.0,0.8323,5818.0,0.8324,87537.0
1753591922079,04:52:02.079,bitget,ADA/USDT:USDT,0.8322,66424.0,0.8321,97431.0,0.8323,1830.0,0.8324,48830.0
1753591922229,04:52:02.229,bitget,ADA/USDT:USDT,0.8322,95141.0,0.8321,76227.0,0.8324,93521.0,0.8325,64453.0
1753591922379,04:52:02.379,bitget,ADA/USDT:USDT,0.8322,63105.0,0.8321,66188.0,0.8323,22779.0,0.8324,53162.0
1753591922529,04:52:02.529,bitget,ADA/USDT:USDT,0.8322,33876.0,0.8321,79024.0,0.8323,71016.0,0.8324,53444.0
1753591922679,04:52:02.679,bitget,ADA/USDT:USDT,0.8322,14812.0,0.8321,33299.0,0.8323,71016.0,0.8324,101567.0
1753591922829,04:52:02.829,bitget,ADA/USDT:USDT,0.8322,16411.0,0.8321,72300.0,0.8323,71016.0,0.8324,92012.0
1753591922979,04:52:02.979,bitget,ADA/USDT:USDT,0.8322,33876.0,0.8321,73250.0,0.8323,47516.0,0.8324,90981.0
1753591923129,04:52:03.129,bitget,ADA/USDT:USDT,0.8322,33876.0,0.8321,73250.0,0.8323,47516.0,0.8324,90981.0
1753591923280,04:52:03.280,bitget,ADA/USDT:USDT,0.8322,33876.0,0.8321,73250.0,0.8323,47516.0,0.8324,90981.0
1753591923430,04:52:03.430,bitget,ADA/USDT:USDT,0.8322,39823.0,0.8321,73250.0,0.8323,40532.0,0.8324,101963.0
1753591923580,04:52:03.580,bitget,ADA/USDT:USDT,0.8322,33876.0,0.8321,73250.0,0.8323,40532.0,0.8324,101963.0
1753591923730,04:52:03.730,bitget,ADA/USDT:USDT,0.8322,33876.0,0.8321,73250.0,0.8323,40532.0,0.8324,102994.0
1753591923880,04:52:03.880,bitget,ADA/USDT:USDT,0.8322,33876.0,0.8321,73250.0,0.8323,40532.0,0.8324,74159.0
1753591924030,04:52:04.030,bitget,ADA/USDT:USDT,0.8322,33876.0,0.8321,77257.0,0.8323,20385.0,0.8324,68319.0
1753591924180,04:52:04.180,bitget,ADA/USDT:USDT,0.8322,33876.0,0.8321,77257.0,0.8323,18578.0,0.8324,107852.0
1753591924330,04:52:04.330,bitget,ADA/USDT:USDT,0.8322,37883.0,0.8321,77377.0,0.8323,1830.0,0.8324,59787.0
1753591924480,04:52:04.480,bitget,ADA/USDT:USDT,0.8322,58883.0,0.8321,79207.0,0.8324,87590.0,0.8325,81111.0
1753591924630,04:52:04.630,bitget,ADA/USDT:USDT,0.8323,18477.0,0.8322,29018.0,0.8324,13273.0,0.8325,98534.0
1753591924780,04:52:04.780,bitget,ADA/USDT:USDT,0.8323,18477.0,0.8322,56040.0,0.8324,33266.0,0.8325,97934.0
1753591924930,04:52:04.930,bitget,ADA/USDT:USDT,0.8323,19025.0,0.8322,56040.0,0.8324,33266.0,0.8325,98965.0
1753591925081,04:52:05.081,bitget,ADA/USDT:USDT,0.8323,19025.0,0.8322,67022.0,0.8324,44635.0,0.8325,99565.0
1753591925231,04:52:05.231,bitget,ADA/USDT:USDT,0.8323,19025.0,0.8322,67022.0,0.8324,44635.0,0.8325,99565.0
1753591925381,04:52:05.381,bitget,ADA/USDT:USDT,0.8323,19025.0,0.8322,67022.0,0.8324,44635.0,0.8325,99565.0
1753591925531,04:52:05.531,bitget,ADA/USDT:USDT,0.8323,19025.0,0.8322,67022.0,0.8324,44635.0,0.8325,98534.0
1753591925681,04:52:05.681,bitget,ADA/USDT:USDT,0.8323,34364.0,0.8322,67022.0,0.8324,31758.0,0.8325,98531.0
1753591925831,04:52:05.831,bitget,ADA/USDT:USDT,0.8323,34364.0,0.8322,67022.0,0.8324,31758.0,0.8325,97931.0
1753591925981,04:52:05.981,bitget,ADA/USDT:USDT,0.8323,34364.0,0.8322,67022.0,0.8324,33773.0,0.8325,98962.0
1753591926131,04:52:06.131,bitget,ADA/USDT:USDT,0.8323,33559.0,0.8322,63015.0,0.8324,34578.0,0.8325,98962.0
1753591926281,04:52:06.281,bitget,ADA/USDT:USDT,0.8323,15324.0,0.8322,46169.0,0.8324,49917.0,0.8325,98962.0
1753591926431,04:52:06.431,bitget,ADA/USDT:USDT,0.8323,15324.0,0.8322,63014.0,0.8324,49917.0,0.8325,98962.0
1753591926581,04:52:06.581,bitget,ADA/USDT:USDT,0.8323,15324.0,0.8322,63014.0,0.8324,49917.0,0.8325,98962.0
1753591926732,04:52:06.732,bitget,ADA/USDT:USDT,0.8323,15324.0,0.8322,63014.0,0.8324,49917.0,0.8325,99562.0
1753591926882,04:52:06.882,bitget,ADA/USDT:USDT,0.8323,15324.0,0.8322,63014.0,0.8324,49917.0,0.8325,99562.0
1753591927032,04:52:07.032,bitget,ADA/USDT:USDT,0.8323,18220.0,0.8322,63964.0,0.8324,45859.0,0.8325,81712.0
1753591927182,04:52:07.182,bitget,ADA/USDT:USDT,0.8323,21243.0,0.8322,63964.0,0.8324,45859.0,0.8325,98532.0
1753591927332,04:52:07.332,bitget,ADA/USDT:USDT,0.8323,19025.0,0.8322,63964.0,0.8324,45859.0,0.8325,98532.0
1753591927482,04:52:07.482,bitget,ADA/USDT:USDT,0.8323,19025.0,0.8322,63964.0,0.8324,45859.0,0.8325,98532.0
1753591927632,04:52:07.632,bitget,ADA/USDT:USDT,0.8323,19025.0,0.8322,63964.0,0.8324,45859.0,0.8325,98532.0
1753591927782,04:52:07.782,bitget,ADA/USDT:USDT,0.8323,18220.0,0.8322,63964.0,0.8324,45859.0,0.8325,98532.0
1753591927932,04:52:07.932,bitget,ADA/USDT:USDT,0.8323,18220.0,0.8322,63964.0,0.8324,45859.0,0.8325,98532.0
1753591928082,04:52:08.082,bitget,ADA/USDT:USDT,0.8323,18220.0,0.8322,63964.0,0.8324,45859.0,0.8325,98532.0
1753591928232,04:52:08.232,bitget,ADA/USDT:USDT,0.8323,18220.0,0.8322,63964.0,0.8324,45859.0,0.8325,98532.0
1753591928382,04:52:08.382,bitget,ADA/USDT:USDT,0.8323,18220.0,0.8322,63964.0,0.8324,45859.0,0.8325,70731.0
1753591928533,04:52:08.533,bitget,ADA/USDT:USDT,0.8323,66666.0,0.8322,68082.0,0.8324,28688.0,0.8325,98413.0
1753591928683,04:52:08.683,bitget,ADA/USDT:USDT,0.8323,66666.0,0.8322,68082.0,0.8324,29004.0,0.8325,97813.0
1753591928833,04:52:08.833,bitget,ADA/USDT:USDT,0.8323,66666.0,0.8322,68082.0,0.8324,29912.0,0.8325,97813.0
1753591928983,04:52:08.983,bitget,ADA/USDT:USDT,0.8323,43668.0,0.8322,68082.0,0.8324,29912.0,0.8325,97813.0
1753591929133,04:52:09.133,bitget,ADA/USDT:USDT,0.8323,47666.0,0.8322,68082.0,0.8325,75067.0,0.8326,119642.0
1753591929283,04:52:09.283,bitget,ADA/USDT:USDT,0.8324,23345.0,0.8323,33743.0,0.8325,77415.0,0.8326,136466.0
1753591929433,04:52:09.433,bitget,ADA/USDT:USDT,0.8324,27543.0,0.8323,50589.0,0.8325,62353.0,0.8326,68331.0
1753591929583,04:52:09.583,bitget,ADA/USDT:USDT,0.8324,27543.0,0.8323,54337.0,0.8325,62353.0,0.8326,67731.0
1753591929733,04:52:09.733,bitget,ADA/USDT:USDT,0.8324,25693.0,0.8323,54337.0,0.8325,62353.0,0.8326,67731.0
1753591929883,04:52:09.883,bitget,ADA/USDT:USDT,0.8324,25693.0,0.8323,54337.0,0.8325,62353.0,0.8326,67731.0
1753591930033,04:52:10.033,bitget,ADA/USDT:USDT,0.8324,26643.0,0.8323,55287.0,0.8325,62353.0,0.8326,67731.0
1753591930184,04:52:10.184,bitget,ADA/USDT:USDT,0.8324,26643.0,0.8323,55287.0,0.8325,62353.0,0.8326,67731.0
1753591930334,04:52:10.334,bitget,ADA/USDT:USDT,0.8324,26643.0,0.8323,55287.0,0.8325,62353.0,0.8326,67731.0
1753591930484,04:52:10.484,bitget,ADA/USDT:USDT,0.8324,26643.0,0.8323,55287.0,0.8325,62353.0,0.8326,67731.0
1753591930634,04:52:10.634,bitget,ADA/USDT:USDT,0.8324,26643.0,0.8323,55287.0,0.8325,62353.0,0.8326,67731.0
1753591930784,04:52:10.784,bitget,ADA/USDT:USDT,0.8324,26643.0,0.8323,55287.0,0.8325,62353.0,0.8326,67731.0
1753591930934,04:52:10.934,bitget,ADA/USDT:USDT,0.8324,26643.0,0.8323,55287.0,0.8325,62353.0,0.8326,67731.0
1753591931084,04:52:11.084,bitget,ADA/USDT:USDT,0.8324,26643.0,0.8323,55287.0,0.8325,62353.0,0.8326,67731.0
1753591931234,04:52:11.234,bitget,ADA/USDT:USDT,0.8324,29831.0,0.8323,55287.0,0.8325,50446.0,0.8326,50907.0
1753591931384,04:52:11.384,bitget,ADA/USDT:USDT,0.8324,45170.0,0.8323,55287.0,0.8325,50446.0,0.8326,67730.0
1753591931534,04:52:11.534,bitget,ADA/USDT:USDT,0.8324,41032.0,0.8323,54337.0,0.8325,50446.0,0.8326,67730.0
1753591931684,04:52:11.684,bitget,ADA/USDT:USDT,0.8324,34364.0,0.8323,54337.0,0.8325,64134.0,0.8326,68761.0
1753591931834,04:52:11.834,bitget,ADA/USDT:USDT,0.8324,15324.0,0.8323,32991.0,0.8325,64134.0,0.8326,68761.0
1753591931985,04:52:11.985,bitget,ADA/USDT:USDT,0.8324,15324.0,0.8323,32991.0,0.8325,64134.0,0.8326,68761.0
1753591932135,04:52:12.135,bitget,ADA/USDT:USDT,0.8324,1124.0,0.8323,23296.0,0.8325,64134.0,0.8326,68761.0
1753591932285,04:52:12.285,bitget,ADA/USDT:USDT,0.8323,23296.0,0.8322,67556.0,0.8325,64734.0,0.8326,68761.0
1753591932435,04:52:12.435,bitget,ADA/USDT:USDT,0.8323,46796.0,0.8322,67556.0,0.8324,54768.0,0.8325,62494.0
1753591932585,04:52:12.585,bitget,ADA/USDT:USDT,0.8323,23296.0,0.8322,68506.0,0.8324,57116.0,0.8325,95391.0
1753591932735,04:52:12.735,bitget,ADA/USDT:USDT,0.8323,23296.0,0.8322,68506.0,0.8324,57116.0,0.8325,95391.0
1753591932885,04:52:12.885,bitget,ADA/USDT:USDT,0.8323,23296.0,0.8322,68506.0,0.8324,57116.0,0.8325,95991.0
1753591933035,04:52:13.035,bitget,ADA/USDT:USDT,0.8323,36984.0,0.8322,68506.0,0.8324,57116.0,0.8325,95991.0
1753591933185,04:52:13.185,bitget,ADA/USDT:USDT,0.8323,36984.0,0.8322,68506.0,0.8324,57116.0,0.8325,101938.0
1753591933485,04:52:13.485,bitget,ADA/USDT:USDT,0.8323,36984.0,0.8322,68506.0,0.8324,70804.0,0.8325,88250.0
1753591933635,04:52:13.635,bitget,ADA/USDT:USDT,0.8323,36984.0,0.8322,68506.0,0.8324,70804.0,0.8325,88250.0
1753591933786,04:52:13.786,bitget,ADA/USDT:USDT,0.8323,36984.0,0.8322,68506.0,0.8324,70804.0,0.8325,88250.0
1753591933936,04:52:13.936,bitget,ADA/USDT:USDT,0.8323,36984.0,0.8322,68506.0,0.8324,70804.0,0.8325,88250.0
1753591934086,04:52:14.086,bitget,ADA/USDT:USDT,0.8323,36984.0,0.8322,68506.0,0.8324,70804.0,0.8325,88250.0
1753591934236,04:52:14.236,bitget,ADA/USDT:USDT,0.8323,36984.0,0.8322,68506.0,0.8324,70804.0,0.8325,88250.0
1753591934386,04:52:14.386,bitget,ADA/USDT:USDT,0.8323,36984.0,0.8322,68506.0,0.8324,70804.0,0.8325,88250.0
1753591934536,04:52:14.536,bitget,ADA/USDT:USDT,0.8323,36984.0,0.8322,68506.0,0.8324,70804.0,0.8325,88250.0
1753591934686,04:52:14.686,bitget,ADA/USDT:USDT,0.8323,36984.0,0.8322,68506.0,0.8324,70804.0,0.8325,87650.0
1753591934836,04:52:14.836,bitget,ADA/USDT:USDT,0.8323,37532.0,0.8322,68506.0,0.8324,57052.0,0.8325,87650.0
1753591934986,04:52:14.986,bitget,ADA/USDT:USDT,0.8323,37532.0,0.8322,68506.0,0.8324,56540.0,0.8325,87650.0
1753591935136,04:52:15.136,bitget,ADA/USDT:USDT,0.8323,37532.0,0.8322,68506.0,0.8324,56540.0,0.8325,91312.0
1753591935286,04:52:15.286,bitget,ADA/USDT:USDT,0.8323,37532.0,0.8322,68506.0,0.8324,56540.0,0.8325,69433.0
1753591935436,04:52:15.436,bitget,ADA/USDT:USDT,0.8323,37532.0,0.8322,68506.0,0.8324,56540.0,0.8325,91308.0
1753591935586,04:52:15.586,bitget,ADA/USDT:USDT,0.8323,37532.0,0.8322,68506.0,0.8324,56540.0,0.8325,91308.0
1753591935737,04:52:15.737,bitget,ADA/USDT:USDT,0.8323,37532.0,0.8322,68506.0,0.8324,56540.0,0.8325,91308.0
1753591935887,04:52:15.887,bitget,ADA/USDT:USDT,0.8323,37532.0,0.8322,68506.0,0.8324,56540.0,0.8325,91308.0
1753591936037,04:52:16.037,bitget,ADA/USDT:USDT,0.8323,37532.0,0.8322,68506.0,0.8324,56540.0,0.8325,91308.0
1753591936187,04:52:16.187,bitget,ADA/USDT:USDT,0.8323,37532.0,0.8322,68506.0,0.8324,56540.0,0.8325,91308.0
1753591936337,04:52:16.337,bitget,ADA/USDT:USDT,0.8323,37532.0,0.8322,68506.0,0.8324,35556.0,0.8325,91308.0
1753591936487,04:52:16.487,bitget,ADA/USDT:USDT,0.8323,37532.0,0.8322,68506.0,0.8324,35556.0,0.8325,91308.0
1753591936637,04:52:16.637,bitget,ADA/USDT:USDT,0.8323,37532.0,0.8322,68506.0,0.8324,35556.0,0.8325,91308.0
1753591936787,04:52:16.787,bitget,ADA/USDT:USDT,0.8323,37532.0,0.8322,68506.0,0.8324,35556.0,0.8325,91308.0
1753591936937,04:52:16.937,bitget,ADA/USDT:USDT,0.8323,37532.0,0.8322,68506.0,0.8324,35556.0,0.8325,91308.0
1753591937087,04:52:17.087,bitget,ADA/USDT:USDT,0.8323,37532.0,0.8322,68506.0,0.8324,35556.0,0.8325,102289.0
1753591937237,04:52:17.237,bitget,ADA/USDT:USDT,0.8323,37532.0,0.8322,68506.0,0.8324,35556.0,0.8325,102289.0
1753591937387,04:52:17.387,bitget,ADA/USDT:USDT,0.8323,37532.0,0.8322,68506.0,0.8324,35556.0,0.8325,102289.0
1753591937538,04:52:17.538,bitget,ADA/USDT:USDT,0.8323,37532.0,0.8322,68506.0,0.8324,35556.0,0.8325,102289.0
1753591937688,04:52:17.688,bitget,ADA/USDT:USDT,0.8323,37532.0,0.8322,68506.0,0.8324,35556.0,0.8325,102289.0
1753591937838,04:52:17.838,bitget,ADA/USDT:USDT,0.8323,37532.0,0.8322,68506.0,0.8324,35556.0,0.8325,102289.0
1753591937988,04:52:17.988,bitget,ADA/USDT:USDT,0.8323,37532.0,0.8322,68506.0,0.8324,35556.0,0.8325,102289.0
1753591938138,04:52:18.138,bitget,ADA/USDT:USDT,0.8323,37532.0,0.8322,68506.0,0.8324,35556.0,0.8325,102289.0
1753591938288,04:52:18.288,bitget,ADA/USDT:USDT,0.8323,37532.0,0.8322,68506.0,0.8324,35556.0,0.8325,102289.0
1753591938438,04:52:18.438,bitget,ADA/USDT:USDT,0.8323,37532.0,0.8322,68506.0,0.8324,35556.0,0.8325,102289.0
1753591938588,04:52:18.588,bitget,ADA/USDT:USDT,0.8323,37532.0,0.8322,68506.0,0.8324,35556.0,0.8325,102289.0
1753591938738,04:52:18.738,bitget,ADA/USDT:USDT,0.8323,37532.0,0.8322,68506.0,0.8324,35556.0,0.8325,80414.0
1753591938888,04:52:18.888,bitget,ADA/USDT:USDT,0.8323,37532.0,0.8322,68506.0,0.8324,35556.0,0.8325,80414.0
1753591939038,04:52:19.038,bitget,ADA/USDT:USDT,0.8323,37532.0,0.8322,68506.0,0.8324,35556.0,0.8325,80414.0
1753591939188,04:52:19.188,bitget,ADA/USDT:USDT,0.8323,37532.0,0.8322,90380.0,0.8324,19556.0,0.8325,108393.0
1753591939339,04:52:19.339,bitget,ADA/USDT:USDT,0.8323,37532.0,0.8322,79655.0,0.8324,19556.0,0.8325,102288.0
1753591939489,04:52:19.489,bitget,ADA/USDT:USDT,0.8323,37532.0,0.8322,84792.0,0.8324,19556.0,0.8325,102288.0
1753591939639,04:52:19.639,bitget,ADA/USDT:USDT,0.8323,37532.0,0.8322,84792.0,0.8324,19556.0,0.8325,102288.0
1753591939789,04:52:19.789,bitget,ADA/USDT:USDT,0.8323,37532.0,0.8322,84792.0,0.8324,19327.0,0.8325,102288.0
1753591939939,04:52:19.939,bitget,ADA/USDT:USDT,0.8323,37532.0,0.8322,84792.0,0.8324,16979.0,0.8325,91322.0
1753591940089,04:52:20.089,bitget,ADA/USDT:USDT,0.8323,37532.0,0.8322,84792.0,0.8324,18578.0,0.8325,91442.0
1753591940239,04:52:20.239,bitget,ADA/USDT:USDT,0.8323,37532.0,0.8322,84792.0,0.8324,18578.0,0.8325,91442.0
1753591940389,04:52:20.389,bitget,ADA/USDT:USDT,0.8323,42532.0,0.8322,84792.0,0.8324,18578.0,0.8325,102423.0
1753591940539,04:52:20.539,bitget,ADA/USDT:USDT,0.8323,42532.0,0.8322,84792.0,0.8324,18578.0,0.8325,102423.0
1753591940689,04:52:20.689,bitget,ADA/USDT:USDT,0.8323,42532.0,0.8322,84792.0,0.8324,18578.0,0.8325,102423.0
1753591940839,04:52:20.839,bitget,ADA/USDT:USDT,0.8323,42532.0,0.8322,84792.0,0.8324,1640.0,0.8325,74604.0
1753591940990,04:52:20.990,bitget,ADA/USDT:USDT,0.8323,42532.0,0.8322,84792.0,0.8325,57661.0,0.8326,85566.0
1753591941140,04:52:21.140,bitget,ADA/USDT:USDT,0.8324,16680.0,0.8323,28296.0,0.8325,60050.0,0.8326,86166.0
1753591941290,04:52:21.290,bitget,ADA/USDT:USDT,0.8324,51131.0,0.8323,57777.0,0.8325,50441.0,0.8326,86166.0
1753591941440,04:52:21.440,bitget,ADA/USDT:USDT,0.8324,27631.0,0.8323,34277.0,0.8325,50441.0,0.8326,85566.0
1753591941590,04:52:21.590,bitget,ADA/USDT:USDT,0.8324,20876.0,0.8323,34277.0,0.8325,50441.0,0.8326,86166.0
1753591941740,04:52:21.740,bitget,ADA/USDT:USDT,0.8324,18220.0,0.8323,73251.0,0.8325,64129.0,0.8326,87197.0
1753591941890,04:52:21.890,bitget,ADA/USDT:USDT,0.8324,18220.0,0.8323,73251.0,0.8325,64129.0,0.8326,87197.0
1753591942040,04:52:22.040,bitget,ADA/USDT:USDT,0.8324,18220.0,0.8323,73251.0,0.8325,64129.0,0.8326,87197.0
1753591942190,04:52:22.190,bitget,ADA/USDT:USDT,0.8324,18220.0,0.8323,73251.0,0.8325,64129.0,0.8326,87197.0
1753591942340,04:52:22.340,bitget,ADA/USDT:USDT,0.8324,18220.0,0.8323,77249.0,0.8325,64129.0,0.8326,87197.0
1753591942490,04:52:22.490,bitget,ADA/USDT:USDT,0.8324,18220.0,0.8323,77249.0,0.8325,64129.0,0.8326,87197.0
1753591942641,04:52:22.641,bitget,ADA/USDT:USDT,0.8324,18220.0,0.8323,77249.0,0.8325,64129.0,0.8326,87197.0
1753591942791,04:52:22.791,bitget,ADA/USDT:USDT,0.8324,18220.0,0.8323,77249.0,0.8325,64129.0,0.8326,87197.0
1753591942941,04:52:22.941,bitget,ADA/USDT:USDT,0.8324,18220.0,0.8323,73251.0,0.8325,64129.0,0.8326,87197.0
1753591943091,04:52:23.091,bitget,ADA/USDT:USDT,0.8324,18220.0,0.8323,73251.0,0.8325,64129.0,0.8326,87197.0
1753591943241,04:52:23.241,bitget,ADA/USDT:USDT,0.8324,58817.0,0.8323,74321.0,0.8325,29284.0,0.8326,35980.0
1753591943391,04:52:23.391,bitget,ADA/USDT:USDT,0.8324,62815.0,0.8323,78919.0,0.8325,29284.0,0.8326,23930.0
1753591943541,04:52:23.541,bitget,ADA/USDT:USDT,0.8324,84688.0,0.8323,80779.0,0.8325,7410.0,0.8326,56212.0
1753591943691,04:52:23.691,bitget,ADA/USDT:USDT,0.8324,80690.0,0.8323,67536.0,0.8325,7410.0,0.8326,83229.0
1753591943841,04:52:23.841,bitget,ADA/USDT:USDT,0.8324,80690.0,0.8323,68156.0,0.8325,7410.0,0.8326,83229.0
1753591943991,04:52:23.991,bitget,ADA/USDT:USDT,0.8324,80690.0,0.8323,68156.0,0.8325,7410.0,0.8326,83229.0
1753591944141,04:52:24.141,bitget,ADA/USDT:USDT,0.8324,80690.0,0.8323,68156.0,0.8325,7410.0,0.8326,94209.0
1753591944291,04:52:24.291,bitget,ADA/USDT:USDT,0.8324,79740.0,0.8323,66606.0,0.8325,9758.0,0.8326,111052.0
1753591944441,04:52:24.441,bitget,ADA/USDT:USDT,0.8324,79740.0,0.8323,67556.0,0.8325,7410.0,0.8326,62646.0
1753591944592,04:52:24.592,bitget,ADA/USDT:USDT,0.8324,79740.0,0.8323,68156.0,0.8325,7410.0,0.8326,69912.0
1753591944742,04:52:24.742,bitget,ADA/USDT:USDT,0.8324,79740.0,0.8323,68156.0,0.8325,7410.0,0.8326,31196.0
1753591944892,04:52:24.892,bitget,ADA/USDT:USDT,0.8324,79740.0,0.8323,68348.0,0.8325,7410.0,0.8326,31196.0
1753591945042,04:52:25.042,bitget,ADA/USDT:USDT,0.8325,57190.0,0.8324,59096.0,0.8326,17196.0,0.8327,60280.0
1753591945192,04:52:25.192,bitget,ADA/USDT:USDT,0.8325,57939.0,0.8324,75963.0,0.8326,15576.0,0.8327,99117.0
1753591945342,04:52:25.342,bitget,ADA/USDT:USDT,0.8325,57939.0,0.8324,69396.0,0.8326,17175.0,0.8327,88361.0
1753591945492,04:52:25.492,bitget,ADA/USDT:USDT,0.8325,57939.0,0.8324,69396.0,0.8326,17175.0,0.8327,88361.0
1753591945642,04:52:25.642,bitget,ADA/USDT:USDT,0.8325,57939.0,0.8324,69396.0,0.8326,14000.0,0.8327,71516.0
1753591945792,04:52:25.792,bitget,ADA/USDT:USDT,0.8325,57939.0,0.8324,71226.0,0.8326,14000.0,0.8327,88361.0
1753591945942,04:52:25.942,bitget,ADA/USDT:USDT,0.8325,57939.0,0.8324,71226.0,0.8326,15640.0,0.8327,88361.0
1753591946092,04:52:26.092,bitget,ADA/USDT:USDT,0.8325,56989.0,0.8324,71226.0,0.8326,18067.0,0.8327,84075.0
1753591946243,04:52:26.243,bitget,ADA/USDT:USDT,0.8325,56989.0,0.8324,71226.0,0.8326,18067.0,0.8327,83955.0
1753591946393,04:52:26.393,bitget,ADA/USDT:USDT,0.8325,56989.0,0.8324,71226.0,0.8326,4816.0,0.8327,83955.0
1753591946542,04:52:26.542,bitget,ADA/USDT:USDT,0.8324,11091.0,0.8323,31816.0,0.8325,57217.0,0.8326,51367.0
1753591946693,04:52:26.693,bitget,ADA/USDT:USDT,0.8323,29791.0,0.8322,51237.0,0.8324,4816.0,0.8325,81060.0
1753591946843,04:52:26.843,bitget,ADA/USDT:USDT,0.8323,29791.0,0.8322,51429.0,0.8324,32947.0,0.8325,106459.0
1753591946993,04:52:26.993,bitget,ADA/USDT:USDT,0.8323,29791.0,0.8322,51429.0,0.8324,18947.0,0.8325,98026.0
1753591947143,04:52:27.143,bitget,ADA/USDT:USDT,0.8323,50479.0,0.8322,51429.0,0.8324,18947.0,0.8325,104393.0
1753591947293,04:52:27.293,bitget,ADA/USDT:USDT,0.8323,43479.0,0.8322,51429.0,0.8324,18947.0,0.8325,104393.0
1753591947443,04:52:27.443,bitget,ADA/USDT:USDT,0.8323,43479.0,0.8322,51429.0,0.8324,18916.0,0.8325,104393.0
1753591947593,04:52:27.593,bitget,ADA/USDT:USDT,0.8323,43479.0,0.8322,62246.0,0.8324,18916.0,0.8325,104393.0
1753591947743,04:52:27.743,bitget,ADA/USDT:USDT,0.8323,43479.0,0.8322,62246.0,0.8324,18916.0,0.8325,99541.0
1753591947894,04:52:27.894,bitget,ADA/USDT:USDT,0.8323,43228.0,0.8322,63196.0,0.8324,19134.0,0.8325,102524.0
1753591948044,04:52:28.044,bitget,ADA/USDT:USDT,0.8323,43228.0,0.8322,67543.0,0.8324,19134.0,0.8325,88836.0
1753591948194,04:52:28.194,bitget,ADA/USDT:USDT,0.8323,43228.0,0.8322,67543.0,0.8324,18916.0,0.8325,88836.0
1753591948344,04:52:28.344,bitget,ADA/USDT:USDT,0.8323,43228.0,0.8322,67543.0,0.8324,18916.0,0.8325,88836.0
1753591948494,04:52:28.494,bitget,ADA/USDT:USDT,0.8323,36476.0,0.8322,66593.0,0.8324,32664.0,0.8325,88836.0
1753591948644,04:52:28.644,bitget,ADA/USDT:USDT,0.8323,36476.0,0.8322,66593.0,0.8324,32664.0,0.8325,88836.0
1753591948794,04:52:28.794,bitget,ADA/USDT:USDT,0.8323,36476.0,0.8322,83466.0,0.8324,32664.0,0.8325,88836.0
1753591948944,04:52:28.944,bitget,ADA/USDT:USDT,0.8323,36476.0,0.8322,83466.0,0.8324,32664.0,0.8325,88836.0
1753591949094,04:52:29.094,bitget,ADA/USDT:USDT,0.8323,36476.0,0.8322,83466.0,0.8324,32664.0,0.8325,88836.0
1753591949244,04:52:29.244,bitget,ADA/USDT:USDT,0.8323,36476.0,0.8322,83466.0,0.8324,32664.0,0.8325,88836.0
1753591949394,04:52:29.394,bitget,ADA/USDT:USDT,0.8323,21742.0,0.8322,83466.0,0.8324,32664.0,0.8325,88836.0
1753591949545,04:52:29.545,bitget,ADA/USDT:USDT,0.8323,21742.0,0.8322,83466.0,0.8324,32664.0,0.8325,89436.0
1753591949695,04:52:29.695,bitget,ADA/USDT:USDT,0.8323,22491.0,0.8322,83466.0,0.8324,32664.0,0.8325,89436.0
1753591949845,04:52:29.845,bitget,ADA/USDT:USDT,0.8323,22491.0,0.8322,83466.0,0.8324,32664.0,0.8325,89436.0
1753591949995,04:52:29.995,bitget,ADA/USDT:USDT,0.8321,52107.0,0.832,109420.0,0.8323,36440.0,0.8324,57298.0
1753591950145,04:52:30.145,bitget,ADA/USDT:USDT,0.8321,45769.0,0.832,46428.0,0.8322,52832.0,0.8323,69568.0
1753591950295,04:52:30.295,bitget,ADA/USDT:USDT,0.8321,53211.0,0.832,40950.0,0.8322,17874.0,0.8323,58270.0
1753591950745,04:52:30.745,bitget,ADA/USDT:USDT,0.8322,41331.0,0.8321,84529.0,0.8323,6602.0,0.8324,107271.0
1753591950895,04:52:30.895,bitget,ADA/USDT:USDT,0.8322,41331.0,0.8321,84529.0,0.8323,6602.0,0.8324,107271.0
1753591951045,04:52:31.045,bitget,ADA/USDT:USDT,0.8322,41331.0,0.8321,84529.0,0.8323,4785.0,0.8324,107271.0
1753591951195,04:52:31.195,bitget,ADA/USDT:USDT,0.8322,42281.0,0.8321,85671.0,0.8323,12970.0,0.8324,86081.0
1753591951345,04:52:31.345,bitget,ADA/USDT:USDT,0.8322,19662.0,0.8321,46452.0,0.8323,32875.0,0.8324,93059.0
1753591951496,04:52:31.496,bitget,ADA/USDT:USDT,0.8322,19662.0,0.8321,60837.0,0.8323,32875.0,0.8324,93659.0
1753591951645,04:52:31.645,bitget,ADA/USDT:USDT,0.8322,19662.0,0.8321,61787.0,0.8323,17087.0,0.8324,96136.0
1753591951796,04:52:31.796,bitget,ADA/USDT:USDT,0.8322,19662.0,0.8321,61787.0,0.8323,17087.0,0.8324,96136.0
1753591951946,04:52:31.946,bitget,ADA/USDT:USDT,0.8322,33350.0,0.8321,61787.0,0.8323,19889.0,0.8324,96136.0
1753591952096,04:52:32.096,bitget,ADA/USDT:USDT,0.8322,53850.0,0.8321,61787.0,0.8323,15318.0,0.8324,95105.0
1753591952246,04:52:32.246,bitget,ADA/USDT:USDT,0.8322,54678.0,0.8321,61787.0,0.8323,14569.0,0.8324,93819.0
1753591952396,04:52:32.396,bitget,ADA/USDT:USDT,0.8322,34178.0,0.8321,61787.0,0.8323,16146.0,0.8324,93699.0
1753591952546,04:52:32.546,bitget,ADA/USDT:USDT,0.8322,34178.0,0.8321,61787.0,0.8323,22093.0,0.8324,84001.0
1753591952696,04:52:32.696,bitget,ADA/USDT:USDT,0.8322,34178.0,0.8321,61787.0,0.8323,22093.0,0.8324,85032.0
1753591952846,04:52:32.846,bitget,ADA/USDT:USDT,0.8322,33350.0,0.8321,61787.0,0.8323,22093.0,0.8324,85032.0
1753591952996,04:52:32.996,bitget,ADA/USDT:USDT,0.8322,33350.0,0.8321,61787.0,0.8323,22093.0,0.8324,85032.0
1753591953146,04:52:33.146,bitget,ADA/USDT:USDT,0.8322,33350.0,0.8321,61787.0,0.8323,22093.0,0.8324,85032.0
1753591953297,04:52:33.297,bitget,ADA/USDT:USDT,0.8322,33350.0,0.8321,61787.0,0.8323,22093.0,0.8324,85032.0
1753591953447,04:52:33.447,bitget,ADA/USDT:USDT,0.8322,33350.0,0.8321,61787.0,0.8323,22093.0,0.8324,85032.0
1753591953597,04:52:33.597,bitget,ADA/USDT:USDT,0.8322,33350.0,0.8321,61787.0,0.8323,22093.0,0.8324,85032.0
1753591953747,04:52:33.747,bitget,ADA/USDT:USDT,0.8322,33350.0,0.8321,61787.0,0.8323,22093.0,0.8324,85032.0
1753591953897,04:52:33.897,bitget,ADA/USDT:USDT,0.8322,33350.0,0.8321,61787.0,0.8323,22093.0,0.8324,96014.0
1753591954047,04:52:34.047,bitget,ADA/USDT:USDT,0.8322,33350.0,0.8321,61787.0,0.8323,22093.0,0.8324,96014.0
1753591954197,04:52:34.197,bitget,ADA/USDT:USDT,0.8322,33350.0,0.8321,61787.0,0.8323,22093.0,0.8324,96014.0
1753591954347,04:52:34.347,bitget,ADA/USDT:USDT,0.8322,33350.0,0.8321,61787.0,0.8323,22093.0,0.8324,96014.0
1753591954497,04:52:34.497,bitget,ADA/USDT:USDT,0.8322,33350.0,0.8321,61787.0,0.8323,21749.0,0.8324,96014.0
1753591954647,04:52:34.647,bitget,ADA/USDT:USDT,0.8322,33350.0,0.8321,61787.0,0.8323,21749.0,0.8324,96014.0
1753591954797,04:52:34.797,bitget,ADA/USDT:USDT,0.8322,33350.0,0.8321,60837.0,0.8323,21749.0,0.8324,96014.0
1753591954948,04:52:34.948,bitget,ADA/USDT:USDT,0.8322,33350.0,0.8321,60837.0,0.8323,21749.0,0.8324,96014.0
1753591955098,04:52:35.098,bitget,ADA/USDT:USDT,0.8322,33350.0,0.8321,65787.0,0.8323,45249.0,0.8324,94983.0
1753591955248,04:52:35.248,bitget,ADA/USDT:USDT,0.8322,33350.0,0.8321,65787.0,0.8323,21749.0,0.8324,95583.0
1753591955398,04:52:35.398,bitget,ADA/USDT:USDT,0.8322,31751.0,0.8321,65787.0,0.8323,21749.0,0.8324,94983.0
1753591955548,04:52:35.548,bitget,ADA/USDT:USDT,0.8322,33350.0,0.8321,82673.0,0.8323,21749.0,0.8324,96014.0
1753591955698,04:52:35.698,bitget,ADA/USDT:USDT,0.8322,33350.0,0.8321,82673.0,0.8323,21749.0,0.8324,96014.0
1753591955848,04:52:35.848,bitget,ADA/USDT:USDT,0.8322,34155.0,0.8321,82673.0,0.8323,20921.0,0.8324,67144.0
1753591955998,04:52:35.998,bitget,ADA/USDT:USDT,0.8322,34155.0,0.8321,93655.0,0.8323,9560.0,0.8324,67144.0
1753591956148,04:52:36.148,bitget,ADA/USDT:USDT,0.8322,37155.0,0.8321,93655.0,0.8323,1265.0,0.8324,71095.0
1753591956298,04:52:36.298,bitget,ADA/USDT:USDT,0.8322,34155.0,0.8321,93655.0,0.8323,3669.0,0.8324,87959.0
1753591956448,04:52:36.448,bitget,ADA/USDT:USDT,0.8322,34155.0,0.8321,93655.0,0.8323,3669.0,0.8324,84008.0
1753591956598,04:52:36.598,bitget,ADA/USDT:USDT,0.8322,34155.0,0.8321,95485.0,0.8323,3613.0,0.8324,84008.0
1753591956749,04:52:36.749,bitget,ADA/USDT:USDT,0.8322,34155.0,0.8321,95485.0,0.8323,3613.0,0.8324,84008.0
1753591956898,04:52:36.898,bitget,ADA/USDT:USDT,0.8322,34155.0,0.8321,95485.0,0.8323,3613.0,0.8324,84008.0
1753591957049,04:52:37.049,bitget,ADA/USDT:USDT,0.8322,34155.0,0.8321,95485.0,0.8323,3613.0,0.8324,84023.0
1753591957199,04:52:37.199,bitget,ADA/USDT:USDT,0.8322,34155.0,0.8321,95485.0,0.8323,4418.0,0.8324,84023.0
1753591957349,04:52:37.349,bitget,ADA/USDT:USDT,0.8322,34155.0,0.8321,95485.0,0.8323,15569.0,0.8324,84023.0
1753591957499,04:52:37.499,bitget,ADA/USDT:USDT,0.8322,34155.0,0.8321,95485.0,0.8323,16264.0,0.8324,85054.0
1753591957649,04:52:37.649,bitget,ADA/USDT:USDT,0.8322,34155.0,0.8321,95485.0,0.8323,15569.0,0.8324,84023.0
1753591957799,04:52:37.799,bitget,ADA/USDT:USDT,0.8322,34155.0,0.8321,95485.0,0.8323,14764.0,0.8324,84023.0
1753591957949,04:52:37.949,bitget,ADA/USDT:USDT,0.8322,34155.0,0.8321,95485.0,0.8323,14764.0,0.8324,84023.0
1753591958099,04:52:38.099,bitget,ADA/USDT:USDT,0.8322,34155.0,0.8321,95485.0,0.8323,14764.0,0.8324,84023.0
1753591958249,04:52:38.249,bitget,ADA/USDT:USDT,0.8322,34155.0,0.8321,95485.0,0.8323,14764.0,0.8324,84023.0
1753591958400,04:52:38.400,bitget,ADA/USDT:USDT,0.8322,34155.0,0.8321,95485.0,0.8323,19494.0,0.8324,85054.0
1753591958550,04:52:38.550,bitget,ADA/USDT:USDT,0.8322,34155.0,0.8321,95485.0,0.8323,19494.0,0.8324,85054.0
1753591958700,04:52:38.700,bitget,ADA/USDT:USDT,0.8322,34155.0,0.8321,95485.0,0.8323,15569.0,0.8324,85054.0
1753591959000,04:52:39.000,bitget,ADA/USDT:USDT,0.8322,46655.0,0.8321,95485.0,0.8323,2864.0,0.8324,84023.0
1753591959150,04:52:39.150,bitget,ADA/USDT:USDT,0.8322,34155.0,0.8321,95486.0,0.8323,2864.0,0.8324,84024.0
1753591959300,04:52:39.300,bitget,ADA/USDT:USDT,0.8322,34155.0,0.8321,95486.0,0.8323,3669.0,0.8324,84024.0
1753591959450,04:52:39.450,bitget,ADA/USDT:USDT,0.8322,34155.0,0.8321,95486.0,0.8323,3669.0,0.8324,78077.0
1753591959600,04:52:39.600,bitget,ADA/USDT:USDT,0.8322,34155.0,0.8321,95486.0,0.8323,3669.0,0.8324,78077.0
1753591959750,04:52:39.750,bitget,ADA/USDT:USDT,0.8322,38155.0,0.8321,95486.0,0.8325,31353.0,0.8326,88207.0
1753591959900,04:52:39.900,bitget,ADA/USDT:USDT,0.8324,20006.0,0.8323,34636.0,0.8325,34966.0,0.8326,82793.0
1753591960051,04:52:40.051,bitget,ADA/USDT:USDT,0.8324,31506.0,0.8323,87428.0,0.8325,25123.0,0.8326,104784.0
1753591960201,04:52:40.201,bitget,ADA/USDT:USDT,0.8324,45194.0,0.8323,81958.0,0.8325,25123.0,0.8326,104784.0
1753591960351,04:52:40.351,bitget,ADA/USDT:USDT,0.8324,45194.0,0.8323,81958.0,0.8325,25123.0,0.8326,104620.0
1753591960501,04:52:40.501,bitget,ADA/USDT:USDT,0.8324,45194.0,0.8323,81958.0,0.8325,25123.0,0.8326,104620.0
1753591960651,04:52:40.651,bitget,ADA/USDT:USDT,0.8324,33694.0,0.8323,81958.0,0.8325,25123.0,0.8326,104620.0
1753591960801,04:52:40.801,bitget,ADA/USDT:USDT,0.8324,33694.0,0.8323,81958.0,0.8325,25123.0,0.8326,104620.0
1753591960951,04:52:40.951,bitget,ADA/USDT:USDT,0.8324,33694.0,0.8323,81958.0,0.8325,25123.0,0.8326,104500.0
1753591961101,04:52:41.101,bitget,ADA/USDT:USDT,0.8324,33694.0,0.8323,73740.0,0.8325,38623.0,0.8326,104500.0
1753591961251,04:52:41.251,bitget,ADA/USDT:USDT,0.8324,33694.0,0.8323,73740.0,0.8325,38654.0,0.8326,105531.0
1753591961401,04:52:41.401,bitget,ADA/USDT:USDT,0.8324,32095.0,0.8323,32395.0,0.8325,38654.0,0.8326,105531.0
1753591961551,04:52:41.551,bitget,ADA/USDT:USDT,0.8323,20143.0,0.8322,58588.0,0.8325,38654.0,0.8326,109641.0
1753591961701,04:52:41.701,bitget,ADA/USDT:USDT,0.8323,7152.0,0.8322,71485.0,0.8324,52965.0,0.8325,23701.0
1753591961852,04:52:41.852,bitget,ADA/USDT:USDT,0.8323,37102.0,0.8322,71485.0,0.8324,55313.0,0.8325,57442.0
1753591962002,04:52:42.002,bitget,ADA/USDT:USDT,0.8323,46102.0,0.8322,72435.0,0.8324,46368.0,0.8325,58042.0
1753591962152,04:52:42.152,bitget,ADA/USDT:USDT,0.8323,46102.0,0.8322,72435.0,0.8324,46368.0,0.8325,59876.0
1753591962302,04:52:42.302,bitget,ADA/USDT:USDT,0.8323,37102.0,0.8322,72435.0,0.8324,40421.0,0.8325,70856.0
1753591962452,04:52:42.452,bitget,ADA/USDT:USDT,0.8323,41977.0,0.8322,72435.0,0.8324,31326.0,0.8325,82790.0
1753591962602,04:52:42.602,bitget,ADA/USDT:USDT,0.8323,41977.0,0.8322,76426.0,0.8324,31326.0,0.8325,82790.0
1753591962752,04:52:42.752,bitget,ADA/USDT:USDT,0.8323,37102.0,0.8322,76426.0,0.8324,31326.0,0.8325,82790.0
1753591962902,04:52:42.902,bitget,ADA/USDT:USDT,0.8323,37102.0,0.8322,76426.0,0.8324,31326.0,0.8325,82790.0
1753591963052,04:52:43.052,bitget,ADA/USDT:USDT,0.8323,37102.0,0.8322,76426.0,0.8324,32925.0,0.8325,82790.0
1753591963202,04:52:43.202,bitget,ADA/USDT:USDT,0.8323,37102.0,0.8322,76426.0,0.8324,32925.0,0.8325,82790.0
1753591963352,04:52:43.352,bitget,ADA/USDT:USDT,0.8323,37102.0,0.8322,76426.0,0.8324,33674.0,0.8325,82790.0
1753591963502,04:52:43.502,bitget,ADA/USDT:USDT,0.8323,37907.0,0.8322,76426.0,0.8324,1265.0,0.8325,54940.0
1753591963653,04:52:43.653,bitget,ADA/USDT:USDT,0.8323,37907.0,0.8322,76446.0,0.8325,38069.0,0.8326,124284.0
1753591963803,04:52:43.803,bitget,ADA/USDT:USDT,0.8324,19179.0,0.8323,23296.0,0.8325,24966.0,0.8326,120894.0
1753591963952,04:52:43.952,bitget,ADA/USDT:USDT,0.8324,19179.0,0.8323,69939.0,0.8325,30466.0,0.8326,120894.0
1753591964103,04:52:44.103,bitget,ADA/USDT:USDT,0.8324,19179.0,0.8323,91439.0,0.8325,44154.0,0.8326,121925.0
1753591964253,04:52:44.253,bitget,ADA/USDT:USDT,0.8324,18355.0,0.8323,69939.0,0.8325,44154.0,0.8326,121925.0
1753591964403,04:52:44.403,bitget,ADA/USDT:USDT,0.8324,33694.0,0.8323,69939.0,0.8325,38654.0,0.8326,121925.0
1753591964553,04:52:44.553,bitget,ADA/USDT:USDT,0.8324,33694.0,0.8323,69939.0,0.8325,38654.0,0.8326,121325.0
1753591964703,04:52:44.703,bitget,ADA/USDT:USDT,0.8324,33694.0,0.8323,69939.0,0.8325,38654.0,0.8326,121325.0
1753591964853,04:52:44.853,bitget,ADA/USDT:USDT,0.8324,33694.0,0.8323,69939.0,0.8325,38654.0,0.8326,120294.0
1753591965003,04:52:45.003,bitget,ADA/USDT:USDT,0.8324,33694.0,0.8323,69939.0,0.8325,38654.0,0.8326,120294.0
1753591965154,04:52:45.154,bitget,ADA/USDT:USDT,0.8324,33694.0,0.8323,69939.0,0.8325,38654.0,0.8326,120294.0
1753591965304,04:52:45.304,bitget,ADA/USDT:USDT,0.8324,33694.0,0.8323,69939.0,0.8325,24966.0,0.8326,115490.0
1753591965454,04:52:45.454,bitget,ADA/USDT:USDT,0.8324,33694.0,0.8323,73929.0,0.8325,21453.0,0.8326,115490.0
1753591965604,04:52:45.604,bitget,ADA/USDT:USDT,0.8324,33694.0,0.8323,73929.0,0.8325,21453.0,0.8326,115490.0
1753591965754,04:52:45.754,bitget,ADA/USDT:USDT,0.8324,33694.0,0.8323,73929.0,0.8325,21453.0,0.8326,115490.0
1753591965904,04:52:45.904,bitget,ADA/USDT:USDT,0.8324,33694.0,0.8323,73929.0,0.8325,6271.0,0.8326,115490.0
1753591966054,04:52:46.054,bitget,ADA/USDT:USDT,0.8324,33694.0,0.8323,73929.0,0.8325,16771.0,0.8326,115490.0
1753591966204,04:52:46.204,bitget,ADA/USDT:USDT,0.8324,33694.0,0.8323,73929.0,0.8325,16771.0,0.8326,115490.0
1753591966354,04:52:46.354,bitget,ADA/USDT:USDT,0.8324,33694.0,0.8323,73929.0,0.8325,16771.0,0.8326,115490.0
1753591966504,04:52:46.504,bitget,ADA/USDT:USDT,0.8324,33694.0,0.8323,73929.0,0.8325,16771.0,0.8326,115490.0
1753591966654,04:52:46.654,bitget,ADA/USDT:USDT,0.8324,33694.0,0.8323,73929.0,0.8325,16771.0,0.8326,116521.0
1753591966804,04:52:46.804,bitget,ADA/USDT:USDT,0.8324,33694.0,0.8323,73929.0,0.8325,16771.0,0.8326,116521.0
1753591966954,04:52:46.954,bitget,ADA/USDT:USDT,0.8324,57968.0,0.8323,74999.0,0.8325,1265.0,0.8326,97391.0
1753591967105,04:52:47.105,bitget,ADA/USDT:USDT,0.8324,57968.0,0.8323,74999.0,0.8325,1265.0,0.8326,97391.0
1753591967255,04:52:47.255,bitget,ADA/USDT:USDT,0.8324,57968.0,0.8323,74999.0,0.8325,2089.0,0.8326,97391.0
1753591967405,04:52:47.405,bitget,ADA/USDT:USDT,0.8324,57968.0,0.8323,75191.0,0.8325,2089.0,0.8326,97391.0
1753591967555,04:52:47.555,bitget,ADA/USDT:USDT,0.8324,57968.0,0.8323,75191.0,0.8325,2089.0,0.8326,97391.0
1753591967705,04:52:47.705,bitget,ADA/USDT:USDT,0.8324,35468.0,0.8323,75191.0,0.8325,3688.0,0.8326,97391.0
1753591967855,04:52:47.855,bitget,ADA/USDT:USDT,0.8324,35468.0,0.8323,75191.0,0.8325,3613.0,0.8326,97391.0
1753591968005,04:52:48.005,bitget,ADA/USDT:USDT,0.8324,58968.0,0.8323,75191.0,0.8325,4437.0,0.8326,97391.0
1753591968155,04:52:48.155,bitget,ADA/USDT:USDT,0.8324,58968.0,0.8323,71201.0,0.8325,1599.0,0.8326,69533.0
1753591968305,04:52:48.305,bitget,ADA/USDT:USDT,0.8324,58968.0,0.8323,71201.0,0.8325,1599.0,0.8326,80513.0
1753591968455,04:52:48.455,bitget,ADA/USDT:USDT,0.8324,58958.0,0.8323,75191.0,0.8326,69533.0,0.8327,57177.0
1753591968605,04:52:48.605,bitget,ADA/USDT:USDT,0.8325,35850.0,0.8324,68939.0,0.8326,15630.0,0.8327,46511.0
1753591968755,04:52:48.755,bitget,ADA/USDT:USDT,0.8325,61198.0,0.8324,102509.0,0.8326,13963.0,0.8327,95758.0
1753591968906,04:52:48.906,bitget,ADA/USDT:USDT,0.8325,61198.0,0.8324,81100.0,0.8326,2864.0,0.8327,51017.0
1753591969056,04:52:49.056,bitget,ADA/USDT:USDT,0.8325,61198.0,0.8324,85471.0,0.8326,2864.0,0.8327,61996.0
1753591969206,04:52:49.206,bitget,ADA/USDT:USDT,0.8325,61198.0,0.8324,85471.0,0.8326,1265.0,0.8327,76167.0
1753591969356,04:52:49.356,bitget,ADA/USDT:USDT,0.8325,61198.0,0.8324,85663.0,0.8326,1265.0,0.8327,76167.0
1753591969506,04:52:49.506,bitget,ADA/USDT:USDT,0.8325,61198.0,0.8324,85663.0,0.8326,1265.0,0.8327,59285.0
1753591969656,04:52:49.656,bitget,ADA/USDT:USDT,0.8325,61198.0,0.8324,85663.0,0.8326,3688.0,0.8327,76166.0
1753591969806,04:52:49.806,bitget,ADA/USDT:USDT,0.8325,61198.0,0.8324,85663.0,0.8326,3688.0,0.8327,103904.0
1753591969956,04:52:49.956,bitget,ADA/USDT:USDT,0.8325,61198.0,0.8324,85663.0,0.8326,3688.0,0.8327,76046.0
1753591970106,04:52:50.106,bitget,ADA/USDT:USDT,0.8325,61198.0,0.8324,85663.0,0.8326,3688.0,0.8327,92926.0
1753591970256,04:52:50.256,bitget,ADA/USDT:USDT,0.8325,61198.0,0.8324,85663.0,0.8326,4437.0,0.8327,84658.0
1753591970406,04:52:50.406,bitget,ADA/USDT:USDT,0.8325,61198.0,0.8324,85663.0,0.8326,3613.0,0.8327,84658.0
1753591970557,04:52:50.557,bitget,ADA/USDT:USDT,0.8325,61198.0,0.8324,85663.0,0.8326,1265.0,0.8327,67778.0
1753591970707,04:52:50.707,bitget,ADA/USDT:USDT,0.8325,61198.0,0.8324,85663.0,0.8326,1265.0,0.8327,50897.0
1753591970857,04:52:50.857,bitget,ADA/USDT:USDT,0.8325,61198.0,0.8324,85663.0,0.8326,1265.0,0.8327,76047.0
1753591971007,04:52:51.007,bitget,ADA/USDT:USDT,0.8325,38198.0,0.8324,85663.0,0.8326,3613.0,0.8327,104937.0
1753591971157,04:52:51.157,bitget,ADA/USDT:USDT,0.8325,38198.0,0.8324,85663.0,0.8326,3613.0,0.8327,96669.0
1753591971307,04:52:51.307,bitget,ADA/USDT:USDT,0.8325,38198.0,0.8324,85663.0,0.8326,3613.0,0.8327,96669.0
1753591971457,04:52:51.457,bitget,ADA/USDT:USDT,0.8325,38198.0,0.8324,85663.0,0.8326,3613.0,0.8327,95638.0
1753591971607,04:52:51.607,bitget,ADA/USDT:USDT,0.8325,38198.0,0.8324,85663.0,0.8326,3613.0,0.8327,95638.0
1753591971757,04:52:51.757,bitget,ADA/USDT:USDT,0.8325,38198.0,0.8324,85663.0,0.8326,3613.0,0.8327,95638.0
1753591971907,04:52:51.907,bitget,ADA/USDT:USDT,0.8325,38198.0,0.8324,85663.0,0.8326,3613.0,0.8327,95638.0
1753591972057,04:52:52.057,bitget,ADA/USDT:USDT,0.8325,61698.0,0.8324,85663.0,0.8326,3613.0,0.8327,95638.0
1753591972207,04:52:52.207,bitget,ADA/USDT:USDT,0.8325,61698.0,0.8324,85663.0,0.8326,1265.0,0.8327,50897.0
1753591972358,04:52:52.358,bitget,ADA/USDT:USDT,0.8325,61698.0,0.8324,85663.0,0.8326,1265.0,0.8327,50897.0
1753591972508,04:52:52.508,bitget,ADA/USDT:USDT,0.8325,61698.0,0.8324,85663.0,0.8326,1265.0,0.8327,76050.0
1753591972658,04:52:52.658,bitget,ADA/USDT:USDT,0.8325,61698.0,0.8324,85663.0,0.8326,2864.0,0.8327,76050.0
1753591972808,04:52:52.808,bitget,ADA/USDT:USDT,0.8325,61698.0,0.8324,85663.0,0.8326,2864.0,0.8327,76050.0
1753591972958,04:52:52.958,bitget,ADA/USDT:USDT,0.8325,61698.0,0.8324,85663.0,0.8326,2864.0,0.8327,76050.0
1753591973108,04:52:53.108,bitget,ADA/USDT:USDT,0.8326,41982.0,0.8325,64697.0,0.8327,2357.0,0.8328,54361.0
1753591973258,04:52:53.258,bitget,ADA/USDT:USDT,0.8326,77427.0,0.8325,79745.0,0.8327,3248.0,0.8328,33055.0
1753591973408,04:52:53.408,bitget,ADA/USDT:USDT,0.8326,63965.0,0.8325,80886.0,0.8327,15603.0,0.8328,66568.0
1753591973558,04:52:53.558,bitget,ADA/USDT:USDT,0.8326,63965.0,0.8325,80886.0,0.8327,15603.0,0.8328,74531.0
1753591973708,04:52:53.708,bitget,ADA/USDT:USDT,0.8326,63965.0,0.8325,80886.0,0.8327,23977.0,0.8328,75682.0
1753591973858,04:52:53.858,bitget,ADA/USDT:USDT,0.8326,63965.0,0.8325,80886.0,0.8327,749.0,0.8328,29904.0
1753591974008,04:52:54.008,bitget,ADA/USDT:USDT,0.8326,81540.0,0.8325,80886.0,0.8328,29904.0,0.8329,84835.0
1753591974159,04:52:54.159,bitget,ADA/USDT:USDT,0.8327,58962.0,0.8326,66602.0,0.8328,5582.0,0.8329,67832.0
1753591974309,04:52:54.309,bitget,ADA/USDT:USDT,0.8327,58962.0,0.8326,59821.0,0.8328,4564.0,0.8329,50949.0
1753591974459,04:52:54.459,bitget,ADA/USDT:USDT,0.8327,58962.0,0.8326,59821.0,0.8328,4564.0,0.8329,75605.0
1753591974609,04:52:54.609,bitget,ADA/USDT:USDT,0.8327,58962.0,0.8326,36201.0,0.8328,4444.0,0.8329,92488.0
1753591974759,04:52:54.759,bitget,ADA/USDT:USDT,0.8327,63766.0,0.8326,36321.0,0.8328,4444.0,0.8329,92488.0
1753591974909,04:52:54.909,bitget,ADA/USDT:USDT,0.8327,63766.0,0.8326,53227.0,0.8328,27944.0,0.8329,92488.0
1753591975059,04:52:55.059,bitget,ADA/USDT:USDT,0.8327,40266.0,0.8326,64203.0,0.8328,27944.0,0.8329,92488.0
1753591975509,04:52:55.509,bitget,ADA/USDT:USDT,0.8327,40266.0,0.8326,64395.0,0.8328,27944.0,0.8329,84715.0
1753591975659,04:52:55.659,bitget,ADA/USDT:USDT,0.8327,38498.0,0.8326,46540.0,0.8328,41632.0,0.8329,85746.0
1753591975810,04:52:55.810,bitget,ADA/USDT:USDT,0.8327,4667.0,0.8326,63445.0,0.8328,41632.0,0.8329,85746.0
1753591975960,04:52:55.960,bitget,ADA/USDT:USDT,0.8327,4667.0,0.8326,63445.0,0.8328,41632.0,0.8329,86346.0
1753591976109,04:52:56.109,bitget,ADA/USDT:USDT,0.8327,4667.0,0.8326,63445.0,0.8328,41560.0,0.8329,86346.0
1753591976260,04:52:56.260,bitget,ADA/USDT:USDT,0.8327,17606.0,0.8326,67721.0,0.8328,56899.0,0.8329,86466.0
1753591976410,04:52:56.410,bitget,ADA/USDT:USDT,0.8327,15084.0,0.8326,67721.0,0.8328,58729.0,0.8329,86466.0
1753591976560,04:52:56.560,bitget,ADA/USDT:USDT,0.8327,1396.0,0.8326,67721.0,0.8328,58729.0,0.8329,86466.0
1753591976710,04:52:56.710,bitget,ADA/USDT:USDT,0.8327,1396.0,0.8326,67721.0,0.8328,58729.0,0.8329,86466.0
1753591976860,04:52:56.860,bitget,ADA/USDT:USDT,0.8327,3744.0,0.8326,67721.0,0.8328,58729.0,0.8329,86466.0
1753591977010,04:52:57.010,bitget,ADA/USDT:USDT,0.8327,3744.0,0.8326,67721.0,0.8328,58729.0,0.8329,86466.0
1753591977160,04:52:57.160,bitget,ADA/USDT:USDT,0.8327,3744.0,0.8326,67721.0,0.8328,58729.0,0.8329,85435.0
1753591977310,04:52:57.310,bitget,ADA/USDT:USDT,0.8327,3744.0,0.8326,67721.0,0.8328,58729.0,0.8329,86466.0
1753591977460,04:52:57.460,bitget,ADA/USDT:USDT,0.8327,3744.0,0.8326,67721.0,0.8328,58729.0,0.8329,86466.0
1753591977611,04:52:57.611,bitget,ADA/USDT:USDT,0.8327,3744.0,0.8326,67721.0,0.8328,58729.0,0.8329,85435.0
1753591977761,04:52:57.761,bitget,ADA/USDT:USDT,0.8327,3744.0,0.8326,67721.0,0.8328,58729.0,0.8329,85435.0
1753591977911,04:52:57.911,bitget,ADA/USDT:USDT,0.8327,3744.0,0.8326,67721.0,0.8328,58729.0,0.8329,85435.0
1753591978061,04:52:58.061,bitget,ADA/USDT:USDT,0.8327,3744.0,0.8326,67721.0,0.8328,58729.0,0.8329,85435.0
1753591978211,04:52:58.211,bitget,ADA/USDT:USDT,0.8327,20825.0,0.8326,68670.0,0.8328,58729.0,0.8329,85435.0
1753591978361,04:52:58.361,bitget,ADA/USDT:USDT,0.8327,34513.0,0.8326,68670.0,0.8328,58729.0,0.8329,85435.0
1753591978511,04:52:58.511,bitget,ADA/USDT:USDT,0.8327,34513.0,0.8326,68670.0,0.8328,35229.0,0.8329,84835.0
1753591978661,04:52:58.661,bitget,ADA/USDT:USDT,0.8327,34513.0,0.8326,68670.0,0.8328,35229.0,0.8329,85866.0
1753591978811,04:52:58.811,bitget,ADA/USDT:USDT,0.8327,34513.0,0.8326,68670.0,0.8328,35229.0,0.8329,85866.0
1753591978961,04:52:58.961,bitget,ADA/USDT:USDT,0.8327,34513.0,0.8326,68670.0,0.8328,35229.0,0.8329,85866.0
1753591979111,04:52:59.111,bitget,ADA/USDT:USDT,0.8327,39317.0,0.8326,68790.0,0.8328,16461.0,0.8329,67832.0
1753591979262,04:52:59.262,bitget,ADA/USDT:USDT,0.8327,39317.0,0.8326,72770.0,0.8328,18060.0,0.8329,84714.0
1753591979412,04:52:59.412,bitget,ADA/USDT:USDT,0.8327,38498.0,0.8326,51442.0,0.8328,18060.0,0.8329,85745.0
1753591979562,04:52:59.562,bitget,ADA/USDT:USDT,0.8327,38498.0,0.8326,51634.0,0.8328,1265.0,0.8329,72340.0
1753591979712,04:52:59.712,bitget,ADA/USDT:USDT,0.8327,38498.0,0.8326,72854.0,0.8328,1265.0,0.8329,48646.0
1753591979862,04:52:59.862,bitget,ADA/USDT:USDT,0.8327,61998.0,0.8326,72854.0,0.8328,1265.0,0.8329,65527.0
1753591980012,04:53:00.012,bitget,ADA/USDT:USDT,0.8327,61998.0,0.8326,72854.0,0.8328,1265.0,0.8329,82409.0
1753591980162,04:53:00.162,bitget,ADA/USDT:USDT,0.8327,38498.0,0.8326,72854.0,0.8328,1265.0,0.8329,82409.0
1753591980312,04:53:00.312,bitget,ADA/USDT:USDT,0.8329,3167.0,0.8328,52292.0,0.833,17099.0,0.8331,55692.0
1753591980462,04:53:00.462,bitget,ADA/USDT:USDT,0.8329,63180.0,0.8328,39553.0,0.833,1599.0,0.8331,28575.0
1753591980612,04:53:00.612,bitget,ADA/USDT:USDT,0.833,32017.0,0.8329,59446.0,0.8331,48611.0,0.8332,81306.0
1753591980762,04:53:00.762,bitget,ADA/USDT:USDT,0.833,19072.0,0.8329,34997.0,0.8331,14849.0,0.8332,105023.0
1753591980913,04:53:00.913,bitget,ADA/USDT:USDT,0.833,19072.0,0.8329,34997.0,0.8331,48865.0,0.8332,105023.0
1753591981063,04:53:01.063,bitget,ADA/USDT:USDT,0.833,19072.0,0.8329,45970.0,0.8331,48865.0,0.8332,105622.0
1753591981213,04:53:01.213,bitget,ADA/USDT:USDT,0.833,19072.0,0.8329,52434.0,0.8331,48865.0,0.8332,105622.0
1753591981363,04:53:01.363,bitget,ADA/USDT:USDT,0.833,19072.0,0.8329,52434.0,0.8331,48865.0,0.8332,105622.0
1753591981513,04:53:01.513,bitget,ADA/USDT:USDT,0.833,19072.0,0.8329,52434.0,0.8331,48865.0,0.8332,105622.0
1753591981663,04:53:01.663,bitget,ADA/USDT:USDT,0.833,19072.0,0.8329,45970.0,0.8331,48865.0,0.8332,105622.0
1753591981813,04:53:01.813,bitget,ADA/USDT:USDT,0.833,31172.0,0.8329,34178.0,0.8331,62553.0,0.8332,99817.0
1753591981963,04:53:01.963,bitget,ADA/USDT:USDT,0.833,31172.0,0.8329,45150.0,0.8331,62553.0,0.8332,99817.0
1753591982113,04:53:02.113,bitget,ADA/USDT:USDT,0.833,34411.0,0.8329,46918.0,0.8331,62553.0,0.8332,76926.0
1753591982263,04:53:02.263,bitget,ADA/USDT:USDT,0.833,34411.0,0.8329,53078.0,0.8331,62553.0,0.8332,98786.0
1753591982413,04:53:02.413,bitget,ADA/USDT:USDT,0.833,34411.0,0.8329,53198.0,0.8331,28111.0,0.8332,93862.0
1753591982564,04:53:02.564,bitget,ADA/USDT:USDT,0.833,34411.0,0.8329,53198.0,0.8331,3167.0,0.8332,54509.0
1753591982714,04:53:02.714,bitget,ADA/USDT:USDT,0.833,34411.0,0.8329,57194.0,0.8331,819.0,0.8332,70756.0
1753591982864,04:53:02.864,bitget,ADA/USDT:USDT,0.833,34411.0,0.8329,57074.0,0.8331,25918.0,0.8332,87628.0
1753591983014,04:53:03.014,bitget,ADA/USDT:USDT,0.833,34411.0,0.8329,57194.0,0.8331,26667.0,0.8332,82265.0
1753591983164,04:53:03.164,bitget,ADA/USDT:USDT,0.833,34411.0,0.8329,57194.0,0.8331,26667.0,0.8332,82265.0
1753591983314,04:53:03.314,bitget,ADA/USDT:USDT,0.833,34411.0,0.8329,57194.0,0.8331,26667.0,0.8332,93237.0
1753591983464,04:53:03.464,bitget,ADA/USDT:USDT,0.833,34411.0,0.8329,57194.0,0.8331,26667.0,0.8332,93237.0
1753591983614,04:53:03.614,bitget,ADA/USDT:USDT,0.8329,35534.0,0.8328,80827.0,0.8331,60391.0,0.8332,99192.0
1753591983764,04:53:03.764,bitget,ADA/USDT:USDT,0.8329,19148.0,0.8328,66929.0,0.833,26447.0,0.8331,80954.0
1753591983914,04:53:03.914,bitget,ADA/USDT:USDT,0.8329,32836.0,0.8328,62050.0,0.833,62499.0,0.8331,115728.0
1753591984064,04:53:04.064,bitget,ADA/USDT:USDT,0.8329,32836.0,0.8328,62050.0,0.833,45999.0,0.8331,92228.0
1753591984215,04:53:04.215,bitget,ADA/USDT:USDT,0.8329,15898.0,0.8328,50958.0,0.833,59687.0,0.8331,79139.0
1753591984364,04:53:04.364,bitget,ADA/USDT:USDT,0.8329,15328.0,0.8328,50958.0,0.833,61517.0,0.8331,94107.0
1753591984515,04:53:04.515,bitget,ADA/USDT:USDT,0.8329,1640.0,0.8328,28283.0,0.833,83373.0,0.8331,94227.0
1753591984665,04:53:04.665,bitget,ADA/USDT:USDT,0.8329,1640.0,0.8328,32860.0,0.833,83373.0,0.8331,83246.0
1753591984815,04:53:04.815,bitget,ADA/USDT:USDT,0.8329,1640.0,0.8328,32860.0,0.833,83373.0,0.8331,83246.0
1753591984965,04:53:04.965,bitget,ADA/USDT:USDT,0.8329,1640.0,0.8328,32860.0,0.833,83373.0,0.8331,83246.0
1753591985115,04:53:05.115,bitget,ADA/USDT:USDT,0.8329,1640.0,0.8328,32860.0,0.833,83373.0,0.8331,83246.0
1753591985265,04:53:05.265,bitget,ADA/USDT:USDT,0.8329,1640.0,0.8328,32860.0,0.833,82342.0,0.8331,83246.0
1753591985415,04:53:05.415,bitget,ADA/USDT:USDT,0.8329,1640.0,0.8328,32860.0,0.833,82342.0,0.8331,83246.0
1753591985565,04:53:05.565,bitget,ADA/USDT:USDT,0.8329,1640.0,0.8328,32860.0,0.833,82342.0,0.8331,83246.0
1753591985715,04:53:05.715,bitget,ADA/USDT:USDT,0.8329,3988.0,0.8328,32860.0,0.833,82211.0,0.8331,82215.0
1753591985865,04:53:05.865,bitget,ADA/USDT:USDT,0.8329,2389.0,0.8328,32860.0,0.833,82211.0,0.8331,83246.0
1753591986016,04:53:06.016,bitget,ADA/USDT:USDT,0.8328,32860.0,0.8327,97525.0,0.833,82211.0,0.8331,83246.0
1753591986166,04:53:06.166,bitget,ADA/USDT:USDT,0.8328,21157.0,0.8327,87595.0,0.8329,82782.0,0.833,76066.0
1753591986316,04:53:06.316,bitget,ADA/USDT:USDT,0.8328,21157.0,0.8327,87595.0,0.8329,60031.0,0.833,107250.0
1753591986466,04:53:06.466,bitget,ADA/USDT:USDT,0.8328,17676.0,0.8327,68382.0,0.8329,60031.0,0.833,107250.0
1753591986616,04:53:06.616,bitget,ADA/USDT:USDT,0.8327,57094.0,0.8326,50144.0,0.8329,61062.0,0.833,104737.0
1753591986766,04:53:06.766,bitget,ADA/USDT:USDT,0.8327,24141.0,0.8326,40224.0,0.8328,83526.0,0.8329,62366.0
1753591986916,04:53:06.916,bitget,ADA/USDT:USDT,0.8327,3998.0,0.8326,50937.0,0.8328,83526.0,0.8329,86781.0
1753591987066,04:53:07.066,bitget,ADA/USDT:USDT,0.8327,10.0,0.8326,50817.0,0.8328,87514.0,0.8329,77739.0
1753591987216,04:53:07.216,bitget,ADA/USDT:USDT,0.8327,10.0,0.8326,28964.0,0.8328,87514.0,0.8329,77739.0
1753591987366,04:53:07.366,bitget,ADA/USDT:USDT,0.8325,74827.0,0.8324,45718.0,0.8327,80669.0,0.8328,99803.0
1753591987516,04:53:07.516,bitget,ADA/USDT:USDT,0.8326,1021.0,0.8325,48589.0,0.8327,97746.0,0.8328,102903.0
1753591987667,04:53:07.667,bitget,ADA/USDT:USDT,0.8326,55525.0,0.8325,46949.0,0.8327,71310.0,0.8328,110465.0
1753591987817,04:53:07.817,bitget,ADA/USDT:USDT,0.8326,55525.0,0.8325,46949.0,0.8327,47810.0,0.8328,103023.0
1753591987967,04:53:07.967,bitget,ADA/USDT:USDT,0.8326,55525.0,0.8325,59409.0,0.8327,39260.0,0.8328,103023.0
1753591988117,04:53:08.117,bitget,ADA/USDT:USDT,0.8326,55525.0,0.8325,59409.0,0.8327,39260.0,0.8328,103023.0
1753591988717,04:53:08.717,bitget,ADA/USDT:USDT,0.8326,55525.0,0.8325,59409.0,0.8327,39260.0,0.8328,103023.0
1753591988867,04:53:08.867,bitget,ADA/USDT:USDT,0.8326,55525.0,0.8325,59409.0,0.8327,39260.0,0.8328,103023.0
1753591989017,04:53:09.017,bitget,ADA/USDT:USDT,0.8326,55525.0,0.8325,59409.0,0.8327,39260.0,0.8328,103023.0
1753591989167,04:53:09.167,bitget,ADA/USDT:USDT,0.8326,55525.0,0.8325,59409.0,0.8327,39260.0,0.8328,103023.0
1753591989317,04:53:09.317,bitget,ADA/USDT:USDT,0.8326,55525.0,0.8325,59410.0,0.8327,39260.0,0.8328,103024.0
1753591989467,04:53:09.467,bitget,ADA/USDT:USDT,0.8326,55525.0,0.8325,59410.0,0.8327,39260.0,0.8328,103024.0
1753591989618,04:53:09.618,bitget,ADA/USDT:USDT,0.8326,55525.0,0.8325,59410.0,0.8327,39260.0,0.8328,103024.0
1753591989768,04:53:09.768,bitget,ADA/USDT:USDT,0.8326,55525.0,0.8325,59410.0,0.8327,39260.0,0.8328,103024.0
1753591989918,04:53:09.918,bitget,ADA/USDT:USDT,0.8326,55525.0,0.8325,59410.0,0.8327,39260.0,0.8328,103024.0
1753591990068,04:53:10.068,bitget,ADA/USDT:USDT,0.8326,55525.0,0.8325,59410.0,0.8327,39260.0,0.8328,103024.0
1753591990218,04:53:10.218,bitget,ADA/USDT:USDT,0.8326,55525.0,0.8325,59410.0,0.8327,39260.0,0.8328,103024.0
1753591990368,04:53:10.368,bitget,ADA/USDT:USDT,0.8326,55525.0,0.8325,59410.0,0.8327,39260.0,0.8328,103024.0
1753591990518,04:53:10.518,bitget,ADA/USDT:USDT,0.8326,55525.0,0.8325,59410.0,0.8327,39260.0,0.8328,103024.0
1753591990668,04:53:10.668,bitget,ADA/USDT:USDT,0.8326,55525.0,0.8325,59410.0,0.8327,39260.0,0.8328,103024.0
1753591990818,04:53:10.818,bitget,ADA/USDT:USDT,0.8326,55525.0,0.8325,59410.0,0.8327,39260.0,0.8328,103024.0
1753591990968,04:53:10.968,bitget,ADA/USDT:USDT,0.8326,55525.0,0.8325,59410.0,0.8327,39260.0,0.8328,103024.0
1753591991118,04:53:11.118,bitget,ADA/USDT:USDT,0.8326,55525.0,0.8325,59410.0,0.8327,39260.0,0.8328,103024.0
1753591991269,04:53:11.269,bitget,ADA/USDT:USDT,0.8326,55525.0,0.8325,58461.0,0.8327,39260.0,0.8328,103024.0
1753591991419,04:53:11.419,bitget,ADA/USDT:USDT,0.8326,55525.0,0.8325,58461.0,0.8327,39260.0,0.8328,103024.0
1753591991569,04:53:11.569,bitget,ADA/USDT:USDT,0.8326,55525.0,0.8325,58461.0,0.8327,39260.0,0.8328,103024.0
1753591991719,04:53:11.719,bitget,ADA/USDT:USDT,0.8326,55525.0,0.8325,69438.0,0.8327,39260.0,0.8328,103024.0
1753591991869,04:53:11.869,bitget,ADA/USDT:USDT,0.8326,33287.0,0.8325,58461.0,0.8327,39260.0,0.8328,103024.0
1753591992019,04:53:12.019,bitget,ADA/USDT:USDT,0.8326,31688.0,0.8325,58461.0,0.8327,40291.0,0.8328,104055.0
1753591992169,04:53:12.169,bitget,ADA/USDT:USDT,0.8326,33287.0,0.8325,58461.0,0.8327,40291.0,0.8328,104655.0
1753591992319,04:53:12.319,bitget,ADA/USDT:USDT,0.8326,33287.0,0.8325,69438.0,0.8327,40291.0,0.8328,104655.0
1753591992469,04:53:12.469,bitget,ADA/USDT:USDT,0.8325,1599.0,0.8324,43482.0,0.8327,45095.0,0.8328,110657.0
1753591992619,04:53:12.619,bitget,ADA/USDT:USDT,0.8325,4260.0,0.8324,64800.0,0.8326,30089.0,0.8327,65619.0
1753591992769,04:53:12.769,bitget,ADA/USDT:USDT,0.8325,3511.0,0.8324,60820.0,0.8326,54771.0,0.8327,110443.0
1753591992919,04:53:12.919,bitget,ADA/USDT:USDT,0.8324,33371.0,0.8323,73701.0,0.8325,9701.0,0.8326,90313.0
1753591993070,04:53:13.070,bitget,ADA/USDT:USDT,0.8324,43011.0,0.8323,73701.0,0.8326,128862.0,0.8327,46496.0
1753591993220,04:53:13.220,bitget,ADA/USDT:USDT,0.8325,3870.0,0.8324,48152.0,0.8326,52027.0,0.8327,75811.0
1753591993369,04:53:13.369,bitget,ADA/USDT:USDT,0.8325,43952.0,0.8324,48152.0,0.8326,40606.0,0.8327,81504.0
1753591993520,04:53:13.520,bitget,ADA/USDT:USDT,0.8325,32266.0,0.8324,53349.0,0.8326,42205.0,0.8327,81935.0
1753591993670,04:53:13.670,bitget,ADA/USDT:USDT,0.8325,33015.0,0.8324,53349.0,0.8326,46544.0,0.8327,82535.0
1753591993820,04:53:13.820,bitget,ADA/USDT:USDT,0.8325,33015.0,0.8324,53349.0,0.8326,54544.0,0.8327,82415.0
1753591993970,04:53:13.970,bitget,ADA/USDT:USDT,0.8324,3182.0,0.8323,78637.0,0.8326,39071.0,0.8327,86394.0
1753591994120,04:53:14.120,bitget,ADA/USDT:USDT,0.8324,5094.0,0.8323,78637.0,0.8325,20863.0,0.8326,61045.0
1753591994270,04:53:14.270,bitget,ADA/USDT:USDT,0.8324,5094.0,0.8323,55444.0,0.8325,48562.0,0.8326,110226.0
1753591994420,04:53:14.420,bitget,ADA/USDT:USDT,0.8324,4260.0,0.8323,66422.0,0.8325,48562.0,0.8326,104725.0
1753591994570,04:53:14.570,bitget,ADA/USDT:USDT,0.8324,4260.0,0.8323,66258.0,0.8325,62250.0,0.8326,105470.0
1753591994721,04:53:14.721,bitget,ADA/USDT:USDT,0.8324,19599.0,0.8323,66258.0,0.8325,62250.0,0.8326,106070.0
1753591994871,04:53:14.871,bitget,ADA/USDT:USDT,0.8324,33287.0,0.8323,66258.0,0.8325,62250.0,0.8326,102091.0
1753591995021,04:53:15.021,bitget,ADA/USDT:USDT,0.8324,33287.0,0.8323,66258.0,0.8325,62250.0,0.8326,102091.0
1753591995171,04:53:15.171,bitget,ADA/USDT:USDT,0.8324,33287.0,0.8323,66258.0,0.8325,38750.0,0.8326,102091.0
1753591995321,04:53:15.321,bitget,ADA/USDT:USDT,0.8324,33287.0,0.8323,66258.0,0.8325,38750.0,0.8326,101491.0
1753591995471,04:53:15.471,bitget,ADA/USDT:USDT,0.8324,33287.0,0.8323,66258.0,0.8325,38750.0,0.8326,101491.0
1753591995621,04:53:15.621,bitget,ADA/USDT:USDT,0.8324,33287.0,0.8323,66258.0,0.8325,38750.0,0.8326,101491.0
1753591995771,04:53:15.771,bitget,ADA/USDT:USDT,0.8324,33287.0,0.8323,59770.0,0.8325,38750.0,0.8326,101491.0
1753591995921,04:53:15.921,bitget,ADA/USDT:USDT,0.8324,33287.0,0.8323,59727.0,0.8325,38750.0,0.8326,101491.0
1753591996071,04:53:16.071,bitget,ADA/USDT:USDT,0.8324,33287.0,0.8323,62408.0,0.8325,37719.0,0.8326,100460.0
1753591996221,04:53:16.221,bitget,ADA/USDT:USDT,0.8324,33287.0,0.8323,62408.0,0.8325,37719.0,0.8326,101491.0
1753591996371,04:53:16.371,bitget,ADA/USDT:USDT,0.8324,34107.0,0.8323,62408.0,0.8325,36899.0,0.8326,101491.0
1753591996521,04:53:16.521,bitget,ADA/USDT:USDT,0.8324,34107.0,0.8323,62408.0,0.8325,36899.0,0.8326,101491.0
1753591996672,04:53:16.672,bitget,ADA/USDT:USDT,0.8324,56107.0,0.8323,62408.0,0.8325,36899.0,0.8326,100460.0
1753591996822,04:53:16.822,bitget,ADA/USDT:USDT,0.8324,34107.0,0.8323,62408.0,0.8325,36899.0,0.8326,100460.0
1753591996972,04:53:16.972,bitget,ADA/USDT:USDT,0.8324,34107.0,0.8323,62408.0,0.8325,36899.0,0.8326,100460.0
1753591997122,04:53:17.122,bitget,ADA/USDT:USDT,0.8324,34107.0,0.8323,62408.0,0.8325,36899.0,0.8326,100460.0
1753591997272,04:53:17.272,bitget,ADA/USDT:USDT,0.8324,34107.0,0.8323,62408.0,0.8325,36899.0,0.8326,100460.0
1753591997422,04:53:17.422,bitget,ADA/USDT:USDT,0.8324,34107.0,0.8323,62408.0,0.8325,36899.0,0.8326,101491.0
1753591997572,04:53:17.572,bitget,ADA/USDT:USDT,0.8324,34107.0,0.8323,62408.0,0.8325,36899.0,0.8326,101491.0
1753591997722,04:53:17.722,bitget,ADA/USDT:USDT,0.8324,34107.0,0.8323,62408.0,0.8325,36899.0,0.8326,101491.0
1753591997872,04:53:17.872,bitget,ADA/USDT:USDT,0.8324,34107.0,0.8323,51430.0,0.8325,36899.0,0.8326,101491.0
1753591998022,04:53:18.022,bitget,ADA/USDT:USDT,0.8324,34107.0,0.8323,51430.0,0.8325,36899.0,0.8326,101491.0
1753591998172,04:53:18.172,bitget,ADA/USDT:USDT,0.8324,34107.0,0.8323,51430.0,0.8325,36899.0,0.8326,101491.0
1753591998323,04:53:18.323,bitget,ADA/USDT:USDT,0.8324,34107.0,0.8323,51430.0,0.8325,36899.0,0.8326,101491.0
1753591998473,04:53:18.473,bitget,ADA/USDT:USDT,0.8324,33287.0,0.8323,62410.0,0.8325,36899.0,0.8326,101491.0
1753591998623,04:53:18.623,bitget,ADA/USDT:USDT,0.8324,33287.0,0.8323,62410.0,0.8325,37719.0,0.8326,101491.0
1753591998773,04:53:18.773,bitget,ADA/USDT:USDT,0.8324,33287.0,0.8323,62410.0,0.8325,37719.0,0.8326,101491.0
1753591998923,04:53:18.923,bitget,ADA/USDT:USDT,0.8324,33287.0,0.8323,62410.0,0.8325,30274.0,0.8326,101491.0
1753591999073,04:53:19.073,bitget,ADA/USDT:USDT,0.8324,34107.0,0.8323,40556.0,0.8325,16144.0,0.8326,79637.0
1753591999223,04:53:19.223,bitget,ADA/USDT:USDT,0.8324,34107.0,0.8323,63363.0,0.8325,21618.0,0.8326,101494.0
1753591999373,04:53:19.373,bitget,ADA/USDT:USDT,0.8324,63501.0,0.8323,74009.0,0.8326,12523.0,0.8327,51351.0
1753591999523,04:53:19.523,bitget,ADA/USDT:USDT,0.8325,45583.0,0.8324,64238.0,0.8326,3168.0,0.8327,80013.0
1753591999673,04:53:19.673,bitget,ADA/USDT:USDT,0.8325,47931.0,0.8324,40738.0,0.8326,31260.0,0.8327,101870.0
1753591999823,04:53:19.823,bitget,ADA/USDT:USDT,0.8325,47931.0,0.8324,40858.0,0.8326,40620.0,0.8327,82447.0
1753591999973,04:53:19.973,bitget,ADA/USDT:USDT,0.8325,47931.0,0.8324,40858.0,0.8326,40620.0,0.8327,76754.0
1753592000124,04:53:20.124,bitget,ADA/USDT:USDT,0.8325,47931.0,0.8324,40858.0,0.8326,40620.0,0.8327,76754.0
1753592000274,04:53:20.274,bitget,ADA/USDT:USDT,0.8325,47931.0,0.8324,51836.0,0.8326,40620.0,0.8327,76754.0
1753592000424,04:53:20.424,bitget,ADA/USDT:USDT,0.8325,48881.0,0.8324,52978.0,0.8326,40620.0,0.8327,76754.0
1753592000574,04:53:20.574,bitget,ADA/USDT:USDT,0.8325,48881.0,0.8324,52978.0,0.8326,40620.0,0.8327,76754.0
1753592000724,04:53:20.724,bitget,ADA/USDT:USDT,0.8325,48881.0,0.8324,52978.0,0.8326,40620.0,0.8327,76754.0
1753592000874,04:53:20.874,bitget,ADA/USDT:USDT,0.8325,48881.0,0.8324,52978.0,0.8326,40620.0,0.8327,80168.0
1753592001024,04:53:21.024,bitget,ADA/USDT:USDT,0.8325,48881.0,0.8324,52978.0,0.8326,40620.0,0.8327,80168.0
1753592001174,04:53:21.174,bitget,ADA/USDT:USDT,0.8325,48881.0,0.8324,52978.0,0.8326,22620.0,0.8327,80168.0
1753592001324,04:53:21.324,bitget,ADA/USDT:USDT,0.8325,48881.0,0.8324,52978.0,0.8326,11708.0,0.8327,80168.0
1753592001474,04:53:21.474,bitget,ADA/USDT:USDT,0.8325,48881.0,0.8324,52978.0,0.8326,9360.0,0.8327,52326.0
1753592001624,04:53:21.624,bitget,ADA/USDT:USDT,0.8325,77185.0,0.8324,52978.0,0.8327,35467.0,0.8328,75503.0
1753592001774,04:53:21.774,bitget,ADA/USDT:USDT,0.8326,57628.0,0.8325,36961.0,0.8327,32053.0,0.8328,75501.0
1753592001925,04:53:21.925,bitget,ADA/USDT:USDT,0.8326,47308.0,0.8325,58819.0,0.8327,10945.0,0.8328,97479.0
1753592002075,04:53:22.075,bitget,ADA/USDT:USDT,0.8326,47308.0,0.8325,58819.0,0.8327,13703.0,0.8328,97479.0
1753592002224,04:53:22.224,bitget,ADA/USDT:USDT,0.8326,47308.0,0.8325,58838.0,0.8327,27391.0,0.8328,97479.0
1753592002375,04:53:22.375,bitget,ADA/USDT:USDT,0.8326,47308.0,0.8325,69816.0,0.8327,27391.0,0.8328,97479.0
1753592002525,04:53:22.525,bitget,ADA/USDT:USDT,0.8326,47308.0,0.8325,69816.0,0.8327,24633.0,0.8328,97479.0
1753592002675,04:53:22.675,bitget,ADA/USDT:USDT,0.8326,47308.0,0.8325,69816.0,0.8327,24492.0,0.8328,98510.0
1753592002825,04:53:22.825,bitget,ADA/USDT:USDT,0.8326,47308.0,0.8325,69816.0,0.8327,24492.0,0.8328,98510.0
1753592002975,04:53:22.975,bitget,ADA/USDT:USDT,0.8326,47308.0,0.8325,69816.0,0.8327,24492.0,0.8328,98390.0
1753592003125,04:53:23.125,bitget,ADA/USDT:USDT,0.8326,47308.0,0.8325,69816.0,0.8327,24492.0,0.8328,98390.0
1753592003275,04:53:23.275,bitget,ADA/USDT:USDT,0.8326,47308.0,0.8325,69816.0,0.8327,24492.0,0.8328,98390.0
1753592003425,04:53:23.425,bitget,ADA/USDT:USDT,0.8326,47308.0,0.8325,69816.0,0.8327,10804.0,0.8328,98390.0
1753592003575,04:53:23.575,bitget,ADA/USDT:USDT,0.8326,69308.0,0.8325,69816.0,0.8328,87408.0,0.8329,67080.0
1753592003725,04:53:23.725,bitget,ADA/USDT:USDT,0.8327,37771.0,0.8326,56557.0,0.8328,15122.0,0.8329,49151.0
1753592003876,04:53:23.876,bitget,ADA/USDT:USDT,0.8327,63535.0,0.8326,45534.0,0.8328,2433.0,0.8329,87380.0
1753592004026,04:53:24.026,bitget,ADA/USDT:USDT,0.8327,63535.0,0.8326,54926.0,0.8328,2433.0,0.8329,87380.0
1753592004176,04:53:24.176,bitget,ADA/USDT:USDT,0.8326,23038.0,0.8325,62862.0,0.8327,1582.0,0.8328,77939.0
1753592004326,04:53:24.326,bitget,ADA/USDT:USDT,0.8326,41922.0,0.8325,62862.0,0.8327,22464.0,0.8328,118073.0
1753592004476,04:53:24.476,bitget,ADA/USDT:USDT,0.8326,20065.0,0.8325,63054.0,0.8327,25703.0,0.8328,109615.0
1753592004626,04:53:24.626,bitget,ADA/USDT:USDT,0.8326,57253.0,0.8325,84901.0,0.8327,26452.0,0.8328,109615.0
1753592004776,04:53:24.776,bitget,ADA/USDT:USDT,0.8326,57253.0,0.8325,86450.0,0.8328,18916.0,0.8329,63905.0
1753592004926,04:53:24.926,bitget,ADA/USDT:USDT,0.8327,50331.0,0.8326,44086.0,0.8328,3182.0,0.8329,65566.0
1753592005076,04:53:25.076,bitget,ADA/USDT:USDT,0.8327,50331.0,0.8326,55063.0,0.8328,3182.0,0.8329,82415.0
1753592005226,04:53:25.226,bitget,ADA/USDT:USDT,0.8327,50331.0,0.8326,55063.0,0.8328,3182.0,0.8329,82415.0
1753592005376,04:53:25.376,bitget,ADA/USDT:USDT,0.8327,42831.0,0.8326,61010.0,0.8328,4822.0,0.8329,82415.0
1753592005526,04:53:25.526,bitget,ADA/USDT:USDT,0.8327,41882.0,0.8326,61010.0,0.8328,4822.0,0.8329,82415.0
1753592005677,04:53:25.677,bitget,ADA/USDT:USDT,0.8327,41882.0,0.8326,61010.0,0.8328,4822.0,0.8329,82415.0
1753592005827,04:53:25.827,bitget,ADA/USDT:USDT,0.8327,32189.0,0.8326,68454.0,0.8328,19410.0,0.8329,83446.0
1753592005977,04:53:25.977,bitget,ADA/USDT:USDT,0.8327,32189.0,0.8326,68454.0,0.8328,19410.0,0.8329,83446.0
1753592006127,04:53:26.127,bitget,ADA/USDT:USDT,0.8327,32189.0,0.8326,68454.0,0.8328,18510.0,0.8329,83446.0
1753592006277,04:53:26.277,bitget,ADA/USDT:USDT,0.8327,33011.0,0.8326,69403.0,0.8328,17676.0,0.8329,83446.0
1753592006427,04:53:26.427,bitget,ADA/USDT:USDT,0.8327,33011.0,0.8326,69403.0,0.8328,18498.0,0.8329,82415.0
1753592006577,04:53:26.577,bitget,ADA/USDT:USDT,0.8327,41511.0,0.8326,68454.0,0.8328,18498.0,0.8329,82415.0
1753592006727,04:53:26.727,bitget,ADA/USDT:USDT,0.8327,41511.0,0.8326,69595.0,0.8328,18498.0,0.8329,82415.0
1753592006877,04:53:26.877,bitget,ADA/USDT:USDT,0.8327,41511.0,0.8326,69595.0,0.8328,18498.0,0.8329,82415.0
1753592007027,04:53:27.027,bitget,ADA/USDT:USDT,0.8327,41511.0,0.8326,69595.0,0.8328,18498.0,0.8329,82415.0
1753592007177,04:53:27.177,bitget,ADA/USDT:USDT,0.8327,33011.0,0.8326,69595.0,0.8328,18498.0,0.8329,82415.0
1753592007328,04:53:27.328,bitget,ADA/USDT:USDT,0.8327,33011.0,0.8326,69595.0,0.8328,18498.0,0.8329,82415.0
1753592007478,04:53:27.478,bitget,ADA/USDT:USDT,0.8327,32189.0,0.8326,69595.0,0.8328,40998.0,0.8329,83446.0
1753592007628,04:53:27.628,bitget,ADA/USDT:USDT,0.8327,32189.0,0.8326,69595.0,0.8328,40998.0,0.8329,83446.0
1753592007778,04:53:27.778,bitget,ADA/USDT:USDT,0.8327,32189.0,0.8326,69595.0,0.8328,40998.0,0.8329,84046.0
1753592007928,04:53:27.928,bitget,ADA/USDT:USDT,0.8327,32189.0,0.8326,69595.0,0.8328,40998.0,0.8329,84046.0
1753592008078,04:53:28.078,bitget,ADA/USDT:USDT,0.8327,32189.0,0.8326,69595.0,0.8328,32998.0,0.8329,83446.0
1753592008228,04:53:28.228,bitget,ADA/USDT:USDT,0.8327,32189.0,0.8326,69595.0,0.8328,32998.0,0.8329,83446.0
1753592008378,04:53:28.378,bitget,ADA/USDT:USDT,0.8327,32189.0,0.8326,69595.0,0.8328,32998.0,0.8329,82415.0
1753592008528,04:53:28.528,bitget,ADA/USDT:USDT,0.8327,30590.0,0.8326,69595.0,0.8328,32998.0,0.8329,83446.0
1753592008828,04:53:28.828,bitget,ADA/USDT:USDT,0.8327,32189.0,0.8326,69595.0,0.8328,32998.0,0.8329,83446.0
1753592008978,04:53:28.978,bitget,ADA/USDT:USDT,0.8327,266.0,0.8326,41357.0,0.8328,48337.0,0.8329,83566.0
1753592009128,04:53:29.128,bitget,ADA/USDT:USDT,0.8327,266.0,0.8326,41357.0,0.8328,48337.0,0.8329,88138.0
1753592009279,04:53:29.279,bitget,ADA/USDT:USDT,0.8327,266.0,0.8326,19517.0,0.8328,48337.0,0.8329,88138.0
1753592009429,04:53:29.429,bitget,ADA/USDT:USDT,0.8327,266.0,0.8326,19517.0,0.8328,48337.0,0.8329,88138.0
1753592009579,04:53:29.579,bitget,ADA/USDT:USDT,0.8327,266.0,0.8326,43017.0,0.8328,57337.0,0.8329,88138.0
1753592009729,04:53:29.729,bitget,ADA/USDT:USDT,0.8327,266.0,0.8326,43017.0,0.8328,59167.0,0.8329,88138.0
1753592009879,04:53:29.879,bitget,ADA/USDT:USDT,0.8327,266.0,0.8326,43017.0,0.8328,59167.0,0.8329,88138.0
1753592010029,04:53:30.029,bitget,ADA/USDT:USDT,0.8327,266.0,0.8326,43017.0,0.8328,59167.0,0.8329,88138.0
1753592010179,04:53:30.179,bitget,ADA/USDT:USDT,0.8327,266.0,0.8326,45656.0,0.8328,59167.0,0.8329,88138.0
1753592010329,04:53:30.329,bitget,ADA/USDT:USDT,0.8327,266.0,0.8326,48964.0,0.8328,50167.0,0.8329,83135.0
1753592010479,04:53:30.479,bitget,ADA/USDT:USDT,0.8327,266.0,0.8326,48964.0,0.8328,57667.0,0.8329,83135.0
1753592010629,04:53:30.629,bitget,ADA/USDT:USDT,0.8327,266.0,0.8326,48964.0,0.8328,57667.0,0.8329,83135.0
1753592010780,04:53:30.780,bitget,ADA/USDT:USDT,0.8327,266.0,0.8326,59940.0,0.8328,42667.0,0.8329,83135.0
1753592010930,04:53:30.930,bitget,ADA/USDT:USDT,0.8327,266.0,0.8326,71927.0,0.8328,42667.0,0.8329,83135.0
1753592011080,04:53:31.080,bitget,ADA/USDT:USDT,0.8327,1865.0,0.8326,71927.0,0.8328,42667.0,0.8329,83135.0
1753592011230,04:53:31.230,bitget,ADA/USDT:USDT,0.8327,1865.0,0.8326,71927.0,0.8328,42667.0,0.8329,83135.0
1753592011380,04:53:31.380,bitget,ADA/USDT:USDT,0.8327,1865.0,0.8326,71927.0,0.8328,42667.0,0.8329,83135.0
1753592011530,04:53:31.530,bitget,ADA/USDT:USDT,0.8327,15114.0,0.8326,71927.0,0.8328,42667.0,0.8329,83135.0
1753592011680,04:53:31.680,bitget,ADA/USDT:USDT,0.8327,15114.0,0.8326,71927.0,0.8328,42667.0,0.8329,83135.0
1753592011830,04:53:31.830,bitget,ADA/USDT:USDT,0.8327,1015.0,0.8326,71927.0,0.8328,42667.0,0.8329,83135.0
1753592011980,04:53:31.980,bitget,ADA/USDT:USDT,0.8327,1015.0,0.8326,71927.0,0.8328,42667.0,0.8329,83135.0
1753592012130,04:53:32.130,bitget,ADA/USDT:USDT,0.8327,2614.0,0.8326,71927.0,0.8328,42667.0,0.8329,83135.0
1753592012280,04:53:32.280,bitget,ADA/USDT:USDT,0.8327,3162.0,0.8326,71927.0,0.8328,42667.0,0.8329,61278.0
1753592012430,04:53:32.430,bitget,ADA/USDT:USDT,0.8327,56511.0,0.8326,72876.0,0.8328,34027.0,0.8329,66283.0
1753592012581,04:53:32.581,bitget,ADA/USDT:USDT,0.8327,56511.0,0.8326,72876.0,0.8328,31448.0,0.8329,88673.0
1753592012731,04:53:32.731,bitget,ADA/USDT:USDT,0.8327,56511.0,0.8326,72876.0,0.8328,31448.0,0.8329,82531.0
1753592012881,04:53:32.881,bitget,ADA/USDT:USDT,0.8327,56511.0,0.8326,72876.0,0.8328,31448.0,0.8329,82531.0
1753592013031,04:53:33.031,bitget,ADA/USDT:USDT,0.8327,56511.0,0.8326,72876.0,0.8328,31448.0,0.8329,82531.0
1753592013181,04:53:33.181,bitget,ADA/USDT:USDT,0.8327,56511.0,0.8326,72876.0,0.8328,32197.0,0.8329,82531.0
1753592013331,04:53:33.331,bitget,ADA/USDT:USDT,0.8327,56511.0,0.8326,72876.0,0.8328,32197.0,0.8329,82531.0
1753592013481,04:53:33.481,bitget,ADA/USDT:USDT,0.8327,56511.0,0.8326,72876.0,0.8328,32197.0,0.8329,82531.0
1753592013632,04:53:33.632,bitget,ADA/USDT:USDT,0.8327,56511.0,0.8326,72876.0,0.8328,32197.0,0.8329,82531.0
1753592013781,04:53:33.781,bitget,ADA/USDT:USDT,0.8327,56511.0,0.8326,72876.0,0.8328,32197.0,0.8329,82531.0
1753592013931,04:53:33.931,bitget,ADA/USDT:USDT,0.8327,56511.0,0.8326,72876.0,0.8328,32197.0,0.8329,83562.0
1753592014081,04:53:34.081,bitget,ADA/USDT:USDT,0.8327,55689.0,0.8326,72876.0,0.8328,32197.0,0.8329,83562.0
1753592014232,04:53:34.232,bitget,ADA/USDT:USDT,0.8327,55689.0,0.8326,72876.0,0.8328,32197.0,0.8329,83562.0
1753592014382,04:53:34.382,bitget,ADA/USDT:USDT,0.8327,55689.0,0.8326,72876.0,0.8328,32197.0,0.8329,83562.0
1753592014532,04:53:34.532,bitget,ADA/USDT:USDT,0.8327,55689.0,0.8326,72876.0,0.8328,32197.0,0.8329,83562.0
1753592014682,04:53:34.682,bitget,ADA/USDT:USDT,0.8327,55689.0,0.8326,72876.0,0.8328,18509.0,0.8329,49864.0
1753592014832,04:53:34.832,bitget,ADA/USDT:USDT,0.8327,55689.0,0.8326,76849.0,0.8328,22296.0,0.8329,82527.0
1753592014982,04:53:34.982,bitget,ADA/USDT:USDT,0.8327,55689.0,0.8326,76849.0,0.8328,22296.0,0.8329,82527.0
1753592015132,04:53:35.132,bitget,ADA/USDT:USDT,0.8327,55689.0,0.8326,76849.0,0.8328,22214.0,0.8329,82527.0
1753592015282,04:53:35.282,bitget,ADA/USDT:USDT,0.8327,55689.0,0.8326,76849.0,0.8328,23514.0,0.8329,82527.0
1753592015432,04:53:35.432,bitget,ADA/USDT:USDT,0.8327,55689.0,0.8326,76849.0,0.8328,21449.0,0.8329,82527.0
1753592015582,04:53:35.582,bitget,ADA/USDT:USDT,0.8327,55689.0,0.8326,76849.0,0.8328,21108.0,0.8329,82527.0
1753592015732,04:53:35.732,bitget,ADA/USDT:USDT,0.8327,55689.0,0.8326,73686.0,0.8328,22641.0,0.8329,83558.0
1753592015882,04:53:35.882,bitget,ADA/USDT:USDT,0.8327,55689.0,0.8326,73686.0,0.8328,22641.0,0.8329,83558.0
1753592016033,04:53:36.033,bitget,ADA/USDT:USDT,0.8327,55689.0,0.8326,73686.0,0.8328,22641.0,0.8329,83558.0
1753592016183,04:53:36.183,bitget,ADA/USDT:USDT,0.8327,55689.0,0.8326,73686.0,0.8328,22641.0,0.8329,83558.0
1753592016333,04:53:36.333,bitget,ADA/USDT:USDT,0.8327,55689.0,0.8326,73686.0,0.8328,22641.0,0.8329,83558.0
1753592016483,04:53:36.483,bitget,ADA/USDT:USDT,0.8327,55689.0,0.8326,73686.0,0.8328,22641.0,0.8329,82527.0
1753592016633,04:53:36.633,bitget,ADA/USDT:USDT,0.8327,55689.0,0.8326,73686.0,0.8328,22641.0,0.8329,83558.0
1753592016783,04:53:36.783,bitget,ADA/USDT:USDT,0.8327,55689.0,0.8326,73686.0,0.8328,22641.0,0.8329,83558.0
1753592016933,04:53:36.933,bitget,ADA/USDT:USDT,0.8327,55689.0,0.8326,73686.0,0.8328,22641.0,0.8329,83558.0
1753592017083,04:53:37.083,bitget,ADA/USDT:USDT,0.8327,55689.0,0.8326,50186.0,0.8328,23451.0,0.8329,83558.0
1753592017233,04:53:37.233,bitget,ADA/USDT:USDT,0.8327,55689.0,0.8326,50186.0,0.8328,23451.0,0.8329,83558.0
1753592017383,04:53:37.383,bitget,ADA/USDT:USDT,0.8327,55689.0,0.8326,50186.0,0.8328,23451.0,0.8329,83558.0
1753592017533,04:53:37.533,bitget,ADA/USDT:USDT,0.8327,55689.0,0.8326,50186.0,0.8328,25838.0,0.8329,83558.0
1753592017684,04:53:37.684,bitget,ADA/USDT:USDT,0.8327,55689.0,0.8326,49237.0,0.8328,25838.0,0.8329,83558.0
1753592017834,04:53:37.834,bitget,ADA/USDT:USDT,0.8327,55689.0,0.8326,49237.0,0.8328,25838.0,0.8329,83558.0
1753592017984,04:53:37.984,bitget,ADA/USDT:USDT,0.8327,55689.0,0.8326,49237.0,0.8328,25838.0,0.8329,83558.0
1753592018134,04:53:38.134,bitget,ADA/USDT:USDT,0.8327,55689.0,0.8326,49237.0,0.8328,25838.0,0.8329,83558.0
1753592018284,04:53:38.284,bitget,ADA/USDT:USDT,0.8327,32189.0,0.8326,49237.0,0.8328,25838.0,0.8329,83558.0
1753592018434,04:53:38.434,bitget,ADA/USDT:USDT,0.8327,32189.0,0.8326,49237.0,0.8328,49338.0,0.8329,83558.0
1753592018584,04:53:38.584,bitget,ADA/USDT:USDT,0.8327,32189.0,0.8326,49237.0,0.8328,32838.0,0.8329,84158.0
1753592018734,04:53:38.734,bitget,ADA/USDT:USDT,0.8327,32189.0,0.8326,49237.0,0.8328,25838.0,0.8329,83558.0
1753592018884,04:53:38.884,bitget,ADA/USDT:USDT,0.8327,32999.0,0.8326,54159.0,0.8328,24305.0,0.8329,83558.0
1753592019034,04:53:39.034,bitget,ADA/USDT:USDT,0.8327,33396.0,0.8326,54159.0,0.8328,24305.0,0.8329,83558.0
1753592019184,04:53:39.184,bitget,ADA/USDT:USDT,0.8327,33396.0,0.8326,54159.0,0.8328,24305.0,0.8329,82527.0
1753592019335,04:53:39.335,bitget,ADA/USDT:USDT,0.8327,33396.0,0.8326,76011.0,0.8328,46157.0,0.8329,60673.0
1753592019485,04:53:39.485,bitget,ADA/USDT:USDT,0.8327,33396.0,0.8326,76011.0,0.8328,46157.0,0.8329,60673.0
1753592019635,04:53:39.635,bitget,ADA/USDT:USDT,0.8327,33396.0,0.8326,76011.0,0.8328,46157.0,0.8329,60673.0
1753592019785,04:53:39.785,bitget,ADA/USDT:USDT,0.8327,33396.0,0.8326,76011.0,0.8328,46157.0,0.8329,60673.0
1753592019935,04:53:39.935,bitget,ADA/USDT:USDT,0.8327,33396.0,0.8326,76011.0,0.8328,46157.0,0.8329,60673.0
1753592020085,04:53:40.085,bitget,ADA/USDT:USDT,0.8327,33396.0,0.8326,76011.0,0.8328,46157.0,0.8329,60673.0
1753592020235,04:53:40.235,bitget,ADA/USDT:USDT,0.8327,33396.0,0.8326,76011.0,0.8328,46157.0,0.8329,60673.0
1753592020385,04:53:40.385,bitget,ADA/USDT:USDT,0.8327,56896.0,0.8326,76011.0,0.8328,42777.0,0.8329,51817.0
1753592020535,04:53:40.535,bitget,ADA/USDT:USDT,0.8327,65673.0,0.8326,86654.0,0.8329,1830.0,0.833,60362.0
1753592020685,04:53:40.685,bitget,ADA/USDT:USDT,0.8328,43786.0,0.8327,68594.0,0.8329,12575.0,0.833,93189.0
1753592020835,04:53:40.835,bitget,ADA/USDT:USDT,0.8328,45324.0,0.8327,56070.0,0.8329,30061.0,0.833,110147.0
1753592020985,04:53:40.985,bitget,ADA/USDT:USDT,0.8328,32189.0,0.8327,56070.0,0.8329,30061.0,0.833,111178.0
1753592021136,04:53:41.136,bitget,ADA/USDT:USDT,0.8328,32189.0,0.8327,56070.0,0.8329,30061.0,0.833,111178.0
1753592021286,04:53:41.286,bitget,ADA/USDT:USDT,0.8327,55671.0,0.8326,85297.0,0.8329,41602.0,0.833,115982.0
1753592021435,04:53:41.435,bitget,ADA/USDT:USDT,0.8327,41272.0,0.8326,85297.0,0.8328,16817.0,0.8329,63462.0
1753592021586,04:53:41.586,bitget,ADA/USDT:USDT,0.8328,16153.0,0.8327,61171.0,0.8329,45781.0,0.833,93907.0
1753592021736,04:53:41.736,bitget,ADA/USDT:USDT,0.8328,18501.0,0.8327,72145.0,0.8329,42633.0,0.833,110623.0
1753592021886,04:53:41.886,bitget,ADA/USDT:USDT,0.8328,18501.0,0.8327,72145.0,0.8329,41602.0,0.833,111654.0
1753592022036,04:53:42.036,bitget,ADA/USDT:USDT,0.8328,18501.0,0.8327,72145.0,0.8329,35655.0,0.833,111654.0
1753592022186,04:53:42.186,bitget,ADA/USDT:USDT,0.8328,30283.0,0.8327,58457.0,0.8329,57506.0,0.833,89803.0
1753592022336,04:53:42.336,bitget,ADA/USDT:USDT,0.8328,30283.0,0.8327,58457.0,0.8329,57506.0,0.833,89803.0
1753592022486,04:53:42.486,bitget,ADA/USDT:USDT,0.8328,31882.0,0.8327,58457.0,0.8329,57506.0,0.833,89803.0
1753592022636,04:53:42.636,bitget,ADA/USDT:USDT,0.8328,31882.0,0.8327,58457.0,0.8329,57506.0,0.833,89803.0
1753592022787,04:53:42.787,bitget,ADA/USDT:USDT,0.8328,31882.0,0.8327,58457.0,0.8329,57506.0,0.833,89803.0
1753592022937,04:53:42.937,bitget,ADA/USDT:USDT,0.8328,31882.0,0.8327,58457.0,0.8329,57506.0,0.833,89803.0
1753592023087,04:53:43.087,bitget,ADA/USDT:USDT,0.8328,31882.0,0.8327,58457.0,0.8329,57506.0,0.833,89803.0
1753592023237,04:53:43.237,bitget,ADA/USDT:USDT,0.8328,32831.0,0.8327,59406.0,0.8329,57506.0,0.833,88773.0
1753592023387,04:53:43.387,bitget,ADA/USDT:USDT,0.8328,56331.0,0.8327,59406.0,0.8329,56696.0,0.833,88773.0
1753592023537,04:53:43.537,bitget,ADA/USDT:USDT,0.8328,57141.0,0.8327,59406.0,0.8329,56696.0,0.833,88173.0
1753592023687,04:53:43.687,bitget,ADA/USDT:USDT,0.8328,57141.0,0.8327,59406.0,0.8329,56696.0,0.833,88173.0
1753592023837,04:53:43.837,bitget,ADA/USDT:USDT,0.8328,57141.0,0.8327,59406.0,0.8329,56696.0,0.833,88173.0
1753592023987,04:53:43.987,bitget,ADA/USDT:USDT,0.8328,42141.0,0.8327,59406.0,0.8329,56696.0,0.833,88173.0
1753592024137,04:53:44.137,bitget,ADA/USDT:USDT,0.8328,32831.0,0.8327,59406.0,0.8329,56696.0,0.833,89804.0
1753592024287,04:53:44.287,bitget,ADA/USDT:USDT,0.8328,31882.0,0.8327,59406.0,0.8329,56696.0,0.833,89804.0
1753592024437,04:53:44.437,bitget,ADA/USDT:USDT,0.8328,31882.0,0.8327,59406.0,0.8329,43008.0,0.833,89804.0
1753592024588,04:53:44.588,bitget,ADA/USDT:USDT,0.8328,31882.0,0.8327,59406.0,0.8329,43008.0,0.833,89204.0
1753592024738,04:53:44.738,bitget,ADA/USDT:USDT,0.8328,31882.0,0.8327,59406.0,0.8329,43008.0,0.833,89204.0
1753592024888,04:53:44.888,bitget,ADA/USDT:USDT,0.8328,31882.0,0.8327,59406.0,0.8329,43008.0,0.833,88173.0
1753592025038,04:53:45.038,bitget,ADA/USDT:USDT,0.8328,31882.0,0.8327,59406.0,0.8329,43008.0,0.833,88173.0
1753592025188,04:53:45.188,bitget,ADA/USDT:USDT,0.8328,32690.0,0.8327,59406.0,0.8329,43008.0,0.833,88173.0
1753592025338,04:53:45.338,bitget,ADA/USDT:USDT,0.8328,56190.0,0.8327,59406.0,0.8329,43008.0,0.833,88173.0
1753592025488,04:53:45.488,bitget,ADA/USDT:USDT,0.8328,56190.0,0.8327,59406.0,0.8329,43008.0,0.833,88173.0
1753592025638,04:53:45.638,bitget,ADA/USDT:USDT,0.8328,56190.0,0.8327,59406.0,0.8329,43008.0,0.833,88173.0
1753592025788,04:53:45.788,bitget,ADA/USDT:USDT,0.8328,56190.0,0.8327,59406.0,0.8329,43008.0,0.833,88173.0
1753592025938,04:53:45.938,bitget,ADA/USDT:USDT,0.8328,56190.0,0.8327,59406.0,0.8329,43008.0,0.833,88173.0
1753592026088,04:53:46.088,bitget,ADA/USDT:USDT,0.8328,37190.0,0.8327,59406.0,0.8329,43008.0,0.833,88173.0
1753592026238,04:53:46.238,bitget,ADA/USDT:USDT,0.8328,37190.0,0.8327,59406.0,0.8329,43008.0,0.833,88173.0
1753592026389,04:53:46.389,bitget,ADA/USDT:USDT,0.8328,50190.0,0.8327,59406.0,0.8329,43008.0,0.833,88173.0
1753592026539,04:53:46.539,bitget,ADA/USDT:USDT,0.8328,54162.0,0.8327,59526.0,0.8329,23491.0,0.833,60242.0
1753592026689,04:53:46.689,bitget,ADA/USDT:USDT,0.8328,54162.0,0.8327,59526.0,0.8329,25090.0,0.833,60242.0
1753592026839,04:53:46.839,bitget,ADA/USDT:USDT,0.8328,43690.0,0.8327,59718.0,0.8329,3239.0,0.833,111089.0
1753592026989,04:53:46.989,bitget,ADA/USDT:USDT,0.8328,43690.0,0.8327,59718.0,0.8329,1640.0,0.833,94252.0
1753592027139,04:53:47.139,bitget,ADA/USDT:USDT,0.8328,43690.0,0.8327,59718.0,0.8329,1640.0,0.833,77416.0
1753592027289,04:53:47.289,bitget,ADA/USDT:USDT,0.8328,56190.0,0.8327,61628.0,0.8329,1640.0,0.833,77416.0
1753592027439,04:53:47.439,bitget,ADA/USDT:USDT,0.8328,56190.0,0.8327,61628.0,0.8329,1640.0,0.833,65256.0
1753592027589,04:53:47.589,bitget,ADA/USDT:USDT,0.8328,56190.0,0.8327,61628.0,0.8329,1640.0,0.833,65256.0
