timestamp,time,exchange,symbol,bid1_price,bid1_volume,bid2_price,bid2_volume,ask1_price,ask1_volume,ask2_price,ask2_volume
1753591881074,04:51:21.074,bitget,A/USDT:USDT,0.57586,12.0,0.57576,60.0,0.57595,109.0,0.57596,8948.0
1753591881374,04:51:21.374,bitget,A/USDT:USDT,0.57586,12.0,0.57576,60.0,0.57595,109.0,0.57596,8948.0
1753591882875,04:51:22.875,bitget,A/USDT:USDT,0.57586,12.0,0.57576,60.0,0.57595,109.0,0.57596,8948.0
1753591883625,04:51:23.625,bitget,A/USDT:USDT,0.57586,12.0,0.57576,60.0,0.57595,109.0,0.57596,8948.0
1753591883775,04:51:23.775,bitget,A/USDT:USDT,0.57586,12.0,0.57576,60.0,0.57595,109.0,0.57596,8948.0
1753591883925,04:51:23.925,bitget,A/USDT:USDT,0.57586,12.0,0.57576,60.0,0.57595,109.0,0.57596,8948.0
1753591884076,04:51:24.076,bitget,A/USDT:USDT,0.57586,12.0,0.57576,60.0,0.57595,109.0,0.57596,8948.0
1753591884226,04:51:24.226,bitget,A/USDT:USDT,0.57586,12.0,0.57576,60.0,0.57595,109.0,0.57596,8948.0
1753591885247,04:51:25.247,bitget,A/USDT:USDT,0.57586,12.0,0.57576,60.0,0.57595,109.0,0.57596,8948.0
1753591885397,04:51:25.397,bitget,A/USDT:USDT,0.57586,12.0,0.57576,60.0,0.57595,109.0,0.57596,8948.0
1753591885570,04:51:25.570,bitget,A/USDT:USDT,0.57586,120.0,0.57576,60.0,0.57595,109.0,0.57596,8948.0
1753591885877,04:51:25.877,bitget,A/USDT:USDT,0.57586,12.0,0.57576,60.0,0.57595,109.0,0.57596,8948.0
1753591886027,04:51:26.027,bitget,A/USDT:USDT,0.57586,12.0,0.57576,60.0,0.57595,109.0,0.57596,8948.0
1753591886327,04:51:26.327,bitget,A/USDT:USDT,0.57586,12.0,0.57576,60.0,0.57595,109.0,0.57596,8948.0
1753591886477,04:51:26.477,bitget,A/USDT:USDT,0.57586,12.0,0.57576,60.0,0.57595,109.0,0.57596,8948.0
1753591886777,04:51:26.777,bitget,A/USDT:USDT,0.57586,12.0,0.57576,60.0,0.57595,109.0,0.57596,8948.0
1753591886927,04:51:26.927,bitget,A/USDT:USDT,0.57586,12.0,0.57576,60.0,0.57595,109.0,0.57596,8948.0
1753591887228,04:51:27.228,bitget,A/USDT:USDT,0.57586,12.0,0.57576,60.0,0.57595,109.0,0.57596,8946.0
1753591887378,04:51:27.378,bitget,A/USDT:USDT,0.57586,12.0,0.57576,60.0,0.57595,109.0,0.57596,8946.0
1753591887528,04:51:27.528,bitget,A/USDT:USDT,0.57586,12.0,0.57576,60.0,0.57595,109.0,0.57596,8946.0
1753591887678,04:51:27.678,bitget,A/USDT:USDT,0.57586,12.0,0.57576,60.0,0.57595,109.0,0.57596,8946.0
1753591887828,04:51:27.828,bitget,A/USDT:USDT,0.57586,12.0,0.57576,60.0,0.57595,109.0,0.57596,8946.0
1753591888579,04:51:28.579,bitget,A/USDT:USDT,0.57586,12.0,0.57576,60.0,0.57595,109.0,0.57596,8946.0
1753591888729,04:51:28.729,bitget,A/USDT:USDT,0.57586,12.0,0.57576,60.0,0.57595,109.0,0.57596,8946.0
1753591889029,04:51:29.029,bitget,A/USDT:USDT,0.57586,12.0,0.57576,60.0,0.57595,109.0,0.57596,8946.0
1753591889179,04:51:29.179,bitget,A/USDT:USDT,0.57586,12.0,0.57576,60.0,0.57595,109.0,0.57596,8946.0
1753591889629,04:51:29.629,bitget,A/USDT:USDT,0.57586,12.0,0.57576,60.0,0.57595,109.0,0.57596,8946.0
1753591889779,04:51:29.779,bitget,A/USDT:USDT,0.57586,12.0,0.57576,60.0,0.57595,109.0,0.57596,8946.0
1753591890230,04:51:30.230,bitget,A/USDT:USDT,0.57586,12.0,0.57576,60.0,0.57595,109.0,0.57596,8946.0
1753591890380,04:51:30.380,bitget,A/USDT:USDT,0.57586,12.0,0.57576,60.0,0.57595,109.0,0.57596,8946.0
1753591890530,04:51:30.530,bitget,A/USDT:USDT,0.57586,12.0,0.57576,60.0,0.57595,109.0,0.57596,8946.0
1753591890830,04:51:30.830,bitget,A/USDT:USDT,0.57586,119.0,0.57576,60.0,0.57595,109.0,0.57596,8946.0
1753591890980,04:51:30.980,bitget,A/USDT:USDT,0.57587,107.0,0.57586,12.0,0.57595,109.0,0.57596,8946.0
1753591891130,04:51:31.130,bitget,A/USDT:USDT,0.57587,107.0,0.57586,12.0,0.57595,109.0,0.57596,8946.0
1753591891280,04:51:31.280,bitget,A/USDT:USDT,0.57587,107.0,0.57586,12.0,0.57595,109.0,0.57596,8946.0
1753591891430,04:51:31.430,bitget,A/USDT:USDT,0.57587,107.0,0.57586,12.0,0.57595,109.0,0.57596,8946.0
1753591891580,04:51:31.580,bitget,A/USDT:USDT,0.57587,107.0,0.57586,12.0,0.57595,109.0,0.57596,8946.0
1753591891731,04:51:31.731,bitget,A/USDT:USDT,0.57587,107.0,0.57586,12.0,0.57595,109.0,0.57596,8946.0
1753591891881,04:51:31.881,bitget,A/USDT:USDT,0.57586,12.0,0.57576,60.0,0.57595,109.0,0.57596,8946.0
1753591892031,04:51:32.031,bitget,A/USDT:USDT,0.57587,107.0,0.57586,12.0,0.57595,109.0,0.57596,8946.0
1753591892181,04:51:32.181,bitget,A/USDT:USDT,0.57587,107.0,0.57586,12.0,0.57595,109.0,0.57596,8946.0
1753591892331,04:51:32.331,bitget,A/USDT:USDT,0.57587,107.0,0.57586,12.0,0.57595,109.0,0.57596,8946.0
1753591892481,04:51:32.481,bitget,A/USDT:USDT,0.57587,107.0,0.57586,12.0,0.57595,109.0,0.57596,8946.0
1753591892631,04:51:32.631,bitget,A/USDT:USDT,0.57587,107.0,0.57586,12.0,0.57595,109.0,0.57596,8946.0
1753591892781,04:51:32.781,bitget,A/USDT:USDT,0.57587,107.0,0.57586,12.0,0.57595,109.0,0.57596,8946.0
1753591892931,04:51:32.931,bitget,A/USDT:USDT,0.57587,107.0,0.57586,12.0,0.57595,109.0,0.57596,8946.0
1753591893081,04:51:33.081,bitget,A/USDT:USDT,0.57587,107.0,0.57586,12.0,0.57595,109.0,0.57596,8946.0
1753591893231,04:51:33.231,bitget,A/USDT:USDT,0.57587,107.0,0.57586,12.0,0.57595,109.0,0.57596,8946.0
1753591893381,04:51:33.381,bitget,A/USDT:USDT,0.57587,107.0,0.57586,12.0,0.57595,109.0,0.57596,8946.0
1753591893532,04:51:33.532,bitget,A/USDT:USDT,0.57587,107.0,0.57586,12.0,0.57595,109.0,0.57596,8946.0
1753591893682,04:51:33.682,bitget,A/USDT:USDT,0.57587,107.0,0.57586,12.0,0.57595,109.0,0.57596,8946.0
1753591893832,04:51:33.832,bitget,A/USDT:USDT,0.57587,107.0,0.57586,12.0,0.57595,109.0,0.57596,8946.0
1753591893982,04:51:33.982,bitget,A/USDT:USDT,0.57587,107.0,0.57586,12.0,0.57595,109.0,0.57596,8946.0
1753591894282,04:51:34.282,bitget,A/USDT:USDT,0.57587,107.0,0.57586,12.0,0.57595,109.0,0.57596,8946.0
1753591894882,04:51:34.882,bitget,A/USDT:USDT,0.57587,107.0,0.57586,12.0,0.57595,109.0,0.57596,8946.0
1753591895032,04:51:35.032,bitget,A/USDT:USDT,0.57587,107.0,0.57586,12.0,0.57595,109.0,0.57596,8946.0
1753591895183,04:51:35.183,bitget,A/USDT:USDT,0.57587,107.0,0.57586,12.0,0.57595,109.0,0.57596,8946.0
1753591895483,04:51:35.483,bitget,A/USDT:USDT,0.57587,107.0,0.57586,12.0,0.57595,109.0,0.57596,8946.0
1753591896233,04:51:36.233,bitget,A/USDT:USDT,0.57586,12.0,0.57576,60.0,0.57595,109.0,0.57596,8946.0
1753591896984,04:51:36.984,bitget,A/USDT:USDT,0.57587,107.0,0.57586,12.0,0.57595,109.0,0.57596,8946.0
1753591897134,04:51:37.134,bitget,A/USDT:USDT,0.57587,107.0,0.57586,12.0,0.57595,109.0,0.57596,8946.0
1753591897734,04:51:37.734,bitget,A/USDT:USDT,0.57587,107.0,0.57586,12.0,0.57595,109.0,0.57596,8946.0
1753591897884,04:51:37.884,bitget,A/USDT:USDT,0.57587,107.0,0.57586,12.0,0.57595,109.0,0.57596,8946.0
1753591898034,04:51:38.034,bitget,A/USDT:USDT,0.57587,107.0,0.57586,12.0,0.57595,109.0,0.57596,8946.0
1753591898184,04:51:38.184,bitget,A/USDT:USDT,0.57587,107.0,0.57586,12.0,0.57595,109.0,0.57596,8946.0
1753591898335,04:51:38.335,bitget,A/USDT:USDT,0.57587,107.0,0.57586,12.0,0.57595,109.0,0.57596,8946.0
1753591898635,04:51:38.635,bitget,A/USDT:USDT,0.57587,107.0,0.57586,12.0,0.57595,109.0,0.57596,8946.0
1753591898785,04:51:38.785,bitget,A/USDT:USDT,0.57587,107.0,0.57586,12.0,0.57595,109.0,0.57596,8946.0
1753591898935,04:51:38.935,bitget,A/USDT:USDT,0.57587,107.0,0.57586,12.0,0.57595,109.0,0.57596,8946.0
1753591899385,04:51:39.385,bitget,A/USDT:USDT,0.57587,107.0,0.57586,12.0,0.57595,109.0,0.57596,8946.0
1753591899535,04:51:39.535,bitget,A/USDT:USDT,0.57587,107.0,0.57586,12.0,0.57595,109.0,0.57596,8946.0
1753591899836,04:51:39.836,bitget,A/USDT:USDT,0.57587,107.0,0.57586,12.0,0.57595,108.0,0.57596,8946.0
1753591900136,04:51:40.136,bitget,A/USDT:USDT,0.57587,107.0,0.57586,12.0,0.57596,8946.0,0.57601,108.0
1753591900436,04:51:40.436,bitget,A/USDT:USDT,0.57587,107.0,0.57586,12.0,0.57596,8946.0,0.57601,108.0
1753591900586,04:51:40.586,bitget,A/USDT:USDT,0.57587,107.0,0.57586,12.0,0.57595,108.0,0.57596,8946.0
1753591900736,04:51:40.736,bitget,A/USDT:USDT,0.57587,107.0,0.57586,12.0,0.57596,8946.0,0.57601,108.0
1753591900886,04:51:40.886,bitget,A/USDT:USDT,0.57587,107.0,0.57586,12.0,0.57596,8946.0,0.57601,108.0
1753591901036,04:51:41.036,bitget,A/USDT:USDT,0.57587,107.0,0.57586,12.0,0.57596,8946.0,0.57601,108.0
1753591901487,04:51:41.487,bitget,A/USDT:USDT,0.57587,107.0,0.57586,12.0,0.57595,108.0,0.57596,8946.0
1753591901637,04:51:41.637,bitget,A/USDT:USDT,0.57587,107.0,0.57586,12.0,0.57595,108.0,0.57596,8946.0
1753591901937,04:51:41.937,bitget,A/USDT:USDT,0.57587,107.0,0.57586,12.0,0.57595,108.0,0.57596,8946.0
1753591902237,04:51:42.237,bitget,A/USDT:USDT,0.57587,107.0,0.57586,12.0,0.57596,8946.0,0.57601,108.0
1753591902537,04:51:42.537,bitget,A/USDT:USDT,0.57587,107.0,0.57586,12.0,0.57596,8946.0,0.57601,108.0
1753591902687,04:51:42.687,bitget,A/USDT:USDT,0.57587,107.0,0.57586,12.0,0.57596,8946.0,0.57601,108.0
1753591902837,04:51:42.837,bitget,A/USDT:USDT,0.57587,107.0,0.57586,12.0,0.57596,8946.0,0.57601,108.0
1753591902987,04:51:42.987,bitget,A/USDT:USDT,0.57587,107.0,0.57586,12.0,0.57596,8946.0,0.57601,108.0
1753591903138,04:51:43.138,bitget,A/USDT:USDT,0.57587,107.0,0.57586,12.0,0.57595,108.0,0.57601,108.0
1753591903288,04:51:43.288,bitget,A/USDT:USDT,0.57587,107.0,0.57586,12.0,0.57598,8944.0,0.57601,108.0
1753591903438,04:51:43.438,bitget,A/USDT:USDT,0.57587,107.0,0.57586,12.0,0.57595,108.0,0.57598,8944.0
1753591903588,04:51:43.588,bitget,A/USDT:USDT,0.57587,107.0,0.57586,12.0,0.57598,8944.0,0.57601,108.0
1753591903888,04:51:43.888,bitget,A/USDT:USDT,0.57587,107.0,0.57586,12.0,0.57595,108.0,0.57598,8944.0
1753591904038,04:51:44.038,bitget,A/USDT:USDT,0.57587,107.0,0.57586,12.0,0.57595,108.0,0.57598,8944.0
1753591904188,04:51:44.188,bitget,A/USDT:USDT,0.57587,107.0,0.57586,12.0,0.57595,108.0,0.57598,8944.0
1753591904338,04:51:44.338,bitget,A/USDT:USDT,0.57587,107.0,0.57586,12.0,0.57595,108.0,0.57598,8944.0
1753591904488,04:51:44.488,bitget,A/USDT:USDT,0.57587,107.0,0.57586,12.0,0.57595,108.0,0.57598,8944.0
1753591904639,04:51:44.639,bitget,A/USDT:USDT,0.57587,107.0,0.57586,12.0,0.57595,108.0,0.57598,8944.0
1753591905089,04:51:45.089,bitget,A/USDT:USDT,0.57587,107.0,0.57586,12.0,0.57595,108.0,0.57598,8944.0
1753591905539,04:51:45.539,bitget,A/USDT:USDT,0.57587,107.0,0.57586,12.0,0.57595,108.0,0.57598,8944.0
1753591905689,04:51:45.689,bitget,A/USDT:USDT,0.57587,107.0,0.57586,12.0,0.57595,108.0,0.57598,8944.0
1753591905989,04:51:45.989,bitget,A/USDT:USDT,0.57587,107.0,0.57586,12.0,0.57595,108.0,0.57598,8944.0
1753591906139,04:51:46.139,bitget,A/USDT:USDT,0.57587,107.0,0.57586,12.0,0.57595,108.0,0.57598,8944.0
1753591906289,04:51:46.289,bitget,A/USDT:USDT,0.57587,107.0,0.57586,12.0,0.57595,108.0,0.57598,8944.0
1753591906440,04:51:46.440,bitget,A/USDT:USDT,0.57587,107.0,0.57586,12.0,0.57595,108.0,0.57598,8944.0
1753591906590,04:51:46.590,bitget,A/USDT:USDT,0.57587,107.0,0.57586,12.0,0.57595,108.0,0.57598,8944.0
1753591906740,04:51:46.740,bitget,A/USDT:USDT,0.57587,107.0,0.57586,12.0,0.57595,108.0,0.57598,8944.0
1753591906890,04:51:46.890,bitget,A/USDT:USDT,0.57587,107.0,0.57586,12.0,0.57595,108.0,0.57598,8944.0
1753591907040,04:51:47.040,bitget,A/USDT:USDT,0.57587,107.0,0.57586,12.0,0.57595,108.0,0.57598,8944.0
1753591907190,04:51:47.190,bitget,A/USDT:USDT,0.57587,107.0,0.57586,12.0,0.57595,108.0,0.57598,8944.0
1753591907340,04:51:47.340,bitget,A/USDT:USDT,0.57587,107.0,0.57586,12.0,0.57595,108.0,0.57598,8944.0
1753591907490,04:51:47.490,bitget,A/USDT:USDT,0.57587,107.0,0.57586,12.0,0.57595,108.0,0.57598,8944.0
1753591907640,04:51:47.640,bitget,A/USDT:USDT,0.57587,107.0,0.57586,12.0,0.57595,108.0,0.57598,8944.0
1753591907790,04:51:47.790,bitget,A/USDT:USDT,0.57587,107.0,0.57586,12.0,0.57595,108.0,0.57598,8944.0
1753591907941,04:51:47.941,bitget,A/USDT:USDT,0.57587,107.0,0.57586,12.0,0.57595,108.0,0.57598,8944.0
1753591908091,04:51:48.091,bitget,A/USDT:USDT,0.57587,107.0,0.57586,12.0,0.57595,108.0,0.57598,8944.0
1753591908241,04:51:48.241,bitget,A/USDT:USDT,0.57587,107.0,0.57586,12.0,0.57595,108.0,0.57598,8944.0
1753591908391,04:51:48.391,bitget,A/USDT:USDT,0.57587,107.0,0.57586,12.0,0.57595,108.0,0.57598,8944.0
1753591908541,04:51:48.541,bitget,A/USDT:USDT,0.57587,107.0,0.57586,12.0,0.57595,108.0,0.57598,8944.0
1753591908691,04:51:48.691,bitget,A/USDT:USDT,0.57587,107.0,0.57586,12.0,0.57595,108.0,0.57598,8944.0
1753591908841,04:51:48.841,bitget,A/USDT:USDT,0.57587,107.0,0.57586,12.0,0.57595,108.0,0.57598,8944.0
1753591908991,04:51:48.991,bitget,A/USDT:USDT,0.57587,107.0,0.57586,12.0,0.57595,108.0,0.57598,8944.0
1753591909141,04:51:49.141,bitget,A/USDT:USDT,0.57587,107.0,0.57586,12.0,0.57595,108.0,0.57598,8944.0
1753591909291,04:51:49.291,bitget,A/USDT:USDT,0.57587,107.0,0.57586,12.0,0.57595,108.0,0.57598,8944.0
1753591909442,04:51:49.442,bitget,A/USDT:USDT,0.57587,107.0,0.57586,12.0,0.57595,108.0,0.57598,8944.0
1753591909591,04:51:49.591,bitget,A/USDT:USDT,0.57587,107.0,0.57586,12.0,0.57595,108.0,0.57598,8944.0
1753591909742,04:51:49.742,bitget,A/USDT:USDT,0.57587,107.0,0.57586,12.0,0.57595,108.0,0.57598,8944.0
1753591909892,04:51:49.892,bitget,A/USDT:USDT,0.57587,107.0,0.57586,12.0,0.57595,108.0,0.57598,8944.0
1753591910042,04:51:50.042,bitget,A/USDT:USDT,0.57587,107.0,0.57586,12.0,0.57595,108.0,0.57598,8944.0
1753591910192,04:51:50.192,bitget,A/USDT:USDT,0.57587,107.0,0.57586,12.0,0.57595,108.0,0.57598,8944.0
1753591910492,04:51:50.492,bitget,A/USDT:USDT,0.57587,107.0,0.57586,12.0,0.57595,108.0,0.57598,8944.0
1753591910642,04:51:50.642,bitget,A/USDT:USDT,0.57587,107.0,0.57586,12.0,0.57595,108.0,0.57598,8944.0
1753591910792,04:51:50.792,bitget,A/USDT:USDT,0.57587,107.0,0.57586,12.0,0.57595,108.0,0.57598,8944.0
1753591910942,04:51:50.942,bitget,A/USDT:USDT,0.57587,107.0,0.57586,12.0,0.57595,108.0,0.57598,8944.0
1753591911092,04:51:51.092,bitget,A/USDT:USDT,0.57587,107.0,0.57586,12.0,0.57595,108.0,0.57598,8944.0
1753591911243,04:51:51.243,bitget,A/USDT:USDT,0.57586,12.0,0.57585,60.0,0.57595,108.0,0.57598,8944.0
1753591911393,04:51:51.393,bitget,A/USDT:USDT,0.57587,108.0,0.57586,12.0,0.57595,108.0,0.57598,8944.0
1753591911543,04:51:51.543,bitget,A/USDT:USDT,0.57587,108.0,0.57586,12.0,0.57595,108.0,0.57598,8944.0
1753591912143,04:51:52.143,bitget,A/USDT:USDT,0.57587,108.0,0.57586,12.0,0.57595,108.0,0.57598,8944.0
1753591912443,04:51:52.443,bitget,A/USDT:USDT,0.57587,108.0,0.57586,12.0,0.57595,108.0,0.57598,8944.0
1753591912593,04:51:52.593,bitget,A/USDT:USDT,0.57587,108.0,0.57586,12.0,0.57595,108.0,0.57598,8944.0
1753591912743,04:51:52.743,bitget,A/USDT:USDT,0.57587,108.0,0.57586,12.0,0.57595,108.0,0.57598,8944.0
1753591912894,04:51:52.894,bitget,A/USDT:USDT,0.57587,108.0,0.57586,12.0,0.57595,108.0,0.57598,8944.0
1753591913044,04:51:53.044,bitget,A/USDT:USDT,0.57587,108.0,0.57586,12.0,0.57595,108.0,0.57598,8944.0
1753591913344,04:51:53.344,bitget,A/USDT:USDT,0.57587,108.0,0.57586,12.0,0.57595,108.0,0.57598,8944.0
1753591913494,04:51:53.494,bitget,A/USDT:USDT,0.57587,108.0,0.57586,12.0,0.57595,108.0,0.57598,8944.0
1753591913644,04:51:53.644,bitget,A/USDT:USDT,0.57587,108.0,0.57586,12.0,0.57595,108.0,0.57598,8944.0
1753591913794,04:51:53.794,bitget,A/USDT:USDT,0.57587,108.0,0.57586,12.0,0.57595,108.0,0.57598,8944.0
1753591914094,04:51:54.094,bitget,A/USDT:USDT,0.57587,108.0,0.57586,12.0,0.57595,108.0,0.57598,8944.0
1753591914244,04:51:54.244,bitget,A/USDT:USDT,0.57587,108.0,0.57586,12.0,0.57595,108.0,0.57598,8944.0
1753591914395,04:51:54.395,bitget,A/USDT:USDT,0.57587,108.0,0.57586,12.0,0.57595,108.0,0.57598,8944.0
1753591914545,04:51:54.545,bitget,A/USDT:USDT,0.57587,108.0,0.57586,12.0,0.57595,108.0,0.57598,8944.0
1753591914695,04:51:54.695,bitget,A/USDT:USDT,0.57587,108.0,0.57586,12.0,0.57595,108.0,0.57598,8944.0
1753591914995,04:51:54.995,bitget,A/USDT:USDT,0.57586,12.0,0.57585,60.0,0.57595,108.0,0.57598,8944.0
1753591915145,04:51:55.145,bitget,A/USDT:USDT,0.57586,120.0,0.57585,60.0,0.57595,108.0,0.57598,8944.0
1753591915295,04:51:55.295,bitget,A/USDT:USDT,0.57587,108.0,0.57586,12.0,0.57595,108.0,0.57598,8944.0
1753591915445,04:51:55.445,bitget,A/USDT:USDT,0.57587,108.0,0.57586,12.0,0.57595,108.0,0.57598,8944.0
1753591915595,04:51:55.595,bitget,A/USDT:USDT,0.57587,108.0,0.57586,12.0,0.57595,108.0,0.57598,8944.0
1753591915745,04:51:55.745,bitget,A/USDT:USDT,0.57587,108.0,0.57586,12.0,0.57595,108.0,0.57598,8944.0
1753591915895,04:51:55.895,bitget,A/USDT:USDT,0.57587,108.0,0.57586,12.0,0.57595,108.0,0.57598,8944.0
1753591916046,04:51:56.046,bitget,A/USDT:USDT,0.57587,108.0,0.57586,12.0,0.57595,108.0,0.57598,8944.0
1753591916346,04:51:56.346,bitget,A/USDT:USDT,0.57587,108.0,0.57586,12.0,0.57595,108.0,0.57598,8944.0
1753591916496,04:51:56.496,bitget,A/USDT:USDT,0.57586,12.0,0.57585,60.0,0.57595,108.0,0.57598,8944.0
1753591916646,04:51:56.646,bitget,A/USDT:USDT,0.57587,108.0,0.57586,12.0,0.57595,108.0,0.57598,8944.0
1753591916796,04:51:56.796,bitget,A/USDT:USDT,0.57587,108.0,0.57586,12.0,0.57595,108.0,0.57598,8944.0
1753591916946,04:51:56.946,bitget,A/USDT:USDT,0.57587,108.0,0.57586,12.0,0.57595,108.0,0.57598,8944.0
1753591917096,04:51:57.096,bitget,A/USDT:USDT,0.57587,108.0,0.57586,12.0,0.57595,108.0,0.57598,8944.0
1753591917246,04:51:57.246,bitget,A/USDT:USDT,0.57587,108.0,0.57586,12.0,0.57595,108.0,0.57598,8944.0
1753591917396,04:51:57.396,bitget,A/USDT:USDT,0.57587,108.0,0.57586,12.0,0.57595,108.0,0.57598,8944.0
1753591917697,04:51:57.697,bitget,A/USDT:USDT,0.57587,108.0,0.57586,12.0,0.57595,108.0,0.57598,8944.0
1753591917847,04:51:57.847,bitget,A/USDT:USDT,0.57587,108.0,0.57586,12.0,0.57595,108.0,0.57598,8944.0
1753591918147,04:51:58.147,bitget,A/USDT:USDT,0.57587,108.0,0.57586,12.0,0.57595,108.0,0.57598,8944.0
1753591918597,04:51:58.597,bitget,A/USDT:USDT,0.57587,108.0,0.57586,12.0,0.57595,108.0,0.57598,8944.0
1753591918747,04:51:58.747,bitget,A/USDT:USDT,0.57587,108.0,0.57586,12.0,0.57595,108.0,0.57598,8944.0
1753591919047,04:51:59.047,bitget,A/USDT:USDT,0.57587,108.0,0.57586,12.0,0.57595,108.0,0.57598,8944.0
1753591919198,04:51:59.198,bitget,A/USDT:USDT,0.57587,108.0,0.57586,12.0,0.57595,108.0,0.57598,8944.0
1753591919348,04:51:59.348,bitget,A/USDT:USDT,0.57587,111.0,0.57586,12.0,0.57595,108.0,0.57598,8944.0
1753591919498,04:51:59.498,bitget,A/USDT:USDT,0.57587,111.0,0.57586,12.0,0.57595,108.0,0.57598,8944.0
1753591919648,04:51:59.648,bitget,A/USDT:USDT,0.57587,111.0,0.57586,12.0,0.57595,108.0,0.57598,8944.0
1753591919798,04:51:59.798,bitget,A/USDT:USDT,0.57587,111.0,0.57586,12.0,0.57595,108.0,0.57598,8944.0
1753591919948,04:51:59.948,bitget,A/USDT:USDT,0.57587,111.0,0.57586,12.0,0.57595,108.0,0.57598,8944.0
1753591920098,04:52:00.098,bitget,A/USDT:USDT,0.57587,111.0,0.57586,12.0,0.57595,108.0,0.57598,8944.0
1753591920248,04:52:00.248,bitget,A/USDT:USDT,0.57587,111.0,0.57586,12.0,0.57595,108.0,0.57598,8944.0
1753591920398,04:52:00.398,bitget,A/USDT:USDT,0.57587,111.0,0.57586,12.0,0.57595,108.0,0.57598,8944.0
1753591920549,04:52:00.549,bitget,A/USDT:USDT,0.57588,111.0,0.57586,12.0,0.57595,108.0,0.57598,8944.0
1753591920699,04:52:00.699,bitget,A/USDT:USDT,0.57586,12.0,0.57585,60.0,0.57595,108.0,0.57598,8944.0
1753591920849,04:52:00.849,bitget,A/USDT:USDT,0.57586,123.0,0.57585,60.0,0.57595,108.0,0.57598,8944.0
1753591921149,04:52:01.149,bitget,A/USDT:USDT,0.57587,111.0,0.57586,12.0,0.57595,108.0,0.57598,8944.0
1753591921299,04:52:01.299,bitget,A/USDT:USDT,0.57587,111.0,0.57586,12.0,0.57595,108.0,0.57598,8944.0
1753591921449,04:52:01.449,bitget,A/USDT:USDT,0.57587,111.0,0.57586,12.0,0.57595,108.0,0.57598,8944.0
1753591921599,04:52:01.599,bitget,A/USDT:USDT,0.57587,111.0,0.57586,12.0,0.57598,8944.0,0.57604,60.0
1753591921749,04:52:01.749,bitget,A/USDT:USDT,0.57587,111.0,0.57586,12.0,0.57597,111.0,0.57598,8944.0
1753591922050,04:52:02.050,bitget,A/USDT:USDT,0.57587,111.0,0.57586,12.0,0.57615,111.0,0.57621,31256.0
1753591922350,04:52:02.350,bitget,A/USDT:USDT,0.57592,111.0,0.57586,12.0,0.57614,8942.0,0.57617,111.0
1753591922500,04:52:02.500,bitget,A/USDT:USDT,0.57592,111.0,0.57586,12.0,0.57614,8942.0,0.57621,31256.0
1753591922650,04:52:02.650,bitget,A/USDT:USDT,0.57592,111.0,0.57586,12.0,0.57612,111.0,0.57614,8942.0
1753591922800,04:52:02.800,bitget,A/USDT:USDT,0.57592,111.0,0.57586,12.0,0.57612,111.0,0.57614,8942.0
1753591922950,04:52:02.950,bitget,A/USDT:USDT,0.57592,111.0,0.57586,12.0,0.57612,111.0,0.57614,8942.0
1753591923400,04:52:03.400,bitget,A/USDT:USDT,0.57592,111.0,0.57586,12.0,0.57612,111.0,0.57615,8942.0
1753591923550,04:52:03.550,bitget,A/USDT:USDT,0.57592,111.0,0.57586,12.0,0.57612,111.0,0.57615,8942.0
1753591924001,04:52:04.001,bitget,A/USDT:USDT,0.57592,111.0,0.57586,12.0,0.57614,111.0,0.57615,8942.0
1753591924151,04:52:04.151,bitget,A/USDT:USDT,0.57592,111.0,0.57586,12.0,0.57614,111.0,0.57615,8942.0
1753591924451,04:52:04.451,bitget,A/USDT:USDT,0.57592,213.0,0.57586,12.0,0.57615,8942.0,0.57627,111.0
1753591924601,04:52:04.601,bitget,A/USDT:USDT,0.57597,111.0,0.57592,102.0,0.57614,111.0,0.57615,8942.0
1753591924751,04:52:04.751,bitget,A/USDT:USDT,0.57597,128.0,0.57594,41.0,0.57614,111.0,0.57615,8942.0
1753591924901,04:52:04.901,bitget,A/USDT:USDT,0.57602,111.0,0.57597,17.0,0.57614,111.0,0.57623,8942.0
1753591925051,04:52:05.051,bitget,A/USDT:USDT,0.57602,111.0,0.57597,17.0,0.57614,111.0,0.57623,8942.0
1753591925201,04:52:05.201,bitget,A/USDT:USDT,0.57602,111.0,0.57597,17.0,0.57614,111.0,0.57623,8942.0
1753591925352,04:52:05.352,bitget,A/USDT:USDT,0.57602,111.0,0.57597,17.0,0.57614,111.0,0.57623,8942.0
1753591925502,04:52:05.502,bitget,A/USDT:USDT,0.57602,111.0,0.57597,17.0,0.57614,111.0,0.57623,8942.0
1753591925652,04:52:05.652,bitget,A/USDT:USDT,0.57602,111.0,0.57597,17.0,0.57614,111.0,0.57623,8942.0
1753591925952,04:52:05.952,bitget,A/USDT:USDT,0.57602,111.0,0.57597,17.0,0.57614,111.0,0.57623,8942.0
1753591926102,04:52:06.102,bitget,A/USDT:USDT,0.57602,111.0,0.57597,17.0,0.57614,111.0,0.57623,8942.0
1753591926252,04:52:06.252,bitget,A/USDT:USDT,0.57602,111.0,0.57597,17.0,0.57614,111.0,0.57623,8942.0
1753591926402,04:52:06.402,bitget,A/USDT:USDT,0.57602,111.0,0.57597,17.0,0.57614,111.0,0.57623,8942.0
1753591926552,04:52:06.552,bitget,A/USDT:USDT,0.57602,111.0,0.57597,17.0,0.57614,111.0,0.57623,8942.0
1753591926702,04:52:06.702,bitget,A/USDT:USDT,0.57602,111.0,0.57597,17.0,0.57614,111.0,0.57623,8942.0
1753591926852,04:52:06.852,bitget,A/USDT:USDT,0.57602,111.0,0.57597,17.0,0.57614,111.0,0.57623,8942.0
1753591927003,04:52:07.003,bitget,A/USDT:USDT,0.57602,111.0,0.57597,17.0,0.57614,111.0,0.57623,8942.0
1753591927153,04:52:07.153,bitget,A/USDT:USDT,0.57602,111.0,0.57597,17.0,0.57614,111.0,0.57623,8942.0
1753591927453,04:52:07.453,bitget,A/USDT:USDT,0.57602,111.0,0.57597,17.0,0.57614,111.0,0.57623,8942.0
1753591927603,04:52:07.603,bitget,A/USDT:USDT,0.57602,111.0,0.57597,17.0,0.57614,111.0,0.57623,8942.0
1753591927753,04:52:07.753,bitget,A/USDT:USDT,0.57602,111.0,0.57597,17.0,0.57614,111.0,0.57623,8942.0
1753591927903,04:52:07.903,bitget,A/USDT:USDT,0.57602,111.0,0.57597,17.0,0.57614,111.0,0.57623,8942.0
1753591928203,04:52:08.203,bitget,A/USDT:USDT,0.57602,111.0,0.57597,17.0,0.57614,111.0,0.57623,8942.0
1753591928353,04:52:08.353,bitget,A/USDT:USDT,0.57602,111.0,0.57597,17.0,0.57614,111.0,0.57623,8942.0
1753591928504,04:52:08.504,bitget,A/USDT:USDT,0.57602,111.0,0.57597,17.0,0.57614,111.0,0.57623,8942.0
1753591928654,04:52:08.654,bitget,A/USDT:USDT,0.57602,111.0,0.57597,17.0,0.57614,111.0,0.57623,8942.0
1753591928804,04:52:08.804,bitget,A/USDT:USDT,0.57602,111.0,0.57597,17.0,0.57614,111.0,0.57623,8942.0
1753591929104,04:52:09.104,bitget,A/USDT:USDT,0.57602,111.0,0.57597,17.0,0.57614,108.0,0.57623,8942.0
1753591929254,04:52:09.254,bitget,A/USDT:USDT,0.57602,111.0,0.57597,17.0,0.57614,108.0,0.57623,8942.0
1753591929404,04:52:09.404,bitget,A/USDT:USDT,0.57602,111.0,0.57597,17.0,0.57614,108.0,0.57623,8942.0
1753591929554,04:52:09.554,bitget,A/USDT:USDT,0.57602,111.0,0.57597,17.0,0.57614,108.0,0.57623,8942.0
1753591929704,04:52:09.704,bitget,A/USDT:USDT,0.57602,111.0,0.57597,17.0,0.57614,108.0,0.57623,8942.0
1753591929854,04:52:09.854,bitget,A/USDT:USDT,0.57602,111.0,0.57597,17.0,0.57614,108.0,0.57623,8942.0
1753591930004,04:52:10.004,bitget,A/USDT:USDT,0.57602,111.0,0.57597,17.0,0.57614,108.0,0.57623,8942.0
1753591930155,04:52:10.155,bitget,A/USDT:USDT,0.57602,111.0,0.57597,17.0,0.57614,108.0,0.57623,8942.0
1753591930305,04:52:10.305,bitget,A/USDT:USDT,0.57602,111.0,0.57597,17.0,0.57614,108.0,0.57623,8942.0
1753591930455,04:52:10.455,bitget,A/USDT:USDT,0.57602,111.0,0.57597,17.0,0.57614,108.0,0.57623,8942.0
1753591930605,04:52:10.605,bitget,A/USDT:USDT,0.57602,111.0,0.57597,17.0,0.57614,108.0,0.57623,8942.0
1753591931055,04:52:11.055,bitget,A/USDT:USDT,0.57602,111.0,0.57597,17.0,0.57614,108.0,0.57623,8942.0
1753591931355,04:52:11.355,bitget,A/USDT:USDT,0.57602,111.0,0.57597,17.0,0.57618,108.0,0.57623,8942.0
1753591931505,04:52:11.505,bitget,A/USDT:USDT,0.57602,111.0,0.57597,17.0,0.57618,108.0,0.57623,8942.0
1753591931656,04:52:11.656,bitget,A/USDT:USDT,0.57602,111.0,0.57597,17.0,0.57618,108.0,0.57623,8942.0
1753591931806,04:52:11.806,bitget,A/USDT:USDT,0.57602,111.0,0.57597,17.0,0.57618,108.0,0.57623,8942.0
1753591931956,04:52:11.956,bitget,A/USDT:USDT,0.57602,111.0,0.57597,17.0,0.57618,108.0,0.57623,8942.0
1753591932106,04:52:12.106,bitget,A/USDT:USDT,0.57602,111.0,0.57597,17.0,0.57618,108.0,0.57623,8942.0
1753591932256,04:52:12.256,bitget,A/USDT:USDT,0.57602,111.0,0.57597,17.0,0.57618,108.0,0.57623,8942.0
1753591932406,04:52:12.406,bitget,A/USDT:USDT,0.57602,111.0,0.57597,17.0,0.57618,108.0,0.57623,8942.0
1753591932556,04:52:12.556,bitget,A/USDT:USDT,0.57602,111.0,0.57597,17.0,0.57618,108.0,0.57623,8942.0
1753591932706,04:52:12.706,bitget,A/USDT:USDT,0.57602,111.0,0.57597,17.0,0.57618,108.0,0.57623,8942.0
1753591932856,04:52:12.856,bitget,A/USDT:USDT,0.57602,111.0,0.57597,17.0,0.57618,108.0,0.57623,8942.0
1753591933006,04:52:13.006,bitget,A/USDT:USDT,0.57602,111.0,0.57597,17.0,0.57618,108.0,0.57623,8942.0
1753591933157,04:52:13.157,bitget,A/USDT:USDT,0.57602,111.0,0.57597,17.0,0.57618,108.0,0.57623,8942.0
1753591933457,04:52:13.457,bitget,A/USDT:USDT,0.57602,111.0,0.57597,17.0,0.57618,108.0,0.57623,8942.0
1753591933757,04:52:13.757,bitget,A/USDT:USDT,0.57602,111.0,0.57597,17.0,0.57618,108.0,0.57623,8942.0
1753591933907,04:52:13.907,bitget,A/USDT:USDT,0.57602,111.0,0.57597,17.0,0.57618,108.0,0.57623,8942.0
1753591934057,04:52:14.057,bitget,A/USDT:USDT,0.57602,111.0,0.57597,17.0,0.57618,108.0,0.57623,8942.0
1753591934207,04:52:14.207,bitget,A/USDT:USDT,0.57602,111.0,0.57597,17.0,0.57618,108.0,0.57623,8942.0
1753591934357,04:52:14.357,bitget,A/USDT:USDT,0.57602,111.0,0.57597,17.0,0.57618,108.0,0.57623,8942.0
1753591934507,04:52:14.507,bitget,A/USDT:USDT,0.57602,111.0,0.57597,17.0,0.57618,108.0,0.57623,8942.0
1753591934657,04:52:14.657,bitget,A/USDT:USDT,0.57602,111.0,0.57597,17.0,0.57618,108.0,0.57623,8942.0
1753591934958,04:52:14.958,bitget,A/USDT:USDT,0.57602,111.0,0.57597,17.0,0.57618,108.0,0.57623,8942.0
1753591935108,04:52:15.108,bitget,A/USDT:USDT,0.57602,111.0,0.57597,17.0,0.57618,108.0,0.57623,8942.0
1753591935258,04:52:15.258,bitget,A/USDT:USDT,0.57602,111.0,0.57597,17.0,0.57618,108.0,0.57623,8942.0
1753591935708,04:52:15.708,bitget,A/USDT:USDT,0.57602,111.0,0.57597,17.0,0.57618,108.0,0.57619,8938.0
1753591935858,04:52:15.858,bitget,A/USDT:USDT,0.57602,111.0,0.57597,17.0,0.57618,108.0,0.57619,8938.0
1753591936008,04:52:16.008,bitget,A/USDT:USDT,0.57609,12.0,0.57602,111.0,0.57618,108.0,0.57619,8938.0
1753591936158,04:52:16.158,bitget,A/USDT:USDT,0.57612,108.0,0.57609,12.0,0.57618,108.0,0.57619,8938.0
1753591936458,04:52:16.458,bitget,A/USDT:USDT,0.57612,108.0,0.57609,12.0,0.57618,108.0,0.57619,8938.0
1753591936609,04:52:16.609,bitget,A/USDT:USDT,0.57612,108.0,0.57609,12.0,0.57618,108.0,0.57619,8938.0
1753591936759,04:52:16.759,bitget,A/USDT:USDT,0.57612,108.0,0.57609,12.0,0.57618,108.0,0.57619,8938.0
1753591936909,04:52:16.909,bitget,A/USDT:USDT,0.57612,108.0,0.57609,12.0,0.57618,108.0,0.57619,8938.0
1753591937059,04:52:17.059,bitget,A/USDT:USDT,0.57612,108.0,0.57609,12.0,0.57618,108.0,0.57619,8938.0
1753591937209,04:52:17.209,bitget,A/USDT:USDT,0.57612,108.0,0.57609,12.0,0.57618,108.0,0.57619,8938.0
1753591937659,04:52:17.659,bitget,A/USDT:USDT,0.57612,108.0,0.57609,12.0,0.57618,108.0,0.57619,8938.0
1753591938110,04:52:18.110,bitget,A/USDT:USDT,0.57612,108.0,0.57609,12.0,0.57618,108.0,0.57619,8938.0
1753591938260,04:52:18.260,bitget,A/USDT:USDT,0.57612,108.0,0.57609,12.0,0.57618,108.0,0.57619,8938.0
1753591938410,04:52:18.410,bitget,A/USDT:USDT,0.57612,108.0,0.57609,12.0,0.57618,108.0,0.57619,8938.0
1753591938710,04:52:18.710,bitget,A/USDT:USDT,0.57612,108.0,0.57609,12.0,0.57618,108.0,0.57619,8938.0
1753591939010,04:52:19.010,bitget,A/USDT:USDT,0.57612,108.0,0.57609,12.0,0.57618,108.0,0.57619,8938.0
1753591939160,04:52:19.160,bitget,A/USDT:USDT,0.57612,108.0,0.57609,12.0,0.57618,108.0,0.57619,8938.0
1753591939310,04:52:19.310,bitget,A/USDT:USDT,0.57612,108.0,0.57609,12.0,0.57618,108.0,0.57619,8938.0
1753591939761,04:52:19.761,bitget,A/USDT:USDT,0.57612,108.0,0.57609,12.0,0.57618,108.0,0.57619,8938.0
1753591939911,04:52:19.911,bitget,A/USDT:USDT,0.57612,108.0,0.57609,12.0,0.57618,108.0,0.57619,8938.0
1753591940061,04:52:20.061,bitget,A/USDT:USDT,0.57612,108.0,0.57609,12.0,0.57618,108.0,0.57619,8938.0
1753591940211,04:52:20.211,bitget,A/USDT:USDT,0.57612,108.0,0.57609,12.0,0.57618,108.0,0.57619,8938.0
1753591940361,04:52:20.361,bitget,A/USDT:USDT,0.57612,108.0,0.57609,12.0,0.57618,108.0,0.57619,8938.0
1753591940511,04:52:20.511,bitget,A/USDT:USDT,0.57612,108.0,0.57609,12.0,0.57618,108.0,0.57619,8938.0
1753591940661,04:52:20.661,bitget,A/USDT:USDT,0.57612,108.0,0.57609,12.0,0.57618,108.0,0.57619,8938.0
1753591940811,04:52:20.811,bitget,A/USDT:USDT,0.57612,108.0,0.57609,12.0,0.57618,108.0,0.57619,8938.0
1753591940961,04:52:20.961,bitget,A/USDT:USDT,0.57612,108.0,0.57609,12.0,0.57618,108.0,0.57619,8938.0
1753591941111,04:52:21.111,bitget,A/USDT:USDT,0.57612,108.0,0.57609,12.0,0.57619,8938.0,0.57627,111.0
1753591941262,04:52:21.262,bitget,A/USDT:USDT,0.57612,108.0,0.57609,12.0,0.57619,8938.0,0.57627,111.0
1753591941412,04:52:21.412,bitget,A/USDT:USDT,0.57612,108.0,0.57609,12.0,0.57619,8938.0,0.57627,111.0
1753591941562,04:52:21.562,bitget,A/USDT:USDT,0.57612,108.0,0.57609,12.0,0.57619,8938.0,0.57627,111.0
1753591941862,04:52:21.862,bitget,A/USDT:USDT,0.57612,108.0,0.57609,12.0,0.57619,8938.0,0.57627,111.0
1753591942012,04:52:22.012,bitget,A/USDT:USDT,0.57612,108.0,0.57609,12.0,0.57619,8938.0,0.57627,111.0
1753591942462,04:52:22.462,bitget,A/USDT:USDT,0.57612,108.0,0.57609,12.0,0.57619,8938.0,0.57627,111.0
1753591942612,04:52:22.612,bitget,A/USDT:USDT,0.57612,108.0,0.57609,12.0,0.57619,8938.0,0.57627,111.0
1753591942762,04:52:22.762,bitget,A/USDT:USDT,0.57612,108.0,0.57609,12.0,0.57619,8938.0,0.57627,111.0
1753591943063,04:52:23.063,bitget,A/USDT:USDT,0.57612,108.0,0.57609,12.0,0.57619,8938.0,0.57627,111.0
1753591943213,04:52:23.213,bitget,A/USDT:USDT,0.57612,108.0,0.57609,12.0,0.57619,8938.0,0.57627,111.0
1753591943585,04:52:23.585,bitget,A/USDT:USDT,0.57612,108.0,0.57609,12.0,0.57619,8938.0,0.57627,111.0
1753591943785,04:52:23.785,bitget,A/USDT:USDT,0.57612,108.0,0.57609,12.0,0.57619,8938.0,0.57627,111.0
1753591943937,04:52:23.937,bitget,A/USDT:USDT,0.57612,108.0,0.57609,12.0,0.57619,8938.0,0.57627,111.0
1753591944113,04:52:24.113,bitget,A/USDT:USDT,0.57612,108.0,0.57609,12.0,0.57619,8938.0,0.57627,111.0
1753591944263,04:52:24.263,bitget,A/USDT:USDT,0.57612,108.0,0.57609,12.0,0.57619,8938.0,0.57627,111.0
1753591944413,04:52:24.413,bitget,A/USDT:USDT,0.57612,108.0,0.57609,12.0,0.57619,8938.0,0.57627,111.0
1753591944714,04:52:24.714,bitget,A/USDT:USDT,0.57612,108.0,0.57609,12.0,0.57619,8938.0,0.57627,111.0
1753591944864,04:52:24.864,bitget,A/USDT:USDT,0.57612,108.0,0.57609,12.0,0.57619,8938.0,0.57627,111.0
1753591945014,04:52:25.014,bitget,A/USDT:USDT,0.57612,108.0,0.57609,12.0,0.57619,8938.0,0.57627,111.0
1753591945164,04:52:25.164,bitget,A/USDT:USDT,0.57612,108.0,0.57609,12.0,0.57618,107.0,0.57619,8938.0
1753591945314,04:52:25.314,bitget,A/USDT:USDT,0.57612,108.0,0.57609,12.0,0.57618,107.0,0.57619,8938.0
1753591945464,04:52:25.464,bitget,A/USDT:USDT,0.57612,108.0,0.57609,12.0,0.57618,107.0,0.57619,8938.0
1753591945614,04:52:25.614,bitget,A/USDT:USDT,0.57612,108.0,0.57609,12.0,0.57618,107.0,0.57619,8938.0
1753591945764,04:52:25.764,bitget,A/USDT:USDT,0.57612,108.0,0.57609,12.0,0.57619,8938.0,0.57627,111.0
1753591946215,04:52:26.215,bitget,A/USDT:USDT,0.57612,108.0,0.57609,12.0,0.57618,107.0,0.57619,8938.0
1753591946365,04:52:26.365,bitget,A/USDT:USDT,0.57612,108.0,0.57609,12.0,0.57619,8938.0,0.57627,111.0
1753591946665,04:52:26.665,bitget,A/USDT:USDT,0.57612,108.0,0.57609,12.0,0.57618,107.0,0.57619,8938.0
1753591946815,04:52:26.815,bitget,A/USDT:USDT,0.57612,108.0,0.57609,12.0,0.57618,107.0,0.57619,8938.0
1753591947115,04:52:27.115,bitget,A/USDT:USDT,0.57612,108.0,0.57609,12.0,0.57618,107.0,0.57619,8938.0
1753591947265,04:52:27.265,bitget,A/USDT:USDT,0.57612,108.0,0.57609,12.0,0.57619,8938.0,0.57627,111.0
1753591947415,04:52:27.415,bitget,A/USDT:USDT,0.57612,108.0,0.57609,12.0,0.57618,107.0,0.57619,8938.0
1753591947565,04:52:27.565,bitget,A/USDT:USDT,0.57612,108.0,0.57609,12.0,0.57618,107.0,0.57619,8938.0
1753591947866,04:52:27.866,bitget,A/USDT:USDT,0.57612,108.0,0.57609,12.0,0.57618,107.0,0.57619,8938.0
1753591948016,04:52:28.016,bitget,A/USDT:USDT,0.57612,108.0,0.57609,12.0,0.57618,107.0,0.57619,8938.0
1753591948166,04:52:28.166,bitget,A/USDT:USDT,0.57612,108.0,0.57609,12.0,0.57618,107.0,0.57619,8938.0
1753591948316,04:52:28.316,bitget,A/USDT:USDT,0.57612,108.0,0.57609,12.0,0.57618,107.0,0.57619,8938.0
1753591948466,04:52:28.466,bitget,A/USDT:USDT,0.57612,108.0,0.57609,12.0,0.57618,107.0,0.57619,8938.0
1753591948616,04:52:28.616,bitget,A/USDT:USDT,0.57612,108.0,0.57609,12.0,0.57618,107.0,0.57619,8938.0
1753591948766,04:52:28.766,bitget,A/USDT:USDT,0.57612,108.0,0.57609,12.0,0.57618,107.0,0.57619,8938.0
1753591949216,04:52:29.216,bitget,A/USDT:USDT,0.57612,108.0,0.57609,12.0,0.57618,107.0,0.57619,8938.0
1753591949367,04:52:29.367,bitget,A/USDT:USDT,0.57612,108.0,0.57609,12.0,0.57618,107.0,0.57619,8938.0
1753591949517,04:52:29.517,bitget,A/USDT:USDT,0.5761,107.0,0.57609,12.0,0.57618,107.0,0.57619,8938.0
1753591949667,04:52:29.667,bitget,A/USDT:USDT,0.5761,107.0,0.57609,12.0,0.57618,107.0,0.57619,8938.0
1753591949967,04:52:29.967,bitget,A/USDT:USDT,0.5761,107.0,0.57609,12.0,0.57618,107.0,0.57619,8938.0
1753591950267,04:52:30.267,bitget,A/USDT:USDT,0.5761,107.0,0.57609,12.0,0.57618,107.0,0.57619,8938.0
1753591950417,04:52:30.417,bitget,A/USDT:USDT,0.5761,107.0,0.57609,12.0,0.57618,107.0,0.57619,8938.0
1753591951168,04:52:31.168,bitget,A/USDT:USDT,0.57609,12.0,0.57605,60.0,0.57618,107.0,0.57619,8938.0
1753591951468,04:52:31.468,bitget,A/USDT:USDT,0.57609,119.0,0.57571,106.0,0.57616,107.0,0.57619,8938.0
1753591951618,04:52:31.618,bitget,A/USDT:USDT,0.57611,107.0,0.57609,12.0,0.57616,107.0,0.57619,8938.0
1753591951768,04:52:31.768,bitget,A/USDT:USDT,0.57609,12.0,0.57571,106.0,0.57616,107.0,0.57619,8938.0
1753591951918,04:52:31.918,bitget,A/USDT:USDT,0.57609,12.0,0.57605,39.0,0.57616,107.0,0.57619,8938.0
1753591952068,04:52:32.068,bitget,A/USDT:USDT,0.57609,12.0,0.57605,39.0,0.57616,107.0,0.57619,8938.0
1753591952218,04:52:32.218,bitget,A/USDT:USDT,0.57612,107.0,0.57609,12.0,0.57619,8938.0,0.57624,60.0
1753591952368,04:52:32.368,bitget,A/USDT:USDT,0.57612,107.0,0.57609,12.0,0.57618,107.0,0.57619,8938.0
1753591952518,04:52:32.518,bitget,A/USDT:USDT,0.57612,107.0,0.57609,12.0,0.57618,107.0,0.57619,8938.0
1753591952669,04:52:32.669,bitget,A/USDT:USDT,0.57612,107.0,0.57609,12.0,0.57618,107.0,0.57619,8938.0
1753591952819,04:52:32.819,bitget,A/USDT:USDT,0.57612,107.0,0.57609,12.0,0.57618,107.0,0.57619,8938.0
1753591952969,04:52:32.969,bitget,A/USDT:USDT,0.57612,107.0,0.57609,12.0,0.57618,107.0,0.57619,8938.0
1753591953269,04:52:33.269,bitget,A/USDT:USDT,0.57612,107.0,0.57609,12.0,0.57618,107.0,0.57621,8935.0
1753591953569,04:52:33.569,bitget,A/USDT:USDT,0.57612,107.0,0.57609,12.0,0.57618,107.0,0.57621,8935.0
1753591953719,04:52:33.719,bitget,A/USDT:USDT,0.57612,107.0,0.57609,12.0,0.57618,107.0,0.57621,8935.0
1753591954019,04:52:34.019,bitget,A/USDT:USDT,0.57612,107.0,0.57609,12.0,0.57618,107.0,0.57621,8935.0
1753591954169,04:52:34.169,bitget,A/USDT:USDT,0.57612,107.0,0.57609,12.0,0.57618,107.0,0.57621,8935.0
1753591954320,04:52:34.320,bitget,A/USDT:USDT,0.57612,107.0,0.57609,12.0,0.57618,107.0,0.57621,8935.0
1753591954470,04:52:34.470,bitget,A/USDT:USDT,0.57612,107.0,0.57609,12.0,0.57618,107.0,0.57621,8935.0
1753591954620,04:52:34.620,bitget,A/USDT:USDT,0.57609,12.0,0.57605,39.0,0.57618,107.0,0.57621,8935.0
1753591954770,04:52:34.770,bitget,A/USDT:USDT,0.57609,119.0,0.57605,39.0,0.57618,107.0,0.57621,8935.0
1753591955070,04:52:35.070,bitget,A/USDT:USDT,0.57612,107.0,0.57609,12.0,0.57618,107.0,0.57621,8935.0
1753591955220,04:52:35.220,bitget,A/USDT:USDT,0.57612,107.0,0.57609,12.0,0.57618,107.0,0.57621,8935.0
1753591955520,04:52:35.520,bitget,A/USDT:USDT,0.5761,107.0,0.57609,12.0,0.57618,107.0,0.57621,8935.0
1753591955670,04:52:35.670,bitget,A/USDT:USDT,0.5761,107.0,0.57609,12.0,0.57618,107.0,0.57621,8935.0
1753591955820,04:52:35.820,bitget,A/USDT:USDT,0.5761,107.0,0.57609,12.0,0.57618,107.0,0.57621,8935.0
1753591956271,04:52:36.271,bitget,A/USDT:USDT,0.5761,107.0,0.57609,12.0,0.57618,107.0,0.57621,8935.0
1753591956421,04:52:36.421,bitget,A/USDT:USDT,0.5761,107.0,0.57609,12.0,0.57618,107.0,0.57621,8935.0
1753591956571,04:52:36.571,bitget,A/USDT:USDT,0.5761,107.0,0.57609,12.0,0.57618,107.0,0.57621,8935.0
1753591956721,04:52:36.721,bitget,A/USDT:USDT,0.5761,107.0,0.57609,12.0,0.57618,107.0,0.57621,8935.0
1753591956871,04:52:36.871,bitget,A/USDT:USDT,0.5761,107.0,0.57609,12.0,0.57618,107.0,0.57621,8935.0
1753591957021,04:52:37.021,bitget,A/USDT:USDT,0.5761,107.0,0.57609,12.0,0.57618,107.0,0.57621,8935.0
1753591957171,04:52:37.171,bitget,A/USDT:USDT,0.5761,107.0,0.57609,12.0,0.57618,107.0,0.57621,8935.0
1753591957321,04:52:37.321,bitget,A/USDT:USDT,0.57609,12.0,0.57605,39.0,0.57618,107.0,0.57621,8935.0
1753591957472,04:52:37.472,bitget,A/USDT:USDT,0.57609,119.0,0.57605,39.0,0.57618,107.0,0.57621,8935.0
1753591957622,04:52:37.622,bitget,A/USDT:USDT,0.5761,107.0,0.57609,12.0,0.57618,107.0,0.57621,8935.0
1753591957772,04:52:37.772,bitget,A/USDT:USDT,0.5761,107.0,0.57609,12.0,0.57618,107.0,0.57621,8935.0
1753591957922,04:52:37.922,bitget,A/USDT:USDT,0.5761,107.0,0.57609,12.0,0.57618,107.0,0.57621,8935.0
1753591958222,04:52:38.222,bitget,A/USDT:USDT,0.57609,12.0,0.57605,39.0,0.57618,107.0,0.57621,8935.0
1753591958372,04:52:38.372,bitget,A/USDT:USDT,0.57609,119.0,0.57605,39.0,0.57618,107.0,0.57621,8935.0
1753591958522,04:52:38.522,bitget,A/USDT:USDT,0.57609,119.0,0.57605,39.0,0.57618,107.0,0.57621,8935.0
1753591958672,04:52:38.672,bitget,A/USDT:USDT,0.57609,12.0,0.57605,39.0,0.57618,107.0,0.57621,8935.0
1753591958822,04:52:38.822,bitget,A/USDT:USDT,0.5761,107.0,0.57609,12.0,0.57614,107.0,0.57621,8935.0
1753591958972,04:52:38.972,bitget,A/USDT:USDT,0.5761,107.0,0.57609,12.0,0.5762,107.0,0.57621,8935.0
1753591959122,04:52:39.122,bitget,A/USDT:USDT,0.5761,107.0,0.57609,12.0,0.5762,107.0,0.57621,8935.0
1753591959273,04:52:39.273,bitget,A/USDT:USDT,0.5761,107.0,0.57609,12.0,0.5762,107.0,0.57621,8935.0
1753591959423,04:52:39.423,bitget,A/USDT:USDT,0.5761,107.0,0.57609,12.0,0.5762,107.0,0.57621,8935.0
1753591959573,04:52:39.573,bitget,A/USDT:USDT,0.5761,107.0,0.57609,12.0,0.5762,107.0,0.57621,8935.0
1753591959723,04:52:39.723,bitget,A/USDT:USDT,0.5761,107.0,0.57609,12.0,0.57621,8935.0,0.57627,111.0
1753591959873,04:52:39.873,bitget,A/USDT:USDT,0.5761,107.0,0.57609,12.0,0.57621,8935.0,0.57627,111.0
1753591960023,04:52:40.023,bitget,A/USDT:USDT,0.5761,107.0,0.57609,12.0,0.57621,8935.0,0.57627,111.0
1753591960173,04:52:40.173,bitget,A/USDT:USDT,0.5761,107.0,0.57609,12.0,0.57621,8935.0,0.57627,111.0
1753591960473,04:52:40.473,bitget,A/USDT:USDT,0.5761,107.0,0.57609,12.0,0.57621,8935.0,0.57627,111.0
1753591960623,04:52:40.623,bitget,A/USDT:USDT,0.5761,107.0,0.57609,12.0,0.5762,107.0,0.57621,8935.0
1753591960774,04:52:40.774,bitget,A/USDT:USDT,0.5761,107.0,0.57609,12.0,0.5762,107.0,0.57621,8935.0
1753591960924,04:52:40.924,bitget,A/USDT:USDT,0.5761,107.0,0.57609,12.0,0.5762,107.0,0.57621,8935.0
1753591961074,04:52:41.074,bitget,A/USDT:USDT,0.5761,107.0,0.57609,12.0,0.5762,107.0,0.57621,8935.0
1753591961224,04:52:41.224,bitget,A/USDT:USDT,0.5761,107.0,0.57609,12.0,0.5762,107.0,0.57621,8935.0
1753591961374,04:52:41.374,bitget,A/USDT:USDT,0.5761,107.0,0.57609,12.0,0.5762,107.0,0.57621,8935.0
1753591961524,04:52:41.524,bitget,A/USDT:USDT,0.5761,107.0,0.57609,12.0,0.5762,107.0,0.57621,8935.0
1753591961674,04:52:41.674,bitget,A/USDT:USDT,0.5761,107.0,0.57609,12.0,0.5762,107.0,0.57621,8935.0
1753591961824,04:52:41.824,bitget,A/USDT:USDT,0.5761,107.0,0.57609,12.0,0.5762,107.0,0.57621,8935.0
1753591961974,04:52:41.974,bitget,A/USDT:USDT,0.5761,107.0,0.57609,12.0,0.5762,107.0,0.57621,8935.0
1753591962124,04:52:42.124,bitget,A/USDT:USDT,0.5761,107.0,0.57609,12.0,0.5762,107.0,0.57621,8935.0
1753591962274,04:52:42.274,bitget,A/USDT:USDT,0.5761,107.0,0.57609,12.0,0.5762,107.0,0.57621,8935.0
1753591962575,04:52:42.575,bitget,A/USDT:USDT,0.5761,107.0,0.57609,12.0,0.5762,107.0,0.57621,8935.0
1753591962725,04:52:42.725,bitget,A/USDT:USDT,0.5761,107.0,0.57609,12.0,0.5762,107.0,0.57621,8935.0
1753591963175,04:52:43.175,bitget,A/USDT:USDT,0.5761,107.0,0.57609,12.0,0.5762,107.0,0.57621,8935.0
1753591963325,04:52:43.325,bitget,A/USDT:USDT,0.5761,107.0,0.57609,12.0,0.5762,107.0,0.57621,8935.0
1753591963475,04:52:43.475,bitget,A/USDT:USDT,0.5761,107.0,0.57609,12.0,0.5762,107.0,0.57621,8935.0
1753591963625,04:52:43.625,bitget,A/USDT:USDT,0.5761,107.0,0.57609,12.0,0.5762,107.0,0.57621,8935.0
1753591963775,04:52:43.775,bitget,A/USDT:USDT,0.5761,107.0,0.57609,12.0,0.5762,107.0,0.57621,8935.0
1753591963925,04:52:43.925,bitget,A/USDT:USDT,0.5761,107.0,0.57609,12.0,0.5762,107.0,0.57621,8935.0
1753591964076,04:52:44.076,bitget,A/USDT:USDT,0.5761,107.0,0.57609,12.0,0.5762,107.0,0.57621,8935.0
1753591964226,04:52:44.226,bitget,A/USDT:USDT,0.5761,107.0,0.57609,12.0,0.5762,107.0,0.57621,8935.0
1753591964376,04:52:44.376,bitget,A/USDT:USDT,0.5761,107.0,0.57609,12.0,0.5762,107.0,0.57621,8935.0
1753591964526,04:52:44.526,bitget,A/USDT:USDT,0.5761,107.0,0.57609,12.0,0.5762,107.0,0.57621,8935.0
1753591964676,04:52:44.676,bitget,A/USDT:USDT,0.5761,107.0,0.57609,12.0,0.5762,107.0,0.57621,8935.0
1753591964826,04:52:44.826,bitget,A/USDT:USDT,0.5761,107.0,0.57609,12.0,0.5762,107.0,0.57621,8935.0
1753591964976,04:52:44.976,bitget,A/USDT:USDT,0.5761,107.0,0.57609,12.0,0.5762,107.0,0.57621,8935.0
1753591965126,04:52:45.126,bitget,A/USDT:USDT,0.5761,107.0,0.57609,12.0,0.5762,107.0,0.57621,8935.0
1753591965276,04:52:45.276,bitget,A/USDT:USDT,0.5761,107.0,0.57609,12.0,0.5762,107.0,0.57621,8935.0
1753591965426,04:52:45.426,bitget,A/USDT:USDT,0.5761,107.0,0.57609,12.0,0.5762,107.0,0.57621,8935.0
1753591965576,04:52:45.576,bitget,A/USDT:USDT,0.5761,107.0,0.57609,12.0,0.5762,107.0,0.57621,8935.0
1753591965727,04:52:45.727,bitget,A/USDT:USDT,0.5761,107.0,0.57609,12.0,0.5762,107.0,0.57621,8935.0
1753591965877,04:52:45.877,bitget,A/USDT:USDT,0.5761,107.0,0.57609,12.0,0.5762,107.0,0.57621,8935.0
1753591966027,04:52:46.027,bitget,A/USDT:USDT,0.5761,107.0,0.57609,12.0,0.5762,107.0,0.57621,8935.0
1753591966477,04:52:46.477,bitget,A/USDT:USDT,0.5761,107.0,0.57609,12.0,0.5762,107.0,0.57621,8935.0
1753591966927,04:52:46.927,bitget,A/USDT:USDT,0.5761,107.0,0.57609,12.0,0.5762,107.0,0.57621,8935.0
1753591967077,04:52:47.077,bitget,A/USDT:USDT,0.5761,107.0,0.57609,12.0,0.5762,107.0,0.57621,8935.0
1753591967227,04:52:47.227,bitget,A/USDT:USDT,0.5761,107.0,0.57609,12.0,0.5762,107.0,0.57622,8933.0
1753591967378,04:52:47.378,bitget,A/USDT:USDT,0.5761,107.0,0.57609,12.0,0.5762,107.0,0.57622,8933.0
1753591967528,04:52:47.528,bitget,A/USDT:USDT,0.5761,107.0,0.57609,12.0,0.5762,107.0,0.57622,8933.0
1753591967678,04:52:47.678,bitget,A/USDT:USDT,0.5761,107.0,0.57609,12.0,0.5762,107.0,0.57622,8933.0
1753591967828,04:52:47.828,bitget,A/USDT:USDT,0.5761,107.0,0.57609,12.0,0.5762,107.0,0.57622,8933.0
1753591967978,04:52:47.978,bitget,A/USDT:USDT,0.5761,107.0,0.57609,12.0,0.5762,107.0,0.57622,8933.0
1753591968128,04:52:48.128,bitget,A/USDT:USDT,0.5761,107.0,0.57609,12.0,0.57622,8933.0,0.57626,60.0
1753591968278,04:52:48.278,bitget,A/USDT:USDT,0.5761,107.0,0.57609,12.0,0.57622,8933.0,0.57626,60.0
1753591968578,04:52:48.578,bitget,A/USDT:USDT,0.5761,107.0,0.57609,12.0,0.57622,8933.0,0.57626,60.0
1753591968728,04:52:48.728,bitget,A/USDT:USDT,0.5761,107.0,0.57609,12.0,0.57622,8933.0,0.57626,60.0
1753591968879,04:52:48.879,bitget,A/USDT:USDT,0.5761,107.0,0.57609,12.0,0.57622,8933.0,0.57626,60.0
1753591969029,04:52:49.029,bitget,A/USDT:USDT,0.5761,107.0,0.57609,12.0,0.57622,8933.0,0.57626,60.0
1753591969179,04:52:49.179,bitget,A/USDT:USDT,0.5761,107.0,0.57609,12.0,0.57622,8933.0,0.57626,60.0
1753591969329,04:52:49.329,bitget,A/USDT:USDT,0.5761,107.0,0.57609,12.0,0.57622,8933.0,0.57626,60.0
1753591969479,04:52:49.479,bitget,A/USDT:USDT,0.5761,107.0,0.57609,12.0,0.57622,8933.0,0.57626,60.0
1753591969629,04:52:49.629,bitget,A/USDT:USDT,0.5761,107.0,0.57609,12.0,0.57622,8933.0,0.57626,60.0
1753591969779,04:52:49.779,bitget,A/USDT:USDT,0.5761,107.0,0.57609,12.0,0.57621,108.0,0.57622,8933.0
1753591970229,04:52:50.229,bitget,A/USDT:USDT,0.5761,107.0,0.57609,12.0,0.57621,108.0,0.57622,8933.0
1753591970379,04:52:50.379,bitget,A/USDT:USDT,0.5761,107.0,0.57609,12.0,0.57621,108.0,0.57622,8933.0
1753591970530,04:52:50.530,bitget,A/USDT:USDT,0.5761,107.0,0.57609,12.0,0.57621,108.0,0.57622,8933.0
1753591970680,04:52:50.680,bitget,A/USDT:USDT,0.5761,107.0,0.57609,12.0,0.57621,108.0,0.57622,8933.0
1753591970980,04:52:50.980,bitget,A/USDT:USDT,0.5761,107.0,0.57609,12.0,0.57621,108.0,0.57622,8933.0
1753591971130,04:52:51.130,bitget,A/USDT:USDT,0.5761,107.0,0.57609,12.0,0.57621,108.0,0.57622,8933.0
1753591971280,04:52:51.280,bitget,A/USDT:USDT,0.5761,107.0,0.57609,12.0,0.57622,8933.0,0.57627,111.0
1753591971430,04:52:51.430,bitget,A/USDT:USDT,0.5761,107.0,0.57609,12.0,0.57621,108.0,0.57622,8933.0
1753591971580,04:52:51.580,bitget,A/USDT:USDT,0.5761,107.0,0.57609,12.0,0.57621,108.0,0.57622,8933.0
1753591971730,04:52:51.730,bitget,A/USDT:USDT,0.5761,107.0,0.57609,12.0,0.57621,108.0,0.57622,8933.0
1753591971880,04:52:51.880,bitget,A/USDT:USDT,0.5761,107.0,0.57609,12.0,0.57621,108.0,0.57622,8933.0
1753591972031,04:52:52.031,bitget,A/USDT:USDT,0.5761,107.0,0.57609,12.0,0.57621,108.0,0.57622,8933.0
1753591972181,04:52:52.181,bitget,A/USDT:USDT,0.5761,107.0,0.57609,12.0,0.57622,8933.0,0.57627,111.0
