timestamp,time,symbol,bid1_price,bid1_volume,bid2_price,bid2_volume,ask1_price,ask1_volume,ask2_price,ask2_volume
1753546954604,16:22:34.604,AAVE/USDT:USDT,294.95,84.3,294.94,134.6,294.96,7.2,294.98,27.7
1753546954704,16:22:34.704,AAVE/USDT:USDT,294.95,84.3,294.94,88.2,294.96,7.2,294.98,27.7
1753546954804,16:22:34.804,AAVE/USDT:USDT,294.95,84.3,294.94,88.2,294.96,32.4,294.98,49.6
1753546954904,16:22:34.904,AAVE/USDT:USDT,294.95,84.3,294.94,88.2,294.96,32.4,294.98,49.9
1753546955004,16:22:35.004,AAVE/USDT:USDT,294.95,84.3,294.94,88.2,294.96,40.8,294.98,49.9
1753546955104,16:22:35.104,AAVE/USDT:USDT,294.95,84.3,294.94,88.2,294.96,24.3,294.97,21.9
1753546955404,16:22:35.404,AAVE/USDT:USDT,294.95,134.6,294.94,56.6,294.96,8.4,294.98,49.9
1753546955504,16:22:35.504,AAVE/USDT:USDT,294.95,134.6,294.94,56.6,294.96,8.4,294.98,49.9
1753546955704,16:22:35.704,AAVE/USDT:USDT,294.95,304.8,294.94,146.0,294.96,8.4,294.98,0.5
1753546955804,16:22:35.804,AAVE/USDT:USDT,294.95,176.4,294.94,146.0,294.96,8.4,294.98,0.5
1753546956004,16:22:36.004,AAVE/USDT:USDT,294.95,185.8,294.94,146.0,294.96,8.4,294.98,0.5
1753546956304,16:22:36.304,AAVE/USDT:USDT,294.95,185.8,294.94,110.3,294.96,8.4,294.98,0.5
1753546956804,16:22:36.804,AAVE/USDT:USDT,294.95,134.6,294.94,88.8,294.96,33.6,294.98,28.0
1753546957104,16:22:37.104,AAVE/USDT:USDT,294.95,185.8,294.94,136.7,294.96,1.7,294.98,0.5
1753546957404,16:22:37.404,AAVE/USDT:USDT,294.95,304.8,294.94,137.4,294.96,1.7,294.98,0.5
1753546957504,16:22:37.504,AAVE/USDT:USDT,294.95,206.2,294.94,137.4,294.96,1.7,294.98,0.5
1753546957604,16:22:37.604,AAVE/USDT:USDT,294.95,304.8,294.94,137.4,294.96,1.7,294.98,0.5
1753546958004,16:22:38.004,AAVE/USDT:USDT,294.95,188.3,294.94,137.4,294.96,1.7,294.98,0.5
1753546958104,16:22:38.104,AAVE/USDT:USDT,294.95,188.3,294.94,137.4,294.96,1.7,294.98,0.5
1753546958204,16:22:38.204,AAVE/USDT:USDT,294.95,199.9,294.94,137.4,294.96,1.7,294.98,0.5
1753546958404,16:22:38.404,AAVE/USDT:USDT,294.95,217.1,294.94,137.4,294.96,1.7,294.98,0.5
1753546958604,16:22:38.604,AAVE/USDT:USDT,294.95,217.1,294.94,137.4,294.96,1.7,294.98,0.5
1753546958704,16:22:38.704,AAVE/USDT:USDT,294.95,217.1,294.94,137.4,294.96,1.7,294.98,0.5
1753546958804,16:22:38.804,AAVE/USDT:USDT,294.95,199.9,294.94,137.4,294.96,1.7,294.98,0.5
1753546959204,16:22:39.204,AAVE/USDT:USDT,294.95,81.8,294.94,27.9,294.96,68.4,294.98,28.0
1753546959304,16:22:39.304,AAVE/USDT:USDT,294.95,81.8,294.94,63.6,294.96,68.4,294.98,28.0
1753546959404,16:22:39.404,AAVE/USDT:USDT,294.95,113.6,294.94,69.5,294.96,100.0,294.98,28.0
1753546959504,16:22:39.504,AAVE/USDT:USDT,294.95,113.8,294.94,69.5,294.96,100.0,294.98,28.0
1753546959904,16:22:39.904,AAVE/USDT:USDT,294.95,84.0,294.94,27.9,294.96,100.0,294.98,28.0
1753546960004,16:22:40.004,AAVE/USDT:USDT,294.97,55.9,294.96,132.6,294.98,25.3,294.99,0.2
1753546960104,16:22:40.104,AAVE/USDT:USDT,294.97,34.5,294.96,27.6,294.98,52.8,294.99,0.2
1753546960204,16:22:40.204,AAVE/USDT:USDT,294.97,76.5,294.96,52.8,294.98,52.8,294.99,0.2
1753546960404,16:22:40.404,AAVE/USDT:USDT,294.97,55.8,294.96,0.1,294.98,127.9,294.99,22.1
1753546960704,16:22:40.704,AAVE/USDT:USDT,294.95,16.5,294.94,0.4,294.96,190.6,294.97,97.0
1753546960804,16:22:40.804,AAVE/USDT:USDT,294.95,16.5,294.94,0.4,294.96,194.0,294.97,76.3
1753546961404,16:22:41.404,AAVE/USDT:USDT,294.97,33.3,294.96,52.8,294.98,36.9,294.99,0.4
1753546961504,16:22:41.504,AAVE/USDT:USDT,294.97,33.3,294.96,52.8,294.98,36.9,294.99,0.4
1753546961604,16:22:41.604,AAVE/USDT:USDT,294.97,33.3,294.96,52.8,294.98,36.9,294.99,0.4
1753546961804,16:22:41.804,AAVE/USDT:USDT,294.97,33.3,294.96,52.8,294.98,36.9,294.99,0.4
1753546961904,16:22:41.904,AAVE/USDT:USDT,294.97,33.3,294.96,52.8,294.98,36.9,294.99,0.4
1753546962304,16:22:42.304,AAVE/USDT:USDT,294.96,52.9,294.95,41.5,294.97,25.4,294.98,28.9
1753546962404,16:22:42.404,AAVE/USDT:USDT,294.96,69.0,294.95,25.2,294.97,25.4,294.98,28.9
1753546962904,16:22:42.904,AAVE/USDT:USDT,294.96,43.8,294.95,25.2,294.97,43.1,294.98,28.9
1753546963104,16:22:43.104,AAVE/USDT:USDT,294.96,43.8,294.95,25.2,294.97,43.1,294.98,28.9
1753546963504,16:22:43.504,AAVE/USDT:USDT,294.96,56.5,294.95,25.2,294.97,44.8,294.98,27.6
1753546963604,16:22:43.604,AAVE/USDT:USDT,294.96,56.3,294.95,25.2,294.97,157.2,294.98,49.5
1753546963704,16:22:43.704,AAVE/USDT:USDT,294.96,56.3,294.95,25.2,294.97,58.6,294.98,49.5
1753546963804,16:22:43.804,AAVE/USDT:USDT,294.96,56.3,294.95,25.2,294.97,40.9,294.98,27.6
1753546963904,16:22:43.904,AAVE/USDT:USDT,294.96,56.3,294.95,25.2,294.97,40.9,294.98,27.6
1753546964004,16:22:44.004,AAVE/USDT:USDT,294.96,56.3,294.95,25.2,294.97,40.9,294.98,27.6
1753546964204,16:22:44.204,AAVE/USDT:USDT,294.96,56.3,294.95,25.2,294.97,58.1,294.98,27.6
1753546964504,16:22:44.504,AAVE/USDT:USDT,294.96,86.1,294.95,66.1,294.97,12.6,294.98,0.1
1753546964704,16:22:44.704,AAVE/USDT:USDT,294.96,86.1,294.95,66.1,294.97,12.6,294.98,0.1
1753546964804,16:22:44.804,AAVE/USDT:USDT,294.96,56.3,294.95,25.3,294.97,12.6,294.98,27.6
1753546965004,16:22:45.004,AAVE/USDT:USDT,294.96,56.3,294.95,81.7,294.97,12.6,294.98,27.6
1753546965404,16:22:45.404,AAVE/USDT:USDT,294.96,56.2,294.95,102.5,294.97,12.6,294.98,0.1
1753546965504,16:22:45.504,AAVE/USDT:USDT,294.96,56.2,294.95,102.5,294.97,12.6,294.98,0.1
1753546965604,16:22:45.604,AAVE/USDT:USDT,294.96,56.2,294.95,102.5,294.97,12.6,294.98,0.1
1753546965704,16:22:45.704,AAVE/USDT:USDT,294.96,56.2,294.95,102.5,294.97,12.6,294.98,0.1
1753546965904,16:22:45.904,AAVE/USDT:USDT,294.96,56.2,294.95,102.5,294.97,12.6,294.98,0.1
1753546966404,16:22:46.404,AAVE/USDT:USDT,294.96,56.2,294.95,34.9,294.97,12.6,294.98,0.1
1753546966704,16:22:46.704,AAVE/USDT:USDT,294.96,86.0,294.95,74.4,294.97,12.6,294.98,27.6
1753546967204,16:22:47.204,AAVE/USDT:USDT,294.96,86.0,294.95,124.0,294.97,12.6,294.98,0.1
1753546967504,16:22:47.504,AAVE/USDT:USDT,294.96,56.2,294.95,34.9,294.97,12.6,294.98,0.1
1753546967604,16:22:47.604,AAVE/USDT:USDT,294.96,56.2,294.95,56.7,294.97,12.6,294.98,0.1
1753546967704,16:22:47.704,AAVE/USDT:USDT,294.96,56.2,294.95,77.5,294.97,12.6,294.98,27.6
1753546967804,16:22:47.804,AAVE/USDT:USDT,294.96,56.2,294.95,77.5,294.97,12.6,294.98,27.6
1753546967904,16:22:47.904,AAVE/USDT:USDT,294.96,56.2,294.95,77.5,294.97,12.6,294.98,27.6
1753546968004,16:22:48.004,AAVE/USDT:USDT,294.96,56.2,294.95,77.5,294.97,12.6,294.98,27.6
1753546968104,16:22:48.104,AAVE/USDT:USDT,294.96,56.2,294.95,77.5,294.97,12.6,294.98,27.6
1753546968304,16:22:48.304,AAVE/USDT:USDT,294.96,55.8,294.95,46.1,294.97,12.6,294.98,27.6
1753546968404,16:22:48.404,AAVE/USDT:USDT,294.96,63.9,294.95,46.1,294.97,12.6,294.98,27.6
1753546968504,16:22:48.504,AAVE/USDT:USDT,294.96,63.9,294.95,109.4,294.97,12.6,294.98,27.6
1753546968804,16:22:48.804,AAVE/USDT:USDT,294.98,93.9,294.97,52.2,294.99,15.8,295.0,173.9
1753546968904,16:22:48.904,AAVE/USDT:USDT,294.98,137.3,294.97,107.8,294.99,17.9,295.0,173.9
1753546969104,16:22:49.104,AAVE/USDT:USDT,294.98,86.9,294.97,126.1,294.99,17.9,295.0,173.8
1753546969504,16:22:49.504,AAVE/USDT:USDT,294.98,116.7,294.97,115.7,294.99,17.9,295.0,173.8
1753546969604,16:22:49.604,AAVE/USDT:USDT,294.98,116.7,294.97,115.7,294.99,17.9,295.0,173.8
1753546969804,16:22:49.804,AAVE/USDT:USDT,294.98,116.7,294.97,136.3,294.99,17.9,295.0,173.8
1753546969904,16:22:49.904,AAVE/USDT:USDT,294.98,86.9,294.97,115.7,294.99,25.8,295.0,173.8
1753546970304,16:22:50.304,AAVE/USDT:USDT,294.98,27.7,294.97,48.7,294.99,126.1,295.0,195.7
1753546970404,16:22:50.404,AAVE/USDT:USDT,294.98,81.2,294.97,48.7,294.99,134.0,295.0,173.9
1753546970704,16:22:50.704,AAVE/USDT:USDT,294.98,81.4,294.97,25.2,294.99,43.6,295.0,173.9
1753546970804,16:22:50.804,AAVE/USDT:USDT,294.98,81.4,294.97,25.2,294.99,43.0,295.0,173.9
1753546970904,16:22:50.904,AAVE/USDT:USDT,294.99,25.4,294.98,81.9,295.0,177.2,295.01,0.1
1753546971004,16:22:51.004,AAVE/USDT:USDT,294.98,81.2,294.97,35.4,294.99,25.8,295.0,336.7
1753546971104,16:22:51.104,AAVE/USDT:USDT,294.98,81.4,294.97,35.4,294.99,153.4,295.0,216.3
1753546971404,16:22:51.404,AAVE/USDT:USDT,294.98,98.6,294.97,35.4,294.99,54.5,295.0,190.3
1753546971504,16:22:51.504,AAVE/USDT:USDT,294.98,98.6,294.97,35.4,294.99,54.5,295.0,190.3
1753546971604,16:22:51.604,AAVE/USDT:USDT,294.98,98.6,294.97,35.4,294.99,54.5,295.0,190.3
1753546971704,16:22:51.704,AAVE/USDT:USDT,294.98,98.6,294.97,35.4,294.99,54.5,295.0,168.4
1753546971804,16:22:51.804,AAVE/USDT:USDT,294.98,98.6,294.97,35.4,294.99,54.5,295.0,168.4
1753546971904,16:22:51.904,AAVE/USDT:USDT,294.98,98.6,294.97,35.4,294.99,58.3,295.0,168.4
1753546972004,16:22:52.004,AAVE/USDT:USDT,294.98,98.6,294.97,35.4,294.99,58.3,295.0,168.4
1753546972204,16:22:52.204,AAVE/USDT:USDT,294.98,98.6,294.97,35.4,294.99,22.7,295.0,190.3
1753546972304,16:22:52.304,AAVE/USDT:USDT,294.98,98.6,294.97,35.4,294.99,22.7,295.0,190.3
1753546972404,16:22:52.404,AAVE/USDT:USDT,294.98,98.6,294.97,35.4,294.99,4.4,295.0,168.4
1753546972604,16:22:52.604,AAVE/USDT:USDT,294.98,98.6,294.97,35.4,294.99,7.2,295.0,168.4
1753546972904,16:22:52.904,AAVE/USDT:USDT,294.98,98.6,294.97,35.4,294.99,34.6,295.0,190.3
1753546973004,16:22:53.004,AAVE/USDT:USDT,294.98,98.6,294.97,35.4,294.99,9.6,295.0,190.3
1753546973304,16:22:53.304,AAVE/USDT:USDT,294.98,144.3,294.97,35.4,294.99,19.7,295.0,210.7
1753546973504,16:22:53.504,AAVE/USDT:USDT,294.98,144.3,294.97,35.4,294.99,4.0,295.0,190.3
1753546973604,16:22:53.604,AAVE/USDT:USDT,294.98,144.3,294.97,35.4,294.99,4.0,295.0,190.3
1753546974004,16:22:54.004,AAVE/USDT:USDT,294.98,144.3,294.97,25.2,294.99,19.9,295.0,210.7
1753546974204,16:22:54.204,AAVE/USDT:USDT,294.98,144.3,294.97,25.2,294.99,4.4,295.0,168.4
1753546974304,16:22:54.304,AAVE/USDT:USDT,294.98,144.3,294.97,25.2,294.99,4.4,295.0,190.3
1753546974904,16:22:54.904,AAVE/USDT:USDT,294.98,144.3,294.97,25.2,294.99,4.4,295.0,168.4
1753546975004,16:22:55.004,AAVE/USDT:USDT,294.98,144.3,294.97,25.2,294.99,4.4,295.0,190.3
1753546975104,16:22:55.104,AAVE/USDT:USDT,294.98,144.3,294.97,25.2,294.99,4.4,295.0,168.4
1753546975204,16:22:55.204,AAVE/USDT:USDT,294.99,28.3,294.98,144.1,295.0,177.6,295.02,22.6
1753546975304,16:22:55.304,AAVE/USDT:USDT,294.99,28.3,294.98,144.1,295.0,194.5,295.01,21.9
1753546975404,16:22:55.404,AAVE/USDT:USDT,294.99,39.5,294.98,144.1,295.0,194.5,295.01,21.9
1753546975504,16:22:55.504,AAVE/USDT:USDT,294.99,39.5,294.98,144.1,295.0,178.6,295.01,21.9
1753546975604,16:22:55.604,AAVE/USDT:USDT,294.99,39.5,294.98,144.8,295.0,178.6,295.02,0.7
1753546975704,16:22:55.704,AAVE/USDT:USDT,294.99,39.5,294.98,144.1,295.0,178.6,295.02,22.6
1753546976004,16:22:56.004,AAVE/USDT:USDT,294.99,39.5,294.98,144.1,295.0,172.3,295.01,21.9
1753546976504,16:22:56.504,AAVE/USDT:USDT,294.99,39.5,294.98,144.1,295.0,180.2,295.02,0.7
1753546976704,16:22:56.704,AAVE/USDT:USDT,294.99,36.6,294.98,144.1,295.0,294.7,295.01,41.6
1753546976804,16:22:56.804,AAVE/USDT:USDT,294.99,36.6,294.98,144.1,295.0,196.1,295.01,41.6
1753546976904,16:22:56.904,AAVE/USDT:USDT,294.99,36.6,294.98,144.1,295.0,196.1,295.01,41.6
1753546977104,16:22:57.104,AAVE/USDT:USDT,294.99,66.4,294.98,196.7,295.0,180.2,295.02,0.7
1753546977204,16:22:57.204,AAVE/USDT:USDT,294.99,36.6,294.98,144.1,295.0,180.2,295.02,0.7
1753546977304,16:22:57.304,AAVE/USDT:USDT,294.99,66.4,294.98,196.7,295.0,180.5,295.02,0.7
1753546977404,16:22:57.404,AAVE/USDT:USDT,294.99,59.1,294.98,144.1,295.0,180.5,295.02,0.7
1753546977504,16:22:57.504,AAVE/USDT:USDT,294.99,59.1,294.98,144.1,295.0,180.5,295.02,0.7
1753546977604,16:22:57.604,AAVE/USDT:USDT,294.99,59.1,294.98,144.1,295.0,180.5,295.02,0.7
1753546977704,16:22:57.704,AAVE/USDT:USDT,294.99,59.1,294.98,144.1,295.0,180.5,295.02,0.7
1753546977804,16:22:57.804,AAVE/USDT:USDT,294.99,108.6,294.98,200.6,295.0,180.5,295.02,0.7
1753546978004,16:22:58.004,AAVE/USDT:USDT,295.02,187.0,295.01,91.4,295.03,7.1,295.04,10.4
1753546978304,16:22:58.304,AAVE/USDT:USDT,295.02,156.5,295.01,92.6,295.03,15.6,295.04,10.1
1753546978404,16:22:58.404,AAVE/USDT:USDT,295.02,156.5,295.01,57.9,295.03,15.6,295.04,10.1
1753546978604,16:22:58.604,AAVE/USDT:USDT,295.03,74.6,295.02,77.7,295.04,10.2,295.05,267.1
1753546978704,16:22:58.704,AAVE/USDT:USDT,295.03,74.8,295.02,77.7,295.04,12.0,295.05,266.8
1753546978804,16:22:58.804,AAVE/USDT:USDT,295.03,74.8,295.02,77.7,295.04,13.8,295.05,266.8
1753546978904,16:22:58.904,AAVE/USDT:USDT,295.03,45.0,295.02,27.5,295.04,32.9,295.05,266.8
1753546979504,16:22:59.504,AAVE/USDT:USDT,295.03,53.4,295.02,27.5,295.04,50.6,295.05,266.8
1753546979704,16:22:59.704,AAVE/USDT:USDT,295.03,28.2,295.02,27.5,295.04,58.0,295.05,266.8
1753546979804,16:22:59.804,AAVE/USDT:USDT,295.03,28.2,295.02,27.5,295.04,77.0,295.05,266.8
1753546980004,16:23:00.004,AAVE/USDT:USDT,295.03,28.2,295.02,27.5,295.04,90.3,295.05,266.8
1753546980304,16:23:00.304,AAVE/USDT:USDT,295.04,111.6,295.03,60.0,295.05,283.4,295.06,0.1
1753546980404,16:23:00.404,AAVE/USDT:USDT,295.04,105.4,295.03,49.8,295.05,322.9,295.06,30.5
1753546980604,16:23:00.604,AAVE/USDT:USDT,295.04,105.7,295.03,49.8,295.05,339.2,295.06,0.1
1753546980904,16:23:00.904,AAVE/USDT:USDT,295.04,105.7,295.03,49.8,295.05,433.4,295.06,30.8
1753546981004,16:23:01.004,AAVE/USDT:USDT,295.04,105.7,295.03,49.8,295.05,449.8,295.06,0.4
1753546981604,16:23:01.604,AAVE/USDT:USDT,295.04,105.7,295.03,49.8,295.05,473.5,295.06,51.1
1753546981704,16:23:01.704,AAVE/USDT:USDT,295.04,105.7,295.03,49.8,295.05,374.9,295.06,30.8
1753546981804,16:23:01.804,AAVE/USDT:USDT,295.04,105.7,295.03,49.8,295.05,358.0,295.06,30.8
1753546981904,16:23:01.904,AAVE/USDT:USDT,295.04,105.7,295.03,49.8,295.05,358.0,295.06,30.8
1753546982404,16:23:02.404,AAVE/USDT:USDT,294.9,53.1,294.89,26.9,294.93,24.9,294.94,179.3
1753546982604,16:23:02.604,AAVE/USDT:USDT,294.92,43.2,294.91,51.8,294.93,45.4,294.94,154.6
1753546982804,16:23:02.804,AAVE/USDT:USDT,294.92,43.2,294.91,51.9,294.93,52.6,294.94,154.6
1753546982904,16:23:02.904,AAVE/USDT:USDT,294.92,43.2,294.91,51.9,294.93,7.4,294.94,19.6
1753546983204,16:23:03.204,AAVE/USDT:USDT,294.93,67.8,294.92,64.4,294.94,0.1,294.95,0.3
1753546983504,16:23:03.504,AAVE/USDT:USDT,294.93,73.6,294.92,74.0,294.94,2.8,294.95,0.3
1753546984104,16:23:04.104,AAVE/USDT:USDT,294.93,6.0,294.91,0.4,294.94,180.1,294.96,34.5
1753546984404,16:23:04.404,AAVE/USDT:USDT,294.93,7.4,294.91,0.4,294.94,190.3,294.95,20.0
1753546984604,16:23:04.604,AAVE/USDT:USDT,294.93,7.4,294.92,28.9,294.94,61.4,294.96,68.5
1753546984704,16:23:04.704,AAVE/USDT:USDT,294.93,7.4,294.92,28.9,294.94,61.4,294.96,68.4
1753546984804,16:23:04.804,AAVE/USDT:USDT,294.93,7.4,294.92,28.9,294.94,81.7,294.96,97.3
1753546984904,16:23:04.904,AAVE/USDT:USDT,294.93,7.4,294.92,28.9,294.94,158.2,294.96,97.3
1753546985304,16:23:05.304,AAVE/USDT:USDT,294.93,10.8,294.92,28.9,294.94,81.9,294.96,68.4
1753546985404,16:23:05.404,AAVE/USDT:USDT,294.93,5.3,294.92,28.9,294.94,180.3,294.96,68.5
1753546985904,16:23:05.904,AAVE/USDT:USDT,294.93,10.7,294.92,28.9,294.94,59.0,294.96,68.5
1753546986004,16:23:06.004,AAVE/USDT:USDT,294.93,10.7,294.92,28.9,294.94,59.0,294.96,68.5
1753546986104,16:23:06.104,AAVE/USDT:USDT,294.93,108.6,294.92,87.6,294.94,23.6,294.96,68.5
1753546986504,16:23:06.504,AAVE/USDT:USDT,294.95,281.5,294.94,242.8,294.96,57.9,294.98,0.4
1753546986604,16:23:06.604,AAVE/USDT:USDT,294.95,281.5,294.94,242.8,294.96,57.9,294.98,0.4
1753546986804,16:23:06.804,AAVE/USDT:USDT,294.97,197.1,294.96,188.5,294.98,0.1,294.99,0.5
1753546986904,16:23:06.904,AAVE/USDT:USDT,294.98,315.1,294.97,102.8,295.0,0.4,295.01,86.8
1753546987004,16:23:07.004,AAVE/USDT:USDT,294.99,119.2,294.98,145.7,295.0,19.5,295.01,86.4
1753546987104,16:23:07.104,AAVE/USDT:USDT,294.99,94.0,294.98,119.8,295.0,45.1,295.01,86.4
1753546987304,16:23:07.304,AAVE/USDT:USDT,294.99,60.4,294.98,108.8,295.0,19.8,295.01,86.4
1753546987404,16:23:07.404,AAVE/USDT:USDT,294.99,32.8,294.98,67.6,295.0,19.8,295.01,86.4
1753546987504,16:23:07.504,AAVE/USDT:USDT,294.99,60.4,294.98,108.8,295.0,19.8,295.01,86.4
1753546987704,16:23:07.704,AAVE/USDT:USDT,294.99,86.8,294.98,129.4,295.0,19.8,295.01,86.4
1753546987804,16:23:07.804,AAVE/USDT:USDT,294.99,204.3,294.98,139.0,295.0,0.4,295.01,86.4
1753546987904,16:23:07.904,AAVE/USDT:USDT,294.99,204.3,294.98,139.0,295.0,0.4,295.01,86.4
1753546988304,16:23:08.304,AAVE/USDT:USDT,294.99,87.9,294.98,139.8,295.0,0.4,295.01,86.4
1753546988404,16:23:08.404,AAVE/USDT:USDT,294.99,87.9,294.98,139.8,295.0,0.4,295.01,86.4
1753546988604,16:23:08.604,AAVE/USDT:USDT,294.99,186.4,294.98,139.8,295.0,0.4,295.01,86.4
1753546988704,16:23:08.704,AAVE/USDT:USDT,294.99,203.8,294.98,139.8,295.0,0.4,295.01,86.4
1753546988804,16:23:08.804,AAVE/USDT:USDT,294.99,204.0,294.98,139.8,295.0,0.4,295.01,86.4
1753546988904,16:23:08.904,AAVE/USDT:USDT,294.99,204.0,294.98,139.8,295.0,0.4,295.01,86.4
1753546989104,16:23:09.104,AAVE/USDT:USDT,294.99,183.2,294.98,119.2,295.0,0.4,295.01,86.4
1753546989504,16:23:09.504,AAVE/USDT:USDT,294.99,70.4,294.98,77.3,295.0,0.4,295.01,86.4
1753546989804,16:23:09.804,AAVE/USDT:USDT,294.99,70.7,294.98,77.3,295.0,0.4,295.01,86.4
1753546989904,16:23:09.904,AAVE/USDT:USDT,294.99,98.3,294.98,118.5,295.0,0.4,295.01,86.4
1753546990104,16:23:10.104,AAVE/USDT:USDT,294.99,235.2,294.98,139.8,295.0,1.8,295.01,86.4
1753546990604,16:23:10.604,AAVE/USDT:USDT,294.99,234.9,294.98,139.8,295.0,1.8,295.01,86.4
1753546990804,16:23:10.804,AAVE/USDT:USDT,294.99,234.9,294.98,139.8,295.0,1.8,295.01,86.4
1753546990904,16:23:10.904,AAVE/USDT:USDT,294.99,136.5,294.98,139.8,295.0,1.8,295.01,86.4
1753546991004,16:23:11.004,AAVE/USDT:USDT,295.04,278.8,295.03,104.1,295.05,371.0,295.06,8.7
1753546991604,16:23:11.604,AAVE/USDT:USDT,295.04,168.2,295.03,99.1,295.05,371.2,295.06,8.7
1753546992104,16:23:12.104,AAVE/USDT:USDT,295.04,150.9,295.03,63.9,295.05,374.7,295.06,0.4
1753546992404,16:23:12.404,AAVE/USDT:USDT,295.04,131.4,295.03,63.9,295.05,267.1,295.06,0.4
1753546992504,16:23:12.504,AAVE/USDT:USDT,295.04,156.9,295.03,63.9,295.05,267.1,295.06,0.4
1753546992704,16:23:12.704,AAVE/USDT:USDT,295.04,156.9,295.03,63.9,295.05,267.1,295.06,0.4
1753546992804,16:23:12.804,AAVE/USDT:USDT,295.04,156.9,295.03,63.9,295.05,267.1,295.06,0.4
1753546993504,16:23:13.504,AAVE/USDT:USDT,295.04,156.9,295.03,120.2,295.05,267.1,295.06,0.4
1753546993604,16:23:13.604,AAVE/USDT:USDT,295.04,156.9,295.03,85.0,295.05,267.1,295.06,0.4
1753546993704,16:23:13.704,AAVE/USDT:USDT,295.04,157.1,295.03,120.2,295.05,267.1,295.06,0.4
1753546993804,16:23:13.804,AAVE/USDT:USDT,295.04,197.8,295.03,120.2,295.05,267.1,295.06,0.4
1753546994104,16:23:14.104,AAVE/USDT:USDT,295.04,182.6,295.03,85.1,295.05,267.1,295.06,0.4
1753546994504,16:23:14.504,AAVE/USDT:USDT,295.04,248.4,295.03,145.8,295.05,267.1,295.06,0.4
1753546994604,16:23:14.604,AAVE/USDT:USDT,295.06,315.5,295.05,284.2,295.07,0.2,295.08,0.8
1753546994704,16:23:14.704,AAVE/USDT:USDT,295.07,161.8,295.06,152.6,295.08,0.3,295.09,0.3
1753546994804,16:23:14.804,AAVE/USDT:USDT,295.07,294.2,295.06,194.9,295.08,0.3,295.09,0.3
1753546994904,16:23:14.904,AAVE/USDT:USDT,295.07,265.7,295.06,189.8,295.08,0.3,295.09,0.3
1753546995004,16:23:15.004,AAVE/USDT:USDT,295.07,293.3,295.06,201.2,295.08,1.5,295.09,0.3
1753546995104,16:23:15.104,AAVE/USDT:USDT,295.07,293.3,295.06,201.2,295.08,1.5,295.09,0.3
1753546995304,16:23:15.304,AAVE/USDT:USDT,295.07,293.3,295.06,201.2,295.08,1.7,295.09,0.3
1753546995404,16:23:15.404,AAVE/USDT:USDT,295.07,334.8,295.06,155.1,295.08,1.7,295.09,0.3
1753546995604,16:23:15.604,AAVE/USDT:USDT,295.07,362.4,295.06,203.1,295.08,1.7,295.09,0.3
1753546995704,16:23:15.704,AAVE/USDT:USDT,295.07,362.4,295.06,203.1,295.08,1.7,295.09,0.3
1753546996004,16:23:16.004,AAVE/USDT:USDT,295.07,336.7,295.06,187.4,295.08,1.7,295.09,0.3
1753546996104,16:23:16.104,AAVE/USDT:USDT,295.07,336.7,295.06,187.4,295.08,1.7,295.09,0.3
1753546996204,16:23:16.204,AAVE/USDT:USDT,295.07,336.7,295.06,187.4,295.08,1.7,295.09,0.3
1753546996904,16:23:16.904,AAVE/USDT:USDT,295.07,105.1,295.06,126.2,295.08,33.5,295.09,0.3
1753546997104,16:23:17.104,AAVE/USDT:USDT,295.07,123.2,295.06,118.6,295.08,2.1,295.09,0.3
1753546997304,16:23:17.304,AAVE/USDT:USDT,295.07,222.0,295.06,118.6,295.08,2.1,295.09,0.3
1753546997404,16:23:17.404,AAVE/USDT:USDT,295.07,222.6,295.06,81.3,295.08,2.4,295.09,0.3
1753546997504,16:23:17.504,AAVE/USDT:USDT,295.07,124.0,295.06,81.3,295.08,2.4,295.09,0.3
1753546997604,16:23:17.604,AAVE/USDT:USDT,295.07,222.6,295.06,81.3,295.08,2.4,295.09,0.3
1753546997704,16:23:17.704,AAVE/USDT:USDT,295.07,67.1,295.06,81.3,295.08,8.6,295.09,0.3
1753546998004,16:23:18.004,AAVE/USDT:USDT,295.07,213.1,295.06,132.4,295.08,8.6,295.09,0.3
1753546998104,16:23:18.104,AAVE/USDT:USDT,295.07,94.9,295.06,132.4,295.08,2.4,295.09,0.3
1753546998204,16:23:18.204,AAVE/USDT:USDT,295.07,67.3,295.06,28.9,295.08,2.4,295.09,0.3
1753546998304,16:23:18.304,AAVE/USDT:USDT,295.07,67.3,295.06,28.9,295.08,2.4,295.09,0.3
1753546998504,16:23:18.504,AAVE/USDT:USDT,295.07,183.8,295.06,98.8,295.08,2.4,295.09,0.3
1753546998804,16:23:18.804,AAVE/USDT:USDT,295.07,85.2,295.06,59.5,295.08,2.4,295.09,0.3
1753546999104,16:23:19.104,AAVE/USDT:USDT,295.07,183.8,295.06,99.5,295.08,2.4,295.09,0.3
1753546999304,16:23:19.304,AAVE/USDT:USDT,295.07,67.3,295.06,28.9,295.08,26.7,295.09,0.3
1753546999604,16:23:19.604,AAVE/USDT:USDT,295.07,74.5,295.06,28.9,295.08,26.7,295.09,0.3
1753546999704,16:23:19.704,AAVE/USDT:USDT,295.07,93.0,295.06,105.9,295.08,26.7,295.09,0.3
1753547000304,16:23:20.304,AAVE/USDT:USDT,295.06,99.0,295.05,165.9,295.07,35.0,295.08,5.7
1753547000804,16:23:20.804,AAVE/USDT:USDT,295.06,282.6,295.05,130.4,295.07,1.7,295.08,5.7
1753547000904,16:23:20.904,AAVE/USDT:USDT,295.06,282.6,295.05,130.4,295.07,1.7,295.08,5.7
1753547001004,16:23:21.004,AAVE/USDT:USDT,295.06,184.0,295.05,130.4,295.07,1.7,295.08,5.7
1753547001104,16:23:21.104,AAVE/USDT:USDT,295.06,282.6,295.05,130.4,295.07,1.7,295.08,5.7
1753547001204,16:23:21.204,AAVE/USDT:USDT,295.06,184.0,295.05,130.4,295.07,1.9,295.08,5.7
1753547001304,16:23:21.304,AAVE/USDT:USDT,295.06,184.0,295.05,140.0,295.07,1.9,295.08,5.7
1753547001504,16:23:21.504,AAVE/USDT:USDT,295.06,115.3,295.05,62.4,295.07,33.3,295.08,5.7
1753547001604,16:23:21.604,AAVE/USDT:USDT,295.06,115.3,295.05,62.4,295.07,33.3,295.08,5.7
1753547001704,16:23:21.704,AAVE/USDT:USDT,295.06,115.3,295.05,84.6,295.07,33.3,295.08,5.7
1753547002004,16:23:22.004,AAVE/USDT:USDT,295.06,233.1,295.05,84.6,295.07,34.9,295.08,4.1
1753547002104,16:23:22.104,AAVE/USDT:USDT,295.06,233.1,295.05,84.6,295.07,9.7,295.08,4.1
1753547002304,16:23:22.304,AAVE/USDT:USDT,295.06,115.3,295.05,84.6,295.07,9.7,295.08,4.1
1753547002404,16:23:22.404,AAVE/USDT:USDT,295.06,115.3,295.05,84.6,295.07,9.9,295.08,3.9
1753547002504,16:23:22.504,AAVE/USDT:USDT,295.06,211.9,295.05,84.6,295.07,9.9,295.08,3.9
1753547002804,16:23:22.804,AAVE/USDT:USDT,295.06,113.3,295.05,84.6,295.07,9.9,295.08,3.9
1753547002904,16:23:22.904,AAVE/USDT:USDT,295.06,213.4,295.05,164.4,295.07,3.7,295.08,3.9
1753547003004,16:23:23.004,AAVE/USDT:USDT,295.06,143.6,295.05,84.6,295.07,28.9,295.08,3.9
1753547003104,16:23:23.104,AAVE/USDT:USDT,295.06,171.2,295.05,139.1,295.07,28.9,295.08,3.9
1753547003204,16:23:23.204,AAVE/USDT:USDT,295.06,171.2,295.05,139.1,295.07,28.9,295.08,3.9
1753547003304,16:23:23.304,AAVE/USDT:USDT,295.06,198.8,295.05,154.8,295.07,3.7,295.08,3.9
1753547003404,16:23:23.404,AAVE/USDT:USDT,295.06,315.8,295.05,154.8,295.07,3.7,295.08,3.9
1753547003504,16:23:23.504,AAVE/USDT:USDT,295.06,315.8,295.05,154.8,295.07,3.7,295.08,3.9
1753547003704,16:23:23.704,AAVE/USDT:USDT,295.06,217.2,295.05,154.8,295.07,3.7,295.08,3.9
1753547004104,16:23:24.104,AAVE/USDT:USDT,295.06,315.8,295.05,154.8,295.07,3.7,295.08,3.9
1753547004404,16:23:24.404,AAVE/USDT:USDT,295.06,315.6,295.05,174.0,295.07,3.7,295.08,3.9
1753547004704,16:23:24.704,AAVE/USDT:USDT,295.06,317.0,295.05,174.0,295.07,3.7,295.08,3.9
1753547005204,16:23:25.204,AAVE/USDT:USDT,295.06,112.4,295.05,72.0,295.07,31.5,295.08,3.9
1753547005504,16:23:25.504,AAVE/USDT:USDT,295.06,119.0,295.05,62.4,295.07,31.7,295.08,3.9
1753547005804,16:23:25.804,AAVE/USDT:USDT,295.06,119.0,295.05,62.4,295.07,31.7,295.08,3.9
1753547006104,16:23:26.104,AAVE/USDT:USDT,295.06,119.0,295.05,52.8,295.07,31.7,295.08,0.4
1753547006404,16:23:26.404,AAVE/USDT:USDT,295.06,92.4,295.04,29.3,295.07,54.2,295.08,40.9
1753547006604,16:23:26.604,AAVE/USDT:USDT,295.06,74.1,295.04,29.2,295.07,54.0,295.08,40.9
1753547006704,16:23:26.704,AAVE/USDT:USDT,295.06,74.3,295.04,29.2,295.07,54.2,295.08,40.9
1753547006804,16:23:26.804,AAVE/USDT:USDT,295.06,74.3,295.04,80.6,295.07,36.5,295.08,40.9
1753547007104,16:23:27.104,AAVE/USDT:USDT,295.06,104.6,295.05,71.6,295.07,7.4,295.08,30.7
1753547007404,16:23:27.404,AAVE/USDT:USDT,295.06,104.7,295.05,9.6,295.07,7.4,295.08,30.7
1753547007804,16:23:27.804,AAVE/USDT:USDT,295.06,148.9,295.05,106.4,295.07,3.6,295.08,0.4
1753547008204,16:23:28.204,AAVE/USDT:USDT,295.06,104.7,295.05,82.2,295.07,3.6,295.08,0.4
1753547008504,16:23:28.504,AAVE/USDT:USDT,295.06,128.9,295.05,34.6,295.07,3.6,295.08,0.4
1753547008604,16:23:28.604,AAVE/USDT:USDT,295.06,128.9,295.05,106.5,295.07,3.6,295.08,0.4
1753547008704,16:23:28.704,AAVE/USDT:USDT,295.06,128.9,295.05,106.5,295.07,3.6,295.08,30.7
1753547008804,16:23:28.804,AAVE/USDT:USDT,295.06,128.9,295.05,106.5,295.07,3.6,295.08,30.7
1753547009304,16:23:29.304,AAVE/USDT:USDT,295.03,0.1,295.02,0.5,295.04,176.9,295.05,52.5
1753547009404,16:23:29.404,AAVE/USDT:USDT,295.02,8.2,295.01,0.3,295.03,163.7,295.04,104.8
1753547009504,16:23:29.504,AAVE/USDT:USDT,295.02,8.2,295.01,0.3,295.03,81.8,295.04,104.8
1753547009904,16:23:29.904,AAVE/USDT:USDT,295.02,8.2,295.0,45.3,295.03,175.5,295.04,110.6
1753547010004,16:23:30.004,AAVE/USDT:USDT,295.02,8.2,295.0,45.3,295.03,184.9,295.04,110.6
1753547010104,16:23:30.104,AAVE/USDT:USDT,295.02,8.2,295.0,45.3,295.03,184.9,295.04,110.6
1753547010304,16:23:30.304,AAVE/USDT:USDT,295.02,16.6,295.0,45.3,295.03,60.9,295.04,55.6
1753547010504,16:23:30.504,AAVE/USDT:USDT,295.02,15.7,295.0,45.3,295.03,180.3,295.04,115.3
1753547010704,16:23:30.704,AAVE/USDT:USDT,295.02,15.7,295.0,16.4,295.03,154.0,295.04,125.3
1753547010804,16:23:30.804,AAVE/USDT:USDT,295.02,15.7,295.0,16.4,295.03,174.5,295.04,125.3
1753547010904,16:23:30.904,AAVE/USDT:USDT,295.02,15.7,295.0,46.7,295.03,41.0,295.04,64.9
1753547011304,16:23:31.304,AAVE/USDT:USDT,295.02,15.7,295.0,46.7,295.03,118.7,295.04,64.9
1753547011504,16:23:31.504,AAVE/USDT:USDT,295.02,15.7,295.0,46.7,295.03,41.2,295.04,64.9
1753547012004,16:23:32.004,AAVE/USDT:USDT,295.02,55.0,295.0,46.7,295.03,17.1,295.04,30.4
1753547012204,16:23:32.204,AAVE/USDT:USDT,295.02,55.0,295.0,46.7,295.03,17.5,295.04,30.4
1753547012304,16:23:32.304,AAVE/USDT:USDT,295.02,55.0,295.0,46.7,295.03,17.5,295.04,30.4
1753547012404,16:23:32.404,AAVE/USDT:USDT,295.02,55.0,295.0,46.7,295.03,17.7,295.04,30.4
1753547012504,16:23:32.504,AAVE/USDT:USDT,295.02,54.7,295.0,46.7,295.03,17.7,295.04,30.4
1753547012604,16:23:32.604,AAVE/USDT:USDT,295.02,54.7,295.0,46.7,295.03,17.7,295.04,30.4
1753547012704,16:23:32.704,AAVE/USDT:USDT,295.02,47.4,295.0,46.7,295.03,74.5,295.04,30.4
1753547012804,16:23:32.804,AAVE/USDT:USDT,295.02,47.4,295.0,46.7,295.03,34.6,295.04,30.4
1753547013004,16:23:33.004,AAVE/USDT:USDT,295.02,47.4,295.0,85.9,295.03,9.4,295.04,30.4
1753547013104,16:23:33.104,AAVE/USDT:USDT,295.02,47.4,295.0,46.7,295.03,17.6,295.04,30.4
1753547013404,16:23:33.404,AAVE/USDT:USDT,295.02,17.1,295.0,46.7,295.03,168.9,295.04,56.3
1753547013604,16:23:33.604,AAVE/USDT:USDT,295.02,23.0,295.0,46.7,295.03,168.2,295.04,64.9
1753547013904,16:23:33.904,AAVE/USDT:USDT,295.02,23.0,295.0,46.7,295.03,169.2,295.04,39.7
1753547014004,16:23:34.004,AAVE/USDT:USDT,295.02,23.0,295.0,46.7,295.03,54.2,295.04,39.7
1753547014104,16:23:34.104,AAVE/USDT:USDT,295.02,23.0,295.0,46.7,295.03,152.8,295.04,63.2
1753547014204,16:23:34.204,AAVE/USDT:USDT,295.02,53.3,295.0,46.7,295.03,33.0,295.04,39.7
1753547014404,16:23:34.404,AAVE/USDT:USDT,295.02,23.1,295.0,16.4,295.03,156.8,295.04,39.7
1753547014604,16:23:34.604,AAVE/USDT:USDT,295.02,23.1,295.0,16.4,295.03,87.0,295.04,39.7
1753547014704,16:23:34.704,AAVE/USDT:USDT,295.02,23.1,295.0,47.4,295.03,61.8,295.04,39.7
1753547014904,16:23:34.904,AAVE/USDT:USDT,295.02,23.1,295.0,46.7,295.03,131.6,295.04,39.7
1753547015704,16:23:35.704,AAVE/USDT:USDT,295.02,17.6,295.0,46.7,295.03,201.4,295.04,98.7
1753547015804,16:23:35.804,AAVE/USDT:USDT,295.02,17.6,295.0,46.7,295.03,201.4,295.04,75.9
1753547015904,16:23:35.904,AAVE/USDT:USDT,295.02,17.7,295.0,46.7,295.03,230.3,295.04,75.9
1753547016204,16:23:36.204,AAVE/USDT:USDT,295.02,17.7,295.0,46.7,295.03,230.3,295.04,75.9
1753547016304,16:23:36.304,AAVE/USDT:USDT,295.02,17.7,295.0,46.7,295.03,188.2,295.04,39.7
1753547016404,16:23:36.404,AAVE/USDT:USDT,295.02,17.7,295.0,46.7,295.03,188.2,295.04,39.7
1753547016504,16:23:36.504,AAVE/USDT:USDT,295.02,17.7,295.0,46.7,295.03,188.2,295.04,39.7
1753547016804,16:23:36.804,AAVE/USDT:USDT,295.02,17.7,295.0,46.7,295.03,170.4,295.04,39.7
1753547016904,16:23:36.904,AAVE/USDT:USDT,295.02,17.7,295.0,46.7,295.03,170.4,295.04,39.7
1753547017004,16:23:37.004,AAVE/USDT:USDT,295.02,17.7,295.0,46.7,295.03,170.4,295.04,39.7
1753547018004,16:23:38.004,AAVE/USDT:USDT,295.02,94.3,295.01,61.5,295.03,48.4,295.04,0.1
1753547018104,16:23:38.104,AAVE/USDT:USDT,295.02,94.3,295.01,61.5,295.03,48.4,295.04,0.1
1753547018204,16:23:38.204,AAVE/USDT:USDT,295.02,94.3,295.0,57.0,295.03,52.8,295.04,0.1
1753547018604,16:23:38.604,AAVE/USDT:USDT,295.02,94.3,295.01,22.8,295.03,52.8,295.04,0.1
1753547018904,16:23:38.904,AAVE/USDT:USDT,295.02,94.3,295.0,57.0,295.03,52.8,295.04,30.4
1753547019104,16:23:39.104,AAVE/USDT:USDT,295.02,119.4,295.01,51.0,295.03,52.8,295.04,30.4
1753547019304,16:23:39.304,AAVE/USDT:USDT,295.02,119.4,295.01,51.0,295.03,52.8,295.04,30.4
1753547019404,16:23:39.404,AAVE/USDT:USDT,295.02,109.4,295.0,95.7,295.03,52.3,295.04,30.4
1753547019604,16:23:39.604,AAVE/USDT:USDT,295.02,109.4,295.01,22.8,295.03,52.3,295.04,30.4
1753547019704,16:23:39.704,AAVE/USDT:USDT,295.02,109.4,295.01,22.8,295.03,23.4,295.04,30.4
1753547019904,16:23:39.904,AAVE/USDT:USDT,295.02,134.5,295.01,73.8,295.03,19.5,295.04,30.4
1753547020104,16:23:40.104,AAVE/USDT:USDT,295.02,134.5,295.01,73.8,295.03,20.5,295.04,0.1
1753547020504,16:23:40.504,AAVE/USDT:USDT,295.02,251.9,295.01,82.9,295.03,18.4,295.04,0.1
1753547020604,16:23:40.604,AAVE/USDT:USDT,295.02,206.9,295.01,32.4,295.03,18.4,295.04,0.1
1753547020804,16:23:40.804,AAVE/USDT:USDT,295.02,252.3,295.01,82.9,295.03,18.4,295.04,0.1
1753547020904,16:23:40.904,AAVE/USDT:USDT,295.02,252.3,295.01,82.9,295.03,18.4,295.04,0.1
1753547021104,16:23:41.104,AAVE/USDT:USDT,295.02,127.9,295.01,9.6,295.03,82.9,295.04,0.1
1753547021604,16:23:41.604,AAVE/USDT:USDT,295.02,109.3,295.01,9.6,295.03,89.5,295.04,0.1
1753547021704,16:23:41.704,AAVE/USDT:USDT,295.02,109.3,295.01,9.6,295.03,89.5,295.04,0.1
1753547022204,16:23:42.204,AAVE/USDT:USDT,295.02,130.6,295.01,69.6,295.03,64.7,295.04,0.1
1753547022304,16:23:42.304,AAVE/USDT:USDT,295.02,229.2,295.01,69.6,295.03,64.7,295.04,0.1
1753547022404,16:23:42.404,AAVE/USDT:USDT,295.02,229.2,295.01,69.6,295.03,63.7,295.04,0.1
1753547022604,16:23:42.604,AAVE/USDT:USDT,295.02,229.2,295.01,69.6,295.03,63.7,295.04,0.1
1753547022704,16:23:42.704,AAVE/USDT:USDT,295.02,130.6,295.01,69.6,295.03,64.7,295.04,0.1
1753547022804,16:23:42.804,AAVE/USDT:USDT,295.02,130.6,295.01,69.6,295.03,63.7,295.04,0.1
1753547022904,16:23:42.904,AAVE/USDT:USDT,295.02,130.6,295.01,69.6,295.03,63.7,295.04,0.1
1753547023004,16:23:43.004,AAVE/USDT:USDT,295.02,130.6,295.01,69.6,295.03,63.7,295.04,0.1
1753547023204,16:23:43.204,AAVE/USDT:USDT,295.06,150.3,295.05,105.4,295.07,55.7,295.08,30.8
1753547023604,16:23:43.604,AAVE/USDT:USDT,295.06,124.2,295.05,83.1,295.07,55.7,295.08,30.8
1753547023704,16:23:43.704,AAVE/USDT:USDT,295.06,124.2,295.05,83.1,295.07,55.7,295.08,30.8
1753547023804,16:23:43.804,AAVE/USDT:USDT,295.06,124.2,295.05,83.1,295.07,59.2,295.08,30.8
1753547023904,16:23:43.904,AAVE/USDT:USDT,295.06,124.2,295.05,83.1,295.07,59.2,295.08,30.8
1753547024004,16:23:44.004,AAVE/USDT:USDT,295.06,97.0,295.05,28.5,295.07,76.8,295.08,30.8
1753547024204,16:23:44.204,AAVE/USDT:USDT,295.06,97.0,295.05,28.5,295.07,59.2,295.08,30.8
1753547024504,16:23:44.504,AAVE/USDT:USDT,295.06,12.3,295.04,0.4,295.07,224.9,295.08,90.5
1753547024604,16:23:44.604,AAVE/USDT:USDT,295.06,12.3,295.04,0.4,295.07,224.9,295.08,90.5
1753547024804,16:23:44.804,AAVE/USDT:USDT,295.02,29.8,295.01,0.3,295.04,130.3,295.05,137.2
1753547025004,16:23:45.004,AAVE/USDT:USDT,295.02,29.5,295.0,56.9,295.03,209.2,295.04,115.1
1753547025104,16:23:45.104,AAVE/USDT:USDT,295.02,29.5,295.0,56.9,295.03,188.4,295.04,78.2
1753547025504,16:23:45.504,AAVE/USDT:USDT,295.02,30.0,295.0,56.9,295.03,188.8,295.04,78.2
1753547025804,16:23:45.804,AAVE/USDT:USDT,295.02,35.5,295.0,56.9,295.03,48.4,295.04,55.5
1753547026004,16:23:46.004,AAVE/USDT:USDT,295.02,65.8,295.01,22.3,295.03,0.4,295.05,10.0
1753547026104,16:23:46.104,AAVE/USDT:USDT,295.02,65.8,295.01,23.0,295.03,18.0,295.05,9.7
1753547026304,16:23:46.304,AAVE/USDT:USDT,295.02,50.3,295.0,56.9,295.03,99.8,295.05,10.0
1753547026604,16:23:46.604,AAVE/USDT:USDT,295.02,50.4,295.0,57.9,295.03,74.2,295.05,10.0
1753547026704,16:23:46.704,AAVE/USDT:USDT,295.02,50.5,295.0,57.9,295.03,74.2,295.05,10.0
1753547026804,16:23:46.804,AAVE/USDT:USDT,295.02,50.5,295.0,57.9,295.03,74.2,295.05,10.0
1753547026904,16:23:46.904,AAVE/USDT:USDT,295.02,50.5,295.0,57.9,295.03,74.2,295.05,10.0
1753547027104,16:23:47.104,AAVE/USDT:USDT,295.02,80.6,295.0,95.0,295.03,74.6,295.05,10.0
1753547027204,16:23:47.204,AAVE/USDT:USDT,295.02,80.6,295.0,95.0,295.03,74.6,295.05,10.0
1753547027304,16:23:47.304,AAVE/USDT:USDT,295.02,80.6,295.01,22.3,295.03,74.6,295.05,10.0
1753547027604,16:23:47.604,AAVE/USDT:USDT,295.02,92.5,295.01,23.0,295.03,77.0,295.05,10.0
1753547027904,16:23:47.904,AAVE/USDT:USDT,295.04,30.3,295.03,28.7,295.05,62.8,295.06,55.5
1753547028004,16:23:48.004,AAVE/USDT:USDT,295.04,30.3,295.03,28.7,295.05,62.8,295.06,55.5
1753547028204,16:23:48.204,AAVE/USDT:USDT,295.04,44.6,295.03,28.7,295.05,91.6,295.06,30.3
1753547028304,16:23:48.304,AAVE/USDT:USDT,295.04,44.6,295.03,28.7,295.05,91.6,295.06,30.3
1753547028404,16:23:48.404,AAVE/USDT:USDT,295.04,44.8,295.03,28.7,295.05,190.2,295.06,30.3
1753547028504,16:23:48.504,AAVE/USDT:USDT,295.04,44.8,295.03,28.7,295.05,190.2,295.06,30.3
1753547028604,16:23:48.604,AAVE/USDT:USDT,295.04,44.8,295.03,28.7,295.05,62.8,295.06,30.3
1753547028704,16:23:48.704,AAVE/USDT:USDT,295.04,44.8,295.03,28.7,295.05,118.1,295.06,30.3
1753547028804,16:23:48.804,AAVE/USDT:USDT,295.04,44.8,295.03,28.7,295.05,49.9,295.06,30.3
1753547028904,16:23:48.904,AAVE/USDT:USDT,295.04,44.8,295.03,28.7,295.05,15.2,295.06,30.3
1753547029004,16:23:49.004,AAVE/USDT:USDT,295.04,44.8,295.03,28.7,295.05,15.2,295.06,30.3
1753547029504,16:23:49.504,AAVE/USDT:USDT,295.04,44.8,295.03,28.7,295.05,15.2,295.06,30.3
1753547029604,16:23:49.604,AAVE/USDT:USDT,295.04,44.8,295.03,28.7,295.05,15.2,295.06,30.3
1753547029804,16:23:49.804,AAVE/USDT:USDT,295.04,44.8,295.03,28.7,295.05,87.8,295.06,30.3
1753547030304,16:23:50.304,AAVE/USDT:USDT,295.07,25.2,295.06,52.2,295.08,78.6,295.09,0.3
1753547030404,16:23:50.404,AAVE/USDT:USDT,295.07,25.2,295.06,52.2,295.08,66.3,295.09,0.3
1753547030604,16:23:50.604,AAVE/USDT:USDT,295.07,54.4,295.06,52.2,295.08,10.8,295.09,0.3
1753547030904,16:23:50.904,AAVE/USDT:USDT,295.07,54.4,295.06,30.3,295.08,11.1,295.09,0.3
1753547031004,16:23:51.004,AAVE/USDT:USDT,295.07,54.4,295.06,30.3,295.08,17.3,295.09,0.3
1753547031204,16:23:51.204,AAVE/USDT:USDT,295.07,54.4,295.06,30.3,295.08,62.6,295.09,0.3
1753547031604,16:23:51.604,AAVE/USDT:USDT,295.07,25.6,295.06,30.3,295.08,75.1,295.09,0.3
1753547031804,16:23:51.804,AAVE/USDT:USDT,295.07,25.6,295.06,30.3,295.08,46.3,295.09,0.3
1753547031904,16:23:51.904,AAVE/USDT:USDT,295.07,27.7,295.06,30.3,295.08,42.7,295.09,0.3
1753547032004,16:23:52.004,AAVE/USDT:USDT,295.07,27.7,295.06,30.3,295.08,71.5,295.09,0.3
1753547032104,16:23:52.104,AAVE/USDT:USDT,295.07,27.7,295.06,30.3,295.08,71.5,295.09,0.3
1753547032404,16:23:52.404,AAVE/USDT:USDT,295.07,27.7,295.06,30.3,295.08,71.9,295.09,0.3
1753547032504,16:23:52.504,AAVE/USDT:USDT,295.07,27.7,295.06,30.3,295.08,71.9,295.09,0.3
1753547032604,16:23:52.604,AAVE/USDT:USDT,295.07,53.5,295.06,30.3,295.08,71.7,295.09,0.3
1753547032704,16:23:52.704,AAVE/USDT:USDT,295.07,53.5,295.06,30.3,295.08,46.7,295.09,0.3
1753547033004,16:23:53.004,AAVE/USDT:USDT,295.07,350.8,295.06,30.3,295.08,46.5,295.09,0.3
1753547033204,16:23:53.204,AAVE/USDT:USDT,295.07,350.8,295.06,30.3,295.08,17.9,295.09,0.3
1753547033304,16:23:53.304,AAVE/USDT:USDT,295.07,350.8,295.06,30.3,295.08,17.9,295.09,0.3
1753547033404,16:23:53.404,AAVE/USDT:USDT,295.07,372.3,295.06,30.3,295.08,17.9,295.09,0.3
1753547033504,16:23:53.504,AAVE/USDT:USDT,295.07,372.3,295.06,30.3,295.08,17.9,295.09,0.3
1753547033604,16:23:53.604,AAVE/USDT:USDT,295.07,319.2,295.06,30.3,295.08,145.3,295.09,36.5
1753547033704,16:23:53.704,AAVE/USDT:USDT,295.07,319.2,295.06,30.3,295.08,145.3,295.09,36.5
1753547033904,16:23:53.904,AAVE/USDT:USDT,295.07,319.2,295.06,30.3,295.08,163.1,295.09,36.5
1753547034004,16:23:54.004,AAVE/USDT:USDT,295.07,319.2,295.06,30.3,295.08,183.9,295.09,58.4
1753547034204,16:23:54.204,AAVE/USDT:USDT,295.07,319.2,295.06,30.3,295.08,46.7,295.09,36.5
1753547034304,16:23:54.304,AAVE/USDT:USDT,295.07,328.6,295.06,30.3,295.08,46.7,295.09,0.3
1753547034404,16:23:54.404,AAVE/USDT:USDT,295.07,328.6,295.06,30.3,295.08,78.7,295.09,36.5
1753547034504,16:23:54.504,AAVE/USDT:USDT,295.07,328.6,295.06,30.3,295.08,78.7,295.09,0.3
1753547034904,16:23:54.904,AAVE/USDT:USDT,295.07,328.6,295.06,30.3,295.08,119.4,295.09,36.5
1753547035004,16:23:55.004,AAVE/USDT:USDT,295.07,328.6,295.06,30.3,295.08,204.0,295.09,58.4
1753547035104,16:23:55.104,AAVE/USDT:USDT,295.07,328.6,295.06,30.3,295.08,203.8,295.09,36.5
1753547035204,16:23:55.204,AAVE/USDT:USDT,295.07,328.6,295.06,30.3,295.08,104.9,295.09,36.5
1753547035404,16:23:55.404,AAVE/USDT:USDT,295.07,342.3,295.06,30.3,295.08,105.3,295.09,36.5
1753547035504,16:23:55.504,AAVE/USDT:USDT,295.07,342.3,295.06,30.3,295.08,105.3,295.09,58.4
1753547035704,16:23:55.704,AAVE/USDT:USDT,295.07,342.3,295.06,30.3,295.08,105.3,295.09,36.5
1753547035804,16:23:55.804,AAVE/USDT:USDT,295.07,342.3,295.06,30.3,295.08,254.5,295.09,58.4
1753547035904,16:23:55.904,AAVE/USDT:USDT,295.07,342.3,295.06,30.3,295.08,254.9,295.09,58.4
1753547036004,16:23:56.004,AAVE/USDT:USDT,295.07,342.3,295.06,30.3,295.08,133.7,295.09,36.5
1753547036204,16:23:56.204,AAVE/USDT:USDT,295.07,342.3,295.06,30.3,295.08,100.7,295.09,36.5
1753547036304,16:23:56.304,AAVE/USDT:USDT,295.07,345.5,295.06,30.3,295.08,79.9,295.09,0.3
1753547036704,16:23:56.704,AAVE/USDT:USDT,295.07,345.8,295.06,30.3,295.08,139.3,295.09,58.4
1753547036804,16:23:56.804,AAVE/USDT:USDT,295.07,345.8,295.06,30.3,295.08,200.4,295.09,58.4
1753547037404,16:23:57.404,AAVE/USDT:USDT,295.07,345.8,295.06,30.3,295.08,130.6,295.09,36.5
1753547037504,16:23:57.504,AAVE/USDT:USDT,295.07,346.0,295.06,30.3,295.08,174.0,295.09,36.5
1753547037604,16:23:57.604,AAVE/USDT:USDT,295.07,346.0,295.06,30.3,295.08,132.1,295.09,36.5
1753547037804,16:23:57.804,AAVE/USDT:USDT,295.07,346.0,295.06,30.3,295.08,103.3,295.09,36.5
1753547038004,16:23:58.004,AAVE/USDT:USDT,295.07,346.0,295.06,30.3,295.08,107.1,295.09,58.4
1753547038104,16:23:58.104,AAVE/USDT:USDT,295.07,346.0,295.06,30.3,295.08,103.3,295.09,58.4
1753547038304,16:23:58.304,AAVE/USDT:USDT,295.07,350.3,295.06,30.3,295.08,227.7,295.09,58.4
1753547038704,16:23:58.704,AAVE/USDT:USDT,295.07,350.3,295.06,30.3,295.08,130.0,295.09,58.4
1753547038904,16:23:58.904,AAVE/USDT:USDT,295.07,350.3,295.06,30.3,295.08,180.6,295.09,58.4
1753547039004,16:23:59.004,AAVE/USDT:USDT,295.07,350.3,295.06,30.3,295.08,198.1,295.09,58.4
1753547039204,16:23:59.204,AAVE/USDT:USDT,295.07,350.3,295.06,30.3,295.08,169.5,295.09,58.4
1753547039604,16:23:59.604,AAVE/USDT:USDT,295.07,323.3,295.06,30.3,295.08,85.5,295.09,36.5
1753547039704,16:23:59.704,AAVE/USDT:USDT,295.07,323.3,295.06,30.3,295.08,85.5,295.09,0.3
1753547039904,16:23:59.904,AAVE/USDT:USDT,295.07,323.3,295.06,30.3,295.08,184.1,295.09,36.4
1753547040004,16:24:00.004,AAVE/USDT:USDT,295.07,323.3,295.06,30.3,295.08,85.3,295.09,0.3
1753547040104,16:24:00.104,AAVE/USDT:USDT,295.07,323.3,295.06,30.3,295.08,148.2,295.09,36.1
1753547040504,16:24:00.504,AAVE/USDT:USDT,295.07,323.7,295.06,30.3,295.08,209.8,295.09,36.1
1753547040704,16:24:00.704,AAVE/USDT:USDT,295.07,323.7,295.06,30.3,295.08,82.4,295.09,57.7
1753547040804,16:24:00.804,AAVE/USDT:USDT,295.07,323.7,295.06,30.3,295.08,202.6,295.09,57.7
1753547041004,16:24:01.004,AAVE/USDT:USDT,295.07,323.7,295.06,30.3,295.08,202.9,295.09,58.0
1753547041204,16:24:01.204,AAVE/USDT:USDT,295.07,323.7,295.06,30.3,295.08,37.0,295.09,0.3
1753547041704,16:24:01.704,AAVE/USDT:USDT,295.07,324.5,295.06,30.3,295.08,159.8,295.09,40.9
1753547041804,16:24:01.804,AAVE/USDT:USDT,295.07,324.5,295.06,30.3,295.08,135.6,295.09,36.4
1753547042004,16:24:02.004,AAVE/USDT:USDT,295.07,324.5,295.06,30.3,295.08,183.4,295.09,58.0
1753547042204,16:24:02.204,AAVE/USDT:USDT,295.07,327.0,295.06,30.3,295.08,39.4,295.09,0.3
1753547042304,16:24:02.304,AAVE/USDT:USDT,295.07,327.0,295.06,30.3,295.08,162.2,295.09,36.4
1753547042404,16:24:02.404,AAVE/USDT:USDT,295.07,327.0,295.06,30.3,295.08,162.2,295.09,36.4
1753547042504,16:24:02.504,AAVE/USDT:USDT,295.07,328.2,295.06,30.3,295.08,139.8,295.09,36.4
1753547042804,16:24:02.804,AAVE/USDT:USDT,295.07,328.2,295.06,30.3,295.08,136.0,295.09,40.9
1753547043004,16:24:03.004,AAVE/USDT:USDT,295.07,328.2,295.06,30.3,295.08,190.0,295.09,0.3
1753547043104,16:24:03.104,AAVE/USDT:USDT,295.07,328.2,295.06,30.3,295.08,190.0,295.09,58.0
1753547043304,16:24:03.304,AAVE/USDT:USDT,295.07,329.1,295.06,30.3,295.08,172.2,295.09,0.3
1753547043404,16:24:03.404,AAVE/USDT:USDT,295.07,329.5,295.06,30.3,295.08,172.2,295.09,0.3
1753547043504,16:24:03.504,AAVE/USDT:USDT,295.07,329.5,295.06,30.3,295.08,73.6,295.09,0.3
1753547043604,16:24:03.604,AAVE/USDT:USDT,295.07,329.5,295.06,30.3,295.08,173.9,295.09,36.4
1753547043704,16:24:03.704,AAVE/USDT:USDT,295.07,329.5,295.06,30.3,295.08,75.3,295.09,0.3
1753547043904,16:24:03.904,AAVE/USDT:USDT,295.07,329.5,295.06,30.3,295.08,173.9,295.09,36.4
1753547044004,16:24:04.004,AAVE/USDT:USDT,295.07,329.5,295.06,30.3,295.08,173.9,295.09,36.4
1753547044104,16:24:04.104,AAVE/USDT:USDT,295.07,329.5,295.06,66.4,295.08,50.1,295.09,0.3
1753547044404,16:24:04.404,AAVE/USDT:USDT,295.07,403.0,295.06,88.0,295.08,71.8,295.09,0.3
1753547044504,16:24:04.504,AAVE/USDT:USDT,295.07,403.0,295.06,88.0,295.08,71.8,295.09,0.3
1753547044604,16:24:04.604,AAVE/USDT:USDT,295.07,403.0,295.06,88.0,295.08,71.8,295.09,0.3
1753547044704,16:24:04.704,AAVE/USDT:USDT,295.07,403.0,295.06,88.0,295.08,71.8,295.09,0.3
1753547044804,16:24:04.804,AAVE/USDT:USDT,295.07,403.0,295.06,88.0,295.08,43.0,295.09,0.3
1753547044904,16:24:04.904,AAVE/USDT:USDT,295.07,403.0,295.06,88.0,295.08,43.0,295.09,0.3
1753547045004,16:24:05.004,AAVE/USDT:USDT,295.07,403.0,295.06,88.0,295.08,43.0,295.09,0.3
1753547045204,16:24:05.204,AAVE/USDT:USDT,295.07,381.4,295.06,88.0,295.08,44.7,295.09,0.3
1753547045804,16:24:05.804,AAVE/USDT:USDT,295.07,403.5,295.06,107.2,295.08,47.3,295.09,0.3
1753547046004,16:24:06.004,AAVE/USDT:USDT,295.07,349.6,295.06,107.2,295.08,72.4,295.09,0.3
1753547046104,16:24:06.104,AAVE/USDT:USDT,295.07,403.5,295.06,107.2,295.08,72.4,295.09,0.3
1753547046204,16:24:06.204,AAVE/USDT:USDT,295.07,403.5,295.06,107.2,295.08,43.6,295.09,0.3
1753547046304,16:24:06.304,AAVE/USDT:USDT,295.07,346.0,295.06,49.5,295.08,108.0,295.09,0.3
1753547046604,16:24:06.604,AAVE/USDT:USDT,295.07,378.6,295.06,107.2,295.08,136.8,295.09,0.3
1753547046704,16:24:06.704,AAVE/USDT:USDT,295.07,400.2,295.06,107.2,295.08,108.0,295.09,0.3
1753547047104,16:24:07.104,AAVE/USDT:USDT,295.07,400.2,295.06,107.2,295.08,108.0,295.09,0.3
1753547047204,16:24:07.204,AAVE/USDT:USDT,295.07,400.2,295.06,107.2,295.08,108.0,295.09,0.3
1753547047404,16:24:07.404,AAVE/USDT:USDT,295.07,346.3,295.06,49.5,295.08,161.6,295.09,0.3
1753547047504,16:24:07.504,AAVE/USDT:USDT,295.07,336.0,295.06,49.5,295.08,152.7,295.09,0.3
1753547047604,16:24:07.604,AAVE/USDT:USDT,295.07,346.4,295.06,107.2,295.08,108.0,295.09,0.3
1753547047704,16:24:07.704,AAVE/USDT:USDT,295.07,346.4,295.06,49.5,295.08,108.0,295.09,0.3
1753547047804,16:24:07.804,AAVE/USDT:USDT,295.07,288.2,295.06,39.9,295.08,206.7,295.09,0.3
1753547047904,16:24:07.904,AAVE/USDT:USDT,295.07,288.2,295.06,39.9,295.08,207.5,295.09,0.3
1753547048004,16:24:08.004,AAVE/USDT:USDT,295.07,288.2,295.06,39.9,295.08,236.3,295.09,0.3
1753547048204,16:24:08.204,AAVE/USDT:USDT,295.07,283.3,295.06,39.9,295.08,236.4,295.09,0.3
1753547048604,16:24:08.604,AAVE/USDT:USDT,295.07,281.2,295.06,30.3,295.08,69.6,295.09,0.3
1753547048704,16:24:08.704,AAVE/USDT:USDT,295.07,281.2,295.06,30.3,295.08,69.6,295.09,0.3
1753547048804,16:24:08.804,AAVE/USDT:USDT,295.07,281.2,295.06,30.3,295.08,69.6,295.09,0.3
1753547048904,16:24:08.904,AAVE/USDT:USDT,295.07,281.2,295.06,30.3,295.08,69.6,295.09,0.3
1753547049004,16:24:09.004,AAVE/USDT:USDT,295.07,334.8,295.06,87.1,295.08,67.6,295.09,0.3
1753547049104,16:24:09.104,AAVE/USDT:USDT,295.07,313.5,295.06,87.1,295.08,67.6,295.09,0.3
1753547049404,16:24:09.404,AAVE/USDT:USDT,295.07,281.2,295.06,30.3,295.08,71.7,295.09,0.3
1753547049504,16:24:09.504,AAVE/USDT:USDT,295.07,334.8,295.06,87.1,295.08,121.9,295.09,0.3
1753547049704,16:24:09.704,AAVE/USDT:USDT,295.07,281.2,295.06,30.3,295.08,96.6,295.09,0.3
1753547049804,16:24:09.804,AAVE/USDT:USDT,295.07,279.7,295.06,30.3,295.08,160.3,295.09,0.3
1753547049904,16:24:09.904,AAVE/USDT:USDT,295.07,281.5,295.06,87.1,295.08,67.8,295.09,0.3
1753547050004,16:24:10.004,AAVE/USDT:USDT,295.07,281.5,295.06,51.6,295.08,172.2,295.09,0.3
1753547050104,16:24:10.104,AAVE/USDT:USDT,295.07,281.5,295.06,30.3,295.08,196.9,295.09,0.3
1753547050204,16:24:10.204,AAVE/USDT:USDT,295.07,281.5,295.06,30.3,295.08,161.8,295.09,0.3
1753547050504,16:24:10.504,AAVE/USDT:USDT,295.07,302.8,295.06,87.1,295.08,98.3,295.09,0.3
1753547050604,16:24:10.604,AAVE/USDT:USDT,295.07,281.5,295.06,51.6,295.08,134.2,295.09,0.3
1753547051104,16:24:11.104,AAVE/USDT:USDT,295.07,335.1,295.06,90.3,295.08,138.3,295.09,0.3
1753547051404,16:24:11.404,AAVE/USDT:USDT,295.07,354.2,295.06,91.0,295.08,138.3,295.09,0.3
1753547051504,16:24:11.504,AAVE/USDT:USDT,295.07,354.2,295.06,91.0,295.08,126.2,295.09,0.3
1753547051704,16:24:11.704,AAVE/USDT:USDT,295.07,354.2,295.06,90.3,295.08,126.2,295.09,0.3
1753547051804,16:24:11.804,AAVE/USDT:USDT,295.07,354.2,295.06,90.3,295.08,126.2,295.09,0.3
1753547051904,16:24:11.904,AAVE/USDT:USDT,295.07,354.2,295.06,90.3,295.08,126.2,295.09,0.3
1753547052004,16:24:12.004,AAVE/USDT:USDT,295.07,354.2,295.06,90.3,295.08,126.2,295.09,0.3
1753547052204,16:24:12.204,AAVE/USDT:USDT,295.07,355.1,295.06,90.3,295.08,126.2,295.09,0.3
1753547052704,16:24:12.704,AAVE/USDT:USDT,295.07,355.1,295.06,99.9,295.08,151.4,295.09,0.3
1753547052804,16:24:12.804,AAVE/USDT:USDT,295.07,355.1,295.06,99.9,295.08,151.4,295.09,0.3
1753547053404,16:24:13.404,AAVE/USDT:USDT,295.07,355.1,295.06,99.9,295.08,144.3,295.09,0.3
1753547054104,16:24:14.104,AAVE/USDT:USDT,295.07,355.1,295.06,99.9,295.08,144.3,295.09,0.3
1753547054204,16:24:14.204,AAVE/USDT:USDT,295.07,355.1,295.06,99.9,295.08,144.3,295.09,0.3
1753547054304,16:24:14.304,AAVE/USDT:USDT,295.07,355.1,295.06,99.9,295.08,144.3,295.09,0.3
1753547054504,16:24:14.504,AAVE/USDT:USDT,295.07,303.7,295.06,96.7,295.08,144.3,295.09,0.3
1753547054604,16:24:14.604,AAVE/USDT:USDT,295.07,256.4,295.06,96.9,295.08,144.3,295.09,0.3
1753547054904,16:24:14.904,AAVE/USDT:USDT,295.07,256.4,295.06,96.9,295.08,200.7,295.09,0.3
1753547055204,16:24:15.204,AAVE/USDT:USDT,295.07,256.4,295.06,96.9,295.08,146.4,295.09,0.3
1753547055404,16:24:15.404,AAVE/USDT:USDT,295.07,243.8,295.05,25.3,295.08,254.2,295.09,71.6
1753547055804,16:24:15.804,AAVE/USDT:USDT,295.07,198.9,295.05,25.5,295.08,341.9,295.09,72.1
1753547056004,16:24:16.004,AAVE/USDT:USDT,295.07,166.5,295.05,25.5,295.08,316.1,295.09,9.7
1753547056204,16:24:16.204,AAVE/USDT:USDT,295.07,138.2,295.05,25.5,295.08,342.0,295.09,51.0
1753547056404,16:24:16.404,AAVE/USDT:USDT,295.07,112.9,295.05,25.5,295.08,242.6,295.09,51.0
1753547056504,16:24:16.504,AAVE/USDT:USDT,295.07,112.9,295.05,25.5,295.08,272.0,295.09,51.0
1753547056804,16:24:16.804,AAVE/USDT:USDT,295.07,160.2,295.05,25.5,295.08,149.2,295.09,9.7
1753547057004,16:24:17.004,AAVE/USDT:USDT,295.07,160.2,295.05,25.5,295.08,247.8,295.09,9.7
1753547057104,16:24:17.104,AAVE/USDT:USDT,295.07,160.2,295.05,25.5,295.08,248.2,295.09,9.7
1753547057304,16:24:17.304,AAVE/USDT:USDT,295.07,213.5,295.06,55.2,295.08,108.9,295.09,0.4
1753547057404,16:24:17.404,AAVE/USDT:USDT,295.07,213.5,295.06,55.2,295.08,108.9,295.09,0.4
1753547057504,16:24:17.504,AAVE/USDT:USDT,295.07,213.5,295.06,55.2,295.08,108.9,295.09,0.4
1753547058304,16:24:18.304,AAVE/USDT:USDT,295.07,232.8,295.06,96.6,295.08,114.6,295.09,0.4
1753547058604,16:24:18.604,AAVE/USDT:USDT,295.07,232.8,295.06,96.6,295.08,114.6,295.09,0.3
1753547058704,16:24:18.704,AAVE/USDT:USDT,295.07,232.8,295.06,96.6,295.08,107.9,295.09,0.3
1753547058804,16:24:18.804,AAVE/USDT:USDT,295.07,232.8,295.06,96.6,295.08,111.2,295.09,0.3
1753547058904,16:24:18.904,AAVE/USDT:USDT,295.07,232.8,295.06,96.6,295.08,109.7,295.09,0.3
1753547059104,16:24:19.104,AAVE/USDT:USDT,295.07,232.8,295.06,96.6,295.08,113.0,295.09,0.3
1753547059204,16:24:19.204,AAVE/USDT:USDT,295.07,232.8,295.06,96.6,295.08,113.0,295.09,0.3
1753547059504,16:24:19.504,AAVE/USDT:USDT,295.07,233.8,295.06,96.6,295.08,106.4,295.09,0.3
1753547059804,16:24:19.804,AAVE/USDT:USDT,295.07,233.8,295.06,96.7,295.08,106.4,295.09,0.3
1753547059904,16:24:19.904,AAVE/USDT:USDT,295.07,233.8,295.06,96.7,295.08,108.3,295.09,0.3
1753547060004,16:24:20.004,AAVE/USDT:USDT,295.07,180.8,295.06,96.7,295.08,108.3,295.09,0.3
1753547060104,16:24:20.104,AAVE/USDT:USDT,295.07,159.8,295.06,41.5,295.08,205.2,295.09,0.3
1753547060904,16:24:20.904,AAVE/USDT:USDT,295.07,210.9,295.06,96.1,295.08,101.0,295.09,0.3
1753547061004,16:24:21.004,AAVE/USDT:USDT,295.07,161.8,295.06,41.5,295.08,101.0,295.09,0.3
1753547061404,16:24:21.404,AAVE/USDT:USDT,295.07,231.1,295.06,96.1,295.08,101.2,295.09,0.3
1753547061504,16:24:21.504,AAVE/USDT:USDT,295.07,231.1,295.06,96.1,295.08,101.2,295.09,0.3
1753547061904,16:24:21.904,AAVE/USDT:USDT,295.07,194.1,295.06,96.1,295.08,101.2,295.09,0.3
1753547062404,16:24:22.404,AAVE/USDT:USDT,295.07,161.8,295.06,41.5,295.08,199.8,295.09,0.3
1753547062604,16:24:22.604,AAVE/USDT:USDT,295.07,158.6,295.06,66.0,295.08,102.9,295.09,0.3
1753547062804,16:24:22.804,AAVE/USDT:USDT,295.07,158.6,295.06,31.9,295.08,72.4,295.09,0.3
1753547062904,16:24:22.904,AAVE/USDT:USDT,295.07,158.6,295.06,31.9,295.08,72.4,295.09,0.3
1753547063104,16:24:23.104,AAVE/USDT:USDT,295.07,230.6,295.06,86.5,295.08,72.4,295.09,0.3
1753547063304,16:24:23.304,AAVE/USDT:USDT,295.07,230.6,295.06,86.5,295.08,72.4,295.09,0.3
1753547063604,16:24:23.604,AAVE/USDT:USDT,295.07,230.8,295.06,86.5,295.08,72.4,295.09,0.3
1753547063704,16:24:23.704,AAVE/USDT:USDT,295.07,230.8,295.06,86.5,295.08,72.4,295.09,0.3
1753547064104,16:24:24.104,AAVE/USDT:USDT,295.07,214.1,295.06,86.5,295.08,72.4,295.09,0.3
1753547064304,16:24:24.304,AAVE/USDT:USDT,295.07,214.1,295.06,66.0,295.08,249.6,295.09,0.3
1753547064704,16:24:24.704,AAVE/USDT:USDT,295.07,234.6,295.06,88.3,295.08,249.6,295.09,0.3
1753547064904,16:24:24.904,AAVE/USDT:USDT,295.07,232.2,295.06,87.2,295.08,247.7,295.09,0.3
1753547065004,16:24:25.004,AAVE/USDT:USDT,295.07,232.2,295.06,87.2,295.08,249.7,295.09,0.3
1753547065104,16:24:25.104,AAVE/USDT:USDT,295.07,232.2,295.06,87.2,295.08,220.9,295.09,0.3
1753547065304,16:24:25.304,AAVE/USDT:USDT,295.07,233.4,295.06,87.2,295.08,220.9,295.09,0.3
1753547065404,16:24:25.404,AAVE/USDT:USDT,295.07,233.4,295.06,87.2,295.08,249.7,295.09,0.3
1753547065704,16:24:25.704,AAVE/USDT:USDT,295.07,161.7,295.06,31.9,295.08,317.8,295.09,54.2
1753547065904,16:24:25.904,AAVE/USDT:USDT,295.07,161.7,295.06,31.9,295.08,348.4,295.09,34.0
1753547066404,16:24:26.404,AAVE/USDT:USDT,295.07,215.1,295.06,85.8,295.08,261.6,295.09,0.3
1753547066504,16:24:26.504,AAVE/USDT:USDT,295.07,162.6,295.06,85.8,295.08,261.6,295.09,0.3
1753547066804,16:24:26.804,AAVE/USDT:USDT,295.07,194.9,295.06,85.8,295.08,261.6,295.09,0.3
1753547067004,16:24:27.004,AAVE/USDT:USDT,295.07,233.1,295.06,86.5,295.08,261.6,295.09,0.3
1753547067104,16:24:27.104,AAVE/USDT:USDT,295.07,233.1,295.06,86.5,295.08,261.6,295.09,0.3
1753547067204,16:24:27.204,AAVE/USDT:USDT,295.07,233.1,295.06,85.8,295.08,261.6,295.09,0.3
1753547067404,16:24:27.404,AAVE/USDT:USDT,295.07,233.1,295.06,85.8,295.08,261.6,295.09,0.3
1753547067504,16:24:27.504,AAVE/USDT:USDT,295.07,210.9,295.06,85.8,295.08,261.6,295.09,0.3
1753547067604,16:24:27.604,AAVE/USDT:USDT,295.07,233.3,295.06,85.8,295.08,261.6,295.09,0.3
1753547067704,16:24:27.704,AAVE/USDT:USDT,295.07,233.3,295.06,85.8,295.08,261.6,295.09,0.3
1753547068004,16:24:28.004,AAVE/USDT:USDT,295.07,233.3,295.06,85.8,295.08,261.6,295.09,0.3
1753547068104,16:24:28.104,AAVE/USDT:USDT,295.07,233.3,295.06,85.8,295.08,261.6,295.09,0.3
1753547068604,16:24:28.604,AAVE/USDT:USDT,295.07,234.1,295.06,85.8,295.08,261.6,295.09,0.3
1753547069304,16:24:29.304,AAVE/USDT:USDT,295.07,241.2,295.06,96.1,295.08,261.5,295.09,0.3
1753547069504,16:24:29.504,AAVE/USDT:USDT,295.07,240.7,295.06,96.1,295.08,261.5,295.09,0.3
1753547069804,16:24:29.804,AAVE/USDT:USDT,295.07,241.4,295.06,96.1,295.08,261.5,295.09,0.3
1753547069904,16:24:29.904,AAVE/USDT:USDT,295.07,239.5,295.06,96.1,295.08,259.6,295.09,0.3
1753547070104,16:24:30.104,AAVE/USDT:USDT,295.07,239.7,295.06,96.1,295.08,259.6,295.09,0.3
1753547070204,16:24:30.204,AAVE/USDT:USDT,295.07,239.0,295.06,95.4,295.08,34.0,295.09,0.3
1753547070604,16:24:30.604,AAVE/USDT:USDT,295.07,238.8,295.06,95.4,295.08,255.0,295.09,0.3
1753547070904,16:24:30.904,AAVE/USDT:USDT,295.07,239.0,295.06,95.4,295.08,255.0,295.09,0.3
1753547071304,16:24:31.304,AAVE/USDT:USDT,295.13,796.0,295.12,33.3,295.14,9.7,295.15,55.1
1753547071404,16:24:31.404,AAVE/USDT:USDT,295.13,781.6,295.12,33.3,295.14,30.3,295.15,55.1
1753547071704,16:24:31.704,AAVE/USDT:USDT,295.13,800.0,295.12,72.6,295.14,36.8,295.15,55.1
1753547072104,16:24:32.104,AAVE/USDT:USDT,295.13,855.1,295.12,72.6,295.14,8.9,295.15,55.1
1753547072304,16:24:32.304,AAVE/USDT:USDT,295.13,859.9,295.12,137.3,295.14,8.7,295.15,55.1
1753547072404,16:24:32.404,AAVE/USDT:USDT,295.13,880.3,295.12,137.3,295.14,8.9,295.15,55.1
1753547072604,16:24:32.604,AAVE/USDT:USDT,295.13,978.9,295.12,108.9,295.14,2.4,295.15,55.1
1753547072704,16:24:32.704,AAVE/USDT:USDT,295.13,880.3,295.12,108.9,295.14,2.4,295.15,55.1
1753547072804,16:24:32.804,AAVE/USDT:USDT,295.13,880.3,295.12,108.9,295.14,2.4,295.15,55.1
1753547073104,16:24:33.104,AAVE/USDT:USDT,295.13,880.3,295.12,108.9,295.14,3.1,295.15,55.1
1753547073204,16:24:33.204,AAVE/USDT:USDT,295.13,880.3,295.12,108.9,295.14,3.1,295.15,55.1
1753547073804,16:24:33.804,AAVE/USDT:USDT,295.13,750.9,295.12,42.9,295.14,56.1,295.15,55.1
1753547074204,16:24:34.204,AAVE/USDT:USDT,295.13,830.0,295.12,138.4,295.14,3.1,295.15,55.1
1753547074804,16:24:34.804,AAVE/USDT:USDT,295.13,843.2,295.12,118.5,295.14,3.1,295.15,55.1
1753547075404,16:24:35.404,AAVE/USDT:USDT,295.13,941.8,295.12,118.5,295.14,5.0,295.15,55.1
1753547076004,16:24:36.004,AAVE/USDT:USDT,295.16,389.3,295.15,136.0,295.17,0.4,295.18,92.5
1753547076104,16:24:36.104,AAVE/USDT:USDT,295.16,290.7,295.15,136.0,295.17,0.4,295.18,92.5
1753547076204,16:24:36.204,AAVE/USDT:USDT,295.16,389.1,295.15,136.0,295.17,0.4,295.18,92.5
1753547076404,16:24:36.404,AAVE/USDT:USDT,295.16,86.3,295.15,19.2,295.17,56.3,295.18,37.5
1753547076504,16:24:36.504,AAVE/USDT:USDT,295.16,96.8,295.15,55.5,295.17,56.5,295.18,37.5
1753547076704,16:24:36.704,AAVE/USDT:USDT,295.16,133.1,295.15,55.5,295.17,32.0,295.18,37.5
1753547076804,16:24:36.804,AAVE/USDT:USDT,295.16,133.1,295.15,55.5,295.17,32.0,295.18,37.5
1753547076904,16:24:36.904,AAVE/USDT:USDT,295.16,133.1,295.15,55.5,295.17,32.0,295.18,37.5
1753547077104,16:24:37.104,AAVE/USDT:USDT,295.16,133.1,295.15,55.5,295.17,32.0,295.18,37.5
1753547077204,16:24:37.204,AAVE/USDT:USDT,295.16,146.2,295.15,19.2,295.17,32.0,295.18,37.5
1753547077304,16:24:37.304,AAVE/USDT:USDT,295.16,258.7,295.15,55.5,295.17,32.0,295.18,37.5
1753547077404,16:24:37.404,AAVE/USDT:USDT,295.16,258.7,295.15,55.5,295.17,32.0,295.18,37.5
1753547077704,16:24:37.704,AAVE/USDT:USDT,295.16,258.7,295.15,55.5,295.17,32.0,295.18,37.5
1753547077904,16:24:37.904,AAVE/USDT:USDT,295.16,258.7,295.15,55.5,295.17,32.0,295.18,37.5
1753547078004,16:24:38.004,AAVE/USDT:USDT,295.16,258.7,295.15,55.5,295.17,6.8,295.18,37.5
1753547078104,16:24:38.104,AAVE/USDT:USDT,295.16,399.0,295.15,77.3,295.17,0.4,295.18,0.7
1753547078204,16:24:38.204,AAVE/USDT:USDT,295.16,399.0,295.15,77.3,295.17,0.4,295.18,0.7
1753547078304,16:24:38.304,AAVE/USDT:USDT,295.16,300.4,295.15,77.3,295.17,0.4,295.18,0.7
1753547078404,16:24:38.404,AAVE/USDT:USDT,295.16,298.6,295.15,77.3,295.17,0.4,295.18,0.7
1753547078504,16:24:38.504,AAVE/USDT:USDT,295.16,278.7,295.15,77.3,295.17,0.4,295.18,0.7
1753547078604,16:24:38.604,AAVE/USDT:USDT,295.16,278.7,295.15,77.3,295.17,0.4,295.18,0.7
1753547078704,16:24:38.704,AAVE/USDT:USDT,295.16,377.1,295.15,77.3,295.17,0.4,295.18,0.7
1753547078804,16:24:38.804,AAVE/USDT:USDT,295.16,377.3,295.15,77.3,295.17,0.4,295.18,0.7
1753547079004,16:24:39.004,AAVE/USDT:USDT,295.16,278.7,295.15,77.3,295.17,0.4,295.18,0.7
1753547079304,16:24:39.304,AAVE/USDT:USDT,295.16,220.6,295.15,19.2,295.17,32.2,295.18,37.5
1753547079704,16:24:39.704,AAVE/USDT:USDT,295.16,219.6,295.15,19.2,295.17,100.1,295.18,37.5
1753547079804,16:24:39.804,AAVE/USDT:USDT,295.16,205.7,295.15,19.2,295.17,100.1,295.18,37.5
1753547079904,16:24:39.904,AAVE/USDT:USDT,295.16,205.7,295.15,19.2,295.17,100.1,295.18,37.5
1753547080004,16:24:40.004,AAVE/USDT:USDT,295.16,205.7,295.15,19.2,295.17,102.1,295.18,37.5
1753547080204,16:24:40.204,AAVE/USDT:USDT,295.16,205.7,295.15,19.2,295.17,102.1,295.18,37.5
1753547080604,16:24:40.604,AAVE/USDT:USDT,295.16,205.7,295.15,9.6,295.17,102.1,295.18,37.5
1753547080704,16:24:40.704,AAVE/USDT:USDT,295.16,205.7,295.15,9.6,295.17,102.1,295.18,37.5
1753547080804,16:24:40.804,AAVE/USDT:USDT,295.16,242.0,295.15,67.7,295.17,102.1,295.18,37.5
1753547080904,16:24:40.904,AAVE/USDT:USDT,295.16,205.7,295.15,67.7,295.17,102.1,295.18,37.5
1753547081004,16:24:41.004,AAVE/USDT:USDT,295.16,205.7,295.15,31.4,295.17,53.5,295.18,37.5
1753547081104,16:24:41.104,AAVE/USDT:USDT,295.16,205.7,295.15,31.4,295.17,53.5,295.18,37.5
1753547081204,16:24:41.204,AAVE/USDT:USDT,295.16,205.7,295.15,31.4,295.17,53.5,295.18,37.5
1753547081604,16:24:41.604,AAVE/USDT:USDT,295.16,259.9,295.15,115.7,295.17,22.7,295.18,0.7
1753547081904,16:24:41.904,AAVE/USDT:USDT,295.16,259.9,295.15,115.5,295.17,22.7,295.18,0.7
1753547082104,16:24:42.104,AAVE/USDT:USDT,295.16,380.1,295.15,115.5,295.17,22.7,295.18,0.7
1753547082404,16:24:42.404,AAVE/USDT:USDT,295.16,394.8,295.15,116.2,295.17,22.7,295.18,0.7
1753547082604,16:24:42.604,AAVE/USDT:USDT,295.16,397.4,295.15,116.3,295.17,22.7,295.18,0.7
1753547082704,16:24:42.704,AAVE/USDT:USDT,295.16,298.3,295.15,116.3,295.17,22.7,295.18,0.7
1753547082904,16:24:42.904,AAVE/USDT:USDT,295.16,396.2,295.15,67.8,295.17,22.7,295.18,0.7
1753547083004,16:24:43.004,AAVE/USDT:USDT,295.16,297.6,295.15,67.8,295.17,22.7,295.18,0.7
1753547083204,16:24:43.204,AAVE/USDT:USDT,295.16,396.2,295.15,115.8,295.17,22.7,295.18,0.7
1753547083404,16:24:43.404,AAVE/USDT:USDT,295.16,297.6,295.15,115.8,295.17,22.7,295.18,0.7
1753547083504,16:24:43.504,AAVE/USDT:USDT,295.16,297.7,295.15,115.8,295.17,22.7,295.18,0.7
1753547083604,16:24:43.604,AAVE/USDT:USDT,295.16,297.7,295.15,115.8,295.17,22.7,295.18,0.7
1753547083704,16:24:43.704,AAVE/USDT:USDT,295.16,297.7,295.15,115.8,295.17,22.7,295.18,0.7
1753547083904,16:24:43.904,AAVE/USDT:USDT,295.16,280.0,295.15,115.8,295.17,22.7,295.18,0.7
1753547084004,16:24:44.004,AAVE/USDT:USDT,295.16,221.7,295.15,9.7,295.17,28.7,295.18,37.5
1753547084204,16:24:44.204,AAVE/USDT:USDT,295.16,258.2,295.15,67.8,295.17,28.9,295.18,37.5
1753547084404,16:24:44.404,AAVE/USDT:USDT,295.16,258.2,295.15,67.8,295.17,28.9,295.18,37.5
1753547084504,16:24:44.504,AAVE/USDT:USDT,295.16,356.8,295.15,67.8,295.17,28.9,295.18,37.5
1753547084904,16:24:44.904,AAVE/USDT:USDT,295.16,258.2,295.15,46.0,295.17,28.9,295.18,37.5
1753547085304,16:24:45.304,AAVE/USDT:USDT,295.16,221.7,295.15,9.6,295.17,57.7,295.18,37.5
1753547085404,16:24:45.404,AAVE/USDT:USDT,295.16,221.7,295.15,9.6,295.17,57.7,295.18,37.5
1753547085504,16:24:45.504,AAVE/USDT:USDT,295.16,221.7,295.15,9.6,295.17,37.7,295.18,37.5
1753547085704,16:24:45.704,AAVE/USDT:USDT,295.16,394.4,295.15,102.7,295.17,2.1,295.18,0.7
1753547085804,16:24:45.804,AAVE/USDT:USDT,295.16,394.4,295.15,102.7,295.17,2.1,295.18,0.7
1753547086004,16:24:46.004,AAVE/USDT:USDT,295.16,393.7,295.15,102.0,295.17,2.1,295.18,0.7
1753547086104,16:24:46.104,AAVE/USDT:USDT,295.16,393.7,295.15,102.0,295.17,2.1,295.18,0.7
1753547086304,16:24:46.304,AAVE/USDT:USDT,295.16,393.7,295.15,111.6,295.17,2.1,295.18,0.7
1753547086404,16:24:46.404,AAVE/USDT:USDT,295.16,393.7,295.15,111.6,295.17,2.1,295.18,0.7
1753547086604,16:24:46.604,AAVE/USDT:USDT,295.16,358.8,295.15,76.7,295.17,2.1,295.18,0.7
1753547086704,16:24:46.704,AAVE/USDT:USDT,295.16,358.8,295.15,76.7,295.17,2.1,295.18,0.7
1753547086804,16:24:46.804,AAVE/USDT:USDT,295.16,358.8,295.15,111.6,295.17,2.1,295.18,0.7
1753547087004,16:24:47.004,AAVE/USDT:USDT,295.16,337.9,295.15,80.3,295.17,2.1,295.18,0.7
1753547087104,16:24:47.104,AAVE/USDT:USDT,295.16,393.7,295.15,101.2,295.17,2.1,295.18,0.7
1753547087504,16:24:47.504,AAVE/USDT:USDT,295.16,337.9,295.15,45.4,295.17,2.1,295.18,0.7
1753547087604,16:24:47.604,AAVE/USDT:USDT,295.16,221.7,295.15,45.4,295.17,2.1,295.18,0.7
1753547087704,16:24:47.704,AAVE/USDT:USDT,295.16,221.7,295.15,45.4,295.17,33.3,295.18,72.4
1753547087804,16:24:47.804,AAVE/USDT:USDT,295.16,221.7,295.15,45.4,295.17,33.5,295.18,72.4
1753547088004,16:24:48.004,AAVE/USDT:USDT,295.16,221.7,295.15,19.2,295.17,33.5,295.18,72.4
1753547088104,16:24:48.104,AAVE/USDT:USDT,295.17,70.4,295.16,314.5,295.18,25.9,295.2,38.8
1753547088404,16:24:48.404,AAVE/USDT:USDT,295.17,333.4,295.16,192.8,295.18,0.9,295.2,2.0
1753547088604,16:24:48.604,AAVE/USDT:USDT,295.17,299.8,295.16,192.8,295.18,0.9,295.2,2.0
1753547088904,16:24:48.904,AAVE/USDT:USDT,295.17,201.3,295.16,159.2,295.18,0.9,295.2,2.0
1753547089104,16:24:49.104,AAVE/USDT:USDT,295.17,182.7,295.16,138.3,295.18,7.1,295.2,78.1
1753547089204,16:24:49.204,AAVE/USDT:USDT,295.17,132.2,295.16,138.3,295.18,32.3,295.19,20.2
1753547089404,16:24:49.404,AAVE/USDT:USDT,295.17,132.2,295.16,147.9,295.18,7.1,295.2,44.5
1753547089504,16:24:49.504,AAVE/USDT:USDT,295.17,132.2,295.16,147.9,295.18,7.1,295.2,78.1
1753547089704,16:24:49.704,AAVE/USDT:USDT,295.17,132.2,295.16,147.9,295.18,7.1,295.2,78.1
1753547089804,16:24:49.804,AAVE/USDT:USDT,295.17,132.2,295.16,147.9,295.18,7.1,295.2,78.1
1753547090704,16:24:50.704,AAVE/USDT:USDT,295.19,278.2,295.18,213.8,295.2,7.4,295.22,0.5
1753547091004,16:24:51.004,AAVE/USDT:USDT,295.19,179.4,295.18,213.8,295.2,7.4,295.22,0.5
1753547091104,16:24:51.104,AAVE/USDT:USDT,295.19,179.6,295.18,213.8,295.2,7.4,295.22,0.5
1753547091704,16:24:51.704,AAVE/USDT:USDT,295.19,205.1,295.18,120.1,295.2,4.7,295.22,0.5
1753547091904,16:24:51.904,AAVE/USDT:USDT,295.19,224.4,295.18,193.1,295.2,4.7,295.22,0.5
1753547092204,16:24:52.204,AAVE/USDT:USDT,295.19,260.1,295.18,193.8,295.2,4.7,295.22,0.5
1753547092304,16:24:52.304,AAVE/USDT:USDT,295.19,260.1,295.18,193.8,295.2,4.7,295.22,0.5
1753547092504,16:24:52.504,AAVE/USDT:USDT,295.19,208.1,295.18,141.1,295.2,1.3,295.22,0.5
1753547092704,16:24:52.704,AAVE/USDT:USDT,295.19,227.6,295.18,193.8,295.2,5.8,295.22,0.5
1753547092904,16:24:52.904,AAVE/USDT:USDT,295.19,208.1,295.18,141.1,295.2,5.8,295.22,0.5
1753547093004,16:24:53.004,AAVE/USDT:USDT,295.19,208.1,295.18,141.8,295.2,5.8,295.22,0.5
1753547093104,16:24:53.104,AAVE/USDT:USDT,295.19,227.6,295.18,193.8,295.2,5.8,295.22,0.5
1753547093204,16:24:53.204,AAVE/USDT:USDT,295.19,326.2,295.18,193.8,295.2,5.8,295.22,0.5
1753547093304,16:24:53.304,AAVE/USDT:USDT,295.19,243.9,295.18,193.8,295.2,5.8,295.22,0.5
1753547093704,16:24:53.704,AAVE/USDT:USDT,295.19,251.2,295.18,161.3,295.2,5.8,295.22,0.2
1753547094004,16:24:54.004,AAVE/USDT:USDT,295.19,283.7,295.18,193.8,295.2,5.8,295.22,0.2
1753547094404,16:24:54.404,AAVE/USDT:USDT,295.19,382.4,295.18,193.8,295.2,1.3,295.22,0.2
1753547094504,16:24:54.504,AAVE/USDT:USDT,295.19,382.4,295.18,193.8,295.2,1.3,295.22,0.2
1753547094604,16:24:54.604,AAVE/USDT:USDT,295.19,382.4,295.18,193.8,295.2,1.3,295.22,0.2
1753547095004,16:24:55.004,AAVE/USDT:USDT,295.19,330.5,295.18,186.8,295.2,1.3,295.22,0.2
1753547095204,16:24:55.204,AAVE/USDT:USDT,295.19,324.1,295.18,186.8,295.2,1.3,295.22,0.2
1753547095904,16:24:55.904,AAVE/USDT:USDT,295.19,325.1,295.18,186.8,295.2,1.3,295.22,37.0
1753547096104,16:24:56.104,AAVE/USDT:USDT,295.19,325.1,295.18,186.8,295.2,1.3,295.22,37.0
1753547096204,16:24:56.204,AAVE/USDT:USDT,295.19,325.1,295.18,186.8,295.2,1.3,295.22,0.2
1753547096404,16:24:56.404,AAVE/USDT:USDT,295.19,226.3,295.18,186.8,295.2,1.5,295.22,0.2
1753547096704,16:24:56.704,AAVE/USDT:USDT,295.19,325.1,295.18,186.8,295.2,1.5,295.22,0.2
1753547096804,16:24:56.804,AAVE/USDT:USDT,295.19,226.5,295.18,186.8,295.2,1.5,295.22,0.2
1753547097104,16:24:57.104,AAVE/USDT:USDT,295.19,226.5,295.18,186.8,295.2,1.5,295.22,38.8
1753547097204,16:24:57.204,AAVE/USDT:USDT,295.19,226.5,295.18,154.3,295.2,1.5,295.22,38.8
1753547097404,16:24:57.404,AAVE/USDT:USDT,295.19,324.1,295.18,186.8,295.2,1.5,295.22,38.8
1753547097704,16:24:57.704,AAVE/USDT:USDT,295.19,226.5,295.18,186.8,295.2,1.5,295.22,0.2
1753547098004,16:24:58.004,AAVE/USDT:USDT,295.21,204.5,295.2,171.4,295.22,0.1,295.24,4.1
1753547098104,16:24:58.104,AAVE/USDT:USDT,295.21,86.4,295.2,151.9,295.22,0.1,295.24,4.1
1753547098204,16:24:58.204,AAVE/USDT:USDT,295.21,185.0,295.2,183.2,295.22,0.1,295.24,4.1
1753547098504,16:24:58.504,AAVE/USDT:USDT,295.21,34.1,295.2,38.8,295.22,38.9,295.24,49.1
1753547098604,16:24:58.604,AAVE/USDT:USDT,295.21,70.6,295.2,38.8,295.22,38.9,295.24,49.1
1753547098704,16:24:58.704,AAVE/USDT:USDT,295.21,70.6,295.2,88.9,295.22,38.9,295.24,49.1
1753547098904,16:24:58.904,AAVE/USDT:USDT,295.21,188.1,295.2,88.9,295.22,0.1,295.24,43.0
1753547099104,16:24:59.104,AAVE/USDT:USDT,295.21,219.0,295.2,89.6,295.22,0.1,295.24,43.0
1753547099204,16:24:59.204,AAVE/USDT:USDT,295.21,90.2,295.2,89.6,295.22,0.1,295.24,43.0
1753547099304,16:24:59.304,AAVE/USDT:USDT,295.21,228.9,295.2,89.6,295.22,0.1,295.24,43.0
1753547099404,16:24:59.404,AAVE/USDT:USDT,295.21,228.7,295.2,89.6,295.22,0.3,295.24,43.0
1753547099504,16:24:59.504,AAVE/USDT:USDT,295.21,229.1,295.2,89.6,295.22,7.4,295.24,43.0
1753547099704,16:24:59.704,AAVE/USDT:USDT,295.21,228.4,295.2,88.9,295.22,10.4,295.24,43.0
1753547099804,16:24:59.804,AAVE/USDT:USDT,295.21,345.8,295.2,88.9,295.22,10.4,295.24,43.0
1753547100204,16:25:00.204,AAVE/USDT:USDT,295.21,127.9,295.2,38.8,295.22,81.2,295.23,91.8
1753547100404,16:25:00.404,AAVE/USDT:USDT,295.19,2.9,295.18,0.3,295.2,357.6,295.21,126.0
1753547101104,16:25:01.104,AAVE/USDT:USDT,295.2,38.8,295.18,38.9,295.21,28.7,295.22,12.5
1753547101304,16:25:01.304,AAVE/USDT:USDT,295.2,38.8,295.18,49.1,295.21,29.0,295.22,12.5
1753547102004,16:25:02.004,AAVE/USDT:USDT,295.2,38.5,295.18,49.1,295.21,65.0,295.22,12.5
1753547102304,16:25:02.304,AAVE/USDT:USDT,295.19,3.5,295.18,38.9,295.2,48.2,295.21,101.5
1753547102704,16:25:02.704,AAVE/USDT:USDT,295.19,28.9,295.18,38.9,295.2,18.4,295.21,34.4
1753547102904,16:25:02.904,AAVE/USDT:USDT,295.19,28.9,295.18,38.9,295.2,18.4,295.21,2.4
1753547103004,16:25:03.004,AAVE/USDT:USDT,295.19,28.9,295.18,38.9,295.2,18.4,295.21,2.4
1753547103104,16:25:03.104,AAVE/USDT:USDT,295.19,28.9,295.18,38.9,295.2,18.5,295.21,2.4
1753547103404,16:25:03.404,AAVE/USDT:USDT,295.19,28.9,295.18,38.9,295.2,20.8,295.21,0.1
1753547103604,16:25:03.604,AAVE/USDT:USDT,295.2,338.1,295.19,211.9,295.21,0.1,295.22,2.5
1753547103804,16:25:03.804,AAVE/USDT:USDT,295.21,303.4,295.2,268.5,295.22,2.6,295.23,0.7
1753547104004,16:25:04.004,AAVE/USDT:USDT,295.21,93.7,295.2,99.3,295.22,2.6,295.23,0.7
1753547104304,16:25:04.304,AAVE/USDT:USDT,295.21,0.1,295.2,39.0,295.22,201.7,295.23,92.6
1753547104704,16:25:04.704,AAVE/USDT:USDT,295.2,0.2,295.19,0.3,295.21,243.9,295.22,131.2
1753547105104,16:25:05.104,AAVE/USDT:USDT,295.16,0.1,295.15,15.3,295.17,161.9,295.18,66.6
1753547105504,16:25:05.504,AAVE/USDT:USDT,295.1,33.7,295.08,72.3,295.11,126.2,295.12,154.4
1753547105604,16:25:05.604,AAVE/USDT:USDT,295.1,33.7,295.08,72.3,295.11,101.3,295.12,103.8
1753547105904,16:25:05.904,AAVE/USDT:USDT,295.08,28.8,295.07,61.4,295.09,79.2,295.1,41.8
1753547106204,16:25:06.204,AAVE/USDT:USDT,295.05,0.4,295.04,30.9,295.06,212.6,295.07,133.3
1753547106504,16:25:06.504,AAVE/USDT:USDT,295.02,16.3,295.0,110.0,295.03,118.7,295.04,122.2
1753547106704,16:25:06.704,AAVE/USDT:USDT,295.02,100.9,295.0,110.0,295.03,52.3,295.04,20.2
1753547107204,16:25:07.204,AAVE/USDT:USDT,295.02,100.9,295.0,110.0,295.03,27.3,295.04,40.0
1753547107604,16:25:07.604,AAVE/USDT:USDT,295.02,16.3,295.0,110.0,295.03,212.5,295.04,63.9
1753547107704,16:25:07.704,AAVE/USDT:USDT,295.02,16.3,295.0,109.9,295.03,188.7,295.04,0.2
1753547107904,16:25:07.904,AAVE/USDT:USDT,295.02,80.1,295.0,109.9,295.03,122.7,295.04,0.2
1753547108004,16:25:08.004,AAVE/USDT:USDT,295.02,80.1,295.0,109.9,295.03,126.0,295.04,0.2
1753547108404,16:25:08.404,AAVE/USDT:USDT,295.02,80.6,295.0,109.9,295.03,157.5,295.04,0.2
1753547108504,16:25:08.504,AAVE/USDT:USDT,295.02,80.6,295.0,109.9,295.03,176.1,295.04,0.2
1753547108804,16:25:08.804,AAVE/USDT:USDT,295.02,16.8,295.0,109.9,295.03,127.1,295.04,40.0
1753547109104,16:25:09.104,AAVE/USDT:USDT,295.02,16.8,295.0,109.9,295.03,127.1,295.04,40.0
1753547109204,16:25:09.204,AAVE/USDT:USDT,295.02,16.8,295.0,109.9,295.03,127.1,295.04,40.0
1753547109504,16:25:09.504,AAVE/USDT:USDT,295.02,16.8,295.0,109.9,295.03,127.1,295.04,40.0
1753547109604,16:25:09.604,AAVE/USDT:USDT,295.02,16.8,295.0,109.9,295.03,127.1,295.04,0.2
1753547110104,16:25:10.104,AAVE/USDT:USDT,295.02,55.4,295.0,109.9,295.03,129.3,295.04,0.2
1753547110204,16:25:10.204,AAVE/USDT:USDT,295.02,16.8,295.0,109.9,295.03,129.3,295.04,0.2
1753547110804,16:25:10.804,AAVE/USDT:USDT,295.0,167.9,294.99,13.4,295.01,52.2,295.03,127.1
1753547111604,16:25:11.604,AAVE/USDT:USDT,295.02,96.9,295.01,28.7,295.03,166.1,295.04,40.3
1753547111804,16:25:11.804,AAVE/USDT:USDT,295.02,96.9,295.01,28.7,295.03,166.3,295.04,40.3
1753547112004,16:25:12.004,AAVE/USDT:USDT,295.02,96.9,295.01,28.7,295.03,166.3,295.04,40.3
1753547112504,16:25:12.504,AAVE/USDT:USDT,295.02,112.7,295.01,25.2,295.03,166.3,295.04,40.3
1753547112904,16:25:12.904,AAVE/USDT:USDT,295.02,74.1,295.0,109.8,295.03,334.8,295.04,87.4
1753547113604,16:25:13.604,AAVE/USDT:USDT,295.02,91.9,295.0,109.8,295.03,335.5,295.04,87.6
1753547113704,16:25:13.704,AAVE/USDT:USDT,295.02,91.9,295.0,109.8,295.03,311.4,295.04,87.6
1753547113804,16:25:13.804,AAVE/USDT:USDT,295.02,91.8,295.0,109.8,295.03,311.4,295.04,87.6
1753547114304,16:25:14.304,AAVE/USDT:USDT,294.97,1.9,294.96,0.5,294.98,302.7,294.99,185.5
1753547114704,16:25:14.704,AAVE/USDT:USDT,294.94,25.6,294.92,40.4,294.95,66.1,294.96,116.1
1753547114904,16:25:14.904,AAVE/USDT:USDT,294.94,25.8,294.92,40.4,294.95,65.5,294.96,54.1
1753547115004,16:25:15.004,AAVE/USDT:USDT,294.95,144.0,294.94,96.7,294.97,0.1,294.98,0.4
1753547115404,16:25:15.404,AAVE/USDT:USDT,294.94,62.0,294.93,19.2,294.95,18.3,294.97,122.8
1753547116004,16:25:16.004,AAVE/USDT:USDT,294.94,39.1,294.93,9.6,294.95,69.5,294.96,0.1
1753547116104,16:25:16.104,AAVE/USDT:USDT,294.94,39.1,294.93,9.6,294.95,69.5,294.96,26.4
1753547116304,16:25:16.304,AAVE/USDT:USDT,294.94,39.1,294.92,40.4,294.95,69.5,294.96,26.4
1753547116604,16:25:16.604,AAVE/USDT:USDT,294.94,39.1,294.92,40.4,294.95,88.2,294.96,26.4
1753547116704,16:25:16.704,AAVE/USDT:USDT,294.94,39.4,294.92,40.4,294.95,53.1,294.96,0.1
1753547117304,16:25:17.304,AAVE/USDT:USDT,294.94,70.9,294.93,59.7,294.95,13.2,294.96,0.1
1753547117404,16:25:17.404,AAVE/USDT:USDT,294.94,64.7,294.93,9.6,294.95,130.1,294.96,0.1
1753547117504,16:25:17.504,AAVE/USDT:USDT,294.94,64.7,294.93,9.6,294.95,130.1,294.96,0.1
1753547118004,16:25:18.004,AAVE/USDT:USDT,294.94,64.7,294.93,9.6,294.95,130.1,294.96,0.1
1753547118104,16:25:18.104,AAVE/USDT:USDT,294.94,64.7,294.93,9.6,294.95,130.1,294.96,0.1
1753547118704,16:25:18.704,AAVE/USDT:USDT,294.94,78.9,294.93,35.9,294.95,130.4,294.96,0.1
1753547119004,16:25:19.004,AAVE/USDT:USDT,294.94,78.9,294.93,9.6,294.95,130.4,294.96,0.1
1753547119304,16:25:19.304,AAVE/USDT:USDT,294.94,96.0,294.93,36.6,294.95,130.4,294.96,0.1
1753547119404,16:25:19.404,AAVE/USDT:USDT,294.94,97.7,294.93,9.6,294.95,130.9,294.96,0.1
1753547119504,16:25:19.504,AAVE/USDT:USDT,294.94,97.7,294.93,9.6,294.95,130.9,294.96,0.1
1753547119604,16:25:19.604,AAVE/USDT:USDT,294.94,80.9,294.93,9.6,294.95,130.9,294.96,0.1
1753547119804,16:25:19.804,AAVE/USDT:USDT,294.94,121.4,294.93,84.4,294.95,130.7,294.96,0.1
1753547120204,16:25:20.204,AAVE/USDT:USDT,294.94,78.7,294.93,35.3,294.95,131.2,294.96,0.1
1753547120704,16:25:20.704,AAVE/USDT:USDT,294.94,78.7,294.93,78.2,294.95,131.2,294.96,0.1
1753547120804,16:25:20.804,AAVE/USDT:USDT,294.94,78.7,294.93,78.2,294.95,131.2,294.96,0.1
1753547120904,16:25:20.904,AAVE/USDT:USDT,294.94,78.7,294.93,78.2,294.95,131.2,294.96,0.1
1753547121104,16:25:21.104,AAVE/USDT:USDT,294.94,78.7,294.93,78.2,294.95,131.2,294.96,0.1
1753547121304,16:25:21.304,AAVE/USDT:USDT,294.94,71.5,294.93,9.6,294.95,131.7,294.96,0.1
1753547121404,16:25:21.404,AAVE/USDT:USDT,294.94,71.5,294.93,9.6,294.95,131.7,294.96,0.1
1753547121504,16:25:21.504,AAVE/USDT:USDT,294.94,71.1,294.93,9.6,294.95,131.7,294.96,0.1
1753547121804,16:25:21.804,AAVE/USDT:USDT,294.94,71.1,294.93,9.6,294.95,131.7,294.96,0.1
1753547122104,16:25:22.104,AAVE/USDT:USDT,294.94,115.1,294.93,44.9,294.95,131.7,294.96,0.1
1753547122304,16:25:22.304,AAVE/USDT:USDT,294.94,138.1,294.93,90.5,294.95,131.7,294.96,0.1
1753547122404,16:25:22.404,AAVE/USDT:USDT,294.94,237.2,294.93,124.1,294.95,133.0,294.96,0.1
1753547122504,16:25:22.504,AAVE/USDT:USDT,294.94,138.8,294.93,91.2,294.95,133.0,294.96,0.1
1753547122704,16:25:22.704,AAVE/USDT:USDT,294.94,98.1,294.93,44.9,294.95,133.0,294.96,0.1
1753547123004,16:25:23.004,AAVE/USDT:USDT,294.94,98.1,294.93,19.2,294.95,133.0,294.96,0.1
1753547123404,16:25:23.404,AAVE/USDT:USDT,294.94,73.0,294.93,9.6,294.95,133.0,294.96,0.1
1753547123504,16:25:23.504,AAVE/USDT:USDT,294.94,132.2,294.93,114.5,294.95,131.0,294.96,0.1
1753547124004,16:25:24.004,AAVE/USDT:USDT,294.94,73.0,294.93,9.6,294.95,131.0,294.96,0.1
1753547124104,16:25:24.104,AAVE/USDT:USDT,294.94,73.5,294.93,9.6,294.95,131.0,294.96,0.1
1753547124804,16:25:24.804,AAVE/USDT:USDT,294.94,101.6,294.92,66.1,294.95,162.5,294.96,0.1
1753547124904,16:25:24.904,AAVE/USDT:USDT,294.94,101.3,294.92,66.1,294.95,162.2,294.96,0.1
1753547125804,16:25:25.804,AAVE/USDT:USDT,294.94,61.9,294.92,40.4,294.95,291.3,294.96,41.7
1753547125904,16:25:25.904,AAVE/USDT:USDT,294.94,24.7,294.92,40.4,294.95,309.7,294.96,41.7
1753547126004,16:25:26.004,AAVE/USDT:USDT,294.94,24.7,294.92,40.4,294.95,309.7,294.96,41.7
1753547126104,16:25:26.104,AAVE/USDT:USDT,294.94,24.7,294.92,40.4,294.95,241.3,294.96,0.1
1753547126204,16:25:26.204,AAVE/USDT:USDT,294.94,49.7,294.92,40.4,294.95,164.5,294.96,0.1
1753547126304,16:25:26.304,AAVE/USDT:USDT,294.94,68.2,294.92,40.4,294.95,164.5,294.96,0.1
1753547126904,16:25:26.904,AAVE/USDT:USDT,294.99,98.1,294.98,142.7,295.0,1.4,295.02,56.3
1753547127004,16:25:27.004,AAVE/USDT:USDT,294.99,98.1,294.98,142.7,295.0,1.4,295.02,56.3
1753547127404,16:25:27.404,AAVE/USDT:USDT,294.99,138.2,294.98,198.3,295.0,1.3,295.02,47.7
1753547127504,16:25:27.504,AAVE/USDT:USDT,294.99,98.2,294.98,152.3,295.0,1.3,295.02,47.7
1753547127604,16:25:27.604,AAVE/USDT:USDT,294.99,98.2,294.98,152.3,295.0,1.3,295.02,47.7
1753547127704,16:25:27.704,AAVE/USDT:USDT,294.99,98.2,294.98,152.3,295.0,5.3,295.02,47.7
1753547127904,16:25:27.904,AAVE/USDT:USDT,294.99,98.2,294.98,152.3,295.0,5.3,295.02,89.3
1753547128004,16:25:28.004,AAVE/USDT:USDT,294.99,98.2,294.98,152.3,295.0,5.3,295.02,89.3
1753547128604,16:25:28.604,AAVE/USDT:USDT,295.07,110.0,295.06,82.5,295.08,3.7,295.1,0.6
1753547128804,16:25:28.804,AAVE/USDT:USDT,295.07,110.0,295.06,72.9,295.08,3.9,295.1,0.6
1753547129404,16:25:29.404,AAVE/USDT:USDT,295.07,91.3,295.06,103.1,295.08,3.9,295.1,38.6
1753547129704,16:25:29.704,AAVE/USDT:USDT,295.0,0.2,294.98,37.0,295.01,224.4,295.02,103.8
1753547129804,16:25:29.804,AAVE/USDT:USDT,295.0,0.2,294.98,37.0,295.01,270.0,295.02,103.8
1753547130204,16:25:30.204,AAVE/USDT:USDT,295.0,1.0,294.98,37.0,295.01,249.1,295.02,81.0
1753547130704,16:25:30.704,AAVE/USDT:USDT,295.0,28.9,294.98,46.5,295.01,68.1,295.02,39.4
1753547131004,16:25:31.004,AAVE/USDT:USDT,295.0,28.9,294.98,46.5,295.01,90.9,295.02,62.2
1753547131304,16:25:31.304,AAVE/USDT:USDT,295.0,28.9,294.98,46.5,295.01,51.1,295.02,39.4
1753547131404,16:25:31.404,AAVE/USDT:USDT,295.0,28.3,294.98,46.5,295.01,51.1,295.02,39.4
1753547131504,16:25:31.504,AAVE/USDT:USDT,295.0,33.9,294.98,46.5,295.01,51.1,295.02,77.4
1753547131604,16:25:31.604,AAVE/USDT:USDT,295.0,33.9,294.98,46.5,295.01,77.9,295.02,77.4
1753547131704,16:25:31.704,AAVE/USDT:USDT,295.0,33.9,294.98,46.5,295.01,121.2,295.02,100.2
1753547131804,16:25:31.804,AAVE/USDT:USDT,295.0,33.9,294.98,46.5,295.01,98.4,295.02,39.4
1753547132004,16:25:32.004,AAVE/USDT:USDT,295.0,33.9,294.98,46.5,295.01,51.1,295.02,39.4
1753547132404,16:25:32.404,AAVE/USDT:USDT,295.0,33.9,294.98,46.5,295.01,51.1,295.02,39.4
1753547132704,16:25:32.704,AAVE/USDT:USDT,295.0,33.9,294.98,46.5,295.01,125.1,295.02,77.4
1753547132804,16:25:32.804,AAVE/USDT:USDT,295.0,33.9,294.98,46.5,295.01,87.7,295.02,39.4
1753547132904,16:25:32.904,AAVE/USDT:USDT,295.0,70.6,294.98,46.5,295.01,33.0,295.02,39.4
1753547133404,16:25:33.404,AAVE/USDT:USDT,295.0,425.3,294.98,37.0,295.01,100.2,295.02,83.2
1753547133704,16:25:33.704,AAVE/USDT:USDT,295.0,426.0,294.98,37.0,295.01,35.4,295.02,39.4
1753547133804,16:25:33.804,AAVE/USDT:USDT,295.0,426.0,294.98,37.0,295.01,35.4,295.02,39.4
1753547134004,16:25:34.004,AAVE/USDT:USDT,295.0,426.0,294.98,37.0,295.01,35.4,295.02,39.4
1753547134304,16:25:34.304,AAVE/USDT:USDT,295.0,124.5,294.98,37.0,295.01,120.8,295.02,106.7
1753547134404,16:25:34.404,AAVE/USDT:USDT,295.0,124.5,294.98,37.0,295.01,133.8,295.02,106.0
1753547134504,16:25:34.504,AAVE/USDT:USDT,295.0,123.6,294.98,37.0,295.01,91.9,295.02,62.2
1753547134804,16:25:34.804,AAVE/USDT:USDT,295.0,123.8,294.98,37.0,295.01,91.9,295.02,39.4
1753547135004,16:25:35.004,AAVE/USDT:USDT,295.0,123.8,294.98,37.0,295.01,91.9,295.02,109.7
1753547135304,16:25:35.304,AAVE/USDT:USDT,295.0,122.6,294.98,37.0,295.01,94.3,295.02,109.7
1753547135404,16:25:35.404,AAVE/USDT:USDT,295.0,122.8,294.98,37.0,295.01,94.3,295.02,109.7
1753547135504,16:25:35.504,AAVE/USDT:USDT,295.0,122.4,294.98,37.0,295.01,94.3,295.02,83.2
1753547136304,16:25:36.304,AAVE/USDT:USDT,294.94,56.4,294.93,15.8,294.95,60.3,294.96,70.5
1753547136804,16:25:36.804,AAVE/USDT:USDT,294.94,36.3,294.93,15.8,294.95,80.6,294.96,70.5
1753547136904,16:25:36.904,AAVE/USDT:USDT,294.94,36.3,294.93,15.8,294.95,34.4,294.97,46.1
1753547137504,16:25:37.504,AAVE/USDT:USDT,294.94,36.3,294.93,15.8,294.95,36.6,294.97,46.1
1753547137604,16:25:37.604,AAVE/USDT:USDT,294.94,36.3,294.93,15.8,294.95,36.6,294.97,46.1
1753547137704,16:25:37.704,AAVE/USDT:USDT,294.94,36.3,294.93,15.8,294.95,36.6,294.96,43.8
1753547137904,16:25:37.904,AAVE/USDT:USDT,294.94,36.4,294.93,15.8,294.95,36.6,294.96,43.8
1753547138104,16:25:38.104,AAVE/USDT:USDT,294.94,51.0,294.93,15.8,294.95,36.6,294.97,20.0
1753547138204,16:25:38.204,AAVE/USDT:USDT,294.94,116.0,294.93,16.5,294.95,7.1,294.97,20.0
1753547138404,16:25:38.404,AAVE/USDT:USDT,294.94,116.0,294.93,16.5,294.95,6.9,294.97,20.0
1753547138704,16:25:38.704,AAVE/USDT:USDT,294.94,115.3,294.93,15.8,294.95,11.7,294.96,43.8
1753547138804,16:25:38.804,AAVE/USDT:USDT,294.94,115.3,294.93,15.8,294.95,31.6,294.96,43.8
1753547139804,16:25:39.804,AAVE/USDT:USDT,294.93,38.3,294.92,1.4,294.94,105.2,294.95,97.3
1753547139904,16:25:39.904,AAVE/USDT:USDT,294.93,38.0,294.92,1.4,294.94,78.7,294.95,97.0
1753547140004,16:25:40.004,AAVE/USDT:USDT,294.93,38.0,294.92,1.4,294.94,81.0,294.95,53.8
1753547140104,16:25:40.104,AAVE/USDT:USDT,294.9,0.2,294.89,0.5,294.91,84.6,294.92,77.8
1753547140204,16:25:40.204,AAVE/USDT:USDT,294.89,62.2,294.88,36.9,294.9,36.1,294.92,46.0
1753547140604,16:25:40.604,AAVE/USDT:USDT,294.89,71.5,294.88,36.9,294.9,29.1,294.91,0.5
1753547140804,16:25:40.804,AAVE/USDT:USDT,294.89,71.5,294.88,36.9,294.9,29.1,294.91,0.5
1753547140904,16:25:40.904,AAVE/USDT:USDT,294.89,69.9,294.88,36.9,294.9,29.1,294.91,25.1
1753547141004,16:25:41.004,AAVE/USDT:USDT,294.89,71.4,294.88,36.9,294.9,29.1,294.91,25.1
1753547141204,16:25:41.204,AAVE/USDT:USDT,294.89,71.4,294.88,36.9,294.9,29.1,294.91,25.1
1753547141804,16:25:41.804,AAVE/USDT:USDT,294.86,26.3,294.85,3.8,294.87,23.0,294.88,4.3
1753547142004,16:25:42.004,AAVE/USDT:USDT,294.86,26.3,294.85,3.8,294.87,27.6,294.88,4.3
1753547142104,16:25:42.104,AAVE/USDT:USDT,294.86,26.3,294.85,3.8,294.87,27.6,294.88,4.3
1753547142404,16:25:42.404,AAVE/USDT:USDT,294.86,84.8,294.85,3.8,294.87,27.0,294.88,4.3
1753547142604,16:25:42.604,AAVE/USDT:USDT,294.86,84.8,294.85,4.5,294.87,8.9,294.88,4.3
1753547143104,16:25:43.104,AAVE/USDT:USDT,294.86,84.8,294.85,4.5,294.87,8.9,294.88,4.3
1753547143404,16:25:43.404,AAVE/USDT:USDT,294.86,84.7,294.85,3.8,294.87,14.4,294.88,0.1
1753547143604,16:25:43.604,AAVE/USDT:USDT,294.86,84.7,294.85,3.8,294.87,10.2,294.88,0.1
1753547143804,16:25:43.804,AAVE/USDT:USDT,294.86,84.7,294.85,13.4,294.87,10.2,294.88,0.1
1753547143904,16:25:43.904,AAVE/USDT:USDT,294.86,84.7,294.85,13.4,294.87,10.2,294.88,0.1
1753547144104,16:25:44.104,AAVE/USDT:USDT,294.86,183.8,294.85,14.1,294.87,10.2,294.88,0.1
1753547144304,16:25:44.304,AAVE/USDT:USDT,294.86,85.4,294.85,14.1,294.87,10.2,294.88,0.1
1753547144404,16:25:44.404,AAVE/USDT:USDT,294.86,184.0,294.85,14.1,294.87,10.2,294.88,0.1
1753547144904,16:25:44.904,AAVE/USDT:USDT,294.86,85.2,294.85,14.1,294.87,10.2,294.88,0.1
1753547145204,16:25:45.204,AAVE/USDT:USDT,294.86,83.0,294.85,46.4,294.87,8.0,294.88,0.1
1753547145304,16:25:45.304,AAVE/USDT:USDT,294.86,83.0,294.85,14.1,294.87,41.8,294.88,0.1
1753547145704,16:25:45.704,AAVE/USDT:USDT,294.86,125.5,294.85,89.3,294.87,41.6,294.88,0.1
1753547145904,16:25:45.904,AAVE/USDT:USDT,294.86,125.5,294.85,113.1,294.87,41.6,294.88,0.1
1753547146004,16:25:46.004,AAVE/USDT:USDT,294.86,125.5,294.85,113.1,294.87,41.6,294.88,0.1
1753547146204,16:25:46.204,AAVE/USDT:USDT,294.86,88.7,294.85,13.4,294.87,140.2,294.88,0.1
1753547146304,16:25:46.304,AAVE/USDT:USDT,294.86,49.4,294.85,13.4,294.87,7.6,294.88,0.1
1753547146604,16:25:46.604,AAVE/USDT:USDT,294.86,48.4,294.85,13.4,294.87,54.8,294.88,0.1
1753547147104,16:25:47.104,AAVE/USDT:USDT,294.86,48.4,294.85,13.4,294.87,54.8,294.88,63.6
1753547147504,16:25:47.504,AAVE/USDT:USDT,294.86,211.1,294.85,60.7,294.87,54.8,294.88,0.1
1753547147704,16:25:47.704,AAVE/USDT:USDT,294.86,113.0,294.85,119.0,294.87,56.6,294.88,0.1
1753547147904,16:25:47.904,AAVE/USDT:USDT,294.86,112.5,294.85,96.7,294.87,56.6,294.88,0.1
1753547148204,16:25:48.204,AAVE/USDT:USDT,294.86,112.5,294.85,82.1,294.87,56.6,294.88,0.1
1753547148404,16:25:48.404,AAVE/USDT:USDT,294.86,113.2,294.85,129.2,294.87,56.6,294.88,0.1
1753547148804,16:25:48.804,AAVE/USDT:USDT,294.79,47.1,294.78,35.1,294.8,27.1,294.81,25.2
1753547149004,16:25:49.004,AAVE/USDT:USDT,294.79,93.7,294.78,35.1,294.8,66.3,294.81,25.2
1753547149104,16:25:49.104,AAVE/USDT:USDT,294.79,93.7,294.78,35.1,294.8,66.3,294.81,25.2
1753547149404,16:25:49.404,AAVE/USDT:USDT,294.79,93.7,294.78,35.1,294.8,66.3,294.81,25.2
1753547149504,16:25:49.504,AAVE/USDT:USDT,294.79,93.7,294.78,35.1,294.8,66.3,294.81,25.2
1753547149604,16:25:49.604,AAVE/USDT:USDT,294.79,93.7,294.78,83.3,294.8,39.2,294.82,60.3
1753547149704,16:25:49.704,AAVE/USDT:USDT,294.79,93.7,294.78,35.1,294.8,39.4,294.82,60.3
1753547149804,16:25:49.804,AAVE/USDT:USDT,294.79,93.7,294.78,35.1,294.8,39.4,294.82,60.3
1753547150004,16:25:50.004,AAVE/USDT:USDT,294.79,107.9,294.78,95.3,294.8,39.4,294.82,60.3
1753547150304,16:25:50.304,AAVE/USDT:USDT,294.79,69.3,294.78,35.1,294.8,39.4,294.82,60.3
1753547150404,16:25:50.404,AAVE/USDT:USDT,294.79,69.3,294.78,35.1,294.8,39.4,294.82,60.3
1753547150504,16:25:50.504,AAVE/USDT:USDT,294.79,69.3,294.78,35.1,294.8,5.0,294.82,60.3
1753547150604,16:25:50.604,AAVE/USDT:USDT,294.79,87.2,294.78,35.1,294.8,41.6,294.82,60.3
1753547150804,16:25:50.804,AAVE/USDT:USDT,294.79,87.2,294.78,35.1,294.8,41.6,294.82,60.3
1753547150904,16:25:50.904,AAVE/USDT:USDT,294.79,69.1,294.78,35.1,294.8,41.6,294.82,60.3
1753547151004,16:25:51.004,AAVE/USDT:USDT,294.79,69.1,294.78,35.1,294.8,41.6,294.82,60.3
1753547151304,16:25:51.304,AAVE/USDT:USDT,294.79,69.3,294.78,35.1,294.8,41.6,294.82,60.3
1753547151604,16:25:51.604,AAVE/USDT:USDT,294.79,184.7,294.78,35.1,294.8,41.6,294.82,60.3
1753547151804,16:25:51.804,AAVE/USDT:USDT,294.79,35.8,294.78,35.1,294.8,109.7,294.82,60.3
1753547151904,16:25:51.904,AAVE/USDT:USDT,294.79,35.8,294.78,35.1,294.8,109.7,294.82,60.3
1753547152104,16:25:52.104,AAVE/USDT:USDT,294.79,126.6,294.78,35.1,294.8,76.6,294.82,60.3
1753547152204,16:25:52.204,AAVE/USDT:USDT,294.78,0.3,294.77,0.7,294.79,81.7,294.8,109.7
1753547152304,16:25:52.304,AAVE/USDT:USDT,294.78,7.3,294.77,0.7,294.79,89.8,294.8,109.8
1753547152504,16:25:52.504,AAVE/USDT:USDT,294.78,7.5,294.77,0.7,294.79,89.8,294.8,109.8
1753547152604,16:25:52.604,AAVE/USDT:USDT,294.78,7.5,294.77,0.7,294.79,89.8,294.8,109.8
1753547152704,16:25:52.704,AAVE/USDT:USDT,294.78,7.5,294.77,0.7,294.79,89.8,294.8,109.8
1753547152804,16:25:52.804,AAVE/USDT:USDT,294.78,0.3,294.77,0.7,294.79,89.8,294.8,109.8
1753547152904,16:25:52.904,AAVE/USDT:USDT,294.78,0.1,294.77,0.7,294.79,106.1,294.8,109.8
1753547153104,16:25:53.104,AAVE/USDT:USDT,294.78,0.1,294.77,0.7,294.79,63.8,294.8,109.8
1753547153304,16:25:53.304,AAVE/USDT:USDT,294.78,0.1,294.77,0.7,294.79,87.1,294.8,109.8
1753547153604,16:25:53.604,AAVE/USDT:USDT,294.78,155.8,294.77,118.6,294.79,23.5,294.8,74.8
1753547153904,16:25:53.904,AAVE/USDT:USDT,294.78,69.0,294.77,0.7,294.79,61.6,294.8,74.8
1753547154004,16:25:54.004,AAVE/USDT:USDT,294.78,0.1,294.77,0.7,294.79,61.6,294.8,146.4
1753547154204,16:25:54.204,AAVE/USDT:USDT,294.78,0.1,294.77,0.7,294.79,78.2,294.8,102.6
1753547154404,16:25:54.404,AAVE/USDT:USDT,294.78,153.2,294.77,0.7,294.79,23.5,294.8,41.7
1753547154504,16:25:54.504,AAVE/USDT:USDT,294.78,279.4,294.77,118.0,294.79,23.5,294.8,41.7
1753547154604,16:25:54.604,AAVE/USDT:USDT,294.78,180.8,294.77,118.0,294.79,23.5,294.8,41.7
1753547154704,16:25:54.704,AAVE/USDT:USDT,294.78,279.4,294.77,118.0,294.79,23.7,294.8,41.5
1753547155004,16:25:55.004,AAVE/USDT:USDT,294.78,279.6,294.77,118.0,294.79,57.4,294.8,5.4
1753547155204,16:25:55.204,AAVE/USDT:USDT,294.78,181.0,294.77,118.0,294.79,72.4,294.8,5.4
1753547155504,16:25:55.504,AAVE/USDT:USDT,294.78,153.2,294.77,10.7,294.79,72.3,294.8,5.4
1753547155604,16:25:55.604,AAVE/USDT:USDT,294.78,153.2,294.77,10.7,294.79,72.3,294.8,5.4
1753547155704,16:25:55.704,AAVE/USDT:USDT,294.78,153.2,294.77,10.0,294.79,72.8,294.8,4.9
1753547155904,16:25:55.904,AAVE/USDT:USDT,294.78,102.5,294.77,0.7,294.79,72.9,294.8,81.8
1753547156604,16:25:56.604,AAVE/USDT:USDT,294.78,104.0,294.77,0.7,294.79,39.4,294.8,38.0
1753547156804,16:25:56.804,AAVE/USDT:USDT,294.78,104.0,294.77,0.7,294.79,39.4,294.8,38.0
1753547156904,16:25:56.904,AAVE/USDT:USDT,294.78,104.0,294.77,0.7,294.79,39.4,294.8,81.8
1753547157104,16:25:57.104,AAVE/USDT:USDT,294.78,83.6,294.77,0.7,294.79,39.4,294.8,38.0
1753547157704,16:25:57.704,AAVE/USDT:USDT,294.78,197.2,294.77,118.7,294.79,39.4,294.8,4.9
1753547157804,16:25:57.804,AAVE/USDT:USDT,294.79,304.2,294.78,252.9,294.8,4.9,294.81,0.3
1753547157904,16:25:57.904,AAVE/USDT:USDT,294.79,305.1,294.78,233.0,294.8,5.0,294.81,0.3
1753547158004,16:25:58.004,AAVE/USDT:USDT,294.79,321.9,294.78,233.0,294.8,5.0,294.81,0.3
1753547158204,16:25:58.204,AAVE/USDT:USDT,294.83,163.4,294.82,117.9,294.84,0.1,294.85,0.3
1753547158304,16:25:58.304,AAVE/USDT:USDT,294.83,281.6,294.82,117.9,294.84,0.1,294.85,0.3
1753547158404,16:25:58.404,AAVE/USDT:USDT,294.83,281.6,294.82,117.9,294.84,0.1,294.85,0.3
1753547158604,16:25:58.604,AAVE/USDT:USDT,294.83,281.6,294.82,82.4,294.84,0.1,294.85,0.3
1753547158904,16:25:58.904,AAVE/USDT:USDT,294.83,254.1,294.82,55.6,294.84,0.1,294.85,0.3
1753547159004,16:25:59.004,AAVE/USDT:USDT,294.83,254.1,294.82,55.6,294.84,0.1,294.85,0.3
1753547159504,16:25:59.504,AAVE/USDT:USDT,294.83,303.0,294.82,55.6,294.84,0.1,294.85,0.3
1753547159604,16:25:59.604,AAVE/USDT:USDT,294.83,303.0,294.82,55.6,294.84,0.1,294.85,0.3
1753547160304,16:26:00.304,AAVE/USDT:USDT,294.86,294.6,294.85,193.6,294.87,23.9,294.88,0.2
1753547160404,16:26:00.404,AAVE/USDT:USDT,294.86,195.5,294.85,123.8,294.87,24.1,294.88,0.2
1753547160504,16:26:00.504,AAVE/USDT:USDT,294.86,313.6,294.85,123.8,294.87,24.1,294.88,0.2
1753547160604,16:26:00.604,AAVE/USDT:USDT,294.86,359.2,294.85,87.7,294.87,24.1,294.88,0.2
1753547161104,16:26:01.104,AAVE/USDT:USDT,294.86,359.2,294.85,112.9,294.87,24.1,294.88,0.2
1753547161404,16:26:01.404,AAVE/USDT:USDT,294.92,106.8,294.9,33.6,294.93,50.8,294.94,72.6
1753547161504,16:26:01.504,AAVE/USDT:USDT,294.92,128.3,294.9,33.5,294.93,25.4,294.94,33.2
1753547161904,16:26:01.904,AAVE/USDT:USDT,294.93,76.3,294.92,234.8,294.94,33.4,294.95,61.5
1753547162904,16:26:02.904,AAVE/USDT:USDT,294.96,390.1,294.95,93.4,294.97,5.8,294.98,0.1
1753547163004,16:26:03.004,AAVE/USDT:USDT,294.96,390.1,294.95,93.4,294.97,5.8,294.98,0.1
1753547163104,16:26:03.104,AAVE/USDT:USDT,294.96,420.4,294.95,178.7,294.97,5.8,294.98,0.1
1753547163204,16:26:03.204,AAVE/USDT:USDT,294.96,420.4,294.95,200.7,294.97,12.1,294.98,0.1
1753547163504,16:26:03.504,AAVE/USDT:USDT,294.96,123.1,294.95,82.6,294.97,37.5,294.98,33.2
1753547163704,16:26:03.704,AAVE/USDT:USDT,294.96,8.1,294.94,0.3,294.97,185.6,294.98,105.3
1753547164104,16:26:04.104,AAVE/USDT:USDT,294.92,45.8,294.9,43.2,294.93,135.2,294.94,171.0
1753547164704,16:26:04.704,AAVE/USDT:USDT,294.92,45.7,294.9,0.4,294.93,247.6,294.94,146.7
1753547166104,16:26:06.104,AAVE/USDT:USDT,294.84,4.1,294.82,0.4,294.85,228.2,294.86,127.3
1753547166404,16:26:06.404,AAVE/USDT:USDT,294.84,4.1,294.82,0.4,294.85,228.3,294.86,127.3
1753547166604,16:26:06.604,AAVE/USDT:USDT,294.84,4.1,294.82,0.4,294.85,200.3,294.86,57.4
1753547166704,16:26:06.704,AAVE/USDT:USDT,294.84,4.1,294.82,0.4,294.85,101.7,294.86,57.4
1753547166804,16:26:06.804,AAVE/USDT:USDT,294.84,4.1,294.82,0.4,294.85,200.3,294.86,96.8
1753547167004,16:26:07.004,AAVE/USDT:USDT,294.84,4.1,294.82,0.4,294.85,102.4,294.86,57.4
1753547167104,16:26:07.104,AAVE/USDT:USDT,294.84,4.1,294.82,0.4,294.85,102.4,294.86,57.4
1753547167304,16:26:07.304,AAVE/USDT:USDT,294.84,4.1,294.82,0.4,294.85,102.4,294.86,57.4
1753547167504,16:26:07.504,AAVE/USDT:USDT,294.84,4.1,294.82,0.4,294.85,202.5,294.86,57.4
1753547167604,16:26:07.604,AAVE/USDT:USDT,294.84,4.1,294.82,0.4,294.85,202.5,294.86,57.4
1753547168004,16:26:08.004,AAVE/USDT:USDT,294.84,4.1,294.82,33.5,294.85,120.2,294.86,57.4
1753547168204,16:26:08.204,AAVE/USDT:USDT,294.84,4.6,294.82,33.5,294.85,120.2,294.86,57.4
1753547168804,16:26:08.804,AAVE/USDT:USDT,294.84,39.8,294.82,33.5,294.85,85.1,294.86,57.4
1753547168904,16:26:08.904,AAVE/USDT:USDT,294.84,39.8,294.82,33.5,294.85,85.1,294.86,57.4
1753547169104,16:26:09.104,AAVE/USDT:USDT,294.84,39.8,294.82,33.5,294.85,85.1,294.86,57.4
1753547169204,16:26:09.204,AAVE/USDT:USDT,294.84,39.8,294.82,33.5,294.85,85.1,294.86,57.4
1753547169404,16:26:09.404,AAVE/USDT:USDT,294.84,5.1,294.82,33.5,294.85,118.2,294.86,57.4
1753547169704,16:26:09.704,AAVE/USDT:USDT,294.84,36.3,294.82,33.5,294.85,86.9,294.86,57.4
1753547169804,16:26:09.804,AAVE/USDT:USDT,294.84,70.4,294.82,135.4,294.85,86.9,294.86,57.4
1753547169904,16:26:09.904,AAVE/USDT:USDT,294.84,174.4,294.83,119.4,294.85,24.0,294.86,32.2
1753547170004,16:26:10.004,AAVE/USDT:USDT,294.84,174.4,294.83,119.4,294.85,24.0,294.86,32.2
1753547170204,16:26:10.204,AAVE/USDT:USDT,294.89,164.5,294.88,125.2,294.9,26.1,294.91,26.4
1753547170404,16:26:10.404,AAVE/USDT:USDT,294.89,35.8,294.88,33.8,294.9,26.2,294.91,26.4
1753547170704,16:26:10.704,AAVE/USDT:USDT,294.89,38.6,294.88,54.5,294.9,25.5,294.91,26.4
1753547171504,16:26:11.504,AAVE/USDT:USDT,294.89,20.5,294.88,33.1,294.9,95.8,294.91,26.4
1753547171804,16:26:11.804,AAVE/USDT:USDT,294.89,20.4,294.88,33.1,294.9,115.7,294.91,65.8
1753547172604,16:26:12.604,AAVE/USDT:USDT,294.89,55.4,294.88,33.1,294.9,96.0,294.92,58.8
1753547172704,16:26:12.704,AAVE/USDT:USDT,294.89,55.4,294.88,33.1,294.9,96.0,294.92,58.8
1753547173104,16:26:13.104,AAVE/USDT:USDT,294.89,74.0,294.88,77.5,294.9,58.8,294.92,58.8
1753547173504,16:26:13.504,AAVE/USDT:USDT,294.89,190.4,294.88,125.7,294.9,0.3,294.92,0.5
1753547173604,16:26:13.604,AAVE/USDT:USDT,294.89,190.4,294.88,125.7,294.9,0.3,294.92,0.5
1753547174004,16:26:14.004,AAVE/USDT:USDT,294.91,305.6,294.9,238.7,294.92,0.1,294.93,0.3
1753547174504,16:26:14.504,AAVE/USDT:USDT,294.91,36.2,294.9,135.3,294.92,104.2,294.94,44.0
1753547174704,16:26:14.704,AAVE/USDT:USDT,294.91,72.7,294.9,168.4,294.92,89.9,294.94,44.0
1753547175004,16:26:15.004,AAVE/USDT:USDT,294.91,72.7,294.9,93.7,294.92,89.9,294.94,44.0
1753547175104,16:26:15.104,AAVE/USDT:USDT,294.91,36.2,294.9,68.0,294.92,89.9,294.94,44.0
1753547175304,16:26:15.304,AAVE/USDT:USDT,294.91,157.5,294.9,161.4,294.92,64.7,294.94,44.0
1753547175404,16:26:15.404,AAVE/USDT:USDT,294.91,157.5,294.9,161.4,294.92,31.6,294.94,44.0
1753547175504,16:26:15.504,AAVE/USDT:USDT,294.91,58.9,294.9,161.4,294.92,31.6,294.94,44.0
1753547175604,16:26:15.604,AAVE/USDT:USDT,294.91,157.3,294.9,161.4,294.92,31.6,294.94,44.0
1753547175704,16:26:15.704,AAVE/USDT:USDT,294.91,157.5,294.9,161.4,294.92,31.6,294.94,44.0
1753547176004,16:26:16.004,AAVE/USDT:USDT,294.91,157.5,294.9,161.4,294.92,31.6,294.94,44.0
1753547176204,16:26:16.204,AAVE/USDT:USDT,294.91,157.5,294.9,161.4,294.92,31.6,294.94,44.0
1753547176304,16:26:16.304,AAVE/USDT:USDT,294.91,157.3,294.9,161.4,294.92,31.6,294.94,44.0
1753547176404,16:26:16.404,AAVE/USDT:USDT,294.91,178.6,294.9,161.4,294.92,31.6,294.94,10.9
1753547176504,16:26:16.504,AAVE/USDT:USDT,294.91,80.2,294.9,161.4,294.92,31.6,294.94,10.9
1753547176704,16:26:16.704,AAVE/USDT:USDT,294.91,80.2,294.9,161.4,294.92,31.6,294.94,10.9
1753547177004,16:26:17.004,AAVE/USDT:USDT,294.91,178.8,294.9,161.4,294.92,31.6,294.94,10.9
1753547177204,16:26:17.204,AAVE/USDT:USDT,294.91,178.9,294.9,68.7,294.92,31.6,294.94,10.9
1753547177604,16:26:17.604,AAVE/USDT:USDT,294.91,220.5,294.9,162.9,294.92,31.6,294.94,10.9
1753547178004,16:26:18.004,AAVE/USDT:USDT,294.91,178.9,294.9,118.8,294.92,31.6,294.94,10.9
1753547178204,16:26:18.204,AAVE/USDT:USDT,294.91,80.1,294.9,93.1,294.92,31.6,294.94,10.9
1753547178804,16:26:18.804,AAVE/USDT:USDT,294.93,288.7,294.92,227.1,294.94,1.3,294.95,14.0
1753547179004,16:26:19.004,AAVE/USDT:USDT,294.93,190.1,294.92,204.8,294.94,1.3,294.95,14.0
1753547179404,16:26:19.404,AAVE/USDT:USDT,294.93,197.4,294.92,204.8,294.94,2.1,294.95,14.0
1753547179804,16:26:19.804,AAVE/USDT:USDT,294.93,296.2,294.92,204.8,294.94,2.1,294.95,14.0
1753547179904,16:26:19.904,AAVE/USDT:USDT,294.93,197.6,294.92,204.8,294.94,2.1,294.95,14.0
1753547180204,16:26:20.204,AAVE/USDT:USDT,294.93,296.2,294.92,204.8,294.94,4.5,294.95,14.0
1753547180504,16:26:20.504,AAVE/USDT:USDT,294.93,294.7,294.92,204.8,294.94,4.5,294.95,14.0
1753547180604,16:26:20.604,AAVE/USDT:USDT,294.93,294.7,294.92,204.8,294.94,4.5,294.95,14.0
1753547180804,16:26:20.804,AAVE/USDT:USDT,294.93,109.5,294.92,136.2,294.94,4.5,294.95,14.0
1753547180904,16:26:20.904,AAVE/USDT:USDT,294.93,109.5,294.92,122.5,294.94,4.5,294.95,14.0
1753547181104,16:26:21.104,AAVE/USDT:USDT,294.93,249.2,294.92,164.8,294.94,0.9,294.95,0.3
1753547181304,16:26:21.304,AAVE/USDT:USDT,294.93,255.2,294.92,187.9,294.94,6.3,294.95,0.3
1753547182004,16:26:22.004,AAVE/USDT:USDT,294.93,296.3,294.92,187.9,294.94,6.3,294.95,0.3
1753547182104,16:26:22.104,AAVE/USDT:USDT,294.93,255.4,294.92,147.0,294.94,6.3,294.95,0.3
1753547182204,16:26:22.204,AAVE/USDT:USDT,294.93,255.4,294.92,147.0,294.94,6.3,294.95,0.3
