timestamp,time,exchange,symbol,bid1_price,bid1_volume,bid2_price,bid2_volume,ask1_price,ask1_volume,ask2_price,ask2_volume
1753591885217,04:51:25.217,bybit,AERO/USDT:USDT,0.8996,582.0,0.8995,800.0,0.8997,608.0,0.8998,652.0
1753591885317,04:51:25.317,bybit,AERO/USDT:USDT,0.8996,582.0,0.8995,800.0,0.8997,608.0,0.8998,620.0
1753591885418,04:51:25.418,bybit,AERO/USDT:USDT,0.8996,582.0,0.8995,832.0,0.8997,608.0,0.8998,599.0
1753591885617,04:51:25.617,bybit,AERO/USDT:USDT,0.8996,582.0,0.8995,800.0,0.8997,608.0,0.8998,675.0
1753591886018,04:51:26.018,bybit,AERO/USDT:USDT,0.8996,582.0,0.8995,800.0,0.8997,608.0,0.8998,652.0
1753591886517,04:51:26.517,bybit,AERO/USDT:USDT,0.8996,582.0,0.8995,800.0,0.8997,608.0,0.8998,675.0
1753591887818,04:51:27.818,bybit,AERO/USDT:USDT,0.8996,582.0,0.8995,800.0,0.8997,608.0,0.8998,675.0
1753591888418,04:51:28.418,bybit,AERO/USDT:USDT,0.8996,582.0,0.8995,832.0,0.8997,608.0,0.8998,599.0
1753591889117,04:51:29.117,bybit,AERO/USDT:USDT,0.8996,582.0,0.8995,832.0,0.8997,608.0,0.8998,599.0
1753591889817,04:51:29.817,bybit,AERO/USDT:USDT,0.8996,582.0,0.8995,832.0,0.8997,608.0,0.8998,599.0
1753591889919,04:51:29.919,bybit,AERO/USDT:USDT,0.8996,582.0,0.8995,832.0,0.8997,608.0,0.8998,599.0
1753591890017,04:51:30.017,bybit,AERO/USDT:USDT,0.8996,582.0,0.8995,832.0,0.8997,608.0,0.8998,599.0
1753591890117,04:51:30.117,bybit,AERO/USDT:USDT,0.8996,582.0,0.8995,832.0,0.8997,608.0,0.8998,599.0
1753591890217,04:51:30.217,bybit,AERO/USDT:USDT,0.8996,582.0,0.8995,832.0,0.8997,608.0,0.8998,622.0
1753591890317,04:51:30.317,bybit,AERO/USDT:USDT,0.8996,582.0,0.8995,832.0,0.8997,608.0,0.8998,622.0
1753591890617,04:51:30.617,bybit,AERO/USDT:USDT,0.8996,614.0,0.8995,832.0,0.8997,608.0,0.8998,599.0
1753591891418,04:51:31.418,bybit,AERO/USDT:USDT,0.8996,614.0,0.8995,832.0,0.8997,52.0,0.8998,599.0
1753591891619,04:51:31.619,bybit,AERO/USDT:USDT,0.8996,614.0,0.8995,832.0,0.8997,52.0,0.8998,599.0
1753591892219,04:51:32.219,bybit,AERO/USDT:USDT,0.8996,646.0,0.8995,864.0,0.8997,52.0,0.8998,599.0
1753591892417,04:51:32.417,bybit,AERO/USDT:USDT,0.8996,646.0,0.8995,864.0,0.8997,52.0,0.8998,599.0
1753591892520,04:51:32.520,bybit,AERO/USDT:USDT,0.8996,646.0,0.8995,887.0,0.8997,52.0,0.8998,599.0
1753591892818,04:51:32.818,bybit,AERO/USDT:USDT,0.8996,669.0,0.8995,887.0,0.8997,43.0,0.8998,43.0
1753591892920,04:51:32.920,bybit,AERO/USDT:USDT,0.8996,669.0,0.8995,887.0,0.8997,43.0,0.8998,43.0
1753591893017,04:51:33.017,bybit,AERO/USDT:USDT,0.8996,646.0,0.8995,887.0,0.8997,43.0,0.8998,43.0
1753591893417,04:51:33.417,bybit,AERO/USDT:USDT,0.8996,811.0,0.8995,887.0,0.8997,43.0,0.8998,43.0
1753591894418,04:51:34.418,bybit,AERO/USDT:USDT,0.8996,811.0,0.8995,887.0,0.8997,43.0,0.8998,43.0
1753591895619,04:51:35.619,bybit,AERO/USDT:USDT,0.8996,811.0,0.8995,887.0,0.8997,44.0,0.8998,43.0
1753591896217,04:51:36.217,bybit,AERO/USDT:USDT,0.8996,747.0,0.8995,832.0,0.8997,44.0,0.8998,43.0
1753591897219,04:51:37.219,bybit,AERO/USDT:USDT,0.8996,779.0,0.8995,864.0,0.8997,44.0,0.8998,43.0
1753591897819,04:51:37.819,bybit,AERO/USDT:USDT,0.8996,747.0,0.8995,864.0,0.8997,44.0,0.8998,43.0
1753591897919,04:51:37.919,bybit,AERO/USDT:USDT,0.8996,747.0,0.8995,864.0,0.8997,44.0,0.8998,43.0
1753591898419,04:51:38.419,bybit,AERO/USDT:USDT,0.8996,779.0,0.8995,864.0,0.8997,44.0,0.8998,43.0
1753591899218,04:51:39.218,bybit,AERO/USDT:USDT,0.8996,779.0,0.8995,864.0,0.8997,44.0,0.8998,43.0
1753591899617,04:51:39.617,bybit,AERO/USDT:USDT,0.8996,811.0,0.8995,887.0,0.8997,44.0,0.8998,43.0
1753591899719,04:51:39.719,bybit,AERO/USDT:USDT,0.8996,811.0,0.8995,887.0,0.8997,44.0,0.8998,43.0
1753591899818,04:51:39.818,bybit,AERO/USDT:USDT,0.8996,834.0,0.8995,887.0,0.8997,44.0,0.8998,43.0
1753591899918,04:51:39.918,bybit,AERO/USDT:USDT,0.8996,944.0,0.8995,997.0,0.8997,44.0,0.8998,43.0
1753591900318,04:51:40.318,bybit,AERO/USDT:USDT,0.8996,974.0,0.8995,997.0,0.8997,44.0,0.8998,43.0
1753591900418,04:51:40.418,bybit,AERO/USDT:USDT,0.8996,1413.0,0.8995,997.0,0.8997,44.0,0.8998,43.0
1753591900520,04:51:40.520,bybit,AERO/USDT:USDT,0.8996,1523.0,0.8995,997.0,0.8997,44.0,0.8998,43.0
1753591900619,04:51:40.619,bybit,AERO/USDT:USDT,0.8996,1523.0,0.8995,997.0,0.8997,44.0,0.8998,9.0
1753591900720,04:51:40.720,bybit,AERO/USDT:USDT,0.8996,1853.0,0.8995,1018.0,0.8997,44.0,0.8998,9.0
1753591900819,04:51:40.819,bybit,AERO/USDT:USDT,0.8996,1853.0,0.8995,1018.0,0.8997,44.0,0.8999,9.0
1753591900918,04:51:40.918,bybit,AERO/USDT:USDT,0.8996,1853.0,0.8995,1018.0,0.8997,44.0,0.8999,9.0
1753591901117,04:51:41.117,bybit,AERO/USDT:USDT,0.8996,1853.0,0.8995,1018.0,0.8997,44.0,0.8999,9.0
1753591901217,04:51:41.217,bybit,AERO/USDT:USDT,0.8996,1853.0,0.8995,1018.0,0.8997,44.0,0.8999,43.0
1753591901317,04:51:41.317,bybit,AERO/USDT:USDT,0.8996,2073.0,0.8995,1018.0,0.8997,44.0,0.8999,43.0
1753591901417,04:51:41.417,bybit,AERO/USDT:USDT,0.8996,2247.0,0.8995,1018.0,0.8997,44.0,0.8999,43.0
1753591901520,04:51:41.520,bybit,AERO/USDT:USDT,0.8996,2247.0,0.8995,1018.0,0.8997,44.0,0.8999,43.0
1753591901619,04:51:41.619,bybit,AERO/USDT:USDT,0.8996,2224.0,0.8995,1018.0,0.8997,44.0,0.8999,43.0
1753591901719,04:51:41.719,bybit,AERO/USDT:USDT,0.8996,2224.0,0.8995,1018.0,0.8997,44.0,0.8999,43.0
1753591901918,04:51:41.918,bybit,AERO/USDT:USDT,0.8996,2224.0,0.8995,1018.0,0.8997,44.0,0.8999,43.0
1753591902018,04:51:42.018,bybit,AERO/USDT:USDT,0.8996,2384.0,0.8995,1018.0,0.8997,44.0,0.8999,43.0
1753591902617,04:51:42.617,bybit,AERO/USDT:USDT,0.8996,2384.0,0.8995,1018.0,0.8997,44.0,0.8999,43.0
1753591902718,04:51:42.718,bybit,AERO/USDT:USDT,0.8996,2384.0,0.8995,1018.0,0.8997,44.0,0.8999,43.0
1753591902818,04:51:42.818,bybit,AERO/USDT:USDT,0.8996,2407.0,0.8995,1018.0,0.8997,44.0,0.8999,43.0
1753591902917,04:51:42.917,bybit,AERO/USDT:USDT,0.8996,2384.0,0.8995,1018.0,0.8997,44.0,0.8999,43.0
1753591903119,04:51:43.119,bybit,AERO/USDT:USDT,0.8996,2352.0,0.8995,995.0,0.8997,44.0,0.8999,579.0
1753591903217,04:51:43.217,bybit,AERO/USDT:USDT,0.8996,2384.0,0.8995,995.0,0.8997,44.0,0.8999,579.0
1753591903317,04:51:43.317,bybit,AERO/USDT:USDT,0.8996,2384.0,0.8995,1018.0,0.8997,44.0,0.8999,43.0
1753591903617,04:51:43.617,bybit,AERO/USDT:USDT,0.8996,2384.0,0.8995,1018.0,0.8997,44.0,0.8999,43.0
1753591903817,04:51:43.817,bybit,AERO/USDT:USDT,0.8996,2384.0,0.8995,1018.0,0.8997,44.0,0.8999,43.0
1753591904017,04:51:44.017,bybit,AERO/USDT:USDT,0.8996,2407.0,0.8995,1018.0,0.8997,44.0,0.8999,43.0
1753591904119,04:51:44.119,bybit,AERO/USDT:USDT,0.8996,2384.0,0.8995,1018.0,0.8997,44.0,0.8999,43.0
1753591904317,04:51:44.317,bybit,AERO/USDT:USDT,0.8996,2384.0,0.8995,1018.0,0.8997,44.0,0.8999,43.0
1753591904418,04:51:44.418,bybit,AERO/USDT:USDT,0.8996,2407.0,0.8995,1018.0,0.8997,44.0,0.8999,43.0
1753591904519,04:51:44.519,bybit,AERO/USDT:USDT,0.8996,2384.0,0.8995,1018.0,0.8997,44.0,0.8999,43.0
1753591905319,04:51:45.319,bybit,AERO/USDT:USDT,0.8996,2384.0,0.8995,1018.0,0.8997,44.0,0.8999,43.0
1753591905718,04:51:45.718,bybit,AERO/USDT:USDT,0.8996,2384.0,0.8995,1018.0,0.8997,44.0,0.8999,43.0
1753591905919,04:51:45.919,bybit,AERO/USDT:USDT,0.8996,2384.0,0.8995,1018.0,0.8997,44.0,0.8999,43.0
1753591906417,04:51:46.417,bybit,AERO/USDT:USDT,0.8996,2567.0,0.8995,1018.0,0.8997,44.0,0.8999,43.0
1753591907119,04:51:47.119,bybit,AERO/USDT:USDT,0.8996,2567.0,0.8995,1018.0,0.8997,44.0,0.8999,43.0
1753591907317,04:51:47.317,bybit,AERO/USDT:USDT,0.8996,2567.0,0.8995,1018.0,0.8997,44.0,0.8999,43.0
1753591908220,04:51:48.220,bybit,AERO/USDT:USDT,0.8996,2567.0,0.8995,1018.0,0.8997,44.0,0.8999,43.0
1753591908817,04:51:48.817,bybit,AERO/USDT:USDT,0.8996,2845.0,0.8995,1018.0,0.8997,44.0,0.8999,43.0
1753591908917,04:51:48.917,bybit,AERO/USDT:USDT,0.8996,2845.0,0.8995,1018.0,0.8997,44.0,0.8999,43.0
1753591909117,04:51:49.117,bybit,AERO/USDT:USDT,0.8996,2845.0,0.8995,1018.0,0.8997,44.0,0.8999,43.0
1753591909217,04:51:49.217,bybit,AERO/USDT:USDT,0.8996,2845.0,0.8995,995.0,0.8997,44.0,0.8999,43.0
1753591909418,04:51:49.418,bybit,AERO/USDT:USDT,0.8996,2845.0,0.8995,1018.0,0.8997,44.0,0.8999,43.0
1753591910019,04:51:50.019,bybit,AERO/USDT:USDT,0.8996,2845.0,0.8995,1018.0,0.8997,44.0,0.8999,43.0
1753591910119,04:51:50.119,bybit,AERO/USDT:USDT,0.8996,2862.0,0.8995,1018.0,0.8997,44.0,0.8999,43.0
1753591910619,04:51:50.619,bybit,AERO/USDT:USDT,0.8996,2862.0,0.8995,1018.0,0.8997,44.0,0.8999,43.0
1753591911119,04:51:51.119,bybit,AERO/USDT:USDT,0.8996,2862.0,0.8995,1018.0,0.8997,44.0,0.8999,43.0
1753591911517,04:51:51.517,bybit,AERO/USDT:USDT,0.8996,2862.0,0.8995,1018.0,0.8997,44.0,0.8999,43.0
1753591911619,04:51:51.619,bybit,AERO/USDT:USDT,0.8996,2862.0,0.8995,1018.0,0.8997,44.0,0.8999,43.0
1753591911717,04:51:51.717,bybit,AERO/USDT:USDT,0.8996,2291.0,0.8995,995.0,0.8997,44.0,0.8999,249.0
1753591911818,04:51:51.818,bybit,AERO/USDT:USDT,0.8996,2292.0,0.8995,931.0,0.8997,44.0,0.8999,792.0
1753591911917,04:51:51.917,bybit,AERO/USDT:USDT,0.8996,1989.0,0.8995,995.0,0.8997,44.0,0.8999,792.0
1753591912019,04:51:52.019,bybit,AERO/USDT:USDT,0.8996,2021.0,0.8995,1018.0,0.8997,44.0,0.8999,249.0
1753591912117,04:51:52.117,bybit,AERO/USDT:USDT,0.8996,2181.0,0.8995,1018.0,0.8997,44.0,0.8999,249.0
1753591912219,04:51:52.219,bybit,AERO/USDT:USDT,0.8996,2154.0,0.8995,1018.0,0.8997,44.0,0.8999,249.0
1753591912317,04:51:52.317,bybit,AERO/USDT:USDT,0.8996,2264.0,0.8995,1018.0,0.8997,44.0,0.8999,249.0
1753591912417,04:51:52.417,bybit,AERO/USDT:USDT,0.8996,2264.0,0.8995,1018.0,0.8997,44.0,0.8999,249.0
1753591912517,04:51:52.517,bybit,AERO/USDT:USDT,0.8996,2318.0,0.8995,1018.0,0.8997,44.0,0.8999,249.0
1753591912919,04:51:52.919,bybit,AERO/USDT:USDT,0.8996,2349.0,0.8995,1018.0,0.8997,44.0,0.8999,249.0
1753591913017,04:51:53.017,bybit,AERO/USDT:USDT,0.8996,2349.0,0.8995,1018.0,0.8997,44.0,0.8999,43.0
1753591913417,04:51:53.417,bybit,AERO/USDT:USDT,0.8996,2349.0,0.8995,1018.0,0.8997,44.0,0.8999,43.0
1753591913617,04:51:53.617,bybit,AERO/USDT:USDT,0.8996,2349.0,0.8995,1018.0,0.8997,44.0,0.8999,43.0
1753591913918,04:51:53.918,bybit,AERO/USDT:USDT,0.8996,2349.0,0.8995,1018.0,0.8997,44.0,0.8999,43.0
1753591914717,04:51:54.717,bybit,AERO/USDT:USDT,0.8996,2322.0,0.8995,995.0,0.8997,44.0,0.8999,43.0
1753591914817,04:51:54.817,bybit,AERO/USDT:USDT,0.8996,2322.0,0.8995,995.0,0.8997,44.0,0.8999,43.0
1753591915017,04:51:55.017,bybit,AERO/USDT:USDT,0.8996,2212.0,0.8995,1018.0,0.8997,44.0,0.8999,43.0
1753591915418,04:51:55.418,bybit,AERO/USDT:USDT,0.8996,2183.0,0.8995,995.0,0.8997,44.0,0.8999,43.0
1753591916217,04:51:56.217,bybit,AERO/USDT:USDT,0.8996,2048.0,0.8995,1018.0,0.8997,44.0,0.8999,43.0
1753591916417,04:51:56.417,bybit,AERO/USDT:USDT,0.8996,1938.0,0.8995,1018.0,0.8997,44.0,0.8999,43.0
1753591916519,04:51:56.519,bybit,AERO/USDT:USDT,0.8996,1938.0,0.8995,1018.0,0.8997,44.0,0.8999,43.0
1753591916719,04:51:56.719,bybit,AERO/USDT:USDT,0.8996,1938.0,0.8995,908.0,0.8997,44.0,0.8999,43.0
1753591918417,04:51:58.417,bybit,AERO/USDT:USDT,0.8996,1938.0,0.8995,908.0,0.8997,44.0,0.8999,43.0
1753591918720,04:51:58.720,bybit,AERO/USDT:USDT,0.8996,1828.0,0.8995,908.0,0.8997,44.0,0.8999,43.0
1753591918917,04:51:58.917,bybit,AERO/USDT:USDT,0.8996,1828.0,0.8995,908.0,0.8997,44.0,0.8999,43.0
1753591919017,04:51:59.017,bybit,AERO/USDT:USDT,0.8996,1828.0,0.8995,885.0,0.8997,38.0,0.8999,585.0
1753591919118,04:51:59.118,bybit,AERO/USDT:USDT,0.8996,1828.0,0.8995,885.0,0.8997,38.0,0.8999,585.0
1753591919219,04:51:59.219,bybit,AERO/USDT:USDT,0.8996,1953.0,0.8995,885.0,0.8997,38.0,0.8999,606.0
1753591919317,04:51:59.317,bybit,AERO/USDT:USDT,0.8996,1737.0,0.8995,885.0,0.8997,38.0,0.8999,606.0
1753591919419,04:51:59.419,bybit,AERO/USDT:USDT,0.8996,1572.0,0.8995,885.0,0.8997,38.0,0.8999,585.0
1753591920220,04:52:00.220,bybit,AERO/USDT:USDT,0.8996,1572.0,0.8995,885.0,0.8997,38.0,0.8999,585.0
1753591920417,04:52:00.417,bybit,AERO/USDT:USDT,0.8996,1572.0,0.8995,853.0,0.8997,38.0,0.8999,585.0
1753591920524,04:52:00.524,bybit,AERO/USDT:USDT,0.8996,1572.0,0.8995,885.0,0.8997,38.0,0.8999,585.0
1753591920718,04:52:00.718,bybit,AERO/USDT:USDT,0.8996,1604.0,0.8995,885.0,0.8997,38.0,0.8999,585.0
1753591920819,04:52:00.819,bybit,AERO/USDT:USDT,0.8996,1604.0,0.8995,885.0,0.8997,38.0,0.8999,585.0
1753591920919,04:52:00.919,bybit,AERO/USDT:USDT,0.8996,1572.0,0.8995,885.0,0.8997,38.0,0.8999,585.0
1753591921518,04:52:01.518,bybit,AERO/USDT:USDT,0.8998,565.0,0.8997,1322.0,0.8999,34.0,0.9,144.0
1753591921617,04:52:01.617,bybit,AERO/USDT:USDT,0.8998,595.0,0.8997,1136.0,0.8999,34.0,0.9,144.0
1753591921718,04:52:01.718,bybit,AERO/USDT:USDT,0.8998,595.0,0.8997,1136.0,0.8999,34.0,0.9,144.0
1753591922017,04:52:02.017,bybit,AERO/USDT:USDT,0.8999,572.0,0.8998,737.0,0.9,144.0,0.9001,1015.0
1753591922119,04:52:02.119,bybit,AERO/USDT:USDT,0.8999,572.0,0.8998,1293.0,0.9,144.0,0.9001,1015.0
1753591922318,04:52:02.318,bybit,AERO/USDT:USDT,0.8999,572.0,0.8998,1294.0,0.9,144.0,0.9001,1015.0
1753591922420,04:52:02.420,bybit,AERO/USDT:USDT,0.8999,572.0,0.8998,1294.0,0.9,144.0,0.9001,1015.0
1753591922520,04:52:02.520,bybit,AERO/USDT:USDT,0.8999,572.0,0.8998,1271.0,0.9,686.0,0.9001,1047.0
1753591922617,04:52:02.617,bybit,AERO/USDT:USDT,0.8999,542.0,0.8998,974.0,0.9,686.0,0.9001,1015.0
1753591922717,04:52:02.717,bybit,AERO/USDT:USDT,0.8999,542.0,0.8998,974.0,0.9,686.0,0.9001,1047.0
1753591922817,04:52:02.817,bybit,AERO/USDT:USDT,0.8999,542.0,0.8998,974.0,0.9,686.0,0.9001,1015.0
1753591922917,04:52:02.917,bybit,AERO/USDT:USDT,0.8999,542.0,0.8998,974.0,0.9,686.0,0.9001,1015.0
1753591923017,04:52:03.017,bybit,AERO/USDT:USDT,0.8999,542.0,0.8998,974.0,0.9,686.0,0.9001,1015.0
1753591923119,04:52:03.119,bybit,AERO/USDT:USDT,0.8999,542.0,0.8998,974.0,0.9,686.0,0.9001,1015.0
1753591923219,04:52:03.219,bybit,AERO/USDT:USDT,0.8999,542.0,0.8998,974.0,0.9,686.0,0.9001,1015.0
1753591923317,04:52:03.317,bybit,AERO/USDT:USDT,0.8999,542.0,0.8998,974.0,0.9,686.0,0.9001,1047.0
1753591924018,04:52:04.018,bybit,AERO/USDT:USDT,0.8999,542.0,0.8998,974.0,0.9,686.0,0.9001,1015.0
1753591924117,04:52:04.117,bybit,AERO/USDT:USDT,0.8999,542.0,0.8998,974.0,0.9,686.0,0.9001,1015.0
1753591924219,04:52:04.219,bybit,AERO/USDT:USDT,0.8999,542.0,0.8998,1239.0,0.9,144.0,0.9001,1015.0
1753591924319,04:52:04.319,bybit,AERO/USDT:USDT,0.8999,542.0,0.8998,1239.0,0.9,144.0,0.9001,1015.0
1753591924523,04:52:04.523,bybit,AERO/USDT:USDT,0.8999,542.0,0.8998,1239.0,0.9,144.0,0.9001,1015.0
1753591924617,04:52:04.617,bybit,AERO/USDT:USDT,0.8999,542.0,0.8998,1239.0,0.9,144.0,0.9001,1015.0
1753591925017,04:52:05.017,bybit,AERO/USDT:USDT,0.8999,542.0,0.8998,1239.0,0.9,144.0,0.9001,1015.0
1753591925518,04:52:05.518,bybit,AERO/USDT:USDT,0.8999,542.0,0.8998,1239.0,0.9,144.0,0.9001,1015.0
1753591925617,04:52:05.617,bybit,AERO/USDT:USDT,0.8999,542.0,0.8998,1239.0,0.9,144.0,0.9001,1015.0
1753591925917,04:52:05.917,bybit,AERO/USDT:USDT,0.8999,542.0,0.8998,1239.0,0.9,144.0,0.9001,1015.0
1753591926217,04:52:06.217,bybit,AERO/USDT:USDT,0.8999,542.0,0.8998,1239.0,0.9,683.0,0.9001,1630.0
1753591926719,04:52:06.719,bybit,AERO/USDT:USDT,0.8999,542.0,0.8998,974.0,0.9,683.0,0.9001,1630.0
1753591927718,04:52:07.718,bybit,AERO/USDT:USDT,0.8999,542.0,0.8998,974.0,0.9,683.0,0.9001,1630.0
1753591928019,04:52:08.019,bybit,AERO/USDT:USDT,0.8999,542.0,0.8998,974.0,0.9,683.0,0.9001,1630.0
1753591928117,04:52:08.117,bybit,AERO/USDT:USDT,0.8999,542.0,0.8998,974.0,0.9,683.0,0.9001,1630.0
1753591928319,04:52:08.319,bybit,AERO/USDT:USDT,0.8999,542.0,0.8998,974.0,0.9,683.0,0.9001,1630.0
1753591929218,04:52:09.218,bybit,AERO/USDT:USDT,0.8999,542.0,0.8998,974.0,0.9,144.0,0.9001,1598.0
1753591929319,04:52:09.319,bybit,AERO/USDT:USDT,0.8999,542.0,0.8998,974.0,0.9,144.0,0.9001,1630.0
1753591929419,04:52:09.419,bybit,AERO/USDT:USDT,0.8999,662.0,0.8998,1280.0,0.9,110.0,0.9001,1575.0
1753591929818,04:52:09.818,bybit,AERO/USDT:USDT,0.8999,662.0,0.8998,1280.0,0.9,110.0,0.9001,1015.0
1753591929919,04:52:09.919,bybit,AERO/USDT:USDT,0.8999,662.0,0.8998,1280.0,0.9,110.0,0.9001,1015.0
1753591930020,04:52:10.020,bybit,AERO/USDT:USDT,0.8999,662.0,0.8998,1280.0,0.9,110.0,0.9001,1015.0
1753591930319,04:52:10.319,bybit,AERO/USDT:USDT,0.8999,662.0,0.8998,1280.0,0.9,110.0,0.9001,1015.0
1753591930417,04:52:10.417,bybit,AERO/USDT:USDT,0.8999,662.0,0.8998,1280.0,0.9,110.0,0.9001,1015.0
1753591930918,04:52:10.918,bybit,AERO/USDT:USDT,0.8999,662.0,0.8998,1280.0,0.9,110.0,0.9001,1015.0
1753591931019,04:52:11.019,bybit,AERO/USDT:USDT,0.8999,662.0,0.8998,1280.0,0.9,110.0,0.9001,1015.0
1753591931117,04:52:11.117,bybit,AERO/USDT:USDT,0.8999,662.0,0.8998,1280.0,0.9,110.0,0.9001,1006.0
1753591931220,04:52:11.220,bybit,AERO/USDT:USDT,0.8999,662.0,0.8998,1280.0,0.9,110.0,0.9001,1006.0
1753591931317,04:52:11.317,bybit,AERO/USDT:USDT,0.8999,662.0,0.8998,1280.0,0.9,110.0,0.9001,1006.0
1753591932021,04:52:12.021,bybit,AERO/USDT:USDT,0.8999,662.0,0.8998,974.0,0.9,110.0,0.9001,1027.0
1753591932119,04:52:12.119,bybit,AERO/USDT:USDT,0.8999,662.0,0.8998,974.0,0.9,110.0,0.9001,1027.0
1753591932218,04:52:12.218,bybit,AERO/USDT:USDT,0.8999,662.0,0.8998,974.0,0.9,110.0,0.9001,1027.0
1753591932320,04:52:12.320,bybit,AERO/USDT:USDT,0.8999,662.0,0.8998,1280.0,0.9,110.0,0.9001,1027.0
1753591932419,04:52:12.419,bybit,AERO/USDT:USDT,0.8999,662.0,0.8998,1280.0,0.9,110.0,0.9001,1006.0
1753591932519,04:52:12.519,bybit,AERO/USDT:USDT,0.8999,662.0,0.8998,1280.0,0.9,110.0,0.9001,1006.0
1753591932619,04:52:12.619,bybit,AERO/USDT:USDT,0.8999,662.0,0.8998,1280.0,0.9,110.0,0.9001,1006.0
1753591932817,04:52:12.817,bybit,AERO/USDT:USDT,0.8999,662.0,0.8998,1280.0,0.9,110.0,0.9001,1006.0
1753591933119,04:52:13.119,bybit,AERO/USDT:USDT,0.8999,662.0,0.8998,1312.0,0.9,110.0,0.9001,1006.0
1753591933317,04:52:13.317,bybit,AERO/USDT:USDT,0.8999,662.0,0.8998,1312.0,0.9,110.0,0.9001,1006.0
1753591933418,04:52:13.418,bybit,AERO/USDT:USDT,0.8999,542.0,0.8998,1280.0,0.9,110.0,0.9001,1006.0
1753591933517,04:52:13.517,bybit,AERO/USDT:USDT,0.8999,542.0,0.8998,1280.0,0.9,110.0,0.9001,1006.0
1753591933818,04:52:13.818,bybit,AERO/USDT:USDT,0.8999,542.0,0.8998,1280.0,0.9,110.0,0.9001,1006.0
1753591933919,04:52:13.919,bybit,AERO/USDT:USDT,0.8999,542.0,0.8998,1006.0,0.9,110.0,0.9001,1006.0
1753591934418,04:52:14.418,bybit,AERO/USDT:USDT,0.8999,542.0,0.8998,1006.0,0.9,110.0,0.9001,1006.0
1753591934524,04:52:14.524,bybit,AERO/USDT:USDT,0.8999,542.0,0.8998,1290.0,0.9,110.0,0.9001,1006.0
1753591934819,04:52:14.819,bybit,AERO/USDT:USDT,0.8999,574.0,0.8998,1322.0,0.9,110.0,0.9001,1006.0
1753591934918,04:52:14.918,bybit,AERO/USDT:USDT,0.8999,542.0,0.8998,1322.0,0.9,110.0,0.9001,1006.0
1753591935018,04:52:15.018,bybit,AERO/USDT:USDT,0.8999,542.0,0.8998,1322.0,0.9,110.0,0.9001,1006.0
1753591935219,04:52:15.219,bybit,AERO/USDT:USDT,0.8999,542.0,0.8998,1322.0,0.9,110.0,0.9001,1006.0
1753591935617,04:52:15.617,bybit,AERO/USDT:USDT,0.8999,542.0,0.8998,1322.0,0.9,110.0,0.9001,1006.0
1753591935918,04:52:15.918,bybit,AERO/USDT:USDT,0.8999,542.0,0.8998,1322.0,0.9,110.0,0.9001,1006.0
1753591936017,04:52:16.017,bybit,AERO/USDT:USDT,0.8999,542.0,0.8998,1322.0,0.9,110.0,0.9001,1006.0
1753591937417,04:52:17.417,bybit,AERO/USDT:USDT,0.8999,542.0,0.8998,1290.0,0.9,110.0,0.9001,1006.0
1753591937618,04:52:17.618,bybit,AERO/USDT:USDT,0.8999,542.0,0.8998,1290.0,0.9,110.0,0.9001,1006.0
1753591938017,04:52:18.017,bybit,AERO/USDT:USDT,0.8999,542.0,0.8998,1322.0,0.9,110.0,0.9001,1006.0
1753591938717,04:52:18.717,bybit,AERO/USDT:USDT,0.8999,542.0,0.8998,1322.0,0.9,110.0,0.9001,1006.0
1753591938818,04:52:18.818,bybit,AERO/USDT:USDT,0.8999,574.0,0.8998,1322.0,0.9,110.0,0.9001,1006.0
1753591938919,04:52:18.919,bybit,AERO/USDT:USDT,0.8999,574.0,0.8998,1322.0,0.9,110.0,0.9001,1006.0
1753591939719,04:52:19.719,bybit,AERO/USDT:USDT,0.8999,574.0,0.8998,1322.0,0.9,110.0,0.9001,1006.0
1753591941018,04:52:21.018,bybit,AERO/USDT:USDT,0.8999,606.0,0.8998,1345.0,0.9,110.0,0.9001,1006.0
1753591941118,04:52:21.118,bybit,AERO/USDT:USDT,0.8999,741.0,0.8998,1345.0,0.9,110.0,0.9001,1006.0
1753591941317,04:52:21.317,bybit,AERO/USDT:USDT,0.8999,881.0,0.8998,1345.0,0.9,110.0,0.9001,1006.0
1753591941518,04:52:21.518,bybit,AERO/USDT:USDT,0.8999,771.0,0.8998,1322.0,0.9,110.0,0.9001,1006.0
1753591941620,04:52:21.620,bybit,AERO/USDT:USDT,0.8999,765.0,0.8998,1322.0,0.9,110.0,0.9001,1006.0
1753591941819,04:52:21.819,bybit,AERO/USDT:USDT,0.8999,765.0,0.8998,1322.0,0.9,110.0,0.9001,1006.0
1753591942420,04:52:22.420,bybit,AERO/USDT:USDT,0.8999,765.0,0.8998,1322.0,0.9,110.0,0.9001,1006.0
1753591942820,04:52:22.820,bybit,AERO/USDT:USDT,0.8999,765.0,0.8998,1322.0,0.9,110.0,0.9001,1006.0
1753591943219,04:52:23.219,bybit,AERO/USDT:USDT,0.8999,765.0,0.8998,1322.0,0.9,110.0,0.9001,1006.0
1753591943318,04:52:23.318,bybit,AERO/USDT:USDT,0.8999,765.0,0.8998,1322.0,0.9,110.0,0.9001,1006.0
1753591943419,04:52:23.419,bybit,AERO/USDT:USDT,0.8999,875.0,0.8998,1322.0,0.9,110.0,0.9001,1006.0
1753591943718,04:52:23.718,bybit,AERO/USDT:USDT,0.8999,875.0,0.8998,1322.0,0.9,110.0,0.9001,1006.0
1753591944118,04:52:24.118,bybit,AERO/USDT:USDT,0.9,729.0,0.8999,991.0,0.9001,1006.0,0.9002,18.0
1753591944220,04:52:24.220,bybit,AERO/USDT:USDT,0.9,619.0,0.8999,1000.0,0.9001,1006.0,0.9002,18.0
1753591944819,04:52:24.819,bybit,AERO/USDT:USDT,0.9,651.0,0.8999,1000.0,0.9001,1006.0,0.9002,18.0
1753591944918,04:52:24.918,bybit,AERO/USDT:USDT,0.9,651.0,0.8999,977.0,0.9001,1006.0,0.9002,18.0
1753591945318,04:52:25.318,bybit,AERO/USDT:USDT,0.9,621.0,0.8999,977.0,0.9001,1006.0,0.9002,18.0
1753591945417,04:52:25.417,bybit,AERO/USDT:USDT,0.9,621.0,0.8999,977.0,0.9001,1006.0,0.9002,18.0
1753591945919,04:52:25.919,bybit,AERO/USDT:USDT,0.9,589.0,0.8999,977.0,0.9001,1006.0,0.9002,575.0
1753591946019,04:52:26.019,bybit,AERO/USDT:USDT,0.9,557.0,0.8999,977.0,0.9001,1006.0,0.9002,619.0
1753591946119,04:52:26.119,bybit,AERO/USDT:USDT,0.9,589.0,0.8999,977.0,0.9001,1006.0,0.9002,575.0
1753591946217,04:52:26.217,bybit,AERO/USDT:USDT,0.9,557.0,0.8999,977.0,0.9001,1006.0,0.9002,575.0
1753591946418,04:52:26.418,bybit,AERO/USDT:USDT,0.9,589.0,0.8999,977.0,0.9001,1006.0,0.9002,575.0
1753591946525,04:52:26.525,bybit,AERO/USDT:USDT,0.9,621.0,0.8999,977.0,0.9001,1006.0,0.9002,575.0
1753591946918,04:52:26.918,bybit,AERO/USDT:USDT,0.9,589.0,0.8999,977.0,0.9001,1006.0,0.9002,575.0
1753591947617,04:52:27.617,bybit,AERO/USDT:USDT,0.9,557.0,0.8999,977.0,0.9001,1006.0,0.9002,598.0
1753591947919,04:52:27.919,bybit,AERO/USDT:USDT,0.9,621.0,0.8999,977.0,0.9001,1006.0,0.9002,575.0
1753591948119,04:52:28.119,bybit,AERO/USDT:USDT,0.9,621.0,0.8999,977.0,0.9001,1006.0,0.9002,575.0
1753591948219,04:52:28.219,bybit,AERO/USDT:USDT,0.9,589.0,0.8999,977.0,0.9001,1006.0,0.9002,598.0
1753591948319,04:52:28.319,bybit,AERO/USDT:USDT,0.9,557.0,0.8999,784.0,0.9001,1006.0,0.9002,630.0
1753591948418,04:52:28.418,bybit,AERO/USDT:USDT,0.9,557.0,0.8999,784.0,0.9001,1006.0,0.9002,651.0
1753591948523,04:52:28.523,bybit,AERO/USDT:USDT,0.9,557.0,0.8999,784.0,0.9001,1006.0,0.9002,628.0
1753591949317,04:52:29.317,bybit,AERO/USDT:USDT,0.9,557.0,0.8999,784.0,0.9001,1113.0,0.9002,651.0
1753591949418,04:52:29.418,bybit,AERO/USDT:USDT,0.9,557.0,0.8999,784.0,0.9001,1113.0,0.9002,651.0
1753591949519,04:52:29.519,bybit,AERO/USDT:USDT,0.9,557.0,0.8999,784.0,0.9001,1136.0,0.9002,651.0
1753591949618,04:52:29.618,bybit,AERO/USDT:USDT,0.9,557.0,0.8999,784.0,0.9001,1113.0,0.9002,651.0
1753591949817,04:52:29.817,bybit,AERO/USDT:USDT,0.9,557.0,0.8999,784.0,0.9001,1129.0,0.9002,651.0
1753591949918,04:52:29.918,bybit,AERO/USDT:USDT,0.9,557.0,0.8999,784.0,0.9001,1152.0,0.9002,651.0
1753591950018,04:52:30.018,bybit,AERO/USDT:USDT,0.8999,551.0,0.8998,1258.0,0.9,580.0,0.9001,1205.0
1753591950117,04:52:30.117,bybit,AERO/USDT:USDT,0.8999,551.0,0.8998,1258.0,0.9,580.0,0.9001,1205.0
1753591950220,04:52:30.220,bybit,AERO/USDT:USDT,0.8999,610.0,0.8998,1258.0,0.9,557.0,0.9001,1173.0
1753591951219,04:52:31.219,bybit,AERO/USDT:USDT,0.9,557.0,0.8999,886.0,0.9001,1129.0,0.9002,619.0
1753591951417,04:52:31.417,bybit,AERO/USDT:USDT,0.8999,610.0,0.8998,1290.0,0.9,557.0,0.9001,1150.0
1753591951718,04:52:31.718,bybit,AERO/USDT:USDT,0.8999,610.0,0.8998,1290.0,0.9,557.0,0.9001,1150.0
1753591952018,04:52:32.018,bybit,AERO/USDT:USDT,0.9,557.0,0.8999,834.0,0.9001,1150.0,0.9002,587.0
1753591952117,04:52:32.117,bybit,AERO/USDT:USDT,0.9,557.0,0.8999,834.0,0.9001,1129.0,0.9002,566.0
1753591952220,04:52:32.220,bybit,AERO/USDT:USDT,0.9,557.0,0.8999,834.0,0.9001,1129.0,0.9002,566.0
1753591952719,04:52:32.719,bybit,AERO/USDT:USDT,0.9,557.0,0.8999,834.0,0.9001,1129.0,0.9002,598.0
1753591953219,04:52:33.219,bybit,AERO/USDT:USDT,0.9,557.0,0.8999,834.0,0.9001,1129.0,0.9002,598.0
1753591953318,04:52:33.318,bybit,AERO/USDT:USDT,0.9,557.0,0.8999,834.0,0.9001,1129.0,0.9002,566.0
1753591954317,04:52:34.317,bybit,AERO/USDT:USDT,0.9,557.0,0.8999,834.0,0.9001,1129.0,0.9002,566.0
1753591954417,04:52:34.417,bybit,AERO/USDT:USDT,0.9,557.0,0.8999,834.0,0.9001,1129.0,0.9002,621.0
1753591955117,04:52:35.117,bybit,AERO/USDT:USDT,0.9,557.0,0.8999,834.0,0.9001,1129.0,0.9002,598.0
1753591955217,04:52:35.217,bybit,AERO/USDT:USDT,0.9,557.0,0.8999,834.0,0.9001,1129.0,0.9002,621.0
1753591955318,04:52:35.318,bybit,AERO/USDT:USDT,0.9,557.0,0.8999,834.0,0.9001,1129.0,0.9002,589.0
1753591955719,04:52:35.719,bybit,AERO/USDT:USDT,0.9,557.0,0.8999,834.0,0.9001,1129.0,0.9002,587.0
1753591955817,04:52:35.817,bybit,AERO/USDT:USDT,0.9,557.0,0.8999,834.0,0.9001,1129.0,0.9002,587.0
1753591955917,04:52:35.917,bybit,AERO/USDT:USDT,0.9,557.0,0.8999,834.0,0.9001,1129.0,0.9002,587.0
1753591956717,04:52:36.717,bybit,AERO/USDT:USDT,0.9,557.0,0.8999,834.0,0.9001,1129.0,0.9002,587.0
1753591956819,04:52:36.819,bybit,AERO/USDT:USDT,0.9,557.0,0.8999,834.0,0.9001,1129.0,0.9002,642.0
1753591957619,04:52:37.619,bybit,AERO/USDT:USDT,0.9,557.0,0.8999,834.0,0.9001,1129.0,0.9002,610.0
1753591957718,04:52:37.718,bybit,AERO/USDT:USDT,0.9,557.0,0.8999,834.0,0.9001,1129.0,0.9002,642.0
1753591957819,04:52:37.819,bybit,AERO/USDT:USDT,0.9,557.0,0.8999,834.0,0.9001,1128.0,0.9002,610.0
1753591957919,04:52:37.919,bybit,AERO/USDT:USDT,0.9,557.0,0.8999,834.0,0.9001,1128.0,0.9002,642.0
1753591958019,04:52:38.019,bybit,AERO/USDT:USDT,0.9,557.0,0.8999,834.0,0.9001,1128.0,0.9002,587.0
1753591958817,04:52:38.817,bybit,AERO/USDT:USDT,0.9,557.0,0.8999,866.0,0.9001,1128.0,0.9002,587.0
1753591959519,04:52:39.519,bybit,AERO/USDT:USDT,0.9,557.0,0.8999,866.0,0.9001,1128.0,0.9002,587.0
1753591959620,04:52:39.620,bybit,AERO/USDT:USDT,0.9,557.0,0.8999,866.0,0.9001,1128.0,0.9002,587.0
1753591959717,04:52:39.717,bybit,AERO/USDT:USDT,0.9,557.0,0.8999,866.0,0.9001,1128.0,0.9002,30.0
1753591959917,04:52:39.917,bybit,AERO/USDT:USDT,0.9,621.0,0.8999,898.0,0.9001,1128.0,0.9002,9.0
1753591960019,04:52:40.019,bybit,AERO/USDT:USDT,0.9,621.0,0.8999,898.0,0.9001,1128.0,0.9002,9.0
1753591960118,04:52:40.118,bybit,AERO/USDT:USDT,0.9,621.0,0.8999,898.0,0.9001,1128.0,0.9002,9.0
1753591960418,04:52:40.418,bybit,AERO/USDT:USDT,0.9,621.0,0.8999,898.0,0.9001,1128.0,0.9002,553.0
1753591960918,04:52:40.918,bybit,AERO/USDT:USDT,0.9,621.0,0.8999,898.0,0.9001,1128.0,0.9002,553.0
1753591961019,04:52:41.019,bybit,AERO/USDT:USDT,0.9,621.0,0.8999,898.0,0.9001,1128.0,0.9002,553.0
1753591961317,04:52:41.317,bybit,AERO/USDT:USDT,0.9,621.0,0.8999,898.0,0.9001,1128.0,0.9002,553.0
1753591961419,04:52:41.419,bybit,AERO/USDT:USDT,0.9,557.0,0.8999,898.0,0.9001,1128.0,0.9002,574.0
1753591961617,04:52:41.617,bybit,AERO/USDT:USDT,0.9,557.0,0.8999,834.0,0.9001,1128.0,0.9002,606.0
1753591962019,04:52:42.019,bybit,AERO/USDT:USDT,0.9,557.0,0.8999,834.0,0.9001,1128.0,0.9002,629.0
1753591962119,04:52:42.119,bybit,AERO/USDT:USDT,0.9,557.0,0.8999,834.0,0.9001,1128.0,0.9002,606.0
1753591962417,04:52:42.417,bybit,AERO/USDT:USDT,0.9,557.0,0.8999,866.0,0.9001,1128.0,0.9002,553.0
1753591962517,04:52:42.517,bybit,AERO/USDT:USDT,0.9,557.0,0.8999,834.0,0.9001,1128.0,0.9002,585.0
1753591962917,04:52:42.917,bybit,AERO/USDT:USDT,0.9,557.0,0.8999,834.0,0.9001,1128.0,0.9002,553.0
1753591963018,04:52:43.018,bybit,AERO/USDT:USDT,0.9,557.0,0.8999,834.0,0.9001,1128.0,0.9002,606.0
1753591963518,04:52:43.518,bybit,AERO/USDT:USDT,0.9,621.0,0.8999,898.0,0.9001,1128.0,0.9002,553.0
1753591964219,04:52:44.219,bybit,AERO/USDT:USDT,0.9,589.0,0.8999,898.0,0.9001,1128.0,0.9002,553.0
1753591964317,04:52:44.317,bybit,AERO/USDT:USDT,0.9,557.0,0.8999,898.0,0.9001,1128.0,0.9002,553.0
1753591964619,04:52:44.619,bybit,AERO/USDT:USDT,0.9,557.0,0.8999,898.0,0.9001,1128.0,0.9002,553.0
1753591964719,04:52:44.719,bybit,AERO/USDT:USDT,0.9,621.0,0.8999,898.0,0.9001,1119.0,0.9002,553.0
1753591965017,04:52:45.017,bybit,AERO/USDT:USDT,0.9,589.0,0.8999,898.0,0.9001,1119.0,0.9002,553.0
1753591965118,04:52:45.118,bybit,AERO/USDT:USDT,0.9,621.0,0.8999,898.0,0.9001,1119.0,0.9002,553.0
1753591965218,04:52:45.218,bybit,AERO/USDT:USDT,0.9,589.0,0.8999,898.0,0.9001,1119.0,0.9002,553.0
1753591966017,04:52:46.017,bybit,AERO/USDT:USDT,0.9,589.0,0.8999,898.0,0.9001,1119.0,0.9002,553.0
1753591966117,04:52:46.117,bybit,AERO/USDT:USDT,0.9,621.0,0.8999,898.0,0.9001,1119.0,0.9002,553.0
1753591966218,04:52:46.218,bybit,AERO/USDT:USDT,0.9,589.0,0.8999,898.0,0.9001,1119.0,0.9002,553.0
1753591966318,04:52:46.318,bybit,AERO/USDT:USDT,0.9,621.0,0.8999,898.0,0.9001,1119.0,0.9002,553.0
1753591966417,04:52:46.417,bybit,AERO/USDT:USDT,0.9,621.0,0.8999,898.0,0.9001,1119.0,0.9002,553.0
1753591966719,04:52:46.719,bybit,AERO/USDT:USDT,0.9,621.0,0.8999,898.0,0.9001,1119.0,0.9002,553.0
1753591967520,04:52:47.520,bybit,AERO/USDT:USDT,0.9,621.0,0.8999,898.0,0.9001,1119.0,0.9002,553.0
1753591967818,04:52:47.818,bybit,AERO/USDT:USDT,0.9,589.0,0.8999,898.0,0.9001,1119.0,0.9002,553.0
1753591967917,04:52:47.917,bybit,AERO/USDT:USDT,0.9,589.0,0.8999,898.0,0.9001,1119.0,0.9002,553.0
1753591968019,04:52:48.019,bybit,AERO/USDT:USDT,0.9,557.0,0.8999,898.0,0.9001,1119.0,0.9002,574.0
1753591969719,04:52:49.719,bybit,AERO/USDT:USDT,0.9,557.0,0.8999,898.0,0.9001,1119.0,0.9002,570.0
1753591969819,04:52:49.819,bybit,AERO/USDT:USDT,0.9,621.0,0.8999,898.0,0.9001,1119.0,0.9002,570.0
1753591970118,04:52:50.118,bybit,AERO/USDT:USDT,0.9,621.0,0.8999,898.0,0.9001,1119.0,0.9002,570.0
1753591970219,04:52:50.219,bybit,AERO/USDT:USDT,0.9,621.0,0.8999,898.0,0.9001,1119.0,0.9002,570.0
1753591970319,04:52:50.319,bybit,AERO/USDT:USDT,0.9,621.0,0.8999,898.0,0.9001,1119.0,0.9002,570.0
1753591970919,04:52:50.919,bybit,AERO/USDT:USDT,0.9,589.0,0.8999,898.0,0.9001,1119.0,0.9002,570.0
1753591971217,04:52:51.217,bybit,AERO/USDT:USDT,0.9,589.0,0.8999,898.0,0.9001,1119.0,0.9002,570.0
1753591971319,04:52:51.319,bybit,AERO/USDT:USDT,0.9,621.0,0.8999,898.0,0.9001,1119.0,0.9002,549.0
1753591971818,04:52:51.818,bybit,AERO/USDT:USDT,0.9,621.0,0.8999,898.0,0.9001,1124.0,0.9002,549.0
1753591971918,04:52:51.918,bybit,AERO/USDT:USDT,0.9,621.0,0.8999,898.0,0.9001,1124.0,0.9002,549.0
1753591972218,04:52:52.218,bybit,AERO/USDT:USDT,0.9,621.0,0.8999,898.0,0.9001,1124.0,0.9002,549.0
