timestamp,time,symbol,bid1_price,bid1_volume,bid2_price,bid2_volume,ask1_price,ask1_volume,ask2_price,ask2_volume
1753546946073,16:22:26.073,ACT/USDT:USDT,0.04585,5368.0,0.04584,21184.0,0.04586,5333.0,0.04587,19487.0
1753546946193,16:22:26.193,ACT/USDT:USDT,0.04585,5368.0,0.04584,21184.0,0.04586,5333.0,0.04587,19487.0
1753546946397,16:22:26.397,ACT/USDT:USDT,0.04585,5368.0,0.04584,21184.0,0.04586,5333.0,0.04587,19487.0
1753546946560,16:22:26.560,ACT/USDT:USDT,0.04585,12347.0,0.04584,27218.0,0.04586,5180.0,0.04587,14147.0
1753546946666,16:22:26.666,ACT/USDT:USDT,0.04585,12347.0,0.04584,27218.0,0.04586,5180.0,0.04587,14147.0
1753546946769,16:22:26.769,ACT/USDT:USDT,0.04585,17581.0,0.04584,27218.0,0.04586,723.0,0.04587,14147.0
1753546946875,16:22:26.875,ACT/USDT:USDT,0.04585,10602.0,0.04584,35099.0,0.04587,8390.0,0.04588,22253.0
1753546947155,16:22:27.155,ACT/USDT:USDT,0.04585,10602.0,0.04584,35099.0,0.04587,12277.0,0.04588,22253.0
1753546947261,16:22:27.261,ACT/USDT:USDT,0.04585,17581.0,0.04584,27578.0,0.04587,12277.0,0.04588,22253.0
1753546947373,16:22:27.373,ACT/USDT:USDT,0.04586,8624.0,0.04585,23067.0,0.04587,3887.0,0.04588,22253.0
1753546947481,16:22:27.481,ACT/USDT:USDT,0.04586,8624.0,0.04585,27224.0,0.04587,3887.0,0.04588,18982.0
1753546948002,16:22:28.002,ACT/USDT:USDT,0.04586,13857.0,0.04585,22531.0,0.04587,3887.0,0.04588,18982.0
1753546948477,16:22:28.477,ACT/USDT:USDT,0.04586,12486.0,0.04585,19554.0,0.04587,3887.0,0.04588,18982.0
1753546948602,16:22:28.602,ACT/USDT:USDT,0.04586,12486.0,0.04585,19554.0,0.04587,3887.0,0.04588,18982.0
1753546948820,16:22:28.820,ACT/USDT:USDT,0.04586,12486.0,0.04585,19554.0,0.04587,3887.0,0.04588,13982.0
1753546948927,16:22:28.927,ACT/USDT:USDT,0.04586,12486.0,0.04585,19554.0,0.04587,3887.0,0.04588,13982.0
1753546949477,16:22:29.477,ACT/USDT:USDT,0.04586,16070.0,0.04585,19554.0,0.04587,3887.0,0.04588,13982.0
1753546949709,16:22:29.709,ACT/USDT:USDT,0.04586,9093.0,0.04585,27074.0,0.04587,3887.0,0.04588,13982.0
1753546950657,16:22:30.657,ACT/USDT:USDT,0.04586,3860.0,0.04585,27893.0,0.04587,4008.0,0.04588,13982.0
1753546950795,16:22:30.795,ACT/USDT:USDT,0.04586,3860.0,0.04585,27893.0,0.04587,4008.0,0.04588,13982.0
1753546951028,16:22:31.028,ACT/USDT:USDT,0.04586,9093.0,0.04585,27893.0,0.04587,4008.0,0.04588,13982.0
1753546952305,16:22:32.305,ACT/USDT:USDT,0.04586,3860.0,0.04585,28067.0,0.04587,4008.0,0.04588,19714.0
1753546954002,16:22:34.002,ACT/USDT:USDT,0.04586,20231.0,0.04585,21535.0,0.04587,4008.0,0.04588,13982.0
1753546954602,16:22:34.602,ACT/USDT:USDT,0.04586,20231.0,0.04585,16004.0,0.04587,4008.0,0.04588,13982.0
1753546954719,16:22:34.719,ACT/USDT:USDT,0.04586,20231.0,0.04585,21497.0,0.04587,4008.0,0.04588,13982.0
1753546955302,16:22:35.302,ACT/USDT:USDT,0.04586,20231.0,0.04585,21497.0,0.04587,4008.0,0.04588,13982.0
1753546955546,16:22:35.546,ACT/USDT:USDT,0.04586,20231.0,0.04585,23677.0,0.04587,4008.0,0.04588,13982.0
1753546955740,16:22:35.740,ACT/USDT:USDT,0.04586,20231.0,0.04585,24647.0,0.04587,4008.0,0.04588,13982.0
1753546955846,16:22:35.846,ACT/USDT:USDT,0.04586,20231.0,0.04585,31969.0,0.04587,121.0,0.04588,13982.0
1753546955955,16:22:35.955,ACT/USDT:USDT,0.04586,20231.0,0.04585,34149.0,0.04587,121.0,0.04588,13982.0
1753546956552,16:22:36.552,ACT/USDT:USDT,0.04586,20231.0,0.04585,34149.0,0.04587,121.0,0.04588,17834.0
1753546957502,16:22:37.502,ACT/USDT:USDT,0.04586,20231.0,0.04585,34149.0,0.04587,121.0,0.04588,17834.0
1753546957618,16:22:37.618,ACT/USDT:USDT,0.04586,20231.0,0.04585,34149.0,0.04587,121.0,0.04588,17834.0
1753546957720,16:22:37.720,ACT/USDT:USDT,0.04586,20231.0,0.04585,34149.0,0.04587,121.0,0.04588,17834.0
1753546958027,16:22:38.027,ACT/USDT:USDT,0.04586,20231.0,0.04585,34149.0,0.04587,121.0,0.04588,17834.0
1753546958168,16:22:38.168,ACT/USDT:USDT,0.04586,20231.0,0.04585,34149.0,0.04587,121.0,0.04588,17834.0
1753546958438,16:22:38.438,ACT/USDT:USDT,0.04586,20231.0,0.04585,34149.0,0.04587,121.0,0.04588,17834.0
1753546959156,16:22:39.156,ACT/USDT:USDT,0.04586,20231.0,0.04585,34149.0,0.04587,121.0,0.04588,17834.0
1753546959302,16:22:39.302,ACT/USDT:USDT,0.04586,20231.0,0.04585,34149.0,0.04587,121.0,0.04588,17834.0
1753546959696,16:22:39.696,ACT/USDT:USDT,0.04586,20231.0,0.04585,34149.0,0.04587,121.0,0.04588,17834.0
1753546960064,16:22:40.064,ACT/USDT:USDT,0.04587,12515.0,0.04586,29792.0,0.04588,3852.0,0.04589,26003.0
1753546960165,16:22:40.165,ACT/USDT:USDT,0.04587,9951.0,0.04586,25366.0,0.04588,3852.0,0.04589,25739.0
1753546960370,16:22:40.370,ACT/USDT:USDT,0.04587,16927.0,0.04586,16857.0,0.04588,12157.0,0.04589,31746.0
1753546960485,16:22:40.485,ACT/USDT:USDT,0.04587,12917.0,0.04586,13730.0,0.04588,12157.0,0.04589,37886.0
1753546960588,16:22:40.588,ACT/USDT:USDT,0.04587,7685.0,0.04586,13730.0,0.04588,12157.0,0.04589,37886.0
1753546960705,16:22:40.705,ACT/USDT:USDT,0.04586,25867.0,0.04585,13663.0,0.04588,22149.0,0.04589,41502.0
1753546960807,16:22:40.807,ACT/USDT:USDT,0.04586,25867.0,0.04585,19086.0,0.04588,22149.0,0.04589,46643.0
1753546960909,16:22:40.909,ACT/USDT:USDT,0.04586,31100.0,0.04585,16906.0,0.04588,22149.0,0.04589,46643.0
1753546961058,16:22:41.058,ACT/USDT:USDT,0.04586,30559.0,0.04585,19086.0,0.04588,17149.0,0.04589,40636.0
1753546961162,16:22:41.162,ACT/USDT:USDT,0.04586,30559.0,0.04585,19086.0,0.04588,17149.0,0.04589,31292.0
1753546961402,16:22:41.402,ACT/USDT:USDT,0.04586,30559.0,0.04585,19086.0,0.04588,17149.0,0.04589,31292.0
1753546961543,16:22:41.543,ACT/USDT:USDT,0.04586,30559.0,0.04585,16906.0,0.04588,17149.0,0.04589,31292.0
1753546961787,16:22:41.787,ACT/USDT:USDT,0.04586,30559.0,0.04585,16906.0,0.04588,17149.0,0.04589,31292.0
1753546961903,16:22:41.903,ACT/USDT:USDT,0.04586,30559.0,0.04585,16906.0,0.04588,17149.0,0.04589,31292.0
1753546962502,16:22:42.502,ACT/USDT:USDT,0.04586,30559.0,0.04585,16906.0,0.04588,17149.0,0.04589,31292.0
1753546962606,16:22:42.606,ACT/USDT:USDT,0.04586,23582.0,0.04585,19002.0,0.04588,17149.0,0.04589,31292.0
1753546962730,16:22:42.730,ACT/USDT:USDT,0.04586,23582.0,0.04585,19002.0,0.04588,17149.0,0.04589,31292.0
1753546962904,16:22:42.904,ACT/USDT:USDT,0.04586,30559.0,0.04585,11483.0,0.04588,17149.0,0.04589,31292.0
1753546963016,16:22:43.016,ACT/USDT:USDT,0.04586,30559.0,0.04585,14653.0,0.04588,17149.0,0.04589,31292.0
1753546963121,16:22:43.121,ACT/USDT:USDT,0.04586,30559.0,0.04585,14653.0,0.04588,17149.0,0.04589,31292.0
1753546963567,16:22:43.567,ACT/USDT:USDT,0.04586,30559.0,0.04585,14653.0,0.04588,17149.0,0.04589,31292.0
1753546964102,16:22:44.102,ACT/USDT:USDT,0.04586,30559.0,0.04585,14653.0,0.04588,17149.0,0.04589,31292.0
1753546964277,16:22:44.277,ACT/USDT:USDT,0.04586,30559.0,0.04585,14653.0,0.04588,17149.0,0.04589,31292.0
1753546964556,16:22:44.556,ACT/USDT:USDT,0.04586,30559.0,0.04585,14653.0,0.04588,17149.0,0.04589,31292.0
1753546964702,16:22:44.702,ACT/USDT:USDT,0.04586,30559.0,0.04585,14653.0,0.04588,17149.0,0.04589,31292.0
1753546965324,16:22:45.324,ACT/USDT:USDT,0.04587,18453.0,0.04586,48392.0,0.04589,14221.0,0.0459,25843.0
1753546965427,16:22:45.427,ACT/USDT:USDT,0.04587,18453.0,0.04586,48392.0,0.04589,9617.0,0.0459,25442.0
1753546965535,16:22:45.535,ACT/USDT:USDT,0.04588,3731.0,0.04587,8354.0,0.04589,13792.0,0.0459,28207.0
1753546965641,16:22:45.641,ACT/USDT:USDT,0.04588,3731.0,0.04587,20246.0,0.04589,13792.0,0.0459,28207.0
1753546965877,16:22:45.877,ACT/USDT:USDT,0.04588,3731.0,0.04587,20246.0,0.04589,13792.0,0.0459,28207.0
1753546966017,16:22:46.017,ACT/USDT:USDT,0.04588,3731.0,0.04587,20246.0,0.04589,13792.0,0.0459,28207.0
1753546966157,16:22:46.157,ACT/USDT:USDT,0.04588,3731.0,0.04587,20780.0,0.04589,13792.0,0.0459,28207.0
1753546966263,16:22:46.263,ACT/USDT:USDT,0.04588,3731.0,0.04587,20780.0,0.04589,13792.0,0.0459,28207.0
1753546966369,16:22:46.369,ACT/USDT:USDT,0.04588,3731.0,0.04587,20780.0,0.04589,13792.0,0.0459,28207.0
1753546966471,16:22:46.471,ACT/USDT:USDT,0.04588,3731.0,0.04587,20780.0,0.04589,13792.0,0.0459,35428.0
1753546966681,16:22:46.681,ACT/USDT:USDT,0.04588,4005.0,0.04587,20780.0,0.04589,13792.0,0.0459,35428.0
1753546966824,16:22:46.824,ACT/USDT:USDT,0.04588,4005.0,0.04587,20780.0,0.04589,13792.0,0.0459,35428.0
1753546966949,16:22:46.949,ACT/USDT:USDT,0.04588,4005.0,0.04587,20780.0,0.04589,13792.0,0.0459,35428.0
1753546967052,16:22:47.052,ACT/USDT:USDT,0.04588,4005.0,0.04587,21842.0,0.04589,13792.0,0.0459,35428.0
1753546967187,16:22:47.187,ACT/USDT:USDT,0.04588,4005.0,0.04587,21842.0,0.04589,13792.0,0.0459,35428.0
1753546967472,16:22:47.472,ACT/USDT:USDT,0.04588,4005.0,0.04587,21842.0,0.04589,13792.0,0.0459,35428.0
1753546967602,16:22:47.602,ACT/USDT:USDT,0.04588,4005.0,0.04587,21842.0,0.04589,13792.0,0.0459,35428.0
1753546967773,16:22:47.773,ACT/USDT:USDT,0.04588,4005.0,0.04587,13764.0,0.04589,13792.0,0.0459,28207.0
1753546968142,16:22:48.142,ACT/USDT:USDT,0.04588,4005.0,0.04587,13764.0,0.04589,13792.0,0.0459,28207.0
1753546968245,16:22:48.245,ACT/USDT:USDT,0.04588,4005.0,0.04587,13764.0,0.04589,13792.0,0.0459,28207.0
1753546968572,16:22:48.572,ACT/USDT:USDT,0.04588,4005.0,0.04587,13764.0,0.04589,13792.0,0.0459,35428.0
1753546968833,16:22:48.833,ACT/USDT:USDT,0.04588,4005.0,0.04587,13764.0,0.04589,13792.0,0.0459,35428.0
1753546969116,16:22:49.116,ACT/USDT:USDT,0.04588,4005.0,0.04587,13764.0,0.04589,13792.0,0.0459,35570.0
1753546969562,16:22:49.562,ACT/USDT:USDT,0.04588,4005.0,0.04587,13764.0,0.04589,13792.0,0.0459,35570.0
1753546969727,16:22:49.727,ACT/USDT:USDT,0.04588,4005.0,0.04587,13764.0,0.04589,13792.0,0.0459,35570.0
1753546969984,16:22:49.984,ACT/USDT:USDT,0.04588,4264.0,0.04587,13764.0,0.04589,13792.0,0.0459,35570.0
1753546970166,16:22:50.166,ACT/USDT:USDT,0.04588,4264.0,0.04587,13764.0,0.04589,13792.0,0.0459,35570.0
1753546970307,16:22:50.307,ACT/USDT:USDT,0.04588,8434.0,0.04587,13764.0,0.04589,13792.0,0.0459,35570.0
1753546970536,16:22:50.536,ACT/USDT:USDT,0.04588,8434.0,0.04587,13764.0,0.04589,13792.0,0.0459,35570.0
1753546971106,16:22:51.106,ACT/USDT:USDT,0.04588,8434.0,0.04587,13764.0,0.04589,13792.0,0.0459,35570.0
1753546971262,16:22:51.262,ACT/USDT:USDT,0.04588,17077.0,0.04587,18334.0,0.04589,13639.0,0.0459,28207.0
1753546971524,16:22:51.524,ACT/USDT:USDT,0.04588,17077.0,0.04587,18334.0,0.04589,13639.0,0.0459,28207.0
1753546971637,16:22:51.637,ACT/USDT:USDT,0.04588,11846.0,0.04587,18334.0,0.04589,13639.0,0.0459,28207.0
1753546972166,16:22:52.166,ACT/USDT:USDT,0.04588,11846.0,0.04587,18334.0,0.04589,13639.0,0.0459,35385.0
1753546972274,16:22:52.274,ACT/USDT:USDT,0.04588,11846.0,0.04587,18334.0,0.04589,13639.0,0.0459,35385.0
1753546972396,16:22:52.396,ACT/USDT:USDT,0.04588,11846.0,0.04587,18334.0,0.04589,13639.0,0.0459,28207.0
1753546972531,16:22:52.531,ACT/USDT:USDT,0.04588,18820.0,0.04587,15818.0,0.04589,13639.0,0.0459,28207.0
1753546972797,16:22:52.797,ACT/USDT:USDT,0.04588,18820.0,0.04587,15818.0,0.04589,13639.0,0.0459,28207.0
1753546973175,16:22:53.175,ACT/USDT:USDT,0.04588,18820.0,0.04587,15818.0,0.04589,13639.0,0.0459,28207.0
1753546973339,16:22:53.339,ACT/USDT:USDT,0.04588,18820.0,0.04587,15818.0,0.04589,13639.0,0.0459,35385.0
1753546973456,16:22:53.456,ACT/USDT:USDT,0.04588,18820.0,0.04587,15818.0,0.04589,13639.0,0.0459,28207.0
1753546973640,16:22:53.640,ACT/USDT:USDT,0.04588,18820.0,0.04587,15818.0,0.04589,13639.0,0.0459,28207.0
1753546973902,16:22:53.902,ACT/USDT:USDT,0.04588,18820.0,0.04587,15818.0,0.04589,13639.0,0.0459,28207.0
1753546974447,16:22:54.447,ACT/USDT:USDT,0.04588,18820.0,0.04587,15818.0,0.04589,13639.0,0.0459,28207.0
1753546974808,16:22:54.808,ACT/USDT:USDT,0.04588,18820.0,0.04587,15818.0,0.04589,13639.0,0.0459,28207.0
1753546974996,16:22:54.996,ACT/USDT:USDT,0.04588,18820.0,0.04587,15818.0,0.04589,13639.0,0.0459,28207.0
1753546975527,16:22:55.527,ACT/USDT:USDT,0.04588,18820.0,0.04587,15818.0,0.04589,13639.0,0.0459,28207.0
1753546975719,16:22:55.719,ACT/USDT:USDT,0.04588,18820.0,0.04587,15818.0,0.04589,13639.0,0.0459,28207.0
1753546975824,16:22:55.824,ACT/USDT:USDT,0.04588,18820.0,0.04587,15818.0,0.04589,13639.0,0.0459,28207.0
1753546975982,16:22:55.982,ACT/USDT:USDT,0.04588,18820.0,0.04587,15818.0,0.04589,13639.0,0.0459,28207.0
1753546976102,16:22:56.102,ACT/USDT:USDT,0.04588,18820.0,0.04587,15818.0,0.04589,13639.0,0.0459,28207.0
1753546976247,16:22:56.247,ACT/USDT:USDT,0.04588,18820.0,0.04587,15818.0,0.04589,13639.0,0.0459,28207.0
1753546976602,16:22:56.602,ACT/USDT:USDT,0.04588,18820.0,0.04587,15818.0,0.04589,13639.0,0.0459,28207.0
1753546976707,16:22:56.707,ACT/USDT:USDT,0.04588,18820.0,0.04587,15818.0,0.04589,13639.0,0.0459,28207.0
1753546976908,16:22:56.908,ACT/USDT:USDT,0.04588,18820.0,0.04587,15818.0,0.04589,13639.0,0.0459,28207.0
1753546977078,16:22:57.078,ACT/USDT:USDT,0.04588,18820.0,0.04587,15184.0,0.04589,13639.0,0.0459,28207.0
1753546977286,16:22:57.286,ACT/USDT:USDT,0.04588,18820.0,0.04587,15184.0,0.04589,13639.0,0.0459,28207.0
1753546977483,16:22:57.483,ACT/USDT:USDT,0.04588,18820.0,0.04587,15184.0,0.04589,13639.0,0.0459,28207.0
1753546977590,16:22:57.590,ACT/USDT:USDT,0.04588,18820.0,0.04587,15184.0,0.04589,13639.0,0.0459,28207.0
1753546977702,16:22:57.702,ACT/USDT:USDT,0.04588,18820.0,0.04587,15184.0,0.04589,13639.0,0.0459,28207.0
1753546978302,16:22:58.302,ACT/USDT:USDT,0.04588,18820.0,0.04587,15184.0,0.04589,13639.0,0.0459,28207.0
1753546978902,16:22:58.902,ACT/USDT:USDT,0.04588,18820.0,0.04587,15184.0,0.04589,13639.0,0.0459,28207.0
1753546979008,16:22:59.008,ACT/USDT:USDT,0.04588,18820.0,0.04587,15184.0,0.04589,13639.0,0.0459,28207.0
1753546979507,16:22:59.507,ACT/USDT:USDT,0.04588,18820.0,0.04587,15184.0,0.04589,13639.0,0.0459,35385.0
1753546979686,16:22:59.686,ACT/USDT:USDT,0.04588,18820.0,0.04587,15184.0,0.04589,13639.0,0.0459,28207.0
1753546980072,16:23:00.072,ACT/USDT:USDT,0.04588,18820.0,0.04587,15184.0,0.04589,713.0,0.0459,22172.0
1753546980180,16:23:00.180,ACT/USDT:USDT,0.04588,18820.0,0.04587,15184.0,0.04589,713.0,0.0459,22172.0
1753546980299,16:23:00.299,ACT/USDT:USDT,0.04588,18820.0,0.04587,15184.0,0.04589,713.0,0.0459,26155.0
1753546980595,16:23:00.595,ACT/USDT:USDT,0.04588,18820.0,0.04587,15184.0,0.04589,713.0,0.0459,26155.0
1753546980796,16:23:00.796,ACT/USDT:USDT,0.04588,22589.0,0.04587,15184.0,0.04589,713.0,0.0459,26155.0
1753546980901,16:23:00.901,ACT/USDT:USDT,0.04588,22589.0,0.04587,15184.0,0.04589,713.0,0.0459,26155.0
1753546981142,16:23:01.142,ACT/USDT:USDT,0.04588,22589.0,0.04587,15184.0,0.04589,8844.0,0.0459,26155.0
1753546981282,16:23:01.282,ACT/USDT:USDT,0.04588,22589.0,0.04587,15184.0,0.04589,8844.0,0.0459,26155.0
1753546981401,16:23:01.401,ACT/USDT:USDT,0.04588,22045.0,0.04587,16261.0,0.04589,8844.0,0.0459,26155.0
1753546982023,16:23:02.023,ACT/USDT:USDT,0.04588,22045.0,0.04587,13870.0,0.04589,8844.0,0.0459,26155.0
1753546982235,16:23:02.235,ACT/USDT:USDT,0.04586,34465.0,0.04585,48621.0,0.04587,13870.0,0.04588,44090.0
1753546982345,16:23:02.345,ACT/USDT:USDT,0.04586,17585.0,0.04585,36276.0,0.04587,23157.0,0.04588,59084.0
1753546982446,16:23:02.446,ACT/USDT:USDT,0.04586,11693.0,0.04585,17448.0,0.04587,18870.0,0.04588,54993.0
1753546982551,16:23:02.551,ACT/USDT:USDT,0.04586,14716.0,0.04585,17510.0,0.04587,22653.0,0.04588,32948.0
1753546982653,16:23:02.653,ACT/USDT:USDT,0.04586,12537.0,0.04585,17510.0,0.04587,22653.0,0.04588,33308.0
1753546982762,16:23:02.762,ACT/USDT:USDT,0.04586,12537.0,0.04585,17510.0,0.04587,22653.0,0.04588,33689.0
1753546982870,16:23:02.870,ACT/USDT:USDT,0.04586,12537.0,0.04585,17510.0,0.04587,22653.0,0.04588,33689.0
1753546983024,16:23:03.024,ACT/USDT:USDT,0.04586,12537.0,0.04585,17510.0,0.04587,8783.0,0.04588,33308.0
1753546983144,16:23:03.144,ACT/USDT:USDT,0.04586,12537.0,0.04585,16420.0,0.04587,8783.0,0.04588,41606.0
1753546983357,16:23:03.357,ACT/USDT:USDT,0.04586,12537.0,0.04585,21524.0,0.04587,8783.0,0.04588,41606.0
1753546983551,16:23:03.551,ACT/USDT:USDT,0.04586,12537.0,0.04585,14240.0,0.04587,8783.0,0.04588,41606.0
1753546983826,16:23:03.826,ACT/USDT:USDT,0.04586,12537.0,0.04585,14240.0,0.04587,8783.0,0.04588,41606.0
1753546984102,16:23:04.102,ACT/USDT:USDT,0.04586,12287.0,0.04585,14240.0,0.04587,8783.0,0.04588,41606.0
1753546984562,16:23:04.562,ACT/USDT:USDT,0.04586,12287.0,0.04585,14240.0,0.04587,8783.0,0.04588,43786.0
1753546984802,16:23:04.802,ACT/USDT:USDT,0.04586,12287.0,0.04585,14240.0,0.04587,8783.0,0.04588,43786.0
1753546984942,16:23:04.942,ACT/USDT:USDT,0.04586,12287.0,0.04585,14240.0,0.04587,8783.0,0.04588,43786.0
1753546985202,16:23:05.202,ACT/USDT:USDT,0.04586,12287.0,0.04585,14240.0,0.04587,8783.0,0.04588,43786.0
1753546985328,16:23:05.328,ACT/USDT:USDT,0.04586,12287.0,0.04585,11589.0,0.04587,8783.0,0.04588,43786.0
1753546985502,16:23:05.502,ACT/USDT:USDT,0.04586,12287.0,0.04585,11589.0,0.04587,8783.0,0.04588,41606.0
1753546985604,16:23:05.604,ACT/USDT:USDT,0.04586,12287.0,0.04585,11589.0,0.04587,8783.0,0.04588,41606.0
1753546985873,16:23:05.873,ACT/USDT:USDT,0.04586,12287.0,0.04585,11589.0,0.04587,8783.0,0.04588,41606.0
1753546986139,16:23:06.139,ACT/USDT:USDT,0.04586,12287.0,0.04585,9369.0,0.04587,8783.0,0.04588,41606.0
1753546986325,16:23:06.325,ACT/USDT:USDT,0.04586,12287.0,0.04585,9369.0,0.04588,36471.0,0.04589,57555.0
1753546986438,16:23:06.438,ACT/USDT:USDT,0.04587,20541.0,0.04586,12803.0,0.04588,634.0,0.04589,21027.0
1753546986541,16:23:06.541,ACT/USDT:USDT,0.04587,20541.0,0.04586,25679.0,0.04588,634.0,0.04589,20632.0
1753546986663,16:23:06.663,ACT/USDT:USDT,0.04587,20541.0,0.04586,27307.0,0.04588,360.0,0.04589,20632.0
1753546986767,16:23:06.767,ACT/USDT:USDT,0.04587,20541.0,0.04586,27307.0,0.04588,360.0,0.04589,24449.0
1753546986895,16:23:06.895,ACT/USDT:USDT,0.04587,20541.0,0.04586,27307.0,0.04588,360.0,0.04589,24449.0
1753546987013,16:23:07.013,ACT/USDT:USDT,0.04587,20541.0,0.04586,29486.0,0.04588,360.0,0.04589,24449.0
1753546987208,16:23:07.208,ACT/USDT:USDT,0.04587,20541.0,0.04586,29486.0,0.04588,360.0,0.04589,24449.0
1753546987567,16:23:07.567,ACT/USDT:USDT,0.04587,20541.0,0.04586,29486.0,0.04588,360.0,0.04589,24449.0
1753546987673,16:23:07.673,ACT/USDT:USDT,0.04588,15179.0,0.04587,20760.0,0.04589,1073.0,0.0459,22172.0
1753546987774,16:23:07.774,ACT/USDT:USDT,0.04588,15179.0,0.04587,20913.0,0.04589,1073.0,0.0459,22172.0
1753546987898,16:23:07.898,ACT/USDT:USDT,0.04588,15179.0,0.04587,20913.0,0.04589,1073.0,0.0459,22172.0
1753546988003,16:23:08.003,ACT/USDT:USDT,0.04588,15179.0,0.04587,20913.0,0.04589,1073.0,0.0459,22172.0
1753546988107,16:23:08.107,ACT/USDT:USDT,0.04588,15179.0,0.04587,25858.0,0.04589,1213.0,0.0459,26225.0
1753546988213,16:23:08.213,ACT/USDT:USDT,0.04588,15179.0,0.04587,25858.0,0.04589,1213.0,0.0459,26225.0
1753546988402,16:23:08.402,ACT/USDT:USDT,0.04588,14645.0,0.04587,28037.0,0.04589,1213.0,0.0459,26225.0
1753546988507,16:23:08.507,ACT/USDT:USDT,0.04588,14645.0,0.04587,25858.0,0.04589,1213.0,0.0459,26225.0
1753546988742,16:23:08.742,ACT/USDT:USDT,0.04588,14645.0,0.04587,25858.0,0.04589,1213.0,0.0459,26225.0
1753546989002,16:23:09.002,ACT/USDT:USDT,0.04588,14645.0,0.04587,25858.0,0.04589,1213.0,0.0459,26225.0
1753546989602,16:23:09.602,ACT/USDT:USDT,0.04588,14645.0,0.04587,25858.0,0.04589,1213.0,0.0459,26225.0
1753546989740,16:23:09.740,ACT/USDT:USDT,0.04588,14645.0,0.04587,28037.0,0.04589,1213.0,0.0459,26225.0
1753546989901,16:23:09.901,ACT/USDT:USDT,0.04588,14645.0,0.04587,25858.0,0.04589,1213.0,0.0459,26225.0
1753546990202,16:23:10.202,ACT/USDT:USDT,0.04588,14645.0,0.04587,25858.0,0.04589,1213.0,0.0459,26225.0
1753546990343,16:23:10.343,ACT/USDT:USDT,0.04588,14645.0,0.04587,25858.0,0.04589,1213.0,0.0459,26225.0
1753546990720,16:23:10.720,ACT/USDT:USDT,0.04588,14645.0,0.04587,28037.0,0.04589,1213.0,0.0459,26225.0
1753546990866,16:23:10.866,ACT/USDT:USDT,0.04588,14645.0,0.04587,25858.0,0.04589,1213.0,0.0459,26225.0
1753546991039,16:23:11.039,ACT/USDT:USDT,0.04588,14645.0,0.04587,28037.0,0.04589,1213.0,0.0459,26225.0
1753546991161,16:23:11.161,ACT/USDT:USDT,0.04588,14645.0,0.04587,28747.0,0.04589,1213.0,0.0459,26225.0
1753546991327,16:23:11.327,ACT/USDT:USDT,0.04588,14645.0,0.04587,28747.0,0.04589,11276.0,0.0459,26225.0
1753546991575,16:23:11.575,ACT/USDT:USDT,0.04589,8329.0,0.04588,30304.0,0.0459,7788.0,0.04591,13603.0
1753546991681,16:23:11.681,ACT/USDT:USDT,0.04589,8329.0,0.04588,30304.0,0.0459,7788.0,0.04591,13744.0
1753546991787,16:23:11.787,ACT/USDT:USDT,0.04589,8329.0,0.04588,34957.0,0.0459,7788.0,0.04591,17973.0
1753546991966,16:23:11.966,ACT/USDT:USDT,0.04589,8329.0,0.04588,35850.0,0.0459,7788.0,0.04591,17973.0
1753546992102,16:23:12.102,ACT/USDT:USDT,0.04589,8329.0,0.04588,35850.0,0.0459,7788.0,0.04591,17973.0
1753546992207,16:23:12.207,ACT/USDT:USDT,0.04589,8329.0,0.04588,35850.0,0.0459,7788.0,0.04591,17973.0
1753546992316,16:23:12.316,ACT/USDT:USDT,0.04589,11597.0,0.04588,35850.0,0.0459,7788.0,0.04591,17973.0
1753546992417,16:23:12.417,ACT/USDT:USDT,0.04589,8329.0,0.04588,39118.0,0.0459,7788.0,0.04591,17973.0
1753546992815,16:23:12.815,ACT/USDT:USDT,0.04589,8329.0,0.04588,39118.0,0.0459,7788.0,0.04591,17973.0
1753546992960,16:23:12.960,ACT/USDT:USDT,0.04589,8329.0,0.04588,39118.0,0.0459,7788.0,0.04591,17973.0
1753546993417,16:23:13.417,ACT/USDT:USDT,0.04589,8329.0,0.04588,42213.0,0.0459,7788.0,0.04591,17973.0
1753546993521,16:23:13.521,ACT/USDT:USDT,0.04589,8329.0,0.04588,42213.0,0.0459,7909.0,0.04591,17973.0
1753546994067,16:23:14.067,ACT/USDT:USDT,0.04589,8329.0,0.04588,42213.0,0.0459,7909.0,0.04591,17973.0
1753546994310,16:23:14.310,ACT/USDT:USDT,0.04589,8329.0,0.04588,42213.0,0.0459,7909.0,0.04591,17973.0
1753546994442,16:23:14.442,ACT/USDT:USDT,0.04589,8329.0,0.04588,42213.0,0.0459,7909.0,0.04591,17973.0
1753546994602,16:23:14.602,ACT/USDT:USDT,0.04589,8329.0,0.04588,42213.0,0.0459,7909.0,0.04591,17973.0
1753546995167,16:23:15.167,ACT/USDT:USDT,0.04589,8329.0,0.04588,42213.0,0.0459,7909.0,0.04591,17973.0
1753546995702,16:23:15.702,ACT/USDT:USDT,0.04589,8329.0,0.04588,42213.0,0.0459,7909.0,0.04591,17973.0
1753546995900,16:23:15.900,ACT/USDT:USDT,0.04589,8329.0,0.04588,42213.0,0.0459,7909.0,0.04591,17973.0
1753546996022,16:23:16.022,ACT/USDT:USDT,0.04589,8329.0,0.04588,42213.0,0.0459,7909.0,0.04591,17973.0
1753546996267,16:23:16.267,ACT/USDT:USDT,0.04589,8329.0,0.04588,42213.0,0.0459,7909.0,0.04591,17973.0
1753546996578,16:23:16.578,ACT/USDT:USDT,0.04589,11884.0,0.04588,40394.0,0.0459,8457.0,0.04591,24029.0
1753546996688,16:23:16.688,ACT/USDT:USDT,0.04588,29357.0,0.04587,28712.0,0.0459,8457.0,0.04591,23767.0
1753546996793,16:23:16.793,ACT/USDT:USDT,0.04588,26089.0,0.04587,31981.0,0.0459,8457.0,0.04591,17973.0
1753546996896,16:23:16.896,ACT/USDT:USDT,0.04588,26089.0,0.04587,31981.0,0.0459,8457.0,0.04591,17973.0
1753546997019,16:23:17.019,ACT/USDT:USDT,0.04588,26089.0,0.04587,34160.0,0.0459,8457.0,0.04591,17973.0
1753546997142,16:23:17.142,ACT/USDT:USDT,0.04589,8324.0,0.04588,26449.0,0.0459,7909.0,0.04591,17973.0
1753546997244,16:23:17.244,ACT/USDT:USDT,0.04589,8324.0,0.04588,26667.0,0.0459,7909.0,0.04591,17973.0
1753546997452,16:23:17.452,ACT/USDT:USDT,0.04589,8324.0,0.04588,26667.0,0.0459,7909.0,0.04591,17973.0
1753546998164,16:23:18.164,ACT/USDT:USDT,0.04589,8324.0,0.04588,26667.0,0.0459,7909.0,0.04591,17973.0
1753546998287,16:23:18.287,ACT/USDT:USDT,0.04589,8324.0,0.04588,26667.0,0.0459,7909.0,0.04591,17973.0
1753546998802,16:23:18.802,ACT/USDT:USDT,0.04589,8324.0,0.04588,26667.0,0.0459,7909.0,0.04591,17973.0
1753546999292,16:23:19.292,ACT/USDT:USDT,0.04589,8324.0,0.04588,26667.0,0.0459,7909.0,0.04591,17973.0
1753546999403,16:23:19.403,ACT/USDT:USDT,0.04589,8324.0,0.04588,26667.0,0.0459,7909.0,0.04591,17973.0
1753546999977,16:23:19.977,ACT/USDT:USDT,0.04589,8324.0,0.04588,26667.0,0.0459,7909.0,0.04591,17973.0
1753547000101,16:23:20.101,ACT/USDT:USDT,0.04589,8324.0,0.04588,26667.0,0.0459,7909.0,0.04591,17973.0
1753547000533,16:23:20.533,ACT/USDT:USDT,0.04589,8324.0,0.04588,26667.0,0.0459,7909.0,0.04591,23304.0
1753547000654,16:23:20.654,ACT/USDT:USDT,0.04589,8324.0,0.04588,26667.0,0.0459,8457.0,0.04591,23304.0
1753547000876,16:23:20.876,ACT/USDT:USDT,0.04589,8324.0,0.04588,26667.0,0.0459,8457.0,0.04591,17973.0
1753547001202,16:23:21.202,ACT/USDT:USDT,0.04589,8324.0,0.04588,26667.0,0.0459,8457.0,0.04591,17973.0
1753547001501,16:23:21.501,ACT/USDT:USDT,0.04589,9732.0,0.04588,26307.0,0.0459,8457.0,0.04591,17973.0
1753547001604,16:23:21.604,ACT/USDT:USDT,0.04589,9732.0,0.04588,26307.0,0.0459,8457.0,0.04591,17973.0
1753547001743,16:23:21.743,ACT/USDT:USDT,0.04589,9732.0,0.04588,26307.0,0.0459,8457.0,0.04591,17973.0
1753547001846,16:23:21.846,ACT/USDT:USDT,0.04589,9732.0,0.04588,26307.0,0.0459,8457.0,0.04591,17973.0
1753547002239,16:23:22.239,ACT/USDT:USDT,0.04589,9732.0,0.04588,26307.0,0.0459,8457.0,0.04591,17973.0
1753547002376,16:23:22.376,ACT/USDT:USDT,0.04589,9732.0,0.04588,26307.0,0.0459,8457.0,0.04591,17973.0
1753547002616,16:23:22.616,ACT/USDT:USDT,0.04589,9935.0,0.04588,26089.0,0.0459,8457.0,0.04591,17973.0
1753547002721,16:23:22.721,ACT/USDT:USDT,0.04589,9935.0,0.04588,26307.0,0.0459,8457.0,0.04591,17973.0
1753547002902,16:23:22.902,ACT/USDT:USDT,0.04589,9935.0,0.04588,26307.0,0.0459,8457.0,0.04591,17973.0
1753547003290,16:23:23.290,ACT/USDT:USDT,0.04589,9935.0,0.04588,26307.0,0.0459,7909.0,0.04591,17973.0
1753547003436,16:23:23.436,ACT/USDT:USDT,0.04589,9935.0,0.04588,26307.0,0.0459,7909.0,0.04591,17973.0
1753547003561,16:23:23.561,ACT/USDT:USDT,0.04589,9935.0,0.04588,26307.0,0.0459,7909.0,0.04591,17973.0
1753547003696,16:23:23.696,ACT/USDT:USDT,0.04589,10580.0,0.04588,26089.0,0.0459,7909.0,0.04591,17973.0
1753547003803,16:23:23.803,ACT/USDT:USDT,0.04589,10580.0,0.04588,26307.0,0.0459,7909.0,0.04591,17973.0
1753547004102,16:23:24.102,ACT/USDT:USDT,0.04589,10580.0,0.04588,26307.0,0.0459,7909.0,0.04591,17973.0
1753547004556,16:23:24.556,ACT/USDT:USDT,0.04589,10580.0,0.04588,28485.0,0.0459,7909.0,0.04591,17973.0
1753547004659,16:23:24.659,ACT/USDT:USDT,0.04589,10580.0,0.04588,28485.0,0.0459,7909.0,0.04591,17973.0
1753547004802,16:23:24.802,ACT/USDT:USDT,0.04589,12073.0,0.04588,28267.0,0.0459,7909.0,0.04591,17973.0
1753547005116,16:23:25.116,ACT/USDT:USDT,0.04589,12073.0,0.04588,28485.0,0.0459,7909.0,0.04591,17973.0
1753547005296,16:23:25.296,ACT/USDT:USDT,0.04589,12073.0,0.04588,28988.0,0.0459,7909.0,0.04591,17973.0
1753547005619,16:23:25.619,ACT/USDT:USDT,0.04589,12073.0,0.04588,29229.0,0.0459,7909.0,0.04591,17973.0
1753547005759,16:23:25.759,ACT/USDT:USDT,0.04589,12273.0,0.04588,29229.0,0.0459,7909.0,0.04591,17973.0
1753547006207,16:23:26.207,ACT/USDT:USDT,0.04589,12273.0,0.04588,29229.0,0.0459,7909.0,0.04591,17973.0
1753547006568,16:23:26.568,ACT/USDT:USDT,0.04589,12273.0,0.04588,29229.0,0.0459,7909.0,0.04591,17973.0
1753547006777,16:23:26.777,ACT/USDT:USDT,0.04589,12273.0,0.04588,29229.0,0.0459,7909.0,0.04591,17973.0
1753547006901,16:23:26.901,ACT/USDT:USDT,0.04589,12273.0,0.04588,29229.0,0.0459,7909.0,0.04591,17973.0
1753547007117,16:23:27.117,ACT/USDT:USDT,0.04589,12273.0,0.04588,29229.0,0.0459,7909.0,0.04591,17973.0
1753547007302,16:23:27.302,ACT/USDT:USDT,0.04589,12273.0,0.04588,29229.0,0.0459,7909.0,0.04591,17973.0
1753547007514,16:23:27.514,ACT/USDT:USDT,0.04589,12273.0,0.04588,29229.0,0.0459,7909.0,0.04591,17973.0
1753547007777,16:23:27.777,ACT/USDT:USDT,0.04589,12273.0,0.04588,29229.0,0.0459,7909.0,0.04591,17973.0
1753547007925,16:23:27.925,ACT/USDT:USDT,0.04589,12273.0,0.04588,29229.0,0.0459,7909.0,0.04591,17973.0
1753547008208,16:23:28.208,ACT/USDT:USDT,0.04589,12273.0,0.04588,29229.0,0.0459,7909.0,0.04591,17973.0
1753547008381,16:23:28.381,ACT/USDT:USDT,0.04589,12273.0,0.04588,42581.0,0.04591,361.0,0.04592,18764.0
1753547008485,16:23:28.485,ACT/USDT:USDT,0.04589,12273.0,0.04588,42581.0,0.04591,361.0,0.04592,18982.0
1753547008591,16:23:28.591,ACT/USDT:USDT,0.0459,13228.0,0.04589,22714.0,0.04591,4413.0,0.04592,26347.0
1753547008697,16:23:28.697,ACT/USDT:USDT,0.0459,13228.0,0.04589,22714.0,0.04591,361.0,0.04592,18982.0
1753547008868,16:23:28.868,ACT/USDT:USDT,0.0459,13228.0,0.04589,22714.0,0.04591,361.0,0.04592,22950.0
1753547009009,16:23:29.009,ACT/USDT:USDT,0.0459,13228.0,0.04589,22714.0,0.04591,361.0,0.04592,30315.0
1753547009173,16:23:29.173,ACT/USDT:USDT,0.0459,13228.0,0.04589,22714.0,0.04591,361.0,0.04592,30315.0
1753547009320,16:23:29.320,ACT/USDT:USDT,0.0459,4388.0,0.04589,10641.0,0.04591,8955.0,0.04592,22950.0
1753547009423,16:23:29.423,ACT/USDT:USDT,0.04589,4212.0,0.04588,29105.0,0.0459,14315.0,0.04591,17007.0
1753547009524,16:23:29.524,ACT/USDT:USDT,0.04589,4212.0,0.04588,24283.0,0.0459,10824.0,0.04591,28553.0
1753547009738,16:23:29.738,ACT/USDT:USDT,0.04589,4212.0,0.04588,24283.0,0.0459,14635.0,0.04591,28553.0
1753547009964,16:23:29.964,ACT/USDT:USDT,0.04589,4212.0,0.04588,24283.0,0.0459,14635.0,0.04591,28553.0
1753547010326,16:23:30.326,ACT/USDT:USDT,0.04589,4212.0,0.04588,24283.0,0.0459,14635.0,0.04591,28553.0
1753547010490,16:23:30.490,ACT/USDT:USDT,0.04589,4212.0,0.04588,24283.0,0.0459,14635.0,0.04591,28553.0
1753547010651,16:23:30.651,ACT/USDT:USDT,0.04589,4212.0,0.04588,24283.0,0.0459,14635.0,0.04591,28553.0
1753547010856,16:23:30.856,ACT/USDT:USDT,0.04589,4212.0,0.04588,24283.0,0.0459,14635.0,0.04591,28553.0
1753547010974,16:23:30.974,ACT/USDT:USDT,0.04589,4212.0,0.04588,27087.0,0.0459,14635.0,0.04591,28553.0
1753547011090,16:23:31.090,ACT/USDT:USDT,0.04589,4212.0,0.04588,29373.0,0.0459,14635.0,0.04591,28553.0
1753547011193,16:23:31.193,ACT/USDT:USDT,0.04589,4212.0,0.04588,29373.0,0.0459,14635.0,0.04591,28553.0
1753547011386,16:23:31.386,ACT/USDT:USDT,0.04589,4212.0,0.04588,29373.0,0.0459,14635.0,0.04591,28553.0
1753547011537,16:23:31.537,ACT/USDT:USDT,0.04589,4212.0,0.04588,28870.0,0.0459,14635.0,0.04591,28553.0
1753547011711,16:23:31.711,ACT/USDT:USDT,0.04589,9441.0,0.04588,28870.0,0.0459,14635.0,0.04591,28553.0
1753547011816,16:23:31.816,ACT/USDT:USDT,0.04589,9441.0,0.04588,28870.0,0.0459,14635.0,0.04591,28553.0
1753547012116,16:23:32.116,ACT/USDT:USDT,0.04589,9441.0,0.04588,28870.0,0.0459,14635.0,0.04591,28553.0
1753547012296,16:23:32.296,ACT/USDT:USDT,0.04589,9441.0,0.04588,28870.0,0.0459,14635.0,0.04591,28553.0
1753547012400,16:23:32.400,ACT/USDT:USDT,0.04589,9441.0,0.04588,28629.0,0.0459,14635.0,0.04591,28553.0
1753547012802,16:23:32.802,ACT/USDT:USDT,0.04589,9441.0,0.04588,28629.0,0.0459,14635.0,0.04591,28553.0
1753547013402,16:23:33.402,ACT/USDT:USDT,0.04589,15644.0,0.04588,28629.0,0.0459,14635.0,0.04591,28553.0
1753547013604,16:23:33.604,ACT/USDT:USDT,0.04589,10415.0,0.04588,28629.0,0.0459,14635.0,0.04591,36015.0
1753547013707,16:23:33.707,ACT/USDT:USDT,0.04589,10415.0,0.04588,28629.0,0.0459,14635.0,0.04591,36015.0
1753547013985,16:23:33.985,ACT/USDT:USDT,0.04589,15644.0,0.04588,28629.0,0.0459,14635.0,0.04591,36015.0
1753547014115,16:23:34.115,ACT/USDT:USDT,0.04589,15644.0,0.04588,28629.0,0.0459,14744.0,0.04591,28553.0
1753547014219,16:23:34.219,ACT/USDT:USDT,0.04589,15644.0,0.04588,28629.0,0.0459,14744.0,0.04591,28553.0
1753547014571,16:23:34.571,ACT/USDT:USDT,0.04589,15644.0,0.04588,28629.0,0.0459,14744.0,0.04591,28553.0
1753547014716,16:23:34.716,ACT/USDT:USDT,0.04589,15644.0,0.04588,28629.0,0.0459,14744.0,0.04591,22461.0
1753547015198,16:23:35.198,ACT/USDT:USDT,0.04589,15644.0,0.04588,28629.0,0.0459,14744.0,0.04591,22461.0
1753547015577,16:23:35.577,ACT/USDT:USDT,0.04589,15644.0,0.04588,28629.0,0.0459,14744.0,0.04591,22461.0
1753547015802,16:23:35.802,ACT/USDT:USDT,0.04589,21898.0,0.04588,28629.0,0.0459,14744.0,0.04591,22461.0
1753547016366,16:23:36.366,ACT/USDT:USDT,0.04589,21898.0,0.04588,28629.0,0.0459,14744.0,0.04591,22461.0
1753547016671,16:23:36.671,ACT/USDT:USDT,0.04589,16669.0,0.04588,28629.0,0.0459,14744.0,0.04591,22461.0
1753547016876,16:23:36.876,ACT/USDT:USDT,0.04589,16669.0,0.04588,28629.0,0.0459,14744.0,0.04591,22461.0
1753547017454,16:23:37.454,ACT/USDT:USDT,0.04589,16669.0,0.04588,28629.0,0.0459,14744.0,0.04591,22461.0
1753547018002,16:23:38.002,ACT/USDT:USDT,0.04589,16669.0,0.04588,28629.0,0.0459,14744.0,0.04591,22461.0
1753547018107,16:23:38.107,ACT/USDT:USDT,0.04589,16669.0,0.04588,28629.0,0.0459,14744.0,0.04591,22461.0
1753547018408,16:23:38.408,ACT/USDT:USDT,0.04589,10466.0,0.04588,28629.0,0.0459,14744.0,0.04591,22461.0
1753547018602,16:23:38.602,ACT/USDT:USDT,0.04589,10640.0,0.04588,28629.0,0.0459,14744.0,0.04591,29535.0
1753547019796,16:23:39.796,ACT/USDT:USDT,0.04589,10640.0,0.04588,28629.0,0.0459,14744.0,0.04591,29535.0
1753547019903,16:23:39.903,ACT/USDT:USDT,0.04589,10640.0,0.04588,28629.0,0.0459,14744.0,0.04591,29535.0
1753547020133,16:23:40.133,ACT/USDT:USDT,0.04589,10640.0,0.04588,28629.0,0.0459,3920.0,0.04591,22461.0
1753547020236,16:23:40.236,ACT/USDT:USDT,0.04589,10640.0,0.04588,28629.0,0.0459,109.0,0.04591,22461.0
1753547020396,16:23:40.396,ACT/USDT:USDT,0.04589,10640.0,0.04588,28629.0,0.0459,4058.0,0.04591,22461.0
1753547020502,16:23:40.502,ACT/USDT:USDT,0.04589,10640.0,0.04588,28629.0,0.0459,4058.0,0.04591,22461.0
1753547020630,16:23:40.630,ACT/USDT:USDT,0.04589,10640.0,0.04588,28629.0,0.0459,4606.0,0.04591,22461.0
1753547020857,16:23:40.857,ACT/USDT:USDT,0.04589,10466.0,0.04588,28629.0,0.0459,4606.0,0.04591,22461.0
1753547021396,16:23:41.396,ACT/USDT:USDT,0.04589,10466.0,0.04588,28629.0,0.0459,4606.0,0.04591,22461.0
1753547021504,16:23:41.504,ACT/USDT:USDT,0.04589,10466.0,0.04588,28629.0,0.0459,4606.0,0.04591,22461.0
1753547021902,16:23:41.902,ACT/USDT:USDT,0.04589,10466.0,0.04588,28629.0,0.0459,4606.0,0.04591,22461.0
1753547022200,16:23:42.200,ACT/USDT:USDT,0.04589,10466.0,0.04588,28629.0,0.0459,4606.0,0.04591,22461.0
1753547022502,16:23:42.502,ACT/USDT:USDT,0.04589,10466.0,0.04588,28629.0,0.0459,4606.0,0.04591,22461.0
1753547022715,16:23:42.715,ACT/USDT:USDT,0.04589,10466.0,0.04588,30807.0,0.0459,4606.0,0.04591,22461.0
1753547022916,16:23:42.916,ACT/USDT:USDT,0.04589,10466.0,0.04588,30807.0,0.0459,4606.0,0.04591,22461.0
1753547023066,16:23:43.066,ACT/USDT:USDT,0.04589,10466.0,0.04588,30807.0,0.0459,109.0,0.04591,22461.0
1753547023168,16:23:43.168,ACT/USDT:USDT,0.04589,10466.0,0.04588,30807.0,0.0459,109.0,0.04591,22461.0
1753547023366,16:23:43.366,ACT/USDT:USDT,0.04589,10466.0,0.04588,30807.0,0.0459,4130.0,0.04591,22461.0
1753547023565,16:23:43.565,ACT/USDT:USDT,0.04589,10466.0,0.04588,30807.0,0.0459,4130.0,0.04591,22461.0
1753547023804,16:23:43.804,ACT/USDT:USDT,0.04589,10466.0,0.04588,30807.0,0.0459,4678.0,0.04591,28831.0
1753547023916,16:23:43.916,ACT/USDT:USDT,0.04589,10466.0,0.04588,30807.0,0.0459,4678.0,0.04591,28831.0
1753547024072,16:23:44.072,ACT/USDT:USDT,0.04589,10466.0,0.04588,30807.0,0.0459,4678.0,0.04591,22461.0
1753547024316,16:23:44.316,ACT/USDT:USDT,0.04589,10466.0,0.04588,30807.0,0.0459,4678.0,0.04591,22461.0
1753547024417,16:23:44.417,ACT/USDT:USDT,0.04589,10466.0,0.04588,30807.0,0.0459,4678.0,0.04591,28553.0
1753547024518,16:23:44.518,ACT/USDT:USDT,0.04589,10466.0,0.04588,30807.0,0.0459,4678.0,0.04591,28553.0
1753547024914,16:23:44.914,ACT/USDT:USDT,0.04589,6628.0,0.04588,28629.0,0.0459,12802.0,0.04591,28553.0
1753547025017,16:23:45.017,ACT/USDT:USDT,0.04589,6628.0,0.04588,28629.0,0.0459,12802.0,0.04591,28553.0
1753547025287,16:23:45.287,ACT/USDT:USDT,0.04589,11071.0,0.04588,28629.0,0.0459,12802.0,0.04591,28706.0
1753547025439,16:23:45.439,ACT/USDT:USDT,0.04589,10897.0,0.04588,27931.0,0.0459,12802.0,0.04591,28706.0
1753547025543,16:23:45.543,ACT/USDT:USDT,0.04589,10897.0,0.04588,27931.0,0.0459,12802.0,0.04591,28706.0
1753547025655,16:23:45.655,ACT/USDT:USDT,0.04589,10897.0,0.04588,27931.0,0.0459,12802.0,0.04591,28706.0
1753547025902,16:23:45.902,ACT/USDT:USDT,0.04589,11071.0,0.04588,28465.0,0.0459,12802.0,0.04591,28706.0
1753547026315,16:23:46.315,ACT/USDT:USDT,0.04589,11071.0,0.04588,28465.0,0.0459,12802.0,0.04591,28706.0
1753547026447,16:23:46.447,ACT/USDT:USDT,0.04589,10897.0,0.04588,28465.0,0.0459,12802.0,0.04591,28706.0
1753547026645,16:23:46.645,ACT/USDT:USDT,0.04589,10897.0,0.04588,28465.0,0.0459,12802.0,0.04591,28706.0
1753547027002,16:23:47.002,ACT/USDT:USDT,0.04589,10897.0,0.04588,28465.0,0.0459,12802.0,0.04591,22614.0
1753547027110,16:23:47.110,ACT/USDT:USDT,0.04589,10897.0,0.04588,28465.0,0.0459,12802.0,0.04591,22614.0
1753547027416,16:23:47.416,ACT/USDT:USDT,0.04589,10897.0,0.04588,28465.0,0.0459,12802.0,0.04591,22614.0
1753547027519,16:23:47.519,ACT/USDT:USDT,0.04589,10897.0,0.04588,28465.0,0.0459,12802.0,0.04591,22614.0
1753547027665,16:23:47.665,ACT/USDT:USDT,0.04589,10897.0,0.04588,28465.0,0.0459,12802.0,0.04591,22614.0
1753547027812,16:23:47.812,ACT/USDT:USDT,0.04589,10897.0,0.04588,28465.0,0.0459,12802.0,0.04591,22614.0
1753547028102,16:23:48.102,ACT/USDT:USDT,0.04589,10897.0,0.04588,28465.0,0.0459,12802.0,0.04591,22614.0
1753547028220,16:23:48.220,ACT/USDT:USDT,0.04589,10897.0,0.04588,28465.0,0.0459,12802.0,0.04591,22614.0
1753547028518,16:23:48.518,ACT/USDT:USDT,0.04589,10897.0,0.04588,28465.0,0.0459,12802.0,0.04591,22614.0
1753547028702,16:23:48.702,ACT/USDT:USDT,0.04589,10897.0,0.04588,28465.0,0.0459,12802.0,0.04591,22614.0
1753547029256,16:23:49.256,ACT/USDT:USDT,0.04589,10897.0,0.04588,28465.0,0.0459,12802.0,0.04591,22614.0
1753547029363,16:23:49.363,ACT/USDT:USDT,0.04589,10897.0,0.04588,28465.0,0.0459,12802.0,0.04591,22614.0
1753547029719,16:23:49.719,ACT/USDT:USDT,0.04589,11071.0,0.04588,28465.0,0.0459,12802.0,0.04591,29400.0
1753547029822,16:23:49.822,ACT/USDT:USDT,0.04589,11071.0,0.04588,28465.0,0.0459,12802.0,0.04591,29400.0
1753547030116,16:23:50.116,ACT/USDT:USDT,0.04589,10897.0,0.04588,23645.0,0.0459,11403.0,0.04591,22614.0
1753547030277,16:23:50.277,ACT/USDT:USDT,0.04589,11284.0,0.04588,23645.0,0.0459,11403.0,0.04591,22614.0
1753547030386,16:23:50.386,ACT/USDT:USDT,0.04589,11284.0,0.04588,23645.0,0.0459,11403.0,0.04591,22614.0
1753547030631,16:23:50.631,ACT/USDT:USDT,0.04589,11284.0,0.04588,23645.0,0.04591,22102.0,0.04592,30504.0
1753547030837,16:23:50.837,ACT/USDT:USDT,0.04589,11284.0,0.04588,23645.0,0.0459,4220.0,0.04591,22461.0
1753547030973,16:23:50.973,ACT/USDT:USDT,0.04589,11458.0,0.04588,23645.0,0.0459,4220.0,0.04591,22461.0
1753547031196,16:23:51.196,ACT/USDT:USDT,0.04589,11458.0,0.04588,23645.0,0.0459,4220.0,0.04591,22461.0
1753547031308,16:23:51.308,ACT/USDT:USDT,0.04589,11458.0,0.04588,23645.0,0.0459,4220.0,0.04591,22461.0
1753547031423,16:23:51.423,ACT/USDT:USDT,0.04589,11284.0,0.04588,23645.0,0.0459,4220.0,0.04591,22461.0
1753547031526,16:23:51.526,ACT/USDT:USDT,0.04589,11284.0,0.04588,25823.0,0.0459,4220.0,0.04591,22461.0
1753547031786,16:23:51.786,ACT/USDT:USDT,0.04589,11284.0,0.04588,25823.0,0.0459,4220.0,0.04591,22461.0
1753547031901,16:23:51.901,ACT/USDT:USDT,0.04589,11284.0,0.04588,25823.0,0.0459,4220.0,0.04591,22461.0
1753547032302,16:23:52.302,ACT/USDT:USDT,0.04589,11284.0,0.04588,25823.0,0.0459,4220.0,0.04591,22461.0
1753547032902,16:23:52.902,ACT/USDT:USDT,0.04589,11458.0,0.04588,23645.0,0.0459,4220.0,0.04591,22461.0
1753547033064,16:23:53.064,ACT/USDT:USDT,0.04589,11458.0,0.04588,23645.0,0.0459,4220.0,0.04591,22461.0
1753547033309,16:23:53.309,ACT/USDT:USDT,0.04589,11458.0,0.04588,23645.0,0.0459,4341.0,0.04591,22461.0
1753547033486,16:23:53.486,ACT/USDT:USDT,0.04589,11458.0,0.04588,23645.0,0.0459,4341.0,0.04591,22461.0
1753547033596,16:23:53.596,ACT/USDT:USDT,0.04589,11458.0,0.04588,23645.0,0.0459,4341.0,0.04591,22461.0
1753547034002,16:23:54.002,ACT/USDT:USDT,0.04589,11284.0,0.04588,23645.0,0.0459,4341.0,0.04591,22461.0
1753547034550,16:23:54.550,ACT/USDT:USDT,0.04589,11284.0,0.04588,23645.0,0.0459,4341.0,0.04591,22461.0
1753547035078,16:23:55.078,ACT/USDT:USDT,0.04589,11483.0,0.04588,23645.0,0.0459,121.0,0.04591,22461.0
1753547035235,16:23:55.235,ACT/USDT:USDT,0.04589,11483.0,0.04588,25823.0,0.0459,121.0,0.04591,22461.0
1753547035602,16:23:55.602,ACT/USDT:USDT,0.04589,11483.0,0.04588,25823.0,0.0459,121.0,0.04591,22461.0
1753547035708,16:23:55.708,ACT/USDT:USDT,0.04589,11483.0,0.04588,25823.0,0.0459,121.0,0.04591,26289.0
1753547036186,16:23:56.186,ACT/USDT:USDT,0.04589,11657.0,0.04588,25823.0,0.0459,121.0,0.04591,26289.0
1753547036702,16:23:56.702,ACT/USDT:USDT,0.04589,11483.0,0.04588,25823.0,0.0459,121.0,0.04591,26289.0
1753547037106,16:23:57.106,ACT/USDT:USDT,0.04589,11483.0,0.04588,25823.0,0.0459,121.0,0.04591,26289.0
1753547037302,16:23:57.302,ACT/USDT:USDT,0.04589,11483.0,0.04588,25823.0,0.0459,121.0,0.04591,26289.0
1753547037513,16:23:57.513,ACT/USDT:USDT,0.04589,11484.0,0.04588,25823.0,0.0459,121.0,0.04591,26289.0
1753547037902,16:23:57.902,ACT/USDT:USDT,0.04589,11484.0,0.04588,25823.0,0.0459,121.0,0.04591,26289.0
1753547038466,16:23:58.466,ACT/USDT:USDT,0.04589,11484.0,0.04588,25823.0,0.0459,121.0,0.04591,26289.0
1753547038585,16:23:58.585,ACT/USDT:USDT,0.04589,11484.0,0.04588,28925.0,0.0459,121.0,0.04591,26289.0
1753547039002,16:23:59.002,ACT/USDT:USDT,0.04589,11484.0,0.04588,28925.0,0.0459,121.0,0.04591,26289.0
1753547039602,16:23:59.602,ACT/USDT:USDT,0.04589,11658.0,0.04588,28925.0,0.0459,121.0,0.04591,26289.0
1753547039807,16:23:59.807,ACT/USDT:USDT,0.04589,11658.0,0.04588,28925.0,0.0459,121.0,0.04591,26289.0
1753547040129,16:24:00.129,ACT/USDT:USDT,0.04589,11484.0,0.04588,28925.0,0.0459,121.0,0.04591,26289.0
1753547040232,16:24:00.232,ACT/USDT:USDT,0.04589,11484.0,0.04588,28925.0,0.0459,121.0,0.04591,26289.0
1753547040428,16:24:00.428,ACT/USDT:USDT,0.04589,11484.0,0.04588,28925.0,0.0459,121.0,0.04591,26289.0
1753547040579,16:24:00.579,ACT/USDT:USDT,0.04589,13740.0,0.04588,28925.0,0.0459,121.0,0.04591,26289.0
1753547040716,16:24:00.716,ACT/USDT:USDT,0.04589,13914.0,0.04588,28925.0,0.0459,121.0,0.04591,26289.0
1753547040914,16:24:00.914,ACT/USDT:USDT,0.04589,13914.0,0.04588,28925.0,0.0459,121.0,0.04591,26289.0
1753547041018,16:24:01.018,ACT/USDT:USDT,0.04589,13914.0,0.04588,28925.0,0.0459,121.0,0.04591,26289.0
1753547041202,16:24:01.202,ACT/USDT:USDT,0.04589,13740.0,0.04588,28925.0,0.0459,121.0,0.04591,26289.0
1753547041333,16:24:01.333,ACT/USDT:USDT,0.04589,13740.0,0.04588,28925.0,0.0459,121.0,0.04591,26289.0
1753547041553,16:24:01.553,ACT/USDT:USDT,0.04589,13740.0,0.04588,28925.0,0.0459,121.0,0.04591,26289.0
1753547041717,16:24:01.717,ACT/USDT:USDT,0.04589,13740.0,0.04588,28925.0,0.0459,121.0,0.04591,26289.0
1753547042302,16:24:02.302,ACT/USDT:USDT,0.04589,13740.0,0.04588,28925.0,0.0459,121.0,0.04591,26289.0
1753547042528,16:24:02.528,ACT/USDT:USDT,0.04589,13740.0,0.04588,28925.0,0.0459,121.0,0.04591,26289.0
1753547042738,16:24:02.738,ACT/USDT:USDT,0.04589,13740.0,0.04588,28925.0,0.0459,121.0,0.04591,26289.0
1753547042846,16:24:02.846,ACT/USDT:USDT,0.04589,13740.0,0.04588,28925.0,0.0459,121.0,0.04591,26289.0
1753547043402,16:24:03.402,ACT/USDT:USDT,0.04589,13914.0,0.04588,28925.0,0.0459,121.0,0.04591,26289.0
1753547044002,16:24:04.002,ACT/USDT:USDT,0.04589,13740.0,0.04588,28925.0,0.0459,121.0,0.04591,26289.0
1753547044385,16:24:04.385,ACT/USDT:USDT,0.04589,13740.0,0.04588,31103.0,0.0459,121.0,0.04591,26289.0
1753547044588,16:24:04.588,ACT/USDT:USDT,0.04589,13914.0,0.04588,31103.0,0.0459,121.0,0.04591,26289.0
1753547044701,16:24:04.701,ACT/USDT:USDT,0.04589,13914.0,0.04588,31103.0,0.0459,121.0,0.04591,26289.0
1753547045202,16:24:05.202,ACT/USDT:USDT,0.04589,13740.0,0.04588,31103.0,0.0459,121.0,0.04591,26289.0
1753547045308,16:24:05.308,ACT/USDT:USDT,0.04589,13740.0,0.04588,31103.0,0.0459,121.0,0.04591,26289.0
1753547045568,16:24:05.568,ACT/USDT:USDT,0.04589,13740.0,0.04588,31103.0,0.0459,121.0,0.04591,26289.0
1753547045802,16:24:05.802,ACT/USDT:USDT,0.04589,13914.0,0.04588,31103.0,0.0459,121.0,0.04591,26289.0
1753547046402,16:24:06.402,ACT/USDT:USDT,0.04589,13914.0,0.04588,31555.0,0.0459,121.0,0.04591,26289.0
1753547046986,16:24:06.986,ACT/USDT:USDT,0.04589,13740.0,0.04588,31555.0,0.0459,121.0,0.04591,26289.0
1753547047140,16:24:07.140,ACT/USDT:USDT,0.04589,13740.0,0.04588,31555.0,0.0459,121.0,0.04591,26289.0
1753547047502,16:24:07.502,ACT/USDT:USDT,0.04589,13740.0,0.04588,31555.0,0.0459,121.0,0.04591,26289.0
1753547047968,16:24:07.968,ACT/USDT:USDT,0.04589,13740.0,0.04588,31555.0,0.0459,121.0,0.04591,26289.0
1753547048387,16:24:08.387,ACT/USDT:USDT,0.04589,13914.0,0.04588,31555.0,0.0459,121.0,0.04591,26289.0
1753547048626,16:24:08.626,ACT/USDT:USDT,0.04589,13914.0,0.04588,31555.0,0.0459,121.0,0.04591,26289.0
1753547048771,16:24:08.771,ACT/USDT:USDT,0.04589,13914.0,0.04588,31555.0,0.0459,121.0,0.04591,26289.0
1753547049202,16:24:09.202,ACT/USDT:USDT,0.04589,13740.0,0.04588,31555.0,0.0459,121.0,0.04591,26289.0
1753547049802,16:24:09.802,ACT/USDT:USDT,0.04589,13740.0,0.04588,31555.0,0.0459,121.0,0.04591,26289.0
1753547050367,16:24:10.367,ACT/USDT:USDT,0.04589,13740.0,0.04588,31555.0,0.0459,121.0,0.04591,26289.0
1753547050502,16:24:10.502,ACT/USDT:USDT,0.04589,13740.0,0.04588,31555.0,0.0459,121.0,0.04591,26289.0
1753547050680,16:24:10.680,ACT/USDT:USDT,0.04589,13740.0,0.04588,32982.0,0.0459,121.0,0.04591,26289.0
1753547050902,16:24:10.902,ACT/USDT:USDT,0.04589,13914.0,0.04588,32982.0,0.0459,121.0,0.04591,26289.0
1753547051378,16:24:11.378,ACT/USDT:USDT,0.04589,13914.0,0.04588,33273.0,0.0459,121.0,0.04591,26289.0
1753547051502,16:24:11.502,ACT/USDT:USDT,0.04589,13914.0,0.04588,33273.0,0.0459,121.0,0.04591,26289.0
1753547051757,16:24:11.757,ACT/USDT:USDT,0.04589,13915.0,0.04588,33273.0,0.0459,121.0,0.04591,26289.0
1753547052102,16:24:12.102,ACT/USDT:USDT,0.04589,13915.0,0.04588,33273.0,0.0459,121.0,0.04591,26289.0
1753547052457,16:24:12.457,ACT/USDT:USDT,0.04589,17017.0,0.04588,38321.0,0.0459,121.0,0.04591,18243.0
1753547052647,16:24:12.647,ACT/USDT:USDT,0.04589,16843.0,0.04588,38321.0,0.0459,121.0,0.04591,18243.0
1753547052759,16:24:12.759,ACT/USDT:USDT,0.04589,16843.0,0.04588,38321.0,0.0459,121.0,0.04591,18243.0
1753547053802,16:24:13.802,ACT/USDT:USDT,0.04589,16843.0,0.04588,38321.0,0.0459,121.0,0.04591,18243.0
1753547054108,16:24:14.108,ACT/USDT:USDT,0.04589,16843.0,0.04588,38321.0,0.0459,121.0,0.04591,14415.0
1753547054254,16:24:14.254,ACT/USDT:USDT,0.04589,16843.0,0.04588,38321.0,0.0459,121.0,0.04591,13867.0
1753547054402,16:24:14.402,ACT/USDT:USDT,0.04589,16843.0,0.04588,38321.0,0.0459,121.0,0.04591,17953.0
1753547054694,16:24:14.694,ACT/USDT:USDT,0.04589,16843.0,0.04588,38321.0,0.0459,121.0,0.04591,17953.0
1753547055002,16:24:15.002,ACT/USDT:USDT,0.04589,16843.0,0.04588,38321.0,0.0459,121.0,0.04591,17953.0
1753547055523,16:24:15.523,ACT/USDT:USDT,0.04589,13741.0,0.04588,33273.0,0.0459,121.0,0.04591,17953.0
1753547055787,16:24:15.787,ACT/USDT:USDT,0.04589,13741.0,0.04588,33273.0,0.0459,121.0,0.04591,17953.0
1753547056102,16:24:16.102,ACT/USDT:USDT,0.04589,13741.0,0.04588,33548.0,0.0459,121.0,0.04591,17953.0
1753547056606,16:24:16.606,ACT/USDT:USDT,0.04589,13741.0,0.04588,34494.0,0.0459,121.0,0.04591,17953.0
1753547056756,16:24:16.756,ACT/USDT:USDT,0.04589,13741.0,0.04588,34494.0,0.0459,121.0,0.04591,17953.0
1753547057024,16:24:17.024,ACT/USDT:USDT,0.04589,13741.0,0.04588,34494.0,0.0459,121.0,0.04591,17953.0
1753547057297,16:24:17.297,ACT/USDT:USDT,0.04589,13741.0,0.04588,34494.0,0.0459,121.0,0.04591,17953.0
1753547057402,16:24:17.402,ACT/USDT:USDT,0.04589,13741.0,0.04588,34494.0,0.0459,121.0,0.04591,17953.0
1753547057837,16:24:17.837,ACT/USDT:USDT,0.04589,13741.0,0.04588,34494.0,0.0459,121.0,0.04591,17953.0
1753547058402,16:24:18.402,ACT/USDT:USDT,0.04589,13741.0,0.04588,34494.0,0.0459,121.0,0.04591,17953.0
1753547058987,16:24:18.987,ACT/USDT:USDT,0.04589,13741.0,0.04588,34494.0,0.0459,121.0,0.04591,17953.0
1753547059101,16:24:19.101,ACT/USDT:USDT,0.04589,13741.0,0.04588,34494.0,0.0459,121.0,0.04591,17953.0
1753547059595,16:24:19.595,ACT/USDT:USDT,0.04589,13741.0,0.04588,34494.0,0.0459,121.0,0.04591,17953.0
1753547059696,16:24:19.696,ACT/USDT:USDT,0.04589,13741.0,0.04588,34494.0,0.0459,121.0,0.04591,17953.0
1753547060202,16:24:20.202,ACT/USDT:USDT,0.04589,13741.0,0.04588,34494.0,0.0459,121.0,0.04591,17953.0
1753547060802,16:24:20.802,ACT/USDT:USDT,0.04589,13741.0,0.04588,34494.0,0.0459,121.0,0.04591,17953.0
1753547061113,16:24:21.113,ACT/USDT:USDT,0.04589,13741.0,0.04588,34494.0,0.0459,121.0,0.04591,17953.0
1753547061243,16:24:21.243,ACT/USDT:USDT,0.04589,9298.0,0.04588,34494.0,0.0459,6104.0,0.04591,17953.0
1753547061345,16:24:21.345,ACT/USDT:USDT,0.04589,9298.0,0.04588,34494.0,0.0459,6104.0,0.04591,17953.0
1753547061486,16:24:21.486,ACT/USDT:USDT,0.04589,13246.0,0.04588,34494.0,0.0459,6104.0,0.04591,17953.0
1753547061730,16:24:21.730,ACT/USDT:USDT,0.04589,13537.0,0.04588,34203.0,0.0459,6104.0,0.04591,17953.0
1753547061876,16:24:21.876,ACT/USDT:USDT,0.04589,13537.0,0.04588,34203.0,0.0459,121.0,0.04591,17953.0
1753547062016,16:24:22.016,ACT/USDT:USDT,0.04589,13537.0,0.04588,34203.0,0.0459,121.0,0.04591,18106.0
1753547062257,16:24:22.257,ACT/USDT:USDT,0.04589,13537.0,0.04588,34203.0,0.0459,121.0,0.04591,18106.0
1753547062412,16:24:22.412,ACT/USDT:USDT,0.04589,13537.0,0.04588,34203.0,0.0459,121.0,0.04591,18106.0
1753547062557,16:24:22.557,ACT/USDT:USDT,0.04589,13537.0,0.04588,34203.0,0.0459,121.0,0.04591,18106.0
1753547062720,16:24:22.720,ACT/USDT:USDT,0.04589,13337.0,0.04588,34203.0,0.0459,121.0,0.04591,18106.0
1753547063053,16:24:23.053,ACT/USDT:USDT,0.04589,13337.0,0.04588,34203.0,0.0459,121.0,0.04591,18106.0
1753547063247,16:24:23.247,ACT/USDT:USDT,0.04589,13337.0,0.04588,34203.0,0.0459,121.0,0.04591,18106.0
1753547063461,16:24:23.461,ACT/USDT:USDT,0.04589,13337.0,0.04588,34203.0,0.0459,292.0,0.04591,18106.0
1753547063575,16:24:23.575,ACT/USDT:USDT,0.04589,13337.0,0.04588,34203.0,0.0459,91.0,0.04591,18106.0
1753547063788,16:24:23.788,ACT/USDT:USDT,0.04589,13337.0,0.04588,34203.0,0.0459,91.0,0.04591,18106.0
1753547063903,16:24:23.903,ACT/USDT:USDT,0.04589,13336.0,0.04588,34203.0,0.0459,115.0,0.04591,17747.0
1753547064005,16:24:24.005,ACT/USDT:USDT,0.04589,13336.0,0.04588,34203.0,0.0459,115.0,0.04591,18106.0
1753547064202,16:24:24.202,ACT/USDT:USDT,0.04589,13336.0,0.04588,34203.0,0.0459,115.0,0.04591,18106.0
1753547064537,16:24:24.537,ACT/USDT:USDT,0.04589,13336.0,0.04588,34203.0,0.0459,115.0,0.04591,18106.0
1753547064648,16:24:24.648,ACT/USDT:USDT,0.04589,13336.0,0.04588,34203.0,0.0459,115.0,0.04591,18106.0
1753547064802,16:24:24.802,ACT/USDT:USDT,0.04589,13336.0,0.04588,34203.0,0.0459,115.0,0.04591,18106.0
1753547065356,16:24:25.356,ACT/USDT:USDT,0.04589,13336.0,0.04588,34203.0,0.0459,115.0,0.04591,18106.0
1753547065578,16:24:25.578,ACT/USDT:USDT,0.04589,13336.0,0.04588,34203.0,0.0459,115.0,0.04591,18106.0
1753547065711,16:24:25.711,ACT/USDT:USDT,0.04589,13064.0,0.04588,31101.0,0.0459,8272.0,0.04591,22272.0
1753547065812,16:24:25.812,ACT/USDT:USDT,0.04589,13064.0,0.04588,28923.0,0.0459,8272.0,0.04591,22272.0
1753547065947,16:24:25.947,ACT/USDT:USDT,0.04589,13064.0,0.04588,28923.0,0.0459,8272.0,0.04591,22272.0
1753547066080,16:24:26.080,ACT/USDT:USDT,0.04589,13064.0,0.04588,27977.0,0.0459,13272.0,0.04591,22272.0
1753547066402,16:24:26.402,ACT/USDT:USDT,0.04589,13064.0,0.04588,27977.0,0.0459,13272.0,0.04591,22272.0
1753547066526,16:24:26.526,ACT/USDT:USDT,0.04589,13064.0,0.04588,25799.0,0.0459,13272.0,0.04591,27272.0
1753547066646,16:24:26.646,ACT/USDT:USDT,0.04589,18293.0,0.04588,25524.0,0.0459,13272.0,0.04591,27272.0
1753547066843,16:24:26.843,ACT/USDT:USDT,0.04589,18293.0,0.04588,23645.0,0.0459,13272.0,0.04591,27272.0
1753547066947,16:24:26.947,ACT/USDT:USDT,0.04589,18293.0,0.04588,23645.0,0.0459,13272.0,0.04591,27272.0
1753547067283,16:24:27.283,ACT/USDT:USDT,0.04589,18293.0,0.04588,23645.0,0.0459,13272.0,0.04591,27272.0
1753547067502,16:24:27.502,ACT/USDT:USDT,0.04589,18293.0,0.04588,23645.0,0.0459,13272.0,0.04591,27272.0
1753547068393,16:24:28.393,ACT/USDT:USDT,0.04589,25666.0,0.04588,23645.0,0.0459,13272.0,0.04591,27272.0
1753547068607,16:24:28.607,ACT/USDT:USDT,0.04589,25666.0,0.04588,23645.0,0.0459,13272.0,0.04591,27272.0
1753547068714,16:24:28.714,ACT/USDT:USDT,0.04589,25666.0,0.04588,25823.0,0.0459,13272.0,0.04591,27272.0
1753547068896,16:24:28.896,ACT/USDT:USDT,0.04589,25666.0,0.04588,23645.0,0.0459,115.0,0.04591,23106.0
1753547068998,16:24:28.998,ACT/USDT:USDT,0.04589,25666.0,0.04588,23645.0,0.0459,115.0,0.04591,15054.0
1753547069156,16:24:29.156,ACT/USDT:USDT,0.04589,25666.0,0.04588,25823.0,0.0459,115.0,0.04591,15054.0
1753547069320,16:24:29.320,ACT/USDT:USDT,0.04589,25666.0,0.04588,25823.0,0.0459,115.0,0.04591,15054.0
1753547069547,16:24:29.547,ACT/USDT:USDT,0.04589,25666.0,0.04588,28001.0,0.0459,115.0,0.04591,15054.0
1753547070256,16:24:30.256,ACT/USDT:USDT,0.04589,25666.0,0.04588,28001.0,0.0459,115.0,0.04591,15054.0
1753547070359,16:24:30.359,ACT/USDT:USDT,0.04589,25666.0,0.04588,28001.0,0.0459,115.0,0.04591,15054.0
1753547070566,16:24:30.566,ACT/USDT:USDT,0.04589,25666.0,0.04588,28001.0,0.0459,115.0,0.04591,15054.0
1753547070766,16:24:30.766,ACT/USDT:USDT,0.04589,25666.0,0.04588,28001.0,0.0459,115.0,0.04591,15054.0
1753547070909,16:24:30.909,ACT/USDT:USDT,0.04589,25666.0,0.04588,28001.0,0.0459,115.0,0.04591,15054.0
1753547071164,16:24:31.164,ACT/USDT:USDT,0.04589,25666.0,0.04588,28001.0,0.0459,115.0,0.04591,15054.0
1753547071269,16:24:31.269,ACT/USDT:USDT,0.04589,25666.0,0.04588,28001.0,0.0459,115.0,0.04591,15054.0
1753547071372,16:24:31.372,ACT/USDT:USDT,0.04589,25666.0,0.04588,28001.0,0.0459,115.0,0.04591,15054.0
1753547071608,16:24:31.608,ACT/USDT:USDT,0.04589,25666.0,0.04588,28001.0,0.0459,115.0,0.04591,15054.0
1753547071817,16:24:31.817,ACT/USDT:USDT,0.04589,25666.0,0.04588,28001.0,0.0459,115.0,0.04591,15054.0
1753547071933,16:24:31.933,ACT/USDT:USDT,0.04589,20437.0,0.04588,28001.0,0.0459,115.0,0.04591,15054.0
1753547072106,16:24:32.106,ACT/USDT:USDT,0.04589,20437.0,0.04588,28001.0,0.0459,115.0,0.04591,15054.0
1753547072274,16:24:32.274,ACT/USDT:USDT,0.04589,20437.0,0.04588,28001.0,0.0459,115.0,0.04591,15054.0
1753547072376,16:24:32.376,ACT/USDT:USDT,0.04589,35900.0,0.04588,12560.0,0.0459,115.0,0.04591,10054.0
1753547072548,16:24:32.548,ACT/USDT:USDT,0.04589,35900.0,0.04588,12560.0,0.0459,115.0,0.04591,10054.0
1753547072674,16:24:32.674,ACT/USDT:USDT,0.04589,35900.0,0.04588,12560.0,0.0459,115.0,0.04591,10054.0
1753547073217,16:24:33.217,ACT/USDT:USDT,0.04591,8136.0,0.0459,19545.0,0.04593,55387.0,0.04594,51478.0
1753547073319,16:24:33.319,ACT/USDT:USDT,0.04591,8136.0,0.0459,23082.0,0.04593,55002.0,0.04594,58056.0
1753547073426,16:24:33.426,ACT/USDT:USDT,0.04592,4335.0,0.04591,10610.0,0.04593,51119.0,0.04594,58056.0
1753547073540,16:24:33.540,ACT/USDT:USDT,0.04592,4335.0,0.04591,10774.0,0.04593,51119.0,0.04594,58056.0
1753547073646,16:24:33.646,ACT/USDT:USDT,0.04592,6591.0,0.04591,10804.0,0.04593,51119.0,0.04594,58056.0
1753547073759,16:24:33.759,ACT/USDT:USDT,0.04592,6591.0,0.04591,10804.0,0.04593,51119.0,0.04594,58056.0
1753547073950,16:24:33.950,ACT/USDT:USDT,0.04592,6591.0,0.04591,10804.0,0.04593,43051.0,0.04594,58056.0
1753547074067,16:24:34.067,ACT/USDT:USDT,0.04592,6591.0,0.04591,10804.0,0.04593,43051.0,0.04594,58056.0
1753547074174,16:24:34.174,ACT/USDT:USDT,0.04592,6591.0,0.04591,10804.0,0.04593,40431.0,0.04594,58056.0
1753547074277,16:24:34.277,ACT/USDT:USDT,0.04592,6591.0,0.04591,10804.0,0.04593,40431.0,0.04594,58056.0
1753547074400,16:24:34.400,ACT/USDT:USDT,0.04592,19310.0,0.04591,10804.0,0.04593,40431.0,0.04594,58056.0
1753547074507,16:24:34.507,ACT/USDT:USDT,0.04592,19310.0,0.04591,10804.0,0.04593,40431.0,0.04594,58056.0
1753547074615,16:24:34.615,ACT/USDT:USDT,0.04592,19310.0,0.04591,10804.0,0.04593,40431.0,0.04594,58056.0
1753547074718,16:24:34.718,ACT/USDT:USDT,0.04592,19310.0,0.04591,10804.0,0.04593,40431.0,0.04594,58056.0
1753547074859,16:24:34.859,ACT/USDT:USDT,0.04592,19310.0,0.04591,10804.0,0.04593,40431.0,0.04594,58056.0
1753547075044,16:24:35.044,ACT/USDT:USDT,0.04592,19310.0,0.04591,10804.0,0.04593,40431.0,0.04594,58175.0
1753547075154,16:24:35.154,ACT/USDT:USDT,0.04592,19310.0,0.04591,10804.0,0.04593,40552.0,0.04594,58175.0
1753547075298,16:24:35.298,ACT/USDT:USDT,0.04592,19310.0,0.04591,10804.0,0.04593,40552.0,0.04594,58175.0
1753547075416,16:24:35.416,ACT/USDT:USDT,0.04592,19310.0,0.04591,10804.0,0.04593,59941.0,0.04594,58175.0
1753547075517,16:24:35.517,ACT/USDT:USDT,0.04592,19310.0,0.04591,10804.0,0.04593,59941.0,0.04594,58175.0
1753547075639,16:24:35.639,ACT/USDT:USDT,0.04592,19582.0,0.04591,10804.0,0.04593,59941.0,0.04594,58175.0
1753547075751,16:24:35.751,ACT/USDT:USDT,0.04592,19783.0,0.04591,10804.0,0.04593,59941.0,0.04594,58175.0
1753547075903,16:24:35.903,ACT/USDT:USDT,0.04592,19783.0,0.04591,10804.0,0.04593,59941.0,0.04594,58175.0
1753547076074,16:24:36.074,ACT/USDT:USDT,0.04592,19783.0,0.04591,10804.0,0.04593,59941.0,0.04594,58175.0
1753547076213,16:24:36.213,ACT/USDT:USDT,0.04592,19783.0,0.04591,10804.0,0.04593,59941.0,0.04594,58175.0
1753547076315,16:24:36.315,ACT/USDT:USDT,0.04592,19783.0,0.04591,10804.0,0.04593,59941.0,0.04594,58175.0
1753547076459,16:24:36.459,ACT/USDT:USDT,0.04592,19783.0,0.04591,12981.0,0.04593,59941.0,0.04594,58175.0
1753547076577,16:24:36.577,ACT/USDT:USDT,0.04592,19783.0,0.04591,12981.0,0.04593,59941.0,0.04594,58175.0
1753547076798,16:24:36.798,ACT/USDT:USDT,0.04592,19783.0,0.04591,12981.0,0.04593,59941.0,0.04594,58175.0
1753547076902,16:24:36.902,ACT/USDT:USDT,0.04592,25009.0,0.04591,12981.0,0.04593,55456.0,0.04594,58175.0
1753547077019,16:24:37.019,ACT/USDT:USDT,0.04592,25009.0,0.04591,12981.0,0.04593,55456.0,0.04594,58175.0
1753547077212,16:24:37.212,ACT/USDT:USDT,0.04592,25009.0,0.04591,12981.0,0.04593,55456.0,0.04594,62575.0
1753547077315,16:24:37.315,ACT/USDT:USDT,0.04592,25009.0,0.04591,17981.0,0.04593,55456.0,0.04594,62575.0
1753547077478,16:24:37.478,ACT/USDT:USDT,0.04592,25009.0,0.04591,17981.0,0.04593,55456.0,0.04594,62575.0
1753547077587,16:24:37.587,ACT/USDT:USDT,0.04592,25009.0,0.04591,17981.0,0.04593,55456.0,0.04594,62456.0
1753547077717,16:24:37.717,ACT/USDT:USDT,0.04592,25009.0,0.04591,17981.0,0.04593,55456.0,0.04594,62456.0
1753547077823,16:24:37.823,ACT/USDT:USDT,0.04592,25009.0,0.04591,17981.0,0.04593,55456.0,0.04594,62456.0
1753547078002,16:24:38.002,ACT/USDT:USDT,0.04592,25009.0,0.04591,17981.0,0.04593,55456.0,0.04594,62456.0
1753547078178,16:24:38.178,ACT/USDT:USDT,0.04592,25009.0,0.04591,17981.0,0.04593,55456.0,0.04594,62456.0
1753547078296,16:24:38.296,ACT/USDT:USDT,0.04592,25009.0,0.04591,17981.0,0.04593,55456.0,0.04594,62456.0
1753547078402,16:24:38.402,ACT/USDT:USDT,0.04592,25009.0,0.04591,17981.0,0.04593,55456.0,0.04594,62456.0
1753547078517,16:24:38.517,ACT/USDT:USDT,0.04592,25009.0,0.04591,17981.0,0.04593,55456.0,0.04594,62456.0
1753547078688,16:24:38.688,ACT/USDT:USDT,0.04592,25009.0,0.04591,17981.0,0.04593,55456.0,0.04594,62456.0
1753547079002,16:24:39.002,ACT/USDT:USDT,0.04592,25009.0,0.04591,17981.0,0.04593,75282.0,0.04594,62456.0
1753547079164,16:24:39.164,ACT/USDT:USDT,0.04592,25346.0,0.04591,17981.0,0.04593,75282.0,0.04594,62456.0
1753547079299,16:24:39.299,ACT/USDT:USDT,0.04592,25346.0,0.04591,17981.0,0.04593,75282.0,0.04594,62456.0
1753547079418,16:24:39.418,ACT/USDT:USDT,0.04592,25346.0,0.04591,17981.0,0.04593,75282.0,0.04594,62456.0
1753547079571,16:24:39.571,ACT/USDT:USDT,0.04592,25346.0,0.04591,17981.0,0.04593,75282.0,0.04594,62456.0
1753547079809,16:24:39.809,ACT/USDT:USDT,0.04592,25346.0,0.04591,17981.0,0.04593,75282.0,0.04594,62456.0
1753547080032,16:24:40.032,ACT/USDT:USDT,0.04592,25346.0,0.04591,17981.0,0.04593,75282.0,0.04594,62456.0
1753547080202,16:24:40.202,ACT/USDT:USDT,0.04592,25346.0,0.04591,17981.0,0.04593,75282.0,0.04594,62456.0
1753547080307,16:24:40.307,ACT/USDT:USDT,0.04592,25346.0,0.04591,17981.0,0.04593,75282.0,0.04594,62456.0
1753547080414,16:24:40.414,ACT/USDT:USDT,0.04592,25346.0,0.04591,17981.0,0.04593,75282.0,0.04594,62456.0
1753547080602,16:24:40.602,ACT/USDT:USDT,0.04592,25346.0,0.04591,17981.0,0.04593,75282.0,0.04594,62456.0
1753547080944,16:24:40.944,ACT/USDT:USDT,0.04592,25346.0,0.04591,17981.0,0.04593,75282.0,0.04594,62456.0
1753547081045,16:24:41.045,ACT/USDT:USDT,0.04592,25346.0,0.04591,18488.0,0.04593,75282.0,0.04594,62456.0
1753547081202,16:24:41.202,ACT/USDT:USDT,0.04592,25346.0,0.04591,18488.0,0.04593,75282.0,0.04594,62456.0
1753547081313,16:24:41.313,ACT/USDT:USDT,0.04592,25346.0,0.04591,18488.0,0.04593,75282.0,0.04594,62456.0
1753547081417,16:24:41.417,ACT/USDT:USDT,0.04592,25346.0,0.04591,18488.0,0.04593,75282.0,0.04594,62456.0
1753547081550,16:24:41.550,ACT/USDT:USDT,0.04592,25346.0,0.04591,18488.0,0.04593,75282.0,0.04594,62456.0
1753547081716,16:24:41.716,ACT/USDT:USDT,0.04592,25346.0,0.04591,18488.0,0.04593,75282.0,0.04594,62456.0
1753547081916,16:24:41.916,ACT/USDT:USDT,0.04592,20347.0,0.04591,18488.0,0.04593,75282.0,0.04594,62456.0
1753547082079,16:24:42.079,ACT/USDT:USDT,0.04592,20347.0,0.04591,16311.0,0.04593,87257.0,0.04594,62456.0
1753547082193,16:24:42.193,ACT/USDT:USDT,0.04592,20347.0,0.04591,17811.0,0.04593,87257.0,0.04594,62456.0
1753547082301,16:24:42.301,ACT/USDT:USDT,0.04592,20638.0,0.04591,17811.0,0.04593,87257.0,0.04594,62456.0
1753547082416,16:24:42.416,ACT/USDT:USDT,0.04592,20638.0,0.04591,19988.0,0.04593,87257.0,0.04594,62456.0
1753547082786,16:24:42.786,ACT/USDT:USDT,0.04592,20638.0,0.04591,19988.0,0.04593,87257.0,0.04594,62456.0
1753547082902,16:24:42.902,ACT/USDT:USDT,0.04592,20638.0,0.04591,19988.0,0.04593,87257.0,0.04594,62456.0
1753547083006,16:24:43.006,ACT/USDT:USDT,0.04592,20638.0,0.04591,19988.0,0.04593,87257.0,0.04594,62456.0
1753547083116,16:24:43.116,ACT/USDT:USDT,0.04592,20638.0,0.04591,19988.0,0.04593,87257.0,0.04594,62456.0
1753547083303,16:24:43.303,ACT/USDT:USDT,0.04592,20638.0,0.04591,19988.0,0.04593,87257.0,0.04594,62456.0
1753547083599,16:24:43.599,ACT/USDT:USDT,0.04592,20638.0,0.04591,19988.0,0.04593,87257.0,0.04594,62456.0
1753547084016,16:24:44.016,ACT/USDT:USDT,0.04592,20638.0,0.04591,19988.0,0.04593,87257.0,0.04594,62456.0
1753547084216,16:24:44.216,ACT/USDT:USDT,0.04592,20638.0,0.04591,19988.0,0.04593,87257.0,0.04594,62456.0
1753547084318,16:24:44.318,ACT/USDT:USDT,0.04592,20638.0,0.04591,19988.0,0.04593,87257.0,0.04594,62456.0
1753547084495,16:24:44.495,ACT/USDT:USDT,0.04592,20638.0,0.04591,19988.0,0.04593,87257.0,0.04594,62456.0
1753547084596,16:24:44.596,ACT/USDT:USDT,0.04592,20638.0,0.04591,19988.0,0.04593,87257.0,0.04594,62456.0
1753547084891,16:24:44.891,ACT/USDT:USDT,0.04592,20638.0,0.04591,19988.0,0.04593,87257.0,0.04594,62456.0
1753547085102,16:24:45.102,ACT/USDT:USDT,0.04592,20638.0,0.04591,19988.0,0.04593,87257.0,0.04594,62456.0
1753547085213,16:24:45.213,ACT/USDT:USDT,0.04592,20638.0,0.04591,19988.0,0.04593,67868.0,0.04594,62456.0
1753547085533,16:24:45.533,ACT/USDT:USDT,0.04592,20638.0,0.04591,19988.0,0.04593,67868.0,0.04594,62456.0
1753547085636,16:24:45.636,ACT/USDT:USDT,0.04592,20638.0,0.04591,19988.0,0.04593,67868.0,0.04594,62456.0
1753547086011,16:24:46.011,ACT/USDT:USDT,0.04592,20638.0,0.04591,19988.0,0.04593,67868.0,0.04594,62456.0
1753547086169,16:24:46.169,ACT/USDT:USDT,0.04592,20638.0,0.04591,19988.0,0.04593,87257.0,0.04594,62456.0
1753547086315,16:24:46.315,ACT/USDT:USDT,0.04592,20638.0,0.04591,19988.0,0.04593,87257.0,0.04594,62456.0
1753547086418,16:24:46.418,ACT/USDT:USDT,0.04592,20638.0,0.04591,19988.0,0.04593,87257.0,0.04594,62456.0
1753547086702,16:24:46.702,ACT/USDT:USDT,0.04592,20638.0,0.04591,19988.0,0.04593,87257.0,0.04594,62456.0
1753547086841,16:24:46.841,ACT/USDT:USDT,0.04592,20638.0,0.04591,19988.0,0.04593,87257.0,0.04594,62456.0
1753547087021,16:24:47.021,ACT/USDT:USDT,0.04592,20638.0,0.04591,20801.0,0.04593,87257.0,0.04594,62456.0
1753547087302,16:24:47.302,ACT/USDT:USDT,0.04592,20638.0,0.04591,20801.0,0.04593,87257.0,0.04594,62456.0
1753547087416,16:24:47.416,ACT/USDT:USDT,0.04592,20638.0,0.04591,20801.0,0.04593,87257.0,0.04594,62456.0
1753547087517,16:24:47.517,ACT/USDT:USDT,0.04592,20638.0,0.04591,20801.0,0.04593,87257.0,0.04594,62456.0
1753547087706,16:24:47.706,ACT/USDT:USDT,0.04592,20366.0,0.04591,15801.0,0.04593,87257.0,0.04594,62456.0
1753547087837,16:24:47.837,ACT/USDT:USDT,0.04592,20366.0,0.04591,13624.0,0.04593,87257.0,0.04594,62456.0
1753547087963,16:24:47.963,ACT/USDT:USDT,0.04592,20366.0,0.04591,13624.0,0.04593,87257.0,0.04594,62456.0
1753547088347,16:24:48.347,ACT/USDT:USDT,0.04592,20366.0,0.04591,13624.0,0.04593,87257.0,0.04594,62456.0
1753547088491,16:24:48.491,ACT/USDT:USDT,0.04592,20638.0,0.04591,15801.0,0.04593,87257.0,0.04594,62456.0
1753547088629,16:24:48.629,ACT/USDT:USDT,0.04592,27970.0,0.04591,13624.0,0.04593,87257.0,0.04594,62456.0
1753547088902,16:24:48.902,ACT/USDT:USDT,0.04592,27970.0,0.04591,13624.0,0.04593,87257.0,0.04594,62456.0
1753547089502,16:24:49.502,ACT/USDT:USDT,0.04592,27970.0,0.04591,13624.0,0.04593,67431.0,0.04594,62456.0
1753547089643,16:24:49.643,ACT/USDT:USDT,0.04592,27970.0,0.04591,13624.0,0.04593,87257.0,0.04594,62456.0
1753547090046,16:24:50.046,ACT/USDT:USDT,0.04592,27970.0,0.04591,13624.0,0.04593,87257.0,0.04594,62456.0
1753547090328,16:24:50.328,ACT/USDT:USDT,0.04592,27970.0,0.04591,13624.0,0.04593,87257.0,0.04594,62456.0
1753547090429,16:24:50.429,ACT/USDT:USDT,0.04592,27873.0,0.04591,13624.0,0.04593,87257.0,0.04594,62456.0
1753547090602,16:24:50.602,ACT/USDT:USDT,0.04592,27873.0,0.04591,13624.0,0.04593,87257.0,0.04594,62456.0
1753547091202,16:24:51.202,ACT/USDT:USDT,0.04592,27873.0,0.04591,15801.0,0.04593,87257.0,0.04594,62456.0
1753547091317,16:24:51.317,ACT/USDT:USDT,0.04592,27873.0,0.04591,15801.0,0.04593,87257.0,0.04594,62456.0
1753547091551,16:24:51.551,ACT/USDT:USDT,0.04592,27873.0,0.04591,14988.0,0.04593,87257.0,0.04594,62589.0
1753547092107,16:24:52.107,ACT/USDT:USDT,0.04592,27873.0,0.04591,14988.0,0.04593,87257.0,0.04594,62589.0
1753547092337,16:24:52.337,ACT/USDT:USDT,0.04592,27873.0,0.04591,14988.0,0.04593,87257.0,0.04594,62589.0
1753547092765,16:24:52.765,ACT/USDT:USDT,0.04592,28223.0,0.04591,14988.0,0.04593,87257.0,0.04594,62589.0
1753547092896,16:24:52.896,ACT/USDT:USDT,0.04592,28223.0,0.04591,14988.0,0.04593,87257.0,0.04594,62589.0
1753547093402,16:24:53.402,ACT/USDT:USDT,0.04592,28223.0,0.04591,14988.0,0.04593,87257.0,0.04594,62589.0
1753547093584,16:24:53.584,ACT/USDT:USDT,0.04592,20891.0,0.04591,14988.0,0.04593,87257.0,0.04594,62589.0
1753547093986,16:24:53.986,ACT/USDT:USDT,0.04592,20891.0,0.04591,14988.0,0.04593,87257.0,0.04594,62589.0
1753547094102,16:24:54.102,ACT/USDT:USDT,0.04592,20891.0,0.04591,14988.0,0.04593,87257.0,0.04594,62589.0
1753547094651,16:24:54.651,ACT/USDT:USDT,0.04592,20891.0,0.04591,14988.0,0.04593,87257.0,0.04594,62589.0
1753547094917,16:24:54.917,ACT/USDT:USDT,0.04592,20619.0,0.04591,14988.0,0.04593,87257.0,0.04594,62589.0
1753547095102,16:24:55.102,ACT/USDT:USDT,0.04592,20619.0,0.04591,14988.0,0.04593,87257.0,0.04594,62589.0
1753547095666,16:24:55.666,ACT/USDT:USDT,0.04592,20619.0,0.04591,14988.0,0.04593,87257.0,0.04594,62589.0
1753547095972,16:24:55.972,ACT/USDT:USDT,0.04592,20619.0,0.04591,15700.0,0.04593,87257.0,0.04594,62589.0
1753547096202,16:24:56.202,ACT/USDT:USDT,0.04592,20891.0,0.04591,15700.0,0.04593,67868.0,0.04594,62589.0
1753547096310,16:24:56.310,ACT/USDT:USDT,0.04592,20891.0,0.04591,15700.0,0.04593,67868.0,0.04594,62589.0
1753547096421,16:24:56.421,ACT/USDT:USDT,0.04592,20891.0,0.04591,15700.0,0.04593,87257.0,0.04594,62589.0
1753547096802,16:24:56.802,ACT/USDT:USDT,0.04592,20891.0,0.04591,15700.0,0.04593,87257.0,0.04594,62589.0
1753547097069,16:24:57.069,ACT/USDT:USDT,0.04592,20891.0,0.04591,15700.0,0.04593,87257.0,0.04594,62589.0
1753547097402,16:24:57.402,ACT/USDT:USDT,0.04592,20891.0,0.04591,15700.0,0.04593,87257.0,0.04594,62589.0
1753547098002,16:24:58.002,ACT/USDT:USDT,0.04592,20891.0,0.04591,15700.0,0.04593,87257.0,0.04594,62589.0
1753547098294,16:24:58.294,ACT/USDT:USDT,0.04592,20891.0,0.04591,13523.0,0.04593,87257.0,0.04594,62589.0
1753547098440,16:24:58.440,ACT/USDT:USDT,0.04592,20891.0,0.04591,13523.0,0.04593,87257.0,0.04594,62589.0
1753547098586,16:24:58.586,ACT/USDT:USDT,0.04592,20891.0,0.04591,13523.0,0.04593,87257.0,0.04594,62589.0
1753547098891,16:24:58.891,ACT/USDT:USDT,0.04592,20891.0,0.04591,13523.0,0.04593,87257.0,0.04594,62589.0
1753547099008,16:24:59.008,ACT/USDT:USDT,0.04592,20891.0,0.04591,13523.0,0.04593,87257.0,0.04594,62589.0
1753547099146,16:24:59.146,ACT/USDT:USDT,0.04592,20891.0,0.04591,13523.0,0.04593,87257.0,0.04594,62589.0
1753547099493,16:24:59.493,ACT/USDT:USDT,0.04592,20891.0,0.04591,15700.0,0.04593,87257.0,0.04594,62589.0
1753547099792,16:24:59.792,ACT/USDT:USDT,0.04592,20891.0,0.04591,13523.0,0.04593,93800.0,0.04594,62589.0
1753547100230,16:25:00.230,ACT/USDT:USDT,0.04592,20619.0,0.04591,13523.0,0.04593,93800.0,0.04594,62589.0
1753547100334,16:25:00.334,ACT/USDT:USDT,0.04591,9548.0,0.0459,26205.0,0.04592,12186.0,0.04593,106250.0
1753547100437,16:25:00.437,ACT/USDT:USDT,0.04591,9384.0,0.0459,28382.0,0.04592,12186.0,0.04593,106250.0
1753547100553,16:25:00.553,ACT/USDT:USDT,0.04591,9384.0,0.0459,28382.0,0.04592,12186.0,0.04593,106250.0
1753547100700,16:25:00.700,ACT/USDT:USDT,0.04591,9384.0,0.0459,28382.0,0.04592,12186.0,0.04593,106250.0
1753547100898,16:25:00.898,ACT/USDT:USDT,0.04591,7884.0,0.0459,25369.0,0.04592,12186.0,0.04593,106250.0
1753547101002,16:25:01.002,ACT/USDT:USDT,0.04591,7884.0,0.0459,25369.0,0.04592,12186.0,0.04593,106250.0
1753547101118,16:25:01.118,ACT/USDT:USDT,0.04591,7884.0,0.0459,23192.0,0.04592,12186.0,0.04593,106250.0
1753547101250,16:25:01.250,ACT/USDT:USDT,0.04591,7884.0,0.0459,23192.0,0.04592,12186.0,0.04593,106250.0
1753547101374,16:25:01.374,ACT/USDT:USDT,0.04591,7884.0,0.0459,25369.0,0.04592,12186.0,0.04593,106383.0
1753547101477,16:25:01.477,ACT/USDT:USDT,0.04591,7884.0,0.0459,25533.0,0.04592,12186.0,0.04593,106383.0
1753547101716,16:25:01.716,ACT/USDT:USDT,0.04591,7172.0,0.0459,20335.0,0.04592,12186.0,0.04593,106383.0
1753547102003,16:25:02.003,ACT/USDT:USDT,0.04591,7172.0,0.0459,20335.0,0.04592,12186.0,0.04593,106383.0
1753547102297,16:25:02.297,ACT/USDT:USDT,0.04591,7172.0,0.0459,18158.0,0.04592,12186.0,0.04593,106383.0
1753547102551,16:25:02.551,ACT/USDT:USDT,0.04591,7172.0,0.0459,20335.0,0.04592,12186.0,0.04593,106383.0
1753547102806,16:25:02.806,ACT/USDT:USDT,0.04591,7172.0,0.0459,20335.0,0.04592,24161.0,0.04593,94408.0
1753547102915,16:25:02.915,ACT/USDT:USDT,0.04591,7172.0,0.0459,18158.0,0.04592,24161.0,0.04593,94796.0
1753547103019,16:25:03.019,ACT/USDT:USDT,0.04591,7172.0,0.0459,18158.0,0.04592,24161.0,0.04593,94796.0
1753547103201,16:25:03.201,ACT/USDT:USDT,0.04591,7172.0,0.0459,18158.0,0.04592,24161.0,0.04593,94796.0
1753547103309,16:25:03.309,ACT/USDT:USDT,0.04591,8226.0,0.0459,18158.0,0.04592,21082.0,0.04593,94796.0
1753547103484,16:25:03.484,ACT/USDT:USDT,0.04591,8226.0,0.0459,20335.0,0.04592,21082.0,0.04593,94796.0
1753547103619,16:25:03.619,ACT/USDT:USDT,0.04591,8226.0,0.0459,20335.0,0.04592,21082.0,0.04593,94796.0
1753547103742,16:25:03.742,ACT/USDT:USDT,0.04591,8226.0,0.0459,20335.0,0.04592,21082.0,0.04593,94796.0
1753547103861,16:25:03.861,ACT/USDT:USDT,0.04594,21351.0,0.04593,48568.0,0.04595,360.0,0.04596,1234.0
1753547103962,16:25:03.962,ACT/USDT:USDT,0.04594,21885.0,0.04593,50744.0,0.04595,4301.0,0.04596,1234.0
1753547104067,16:25:04.067,ACT/USDT:USDT,0.04594,21885.0,0.04593,57814.0,0.04595,4301.0,0.04596,1234.0
1753547104179,16:25:04.179,ACT/USDT:USDT,0.04594,29497.0,0.04593,56399.0,0.04596,722.0,0.04597,16024.0
1753547104281,16:25:04.281,ACT/USDT:USDT,0.04594,29497.0,0.04593,56399.0,0.04596,587.0,0.04597,16024.0
1753547104419,16:25:04.419,ACT/USDT:USDT,0.04594,29497.0,0.04593,56399.0,0.04596,4474.0,0.04597,14344.0
1753547104528,16:25:04.528,ACT/USDT:USDT,0.04594,21885.0,0.04593,28575.0,0.04596,4474.0,0.04597,22094.0
1753547104642,16:25:04.642,ACT/USDT:USDT,0.04594,387.0,0.04593,18115.0,0.04595,8073.0,0.04596,27294.0
1753547104748,16:25:04.748,ACT/USDT:USDT,0.04594,115.0,0.04593,11045.0,0.04595,8073.0,0.04596,27294.0
1753547104866,16:25:04.866,ACT/USDT:USDT,0.04594,115.0,0.04593,11045.0,0.04595,8073.0,0.04596,27294.0
1753547104971,16:25:04.971,ACT/USDT:USDT,0.04594,115.0,0.04593,11045.0,0.04595,8073.0,0.04596,27294.0
1753547105077,16:25:05.077,ACT/USDT:USDT,0.04594,115.0,0.04593,5910.0,0.04595,13073.0,0.04596,32790.0
1753547105182,16:25:05.182,ACT/USDT:USDT,0.04593,3156.0,0.04592,20194.0,0.04594,13793.0,0.04595,25266.0
1753547105559,16:25:05.559,ACT/USDT:USDT,0.04593,3156.0,0.04592,12341.0,0.04594,13684.0,0.04595,29613.0
1753547105665,16:25:05.665,ACT/USDT:USDT,0.04592,425.0,0.04591,22576.0,0.04593,13073.0,0.04594,20462.0
1753547105768,16:25:05.768,ACT/USDT:USDT,0.04592,272.0,0.04591,22729.0,0.04593,13073.0,0.04594,20833.0
1753547105875,16:25:05.875,ACT/USDT:USDT,0.04592,272.0,0.04591,19464.0,0.04593,13073.0,0.04594,21193.0
1753547106135,16:25:06.135,ACT/USDT:USDT,0.04591,6249.0,0.0459,73302.0,0.04592,3879.0,0.04593,22149.0
1753547106239,16:25:06.239,ACT/USDT:USDT,0.0459,40902.0,0.04589,41906.0,0.04591,5767.0,0.04592,3879.0
1753547106340,16:25:06.340,ACT/USDT:USDT,0.04589,43065.0,0.04588,18889.0,0.0459,6573.0,0.04591,11087.0
1753547106546,16:25:06.546,ACT/USDT:USDT,0.04589,37375.0,0.04588,19107.0,0.0459,11033.0,0.04591,18752.0
1753547106650,16:25:06.650,ACT/USDT:USDT,0.04589,37375.0,0.04588,19107.0,0.0459,11033.0,0.04591,18752.0
1753547106782,16:25:06.782,ACT/USDT:USDT,0.04589,37375.0,0.04588,19107.0,0.0459,11033.0,0.04591,18752.0
1753547106961,16:25:06.961,ACT/USDT:USDT,0.04589,35317.0,0.04588,16882.0,0.0459,4460.0,0.04591,18752.0
1753547107069,16:25:07.069,ACT/USDT:USDT,0.04589,35317.0,0.04588,16882.0,0.0459,4460.0,0.04591,18752.0
1753547107208,16:25:07.208,ACT/USDT:USDT,0.04589,35317.0,0.04588,13803.0,0.0459,8548.0,0.04591,18752.0
1753547107313,16:25:07.313,ACT/USDT:USDT,0.04589,27903.0,0.04588,11181.0,0.0459,8548.0,0.04591,18752.0
1753547107416,16:25:07.416,ACT/USDT:USDT,0.04589,24646.0,0.04588,11181.0,0.0459,8548.0,0.04591,18752.0
1753547107517,16:25:07.517,ACT/USDT:USDT,0.04589,22235.0,0.04588,11045.0,0.0459,8548.0,0.04591,18752.0
1753547107636,16:25:07.636,ACT/USDT:USDT,0.04589,22235.0,0.04588,11045.0,0.0459,8548.0,0.04591,18752.0
1753547107821,16:25:07.821,ACT/USDT:USDT,0.04589,22235.0,0.04588,11045.0,0.0459,8548.0,0.04591,18752.0
1753547108186,16:25:08.186,ACT/USDT:USDT,0.04589,22235.0,0.04588,11045.0,0.0459,8548.0,0.04591,18752.0
1753547108296,16:25:08.296,ACT/USDT:USDT,0.04589,22235.0,0.04588,15600.0,0.0459,8548.0,0.04591,18752.0
1753547108404,16:25:08.404,ACT/USDT:USDT,0.04589,22235.0,0.04588,15600.0,0.0459,8548.0,0.04591,18752.0
1753547108510,16:25:08.510,ACT/USDT:USDT,0.04589,22235.0,0.04588,15600.0,0.0459,8548.0,0.04591,18752.0
1753547108616,16:25:08.616,ACT/USDT:USDT,0.04589,22235.0,0.04588,15600.0,0.0459,8548.0,0.04591,18752.0
1753547108927,16:25:08.927,ACT/USDT:USDT,0.04589,22235.0,0.04588,15600.0,0.0459,8548.0,0.04591,18752.0
1753547109184,16:25:09.184,ACT/USDT:USDT,0.04589,22235.0,0.04588,15600.0,0.0459,8548.0,0.04591,18752.0
1753547109286,16:25:09.286,ACT/USDT:USDT,0.04589,22235.0,0.04588,15600.0,0.0459,8548.0,0.04591,18752.0
1753547109766,16:25:09.766,ACT/USDT:USDT,0.04589,22235.0,0.04588,15600.0,0.0459,8548.0,0.04591,18752.0
1753547110297,16:25:10.297,ACT/USDT:USDT,0.04589,23041.0,0.04588,15600.0,0.0459,8548.0,0.04591,18752.0
1753547110405,16:25:10.405,ACT/USDT:USDT,0.04589,23041.0,0.04588,15600.0,0.0459,8548.0,0.04591,18752.0
1753547110521,16:25:10.521,ACT/USDT:USDT,0.04589,23041.0,0.04588,15600.0,0.0459,8548.0,0.04591,18752.0
1753547110638,16:25:10.638,ACT/USDT:USDT,0.04589,23041.0,0.04588,15600.0,0.0459,8548.0,0.04591,18752.0
1753547110808,16:25:10.808,ACT/USDT:USDT,0.04589,23041.0,0.04588,15600.0,0.0459,8548.0,0.04591,18752.0
1753547110963,16:25:10.963,ACT/USDT:USDT,0.04589,23041.0,0.04588,16061.0,0.0459,8548.0,0.04591,18752.0
1753547111216,16:25:11.216,ACT/USDT:USDT,0.04589,23041.0,0.04588,16061.0,0.0459,8548.0,0.04591,18752.0
1753547111319,16:25:11.319,ACT/USDT:USDT,0.04589,23041.0,0.04588,16061.0,0.0459,8548.0,0.04591,18752.0
1753547111465,16:25:11.465,ACT/USDT:USDT,0.04589,23041.0,0.04588,16061.0,0.0459,8548.0,0.04591,18752.0
1753547111619,16:25:11.619,ACT/USDT:USDT,0.04589,23041.0,0.04588,16061.0,0.0459,8548.0,0.04591,18752.0
1753547111731,16:25:11.731,ACT/USDT:USDT,0.04589,23041.0,0.04588,16061.0,0.0459,8548.0,0.04591,18752.0
1753547111902,16:25:11.902,ACT/USDT:USDT,0.04589,23041.0,0.04588,16061.0,0.0459,8548.0,0.04591,18752.0
1753547112105,16:25:12.105,ACT/USDT:USDT,0.04589,24768.0,0.04588,17604.0,0.0459,4460.0,0.04591,18752.0
1753547112208,16:25:12.208,ACT/USDT:USDT,0.04589,24768.0,0.04588,17604.0,0.0459,4460.0,0.04591,18752.0
1753547112387,16:25:12.387,ACT/USDT:USDT,0.04589,24768.0,0.04588,17604.0,0.0459,4460.0,0.04591,23159.0
1753547112490,16:25:12.490,ACT/USDT:USDT,0.04589,24768.0,0.04588,20322.0,0.0459,4460.0,0.04591,23159.0
1753547112939,16:25:12.939,ACT/USDT:USDT,0.04589,24768.0,0.04588,15767.0,0.0459,4460.0,0.04591,23159.0
1753547113046,16:25:13.046,ACT/USDT:USDT,0.04589,24768.0,0.04588,21604.0,0.0459,4460.0,0.04591,23159.0
1753547113152,16:25:13.152,ACT/USDT:USDT,0.04589,24768.0,0.04588,21604.0,0.0459,4460.0,0.04591,23159.0
1753547113288,16:25:13.288,ACT/USDT:USDT,0.04589,24768.0,0.04588,21604.0,0.0459,4460.0,0.04591,23159.0
1753547113507,16:25:13.507,ACT/USDT:USDT,0.04589,24768.0,0.04588,21604.0,0.0459,4460.0,0.04591,23159.0
1753547113620,16:25:13.620,ACT/USDT:USDT,0.04589,24768.0,0.04588,21604.0,0.0459,4460.0,0.04591,23159.0
1753547113726,16:25:13.726,ACT/USDT:USDT,0.04589,25452.0,0.04588,21604.0,0.0459,4460.0,0.04591,23159.0
1753547113908,16:25:13.908,ACT/USDT:USDT,0.04589,25452.0,0.04588,21604.0,0.0459,4460.0,0.04591,23159.0
1753547114087,16:25:14.087,ACT/USDT:USDT,0.04589,25452.0,0.04588,21604.0,0.0459,4460.0,0.04591,23159.0
1753547114239,16:25:14.239,ACT/USDT:USDT,0.04589,25452.0,0.04588,21604.0,0.0459,4460.0,0.04591,23159.0
1753547114695,16:25:14.695,ACT/USDT:USDT,0.04589,25452.0,0.04588,21604.0,0.0459,4460.0,0.04591,23159.0
1753547114802,16:25:14.802,ACT/USDT:USDT,0.04589,25452.0,0.04588,21604.0,0.0459,4460.0,0.04591,23159.0
1753547115273,16:25:15.273,ACT/USDT:USDT,0.04589,25452.0,0.04588,21604.0,0.0459,4460.0,0.04591,23159.0
1753547115402,16:25:15.402,ACT/USDT:USDT,0.04589,25452.0,0.04588,21604.0,0.0459,4460.0,0.04591,23159.0
1753547115504,16:25:15.504,ACT/USDT:USDT,0.04589,25452.0,0.04588,19426.0,0.0459,4460.0,0.04591,23159.0
1753547115660,16:25:15.660,ACT/USDT:USDT,0.04589,25452.0,0.04588,19426.0,0.0459,4460.0,0.04591,23159.0
1753547115809,16:25:15.809,ACT/USDT:USDT,0.04589,25452.0,0.04588,17555.0,0.0459,4460.0,0.04591,23159.0
1753547116148,16:25:16.148,ACT/USDT:USDT,0.04589,25452.0,0.04588,17555.0,0.0459,4460.0,0.04591,23159.0
1753547116353,16:25:16.353,ACT/USDT:USDT,0.04589,24918.0,0.04588,17555.0,0.0459,4460.0,0.04591,23159.0
1753547116501,16:25:16.501,ACT/USDT:USDT,0.04589,24918.0,0.04588,17555.0,0.0459,4460.0,0.04591,23159.0
1753547117075,16:25:17.075,ACT/USDT:USDT,0.04589,25452.0,0.04588,17555.0,0.0459,4581.0,0.04591,23159.0
1753547117248,16:25:17.248,ACT/USDT:USDT,0.04589,25452.0,0.04588,17555.0,0.0459,4581.0,0.04591,23159.0
1753547117507,16:25:17.507,ACT/USDT:USDT,0.04589,25452.0,0.04588,17555.0,0.0459,4581.0,0.04591,23159.0
1753547117994,16:25:17.994,ACT/USDT:USDT,0.04589,25452.0,0.04588,17555.0,0.0459,4581.0,0.04591,23159.0
1753547118116,16:25:18.116,ACT/USDT:USDT,0.04589,25452.0,0.04588,17555.0,0.0459,4581.0,0.04591,23159.0
1753547118432,16:25:18.432,ACT/USDT:USDT,0.04589,25452.0,0.04588,17555.0,0.0459,4581.0,0.04591,23159.0
1753547118587,16:25:18.587,ACT/USDT:USDT,0.04589,25452.0,0.04588,17555.0,0.0459,4581.0,0.04591,23159.0
1753547119127,16:25:19.127,ACT/USDT:USDT,0.04589,25452.0,0.04588,17555.0,0.0459,4581.0,0.04591,18024.0
1753547119407,16:25:19.407,ACT/USDT:USDT,0.04589,25452.0,0.04588,17555.0,0.0459,4581.0,0.04591,18024.0
1753547119656,16:25:19.656,ACT/USDT:USDT,0.04589,25452.0,0.04588,17555.0,0.0459,4581.0,0.04591,18024.0
1753547119757,16:25:19.757,ACT/USDT:USDT,0.04589,25452.0,0.04588,17555.0,0.0459,4581.0,0.04591,18024.0
1753547119861,16:25:19.861,ACT/USDT:USDT,0.04589,25452.0,0.04588,17555.0,0.0459,4581.0,0.04591,18024.0
1753547120202,16:25:20.202,ACT/USDT:USDT,0.04589,25452.0,0.04588,17555.0,0.0459,4581.0,0.04591,18024.0
1753547120308,16:25:20.308,ACT/USDT:USDT,0.04589,25452.0,0.04588,17555.0,0.0459,4581.0,0.04591,18024.0
1753547120532,16:25:20.532,ACT/USDT:USDT,0.04589,25452.0,0.04588,17555.0,0.0459,4581.0,0.04591,18024.0
1753547120802,16:25:20.802,ACT/USDT:USDT,0.04589,25452.0,0.04588,17555.0,0.0459,4581.0,0.04591,18024.0
1753547121188,16:25:21.188,ACT/USDT:USDT,0.04589,25452.0,0.04588,16708.0,0.0459,4581.0,0.04591,18024.0
1753547121317,16:25:21.317,ACT/USDT:USDT,0.04589,25452.0,0.04588,16708.0,0.0459,4581.0,0.04591,18024.0
1753547121830,16:25:21.830,ACT/USDT:USDT,0.04589,25452.0,0.04588,16247.0,0.0459,4581.0,0.04591,23024.0
1753547121996,16:25:21.996,ACT/USDT:USDT,0.04589,25452.0,0.04588,16247.0,0.0459,4581.0,0.04591,23024.0
1753547122113,16:25:22.113,ACT/USDT:USDT,0.04589,25452.0,0.04588,16247.0,0.0459,4581.0,0.04591,23024.0
1753547122219,16:25:22.219,ACT/USDT:USDT,0.04589,24918.0,0.04588,16247.0,0.0459,4581.0,0.04591,23024.0
1753547122325,16:25:22.325,ACT/USDT:USDT,0.04589,24918.0,0.04588,16247.0,0.0459,4581.0,0.04591,23024.0
1753547122502,16:25:22.502,ACT/USDT:USDT,0.04589,24918.0,0.04588,16247.0,0.0459,4581.0,0.04591,23024.0
1753547123002,16:25:23.002,ACT/USDT:USDT,0.04589,24918.0,0.04588,16247.0,0.0459,4581.0,0.04591,23024.0
1753547123449,16:25:23.449,ACT/USDT:USDT,0.04589,24918.0,0.04588,16247.0,0.0459,4581.0,0.04591,23024.0
1753547123553,16:25:23.553,ACT/USDT:USDT,0.04589,24918.0,0.04588,16247.0,0.0459,4581.0,0.04591,23024.0
1753547123837,16:25:23.837,ACT/USDT:USDT,0.04589,24918.0,0.04588,16247.0,0.0459,4581.0,0.04591,23024.0
1753547124102,16:25:24.102,ACT/USDT:USDT,0.04589,24918.0,0.04588,16247.0,0.0459,4581.0,0.04591,23024.0
1753547124208,16:25:24.208,ACT/USDT:USDT,0.04589,24918.0,0.04588,16247.0,0.0459,4581.0,0.04591,23024.0
1753547124412,16:25:24.412,ACT/USDT:USDT,0.04589,24646.0,0.04588,16247.0,0.0459,4581.0,0.04591,23024.0
1753547124513,16:25:24.513,ACT/USDT:USDT,0.04589,24646.0,0.04588,16247.0,0.0459,4581.0,0.04591,23024.0
1753547124647,16:25:24.647,ACT/USDT:USDT,0.04589,24646.0,0.04588,16247.0,0.0459,4581.0,0.04591,23024.0
1753547124837,16:25:24.837,ACT/USDT:USDT,0.04589,24646.0,0.04588,16247.0,0.0459,4581.0,0.04591,23024.0
1753547125157,16:25:25.157,ACT/USDT:USDT,0.04589,25180.0,0.04588,16247.0,0.0459,4581.0,0.04591,23024.0
1753547125547,16:25:25.547,ACT/USDT:USDT,0.04589,25180.0,0.04588,16247.0,0.0459,4581.0,0.04591,23024.0
1753547125702,16:25:25.702,ACT/USDT:USDT,0.04589,25180.0,0.04588,16247.0,0.0459,4581.0,0.04591,23024.0
1753547125852,16:25:25.852,ACT/USDT:USDT,0.04589,25180.0,0.04588,16247.0,0.0459,4581.0,0.04591,27377.0
1753547126216,16:25:26.216,ACT/USDT:USDT,0.04589,24646.0,0.04588,16247.0,0.0459,4581.0,0.04591,27377.0
1753547126318,16:25:26.318,ACT/USDT:USDT,0.04589,24646.0,0.04588,16247.0,0.0459,4581.0,0.04591,27377.0
1753547126460,16:25:26.460,ACT/USDT:USDT,0.04589,24646.0,0.04588,16247.0,0.0459,4581.0,0.04591,25202.0
1753547126575,16:25:26.575,ACT/USDT:USDT,0.04589,24918.0,0.04588,16247.0,0.0459,4581.0,0.04591,23024.0
1753547126776,16:25:26.776,ACT/USDT:USDT,0.04589,24918.0,0.04588,16247.0,0.0459,4581.0,0.04591,25199.0
1753547126885,16:25:26.885,ACT/USDT:USDT,0.04589,24918.0,0.04588,16247.0,0.0459,4808.0,0.04591,25199.0
1753547127486,16:25:27.486,ACT/USDT:USDT,0.04589,25452.0,0.04588,16247.0,0.0459,4808.0,0.04591,23024.0
1753547128038,16:25:28.038,ACT/USDT:USDT,0.04589,25452.0,0.04588,16247.0,0.0459,4808.0,0.04591,10051.0
1753547128140,16:25:28.140,ACT/USDT:USDT,0.0459,5135.0,0.04589,25452.0,0.04591,9419.0,0.04592,64798.0
1753547128245,16:25:28.245,ACT/USDT:USDT,0.0459,5407.0,0.04589,26030.0,0.04591,9201.0,0.04592,40128.0
1753547128366,16:25:28.366,ACT/USDT:USDT,0.0459,6071.0,0.04589,26183.0,0.04591,9201.0,0.04592,40281.0
1753547128478,16:25:28.478,ACT/USDT:USDT,0.0459,6071.0,0.04589,26183.0,0.04591,9201.0,0.04592,40281.0
1753547128588,16:25:28.588,ACT/USDT:USDT,0.0459,664.0,0.04589,26183.0,0.04591,9201.0,0.04592,44028.0
1753547128927,16:25:28.927,ACT/USDT:USDT,0.0459,664.0,0.04589,26183.0,0.04591,9201.0,0.04592,44028.0
1753547129101,16:25:29.101,ACT/USDT:USDT,0.0459,664.0,0.04589,26183.0,0.04591,9201.0,0.04592,44028.0
1753547129461,16:25:29.461,ACT/USDT:USDT,0.04589,25333.0,0.04588,19390.0,0.0459,4788.0,0.04591,18676.0
1753547129564,16:25:29.564,ACT/USDT:USDT,0.04589,25333.0,0.04588,19390.0,0.0459,4788.0,0.04591,21432.0
1753547129789,16:25:29.789,ACT/USDT:USDT,0.04589,25333.0,0.04588,11254.0,0.0459,9788.0,0.04591,26432.0
1753547129896,16:25:29.896,ACT/USDT:USDT,0.04589,25333.0,0.04588,11254.0,0.0459,9788.0,0.04591,33121.0
1753547129998,16:25:29.998,ACT/USDT:USDT,0.04589,25333.0,0.04588,11254.0,0.0459,9788.0,0.04591,33121.0
1753547130318,16:25:30.318,ACT/USDT:USDT,0.04587,4501.0,0.04586,10738.0,0.04588,4951.0,0.04589,34429.0
1753547130421,16:25:30.421,ACT/USDT:USDT,0.04587,3167.0,0.04586,10560.0,0.04588,4951.0,0.04589,40735.0
1753547130526,16:25:30.526,ACT/USDT:USDT,0.04587,3167.0,0.04586,10560.0,0.04589,32036.0,0.0459,27620.0
1753547130635,16:25:30.635,ACT/USDT:USDT,0.04587,3167.0,0.04586,15298.0,0.04589,32036.0,0.0459,27620.0
1753547130939,16:25:30.939,ACT/USDT:USDT,0.04587,3167.0,0.04586,15298.0,0.04589,32036.0,0.0459,27620.0
1753547131102,16:25:31.102,ACT/USDT:USDT,0.04587,3167.0,0.04586,15298.0,0.04589,32036.0,0.0459,27620.0
1753547131225,16:25:31.225,ACT/USDT:USDT,0.04587,3167.0,0.04586,15012.0,0.04589,32036.0,0.0459,27620.0
1753547131338,16:25:31.338,ACT/USDT:USDT,0.04587,3167.0,0.04586,15012.0,0.04589,32036.0,0.0459,29795.0
1753547131460,16:25:31.460,ACT/USDT:USDT,0.04587,3167.0,0.04586,15012.0,0.04589,32036.0,0.0459,27620.0
1753547131574,16:25:31.574,ACT/USDT:USDT,0.04587,3167.0,0.04586,14228.0,0.04589,32036.0,0.0459,27620.0
1753547131681,16:25:31.681,ACT/USDT:USDT,0.04587,2533.0,0.04586,4130.0,0.04589,37408.0,0.0459,30710.0
1753547131807,16:25:31.807,ACT/USDT:USDT,0.04587,2533.0,0.04586,4130.0,0.04589,43945.0,0.0459,30710.0
1753547131912,16:25:31.912,ACT/USDT:USDT,0.04587,2533.0,0.04586,12259.0,0.04589,38060.0,0.0459,30710.0
1753547132039,16:25:32.039,ACT/USDT:USDT,0.04587,2533.0,0.04586,16657.0,0.04589,38060.0,0.0459,30710.0
1753547132173,16:25:32.173,ACT/USDT:USDT,0.04586,8129.0,0.04585,22257.0,0.04588,5709.0,0.04589,37953.0
1753547132279,16:25:32.279,ACT/USDT:USDT,0.04586,8129.0,0.04585,22257.0,0.04588,5709.0,0.04589,38313.0
1753547132425,16:25:32.425,ACT/USDT:USDT,0.04586,8129.0,0.04585,22257.0,0.04588,5709.0,0.04589,38313.0
1753547132567,16:25:32.567,ACT/USDT:USDT,0.04586,8129.0,0.04585,25358.0,0.04588,5709.0,0.04589,38313.0
1753547132909,16:25:32.909,ACT/USDT:USDT,0.04587,274.0,0.04586,8348.0,0.04589,29416.0,0.0459,45534.0
1753547133316,16:25:33.316,ACT/USDT:USDT,0.04587,274.0,0.04586,8348.0,0.04589,29416.0,0.0459,45534.0
1753547133481,16:25:33.481,ACT/USDT:USDT,0.04587,274.0,0.04586,8348.0,0.04589,29416.0,0.0459,47713.0
1753547133976,16:25:33.976,ACT/USDT:USDT,0.04587,274.0,0.04586,8348.0,0.04589,29416.0,0.0459,45534.0
1753547134372,16:25:34.372,ACT/USDT:USDT,0.04587,274.0,0.04586,8348.0,0.04589,29416.0,0.0459,47713.0
1753547134475,16:25:34.475,ACT/USDT:USDT,0.04587,8403.0,0.04586,8348.0,0.04589,29416.0,0.0459,47713.0
1753547134599,16:25:34.599,ACT/USDT:USDT,0.04587,8403.0,0.04586,13594.0,0.04589,29416.0,0.0459,45534.0
1753547134729,16:25:34.729,ACT/USDT:USDT,0.04587,8403.0,0.04586,13954.0,0.04589,29416.0,0.0459,45534.0
1753547135205,16:25:35.205,ACT/USDT:USDT,0.04587,8403.0,0.04586,13954.0,0.04589,29416.0,0.0459,45534.0
1753547135376,16:25:35.376,ACT/USDT:USDT,0.04587,8403.0,0.04586,13954.0,0.04589,29416.0,0.0459,45534.0
1753547135602,16:25:35.602,ACT/USDT:USDT,0.04587,8403.0,0.04586,13954.0,0.04589,29416.0,0.0459,45534.0
1753547135744,16:25:35.744,ACT/USDT:USDT,0.04587,8403.0,0.04586,13954.0,0.04589,29416.0,0.0459,43359.0
1753547135971,16:25:35.971,ACT/USDT:USDT,0.04586,13375.0,0.04585,25739.0,0.04589,29416.0,0.0459,43359.0
1753547136077,16:25:36.077,ACT/USDT:USDT,0.04586,8129.0,0.04585,25739.0,0.04589,29416.0,0.0459,43359.0
1753547136198,16:25:36.198,ACT/USDT:USDT,0.04586,8129.0,0.04585,17638.0,0.04587,4296.0,0.04588,4973.0
1753547136300,16:25:36.300,ACT/USDT:USDT,0.04586,8129.0,0.04585,17638.0,0.04587,4296.0,0.04588,5192.0
1753547136409,16:25:36.409,ACT/USDT:USDT,0.04586,8129.0,0.04585,15377.0,0.04587,4296.0,0.04588,5192.0
1753547136523,16:25:36.523,ACT/USDT:USDT,0.04586,8403.0,0.04585,15377.0,0.04587,4296.0,0.04588,5552.0
1753547136625,16:25:36.625,ACT/USDT:USDT,0.04586,8403.0,0.04585,15377.0,0.04587,4296.0,0.04588,5552.0
1753547136728,16:25:36.728,ACT/USDT:USDT,0.04586,8403.0,0.04585,15377.0,0.04587,4296.0,0.04588,5552.0
1753547136965,16:25:36.965,ACT/USDT:USDT,0.04586,19803.0,0.04585,15377.0,0.04587,4296.0,0.04588,5552.0
1753547137072,16:25:37.072,ACT/USDT:USDT,0.04586,19803.0,0.04585,15377.0,0.04588,5333.0,0.04589,42756.0
1753547137205,16:25:37.205,ACT/USDT:USDT,0.04586,19803.0,0.04585,15377.0,0.04588,5333.0,0.04589,42756.0
1753547137317,16:25:37.317,ACT/USDT:USDT,0.04586,19803.0,0.04585,15377.0,0.04588,9536.0,0.04589,42756.0
1753547137435,16:25:37.435,ACT/USDT:USDT,0.04586,19803.0,0.04585,15377.0,0.04588,9536.0,0.04589,44936.0
1753547137542,16:25:37.542,ACT/USDT:USDT,0.04586,19803.0,0.04585,17557.0,0.04588,9536.0,0.04589,42756.0
1753547137802,16:25:37.802,ACT/USDT:USDT,0.04586,19803.0,0.04585,17557.0,0.04588,9536.0,0.04589,37048.0
1753547137906,16:25:37.906,ACT/USDT:USDT,0.04586,19803.0,0.04585,17557.0,0.04588,9536.0,0.04589,37048.0
1753547138402,16:25:38.402,ACT/USDT:USDT,0.04586,19803.0,0.04585,17557.0,0.04588,9536.0,0.04589,37048.0
1753547138546,16:25:38.546,ACT/USDT:USDT,0.04586,19803.0,0.04585,15377.0,0.04588,9536.0,0.04589,44936.0
1753547138703,16:25:38.703,ACT/USDT:USDT,0.04586,19803.0,0.04585,15377.0,0.04588,9536.0,0.04589,44936.0
1753547139568,16:25:39.568,ACT/USDT:USDT,0.04586,19803.0,0.04585,15377.0,0.04588,9536.0,0.04589,49285.0
1753547140002,16:25:40.002,ACT/USDT:USDT,0.04586,11674.0,0.04585,15377.0,0.04588,9536.0,0.04589,53645.0
1753547140116,16:25:40.116,ACT/USDT:USDT,0.04586,11400.0,0.04585,15377.0,0.04588,9536.0,0.04589,53645.0
1753547140253,16:25:40.253,ACT/USDT:USDT,0.04586,11400.0,0.04585,15377.0,0.04588,9536.0,0.04589,53645.0
1753547140458,16:25:40.458,ACT/USDT:USDT,0.04586,11400.0,0.04585,15377.0,0.04588,9536.0,0.04589,58129.0
1753547140575,16:25:40.575,ACT/USDT:USDT,0.04586,11400.0,0.04585,15377.0,0.04588,9536.0,0.04589,58129.0
1753547140678,16:25:40.678,ACT/USDT:USDT,0.04586,11400.0,0.04585,15377.0,0.04588,9536.0,0.04589,58129.0
1753547141210,16:25:41.210,ACT/USDT:USDT,0.04586,11400.0,0.04585,15377.0,0.04588,9536.0,0.04589,58129.0
1753547141341,16:25:41.341,ACT/USDT:USDT,0.04586,11400.0,0.04585,15377.0,0.04588,9536.0,0.04589,58129.0
1753547141502,16:25:41.502,ACT/USDT:USDT,0.04586,11400.0,0.04585,15377.0,0.04588,9536.0,0.04589,53776.0
1753547141649,16:25:41.649,ACT/USDT:USDT,0.04586,11400.0,0.04585,15377.0,0.04588,9536.0,0.04589,51596.0
1753547142008,16:25:42.008,ACT/USDT:USDT,0.04586,11400.0,0.04585,15377.0,0.04588,9536.0,0.04589,53776.0
1753547142202,16:25:42.202,ACT/USDT:USDT,0.04586,11400.0,0.04585,14368.0,0.04588,9536.0,0.04589,53776.0
1753547142455,16:25:42.455,ACT/USDT:USDT,0.04586,11400.0,0.04585,13987.0,0.04588,9536.0,0.04589,53776.0
1753547142696,16:25:42.696,ACT/USDT:USDT,0.04586,11400.0,0.04585,13987.0,0.04588,9536.0,0.04589,53776.0
1753547142802,16:25:42.802,ACT/USDT:USDT,0.04586,11400.0,0.04585,13987.0,0.04588,9536.0,0.04589,53776.0
1753547143092,16:25:43.092,ACT/USDT:USDT,0.04586,11400.0,0.04585,13987.0,0.04588,9536.0,0.04589,53776.0
1753547143198,16:25:43.198,ACT/USDT:USDT,0.04586,11400.0,0.04585,9267.0,0.04588,9536.0,0.04589,53776.0
1753547143347,16:25:43.347,ACT/USDT:USDT,0.04586,16888.0,0.04585,9267.0,0.04588,9536.0,0.04589,53776.0
1753547143566,16:25:43.566,ACT/USDT:USDT,0.04586,16888.0,0.04585,9267.0,0.04588,9536.0,0.04589,53776.0
1753547143758,16:25:43.758,ACT/USDT:USDT,0.04586,16888.0,0.04585,9267.0,0.04588,9536.0,0.04589,55956.0
1753547143863,16:25:43.863,ACT/USDT:USDT,0.04586,16888.0,0.04585,9267.0,0.04588,9536.0,0.04589,55956.0
1753547143965,16:25:43.965,ACT/USDT:USDT,0.04586,16888.0,0.04585,9267.0,0.04588,9536.0,0.04589,55956.0
1753547144502,16:25:44.502,ACT/USDT:USDT,0.04586,16888.0,0.04585,9267.0,0.04588,9536.0,0.04589,55956.0
1753547144645,16:25:44.645,ACT/USDT:USDT,0.04586,16888.0,0.04585,9267.0,0.04588,9536.0,0.04589,53776.0
1753547144808,16:25:44.808,ACT/USDT:USDT,0.04586,16888.0,0.04585,9267.0,0.04588,9536.0,0.04589,53776.0
1753547144946,16:25:44.946,ACT/USDT:USDT,0.04586,17162.0,0.04585,9267.0,0.04588,9536.0,0.04589,51596.0
1753547145096,16:25:45.096,ACT/USDT:USDT,0.04586,17162.0,0.04585,9267.0,0.04588,9536.0,0.04589,51596.0
1753547145571,16:25:45.571,ACT/USDT:USDT,0.04586,17162.0,0.04585,14267.0,0.04588,9536.0,0.04589,49416.0
1753547145678,16:25:45.678,ACT/USDT:USDT,0.04586,17162.0,0.04585,20165.0,0.04588,9536.0,0.04589,43708.0
1753547145787,16:25:45.787,ACT/USDT:USDT,0.04586,17162.0,0.04585,20165.0,0.04588,9536.0,0.04589,43708.0
1753547145891,16:25:45.891,ACT/USDT:USDT,0.04586,17162.0,0.04585,20165.0,0.04588,9536.0,0.04589,43708.0
1753547146177,16:25:46.177,ACT/USDT:USDT,0.04586,17162.0,0.04585,20165.0,0.04588,9536.0,0.04589,43708.0
1753547146448,16:25:46.448,ACT/USDT:USDT,0.04586,17162.0,0.04585,20165.0,0.04588,9536.0,0.04589,43708.0
1753547146941,16:25:46.941,ACT/USDT:USDT,0.04586,17162.0,0.04585,20165.0,0.04588,9536.0,0.04589,43708.0
1753547147046,16:25:47.046,ACT/USDT:USDT,0.04586,17162.0,0.04585,15165.0,0.04588,9536.0,0.04589,51032.0
1753547147273,16:25:47.273,ACT/USDT:USDT,0.04586,17003.0,0.04585,15165.0,0.04587,2849.0,0.04588,9536.0
1753547147638,16:25:47.638,ACT/USDT:USDT,0.04586,11515.0,0.04585,15165.0,0.04588,9689.0,0.04589,61220.0
1753547147754,16:25:47.754,ACT/USDT:USDT,0.04586,11515.0,0.04585,15165.0,0.04588,9689.0,0.04589,59047.0
1753547147862,16:25:47.862,ACT/USDT:USDT,0.04586,11515.0,0.04585,15165.0,0.04588,9689.0,0.04589,56867.0
1753547147992,16:25:47.992,ACT/USDT:USDT,0.04586,16997.0,0.04585,15165.0,0.04588,9689.0,0.04589,58414.0
1753547148546,16:25:48.546,ACT/USDT:USDT,0.04586,16997.0,0.04585,15165.0,0.04588,9689.0,0.04589,56234.0
1753547149056,16:25:49.056,ACT/USDT:USDT,0.04586,16997.0,0.04585,15165.0,0.04588,9689.0,0.04589,56234.0
1753547149617,16:25:49.617,ACT/USDT:USDT,0.04586,16997.0,0.04585,15165.0,0.04588,9689.0,0.04589,56234.0
1753547150176,16:25:50.176,ACT/USDT:USDT,0.04586,16997.0,0.04585,15165.0,0.04588,9689.0,0.04589,56234.0
1753547150345,16:25:50.345,ACT/USDT:USDT,0.04586,16997.0,0.04585,15165.0,0.04588,9689.0,0.04589,56234.0
1753547150446,16:25:50.446,ACT/USDT:USDT,0.04586,17222.0,0.04585,15165.0,0.04588,9689.0,0.04589,56234.0
1753547150702,16:25:50.702,ACT/USDT:USDT,0.04586,17222.0,0.04585,15165.0,0.04588,9689.0,0.04589,56234.0
1753547151276,16:25:51.276,ACT/USDT:USDT,0.04586,17222.0,0.04585,15165.0,0.04588,9689.0,0.04589,56234.0
1753547151569,16:25:51.569,ACT/USDT:USDT,0.04586,17222.0,0.04585,15165.0,0.04588,9689.0,0.04589,58414.0
1753547151802,16:25:51.802,ACT/USDT:USDT,0.04586,17222.0,0.04585,15165.0,0.04588,9689.0,0.04589,62762.0
1753547151932,16:25:51.932,ACT/USDT:USDT,0.04585,360.0,0.04584,11896.0,0.04586,3698.0,0.04587,15945.0
1753547152034,16:25:52.034,ACT/USDT:USDT,0.04583,11978.0,0.04582,24932.0,0.04584,4411.0,0.04586,33907.0
1753547152150,16:25:52.150,ACT/USDT:USDT,0.04583,8708.0,0.04582,27914.0,0.04584,4411.0,0.04585,7710.0
1753547152370,16:25:52.370,ACT/USDT:USDT,0.04583,8708.0,0.04582,25735.0,0.04584,4411.0,0.04585,7710.0
1753547152515,16:25:52.515,ACT/USDT:USDT,0.04583,8708.0,0.04582,25735.0,0.04584,4411.0,0.04585,7710.0
1753547152627,16:25:52.627,ACT/USDT:USDT,0.04583,8708.0,0.04582,25735.0,0.04584,4411.0,0.04585,7710.0
1753547152734,16:25:52.734,ACT/USDT:USDT,0.04583,8708.0,0.04582,25735.0,0.04584,4411.0,0.04585,7710.0
1753547152839,16:25:52.839,ACT/USDT:USDT,0.04583,8708.0,0.04582,25735.0,0.04584,4411.0,0.04585,7710.0
1753547153001,16:25:53.001,ACT/USDT:USDT,0.04583,8708.0,0.04582,25735.0,0.04584,4411.0,0.04585,7710.0
1753547153502,16:25:53.502,ACT/USDT:USDT,0.04583,8708.0,0.04582,25735.0,0.04584,4411.0,0.04585,7710.0
1753547153608,16:25:53.608,ACT/USDT:USDT,0.04583,8708.0,0.04582,25735.0,0.04584,4411.0,0.04585,7710.0
1753547154205,16:25:54.205,ACT/USDT:USDT,0.04583,8708.0,0.04582,25735.0,0.04584,4411.0,0.04585,7710.0
1753547154635,16:25:54.635,ACT/USDT:USDT,0.04583,8708.0,0.04582,25735.0,0.04584,4411.0,0.04585,7710.0
1753547154778,16:25:54.778,ACT/USDT:USDT,0.04583,8708.0,0.04582,25735.0,0.04584,4411.0,0.04585,7710.0
1753547154883,16:25:54.883,ACT/USDT:USDT,0.04583,8708.0,0.04582,25735.0,0.04584,4411.0,0.04585,7710.0
1753547155104,16:25:55.104,ACT/USDT:USDT,0.04583,8708.0,0.04582,25735.0,0.04584,4293.0,0.04585,7710.0
1753547155256,16:25:55.256,ACT/USDT:USDT,0.04583,8708.0,0.04582,25735.0,0.04584,4293.0,0.04585,7710.0
1753547155734,16:25:55.734,ACT/USDT:USDT,0.04583,12066.0,0.04582,25735.0,0.04584,4293.0,0.04585,7710.0
1753547156154,16:25:56.154,ACT/USDT:USDT,0.04583,12066.0,0.04582,31647.0,0.04584,4293.0,0.04585,7710.0
1753547156257,16:25:56.257,ACT/USDT:USDT,0.04583,12066.0,0.04582,31647.0,0.04584,4293.0,0.04585,7710.0
1753547156704,16:25:56.704,ACT/USDT:USDT,0.04583,12066.0,0.04582,31647.0,0.04584,4293.0,0.04585,7710.0
1753547156810,16:25:56.810,ACT/USDT:USDT,0.04583,12066.0,0.04582,31647.0,0.04584,4293.0,0.04585,7710.0
1753547156948,16:25:56.948,ACT/USDT:USDT,0.04583,12066.0,0.04582,31647.0,0.04584,4293.0,0.04585,7710.0
1753547157057,16:25:57.057,ACT/USDT:USDT,0.04583,12066.0,0.04582,31647.0,0.04584,4293.0,0.04585,7710.0
1753547157361,16:25:57.361,ACT/USDT:USDT,0.04583,12066.0,0.04582,31647.0,0.04584,4293.0,0.04585,7710.0
1753547157501,16:25:57.501,ACT/USDT:USDT,0.04583,12066.0,0.04582,31647.0,0.04584,4293.0,0.04585,7710.0
1753547158469,16:25:58.469,ACT/USDT:USDT,0.04583,12066.0,0.04582,31647.0,0.04584,4293.0,0.04585,7710.0
1753547158602,16:25:58.602,ACT/USDT:USDT,0.04583,12066.0,0.04582,31647.0,0.04584,4414.0,0.04585,7710.0
1753547158758,16:25:58.758,ACT/USDT:USDT,0.04583,12066.0,0.04582,31647.0,0.04584,4414.0,0.04585,7710.0
1753547159348,16:25:59.348,ACT/USDT:USDT,0.04583,12066.0,0.04582,31647.0,0.04584,4414.0,0.04585,7710.0
1753547159802,16:25:59.802,ACT/USDT:USDT,0.04583,12066.0,0.04582,31647.0,0.04584,4414.0,0.04585,7710.0
1753547160202,16:26:00.202,ACT/USDT:USDT,0.04583,12066.0,0.04582,31647.0,0.04584,4414.0,0.04585,7710.0
1753547160331,16:26:00.331,ACT/USDT:USDT,0.04583,12066.0,0.04582,31647.0,0.04584,121.0,0.04585,7710.0
1753547160509,16:26:00.509,ACT/USDT:USDT,0.04584,24840.0,0.04583,21681.0,0.04586,12083.0,0.04587,32233.0
1753547160611,16:26:00.611,ACT/USDT:USDT,0.04584,24840.0,0.04583,21834.0,0.04586,4695.0,0.04587,32233.0
1753547160951,16:26:00.951,ACT/USDT:USDT,0.04584,24840.0,0.04583,24015.0,0.04586,4695.0,0.04587,32233.0
1753547161091,16:26:01.091,ACT/USDT:USDT,0.04584,24840.0,0.04583,24015.0,0.04586,4695.0,0.04587,32233.0
1753547161202,16:26:01.202,ACT/USDT:USDT,0.04584,24840.0,0.04583,24015.0,0.04586,4695.0,0.04587,32233.0
1753547161388,16:26:01.388,ACT/USDT:USDT,0.04584,24840.0,0.04583,26855.0,0.04586,4695.0,0.04587,32233.0
1753547161554,16:26:01.554,ACT/USDT:USDT,0.04584,24840.0,0.04583,24674.0,0.04586,4695.0,0.04587,32233.0
1753547161702,16:26:01.702,ACT/USDT:USDT,0.04584,24840.0,0.04583,24674.0,0.04586,4695.0,0.04587,32233.0
1753547162135,16:26:02.135,ACT/USDT:USDT,0.04585,18701.0,0.04584,25333.0,0.04586,4695.0,0.04587,32233.0
1753547162264,16:26:02.264,ACT/USDT:USDT,0.04585,18701.0,0.04584,25333.0,0.04586,4695.0,0.04587,32233.0
1753547162372,16:26:02.372,ACT/USDT:USDT,0.04585,18701.0,0.04584,25707.0,0.04586,4695.0,0.04587,32233.0
1753547162477,16:26:02.477,ACT/USDT:USDT,0.04585,17856.0,0.04584,31652.0,0.04586,360.0,0.04587,16849.0
