timestamp,time,exchange,symbol,bid1_price,bid1_volume,bid2_price,bid2_volume,ask1_price,ask1_volume,ask2_price,ask2_volume
1753591881289,04:51:21.289,bitget,ACE/USDT:USDT,0.5849,109.22,0.5848,508.65,0.585,86.41,0.5851,338.92
1753591882941,04:51:22.941,bitget,ACE/USDT:USDT,0.5849,109.22,0.5848,508.65,0.585,86.41,0.5851,338.92
1753591883541,04:51:23.541,bitget,ACE/USDT:USDT,0.5849,109.22,0.5848,508.65,0.585,86.41,0.5851,338.92
1753591884291,04:51:24.291,bitget,ACE/USDT:USDT,0.5849,109.22,0.5848,508.65,0.585,86.41,0.5851,338.92
1753591885192,04:51:25.192,bitget,ACE/USDT:USDT,0.5848,508.65,0.5847,946.8,0.585,86.41,0.5851,338.92
1753591885342,04:51:25.342,bitget,ACE/USDT:USDT,0.5848,508.65,0.5847,946.8,0.585,86.41,0.5851,338.92
1753591885492,04:51:25.492,bitget,ACE/USDT:USDT,0.5848,508.65,0.5847,946.8,0.585,86.41,0.5851,338.92
1753591885792,04:51:25.792,bitget,ACE/USDT:USDT,0.5848,508.65,0.5847,946.8,0.585,86.41,0.5851,338.92
1753591886393,04:51:26.393,bitget,ACE/USDT:USDT,0.5848,193.92,0.5847,234.87,0.585,193.35,0.5851,397.36
1753591886693,04:51:26.693,bitget,ACE/USDT:USDT,0.5848,193.92,0.5847,234.87,0.585,193.35,0.5851,397.36
1753591886843,04:51:26.843,bitget,ACE/USDT:USDT,0.5848,193.92,0.5847,234.87,0.585,193.35,0.5851,397.36
1753591887894,04:51:27.894,bitget,ACE/USDT:USDT,0.5848,193.92,0.5847,234.87,0.585,193.35,0.5851,397.36
1753591888644,04:51:28.644,bitget,ACE/USDT:USDT,0.5848,193.92,0.5847,234.87,0.585,193.35,0.5851,397.36
1753591888794,04:51:28.794,bitget,ACE/USDT:USDT,0.5848,193.92,0.5847,234.87,0.585,193.35,0.5851,397.36
1753591889094,04:51:29.094,bitget,ACE/USDT:USDT,0.5848,193.92,0.5847,234.87,0.585,193.35,0.5851,397.36
1753591889695,04:51:29.695,bitget,ACE/USDT:USDT,0.5848,279.41,0.5847,576.79,0.585,193.35,0.5851,776.65
1753591889845,04:51:29.845,bitget,ACE/USDT:USDT,0.5848,279.41,0.5847,576.79,0.585,193.35,0.5851,776.65
1753591890145,04:51:30.145,bitget,ACE/USDT:USDT,0.5848,279.41,0.5847,576.79,0.585,193.35,0.5851,397.36
1753591890295,04:51:30.295,bitget,ACE/USDT:USDT,0.5848,279.41,0.5847,656.11,0.585,193.35,0.5851,397.36
1753591890445,04:51:30.445,bitget,ACE/USDT:USDT,0.5848,279.41,0.5847,656.11,0.585,193.35,0.5851,397.36
1753591890595,04:51:30.595,bitget,ACE/USDT:USDT,0.5848,279.41,0.5847,656.11,0.585,193.35,0.5851,397.36
1753591890745,04:51:30.745,bitget,ACE/USDT:USDT,0.5848,279.41,0.5847,656.11,0.585,193.35,0.5851,397.36
1753591890895,04:51:30.895,bitget,ACE/USDT:USDT,0.5848,279.41,0.5847,656.11,0.585,193.35,0.5851,397.36
1753591891195,04:51:31.195,bitget,ACE/USDT:USDT,0.5848,279.41,0.5847,656.11,0.585,193.35,0.5851,776.62
1753591891346,04:51:31.346,bitget,ACE/USDT:USDT,0.5848,279.41,0.5847,656.11,0.585,193.35,0.5851,397.36
1753591891496,04:51:31.496,bitget,ACE/USDT:USDT,0.5848,279.41,0.5847,946.8,0.585,86.41,0.5851,397.36
1753591891946,04:51:31.946,bitget,ACE/USDT:USDT,0.5848,279.41,0.5847,656.11,0.585,86.41,0.5851,397.36
1753591892246,04:51:32.246,bitget,ACE/USDT:USDT,0.5848,279.41,0.5847,946.8,0.585,86.41,0.5851,338.92
1753591892396,04:51:32.396,bitget,ACE/USDT:USDT,0.5847,108.37,0.5846,196.03,0.5849,193.35,0.585,86.41
1753591892697,04:51:32.697,bitget,ACE/USDT:USDT,0.5847,193.87,0.5846,361.74,0.585,193.35,0.5851,776.16
1753591892997,04:51:32.997,bitget,ACE/USDT:USDT,0.5848,106.94,0.5847,108.37,0.585,86.41,0.5851,396.86
1753591893147,04:51:33.147,bitget,ACE/USDT:USDT,0.5847,263.67,0.5846,444.39,0.585,86.41,0.5851,396.86
1753591893297,04:51:33.297,bitget,ACE/USDT:USDT,0.5848,106.94,0.5847,193.87,0.5849,86.41,0.585,193.35
1753591893447,04:51:33.447,bitget,ACE/USDT:USDT,0.5848,106.94,0.5847,193.87,0.5849,86.41,0.585,336.11
1753591893597,04:51:33.597,bitget,ACE/USDT:USDT,0.5848,106.94,0.5847,342.28,0.5849,86.41,0.585,336.11
1753591893747,04:51:33.747,bitget,ACE/USDT:USDT,0.5848,106.94,0.5847,342.28,0.5849,86.41,0.585,336.11
1753591893897,04:51:33.897,bitget,ACE/USDT:USDT,0.5848,106.94,0.5847,342.28,0.5849,86.41,0.585,336.11
1753591894198,04:51:34.198,bitget,ACE/USDT:USDT,0.5848,106.94,0.5847,342.28,0.5849,86.41,0.585,336.11
1753591894498,04:51:34.498,bitget,ACE/USDT:USDT,0.5848,106.94,0.5847,342.28,0.5849,86.41,0.585,336.11
1753591894948,04:51:34.948,bitget,ACE/USDT:USDT,0.5848,106.94,0.5847,342.28,0.5849,86.41,0.585,336.11
1753591895098,04:51:35.098,bitget,ACE/USDT:USDT,0.5848,106.94,0.5847,342.28,0.5849,86.41,0.585,336.11
1753591895248,04:51:35.248,bitget,ACE/USDT:USDT,0.5848,106.94,0.5847,342.28,0.5849,86.41,0.585,336.11
1753591895398,04:51:35.398,bitget,ACE/USDT:USDT,0.5848,106.94,0.5847,342.28,0.5849,86.41,0.585,336.11
1753591895548,04:51:35.548,bitget,ACE/USDT:USDT,0.5848,106.94,0.5847,342.28,0.5849,86.41,0.585,336.11
1753591896149,04:51:36.149,bitget,ACE/USDT:USDT,0.5848,106.94,0.5847,342.28,0.5849,86.41,0.585,336.11
1753591897049,04:51:37.049,bitget,ACE/USDT:USDT,0.5848,106.94,0.5847,342.28,0.5849,86.41,0.585,336.11
1753591897199,04:51:37.199,bitget,ACE/USDT:USDT,0.5848,106.94,0.5847,342.28,0.5849,86.41,0.585,336.11
1753591897800,04:51:37.800,bitget,ACE/USDT:USDT,0.5848,106.94,0.5847,342.28,0.5849,86.41,0.585,336.11
1753591897950,04:51:37.950,bitget,ACE/USDT:USDT,0.5848,106.94,0.5847,342.28,0.5849,86.41,0.585,336.11
1753591898100,04:51:38.100,bitget,ACE/USDT:USDT,0.5848,106.94,0.5847,342.28,0.5849,86.41,0.585,336.11
1753591898250,04:51:38.250,bitget,ACE/USDT:USDT,0.5848,106.94,0.5847,342.28,0.5849,86.41,0.585,336.11
1753591898550,04:51:38.550,bitget,ACE/USDT:USDT,0.5848,106.94,0.5847,342.28,0.5849,86.41,0.585,336.11
1753591898700,04:51:38.700,bitget,ACE/USDT:USDT,0.5848,106.94,0.5847,342.28,0.5849,86.41,0.585,336.11
1753591899151,04:51:39.151,bitget,ACE/USDT:USDT,0.5848,106.94,0.5847,342.28,0.5849,86.41,0.585,336.11
1753591899601,04:51:39.601,bitget,ACE/USDT:USDT,0.5848,106.94,0.5847,342.28,0.5849,86.41,0.585,229.17
1753591899901,04:51:39.901,bitget,ACE/USDT:USDT,0.5849,86.41,0.5848,106.94,0.5851,338.14,0.5852,106.94
1753591900051,04:51:40.051,bitget,ACE/USDT:USDT,0.5849,254.54,0.5848,203.34,0.585,86.41,0.5851,109.22
1753591900201,04:51:40.201,bitget,ACE/USDT:USDT,0.5849,254.54,0.5848,203.34,0.585,86.41,0.5851,338.14
1753591900351,04:51:40.351,bitget,ACE/USDT:USDT,0.5849,254.54,0.5848,288.82,0.585,86.41,0.5851,228.92
1753591900501,04:51:40.501,bitget,ACE/USDT:USDT,0.5849,254.54,0.5848,288.82,0.585,86.41,0.5851,228.92
1753591900652,04:51:40.652,bitget,ACE/USDT:USDT,0.5849,254.54,0.5848,288.82,0.585,86.41,0.5851,228.92
1753591901102,04:51:41.102,bitget,ACE/USDT:USDT,0.5849,254.54,0.5848,288.82,0.585,86.41,0.5851,228.92
1753591901252,04:51:41.252,bitget,ACE/USDT:USDT,0.5849,254.54,0.5848,288.82,0.585,86.41,0.5851,228.92
1753591901402,04:51:41.402,bitget,ACE/USDT:USDT,0.5849,254.54,0.5848,288.82,0.585,86.41,0.5851,228.92
1753591901552,04:51:41.552,bitget,ACE/USDT:USDT,0.5849,254.54,0.5848,288.82,0.585,86.41,0.5851,228.92
1753591901702,04:51:41.702,bitget,ACE/USDT:USDT,0.5849,254.54,0.5848,288.82,0.585,86.41,0.5851,228.92
1753591901852,04:51:41.852,bitget,ACE/USDT:USDT,0.5849,254.54,0.5848,288.82,0.585,86.41,0.5851,228.92
1753591902002,04:51:42.002,bitget,ACE/USDT:USDT,0.5849,254.54,0.5848,288.82,0.585,86.41,0.5851,228.92
1753591902152,04:51:42.152,bitget,ACE/USDT:USDT,0.5849,254.54,0.5848,288.82,0.585,86.41,0.5851,228.92
1753591902453,04:51:42.453,bitget,ACE/USDT:USDT,0.5849,254.54,0.5848,288.82,0.585,86.41,0.5851,228.92
1753591902753,04:51:42.753,bitget,ACE/USDT:USDT,0.5849,254.54,0.5848,288.82,0.585,86.41,0.5851,228.92
1753591902903,04:51:42.903,bitget,ACE/USDT:USDT,0.5849,254.54,0.5848,288.82,0.585,86.41,0.5851,228.92
1753591903053,04:51:43.053,bitget,ACE/USDT:USDT,0.5849,254.54,0.5848,288.82,0.585,86.41,0.5851,228.92
1753591903203,04:51:43.203,bitget,ACE/USDT:USDT,0.5849,254.54,0.5848,288.82,0.585,86.41,0.5851,228.92
1753591903353,04:51:43.353,bitget,ACE/USDT:USDT,0.5849,254.54,0.5848,288.82,0.585,86.41,0.5851,228.92
1753591903503,04:51:43.503,bitget,ACE/USDT:USDT,0.5849,254.54,0.5848,689.66,0.585,86.41,0.5851,228.92
1753591903653,04:51:43.653,bitget,ACE/USDT:USDT,0.5849,254.54,0.5848,689.66,0.585,86.41,0.5851,228.92
1753591904100,04:51:44.100,bitget,ACE/USDT:USDT,0.5849,254.54,0.5848,689.66,0.585,86.41,0.5851,228.92
1753591904254,04:51:44.254,bitget,ACE/USDT:USDT,0.5849,254.54,0.5848,689.66,0.585,86.41,0.5851,228.92
1753591904404,04:51:44.404,bitget,ACE/USDT:USDT,0.5849,254.54,0.5848,689.66,0.585,86.41,0.5851,228.92
1753591904554,04:51:44.554,bitget,ACE/USDT:USDT,0.5849,254.54,0.5848,689.66,0.585,86.41,0.5851,228.92
1753591904704,04:51:44.704,bitget,ACE/USDT:USDT,0.5849,254.54,0.5848,689.66,0.585,86.41,0.5851,228.92
1753591905004,04:51:45.004,bitget,ACE/USDT:USDT,0.5849,254.54,0.5848,689.66,0.585,86.41,0.5851,228.92
1753591905154,04:51:45.154,bitget,ACE/USDT:USDT,0.5849,254.54,0.5848,689.66,0.585,86.41,0.5851,228.92
1753591905304,04:51:45.304,bitget,ACE/USDT:USDT,0.5849,254.54,0.5848,689.66,0.585,86.41,0.5851,228.92
1753591905454,04:51:45.454,bitget,ACE/USDT:USDT,0.5849,254.54,0.5848,689.66,0.585,86.41,0.5851,228.92
1753591905605,04:51:45.605,bitget,ACE/USDT:USDT,0.5849,254.54,0.5848,689.66,0.585,86.41,0.5851,228.92
1753591905905,04:51:45.905,bitget,ACE/USDT:USDT,0.5849,254.54,0.5848,689.66,0.585,86.41,0.5851,228.92
1753591906205,04:51:46.205,bitget,ACE/USDT:USDT,0.5849,254.54,0.5848,689.66,0.585,86.41,0.5851,228.92
1753591906355,04:51:46.355,bitget,ACE/USDT:USDT,0.5849,254.54,0.5848,689.66,0.585,86.41,0.5851,228.92
1753591906505,04:51:46.505,bitget,ACE/USDT:USDT,0.5849,254.54,0.5848,689.66,0.585,86.41,0.5851,228.92
1753591906655,04:51:46.655,bitget,ACE/USDT:USDT,0.5849,254.54,0.5848,689.66,0.585,86.41,0.5851,228.92
1753591906805,04:51:46.805,bitget,ACE/USDT:USDT,0.5849,254.54,0.5848,689.66,0.585,86.41,0.5851,228.92
1753591906955,04:51:46.955,bitget,ACE/USDT:USDT,0.5849,254.54,0.5848,689.66,0.585,86.41,0.5851,228.92
1753591907105,04:51:47.105,bitget,ACE/USDT:USDT,0.5849,254.54,0.5848,689.66,0.585,86.41,0.5851,228.92
1753591907256,04:51:47.256,bitget,ACE/USDT:USDT,0.5849,254.54,0.5848,689.66,0.585,86.41,0.5851,228.92
1753591907406,04:51:47.406,bitget,ACE/USDT:USDT,0.5849,254.54,0.5848,689.66,0.585,86.41,0.5851,228.92
1753591907556,04:51:47.556,bitget,ACE/USDT:USDT,0.5849,254.54,0.5848,689.66,0.585,86.41,0.5851,228.92
1753591907706,04:51:47.706,bitget,ACE/USDT:USDT,0.5849,254.54,0.5848,689.66,0.585,86.41,0.5851,228.92
1753591908006,04:51:48.006,bitget,ACE/USDT:USDT,0.5849,254.54,0.5848,689.66,0.585,86.41,0.5851,228.92
1753591908156,04:51:48.156,bitget,ACE/USDT:USDT,0.5849,254.54,0.5848,689.66,0.585,86.41,0.5851,228.92
1753591908306,04:51:48.306,bitget,ACE/USDT:USDT,0.5849,254.54,0.5848,689.66,0.585,86.41,0.5851,228.92
1753591908456,04:51:48.456,bitget,ACE/USDT:USDT,0.5849,254.54,0.5848,288.82,0.585,86.41,0.5851,228.92
1753591908606,04:51:48.606,bitget,ACE/USDT:USDT,0.5849,254.54,0.5848,288.82,0.585,86.41,0.5851,228.92
1753591909057,04:51:49.057,bitget,ACE/USDT:USDT,0.5849,254.54,0.5848,288.82,0.585,86.41,0.5851,228.92
1753591909207,04:51:49.207,bitget,ACE/USDT:USDT,0.5849,254.54,0.5848,288.82,0.585,86.41,0.5851,228.92
1753591909357,04:51:49.357,bitget,ACE/USDT:USDT,0.5849,254.54,0.5848,288.82,0.585,86.41,0.5851,228.92
1753591909507,04:51:49.507,bitget,ACE/USDT:USDT,0.5849,254.54,0.5848,288.82,0.585,86.41,0.5851,228.92
1753591909807,04:51:49.807,bitget,ACE/USDT:USDT,0.5849,254.54,0.5848,288.82,0.585,86.41,0.5851,228.92
1753591909957,04:51:49.957,bitget,ACE/USDT:USDT,0.5849,254.54,0.5848,288.82,0.585,86.41,0.5851,228.92
1753591910257,04:51:50.257,bitget,ACE/USDT:USDT,0.5849,254.54,0.5848,288.82,0.585,86.41,0.5851,228.92
1753591910408,04:51:50.408,bitget,ACE/USDT:USDT,0.5849,254.54,0.5848,288.82,0.585,86.41,0.5851,228.92
1753591910558,04:51:50.558,bitget,ACE/USDT:USDT,0.5849,254.54,0.5848,288.82,0.585,86.41,0.5851,228.92
1753591910708,04:51:50.708,bitget,ACE/USDT:USDT,0.5849,254.54,0.5848,288.82,0.585,86.41,0.5851,228.92
1753591910858,04:51:50.858,bitget,ACE/USDT:USDT,0.5849,254.54,0.5848,288.82,0.585,86.41,0.5851,228.92
1753591911008,04:51:51.008,bitget,ACE/USDT:USDT,0.5849,254.54,0.5848,288.82,0.585,86.41,0.5851,228.92
1753591911158,04:51:51.158,bitget,ACE/USDT:USDT,0.5849,254.54,0.5848,288.82,0.585,86.41,0.5851,228.92
1753591911458,04:51:51.458,bitget,ACE/USDT:USDT,0.5849,254.54,0.5848,288.82,0.585,86.41,0.5851,228.92
1753591911608,04:51:51.608,bitget,ACE/USDT:USDT,0.5849,254.54,0.5848,288.82,0.585,86.41,0.5851,228.92
1753591911758,04:51:51.758,bitget,ACE/USDT:USDT,0.5849,62.23,0.5848,288.82,0.585,192.33,0.5851,228.92
1753591912059,04:51:52.059,bitget,ACE/USDT:USDT,0.5848,105.92,0.5847,346.79,0.5849,86.41,0.585,86.41
1753591912209,04:51:52.209,bitget,ACE/USDT:USDT,0.5848,105.92,0.5847,346.79,0.5849,86.41,0.585,228.38
1753591912359,04:51:52.359,bitget,ACE/USDT:USDT,0.5848,105.92,0.5847,261.29,0.5849,86.41,0.585,228.38
1753591912659,04:51:52.659,bitget,ACE/USDT:USDT,0.5848,105.92,0.5847,261.29,0.5849,86.41,0.585,228.38
1753591912809,04:51:52.809,bitget,ACE/USDT:USDT,0.5848,105.92,0.5847,261.29,0.5849,86.41,0.585,228.38
1753591912959,04:51:52.959,bitget,ACE/USDT:USDT,0.5848,105.92,0.5847,261.29,0.5849,86.41,0.585,228.38
1753591913109,04:51:53.109,bitget,ACE/USDT:USDT,0.5848,105.92,0.5847,261.29,0.5849,86.41,0.585,228.38
1753591913259,04:51:53.259,bitget,ACE/USDT:USDT,0.5848,105.92,0.5847,261.29,0.5849,86.41,0.585,228.38
1753591913409,04:51:53.409,bitget,ACE/USDT:USDT,0.5848,105.92,0.5847,261.29,0.5849,86.41,0.585,228.38
1753591913559,04:51:53.559,bitget,ACE/USDT:USDT,0.5848,105.92,0.5847,261.29,0.5849,86.41,0.585,228.38
1753591913860,04:51:53.860,bitget,ACE/USDT:USDT,0.5848,105.92,0.5847,261.29,0.5849,86.41,0.585,228.38
1753591914010,04:51:54.010,bitget,ACE/USDT:USDT,0.5848,105.92,0.5847,261.29,0.5849,86.41,0.585,228.38
1753591914610,04:51:54.610,bitget,ACE/USDT:USDT,0.5848,105.92,0.5847,261.29,0.5849,86.41,0.585,228.38
1753591914760,04:51:54.760,bitget,ACE/USDT:USDT,0.5848,105.92,0.5847,261.29,0.5849,86.41,0.585,228.38
1753591914910,04:51:54.910,bitget,ACE/USDT:USDT,0.5848,105.92,0.5847,261.29,0.5849,86.41,0.585,228.38
1753591915361,04:51:55.361,bitget,ACE/USDT:USDT,0.5848,105.92,0.5847,261.29,0.5849,86.41,0.585,228.38
1753591915661,04:51:55.661,bitget,ACE/USDT:USDT,0.5848,105.92,0.5847,261.29,0.5849,86.41,0.585,228.38
1753591915961,04:51:55.961,bitget,ACE/USDT:USDT,0.5848,105.92,0.5847,261.29,0.5849,86.41,0.585,228.38
1753591916561,04:51:56.561,bitget,ACE/USDT:USDT,0.5848,105.92,0.5847,261.29,0.585,86.41,0.5851,338.19
1753591916711,04:51:56.711,bitget,ACE/USDT:USDT,0.5848,105.92,0.5847,261.29,0.585,86.41,0.5851,338.19
1753591916862,04:51:56.862,bitget,ACE/USDT:USDT,0.5848,105.92,0.5847,261.29,0.585,86.41,0.5851,338.19
1753591917012,04:51:57.012,bitget,ACE/USDT:USDT,0.5848,105.92,0.5847,261.29,0.585,86.41,0.5851,338.19
1753591917162,04:51:57.162,bitget,ACE/USDT:USDT,0.5848,105.92,0.5847,261.29,0.585,86.41,0.5851,338.19
1753591917312,04:51:57.312,bitget,ACE/USDT:USDT,0.5848,105.92,0.5847,261.29,0.585,86.41,0.5851,338.19
1753591918062,04:51:58.062,bitget,ACE/USDT:USDT,0.5848,105.92,0.5847,261.29,0.585,86.41,0.5851,338.19
1753591918362,04:51:58.362,bitget,ACE/USDT:USDT,0.5848,105.92,0.5847,261.29,0.585,86.41,0.5851,338.19
1753591918513,04:51:58.513,bitget,ACE/USDT:USDT,0.5848,105.92,0.5847,261.29,0.585,86.41,0.5851,396.63
1753591918663,04:51:58.663,bitget,ACE/USDT:USDT,0.5848,105.92,0.5847,261.29,0.585,86.41,0.5851,396.63
1753591918813,04:51:58.813,bitget,ACE/USDT:USDT,0.5848,105.92,0.5847,261.29,0.585,196.43,0.5851,396.63
1753591918963,04:51:58.963,bitget,ACE/USDT:USDT,0.5848,105.92,0.5847,261.29,0.585,1461.04,0.5851,396.63
1753591919113,04:51:59.113,bitget,ACE/USDT:USDT,0.5848,105.92,0.5847,445.51,0.585,196.43,0.5851,396.63
1753591919413,04:51:59.413,bitget,ACE/USDT:USDT,0.5848,105.92,0.5847,445.51,0.585,196.43,0.5851,396.63
1753591919563,04:51:59.563,bitget,ACE/USDT:USDT,0.5848,105.92,0.5847,445.51,0.585,196.43,0.5851,396.63
1753591919713,04:51:59.713,bitget,ACE/USDT:USDT,0.5848,105.92,0.5847,445.51,0.585,196.43,0.5851,396.63
1753591919863,04:51:59.863,bitget,ACE/USDT:USDT,0.5848,105.92,0.5847,445.51,0.585,196.43,0.5851,396.63
1753591920164,04:52:00.164,bitget,ACE/USDT:USDT,0.5848,105.92,0.5847,445.51,0.585,196.43,0.5851,396.63
1753591920314,04:52:00.314,bitget,ACE/USDT:USDT,0.5848,105.92,0.5847,445.51,0.585,196.43,0.5851,396.63
1753591920614,04:52:00.614,bitget,ACE/USDT:USDT,0.5848,105.92,0.5847,519.99,0.585,86.41,0.5851,338.19
1753591920764,04:52:00.764,bitget,ACE/USDT:USDT,0.5848,105.92,0.5847,519.99,0.585,86.41,0.5851,338.19
1753591920914,04:52:00.914,bitget,ACE/USDT:USDT,0.5848,105.92,0.5847,519.99,0.585,86.41,0.5851,338.19
1753591921214,04:52:01.214,bitget,ACE/USDT:USDT,0.5848,105.92,0.5847,519.99,0.585,86.41,0.5851,338.19
1753591921514,04:52:01.514,bitget,ACE/USDT:USDT,0.5848,105.92,0.5847,519.99,0.585,86.41,0.5851,338.19
1753591921665,04:52:01.665,bitget,ACE/USDT:USDT,0.5848,346.71,0.5847,519.99,0.5851,228.17,0.5852,110.02
1753591921815,04:52:01.815,bitget,ACE/USDT:USDT,0.5849,169.2,0.5848,191.38,0.5852,227.94,0.5854,105.9
1753591921965,04:52:01.965,bitget,ACE/USDT:USDT,0.585,110.02,0.5849,169.2,0.5851,86.41,0.5853,227.94
1753591922115,04:52:02.115,bitget,ACE/USDT:USDT,0.585,110.02,0.5849,570.04,0.5851,86.41,0.5852,337.96
1753591922415,04:52:02.415,bitget,ACE/USDT:USDT,0.5849,169.2,0.5848,191.38,0.585,86.41,0.5851,196.43
1753591922715,04:52:02.715,bitget,ACE/USDT:USDT,0.5848,352.07,0.5847,649.14,0.585,86.41,0.5851,337.96
1753591923015,04:52:03.015,bitget,ACE/USDT:USDT,0.5849,110.02,0.5848,105.92,0.585,227.79,0.5851,110.02
1753591923165,04:52:03.165,bitget,ACE/USDT:USDT,0.5848,328.9,0.5847,946.8,0.585,86.41,0.5851,337.81
1753591923466,04:52:03.466,bitget,ACE/USDT:USDT,0.5849,110.02,0.5848,328.9,0.585,86.41,0.5851,337.81
1753591923616,04:52:03.616,bitget,ACE/USDT:USDT,0.5849,110.02,0.5848,328.9,0.585,86.41,0.5851,337.81
1753591923916,04:52:03.916,bitget,ACE/USDT:USDT,0.5849,110.02,0.5848,328.9,0.585,86.41,0.5851,337.81
1753591924066,04:52:04.066,bitget,ACE/USDT:USDT,0.5849,110.02,0.5848,328.9,0.585,86.41,0.5851,337.81
1753591924216,04:52:04.216,bitget,ACE/USDT:USDT,0.5849,169.2,0.5848,428.35,0.585,86.41,0.5851,227.79
1753591924366,04:52:04.366,bitget,ACE/USDT:USDT,0.5849,169.2,0.5848,428.35,0.5851,227.79,0.5853,110.02
1753591924516,04:52:04.516,bitget,ACE/USDT:USDT,0.5849,169.2,0.5848,428.35,0.5852,227.67,0.5853,110.02
1753591924816,04:52:04.816,bitget,ACE/USDT:USDT,0.5849,169.2,0.5848,342.87,0.5852,211.33,0.5853,337.69
1753591925117,04:52:05.117,bitget,ACE/USDT:USDT,0.5849,169.2,0.5848,342.87,0.5852,211.33,0.5853,337.69
1753591925267,04:52:05.267,bitget,ACE/USDT:USDT,0.5849,169.2,0.5848,342.87,0.5852,211.33,0.5853,337.69
1753591925417,04:52:05.417,bitget,ACE/USDT:USDT,0.5849,169.2,0.5848,342.87,0.5852,211.33,0.5853,337.69
1753591925567,04:52:05.567,bitget,ACE/USDT:USDT,0.585,105.51,0.5849,169.2,0.5852,211.33,0.5853,337.69
1753591925717,04:52:05.717,bitget,ACE/USDT:USDT,0.585,105.51,0.5849,169.2,0.5851,86.41,0.5852,211.33
1753591925867,04:52:05.867,bitget,ACE/USDT:USDT,0.585,105.51,0.5849,169.2,0.5851,86.41,0.5852,211.33
1753591926017,04:52:06.017,bitget,ACE/USDT:USDT,0.5849,169.2,0.5848,342.87,0.5851,191.92,0.5852,438.87
1753591926167,04:52:06.167,bitget,ACE/USDT:USDT,0.5849,169.2,0.5848,428.35,0.585,86.41,0.5851,191.92
1753591926317,04:52:06.317,bitget,ACE/USDT:USDT,0.5849,169.2,0.5848,428.35,0.585,86.41,0.5851,333.05
1753591926618,04:52:06.618,bitget,ACE/USDT:USDT,0.5849,110.02,0.5848,328.9,0.585,86.41,0.5851,333.05
1753591926768,04:52:06.768,bitget,ACE/USDT:USDT,0.5849,110.02,0.5848,328.9,0.585,86.41,0.5851,333.05
1753591926918,04:52:06.918,bitget,ACE/USDT:USDT,0.5849,110.02,0.5848,328.9,0.585,86.41,0.5851,333.05
1753591927068,04:52:07.068,bitget,ACE/USDT:USDT,0.5849,110.02,0.5848,328.9,0.585,86.41,0.5851,333.05
1753591927218,04:52:07.218,bitget,ACE/USDT:USDT,0.5849,110.02,0.5848,328.9,0.585,86.41,0.5851,333.05
1753591927518,04:52:07.518,bitget,ACE/USDT:USDT,0.5849,110.02,0.5848,328.9,0.585,86.41,0.5851,333.05
1753591927818,04:52:07.818,bitget,ACE/USDT:USDT,0.5849,110.02,0.5848,328.9,0.585,86.41,0.5851,333.05
1753591927968,04:52:07.968,bitget,ACE/USDT:USDT,0.5849,110.02,0.5848,328.9,0.585,86.41,0.5851,333.05
1753591928269,04:52:08.269,bitget,ACE/USDT:USDT,0.5849,110.02,0.5848,328.9,0.585,86.41,0.5851,333.05
1753591928419,04:52:08.419,bitget,ACE/USDT:USDT,0.5848,328.9,0.5847,946.8,0.585,86.41,0.5851,333.05
1753591928569,04:52:08.569,bitget,ACE/USDT:USDT,0.5848,105.92,0.5847,278.38,0.5849,86.41,0.585,86.41
1753591928719,04:52:08.719,bitget,ACE/USDT:USDT,0.5848,105.92,0.5847,363.88,0.5849,86.41,0.585,227.51
1753591928869,04:52:08.869,bitget,ACE/USDT:USDT,0.5848,105.92,0.5847,363.88,0.585,227.51,0.5851,105.51
1753591929319,04:52:09.319,bitget,ACE/USDT:USDT,0.5848,105.92,0.5847,278.38,0.585,86.41,0.5851,333.02
1753591929619,04:52:09.619,bitget,ACE/USDT:USDT,0.5848,105.92,0.5847,946.8,0.585,86.41,0.5851,333.02
1753591929920,04:52:09.920,bitget,ACE/USDT:USDT,0.5848,105.92,0.5847,278.38,0.585,86.41,0.5851,333.02
1753591930370,04:52:10.370,bitget,ACE/USDT:USDT,0.5848,105.92,0.5847,278.38,0.585,86.41,0.5851,333.02
1753591930670,04:52:10.670,bitget,ACE/USDT:USDT,0.5848,105.92,0.5847,278.38,0.585,86.41,0.5851,333.02
1753591930970,04:52:10.970,bitget,ACE/USDT:USDT,0.5848,105.92,0.5847,278.38,0.585,86.41,0.5851,333.02
1753591931120,04:52:11.120,bitget,ACE/USDT:USDT,0.5848,105.92,0.5847,278.38,0.585,86.41,0.5851,333.02
1753591931420,04:52:11.420,bitget,ACE/USDT:USDT,0.5848,105.92,0.5847,278.38,0.585,86.41,0.5851,333.02
1753591931571,04:52:11.571,bitget,ACE/USDT:USDT,0.5848,105.92,0.5847,278.38,0.585,86.41,0.5851,333.02
1753591931871,04:52:11.871,bitget,ACE/USDT:USDT,0.5848,105.92,0.5847,278.38,0.585,86.41,0.5851,333.02
1753591932321,04:52:12.321,bitget,ACE/USDT:USDT,0.5848,105.92,0.5847,278.38,0.585,86.41,0.5851,333.02
1753591932471,04:52:12.471,bitget,ACE/USDT:USDT,0.5848,105.92,0.5847,278.38,0.585,86.41,0.5851,333.02
1753591932621,04:52:12.621,bitget,ACE/USDT:USDT,0.5848,105.92,0.5847,278.38,0.585,86.41,0.5851,333.02
1753591932921,04:52:12.921,bitget,ACE/USDT:USDT,0.5848,105.92,0.5847,278.38,0.585,86.41,0.5851,333.02
1753591933071,04:52:13.071,bitget,ACE/USDT:USDT,0.5848,105.92,0.5847,278.38,0.585,86.41,0.5851,333.02
1753591933222,04:52:13.222,bitget,ACE/USDT:USDT,0.5848,105.92,0.5847,278.38,0.585,1351.03,0.5851,333.02
1753591933372,04:52:13.372,bitget,ACE/USDT:USDT,0.5848,105.92,0.5847,278.38,0.585,86.41,0.5851,333.02
1753591933822,04:52:13.822,bitget,ACE/USDT:USDT,0.5848,105.92,0.5847,278.38,0.585,86.41,0.5851,333.02
1753591934122,04:52:14.122,bitget,ACE/USDT:USDT,0.5848,105.92,0.5847,278.38,0.585,86.41,0.5851,333.02
1753591934272,04:52:14.272,bitget,ACE/USDT:USDT,0.5848,105.92,0.5847,278.38,0.585,86.41,0.5851,333.02
1753591934422,04:52:14.422,bitget,ACE/USDT:USDT,0.5848,105.92,0.5847,278.38,0.585,86.41,0.5851,333.02
1753591934572,04:52:14.572,bitget,ACE/USDT:USDT,0.5848,105.92,0.5847,278.38,0.585,86.41,0.5851,1597.57
1753591934723,04:52:14.723,bitget,ACE/USDT:USDT,0.5848,105.92,0.5847,278.38,0.585,86.41,0.5851,333.02
1753591934873,04:52:14.873,bitget,ACE/USDT:USDT,0.5848,105.92,0.5847,278.38,0.585,86.41,0.5851,227.51
1753591935023,04:52:15.023,bitget,ACE/USDT:USDT,0.5848,105.92,0.5847,278.38,0.585,86.41,0.5851,227.51
1753591935173,04:52:15.173,bitget,ACE/USDT:USDT,0.5848,105.92,0.5847,278.38,0.585,86.41,0.5851,227.51
1753591935623,04:52:15.623,bitget,ACE/USDT:USDT,0.5848,105.92,0.5847,278.38,0.585,86.41,0.5851,227.51
1753591935773,04:52:15.773,bitget,ACE/USDT:USDT,0.5848,105.92,0.5847,278.38,0.585,86.41,0.5851,227.51
1753591936073,04:52:16.073,bitget,ACE/USDT:USDT,0.5848,105.92,0.5847,278.38,0.585,86.41,0.5851,227.51
1753591936223,04:52:16.223,bitget,ACE/USDT:USDT,0.5848,105.92,0.5847,278.38,0.585,86.41,0.5851,227.51
1753591936524,04:52:16.524,bitget,ACE/USDT:USDT,0.5848,105.92,0.5847,278.38,0.585,86.41,0.5851,227.51
1753591936974,04:52:16.974,bitget,ACE/USDT:USDT,0.5848,105.92,0.5847,278.38,0.585,86.41,0.5851,227.51
1753591937274,04:52:17.274,bitget,ACE/USDT:USDT,0.5848,105.92,0.5847,278.38,0.585,86.41,0.5851,227.51
1753591937424,04:52:17.424,bitget,ACE/USDT:USDT,0.5848,105.92,0.5847,278.38,0.585,86.41,0.5851,227.51
1753591937574,04:52:17.574,bitget,ACE/USDT:USDT,0.5848,105.92,0.5847,278.38,0.585,86.41,0.5851,227.51
1753591937724,04:52:17.724,bitget,ACE/USDT:USDT,0.5848,105.92,0.5847,278.38,0.585,86.41,0.5851,227.51
1753591938025,04:52:18.025,bitget,ACE/USDT:USDT,0.5848,105.92,0.5847,278.38,0.585,86.41,0.5851,227.51
1753591938625,04:52:18.625,bitget,ACE/USDT:USDT,0.5848,105.92,0.5847,278.38,0.585,86.41,0.5851,227.51
1753591938775,04:52:18.775,bitget,ACE/USDT:USDT,0.5848,105.92,0.5847,278.38,0.585,86.41,0.5851,227.51
1753591939526,04:52:19.526,bitget,ACE/USDT:USDT,0.5848,105.92,0.5847,278.38,0.585,86.41,0.5851,227.51
1753591939676,04:52:19.676,bitget,ACE/USDT:USDT,0.5848,105.92,0.5847,278.38,0.585,86.41,0.5851,227.51
1753591939826,04:52:19.826,bitget,ACE/USDT:USDT,0.5848,105.92,0.5847,278.38,0.585,86.41,0.5851,227.51
1753591939976,04:52:19.976,bitget,ACE/USDT:USDT,0.5848,105.92,0.5847,278.38,0.585,86.41,0.5851,227.51
1753591940126,04:52:20.126,bitget,ACE/USDT:USDT,0.5848,105.92,0.5847,278.38,0.585,86.41,0.5851,227.51
1753591940576,04:52:20.576,bitget,ACE/USDT:USDT,0.5848,105.92,0.5847,278.38,0.585,86.41,0.5851,227.51
1753591940726,04:52:20.726,bitget,ACE/USDT:USDT,0.5848,105.92,0.5847,278.38,0.585,86.41,0.5851,227.51
1753591941026,04:52:21.026,bitget,ACE/USDT:USDT,0.5848,105.92,0.5847,278.38,0.585,86.41,0.5851,227.51
1753591941177,04:52:21.177,bitget,ACE/USDT:USDT,0.5848,105.92,0.5847,278.38,0.585,86.41,0.5851,227.51
1753591941327,04:52:21.327,bitget,ACE/USDT:USDT,0.5848,105.92,0.5847,278.38,0.585,86.41,0.5851,227.51
1753591941477,04:52:21.477,bitget,ACE/USDT:USDT,0.5848,105.92,0.5847,278.38,0.585,86.41,0.5851,227.51
1753591941627,04:52:21.627,bitget,ACE/USDT:USDT,0.5848,105.92,0.5847,278.38,0.585,86.41,0.5851,227.51
1753591941777,04:52:21.777,bitget,ACE/USDT:USDT,0.5848,105.92,0.5847,278.38,0.585,86.41,0.5851,227.51
1753591941927,04:52:21.927,bitget,ACE/USDT:USDT,0.5848,105.92,0.5847,278.38,0.585,86.41,0.5851,227.51
1753591942077,04:52:22.077,bitget,ACE/USDT:USDT,0.5848,105.92,0.5847,278.38,0.585,86.41,0.5851,227.51
1753591942227,04:52:22.227,bitget,ACE/USDT:USDT,0.5848,105.92,0.5847,278.38,0.585,86.41,0.5851,227.51
1753591942377,04:52:22.377,bitget,ACE/USDT:USDT,0.5848,105.92,0.5847,278.38,0.585,86.41,0.5851,227.51
1753591942677,04:52:22.677,bitget,ACE/USDT:USDT,0.5848,105.92,0.5847,278.38,0.585,86.41,0.5851,227.51
1753591942828,04:52:22.828,bitget,ACE/USDT:USDT,0.5848,105.92,0.5847,278.38,0.585,86.41,0.5851,227.51
1753591942978,04:52:22.978,bitget,ACE/USDT:USDT,0.5848,105.92,0.5847,278.38,0.585,86.41,0.5851,227.51
1753591943128,04:52:23.128,bitget,ACE/USDT:USDT,0.5848,105.92,0.5847,278.38,0.585,86.41,0.5851,227.51
1753591943278,04:52:23.278,bitget,ACE/USDT:USDT,0.5848,105.92,0.5847,278.38,0.585,86.41,0.5851,227.51
1753591943428,04:52:23.428,bitget,ACE/USDT:USDT,0.585,86.41,0.5848,907.6,0.5852,226.88,0.5853,105.51
1753591943578,04:52:23.578,bitget,ACE/USDT:USDT,0.585,86.41,0.5849,392.5,0.5853,332.39,0.5855,518.25
1753591943728,04:52:23.728,bitget,ACE/USDT:USDT,0.585,192.64,0.5849,293.05,0.5852,106.23,0.5853,105.51
1753591943878,04:52:23.878,bitget,ACE/USDT:USDT,0.585,192.64,0.5849,372.37,0.5851,86.41,0.5853,332.27
1753591944028,04:52:24.028,bitget,ACE/USDT:USDT,0.585,192.64,0.5849,372.37,0.5851,86.41,0.5852,332.99
1753591944178,04:52:24.178,bitget,ACE/USDT:USDT,0.585,192.64,0.5849,372.37,0.5851,86.41,0.5852,332.99
1753591944328,04:52:24.328,bitget,ACE/USDT:USDT,0.585,192.64,0.5849,372.37,0.5851,86.41,0.5852,332.99
1753591944629,04:52:24.629,bitget,ACE/USDT:USDT,0.585,192.64,0.5849,372.37,0.5851,86.41,0.5852,226.76
1753591944779,04:52:24.779,bitget,ACE/USDT:USDT,0.585,192.64,0.5849,372.37,0.5851,86.41,0.5852,226.76
1753591944929,04:52:24.929,bitget,ACE/USDT:USDT,0.585,192.64,0.5849,372.37,0.5851,86.41,0.5852,226.76
1753591945079,04:52:25.079,bitget,ACE/USDT:USDT,0.585,192.64,0.5849,372.37,0.5851,86.41,0.5852,226.76
1753591945229,04:52:25.229,bitget,ACE/USDT:USDT,0.585,192.64,0.5849,372.37,0.5851,86.41,0.5852,226.76
1753591945379,04:52:25.379,bitget,ACE/USDT:USDT,0.585,192.64,0.5849,372.37,0.5851,86.41,0.5852,226.76
1753591945529,04:52:25.529,bitget,ACE/USDT:USDT,0.585,192.64,0.5849,372.37,0.5851,86.41,0.5852,226.76
1753591945679,04:52:25.679,bitget,ACE/USDT:USDT,0.585,192.64,0.5849,372.37,0.5851,86.41,0.5852,226.76
1753591945829,04:52:25.829,bitget,ACE/USDT:USDT,0.585,192.64,0.5849,372.37,0.5851,86.41,0.5852,226.76
1753591945979,04:52:25.979,bitget,ACE/USDT:USDT,0.585,192.64,0.5849,372.37,0.5851,86.41,0.5852,226.76
1753591946130,04:52:26.130,bitget,ACE/USDT:USDT,0.585,192.64,0.5849,372.37,0.5851,86.41,0.5852,226.76
1753591946580,04:52:26.580,bitget,ACE/USDT:USDT,0.585,192.64,0.5849,372.37,0.5851,86.41,0.5852,226.76
1753591946730,04:52:26.730,bitget,ACE/USDT:USDT,0.585,192.64,0.5849,372.37,0.5851,86.41,0.5852,226.76
1753591946880,04:52:26.880,bitget,ACE/USDT:USDT,0.585,192.64,0.5849,372.37,0.5851,86.41,0.5852,226.76
1753591947030,04:52:27.030,bitget,ACE/USDT:USDT,0.585,192.64,0.5849,372.37,0.5851,86.41,0.5852,226.76
1753591947180,04:52:27.180,bitget,ACE/USDT:USDT,0.585,192.64,0.5849,372.37,0.5851,86.41,0.5852,226.76
1753591947330,04:52:27.330,bitget,ACE/USDT:USDT,0.585,192.64,0.5849,372.37,0.5851,86.41,0.5852,226.76
1753591947480,04:52:27.480,bitget,ACE/USDT:USDT,0.585,192.64,0.5849,372.37,0.5851,86.41,0.5852,226.76
1753591947631,04:52:27.631,bitget,ACE/USDT:USDT,0.585,192.64,0.5849,372.37,0.5851,86.41,0.5852,226.76
1753591947781,04:52:27.781,bitget,ACE/USDT:USDT,0.585,192.64,0.5849,372.37,0.5851,86.41,0.5852,226.76
1753591947931,04:52:27.931,bitget,ACE/USDT:USDT,0.585,192.64,0.5849,372.37,0.5851,86.41,0.5852,226.76
1753591948081,04:52:28.081,bitget,ACE/USDT:USDT,0.585,192.64,0.5849,372.37,0.5851,86.41,0.5852,226.76
1753591948231,04:52:28.231,bitget,ACE/USDT:USDT,0.585,192.64,0.5849,372.37,0.5851,86.41,0.5852,226.76
1753591948381,04:52:28.381,bitget,ACE/USDT:USDT,0.585,86.41,0.5849,106.23,0.5851,191.5,0.5852,285.2
1753591948531,04:52:28.531,bitget,ACE/USDT:USDT,0.585,86.41,0.5849,106.23,0.5851,191.5,0.5852,285.2
1753591948681,04:52:28.681,bitget,ACE/USDT:USDT,0.585,86.41,0.5849,106.23,0.5851,191.5,0.5852,285.2
1753591948831,04:52:28.831,bitget,ACE/USDT:USDT,0.585,86.41,0.5849,106.23,0.5851,191.5,0.5852,285.2
1753591948981,04:52:28.981,bitget,ACE/USDT:USDT,0.585,86.41,0.5849,106.23,0.5851,191.5,0.5852,285.2
1753591949282,04:52:29.282,bitget,ACE/USDT:USDT,0.585,86.41,0.5849,106.23,0.5851,191.5,0.5852,285.2
1753591949582,04:52:29.582,bitget,ACE/USDT:USDT,0.5848,352.07,0.5847,199.06,0.5849,129.61,0.585,86.41
1753591949732,04:52:29.732,bitget,ACE/USDT:USDT,0.5848,105.92,0.5847,278.38,0.585,226.58,0.5851,105.09
1753591949882,04:52:29.882,bitget,ACE/USDT:USDT,0.5848,105.92,0.5847,946.8,0.585,86.41,0.5851,331.67
1753591950632,04:52:30.632,bitget,ACE/USDT:USDT,0.5848,105.92,0.5847,278.38,0.585,191.5,0.5851,331.67
1753591950782,04:52:30.782,bitget,ACE/USDT:USDT,0.5848,105.92,0.5847,278.38,0.585,191.5,0.5851,331.67
1753591951233,04:52:31.233,bitget,ACE/USDT:USDT,0.5848,105.92,0.5847,278.38,0.585,86.41,0.5851,331.67
1753591951383,04:52:31.383,bitget,ACE/USDT:USDT,0.5848,105.92,0.5847,278.38,0.585,191.5,0.5851,331.67
1753591951533,04:52:31.533,bitget,ACE/USDT:USDT,0.5848,105.92,0.5847,278.38,0.585,191.5,0.5851,331.67
1753591951683,04:52:31.683,bitget,ACE/USDT:USDT,0.5848,105.92,0.5847,278.38,0.585,191.5,0.5851,331.67
1753591951833,04:52:31.833,bitget,ACE/USDT:USDT,0.5848,105.92,0.5847,278.38,0.585,191.5,0.5851,331.67
1753591951983,04:52:31.983,bitget,ACE/USDT:USDT,0.5848,105.92,0.5847,278.38,0.585,191.5,0.5851,331.67
1753591952133,04:52:32.133,bitget,ACE/USDT:USDT,0.5848,105.92,0.5847,946.8,0.585,86.41,0.5851,331.67
1753591952283,04:52:32.283,bitget,ACE/USDT:USDT,0.5848,362.75,0.5847,946.8,0.585,86.41,0.5851,331.67
1753591952433,04:52:32.433,bitget,ACE/USDT:USDT,0.5849,105.09,0.5848,362.75,0.585,86.41,0.5851,331.67
1753591952734,04:52:32.734,bitget,ACE/USDT:USDT,0.5849,105.09,0.5848,277.26,0.585,86.41,0.5851,331.67
1753591952884,04:52:32.884,bitget,ACE/USDT:USDT,0.5849,105.09,0.5848,277.26,0.585,86.41,0.5851,331.67
1753591953034,04:52:33.034,bitget,ACE/USDT:USDT,0.5849,105.09,0.5848,277.26,0.585,86.41,0.5851,331.67
1753591953184,04:52:33.184,bitget,ACE/USDT:USDT,0.5848,277.26,0.5847,278.38,0.585,86.41,0.5851,331.67
1753591953334,04:52:33.334,bitget,ACE/USDT:USDT,0.5848,98.15,0.5847,278.38,0.5849,86.41,0.585,86.41
1753591953784,04:52:33.784,bitget,ACE/USDT:USDT,0.5848,98.15,0.5847,278.38,0.585,226.65,0.5851,105.09
1753591954084,04:52:34.084,bitget,ACE/USDT:USDT,0.5848,98.15,0.5847,278.38,0.585,86.41,0.5851,331.74
1753591954385,04:52:34.385,bitget,ACE/USDT:USDT,0.5848,98.15,0.5847,278.38,0.585,191.5,0.5851,331.74
1753591954535,04:52:34.535,bitget,ACE/USDT:USDT,0.5848,98.15,0.5847,278.38,0.585,191.5,0.5851,331.74
1753591954985,04:52:34.985,bitget,ACE/USDT:USDT,0.5848,98.15,0.5847,278.38,0.585,191.5,0.5851,331.74
1753591955135,04:52:35.135,bitget,ACE/USDT:USDT,0.5848,98.15,0.5847,278.38,0.585,191.5,0.5851,331.74
1753591955285,04:52:35.285,bitget,ACE/USDT:USDT,0.5848,98.15,0.5847,278.38,0.585,191.5,0.5851,331.74
1753591955435,04:52:35.435,bitget,ACE/USDT:USDT,0.5848,98.15,0.5847,278.38,0.585,191.5,0.5851,331.74
1753591955886,04:52:35.886,bitget,ACE/USDT:USDT,0.5848,98.15,0.5847,278.38,0.585,86.41,0.5851,331.74
1753591956036,04:52:36.036,bitget,ACE/USDT:USDT,0.5848,98.15,0.5847,278.38,0.585,86.41,0.5851,331.74
1753591956186,04:52:36.186,bitget,ACE/USDT:USDT,0.5848,98.15,0.5847,340.2,0.585,86.41,0.5851,331.74
1753591956786,04:52:36.786,bitget,ACE/USDT:USDT,0.5848,98.15,0.5847,340.2,0.585,86.41,0.5851,331.74
1753591956936,04:52:36.936,bitget,ACE/USDT:USDT,0.5848,98.15,0.5847,340.2,0.585,86.41,0.5851,331.74
1753591957086,04:52:37.086,bitget,ACE/USDT:USDT,0.5848,98.15,0.5847,340.2,0.585,86.41,0.5851,331.74
1753591957237,04:52:37.237,bitget,ACE/USDT:USDT,0.5848,98.15,0.5847,340.2,0.585,86.41,0.5851,331.74
1753591957537,04:52:37.537,bitget,ACE/USDT:USDT,0.5848,98.15,0.5847,340.2,0.585,193.27,0.5851,331.74
1753591957687,04:52:37.687,bitget,ACE/USDT:USDT,0.5848,98.15,0.5847,340.2,0.585,193.27,0.5851,331.74
1753591957837,04:52:37.837,bitget,ACE/USDT:USDT,0.5848,98.15,0.5847,340.2,0.585,193.27,0.5851,331.74
1753591957987,04:52:37.987,bitget,ACE/USDT:USDT,0.5848,98.15,0.5847,340.2,0.585,193.27,0.5851,331.74
1753591958137,04:52:38.137,bitget,ACE/USDT:USDT,0.5848,98.15,0.5847,340.2,0.585,193.27,0.5851,331.74
1753591958287,04:52:38.287,bitget,ACE/USDT:USDT,0.5848,98.15,0.5847,340.2,0.585,193.27,0.5851,331.74
1753591958437,04:52:38.437,bitget,ACE/USDT:USDT,0.5848,98.15,0.5847,340.2,0.585,193.27,0.5851,331.74
1753591958587,04:52:38.587,bitget,ACE/USDT:USDT,0.5848,98.15,0.5847,340.2,0.585,193.27,0.5851,331.74
1753591958737,04:52:38.737,bitget,ACE/USDT:USDT,0.5848,98.15,0.5847,340.2,0.585,193.27,0.5851,331.74
1753591959038,04:52:39.038,bitget,ACE/USDT:USDT,0.5848,98.15,0.5847,340.2,0.585,86.41,0.5851,331.74
1753591959338,04:52:39.338,bitget,ACE/USDT:USDT,0.5848,98.15,0.5847,340.2,0.585,86.41,0.5851,331.74
1753591959638,04:52:39.638,bitget,ACE/USDT:USDT,0.5848,98.15,0.5847,340.2,0.585,86.41,0.5851,331.74
1753591960088,04:52:40.088,bitget,ACE/USDT:USDT,0.5848,183.63,0.5847,593.65,0.5852,226.37,0.5853,106.86
1753591960238,04:52:40.238,bitget,ACE/USDT:USDT,0.5849,106.86,0.5848,183.63,0.5853,333.23,0.5854,517.16
1753591961289,04:52:41.289,bitget,ACE/USDT:USDT,0.5849,106.86,0.5848,183.62,0.585,86.41,0.5851,333.23
1753591961439,04:52:41.439,bitget,ACE/USDT:USDT,0.5849,106.86,0.5848,183.62,0.585,86.41,0.5851,333.23
1753591961589,04:52:41.589,bitget,ACE/USDT:USDT,0.5849,106.86,0.5848,183.62,0.585,86.41,0.5851,333.23
1753591961739,04:52:41.739,bitget,ACE/USDT:USDT,0.5848,98.15,0.5847,340.2,0.585,193.27,0.5851,333.23
1753591962189,04:52:42.189,bitget,ACE/USDT:USDT,0.5848,98.15,0.5847,340.2,0.585,86.41,0.5851,333.23
1753591962340,04:52:42.340,bitget,ACE/USDT:USDT,0.5848,98.15,0.5847,340.2,0.585,86.41,0.5851,333.23
1753591962640,04:52:42.640,bitget,ACE/USDT:USDT,0.5848,98.15,0.5847,340.2,0.585,86.41,0.5851,333.23
1753591962790,04:52:42.790,bitget,ACE/USDT:USDT,0.5848,98.15,0.5847,340.2,0.585,86.41,0.5851,333.23
1753591962940,04:52:42.940,bitget,ACE/USDT:USDT,0.5848,98.15,0.5847,340.2,0.585,86.41,0.5851,333.23
1753591963240,04:52:43.240,bitget,ACE/USDT:USDT,0.5848,98.15,0.5847,340.2,0.585,86.41,0.5851,333.23
1753591964441,04:52:44.441,bitget,ACE/USDT:USDT,0.5849,106.86,0.5848,183.63,0.585,86.41,0.5851,226.37
1753591964591,04:52:44.591,bitget,ACE/USDT:USDT,0.5849,171.01,0.5848,278.12,0.585,86.41,0.5851,226.37
1753591964891,04:52:44.891,bitget,ACE/USDT:USDT,0.5849,171.01,0.5848,278.12,0.585,86.41,0.5851,226.37
1753591965191,04:52:45.191,bitget,ACE/USDT:USDT,0.5849,171.01,0.5848,278.12,0.585,86.41,0.5851,226.37
1753591965342,04:52:45.342,bitget,ACE/USDT:USDT,0.5849,171.01,0.5848,278.12,0.585,86.41,0.5851,226.37
1753591965492,04:52:45.492,bitget,ACE/USDT:USDT,0.5849,171.01,0.5848,278.12,0.585,86.41,0.5851,226.37
1753591966092,04:52:46.092,bitget,ACE/USDT:USDT,0.5849,171.01,0.5848,278.12,0.585,86.41,0.5851,226.37
1753591966392,04:52:46.392,bitget,ACE/USDT:USDT,0.5849,171.01,0.5848,278.12,0.585,86.41,0.5851,226.37
1753591966993,04:52:46.993,bitget,ACE/USDT:USDT,0.5849,171.01,0.5848,278.12,0.585,86.41,0.5851,226.37
1753591967143,04:52:47.143,bitget,ACE/USDT:USDT,0.5849,171.01,0.5848,278.12,0.585,86.41,0.5851,226.37
1753591967293,04:52:47.293,bitget,ACE/USDT:USDT,0.5849,171.01,0.5848,278.12,0.585,86.41,0.5851,226.37
1753591967893,04:52:47.893,bitget,ACE/USDT:USDT,0.5849,171.01,0.5848,278.12,0.585,86.41,0.5851,226.37
1753591968644,04:52:48.644,bitget,ACE/USDT:USDT,0.585,105.08,0.5849,171.01,0.5853,332.63,0.5854,106.23
1753591968944,04:52:48.944,bitget,ACE/USDT:USDT,0.585,105.08,0.5849,171.01,0.5851,86.41,0.5853,432.23
1753591969094,04:52:49.094,bitget,ACE/USDT:USDT,0.585,105.08,0.5849,171.01,0.5851,86.41,0.5852,460.44
1753591969544,04:52:49.544,bitget,ACE/USDT:USDT,0.585,105.08,0.5849,171.01,0.5851,86.41,0.5852,330.77
1753591969844,04:52:49.844,bitget,ACE/USDT:USDT,0.585,105.08,0.5849,171.01,0.5851,86.41,0.5852,330.77
1753591970145,04:52:50.145,bitget,ACE/USDT:USDT,0.585,105.08,0.5849,171.01,0.5851,86.41,0.5852,330.77
1753591970295,04:52:50.295,bitget,ACE/USDT:USDT,0.585,105.08,0.5849,171.01,0.5851,86.41,0.5852,330.77
1753591970445,04:52:50.445,bitget,ACE/USDT:USDT,0.585,105.08,0.5849,171.01,0.5851,86.41,0.5852,330.77
1753591970595,04:52:50.595,bitget,ACE/USDT:USDT,0.585,105.08,0.5849,171.01,0.5851,86.41,0.5852,330.77
1753591971045,04:52:51.045,bitget,ACE/USDT:USDT,0.585,105.08,0.5849,171.01,0.5851,86.41,0.5852,330.77
1753591971345,04:52:51.345,bitget,ACE/USDT:USDT,0.585,105.08,0.5849,171.01,0.5851,86.41,0.5852,330.77
1753591971495,04:52:51.495,bitget,ACE/USDT:USDT,0.585,105.08,0.5849,171.01,0.5851,86.41,0.5852,330.77
1753591971946,04:52:51.946,bitget,ACE/USDT:USDT,0.585,105.08,0.5849,171.01,0.5851,86.41,0.5852,330.77
