timestamp,time,symbol,bid1_price,bid1_volume,bid2_price,bid2_volume,ask1_price,ask1_volume,ask2_price,ask2_volume
1753546964591,16:22:44.591,ADA/USDT:USDT,0.8357,922288.0,0.8356,815899.0,0.8358,960010,0.8359,1316696
1753546965090,16:22:45.090,ADA/USDT:USDT,0.8357,922288.0,0.8356,921574,0.8358,960010,0.8359,1316696
1753546965289,16:22:45.289,ADA/USDT:USDT,0.8357,922288.0,0.8356,921574,0.8358,960010,0.8359,953540
1753546965297,16:22:45.297,ADA/USDT:USDT,0.8357,922288.0,0.8356,921574,0.8358,960010,0.8359,953540
1753546965688,16:22:45.688,ADA/USDT:USDT,0.8357,922288.0,0.8356,815899,0.8358,960010,0.8359,1278300
1753546965990,16:22:45.990,ADA/USDT:USDT,0.8357,922288.0,0.8356,815899,0.8358,960010,0.8359,1278300
1753546966188,16:22:46.188,ADA/USDT:USDT,0.8357,922288.0,0.8356,815899,0.8358,960010,0.8359,953540
1753546966232,16:22:46.232,ADA/USDT:USDT,0.8357,922288.0,0.8356,815899,0.8358,960010,0.8359,953540
1753546966592,16:22:46.592,ADA/USDT:USDT,0.8357,922288.0,0.8356,815899,0.8358,960010,0.8359,953540
1753546966689,16:22:46.689,ADA/USDT:USDT,0.8358,786701,0.8357,922288.0,0.8359,953540,0.836,1177395
1753546967033,16:22:47.033,ADA/USDT:USDT,0.8358,786701,0.8357,922288.0,0.8359,953540,0.836,1177395
1753546967270,16:22:47.270,ADA/USDT:USDT,0.8358,786701,0.8357,922288.0,0.8359,953540,0.836,940240
1753546967270,16:22:47.270,ADA/USDT:USDT,0.8358,786701,0.8357,922288.0,0.8359,953540,0.836,940240
1753546967689,16:22:47.689,ADA/USDT:USDT,0.8358,786701,0.8357,922288.0,0.8359,953540,0.836,940240
1753546967689,16:22:47.689,ADA/USDT:USDT,0.8358,786701,0.8357,922288.0,0.8359,953540,0.836,940240
1753546968093,16:22:48.093,ADA/USDT:USDT,0.8357,922288.0,0.8356,815899,0.8358,796491,0.8359,953540
1753546968223,16:22:48.223,ADA/USDT:USDT,0.8357,922288.0,0.8356,815899,0.8358,796491,0.8359,1211709
1753546968551,16:22:48.551,ADA/USDT:USDT,0.8357,922288.0,0.8356,815899,0.8358,796491,0.8359,1211709
1753546968690,16:22:48.690,ADA/USDT:USDT,0.8357,922288.0,0.8356,815899,0.8358,796491,0.8359,1557735
1753546968904,16:22:48.904,ADA/USDT:USDT,0.8358,849151,0.8357,922288.0,0.8359,953540,0.836,940240
1753546969232,16:22:49.232,ADA/USDT:USDT,0.8358,849151,0.8357,1281333,0.8359,953540,0.836,1116354
1753546969232,16:22:49.232,ADA/USDT:USDT,0.8358,849151,0.8357,1281333,0.8359,953540,0.836,1116354
1753546969690,16:22:49.690,ADA/USDT:USDT,0.8359,853141,0.8358,1176872,0.836,940240,0.8361,874546
1753546969863,16:22:49.863,ADA/USDT:USDT,0.8359,853141,0.8358,1176872,0.836,940240,0.8361,874546
1753546970090,16:22:50.090,ADA/USDT:USDT,0.8359,853141,0.8358,849151,0.836,940240,0.8361,874546
1753546970222,16:22:50.222,ADA/USDT:USDT,0.8358,849151,0.8357,922288,0.8359,917390,0.836,940240
1753546970543,16:22:50.543,ADA/USDT:USDT,0.8358,849151,0.8357,922288,0.8359,917390,0.836,940240
1753546970691,16:22:50.691,ADA/USDT:USDT,0.8358,849151,0.8357,1273806,0.8359,917390,0.836,1235283
1753546970992,16:22:50.992,ADA/USDT:USDT,0.8358,849151,0.8357,1273806,0.8359,917390,0.836,1235283
1753546971094,16:22:51.094,ADA/USDT:USDT,0.8358,849151,0.8357,922288,0.8359,917390,0.836,940240
1753546971296,16:22:51.296,ADA/USDT:USDT,0.8358,849151,0.8357,922288,0.8359,917390,0.836,1195515
1753546971595,16:22:51.595,ADA/USDT:USDT,0.8358,849151,0.8357,1102719,0.8359,917390,0.836,1195515
1753546971692,16:22:51.692,ADA/USDT:USDT,0.8358,849151,0.8357,1102719,0.8359,917390,0.836,1287307
1753546971995,16:22:51.995,ADA/USDT:USDT,0.8358,849151,0.8357,1102719,0.8359,917390,0.836,1287307
1753546972191,16:22:52.191,ADA/USDT:USDT,0.8358,849151,0.8357,922288,0.8359,917390,0.836,1124506
1753546972489,16:22:52.489,ADA/USDT:USDT,0.8358,849151,0.8357,922288,0.8359,917390,0.836,1124506
1753546972592,16:22:52.592,ADA/USDT:USDT,0.8359,760396,0.8358,1031910,0.836,940240,0.8361,874546
1753546972880,16:22:52.880,ADA/USDT:USDT,0.8359,760396,0.8358,1031910,0.836,940240,0.8361,1438316
1753546973092,16:22:53.092,ADA/USDT:USDT,0.8359,760396,0.8358,849151,0.836,940240,0.8361,1438316
1753546973197,16:22:53.197,ADA/USDT:USDT,0.8359,759938,0.8358,849151,0.836,940240,0.8361,874546
1753546973496,16:22:53.496,ADA/USDT:USDT,0.8359,759938,0.8358,849151,0.836,940240,0.8361,874546
1753546973692,16:22:53.692,ADA/USDT:USDT,0.8359,759938,0.8358,849151,0.836,940240,0.8361,874546
1753546973996,16:22:53.996,ADA/USDT:USDT,0.8359,759938,0.8358,849151,0.836,940240,0.8361,874546
1753546974190,16:22:54.190,ADA/USDT:USDT,0.836,892916,0.8359,759938,0.8361,937834,0.8362,823300
1753546974313,16:22:54.313,ADA/USDT:USDT,0.8361,927723,0.836,892916,0.8362,823300,0.8363,707748
1753546974693,16:22:54.693,ADA/USDT:USDT,0.8361,927723,0.836,1325709,0.8362,823300,0.8363,707748
1753546974841,16:22:54.841,ADA/USDT:USDT,0.8361,927723,0.836,1325709,0.8362,823300,0.8363,707748
1753546975094,16:22:55.094,ADA/USDT:USDT,0.8361,927723,0.836,1058439,0.8362,823300,0.8363,707748
1753546975220,16:22:55.220,ADA/USDT:USDT,0.8361,911348,0.836,1340121,0.8362,823300,0.8363,997861
1753546975496,16:22:55.496,ADA/USDT:USDT,0.8361,911348,0.836,1174598,0.8362,823300,0.8363,997861
1753546975693,16:22:55.693,ADA/USDT:USDT,0.8361,911348,0.836,892916,0.8362,823300,0.8363,908609
1753546975780,16:22:55.780,ADA/USDT:USDT,0.8361,911348,0.836,892916,0.8362,823300,0.8363,908609
1753546976097,16:22:56.097,ADA/USDT:USDT,0.8361,911348,0.836,1249144,0.8362,823300,0.8363,707748
1753546976194,16:22:56.194,ADA/USDT:USDT,0.8361,911348,0.836,1249144,0.8362,823300,0.8363,858053
1753546976595,16:22:56.595,ADA/USDT:USDT,0.8361,911348,0.836,892916,0.8362,823300,0.8363,858053
1753546976742,16:22:56.742,ADA/USDT:USDT,0.8361,911348,0.836,892916,0.8362,823300,0.8363,707748
1753546977066,16:22:57.066,ADA/USDT:USDT,0.8361,911348,0.836,892916,0.8362,823300,0.8363,707748
1753546977286,16:22:57.286,ADA/USDT:USDT,0.8361,911348,0.836,892916,0.8362,823300,0.8363,707748
1753546977448,16:22:57.448,ADA/USDT:USDT,0.8361,911348,0.836,892916,0.8362,823300,0.8363,707748
1753546977695,16:22:57.695,ADA/USDT:USDT,0.8361,911348,0.836,1227930,0.8362,823300,0.8363,707748
1753546977695,16:22:57.695,ADA/USDT:USDT,0.8361,911348,0.836,1227930,0.8362,823300,0.8363,707748
1753546978096,16:22:58.096,ADA/USDT:USDT,0.8361,911348,0.836,892916,0.8362,823300,0.8363,707748
1753546978194,16:22:58.194,ADA/USDT:USDT,0.8361,911348,0.836,892916,0.8362,823300,0.8363,914844
1753546978500,16:22:58.500,ADA/USDT:USDT,0.8361,911348,0.836,892916,0.8362,823300,0.8363,914844
1753546978696,16:22:58.696,ADA/USDT:USDT,0.8361,911348,0.836,1104440,0.8362,823300,0.8363,903590
1753546978961,16:22:58.961,ADA/USDT:USDT,0.8361,911348,0.836,1104440,0.8362,823300,0.8363,903590
1753546979197,16:22:59.197,ADA/USDT:USDT,0.8361,911348,0.836,993152,0.8362,823300,0.8363,707748
1753546979273,16:22:59.273,ADA/USDT:USDT,0.8361,911348,0.836,993152,0.8362,823300,0.8363,707748
1753546979600,16:22:59.600,ADA/USDT:USDT,0.8361,911348,0.836,985710,0.8362,823300,0.8363,707748
1753546979696,16:22:59.696,ADA/USDT:USDT,0.8361,911348,0.836,985710,0.8362,823300,0.8363,916218
1753546980001,16:23:00.001,ADA/USDT:USDT,0.8361,911348,0.836,985710,0.8362,823300,0.8363,916218
1753546980197,16:23:00.197,ADA/USDT:USDT,0.8361,911348,0.836,892916,0.8362,823300,0.8363,864184
1753546980293,16:23:00.293,ADA/USDT:USDT,0.8361,864951,0.836,987646,0.8362,940485,0.8363,778003
1753546980597,16:23:00.597,ADA/USDT:USDT,0.8361,864951,0.836,1291049,0.8362,940485,0.8363,778003
1753546980828,16:23:00.828,ADA/USDT:USDT,0.836,987646,0.8359,1004329,0.8361,674027,0.8362,940485
1753546981098,16:23:01.098,ADA/USDT:USDT,0.836,987646,0.8359,1258335,0.8361,674027,0.8362,940485
1753546981202,16:23:01.202,ADA/USDT:USDT,0.836,987646,0.8359,1258335,0.8361,674027,0.8362,1403522
1753546981500,16:23:01.500,ADA/USDT:USDT,0.836,987646,0.8359,1004329,0.8361,674027,0.8362,1403522
1753546981601,16:23:01.601,ADA/USDT:USDT,0.836,987646,0.8359,1408574,0.8361,674027,0.8362,940485
1753546981955,16:23:01.955,ADA/USDT:USDT,0.836,987646,0.8359,1408574,0.8361,674027,0.8362,940485
1753546982147,16:23:02.147,ADA/USDT:USDT,0.8356,971880,0.8355,880531,0.8357,977508,0.8358,920113
1753546982366,16:23:02.366,ADA/USDT:USDT,0.8356,971880,0.8355,880531,0.8357,977508,0.8358,920113
1753546982382,16:23:02.382,ADA/USDT:USDT,0.8356,971880,0.8355,880531,0.8357,977508,0.8358,920113
1753546982787,16:23:02.787,ADA/USDT:USDT,0.8356,971880,0.8355,1205430,0.8357,977508,0.8358,920113
1753546982908,16:23:02.908,ADA/USDT:USDT,0.8357,701778,0.8356,971880,0.8358,920113,0.8359,896557
1753546983173,16:23:03.173,ADA/USDT:USDT,0.8358,932909,0.8357,701778,0.8359,896557,0.836,894302
1753546983276,16:23:03.276,ADA/USDT:USDT,0.8358,932909,0.8357,701778,0.8359,896557,0.836,990132
1753546983597,16:23:03.597,ADA/USDT:USDT,0.8357,701778,0.8356,971880,0.8358,850731,0.8359,896557
1753546983948,16:23:03.948,ADA/USDT:USDT,0.8356,971880,0.8355,880531,0.8357,872512,0.8358,850731
1753546984209,16:23:04.209,ADA/USDT:USDT,0.8356,971880,0.8355,1206318,0.8357,872512,0.8358,850731
1753546984276,16:23:04.276,ADA/USDT:USDT,0.8356,971880,0.8355,1206318,0.8357,872512,0.8358,850731
1753546984681,16:23:04.681,ADA/USDT:USDT,0.8356,971880,0.8355,1200307,0.8357,872512,0.8358,850731
1753546984810,16:23:04.810,ADA/USDT:USDT,0.8356,971880,0.8355,1200307,0.8357,872512,0.8358,850731
1753546985098,16:23:05.098,ADA/USDT:USDT,0.8356,971880,0.8355,1038069,0.8357,872512,0.8358,850731
1753546985277,16:23:05.277,ADA/USDT:USDT,0.8356,971880,0.8355,1038069,0.8357,872512,0.8358,850731
1753546985502,16:23:05.502,ADA/USDT:USDT,0.8356,965235,0.8355,880531,0.8357,872512,0.8358,850731
1753546985680,16:23:05.680,ADA/USDT:USDT,0.8356,961045,0.8355,1136900,0.8357,872512,0.8358,850731
1753546985934,16:23:05.934,ADA/USDT:USDT,0.8356,961045,0.8355,1136900,0.8357,872512,0.8358,850731
1753546986145,16:23:06.145,ADA/USDT:USDT,0.8356,961045,0.8355,880531,0.8357,872512,0.8358,850731
1753546986303,16:23:06.303,ADA/USDT:USDT,0.8358,853085,0.8357,833504,0.8359,896557,0.836,894302
1753546986541,16:23:06.541,ADA/USDT:USDT,0.8358,853085,0.8357,833504,0.8359,896557,0.836,894302
1753546986764,16:23:06.764,ADA/USDT:USDT,0.8359,690195,0.8358,853085,0.836,894302,0.8361,674027
1753546986905,16:23:06.905,ADA/USDT:USDT,0.836,686802,0.8359,690195,0.8361,674027,0.8362,940485
1753546987177,16:23:07.177,ADA/USDT:USDT,0.836,686802,0.8359,690195,0.8361,674027,0.8362,940485
1753546987345,16:23:07.345,ADA/USDT:USDT,0.836,686802,0.8359,1010759,0.8361,674027,0.8362,940485
1753546987582,16:23:07.582,ADA/USDT:USDT,0.836,686802,0.8359,1010759,0.8361,674027,0.8362,940485
1753546987777,16:23:07.777,ADA/USDT:USDT,0.8361,714273,0.836,686762,0.8362,940485,0.8363,778003
1753546988106,16:23:08.106,ADA/USDT:USDT,0.8361,714273,0.836,686762,0.8362,940485,0.8363,778003
1753546988369,16:23:08.369,ADA/USDT:USDT,0.8361,714273,0.836,686762,0.8362,940485,0.8363,1160249
1753546988532,16:23:08.532,ADA/USDT:USDT,0.8361,714273,0.836,686762,0.8362,940485,0.8363,1160249
1753546988762,16:23:08.762,ADA/USDT:USDT,0.8361,714273,0.836,686762,0.8362,940485,0.8363,778003
1753546988792,16:23:08.792,ADA/USDT:USDT,0.8361,714273,0.836,686762,0.8362,940485,0.8363,975302
1753546989192,16:23:09.192,ADA/USDT:USDT,0.8361,714273,0.836,937000,0.8362,931938,0.8363,975302
1753546989377,16:23:09.377,ADA/USDT:USDT,0.8361,710769,0.836,937000,0.8362,931938,0.8363,1076733
1753546989580,16:23:09.580,ADA/USDT:USDT,0.8361,710769,0.836,686762,0.8362,931938,0.8363,1076733
1753546989778,16:23:09.778,ADA/USDT:USDT,0.8361,710769,0.836,686762,0.8362,931938,0.8363,887924
1753546990084,16:23:10.084,ADA/USDT:USDT,0.8361,705116,0.836,686762,0.8362,931819,0.8363,887924
1753546990279,16:23:10.279,ADA/USDT:USDT,0.8361,705116,0.836,1528982,0.8362,931819,0.8363,778003
1753546990529,16:23:10.529,ADA/USDT:USDT,0.8361,705116,0.836,1528982,0.8362,930210,0.8363,778003
1753546990778,16:23:10.778,ADA/USDT:USDT,0.8361,705116,0.836,828424,0.8362,930210,0.8363,1084439
1753546990957,16:23:10.957,ADA/USDT:USDT,0.8362,939268,0.8361,705116,0.8363,778003,0.8364,699881
1753546991180,16:23:11.180,ADA/USDT:USDT,0.8362,939268,0.8361,705116,0.8363,778003,0.8364,699881
1753546991279,16:23:11.279,ADA/USDT:USDT,0.8362,939268,0.8361,821977,0.8363,778003,0.8364,699881
1753546991380,16:23:11.380,ADA/USDT:USDT,0.8362,939268,0.8361,821977,0.8363,778003,0.8364,699881
1753546991779,16:23:11.779,ADA/USDT:USDT,0.8362,939268,0.8361,705116,0.8363,778003,0.8364,946766
1753546991878,16:23:11.878,ADA/USDT:USDT,0.8362,939268,0.8361,705116,0.8363,778003,0.8364,946766
1753546992181,16:23:12.181,ADA/USDT:USDT,0.8362,939268,0.8361,705116,0.8363,778003,0.8364,946766
1753546992378,16:23:12.378,ADA/USDT:USDT,0.8362,939268,0.8361,705116,0.8363,778003,0.8364,986800
1753546992682,16:23:12.682,ADA/USDT:USDT,0.8361,705116,0.836,686762,0.8362,805924,0.8363,778003
1753546992856,16:23:12.856,ADA/USDT:USDT,0.8361,702790,0.836,686762,0.8362,805027,0.8363,778003
1753546993085,16:23:13.085,ADA/USDT:USDT,0.8361,702790,0.836,686762,0.8363,778003,0.8364,699881
1753546993280,16:23:13.280,ADA/USDT:USDT,0.8362,774615,0.8361,702790,0.8363,777983,0.8364,699881
1753546993366,16:23:13.366,ADA/USDT:USDT,0.8362,774615,0.8361,702790,0.8363,777983,0.8364,699881
1753546993782,16:23:13.782,ADA/USDT:USDT,0.8362,774615,0.8361,702790,0.8363,777983,0.8364,699881
1753546993978,16:23:13.978,ADA/USDT:USDT,0.8362,774615,0.8361,702790,0.8363,777983,0.8364,699881
1753546994184,16:23:14.184,ADA/USDT:USDT,0.8362,774615,0.8361,1191057,0.8363,777625,0.8364,699881
1753546994384,16:23:14.384,ADA/USDT:USDT,0.8362,774615,0.8361,1191057,0.8363,777625,0.8364,699881
1753546994586,16:23:14.586,ADA/USDT:USDT,0.8362,774615,0.8361,877010,0.8363,777625,0.8364,699881
1753546994782,16:23:14.782,ADA/USDT:USDT,0.8362,774615,0.8361,702790,0.8363,777625,0.8364,699881
1753546995018,16:23:15.018,ADA/USDT:USDT,0.8362,774615,0.8361,702790,0.8363,777625,0.8364,699881
1753546995185,16:23:15.185,ADA/USDT:USDT,0.8362,773876,0.8361,918159,0.8363,777625,0.8364,699881
1753546995333,16:23:15.333,ADA/USDT:USDT,0.8362,773876,0.8361,918159,0.8363,777625,0.8364,810806
1753546995683,16:23:15.683,ADA/USDT:USDT,0.8362,773876,0.8361,702790,0.8363,777625,0.8364,810806
1753546995783,16:23:15.783,ADA/USDT:USDT,0.8362,773876,0.8361,702790,0.8363,777625,0.8364,1004686
1753546996089,16:23:16.089,ADA/USDT:USDT,0.8362,773876,0.8361,702790,0.8363,777625,0.8364,1004686
1753546996282,16:23:16.282,ADA/USDT:USDT,0.8362,773876,0.8361,702790,0.8363,777625,0.8364,699881
1753546996507,16:23:16.507,ADA/USDT:USDT,0.8362,773876,0.8361,702790,0.8363,777625,0.8364,699881
1753546996681,16:23:16.681,ADA/USDT:USDT,0.8359,690195,0.8358,1022257,0.836,914588,0.8361,1000572
1753546996944,16:23:16.944,ADA/USDT:USDT,0.8359,690195,0.8358,1022257,0.836,914588,0.8361,1000572
1753546997173,16:23:17.173,ADA/USDT:USDT,0.8361,988889,0.836,810063,0.8362,786948,0.8363,777625
1753546997282,16:23:17.282,ADA/USDT:USDT,0.8361,988889,0.836,810063,0.8362,786948,0.8363,887079
1753546997585,16:23:17.585,ADA/USDT:USDT,0.8361,988889,0.836,810063,0.8362,786948,0.8363,887079
1753546997783,16:23:17.783,ADA/USDT:USDT,0.8361,988889,0.836,1041407,0.8362,786948,0.8363,777625
1753546998086,16:23:18.086,ADA/USDT:USDT,0.8361,988889,0.836,810063,0.8362,786948,0.8363,777625
1753546998284,16:23:18.284,ADA/USDT:USDT,0.8361,988889,0.836,978023,0.8362,786948,0.8363,860653
1753546998504,16:23:18.504,ADA/USDT:USDT,0.8361,988889,0.836,978023,0.8362,786948,0.8363,860653
1753546998687,16:23:18.687,ADA/USDT:USDT,0.8361,963275,0.836,967187,0.8362,786948,0.8363,777625
1753546998979,16:23:18.979,ADA/USDT:USDT,0.8361,963275,0.836,967187,0.8362,786948,0.8363,1272819
1753546999182,16:23:19.182,ADA/USDT:USDT,0.8361,963012,0.836,810063,0.8362,786948,0.8363,1272819
1753546999366,16:23:19.366,ADA/USDT:USDT,0.8361,963009,0.836,962880,0.8362,786948,0.8363,777625
1753546999587,16:23:19.587,ADA/USDT:USDT,0.8361,963009,0.836,962880,0.8362,786948,0.8363,777625
1753546999784,16:23:19.784,ADA/USDT:USDT,0.8361,962386,0.836,810063,0.8362,786948,0.8363,868463
1753547000026,16:23:20.026,ADA/USDT:USDT,0.8361,962386,0.836,810063,0.8362,786948,0.8363,868463
1753547000185,16:23:20.185,ADA/USDT:USDT,0.8362,950151,0.8361,962386,0.8363,777625,0.8364,699881
1753547000448,16:23:20.448,ADA/USDT:USDT,0.8362,950151,0.8361,962386,0.8363,777625,0.8364,699881
1753547000686,16:23:20.686,ADA/USDT:USDT,0.8362,950151,0.8361,962386,0.8364,536189,0.8365,1209012
1753547000783,16:23:20.783,ADA/USDT:USDT,0.8362,950151,0.8361,1160559,0.8364,536189,0.8365,1304173
1753547001088,16:23:21.088,ADA/USDT:USDT,0.8362,950151,0.8361,1160559,0.8364,536189,0.8365,1304173
1753547001283,16:23:21.283,ADA/USDT:USDT,0.8362,950151,0.8361,1277258,0.8364,536189,0.8365,1329784
1753547001521,16:23:21.521,ADA/USDT:USDT,0.8362,950151,0.8361,1277258,0.8364,536189,0.8365,1329784
1753547001686,16:23:21.686,ADA/USDT:USDT,0.8362,950151,0.8361,962386,0.8364,536189,0.8365,977362
1753547001807,16:23:21.807,ADA/USDT:USDT,0.8362,950151,0.8361,962386,0.8364,536189,0.8365,1186975
1753547002185,16:23:22.185,ADA/USDT:USDT,0.8362,950151,0.8361,962386,0.8364,536189,0.8365,1186975
1753547002284,16:23:22.284,ADA/USDT:USDT,0.8362,950151,0.8361,962386,0.8364,651447,0.8365,977362
1753547002589,16:23:22.589,ADA/USDT:USDT,0.8362,950151,0.8361,962386,0.8364,651447,0.8365,977362
1753547002783,16:23:22.783,ADA/USDT:USDT,0.8361,962386,0.836,810063,0.8362,924068,0.8363,909033
1753547002831,16:23:22.831,ADA/USDT:USDT,0.8361,962386,0.836,810063,0.8362,924068,0.8363,909033
1753547003241,16:23:23.241,ADA/USDT:USDT,0.8361,962386,0.836,908771,0.8362,924068,0.8363,671689
1753547003459,16:23:23.459,ADA/USDT:USDT,0.8362,813342,0.8361,962386,0.8363,671689,0.8364,536189
1753547003686,16:23:23.686,ADA/USDT:USDT,0.8362,813342,0.8361,962386,0.8363,671689,0.8364,536189
1753547003783,16:23:23.783,ADA/USDT:USDT,0.8362,813342,0.8361,962386,0.8363,671689,0.8364,536189
1753547004089,16:23:24.089,ADA/USDT:USDT,0.8362,813342,0.8361,962386,0.8363,671689,0.8364,536189
1753547004283,16:23:24.283,ADA/USDT:USDT,0.8361,962386,0.836,810063,0.8362,705627,0.8363,671689
1753547004501,16:23:24.501,ADA/USDT:USDT,0.8361,962386,0.836,810063,0.8362,705627,0.8363,671689
1753547004687,16:23:24.687,ADA/USDT:USDT,0.8362,801670,0.8361,962386,0.8363,671689,0.8364,536189
1753547004928,16:23:24.928,ADA/USDT:USDT,0.8361,962386,0.836,810063,0.8362,876018,0.8363,671689
1753547005188,16:23:25.188,ADA/USDT:USDT,0.8361,962386,0.836,810063,0.8362,876018,0.8363,671689
1753547005369,16:23:25.369,ADA/USDT:USDT,0.8361,962386,0.836,810063,0.8362,875993,0.8363,834051
1753547005689,16:23:25.689,ADA/USDT:USDT,0.836,810063,0.8359,996936,0.8361,797892,0.8362,875993
1753547005785,16:23:25.785,ADA/USDT:USDT,0.836,810063,0.8359,996936,0.8361,797892,0.8362,875993
1753547006090,16:23:26.090,ADA/USDT:USDT,0.836,810063,0.8359,690195,0.8361,797892,0.8362,875993
1753547006285,16:23:26.285,ADA/USDT:USDT,0.836,810063,0.8359,690195,0.8361,797892,0.8362,1158502
1753547006424,16:23:26.424,ADA/USDT:USDT,0.836,810063,0.8359,690195,0.8361,797892,0.8362,1158502
1753547006744,16:23:26.744,ADA/USDT:USDT,0.836,805269,0.8359,690195,0.8361,797892,0.8362,875993
1753547006978,16:23:26.978,ADA/USDT:USDT,0.836,805269,0.8359,690195,0.8361,797892,0.8362,875993
1753547007016,16:23:27.016,ADA/USDT:USDT,0.8361,895431,0.836,805269,0.8362,875993,0.8363,671689
1753547007317,16:23:27.317,ADA/USDT:USDT,0.8361,895431,0.836,1188898,0.8362,875139,0.8363,1034963
1753547007592,16:23:27.592,ADA/USDT:USDT,0.8361,895431,0.836,1188898,0.8362,875139,0.8363,1034963
1753547007785,16:23:27.785,ADA/USDT:USDT,0.8361,895431,0.836,1037730,0.8362,875139,0.8363,671689
1753547008089,16:23:28.089,ADA/USDT:USDT,0.8361,878176,0.836,1037730,0.8362,875139,0.8363,671689
1753547008287,16:23:28.287,ADA/USDT:USDT,0.8361,878176,0.836,1088736,0.8362,875139,0.8363,760515
1753547008297,16:23:28.297,ADA/USDT:USDT,0.8361,878176,0.836,1088736,0.8362,875138,0.8363,760515
1753547008688,16:23:28.688,ADA/USDT:USDT,0.8361,878175,0.836,805269,0.8362,875138,0.8363,760515
1753547008788,16:23:28.788,ADA/USDT:USDT,0.8361,878175,0.836,805269,0.8362,875136,0.8363,671689
1753547009091,16:23:29.091,ADA/USDT:USDT,0.8361,878175,0.836,805269,0.8362,875136,0.8363,671689
1753547009358,16:23:29.358,ADA/USDT:USDT,0.8359,690195,0.8358,853085,0.836,751969,0.8361,948912
1753547009690,16:23:29.690,ADA/USDT:USDT,0.8359,690195,0.8358,1265828,0.836,751969,0.8361,948912
1753547009810,16:23:29.810,ADA/USDT:USDT,0.8359,690195,0.8358,1265828,0.836,751969,0.8361,1084108
1753547010103,16:23:30.103,ADA/USDT:USDT,0.8359,690195,0.8358,853085,0.836,751969,0.8361,1084108
1753547010289,16:23:30.289,ADA/USDT:USDT,0.8359,690195,0.8358,853085,0.836,751969,0.8361,1668109
1753547010579,16:23:30.579,ADA/USDT:USDT,0.8359,690195,0.8358,853085,0.836,751969,0.8361,1668109
1753547010786,16:23:30.786,ADA/USDT:USDT,0.8359,690195,0.8358,1305832,0.836,751969,0.8361,948912
1753547010810,16:23:30.810,ADA/USDT:USDT,0.8359,690195,0.8358,1305832,0.836,751969,0.8361,948912
1753547011191,16:23:31.191,ADA/USDT:USDT,0.8359,690195,0.8358,853085,0.836,751969,0.8361,948912
1753547011286,16:23:31.286,ADA/USDT:USDT,0.8359,690195,0.8358,1147446,0.836,751969,0.8361,1256077
1753547011594,16:23:31.594,ADA/USDT:USDT,0.8359,690195,0.8358,1147446,0.836,751969,0.8361,1256077
1753547011786,16:23:31.786,ADA/USDT:USDT,0.8359,690195,0.8358,853085,0.836,751969,0.8361,1284932
1753547012018,16:23:32.018,ADA/USDT:USDT,0.8359,690195,0.8358,853085,0.836,751969,0.8361,1284932
1753547012191,16:23:32.191,ADA/USDT:USDT,0.8359,690195,0.8358,976054,0.836,751969,0.8361,948912
1753547012398,16:23:32.398,ADA/USDT:USDT,0.8359,690195,0.8358,976054,0.836,751969,0.8361,1209724
1753547012692,16:23:32.692,ADA/USDT:USDT,0.8359,690195,0.8358,853085,0.836,751969,0.8361,1209724
1753547012861,16:23:32.861,ADA/USDT:USDT,0.8359,690195,0.8358,853085,0.836,751969,0.8361,948912
1753547013094,16:23:33.094,ADA/USDT:USDT,0.8359,690195,0.8358,853085,0.836,750041,0.8361,948912
1753547013288,16:23:33.288,ADA/USDT:USDT,0.8359,690195,0.8358,853085,0.836,750041,0.8361,948912
1753547013488,16:23:33.488,ADA/USDT:USDT,0.8358,853085,0.8357,833504,0.8359,878609,0.836,750041
1753547013786,16:23:33.786,ADA/USDT:USDT,0.8358,853085,0.8357,833504,0.8359,878609,0.836,750041
1753547014096,16:23:34.096,ADA/USDT:USDT,0.8358,853085,0.8357,833504,0.8359,878609,0.836,750041
1753547014290,16:23:34.290,ADA/USDT:USDT,0.8358,853085,0.8357,833504,0.8359,700578,0.836,1064976
1753547014404,16:23:34.404,ADA/USDT:USDT,0.8358,853085,0.8357,833504,0.8359,700578,0.836,1064976
1753547014787,16:23:34.787,ADA/USDT:USDT,0.8358,853085,0.8357,833504,0.8359,700578,0.836,914624
1753547015096,16:23:35.096,ADA/USDT:USDT,0.8358,853085,0.8357,833504,0.8359,700578,0.836,914624
1753547015288,16:23:35.288,ADA/USDT:USDT,0.8358,853085,0.8357,833504,0.8359,700578,0.836,750041
1753547015351,16:23:35.351,ADA/USDT:USDT,0.8358,853085,0.8357,833504,0.8359,700578,0.836,750041
1753547015714,16:23:35.714,ADA/USDT:USDT,0.8358,853085,0.8357,1019892,0.8359,700578,0.836,750041
1753547015940,16:23:35.940,ADA/USDT:USDT,0.8358,853085,0.8357,1019892,0.8359,700578,0.836,876020
1753547016194,16:23:36.194,ADA/USDT:USDT,0.8358,853085,0.8357,833504,0.8359,700578,0.836,750041
1753547016293,16:23:36.293,ADA/USDT:USDT,0.8358,853085,0.8357,966788,0.8359,700578,0.836,750041
1753547016597,16:23:36.597,ADA/USDT:USDT,0.8358,852785,0.8357,833504,0.8359,700578,0.836,750041
1753547016789,16:23:36.789,ADA/USDT:USDT,0.8358,852785,0.8357,1039910,0.8359,700578,0.836,922937
1753547017005,16:23:37.005,ADA/USDT:USDT,0.8358,852785,0.8357,1039910,0.8359,700578,0.836,922937
1753547017221,16:23:37.221,ADA/USDT:USDT,0.8358,852785,0.8357,833504,0.8359,700578,0.836,922937
1753547017349,16:23:37.349,ADA/USDT:USDT,0.8359,823542,0.8358,852785,0.836,750041,0.8361,948912
1753547017692,16:23:37.692,ADA/USDT:USDT,0.8359,823542,0.8358,852785,0.836,750041,0.8361,948912
1753547017790,16:23:37.790,ADA/USDT:USDT,0.8359,823542,0.8358,852785,0.836,750041,0.8361,948912
1753547018096,16:23:38.096,ADA/USDT:USDT,0.8359,823542,0.8358,852785,0.836,750041,0.8361,948912
1753547018290,16:23:38.290,ADA/USDT:USDT,0.8359,823542,0.8358,1230970,0.836,750041,0.8361,948912
1753547018445,16:23:38.445,ADA/USDT:USDT,0.8359,823542,0.8358,1230970,0.836,750041,0.8361,948912
1753547018791,16:23:38.791,ADA/USDT:USDT,0.8359,823542,0.8358,1569088,0.836,750041,0.8361,948912
1753547018968,16:23:38.968,ADA/USDT:USDT,0.8359,823542,0.8358,1569088,0.836,750041,0.8361,948912
1753547019195,16:23:39.195,ADA/USDT:USDT,0.8359,823542,0.8358,852785,0.836,750041,0.8361,948912
1753547019291,16:23:39.291,ADA/USDT:USDT,0.8359,823542,0.8358,852785,0.836,750041,0.8361,948912
1753547019598,16:23:39.598,ADA/USDT:USDT,0.8359,823542,0.8358,852785,0.836,750041,0.8361,948912
1753547019790,16:23:39.790,ADA/USDT:USDT,0.8359,823542,0.8358,852785,0.836,750041,0.8361,948912
1753547019920,16:23:39.920,ADA/USDT:USDT,0.836,775556,0.8359,823542,0.8361,948912,0.8362,875136
1753547020289,16:23:40.289,ADA/USDT:USDT,0.836,775556,0.8359,823542,0.8361,948912,0.8362,875136
1753547020435,16:23:40.435,ADA/USDT:USDT,0.836,775556,0.8359,823542,0.8361,948912,0.8362,875136
1753547020695,16:23:40.695,ADA/USDT:USDT,0.836,775556,0.8359,823542,0.8361,948912,0.8362,875136
1753547020792,16:23:40.792,ADA/USDT:USDT,0.836,775556,0.8359,823542,0.8361,948912,0.8362,875136
1753547021091,16:23:41.091,ADA/USDT:USDT,0.8359,823487,0.8358,852785,0.836,810737,0.8361,948912
1753547021320,16:23:41.320,ADA/USDT:USDT,0.8359,823437,0.8358,852785,0.836,810737,0.8361,948912
1753547021598,16:23:41.598,ADA/USDT:USDT,0.8359,823437,0.8358,852785,0.836,810737,0.8361,948912
1753547021792,16:23:41.792,ADA/USDT:USDT,0.8359,823437,0.8358,852785,0.836,769351,0.8361,948912
1753547021989,16:23:41.989,ADA/USDT:USDT,0.8359,823437,0.8358,852785,0.836,752096,0.8361,948912
1753547022304,16:23:42.304,ADA/USDT:USDT,0.8359,823437,0.8358,852785,0.836,752096,0.8361,1116344
1753547022599,16:23:42.599,ADA/USDT:USDT,0.8359,823437,0.8358,852785,0.836,752096,0.8361,1116344
1753547022792,16:23:42.792,ADA/USDT:USDT,0.8359,823437,0.8358,852785,0.836,752096,0.8361,948912
1753547023002,16:23:43.002,ADA/USDT:USDT,0.8359,823437,0.8358,852785,0.8361,948912,0.8362,1011903
1753547023195,16:23:43.195,ADA/USDT:USDT,0.836,692729,0.8359,823437,0.8361,948912,0.8362,875136
1753547023292,16:23:43.292,ADA/USDT:USDT,0.836,692729,0.8359,823437,0.8361,948912,0.8362,875136
1753547023695,16:23:43.695,ADA/USDT:USDT,0.836,692729,0.8359,823437,0.8361,948912,0.8362,875136
1753547023873,16:23:43.873,ADA/USDT:USDT,0.8359,823437,0.8358,852785,0.836,918726,0.8361,948912
1753547024196,16:23:44.196,ADA/USDT:USDT,0.8359,823437,0.8358,852785,0.836,918726,0.8361,948912
1753547024398,16:23:44.398,ADA/USDT:USDT,0.8359,823437,0.8358,852785,0.836,918726,0.8361,948912
1753547024400,16:23:44.400,ADA/USDT:USDT,0.8359,823437,0.8358,852785,0.836,918726,0.8361,948912
1753547024793,16:23:44.793,ADA/USDT:USDT,0.8359,823437,0.8358,852785,0.836,918636,0.8361,948912
1753547025100,16:23:45.100,ADA/USDT:USDT,0.8359,823437,0.8358,852785,0.836,918636,0.8361,948912
1753547025294,16:23:45.294,ADA/USDT:USDT,0.8359,823437,0.8358,852785,0.836,918636,0.8361,948912
1753547025519,16:23:45.519,ADA/USDT:USDT,0.8359,823437,0.8358,852785,0.836,918636,0.8361,948912
1753547025698,16:23:45.698,ADA/USDT:USDT,0.8359,823437,0.8358,852785,0.836,918636,0.8361,948912
1753547025903,16:23:45.903,ADA/USDT:USDT,0.836,916972,0.8359,823437,0.8361,948912,0.8362,875136
1753547025957,16:23:45.957,ADA/USDT:USDT,0.836,916972,0.8359,823437,0.8361,948912,0.8362,875136
1753547026292,16:23:46.292,ADA/USDT:USDT,0.836,916972,0.8359,823437,0.8361,948912,0.8362,1194765
1753547026600,16:23:46.600,ADA/USDT:USDT,0.836,916972,0.8359,823437,0.8361,948912,0.8362,1194765
1753547026794,16:23:46.794,ADA/USDT:USDT,0.836,916972,0.8359,823437,0.8361,948912,0.8362,875136
1753547027099,16:23:47.099,ADA/USDT:USDT,0.836,916972,0.8359,823437,0.8361,948912,0.8362,875136
1753547027217,16:23:47.217,ADA/USDT:USDT,0.836,916972,0.8359,823437,0.8361,948912,0.8362,875136
1753547027495,16:23:47.495,ADA/USDT:USDT,0.836,916972,0.8359,823437,0.8361,948912,0.8362,875136
1753547027697,16:23:47.697,ADA/USDT:USDT,0.836,916361,0.8359,823437,0.8361,948912,0.8362,875136
1753547027808,16:23:47.808,ADA/USDT:USDT,0.836,916361,0.8359,823437,0.8361,948912,0.8362,1222008
1753547028197,16:23:48.197,ADA/USDT:USDT,0.836,916361,0.8359,823437,0.8361,948912,0.8362,875136
1753547028394,16:23:48.394,ADA/USDT:USDT,0.836,916361,0.8359,823437,0.8361,948912,0.8362,875136
1753547028602,16:23:48.602,ADA/USDT:USDT,0.836,916361,0.8359,823437,0.8361,948912,0.8362,875136
1753547028795,16:23:48.795,ADA/USDT:USDT,0.836,916361,0.8359,1109404,0.8361,948912,0.8362,875136
1753547028988,16:23:48.988,ADA/USDT:USDT,0.836,916361,0.8359,1109404,0.8361,948912,0.8362,875136
1753547029265,16:23:49.265,ADA/USDT:USDT,0.836,916361,0.8359,823437,0.8361,948912,0.8362,875136
1753547029310,16:23:49.310,ADA/USDT:USDT,0.836,916361,0.8359,823437,0.8361,948912,0.8362,1188235
1753547029605,16:23:49.605,ADA/USDT:USDT,0.836,916361,0.8359,823437,0.8361,948912,0.8362,1188235
1753547029827,16:23:49.827,ADA/USDT:USDT,0.836,916361,0.8359,823437,0.8361,948912,0.8362,1137829
1753547030103,16:23:50.103,ADA/USDT:USDT,0.836,916361,0.8359,823437,0.8361,948912,0.8362,1137829
1753547030297,16:23:50.297,ADA/USDT:USDT,0.836,916361,0.8359,823437,0.8361,948912,0.8362,875136
1753547030451,16:23:50.451,ADA/USDT:USDT,0.836,916361,0.8359,823437,0.8361,938882,0.8362,875136
1753547030781,16:23:50.781,ADA/USDT:USDT,0.8362,992029,0.8361,710567,0.8363,671689,0.8364,536189
1753547030846,16:23:50.846,ADA/USDT:USDT,0.8362,992029,0.8361,710567,0.8363,670493,0.8364,536189
1753547031198,16:23:51.198,ADA/USDT:USDT,0.836,916361,0.8359,823437,0.8362,987860,0.8363,670493
1753547031296,16:23:51.296,ADA/USDT:USDT,0.836,916361,0.8359,823437,0.8361,974289,0.8362,1290325
1753547031499,16:23:51.499,ADA/USDT:USDT,0.836,916361,0.8359,823437,0.8361,974289,0.8362,1290325
1753547031796,16:23:51.796,ADA/USDT:USDT,0.836,916361,0.8359,823437,0.8361,974289,0.8362,987860
1753547032100,16:23:52.100,ADA/USDT:USDT,0.836,916361,0.8359,823437,0.8361,974289,0.8362,987860
1753547032302,16:23:52.302,ADA/USDT:USDT,0.836,916361,0.8359,1019280,0.8361,974289,0.8362,1252777
1753547032428,16:23:52.428,ADA/USDT:USDT,0.8362,738896,0.8361,818606,0.8363,670493,0.8364,536189
1753547032717,16:23:52.717,ADA/USDT:USDT,0.8362,738896,0.8361,818606,0.8363,670493,0.8364,536189
1753547032933,16:23:52.933,ADA/USDT:USDT,0.8362,738896,0.8361,818606,0.8363,670271,0.8364,642167
1753547033200,16:23:53.200,ADA/USDT:USDT,0.8362,738896,0.8361,818606,0.8363,670271,0.8364,536189
1753547033297,16:23:53.297,ADA/USDT:USDT,0.8362,738896,0.8361,1164070,0.8363,670271,0.8364,686518
1753547033590,16:23:53.590,ADA/USDT:USDT,0.8361,818606,0.836,916361,0.8362,686332,0.8363,669973
1753547033824,16:23:53.824,ADA/USDT:USDT,0.8361,818606,0.836,916361,0.8362,686332,0.8363,1135430
1753547034106,16:23:54.106,ADA/USDT:USDT,0.8361,818606,0.836,916361,0.8362,686332,0.8363,1135430
1753547034298,16:23:54.298,ADA/USDT:USDT,0.8361,818606,0.836,1171791,0.8362,686332,0.8363,755627
1753547034377,16:23:54.377,ADA/USDT:USDT,0.8361,818606,0.836,1171791,0.8362,686332,0.8363,755627
1753547034797,16:23:54.797,ADA/USDT:USDT,0.8361,818606,0.836,916361,0.8362,686332,0.8363,967871
1753547034924,16:23:54.924,ADA/USDT:USDT,0.8361,818606,0.836,916361,0.8362,686332,0.8363,1264234
1753547035200,16:23:55.200,ADA/USDT:USDT,0.8361,818606,0.836,916361,0.8362,686332,0.8363,966336
1753547035297,16:23:55.297,ADA/USDT:USDT,0.8361,818606,0.836,1212714,0.8362,686332,0.8363,1010591
1753547035605,16:23:55.605,ADA/USDT:USDT,0.8361,818606,0.836,916361,0.8362,686332,0.8363,1010591
1753547035796,16:23:55.796,ADA/USDT:USDT,0.8361,818606,0.836,1140568,0.8362,686332,0.8363,956328
1753547036026,16:23:56.026,ADA/USDT:USDT,0.8361,818606,0.836,1140568,0.8362,686332,0.8363,956328
1753547036296,16:23:56.296,ADA/USDT:USDT,0.8361,818606,0.836,916361,0.8362,686332,0.8363,669973
1753547036296,16:23:56.296,ADA/USDT:USDT,0.8361,818606,0.836,916361,0.8362,686332,0.8363,669973
1753547036701,16:23:56.701,ADA/USDT:USDT,0.8361,818606,0.836,916361,0.8362,686332,0.8363,669973
1753547036797,16:23:56.797,ADA/USDT:USDT,0.8361,818606,0.836,916361,0.8362,669081,0.8363,991862
1753547037108,16:23:57.108,ADA/USDT:USDT,0.8361,818606,0.836,916361,0.8362,669081,0.8363,991862
1753547037297,16:23:57.297,ADA/USDT:USDT,0.8361,818606,0.836,916361,0.8362,669081,0.8363,669973
1753547037509,16:23:57.509,ADA/USDT:USDT,0.8361,818606,0.836,916361,0.8362,669081,0.8363,669973
1753547037796,16:23:57.796,ADA/USDT:USDT,0.8361,818606,0.836,994899,0.8362,669081,0.8363,669973
1753547037796,16:23:57.796,ADA/USDT:USDT,0.8361,818606,0.836,994899,0.8362,669081,0.8363,669973
1753547038201,16:23:58.201,ADA/USDT:USDT,0.8361,818606,0.836,916361,0.8362,669081,0.8363,669973
1753547038299,16:23:58.299,ADA/USDT:USDT,0.8362,950613,0.8361,818606,0.8363,669973,0.8364,804245
1753547038701,16:23:58.701,ADA/USDT:USDT,0.8362,950613,0.8361,818606,0.8363,669973,0.8364,536189
1753547038820,16:23:58.820,ADA/USDT:USDT,0.8362,950613,0.8361,818606,0.8363,669973,0.8364,536189
1753547039108,16:23:59.108,ADA/USDT:USDT,0.8362,950613,0.8361,818606,0.8363,669973,0.8364,536189
1753547039300,16:23:59.300,ADA/USDT:USDT,0.8362,950613,0.8361,818606,0.8363,669973,0.8364,536189
1753547039607,16:23:59.607,ADA/USDT:USDT,0.8362,950613,0.8361,818606,0.8363,669973,0.8364,536189
1753547039799,16:23:59.799,ADA/USDT:USDT,0.8362,950613,0.8361,818606,0.8363,669973,0.8364,536189
1753547039999,16:23:59.999,ADA/USDT:USDT,0.8362,950613,0.8361,818606,0.8363,669973,0.8364,536189
1753547040236,16:24:00.236,ADA/USDT:USDT,0.8362,950613,0.8361,818606,0.8363,669158,0.8364,536189
1753547040383,16:24:00.383,ADA/USDT:USDT,0.8363,688354,0.8362,950613,0.8364,535584,0.8365,1307390
1753547040701,16:24:00.701,ADA/USDT:USDT,0.8363,688354,0.8362,950613,0.8364,535584,0.8365,977362
1753547040834,16:24:00.834,ADA/USDT:USDT,0.8363,688354,0.8362,950613,0.8364,535584,0.8365,1206596
1753547041107,16:24:01.107,ADA/USDT:USDT,0.8363,688354,0.8362,950613,0.8364,535584,0.8365,1206596
1753547041299,16:24:01.299,ADA/USDT:USDT,0.8363,688354,0.8362,950613,0.8364,535584,0.8365,977362
1753547041610,16:24:01.610,ADA/USDT:USDT,0.8363,688354,0.8362,950613,0.8364,535584,0.8365,977362
1753547041798,16:24:01.798,ADA/USDT:USDT,0.8363,688354,0.8362,950613,0.8364,535584,0.8365,977362
1753547042109,16:24:02.109,ADA/USDT:USDT,0.8363,688354,0.8362,950613,0.8364,535584,0.8365,977362
1753547042300,16:24:02.300,ADA/USDT:USDT,0.8363,688354,0.8362,950613,0.8364,535584,0.8365,1300991
1753547042607,16:24:02.607,ADA/USDT:USDT,0.8363,688354,0.8362,950613,0.8364,535584,0.8365,1300991
1753547042799,16:24:02.799,ADA/USDT:USDT,0.8363,688354,0.8362,950613,0.8364,535584,0.8365,1142196
1753547043045,16:24:03.045,ADA/USDT:USDT,0.8363,688354,0.8362,950613,0.8364,535584,0.8365,1142196
1753547043206,16:24:03.206,ADA/USDT:USDT,0.8363,688354,0.8362,950613,0.8364,535584,0.8365,977362
1753547043306,16:24:03.306,ADA/USDT:USDT,0.8363,688354,0.8362,950613,0.8364,535584,0.8365,977362
1753547043703,16:24:03.703,ADA/USDT:USDT,0.8363,688354,0.8362,950613,0.8364,535584,0.8365,977362
1753547043799,16:24:03.799,ADA/USDT:USDT,0.8363,688354,0.8362,950613,0.8364,535584,0.8365,977362
1753547044115,16:24:04.115,ADA/USDT:USDT,0.8364,963798,0.8363,688354,0.8365,977362,0.8366,840090
1753547044301,16:24:04.301,ADA/USDT:USDT,0.8364,963798,0.8363,951185,0.8365,977362,0.8366,1214849
1753547044610,16:24:04.610,ADA/USDT:USDT,0.8364,963798,0.8363,688354,0.8365,977362,0.8366,1214849
1753547044799,16:24:04.799,ADA/USDT:USDT,0.8364,963798,0.8363,688354,0.8365,977362,0.8366,840090
1753547045047,16:24:05.047,ADA/USDT:USDT,0.8364,963798,0.8363,688354,0.8365,977362,0.8366,840090
1753547045205,16:24:05.205,ADA/USDT:USDT,0.8364,963798,0.8363,688354,0.8365,977362,0.8366,840090
1753547045443,16:24:05.443,ADA/USDT:USDT,0.8364,963798,0.8363,688354,0.8365,977362,0.8366,1132595
1753547045703,16:24:05.703,ADA/USDT:USDT,0.8364,963798,0.8363,688354,0.8365,977362,0.8366,840090
1753547045801,16:24:05.801,ADA/USDT:USDT,0.8364,963798,0.8363,688354,0.8365,977362,0.8366,1299254
1753547046108,16:24:06.108,ADA/USDT:USDT,0.8364,963798,0.8363,688354,0.8365,977362,0.8366,1299254
1753547046305,16:24:06.305,ADA/USDT:USDT,0.8364,963798,0.8363,688354,0.8365,977362,0.8366,1180585
1753547046525,16:24:06.525,ADA/USDT:USDT,0.8364,963798,0.8363,688354,0.8365,977362,0.8366,1180585
1753547046707,16:24:06.707,ADA/USDT:USDT,0.8364,963798,0.8363,688354,0.8365,977362,0.8366,840090
1753547046803,16:24:06.803,ADA/USDT:USDT,0.8364,963798,0.8363,688354,0.8365,977362,0.8366,1246391
1753547047183,16:24:07.183,ADA/USDT:USDT,0.8364,963798,0.8363,688354,0.8365,977362,0.8366,1246391
1753547047377,16:24:07.377,ADA/USDT:USDT,0.8364,963798,0.8363,688354,0.8365,977362,0.8366,840090
1753547047611,16:24:07.611,ADA/USDT:USDT,0.8364,963798,0.8363,688354,0.8365,977362,0.8366,840090
1753547047804,16:24:07.804,ADA/USDT:USDT,0.8364,962776,0.8363,688354,0.8365,977362,0.8366,840090
1753547048036,16:24:08.036,ADA/USDT:USDT,0.8364,962776,0.8363,688354,0.8365,977362,0.8366,840090
1753547048304,16:24:08.304,ADA/USDT:USDT,0.8364,962776,0.8363,1046973,0.8365,977362,0.8366,840090
1753547048304,16:24:08.304,ADA/USDT:USDT,0.8364,962776,0.8363,1046973,0.8365,977362,0.8366,840090
1753547048707,16:24:08.707,ADA/USDT:USDT,0.8364,962776,0.8363,1106976,0.8365,977362,0.8366,840090
1753547048804,16:24:08.804,ADA/USDT:USDT,0.8364,962776,0.8363,1106976,0.8365,977362,0.8366,1181520
1753547049111,16:24:09.111,ADA/USDT:USDT,0.8364,962776,0.8363,688354,0.8365,977362,0.8366,1181520
1753547049307,16:24:09.307,ADA/USDT:USDT,0.8364,929738,0.8363,706346,0.8365,767736,0.8366,903020
1753547049343,16:24:09.343,ADA/USDT:USDT,0.8364,929738,0.8363,706346,0.8365,767736,0.8366,903020
1753547049805,16:24:09.805,ADA/USDT:USDT,0.8364,929738,0.8363,706346,0.8365,767736,0.8366,1136120
1753547049805,16:24:09.805,ADA/USDT:USDT,0.8364,929738,0.8363,706346,0.8365,767736,0.8366,1136120
1753547050307,16:24:10.307,ADA/USDT:USDT,0.8364,929738,0.8363,850426,0.8365,767736,0.8366,1031682
1753547050322,16:24:10.322,ADA/USDT:USDT,0.8364,929738,0.8363,850426,0.8365,767736,0.8366,1361925
1753547050710,16:24:10.710,ADA/USDT:USDT,0.8364,924482,0.8363,706346,0.8365,767736,0.8366,1361925
1753547050806,16:24:10.806,ADA/USDT:USDT,0.8364,924482,0.8363,706346,0.8365,767736,0.8366,1010528
1753547051113,16:24:11.113,ADA/USDT:USDT,0.8364,924482,0.8363,706346,0.8365,767736,0.8366,1010528
1753547051307,16:24:11.307,ADA/USDT:USDT,0.8364,924482,0.8363,706346,0.8365,767736,0.8366,903020
1753547051318,16:24:11.318,ADA/USDT:USDT,0.8364,924482,0.8363,706346,0.8365,767736,0.8366,903020
1753547051804,16:24:11.804,ADA/USDT:USDT,0.8364,924482,0.8363,706346,0.8365,767736,0.8366,903020
1753547051930,16:24:11.930,ADA/USDT:USDT,0.8364,924482,0.8363,706346,0.8365,767736,0.8366,1251907
1753547052208,16:24:12.208,ADA/USDT:USDT,0.8364,924482,0.8363,706346,0.8365,767736,0.8366,1251907
1753547052402,16:24:12.402,ADA/USDT:USDT,0.8365,795132,0.8364,924482,0.8366,894974,0.8367,915867
1753547052628,16:24:12.628,ADA/USDT:USDT,0.8365,795132,0.8364,924482,0.8366,894507,0.8367,915867
1753547052805,16:24:12.805,ADA/USDT:USDT,0.8365,795132,0.8364,1359428,0.8366,894507,0.8367,795334
1753547053112,16:24:13.112,ADA/USDT:USDT,0.8365,795132,0.8364,924482,0.8366,894507,0.8367,795334
1753547053307,16:24:13.307,ADA/USDT:USDT,0.8365,794976,0.8364,1291873,0.8366,894507,0.8367,688990
1753547053565,16:24:13.565,ADA/USDT:USDT,0.8365,794976,0.8364,1291873,0.8366,894507,0.8367,688990
1753547053709,16:24:13.709,ADA/USDT:USDT,0.8365,794976,0.8364,1129978,0.8366,894507,0.8367,688990
1753547053804,16:24:13.804,ADA/USDT:USDT,0.8365,794976,0.8364,1129978,0.8366,894507,0.8367,688990
1753547054214,16:24:14.214,ADA/USDT:USDT,0.8365,794976,0.8364,924482,0.8366,894507,0.8367,688990
1753547054306,16:24:14.306,ADA/USDT:USDT,0.8365,794976,0.8364,1031143,0.8366,894507,0.8367,688990
1753547054613,16:24:14.613,ADA/USDT:USDT,0.8365,794976,0.8364,924482,0.8366,894507,0.8367,688990
1753547054808,16:24:14.808,ADA/USDT:USDT,0.8365,794951,0.8364,924482,0.8366,894507,0.8367,688990
1753547055097,16:24:15.097,ADA/USDT:USDT,0.8365,794951,0.8364,924482,0.8366,886807,0.8367,688990
1753547055299,16:24:15.299,ADA/USDT:USDT,0.8366,1003090,0.8365,1083599,0.8367,688990,0.8368,912603
1753547055309,16:24:15.309,ADA/USDT:USDT,0.8365,794951,0.8364,924482,0.8366,795769,0.8367,688990
1753547055703,16:24:15.703,ADA/USDT:USDT,0.8365,794951,0.8364,924482,0.8366,790843,0.8367,688990
1753547055807,16:24:15.807,ADA/USDT:USDT,0.8365,794951,0.8364,924482,0.8366,790843,0.8367,688990
1753547055916,16:24:15.916,ADA/USDT:USDT,0.8365,794951,0.8364,924482,0.8366,790843,0.8367,688990
1753547056306,16:24:16.306,ADA/USDT:USDT,0.8365,794951,0.8364,1261527,0.8366,790736,0.8367,688990
1753547056611,16:24:16.611,ADA/USDT:USDT,0.8365,794951,0.8364,1261527,0.8366,790736,0.8367,688990
1753547056807,16:24:16.807,ADA/USDT:USDT,0.8365,794951,0.8364,924482,0.8366,790736,0.8367,905986
1753547057116,16:24:17.116,ADA/USDT:USDT,0.8365,794951,0.8364,924482,0.8366,790736,0.8367,905986
1753547057308,16:24:17.308,ADA/USDT:USDT,0.8365,794951,0.8364,924482,0.8366,790736,0.8367,927992
1753547057348,16:24:17.348,ADA/USDT:USDT,0.8365,794521,0.8364,924482,0.8366,790736,0.8367,927992
1753547057712,16:24:17.712,ADA/USDT:USDT,0.8365,794215,0.8364,1044137,0.8366,790736,0.8367,688990
1753547057979,16:24:17.979,ADA/USDT:USDT,0.8366,944255,0.8365,794215,0.8367,688990,0.8368,912603
1753547058054,16:24:18.054,ADA/USDT:USDT,0.8366,927004,0.8365,794215,0.8367,688990,0.8368,912603
1753547058365,16:24:18.365,ADA/USDT:USDT,0.8366,927004,0.8365,794215,0.8367,856037,0.8368,912495
1753547058662,16:24:18.662,ADA/USDT:USDT,0.8366,927004,0.8365,794215,0.8367,856037,0.8368,912495
1753547058808,16:24:18.808,ADA/USDT:USDT,0.8366,927004,0.8365,1121799,0.8367,856037,0.8368,1155615
1753547059114,16:24:19.114,ADA/USDT:USDT,0.8366,927004,0.8365,1121799,0.8367,856037,0.8368,1155615
1753547059212,16:24:19.212,ADA/USDT:USDT,0.8366,927004,0.8365,794215,0.8367,856037,0.8368,912495
1753547059512,16:24:19.512,ADA/USDT:USDT,0.8367,693804,0.8366,927004,0.8368,912495,0.8369,722529
1753547059711,16:24:19.711,ADA/USDT:USDT,0.8365,794215,0.8364,924482,0.8366,861248,0.8367,943729
1753547059837,16:24:19.837,ADA/USDT:USDT,0.8365,792215,0.8364,1064918,0.8366,861248,0.8367,943729
1753547060116,16:24:20.116,ADA/USDT:USDT,0.8365,792215,0.8364,1064918,0.8366,861248,0.8367,943729
1753547060309,16:24:20.309,ADA/USDT:USDT,0.8365,792215,0.8364,1010992,0.8366,861058,0.8367,943729
1753547060614,16:24:20.614,ADA/USDT:USDT,0.8365,792215,0.8364,1010992,0.8366,861058,0.8367,943729
1753547060809,16:24:20.809,ADA/USDT:USDT,0.8365,792215,0.8364,1231263,0.8366,860330,0.8367,1254769
1753547061116,16:24:21.116,ADA/USDT:USDT,0.8365,792215,0.8364,1231263,0.8366,860330,0.8367,1254769
1753547061311,16:24:21.311,ADA/USDT:USDT,0.8365,792215,0.8364,924482,0.8366,860186,0.8367,1440390
1753547061542,16:24:21.542,ADA/USDT:USDT,0.8365,792215,0.8364,924482,0.8366,859986,0.8367,1440390
1753547061810,16:24:21.810,ADA/USDT:USDT,0.8365,792215,0.8364,924482,0.8366,859986,0.8367,943729
1753547061822,16:24:21.822,ADA/USDT:USDT,0.8365,792215,0.8364,924482,0.8366,859986,0.8367,943729
1753547062213,16:24:22.213,ADA/USDT:USDT,0.8365,792215,0.8364,924482,0.8366,859986,0.8367,943729
1753547062387,16:24:22.387,ADA/USDT:USDT,0.8363,706346,0.8362,788048,0.8364,946035,0.8365,911807
1753547062713,16:24:22.713,ADA/USDT:USDT,0.8363,706346,0.8362,949238,0.8364,946035,0.8365,911807
1753547062810,16:24:22.810,ADA/USDT:USDT,0.8363,706346,0.8362,1363104,0.8364,946035,0.8365,1277413
1753547063128,16:24:23.128,ADA/USDT:USDT,0.8363,706346,0.8362,788048,0.8364,946035,0.8365,1277413
1753547063364,16:24:23.364,ADA/USDT:USDT,0.8363,706346,0.8362,788048,0.8364,946035,0.8365,911807
1753547063600,16:24:23.600,ADA/USDT:USDT,0.8363,706346,0.8362,788048,0.8364,946035,0.8365,911807
1753547063810,16:24:23.810,ADA/USDT:USDT,0.8364,687968,0.8363,706346,0.8365,911807,0.8366,1188852
1753547063925,16:24:23.925,ADA/USDT:USDT,0.8364,687968,0.8363,706346,0.8365,911417,0.8366,1188852
1753547064214,16:24:24.214,ADA/USDT:USDT,0.8364,687968,0.8363,706346,0.8365,911417,0.8366,1188852
1753547064388,16:24:24.388,ADA/USDT:USDT,0.8364,684619,0.8363,706346,0.8365,911417,0.8366,859986
1753547064619,16:24:24.619,ADA/USDT:USDT,0.8364,684619,0.8363,706346,0.8365,911417,0.8366,859986
1753547064812,16:24:24.812,ADA/USDT:USDT,0.8364,684619,0.8363,919335,0.8365,911417,0.8366,1183117
1753547065084,16:24:25.084,ADA/USDT:USDT,0.8364,684619,0.8363,919335,0.8365,911417,0.8366,1183117
1753547065283,16:24:25.283,ADA/USDT:USDT,0.8364,684619,0.8363,706346,0.8365,909742,0.8366,859986
1753547065311,16:24:25.311,ADA/USDT:USDT,0.8364,684619,0.8363,706346,0.8365,909742,0.8366,859986
1753547065716,16:24:25.716,ADA/USDT:USDT,0.8363,706346,0.8362,1115229,0.8364,884283,0.8365,909742
1753547065813,16:24:25.813,ADA/USDT:USDT,0.8363,705733,0.8362,1306366,0.8364,884283,0.8365,1012424
1753547066120,16:24:26.120,ADA/USDT:USDT,0.8363,705733,0.8362,979185,0.8364,884283,0.8365,1012424
1753547066314,16:24:26.314,ADA/USDT:USDT,0.8363,705733,0.8362,1136880,0.8364,884283,0.8365,909742
1753547066558,16:24:26.558,ADA/USDT:USDT,0.8363,705733,0.8362,1136880,0.8364,884283,0.8365,909742
1753547066717,16:24:26.717,ADA/USDT:USDT,0.8364,951909,0.8363,705733,0.8365,909742,0.8366,859986
1753547066878,16:24:26.878,ADA/USDT:USDT,0.8364,951909,0.8363,705733,0.8365,909742,0.8366,1217569
1753547067216,16:24:27.216,ADA/USDT:USDT,0.8364,951909,0.8363,705733,0.8365,909742,0.8366,1217569
1753547067313,16:24:27.313,ADA/USDT:USDT,0.8364,951909,0.8363,705733,0.8365,909742,0.8366,1291535
1753547067621,16:24:27.621,ADA/USDT:USDT,0.8364,951909,0.8363,705733,0.8365,909742,0.8366,1291535
1753547067812,16:24:27.812,ADA/USDT:USDT,0.8364,951909,0.8363,705733,0.8365,892353,0.8366,1001565
1753547068061,16:24:28.061,ADA/USDT:USDT,0.8364,951909,0.8363,705733,0.8365,892353,0.8366,1001565
1753547068218,16:24:28.218,ADA/USDT:USDT,0.8364,951909,0.8363,705733,0.8365,892353,0.8366,859986
1753547068314,16:24:28.314,ADA/USDT:USDT,0.8364,951909,0.8363,705733,0.8365,892353,0.8366,1074622
1753547068716,16:24:28.716,ADA/USDT:USDT,0.8364,951909,0.8363,705733,0.8365,892353,0.8366,1074622
1753547068814,16:24:28.814,ADA/USDT:USDT,0.8364,951909,0.8363,878795,0.8365,892353,0.8366,859986
1753547069125,16:24:29.125,ADA/USDT:USDT,0.8364,951909,0.8363,878795,0.8365,892353,0.8366,859986
1753547069313,16:24:29.313,ADA/USDT:USDT,0.8364,951909,0.8363,979961,0.8365,892353,0.8366,859986
1753547069529,16:24:29.529,ADA/USDT:USDT,0.8365,880280,0.8364,951909,0.8366,859986,0.8367,943729
1753547069718,16:24:29.718,ADA/USDT:USDT,0.8365,880280,0.8364,1177909,0.8366,859986,0.8367,943729
1753547069874,16:24:29.874,ADA/USDT:USDT,0.8365,880280,0.8364,1177909,0.8366,859986,0.8367,943729
1753547070216,16:24:30.216,ADA/USDT:USDT,0.8365,880280,0.8364,951909,0.8366,859986,0.8367,943729
1753547070401,16:24:30.401,ADA/USDT:USDT,0.8365,880280,0.8364,1174657,0.8366,859986,0.8367,1239444
1753547070621,16:24:30.621,ADA/USDT:USDT,0.8365,880280,0.8364,951909,0.8366,859986,0.8367,1239444
1753547070814,16:24:30.814,ADA/USDT:USDT,0.8365,880280,0.8364,951909,0.8366,859986,0.8367,1197716
1753547070822,16:24:30.822,ADA/USDT:USDT,0.8365,880280,0.8364,951909,0.8366,859986,0.8367,1197716
1753547071216,16:24:31.216,ADA/USDT:USDT,0.8365,880280,0.8364,951909,0.8366,859986,0.8367,943729
1753547071314,16:24:31.314,ADA/USDT:USDT,0.8365,880280,0.8364,951909,0.8366,859986,0.8367,1312361
1753547071719,16:24:31.719,ADA/USDT:USDT,0.8365,880280,0.8364,951909,0.8366,859986,0.8367,943729
1753547071904,16:24:31.904,ADA/USDT:USDT,0.8365,880280,0.8364,951909,0.8366,859986,0.8367,943729
1753547072124,16:24:32.124,ADA/USDT:USDT,0.8365,880280,0.8364,951909,0.8366,859986,0.8367,943729
1753547072315,16:24:32.315,ADA/USDT:USDT,0.8364,951790,0.8363,909205,0.8365,930629,0.8366,859986
1753547072624,16:24:32.624,ADA/USDT:USDT,0.8364,951790,0.8363,705733,0.8365,930629,0.8366,859986
1753547072815,16:24:32.815,ADA/USDT:USDT,0.8364,951790,0.8363,705733,0.8365,930629,0.8366,859986
1753547073121,16:24:33.121,ADA/USDT:USDT,0.8364,951790,0.8363,705733,0.8365,930629,0.8366,859986
1753547073321,16:24:33.321,ADA/USDT:USDT,0.8364,951790,0.8363,705733,0.8365,930629,0.8366,1267112
1753547073494,16:24:33.494,ADA/USDT:USDT,0.8364,951790,0.8363,705733,0.8365,930629,0.8366,1267112
1753547073719,16:24:33.719,ADA/USDT:USDT,0.8364,951790,0.8363,705733,0.8365,930629,0.8366,859986
1753547073822,16:24:33.822,ADA/USDT:USDT,0.8365,792370,0.8364,951790,0.8366,859986,0.8367,943729
1753547074219,16:24:34.219,ADA/USDT:USDT,0.8365,791928,0.8364,951790,0.8366,859986,0.8367,943729
1753547074322,16:24:34.322,ADA/USDT:USDT,0.8365,790589,0.8364,951790,0.8366,859986,0.8367,943729
1753547074623,16:24:34.623,ADA/USDT:USDT,0.8365,790499,0.8364,951790,0.8366,859986,0.8367,943729
1753547074815,16:24:34.815,ADA/USDT:USDT,0.8365,790499,0.8364,951790,0.8366,859986,0.8367,943729
1753547075043,16:24:35.043,ADA/USDT:USDT,0.8365,790499,0.8364,951790,0.8366,859986,0.8367,943729
1753547075221,16:24:35.221,ADA/USDT:USDT,0.8365,790499,0.8364,1417294,0.8366,859986,0.8367,943729
1753547075495,16:24:35.495,ADA/USDT:USDT,0.8365,790499,0.8364,1417294,0.8366,859986,0.8367,1043160
1753547075651,16:24:35.651,ADA/USDT:USDT,0.8366,1002558,0.8365,790499,0.8367,939937,0.8368,912495
1753547075819,16:24:35.819,ADA/USDT:USDT,0.8367,953195,0.8366,1002558,0.8368,912495,0.8369,722529
1753547076031,16:24:36.031,ADA/USDT:USDT,0.8367,953195,0.8366,1002558,0.8368,903782,0.8369,722529
1753547076364,16:24:36.364,ADA/USDT:USDT,0.8367,953195,0.8366,1002558,0.8368,853782,0.8369,722529
1753547076629,16:24:36.629,ADA/USDT:USDT,0.8367,953195,0.8366,1002558,0.8368,853782,0.8369,722529
1753547076817,16:24:36.817,ADA/USDT:USDT,0.8367,953195,0.8366,1123405,0.8368,853782,0.8369,722529
1753547076967,16:24:36.967,ADA/USDT:USDT,0.8367,953195,0.8366,1123405,0.8368,853782,0.8369,722529
1753547077294,16:24:37.294,ADA/USDT:USDT,0.8367,953195,0.8366,1180952,0.8368,852782,0.8369,722529
1753547077318,16:24:37.318,ADA/USDT:USDT,0.8367,953195,0.8366,1180952,0.8368,852782,0.8369,722529
1753547077722,16:24:37.722,ADA/USDT:USDT,0.8368,872941,0.8367,953195,0.8369,722529,0.837,731839
1753547077817,16:24:37.817,ADA/USDT:USDT,0.8368,872941,0.8367,953195,0.8369,722529,0.837,859239
1753547078126,16:24:38.126,ADA/USDT:USDT,0.8368,872941,0.8367,953195,0.8369,722529,0.837,859239
1753547078318,16:24:38.318,ADA/USDT:USDT,0.8368,872941,0.8367,953195,0.8369,722529,0.837,1068030
1753547078420,16:24:38.420,ADA/USDT:USDT,0.8368,872941,0.8367,953195,0.8369,722529,0.837,1068030
1753547078722,16:24:38.722,ADA/USDT:USDT,0.8368,872941,0.8367,953195,0.8369,722529,0.837,731839
1753547078940,16:24:38.940,ADA/USDT:USDT,0.8368,872629,0.8367,953195,0.8369,722529,0.837,731839
1753547079219,16:24:39.219,ADA/USDT:USDT,0.8368,872629,0.8367,953195,0.8369,722529,0.837,731839
1753547079322,16:24:39.322,ADA/USDT:USDT,0.8368,872629,0.8367,953195,0.8369,722529,0.837,1196149
1753547079626,16:24:39.626,ADA/USDT:USDT,0.8368,872629,0.8367,953195,0.8369,722529,0.837,1196149
1753547079817,16:24:39.817,ADA/USDT:USDT,0.8368,872629,0.8367,953195,0.8369,722529,0.837,731839
1753547080061,16:24:40.061,ADA/USDT:USDT,0.8368,872437,0.8367,953195,0.8369,720315,0.837,731839
1753547080256,16:24:40.256,ADA/USDT:USDT,0.8367,953195,0.8366,1002558,0.8368,733021,0.8369,720315
1753547080463,16:24:40.463,ADA/USDT:USDT,0.8367,953195,0.8366,1002558,0.8368,733021,0.8369,720315
1753547080576,16:24:40.576,ADA/USDT:USDT,0.8366,1002558,0.8365,790499,0.8367,689750,0.8368,733021
1753547080882,16:24:40.882,ADA/USDT:USDT,0.8366,1002558,0.8365,1055320,0.8367,689750,0.8368,733021
1753547080912,16:24:40.912,ADA/USDT:USDT,0.8366,1002443,0.8365,1055320,0.8367,689750,0.8368,733021
1753547081318,16:24:41.318,ADA/USDT:USDT,0.8367,676841,0.8366,1001492,0.8368,733021,0.8369,720315
1753547081457,16:24:41.457,ADA/USDT:USDT,0.8367,676841,0.8366,1001492,0.8368,733021,0.8369,720315
1753547081721,16:24:41.721,ADA/USDT:USDT,0.8367,676841,0.8366,1001492,0.8368,733021,0.8369,720315
1753547081896,16:24:41.896,ADA/USDT:USDT,0.8367,676841,0.8366,1397788,0.8368,733021,0.8369,802904
1753547082123,16:24:42.123,ADA/USDT:USDT,0.8367,676841,0.8366,1001492,0.8368,733021,0.8369,802904
1753547082317,16:24:42.317,ADA/USDT:USDT,0.8367,676841,0.8366,1001492,0.8368,733021,0.8369,720315
1753547082431,16:24:42.431,ADA/USDT:USDT,0.8368,811715,0.8367,676841,0.8369,720315,0.837,731839
1753547082817,16:24:42.817,ADA/USDT:USDT,0.8368,811715,0.8367,989969,0.8369,720315,0.837,731839
1753547082817,16:24:42.817,ADA/USDT:USDT,0.8368,811715,0.8367,989969,0.8369,720315,0.837,731839
1753547083220,16:24:43.220,ADA/USDT:USDT,0.8368,811715,0.8367,676841,0.8369,720315,0.837,731839
1753547083386,16:24:43.386,ADA/USDT:USDT,0.8368,811715,0.8367,1087071,0.8369,720315,0.837,731839
1753547083630,16:24:43.630,ADA/USDT:USDT,0.8368,811715,0.8367,676841,0.8369,720315,0.837,731839
1753547083817,16:24:43.817,ADA/USDT:USDT,0.8368,810715,0.8367,676841,0.8369,720315,0.837,731839
1753547083973,16:24:43.973,ADA/USDT:USDT,0.8368,810631,0.8367,676841,0.8369,720315,0.837,731839
1753547084317,16:24:44.317,ADA/USDT:USDT,0.8368,810631,0.8367,1038876,0.8369,720315,0.837,731839
1753547084317,16:24:44.317,ADA/USDT:USDT,0.8368,810631,0.8367,1038876,0.8369,720315,0.837,914884
1753547084720,16:24:44.720,ADA/USDT:USDT,0.8368,810631,0.8367,676841,0.8369,720315,0.837,914884
1753547084856,16:24:44.856,ADA/USDT:USDT,0.8368,810237,0.8367,676841,0.8369,720315,0.837,731839
1753547085028,16:24:45.028,ADA/USDT:USDT,0.8368,810237,0.8367,676841,0.8369,720315,0.837,731839
1753547085317,16:24:45.317,ADA/USDT:USDT,0.8368,810237,0.8367,676841,0.8369,720315,0.837,731839
1753547085626,16:24:45.626,ADA/USDT:USDT,0.8368,810237,0.8367,676841,0.8369,720315,0.837,731839
1753547085819,16:24:45.819,ADA/USDT:USDT,0.8368,810237,0.8367,676841,0.8369,720315,0.837,731839
1753547086128,16:24:46.128,ADA/USDT:USDT,0.8368,810237,0.8367,676841,0.8369,720315,0.837,731839
1753547086322,16:24:46.322,ADA/USDT:USDT,0.8368,810237,0.8367,676841,0.8369,720315,0.837,914946
1753547086572,16:24:46.572,ADA/USDT:USDT,0.8368,810237,0.8367,676841,0.8369,720315,0.837,914946
1753547086798,16:24:46.798,ADA/USDT:USDT,0.8368,810237,0.8367,1066284,0.8369,720315,0.837,731839
1753547086912,16:24:46.912,ADA/USDT:USDT,0.8368,810237,0.8367,1066284,0.8369,720129,0.837,731839
1753547087223,16:24:47.223,ADA/USDT:USDT,0.8368,810237,0.8367,676841,0.8369,720129,0.837,731839
1753547087416,16:24:47.416,ADA/USDT:USDT,0.8368,810237,0.8367,990667,0.8369,720129,0.837,967955
1753547087627,16:24:47.627,ADA/USDT:USDT,0.8367,676841,0.8366,1001492,0.8368,782337,0.8369,720129
1753547087819,16:24:47.819,ADA/USDT:USDT,0.8367,676841,0.8366,1001492,0.8368,782337,0.8369,830573
1753547088113,16:24:48.113,ADA/USDT:USDT,0.8367,676841,0.8366,1001492,0.8368,782337,0.8369,830573
1753547088296,16:24:48.296,ADA/USDT:USDT,0.8368,841008,0.8367,676841,0.8369,720129,0.837,731839
1753547088339,16:24:48.339,ADA/USDT:USDT,0.8368,841008,0.8367,676841,0.8369,720129,0.837,731839
1753547088722,16:24:48.722,ADA/USDT:USDT,0.8368,841008,0.8367,676841,0.8369,720129,0.837,731839
1753547088818,16:24:48.818,ADA/USDT:USDT,0.8368,841008,0.8367,676841,0.8369,720129,0.837,902566
1753547089178,16:24:49.178,ADA/USDT:USDT,0.8368,841008,0.8367,676841,0.8369,720129,0.837,902566
1753547089320,16:24:49.320,ADA/USDT:USDT,0.8368,841008,0.8367,676841,0.8369,720129,0.837,1101317
1753547089658,16:24:49.658,ADA/USDT:USDT,0.8368,841008,0.8367,676841,0.8369,712932,0.837,1101317
1753547089820,16:24:49.820,ADA/USDT:USDT,0.8368,841008,0.8367,676841,0.8369,712932,0.837,975445
1753547090180,16:24:50.180,ADA/USDT:USDT,0.8368,841008,0.8367,676841,0.8369,712932,0.837,975445
1753547090321,16:24:50.321,ADA/USDT:USDT,0.8369,934241,0.8368,841008,0.837,731839,0.8371,722169
1753547090421,16:24:50.421,ADA/USDT:USDT,0.8369,934241,0.8368,841008,0.837,731839,0.8371,722169
1753547090821,16:24:50.821,ADA/USDT:USDT,0.8369,934241,0.8368,841008,0.837,731839,0.8371,722169
1753547091179,16:24:51.179,ADA/USDT:USDT,0.8369,934241,0.8368,841008,0.837,731839,0.8371,722169
1753547091350,16:24:51.350,ADA/USDT:USDT,0.8369,934241,0.8368,841008,0.837,731839,0.8371,722169
1753547091635,16:24:51.635,ADA/USDT:USDT,0.8369,934241,0.8368,841008,0.837,731839,0.8371,722169
1753547091821,16:24:51.821,ADA/USDT:USDT,0.8369,934241,0.8368,1020367,0.837,731839,0.8371,722169
1753547092181,16:24:52.181,ADA/USDT:USDT,0.8369,934241,0.8368,1020367,0.837,731839,0.8371,722169
1753547092325,16:24:52.325,ADA/USDT:USDT,0.8369,928144,0.8368,1095993,0.837,729487,0.8371,722169
1753547092487,16:24:52.487,ADA/USDT:USDT,0.8369,928144,0.8368,1095993,0.837,729487,0.8371,722169
1753547092821,16:24:52.821,ADA/USDT:USDT,0.8369,927858,0.8368,1070238,0.837,729487,0.8371,722169
1753547093013,16:24:53.013,ADA/USDT:USDT,0.8369,927858,0.8368,1070238,0.837,729487,0.8371,722169
1753547093225,16:24:53.225,ADA/USDT:USDT,0.8369,927858,0.8368,841008,0.837,729487,0.8371,722169
1753547093322,16:24:53.322,ADA/USDT:USDT,0.8369,927858,0.8368,1194380,0.837,729487,0.8371,811079
1753547093683,16:24:53.683,ADA/USDT:USDT,0.8369,927858,0.8368,1194380,0.837,729487,0.8371,811079
1753547093822,16:24:53.822,ADA/USDT:USDT,0.8369,927858,0.8368,841008,0.837,729487,0.8371,722169
1753547094051,16:24:54.051,ADA/USDT:USDT,0.8369,927858,0.8368,841008,0.837,729487,0.8371,722169
1753547094325,16:24:54.325,ADA/USDT:USDT,0.8369,927858,0.8368,1106391,0.837,729487,0.8371,722169
1753547094678,16:24:54.678,ADA/USDT:USDT,0.8369,927858,0.8368,1106391,0.837,729487,0.8371,722169
1753547094821,16:24:54.821,ADA/USDT:USDT,0.8369,927858,0.8368,1000077,0.837,729487,0.8371,1021646
1753547094891,16:24:54.891,ADA/USDT:USDT,0.8369,927858,0.8368,1000077,0.837,729487,0.8371,1021646
1753547095313,16:24:55.313,ADA/USDT:USDT,0.8369,927858,0.8368,841008,0.837,1495851,0.8371,722169
1753547095364,16:24:55.364,ADA/USDT:USDT,0.8369,758716,0.8368,817811,0.837,766364,0.8371,926080
1753547095743,16:24:55.743,ADA/USDT:USDT,0.8369,758716,0.8368,817811,0.837,766364,0.8371,926080
1753547095823,16:24:55.823,ADA/USDT:USDT,0.8369,758716,0.8368,1002710,0.837,766364,0.8371,926080
1753547096181,16:24:56.181,ADA/USDT:USDT,0.8369,758716,0.8368,817811,0.837,766364,0.8371,926080
1753547096323,16:24:56.323,ADA/USDT:USDT,0.8369,758716,0.8368,817811,0.837,766364,0.8371,926080
1753547096572,16:24:56.572,ADA/USDT:USDT,0.8369,758716,0.8368,817811,0.837,766364,0.8371,926080
1753547096824,16:24:56.824,ADA/USDT:USDT,0.8368,817811,0.8367,708775,0.8369,958836,0.837,904583
1753547097095,16:24:57.095,ADA/USDT:USDT,0.8368,817811,0.8367,708775,0.8369,958836,0.837,904583
1753547097324,16:24:57.324,ADA/USDT:USDT,0.8368,817811,0.8367,708775,0.8369,958836,0.837,1085212
1753547097431,16:24:57.431,ADA/USDT:USDT,0.8368,817811,0.8367,708775,0.8369,958836,0.837,1085212
1753547097780,16:24:57.780,ADA/USDT:USDT,0.8369,758079,0.8368,817811,0.837,766364,0.8371,926080
1753547097825,16:24:57.825,ADA/USDT:USDT,0.8369,758079,0.8368,817811,0.837,766364,0.8371,926080
1753547098183,16:24:58.183,ADA/USDT:USDT,0.8369,758079,0.8368,817811,0.837,766364,0.8371,926080
1753547098332,16:24:58.332,ADA/USDT:USDT,0.8369,758079,0.8368,817811,0.837,766364,0.8371,926080
1753547098657,16:24:58.657,ADA/USDT:USDT,0.8369,758079,0.8368,817811,0.837,765772,0.8371,926080
1753547098826,16:24:58.826,ADA/USDT:USDT,0.8369,758079,0.8368,817811,0.837,763958,0.8371,1432640
1753547099127,16:24:59.127,ADA/USDT:USDT,0.8369,754914,0.8368,817811,0.837,763958,0.8371,1432640
1753547099326,16:24:59.326,ADA/USDT:USDT,0.8369,754914,0.8368,817811,0.837,763958,0.8371,926080
1753547099494,16:24:59.494,ADA/USDT:USDT,0.8369,727767,0.8368,817811,0.837,763958,0.8371,926080
1753547099729,16:24:59.729,ADA/USDT:USDT,0.8369,727767,0.8368,817811,0.837,763958,0.8371,926080
1753547099833,16:24:59.833,ADA/USDT:USDT,0.8369,727767,0.8368,817811,0.837,763958,0.8371,1289421
1753547100149,16:25:00.149,ADA/USDT:USDT,0.8368,817811,0.8367,708775,0.8369,784949,0.837,763958
1753547100365,16:25:00.365,ADA/USDT:USDT,0.8367,708775,0.8366,907997,0.8368,862362,0.8369,1151775
1753547100393,16:25:00.393,ADA/USDT:USDT,0.8367,708775,0.8366,907997,0.8368,862362,0.8369,1151775
1753547100783,16:25:00.783,ADA/USDT:USDT,0.8368,749478,0.8367,708775,0.8369,784949,0.837,763958
1753547100916,16:25:00.916,ADA/USDT:USDT,0.8369,974190,0.8368,749478,0.837,763958,0.8371,926080
1753547101126,16:25:01.126,ADA/USDT:USDT,0.837,945137,0.8369,974190,0.8371,926080,0.8372,915120
1753547101466,16:25:01.466,ADA/USDT:USDT,0.837,945137,0.8369,1158002,0.8371,926080,0.8372,915120
1753547101683,16:25:01.683,ADA/USDT:USDT,0.837,945137,0.8369,1158002,0.8371,926080,0.8372,915120
1753547101829,16:25:01.829,ADA/USDT:USDT,0.837,945137,0.8369,974190,0.8371,926080,0.8372,915120
1753547102093,16:25:02.093,ADA/USDT:USDT,0.837,945137,0.8369,974190,0.8371,926080,0.8372,915120
1753547102280,16:25:02.280,ADA/USDT:USDT,0.8371,827648,0.837,1563897,0.8372,915120,0.8373,686780
1753547102441,16:25:02.441,ADA/USDT:USDT,0.8371,820958,0.837,1563897,0.8372,904688,0.8373,686780
1753547102731,16:25:02.731,ADA/USDT:USDT,0.8371,820958,0.837,945137,0.8372,904688,0.8373,686780
1753547102828,16:25:02.828,ADA/USDT:USDT,0.8371,820958,0.837,1036572,0.8372,904688,0.8373,915214
1753547103184,16:25:03.184,ADA/USDT:USDT,0.8371,820958,0.837,1036572,0.8372,904688,0.8373,915214
1753547103380,16:25:03.380,ADA/USDT:USDT,0.8371,820958,0.837,945137,0.8372,904688,0.8373,802437
1753547103587,16:25:03.587,ADA/USDT:USDT,0.8372,821249,0.8371,820958,0.8373,686780,0.8374,916526
1753547103781,16:25:03.781,ADA/USDT:USDT,0.8372,821249,0.8371,820958,0.8373,686780,0.8374,916526
1753547103994,16:25:03.994,ADA/USDT:USDT,0.8372,821047,0.8371,820958,0.8373,684699,0.8374,916526
1753547104194,16:25:04.194,ADA/USDT:USDT,0.837,945137,0.8369,974190,0.8371,839561,0.8372,715763
1753547104395,16:25:04.395,ADA/USDT:USDT,0.8368,749478,0.8367,708775,0.8369,926014,0.837,688027
1753547104584,16:25:04.584,ADA/USDT:USDT,0.8365,867854,0.8364,927264,0.8366,981126,0.8367,902048
1753547104782,16:25:04.782,ADA/USDT:USDT,0.8365,867854,0.8364,1057915,0.8366,981126,0.8367,902048
1753547104918,16:25:04.918,ADA/USDT:USDT,0.8365,867854,0.8364,1057915,0.8366,981126,0.8367,902048
1753547105280,16:25:05.280,ADA/USDT:USDT,0.8364,927264,0.8363,775645,0.8365,691413,0.8366,981126
1753547105400,16:25:05.400,ADA/USDT:USDT,0.8364,927264,0.8363,775645,0.8365,676413,0.8366,981126
1753547105697,16:25:05.697,ADA/USDT:USDT,0.8363,799317,0.8362,756290,0.8364,991664,0.8365,676413
1753547105827,16:25:05.827,ADA/USDT:USDT,0.8365,879866,0.8364,671456,0.8366,981126,0.8367,902048
1753547106185,16:25:06.185,ADA/USDT:USDT,0.8365,879866,0.8364,671456,0.8366,981126,0.8367,902048
1753547106380,16:25:06.380,ADA/USDT:USDT,0.8365,879866,0.8364,971427,0.8366,981126,0.8367,902048
1753547106559,16:25:06.559,ADA/USDT:USDT,0.8365,879866,0.8364,971427,0.8366,981126,0.8367,902048
1753547106796,16:25:06.796,ADA/USDT:USDT,0.8368,941329,0.8367,855127,0.8369,925895,0.837,688027
1753547107027,16:25:07.027,ADA/USDT:USDT,0.8368,941329,0.8367,855127,0.8369,925895,0.837,688027
1753547107230,16:25:07.230,ADA/USDT:USDT,0.8368,941329,0.8367,855127,0.8369,925895,0.837,688027
1753547107347,16:25:07.347,ADA/USDT:USDT,0.8366,901418,0.8365,879866,0.8367,989556,0.8368,753233
1753547107783,16:25:07.783,ADA/USDT:USDT,0.8366,901418,0.8365,879866,0.8367,989556,0.8368,753233
1753547107950,16:25:07.950,ADA/USDT:USDT,0.8366,901418,0.8365,879866,0.8367,988591,0.8368,1173227
1753547108186,16:25:08.186,ADA/USDT:USDT,0.8366,901418,0.8365,879866,0.8367,988591,0.8368,1173227
1753547108342,16:25:08.342,ADA/USDT:USDT,0.8366,901205,0.8365,879866,0.8367,988591,0.8368,1172173
1753547108575,16:25:08.575,ADA/USDT:USDT,0.8367,679229,0.8366,901205,0.8368,753233,0.8369,925895
1753547108784,16:25:08.784,ADA/USDT:USDT,0.8367,679229,0.8366,1525114,0.8368,751504,0.8369,925895
1753547108828,16:25:08.828,ADA/USDT:USDT,0.8367,679229,0.8366,1525114,0.8368,751504,0.8369,925895
1753547109230,16:25:09.230,ADA/USDT:USDT,0.8367,679229,0.8366,901205,0.8368,751504,0.8369,925895
1753547109328,16:25:09.328,ADA/USDT:USDT,0.8367,679229,0.8366,1098238,0.8368,751504,0.8369,925895
1753547109622,16:25:09.622,ADA/USDT:USDT,0.8366,901205,0.8365,879866,0.8367,771891,0.8368,751504
1753547109889,16:25:09.889,ADA/USDT:USDT,0.8366,901205,0.8365,1193644,0.8367,771891,0.8368,988859
1753547110185,16:25:10.185,ADA/USDT:USDT,0.8366,901205,0.8365,879866,0.8367,754345,0.8368,988859
1753547110329,16:25:10.329,ADA/USDT:USDT,0.8366,901205,0.8365,1256550,0.8367,754345,0.8368,979080
1753547110488,16:25:10.488,ADA/USDT:USDT,0.8365,879866,0.8364,671456,0.8366,817844,0.8367,754345
1753547110828,16:25:10.828,ADA/USDT:USDT,0.8365,879866,0.8364,1054899,0.8366,817844,0.8367,754345
1753547111058,16:25:11.058,ADA/USDT:USDT,0.8365,872166,0.8364,1054899,0.8366,817844,0.8367,754345
1753547111350,16:25:11.350,ADA/USDT:USDT,0.8365,872166,0.8364,671456,0.8366,816649,0.8367,754345
1753547111503,16:25:11.503,ADA/USDT:USDT,0.8365,872166,0.8364,671456,0.8366,816649,0.8367,754345
1753547111829,16:25:11.829,ADA/USDT:USDT,0.8365,872166,0.8364,671456,0.8366,816649,0.8367,754345
1753547112120,16:25:12.120,ADA/USDT:USDT,0.8365,871920,0.8364,671456,0.8366,816649,0.8367,754345
1753547112329,16:25:12.329,ADA/USDT:USDT,0.8365,871920,0.8364,671456,0.8366,816649,0.8367,754345
1753547112498,16:25:12.498,ADA/USDT:USDT,0.8365,871920,0.8364,671456,0.8366,816649,0.8367,1002097
1753547112732,16:25:12.732,ADA/USDT:USDT,0.8365,871920,0.8364,671456,0.8366,816649,0.8367,1002097
1753547112924,16:25:12.924,ADA/USDT:USDT,0.8363,799317,0.8362,756290,0.8364,977438,0.8365,981081
1753547113148,16:25:13.148,ADA/USDT:USDT,0.8364,977916,0.8363,798896,0.8365,981081,0.8366,816649
1753547113330,16:25:13.330,ADA/USDT:USDT,0.8364,977916,0.8363,1070694,0.8365,981081,0.8366,816649
1753547113688,16:25:13.688,ADA/USDT:USDT,0.8364,977916,0.8363,1070694,0.8365,981081,0.8366,816649
1753547113878,16:25:13.878,ADA/USDT:USDT,0.8364,977916,0.8363,959261,0.8365,981081,0.8366,816649
1753547114163,16:25:14.163,ADA/USDT:USDT,0.8364,977916,0.8363,959261,0.8365,981081,0.8366,816649
1753547114287,16:25:14.287,ADA/USDT:USDT,0.8363,798884,0.8362,756290,0.8364,859413,0.8365,981081
1753547114516,16:25:14.516,ADA/USDT:USDT,0.8363,798884,0.8362,756290,0.8364,859413,0.8365,1326651
1753547114778,16:25:14.778,ADA/USDT:USDT,0.8363,798884,0.8362,756290,0.8364,859413,0.8365,1326651
1753547114878,16:25:14.878,ADA/USDT:USDT,0.8363,798884,0.8362,756290,0.8364,859413,0.8365,981081
1753547115190,16:25:15.190,ADA/USDT:USDT,0.8363,797481,0.8362,756290,0.8364,859413,0.8365,981081
1753547115379,16:25:15.379,ADA/USDT:USDT,0.8363,797481,0.8362,756290,0.8364,859413,0.8365,981081
1753547115675,16:25:15.675,ADA/USDT:USDT,0.8363,797481,0.8362,756290,0.8364,859413,0.8365,981081
1753547115807,16:25:15.807,ADA/USDT:USDT,0.8362,756290,0.8361,957660,0.8363,744585,0.8364,859413
1753547116054,16:25:16.054,ADA/USDT:USDT,0.8362,756290,0.8361,957660,0.8363,744585,0.8364,859413
1753547116293,16:25:16.293,ADA/USDT:USDT,0.8362,756290,0.8361,699185,0.8363,744585,0.8364,859413
1753547116440,16:25:16.440,ADA/USDT:USDT,0.8362,756290,0.8361,699185,0.8363,744585,0.8364,859413
1753547116701,16:25:16.701,ADA/USDT:USDT,0.8362,756290,0.8361,699185,0.8363,744585,0.8364,859413
1753547116880,16:25:16.880,ADA/USDT:USDT,0.8362,756272,0.8361,699185,0.8363,744585,0.8364,1109935
1753547116996,16:25:16.996,ADA/USDT:USDT,0.8362,756272,0.8361,699185,0.8363,744585,0.8364,1109935
1753547117285,16:25:17.285,ADA/USDT:USDT,0.8362,756272,0.8361,918915,0.8363,744585,0.8364,859413
1753547117549,16:25:17.549,ADA/USDT:USDT,0.8362,756272,0.8361,918915,0.8363,744585,0.8364,1171171
1753547117690,16:25:17.690,ADA/USDT:USDT,0.8362,756272,0.8361,699185,0.8363,744585,0.8364,1171171
1753547117878,16:25:17.878,ADA/USDT:USDT,0.8362,756272,0.8361,699185,0.8363,744585,0.8364,859413
1753547118189,16:25:18.189,ADA/USDT:USDT,0.8362,755435,0.8361,699185,0.8363,744585,0.8364,859413
1753547118382,16:25:18.382,ADA/USDT:USDT,0.8362,755435,0.8361,975865,0.8363,744585,0.8364,859413
1753547118590,16:25:18.590,ADA/USDT:USDT,0.8362,752656,0.8361,975865,0.8363,744585,0.8364,859413
1753547118879,16:25:18.879,ADA/USDT:USDT,0.8362,752656,0.8361,699185,0.8363,744585,0.8364,859413
1753547118879,16:25:18.879,ADA/USDT:USDT,0.8362,752656,0.8361,699185,0.8363,744585,0.8364,972263
1753547119283,16:25:19.283,ADA/USDT:USDT,0.8362,752656,0.8361,699185,0.8363,744585,0.8364,972263
1753547119380,16:25:19.380,ADA/USDT:USDT,0.8362,752656,0.8361,699185,0.8363,744585,0.8364,859413
1753547119699,16:25:19.699,ADA/USDT:USDT,0.8363,958286,0.8362,752656,0.8364,859413,0.8365,981081
1753547119880,16:25:19.880,ADA/USDT:USDT,0.8363,958286,0.8362,1099465,0.8364,859413,0.8365,981081
1753547120189,16:25:20.189,ADA/USDT:USDT,0.8363,958286,0.8362,752656,0.8364,859413,0.8365,981081
1753547120382,16:25:20.382,ADA/USDT:USDT,0.8363,958286,0.8362,752656,0.8364,859413,0.8365,1472052
1753547120692,16:25:20.692,ADA/USDT:USDT,0.8363,958286,0.8362,752656,0.8364,859413,0.8365,1472052
1753547120883,16:25:20.883,ADA/USDT:USDT,0.8363,958286,0.8362,930348,0.8364,859413,0.8365,981081
1753547121190,16:25:21.190,ADA/USDT:USDT,0.8363,958286,0.8362,930348,0.8364,859413,0.8365,981081
1753547121382,16:25:21.382,ADA/USDT:USDT,0.8363,958286,0.8362,752656,0.8364,859413,0.8365,981081
1753547121463,16:25:21.463,ADA/USDT:USDT,0.8363,958615,0.8362,752656,0.8364,859413,0.8365,981081
1753547121866,16:25:21.866,ADA/USDT:USDT,0.8363,958615,0.8362,1140937,0.8364,859413,0.8365,981081
1753547122052,16:25:22.052,ADA/USDT:USDT,0.8364,820440,0.8363,958615,0.8365,981081,0.8366,816649
1753547122290,16:25:22.290,ADA/USDT:USDT,0.8364,820440,0.8363,958615,0.8365,981081,0.8366,816649
1753547122381,16:25:22.381,ADA/USDT:USDT,0.8364,820440,0.8363,958615,0.8365,981081,0.8366,1013751
1753547122691,16:25:22.691,ADA/USDT:USDT,0.8364,820440,0.8363,958615,0.8365,981081,0.8366,1013751
1753547122884,16:25:22.884,ADA/USDT:USDT,0.8364,820440,0.8363,958615,0.8365,981081,0.8366,816649
1753547123045,16:25:23.045,ADA/USDT:USDT,0.8364,820440,0.8363,958615,0.8365,981081,0.8366,816649
1753547123302,16:25:23.302,ADA/USDT:USDT,0.8364,820440,0.8363,1376967,0.8365,981081,0.8366,816649
1753547123384,16:25:23.384,ADA/USDT:USDT,0.8364,820440,0.8363,1376967,0.8365,981081,0.8366,816649
1753547123768,16:25:23.768,ADA/USDT:USDT,0.8364,820440,0.8363,958615,0.8365,981081,0.8366,816649
1753547123881,16:25:23.881,ADA/USDT:USDT,0.8364,820440,0.8363,958615,0.8365,981081,0.8366,945202
1753547124192,16:25:24.192,ADA/USDT:USDT,0.8364,820440,0.8363,958615,0.8365,981081,0.8366,945202
1753547124392,16:25:24.392,ADA/USDT:USDT,0.8364,816537,0.8363,1190368,0.8365,981131,0.8366,816649
1753547124515,16:25:24.515,ADA/USDT:USDT,0.8364,816537,0.8363,1190368,0.8365,980970,0.8366,816649
1753547124791,16:25:24.791,ADA/USDT:USDT,0.8364,816537,0.8363,958615,0.8365,980970,0.8366,816649
1753547124960,16:25:24.960,ADA/USDT:USDT,0.8364,816537,0.8363,958615,0.8365,980970,0.8366,816649
1753547125285,16:25:25.285,ADA/USDT:USDT,0.8364,816537,0.8363,958615,0.8365,980970,0.8366,816649
1753547125382,16:25:25.382,ADA/USDT:USDT,0.8364,816537,0.8363,1391108,0.8365,980970,0.8366,816649
1753547125694,16:25:25.694,ADA/USDT:USDT,0.8364,816537,0.8363,1391108,0.8365,980970,0.8366,816649
1753547125882,16:25:25.882,ADA/USDT:USDT,0.8364,816537,0.8363,958615,0.8365,980970,0.8366,816649
1753547126109,16:25:26.109,ADA/USDT:USDT,0.8364,816866,0.8363,958286,0.8365,980970,0.8366,816649
1753547126291,16:25:26.291,ADA/USDT:USDT,0.8364,816866,0.8363,1196466,0.8365,980970,0.8366,816649
1753547126562,16:25:26.562,ADA/USDT:USDT,0.8364,811541,0.8363,1196466,0.8365,980970,0.8366,1185041
1753547126785,16:25:26.785,ADA/USDT:USDT,0.8364,811541,0.8363,958286,0.8365,980970,0.8366,1185041
1753547126884,16:25:26.884,ADA/USDT:USDT,0.8365,998295,0.8364,811541,0.8366,816649,0.8367,983487
1753547127091,16:25:27.091,ADA/USDT:USDT,0.8366,926924,0.8365,948295,0.8367,754345,0.8368,751504
1753547127428,16:25:27.428,ADA/USDT:USDT,0.8366,925709,0.8365,1395078,0.8367,754345,0.8368,751504
1753547127694,16:25:27.694,ADA/USDT:USDT,0.8366,925709,0.8365,948295,0.8367,754345,0.8368,751504
1753547127885,16:25:27.885,ADA/USDT:USDT,0.8366,925709,0.8365,1265321,0.8367,754345,0.8368,751504
1753547128090,16:25:28.090,ADA/USDT:USDT,0.8368,989567,0.8367,900365,0.8369,925895,0.837,688027
1753547128333,16:25:28.333,ADA/USDT:USDT,0.8368,989567,0.8367,900365,0.8369,925895,0.837,688027
1753547128562,16:25:28.562,ADA/USDT:USDT,0.8368,989567,0.8367,900365,0.8369,925895,0.837,688027
1753547128785,16:25:28.785,ADA/USDT:USDT,0.8368,989567,0.8367,900365,0.8369,925895,0.837,688027
1753547128882,16:25:28.882,ADA/USDT:USDT,0.8368,989567,0.8367,900365,0.8369,925895,0.837,688027
1753547129193,16:25:29.193,ADA/USDT:USDT,0.8368,989567,0.8367,900365,0.8369,925895,0.837,688027
1753547129384,16:25:29.384,ADA/USDT:USDT,0.8367,900365,0.8366,925709,0.8368,920175,0.8369,925895
1753547129574,16:25:29.574,ADA/USDT:USDT,0.8367,900365,0.8366,925709,0.8368,920175,0.8369,925895
1753547129884,16:25:29.884,ADA/USDT:USDT,0.8367,900365,0.8366,925709,0.8368,920175,0.8369,925895
1753547129970,16:25:29.970,ADA/USDT:USDT,0.8367,900365,0.8366,925709,0.8368,920175,0.8369,925895
1753547130286,16:25:30.286,ADA/USDT:USDT,0.8367,900365,0.8366,925709,0.8368,920175,0.8369,925895
1753547130409,16:25:30.409,ADA/USDT:USDT,0.8367,900365,0.8366,925709,0.8368,920175,0.8369,925895
1753547130606,16:25:30.606,ADA/USDT:USDT,0.8366,925709,0.8365,948295,0.8367,988129,0.8368,920175
1753547130883,16:25:30.883,ADA/USDT:USDT,0.8366,925709,0.8365,1157032,0.8367,988129,0.8368,920175
1753547131194,16:25:31.194,ADA/USDT:USDT,0.8366,925709,0.8365,948295,0.8367,988129,0.8368,920175
1753547131293,16:25:31.293,ADA/USDT:USDT,0.8366,925709,0.8365,1306004,0.8367,988129,0.8368,920175
1753547131497,16:25:31.497,ADA/USDT:USDT,0.8366,923994,0.8365,1306004,0.8367,988129,0.8368,920175
1753547131793,16:25:31.793,ADA/USDT:USDT,0.8366,923803,0.8365,1098234,0.8367,988129,0.8368,920175
1753547132051,16:25:32.051,ADA/USDT:USDT,0.8366,923803,0.8365,1098234,0.8367,988129,0.8368,1209590
1753547132287,16:25:32.287,ADA/USDT:USDT,0.8366,923803,0.8365,948295,0.8367,988129,0.8368,1209590
1753547132385,16:25:32.385,ADA/USDT:USDT,0.8366,917827,0.8365,948295,0.8367,988129,0.8368,1147987
1753547132695,16:25:32.695,ADA/USDT:USDT,0.8366,917827,0.8365,948295,0.8367,988129,0.8368,1147987
1753547132883,16:25:32.883,ADA/USDT:USDT,0.8366,902924,0.8365,948295,0.8367,988129,0.8368,1110363
1753547133194,16:25:33.194,ADA/USDT:USDT,0.8366,902924,0.8365,948295,0.8367,988129,0.8368,1110363
1753547133383,16:25:33.383,ADA/USDT:USDT,0.8366,902924,0.8365,948295,0.8367,988129,0.8368,920175
1753547133595,16:25:33.595,ADA/USDT:USDT,0.8366,902924,0.8365,948295,0.8367,988129,0.8368,920175
1753547133792,16:25:33.792,ADA/USDT:USDT,0.8366,902924,0.8365,1454415,0.8367,988129,0.8368,920175
1753547133956,16:25:33.956,ADA/USDT:USDT,0.8366,902924,0.8365,1454415,0.8367,988129,0.8368,1049093
1753547134289,16:25:34.289,ADA/USDT:USDT,0.8366,902924,0.8365,948295,0.8367,988129,0.8368,920175
1753547134386,16:25:34.386,ADA/USDT:USDT,0.8366,902924,0.8365,948295,0.8367,988129,0.8368,920175
1753547134695,16:25:34.695,ADA/USDT:USDT,0.8366,902924,0.8365,948295,0.8367,988129,0.8368,920175
1753547134885,16:25:34.885,ADA/USDT:USDT,0.8366,902924,0.8365,1214520,0.8367,988129,0.8368,1151650
1753547134982,16:25:34.982,ADA/USDT:USDT,0.8366,902924,0.8365,1214520,0.8367,988129,0.8368,1151650
1753547135385,16:25:35.385,ADA/USDT:USDT,0.8366,902924,0.8365,948295,0.8367,988129,0.8368,920175
1753547135527,16:25:35.527,ADA/USDT:USDT,0.8366,902924,0.8365,948295,0.8367,988129,0.8368,920175
1753547135786,16:25:35.786,ADA/USDT:USDT,0.8366,902924,0.8365,948295,0.8367,988129,0.8368,920175
1753547135882,16:25:35.882,ADA/USDT:USDT,0.8364,811541,0.8363,958286,0.8365,896873,0.8366,992550
1753547136183,16:25:36.183,ADA/USDT:USDT,0.8364,811541,0.8363,958286,0.8365,896873,0.8366,992550
1753547136385,16:25:36.385,ADA/USDT:USDT,0.8363,958286,0.8362,868949,0.8364,781996,0.8365,896873
1753547136620,16:25:36.620,ADA/USDT:USDT,0.8363,958286,0.8362,868949,0.8364,781996,0.8365,896873
1753547136885,16:25:36.885,ADA/USDT:USDT,0.8363,958286,0.8362,753656,0.8364,781996,0.8365,1178372
1753547136885,16:25:36.885,ADA/USDT:USDT,0.8363,958286,0.8362,753656,0.8364,781996,0.8365,1178372
1753547137288,16:25:37.288,ADA/USDT:USDT,0.8363,958286,0.8362,753656,0.8364,781996,0.8365,896873
1753547137480,16:25:37.480,ADA/USDT:USDT,0.8363,958286,0.8362,1212547,0.8364,781996,0.8365,896873
1753547137491,16:25:37.491,ADA/USDT:USDT,0.8363,958286,0.8362,1212547,0.8364,781996,0.8365,896873
1753547137885,16:25:37.885,ADA/USDT:USDT,0.8363,958286,0.8362,753656,0.8364,781996,0.8365,1079258
1753547137937,16:25:37.937,ADA/USDT:USDT,0.8363,958286,0.8362,753656,0.8364,781996,0.8365,1079258
1753547138389,16:25:38.389,ADA/USDT:USDT,0.8363,958286,0.8362,753656,0.8364,781996,0.8365,896873
1753547138389,16:25:38.389,ADA/USDT:USDT,0.8363,958286,0.8362,753656,0.8364,781996,0.8365,1344610
1753547138790,16:25:38.790,ADA/USDT:USDT,0.8363,958286,0.8362,753656,0.8364,781996,0.8365,1344610
1753547138924,16:25:38.924,ADA/USDT:USDT,0.8363,958286,0.8362,1165920,0.8364,781996,0.8365,1284254
1753547139198,16:25:39.198,ADA/USDT:USDT,0.8363,958286,0.8362,883167,0.8364,781984,0.8365,1284254
1753547139292,16:25:39.292,ADA/USDT:USDT,0.8362,753656,0.8361,974121,0.8363,892768,0.8364,781984
1753547139600,16:25:39.600,ADA/USDT:USDT,0.8362,753656,0.8361,974121,0.8363,892768,0.8364,781984
1753547139794,16:25:39.794,ADA/USDT:USDT,0.8362,753656,0.8361,699185,0.8363,892768,0.8364,781984
1753547140013,16:25:40.013,ADA/USDT:USDT,0.8362,753656,0.8361,699185,0.8363,892768,0.8364,781984
1753547140024,16:25:40.024,ADA/USDT:USDT,0.8361,699185,0.836,723267,0.8362,956376,0.8363,892768
1753547140389,16:25:40.389,ADA/USDT:USDT,0.8361,699185,0.836,1025838,0.8362,956376,0.8363,1169107
1753547140449,16:25:40.449,ADA/USDT:USDT,0.8361,699185,0.836,1025838,0.8362,956376,0.8363,1169107
1753547140887,16:25:40.887,ADA/USDT:USDT,0.8361,699185,0.836,908304,0.8362,956376,0.8363,892768
1753547140887,16:25:40.887,ADA/USDT:USDT,0.8361,699185,0.836,908304,0.8362,956376,0.8363,892768
1753547141290,16:25:41.290,ADA/USDT:USDT,0.8361,699185,0.836,723267,0.8362,956376,0.8363,892768
1753547141482,16:25:41.482,ADA/USDT:USDT,0.8361,699185,0.836,723267,0.8362,956376,0.8363,892768
1753547141655,16:25:41.655,ADA/USDT:USDT,0.836,723267,0.8359,770203,0.8361,938853,0.8362,956376
1753547141888,16:25:41.888,ADA/USDT:USDT,0.836,723267,0.8359,1063419,0.8361,938853,0.8362,1038269
1753547142196,16:25:42.196,ADA/USDT:USDT,0.836,723267,0.8359,876759,0.8361,938853,0.8362,1038269
1753547142387,16:25:42.387,ADA/USDT:USDT,0.836,723267,0.8359,1065408,0.8361,938853,0.8362,1338777
1753547142421,16:25:42.421,ADA/USDT:USDT,0.836,723267,0.8359,1065408,0.8361,938853,0.8362,1338777
1753547142888,16:25:42.888,ADA/USDT:USDT,0.836,723267,0.8359,770203,0.8361,938853,0.8362,956376
1753547143065,16:25:43.065,ADA/USDT:USDT,0.836,723267,0.8359,770203,0.8361,938853,0.8362,956376
1753547143291,16:25:43.291,ADA/USDT:USDT,0.836,723267,0.8359,770203,0.8361,938853,0.8362,956376
1753547143456,16:25:43.456,ADA/USDT:USDT,0.8359,770203,0.8358,845496,0.836,989832,0.8361,938853
1753547143733,16:25:43.733,ADA/USDT:USDT,0.8359,770203,0.8358,845496,0.836,989832,0.8361,938853
1753547143887,16:25:43.887,ADA/USDT:USDT,0.8359,770203,0.8358,972537,0.836,989832,0.8361,938853
1753547144198,16:25:44.198,ADA/USDT:USDT,0.8359,770203,0.8358,972537,0.836,989832,0.8361,938853
1753547144388,16:25:44.388,ADA/USDT:USDT,0.8359,770203,0.8358,962511,0.836,983464,0.8361,1141586
1753547144613,16:25:44.613,ADA/USDT:USDT,0.8359,770203,0.8358,962511,0.836,983464,0.8361,1141586
1753547144796,16:25:44.796,ADA/USDT:USDT,0.8358,845496,0.8357,1160020,0.8359,993671,0.836,983464
1753547145066,16:25:45.066,ADA/USDT:USDT,0.8358,845496,0.8357,1160020,0.8359,993671,0.836,983464
1753547145290,16:25:45.290,ADA/USDT:USDT,0.8358,845496,0.8357,824137,0.8359,993671,0.836,983464
1753547145400,16:25:45.400,ADA/USDT:USDT,0.8358,845496,0.8357,824137,0.8359,993671,0.836,1088134
1753547145698,16:25:45.698,ADA/USDT:USDT,0.8358,845496,0.8357,824137,0.8359,993671,0.836,1088134
1753547145888,16:25:45.888,ADA/USDT:USDT,0.8358,845496,0.8357,824137,0.8359,993671,0.836,983464
1753547146113,16:25:46.113,ADA/USDT:USDT,0.8358,845496,0.8357,824137,0.8359,993671,0.836,983464
1753547146320,16:25:46.320,ADA/USDT:USDT,0.8357,816913,0.8356,1178460,0.8358,830702,0.8359,993671
1753547146586,16:25:46.586,ADA/USDT:USDT,0.8357,816913,0.8356,1178460,0.8358,830702,0.8359,993671
1753547146791,16:25:46.791,ADA/USDT:USDT,0.8357,816913,0.8356,767040,0.8358,830702,0.8359,993671
1753547146888,16:25:46.888,ADA/USDT:USDT,0.8357,816913,0.8356,767040,0.8358,830702,0.8359,993671
1753547147244,16:25:47.244,ADA/USDT:USDT,0.8358,932546,0.8357,680140,0.8359,993671,0.836,983464
1753547147388,16:25:47.388,ADA/USDT:USDT,0.8357,680140,0.8356,767040,0.8358,895051,0.8359,1176947
1753547147662,16:25:47.662,ADA/USDT:USDT,0.8358,915630,0.8357,680140,0.8359,993671,0.836,983464
1753547147888,16:25:47.888,ADA/USDT:USDT,0.8358,915630,0.8357,680140,0.8359,993671,0.836,983464
1753547148017,16:25:48.017,ADA/USDT:USDT,0.8358,915486,0.8357,680140,0.8359,993671,0.836,983464
1753547148291,16:25:48.291,ADA/USDT:USDT,0.8358,911694,0.8357,680140,0.8359,993671,0.836,983464
1753547148387,16:25:48.387,ADA/USDT:USDT,0.8358,911694,0.8357,680140,0.8359,993671,0.836,1341713
1753547148699,16:25:48.699,ADA/USDT:USDT,0.8358,911694,0.8357,680140,0.8359,993671,0.836,1341713
1753547148888,16:25:48.888,ADA/USDT:USDT,0.8358,911694,0.8357,941250,0.8359,993671,0.836,983464
1753547149156,16:25:49.156,ADA/USDT:USDT,0.8358,911694,0.8357,941250,0.8359,993671,0.836,983464
1753547149388,16:25:49.388,ADA/USDT:USDT,0.8358,911694,0.8357,680140,0.8359,993671,0.836,1176359
1753547149539,16:25:49.539,ADA/USDT:USDT,0.8358,911694,0.8357,680140,0.8359,993671,0.836,1176359
1753547149792,16:25:49.792,ADA/USDT:USDT,0.8358,911694,0.8357,680140,0.8359,992868,0.836,983464
1753547149889,16:25:49.889,ADA/USDT:USDT,0.8358,911694,0.8357,892950,0.8359,992868,0.836,1198946
1753547150200,16:25:50.200,ADA/USDT:USDT,0.8358,911694,0.8357,892950,0.8359,992868,0.836,1198946
1753547150389,16:25:50.389,ADA/USDT:USDT,0.8357,964324,0.8356,767040,0.8358,738974,0.8359,1302806
1753547150434,16:25:50.434,ADA/USDT:USDT,0.8357,964324,0.8356,767040,0.8358,738974,0.8359,1302806
1753547150844,16:25:50.844,ADA/USDT:USDT,0.8357,963842,0.8356,767040,0.8358,738974,0.8359,992868
1753547151050,16:25:51.050,ADA/USDT:USDT,0.8357,963842,0.8356,767040,0.8358,738974,0.8359,1640450
1753547151198,16:25:51.198,ADA/USDT:USDT,0.8357,963842,0.8356,767040,0.8358,738974,0.8359,1640450
1753547151489,16:25:51.489,ADA/USDT:USDT,0.8357,963842,0.8356,767040,0.8358,734572,0.8359,1178427
1753547151698,16:25:51.698,ADA/USDT:USDT,0.8357,944614,0.8356,767040,0.8358,734572,0.8359,1178427
1753547151888,16:25:51.888,ADA/USDT:USDT,0.8356,767040,0.8355,964981,0.8357,963510,0.8358,734572
1753547151966,16:25:51.966,ADA/USDT:USDT,0.8355,964981,0.8354,728401,0.8356,869344,0.8357,963510
1753547152389,16:25:52.389,ADA/USDT:USDT,0.8355,964981,0.8354,850378,0.8356,869344,0.8357,963510
1753547152389,16:25:52.389,ADA/USDT:USDT,0.8355,964981,0.8354,850378,0.8356,869344,0.8357,963510
1753547152795,16:25:52.795,ADA/USDT:USDT,0.8355,964981,0.8354,728401,0.8356,869344,0.8357,963510
1753547152985,16:25:52.985,ADA/USDT:USDT,0.8355,964981,0.8354,728401,0.8356,869344,0.8357,1270893
1753547153198,16:25:53.198,ADA/USDT:USDT,0.8355,964981,0.8354,728401,0.8356,869344,0.8357,1270893
1753547153389,16:25:53.389,ADA/USDT:USDT,0.8355,964981,0.8354,1084625,0.8356,869344,0.8357,1199438
1753547153511,16:25:53.511,ADA/USDT:USDT,0.8356,867761,0.8355,964981,0.8357,963510,0.8358,734572
1753547153891,16:25:53.891,ADA/USDT:USDT,0.8356,867761,0.8355,1157802,0.8357,963510,0.8358,734572
1753547153891,16:25:53.891,ADA/USDT:USDT,0.8356,867761,0.8355,1157802,0.8357,963510,0.8358,734572
1753547154292,16:25:54.292,ADA/USDT:USDT,0.8356,867761,0.8355,964981,0.8357,963510,0.8358,734572
1753547154415,16:25:54.415,ADA/USDT:USDT,0.8357,856121,0.8356,867761,0.8358,734572,0.8359,992868
1753547154680,16:25:54.680,ADA/USDT:USDT,0.8358,896640,0.8357,856121,0.8359,992868,0.836,983464
1753547154952,16:25:54.952,ADA/USDT:USDT,0.8358,896640,0.8357,971744,0.8359,992868,0.836,1129564
1753547155204,16:25:55.204,ADA/USDT:USDT,0.8358,896640,0.8357,856121,0.8359,992868,0.836,1129564
1753547155389,16:25:55.389,ADA/USDT:USDT,0.8358,896640,0.8357,1263965,0.8359,992868,0.836,983464
1753547155698,16:25:55.698,ADA/USDT:USDT,0.8358,896640,0.8357,856121,0.8359,992868,0.836,983464
1753547155890,16:25:55.890,ADA/USDT:USDT,0.8357,856121,0.8356,867761,0.8358,693134,0.8359,992868
1753547156199,16:25:56.199,ADA/USDT:USDT,0.8357,856121,0.8356,867761,0.8358,693134,0.8359,992868
1753547156389,16:25:56.389,ADA/USDT:USDT,0.8357,856121,0.8356,867761,0.8358,693134,0.8359,992868
1753547156589,16:25:56.589,ADA/USDT:USDT,0.8357,856121,0.8356,867761,0.8358,693134,0.8359,992868
1753547156888,16:25:56.888,ADA/USDT:USDT,0.8357,856121,0.8356,1132259,0.8358,693134,0.8359,1283495
1753547156919,16:25:56.919,ADA/USDT:USDT,0.8357,856121,0.8356,1132259,0.8358,693134,0.8359,1283495
1753547157296,16:25:57.296,ADA/USDT:USDT,0.8357,856121,0.8356,867761,0.8358,693134,0.8359,992868
1753547157489,16:25:57.489,ADA/USDT:USDT,0.8357,856121,0.8356,867761,0.8358,693134,0.8359,992868
1753547157794,16:25:57.794,ADA/USDT:USDT,0.8357,856121,0.8356,867761,0.8358,693134,0.8359,992868
1753547157912,16:25:57.912,ADA/USDT:USDT,0.8357,855863,0.8356,1336452,0.8358,693134,0.8359,992868
1753547158085,16:25:58.085,ADA/USDT:USDT,0.8357,855863,0.8356,1336452,0.8358,690901,0.8359,992868
1753547158389,16:25:58.389,ADA/USDT:USDT,0.8357,855863,0.8356,1309300,0.8358,690901,0.8359,992868
1753547158603,16:25:58.603,ADA/USDT:USDT,0.8358,884609,0.8357,855863,0.8359,992868,0.836,983464
1753547158797,16:25:58.797,ADA/USDT:USDT,0.8358,884609,0.8357,855863,0.8359,992868,0.836,983464
1753547158961,16:25:58.961,ADA/USDT:USDT,0.8357,855863,0.8356,867761,0.8358,955230,0.8359,992868
1753547159292,16:25:59.292,ADA/USDT:USDT,0.8357,855863,0.8356,867761,0.8358,955230,0.8359,992868
1753547159490,16:25:59.490,ADA/USDT:USDT,0.8357,855863,0.8356,1018014,0.8358,955230,0.8359,992868
1753547159552,16:25:59.552,ADA/USDT:USDT,0.8357,855863,0.8356,1018014,0.8358,955230,0.8359,992868
1753547159889,16:25:59.889,ADA/USDT:USDT,0.8357,855863,0.8356,867761,0.8358,955230,0.8359,992868
1753547160199,16:26:00.199,ADA/USDT:USDT,0.8357,855863,0.8356,867761,0.8358,955230,0.8359,992868
1753547160390,16:26:00.390,ADA/USDT:USDT,0.8357,855863,0.8356,1089759,0.8358,955230,0.8359,1351995
1753547160700,16:26:00.700,ADA/USDT:USDT,0.8357,855863,0.8356,1089759,0.8358,955230,0.8359,1351995
1753547160890,16:26:00.890,ADA/USDT:USDT,0.8357,855863,0.8356,867761,0.8358,955230,0.8359,1170803
1753547161159,16:26:01.159,ADA/USDT:USDT,0.8357,855863,0.8356,867761,0.8358,955230,0.8359,1170803
1753547161297,16:26:01.297,ADA/USDT:USDT,0.8357,855863,0.8356,867761,0.8358,955230,0.8359,992868
1753547161534,16:26:01.534,ADA/USDT:USDT,0.8357,855863,0.8356,867761,0.8358,955230,0.8359,1495354
1753547161793,16:26:01.793,ADA/USDT:USDT,0.8357,855863,0.8356,867761,0.8358,955230,0.8359,1176988
1753547161892,16:26:01.892,ADA/USDT:USDT,0.8357,855863,0.8356,867761,0.8358,955230,0.8359,1483553
1753547162194,16:26:02.194,ADA/USDT:USDT,0.8358,895657,0.8357,855863,0.8359,992868,0.836,983464
1753547162393,16:26:02.393,ADA/USDT:USDT,0.8359,862936,0.8358,895657,0.836,983464,0.8361,938853
1753547162478,16:26:02.478,ADA/USDT:USDT,0.8359,862936,0.8358,895657,0.836,983464,0.8361,938853
1753547162891,16:26:02.891,ADA/USDT:USDT,0.8359,862936,0.8358,895657,0.836,983464,0.8361,938853
1753547163090,16:26:03.090,ADA/USDT:USDT,0.8359,862936,0.8358,895657,0.836,983227,0.8361,938853
1753547163299,16:26:03.299,ADA/USDT:USDT,0.836,883521,0.8359,862936,0.8361,938853,0.8362,956376
1753547163475,16:26:03.475,ADA/USDT:USDT,0.836,883521,0.8359,975191,0.8361,938769,0.8362,956376
1753547163691,16:26:03.691,ADA/USDT:USDT,0.8359,862936,0.8358,895657,0.836,700049,0.8361,938769
1753547163950,16:26:03.950,ADA/USDT:USDT,0.8359,862935,0.8358,895657,0.836,700049,0.8361,1330645
1753547164298,16:26:04.298,ADA/USDT:USDT,0.8358,895657,0.8357,855863,0.8359,693335,0.836,700049
1753547164465,16:26:04.465,ADA/USDT:USDT,0.8358,895657,0.8357,855863,0.8359,693276,0.836,700049
1753547164703,16:26:04.703,ADA/USDT:USDT,0.8358,895657,0.8357,855863,0.8359,693276,0.836,700049
1753547164893,16:26:04.893,ADA/USDT:USDT,0.8356,867761,0.8355,964981,0.8357,718538,0.8358,1181973
1753547165070,16:26:05.070,ADA/USDT:USDT,0.8355,964981,0.8354,728401,0.8356,997943,0.8357,718181
1753547165330,16:26:05.330,ADA/USDT:USDT,0.8355,964981,0.8354,728401,0.8356,997943,0.8357,718181
1753547165499,16:26:05.499,ADA/USDT:USDT,0.8356,868945,0.8355,964981,0.8357,718181,0.8358,881650
1753547165796,16:26:05.796,ADA/USDT:USDT,0.8356,868945,0.8355,964981,0.8357,718181,0.8358,881650
1753547165964,16:26:05.964,ADA/USDT:USDT,0.8356,868945,0.8355,1049909,0.8357,718081,0.8358,1026758
1753547166091,16:26:06.091,ADA/USDT:USDT,0.8355,964981,0.8354,728401,0.8356,965710,0.8357,718081
1753547166394,16:26:06.394,ADA/USDT:USDT,0.8355,964981,0.8354,728401,0.8356,965710,0.8357,1092147
1753547166701,16:26:06.701,ADA/USDT:USDT,0.8355,964981,0.8354,728401,0.8356,965710,0.8357,1092147
1753547166895,16:26:06.895,ADA/USDT:USDT,0.8355,929112,0.8354,984845,0.8356,965710,0.8357,718081
1753547166981,16:26:06.981,ADA/USDT:USDT,0.8355,929112,0.8354,984845,0.8356,958557,0.8357,718081
1753547167393,16:26:07.393,ADA/USDT:USDT,0.8355,929112,0.8354,728401,0.8356,958557,0.8357,718081
1753547167436,16:26:07.436,ADA/USDT:USDT,0.8356,959695,0.8355,929112,0.8357,718081,0.8358,881650
1753547167799,16:26:07.799,ADA/USDT:USDT,0.8356,959695,0.8355,929112,0.8357,718081,0.8358,881650
1753547167953,16:26:07.953,ADA/USDT:USDT,0.8357,781352,0.8356,959695,0.8358,881650,0.8359,693276
1753547168264,16:26:08.264,ADA/USDT:USDT,0.8357,781352,0.8356,959695,0.8358,881650,0.8359,693276
1753547168395,16:26:08.395,ADA/USDT:USDT,0.8357,781352,0.8356,959695,0.8358,881650,0.8359,799332
1753547168618,16:26:08.618,ADA/USDT:USDT,0.8358,855428,0.8357,781352,0.8359,693276,0.836,700049
1753547168938,16:26:08.938,ADA/USDT:USDT,0.8358,855428,0.8357,1027577,0.8359,693276,0.836,700049
1753547169201,16:26:09.201,ADA/USDT:USDT,0.8358,855428,0.8357,781352,0.8359,693276,0.836,700049
1753547169395,16:26:09.395,ADA/USDT:USDT,0.8358,855428,0.8357,1051248,0.8359,693276,0.836,997272
1753547169664,16:26:09.664,ADA/USDT:USDT,0.8358,855428,0.8357,1051248,0.8359,693276,0.836,997272
1753547169803,16:26:09.803,ADA/USDT:USDT,0.836,961559,0.8359,872541,0.8361,938769,0.8362,956376
1753547169937,16:26:09.937,ADA/USDT:USDT,0.836,961559,0.8359,872541,0.8361,938769,0.8362,956376
1753547170297,16:26:10.297,ADA/USDT:USDT,0.836,961559,0.8359,872541,0.8361,938769,0.8362,956376
1753547170394,16:26:10.394,ADA/USDT:USDT,0.836,961559,0.8359,872541,0.8361,938769,0.8362,956376
1753547170702,16:26:10.702,ADA/USDT:USDT,0.836,961559,0.8359,872541,0.8361,938769,0.8362,956376
1753547170893,16:26:10.893,ADA/USDT:USDT,0.836,961559,0.8359,1383222,0.8361,938769,0.8362,956376
1753547170998,16:26:10.998,ADA/USDT:USDT,0.8359,872541,0.8358,855428,0.836,861014,0.8361,938769
1753547171397,16:26:11.397,ADA/USDT:USDT,0.8359,872541,0.8358,1140492,0.836,861014,0.8361,938769
1753547171581,16:26:11.581,ADA/USDT:USDT,0.836,907555,0.8359,872541,0.8361,938769,0.8362,956376
1753547171797,16:26:11.797,ADA/USDT:USDT,0.836,907555,0.8359,872541,0.8361,938769,0.8362,956376
1753547171978,16:26:11.978,ADA/USDT:USDT,0.836,907555,0.8359,872541,0.8361,938769,0.8362,956376
1753547172203,16:26:12.203,ADA/USDT:USDT,0.836,907555,0.8359,872541,0.8361,938769,0.8362,956376
1753547172394,16:26:12.394,ADA/USDT:USDT,0.836,907555,0.8359,976675,0.8361,914775,0.8362,1254975
1753547172703,16:26:12.703,ADA/USDT:USDT,0.836,907555,0.8359,872541,0.8361,914775,0.8362,1254975
1753547172895,16:26:12.895,ADA/USDT:USDT,0.836,907555,0.8359,872541,0.8361,914775,0.8362,1269190
1753547173155,16:26:13.155,ADA/USDT:USDT,0.836,907555,0.8359,872541,0.8361,914775,0.8362,1269190
1753547173312,16:26:13.312,ADA/USDT:USDT,0.8362,775479,0.8361,776753,0.8363,892768,0.8364,781984
1753547173556,16:26:13.556,ADA/USDT:USDT,0.8362,775479,0.8361,776753,0.8363,892768,0.8364,1559446
1753547173800,16:26:13.800,ADA/USDT:USDT,0.8361,776753,0.836,907555,0.8362,980726,0.8363,892768
1753547173898,16:26:13.898,ADA/USDT:USDT,0.8361,776753,0.836,907555,0.8362,980726,0.8363,892768
1753547174201,16:26:14.201,ADA/USDT:USDT,0.8361,776753,0.836,907555,0.8362,980726,0.8363,892768
1753547174398,16:26:14.398,ADA/USDT:USDT,0.8361,776753,0.836,1245502,0.8362,980726,0.8363,1197016
1753547174560,16:26:14.560,ADA/USDT:USDT,0.8361,776753,0.836,1245502,0.8362,980726,0.8363,1197016
1753547174868,16:26:14.868,ADA/USDT:USDT,0.8361,776753,0.836,907555,0.8362,980726,0.8363,892768
1753547175076,16:26:15.076,ADA/USDT:USDT,0.8361,776753,0.836,907555,0.8362,977423,0.8363,892768
1753547175204,16:26:15.204,ADA/USDT:USDT,0.8361,776753,0.836,907555,0.8362,977423,0.8363,892768
1753547175500,16:26:15.500,ADA/USDT:USDT,0.8361,776753,0.836,907555,0.8362,977033,0.8363,892768
1753547175503,16:26:15.503,ADA/USDT:USDT,0.8361,776753,0.836,907555,0.8362,977033,0.8363,892768
1753547175895,16:26:15.895,ADA/USDT:USDT,0.8361,776753,0.836,907555,0.8362,977033,0.8363,892768
1753547176203,16:26:16.203,ADA/USDT:USDT,0.8361,776753,0.836,907555,0.8362,977033,0.8363,892768
1753547176396,16:26:16.396,ADA/USDT:USDT,0.8361,776753,0.836,907555,0.8362,977033,0.8363,1271516
1753547176704,16:26:16.704,ADA/USDT:USDT,0.8361,776753,0.836,907555,0.8362,977033,0.8363,1271516
1753547176897,16:26:16.897,ADA/USDT:USDT,0.8361,776753,0.836,1208850,0.8362,977033,0.8363,1066604
1753547177141,16:26:17.141,ADA/USDT:USDT,0.8361,776753,0.836,1208850,0.8362,977033,0.8363,1066604
1753547177302,16:26:17.302,ADA/USDT:USDT,0.8361,776753,0.836,1070493,0.8362,977033,0.8363,892768
1753547177503,16:26:17.503,ADA/USDT:USDT,0.8361,776753,0.836,1070493,0.8362,977033,0.8363,892768
1753547177801,16:26:17.801,ADA/USDT:USDT,0.8361,776134,0.836,907555,0.8362,977033,0.8363,892768
1753547177960,16:26:17.960,ADA/USDT:USDT,0.8361,776134,0.836,907555,0.8362,977033,0.8363,1282911
1753547178204,16:26:18.204,ADA/USDT:USDT,0.8361,775463,0.836,907555,0.8362,977033,0.8363,1282911
1753547178397,16:26:18.397,ADA/USDT:USDT,0.8361,775463,0.836,907555,0.8362,977033,0.8363,1381539
1753547178456,16:26:18.456,ADA/USDT:USDT,0.8361,775463,0.836,907555,0.8362,977033,0.8363,1381539
1753547178896,16:26:18.896,ADA/USDT:USDT,0.8361,775463,0.836,1316155,0.8362,977033,0.8363,892768
1753547178896,16:26:18.896,ADA/USDT:USDT,0.8361,775463,0.836,1316155,0.8362,977033,0.8363,1293465
1753547179302,16:26:19.302,ADA/USDT:USDT,0.8361,775463,0.836,907555,0.8362,977033,0.8363,1293465
1753547179443,16:26:19.443,ADA/USDT:USDT,0.8362,799562,0.8361,774463,0.8363,864272,0.8364,810915
1753547179764,16:26:19.764,ADA/USDT:USDT,0.8362,799562,0.8361,774463,0.8363,864272,0.8364,810915
1753547179899,16:26:19.899,ADA/USDT:USDT,0.8362,799562,0.8361,774463,0.8363,864272,0.8364,810915
1753547180205,16:26:20.205,ADA/USDT:USDT,0.8362,799562,0.8361,774463,0.8363,864272,0.8364,810915
1753547180398,16:26:20.398,ADA/USDT:USDT,0.8362,799562,0.8361,774463,0.8363,864272,0.8364,810915
1753547180428,16:26:20.428,ADA/USDT:USDT,0.8362,799562,0.8361,774463,0.8363,864272,0.8364,810915
1753547180900,16:26:20.900,ADA/USDT:USDT,0.8362,799562,0.8361,774463,0.8363,864272,0.8364,810915
1753547181080,16:26:21.080,ADA/USDT:USDT,0.8362,799562,0.8361,774463,0.8363,864272,0.8364,1074845
1753547181304,16:26:21.304,ADA/USDT:USDT,0.8362,799562,0.8361,774463,0.8363,864272,0.8364,1074845
1753547181406,16:26:21.406,ADA/USDT:USDT,0.8362,799562,0.8361,774463,0.8363,864272,0.8364,1263679
1753547181706,16:26:21.706,ADA/USDT:USDT,0.8362,799562,0.8361,774463,0.8363,864272,0.8364,1263679
1753547181898,16:26:21.898,ADA/USDT:USDT,0.8362,799562,0.8361,1237305,0.8363,864272,0.8364,810915
1753547182207,16:26:22.207,ADA/USDT:USDT,0.8362,799562,0.8361,774463,0.8363,864272,0.8364,810915
