timestamp,time,symbol,bid1_price,bid1_volume,bid2_price,bid2_volume,ask1_price,ask1_volume,ask2_price,ask2_volume
1753546955239,16:22:35.239,ADA/USDT:USDT,0.836261,96.0,0.836195,96.0,0.836335,151.0,0.836344,27.0
1753546955260,16:22:35.260,ADA/USDT:USDT,0.836261,96.0,0.836195,96.0,0.836334,27.0,0.836335,96.0
1753546955370,16:22:35.370,ADA/USDT:USDT,0.836261,96.0,0.836195,96.0,0.836325,151.0,0.836334,27.0
1753546955492,16:22:35.492,ADA/USDT:USDT,0.836261,96.0,0.836195,96.0,0.836325,151.0,0.836334,27.0
1753546955510,16:22:35.510,ADA/USDT:USDT,0.836261,96.0,0.836195,96.0,0.836325,151.0,0.836334,27.0
1753546955535,16:22:35.535,ADA/USDT:USDT,0.836261,96.0,0.836195,96.0,0.836315,55.0,0.836324,27.0
1753546955648,16:22:35.648,ADA/USDT:USDT,0.836261,96.0,0.836195,96.0,0.836315,151.0,0.836324,27.0
1753546955853,16:22:35.853,ADA/USDT:USDT,0.836262,80.0,0.836261,96.0,0.836315,151.0,0.836324,27.0
1753546955858,16:22:35.858,ADA/USDT:USDT,0.836262,80.0,0.836261,96.0,0.836315,151.0,0.836324,27.0
1753546955930,16:22:35.930,ADA/USDT:USDT,0.836314,256.0,0.836195,96.0,0.836315,96.0,0.836334,27.0
1753546955973,16:22:35.973,ADA/USDT:USDT,0.836314,256.0,0.836195,96.0,0.836315,96.0,0.836334,27.0
1753546955976,16:22:35.976,ADA/USDT:USDT,0.836314,256.0,0.836195,96.0,0.836315,96.0,0.836334,27.0
1753546956020,16:22:36.020,ADA/USDT:USDT,0.836314,256.0,0.836195,96.0,0.836315,96.0,0.836334,27.0
1753546956059,16:22:36.059,ADA/USDT:USDT,0.836314,256.0,0.836195,96.0,0.836315,96.0,0.836334,27.0
1753546956239,16:22:36.239,ADA/USDT:USDT,0.836314,256.0,0.836195,96.0,0.836315,96.0,0.836334,27.0
1753546956259,16:22:36.259,ADA/USDT:USDT,0.836314,176.0,0.836195,96.0,0.836315,96.0,0.836334,27.0
1753546956278,16:22:36.278,ADA/USDT:USDT,0.836314,96.0,0.836195,96.0,0.836315,96.0,0.836334,27.0
1753546956305,16:22:36.305,ADA/USDT:USDT,0.836314,96.0,0.836195,96.0,0.836315,96.0,0.836334,27.0
1753546956365,16:22:36.365,ADA/USDT:USDT,0.835961,97.0,0.83594,29.0,0.836314,27.0,0.836315,151.0
1753546956405,16:22:36.405,ADA/USDT:USDT,0.836004,80.0,0.836003,96.0,0.836306,151.0,0.836314,27.0
1753546956427,16:22:36.427,ADA/USDT:USDT,0.836046,128.0,0.836045,96.0,0.836305,27.0,0.836306,151.0
1753546956455,16:22:36.455,ADA/USDT:USDT,0.836096,55.0,0.836088,128.0,0.836296,151.0,0.836305,123.0
1753546956486,16:22:36.486,ADA/USDT:USDT,0.836137,55.0,0.83613,128.0,0.836295,27.0,0.836296,55.0
1753546956517,16:22:36.517,ADA/USDT:USDT,0.836175,96.0,0.836171,80.0,0.836286,151.0,0.836295,27.0
1753546956550,16:22:36.550,ADA/USDT:USDT,0.836179,80.0,0.836175,96.0,0.836286,151.0,0.836295,27.0
1753546956575,16:22:36.575,ADA/USDT:USDT,0.836182,48.0,0.836175,96.0,0.836286,151.0,0.836295,27.0
1753546956725,16:22:36.725,ADA/USDT:USDT,0.836195,80.0,0.836175,96.0,0.836286,151.0,0.836295,27.0
1753546956765,16:22:36.765,ADA/USDT:USDT,0.836196,48.0,0.836195,80.0,0.836276,55.0,0.836285,27.0
1753546956791,16:22:36.791,ADA/USDT:USDT,0.836198,48.0,0.836175,96.0,0.836276,151.0,0.836285,27.0
1753546956820,16:22:36.820,ADA/USDT:USDT,0.8362,48.0,0.836175,96.0,0.836276,151.0,0.836285,27.0
1753546956890,16:22:36.890,ADA/USDT:USDT,0.836202,48.0,0.836201,80.0,0.836276,151.0,0.836285,27.0
1753546957065,16:22:37.065,ADA/USDT:USDT,0.836202,48.0,0.836175,96.0,0.836276,151.0,0.836285,27.0
1753546957091,16:22:37.091,ADA/USDT:USDT,0.836206,48.0,0.836205,80.0,0.836276,151.0,0.836285,27.0
1753546957114,16:22:37.114,ADA/USDT:USDT,0.836208,48.0,0.836175,96.0,0.836276,151.0,0.836285,27.0
1753546957222,16:22:37.222,ADA/USDT:USDT,0.836208,224.0,0.836175,96.0,0.836276,151.0,0.836285,27.0
1753546957236,16:22:37.236,ADA/USDT:USDT,0.836209,96.0,0.836208,80.0,0.836276,151.0,0.836285,27.0
1753546957263,16:22:37.263,ADA/USDT:USDT,0.836216,48.0,0.836215,96.0,0.836276,151.0,0.836285,27.0
1753546957391,16:22:37.391,ADA/USDT:USDT,0.836275,96.0,0.836216,96.0,0.836276,151.0,0.836285,27.0
1753546957920,16:22:37.920,ADA/USDT:USDT,0.836275,96.0,0.836216,96.0,0.836276,96.0,0.836285,27.0
1753546959135,16:22:39.135,ADA/USDT:USDT,0.836275,96.0,0.836216,96.0,0.836276,96.0,0.836285,27.0
1753546959164,16:22:39.164,ADA/USDT:USDT,0.836275,96.0,0.836216,96.0,0.836276,96.0,0.836285,27.0
1753546959960,16:22:39.960,ADA/USDT:USDT,0.836275,96.0,0.836216,96.0,0.836276,96.0,0.836295,27.0
1753546959967,16:22:39.967,ADA/USDT:USDT,0.836275,96.0,0.836216,96.0,0.836305,27.0,0.836318,96.0
1753546959998,16:22:39.998,ADA/USDT:USDT,0.836304,256.0,0.836216,96.0,0.836305,27.0,0.8364,96.0
1753546960065,16:22:40.065,ADA/USDT:USDT,0.836304,256.0,0.836216,96.0,0.836305,27.0,0.836347,96.0
1753546960066,16:22:40.066,ADA/USDT:USDT,0.836304,256.0,0.836216,96.0,0.836305,27.0,0.836347,96.0
1753546960085,16:22:40.085,ADA/USDT:USDT,0.836304,256.0,0.836216,96.0,0.836305,27.0,0.836347,96.0
1753546960122,16:22:40.122,ADA/USDT:USDT,0.836304,256.0,0.836216,96.0,0.836347,96.0,0.8364,96.0
1753546960161,16:22:40.161,ADA/USDT:USDT,0.836304,256.0,0.836216,96.0,0.8364,96.0,0.836484,96.0
1753546960178,16:22:40.178,ADA/USDT:USDT,0.836304,256.0,0.836216,96.0,0.836391,55.0,0.836484,96.0
1753546960208,16:22:40.208,ADA/USDT:USDT,0.836304,160.0,0.836216,96.0,0.836483,27.0,0.836484,96.0
1753546960305,16:22:40.305,ADA/USDT:USDT,0.836304,160.0,0.836216,96.0,0.836385,27.0,0.836386,96.0
1753546960311,16:22:40.311,ADA/USDT:USDT,0.836304,160.0,0.836216,96.0,0.836377,151.0,0.836385,27.0
1753546960334,16:22:40.334,ADA/USDT:USDT,0.836216,96.0,0.836087,96.0,0.836305,123.0,0.836377,151.0
1753546960397,16:22:40.397,ADA/USDT:USDT,0.836218,80.0,0.836087,96.0,0.836305,123.0,0.836377,151.0
1753546960416,16:22:40.416,ADA/USDT:USDT,0.836218,80.0,0.836087,96.0,0.836299,27.0,0.8363,151.0
1753546960453,16:22:40.453,ADA/USDT:USDT,0.836218,80.0,0.836087,96.0,0.836298,55.0,0.836299,27.0
1753546960476,16:22:40.476,ADA/USDT:USDT,0.836218,80.0,0.836087,96.0,0.836297,27.0,0.836298,55.0
1753546960523,16:22:40.523,ADA/USDT:USDT,0.836218,80.0,0.836087,96.0,0.836297,123.0,0.836299,27.0
1753546960536,16:22:40.536,ADA/USDT:USDT,0.836218,80.0,0.836087,96.0,0.836292,55.0,0.836297,123.0
1753546960583,16:22:40.583,ADA/USDT:USDT,0.836218,80.0,0.836087,96.0,0.836291,123.0,0.836297,27.0
1753546960599,16:22:40.599,ADA/USDT:USDT,0.836218,80.0,0.836087,96.0,0.836283,27.0,0.836284,55.0
1753546960650,16:22:40.650,ADA/USDT:USDT,0.836218,80.0,0.836087,96.0,0.836283,123.0,0.836284,55.0
1753546960674,16:22:40.674,ADA/USDT:USDT,0.836087,96.0,0.836045,96.0,0.836283,123.0,0.836284,55.0
1753546960685,16:22:40.685,ADA/USDT:USDT,0.836088,48.0,0.836087,96.0,0.836283,123.0,0.836291,27.0
1753546960718,16:22:40.718,ADA/USDT:USDT,0.836127,48.0,0.836126,96.0,0.836271,55.0,0.83628,27.0
1753546960760,16:22:40.760,ADA/USDT:USDT,0.836127,48.0,0.836126,96.0,0.836271,151.0,0.83628,27.0
1753546960781,16:22:40.781,ADA/USDT:USDT,0.836127,48.0,0.836126,96.0,0.83627,123.0,0.836271,151.0
1753546960812,16:22:40.812,ADA/USDT:USDT,0.836127,48.0,0.836096,55.0,0.836261,151.0,0.83627,27.0
1753546960832,16:22:40.832,ADA/USDT:USDT,0.836169,128.0,0.836168,96.0,0.836261,96.0,0.83627,27.0
1753546960863,16:22:40.863,ADA/USDT:USDT,0.836269,256.0,0.83626,96.0,0.83627,27.0,0.83628,27.0
1753546960905,16:22:40.905,ADA/USDT:USDT,0.836269,256.0,0.83621,96.0,0.836312,96.0,0.836367,55.0
1753546960934,16:22:40.934,ADA/USDT:USDT,0.836269,256.0,0.83621,96.0,0.83627,49.0,0.836312,96.0
1753546960985,16:22:40.985,ADA/USDT:USDT,0.836269,256.0,0.83621,96.0,0.83627,49.0,0.836312,96.0
1753546961015,16:22:41.015,ADA/USDT:USDT,0.836269,311.0,0.83621,96.0,0.836377,96.0,0.836484,96.0
1753546961050,16:22:41.050,ADA/USDT:USDT,0.836281,96.0,0.836279,80.0,0.836475,55.0,0.836483,27.0
1753546961076,16:22:41.076,ADA/USDT:USDT,0.836302,96.0,0.836282,80.0,0.836475,151.0,0.836483,27.0
1753546961105,16:22:41.105,ADA/USDT:USDT,0.836311,55.0,0.836303,48.0,0.836475,151.0,0.836483,27.0
1753546961137,16:22:41.137,ADA/USDT:USDT,0.836312,128.0,0.836302,96.0,0.836473,55.0,0.836474,123.0
1753546961175,16:22:41.175,ADA/USDT:USDT,0.836354,128.0,0.836344,96.0,0.836473,151.0,0.836474,27.0
1753546961197,16:22:41.197,ADA/USDT:USDT,0.836354,48.0,0.836344,96.0,0.836472,27.0,0.836473,55.0
1753546961227,16:22:41.227,ADA/USDT:USDT,0.836354,48.0,0.836344,96.0,0.83647,151.0,0.836472,27.0
1753546961265,16:22:41.265,ADA/USDT:USDT,0.836354,48.0,0.836344,96.0,0.836463,55.0,0.836469,27.0
1753546961354,16:22:41.354,ADA/USDT:USDT,0.836354,48.0,0.836344,96.0,0.836463,151.0,0.836469,27.0
1753546961378,16:22:41.378,ADA/USDT:USDT,0.836354,48.0,0.836302,96.0,0.836455,55.0,0.836462,123.0
1753546961444,16:22:41.444,ADA/USDT:USDT,0.836355,80.0,0.836354,48.0,0.836455,151.0,0.836462,27.0
1753546961465,16:22:41.465,ADA/USDT:USDT,0.836356,48.0,0.836355,80.0,0.836454,27.0,0.836455,55.0
1753546961582,16:22:41.582,ADA/USDT:USDT,0.836356,48.0,0.836302,96.0,0.836454,123.0,0.836455,55.0
1753546961590,16:22:41.590,ADA/USDT:USDT,0.836358,48.0,0.836357,80.0,0.836454,123.0,0.836455,55.0
1753546961615,16:22:41.615,ADA/USDT:USDT,0.83636,48.0,0.836359,80.0,0.836454,123.0,0.836455,55.0
1753546961645,16:22:41.645,ADA/USDT:USDT,0.836363,80.0,0.836302,96.0,0.836454,123.0,0.836455,55.0
1753546961675,16:22:41.675,ADA/USDT:USDT,0.836367,80.0,0.836366,48.0,0.836454,123.0,0.836455,55.0
1753546961707,16:22:41.707,ADA/USDT:USDT,0.83637,48.0,0.836302,96.0,0.836454,123.0,0.836455,55.0
1753546961740,16:22:41.740,ADA/USDT:USDT,0.836374,48.0,0.83621,96.0,0.836454,123.0,0.836455,55.0
1753546961767,16:22:41.767,ADA/USDT:USDT,0.836375,80.0,0.83621,96.0,0.836454,123.0,0.836455,55.0
1753546961941,16:22:41.941,ADA/USDT:USDT,0.836376,48.0,0.836375,80.0,0.836454,123.0,0.836455,55.0
1753546961947,16:22:41.947,ADA/USDT:USDT,0.836376,48.0,0.836375,80.0,0.83638,1.0,0.836454,123.0
1753546961975,16:22:41.975,ADA/USDT:USDT,0.836379,96.0,0.836219,55.0,0.83638,93.0,0.836454,123.0
1753546962057,16:22:42.057,ADA/USDT:USDT,0.836379,96.0,0.836295,93.0,0.83638,93.0,0.836446,55.0
1753546962227,16:22:42.227,ADA/USDT:USDT,0.836379,96.0,0.836295,93.0,0.83638,93.0,0.836446,55.0
1753546962254,16:22:42.254,ADA/USDT:USDT,0.836379,96.0,0.836295,93.0,0.83638,93.0,0.836446,55.0
1753546962384,16:22:42.384,ADA/USDT:USDT,0.836379,96.0,0.836295,93.0,0.83638,93.0,0.836454,123.0
1753546962763,16:22:42.763,ADA/USDT:USDT,0.836379,96.0,0.836295,93.0,0.83638,93.0,0.836454,123.0
1753546962847,16:22:42.847,ADA/USDT:USDT,0.836379,96.0,0.836295,93.0,0.83638,93.0,0.836454,123.0
1753546962928,16:22:42.928,ADA/USDT:USDT,0.836379,96.0,0.836295,93.0,0.83638,93.0,0.836454,123.0
1753546962943,16:22:42.943,ADA/USDT:USDT,0.836379,96.0,0.836295,93.0,0.83638,93.0,0.836454,123.0
1753546963414,16:22:43.414,ADA/USDT:USDT,0.836379,96.0,0.836295,93.0,0.83638,93.0,0.836454,123.0
1753546963500,16:22:43.500,ADA/USDT:USDT,0.836379,96.0,0.836295,93.0,0.83638,93.0,0.836454,123.0
1753546963723,16:22:43.723,ADA/USDT:USDT,0.836379,96.0,0.836295,93.0,0.83638,93.0,0.836454,123.0
1753546963770,16:22:43.770,ADA/USDT:USDT,0.836453,256.0,0.836388,55.0,0.836454,96.0,0.836542,97.0
1753546963786,16:22:43.786,ADA/USDT:USDT,0.836453,256.0,0.836388,55.0,0.836454,96.0,0.836542,97.0
1753546963807,16:22:43.807,ADA/USDT:USDT,0.836454,55.0,0.836453,256.0,0.836584,96.0,0.836627,845.0
1753546963834,16:22:43.834,ADA/USDT:USDT,0.836464,55.0,0.836459,93.0,0.836627,845.0,0.836668,93.0
1753546963869,16:22:43.869,ADA/USDT:USDT,0.836475,128.0,0.836474,55.0,0.836575,93.0,0.836618,55.0
1753546963898,16:22:43.898,ADA/USDT:USDT,0.836574,256.0,0.836484,55.0,0.836575,93.0,0.836626,27.0
1753546963934,16:22:43.934,ADA/USDT:USDT,0.836574,256.0,0.836484,55.0,0.836575,93.0,0.836626,27.0
1753546963976,16:22:43.976,ADA/USDT:USDT,0.836574,256.0,0.836484,55.0,0.836575,93.0,0.836626,27.0
1753546964037,16:22:44.037,ADA/USDT:USDT,0.836574,256.0,0.836484,55.0,0.836575,93.0,0.836626,27.0
1753546964052,16:22:44.052,ADA/USDT:USDT,0.836574,256.0,0.836484,55.0,0.836575,93.0,0.836626,27.0
1753546964119,16:22:44.119,ADA/USDT:USDT,0.836574,256.0,0.836484,55.0,0.836575,93.0,0.836626,27.0
1753546964148,16:22:44.148,ADA/USDT:USDT,0.836574,256.0,0.836484,55.0,0.836575,93.0,0.836626,27.0
1753546964221,16:22:44.221,ADA/USDT:USDT,0.836574,256.0,0.836484,55.0,0.836575,93.0,0.836626,27.0
1753546964225,16:22:44.225,ADA/USDT:USDT,0.836574,176.0,0.836484,55.0,0.836575,93.0,0.836626,27.0
1753546964454,16:22:44.454,ADA/USDT:USDT,0.836574,96.0,0.836484,55.0,0.836575,93.0,0.836626,27.0
1753546964553,16:22:44.553,ADA/USDT:USDT,0.836574,96.0,0.836484,55.0,0.836575,93.0,0.836626,27.0
1753546964568,16:22:44.568,ADA/USDT:USDT,0.836574,96.0,0.836484,55.0,0.836575,93.0,0.836626,27.0
1753546964591,16:22:44.591,ADA/USDT:USDT,0.836574,96.0,0.83649,93.0,0.836575,93.0,0.836626,27.0
1753546964651,16:22:44.651,ADA/USDT:USDT,0.836574,96.0,0.83649,93.0,0.836575,93.0,0.836626,27.0
1753546965214,16:22:45.214,ADA/USDT:USDT,0.836574,96.0,0.83649,93.0,0.836727,95.0,0.836769,96.0
1753546965249,16:22:45.249,ADA/USDT:USDT,0.836574,269.0,0.83649,93.0,0.836722,55.0,0.836768,27.0
1753546965282,16:22:45.282,ADA/USDT:USDT,0.836583,55.0,0.836574,93.0,0.836722,55.0,0.83676,55.0
1753546965332,16:22:45.332,ADA/USDT:USDT,0.836593,55.0,0.836584,48.0,0.836721,27.0,0.83676,55.0
1753546965341,16:22:45.341,ADA/USDT:USDT,0.836604,48.0,0.836603,55.0,0.836721,120.0,0.83676,55.0
1753546965365,16:22:45.365,ADA/USDT:USDT,0.836613,55.0,0.836604,80.0,0.836721,120.0,0.83676,55.0
1753546965404,16:22:45.404,ADA/USDT:USDT,0.836618,48.0,0.836617,55.0,0.836716,55.0,0.836721,27.0
1753546965429,16:22:45.429,ADA/USDT:USDT,0.836618,48.0,0.836613,55.0,0.836716,148.0,0.836721,27.0
1753546965459,16:22:45.459,ADA/USDT:USDT,0.836618,48.0,0.836574,93.0,0.836713,55.0,0.836715,120.0
1753546965567,16:22:45.567,ADA/USDT:USDT,0.836618,48.0,0.836574,93.0,0.836713,148.0,0.836715,27.0
1753546965590,16:22:45.590,ADA/USDT:USDT,0.836618,48.0,0.836574,93.0,0.836712,27.0,0.836713,148.0
1753546965854,16:22:45.854,ADA/USDT:USDT,0.836619,80.0,0.836618,48.0,0.836712,120.0,0.836713,55.0
1753546965877,16:22:45.877,ADA/USDT:USDT,0.836628,128.0,0.836627,55.0,0.836712,120.0,0.836715,27.0
1753546965905,16:22:45.905,ADA/USDT:USDT,0.836638,128.0,0.836574,93.0,0.836712,120.0,0.836715,27.0
1753546965936,16:22:45.936,ADA/USDT:USDT,0.836643,48.0,0.836642,80.0,0.836712,120.0,0.836715,27.0
1753546966031,16:22:46.031,ADA/USDT:USDT,0.836643,48.0,0.836642,80.0,0.836712,120.0,0.836715,27.0
1753546966189,16:22:46.189,ADA/USDT:USDT,0.836646,48.0,0.836574,93.0,0.836712,120.0,0.836715,27.0
1753546966205,16:22:46.205,ADA/USDT:USDT,0.836646,48.0,0.836574,93.0,0.836712,120.0,0.836715,27.0
1753546966590,16:22:46.590,ADA/USDT:USDT,0.836647,80.0,0.836646,48.0,0.836712,120.0,0.836715,27.0
1753546966655,16:22:46.655,ADA/USDT:USDT,0.836647,135.0,0.836646,48.0,0.836712,120.0,0.836715,27.0
1753546966748,16:22:46.748,ADA/USDT:USDT,0.836651,48.0,0.836574,93.0,0.836712,120.0,0.836715,27.0
1753546967294,16:22:47.294,ADA/USDT:USDT,0.836651,48.0,0.836574,93.0,0.836712,120.0,0.836715,27.0
1753546967389,16:22:47.389,ADA/USDT:USDT,0.836651,48.0,0.83649,93.0,0.836712,120.0,0.836715,27.0
1753546967422,16:22:47.422,ADA/USDT:USDT,0.836651,48.0,0.83649,93.0,0.836712,120.0,0.836715,27.0
1753546967569,16:22:47.569,ADA/USDT:USDT,0.836651,48.0,0.83649,93.0,0.836712,120.0,0.836715,27.0
1753546967592,16:22:47.592,ADA/USDT:USDT,0.83649,93.0,0.836404,845.0,0.836712,120.0,0.836715,27.0
1753546967613,16:22:47.613,ADA/USDT:USDT,0.8365,80.0,0.836499,55.0,0.836652,120.0,0.836712,120.0
1753546967647,16:22:47.647,ADA/USDT:USDT,0.836519,48.0,0.836518,55.0,0.836652,120.0,0.836706,55.0
1753546967682,16:22:47.682,ADA/USDT:USDT,0.836529,128.0,0.836509,93.0,0.836652,120.0,0.836706,55.0
1753546967704,16:22:47.704,ADA/USDT:USDT,0.83654,80.0,0.836539,48.0,0.836652,120.0,0.836706,55.0
1753546967748,16:22:47.748,ADA/USDT:USDT,0.836558,103.0,0.836549,48.0,0.836652,120.0,0.836706,55.0
1753546968023,16:22:48.023,ADA/USDT:USDT,0.836558,103.0,0.836509,93.0,0.836652,120.0,0.836706,55.0
1753546968058,16:22:48.058,ADA/USDT:USDT,0.836558,103.0,0.836509,93.0,0.836652,120.0,0.836706,55.0
1753546968085,16:22:48.085,ADA/USDT:USDT,0.836558,103.0,0.836509,93.0,0.836652,120.0,0.836706,55.0
1753546968100,16:22:48.100,ADA/USDT:USDT,0.836558,48.0,0.836542,55.0,0.836651,55.0,0.836652,120.0
1753546968133,16:22:48.133,ADA/USDT:USDT,0.836558,48.0,0.836509,93.0,0.836641,55.0,0.83665,27.0
1753546968155,16:22:48.155,ADA/USDT:USDT,0.836558,48.0,0.836509,93.0,0.836641,148.0,0.83665,27.0
1753546968193,16:22:48.193,ADA/USDT:USDT,0.836558,48.0,0.836404,845.0,0.836631,148.0,0.83664,120.0
1753546968220,16:22:48.220,ADA/USDT:USDT,0.836558,48.0,0.836432,93.0,0.836631,148.0,0.83664,27.0
1753546968246,16:22:48.246,ADA/USDT:USDT,0.836589,128.0,0.836559,300.0,0.83663,120.0,0.83664,27.0
1753546968275,16:22:48.275,ADA/USDT:USDT,0.836589,128.0,0.836505,93.0,0.836621,93.0,0.83663,27.0
1753546968321,16:22:48.321,ADA/USDT:USDT,0.836595,55.0,0.836589,48.0,0.836621,93.0,0.83663,27.0
1753546968353,16:22:48.353,ADA/USDT:USDT,0.836595,55.0,0.836589,48.0,0.836621,93.0,0.83663,27.0
1753546968366,16:22:48.366,ADA/USDT:USDT,0.836595,55.0,0.836505,93.0,0.836621,93.0,0.83663,27.0
1753546968401,16:22:48.401,ADA/USDT:USDT,0.83662,96.0,0.836505,93.0,0.836621,93.0,0.83663,27.0
1753546968650,16:22:48.650,ADA/USDT:USDT,0.83662,96.0,0.836505,93.0,0.836621,93.0,0.83663,27.0
1753546968683,16:22:48.683,ADA/USDT:USDT,0.83662,96.0,0.836505,93.0,0.836621,93.0,0.83664,27.0
1753546968803,16:22:48.803,ADA/USDT:USDT,0.83662,96.0,0.836505,93.0,0.836621,93.0,0.83665,27.0
1753546968814,16:22:48.814,ADA/USDT:USDT,0.83662,176.0,0.836505,93.0,0.836712,93.0,0.836754,93.0
1753546968845,16:22:48.845,ADA/USDT:USDT,0.836711,48.0,0.836624,93.0,0.83681,27.0,0.836811,93.0
1753546969010,16:22:49.010,ADA/USDT:USDT,0.836711,96.0,0.836624,93.0,0.83681,175.0,0.836853,96.0
1753546969091,16:22:49.091,ADA/USDT:USDT,0.836711,96.0,0.836624,93.0,0.83681,120.0,0.836853,96.0
1753546969115,16:22:49.115,ADA/USDT:USDT,0.836711,96.0,0.836624,93.0,0.836802,55.0,0.836804,27.0
1753546969248,16:22:49.248,ADA/USDT:USDT,0.836711,96.0,0.836624,93.0,0.836802,93.0,0.836804,27.0
1753546969264,16:22:49.264,ADA/USDT:USDT,0.836713,48.0,0.836712,55.0,0.836802,93.0,0.836804,27.0
1753546969301,16:22:49.301,ADA/USDT:USDT,0.836726,55.0,0.836624,93.0,0.836802,93.0,0.836804,27.0
1753546969324,16:22:49.324,ADA/USDT:USDT,0.836734,48.0,0.836733,55.0,0.836802,93.0,0.836804,27.0
1753546969356,16:22:49.356,ADA/USDT:USDT,0.83674,48.0,0.836739,55.0,0.836802,93.0,0.836804,27.0
1753546969421,16:22:49.421,ADA/USDT:USDT,0.83674,48.0,0.836624,93.0,0.836802,93.0,0.836804,27.0
1753546969447,16:22:49.447,ADA/USDT:USDT,0.836743,128.0,0.836624,93.0,0.836802,93.0,0.836804,27.0
1753546969476,16:22:49.476,ADA/USDT:USDT,0.836752,128.0,0.836751,55.0,0.836802,93.0,0.836804,27.0
1753546969508,16:22:49.508,ADA/USDT:USDT,0.836755,48.0,0.836754,55.0,0.836802,93.0,0.836804,27.0
1753546969546,16:22:49.546,ADA/USDT:USDT,0.836801,96.0,0.836764,55.0,0.836853,96.0,0.836908,95.0
1753546969563,16:22:49.563,ADA/USDT:USDT,0.836852,256.0,0.836802,55.0,0.836908,95.0,0.83695,96.0
1753546969599,16:22:49.599,ADA/USDT:USDT,0.836852,256.0,0.836624,93.0,0.836941,148.0,0.836949,120.0
1753546969637,16:22:49.637,ADA/USDT:USDT,0.836852,256.0,0.836624,93.0,0.83694,27.0,0.836941,148.0
1753546969684,16:22:49.684,ADA/USDT:USDT,0.836852,256.0,0.836624,93.0,0.83694,120.0,0.836941,55.0
1753546969719,16:22:49.719,ADA/USDT:USDT,0.836852,256.0,0.836624,93.0,0.83694,120.0,0.836949,27.0
1753546969917,16:22:49.917,ADA/USDT:USDT,0.836852,256.0,0.836624,93.0,0.836939,55.0,0.83694,120.0
1753546969924,16:22:49.924,ADA/USDT:USDT,0.836852,208.0,0.836624,93.0,0.836939,55.0,0.83694,120.0
1753546969956,16:22:49.956,ADA/USDT:USDT,0.836625,300.0,0.836624,93.0,0.836853,27.0,0.836939,148.0
1753546969982,16:22:49.982,ADA/USDT:USDT,0.836675,55.0,0.836667,128.0,0.836853,27.0,0.836939,148.0
1753546970017,16:22:50.017,ADA/USDT:USDT,0.836685,55.0,0.836676,80.0,0.836853,27.0,0.836939,93.0
1753546970043,16:22:50.043,ADA/USDT:USDT,0.836695,55.0,0.836686,48.0,0.836842,55.0,0.83685,120.0
1753546970075,16:22:50.075,ADA/USDT:USDT,0.836696,128.0,0.836695,55.0,0.836842,148.0,0.83685,27.0
1753546970105,16:22:50.105,ADA/USDT:USDT,0.836696,48.0,0.836666,93.0,0.836832,55.0,0.836841,27.0
1753546970134,16:22:50.134,ADA/USDT:USDT,0.836696,48.0,0.836666,93.0,0.836832,148.0,0.836841,27.0
1753546970170,16:22:50.170,ADA/USDT:USDT,0.836696,48.0,0.836666,93.0,0.836822,148.0,0.836831,120.0
1753546970198,16:22:50.198,ADA/USDT:USDT,0.836696,48.0,0.836624,93.0,0.836822,148.0,0.836831,27.0
1753546970226,16:22:50.226,ADA/USDT:USDT,0.836506,128.0,0.836505,93.0,0.836812,55.0,0.836821,120.0
1753546970258,16:22:50.258,ADA/USDT:USDT,0.836556,55.0,0.836548,48.0,0.836812,148.0,0.836821,27.0
1753546970284,16:22:50.284,ADA/USDT:USDT,0.836587,93.0,0.836583,80.0,0.836811,120.0,0.836821,27.0
1753546970316,16:22:50.316,ADA/USDT:USDT,0.836626,55.0,0.83662,128.0,0.836802,55.0,0.836811,120.0
1753546970344,16:22:50.344,ADA/USDT:USDT,0.836627,128.0,0.836626,55.0,0.836792,55.0,0.836801,27.0
1753546970412,16:22:50.412,ADA/USDT:USDT,0.836627,128.0,0.836626,55.0,0.836792,148.0,0.836801,27.0
1753546970445,16:22:50.445,ADA/USDT:USDT,0.836627,128.0,0.836626,55.0,0.836791,27.0,0.836792,148.0
1753546970467,16:22:50.467,ADA/USDT:USDT,0.836627,128.0,0.836626,55.0,0.836782,55.0,0.836791,120.0
1753546970497,16:22:50.497,ADA/USDT:USDT,0.836627,128.0,0.836626,55.0,0.836772,148.0,0.836781,27.0
1753546970531,16:22:50.531,ADA/USDT:USDT,0.836627,128.0,0.836626,55.0,0.836771,27.0,0.836772,93.0
1753546970590,16:22:50.590,ADA/USDT:USDT,0.836627,128.0,0.836626,55.0,0.836762,148.0,0.836771,27.0
1753546970617,16:22:50.617,ADA/USDT:USDT,0.836627,128.0,0.836626,55.0,0.836752,55.0,0.836761,27.0
1753546970649,16:22:50.649,ADA/USDT:USDT,0.836629,128.0,0.836628,55.0,0.836752,148.0,0.836761,27.0
1753546970676,16:22:50.676,ADA/USDT:USDT,0.836639,128.0,0.836619,93.0,0.836752,148.0,0.836761,27.0
1753546970790,16:22:50.790,ADA/USDT:USDT,0.836641,128.0,0.83664,55.0,0.83671,93.0,0.836751,120.0
1753546970799,16:22:50.799,ADA/USDT:USDT,0.836641,128.0,0.836619,93.0,0.83671,93.0,0.836751,120.0
1753546970952,16:22:50.952,ADA/USDT:USDT,0.836641,128.0,0.836505,93.0,0.83671,93.0,0.836751,120.0
1753546970988,16:22:50.988,ADA/USDT:USDT,0.836641,128.0,0.836505,93.0,0.83671,93.0,0.836751,120.0
1753546971108,16:22:51.108,ADA/USDT:USDT,0.836641,80.0,0.836505,93.0,0.836668,93.0,0.836709,27.0
1753546972134,16:22:52.134,ADA/USDT:USDT,0.836667,96.0,0.836505,93.0,0.836668,93.0,0.836709,27.0
1753546972225,16:22:52.225,ADA/USDT:USDT,0.836667,96.0,0.836505,93.0,0.836668,93.0,0.836709,27.0
1753546972375,16:22:52.375,ADA/USDT:USDT,0.836667,96.0,0.836505,93.0,0.836668,93.0,0.83671,93.0
1753546972390,16:22:52.390,ADA/USDT:USDT,0.836667,222.0,0.836505,93.0,0.83671,93.0,0.836751,93.0
1753546972422,16:22:52.422,ADA/USDT:USDT,0.836709,96.0,0.836667,94.0,0.836751,93.0,0.836853,93.0
1753546972450,16:22:52.450,ADA/USDT:USDT,0.83675,96.0,0.836709,48.0,0.836852,27.0,0.836853,93.0
1753546972483,16:22:52.483,ADA/USDT:USDT,0.83675,96.0,0.836667,94.0,0.836811,94.0,0.836852,27.0
1753546972509,16:22:52.509,ADA/USDT:USDT,0.836752,48.0,0.836667,94.0,0.836792,94.0,0.836852,27.0
1753546972559,16:22:52.559,ADA/USDT:USDT,0.836754,48.0,0.836753,80.0,0.836792,94.0,0.836852,27.0
1753546972577,16:22:52.577,ADA/USDT:USDT,0.836755,55.0,0.836754,48.0,0.836792,94.0,0.836852,27.0
1753546972612,16:22:52.612,ADA/USDT:USDT,0.836756,48.0,0.836755,55.0,0.836792,94.0,0.836852,27.0
1753546972628,16:22:52.628,ADA/USDT:USDT,0.836756,48.0,0.836667,94.0,0.836792,94.0,0.836852,27.0
1753546972694,16:22:52.694,ADA/USDT:USDT,0.836756,48.0,0.836667,94.0,0.836792,94.0,0.836852,27.0
1753546972721,16:22:52.721,ADA/USDT:USDT,0.836667,94.0,0.836565,300.0,0.836757,94.0,0.836791,27.0
1753546972748,16:22:52.748,ADA/USDT:USDT,0.836673,80.0,0.836672,55.0,0.836757,94.0,0.836791,27.0
1753546972775,16:22:52.775,ADA/USDT:USDT,0.836682,55.0,0.836673,80.0,0.836757,94.0,0.836791,27.0
1753546972813,16:22:52.813,ADA/USDT:USDT,0.836683,48.0,0.836682,55.0,0.836757,94.0,0.836791,27.0
1753546972849,16:22:52.849,ADA/USDT:USDT,0.836683,48.0,0.836682,55.0,0.836757,94.0,0.836791,27.0
1753546972876,16:22:52.876,ADA/USDT:USDT,0.836683,48.0,0.836682,55.0,0.836757,94.0,0.836791,27.0
1753546973040,16:22:53.040,ADA/USDT:USDT,0.836683,142.0,0.836682,55.0,0.836757,94.0,0.836791,27.0
1753546973044,16:22:53.044,ADA/USDT:USDT,0.836683,142.0,0.836682,55.0,0.836757,94.0,0.836791,27.0
1753546973475,16:22:53.475,ADA/USDT:USDT,0.83669,48.0,0.836683,94.0,0.836726,94.0,0.836757,27.0
1753546973496,16:22:53.496,ADA/USDT:USDT,0.836691,55.0,0.836683,94.0,0.836726,94.0,0.836757,27.0
1753546974160,16:22:54.160,ADA/USDT:USDT,0.836725,96.0,0.836694,55.0,0.836726,94.0,0.836791,27.0
1753546974184,16:22:54.184,ADA/USDT:USDT,0.836735,128.0,0.836734,55.0,0.836939,93.0,0.837,101.0
1753546974213,16:22:54.213,ADA/USDT:USDT,0.83693,48.0,0.836929,160.0,0.836991,55.0,0.837,101.0
1753546974255,16:22:54.255,ADA/USDT:USDT,0.836932,48.0,0.836845,94.0,0.836991,94.0,0.837,6.0
1753546974302,16:22:54.302,ADA/USDT:USDT,0.836932,48.0,0.836845,94.0,0.836991,94.0,0.837,6.0
1753546974370,16:22:54.370,ADA/USDT:USDT,0.836932,48.0,0.836845,94.0,0.836991,94.0,0.837,6.0
1753546974401,16:22:54.401,ADA/USDT:USDT,0.836932,48.0,0.836845,94.0,0.836991,94.0,0.837,6.0
1753546974945,16:22:54.945,ADA/USDT:USDT,0.836932,48.0,0.836845,94.0,0.836991,94.0,0.837,6.0
1753546974977,16:22:54.977,ADA/USDT:USDT,0.836932,48.0,0.836845,94.0,0.836991,94.0,0.837,6.0
1753546975207,16:22:55.207,ADA/USDT:USDT,0.836932,48.0,0.836845,94.0,0.836991,94.0,0.837,6.0
1753546975822,16:22:55.822,ADA/USDT:USDT,0.836932,48.0,0.836845,94.0,0.83699,121.0,0.837,6.0
1753546975851,16:22:55.851,ADA/USDT:USDT,0.836932,48.0,0.836845,94.0,0.83699,121.0,0.837,6.0
1753546976062,16:22:56.062,ADA/USDT:USDT,0.836932,48.0,0.836845,94.0,0.83699,121.0,0.837,6.0
1753546976244,16:22:56.244,ADA/USDT:USDT,0.836932,48.0,0.836845,94.0,0.83699,121.0,0.837,6.0
1753546976309,16:22:56.309,ADA/USDT:USDT,0.836932,48.0,0.836845,94.0,0.83699,121.0,0.837,6.0
1753546976653,16:22:56.653,ADA/USDT:USDT,0.836932,48.0,0.836845,94.0,0.83699,121.0,0.837,6.0
1753546976984,16:22:56.984,ADA/USDT:USDT,0.836933,80.0,0.836932,48.0,0.83699,121.0,0.837,6.0
1753546977006,16:22:57.006,ADA/USDT:USDT,0.836935,80.0,0.836934,48.0,0.83699,121.0,0.837,6.0
1753546977036,16:22:57.036,ADA/USDT:USDT,0.836939,80.0,0.836938,48.0,0.83699,121.0,0.837,6.0
1753546977077,16:22:57.077,ADA/USDT:USDT,0.83694,48.0,0.836845,94.0,0.83699,121.0,0.837,6.0
1753546977196,16:22:57.196,ADA/USDT:USDT,0.836941,80.0,0.836845,94.0,0.83699,121.0,0.837,6.0
1753546977223,16:22:57.223,ADA/USDT:USDT,0.836989,256.0,0.836941,55.0,0.83699,94.0,0.837,6.0
1753546977265,16:22:57.265,ADA/USDT:USDT,0.836989,256.0,0.836905,94.0,0.83699,94.0,0.837,6.0
1753546977279,16:22:57.279,ADA/USDT:USDT,0.836989,256.0,0.836905,94.0,0.83699,94.0,0.837,6.0
1753546977322,16:22:57.322,ADA/USDT:USDT,0.836989,311.0,0.836905,94.0,0.83699,94.0,0.837,6.0
1753546977345,16:22:57.345,ADA/USDT:USDT,0.836989,311.0,0.836905,94.0,0.83699,94.0,0.837,6.0
1753546977499,16:22:57.499,ADA/USDT:USDT,0.836989,305.0,0.836905,94.0,0.83699,94.0,0.837,6.0
1753546977531,16:22:57.531,ADA/USDT:USDT,0.836989,225.0,0.836905,94.0,0.83699,94.0,0.837,6.0
1753546978725,16:22:58.725,ADA/USDT:USDT,0.836989,145.0,0.836845,94.0,0.83699,94.0,0.837,6.0
1753546980176,16:23:00.176,ADA/USDT:USDT,0.836989,97.0,0.836845,94.0,0.83699,94.0,0.837,6.0
1753546980219,16:23:00.219,ADA/USDT:USDT,0.836989,49.0,0.836845,94.0,0.83699,149.0,0.837,6.0
1753546980257,16:23:00.257,ADA/USDT:USDT,0.836845,94.0,0.836777,300.0,0.83699,149.0,0.837,6.0
1753546980281,16:23:00.281,ADA/USDT:USDT,0.836846,48.0,0.836845,94.0,0.836981,55.0,0.836989,27.0
1753546980311,16:23:00.311,ADA/USDT:USDT,0.836846,48.0,0.836777,300.0,0.836981,149.0,0.836989,27.0
1753546980334,16:23:00.334,ADA/USDT:USDT,0.836853,48.0,0.836777,300.0,0.83698,121.0,0.836989,27.0
1753546980373,16:23:00.373,ADA/USDT:USDT,0.836853,48.0,0.836777,300.0,0.836971,55.0,0.83698,121.0
1753546980394,16:23:00.394,ADA/USDT:USDT,0.836859,48.0,0.836858,94.0,0.83697,27.0,0.836971,94.0
1753546980466,16:23:00.466,ADA/USDT:USDT,0.83686,80.0,0.836859,48.0,0.836967,149.0,0.83697,27.0
1753546980495,16:23:00.495,ADA/USDT:USDT,0.836861,48.0,0.836777,300.0,0.836966,27.0,0.836967,149.0
1753546980524,16:23:00.524,ADA/USDT:USDT,0.836862,80.0,0.836861,48.0,0.836966,121.0,0.836967,55.0
1753546980547,16:23:00.547,ADA/USDT:USDT,0.836863,48.0,0.836862,80.0,0.836965,55.0,0.836966,121.0
1753546980750,16:23:00.750,ADA/USDT:USDT,0.836863,142.0,0.836862,80.0,0.836965,149.0,0.836966,27.0
1753546980765,16:23:00.765,ADA/USDT:USDT,0.836863,142.0,0.83682,94.0,0.836965,149.0,0.836966,27.0
1753546980788,16:23:00.788,ADA/USDT:USDT,0.836964,96.0,0.836869,55.0,0.836965,94.0,0.836966,27.0
1753546980815,16:23:00.815,ADA/USDT:USDT,0.836866,55.0,0.83682,94.0,0.836965,149.0,0.836966,27.0
1753546980844,16:23:00.844,ADA/USDT:USDT,0.836776,48.0,0.836725,94.0,0.83687,121.0,0.836956,55.0
1753546980875,16:23:00.875,ADA/USDT:USDT,0.836785,48.0,0.836725,94.0,0.83687,121.0,0.836956,55.0
1753546980907,16:23:00.907,ADA/USDT:USDT,0.836811,94.0,0.836725,94.0,0.83687,121.0,0.836956,55.0
1753546980947,16:23:00.947,ADA/USDT:USDT,0.836828,48.0,0.836725,94.0,0.83687,121.0,0.836956,55.0
1753546980964,16:23:00.964,ADA/USDT:USDT,0.836869,48.0,0.836832,94.0,0.83687,121.0,0.836956,55.0
1753546981042,16:23:01.042,ADA/USDT:USDT,0.836869,176.0,0.836842,94.0,0.83687,94.0,0.836965,94.0
1753546981054,16:23:01.054,ADA/USDT:USDT,0.836869,176.0,0.836842,94.0,0.836965,94.0,0.836966,27.0
1753546981090,16:23:01.090,ADA/USDT:USDT,0.836869,176.0,0.836842,94.0,0.836961,55.0,0.836964,121.0
1753546981187,16:23:01.187,ADA/USDT:USDT,0.836869,176.0,0.836842,94.0,0.836961,94.0,0.836964,27.0
1753546981208,16:23:01.208,ADA/USDT:USDT,0.836842,94.0,0.836725,94.0,0.836961,94.0,0.836964,27.0
1753546981237,16:23:01.237,ADA/USDT:USDT,0.836876,48.0,0.836725,94.0,0.836961,94.0,0.836964,27.0
1753546981303,16:23:01.303,ADA/USDT:USDT,0.836876,48.0,0.836725,94.0,0.836961,149.0,0.836964,27.0
1753546981338,16:23:01.338,ADA/USDT:USDT,0.836878,48.0,0.836725,94.0,0.836961,94.0,0.836964,27.0
1753546981362,16:23:01.362,ADA/USDT:USDT,0.83688,48.0,0.836879,94.0,0.836961,94.0,0.836964,27.0
1753546981386,16:23:01.386,ADA/USDT:USDT,0.836886,48.0,0.836881,55.0,0.836961,94.0,0.836964,27.0
1753546981429,16:23:01.429,ADA/USDT:USDT,0.836886,142.0,0.836683,94.0,0.83696,121.0,0.836964,27.0
1753546981469,16:23:01.469,ADA/USDT:USDT,0.836886,142.0,0.836683,94.0,0.83696,121.0,0.836964,27.0
1753546981528,16:23:01.528,ADA/USDT:USDT,0.836886,48.0,0.836683,94.0,0.83696,121.0,0.836964,27.0
1753546981541,16:23:01.541,ADA/USDT:USDT,0.836886,48.0,0.836683,94.0,0.836959,55.0,0.83696,121.0
1753546981565,16:23:01.565,ADA/USDT:USDT,0.836683,94.0,0.836648,844.0,0.836958,27.0,0.83696,27.0
1753546981605,16:23:01.605,ADA/USDT:USDT,0.836726,80.0,0.836725,94.0,0.836949,149.0,0.836958,121.0
1753546981625,16:23:01.625,ADA/USDT:USDT,0.836809,94.0,0.836768,128.0,0.836939,55.0,0.836948,121.0
1753546981655,16:23:01.655,ADA/USDT:USDT,0.836822,94.0,0.836776,55.0,0.836939,149.0,0.836948,27.0
1753546981691,16:23:01.691,ADA/USDT:USDT,0.836827,94.0,0.836822,48.0,0.836929,55.0,0.836938,121.0
1753546981721,16:23:01.721,ADA/USDT:USDT,0.836828,128.0,0.836827,94.0,0.836928,27.0,0.836929,96.0
1753546981764,16:23:01.764,ADA/USDT:USDT,0.836828,128.0,0.836827,94.0,0.836919,151.0,0.836928,27.0
1753546981777,16:23:01.777,ADA/USDT:USDT,0.836828,128.0,0.836827,94.0,0.836918,27.0,0.836919,96.0
1753546981907,16:23:01.907,ADA/USDT:USDT,0.836828,48.0,0.836827,94.0,0.836912,151.0,0.836918,27.0
1753546981927,16:23:01.927,ADA/USDT:USDT,0.836767,94.0,0.836725,94.0,0.836902,55.0,0.836911,123.0
1753546981957,16:23:01.957,ADA/USDT:USDT,0.836771,96.0,0.836768,48.0,0.836902,151.0,0.836911,27.0
1753546981986,16:23:01.986,ADA/USDT:USDT,0.836772,48.0,0.836771,96.0,0.836892,55.0,0.836901,27.0
1753546982015,16:23:02.015,ADA/USDT:USDT,0.836771,96.0,0.836725,94.0,0.836891,27.0,0.836892,151.0
1753546982055,16:23:02.055,ADA/USDT:USDT,0.836725,94.0,0.836416,298.0,0.836891,123.0,0.836892,55.0
1753546982091,16:23:02.091,ADA/USDT:USDT,0.836416,298.0,0.836389,96.0,0.83689,300.0,0.836891,123.0
1753546982119,16:23:02.119,ADA/USDT:USDT,0.836416,298.0,0.836389,96.0,0.836726,123.0,0.83689,300.0
1753546982151,16:23:02.151,ADA/USDT:USDT,0.836443,96.0,0.836416,298.0,0.836685,96.0,0.836725,300.0
1753546982177,16:23:02.177,ADA/USDT:USDT,0.836443,96.0,0.836416,298.0,0.836684,300.0,0.836685,96.0
1753546982197,16:23:02.197,ADA/USDT:USDT,0.836443,96.0,0.836416,298.0,0.836643,96.0,0.836684,300.0
1753546982339,16:23:02.339,ADA/USDT:USDT,0.836443,96.0,0.836425,55.0,0.836601,96.0,0.836641,27.0
1753546982341,16:23:02.341,ADA/USDT:USDT,0.836446,55.0,0.836443,96.0,0.836601,96.0,0.836641,27.0
1753546982345,16:23:02.345,ADA/USDT:USDT,0.836447,96.0,0.836389,96.0,0.836559,96.0,0.8366,300.0
1753546982359,16:23:02.359,ADA/USDT:USDT,0.836447,96.0,0.836389,96.0,0.836559,96.0,0.836591,55.0
1753546982390,16:23:02.390,ADA/USDT:USDT,0.836447,96.0,0.836389,96.0,0.836534,96.0,0.836558,27.0
1753546982393,16:23:02.393,ADA/USDT:USDT,0.836448,48.0,0.836447,96.0,0.836525,55.0,0.836534,96.0
1753546982405,16:23:02.405,ADA/USDT:USDT,0.836557,48.0,0.836533,80.0,0.836558,27.0,0.836599,27.0
1753546982434,16:23:02.434,ADA/USDT:USDT,0.836557,176.0,0.836533,80.0,0.836599,123.0,0.836641,27.0
1753546982465,16:23:02.465,ADA/USDT:USDT,0.836557,96.0,0.836533,80.0,0.836578,55.0,0.836587,96.0
1753546982499,16:23:02.499,ADA/USDT:USDT,0.836557,96.0,0.83649,48.0,0.836558,55.0,0.836578,55.0
1753546982532,16:23:02.532,ADA/USDT:USDT,0.836557,96.0,0.83649,48.0,0.836563,96.0,0.836599,27.0
1753546982556,16:23:02.556,ADA/USDT:USDT,0.836557,96.0,0.836491,1.0,0.836558,151.0,0.836599,27.0
1753546982612,16:23:02.612,ADA/USDT:USDT,0.836557,96.0,0.836491,1.0,0.836558,151.0,0.836599,27.0
1753546982622,16:23:02.622,ADA/USDT:USDT,0.836557,96.0,0.836491,1.0,0.836558,151.0,0.836599,27.0
1753546982651,16:23:02.651,ADA/USDT:USDT,0.836557,176.0,0.836491,1.0,0.836558,151.0,0.836599,27.0
1753546982720,16:23:02.720,ADA/USDT:USDT,0.836557,176.0,0.836491,1.0,0.836558,200.0,0.836599,27.0
1753546982746,16:23:02.746,ADA/USDT:USDT,0.836557,176.0,0.836491,1.0,0.836558,200.0,0.836599,27.0
1753546982805,16:23:02.805,ADA/USDT:USDT,0.836557,176.0,0.836491,1.0,0.836558,145.0,0.836591,55.0
1753546982830,16:23:02.830,ADA/USDT:USDT,0.836557,272.0,0.836491,1.0,0.836558,49.0,0.836591,55.0
1753546982856,16:23:02.856,ADA/USDT:USDT,0.836557,224.0,0.836491,1.0,0.836599,27.0,0.836641,28.0
1753546982889,16:23:02.889,ADA/USDT:USDT,0.836598,160.0,0.836566,96.0,0.836599,27.0,0.836641,28.0
1753546982916,16:23:02.916,ADA/USDT:USDT,0.836598,256.0,0.836567,80.0,0.836599,27.0,0.836641,28.0
1753546982957,16:23:02.957,ADA/USDT:USDT,0.836598,256.0,0.836566,96.0,0.836599,27.0,0.836641,28.0
1753546982987,16:23:02.987,ADA/USDT:USDT,0.836598,256.0,0.836566,96.0,0.836599,27.0,0.836641,28.0
1753546983008,16:23:03.008,ADA/USDT:USDT,0.836598,256.0,0.836566,96.0,0.836599,27.0,0.836641,1.0
1753546983040,16:23:03.040,ADA/USDT:USDT,0.836598,311.0,0.836566,96.0,0.836599,27.0,0.836641,1.0
1753546983068,16:23:03.068,ADA/USDT:USDT,0.836598,360.0,0.836566,96.0,0.836599,27.0,0.836641,1.0
1753546983132,16:23:03.132,ADA/USDT:USDT,0.836598,360.0,0.836566,96.0,0.836599,27.0,0.836684,1.0
1753546983159,16:23:03.159,ADA/USDT:USDT,0.836598,360.0,0.836566,96.0,0.836599,27.0,0.836685,96.0
1753546983252,16:23:03.252,ADA/USDT:USDT,0.836598,360.0,0.836566,96.0,0.836599,27.0,0.836685,96.0
1753546983279,16:23:03.279,ADA/USDT:USDT,0.836598,360.0,0.836566,96.0,0.836599,27.0,0.836685,96.0
1753546983503,16:23:03.503,ADA/USDT:USDT,0.836598,305.0,0.836566,96.0,0.836599,27.0,0.836685,96.0
1753546983515,16:23:03.515,ADA/USDT:USDT,0.836598,225.0,0.836566,96.0,0.836599,123.0,0.836685,96.0
1753546983552,16:23:03.552,ADA/USDT:USDT,0.836598,49.0,0.83649,1.0,0.836599,27.0,0.836685,96.0
1753546983581,16:23:03.581,ADA/USDT:USDT,0.836598,49.0,0.836489,96.0,0.836599,27.0,0.836685,96.0
1753546983608,16:23:03.608,ADA/USDT:USDT,0.836598,49.0,0.836448,1.0,0.836599,27.0,0.836685,96.0
1753546983649,16:23:03.649,ADA/USDT:USDT,0.836447,96.0,0.836411,1.0,0.836599,82.0,0.836685,96.0
1753546983668,16:23:03.668,ADA/USDT:USDT,0.836448,128.0,0.836447,151.0,0.836599,27.0,0.836685,96.0
1753546983694,16:23:03.694,ADA/USDT:USDT,0.83645,128.0,0.836449,56.0,0.83659,55.0,0.836599,27.0
1753546983740,16:23:03.740,ADA/USDT:USDT,0.836452,128.0,0.836451,1.0,0.836549,96.0,0.83658,55.0
1753546983754,16:23:03.754,ADA/USDT:USDT,0.836452,128.0,0.836447,96.0,0.836549,96.0,0.83658,55.0
1753546983796,16:23:03.796,ADA/USDT:USDT,0.836452,128.0,0.83641,845.0,0.836507,96.0,0.836548,27.0
1753546983863,16:23:03.863,ADA/USDT:USDT,0.836454,48.0,0.836453,1.0,0.836507,96.0,0.836548,27.0
1753546983878,16:23:03.878,ADA/USDT:USDT,0.836454,48.0,0.836453,1.0,0.836506,27.0,0.836507,96.0
1753546983913,16:23:03.913,ADA/USDT:USDT,0.836454,48.0,0.8364,1.0,0.836465,96.0,0.836504,55.0
1753546983937,16:23:03.937,ADA/USDT:USDT,0.836296,81.0,0.836295,93.0,0.836455,27.0,0.836465,96.0
1753546983963,16:23:03.963,ADA/USDT:USDT,0.836335,128.0,0.836334,96.0,0.836414,96.0,0.836455,27.0
1753546983994,16:23:03.994,ADA/USDT:USDT,0.836338,96.0,0.836336,49.0,0.836414,96.0,0.836454,1.0
1753546984022,16:23:04.022,ADA/USDT:USDT,0.836339,128.0,0.836338,96.0,0.836414,96.0,0.836454,1.0
1753546984054,16:23:04.054,ADA/USDT:USDT,0.836341,48.0,0.83634,1.0,0.836414,96.0,0.836454,1.0
1753546984090,16:23:04.090,ADA/USDT:USDT,0.836343,48.0,0.836342,80.0,0.836414,96.0,0.836454,1.0
1753546984114,16:23:04.114,ADA/USDT:USDT,0.836345,48.0,0.836344,80.0,0.836414,96.0,0.836454,1.0
1753546984146,16:23:04.146,ADA/USDT:USDT,0.836347,48.0,0.836346,80.0,0.836414,96.0,0.836454,1.0
1753546984174,16:23:04.174,ADA/USDT:USDT,0.836347,49.0,0.836346,80.0,0.836414,96.0,0.836454,1.0
1753546984206,16:23:04.206,ADA/USDT:USDT,0.836347,49.0,0.836346,80.0,0.836414,96.0,0.836454,1.0
1753546984256,16:23:04.256,ADA/USDT:USDT,0.836347,49.0,0.836346,80.0,0.836414,96.0,0.836454,1.0
1753546984265,16:23:04.265,ADA/USDT:USDT,0.836347,145.0,0.836346,80.0,0.836414,96.0,0.836454,1.0
1753546984297,16:23:04.297,ADA/USDT:USDT,0.836356,48.0,0.836347,1.0,0.836414,96.0,0.836454,1.0
1753546984329,16:23:04.329,ADA/USDT:USDT,0.836358,48.0,0.836357,96.0,0.836414,96.0,0.836454,1.0
1753546984421,16:23:04.421,ADA/USDT:USDT,0.836358,49.0,0.836292,96.0,0.836414,96.0,0.836454,1.0
1753546984445,16:23:04.445,ADA/USDT:USDT,0.836453,96.0,0.836414,80.0,0.836454,1.0,0.836465,96.0
1753546984480,16:23:04.480,ADA/USDT:USDT,0.836453,96.0,0.836414,1.0,0.836465,96.0,0.836505,1.0
1753546984511,16:23:04.511,ADA/USDT:USDT,0.836464,160.0,0.836457,96.0,0.836505,1.0,0.836506,27.0
1753546984536,16:23:04.536,ADA/USDT:USDT,0.836465,96.0,0.836464,160.0,0.836506,27.0,0.836507,96.0
1753546984566,16:23:04.566,ADA/USDT:USDT,0.836466,144.0,0.836411,96.0,0.836506,27.0,0.836507,96.0
1753546984598,16:23:04.598,ADA/USDT:USDT,0.836466,144.0,0.836411,96.0,0.836506,27.0,0.836548,27.0
1753546984644,16:23:04.644,ADA/USDT:USDT,0.836466,144.0,0.836411,96.0,0.836499,96.0,0.836548,28.0
1753546984658,16:23:04.658,ADA/USDT:USDT,0.836498,256.0,0.836466,96.0,0.836499,96.0,0.836548,28.0
1753546984714,16:23:04.714,ADA/USDT:USDT,0.836498,256.0,0.836476,55.0,0.836499,96.0,0.836548,28.0
1753546984746,16:23:04.746,ADA/USDT:USDT,0.836498,256.0,0.836476,55.0,0.836499,96.0,0.836548,28.0
1753546984774,16:23:04.774,ADA/USDT:USDT,0.836498,256.0,0.836476,55.0,0.836499,96.0,0.836548,28.0
1753546984998,16:23:04.998,ADA/USDT:USDT,0.836498,256.0,0.836476,55.0,0.836548,28.0,0.836549,96.0
1753546985013,16:23:05.013,ADA/USDT:USDT,0.836547,96.0,0.836498,160.0,0.836548,27.0,0.836549,96.0
1753546985051,16:23:05.051,ADA/USDT:USDT,0.836548,96.0,0.836547,80.0,0.836682,55.0,0.83669,368.0
1753546985075,16:23:05.075,ADA/USDT:USDT,0.836548,97.0,0.836547,80.0,0.83664,55.0,0.836649,96.0
1753546985128,16:23:05.128,ADA/USDT:USDT,0.836548,97.0,0.836547,80.0,0.836599,96.0,0.83664,55.0
1753546985143,16:23:05.143,ADA/USDT:USDT,0.836548,97.0,0.836547,80.0,0.836599,96.0,0.83664,55.0
1753546985166,16:23:05.166,ADA/USDT:USDT,0.836548,96.0,0.836547,80.0,0.836557,96.0,0.836598,27.0
1753546985436,16:23:05.436,ADA/USDT:USDT,0.836548,96.0,0.836547,80.0,0.836556,27.0,0.836557,96.0
1753546985485,16:23:05.485,ADA/USDT:USDT,0.836548,96.0,0.836547,80.0,0.836556,27.0,0.836598,27.0
1753546985496,16:23:05.496,ADA/USDT:USDT,0.836548,96.0,0.836547,80.0,0.836549,96.0,0.836556,27.0
1753546985525,16:23:05.525,ADA/USDT:USDT,0.836471,55.0,0.836467,1.0,0.836549,27.0,0.836556,27.0
1753546985555,16:23:05.555,ADA/USDT:USDT,0.836474,96.0,0.836472,48.0,0.836549,27.0,0.836556,27.0
1753546985584,16:23:05.584,ADA/USDT:USDT,0.836477,96.0,0.836475,80.0,0.836523,96.0,0.836549,27.0
1753546985837,16:23:05.837,ADA/USDT:USDT,0.83648,96.0,0.836479,80.0,0.836523,96.0,0.836548,1.0
1753546985943,16:23:05.943,ADA/USDT:USDT,0.83648,96.0,0.836479,80.0,0.836523,96.0,0.836548,1.0
1753546985952,16:23:05.952,ADA/USDT:USDT,0.836481,48.0,0.83648,96.0,0.836523,96.0,0.836548,1.0
1753546986001,16:23:06.001,ADA/USDT:USDT,0.836481,48.0,0.836411,96.0,0.836523,96.0,0.836548,1.0
1753546986011,16:23:06.011,ADA/USDT:USDT,0.836483,48.0,0.836482,96.0,0.836523,96.0,0.836548,1.0
1753546986034,16:23:06.034,ADA/USDT:USDT,0.836487,96.0,0.836484,80.0,0.836523,96.0,0.836548,1.0
1753546986071,16:23:06.071,ADA/USDT:USDT,0.836487,96.0,0.836411,96.0,0.836523,96.0,0.836548,1.0
1753546986092,16:23:06.092,ADA/USDT:USDT,0.836523,48.0,0.836522,256.0,0.836548,1.0,0.836549,27.0
1753546986134,16:23:06.134,ADA/USDT:USDT,0.836525,96.0,0.836524,80.0,0.836549,27.0,0.836556,27.0
1753546986155,16:23:06.155,ADA/USDT:USDT,0.836597,256.0,0.836555,96.0,0.836598,1.0,0.83664,55.0
1753546986187,16:23:06.187,ADA/USDT:USDT,0.836597,352.0,0.836549,1.0,0.836726,96.0,0.836761,845.0
1753546986214,16:23:06.214,ADA/USDT:USDT,0.836644,96.0,0.836599,80.0,0.836645,96.0,0.836717,55.0
1753546986254,16:23:06.254,ADA/USDT:USDT,0.836644,96.0,0.8366,96.0,0.836645,96.0,0.836717,55.0
1753546986280,16:23:06.280,ADA/USDT:USDT,0.836644,176.0,0.8366,96.0,0.836645,96.0,0.836717,55.0
1753546986308,16:23:06.308,ADA/USDT:USDT,0.836644,272.0,0.8366,96.0,0.836725,28.0,0.836726,96.0
1753546986335,16:23:06.335,ADA/USDT:USDT,0.836724,256.0,0.836669,96.0,0.836725,1.0,0.836891,96.0
1753546986369,16:23:06.369,ADA/USDT:USDT,0.836724,256.0,0.836669,96.0,0.836767,96.0,0.83689,27.0
1753546986396,16:23:06.396,ADA/USDT:USDT,0.836726,48.0,0.836725,151.0,0.836767,96.0,0.83689,27.0
1753546986426,16:23:06.426,ADA/USDT:USDT,0.836766,96.0,0.836735,55.0,0.836767,96.0,0.836882,55.0
1753546986475,16:23:06.475,ADA/USDT:USDT,0.836766,96.0,0.836728,1.0,0.836767,96.0,0.836882,55.0
1753546986491,16:23:06.491,ADA/USDT:USDT,0.836766,96.0,0.836727,96.0,0.836767,96.0,0.836882,55.0
1753546986579,16:23:06.579,ADA/USDT:USDT,0.836766,96.0,0.836727,96.0,0.836767,96.0,0.836882,55.0
1753546986606,16:23:06.606,ADA/USDT:USDT,0.836766,176.0,0.83667,1.0,0.836882,55.0,0.836889,1.0
1753546986638,16:23:06.638,ADA/USDT:USDT,0.836776,128.0,0.836767,1.0,0.836841,96.0,0.836889,1.0
1753546986673,16:23:06.673,ADA/USDT:USDT,0.836784,55.0,0.836782,48.0,0.836841,96.0,0.836889,1.0
1753546986694,16:23:06.694,ADA/USDT:USDT,0.83684,96.0,0.836768,1.0,0.836841,96.0,0.836889,1.0
1753546986736,16:23:06.736,ADA/USDT:USDT,0.83684,96.0,0.836794,55.0,0.836841,96.0,0.836889,1.0
1753546986793,16:23:06.793,ADA/USDT:USDT,0.83684,96.0,0.836794,55.0,0.836841,96.0,0.836889,1.0
1753546986821,16:23:06.821,ADA/USDT:USDT,0.83684,176.0,0.836768,1.0,0.836841,96.0,0.836889,1.0
1753546986872,16:23:06.872,ADA/USDT:USDT,0.83684,176.0,0.836767,96.0,0.836841,96.0,0.836889,1.0
1753546986873,16:23:06.873,ADA/USDT:USDT,0.83684,176.0,0.836767,96.0,0.836841,96.0,0.836889,1.0
1753546986908,16:23:06.908,ADA/USDT:USDT,0.83684,231.0,0.836767,96.0,0.836841,96.0,0.836889,1.0
1753546986941,16:23:06.941,ADA/USDT:USDT,0.83684,231.0,0.836767,96.0,0.836841,96.0,0.836889,1.0
1753546986975,16:23:06.975,ADA/USDT:USDT,0.83684,231.0,0.836767,96.0,0.836841,96.0,0.836889,1.0
1753546986996,16:23:06.996,ADA/USDT:USDT,0.83684,231.0,0.836767,96.0,0.836841,96.0,0.836889,1.0
1753546987025,16:23:07.025,ADA/USDT:USDT,0.83684,231.0,0.836767,96.0,0.836889,1.0,0.83689,27.0
1753546987056,16:23:07.056,ADA/USDT:USDT,0.836888,96.0,0.836849,55.0,0.836999,27.0,0.837,6.0
1753546987150,16:23:07.150,ADA/USDT:USDT,0.836888,96.0,0.83685,1.0,0.836957,27.0,0.836958,96.0
1753546987174,16:23:07.174,ADA/USDT:USDT,0.836888,96.0,0.836768,1.0,0.836916,96.0,0.836957,83.0
1753546987227,16:23:07.227,ADA/USDT:USDT,0.836888,96.0,0.836768,1.0,0.836916,96.0,0.836956,55.0
1753546987241,16:23:07.241,ADA/USDT:USDT,0.836888,96.0,0.836768,1.0,0.836916,96.0,0.836956,55.0
1753546987576,16:23:07.576,ADA/USDT:USDT,0.836888,48.0,0.836768,1.0,0.836916,96.0,0.836955,1.0
1753546987594,16:23:07.594,ADA/USDT:USDT,0.836915,176.0,0.836809,96.0,0.836916,96.0,0.836955,1.0
1753546987624,16:23:07.624,ADA/USDT:USDT,0.836915,272.0,0.836809,96.0,0.836916,96.0,0.836957,1.0
1753546987660,16:23:07.660,ADA/USDT:USDT,0.836915,321.0,0.836809,96.0,0.836916,96.0,0.836958,96.0
1753546987686,16:23:07.686,ADA/USDT:USDT,0.836957,96.0,0.836915,280.0,0.836958,96.0,0.836998,1.0
1753546987746,16:23:07.746,ADA/USDT:USDT,0.836957,176.0,0.836918,55.0,0.836958,96.0,0.836999,27.0
1753546987774,16:23:07.774,ADA/USDT:USDT,0.836957,176.0,0.836918,55.0,0.836958,96.0,0.836999,27.0
1753546987944,16:23:07.944,ADA/USDT:USDT,0.836957,176.0,0.836916,1.0,0.836958,96.0,0.837,6.0
1753546987959,16:23:07.959,ADA/USDT:USDT,0.836957,176.0,0.836916,1.0,0.836958,96.0,0.837,6.0
1753546988136,16:23:08.136,ADA/USDT:USDT,0.836957,176.0,0.836916,1.0,0.836958,96.0,0.837,6.0
1753546988168,16:23:08.168,ADA/USDT:USDT,0.836957,96.0,0.836916,1.0,0.836958,96.0,0.837,6.0
1753546988202,16:23:08.202,ADA/USDT:USDT,0.836957,96.0,0.836915,49.0,0.836958,96.0,0.837,6.0
1753546988283,16:23:08.283,ADA/USDT:USDT,0.836957,176.0,0.836915,49.0,0.836958,96.0,0.837,6.0
1753546988413,16:23:08.413,ADA/USDT:USDT,0.836957,96.0,0.836915,49.0,0.836958,96.0,0.837,6.0
1753546988438,16:23:08.438,ADA/USDT:USDT,0.836957,96.0,0.836915,49.0,0.836958,96.0,0.837,6.0
1753546988518,16:23:08.518,ADA/USDT:USDT,0.836957,96.0,0.836915,49.0,0.836958,96.0,0.837,6.0
1753546988529,16:23:08.529,ADA/USDT:USDT,0.836957,96.0,0.836915,49.0,0.836958,96.0,0.837,6.0
1753546988980,16:23:08.980,ADA/USDT:USDT,0.836957,96.0,0.836915,49.0,0.836958,96.0,0.837,6.0
1753546989027,16:23:09.027,ADA/USDT:USDT,0.836957,96.0,0.836915,49.0,0.836958,96.0,0.837,6.0
1753546990072,16:23:10.072,ADA/USDT:USDT,0.836957,96.0,0.836915,49.0,0.836958,96.0,0.837,6.0
1753546990110,16:23:10.110,ADA/USDT:USDT,0.836957,96.0,0.836915,49.0,0.836958,96.0,0.837,6.0
1753546990140,16:23:10.140,ADA/USDT:USDT,0.836957,96.0,0.836915,49.0,0.836958,96.0,0.837,6.0
1753546990144,16:23:10.144,ADA/USDT:USDT,0.836957,96.0,0.836915,49.0,0.836958,96.0,0.837,6.0
1753546990226,16:23:10.226,ADA/USDT:USDT,0.836957,96.0,0.836915,49.0,0.836958,96.0,0.837,6.0
1753546990234,16:23:10.234,ADA/USDT:USDT,0.836957,96.0,0.836915,49.0,0.836958,96.0,0.837,6.0
1753546990269,16:23:10.269,ADA/USDT:USDT,0.836957,96.0,0.836915,49.0,0.836958,96.0,0.837,6.0
1753546990297,16:23:10.297,ADA/USDT:USDT,0.836957,96.0,0.836915,49.0,0.836958,96.0,0.837,6.0
1753546990323,16:23:10.323,ADA/USDT:USDT,0.836957,192.0,0.836915,49.0,0.837,6.0,0.837001,4.0
1753546990356,16:23:10.356,ADA/USDT:USDT,0.836957,96.0,0.836915,49.0,0.837,6.0,0.837001,4.0
1753546990398,16:23:10.398,ADA/USDT:USDT,0.836999,96.0,0.836966,96.0,0.837,6.0,0.837001,4.0
1753546990415,16:23:10.415,ADA/USDT:USDT,0.836999,96.0,0.836966,96.0,0.837,6.0,0.837001,4.0
1753546990498,16:23:10.498,ADA/USDT:USDT,0.836999,96.0,0.836966,96.0,0.837,6.0,0.837001,4.0
1753546990513,16:23:10.513,ADA/USDT:USDT,0.836999,96.0,0.836966,96.0,0.837,102.0,0.837001,4.0
1753546990848,16:23:10.848,ADA/USDT:USDT,0.836999,96.0,0.836966,96.0,0.837,102.0,0.837001,4.0
1753546990874,16:23:10.874,ADA/USDT:USDT,0.836999,192.0,0.836916,1.0,0.837,6.0,0.837001,4.0
1753546990898,16:23:10.898,ADA/USDT:USDT,0.836999,327.0,0.836915,49.0,0.837,6.0,0.837001,4.0
1753546990938,16:23:10.938,ADA/USDT:USDT,0.836999,327.0,0.836915,49.0,0.837,6.0,0.837001,4.0
1753546990956,16:23:10.956,ADA/USDT:USDT,0.836999,327.0,0.836915,49.0,0.837,6.0,0.837001,4.0
1753546990991,16:23:10.991,ADA/USDT:USDT,0.836999,327.0,0.836915,49.0,0.837,6.0,0.837001,4.0
1753546991019,16:23:11.019,ADA/USDT:USDT,0.836999,327.0,0.836915,49.0,0.837,6.0,0.837001,4.0
1753546991047,16:23:11.047,ADA/USDT:USDT,0.836999,327.0,0.836915,49.0,0.837,6.0,0.837001,4.0
1753546991081,16:23:11.081,ADA/USDT:USDT,0.836999,376.0,0.836915,49.0,0.837,6.0,0.837001,4.0
1753546991123,16:23:11.123,ADA/USDT:USDT,0.836999,376.0,0.836915,49.0,0.837,6.0,0.837001,4.0
1753546991689,16:23:11.689,ADA/USDT:USDT,0.836999,376.0,0.836915,49.0,0.837,6.0,0.837001,4.0
1753546991727,16:23:11.727,ADA/USDT:USDT,0.836999,376.0,0.836915,49.0,0.837,6.0,0.837001,4.0
1753546991744,16:23:11.744,ADA/USDT:USDT,0.836999,376.0,0.836915,49.0,0.837,6.0,0.837001,4.0
1753546992237,16:23:12.237,ADA/USDT:USDT,0.836999,296.0,0.836915,49.0,0.837,6.0,0.837001,4.0
1753546992258,16:23:12.258,ADA/USDT:USDT,0.836999,241.0,0.836915,49.0,0.837,6.0,0.837001,4.0
1753546992275,16:23:12.275,ADA/USDT:USDT,0.836999,241.0,0.836915,49.0,0.837,6.0,0.837001,4.0
1753546992517,16:23:12.517,ADA/USDT:USDT,0.836999,145.0,0.836915,49.0,0.837,6.0,0.837001,4.0
1753546992620,16:23:12.620,ADA/USDT:USDT,0.836999,49.0,0.836915,49.0,0.837,100.0,0.837001,4.0
1753546992644,16:23:12.644,ADA/USDT:USDT,0.836999,49.0,0.836768,1.0,0.837,155.0,0.837001,4.0
1753546992666,16:23:12.666,ADA/USDT:USDT,0.836809,94.0,0.836769,48.0,0.836991,55.0,0.836999,27.0
1753546992695,16:23:12.695,ADA/USDT:USDT,0.836852,128.0,0.836851,94.0,0.836959,94.0,0.836991,55.0
1753546992724,16:23:12.724,ADA/USDT:USDT,0.836882,80.0,0.836881,48.0,0.836959,94.0,0.83699,1.0
1753546992761,16:23:12.761,ADA/USDT:USDT,0.836887,48.0,0.836886,80.0,0.836959,94.0,0.83699,1.0
1753546992785,16:23:12.785,ADA/USDT:USDT,0.836889,48.0,0.836888,80.0,0.836959,94.0,0.83699,1.0
1753546993083,16:23:13.083,ADA/USDT:USDT,0.836958,256.0,0.836898,55.0,0.83699,1.0,0.836999,27.0
1753546993083,16:23:13.083,ADA/USDT:USDT,0.836958,256.0,0.836898,55.0,0.83699,1.0,0.836999,27.0
1753546993117,16:23:13.117,ADA/USDT:USDT,0.836999,96.0,0.836991,94.0,0.837,100.0,0.837001,4.0
1753546993475,16:23:13.475,ADA/USDT:USDT,0.836999,96.0,0.836891,94.0,0.837,100.0,0.837001,4.0
1753546993879,16:23:13.879,ADA/USDT:USDT,0.836999,176.0,0.836891,94.0,0.837,100.0,0.837001,4.0
1753546993906,16:23:13.906,ADA/USDT:USDT,0.836999,325.0,0.836891,94.0,0.837,6.0,0.837001,4.0
1753546994068,16:23:14.068,ADA/USDT:USDT,0.836999,277.0,0.836891,94.0,0.837,6.0,0.837001,4.0
1753546994073,16:23:14.073,ADA/USDT:USDT,0.836999,94.0,0.836891,94.0,0.837,6.0,0.837001,4.0
1753546994106,16:23:14.106,ADA/USDT:USDT,0.8369,55.0,0.836892,48.0,0.83699,94.0,0.837,33.0
1753546994134,16:23:14.134,ADA/USDT:USDT,0.836936,55.0,0.83681,1.0,0.83699,94.0,0.837,33.0
1753546994164,16:23:14.164,ADA/USDT:USDT,0.836949,94.0,0.836947,48.0,0.83699,94.0,0.837,33.0
1753546994195,16:23:14.195,ADA/USDT:USDT,0.836957,48.0,0.83695,94.0,0.83699,94.0,0.837,33.0
1753546994226,16:23:14.226,ADA/USDT:USDT,0.836959,48.0,0.83695,94.0,0.83699,94.0,0.837,33.0
1753546994260,16:23:14.260,ADA/USDT:USDT,0.836967,55.0,0.83695,94.0,0.83699,94.0,0.837,33.0
1753546994373,16:23:14.373,ADA/USDT:USDT,0.836989,96.0,0.836967,55.0,0.83699,94.0,0.837,6.0
1753546994375,16:23:14.375,ADA/USDT:USDT,0.836989,96.0,0.836967,55.0,0.83699,94.0,0.836999,1.0
1753546994405,16:23:14.405,ADA/USDT:USDT,0.836989,96.0,0.836967,55.0,0.83699,94.0,0.837,6.0
1753546994477,16:23:14.477,ADA/USDT:USDT,0.836989,96.0,0.836967,55.0,0.83699,94.0,0.837,6.0
1753546994492,16:23:14.492,ADA/USDT:USDT,0.836989,96.0,0.836967,55.0,0.83699,94.0,0.837,6.0
1753546994764,16:23:14.764,ADA/USDT:USDT,0.836989,96.0,0.836967,55.0,0.837,6.0,0.837001,4.0
1753546994824,16:23:14.824,ADA/USDT:USDT,0.836999,190.0,0.836994,55.0,0.837,6.0,0.837001,4.0
1753546994824,16:23:14.824,ADA/USDT:USDT,0.836999,190.0,0.836809,94.0,0.837,6.0,0.837001,4.0
1753546994900,16:23:14.900,ADA/USDT:USDT,0.836999,245.0,0.836855,300.0,0.837,6.0,0.837001,4.0
1753546994916,16:23:14.916,ADA/USDT:USDT,0.836999,245.0,0.836856,1.0,0.837,6.0,0.837001,4.0
1753546996415,16:23:16.415,ADA/USDT:USDT,0.836999,190.0,0.836856,1.0,0.837,6.0,0.837001,4.0
1753546996506,16:23:16.506,ADA/USDT:USDT,0.836999,142.0,0.836856,1.0,0.837,6.0,0.837001,4.0
1753546996540,16:23:16.540,ADA/USDT:USDT,0.836865,55.0,0.836856,1.0,0.836959,94.0,0.836994,55.0
1753546996593,16:23:16.593,ADA/USDT:USDT,0.836819,80.0,0.836818,55.0,0.836917,94.0,0.836958,27.0
1753546996625,16:23:16.625,ADA/USDT:USDT,0.836819,1.0,0.836767,96.0,0.836917,94.0,0.836956,55.0
1753546996662,16:23:16.662,ADA/USDT:USDT,0.836767,96.0,0.836671,1.0,0.836875,94.0,0.836907,55.0
1753546996685,16:23:16.685,ADA/USDT:USDT,0.836672,48.0,0.836671,1.0,0.836872,55.0,0.836875,94.0
1753546996716,16:23:16.716,ADA/USDT:USDT,0.836769,55.0,0.836686,48.0,0.836831,94.0,0.836871,27.0
1753546996747,16:23:16.747,ADA/USDT:USDT,0.836686,223.0,0.836681,55.0,0.836831,94.0,0.83687,1.0
1753546996776,16:23:16.776,ADA/USDT:USDT,0.836696,48.0,0.836695,55.0,0.836789,94.0,0.83683,82.0
1753546996806,16:23:16.806,ADA/USDT:USDT,0.836713,48.0,0.836712,94.0,0.836789,94.0,0.836829,1.0
1753546996835,16:23:16.835,ADA/USDT:USDT,0.836716,55.0,0.836715,142.0,0.836789,94.0,0.836829,1.0
1753546996899,16:23:16.899,ADA/USDT:USDT,0.836788,256.0,0.836726,55.0,0.836789,94.0,0.836829,1.0
1753546996925,16:23:16.925,ADA/USDT:USDT,0.836788,256.0,0.836726,55.0,0.836789,94.0,0.836831,94.0
1753546996974,16:23:16.974,ADA/USDT:USDT,0.83683,96.0,0.836797,55.0,0.836831,94.0,0.83687,1.0
1753546996988,16:23:16.988,ADA/USDT:USDT,0.83683,96.0,0.836788,94.0,0.836831,94.0,0.83687,1.0
1753546997015,16:23:17.015,ADA/USDT:USDT,0.83683,231.0,0.836789,1.0,0.836831,94.0,0.836871,27.0
1753546997096,16:23:17.096,ADA/USDT:USDT,0.83683,231.0,0.836788,94.0,0.836831,94.0,0.836874,1.0
1753546997103,16:23:17.103,ADA/USDT:USDT,0.83683,231.0,0.836788,94.0,0.836874,1.0,0.836875,94.0
1753546997135,16:23:17.135,ADA/USDT:USDT,0.836871,94.0,0.836789,300.0,0.836915,1.0,0.836959,94.0
1753546997165,16:23:17.165,ADA/USDT:USDT,0.83692,55.0,0.836914,305.0,0.836959,94.0,0.836999,1.0
1753546997195,16:23:17.195,ADA/USDT:USDT,0.836925,55.0,0.836921,80.0,0.836959,94.0,0.836999,1.0
1753546997246,16:23:17.246,ADA/USDT:USDT,0.836958,96.0,0.836925,55.0,0.836959,94.0,0.836999,1.0
1753546997258,16:23:17.258,ADA/USDT:USDT,0.836958,96.0,0.836925,55.0,0.836959,94.0,0.837,100.0
1753546997307,16:23:17.307,ADA/USDT:USDT,0.836958,96.0,0.836925,55.0,0.836959,94.0,0.837,100.0
1753546997323,16:23:17.323,ADA/USDT:USDT,0.836958,96.0,0.836925,55.0,0.836959,94.0,0.837,100.0
1753546997389,16:23:17.389,ADA/USDT:USDT,0.836958,96.0,0.836925,55.0,0.836959,94.0,0.837,100.0
1753546997635,16:23:17.635,ADA/USDT:USDT,0.836958,96.0,0.836925,55.0,0.836959,94.0,0.837,100.0
1753546997690,16:23:17.690,ADA/USDT:USDT,0.836958,96.0,0.836925,55.0,0.836959,94.0,0.837,100.0
1753546997774,16:23:17.774,ADA/USDT:USDT,0.836958,176.0,0.836925,55.0,0.836959,94.0,0.837,100.0
1753546998089,16:23:18.089,ADA/USDT:USDT,0.836958,96.0,0.836925,55.0,0.836959,94.0,0.837,100.0
1753546998200,16:23:18.200,ADA/USDT:USDT,0.836958,96.0,0.836917,1.0,0.836959,94.0,0.837,100.0
1753546998218,16:23:18.218,ADA/USDT:USDT,0.836958,96.0,0.836916,94.0,0.836959,94.0,0.837,100.0
1753546998280,16:23:18.280,ADA/USDT:USDT,0.836958,96.0,0.836916,94.0,0.836959,94.0,0.837,100.0
1753546998514,16:23:18.514,ADA/USDT:USDT,0.836958,270.0,0.836916,94.0,0.836959,94.0,0.837,100.0
1753546998554,16:23:18.554,ADA/USDT:USDT,0.836958,231.0,0.836916,94.0,0.837,100.0,0.837001,4.0
1753546998639,16:23:18.639,ADA/USDT:USDT,0.836975,48.0,0.836974,94.0,0.837,6.0,0.837001,4.0
1753546998685,16:23:18.685,ADA/USDT:USDT,0.836975,48.0,0.836916,94.0,0.836999,94.0,0.837,6.0
1753546998698,16:23:18.698,ADA/USDT:USDT,0.836975,48.0,0.836916,94.0,0.836999,94.0,0.837,6.0
1753546998756,16:23:18.756,ADA/USDT:USDT,0.836975,48.0,0.836917,1.0,0.836998,27.0,0.836999,94.0
1753546999531,16:23:19.531,ADA/USDT:USDT,0.836975,103.0,0.836917,1.0,0.836976,94.0,0.836998,27.0
1753546999545,16:23:19.545,ADA/USDT:USDT,0.836975,103.0,0.836916,94.0,0.836976,94.0,0.836998,27.0
1753546999891,16:23:19.891,ADA/USDT:USDT,0.836975,103.0,0.836916,94.0,0.836976,94.0,0.836998,27.0
1753546999965,16:23:19.965,ADA/USDT:USDT,0.836975,48.0,0.836916,94.0,0.836976,94.0,0.836998,27.0
1753547000029,16:23:20.029,ADA/USDT:USDT,0.836975,48.0,0.836916,94.0,0.836976,94.0,0.836998,27.0
1753547000046,16:23:20.046,ADA/USDT:USDT,0.836999,48.0,0.836997,96.0,0.837,6.0,0.837001,4.0
1753547000077,16:23:20.077,ADA/USDT:USDT,0.836999,151.0,0.836975,55.0,0.837,6.0,0.837001,4.0
1753547000109,16:23:20.109,ADA/USDT:USDT,0.836999,231.0,0.836917,1.0,0.837,6.0,0.837001,4.0
1753547000184,16:23:20.184,ADA/USDT:USDT,0.836999,231.0,0.836916,94.0,0.837,6.0,0.837001,4.0
1753547000208,16:23:20.208,ADA/USDT:USDT,0.836999,231.0,0.836916,94.0,0.837,6.0,0.837001,4.0
1753547000226,16:23:20.226,ADA/USDT:USDT,0.836999,231.0,0.836916,94.0,0.837,6.0,0.837001,4.0
1753547000625,16:23:20.625,ADA/USDT:USDT,0.836999,231.0,0.836916,94.0,0.837,100.0,0.837001,4.0
1753547001232,16:23:21.232,ADA/USDT:USDT,0.836999,176.0,0.836916,94.0,0.837,100.0,0.837001,4.0
1753547001422,16:23:21.422,ADA/USDT:USDT,0.836999,96.0,0.836916,94.0,0.837,100.0,0.837001,4.0
1753547001485,16:23:21.485,ADA/USDT:USDT,0.836925,55.0,0.836915,1.0,0.836959,94.0,0.836999,27.0
1753547001515,16:23:21.515,ADA/USDT:USDT,0.836925,55.0,0.836914,49.0,0.836959,94.0,0.836999,27.0
1753547001546,16:23:21.546,ADA/USDT:USDT,0.836927,55.0,0.836914,49.0,0.836959,94.0,0.836998,1.0
1753547001606,16:23:21.606,ADA/USDT:USDT,0.836932,55.0,0.836928,48.0,0.836959,94.0,0.836998,1.0
1753547001820,16:23:21.820,ADA/USDT:USDT,0.836932,55.0,0.836915,1.0,0.836959,94.0,0.836998,1.0
1753547001901,16:23:21.901,ADA/USDT:USDT,0.836942,55.0,0.836914,49.0,0.836959,94.0,0.836998,1.0
1753547001907,16:23:21.907,ADA/USDT:USDT,0.836942,55.0,0.836914,49.0,0.836959,94.0,0.836998,1.0
1753547001938,16:23:21.938,ADA/USDT:USDT,0.836958,140.0,0.836942,55.0,0.836998,1.0,0.836999,27.0
1753547001965,16:23:21.965,ADA/USDT:USDT,0.836999,96.0,0.836998,48.0,0.837,100.0,0.837001,4.0
1753547002033,16:23:22.033,ADA/USDT:USDT,0.836999,176.0,0.836986,92.0,0.837,100.0,0.837001,4.0
1753547002379,16:23:22.379,ADA/USDT:USDT,0.836999,151.0,0.836986,92.0,0.837,100.0,0.837001,4.0
1753547002384,16:23:22.384,ADA/USDT:USDT,0.836999,96.0,0.836986,92.0,0.837,100.0,0.837001,4.0
1753547002594,16:23:22.594,ADA/USDT:USDT,0.836999,176.0,0.836917,1.0,0.837,100.0,0.837001,4.0
1753547002597,16:23:22.597,ADA/USDT:USDT,0.836999,268.0,0.836917,1.0,0.837,100.0,0.837001,4.0
1753547002623,16:23:22.623,ADA/USDT:USDT,0.836999,323.0,0.836928,300.0,0.837,100.0,0.837001,4.0
1753547002729,16:23:22.729,ADA/USDT:USDT,0.836999,243.0,0.836929,1.0,0.837,100.0,0.837001,4.0
1753547002729,16:23:22.729,ADA/USDT:USDT,0.836929,1.0,0.836916,92.0,0.837,100.0,0.837001,4.0
1753547002748,16:23:22.748,ADA/USDT:USDT,0.836873,1.0,0.836872,94.0,0.836959,92.0,0.836999,27.0
1753547002774,16:23:22.774,ADA/USDT:USDT,0.836881,92.0,0.836873,48.0,0.836958,27.0,0.836959,92.0
1753547002804,16:23:22.804,ADA/USDT:USDT,0.836884,55.0,0.836881,92.0,0.836932,92.0,0.836958,27.0
1753547002834,16:23:22.834,ADA/USDT:USDT,0.83689,55.0,0.836886,92.0,0.836932,92.0,0.836958,27.0
1753547002870,16:23:22.870,ADA/USDT:USDT,0.836893,48.0,0.836892,55.0,0.836932,92.0,0.836958,27.0
1753547002945,16:23:22.945,ADA/USDT:USDT,0.836908,92.0,0.836898,48.0,0.836932,92.0,0.836958,27.0
1753547002958,16:23:22.958,ADA/USDT:USDT,0.836908,92.0,0.836898,48.0,0.836932,92.0,0.836958,27.0
1753547003326,16:23:23.326,ADA/USDT:USDT,0.836908,92.0,0.836897,55.0,0.836932,92.0,0.836958,27.0
1753547003345,16:23:23.345,ADA/USDT:USDT,0.836931,348.0,0.836913,55.0,0.836999,28.0,0.837,100.0
1753547003394,16:23:23.394,ADA/USDT:USDT,0.836998,96.0,0.83694,55.0,0.836999,1.0,0.837,100.0
1753547003404,16:23:23.404,ADA/USDT:USDT,0.836998,176.0,0.83694,55.0,0.836999,1.0,0.837,100.0
1753547003579,16:23:23.579,ADA/USDT:USDT,0.836999,311.0,0.836966,92.0,0.837,100.0,0.837001,4.0
1753547003593,16:23:23.593,ADA/USDT:USDT,0.836999,311.0,0.836966,92.0,0.837,100.0,0.837001,4.0
1753547003693,16:23:23.693,ADA/USDT:USDT,0.836999,231.0,0.836966,92.0,0.837,100.0,0.837001,4.0
1753547003837,16:23:23.837,ADA/USDT:USDT,0.836999,96.0,0.836966,92.0,0.837,100.0,0.837001,4.0
1753547004191,16:23:24.191,ADA/USDT:USDT,0.836999,96.0,0.836886,1.0,0.837,100.0,0.837001,4.0
1753547004216,16:23:24.216,ADA/USDT:USDT,0.836999,96.0,0.836886,1.0,0.837,100.0,0.837001,4.0
1753547004275,16:23:24.275,ADA/USDT:USDT,0.836999,48.0,0.836915,92.0,0.837,100.0,0.837001,4.0
1753547004313,16:23:24.313,ADA/USDT:USDT,0.836924,55.0,0.836915,92.0,0.836959,92.0,0.836999,27.0
1753547004441,16:23:24.441,ADA/USDT:USDT,0.836958,256.0,0.836926,92.0,0.836959,92.0,0.836999,28.0
1753547004457,16:23:24.457,ADA/USDT:USDT,0.836958,311.0,0.836926,92.0,0.836959,92.0,0.836999,28.0
1753547004489,16:23:24.489,ADA/USDT:USDT,0.836998,96.0,0.836967,55.0,0.836999,1.0,0.837,100.0
1753547004625,16:23:24.625,ADA/USDT:USDT,0.836999,256.0,0.836958,92.0,0.837,100.0,0.837001,4.0
1753547004641,16:23:24.641,ADA/USDT:USDT,0.836999,256.0,0.836958,92.0,0.837,100.0,0.837001,4.0
1753547004831,16:23:24.831,ADA/USDT:USDT,0.836999,176.0,0.836958,92.0,0.837,100.0,0.837001,4.0
1753547004844,16:23:24.844,ADA/USDT:USDT,0.83684,1.0,0.836839,92.0,0.836999,27.0,0.837,100.0
1753547004874,16:23:24.874,ADA/USDT:USDT,0.836881,48.0,0.83688,92.0,0.836959,92.0,0.836999,28.0
1753547004907,16:23:24.907,ADA/USDT:USDT,0.836898,55.0,0.836892,48.0,0.836959,92.0,0.836999,28.0
1753547005052,16:23:25.052,ADA/USDT:USDT,0.8369,80.0,0.836899,48.0,0.836959,92.0,0.836999,28.0
1753547005056,16:23:25.056,ADA/USDT:USDT,0.836903,92.0,0.8369,80.0,0.836959,92.0,0.836999,28.0
1753547005092,16:23:25.092,ADA/USDT:USDT,0.836904,48.0,0.836903,92.0,0.836959,92.0,0.836999,28.0
1753547005118,16:23:25.118,ADA/USDT:USDT,0.836904,48.0,0.836903,92.0,0.836917,92.0,0.836958,27.0
1753547005174,16:23:25.174,ADA/USDT:USDT,0.836903,92.0,0.836839,92.0,0.836917,92.0,0.836958,28.0
1753547005275,16:23:25.275,ADA/USDT:USDT,0.836916,96.0,0.836905,55.0,0.836917,92.0,0.836958,28.0
1753547005339,16:23:25.339,ADA/USDT:USDT,0.836916,96.0,0.83684,1.0,0.836917,92.0,0.836958,27.0
1753547005358,16:23:25.358,ADA/USDT:USDT,0.836916,96.0,0.836839,92.0,0.836917,92.0,0.836958,27.0
1753547005517,16:23:25.517,ADA/USDT:USDT,0.836916,96.0,0.836839,92.0,0.836917,92.0,0.836958,27.0
1753547005540,16:23:25.540,ADA/USDT:USDT,0.836839,92.0,0.836798,1.0,0.836916,27.0,0.836917,92.0
1753547005609,16:23:25.609,ADA/USDT:USDT,0.836839,92.0,0.836798,1.0,0.836875,92.0,0.836916,27.0
1753547005624,16:23:25.624,ADA/USDT:USDT,0.836839,92.0,0.836798,1.0,0.836875,92.0,0.836916,28.0
1753547005654,16:23:25.654,ADA/USDT:USDT,0.836839,92.0,0.836798,1.0,0.836875,92.0,0.836916,28.0
1753547005890,16:23:25.890,ADA/USDT:USDT,0.83684,128.0,0.836798,1.0,0.836875,92.0,0.836916,28.0
1753547005902,16:23:25.902,ADA/USDT:USDT,0.83684,128.0,0.836798,1.0,0.836875,92.0,0.836916,28.0
1753547005930,16:23:25.930,ADA/USDT:USDT,0.83684,128.0,0.836797,92.0,0.836841,92.0,0.836874,27.0
1753547005954,16:23:25.954,ADA/USDT:USDT,0.836754,55.0,0.836746,1.0,0.83684,27.0,0.836841,92.0
1753547005990,16:23:25.990,ADA/USDT:USDT,0.836765,48.0,0.836755,92.0,0.836807,92.0,0.83684,27.0
1753547006023,16:23:26.023,ADA/USDT:USDT,0.836769,48.0,0.836768,55.0,0.836807,92.0,0.83684,27.0
1753547006129,16:23:26.129,ADA/USDT:USDT,0.836774,55.0,0.836771,48.0,0.836807,92.0,0.83684,27.0
1753547006144,16:23:26.144,ADA/USDT:USDT,0.836774,55.0,0.836771,48.0,0.836807,92.0,0.83684,27.0
1753547006227,16:23:26.227,ADA/USDT:USDT,0.836774,55.0,0.836771,48.0,0.836807,92.0,0.83684,27.0
1753547006263,16:23:26.263,ADA/USDT:USDT,0.836785,55.0,0.836771,48.0,0.836807,92.0,0.83684,27.0
1753547006471,16:23:26.471,ADA/USDT:USDT,0.836789,92.0,0.836771,48.0,0.836807,92.0,0.83684,27.0
1753547006561,16:23:26.561,ADA/USDT:USDT,0.836801,92.0,0.83679,55.0,0.83684,27.0,0.836873,1.0
1753547006586,16:23:26.586,ADA/USDT:USDT,0.836804,48.0,0.836803,92.0,0.83684,27.0,0.836874,27.0
1753547006634,16:23:26.634,ADA/USDT:USDT,0.836804,103.0,0.83669,844.0,0.83684,27.0,0.836874,27.0
1753547006646,16:23:26.646,ADA/USDT:USDT,0.836839,96.0,0.836807,55.0,0.836874,27.0,0.836916,28.0
1753547006681,16:23:26.681,ADA/USDT:USDT,0.836839,96.0,0.836806,92.0,0.836874,119.0,0.836916,28.0
1753547006704,16:23:26.704,ADA/USDT:USDT,0.836839,96.0,0.836807,1.0,0.836869,92.0,0.836874,27.0
1753547006742,16:23:26.742,ADA/USDT:USDT,0.836868,188.0,0.836843,55.0,0.836869,92.0,0.836916,28.0
1753547006765,16:23:26.765,ADA/USDT:USDT,0.836868,188.0,0.836691,1.0,0.836916,27.0,0.836917,92.0
1753547006798,16:23:26.798,ADA/USDT:USDT,0.836899,48.0,0.836898,92.0,0.836916,27.0,0.836917,92.0
1753547006839,16:23:26.839,ADA/USDT:USDT,0.836906,48.0,0.836899,92.0,0.836916,27.0,0.836917,92.0
1753547006980,16:23:26.980,ADA/USDT:USDT,0.836899,92.0,0.83669,844.0,0.836916,27.0,0.836917,92.0
1753547007005,16:23:27.005,ADA/USDT:USDT,0.836957,256.0,0.836916,147.0,0.836958,1.0,0.836959,92.0
1753547007059,16:23:27.059,ADA/USDT:USDT,0.836957,208.0,0.836917,1.0,0.836958,92.0,0.836999,1.0
1753547007072,16:23:27.072,ADA/USDT:USDT,0.836957,208.0,0.836916,92.0,0.836958,92.0,0.836999,1.0
1753547007400,16:23:27.400,ADA/USDT:USDT,0.836957,208.0,0.83679,1.0,0.836958,92.0,0.837,100.0
1753547007426,16:23:27.426,ADA/USDT:USDT,0.836957,48.0,0.836873,92.0,0.836958,92.0,0.837,100.0
1753547008041,16:23:28.041,ADA/USDT:USDT,0.836957,48.0,0.836873,92.0,0.836958,92.0,0.837,100.0
1753547009077,16:23:29.077,ADA/USDT:USDT,0.836957,48.0,0.836873,92.0,0.836958,92.0,0.837,100.0
1753547009227,16:23:29.227,ADA/USDT:USDT,0.836873,92.0,0.83679,1.0,0.836958,92.0,0.837,100.0
1753547009263,16:23:29.263,ADA/USDT:USDT,0.83679,1.0,0.83669,844.0,0.836874,119.0,0.836955,55.0
1753547009292,16:23:29.292,ADA/USDT:USDT,0.83679,1.0,0.836748,92.0,0.836874,27.0,0.836955,55.0
1753547009319,16:23:29.319,ADA/USDT:USDT,0.83679,1.0,0.836757,55.0,0.836874,27.0,0.836955,55.0
1753547009346,16:23:29.346,ADA/USDT:USDT,0.83679,1.0,0.836757,55.0,0.836791,119.0,0.836872,55.0
1753547009376,16:23:29.376,ADA/USDT:USDT,0.83679,1.0,0.836699,55.0,0.836791,119.0,0.836872,55.0
1753547009407,16:23:29.407,ADA/USDT:USDT,0.83679,1.0,0.836645,55.0,0.836791,119.0,0.836872,55.0
1753547009438,16:23:29.438,ADA/USDT:USDT,0.83679,1.0,0.836645,55.0,0.836791,119.0,0.836872,55.0
1753547009468,16:23:29.468,ADA/USDT:USDT,0.836671,92.0,0.836646,128.0,0.836791,119.0,0.836872,55.0
1753547009499,16:23:29.499,ADA/USDT:USDT,0.836681,48.0,0.83668,55.0,0.83675,92.0,0.836791,119.0
1753547009527,16:23:29.527,ADA/USDT:USDT,0.836686,48.0,0.836685,55.0,0.83675,92.0,0.83679,1.0
1753547009594,16:23:29.594,ADA/USDT:USDT,0.836688,48.0,0.836683,1.0,0.83675,92.0,0.83679,1.0
1753547009770,16:23:29.770,ADA/USDT:USDT,0.83669,48.0,0.836689,92.0,0.83675,92.0,0.83679,1.0
1753547009830,16:23:29.830,ADA/USDT:USDT,0.83669,49.0,0.836689,92.0,0.83675,92.0,0.83679,1.0
1753547009872,16:23:29.872,ADA/USDT:USDT,0.83669,49.0,0.836594,92.0,0.83675,92.0,0.83679,1.0
1753547009884,16:23:29.884,ADA/USDT:USDT,0.83669,48.0,0.836594,92.0,0.83675,92.0,0.83679,1.0
1753547010018,16:23:30.018,ADA/USDT:USDT,0.836692,92.0,0.83669,48.0,0.83675,92.0,0.83679,1.0
1753547010034,16:23:30.034,ADA/USDT:USDT,0.836693,48.0,0.836692,92.0,0.83675,92.0,0.83679,1.0
1753547010063,16:23:30.063,ADA/USDT:USDT,0.836749,96.0,0.836696,92.0,0.83675,92.0,0.83679,1.0
1753547010126,16:23:30.126,ADA/USDT:USDT,0.836749,96.0,0.836696,92.0,0.83675,92.0,0.836791,119.0
1753547010230,16:23:30.230,ADA/USDT:USDT,0.836749,96.0,0.836696,92.0,0.83675,92.0,0.836791,119.0
1753547010262,16:23:30.262,ADA/USDT:USDT,0.836749,96.0,0.836696,92.0,0.83675,92.0,0.836791,119.0
1753547010367,16:23:30.367,ADA/USDT:USDT,0.836749,96.0,0.836696,92.0,0.83675,92.0,0.836791,119.0
1753547010445,16:23:30.445,ADA/USDT:USDT,0.836749,96.0,0.836696,92.0,0.83675,92.0,0.836791,119.0
1753547010636,16:23:30.636,ADA/USDT:USDT,0.836749,96.0,0.836696,92.0,0.83675,92.0,0.836791,119.0
1753547010684,16:23:30.684,ADA/USDT:USDT,0.836749,96.0,0.836595,1.0,0.83675,92.0,0.836791,119.0
1753547010700,16:23:30.700,ADA/USDT:USDT,0.836749,96.0,0.836594,92.0,0.83675,92.0,0.836791,119.0
1753547010770,16:23:30.770,ADA/USDT:USDT,0.836749,96.0,0.836594,92.0,0.83675,92.0,0.836791,119.0
1753547010784,16:23:30.784,ADA/USDT:USDT,0.836749,96.0,0.836594,92.0,0.83675,92.0,0.836791,119.0
1753547010824,16:23:30.824,ADA/USDT:USDT,0.836749,96.0,0.836594,92.0,0.83675,92.0,0.836791,119.0
1753547010853,16:23:30.853,ADA/USDT:USDT,0.836749,188.0,0.836594,92.0,0.836791,27.0,0.836871,1.0
1753547010876,16:23:30.876,ADA/USDT:USDT,0.83679,188.0,0.836752,55.0,0.836871,27.0,0.836872,55.0
1753547010906,16:23:30.906,ADA/USDT:USDT,0.836803,48.0,0.836802,92.0,0.836852,92.0,0.836871,27.0
1753547011042,16:23:31.042,ADA/USDT:USDT,0.836803,48.0,0.836752,55.0,0.836852,92.0,0.836871,27.0
1753547011058,16:23:31.058,ADA/USDT:USDT,0.836803,48.0,0.836752,55.0,0.836852,92.0,0.836871,27.0
1753547011240,16:23:31.240,ADA/USDT:USDT,0.836803,48.0,0.836752,55.0,0.836852,92.0,0.836871,27.0
1753547011363,16:23:31.363,ADA/USDT:USDT,0.836803,48.0,0.836752,55.0,0.836852,92.0,0.836871,27.0
1753547011396,16:23:31.396,ADA/USDT:USDT,0.836803,48.0,0.836752,55.0,0.836852,92.0,0.836871,27.0
1753547011472,16:23:31.472,ADA/USDT:USDT,0.836814,48.0,0.836813,92.0,0.836852,92.0,0.836871,27.0
1753547011485,16:23:31.485,ADA/USDT:USDT,0.836814,48.0,0.836813,92.0,0.836852,92.0,0.836871,27.0
1753547011537,16:23:31.537,ADA/USDT:USDT,0.836814,48.0,0.836813,92.0,0.836852,92.0,0.836871,27.0
1753547011572,16:23:31.572,ADA/USDT:USDT,0.836851,96.0,0.836815,92.0,0.836852,92.0,0.836871,27.0
1753547011599,16:23:31.599,ADA/USDT:USDT,0.836851,96.0,0.836815,92.0,0.836852,92.0,0.836871,27.0
1753547011702,16:23:31.702,ADA/USDT:USDT,0.836851,96.0,0.836815,92.0,0.836852,92.0,0.836871,27.0
1753547011721,16:23:31.721,ADA/USDT:USDT,0.836851,96.0,0.836815,92.0,0.836852,92.0,0.836871,27.0
1753547011750,16:23:31.750,ADA/USDT:USDT,0.836851,96.0,0.836815,92.0,0.836852,92.0,0.836871,27.0
1753547011910,16:23:31.910,ADA/USDT:USDT,0.836851,96.0,0.836815,92.0,0.836852,92.0,0.836871,27.0
1753547012026,16:23:32.026,ADA/USDT:USDT,0.836851,96.0,0.836815,92.0,0.836852,92.0,0.836871,27.0
1753547012051,16:23:32.051,ADA/USDT:USDT,0.836851,96.0,0.836815,92.0,0.836852,92.0,0.836871,27.0
1753547012289,16:23:32.289,ADA/USDT:USDT,0.836851,96.0,0.836815,92.0,0.836852,92.0,0.836871,27.0
1753547012385,16:23:32.385,ADA/USDT:USDT,0.836851,96.0,0.836815,92.0,0.836852,92.0,0.836871,27.0
1753547012494,16:23:32.494,ADA/USDT:USDT,0.836851,96.0,0.836815,92.0,0.836852,92.0,0.836871,27.0
1753547012559,16:23:32.559,ADA/USDT:USDT,0.836851,96.0,0.836753,1.0,0.836852,92.0,0.836871,27.0
1753547012618,16:23:32.618,ADA/USDT:USDT,0.836851,96.0,0.836752,55.0,0.836852,92.0,0.836871,27.0
1753547012651,16:23:32.651,ADA/USDT:USDT,0.836851,96.0,0.836752,55.0,0.836852,92.0,0.836871,27.0
1753547012717,16:23:32.717,ADA/USDT:USDT,0.836851,96.0,0.836752,55.0,0.836852,92.0,0.836871,27.0
1753547012741,16:23:32.741,ADA/USDT:USDT,0.836851,96.0,0.836752,55.0,0.836852,92.0,0.836871,27.0
1753547012790,16:23:32.790,ADA/USDT:USDT,0.836851,96.0,0.836752,55.0,0.836852,92.0,0.836871,27.0
1753547012797,16:23:32.797,ADA/USDT:USDT,0.836851,96.0,0.836752,55.0,0.836852,92.0,0.836871,27.0
1753547012828,16:23:32.828,ADA/USDT:USDT,0.83675,1.0,0.836749,92.0,0.836851,27.0,0.836852,92.0
1753547013046,16:23:33.046,ADA/USDT:USDT,0.83675,48.0,0.836595,1.0,0.83681,96.0,0.836849,55.0
1753547013135,16:23:33.135,ADA/USDT:USDT,0.836752,96.0,0.83675,48.0,0.836787,96.0,0.83681,27.0
1753547013304,16:23:33.304,ADA/USDT:USDT,0.83675,48.0,0.836594,92.0,0.836787,96.0,0.836809,1.0
1753547013343,16:23:33.343,ADA/USDT:USDT,0.836595,1.0,0.836594,92.0,0.836751,96.0,0.836787,27.0
1753547013366,16:23:33.366,ADA/USDT:USDT,0.836637,48.0,0.836636,96.0,0.836751,96.0,0.836787,27.0
1753547013400,16:23:33.400,ADA/USDT:USDT,0.836679,48.0,0.836655,55.0,0.836751,96.0,0.836786,1.0
1753547013438,16:23:33.438,ADA/USDT:USDT,0.836696,96.0,0.836686,55.0,0.836751,96.0,0.836786,1.0
1753547013455,16:23:33.455,ADA/USDT:USDT,0.836696,96.0,0.836687,1.0,0.836711,96.0,0.83675,27.0
1753547013487,16:23:33.487,ADA/USDT:USDT,0.836679,48.0,0.836636,96.0,0.836711,96.0,0.836749,1.0
1753547013515,16:23:33.515,ADA/USDT:USDT,0.836679,48.0,0.836637,1.0,0.83668,96.0,0.83671,27.0
1753547013547,16:23:33.547,ADA/USDT:USDT,0.836595,1.0,0.836594,92.0,0.83668,96.0,0.83671,27.0
1753547013573,16:23:33.573,ADA/USDT:USDT,0.836596,48.0,0.83659,1.0,0.836658,96.0,0.836679,27.0
1753547013630,16:23:33.630,ADA/USDT:USDT,0.836598,96.0,0.836596,48.0,0.836658,96.0,0.836678,1.0
1753547013634,16:23:33.634,ADA/USDT:USDT,0.836598,151.0,0.836596,48.0,0.836658,96.0,0.836678,1.0
1753547013668,16:23:33.668,ADA/USDT:USDT,0.836599,96.0,0.836598,55.0,0.836658,96.0,0.836678,1.0
1753547013698,16:23:33.698,ADA/USDT:USDT,0.836601,96.0,0.8366,55.0,0.836658,96.0,0.836678,1.0
1753547013741,16:23:33.741,ADA/USDT:USDT,0.836603,48.0,0.836601,97.0,0.836658,96.0,0.836678,1.0
1753547013782,16:23:33.782,ADA/USDT:USDT,0.836605,48.0,0.836604,55.0,0.836658,96.0,0.836678,1.0
1753547013796,16:23:33.796,ADA/USDT:USDT,0.836605,144.0,0.836604,55.0,0.836658,96.0,0.836678,1.0
1753547013836,16:23:33.836,ADA/USDT:USDT,0.836615,55.0,0.836611,96.0,0.836658,96.0,0.836678,1.0
1753547013845,16:23:33.845,ADA/USDT:USDT,0.836616,48.0,0.836611,96.0,0.836658,96.0,0.836678,1.0
1753547013921,16:23:33.921,ADA/USDT:USDT,0.836619,96.0,0.836616,48.0,0.836658,96.0,0.836678,1.0
1753547013935,16:23:33.935,ADA/USDT:USDT,0.836677,80.0,0.836657,80.0,0.83671,27.0,0.83675,27.0
1753547014014,16:23:34.014,ADA/USDT:USDT,0.836677,256.0,0.836658,1.0,0.83671,123.0,0.83675,28.0
1753547014025,16:23:34.025,ADA/USDT:USDT,0.836677,256.0,0.836658,1.0,0.83671,27.0,0.83675,28.0
1753547014074,16:23:34.074,ADA/USDT:USDT,0.836677,256.0,0.836657,96.0,0.8367,96.0,0.83671,27.0
1753547014088,16:23:34.088,ADA/USDT:USDT,0.836677,256.0,0.836657,96.0,0.8367,96.0,0.83671,27.0
1753547014116,16:23:34.116,ADA/USDT:USDT,0.836679,48.0,0.836678,96.0,0.8367,96.0,0.83671,27.0
1753547014159,16:23:34.159,ADA/USDT:USDT,0.836678,96.0,0.836622,55.0,0.8367,96.0,0.83671,27.0
1753547014176,16:23:34.176,ADA/USDT:USDT,0.836699,176.0,0.836694,96.0,0.8367,96.0,0.836751,96.0
1753547014207,16:23:34.207,ADA/USDT:USDT,0.836701,55.0,0.836699,224.0,0.836751,96.0,0.836848,1.0
1753547014246,16:23:34.246,ADA/USDT:USDT,0.836717,96.0,0.836702,48.0,0.836718,27.0,0.836751,96.0
1753547014265,16:23:34.265,ADA/USDT:USDT,0.836507,380.0,0.836506,92.0,0.836718,123.0,0.836848,1.0
1753547014300,16:23:34.300,ADA/USDT:USDT,0.836548,96.0,0.836517,128.0,0.836677,96.0,0.836718,123.0
1753547014326,16:23:34.326,ADA/USDT:USDT,0.836549,128.0,0.836548,96.0,0.836677,96.0,0.836717,1.0
1753547014358,16:23:34.358,ADA/USDT:USDT,0.836591,128.0,0.83655,1.0,0.836677,96.0,0.836717,1.0
1753547014397,16:23:34.397,ADA/USDT:USDT,0.836626,144.0,0.836599,55.0,0.836677,96.0,0.836717,1.0
1753547014419,16:23:34.419,ADA/USDT:USDT,0.836626,144.0,0.836599,55.0,0.836677,96.0,0.836717,1.0
1753547014456,16:23:34.456,ADA/USDT:USDT,0.836626,144.0,0.836599,55.0,0.836677,96.0,0.836717,1.0
1753547014512,16:23:34.512,ADA/USDT:USDT,0.836626,144.0,0.836599,55.0,0.836677,96.0,0.836717,1.0
1753547014648,16:23:34.648,ADA/USDT:USDT,0.836676,176.0,0.836626,96.0,0.836717,1.0,0.836718,123.0
1753547014654,16:23:34.654,ADA/USDT:USDT,0.836676,272.0,0.836626,96.0,0.836717,1.0,0.836718,123.0
1753547014689,16:23:34.689,ADA/USDT:USDT,0.836717,96.0,0.836716,96.0,0.836848,27.0,0.836852,92.0
1753547014733,16:23:34.733,ADA/USDT:USDT,0.836717,97.0,0.836716,96.0,0.836806,27.0,0.836807,96.0
1753547014746,16:23:34.746,ADA/USDT:USDT,0.836717,97.0,0.836716,96.0,0.836806,27.0,0.836807,96.0
1753547014888,16:23:34.888,ADA/USDT:USDT,0.836717,97.0,0.836676,96.0,0.836765,96.0,0.836806,28.0
1753547014899,16:23:34.899,ADA/USDT:USDT,0.836717,97.0,0.836676,96.0,0.836764,27.0,0.836765,96.0
1753547015771,16:23:35.771,ADA/USDT:USDT,0.836717,48.0,0.836677,1.0,0.836723,96.0,0.836764,27.0
1753547016331,16:23:36.331,ADA/USDT:USDT,0.836722,96.0,0.836677,1.0,0.836723,96.0,0.836763,1.0
1753547016343,16:23:36.343,ADA/USDT:USDT,0.836722,96.0,0.836626,96.0,0.836723,96.0,0.836763,1.0
1753547017130,16:23:37.130,ADA/USDT:USDT,0.836722,48.0,0.836626,96.0,0.836723,96.0,0.836763,1.0
1753547017153,16:23:37.153,ADA/USDT:USDT,0.836606,96.0,0.8366,1.0,0.836722,27.0,0.836723,96.0
1753547017176,16:23:37.176,ADA/USDT:USDT,0.83668,96.0,0.836615,55.0,0.836681,96.0,0.836722,28.0
1753547017271,16:23:37.271,ADA/USDT:USDT,0.83668,192.0,0.836621,96.0,0.836681,96.0,0.836722,28.0
1753547017300,16:23:37.300,ADA/USDT:USDT,0.836721,96.0,0.836692,96.0,0.836722,1.0,0.836723,96.0
1753547017326,16:23:37.326,ADA/USDT:USDT,0.836722,96.0,0.836721,96.0,0.836763,1.0,0.836764,27.0
1753547017355,16:23:37.355,ADA/USDT:USDT,0.836806,96.0,0.836805,48.0,0.836807,96.0,0.836852,92.0
1753547017384,16:23:37.384,ADA/USDT:USDT,0.836851,48.0,0.836806,48.0,0.836852,92.0,0.836873,1.0
1753547017421,16:23:37.421,ADA/USDT:USDT,0.836851,96.0,0.836806,96.0,0.836852,92.0,0.836874,194.0
1753547017448,16:23:37.448,ADA/USDT:USDT,0.836851,96.0,0.836806,96.0,0.836852,92.0,0.836874,194.0
1753547017480,16:23:37.480,ADA/USDT:USDT,0.836663,96.0,0.836631,55.0,0.83681,96.0,0.836851,27.0
1753547017503,16:23:37.503,ADA/USDT:USDT,0.8367,96.0,0.836673,128.0,0.83681,96.0,0.836849,55.0
1753547017543,16:23:37.543,ADA/USDT:USDT,0.836705,48.0,0.8367,96.0,0.836767,96.0,0.836809,27.0
1753547017575,16:23:37.575,ADA/USDT:USDT,0.836711,48.0,0.836701,1.0,0.836767,96.0,0.836808,1.0
1753547017642,16:23:37.642,ADA/USDT:USDT,0.836711,128.0,0.836701,1.0,0.836767,96.0,0.836808,1.0
1753547017657,16:23:37.657,ADA/USDT:USDT,0.836711,128.0,0.8367,96.0,0.836767,96.0,0.836808,1.0
1753547017746,16:23:37.746,ADA/USDT:USDT,0.836711,128.0,0.836621,96.0,0.836767,96.0,0.836808,1.0
1753547017773,16:23:37.773,ADA/USDT:USDT,0.836766,96.0,0.836731,96.0,0.836767,96.0,0.836808,1.0
1753547017833,16:23:37.833,ADA/USDT:USDT,0.836766,192.0,0.836716,1.0,0.836808,1.0,0.836809,27.0
1753547017834,16:23:37.834,ADA/USDT:USDT,0.836807,96.0,0.836766,231.0,0.836808,1.0,0.83681,96.0
1753547018262,16:23:38.262,ADA/USDT:USDT,0.836807,256.0,0.836767,1.0,0.83681,96.0,0.83685,1.0
1753547018931,16:23:38.931,ADA/USDT:USDT,0.836807,256.0,0.836621,96.0,0.83681,96.0,0.83685,1.0
1753547018962,16:23:38.962,ADA/USDT:USDT,0.836807,256.0,0.836634,300.0,0.83681,96.0,0.83685,1.0
1753547018979,16:23:38.979,ADA/USDT:USDT,0.836807,256.0,0.836723,96.0,0.83681,96.0,0.83685,1.0
1753547019199,16:23:39.199,ADA/USDT:USDT,0.836807,256.0,0.836723,96.0,0.83681,96.0,0.83685,1.0
1753547019322,16:23:39.322,ADA/USDT:USDT,0.836807,256.0,0.836723,96.0,0.83681,96.0,0.83685,1.0
1753547019408,16:23:39.408,ADA/USDT:USDT,0.836807,256.0,0.836723,96.0,0.83681,96.0,0.83685,1.0
1753547019430,16:23:39.430,ADA/USDT:USDT,0.836723,96.0,0.836634,300.0,0.836808,27.0,0.83685,1.0
1753547019458,16:23:39.458,ADA/USDT:USDT,0.836733,48.0,0.836723,96.0,0.836767,96.0,0.836808,123.0
1753547019485,16:23:39.485,ADA/USDT:USDT,0.836766,96.0,0.836747,55.0,0.836767,96.0,0.836807,1.0
1753547019578,16:23:39.578,ADA/USDT:USDT,0.836766,96.0,0.836724,1.0,0.836767,96.0,0.836807,1.0
1753547019848,16:23:39.848,ADA/USDT:USDT,0.836766,96.0,0.836723,96.0,0.836767,96.0,0.836807,1.0
1753547019874,16:23:39.874,ADA/USDT:USDT,0.836766,151.0,0.836723,96.0,0.836767,96.0,0.836808,96.0
1753547019910,16:23:39.910,ADA/USDT:USDT,0.836807,96.0,0.836766,55.0,0.836808,96.0,0.83685,1.0
1753547019937,16:23:39.937,ADA/USDT:USDT,0.836807,327.0,0.836724,1.0,0.836808,96.0,0.836851,27.0
1753547019968,16:23:39.968,ADA/USDT:USDT,0.83685,208.0,0.836816,55.0,0.836852,92.0,0.836873,1.0
1753547020011,16:23:40.011,ADA/USDT:USDT,0.836851,96.0,0.83685,160.0,0.836852,92.0,0.836874,194.0
1753547020097,16:23:40.097,ADA/USDT:USDT,0.836851,96.0,0.83685,160.0,0.836852,92.0,0.836874,194.0
1753547020153,16:23:40.153,ADA/USDT:USDT,0.836851,96.0,0.83685,160.0,0.836852,92.0,0.836874,194.0
1753547020462,16:23:40.462,ADA/USDT:USDT,0.836851,96.0,0.836723,96.0,0.836852,92.0,0.836874,194.0
1753547020479,16:23:40.479,ADA/USDT:USDT,0.836851,96.0,0.836723,96.0,0.836852,92.0,0.836874,194.0
1753547020587,16:23:40.587,ADA/USDT:USDT,0.836851,48.0,0.836723,96.0,0.836852,92.0,0.836874,194.0
1753547020595,16:23:40.595,ADA/USDT:USDT,0.836723,96.0,0.836663,1.0,0.836851,27.0,0.836852,92.0
1753547020623,16:23:40.623,ADA/USDT:USDT,0.836735,103.0,0.836734,80.0,0.83681,96.0,0.836851,27.0
1753547020656,16:23:40.656,ADA/USDT:USDT,0.836745,55.0,0.836741,128.0,0.83681,96.0,0.83685,1.0
1753547020688,16:23:40.688,ADA/USDT:USDT,0.836809,208.0,0.836755,55.0,0.83681,96.0,0.83685,1.0
1753547020714,16:23:40.714,ADA/USDT:USDT,0.836664,55.0,0.836657,80.0,0.836768,96.0,0.836809,27.0
1753547020754,16:23:40.754,ADA/USDT:USDT,0.836675,128.0,0.836665,96.0,0.836768,96.0,0.836808,1.0
1753547020778,16:23:40.778,ADA/USDT:USDT,0.836689,55.0,0.836685,128.0,0.836768,96.0,0.836808,1.0
1753547020816,16:23:40.816,ADA/USDT:USDT,0.83669,128.0,0.836686,1.0,0.836768,96.0,0.836808,1.0
1753547020834,16:23:40.834,ADA/USDT:USDT,0.836692,48.0,0.836691,56.0,0.836768,96.0,0.836808,1.0
1753547020935,16:23:40.935,ADA/USDT:USDT,0.836692,48.0,0.836691,56.0,0.836768,96.0,0.836808,1.0
1753547020960,16:23:40.960,ADA/USDT:USDT,0.836698,48.0,0.836697,55.0,0.836768,96.0,0.836808,1.0
1753547020994,16:23:40.994,ADA/USDT:USDT,0.836698,48.0,0.836697,55.0,0.836768,96.0,0.836808,1.0
1753547021297,16:23:41.297,ADA/USDT:USDT,0.836699,80.0,0.836698,48.0,0.836768,96.0,0.836808,1.0
1753547021313,16:23:41.313,ADA/USDT:USDT,0.836701,80.0,0.8367,48.0,0.836768,96.0,0.836808,1.0
1753547021345,16:23:41.345,ADA/USDT:USDT,0.836704,48.0,0.836701,1.0,0.836768,96.0,0.836808,1.0
1753547021380,16:23:41.380,ADA/USDT:USDT,0.836708,48.0,0.836617,1.0,0.836768,96.0,0.836808,1.0
1753547021857,16:23:41.857,ADA/USDT:USDT,0.836708,128.0,0.836617,1.0,0.836768,96.0,0.836808,1.0
1753547021892,16:23:41.892,ADA/USDT:USDT,0.836709,1.0,0.836708,128.0,0.836768,96.0,0.836808,1.0
1753547021971,16:23:41.971,ADA/USDT:USDT,0.836709,1.0,0.836708,80.0,0.836768,96.0,0.836808,1.0
1753547021979,16:23:41.979,ADA/USDT:USDT,0.83671,48.0,0.836709,1.0,0.836768,96.0,0.836808,1.0
1753547022308,16:23:42.308,ADA/USDT:USDT,0.836711,80.0,0.83671,48.0,0.836768,96.0,0.836808,1.0
1753547022346,16:23:42.346,ADA/USDT:USDT,0.836714,92.0,0.836712,48.0,0.836768,96.0,0.836808,1.0
1753547022998,16:23:42.998,ADA/USDT:USDT,0.836767,96.0,0.836714,92.0,0.836768,96.0,0.836808,1.0
1753547023029,16:23:43.029,ADA/USDT:USDT,0.836809,311.0,0.836767,147.0,0.83681,96.0,0.83685,1.0
1753547023060,16:23:43.060,ADA/USDT:USDT,0.836809,311.0,0.836768,1.0,0.83681,96.0,0.836852,92.0
1753547023085,16:23:43.085,ADA/USDT:USDT,0.836851,96.0,0.836809,160.0,0.836852,92.0,0.836958,92.0
1753547023113,16:23:43.113,ADA/USDT:USDT,0.836856,55.0,0.836852,80.0,0.836956,27.0,0.836958,92.0
1753547023177,16:23:43.177,ADA/USDT:USDT,0.836857,48.0,0.836853,1.0,0.836915,92.0,0.836956,27.0
1753547023708,16:23:43.708,ADA/USDT:USDT,0.836768,1.0,0.836767,92.0,0.836873,92.0,0.836914,27.0
1753547023718,16:23:43.718,ADA/USDT:USDT,0.836768,1.0,0.836714,92.0,0.836872,27.0,0.836873,92.0
1753547023751,16:23:43.751,ADA/USDT:USDT,0.836767,55.0,0.836715,1.0,0.836831,92.0,0.83687,55.0
1753547023773,16:23:43.773,ADA/USDT:USDT,0.836625,55.0,0.836618,1.0,0.836789,92.0,0.836829,55.0
1753547023804,16:23:43.804,ADA/USDT:USDT,0.836668,48.0,0.836667,55.0,0.836789,92.0,0.836828,1.0
1753547023842,16:23:43.842,ADA/USDT:USDT,0.836674,128.0,0.836669,92.0,0.836747,92.0,0.836788,27.0
1753547023880,16:23:43.880,ADA/USDT:USDT,0.836676,128.0,0.836675,56.0,0.836747,92.0,0.836788,27.0
1753547024013,16:23:44.013,ADA/USDT:USDT,0.836676,128.0,0.836675,1.0,0.836747,92.0,0.836788,28.0
1753547024026,16:23:44.026,ADA/USDT:USDT,0.836676,128.0,0.836669,92.0,0.836747,92.0,0.836788,28.0
1753547024047,16:23:44.047,ADA/USDT:USDT,0.836678,48.0,0.836677,1.0,0.836747,92.0,0.836788,28.0
1753547024092,16:23:44.092,ADA/USDT:USDT,0.836746,176.0,0.836681,55.0,0.836788,1.0,0.836829,55.0
1753547024104,16:23:44.104,ADA/USDT:USDT,0.836746,176.0,0.836681,55.0,0.836774,92.0,0.836829,55.0
1753547024474,16:23:44.474,ADA/USDT:USDT,0.836746,176.0,0.836681,55.0,0.836774,92.0,0.836828,1.0
1753547024617,16:23:44.617,ADA/USDT:USDT,0.836746,176.0,0.83668,92.0,0.836774,92.0,0.836828,1.0
1753547024651,16:23:44.651,ADA/USDT:USDT,0.836755,55.0,0.836752,48.0,0.836774,92.0,0.836828,1.0
1753547024680,16:23:44.680,ADA/USDT:USDT,0.836757,55.0,0.836756,92.0,0.836774,92.0,0.836828,1.0
1753547024729,16:23:44.729,ADA/USDT:USDT,0.836773,96.0,0.836762,55.0,0.836774,92.0,0.836828,1.0
1753547024830,16:23:44.830,ADA/USDT:USDT,0.836762,55.0,0.836616,96.0,0.836774,92.0,0.836828,1.0
1753547024857,16:23:44.857,ADA/USDT:USDT,0.836681,1.0,0.836617,80.0,0.836774,92.0,0.83683,28.0
1753547024886,16:23:44.886,ADA/USDT:USDT,0.836692,128.0,0.836691,147.0,0.836774,92.0,0.83683,28.0
1753547024913,16:23:44.913,ADA/USDT:USDT,0.836773,48.0,0.836714,55.0,0.836774,92.0,0.83683,28.0
1753547025822,16:23:45.822,ADA/USDT:USDT,0.836773,188.0,0.836719,92.0,0.836774,92.0,0.83683,27.0
1753547025847,16:23:45.847,ADA/USDT:USDT,0.836799,92.0,0.836773,176.0,0.83683,27.0,0.836831,92.0
1753547025875,16:23:45.875,ADA/USDT:USDT,0.836829,256.0,0.836801,92.0,0.83683,92.0,0.836871,1.0
1753547025906,16:23:45.906,ADA/USDT:USDT,0.836871,96.0,0.836829,135.0,0.836915,92.0,0.836957,1.0
1753547025965,16:23:45.965,ADA/USDT:USDT,0.836875,48.0,0.836874,80.0,0.836916,92.0,0.836957,1.0
1753547026150,16:23:46.150,ADA/USDT:USDT,0.836875,48.0,0.836874,80.0,0.836916,92.0,0.836957,1.0
1753547026342,16:23:46.342,ADA/USDT:USDT,0.836875,48.0,0.836719,92.0,0.836916,92.0,0.836957,1.0
1753547026359,16:23:46.359,ADA/USDT:USDT,0.836875,48.0,0.83672,1.0,0.836915,27.0,0.836916,92.0
1753547027603,16:23:47.603,ADA/USDT:USDT,0.836875,48.0,0.83672,1.0,0.836876,92.0,0.836915,27.0
1753547027615,16:23:47.615,ADA/USDT:USDT,0.836875,48.0,0.836719,92.0,0.836876,92.0,0.836915,27.0
1753547028515,16:23:48.515,ADA/USDT:USDT,0.836875,128.0,0.836719,92.0,0.836876,92.0,0.836915,27.0
1753547030468,16:23:50.468,ADA/USDT:USDT,0.836875,128.0,0.836719,92.0,0.836876,92.0,0.836915,27.0
1753547030505,16:23:50.505,ADA/USDT:USDT,0.836875,128.0,0.836719,92.0,0.836876,92.0,0.836915,27.0
1753547030589,16:23:50.589,ADA/USDT:USDT,0.836875,128.0,0.836719,92.0,0.836876,92.0,0.836915,27.0
1753547030677,16:23:50.677,ADA/USDT:USDT,0.836875,220.0,0.836719,92.0,0.836876,92.0,0.836915,27.0
1753547030707,16:23:50.707,ADA/USDT:USDT,0.836956,256.0,0.836875,92.0,0.836957,1.0,0.836958,92.0
1753547030748,16:23:50.748,ADA/USDT:USDT,0.836956,208.0,0.836924,55.0,0.836957,92.0,0.836999,1.0
1753547030763,16:23:50.763,ADA/USDT:USDT,0.836956,160.0,0.836924,55.0,0.836957,92.0,0.837,100.0
1753547030801,16:23:50.801,ADA/USDT:USDT,0.836956,160.0,0.836924,55.0,0.836957,92.0,0.837,100.0
1753547030832,16:23:50.832,ADA/USDT:USDT,0.836956,160.0,0.836924,55.0,0.836957,92.0,0.837,100.0
1753547030862,16:23:50.862,ADA/USDT:USDT,0.836956,160.0,0.836924,55.0,0.836957,92.0,0.837,100.0
1753547030994,16:23:50.994,ADA/USDT:USDT,0.836956,208.0,0.836924,55.0,0.836957,92.0,0.837,100.0
1753547031078,16:23:51.078,ADA/USDT:USDT,0.836956,208.0,0.836924,55.0,0.836957,92.0,0.837,100.0
1753547031104,16:23:51.104,ADA/USDT:USDT,0.836956,208.0,0.836924,55.0,0.836957,92.0,0.837,100.0
1753547031135,16:23:51.135,ADA/USDT:USDT,0.836956,48.0,0.836924,55.0,0.836957,92.0,0.837,100.0
1753547031181,16:23:51.181,ADA/USDT:USDT,0.836956,48.0,0.836924,55.0,0.836957,92.0,0.837,100.0
1753547031186,16:23:51.186,ADA/USDT:USDT,0.836956,48.0,0.836924,55.0,0.836957,92.0,0.837,100.0
1753547031215,16:23:51.215,ADA/USDT:USDT,0.836916,1.0,0.836769,844.0,0.836917,92.0,0.836925,27.0
1753547031245,16:23:51.245,ADA/USDT:USDT,0.836778,55.0,0.836774,92.0,0.836917,92.0,0.836925,27.0
1753547031283,16:23:51.283,ADA/USDT:USDT,0.836797,55.0,0.836788,103.0,0.836916,27.0,0.836917,92.0
1753547031305,16:23:51.305,ADA/USDT:USDT,0.836797,55.0,0.836789,1.0,0.836875,92.0,0.836916,27.0
1753547031336,16:23:51.336,ADA/USDT:USDT,0.836807,55.0,0.836798,48.0,0.836875,92.0,0.836916,28.0
1753547031364,16:23:51.364,ADA/USDT:USDT,0.83681,55.0,0.836808,92.0,0.836875,92.0,0.836916,28.0
1753547031394,16:23:51.394,ADA/USDT:USDT,0.836812,55.0,0.836811,92.0,0.836875,92.0,0.836916,28.0
1753547031426,16:23:51.426,ADA/USDT:USDT,0.836874,128.0,0.836815,80.0,0.836875,92.0,0.836916,28.0
1753547031454,16:23:51.454,ADA/USDT:USDT,0.836874,251.0,0.83683,92.0,0.836875,92.0,0.836916,27.0
1753547031488,16:23:51.488,ADA/USDT:USDT,0.836874,299.0,0.83683,92.0,0.836875,92.0,0.836916,27.0
1753547031572,16:23:51.572,ADA/USDT:USDT,0.836874,231.0,0.83683,92.0,0.836875,92.0,0.836916,27.0
1753547031607,16:23:51.607,ADA/USDT:USDT,0.836874,231.0,0.83683,92.0,0.836875,92.0,0.836916,27.0
1753547031671,16:23:51.671,ADA/USDT:USDT,0.836874,231.0,0.83683,92.0,0.836916,27.0,0.836917,92.0
1753547031701,16:23:51.701,ADA/USDT:USDT,0.836887,92.0,0.836874,91.0,0.836916,27.0,0.836917,92.0
1753547031889,16:23:51.889,ADA/USDT:USDT,0.836915,43.0,0.836888,48.0,0.836916,27.0,0.836925,27.0
1753547031904,16:23:51.904,ADA/USDT:USDT,0.836915,43.0,0.836888,48.0,0.836916,122.0,0.836925,27.0
1753547032337,16:23:52.337,ADA/USDT:USDT,0.836915,171.0,0.836887,92.0,0.836916,95.0,0.836957,92.0
1753547032353,16:23:52.353,ADA/USDT:USDT,0.836956,256.0,0.836915,186.0,0.836999,1.0,0.837,100.0
1753547032386,16:23:52.386,ADA/USDT:USDT,0.83697,95.0,0.836967,55.0,0.837,100.0,0.837001,4.0
1753547032417,16:23:52.417,ADA/USDT:USDT,0.83697,95.0,0.836967,55.0,0.837,100.0,0.837001,4.0
1753547032462,16:23:52.462,ADA/USDT:USDT,0.836972,95.0,0.836971,48.0,0.837,100.0,0.837001,4.0
1753547032481,16:23:52.481,ADA/USDT:USDT,0.836973,48.0,0.836972,95.0,0.837,100.0,0.837001,4.0
1753547032588,16:23:52.588,ADA/USDT:USDT,0.836973,48.0,0.836972,95.0,0.837,6.0,0.837001,4.0
1753547032600,16:23:52.600,ADA/USDT:USDT,0.836973,48.0,0.836972,95.0,0.836999,95.0,0.837,6.0
1753547032769,16:23:52.769,ADA/USDT:USDT,0.836972,95.0,0.836915,138.0,0.836999,95.0,0.837,6.0
1753547032786,16:23:52.786,ADA/USDT:USDT,0.836998,96.0,0.836972,95.0,0.836999,95.0,0.837,6.0
1753547032811,16:23:52.811,ADA/USDT:USDT,0.836998,96.0,0.836916,1.0,0.836999,95.0,0.837,6.0
1753547033031,16:23:53.031,ADA/USDT:USDT,0.836999,256.0,0.836998,95.0,0.837,101.0,0.837001,4.0
1753547033049,16:23:53.049,ADA/USDT:USDT,0.836999,96.0,0.836916,1.0,0.837,101.0,0.837001,4.0
1753547033401,16:23:53.401,ADA/USDT:USDT,0.836999,96.0,0.836916,1.0,0.837,101.0,0.837001,4.0
1753547033414,16:23:53.414,ADA/USDT:USDT,0.836999,96.0,0.836916,1.0,0.837,101.0,0.837001,4.0
1753547033501,16:23:53.501,ADA/USDT:USDT,0.836999,48.0,0.836916,1.0,0.837,101.0,0.837001,4.0
1753547033533,16:23:53.533,ADA/USDT:USDT,0.836925,55.0,0.836916,1.0,0.836959,95.0,0.836999,27.0
1753547033558,16:23:53.558,ADA/USDT:USDT,0.836915,43.0,0.836875,1.0,0.836959,95.0,0.836998,1.0
1753547033629,16:23:53.629,ADA/USDT:USDT,0.836916,43.0,0.836915,43.0,0.836917,95.0,0.836958,27.0
1753547033647,16:23:53.647,ADA/USDT:USDT,0.836916,43.0,0.836915,43.0,0.836917,95.0,0.836958,28.0
1753547033991,16:23:53.991,ADA/USDT:USDT,0.836916,43.0,0.836915,43.0,0.836917,95.0,0.836958,28.0
1753547034048,16:23:54.048,ADA/USDT:USDT,0.836916,171.0,0.836915,43.0,0.836917,95.0,0.836958,28.0
1753547034108,16:23:54.108,ADA/USDT:USDT,0.836916,321.0,0.836915,43.0,0.836958,28.0,0.836959,95.0
1753547034124,16:23:54.124,ADA/USDT:USDT,0.836925,55.0,0.836916,266.0,0.836958,27.0,0.836959,95.0
1753547034328,16:23:54.328,ADA/USDT:USDT,0.836935,55.0,0.836926,48.0,0.836955,95.0,0.836958,27.0
1753547034337,16:23:54.337,ADA/USDT:USDT,0.836938,95.0,0.836935,55.0,0.836955,95.0,0.836958,27.0
1753547034450,16:23:54.450,ADA/USDT:USDT,0.836954,176.0,0.836947,55.0,0.836955,95.0,0.836999,27.0
1753547034463,16:23:54.463,ADA/USDT:USDT,0.836954,176.0,0.836947,55.0,0.836955,95.0,0.836999,27.0
1753547034975,16:23:54.975,ADA/USDT:USDT,0.836954,96.0,0.836947,55.0,0.836955,95.0,0.836999,28.0
1753547035278,16:23:55.278,ADA/USDT:USDT,0.836954,48.0,0.836916,43.0,0.836955,95.0,0.836999,28.0
1753547035296,16:23:55.296,ADA/USDT:USDT,0.836916,43.0,0.836915,43.0,0.836954,27.0,0.836955,95.0
1753547035351,16:23:55.351,ADA/USDT:USDT,0.836919,43.0,0.836916,43.0,0.83692,95.0,0.836954,27.0
1753547035369,16:23:55.369,ADA/USDT:USDT,0.836919,43.0,0.836916,43.0,0.83692,95.0,0.836954,27.0
1753547035409,16:23:55.409,ADA/USDT:USDT,0.836919,43.0,0.836916,43.0,0.83692,95.0,0.836954,27.0
1753547036210,16:23:56.210,ADA/USDT:USDT,0.836916,43.0,0.836831,1.0,0.83692,95.0,0.836954,27.0
1753547036225,16:23:56.225,ADA/USDT:USDT,0.836872,95.0,0.836832,128.0,0.83692,95.0,0.836954,27.0
1753547036253,16:23:56.253,ADA/USDT:USDT,0.836883,95.0,0.836881,55.0,0.83692,95.0,0.836953,1.0
1753547036301,16:23:56.301,ADA/USDT:USDT,0.836886,48.0,0.836885,55.0,0.83692,95.0,0.836953,1.0
1753547036318,16:23:56.318,ADA/USDT:USDT,0.836886,143.0,0.836831,1.0,0.83692,95.0,0.836953,1.0
1753547036347,16:23:56.347,ADA/USDT:USDT,0.836889,48.0,0.836888,55.0,0.83692,95.0,0.836953,1.0
1753547036376,16:23:56.376,ADA/USDT:USDT,0.836892,48.0,0.836891,55.0,0.83692,95.0,0.836953,1.0
1753547036407,16:23:56.407,ADA/USDT:USDT,0.836891,55.0,0.836886,95.0,0.83692,95.0,0.836953,1.0
1753547036457,16:23:56.457,ADA/USDT:USDT,0.836919,96.0,0.836886,95.0,0.83692,95.0,0.836953,1.0
1753547036471,16:23:56.471,ADA/USDT:USDT,0.836919,96.0,0.836886,95.0,0.83692,95.0,0.836954,27.0
1753547036650,16:23:56.650,ADA/USDT:USDT,0.836919,96.0,0.836886,95.0,0.83692,95.0,0.836954,27.0
1753547036907,16:23:56.907,ADA/USDT:USDT,0.836919,96.0,0.836831,1.0,0.83692,95.0,0.836954,27.0
1753547036920,16:23:56.920,ADA/USDT:USDT,0.836919,96.0,0.83683,92.0,0.83692,95.0,0.836954,27.0
1753547037388,16:23:57.388,ADA/USDT:USDT,0.836919,96.0,0.83683,92.0,0.83692,95.0,0.836954,27.0
1753547037396,16:23:57.396,ADA/USDT:USDT,0.836919,96.0,0.83683,92.0,0.83692,95.0,0.836954,27.0
1753547038218,16:23:58.218,ADA/USDT:USDT,0.836919,96.0,0.83683,92.0,0.83692,95.0,0.836999,28.0
1753547038235,16:23:58.235,ADA/USDT:USDT,0.836998,80.0,0.836919,546.0,0.836999,1.0,0.837,6.0
1753547038264,16:23:58.264,ADA/USDT:USDT,0.836999,311.0,0.836934,300.0,0.837,6.0,0.837001,4.0
1753547038323,16:23:58.323,ADA/USDT:USDT,0.836999,311.0,0.836939,95.0,0.837,101.0,0.837001,4.0
1753547038327,16:23:58.327,ADA/USDT:USDT,0.836999,96.0,0.836939,95.0,0.837,101.0,0.837001,4.0
1753547038464,16:23:58.464,ADA/USDT:USDT,0.836999,139.0,0.836939,95.0,0.837,101.0,0.837001,4.0
1753547038532,16:23:58.532,ADA/USDT:USDT,0.836999,139.0,0.836939,95.0,0.837,101.0,0.837001,4.0
1753547038546,16:23:58.546,ADA/USDT:USDT,0.836999,139.0,0.836939,95.0,0.837,101.0,0.837001,4.0
1753547038572,16:23:58.572,ADA/USDT:USDT,0.836999,139.0,0.836939,95.0,0.837,101.0,0.837001,4.0
1753547039382,16:23:59.382,ADA/USDT:USDT,0.836999,139.0,0.836939,95.0,0.837,101.0,0.837001,4.0
1753547039837,16:23:59.837,ADA/USDT:USDT,0.836999,219.0,0.836939,95.0,0.837,101.0,0.837001,4.0
1753547039880,16:23:59.880,ADA/USDT:USDT,0.836999,274.0,0.836939,95.0,0.837,101.0,0.837001,4.0
1753547039919,16:23:59.919,ADA/USDT:USDT,0.836999,274.0,0.836939,95.0,0.837,101.0,0.837001,4.0
1753547040194,16:24:00.194,ADA/USDT:USDT,0.836999,274.0,0.836939,95.0,0.837,6.0,0.837001,4.0
1753547040215,16:24:00.215,ADA/USDT:USDT,0.837016,256.0,0.836999,98.0,0.837017,100.0,0.83721,92.0
1753547040244,16:24:00.244,ADA/USDT:USDT,0.837016,351.0,0.837008,55.0,0.837017,100.0,0.83721,92.0
1753547040279,16:24:00.279,ADA/USDT:USDT,0.837099,95.0,0.837066,55.0,0.83721,92.0,0.83725,194.0
1753547040303,16:24:00.303,ADA/USDT:USDT,0.837109,80.0,0.837108,55.0,0.83721,92.0,0.83725,194.0
1753547040597,16:24:00.597,ADA/USDT:USDT,0.837113,128.0,0.837112,95.0,0.83721,92.0,0.83725,194.0
1753547040727,16:24:00.727,ADA/USDT:USDT,0.837113,128.0,0.837112,95.0,0.837209,27.0,0.83721,92.0
1753547040728,16:24:00.728,ADA/USDT:USDT,0.837113,128.0,0.837112,95.0,0.837209,27.0,0.83725,194.0
1753547040860,16:24:00.860,ADA/USDT:USDT,0.837113,128.0,0.837057,95.0,0.837209,122.0,0.83725,194.0
1753547040918,16:24:00.918,ADA/USDT:USDT,0.837113,128.0,0.837057,95.0,0.837209,122.0,0.83725,194.0
1753547041013,16:24:01.013,ADA/USDT:USDT,0.837113,128.0,0.837057,95.0,0.837209,122.0,0.83725,194.0
1753547041035,16:24:01.035,ADA/USDT:USDT,0.837113,128.0,0.837057,95.0,0.837209,122.0,0.83725,194.0
1753547041400,16:24:01.400,ADA/USDT:USDT,0.837117,55.0,0.837113,128.0,0.837209,122.0,0.83725,194.0
1753547041432,16:24:01.432,ADA/USDT:USDT,0.837118,128.0,0.837057,95.0,0.837209,122.0,0.83725,194.0
1753547041479,16:24:01.479,ADA/USDT:USDT,0.837127,128.0,0.837057,95.0,0.837209,122.0,0.83725,194.0
1753547041631,16:24:01.631,ADA/USDT:USDT,0.837127,128.0,0.837057,95.0,0.837209,122.0,0.83725,194.0
1753547042051,16:24:02.051,ADA/USDT:USDT,0.837127,183.0,0.837057,95.0,0.837209,122.0,0.83725,194.0
1753547042101,16:24:02.101,ADA/USDT:USDT,0.83713,128.0,0.837057,95.0,0.837209,122.0,0.83725,194.0
1753547042269,16:24:02.269,ADA/USDT:USDT,0.83713,128.0,0.837057,95.0,0.837209,122.0,0.83725,194.0
1753547042529,16:24:02.529,ADA/USDT:USDT,0.837132,55.0,0.83713,128.0,0.837209,122.0,0.83725,194.0
1753547042581,16:24:02.581,ADA/USDT:USDT,0.837133,128.0,0.837132,55.0,0.837209,122.0,0.83725,194.0
1753547042588,16:24:02.588,ADA/USDT:USDT,0.837133,128.0,0.837057,95.0,0.837209,122.0,0.83725,194.0
1753547042714,16:24:02.714,ADA/USDT:USDT,0.837133,128.0,0.837057,95.0,0.837209,177.0,0.83725,194.0
1753547042736,16:24:02.736,ADA/USDT:USDT,0.837133,128.0,0.837057,95.0,0.837207,27.0,0.837208,150.0
1753547042770,16:24:02.770,ADA/USDT:USDT,0.837133,128.0,0.837057,95.0,0.837206,150.0,0.837207,27.0
1753547042918,16:24:02.918,ADA/USDT:USDT,0.837133,128.0,0.837057,95.0,0.837206,150.0,0.837207,27.0
1753547043405,16:24:03.405,ADA/USDT:USDT,0.837133,80.0,0.837057,95.0,0.837206,150.0,0.837207,27.0
1753547043423,16:24:03.423,ADA/USDT:USDT,0.837205,96.0,0.837133,80.0,0.837206,150.0,0.837209,27.0
1753547043457,16:24:03.457,ADA/USDT:USDT,0.837205,96.0,0.837057,95.0,0.837206,95.0,0.837209,27.0
1753547043947,16:24:03.947,ADA/USDT:USDT,0.837205,96.0,0.837057,95.0,0.837206,95.0,0.837249,95.0
1753547043974,16:24:03.974,ADA/USDT:USDT,0.837205,96.0,0.837057,95.0,0.837247,55.0,0.837249,95.0
1753547044064,16:24:04.064,ADA/USDT:USDT,0.837205,48.0,0.837057,95.0,0.837247,150.0,0.83725,194.0
1753547044085,16:24:04.085,ADA/USDT:USDT,0.837246,160.0,0.837207,95.0,0.837247,95.0,0.837337,92.0
1753547044146,16:24:04.146,ADA/USDT:USDT,0.837246,256.0,0.837207,95.0,0.837337,92.0,0.837379,97.0
1753547044188,16:24:04.188,ADA/USDT:USDT,0.837246,256.0,0.837207,95.0,0.83737,55.0,0.837378,122.0
1753547044209,16:24:04.209,ADA/USDT:USDT,0.837246,256.0,0.837207,95.0,0.83737,55.0,0.837378,27.0
1753547044238,16:24:04.238,ADA/USDT:USDT,0.837246,256.0,0.837207,95.0,0.83736,55.0,0.837369,122.0
1753547044290,16:24:04.290,ADA/USDT:USDT,0.837246,256.0,0.837207,95.0,0.837359,27.0,0.83736,150.0
1753547044301,16:24:04.301,ADA/USDT:USDT,0.837246,256.0,0.837207,95.0,0.837359,27.0,0.83736,55.0
1753547044369,16:24:04.369,ADA/USDT:USDT,0.837246,256.0,0.837207,95.0,0.83735,150.0,0.837359,27.0
1753547044477,16:24:04.477,ADA/USDT:USDT,0.837246,256.0,0.837207,95.0,0.83735,177.0,0.837359,27.0
