timestamp,time,symbol,bid1_price,bid1_volume,bid2_price,bid2_volume,ask1_price,ask1_volume,ask2_price,ask2_volume
1753546957055,16:22:37.055,AERO/USDT:USDT,0.9031,435.0,0.9024,5739.0,0.9044,416.0,0.9048,2974.0
1753546957277,16:22:37.277,AERO/USDT:USDT,0.9035,434.0,0.9034,34.0,0.9042,434.0,0.9043,34.0
1753546957307,16:22:37.307,AERO/USDT:USDT,0.9035,434.0,0.9031,435.0,0.9042,434.0,0.9043,34.0
1753546957338,16:22:37.338,AERO/USDT:USDT,0.9036,34.0,0.9035,434.0,0.9042,434.0,0.9043,34.0
1753546957359,16:22:37.359,AERO/USDT:USDT,0.9036,34.0,0.9035,434.0,0.9042,434.0,0.9043,34.0
1753546957545,16:22:37.545,AERO/USDT:USDT,0.9036,468.0,0.9035,434.0,0.9042,434.0,0.9043,34.0
1753546957735,16:22:37.735,AERO/USDT:USDT,0.9036,468.0,0.9035,434.0,0.9042,434.0,0.9043,34.0
1753546957877,16:22:37.877,AERO/USDT:USDT,0.9036,34.0,0.9035,434.0,0.9042,434.0,0.9043,34.0
1753546957897,16:22:37.897,AERO/USDT:USDT,0.9036,34.0,0.9035,434.0,0.9042,434.0,0.9043,34.0
1753546957954,16:22:37.954,AERO/USDT:USDT,0.9036,34.0,0.9035,434.0,0.9042,434.0,0.9043,34.0
1753546958004,16:22:38.004,AERO/USDT:USDT,0.9036,34.0,0.9035,434.0,0.9042,434.0,0.9043,34.0
1753546958032,16:22:38.032,AERO/USDT:USDT,0.9036,34.0,0.9035,434.0,0.9042,434.0,0.9043,34.0
1753546958044,16:22:38.044,AERO/USDT:USDT,0.9036,468.0,0.9035,434.0,0.9042,434.0,0.9043,34.0
1753546958082,16:22:38.082,AERO/USDT:USDT,0.9036,34.0,0.9035,434.0,0.9042,434.0,0.9043,34.0
1753546958132,16:22:38.132,AERO/USDT:USDT,0.9036,34.0,0.9035,434.0,0.9042,434.0,0.9043,34.0
1753546958204,16:22:38.204,AERO/USDT:USDT,0.9036,468.0,0.9035,434.0,0.9042,434.0,0.9043,34.0
1753546958458,16:22:38.458,AERO/USDT:USDT,0.9037,434.0,0.9036,34.0,0.9042,434.0,0.9043,34.0
1753546958473,16:22:38.473,AERO/USDT:USDT,0.9037,434.0,0.9035,434.0,0.9042,434.0,0.9043,34.0
1753546958509,16:22:38.509,AERO/USDT:USDT,0.9037,468.0,0.9035,434.0,0.9042,434.0,0.9044,416.0
1753546958543,16:22:38.543,AERO/USDT:USDT,0.9037,468.0,0.9035,434.0,0.9043,434.0,0.9044,450.0
1753546959030,16:22:39.030,AERO/USDT:USDT,0.9037,468.0,0.9035,434.0,0.9043,434.0,0.9044,450.0
1753546959065,16:22:39.065,AERO/USDT:USDT,0.9037,468.0,0.9035,434.0,0.9043,434.0,0.9044,450.0
1753546959166,16:22:39.166,AERO/USDT:USDT,0.9037,468.0,0.9035,434.0,0.9043,434.0,0.9044,450.0
1753546959227,16:22:39.227,AERO/USDT:USDT,0.9037,468.0,0.9035,434.0,0.9043,434.0,0.9044,450.0
1753546959978,16:22:39.978,AERO/USDT:USDT,0.9038,428.0,0.9037,468.0,0.9043,434.0,0.9044,450.0
1753546960005,16:22:40.005,AERO/USDT:USDT,0.9038,428.0,0.9037,434.0,0.9043,434.0,0.9044,450.0
1753546960033,16:22:40.033,AERO/USDT:USDT,0.9038,428.0,0.9037,434.0,0.9043,434.0,0.9044,416.0
1753546960083,16:22:40.083,AERO/USDT:USDT,0.9038,462.0,0.9037,434.0,0.9044,416.0,0.9048,2974.0
1753546960101,16:22:40.101,AERO/USDT:USDT,0.9038,462.0,0.9037,434.0,0.9044,416.0,0.9047,34.0
1753546960151,16:22:40.151,AERO/USDT:USDT,0.9038,34.0,0.9037,434.0,0.9044,416.0,0.9047,34.0
1753546960601,16:22:40.601,AERO/USDT:USDT,0.9038,34.0,0.9031,435.0,0.9044,416.0,0.9047,34.0
1753546960628,16:22:40.628,AERO/USDT:USDT,0.9031,435.0,0.9024,5739.0,0.9044,416.0,0.9047,34.0
1753546960759,16:22:40.759,AERO/USDT:USDT,0.9032,34.0,0.9031,435.0,0.9044,416.0,0.9048,2974.0
1753546960807,16:22:40.807,AERO/USDT:USDT,0.9033,428.0,0.9032,34.0,0.9042,428.0,0.9043,34.0
1753546960870,16:22:40.870,AERO/USDT:USDT,0.9034,34.0,0.9033,428.0,0.9042,428.0,0.9044,416.0
1753546961158,16:22:41.158,AERO/USDT:USDT,0.9035,428.0,0.9034,34.0,0.9041,428.0,0.9042,462.0
1753546961178,16:22:41.178,AERO/USDT:USDT,0.9035,428.0,0.9033,428.0,0.9041,428.0,0.9042,462.0
1753546961201,16:22:41.201,AERO/USDT:USDT,0.9031,435.0,0.9024,5739.0,0.9041,428.0,0.9042,462.0
1753546961226,16:22:41.226,AERO/USDT:USDT,0.9037,428.0,0.9031,435.0,0.9041,428.0,0.9042,462.0
1753546961266,16:22:41.266,AERO/USDT:USDT,0.9037,428.0,0.9032,34.0,0.9041,428.0,0.9042,428.0
1753546961286,16:22:41.286,AERO/USDT:USDT,0.9037,428.0,0.9032,34.0,0.9039,428.0,0.904,34.0
1753546961352,16:22:41.352,AERO/USDT:USDT,0.9037,428.0,0.9032,34.0,0.9039,428.0,0.9042,462.0
1753546961514,16:22:41.514,AERO/USDT:USDT,0.9037,428.0,0.9032,34.0,0.9039,428.0,0.9042,462.0
1753546961523,16:22:41.523,AERO/USDT:USDT,0.9037,428.0,0.9032,34.0,0.9039,428.0,0.9042,462.0
1753546961841,16:22:41.841,AERO/USDT:USDT,0.9037,428.0,0.9032,34.0,0.9039,428.0,0.9042,462.0
1753546961863,16:22:41.863,AERO/USDT:USDT,0.9037,428.0,0.9032,34.0,0.9039,428.0,0.9042,462.0
1753546961900,16:22:41.900,AERO/USDT:USDT,0.9037,428.0,0.9032,34.0,0.9039,428.0,0.9042,462.0
1753546961920,16:22:41.920,AERO/USDT:USDT,0.9037,428.0,0.9032,34.0,0.9039,428.0,0.9042,462.0
1753546961950,16:22:41.950,AERO/USDT:USDT,0.9037,428.0,0.9032,34.0,0.9039,428.0,0.9042,462.0
1753546962768,16:22:42.768,AERO/USDT:USDT,0.9037,428.0,0.9032,34.0,0.9039,428.0,0.9042,462.0
1753546962801,16:22:42.801,AERO/USDT:USDT,0.9037,428.0,0.9032,34.0,0.9039,428.0,0.9042,462.0
1753546962841,16:22:42.841,AERO/USDT:USDT,0.9037,428.0,0.9032,34.0,0.9039,428.0,0.9042,462.0
1753546962845,16:22:42.845,AERO/USDT:USDT,0.9037,428.0,0.9032,34.0,0.9039,428.0,0.9042,462.0
1753546962896,16:22:42.896,AERO/USDT:USDT,0.9037,428.0,0.9032,34.0,0.9039,428.0,0.9042,462.0
1753546962915,16:22:42.915,AERO/USDT:USDT,0.9037,428.0,0.9032,34.0,0.9039,428.0,0.9042,462.0
1753546962969,16:22:42.969,AERO/USDT:USDT,0.9037,428.0,0.9032,34.0,0.9039,428.0,0.9042,462.0
1753546963015,16:22:43.015,AERO/USDT:USDT,0.9037,428.0,0.9032,34.0,0.9039,428.0,0.9042,462.0
1753546963048,16:22:43.048,AERO/USDT:USDT,0.9037,428.0,0.9032,34.0,0.9039,428.0,0.9042,462.0
1753546963117,16:22:43.117,AERO/USDT:USDT,0.9037,428.0,0.9032,34.0,0.9039,428.0,0.9042,462.0
1753546964604,16:22:44.604,AERO/USDT:USDT,0.9037,428.0,0.9032,34.0,0.9039,428.0,0.9042,462.0
1753546964622,16:22:44.622,AERO/USDT:USDT,0.9037,428.0,0.9032,34.0,0.9039,428.0,0.9042,462.0
1753546964647,16:22:44.647,AERO/USDT:USDT,0.9037,428.0,0.9032,34.0,0.9039,428.0,0.9042,462.0
1753546964679,16:22:44.679,AERO/USDT:USDT,0.9037,428.0,0.9032,34.0,0.9039,428.0,0.9042,462.0
1753546964724,16:22:44.724,AERO/USDT:USDT,0.9037,428.0,0.9032,34.0,0.9039,428.0,0.9042,462.0
1753546964735,16:22:44.735,AERO/USDT:USDT,0.9032,34.0,0.9031,435.0,0.9039,428.0,0.9042,462.0
1753546964784,16:22:44.784,AERO/USDT:USDT,0.9033,428.0,0.9032,34.0,0.9039,462.0,0.9042,428.0
1753546964796,16:22:44.796,AERO/USDT:USDT,0.9033,428.0,0.9032,34.0,0.9038,428.0,0.9039,462.0
1753546964832,16:22:44.832,AERO/USDT:USDT,0.9034,34.0,0.9033,428.0,0.9038,428.0,0.9039,428.0
1753546964955,16:22:44.955,AERO/USDT:USDT,0.9035,428.0,0.9034,34.0,0.9039,428.0,0.9041,34.0
1753546965009,16:22:45.009,AERO/USDT:USDT,0.9035,462.0,0.9033,428.0,0.9039,428.0,0.9041,34.0
1753546965767,16:22:45.767,AERO/USDT:USDT,0.9036,428.0,0.9035,462.0,0.9039,428.0,0.9041,34.0
1753546965800,16:22:45.800,AERO/USDT:USDT,0.9036,428.0,0.9035,462.0,0.9039,428.0,0.9041,34.0
1753546965813,16:22:45.813,AERO/USDT:USDT,0.9036,428.0,0.9035,462.0,0.9039,428.0,0.9041,34.0
1753546965860,16:22:45.860,AERO/USDT:USDT,0.9036,428.0,0.9035,462.0,0.9039,428.0,0.9043,34.0
1753546965976,16:22:45.976,AERO/USDT:USDT,0.9036,428.0,0.9035,462.0,0.9039,428.0,0.9043,34.0
1753546966010,16:22:46.010,AERO/USDT:USDT,0.9036,428.0,0.9035,462.0,0.9039,428.0,0.9043,34.0
1753546966037,16:22:46.037,AERO/USDT:USDT,0.9036,428.0,0.9035,462.0,0.9039,428.0,0.9043,34.0
1753546966068,16:22:46.068,AERO/USDT:USDT,0.9036,428.0,0.9035,462.0,0.9039,428.0,0.9043,34.0
1753546966083,16:22:46.083,AERO/USDT:USDT,0.9036,428.0,0.9035,462.0,0.9039,428.0,0.9043,34.0
1753546966151,16:22:46.151,AERO/USDT:USDT,0.9036,428.0,0.9035,462.0,0.9039,428.0,0.9043,34.0
1753546966265,16:22:46.265,AERO/USDT:USDT,0.9036,428.0,0.9035,462.0,0.9039,428.0,0.9043,34.0
1753546966368,16:22:46.368,AERO/USDT:USDT,0.9036,428.0,0.9035,462.0,0.9039,428.0,0.9043,34.0
1753546966639,16:22:46.639,AERO/USDT:USDT,0.9036,428.0,0.9035,462.0,0.9039,428.0,0.9043,34.0
1753546966654,16:22:46.654,AERO/USDT:USDT,0.9036,428.0,0.9035,462.0,0.9039,428.0,0.9043,34.0
1753546969837,16:22:49.837,AERO/USDT:USDT,0.9036,428.0,0.9035,462.0,0.9039,428.0,0.9043,34.0
1753546969991,16:22:49.991,AERO/USDT:USDT,0.9035,462.0,0.9031,435.0,0.9039,428.0,0.9043,34.0
1753546970021,16:22:50.021,AERO/USDT:USDT,0.9036,423.0,0.9035,462.0,0.9039,428.0,0.9043,34.0
1753546970650,16:22:50.650,AERO/USDT:USDT,0.9035,462.0,0.9031,435.0,0.9039,428.0,0.9043,34.0
1753546971441,16:22:51.441,AERO/USDT:USDT,0.9035,462.0,0.9031,435.0,0.9039,428.0,0.9043,34.0
1753546971458,16:22:51.458,AERO/USDT:USDT,0.9035,462.0,0.9031,435.0,0.9039,428.0,0.9043,34.0
1753546971904,16:22:51.904,AERO/USDT:USDT,0.9035,462.0,0.9031,435.0,0.9039,428.0,0.9043,34.0
1753546971937,16:22:51.937,AERO/USDT:USDT,0.9035,462.0,0.9031,435.0,0.9039,428.0,0.9043,34.0
1753546971968,16:22:51.968,AERO/USDT:USDT,0.9035,462.0,0.9031,435.0,0.9039,428.0,0.9043,34.0
1753546972287,16:22:52.287,AERO/USDT:USDT,0.9035,462.0,0.9031,435.0,0.9039,428.0,0.9043,34.0
1753546972317,16:22:52.317,AERO/USDT:USDT,0.9035,462.0,0.9031,435.0,0.9039,428.0,0.9043,34.0
1753546972384,16:22:52.384,AERO/USDT:USDT,0.9036,423.0,0.9035,462.0,0.9039,428.0,0.9043,34.0
1753546972728,16:22:52.728,AERO/USDT:USDT,0.9035,462.0,0.9031,435.0,0.9039,428.0,0.9043,34.0
1753546974768,16:22:54.768,AERO/USDT:USDT,0.9035,462.0,0.9031,435.0,0.9039,428.0,0.9043,34.0
1753546974844,16:22:54.844,AERO/USDT:USDT,0.9035,462.0,0.9031,435.0,0.9039,428.0,0.9043,34.0
1753546974878,16:22:54.878,AERO/USDT:USDT,0.9035,462.0,0.9031,435.0,0.9039,428.0,0.9043,34.0
1753546975205,16:22:55.205,AERO/USDT:USDT,0.9036,423.0,0.9035,462.0,0.9039,428.0,0.9043,34.0
1753546975429,16:22:55.429,AERO/USDT:USDT,0.9036,423.0,0.9035,462.0,0.9039,428.0,0.9043,34.0
1753546975456,16:22:55.456,AERO/USDT:USDT,0.9036,423.0,0.9035,462.0,0.9039,428.0,0.9043,34.0
1753546976240,16:22:56.240,AERO/USDT:USDT,0.9036,423.0,0.9035,462.0,0.9039,428.0,0.9043,34.0
1753546976255,16:22:56.255,AERO/USDT:USDT,0.9036,423.0,0.9035,462.0,0.9039,428.0,0.9043,34.0
1753546976348,16:22:56.348,AERO/USDT:USDT,0.9036,423.0,0.9035,462.0,0.9039,428.0,0.9043,34.0
1753546976378,16:22:56.378,AERO/USDT:USDT,0.9036,423.0,0.9035,462.0,0.9039,428.0,0.9043,34.0
1753546976551,16:22:56.551,AERO/USDT:USDT,0.9035,462.0,0.9031,435.0,0.9039,428.0,0.9043,34.0
1753546978414,16:22:58.414,AERO/USDT:USDT,0.9035,34.0,0.9031,435.0,0.9039,428.0,0.9043,34.0
1753546978462,16:22:58.462,AERO/USDT:USDT,0.9032,34.0,0.9031,435.0,0.9039,428.0,0.9044,416.0
1753546978474,16:22:58.474,AERO/USDT:USDT,0.9033,423.0,0.9032,34.0,0.9039,34.0,0.9044,416.0
1753546978520,16:22:58.520,AERO/USDT:USDT,0.9033,423.0,0.9031,435.0,0.9044,416.0,0.9048,2974.0
1753546978533,16:22:58.533,AERO/USDT:USDT,0.9034,34.0,0.9033,423.0,0.9044,416.0,0.9048,2974.0
1753546978743,16:22:58.743,AERO/USDT:USDT,0.9035,423.0,0.9034,34.0,0.9042,423.0,0.9043,34.0
1753546978796,16:22:58.796,AERO/USDT:USDT,0.9036,34.0,0.9035,423.0,0.9042,423.0,0.9043,34.0
1753546978808,16:22:58.808,AERO/USDT:USDT,0.9036,457.0,0.9035,423.0,0.9042,423.0,0.9043,34.0
1753546978977,16:22:58.977,AERO/USDT:USDT,0.9036,34.0,0.9035,423.0,0.9042,423.0,0.9043,34.0
1753546978990,16:22:58.990,AERO/USDT:USDT,0.9036,457.0,0.9035,423.0,0.9042,423.0,0.9043,34.0
1753546979203,16:22:59.203,AERO/USDT:USDT,0.9036,457.0,0.9035,423.0,0.9042,423.0,0.9043,34.0
1753546979436,16:22:59.436,AERO/USDT:USDT,0.9036,468.0,0.9035,423.0,0.9042,423.0,0.9043,34.0
1753546979624,16:22:59.624,AERO/USDT:USDT,0.9036,468.0,0.9035,423.0,0.9042,423.0,0.9043,34.0
1753546979813,16:22:59.813,AERO/USDT:USDT,0.9036,468.0,0.9035,423.0,0.9042,423.0,0.9043,34.0
1753546980002,16:23:00.002,AERO/USDT:USDT,0.9036,468.0,0.9035,423.0,0.9042,423.0,0.9043,34.0
1753546980024,16:23:00.024,AERO/USDT:USDT,0.9036,34.0,0.9035,423.0,0.9042,423.0,0.9043,34.0
1753546980426,16:23:00.426,AERO/USDT:USDT,0.9036,34.0,0.9035,423.0,0.9039,20.0,0.9042,423.0
1753546980430,16:23:00.430,AERO/USDT:USDT,0.9036,34.0,0.9035,423.0,0.9042,423.0,0.9044,416.0
1753546980530,16:23:00.530,AERO/USDT:USDT,0.9035,34.0,0.9031,435.0,0.9044,416.0,0.9048,2974.0
1753546980555,16:23:00.555,AERO/USDT:USDT,0.9035,34.0,0.9031,435.0,0.904,434.0,0.9041,34.0
1753546980574,16:23:00.574,AERO/USDT:USDT,0.9031,435.0,0.9027,2962.0,0.904,434.0,0.9041,34.0
1753546980620,16:23:00.620,AERO/USDT:USDT,0.9032,34.0,0.9031,435.0,0.904,434.0,0.9044,416.0
1753546980634,16:23:00.634,AERO/USDT:USDT,0.9033,434.0,0.9032,34.0,0.904,468.0,0.9044,416.0
1753546980698,16:23:00.698,AERO/USDT:USDT,0.9034,34.0,0.9033,434.0,0.9039,434.0,0.904,434.0
1753546980807,16:23:00.807,AERO/USDT:USDT,0.9035,434.0,0.9034,34.0,0.904,434.0,0.9043,34.0
1753546980817,16:23:00.817,AERO/USDT:USDT,0.9035,434.0,0.9034,34.0,0.9043,34.0,0.9044,416.0
1753546980862,16:23:00.862,AERO/USDT:USDT,0.9035,468.0,0.9033,434.0,0.9042,434.0,0.9043,34.0
1753546981044,16:23:01.044,AERO/USDT:USDT,0.9035,468.0,0.9033,434.0,0.9042,434.0,0.9043,34.0
1753546981058,16:23:01.058,AERO/USDT:USDT,0.9035,468.0,0.9033,434.0,0.9042,434.0,0.9043,34.0
1753546981104,16:23:01.104,AERO/USDT:USDT,0.9035,468.0,0.9031,435.0,0.9042,434.0,0.9043,34.0
1753546981197,16:23:01.197,AERO/USDT:USDT,0.9035,34.0,0.9031,435.0,0.9042,434.0,0.9043,34.0
1753546981211,16:23:01.211,AERO/USDT:USDT,0.9031,435.0,0.9027,2962.0,0.9042,434.0,0.9043,34.0
1753546981234,16:23:01.234,AERO/USDT:USDT,0.9031,435.0,0.9027,2962.0,0.9042,434.0,0.9043,34.0
1753546981264,16:23:01.264,AERO/USDT:USDT,0.9031,435.0,0.9027,2962.0,0.9042,434.0,0.9044,416.0
1753546981305,16:23:01.305,AERO/USDT:USDT,0.9031,435.0,0.9027,2962.0,0.9044,416.0,0.9048,2974.0
1753546981339,16:23:01.339,AERO/USDT:USDT,0.9031,435.0,0.9027,2962.0,0.9044,416.0,0.9048,2974.0
1753546981362,16:23:01.362,AERO/USDT:USDT,0.9032,34.0,0.9031,435.0,0.9044,416.0,0.9048,2974.0
1753546981426,16:23:01.426,AERO/USDT:USDT,0.9033,434.0,0.9032,34.0,0.9041,34.0,0.9044,416.0
1753546981603,16:23:01.603,AERO/USDT:USDT,0.9033,434.0,0.9031,435.0,0.904,434.0,0.9041,34.0
1753546981606,16:23:01.606,AERO/USDT:USDT,0.9033,434.0,0.9031,435.0,0.904,434.0,0.9044,416.0
1753546981630,16:23:01.630,AERO/USDT:USDT,0.9034,34.0,0.9031,435.0,0.9044,416.0,0.9048,2974.0
1753546981689,16:23:01.689,AERO/USDT:USDT,0.9034,34.0,0.9031,435.0,0.9043,34.0,0.9044,416.0
1753546981735,16:23:01.735,AERO/USDT:USDT,0.9035,434.0,0.9031,435.0,0.9042,434.0,0.9043,34.0
1753546981768,16:23:01.768,AERO/USDT:USDT,0.9035,434.0,0.9032,34.0,0.9042,434.0,0.9043,34.0
1753546981781,16:23:01.781,AERO/USDT:USDT,0.9035,434.0,0.9031,435.0,0.9042,434.0,0.9043,34.0
1753546981818,16:23:01.818,AERO/USDT:USDT,0.9036,34.0,0.9035,434.0,0.9042,434.0,0.9043,34.0
1753546981886,16:23:01.886,AERO/USDT:USDT,0.9036,34.0,0.9031,435.0,0.9042,434.0,0.9043,34.0
1753546981905,16:23:01.905,AERO/USDT:USDT,0.9031,435.0,0.9027,2962.0,0.9042,434.0,0.9043,34.0
1753546981936,16:23:01.936,AERO/USDT:USDT,0.9032,34.0,0.9031,435.0,0.9042,434.0,0.9044,416.0
1753546981957,16:23:01.957,AERO/USDT:USDT,0.9033,434.0,0.9032,34.0,0.904,434.0,0.9041,34.0
1753546982013,16:23:02.013,AERO/USDT:USDT,0.9033,434.0,0.9031,435.0,0.904,434.0,0.9044,416.0
1753546982020,16:23:02.020,AERO/USDT:USDT,0.9033,434.0,0.9031,435.0,0.904,434.0,0.9044,416.0
1753546982053,16:23:02.053,AERO/USDT:USDT,0.9031,435.0,0.9027,423.0,0.904,434.0,0.9044,416.0
1753546982086,16:23:02.086,AERO/USDT:USDT,0.9034,34.0,0.9027,423.0,0.904,434.0,0.9044,416.0
1753546982122,16:23:02.122,AERO/USDT:USDT,0.9034,34.0,0.9027,423.0,0.904,434.0,0.9044,416.0
1753546982188,16:23:02.188,AERO/USDT:USDT,0.9034,34.0,0.9027,423.0,0.9043,34.0,0.9044,416.0
1753546982311,16:23:02.311,AERO/USDT:USDT,0.9034,34.0,0.9027,423.0,0.9043,34.0,0.9044,416.0
1753546982313,16:23:02.313,AERO/USDT:USDT,0.9034,34.0,0.9024,423.0,0.9044,416.0,0.9048,2974.0
1753546982326,16:23:02.326,AERO/USDT:USDT,0.9034,34.0,0.9024,423.0,0.9044,416.0,0.9048,2974.0
1753546982356,16:23:02.356,AERO/USDT:USDT,0.9034,34.0,0.9024,423.0,0.9044,416.0,0.9048,2974.0
1753546982403,16:23:02.403,AERO/USDT:USDT,0.9034,34.0,0.9024,423.0,0.9044,416.0,0.9048,2974.0
1753546982411,16:23:02.411,AERO/USDT:USDT,0.9024,423.0,0.902,2544.0,0.9044,416.0,0.9048,2974.0
1753546982510,16:23:02.510,AERO/USDT:USDT,0.9024,423.0,0.902,2544.0,0.9044,416.0,0.9047,11.0
1753546982532,16:23:02.532,AERO/USDT:USDT,0.9024,423.0,0.902,2544.0,0.9044,416.0,0.9047,11.0
1753546982568,16:23:02.568,AERO/USDT:USDT,0.9024,423.0,0.902,2544.0,0.9044,416.0,0.9047,11.0
1753546982590,16:23:02.590,AERO/USDT:USDT,0.9024,423.0,0.902,2544.0,0.9044,416.0,0.9047,11.0
1753546982619,16:23:02.619,AERO/USDT:USDT,0.9028,34.0,0.9024,423.0,0.9044,416.0,0.9047,11.0
1753546982680,16:23:02.680,AERO/USDT:USDT,0.9029,434.0,0.9028,34.0,0.9039,34.0,0.9044,416.0
1753546982703,16:23:02.703,AERO/USDT:USDT,0.9029,434.0,0.9028,34.0,0.9038,434.0,0.9039,34.0
1753546982786,16:23:02.786,AERO/USDT:USDT,0.9029,434.0,0.9024,423.0,0.9038,434.0,0.9039,34.0
1753546982799,16:23:02.799,AERO/USDT:USDT,0.9024,423.0,0.902,2544.0,0.9038,434.0,0.9039,34.0
1753546982826,16:23:02.826,AERO/USDT:USDT,0.9024,423.0,0.902,2544.0,0.9038,434.0,0.904,2544.0
1753546982908,16:23:02.908,AERO/USDT:USDT,0.9024,423.0,0.902,2544.0,0.9038,468.0,0.904,2544.0
1753546982928,16:23:02.928,AERO/USDT:USDT,0.9024,423.0,0.902,2544.0,0.9037,434.0,0.9038,468.0
1753546982952,16:23:02.952,AERO/USDT:USDT,0.9031,434.0,0.903,34.0,0.9037,434.0,0.9038,468.0
1753546982980,16:23:02.980,AERO/USDT:USDT,0.9031,434.0,0.9024,423.0,0.9037,434.0,0.9038,468.0
1753546983012,16:23:03.012,AERO/USDT:USDT,0.9031,434.0,0.9024,423.0,0.9037,434.0,0.9038,434.0
1753546983037,16:23:03.037,AERO/USDT:USDT,0.9031,434.0,0.9025,34.0,0.9037,434.0,0.9038,434.0
1753546983111,16:23:03.111,AERO/USDT:USDT,0.9031,434.0,0.9025,34.0,0.9036,434.0,0.9037,468.0
1753546983127,16:23:03.127,AERO/USDT:USDT,0.9031,434.0,0.9025,34.0,0.9036,434.0,0.9037,468.0
1753546983213,16:23:03.213,AERO/USDT:USDT,0.9031,434.0,0.9024,423.0,0.9036,434.0,0.9037,468.0
1753546983225,16:23:03.225,AERO/USDT:USDT,0.9024,423.0,0.902,2544.0,0.9036,434.0,0.9037,468.0
1753546983359,16:23:03.359,AERO/USDT:USDT,0.9024,423.0,0.902,2544.0,0.9036,434.0,0.9037,434.0
1753546983372,16:23:03.372,AERO/USDT:USDT,0.9024,423.0,0.902,2544.0,0.9037,434.0,0.9038,434.0
1753546983430,16:23:03.430,AERO/USDT:USDT,0.9032,34.0,0.9024,423.0,0.9044,416.0,0.9045,2545.0
1753546983468,16:23:03.468,AERO/USDT:USDT,0.9033,434.0,0.9032,34.0,0.9038,34.0,0.9044,416.0
1753546983550,16:23:03.550,AERO/USDT:USDT,0.9033,434.0,0.9032,34.0,0.9037,434.0,0.9038,34.0
1753546983580,16:23:03.580,AERO/USDT:USDT,0.9032,468.0,0.9024,423.0,0.9037,434.0,0.9038,34.0
1753546983633,16:23:03.633,AERO/USDT:USDT,0.9034,34.0,0.9024,423.0,0.9037,434.0,0.9044,416.0
1753546983711,16:23:03.711,AERO/USDT:USDT,0.9034,34.0,0.9024,423.0,0.9044,416.0,0.9045,2545.0
1753546983724,16:23:03.724,AERO/USDT:USDT,0.9034,468.0,0.9024,423.0,0.9044,416.0,0.9045,2545.0
1753546983758,16:23:03.758,AERO/USDT:USDT,0.9034,34.0,0.9024,423.0,0.9042,434.0,0.9043,34.0
1753546983816,16:23:03.816,AERO/USDT:USDT,0.9024,423.0,0.902,2544.0,0.9042,434.0,0.9044,416.0
1753546983849,16:23:03.849,AERO/USDT:USDT,0.9024,423.0,0.902,2544.0,0.9042,434.0,0.9044,416.0
1753546983917,16:23:03.917,AERO/USDT:USDT,0.9024,423.0,0.902,2544.0,0.9044,416.0,0.9045,2979.0
1753546983939,16:23:03.939,AERO/USDT:USDT,0.9026,434.0,0.9025,34.0,0.9044,416.0,0.9045,2979.0
1753546984017,16:23:04.017,AERO/USDT:USDT,0.9026,434.0,0.9024,423.0,0.904,434.0,0.9041,34.0
1753546984026,16:23:04.026,AERO/USDT:USDT,0.9026,434.0,0.9024,423.0,0.904,434.0,0.9044,416.0
1753546984061,16:23:04.061,AERO/USDT:USDT,0.9027,34.0,0.9026,434.0,0.904,434.0,0.9043,34.0
1753546984206,16:23:04.206,AERO/USDT:USDT,0.9028,434.0,0.9027,34.0,0.904,434.0,0.9044,416.0
1753546984206,16:23:04.206,AERO/USDT:USDT,0.9028,434.0,0.9027,34.0,0.9044,416.0,0.9045,2979.0
1753546984248,16:23:04.248,AERO/USDT:USDT,0.9028,434.0,0.9027,34.0,0.9039,34.0,0.9044,416.0
1753546984326,16:23:04.326,AERO/USDT:USDT,0.9028,434.0,0.9027,34.0,0.9038,434.0,0.9044,416.0
1753546984421,16:23:04.421,AERO/USDT:USDT,0.9028,434.0,0.9027,34.0,0.9044,416.0,0.9045,2979.0
1753546984490,16:23:04.490,AERO/USDT:USDT,0.9028,434.0,0.9027,34.0,0.9044,416.0,0.9045,2979.0
1753546984526,16:23:04.526,AERO/USDT:USDT,0.9028,434.0,0.9027,34.0,0.9044,416.0,0.9045,2979.0
1753546984592,16:23:04.592,AERO/USDT:USDT,0.9028,434.0,0.9026,434.0,0.9044,416.0,0.9045,2979.0
1753546984606,16:23:04.606,AERO/USDT:USDT,0.9026,434.0,0.9024,423.0,0.9044,416.0,0.9045,2979.0
1753546984722,16:23:04.722,AERO/USDT:USDT,0.9029,34.0,0.9024,423.0,0.9044,416.0,0.9045,2979.0
1753546984749,16:23:04.749,AERO/USDT:USDT,0.903,434.0,0.9029,34.0,0.9042,434.0,0.9043,34.0
1753546984822,16:23:04.822,AERO/USDT:USDT,0.903,434.0,0.9024,423.0,0.9042,434.0,0.9043,34.0
1753546984895,16:23:04.895,AERO/USDT:USDT,0.9024,423.0,0.902,2544.0,0.9042,434.0,0.9043,34.0
1753546984943,16:23:04.943,AERO/USDT:USDT,0.9031,34.0,0.9024,423.0,0.9042,434.0,0.9044,416.0
1753546984955,16:23:04.955,AERO/USDT:USDT,0.9031,34.0,0.9024,423.0,0.9041,34.0,0.9044,416.0
1753546984985,16:23:04.985,AERO/USDT:USDT,0.9032,434.0,0.9024,423.0,0.904,434.0,0.9044,416.0
1753546985104,16:23:05.104,AERO/USDT:USDT,0.9032,434.0,0.9024,423.0,0.904,434.0,0.9043,34.0
1753546985136,16:23:05.136,AERO/USDT:USDT,0.9026,434.0,0.9025,34.0,0.904,434.0,0.9043,34.0
1753546985192,16:23:05.192,AERO/USDT:USDT,0.9026,434.0,0.9024,423.0,0.904,434.0,0.9043,34.0
1753546985223,16:23:05.223,AERO/USDT:USDT,0.9026,434.0,0.9024,423.0,0.904,434.0,0.9044,416.0
1753546985257,16:23:05.257,AERO/USDT:USDT,0.9033,34.0,0.9026,434.0,0.9044,416.0,0.9045,2979.0
1753546985362,16:23:05.362,AERO/USDT:USDT,0.9034,434.0,0.9026,434.0,0.904,34.0,0.9044,416.0
1753546985409,16:23:05.409,AERO/USDT:USDT,0.9034,434.0,0.9026,434.0,0.904,34.0,0.9044,416.0
1753546985443,16:23:05.443,AERO/USDT:USDT,0.9024,423.0,0.902,2544.0,0.9039,434.0,0.9044,416.0
1753546985580,16:23:05.580,AERO/USDT:USDT,0.9024,423.0,0.902,2544.0,0.9044,416.0,0.9045,2979.0
1753546985597,16:23:05.597,AERO/USDT:USDT,0.9024,423.0,0.902,2544.0,0.9043,34.0,0.9044,416.0
1753546985689,16:23:05.689,AERO/USDT:USDT,0.9027,34.0,0.9024,423.0,0.9042,434.0,0.9043,34.0
1753546985690,16:23:05.690,AERO/USDT:USDT,0.9028,434.0,0.9027,34.0,0.9042,434.0,0.9043,34.0
1753546985714,16:23:05.714,AERO/USDT:USDT,0.9028,434.0,0.9024,423.0,0.9042,434.0,0.9043,34.0
1753546985785,16:23:05.785,AERO/USDT:USDT,0.9028,434.0,0.9025,34.0,0.9042,434.0,0.9044,416.0
1753546985797,16:23:05.797,AERO/USDT:USDT,0.9028,434.0,0.9025,34.0,0.9044,416.0,0.9045,2979.0
1753546985832,16:23:05.832,AERO/USDT:USDT,0.9028,434.0,0.9025,34.0,0.904,434.0,0.9041,34.0
1753546985902,16:23:05.902,AERO/USDT:USDT,0.9028,434.0,0.9024,423.0,0.904,434.0,0.9041,34.0
1753546985952,16:23:05.952,AERO/USDT:USDT,0.9029,34.0,0.9024,423.0,0.904,434.0,0.9044,416.0
1753546985989,16:23:05.989,AERO/USDT:USDT,0.903,434.0,0.9024,423.0,0.9038,434.0,0.9039,34.0
1753546986029,16:23:06.029,AERO/USDT:USDT,0.903,434.0,0.9025,34.0,0.9038,434.0,0.9039,34.0
1753546986058,16:23:06.058,AERO/USDT:USDT,0.903,434.0,0.9025,34.0,0.9038,434.0,0.904,434.0
1753546986133,16:23:06.133,AERO/USDT:USDT,0.903,434.0,0.9024,423.0,0.904,434.0,0.9044,416.0
1753546986163,16:23:06.163,AERO/USDT:USDT,0.9024,423.0,0.902,2544.0,0.9044,416.0,0.9045,2979.0
1753546986198,16:23:06.198,AERO/USDT:USDT,0.9031,34.0,0.9024,423.0,0.9044,416.0,0.9045,2979.0
1753546986233,16:23:06.233,AERO/USDT:USDT,0.9032,434.0,0.9031,34.0,0.9044,416.0,0.9045,2979.0
1753546986248,16:23:06.248,AERO/USDT:USDT,0.9032,434.0,0.9031,34.0,0.9038,34.0,0.9044,416.0
1753546986303,16:23:06.303,AERO/USDT:USDT,0.9032,434.0,0.9031,34.0,0.9037,434.0,0.9038,34.0
1753546986323,16:23:06.323,AERO/USDT:USDT,0.9032,434.0,0.9024,423.0,0.9037,434.0,0.9038,34.0
1753546986361,16:23:06.361,AERO/USDT:USDT,0.9032,434.0,0.9024,423.0,0.9037,434.0,0.9044,416.0
1753546986387,16:23:06.387,AERO/USDT:USDT,0.9024,423.0,0.902,2544.0,0.9037,434.0,0.9044,416.0
1753546986413,16:23:06.413,AERO/USDT:USDT,0.9033,34.0,0.9024,423.0,0.9037,434.0,0.9044,416.0
1753546986432,16:23:06.432,AERO/USDT:USDT,0.9034,434.0,0.9033,34.0,0.9037,434.0,0.9044,416.0
1753546986461,16:23:06.461,AERO/USDT:USDT,0.9034,434.0,0.9033,34.0,0.9043,34.0,0.9044,416.0
1753546986595,16:23:06.595,AERO/USDT:USDT,0.9034,434.0,0.9024,423.0,0.9042,434.0,0.9043,34.0
1753546986607,16:23:06.607,AERO/USDT:USDT,0.9024,423.0,0.902,2544.0,0.9042,434.0,0.9043,34.0
1753546986639,16:23:06.639,AERO/USDT:USDT,0.9036,434.0,0.9035,34.0,0.9042,434.0,0.9043,34.0
1753546986665,16:23:06.665,AERO/USDT:USDT,0.9036,434.0,0.9024,423.0,0.9042,434.0,0.9043,34.0
1753546986700,16:23:06.700,AERO/USDT:USDT,0.9037,34.0,0.9036,434.0,0.9042,434.0,0.9043,34.0
1753546986985,16:23:06.985,AERO/USDT:USDT,0.9038,434.0,0.9037,34.0,0.9042,434.0,0.9043,34.0
1753546987000,16:23:07.000,AERO/USDT:USDT,0.9038,434.0,0.9036,434.0,0.9042,434.0,0.9043,34.0
1753546987038,16:23:07.038,AERO/USDT:USDT,0.9038,468.0,0.9036,434.0,0.9042,434.0,0.9044,416.0
1753546987072,16:23:07.072,AERO/USDT:USDT,0.9038,468.0,0.9036,434.0,0.9043,434.0,0.9044,450.0
1753546987413,16:23:07.413,AERO/USDT:USDT,0.9038,34.0,0.9036,434.0,0.9043,434.0,0.9044,450.0
1753546987462,16:23:07.462,AERO/USDT:USDT,0.9037,34.0,0.9024,423.0,0.9043,434.0,0.9044,450.0
1753546987474,16:23:07.474,AERO/USDT:USDT,0.9037,468.0,0.9024,423.0,0.9043,434.0,0.9044,450.0
1753546987518,16:23:07.518,AERO/USDT:USDT,0.9025,34.0,0.9024,423.0,0.9043,434.0,0.9044,416.0
1753546987536,16:23:07.536,AERO/USDT:USDT,0.9026,434.0,0.9025,34.0,0.9042,34.0,0.9044,416.0
1753546987593,16:23:07.593,AERO/USDT:USDT,0.9027,34.0,0.9026,434.0,0.9041,434.0,0.9044,416.0
1753546987602,16:23:07.602,AERO/USDT:USDT,0.9027,34.0,0.9026,434.0,0.9041,434.0,0.9043,34.0
1753546987870,16:23:07.870,AERO/USDT:USDT,0.9028,434.0,0.9027,34.0,0.9041,434.0,0.9044,416.0
1753546987903,16:23:07.903,AERO/USDT:USDT,0.9028,434.0,0.9027,34.0,0.904,34.0,0.9044,416.0
1753546987925,16:23:07.925,AERO/USDT:USDT,0.9028,434.0,0.9026,434.0,0.9039,434.0,0.9044,416.0
1753546987960,16:23:07.960,AERO/USDT:USDT,0.9029,34.0,0.9028,434.0,0.9039,434.0,0.9044,416.0
1753546988074,16:23:08.074,AERO/USDT:USDT,0.903,434.0,0.9029,34.0,0.9043,34.0,0.9044,416.0
1753546988105,16:23:08.105,AERO/USDT:USDT,0.903,434.0,0.9026,434.0,0.9042,434.0,0.9043,34.0
1753546988133,16:23:08.133,AERO/USDT:USDT,0.9031,34.0,0.9026,434.0,0.9042,434.0,0.9043,34.0
1753546988186,16:23:08.186,AERO/USDT:USDT,0.9032,434.0,0.9027,34.0,0.9042,434.0,0.9044,416.0
1753546988194,16:23:08.194,AERO/USDT:USDT,0.9032,434.0,0.9027,34.0,0.9041,34.0,0.9042,434.0
1753546988254,16:23:08.254,AERO/USDT:USDT,0.9032,434.0,0.9027,34.0,0.904,434.0,0.9041,34.0
1753546988433,16:23:08.433,AERO/USDT:USDT,0.9032,434.0,0.9026,434.0,0.904,434.0,0.9041,34.0
1753546988447,16:23:08.447,AERO/USDT:USDT,0.9026,434.0,0.9024,423.0,0.904,434.0,0.9041,34.0
1753546988479,16:23:08.479,AERO/USDT:USDT,0.9033,34.0,0.9024,423.0,0.904,434.0,0.9041,34.0
1753546988494,16:23:08.494,AERO/USDT:USDT,0.9034,434.0,0.9024,423.0,0.904,434.0,0.9041,34.0
1753546988541,16:23:08.541,AERO/USDT:USDT,0.9034,434.0,0.9025,34.0,0.904,434.0,0.9042,434.0
1753546988555,16:23:08.555,AERO/USDT:USDT,0.9034,434.0,0.9025,34.0,0.9039,34.0,0.9042,434.0
1753546988585,16:23:08.585,AERO/USDT:USDT,0.9034,434.0,0.9024,423.0,0.9038,434.0,0.9042,434.0
1753546988620,16:23:08.620,AERO/USDT:USDT,0.9035,34.0,0.9034,434.0,0.9038,434.0,0.9042,434.0
1753546988719,16:23:08.719,AERO/USDT:USDT,0.9036,434.0,0.9035,34.0,0.9042,468.0,0.9044,416.0
1753546988747,16:23:08.747,AERO/USDT:USDT,0.9036,434.0,0.9035,34.0,0.9041,434.0,0.9042,468.0
1753546988814,16:23:08.814,AERO/USDT:USDT,0.9036,434.0,0.9034,434.0,0.9041,434.0,0.9042,468.0
1753546988828,16:23:08.828,AERO/USDT:USDT,0.9034,434.0,0.9024,423.0,0.9041,434.0,0.9042,468.0
1753546988857,16:23:08.857,AERO/USDT:USDT,0.9034,34.0,0.9024,423.0,0.9041,434.0,0.9042,468.0
1753546988900,16:23:08.900,AERO/USDT:USDT,0.9024,423.0,0.9022,6173.0,0.9041,434.0,0.9042,434.0
1753546988915,16:23:08.915,AERO/USDT:USDT,0.9024,423.0,0.9022,6173.0,0.9042,434.0,0.9044,416.0
1753546988946,16:23:08.946,AERO/USDT:USDT,0.9025,34.0,0.9024,423.0,0.904,34.0,0.9045,434.0
1753546989357,16:23:09.357,AERO/USDT:USDT,0.9026,434.0,0.9025,34.0,0.9039,434.0,0.9045,434.0
1753546989368,16:23:09.368,AERO/USDT:USDT,0.9026,434.0,0.9025,34.0,0.9045,434.0,0.9048,2545.0
1753546989462,16:23:09.462,AERO/USDT:USDT,0.9026,434.0,0.9025,34.0,0.9043,414.0,0.9044,34.0
1753546989463,16:23:09.463,AERO/USDT:USDT,0.9027,34.0,0.9026,434.0,0.9043,414.0,0.9045,434.0
1753546989463,16:23:09.463,AERO/USDT:USDT,0.9027,34.0,0.9026,434.0,0.9042,34.0,0.9043,414.0
1753546990805,16:23:10.805,AERO/USDT:USDT,0.9028,414.0,0.9027,34.0,0.9041,414.0,0.9042,34.0
1753546990842,16:23:10.842,AERO/USDT:USDT,0.9028,414.0,0.9026,434.0,0.9041,414.0,0.9043,414.0
1753546990866,16:23:10.866,AERO/USDT:USDT,0.9029,34.0,0.9026,434.0,0.9043,414.0,0.9045,434.0
1753546990898,16:23:10.898,AERO/USDT:USDT,0.903,414.0,0.9029,34.0,0.9039,414.0,0.904,34.0
1753546990948,16:23:10.948,AERO/USDT:USDT,0.9031,34.0,0.903,414.0,0.9039,414.0,0.9045,434.0
1753546990960,16:23:10.960,AERO/USDT:USDT,0.9031,34.0,0.903,414.0,0.9039,448.0,0.9045,434.0
1753546990992,16:23:10.992,AERO/USDT:USDT,0.9032,414.0,0.9031,34.0,0.9039,448.0,0.9045,434.0
1753546991018,16:23:11.018,AERO/USDT:USDT,0.9032,414.0,0.903,414.0,0.9038,414.0,0.9039,414.0
1753546991095,16:23:11.095,AERO/USDT:USDT,0.9033,34.0,0.9032,414.0,0.9038,414.0,0.9039,414.0
1753546991113,16:23:11.113,AERO/USDT:USDT,0.9033,34.0,0.9032,414.0,0.9038,414.0,0.9039,414.0
1753546991162,16:23:11.162,AERO/USDT:USDT,0.9034,414.0,0.9033,34.0,0.9038,414.0,0.9039,448.0
1753546991168,16:23:11.168,AERO/USDT:USDT,0.9034,414.0,0.9033,34.0,0.9039,448.0,0.9045,434.0
1753546991225,16:23:11.225,AERO/USDT:USDT,0.9034,414.0,0.9032,414.0,0.9038,414.0,0.9039,414.0
1753546991278,16:23:11.278,AERO/USDT:USDT,0.9035,414.0,0.9034,448.0,0.9038,414.0,0.9039,414.0
1753546991287,16:23:11.287,AERO/USDT:USDT,0.9035,414.0,0.9034,448.0,0.9038,414.0,0.9039,414.0
1753546991349,16:23:11.349,AERO/USDT:USDT,0.9035,414.0,0.9034,448.0,0.9039,414.0,0.9044,34.0
1753546991400,16:23:11.400,AERO/USDT:USDT,0.9035,448.0,0.9034,414.0,0.9039,414.0,0.9044,34.0
1753546991412,16:23:11.412,AERO/USDT:USDT,0.9036,414.0,0.9035,448.0,0.9039,414.0,0.9044,34.0
1753546991443,16:23:11.443,AERO/USDT:USDT,0.9036,414.0,0.9035,448.0,0.9039,414.0,0.9044,34.0
1753546992064,16:23:12.064,AERO/USDT:USDT,0.9036,414.0,0.9035,448.0,0.9039,414.0,0.9044,34.0
1753546995027,16:23:15.027,AERO/USDT:USDT,0.9036,414.0,0.9035,448.0,0.9039,414.0,0.9044,34.0
1753546996243,16:23:16.243,AERO/USDT:USDT,0.9036,414.0,0.9035,448.0,0.9039,414.0,0.9044,34.0
1753546996521,16:23:16.521,AERO/USDT:USDT,0.9035,448.0,0.903,414.0,0.9039,414.0,0.9044,34.0
1753546996539,16:23:16.539,AERO/USDT:USDT,0.9035,34.0,0.903,414.0,0.9039,414.0,0.9044,34.0
1753546996570,16:23:16.570,AERO/USDT:USDT,0.9035,34.0,0.903,414.0,0.9039,414.0,0.9044,34.0
1753546996618,16:23:16.618,AERO/USDT:USDT,0.9024,423.0,0.9022,6173.0,0.9039,414.0,0.9045,434.0
1753546996628,16:23:16.628,AERO/USDT:USDT,0.9031,34.0,0.9024,423.0,0.9039,414.0,0.9045,434.0
1753546996705,16:23:16.705,AERO/USDT:USDT,0.9032,414.0,0.9031,34.0,0.9039,34.0,0.9045,434.0
1753546996741,16:23:16.741,AERO/USDT:USDT,0.9032,414.0,0.9031,34.0,0.9039,34.0,0.9045,434.0
1753546996762,16:23:16.762,AERO/USDT:USDT,0.9032,414.0,0.9024,423.0,0.9039,34.0,0.9045,434.0
1753546996803,16:23:16.803,AERO/USDT:USDT,0.9033,34.0,0.9032,414.0,0.9045,434.0,0.9048,2959.0
1753546996859,16:23:16.859,AERO/USDT:USDT,0.9034,414.0,0.9033,34.0,0.9043,414.0,0.9044,34.0
1753546996875,16:23:16.875,AERO/USDT:USDT,0.9034,414.0,0.9024,423.0,0.9043,414.0,0.9044,34.0
1753546996925,16:23:16.925,AERO/USDT:USDT,0.9035,34.0,0.9034,414.0,0.9043,414.0,0.9045,434.0
1753546997699,16:23:17.699,AERO/USDT:USDT,0.9039,34.0,0.9036,414.0,0.9042,414.0,0.9043,448.0
1753546997707,16:23:17.707,AERO/USDT:USDT,0.9036,414.0,0.9035,34.0,0.9042,414.0,0.9043,448.0
1753546997753,16:23:17.753,AERO/USDT:USDT,0.9037,34.0,0.9036,414.0,0.9042,414.0,0.9043,414.0
1753546997765,16:23:17.765,AERO/USDT:USDT,0.9037,34.0,0.9036,414.0,0.9043,414.0,0.9045,468.0
1753546997870,16:23:17.870,AERO/USDT:USDT,0.9037,34.0,0.9034,414.0,0.9043,414.0,0.9045,468.0
1753546997883,16:23:17.883,AERO/USDT:USDT,0.9034,414.0,0.9024,423.0,0.9043,414.0,0.9045,468.0
1753546997929,16:23:17.929,AERO/USDT:USDT,0.9035,34.0,0.9024,423.0,0.9043,414.0,0.9045,434.0
1753546998119,16:23:18.119,AERO/USDT:USDT,0.9036,414.0,0.9035,34.0,0.9042,414.0,0.9043,34.0
1753546998133,16:23:18.133,AERO/USDT:USDT,0.9036,414.0,0.9024,423.0,0.9042,414.0,0.9043,34.0
1753546998169,16:23:18.169,AERO/USDT:USDT,0.9037,34.0,0.9024,423.0,0.9042,414.0,0.9045,434.0
1753546998187,16:23:18.187,AERO/USDT:USDT,0.9037,34.0,0.9024,423.0,0.9042,414.0,0.9044,34.0
1753546998234,16:23:18.234,AERO/USDT:USDT,0.9025,34.0,0.9024,423.0,0.9042,414.0,0.9045,434.0
1753546998247,16:23:18.247,AERO/USDT:USDT,0.9026,414.0,0.9025,34.0,0.9041,34.0,0.9042,414.0
1753546998301,16:23:18.301,AERO/USDT:USDT,0.9027,34.0,0.9026,414.0,0.904,414.0,0.9041,34.0
1753546998314,16:23:18.314,AERO/USDT:USDT,0.9028,414.0,0.9027,34.0,0.904,414.0,0.9041,34.0
1753546998349,16:23:18.349,AERO/USDT:USDT,0.9028,414.0,0.9027,34.0,0.9039,34.0,0.904,414.0
1753546998712,16:23:18.712,AERO/USDT:USDT,0.9028,414.0,0.9026,414.0,0.9038,414.0,0.9039,34.0
1753546998724,16:23:18.724,AERO/USDT:USDT,0.9026,414.0,0.9024,423.0,0.9038,414.0,0.9039,34.0
1753546998759,16:23:18.759,AERO/USDT:USDT,0.9029,34.0,0.9024,423.0,0.9038,414.0,0.9039,34.0
1753546998829,16:23:18.829,AERO/USDT:USDT,0.903,414.0,0.9025,34.0,0.9038,414.0,0.904,414.0
1753546998850,16:23:18.850,AERO/USDT:USDT,0.903,414.0,0.9025,34.0,0.9036,414.0,0.9037,34.0
1753546998878,16:23:18.878,AERO/USDT:USDT,0.903,414.0,0.9024,423.0,0.9036,414.0,0.9037,34.0
1753546998916,16:23:18.916,AERO/USDT:USDT,0.903,414.0,0.9024,423.0,0.9036,414.0,0.9039,34.0
1753546998938,16:23:18.938,AERO/USDT:USDT,0.9032,414.0,0.9031,34.0,0.9036,414.0,0.9039,34.0
1753546998984,16:23:18.984,AERO/USDT:USDT,0.9032,448.0,0.9024,423.0,0.9036,414.0,0.9039,34.0
1753546998996,16:23:18.996,AERO/USDT:USDT,0.9033,414.0,0.9032,448.0,0.9036,414.0,0.9039,34.0
1753546999529,16:23:19.529,AERO/USDT:USDT,0.9033,414.0,0.9032,448.0,0.9036,414.0,0.9039,34.0
1753546999557,16:23:19.557,AERO/USDT:USDT,0.9033,414.0,0.9032,448.0,0.9036,414.0,0.9039,34.0
1753546999990,16:23:19.990,AERO/USDT:USDT,0.9033,414.0,0.9032,448.0,0.9036,414.0,0.9039,34.0
1753547000413,16:23:20.413,AERO/USDT:USDT,0.9033,414.0,0.9032,448.0,0.9036,414.0,0.9039,34.0
1753547000433,16:23:20.433,AERO/USDT:USDT,0.9033,414.0,0.9032,448.0,0.9036,414.0,0.9039,34.0
1753547000469,16:23:20.469,AERO/USDT:USDT,0.9033,414.0,0.9032,448.0,0.9036,414.0,0.9039,34.0
1753547000823,16:23:20.823,AERO/USDT:USDT,0.9033,414.0,0.9032,448.0,0.9036,414.0,0.9039,34.0
1753547000871,16:23:20.871,AERO/USDT:USDT,0.9033,414.0,0.9032,448.0,0.9036,414.0,0.9041,34.0
1753547001043,16:23:21.043,AERO/USDT:USDT,0.9033,414.0,0.9032,448.0,0.9036,414.0,0.9041,34.0
1753547003450,16:23:23.450,AERO/USDT:USDT,0.9033,414.0,0.9032,448.0,0.9041,34.0,0.9042,414.0
1753547003470,16:23:23.470,AERO/USDT:USDT,0.9033,414.0,0.9032,414.0,0.9041,34.0,0.9042,414.0
1753547003495,16:23:23.495,AERO/USDT:USDT,0.9024,423.0,0.9023,5739.0,0.904,432.0,0.9042,414.0
1753547003537,16:23:23.537,AERO/USDT:USDT,0.9035,432.0,0.9024,423.0,0.904,432.0,0.9042,448.0
1753547003577,16:23:23.577,AERO/USDT:USDT,0.9035,432.0,0.9025,34.0,0.904,432.0,0.9042,414.0
1753547003586,16:23:23.586,AERO/USDT:USDT,0.9035,432.0,0.9025,34.0,0.9039,34.0,0.904,432.0
1753547003647,16:23:23.647,AERO/USDT:USDT,0.9035,466.0,0.9024,423.0,0.9038,432.0,0.904,432.0
1753547003738,16:23:23.738,AERO/USDT:USDT,0.9036,432.0,0.9035,466.0,0.9038,432.0,0.9042,448.0
1753547003765,16:23:23.765,AERO/USDT:USDT,0.9036,432.0,0.9035,466.0,0.9038,432.0,0.9042,448.0
1753547003849,16:23:23.849,AERO/USDT:USDT,0.9036,432.0,0.9035,466.0,0.9038,432.0,0.9042,448.0
1753547003862,16:23:23.862,AERO/USDT:USDT,0.9036,432.0,0.9035,466.0,0.9038,432.0,0.9042,448.0
1753547006449,16:23:26.449,AERO/USDT:USDT,0.9036,432.0,0.9035,466.0,0.9038,432.0,0.9042,448.0
1753547006467,16:23:26.467,AERO/USDT:USDT,0.9036,432.0,0.9035,466.0,0.9038,432.0,0.9042,448.0
1753547006759,16:23:26.759,AERO/USDT:USDT,0.9036,432.0,0.9035,466.0,0.9038,432.0,0.9042,448.0
1753547006768,16:23:26.768,AERO/USDT:USDT,0.9036,432.0,0.9035,466.0,0.9038,432.0,0.9042,448.0
1753547009761,16:23:29.761,AERO/USDT:USDT,0.9036,432.0,0.9035,466.0,0.9038,432.0,0.9042,448.0
1753547010643,16:23:30.643,AERO/USDT:USDT,0.9036,432.0,0.9035,466.0,0.9038,432.0,0.9042,448.0
1753547010761,16:23:30.761,AERO/USDT:USDT,0.9036,425.0,0.9035,466.0,0.9038,432.0,0.9042,448.0
1753547014249,16:23:34.249,AERO/USDT:USDT,0.9035,466.0,0.9029,2546.0,0.9038,432.0,0.9042,448.0
1753547014271,16:23:34.271,AERO/USDT:USDT,0.9035,432.0,0.9029,2546.0,0.9038,432.0,0.9042,448.0
1753547014312,16:23:34.312,AERO/USDT:USDT,0.9035,432.0,0.903,34.0,0.9038,432.0,0.9042,448.0
1753547015443,16:23:35.443,AERO/USDT:USDT,0.9035,432.0,0.903,34.0,0.9038,432.0,0.9042,448.0
1753547020245,16:23:40.245,AERO/USDT:USDT,0.9035,432.0,0.903,34.0,0.9038,432.0,0.9042,448.0
1753547020676,16:23:40.676,AERO/USDT:USDT,0.9035,432.0,0.903,34.0,0.9038,432.0,0.9042,448.0
1753547020690,16:23:40.690,AERO/USDT:USDT,0.9035,432.0,0.903,34.0,0.9038,432.0,0.9042,448.0
1753547020775,16:23:40.775,AERO/USDT:USDT,0.9035,432.0,0.903,34.0,0.9038,432.0,0.9042,448.0
1753547021700,16:23:41.700,AERO/USDT:USDT,0.9035,432.0,0.903,34.0,0.9038,432.0,0.9042,448.0
1753547025043,16:23:45.043,AERO/USDT:USDT,0.9035,432.0,0.903,34.0,0.9038,432.0,0.9042,448.0
1753547029845,16:23:49.845,AERO/USDT:USDT,0.9035,432.0,0.903,34.0,0.9038,432.0,0.9042,448.0
1753547034646,16:23:54.646,AERO/USDT:USDT,0.9035,432.0,0.903,34.0,0.9038,432.0,0.9042,448.0
1753547039443,16:23:59.443,AERO/USDT:USDT,0.9035,432.0,0.903,34.0,0.9038,432.0,0.9042,448.0
1753547044245,16:24:04.245,AERO/USDT:USDT,0.9035,432.0,0.903,34.0,0.9038,432.0,0.9042,448.0
1753547049044,16:24:09.044,AERO/USDT:USDT,0.9035,432.0,0.903,34.0,0.9038,432.0,0.9042,448.0
1753547051809,16:24:11.809,AERO/USDT:USDT,0.9035,432.0,0.903,34.0,0.9042,448.0,0.9051,2980.0
1753547051825,16:24:11.825,AERO/USDT:USDT,0.9035,432.0,0.9029,2964.0,0.9042,448.0,0.9051,434.0
1753547051857,16:24:11.857,AERO/USDT:USDT,0.9036,34.0,0.9035,432.0,0.9041,431.0,0.9042,414.0
1753547051913,16:24:11.913,AERO/USDT:USDT,0.9037,431.0,0.9036,34.0,0.9041,431.0,0.9042,414.0
1753547051927,16:24:11.927,AERO/USDT:USDT,0.9037,431.0,0.9036,34.0,0.9041,431.0,0.9042,414.0
1753547051967,16:24:11.967,AERO/USDT:USDT,0.9037,465.0,0.9035,432.0,0.9041,431.0,0.9042,414.0
1753547051982,16:24:11.982,AERO/USDT:USDT,0.9038,431.0,0.9037,465.0,0.9041,431.0,0.9042,414.0
1753547052149,16:24:12.149,AERO/USDT:USDT,0.9038,431.0,0.9037,465.0,0.9042,414.0,0.905,34.0
1753547052168,16:24:12.168,AERO/USDT:USDT,0.9038,431.0,0.9037,465.0,0.9042,414.0,0.905,34.0
1753547052230,16:24:12.230,AERO/USDT:USDT,0.9038,431.0,0.9037,465.0,0.9042,414.0,0.905,34.0
1753547052334,16:24:12.334,AERO/USDT:USDT,0.9038,431.0,0.9037,465.0,0.9042,414.0,0.905,34.0
1753547052369,16:24:12.369,AERO/USDT:USDT,0.9038,431.0,0.9037,465.0,0.9042,414.0,0.905,34.0
1753547053153,16:24:13.153,AERO/USDT:USDT,0.9038,431.0,0.9037,465.0,0.9042,414.0,0.905,34.0
1753547053196,16:24:13.196,AERO/USDT:USDT,0.9038,431.0,0.9037,465.0,0.9042,414.0,0.905,34.0
1753547053844,16:24:13.844,AERO/USDT:USDT,0.9038,431.0,0.9037,465.0,0.9042,414.0,0.905,34.0
1753547054259,16:24:14.259,AERO/USDT:USDT,0.9038,431.0,0.9037,465.0,0.9042,414.0,0.905,34.0
1753547054294,16:24:14.294,AERO/USDT:USDT,0.9038,431.0,0.9037,465.0,0.9042,414.0,0.905,34.0
1753547054375,16:24:14.375,AERO/USDT:USDT,0.9038,431.0,0.9037,465.0,0.9042,414.0,0.905,34.0
1753547054409,16:24:14.409,AERO/USDT:USDT,0.9038,431.0,0.9037,465.0,0.9042,414.0,0.905,34.0
1753547055678,16:24:15.678,AERO/USDT:USDT,0.9037,465.0,0.9035,2971.0,0.9042,414.0,0.905,34.0
1753547055763,16:24:15.763,AERO/USDT:USDT,0.9038,431.0,0.9037,465.0,0.9042,414.0,0.905,34.0
1753547056823,16:24:16.823,AERO/USDT:USDT,0.9038,431.0,0.9037,465.0,0.9042,414.0,0.905,34.0
1753547056838,16:24:16.838,AERO/USDT:USDT,0.9038,431.0,0.9037,465.0,0.9042,414.0,0.905,34.0
1753547073847,16:24:33.847,AERO/USDT:USDT,0.9038,431.0,0.9037,431.0,0.9042,414.0,0.905,34.0
1753547073873,16:24:33.873,AERO/USDT:USDT,0.9035,432.0,0.9032,2539.0,0.9042,414.0,0.9052,423.0
1753547073913,16:24:33.913,AERO/USDT:USDT,0.9038,34.0,0.9035,432.0,0.905,434.0,0.9051,34.0
1753547073934,16:24:33.934,AERO/USDT:USDT,0.9035,432.0,0.9032,2539.0,0.905,434.0,0.9052,423.0
1753547073967,16:24:33.967,AERO/USDT:USDT,0.9036,34.0,0.9035,432.0,0.905,434.0,0.9052,423.0
1753547073996,16:24:33.996,AERO/USDT:USDT,0.9037,434.0,0.9036,34.0,0.9048,434.0,0.9049,34.0
1753547074045,16:24:34.045,AERO/USDT:USDT,0.9038,34.0,0.9037,434.0,0.9048,434.0,0.905,434.0
1753547074058,16:24:34.058,AERO/USDT:USDT,0.9039,434.0,0.9038,34.0,0.9047,34.0,0.9048,434.0
1753547074111,16:24:34.111,AERO/USDT:USDT,0.904,34.0,0.9039,434.0,0.9046,434.0,0.9048,434.0
1753547074117,16:24:34.117,AERO/USDT:USDT,0.904,34.0,0.9039,434.0,0.9046,434.0,0.9048,468.0
1753547074539,16:24:34.539,AERO/USDT:USDT,0.9043,31.0,0.9041,434.0,0.9046,434.0,0.9048,468.0
1753547074564,16:24:34.564,AERO/USDT:USDT,0.9041,434.0,0.9039,434.0,0.9046,434.0,0.9048,468.0
1753547074598,16:24:34.598,AERO/USDT:USDT,0.9035,432.0,0.9032,2539.0,0.9046,434.0,0.9048,434.0
1753547074624,16:24:34.624,AERO/USDT:USDT,0.9042,34.0,0.9035,432.0,0.9049,34.0,0.905,434.0
1753547074672,16:24:34.672,AERO/USDT:USDT,0.9036,34.0,0.9035,432.0,0.9048,434.0,0.9049,34.0
1753547074685,16:24:34.685,AERO/USDT:USDT,0.9037,434.0,0.9036,34.0,0.9048,434.0,0.9049,34.0
1753547074857,16:24:34.857,AERO/USDT:USDT,0.9037,434.0,0.9036,34.0,0.9047,34.0,0.9048,434.0
1753547074869,16:24:34.869,AERO/USDT:USDT,0.9037,434.0,0.9036,34.0,0.9046,434.0,0.9047,34.0
1753547074930,16:24:34.930,AERO/USDT:USDT,0.9038,34.0,0.9037,434.0,0.9046,434.0,0.9047,34.0
1753547074960,16:24:34.960,AERO/USDT:USDT,0.9039,434.0,0.9038,34.0,0.9046,434.0,0.9048,434.0
1753547075022,16:24:35.022,AERO/USDT:USDT,0.9039,434.0,0.9038,34.0,0.9046,468.0,0.9048,434.0
1753547075044,16:24:35.044,AERO/USDT:USDT,0.9039,434.0,0.9037,434.0,0.9046,34.0,0.9048,434.0
1753547075084,16:24:35.084,AERO/USDT:USDT,0.904,34.0,0.9039,434.0,0.9052,423.0,0.9054,6159.0
1753547075107,16:24:35.107,AERO/USDT:USDT,0.9041,434.0,0.904,34.0,0.9046,434.0,0.9047,34.0
1753547075536,16:24:35.536,AERO/USDT:USDT,0.9041,434.0,0.9039,434.0,0.9046,434.0,0.9052,423.0
1753547075568,16:24:35.568,AERO/USDT:USDT,0.9041,434.0,0.9039,434.0,0.9052,423.0,0.9054,6159.0
1753547075622,16:24:35.622,AERO/USDT:USDT,0.9039,434.0,0.9037,434.0,0.9052,423.0,0.9054,6159.0
1753547075658,16:24:35.658,AERO/USDT:USDT,0.9035,432.0,0.9032,2539.0,0.9052,423.0,0.9054,6159.0
1753547075684,16:24:35.684,AERO/USDT:USDT,0.9035,432.0,0.9032,2539.0,0.9052,423.0,0.9054,6159.0
1753547075726,16:24:35.726,AERO/USDT:USDT,0.9041,34.0,0.9035,432.0,0.9052,423.0,0.9054,6159.0
1753547075741,16:24:35.741,AERO/USDT:USDT,0.9042,434.0,0.9041,34.0,0.9052,423.0,0.9054,6159.0
1753547075772,16:24:35.772,AERO/USDT:USDT,0.9042,434.0,0.9041,34.0,0.905,434.0,0.9051,34.0
1753547075796,16:24:35.796,AERO/USDT:USDT,0.9042,434.0,0.9035,432.0,0.905,434.0,0.9051,34.0
1753547075834,16:24:35.834,AERO/USDT:USDT,0.9043,34.0,0.9042,434.0,0.905,434.0,0.9052,423.0
1753547075859,16:24:35.859,AERO/USDT:USDT,0.9043,468.0,0.9042,434.0,0.9049,434.0,0.905,468.0
1753547076001,16:24:36.001,AERO/USDT:USDT,0.9043,34.0,0.9042,434.0,0.9049,434.0,0.905,468.0
1753547076036,16:24:36.036,AERO/USDT:USDT,0.9043,34.0,0.9042,434.0,0.9049,434.0,0.905,468.0
1753547076086,16:24:36.086,AERO/USDT:USDT,0.9043,34.0,0.9042,434.0,0.9049,434.0,0.905,468.0
1753547076151,16:24:36.151,AERO/USDT:USDT,0.9043,34.0,0.9035,432.0,0.9049,434.0,0.905,468.0
1753547076168,16:24:36.168,AERO/USDT:USDT,0.9035,432.0,0.9032,2539.0,0.9049,434.0,0.905,468.0
1753547076201,16:24:36.201,AERO/USDT:USDT,0.9036,34.0,0.9035,432.0,0.9049,434.0,0.905,434.0
1753547076213,16:24:36.213,AERO/USDT:USDT,0.9036,34.0,0.9035,432.0,0.9048,34.0,0.905,434.0
1753547076247,16:24:36.247,AERO/USDT:USDT,0.9037,434.0,0.9036,34.0,0.9047,434.0,0.9048,34.0
1753547076292,16:24:36.292,AERO/USDT:USDT,0.9038,34.0,0.9037,434.0,0.9047,434.0,0.905,434.0
1753547076305,16:24:36.305,AERO/USDT:USDT,0.9038,34.0,0.9037,434.0,0.9046,34.0,0.9047,434.0
1753547076337,16:24:36.337,AERO/USDT:USDT,0.9039,434.0,0.9038,34.0,0.9045,434.0,0.9046,34.0
1753547076376,16:24:36.376,AERO/USDT:USDT,0.904,34.0,0.9039,434.0,0.9045,434.0,0.9046,34.0
1753547076479,16:24:36.479,AERO/USDT:USDT,0.9041,434.0,0.904,34.0,0.9045,434.0,0.9046,34.0
1753547076507,16:24:36.507,AERO/USDT:USDT,0.9041,434.0,0.904,34.0,0.9045,434.0,0.9046,34.0
1753547076555,16:24:36.555,AERO/USDT:USDT,0.9041,434.0,0.9039,434.0,0.9045,434.0,0.9046,34.0
1753547076578,16:24:36.578,AERO/USDT:USDT,0.9037,434.0,0.9035,432.0,0.9045,434.0,0.9047,434.0
1753547076612,16:24:36.612,AERO/USDT:USDT,0.9035,432.0,0.9032,2539.0,0.9052,423.0,0.9054,6159.0
1753547076677,16:24:36.677,AERO/USDT:USDT,0.9041,34.0,0.9035,432.0,0.9052,423.0,0.9054,6159.0
1753547076749,16:24:36.749,AERO/USDT:USDT,0.9042,434.0,0.9041,34.0,0.9052,423.0,0.9054,6159.0
1753547076790,16:24:36.790,AERO/USDT:USDT,0.9042,434.0,0.9041,34.0,0.9047,34.0,0.9052,423.0
1753547076814,16:24:36.814,AERO/USDT:USDT,0.9042,434.0,0.9035,432.0,0.9046,434.0,0.9047,34.0
1753547076852,16:24:36.852,AERO/USDT:USDT,0.9043,34.0,0.9042,434.0,0.9046,434.0,0.9052,423.0
1753547076976,16:24:36.976,AERO/USDT:USDT,0.9043,34.0,0.9042,434.0,0.9051,34.0,0.9052,423.0
1753547077564,16:24:37.564,AERO/USDT:USDT,0.9043,468.0,0.9042,434.0,0.905,434.0,0.9051,34.0
1753547077750,16:24:37.750,AERO/USDT:USDT,0.9043,468.0,0.9042,434.0,0.905,434.0,0.9051,34.0
1753547078535,16:24:38.535,AERO/USDT:USDT,0.9043,468.0,0.9042,434.0,0.905,434.0,0.9051,34.0
1753547079092,16:24:39.092,AERO/USDT:USDT,0.9043,34.0,0.9042,434.0,0.9049,12.0,0.905,434.0
1753547079106,16:24:39.106,AERO/USDT:USDT,0.9043,34.0,0.9042,434.0,0.9048,434.0,0.9049,12.0
1753547079147,16:24:39.147,AERO/USDT:USDT,0.9043,34.0,0.9042,434.0,0.9048,434.0,0.9049,12.0
1753547079212,16:24:39.212,AERO/USDT:USDT,0.9043,34.0,0.9035,432.0,0.9048,434.0,0.9049,12.0
1753547079225,16:24:39.225,AERO/USDT:USDT,0.9035,432.0,0.9032,2539.0,0.9048,434.0,0.9049,12.0
1753547079264,16:24:39.264,AERO/USDT:USDT,0.9036,34.0,0.9035,432.0,0.9048,434.0,0.9049,12.0
1753547079277,16:24:39.277,AERO/USDT:USDT,0.9037,434.0,0.9036,34.0,0.9047,34.0,0.9048,434.0
1753547079329,16:24:39.329,AERO/USDT:USDT,0.9038,34.0,0.9037,434.0,0.9046,434.0,0.9047,34.0
1753547079341,16:24:39.341,AERO/USDT:USDT,0.9039,433.0,0.9038,34.0,0.9046,434.0,0.9047,34.0
1753547079387,16:24:39.387,AERO/USDT:USDT,0.9039,433.0,0.9038,34.0,0.9046,468.0,0.9048,434.0
1753547079401,16:24:39.401,AERO/USDT:USDT,0.9039,433.0,0.9038,34.0,0.9045,433.0,0.9046,468.0
1753547079445,16:24:39.445,AERO/USDT:USDT,0.904,34.0,0.9039,433.0,0.9045,433.0,0.9046,434.0
1753547079458,16:24:39.458,AERO/USDT:USDT,0.9041,433.0,0.904,34.0,0.9045,433.0,0.9046,434.0
1753547079514,16:24:39.514,AERO/USDT:USDT,0.9041,467.0,0.9039,433.0,0.9045,433.0,0.9046,434.0
1753547079562,16:24:39.562,AERO/USDT:USDT,0.9042,433.0,0.9041,467.0,0.9046,434.0,0.9047,34.0
1753547079591,16:24:39.591,AERO/USDT:USDT,0.9042,433.0,0.9041,433.0,0.9046,434.0,0.9047,34.0
1753547079625,16:24:39.625,AERO/USDT:USDT,0.9042,467.0,0.9041,433.0,0.9046,434.0,0.9048,434.0
1753547079636,16:24:39.636,AERO/USDT:USDT,0.9042,467.0,0.9041,433.0,0.9048,468.0,0.9049,12.0
1753547079692,16:24:39.692,AERO/USDT:USDT,0.9042,467.0,0.9041,433.0,0.9047,433.0,0.9048,434.0
1753547079825,16:24:39.825,AERO/USDT:USDT,0.9042,467.0,0.9041,433.0,0.9048,434.0,0.9049,46.0
1753547081290,16:24:41.290,AERO/USDT:USDT,0.9043,433.0,0.9042,467.0,0.9048,434.0,0.9049,46.0
1753547081322,16:24:41.322,AERO/USDT:USDT,0.9043,433.0,0.9042,433.0,0.9048,434.0,0.9049,12.0
1753547081347,16:24:41.347,AERO/USDT:USDT,0.9043,34.0,0.9041,433.0,0.9048,434.0,0.9049,12.0
1753547081413,16:24:41.413,AERO/USDT:USDT,0.9041,433.0,0.9039,433.0,0.9048,434.0,0.9049,12.0
1753547081433,16:24:41.433,AERO/USDT:USDT,0.9037,434.0,0.9035,432.0,0.9048,434.0,0.9049,12.0
1753547081471,16:24:41.471,AERO/USDT:USDT,0.9042,34.0,0.9035,432.0,0.9048,434.0,0.9049,46.0
1753547081527,16:24:41.527,AERO/USDT:USDT,0.9036,34.0,0.9035,432.0,0.9048,434.0,0.9049,12.0
1753547081600,16:24:41.600,AERO/USDT:USDT,0.9037,433.0,0.9036,34.0,0.9046,433.0,0.9047,34.0
1753547081607,16:24:41.607,AERO/USDT:USDT,0.9037,433.0,0.9035,432.0,0.9046,433.0,0.9048,434.0
1753547081619,16:24:41.619,AERO/USDT:USDT,0.9038,34.0,0.9037,433.0,0.9046,467.0,0.9048,434.0
1753547081652,16:24:41.652,AERO/USDT:USDT,0.9039,433.0,0.9038,34.0,0.9045,433.0,0.9046,467.0
1753547081692,16:24:41.692,AERO/USDT:USDT,0.9039,433.0,0.9037,433.0,0.9045,433.0,0.9046,467.0
1753547081710,16:24:41.710,AERO/USDT:USDT,0.9041,433.0,0.904,34.0,0.9045,433.0,0.9046,467.0
1753547081734,16:24:41.734,AERO/USDT:USDT,0.9041,433.0,0.9039,433.0,0.9045,433.0,0.9046,433.0
1753547081787,16:24:41.787,AERO/USDT:USDT,0.9041,433.0,0.9039,433.0,0.9046,433.0,0.9048,434.0
1753547081798,16:24:41.798,AERO/USDT:USDT,0.9041,467.0,0.9039,433.0,0.9046,433.0,0.9047,34.0
1753547082160,16:24:42.160,AERO/USDT:USDT,0.9042,433.0,0.9041,467.0,0.9046,433.0,0.9047,34.0
1753547082283,16:24:42.283,AERO/USDT:USDT,0.9042,433.0,0.9041,433.0,0.9046,433.0,0.905,434.0
1753547082304,16:24:42.304,AERO/USDT:USDT,0.9041,433.0,0.9037,433.0,0.9052,423.0,0.9054,421.0
1753547082380,16:24:42.380,AERO/USDT:USDT,0.9042,34.0,0.9037,433.0,0.9047,433.0,0.9048,34.0
1753547082401,16:24:42.401,AERO/USDT:USDT,0.9037,433.0,0.9035,432.0,0.9047,433.0,0.9048,34.0
1753547082455,16:24:42.455,AERO/USDT:USDT,0.9035,432.0,0.9032,2539.0,0.9047,433.0,0.9054,421.0
1753547082472,16:24:42.472,AERO/USDT:USDT,0.9038,34.0,0.9035,432.0,0.9047,433.0,0.9054,421.0
1753547082485,16:24:42.485,AERO/USDT:USDT,0.9039,433.0,0.9038,34.0,0.9046,34.0,0.9054,421.0
1753547082539,16:24:42.539,AERO/USDT:USDT,0.904,34.0,0.9039,433.0,0.9045,433.0,0.9054,421.0
1753547082545,16:24:42.545,AERO/USDT:USDT,0.904,34.0,0.9039,433.0,0.9045,433.0,0.9053,34.0
1753547084446,16:24:44.446,AERO/USDT:USDT,0.9041,433.0,0.904,34.0,0.9045,433.0,0.9053,34.0
1753547084493,16:24:44.493,AERO/USDT:USDT,0.9041,467.0,0.9039,433.0,0.9045,433.0,0.9053,34.0
1753547084508,16:24:44.508,AERO/USDT:USDT,0.9042,433.0,0.9041,467.0,0.9045,433.0,0.9053,34.0
1753547084550,16:24:44.550,AERO/USDT:USDT,0.9042,433.0,0.9041,467.0,0.9045,433.0,0.9053,34.0
1753547085254,16:24:45.254,AERO/USDT:USDT,0.9042,433.0,0.9041,467.0,0.9045,433.0,0.9053,34.0
1753547088405,16:24:48.405,AERO/USDT:USDT,0.9042,433.0,0.9041,467.0,0.9045,433.0,0.9053,34.0
1753547089248,16:24:49.248,AERO/USDT:USDT,0.9042,433.0,0.9041,467.0,0.9045,433.0,0.9053,34.0
1753547089266,16:24:49.266,AERO/USDT:USDT,0.9042,433.0,0.9041,467.0,0.9045,433.0,0.9053,34.0
1753547094045,16:24:54.045,AERO/USDT:USDT,0.9042,433.0,0.9041,467.0,0.9045,433.0,0.9053,34.0
1753547098845,16:24:58.845,AERO/USDT:USDT,0.9042,433.0,0.9041,467.0,0.9045,433.0,0.9053,34.0
1753547103647,16:25:03.647,AERO/USDT:USDT,0.9042,433.0,0.9041,467.0,0.9045,433.0,0.9053,34.0
1753547103837,16:25:03.837,AERO/USDT:USDT,0.9042,433.0,0.9041,467.0,0.9045,433.0,0.9053,34.0
1753547103856,16:25:03.856,AERO/USDT:USDT,0.9042,433.0,0.9041,467.0,0.9045,433.0,0.9053,34.0
1753547104601,16:25:04.601,AERO/USDT:USDT,0.9042,433.0,0.9041,467.0,0.9045,433.0,0.9053,34.0
1753547104668,16:25:04.668,AERO/USDT:USDT,0.9042,433.0,0.9041,467.0,0.9045,433.0,0.9053,34.0
1753547104707,16:25:04.707,AERO/USDT:USDT,0.9042,433.0,0.9041,467.0,0.9045,433.0,0.9053,34.0
1753547104737,16:25:04.737,AERO/USDT:USDT,0.9042,433.0,0.9041,467.0,0.9045,433.0,0.9053,34.0
1753547105192,16:25:05.192,AERO/USDT:USDT,0.9041,467.0,0.9035,432.0,0.9045,433.0,0.9053,34.0
1753547105212,16:25:05.212,AERO/USDT:USDT,0.9041,467.0,0.9035,432.0,0.9045,433.0,0.9053,34.0
1753547105289,16:25:05.289,AERO/USDT:USDT,0.9041,467.0,0.9035,432.0,0.9045,433.0,0.9053,34.0
1753547105356,16:25:05.356,AERO/USDT:USDT,0.9042,430.0,0.9041,467.0,0.9045,433.0,0.9053,34.0
1753547105392,16:25:05.392,AERO/USDT:USDT,0.9041,467.0,0.9035,432.0,0.9045,433.0,0.9053,34.0
1753547105483,16:25:05.483,AERO/USDT:USDT,0.9042,430.0,0.9041,467.0,0.9045,433.0,0.9053,34.0
1753547105634,16:25:05.634,AERO/USDT:USDT,0.9041,467.0,0.9035,432.0,0.9045,433.0,0.9053,34.0
1753547105703,16:25:05.703,AERO/USDT:USDT,0.9041,34.0,0.9035,432.0,0.9045,433.0,0.9053,34.0
1753547105760,16:25:05.760,AERO/USDT:USDT,0.9036,34.0,0.9035,432.0,0.9045,433.0,0.9054,421.0
1753547105768,16:25:05.768,AERO/USDT:USDT,0.9036,34.0,0.9035,432.0,0.9044,34.0,0.9045,433.0
1753547106074,16:25:06.074,AERO/USDT:USDT,0.9037,430.0,0.9036,34.0,0.9043,430.0,0.9044,34.0
1753547106097,16:25:06.097,AERO/USDT:USDT,0.9037,430.0,0.9035,432.0,0.9043,430.0,0.9054,421.0
1753547106135,16:25:06.135,AERO/USDT:USDT,0.9035,432.0,0.9032,2972.0,0.9054,421.0,0.9055,2970.0
1753547106154,16:25:06.154,AERO/USDT:USDT,0.9038,34.0,0.9035,432.0,0.9053,34.0,0.9054,421.0
1753547106205,16:25:06.205,AERO/USDT:USDT,0.9039,430.0,0.9036,34.0,0.9053,34.0,0.9054,421.0
1753547106233,16:25:06.233,AERO/USDT:USDT,0.9039,430.0,0.9035,432.0,0.9053,34.0,0.9054,421.0
1753547106323,16:25:06.323,AERO/USDT:USDT,0.9035,432.0,0.9032,2972.0,0.9053,34.0,0.9054,421.0
1753547106403,16:25:06.403,AERO/USDT:USDT,0.904,34.0,0.9035,432.0,0.9053,34.0,0.9054,421.0
1753547106426,16:25:06.426,AERO/USDT:USDT,0.904,34.0,0.9035,432.0,0.9052,430.0,0.9053,34.0
1753547106461,16:25:06.461,AERO/USDT:USDT,0.904,34.0,0.9035,432.0,0.9052,430.0,0.9053,34.0
1753547106515,16:25:06.515,AERO/USDT:USDT,0.9035,432.0,0.9032,433.0,0.9052,430.0,0.9053,34.0
1753547106548,16:25:06.548,AERO/USDT:USDT,0.9037,430.0,0.9036,34.0,0.9052,430.0,0.9053,34.0
1753547106601,16:25:06.601,AERO/USDT:USDT,0.9037,430.0,0.9032,433.0,0.9052,430.0,0.9054,421.0
1753547106614,16:25:06.614,AERO/USDT:USDT,0.9037,430.0,0.9032,433.0,0.9054,421.0,0.9055,2970.0
1753547106707,16:25:06.707,AERO/USDT:USDT,0.9032,433.0,0.903,8275.0,0.9054,421.0,0.9055,2970.0
1753547106737,16:25:06.737,AERO/USDT:USDT,0.9038,34.0,0.9032,433.0,0.9051,34.0,0.9054,421.0
1753547106756,16:25:06.756,AERO/USDT:USDT,0.9039,430.0,0.9032,433.0,0.905,430.0,0.9054,421.0
1753547106838,16:25:06.838,AERO/USDT:USDT,0.9039,430.0,0.9032,433.0,0.905,430.0,0.9054,421.0
1753547106882,16:25:06.882,AERO/USDT:USDT,0.9039,430.0,0.9032,433.0,0.905,430.0,0.9054,421.0
1753547106911,16:25:06.911,AERO/USDT:USDT,0.9032,433.0,0.903,8275.0,0.9054,421.0,0.9055,2970.0
1753547107112,16:25:07.112,AERO/USDT:USDT,0.9033,34.0,0.9032,433.0,0.9054,421.0,0.9055,2970.0
1753547107122,16:25:07.122,AERO/USDT:USDT,0.9034,430.0,0.9033,34.0,0.9054,421.0,0.9055,2970.0
1753547107145,16:25:07.145,AERO/USDT:USDT,0.9034,430.0,0.9033,34.0,0.9052,430.0,0.9053,34.0
1753547107201,16:25:07.201,AERO/USDT:USDT,0.9035,34.0,0.9034,430.0,0.9052,430.0,0.9053,34.0
1753547107213,16:25:07.213,AERO/USDT:USDT,0.9036,430.0,0.9035,34.0,0.9052,430.0,0.9053,34.0
1753547107249,16:25:07.249,AERO/USDT:USDT,0.9036,430.0,0.9035,34.0,0.9051,34.0,0.9052,430.0
1753547107263,16:25:07.263,AERO/USDT:USDT,0.9036,430.0,0.9034,430.0,0.905,430.0,0.9051,34.0
1753547107297,16:25:07.297,AERO/USDT:USDT,0.9037,34.0,0.9036,430.0,0.905,430.0,0.9051,34.0
1753547107328,16:25:07.328,AERO/USDT:USDT,0.9038,430.0,0.9037,34.0,0.905,430.0,0.9052,430.0
1753547107392,16:25:07.392,AERO/USDT:USDT,0.9038,430.0,0.9037,34.0,0.9049,34.0,0.905,430.0
1753547107432,16:25:07.432,AERO/USDT:USDT,0.9038,430.0,0.9036,430.0,0.9048,430.0,0.9049,34.0
1753547107467,16:25:07.467,AERO/USDT:USDT,0.9036,430.0,0.9034,430.0,0.9048,430.0,0.9049,34.0
1753547107477,16:25:07.477,AERO/USDT:USDT,0.9034,430.0,0.9032,433.0,0.9048,430.0,0.9049,34.0
1753547107509,16:25:07.509,AERO/USDT:USDT,0.904,430.0,0.9039,34.0,0.9048,430.0,0.9049,34.0
1753547107569,16:25:07.569,AERO/USDT:USDT,0.9041,34.0,0.904,430.0,0.9048,430.0,0.905,430.0
1753547107751,16:25:07.751,AERO/USDT:USDT,0.9042,430.0,0.9041,34.0,0.9047,430.0,0.9048,34.0
1753547107772,16:25:07.772,AERO/USDT:USDT,0.9042,430.0,0.904,430.0,0.9047,430.0,0.905,430.0
1753547107806,16:25:07.806,AERO/USDT:USDT,0.9042,34.0,0.9032,433.0,0.9047,430.0,0.905,430.0
1753547107907,16:25:07.907,AERO/USDT:USDT,0.9042,34.0,0.9032,433.0,0.9049,34.0,0.905,430.0
1753547107928,16:25:07.928,AERO/USDT:USDT,0.9032,433.0,0.903,8275.0,0.9048,430.0,0.9049,34.0
1753547107963,16:25:07.963,AERO/USDT:USDT,0.9034,430.0,0.9033,34.0,0.9048,430.0,0.9049,34.0
1753547108090,16:25:08.090,AERO/USDT:USDT,0.9034,430.0,0.9033,34.0,0.9048,430.0,0.905,430.0
1753547108112,16:25:08.112,AERO/USDT:USDT,0.9034,430.0,0.9032,433.0,0.9052,430.0,0.9054,421.0
1753547108136,16:25:08.136,AERO/USDT:USDT,0.9035,34.0,0.9032,433.0,0.9047,34.0,0.9054,421.0
1753547108203,16:25:08.203,AERO/USDT:USDT,0.9036,430.0,0.9035,34.0,0.9046,430.0,0.9054,421.0
1753547108250,16:25:08.250,AERO/USDT:USDT,0.9036,430.0,0.9033,34.0,0.9046,430.0,0.9054,421.0
1753547108265,16:25:08.265,AERO/USDT:USDT,0.9036,430.0,0.9033,34.0,0.9046,430.0,0.9053,34.0
1753547108446,16:25:08.446,AERO/USDT:USDT,0.9036,430.0,0.9033,34.0,0.9046,430.0,0.9053,34.0
1753547108476,16:25:08.476,AERO/USDT:USDT,0.9036,430.0,0.9032,433.0,0.9046,430.0,0.9053,34.0
1753547108528,16:25:08.528,AERO/USDT:USDT,0.9037,34.0,0.9032,433.0,0.9046,430.0,0.9054,421.0
1753547108771,16:25:08.771,AERO/USDT:USDT,0.9038,430.0,0.9032,433.0,0.9044,430.0,0.9045,34.0
1753547108811,16:25:08.811,AERO/USDT:USDT,0.9033,34.0,0.9032,433.0,0.9044,430.0,0.9045,34.0
1753547108825,16:25:08.825,AERO/USDT:USDT,0.9034,430.0,0.9033,34.0,0.9044,430.0,0.9045,34.0
1753547108921,16:25:08.921,AERO/USDT:USDT,0.9034,430.0,0.9033,34.0,0.9044,430.0,0.9054,421.0
1753547108954,16:25:08.954,AERO/USDT:USDT,0.9034,430.0,0.9033,34.0,0.9043,34.0,0.9054,421.0
1753547109092,16:25:09.092,AERO/USDT:USDT,0.9034,430.0,0.9033,34.0,0.9042,430.0,0.9054,421.0
1753547109096,16:25:09.096,AERO/USDT:USDT,0.9034,430.0,0.9032,433.0,0.9042,430.0,0.9054,421.0
1753547109130,16:25:09.130,AERO/USDT:USDT,0.9032,433.0,0.903,8275.0,0.9054,421.0,0.9055,2970.0
1753547109154,16:25:09.154,AERO/USDT:USDT,0.9036,430.0,0.9035,34.0,0.9053,34.0,0.9054,421.0
1753547109213,16:25:09.213,AERO/USDT:USDT,0.9037,34.0,0.9036,430.0,0.9052,430.0,0.9053,34.0
1753547109877,16:25:09.877,AERO/USDT:USDT,0.9038,430.0,0.9036,430.0,0.9052,430.0,0.9053,34.0
1753547109917,16:25:09.917,AERO/USDT:USDT,0.9038,34.0,0.9032,433.0,0.9052,430.0,0.9054,421.0
1753547109935,16:25:09.935,AERO/USDT:USDT,0.9038,34.0,0.9032,433.0,0.905,420.0,0.9051,34.0
1753547109970,16:25:09.970,AERO/USDT:USDT,0.9033,34.0,0.9032,433.0,0.905,420.0,0.9051,34.0
1753547110021,16:25:10.021,AERO/USDT:USDT,0.9034,420.0,0.9033,34.0,0.9049,34.0,0.905,420.0
1753547110033,16:25:10.033,AERO/USDT:USDT,0.9034,420.0,0.9033,34.0,0.9048,420.0,0.9049,34.0
1753547110074,16:25:10.074,AERO/USDT:USDT,0.9035,34.0,0.9034,420.0,0.9048,420.0,0.9049,34.0
1753547110087,16:25:10.087,AERO/USDT:USDT,0.9036,420.0,0.9035,34.0,0.9048,420.0,0.9049,34.0
1753547110124,16:25:10.124,AERO/USDT:USDT,0.9036,420.0,0.9035,34.0,0.9047,34.0,0.9048,420.0
1753547110174,16:25:10.174,AERO/USDT:USDT,0.9037,34.0,0.9036,420.0,0.9046,420.0,0.9047,34.0
1753547110221,16:25:10.221,AERO/USDT:USDT,0.9038,420.0,0.9037,34.0,0.9045,34.0,0.9046,420.0
1753547110234,16:25:10.234,AERO/USDT:USDT,0.9038,420.0,0.9037,34.0,0.9044,420.0,0.9045,34.0
1753547110287,16:25:10.287,AERO/USDT:USDT,0.9039,34.0,0.9038,420.0,0.9044,420.0,0.9046,420.0
1753547110294,16:25:10.294,AERO/USDT:USDT,0.9039,34.0,0.9038,420.0,0.9044,420.0,0.9046,454.0
1753547111941,16:25:11.941,AERO/USDT:USDT,0.904,420.0,0.9039,34.0,0.9044,420.0,0.9046,454.0
1753547111948,16:25:11.948,AERO/USDT:USDT,0.904,420.0,0.9039,34.0,0.9044,420.0,0.9046,454.0
1753547111986,16:25:11.986,AERO/USDT:USDT,0.904,454.0,0.9036,420.0,0.9044,420.0,0.9046,454.0
1753547112011,16:25:12.011,AERO/USDT:USDT,0.9041,420.0,0.904,454.0,0.9044,420.0,0.9046,454.0
1753547112061,16:25:12.061,AERO/USDT:USDT,0.9041,420.0,0.904,454.0,0.9044,420.0,0.9046,420.0
1753547112073,16:25:12.073,AERO/USDT:USDT,0.9041,420.0,0.904,454.0,0.9046,420.0,0.9049,34.0
1753547112120,16:25:12.120,AERO/USDT:USDT,0.9041,454.0,0.904,420.0,0.9046,420.0,0.9049,34.0
1753547112137,16:25:12.137,AERO/USDT:USDT,0.9042,420.0,0.9041,454.0,0.9046,420.0,0.9049,34.0
1753547112921,16:25:12.921,AERO/USDT:USDT,0.9042,420.0,0.9041,454.0,0.9046,420.0,0.9049,34.0
1753547112970,16:25:12.970,AERO/USDT:USDT,0.9042,420.0,0.9041,454.0,0.9046,420.0,0.9049,34.0
1753547113249,16:25:13.249,AERO/USDT:USDT,0.9042,420.0,0.9041,454.0,0.9046,420.0,0.9049,34.0
1753547113265,16:25:13.265,AERO/USDT:USDT,0.9042,420.0,0.9041,454.0,0.9046,420.0,0.9049,34.0
1753547113390,16:25:13.390,AERO/USDT:USDT,0.9042,420.0,0.9041,454.0,0.9046,420.0,0.9049,34.0
1753547113418,16:25:13.418,AERO/USDT:USDT,0.9042,420.0,0.9041,454.0,0.9046,420.0,0.9049,34.0
1753547114230,16:25:14.230,AERO/USDT:USDT,0.9042,420.0,0.9041,454.0,0.9046,420.0,0.9049,34.0
1753547114261,16:25:14.261,AERO/USDT:USDT,0.9042,420.0,0.9041,454.0,0.9046,420.0,0.9049,34.0
1753547114715,16:25:14.715,AERO/USDT:USDT,0.9042,420.0,0.9041,454.0,0.9046,420.0,0.9049,34.0
1753547114744,16:25:14.744,AERO/USDT:USDT,0.9042,420.0,0.9041,454.0,0.9046,420.0,0.9049,34.0
1753547114837,16:25:14.837,AERO/USDT:USDT,0.9042,420.0,0.9041,454.0,0.9046,420.0,0.9049,34.0
1753547114996,16:25:14.996,AERO/USDT:USDT,0.9042,420.0,0.9041,454.0,0.9046,420.0,0.9049,34.0
1753547115010,16:25:15.010,AERO/USDT:USDT,0.9042,420.0,0.9041,420.0,0.9046,420.0,0.9049,34.0
1753547115035,16:25:15.035,AERO/USDT:USDT,0.9036,420.0,0.9034,420.0,0.9046,420.0,0.9054,421.0
1753547115071,16:25:15.071,AERO/USDT:USDT,0.9042,34.0,0.9032,433.0,0.9052,420.0,0.9053,34.0
1753547115094,16:25:15.094,AERO/USDT:USDT,0.9032,433.0,0.903,2957.0,0.9052,420.0,0.9053,34.0
1753547115132,16:25:15.132,AERO/USDT:USDT,0.9033,34.0,0.9032,433.0,0.9052,420.0,0.9054,421.0
1753547115169,16:25:15.169,AERO/USDT:USDT,0.9034,420.0,0.9033,34.0,0.905,420.0,0.9051,34.0
1753547115187,16:25:15.187,AERO/USDT:USDT,0.9034,420.0,0.9032,433.0,0.905,420.0,0.9052,420.0
1753547115220,16:25:15.220,AERO/USDT:USDT,0.9035,34.0,0.9034,420.0,0.905,420.0,0.9052,420.0
1753547115300,16:25:15.300,AERO/USDT:USDT,0.9036,420.0,0.9035,34.0,0.9048,420.0,0.9049,34.0
1753547115301,16:25:15.301,AERO/USDT:USDT,0.9036,420.0,0.9034,420.0,0.9048,420.0,0.9049,34.0
1753547115313,16:25:15.313,AERO/USDT:USDT,0.9036,420.0,0.9034,420.0,0.9048,420.0,0.905,420.0
1753547115335,16:25:15.335,AERO/USDT:USDT,0.9038,420.0,0.9037,34.0,0.9047,34.0,0.9048,420.0
1753547115384,16:25:15.384,AERO/USDT:USDT,0.9039,34.0,0.9038,420.0,0.9046,420.0,0.9047,34.0
1753547115398,16:25:15.398,AERO/USDT:USDT,0.9039,34.0,0.9038,420.0,0.9046,420.0,0.9048,420.0
1753547115431,16:25:15.431,AERO/USDT:USDT,0.904,420.0,0.9039,34.0,0.9046,454.0,0.9048,420.0
1753547115809,16:25:15.809,AERO/USDT:USDT,0.9041,34.0,0.904,420.0,0.9045,420.0,0.9046,420.0
1753547115821,16:25:15.821,AERO/USDT:USDT,0.9041,34.0,0.904,420.0,0.9046,420.0,0.9048,420.0
1753547115843,16:25:15.843,AERO/USDT:USDT,0.9041,34.0,0.904,420.0,0.9047,34.0,0.905,420.0
1753547116016,16:25:16.016,AERO/USDT:USDT,0.9041,34.0,0.904,420.0,0.9046,420.0,0.9052,420.0
1753547116027,16:25:16.027,AERO/USDT:USDT,0.9041,34.0,0.904,420.0,0.9052,420.0,0.9054,421.0
1753547116061,16:25:16.061,AERO/USDT:USDT,0.9041,34.0,0.904,420.0,0.9048,420.0,0.9049,34.0
1753547116085,16:25:16.085,AERO/USDT:USDT,0.9041,34.0,0.904,420.0,0.9048,420.0,0.9054,421.0
1753547116131,16:25:16.131,AERO/USDT:USDT,0.9041,34.0,0.904,420.0,0.9048,454.0,0.9054,421.0
1753547116143,16:25:16.143,AERO/USDT:USDT,0.9041,34.0,0.904,420.0,0.9047,420.0,0.9048,454.0
1753547116248,16:25:16.248,AERO/USDT:USDT,0.9041,454.0,0.904,420.0,0.9047,420.0,0.9048,454.0
1753547116436,16:25:16.436,AERO/USDT:USDT,0.9041,454.0,0.904,420.0,0.9047,420.0,0.9048,454.0
1753547116625,16:25:16.625,AERO/USDT:USDT,0.9041,454.0,0.904,420.0,0.9047,420.0,0.9048,454.0
1753547116822,16:25:16.822,AERO/USDT:USDT,0.9041,454.0,0.904,420.0,0.9047,420.0,0.9048,454.0
1753547116983,16:25:16.983,AERO/USDT:USDT,0.9041,454.0,0.904,420.0,0.9047,420.0,0.9048,454.0
1753547117201,16:25:17.201,AERO/USDT:USDT,0.9041,454.0,0.904,420.0,0.9047,420.0,0.9048,454.0
1753547117203,16:25:17.203,AERO/USDT:USDT,0.9041,34.0,0.904,420.0,0.9047,420.0,0.9048,454.0
1753547117380,16:25:17.380,AERO/USDT:USDT,0.9041,454.0,0.904,420.0,0.9047,420.0,0.9048,454.0
1753547117538,16:25:17.538,AERO/USDT:USDT,0.9041,454.0,0.904,420.0,0.9047,420.0,0.9048,454.0
1753547117712,16:25:17.712,AERO/USDT:USDT,0.9041,454.0,0.904,420.0,0.9047,420.0,0.9048,454.0
1753547117928,16:25:17.928,AERO/USDT:USDT,0.9041,454.0,0.9038,420.0,0.9047,420.0,0.9048,454.0
1753547118047,16:25:18.047,AERO/USDT:USDT,0.9041,454.0,0.9038,420.0,0.9047,420.0,0.9048,454.0
1753547118168,16:25:18.168,AERO/USDT:USDT,0.9041,454.0,0.9038,420.0,0.9042,3.0,0.9047,420.0
1753547118188,16:25:18.188,AERO/USDT:USDT,0.9041,454.0,0.9038,420.0,0.9047,420.0,0.9048,454.0
1753547118218,16:25:18.218,AERO/USDT:USDT,0.9041,34.0,0.9038,420.0,0.9047,420.0,0.9048,454.0
1753547118248,16:25:18.248,AERO/USDT:USDT,0.9041,420.0,0.9036,420.0,0.9047,420.0,0.9048,420.0
1753547118276,16:25:18.276,AERO/USDT:USDT,0.9041,420.0,0.9039,34.0,0.9054,421.0,0.9055,2970.0
1753547118316,16:25:18.316,AERO/USDT:USDT,0.904,420.0,0.9039,34.0,0.9047,34.0,0.9054,421.0
1753547118334,16:25:18.334,AERO/USDT:USDT,0.904,420.0,0.9036,420.0,0.9054,421.0,0.9055,2970.0
1753547118365,16:25:18.365,AERO/USDT:USDT,0.9042,34.0,0.904,420.0,0.9054,421.0,0.9055,2970.0
1753547118743,16:25:18.743,AERO/USDT:USDT,0.9043,420.0,0.9042,34.0,0.9052,420.0,0.9053,34.0
1753547118757,16:25:18.757,AERO/USDT:USDT,0.9043,420.0,0.9042,34.0,0.9052,420.0,0.9053,34.0
1753547118794,16:25:18.794,AERO/USDT:USDT,0.9043,420.0,0.904,420.0,0.9052,420.0,0.9054,421.0
1753547118813,16:25:18.813,AERO/USDT:USDT,0.9045,420.0,0.9044,34.0,0.9052,34.0,0.9054,421.0
1753547118853,16:25:18.853,AERO/USDT:USDT,0.9045,420.0,0.9043,420.0,0.9054,421.0,0.9055,2970.0
1753547118873,16:25:18.873,AERO/USDT:USDT,0.9046,34.0,0.9045,420.0,0.9054,455.0,0.9055,2970.0
1753547118909,16:25:18.909,AERO/USDT:USDT,0.9046,454.0,0.9045,420.0,0.9053,420.0,0.9054,455.0
1753547119080,16:25:19.080,AERO/USDT:USDT,0.9046,454.0,0.9045,420.0,0.9053,420.0,0.9054,455.0
1753547119086,16:25:19.086,AERO/USDT:USDT,0.9046,34.0,0.9045,420.0,0.9053,420.0,0.9054,455.0
1753547119268,16:25:19.268,AERO/USDT:USDT,0.9046,454.0,0.9045,420.0,0.9053,420.0,0.9054,455.0
1753547119457,16:25:19.457,AERO/USDT:USDT,0.9046,462.0,0.9045,420.0,0.9053,420.0,0.9054,455.0
1753547119479,16:25:19.479,AERO/USDT:USDT,0.9046,34.0,0.9045,420.0,0.9053,420.0,0.9054,455.0
1753547119593,16:25:19.593,AERO/USDT:USDT,0.9046,34.0,0.9045,420.0,0.9053,420.0,0.9054,455.0
1753547119836,16:25:19.836,AERO/USDT:USDT,0.9046,462.0,0.9045,420.0,0.9053,420.0,0.9054,455.0
1753547120022,16:25:20.022,AERO/USDT:USDT,0.9046,462.0,0.9045,420.0,0.9053,420.0,0.9054,455.0
1753547120128,16:25:20.128,AERO/USDT:USDT,0.9046,34.0,0.9045,420.0,0.9052,7.0,0.9053,420.0
1753547120141,16:25:20.141,AERO/USDT:USDT,0.9046,34.0,0.9045,420.0,0.9051,428.0,0.9052,7.0
1753547120189,16:25:20.189,AERO/USDT:USDT,0.9046,34.0,0.9045,420.0,0.9051,428.0,0.9052,41.0
1753547120203,16:25:20.203,AERO/USDT:USDT,0.9046,462.0,0.9045,420.0,0.9051,428.0,0.9052,41.0
1753547120399,16:25:20.399,AERO/USDT:USDT,0.9046,462.0,0.9045,420.0,0.9051,428.0,0.9052,41.0
1753547120405,16:25:20.405,AERO/USDT:USDT,0.9046,34.0,0.9045,420.0,0.9051,428.0,0.9052,41.0
1753547120588,16:25:20.588,AERO/USDT:USDT,0.9046,462.0,0.9045,420.0,0.9051,428.0,0.9052,41.0
1753547120656,16:25:20.656,AERO/USDT:USDT,0.9046,34.0,0.9043,420.0,0.9051,428.0,0.9052,41.0
1753547120674,16:25:20.674,AERO/USDT:USDT,0.9043,420.0,0.904,420.0,0.9051,428.0,0.9052,7.0
1753547120702,16:25:20.702,AERO/USDT:USDT,0.9044,34.0,0.9034,420.0,0.9051,428.0,0.9052,7.0
1753547120734,16:25:20.734,AERO/USDT:USDT,0.9045,428.0,0.9034,420.0,0.905,428.0,0.9051,462.0
1753547120770,16:25:20.770,AERO/USDT:USDT,0.9045,428.0,0.9035,34.0,0.905,428.0,0.9051,428.0
1753547121646,16:25:21.646,AERO/USDT:USDT,0.9045,428.0,0.9034,420.0,0.9049,428.0,0.905,462.0
1753547121672,16:25:21.672,AERO/USDT:USDT,0.9032,433.0,0.903,2957.0,0.9049,428.0,0.905,428.0
1753547121696,16:25:21.696,AERO/USDT:USDT,0.9045,34.0,0.9032,433.0,0.9051,428.0,0.9052,41.0
1753547121726,16:25:21.726,AERO/USDT:USDT,0.9032,433.0,0.903,2957.0,0.9051,428.0,0.9052,7.0
1753547121765,16:25:21.765,AERO/USDT:USDT,0.9033,34.0,0.9032,433.0,0.9051,428.0,0.9052,7.0
1753547121909,16:25:21.909,AERO/USDT:USDT,0.9034,428.0,0.9033,34.0,0.9049,428.0,0.905,34.0
1753547121936,16:25:21.936,AERO/USDT:USDT,0.9034,428.0,0.9032,433.0,0.9049,428.0,0.905,34.0
1753547121972,16:25:21.972,AERO/USDT:USDT,0.9035,34.0,0.9032,433.0,0.9049,428.0,0.9051,428.0
1753547122373,16:25:22.373,AERO/USDT:USDT,0.9036,428.0,0.9035,34.0,0.9047,428.0,0.9048,34.0
1753547122387,16:25:22.387,AERO/USDT:USDT,0.9036,428.0,0.9032,433.0,0.9047,428.0,0.9048,34.0
1753547122422,16:25:22.422,AERO/USDT:USDT,0.9037,34.0,0.9032,433.0,0.9047,428.0,0.9049,428.0
1753547122452,16:25:22.452,AERO/USDT:USDT,0.9038,428.0,0.9032,433.0,0.9045,428.0,0.9046,34.0
1753547122481,16:25:22.481,AERO/USDT:USDT,0.9038,428.0,0.9033,34.0,0.9045,428.0,0.9046,34.0
1753547122535,16:25:22.535,AERO/USDT:USDT,0.9039,34.0,0.9038,428.0,0.9045,428.0,0.9049,428.0
1753547122635,16:25:22.635,AERO/USDT:USDT,0.904,428.0,0.9039,34.0,0.9048,34.0,0.9049,428.0
1753547122655,16:25:22.655,AERO/USDT:USDT,0.904,428.0,0.9038,428.0,0.9047,428.0,0.9048,34.0
1753547122694,16:25:22.694,AERO/USDT:USDT,0.9041,34.0,0.904,428.0,0.9047,428.0,0.9049,428.0
1753547122812,16:25:22.812,AERO/USDT:USDT,0.9042,428.0,0.9041,34.0,0.9049,462.0,0.9051,428.0
1753547122837,16:25:22.837,AERO/USDT:USDT,0.9042,428.0,0.904,428.0,0.9048,428.0,0.9049,462.0
1753547122866,16:25:22.866,AERO/USDT:USDT,0.904,428.0,0.9038,428.0,0.9048,428.0,0.9049,428.0
1753547122989,16:25:22.989,AERO/USDT:USDT,0.9044,428.0,0.9043,34.0,0.9049,428.0,0.905,34.0
1753547123073,16:25:23.073,AERO/USDT:USDT,0.9044,462.0,0.9038,428.0,0.9049,428.0,0.9051,428.0
1753547123079,16:25:23.079,AERO/USDT:USDT,0.9044,462.0,0.9038,428.0,0.9049,428.0,0.9051,462.0
1753547123127,16:25:23.127,AERO/USDT:USDT,0.9045,428.0,0.9044,462.0,0.905,428.0,0.9051,462.0
1753547123193,16:25:23.193,AERO/USDT:USDT,0.9045,428.0,0.9044,428.0,0.905,428.0,0.9051,462.0
1753547123246,16:25:23.246,AERO/USDT:USDT,0.9044,428.0,0.9038,428.0,0.905,428.0,0.9051,428.0
1753547123255,16:25:23.255,AERO/USDT:USDT,0.9038,428.0,0.9032,433.0,0.905,428.0,0.9051,428.0
1753547123285,16:25:23.285,AERO/USDT:USDT,0.9032,433.0,0.903,2957.0,0.9051,428.0,0.9052,7.0
1753547123338,16:25:23.338,AERO/USDT:USDT,0.9032,433.0,0.903,2957.0,0.9051,428.0,0.9054,421.0
1753547123347,16:25:23.347,AERO/USDT:USDT,0.9032,433.0,0.903,2957.0,0.9054,421.0,0.9055,2970.0
1753547123390,16:25:23.390,AERO/USDT:USDT,0.9045,34.0,0.9032,433.0,0.9054,421.0,0.9055,2970.0
1753547123407,16:25:23.407,AERO/USDT:USDT,0.9045,34.0,0.9032,433.0,0.9052,34.0,0.9054,421.0
1753547123467,16:25:23.467,AERO/USDT:USDT,0.9032,433.0,0.903,2957.0,0.9051,428.0,0.9054,421.0
1753547123502,16:25:23.502,AERO/USDT:USDT,0.9033,34.0,0.9032,433.0,0.9051,428.0,0.9054,421.0
1753547123572,16:25:23.572,AERO/USDT:USDT,0.9034,428.0,0.9033,34.0,0.9053,34.0,0.9054,421.0
1753547123593,16:25:23.593,AERO/USDT:USDT,0.9034,428.0,0.9033,34.0,0.9052,428.0,0.9053,34.0
1753547123629,16:25:23.629,AERO/USDT:USDT,0.9035,34.0,0.9034,428.0,0.9052,428.0,0.9053,34.0
1753547123645,16:25:23.645,AERO/USDT:USDT,0.9036,428.0,0.9035,34.0,0.9052,428.0,0.9053,34.0
1753547123686,16:25:23.686,AERO/USDT:USDT,0.9036,428.0,0.9035,34.0,0.9051,34.0,0.9052,428.0
1753547123706,16:25:23.706,AERO/USDT:USDT,0.9036,428.0,0.9034,428.0,0.9051,34.0,0.9052,428.0
1753547123733,16:25:23.733,AERO/USDT:USDT,0.9036,428.0,0.9034,428.0,0.905,428.0,0.9051,34.0
1753547124107,16:25:24.107,AERO/USDT:USDT,0.9038,428.0,0.9037,34.0,0.905,428.0,0.9051,34.0
1753547124124,16:25:24.124,AERO/USDT:USDT,0.9038,428.0,0.9036,428.0,0.905,428.0,0.9052,428.0
1753547124157,16:25:24.157,AERO/USDT:USDT,0.9032,433.0,0.903,2957.0,0.9054,421.0,0.9055,2970.0
1753547124349,16:25:24.349,AERO/USDT:USDT,0.904,428.0,0.9032,433.0,0.9048,428.0,0.9049,34.0
1753547124386,16:25:24.386,AERO/USDT:USDT,0.9033,34.0,0.9032,433.0,0.9048,428.0,0.9054,421.0
1753547124394,16:25:24.394,AERO/USDT:USDT,0.9033,34.0,0.9032,433.0,0.9048,428.0,0.9053,34.0
1753547124508,16:25:24.508,AERO/USDT:USDT,0.9035,428.0,0.9034,462.0,0.9052,428.0,0.9054,421.0
1753547124508,16:25:24.508,AERO/USDT:USDT,0.9035,428.0,0.9034,428.0,0.9046,428.0,0.9052,428.0
1753547124519,16:25:24.519,AERO/USDT:USDT,0.9036,34.0,0.9035,428.0,0.9046,428.0,0.9052,428.0
1753547124589,16:25:24.589,AERO/USDT:USDT,0.9037,428.0,0.9036,34.0,0.9046,428.0,0.9051,34.0
1753547124624,16:25:24.624,AERO/USDT:USDT,0.9037,428.0,0.9035,428.0,0.9046,428.0,0.9051,34.0
1753547124649,16:25:24.649,AERO/USDT:USDT,0.9037,428.0,0.9035,428.0,0.9046,428.0,0.9052,428.0
1753547124671,16:25:24.671,AERO/USDT:USDT,0.9037,428.0,0.9035,428.0,0.9054,421.0,0.9055,2970.0
1753547124704,16:25:24.704,AERO/USDT:USDT,0.9039,428.0,0.9038,34.0,0.9054,421.0,0.9055,2970.0
1753547124815,16:25:24.815,AERO/USDT:USDT,0.9039,428.0,0.9038,34.0,0.9045,428.0,0.9046,34.0
1753547124852,16:25:24.852,AERO/USDT:USDT,0.9039,428.0,0.9038,34.0,0.9045,428.0,0.9046,34.0
1753547125127,16:25:25.127,AERO/USDT:USDT,0.9039,428.0,0.9035,428.0,0.9045,428.0,0.9046,34.0
1753547125150,16:25:25.150,AERO/USDT:USDT,0.9034,428.0,0.9032,433.0,0.9045,428.0,0.9046,34.0
1753547125333,16:25:25.333,AERO/USDT:USDT,0.904,34.0,0.9032,433.0,0.9045,428.0,0.9048,2536.0
1753547126612,16:25:26.612,AERO/USDT:USDT,0.9041,428.0,0.904,34.0,0.9045,428.0,0.9048,2536.0
1753547126628,16:25:26.628,AERO/USDT:USDT,0.9041,428.0,0.904,34.0,0.9045,428.0,0.9048,2536.0
1753547126661,16:25:26.661,AERO/USDT:USDT,0.9041,428.0,0.904,34.0,0.9045,428.0,0.9047,34.0
1753547127647,16:25:27.647,AERO/USDT:USDT,0.9041,428.0,0.904,34.0,0.9045,428.0,0.9047,34.0
1753547128158,16:25:28.158,AERO/USDT:USDT,0.9041,428.0,0.904,34.0,0.9045,428.0,0.9047,34.0
1753547128177,16:25:28.177,AERO/USDT:USDT,0.9041,428.0,0.9032,433.0,0.9045,428.0,0.9047,34.0
1753547128228,16:25:28.228,AERO/USDT:USDT,0.9032,433.0,0.903,2957.0,0.9045,428.0,0.9051,2536.0
1753547128239,16:25:28.239,AERO/USDT:USDT,0.9041,34.0,0.9032,433.0,0.9045,428.0,0.9051,2536.0
1753547128284,16:25:28.284,AERO/USDT:USDT,0.9032,433.0,0.903,2957.0,0.9045,428.0,0.9051,2536.0
1753547128339,16:25:28.339,AERO/USDT:USDT,0.9033,34.0,0.9032,433.0,0.9045,428.0,0.9051,2536.0
1753547128365,16:25:28.365,AERO/USDT:USDT,0.9034,428.0,0.9033,34.0,0.9044,34.0,0.9045,428.0
1753547128415,16:25:28.415,AERO/USDT:USDT,0.9035,34.0,0.9034,428.0,0.9043,428.0,0.9044,34.0
1753547128458,16:25:28.458,AERO/USDT:USDT,0.9036,428.0,0.9035,34.0,0.9043,428.0,0.9044,34.0
1753547128486,16:25:28.486,AERO/USDT:USDT,0.9036,428.0,0.9035,34.0,0.9043,428.0,0.9044,34.0
1753547128516,16:25:28.516,AERO/USDT:USDT,0.9036,428.0,0.9035,34.0,0.9043,428.0,0.9045,428.0
1753547128541,16:25:28.541,AERO/USDT:USDT,0.9036,428.0,0.9035,34.0,0.9043,34.0,0.9045,428.0
1753547128654,16:25:28.654,AERO/USDT:USDT,0.9037,34.0,0.9036,428.0,0.9045,428.0,0.9051,2536.0
1753547129418,16:25:29.418,AERO/USDT:USDT,0.9038,428.0,0.9037,34.0,0.9043,428.0,0.9044,34.0
1753547129436,16:25:29.436,AERO/USDT:USDT,0.9038,428.0,0.9034,428.0,0.9043,428.0,0.9044,34.0
1753547129467,16:25:29.467,AERO/USDT:USDT,0.9032,433.0,0.903,2957.0,0.9043,428.0,0.9045,428.0
1753547129507,16:25:29.507,AERO/USDT:USDT,0.9038,34.0,0.9032,433.0,0.9045,462.0,0.9051,2536.0
1753547129530,16:25:29.530,AERO/USDT:USDT,0.9032,433.0,0.903,2957.0,0.9045,462.0,0.9051,2536.0
1753547129568,16:25:29.568,AERO/USDT:USDT,0.9033,34.0,0.9032,433.0,0.9044,427.0,0.9045,462.0
1753547129585,16:25:29.585,AERO/USDT:USDT,0.9034,427.0,0.9033,34.0,0.9044,427.0,0.9045,462.0
1753547129634,16:25:29.634,AERO/USDT:USDT,0.9034,427.0,0.9033,34.0,0.9044,427.0,0.9045,428.0
1753547129685,16:25:29.685,AERO/USDT:USDT,0.9034,427.0,0.9033,34.0,0.9043,34.0,0.9044,427.0
1753547129705,16:25:29.705,AERO/USDT:USDT,0.9034,427.0,0.9033,34.0,0.9042,427.0,0.9043,34.0
1753547129751,16:25:29.751,AERO/USDT:USDT,0.9035,34.0,0.9034,427.0,0.9042,427.0,0.9043,34.0
1753547129771,16:25:29.771,AERO/USDT:USDT,0.9035,34.0,0.9034,427.0,0.9042,427.0,0.9045,428.0
1753547129810,16:25:29.810,AERO/USDT:USDT,0.9036,427.0,0.9035,34.0,0.9042,461.0,0.9045,428.0
1753547129830,16:25:29.830,AERO/USDT:USDT,0.9036,427.0,0.9034,427.0,0.9041,427.0,0.9042,461.0
1753547129894,16:25:29.894,AERO/USDT:USDT,0.9037,34.0,0.9036,427.0,0.9041,427.0,0.9042,427.0
1753547129983,16:25:29.983,AERO/USDT:USDT,0.9038,427.0,0.9037,34.0,0.9042,427.0,0.9044,34.0
1753547130049,16:25:30.049,AERO/USDT:USDT,0.9038,461.0,0.9036,427.0,0.9042,427.0,0.9044,34.0
1753547130064,16:25:30.064,AERO/USDT:USDT,0.9039,427.0,0.9038,461.0,0.9042,427.0,0.9044,34.0
1753547132204,16:25:32.204,AERO/USDT:USDT,0.9039,427.0,0.9038,461.0,0.9042,427.0,0.9044,34.0
1753547132447,16:25:32.447,AERO/USDT:USDT,0.9039,427.0,0.9038,461.0,0.9042,427.0,0.9044,34.0
1753547132471,16:25:32.471,AERO/USDT:USDT,0.9039,427.0,0.9038,461.0,0.9042,427.0,0.9044,34.0
1753547135253,16:25:35.253,AERO/USDT:USDT,0.9039,427.0,0.9038,461.0,0.9042,427.0,0.9044,34.0
1753547135947,16:25:35.947,AERO/USDT:USDT,0.9039,427.0,0.9038,461.0,0.9042,427.0,0.9044,34.0
1753547135978,16:25:35.978,AERO/USDT:USDT,0.9039,427.0,0.9038,461.0,0.9042,427.0,0.9044,34.0
1753547136703,16:25:36.703,AERO/USDT:USDT,0.9039,427.0,0.9038,461.0,0.9042,427.0,0.9044,34.0
1753547136815,16:25:36.815,AERO/USDT:USDT,0.9039,427.0,0.9038,461.0,0.9042,427.0,0.9044,34.0
1753547136863,16:25:36.863,AERO/USDT:USDT,0.9039,427.0,0.9038,461.0,0.9042,427.0,0.9044,34.0
1753547137247,16:25:37.247,AERO/USDT:USDT,0.9039,427.0,0.9038,461.0,0.9042,427.0,0.9044,34.0
1753547140094,16:25:40.094,AERO/USDT:USDT,0.9039,427.0,0.9038,461.0,0.9042,427.0,0.9044,34.0
1753547140124,16:25:40.124,AERO/USDT:USDT,0.9039,427.0,0.9038,461.0,0.9042,427.0,0.9044,34.0
1753547140181,16:25:40.181,AERO/USDT:USDT,0.9039,427.0,0.9038,461.0,0.9042,427.0,0.9044,34.0
1753547142048,16:25:42.048,AERO/USDT:USDT,0.9039,427.0,0.9038,461.0,0.9042,427.0,0.9044,34.0
1753547142066,16:25:42.066,AERO/USDT:USDT,0.9039,427.0,0.9038,461.0,0.9042,427.0,0.9044,34.0
1753547146222,16:25:46.222,AERO/USDT:USDT,0.9038,461.0,0.9032,433.0,0.9042,427.0,0.9044,34.0
1753547146846,16:25:46.846,AERO/USDT:USDT,0.9038,461.0,0.9032,433.0,0.9042,427.0,0.9044,34.0
1753547147213,16:25:47.213,AERO/USDT:USDT,0.9038,461.0,0.9032,433.0,0.9042,427.0,0.9044,34.0
1753547147315,16:25:47.315,AERO/USDT:USDT,0.9038,456.0,0.9032,433.0,0.9042,427.0,0.9044,34.0
1753547147377,16:25:47.377,AERO/USDT:USDT,0.9038,34.0,0.9032,433.0,0.9042,427.0,0.9044,34.0
1753547147438,16:25:47.438,AERO/USDT:USDT,0.9033,34.0,0.903,420.0,0.9042,427.0,0.9045,428.0
1753547147441,16:25:47.441,AERO/USDT:USDT,0.9038,422.0,0.9033,34.0,0.9041,34.0,0.9042,427.0
1753547147465,16:25:47.465,AERO/USDT:USDT,0.903,420.0,0.9027,2958.0,0.904,422.0,0.9041,34.0
1753547147498,16:25:47.498,AERO/USDT:USDT,0.903,420.0,0.9027,2958.0,0.904,422.0,0.9045,428.0
1753547147524,16:25:47.524,AERO/USDT:USDT,0.9038,456.0,0.903,420.0,0.904,422.0,0.9044,34.0
1753547147577,16:25:47.577,AERO/USDT:USDT,0.903,420.0,0.9027,2958.0,0.904,422.0,0.9044,34.0
1753547147589,16:25:47.589,AERO/USDT:USDT,0.9031,34.0,0.903,420.0,0.904,422.0,0.9044,34.0
1753547147737,16:25:47.737,AERO/USDT:USDT,0.9032,422.0,0.9031,34.0,0.904,422.0,0.9045,428.0
1753547147740,16:25:47.740,AERO/USDT:USDT,0.9032,422.0,0.9031,34.0,0.904,422.0,0.9045,428.0
1753547147775,16:25:47.775,AERO/USDT:USDT,0.9032,422.0,0.9031,34.0,0.9038,422.0,0.9039,34.0
1753547147826,16:25:47.826,AERO/USDT:USDT,0.9033,34.0,0.9032,422.0,0.9038,422.0,0.9045,428.0
1753547147934,16:25:47.934,AERO/USDT:USDT,0.9034,422.0,0.9033,34.0,0.9044,34.0,0.9045,428.0
1753547147955,16:25:47.955,AERO/USDT:USDT,0.9034,422.0,0.9032,422.0,0.9044,34.0,0.9045,428.0
1753547147988,16:25:47.988,AERO/USDT:USDT,0.9035,34.0,0.9034,422.0,0.9043,422.0,0.9044,34.0
1753547149711,16:25:49.711,AERO/USDT:USDT,0.9036,422.0,0.9035,34.0,0.9043,422.0,0.9044,34.0
1753547149754,16:25:49.754,AERO/USDT:USDT,0.9036,422.0,0.903,420.0,0.9043,422.0,0.9044,34.0
1753547149787,16:25:49.787,AERO/USDT:USDT,0.9037,34.0,0.903,420.0,0.9043,422.0,0.9044,34.0
1753547150458,16:25:50.458,AERO/USDT:USDT,0.9038,426.0,0.903,420.0,0.9043,422.0,0.9044,34.0
1753547150469,16:25:50.469,AERO/USDT:USDT,0.903,420.0,0.9027,2958.0,0.9043,422.0,0.9045,428.0
1753547150504,16:25:50.504,AERO/USDT:USDT,0.9031,34.0,0.903,420.0,0.9045,428.0,0.9051,2963.0
1753547150526,16:25:50.526,AERO/USDT:USDT,0.9032,426.0,0.9031,34.0,0.9041,426.0,0.9042,34.0
1753547150594,16:25:50.594,AERO/USDT:USDT,0.9033,34.0,0.9032,426.0,0.9041,426.0,0.9045,428.0
1753547150614,16:25:50.614,AERO/USDT:USDT,0.9034,426.0,0.9033,34.0,0.904,426.0,0.9041,460.0
1753547150691,16:25:50.691,AERO/USDT:USDT,0.9035,34.0,0.9034,426.0,0.904,426.0,0.9041,460.0
1753547150704,16:25:50.704,AERO/USDT:USDT,0.9036,426.0,0.9035,34.0,0.904,426.0,0.9041,460.0
1753547150762,16:25:50.762,AERO/USDT:USDT,0.9036,419.0,0.9035,41.0,0.904,426.0,0.9041,426.0
1753547150772,16:25:50.772,AERO/USDT:USDT,0.9036,419.0,0.9035,41.0,0.9041,426.0,0.9044,34.0
1753547150821,16:25:50.821,AERO/USDT:USDT,0.9036,453.0,0.9035,7.0,0.9041,426.0,0.9044,34.0
1753547152636,16:25:52.636,AERO/USDT:USDT,0.9036,453.0,0.9035,7.0,0.9041,426.0,0.9044,34.0
1753547155192,16:25:55.192,AERO/USDT:USDT,0.9036,453.0,0.9035,7.0,0.9041,426.0,0.9044,34.0
1753547155271,16:25:55.271,AERO/USDT:USDT,0.9036,453.0,0.9035,7.0,0.9041,426.0,0.9044,34.0
1753547155331,16:25:55.331,AERO/USDT:USDT,0.9036,453.0,0.9035,7.0,0.9041,426.0,0.9044,34.0
1753547155364,16:25:55.364,AERO/USDT:USDT,0.9036,453.0,0.9035,7.0,0.9041,426.0,0.9044,34.0
1753547155426,16:25:55.426,AERO/USDT:USDT,0.9036,453.0,0.9035,7.0,0.9041,426.0,0.9044,34.0
1753547155499,16:25:55.499,AERO/USDT:USDT,0.9036,453.0,0.9035,7.0,0.9041,426.0,0.9044,34.0
1753547155585,16:25:55.585,AERO/USDT:USDT,0.9036,453.0,0.9035,7.0,0.9041,426.0,0.9044,34.0
1753547155617,16:25:55.617,AERO/USDT:USDT,0.9036,453.0,0.9035,7.0,0.9041,426.0,0.9044,34.0
1753547155641,16:25:55.641,AERO/USDT:USDT,0.9036,453.0,0.9035,7.0,0.9041,426.0,0.9044,34.0
1753547155681,16:25:55.681,AERO/USDT:USDT,0.9036,453.0,0.9035,7.0,0.9041,426.0,0.9044,34.0
1753547155928,16:25:55.928,AERO/USDT:USDT,0.9036,453.0,0.9035,7.0,0.9041,426.0,0.9044,34.0
1753547155963,16:25:55.963,AERO/USDT:USDT,0.9036,453.0,0.9035,7.0,0.9041,426.0,0.9044,34.0
1753547156447,16:25:56.447,AERO/USDT:USDT,0.9036,453.0,0.9035,7.0,0.9041,426.0,0.9044,34.0
1753547161249,16:26:01.249,AERO/USDT:USDT,0.9036,453.0,0.9035,7.0,0.9041,426.0,0.9044,34.0
1753547161268,16:26:01.268,AERO/USDT:USDT,0.9036,453.0,0.9035,7.0,0.9041,426.0,0.9044,34.0
1753547163606,16:26:03.606,AERO/USDT:USDT,0.9036,453.0,0.9035,7.0,0.9041,426.0,0.9044,34.0
1753547163646,16:26:03.646,AERO/USDT:USDT,0.9036,453.0,0.9035,7.0,0.9041,426.0,0.9044,34.0
1753547163677,16:26:03.677,AERO/USDT:USDT,0.9036,34.0,0.9035,7.0,0.9041,426.0,0.9044,34.0
1753547163752,16:26:03.752,AERO/USDT:USDT,0.9035,7.0,0.903,420.0,0.9041,426.0,0.9044,34.0
1753547163756,16:26:03.756,AERO/USDT:USDT,0.9035,7.0,0.903,420.0,0.9041,426.0,0.9045,428.0
1753547163794,16:26:03.794,AERO/USDT:USDT,0.9035,7.0,0.9031,34.0,0.9045,428.0,0.9051,2963.0
1753547163991,16:26:03.991,AERO/USDT:USDT,0.9035,436.0,0.9031,34.0,0.9039,429.0,0.904,34.0
1753547164013,16:26:04.013,AERO/USDT:USDT,0.9035,436.0,0.903,420.0,0.9039,429.0,0.904,34.0
1753547164040,16:26:04.040,AERO/USDT:USDT,0.9035,436.0,0.903,420.0,0.9039,429.0,0.9045,428.0
1753547164056,16:26:04.056,AERO/USDT:USDT,0.9035,470.0,0.903,420.0,0.9045,428.0,0.9051,2963.0
1753547164457,16:26:04.457,AERO/USDT:USDT,0.9035,470.0,0.9027,422.0,0.9043,429.0,0.9044,34.0
1753547164504,16:26:04.504,AERO/USDT:USDT,0.9035,470.0,0.9027,422.0,0.9042,34.0,0.9043,429.0
1753547164862,16:26:04.862,AERO/USDT:USDT,0.9035,41.0,0.9027,422.0,0.9041,429.0,0.9042,34.0
1753547164872,16:26:04.872,AERO/USDT:USDT,0.9035,34.0,0.9027,422.0,0.9041,429.0,0.9042,34.0
1753547164916,16:26:04.916,AERO/USDT:USDT,0.9036,19.0,0.9035,34.0,0.9041,429.0,0.9042,34.0
1753547164952,16:26:04.952,AERO/USDT:USDT,0.9027,422.0,0.9024,2966.0,0.9041,429.0,0.9042,34.0
1753547164960,16:26:04.960,AERO/USDT:USDT,0.9027,422.0,0.9024,2966.0,0.9041,429.0,0.9043,429.0
1753547164988,16:26:04.988,AERO/USDT:USDT,0.9027,422.0,0.9024,2966.0,0.9045,428.0,0.9051,2963.0
1753547165041,16:26:05.041,AERO/USDT:USDT,0.9028,463.0,0.9027,422.0,0.904,34.0,0.9045,428.0
1753547165056,16:26:05.056,AERO/USDT:USDT,0.9028,34.0,0.9027,422.0,0.904,34.0,0.9045,428.0
1753547165092,16:26:05.092,AERO/USDT:USDT,0.9028,34.0,0.9027,422.0,0.9039,429.0,0.9045,428.0
1753547165106,16:26:05.106,AERO/USDT:USDT,0.9028,34.0,0.9027,422.0,0.9044,34.0,0.9045,428.0
1753547165166,16:26:05.166,AERO/USDT:USDT,0.9028,34.0,0.9027,422.0,0.9039,34.0,0.9045,428.0
1753547165187,16:26:05.187,AERO/USDT:USDT,0.9028,34.0,0.9027,422.0,0.9045,428.0,0.9051,2963.0
1753547165196,16:26:05.196,AERO/USDT:USDT,0.9028,463.0,0.9027,422.0,0.9045,428.0,0.9051,2963.0
1753547165238,16:26:05.238,AERO/USDT:USDT,0.9028,34.0,0.9027,422.0,0.9043,34.0,0.9045,428.0
1753547165282,16:26:05.282,AERO/USDT:USDT,0.9028,34.0,0.9027,422.0,0.9042,429.0,0.9043,34.0
1753547165304,16:26:05.304,AERO/USDT:USDT,0.9028,34.0,0.9027,422.0,0.9042,429.0,0.9045,428.0
1753547165337,16:26:05.337,AERO/USDT:USDT,0.9028,34.0,0.9027,422.0,0.9041,34.0,0.9042,429.0
1753547165350,16:26:05.350,AERO/USDT:USDT,0.9028,463.0,0.9027,422.0,0.9041,34.0,0.9042,429.0
1753547165504,16:26:05.504,AERO/USDT:USDT,0.9028,463.0,0.9027,422.0,0.904,429.0,0.9041,34.0
1753547165560,16:26:05.560,AERO/USDT:USDT,0.9028,34.0,0.9027,422.0,0.9039,34.0,0.904,429.0
1753547165691,16:26:05.691,AERO/USDT:USDT,0.9028,463.0,0.9027,422.0,0.9038,429.0,0.9039,34.0
1753547165731,16:26:05.731,AERO/USDT:USDT,0.9028,463.0,0.9027,422.0,0.9038,429.0,0.904,429.0
1753547165744,16:26:05.744,AERO/USDT:USDT,0.9028,463.0,0.9027,422.0,0.904,429.0,0.9042,429.0
1753547165766,16:26:05.766,AERO/USDT:USDT,0.9028,34.0,0.9027,422.0,0.9037,34.0,0.9042,429.0
1753547165794,16:26:05.794,AERO/USDT:USDT,0.9028,34.0,0.9027,422.0,0.9036,429.0,0.9045,428.0
1753547165828,16:26:05.828,AERO/USDT:USDT,0.9028,34.0,0.9027,422.0,0.904,429.0,0.9041,34.0
1753547165868,16:26:05.868,AERO/USDT:USDT,0.9028,34.0,0.9027,422.0,0.9039,34.0,0.904,429.0
1753547165884,16:26:05.884,AERO/USDT:USDT,0.9028,34.0,0.9027,422.0,0.9039,34.0,0.904,429.0
1753547166037,16:26:06.037,AERO/USDT:USDT,0.9028,463.0,0.9027,422.0,0.9038,429.0,0.9039,34.0
1753547166063,16:26:06.063,AERO/USDT:USDT,0.9028,34.0,0.9027,422.0,0.9038,429.0,0.904,429.0
1753547166095,16:26:06.095,AERO/USDT:USDT,0.9028,34.0,0.9027,422.0,0.9037,34.0,0.9045,428.0
1753547166136,16:26:06.136,AERO/USDT:USDT,0.9028,34.0,0.9027,422.0,0.9036,429.0,0.9044,34.0
1753547166176,16:26:06.176,AERO/USDT:USDT,0.9028,34.0,0.9027,422.0,0.9035,34.0,0.9036,429.0
1753547166188,16:26:06.188,AERO/USDT:USDT,0.9028,463.0,0.9027,422.0,0.9035,34.0,0.9036,429.0
1753547166400,16:26:06.400,AERO/USDT:USDT,0.9028,463.0,0.9027,422.0,0.9034,429.0,0.9035,34.0
1753547166453,16:26:06.453,AERO/USDT:USDT,0.9028,34.0,0.9027,422.0,0.9034,463.0,0.9036,429.0
1753547166465,16:26:06.465,AERO/USDT:USDT,0.9028,34.0,0.9027,422.0,0.9034,463.0,0.9036,429.0
1753547166633,16:26:06.633,AERO/USDT:USDT,0.9028,463.0,0.9027,422.0,0.9033,429.0,0.9034,463.0
1753547166639,16:26:06.639,AERO/USDT:USDT,0.9028,34.0,0.9027,422.0,0.9033,429.0,0.9034,463.0
1753547166688,16:26:06.688,AERO/USDT:USDT,0.9028,34.0,0.9027,422.0,0.9033,463.0,0.9034,429.0
1753547166701,16:26:06.701,AERO/USDT:USDT,0.9028,34.0,0.9027,422.0,0.9032,429.0,0.9033,463.0
1753547166820,16:26:06.820,AERO/USDT:USDT,0.9028,463.0,0.9027,422.0,0.9032,429.0,0.9033,463.0
1753547167010,16:26:07.010,AERO/USDT:USDT,0.9028,463.0,0.9027,422.0,0.9032,429.0,0.9033,463.0
1753547167199,16:26:07.199,AERO/USDT:USDT,0.9028,463.0,0.9027,422.0,0.9032,429.0,0.9033,463.0
1753547167204,16:26:07.204,AERO/USDT:USDT,0.9028,34.0,0.9027,422.0,0.9032,429.0,0.9033,463.0
1753547167280,16:26:07.280,AERO/USDT:USDT,0.9028,34.0,0.9024,429.0,0.9032,429.0,0.9033,463.0
1753547167295,16:26:07.295,AERO/USDT:USDT,0.9024,429.0,0.9021,2966.0,0.9032,429.0,0.9033,463.0
1753547167330,16:26:07.330,AERO/USDT:USDT,0.9025,34.0,0.9024,429.0,0.9032,429.0,0.9033,429.0
1753547167448,16:26:07.448,AERO/USDT:USDT,0.9025,34.0,0.9024,429.0,0.903,429.0,0.9031,34.0
1753547167507,16:26:07.507,AERO/USDT:USDT,0.9025,463.0,0.9024,429.0,0.903,429.0,0.9031,34.0
1753547167569,16:26:07.569,AERO/USDT:USDT,0.9025,34.0,0.9024,429.0,0.903,463.0,0.9033,429.0
1753547167750,16:26:07.750,AERO/USDT:USDT,0.9025,463.0,0.9024,429.0,0.9029,429.0,0.903,463.0
1753547167923,16:26:07.923,AERO/USDT:USDT,0.9025,463.0,0.9024,429.0,0.9029,429.0,0.903,463.0
1753547168073,16:26:08.073,AERO/USDT:USDT,0.9025,463.0,0.9024,429.0,0.9029,429.0,0.903,463.0
1753547168331,16:26:08.331,AERO/USDT:USDT,0.9025,463.0,0.9024,429.0,0.9029,429.0,0.903,463.0
1753547168491,16:26:08.491,AERO/USDT:USDT,0.9025,463.0,0.9024,429.0,0.9029,429.0,0.903,463.0
1753547168497,16:26:08.497,AERO/USDT:USDT,0.9025,34.0,0.9024,429.0,0.9029,429.0,0.903,463.0
1753547168648,16:26:08.648,AERO/USDT:USDT,0.9025,463.0,0.9024,429.0,0.9029,429.0,0.903,463.0
1753547168897,16:26:08.897,AERO/USDT:USDT,0.9025,463.0,0.9024,429.0,0.9029,429.0,0.903,463.0
1753547169090,16:26:09.090,AERO/USDT:USDT,0.9025,463.0,0.9024,429.0,0.9029,429.0,0.903,463.0
1753547169100,16:26:09.100,AERO/USDT:USDT,0.9025,34.0,0.9024,429.0,0.9029,429.0,0.903,463.0
1753547169273,16:26:09.273,AERO/USDT:USDT,0.9025,463.0,0.9024,429.0,0.9029,429.0,0.903,463.0
1753547169463,16:26:09.463,AERO/USDT:USDT,0.9025,462.0,0.9024,429.0,0.9029,429.0,0.903,463.0
1753547169651,16:26:09.651,AERO/USDT:USDT,0.9025,462.0,0.9024,429.0,0.9029,429.0,0.903,463.0
1753547169805,16:26:09.805,AERO/USDT:USDT,0.9025,34.0,0.9024,429.0,0.9029,429.0,0.903,463.0
1753547169820,16:26:09.820,AERO/USDT:USDT,0.9025,462.0,0.9024,429.0,0.9029,429.0,0.903,463.0
1753547170017,16:26:10.017,AERO/USDT:USDT,0.9025,462.0,0.9024,429.0,0.9029,429.0,0.903,463.0
1753547170024,16:26:10.024,AERO/USDT:USDT,0.9025,34.0,0.9024,429.0,0.9029,429.0,0.903,463.0
1753547170177,16:26:10.177,AERO/USDT:USDT,0.9025,34.0,0.9024,429.0,0.903,463.0,0.9033,429.0
1753547170214,16:26:10.214,AERO/USDT:USDT,0.9025,34.0,0.9024,429.0,0.903,462.0,0.9033,429.0
1753547170346,16:26:10.346,AERO/USDT:USDT,0.9025,462.0,0.9024,429.0,0.903,34.0,0.9036,429.0
1753547170360,16:26:10.360,AERO/USDT:USDT,0.9025,34.0,0.9024,429.0,0.903,462.0,0.9036,429.0
1753547170394,16:26:10.394,AERO/USDT:USDT,0.9025,34.0,0.9024,429.0,0.9035,34.0,0.9045,428.0
1753547170440,16:26:10.440,AERO/USDT:USDT,0.9025,34.0,0.9024,429.0,0.9034,428.0,0.9044,34.0
1753547170449,16:26:10.449,AERO/USDT:USDT,0.9025,34.0,0.9024,429.0,0.9034,428.0,0.9044,34.0
1753547170500,16:26:10.500,AERO/USDT:USDT,0.9025,34.0,0.9024,429.0,0.9034,428.0,0.9045,428.0
1753547170505,16:26:10.505,AERO/USDT:USDT,0.9025,34.0,0.9024,429.0,0.9033,34.0,0.9034,428.0
1753547170751,16:26:10.751,AERO/USDT:USDT,0.9025,462.0,0.9024,429.0,0.9032,428.0,0.9033,34.0
1753547170811,16:26:10.811,AERO/USDT:USDT,0.9025,34.0,0.9024,429.0,0.9032,462.0,0.9034,428.0
1753547170868,16:26:10.868,AERO/USDT:USDT,0.9025,34.0,0.9024,429.0,0.9031,428.0,0.9032,462.0
1753547170904,16:26:10.904,AERO/USDT:USDT,0.9025,462.0,0.9024,429.0,0.9031,428.0,0.9032,428.0
1753547170924,16:26:10.924,AERO/USDT:USDT,0.9025,34.0,0.9024,429.0,0.9031,462.0,0.9032,428.0
1753547171001,16:26:11.001,AERO/USDT:USDT,0.9025,34.0,0.9024,429.0,0.903,428.0,0.9031,462.0
1753547171024,16:26:11.024,AERO/USDT:USDT,0.9025,34.0,0.9024,429.0,0.903,428.0,0.9031,462.0
1753547171057,16:26:11.057,AERO/USDT:USDT,0.9025,34.0,0.9024,429.0,0.903,428.0,0.9031,462.0
1753547171119,16:26:11.119,AERO/USDT:USDT,0.9025,34.0,0.9024,429.0,0.903,428.0,0.9031,462.0
1753547171209,16:26:11.209,AERO/USDT:USDT,0.9025,462.0,0.9024,429.0,0.903,428.0,0.9031,462.0
1753547171371,16:26:11.371,AERO/USDT:USDT,0.9025,462.0,0.9024,429.0,0.903,428.0,0.9031,462.0
1753547171377,16:26:11.377,AERO/USDT:USDT,0.9025,34.0,0.9024,429.0,0.903,428.0,0.9031,462.0
1753547171534,16:26:11.534,AERO/USDT:USDT,0.9025,462.0,0.9024,429.0,0.903,428.0,0.9031,462.0
1753547171709,16:26:11.709,AERO/USDT:USDT,0.9025,462.0,0.9024,429.0,0.903,428.0,0.9031,462.0
1753547171917,16:26:11.917,AERO/USDT:USDT,0.9025,462.0,0.9024,429.0,0.903,428.0,0.9031,462.0
1753547172104,16:26:12.104,AERO/USDT:USDT,0.9025,462.0,0.9024,429.0,0.903,428.0,0.9031,462.0
1753547172247,16:26:12.247,AERO/USDT:USDT,0.9025,34.0,0.9024,429.0,0.903,428.0,0.9031,462.0
1753547172312,16:26:12.312,AERO/USDT:USDT,0.9025,34.0,0.9024,429.0,0.903,428.0,0.9031,462.0
1753547172426,16:26:12.426,AERO/USDT:USDT,0.9025,462.0,0.9024,429.0,0.903,428.0,0.9031,462.0
1753547172646,16:26:12.646,AERO/USDT:USDT,0.9025,462.0,0.9024,429.0,0.903,428.0,0.9031,462.0
1753547172797,16:26:12.797,AERO/USDT:USDT,0.9025,462.0,0.9024,429.0,0.903,428.0,0.9031,462.0
1753547173044,16:26:13.044,AERO/USDT:USDT,0.9025,462.0,0.9024,429.0,0.903,428.0,0.9031,462.0
1753547173065,16:26:13.065,AERO/USDT:USDT,0.9025,34.0,0.9024,429.0,0.903,428.0,0.9031,462.0
1753547173175,16:26:13.175,AERO/USDT:USDT,0.9025,34.0,0.9024,429.0,0.903,428.0,0.9031,462.0
1753547173199,16:26:13.199,AERO/USDT:USDT,0.9025,462.0,0.9024,429.0,0.903,428.0,0.9031,462.0
1753547173209,16:26:13.209,AERO/USDT:USDT,0.9025,34.0,0.9024,429.0,0.903,428.0,0.9031,462.0
1753547173296,16:26:13.296,AERO/USDT:USDT,0.9025,34.0,0.9024,429.0,0.9031,462.0,0.9034,428.0
1753547173357,16:26:13.357,AERO/USDT:USDT,0.9025,462.0,0.9024,429.0,0.9031,462.0,0.9034,428.0
1753547173614,16:26:13.614,AERO/USDT:USDT,0.9025,462.0,0.9024,429.0,0.9031,462.0,0.9034,428.0
1753547173787,16:26:13.787,AERO/USDT:USDT,0.9025,462.0,0.9024,429.0,0.9031,462.0,0.9034,428.0
1753547173916,16:26:13.916,AERO/USDT:USDT,0.9025,34.0,0.9024,429.0,0.9031,34.0,0.9034,428.0
1753547173938,16:26:13.938,AERO/USDT:USDT,0.9025,34.0,0.9024,429.0,0.9034,428.0,0.9045,428.0
1753547173953,16:26:13.953,AERO/USDT:USDT,0.9025,462.0,0.9024,429.0,0.9045,428.0,0.9046,6168.0
1753547174029,16:26:14.029,AERO/USDT:USDT,0.9025,34.0,0.9024,429.0,0.9045,428.0,0.9046,6168.0
1753547174075,16:26:14.075,AERO/USDT:USDT,0.9025,34.0,0.9024,429.0,0.9032,428.0,0.9033,34.0
1753547174125,16:26:14.125,AERO/USDT:USDT,0.9025,34.0,0.9024,429.0,0.9031,34.0,0.9032,428.0
1753547174138,16:26:14.138,AERO/USDT:USDT,0.9025,462.0,0.9024,429.0,0.9031,34.0,0.9032,428.0
1753547174293,16:26:14.293,AERO/USDT:USDT,0.9025,462.0,0.9024,429.0,0.9031,34.0,0.9032,428.0
1753547174448,16:26:14.448,AERO/USDT:USDT,0.9025,462.0,0.9024,429.0,0.903,428.0,0.9031,34.0
1753547174598,16:26:14.598,AERO/USDT:USDT,0.9025,462.0,0.9024,429.0,0.903,428.0,0.9031,34.0
1753547174753,16:26:14.753,AERO/USDT:USDT,0.9025,462.0,0.9024,429.0,0.903,428.0,0.9031,34.0
1753547174936,16:26:14.936,AERO/USDT:USDT,0.9025,462.0,0.9024,429.0,0.903,428.0,0.9031,34.0
1753547175126,16:26:15.126,AERO/USDT:USDT,0.9025,462.0,0.9024,429.0,0.903,428.0,0.9031,34.0
1753547175313,16:26:15.313,AERO/USDT:USDT,0.9025,462.0,0.9024,429.0,0.903,428.0,0.9031,34.0
1753547175484,16:26:15.484,AERO/USDT:USDT,0.9025,462.0,0.9024,429.0,0.903,428.0,0.9031,34.0
1753547175692,16:26:15.692,AERO/USDT:USDT,0.9025,462.0,0.9024,429.0,0.903,428.0,0.9031,34.0
1753547175697,16:26:15.697,AERO/USDT:USDT,0.9025,34.0,0.9024,429.0,0.903,428.0,0.9031,34.0
1753547175738,16:26:15.738,AERO/USDT:USDT,0.9025,34.0,0.9024,429.0,0.903,462.0,0.9032,428.0
1753547175878,16:26:15.878,AERO/USDT:USDT,0.9025,34.0,0.9024,429.0,0.903,462.0,0.9045,428.0
1753547176033,16:26:16.033,AERO/USDT:USDT,0.9025,462.0,0.9024,429.0,0.903,462.0,0.9045,428.0
1753547176055,16:26:16.055,AERO/USDT:USDT,0.9025,34.0,0.9024,429.0,0.903,428.0,0.9045,428.0
1753547176083,16:26:16.083,AERO/USDT:USDT,0.9025,34.0,0.9024,429.0,0.9044,34.0,0.9045,428.0
1753547176256,16:26:16.256,AERO/USDT:USDT,0.9025,462.0,0.9024,429.0,0.9043,428.0,0.9044,34.0
1753547176274,16:26:16.274,AERO/USDT:USDT,0.9025,34.0,0.9024,429.0,0.9043,428.0,0.9045,428.0
1753547176299,16:26:16.299,AERO/USDT:USDT,0.9025,34.0,0.9024,429.0,0.9042,34.0,0.9045,428.0
1753547176351,16:26:16.351,AERO/USDT:USDT,0.9025,34.0,0.9024,429.0,0.9041,428.0,0.9044,34.0
1753547176443,16:26:16.443,AERO/USDT:USDT,0.9025,462.0,0.9024,429.0,0.9041,428.0,0.9044,34.0
1753547176478,16:26:16.478,AERO/USDT:USDT,0.9025,34.0,0.9024,429.0,0.904,34.0,0.9041,428.0
1753547176634,16:26:16.634,AERO/USDT:USDT,0.9025,462.0,0.9024,429.0,0.9039,428.0,0.904,34.0
1753547176675,16:26:16.675,AERO/USDT:USDT,0.9025,34.0,0.9024,429.0,0.9038,34.0,0.9039,428.0
1753547176728,16:26:16.728,AERO/USDT:USDT,0.9025,34.0,0.9024,429.0,0.9037,428.0,0.9038,34.0
1753547176773,16:26:16.773,AERO/USDT:USDT,0.9025,34.0,0.9024,429.0,0.9036,34.0,0.9037,428.0
1753547176786,16:26:16.786,AERO/USDT:USDT,0.9025,34.0,0.9024,429.0,0.9035,428.0,0.9036,34.0
1753547176832,16:26:16.832,AERO/USDT:USDT,0.9025,34.0,0.9024,429.0,0.9034,34.0,0.9035,428.0
1753547176845,16:26:16.845,AERO/USDT:USDT,0.9025,34.0,0.9024,429.0,0.9033,428.0,0.9034,34.0
1753547176901,16:26:16.901,AERO/USDT:USDT,0.9025,34.0,0.9024,429.0,0.9033,428.0,0.9035,428.0
1753547176933,16:26:16.933,AERO/USDT:USDT,0.9025,34.0,0.9024,429.0,0.9032,34.0,0.9033,428.0
1753547176957,16:26:16.957,AERO/USDT:USDT,0.9025,462.0,0.9024,429.0,0.9031,428.0,0.9032,34.0
1753547177074,16:26:17.074,AERO/USDT:USDT,0.9025,34.0,0.9024,429.0,0.9031,462.0,0.9033,428.0
1753547177199,16:26:17.199,AERO/USDT:USDT,0.9025,462.0,0.9024,429.0,0.903,428.0,0.9031,462.0
1753547177389,16:26:17.389,AERO/USDT:USDT,0.9025,462.0,0.9024,429.0,0.903,428.0,0.9031,462.0
1753547177579,16:26:17.579,AERO/USDT:USDT,0.9025,462.0,0.9024,429.0,0.903,428.0,0.9031,462.0
1753547177585,16:26:17.585,AERO/USDT:USDT,0.9025,34.0,0.9024,429.0,0.903,428.0,0.9031,462.0
1753547177630,16:26:17.630,AERO/USDT:USDT,0.9025,34.0,0.9024,429.0,0.903,462.0,0.9031,428.0
1753547177751,16:26:17.751,AERO/USDT:USDT,0.9025,462.0,0.9024,429.0,0.903,462.0,0.9031,428.0
1753547177903,16:26:17.903,AERO/USDT:USDT,0.9025,462.0,0.9024,429.0,0.903,462.0,0.9031,428.0
1753547178055,16:26:18.055,AERO/USDT:USDT,0.9025,462.0,0.9024,429.0,0.903,462.0,0.9031,428.0
1753547178227,16:26:18.227,AERO/USDT:USDT,0.9025,462.0,0.9024,429.0,0.903,462.0,0.9031,428.0
1753547178454,16:26:18.454,AERO/USDT:USDT,0.9025,462.0,0.9024,429.0,0.903,462.0,0.9031,428.0
1753547178710,16:26:18.710,AERO/USDT:USDT,0.9025,462.0,0.9024,429.0,0.903,462.0,0.9031,428.0
1753547178899,16:26:18.899,AERO/USDT:USDT,0.9025,34.0,0.9024,429.0,0.903,462.0,0.9033,428.0
1753547178907,16:26:18.907,AERO/USDT:USDT,0.9025,34.0,0.9024,429.0,0.903,462.0,0.9033,428.0
1753547179087,16:26:19.087,AERO/USDT:USDT,0.9025,462.0,0.9024,429.0,0.903,462.0,0.9033,428.0
1753547179123,16:26:19.123,AERO/USDT:USDT,0.9025,34.0,0.9024,429.0,0.9033,428.0,0.9035,428.0
1753547179146,16:26:19.146,AERO/USDT:USDT,0.9025,34.0,0.9024,429.0,0.9032,34.0,0.9037,428.0
1753547179196,16:26:19.196,AERO/USDT:USDT,0.9025,34.0,0.9024,429.0,0.9031,428.0,0.9036,34.0
1753547179208,16:26:19.208,AERO/USDT:USDT,0.9025,34.0,0.9024,429.0,0.9031,428.0,0.9037,428.0
1753547179263,16:26:19.263,AERO/USDT:USDT,0.9025,34.0,0.9024,429.0,0.9031,462.0,0.9037,428.0
1753547179466,16:26:19.466,AERO/USDT:USDT,0.9025,458.0,0.9024,429.0,0.903,428.0,0.9031,462.0
1753547179653,16:26:19.653,AERO/USDT:USDT,0.9025,458.0,0.9024,429.0,0.903,428.0,0.9031,462.0
