timestamp,time,symbol,bid1_price,bid1_volume,bid2_price,bid2_volume,ask1_price,ask1_volume,ask2_price,ask2_volume
1753546967340,16:22:47.340,AEVO/USDT:USDT,0.1073,102923.0,0.1072,867065.0,0.1074,414568.0,0.1075,1185371.0
1753546967837,16:22:47.837,AEVO/USDT:USDT,0.1073,102923.0,0.1072,1273193,0.1074,414568.0,0.1075,1185371.0
1753546968145,16:22:48.145,AEVO/USDT:USDT,0.1073,102923.0,0.1072,1273193,0.1074,414568.0,0.1075,1185371.0
1753546968336,16:22:48.336,AEVO/USDT:USDT,0.1073,102923.0,0.1072,1216089,0.1074,414568.0,0.1075,1185371.0
1753546968551,16:22:48.551,AEVO/USDT:USDT,0.1073,102923.0,0.1072,1216089,0.1074,414568.0,0.1075,1185371.0
1753546968741,16:22:48.741,AEVO/USDT:USDT,0.1073,102923.0,0.1072,867065,0.1074,414568.0,0.1075,1185371.0
1753546968837,16:22:48.837,AEVO/USDT:USDT,0.1073,102923.0,0.1072,867065,0.1074,414568.0,0.1075,1185371.0
1753546969239,16:22:49.239,AEVO/USDT:USDT,0.1073,102923.0,0.1072,867065,0.1074,414568.0,0.1075,1700959
1753546969346,16:22:49.346,AEVO/USDT:USDT,0.1073,219269,0.1072,725455,0.1074,320989,0.1075,1377314
1753546969646,16:22:49.646,AEVO/USDT:USDT,0.1073,219269,0.1072,725455,0.1074,320989,0.1075,1377314
1753546969837,16:22:49.837,AEVO/USDT:USDT,0.1073,219269,0.1072,725455,0.1074,320989,0.1075,1377314
1753546970049,16:22:50.049,AEVO/USDT:USDT,0.1073,219269,0.1072,725455,0.1074,320989,0.1075,1377314
1753546970239,16:22:50.239,AEVO/USDT:USDT,0.1073,219269,0.1072,725455,0.1074,320989,0.1075,1377314
1753546970339,16:22:50.339,AEVO/USDT:USDT,0.1073,219269,0.1072,725455,0.1074,320989,0.1075,1377314
1753546970740,16:22:50.740,AEVO/USDT:USDT,0.1073,219269,0.1072,725455,0.1074,320989,0.1075,1377314
1753546970909,16:22:50.909,AEVO/USDT:USDT,0.1073,219269,0.1072,1064984,0.1074,320989,0.1075,1377314
1753546971146,16:22:51.146,AEVO/USDT:USDT,0.1073,219269,0.1072,1064984,0.1074,320989,0.1075,1377314
1753546971339,16:22:51.339,AEVO/USDT:USDT,0.1073,219269,0.1072,725455,0.1074,320989,0.1075,1377314
1753546971645,16:22:51.645,AEVO/USDT:USDT,0.1073,219269,0.1072,725455,0.1074,320989,0.1075,1377314
1753546971839,16:22:51.839,AEVO/USDT:USDT,0.1073,219269,0.1072,725455,0.1074,320989,0.1075,1377314
1753546972050,16:22:52.050,AEVO/USDT:USDT,0.1073,219269,0.1072,725455,0.1074,320989,0.1075,1377314
1753546972247,16:22:52.247,AEVO/USDT:USDT,0.1073,219269,0.1072,725455,0.1074,320989,0.1075,1377314
1753546972339,16:22:52.339,AEVO/USDT:USDT,0.1073,219269,0.1072,725455,0.1074,320989,0.1075,1377314
1753546972742,16:22:52.742,AEVO/USDT:USDT,0.1073,219269,0.1072,725455,0.1074,320989,0.1075,1377314
1753546972837,16:22:52.837,AEVO/USDT:USDT,0.1073,219269,0.1072,725455,0.1074,320989,0.1075,1377314
1753546973146,16:22:53.146,AEVO/USDT:USDT,0.1073,219269,0.1072,725455,0.1074,320989,0.1075,1377314
1753546973339,16:22:53.339,AEVO/USDT:USDT,0.1073,219269,0.1072,725455,0.1074,320989,0.1075,1785656
1753546973550,16:22:53.550,AEVO/USDT:USDT,0.1073,219269,0.1072,725455,0.1074,320989,0.1075,1785656
1753546973742,16:22:53.742,AEVO/USDT:USDT,0.1073,219269,0.1072,725455,0.1074,320989,0.1075,1377314
1753546973842,16:22:53.842,AEVO/USDT:USDT,0.1073,219269,0.1072,725455,0.1074,320989,0.1075,1377314
1753546974241,16:22:54.241,AEVO/USDT:USDT,0.1073,219269,0.1072,725455,0.1074,320989,0.1075,1377314
1753546974338,16:22:54.338,AEVO/USDT:USDT,0.1073,219269,0.1072,834922,0.1074,320989,0.1075,1377314
1753546974742,16:22:54.742,AEVO/USDT:USDT,0.1073,219269,0.1072,725455,0.1074,320989,0.1075,1377314
1753546974840,16:22:54.840,AEVO/USDT:USDT,0.1073,219269,0.1072,1034815,0.1074,320989,0.1075,1377314
1753546975147,16:22:55.147,AEVO/USDT:USDT,0.1073,219269,0.1072,1034815,0.1074,320989,0.1075,1377314
1753546975340,16:22:55.340,AEVO/USDT:USDT,0.1073,219269,0.1072,725455,0.1074,336266,0.1075,929679
1753546975351,16:22:55.351,AEVO/USDT:USDT,0.1073,223251,0.1072,813805,0.1074,336266,0.1075,929679
1753546975838,16:22:55.838,AEVO/USDT:USDT,0.1073,223251,0.1072,944005,0.1074,336266,0.1075,1355511
1753546975838,16:22:55.838,AEVO/USDT:USDT,0.1073,223251,0.1072,944005,0.1074,336266,0.1075,1355511
1753546976241,16:22:56.241,AEVO/USDT:USDT,0.1073,223251,0.1072,813805,0.1074,336266,0.1075,1252326
1753546976339,16:22:56.339,AEVO/USDT:USDT,0.1073,223251,0.1072,902701,0.1074,336266,0.1075,1252326
1753546976646,16:22:56.646,AEVO/USDT:USDT,0.1073,223251,0.1072,902701,0.1074,336266,0.1075,929679
1753546976840,16:22:56.840,AEVO/USDT:USDT,0.1073,223251,0.1072,1007369,0.1074,336266,0.1075,1083338
1753546977051,16:22:57.051,AEVO/USDT:USDT,0.1073,223251,0.1072,1007369,0.1074,336266,0.1075,1083338
1753546977242,16:22:57.242,AEVO/USDT:USDT,0.1073,223251,0.1072,813805,0.1074,336266,0.1075,929679
1753546977552,16:22:57.552,AEVO/USDT:USDT,0.1073,223251,0.1072,813805,0.1074,336266,0.1075,929679
1753546977742,16:22:57.742,AEVO/USDT:USDT,0.1073,223251,0.1072,813805,0.1074,336266,0.1075,1211284
1753546977839,16:22:57.839,AEVO/USDT:USDT,0.1073,223251,0.1072,813805,0.1074,336266,0.1075,1211284
1753546978241,16:22:58.241,AEVO/USDT:USDT,0.1073,223251,0.1072,813805,0.1074,336266,0.1075,929679
1753546978341,16:22:58.341,AEVO/USDT:USDT,0.1073,223251,0.1072,1068604,0.1074,336266,0.1075,929679
1753546978648,16:22:58.648,AEVO/USDT:USDT,0.1073,223251,0.1072,1068604,0.1074,336266,0.1075,1113908
1753546978839,16:22:58.839,AEVO/USDT:USDT,0.1073,223251,0.1072,1291007,0.1074,336266,0.1075,1113908
1753546979057,16:22:59.057,AEVO/USDT:USDT,0.1073,223251,0.1072,1291007,0.1074,336266,0.1075,929679
1753546979241,16:22:59.241,AEVO/USDT:USDT,0.1073,223251,0.1072,813805,0.1074,336266,0.1075,929679
1753546979339,16:22:59.339,AEVO/USDT:USDT,0.1073,223251,0.1072,813805,0.1074,336266,0.1075,929679
1753546979743,16:22:59.743,AEVO/USDT:USDT,0.1073,223251,0.1072,813805,0.1074,336266,0.1075,929679
1753546979839,16:22:59.839,AEVO/USDT:USDT,0.1073,223251,0.1072,925944,0.1074,336266,0.1075,929679
1753546980243,16:23:00.243,AEVO/USDT:USDT,0.1073,223251,0.1072,813805,0.1074,336266,0.1075,1233985
1753546980341,16:23:00.341,AEVO/USDT:USDT,0.1073,223251,0.1072,813805,0.1074,336266,0.1075,1233985
1753546980648,16:23:00.648,AEVO/USDT:USDT,0.1073,223251,0.1072,813805,0.1074,336266,0.1075,929679
1753546980840,16:23:00.840,AEVO/USDT:USDT,0.1073,223251,0.1072,813805,0.1074,336266,0.1075,929679
1753546981052,16:23:01.052,AEVO/USDT:USDT,0.1073,223251,0.1072,813805,0.1074,336266,0.1075,929679
1753546981243,16:23:01.243,AEVO/USDT:USDT,0.1073,223251,0.1072,813805,0.1074,336266,0.1075,929679
1753546981355,16:23:01.355,AEVO/USDT:USDT,0.1073,307699,0.1072,849080,0.1074,92684,0.1075,752444
1753546981840,16:23:01.840,AEVO/USDT:USDT,0.1073,307699,0.1072,1237387,0.1074,92684,0.1075,752444
1753546981840,16:23:01.840,AEVO/USDT:USDT,0.1073,307699,0.1072,1237387,0.1074,92684,0.1075,752444
1753546982246,16:23:02.246,AEVO/USDT:USDT,0.1073,307699,0.1072,849080,0.1074,92684,0.1075,981135
1753546982342,16:23:02.342,AEVO/USDT:USDT,0.1073,307699,0.1072,1231190,0.1074,92684,0.1075,981135
1753546982743,16:23:02.743,AEVO/USDT:USDT,0.1073,307699,0.1072,849080,0.1074,92684,0.1075,1039515
1753546982912,16:23:02.912,AEVO/USDT:USDT,0.1073,307699,0.1072,849080,0.1074,92684,0.1075,1039515
1753546983150,16:23:03.150,AEVO/USDT:USDT,0.1073,307699,0.1072,849080,0.1074,92684,0.1075,752444
1753546983342,16:23:03.342,AEVO/USDT:USDT,0.1073,307699,0.1072,849080,0.1074,92684,0.1075,752444
1753546983650,16:23:03.650,AEVO/USDT:USDT,0.1073,307699,0.1072,849080,0.1074,92684,0.1075,752444
1753546983840,16:23:03.840,AEVO/USDT:USDT,0.1073,307699,0.1072,849080,0.1074,92684,0.1075,752444
1753546984052,16:23:04.052,AEVO/USDT:USDT,0.1073,307699,0.1072,849080,0.1074,92684,0.1075,752444
1753546984242,16:23:04.242,AEVO/USDT:USDT,0.1073,307699,0.1072,849080,0.1074,92684,0.1075,1048344
1753546984346,16:23:04.346,AEVO/USDT:USDT,0.1073,307699,0.1072,849080,0.1074,92684,0.1075,1048344
1753546984744,16:23:04.744,AEVO/USDT:USDT,0.1073,307699,0.1072,849080,0.1074,92684,0.1075,1288838
1753546984841,16:23:04.841,AEVO/USDT:USDT,0.1073,307699,0.1072,1617024,0.1074,92684,0.1075,1288838
1753546985247,16:23:05.247,AEVO/USDT:USDT,0.1073,307699,0.1072,1228426,0.1074,92684,0.1075,1179699
1753546985381,16:23:05.381,AEVO/USDT:USDT,0.1073,307699,0.1072,849080,0.1074,92684,0.1075,1179699
1753546985652,16:23:05.652,AEVO/USDT:USDT,0.1073,307699,0.1072,849080,0.1074,92684,0.1075,1114080
1753546985840,16:23:05.840,AEVO/USDT:USDT,0.1073,307699,0.1072,849080,0.1074,92684,0.1075,1114080
1753546986153,16:23:06.153,AEVO/USDT:USDT,0.1073,307699,0.1072,849080,0.1074,92684,0.1075,875205
1753546986342,16:23:06.342,AEVO/USDT:USDT,0.1073,307699,0.1072,849080,0.1074,92684,0.1075,875205
1753546986550,16:23:06.550,AEVO/USDT:USDT,0.1073,307699,0.1072,849080,0.1074,92684,0.1075,875205
1753546986746,16:23:06.746,AEVO/USDT:USDT,0.1073,307699,0.1072,849080,0.1074,92684,0.1075,752444
1753546986844,16:23:06.844,AEVO/USDT:USDT,0.1073,307699,0.1072,849080,0.1074,92684,0.1075,752444
1753546987153,16:23:07.153,AEVO/USDT:USDT,0.1073,307699,0.1072,849080,0.1074,92684,0.1075,752444
1753546987354,16:23:07.354,AEVO/USDT:USDT,0.1073,304722,0.1072,1080965,0.1074,100472,0.1075,648030
1753546987843,16:23:07.843,AEVO/USDT:USDT,0.1073,304722,0.1072,1211536,0.1074,100472,0.1075,648030
1753546987981,16:23:07.981,AEVO/USDT:USDT,0.1073,304722,0.1072,1211536,0.1074,100472,0.1075,648030
1753546988247,16:23:08.247,AEVO/USDT:USDT,0.1073,304722,0.1072,1080965,0.1074,100472,0.1075,648030
1753546988343,16:23:08.343,AEVO/USDT:USDT,0.1073,304722,0.1072,1080965,0.1074,100472,0.1075,648030
1753546988656,16:23:08.656,AEVO/USDT:USDT,0.1073,304722,0.1072,1080965,0.1074,100472,0.1075,648030
1753546988844,16:23:08.844,AEVO/USDT:USDT,0.1073,304722,0.1072,1080965,0.1074,100472,0.1075,648030
1753546989113,16:23:09.113,AEVO/USDT:USDT,0.1073,304722,0.1072,1080965,0.1074,100472,0.1075,648030
1753546989247,16:23:09.247,AEVO/USDT:USDT,0.1073,304722,0.1072,1080965,0.1074,100472,0.1075,648030
1753546989344,16:23:09.344,AEVO/USDT:USDT,0.1073,304722,0.1072,1080965,0.1074,100472,0.1075,648030
1753546989746,16:23:09.746,AEVO/USDT:USDT,0.1073,304722,0.1072,1080965,0.1074,100472,0.1075,648030
1753546989843,16:23:09.843,AEVO/USDT:USDT,0.1073,304722,0.1072,1080965,0.1074,100472,0.1075,648030
1753546990157,16:23:10.157,AEVO/USDT:USDT,0.1073,304722,0.1072,1080965,0.1074,100472,0.1075,648030
1753546990352,16:23:10.352,AEVO/USDT:USDT,0.1073,304722,0.1072,1300334,0.1074,100472,0.1075,795668
1753546990560,16:23:10.560,AEVO/USDT:USDT,0.1073,304722,0.1072,1300334,0.1074,100472,0.1075,795668
1753546990746,16:23:10.746,AEVO/USDT:USDT,0.1073,304722,0.1072,1080965,0.1074,100472,0.1075,648030
1753546990968,16:23:10.968,AEVO/USDT:USDT,0.1073,304722,0.1072,1559205,0.1074,100472,0.1075,648030
1753546991157,16:23:11.157,AEVO/USDT:USDT,0.1074,337630,0.1073,304722,0.1075,648030,0.1076,942887
1753546991349,16:23:11.349,AEVO/USDT:USDT,0.1074,337630,0.1073,304722,0.1075,648030,0.1076,942887
1753546991752,16:23:11.752,AEVO/USDT:USDT,0.1074,337630,0.1073,304722,0.1075,648030,0.1076,942887
1753546991844,16:23:11.844,AEVO/USDT:USDT,0.1074,337630,0.1073,855254,0.1075,648030,0.1076,942887
1753546992160,16:23:12.160,AEVO/USDT:USDT,0.1074,337630,0.1073,855254,0.1075,648030,0.1076,942887
1753546992345,16:23:12.345,AEVO/USDT:USDT,0.1074,337630,0.1073,304722,0.1075,648030,0.1076,942887
1753546992611,16:23:12.611,AEVO/USDT:USDT,0.1074,337630,0.1073,304722,0.1075,648030,0.1076,942887
1753546992748,16:23:12.748,AEVO/USDT:USDT,0.1074,337630,0.1073,304722,0.1075,648030,0.1076,942887
1753546992844,16:23:12.844,AEVO/USDT:USDT,0.1074,337630,0.1073,624442,0.1075,648030,0.1076,942887
1753546993248,16:23:13.248,AEVO/USDT:USDT,0.1074,337630,0.1073,624442,0.1075,648030,0.1076,942887
1753546993345,16:23:13.345,AEVO/USDT:USDT,0.1074,337630,0.1073,564112,0.1075,648030,0.1076,942887
1753546993658,16:23:13.658,AEVO/USDT:USDT,0.1074,337630,0.1073,564112,0.1075,648030,0.1076,942887
1753546993844,16:23:13.844,AEVO/USDT:USDT,0.1074,337630,0.1073,854357,0.1075,648030,0.1076,942887
1753546994060,16:23:14.060,AEVO/USDT:USDT,0.1074,337630,0.1073,854357,0.1075,648030,0.1076,942887
1753546994250,16:23:14.250,AEVO/USDT:USDT,0.1074,337630,0.1073,304722,0.1075,648030,0.1076,942887
1753546994345,16:23:14.345,AEVO/USDT:USDT,0.1074,337630,0.1073,813668,0.1075,648030,0.1076,942887
1753546994749,16:23:14.749,AEVO/USDT:USDT,0.1074,337630,0.1073,813668,0.1075,648030,0.1076,942887
1753546994845,16:23:14.845,AEVO/USDT:USDT,0.1074,337630,0.1073,304722,0.1075,648030,0.1076,942887
1753546995214,16:23:15.214,AEVO/USDT:USDT,0.1074,337630,0.1073,304722,0.1075,648030,0.1076,942887
1753546995348,16:23:15.348,AEVO/USDT:USDT,0.1074,337630,0.1073,498645,0.1075,648030,0.1076,1159399
1753546995619,16:23:15.619,AEVO/USDT:USDT,0.1074,337630,0.1073,498645,0.1075,648030,0.1076,1159399
1753546995749,16:23:15.749,AEVO/USDT:USDT,0.1074,337630,0.1073,304722,0.1075,648030,0.1076,1087950
1753546995846,16:23:15.846,AEVO/USDT:USDT,0.1074,337630,0.1073,304722,0.1075,648030,0.1076,1087950
1753546996250,16:23:16.250,AEVO/USDT:USDT,0.1074,337630,0.1073,304722,0.1075,648030,0.1076,1026441
1753546996355,16:23:16.355,AEVO/USDT:USDT,0.1074,206832,0.1073,798112,0.1075,365033,0.1076,1219686
1753546996716,16:23:16.716,AEVO/USDT:USDT,0.1074,206832,0.1073,798112,0.1075,365033,0.1076,1219686
1753546996846,16:23:16.846,AEVO/USDT:USDT,0.1074,206832,0.1073,798112,0.1075,365033,0.1076,1219686
1753546997119,16:23:17.119,AEVO/USDT:USDT,0.1074,206832,0.1073,798112,0.1075,365033,0.1076,1219686
1753546997314,16:23:17.314,AEVO/USDT:USDT,0.1074,206832,0.1073,798112,0.1075,365033,0.1076,1219686
1753546997347,16:23:17.347,AEVO/USDT:USDT,0.1074,206832,0.1073,1024649,0.1075,365033,0.1076,1219686
1753546997750,16:23:17.750,AEVO/USDT:USDT,0.1074,206832,0.1073,1024649,0.1075,365033,0.1076,1219686
1753546997846,16:23:17.846,AEVO/USDT:USDT,0.1074,206832,0.1073,1169799,0.1075,365033,0.1076,1219686
1753546998218,16:23:18.218,AEVO/USDT:USDT,0.1074,206832,0.1073,1169799,0.1075,365033,0.1076,1219686
1753546998346,16:23:18.346,AEVO/USDT:USDT,0.1074,206832,0.1073,798112,0.1075,365033,0.1076,1219686
1753546998716,16:23:18.716,AEVO/USDT:USDT,0.1074,206832,0.1073,798112,0.1075,365033,0.1076,1219686
1753546998847,16:23:18.847,AEVO/USDT:USDT,0.1074,206832,0.1073,946675,0.1075,365033,0.1076,1219686
1753546999122,16:23:19.122,AEVO/USDT:USDT,0.1074,206832,0.1073,946675,0.1075,365033,0.1076,1219686
1753546999252,16:23:19.252,AEVO/USDT:USDT,0.1074,206832,0.1073,798112,0.1075,365033,0.1076,1756720
1753546999348,16:23:19.348,AEVO/USDT:USDT,0.1074,206832,0.1073,1088491,0.1075,365033,0.1076,1756720
1753546999751,16:23:19.751,AEVO/USDT:USDT,0.1074,206832,0.1073,798112,0.1075,365033,0.1076,1219686
1753546999847,16:23:19.847,AEVO/USDT:USDT,0.1074,206832,0.1073,1457757,0.1075,365033,0.1076,1219686
1753547000120,16:23:20.120,AEVO/USDT:USDT,0.1074,206832,0.1073,1457757,0.1075,365033,0.1076,1219686
1753547000347,16:23:20.347,AEVO/USDT:USDT,0.1074,206832,0.1073,1046210,0.1075,365033,0.1076,1434578
1753547000621,16:23:20.621,AEVO/USDT:USDT,0.1074,206832,0.1073,1046210,0.1075,365033,0.1076,1434578
1753547000751,16:23:20.751,AEVO/USDT:USDT,0.1074,206832,0.1073,798112,0.1075,365033,0.1076,1219686
1753547000848,16:23:20.848,AEVO/USDT:USDT,0.1074,206832,0.1073,798112,0.1075,365033,0.1076,1219686
1753547001250,16:23:21.250,AEVO/USDT:USDT,0.1074,206832,0.1073,798112,0.1075,365033,0.1076,1769895
1753547001347,16:23:21.347,AEVO/USDT:USDT,0.1074,206832,0.1073,798112,0.1075,365033,0.1076,1769895
1753547001717,16:23:21.717,AEVO/USDT:USDT,0.1074,206832,0.1073,798112,0.1075,365033,0.1076,1219686
1753547001854,16:23:21.854,AEVO/USDT:USDT,0.1074,206832,0.1073,938799,0.1075,365033,0.1076,1219686
1753547002119,16:23:22.119,AEVO/USDT:USDT,0.1074,206832,0.1073,938799,0.1075,365033,0.1076,1219686
1753547002250,16:23:22.250,AEVO/USDT:USDT,0.1074,206832,0.1073,798112,0.1075,365033,0.1076,1481045
1753547002355,16:23:22.355,AEVO/USDT:USDT,0.1074,309278,0.1073,621258,0.1075,382365,0.1076,1028364
1753547002914,16:23:22.914,AEVO/USDT:USDT,0.1074,309278,0.1073,621258,0.1075,382365,0.1076,1512973
1753547002914,16:23:22.914,AEVO/USDT:USDT,0.1074,309278,0.1073,878452,0.1075,382365,0.1076,1512973
1753547003317,16:23:23.317,AEVO/USDT:USDT,0.1074,309278,0.1073,878452,0.1075,382365,0.1076,1028364
1753547003414,16:23:23.414,AEVO/USDT:USDT,0.1074,309278,0.1073,621258,0.1075,382365,0.1076,1028364
1753547003733,16:23:23.733,AEVO/USDT:USDT,0.1074,309278,0.1073,621258,0.1075,382365,0.1076,1028364
1753547003913,16:23:23.913,AEVO/USDT:USDT,0.1074,309278,0.1073,621258,0.1075,382365,0.1076,1028364
1753547004140,16:23:24.140,AEVO/USDT:USDT,0.1074,309278,0.1073,621258,0.1075,382365,0.1076,1028364
1753547004317,16:23:24.317,AEVO/USDT:USDT,0.1074,309278,0.1073,621258,0.1075,382365,0.1076,1028364
1753547004548,16:23:24.548,AEVO/USDT:USDT,0.1074,309278,0.1073,893879,0.1075,382365,0.1076,1028364
1753547004718,16:23:24.718,AEVO/USDT:USDT,0.1074,309278,0.1073,893879,0.1075,382365,0.1076,1028364
1753547004913,16:23:24.913,AEVO/USDT:USDT,0.1074,309278,0.1073,800231,0.1075,382365,0.1076,1028364
1753547005219,16:23:25.219,AEVO/USDT:USDT,0.1074,309278,0.1073,800231,0.1075,382365,0.1076,1028364
1753547005414,16:23:25.414,AEVO/USDT:USDT,0.1074,309278,0.1073,621258,0.1075,382365,0.1076,1177538
1753547005623,16:23:25.623,AEVO/USDT:USDT,0.1074,309278,0.1073,621258,0.1075,382365,0.1076,1177538
1753547005820,16:23:25.820,AEVO/USDT:USDT,0.1074,309278,0.1073,621258,0.1075,382365,0.1076,1028364
1753547006067,16:23:26.067,AEVO/USDT:USDT,0.1074,309278,0.1073,827780,0.1075,382365,0.1076,1028364
1753547006219,16:23:26.219,AEVO/USDT:USDT,0.1074,309278,0.1073,827780,0.1075,382365,0.1076,1439411
1753547006492,16:23:26.492,AEVO/USDT:USDT,0.1074,309278,0.1073,827780,0.1075,382365,0.1076,1439411
1753547006622,16:23:26.622,AEVO/USDT:USDT,0.1074,309278,0.1073,621258,0.1075,382365,0.1076,1028364
1753547006899,16:23:26.899,AEVO/USDT:USDT,0.1074,309278,0.1073,621258,0.1075,382365,0.1076,1587920
1753547006996,16:23:26.996,AEVO/USDT:USDT,0.1074,309278,0.1073,724285,0.1075,382365,0.1076,1587920
1753547007221,16:23:27.221,AEVO/USDT:USDT,0.1074,309278,0.1073,724285,0.1075,382365,0.1076,1163257
1753547007496,16:23:27.496,AEVO/USDT:USDT,0.1074,309278,0.1073,930676,0.1075,382365,0.1076,1163257
1753547007720,16:23:27.720,AEVO/USDT:USDT,0.1074,309278,0.1073,930676,0.1075,382365,0.1076,1713523
1753547007996,16:23:27.996,AEVO/USDT:USDT,0.1074,309278,0.1073,896937,0.1075,382365,0.1076,1713523
1753547008222,16:23:28.222,AEVO/USDT:USDT,0.1074,309278,0.1073,896937,0.1075,382365,0.1076,1028364
1753547008498,16:23:28.498,AEVO/USDT:USDT,0.1074,234929,0.1073,1518390,0.1075,333203,0.1076,1238859
1753547008901,16:23:28.901,AEVO/USDT:USDT,0.1074,234929,0.1073,1209290,0.1075,333203,0.1076,1238859
1753547008997,16:23:28.997,AEVO/USDT:USDT,0.1074,234929,0.1073,1253481,0.1075,333203,0.1076,1238859
1753547009222,16:23:29.222,AEVO/USDT:USDT,0.1074,234929,0.1073,1253481,0.1075,333203,0.1076,1238859
1753547009598,16:23:29.598,AEVO/USDT:USDT,0.1074,234929,0.1073,840575,0.1075,333203,0.1076,1238859
1753547009723,16:23:29.723,AEVO/USDT:USDT,0.1074,234929,0.1073,840575,0.1075,333203,0.1076,1416432
1753547010012,16:23:30.012,AEVO/USDT:USDT,0.1074,234929,0.1073,1081579,0.1075,333203,0.1076,1416432
1753547010126,16:23:30.126,AEVO/USDT:USDT,0.1074,234929,0.1073,1081579,0.1075,333203,0.1076,1238859
1753547010416,16:23:30.416,AEVO/USDT:USDT,0.1074,234929,0.1073,840575,0.1075,333203,0.1076,1238859
1753547010513,16:23:30.513,AEVO/USDT:USDT,0.1074,234929,0.1073,840575,0.1075,333203,0.1076,1238859
1753547010728,16:23:30.728,AEVO/USDT:USDT,0.1074,234929,0.1073,840575,0.1075,333203,0.1076,1238859
1753547011013,16:23:31.013,AEVO/USDT:USDT,0.1074,234929,0.1073,1001710,0.1075,333203,0.1076,1238859
1753547011227,16:23:31.227,AEVO/USDT:USDT,0.1074,234929,0.1073,1001710,0.1075,333203,0.1076,1803854
1753547011512,16:23:31.512,AEVO/USDT:USDT,0.1074,234929,0.1073,840575,0.1075,333203,0.1076,1803854
1753547011725,16:23:31.725,AEVO/USDT:USDT,0.1074,234929,0.1073,840575,0.1075,333203,0.1076,1238859
1753547012072,16:23:32.072,AEVO/USDT:USDT,0.1074,234929,0.1073,840575,0.1075,333203,0.1076,1238859
1753547012226,16:23:32.226,AEVO/USDT:USDT,0.1074,234929,0.1073,840575,0.1075,333203,0.1076,1238859
1753547012514,16:23:32.514,AEVO/USDT:USDT,0.1074,234929,0.1073,1125445,0.1075,333203,0.1076,1238859
1753547012629,16:23:32.629,AEVO/USDT:USDT,0.1074,234929,0.1073,1125445,0.1075,333203,0.1076,1238859
1753547012917,16:23:32.917,AEVO/USDT:USDT,0.1074,234929,0.1073,840575,0.1075,333203,0.1076,1238859
1753547013013,16:23:33.013,AEVO/USDT:USDT,0.1074,234929,0.1073,840575,0.1075,333203,0.1076,1238859
1753547013228,16:23:33.228,AEVO/USDT:USDT,0.1074,234929,0.1073,840575,0.1075,333203,0.1076,1238859
1753547013515,16:23:33.515,AEVO/USDT:USDT,0.1074,234929,0.1073,1046158,0.1075,333203,0.1076,1238859
1753547013727,16:23:33.727,AEVO/USDT:USDT,0.1074,234929,0.1073,1046158,0.1075,333203,0.1076,1238859
1753547014014,16:23:34.014,AEVO/USDT:USDT,0.1074,234929,0.1073,964571,0.1075,333203,0.1076,1238859
1753547014227,16:23:34.227,AEVO/USDT:USDT,0.1074,234929,0.1073,964571,0.1075,333203,0.1076,1238859
1753547014515,16:23:34.515,AEVO/USDT:USDT,0.1074,121298,0.1073,974739,0.1075,420578,0.1076,899174
1753547014918,16:23:34.918,AEVO/USDT:USDT,0.1074,121298,0.1073,829445,0.1075,420578,0.1076,899174
1753547015015,16:23:35.015,AEVO/USDT:USDT,0.1074,121298,0.1073,829445,0.1075,420578,0.1076,899174
1753547015229,16:23:35.229,AEVO/USDT:USDT,0.1074,121298,0.1073,829445,0.1075,420578,0.1076,899174
1753547015602,16:23:35.602,AEVO/USDT:USDT,0.1074,121298,0.1073,829445,0.1075,420578,0.1076,899174
1753547015729,16:23:35.729,AEVO/USDT:USDT,0.1074,121298,0.1073,829445,0.1075,420578,0.1076,1574448
1753547016016,16:23:36.016,AEVO/USDT:USDT,0.1074,121298,0.1073,829445,0.1075,420578,0.1076,1574448
1753547016132,16:23:36.132,AEVO/USDT:USDT,0.1074,121298,0.1073,829445,0.1075,420578,0.1076,899174
1753547016419,16:23:36.419,AEVO/USDT:USDT,0.1074,121298,0.1073,829445,0.1075,420578,0.1076,1312830
1753547016516,16:23:36.516,AEVO/USDT:USDT,0.1074,121298,0.1073,829445,0.1075,420578,0.1076,1312830
1753547016728,16:23:36.728,AEVO/USDT:USDT,0.1074,121298,0.1073,829445,0.1075,420578,0.1076,899174
1753547017017,16:23:37.017,AEVO/USDT:USDT,0.1074,121298,0.1073,829445,0.1075,420578,0.1076,899174
1753547017229,16:23:37.229,AEVO/USDT:USDT,0.1074,121298,0.1073,829445,0.1075,420578,0.1076,899174
1753547017517,16:23:37.517,AEVO/USDT:USDT,0.1074,121298,0.1073,829445,0.1075,420578,0.1076,899174
1753547017730,16:23:37.730,AEVO/USDT:USDT,0.1074,121298,0.1073,829445,0.1075,420578,0.1076,899174
1753547018077,16:23:38.077,AEVO/USDT:USDT,0.1074,121298,0.1073,829445,0.1075,420578,0.1076,899174
1753547018269,16:23:38.269,AEVO/USDT:USDT,0.1074,121298,0.1073,829445,0.1075,420578,0.1076,899174
1753547018519,16:23:38.519,AEVO/USDT:USDT,0.1074,121298,0.1073,829445,0.1075,420578,0.1076,899174
1753547018633,16:23:38.633,AEVO/USDT:USDT,0.1074,121298,0.1073,829445,0.1075,420578,0.1076,899174
1753547018919,16:23:38.919,AEVO/USDT:USDT,0.1074,121298,0.1073,829445,0.1075,420578,0.1076,1491247
1753547019018,16:23:39.018,AEVO/USDT:USDT,0.1074,121298,0.1073,829445,0.1075,420578,0.1076,1491247
1753547019232,16:23:39.232,AEVO/USDT:USDT,0.1074,121298,0.1073,829445,0.1075,420578,0.1076,1285031
1753547019518,16:23:39.518,AEVO/USDT:USDT,0.1074,121298,0.1073,829445,0.1075,420578,0.1076,1285031
1753547019732,16:23:39.732,AEVO/USDT:USDT,0.1074,121298,0.1073,829445,0.1075,420578,0.1076,899174
1753547020018,16:23:40.018,AEVO/USDT:USDT,0.1074,121298,0.1073,973837,0.1075,420578,0.1076,899174
1753547020232,16:23:40.232,AEVO/USDT:USDT,0.1074,121298,0.1073,973837,0.1075,420578,0.1076,899174
1753547020518,16:23:40.518,AEVO/USDT:USDT,0.1074,230678,0.1073,586946,0.1075,362236,0.1076,1381271
1753547020921,16:23:40.921,AEVO/USDT:USDT,0.1074,230678,0.1073,586946,0.1075,362236,0.1076,1381271
1753547021019,16:23:41.019,AEVO/USDT:USDT,0.1074,230678,0.1073,729023,0.1075,362236,0.1076,1381271
1753547021234,16:23:41.234,AEVO/USDT:USDT,0.1074,230678,0.1073,729023,0.1075,362236,0.1076,1694427
1753547021606,16:23:41.606,AEVO/USDT:USDT,0.1074,230678,0.1073,697083,0.1075,362236,0.1076,1694427
1753547021733,16:23:41.733,AEVO/USDT:USDT,0.1074,230678,0.1073,697083,0.1075,362236,0.1076,1778183
1753547022020,16:23:42.020,AEVO/USDT:USDT,0.1074,230678,0.1073,586946,0.1075,362236,0.1076,1778183
1753547022136,16:23:42.136,AEVO/USDT:USDT,0.1074,230678,0.1073,586946,0.1075,362236,0.1076,1381271
1753547022424,16:23:42.424,AEVO/USDT:USDT,0.1074,230678,0.1073,586946,0.1075,362236,0.1076,1381271
1753547022519,16:23:42.519,AEVO/USDT:USDT,0.1074,230678,0.1073,746259,0.1075,362236,0.1076,1381271
1753547022735,16:23:42.735,AEVO/USDT:USDT,0.1074,230678,0.1073,746259,0.1075,362236,0.1076,1575977
1753547023021,16:23:43.021,AEVO/USDT:USDT,0.1074,230678,0.1073,586946,0.1075,362236,0.1076,1575977
1753547023234,16:23:43.234,AEVO/USDT:USDT,0.1074,230678,0.1073,586946,0.1075,362236,0.1076,1381271
1753547023521,16:23:43.521,AEVO/USDT:USDT,0.1074,230678,0.1073,586946,0.1075,362236,0.1076,1381271
1753547023733,16:23:43.733,AEVO/USDT:USDT,0.1074,230678,0.1073,586946,0.1075,362236,0.1076,1381271
1753547024076,16:23:44.076,AEVO/USDT:USDT,0.1074,230678,0.1073,747195,0.1075,362236,0.1076,1381271
1753547024234,16:23:44.234,AEVO/USDT:USDT,0.1074,230678,0.1073,747195,0.1075,362236,0.1076,1828110
1753547024522,16:23:44.522,AEVO/USDT:USDT,0.1074,230678,0.1073,586946,0.1075,362236,0.1076,1828110
1753547024636,16:23:44.636,AEVO/USDT:USDT,0.1074,230678,0.1073,586946,0.1075,362236,0.1076,1381271
1753547024925,16:23:44.925,AEVO/USDT:USDT,0.1074,230678,0.1073,586946,0.1075,362236,0.1076,1381271
1753547025022,16:23:45.022,AEVO/USDT:USDT,0.1074,230678,0.1073,929725,0.1075,362236,0.1076,1381271
1753547025236,16:23:45.236,AEVO/USDT:USDT,0.1074,230678,0.1073,929725,0.1075,362236,0.1076,1381271
1753547025522,16:23:45.522,AEVO/USDT:USDT,0.1074,230678,0.1073,834001,0.1075,362236,0.1076,1381271
1753547025735,16:23:45.735,AEVO/USDT:USDT,0.1074,230678,0.1073,834001,0.1075,362236,0.1076,1381271
1753547026022,16:23:46.022,AEVO/USDT:USDT,0.1074,230678,0.1073,586946,0.1075,362236,0.1076,1381271
1753547026236,16:23:46.236,AEVO/USDT:USDT,0.1074,230678,0.1073,586946,0.1075,362236,0.1076,1381271
1753547026523,16:23:46.523,AEVO/USDT:USDT,0.1074,265391,0.1073,775973,0.1075,255798,0.1076,939498
1753547026927,16:23:46.927,AEVO/USDT:USDT,0.1074,265391,0.1073,775973,0.1075,255798,0.1076,939498
1753547027024,16:23:47.024,AEVO/USDT:USDT,0.1074,265391,0.1073,775973,0.1075,255798,0.1076,939498
1753547027236,16:23:47.236,AEVO/USDT:USDT,0.1074,265391,0.1073,775973,0.1075,255798,0.1076,1378238
1753547027608,16:23:47.608,AEVO/USDT:USDT,0.1074,265391,0.1073,775973,0.1075,255798,0.1076,1378238
1753547027737,16:23:47.737,AEVO/USDT:USDT,0.1074,265391,0.1073,775973,0.1075,255798,0.1076,939498
1753547028023,16:23:48.023,AEVO/USDT:USDT,0.1074,265391,0.1073,775973,0.1075,255798,0.1076,939498
1753547028139,16:23:48.139,AEVO/USDT:USDT,0.1074,265391,0.1073,1107942,0.1075,255798,0.1076,939498
1753547028430,16:23:48.430,AEVO/USDT:USDT,0.1074,265391,0.1073,1107942,0.1075,255798,0.1076,939498
1753547028524,16:23:48.524,AEVO/USDT:USDT,0.1074,265391,0.1073,775973,0.1075,255798,0.1076,939498
1753547028736,16:23:48.736,AEVO/USDT:USDT,0.1074,265391,0.1073,775973,0.1075,255798,0.1076,939498
1753547029024,16:23:49.024,AEVO/USDT:USDT,0.1074,265391,0.1073,1075077,0.1075,255798,0.1076,939498
1753547029272,16:23:49.272,AEVO/USDT:USDT,0.1074,265391,0.1073,1075077,0.1075,255798,0.1076,939498
1753547029530,16:23:49.530,AEVO/USDT:USDT,0.1074,265391,0.1073,1089024,0.1075,255798,0.1076,939498
1753547029736,16:23:49.736,AEVO/USDT:USDT,0.1074,265391,0.1073,1089024,0.1075,255798,0.1076,939498
1753547030026,16:23:50.026,AEVO/USDT:USDT,0.1074,265391,0.1073,974370,0.1075,255798,0.1076,939498
1753547030236,16:23:50.236,AEVO/USDT:USDT,0.1074,265391,0.1073,974370,0.1075,255798,0.1076,939498
1753547030531,16:23:50.531,AEVO/USDT:USDT,0.1074,265391,0.1073,775973,0.1075,255798,0.1076,939498
1753547030737,16:23:50.737,AEVO/USDT:USDT,0.1074,265391,0.1073,775973,0.1075,255798,0.1076,1794686
1753547031025,16:23:51.025,AEVO/USDT:USDT,0.1074,265391,0.1073,775973,0.1075,255798,0.1076,1794686
1753547031238,16:23:51.238,AEVO/USDT:USDT,0.1074,265391,0.1073,775973,0.1075,255798,0.1076,1100941
1753547031525,16:23:51.525,AEVO/USDT:USDT,0.1074,265391,0.1073,775973,0.1075,255798,0.1076,1100941
1753547031738,16:23:51.738,AEVO/USDT:USDT,0.1074,265391,0.1073,775973,0.1075,255798,0.1076,939498
1753547032025,16:23:52.025,AEVO/USDT:USDT,0.1074,265391,0.1073,1091936,0.1075,255798,0.1076,939498
1753547032238,16:23:52.238,AEVO/USDT:USDT,0.1074,265391,0.1073,1091936,0.1075,255798,0.1076,939498
1753547032525,16:23:52.525,AEVO/USDT:USDT,0.1074,298372,0.1073,863154,0.1075,230673,0.1076,930461
1753547032930,16:23:52.930,AEVO/USDT:USDT,0.1074,298372,0.1073,863154,0.1075,230673,0.1076,930461
1753547033027,16:23:53.027,AEVO/USDT:USDT,0.1074,298372,0.1073,958128,0.1075,230673,0.1076,930461
1753547033238,16:23:53.238,AEVO/USDT:USDT,0.1074,298372,0.1073,958128,0.1075,230673,0.1076,930461
1753547033610,16:23:53.610,AEVO/USDT:USDT,0.1074,298372,0.1073,863154,0.1075,230673,0.1076,930461
1753547033737,16:23:53.737,AEVO/USDT:USDT,0.1074,298372,0.1073,863154,0.1075,230673,0.1076,1259487
1753547034026,16:23:54.026,AEVO/USDT:USDT,0.1074,298372,0.1073,863154,0.1075,230673,0.1076,1259487
1753547034139,16:23:54.139,AEVO/USDT:USDT,0.1074,298372,0.1073,863154,0.1075,230673,0.1076,930461
1753547034429,16:23:54.429,AEVO/USDT:USDT,0.1074,298372,0.1073,863154,0.1075,230673,0.1076,1104575
1753547034527,16:23:54.527,AEVO/USDT:USDT,0.1074,298372,0.1073,863154,0.1075,230673,0.1076,1104575
1753547034737,16:23:54.737,AEVO/USDT:USDT,0.1074,298372,0.1073,863154,0.1075,230673,0.1076,1175136
1753547035026,16:23:55.026,AEVO/USDT:USDT,0.1074,298372,0.1073,958319,0.1075,230673,0.1076,1175136
1753547035239,16:23:55.239,AEVO/USDT:USDT,0.1074,298372,0.1073,958319,0.1075,230673,0.1076,930461
1753547035528,16:23:55.528,AEVO/USDT:USDT,0.1074,298372,0.1073,1444964,0.1075,230673,0.1076,930461
1753547035738,16:23:55.738,AEVO/USDT:USDT,0.1074,298372,0.1073,1444964,0.1075,230673,0.1076,930461
1753547036027,16:23:56.027,AEVO/USDT:USDT,0.1074,298372,0.1073,863154,0.1075,230673,0.1076,930461
1753547036238,16:23:56.238,AEVO/USDT:USDT,0.1074,298372,0.1073,863154,0.1075,230673,0.1076,1302570
1753547036527,16:23:56.527,AEVO/USDT:USDT,0.1074,298372,0.1073,1149378,0.1075,230673,0.1076,1302570
1753547036738,16:23:56.738,AEVO/USDT:USDT,0.1074,298372,0.1073,1149378,0.1075,230673,0.1076,1632812
1753547037027,16:23:57.027,AEVO/USDT:USDT,0.1074,298372,0.1073,1285514,0.1075,230673,0.1076,1632812
1753547037237,16:23:57.237,AEVO/USDT:USDT,0.1074,298372,0.1073,1285514,0.1075,230673,0.1076,930461
1753547037529,16:23:57.529,AEVO/USDT:USDT,0.1074,298372,0.1073,863154,0.1075,230673,0.1076,930461
1753547037737,16:23:57.737,AEVO/USDT:USDT,0.1074,298372,0.1073,863154,0.1075,230673,0.1076,930461
1753547038028,16:23:58.028,AEVO/USDT:USDT,0.1074,298372,0.1073,863154,0.1075,230673,0.1076,930461
1753547038238,16:23:58.238,AEVO/USDT:USDT,0.1074,298372,0.1073,863154,0.1075,230673,0.1076,930461
1753547038530,16:23:58.530,AEVO/USDT:USDT,0.1074,280698,0.1073,799975,0.1075,240458,0.1076,795844
1753547038931,16:23:58.931,AEVO/USDT:USDT,0.1074,280698,0.1073,799975,0.1075,240458,0.1076,795844
1753547039028,16:23:59.028,AEVO/USDT:USDT,0.1074,280698,0.1073,799975,0.1075,240458,0.1076,795844
1753547039241,16:23:59.241,AEVO/USDT:USDT,0.1074,280698,0.1073,799975,0.1075,240458,0.1076,795844
1753547039614,16:23:59.614,AEVO/USDT:USDT,0.1074,280698,0.1073,1069391,0.1075,240458,0.1076,795844
1753547039739,16:23:59.739,AEVO/USDT:USDT,0.1074,280698,0.1073,1069391,0.1075,240458,0.1076,795844
1753547040027,16:24:00.027,AEVO/USDT:USDT,0.1074,280698,0.1073,799975,0.1075,240458,0.1076,795844
1753547040144,16:24:00.144,AEVO/USDT:USDT,0.1074,280698,0.1073,799975,0.1075,240458,0.1076,795844
1753547040431,16:24:00.431,AEVO/USDT:USDT,0.1074,280698,0.1073,799975,0.1075,240458,0.1076,795844
1753547040529,16:24:00.529,AEVO/USDT:USDT,0.1074,280698,0.1073,999637,0.1075,240458,0.1076,795844
1753547040740,16:24:00.740,AEVO/USDT:USDT,0.1074,280698,0.1073,999637,0.1075,240458,0.1076,795844
1753547041029,16:24:01.029,AEVO/USDT:USDT,0.1074,280698,0.1073,799975,0.1075,240458,0.1076,795844
1753547041240,16:24:01.240,AEVO/USDT:USDT,0.1074,280698,0.1073,799975,0.1075,240458,0.1076,948842
1753547041532,16:24:01.532,AEVO/USDT:USDT,0.1074,280698,0.1073,1136005,0.1075,240458,0.1076,948842
1753547041740,16:24:01.740,AEVO/USDT:USDT,0.1074,280698,0.1073,1136005,0.1075,240458,0.1076,795844
1753547042027,16:24:02.027,AEVO/USDT:USDT,0.1074,280698,0.1073,915437,0.1075,240458,0.1076,795844
1753547042239,16:24:02.239,AEVO/USDT:USDT,0.1074,280698,0.1073,915437,0.1075,240458,0.1076,795844
1753547042531,16:24:02.531,AEVO/USDT:USDT,0.1074,280698,0.1073,891651,0.1075,240458,0.1076,795844
1753547042740,16:24:02.740,AEVO/USDT:USDT,0.1074,280698,0.1073,891651,0.1075,240458,0.1076,1070966
1753547043028,16:24:03.028,AEVO/USDT:USDT,0.1074,280698,0.1073,799975,0.1075,240458,0.1076,1070966
1753547043239,16:24:03.239,AEVO/USDT:USDT,0.1074,280698,0.1073,799975,0.1075,240458,0.1076,965040
1753547043530,16:24:03.530,AEVO/USDT:USDT,0.1074,280698,0.1073,1195587,0.1075,240458,0.1076,965040
1753547043739,16:24:03.739,AEVO/USDT:USDT,0.1074,280698,0.1073,1195587,0.1075,240458,0.1076,985932
1753547044029,16:24:04.029,AEVO/USDT:USDT,0.1074,280698,0.1073,1144852,0.1075,240458,0.1076,985932
1753547044239,16:24:04.239,AEVO/USDT:USDT,0.1074,280698,0.1073,1144852,0.1075,240458,0.1076,795844
1753547044530,16:24:04.530,AEVO/USDT:USDT,0.1074,379176,0.1073,838451,0.1075,96050,0.1076,854287
1753547044931,16:24:04.931,AEVO/USDT:USDT,0.1074,379176,0.1073,838451,0.1075,96050,0.1076,854287
1753547045029,16:24:05.029,AEVO/USDT:USDT,0.1074,379176,0.1073,838451,0.1075,96050,0.1076,854287
1753547045241,16:24:05.241,AEVO/USDT:USDT,0.1074,379176,0.1073,838451,0.1075,96050,0.1076,854287
1753547045616,16:24:05.616,AEVO/USDT:USDT,0.1074,379176,0.1073,1197966,0.1075,96050,0.1076,854287
1753547045740,16:24:05.740,AEVO/USDT:USDT,0.1074,379176,0.1073,1197966,0.1075,96050,0.1076,854287
1753547046031,16:24:06.031,AEVO/USDT:USDT,0.1074,379176,0.1073,838451,0.1075,96050,0.1076,854287
1753547046143,16:24:06.143,AEVO/USDT:USDT,0.1074,379176,0.1073,1082841,0.1075,96050,0.1076,854287
1753547046433,16:24:06.433,AEVO/USDT:USDT,0.1074,379176,0.1073,1082841,0.1075,96050,0.1076,854287
1753547046530,16:24:06.530,AEVO/USDT:USDT,0.1074,379176,0.1073,963777,0.1075,96050,0.1076,854287
1753547046740,16:24:06.740,AEVO/USDT:USDT,0.1074,379176,0.1073,963777,0.1075,96050,0.1076,854287
1753547047031,16:24:07.031,AEVO/USDT:USDT,0.1074,379176,0.1073,838451,0.1075,96050,0.1076,854287
1753547047267,16:24:07.267,AEVO/USDT:USDT,0.1074,379176,0.1073,838451,0.1075,96050,0.1076,1093108
1753547047532,16:24:07.532,AEVO/USDT:USDT,0.1074,379176,0.1073,838451,0.1075,96050,0.1076,1093108
1753547047740,16:24:07.740,AEVO/USDT:USDT,0.1074,379176,0.1073,838451,0.1075,96050,0.1076,1159843
1753547048031,16:24:08.031,AEVO/USDT:USDT,0.1074,379176,0.1073,1084550,0.1075,96050,0.1076,1159843
1753547048240,16:24:08.240,AEVO/USDT:USDT,0.1074,379176,0.1073,1084550,0.1075,96050,0.1076,1007267
1753547048533,16:24:08.533,AEVO/USDT:USDT,0.1074,379176,0.1073,838451,0.1075,96050,0.1076,1007267
1753547048740,16:24:08.740,AEVO/USDT:USDT,0.1074,379176,0.1073,838451,0.1075,96050,0.1076,1219620
1753547049032,16:24:09.032,AEVO/USDT:USDT,0.1074,379176,0.1073,838451,0.1075,96050,0.1076,1219620
1753547049242,16:24:09.242,AEVO/USDT:USDT,0.1074,379176,0.1073,838451,0.1075,96050,0.1076,1076778
1753547049533,16:24:09.533,AEVO/USDT:USDT,0.1074,379176,0.1073,838451,0.1075,96050,0.1076,1076778
1753547049645,16:24:09.645,AEVO/USDT:USDT,0.1074,379176,0.1073,838451,0.1075,96050,0.1076,854287
1753547050036,16:24:10.036,AEVO/USDT:USDT,0.1074,379176,0.1073,838451,0.1075,96050,0.1076,854287
1753547050314,16:24:10.314,AEVO/USDT:USDT,0.1074,379176,0.1073,838451,0.1075,96050,0.1076,1219363
1753547050369,16:24:10.369,AEVO/USDT:USDT,0.1074,264493,0.1073,820976,0.1075,191225,0.1076,1345999
1753547050536,16:24:10.536,AEVO/USDT:USDT,0.1074,264493,0.1073,820976,0.1075,191225,0.1076,1345999
1753547050937,16:24:10.937,AEVO/USDT:USDT,0.1074,264493,0.1073,820976,0.1075,191225,0.1076,1345999
1753547051035,16:24:11.035,AEVO/USDT:USDT,0.1074,264493,0.1073,1178271,0.1075,191225,0.1076,1345999
1753547051314,16:24:11.314,AEVO/USDT:USDT,0.1074,264493,0.1073,1178271,0.1075,191225,0.1076,1936666
1753547051618,16:24:11.618,AEVO/USDT:USDT,0.1074,264493,0.1073,820976,0.1075,191225,0.1076,1936666
1753547051814,16:24:11.814,AEVO/USDT:USDT,0.1074,264493,0.1073,820976,0.1075,191225,0.1076,1345999
1753547052034,16:24:12.034,AEVO/USDT:USDT,0.1074,264493,0.1073,820976,0.1075,191225,0.1076,1345999
1753547052219,16:24:12.219,AEVO/USDT:USDT,0.1074,264493,0.1073,820976,0.1075,191225,0.1076,1345999
1753547052441,16:24:12.441,AEVO/USDT:USDT,0.1074,264493,0.1073,820976,0.1075,191225,0.1076,1345999
1753547052534,16:24:12.534,AEVO/USDT:USDT,0.1074,264493,0.1073,820976,0.1075,191225,0.1076,1345999
1753547052815,16:24:12.815,AEVO/USDT:USDT,0.1074,264493,0.1073,820976,0.1075,191225,0.1076,1345999
1753547053038,16:24:13.038,AEVO/USDT:USDT,0.1074,264493,0.1073,924125,0.1075,191225,0.1076,1345999
1753547053316,16:24:13.316,AEVO/USDT:USDT,0.1074,264493,0.1073,924125,0.1075,191225,0.1076,1648161
1753547053536,16:24:13.536,AEVO/USDT:USDT,0.1074,264493,0.1073,820976,0.1075,191225,0.1076,1648161
1753547053815,16:24:13.815,AEVO/USDT:USDT,0.1074,264493,0.1073,820976,0.1075,191225,0.1076,1345999
1753547054038,16:24:14.038,AEVO/USDT:USDT,0.1074,264493,0.1073,1032606,0.1075,191225,0.1076,1345999
1753547054315,16:24:14.315,AEVO/USDT:USDT,0.1074,264493,0.1073,1032606,0.1075,191225,0.1076,1345999
1753547054536,16:24:14.536,AEVO/USDT:USDT,0.1074,264493,0.1073,933585,0.1075,191225,0.1076,1345999
1753547054816,16:24:14.816,AEVO/USDT:USDT,0.1074,264493,0.1073,933585,0.1075,191225,0.1076,1869933
1753547055035,16:24:15.035,AEVO/USDT:USDT,0.1074,264493,0.1073,929019,0.1075,191225,0.1076,1869933
1753547055315,16:24:15.315,AEVO/USDT:USDT,0.1074,264493,0.1073,929019,0.1075,191225,0.1076,2305524
1753547055537,16:24:15.537,AEVO/USDT:USDT,0.1074,264493,0.1073,1504068,0.1075,191225,0.1076,2305524
1753547055817,16:24:15.817,AEVO/USDT:USDT,0.1074,264493,0.1073,1504068,0.1075,191225,0.1076,1345999
1753547056035,16:24:16.035,AEVO/USDT:USDT,0.1074,264493,0.1073,982127,0.1075,191225,0.1076,1345999
1753547056358,16:24:16.358,AEVO/USDT:USDT,0.1074,264493,0.1073,982127,0.1075,289346,0.1076,1345999
1753547056537,16:24:16.537,AEVO/USDT:USDT,0.1074,467558,0.1073,782238,0.1075,98127,0.1076,969959
1753547056818,16:24:16.818,AEVO/USDT:USDT,0.1074,467558,0.1073,782238,0.1075,98127,0.1076,1133622
1753547056941,16:24:16.941,AEVO/USDT:USDT,0.1074,467558,0.1073,782238,0.1075,98127,0.1076,1133622
1753547057220,16:24:17.220,AEVO/USDT:USDT,0.1074,467558,0.1073,1066132,0.1075,98127,0.1076,969959
1753547057317,16:24:17.317,AEVO/USDT:USDT,0.1074,467558,0.1073,1066132,0.1075,98127,0.1076,969959
1753547057621,16:24:17.621,AEVO/USDT:USDT,0.1074,467558,0.1073,782238,0.1075,98127,0.1076,969959
1753547057817,16:24:17.817,AEVO/USDT:USDT,0.1074,467558,0.1073,782238,0.1075,98127,0.1076,1177520
1753547058035,16:24:18.035,AEVO/USDT:USDT,0.1074,467558,0.1073,782238,0.1075,98127,0.1076,1177520
1753547058221,16:24:18.221,AEVO/USDT:USDT,0.1074,467558,0.1073,782238,0.1075,98127,0.1076,969959
1753547058440,16:24:18.440,AEVO/USDT:USDT,0.1074,467558,0.1073,782238,0.1075,98127,0.1076,969959
1753547058538,16:24:18.538,AEVO/USDT:USDT,0.1074,467558,0.1073,782238,0.1075,98127,0.1076,969959
1753547058818,16:24:18.818,AEVO/USDT:USDT,0.1074,467558,0.1073,782238,0.1075,98127,0.1076,969959
1753547059036,16:24:19.036,AEVO/USDT:USDT,0.1074,467558,0.1073,782238,0.1075,98127,0.1076,969959
1753547059317,16:24:19.317,AEVO/USDT:USDT,0.1074,467558,0.1073,782238,0.1075,98127,0.1076,969959
1753547059539,16:24:19.539,AEVO/USDT:USDT,0.1074,467558,0.1073,782238,0.1075,98127,0.1076,969959
1753547059817,16:24:19.817,AEVO/USDT:USDT,0.1074,467558,0.1073,782238,0.1075,98127,0.1076,969959
1753547060036,16:24:20.036,AEVO/USDT:USDT,0.1074,467558,0.1073,782238,0.1075,98127,0.1076,969959
1753547060318,16:24:20.318,AEVO/USDT:USDT,0.1074,467558,0.1073,782238,0.1075,98127,0.1076,969959
1753547060538,16:24:20.538,AEVO/USDT:USDT,0.1074,467558,0.1073,782238,0.1075,98127,0.1076,969959
1753547060819,16:24:20.819,AEVO/USDT:USDT,0.1074,467558,0.1073,782238,0.1075,98127,0.1076,1110530
1753547061036,16:24:21.036,AEVO/USDT:USDT,0.1074,467558,0.1073,957580,0.1075,98127,0.1076,1110530
1753547061317,16:24:21.317,AEVO/USDT:USDT,0.1074,467558,0.1073,957580,0.1075,98127,0.1076,969959
1753547061537,16:24:21.537,AEVO/USDT:USDT,0.1074,467558,0.1073,782238,0.1075,98127,0.1076,969959
1753547061817,16:24:21.817,AEVO/USDT:USDT,0.1074,467558,0.1073,782238,0.1075,98127,0.1076,1281659
1753547062040,16:24:22.040,AEVO/USDT:USDT,0.1074,467558,0.1073,782238,0.1075,98127,0.1076,1281659
1753547062362,16:24:22.362,AEVO/USDT:USDT,0.1074,467558,0.1073,782238,0.1075,132687,0.1076,969959
1753547062538,16:24:22.538,AEVO/USDT:USDT,0.1074,575109,0.1073,822380,0.1075,34566,0.1076,1082528
1753547062818,16:24:22.818,AEVO/USDT:USDT,0.1074,575109,0.1073,822380,0.1075,34566,0.1076,1476468
1753547062941,16:24:22.941,AEVO/USDT:USDT,0.1074,575109,0.1073,822380,0.1075,34566,0.1076,1476468
1753547063221,16:24:23.221,AEVO/USDT:USDT,0.1074,575109,0.1073,822380,0.1075,34566,0.1076,1082528
1753547063319,16:24:23.319,AEVO/USDT:USDT,0.1074,575109,0.1073,822380,0.1075,34566,0.1076,1258711
1753547063623,16:24:23.623,AEVO/USDT:USDT,0.1074,575109,0.1073,822380,0.1075,34566,0.1076,1258711
1753547063819,16:24:23.819,AEVO/USDT:USDT,0.1074,575109,0.1073,822380,0.1075,34566,0.1076,1082528
1753547064037,16:24:24.037,AEVO/USDT:USDT,0.1074,575109,0.1073,822380,0.1075,34566,0.1076,1082528
1753547064226,16:24:24.226,AEVO/USDT:USDT,0.1074,575109,0.1073,822380,0.1075,34566,0.1076,1082528
1753547064442,16:24:24.442,AEVO/USDT:USDT,0.1074,575109,0.1073,822380,0.1075,34566,0.1076,1082528
1753547064539,16:24:24.539,AEVO/USDT:USDT,0.1074,575109,0.1073,822380,0.1075,34566,0.1076,1082528
1753547064819,16:24:24.819,AEVO/USDT:USDT,0.1074,575109,0.1073,822380,0.1075,34566,0.1076,1082528
1753547065038,16:24:25.038,AEVO/USDT:USDT,0.1074,575109,0.1073,822380,0.1075,34566,0.1076,1082528
1753547065321,16:24:25.321,AEVO/USDT:USDT,0.1074,575109,0.1073,822380,0.1075,34566,0.1076,1608933
1753547065539,16:24:25.539,AEVO/USDT:USDT,0.1074,575109,0.1073,822380,0.1075,34566,0.1076,1608933
1753547065820,16:24:25.820,AEVO/USDT:USDT,0.1074,575109,0.1073,822380,0.1075,34566,0.1076,1082528
1753547066038,16:24:26.038,AEVO/USDT:USDT,0.1074,575109,0.1073,1079550,0.1075,34566,0.1076,1082528
1753547066321,16:24:26.321,AEVO/USDT:USDT,0.1074,575109,0.1073,1079550,0.1075,34566,0.1076,1082528
1753547066539,16:24:26.539,AEVO/USDT:USDT,0.1074,575109,0.1073,822380,0.1075,34566,0.1076,1082528
1753547066942,16:24:26.942,AEVO/USDT:USDT,0.1074,575109,0.1073,822380,0.1075,34566,0.1076,1082528
1753547067224,16:24:27.224,AEVO/USDT:USDT,0.1074,575109,0.1073,822380,0.1075,34566,0.1076,1082528
1753547067322,16:24:27.322,AEVO/USDT:USDT,0.1074,575109,0.1073,822380,0.1075,34566,0.1076,1082528
1753547067538,16:24:27.538,AEVO/USDT:USDT,0.1074,575109,0.1073,1000471,0.1075,34566,0.1076,1082528
1753547067826,16:24:27.826,AEVO/USDT:USDT,0.1074,575109,0.1073,1000471,0.1075,34566,0.1076,1082528
1753547068113,16:24:28.113,AEVO/USDT:USDT,0.1074,575109,0.1073,822380,0.1075,34566,0.1076,1082528
1753547068365,16:24:28.365,AEVO/USDT:USDT,0.1074,575109,0.1073,822380,0.1075,185296,0.1076,1082528
1753547068380,16:24:28.380,AEVO/USDT:USDT,0.1074,293686,0.1073,786761,0.1075,150736,0.1076,933980
1753547068613,16:24:28.613,AEVO/USDT:USDT,0.1074,293686,0.1073,786761,0.1075,150736,0.1076,933980
1753547069007,16:24:29.007,AEVO/USDT:USDT,0.1075,456663,0.1074,293686,0.1076,933980,0.1077,772705
1753547069115,16:24:29.115,AEVO/USDT:USDT,0.1074,293686,0.1073,786761,0.1075,481742,0.1076,933980
1753547069428,16:24:29.428,AEVO/USDT:USDT,0.1075,537410,0.1074,293686,0.1076,933980,0.1077,772705
1753547069629,16:24:29.629,AEVO/USDT:USDT,0.1074,293686,0.1073,786761,0.1075,709824,0.1076,933980
1753547069826,16:24:29.826,AEVO/USDT:USDT,0.1074,293686,0.1073,786761,0.1075,709824,0.1076,1137373
1753547070115,16:24:30.115,AEVO/USDT:USDT,0.1074,293686,0.1073,786761,0.1075,709824,0.1076,1137373
1753547070313,16:24:30.313,AEVO/USDT:USDT,0.1074,293686,0.1073,786761,0.1075,709824,0.1076,933980
1753547070328,16:24:30.328,AEVO/USDT:USDT,0.1074,293686,0.1073,786761,0.1075,709824,0.1076,933980
1753547070616,16:24:30.616,AEVO/USDT:USDT,0.1074,293686,0.1073,786761,0.1075,709824,0.1076,933980
1753547070828,16:24:30.828,AEVO/USDT:USDT,0.1074,293686,0.1073,786761,0.1075,709824,0.1076,1554526
1753547071116,16:24:31.116,AEVO/USDT:USDT,0.1074,293686,0.1073,786761,0.1075,709824,0.1076,1554526
1753547071327,16:24:31.327,AEVO/USDT:USDT,0.1074,293686,0.1073,786761,0.1075,709824,0.1076,933980
1753547071620,16:24:31.620,AEVO/USDT:USDT,0.1074,293686,0.1073,786761,0.1075,709824,0.1076,933980
1753547071849,16:24:31.849,AEVO/USDT:USDT,0.1075,540013,0.1074,293686,0.1076,933980,0.1077,772705
1753547072117,16:24:32.117,AEVO/USDT:USDT,0.1075,540013,0.1074,293686,0.1076,933980,0.1077,772705
1753547072521,16:24:32.521,AEVO/USDT:USDT,0.1075,540013,0.1074,293686,0.1076,933980,0.1077,898141
1753547072617,16:24:32.617,AEVO/USDT:USDT,0.1075,540013,0.1074,293686,0.1076,933980,0.1077,898141
1753547072827,16:24:32.827,AEVO/USDT:USDT,0.1075,540013,0.1074,293686,0.1076,933980,0.1077,884771
1753547073117,16:24:33.117,AEVO/USDT:USDT,0.1075,540013,0.1074,293686,0.1076,933980,0.1077,884771
1753547073327,16:24:33.327,AEVO/USDT:USDT,0.1075,540013,0.1074,293686,0.1076,933980,0.1077,772705
1753547073617,16:24:33.617,AEVO/USDT:USDT,0.1075,540013,0.1074,293686,0.1076,933980,0.1077,772705
1753547073827,16:24:33.827,AEVO/USDT:USDT,0.1075,540013,0.1074,293686,0.1076,933980,0.1077,992422
1753547074120,16:24:34.120,AEVO/USDT:USDT,0.1075,540013,0.1074,725821,0.1076,933980,0.1077,992422
1753547074331,16:24:34.331,AEVO/USDT:USDT,0.1075,540013,0.1074,725821,0.1076,933980,0.1077,772705
1753547074619,16:24:34.619,AEVO/USDT:USDT,0.1075,540013,0.1074,730594,0.1076,933980,0.1077,772705
1753547074827,16:24:34.827,AEVO/USDT:USDT,0.1075,540013,0.1074,730594,0.1076,933980,0.1077,1227675
1753547075119,16:24:35.119,AEVO/USDT:USDT,0.1075,540013,0.1074,709881,0.1076,933980,0.1077,1227675
1753547075329,16:24:35.329,AEVO/USDT:USDT,0.1075,540013,0.1074,709881,0.1076,933980,0.1077,934117
1753547075629,16:24:35.629,AEVO/USDT:USDT,0.1075,540013,0.1074,693055,0.1076,933980,0.1077,934117
1753547075828,16:24:35.828,AEVO/USDT:USDT,0.1075,540013,0.1074,693055,0.1076,933980,0.1077,772705
1753547076119,16:24:36.119,AEVO/USDT:USDT,0.1075,540013,0.1074,739156,0.1076,933980,0.1077,772705
1753547076278,16:24:36.278,AEVO/USDT:USDT,0.1075,540013,0.1074,906339,0.1076,933980,0.1077,772705
1753547076521,16:24:36.521,AEVO/USDT:USDT,0.1075,540013,0.1074,460869,0.1076,933980,0.1077,772705
1753547076619,16:24:36.619,AEVO/USDT:USDT,0.1075,540013,0.1074,692037,0.1076,933980,0.1077,772705
1753547076829,16:24:36.829,AEVO/USDT:USDT,0.1075,540013,0.1074,692037,0.1076,933980,0.1077,1264565
1753547077120,16:24:37.120,AEVO/USDT:USDT,0.1075,540013,0.1074,293686,0.1076,933980,0.1077,1264565
1753547077421,16:24:37.421,AEVO/USDT:USDT,0.1075,540013,0.1074,293686,0.1076,1273280,0.1077,2374834
1753547077621,16:24:37.621,AEVO/USDT:USDT,0.1075,256478,0.1074,963829,0.1076,339300,0.1077,1348171
1753547077829,16:24:37.829,AEVO/USDT:USDT,0.1075,256478,0.1074,963829,0.1076,339300,0.1077,1348171
1753547078022,16:24:38.022,AEVO/USDT:USDT,0.1075,256478,0.1074,963829,0.1076,339300,0.1077,1348171
1753547078231,16:24:38.231,AEVO/USDT:USDT,0.1075,256478,0.1074,963829,0.1076,339300,0.1077,1348171
1753547078328,16:24:38.328,AEVO/USDT:USDT,0.1075,256478,0.1074,963829,0.1076,339300,0.1077,1348171
1753547078620,16:24:38.620,AEVO/USDT:USDT,0.1075,256478,0.1074,963829,0.1076,339300,0.1077,1348171
1753547078829,16:24:38.829,AEVO/USDT:USDT,0.1075,256478,0.1074,963829,0.1076,339300,0.1077,1348171
1753547079121,16:24:39.121,AEVO/USDT:USDT,0.1075,256478,0.1074,1147024,0.1076,339300,0.1077,1348171
1753547079328,16:24:39.328,AEVO/USDT:USDT,0.1075,256478,0.1074,1147024,0.1076,339300,0.1077,1348171
1753547079622,16:24:39.622,AEVO/USDT:USDT,0.1075,256478,0.1074,963829,0.1076,339300,0.1077,1348171
1753547079829,16:24:39.829,AEVO/USDT:USDT,0.1075,256478,0.1074,963829,0.1076,339300,0.1077,1348171
1753547080120,16:24:40.120,AEVO/USDT:USDT,0.1075,256478,0.1074,963829,0.1076,339300,0.1077,1348171
1753547080331,16:24:40.331,AEVO/USDT:USDT,0.1075,256478,0.1074,963829,0.1076,339300,0.1077,1567214
1753547080621,16:24:40.621,AEVO/USDT:USDT,0.1075,256478,0.1074,963829,0.1076,339300,0.1077,1567214
1753547080829,16:24:40.829,AEVO/USDT:USDT,0.1075,256478,0.1074,963829,0.1076,339300,0.1077,1348171
1753547081122,16:24:41.122,AEVO/USDT:USDT,0.1075,256478,0.1074,1395408,0.1076,339300,0.1077,1348171
1753547081330,16:24:41.330,AEVO/USDT:USDT,0.1075,256478,0.1074,1395408,0.1076,339300,0.1077,1348171
1753547081637,16:24:41.637,AEVO/USDT:USDT,0.1075,256478,0.1074,963829,0.1076,339300,0.1077,1348171
1753547081829,16:24:41.829,AEVO/USDT:USDT,0.1075,256478,0.1074,963829,0.1076,339300,0.1077,2195175
1753547082121,16:24:42.121,AEVO/USDT:USDT,0.1075,256478,0.1074,963829,0.1076,339300,0.1077,2195175
1753547082293,16:24:42.293,AEVO/USDT:USDT,0.1075,256478,0.1074,1379841,0.1076,339300,0.1077,1348171
1753547082524,16:24:42.524,AEVO/USDT:USDT,0.1075,256478,0.1074,1379841,0.1076,339300,0.1077,1348171
1753547082622,16:24:42.622,AEVO/USDT:USDT,0.1075,256478,0.1074,1266703,0.1076,339300,0.1077,1348171
1753547082830,16:24:42.830,AEVO/USDT:USDT,0.1075,256478,0.1074,1266703,0.1076,339300,0.1077,2514179
1753547083121,16:24:43.121,AEVO/USDT:USDT,0.1075,256478,0.1074,963829,0.1076,339300,0.1077,2514179
1753547083426,16:24:43.426,AEVO/USDT:USDT,0.1075,538499,0.1074,963829,0.1076,257253,0.1077,1260202
1753547083622,16:24:43.622,AEVO/USDT:USDT,0.1075,282021,0.1074,811348,0.1076,257253,0.1077,1260202
1753547083830,16:24:43.830,AEVO/USDT:USDT,0.1075,282021,0.1074,811348,0.1076,257253,0.1077,1260202
1753547084024,16:24:44.024,AEVO/USDT:USDT,0.1075,282021,0.1074,811348,0.1076,257253,0.1077,1260202
1753547084234,16:24:44.234,AEVO/USDT:USDT,0.1075,282021,0.1074,811348,0.1076,257253,0.1077,1260202
1753547084331,16:24:44.331,AEVO/USDT:USDT,0.1075,282021,0.1074,811348,0.1076,257253,0.1077,1260202
1753547084625,16:24:44.625,AEVO/USDT:USDT,0.1075,282021,0.1074,811348,0.1076,257253,0.1077,1260202
1753547084832,16:24:44.832,AEVO/USDT:USDT,0.1075,282021,0.1074,811348,0.1076,257253,0.1077,1260202
1753547085123,16:24:45.123,AEVO/USDT:USDT,0.1075,282021,0.1074,811348,0.1076,257253,0.1077,1260202
1753547085331,16:24:45.331,AEVO/USDT:USDT,0.1075,282021,0.1074,811348,0.1076,257253,0.1077,1861232
1753547085734,16:24:45.734,AEVO/USDT:USDT,0.1075,282021,0.1074,811348,0.1076,257253,0.1077,1861232
1753547085831,16:24:45.831,AEVO/USDT:USDT,0.1075,282021,0.1074,811348,0.1076,257253,0.1077,1742958
1753547086130,16:24:46.130,AEVO/USDT:USDT,0.1075,282021,0.1074,811348,0.1076,257253,0.1077,1742958
1753547086338,16:24:46.338,AEVO/USDT:USDT,0.1075,282021,0.1074,811348,0.1076,257253,0.1077,1446528
1753547086624,16:24:46.624,AEVO/USDT:USDT,0.1075,282021,0.1074,811348,0.1076,257253,0.1077,1446528
1753547086833,16:24:46.833,AEVO/USDT:USDT,0.1075,282021,0.1074,811348,0.1076,257253,0.1077,1472863
1753547087235,16:24:47.235,AEVO/USDT:USDT,0.1075,282021,0.1074,811348,0.1076,257253,0.1077,1472863
1753547087332,16:24:47.332,AEVO/USDT:USDT,0.1075,282021,0.1074,811348,0.1076,257253,0.1077,1260202
1753547087633,16:24:47.633,AEVO/USDT:USDT,0.1075,282021,0.1074,811348,0.1076,257253,0.1077,1260202
1753547087834,16:24:47.834,AEVO/USDT:USDT,0.1075,282021,0.1074,811348,0.1076,257253,0.1077,1260202
1753547088122,16:24:48.122,AEVO/USDT:USDT,0.1075,282021,0.1074,943980,0.1076,257253,0.1077,1260202
1753547088300,16:24:48.300,AEVO/USDT:USDT,0.1075,282021,0.1074,943980,0.1076,257253,0.1077,1260202
1753547088527,16:24:48.527,AEVO/USDT:USDT,0.1075,282021,0.1074,811348,0.1076,257253,0.1077,1260202
1753547088623,16:24:48.623,AEVO/USDT:USDT,0.1075,282021,0.1074,811348,0.1076,257253,0.1077,1260202
1753547088835,16:24:48.835,AEVO/USDT:USDT,0.1075,282021,0.1074,811348,0.1076,257253,0.1077,1260202
1753547089123,16:24:49.123,AEVO/USDT:USDT,0.1075,282021,0.1074,811348,0.1076,257253,0.1077,1260202
1753547089427,16:24:49.427,AEVO/USDT:USDT,0.1075,547244,0.1074,811348,0.1076,567386,0.1077,1367517
1753547089628,16:24:49.628,AEVO/USDT:USDT,0.1075,265223,0.1074,839849,0.1076,567386,0.1077,1367517
1753547089833,16:24:49.833,AEVO/USDT:USDT,0.1075,265223,0.1074,839849,0.1076,567386,0.1077,1367517
1753547090027,16:24:50.027,AEVO/USDT:USDT,0.1075,265223,0.1074,839849,0.1076,567386,0.1077,1663708
1753547090237,16:24:50.237,AEVO/USDT:USDT,0.1075,265223,0.1074,839849,0.1076,567386,0.1077,1663708
1753547090335,16:24:50.335,AEVO/USDT:USDT,0.1075,265223,0.1074,839849,0.1076,567386,0.1077,1367517
1753547090624,16:24:50.624,AEVO/USDT:USDT,0.1075,265223,0.1074,1181584,0.1076,567386,0.1077,1367517
1753547090834,16:24:50.834,AEVO/USDT:USDT,0.1075,265223,0.1074,1181584,0.1076,567386,0.1077,1367517
1753547091125,16:24:51.125,AEVO/USDT:USDT,0.1075,265223,0.1074,839849,0.1076,567386,0.1077,1367517
1753547091335,16:24:51.335,AEVO/USDT:USDT,0.1075,265223,0.1074,839849,0.1076,567386,0.1077,1843694
1753547091623,16:24:51.623,AEVO/USDT:USDT,0.1075,265223,0.1074,990478,0.1076,567386,0.1077,1843694
1753547091835,16:24:51.835,AEVO/USDT:USDT,0.1075,265223,0.1074,990478,0.1076,567386,0.1077,1367517
1753547092124,16:24:52.124,AEVO/USDT:USDT,0.1075,265223,0.1074,1076467,0.1076,567386,0.1077,1367517
1753547092335,16:24:52.335,AEVO/USDT:USDT,0.1075,265223,0.1074,1076467,0.1076,567386,0.1077,1984149
1753547092627,16:24:52.627,AEVO/USDT:USDT,0.1075,265223,0.1074,839849,0.1076,567386,0.1077,1984149
1753547092836,16:24:52.836,AEVO/USDT:USDT,0.1075,265223,0.1074,839849,0.1076,567386,0.1077,1367517
1753547093125,16:24:53.125,AEVO/USDT:USDT,0.1075,265223,0.1074,839849,0.1076,567386,0.1077,1367517
1753547093337,16:24:53.337,AEVO/USDT:USDT,0.1075,265223,0.1074,839849,0.1076,567386,0.1077,1367517
1753547093640,16:24:53.640,AEVO/USDT:USDT,0.1075,265223,0.1074,839849,0.1076,567386,0.1077,1367517
1753547093838,16:24:53.838,AEVO/USDT:USDT,0.1075,265223,0.1074,839849,0.1076,567386,0.1077,1367517
1753547094123,16:24:54.123,AEVO/USDT:USDT,0.1075,265223,0.1074,839849,0.1076,567386,0.1077,1367517
1753547094303,16:24:54.303,AEVO/USDT:USDT,0.1075,265223,0.1074,839849,0.1076,567386,0.1077,1367517
1753547094527,16:24:54.527,AEVO/USDT:USDT,0.1075,265223,0.1074,839849,0.1076,567386,0.1077,2081373
1753547094625,16:24:54.625,AEVO/USDT:USDT,0.1075,265223,0.1074,1008179,0.1076,567386,0.1077,2081373
1753547094836,16:24:54.836,AEVO/USDT:USDT,0.1075,265223,0.1074,1008179,0.1076,567386,0.1077,1367517
1753547095124,16:24:55.124,AEVO/USDT:USDT,0.1075,265223,0.1074,1237535,0.1076,567386,0.1077,1367517
1753547095430,16:24:55.430,AEVO/USDT:USDT,0.1075,601441,0.1074,1299151,0.1076,387666,0.1077,1026661
1753547095430,16:24:55.430,AEVO/USDT:USDT,0.1075,336218,0.1074,901465,0.1076,387666,0.1077,1026661
1753547095628,16:24:55.628,AEVO/USDT:USDT,0.1075,336218,0.1074,1061421,0.1076,387666,0.1077,1026661
1753547096027,16:24:56.027,AEVO/USDT:USDT,0.1075,336218,0.1074,901465,0.1076,387666,0.1077,1369673
1753547096240,16:24:56.240,AEVO/USDT:USDT,0.1075,336218,0.1074,901465,0.1076,387666,0.1077,1369673
1753547096337,16:24:56.337,AEVO/USDT:USDT,0.1075,336218,0.1074,901465,0.1076,387666,0.1077,1238685
1753547096625,16:24:56.625,AEVO/USDT:USDT,0.1075,336218,0.1074,1072594,0.1076,387666,0.1077,1238685
1753547096836,16:24:56.836,AEVO/USDT:USDT,0.1075,336218,0.1074,1072594,0.1076,387666,0.1077,1026661
1753547097126,16:24:57.126,AEVO/USDT:USDT,0.1075,336218,0.1074,1320881,0.1076,387666,0.1077,1026661
1753547097337,16:24:57.337,AEVO/USDT:USDT,0.1075,336218,0.1074,1320881,0.1076,387666,0.1077,1026661
1753547097626,16:24:57.626,AEVO/USDT:USDT,0.1075,336218,0.1074,1130372,0.1076,387666,0.1077,1026661
1753547097837,16:24:57.837,AEVO/USDT:USDT,0.1075,336218,0.1074,1130372,0.1076,387666,0.1077,1026661
1753547098127,16:24:58.127,AEVO/USDT:USDT,0.1075,336218,0.1074,1445100,0.1076,387666,0.1077,1026661
1753547098339,16:24:58.339,AEVO/USDT:USDT,0.1075,336218,0.1074,1445100,0.1076,387666,0.1077,1255781
1753547098631,16:24:58.631,AEVO/USDT:USDT,0.1075,336218,0.1074,1103863,0.1076,387666,0.1077,1255781
1753547098836,16:24:58.836,AEVO/USDT:USDT,0.1075,336218,0.1074,1103863,0.1076,387666,0.1077,1026661
1753547099138,16:24:59.138,AEVO/USDT:USDT,0.1075,336218,0.1074,1070960,0.1076,387666,0.1077,1026661
1753547099337,16:24:59.337,AEVO/USDT:USDT,0.1075,336218,0.1074,1070960,0.1076,387666,0.1077,1251870
1753547099652,16:24:59.652,AEVO/USDT:USDT,0.1075,336218,0.1074,901465,0.1076,387666,0.1077,1251870
1753547099837,16:24:59.837,AEVO/USDT:USDT,0.1075,336218,0.1074,901465,0.1076,387666,0.1077,1026661
1753547100127,16:25:00.127,AEVO/USDT:USDT,0.1075,336218,0.1074,901465,0.1076,387666,0.1077,1026661
1753547100241,16:25:00.241,AEVO/USDT:USDT,0.1075,336218,0.1074,901465,0.1076,387666,0.1077,1026661
1753547100529,16:25:00.529,AEVO/USDT:USDT,0.1075,336218,0.1074,901465,0.1076,387666,0.1077,1026661
1753547100626,16:25:00.626,AEVO/USDT:USDT,0.1075,336218,0.1074,901465,0.1076,387666,0.1077,1026661
1753547100839,16:25:00.839,AEVO/USDT:USDT,0.1075,336218,0.1074,901465,0.1076,387666,0.1077,1404634
1753547101127,16:25:01.127,AEVO/USDT:USDT,0.1075,336218,0.1074,901465,0.1076,387666,0.1077,1404634
1753547101431,16:25:01.431,AEVO/USDT:USDT,0.1075,585773,0.1074,901465,0.1076,494490,0.1077,1299208
1753547101436,16:25:01.436,AEVO/USDT:USDT,0.1075,249555,0.1074,704609,0.1076,494490,0.1077,1299208
1753547101628,16:25:01.628,AEVO/USDT:USDT,0.1075,249555,0.1074,704609,0.1076,494490,0.1077,1299208
1753547102033,16:25:02.033,AEVO/USDT:USDT,0.1075,249555,0.1074,704609,0.1076,494490,0.1077,1299208
1753547102241,16:25:02.241,AEVO/USDT:USDT,0.1075,249555,0.1074,704609,0.1076,494490,0.1077,1299208
1753547102341,16:25:02.341,AEVO/USDT:USDT,0.1075,249555,0.1074,704609,0.1076,494490,0.1077,1299208
1753547102629,16:25:02.629,AEVO/USDT:USDT,0.1075,249555,0.1074,856673,0.1076,494490,0.1077,1299208
1753547102838,16:25:02.838,AEVO/USDT:USDT,0.1075,249555,0.1074,856673,0.1076,494490,0.1077,1693787
1753547103128,16:25:03.128,AEVO/USDT:USDT,0.1075,249555,0.1074,704609,0.1076,494490,0.1077,1693787
1753547103340,16:25:03.340,AEVO/USDT:USDT,0.1075,249555,0.1074,704609,0.1076,494490,0.1077,1504115
1753547103628,16:25:03.628,AEVO/USDT:USDT,0.1075,249555,0.1074,704609,0.1076,494490,0.1077,1504115
1753547103840,16:25:03.840,AEVO/USDT:USDT,0.1075,249555,0.1074,704609,0.1076,494490,0.1077,2025349
1753547104128,16:25:04.128,AEVO/USDT:USDT,0.1075,249555,0.1074,704609,0.1076,494490,0.1077,2025349
1753547104339,16:25:04.339,AEVO/USDT:USDT,0.1075,249555,0.1074,704609,0.1076,494490,0.1077,1606349
1753547104626,16:25:04.626,AEVO/USDT:USDT,0.1075,249555,0.1074,912441,0.1076,494490,0.1077,1606349
1753547104839,16:25:04.839,AEVO/USDT:USDT,0.1075,249555,0.1074,912441,0.1076,494490,0.1077,1299208
1753547105127,16:25:05.127,AEVO/USDT:USDT,0.1075,249555,0.1074,968309,0.1076,494490,0.1077,1299208
1753547105339,16:25:05.339,AEVO/USDT:USDT,0.1075,249555,0.1074,968309,0.1076,494490,0.1077,1934293
1753547105640,16:25:05.640,AEVO/USDT:USDT,0.1075,249555,0.1074,881257,0.1076,494490,0.1077,1934293
1753547105838,16:25:05.838,AEVO/USDT:USDT,0.1075,249555,0.1074,881257,0.1076,494490,0.1077,1299208
1753547106128,16:25:06.128,AEVO/USDT:USDT,0.1075,249555,0.1074,704609,0.1076,494490,0.1077,1299208
1753547106243,16:25:06.243,AEVO/USDT:USDT,0.1075,249555,0.1074,1012572,0.1076,494490,0.1077,1299208
1753547106392,16:25:06.392,AEVO/USDT:USDT,0.1074,704609,0.1073,1011788,0.1075,452562,0.1076,494490
1753547106627,16:25:06.627,AEVO/USDT:USDT,0.1074,704609,0.1073,1185963,0.1075,452562,0.1076,494490
1753547107030,16:25:07.030,AEVO/USDT:USDT,0.1074,704609,0.1073,1011788,0.1075,452562,0.1076,931375
1753547107126,16:25:07.126,AEVO/USDT:USDT,0.1074,704609,0.1073,1281391,0.1075,452562,0.1076,931375
1753547107340,16:25:07.340,AEVO/USDT:USDT,0.1074,704609,0.1073,1281391,0.1075,452562,0.1076,830148
1753547107627,16:25:07.627,AEVO/USDT:USDT,0.1074,704609,0.1073,1195055,0.1075,452562,0.1076,830148
1753547107839,16:25:07.839,AEVO/USDT:USDT,0.1074,704609,0.1073,1195055,0.1075,452562,0.1076,678687
1753547108129,16:25:08.129,AEVO/USDT:USDT,0.1074,704609,0.1073,1357529,0.1075,452562,0.1076,678687
1753547108339,16:25:08.339,AEVO/USDT:USDT,0.1074,704609,0.1073,1357529,0.1075,452562,0.1076,494490
1753547108629,16:25:08.629,AEVO/USDT:USDT,0.1074,704609,0.1073,1332512,0.1075,452562,0.1076,494490
1753547108838,16:25:08.838,AEVO/USDT:USDT,0.1074,704609,0.1073,1332512,0.1075,452562,0.1076,494490
1753547109127,16:25:09.127,AEVO/USDT:USDT,0.1074,704609,0.1073,1011788,0.1075,452562,0.1076,494490
1753547109339,16:25:09.339,AEVO/USDT:USDT,0.1074,704609,0.1073,1011788,0.1075,452562,0.1076,494490
1753547109629,16:25:09.629,AEVO/USDT:USDT,0.1074,704609,0.1073,1113751,0.1075,452562,0.1076,494490
1753547109839,16:25:09.839,AEVO/USDT:USDT,0.1074,704609,0.1073,1113751,0.1075,452562,0.1076,994008
1753547110127,16:25:10.127,AEVO/USDT:USDT,0.1074,704609,0.1073,1011788,0.1075,452562,0.1076,994008
1753547110340,16:25:10.340,AEVO/USDT:USDT,0.1074,704609,0.1073,1011788,0.1075,452562,0.1076,494490
1753547110627,16:25:10.627,AEVO/USDT:USDT,0.1074,704609,0.1073,1011788,0.1075,452562,0.1076,494490
1753547110841,16:25:10.841,AEVO/USDT:USDT,0.1074,704609,0.1073,1011788,0.1075,452562,0.1076,494490
1753547111128,16:25:11.128,AEVO/USDT:USDT,0.1074,704609,0.1073,1011788,0.1075,452562,0.1076,494490
1753547111433,16:25:11.433,AEVO/USDT:USDT,0.1074,900853,0.1073,1011788,0.1075,242986,0.1076,682123
1753547111629,16:25:11.629,AEVO/USDT:USDT,0.1074,196244,0.1073,648057,0.1075,242986,0.1076,682123
1753547111840,16:25:11.840,AEVO/USDT:USDT,0.1074,196244,0.1073,648057,0.1075,242986,0.1076,682123
1753547112031,16:25:12.031,AEVO/USDT:USDT,0.1074,196244,0.1073,648057,0.1075,242986,0.1076,682123
1753547112243,16:25:12.243,AEVO/USDT:USDT,0.1074,196244,0.1073,943009,0.1075,242986,0.1076,682123
1753547112388,16:25:12.388,AEVO/USDT:USDT,0.1074,196244,0.1073,943009,0.1075,242986,0.1076,841629
1753547112627,16:25:12.627,AEVO/USDT:USDT,0.1074,196244,0.1073,648057,0.1075,242986,0.1076,841629
1753547112841,16:25:12.841,AEVO/USDT:USDT,0.1074,196244,0.1073,648057,0.1075,242986,0.1076,682123
1753547113129,16:25:13.129,AEVO/USDT:USDT,0.1074,196244,0.1073,648057,0.1075,242986,0.1076,682123
1753547113342,16:25:13.342,AEVO/USDT:USDT,0.1074,196244,0.1073,648057,0.1075,242986,0.1076,682123
1753547113628,16:25:13.628,AEVO/USDT:USDT,0.1074,196244,0.1073,877458,0.1075,242986,0.1076,682123
1753547113841,16:25:13.841,AEVO/USDT:USDT,0.1074,196244,0.1073,877458,0.1075,242986,0.1076,682123
1753547114129,16:25:14.129,AEVO/USDT:USDT,0.1074,196244,0.1073,798306,0.1075,242986,0.1076,682123
1753547114341,16:25:14.341,AEVO/USDT:USDT,0.1074,196244,0.1073,798306,0.1075,242986,0.1076,755553
1753547114629,16:25:14.629,AEVO/USDT:USDT,0.1074,196244,0.1073,841353,0.1075,242986,0.1076,755553
1753547114840,16:25:14.840,AEVO/USDT:USDT,0.1074,196244,0.1073,841353,0.1075,242986,0.1076,875996
1753547115130,16:25:15.130,AEVO/USDT:USDT,0.1074,196244,0.1073,820124,0.1075,242986,0.1076,875996
1753547115341,16:25:15.341,AEVO/USDT:USDT,0.1074,196244,0.1073,820124,0.1075,242986,0.1076,682123
1753547115661,16:25:15.661,AEVO/USDT:USDT,0.1074,196244,0.1073,648057,0.1075,242986,0.1076,682123
1753547115841,16:25:15.841,AEVO/USDT:USDT,0.1073,648057,0.1072,1454899,0.1074,439236,0.1075,640983
1753547116129,16:25:16.129,AEVO/USDT:USDT,0.1073,648057,0.1072,1454899,0.1074,439236,0.1075,640983
1753547116244,16:25:16.244,AEVO/USDT:USDT,0.1073,648057,0.1072,1561602,0.1074,439236,0.1075,242986
1753547116482,16:25:16.482,AEVO/USDT:USDT,0.1074,488924,0.1073,648057,0.1075,242986,0.1076,682123
1753547116631,16:25:16.631,AEVO/USDT:USDT,0.1074,488924,0.1073,822562,0.1075,242986,0.1076,682123
1753547117033,16:25:17.033,AEVO/USDT:USDT,0.1074,488924,0.1073,822562,0.1075,242986,0.1076,772183
1753547117130,16:25:17.130,AEVO/USDT:USDT,0.1074,488924,0.1073,940580,0.1075,242986,0.1076,772183
1753547117343,16:25:17.343,AEVO/USDT:USDT,0.1074,488924,0.1073,940580,0.1075,242986,0.1076,682123
1753547117651,16:25:17.651,AEVO/USDT:USDT,0.1074,488924,0.1073,648057,0.1075,242986,0.1076,682123
1753547117842,16:25:17.842,AEVO/USDT:USDT,0.1074,488924,0.1073,648057,0.1075,242986,0.1076,682123
1753547118128,16:25:18.128,AEVO/USDT:USDT,0.1074,488924,0.1073,648057,0.1075,242986,0.1076,682123
1753547118246,16:25:18.246,AEVO/USDT:USDT,0.1074,488924,0.1073,648057,0.1075,242986,0.1076,682123
1753547118533,16:25:18.533,AEVO/USDT:USDT,0.1074,488924,0.1073,648057,0.1075,242986,0.1076,682123
1753547118631,16:25:18.631,AEVO/USDT:USDT,0.1074,488924,0.1073,648057,0.1075,242986,0.1076,682123
1753547118843,16:25:18.843,AEVO/USDT:USDT,0.1074,488924,0.1073,648057,0.1075,242986,0.1076,1124526
1753547119133,16:25:19.133,AEVO/USDT:USDT,0.1074,488924,0.1073,648057,0.1075,242986,0.1076,1124526
1753547119346,16:25:19.346,AEVO/USDT:USDT,0.1074,488924,0.1073,648057,0.1075,242986,0.1076,682123
1753547119631,16:25:19.631,AEVO/USDT:USDT,0.1074,488924,0.1073,778763,0.1075,242986,0.1076,682123
1753547119844,16:25:19.844,AEVO/USDT:USDT,0.1074,488924,0.1073,778763,0.1075,242986,0.1076,682123
1753547120130,16:25:20.130,AEVO/USDT:USDT,0.1074,488924,0.1073,648057,0.1075,242986,0.1076,682123
1753547120345,16:25:20.345,AEVO/USDT:USDT,0.1074,488924,0.1073,648057,0.1075,242986,0.1076,1016949
1753547120635,16:25:20.635,AEVO/USDT:USDT,0.1074,488924,0.1073,761292,0.1075,242986,0.1076,1016949
1753547120848,16:25:20.848,AEVO/USDT:USDT,0.1074,488924,0.1073,761292,0.1075,242986,0.1076,682123
1753547121133,16:25:21.133,AEVO/USDT:USDT,0.1074,488924,0.1073,1043799,0.1075,242986,0.1076,682123
1753547121348,16:25:21.348,AEVO/USDT:USDT,0.1074,488924,0.1073,1043799,0.1075,242986,0.1076,682123
1753547121632,16:25:21.632,AEVO/USDT:USDT,0.1074,488924,0.1073,1033240,0.1075,242986,0.1076,682123
1753547121845,16:25:21.845,AEVO/USDT:USDT,0.1074,488924,0.1073,1033240,0.1075,242986,0.1076,818153
1753547122133,16:25:22.133,AEVO/USDT:USDT,0.1074,488924,0.1073,991066,0.1075,242986,0.1076,818153
1753547122437,16:25:22.437,AEVO/USDT:USDT,0.1074,752959,0.1073,991066,0.1075,294834,0.1076,958807
1753547122632,16:25:22.632,AEVO/USDT:USDT,0.1074,264035,0.1073,812759,0.1075,294834,0.1076,958807
1753547122846,16:25:22.846,AEVO/USDT:USDT,0.1074,264035,0.1073,812759,0.1075,294834,0.1076,958807
1753547123036,16:25:23.036,AEVO/USDT:USDT,0.1074,264035,0.1073,812759,0.1075,294834,0.1076,958807
1753547123250,16:25:23.250,AEVO/USDT:USDT,0.1074,264035,0.1073,812759,0.1075,294834,0.1076,958807
1753547123347,16:25:23.347,AEVO/USDT:USDT,0.1074,264035,0.1073,812759,0.1075,294834,0.1076,1068766
1753547123644,16:25:23.644,AEVO/USDT:USDT,0.1074,264035,0.1073,1058440,0.1075,294834,0.1076,1068766
1753547123847,16:25:23.847,AEVO/USDT:USDT,0.1074,264035,0.1073,1058440,0.1075,294834,0.1076,1055704
1753547124134,16:25:24.134,AEVO/USDT:USDT,0.1074,264035,0.1073,812759,0.1075,294834,0.1076,1055704
1753547124251,16:25:24.251,AEVO/USDT:USDT,0.1074,264035,0.1073,812759,0.1075,294834,0.1076,958807
1753547124536,16:25:24.536,AEVO/USDT:USDT,0.1074,264035,0.1073,812759,0.1075,294834,0.1076,1083333
1753547124633,16:25:24.633,AEVO/USDT:USDT,0.1074,264035,0.1073,1069487,0.1075,294834,0.1076,1083333
1753547124849,16:25:24.849,AEVO/USDT:USDT,0.1074,264035,0.1073,1069487,0.1075,294834,0.1076,958807
1753547125132,16:25:25.132,AEVO/USDT:USDT,0.1074,264035,0.1073,1205528,0.1075,294834,0.1076,958807
1753547125348,16:25:25.348,AEVO/USDT:USDT,0.1074,264035,0.1073,1205528,0.1075,294834,0.1076,958807
1753547125635,16:25:25.635,AEVO/USDT:USDT,0.1074,264035,0.1073,1108103,0.1075,294834,0.1076,958807
1753547125847,16:25:25.847,AEVO/USDT:USDT,0.1074,264035,0.1073,1108103,0.1075,294834,0.1076,1292060
1753547126135,16:25:26.135,AEVO/USDT:USDT,0.1074,264035,0.1073,1101785,0.1075,294834,0.1076,1292060
1753547126348,16:25:26.348,AEVO/USDT:USDT,0.1074,264035,0.1073,1101785,0.1075,294834,0.1076,958807
1753547126635,16:25:26.635,AEVO/USDT:USDT,0.1074,264035,0.1073,970284,0.1075,294834,0.1076,958807
1753547126881,16:25:26.881,AEVO/USDT:USDT,0.1074,264035,0.1073,970284,0.1075,294834,0.1076,958807
1753547127136,16:25:27.136,AEVO/USDT:USDT,0.1074,264035,0.1073,812759,0.1075,294834,0.1076,958807
1753547127348,16:25:27.348,AEVO/USDT:USDT,0.1074,264035,0.1073,812759,0.1075,294834,0.1076,1127747
1753547127750,16:25:27.750,AEVO/USDT:USDT,0.1074,264035,0.1073,1076630,0.1075,294834,0.1076,958807
1753547127848,16:25:27.848,AEVO/USDT:USDT,0.1074,264035,0.1073,1076630,0.1075,294834,0.1076,1366296
1753547128136,16:25:28.136,AEVO/USDT:USDT,0.1074,264035,0.1073,1188668,0.1075,294834,0.1076,1366296
1753547128440,16:25:28.440,AEVO/USDT:USDT,0.1074,643321,0.1073,2202369,0.1075,176914,0.1076,953476
1753547128633,16:25:28.633,AEVO/USDT:USDT,0.1074,379286,0.1073,1334780,0.1075,176914,0.1076,953476
1753547128849,16:25:28.849,AEVO/USDT:USDT,0.1074,379286,0.1073,1334780,0.1075,176914,0.1076,1087075
1753547129036,16:25:29.036,AEVO/USDT:USDT,0.1074,379286,0.1073,1013701,0.1075,176914,0.1076,1544861
1753547129254,16:25:29.254,AEVO/USDT:USDT,0.1074,379286,0.1073,1406705,0.1075,176914,0.1076,1411262
1753547129350,16:25:29.350,AEVO/USDT:USDT,0.1074,379286,0.1073,1406705,0.1075,176914,0.1076,1134773
1753547129651,16:25:29.651,AEVO/USDT:USDT,0.1074,379286,0.1073,1013701,0.1075,176914,0.1076,1134773
1753547129850,16:25:29.850,AEVO/USDT:USDT,0.1074,379286,0.1073,1013701,0.1075,176914,0.1076,953476
1753547130136,16:25:30.136,AEVO/USDT:USDT,0.1074,379286,0.1073,1013701,0.1075,176914,0.1076,953476
1753547130253,16:25:30.253,AEVO/USDT:USDT,0.1074,379286,0.1073,1013701,0.1075,176914,0.1076,953476
1753547130539,16:25:30.539,AEVO/USDT:USDT,0.1074,379286,0.1073,1013701,0.1075,176914,0.1076,1207094
1753547130637,16:25:30.637,AEVO/USDT:USDT,0.1074,379286,0.1073,1184939,0.1075,176914,0.1076,1207094
1753547130850,16:25:30.850,AEVO/USDT:USDT,0.1074,379286,0.1073,1184939,0.1075,176914,0.1076,953476
1753547131139,16:25:31.139,AEVO/USDT:USDT,0.1074,379286,0.1073,1013701,0.1075,176914,0.1076,953476
1753547131353,16:25:31.353,AEVO/USDT:USDT,0.1074,379286,0.1073,1013701,0.1075,176914,0.1076,1312110
1753547131636,16:25:31.636,AEVO/USDT:USDT,0.1074,379286,0.1073,1345030,0.1075,176914,0.1076,1312110
1753547131857,16:25:31.857,AEVO/USDT:USDT,0.1074,379286,0.1073,1345030,0.1075,176914,0.1076,953476
1753547132136,16:25:32.136,AEVO/USDT:USDT,0.1074,379286,0.1073,1496502,0.1075,176914,0.1076,953476
1753547132350,16:25:32.350,AEVO/USDT:USDT,0.1074,379286,0.1073,1496502,0.1075,176914,0.1076,953476
1753547132637,16:25:32.637,AEVO/USDT:USDT,0.1074,379286,0.1073,1489660,0.1075,176914,0.1076,953476
1753547132850,16:25:32.850,AEVO/USDT:USDT,0.1074,379286,0.1073,1489660,0.1075,176914,0.1076,953476
1753547133138,16:25:33.138,AEVO/USDT:USDT,0.1074,379286,0.1073,1492065,0.1075,176914,0.1076,953476
1753547133351,16:25:33.351,AEVO/USDT:USDT,0.1074,379286,0.1073,1492065,0.1075,176914,0.1076,953476
1753547133637,16:25:33.637,AEVO/USDT:USDT,0.1074,379286,0.1073,1170990,0.1075,176914,0.1076,953476
1753547133851,16:25:33.851,AEVO/USDT:USDT,0.1074,379286,0.1073,1170990,0.1075,176914,0.1076,1076819
1753547134138,16:25:34.138,AEVO/USDT:USDT,0.1074,379286,0.1073,1013701,0.1075,176914,0.1076,1076819
1753547134442,16:25:34.442,AEVO/USDT:USDT,0.1074,449567,0.1073,1822553,0.1075,479638,0.1076,1120883
1753547134638,16:25:34.638,AEVO/USDT:USDT,0.1074,70281,0.1073,808852,0.1075,479638,0.1076,1120883
1753547134851,16:25:34.851,AEVO/USDT:USDT,0.1074,70281,0.1073,808852,0.1075,479638,0.1076,1120883
1753547135043,16:25:35.043,AEVO/USDT:USDT,0.1074,70281,0.1073,808852,0.1075,479638,0.1076,1235773
1753547135254,16:25:35.254,AEVO/USDT:USDT,0.1074,70281,0.1073,808852,0.1075,479638,0.1076,1235773
1753547135351,16:25:35.351,AEVO/USDT:USDT,0.1074,70281,0.1073,808852,0.1075,479638,0.1076,1120883
1753547135655,16:25:35.655,AEVO/USDT:USDT,0.1074,70281,0.1073,808852,0.1075,479638,0.1076,1120883
1753547135852,16:25:35.852,AEVO/USDT:USDT,0.1074,70281,0.1073,808852,0.1075,479638,0.1076,1415606
1753547135881,16:25:35.881,AEVO/USDT:USDT,0.1073,808852,0.1072,865210,0.1074,352715,0.1075,479638
1753547136137,16:25:36.137,AEVO/USDT:USDT,0.1073,808852,0.1072,865210,0.1074,352715,0.1075,479638
1753547136541,16:25:36.541,AEVO/USDT:USDT,0.1073,808852,0.1072,865210,0.1074,352715,0.1075,479638
1753547136636,16:25:36.636,AEVO/USDT:USDT,0.1073,808852,0.1072,1173876,0.1074,352715,0.1075,479638
1753547136852,16:25:36.852,AEVO/USDT:USDT,0.1073,808852,0.1072,1173876,0.1074,352715,0.1075,479638
1753547137139,16:25:37.139,AEVO/USDT:USDT,0.1073,808852,0.1072,1471620,0.1074,352715,0.1075,479638
1753547137352,16:25:37.352,AEVO/USDT:USDT,0.1074,508965,0.1073,808852,0.1075,479638,0.1076,1269146
1753547137754,16:25:37.754,AEVO/USDT:USDT,0.1074,508965,0.1073,1370927,0.1075,479638,0.1076,1269146
1753547137852,16:25:37.852,AEVO/USDT:USDT,0.1074,508965,0.1073,1370927,0.1075,479638,0.1076,1353597
1753547138139,16:25:38.139,AEVO/USDT:USDT,0.1074,508965,0.1073,808852,0.1075,479638,0.1076,1353597
1753547138352,16:25:38.352,AEVO/USDT:USDT,0.1074,508965,0.1073,808852,0.1075,479638,0.1076,1120883
1753547138639,16:25:38.639,AEVO/USDT:USDT,0.1074,508965,0.1073,808852,0.1075,479638,0.1076,1120883
1753547138854,16:25:38.854,AEVO/USDT:USDT,0.1074,508965,0.1073,808852,0.1075,479638,0.1076,1267363
1753547139192,16:25:39.192,AEVO/USDT:USDT,0.1074,508965,0.1073,808852,0.1075,479638,0.1076,1267363
1753547139353,16:25:39.353,AEVO/USDT:USDT,0.1073,808852,0.1072,865210,0.1074,360265,0.1075,479638
1753547139637,16:25:39.637,AEVO/USDT:USDT,0.1073,808852,0.1072,865210,0.1074,360265,0.1075,479638
1753547139756,16:25:39.756,AEVO/USDT:USDT,0.1073,808852,0.1072,865210,0.1074,360265,0.1075,479638
1753547140050,16:25:40.050,AEVO/USDT:USDT,0.1073,808852,0.1072,865210,0.1074,360265,0.1075,877476
1753547140138,16:25:40.138,AEVO/USDT:USDT,0.1073,808852,0.1072,865210,0.1074,360265,0.1075,877476
1753547140354,16:25:40.354,AEVO/USDT:USDT,0.1073,808852,0.1072,865210,0.1074,360265,0.1075,479638
1753547140638,16:25:40.638,AEVO/USDT:USDT,0.1073,808852,0.1072,865210,0.1074,360265,0.1075,479638
1753547140854,16:25:40.854,AEVO/USDT:USDT,0.1073,808852,0.1072,865210,0.1074,360265,0.1075,825959
1753547141139,16:25:41.139,AEVO/USDT:USDT,0.1073,808852,0.1072,865210,0.1074,360265,0.1075,825959
1753547141354,16:25:41.354,AEVO/USDT:USDT,0.1073,808852,0.1072,865210,0.1074,360265,0.1075,638664
1753547141657,16:25:41.657,AEVO/USDT:USDT,0.1073,808852,0.1072,865210,0.1074,360265,0.1075,638664
1753547141758,16:25:41.758,AEVO/USDT:USDT,0.1073,808852,0.1072,865210,0.1074,360265,0.1075,479638
1753547142043,16:25:42.043,AEVO/USDT:USDT,0.1073,808852,0.1072,865210,0.1074,360265,0.1075,931512
1753547142257,16:25:42.257,AEVO/USDT:USDT,0.1073,808852,0.1072,865210,0.1074,360265,0.1075,479638
1753547142541,16:25:42.541,AEVO/USDT:USDT,0.1073,808852,0.1072,865210,0.1074,360265,0.1075,479638
1753547142757,16:25:42.757,AEVO/USDT:USDT,0.1073,808852,0.1072,865210,0.1074,360265,0.1075,479638
1753547142856,16:25:42.856,AEVO/USDT:USDT,0.1073,808852,0.1072,865210,0.1074,360265,0.1075,861317
1753547143142,16:25:43.142,AEVO/USDT:USDT,0.1073,808852,0.1072,865210,0.1074,360265,0.1075,861317
1753547143355,16:25:43.355,AEVO/USDT:USDT,0.1073,808852,0.1072,865210,0.1074,360265,0.1075,1004806
1753547143639,16:25:43.639,AEVO/USDT:USDT,0.1073,808852,0.1072,1122397,0.1074,360265,0.1075,1004806
1753547143855,16:25:43.855,AEVO/USDT:USDT,0.1073,808852,0.1072,1122397,0.1074,360265,0.1075,479638
1753547144142,16:25:44.142,AEVO/USDT:USDT,0.1073,808852,0.1072,1134925,0.1074,360265,0.1075,479638
1753547144448,16:25:44.448,AEVO/USDT:USDT,0.1073,1044500,0.1072,1927738,0.1074,157315,0.1075,777759
1753547144644,16:25:44.644,AEVO/USDT:USDT,0.1073,235648,0.1072,792813,0.1074,157315,0.1075,777759
1753547144854,16:25:44.854,AEVO/USDT:USDT,0.1073,235648,0.1072,792813,0.1074,157315,0.1075,777759
1753547145045,16:25:45.045,AEVO/USDT:USDT,0.1073,235648,0.1072,792813,0.1074,157315,0.1075,777759
1753547145258,16:25:45.258,AEVO/USDT:USDT,0.1073,235648,0.1072,1095535,0.1074,157315,0.1075,777759
1753547145356,16:25:45.356,AEVO/USDT:USDT,0.1073,235648,0.1072,1095535,0.1074,157315,0.1075,1425322
1753547145644,16:25:45.644,AEVO/USDT:USDT,0.1073,235648,0.1072,792813,0.1074,157315,0.1075,1425322
1753547145855,16:25:45.855,AEVO/USDT:USDT,0.1073,235648,0.1072,792813,0.1074,157315,0.1075,777759
1753547146144,16:25:46.144,AEVO/USDT:USDT,0.1073,235648,0.1072,792813,0.1074,157315,0.1075,777759
1753547146356,16:25:46.356,AEVO/USDT:USDT,0.1073,235648,0.1072,792813,0.1074,157315,0.1075,777759
1753547146701,16:25:46.701,AEVO/USDT:USDT,0.1073,235648,0.1072,792813,0.1074,157315,0.1075,777759
1753547146858,16:25:46.858,AEVO/USDT:USDT,0.1073,235648,0.1072,792813,0.1074,157315,0.1075,777759
1753547147144,16:25:47.144,AEVO/USDT:USDT,0.1073,235648,0.1072,792813,0.1074,157315,0.1075,777759
1753547147260,16:25:47.260,AEVO/USDT:USDT,0.1073,235648,0.1072,911566,0.1074,157315,0.1075,777759
1753547147546,16:25:47.546,AEVO/USDT:USDT,0.1073,235648,0.1072,911566,0.1074,157315,0.1075,1078387
1753547147643,16:25:47.643,AEVO/USDT:USDT,0.1073,235648,0.1072,792813,0.1074,157315,0.1075,1078387
1753547147857,16:25:47.857,AEVO/USDT:USDT,0.1073,235648,0.1072,792813,0.1074,157315,0.1075,777759
1753547148143,16:25:48.143,AEVO/USDT:USDT,0.1073,235648,0.1072,792813,0.1074,157315,0.1075,777759
1753547148357,16:25:48.357,AEVO/USDT:USDT,0.1073,235648,0.1072,792813,0.1074,157315,0.1075,777759
1753547148644,16:25:48.644,AEVO/USDT:USDT,0.1073,235648,0.1072,792813,0.1074,157315,0.1075,777759
1753547148857,16:25:48.857,AEVO/USDT:USDT,0.1073,235648,0.1072,792813,0.1074,157315,0.1075,777759
1753547149146,16:25:49.146,AEVO/USDT:USDT,0.1073,235648,0.1072,792813,0.1074,157315,0.1075,777759
1753547149357,16:25:49.357,AEVO/USDT:USDT,0.1073,235648,0.1072,792813,0.1074,157315,0.1075,777759
1753547149646,16:25:49.646,AEVO/USDT:USDT,0.1073,235648,0.1072,792813,0.1074,157315,0.1075,777759
1753547149858,16:25:49.858,AEVO/USDT:USDT,0.1073,235648,0.1072,792813,0.1074,157315,0.1075,777759
1753547150144,16:25:50.144,AEVO/USDT:USDT,0.1073,235648,0.1072,1188594,0.1074,157315,0.1075,777759
1753547150450,16:25:50.450,AEVO/USDT:USDT,0.1073,448759,0.1072,2114356,0.1074,145306,0.1075,1007265
1753547150645,16:25:50.645,AEVO/USDT:USDT,0.1073,213111,0.1072,1157209,0.1074,145306,0.1075,1007265
1753547150857,16:25:50.857,AEVO/USDT:USDT,0.1073,213111,0.1072,1157209,0.1074,145306,0.1075,1488032
1753547151051,16:25:51.051,AEVO/USDT:USDT,0.1073,213111,0.1072,925762,0.1074,145306,0.1075,1488032
1753547151262,16:25:51.262,AEVO/USDT:USDT,0.1073,213111,0.1072,925762,0.1074,145306,0.1075,1007265
1753547151358,16:25:51.358,AEVO/USDT:USDT,0.1073,213111,0.1072,925762,0.1074,145306,0.1075,1390740
1753547151646,16:25:51.646,AEVO/USDT:USDT,0.1073,213111,0.1072,925762,0.1074,145306,0.1075,1390740
1753547151916,16:25:51.916,AEVO/USDT:USDT,0.1073,213111,0.1072,925762,0.1074,145306,0.1075,1198741
1753547152146,16:25:52.146,AEVO/USDT:USDT,0.1073,213111,0.1072,1249256,0.1074,145306,0.1075,1198741
1753547152413,16:25:52.413,AEVO/USDT:USDT,0.1073,213111,0.1072,1249256,0.1074,145306,0.1075,1007265
1753547152720,16:25:52.720,AEVO/USDT:USDT,0.1073,213111,0.1072,1181486,0.1074,145306,0.1075,1007265
1753547152914,16:25:52.914,AEVO/USDT:USDT,0.1073,213111,0.1072,1181486,0.1074,145306,0.1075,1007265
1753547153147,16:25:53.147,AEVO/USDT:USDT,0.1073,213111,0.1072,1266429,0.1074,145306,0.1075,1007265
1753547153317,16:25:53.317,AEVO/USDT:USDT,0.1073,213111,0.1072,1266429,0.1074,145306,0.1075,1007265
1753547153612,16:25:53.612,AEVO/USDT:USDT,0.1073,213111,0.1072,925762,0.1074,145306,0.1075,1007265
1753547153647,16:25:53.647,AEVO/USDT:USDT,0.1073,213111,0.1072,925762,0.1074,145306,0.1075,1007265
1753547153919,16:25:53.919,AEVO/USDT:USDT,0.1073,213111,0.1072,925762,0.1074,145306,0.1075,1007265
1753547154146,16:25:54.146,AEVO/USDT:USDT,0.1073,213111,0.1072,925762,0.1074,145306,0.1075,1007265
1753547154415,16:25:54.415,AEVO/USDT:USDT,0.1073,213111,0.1072,925762,0.1074,145306,0.1075,1441676
1753547154649,16:25:54.649,AEVO/USDT:USDT,0.1073,213111,0.1072,925762,0.1074,145306,0.1075,1441676
1753547154917,16:25:54.917,AEVO/USDT:USDT,0.1073,213111,0.1072,925762,0.1074,145306,0.1075,1007265
1753547155147,16:25:55.147,AEVO/USDT:USDT,0.1073,213111,0.1072,1297059,0.1074,145306,0.1075,1007265
1753547155416,16:25:55.416,AEVO/USDT:USDT,0.1073,213111,0.1072,1297059,0.1074,145306,0.1075,1375721
1753547155647,16:25:55.647,AEVO/USDT:USDT,0.1073,213111,0.1072,1050548,0.1074,145306,0.1075,1375721
1753547155917,16:25:55.917,AEVO/USDT:USDT,0.1073,213111,0.1072,1050548,0.1074,145306,0.1075,1191350
1753547156149,16:25:56.149,AEVO/USDT:USDT,0.1073,213111,0.1072,925762,0.1074,145306,0.1075,1191350
1753547156449,16:25:56.449,AEVO/USDT:USDT,0.1073,172553,0.1072,631526,0.1074,291848,0.1075,509495
1753547156648,16:25:56.648,AEVO/USDT:USDT,0.1073,172553,0.1072,631526,0.1074,291848,0.1075,509495
1753547157051,16:25:57.051,AEVO/USDT:USDT,0.1073,172553,0.1072,631526,0.1074,291848,0.1075,509495
1753547157148,16:25:57.148,AEVO/USDT:USDT,0.1073,172553,0.1072,631526,0.1074,291848,0.1075,509495
1753547157415,16:25:57.415,AEVO/USDT:USDT,0.1073,172553,0.1072,631526,0.1074,291848,0.1075,688491
1753547157649,16:25:57.649,AEVO/USDT:USDT,0.1073,172553,0.1072,810008,0.1074,291848,0.1075,688491
1753547157918,16:25:57.918,AEVO/USDT:USDT,0.1073,172553,0.1072,810008,0.1074,291848,0.1075,509495
1753547158150,16:25:58.150,AEVO/USDT:USDT,0.1073,172553,0.1072,932365,0.1074,291848,0.1075,509495
1753547158415,16:25:58.415,AEVO/USDT:USDT,0.1073,172553,0.1072,932365,0.1074,291848,0.1075,509495
1753547158718,16:25:58.718,AEVO/USDT:USDT,0.1073,172553,0.1072,712738,0.1074,291848,0.1075,509495
1753547158817,16:25:58.817,AEVO/USDT:USDT,0.1073,172553,0.1072,712738,0.1074,291848,0.1075,509495
1753547159053,16:25:59.053,AEVO/USDT:USDT,0.1073,172553,0.1072,631526,0.1074,291848,0.1075,509495
1753547159326,16:25:59.326,AEVO/USDT:USDT,0.1073,172553,0.1072,724964,0.1074,291848,0.1075,509495
1753547159491,16:25:59.491,AEVO/USDT:USDT,0.1073,172553,0.1072,724964,0.1074,291848,0.1075,589808
1753547159654,16:25:59.654,AEVO/USDT:USDT,0.1073,172553,0.1072,631526,0.1074,291848,0.1075,589808
1753547159919,16:25:59.919,AEVO/USDT:USDT,0.1073,172553,0.1072,631526,0.1074,291848,0.1075,509495
1753547160150,16:26:00.150,AEVO/USDT:USDT,0.1073,172553,0.1072,631526,0.1074,291848,0.1075,509495
1753547160419,16:26:00.419,AEVO/USDT:USDT,0.1073,172553,0.1072,631526,0.1074,291848,0.1075,509495
1753547160649,16:26:00.649,AEVO/USDT:USDT,0.1073,172553,0.1072,631526,0.1074,291848,0.1075,509495
1753547160918,16:26:00.918,AEVO/USDT:USDT,0.1073,172553,0.1072,631526,0.1074,291848,0.1075,509495
1753547161149,16:26:01.149,AEVO/USDT:USDT,0.1073,172553,0.1072,930468,0.1074,291848,0.1075,509495
1753547161418,16:26:01.418,AEVO/USDT:USDT,0.1073,172553,0.1072,930468,0.1074,291848,0.1075,598707
1753547161650,16:26:01.650,AEVO/USDT:USDT,0.1073,172553,0.1072,631526,0.1074,291848,0.1075,598707
1753547161919,16:26:01.919,AEVO/USDT:USDT,0.1073,172553,0.1072,631526,0.1074,291848,0.1075,509495
1753547162150,16:26:02.150,AEVO/USDT:USDT,0.1073,172553,0.1072,820973,0.1074,291848,0.1075,509495
1753547162451,16:26:02.451,AEVO/USDT:USDT,0.1073,135481,0.1072,942124,0.1074,282842,0.1075,615567
1753547162652,16:26:02.652,AEVO/USDT:USDT,0.1073,135481,0.1072,1090522,0.1074,282842,0.1075,615567
1753547163054,16:26:03.054,AEVO/USDT:USDT,0.1073,135481,0.1072,1090522,0.1074,282842,0.1075,615567
1753547163153,16:26:03.153,AEVO/USDT:USDT,0.1073,135481,0.1072,1391817,0.1074,282842,0.1075,615567
1753547163420,16:26:03.420,AEVO/USDT:USDT,0.1073,135481,0.1072,1391817,0.1074,282842,0.1075,885918
1753547163664,16:26:03.664,AEVO/USDT:USDT,0.1073,135481,0.1072,942124,0.1074,282842,0.1075,885918
1753547163921,16:26:03.921,AEVO/USDT:USDT,0.1073,135481,0.1072,942124,0.1074,282842,0.1075,615567
1753547164155,16:26:04.155,AEVO/USDT:USDT,0.1073,135481,0.1072,942124,0.1074,282842,0.1075,615567
1753547164419,16:26:04.419,AEVO/USDT:USDT,0.1073,135481,0.1072,942124,0.1074,282842,0.1075,727320
1753547164722,16:26:04.722,AEVO/USDT:USDT,0.1073,135481,0.1072,942124,0.1074,282842,0.1075,727320
1753547164920,16:26:04.920,AEVO/USDT:USDT,0.1073,135481,0.1072,942124,0.1074,282842,0.1075,738471
1753547164964,16:26:04.964,AEVO/USDT:USDT,0.1072,942124,0.1071,994795,0.1073,489615,0.1074,282842
1753547165155,16:26:05.155,AEVO/USDT:USDT,0.1072,942124,0.1071,1227534,0.1073,489615,0.1074,282842
1753547165559,16:26:05.559,AEVO/USDT:USDT,0.1072,942124,0.1071,1154530,0.1073,489615,0.1074,282842
1753547165657,16:26:05.657,AEVO/USDT:USDT,0.1072,942124,0.1071,1139675,0.1073,489615,0.1074,282842
1753547165920,16:26:05.920,AEVO/USDT:USDT,0.1072,942124,0.1071,1139675,0.1073,489615,0.1074,282842
1753547166158,16:26:06.158,AEVO/USDT:USDT,0.1072,942124,0.1071,994795,0.1073,489615,0.1074,282842
1753547166422,16:26:06.422,AEVO/USDT:USDT,0.1072,942124,0.1071,994795,0.1073,489615,0.1074,282842
1753547166656,16:26:06.656,AEVO/USDT:USDT,0.1072,942124,0.1071,1145114,0.1073,489615,0.1074,282842
1753547166922,16:26:06.922,AEVO/USDT:USDT,0.1072,942124,0.1071,1145114,0.1073,489615,0.1074,282842
1753547167157,16:26:07.157,AEVO/USDT:USDT,0.1072,942124,0.1071,1133944,0.1073,489615,0.1074,282842
1753547167422,16:26:07.422,AEVO/USDT:USDT,0.1072,942124,0.1071,1133944,0.1073,489615,0.1074,282842
1753547167657,16:26:07.657,AEVO/USDT:USDT,0.1072,942124,0.1071,994795,0.1073,489615,0.1074,282842
1753547167922,16:26:07.922,AEVO/USDT:USDT,0.1072,942124,0.1071,994795,0.1073,489615,0.1074,282842
1753547168158,16:26:08.158,AEVO/USDT:USDT,0.1072,942124,0.1071,1346851,0.1073,489615,0.1074,282842
1753547168422,16:26:08.422,AEVO/USDT:USDT,0.1072,942124,0.1071,1346851,0.1073,489615,0.1074,282842
1753547168658,16:26:08.658,AEVO/USDT:USDT,0.1072,942124,0.1071,994795,0.1073,489615,0.1074,282842
1753547168922,16:26:08.922,AEVO/USDT:USDT,0.1072,942124,0.1071,994795,0.1073,489615,0.1074,425385
1753547169158,16:26:09.158,AEVO/USDT:USDT,0.1072,942124,0.1071,994795,0.1073,489615,0.1074,425385
1753547169422,16:26:09.422,AEVO/USDT:USDT,0.1072,942124,0.1071,994795,0.1073,489615,0.1074,473295
1753547169657,16:26:09.657,AEVO/USDT:USDT,0.1072,942124,0.1071,1066486,0.1073,489615,0.1074,473295
1753547169947,16:26:09.947,AEVO/USDT:USDT,0.1073,457604,0.1072,942124,0.1074,282842,0.1075,615567
1753547170157,16:26:10.157,AEVO/USDT:USDT,0.1073,457604,0.1072,1289635,0.1074,282842,0.1075,615567
1753547170566,16:26:10.566,AEVO/USDT:USDT,0.1073,457604,0.1072,1289635,0.1074,282842,0.1075,798741
1753547170726,16:26:10.726,AEVO/USDT:USDT,0.1073,457604,0.1072,1151956,0.1074,282842,0.1075,798741
1753547170992,16:26:10.992,AEVO/USDT:USDT,0.1073,457604,0.1072,1151956,0.1074,282842,0.1075,798511
1753547171159,16:26:11.159,AEVO/USDT:USDT,0.1072,942124,0.1071,1415693,0.1073,466802,0.1074,282842
1753547171423,16:26:11.423,AEVO/USDT:USDT,0.1072,942124,0.1071,1415693,0.1073,466802,0.1074,282842
1753547171561,16:26:11.561,AEVO/USDT:USDT,0.1072,942124,0.1071,994795,0.1073,466802,0.1074,282842
1753547171827,16:26:11.827,AEVO/USDT:USDT,0.1072,942124,0.1071,994795,0.1073,466802,0.1074,282842
1753547171924,16:26:11.924,AEVO/USDT:USDT,0.1072,942124,0.1071,994795,0.1073,466802,0.1074,460545
1753547172159,16:26:12.159,AEVO/USDT:USDT,0.1072,942124,0.1071,994795,0.1073,466802,0.1074,460545
1753547172424,16:26:12.424,AEVO/USDT:USDT,0.1072,942124,0.1071,994795,0.1073,466802,0.1074,642175
1753547172715,16:26:12.715,AEVO/USDT:USDT,0.1072,942124,0.1071,994795,0.1073,466802,0.1074,642175
1753547172924,16:26:12.924,AEVO/USDT:USDT,0.1072,942124,0.1071,994795,0.1073,466802,0.1074,671263
1753547173215,16:26:13.215,AEVO/USDT:USDT,0.1073,526139,0.1072,942124,0.1074,282842,0.1075,615567
1753547173617,16:26:13.617,AEVO/USDT:USDT,0.1073,526139,0.1072,942124,0.1074,282842,0.1075,935930
1753547173715,16:26:13.715,AEVO/USDT:USDT,0.1073,526139,0.1072,942124,0.1074,282842,0.1075,935930
1753547173925,16:26:13.925,AEVO/USDT:USDT,0.1073,526139,0.1072,942124,0.1074,282842,0.1075,615567
1753547174214,16:26:14.214,AEVO/USDT:USDT,0.1073,526139,0.1072,942124,0.1074,282842,0.1075,615567
1753547174425,16:26:14.425,AEVO/USDT:USDT,0.1073,526139,0.1072,942124,0.1074,282842,0.1075,842171
1753547174720,16:26:14.720,AEVO/USDT:USDT,0.1073,526139,0.1072,942124,0.1074,282842,0.1075,842171
1753547174927,16:26:14.927,AEVO/USDT:USDT,0.1073,526139,0.1072,942124,0.1074,282842,0.1075,782995
1753547175216,16:26:15.216,AEVO/USDT:USDT,0.1073,526139,0.1072,942124,0.1074,282842,0.1075,782995
1753547175426,16:26:15.426,AEVO/USDT:USDT,0.1073,526139,0.1072,942124,0.1074,282842,0.1075,615567
1753547175716,16:26:15.716,AEVO/USDT:USDT,0.1073,526139,0.1072,1224673,0.1074,282842,0.1075,615567
1753547175926,16:26:15.926,AEVO/USDT:USDT,0.1073,526139,0.1072,1224673,0.1074,282842,0.1075,1030067
1753547176216,16:26:16.216,AEVO/USDT:USDT,0.1073,526139,0.1072,942124,0.1074,282842,0.1075,1030067
1753547176426,16:26:16.426,AEVO/USDT:USDT,0.1073,526139,0.1072,942124,0.1074,282842,0.1075,744620
1753547176729,16:26:16.729,AEVO/USDT:USDT,0.1073,526139,0.1072,942124,0.1074,282842,0.1075,744620
1753547176929,16:26:16.929,AEVO/USDT:USDT,0.1073,526139,0.1072,942124,0.1074,282842,0.1075,1031529
1753547177217,16:26:17.217,AEVO/USDT:USDT,0.1073,526139,0.1072,942124,0.1074,282842,0.1075,1031529
1753547177331,16:26:17.331,AEVO/USDT:USDT,0.1073,526139,0.1072,942124,0.1074,282842,0.1075,615567
1753547177620,16:26:17.620,AEVO/USDT:USDT,0.1073,526139,0.1072,942124,0.1074,282842,0.1075,719548
1753547177719,16:26:17.719,AEVO/USDT:USDT,0.1073,526139,0.1072,942124,0.1074,282842,0.1075,719548
1753547177926,16:26:17.926,AEVO/USDT:USDT,0.1073,526139,0.1072,942124,0.1074,282842,0.1075,739861
1753547178217,16:26:18.217,AEVO/USDT:USDT,0.1073,526139,0.1072,1246996,0.1074,282842,0.1075,739861
1753547178453,16:26:18.453,AEVO/USDT:USDT,0.1073,77780,0.1072,510972,0.1074,430830,0.1075,1109641
1753547178718,16:26:18.718,AEVO/USDT:USDT,0.1073,77780,0.1072,641709,0.1074,430830,0.1075,1109641
1753547179120,16:26:19.120,AEVO/USDT:USDT,0.1073,77780,0.1072,641709,0.1074,430830,0.1075,1109641
1753547179218,16:26:19.218,AEVO/USDT:USDT,0.1073,77780,0.1072,510972,0.1074,430830,0.1075,1109641
1753547179428,16:26:19.428,AEVO/USDT:USDT,0.1073,77780,0.1072,510972,0.1074,430830,0.1075,1401281
1753547179719,16:26:19.719,AEVO/USDT:USDT,0.1073,77780,0.1072,510972,0.1074,430830,0.1075,1401281
1753547179935,16:26:19.935,AEVO/USDT:USDT,0.1073,77780,0.1072,510972,0.1074,430830,0.1075,1403389
1753547180219,16:26:20.219,AEVO/USDT:USDT,0.1073,77780,0.1072,510972,0.1074,430830,0.1075,1403389
1753547180427,16:26:20.427,AEVO/USDT:USDT,0.1073,77780,0.1072,510972,0.1074,430830,0.1075,1109641
1753547180719,16:26:20.719,AEVO/USDT:USDT,0.1073,77780,0.1072,573740,0.1074,430830,0.1075,1109641
1753547180930,16:26:20.930,AEVO/USDT:USDT,0.1073,77780,0.1072,573740,0.1074,430830,0.1075,1109641
1753547181220,16:26:21.220,AEVO/USDT:USDT,0.1073,77780,0.1072,701935,0.1074,430830,0.1075,1109641
1753547181429,16:26:21.429,AEVO/USDT:USDT,0.1073,77780,0.1072,701935,0.1074,430830,0.1075,1109641
1753547181722,16:26:21.722,AEVO/USDT:USDT,0.1073,77780,0.1072,510972,0.1074,430830,0.1075,1109641
1753547181929,16:26:21.929,AEVO/USDT:USDT,0.1073,77780,0.1072,510972,0.1074,430830,0.1075,1732256
