timestamp,time,symbol,bid1_price,bid1_volume,bid2_price,bid2_volume,ask1_price,ask1_volume,ask2_price,ask2_volume
1753546961805,16:22:41.805,AERO/USDT:USDT,0.903,136.0,0.9028,578.0,0.9034,111.0,0.9036,1008.0
1753546964085,16:22:44.085,AERO/USDT:USDT,0.903,136.0,0.9028,578.0,0.9034,111.0,0.9036,1008.0
1753546964911,16:22:44.911,AERO/USDT:USDT,0.903,136.0,0.9028,578.0,0.9034,111.0,0.9036,1008.0
1753546965634,16:22:45.634,AERO/USDT:USDT,0.9031,59.0,0.903,180.0,0.9034,111.0,0.9036,1008.0
1753546965710,16:22:45.710,AERO/USDT:USDT,0.9031,120.0,0.903,75.0,0.9034,111.0,0.9036,1008.0
1753546967083,16:22:47.083,AERO/USDT:USDT,0.9031,120.0,0.903,75.0,0.9034,111.0,0.9036,1008.0
1753546967235,16:22:47.235,AERO/USDT:USDT,0.9031,61.0,0.903,75.0,0.9034,111.0,0.9036,1008.0
1753546970423,16:22:50.423,AERO/USDT:USDT,0.9031,53.0,0.903,75.0,0.9034,111.0,0.9036,1008.0
1753546970423,16:22:50.423,AERO/USDT:USDT,0.9031,53.0,0.903,75.0,0.9034,111.0,0.9036,1008.0
1753546973084,16:22:53.084,AERO/USDT:USDT,0.9031,53.0,0.903,75.0,0.9034,111.0,0.9036,1008.0
1753546974935,16:22:54.935,AERO/USDT:USDT,0.9031,53.0,0.903,75.0,0.9034,108.0,0.9036,1008.0
1753546976082,16:22:56.082,AERO/USDT:USDT,0.9031,53.0,0.903,75.0,0.9034,108.0,0.9036,1008.0
1753546979078,16:22:59.078,AERO/USDT:USDT,0.9031,53.0,0.903,75.0,0.9034,108.0,0.9036,1008.0
1753546979083,16:22:59.083,AERO/USDT:USDT,0.9031,53.0,0.903,75.0,0.9034,108.0,0.9036,1008.0
1753546980407,16:23:00.407,AERO/USDT:USDT,0.9032,130.0,0.9031,53.0,0.9034,108.0,0.9036,1008.0
1753546980407,16:23:00.407,AERO/USDT:USDT,0.9032,130.0,0.9031,53.0,0.9034,108.0,0.9036,1008.0
1753546981325,16:23:01.325,AERO/USDT:USDT,0.9032,130.0,0.9031,53.0,0.9034,108.0,0.9036,1008.0
1753546981325,16:23:01.325,AERO/USDT:USDT,0.9032,130.0,0.9031,53.0,0.9034,108.0,0.9036,1008.0
1753546981754,16:23:01.754,AERO/USDT:USDT,0.903,75.0,0.9029,72.0,0.9034,108.0,0.9036,1008.0
1753546981757,16:23:01.757,AERO/USDT:USDT,0.903,75.0,0.9029,72.0,0.9034,108.0,0.9035,837.0
1753546981857,16:23:01.857,AERO/USDT:USDT,0.903,75.0,0.9029,72.0,0.9034,108.0,0.9035,837.0
1753546981892,16:23:01.892,AERO/USDT:USDT,0.903,75.0,0.9029,72.0,0.9034,108.0,0.9035,837.0
1753546981906,16:23:01.906,AERO/USDT:USDT,0.903,75.0,0.9029,72.0,0.9034,108.0,0.9035,837.0
1753546981982,16:23:01.982,AERO/USDT:USDT,0.903,75.0,0.9029,72.0,0.9034,108.0,0.9035,837.0
1753546982055,16:23:02.055,AERO/USDT:USDT,0.9028,62.0,0.9027,76.0,0.9034,108.0,0.9035,837.0
1753546982119,16:23:02.119,AERO/USDT:USDT,0.9026,67.0,0.9022,531.0,0.9034,108.0,0.9035,837.0
1753546982135,16:23:02.135,AERO/USDT:USDT,0.9024,51.0,0.9021,343.0,0.9034,108.0,0.9035,837.0
1753546982155,16:23:02.155,AERO/USDT:USDT,0.9024,51.0,0.9021,343.0,0.9034,108.0,0.9036,1008.0
1753546982180,16:23:02.180,AERO/USDT:USDT,0.9024,51.0,0.902,402.0,0.9034,108.0,0.9036,1008.0
1753546982180,16:23:02.180,AERO/USDT:USDT,0.9024,51.0,0.9022,50.0,0.9034,108.0,0.9036,1008.0
1753546982254,16:23:02.254,AERO/USDT:USDT,0.9024,51.0,0.9022,50.0,0.9034,108.0,0.9036,1008.0
1753546982312,16:23:02.312,AERO/USDT:USDT,0.9024,51.0,0.9022,50.0,0.9034,108.0,0.9036,1008.0
1753546982368,16:23:02.368,AERO/USDT:USDT,0.9024,51.0,0.9022,50.0,0.9034,108.0,0.9036,1008.0
1753546982401,16:23:02.401,AERO/USDT:USDT,0.9024,51.0,0.9022,50.0,0.9034,108.0,0.9036,1008.0
1753546982445,16:23:02.445,AERO/USDT:USDT,0.9024,51.0,0.9022,50.0,0.9034,108.0,0.9036,1008.0
1753546982448,16:23:02.448,AERO/USDT:USDT,0.9024,51.0,0.9022,50.0,0.9034,108.0,0.9036,1008.0
1753546982483,16:23:02.483,AERO/USDT:USDT,0.9024,51.0,0.9022,50.0,0.9033,837.0,0.9034,108.0
1753546982527,16:23:02.527,AERO/USDT:USDT,0.9024,51.0,0.9022,50.0,0.9033,837.0,0.9034,108.0
1753546982927,16:23:02.927,AERO/USDT:USDT,0.9024,51.0,0.9022,50.0,0.9033,837.0,0.9034,108.0
1753546982980,16:23:02.980,AERO/USDT:USDT,0.9024,51.0,0.9022,50.0,0.9034,945.0,0.9036,1008.0
1753546983031,16:23:03.031,AERO/USDT:USDT,0.9024,51.0,0.9022,50.0,0.9034,945.0,0.9036,1008.0
1753546983091,16:23:03.091,AERO/USDT:USDT,0.9024,51.0,0.9022,50.0,0.9034,108.0,0.9036,1008.0
1753546983163,16:23:03.163,AERO/USDT:USDT,0.9024,51.0,0.9022,50.0,0.9034,108.0,0.9036,1008.0
1753546983210,16:23:03.210,AERO/USDT:USDT,0.9024,51.0,0.9022,50.0,0.9034,108.0,0.9036,1008.0
1753546983556,16:23:03.556,AERO/USDT:USDT,0.9024,51.0,0.9022,50.0,0.9034,108.0,0.9036,1008.0
1753546983675,16:23:03.675,AERO/USDT:USDT,0.9022,50.0,0.9019,399.0,0.9034,108.0,0.9036,1008.0
1753546983889,16:23:03.889,AERO/USDT:USDT,0.9022,50.0,0.9019,399.0,0.9034,108.0,0.9036,1008.0
1753546984609,16:23:04.609,AERO/USDT:USDT,0.9022,50.0,0.9019,399.0,0.9034,108.0,0.9036,1008.0
1753546985312,16:23:05.312,AERO/USDT:USDT,0.9022,50.0,0.9019,399.0,0.9034,108.0,0.9036,1008.0
1753546985999,16:23:05.999,AERO/USDT:USDT,0.9022,50.0,0.9019,399.0,0.9029,142.0,0.903,69.0
1753546986001,16:23:06.001,AERO/USDT:USDT,0.9022,50.0,0.9019,399.0,0.903,132.0,0.9032,121.0
1753546986109,16:23:06.109,AERO/USDT:USDT,0.9022,50.0,0.9019,399.0,0.903,132.0,0.9032,121.0
1753546986180,16:23:06.180,AERO/USDT:USDT,0.9022,50.0,0.9019,399.0,0.9032,121.0,0.9036,1925.0
1753546986342,16:23:06.342,AERO/USDT:USDT,0.9022,50.0,0.9019,399.0,0.9032,121.0,0.9036,1925.0
1753546986409,16:23:06.409,AERO/USDT:USDT,0.9022,50.0,0.9019,399.0,0.9032,121.0,0.9036,1925.0
1753546987277,16:23:07.277,AERO/USDT:USDT,0.903,79.0,0.9029,152.0,0.9032,121.0,0.9036,1925.0
1753546987292,16:23:07.292,AERO/USDT:USDT,0.903,79.0,0.9029,152.0,0.9032,121.0,0.9036,1925.0
1753546987450,16:23:07.450,AERO/USDT:USDT,0.903,79.0,0.9029,152.0,0.9032,121.0,0.9036,1925.0
1753546987596,16:23:07.596,AERO/USDT:USDT,0.903,79.0,0.9029,152.0,0.9032,121.0,0.9036,1925.0
1753546987703,16:23:07.703,AERO/USDT:USDT,0.903,79.0,0.9029,152.0,0.9032,121.0,0.9036,1925.0
1753546987710,16:23:07.710,AERO/USDT:USDT,0.903,79.0,0.9029,152.0,0.9032,121.0,0.9036,1925.0
1753546987883,16:23:07.883,AERO/USDT:USDT,0.903,79.0,0.9029,152.0,0.9033,44.0,0.9034,64.0
1753546987893,16:23:07.893,AERO/USDT:USDT,0.903,79.0,0.9029,152.0,0.9033,44.0,0.9034,64.0
1753546990106,16:23:10.106,AERO/USDT:USDT,0.903,79.0,0.9029,152.0,0.9033,44.0,0.9034,64.0
1753546990117,16:23:10.117,AERO/USDT:USDT,0.903,79.0,0.9029,152.0,0.9033,44.0,0.9034,64.0
1753546990642,16:23:10.642,AERO/USDT:USDT,0.903,79.0,0.9029,152.0,0.9033,44.0,0.9034,64.0
1753546990644,16:23:10.644,AERO/USDT:USDT,0.903,79.0,0.9029,152.0,0.9033,44.0,0.9034,64.0
1753546990739,16:23:10.739,AERO/USDT:USDT,0.903,79.0,0.9029,152.0,0.9033,44.0,0.9034,64.0
1753546991054,16:23:11.054,AERO/USDT:USDT,0.903,79.0,0.9029,152.0,0.9033,44.0,0.9034,64.0
1753546991067,16:23:11.067,AERO/USDT:USDT,0.903,79.0,0.9029,152.0,0.9033,44.0,0.9034,64.0
1753546991784,16:23:11.784,AERO/USDT:USDT,0.903,79.0,0.9029,152.0,0.9034,64.0,0.9036,891.0
1753546991792,16:23:11.792,AERO/USDT:USDT,0.903,79.0,0.9029,152.0,0.9034,64.0,0.9036,891.0
1753546991798,16:23:11.798,AERO/USDT:USDT,0.903,79.0,0.9029,152.0,0.9034,64.0,0.9036,891.0
1753546993907,16:23:13.907,AERO/USDT:USDT,0.903,79.0,0.9029,223.0,0.9034,112.0,0.9035,109.0
1753546993921,16:23:13.921,AERO/USDT:USDT,0.903,79.0,0.9029,223.0,0.9034,112.0,0.9035,109.0
1753546994914,16:23:14.914,AERO/USDT:USDT,0.903,79.0,0.9029,223.0,0.9034,112.0,0.9035,109.0
1753546996535,16:23:16.535,AERO/USDT:USDT,0.9029,71.0,0.9027,277.0,0.9034,112.0,0.9035,109.0
1753546999075,16:23:19.075,AERO/USDT:USDT,0.9029,71.0,0.9027,277.0,0.9034,127.0,0.9036,891.0
1753546999475,16:23:19.475,AERO/USDT:USDT,0.9029,71.0,0.9027,277.0,0.9034,127.0,0.9036,891.0
1753546999491,16:23:19.491,AERO/USDT:USDT,0.9029,71.0,0.9027,277.0,0.9034,127.0,0.9035,837.0
1753546999950,16:23:19.950,AERO/USDT:USDT,0.9029,71.0,0.9027,277.0,0.9035,837.0,0.9036,891.0
1753547000287,16:23:20.287,AERO/USDT:USDT,0.9029,71.0,0.9027,277.0,0.9035,837.0,0.9036,891.0
1753547000294,16:23:20.294,AERO/USDT:USDT,0.9029,71.0,0.9027,277.0,0.9035,837.0,0.9036,891.0
1753547001129,16:23:21.129,AERO/USDT:USDT,0.9027,277.0,0.9026,497.0,0.9035,837.0,0.9036,891.0
1753547001171,16:23:21.171,AERO/USDT:USDT,0.9027,277.0,0.9026,497.0,0.9035,837.0,0.9036,891.0
1753547001742,16:23:21.742,AERO/USDT:USDT,0.9027,277.0,0.9026,497.0,0.9035,837.0,0.9036,891.0
1753547002475,16:23:22.475,AERO/USDT:USDT,0.9026,497.0,0.9025,244.0,0.9035,837.0,0.9036,891.0
1753547003058,16:23:23.058,AERO/USDT:USDT,0.9032,112.0,0.903,123.0,0.9035,837.0,0.9036,891.0
1753547003076,16:23:23.076,AERO/USDT:USDT,0.9032,112.0,0.903,123.0,0.9035,837.0,0.9036,891.0
1753547003402,16:23:23.402,AERO/USDT:USDT,0.9032,112.0,0.903,123.0,0.9035,888.0,0.9036,963.0
1753547003490,16:23:23.490,AERO/USDT:USDT,0.9032,112.0,0.903,123.0,0.9036,891.0,0.9037,133.0
1753547003499,16:23:23.499,AERO/USDT:USDT,0.9032,112.0,0.903,123.0,0.9036,891.0,0.9037,133.0
1753547003507,16:23:23.507,AERO/USDT:USDT,0.9032,112.0,0.903,123.0,0.9036,891.0,0.9037,133.0
1753547003567,16:23:23.567,AERO/USDT:USDT,0.9032,112.0,0.903,123.0,0.9037,133.0,0.9038,69.0
1753547003588,16:23:23.588,AERO/USDT:USDT,0.9032,112.0,0.903,123.0,0.9037,133.0,0.9038,69.0
1753547003785,16:23:23.785,AERO/USDT:USDT,0.9032,112.0,0.903,123.0,0.9037,133.0,0.9038,69.0
1753547003863,16:23:23.863,AERO/USDT:USDT,0.9032,112.0,0.903,123.0,0.9037,133.0,0.9038,69.0
1753547004909,16:23:24.909,AERO/USDT:USDT,0.9032,112.0,0.903,123.0,0.9037,133.0,0.9038,69.0
1753547004947,16:23:24.947,AERO/USDT:USDT,0.9032,112.0,0.903,123.0,0.9037,133.0,0.9038,69.0
1753547006818,16:23:26.818,AERO/USDT:USDT,0.903,123.0,0.9027,404.0,0.9037,133.0,0.9038,69.0
1753547006832,16:23:26.832,AERO/USDT:USDT,0.903,123.0,0.9027,404.0,0.9037,133.0,0.9038,69.0
1753547008232,16:23:28.232,AERO/USDT:USDT,0.9034,77.0,0.9033,69.0,0.9037,133.0,0.9038,69.0
1753547008249,16:23:28.249,AERO/USDT:USDT,0.9034,77.0,0.9033,69.0,0.9037,133.0,0.9038,69.0
1753547009092,16:23:29.092,AERO/USDT:USDT,0.9034,77.0,0.9033,69.0,0.9037,133.0,0.9038,69.0
1753547009258,16:23:29.258,AERO/USDT:USDT,0.9034,77.0,0.9033,69.0,0.9036,47.0,0.9038,69.0
1753547009276,16:23:29.276,AERO/USDT:USDT,0.9032,49.0,0.9031,77.0,0.9036,47.0,0.9038,69.0
1753547009305,16:23:29.305,AERO/USDT:USDT,0.9032,49.0,0.9031,77.0,0.9036,47.0,0.9038,69.0
1753547009312,16:23:29.312,AERO/USDT:USDT,0.9032,49.0,0.9031,77.0,0.9036,47.0,0.9038,906.0
1753547009407,16:23:29.407,AERO/USDT:USDT,0.9032,49.0,0.9031,77.0,0.9036,47.0,0.9038,906.0
1753547009424,16:23:29.424,AERO/USDT:USDT,0.9032,49.0,0.9031,77.0,0.9036,47.0,0.9038,906.0
1753547009753,16:23:29.753,AERO/USDT:USDT,0.9032,49.0,0.9031,77.0,0.9036,47.0,0.9038,906.0
1753547009878,16:23:29.878,AERO/USDT:USDT,0.9032,49.0,0.9031,77.0,0.9036,47.0,0.9038,906.0
1753547010452,16:23:30.452,AERO/USDT:USDT,0.9032,49.0,0.9031,77.0,0.9036,47.0,0.9038,906.0
1753547010905,16:23:30.905,AERO/USDT:USDT,0.9032,49.0,0.9031,77.0,0.9036,47.0,0.9038,906.0
1753547010907,16:23:30.907,AERO/USDT:USDT,0.9032,49.0,0.9031,77.0,0.9036,47.0,0.9038,906.0
1753547012292,16:23:32.292,AERO/USDT:USDT,0.9032,49.0,0.9031,77.0,0.9036,47.0,0.9038,906.0
1753547012296,16:23:32.296,AERO/USDT:USDT,0.9032,49.0,0.9031,77.0,0.9036,47.0,0.9038,906.0
1753547014284,16:23:34.284,AERO/USDT:USDT,0.9033,48.0,0.9032,49.0,0.9034,108.0,0.9035,66.0
1753547014297,16:23:34.297,AERO/USDT:USDT,0.9033,48.0,0.9032,49.0,0.9034,108.0,0.9035,66.0
1753547014308,16:23:34.308,AERO/USDT:USDT,0.9033,48.0,0.9032,49.0,0.9034,108.0,0.9035,66.0
1753547014347,16:23:34.347,AERO/USDT:USDT,0.9033,48.0,0.9032,49.0,0.9036,47.0,0.9037,77.0
1753547014378,16:23:34.378,AERO/USDT:USDT,0.9033,48.0,0.9032,49.0,0.9036,47.0,0.9037,77.0
1753547014379,16:23:34.379,AERO/USDT:USDT,0.9033,48.0,0.9032,49.0,0.9036,47.0,0.9037,77.0
1753547014511,16:23:34.511,AERO/USDT:USDT,0.9033,48.0,0.9032,49.0,0.9036,47.0,0.9037,77.0
1753547015419,16:23:35.419,AERO/USDT:USDT,0.9032,49.0,0.9031,77.0,0.9036,47.0,0.9037,77.0
1753547016397,16:23:36.397,AERO/USDT:USDT,0.9032,49.0,0.9031,77.0,0.9036,47.0,0.9037,77.0
1753547020220,16:23:40.220,AERO/USDT:USDT,0.9032,49.0,0.9031,169.0,0.9036,115.0,0.9037,77.0
1753547020388,16:23:40.388,AERO/USDT:USDT,0.9032,49.0,0.9031,169.0,0.9036,115.0,0.9037,77.0
1753547020397,16:23:40.397,AERO/USDT:USDT,0.9032,49.0,0.9031,169.0,0.9036,115.0,0.9037,77.0
1753547020698,16:23:40.698,AERO/USDT:USDT,0.9032,49.0,0.9031,169.0,0.9036,115.0,0.9037,77.0
1753547020803,16:23:40.803,AERO/USDT:USDT,0.9032,49.0,0.9031,169.0,0.9036,115.0,0.9037,77.0
1753547024085,16:23:44.085,AERO/USDT:USDT,0.9032,49.0,0.9031,169.0,0.9036,115.0,0.9037,77.0
1753547024815,16:23:44.815,AERO/USDT:USDT,0.9031,45.0,0.9029,677.0,0.9036,115.0,0.9037,77.0
1753547024832,16:23:44.832,AERO/USDT:USDT,0.9031,125.0,0.9029,677.0,0.9036,115.0,0.9037,77.0
1753547024883,16:23:44.883,AERO/USDT:USDT,0.9031,125.0,0.9029,677.0,0.9036,65.0,0.9037,77.0
1753547026591,16:23:46.591,AERO/USDT:USDT,0.9031,125.0,0.9029,677.0,0.9035,63.0,0.9036,65.0
1753547026599,16:23:46.599,AERO/USDT:USDT,0.9031,125.0,0.9029,677.0,0.9035,63.0,0.9036,65.0
1753547030565,16:23:50.565,AERO/USDT:USDT,0.9032,82.0,0.9031,199.0,0.9035,63.0,0.9036,65.0
1753547030565,16:23:50.565,AERO/USDT:USDT,0.9032,82.0,0.9031,199.0,0.9035,63.0,0.9036,65.0
1753547033020,16:23:53.020,AERO/USDT:USDT,0.9032,82.0,0.9031,199.0,0.9035,63.0,0.9036,65.0
1753547033957,16:23:53.957,AERO/USDT:USDT,0.9032,82.0,0.9031,199.0,0.9035,47.0,0.9036,65.0
1753547037022,16:23:57.022,AERO/USDT:USDT,0.9032,82.0,0.9031,199.0,0.9035,47.0,0.9036,65.0
1753547040380,16:24:00.380,AERO/USDT:USDT,0.9032,82.0,0.9031,199.0,0.9035,47.0,0.9036,65.0
1753547040382,16:24:00.382,AERO/USDT:USDT,0.9032,82.0,0.9031,199.0,0.9035,47.0,0.9036,65.0
1753547040457,16:24:00.457,AERO/USDT:USDT,0.9032,82.0,0.9031,199.0,0.9035,41.0,0.9036,65.0
1753547042085,16:24:02.085,AERO/USDT:USDT,0.9032,82.0,0.9031,199.0,0.9035,41.0,0.9036,902.0
1753547049234,16:24:09.234,AERO/USDT:USDT,0.9032,82.0,0.9031,199.0,0.9035,41.0,0.9036,902.0
1753547051610,16:24:11.610,AERO/USDT:USDT,0.9032,131.0,0.9031,80.0,0.9036,65.0,0.9037,77.0
1753547051614,16:24:11.614,AERO/USDT:USDT,0.9032,131.0,0.9031,80.0,0.9036,65.0,0.9037,77.0
1753547051736,16:24:11.736,AERO/USDT:USDT,0.9032,131.0,0.9031,80.0,0.9038,891.0,0.9041,380.0
1753547051738,16:24:11.738,AERO/USDT:USDT,0.9032,131.0,0.9031,80.0,0.9038,135.0,0.9041,380.0
1753547051751,16:24:11.751,AERO/USDT:USDT,0.9032,131.0,0.9031,80.0,0.9038,135.0,0.904,837.0
1753547051841,16:24:11.841,AERO/USDT:USDT,0.9032,131.0,0.9031,80.0,0.9038,135.0,0.904,837.0
1753547051850,16:24:11.850,AERO/USDT:USDT,0.9032,131.0,0.9031,80.0,0.9038,135.0,0.904,837.0
1753547052358,16:24:12.358,AERO/USDT:USDT,0.9032,131.0,0.9031,80.0,0.904,58.0,0.9041,78.0
1753547052379,16:24:12.379,AERO/USDT:USDT,0.9032,131.0,0.9031,80.0,0.904,58.0,0.9041,78.0
1753547052499,16:24:12.499,AERO/USDT:USDT,0.9032,131.0,0.9031,80.0,0.904,58.0,0.9041,78.0
1753547054399,16:24:14.399,AERO/USDT:USDT,0.9032,131.0,0.9031,80.0,0.904,58.0,0.9041,78.0
1753547054568,16:24:14.568,AERO/USDT:USDT,0.9032,131.0,0.9031,80.0,0.904,58.0,0.9041,78.0
1753547055360,16:24:15.360,AERO/USDT:USDT,0.9032,131.0,0.9031,80.0,0.904,58.0,0.9041,78.0
1753547055365,16:24:15.365,AERO/USDT:USDT,0.9032,131.0,0.9031,80.0,0.904,58.0,0.9041,78.0
1753547055527,16:24:15.527,AERO/USDT:USDT,0.9032,131.0,0.9031,80.0,0.904,58.0,0.9041,78.0
1753547056644,16:24:16.644,AERO/USDT:USDT,0.9032,119.0,0.9031,80.0,0.904,58.0,0.9041,78.0
1753547058277,16:24:18.277,AERO/USDT:USDT,0.9032,119.0,0.9031,142.0,0.9035,137.0,0.9036,80.0
1753547058300,16:24:18.300,AERO/USDT:USDT,0.9032,119.0,0.9031,142.0,0.9035,137.0,0.9036,80.0
1753547063093,16:24:23.093,AERO/USDT:USDT,0.9032,119.0,0.9031,142.0,0.9035,137.0,0.9036,80.0
1753547063094,16:24:23.094,AERO/USDT:USDT,0.9032,119.0,0.9031,142.0,0.9035,137.0,0.9036,80.0
1753547065305,16:24:25.305,AERO/USDT:USDT,0.9032,119.0,0.9031,142.0,0.9035,137.0,0.9036,80.0
1753547065316,16:24:25.316,AERO/USDT:USDT,0.9032,119.0,0.9031,142.0,0.9035,137.0,0.9036,80.0
1753547065608,16:24:25.608,AERO/USDT:USDT,0.9032,70.0,0.9031,142.0,0.9037,52.0,0.9038,4276.0
1753547065612,16:24:25.612,AERO/USDT:USDT,0.9032,70.0,0.9031,142.0,0.9037,52.0,0.9038,4276.0
1753547065641,16:24:25.641,AERO/USDT:USDT,0.9032,70.0,0.9031,142.0,0.9037,52.0,0.9038,837.0
1753547065659,16:24:25.659,AERO/USDT:USDT,0.9032,70.0,0.9031,142.0,0.9037,52.0,0.9038,837.0
1753547065950,16:24:25.950,AERO/USDT:USDT,0.9032,70.0,0.9031,142.0,0.9037,52.0,0.9038,837.0
1753547065962,16:24:25.962,AERO/USDT:USDT,0.9032,70.0,0.9031,142.0,0.9037,52.0,0.9038,837.0
1753547065992,16:24:25.992,AERO/USDT:USDT,0.9032,70.0,0.9031,142.0,0.9037,52.0,0.9038,837.0
1753547066037,16:24:26.037,AERO/USDT:USDT,0.9032,70.0,0.9031,142.0,0.9037,52.0,0.9038,837.0
1753547069433,16:24:29.433,AERO/USDT:USDT,0.9032,70.0,0.9031,142.0,0.9038,837.0,0.9039,70.0
1753547069723,16:24:29.723,AERO/USDT:USDT,0.9032,70.0,0.9031,142.0,0.9038,837.0,0.9039,70.0
1753547072085,16:24:32.085,AERO/USDT:USDT,0.9032,70.0,0.9031,142.0,0.9038,837.0,0.9039,70.0
1753547073872,16:24:33.872,AERO/USDT:USDT,0.9032,116.0,0.9031,142.0,0.9035,59.0,0.9036,67.0
1753547073921,16:24:33.921,AERO/USDT:USDT,0.9032,116.0,0.9031,142.0,0.9035,59.0,0.9036,67.0
1753547073959,16:24:33.959,AERO/USDT:USDT,0.9032,116.0,0.9031,142.0,0.9035,59.0,0.9036,67.0
1753547073964,16:24:33.964,AERO/USDT:USDT,0.9032,116.0,0.9031,142.0,0.9035,59.0,0.9036,67.0
1753547074522,16:24:34.522,AERO/USDT:USDT,0.9032,116.0,0.9031,142.0,0.9035,59.0,0.9036,67.0
1753547075334,16:24:35.334,AERO/USDT:USDT,0.9032,116.0,0.9031,142.0,0.9036,67.0,0.9038,964.0
1753547075514,16:24:35.514,AERO/USDT:USDT,0.9032,116.0,0.9031,142.0,0.9036,127.0,0.9038,837.0
1753547075654,16:24:35.654,AERO/USDT:USDT,0.9032,116.0,0.9031,142.0,0.9036,127.0,0.9038,837.0
1753547075711,16:24:35.711,AERO/USDT:USDT,0.9032,116.0,0.9031,142.0,0.9036,127.0,0.9038,837.0
1753547076162,16:24:36.162,AERO/USDT:USDT,0.9032,116.0,0.9031,142.0,0.9036,127.0,0.9038,837.0
1753547079324,16:24:39.324,AERO/USDT:USDT,0.9032,116.0,0.9031,142.0,0.9036,127.0,0.9038,837.0
1753547081087,16:24:41.087,AERO/USDT:USDT,0.9032,116.0,0.9031,142.0,0.9036,127.0,0.9038,837.0
1753547081696,16:24:41.696,AERO/USDT:USDT,0.9034,68.0,0.9032,170.0,0.9038,837.0,0.9039,3508.0
1753547081700,16:24:41.700,AERO/USDT:USDT,0.9034,68.0,0.9032,170.0,0.9038,837.0,0.9039,69.0
1753547081711,16:24:41.711,AERO/USDT:USDT,0.9034,68.0,0.9032,170.0,0.9039,69.0,0.904,72.0
1753547081837,16:24:41.837,AERO/USDT:USDT,0.9034,68.0,0.9032,170.0,0.9039,69.0,0.904,72.0
1753547081842,16:24:41.842,AERO/USDT:USDT,0.9034,68.0,0.9032,170.0,0.9039,69.0,0.904,72.0
1753547081889,16:24:41.889,AERO/USDT:USDT,0.9034,68.0,0.9032,170.0,0.9039,69.0,0.904,72.0
1753547081965,16:24:41.965,AERO/USDT:USDT,0.9034,68.0,0.9032,170.0,0.904,134.0,0.9042,46.0
1753547081991,16:24:41.991,AERO/USDT:USDT,0.9034,68.0,0.9032,170.0,0.904,134.0,0.9042,46.0
1753547084116,16:24:44.116,AERO/USDT:USDT,0.9034,68.0,0.9032,170.0,0.904,134.0,0.9042,46.0
1753547084122,16:24:44.122,AERO/USDT:USDT,0.9034,68.0,0.9032,170.0,0.904,134.0,0.9042,46.0
1753547085006,16:24:45.006,AERO/USDT:USDT,0.9034,68.0,0.9032,170.0,0.904,39.0,0.9042,46.0
1753547086159,16:24:46.159,AERO/USDT:USDT,0.9034,68.0,0.9032,170.0,0.904,10.0,0.9042,46.0
1753547087080,16:24:47.080,AERO/USDT:USDT,0.9034,68.0,0.9032,170.0,0.904,10.0,0.9042,46.0
1753547087088,16:24:47.088,AERO/USDT:USDT,0.9034,68.0,0.9032,170.0,0.904,10.0,0.9042,46.0
1753547087652,16:24:47.652,AERO/USDT:USDT,0.9038,52.0,0.9036,191.0,0.904,10.0,0.9041,73.0
1753547087698,16:24:47.698,AERO/USDT:USDT,0.9038,52.0,0.9036,191.0,0.9039,76.0,0.904,67.0
1753547087706,16:24:47.706,AERO/USDT:USDT,0.9037,47.0,0.9036,58.0,0.9039,76.0,0.904,67.0
1753547087854,16:24:47.854,AERO/USDT:USDT,0.9037,47.0,0.9036,58.0,0.9039,76.0,0.904,67.0
1753547088320,16:24:48.320,AERO/USDT:USDT,0.9037,47.0,0.9036,58.0,0.9039,76.0,0.904,67.0
1753547088834,16:24:48.834,AERO/USDT:USDT,0.9037,47.0,0.9036,58.0,0.9041,73.0,0.9042,883.0
1753547088923,16:24:48.923,AERO/USDT:USDT,0.9037,47.0,0.9036,58.0,0.9041,73.0,0.9042,883.0
1753547088968,16:24:48.968,AERO/USDT:USDT,0.9037,47.0,0.9036,58.0,0.9041,73.0,0.9042,883.0
1753547088968,16:24:48.968,AERO/USDT:USDT,0.9037,47.0,0.9036,58.0,0.9041,73.0,0.9042,883.0
1753547092311,16:24:52.311,AERO/USDT:USDT,0.9037,47.0,0.9036,58.0,0.9041,73.0,0.9042,883.0
1753547092319,16:24:52.319,AERO/USDT:USDT,0.9037,47.0,0.9036,58.0,0.9041,73.0,0.9042,883.0
1753547093423,16:24:53.423,AERO/USDT:USDT,0.9038,47.0,0.9037,127.0,0.9041,73.0,0.9042,883.0
1753547093724,16:24:53.724,AERO/USDT:USDT,0.9038,47.0,0.9037,127.0,0.9041,73.0,0.9042,883.0
1753547094015,16:24:54.015,AERO/USDT:USDT,0.9038,47.0,0.9037,127.0,0.9041,73.0,0.9042,883.0
1753547094192,16:24:54.192,AERO/USDT:USDT,0.9038,47.0,0.9037,127.0,0.9041,64.0,0.9042,883.0
1753547098524,16:24:58.524,AERO/USDT:USDT,0.9038,47.0,0.9037,127.0,0.9041,64.0,0.9042,883.0
1753547099089,16:24:59.089,AERO/USDT:USDT,0.9038,47.0,0.9037,127.0,0.9041,64.0,0.9042,883.0
1753547099093,16:24:59.093,AERO/USDT:USDT,0.9038,47.0,0.9037,127.0,0.9041,64.0,0.9042,883.0
1753547100203,16:25:00.203,AERO/USDT:USDT,0.9038,47.0,0.9037,127.0,0.9039,49.0,0.9041,109.0
1753547100311,16:25:00.311,AERO/USDT:USDT,0.9038,47.0,0.9037,47.0,0.9039,49.0,0.9041,109.0
1753547100312,16:25:00.312,AERO/USDT:USDT,0.9037,107.0,0.9036,58.0,0.9039,49.0,0.9041,109.0
1753547100373,16:25:00.373,AERO/USDT:USDT,0.9037,107.0,0.9036,58.0,0.9039,49.0,0.9041,109.0
1753547100388,16:25:00.388,AERO/USDT:USDT,0.9037,107.0,0.9036,58.0,0.9039,49.0,0.904,837.0
1753547100424,16:25:00.424,AERO/USDT:USDT,0.9034,52.0,0.9033,57.0,0.9039,49.0,0.904,837.0
1753547100479,16:25:00.479,AERO/USDT:USDT,0.9034,52.0,0.9033,57.0,0.9039,49.0,0.904,837.0
1753547100514,16:25:00.514,AERO/USDT:USDT,0.9034,52.0,0.9033,57.0,0.9039,49.0,0.904,837.0
1753547103316,16:25:03.316,AERO/USDT:USDT,0.9034,52.0,0.9033,57.0,0.9039,49.0,0.904,837.0
1753547103323,16:25:03.323,AERO/USDT:USDT,0.9034,52.0,0.9033,57.0,0.9039,49.0,0.904,837.0
1753547103744,16:25:03.744,AERO/USDT:USDT,0.9034,52.0,0.9033,57.0,0.9039,45.0,0.904,837.0
1753547103775,16:25:03.775,AERO/USDT:USDT,0.9034,52.0,0.9033,57.0,0.9039,45.0,0.904,837.0
1753547105085,16:25:05.085,AERO/USDT:USDT,0.9034,52.0,0.9033,57.0,0.9039,882.0,0.9041,109.0
1753547105285,16:25:05.285,AERO/USDT:USDT,0.9034,52.0,0.9033,57.0,0.9038,144.0,0.9039,930.0
1753547105674,16:25:05.674,AERO/USDT:USDT,0.9034,52.0,0.9033,57.0,0.9038,144.0,0.9039,93.0
1753547105717,16:25:05.717,AERO/USDT:USDT,0.9034,52.0,0.9033,57.0,0.9038,981.0,0.9039,93.0
1753547105819,16:25:05.819,AERO/USDT:USDT,0.9034,52.0,0.9033,57.0,0.9038,981.0,0.9039,93.0
1753547106018,16:25:06.018,AERO/USDT:USDT,0.9034,52.0,0.9033,57.0,0.9038,981.0,0.9039,93.0
1753547106091,16:25:06.091,AERO/USDT:USDT,0.9034,52.0,0.9033,57.0,0.9038,981.0,0.9039,93.0
1753547106183,16:25:06.183,AERO/USDT:USDT,0.9033,57.0,0.9031,81.0,0.9038,981.0,0.9039,93.0
1753547106205,16:25:06.205,AERO/USDT:USDT,0.9033,57.0,0.9031,81.0,0.9038,981.0,0.9039,93.0
1753547106207,16:25:06.207,AERO/USDT:USDT,0.9033,57.0,0.9031,81.0,0.9038,981.0,0.9039,93.0
1753547106242,16:25:06.242,AERO/USDT:USDT,0.9033,57.0,0.9031,81.0,0.9038,981.0,0.9039,93.0
1753547106376,16:25:06.376,AERO/USDT:USDT,0.9033,17.0,0.9031,81.0,0.9038,981.0,0.9039,93.0
1753547106678,16:25:06.678,AERO/USDT:USDT,0.9033,17.0,0.9031,81.0,0.9038,981.0,0.9039,93.0
1753547106763,16:25:06.763,AERO/USDT:USDT,0.9033,17.0,0.9031,81.0,0.9038,144.0,0.9039,93.0
1753547106909,16:25:06.909,AERO/USDT:USDT,0.9033,17.0,0.9031,81.0,0.9038,144.0,0.9039,93.0
1753547107904,16:25:07.904,AERO/USDT:USDT,0.9033,17.0,0.9031,81.0,0.9038,144.0,0.9039,93.0
1753547108123,16:25:08.123,AERO/USDT:USDT,0.9033,17.0,0.9031,81.0,0.9038,144.0,0.9039,93.0
1753547111086,16:25:11.086,AERO/USDT:USDT,0.9033,17.0,0.9031,81.0,0.9038,144.0,0.9039,93.0
1753547111447,16:25:11.447,AERO/USDT:USDT,0.9036,46.0,0.9034,80.0,0.9038,144.0,0.9039,93.0
1753547111448,16:25:11.448,AERO/USDT:USDT,0.9036,105.0,0.9034,80.0,0.9038,144.0,0.9039,93.0
1753547112947,16:25:12.947,AERO/USDT:USDT,0.9036,105.0,0.9034,80.0,0.9038,144.0,0.9039,93.0
1753547113032,16:25:13.032,AERO/USDT:USDT,0.9036,105.0,0.9034,80.0,0.9038,144.0,0.9039,93.0
1753547115050,16:25:15.050,AERO/USDT:USDT,0.9035,76.0,0.9034,80.0,0.9038,144.0,0.9039,93.0
1753547115285,16:25:15.285,AERO/USDT:USDT,0.9035,76.0,0.9034,80.0,0.9038,144.0,0.9039,93.0
1753547115291,16:25:15.291,AERO/USDT:USDT,0.9035,76.0,0.9034,80.0,0.9038,144.0,0.9039,93.0
1753547115697,16:25:15.697,AERO/USDT:USDT,0.9034,148.0,0.9033,62.0,0.9038,144.0,0.9039,93.0
1753547115743,16:25:15.743,AERO/USDT:USDT,0.9032,44.0,0.9031,80.0,0.9038,144.0,0.9039,93.0
1753547115767,16:25:15.767,AERO/USDT:USDT,0.9032,44.0,0.9031,80.0,0.9038,981.0,0.9039,93.0
1753547115793,16:25:15.793,AERO/USDT:USDT,0.9032,44.0,0.9031,80.0,0.9038,916.0,0.9039,93.0
1753547115831,16:25:15.831,AERO/USDT:USDT,0.9032,44.0,0.9031,80.0,0.9038,916.0,0.9039,93.0
1753547115887,16:25:15.887,AERO/USDT:USDT,0.9032,44.0,0.9031,80.0,0.9034,82.0,0.9037,163.0
1753547117723,16:25:17.723,AERO/USDT:USDT,0.9032,44.0,0.9031,80.0,0.9034,82.0,0.9037,163.0
1753547118770,16:25:18.770,AERO/USDT:USDT,0.9032,44.0,0.9031,80.0,0.9045,752.0,0.9046,891.0
1753547118778,16:25:18.778,AERO/USDT:USDT,0.9032,44.0,0.9031,80.0,0.9039,132.0,0.9043,837.0
1753547118780,16:25:18.780,AERO/USDT:USDT,0.9032,44.0,0.9031,80.0,0.9039,132.0,0.9043,837.0
1753547118911,16:25:18.911,AERO/USDT:USDT,0.9032,44.0,0.9031,80.0,0.9039,132.0,0.9043,837.0
1753547118933,16:25:18.933,AERO/USDT:USDT,0.9032,44.0,0.9031,80.0,0.9039,132.0,0.9043,837.0
1753547119005,16:25:19.005,AERO/USDT:USDT,0.9032,44.0,0.9031,80.0,0.9039,132.0,0.9043,837.0
1753547119054,16:25:19.054,AERO/USDT:USDT,0.9032,44.0,0.9031,80.0,0.9039,132.0,0.9043,837.0
1753547119831,16:25:19.831,AERO/USDT:USDT,0.9032,44.0,0.9031,80.0,0.9039,132.0,0.9043,837.0
1753547119832,16:25:19.832,AERO/USDT:USDT,0.9032,44.0,0.9031,80.0,0.9039,132.0,0.9043,837.0
1753547122135,16:25:22.135,AERO/USDT:USDT,0.9037,214.0,0.9034,58.0,0.9039,132.0,0.9043,837.0
1753547122516,16:25:22.516,AERO/USDT:USDT,0.9037,214.0,0.9034,58.0,0.9039,132.0,0.9043,837.0
1753547122526,16:25:22.526,AERO/USDT:USDT,0.9037,214.0,0.9034,58.0,0.9039,132.0,0.9043,837.0
1753547123359,16:25:23.359,AERO/USDT:USDT,0.9037,214.0,0.9034,58.0,0.9043,837.0,0.9044,329.0
1753547123404,16:25:23.404,AERO/USDT:USDT,0.9037,214.0,0.9034,58.0,0.9044,1166.0,0.9045,752.0
1753547124010,16:25:24.010,AERO/USDT:USDT,0.9037,214.0,0.9034,58.0,0.9044,1166.0,0.9045,752.0
1753547124130,16:25:24.130,AERO/USDT:USDT,0.9037,214.0,0.9034,58.0,0.9044,1166.0,0.9045,752.0
1753547124133,16:25:24.133,AERO/USDT:USDT,0.9037,214.0,0.9034,58.0,0.9044,1166.0,0.9045,752.0
1753547124343,16:25:24.343,AERO/USDT:USDT,0.9037,214.0,0.9034,58.0,0.9039,109.0,0.904,121.0
1753547124383,16:25:24.383,AERO/USDT:USDT,0.9037,214.0,0.9034,58.0,0.9039,109.0,0.904,121.0
1753547124710,16:25:24.710,AERO/USDT:USDT,0.9028,645.0,0.9027,399.0,0.9039,109.0,0.904,121.0
1753547127325,16:25:27.325,AERO/USDT:USDT,0.9028,645.0,0.9027,399.0,0.9039,109.0,0.904,121.0
1753547127809,16:25:27.809,AERO/USDT:USDT,0.9028,645.0,0.9027,399.0,0.9039,109.0,0.904,121.0
1753547128211,16:25:28.211,AERO/USDT:USDT,0.9028,645.0,0.9027,399.0,0.9039,109.0,0.904,121.0
1753547128373,16:25:28.373,AERO/USDT:USDT,0.9028,645.0,0.9027,399.0,0.9039,109.0,0.904,121.0
1753547128439,16:25:28.439,AERO/USDT:USDT,0.9028,645.0,0.9027,399.0,0.9039,109.0,0.904,121.0
1753547128476,16:25:28.476,AERO/USDT:USDT,0.9028,645.0,0.9027,399.0,0.9039,109.0,0.904,121.0
1753547130009,16:25:30.009,AERO/USDT:USDT,0.9028,645.0,0.9027,399.0,0.904,121.0,0.9044,1438.0
1753547130802,16:25:30.802,AERO/USDT:USDT,0.9034,54.0,0.9033,132.0,0.904,121.0,0.9041,50.0
1753547130817,16:25:30.817,AERO/USDT:USDT,0.9034,54.0,0.9033,132.0,0.904,121.0,0.9041,50.0
1753547130829,16:25:30.829,AERO/USDT:USDT,0.9034,54.0,0.9033,132.0,0.904,121.0,0.9041,50.0
1753547130855,16:25:30.855,AERO/USDT:USDT,0.9034,54.0,0.9033,132.0,0.904,121.0,0.9041,50.0
1753547130860,16:25:30.860,AERO/USDT:USDT,0.9034,54.0,0.9033,132.0,0.904,121.0,0.9041,50.0
1753547131160,16:25:31.160,AERO/USDT:USDT,0.9034,54.0,0.9033,132.0,0.904,121.0,0.9041,50.0
1753547132117,16:25:32.117,AERO/USDT:USDT,0.9034,54.0,0.9033,132.0,0.904,121.0,0.9041,50.0
1753547132124,16:25:32.124,AERO/USDT:USDT,0.9034,54.0,0.9033,132.0,0.904,121.0,0.9041,50.0
1753547134064,16:25:34.064,AERO/USDT:USDT,0.9034,54.0,0.9033,132.0,0.904,121.0,0.9041,50.0
1753547134075,16:25:34.075,AERO/USDT:USDT,0.9034,54.0,0.9033,132.0,0.904,958.0,0.9041,50.0
1753547134090,16:25:34.090,AERO/USDT:USDT,0.9034,54.0,0.9033,132.0,0.904,958.0,0.9041,50.0
1753547134211,16:25:34.211,AERO/USDT:USDT,0.9034,54.0,0.9033,132.0,0.904,958.0,0.9041,50.0
1753547135912,16:25:35.912,AERO/USDT:USDT,0.9034,54.0,0.9033,132.0,0.9038,52.0,0.9039,71.0
1753547135912,16:25:35.912,AERO/USDT:USDT,0.9034,54.0,0.9033,132.0,0.9038,52.0,0.9039,71.0
1753547136119,16:25:36.119,AERO/USDT:USDT,0.9034,54.0,0.9033,132.0,0.9038,52.0,0.9039,71.0
1753547136139,16:25:36.139,AERO/USDT:USDT,0.9034,54.0,0.9033,132.0,0.9038,52.0,0.9039,71.0
1753547136174,16:25:36.174,AERO/USDT:USDT,0.9034,54.0,0.9033,132.0,0.9038,52.0,0.9039,71.0
1753547136926,16:25:36.926,AERO/USDT:USDT,0.9034,54.0,0.9033,132.0,0.9038,52.0,0.9039,71.0
1753547138740,16:25:38.740,AERO/USDT:USDT,0.9034,54.0,0.9033,132.0,0.9039,71.0,0.904,958.0
1753547142011,16:25:42.011,AERO/USDT:USDT,0.9034,54.0,0.9033,132.0,0.9039,71.0,0.904,958.0
1753547142016,16:25:42.016,AERO/USDT:USDT,0.9034,54.0,0.9033,132.0,0.9039,71.0,0.904,958.0
1753547144318,16:25:44.318,AERO/USDT:USDT,0.9034,54.0,0.9033,132.0,0.9039,71.0,0.904,958.0
1753547144476,16:25:44.476,AERO/USDT:USDT,0.9034,54.0,0.9033,132.0,0.9039,71.0,0.904,958.0
1753547144595,16:25:44.595,AERO/USDT:USDT,0.9034,54.0,0.9033,132.0,0.9039,71.0,0.904,958.0
1753547146790,16:25:46.790,AERO/USDT:USDT,0.9034,54.0,0.9033,132.0,0.904,958.0,0.9041,405.0
1753547146798,16:25:46.798,AERO/USDT:USDT,0.9034,54.0,0.9033,132.0,0.904,121.0,0.9041,405.0
1753547146803,16:25:46.803,AERO/USDT:USDT,0.9034,54.0,0.9033,132.0,0.9039,837.0,0.904,121.0
1753547147171,16:25:47.171,AERO/USDT:USDT,0.9034,54.0,0.9033,66.0,0.9035,58.0,0.9036,82.0
1753547147187,16:25:47.187,AERO/USDT:USDT,0.9034,54.0,0.9033,66.0,0.9035,58.0,0.9036,82.0
1753547147217,16:25:47.217,AERO/USDT:USDT,0.9032,54.0,0.9031,61.0,0.9035,58.0,0.9036,82.0
1753547147225,16:25:47.225,AERO/USDT:USDT,0.9032,54.0,0.9031,61.0,0.9035,58.0,0.9036,82.0
1753547147282,16:25:47.282,AERO/USDT:USDT,0.9032,54.0,0.9031,61.0,0.9035,58.0,0.9036,82.0
1753547147347,16:25:47.347,AERO/USDT:USDT,0.9032,54.0,0.9031,61.0,0.9035,895.0,0.9036,82.0
1753547147359,16:25:47.359,AERO/USDT:USDT,0.9032,54.0,0.9031,61.0,0.9035,895.0,0.9036,82.0
1753547148548,16:25:48.548,AERO/USDT:USDT,0.9032,54.0,0.9031,61.0,0.9035,895.0,0.9036,82.0
1753547148548,16:25:48.548,AERO/USDT:USDT,0.9032,54.0,0.9031,61.0,0.9035,895.0,0.9036,82.0
1753547152577,16:25:52.577,AERO/USDT:USDT,0.9032,113.0,0.9031,61.0,0.9034,47.0,0.9035,895.0
1753547153130,16:25:53.130,AERO/USDT:USDT,0.9032,113.0,0.9031,61.0,0.9034,47.0,0.9035,895.0
1753547153323,16:25:53.323,AERO/USDT:USDT,0.9032,113.0,0.9031,61.0,0.9034,47.0,0.9035,895.0
1753547155359,16:25:55.359,AERO/USDT:USDT,0.9031,61.0,0.903,78.0,0.9034,47.0,0.9035,895.0
1753547155470,16:25:55.470,AERO/USDT:USDT,0.9031,61.0,0.903,78.0,0.9034,47.0,0.9035,895.0
1753547157749,16:25:57.749,AERO/USDT:USDT,0.9031,61.0,0.903,78.0,0.9035,895.0,0.9036,82.0
1753547158127,16:25:58.127,AERO/USDT:USDT,0.9031,61.0,0.903,78.0,0.9035,895.0,0.9036,82.0
1753547159085,16:25:59.085,AERO/USDT:USDT,0.9031,61.0,0.903,78.0,0.9035,895.0,0.9036,82.0
1753547162086,16:26:02.086,AERO/USDT:USDT,0.9031,61.0,0.903,78.0,0.9035,895.0,0.9036,82.0
1753547163486,16:26:03.486,AERO/USDT:USDT,0.9031,61.0,0.903,78.0,0.9035,895.0,0.9036,82.0
1753547163613,16:26:03.613,AERO/USDT:USDT,0.9031,61.0,0.903,78.0,0.9035,895.0,0.9036,82.0
1753547163627,16:26:03.627,AERO/USDT:USDT,0.9026,283.0,0.9025,842.0,0.9035,58.0,0.9036,82.0
1753547163635,16:26:03.635,AERO/USDT:USDT,0.9026,283.0,0.9025,842.0,0.9034,837.0,0.9035,58.0
1753547163735,16:26:03.735,AERO/USDT:USDT,0.9026,283.0,0.9025,842.0,0.9034,837.0,0.9035,58.0
1753547163892,16:26:03.892,AERO/USDT:USDT,0.9026,283.0,0.9025,842.0,0.9034,837.0,0.9035,58.0
1753547164452,16:26:04.452,AERO/USDT:USDT,0.9025,842.0,0.902,926.0,0.9034,837.0,0.9035,58.0
1753547165056,16:26:05.056,AERO/USDT:USDT,0.9024,140.0,0.9023,466.0,0.9034,837.0,0.9035,58.0
1753547165073,16:26:05.073,AERO/USDT:USDT,0.9024,140.0,0.9023,466.0,0.9035,58.0,0.9036,82.0
1753547165080,16:26:05.080,AERO/USDT:USDT,0.9024,140.0,0.9023,466.0,0.9035,58.0,0.9036,82.0
1753547165112,16:26:05.112,AERO/USDT:USDT,0.9024,140.0,0.9023,466.0,0.9035,58.0,0.9036,82.0
1753547165113,16:26:05.113,AERO/USDT:USDT,0.9024,140.0,0.9023,466.0,0.9035,895.0,0.9036,82.0
1753547165363,16:26:05.363,AERO/USDT:USDT,0.9024,140.0,0.9023,466.0,0.9035,895.0,0.9036,82.0
1753547166015,16:26:06.015,AERO/USDT:USDT,0.9024,140.0,0.9023,466.0,0.9035,895.0,0.9036,82.0
1753547167444,16:26:07.444,AERO/USDT:USDT,0.9023,466.0,0.9021,295.0,0.9035,895.0,0.9036,82.0
1753547168317,16:26:08.317,AERO/USDT:USDT,0.9023,466.0,0.9021,295.0,0.9035,895.0,0.9036,82.0
1753547168622,16:26:08.622,AERO/USDT:USDT,0.9023,466.0,0.9021,295.0,0.9035,895.0,0.9036,82.0
1753547168671,16:26:08.671,AERO/USDT:USDT,0.9023,466.0,0.9021,295.0,0.9035,895.0,0.9036,82.0
1753547168793,16:26:08.793,AERO/USDT:USDT,0.9023,466.0,0.9021,295.0,0.9035,895.0,0.9036,82.0
1753547170348,16:26:10.348,AERO/USDT:USDT,0.9026,64.0,0.9025,125.0,0.9028,48.0,0.903,204.0
1753547170884,16:26:10.884,AERO/USDT:USDT,0.9026,64.0,0.9025,125.0,0.9028,48.0,0.903,204.0
1753547170934,16:26:10.934,AERO/USDT:USDT,0.9025,48.0,0.9024,57.0,0.9028,48.0,0.903,204.0
1753547170942,16:26:10.942,AERO/USDT:USDT,0.9025,48.0,0.9024,57.0,0.9028,48.0,0.903,204.0
1753547171041,16:26:11.041,AERO/USDT:USDT,0.9025,48.0,0.9024,57.0,0.9028,48.0,0.903,204.0
1753547172017,16:26:12.017,AERO/USDT:USDT,0.9025,48.0,0.9024,57.0,0.9028,48.0,0.903,204.0
1753547173068,16:26:13.068,AERO/USDT:USDT,0.9024,57.0,0.9021,627.0,0.9028,48.0,0.903,204.0
1753547173334,16:26:13.334,AERO/USDT:USDT,0.9024,57.0,0.9021,627.0,0.903,80.0,0.9032,54.0
1753547173345,16:26:13.345,AERO/USDT:USDT,0.9024,57.0,0.9021,627.0,0.903,80.0,0.9032,54.0
1753547173942,16:26:13.942,AERO/USDT:USDT,0.9024,57.0,0.9021,627.0,0.9031,48.0,0.9032,54.0
1753547173963,16:26:13.963,AERO/USDT:USDT,0.9024,57.0,0.9021,627.0,0.9031,48.0,0.9032,54.0
1753547173969,16:26:13.969,AERO/USDT:USDT,0.9024,57.0,0.9021,627.0,0.9031,48.0,0.9032,54.0
1753547174002,16:26:14.002,AERO/USDT:USDT,0.9024,57.0,0.9021,627.0,0.9031,48.0,0.9032,54.0
1753547175064,16:26:15.064,AERO/USDT:USDT,0.9024,57.0,0.9021,627.0,0.9031,48.0,0.9032,54.0
1753547176701,16:26:16.701,AERO/USDT:USDT,0.9028,68.0,0.9024,57.0,0.9031,48.0,0.9032,54.0
1753547176707,16:26:16.707,AERO/USDT:USDT,0.9029,49.0,0.9028,138.0,0.9031,48.0,0.9032,54.0
1753547176712,16:26:16.712,AERO/USDT:USDT,0.9029,49.0,0.9028,138.0,0.9031,48.0,0.9032,54.0
1753547177918,16:26:17.918,AERO/USDT:USDT,0.9029,49.0,0.9028,138.0,0.9031,48.0,0.9032,54.0
1753547177926,16:26:17.926,AERO/USDT:USDT,0.9029,49.0,0.9028,138.0,0.9031,48.0,0.9032,54.0
1753547178012,16:26:18.012,AERO/USDT:USDT,0.9029,49.0,0.9028,138.0,0.9031,48.0,0.9032,54.0
1753547178014,16:26:18.014,AERO/USDT:USDT,0.9029,49.0,0.9028,138.0,0.9031,48.0,0.9032,54.0
1753547179349,16:26:19.349,AERO/USDT:USDT,0.9029,49.0,0.9028,138.0,0.9031,48.0,0.9032,54.0
1753547180080,16:26:20.080,AERO/USDT:USDT,0.9029,49.0,0.9028,138.0,0.9031,48.0,0.9032,54.0
1753547180183,16:26:20.183,AERO/USDT:USDT,0.9029,49.0,0.9028,138.0,0.9031,48.0,0.9032,54.0
