timestamp,time,symbol,bid1_price,bid1_volume,bid2_price,bid2_volume,ask1_price,ask1_volume,ask2_price,ask2_volume
1753546955121,16:22:35.121,A/USDT:USDT,0.5744,222.0,0.5743,2255.0,0.5747,224.0,0.5748,1236.0
1753546959950,16:22:39.950,A/USDT:USDT,0.5744,222.0,0.5743,2255.0,0.5748,1236.0,0.5749,1165.0
1753546959987,16:22:39.987,A/USDT:USDT,0.5744,222.0,0.5743,2255.0,0.5748,1236.0,0.5749,1165.0
1753546960101,16:22:40.101,A/USDT:USDT,0.5744,222.0,0.5743,2255.0,0.5747,219.0,0.5748,1236.0
1753546960353,16:22:40.353,A/USDT:USDT,0.5745,158.0,0.5744,222.0,0.5747,372.0,0.5748,1236.0
1753546960354,16:22:40.354,A/USDT:USDT,0.5746,477.0,0.5745,378.0,0.5747,615.0,0.5748,1464.0
1753546960477,16:22:40.477,A/USDT:USDT,0.5746,477.0,0.5745,597.0,0.5747,615.0,0.5748,1464.0
1753546960523,16:22:40.523,A/USDT:USDT,0.5746,477.0,0.5745,378.0,0.5747,615.0,0.5748,1464.0
1753546960562,16:22:40.562,A/USDT:USDT,0.5746,477.0,0.5745,597.0,0.5747,615.0,0.5748,1464.0
1753546960908,16:22:40.908,A/USDT:USDT,0.5746,477.0,0.5745,597.0,0.5747,615.0,0.5748,1464.0
1753546960930,16:22:40.930,A/USDT:USDT,0.5746,477.0,0.5745,597.0,0.5747,615.0,0.5748,1464.0
1753546961089,16:22:41.089,A/USDT:USDT,0.5746,477.0,0.5745,597.0,0.5747,615.0,0.5748,1464.0
1753546961094,16:22:41.094,A/USDT:USDT,0.5746,477.0,0.5745,597.0,0.5747,615.0,0.5748,1464.0
1753546961361,16:22:41.361,A/USDT:USDT,0.5745,361.0,0.5744,466.0,0.5747,615.0,0.5748,1464.0
1753546961385,16:22:41.385,A/USDT:USDT,0.5745,361.0,0.5744,466.0,0.5747,615.0,0.5748,1464.0
1753546965230,16:22:45.230,A/USDT:USDT,0.5746,219.0,0.5745,361.0,0.5747,615.0,0.5748,1464.0
1753546967592,16:22:47.592,A/USDT:USDT,0.5745,361.0,0.5744,466.0,0.5747,615.0,0.5748,1464.0
1753546967608,16:22:47.608,A/USDT:USDT,0.5745,361.0,0.5744,466.0,0.5747,615.0,0.5748,1464.0
1753546967661,16:22:47.661,A/USDT:USDT,0.5746,411.0,0.5745,361.0,0.5747,615.0,0.5748,1464.0
1753546967663,16:22:47.663,A/USDT:USDT,0.5746,579.0,0.5745,361.0,0.5747,615.0,0.5748,1464.0
1753546970763,16:22:50.763,A/USDT:USDT,0.5746,488.0,0.5745,361.0,0.5747,615.0,0.5748,1464.0
1753546972407,16:22:52.407,A/USDT:USDT,0.5746,713.0,0.5745,361.0,0.5747,615.0,0.5748,1464.0
1753546972445,16:22:52.445,A/USDT:USDT,0.5746,713.0,0.5745,361.0,0.5748,1079.0,0.5749,642.0
1753546972473,16:22:52.473,A/USDT:USDT,0.5747,225.0,0.5746,713.0,0.5748,1079.0,0.5749,223.0
1753546972500,16:22:52.500,A/USDT:USDT,0.5747,225.0,0.5746,713.0,0.5748,223.0,0.5749,1079.0
1753546972534,16:22:52.534,A/USDT:USDT,0.5747,225.0,0.5746,713.0,0.5748,223.0,0.5749,1079.0
1753546975199,16:22:55.199,A/USDT:USDT,0.5747,225.0,0.5746,713.0,0.5748,223.0,0.5749,1079.0
1753546975860,16:22:55.860,A/USDT:USDT,0.5747,225.0,0.5746,713.0,0.5748,223.0,0.5749,1079.0
1753546980220,16:23:00.220,A/USDT:USDT,0.5746,713.0,0.5745,361.0,0.5748,223.0,0.5749,1079.0
1753546980279,16:23:00.279,A/USDT:USDT,0.5746,713.0,0.5745,361.0,0.5748,223.0,0.5749,1079.0
1753546980887,16:23:00.887,A/USDT:USDT,0.5747,224.0,0.5746,713.0,0.5748,223.0,0.5749,1079.0
1753546981000,16:23:01.000,A/USDT:USDT,0.5746,713.0,0.5745,361.0,0.5748,223.0,0.5749,1079.0
1753546981009,16:23:01.009,A/USDT:USDT,0.5746,713.0,0.5745,361.0,0.5748,223.0,0.5749,1079.0
1753546981960,16:23:01.960,A/USDT:USDT,0.5746,713.0,0.5745,361.0,0.5748,1044.0,0.5749,1634.0
1753546981982,16:23:01.982,A/USDT:USDT,0.5746,713.0,0.5745,361.0,0.5747,224.0,0.5748,1044.0
1753546982106,16:23:02.106,A/USDT:USDT,0.5746,488.0,0.5745,361.0,0.5747,224.0,0.5748,1044.0
1753546982140,16:23:02.140,A/USDT:USDT,0.5746,488.0,0.5745,361.0,0.5747,224.0,0.5748,1044.0
1753546982170,16:23:02.170,A/USDT:USDT,0.5745,550.0,0.5743,1740.0,0.5747,224.0,0.5748,1044.0
1753546982282,16:23:02.282,A/USDT:USDT,0.5745,331.0,0.5743,1740.0,0.5747,224.0,0.5748,1044.0
1753546982310,16:23:02.310,A/USDT:USDT,0.5745,331.0,0.5743,1740.0,0.5747,224.0,0.5748,1044.0
1753546982359,16:23:02.359,A/USDT:USDT,0.5745,331.0,0.5743,1740.0,0.5747,224.0,0.5748,1044.0
1753546982409,16:23:02.409,A/USDT:USDT,0.5745,331.0,0.5743,1740.0,0.5747,224.0,0.5748,1044.0
1753546982436,16:23:02.436,A/USDT:USDT,0.5745,331.0,0.5744,224.0,0.5747,224.0,0.5748,1044.0
1753546982452,16:23:02.452,A/USDT:USDT,0.5745,331.0,0.5744,224.0,0.5747,1080.0,0.5748,1044.0
1753546982807,16:23:02.807,A/USDT:USDT,0.5745,555.0,0.5744,224.0,0.5747,1080.0,0.5748,1044.0
1753546982809,16:23:02.809,A/USDT:USDT,0.5745,555.0,0.5744,224.0,0.5746,224.0,0.5747,1080.0
1753546983704,16:23:03.704,A/USDT:USDT,0.5745,331.0,0.5744,224.0,0.5746,224.0,0.5747,1080.0
1753546986291,16:23:06.291,A/USDT:USDT,0.5745,555.0,0.5744,224.0,0.5746,224.0,0.5747,1080.0
1753546986362,16:23:06.362,A/USDT:USDT,0.5745,555.0,0.5744,224.0,0.5747,1080.0,0.5748,1044.0
1753546986495,16:23:06.495,A/USDT:USDT,0.5746,224.0,0.5745,555.0,0.5747,1080.0,0.5748,1044.0
1753546986543,16:23:06.543,A/USDT:USDT,0.5746,224.0,0.5745,555.0,0.5747,1080.0,0.5748,1044.0
1753546986634,16:23:06.634,A/USDT:USDT,0.5746,224.0,0.5745,555.0,0.5747,1080.0,0.5748,1044.0
1753546986713,16:23:06.713,A/USDT:USDT,0.5746,224.0,0.5745,555.0,0.5747,1080.0,0.5748,1044.0
1753546987102,16:23:07.102,A/USDT:USDT,0.5745,555.0,0.5744,224.0,0.5747,1080.0,0.5748,1044.0
1753546987132,16:23:07.132,A/USDT:USDT,0.5745,555.0,0.5744,224.0,0.5746,385.0,0.5747,1438.0
1753546987162,16:23:07.162,A/USDT:USDT,0.5745,555.0,0.5744,224.0,0.5746,385.0,0.5747,1438.0
1753546987688,16:23:07.688,A/USDT:USDT,0.5745,380.0,0.5744,224.0,0.5746,385.0,0.5747,1438.0
1753546988089,16:23:08.089,A/USDT:USDT,0.5745,380.0,0.5744,224.0,0.5746,385.0,0.5747,1438.0
1753546988095,16:23:08.095,A/USDT:USDT,0.5745,380.0,0.5744,224.0,0.5746,385.0,0.5747,1438.0
1753546991356,16:23:11.356,A/USDT:USDT,0.5745,380.0,0.5744,224.0,0.5746,385.0,0.5747,1438.0
1753546996075,16:23:16.075,A/USDT:USDT,0.5745,380.0,0.5744,224.0,0.5746,385.0,0.5747,1438.0
1753546996082,16:23:16.082,A/USDT:USDT,0.5745,380.0,0.5744,224.0,0.5746,385.0,0.5747,1438.0
1753546996592,16:23:16.592,A/USDT:USDT,0.5745,380.0,0.5744,224.0,0.5746,602.0,0.5747,1438.0
1753546996876,16:23:16.876,A/USDT:USDT,0.5745,380.0,0.5744,224.0,0.5746,385.0,0.5747,1438.0
1753546996876,16:23:16.876,A/USDT:USDT,0.5745,380.0,0.5744,224.0,0.5746,385.0,0.5747,1438.0
1753547007991,16:23:27.991,A/USDT:USDT,0.5745,380.0,0.5744,224.0,0.5746,604.0,0.5747,1438.0
1753547009320,16:23:29.320,A/USDT:USDT,0.5745,156.0,0.5744,224.0,0.5746,604.0,0.5747,1438.0
1753547009523,16:23:29.523,A/USDT:USDT,0.5744,371.0,0.5743,443.0,0.5746,604.0,0.5747,1438.0
1753547009541,16:23:29.541,A/USDT:USDT,0.5744,371.0,0.5743,443.0,0.5746,851.0,0.5747,1750.0
1753547009541,16:23:29.541,A/USDT:USDT,0.5744,371.0,0.5743,443.0,0.5745,228.0,0.5746,851.0
1753547009596,16:23:29.596,A/USDT:USDT,0.5744,371.0,0.5743,443.0,0.5745,228.0,0.5746,851.0
1753547009625,16:23:29.625,A/USDT:USDT,0.5744,371.0,0.5743,443.0,0.5745,447.0,0.5746,851.0
1753547014682,16:23:34.682,A/USDT:USDT,0.5744,371.0,0.5743,443.0,0.5745,228.0,0.5746,851.0
1753547017158,16:23:37.158,A/USDT:USDT,0.5744,371.0,0.5743,443.0,0.5745,447.0,0.5746,851.0
1753547017223,16:23:37.223,A/USDT:USDT,0.5744,371.0,0.5743,443.0,0.5745,442.0,0.5746,851.0
1753547017594,16:23:37.594,A/USDT:USDT,0.5744,371.0,0.5743,443.0,0.5745,442.0,0.5746,851.0
1753547018288,16:23:38.288,A/USDT:USDT,0.5744,147.0,0.5743,443.0,0.5745,442.0,0.5746,851.0
1753547018434,16:23:38.434,A/USDT:USDT,0.5744,147.0,0.5743,443.0,0.5745,442.0,0.5746,851.0
1753547019525,16:23:39.525,A/USDT:USDT,0.5744,369.0,0.5743,443.0,0.5745,442.0,0.5746,851.0
1753547020091,16:23:40.091,A/USDT:USDT,0.5744,369.0,0.5743,443.0,0.5745,223.0,0.5746,851.0
1753547020623,16:23:40.623,A/USDT:USDT,0.5744,369.0,0.5743,443.0,0.5745,445.0,0.5746,851.0
1753547021882,16:23:41.882,A/USDT:USDT,0.5744,369.0,0.5743,443.0,0.5745,445.0,0.5746,851.0
1753547030705,16:23:50.705,A/USDT:USDT,0.5744,369.0,0.5743,443.0,0.5745,223.0,0.5746,851.0
1753547031210,16:23:51.210,A/USDT:USDT,0.5744,369.0,0.5743,443.0,0.5745,442.0,0.5746,851.0
1753547032845,16:23:52.845,A/USDT:USDT,0.5744,369.0,0.5743,443.0,0.5745,223.0,0.5746,851.0
1753547033463,16:23:53.463,A/USDT:USDT,0.5744,369.0,0.5743,443.0,0.5745,442.0,0.5746,851.0
1753547044250,16:24:04.250,A/USDT:USDT,0.5744,369.0,0.5743,443.0,0.5745,223.0,0.5746,851.0
1753547048433,16:24:08.433,A/USDT:USDT,0.5744,369.0,0.5743,443.0,0.5745,440.0,0.5746,851.0
1753547052360,16:24:12.360,A/USDT:USDT,0.5744,369.0,0.5743,443.0,0.5745,223.0,0.5746,851.0
1753547055317,16:24:15.317,A/USDT:USDT,0.5744,369.0,0.5743,443.0,0.5745,440.0,0.5746,851.0
1753547057761,16:24:17.761,A/USDT:USDT,0.5744,369.0,0.5743,443.0,0.5745,223.0,0.5746,851.0
1753547057761,16:24:17.761,A/USDT:USDT,0.5744,369.0,0.5743,443.0,0.5745,223.0,0.5746,851.0
1753547058918,16:24:18.918,A/USDT:USDT,0.5744,369.0,0.5743,443.0,0.5745,223.0,0.5746,632.0
1753547058958,16:24:18.958,A/USDT:USDT,0.5744,369.0,0.5743,443.0,0.5747,825.0,0.5748,1044.0
1753547058970,16:24:18.970,A/USDT:USDT,0.5745,221.0,0.5744,529.0,0.5747,224.0,0.5748,1044.0
1753547058990,16:24:18.990,A/USDT:USDT,0.5745,221.0,0.5744,529.0,0.5747,224.0,0.5748,1044.0
1753547059136,16:24:19.136,A/USDT:USDT,0.5745,221.0,0.5744,529.0,0.5747,224.0,0.5748,1044.0
1753547059464,16:24:19.464,A/USDT:USDT,0.5745,430.0,0.5744,529.0,0.5747,224.0,0.5748,1044.0
1753547059541,16:24:19.541,A/USDT:USDT,0.5746,221.0,0.5745,430.0,0.5747,224.0,0.5748,1044.0
1753547060012,16:24:20.012,A/USDT:USDT,0.5746,221.0,0.5745,430.0,0.5747,596.0,0.5748,223.0
1753547062487,16:24:22.487,A/USDT:USDT,0.5746,221.0,0.5745,430.0,0.5747,596.0,0.5748,223.0
1753547062548,16:24:22.548,A/USDT:USDT,0.5745,430.0,0.5744,529.0,0.5747,596.0,0.5748,223.0
1753547064679,16:24:24.679,A/USDT:USDT,0.5746,221.0,0.5745,430.0,0.5747,596.0,0.5748,223.0
1753547065599,16:24:25.599,A/USDT:USDT,0.5746,221.0,0.5745,221.0,0.5747,596.0,0.5748,223.0
1753547065607,16:24:25.607,A/USDT:USDT,0.5745,221.0,0.5744,593.0,0.5747,596.0,0.5748,223.0
1753547065662,16:24:25.662,A/USDT:USDT,0.5745,221.0,0.5744,593.0,0.5746,221.0,0.5747,596.0
1753547065892,16:24:25.892,A/USDT:USDT,0.5745,221.0,0.5744,593.0,0.5746,441.0,0.5747,735.0
1753547067276,16:24:27.276,A/USDT:USDT,0.5745,221.0,0.5744,593.0,0.5746,441.0,0.5747,735.0
1753547067284,16:24:27.284,A/USDT:USDT,0.5745,221.0,0.5744,593.0,0.5746,441.0,0.5747,735.0
1753547068969,16:24:28.969,A/USDT:USDT,0.5745,221.0,0.5744,593.0,0.5746,220.0,0.5747,735.0
1753547073156,16:24:33.156,A/USDT:USDT,0.5745,622.0,0.5744,593.0,0.5746,445.0,0.5747,407.0
1753547075496,16:24:35.496,A/USDT:USDT,0.5745,622.0,0.5744,593.0,0.5747,350.0,0.5748,223.0
1753547075520,16:24:35.520,A/USDT:USDT,0.5746,219.0,0.5745,622.0,0.5747,350.0,0.5748,223.0
1753547075755,16:24:35.755,A/USDT:USDT,0.5746,219.0,0.5745,622.0,0.5747,350.0,0.5748,223.0
1753547077396,16:24:37.396,A/USDT:USDT,0.5746,219.0,0.5745,622.0,0.5747,286.0,0.5748,223.0
1753547078183,16:24:38.183,A/USDT:USDT,0.5746,446.0,0.5745,821.0,0.5747,286.0,0.5748,223.0
1753547078475,16:24:38.475,A/USDT:USDT,0.5746,446.0,0.5745,821.0,0.5747,286.0,0.5748,223.0
1753547078514,16:24:38.514,A/USDT:USDT,0.5746,446.0,0.5745,821.0,0.5747,286.0,0.5748,223.0
1753547079731,16:24:39.731,A/USDT:USDT,0.5746,446.0,0.5745,821.0,0.5747,261.0,0.5748,223.0
1753547081096,16:24:41.096,A/USDT:USDT,0.5746,446.0,0.5745,821.0,0.5747,261.0,0.5748,223.0
1753547081113,16:24:41.113,A/USDT:USDT,0.5746,446.0,0.5745,821.0,0.5747,261.0,0.5748,223.0
1753547081144,16:24:41.144,A/USDT:USDT,0.5746,446.0,0.5745,821.0,0.5747,261.0,0.5748,223.0
1753547081274,16:24:41.274,A/USDT:USDT,0.5746,446.0,0.5745,821.0,0.5747,261.0,0.5749,1679.0
1753547081296,16:24:41.296,A/USDT:USDT,0.5746,446.0,0.5745,821.0,0.5747,261.0,0.5749,1679.0
1753547081318,16:24:41.318,A/USDT:USDT,0.5746,446.0,0.5745,821.0,0.5748,330.0,0.5749,223.0
1753547081338,16:24:41.338,A/USDT:USDT,0.5747,227.0,0.5746,446.0,0.5748,330.0,0.5749,223.0
1753547081390,16:24:41.390,A/USDT:USDT,0.5747,227.0,0.5746,446.0,0.5748,330.0,0.5749,223.0
1753547081397,16:24:41.397,A/USDT:USDT,0.5747,227.0,0.5746,446.0,0.5748,330.0,0.5749,223.0
1753547081602,16:24:41.602,A/USDT:USDT,0.5747,227.0,0.5746,446.0,0.5748,330.0,0.5749,223.0
1753547083271,16:24:43.271,A/USDT:USDT,0.5747,395.0,0.5746,867.0,0.5748,330.0,0.5749,223.0
1753547085877,16:24:45.877,A/USDT:USDT,0.5747,395.0,0.5746,867.0,0.5748,330.0,0.5749,223.0
1753547086127,16:24:46.127,A/USDT:USDT,0.5747,395.0,0.5746,867.0,0.5748,330.0,0.5749,223.0
1753547087096,16:24:47.096,A/USDT:USDT,0.5747,395.0,0.5746,867.0,0.5748,330.0,0.5749,223.0
1753547088915,16:24:48.915,A/USDT:USDT,0.5747,395.0,0.5746,867.0,0.5748,295.0,0.5749,223.0
1753547090374,16:24:50.374,A/USDT:USDT,0.5747,395.0,0.5746,867.0,0.5748,295.0,0.575,1716.0
1753547090488,16:24:50.488,A/USDT:USDT,0.5747,395.0,0.5746,867.0,0.5748,295.0,0.5749,227.0
1753547090576,16:24:50.576,A/USDT:USDT,0.5747,395.0,0.5746,867.0,0.5748,295.0,0.575,1716.0
1753547090601,16:24:50.601,A/USDT:USDT,0.5747,395.0,0.5746,867.0,0.5748,295.0,0.575,1716.0
1753547090684,16:24:50.684,A/USDT:USDT,0.5747,395.0,0.5746,867.0,0.5748,295.0,0.575,1716.0
1753547090807,16:24:50.807,A/USDT:USDT,0.5747,395.0,0.5746,867.0,0.5748,295.0,0.5749,227.0
1753547096703,16:24:56.703,A/USDT:USDT,0.5747,395.0,0.5746,867.0,0.5748,295.0,0.5749,227.0
1753547099911,16:24:59.911,A/USDT:USDT,0.5747,395.0,0.5746,867.0,0.5748,289.0,0.5749,227.0
1753547100243,16:25:00.243,A/USDT:USDT,0.5747,395.0,0.5746,867.0,0.5748,516.0,0.5749,227.0
1753547100336,16:25:00.336,A/USDT:USDT,0.5747,168.0,0.5746,867.0,0.5748,516.0,0.5749,227.0
1753547101088,16:25:01.088,A/USDT:USDT,0.5747,395.0,0.5746,867.0,0.5748,516.0,0.5749,227.0
1753547101104,16:25:01.104,A/USDT:USDT,0.5747,395.0,0.5746,867.0,0.5748,516.0,0.5749,227.0
1753547101215,16:25:01.215,A/USDT:USDT,0.5747,395.0,0.5746,867.0,0.5748,289.0,0.5749,227.0
1753547102375,16:25:02.375,A/USDT:USDT,0.5747,381.0,0.5746,867.0,0.5748,289.0,0.5749,227.0
1753547105181,16:25:05.181,A/USDT:USDT,0.5747,381.0,0.5746,867.0,0.5748,516.0,0.5749,227.0
1753547105262,16:25:05.262,A/USDT:USDT,0.5747,154.0,0.5746,867.0,0.5748,516.0,0.5749,227.0
1753547105885,16:25:05.885,A/USDT:USDT,0.5747,154.0,0.5746,867.0,0.5748,516.0,0.5749,227.0
1753547106252,16:25:06.252,A/USDT:USDT,0.5746,616.0,0.5745,840.0,0.5748,516.0,0.5749,227.0
1753547106253,16:25:06.253,A/USDT:USDT,0.5746,219.0,0.5745,221.0,0.5748,516.0,0.5749,227.0
1753547106278,16:25:06.278,A/USDT:USDT,0.5746,219.0,0.5745,221.0,0.5747,162.0,0.5748,810.0
1753547106327,16:25:06.327,A/USDT:USDT,0.5746,219.0,0.5745,221.0,0.5747,162.0,0.5748,810.0
1753547106344,16:25:06.344,A/USDT:USDT,0.5746,219.0,0.5745,221.0,0.5747,162.0,0.5748,810.0
1753547106364,16:25:06.364,A/USDT:USDT,0.5745,221.0,0.5744,604.0,0.5747,162.0,0.5748,810.0
1753547106408,16:25:06.408,A/USDT:USDT,0.5745,221.0,0.5744,604.0,0.5747,389.0,0.5748,810.0
1753547106411,16:25:06.411,A/USDT:USDT,0.5745,221.0,0.5744,604.0,0.5747,389.0,0.5748,810.0
1753547106543,16:25:06.543,A/USDT:USDT,0.5745,221.0,0.5744,604.0,0.5747,389.0,0.5748,810.0
1753547108442,16:25:08.442,A/USDT:USDT,0.5745,221.0,0.5744,604.0,0.5747,371.0,0.5748,810.0
1753547110685,16:25:10.685,A/USDT:USDT,0.5745,221.0,0.5744,604.0,0.5747,371.0,0.5748,810.0
1753547111097,16:25:11.097,A/USDT:USDT,0.5745,221.0,0.5744,604.0,0.5747,371.0,0.5748,810.0
1753547114547,16:25:14.547,A/USDT:USDT,0.5745,221.0,0.5744,604.0,0.5747,361.0,0.5748,810.0
1753547114599,16:25:14.599,A/USDT:USDT,0.5745,221.0,0.5744,604.0,0.5746,225.0,0.5747,361.0
1753547114925,16:25:14.925,A/USDT:USDT,0.5745,221.0,0.5744,604.0,0.5747,361.0,0.5748,810.0
1753547114975,16:25:14.975,A/USDT:USDT,0.5745,221.0,0.5744,604.0,0.5747,361.0,0.5748,810.0
1753547115487,16:25:15.487,A/USDT:USDT,0.5745,221.0,0.5744,604.0,0.5747,361.0,0.5748,810.0
1753547115664,16:25:15.664,A/USDT:USDT,0.5745,221.0,0.5744,604.0,0.5746,225.0,0.5747,361.0
1753547115736,16:25:15.736,A/USDT:USDT,0.5745,360.0,0.5744,568.0,0.5746,225.0,0.5747,593.0
1753547117094,16:25:17.094,A/USDT:USDT,0.5745,360.0,0.5744,568.0,0.5747,593.0,0.5748,412.0
1753547117128,16:25:17.128,A/USDT:USDT,0.5745,360.0,0.5744,568.0,0.5747,593.0,0.5748,412.0
1753547117128,16:25:17.128,A/USDT:USDT,0.5745,360.0,0.5744,568.0,0.5747,593.0,0.5748,412.0
1753547119076,16:25:19.076,A/USDT:USDT,0.5746,218.0,0.5745,360.0,0.5747,593.0,0.5748,412.0
1753547120110,16:25:20.110,A/USDT:USDT,0.5746,218.0,0.5745,360.0,0.5747,593.0,0.5748,1268.0
1753547120278,16:25:20.278,A/USDT:USDT,0.5746,218.0,0.5745,360.0,0.5747,593.0,0.5748,1268.0
1753547120287,16:25:20.287,A/USDT:USDT,0.5746,218.0,0.5745,360.0,0.5747,593.0,0.5748,1268.0
1753547120963,16:25:20.963,A/USDT:USDT,0.5746,432.0,0.5745,704.0,0.5747,593.0,0.5748,1268.0
1753547120986,16:25:20.986,A/USDT:USDT,0.5746,432.0,0.5745,704.0,0.5747,593.0,0.5748,1268.0
1753547124287,16:25:24.287,A/USDT:USDT,0.5746,214.0,0.5745,704.0,0.5747,593.0,0.5748,1268.0
1753547124407,16:25:24.407,A/USDT:USDT,0.5745,221.0,0.5744,222.0,0.5747,593.0,0.5748,1268.0
1753547124463,16:25:24.463,A/USDT:USDT,0.5744,222.0,0.5743,2158.0,0.5746,472.0,0.5747,911.0
1753547124482,16:25:24.482,A/USDT:USDT,0.5744,222.0,0.5743,2158.0,0.5746,472.0,0.5747,911.0
1753547125085,16:25:25.085,A/USDT:USDT,0.5744,222.0,0.5743,2158.0,0.5746,472.0,0.5747,911.0
1753547126118,16:25:26.118,A/USDT:USDT,0.5744,222.0,0.5743,2158.0,0.5746,472.0,0.5747,911.0
1753547126182,16:25:26.182,A/USDT:USDT,0.5744,222.0,0.5743,2158.0,0.5746,472.0,0.5747,911.0
1753547128050,16:25:28.050,A/USDT:USDT,0.5744,222.0,0.5743,2158.0,0.5746,218.0,0.5747,418.0
1753547128080,16:25:28.080,A/USDT:USDT,0.5744,222.0,0.5743,2158.0,0.5747,418.0,0.5748,1083.0
1753547128131,16:25:28.131,A/USDT:USDT,0.5744,222.0,0.5743,2158.0,0.5747,191.0,0.5748,1083.0
1753547128266,16:25:28.266,A/USDT:USDT,0.5744,222.0,0.5743,2158.0,0.5747,191.0,0.5748,1083.0
1753547128355,16:25:28.355,A/USDT:USDT,0.5744,222.0,0.5743,2158.0,0.5747,191.0,0.5748,1083.0
1753547128635,16:25:28.635,A/USDT:USDT,0.5744,222.0,0.5743,2158.0,0.5747,415.0,0.5748,1083.0
1753547129100,16:25:29.100,A/USDT:USDT,0.5744,222.0,0.5743,2158.0,0.5747,415.0,0.5748,227.0
1753547129708,16:25:29.708,A/USDT:USDT,0.5744,222.0,0.5743,2158.0,0.5746,224.0,0.5747,415.0
1753547129804,16:25:29.804,A/USDT:USDT,0.5745,670.0,0.5744,396.0,0.5746,224.0,0.5747,415.0
1753547129887,16:25:29.887,A/USDT:USDT,0.5745,670.0,0.5744,396.0,0.5746,224.0,0.5747,415.0
1753547130628,16:25:30.628,A/USDT:USDT,0.5745,654.0,0.5744,396.0,0.5746,224.0,0.5747,415.0
1753547132093,16:25:32.093,A/USDT:USDT,0.5745,654.0,0.5744,396.0,0.5746,224.0,0.5747,415.0
1753547132105,16:25:32.105,A/USDT:USDT,0.5745,654.0,0.5744,396.0,0.5746,224.0,0.5747,415.0
1753547133407,16:25:33.407,A/USDT:USDT,0.5745,654.0,0.5744,396.0,0.5746,426.0,0.5747,415.0
1753547133409,16:25:33.409,A/USDT:USDT,0.5745,654.0,0.5744,396.0,0.5746,619.0,0.5747,587.0
1753547133451,16:25:33.451,A/USDT:USDT,0.5745,654.0,0.5744,396.0,0.5746,619.0,0.5747,587.0
1753547134686,16:25:34.686,A/USDT:USDT,0.5745,654.0,0.5744,396.0,0.5746,619.0,0.5747,587.0
1753547139479,16:25:39.479,A/USDT:USDT,0.5745,654.0,0.5744,396.0,0.5746,619.0,0.5747,587.0
1753547139486,16:25:39.486,A/USDT:USDT,0.5745,654.0,0.5744,396.0,0.5746,619.0,0.5747,587.0
1753547140068,16:25:40.068,A/USDT:USDT,0.5745,654.0,0.5744,174.0,0.5746,619.0,0.5747,587.0
1753547140119,16:25:40.119,A/USDT:USDT,0.5744,338.0,0.5743,219.0,0.5746,619.0,0.5747,587.0
1753547140131,16:25:40.131,A/USDT:USDT,0.5744,338.0,0.5743,219.0,0.5745,382.0,0.5746,619.0
1753547140171,16:25:40.171,A/USDT:USDT,0.5744,338.0,0.5743,219.0,0.5745,382.0,0.5746,619.0
1753547140223,16:25:40.223,A/USDT:USDT,0.5744,338.0,0.5743,219.0,0.5745,602.0,0.5746,619.0
1753547141147,16:25:41.147,A/USDT:USDT,0.5744,558.0,0.5743,219.0,0.5745,602.0,0.5746,619.0
1753547143138,16:25:43.138,A/USDT:USDT,0.5744,338.0,0.5743,219.0,0.5745,602.0,0.5746,619.0
1753547144093,16:25:44.093,A/USDT:USDT,0.5744,338.0,0.5743,219.0,0.5745,602.0,0.5746,619.0
1753547144101,16:25:44.101,A/USDT:USDT,0.5744,338.0,0.5743,219.0,0.5745,602.0,0.5746,619.0
1753547144279,16:25:44.279,A/USDT:USDT,0.5744,338.0,0.5743,219.0,0.5745,602.0,0.5746,619.0
1753547144622,16:25:44.622,A/USDT:USDT,0.5744,338.0,0.5743,219.0,0.5745,602.0,0.5746,619.0
1753547145407,16:25:45.407,A/USDT:USDT,0.5744,558.0,0.5743,219.0,0.5745,602.0,0.5746,619.0
1753547146224,16:25:46.224,A/USDT:USDT,0.5744,338.0,0.5743,219.0,0.5745,602.0,0.5746,619.0
1753547147225,16:25:47.225,A/USDT:USDT,0.5743,526.0,0.5742,220.0,0.5745,602.0,0.5746,619.0
1753547147364,16:25:47.364,A/USDT:USDT,0.5743,526.0,0.5742,220.0,0.5745,602.0,0.5746,619.0
1753547147446,16:25:47.446,A/USDT:USDT,0.5743,526.0,0.5742,220.0,0.5744,530.0,0.5745,602.0
1753547147464,16:25:47.464,A/USDT:USDT,0.5743,526.0,0.5742,220.0,0.5744,530.0,0.5745,602.0
1753547147466,16:25:47.466,A/USDT:USDT,0.5743,526.0,0.5742,220.0,0.5744,530.0,0.5745,602.0
1753547147682,16:25:47.682,A/USDT:USDT,0.5743,526.0,0.5742,220.0,0.5744,220.0,0.5745,220.0
1753547147729,16:25:47.729,A/USDT:USDT,0.5743,526.0,0.5742,220.0,0.5745,220.0,0.5746,1080.0
1753547147786,16:25:47.786,A/USDT:USDT,0.5743,526.0,0.5742,220.0,0.5745,220.0,0.5746,1080.0
1753547148580,16:25:48.580,A/USDT:USDT,0.5743,526.0,0.5741,221.0,0.5745,220.0,0.5746,1080.0
1753547148601,16:25:48.601,A/USDT:USDT,0.5743,526.0,0.5741,221.0,0.5745,220.0,0.5746,1080.0
1753547149086,16:25:49.086,A/USDT:USDT,0.5743,526.0,0.5741,221.0,0.5745,220.0,0.5746,1080.0
1753547150204,16:25:50.204,A/USDT:USDT,0.5743,501.0,0.5741,221.0,0.5745,220.0,0.5746,1080.0
1753547150223,16:25:50.223,A/USDT:USDT,0.5743,727.0,0.5741,221.0,0.5745,220.0,0.5746,1080.0
1753547153883,16:25:53.883,A/USDT:USDT,0.5743,727.0,0.5741,221.0,0.5745,220.0,0.5746,1080.0
1753547153892,16:25:53.892,A/USDT:USDT,0.5743,727.0,0.5741,221.0,0.5745,220.0,0.5746,1080.0
1753547154409,16:25:54.409,A/USDT:USDT,0.5744,355.0,0.5743,379.0,0.5745,387.0,0.5746,1550.0
1753547154430,16:25:54.430,A/USDT:USDT,0.5744,581.0,0.5743,379.0,0.5745,387.0,0.5746,1550.0
1753547154438,16:25:54.438,A/USDT:USDT,0.5744,581.0,0.5743,379.0,0.5745,387.0,0.5746,1550.0
1753547155517,16:25:55.517,A/USDT:USDT,0.5744,355.0,0.5743,379.0,0.5745,387.0,0.5746,1550.0
1753547156096,16:25:56.096,A/USDT:USDT,0.5744,355.0,0.5743,379.0,0.5745,387.0,0.5746,1550.0
1753547161418,16:26:01.418,A/USDT:USDT,0.5743,558.0,0.5742,226.0,0.5745,532.0,0.5746,1229.0
1753547161432,16:26:01.432,A/USDT:USDT,0.5743,558.0,0.5742,226.0,0.5745,532.0,0.5746,1229.0
1753547161439,16:26:01.439,A/USDT:USDT,0.5743,558.0,0.5742,226.0,0.5744,218.0,0.5745,532.0
1753547162035,16:26:02.035,A/USDT:USDT,0.5743,558.0,0.5742,226.0,0.5745,532.0,0.5746,1229.0
1753547162062,16:26:02.062,A/USDT:USDT,0.5743,558.0,0.5742,226.0,0.5745,532.0,0.5746,1229.0
1753547162092,16:26:02.092,A/USDT:USDT,0.5743,558.0,0.5742,226.0,0.5745,532.0,0.5746,1229.0
1753547162099,16:26:02.099,A/USDT:USDT,0.5743,558.0,0.5742,226.0,0.5745,532.0,0.5746,1229.0
1753547162518,16:26:02.518,A/USDT:USDT,0.5744,218.0,0.5743,558.0,0.5745,532.0,0.5746,1229.0
1753547162688,16:26:02.688,A/USDT:USDT,0.5744,218.0,0.5743,558.0,0.5745,532.0,0.5746,1229.0
1753547162767,16:26:02.767,A/USDT:USDT,0.5743,558.0,0.5742,226.0,0.5745,532.0,0.5746,1229.0
1753547162795,16:26:02.795,A/USDT:USDT,0.5743,558.0,0.5742,226.0,0.5745,532.0,0.5746,1229.0
1753547163487,16:26:03.487,A/USDT:USDT,0.5743,558.0,0.5742,226.0,0.5744,218.0,0.5745,365.0
1753547163899,16:26:03.899,A/USDT:USDT,0.5743,332.0,0.5742,226.0,0.5744,218.0,0.5745,365.0
1753547164498,16:26:04.498,A/USDT:USDT,0.5743,332.0,0.5742,226.0,0.5744,218.0,0.5745,365.0
1753547164774,16:26:04.774,A/USDT:USDT,0.5742,724.0,0.5741,221.0,0.5744,218.0,0.5745,365.0
1753547164805,16:26:04.805,A/USDT:USDT,0.5742,498.0,0.5741,221.0,0.5744,218.0,0.5745,365.0
1753547164818,16:26:04.818,A/USDT:USDT,0.5742,498.0,0.5741,221.0,0.5744,218.0,0.5745,365.0
1753547167240,16:26:07.240,A/USDT:USDT,0.5742,498.0,0.5741,221.0,0.5743,241.0,0.5744,420.0
1753547167267,16:26:07.267,A/USDT:USDT,0.5742,498.0,0.5741,221.0,0.5743,459.0,0.5744,420.0
1753547168107,16:26:08.107,A/USDT:USDT,0.5742,498.0,0.5741,221.0,0.5743,459.0,0.5744,1276.0
1753547168121,16:26:08.121,A/USDT:USDT,0.5742,498.0,0.5741,221.0,0.5743,459.0,0.5744,1276.0
1753547168289,16:26:08.289,A/USDT:USDT,0.5742,498.0,0.5741,221.0,0.5743,459.0,0.5744,1276.0
1753547168313,16:26:08.313,A/USDT:USDT,0.5742,498.0,0.5741,221.0,0.5743,459.0,0.5744,1276.0
1753547168412,16:26:08.412,A/USDT:USDT,0.5742,478.0,0.5741,221.0,0.5743,459.0,0.5744,1276.0
1753547168547,16:26:08.547,A/USDT:USDT,0.5742,478.0,0.5741,221.0,0.5743,651.0,0.5744,1536.0
1753547169926,16:26:09.926,A/USDT:USDT,0.5742,696.0,0.5741,221.0,0.5743,651.0,0.5744,1536.0
1753547170007,16:26:10.007,A/USDT:USDT,0.5742,696.0,0.5741,221.0,0.5743,433.0,0.5744,1536.0
1753547170089,16:26:10.089,A/USDT:USDT,0.5742,696.0,0.5741,221.0,0.5744,1074.0,0.5745,220.0
1753547170424,16:26:10.424,A/USDT:USDT,0.5742,696.0,0.5741,221.0,0.5743,218.0,0.5744,1074.0
1753547173337,16:26:13.337,A/USDT:USDT,0.5742,218.0,0.5741,580.0,0.5744,1074.0,0.5745,220.0
1753547173448,16:26:13.448,A/USDT:USDT,0.5742,218.0,0.5741,580.0,0.5743,218.0,0.5744,1074.0
1753547173978,16:26:13.978,A/USDT:USDT,0.5742,218.0,0.5741,580.0,0.5744,1074.0,0.5745,220.0
1753547174031,16:26:14.031,A/USDT:USDT,0.5742,218.0,0.5741,580.0,0.5744,1074.0,0.5745,220.0
1753547174100,16:26:14.100,A/USDT:USDT,0.5742,218.0,0.5741,580.0,0.5744,218.0,0.5745,1076.0
1753547177879,16:26:17.879,A/USDT:USDT,0.5742,218.0,0.5741,580.0,0.5744,218.0,0.5745,1076.0
1753547177879,16:26:17.879,A/USDT:USDT,0.5742,218.0,0.5741,580.0,0.5744,218.0,0.5745,1076.0
1753547178212,16:26:18.212,A/USDT:USDT,0.5742,218.0,0.5741,580.0,0.5744,218.0,0.5745,1076.0
1753547178499,16:26:18.499,A/USDT:USDT,0.5742,218.0,0.5741,580.0,0.5743,441.0,0.5744,859.0
