timestamp,time,symbol,bid1_price,bid1_volume,bid2_price,bid2_volume,ask1_price,ask1_volume,ask2_price,ask2_volume
1753546946975,16:22:26.975,AEVO/USDT:USDT,0.1072,3.0,0.10719,418.0,0.10722,3407.0,0.10723,2385.0
1753546948310,16:22:28.310,AEVO/USDT:USDT,0.10719,1311.0,0.10715,8526.0,0.10724,996.0,0.10727,33430.0
1753546949311,16:22:29.311,AEVO/USDT:USDT,0.1072,1.0,0.10719,3.0,0.10724,997.0,0.10727,16302.0
1753546950133,16:22:30.133,AEVO/USDT:USDT,0.10719,5.0,0.10715,8377.0,0.10723,5.0,0.10724,994.0
1753546950314,16:22:30.314,AEVO/USDT:USDT,0.10719,5.0,0.10715,8377.0,0.10723,5.0,0.10724,994.0
1753546953137,16:22:33.137,AEVO/USDT:USDT,0.10719,7.0,0.10715,8377.0,0.10724,995.0,0.10725,34925.0
1753546953316,16:22:33.316,AEVO/USDT:USDT,0.10719,5.0,0.10715,8377.0,0.10724,995.0,0.10725,34925.0
1753546954819,16:22:34.819,AEVO/USDT:USDT,0.10719,3.0,0.10718,2.0,0.10723,995.0,0.10724,19533.0
1753546955329,16:22:35.329,AEVO/USDT:USDT,0.10719,5.0,0.10715,8377.0,0.10724,998.0,0.10727,32818.0
1753546955820,16:22:35.820,AEVO/USDT:USDT,0.10719,5.0,0.10715,8377.0,0.10724,998.0,0.10727,32818.0
1753546956322,16:22:36.322,AEVO/USDT:USDT,0.10719,2.0,0.10718,6.0,0.10723,992.0,0.10724,22525.0
1753546957138,16:22:37.138,AEVO/USDT:USDT,0.10719,2.0,0.10718,4.0,0.10723,997.0,0.10724,22521.0
1753546957323,16:22:37.323,AEVO/USDT:USDT,0.10719,9.0,0.10717,9724.0,0.10723,998.0,0.10724,31732.0
1753546958325,16:22:38.325,AEVO/USDT:USDT,0.10719,5.0,0.10718,2.0,0.10723,998.0,0.10724,27848.0
1753546959332,16:22:39.332,AEVO/USDT:USDT,0.10719,6.0,0.10715,8377.0,0.10723,5.0,0.10724,995.0
1753546960688,16:22:40.688,AEVO/USDT:USDT,0.10722,1003.0,0.10719,2.0,0.10723,5.0,0.10724,2.0
1753546961328,16:22:41.328,AEVO/USDT:USDT,0.10722,5.0,0.1072,40414.0,0.10724,2.0,0.10726,2802.0
1753546961829,16:22:41.829,AEVO/USDT:USDT,0.10722,6.0,0.1072,40414.0,0.10724,2.0,0.10726,2802.0
1753546962332,16:22:42.332,AEVO/USDT:USDT,0.1072,404.0,0.10719,2.0,0.10724,2.0,0.10725,508.0
1753546962830,16:22:42.830,AEVO/USDT:USDT,0.1072,402.0,0.10719,2.0,0.10724,2.0,0.10725,508.0
1753546963336,16:22:43.336,AEVO/USDT:USDT,0.10721,2.0,0.1072,2.0,0.10724,2.0,0.10725,1.0
1753546964144,16:22:44.144,AEVO/USDT:USDT,0.10721,3.0,0.1072,39414.0,0.10724,2.0,0.10725,508.0
1753546964334,16:22:44.334,AEVO/USDT:USDT,0.10721,5.0,0.1072,39412.0,0.10724,2.0,0.10725,508.0
1753546965335,16:22:45.335,AEVO/USDT:USDT,0.10723,3.0,0.10722,46056.0,0.10724,2.0,0.10726,88.0
1753546965835,16:22:45.835,AEVO/USDT:USDT,0.10721,6.0,0.10719,2.0,0.10724,2.0,0.10725,87.0
1753546966338,16:22:46.338,AEVO/USDT:USDT,0.10722,3.0,0.10721,5.0,0.10724,2.0,0.10726,91.0
1753546967152,16:22:47.152,AEVO/USDT:USDT,0.10722,8.0,0.10719,2.0,0.10724,2.0,0.10726,92.0
1753546967337,16:22:47.337,AEVO/USDT:USDT,0.10722,8.0,0.10719,2.0,0.10724,2.0,0.10726,92.0
1753546968338,16:22:48.338,AEVO/USDT:USDT,0.10722,8.0,0.10719,44393.0,0.10724,2.0,0.10726,90.0
1753546969340,16:22:49.340,AEVO/USDT:USDT,0.10722,5.0,0.10719,14802.0,0.10724,2.0,0.10726,90.0
1753546969840,16:22:49.840,AEVO/USDT:USDT,0.10722,5.0,0.10719,14802.0,0.10724,2.0,0.10726,92.0
1753546970342,16:22:50.342,AEVO/USDT:USDT,0.10722,5.0,0.10721,10356.0,0.10724,2.0,0.10725,87.0
1753546971148,16:22:51.148,AEVO/USDT:USDT,0.10722,6.0,0.10719,1856.0,0.10724,2.0,0.10726,92.0
1753546971842,16:22:51.842,AEVO/USDT:USDT,0.10722,6.0,0.10719,1856.0,0.10724,2.0,0.10726,91.0
1753546972343,16:22:52.343,AEVO/USDT:USDT,0.10722,5.0,0.1072,52094.0,0.10724,2.0,0.10726,88.0
1753546972849,16:22:52.849,AEVO/USDT:USDT,0.10722,5.0,0.1072,52094.0,0.10724,2.0,0.10726,91.0
1753546973345,16:22:53.345,AEVO/USDT:USDT,0.10722,5.0,0.10719,2.0,0.10724,2.0,0.10726,91.0
1753546974150,16:22:54.150,AEVO/USDT:USDT,0.10722,34.0,0.10719,2.0,0.10724,2.0,0.10726,90.0
1753546974346,16:22:54.346,AEVO/USDT:USDT,0.10722,34.0,0.10719,2.0,0.10724,2.0,0.10726,90.0
1753546975352,16:22:55.352,AEVO/USDT:USDT,0.10722,34.0,0.10719,2.0,0.10724,2.0,0.10726,89.0
1753546975847,16:22:55.847,AEVO/USDT:USDT,0.10722,34.0,0.10719,2.0,0.10724,2.0,0.10726,89.0
1753546976348,16:22:56.348,AEVO/USDT:USDT,0.10722,33.0,0.10719,63267.0,0.10724,2.0,0.10725,87.0
1753546977167,16:22:57.167,AEVO/USDT:USDT,0.10722,37.0,0.1072,6987.0,0.10725,89.0,0.10726,17195.0
1753546977348,16:22:57.348,AEVO/USDT:USDT,0.10724,35.0,0.10722,15092.0,0.10725,5.0,0.10727,87.0
1753546978350,16:22:58.350,AEVO/USDT:USDT,0.10724,2.0,0.10723,1179.0,0.10725,2.0,0.10726,10.0
1753546978850,16:22:58.850,AEVO/USDT:USDT,0.10724,2.0,0.10723,1179.0,0.10725,2.0,0.10726,10.0
1753546979350,16:22:59.350,AEVO/USDT:USDT,0.10724,1181.0,0.10722,25165.0,0.10725,2.0,0.10727,11.0
1753546979851,16:22:59.851,AEVO/USDT:USDT,0.10724,1181.0,0.10722,25165.0,0.10725,2.0,0.10727,12.0
1753546980354,16:23:00.354,AEVO/USDT:USDT,0.10724,1182.0,0.10722,2.0,0.10725,2.0,0.10726,9.0
1753546981154,16:23:01.154,AEVO/USDT:USDT,0.10725,8678.0,0.10724,3.0,0.10728,7789.0,0.10729,18.0
1753546981354,16:23:01.354,AEVO/USDT:USDT,0.10725,8683.0,0.10722,49595.0,0.10728,7789.0,0.10729,18.0
1753546982359,16:23:02.359,AEVO/USDT:USDT,0.10722,2.0,0.10721,4.0,0.10726,5.0,0.10728,40589.0
1753546982856,16:23:02.856,AEVO/USDT:USDT,0.10722,2.0,0.10721,5.0,0.10726,5.0,0.10728,40589.0
1753546983811,16:23:03.811,AEVO/USDT:USDT,0.10725,2.0,0.10723,2.0,0.10726,3.0,0.10728,6903.0
1753546984454,16:23:04.454,AEVO/USDT:USDT,0.10723,2.0,0.10722,266.0,0.10727,2.0,0.10728,6903.0
1753546985065,16:23:05.065,AEVO/USDT:USDT,0.10723,2.0,0.10722,3.0,0.10727,22.0,0.10728,6902.0
1753546985417,16:23:05.417,AEVO/USDT:USDT,0.10722,52.0,0.1072,6987.0,0.10727,22.0,0.10728,6902.0
1753546986215,16:23:06.215,AEVO/USDT:USDT,0.10723,265.0,0.10722,7851.0,0.10727,22.0,0.10728,6902.0
1753546986845,16:23:06.845,AEVO/USDT:USDT,0.10724,1488.0,0.10722,8212.0,0.10727,5.0,0.10728,6902.0
1753546987360,16:23:07.360,AEVO/USDT:USDT,0.10727,2616.0,0.10725,49689.0,0.10728,6902.0,0.1073,6431.0
1753546988158,16:23:08.158,AEVO/USDT:USDT,0.10728,1293.0,0.10727,23804.0,0.1073,6026.0,0.10732,227.0
1753546988862,16:23:08.862,AEVO/USDT:USDT,0.10728,4.0,0.10725,8405.0,0.1073,6026.0,0.10732,414.0
1753546989364,16:23:09.364,AEVO/USDT:USDT,0.10728,6.0,0.10725,45574.0,0.1073,6026.0,0.10733,232.0
1753546989864,16:23:09.864,AEVO/USDT:USDT,0.10728,7.0,0.10725,45574.0,0.1073,6026.0,0.10733,232.0
1753546990379,16:23:10.379,AEVO/USDT:USDT,0.10728,5.0,0.10727,2.0,0.1073,6026.0,0.10732,232.0
1753546991160,16:23:11.160,AEVO/USDT:USDT,0.10731,2385.0,0.10728,3084.0,0.10732,5.0,0.10734,4108.0
1753546991868,16:23:11.868,AEVO/USDT:USDT,0.10731,2385.0,0.10728,3084.0,0.10734,4108.0,0.10735,61.0
1753546992369,16:23:12.369,AEVO/USDT:USDT,0.10731,2389.0,0.10729,34261.0,0.10734,4108.0,0.10735,61.0
1753546993372,16:23:13.372,AEVO/USDT:USDT,0.10731,2389.0,0.10728,4279.0,0.10734,4167.0,0.10735,18373.0
1753546994163,16:23:14.163,AEVO/USDT:USDT,0.10731,2389.0,0.10727,16200.0,0.10734,4111.0,0.10735,56.0
1753546994374,16:23:14.374,AEVO/USDT:USDT,0.10731,2389.0,0.10727,16200.0,0.10734,4108.0,0.10735,60.0
1753546995376,16:23:15.376,AEVO/USDT:USDT,0.10731,2387.0,0.10727,64669.0,0.10734,4108.0,0.10735,59.0
1753546995875,16:23:15.875,AEVO/USDT:USDT,0.10731,2387.0,0.10727,64669.0,0.10734,4108.0,0.10735,58.0
1753546996376,16:23:16.376,AEVO/USDT:USDT,0.10731,2389.0,0.10729,5724.0,0.10734,4108.0,0.10735,58.0
1753546996706,16:23:16.706,AEVO/USDT:USDT,0.10731,4.0,0.10729,104.0,0.10734,4164.0,0.10735,31761.0
1753546997167,16:23:17.167,AEVO/USDT:USDT,0.10729,108.0,0.10726,34818.0,0.10734,4167.0,0.10735,31759.0
1753546997914,16:23:17.914,AEVO/USDT:USDT,0.10731,1191.0,0.1073,4.0,0.10734,4111.0,0.10735,56.0
1753546998380,16:23:18.380,AEVO/USDT:USDT,0.1073,1559.0,0.10729,7263.0,0.10734,4111.0,0.10735,56.0
1753546998881,16:23:18.881,AEVO/USDT:USDT,0.1073,1559.0,0.10729,7263.0,0.10734,4108.0,0.10735,59.0
1753546999380,16:23:19.380,AEVO/USDT:USDT,0.1073,3.0,0.10729,29766.0,0.10734,4164.0,0.10735,7942.0
1753547000168,16:23:20.168,AEVO/USDT:USDT,0.10731,1.0,0.1073,2.0,0.10734,4109.0,0.10735,56.0
1753547000882,16:23:20.882,AEVO/USDT:USDT,0.10731,2.0,0.10729,47973.0,0.10734,4109.0,0.10735,56.0
1753547001382,16:23:21.382,AEVO/USDT:USDT,0.10731,3.0,0.10727,45316.0,0.10734,4108.0,0.10735,59.0
1753547001882,16:23:21.882,AEVO/USDT:USDT,0.10731,2.0,0.10729,7897.0,0.10734,4108.0,0.10735,61.0
1753547002384,16:23:22.384,AEVO/USDT:USDT,0.10731,4.0,0.1073,189.0,0.10734,4164.0,0.10735,26454.0
1753547003169,16:23:23.169,AEVO/USDT:USDT,0.10731,4.0,0.1073,188.0,0.10734,4164.0,0.10735,16969.0
1753547003393,16:23:23.393,AEVO/USDT:USDT,0.10731,4.0,0.1073,188.0,0.10734,4164.0,0.10735,16969.0
1753547004387,16:23:24.387,AEVO/USDT:USDT,0.10733,1.0,0.10731,4.0,0.10734,4108.0,0.10735,5.0
1753547004889,16:23:24.889,AEVO/USDT:USDT,0.10733,1.0,0.10731,4.0,0.10734,4108.0,0.10735,5.0
1753547006173,16:23:26.173,AEVO/USDT:USDT,0.10732,6.0,0.10727,48266.0,0.10734,4108.0,0.10736,10.0
1753547006391,16:23:26.391,AEVO/USDT:USDT,0.10732,6.0,0.10727,48266.0,0.10734,4108.0,0.10736,10.0
1753547007189,16:23:27.189,AEVO/USDT:USDT,0.10733,5.0,0.10732,4.0,0.10736,15.0,0.10737,6720.0
1753547007895,16:23:27.895,AEVO/USDT:USDT,0.10733,6.0,0.10729,21012.0,0.10736,14.0,0.10737,27781.0
1753547008396,16:23:28.396,AEVO/USDT:USDT,0.10733,10.0,0.1073,9399.0,0.10736,14.0,0.10737,24693.0
1753547008895,16:23:28.895,AEVO/USDT:USDT,0.10733,7.0,0.1073,9399.0,0.10736,14.0,0.10737,24693.0
1753547009586,16:23:29.586,AEVO/USDT:USDT,0.10733,7.0,0.10729,40524.0,0.10736,13.0,0.1074,58417.0
1753547010398,16:23:30.398,AEVO/USDT:USDT,0.10733,10.0,0.10729,10676.0,0.10736,738.0,0.10738,48125.0
1753547010898,16:23:30.898,AEVO/USDT:USDT,0.10733,8.0,0.10732,2.0,0.10735,734.0,0.10736,5.0
1753547011399,16:23:31.399,AEVO/USDT:USDT,0.10733,8.0,0.10732,2.0,0.10734,3600.0,0.10736,5.0
1753547012176,16:23:32.176,AEVO/USDT:USDT,0.10733,3.0,0.10732,7.0,0.10734,3596.0,0.10736,5.0
1753547012399,16:23:32.399,AEVO/USDT:USDT,0.10733,3.0,0.10732,5.0,0.10734,971.0,0.10735,31860.0
1753547013901,16:23:33.901,AEVO/USDT:USDT,0.10733,3.0,0.10732,6.0,0.10734,2.0,0.10735,970.0
1753547014402,16:23:34.402,AEVO/USDT:USDT,0.10733,3.0,0.10732,5.0,0.10734,2.0,0.10735,970.0
1753547014905,16:23:34.905,AEVO/USDT:USDT,0.10733,3.0,0.10732,5.0,0.10735,972.0,0.10736,5.0
1753547015404,16:23:35.404,AEVO/USDT:USDT,0.10733,3.0,0.10732,6.0,0.10735,972.0,0.10736,5.0
1753547016179,16:23:36.179,AEVO/USDT:USDT,0.10733,3.0,0.10732,7.0,0.10735,972.0,0.10736,15534.0
1753547016909,16:23:36.909,AEVO/USDT:USDT,0.10733,3.0,0.10732,7.0,0.10735,972.0,0.10736,15534.0
1753547017408,16:23:37.408,AEVO/USDT:USDT,0.10733,3.0,0.10732,8509.0,0.10736,780.0,0.10737,22540.0
1753547018687,16:23:38.687,AEVO/USDT:USDT,0.10733,9401.0,0.10732,3.0,0.10736,5.0,0.10737,5.0
1753547019178,16:23:39.178,AEVO/USDT:USDT,0.10733,4.0,0.10732,3.0,0.10736,9.0,0.10737,1.0
1753547019412,16:23:39.412,AEVO/USDT:USDT,0.10733,4.0,0.10732,3.0,0.10736,10.0,0.10739,18566.0
1753547020396,16:23:40.396,AEVO/USDT:USDT,0.10734,1.0,0.10733,45017.0,0.10736,10.0,0.10737,4.0
1753547020912,16:23:40.912,AEVO/USDT:USDT,0.10734,3.0,0.10733,45017.0,0.10736,5.0,0.10737,8.0
1753547021412,16:23:41.412,AEVO/USDT:USDT,0.10734,2.0,0.10733,4.0,0.10736,13.0,0.10737,16673.0
1753547021965,16:23:41.965,AEVO/USDT:USDT,0.10733,9.0,0.10732,19013.0,0.10736,13.0,0.10737,24958.0
1753547022413,16:23:42.413,AEVO/USDT:USDT,0.10733,503.0,0.10732,37271.0,0.10736,12.0,0.10737,19733.0
1753547023147,16:23:43.147,AEVO/USDT:USDT,0.10737,499.0,0.10735,7674.0,0.1074,907.0,0.10741,5455.0
1753547023916,16:23:43.916,AEVO/USDT:USDT,0.10736,504.0,0.10735,14684.0,0.10739,4.0,0.1074,37955.0
1753547024416,16:23:44.416,AEVO/USDT:USDT,0.10737,936.0,0.10736,5.0,0.1074,1011.0,0.10741,5455.0
1753547025185,16:23:45.185,AEVO/USDT:USDT,0.10733,502.0,0.1073,2542.0,0.10738,4.0,0.10739,35474.0
1753547025918,16:23:45.918,AEVO/USDT:USDT,0.10733,502.0,0.1073,2542.0,0.10738,6.0,0.10739,35474.0
1753547026418,16:23:46.418,AEVO/USDT:USDT,0.10734,3.0,0.10733,3.0,0.10738,5.0,0.10739,2416.0
1753547027057,16:23:47.057,AEVO/USDT:USDT,0.10734,3.0,0.10733,5775.0,0.10738,2421.0,0.1074,903.0
1753547027420,16:23:47.420,AEVO/USDT:USDT,0.10735,2.0,0.10733,3.0,0.10739,226.0,0.1074,21033.0
1753547028186,16:23:48.186,AEVO/USDT:USDT,0.10735,2.0,0.10734,19477.0,0.10739,1.0,0.1074,1126.0
1753547028421,16:23:48.421,AEVO/USDT:USDT,0.10735,4.0,0.10734,19477.0,0.10739,1.0,0.1074,1126.0
1753547029427,16:23:49.427,AEVO/USDT:USDT,0.10735,5.0,0.10733,3.0,0.1074,1015.0,0.10741,5290.0
1753547029924,16:23:49.924,AEVO/USDT:USDT,0.10735,4.0,0.10733,3.0,0.1074,1015.0,0.10741,5290.0
1753547030425,16:23:50.425,AEVO/USDT:USDT,0.10735,5.0,0.10733,3.0,0.1074,1015.0,0.10741,5290.0
1753547030926,16:23:50.926,AEVO/USDT:USDT,0.10735,3.0,0.10733,3.0,0.1074,1015.0,0.10741,5290.0
1753547031429,16:23:51.429,AEVO/USDT:USDT,0.10735,2.0,0.10734,2.0,0.1074,1014.0,0.10741,5290.0
1753547032189,16:23:52.189,AEVO/USDT:USDT,0.10734,5.0,0.10733,3.0,0.1074,1015.0,0.10741,5290.0
1753547032528,16:23:52.528,AEVO/USDT:USDT,0.10734,842.0,0.10733,3.0,0.10739,47.0,0.1074,29836.0
1753547033191,16:23:53.191,AEVO/USDT:USDT,0.10734,843.0,0.10733,43368.0,0.10739,970.0,0.1074,908.0
1753547033933,16:23:53.933,AEVO/USDT:USDT,0.10734,842.0,0.10733,43368.0,0.10739,970.0,0.1074,908.0
1753547034434,16:23:54.434,AEVO/USDT:USDT,0.10734,2.0,0.10733,843.0,0.10738,970.0,0.10739,32015.0
1753547034934,16:23:54.934,AEVO/USDT:USDT,0.10734,2.0,0.10733,843.0,0.10738,970.0,0.10739,32015.0
1753547035437,16:23:55.437,AEVO/USDT:USDT,0.10734,756.0,0.10733,3.0,0.10739,1.0,0.1074,908.0
1753547036258,16:23:56.258,AEVO/USDT:USDT,0.10734,2.0,0.10733,3.0,0.10737,1.0,0.10738,12195.0
1753547036436,16:23:56.436,AEVO/USDT:USDT,0.10734,501.0,0.10733,16536.0,0.10738,2.0,0.10739,26053.0
1753547037955,16:23:57.955,AEVO/USDT:USDT,0.10734,7.0,0.10733,1.0,0.10738,9.0,0.10739,714.0
1753547038438,16:23:58.438,AEVO/USDT:USDT,0.10736,666.0,0.10734,7.0,0.10738,8.0,0.1074,1.0
1753547039195,16:23:59.195,AEVO/USDT:USDT,0.10736,3.0,0.10735,877.0,0.10738,8.0,0.1074,107.0
1753547039440,16:23:59.440,AEVO/USDT:USDT,0.10736,3.0,0.10734,880.0,0.10738,5.0,0.10739,110.0
1753547040445,16:24:00.445,AEVO/USDT:USDT,0.10734,305.0,0.1073,32129.0,0.10738,113.0,0.10739,2.0
1753547040942,16:24:00.942,AEVO/USDT:USDT,0.10734,306.0,0.1073,32129.0,0.10738,113.0,0.10739,2.0
1753547041443,16:24:01.443,AEVO/USDT:USDT,0.10734,305.0,0.10729,44935.0,0.10738,417.0,0.10739,2.0
1753547041946,16:24:01.946,AEVO/USDT:USDT,0.10734,304.0,0.10729,44935.0,0.10738,417.0,0.10739,2.0
1753547042446,16:24:02.446,AEVO/USDT:USDT,0.10734,306.0,0.1073,2699.0,0.10738,426.0,0.10741,17912.0
1753547043199,16:24:03.199,AEVO/USDT:USDT,0.10734,306.0,0.1073,38982.0,0.10738,428.0,0.10739,7836.0
1753547043446,16:24:03.446,AEVO/USDT:USDT,0.10734,305.0,0.1073,38982.0,0.10738,428.0,0.10739,7836.0
1753547044454,16:24:04.454,AEVO/USDT:USDT,0.10736,298.0,0.10734,7.0,0.10738,9.0,0.10739,419.0
1753547044947,16:24:04.947,AEVO/USDT:USDT,0.10736,298.0,0.10734,7.0,0.10738,9.0,0.10739,419.0
1753547045448,16:24:05.448,AEVO/USDT:USDT,0.10737,1.0,0.10735,52053.0,0.10738,5.0,0.1074,115.0
1753547046200,16:24:06.200,AEVO/USDT:USDT,0.10737,1.0,0.10736,1.0,0.10738,5.0,0.10739,113.0
1753547046451,16:24:06.451,AEVO/USDT:USDT,0.10737,1.0,0.10736,1.0,0.10738,5.0,0.10739,114.0
1753547047452,16:24:07.452,AEVO/USDT:USDT,0.10737,1.0,0.10736,2076.0,0.10738,5.0,0.10739,114.0
1753547047951,16:24:07.951,AEVO/USDT:USDT,0.10737,1.0,0.10736,5.0,0.10738,5.0,0.10739,114.0
1753547048559,16:24:08.559,AEVO/USDT:USDT,0.10737,4.0,0.10735,2196.0,0.10738,847.0,0.10739,1.0
1753547049454,16:24:09.454,AEVO/USDT:USDT,0.10736,5.0,0.10735,2196.0,0.10738,5.0,0.10739,114.0
1753547050202,16:24:10.202,AEVO/USDT:USDT,0.10736,5.0,0.10735,2196.0,0.10738,5.0,0.10739,5.0
1753547050455,16:24:10.455,AEVO/USDT:USDT,0.10736,5.0,0.10735,2196.0,0.10738,5.0,0.10739,5.0
1753547051202,16:24:11.202,AEVO/USDT:USDT,0.10736,6.0,0.10735,32013.0,0.10738,5.0,0.10739,5.0
1753547051956,16:24:11.956,AEVO/USDT:USDT,0.10736,5.0,0.10735,32013.0,0.10738,5.0,0.1074,116.0
1753547052458,16:24:12.458,AEVO/USDT:USDT,0.10738,2209.0,0.10737,47248.0,0.1074,1.0,0.10742,6573.0
1753547052959,16:24:12.959,AEVO/USDT:USDT,0.10738,2209.0,0.10737,47248.0,0.1074,1.0,0.10742,6573.0
1753547053458,16:24:13.458,AEVO/USDT:USDT,0.10739,1.0,0.10737,25492.0,0.1074,1.0,0.10742,6533.0
1753547053959,16:24:13.959,AEVO/USDT:USDT,0.10738,1.0,0.10736,5.0,0.10741,12.0,0.10742,48169.0
1753547054460,16:24:14.460,AEVO/USDT:USDT,0.10739,1.0,0.10738,21676.0,0.10742,7364.0,0.10744,26899.0
1753547055208,16:24:15.208,AEVO/USDT:USDT,0.10739,1.0,0.10736,84.0,0.10741,829.0,0.10742,48159.0
1753547055619,16:24:15.619,AEVO/USDT:USDT,0.10738,1.0,0.10736,3232.0,0.10741,2.0,0.10742,6948.0
1753547055963,16:24:15.963,AEVO/USDT:USDT,0.10737,16003.0,0.10736,84.0,0.10742,6952.0,0.10746,44067.0
1753547056463,16:24:16.463,AEVO/USDT:USDT,0.10737,16003.0,0.10736,43290.0,0.10741,419.0,0.10742,6533.0
1753547056964,16:24:16.964,AEVO/USDT:USDT,0.10737,16003.0,0.10736,44667.0,0.10741,419.0,0.10742,6533.0
1753547057464,16:24:17.464,AEVO/USDT:USDT,0.10737,16008.0,0.10734,24647.0,0.10741,417.0,0.10742,44913.0
1753547058208,16:24:18.208,AEVO/USDT:USDT,0.10738,1.0,0.10737,5.0,0.10742,6536.0,0.10745,29200.0
1753547058474,16:24:18.474,AEVO/USDT:USDT,0.10738,2.0,0.10735,13984.0,0.10742,6536.0,0.10745,29200.0
1753547059209,16:24:19.209,AEVO/USDT:USDT,0.10738,1.0,0.10737,1.0,0.10741,1.0,0.10742,21191.0
1753547059467,16:24:19.467,AEVO/USDT:USDT,0.10738,1.0,0.10737,1.0,0.10741,1.0,0.10742,21191.0
1753547059968,16:24:19.968,AEVO/USDT:USDT,0.10739,4.0,0.10737,14665.0,0.10742,6537.0,0.10743,1.0
1753547060468,16:24:20.468,AEVO/USDT:USDT,0.10739,4.0,0.10734,13562.0,0.10742,6537.0,0.10743,9.0
1753547060969,16:24:20.969,AEVO/USDT:USDT,0.10739,4.0,0.10734,13562.0,0.10742,6533.0,0.10743,13.0
1753547061470,16:24:21.470,AEVO/USDT:USDT,0.10739,4.0,0.10734,15602.0,0.10742,6533.0,0.10743,13.0
1753547061972,16:24:21.972,AEVO/USDT:USDT,0.10739,4.0,0.10734,15602.0,0.10742,6533.0,0.10743,12.0
1753547062472,16:24:22.472,AEVO/USDT:USDT,0.10739,5.0,0.10737,37869.0,0.10742,6542.0,0.10743,1.0
1753547063213,16:24:23.213,AEVO/USDT:USDT,0.10739,4.0,0.10738,1.0,0.10742,6542.0,0.10743,15863.0
1753547063473,16:24:23.473,AEVO/USDT:USDT,0.10739,4.0,0.10738,1.0,0.10742,6545.0,0.10743,15862.0
1753547064410,16:24:24.410,AEVO/USDT:USDT,0.10739,5.0,0.10735,25666.0,0.10742,6545.0,0.10743,38097.0
1753547064977,16:24:24.977,AEVO/USDT:USDT,0.10739,5.0,0.10735,24604.0,0.10742,6545.0,0.10743,38097.0
1753547065477,16:24:25.477,AEVO/USDT:USDT,0.1074,1.0,0.10739,4.0,0.10742,6533.0,0.10743,12.0
1753547066215,16:24:26.215,AEVO/USDT:USDT,0.10739,16080.0,0.10737,32202.0,0.10742,6534.0,0.10743,6633.0
1753547066478,16:24:26.478,AEVO/USDT:USDT,0.10739,16080.0,0.10737,32202.0,0.10742,6538.0,0.10743,6628.0
1753547067481,16:24:27.481,AEVO/USDT:USDT,0.10739,16081.0,0.10736,2176.0,0.10743,15.0,0.10745,15821.0
1753547068483,16:24:28.483,AEVO/USDT:USDT,0.10739,16083.0,0.10736,2176.0,0.10743,14.0,0.10746,19860.0
1753547069057,16:24:29.057,AEVO/USDT:USDT,0.1074,16758.0,0.10739,6.0,0.10742,34.0,0.10743,29192.0
1753547069491,16:24:29.491,AEVO/USDT:USDT,0.10739,7.0,0.10738,53807.0,0.10742,37.0,0.10743,21896.0
1753547070220,16:24:30.220,AEVO/USDT:USDT,0.1074,1.0,0.10739,6.0,0.10742,766.0,0.10743,19648.0
1753547070488,16:24:30.488,AEVO/USDT:USDT,0.1074,1.0,0.10739,6.0,0.10742,764.0,0.10743,19648.0
1753547071489,16:24:31.489,AEVO/USDT:USDT,0.1074,6.0,0.10739,25302.0,0.10742,764.0,0.10743,43913.0
1753547071988,16:24:31.988,AEVO/USDT:USDT,0.10742,1.0,0.1074,5.0,0.10743,3.0,0.10745,36.0
1753547072217,16:24:32.217,AEVO/USDT:USDT,0.10742,2.0,0.10739,1.0,0.10743,3.0,0.10745,36.0
1753547072988,16:24:32.988,AEVO/USDT:USDT,0.10742,6.0,0.10739,13745.0,0.10743,3.0,0.10744,120.0
1753547073491,16:24:33.491,AEVO/USDT:USDT,0.10742,6.0,0.10739,31311.0,0.10743,3.0,0.10744,3.0
1753547074219,16:24:34.219,AEVO/USDT:USDT,0.10743,4.0,0.10739,769.0,0.10744,3.0,0.10746,26.0
1753547074991,16:24:34.991,AEVO/USDT:USDT,0.10743,4.0,0.10739,769.0,0.10746,27.0,0.10748,10002.0
1753547075540,16:24:35.540,AEVO/USDT:USDT,0.10743,1.0,0.10742,25982.0,0.10746,1.0,0.10747,26.0
1753547075991,16:24:35.991,AEVO/USDT:USDT,0.10745,1.0,0.10743,3613.0,0.10746,1.0,0.10748,56.0
1753547076493,16:24:36.493,AEVO/USDT:USDT,0.10745,685.0,0.10744,33195.0,0.10746,1.0,0.10748,58.0
1753547076992,16:24:36.992,AEVO/USDT:USDT,0.10745,687.0,0.10744,33195.0,0.10746,1.0,0.10748,58.0
1753547077495,16:24:37.495,AEVO/USDT:USDT,0.10745,686.0,0.10744,40782.0,0.10748,63.0,0.10749,25005.0
1753547078224,16:24:38.224,AEVO/USDT:USDT,0.10745,684.0,0.10741,35712.0,0.10748,63.0,0.10751,1998.0
1753547078494,16:24:38.494,AEVO/USDT:USDT,0.10745,684.0,0.10741,35712.0,0.10748,60.0,0.10751,1998.0
1753547079495,16:24:39.495,AEVO/USDT:USDT,0.10745,2.0,0.10742,42422.0,0.10748,13.0,0.10749,24665.0
1753547079996,16:24:39.996,AEVO/USDT:USDT,0.10745,6.0,0.10742,42422.0,0.10748,13.0,0.10749,24665.0
1753547080496,16:24:40.496,AEVO/USDT:USDT,0.10745,5.0,0.10744,1.0,0.10748,9.0,0.10751,1998.0
1753547081224,16:24:41.224,AEVO/USDT:USDT,0.10745,5.0,0.10744,3.0,0.10748,5.0,0.10751,23301.0
1753547081474,16:24:41.474,AEVO/USDT:USDT,0.10745,8.0,0.10742,33552.0,0.10748,9.0,0.10749,21972.0
1753547082226,16:24:42.226,AEVO/USDT:USDT,0.10745,8.0,0.10742,33552.0,0.10748,6.0,0.10749,21972.0
1753547082477,16:24:42.477,AEVO/USDT:USDT,0.10746,1.0,0.10745,5.0,0.10748,1.0,0.10749,5.0
1753547083503,16:24:43.503,AEVO/USDT:USDT,0.10746,2.0,0.10745,1.0,0.10748,4.0,0.10749,13731.0
1753547084005,16:24:44.005,AEVO/USDT:USDT,0.10745,2.0,0.10744,7466.0,0.10748,4.0,0.10749,13731.0
1753547084503,16:24:44.503,AEVO/USDT:USDT,0.10746,1.0,0.10745,1.0,0.10749,8.0,0.1075,27036.0
1753547085228,16:24:45.228,AEVO/USDT:USDT,0.10746,1.0,0.10745,1.0,0.10749,8.0,0.10751,31826.0
1753547086506,16:24:46.506,AEVO/USDT:USDT,0.10746,4.0,0.10745,962.0,0.10748,733.0,0.10749,60937.0
1753547087229,16:24:47.229,AEVO/USDT:USDT,0.10745,964.0,0.10742,38611.0,0.10748,737.0,0.10749,60933.0
1753547087508,16:24:47.508,AEVO/USDT:USDT,0.10746,964.0,0.10745,2884.0,0.10748,737.0,0.10752,40867.0
1753547088006,16:24:48.006,AEVO/USDT:USDT,0.10743,4.0,0.1074,37642.0,0.10746,969.0,0.10747,48349.0
1753547088517,16:24:48.517,AEVO/USDT:USDT,0.10743,4.0,0.10742,19157.0,0.10746,732.0,0.10748,28931.0
1753547089230,16:24:49.230,AEVO/USDT:USDT,0.10743,23773.0,0.1074,19385.0,0.10745,413.0,0.10746,25134.0
1753547090009,16:24:50.009,AEVO/USDT:USDT,0.10743,23771.0,0.1074,19385.0,0.10745,413.0,0.10746,25134.0
1753547090512,16:24:50.512,AEVO/USDT:USDT,0.10746,1.0,0.10743,2.0,0.10748,6.0,0.10749,29529.0
1753547091232,16:24:51.232,AEVO/USDT:USDT,0.10746,1.0,0.10743,2.0,0.10748,5.0,0.10749,4.0
1753547091512,16:24:51.512,AEVO/USDT:USDT,0.10746,1.0,0.10743,2.0,0.10749,7.0,0.10751,31713.0
1753547092512,16:24:52.512,AEVO/USDT:USDT,0.10746,6.0,0.10741,50655.0,0.10749,9.0,0.10752,35279.0
1753547093013,16:24:53.013,AEVO/USDT:USDT,0.10746,6.0,0.10741,50655.0,0.10749,9.0,0.10752,35279.0
1753547093514,16:24:53.514,AEVO/USDT:USDT,0.10746,6.0,0.10744,61756.0,0.10749,8.0,0.1075,17131.0
1753547094236,16:24:54.236,AEVO/USDT:USDT,0.10746,6.0,0.10743,6528.0,0.10749,5.0,0.10753,862.0
1753547095021,16:24:55.021,AEVO/USDT:USDT,0.10746,6.0,0.10743,6528.0,0.10749,8.0,0.10753,862.0
1753547095519,16:24:55.519,AEVO/USDT:USDT,0.10746,6.0,0.10741,31847.0,0.10748,5.0,0.10749,63811.0
1753547096022,16:24:56.022,AEVO/USDT:USDT,0.10746,6.0,0.10741,31847.0,0.10748,9.0,0.10749,63807.0
1753547096519,16:24:56.519,AEVO/USDT:USDT,0.10746,6.0,0.10742,36911.0,0.10748,4.0,0.10749,5.0
1753547097251,16:24:57.251,AEVO/USDT:USDT,0.10746,6.0,0.10741,27362.0,0.10748,4.0,0.10749,5.0
1753547098020,16:24:58.020,AEVO/USDT:USDT,0.10746,6.0,0.10741,27362.0,0.10749,8.0,0.10753,2734.0
1753547098521,16:24:58.521,AEVO/USDT:USDT,0.10746,5.0,0.10745,1.0,0.10748,6.0,0.10749,41688.0
1753547099239,16:24:59.239,AEVO/USDT:USDT,0.10746,4.0,0.10745,4.0,0.10748,6.0,0.10749,30593.0
1753547100357,16:25:00.357,AEVO/USDT:USDT,0.10746,4.0,0.10745,2.0,0.10747,1.0,0.10748,45649.0
1753547101025,16:25:01.025,AEVO/USDT:USDT,0.10746,4.0,0.10745,2.0,0.10747,6.0,0.10748,45648.0
1753547101241,16:25:01.241,AEVO/USDT:USDT,0.10746,4.0,0.10745,2.0,0.10747,6.0,0.10748,32941.0
1753547101526,16:25:01.526,AEVO/USDT:USDT,0.10746,4.0,0.10744,6907.0,0.10747,6.0,0.10748,32941.0
1753547102245,16:25:02.245,AEVO/USDT:USDT,0.10746,4.0,0.10744,6910.0,0.10747,6.0,0.10748,32941.0
1753547102527,16:25:02.527,AEVO/USDT:USDT,0.10746,4.0,0.10745,456.0,0.10747,10.0,0.10748,22596.0
1753547104030,16:25:04.030,AEVO/USDT:USDT,0.10747,460.0,0.10746,4.0,0.10748,1.0,0.10749,1.0
1753547104786,16:25:04.786,AEVO/USDT:USDT,0.10747,4.0,0.10746,5.0,0.10748,1.0,0.10749,2672.0
1753547105236,16:25:05.236,AEVO/USDT:USDT,0.10746,9.0,0.10745,1.0,0.10747,1.0,0.10748,12134.0
1753547106032,16:25:06.032,AEVO/USDT:USDT,0.10746,9.0,0.10745,1.0,0.10747,6.0,0.10749,1.0
1753547106532,16:25:06.532,AEVO/USDT:USDT,0.10738,3293.0,0.10737,16707.0,0.10741,1931.0,0.10742,26826.0
1753547107244,16:25:07.244,AEVO/USDT:USDT,0.10738,8.0,0.10737,16707.0,0.10741,1929.0,0.10742,26826.0
1753547107537,16:25:07.537,AEVO/USDT:USDT,0.10738,2.0,0.10737,1.0,0.1074,778.0,0.10745,53097.0
1753547108536,16:25:08.536,AEVO/USDT:USDT,0.10737,4.0,0.10736,5127.0,0.10739,971.0,0.1074,38628.0
1753547109250,16:25:09.250,AEVO/USDT:USDT,0.10737,5128.0,0.10736,2.0,0.10739,3.0,0.1074,967.0
1753547110249,16:25:10.249,AEVO/USDT:USDT,0.10737,2.0,0.10736,5128.0,0.10739,967.0,0.1074,32484.0
1753547110541,16:25:10.541,AEVO/USDT:USDT,0.10737,2.0,0.10736,5128.0,0.10739,969.0,0.1074,32483.0
1753547111540,16:25:11.540,AEVO/USDT:USDT,0.10737,5128.0,0.10736,3.0,0.1074,970.0,0.10741,24237.0
1753547112040,16:25:12.040,AEVO/USDT:USDT,0.10737,5128.0,0.10736,1760.0,0.1074,970.0,0.10741,24237.0
1753547112549,16:25:12.549,AEVO/USDT:USDT,0.10737,5132.0,0.10734,5856.0,0.1074,969.0,0.10744,22389.0
1753547113252,16:25:13.252,AEVO/USDT:USDT,0.10735,2.0,0.10734,22370.0,0.10738,415.0,0.1074,2.0
1753547113543,16:25:13.543,AEVO/USDT:USDT,0.10735,4.0,0.10734,5856.0,0.10739,415.0,0.1074,2.0
1753547114543,16:25:14.543,AEVO/USDT:USDT,0.10735,2.0,0.10734,5856.0,0.10738,415.0,0.1074,2.0
1753547115715,16:25:15.715,AEVO/USDT:USDT,0.10734,5856.0,0.10732,471.0,0.10735,1945.0,0.10736,36182.0
1753547116249,16:25:16.249,AEVO/USDT:USDT,0.10734,5856.0,0.10733,1.0,0.10736,2683.0,0.10738,5.0
1753547116548,16:25:16.548,AEVO/USDT:USDT,0.10734,5856.0,0.10733,3.0,0.10736,2683.0,0.10738,5.0
1753547117250,16:25:17.250,AEVO/USDT:USDT,0.10734,5856.0,0.10733,3.0,0.10736,2688.0,0.10741,13846.0
1753547118051,16:25:18.051,AEVO/USDT:USDT,0.10734,5856.0,0.10732,3.0,0.10735,428.0,0.10736,14167.0
1753547118551,16:25:18.551,AEVO/USDT:USDT,0.10734,5856.0,0.10733,1.0,0.10736,6.0,0.10737,45470.0
1753547119252,16:25:19.252,AEVO/USDT:USDT,0.10734,6898.0,0.10733,2.0,0.10736,3.0,0.10737,2343.0
1753547119551,16:25:19.551,AEVO/USDT:USDT,0.10734,6903.0,0.1073,31565.0,0.10736,3.0,0.10737,2343.0
1753547120251,16:25:20.251,AEVO/USDT:USDT,0.10734,7178.0,0.1073,5396.0,0.10736,3.0,0.10737,2343.0
1753547120553,16:25:20.553,AEVO/USDT:USDT,0.10736,1317.0,0.10734,13430.0,0.10737,2343.0,0.1074,3856.0
1753547121555,16:25:21.555,AEVO/USDT:USDT,0.10736,1034.0,0.10734,45037.0,0.10737,2343.0,0.1074,2.0
1753547122059,16:25:22.059,AEVO/USDT:USDT,0.10736,1036.0,0.10734,45037.0,0.10737,2343.0,0.1074,2.0
1753547122558,16:25:22.558,AEVO/USDT:USDT,0.10736,1033.0,0.10734,5856.0,0.1074,6.0,0.10744,24167.0
1753547123255,16:25:23.255,AEVO/USDT:USDT,0.10736,1.0,0.10735,1032.0,0.10739,2.0,0.1074,45482.0
1753547123558,16:25:23.558,AEVO/USDT:USDT,0.10735,1033.0,0.10734,5856.0,0.10739,2.0,0.1074,45482.0
1753547124401,16:25:24.401,AEVO/USDT:USDT,0.10735,3.0,0.10734,6936.0,0.10737,2.0,0.10738,9648.0
1753547125563,16:25:25.563,AEVO/USDT:USDT,0.10734,7813.0,0.10731,1008.0,0.10737,631.0,0.1074,3.0
1753547126064,16:25:26.064,AEVO/USDT:USDT,0.10734,7813.0,0.10731,1008.0,0.10737,634.0,0.10742,11877.0
1753547126564,16:25:26.564,AEVO/USDT:USDT,0.10734,7813.0,0.10733,10206.0,0.10738,633.0,0.1074,23596.0
1753547127267,16:25:27.267,AEVO/USDT:USDT,0.10734,1961.0,0.10731,26310.0,0.10738,2.0,0.10739,634.0
1753547127525,16:25:27.525,AEVO/USDT:USDT,0.10734,8.0,0.10733,1953.0,0.10739,7.0,0.1074,13886.0
1753547128256,16:25:28.256,AEVO/USDT:USDT,0.10738,2126.0,0.10737,40387.0,0.10739,4.0,0.10741,1.0
1753547128567,16:25:28.567,AEVO/USDT:USDT,0.10738,2127.0,0.10737,40387.0,0.10739,4.0,0.10741,1.0
1753547129568,16:25:29.568,AEVO/USDT:USDT,0.10736,59.0,0.10735,22453.0,0.10739,4.0,0.10741,1.0
1753547130263,16:25:30.263,AEVO/USDT:USDT,0.10736,3.0,0.10734,6.0,0.10739,515.0,0.10742,51232.0
1753547130568,16:25:30.568,AEVO/USDT:USDT,0.10734,9.0,0.10732,1504.0,0.10739,515.0,0.10742,51232.0
1753547131070,16:25:31.070,AEVO/USDT:USDT,0.10734,9.0,0.10732,1504.0,0.10739,516.0,0.10742,51232.0
1753547131574,16:25:31.574,AEVO/USDT:USDT,0.10734,1960.0,0.10732,1504.0,0.10738,462.0,0.10739,56269.0
1753547132070,16:25:32.070,AEVO/USDT:USDT,0.10734,5.0,0.10733,1955.0,0.10737,462.0,0.10738,6592.0
1753547132571,16:25:32.571,AEVO/USDT:USDT,0.10734,1957.0,0.10733,1.0,0.10737,1375.0,0.10738,45524.0
1753547133259,16:25:33.259,AEVO/USDT:USDT,0.10734,5.0,0.10733,1953.0,0.10737,1375.0,0.10738,3994.0
1753547133573,16:25:33.573,AEVO/USDT:USDT,0.10734,4.0,0.10733,1958.0,0.10737,1375.0,0.10738,3994.0
1753547134259,16:25:34.259,AEVO/USDT:USDT,0.10734,1957.0,0.10733,5.0,0.10737,1372.0,0.10738,74895.0
1753547135073,16:25:35.073,AEVO/USDT:USDT,0.10734,1957.0,0.10733,5.0,0.10737,1369.0,0.10738,74895.0
1753547135573,16:25:35.573,AEVO/USDT:USDT,0.10734,1957.0,0.10733,5.0,0.10738,1370.0,0.10739,45157.0
1753547136074,16:25:36.074,AEVO/USDT:USDT,0.10734,4.0,0.10733,1958.0,0.10735,1368.0,0.10736,21073.0
1753547136576,16:25:36.576,AEVO/USDT:USDT,0.10734,4.0,0.10733,5.0,0.10735,1101.0,0.10736,49051.0
1753547137368,16:25:37.368,AEVO/USDT:USDT,0.10734,33716.0,0.10732,1.0,0.10735,1.0,0.10736,924.0
1753547137578,16:25:37.578,AEVO/USDT:USDT,0.10734,33719.0,0.10729,27037.0,0.10735,1.0,0.10736,924.0
1753547138266,16:25:38.266,AEVO/USDT:USDT,0.10734,4.0,0.10733,33715.0,0.10737,829.0,0.10739,3.0
1753547139077,16:25:39.077,AEVO/USDT:USDT,0.10734,4.0,0.10733,33715.0,0.10737,833.0,0.10739,3.0
1753547139577,16:25:39.577,AEVO/USDT:USDT,0.1073,33712.0,0.10729,22541.0,0.10733,833.0,0.10734,49344.0
1753547140264,16:25:40.264,AEVO/USDT:USDT,0.10729,1408.0,0.10728,22385.0,0.10731,958.0,0.10732,2987.0
1753547140579,16:25:40.579,AEVO/USDT:USDT,0.10729,1408.0,0.10728,22385.0,0.10731,959.0,0.10732,2987.0
1753547141263,16:25:41.263,AEVO/USDT:USDT,0.10729,1420.0,0.10728,13067.0,0.10731,2.0,0.10732,829.0
1753547142080,16:25:42.080,AEVO/USDT:USDT,0.10729,1421.0,0.10728,13067.0,0.10731,2.0,0.10732,829.0
1753547142585,16:25:42.585,AEVO/USDT:USDT,0.10729,1421.0,0.10727,35507.0,0.10731,829.0,0.10732,4.0
1753547143082,16:25:43.082,AEVO/USDT:USDT,0.10729,1421.0,0.10727,37427.0,0.10731,829.0,0.10732,4.0
1753547143584,16:25:43.584,AEVO/USDT:USDT,0.10729,1421.0,0.10727,5571.0,0.10732,830.0,0.10736,2153.0
1753547144268,16:25:44.268,AEVO/USDT:USDT,0.10729,1421.0,0.10727,5571.0,0.10732,831.0,0.10737,25771.0
1753547145269,16:25:45.269,AEVO/USDT:USDT,0.10729,1421.0,0.10727,3651.0,0.10732,831.0,0.10733,32713.0
1753547145747,16:25:45.747,AEVO/USDT:USDT,0.10729,1406.0,0.10728,16.0,0.10732,2.0,0.10734,717.0
1753547146268,16:25:46.268,AEVO/USDT:USDT,0.10729,1406.0,0.10728,16.0,0.10734,719.0,0.10735,22666.0
1753547146587,16:25:46.587,AEVO/USDT:USDT,0.10729,1425.0,0.10727,21124.0,0.10733,829.0,0.10734,2.0
1753547147269,16:25:47.269,AEVO/USDT:USDT,0.10729,1421.0,0.10727,8767.0,0.10732,546.0,0.10736,10504.0
1753547147589,16:25:47.589,AEVO/USDT:USDT,0.10729,1406.0,0.10728,16.0,0.10731,415.0,0.10732,20485.0
1753547148591,16:25:48.591,AEVO/USDT:USDT,0.10729,1420.0,0.10728,2.0,0.10732,419.0,0.10737,34810.0
1753547149592,16:25:49.592,AEVO/USDT:USDT,0.10729,1420.0,0.10728,2.0,0.10731,418.0,0.10732,6878.0
1753547150273,16:25:50.273,AEVO/USDT:USDT,0.10729,1420.0,0.10728,2.0,0.10731,1.0,0.10732,5779.0
1753547150594,16:25:50.594,AEVO/USDT:USDT,0.10729,1425.0,0.10727,28215.0,0.10731,1.0,0.10732,5779.0
1753547151597,16:25:51.597,AEVO/USDT:USDT,0.10729,1425.0,0.10727,6231.0,0.10732,5781.0,0.10736,37020.0
1753547152273,16:25:52.273,AEVO/USDT:USDT,0.10727,3669.0,0.10725,12453.0,0.10729,6475.0,0.1073,46532.0
1753547152599,16:25:52.599,AEVO/USDT:USDT,0.10727,3651.0,0.10726,5.0,0.10729,1347.0,0.1073,37369.0
1753547153273,16:25:53.273,AEVO/USDT:USDT,0.10727,3652.0,0.10726,6127.0,0.10729,4.0,0.1073,1343.0
1753547154102,16:25:54.102,AEVO/USDT:USDT,0.10727,3652.0,0.10726,6127.0,0.1073,1346.0,0.10733,109646.0
1753547154603,16:25:54.603,AEVO/USDT:USDT,0.10727,3652.0,0.10726,4.0,0.1073,1344.0,0.10733,11931.0
1753547155274,16:25:55.274,AEVO/USDT:USDT,0.10727,3652.0,0.10726,4.0,0.1073,1344.0,0.10734,34486.0
1753547155603,16:25:55.603,AEVO/USDT:USDT,0.10727,3653.0,0.10725,2408.0,0.1073,1344.0,0.10734,34486.0
1753547156605,16:25:56.605,AEVO/USDT:USDT,0.10727,3657.0,0.10726,38310.0,0.10729,1343.0,0.1073,38544.0
1753547157289,16:25:57.289,AEVO/USDT:USDT,0.10727,10.0,0.10726,38310.0,0.10729,1344.0,0.1073,38544.0
1753547158609,16:25:58.609,AEVO/USDT:USDT,0.10727,10.0,0.10726,4593.0,0.10729,1.0,0.1073,1348.0
1753547159611,16:25:59.611,AEVO/USDT:USDT,0.10727,8.0,0.10722,12269.0,0.10729,1344.0,0.1073,58751.0
1753547160281,16:26:00.281,AEVO/USDT:USDT,0.10727,8.0,0.10724,3121.0,0.10729,4.0,0.1073,1343.0
1753547161110,16:26:01.110,AEVO/USDT:USDT,0.10727,9.0,0.10724,3121.0,0.10729,4.0,0.1073,1343.0
1753547161612,16:26:01.612,AEVO/USDT:USDT,0.10727,956.0,0.10724,9525.0,0.10729,4.0,0.1073,1353.0
1753547162296,16:26:02.296,AEVO/USDT:USDT,0.10727,958.0,0.10724,9525.0,0.10729,1.0,0.1073,1356.0
1753547162614,16:26:02.614,AEVO/USDT:USDT,0.10727,972.0,0.10725,31444.0,0.10729,1.0,0.1073,1358.0
1753547163612,16:26:03.612,AEVO/USDT:USDT,0.10727,972.0,0.10725,23798.0,0.10729,1.0,0.1073,1354.0
1753547164282,16:26:04.282,AEVO/USDT:USDT,0.10727,4.0,0.10725,20.0,0.10729,571.0,0.1073,1.0
1753547164967,16:26:04.967,AEVO/USDT:USDT,0.10723,1846.0,0.10722,8357.0,0.10725,3798.0,0.10726,19574.0
1753547165617,16:26:05.617,AEVO/USDT:USDT,0.10722,8357.0,0.10719,3233.0,0.10725,1423.0,0.10726,79353.0
1753547166116,16:26:06.116,AEVO/USDT:USDT,0.10722,8357.0,0.10719,3233.0,0.10725,1425.0,0.10726,79353.0
1753547166617,16:26:06.617,AEVO/USDT:USDT,0.10722,8357.0,0.1072,12766.0,0.10725,837.0,0.10726,52146.0
1753547167284,16:26:07.284,AEVO/USDT:USDT,0.10722,8359.0,0.1072,12766.0,0.10725,836.0,0.10726,52146.0
1753547168284,16:26:08.284,AEVO/USDT:USDT,0.10722,8358.0,0.10719,249.0,0.10725,836.0,0.10726,75240.0
1753547169122,16:26:09.122,AEVO/USDT:USDT,0.10722,8362.0,0.10719,249.0,0.10725,836.0,0.10726,75240.0
1753547169284,16:26:09.284,AEVO/USDT:USDT,0.10723,1.0,0.10722,8361.0,0.10725,3.0,0.10726,833.0
1753547169624,16:26:09.624,AEVO/USDT:USDT,0.10723,1.0,0.10722,8361.0,0.10725,3.0,0.10726,833.0
1753547170286,16:26:10.286,AEVO/USDT:USDT,0.10723,6.0,0.10722,8356.0,0.10725,3.0,0.10726,301.0
1753547170624,16:26:10.624,AEVO/USDT:USDT,0.10723,4.0,0.10722,8356.0,0.10725,3.0,0.10726,301.0
1753547171627,16:26:11.627,AEVO/USDT:USDT,0.10722,8358.0,0.1072,216.0,0.10725,836.0,0.10726,69231.0
1753547172128,16:26:12.128,AEVO/USDT:USDT,0.10722,8358.0,0.1072,216.0,0.10725,834.0,0.10726,69231.0
1753547172630,16:26:12.630,AEVO/USDT:USDT,0.10723,1.0,0.10722,8358.0,0.10725,3.0,0.10726,833.0
1753547173288,16:26:13.288,AEVO/USDT:USDT,0.10723,1.0,0.10722,8358.0,0.10726,3.0,0.10727,303.0
1753547173634,16:26:13.634,AEVO/USDT:USDT,0.10723,1.0,0.10722,8358.0,0.10727,306.0,0.10729,1308.0
1753547174634,16:26:14.634,AEVO/USDT:USDT,0.10723,1.0,0.10722,8358.0,0.10726,303.0,0.10727,14493.0
1753547175289,16:26:15.289,AEVO/USDT:USDT,0.10723,1.0,0.10722,8358.0,0.10726,5.0,0.10727,301.0
1753547175633,16:26:15.633,AEVO/USDT:USDT,0.10723,1.0,0.10722,8358.0,0.10726,5.0,0.10727,301.0
1753547176639,16:26:16.639,AEVO/USDT:USDT,0.10723,4.0,0.10722,8356.0,0.10726,306.0,0.10727,22307.0
1753547177293,16:26:17.293,AEVO/USDT:USDT,0.10723,6.0,0.10722,8356.0,0.10726,302.0,0.10727,22307.0
1753547177637,16:26:17.637,AEVO/USDT:USDT,0.10723,3.0,0.10722,15310.0,0.10726,302.0,0.10729,32276.0
1753547178654,16:26:18.654,AEVO/USDT:USDT,0.10723,3.0,0.10722,8356.0,0.10726,302.0,0.10727,26009.0
1753547179295,16:26:19.295,AEVO/USDT:USDT,0.10723,3.0,0.10722,8356.0,0.10726,3.0,0.10727,301.0
1753547180141,16:26:20.141,AEVO/USDT:USDT,0.10723,3.0,0.10722,8356.0,0.10727,306.0,0.10729,247.0
1753547180645,16:26:20.645,AEVO/USDT:USDT,0.10723,2.0,0.10722,8357.0,0.10726,303.0,0.10727,10406.0
1753547181294,16:26:21.294,AEVO/USDT:USDT,0.10723,1.0,0.10722,8361.0,0.10726,303.0,0.10727,35468.0
