timestamp,time,exchange,symbol,bid1_price,bid1_volume,bid2_price,bid2_volume,ask1_price,ask1_volume,ask2_price,ask2_volume
1753591883729,04:51:23.729,binance,AERGO/USDT:USDT,0.13298,8515.0,0.13296,4136.0,0.133,187.0,0.13301,313.0
1753591884213,04:51:24.213,binance,AERGO/USDT:USDT,0.13298,8515.0,0.13296,4096.0,0.133,187.0,0.13301,313.0
1753591885120,04:51:25.120,binance,AERGO/USDT:USDT,0.13298,8515.0,0.13296,3971.0,0.133,187.0,0.13301,313.0
1753591885802,04:51:25.802,binance,AERGO/USDT:USDT,0.13298,8515.0,0.13296,3971.0,0.133,187.0,0.13301,313.0
1753591886402,04:51:26.402,binance,AERGO/USDT:USDT,0.13298,8515.0,0.13296,3971.0,0.133,187.0,0.13301,313.0
1753591888668,04:51:28.668,binance,AERGO/USDT:USDT,0.13298,9267.0,0.13296,3971.0,0.133,187.0,0.13301,313.0
1753591888802,04:51:28.802,binance,AERGO/USDT:USDT,0.13298,9267.0,0.13296,3971.0,0.133,187.0,0.13301,313.0
1753591889917,04:51:29.917,binance,AERGO/USDT:USDT,0.13299,8517.0,0.13298,752.0,0.13301,188.0,0.13302,314.0
1753591890102,04:51:30.102,binance,AERGO/USDT:USDT,0.13299,8517.0,0.13298,752.0,0.13301,188.0,0.13302,314.0
1753591890435,04:51:30.435,binance,AERGO/USDT:USDT,0.13299,8517.0,0.13298,752.0,0.13301,188.0,0.13302,314.0
1753591890601,04:51:30.601,binance,AERGO/USDT:USDT,0.13299,8517.0,0.13298,752.0,0.13301,188.0,0.13302,314.0
1753591891002,04:51:31.002,binance,AERGO/USDT:USDT,0.13299,8517.0,0.13298,752.0,0.13301,188.0,0.13302,314.0
1753591891603,04:51:31.603,binance,AERGO/USDT:USDT,0.13299,8517.0,0.13296,4289.0,0.13301,188.0,0.13302,314.0
1753591891875,04:51:31.875,binance,AERGO/USDT:USDT,0.13299,8575.0,0.13296,4241.0,0.13301,188.0,0.13302,314.0
1753591892203,04:51:32.203,binance,AERGO/USDT:USDT,0.13299,8575.0,0.13296,4241.0,0.13301,188.0,0.13302,314.0
1753591892729,04:51:32.729,binance,AERGO/USDT:USDT,0.13299,8575.0,0.13296,4241.0,0.13301,188.0,0.13302,314.0
1753591892832,04:51:32.832,binance,AERGO/USDT:USDT,0.13299,8575.0,0.13296,4241.0,0.13301,188.0,0.13302,314.0
1753591893014,04:51:33.014,binance,AERGO/USDT:USDT,0.13299,8575.0,0.13296,4241.0,0.13301,188.0,0.13302,314.0
1753591893402,04:51:33.402,binance,AERGO/USDT:USDT,0.13299,8575.0,0.13296,4241.0,0.13301,188.0,0.13302,314.0
1753591894488,04:51:34.488,binance,AERGO/USDT:USDT,0.13299,8575.0,0.13296,4241.0,0.13301,188.0,0.13302,314.0
1753591895202,04:51:35.202,binance,AERGO/USDT:USDT,0.13299,8575.0,0.13296,4241.0,0.13301,188.0,0.13302,314.0
1753591897002,04:51:37.002,binance,AERGO/USDT:USDT,0.13299,8644.0,0.13296,4241.0,0.13301,188.0,0.13302,314.0
1753591897726,04:51:37.726,binance,AERGO/USDT:USDT,0.13299,8644.0,0.13296,4241.0,0.13301,188.0,0.13302,314.0
1753591898325,04:51:38.325,binance,AERGO/USDT:USDT,0.133,9238.0,0.13299,127.0,0.13303,189.0,0.13304,368.0
1753591899902,04:51:39.902,binance,AERGO/USDT:USDT,0.133,9238.0,0.13299,127.0,0.13303,189.0,0.13304,368.0
1753591900235,04:51:40.235,binance,AERGO/USDT:USDT,0.133,9238.0,0.13299,127.0,0.13303,189.0,0.13304,368.0
1753591900502,04:51:40.502,binance,AERGO/USDT:USDT,0.133,9238.0,0.13299,127.0,0.13303,189.0,0.13304,368.0
1753591900864,04:51:40.864,binance,AERGO/USDT:USDT,0.133,9238.0,0.13299,127.0,0.13303,189.0,0.13304,368.0
1753591901102,04:51:41.102,binance,AERGO/USDT:USDT,0.133,9238.0,0.13299,127.0,0.13303,189.0,0.13304,368.0
1753591901702,04:51:41.702,binance,AERGO/USDT:USDT,0.133,9238.0,0.13299,127.0,0.13303,189.0,0.13304,368.0
1753591902028,04:51:42.028,binance,AERGO/USDT:USDT,0.133,9238.0,0.13299,127.0,0.13303,189.0,0.13304,368.0
1753591902547,04:51:42.547,binance,AERGO/USDT:USDT,0.133,9238.0,0.13299,127.0,0.13303,189.0,0.13304,368.0
1753591902902,04:51:42.902,binance,AERGO/USDT:USDT,0.133,9238.0,0.13299,127.0,0.13303,189.0,0.13304,368.0
1753591904531,04:51:44.531,binance,AERGO/USDT:USDT,0.133,9238.0,0.13299,127.0,0.13303,189.0,0.13304,368.0
1753591904647,04:51:44.647,binance,AERGO/USDT:USDT,0.133,9238.0,0.13299,127.0,0.13303,189.0,0.13304,368.0
1753591905802,04:51:45.802,binance,AERGO/USDT:USDT,0.133,9238.0,0.13299,127.0,0.13303,189.0,0.13304,368.0
1753591906279,04:51:46.279,binance,AERGO/USDT:USDT,0.13301,9239.0,0.133,53.0,0.13304,190.0,0.13305,3031.0
1753591906382,04:51:46.382,binance,AERGO/USDT:USDT,0.13301,9239.0,0.133,53.0,0.13304,190.0,0.13305,3031.0
1753591906586,04:51:46.586,binance,AERGO/USDT:USDT,0.13301,9239.0,0.133,53.0,0.13304,190.0,0.13305,3031.0
1753591907026,04:51:47.026,binance,AERGO/USDT:USDT,0.13301,9239.0,0.133,53.0,0.13304,190.0,0.13305,3031.0
1753591907251,04:51:47.251,binance,AERGO/USDT:USDT,0.13301,9239.0,0.133,53.0,0.13304,190.0,0.13305,3031.0
1753591907711,04:51:47.711,binance,AERGO/USDT:USDT,0.13301,355.0,0.133,53.0,0.13303,2723.0,0.13304,2315.0
1753591907813,04:51:47.813,binance,AERGO/USDT:USDT,0.13301,355.0,0.133,53.0,0.13303,2723.0,0.13304,2315.0
1753591907921,04:51:47.921,binance,AERGO/USDT:USDT,0.13301,355.0,0.133,53.0,0.13303,2723.0,0.13304,2315.0
1753591908302,04:51:48.302,binance,AERGO/USDT:USDT,0.13301,355.0,0.133,53.0,0.13303,2723.0,0.13304,2315.0
1753591908902,04:51:48.902,binance,AERGO/USDT:USDT,0.13301,355.0,0.133,53.0,0.13303,2723.0,0.13304,2315.0
1753591909150,04:51:49.150,binance,AERGO/USDT:USDT,0.13301,355.0,0.133,53.0,0.13303,2723.0,0.13304,2315.0
1753591909502,04:51:49.502,binance,AERGO/USDT:USDT,0.13301,355.0,0.133,53.0,0.13303,2723.0,0.13304,2315.0
1753591910102,04:51:50.102,binance,AERGO/USDT:USDT,0.13301,355.0,0.133,53.0,0.13303,2723.0,0.13304,2315.0
1753591910205,04:51:50.205,binance,AERGO/USDT:USDT,0.13301,355.0,0.133,53.0,0.13303,2723.0,0.13304,2315.0
1753591910632,04:51:50.632,binance,AERGO/USDT:USDT,0.13301,355.0,0.133,53.0,0.13302,40.0,0.13303,2848.0
1753591910735,04:51:50.735,binance,AERGO/USDT:USDT,0.13301,355.0,0.133,53.0,0.13302,40.0,0.13303,2848.0
1753591911202,04:51:51.202,binance,AERGO/USDT:USDT,0.13301,355.0,0.133,53.0,0.13302,40.0,0.13303,2848.0
1753591911506,04:51:51.506,binance,AERGO/USDT:USDT,0.13301,355.0,0.133,53.0,0.13302,40.0,0.13303,2848.0
1753591911695,04:51:51.695,binance,AERGO/USDT:USDT,0.13301,355.0,0.133,53.0,0.13302,40.0,0.13303,2848.0
1753591912234,04:51:52.234,binance,AERGO/USDT:USDT,0.13301,355.0,0.133,53.0,0.13302,40.0,0.13303,125.0
1753591912337,04:51:52.337,binance,AERGO/USDT:USDT,0.13301,355.0,0.133,53.0,0.13302,40.0,0.13303,125.0
1753591912448,04:51:52.448,binance,AERGO/USDT:USDT,0.13301,466.0,0.133,53.0,0.13302,40.0,0.13303,125.0
1753591912601,04:51:52.601,binance,AERGO/USDT:USDT,0.13301,466.0,0.133,53.0,0.13302,40.0,0.13303,125.0
1753591913002,04:51:53.002,binance,AERGO/USDT:USDT,0.13301,466.0,0.133,53.0,0.13302,40.0,0.13303,125.0
1753591913374,04:51:53.374,binance,AERGO/USDT:USDT,0.13301,466.0,0.133,53.0,0.13302,40.0,0.13303,125.0
1753591913586,04:51:53.586,binance,AERGO/USDT:USDT,0.13301,466.0,0.133,53.0,0.13302,40.0,0.13303,125.0
1753591914202,04:51:54.202,binance,AERGO/USDT:USDT,0.13301,466.0,0.133,53.0,0.13302,40.0,0.13303,125.0
1753591914760,04:51:54.760,binance,AERGO/USDT:USDT,0.13301,466.0,0.133,53.0,0.13302,40.0,0.13303,125.0
1753591915302,04:51:55.302,binance,AERGO/USDT:USDT,0.13301,466.0,0.133,53.0,0.13302,40.0,0.13303,125.0
1753591915902,04:51:55.902,binance,AERGO/USDT:USDT,0.13301,466.0,0.133,53.0,0.13302,40.0,0.13303,125.0
1753591916502,04:51:56.502,binance,AERGO/USDT:USDT,0.13301,466.0,0.133,53.0,0.13302,40.0,0.13303,125.0
1753591916791,04:51:56.791,binance,AERGO/USDT:USDT,0.13301,466.0,0.133,53.0,0.13302,40.0,0.13303,125.0
1753591917067,04:51:57.067,binance,AERGO/USDT:USDT,0.13301,466.0,0.133,53.0,0.13302,40.0,0.13303,125.0
1753591917170,04:51:57.170,binance,AERGO/USDT:USDT,0.13301,466.0,0.133,53.0,0.13302,40.0,0.13303,125.0
1753591917366,04:51:57.366,binance,AERGO/USDT:USDT,0.13301,466.0,0.133,53.0,0.13302,40.0,0.13303,125.0
1753591918302,04:51:58.302,binance,AERGO/USDT:USDT,0.13301,466.0,0.133,53.0,0.13302,40.0,0.13303,125.0
1753591919502,04:51:59.502,binance,AERGO/USDT:USDT,0.13301,466.0,0.133,53.0,0.13302,40.0,0.13303,125.0
1753591919724,04:51:59.724,binance,AERGO/USDT:USDT,0.13301,466.0,0.133,53.0,0.13302,40.0,0.13303,125.0
1753591919865,04:51:59.865,binance,AERGO/USDT:USDT,0.13301,466.0,0.133,53.0,0.13302,40.0,0.13303,125.0
1753591920702,04:52:00.702,binance,AERGO/USDT:USDT,0.13301,466.0,0.133,53.0,0.13302,40.0,0.13303,125.0
1753591921302,04:52:01.302,binance,AERGO/USDT:USDT,0.13301,466.0,0.133,53.0,0.13302,40.0,0.13303,125.0
1753591921739,04:52:01.739,binance,AERGO/USDT:USDT,0.13301,466.0,0.133,53.0,0.13302,40.0,0.13304,190.0
1753591921840,04:52:01.840,binance,AERGO/USDT:USDT,0.13301,466.0,0.133,53.0,0.13302,40.0,0.13303,125.0
1753591921993,04:52:01.993,binance,AERGO/USDT:USDT,0.13301,466.0,0.133,53.0,0.13302,40.0,0.13303,125.0
1753591922126,04:52:02.126,binance,AERGO/USDT:USDT,0.13301,466.0,0.133,53.0,0.13302,40.0,0.13303,125.0
1753591922951,04:52:02.951,binance,AERGO/USDT:USDT,0.13301,466.0,0.133,53.0,0.13302,40.0,0.13303,125.0
1753591923055,04:52:03.055,binance,AERGO/USDT:USDT,0.13301,466.0,0.133,53.0,0.13302,40.0,0.13303,125.0
1753591923158,04:52:03.158,binance,AERGO/USDT:USDT,0.13301,466.0,0.133,53.0,0.13302,40.0,0.13303,125.0
1753591923602,04:52:03.602,binance,AERGO/USDT:USDT,0.13301,466.0,0.133,53.0,0.13302,40.0,0.13303,125.0
1753591924202,04:52:04.202,binance,AERGO/USDT:USDT,0.13301,466.0,0.133,53.0,0.13302,40.0,0.13303,125.0
1753591925402,04:52:05.402,binance,AERGO/USDT:USDT,0.13301,466.0,0.133,53.0,0.13302,40.0,0.13303,125.0
1753591926002,04:52:06.002,binance,AERGO/USDT:USDT,0.13301,466.0,0.133,53.0,0.13302,40.0,0.13303,125.0
1753591927153,04:52:07.153,binance,AERGO/USDT:USDT,0.13301,466.0,0.133,53.0,0.13302,40.0,0.13303,125.0
1753591927274,04:52:07.274,binance,AERGO/USDT:USDT,0.13305,2988.0,0.13304,2941.0,0.13308,479.0,0.13309,4349.0
1753591927376,04:52:07.376,binance,AERGO/USDT:USDT,0.13305,238.0,0.13304,2941.0,0.13308,479.0,0.13309,4349.0
1753591927516,04:52:07.516,binance,AERGO/USDT:USDT,0.13305,238.0,0.13304,191.0,0.13308,479.0,0.13309,4349.0
1753591927664,04:52:07.664,binance,AERGO/USDT:USDT,0.13305,238.0,0.13304,191.0,0.13308,479.0,0.13309,4349.0
1753591927822,04:52:07.822,binance,AERGO/USDT:USDT,0.13305,238.0,0.13304,191.0,0.13308,479.0,0.13309,4349.0
1753591928200,04:52:08.200,binance,AERGO/USDT:USDT,0.13305,238.0,0.13304,191.0,0.13309,124.0,0.1331,737.0
1753591928302,04:52:08.302,binance,AERGO/USDT:USDT,0.13305,238.0,0.13304,191.0,0.13309,2779.0,0.1331,3516.0
1753591928431,04:52:08.431,binance,AERGO/USDT:USDT,0.13305,238.0,0.13304,191.0,0.13309,2779.0,0.1331,737.0
1753591928892,04:52:08.892,binance,AERGO/USDT:USDT,0.13305,238.0,0.13304,191.0,0.13309,4779.0,0.1331,737.0
1753591929202,04:52:09.202,binance,AERGO/USDT:USDT,0.13305,238.0,0.13304,191.0,0.13309,4779.0,0.1331,737.0
1753591929802,04:52:09.802,binance,AERGO/USDT:USDT,0.13305,238.0,0.13304,191.0,0.13309,4779.0,0.1331,737.0
1753591930140,04:52:10.140,binance,AERGO/USDT:USDT,0.13305,238.0,0.13304,191.0,0.13309,4779.0,0.1331,737.0
1753591931002,04:52:11.002,binance,AERGO/USDT:USDT,0.13305,238.0,0.13304,191.0,0.13309,4779.0,0.1331,737.0
1753591931257,04:52:11.257,binance,AERGO/USDT:USDT,0.13305,238.0,0.13304,191.0,0.13309,4779.0,0.1331,737.0
1753591931501,04:52:11.501,binance,AERGO/USDT:USDT,0.13305,238.0,0.13304,191.0,0.13309,4779.0,0.1331,737.0
1753591931602,04:52:11.602,binance,AERGO/USDT:USDT,0.13305,238.0,0.13304,191.0,0.13309,4779.0,0.1331,737.0
1753591932202,04:52:12.202,binance,AERGO/USDT:USDT,0.13305,238.0,0.13304,191.0,0.13309,4779.0,0.1331,737.0
1753591932780,04:52:12.780,binance,AERGO/USDT:USDT,0.13305,238.0,0.13304,191.0,0.13309,4779.0,0.1331,737.0
1753591933154,04:52:13.154,binance,AERGO/USDT:USDT,0.13305,238.0,0.13304,191.0,0.13309,4779.0,0.1331,737.0
1753591933259,04:52:13.259,binance,AERGO/USDT:USDT,0.13305,238.0,0.13304,191.0,0.13309,4779.0,0.1331,737.0
1753591933402,04:52:13.402,binance,AERGO/USDT:USDT,0.13305,238.0,0.13304,191.0,0.13309,4779.0,0.1331,737.0
1753591934002,04:52:14.002,binance,AERGO/USDT:USDT,0.13305,238.0,0.13304,191.0,0.13309,4779.0,0.1331,737.0
1753591934602,04:52:14.602,binance,AERGO/USDT:USDT,0.13305,238.0,0.13304,191.0,0.13309,4779.0,0.1331,737.0
1753591934923,04:52:14.923,binance,AERGO/USDT:USDT,0.13305,238.0,0.13304,191.0,0.13309,4779.0,0.1331,737.0
1753591935130,04:52:15.130,binance,AERGO/USDT:USDT,0.13305,238.0,0.13304,191.0,0.13309,4779.0,0.1331,737.0
1753591935235,04:52:15.235,binance,AERGO/USDT:USDT,0.13305,238.0,0.13304,191.0,0.13309,4779.0,0.1331,737.0
1753591935702,04:52:15.702,binance,AERGO/USDT:USDT,0.13305,238.0,0.13304,191.0,0.13309,4779.0,0.1331,737.0
1753591936302,04:52:16.302,binance,AERGO/USDT:USDT,0.13305,238.0,0.13304,191.0,0.13309,4779.0,0.1331,737.0
1753591936521,04:52:16.521,binance,AERGO/USDT:USDT,0.13305,238.0,0.13304,191.0,0.13309,4779.0,0.1331,737.0
1753591936902,04:52:16.902,binance,AERGO/USDT:USDT,0.13305,238.0,0.13304,191.0,0.13309,4779.0,0.1331,737.0
1753591937502,04:52:17.502,binance,AERGO/USDT:USDT,0.13305,238.0,0.13304,191.0,0.13309,4779.0,0.1331,737.0
1753591938102,04:52:18.102,binance,AERGO/USDT:USDT,0.13305,238.0,0.13304,191.0,0.13309,4779.0,0.1331,737.0
1753591938526,04:52:18.526,binance,AERGO/USDT:USDT,0.13305,238.0,0.13304,191.0,0.13308,2528.0,0.13309,4903.0
1753591938629,04:52:18.629,binance,AERGO/USDT:USDT,0.13305,238.0,0.13304,191.0,0.13308,2528.0,0.13309,4903.0
1753591938817,04:52:18.817,binance,AERGO/USDT:USDT,0.13305,238.0,0.13304,191.0,0.13308,4528.0,0.13309,2903.0
1753591939017,04:52:19.017,binance,AERGO/USDT:USDT,0.13304,191.0,0.13303,191.0,0.13307,3433.0,0.13308,125.0
1753591939122,04:52:19.122,binance,AERGO/USDT:USDT,0.13304,191.0,0.13303,191.0,0.13307,3433.0,0.13308,125.0
1753591939228,04:52:19.228,binance,AERGO/USDT:USDT,0.13304,191.0,0.13303,191.0,0.13307,3433.0,0.13308,125.0
1753591939390,04:52:19.390,binance,AERGO/USDT:USDT,0.13305,354.0,0.13304,191.0,0.13307,3433.0,0.13308,125.0
1753591939544,04:52:19.544,binance,AERGO/USDT:USDT,0.13305,354.0,0.13304,191.0,0.13307,3433.0,0.13308,125.0
1753591939837,04:52:19.837,binance,AERGO/USDT:USDT,0.13303,191.0,0.13302,370.0,0.13305,610.0,0.13306,125.0
1753591939944,04:52:19.944,binance,AERGO/USDT:USDT,0.13303,191.0,0.13302,191.0,0.13305,610.0,0.13306,125.0
1753591940402,04:52:20.402,binance,AERGO/USDT:USDT,0.13303,191.0,0.13302,191.0,0.13305,610.0,0.13306,125.0
1753591940874,04:52:20.874,binance,AERGO/USDT:USDT,0.13303,191.0,0.13302,191.0,0.13305,610.0,0.13306,125.0
1753591941167,04:52:21.167,binance,AERGO/USDT:USDT,0.13303,191.0,0.13302,191.0,0.13305,610.0,0.13306,125.0
1753591942702,04:52:22.702,binance,AERGO/USDT:USDT,0.13303,191.0,0.13302,191.0,0.13305,610.0,0.13306,125.0
1753591943002,04:52:23.002,binance,AERGO/USDT:USDT,0.13303,191.0,0.13302,191.0,0.13305,610.0,0.13306,125.0
1753591943119,04:52:23.119,binance,AERGO/USDT:USDT,0.13302,191.0,0.13301,3856.0,0.13304,38.0,0.13305,125.0
1753591943243,04:52:23.243,binance,AERGO/USDT:USDT,0.13301,3732.0,0.133,1817.0,0.13304,38.0,0.13305,604.0
1753591943347,04:52:23.347,binance,AERGO/USDT:USDT,0.13301,3732.0,0.133,1817.0,0.13304,38.0,0.13305,604.0
1753591943609,04:52:23.609,binance,AERGO/USDT:USDT,0.13301,3237.0,0.133,1817.0,0.13304,38.0,0.13305,604.0
1753591943802,04:52:23.802,binance,AERGO/USDT:USDT,0.13301,3237.0,0.133,1817.0,0.13304,38.0,0.13305,604.0
1753591944014,04:52:24.014,binance,AERGO/USDT:USDT,0.13301,3081.0,0.133,1425.0,0.13304,38.0,0.13305,604.0
1753591944296,04:52:24.296,binance,AERGO/USDT:USDT,0.13301,3081.0,0.133,1425.0,0.13304,38.0,0.13305,125.0
1753591944402,04:52:24.402,binance,AERGO/USDT:USDT,0.13301,3081.0,0.133,1425.0,0.13304,38.0,0.13305,125.0
1753591946114,04:52:26.114,binance,AERGO/USDT:USDT,0.13301,3081.0,0.133,1425.0,0.13304,38.0,0.13305,125.0
1753591946301,04:52:26.301,binance,AERGO/USDT:USDT,0.13301,3081.0,0.133,1425.0,0.13304,38.0,0.13305,125.0
1753591946504,04:52:26.504,binance,AERGO/USDT:USDT,0.13301,3081.0,0.133,1425.0,0.13304,38.0,0.13305,125.0
1753591947653,04:52:27.653,binance,AERGO/USDT:USDT,0.133,244.0,0.13299,247.0,0.13304,2791.0,0.13305,1065.0
1753591947805,04:52:27.805,binance,AERGO/USDT:USDT,0.133,244.0,0.13299,247.0,0.13304,2791.0,0.13305,1065.0
1753591947980,04:52:27.980,binance,AERGO/USDT:USDT,0.133,244.0,0.13299,247.0,0.13304,2791.0,0.13305,1065.0
1753591948502,04:52:28.502,binance,AERGO/USDT:USDT,0.133,244.0,0.13299,247.0,0.13304,2791.0,0.13305,1065.0
1753591948774,04:52:28.774,binance,AERGO/USDT:USDT,0.133,377.0,0.13299,247.0,0.13304,2791.0,0.13305,1065.0
1753591949102,04:52:29.102,binance,AERGO/USDT:USDT,0.133,377.0,0.13299,247.0,0.13304,2791.0,0.13305,1065.0
1753591949702,04:52:29.702,binance,AERGO/USDT:USDT,0.133,377.0,0.13299,247.0,0.13304,2791.0,0.13305,1065.0
1753591950302,04:52:30.302,binance,AERGO/USDT:USDT,0.133,377.0,0.13299,247.0,0.13304,2791.0,0.13305,1065.0
1753591950626,04:52:30.626,binance,AERGO/USDT:USDT,0.13302,131.0,0.133,377.0,0.13304,2791.0,0.13305,314.0
1753591951159,04:52:31.159,binance,AERGO/USDT:USDT,0.13302,131.0,0.13301,276.0,0.13305,189.0,0.13306,2942.0
1753591951262,04:52:31.262,binance,AERGO/USDT:USDT,0.13302,131.0,0.13301,151.0,0.13305,2942.0,0.13306,314.0
1753591951502,04:52:31.502,binance,AERGO/USDT:USDT,0.13302,131.0,0.13301,151.0,0.13305,2942.0,0.13306,314.0
1753591951612,04:52:31.612,binance,AERGO/USDT:USDT,0.13302,131.0,0.13301,151.0,0.13305,2942.0,0.13306,314.0
1753591952102,04:52:32.102,binance,AERGO/USDT:USDT,0.13302,208.0,0.13301,151.0,0.13305,2942.0,0.13306,314.0
1753591952750,04:52:32.750,binance,AERGO/USDT:USDT,0.13302,208.0,0.13301,151.0,0.13305,2942.0,0.13306,314.0
1753591952902,04:52:32.902,binance,AERGO/USDT:USDT,0.13302,208.0,0.13301,151.0,0.13305,2942.0,0.13306,314.0
1753591953302,04:52:33.302,binance,AERGO/USDT:USDT,0.13302,208.0,0.13301,151.0,0.13305,2942.0,0.13306,314.0
1753591953902,04:52:33.902,binance,AERGO/USDT:USDT,0.13302,208.0,0.13301,151.0,0.13305,2942.0,0.13306,314.0
1753591954154,04:52:34.154,binance,AERGO/USDT:USDT,0.13302,208.0,0.13301,151.0,0.13305,2942.0,0.13306,314.0
1753591954502,04:52:34.502,binance,AERGO/USDT:USDT,0.13302,208.0,0.13301,151.0,0.13305,2942.0,0.13306,314.0
1753591955438,04:52:35.438,binance,AERGO/USDT:USDT,0.13302,208.0,0.13301,151.0,0.13305,2942.0,0.13306,314.0
1753591955702,04:52:35.702,binance,AERGO/USDT:USDT,0.13302,208.0,0.13301,151.0,0.13305,2942.0,0.13306,314.0
1753591956302,04:52:36.302,binance,AERGO/USDT:USDT,0.13302,208.0,0.13301,151.0,0.13305,2942.0,0.13306,314.0
1753591956902,04:52:36.902,binance,AERGO/USDT:USDT,0.13302,208.0,0.13301,151.0,0.13305,2942.0,0.13306,314.0
1753591957154,04:52:37.154,binance,AERGO/USDT:USDT,0.13302,208.0,0.13301,151.0,0.13305,2942.0,0.13306,314.0
1753591957460,04:52:37.460,binance,AERGO/USDT:USDT,0.13302,208.0,0.13301,151.0,0.13305,2942.0,0.13306,314.0
1753591958002,04:52:38.002,binance,AERGO/USDT:USDT,0.13302,208.0,0.13301,151.0,0.13305,2942.0,0.13306,314.0
1753591958157,04:52:38.157,binance,AERGO/USDT:USDT,0.13302,208.0,0.13301,151.0,0.13305,2942.0,0.13306,314.0
1753591959402,04:52:39.402,binance,AERGO/USDT:USDT,0.13302,208.0,0.13301,151.0,0.13305,2942.0,0.13306,314.0
1753591959769,04:52:39.769,binance,AERGO/USDT:USDT,0.13302,208.0,0.13301,151.0,0.13305,2942.0,0.13306,314.0
1753591960002,04:52:40.002,binance,AERGO/USDT:USDT,0.13302,208.0,0.13301,151.0,0.13305,2942.0,0.13306,314.0
1753591961756,04:52:41.756,binance,AERGO/USDT:USDT,0.13302,208.0,0.13301,151.0,0.13305,2942.0,0.13306,314.0
1753591961901,04:52:41.901,binance,AERGO/USDT:USDT,0.13302,208.0,0.13301,151.0,0.13305,2942.0,0.13306,314.0
1753591962064,04:52:42.064,binance,AERGO/USDT:USDT,0.13302,208.0,0.13301,151.0,0.13305,2942.0,0.13306,314.0
1753591962246,04:52:42.246,binance,AERGO/USDT:USDT,0.13302,208.0,0.13301,151.0,0.13305,2942.0,0.13306,314.0
1753591962402,04:52:42.402,binance,AERGO/USDT:USDT,0.13302,208.0,0.13301,151.0,0.13305,2942.0,0.13306,314.0
1753591963002,04:52:43.002,binance,AERGO/USDT:USDT,0.13302,208.0,0.13301,151.0,0.13305,2942.0,0.13306,314.0
1753591963602,04:52:43.602,binance,AERGO/USDT:USDT,0.13302,208.0,0.13301,151.0,0.13305,2942.0,0.13306,314.0
1753591964062,04:52:44.062,binance,AERGO/USDT:USDT,0.13302,208.0,0.13301,151.0,0.13305,2942.0,0.13306,314.0
1753591964202,04:52:44.202,binance,AERGO/USDT:USDT,0.13302,208.0,0.13301,151.0,0.13305,2942.0,0.13306,314.0
1753591964802,04:52:44.802,binance,AERGO/USDT:USDT,0.13302,208.0,0.13301,151.0,0.13305,2942.0,0.13306,314.0
1753591965403,04:52:45.403,binance,AERGO/USDT:USDT,0.13302,208.0,0.13301,151.0,0.13305,2942.0,0.13306,314.0
1753591965735,04:52:45.735,binance,AERGO/USDT:USDT,0.13302,208.0,0.13301,151.0,0.13305,2942.0,0.13306,314.0
1753591966002,04:52:46.002,binance,AERGO/USDT:USDT,0.13302,208.0,0.13301,151.0,0.13305,2942.0,0.13306,314.0
1753591968402,04:52:48.402,binance,AERGO/USDT:USDT,0.13302,208.0,0.13301,151.0,0.13305,2942.0,0.13306,314.0
1753591969002,04:52:49.002,binance,AERGO/USDT:USDT,0.13302,208.0,0.13301,151.0,0.13305,2942.0,0.13306,314.0
1753591969580,04:52:49.580,binance,AERGO/USDT:USDT,0.13302,208.0,0.13301,151.0,0.13305,2942.0,0.13306,314.0
1753591969701,04:52:49.701,binance,AERGO/USDT:USDT,0.13302,208.0,0.13301,151.0,0.13305,2942.0,0.13306,314.0
1753591970102,04:52:50.102,binance,AERGO/USDT:USDT,0.13302,208.0,0.13301,151.0,0.13305,2942.0,0.13306,314.0
1753591970702,04:52:50.702,binance,AERGO/USDT:USDT,0.13302,208.0,0.13301,151.0,0.13305,2942.0,0.13306,314.0
1753591971302,04:52:51.302,binance,AERGO/USDT:USDT,0.13302,208.0,0.13301,151.0,0.13305,2942.0,0.13306,314.0
1753591971902,04:52:51.902,binance,AERGO/USDT:USDT,0.13302,208.0,0.13301,151.0,0.13305,2942.0,0.13306,314.0
1753591972046,04:52:52.046,binance,AERGO/USDT:USDT,0.13302,208.0,0.13301,151.0,0.13305,2942.0,0.13306,314.0
