timestamp,time,symbol,bid1_price,bid1_volume,bid2_price,bid2_volume,ask1_price,ask1_volume,ask2_price,ask2_volume
1753546944331,16:22:24.331,ACT/USDT:USDT,0.04585,14210.0,0.04584,57991.0,0.04588,56388.0,0.04589,46329.0
1753546945982,16:22:25.982,ACT/USDT:USDT,0.04585,26012.0,0.04584,56189.0,0.04588,56388.0,0.04589,46329.0
1753546946132,16:22:26.132,ACT/USDT:USDT,0.04585,26012.0,0.04584,56189.0,0.04588,56388.0,0.04589,46329.0
1753546946432,16:22:26.432,ACT/USDT:USDT,0.04586,3168.0,0.04585,24921.0,0.04588,56388.0,0.04589,46329.0
1753546946582,16:22:26.582,ACT/USDT:USDT,0.04586,3168.0,0.04585,24921.0,0.04588,56388.0,0.04589,44927.0
1753546946732,16:22:26.732,ACT/USDT:USDT,0.04586,3168.0,0.04585,57431.0,0.04588,52750.0,0.04589,44927.0
1753546946882,16:22:26.882,ACT/USDT:USDT,0.04586,13357.0,0.04585,57431.0,0.04588,52750.0,0.04589,44927.0
1753546947182,16:22:27.182,ACT/USDT:USDT,0.04586,13357.0,0.04585,57431.0,0.04588,10727.0,0.04589,44927.0
1753546947333,16:22:27.333,ACT/USDT:USDT,0.04586,13357.0,0.04585,57431.0,0.04588,20093.0,0.04589,44927.0
1753546947483,16:22:27.483,ACT/USDT:USDT,0.04586,13357.0,0.04585,57431.0,0.04589,44927.0,0.0459,56359.0
1753546948083,16:22:28.083,ACT/USDT:USDT,0.04586,22266.0,0.04585,57431.0,0.04589,44927.0,0.0459,56359.0
1753546948383,16:22:28.383,ACT/USDT:USDT,0.04586,22266.0,0.04585,57431.0,0.04589,44927.0,0.0459,56359.0
1753546948533,16:22:28.533,ACT/USDT:USDT,0.04587,10000.0,0.04586,22266.0,0.04589,44927.0,0.0459,56359.0
1753546948683,16:22:28.683,ACT/USDT:USDT,0.04587,10000.0,0.04586,22266.0,0.04589,44927.0,0.0459,56359.0
1753546948834,16:22:28.834,ACT/USDT:USDT,0.04587,10000.0,0.04586,22266.0,0.04589,44927.0,0.0459,56359.0
1753546949434,16:22:29.434,ACT/USDT:USDT,0.04587,10000.0,0.04586,65503.0,0.04589,44927.0,0.0459,56359.0
1753546949584,16:22:29.584,ACT/USDT:USDT,0.04587,11802.0,0.04586,65503.0,0.04589,44927.0,0.0459,56359.0
1753546949734,16:22:29.734,ACT/USDT:USDT,0.04587,11802.0,0.04586,65503.0,0.04589,44927.0,0.0459,56359.0
1753546950485,16:22:30.485,ACT/USDT:USDT,0.04587,11802.0,0.04586,65503.0,0.04589,44927.0,0.0459,56359.0
1753546950635,16:22:30.635,ACT/USDT:USDT,0.04587,11802.0,0.04586,65503.0,0.04589,44927.0,0.0459,56359.0
1753546950785,16:22:30.785,ACT/USDT:USDT,0.04587,11802.0,0.04586,65503.0,0.04589,44927.0,0.0459,56359.0
1753546951835,16:22:31.835,ACT/USDT:USDT,0.04587,1802.0,0.04586,55503.0,0.04589,44927.0,0.0459,56359.0
1753546952286,16:22:32.286,ACT/USDT:USDT,0.04587,1802.0,0.04586,55503.0,0.04589,44927.0,0.0459,57889.0
1753546953186,16:22:33.186,ACT/USDT:USDT,0.04587,1802.0,0.04586,55503.0,0.04589,44927.0,0.0459,57889.0
1753546953787,16:22:33.787,ACT/USDT:USDT,0.04587,23940.0,0.04586,55503.0,0.04589,44927.0,0.0459,57889.0
1753546953937,16:22:33.937,ACT/USDT:USDT,0.04587,23940.0,0.04586,55503.0,0.04589,44927.0,0.0459,57889.0
1753546954087,16:22:34.087,ACT/USDT:USDT,0.04587,23940.0,0.04586,55503.0,0.04589,44927.0,0.0459,57889.0
1753546954687,16:22:34.687,ACT/USDT:USDT,0.04587,23940.0,0.04586,55503.0,0.04589,44927.0,0.0459,57889.0
1753546954837,16:22:34.837,ACT/USDT:USDT,0.04587,23940.0,0.04586,55503.0,0.04589,44927.0,0.0459,57889.0
1753546955138,16:22:35.138,ACT/USDT:USDT,0.04587,23940.0,0.04586,55503.0,0.04589,44927.0,0.0459,57889.0
1753546955288,16:22:35.288,ACT/USDT:USDT,0.04587,23940.0,0.04586,55503.0,0.04589,44927.0,0.0459,57889.0
1753546955438,16:22:35.438,ACT/USDT:USDT,0.04587,23940.0,0.04586,55503.0,0.04589,44927.0,0.0459,57889.0
1753546955738,16:22:35.738,ACT/USDT:USDT,0.04587,23940.0,0.04586,55503.0,0.04589,44927.0,0.0459,57889.0
1753546955888,16:22:35.888,ACT/USDT:USDT,0.04587,25470.0,0.04586,57033.0,0.04589,44927.0,0.0459,57889.0
1753546956038,16:22:36.038,ACT/USDT:USDT,0.04587,25470.0,0.04586,57033.0,0.04589,44927.0,0.0459,57889.0
1753546956488,16:22:36.488,ACT/USDT:USDT,0.04587,25470.0,0.04586,57033.0,0.04589,44927.0,0.0459,57889.0
1753546956939,16:22:36.939,ACT/USDT:USDT,0.04587,25470.0,0.04586,57033.0,0.04589,44927.0,0.0459,57889.0
1753546957089,16:22:37.089,ACT/USDT:USDT,0.04587,25470.0,0.04586,57033.0,0.04589,44927.0,0.0459,57889.0
1753546957239,16:22:37.239,ACT/USDT:USDT,0.04587,25470.0,0.04586,57033.0,0.04589,44927.0,0.0459,57889.0
1753546957389,16:22:37.389,ACT/USDT:USDT,0.04587,25470.0,0.04586,57033.0,0.04589,44927.0,0.0459,57889.0
1753546957539,16:22:37.539,ACT/USDT:USDT,0.04587,25470.0,0.04586,57033.0,0.04589,44927.0,0.0459,57889.0
1753546957689,16:22:37.689,ACT/USDT:USDT,0.04587,25470.0,0.04586,57033.0,0.04589,44927.0,0.0459,57889.0
1753546957839,16:22:37.839,ACT/USDT:USDT,0.04587,25470.0,0.04586,57033.0,0.04589,44927.0,0.0459,57889.0
1753546957989,16:22:37.989,ACT/USDT:USDT,0.04587,25470.0,0.04586,57033.0,0.04589,44927.0,0.0459,57889.0
1753546958140,16:22:38.140,ACT/USDT:USDT,0.04587,25470.0,0.04586,57033.0,0.04589,44927.0,0.0459,57889.0
1753546958290,16:22:38.290,ACT/USDT:USDT,0.04587,25470.0,0.04586,57033.0,0.04589,44927.0,0.0459,57889.0
1753546958440,16:22:38.440,ACT/USDT:USDT,0.04587,25470.0,0.04586,57033.0,0.04589,44927.0,0.0459,57889.0
1753546958590,16:22:38.590,ACT/USDT:USDT,0.04587,25470.0,0.04586,57033.0,0.04589,44927.0,0.0459,57889.0
1753546958740,16:22:38.740,ACT/USDT:USDT,0.04587,25470.0,0.04586,57033.0,0.04589,44927.0,0.0459,57889.0
1753546958890,16:22:38.890,ACT/USDT:USDT,0.04587,25470.0,0.04586,57033.0,0.04589,44927.0,0.0459,57889.0
1753546959040,16:22:39.040,ACT/USDT:USDT,0.04587,25470.0,0.04586,57033.0,0.04589,44927.0,0.0459,57889.0
1753546959190,16:22:39.190,ACT/USDT:USDT,0.04587,25470.0,0.04586,57033.0,0.04589,44927.0,0.0459,57889.0
1753546959340,16:22:39.340,ACT/USDT:USDT,0.04587,25470.0,0.04586,57033.0,0.04589,44927.0,0.0459,57889.0
1753546959640,16:22:39.640,ACT/USDT:USDT,0.04587,25470.0,0.04586,57033.0,0.04589,44927.0,0.0459,57889.0
1753546959791,16:22:39.791,ACT/USDT:USDT,0.04587,25470.0,0.04586,57033.0,0.04589,44927.0,0.0459,57889.0
1753546959941,16:22:39.941,ACT/USDT:USDT,0.04587,25470.0,0.04586,57033.0,0.04589,44927.0,0.0459,57889.0
1753546960091,16:22:40.091,ACT/USDT:USDT,0.04587,25470.0,0.04586,57033.0,0.0459,56359.0,0.04591,47446.0
1753546960241,16:22:40.241,ACT/USDT:USDT,0.04587,25470.0,0.04586,57033.0,0.0459,56359.0,0.04591,47446.0
1753546960391,16:22:40.391,ACT/USDT:USDT,0.04587,25470.0,0.04586,57033.0,0.04589,5172.0,0.0459,46854.0
1753546960541,16:22:40.541,ACT/USDT:USDT,0.04587,15470.0,0.04586,57033.0,0.04589,5172.0,0.0459,46854.0
1753546960691,16:22:40.691,ACT/USDT:USDT,0.04587,15470.0,0.04586,57033.0,0.04589,12012.0,0.0459,46854.0
1753546960841,16:22:40.841,ACT/USDT:USDT,0.04587,13940.0,0.04586,55503.0,0.04589,12012.0,0.0459,63911.0
1753546960991,16:22:40.991,ACT/USDT:USDT,0.04587,13940.0,0.04586,55503.0,0.04589,12012.0,0.0459,63911.0
1753546961141,16:22:41.141,ACT/USDT:USDT,0.04587,15470.0,0.04586,55503.0,0.04589,12012.0,0.0459,63911.0
1753546961291,16:22:41.291,ACT/USDT:USDT,0.04587,15470.0,0.04586,55503.0,0.04589,12012.0,0.0459,63911.0
1753546961442,16:22:41.442,ACT/USDT:USDT,0.04587,15470.0,0.04586,55503.0,0.04589,12012.0,0.0459,63911.0
1753546961592,16:22:41.592,ACT/USDT:USDT,0.04587,15470.0,0.04586,55503.0,0.04589,12012.0,0.0459,63911.0
1753546961742,16:22:41.742,ACT/USDT:USDT,0.04587,15470.0,0.04586,55503.0,0.04589,12012.0,0.0459,63911.0
1753546961892,16:22:41.892,ACT/USDT:USDT,0.04587,15470.0,0.04586,55503.0,0.04589,12012.0,0.0459,63911.0
1753546962192,16:22:42.192,ACT/USDT:USDT,0.04587,15470.0,0.04586,55503.0,0.04589,12012.0,0.0459,63911.0
1753546962342,16:22:42.342,ACT/USDT:USDT,0.04587,15470.0,0.04586,55503.0,0.04589,12012.0,0.0459,63911.0
1753546962492,16:22:42.492,ACT/USDT:USDT,0.04587,15470.0,0.04586,55503.0,0.04589,12012.0,0.0459,63911.0
1753546962642,16:22:42.642,ACT/USDT:USDT,0.04587,15470.0,0.04586,55503.0,0.04589,12012.0,0.0459,63911.0
1753546962792,16:22:42.792,ACT/USDT:USDT,0.04587,15470.0,0.04586,55503.0,0.04589,12012.0,0.0459,63911.0
1753546962943,16:22:42.943,ACT/USDT:USDT,0.04587,15470.0,0.04586,55503.0,0.04589,12012.0,0.0459,63911.0
1753546963093,16:22:43.093,ACT/USDT:USDT,0.04587,15470.0,0.04586,55503.0,0.04589,12012.0,0.0459,52538.0
1753546963243,16:22:43.243,ACT/USDT:USDT,0.04587,15470.0,0.04586,55503.0,0.04589,12012.0,0.0459,52538.0
1753546963393,16:22:43.393,ACT/USDT:USDT,0.04587,15470.0,0.04586,55503.0,0.04589,12012.0,0.0459,52538.0
1753546963543,16:22:43.543,ACT/USDT:USDT,0.04587,15470.0,0.04586,55503.0,0.04589,12012.0,0.0459,52538.0
1753546963693,16:22:43.693,ACT/USDT:USDT,0.04587,15470.0,0.04586,55503.0,0.04589,12012.0,0.0459,52538.0
1753546963843,16:22:43.843,ACT/USDT:USDT,0.04587,15470.0,0.04586,55503.0,0.04589,12012.0,0.0459,52538.0
1753546963993,16:22:43.993,ACT/USDT:USDT,0.04587,15470.0,0.04586,55503.0,0.04589,12012.0,0.0459,52538.0
1753546964143,16:22:44.143,ACT/USDT:USDT,0.04587,15470.0,0.04586,55503.0,0.04589,12012.0,0.0459,52538.0
1753546964293,16:22:44.293,ACT/USDT:USDT,0.04587,15470.0,0.04586,55503.0,0.04589,12012.0,0.0459,52538.0
1753546964594,16:22:44.594,ACT/USDT:USDT,0.04587,15470.0,0.04586,55503.0,0.04589,12012.0,0.0459,52538.0
1753546964744,16:22:44.744,ACT/USDT:USDT,0.04587,15470.0,0.04586,55503.0,0.04589,12012.0,0.0459,52538.0
1753546964894,16:22:44.894,ACT/USDT:USDT,0.04587,15470.0,0.04586,55503.0,0.04589,12012.0,0.0459,52538.0
1753546965344,16:22:45.344,ACT/USDT:USDT,0.04588,10000.0,0.04587,57980.0,0.0459,20028.0,0.04591,47446.0
1753546965494,16:22:45.494,ACT/USDT:USDT,0.04588,22920.0,0.04587,55088.0,0.0459,20028.0,0.04591,47446.0
1753546965644,16:22:45.644,ACT/USDT:USDT,0.04588,22920.0,0.04587,55088.0,0.0459,20028.0,0.04591,47446.0
1753546965794,16:22:45.794,ACT/USDT:USDT,0.04589,1802.0,0.04588,22920.0,0.0459,20028.0,0.04591,47446.0
1753546965944,16:22:45.944,ACT/USDT:USDT,0.04589,1802.0,0.04588,22920.0,0.0459,10727.0,0.04591,47446.0
1753546966095,16:22:46.095,ACT/USDT:USDT,0.04589,1802.0,0.04588,22920.0,0.0459,10727.0,0.04591,47446.0
1753546966245,16:22:46.245,ACT/USDT:USDT,0.04589,1802.0,0.04588,22920.0,0.0459,10727.0,0.04591,47446.0
1753546966395,16:22:46.395,ACT/USDT:USDT,0.04589,1802.0,0.04588,22920.0,0.0459,10727.0,0.04591,47446.0
1753546966545,16:22:46.545,ACT/USDT:USDT,0.04589,1802.0,0.04588,22920.0,0.0459,10727.0,0.04591,47446.0
1753546966695,16:22:46.695,ACT/USDT:USDT,0.04589,1802.0,0.04588,22920.0,0.0459,10727.0,0.04591,47446.0
1753546966845,16:22:46.845,ACT/USDT:USDT,0.04589,1802.0,0.04588,22920.0,0.0459,10727.0,0.04591,47446.0
1753546966995,16:22:46.995,ACT/USDT:USDT,0.04589,1802.0,0.04588,22920.0,0.0459,10727.0,0.04591,47446.0
1753546967145,16:22:47.145,ACT/USDT:USDT,0.04589,1802.0,0.04588,22920.0,0.04591,47446.0,0.04592,64363.0
1753546967295,16:22:47.295,ACT/USDT:USDT,0.04589,1802.0,0.04588,22920.0,0.04591,47446.0,0.04592,64363.0
1753546967445,16:22:47.445,ACT/USDT:USDT,0.04589,1802.0,0.04588,22920.0,0.04591,47446.0,0.04592,64363.0
1753546967596,16:22:47.596,ACT/USDT:USDT,0.04589,1802.0,0.04588,22920.0,0.04591,47446.0,0.04592,64363.0
1753546967746,16:22:47.746,ACT/USDT:USDT,0.04589,1802.0,0.04588,22920.0,0.04591,47446.0,0.04592,64363.0
1753546967896,16:22:47.896,ACT/USDT:USDT,0.04589,1802.0,0.04588,22920.0,0.04591,47446.0,0.04592,64363.0
1753546968196,16:22:48.196,ACT/USDT:USDT,0.04589,1802.0,0.04588,22920.0,0.04591,47446.0,0.04592,64363.0
1753546968346,16:22:48.346,ACT/USDT:USDT,0.04589,1802.0,0.04588,22920.0,0.04591,47446.0,0.04592,64363.0
1753546968496,16:22:48.496,ACT/USDT:USDT,0.04589,1802.0,0.04588,22920.0,0.04591,47446.0,0.04592,64363.0
1753546968646,16:22:48.646,ACT/USDT:USDT,0.04589,1802.0,0.04588,22920.0,0.04591,47446.0,0.04592,64363.0
1753546968796,16:22:48.796,ACT/USDT:USDT,0.04589,1802.0,0.04588,22920.0,0.04591,47446.0,0.04592,64363.0
1753546968946,16:22:48.946,ACT/USDT:USDT,0.04589,1802.0,0.04588,22920.0,0.04591,47446.0,0.04592,64363.0
1753546969096,16:22:49.096,ACT/USDT:USDT,0.04589,1802.0,0.04588,22920.0,0.04591,47446.0,0.04592,64363.0
1753546969247,16:22:49.247,ACT/USDT:USDT,0.04589,1802.0,0.04588,22920.0,0.04591,47446.0,0.04592,64363.0
1753546969397,16:22:49.397,ACT/USDT:USDT,0.04589,1802.0,0.04588,22920.0,0.04591,47446.0,0.04592,64363.0
1753546969547,16:22:49.547,ACT/USDT:USDT,0.04589,1802.0,0.04588,22920.0,0.04591,47446.0,0.04592,64363.0
1753546969697,16:22:49.697,ACT/USDT:USDT,0.04589,1802.0,0.04588,22920.0,0.04591,47446.0,0.04592,64363.0
1753546969847,16:22:49.847,ACT/USDT:USDT,0.04589,1802.0,0.04588,22920.0,0.04591,47446.0,0.04592,64363.0
1753546969997,16:22:49.997,ACT/USDT:USDT,0.04589,1802.0,0.04588,22920.0,0.04591,47446.0,0.04592,64363.0
1753546970147,16:22:50.147,ACT/USDT:USDT,0.04589,1802.0,0.04588,22920.0,0.04591,47446.0,0.04592,64363.0
1753546970297,16:22:50.297,ACT/USDT:USDT,0.04589,1802.0,0.04588,22920.0,0.04591,47446.0,0.04592,64363.0
1753546970447,16:22:50.447,ACT/USDT:USDT,0.04589,1802.0,0.04588,22920.0,0.04591,47446.0,0.04592,64363.0
1753546970597,16:22:50.597,ACT/USDT:USDT,0.04589,1802.0,0.04588,22920.0,0.04591,47446.0,0.04592,64363.0
1753546970748,16:22:50.748,ACT/USDT:USDT,0.04589,1802.0,0.04588,22920.0,0.04591,47446.0,0.04592,64363.0
1753546970898,16:22:50.898,ACT/USDT:USDT,0.04589,1802.0,0.04588,22920.0,0.04591,47446.0,0.04592,64363.0
1753546971048,16:22:51.048,ACT/USDT:USDT,0.04589,1802.0,0.04588,22920.0,0.04591,47446.0,0.04592,64363.0
1753546971198,16:22:51.198,ACT/USDT:USDT,0.04589,1802.0,0.04588,22920.0,0.04591,47446.0,0.04592,64363.0
1753546971348,16:22:51.348,ACT/USDT:USDT,0.04589,1802.0,0.04588,22920.0,0.04591,47446.0,0.04592,64363.0
1753546971648,16:22:51.648,ACT/USDT:USDT,0.04589,1802.0,0.04588,22920.0,0.04591,47446.0,0.04592,64363.0
1753546971798,16:22:51.798,ACT/USDT:USDT,0.04588,22920.0,0.04587,45088.0,0.04591,47446.0,0.04592,64363.0
1753546971948,16:22:51.948,ACT/USDT:USDT,0.04588,22920.0,0.04587,45088.0,0.0459,3484.0,0.04591,47446.0
1753546972098,16:22:52.098,ACT/USDT:USDT,0.04588,22920.0,0.04587,45088.0,0.0459,3484.0,0.04591,47446.0
1753546972248,16:22:52.248,ACT/USDT:USDT,0.04588,22920.0,0.04587,45088.0,0.0459,3484.0,0.04591,47446.0
1753546972399,16:22:52.399,ACT/USDT:USDT,0.04588,22920.0,0.04587,45088.0,0.0459,3484.0,0.04591,47446.0
1753546972549,16:22:52.549,ACT/USDT:USDT,0.04588,22920.0,0.04587,45088.0,0.0459,3484.0,0.04591,47446.0
1753546972699,16:22:52.699,ACT/USDT:USDT,0.04588,22920.0,0.04587,45088.0,0.0459,3484.0,0.04591,47446.0
1753546972849,16:22:52.849,ACT/USDT:USDT,0.04588,22920.0,0.04587,45088.0,0.0459,3484.0,0.04591,47446.0
1753546972999,16:22:52.999,ACT/USDT:USDT,0.04588,22920.0,0.04587,45088.0,0.0459,3484.0,0.04591,47446.0
1753546973149,16:22:53.149,ACT/USDT:USDT,0.04588,22920.0,0.04587,45088.0,0.0459,3484.0,0.04591,47446.0
1753546973299,16:22:53.299,ACT/USDT:USDT,0.04588,22920.0,0.04587,45088.0,0.0459,3484.0,0.04591,47446.0
1753546973449,16:22:53.449,ACT/USDT:USDT,0.04588,22920.0,0.04587,45088.0,0.0459,3484.0,0.04591,47446.0
1753546973599,16:22:53.599,ACT/USDT:USDT,0.04588,22920.0,0.04587,45088.0,0.0459,3484.0,0.04591,47446.0
1753546973749,16:22:53.749,ACT/USDT:USDT,0.04588,22920.0,0.04587,45088.0,0.0459,3484.0,0.04591,47446.0
1753546973900,16:22:53.900,ACT/USDT:USDT,0.04588,22920.0,0.04587,45088.0,0.0459,3484.0,0.04591,47446.0
1753546974050,16:22:54.050,ACT/USDT:USDT,0.04588,22920.0,0.04587,45088.0,0.0459,3484.0,0.04591,47446.0
1753546974350,16:22:54.350,ACT/USDT:USDT,0.04588,22920.0,0.04587,45088.0,0.0459,3484.0,0.04591,47446.0
1753546974500,16:22:54.500,ACT/USDT:USDT,0.04588,22920.0,0.04587,45088.0,0.0459,3484.0,0.04591,47446.0
1753546974650,16:22:54.650,ACT/USDT:USDT,0.04588,22920.0,0.04587,45088.0,0.0459,3484.0,0.04591,47446.0
1753546974800,16:22:54.800,ACT/USDT:USDT,0.04588,22920.0,0.04587,45088.0,0.0459,3484.0,0.04591,47446.0
1753546974950,16:22:54.950,ACT/USDT:USDT,0.04588,22920.0,0.04587,45088.0,0.0459,3484.0,0.04591,47446.0
1753546975100,16:22:55.100,ACT/USDT:USDT,0.04588,22920.0,0.04587,45088.0,0.0459,3484.0,0.04591,47446.0
1753546975250,16:22:55.250,ACT/USDT:USDT,0.04588,22920.0,0.04587,45088.0,0.0459,3484.0,0.04591,47446.0
1753546975401,16:22:55.401,ACT/USDT:USDT,0.04588,22920.0,0.04587,45088.0,0.0459,3484.0,0.04591,47446.0
1753546975551,16:22:55.551,ACT/USDT:USDT,0.04588,22920.0,0.04587,45088.0,0.0459,3484.0,0.04591,47446.0
1753546975701,16:22:55.701,ACT/USDT:USDT,0.04588,22920.0,0.04587,45088.0,0.0459,3484.0,0.04591,47446.0
1753546975851,16:22:55.851,ACT/USDT:USDT,0.04588,22920.0,0.04587,45088.0,0.0459,3484.0,0.04591,47446.0
1753546976001,16:22:56.001,ACT/USDT:USDT,0.04588,22920.0,0.04587,45088.0,0.0459,3484.0,0.04591,47446.0
1753546976151,16:22:56.151,ACT/USDT:USDT,0.04588,22920.0,0.04587,45088.0,0.04591,47446.0,0.04592,64363.0
1753546976301,16:22:56.301,ACT/USDT:USDT,0.04588,22920.0,0.04587,45088.0,0.04591,47446.0,0.04592,64363.0
1753546976451,16:22:56.451,ACT/USDT:USDT,0.04588,22920.0,0.04587,45088.0,0.04591,47446.0,0.04592,64363.0
1753546976601,16:22:56.601,ACT/USDT:USDT,0.04588,22920.0,0.04587,45088.0,0.04591,47446.0,0.04592,64363.0
1753546976751,16:22:56.751,ACT/USDT:USDT,0.04588,22920.0,0.04587,45088.0,0.04591,47446.0,0.04592,64363.0
1753546976901,16:22:56.901,ACT/USDT:USDT,0.04588,22920.0,0.04587,45088.0,0.04591,47446.0,0.04592,64363.0
1753546977052,16:22:57.052,ACT/USDT:USDT,0.04588,22920.0,0.04587,45088.0,0.04591,47446.0,0.04592,64363.0
1753546977202,16:22:57.202,ACT/USDT:USDT,0.04588,22920.0,0.04587,45088.0,0.04591,47446.0,0.04592,64363.0
1753546977352,16:22:57.352,ACT/USDT:USDT,0.04588,22920.0,0.04587,45088.0,0.04591,47446.0,0.04592,64363.0
1753546977502,16:22:57.502,ACT/USDT:USDT,0.04588,22920.0,0.04587,45088.0,0.04591,47446.0,0.04592,64363.0
1753546977952,16:22:57.952,ACT/USDT:USDT,0.04588,22920.0,0.04587,45088.0,0.04591,47446.0,0.04592,64363.0
1753546978102,16:22:58.102,ACT/USDT:USDT,0.04588,22920.0,0.04587,45088.0,0.04591,47446.0,0.04592,64363.0
1753546978252,16:22:58.252,ACT/USDT:USDT,0.04588,22920.0,0.04587,45088.0,0.04591,47446.0,0.04592,64363.0
1753546978402,16:22:58.402,ACT/USDT:USDT,0.04588,22920.0,0.04587,45088.0,0.04591,47446.0,0.04592,64363.0
1753546978553,16:22:58.553,ACT/USDT:USDT,0.04588,22920.0,0.04587,45088.0,0.04591,47446.0,0.04592,64363.0
1753546978853,16:22:58.853,ACT/USDT:USDT,0.04588,22920.0,0.04587,45088.0,0.04591,47446.0,0.04592,64363.0
1753546979153,16:22:59.153,ACT/USDT:USDT,0.04588,22920.0,0.04587,45088.0,0.04591,47446.0,0.04592,64363.0
1753546979303,16:22:59.303,ACT/USDT:USDT,0.04588,22920.0,0.04587,45088.0,0.04591,47446.0,0.04592,64363.0
1753546979453,16:22:59.453,ACT/USDT:USDT,0.04588,22920.0,0.04587,45088.0,0.04591,47446.0,0.04592,64363.0
1753546979603,16:22:59.603,ACT/USDT:USDT,0.04588,22920.0,0.04587,45088.0,0.04591,47446.0,0.04592,64363.0
1753546979753,16:22:59.753,ACT/USDT:USDT,0.04588,22920.0,0.04587,45088.0,0.04591,47446.0,0.04592,64363.0
1753546979903,16:22:59.903,ACT/USDT:USDT,0.04588,22920.0,0.04587,45088.0,0.04591,47446.0,0.04592,64363.0
1753546980054,16:23:00.054,ACT/USDT:USDT,0.04588,55430.0,0.04587,45088.0,0.04591,47446.0,0.04592,64363.0
1753546980204,16:23:00.204,ACT/USDT:USDT,0.04588,55430.0,0.04587,45088.0,0.04591,47446.0,0.04592,64363.0
1753546980354,16:23:00.354,ACT/USDT:USDT,0.04588,55430.0,0.04587,45088.0,0.04591,47446.0,0.04592,64363.0
1753546980504,16:23:00.504,ACT/USDT:USDT,0.04588,55430.0,0.04587,45088.0,0.04591,47446.0,0.04592,64363.0
1753546980804,16:23:00.804,ACT/USDT:USDT,0.04588,55430.0,0.04587,45088.0,0.04591,47446.0,0.04592,64363.0
1753546981104,16:23:01.104,ACT/USDT:USDT,0.04588,33647.0,0.04587,45088.0,0.04591,47446.0,0.04592,64363.0
1753546981254,16:23:01.254,ACT/USDT:USDT,0.04588,33647.0,0.04587,45088.0,0.04591,47446.0,0.04592,64363.0
1753546981404,16:23:01.404,ACT/USDT:USDT,0.04588,33647.0,0.04587,45088.0,0.04591,47446.0,0.04592,64363.0
1753546981705,16:23:01.705,ACT/USDT:USDT,0.04588,33647.0,0.04587,45088.0,0.04591,47446.0,0.04592,64363.0
1753546982305,16:23:02.305,ACT/USDT:USDT,0.04586,52157.0,0.04585,32510.0,0.04589,17258.0,0.0459,66184.0
1753546982455,16:23:02.455,ACT/USDT:USDT,0.04586,19647.0,0.04585,45481.0,0.04588,1080.0,0.04589,60218.0
1753546982605,16:23:02.605,ACT/USDT:USDT,0.04586,23256.0,0.04585,45481.0,0.04588,1080.0,0.04589,60218.0
1753546982755,16:23:02.755,ACT/USDT:USDT,0.04586,23256.0,0.04585,45481.0,0.04588,1080.0,0.04589,60218.0
1753546982905,16:23:02.905,ACT/USDT:USDT,0.04586,23256.0,0.04585,45481.0,0.04588,1080.0,0.04589,50218.0
1753546983055,16:23:03.055,ACT/USDT:USDT,0.04586,23256.0,0.04585,47011.0,0.04588,1080.0,0.04589,50218.0
1753546983206,16:23:03.206,ACT/USDT:USDT,0.04586,23256.0,0.04585,47011.0,0.04588,1080.0,0.04589,50218.0
1753546983356,16:23:03.356,ACT/USDT:USDT,0.04586,23256.0,0.04585,47011.0,0.04588,1080.0,0.04589,50218.0
1753546983506,16:23:03.506,ACT/USDT:USDT,0.04586,23256.0,0.04585,47011.0,0.04588,1080.0,0.04589,50218.0
1753546983656,16:23:03.656,ACT/USDT:USDT,0.04586,23256.0,0.04585,47011.0,0.04588,1080.0,0.04589,50218.0
1753546983956,16:23:03.956,ACT/USDT:USDT,0.04586,23256.0,0.04585,47011.0,0.04588,1080.0,0.04589,50218.0
1753546984106,16:23:04.106,ACT/USDT:USDT,0.04586,23256.0,0.04585,47011.0,0.04588,11080.0,0.04589,50218.0
1753546984256,16:23:04.256,ACT/USDT:USDT,0.04586,23256.0,0.04585,47011.0,0.04588,11080.0,0.04589,50218.0
1753546984406,16:23:04.406,ACT/USDT:USDT,0.04586,23256.0,0.04585,47011.0,0.04588,11080.0,0.04589,50218.0
1753546984556,16:23:04.556,ACT/USDT:USDT,0.04586,23256.0,0.04585,47011.0,0.04588,11080.0,0.04589,50218.0
1753546984706,16:23:04.706,ACT/USDT:USDT,0.04586,23256.0,0.04585,47011.0,0.04588,11080.0,0.04589,50218.0
1753546984857,16:23:04.857,ACT/USDT:USDT,0.04586,23256.0,0.04585,47011.0,0.04588,11080.0,0.04589,50218.0
1753546985007,16:23:05.007,ACT/USDT:USDT,0.04586,23256.0,0.04585,47011.0,0.04588,11080.0,0.04589,50218.0
1753546985157,16:23:05.157,ACT/USDT:USDT,0.04586,23256.0,0.04585,47011.0,0.04588,11080.0,0.04589,50218.0
1753546985307,16:23:05.307,ACT/USDT:USDT,0.04586,23256.0,0.04585,47011.0,0.04588,11080.0,0.04589,50218.0
1753546985457,16:23:05.457,ACT/USDT:USDT,0.04586,23256.0,0.04585,47011.0,0.04588,11080.0,0.04589,50218.0
1753546985607,16:23:05.607,ACT/USDT:USDT,0.04586,23256.0,0.04585,47011.0,0.04588,11080.0,0.04589,50218.0
1753546985757,16:23:05.757,ACT/USDT:USDT,0.04586,23256.0,0.04585,47011.0,0.04588,11080.0,0.04589,50218.0
1753546985907,16:23:05.907,ACT/USDT:USDT,0.04586,23256.0,0.04585,47011.0,0.04588,11080.0,0.04589,50218.0
1753546986057,16:23:06.057,ACT/USDT:USDT,0.04586,23256.0,0.04585,47011.0,0.04588,11080.0,0.04589,50218.0
1753546986207,16:23:06.207,ACT/USDT:USDT,0.04586,23256.0,0.04585,47011.0,0.04588,1080.0,0.04589,50218.0
1753546986508,16:23:06.508,ACT/USDT:USDT,0.04586,55766.0,0.04585,47011.0,0.04589,16178.0,0.0459,54095.0
1753546986658,16:23:06.658,ACT/USDT:USDT,0.04587,12138.0,0.04586,54676.0,0.0459,54095.0,0.04591,47446.0
1753546986808,16:23:06.808,ACT/USDT:USDT,0.04587,22578.0,0.04586,54676.0,0.0459,54095.0,0.04591,47446.0
1753546986958,16:23:06.958,ACT/USDT:USDT,0.04588,5940.0,0.04587,22578.0,0.0459,54095.0,0.04591,47446.0
1753546987108,16:23:07.108,ACT/USDT:USDT,0.04588,15940.0,0.04587,55088.0,0.0459,54095.0,0.04591,47446.0
1753546987258,16:23:07.258,ACT/USDT:USDT,0.04588,25784.0,0.04587,55088.0,0.0459,54095.0,0.04591,47446.0
1753546987408,16:23:07.408,ACT/USDT:USDT,0.04588,25784.0,0.04587,55088.0,0.0459,54095.0,0.04591,47446.0
1753546987558,16:23:07.558,ACT/USDT:USDT,0.04588,25784.0,0.04587,55088.0,0.0459,54095.0,0.04591,47446.0
1753546987708,16:23:07.708,ACT/USDT:USDT,0.04588,25784.0,0.04587,55088.0,0.0459,10212.0,0.04591,47446.0
1753546987859,16:23:07.859,ACT/USDT:USDT,0.04588,25784.0,0.04587,55088.0,0.0459,10212.0,0.04591,47446.0
1753546988009,16:23:08.009,ACT/USDT:USDT,0.04588,25784.0,0.04587,55088.0,0.0459,10212.0,0.04591,47446.0
1753546988159,16:23:08.159,ACT/USDT:USDT,0.04588,25784.0,0.04587,55088.0,0.0459,10212.0,0.04591,47446.0
1753546988309,16:23:08.309,ACT/USDT:USDT,0.04588,25784.0,0.04587,55088.0,0.0459,10212.0,0.04591,47446.0
1753546988459,16:23:08.459,ACT/USDT:USDT,0.04588,25784.0,0.04587,55088.0,0.0459,1923.0,0.04591,47446.0
1753546988609,16:23:08.609,ACT/USDT:USDT,0.04588,36511.0,0.04587,55088.0,0.04591,47446.0,0.04592,64363.0
1753546988759,16:23:08.759,ACT/USDT:USDT,0.04588,36511.0,0.04587,55088.0,0.04591,47446.0,0.04592,64363.0
1753546988909,16:23:08.909,ACT/USDT:USDT,0.04588,36511.0,0.04587,55088.0,0.04591,47446.0,0.04592,64363.0
1753546989059,16:23:09.059,ACT/USDT:USDT,0.04588,36511.0,0.04587,55088.0,0.04591,47446.0,0.04592,64363.0
1753546989209,16:23:09.209,ACT/USDT:USDT,0.04588,36511.0,0.04587,55088.0,0.04591,47446.0,0.04592,64363.0
1753546989359,16:23:09.359,ACT/USDT:USDT,0.04588,36511.0,0.04587,55088.0,0.04591,47446.0,0.04592,64363.0
1753546989510,16:23:09.510,ACT/USDT:USDT,0.04588,36511.0,0.04587,55088.0,0.04591,47446.0,0.04592,64363.0
1753546989660,16:23:09.660,ACT/USDT:USDT,0.04588,36511.0,0.04587,55088.0,0.04591,47446.0,0.04592,64363.0
1753546989810,16:23:09.810,ACT/USDT:USDT,0.04588,36511.0,0.04587,55088.0,0.04591,47446.0,0.04592,64363.0
1753546989960,16:23:09.960,ACT/USDT:USDT,0.04588,36511.0,0.04587,55088.0,0.04591,47446.0,0.04592,64363.0
1753546990110,16:23:10.110,ACT/USDT:USDT,0.04588,36511.0,0.04587,55088.0,0.04591,47446.0,0.04592,64363.0
1753546990260,16:23:10.260,ACT/USDT:USDT,0.04588,36511.0,0.04587,55088.0,0.04591,47446.0,0.04592,64363.0
1753546990410,16:23:10.410,ACT/USDT:USDT,0.04588,36511.0,0.04587,55088.0,0.04591,47446.0,0.04592,64363.0
1753546990560,16:23:10.560,ACT/USDT:USDT,0.04588,36511.0,0.04587,55088.0,0.04591,47446.0,0.04592,64363.0
1753546990710,16:23:10.710,ACT/USDT:USDT,0.04588,36511.0,0.04587,55088.0,0.04591,47446.0,0.04592,64363.0
1753546990860,16:23:10.860,ACT/USDT:USDT,0.04588,36511.0,0.04587,55088.0,0.04591,47446.0,0.04592,64363.0
1753546991011,16:23:11.011,ACT/USDT:USDT,0.04588,36511.0,0.04587,55088.0,0.04591,47446.0,0.04592,64363.0
1753546991161,16:23:11.161,ACT/USDT:USDT,0.04588,36511.0,0.04587,55088.0,0.04591,47446.0,0.04592,64363.0
1753546991311,16:23:11.311,ACT/USDT:USDT,0.04588,36511.0,0.04587,55088.0,0.04591,47446.0,0.04592,64363.0
1753546991461,16:23:11.461,ACT/USDT:USDT,0.04588,36511.0,0.04587,55088.0,0.04591,47446.0,0.04592,64363.0
1753546991611,16:23:11.611,ACT/USDT:USDT,0.04588,69021.0,0.04587,55088.0,0.04591,14936.0,0.04592,52990.0
1753546991761,16:23:11.761,ACT/USDT:USDT,0.04588,67931.0,0.04587,55088.0,0.04591,14936.0,0.04592,42263.0
1753546991911,16:23:11.911,ACT/USDT:USDT,0.04589,25138.0,0.04588,67931.0,0.04591,1923.0,0.04592,42263.0
1753546992061,16:23:12.061,ACT/USDT:USDT,0.04589,26668.0,0.04588,64373.0,0.04591,1923.0,0.04592,42263.0
1753546992211,16:23:12.211,ACT/USDT:USDT,0.04589,26668.0,0.04588,64373.0,0.04591,1923.0,0.04592,42263.0
1753546992362,16:23:12.362,ACT/USDT:USDT,0.04589,26668.0,0.04588,64373.0,0.04591,1923.0,0.04592,42263.0
1753546992662,16:23:12.662,ACT/USDT:USDT,0.04589,26668.0,0.04588,64373.0,0.04591,1923.0,0.04592,42263.0
1753546992812,16:23:12.812,ACT/USDT:USDT,0.04589,26668.0,0.04588,64373.0,0.04591,1923.0,0.04592,42263.0
1753546992962,16:23:12.962,ACT/USDT:USDT,0.04589,26668.0,0.04588,64373.0,0.04591,1923.0,0.04592,42263.0
1753546993112,16:23:13.112,ACT/USDT:USDT,0.04589,26668.0,0.04588,64373.0,0.04591,1923.0,0.04592,42263.0
1753546993412,16:23:13.412,ACT/USDT:USDT,0.04589,26668.0,0.04588,64373.0,0.04592,42263.0,0.04593,56767.0
1753546993562,16:23:13.562,ACT/USDT:USDT,0.04589,26668.0,0.04588,64373.0,0.04592,42263.0,0.04593,56767.0
1753546993712,16:23:13.712,ACT/USDT:USDT,0.04589,26668.0,0.04588,64373.0,0.04592,42263.0,0.04593,56767.0
1753546994012,16:23:14.012,ACT/USDT:USDT,0.04589,26668.0,0.04588,64373.0,0.04592,42263.0,0.04593,56767.0
1753546994163,16:23:14.163,ACT/USDT:USDT,0.04589,59178.0,0.04588,64373.0,0.04592,42263.0,0.04593,56767.0
1753546994313,16:23:14.313,ACT/USDT:USDT,0.04589,59178.0,0.04588,64373.0,0.04592,42263.0,0.04593,56767.0
1753546994463,16:23:14.463,ACT/USDT:USDT,0.04589,59178.0,0.04588,64373.0,0.04592,42263.0,0.04593,56767.0
1753546994613,16:23:14.613,ACT/USDT:USDT,0.04589,59178.0,0.04588,64373.0,0.04592,42263.0,0.04593,56767.0
1753546994763,16:23:14.763,ACT/USDT:USDT,0.04589,59178.0,0.04588,64373.0,0.04592,42263.0,0.04593,56767.0
1753546994913,16:23:14.913,ACT/USDT:USDT,0.04589,59178.0,0.04588,64373.0,0.04592,42263.0,0.04593,56767.0
1753546995063,16:23:15.063,ACT/USDT:USDT,0.04589,59178.0,0.04588,64373.0,0.04592,42263.0,0.04593,56767.0
1753546995213,16:23:15.213,ACT/USDT:USDT,0.04589,59178.0,0.04588,64373.0,0.04592,42263.0,0.04593,56767.0
1753546995363,16:23:15.363,ACT/USDT:USDT,0.04589,59178.0,0.04588,64373.0,0.04592,42263.0,0.04593,56767.0
1753546995513,16:23:15.513,ACT/USDT:USDT,0.04589,59178.0,0.04588,64373.0,0.04592,42263.0,0.04593,56767.0
1753546995663,16:23:15.663,ACT/USDT:USDT,0.04589,59178.0,0.04588,64373.0,0.04592,42263.0,0.04593,56767.0
1753546995814,16:23:15.814,ACT/USDT:USDT,0.04589,59178.0,0.04588,64373.0,0.04592,42263.0,0.04593,56767.0
1753546995964,16:23:15.964,ACT/USDT:USDT,0.04589,59178.0,0.04588,64373.0,0.04592,42263.0,0.04593,56767.0
1753546996114,16:23:16.114,ACT/USDT:USDT,0.04589,59178.0,0.04588,64373.0,0.04592,42263.0,0.04593,56767.0
1753546996264,16:23:16.264,ACT/USDT:USDT,0.04589,59178.0,0.04588,64373.0,0.04592,42263.0,0.04593,56767.0
1753546996414,16:23:16.414,ACT/USDT:USDT,0.04589,59178.0,0.04588,64373.0,0.04592,42263.0,0.04593,56767.0
1753546996564,16:23:16.564,ACT/USDT:USDT,0.04589,59178.0,0.04588,64373.0,0.04592,42263.0,0.04593,56767.0
1753546996864,16:23:16.864,ACT/USDT:USDT,0.04589,25138.0,0.04588,52843.0,0.04591,19664.0,0.04592,42263.0
1753546997014,16:23:17.014,ACT/USDT:USDT,0.04589,25138.0,0.04588,54373.0,0.04591,9664.0,0.04592,42263.0
1753546997164,16:23:17.164,ACT/USDT:USDT,0.04589,25138.0,0.04588,54373.0,0.04591,9664.0,0.04592,42263.0
1753546997465,16:23:17.465,ACT/USDT:USDT,0.04589,25138.0,0.04588,54373.0,0.04591,1080.0,0.04592,42263.0
1753546997615,16:23:17.615,ACT/USDT:USDT,0.04589,25138.0,0.04588,54373.0,0.04591,1080.0,0.04592,42263.0
1753546997765,16:23:17.765,ACT/USDT:USDT,0.04589,25138.0,0.04588,54373.0,0.04591,1080.0,0.04592,42263.0
1753546997915,16:23:17.915,ACT/USDT:USDT,0.04589,25138.0,0.04588,54373.0,0.04591,1080.0,0.04592,42263.0
1753546998065,16:23:18.065,ACT/USDT:USDT,0.04589,25138.0,0.04588,54373.0,0.04591,1080.0,0.04592,42263.0
1753546998215,16:23:18.215,ACT/USDT:USDT,0.04589,25138.0,0.04588,54373.0,0.04591,1080.0,0.04592,42263.0
1753546998365,16:23:18.365,ACT/USDT:USDT,0.04589,25138.0,0.04588,54373.0,0.04591,1080.0,0.04592,42263.0
1753546998515,16:23:18.515,ACT/USDT:USDT,0.04589,25138.0,0.04588,54373.0,0.04591,1080.0,0.04592,42263.0
1753546998665,16:23:18.665,ACT/USDT:USDT,0.04589,25138.0,0.04588,54373.0,0.04591,1080.0,0.04592,42263.0
1753546998815,16:23:18.815,ACT/USDT:USDT,0.04589,25138.0,0.04588,54373.0,0.04591,1080.0,0.04592,42263.0
1753546999116,16:23:19.116,ACT/USDT:USDT,0.04589,25138.0,0.04588,54373.0,0.04591,1080.0,0.04592,42263.0
1753546999266,16:23:19.266,ACT/USDT:USDT,0.04589,25138.0,0.04588,54373.0,0.04591,1080.0,0.04592,42263.0
1753546999416,16:23:19.416,ACT/USDT:USDT,0.04589,25138.0,0.04588,54373.0,0.04591,1080.0,0.04592,42263.0
1753546999566,16:23:19.566,ACT/USDT:USDT,0.04589,25138.0,0.04588,54373.0,0.04591,1080.0,0.04592,42263.0
1753546999716,16:23:19.716,ACT/USDT:USDT,0.04589,25138.0,0.04588,54373.0,0.04591,1080.0,0.04592,42263.0
1753546999866,16:23:19.866,ACT/USDT:USDT,0.04589,25138.0,0.04588,54373.0,0.04591,1080.0,0.04592,42263.0
1753547000016,16:23:20.016,ACT/USDT:USDT,0.04589,25138.0,0.04588,54373.0,0.04591,1080.0,0.04592,42263.0
1753547000166,16:23:20.166,ACT/USDT:USDT,0.04589,25138.0,0.04588,54373.0,0.04591,1080.0,0.04592,42263.0
1753547000466,16:23:20.466,ACT/USDT:USDT,0.04589,25138.0,0.04588,54373.0,0.04591,1080.0,0.04592,42263.0
1753547000617,16:23:20.617,ACT/USDT:USDT,0.04589,25138.0,0.04588,54373.0,0.04591,1080.0,0.04592,42263.0
1753547000767,16:23:20.767,ACT/USDT:USDT,0.04589,25138.0,0.04588,54373.0,0.04591,1080.0,0.04592,42263.0
1753547000917,16:23:20.917,ACT/USDT:USDT,0.04589,25138.0,0.04588,54373.0,0.04591,1080.0,0.04592,42263.0
1753547001067,16:23:21.067,ACT/USDT:USDT,0.04589,25138.0,0.04588,54373.0,0.04591,1080.0,0.04592,42263.0
1753547001217,16:23:21.217,ACT/USDT:USDT,0.04589,25138.0,0.04588,54373.0,0.04591,1080.0,0.04592,42263.0
1753547001367,16:23:21.367,ACT/USDT:USDT,0.04589,25138.0,0.04588,54373.0,0.04591,1080.0,0.04592,42263.0
1753547001517,16:23:21.517,ACT/USDT:USDT,0.04589,25138.0,0.04588,54373.0,0.04591,1080.0,0.04592,42263.0
1753547001667,16:23:21.667,ACT/USDT:USDT,0.04589,25138.0,0.04588,54373.0,0.04591,1080.0,0.04592,42263.0
1753547001817,16:23:21.817,ACT/USDT:USDT,0.04589,25138.0,0.04588,54373.0,0.04591,1080.0,0.04592,42263.0
1753547001967,16:23:21.967,ACT/USDT:USDT,0.04589,25138.0,0.04588,54373.0,0.04591,1080.0,0.04592,42263.0
1753547002117,16:23:22.117,ACT/USDT:USDT,0.04589,25138.0,0.04588,54373.0,0.04591,1080.0,0.04592,42263.0
1753547002268,16:23:22.268,ACT/USDT:USDT,0.04589,25138.0,0.04588,54373.0,0.04591,1080.0,0.04592,42263.0
1753547002418,16:23:22.418,ACT/USDT:USDT,0.04589,25138.0,0.04588,54373.0,0.04591,1080.0,0.04592,42263.0
1753547002568,16:23:22.568,ACT/USDT:USDT,0.04589,25138.0,0.04588,54373.0,0.04591,1080.0,0.04592,42263.0
1753547002718,16:23:22.718,ACT/USDT:USDT,0.04589,25138.0,0.04588,54373.0,0.04591,1080.0,0.04592,42263.0
1753547003168,16:23:23.168,ACT/USDT:USDT,0.04589,25138.0,0.04588,54373.0,0.04591,1080.0,0.04592,42263.0
1753547003318,16:23:23.318,ACT/USDT:USDT,0.04589,25138.0,0.04588,54373.0,0.04591,1080.0,0.04592,42263.0
1753547003468,16:23:23.468,ACT/USDT:USDT,0.04589,25138.0,0.04588,54373.0,0.04591,1080.0,0.04592,42263.0
1753547003769,16:23:23.769,ACT/USDT:USDT,0.04589,25138.0,0.04588,54373.0,0.04591,1080.0,0.04592,42263.0
1753547003919,16:23:23.919,ACT/USDT:USDT,0.04589,57648.0,0.04588,54373.0,0.04591,1080.0,0.04592,42263.0
1753547004219,16:23:24.219,ACT/USDT:USDT,0.04589,57648.0,0.04588,54373.0,0.04591,1080.0,0.04592,42263.0
1753547004669,16:23:24.669,ACT/USDT:USDT,0.04589,57648.0,0.04588,54373.0,0.04591,1080.0,0.04592,42263.0
1753547004969,16:23:24.969,ACT/USDT:USDT,0.04589,25138.0,0.04588,54373.0,0.04591,1080.0,0.04592,42263.0
1753547005120,16:23:25.120,ACT/USDT:USDT,0.04589,25138.0,0.04588,54373.0,0.04591,1080.0,0.04592,42263.0
1753547005270,16:23:25.270,ACT/USDT:USDT,0.04589,25138.0,0.04588,54373.0,0.04591,1080.0,0.04592,42263.0
1753547005420,16:23:25.420,ACT/USDT:USDT,0.04589,25138.0,0.04588,54373.0,0.04591,1080.0,0.04592,42263.0
1753547005570,16:23:25.570,ACT/USDT:USDT,0.04589,25138.0,0.04588,54373.0,0.04591,1080.0,0.04592,42263.0
1753547005870,16:23:25.870,ACT/USDT:USDT,0.04589,25138.0,0.04588,54373.0,0.04591,1080.0,0.04592,42263.0
1753547006020,16:23:26.020,ACT/USDT:USDT,0.04589,25138.0,0.04588,54373.0,0.04591,1080.0,0.04592,42263.0
1753547006170,16:23:26.170,ACT/USDT:USDT,0.04589,25138.0,0.04588,54373.0,0.04591,1080.0,0.04592,42263.0
1753547006320,16:23:26.320,ACT/USDT:USDT,0.04589,25138.0,0.04588,54373.0,0.04591,1080.0,0.04592,42263.0
1753547006620,16:23:26.620,ACT/USDT:USDT,0.04589,25138.0,0.04588,54373.0,0.04591,1080.0,0.04592,42263.0
1753547006771,16:23:26.771,ACT/USDT:USDT,0.04589,25138.0,0.04588,54373.0,0.04591,1080.0,0.04592,42263.0
1753547006921,16:23:26.921,ACT/USDT:USDT,0.04589,25138.0,0.04588,54373.0,0.04591,1080.0,0.04592,42263.0
1753547007071,16:23:27.071,ACT/USDT:USDT,0.04589,25138.0,0.04588,54373.0,0.04591,1080.0,0.04592,42263.0
1753547007221,16:23:27.221,ACT/USDT:USDT,0.04589,25138.0,0.04588,54373.0,0.04591,1080.0,0.04592,42263.0
1753547007671,16:23:27.671,ACT/USDT:USDT,0.04589,25138.0,0.04588,54373.0,0.04591,1080.0,0.04592,42263.0
1753547007821,16:23:27.821,ACT/USDT:USDT,0.04589,25138.0,0.04588,54373.0,0.04591,1080.0,0.04592,42263.0
1753547007971,16:23:27.971,ACT/USDT:USDT,0.04589,25138.0,0.04588,54373.0,0.04591,1080.0,0.04592,42263.0
1753547008121,16:23:28.121,ACT/USDT:USDT,0.04589,25138.0,0.04588,54373.0,0.04591,1080.0,0.04592,42263.0
1753547008272,16:23:28.272,ACT/USDT:USDT,0.04589,25138.0,0.04588,54373.0,0.04591,1080.0,0.04592,42263.0
1753547008572,16:23:28.572,ACT/USDT:USDT,0.0459,11920.0,0.04589,56558.0,0.04593,45394.0,0.04594,52843.0
1753547008722,16:23:28.722,ACT/USDT:USDT,0.0459,55597.0,0.04589,56558.0,0.04593,45394.0,0.04594,52843.0
1753547008872,16:23:28.872,ACT/USDT:USDT,0.0459,55597.0,0.04589,56558.0,0.04593,45394.0,0.04594,52843.0
1753547009022,16:23:29.022,ACT/USDT:USDT,0.0459,55597.0,0.04589,56558.0,0.04593,45394.0,0.04594,52843.0
1753547009472,16:23:29.472,ACT/USDT:USDT,0.04589,46558.0,0.04588,52843.0,0.04592,43343.0,0.04593,46924.0
1753547009623,16:23:29.623,ACT/USDT:USDT,0.04589,46558.0,0.04588,52843.0,0.04591,10000.0,0.04592,43343.0
1753547009923,16:23:29.923,ACT/USDT:USDT,0.04589,46558.0,0.04588,52843.0,0.04591,10000.0,0.04592,42263.0
1753547010073,16:23:30.073,ACT/USDT:USDT,0.04589,46558.0,0.04588,52843.0,0.04591,10000.0,0.04592,42263.0
1753547010223,16:23:30.223,ACT/USDT:USDT,0.04589,46558.0,0.04588,52843.0,0.04591,10000.0,0.04592,42263.0
1753547010373,16:23:30.373,ACT/USDT:USDT,0.04589,46558.0,0.04588,52843.0,0.04591,10000.0,0.04592,42263.0
1753547010523,16:23:30.523,ACT/USDT:USDT,0.04589,46558.0,0.04588,52843.0,0.04591,10000.0,0.04592,42263.0
1753547010673,16:23:30.673,ACT/USDT:USDT,0.04589,46558.0,0.04588,52843.0,0.04591,10000.0,0.04592,42263.0
1753547010973,16:23:30.973,ACT/USDT:USDT,0.04589,46558.0,0.04588,52843.0,0.04591,19223.0,0.04592,42263.0
1753547011123,16:23:31.123,ACT/USDT:USDT,0.04589,46558.0,0.04588,52843.0,0.04591,19223.0,0.04592,42263.0
1753547011273,16:23:31.273,ACT/USDT:USDT,0.04589,46558.0,0.04588,52843.0,0.04591,19223.0,0.04592,42263.0
1753547011424,16:23:31.424,ACT/USDT:USDT,0.04589,46558.0,0.04588,52843.0,0.04591,19223.0,0.04592,42263.0
1753547011574,16:23:31.574,ACT/USDT:USDT,0.04589,46558.0,0.04588,52843.0,0.04591,17300.0,0.04592,42263.0
1753547011724,16:23:31.724,ACT/USDT:USDT,0.04589,46558.0,0.04588,54373.0,0.04591,10000.0,0.04592,42263.0
1753547011874,16:23:31.874,ACT/USDT:USDT,0.04589,46558.0,0.04588,54373.0,0.04591,10000.0,0.04592,42263.0
1753547012024,16:23:32.024,ACT/USDT:USDT,0.04589,46558.0,0.04588,54373.0,0.04591,10000.0,0.04592,42263.0
1753547012174,16:23:32.174,ACT/USDT:USDT,0.04589,46558.0,0.04588,54373.0,0.04591,10000.0,0.04592,42263.0
1753547012324,16:23:32.324,ACT/USDT:USDT,0.04589,46558.0,0.04588,54373.0,0.04591,10000.0,0.04592,42263.0
1753547012475,16:23:32.475,ACT/USDT:USDT,0.04589,46558.0,0.04588,54373.0,0.04591,10000.0,0.04592,42263.0
1753547012624,16:23:32.624,ACT/USDT:USDT,0.04589,46558.0,0.04588,54373.0,0.04591,10000.0,0.04592,42263.0
1753547012775,16:23:32.775,ACT/USDT:USDT,0.04589,46558.0,0.04588,54373.0,0.04591,10000.0,0.04592,42263.0
1753547012925,16:23:32.925,ACT/USDT:USDT,0.04589,46558.0,0.04588,54373.0,0.04591,10000.0,0.04592,42263.0
1753547013225,16:23:33.225,ACT/USDT:USDT,0.04589,46558.0,0.04588,54373.0,0.04591,10000.0,0.04592,42263.0
1753547013375,16:23:33.375,ACT/USDT:USDT,0.04589,46558.0,0.04588,54373.0,0.04591,10000.0,0.04592,42263.0
1753547013525,16:23:33.525,ACT/USDT:USDT,0.04589,14048.0,0.04588,54373.0,0.04591,10000.0,0.04592,42263.0
1753547013675,16:23:33.675,ACT/USDT:USDT,0.04589,14048.0,0.04588,54373.0,0.04591,10000.0,0.04592,42263.0
1753547013825,16:23:33.825,ACT/USDT:USDT,0.04589,14048.0,0.04588,54373.0,0.04591,10000.0,0.04592,42263.0
1753547013975,16:23:33.975,ACT/USDT:USDT,0.04589,14048.0,0.04588,54373.0,0.04591,10000.0,0.04592,42263.0
1753547014125,16:23:34.125,ACT/USDT:USDT,0.04589,14048.0,0.04588,54373.0,0.04591,10000.0,0.04592,42263.0
1753547014276,16:23:34.276,ACT/USDT:USDT,0.04589,14048.0,0.04588,54373.0,0.04591,10000.0,0.04592,42263.0
1753547014426,16:23:34.426,ACT/USDT:USDT,0.04589,14048.0,0.04588,54373.0,0.04591,10000.0,0.04592,42263.0
1753547014576,16:23:34.576,ACT/USDT:USDT,0.04589,14048.0,0.04588,54373.0,0.04591,10000.0,0.04592,42263.0
1753547014726,16:23:34.726,ACT/USDT:USDT,0.04589,14048.0,0.04588,54373.0,0.04591,10000.0,0.04592,42263.0
1753547014876,16:23:34.876,ACT/USDT:USDT,0.04589,14048.0,0.04588,54373.0,0.04591,10000.0,0.04592,42263.0
1753547015026,16:23:35.026,ACT/USDT:USDT,0.04589,14048.0,0.04588,54373.0,0.04591,10000.0,0.04592,42263.0
1753547015176,16:23:35.176,ACT/USDT:USDT,0.04589,14048.0,0.04588,54373.0,0.04591,10000.0,0.04592,42263.0
1753547015326,16:23:35.326,ACT/USDT:USDT,0.04589,14048.0,0.04588,54373.0,0.04591,10000.0,0.04592,42263.0
1753547015476,16:23:35.476,ACT/USDT:USDT,0.04589,14048.0,0.04588,54373.0,0.04591,10000.0,0.04592,53636.0
1753547015626,16:23:35.626,ACT/USDT:USDT,0.04589,14048.0,0.04588,54373.0,0.04591,10000.0,0.04592,53636.0
1753547015777,16:23:35.777,ACT/USDT:USDT,0.04589,14048.0,0.04588,54373.0,0.04591,10000.0,0.04592,53636.0
1753547016077,16:23:36.077,ACT/USDT:USDT,0.04589,14048.0,0.04588,54373.0,0.04591,10000.0,0.04592,53636.0
1753547016227,16:23:36.227,ACT/USDT:USDT,0.04589,14048.0,0.04588,54373.0,0.04591,10000.0,0.04592,53636.0
1753547016377,16:23:36.377,ACT/USDT:USDT,0.04589,14048.0,0.04588,54373.0,0.04591,10000.0,0.04592,53636.0
1753547016527,16:23:36.527,ACT/USDT:USDT,0.04589,14048.0,0.04588,54373.0,0.04591,10000.0,0.04592,53636.0
1753547016677,16:23:36.677,ACT/USDT:USDT,0.04589,14048.0,0.04588,54373.0,0.04591,10000.0,0.04592,53636.0
1753547016827,16:23:36.827,ACT/USDT:USDT,0.04589,14048.0,0.04588,54373.0,0.04591,10000.0,0.04592,53636.0
1753547016977,16:23:36.977,ACT/USDT:USDT,0.04589,14048.0,0.04588,54373.0,0.04591,10000.0,0.04592,53636.0
1753547017127,16:23:37.127,ACT/USDT:USDT,0.04589,14048.0,0.04588,54373.0,0.04591,10000.0,0.04592,53636.0
1753547017278,16:23:37.278,ACT/USDT:USDT,0.04589,14048.0,0.04588,54373.0,0.04591,10000.0,0.04592,53636.0
1753547017428,16:23:37.428,ACT/USDT:USDT,0.04589,46558.0,0.04588,54373.0,0.04591,10000.0,0.04592,53636.0
1753547017578,16:23:37.578,ACT/USDT:USDT,0.04589,46558.0,0.04588,54373.0,0.04591,10000.0,0.04592,53636.0
1753547017728,16:23:37.728,ACT/USDT:USDT,0.04589,46558.0,0.04588,54373.0,0.04591,10000.0,0.04592,53636.0
1753547017878,16:23:37.878,ACT/USDT:USDT,0.04589,46558.0,0.04588,54373.0,0.04591,10000.0,0.04592,53636.0
1753547018028,16:23:38.028,ACT/USDT:USDT,0.04589,46558.0,0.04588,54373.0,0.04591,10000.0,0.04592,53636.0
1753547018178,16:23:38.178,ACT/USDT:USDT,0.04589,46558.0,0.04588,54373.0,0.04591,10000.0,0.04592,53636.0
1753547018328,16:23:38.328,ACT/USDT:USDT,0.04589,46558.0,0.04588,54373.0,0.04591,10000.0,0.04592,53636.0
1753547018478,16:23:38.478,ACT/USDT:USDT,0.04589,46558.0,0.04588,54373.0,0.04591,10000.0,0.04592,53636.0
1753547018628,16:23:38.628,ACT/USDT:USDT,0.04589,46558.0,0.04588,54373.0,0.04591,10000.0,0.04592,53636.0
1753547018929,16:23:38.929,ACT/USDT:USDT,0.04589,46558.0,0.04588,54373.0,0.04591,10000.0,0.04592,53636.0
1753547019079,16:23:39.079,ACT/USDT:USDT,0.04589,46558.0,0.04588,54373.0,0.04591,10000.0,0.04592,53636.0
1753547019529,16:23:39.529,ACT/USDT:USDT,0.04589,46558.0,0.04588,54373.0,0.04591,10000.0,0.04592,53636.0
1753547019679,16:23:39.679,ACT/USDT:USDT,0.04589,46558.0,0.04588,54373.0,0.04591,10000.0,0.04592,53636.0
1753547019829,16:23:39.829,ACT/USDT:USDT,0.04589,46558.0,0.04588,54373.0,0.04591,10000.0,0.04592,53636.0
1753547019979,16:23:39.979,ACT/USDT:USDT,0.04589,46558.0,0.04588,54373.0,0.04591,10000.0,0.04592,53636.0
1753547020129,16:23:40.129,ACT/USDT:USDT,0.04589,46558.0,0.04588,54373.0,0.04592,53636.0,0.04593,46924.0
1753547020279,16:23:40.279,ACT/USDT:USDT,0.04589,46558.0,0.04588,54373.0,0.04592,53636.0,0.04593,46924.0
1753547020430,16:23:40.430,ACT/USDT:USDT,0.04589,46558.0,0.04588,54373.0,0.04592,53636.0,0.04593,46924.0
1753547020580,16:23:40.580,ACT/USDT:USDT,0.04589,46558.0,0.04588,54373.0,0.04592,53636.0,0.04593,46924.0
1753547020730,16:23:40.730,ACT/USDT:USDT,0.04589,46558.0,0.04588,54373.0,0.04591,1080.0,0.04592,53636.0
1753547020880,16:23:40.880,ACT/USDT:USDT,0.04589,46558.0,0.04588,54373.0,0.04591,1080.0,0.04592,53636.0
1753547021030,16:23:41.030,ACT/USDT:USDT,0.04589,46558.0,0.04588,54373.0,0.04591,1080.0,0.04592,53636.0
1753547021180,16:23:41.180,ACT/USDT:USDT,0.04589,46558.0,0.04588,54373.0,0.04591,1080.0,0.04592,53636.0
1753547021330,16:23:41.330,ACT/USDT:USDT,0.04589,46558.0,0.04588,54373.0,0.04591,1080.0,0.04592,53636.0
1753547021480,16:23:41.480,ACT/USDT:USDT,0.04589,46558.0,0.04588,54373.0,0.04591,1080.0,0.04592,53636.0
1753547021630,16:23:41.630,ACT/USDT:USDT,0.04589,46558.0,0.04588,54373.0,0.04591,1080.0,0.04592,53636.0
1753547021780,16:23:41.780,ACT/USDT:USDT,0.04589,46558.0,0.04588,54373.0,0.04591,1080.0,0.04592,53636.0
1753547021931,16:23:41.931,ACT/USDT:USDT,0.04589,46558.0,0.04588,54373.0,0.04591,1080.0,0.04592,53636.0
1753547022231,16:23:42.231,ACT/USDT:USDT,0.04589,46558.0,0.04588,54373.0,0.04591,1080.0,0.04592,53636.0
1753547022381,16:23:42.381,ACT/USDT:USDT,0.04589,46558.0,0.04588,54373.0,0.04591,1080.0,0.04592,53636.0
1753547022531,16:23:42.531,ACT/USDT:USDT,0.04589,46558.0,0.04588,54373.0,0.04591,1080.0,0.04592,53636.0
1753547022681,16:23:42.681,ACT/USDT:USDT,0.04589,46558.0,0.04588,54373.0,0.04591,1080.0,0.04592,53636.0
1753547022831,16:23:42.831,ACT/USDT:USDT,0.04589,46558.0,0.04588,54373.0,0.04591,1080.0,0.04592,53636.0
1753547022981,16:23:42.981,ACT/USDT:USDT,0.04589,46558.0,0.04588,54373.0,0.04591,1080.0,0.04592,53636.0
1753547023131,16:23:43.131,ACT/USDT:USDT,0.04589,46558.0,0.04588,54373.0,0.04591,1080.0,0.04592,53636.0
1753547023431,16:23:43.431,ACT/USDT:USDT,0.04589,46558.0,0.04588,54373.0,0.04591,1080.0,0.04592,53636.0
1753547023582,16:23:43.582,ACT/USDT:USDT,0.04589,46558.0,0.04588,54373.0,0.04591,1080.0,0.04592,53636.0
1753547023732,16:23:43.732,ACT/USDT:USDT,0.04589,46558.0,0.04588,54373.0,0.04591,1080.0,0.04592,53636.0
1753547023882,16:23:43.882,ACT/USDT:USDT,0.04589,46558.0,0.04588,54373.0,0.04591,1080.0,0.04592,53636.0
1753547024032,16:23:44.032,ACT/USDT:USDT,0.04589,46558.0,0.04588,54373.0,0.04591,1080.0,0.04592,53636.0
1753547024182,16:23:44.182,ACT/USDT:USDT,0.04589,46558.0,0.04588,54373.0,0.04591,1080.0,0.04592,53636.0
1753547024332,16:23:44.332,ACT/USDT:USDT,0.04589,46558.0,0.04588,54373.0,0.04591,1080.0,0.04592,53636.0
1753547024782,16:23:44.782,ACT/USDT:USDT,0.04589,14048.0,0.04588,54373.0,0.04591,1080.0,0.04592,53636.0
1753547025082,16:23:45.082,ACT/USDT:USDT,0.04589,14048.0,0.04588,54373.0,0.04591,1080.0,0.04592,53636.0
1753547025233,16:23:45.233,ACT/USDT:USDT,0.04589,14048.0,0.04588,54373.0,0.04591,1080.0,0.04592,53636.0
1753547025383,16:23:45.383,ACT/USDT:USDT,0.04589,14048.0,0.04588,54373.0,0.04591,1080.0,0.04592,53636.0
1753547025533,16:23:45.533,ACT/USDT:USDT,0.04589,14048.0,0.04588,54373.0,0.04591,1080.0,0.04592,53636.0
1753547025683,16:23:45.683,ACT/USDT:USDT,0.04589,14048.0,0.04588,54373.0,0.04591,11080.0,0.04592,53636.0
1753547025983,16:23:45.983,ACT/USDT:USDT,0.04589,14048.0,0.04588,54373.0,0.04591,1080.0,0.04592,53636.0
1753547026133,16:23:46.133,ACT/USDT:USDT,0.04589,14048.0,0.04588,54373.0,0.04591,1080.0,0.04592,53636.0
1753547026283,16:23:46.283,ACT/USDT:USDT,0.04589,14048.0,0.04588,54373.0,0.04591,1080.0,0.04592,53636.0
1753547026433,16:23:46.433,ACT/USDT:USDT,0.04589,14048.0,0.04588,54373.0,0.04591,1080.0,0.04592,53636.0
1753547026734,16:23:46.734,ACT/USDT:USDT,0.04589,14048.0,0.04588,54373.0,0.04591,1080.0,0.04592,53636.0
1753547026884,16:23:46.884,ACT/USDT:USDT,0.04589,14048.0,0.04588,54373.0,0.04591,1080.0,0.04592,53636.0
1753547027184,16:23:47.184,ACT/USDT:USDT,0.04589,14048.0,0.04588,54373.0,0.04591,1080.0,0.04592,53636.0
1753547027334,16:23:47.334,ACT/USDT:USDT,0.04589,14048.0,0.04588,54373.0,0.04591,1080.0,0.04592,53636.0
1753547027484,16:23:47.484,ACT/USDT:USDT,0.04589,14048.0,0.04588,54373.0,0.04591,1080.0,0.04592,53636.0
1753547027634,16:23:47.634,ACT/USDT:USDT,0.04589,24048.0,0.04588,54373.0,0.04591,1080.0,0.04592,53636.0
1753547027784,16:23:47.784,ACT/USDT:USDT,0.04589,24048.0,0.04588,54373.0,0.04591,1080.0,0.04592,53636.0
1753547027934,16:23:47.934,ACT/USDT:USDT,0.04589,24048.0,0.04588,54373.0,0.04591,1080.0,0.04592,53636.0
1753547028235,16:23:48.235,ACT/USDT:USDT,0.04589,24048.0,0.04588,54373.0,0.04591,1080.0,0.04592,53636.0
1753547028385,16:23:48.385,ACT/USDT:USDT,0.04589,24048.0,0.04588,54373.0,0.04591,1080.0,0.04592,53636.0
1753547028535,16:23:48.535,ACT/USDT:USDT,0.04589,24048.0,0.04588,54373.0,0.04591,1080.0,0.04592,53636.0
1753547028685,16:23:48.685,ACT/USDT:USDT,0.04589,24048.0,0.04588,54373.0,0.04591,1080.0,0.04592,53636.0
1753547028835,16:23:48.835,ACT/USDT:USDT,0.04589,24048.0,0.04588,54373.0,0.04591,1080.0,0.04592,53636.0
1753547028985,16:23:48.985,ACT/USDT:USDT,0.04589,24048.0,0.04588,54373.0,0.04591,1080.0,0.04592,53636.0
1753547029135,16:23:49.135,ACT/USDT:USDT,0.04589,24048.0,0.04588,54373.0,0.04591,1080.0,0.04592,53636.0
1753547029285,16:23:49.285,ACT/USDT:USDT,0.04589,24048.0,0.04588,54373.0,0.04591,1080.0,0.04592,53636.0
1753547029435,16:23:49.435,ACT/USDT:USDT,0.04589,24048.0,0.04588,54373.0,0.04591,1080.0,0.04592,53636.0
1753547029585,16:23:49.585,ACT/USDT:USDT,0.04589,24048.0,0.04588,54373.0,0.04591,1080.0,0.04592,53636.0
1753547029736,16:23:49.736,ACT/USDT:USDT,0.04589,24048.0,0.04588,54373.0,0.04591,1080.0,0.04592,53636.0
1753547029886,16:23:49.886,ACT/USDT:USDT,0.04589,24048.0,0.04588,54373.0,0.04591,1080.0,0.04592,53636.0
1753547030036,16:23:50.036,ACT/USDT:USDT,0.04589,24048.0,0.04588,54373.0,0.04591,1080.0,0.04592,53636.0
1753547030486,16:23:50.486,ACT/USDT:USDT,0.04589,46558.0,0.04588,54373.0,0.04591,1080.0,0.04592,53636.0
1753547030636,16:23:50.636,ACT/USDT:USDT,0.04589,46558.0,0.04588,54373.0,0.04591,1080.0,0.04592,53636.0
1753547030786,16:23:50.786,ACT/USDT:USDT,0.04589,46558.0,0.04588,54373.0,0.04591,1080.0,0.04592,53636.0
1753547030936,16:23:50.936,ACT/USDT:USDT,0.04589,46558.0,0.04588,54373.0,0.04591,1080.0,0.04592,53636.0
1753547031086,16:23:51.086,ACT/USDT:USDT,0.04589,46558.0,0.04588,54373.0,0.04591,1080.0,0.04592,53636.0
1753547031237,16:23:51.237,ACT/USDT:USDT,0.04589,46558.0,0.04588,54373.0,0.04591,1080.0,0.04592,53636.0
1753547031387,16:23:51.387,ACT/USDT:USDT,0.04589,14048.0,0.04588,54373.0,0.04591,1080.0,0.04592,53636.0
1753547031537,16:23:51.537,ACT/USDT:USDT,0.04589,14048.0,0.04588,54373.0,0.04591,1080.0,0.04592,53636.0
1753547031687,16:23:51.687,ACT/USDT:USDT,0.04589,14048.0,0.04588,54373.0,0.04591,1080.0,0.04592,53636.0
1753547031987,16:23:51.987,ACT/USDT:USDT,0.04589,46558.0,0.04588,54373.0,0.04591,1080.0,0.04592,53636.0
1753547032287,16:23:52.287,ACT/USDT:USDT,0.04589,46558.0,0.04588,54373.0,0.04591,1080.0,0.04592,53636.0
1753547032437,16:23:52.437,ACT/USDT:USDT,0.04589,46558.0,0.04588,54373.0,0.04591,1080.0,0.04592,53636.0
1753547032587,16:23:52.587,ACT/USDT:USDT,0.04589,46558.0,0.04588,54373.0,0.04591,1080.0,0.04592,53636.0
1753547032737,16:23:52.737,ACT/USDT:USDT,0.04589,46558.0,0.04588,54373.0,0.04591,1080.0,0.04592,53636.0
1753547032888,16:23:52.888,ACT/USDT:USDT,0.04589,46558.0,0.04588,54373.0,0.04591,1080.0,0.04592,53636.0
1753547033188,16:23:53.188,ACT/USDT:USDT,0.04589,46558.0,0.04588,54373.0,0.04591,1080.0,0.04592,53636.0
1753547033338,16:23:53.338,ACT/USDT:USDT,0.04589,46558.0,0.04588,54373.0,0.04591,1080.0,0.04592,53636.0
1753547033488,16:23:53.488,ACT/USDT:USDT,0.04589,46558.0,0.04588,54373.0,0.04591,1080.0,0.04592,53636.0
1753547033638,16:23:53.638,ACT/USDT:USDT,0.04589,46558.0,0.04588,54373.0,0.04591,1080.0,0.04592,53636.0
1753547033788,16:23:53.788,ACT/USDT:USDT,0.04589,46558.0,0.04588,54373.0,0.04591,1080.0,0.04592,53636.0
1753547033938,16:23:53.938,ACT/USDT:USDT,0.04589,46558.0,0.04588,54373.0,0.04591,1080.0,0.04592,53636.0
1753547034088,16:23:54.088,ACT/USDT:USDT,0.04589,46558.0,0.04588,54373.0,0.04591,1080.0,0.04592,53636.0
1753547034238,16:23:54.238,ACT/USDT:USDT,0.04589,46558.0,0.04588,54373.0,0.04591,1080.0,0.04592,53636.0
1753547034389,16:23:54.389,ACT/USDT:USDT,0.04589,46558.0,0.04588,54373.0,0.04591,1080.0,0.04592,53636.0
1753547034539,16:23:54.539,ACT/USDT:USDT,0.04589,46558.0,0.04588,54373.0,0.04591,1080.0,0.04592,53636.0
1753547034689,16:23:54.689,ACT/USDT:USDT,0.04589,46558.0,0.04588,54373.0,0.04591,1080.0,0.04592,53636.0
1753547034839,16:23:54.839,ACT/USDT:USDT,0.04589,46558.0,0.04588,54373.0,0.04591,1080.0,0.04592,53636.0
1753547034989,16:23:54.989,ACT/USDT:USDT,0.04589,46558.0,0.04588,54373.0,0.04591,1080.0,0.04592,53636.0
1753547035139,16:23:55.139,ACT/USDT:USDT,0.04589,46558.0,0.04588,54373.0,0.04591,1080.0,0.04592,53636.0
1753547035289,16:23:55.289,ACT/USDT:USDT,0.04589,46558.0,0.04588,54373.0,0.04591,1080.0,0.04592,53636.0
1753547035439,16:23:55.439,ACT/USDT:USDT,0.04589,46558.0,0.04588,54373.0,0.04591,1080.0,0.04592,53636.0
1753547035589,16:23:55.589,ACT/USDT:USDT,0.04589,46558.0,0.04588,54373.0,0.04591,1080.0,0.04592,53636.0
1753547035739,16:23:55.739,ACT/USDT:USDT,0.04589,46558.0,0.04588,54373.0,0.04591,1080.0,0.04592,53636.0
1753547035889,16:23:55.889,ACT/USDT:USDT,0.04589,46558.0,0.04588,54373.0,0.04591,1080.0,0.04592,53636.0
1753547036040,16:23:56.040,ACT/USDT:USDT,0.04589,46558.0,0.04588,54373.0,0.04591,1080.0,0.04592,53636.0
1753547036190,16:23:56.190,ACT/USDT:USDT,0.04589,46558.0,0.04588,54373.0,0.04591,1080.0,0.04592,53636.0
1753547036340,16:23:56.340,ACT/USDT:USDT,0.04589,46558.0,0.04588,54373.0,0.04591,1080.0,0.04592,53636.0
1753547036490,16:23:56.490,ACT/USDT:USDT,0.04589,46558.0,0.04588,54373.0,0.04591,1080.0,0.04592,53636.0
1753547036640,16:23:56.640,ACT/USDT:USDT,0.04589,46558.0,0.04588,54373.0,0.04591,1080.0,0.04592,53636.0
1753547036790,16:23:56.790,ACT/USDT:USDT,0.04589,46558.0,0.04588,54373.0,0.04591,1080.0,0.04592,53636.0
1753547037090,16:23:57.090,ACT/USDT:USDT,0.04589,46558.0,0.04588,54373.0,0.04591,1080.0,0.04592,53636.0
1753547037240,16:23:57.240,ACT/USDT:USDT,0.04589,46558.0,0.04588,54373.0,0.04591,1080.0,0.04592,53636.0
1753547037691,16:23:57.691,ACT/USDT:USDT,0.04589,46558.0,0.04588,54373.0,0.04591,1080.0,0.04592,53636.0
1753547037841,16:23:57.841,ACT/USDT:USDT,0.04589,46558.0,0.04588,54373.0,0.04591,1080.0,0.04592,53636.0
1753547037991,16:23:57.991,ACT/USDT:USDT,0.04589,46558.0,0.04588,54373.0,0.04591,1080.0,0.04592,53636.0
1753547038141,16:23:58.141,ACT/USDT:USDT,0.04589,46558.0,0.04588,54373.0,0.04591,1080.0,0.04592,53636.0
1753547038291,16:23:58.291,ACT/USDT:USDT,0.04589,46558.0,0.04588,54373.0,0.04591,1080.0,0.04592,53636.0
1753547038441,16:23:58.441,ACT/USDT:USDT,0.04589,46558.0,0.04588,54373.0,0.04591,1080.0,0.04592,53636.0
1753547038591,16:23:58.591,ACT/USDT:USDT,0.04589,46558.0,0.04588,54373.0,0.04591,1080.0,0.04592,53636.0
1753547038741,16:23:58.741,ACT/USDT:USDT,0.04589,46558.0,0.04588,54373.0,0.04591,1080.0,0.04592,53636.0
1753547038891,16:23:58.891,ACT/USDT:USDT,0.04589,46558.0,0.04588,54373.0,0.04591,1080.0,0.04592,53636.0
1753547039042,16:23:59.042,ACT/USDT:USDT,0.04589,46558.0,0.04588,54373.0,0.04591,1080.0,0.04592,53636.0
1753547039342,16:23:59.342,ACT/USDT:USDT,0.04589,46558.0,0.04588,54373.0,0.04591,1080.0,0.04592,53636.0
1753547039492,16:23:59.492,ACT/USDT:USDT,0.04589,46558.0,0.04588,54373.0,0.04591,1080.0,0.04592,53636.0
1753547039642,16:23:59.642,ACT/USDT:USDT,0.04589,46558.0,0.04588,54373.0,0.04591,1080.0,0.04592,53636.0
1753547039792,16:23:59.792,ACT/USDT:USDT,0.04589,46558.0,0.04588,54373.0,0.04591,1080.0,0.04592,53636.0
1753547039942,16:23:59.942,ACT/USDT:USDT,0.04589,46558.0,0.04588,54373.0,0.04591,1080.0,0.04592,53636.0
1753547040092,16:24:00.092,ACT/USDT:USDT,0.04589,46558.0,0.04588,54373.0,0.04591,1080.0,0.04592,53636.0
1753547040242,16:24:00.242,ACT/USDT:USDT,0.04589,46558.0,0.04588,54373.0,0.04591,1080.0,0.04592,53636.0
1753547040393,16:24:00.393,ACT/USDT:USDT,0.04589,46558.0,0.04588,54373.0,0.04591,1080.0,0.04592,53636.0
1753547040543,16:24:00.543,ACT/USDT:USDT,0.04589,46558.0,0.04588,54373.0,0.04591,1080.0,0.04592,53636.0
1753547040843,16:24:00.843,ACT/USDT:USDT,0.04589,46558.0,0.04588,54373.0,0.04591,1080.0,0.04592,53636.0
1753547040993,16:24:00.993,ACT/USDT:USDT,0.04589,46558.0,0.04588,54373.0,0.04591,1080.0,0.04592,53636.0
1753547041143,16:24:01.143,ACT/USDT:USDT,0.04589,46558.0,0.04588,54373.0,0.04591,1080.0,0.04592,53636.0
1753547041293,16:24:01.293,ACT/USDT:USDT,0.04589,46558.0,0.04588,54373.0,0.04591,1080.0,0.04592,53636.0
1753547041443,16:24:01.443,ACT/USDT:USDT,0.04589,46558.0,0.04588,54373.0,0.04591,1080.0,0.04592,53636.0
1753547041593,16:24:01.593,ACT/USDT:USDT,0.04589,46558.0,0.04588,54373.0,0.04591,1080.0,0.04592,53636.0
1753547041743,16:24:01.743,ACT/USDT:USDT,0.04589,46558.0,0.04588,54373.0,0.04591,1080.0,0.04592,53636.0
1753547041894,16:24:01.894,ACT/USDT:USDT,0.04589,46558.0,0.04588,54373.0,0.04591,1080.0,0.04592,53636.0
1753547042044,16:24:02.044,ACT/USDT:USDT,0.04589,46558.0,0.04588,54373.0,0.04591,1080.0,0.04592,53636.0
1753547042194,16:24:02.194,ACT/USDT:USDT,0.04589,46558.0,0.04588,54373.0,0.04591,1080.0,0.04592,53636.0
1753547042344,16:24:02.344,ACT/USDT:USDT,0.04589,46558.0,0.04588,54373.0,0.04591,970.0,0.04592,53636.0
1753547042494,16:24:02.494,ACT/USDT:USDT,0.04589,46558.0,0.04588,54373.0,0.04591,970.0,0.04592,53636.0
1753547042644,16:24:02.644,ACT/USDT:USDT,0.04589,46558.0,0.04588,54373.0,0.04591,970.0,0.04592,53636.0
1753547042794,16:24:02.794,ACT/USDT:USDT,0.04589,46558.0,0.04588,54373.0,0.04591,970.0,0.04592,53636.0
1753547043094,16:24:03.094,ACT/USDT:USDT,0.04589,46558.0,0.04588,54373.0,0.04591,970.0,0.04592,53636.0
1753547043244,16:24:03.244,ACT/USDT:USDT,0.04589,46558.0,0.04588,54373.0,0.04591,970.0,0.04592,53636.0
1753547043394,16:24:03.394,ACT/USDT:USDT,0.04589,46558.0,0.04588,54373.0,0.04591,970.0,0.04592,53636.0
1753547043545,16:24:03.545,ACT/USDT:USDT,0.04589,46558.0,0.04588,54373.0,0.04591,970.0,0.04592,53636.0
1753547043695,16:24:03.695,ACT/USDT:USDT,0.04589,46558.0,0.04588,54373.0,0.04591,970.0,0.04592,53636.0
1753547043845,16:24:03.845,ACT/USDT:USDT,0.04589,46558.0,0.04588,54373.0,0.04591,970.0,0.04592,53636.0
1753547044145,16:24:04.145,ACT/USDT:USDT,0.04589,46558.0,0.04588,54373.0,0.04591,970.0,0.04592,53636.0
1753547044295,16:24:04.295,ACT/USDT:USDT,0.04589,46558.0,0.04588,54373.0,0.04591,970.0,0.04592,53636.0
1753547044445,16:24:04.445,ACT/USDT:USDT,0.0459,10000.0,0.04589,46558.0,0.04591,970.0,0.04592,53636.0
1753547044595,16:24:04.595,ACT/USDT:USDT,0.0459,10000.0,0.04589,46558.0,0.04591,970.0,0.04592,53636.0
1753547044745,16:24:04.745,ACT/USDT:USDT,0.0459,10000.0,0.04589,46558.0,0.04591,970.0,0.04592,53636.0
1753547044895,16:24:04.895,ACT/USDT:USDT,0.0459,10000.0,0.04589,46558.0,0.04591,970.0,0.04592,53636.0
1753547045046,16:24:05.046,ACT/USDT:USDT,0.0459,10000.0,0.04589,46558.0,0.04591,970.0,0.04592,53636.0
1753547045196,16:24:05.196,ACT/USDT:USDT,0.0459,10000.0,0.04589,46558.0,0.04591,970.0,0.04592,53636.0
1753547045346,16:24:05.346,ACT/USDT:USDT,0.0459,10000.0,0.04589,46558.0,0.04591,970.0,0.04592,53636.0
1753547045496,16:24:05.496,ACT/USDT:USDT,0.0459,10000.0,0.04589,46558.0,0.04591,970.0,0.04592,53636.0
1753547045646,16:24:05.646,ACT/USDT:USDT,0.0459,10000.0,0.04589,46558.0,0.04591,970.0,0.04592,53636.0
1753547045946,16:24:05.946,ACT/USDT:USDT,0.0459,10000.0,0.04589,46558.0,0.04591,970.0,0.04592,53636.0
1753547046246,16:24:06.246,ACT/USDT:USDT,0.0459,10000.0,0.04589,46558.0,0.04591,970.0,0.04592,53636.0
1753547046396,16:24:06.396,ACT/USDT:USDT,0.0459,11541.0,0.04589,46558.0,0.04591,970.0,0.04592,53636.0
1753547046547,16:24:06.547,ACT/USDT:USDT,0.0459,11541.0,0.04589,46558.0,0.04591,970.0,0.04592,53636.0
1753547046697,16:24:06.697,ACT/USDT:USDT,0.0459,11541.0,0.04589,46558.0,0.04591,970.0,0.04592,53636.0
1753547046847,16:24:06.847,ACT/USDT:USDT,0.0459,11541.0,0.04589,46558.0,0.04591,970.0,0.04592,53636.0
1753547046997,16:24:06.997,ACT/USDT:USDT,0.0459,11541.0,0.04589,46558.0,0.04591,970.0,0.04592,53636.0
1753547047147,16:24:07.147,ACT/USDT:USDT,0.0459,11541.0,0.04589,46558.0,0.04591,970.0,0.04592,53636.0
1753547047297,16:24:07.297,ACT/USDT:USDT,0.0459,11541.0,0.04589,46558.0,0.04591,970.0,0.04592,53636.0
1753547047447,16:24:07.447,ACT/USDT:USDT,0.0459,11541.0,0.04589,46558.0,0.04591,970.0,0.04592,53636.0
1753547047597,16:24:07.597,ACT/USDT:USDT,0.0459,11541.0,0.04589,46558.0,0.04591,970.0,0.04592,53636.0
1753547047747,16:24:07.747,ACT/USDT:USDT,0.0459,11541.0,0.04589,46558.0,0.04591,970.0,0.04592,53636.0
1753547047897,16:24:07.897,ACT/USDT:USDT,0.0459,11541.0,0.04589,46558.0,0.04591,970.0,0.04592,53636.0
1753547048198,16:24:08.198,ACT/USDT:USDT,0.0459,11541.0,0.04589,46558.0,0.04591,970.0,0.04592,53636.0
1753547048348,16:24:08.348,ACT/USDT:USDT,0.0459,11541.0,0.04589,46558.0,0.04591,970.0,0.04592,53636.0
1753547048498,16:24:08.498,ACT/USDT:USDT,0.0459,1541.0,0.04589,46558.0,0.04592,53636.0,0.04593,46924.0
1753547048648,16:24:08.648,ACT/USDT:USDT,0.0459,1541.0,0.04589,46558.0,0.04592,53636.0,0.04593,46924.0
1753547048798,16:24:08.798,ACT/USDT:USDT,0.0459,1541.0,0.04589,46558.0,0.04592,53636.0,0.04593,46924.0
1753547048948,16:24:08.948,ACT/USDT:USDT,0.0459,1541.0,0.04589,46558.0,0.04592,53636.0,0.04593,46924.0
1753547049098,16:24:09.098,ACT/USDT:USDT,0.0459,1541.0,0.04589,46558.0,0.04592,53636.0,0.04593,46924.0
1753547049248,16:24:09.248,ACT/USDT:USDT,0.0459,1541.0,0.04589,46558.0,0.04592,53636.0,0.04593,46924.0
1753547049398,16:24:09.398,ACT/USDT:USDT,0.0459,1541.0,0.04589,46558.0,0.04592,53636.0,0.04593,46924.0
1753547049549,16:24:09.549,ACT/USDT:USDT,0.0459,1541.0,0.04589,46558.0,0.04592,53636.0,0.04593,46924.0
1753547049699,16:24:09.699,ACT/USDT:USDT,0.0459,1541.0,0.04589,46558.0,0.04592,53636.0,0.04593,46924.0
1753547049849,16:24:09.849,ACT/USDT:USDT,0.0459,1541.0,0.04589,46558.0,0.04592,53636.0,0.04593,46924.0
1753547049999,16:24:09.999,ACT/USDT:USDT,0.0459,1541.0,0.04589,46558.0,0.04592,53636.0,0.04593,46924.0
1753547050149,16:24:10.149,ACT/USDT:USDT,0.0459,1541.0,0.04589,46558.0,0.04592,53636.0,0.04593,46924.0
1753547050299,16:24:10.299,ACT/USDT:USDT,0.0459,1541.0,0.04589,46558.0,0.04592,53636.0,0.04593,46924.0
1753547050599,16:24:10.599,ACT/USDT:USDT,0.0459,1541.0,0.04589,46558.0,0.04592,53636.0,0.04593,46924.0
1753547050899,16:24:10.899,ACT/USDT:USDT,0.0459,1541.0,0.04589,46558.0,0.04592,53636.0,0.04593,46924.0
1753547051050,16:24:11.050,ACT/USDT:USDT,0.0459,1541.0,0.04589,46558.0,0.04592,53636.0,0.04593,46924.0
1753547051200,16:24:11.200,ACT/USDT:USDT,0.0459,1541.0,0.04589,46558.0,0.04592,53636.0,0.04593,46924.0
1753547051350,16:24:11.350,ACT/USDT:USDT,0.0459,11541.0,0.04589,46558.0,0.04592,53636.0,0.04593,46924.0
1753547051500,16:24:11.500,ACT/USDT:USDT,0.0459,11541.0,0.04589,46558.0,0.04592,53636.0,0.04593,46924.0
1753547051650,16:24:11.650,ACT/USDT:USDT,0.0459,11541.0,0.04589,46558.0,0.04592,53636.0,0.04593,46924.0
1753547051800,16:24:11.800,ACT/USDT:USDT,0.0459,11541.0,0.04589,46558.0,0.04592,53636.0,0.04593,46924.0
1753547051950,16:24:11.950,ACT/USDT:USDT,0.0459,11541.0,0.04589,46558.0,0.04592,53636.0,0.04593,46924.0
1753547052100,16:24:12.100,ACT/USDT:USDT,0.0459,11541.0,0.04589,46558.0,0.04592,53636.0,0.04593,46924.0
1753547052250,16:24:12.250,ACT/USDT:USDT,0.0459,11541.0,0.04589,46558.0,0.04592,53636.0,0.04593,46924.0
1753547052400,16:24:12.400,ACT/USDT:USDT,0.0459,11541.0,0.04589,46558.0,0.04592,53636.0,0.04593,46924.0
1753547052551,16:24:12.551,ACT/USDT:USDT,0.0459,11541.0,0.04589,46558.0,0.04592,21126.0,0.04593,46924.0
1753547052701,16:24:12.701,ACT/USDT:USDT,0.0459,11541.0,0.04589,46558.0,0.04592,21126.0,0.04593,46924.0
1753547052851,16:24:12.851,ACT/USDT:USDT,0.0459,11541.0,0.04589,46558.0,0.04592,21126.0,0.04593,46924.0
1753547053001,16:24:13.001,ACT/USDT:USDT,0.0459,11541.0,0.04589,46558.0,0.04592,21126.0,0.04593,46924.0
1753547053151,16:24:13.151,ACT/USDT:USDT,0.0459,11541.0,0.04589,46558.0,0.04592,21126.0,0.04593,46924.0
1753547053451,16:24:13.451,ACT/USDT:USDT,0.0459,11541.0,0.04589,46558.0,0.04592,21126.0,0.04593,46924.0
1753547053601,16:24:13.601,ACT/USDT:USDT,0.0459,11541.0,0.04589,46558.0,0.04592,21126.0,0.04593,46924.0
1753547053751,16:24:13.751,ACT/USDT:USDT,0.0459,11541.0,0.04589,46558.0,0.04592,21126.0,0.04593,46924.0
1753547053901,16:24:13.901,ACT/USDT:USDT,0.0459,11541.0,0.04589,46558.0,0.04592,21126.0,0.04593,46924.0
1753547054051,16:24:14.051,ACT/USDT:USDT,0.0459,11541.0,0.04589,46558.0,0.04592,21126.0,0.04593,46924.0
1753547054202,16:24:14.202,ACT/USDT:USDT,0.0459,11541.0,0.04589,46558.0,0.04592,21126.0,0.04593,46924.0
1753547054352,16:24:14.352,ACT/USDT:USDT,0.0459,11541.0,0.04589,46558.0,0.04592,21126.0,0.04593,46924.0
1753547054502,16:24:14.502,ACT/USDT:USDT,0.0459,11541.0,0.04589,46558.0,0.04592,21126.0,0.04593,46924.0
1753547054652,16:24:14.652,ACT/USDT:USDT,0.0459,11541.0,0.04589,46558.0,0.04592,21126.0,0.04593,46924.0
1753547054802,16:24:14.802,ACT/USDT:USDT,0.0459,11541.0,0.04589,46558.0,0.04592,21126.0,0.04593,46924.0
1753547054952,16:24:14.952,ACT/USDT:USDT,0.0459,11541.0,0.04589,46558.0,0.04592,21126.0,0.04593,46924.0
1753547055102,16:24:15.102,ACT/USDT:USDT,0.0459,11541.0,0.04589,46558.0,0.04592,21126.0,0.04593,46924.0
1753547055252,16:24:15.252,ACT/USDT:USDT,0.0459,11541.0,0.04589,46558.0,0.04592,21126.0,0.04593,46924.0
1753547055402,16:24:15.402,ACT/USDT:USDT,0.0459,11541.0,0.04589,46558.0,0.04592,21126.0,0.04593,46924.0
1753547055553,16:24:15.553,ACT/USDT:USDT,0.0459,11541.0,0.04589,46558.0,0.04592,21126.0,0.04593,46924.0
1753547055703,16:24:15.703,ACT/USDT:USDT,0.0459,11541.0,0.04589,46558.0,0.04592,21126.0,0.04593,46924.0
1753547055853,16:24:15.853,ACT/USDT:USDT,0.0459,1541.0,0.04589,46558.0,0.04592,21126.0,0.04593,46924.0
1753547056003,16:24:16.003,ACT/USDT:USDT,0.0459,1541.0,0.04589,46558.0,0.04592,21126.0,0.04593,46924.0
1753547056153,16:24:16.153,ACT/USDT:USDT,0.0459,1541.0,0.04589,46558.0,0.04592,21126.0,0.04593,46924.0
1753547056303,16:24:16.303,ACT/USDT:USDT,0.0459,1541.0,0.04589,46558.0,0.04592,21126.0,0.04593,46924.0
1753547056603,16:24:16.603,ACT/USDT:USDT,0.0459,1541.0,0.04589,46558.0,0.04592,21126.0,0.04593,46924.0
1753547056753,16:24:16.753,ACT/USDT:USDT,0.0459,1541.0,0.04589,46558.0,0.04592,21126.0,0.04593,46924.0
1753547056903,16:24:16.903,ACT/USDT:USDT,0.0459,1541.0,0.04589,46558.0,0.04592,21126.0,0.04593,46924.0
1753547057053,16:24:17.053,ACT/USDT:USDT,0.0459,1541.0,0.04589,46558.0,0.04592,21126.0,0.04593,46924.0
1753547057204,16:24:17.204,ACT/USDT:USDT,0.0459,1541.0,0.04589,46558.0,0.04592,21126.0,0.04593,46924.0
1753547057504,16:24:17.504,ACT/USDT:USDT,0.0459,1541.0,0.04589,46558.0,0.04592,21126.0,0.04593,46924.0
1753547057654,16:24:17.654,ACT/USDT:USDT,0.0459,1541.0,0.04589,46558.0,0.04592,21126.0,0.04593,46924.0
1753547057804,16:24:17.804,ACT/USDT:USDT,0.0459,1541.0,0.04589,46558.0,0.04592,21126.0,0.04593,46924.0
1753547057954,16:24:17.954,ACT/USDT:USDT,0.0459,1541.0,0.04589,46558.0,0.04592,21126.0,0.04593,46924.0
1753547058104,16:24:18.104,ACT/USDT:USDT,0.0459,1541.0,0.04589,46558.0,0.04592,21126.0,0.04593,46924.0
1753547058254,16:24:18.254,ACT/USDT:USDT,0.0459,11541.0,0.04589,46558.0,0.04592,21126.0,0.04593,46924.0
1753547058404,16:24:18.404,ACT/USDT:USDT,0.0459,11541.0,0.04589,46558.0,0.04592,21126.0,0.04593,46924.0
1753547058555,16:24:18.555,ACT/USDT:USDT,0.0459,11541.0,0.04589,46558.0,0.04592,21126.0,0.04593,46924.0
1753547058705,16:24:18.705,ACT/USDT:USDT,0.0459,11541.0,0.04589,46558.0,0.04592,21126.0,0.04593,46924.0
1753547058855,16:24:18.855,ACT/USDT:USDT,0.0459,11541.0,0.04589,46558.0,0.04592,21126.0,0.04593,46924.0
1753547059005,16:24:19.005,ACT/USDT:USDT,0.0459,11541.0,0.04589,46558.0,0.04592,21126.0,0.04593,46924.0
1753547059155,16:24:19.155,ACT/USDT:USDT,0.0459,11541.0,0.04589,46558.0,0.04592,21126.0,0.04593,46924.0
1753547059305,16:24:19.305,ACT/USDT:USDT,0.0459,11541.0,0.04589,46558.0,0.04592,21126.0,0.04593,46924.0
1753547059455,16:24:19.455,ACT/USDT:USDT,0.0459,11541.0,0.04589,46558.0,0.04592,21126.0,0.04593,46924.0
1753547059605,16:24:19.605,ACT/USDT:USDT,0.0459,11541.0,0.04589,46558.0,0.04592,21126.0,0.04593,46924.0
1753547059755,16:24:19.755,ACT/USDT:USDT,0.0459,11541.0,0.04589,46558.0,0.04592,21126.0,0.04593,46924.0
1753547059905,16:24:19.905,ACT/USDT:USDT,0.0459,11541.0,0.04589,46558.0,0.04592,21126.0,0.04593,46924.0
1753547060055,16:24:20.055,ACT/USDT:USDT,0.0459,11541.0,0.04589,46558.0,0.04592,21126.0,0.04593,46924.0
1753547060205,16:24:20.205,ACT/USDT:USDT,0.0459,11541.0,0.04589,46558.0,0.04592,21126.0,0.04593,46924.0
1753547060356,16:24:20.356,ACT/USDT:USDT,0.0459,11541.0,0.04589,46558.0,0.04592,21126.0,0.04593,46924.0
1753547060506,16:24:20.506,ACT/USDT:USDT,0.0459,11541.0,0.04589,46558.0,0.04592,21126.0,0.04593,46924.0
1753547060656,16:24:20.656,ACT/USDT:USDT,0.0459,11541.0,0.04589,46558.0,0.04592,21126.0,0.04593,46924.0
1753547060806,16:24:20.806,ACT/USDT:USDT,0.0459,11541.0,0.04589,46558.0,0.04592,21126.0,0.04593,46924.0
1753547060956,16:24:20.956,ACT/USDT:USDT,0.0459,11541.0,0.04589,46558.0,0.04592,21126.0,0.04593,46924.0
1753547061256,16:24:21.256,ACT/USDT:USDT,0.0459,1541.0,0.04589,46558.0,0.04592,21126.0,0.04593,46924.0
1753547061406,16:24:21.406,ACT/USDT:USDT,0.0459,1541.0,0.04589,46558.0,0.04592,21126.0,0.04593,46924.0
1753547061556,16:24:21.556,ACT/USDT:USDT,0.0459,1541.0,0.04589,46558.0,0.04592,21126.0,0.04593,46924.0
1753547061706,16:24:21.706,ACT/USDT:USDT,0.0459,1541.0,0.04589,46558.0,0.04592,21126.0,0.04593,46924.0
1753547061857,16:24:21.857,ACT/USDT:USDT,0.0459,1541.0,0.04589,46558.0,0.04592,21126.0,0.04593,46924.0
1753547062007,16:24:22.007,ACT/USDT:USDT,0.0459,1541.0,0.04589,46558.0,0.04592,21126.0,0.04593,46924.0
1753547062157,16:24:22.157,ACT/USDT:USDT,0.0459,1541.0,0.04589,46558.0,0.04592,21126.0,0.04593,46924.0
1753547062307,16:24:22.307,ACT/USDT:USDT,0.0459,11541.0,0.04589,46558.0,0.04592,21126.0,0.04593,46924.0
1753547062457,16:24:22.457,ACT/USDT:USDT,0.0459,1541.0,0.04589,46558.0,0.04592,21126.0,0.04593,46924.0
1753547062757,16:24:22.757,ACT/USDT:USDT,0.0459,1541.0,0.04589,46558.0,0.04592,21126.0,0.04593,46924.0
1753547063057,16:24:23.057,ACT/USDT:USDT,0.0459,1541.0,0.04589,46558.0,0.04592,21126.0,0.04593,46924.0
1753547063207,16:24:23.207,ACT/USDT:USDT,0.0459,1541.0,0.04589,46558.0,0.04592,21126.0,0.04593,46924.0
1753547063357,16:24:23.357,ACT/USDT:USDT,0.0459,1541.0,0.04589,46558.0,0.04592,21126.0,0.04593,46924.0
1753547063508,16:24:23.508,ACT/USDT:USDT,0.0459,1541.0,0.04589,46558.0,0.04592,9753.0,0.04593,46924.0
1753547063658,16:24:23.658,ACT/USDT:USDT,0.0459,1541.0,0.04589,46558.0,0.04592,9753.0,0.04593,46924.0
1753547063808,16:24:23.808,ACT/USDT:USDT,0.0459,1541.0,0.04589,46558.0,0.04592,9753.0,0.04593,46924.0
1753547063958,16:24:23.958,ACT/USDT:USDT,0.0459,1541.0,0.04589,46558.0,0.04592,9753.0,0.04593,46924.0
1753547064108,16:24:24.108,ACT/USDT:USDT,0.0459,11541.0,0.04589,46558.0,0.04592,9753.0,0.04593,46924.0
1753547064258,16:24:24.258,ACT/USDT:USDT,0.0459,11541.0,0.04589,46558.0,0.04592,9753.0,0.04593,46924.0
1753547064408,16:24:24.408,ACT/USDT:USDT,0.0459,11541.0,0.04589,46558.0,0.04592,9753.0,0.04593,46924.0
1753547064558,16:24:24.558,ACT/USDT:USDT,0.0459,11541.0,0.04589,46558.0,0.04592,9753.0,0.04593,46924.0
1753547064708,16:24:24.708,ACT/USDT:USDT,0.0459,11541.0,0.04589,46558.0,0.04592,9753.0,0.04593,46924.0
1753547064858,16:24:24.858,ACT/USDT:USDT,0.0459,11541.0,0.04589,46558.0,0.04592,9753.0,0.04593,46924.0
1753547065009,16:24:25.009,ACT/USDT:USDT,0.0459,11541.0,0.04589,46558.0,0.04592,9753.0,0.04593,46924.0
1753547065159,16:24:25.159,ACT/USDT:USDT,0.0459,11541.0,0.04589,46558.0,0.04592,9753.0,0.04593,46924.0
1753547065309,16:24:25.309,ACT/USDT:USDT,0.0459,11541.0,0.04589,46558.0,0.04592,9753.0,0.04593,46924.0
1753547065459,16:24:25.459,ACT/USDT:USDT,0.0459,11541.0,0.04589,46558.0,0.04592,9753.0,0.04593,46924.0
1753547065609,16:24:25.609,ACT/USDT:USDT,0.0459,1541.0,0.04589,46558.0,0.04592,9753.0,0.04593,46924.0
1753547065759,16:24:25.759,ACT/USDT:USDT,0.0459,1541.0,0.04589,46558.0,0.04592,9753.0,0.04593,46924.0
1753547065909,16:24:25.909,ACT/USDT:USDT,0.0459,1541.0,0.04589,46558.0,0.04592,9753.0,0.04593,46924.0
1753547066059,16:24:26.059,ACT/USDT:USDT,0.0459,1541.0,0.04589,46558.0,0.04592,9753.0,0.04593,46924.0
1753547066359,16:24:26.359,ACT/USDT:USDT,0.0459,1541.0,0.04589,46558.0,0.04592,19753.0,0.04593,46924.0
1753547066509,16:24:26.509,ACT/USDT:USDT,0.0459,1541.0,0.04589,46558.0,0.04592,19753.0,0.04593,46924.0
1753547066810,16:24:26.810,ACT/USDT:USDT,0.0459,1541.0,0.04589,46558.0,0.04592,19753.0,0.04593,46924.0
1753547066960,16:24:26.960,ACT/USDT:USDT,0.0459,1541.0,0.04589,46558.0,0.04592,19753.0,0.04593,46924.0
1753547067110,16:24:27.110,ACT/USDT:USDT,0.0459,1541.0,0.04589,46558.0,0.04592,19753.0,0.04593,46924.0
1753547067260,16:24:27.260,ACT/USDT:USDT,0.0459,1541.0,0.04589,46558.0,0.04592,19753.0,0.04593,46924.0
1753547067410,16:24:27.410,ACT/USDT:USDT,0.0459,1541.0,0.04589,46558.0,0.04592,19753.0,0.04593,46924.0
1753547067560,16:24:27.560,ACT/USDT:USDT,0.0459,1541.0,0.04589,46558.0,0.04592,19753.0,0.04593,46924.0
1753547067710,16:24:27.710,ACT/USDT:USDT,0.0459,1541.0,0.04589,46558.0,0.04592,19753.0,0.04593,46924.0
1753547068011,16:24:28.011,ACT/USDT:USDT,0.0459,1541.0,0.04589,46558.0,0.04592,19753.0,0.04593,46924.0
1753547068161,16:24:28.161,ACT/USDT:USDT,0.0459,1541.0,0.04589,46558.0,0.04592,19753.0,0.04593,46924.0
1753547068311,16:24:28.311,ACT/USDT:USDT,0.0459,1541.0,0.04589,46558.0,0.04592,19753.0,0.04593,46924.0
1753547068461,16:24:28.461,ACT/USDT:USDT,0.0459,1541.0,0.04589,46558.0,0.04592,19753.0,0.04593,46924.0
1753547068611,16:24:28.611,ACT/USDT:USDT,0.0459,1541.0,0.04589,46558.0,0.04592,19753.0,0.04593,46924.0
1753547068761,16:24:28.761,ACT/USDT:USDT,0.0459,1541.0,0.04589,46558.0,0.04592,19753.0,0.04593,46924.0
1753547069211,16:24:29.211,ACT/USDT:USDT,0.0459,11541.0,0.04589,46558.0,0.04592,9753.0,0.04593,46924.0
1753547069361,16:24:29.361,ACT/USDT:USDT,0.0459,11541.0,0.04589,46558.0,0.04592,9753.0,0.04593,46924.0
1753547069511,16:24:29.511,ACT/USDT:USDT,0.0459,11541.0,0.04589,46558.0,0.04592,9753.0,0.04593,46924.0
1753547069662,16:24:29.662,ACT/USDT:USDT,0.0459,11541.0,0.04589,46558.0,0.04592,9753.0,0.04593,46924.0
1753547069962,16:24:29.962,ACT/USDT:USDT,0.0459,11541.0,0.04589,46558.0,0.04592,9753.0,0.04593,46924.0
1753547070112,16:24:30.112,ACT/USDT:USDT,0.0459,11541.0,0.04589,46558.0,0.04592,9753.0,0.04593,46924.0
1753547070262,16:24:30.262,ACT/USDT:USDT,0.0459,11541.0,0.04589,46558.0,0.04592,9753.0,0.04593,46924.0
1753547070412,16:24:30.412,ACT/USDT:USDT,0.0459,11541.0,0.04589,46558.0,0.04592,9753.0,0.04593,46924.0
1753547070562,16:24:30.562,ACT/USDT:USDT,0.0459,11541.0,0.04589,46558.0,0.04592,9753.0,0.04593,46924.0
1753547070712,16:24:30.712,ACT/USDT:USDT,0.0459,11541.0,0.04589,46558.0,0.04592,9753.0,0.04593,46924.0
1753547070862,16:24:30.862,ACT/USDT:USDT,0.0459,11541.0,0.04589,46558.0,0.04592,9753.0,0.04593,46924.0
1753547071012,16:24:31.012,ACT/USDT:USDT,0.0459,11541.0,0.04589,46558.0,0.04592,9753.0,0.04593,46924.0
1753547071163,16:24:31.163,ACT/USDT:USDT,0.0459,20461.0,0.04589,46558.0,0.04592,9753.0,0.04593,46924.0
1753547071313,16:24:31.313,ACT/USDT:USDT,0.0459,20461.0,0.04589,46558.0,0.04592,9753.0,0.04593,46924.0
1753547071463,16:24:31.463,ACT/USDT:USDT,0.0459,20461.0,0.04589,46558.0,0.04592,9753.0,0.04593,46924.0
1753547071613,16:24:31.613,ACT/USDT:USDT,0.0459,20461.0,0.04589,46558.0,0.04592,9753.0,0.04593,46924.0
1753547071763,16:24:31.763,ACT/USDT:USDT,0.0459,20461.0,0.04589,46558.0,0.04592,9753.0,0.04593,46924.0
1753547071913,16:24:31.913,ACT/USDT:USDT,0.0459,20461.0,0.04589,46558.0,0.04592,9753.0,0.04593,46924.0
1753547072063,16:24:32.063,ACT/USDT:USDT,0.0459,20461.0,0.04589,46558.0,0.04592,9753.0,0.04593,46924.0
1753547072213,16:24:32.213,ACT/USDT:USDT,0.0459,20461.0,0.04589,46558.0,0.04592,9753.0,0.04593,46924.0
1753547072363,16:24:32.363,ACT/USDT:USDT,0.0459,20461.0,0.04589,46558.0,0.04592,9753.0,0.04593,46924.0
1753547072513,16:24:32.513,ACT/USDT:USDT,0.0459,20461.0,0.04589,46558.0,0.04592,9753.0,0.04593,46924.0
1753547072663,16:24:32.663,ACT/USDT:USDT,0.0459,20461.0,0.04589,46558.0,0.04592,9753.0,0.04593,46924.0
1753547072814,16:24:32.814,ACT/USDT:USDT,0.0459,20461.0,0.04589,46558.0,0.04592,9753.0,0.04593,46924.0
1753547072964,16:24:32.964,ACT/USDT:USDT,0.0459,20461.0,0.04589,46558.0,0.04592,9753.0,0.04593,46924.0
1753547073114,16:24:33.114,ACT/USDT:USDT,0.0459,20461.0,0.04589,46558.0,0.04592,9753.0,0.04593,46924.0
1753547073264,16:24:33.264,ACT/USDT:USDT,0.0459,65211.0,0.04589,46558.0,0.04594,32510.0,0.04595,45526.0
1753547073414,16:24:33.414,ACT/USDT:USDT,0.04591,16053.0,0.0459,64121.0,0.04594,21142.0,0.04595,45526.0
1753547073564,16:24:33.564,ACT/USDT:USDT,0.04591,48563.0,0.0459,64121.0,0.04594,21142.0,0.04595,45526.0
1753547073714,16:24:33.714,ACT/USDT:USDT,0.04592,13735.0,0.04591,47474.0,0.04594,21142.0,0.04595,45526.0
1753547073864,16:24:33.864,ACT/USDT:USDT,0.04592,13735.0,0.04591,48024.0,0.04594,21142.0,0.04595,45526.0
1753547074015,16:24:34.015,ACT/USDT:USDT,0.04592,13735.0,0.04591,47474.0,0.04594,21142.0,0.04595,45526.0
1753547074165,16:24:34.165,ACT/USDT:USDT,0.04592,13735.0,0.04591,47474.0,0.04594,21142.0,0.04595,45526.0
1753547074315,16:24:34.315,ACT/USDT:USDT,0.04592,13735.0,0.04591,47474.0,0.04594,21142.0,0.04595,45526.0
1753547074465,16:24:34.465,ACT/USDT:USDT,0.04592,10803.0,0.04591,47474.0,0.04594,21142.0,0.04595,45526.0
1753547074615,16:24:34.615,ACT/USDT:USDT,0.04592,12344.0,0.04591,47474.0,0.04594,21142.0,0.04595,45526.0
1753547074765,16:24:34.765,ACT/USDT:USDT,0.04592,12344.0,0.04591,47474.0,0.04594,21142.0,0.04595,45526.0
1753547074915,16:24:34.915,ACT/USDT:USDT,0.04592,12344.0,0.04591,47474.0,0.04594,21142.0,0.04595,45526.0
1753547075065,16:24:35.065,ACT/USDT:USDT,0.04592,12344.0,0.04591,47474.0,0.04594,21142.0,0.04595,45526.0
1753547075215,16:24:35.215,ACT/USDT:USDT,0.04592,12344.0,0.04591,47474.0,0.04594,21142.0,0.04595,45526.0
1753547075365,16:24:35.365,ACT/USDT:USDT,0.04592,12344.0,0.04591,47474.0,0.04594,21142.0,0.04595,45526.0
1753547075515,16:24:35.515,ACT/USDT:USDT,0.04592,12344.0,0.04591,47474.0,0.04594,21142.0,0.04595,45526.0
1753547075665,16:24:35.665,ACT/USDT:USDT,0.04592,12344.0,0.04591,47474.0,0.04594,21142.0,0.04595,45526.0
1753547075966,16:24:35.966,ACT/USDT:USDT,0.04592,12344.0,0.04591,47474.0,0.04594,21142.0,0.04595,45526.0
1753547076416,16:24:36.416,ACT/USDT:USDT,0.04592,22344.0,0.04591,47474.0,0.04594,21142.0,0.04595,45526.0
1753547076566,16:24:36.566,ACT/USDT:USDT,0.04592,22344.0,0.04591,47474.0,0.04594,21142.0,0.04595,45526.0
1753547076716,16:24:36.716,ACT/USDT:USDT,0.04592,22344.0,0.04591,47474.0,0.04594,21142.0,0.04595,45526.0
1753547076866,16:24:36.866,ACT/USDT:USDT,0.04592,22344.0,0.04591,47474.0,0.04594,21142.0,0.04595,45526.0
1753547077016,16:24:37.016,ACT/USDT:USDT,0.04592,22344.0,0.04591,47474.0,0.04594,21142.0,0.04595,45526.0
1753547077316,16:24:37.316,ACT/USDT:USDT,0.04592,22344.0,0.04591,47474.0,0.04594,21142.0,0.04595,45526.0
1753547077467,16:24:37.467,ACT/USDT:USDT,0.04592,22344.0,0.04591,47474.0,0.04594,21142.0,0.04595,45526.0
1753547077617,16:24:37.617,ACT/USDT:USDT,0.04592,22344.0,0.04591,47474.0,0.04594,21142.0,0.04595,45526.0
1753547077767,16:24:37.767,ACT/USDT:USDT,0.04592,22344.0,0.04591,47474.0,0.04594,21142.0,0.04595,45526.0
1753547077917,16:24:37.917,ACT/USDT:USDT,0.04592,22344.0,0.04591,47474.0,0.04594,21142.0,0.04595,45526.0
1753547078067,16:24:38.067,ACT/USDT:USDT,0.04592,22344.0,0.04591,47474.0,0.04594,21142.0,0.04595,45526.0
1753547078217,16:24:38.217,ACT/USDT:USDT,0.04592,22344.0,0.04591,47474.0,0.04594,21142.0,0.04595,45526.0
1753547078367,16:24:38.367,ACT/USDT:USDT,0.04592,22344.0,0.04591,47474.0,0.04594,21142.0,0.04595,45526.0
1753547078517,16:24:38.517,ACT/USDT:USDT,0.04592,22344.0,0.04591,47474.0,0.04594,21142.0,0.04595,45526.0
1753547078667,16:24:38.667,ACT/USDT:USDT,0.04592,22344.0,0.04591,47474.0,0.04594,21142.0,0.04595,45526.0
1753547078817,16:24:38.817,ACT/USDT:USDT,0.04592,22344.0,0.04591,47474.0,0.04594,21142.0,0.04595,45526.0
1753547078968,16:24:38.968,ACT/USDT:USDT,0.04592,22344.0,0.04591,47474.0,0.04594,21142.0,0.04595,45526.0
1753547079118,16:24:39.118,ACT/USDT:USDT,0.04592,22344.0,0.04591,47474.0,0.04594,21142.0,0.04595,45526.0
1753547079268,16:24:39.268,ACT/USDT:USDT,0.04592,22344.0,0.04591,47474.0,0.04594,21142.0,0.04595,45526.0
1753547079418,16:24:39.418,ACT/USDT:USDT,0.04592,22344.0,0.04591,47474.0,0.04594,21142.0,0.04595,45526.0
1753547079568,16:24:39.568,ACT/USDT:USDT,0.04592,22344.0,0.04591,47474.0,0.04594,21142.0,0.04595,45526.0
1753547079868,16:24:39.868,ACT/USDT:USDT,0.04592,22344.0,0.04591,47474.0,0.04594,21142.0,0.04595,45526.0
1753547080018,16:24:40.018,ACT/USDT:USDT,0.04592,22344.0,0.04591,47474.0,0.04594,21142.0,0.04595,45526.0
1753547080168,16:24:40.168,ACT/USDT:USDT,0.04592,22344.0,0.04591,47474.0,0.04594,21142.0,0.04595,45526.0
1753547080318,16:24:40.318,ACT/USDT:USDT,0.04592,22344.0,0.04591,47474.0,0.04594,21142.0,0.04595,45526.0
1753547080468,16:24:40.468,ACT/USDT:USDT,0.04592,22344.0,0.04591,47474.0,0.04594,21142.0,0.04595,45526.0
1753547080619,16:24:40.619,ACT/USDT:USDT,0.04592,22344.0,0.04591,47474.0,0.04594,21142.0,0.04595,45526.0
1753547080769,16:24:40.769,ACT/USDT:USDT,0.04592,22344.0,0.04591,47474.0,0.04594,21142.0,0.04595,45526.0
1753547080919,16:24:40.919,ACT/USDT:USDT,0.04592,22344.0,0.04591,47474.0,0.04594,21142.0,0.04595,45526.0
1753547081069,16:24:41.069,ACT/USDT:USDT,0.04592,22344.0,0.04591,47474.0,0.04594,21142.0,0.04595,45526.0
1753547081219,16:24:41.219,ACT/USDT:USDT,0.04592,22344.0,0.04591,47474.0,0.04594,21142.0,0.04595,45526.0
1753547081369,16:24:41.369,ACT/USDT:USDT,0.04592,22344.0,0.04591,47474.0,0.04594,21142.0,0.04595,45526.0
1753547081519,16:24:41.519,ACT/USDT:USDT,0.04592,22344.0,0.04591,47474.0,0.04594,21142.0,0.04595,45526.0
1753547081819,16:24:41.819,ACT/USDT:USDT,0.04592,22344.0,0.04591,47474.0,0.04594,21142.0,0.04595,45526.0
1753547082119,16:24:42.119,ACT/USDT:USDT,0.04592,22344.0,0.04591,47474.0,0.04594,21142.0,0.04595,45526.0
1753547082270,16:24:42.270,ACT/USDT:USDT,0.04592,22344.0,0.04591,47474.0,0.04594,21142.0,0.04595,45526.0
1753547082420,16:24:42.420,ACT/USDT:USDT,0.04592,22344.0,0.04591,47474.0,0.04594,21142.0,0.04595,45526.0
1753547082720,16:24:42.720,ACT/USDT:USDT,0.04592,22344.0,0.04591,47474.0,0.04594,21142.0,0.04595,45526.0
1753547082870,16:24:42.870,ACT/USDT:USDT,0.04592,22344.0,0.04591,47474.0,0.04594,21142.0,0.04595,45526.0
1753547083020,16:24:43.020,ACT/USDT:USDT,0.04592,22344.0,0.04591,47474.0,0.04594,21142.0,0.04595,45526.0
1753547083170,16:24:43.170,ACT/USDT:USDT,0.04592,22344.0,0.04591,47474.0,0.04594,21142.0,0.04595,45526.0
1753547083320,16:24:43.320,ACT/USDT:USDT,0.04592,22344.0,0.04591,47474.0,0.04594,21142.0,0.04595,45526.0
1753547083470,16:24:43.470,ACT/USDT:USDT,0.04592,22344.0,0.04591,47474.0,0.04594,21142.0,0.04595,45526.0
1753547083771,16:24:43.771,ACT/USDT:USDT,0.04592,22344.0,0.04591,47474.0,0.04594,21142.0,0.04595,45526.0
1753547083921,16:24:43.921,ACT/USDT:USDT,0.04592,22344.0,0.04591,47474.0,0.04594,21142.0,0.04595,45526.0
1753547084071,16:24:44.071,ACT/USDT:USDT,0.04592,22344.0,0.04591,47474.0,0.04594,21142.0,0.04595,45526.0
1753547084221,16:24:44.221,ACT/USDT:USDT,0.04592,22344.0,0.04591,47474.0,0.04594,21142.0,0.04595,45526.0
1753547084371,16:24:44.371,ACT/USDT:USDT,0.04592,22344.0,0.04591,47474.0,0.04594,21142.0,0.04595,45526.0
1753547084521,16:24:44.521,ACT/USDT:USDT,0.04592,22344.0,0.04591,47474.0,0.04594,21142.0,0.04595,45526.0
1753547084671,16:24:44.671,ACT/USDT:USDT,0.04592,22344.0,0.04591,47474.0,0.04594,21142.0,0.04595,45526.0
1753547084821,16:24:44.821,ACT/USDT:USDT,0.04592,22344.0,0.04591,47474.0,0.04594,21142.0,0.04595,45526.0
1753547084971,16:24:44.971,ACT/USDT:USDT,0.04592,22344.0,0.04591,47474.0,0.04594,21142.0,0.04595,45526.0
1753547085121,16:24:45.121,ACT/USDT:USDT,0.04592,22344.0,0.04591,47474.0,0.04594,21142.0,0.04595,45526.0
1753547085272,16:24:45.272,ACT/USDT:USDT,0.04592,22344.0,0.04591,47474.0,0.04594,21142.0,0.04595,45526.0
1753547085422,16:24:45.422,ACT/USDT:USDT,0.04592,22344.0,0.04591,47474.0,0.04594,21142.0,0.04595,45526.0
1753547085572,16:24:45.572,ACT/USDT:USDT,0.04592,22344.0,0.04591,47474.0,0.04594,21142.0,0.04595,45526.0
1753547085722,16:24:45.722,ACT/USDT:USDT,0.04592,20803.0,0.04591,47474.0,0.04594,21142.0,0.04595,45526.0
1753547085872,16:24:45.872,ACT/USDT:USDT,0.04592,20803.0,0.04591,47474.0,0.04594,19601.0,0.04595,45526.0
1753547086022,16:24:46.022,ACT/USDT:USDT,0.04592,20803.0,0.04591,47474.0,0.04594,19601.0,0.04595,45526.0
1753547086172,16:24:46.172,ACT/USDT:USDT,0.04592,20803.0,0.04591,47474.0,0.04594,19601.0,0.04595,45526.0
1753547086322,16:24:46.322,ACT/USDT:USDT,0.04592,20803.0,0.04591,47474.0,0.04594,19601.0,0.04595,45526.0
1753547086472,16:24:46.472,ACT/USDT:USDT,0.04592,20803.0,0.04591,47474.0,0.04594,19601.0,0.04595,45526.0
1753547086622,16:24:46.622,ACT/USDT:USDT,0.04592,20803.0,0.04591,47474.0,0.04594,19601.0,0.04595,45526.0
1753547086773,16:24:46.773,ACT/USDT:USDT,0.04592,20803.0,0.04591,47474.0,0.04594,19601.0,0.04595,45526.0
1753547086923,16:24:46.923,ACT/USDT:USDT,0.04592,20803.0,0.04591,47474.0,0.04594,19601.0,0.04595,45526.0
1753547087073,16:24:47.073,ACT/USDT:USDT,0.04592,20803.0,0.04591,47474.0,0.04594,19601.0,0.04595,45526.0
1753547087223,16:24:47.223,ACT/USDT:USDT,0.04592,20803.0,0.04591,47474.0,0.04594,19601.0,0.04595,45526.0
1753547087373,16:24:47.373,ACT/USDT:USDT,0.04592,20803.0,0.04591,47474.0,0.04594,19601.0,0.04595,45526.0
1753547087523,16:24:47.523,ACT/USDT:USDT,0.04592,20803.0,0.04591,47474.0,0.04594,19601.0,0.04595,45526.0
1753547087673,16:24:47.673,ACT/USDT:USDT,0.04592,10803.0,0.04591,47474.0,0.04594,19601.0,0.04595,45526.0
1753547087823,16:24:47.823,ACT/USDT:USDT,0.04592,10803.0,0.04591,47474.0,0.04594,19601.0,0.04595,45526.0
1753547087973,16:24:47.973,ACT/USDT:USDT,0.04592,10803.0,0.04591,47474.0,0.04594,19601.0,0.04595,45526.0
1753547088123,16:24:48.123,ACT/USDT:USDT,0.04592,10803.0,0.04591,47474.0,0.04594,19601.0,0.04595,45526.0
1753547088274,16:24:48.274,ACT/USDT:USDT,0.04592,10803.0,0.04591,47474.0,0.04594,19601.0,0.04595,45526.0
1753547088424,16:24:48.424,ACT/USDT:USDT,0.04592,10803.0,0.04591,47474.0,0.04594,19601.0,0.04595,45526.0
1753547088574,16:24:48.574,ACT/USDT:USDT,0.04592,10803.0,0.04591,47474.0,0.04594,19601.0,0.04595,45526.0
1753547088724,16:24:48.724,ACT/USDT:USDT,0.04592,10803.0,0.04591,47474.0,0.04594,19601.0,0.04595,45526.0
1753547088874,16:24:48.874,ACT/USDT:USDT,0.04592,10803.0,0.04591,47474.0,0.04594,19601.0,0.04595,45526.0
1753547089024,16:24:49.024,ACT/USDT:USDT,0.04592,10803.0,0.04591,47474.0,0.04594,19601.0,0.04595,45526.0
1753547089174,16:24:49.174,ACT/USDT:USDT,0.04592,10803.0,0.04591,47474.0,0.04594,19601.0,0.04595,45526.0
1753547089324,16:24:49.324,ACT/USDT:USDT,0.04592,10803.0,0.04591,47474.0,0.04594,19601.0,0.04595,45526.0
1753547089474,16:24:49.474,ACT/USDT:USDT,0.04592,10803.0,0.04591,47474.0,0.04594,19601.0,0.04595,45526.0
1753547089624,16:24:49.624,ACT/USDT:USDT,0.04592,10803.0,0.04591,47474.0,0.04594,19601.0,0.04595,45526.0
1753547089774,16:24:49.774,ACT/USDT:USDT,0.04592,10803.0,0.04591,47474.0,0.04594,19601.0,0.04595,45526.0
1753547089925,16:24:49.925,ACT/USDT:USDT,0.04592,10803.0,0.04591,47474.0,0.04594,19601.0,0.04595,45526.0
1753547090075,16:24:50.075,ACT/USDT:USDT,0.04592,10803.0,0.04591,47474.0,0.04594,19601.0,0.04595,45526.0
1753547090225,16:24:50.225,ACT/USDT:USDT,0.04592,10803.0,0.04591,47474.0,0.04594,19601.0,0.04595,45526.0
1753547090375,16:24:50.375,ACT/USDT:USDT,0.04592,10803.0,0.04591,47474.0,0.04594,19601.0,0.04595,45526.0
1753547090525,16:24:50.525,ACT/USDT:USDT,0.04592,10803.0,0.04591,47474.0,0.04594,19601.0,0.04595,45526.0
1753547090675,16:24:50.675,ACT/USDT:USDT,0.04592,10803.0,0.04591,47474.0,0.04594,19601.0,0.04595,45526.0
1753547090825,16:24:50.825,ACT/USDT:USDT,0.04592,10803.0,0.04591,47474.0,0.04594,19601.0,0.04595,45526.0
1753547090975,16:24:50.975,ACT/USDT:USDT,0.04593,10000.0,0.04592,20803.0,0.04594,19601.0,0.04595,45526.0
1753547091125,16:24:51.125,ACT/USDT:USDT,0.04592,20803.0,0.04591,47474.0,0.04594,19601.0,0.04595,45526.0
1753547091275,16:24:51.275,ACT/USDT:USDT,0.04592,20803.0,0.04591,47474.0,0.04594,19601.0,0.04595,45526.0
1753547091425,16:24:51.425,ACT/USDT:USDT,0.04592,20803.0,0.04591,47474.0,0.04594,19601.0,0.04595,45526.0
1753547091576,16:24:51.576,ACT/USDT:USDT,0.04592,20803.0,0.04591,47474.0,0.04594,19601.0,0.04595,45526.0
1753547091726,16:24:51.726,ACT/USDT:USDT,0.04592,20803.0,0.04591,47474.0,0.04594,19601.0,0.04595,45526.0
1753547091876,16:24:51.876,ACT/USDT:USDT,0.04592,20803.0,0.04591,47474.0,0.04594,19601.0,0.04595,45526.0
1753547092026,16:24:52.026,ACT/USDT:USDT,0.04592,20803.0,0.04591,47474.0,0.04594,19601.0,0.04595,45526.0
1753547092176,16:24:52.176,ACT/USDT:USDT,0.04592,20803.0,0.04591,47474.0,0.04594,19601.0,0.04595,45526.0
1753547092326,16:24:52.326,ACT/USDT:USDT,0.04592,20803.0,0.04591,47474.0,0.04594,19601.0,0.04595,45526.0
1753547092476,16:24:52.476,ACT/USDT:USDT,0.04592,20803.0,0.04591,47474.0,0.04594,19601.0,0.04595,45526.0
1753547092626,16:24:52.626,ACT/USDT:USDT,0.04592,20803.0,0.04591,47474.0,0.04594,19601.0,0.04595,45526.0
1753547092776,16:24:52.776,ACT/USDT:USDT,0.04592,20803.0,0.04591,47474.0,0.04594,19601.0,0.04595,45526.0
1753547092926,16:24:52.926,ACT/USDT:USDT,0.04592,20803.0,0.04591,47474.0,0.04594,19601.0,0.04595,45526.0
1753547093076,16:24:53.076,ACT/USDT:USDT,0.04592,20803.0,0.04591,47474.0,0.04594,19601.0,0.04595,45526.0
1753547093227,16:24:53.227,ACT/USDT:USDT,0.04592,20803.0,0.04591,47474.0,0.04594,19601.0,0.04595,45526.0
1753547093377,16:24:53.377,ACT/USDT:USDT,0.04592,20803.0,0.04591,47474.0,0.04594,19601.0,0.04595,45526.0
1753547093527,16:24:53.527,ACT/USDT:USDT,0.04592,20803.0,0.04591,47474.0,0.04594,19601.0,0.04595,45526.0
1753547093677,16:24:53.677,ACT/USDT:USDT,0.04592,20803.0,0.04591,47474.0,0.04594,19601.0,0.04595,45526.0
1753547093827,16:24:53.827,ACT/USDT:USDT,0.04592,20803.0,0.04591,47474.0,0.04594,19601.0,0.04595,45526.0
1753547093977,16:24:53.977,ACT/USDT:USDT,0.04592,20803.0,0.04591,47474.0,0.04594,19601.0,0.04595,45526.0
1753547094127,16:24:54.127,ACT/USDT:USDT,0.04592,20803.0,0.04591,47474.0,0.04594,19601.0,0.04595,45526.0
1753547094277,16:24:54.277,ACT/USDT:USDT,0.04592,20803.0,0.04591,47474.0,0.04594,19601.0,0.04595,45526.0
1753547094577,16:24:54.577,ACT/USDT:USDT,0.04592,20803.0,0.04591,47474.0,0.04594,19601.0,0.04595,45526.0
1753547094727,16:24:54.727,ACT/USDT:USDT,0.04592,10803.0,0.04591,47474.0,0.04594,19601.0,0.04595,45526.0
1753547094877,16:24:54.877,ACT/USDT:USDT,0.04592,10803.0,0.04591,47474.0,0.04594,19601.0,0.04595,45526.0
1753547095028,16:24:55.028,ACT/USDT:USDT,0.04592,10803.0,0.04591,47474.0,0.04594,19601.0,0.04595,45526.0
1753547095178,16:24:55.178,ACT/USDT:USDT,0.04592,10803.0,0.04591,47474.0,0.04594,19601.0,0.04595,45526.0
1753547095328,16:24:55.328,ACT/USDT:USDT,0.04592,10803.0,0.04591,47474.0,0.04594,19601.0,0.04595,45526.0
1753547095478,16:24:55.478,ACT/USDT:USDT,0.04592,10803.0,0.04591,47474.0,0.04594,19601.0,0.04595,45526.0
1753547095628,16:24:55.628,ACT/USDT:USDT,0.04592,10803.0,0.04591,47474.0,0.04594,19601.0,0.04595,45526.0
1753547095778,16:24:55.778,ACT/USDT:USDT,0.04592,10803.0,0.04591,47474.0,0.04594,19601.0,0.04595,45526.0
1753547095928,16:24:55.928,ACT/USDT:USDT,0.04592,10803.0,0.04591,47474.0,0.04594,19601.0,0.04595,45526.0
1753547096078,16:24:56.078,ACT/USDT:USDT,0.04592,10803.0,0.04591,47474.0,0.04594,19601.0,0.04595,45526.0
1753547096228,16:24:56.228,ACT/USDT:USDT,0.04592,10803.0,0.04591,47474.0,0.04594,19601.0,0.04595,45526.0
1753547096378,16:24:56.378,ACT/USDT:USDT,0.04592,10803.0,0.04591,47474.0,0.04594,19601.0,0.04595,45526.0
1753547096528,16:24:56.528,ACT/USDT:USDT,0.04592,10803.0,0.04591,47474.0,0.04594,19601.0,0.04595,45526.0
1753547096679,16:24:56.679,ACT/USDT:USDT,0.04592,10803.0,0.04591,47474.0,0.04594,19601.0,0.04595,45526.0
1753547096829,16:24:56.829,ACT/USDT:USDT,0.04592,10803.0,0.04591,47474.0,0.04594,19601.0,0.04595,45526.0
1753547096979,16:24:56.979,ACT/USDT:USDT,0.04592,10803.0,0.04591,47474.0,0.04594,19601.0,0.04595,45526.0
1753547097129,16:24:57.129,ACT/USDT:USDT,0.04592,10803.0,0.04591,47474.0,0.04594,19601.0,0.04595,45526.0
1753547097279,16:24:57.279,ACT/USDT:USDT,0.04592,10803.0,0.04591,47474.0,0.04594,19601.0,0.04595,45526.0
1753547097429,16:24:57.429,ACT/USDT:USDT,0.04592,10803.0,0.04591,47474.0,0.04594,19601.0,0.04595,45526.0
1753547097579,16:24:57.579,ACT/USDT:USDT,0.04592,10803.0,0.04591,47474.0,0.04594,19601.0,0.04595,45526.0
1753547097729,16:24:57.729,ACT/USDT:USDT,0.04592,10803.0,0.04591,47474.0,0.04594,19601.0,0.04595,45526.0
1753547097879,16:24:57.879,ACT/USDT:USDT,0.04592,10803.0,0.04591,47474.0,0.04594,19601.0,0.04595,45526.0
1753547098030,16:24:58.030,ACT/USDT:USDT,0.04592,10803.0,0.04591,47474.0,0.04594,19601.0,0.04595,45526.0
1753547098480,16:24:58.480,ACT/USDT:USDT,0.04592,10803.0,0.04591,47474.0,0.04594,19601.0,0.04595,45526.0
1753547098630,16:24:58.630,ACT/USDT:USDT,0.04592,10803.0,0.04591,47474.0,0.04594,19601.0,0.04595,45526.0
1753547098780,16:24:58.780,ACT/USDT:USDT,0.04592,10803.0,0.04591,47474.0,0.04594,19601.0,0.04595,45526.0
1753547098930,16:24:58.930,ACT/USDT:USDT,0.04592,10803.0,0.04591,47474.0,0.04594,19601.0,0.04595,45526.0
1753547099080,16:24:59.080,ACT/USDT:USDT,0.04592,10803.0,0.04591,47474.0,0.04594,19601.0,0.04595,45526.0
1753547099530,16:24:59.530,ACT/USDT:USDT,0.04592,10803.0,0.04591,47474.0,0.04594,19601.0,0.04595,45526.0
1753547099681,16:24:59.681,ACT/USDT:USDT,0.04592,10803.0,0.04591,47474.0,0.04594,19601.0,0.04595,45526.0
1753547099831,16:24:59.831,ACT/USDT:USDT,0.04592,10803.0,0.04591,47474.0,0.04594,19601.0,0.04595,45526.0
1753547099981,16:24:59.981,ACT/USDT:USDT,0.04592,10803.0,0.04591,47474.0,0.04594,19601.0,0.04595,45526.0
1753547100131,16:25:00.131,ACT/USDT:USDT,0.04592,10803.0,0.04591,47474.0,0.04594,19601.0,0.04595,45526.0
1753547100281,16:25:00.281,ACT/USDT:USDT,0.04592,10803.0,0.04591,47474.0,0.04594,19601.0,0.04595,45526.0
1753547100431,16:25:00.431,ACT/USDT:USDT,0.04591,14964.0,0.0459,51067.0,0.04594,21088.0,0.04595,45526.0
1753547100581,16:25:00.581,ACT/USDT:USDT,0.04591,14964.0,0.0459,51067.0,0.04593,11080.0,0.04594,64325.0
1753547100731,16:25:00.731,ACT/USDT:USDT,0.0459,51067.0,0.04589,46558.0,0.04593,27022.0,0.04594,64325.0
1753547100881,16:25:00.881,ACT/USDT:USDT,0.0459,51067.0,0.04589,46558.0,0.04593,25942.0,0.04594,64325.0
1753547101031,16:25:01.031,ACT/USDT:USDT,0.04591,1089.0,0.0459,51724.0,0.04592,1080.0,0.04593,25942.0
1753547101182,16:25:01.182,ACT/USDT:USDT,0.0459,51067.0,0.04589,46558.0,0.04592,1080.0,0.04593,25942.0
1753547101332,16:25:01.332,ACT/USDT:USDT,0.0459,51067.0,0.04589,46558.0,0.04592,1080.0,0.04593,25942.0
1753547101482,16:25:01.482,ACT/USDT:USDT,0.0459,51067.0,0.04589,46558.0,0.04592,1080.0,0.04593,25942.0
1753547101632,16:25:01.632,ACT/USDT:USDT,0.0459,51724.0,0.04589,46558.0,0.04592,1080.0,0.04593,25942.0
1753547101932,16:25:01.932,ACT/USDT:USDT,0.0459,51724.0,0.04589,46558.0,0.04592,1080.0,0.04593,25942.0
1753547102082,16:25:02.082,ACT/USDT:USDT,0.0459,51724.0,0.04589,46558.0,0.04592,1080.0,0.04593,25942.0
1753547102382,16:25:02.382,ACT/USDT:USDT,0.0459,51724.0,0.04589,46558.0,0.04592,1080.0,0.04593,25942.0
1753547102532,16:25:02.532,ACT/USDT:USDT,0.0459,51724.0,0.04589,46558.0,0.04592,1080.0,0.04593,25942.0
1753547102682,16:25:02.682,ACT/USDT:USDT,0.0459,51724.0,0.04589,46558.0,0.04592,1080.0,0.04593,25942.0
1753547102833,16:25:02.833,ACT/USDT:USDT,0.0459,51724.0,0.04589,46558.0,0.04592,1080.0,0.04593,25942.0
1753547102983,16:25:02.983,ACT/USDT:USDT,0.0459,51724.0,0.04589,46558.0,0.04592,1080.0,0.04593,25942.0
1753547103133,16:25:03.133,ACT/USDT:USDT,0.0459,51724.0,0.04589,46558.0,0.04592,970.0,0.04593,25942.0
1753547103433,16:25:03.433,ACT/USDT:USDT,0.0459,51724.0,0.04589,46558.0,0.04592,970.0,0.04593,25942.0
1753547103583,16:25:03.583,ACT/USDT:USDT,0.0459,51724.0,0.04589,46558.0,0.04592,970.0,0.04593,25942.0
1753547104033,16:25:04.033,ACT/USDT:USDT,0.04594,66707.0,0.04593,49134.0,0.04595,54.0,0.04598,1923.0
1753547104184,16:25:04.184,ACT/USDT:USDT,0.04594,99217.0,0.04593,49134.0,0.04595,54.0,0.04598,46460.0
1753547104333,16:25:04.333,ACT/USDT:USDT,0.04594,99217.0,0.04593,49134.0,0.04595,54.0,0.04598,46460.0
1753547104634,16:25:04.634,ACT/USDT:USDT,0.04593,47647.0,0.04592,55807.0,0.04595,54.0,0.04597,42052.0
1753547104784,16:25:04.784,ACT/USDT:USDT,0.04593,47647.0,0.04592,57294.0,0.04595,10054.0,0.04596,10000.0
1753547104934,16:25:04.934,ACT/USDT:USDT,0.04593,47647.0,0.04592,57294.0,0.04595,10054.0,0.04596,20757.0
1753547105084,16:25:05.084,ACT/USDT:USDT,0.04593,47647.0,0.04592,57294.0,0.04595,10054.0,0.04596,20757.0
1753547105234,16:25:05.234,ACT/USDT:USDT,0.04593,15137.0,0.04592,55807.0,0.04594,330.0,0.04595,11541.0
1753547105534,16:25:05.534,ACT/USDT:USDT,0.04592,55807.0,0.04591,43755.0,0.04594,10330.0,0.04595,11541.0
1753547105684,16:25:05.684,ACT/USDT:USDT,0.04592,23297.0,0.04591,43755.0,0.04593,330.0,0.04594,10000.0
1753547105834,16:25:05.834,ACT/USDT:USDT,0.04591,43755.0,0.0459,51067.0,0.04593,10330.0,0.04594,10000.0
1753547105985,16:25:05.985,ACT/USDT:USDT,0.04591,43755.0,0.0459,51067.0,0.04593,10330.0,0.04594,10000.0
1753547106135,16:25:06.135,ACT/USDT:USDT,0.04591,43755.0,0.0459,51067.0,0.04593,10000.0,0.04594,10000.0
1753547106285,16:25:06.285,ACT/USDT:USDT,0.04589,14048.0,0.04588,9606.0,0.04591,11245.0,0.04593,54724.0
1753547106435,16:25:06.435,ACT/USDT:USDT,0.04587,43558.0,0.04586,54676.0,0.04591,11245.0,0.04592,32510.0
1753547106585,16:25:06.585,ACT/USDT:USDT,0.04588,52157.0,0.04587,43558.0,0.04591,11245.0,0.04592,51017.0
1753547106735,16:25:06.735,ACT/USDT:USDT,0.04588,52157.0,0.04587,43558.0,0.04591,25331.0,0.04592,51017.0
1753547106885,16:25:06.885,ACT/USDT:USDT,0.04589,14814.0,0.04588,51067.0,0.04591,11245.0,0.04592,51017.0
1753547107035,16:25:07.035,ACT/USDT:USDT,0.04589,14814.0,0.04588,52638.0,0.04591,11245.0,0.04592,46728.0
1753547107185,16:25:07.185,ACT/USDT:USDT,0.04589,14814.0,0.04588,52638.0,0.04591,11245.0,0.04592,46728.0
1753547107336,16:25:07.336,ACT/USDT:USDT,0.04589,14814.0,0.04588,52638.0,0.04591,11245.0,0.04592,46728.0
1753547107486,16:25:07.486,ACT/USDT:USDT,0.04589,14814.0,0.04588,52638.0,0.04591,11245.0,0.04592,35920.0
1753547107636,16:25:07.636,ACT/USDT:USDT,0.04589,47324.0,0.04588,52638.0,0.04591,11245.0,0.04592,41192.0
1753547107786,16:25:07.786,ACT/USDT:USDT,0.04589,47324.0,0.04588,52638.0,0.04591,11245.0,0.04592,41192.0
1753547107936,16:25:07.936,ACT/USDT:USDT,0.04589,47324.0,0.04588,52638.0,0.04591,11245.0,0.04592,46069.0
1753547108086,16:25:08.086,ACT/USDT:USDT,0.04589,47324.0,0.04588,52638.0,0.04591,11245.0,0.04592,46069.0
1753547108386,16:25:08.386,ACT/USDT:USDT,0.04589,47324.0,0.04588,52638.0,0.04591,11245.0,0.04592,46069.0
1753547108536,16:25:08.536,ACT/USDT:USDT,0.04589,47324.0,0.04588,52638.0,0.04591,11245.0,0.04592,46069.0
1753547108836,16:25:08.836,ACT/USDT:USDT,0.04589,47324.0,0.04588,52638.0,0.04591,11245.0,0.04592,46069.0
1753547108986,16:25:08.986,ACT/USDT:USDT,0.04589,47324.0,0.04588,52638.0,0.04591,11245.0,0.04592,46069.0
1753547109137,16:25:09.137,ACT/USDT:USDT,0.04589,47324.0,0.04588,52638.0,0.04591,11245.0,0.04592,46069.0
1753547109287,16:25:09.287,ACT/USDT:USDT,0.04589,47324.0,0.04588,52638.0,0.04591,11245.0,0.04592,46069.0
1753547109437,16:25:09.437,ACT/USDT:USDT,0.04589,47324.0,0.04588,52638.0,0.04591,11245.0,0.04592,46069.0
1753547109587,16:25:09.587,ACT/USDT:USDT,0.04589,47324.0,0.04588,52638.0,0.04591,11245.0,0.04592,46069.0
1753547109737,16:25:09.737,ACT/USDT:USDT,0.04589,47324.0,0.04588,52638.0,0.04591,11245.0,0.04592,46069.0
1753547109887,16:25:09.887,ACT/USDT:USDT,0.04589,47324.0,0.04588,52638.0,0.04591,11245.0,0.04592,46069.0
1753547110037,16:25:10.037,ACT/USDT:USDT,0.04589,47324.0,0.04588,52638.0,0.04591,11245.0,0.04592,46069.0
1753547110187,16:25:10.187,ACT/USDT:USDT,0.04589,47324.0,0.04588,52638.0,0.04591,11245.0,0.04592,46069.0
1753547110337,16:25:10.337,ACT/USDT:USDT,0.04589,47324.0,0.04588,52638.0,0.04591,11245.0,0.04592,46069.0
