timestamp,time,exchange,symbol,bid1_price,bid1_volume,bid2_price,bid2_volume,ask1_price,ask1_volume,ask2_price,ask2_volume
1753591884202,04:51:24.202,binance,AERO/USDT:USDT,0.8993,28.9,0.8992,24.0,0.8994,440.2,0.8995,545.7
1753591885126,04:51:25.126,binance,AERO/USDT:USDT,0.8993,28.9,0.8992,24.0,0.8994,440.2,0.8995,545.7
1753591885302,04:51:25.302,binance,AERO/USDT:USDT,0.8993,28.9,0.8992,24.0,0.8994,440.2,0.8995,545.7
1753591885598,04:51:25.598,binance,AERO/USDT:USDT,0.8993,28.9,0.8992,24.0,0.8994,452.1,0.8995,545.7
1753591886481,04:51:26.481,binance,AERO/USDT:USDT,0.8993,28.9,0.8992,24.0,0.8994,452.1,0.8995,545.7
1753591886604,04:51:26.604,binance,AERO/USDT:USDT,0.8993,28.9,0.8992,24.0,0.8994,452.1,0.8995,545.7
1753591887520,04:51:27.520,binance,AERO/USDT:USDT,0.8993,28.9,0.8992,24.0,0.8994,452.1,0.8995,545.7
1753591887644,04:51:27.644,binance,AERO/USDT:USDT,0.8993,28.9,0.8992,24.0,0.8994,452.1,0.8995,545.7
1753591889154,04:51:29.154,binance,AERO/USDT:USDT,0.8993,35.3,0.8992,24.0,0.8994,452.1,0.8995,545.7
1753591889802,04:51:29.802,binance,AERO/USDT:USDT,0.8993,35.3,0.8992,24.0,0.8994,452.1,0.8995,545.7
1753591889903,04:51:29.903,binance,AERO/USDT:USDT,0.8993,35.3,0.8992,24.0,0.8994,452.1,0.8995,545.7
1753591890220,04:51:30.220,binance,AERO/USDT:USDT,0.8993,35.3,0.8992,24.0,0.8994,452.1,0.8995,545.7
1753591890355,04:51:30.355,binance,AERO/USDT:USDT,0.8993,35.3,0.8992,24.0,0.8994,452.1,0.8995,545.7
1753591890470,04:51:30.470,binance,AERO/USDT:USDT,0.8993,35.3,0.8992,24.0,0.8994,452.1,0.8995,545.7
1753591890586,04:51:30.586,binance,AERO/USDT:USDT,0.8993,41.2,0.8992,24.0,0.8994,452.1,0.8995,545.7
1753591890893,04:51:30.893,binance,AERO/USDT:USDT,0.8993,41.2,0.8992,24.0,0.8994,452.1,0.8995,545.7
1753591890995,04:51:30.995,binance,AERO/USDT:USDT,0.8993,41.2,0.8992,24.0,0.8994,452.1,0.8995,545.7
1753591891813,04:51:31.813,binance,AERO/USDT:USDT,0.8993,101.4,0.8992,24.0,0.8994,25.4,0.8995,545.7
1753591891917,04:51:31.917,binance,AERO/USDT:USDT,0.8993,101.4,0.8992,169.8,0.8994,25.4,0.8995,545.7
1753591892061,04:51:32.061,binance,AERO/USDT:USDT,0.8993,101.4,0.8992,430.1,0.8994,25.4,0.8995,545.7
1753591892480,04:51:32.480,binance,AERO/USDT:USDT,0.8993,101.4,0.8992,430.1,0.8994,25.4,0.8995,545.7
1753591892826,04:51:32.826,binance,AERO/USDT:USDT,0.8993,412.4,0.8992,430.1,0.8994,25.4,0.8995,106.0
1753591893002,04:51:33.002,binance,AERO/USDT:USDT,0.8993,412.4,0.8992,430.1,0.8994,25.4,0.8995,106.0
1753591893583,04:51:33.583,binance,AERO/USDT:USDT,0.8993,412.4,0.8992,430.1,0.8994,25.4,0.8995,12.6
1753591894487,04:51:34.487,binance,AERO/USDT:USDT,0.8993,412.4,0.8992,430.1,0.8994,25.4,0.8995,12.6
1753591895190,04:51:35.190,binance,AERO/USDT:USDT,0.8993,412.4,0.8992,430.1,0.8994,24.7,0.8995,12.6
1753591895400,04:51:35.400,binance,AERO/USDT:USDT,0.8993,412.4,0.8992,430.1,0.8994,24.7,0.8995,12.6
1753591895501,04:51:35.501,binance,AERO/USDT:USDT,0.8993,412.4,0.8992,430.1,0.8994,24.7,0.8995,12.6
1753591896240,04:51:36.240,binance,AERO/USDT:USDT,0.8993,101.4,0.8992,169.8,0.8994,24.7,0.8995,12.6
1753591897102,04:51:37.102,binance,AERO/USDT:USDT,0.8993,101.4,0.8992,430.1,0.8994,24.7,0.8995,12.6
1753591898202,04:51:38.202,binance,AERO/USDT:USDT,0.8993,101.4,0.8992,430.1,0.8994,24.7,0.8995,12.6
1753591898791,04:51:38.791,binance,AERO/USDT:USDT,0.8993,101.4,0.8992,430.1,0.8994,24.7,0.8995,12.6
1753591899502,04:51:39.502,binance,AERO/USDT:USDT,0.8993,101.4,0.8992,430.1,0.8994,24.7,0.8995,12.6
1753591899609,04:51:39.609,binance,AERO/USDT:USDT,0.8994,510.2,0.8993,518.4,0.8995,12.6,0.8996,57.2
1753591899780,04:51:39.780,binance,AERO/USDT:USDT,0.8994,769.5,0.8993,536.8,0.8995,12.6,0.8996,57.2
1753591899896,04:51:39.896,binance,AERO/USDT:USDT,0.8994,769.5,0.8993,536.8,0.8995,12.6,0.8996,57.2
1753591900100,04:51:40.100,binance,AERO/USDT:USDT,0.8994,769.5,0.8993,536.8,0.8995,12.6,0.8996,57.2
1753591900254,04:51:40.254,binance,AERO/USDT:USDT,0.8994,769.5,0.8993,536.8,0.8995,12.6,0.8996,57.2
1753591900391,04:51:40.391,binance,AERO/USDT:USDT,0.8994,769.5,0.8993,536.8,0.8995,12.6,0.8996,57.2
1753591900664,04:51:40.664,binance,AERO/USDT:USDT,0.8995,617.4,0.8994,419.9,0.8996,38.8,0.8997,36.9
1753591900766,04:51:40.766,binance,AERO/USDT:USDT,0.8995,617.4,0.8994,657.7,0.8996,20.4,0.8997,36.9
1753591900892,04:51:40.892,binance,AERO/USDT:USDT,0.8995,617.4,0.8994,657.7,0.8996,20.4,0.8997,36.9
1753591900995,04:51:40.995,binance,AERO/USDT:USDT,0.8995,617.4,0.8994,657.7,0.8996,20.4,0.8997,36.9
1753591901240,04:51:41.240,binance,AERO/USDT:USDT,0.8995,617.4,0.8994,657.7,0.8996,20.4,0.8997,36.9
1753591901413,04:51:41.413,binance,AERO/USDT:USDT,0.8995,635.2,0.8994,657.7,0.8996,20.4,0.8997,36.9
1753591901616,04:51:41.616,binance,AERO/USDT:USDT,0.8995,635.2,0.8994,657.7,0.8996,20.4,0.8997,36.9
1753591902002,04:51:42.002,binance,AERO/USDT:USDT,0.8995,635.2,0.8994,657.7,0.8996,20.4,0.8997,36.9
1753591902133,04:51:42.133,binance,AERO/USDT:USDT,0.8995,635.2,0.8994,657.7,0.8996,20.4,0.8997,36.9
1753591902387,04:51:42.387,binance,AERO/USDT:USDT,0.8995,646.3,0.8994,657.7,0.8996,20.4,0.8997,36.9
1753591902497,04:51:42.497,binance,AERO/USDT:USDT,0.8995,646.3,0.8994,657.7,0.8996,20.4,0.8997,36.9
1753591903417,04:51:43.417,binance,AERO/USDT:USDT,0.8995,646.3,0.8994,657.7,0.8996,20.4,0.8997,36.9
1753591903616,04:51:43.616,binance,AERO/USDT:USDT,0.8995,646.3,0.8994,657.7,0.8996,20.4,0.8997,36.9
1753591903731,04:51:43.731,binance,AERO/USDT:USDT,0.8995,646.3,0.8994,657.7,0.8996,20.4,0.8997,36.9
1753591904561,04:51:44.561,binance,AERO/USDT:USDT,0.8995,646.3,0.8994,657.7,0.8996,20.4,0.8997,36.9
1753591904902,04:51:44.902,binance,AERO/USDT:USDT,0.8995,646.3,0.8994,657.7,0.8996,20.4,0.8997,36.9
1753591905227,04:51:45.227,binance,AERO/USDT:USDT,0.8995,646.3,0.8994,657.7,0.8996,20.4,0.8997,36.9
1753591905609,04:51:45.609,binance,AERO/USDT:USDT,0.8995,646.3,0.8994,657.7,0.8996,20.4,0.8997,36.9
1753591906002,04:51:46.002,binance,AERO/USDT:USDT,0.8995,646.3,0.8994,657.7,0.8996,20.4,0.8997,36.9
1753591906190,04:51:46.190,binance,AERO/USDT:USDT,0.8995,646.3,0.8994,657.7,0.8996,20.4,0.8997,36.9
1753591906664,04:51:46.664,binance,AERO/USDT:USDT,0.8995,646.3,0.8994,657.7,0.8996,20.4,0.8997,36.9
1753591906767,04:51:46.767,binance,AERO/USDT:USDT,0.8995,646.3,0.8994,657.7,0.8996,20.4,0.8997,36.9
1753591907802,04:51:47.802,binance,AERO/USDT:USDT,0.8995,646.3,0.8994,657.7,0.8996,20.4,0.8997,36.9
1753591907956,04:51:47.956,binance,AERO/USDT:USDT,0.8995,646.3,0.8994,657.7,0.8996,20.4,0.8997,36.9
1753591908402,04:51:48.402,binance,AERO/USDT:USDT,0.8995,646.3,0.8994,657.7,0.8996,20.4,0.8997,36.9
1753591908806,04:51:48.806,binance,AERO/USDT:USDT,0.8995,646.3,0.8994,657.7,0.8996,20.4,0.8997,36.9
1753591909002,04:51:49.002,binance,AERO/USDT:USDT,0.8995,646.3,0.8994,657.7,0.8996,20.4,0.8997,36.9
1753591909529,04:51:49.529,binance,AERO/USDT:USDT,0.8995,646.3,0.8994,657.7,0.8996,20.4,0.8997,36.9
1753591909632,04:51:49.632,binance,AERO/USDT:USDT,0.8995,646.3,0.8994,657.7,0.8996,20.4,0.8997,36.9
1753591910029,04:51:50.029,binance,AERO/USDT:USDT,0.8995,646.3,0.8994,657.7,0.8996,20.4,0.8997,36.9
1753591910202,04:51:50.202,binance,AERO/USDT:USDT,0.8995,646.3,0.8994,657.7,0.8996,20.4,0.8997,36.9
1753591910384,04:51:50.384,binance,AERO/USDT:USDT,0.8995,646.3,0.8994,657.7,0.8996,20.4,0.8997,36.9
1753591910515,04:51:50.515,binance,AERO/USDT:USDT,0.8995,646.3,0.8994,657.7,0.8996,20.4,0.8997,36.9
1753591910663,04:51:50.663,binance,AERO/USDT:USDT,0.8995,646.3,0.8994,657.7,0.8996,20.4,0.8997,36.9
1753591910952,04:51:50.952,binance,AERO/USDT:USDT,0.8995,646.3,0.8994,657.7,0.8996,20.4,0.8997,36.9
1753591911065,04:51:51.065,binance,AERO/USDT:USDT,0.8995,646.3,0.8994,657.7,0.8996,20.4,0.8997,36.9
1753591911202,04:51:51.202,binance,AERO/USDT:USDT,0.8995,646.3,0.8994,676.1,0.8996,20.4,0.8997,36.9
1753591911462,04:51:51.462,binance,AERO/USDT:USDT,0.8995,646.3,0.8994,676.1,0.8996,20.4,0.8997,36.9
1753591911818,04:51:51.818,binance,AERO/USDT:USDT,0.8995,28.9,0.8994,7.8,0.8996,217.8,0.8997,474.6
1753591911924,04:51:51.924,binance,AERO/USDT:USDT,0.8995,28.9,0.8994,7.8,0.8996,217.8,0.8997,474.6
1753591912028,04:51:52.028,binance,AERO/USDT:USDT,0.8995,89.1,0.8994,7.8,0.8996,24.1,0.8997,474.6
1753591912177,04:51:52.177,binance,AERO/USDT:USDT,0.8995,89.1,0.8994,7.8,0.8996,24.1,0.8997,530.2
1753591912284,04:51:52.284,binance,AERO/USDT:USDT,0.8995,89.1,0.8994,691.7,0.8996,24.1,0.8997,583.0
1753591912391,04:51:52.391,binance,AERO/USDT:USDT,0.8995,89.1,0.8994,691.7,0.8996,24.1,0.8997,596.2
1753591912552,04:51:52.552,binance,AERO/USDT:USDT,0.8995,89.1,0.8994,691.7,0.8996,12.6,0.8997,474.6
1753591912718,04:51:52.718,binance,AERO/USDT:USDT,0.8995,89.1,0.8994,691.7,0.8996,12.6,0.8997,474.6
1753591912881,04:51:52.881,binance,AERO/USDT:USDT,0.8995,89.1,0.8994,691.7,0.8996,12.6,0.8997,48.9
1753591912990,04:51:52.990,binance,AERO/USDT:USDT,0.8995,89.1,0.8994,691.7,0.8996,12.6,0.8997,48.9
1753591913502,04:51:53.502,binance,AERO/USDT:USDT,0.8995,89.1,0.8994,691.7,0.8996,12.6,0.8997,48.9
1753591913982,04:51:53.982,binance,AERO/USDT:USDT,0.8995,89.1,0.8994,691.7,0.8996,12.6,0.8997,48.9
1753591914090,04:51:54.090,binance,AERO/USDT:USDT,0.8995,89.1,0.8994,691.7,0.8996,12.6,0.8997,48.9
1753591914245,04:51:54.245,binance,AERO/USDT:USDT,0.8995,89.1,0.8994,691.7,0.8996,12.6,0.8997,48.9
1753591914568,04:51:54.568,binance,AERO/USDT:USDT,0.8995,89.1,0.8994,691.7,0.8996,12.6,0.8997,48.9
1753591914701,04:51:54.701,binance,AERO/USDT:USDT,0.8995,89.1,0.8994,691.7,0.8996,12.6,0.8997,48.9
1753591914838,04:51:54.838,binance,AERO/USDT:USDT,0.8995,89.1,0.8994,691.7,0.8996,12.6,0.8997,48.9
1753591915202,04:51:55.202,binance,AERO/USDT:USDT,0.8995,89.1,0.8994,691.7,0.8996,12.6,0.8997,48.9
1753591915306,04:51:55.306,binance,AERO/USDT:USDT,0.8995,89.1,0.8994,691.7,0.8996,12.6,0.8997,48.9
1753591915802,04:51:55.802,binance,AERO/USDT:USDT,0.8995,89.1,0.8994,691.7,0.8996,12.6,0.8997,48.9
1753591916143,04:51:56.143,binance,AERO/USDT:USDT,0.8995,89.1,0.8994,697.3,0.8996,12.6,0.8997,48.9
1753591916268,04:51:56.268,binance,AERO/USDT:USDT,0.8995,89.1,0.8994,697.3,0.8996,12.6,0.8997,48.9
1753591916391,04:51:56.391,binance,AERO/USDT:USDT,0.8995,89.1,0.8994,697.3,0.8996,12.6,0.8997,48.9
1753591916882,04:51:56.882,binance,AERO/USDT:USDT,0.8995,89.1,0.8994,697.3,0.8996,12.6,0.8997,48.9
1753591917292,04:51:57.292,binance,AERO/USDT:USDT,0.8995,89.1,0.8994,697.3,0.8996,12.6,0.8997,36.9
1753591917790,04:51:57.790,binance,AERO/USDT:USDT,0.8995,89.1,0.8994,697.3,0.8996,12.6,0.8997,36.9
1753591918097,04:51:58.097,binance,AERO/USDT:USDT,0.8995,89.1,0.8994,697.3,0.8996,12.6,0.8997,36.9
1753591918690,04:51:58.690,binance,AERO/USDT:USDT,0.8995,89.1,0.8994,697.3,0.8996,12.6,0.8997,36.9
1753591919202,04:51:59.202,binance,AERO/USDT:USDT,0.8995,28.9,0.8994,697.3,0.8996,106.0,0.8997,466.6
1753591919324,04:51:59.324,binance,AERO/USDT:USDT,0.8995,28.9,0.8994,697.3,0.8996,106.0,0.8997,579.2
1753591919775,04:51:59.775,binance,AERO/USDT:USDT,0.8995,28.9,0.8994,457.5,0.8996,106.0,0.8997,579.2
1753591919877,04:51:59.877,binance,AERO/USDT:USDT,0.8995,28.9,0.8994,457.5,0.8996,106.0,0.8997,579.2
1753591920107,04:52:00.107,binance,AERO/USDT:USDT,0.8995,28.9,0.8994,457.5,0.8996,106.0,0.8997,579.2
1753591920402,04:52:00.402,binance,AERO/USDT:USDT,0.8995,72.4,0.8994,457.5,0.8996,106.0,0.8997,579.2
1753591920555,04:52:00.555,binance,AERO/USDT:USDT,0.8995,72.4,0.8994,457.5,0.8996,106.0,0.8997,512.2
1753591920678,04:52:00.678,binance,AERO/USDT:USDT,0.8995,72.4,0.8994,457.5,0.8996,106.0,0.8997,602.0
1753591920826,04:52:00.826,binance,AERO/USDT:USDT,0.8995,72.4,0.8994,457.5,0.8996,106.0,0.8997,613.4
1753591920931,04:52:00.931,binance,AERO/USDT:USDT,0.8995,72.4,0.8994,697.3,0.8996,106.0,0.8997,613.4
1753591921502,04:52:01.502,binance,AERO/USDT:USDT,0.8995,260.3,0.8994,697.3,0.8996,12.6,0.8997,595.0
1753591921605,04:52:01.605,binance,AERO/USDT:USDT,0.8996,345.5,0.8995,761.4,0.8997,98.3,0.8998,248.6
1753591921711,04:52:01.711,binance,AERO/USDT:USDT,0.8996,604.8,0.8995,555.7,0.8997,29.9,0.8998,46.6
1753591921815,04:52:01.815,binance,AERO/USDT:USDT,0.8997,255.2,0.8996,349.6,0.8998,46.6,0.8999,166.6
1753591921952,04:52:01.952,binance,AERO/USDT:USDT,0.8997,775.2,0.8995,748.1,0.8998,28.2,0.8999,141.6
1753591922156,04:52:02.156,binance,AERO/USDT:USDT,0.8997,1034.5,0.8995,1039.7,0.8998,28.2,0.8999,31.0
1753591922341,04:52:02.341,binance,AERO/USDT:USDT,0.8997,1034.5,0.8995,1039.7,0.8998,28.2,0.8999,31.0
1753591922446,04:52:02.446,binance,AERO/USDT:USDT,0.8997,108.1,0.8995,1021.9,0.8998,121.6,0.8999,460.7
1753591922547,04:52:02.547,binance,AERO/USDT:USDT,0.8997,119.2,0.8995,1010.8,0.8998,121.6,0.8999,460.7
1753591922667,04:52:02.667,binance,AERO/USDT:USDT,0.8997,119.2,0.8995,818.4,0.8998,121.6,0.8999,460.7
1753591922941,04:52:02.941,binance,AERO/USDT:USDT,0.8997,119.2,0.8995,818.4,0.8998,121.6,0.8999,460.7
1753591923502,04:52:03.502,binance,AERO/USDT:USDT,0.8997,119.2,0.8995,818.4,0.8998,121.6,0.8999,460.7
1753591923689,04:52:03.689,binance,AERO/USDT:USDT,0.8997,119.2,0.8995,818.4,0.8998,121.6,0.8999,460.7
1753591923811,04:52:03.811,binance,AERO/USDT:USDT,0.8997,119.2,0.8995,818.4,0.8998,121.6,0.8999,460.7
1753591924102,04:52:04.102,binance,AERO/USDT:USDT,0.8997,119.2,0.8995,818.4,0.8998,121.6,0.8999,460.7
1753591924223,04:52:04.223,binance,AERO/USDT:USDT,0.8997,119.2,0.8996,429.7,0.8998,121.6,0.8999,460.7
1753591924491,04:52:04.491,binance,AERO/USDT:USDT,0.8997,119.2,0.8996,429.7,0.8998,28.2,0.8999,460.7
1753591924690,04:52:04.690,binance,AERO/USDT:USDT,0.8997,119.2,0.8996,429.7,0.8998,28.2,0.8999,460.7
1753591924958,04:52:04.958,binance,AERO/USDT:USDT,0.8997,119.2,0.8996,429.7,0.8998,28.2,0.8999,460.7
1753591925148,04:52:05.148,binance,AERO/USDT:USDT,0.8997,119.2,0.8996,429.7,0.8998,28.2,0.8999,460.7
1753591925414,04:52:05.414,binance,AERO/USDT:USDT,0.8997,119.2,0.8996,429.7,0.8998,28.2,0.8999,460.7
1753591925603,04:52:05.603,binance,AERO/USDT:USDT,0.8997,28.9,0.8996,429.7,0.8998,28.2,0.8999,460.7
1753591925710,04:52:05.710,binance,AERO/USDT:USDT,0.8997,28.9,0.8996,429.7,0.8998,28.2,0.8999,460.7
1753591925825,04:52:05.825,binance,AERO/USDT:USDT,0.8997,28.9,0.8996,429.7,0.8998,28.2,0.8999,460.7
1753591926123,04:52:06.123,binance,AERO/USDT:USDT,0.8997,28.9,0.8996,429.7,0.8998,121.6,0.8999,460.7
1753591926293,04:52:06.293,binance,AERO/USDT:USDT,0.8997,28.9,0.8995,825.4,0.8998,121.6,0.8999,460.7
1753591926452,04:52:06.452,binance,AERO/USDT:USDT,0.8997,28.9,0.8995,825.4,0.8998,121.6,0.8999,460.7
1753591926602,04:52:06.602,binance,AERO/USDT:USDT,0.8997,28.9,0.8995,825.4,0.8998,121.6,0.8999,472.3
1753591926790,04:52:06.790,binance,AERO/USDT:USDT,0.8997,28.9,0.8995,825.4,0.8998,121.6,0.8999,472.3
1753591926893,04:52:06.893,binance,AERO/USDT:USDT,0.8997,28.9,0.8995,825.4,0.8998,121.6,0.8999,472.3
1753591927302,04:52:07.302,binance,AERO/USDT:USDT,0.8997,28.9,0.8995,825.4,0.8998,121.6,0.8999,472.3
1753591927741,04:52:07.741,binance,AERO/USDT:USDT,0.8997,28.9,0.8995,533.8,0.8998,121.6,0.8999,472.3
1753591927901,04:52:07.901,binance,AERO/USDT:USDT,0.8997,28.9,0.8995,533.8,0.8998,121.6,0.8999,472.3
1753591928003,04:52:08.003,binance,AERO/USDT:USDT,0.8997,28.9,0.8995,533.8,0.8998,121.6,0.8999,472.3
1753591928107,04:52:08.107,binance,AERO/USDT:USDT,0.8997,28.9,0.8995,533.8,0.8998,121.6,0.8999,472.3
1753591929102,04:52:09.102,binance,AERO/USDT:USDT,0.8997,28.9,0.8995,533.8,0.8998,121.6,0.8999,472.3
1753591929215,04:52:09.215,binance,AERO/USDT:USDT,0.8997,28.9,0.8995,533.8,0.8998,121.6,0.8999,472.3
1753591929435,04:52:09.435,binance,AERO/USDT:USDT,0.8997,400.1,0.8996,410.7,0.8998,28.2,0.8999,472.3
1753591929655,04:52:09.655,binance,AERO/USDT:USDT,0.8997,400.1,0.8996,429.1,0.8998,28.2,0.8999,42.6
1753591929758,04:52:09.758,binance,AERO/USDT:USDT,0.8997,400.1,0.8996,429.1,0.8998,28.2,0.8999,42.6
1753591930802,04:52:10.802,binance,AERO/USDT:USDT,0.8997,400.1,0.8996,429.1,0.8998,28.2,0.8999,42.6
1753591931142,04:52:11.142,binance,AERO/USDT:USDT,0.8997,400.1,0.8996,429.1,0.8998,28.2,0.8999,24.2
1753591931298,04:52:11.298,binance,AERO/USDT:USDT,0.8997,400.1,0.8996,429.1,0.8998,28.2,0.8999,24.2
1753591931403,04:52:11.403,binance,AERO/USDT:USDT,0.8997,400.1,0.8996,429.1,0.8998,28.2,0.8999,24.2
1753591931925,04:52:11.925,binance,AERO/USDT:USDT,0.8997,400.1,0.8996,429.1,0.8998,28.2,0.8999,12.6
1753591932051,04:52:12.051,binance,AERO/USDT:USDT,0.8997,400.1,0.8996,429.1,0.8998,28.2,0.8999,12.6
1753591932455,04:52:12.455,binance,AERO/USDT:USDT,0.8997,444.7,0.8996,429.1,0.8998,28.2,0.8999,12.6
1753591932600,04:52:12.600,binance,AERO/USDT:USDT,0.8997,444.7,0.8996,429.1,0.8998,28.2,0.8999,12.6
1753591932715,04:52:12.715,binance,AERO/USDT:USDT,0.8997,444.7,0.8996,429.1,0.8998,28.2,0.8999,12.6
1753591933047,04:52:13.047,binance,AERO/USDT:USDT,0.8997,444.7,0.8996,429.1,0.8998,28.2,0.8999,12.6
1753591933150,04:52:13.150,binance,AERO/USDT:USDT,0.8997,444.7,0.8996,429.1,0.8998,28.2,0.8999,12.6
1753591933654,04:52:13.654,binance,AERO/USDT:USDT,0.8997,444.7,0.8996,429.1,0.8998,28.2,0.8999,12.6
1753591934202,04:52:14.202,binance,AERO/USDT:USDT,0.8997,444.7,0.8996,429.1,0.8998,28.2,0.8999,12.6
1753591934802,04:52:14.802,binance,AERO/USDT:USDT,0.8997,444.7,0.8996,429.1,0.8998,28.2,0.8999,12.6
1753591935014,04:52:15.014,binance,AERO/USDT:USDT,0.8997,444.7,0.8996,429.1,0.8998,28.2,0.8999,12.6
1753591935317,04:52:15.317,binance,AERO/USDT:USDT,0.8997,444.7,0.8996,429.1,0.8998,28.2,0.8999,12.6
1753591937102,04:52:17.102,binance,AERO/USDT:USDT,0.8997,444.7,0.8996,429.1,0.8998,28.2,0.8999,12.6
1753591938290,04:52:18.290,binance,AERO/USDT:USDT,0.8997,444.7,0.8996,429.1,0.8998,28.2,0.8999,12.6
1753591939192,04:52:19.192,binance,AERO/USDT:USDT,0.8997,444.7,0.8996,429.1,0.8998,28.2,0.8999,12.6
1753591939501,04:52:19.501,binance,AERO/USDT:USDT,0.8997,444.7,0.8996,429.1,0.8998,28.2,0.8999,12.6
1753591939814,04:52:19.814,binance,AERO/USDT:USDT,0.8997,444.7,0.8996,429.1,0.8998,28.2,0.8999,12.6
1753591940602,04:52:20.602,binance,AERO/USDT:USDT,0.8997,444.7,0.8996,429.1,0.8998,28.2,0.8999,12.6
1753591940744,04:52:20.744,binance,AERO/USDT:USDT,0.8997,450.6,0.8996,429.1,0.8998,28.2,0.8999,12.6
1753591940944,04:52:20.944,binance,AERO/USDT:USDT,0.8997,450.6,0.8996,429.1,0.8998,28.2,0.8999,12.6
1753591941077,04:52:21.077,binance,AERO/USDT:USDT,0.8997,450.6,0.8996,429.1,0.8998,28.2,0.8999,12.6
1753591941220,04:52:21.220,binance,AERO/USDT:USDT,0.8997,450.6,0.8996,429.1,0.8998,28.2,0.8999,12.6
1753591941564,04:52:21.564,binance,AERO/USDT:USDT,0.8997,450.6,0.8996,429.1,0.8998,28.2,0.8999,12.6
1753591941972,04:52:21.972,binance,AERO/USDT:USDT,0.8997,450.6,0.8996,429.1,0.8998,28.2,0.8999,12.6
1753591942176,04:52:22.176,binance,AERO/USDT:USDT,0.8997,450.6,0.8996,429.1,0.8998,28.2,0.8999,12.6
1753591942290,04:52:22.290,binance,AERO/USDT:USDT,0.8997,450.6,0.8996,429.1,0.8998,28.2,0.8999,12.6
1753591942401,04:52:22.401,binance,AERO/USDT:USDT,0.8997,450.6,0.8996,429.1,0.8998,28.2,0.8999,12.6
1753591942890,04:52:22.890,binance,AERO/USDT:USDT,0.8997,450.6,0.8996,429.1,0.8998,28.2,0.8999,12.6
1753591943129,04:52:23.129,binance,AERO/USDT:USDT,0.8997,450.6,0.8996,429.1,0.8998,28.2,0.8999,12.6
1753591943334,04:52:23.334,binance,AERO/USDT:USDT,0.8998,1027.6,0.8997,79.4,0.8999,12.6,0.9,57.2
1753591943444,04:52:23.444,binance,AERO/USDT:USDT,0.8998,1027.6,0.8997,79.4,0.8999,12.6,0.9,57.2
1753591943575,04:52:23.575,binance,AERO/USDT:USDT,0.8998,1027.6,0.8997,520.6,0.8999,12.6,0.9,57.2
1753591943678,04:52:23.678,binance,AERO/USDT:USDT,0.8998,1027.6,0.8997,520.6,0.8999,12.6,0.9,57.2
1753591943805,04:52:23.805,binance,AERO/USDT:USDT,0.8998,1027.6,0.8997,520.6,0.8999,12.6,0.9,57.2
1753591943910,04:52:23.910,binance,AERO/USDT:USDT,0.8998,1027.6,0.8997,520.6,0.8999,12.6,0.9,57.2
1753591944102,04:52:24.102,binance,AERO/USDT:USDT,0.8998,1027.6,0.8997,520.6,0.8999,12.6,0.9,57.2
1753591944417,04:52:24.417,binance,AERO/USDT:USDT,0.8998,1027.6,0.8997,520.6,0.8999,12.6,0.9,57.2
1753591944523,04:52:24.523,binance,AERO/USDT:USDT,0.8998,1027.6,0.8997,520.6,0.8999,12.6,0.9,57.2
1753591944666,04:52:24.666,binance,AERO/USDT:USDT,0.8998,1027.6,0.8997,520.6,0.8999,12.6,0.9,57.2
1753591945113,04:52:25.113,binance,AERO/USDT:USDT,0.8998,937.3,0.8997,520.6,0.8999,12.6,0.9,57.2
1753591945273,04:52:25.273,binance,AERO/USDT:USDT,0.8998,937.3,0.8997,520.6,0.8999,12.6,0.9,57.2
1753591945591,04:52:25.591,binance,AERO/USDT:USDT,0.8998,937.3,0.8997,520.6,0.8999,12.6,0.9,57.2
1753591945702,04:52:25.702,binance,AERO/USDT:USDT,0.8998,937.3,0.8997,520.6,0.8999,12.6,0.9,57.2
1753591946021,04:52:26.021,binance,AERO/USDT:USDT,0.8998,937.3,0.8997,520.6,0.8999,12.6,0.9,57.2
1753591946124,04:52:26.124,binance,AERO/USDT:USDT,0.8998,937.3,0.8997,520.6,0.8999,12.6,0.9,57.2
1753591946396,04:52:26.396,binance,AERO/USDT:USDT,0.8998,937.3,0.8997,520.6,0.8999,12.6,0.9,57.2
1753591946661,04:52:26.661,binance,AERO/USDT:USDT,0.8998,937.3,0.8997,520.6,0.8999,12.6,0.9,57.2
1753591946802,04:52:26.802,binance,AERO/USDT:USDT,0.8998,937.3,0.8997,520.6,0.8999,12.6,0.9,57.2
1753591947702,04:52:27.702,binance,AERO/USDT:USDT,0.8998,937.3,0.8997,520.6,0.8999,12.6,0.9,57.2
1753591947839,04:52:27.839,binance,AERO/USDT:USDT,0.8998,937.3,0.8997,520.6,0.8999,12.6,0.9,57.2
1753591948211,04:52:28.211,binance,AERO/USDT:USDT,0.8998,937.3,0.8997,520.6,0.8999,12.6,0.9,57.2
1753591948347,04:52:28.347,binance,AERO/USDT:USDT,0.8998,63.4,0.8997,520.6,0.8999,435.4,0.9,57.2
1753591948536,04:52:28.536,binance,AERO/USDT:USDT,0.8998,63.4,0.8997,520.6,0.8999,435.4,0.9,57.2
1753591949414,04:52:29.414,binance,AERO/USDT:USDT,0.8997,97.8,0.8996,443.9,0.8999,435.4,0.9,57.2
1753591949517,04:52:29.517,binance,AERO/USDT:USDT,0.8997,97.8,0.8996,443.9,0.8999,435.4,0.9,57.2
1753591950114,04:52:30.114,binance,AERO/USDT:USDT,0.8997,97.8,0.8996,38.8,0.8998,205.2,0.8999,435.4
1753591950240,04:52:30.240,binance,AERO/USDT:USDT,0.8997,97.8,0.8996,38.8,0.8998,205.2,0.8999,435.4
1753591951157,04:52:31.157,binance,AERO/USDT:USDT,0.8997,97.8,0.8996,502.5,0.8999,106.0,0.9,173.5
1753591951383,04:52:31.383,binance,AERO/USDT:USDT,0.8997,124.2,0.8996,502.5,0.8999,534.5,0.9,655.6
1753591951617,04:52:31.617,binance,AERO/USDT:USDT,0.8997,124.2,0.8996,502.5,0.8999,534.5,0.9,655.6
1753591952271,04:52:32.271,binance,AERO/USDT:USDT,0.8997,124.2,0.8996,502.5,0.8999,534.5,0.9,666.3
1753591952702,04:52:32.702,binance,AERO/USDT:USDT,0.8997,124.2,0.8996,502.5,0.8999,534.5,0.9,666.3
1753591953502,04:52:33.502,binance,AERO/USDT:USDT,0.8997,124.2,0.8996,502.5,0.8999,534.5,0.9,666.3
1753591954080,04:52:34.080,binance,AERO/USDT:USDT,0.8997,124.2,0.8996,502.5,0.8999,534.5,0.9,666.3
1753591954201,04:52:34.201,binance,AERO/USDT:USDT,0.8997,124.2,0.8996,502.5,0.8999,534.5,0.9,666.3
1753591954602,04:52:34.602,binance,AERO/USDT:USDT,0.8997,124.2,0.8996,502.5,0.8999,534.5,0.9,666.3
1753591954765,04:52:34.765,binance,AERO/USDT:USDT,0.8997,124.2,0.8996,502.5,0.8999,534.5,0.9,666.3
1753591955030,04:52:35.030,binance,AERO/USDT:USDT,0.8997,124.2,0.8996,502.5,0.8999,534.5,0.9,666.3
1753591955678,04:52:35.678,binance,AERO/USDT:USDT,0.8997,130.1,0.8996,502.5,0.8999,534.5,0.9,666.3
1753591955802,04:52:35.802,binance,AERO/USDT:USDT,0.8997,130.1,0.8996,502.5,0.8999,534.5,0.9,666.3
1753591956391,04:52:36.391,binance,AERO/USDT:USDT,0.8997,130.1,0.8996,502.5,0.8999,534.5,0.9,666.3
1753591956502,04:52:36.502,binance,AERO/USDT:USDT,0.8997,130.1,0.8996,502.5,0.8999,534.5,0.9,666.3
1753591957602,04:52:37.602,binance,AERO/USDT:USDT,0.8997,85.3,0.8996,502.5,0.8999,534.5,0.9,666.3
1753591958016,04:52:38.016,binance,AERO/USDT:USDT,0.8997,130.1,0.8996,502.5,0.8999,534.5,0.9,666.3
1753591958141,04:52:38.141,binance,AERO/USDT:USDT,0.8997,130.1,0.8996,502.5,0.8999,534.5,0.9,666.3
1753591958273,04:52:38.273,binance,AERO/USDT:USDT,0.8997,130.1,0.8996,502.5,0.8999,534.5,0.9,666.3
1753591958680,04:52:38.680,binance,AERO/USDT:USDT,0.8997,130.1,0.8996,502.5,0.8999,534.5,0.9,666.3
1753591959014,04:52:39.014,binance,AERO/USDT:USDT,0.8997,130.1,0.8996,502.5,0.8999,534.5,0.9,666.3
1753591959327,04:52:39.327,binance,AERO/USDT:USDT,0.8997,130.1,0.8996,502.5,0.8999,534.5,0.9,666.3
1753591959760,04:52:39.760,binance,AERO/USDT:USDT,0.8998,931.1,0.8997,549.9,0.8999,12.6,0.9,49.5
1753591959877,04:52:39.877,binance,AERO/USDT:USDT,0.8998,931.1,0.8997,568.3,0.8999,12.6,0.9,49.5
1753591960005,04:52:40.005,binance,AERO/USDT:USDT,0.8998,931.1,0.8997,568.3,0.8999,12.6,0.9,49.5
1753591960301,04:52:40.301,binance,AERO/USDT:USDT,0.8998,931.1,0.8997,568.3,0.8999,12.6,0.9,49.5
1753591960860,04:52:40.860,binance,AERO/USDT:USDT,0.8998,931.1,0.8997,568.3,0.8999,12.6,0.9,49.5
1753591961356,04:52:41.356,binance,AERO/USDT:USDT,0.8998,60.2,0.8997,568.3,0.8999,106.0,0.9,458.6
1753591961459,04:52:41.459,binance,AERO/USDT:USDT,0.8997,568.3,0.8996,467.3,0.8999,106.0,0.9,458.6
1753591961791,04:52:41.791,binance,AERO/USDT:USDT,0.8997,148.5,0.8996,467.3,0.8999,525.8,0.9,458.6
1753591961904,04:52:41.904,binance,AERO/USDT:USDT,0.8997,148.5,0.8996,467.3,0.8999,525.8,0.9,458.6
1753591962050,04:52:42.050,binance,AERO/USDT:USDT,0.8997,148.5,0.8996,467.3,0.8999,525.8,0.9,458.6
1753591962154,04:52:42.154,binance,AERO/USDT:USDT,0.8997,148.5,0.8996,467.3,0.8999,525.8,0.9,458.6
1753591962391,04:52:42.391,binance,AERO/USDT:USDT,0.8997,148.5,0.8996,467.3,0.8999,432.4,0.9,458.6
1753591962531,04:52:42.531,binance,AERO/USDT:USDT,0.8997,148.5,0.8996,467.3,0.8999,432.4,0.9,458.6
1753591963102,04:52:43.102,binance,AERO/USDT:USDT,0.8998,104.7,0.8997,103.9,0.8999,432.4,0.9,458.6
1753591963219,04:52:43.219,binance,AERO/USDT:USDT,0.8998,104.7,0.8997,103.9,0.8999,432.4,0.9,458.6
1753591963465,04:52:43.465,binance,AERO/USDT:USDT,0.8998,104.7,0.8997,59.1,0.8999,106.0,0.9,458.6
1753591963814,04:52:43.814,binance,AERO/USDT:USDT,0.8998,104.7,0.8997,59.1,0.8999,106.0,0.9,458.6
1753591964290,04:52:44.290,binance,AERO/USDT:USDT,0.8998,104.7,0.8997,59.1,0.8999,106.0,0.9,458.6
1753591964658,04:52:44.658,binance,AERO/USDT:USDT,0.8998,149.5,0.8997,59.1,0.8999,106.0,0.9,458.6
1753591964910,04:52:44.910,binance,AERO/USDT:USDT,0.8998,149.5,0.8997,59.1,0.8999,106.0,0.9,458.6
1753591965360,04:52:45.360,binance,AERO/USDT:USDT,0.8998,149.5,0.8997,59.1,0.8999,106.0,0.9,458.6
1753591965602,04:52:45.602,binance,AERO/USDT:USDT,0.8998,149.5,0.8997,59.1,0.8999,106.0,0.9,458.6
1753591965902,04:52:45.902,binance,AERO/USDT:USDT,0.8998,149.5,0.8997,59.1,0.8999,106.0,0.9,458.6
1753591966410,04:52:46.410,binance,AERO/USDT:USDT,0.8998,149.5,0.8997,59.1,0.8999,106.0,0.9,458.6
1753591967002,04:52:47.002,binance,AERO/USDT:USDT,0.8998,149.5,0.8997,59.1,0.8999,106.0,0.9,458.6
1753591967529,04:52:47.529,binance,AERO/USDT:USDT,0.8998,149.5,0.8997,59.1,0.8999,12.6,0.9,458.6
1753591967640,04:52:47.640,binance,AERO/USDT:USDT,0.8998,149.5,0.8997,59.1,0.8999,12.6,0.9,458.6
1753591968040,04:52:48.040,binance,AERO/USDT:USDT,0.8998,72.0,0.8997,59.1,0.8999,106.0,0.9,458.6
1753591968153,04:52:48.153,binance,AERO/USDT:USDT,0.8998,811.3,0.8997,59.1,0.8999,12.6,0.9,38.8
1753591968445,04:52:48.445,binance,AERO/USDT:USDT,0.8998,811.3,0.8997,59.1,0.8999,12.6,0.9,38.8
1753591968615,04:52:48.615,binance,AERO/USDT:USDT,0.8998,811.3,0.8997,59.1,0.8999,12.6,0.9,38.8
1753591968721,04:52:48.721,binance,AERO/USDT:USDT,0.8998,811.3,0.8997,59.1,0.8999,12.6,0.9,38.8
1753591969202,04:52:49.202,binance,AERO/USDT:USDT,0.8998,811.3,0.8997,59.1,0.8999,12.6,0.9,38.8
1753591969792,04:52:49.792,binance,AERO/USDT:USDT,0.8998,811.3,0.8997,59.1,0.8999,12.6,0.9,38.8
1753591970034,04:52:50.034,binance,AERO/USDT:USDT,0.8998,766.5,0.8997,59.1,0.8999,12.6,0.9,38.8
1753591970137,04:52:50.137,binance,AERO/USDT:USDT,0.8998,766.5,0.8997,64.7,0.8999,12.6,0.9,38.8
1753591970390,04:52:50.390,binance,AERO/USDT:USDT,0.8998,766.5,0.8997,64.7,0.8999,12.6,0.9,38.8
1753591970502,04:52:50.502,binance,AERO/USDT:USDT,0.8998,766.5,0.8997,64.7,0.8999,12.6,0.9,38.8
1753591970902,04:52:50.902,binance,AERO/USDT:USDT,0.8998,766.5,0.8997,64.7,0.8999,12.6,0.9,38.8
1753591971203,04:52:51.203,binance,AERO/USDT:USDT,0.8998,811.3,0.8997,64.7,0.8999,12.6,0.9,38.8
1753591971464,04:52:51.464,binance,AERO/USDT:USDT,0.8998,811.3,0.8997,64.7,0.8999,12.6,0.9,38.8
1753591971602,04:52:51.602,binance,AERO/USDT:USDT,0.8998,811.3,0.8997,64.7,0.8999,12.6,0.9,38.8
1753591971792,04:52:51.792,binance,AERO/USDT:USDT,0.8998,811.3,0.8997,64.7,0.8999,12.6,0.9,38.8
1753591972102,04:52:52.102,binance,AERO/USDT:USDT,0.8998,811.3,0.8997,64.7,0.8999,12.6,0.9,38.8
1753591972364,04:52:52.364,binance,AERO/USDT:USDT,0.8998,811.3,0.8997,64.7,0.8999,12.6,0.9,38.8
1753591972625,04:52:52.625,binance,AERO/USDT:USDT,0.8998,811.3,0.8997,64.7,0.8999,12.6,0.9,38.8
1753591972730,04:52:52.730,binance,AERO/USDT:USDT,0.8998,811.3,0.8997,64.7,0.8999,12.6,0.9,38.8
1753591972874,04:52:52.874,binance,AERO/USDT:USDT,0.8998,811.3,0.8997,64.7,0.8999,12.6,0.9,38.8
1753591973400,04:52:53.400,binance,AERO/USDT:USDT,0.8998,811.3,0.8997,64.7,0.8999,12.6,0.9,20.4
1753591973780,04:52:53.780,binance,AERO/USDT:USDT,0.8998,811.3,0.8997,64.7,0.8999,12.6,0.9,20.4
1753591974224,04:52:54.224,binance,AERO/USDT:USDT,0.8998,811.3,0.8997,64.7,0.8999,12.6,0.9,20.4
1753591974341,04:52:54.341,binance,AERO/USDT:USDT,0.8998,811.3,0.8997,64.7,0.8999,12.6,0.9,20.4
1753591975608,04:52:55.608,binance,AERO/USDT:USDT,0.8998,811.3,0.8997,64.7,0.8999,12.6,0.9,20.4
1753591975735,04:52:55.735,binance,AERO/USDT:USDT,0.8998,811.3,0.8997,64.7,0.8999,12.6,0.9,20.4
1753591976102,04:52:56.102,binance,AERO/USDT:USDT,0.8998,552.0,0.8997,64.7,0.8999,12.6,0.9,20.4
1753591976531,04:52:56.531,binance,AERO/USDT:USDT,0.8998,552.0,0.8997,64.7,0.8999,12.6,0.9,20.4
1753591976640,04:52:56.640,binance,AERO/USDT:USDT,0.8998,552.0,0.8997,64.7,0.8999,12.6,0.9,20.4
1753591976768,04:52:56.768,binance,AERO/USDT:USDT,0.8998,507.2,0.8997,64.7,0.8999,12.6,0.9,20.4
1753591977469,04:52:57.469,binance,AERO/USDT:USDT,0.8998,507.2,0.8997,64.7,0.8999,12.6,0.9,20.4
1753591977802,04:52:57.802,binance,AERO/USDT:USDT,0.8998,507.2,0.8997,64.7,0.8999,12.6,0.9,20.4
1753591977926,04:52:57.926,binance,AERO/USDT:USDT,0.8998,552.0,0.8997,64.7,0.8999,12.6,0.9,20.4
1753591978173,04:52:58.173,binance,AERO/USDT:USDT,0.8998,811.3,0.8997,64.7,0.8999,12.6,0.9,20.4
1753591978391,04:52:58.391,binance,AERO/USDT:USDT,0.8998,811.3,0.8997,64.7,0.8999,12.6,0.9,20.4
1753591978500,04:52:58.500,binance,AERO/USDT:USDT,0.8998,811.3,0.8997,64.7,0.8999,12.6,0.9,20.4
1753591978902,04:52:58.902,binance,AERO/USDT:USDT,0.8998,811.3,0.8997,64.7,0.8999,12.6,0.9,20.4
1753591979684,04:52:59.684,binance,AERO/USDT:USDT,0.8998,757.7,0.8997,46.3,0.8999,12.6,0.9,20.4
1753591979884,04:52:59.884,binance,AERO/USDT:USDT,0.8999,940.9,0.8998,498.4,0.9,20.4,0.9001,31.0
1753591979987,04:52:59.987,binance,AERO/USDT:USDT,0.8999,940.9,0.8998,498.4,0.9,20.4,0.9001,31.0
1753591980099,04:53:00.099,binance,AERO/USDT:USDT,0.8999,940.9,0.8998,516.8,0.9,20.4,0.9001,31.0
1753591980220,04:53:00.220,binance,AERO/USDT:USDT,0.8998,516.8,0.8997,1172.2,0.9,106.0,0.9001,492.6
1753591980417,04:53:00.417,binance,AERO/USDT:USDT,0.8999,140.1,0.8998,516.8,0.9,12.6,0.9001,66.2
1753591980520,04:53:00.520,binance,AERO/USDT:USDT,0.8999,399.4,0.8998,516.8,0.9,12.6,0.9001,66.2
1753591980706,04:53:00.706,binance,AERO/USDT:USDT,0.8999,417.2,0.8998,516.8,0.9,12.6,0.9001,66.2
1753591980829,04:53:00.829,binance,AERO/USDT:USDT,0.8999,428.3,0.8998,516.8,0.9,12.6,0.9001,66.2
1753591980984,04:53:00.984,binance,AERO/USDT:USDT,0.8999,428.3,0.8998,516.8,0.9,12.6,0.9001,66.2
1753591981301,04:53:01.301,binance,AERO/USDT:USDT,0.8999,428.3,0.8998,516.8,0.9,12.6,0.9001,66.2
1753591981861,04:53:01.861,binance,AERO/USDT:USDT,0.8999,28.9,0.8998,516.8,0.9,106.0,0.9001,492.6
1753591982082,04:53:02.082,binance,AERO/USDT:USDT,0.8999,28.9,0.8998,516.8,0.9,106.0,0.9001,492.6
1753591982220,04:53:02.220,binance,AERO/USDT:USDT,0.8999,28.9,0.8998,516.8,0.9,106.0,0.9001,492.6
1753591982391,04:53:02.391,binance,AERO/USDT:USDT,0.8999,28.9,0.8998,516.8,0.9,106.0,0.9001,492.6
1753591982502,04:53:02.502,binance,AERO/USDT:USDT,0.8999,28.9,0.8998,516.8,0.9,106.0,0.9001,492.6
1753591982750,04:53:02.750,binance,AERO/USDT:USDT,0.8999,28.9,0.8998,516.8,0.9,106.0,0.9001,492.6
1753591982865,04:53:02.865,binance,AERO/USDT:USDT,0.8999,28.9,0.8998,516.8,0.9,106.0,0.9001,492.6
1753591983002,04:53:03.002,binance,AERO/USDT:USDT,0.8999,28.9,0.8998,516.8,0.9,106.0,0.9001,492.6
1753591983146,04:53:03.146,binance,AERO/USDT:USDT,0.8999,28.9,0.8998,516.8,0.9,106.0,0.9001,492.6
1753591983247,04:53:03.247,binance,AERO/USDT:USDT,0.8999,28.9,0.8998,516.8,0.9,106.0,0.9001,492.6
1753591983407,04:53:03.407,binance,AERO/USDT:USDT,0.8999,28.9,0.8998,472.0,0.9,106.0,0.9001,492.6
1753591983619,04:53:03.619,binance,AERO/USDT:USDT,0.8999,28.9,0.8998,45.6,0.9,618.7,0.9001,492.6
1753591983750,04:53:03.750,binance,AERO/USDT:USDT,0.8999,28.9,0.8998,45.6,0.9,618.7,0.9001,492.6
1753591983880,04:53:03.880,binance,AERO/USDT:USDT,0.8999,28.9,0.8998,27.2,0.9,618.7,0.9001,492.6
1753591984030,04:53:04.030,binance,AERO/USDT:USDT,0.8999,28.9,0.8998,27.2,0.9,618.7,0.9001,492.6
1753591984134,04:53:04.134,binance,AERO/USDT:USDT,0.8999,28.9,0.8998,27.2,0.9,618.7,0.9001,492.6
1753591984490,04:53:04.490,binance,AERO/USDT:USDT,0.8999,62.2,0.8998,27.2,0.9,618.7,0.9001,492.6
1753591984604,04:53:04.604,binance,AERO/USDT:USDT,0.8999,62.2,0.8998,27.2,0.9,618.7,0.9001,492.6
1753591984717,04:53:04.717,binance,AERO/USDT:USDT,0.8999,62.2,0.8998,27.2,0.9,618.7,0.9001,492.6
1753591984918,04:53:04.918,binance,AERO/USDT:USDT,0.8999,62.2,0.8998,27.2,0.9,618.7,0.9001,492.6
1753591985907,04:53:05.907,binance,AERO/USDT:USDT,0.8999,62.2,0.8998,27.2,0.9,618.7,0.9001,492.6
1753591986181,04:53:06.181,binance,AERO/USDT:USDT,0.8999,62.2,0.8998,27.2,0.9,618.7,0.9001,492.6
1753591986295,04:53:06.295,binance,AERO/USDT:USDT,0.8999,62.2,0.8998,32.8,0.9,618.7,0.9001,492.6
1753591986673,04:53:06.673,binance,AERO/USDT:USDT,0.8999,62.2,0.8998,32.8,0.9,618.7,0.9001,492.6
1753591987078,04:53:07.078,binance,AERO/USDT:USDT,0.8999,62.2,0.8998,32.8,0.9,618.7,0.9001,492.6
1753591987184,04:53:07.184,binance,AERO/USDT:USDT,0.8999,88.8,0.8998,5.6,0.9,618.7,0.9001,492.6
1753591987316,04:53:07.316,binance,AERO/USDT:USDT,0.8999,88.8,0.8998,5.6,0.9,618.7,0.9001,492.6
1753591987829,04:53:07.829,binance,AERO/USDT:USDT,0.8999,88.8,0.8998,5.6,0.9,618.7,0.9001,492.6
1753591989430,04:53:09.430,binance,AERO/USDT:USDT,0.8999,88.8,0.8998,5.6,0.9,618.7,0.9001,492.6
1753591989586,04:53:09.586,binance,AERO/USDT:USDT,0.8999,88.8,0.8998,5.6,0.9,618.7,0.9001,492.6
1753591989760,04:53:09.760,binance,AERO/USDT:USDT,0.8999,88.8,0.8998,5.6,0.9,618.7,0.9001,492.6
1753591989990,04:53:09.990,binance,AERO/USDT:USDT,0.8999,44.0,0.8998,5.6,0.9,618.7,0.9001,492.6
1753591990373,04:53:10.373,binance,AERO/USDT:USDT,0.8999,44.0,0.8998,5.6,0.9,618.7,0.9001,492.6
1753591990502,04:53:10.502,binance,AERO/USDT:USDT,0.8998,5.6,0.8997,78.0,0.8999,427.0,0.9,532.4
1753591990605,04:53:10.605,binance,AERO/USDT:USDT,0.8998,5.6,0.8997,78.0,0.8999,427.0,0.9,550.8
1753591991050,04:53:11.050,binance,AERO/USDT:USDT,0.8998,5.6,0.8997,78.0,0.8999,427.0,0.9,570.4
1753591991207,04:53:11.207,binance,AERO/USDT:USDT,0.8998,50.4,0.8997,78.0,0.8999,427.0,0.9,570.4
1753591991771,04:53:11.771,binance,AERO/USDT:USDT,0.8998,50.4,0.8997,78.0,0.8999,427.0,0.9,570.4
1753591991897,04:53:11.897,binance,AERO/USDT:USDT,0.8998,50.4,0.8997,78.0,0.8999,513.3,0.9,570.4
1753591992002,04:53:12.002,binance,AERO/USDT:USDT,0.8998,50.4,0.8997,78.0,0.8999,513.3,0.9,570.4
1753591992202,04:53:12.202,binance,AERO/USDT:USDT,0.8998,50.4,0.8997,78.0,0.8999,513.3,0.9,570.4
1753591992416,04:53:12.416,binance,AERO/USDT:USDT,0.8997,42.8,0.8996,75.3,0.8998,646.5,0.8999,427.0
1753591992630,04:53:12.630,binance,AERO/USDT:USDT,0.8996,49.1,0.8995,479.1,0.8997,563.2,0.8998,680.5
1753591992745,04:53:12.745,binance,AERO/USDT:USDT,0.8996,49.1,0.8995,49.4,0.8997,649.5,0.8998,680.5
1753591993171,04:53:13.171,binance,AERO/USDT:USDT,0.8996,49.1,0.8995,49.4,0.8997,649.5,0.8998,680.5
1753591993305,04:53:13.305,binance,AERO/USDT:USDT,0.8996,49.1,0.8995,49.4,0.8997,649.5,0.8998,680.5
1753591993617,04:53:13.617,binance,AERO/USDT:USDT,0.8996,49.1,0.8995,49.4,0.8997,649.5,0.8998,680.5
1753591993767,04:53:13.767,binance,AERO/USDT:USDT,0.8996,49.1,0.8995,49.4,0.8997,649.5,0.8998,680.5
1753591994160,04:53:14.160,binance,AERO/USDT:USDT,0.8996,49.1,0.8995,49.4,0.8997,649.5,0.8998,680.5
1753591994321,04:53:14.321,binance,AERO/USDT:USDT,0.8996,49.1,0.8995,49.4,0.8997,649.5,0.8998,680.5
1753591994544,04:53:14.544,binance,AERO/USDT:USDT,0.8996,49.1,0.8995,49.4,0.8997,649.5,0.8998,680.5
1753591994840,04:53:14.840,binance,AERO/USDT:USDT,0.8996,49.1,0.8995,49.4,0.8997,649.5,0.8998,680.5
1753591995360,04:53:15.360,binance,AERO/USDT:USDT,0.8996,49.1,0.8995,49.4,0.8997,649.5,0.8998,680.5
1753591995501,04:53:15.501,binance,AERO/USDT:USDT,0.8996,49.1,0.8995,49.4,0.8997,649.5,0.8998,707.1
1753591995645,04:53:15.645,binance,AERO/USDT:USDT,0.8996,49.1,0.8995,49.4,0.8997,649.5,0.8998,707.1
1753591995884,04:53:15.884,binance,AERO/USDT:USDT,0.8996,49.1,0.8995,49.4,0.8997,649.5,0.8998,707.1
1753591995989,04:53:15.989,binance,AERO/USDT:USDT,0.8996,49.1,0.8995,49.4,0.8997,649.5,0.8998,707.1
1753591996097,04:53:16.097,binance,AERO/USDT:USDT,0.8996,49.1,0.8995,49.4,0.8997,649.5,0.8998,707.1
1753591996204,04:53:16.204,binance,AERO/USDT:USDT,0.8996,49.1,0.8995,49.4,0.8997,649.5,0.8998,707.1
1753591996339,04:53:16.339,binance,AERO/USDT:USDT,0.8996,49.1,0.8995,49.4,0.8997,649.5,0.8998,707.1
1753591996441,04:53:16.441,binance,AERO/USDT:USDT,0.8996,49.1,0.8995,49.4,0.8997,649.5,0.8998,707.1
1753591996580,04:53:16.580,binance,AERO/USDT:USDT,0.8996,49.1,0.8995,49.4,0.8997,606.7,0.8998,707.1
1753591996736,04:53:16.736,binance,AERO/USDT:USDT,0.8996,49.1,0.8995,49.4,0.8997,606.7,0.8998,1117.1
1753591997560,04:53:17.560,binance,AERO/USDT:USDT,0.8996,49.1,0.8995,49.4,0.8997,606.7,0.8998,1117.1
1753591997928,04:53:17.928,binance,AERO/USDT:USDT,0.8996,49.1,0.8995,49.4,0.8997,606.7,0.8998,1117.1
1753591998053,04:53:18.053,binance,AERO/USDT:USDT,0.8996,49.1,0.8995,49.4,0.8997,606.7,0.8998,1117.1
1753591998156,04:53:18.156,binance,AERO/USDT:USDT,0.8996,49.1,0.8995,49.4,0.8997,606.7,0.8998,1117.1
1753591998702,04:53:18.702,binance,AERO/USDT:USDT,0.8996,49.1,0.8995,49.4,0.8997,606.7,0.8998,1117.1
1753591998968,04:53:18.968,binance,AERO/USDT:USDT,0.8996,49.1,0.8995,49.4,0.8997,520.4,0.8998,1104.3
1753591999415,04:53:19.415,binance,AERO/USDT:USDT,0.8996,49.1,0.8995,49.4,0.8997,520.4,0.8998,1104.3
1753592000059,04:53:20.059,binance,AERO/USDT:USDT,0.8996,66.9,0.8995,49.4,0.8997,520.4,0.8998,1104.3
1753592000161,04:53:20.161,binance,AERO/USDT:USDT,0.8996,66.9,0.8995,49.4,0.8997,520.4,0.8998,1104.3
1753592000502,04:53:20.502,binance,AERO/USDT:USDT,0.8996,66.9,0.8995,49.4,0.8997,520.4,0.8998,1104.3
1753592000661,04:53:20.661,binance,AERO/USDT:USDT,0.8996,66.9,0.8995,49.4,0.8997,520.4,0.8998,1104.3
1753592000787,04:53:20.787,binance,AERO/USDT:USDT,0.8996,66.9,0.8995,49.4,0.8997,520.4,0.8998,1104.3
1753592001102,04:53:21.102,binance,AERO/USDT:USDT,0.8996,66.9,0.8995,49.4,0.8997,520.4,0.8998,1104.3
1753592001517,04:53:21.517,binance,AERO/USDT:USDT,0.8996,66.9,0.8995,49.4,0.8997,520.4,0.8998,1104.3
1753592001765,04:53:21.765,binance,AERO/USDT:USDT,0.8996,133.0,0.8995,459.0,0.8998,551.2,0.8999,444.0
1753592001891,04:53:21.891,binance,AERO/USDT:USDT,0.8996,133.0,0.8995,459.0,0.8998,535.6,0.8999,444.0
1753592002230,04:53:22.230,binance,AERO/USDT:USDT,0.8996,133.0,0.8995,459.0,0.8998,535.6,0.8999,444.0
1753592002380,04:53:22.380,binance,AERO/USDT:USDT,0.8996,133.0,0.8995,459.0,0.8998,535.6,0.8999,444.0
1753592002495,04:53:22.495,binance,AERO/USDT:USDT,0.8996,133.0,0.8995,459.0,0.8998,509.0,0.8999,454.2
1753592002902,04:53:22.902,binance,AERO/USDT:USDT,0.8996,133.0,0.8995,459.0,0.8998,509.0,0.8999,454.2
1753592003130,04:53:23.130,binance,AERO/USDT:USDT,0.8997,5.6,0.8996,83.9,0.8998,509.0,0.8999,454.2
1753592003238,04:53:23.238,binance,AERO/USDT:USDT,0.8997,5.6,0.8996,83.9,0.8998,509.0,0.8999,454.2
1753592003502,04:53:23.502,binance,AERO/USDT:USDT,0.8997,5.6,0.8996,83.9,0.8998,509.0,0.8999,454.2
1753592003733,04:53:23.733,binance,AERO/USDT:USDT,0.8997,5.6,0.8996,83.9,0.8998,509.0,0.8999,454.2
1753592004094,04:53:24.094,binance,AERO/USDT:USDT,0.8997,5.6,0.8996,83.9,0.8998,509.0,0.8999,454.2
1753592004678,04:53:24.678,binance,AERO/USDT:USDT,0.8997,5.6,0.8996,83.9,0.8998,509.0,0.8999,454.2
1753592005115,04:53:25.115,binance,AERO/USDT:USDT,0.8997,11.2,0.8996,83.9,0.8998,509.0,0.8999,454.2
1753592005302,04:53:25.302,binance,AERO/USDT:USDT,0.8997,11.2,0.8996,83.9,0.8998,509.0,0.8999,454.2
1753592005495,04:53:25.495,binance,AERO/USDT:USDT,0.8997,11.2,0.8996,83.9,0.8998,524.3,0.8999,454.2
1753592005861,04:53:25.861,binance,AERO/USDT:USDT,0.8997,11.2,0.8996,83.9,0.8998,524.3,0.8999,454.2
1753592006000,04:53:26.000,binance,AERO/USDT:USDT,0.8997,11.2,0.8996,83.9,0.8998,524.3,0.8999,454.2
1753592006391,04:53:26.391,binance,AERO/USDT:USDT,0.8997,11.2,0.8996,83.9,0.8998,524.3,0.8999,454.2
1753592006524,04:53:26.524,binance,AERO/USDT:USDT,0.8997,11.2,0.8996,83.9,0.8998,524.3,0.8999,454.2
1753592007503,04:53:27.503,binance,AERO/USDT:USDT,0.8997,11.2,0.8996,83.9,0.8998,524.3,0.8999,454.2
1753592008102,04:53:28.102,binance,AERO/USDT:USDT,0.8997,11.2,0.8996,83.9,0.8998,524.3,0.8999,454.2
1753592008702,04:53:28.702,binance,AERO/USDT:USDT,0.8997,21.7,0.8996,83.9,0.8998,524.3,0.8999,454.2
1753592009015,04:53:29.015,binance,AERO/USDT:USDT,0.8997,21.7,0.8996,83.9,0.8998,524.3,0.8999,454.2
1753592009290,04:53:29.290,binance,AERO/USDT:USDT,0.8997,21.7,0.8996,83.9,0.8998,524.3,0.8999,454.2
1753592009402,04:53:29.402,binance,AERO/USDT:USDT,0.8997,21.7,0.8996,83.9,0.8998,524.3,0.8999,454.2
1753592009550,04:53:29.550,binance,AERO/USDT:USDT,0.8997,21.7,0.8996,83.9,0.8998,524.3,0.8999,454.2
1753592009802,04:53:29.802,binance,AERO/USDT:USDT,0.8997,21.7,0.8996,83.9,0.8998,524.3,0.8999,454.2
1753592010108,04:53:30.108,binance,AERO/USDT:USDT,0.8997,21.7,0.8996,83.9,0.8998,524.3,0.8999,454.2
1753592010403,04:53:30.403,binance,AERO/USDT:USDT,0.8997,21.7,0.8996,83.9,0.8998,524.3,0.8999,454.2
1753592010578,04:53:30.578,binance,AERO/USDT:USDT,0.8997,21.7,0.8996,83.9,0.8998,524.3,0.8999,454.2
1753592010701,04:53:30.701,binance,AERO/USDT:USDT,0.8997,21.7,0.8996,83.9,0.8998,524.3,0.8999,454.2
1753592010893,04:53:30.893,binance,AERO/USDT:USDT,0.8997,21.7,0.8996,83.9,0.8998,524.3,0.8999,454.2
1753592011002,04:53:31.002,binance,AERO/USDT:USDT,0.8997,21.7,0.8996,83.9,0.8998,524.3,0.8999,454.2
1753592011602,04:53:31.602,binance,AERO/USDT:USDT,0.8997,21.7,0.8996,83.9,0.8998,524.3,0.8999,454.2
1753592011756,04:53:31.756,binance,AERO/USDT:USDT,0.8997,21.7,0.8996,83.9,0.8998,524.3,0.8999,454.2
1753592012202,04:53:32.202,binance,AERO/USDT:USDT,0.8997,21.7,0.8996,83.9,0.8998,524.3,0.8999,454.2
1753592012802,04:53:32.802,binance,AERO/USDT:USDT,0.8997,21.7,0.8996,83.9,0.8998,524.3,0.8999,454.2
1753592013380,04:53:33.380,binance,AERO/USDT:USDT,0.8997,21.7,0.8996,83.9,0.8998,524.3,0.8999,454.2
1753592013502,04:53:33.502,binance,AERO/USDT:USDT,0.8997,21.7,0.8996,83.9,0.8998,524.3,0.8999,454.2
1753592013816,04:53:33.816,binance,AERO/USDT:USDT,0.8997,21.7,0.8996,83.9,0.8998,524.3,0.8999,454.2
1753592013931,04:53:33.931,binance,AERO/USDT:USDT,0.8997,21.7,0.8996,83.9,0.8998,524.3,0.8999,454.2
1753592014809,04:53:34.809,binance,AERO/USDT:USDT,0.8997,21.7,0.8996,83.9,0.8998,524.3,0.8999,454.2
1753592015331,04:53:35.331,binance,AERO/USDT:USDT,0.8997,21.7,0.8996,83.9,0.8998,524.3,0.8999,444.0
1753592015466,04:53:35.466,binance,AERO/USDT:USDT,0.8997,21.7,0.8996,83.9,0.8998,524.3,0.8999,444.0
1753592015603,04:53:35.603,binance,AERO/USDT:USDT,0.8997,21.7,0.8996,493.6,0.8998,524.3,0.8999,444.0
1753592016161,04:53:36.161,binance,AERO/USDT:USDT,0.8997,99.1,0.8996,493.6,0.8998,424.1,0.8999,444.0
1753592016302,04:53:36.302,binance,AERO/USDT:USDT,0.8997,99.1,0.8996,501.4,0.8998,424.1,0.8999,444.0
1753592017013,04:53:37.013,binance,AERO/USDT:USDT,0.8997,105.0,0.8996,501.4,0.8998,424.1,0.8999,444.0
1753592017202,04:53:37.202,binance,AERO/USDT:USDT,0.8997,105.0,0.8996,501.4,0.8998,424.1,0.8999,444.0
1753592017502,04:53:37.502,binance,AERO/USDT:USDT,0.8997,105.0,0.8996,501.4,0.8998,424.1,0.8999,444.0
1753592017891,04:53:37.891,binance,AERO/USDT:USDT,0.8997,91.0,0.8996,501.4,0.8998,424.1,0.8999,444.0
1753592018081,04:53:38.081,binance,AERO/USDT:USDT,0.8997,27.6,0.8996,501.4,0.8998,424.1,0.8999,444.0
1753592018214,04:53:38.214,binance,AERO/USDT:USDT,0.8997,27.6,0.8996,501.4,0.8998,424.1,0.8999,444.0
1753592018616,04:53:38.616,binance,AERO/USDT:USDT,0.8997,27.6,0.8996,501.4,0.8998,424.1,0.8999,444.0
1753592018982,04:53:38.982,binance,AERO/USDT:USDT,0.8997,1015.4,0.8996,501.4,0.8998,424.1,0.8999,444.0
1753592019190,04:53:39.190,binance,AERO/USDT:USDT,0.8997,1015.4,0.8996,501.4,0.8998,424.1,0.8999,444.0
1753592019300,04:53:39.300,binance,AERO/USDT:USDT,0.8997,1015.4,0.8996,501.4,0.8998,424.1,0.8999,444.0
1753592019703,04:53:39.703,binance,AERO/USDT:USDT,0.8997,1015.4,0.8996,501.4,0.8998,424.1,0.8999,444.0
1753592020079,04:53:40.079,binance,AERO/USDT:USDT,0.8997,1015.4,0.8996,501.4,0.8998,424.1,0.8999,444.0
1753592020302,04:53:40.302,binance,AERO/USDT:USDT,0.8997,1015.4,0.8996,501.4,0.8998,424.1,0.8999,444.0
1753592020479,04:53:40.479,binance,AERO/USDT:USDT,0.8998,175.2,0.8997,1015.4,0.8999,12.6,0.9,957.9
1753592020720,04:53:40.720,binance,AERO/USDT:USDT,0.8998,35.1,0.8997,1021.0,0.8999,12.6,0.9,957.9
1753592021217,04:53:41.217,binance,AERO/USDT:USDT,0.8998,113.1,0.8997,1284.0,0.8999,12.6,0.9,957.9
1753592021536,04:53:41.536,binance,AERO/USDT:USDT,0.8998,424.1,0.8997,1284.0,0.8999,12.6,0.9,513.1
1753592021681,04:53:41.681,binance,AERO/USDT:USDT,0.8998,424.1,0.8997,1284.0,0.8999,12.6,0.9,513.1
1753592021817,04:53:41.817,binance,AERO/USDT:USDT,0.8998,424.1,0.8997,1284.0,0.8999,12.6,0.9,513.1
1753592022202,04:53:42.202,binance,AERO/USDT:USDT,0.8998,424.1,0.8997,1284.0,0.8999,12.6,0.9,513.1
1753592023089,04:53:43.089,binance,AERO/USDT:USDT,0.8998,435.2,0.8997,1284.0,0.8999,12.6,0.9,513.1
1753592023375,04:53:43.375,binance,AERO/USDT:USDT,0.8998,435.2,0.8997,1284.0,0.8999,12.6,0.9,513.1
1753592024002,04:53:44.002,binance,AERO/USDT:USDT,0.8998,435.2,0.8997,1284.0,0.8999,12.6,0.9,513.1
1753592024201,04:53:44.201,binance,AERO/USDT:USDT,0.8998,435.2,0.8997,1284.0,0.8999,12.6,0.9,513.1
1753592024420,04:53:44.420,binance,AERO/USDT:USDT,0.8998,435.2,0.8997,1284.0,0.8999,12.6,0.9,513.1
1753592024581,04:53:44.581,binance,AERO/USDT:USDT,0.8998,435.2,0.8997,1284.0,0.8999,12.6,0.9,513.1
1753592024758,04:53:44.758,binance,AERO/USDT:USDT,0.8998,435.2,0.8997,1284.0,0.8999,12.6,0.9,513.1
1753592024906,04:53:44.906,binance,AERO/USDT:USDT,0.8998,435.2,0.8997,1284.0,0.8999,12.6,0.9,513.1
1753592025102,04:53:45.102,binance,AERO/USDT:USDT,0.8998,435.2,0.8997,1284.0,0.8999,12.6,0.9,513.1
1753592025702,04:53:45.702,binance,AERO/USDT:USDT,0.8998,435.2,0.8997,1284.0,0.8999,12.6,0.9,513.1
1753592026001,04:53:46.001,binance,AERO/USDT:USDT,0.8998,435.2,0.8997,1284.0,0.8999,12.6,0.9,513.1
1753592026302,04:53:46.302,binance,AERO/USDT:USDT,0.8998,441.1,0.8997,1284.0,0.8999,12.6,0.9,513.1
1753592026631,04:53:46.631,binance,AERO/USDT:USDT,0.8998,441.1,0.8997,1284.0,0.8999,12.6,0.9,513.1
1753592026902,04:53:46.902,binance,AERO/USDT:USDT,0.8998,441.1,0.8997,1284.0,0.8999,12.6,0.9,419.7
1753592027007,04:53:47.007,binance,AERO/USDT:USDT,0.8998,441.1,0.8997,1284.0,0.8999,12.6,0.9,419.7
1753592027431,04:53:47.431,binance,AERO/USDT:USDT,0.8998,441.1,0.8997,1284.0,0.8999,12.6,0.9,419.7
1753592027815,04:53:47.815,binance,AERO/USDT:USDT,0.8998,441.1,0.8997,1284.0,0.8999,12.6,0.9,419.7
1753592027990,04:53:47.990,binance,AERO/USDT:USDT,0.8998,441.1,0.8997,1284.0,0.8999,12.6,0.9,419.7
1753592028100,04:53:48.100,binance,AERO/USDT:USDT,0.8999,671.0,0.8998,389.4,0.9,419.7,0.9001,31.0
1753592028216,04:53:48.216,binance,AERO/USDT:USDT,0.8999,574.7,0.8998,69.9,0.9,411.9,0.9001,446.8
1753592028446,04:53:48.446,binance,AERO/USDT:USDT,0.8999,574.7,0.8998,815.5,0.9,411.9,0.9001,446.8
1753592028902,04:53:48.902,binance,AERO/USDT:USDT,0.8999,574.7,0.8998,493.5,0.9,411.9,0.9001,446.8
1753592029431,04:53:49.431,binance,AERO/USDT:USDT,0.8999,574.7,0.8998,815.5,0.9,411.9,0.9001,446.8
1753592030002,04:53:50.002,binance,AERO/USDT:USDT,0.8999,574.7,0.8998,815.5,0.9,411.9,0.9001,446.8
1753592030585,04:53:50.585,binance,AERO/USDT:USDT,0.8999,574.7,0.8998,493.5,0.9,411.9,0.9001,446.8
1753592030687,04:53:50.687,binance,AERO/USDT:USDT,0.8999,574.7,0.8998,493.5,0.9,411.9,0.9001,446.8
1753592030808,04:53:50.808,binance,AERO/USDT:USDT,0.8999,574.7,0.8998,815.5,0.9,411.9,0.9001,446.8
1753592031202,04:53:51.202,binance,AERO/USDT:USDT,0.8999,574.7,0.8998,815.5,0.9,411.9,0.9001,446.8
1753592031556,04:53:51.556,binance,AERO/USDT:USDT,0.8999,574.7,0.8998,815.5,0.9,411.9,0.9001,446.8
1753592031802,04:53:51.802,binance,AERO/USDT:USDT,0.8999,574.7,0.8998,815.5,0.9,411.9,0.9001,446.8
1753592031952,04:53:51.952,binance,AERO/USDT:USDT,0.8999,574.7,0.8998,493.5,0.9,411.9,0.9001,446.8
1753592032160,04:53:52.160,binance,AERO/USDT:USDT,0.8999,574.7,0.8998,493.5,0.9,411.9,0.9001,446.8
1753592032269,04:53:52.269,binance,AERO/USDT:USDT,0.8999,574.7,0.8998,815.5,0.9,411.9,0.9001,31.0
1753592032401,04:53:52.401,binance,AERO/USDT:USDT,0.8999,574.7,0.8998,815.5,0.9,411.9,0.9001,31.0
1753592032588,04:53:52.588,binance,AERO/USDT:USDT,0.8999,574.7,0.8998,815.5,0.9,411.9,0.9001,31.0
1753592032730,04:53:52.730,binance,AERO/USDT:USDT,0.8999,574.7,0.8998,815.5,0.9,411.9,0.9001,31.0
1753592032902,04:53:52.902,binance,AERO/USDT:USDT,0.8999,574.7,0.8998,815.5,0.9,411.9,0.9001,31.0
1753592033016,04:53:53.016,binance,AERO/USDT:USDT,0.8999,574.7,0.8998,815.5,0.9,411.9,0.9001,31.0
1753592033470,04:53:53.470,binance,AERO/USDT:USDT,0.8999,574.7,0.8998,815.5,0.9,411.9,0.9001,31.0
1753592033848,04:53:53.848,binance,AERO/USDT:USDT,0.8999,574.7,0.8998,815.5,0.9,411.9,0.9001,31.0
1753592034602,04:53:54.602,binance,AERO/USDT:USDT,0.8999,574.7,0.8998,815.5,0.9,411.9,0.9001,31.0
1753592034822,04:53:54.822,binance,AERO/USDT:USDT,0.8999,63.4,0.8998,815.5,0.9,411.9,0.9001,31.0
1753592036346,04:53:56.346,binance,AERO/USDT:USDT,0.8999,63.4,0.8998,815.5,0.9,411.9,0.9001,31.0
1753592036501,04:53:56.501,binance,AERO/USDT:USDT,0.8999,63.4,0.8998,815.5,0.9,411.9,0.9001,31.0
1753592037002,04:53:57.002,binance,AERO/USDT:USDT,0.8999,374.4,0.8998,823.3,0.9,411.9,0.9001,31.0
1753592037230,04:53:57.230,binance,AERO/USDT:USDT,0.9,952.7,0.8999,63.4,0.9001,12.6,0.9002,457.5
1753592037405,04:53:57.405,binance,AERO/USDT:USDT,0.9,952.7,0.8999,63.4,0.9001,12.6,0.9002,457.5
1753592037816,04:53:57.816,binance,AERO/USDT:USDT,0.9,952.7,0.8999,63.4,0.9001,12.6,0.9002,457.5
1753592038102,04:53:58.102,binance,AERO/USDT:USDT,0.9,952.7,0.8999,63.4,0.9001,12.6,0.9002,457.5
1753592038290,04:53:58.290,binance,AERO/USDT:USDT,0.9,541.4,0.8999,63.4,0.9001,12.6,0.9002,951.0
1753592038450,04:53:58.450,binance,AERO/USDT:USDT,0.9,541.4,0.8999,474.7,0.9001,12.6,0.9002,951.0
1753592038702,04:53:58.702,binance,AERO/USDT:USDT,0.9,541.4,0.8999,474.7,0.9001,12.6,0.9002,951.0
1753592038847,04:53:58.847,binance,AERO/USDT:USDT,0.9,541.4,0.8999,474.7,0.9001,12.6,0.9002,951.0
1753592039177,04:53:59.177,binance,AERO/USDT:USDT,0.9,541.4,0.8999,474.7,0.9001,12.6,0.9002,951.0
1753592039280,04:53:59.280,binance,AERO/USDT:USDT,0.9,541.4,0.8999,474.7,0.9001,12.6,0.9002,951.0
1753592039541,04:53:59.541,binance,AERO/USDT:USDT,0.9,541.4,0.8999,474.7,0.9001,12.6,0.9002,951.0
1753592039800,04:53:59.800,binance,AERO/USDT:USDT,0.9,541.4,0.8999,474.7,0.9001,12.6,0.9002,951.0
1753592040133,04:54:00.133,binance,AERO/USDT:USDT,0.9,541.4,0.8999,474.7,0.9001,12.6,0.9002,951.0
1753592040391,04:54:00.391,binance,AERO/USDT:USDT,0.9,541.4,0.8999,474.7,0.9001,12.6,0.9002,951.0
1753592040501,04:54:00.501,binance,AERO/USDT:USDT,0.9,541.4,0.8999,474.7,0.9001,12.6,0.9002,951.0
1753592041000,04:54:01.000,binance,AERO/USDT:USDT,0.9,541.4,0.8999,474.7,0.9001,12.6,0.9002,951.0
1753592041209,04:54:01.209,binance,AERO/USDT:USDT,0.9,559.2,0.8999,474.7,0.9001,12.6,0.9002,951.0
1753592041824,04:54:01.824,binance,AERO/USDT:USDT,0.9,559.2,0.8999,474.7,0.9001,12.6,0.9002,951.0
1753592042106,04:54:02.106,binance,AERO/USDT:USDT,0.9,559.2,0.8999,474.7,0.9001,12.6,0.9002,951.0
1753592042256,04:54:02.256,binance,AERO/USDT:USDT,0.9,559.2,0.8999,474.7,0.9001,12.6,0.9002,951.0
1753592042616,04:54:02.616,binance,AERO/USDT:USDT,0.9,559.2,0.8999,474.7,0.9001,12.6,0.9002,951.0
1753592042802,04:54:02.802,binance,AERO/USDT:USDT,0.9,559.2,0.8999,474.7,0.9001,12.6,0.9002,951.0
1753592043020,04:54:03.020,binance,AERO/USDT:USDT,0.9,559.2,0.8999,474.7,0.9001,12.6,0.9002,951.0
1753592043330,04:54:03.330,binance,AERO/USDT:USDT,0.9,570.3,0.8999,474.7,0.9001,12.6,0.9002,951.0
1753592043437,04:54:03.437,binance,AERO/USDT:USDT,0.9,570.3,0.8999,474.7,0.9001,12.6,0.9002,951.0
1753592043718,04:54:03.718,binance,AERO/USDT:USDT,0.9,570.3,0.8999,474.7,0.9001,12.6,0.9002,951.0
1753592044134,04:54:04.134,binance,AERO/USDT:USDT,0.9,570.3,0.8999,474.7,0.9001,12.6,0.9002,951.0
1753592044292,04:54:04.292,binance,AERO/USDT:USDT,0.9,570.3,0.8999,474.7,0.9001,12.6,0.9002,951.0
1753592044401,04:54:04.401,binance,AERO/USDT:USDT,0.9,570.3,0.8999,474.7,0.9001,12.6,0.9002,951.0
1753592044574,04:54:04.574,binance,AERO/USDT:USDT,0.9,570.3,0.8999,474.7,0.9001,122.7,0.9002,951.0
1753592044882,04:54:04.882,binance,AERO/USDT:USDT,0.9,570.3,0.8999,474.7,0.9001,122.7,0.9002,951.0
1753592044990,04:54:04.990,binance,AERO/USDT:USDT,0.9,570.3,0.8999,474.7,0.9001,122.7,0.9002,951.0
1753592045100,04:54:05.100,binance,AERO/USDT:USDT,0.9,570.3,0.8999,474.7,0.9001,122.7,0.9002,951.0
1753592045252,04:54:05.252,binance,AERO/USDT:USDT,0.9,570.3,0.8999,474.7,0.9001,122.7,0.9002,951.0
1753592046100,04:54:06.100,binance,AERO/USDT:USDT,0.9,570.3,0.8999,474.7,0.9001,122.7,0.9002,951.0
1753592046631,04:54:06.631,binance,AERO/USDT:USDT,0.9,570.3,0.8999,474.7,0.9001,122.7,0.9002,951.0
1753592046866,04:54:06.866,binance,AERO/USDT:USDT,0.9,570.3,0.8999,474.7,0.9001,122.7,0.9002,951.0
1753592047416,04:54:07.416,binance,AERO/USDT:USDT,0.9,570.3,0.8999,474.7,0.9001,122.7,0.9002,951.0
1753592047761,04:54:07.761,binance,AERO/USDT:USDT,0.9,570.3,0.8999,474.7,0.9001,122.7,0.9002,951.0
1753592047902,04:54:07.902,binance,AERO/USDT:USDT,0.9,570.3,0.8999,474.7,0.9001,122.7,0.9002,951.0
1753592048118,04:54:08.118,binance,AERO/USDT:USDT,0.9,625.0,0.8999,474.7,0.9001,122.7,0.9002,951.0
1753592048300,04:54:08.300,binance,AERO/USDT:USDT,0.9,625.0,0.8999,474.7,0.9001,122.7,0.9002,951.0
1753592048641,04:54:08.641,binance,AERO/USDT:USDT,0.9,625.0,0.8999,474.7,0.9001,122.7,0.9002,951.0
1753592048934,04:54:08.934,binance,AERO/USDT:USDT,0.9,625.0,0.8999,474.7,0.9001,122.7,0.9002,951.0
1753592049254,04:54:09.254,binance,AERO/USDT:USDT,0.9,625.0,0.8999,474.7,0.9001,122.7,0.9002,951.0
1753592049400,04:54:09.400,binance,AERO/USDT:USDT,0.9,625.0,0.8999,474.7,0.9001,122.7,0.9002,951.0
1753592049502,04:54:09.502,binance,AERO/USDT:USDT,0.9,625.0,0.8999,474.7,0.9001,128.6,0.9002,951.0
1753592049981,04:54:09.981,binance,AERO/USDT:USDT,0.9,625.0,0.8999,474.7,0.9001,128.6,0.9002,532.3
1753592050091,04:54:10.091,binance,AERO/USDT:USDT,0.9,625.0,0.8999,474.7,0.9002,532.3,0.9003,616.3
1753592050195,04:54:10.195,binance,AERO/USDT:USDT,0.9002,710.3,0.9001,491.6,0.9003,106.0,0.9004,483.0
1753592050300,04:54:10.300,binance,AERO/USDT:USDT,0.9002,710.3,0.9001,491.6,0.9003,106.0,0.9004,57.2
1753592050405,04:54:10.405,binance,AERO/USDT:USDT,0.9002,710.3,0.9001,689.6,0.9003,106.0,0.9004,57.2
1753592050524,04:54:10.524,binance,AERO/USDT:USDT,0.9002,969.6,0.9001,689.6,0.9003,12.6,0.9004,57.2
1753592050767,04:54:10.767,binance,AERO/USDT:USDT,0.9004,35.0,0.9003,681.3,0.9006,93.4,0.9007,49.0
1753592050869,04:54:10.869,binance,AERO/USDT:USDT,0.9004,371.2,0.9003,253.1,0.9005,442.2,0.9006,527.2
1753592050972,04:54:10.972,binance,AERO/USDT:USDT,0.9004,371.2,0.9003,253.1,0.9005,442.2,0.9006,99.0
1753592051074,04:54:11.074,binance,AERO/USDT:USDT,0.9003,78.6,0.9002,446.6,0.9004,38.7,0.9005,527.6
1753592051180,04:54:11.180,binance,AERO/USDT:USDT,0.9003,60.2,0.9002,18.4,0.9004,466.9,0.9005,527.6
1753592051554,04:54:11.554,binance,AERO/USDT:USDT,0.9002,18.4,0.9001,802.0,0.9004,466.9,0.9005,546.0
1753592051657,04:54:11.657,binance,AERO/USDT:USDT,0.9002,18.4,0.9001,802.0,0.9004,466.9,0.9005,546.0
1753592051802,04:54:11.802,binance,AERO/USDT:USDT,0.9002,18.4,0.9001,802.0,0.9004,466.9,0.9005,546.0
1753592051905,04:54:11.905,binance,AERO/USDT:USDT,0.9002,18.4,0.9001,802.0,0.9004,466.9,0.9005,546.0
1753592052011,04:54:12.011,binance,AERO/USDT:USDT,0.9002,18.4,0.9001,802.0,0.9004,466.9,0.9005,546.0
1753592052217,04:54:12.217,binance,AERO/USDT:USDT,0.9002,18.4,0.9001,802.0,0.9004,466.9,0.9005,546.0
1753592052403,04:54:12.403,binance,AERO/USDT:USDT,0.9002,18.4,0.9001,802.0,0.9004,466.9,0.9005,546.0
1753592052639,04:54:12.639,binance,AERO/USDT:USDT,0.9002,18.4,0.9001,802.0,0.9004,466.9,0.9005,546.0
1753592052845,04:54:12.845,binance,AERO/USDT:USDT,0.9002,18.4,0.9001,802.0,0.9004,477.1,0.9005,546.0
1753592052948,04:54:12.948,binance,AERO/USDT:USDT,0.9002,18.4,0.9001,802.0,0.9004,477.1,0.9005,546.0
1753592053105,04:54:13.105,binance,AERO/USDT:USDT,0.9002,18.4,0.9001,802.0,0.9004,477.1,0.9005,546.0
1753592053255,04:54:13.255,binance,AERO/USDT:USDT,0.9002,18.4,0.9001,802.0,0.9004,477.1,0.9005,546.0
1753592053502,04:54:13.502,binance,AERO/USDT:USDT,0.9002,18.4,0.9001,802.0,0.9004,477.1,0.9005,546.0
1753592054102,04:54:14.102,binance,AERO/USDT:USDT,0.9002,18.4,0.9001,802.0,0.9004,477.1,0.9005,546.0
1753592054209,04:54:14.209,binance,AERO/USDT:USDT,0.9002,18.4,0.9001,802.0,0.9004,477.1,0.9005,546.0
1753592054702,04:54:14.702,binance,AERO/USDT:USDT,0.9002,18.4,0.9001,802.0,0.9004,477.1,0.9005,546.0
1753592054808,04:54:14.808,binance,AERO/USDT:USDT,0.9002,18.4,0.9001,802.0,0.9004,477.1,0.9005,546.0
1753592055255,04:54:15.255,binance,AERO/USDT:USDT,0.9002,18.4,0.9001,802.0,0.9004,477.1,0.9005,546.0
1753592055358,04:54:15.358,binance,AERO/USDT:USDT,0.9002,18.4,0.9001,802.0,0.9004,477.1,0.9005,546.0
1753592056391,04:54:16.391,binance,AERO/USDT:USDT,0.9002,18.4,0.9001,802.0,0.9004,477.1,0.9005,546.0
1753592057015,04:54:17.015,binance,AERO/USDT:USDT,0.9003,93.4,0.9002,446.6,0.9004,10.2,0.9005,546.0
1753592057116,04:54:17.116,binance,AERO/USDT:USDT,0.9003,93.4,0.9002,446.6,0.9004,10.2,0.9005,452.2
1753592057232,04:54:17.232,binance,AERO/USDT:USDT,0.9003,93.4,0.9002,446.6,0.9004,10.2,0.9005,452.2
1753592057339,04:54:17.339,binance,AERO/USDT:USDT,0.9003,93.4,0.9002,724.5,0.9004,10.2,0.9005,452.2
1753592057692,04:54:17.692,binance,AERO/USDT:USDT,0.9003,93.4,0.9002,983.6,0.9004,10.2,0.9005,452.2
1753592057800,04:54:17.800,binance,AERO/USDT:USDT,0.9003,93.4,0.9002,983.6,0.9004,10.2,0.9005,452.2
1753592057990,04:54:17.990,binance,AERO/USDT:USDT,0.9003,93.4,0.9002,983.6,0.9004,10.2,0.9005,452.2
1753592058374,04:54:18.374,binance,AERO/USDT:USDT,0.9003,93.4,0.9002,983.6,0.9004,16.1,0.9005,452.2
1753592059207,04:54:19.207,binance,AERO/USDT:USDT,0.9003,93.4,0.9002,983.6,0.9004,16.1,0.9005,452.2
1753592059312,04:54:19.312,binance,AERO/USDT:USDT,0.9003,93.4,0.9002,983.6,0.9004,16.1,0.9005,452.2
1753592059641,04:54:19.641,binance,AERO/USDT:USDT,0.9003,93.4,0.9002,983.6,0.9004,16.1,0.9005,452.2
1753592059773,04:54:19.773,binance,AERO/USDT:USDT,0.9003,93.4,0.9002,724.5,0.9004,16.1,0.9005,452.2
1753592060572,04:54:20.572,binance,AERO/USDT:USDT,0.9003,93.4,0.9002,983.6,0.9004,16.1,0.9005,452.2
1753592060760,04:54:20.760,binance,AERO/USDT:USDT,0.9003,93.4,0.9002,983.6,0.9004,16.1,0.9005,452.2
1753592061257,04:54:21.257,binance,AERO/USDT:USDT,0.9003,111.2,0.9002,989.2,0.9004,16.1,0.9005,452.2
1753592061364,04:54:21.364,binance,AERO/USDT:USDT,0.9003,111.2,0.9002,989.2,0.9004,16.1,0.9005,452.2
1753592061817,04:54:21.817,binance,AERO/USDT:USDT,0.9003,111.2,0.9002,989.2,0.9004,16.1,0.9005,452.2
1753592062130,04:54:22.130,binance,AERO/USDT:USDT,0.9003,111.2,0.9002,989.2,0.9004,16.1,0.9005,452.2
1753592062380,04:54:22.380,binance,AERO/USDT:USDT,0.9003,111.2,0.9002,989.2,0.9004,16.1,0.9005,452.2
1753592062972,04:54:22.972,binance,AERO/USDT:USDT,0.9003,111.2,0.9002,283.1,0.9004,440.3,0.9005,452.2
1753592063074,04:54:23.074,binance,AERO/USDT:USDT,0.9003,17.8,0.9002,24.0,0.9004,440.3,0.9005,452.2
1753592063181,04:54:23.181,binance,AERO/USDT:USDT,0.9003,17.8,0.9002,5.6,0.9004,440.3,0.9005,452.2
1753592063298,04:54:23.298,binance,AERO/USDT:USDT,0.9003,17.8,0.9002,5.6,0.9004,440.3,0.9005,597.5
1753592064002,04:54:24.002,binance,AERO/USDT:USDT,0.9003,28.9,0.9002,5.6,0.9004,440.3,0.9005,579.1
1753592064215,04:54:24.215,binance,AERO/USDT:USDT,0.9003,122.3,0.9002,5.6,0.9004,440.3,0.9005,452.2
1753592064473,04:54:24.473,binance,AERO/USDT:USDT,0.9003,122.3,0.9002,5.6,0.9004,440.3,0.9005,452.2
1753592064602,04:54:24.602,binance,AERO/USDT:USDT,0.9003,122.3,0.9002,5.6,0.9004,440.3,0.9005,452.2
1753592064768,04:54:24.768,binance,AERO/USDT:USDT,0.9003,122.3,0.9002,5.6,0.9004,440.3,0.9005,452.2
1753592065220,04:54:25.220,binance,AERO/USDT:USDT,0.9003,122.3,0.9002,5.6,0.9004,440.3,0.9005,452.2
1753592065455,04:54:25.455,binance,AERO/USDT:USDT,0.9003,122.3,0.9002,429.8,0.9004,440.3,0.9005,452.2
1753592065583,04:54:25.583,binance,AERO/USDT:USDT,0.9003,122.3,0.9002,688.9,0.9004,16.1,0.9005,452.2
1753592066196,04:54:26.196,binance,AERO/USDT:USDT,0.9003,381.6,0.9002,688.9,0.9004,16.1,0.9005,452.2
1753592066302,04:54:26.302,binance,AERO/USDT:USDT,0.9003,381.6,0.9002,688.9,0.9004,16.1,0.9005,452.2
1753592066525,04:54:26.525,binance,AERO/USDT:USDT,0.9004,494.7,0.9003,316.0,0.9005,5.6,0.9006,31.8
1753592066630,04:54:26.630,binance,AERO/USDT:USDT,0.9004,494.7,0.9003,316.0,0.9005,5.6,0.9006,31.8
1753592066807,04:54:26.807,binance,AERO/USDT:USDT,0.9004,494.7,0.9003,316.0,0.9005,5.6,0.9006,31.8
1753592067002,04:54:27.002,binance,AERO/USDT:USDT,0.9004,494.7,0.9003,316.0,0.9005,5.6,0.9006,31.8
1753592067104,04:54:27.104,binance,AERO/USDT:USDT,0.9004,494.7,0.9003,316.0,0.9005,5.6,0.9006,31.8
1753592067238,04:54:27.238,binance,AERO/USDT:USDT,0.9004,494.7,0.9003,316.0,0.9005,5.6,0.9006,31.8
1753592067602,04:54:27.602,binance,AERO/USDT:USDT,0.9004,494.7,0.9003,316.0,0.9005,5.6,0.9006,31.8
1753592068101,04:54:28.101,binance,AERO/USDT:USDT,0.9004,443.0,0.9003,316.0,0.9005,5.6,0.9006,31.8
1753592068206,04:54:28.206,binance,AERO/USDT:USDT,0.9004,443.0,0.9003,316.0,0.9005,5.6,0.9006,31.8
1753592068310,04:54:28.310,binance,AERO/USDT:USDT,0.9004,93.4,0.9003,148.5,0.9005,429.8,0.9006,31.8
1753592068670,04:54:28.670,binance,AERO/USDT:USDT,0.9004,93.4,0.9003,148.5,0.9005,429.8,0.9006,31.8
1753592069202,04:54:29.202,binance,AERO/USDT:USDT,0.9004,93.4,0.9003,148.5,0.9005,429.8,0.9006,31.8
1753592069395,04:54:29.395,binance,AERO/USDT:USDT,0.9004,93.4,0.9003,148.5,0.9005,372.8,0.9006,31.8
1753592069720,04:54:29.720,binance,AERO/USDT:USDT,0.9004,93.4,0.9003,148.5,0.9005,372.8,0.9006,31.8
1753592070157,04:54:30.157,binance,AERO/USDT:USDT,0.9002,264.7,0.9001,1616.1,0.9005,372.8,0.9006,204.5
1753592070260,04:54:30.260,binance,AERO/USDT:USDT,0.9002,145.7,0.9001,515.6,0.9004,93.4,0.9005,396.8
1753592070451,04:54:30.451,binance,AERO/USDT:USDT,0.9002,456.7,0.9001,515.6,0.9005,378.4,0.9006,299.3
1753592070589,04:54:30.589,binance,AERO/USDT:USDT,0.9002,456.7,0.9001,515.6,0.9005,378.4,0.9006,299.3
1753592070712,04:54:30.712,binance,AERO/USDT:USDT,0.9003,93.4,0.9002,439.8,0.9005,378.4,0.9006,299.3
1753592070826,04:54:30.826,binance,AERO/USDT:USDT,0.9003,93.4,0.9002,439.8,0.9005,378.4,0.9006,299.3
1753592070930,04:54:30.930,binance,AERO/USDT:USDT,0.9003,93.4,0.9002,439.8,0.9005,378.4,0.9006,299.3
1753592071120,04:54:31.120,binance,AERO/USDT:USDT,0.9003,93.4,0.9002,439.8,0.9005,378.4,0.9006,299.3
1753592071223,04:54:31.223,binance,AERO/USDT:USDT,0.9003,93.4,0.9002,439.8,0.9005,378.4,0.9006,299.3
1753592071784,04:54:31.784,binance,AERO/USDT:USDT,0.9003,93.4,0.9002,439.8,0.9005,378.4,0.9006,66.8
1753592072002,04:54:32.002,binance,AERO/USDT:USDT,0.9003,93.4,0.9002,439.8,0.9005,378.4,0.9006,66.8
1753592073018,04:54:33.018,binance,AERO/USDT:USDT,0.9003,93.4,0.9002,197.4,0.9005,378.4,0.9006,294.9
1753592073201,04:54:33.201,binance,AERO/USDT:USDT,0.9002,197.4,0.9001,693.8,0.9005,378.4,0.9006,294.9
1753592073314,04:54:33.314,binance,AERO/USDT:USDT,0.9002,197.4,0.9001,693.8,0.9005,378.4,0.9006,294.9
1753592073602,04:54:33.602,binance,AERO/USDT:USDT,0.9002,197.4,0.9001,693.8,0.9005,378.4,0.9006,294.9
1753592074202,04:54:34.202,binance,AERO/USDT:USDT,0.9002,197.4,0.9001,693.8,0.9005,378.4,0.9006,294.9
1753592074648,04:54:34.648,binance,AERO/USDT:USDT,0.9002,5.6,0.9001,459.2,0.9003,93.4,0.9004,425.6
1753592074751,04:54:34.751,binance,AERO/USDT:USDT,0.9002,5.6,0.9001,459.2,0.9003,93.4,0.9004,431.2
1753592074884,04:54:34.884,binance,AERO/USDT:USDT,0.9002,5.6,0.9001,459.2,0.9004,431.2,0.9005,396.8
1753592075205,04:54:35.205,binance,AERO/USDT:USDT,0.9002,5.6,0.9001,459.2,0.9004,431.2,0.9005,396.8
1753592075308,04:54:35.308,binance,AERO/USDT:USDT,0.9002,16.2,0.9001,689.7,0.9004,431.2,0.9005,396.8
1753592075880,04:54:35.880,binance,AERO/USDT:USDT,0.9002,16.2,0.9001,689.7,0.9004,431.2,0.9005,396.8
1753592076002,04:54:36.002,binance,AERO/USDT:USDT,0.9002,16.2,0.9001,689.7,0.9004,431.2,0.9005,396.8
1753592076217,04:54:36.217,binance,AERO/USDT:USDT,0.9002,16.2,0.9001,689.7,0.9004,431.2,0.9005,396.8
1753592076502,04:54:36.502,binance,AERO/USDT:USDT,0.9002,16.2,0.9001,689.7,0.9004,431.2,0.9005,396.8
1753592076635,04:54:36.635,binance,AERO/USDT:USDT,0.9001,31.0,0.9,784.9,0.9002,77.2,0.9003,605.3
1753592076745,04:54:36.745,binance,AERO/USDT:USDT,0.9001,31.0,0.9,356.7,0.9002,656.9,0.9003,519.0
1753592076853,04:54:36.853,binance,AERO/USDT:USDT,0.9001,12.6,0.9,38.8,0.9002,656.9,0.9003,519.0
1753592076954,04:54:36.954,binance,AERO/USDT:USDT,0.9001,12.6,0.9,38.8,0.9002,743.2,0.9003,519.0
1753592077261,04:54:37.261,binance,AERO/USDT:USDT,0.9001,12.6,0.9,38.8,0.9002,743.2,0.9003,519.0
1753592077502,04:54:37.502,binance,AERO/USDT:USDT,0.9001,12.6,0.9,38.8,0.9002,743.2,0.9003,519.0
1753592077678,04:54:37.678,binance,AERO/USDT:USDT,0.9001,12.6,0.9,38.8,0.9002,743.2,0.9003,519.0
1753592077844,04:54:37.844,binance,AERO/USDT:USDT,0.9001,12.6,0.9,38.8,0.9002,743.2,0.9003,519.0
1753592078102,04:54:38.102,binance,AERO/USDT:USDT,0.9001,12.6,0.9,38.8,0.9002,743.2,0.9003,519.0
1753592078702,04:54:38.702,binance,AERO/USDT:USDT,0.9001,12.6,0.9,38.8,0.9002,743.2,0.9003,519.0
1753592079078,04:54:39.078,binance,AERO/USDT:USDT,0.9001,12.6,0.9,38.8,0.9002,743.2,0.9003,519.0
1753592079261,04:54:39.261,binance,AERO/USDT:USDT,0.9001,12.6,0.9,38.8,0.9002,743.2,0.9003,519.0
1753592079390,04:54:39.390,binance,AERO/USDT:USDT,0.9001,12.6,0.9,38.8,0.9002,743.2,0.9003,519.0
1753592079821,04:54:39.821,binance,AERO/USDT:USDT,0.9001,12.6,0.9,38.8,0.9002,743.2,0.9003,519.0
1753592080002,04:54:40.002,binance,AERO/USDT:USDT,0.9001,12.6,0.9,38.8,0.9002,743.2,0.9003,519.0
1753592080402,04:54:40.402,binance,AERO/USDT:USDT,0.9001,12.6,0.9,38.8,0.9002,743.2,0.9003,519.0
1753592081002,04:54:41.002,binance,AERO/USDT:USDT,0.9001,12.6,0.9,38.8,0.9002,743.2,0.9003,519.0
1753592081262,04:54:41.262,binance,AERO/USDT:USDT,0.9001,12.6,0.9,38.8,0.9002,743.2,0.9003,519.0
1753592081602,04:54:41.602,binance,AERO/USDT:USDT,0.9001,12.6,0.9,38.8,0.9002,743.2,0.9003,519.0
1753592081923,04:54:41.923,binance,AERO/USDT:USDT,0.9,26.3,0.8999,49.4,0.9001,498.6,0.9002,656.9
1753592082028,04:54:42.028,binance,AERO/USDT:USDT,0.9,4.5,0.8999,49.4,0.9001,498.6,0.9002,661.3
1753592082142,04:54:42.142,binance,AERO/USDT:USDT,0.9,4.5,0.8999,49.4,0.9001,498.6,0.9002,661.3
1753592082404,04:54:42.404,binance,AERO/USDT:USDT,0.8999,49.4,0.8998,801.5,0.9,247.5,0.9001,412.3
1753592082507,04:54:42.507,binance,AERO/USDT:USDT,0.8999,12.6,0.8998,801.5,0.9,333.8,0.9001,430.7
1753592082642,04:54:42.642,binance,AERO/USDT:USDT,0.8999,12.6,0.8998,385.7,0.9,333.8,0.9001,430.7
1753592082746,04:54:42.746,binance,AERO/USDT:USDT,0.8999,12.6,0.8998,385.7,0.9,333.8,0.9001,430.7
1753592082856,04:54:42.856,binance,AERO/USDT:USDT,0.8999,12.6,0.8998,45.3,0.9,333.8,0.9001,430.7
1753592082966,04:54:42.966,binance,AERO/USDT:USDT,0.8999,12.6,0.8998,365.7,0.9,333.8,0.9001,430.7
1753592083202,04:54:43.202,binance,AERO/USDT:USDT,0.8999,12.6,0.8998,365.7,0.9,333.8,0.9001,430.7
1753592083305,04:54:43.305,binance,AERO/USDT:USDT,0.8999,12.6,0.8998,365.7,0.9,333.8,0.9001,430.7
1753592083909,04:54:43.909,binance,AERO/USDT:USDT,0.8999,12.6,0.8998,365.7,0.9,333.8,0.9001,430.7
1753592084084,04:54:44.084,binance,AERO/USDT:USDT,0.8999,12.6,0.8998,365.7,0.9,333.8,0.9001,430.7
1753592084217,04:54:44.217,binance,AERO/USDT:USDT,0.8999,12.6,0.8998,45.3,0.9,333.8,0.9001,430.7
1753592084323,04:54:44.323,binance,AERO/USDT:USDT,0.8999,12.6,0.8998,365.7,0.9,333.8,0.9001,430.7
1753592084477,04:54:44.477,binance,AERO/USDT:USDT,0.8999,12.6,0.8998,365.7,0.9,333.8,0.9001,430.7
1753592084911,04:54:44.911,binance,AERO/USDT:USDT,0.8999,12.6,0.8998,365.7,0.9,333.8,0.9001,430.7
1753592085102,04:54:45.102,binance,AERO/USDT:USDT,0.8999,12.6,0.8998,365.7,0.9,333.8,0.9001,430.7
1753592085263,04:54:45.263,binance,AERO/USDT:USDT,0.8999,12.6,0.8998,365.7,0.9,333.8,0.9001,430.7
1753592085402,04:54:45.402,binance,AERO/USDT:USDT,0.8999,12.6,0.8998,365.7,0.9,333.8,0.9001,430.7
1753592085817,04:54:45.817,binance,AERO/USDT:USDT,0.8999,12.6,0.8998,365.7,0.9,333.8,0.9001,430.7
1753592085963,04:54:45.963,binance,AERO/USDT:USDT,0.8999,12.6,0.8998,365.7,0.9,333.8,0.9001,430.7
1753592086212,04:54:46.212,binance,AERO/USDT:USDT,0.8999,424.9,0.8998,973.5,0.9001,412.3,0.9002,521.2
1753592086313,04:54:46.313,binance,AERO/USDT:USDT,0.8999,424.9,0.8998,573.5,0.9001,412.3,0.9002,521.2
1753592086414,04:54:46.414,binance,AERO/USDT:USDT,0.8999,424.9,0.8998,591.9,0.9001,412.3,0.9002,521.2
1753592086885,04:54:46.885,binance,AERO/USDT:USDT,0.8999,424.9,0.8998,591.9,0.9001,412.3,0.9002,521.2
1753592086991,04:54:46.991,binance,AERO/USDT:USDT,0.8999,424.9,0.8998,591.9,0.9001,412.3,0.9002,521.2
1753592087262,04:54:47.262,binance,AERO/USDT:USDT,0.9,426.3,0.8999,443.3,0.9002,77.2,0.9003,890.9
1753592087364,04:54:47.364,binance,AERO/USDT:USDT,0.9,426.3,0.8999,443.3,0.9002,77.2,0.9003,890.9
1753592087465,04:54:47.465,binance,AERO/USDT:USDT,0.9,426.3,0.8999,443.3,0.9002,77.2,0.9003,890.9
1753592087805,04:54:47.805,binance,AERO/USDT:USDT,0.9,426.3,0.8999,443.3,0.9002,77.2,0.9003,890.9
1753592088217,04:54:48.217,binance,AERO/USDT:USDT,0.9,426.3,0.8999,666.1,0.9002,77.2,0.9003,890.9
1753592088478,04:54:48.478,binance,AERO/USDT:USDT,0.9,426.3,0.8999,666.1,0.9002,77.2,0.9003,890.9
1753592088904,04:54:48.904,binance,AERO/USDT:USDT,0.9,412.3,0.8999,666.1,0.9002,77.2,0.9003,890.9
1753592089264,04:54:49.264,binance,AERO/USDT:USDT,0.9,412.3,0.8999,666.1,0.9002,77.2,0.9003,890.9
1753592090073,04:54:50.073,binance,AERO/USDT:USDT,0.9,412.3,0.8999,666.1,0.9002,77.2,0.9003,890.9
1753592090176,04:54:50.176,binance,AERO/USDT:USDT,0.9,412.3,0.8999,666.1,0.9002,77.2,0.9003,890.9
1753592090302,04:54:50.302,binance,AERO/USDT:USDT,0.9,412.3,0.8999,666.1,0.9002,77.2,0.9003,890.9
1753592090479,04:54:50.479,binance,AERO/USDT:USDT,0.9,412.3,0.8999,666.1,0.9002,77.2,0.9003,890.9
1753592090617,04:54:50.617,binance,AERO/USDT:USDT,0.9,412.3,0.8999,666.1,0.9002,77.2,0.9003,890.9
1753592090780,04:54:50.780,binance,AERO/USDT:USDT,0.9,412.3,0.8999,666.1,0.9002,77.2,0.9003,890.9
1753592091056,04:54:51.056,binance,AERO/USDT:USDT,0.9,412.3,0.8999,666.1,0.9002,77.2,0.9003,890.9
1753592091168,04:54:51.168,binance,AERO/USDT:USDT,0.8999,666.1,0.8998,1485.4,0.9002,493.8,0.9003,890.9
1753592091315,04:54:51.315,binance,AERO/USDT:USDT,0.8999,666.1,0.8998,1485.4,0.9002,493.8,0.9003,890.9
1753592091702,04:54:51.702,binance,AERO/USDT:USDT,0.8999,666.1,0.8998,1485.4,0.9002,493.8,0.9003,890.9
1753592092303,04:54:52.303,binance,AERO/USDT:USDT,0.9,93.4,0.8999,666.1,0.9002,493.8,0.9003,890.9
1753592092480,04:54:52.480,binance,AERO/USDT:USDT,0.9,93.4,0.8999,666.1,0.9002,493.8,0.9003,890.9
1753592092860,04:54:52.860,binance,AERO/USDT:USDT,0.9,93.4,0.8999,666.1,0.9002,493.8,0.9003,890.9
1753592093264,04:54:53.264,binance,AERO/USDT:USDT,0.9,93.4,0.8999,666.1,0.9002,493.8,0.9003,890.9
1753592093622,04:54:53.622,binance,AERO/USDT:USDT,0.9,93.4,0.8999,666.1,0.9002,493.8,0.9003,890.9
1753592093982,04:54:53.982,binance,AERO/USDT:USDT,0.8999,31.0,0.8998,521.8,0.9001,657.0,0.9002,493.8
1753592094083,04:54:54.083,binance,AERO/USDT:USDT,0.8999,31.0,0.8998,591.9,0.9001,657.0,0.9002,501.6
1753592094192,04:54:54.192,binance,AERO/USDT:USDT,0.8999,31.0,0.8998,591.9,0.9001,657.0,0.9002,520.0
1753592094406,04:54:54.406,binance,AERO/USDT:USDT,0.8999,124.4,0.8998,384.1,0.9001,657.0,0.9002,520.0
1753592094536,04:54:54.536,binance,AERO/USDT:USDT,0.8999,124.4,0.8998,384.1,0.9001,657.0,0.9002,520.0
1753592094943,04:54:54.943,binance,AERO/USDT:USDT,0.8999,124.4,0.8998,384.1,0.9001,657.0,0.9002,520.0
1753592095254,04:54:55.254,binance,AERO/USDT:USDT,0.8999,124.4,0.8998,384.1,0.9001,416.6,0.9002,520.0
1753592095417,04:54:55.417,binance,AERO/USDT:USDT,0.8999,124.4,0.8998,384.1,0.9001,416.6,0.9002,520.0
1753592096159,04:54:56.159,binance,AERO/USDT:USDT,0.8999,124.4,0.8998,384.1,0.9001,416.6,0.9002,520.0
1753592096481,04:54:56.481,binance,AERO/USDT:USDT,0.8999,124.4,0.8998,384.1,0.9001,416.6,0.9002,520.0
1753592096902,04:54:56.902,binance,AERO/USDT:USDT,0.8999,124.4,0.8998,384.1,0.9001,416.6,0.9002,520.0
1753592097266,04:54:57.266,binance,AERO/USDT:USDT,0.8999,124.4,0.8998,384.1,0.9001,416.6,0.9002,520.0
1753592097428,04:54:57.428,binance,AERO/USDT:USDT,0.9,416.6,0.8999,541.0,0.9002,77.2,0.9003,543.0
1753592097705,04:54:57.705,binance,AERO/USDT:USDT,0.9001,93.4,0.9,424.4,0.9003,524.6,0.9004,649.5
1753592097827,04:54:57.827,binance,AERO/USDT:USDT,0.9001,93.4,0.9,424.4,0.9003,524.6,0.9004,649.5
1753592098181,04:54:58.181,binance,AERO/USDT:USDT,0.9001,93.4,0.9,430.0,0.9003,524.6,0.9004,649.5
1753592098290,04:54:58.290,binance,AERO/USDT:USDT,0.9001,93.4,0.9,430.0,0.9003,524.6,0.9004,649.5
1753592098482,04:54:58.482,binance,AERO/USDT:USDT,0.9001,93.4,0.9,430.0,0.9003,524.6,0.9004,649.5
1753592098604,04:54:58.604,binance,AERO/USDT:USDT,0.9001,93.4,0.9,430.0,0.9003,524.6,0.9004,649.5
1753592099316,04:54:59.316,binance,AERO/USDT:USDT,0.9002,954.8,0.9001,546.9,0.9003,5.6,0.9004,464.4
1753592099481,04:54:59.481,binance,AERO/USDT:USDT,0.9002,954.8,0.9001,546.9,0.9003,5.6,0.9004,464.4
1753592099590,04:54:59.590,binance,AERO/USDT:USDT,0.9002,954.8,0.9001,546.9,0.9003,5.6,0.9004,464.4
1753592099733,04:54:59.733,binance,AERO/USDT:USDT,0.9002,954.8,0.9001,546.9,0.9003,5.6,0.9004,464.4
1753592099910,04:54:59.910,binance,AERO/USDT:USDT,0.9002,954.8,0.9001,546.9,0.9003,5.6,0.9004,464.4
1753592100020,04:55:00.020,binance,AERO/USDT:USDT,0.9002,954.8,0.9001,546.9,0.9003,5.6,0.9004,464.4
1753592100122,04:55:00.122,binance,AERO/USDT:USDT,0.9001,117.4,0.9,448.4,0.9003,435.1,0.9004,464.4
1753592100223,04:55:00.223,binance,AERO/USDT:USDT,0.9001,117.4,0.9,448.4,0.9003,435.1,0.9004,464.4
1753592100344,04:55:00.344,binance,AERO/USDT:USDT,0.9001,117.4,0.9,448.4,0.9003,435.1,0.9004,464.4
1753592100482,04:55:00.482,binance,AERO/USDT:USDT,0.9001,117.4,0.9,448.4,0.9003,435.1,0.9004,464.4
1753592100650,04:55:00.650,binance,AERO/USDT:USDT,0.9001,117.4,0.9,448.4,0.9003,435.1,0.9004,464.4
1753592100796,04:55:00.796,binance,AERO/USDT:USDT,0.9001,160.0,0.9,448.4,0.9003,435.1,0.9004,464.4
1753592100934,04:55:00.934,binance,AERO/USDT:USDT,0.9001,211.7,0.9,448.4,0.9003,435.1,0.9004,464.4
1753592101102,04:55:01.102,binance,AERO/USDT:USDT,0.9001,211.7,0.9,448.4,0.9003,435.1,0.9004,464.4
1753592101268,04:55:01.268,binance,AERO/USDT:USDT,0.9001,211.7,0.9,448.4,0.9003,435.1,0.9004,464.4
1753592101520,04:55:01.520,binance,AERO/USDT:USDT,0.9002,266.0,0.9001,160.0,0.9003,5.6,0.9004,464.4
1753592101625,04:55:01.625,binance,AERO/USDT:USDT,0.9002,266.0,0.9001,589.5,0.9003,5.6,0.9004,464.4
1753592101861,04:55:01.861,binance,AERO/USDT:USDT,0.9003,664.9,0.9002,154.1,0.9004,12.6,0.9005,31.0
1753592101975,04:55:01.975,binance,AERO/USDT:USDT,0.9003,664.9,0.9002,583.6,0.9004,12.6,0.9005,31.0
1753592102082,04:55:02.082,binance,AERO/USDT:USDT,0.9003,664.9,0.9002,918.9,0.9004,12.6,0.9005,31.0
1753592102483,04:55:02.483,binance,AERO/USDT:USDT,0.9003,664.9,0.9002,918.9,0.9004,12.6,0.9005,31.0
1753592102736,04:55:02.736,binance,AERO/USDT:USDT,0.9003,664.9,0.9002,918.9,0.9004,12.6,0.9005,31.0
1753592102902,04:55:02.902,binance,AERO/USDT:USDT,0.9003,90.3,0.9002,918.9,0.9004,106.0,0.9005,31.0
1753592103026,04:55:03.026,binance,AERO/USDT:USDT,0.9002,683.0,0.9001,1866.3,0.9004,106.0,0.9005,156.7
1753592103474,04:55:03.474,binance,AERO/USDT:USDT,0.9002,443.5,0.9001,765.8,0.9004,106.0,0.9005,156.7
1753592103590,04:55:03.590,binance,AERO/USDT:USDT,0.9002,443.5,0.9001,765.8,0.9004,106.0,0.9005,156.7
1753592104204,04:55:04.204,binance,AERO/USDT:USDT,0.9003,93.4,0.9002,683.0,0.9004,12.6,0.9005,31.0
1753592104424,04:55:04.424,binance,AERO/USDT:USDT,0.9003,93.4,0.9002,683.0,0.9004,12.6,0.9005,31.0
1753592104702,04:55:04.702,binance,AERO/USDT:USDT,0.9003,93.4,0.9002,683.0,0.9004,12.6,0.9005,31.0
1753592105018,04:55:05.018,binance,AERO/USDT:USDT,0.9003,93.4,0.9002,683.0,0.9004,12.6,0.9005,31.0
1753592105657,04:55:05.657,binance,AERO/USDT:USDT,0.9003,93.4,0.9002,443.5,0.9004,12.6,0.9005,31.0
1753592106373,04:55:06.373,binance,AERO/USDT:USDT,0.9002,430.6,0.9001,765.8,0.9004,535.5,0.9005,216.7
1753592106479,04:55:06.479,binance,AERO/USDT:USDT,0.9002,430.6,0.9001,723.2,0.9004,535.5,0.9005,216.7
1753592106941,04:55:06.941,binance,AERO/USDT:USDT,0.9002,430.6,0.9001,723.2,0.9004,535.5,0.9005,227.4
1753592107270,04:55:07.270,binance,AERO/USDT:USDT,0.9002,430.6,0.9001,723.2,0.9004,535.5,0.9005,227.4
1753592107502,04:55:07.502,binance,AERO/USDT:USDT,0.9002,430.6,0.9001,723.2,0.9004,535.5,0.9005,76.7
1753592107696,04:55:07.696,binance,AERO/USDT:USDT,0.9002,42.6,0.9001,453.5,0.9004,535.5,0.9005,76.7
1753592107806,04:55:07.806,binance,AERO/USDT:USDT,0.9002,42.6,0.9001,24.0,0.9003,429.5,0.9004,553.9
1753592107911,04:55:07.911,binance,AERO/USDT:USDT,0.9002,42.6,0.9001,24.0,0.9003,429.5,0.9004,553.9
1753592108080,04:55:08.080,binance,AERO/USDT:USDT,0.9002,42.6,0.9001,24.0,0.9003,429.5,0.9004,553.9
1753592108210,04:55:08.210,binance,AERO/USDT:USDT,0.9002,42.6,0.9001,24.0,0.9003,429.5,0.9004,553.9
1753592108484,04:55:08.484,binance,AERO/USDT:USDT,0.9002,42.6,0.9001,24.0,0.9003,429.5,0.9004,553.9
1753592108591,04:55:08.591,binance,AERO/USDT:USDT,0.9002,42.6,0.9001,24.0,0.9003,429.5,0.9004,553.9
1753592109112,04:55:09.112,binance,AERO/USDT:USDT,0.9002,42.6,0.9001,24.0,0.9003,429.5,0.9004,553.9
1753592109267,04:55:09.267,binance,AERO/USDT:USDT,0.9002,42.6,0.9001,24.0,0.9003,429.5,0.9004,553.9
1753592109611,04:55:09.611,binance,AERO/USDT:USDT,0.9002,42.6,0.9001,24.0,0.9003,429.5,0.9004,553.9
1753592109802,04:55:09.802,binance,AERO/USDT:USDT,0.9002,42.6,0.9001,24.0,0.9003,429.5,0.9004,553.9
1753592109995,04:55:09.995,binance,AERO/USDT:USDT,0.9002,42.6,0.9001,24.0,0.9003,429.5,0.9004,553.9
1753592110231,04:55:10.231,binance,AERO/USDT:USDT,0.9002,42.6,0.9001,24.0,0.9003,429.5,0.9004,553.9
1753592110361,04:55:10.361,binance,AERO/USDT:USDT,0.9002,42.6,0.9001,24.0,0.9003,429.5,0.9004,553.9
1753592110484,04:55:10.484,binance,AERO/USDT:USDT,0.9002,42.6,0.9001,24.0,0.9003,429.5,0.9004,553.9
1753592110902,04:55:10.902,binance,AERO/USDT:USDT,0.9002,42.6,0.9001,24.0,0.9003,429.5,0.9004,553.9
1753592111271,04:55:11.271,binance,AERO/USDT:USDT,0.9002,42.6,0.9001,24.0,0.9003,429.5,0.9004,553.9
1753592111502,04:55:11.502,binance,AERO/USDT:USDT,0.9002,42.6,0.9001,24.0,0.9003,429.5,0.9004,553.9
1753592112099,04:55:12.099,binance,AERO/USDT:USDT,0.9002,102.8,0.9001,24.0,0.9003,515.8,0.9004,553.9
1753592112434,04:55:12.434,binance,AERO/USDT:USDT,0.9002,102.8,0.9001,24.0,0.9003,515.8,0.9004,553.9
1753592112670,04:55:12.670,binance,AERO/USDT:USDT,0.9002,42.6,0.9001,24.0,0.9003,515.8,0.9004,553.9
1753592113080,04:55:13.080,binance,AERO/USDT:USDT,0.9001,24.0,0.9,448.4,0.9002,266.0,0.9003,429.5
1753592113183,04:55:13.183,binance,AERO/USDT:USDT,0.9001,24.0,0.9,448.4,0.9002,266.0,0.9003,429.5
1753592113802,04:55:13.802,binance,AERO/USDT:USDT,0.9001,24.0,0.9,448.4,0.9002,266.0,0.9003,429.5
1753592113905,04:55:13.905,binance,AERO/USDT:USDT,0.9001,5.6,0.9,448.4,0.9002,266.0,0.9003,453.5
1753592114317,04:55:14.317,binance,AERO/USDT:USDT,0.9001,48.2,0.9,448.4,0.9002,266.0,0.9003,453.5
1753592114485,04:55:14.485,binance,AERO/USDT:USDT,0.9001,48.2,0.9,448.4,0.9002,266.0,0.9003,453.5
1753592114618,04:55:14.618,binance,AERO/USDT:USDT,0.9001,48.2,0.9,448.4,0.9002,266.0,0.9003,453.5
1753592115272,04:55:15.272,binance,AERO/USDT:USDT,0.9001,48.2,0.9,448.4,0.9002,266.0,0.9003,453.5
1753592115402,04:55:15.402,binance,AERO/USDT:USDT,0.9001,133.2,0.9,448.4,0.9002,266.0,0.9003,453.5
1753592115991,04:55:15.991,binance,AERO/USDT:USDT,0.9001,313.2,0.9,448.4,0.9002,252.0,0.9003,453.5
1753592116092,04:55:16.092,binance,AERO/USDT:USDT,0.9001,313.2,0.9,448.4,0.9002,93.4,0.9003,453.5
1753592116228,04:55:16.228,binance,AERO/USDT:USDT,0.9001,313.2,0.9,448.4,0.9003,435.1,0.9004,553.9
1753592116590,04:55:16.590,binance,AERO/USDT:USDT,0.9001,313.2,0.9,448.4,0.9003,435.1,0.9004,553.9
1753592117102,04:55:17.102,binance,AERO/USDT:USDT,0.9001,313.2,0.9,448.4,0.9003,435.1,0.9004,553.9
1753592117273,04:55:17.273,binance,AERO/USDT:USDT,0.9001,313.2,0.9,448.4,0.9003,435.1,0.9004,553.9
1753592118232,04:55:18.232,binance,AERO/USDT:USDT,0.9001,313.2,0.9,448.4,0.9003,435.1,0.9004,553.9
1753592118380,04:55:18.380,binance,AERO/USDT:USDT,0.9001,313.2,0.9,448.4,0.9003,435.1,0.9004,553.9
1753592118802,04:55:18.802,binance,AERO/USDT:USDT,0.9001,313.2,0.9,448.4,0.9003,435.1,0.9004,553.9
1753592119274,04:55:19.274,binance,AERO/USDT:USDT,0.9001,313.2,0.9,448.4,0.9003,435.1,0.9004,553.9
1753592119402,04:55:19.402,binance,AERO/USDT:USDT,0.9001,313.2,0.9,448.4,0.9003,435.1,0.9004,553.9
1753592119632,04:55:19.632,binance,AERO/USDT:USDT,0.9001,331.0,0.9,448.4,0.9003,435.1,0.9004,553.9
1753592119920,04:55:19.920,binance,AERO/USDT:USDT,0.9001,288.4,0.9,448.4,0.9003,435.1,0.9004,553.9
1753592120080,04:55:20.080,binance,AERO/USDT:USDT,0.9001,288.4,0.9,448.4,0.9003,435.1,0.9004,553.9
1753592120502,04:55:20.502,binance,AERO/USDT:USDT,0.9001,288.4,0.9,448.4,0.9003,435.1,0.9004,553.9
1753592121073,04:55:21.073,binance,AERO/USDT:USDT,0.9001,331.0,0.9,448.4,0.9003,435.1,0.9004,553.9
1753592121202,04:55:21.202,binance,AERO/USDT:USDT,0.9001,331.0,0.9,448.4,0.9003,435.1,0.9004,553.9
1753592122675,04:55:22.675,binance,AERO/USDT:USDT,0.9001,342.1,0.9,448.4,0.9002,266.0,0.9003,435.1
1753592122811,04:55:22.811,binance,AERO/USDT:USDT,0.9001,342.1,0.9,31.8,0.9002,352.3,0.9003,453.5
1753592123083,04:55:23.083,binance,AERO/USDT:USDT,0.9,31.8,0.8999,279.5,0.9001,429.7,0.9002,266.0
1753592123191,04:55:23.191,binance,AERO/USDT:USDT,0.9,31.8,0.8999,279.5,0.9001,429.7,0.9002,266.0
1753592123356,04:55:23.356,binance,AERO/USDT:USDT,0.9,13.4,0.8999,279.5,0.9001,429.7,0.9002,266.0
1753592123578,04:55:23.578,binance,AERO/USDT:USDT,0.9,13.4,0.8999,279.5,0.9001,516.0,0.9002,266.0
1753592123682,04:55:23.682,binance,AERO/USDT:USDT,0.9,13.4,0.8999,279.5,0.9001,516.0,0.9002,284.4
1753592123793,04:55:23.793,binance,AERO/USDT:USDT,0.8999,31.0,0.8998,1079.6,0.9,596.0,0.9001,429.7
1753592123908,04:55:23.908,binance,AERO/USDT:USDT,0.8999,31.0,0.8998,1079.6,0.9,596.0,0.9001,429.7
1753592124066,04:55:24.066,binance,AERO/USDT:USDT,0.8999,12.6,0.8998,372.6,0.9,596.0,0.9001,429.7
1753592124644,04:55:24.644,binance,AERO/USDT:USDT,0.8999,11.3,0.8998,372.6,0.9,596.0,0.9001,448.1
1753592124802,04:55:24.802,binance,AERO/USDT:USDT,0.8999,11.3,0.8998,372.6,0.9,596.0,0.9001,448.1
1753592125011,04:55:25.011,binance,AERO/USDT:USDT,0.8999,11.3,0.8998,372.6,0.9,80.0,0.9001,448.1
1753592125192,04:55:25.192,binance,AERO/USDT:USDT,0.8999,11.3,0.8998,378.2,0.9,80.0,0.9001,448.1
1753592125508,04:55:25.508,binance,AERO/USDT:USDT,0.8999,164.9,0.8998,378.2,0.9,14.6,0.9001,448.1
1753592125704,04:55:25.704,binance,AERO/USDT:USDT,0.8999,164.9,0.8998,378.2,0.9,14.6,0.9001,448.1
1753592125951,04:55:25.951,binance,AERO/USDT:USDT,0.8999,164.9,0.8998,378.2,0.9,14.6,0.9001,448.1
1753592126502,04:55:26.502,binance,AERO/USDT:USDT,0.8999,164.9,0.8998,378.2,0.9,14.6,0.9001,448.1
1753592127276,04:55:27.276,binance,AERO/USDT:USDT,0.8999,164.9,0.8998,378.2,0.9,14.6,0.9001,448.1
1753592128063,04:55:28.063,binance,AERO/USDT:USDT,0.8999,71.5,0.8998,378.2,0.9,108.0,0.9001,448.1
1753592128607,04:55:28.607,binance,AERO/USDT:USDT,0.8999,85.3,0.8998,378.2,0.9,108.0,0.9001,448.1
1753592128902,04:55:28.902,binance,AERO/USDT:USDT,0.8999,85.3,0.8998,378.2,0.9,108.0,0.9001,448.1
1753592129018,04:55:29.018,binance,AERO/USDT:USDT,0.8999,85.3,0.8998,378.2,0.9,108.0,0.9001,448.1
1753592129277,04:55:29.277,binance,AERO/USDT:USDT,0.8999,85.3,0.8998,378.2,0.9,108.0,0.9001,448.1
1753592129502,04:55:29.502,binance,AERO/USDT:USDT,0.8999,85.3,0.8998,378.2,0.9,108.0,0.9001,448.1
1753592129798,04:55:29.798,binance,AERO/USDT:USDT,0.8999,85.3,0.8998,378.2,0.9,108.0,0.9001,448.1
1753592130234,04:55:30.234,binance,AERO/USDT:USDT,0.8999,85.3,0.8998,378.2,0.9,108.0,0.9001,448.1
1753592130702,04:55:30.702,binance,AERO/USDT:USDT,0.8999,85.3,0.8998,378.2,0.9,108.0,0.9001,448.1
1753592131017,04:55:31.017,binance,AERO/USDT:USDT,0.8999,85.3,0.8998,378.2,0.9,108.0,0.9001,448.1
1753592131278,04:55:31.278,binance,AERO/USDT:USDT,0.8999,85.3,0.8998,378.2,0.9,108.0,0.9001,448.1
1753592131390,04:55:31.390,binance,AERO/USDT:USDT,0.8999,85.3,0.8998,378.2,0.9,108.0,0.9001,448.1
1753592131546,04:55:31.546,binance,AERO/USDT:USDT,0.8999,85.3,0.8998,378.2,0.9,108.0,0.9001,448.1
1753592131798,04:55:31.798,binance,AERO/USDT:USDT,0.8999,85.3,0.8998,378.2,0.9,108.0,0.9001,448.1
1753592132057,04:55:32.057,binance,AERO/USDT:USDT,0.8999,85.3,0.8998,378.2,0.9,108.0,0.9001,448.1
1753592132402,04:55:32.402,binance,AERO/USDT:USDT,0.8999,85.3,0.8998,378.2,0.9,108.0,0.9001,448.1
1753592133002,04:55:33.002,binance,AERO/USDT:USDT,0.8999,85.3,0.8998,378.2,0.9,108.0,0.9001,448.1
1753592133278,04:55:33.278,binance,AERO/USDT:USDT,0.8999,85.3,0.8998,378.2,0.9,108.0,0.9001,448.1
1753592133602,04:55:33.602,binance,AERO/USDT:USDT,0.8999,85.3,0.8998,378.2,0.9,108.0,0.9001,448.1
1753592133799,04:55:33.799,binance,AERO/USDT:USDT,0.8999,85.3,0.8998,378.2,0.9,108.0,0.9001,448.1
1753592134320,04:55:34.320,binance,AERO/USDT:USDT,0.8999,85.3,0.8998,378.2,0.9,14.6,0.9001,448.1
1753592134678,04:55:34.678,binance,AERO/USDT:USDT,0.8999,85.3,0.8998,378.2,0.9,14.6,0.9001,448.1
1753592135278,04:55:35.278,binance,AERO/USDT:USDT,0.8999,85.3,0.8998,378.2,0.9,14.6,0.9001,448.1
1753592135402,04:55:35.402,binance,AERO/USDT:USDT,0.8999,85.3,0.8998,378.2,0.9,14.6,0.9001,448.1
1753592135541,04:55:35.541,binance,AERO/USDT:USDT,0.8999,85.3,0.8998,970.1,0.9001,444.5,0.9002,477.9
1753592135644,04:55:35.644,binance,AERO/USDT:USDT,0.8999,85.3,0.8998,970.1,0.9001,444.5,0.9002,477.9
1753592135800,04:55:35.800,binance,AERO/USDT:USDT,0.8999,85.3,0.8998,970.1,0.9001,444.5,0.9002,477.9
1753592135991,04:55:35.991,binance,AERO/USDT:USDT,0.8999,85.3,0.8998,378.2,0.9,93.4,0.9001,444.5
1753592136102,04:55:36.102,binance,AERO/USDT:USDT,0.8999,85.3,0.8998,378.2,0.9,93.4,0.9001,444.5
1753592136702,04:55:36.702,binance,AERO/USDT:USDT,0.8999,85.3,0.8998,378.2,0.9,93.4,0.9001,444.5
1753592137068,04:55:37.068,binance,AERO/USDT:USDT,0.8999,85.3,0.8998,378.2,0.9,93.4,0.9001,444.5
1753592137280,04:55:37.280,binance,AERO/USDT:USDT,0.8999,85.3,0.8998,378.2,0.9,93.4,0.9001,444.5
1753592138001,04:55:38.001,binance,AERO/USDT:USDT,0.8999,85.3,0.8998,378.2,0.9,93.4,0.9001,444.5
1753592138618,04:55:38.618,binance,AERO/USDT:USDT,0.8999,85.3,0.8998,378.2,0.9,93.4,0.9001,444.5
1753592138971,04:55:38.971,binance,AERO/USDT:USDT,0.8999,85.3,0.8998,378.2,0.9,93.4,0.9001,444.5
1753592139281,04:55:39.281,binance,AERO/USDT:USDT,0.8999,85.3,0.8998,378.2,0.9,93.4,0.9001,444.5
1753592139490,04:55:39.490,binance,AERO/USDT:USDT,0.8999,85.3,0.8998,378.2,0.9,108.7,0.9001,429.7
1753592139591,04:55:39.591,binance,AERO/USDT:USDT,0.8999,85.3,0.8998,378.2,0.9,108.7,0.9001,429.7
1753592139730,04:55:39.730,binance,AERO/USDT:USDT,0.8999,85.3,0.8998,692.5,0.9,108.7,0.9001,429.7
1753592139836,04:55:39.836,binance,AERO/USDT:USDT,0.8999,25.1,0.8998,376.6,0.9,195.0,0.9001,429.7
1753592140104,04:55:40.104,binance,AERO/USDT:USDT,0.8999,25.1,0.8998,376.6,0.9,195.0,0.9001,429.7
1753592140232,04:55:40.232,binance,AERO/USDT:USDT,0.8999,25.1,0.8998,376.6,0.9,195.0,0.9001,429.7
1753592140350,04:55:40.350,binance,AERO/USDT:USDT,0.8999,25.1,0.8998,376.6,0.9,195.0,0.9001,429.7
1753592141169,04:55:41.169,binance,AERO/USDT:USDT,0.8999,523.9,0.8998,376.6,0.9,15.3,0.9002,297.8
1753592141281,04:55:41.281,binance,AERO/USDT:USDT,0.9001,90.3,0.9,658.1,0.9002,99.0,0.9003,836.0
1753592141383,04:55:41.383,binance,AERO/USDT:USDT,0.9001,90.3,0.9,663.7,0.9002,99.0,0.9003,836.0
1753592141493,04:55:41.493,binance,AERO/USDT:USDT,0.9001,90.3,0.9,663.7,0.9002,99.0,0.9003,836.0
1753592141749,04:55:41.749,binance,AERO/USDT:USDT,0.9001,90.3,0.9,663.7,0.9002,99.0,0.9003,801.0
1753592141900,04:55:41.900,binance,AERO/USDT:USDT,0.9001,90.3,0.9,663.7,0.9002,99.0,0.9003,801.0
1753592142571,04:55:42.571,binance,AERO/USDT:USDT,0.9001,774.2,0.9,682.1,0.9002,5.6,0.9003,31.0
1753592143418,04:55:43.418,binance,AERO/USDT:USDT,0.9001,774.2,0.9,682.1,0.9002,99.0,0.9003,31.0
1753592143803,04:55:43.803,binance,AERO/USDT:USDT,0.9001,774.2,0.9,682.1,0.9002,99.0,0.9003,31.0
1753592144356,04:55:44.356,binance,AERO/USDT:USDT,0.9002,244.4,0.9001,430.2,0.9003,12.6,0.9004,846.7
1753592144457,04:55:44.457,binance,AERO/USDT:USDT,0.9002,104.3,0.9001,430.2,0.9003,12.6,0.9004,680.0
1753592144802,04:55:44.802,binance,AERO/USDT:USDT,0.9002,104.3,0.9001,430.2,0.9003,12.6,0.9004,680.0
1753592145283,04:55:45.283,binance,AERO/USDT:USDT,0.9002,104.3,0.9001,430.2,0.9003,12.6,0.9004,680.0
1753592145480,04:55:45.480,binance,AERO/USDT:USDT,0.9002,104.3,0.9001,430.2,0.9003,12.6,0.9004,680.0
1753592145803,04:55:45.803,binance,AERO/USDT:USDT,0.9002,104.3,0.9001,430.2,0.9003,12.6,0.9004,680.0
1753592146002,04:55:46.002,binance,AERO/USDT:USDT,0.9002,104.3,0.9001,430.2,0.9003,12.6,0.9004,680.0
1753592146412,04:55:46.412,binance,AERO/USDT:USDT,0.9002,415.3,0.9001,430.2,0.9003,12.6,0.9004,680.0
1753592146521,04:55:46.521,binance,AERO/USDT:USDT,0.9002,415.3,0.9001,430.2,0.9003,12.6,0.9004,680.0
1753592147031,04:55:47.031,binance,AERO/USDT:USDT,0.9002,104.3,0.9001,430.2,0.9003,12.6,0.9004,680.0
1753592147202,04:55:47.202,binance,AERO/USDT:USDT,0.9002,104.3,0.9001,430.2,0.9003,12.6,0.9004,680.0
1753592147803,04:55:47.803,binance,AERO/USDT:USDT,0.9002,104.3,0.9001,430.2,0.9003,12.6,0.9004,592.0
1753592148219,04:55:48.219,binance,AERO/USDT:USDT,0.9002,110.2,0.9001,430.2,0.9003,12.6,0.9004,592.0
1753592148322,04:55:48.322,binance,AERO/USDT:USDT,0.9002,110.2,0.9001,430.2,0.9003,12.6,0.9004,592.0
1753592149284,04:55:49.284,binance,AERO/USDT:USDT,0.9002,110.2,0.9001,430.2,0.9003,12.6,0.9004,592.0
1753592149391,04:55:49.391,binance,AERO/USDT:USDT,0.9002,110.2,0.9001,430.2,0.9003,12.6,0.9004,592.0
1753592149804,04:55:49.804,binance,AERO/USDT:USDT,0.9002,110.2,0.9001,430.2,0.9003,12.6,0.9004,592.0
1753592149910,04:55:49.910,binance,AERO/USDT:USDT,0.9002,110.2,0.9001,430.2,0.9003,12.6,0.9004,592.0
1753592150063,04:55:50.063,binance,AERO/USDT:USDT,0.9002,110.2,0.9001,430.2,0.9003,12.6,0.9004,592.0
1753592150485,04:55:50.485,binance,AERO/USDT:USDT,0.9002,110.2,0.9001,430.2,0.9003,12.6,0.9004,592.0
1753592150602,04:55:50.602,binance,AERO/USDT:USDT,0.9002,110.2,0.9001,430.2,0.9003,12.6,0.9004,592.0
1753592151804,04:55:51.804,binance,AERO/USDT:USDT,0.9002,110.2,0.9001,430.2,0.9003,12.6,0.9004,592.0
1753592152237,04:55:52.237,binance,AERO/USDT:USDT,0.9002,110.2,0.9001,430.2,0.9003,12.6,0.9004,592.0
1753592152400,04:55:52.400,binance,AERO/USDT:USDT,0.9002,110.2,0.9001,430.2,0.9003,12.6,0.9004,592.0
1753592152802,04:55:52.802,binance,AERO/USDT:USDT,0.9002,110.2,0.9001,430.2,0.9003,12.6,0.9004,592.0
1753592153019,04:55:53.019,binance,AERO/USDT:USDT,0.9002,110.2,0.9001,430.2,0.9003,12.6,0.9004,592.0
1753592153285,04:55:53.285,binance,AERO/USDT:USDT,0.9002,110.2,0.9001,430.2,0.9003,12.6,0.9004,592.0
1753592153390,04:55:53.390,binance,AERO/USDT:USDT,0.9002,110.2,0.9001,430.2,0.9003,12.6,0.9004,592.0
1753592153500,04:55:53.500,binance,AERO/USDT:USDT,0.9002,110.2,0.9001,430.2,0.9003,12.6,0.9004,592.0
1753592153805,04:55:53.805,binance,AERO/USDT:USDT,0.9002,110.2,0.9001,430.2,0.9003,12.6,0.9004,592.0
1753592154002,04:55:54.002,binance,AERO/USDT:USDT,0.9002,110.2,0.9001,430.2,0.9003,12.6,0.9004,592.0
1753592154465,04:55:54.465,binance,AERO/USDT:USDT,0.9002,110.2,0.9001,430.2,0.9003,12.6,0.9004,592.0
1753592154602,04:55:54.602,binance,AERO/USDT:USDT,0.9002,110.2,0.9001,430.2,0.9003,12.6,0.9004,592.0
1753592154748,04:55:54.748,binance,AERO/USDT:USDT,0.9002,110.2,0.9001,430.2,0.9003,12.6,0.9004,592.0
1753592155007,04:55:55.007,binance,AERO/USDT:USDT,0.9002,421.2,0.9001,430.2,0.9003,12.6,0.9004,592.0
1753592155120,04:55:55.120,binance,AERO/USDT:USDT,0.9002,421.2,0.9001,430.2,0.9003,12.6,0.9004,592.0
1753592155225,04:55:55.225,binance,AERO/USDT:USDT,0.9002,421.2,0.9001,448.6,0.9003,12.6,0.9004,592.0
1753592155569,04:55:55.569,binance,AERO/USDT:USDT,0.9003,401.3,0.9002,446.2,0.9004,24.5,0.9005,31.0
1753592156191,04:55:56.191,binance,AERO/USDT:USDT,0.9003,401.3,0.9002,446.2,0.9004,24.5,0.9005,31.0
1753592156300,04:55:56.300,binance,AERO/USDT:USDT,0.9004,827.6,0.9002,1378.7,0.9005,12.6,0.9006,568.9
1753592156404,04:55:56.404,binance,AERO/USDT:USDT,0.9004,827.6,0.9002,758.1,0.9005,12.6,0.9006,477.9
1753592156555,04:55:56.555,binance,AERO/USDT:USDT,0.9004,827.6,0.9002,758.1,0.9005,12.6,0.9006,477.9
1753592156665,04:55:56.665,binance,AERO/USDT:USDT,0.9004,827.6,0.9002,758.1,0.9005,12.6,0.9006,477.9
1753592156802,04:55:56.802,binance,AERO/USDT:USDT,0.9004,827.6,0.9002,758.1,0.9005,12.6,0.9006,477.9
1753592157106,04:55:57.106,binance,AERO/USDT:USDT,0.9004,827.6,0.9002,758.1,0.9005,12.6,0.9006,477.9
1753592157286,04:55:57.286,binance,AERO/USDT:USDT,0.9004,827.6,0.9002,758.1,0.9005,12.6,0.9006,477.9
1753592157391,04:55:57.391,binance,AERO/USDT:USDT,0.9004,827.6,0.9002,758.1,0.9005,12.6,0.9006,477.9
1753592157806,04:55:57.806,binance,AERO/USDT:USDT,0.9004,827.6,0.9002,758.1,0.9005,12.6,0.9006,477.9
1753592158002,04:55:58.002,binance,AERO/USDT:USDT,0.9004,827.6,0.9002,758.1,0.9005,12.6,0.9006,477.9
1753592158350,04:55:58.350,binance,AERO/USDT:USDT,0.9005,604.7,0.9004,426.3,0.9006,22.2,0.9007,459.2
1753592158454,04:55:58.454,binance,AERO/USDT:USDT,0.9005,604.7,0.9004,426.3,0.9006,22.2,0.9007,459.2
1753592158775,04:55:58.775,binance,AERO/USDT:USDT,0.9006,426.3,0.9005,285.2,0.9007,12.6,0.9008,638.7
1753592158879,04:55:58.879,binance,AERO/USDT:USDT,0.9006,426.3,0.9005,285.2,0.9007,12.6,0.9008,638.7
1753592158991,04:55:58.991,binance,AERO/USDT:USDT,0.9005,285.2,0.9004,618.9,0.9007,12.6,0.9008,638.7
1753592159123,04:55:59.123,binance,AERO/USDT:USDT,0.9005,285.2,0.9004,618.9,0.9007,12.6,0.9008,638.7
1753592159273,04:55:59.273,binance,AERO/USDT:USDT,0.9005,285.2,0.9004,618.9,0.9007,12.6,0.9008,638.7
1753592159407,04:55:59.407,binance,AERO/USDT:USDT,0.9005,544.5,0.9004,618.9,0.9007,12.6,0.9008,638.7
1753592159511,04:55:59.511,binance,AERO/USDT:USDT,0.9005,544.5,0.9004,618.9,0.9007,12.6,0.9008,638.7
1753592159612,04:55:59.612,binance,AERO/USDT:USDT,0.9006,90.4,0.9005,285.2,0.9007,12.6,0.9008,638.7
1753592159807,04:55:59.807,binance,AERO/USDT:USDT,0.9006,90.4,0.9005,285.2,0.9007,12.6,0.9008,638.7
1753592160060,04:56:00.060,binance,AERO/USDT:USDT,0.9006,90.4,0.9005,285.2,0.9007,12.6,0.9008,694.2
1753592160167,04:56:00.167,binance,AERO/USDT:USDT,0.9006,90.4,0.9005,285.2,0.9007,12.6,0.9008,694.2
1753592160396,04:56:00.396,binance,AERO/USDT:USDT,0.9006,90.4,0.9005,285.2,0.9007,21.0,0.9008,694.2
1753592160580,04:56:00.580,binance,AERO/USDT:USDT,0.9006,90.4,0.9005,285.2,0.9007,21.0,0.9008,708.2
1753592160774,04:56:00.774,binance,AERO/USDT:USDT,0.9006,90.4,0.9005,285.2,0.9007,21.0,0.9008,708.2
1753592161287,04:56:01.287,binance,AERO/USDT:USDT,0.9006,90.4,0.9005,285.2,0.9007,21.0,0.9008,708.2
1753592161390,04:56:01.390,binance,AERO/USDT:USDT,0.9006,90.4,0.9005,285.2,0.9007,21.0,0.9008,640.5
1753592161588,04:56:01.588,binance,AERO/USDT:USDT,0.9006,90.4,0.9005,285.2,0.9007,21.0,0.9008,654.5
1753592161702,04:56:01.702,binance,AERO/USDT:USDT,0.9006,90.4,0.9005,285.2,0.9007,21.0,0.9008,654.5
1753592161807,04:56:01.807,binance,AERO/USDT:USDT,0.9006,90.4,0.9005,285.2,0.9007,21.0,0.9008,654.5
1753592161920,04:56:01.920,binance,AERO/USDT:USDT,0.9006,401.4,0.9005,233.5,0.9007,21.0,0.9008,654.5
1753592162133,04:56:02.133,binance,AERO/USDT:USDT,0.9006,401.4,0.9005,233.5,0.9007,21.0,0.9008,661.5
1753592162251,04:56:02.251,binance,AERO/USDT:USDT,0.9006,401.4,0.9005,233.5,0.9007,21.0,0.9008,661.5
1753592162359,04:56:02.359,binance,AERO/USDT:USDT,0.9006,401.4,0.9005,233.5,0.9007,21.0,0.9008,668.5
1753592162531,04:56:02.531,binance,AERO/USDT:USDT,0.9006,401.4,0.9005,233.5,0.9007,21.0,0.9008,668.5
1753592162673,04:56:02.673,binance,AERO/USDT:USDT,0.9006,401.4,0.9005,233.5,0.9007,21.0,0.9008,675.5
1753592162803,04:56:02.803,binance,AERO/USDT:USDT,0.9006,401.4,0.9005,233.5,0.9007,21.0,0.9008,675.5
1753592162918,04:56:02.918,binance,AERO/USDT:USDT,0.9006,401.4,0.9005,233.5,0.9007,21.0,0.9008,675.5
1753592163288,04:56:03.288,binance,AERO/USDT:USDT,0.9006,401.4,0.9005,233.5,0.9007,21.0,0.9008,675.5
1753592163410,04:56:03.410,binance,AERO/USDT:USDT,0.9006,401.4,0.9005,233.5,0.9007,21.0,0.9008,675.5
1753592163633,04:56:03.633,binance,AERO/USDT:USDT,0.9006,401.4,0.9005,233.5,0.9007,21.0,0.9008,675.5
1753592163807,04:56:03.807,binance,AERO/USDT:USDT,0.9006,401.4,0.9005,233.5,0.9007,21.0,0.9008,675.5
1753592163920,04:56:03.920,binance,AERO/USDT:USDT,0.9006,401.4,0.9005,233.5,0.9007,21.0,0.9008,675.5
1753592164135,04:56:04.135,binance,AERO/USDT:USDT,0.9006,401.4,0.9005,233.5,0.9007,21.0,0.9008,675.5
1753592164239,04:56:04.239,binance,AERO/USDT:USDT,0.9006,401.4,0.9005,233.5,0.9007,21.0,0.9008,675.5
1753592164502,04:56:04.502,binance,AERO/USDT:USDT,0.9006,401.4,0.9005,233.5,0.9007,21.0,0.9008,675.5
1753592164958,04:56:04.958,binance,AERO/USDT:USDT,0.9006,349.7,0.9005,233.5,0.9007,21.0,0.9008,585.0
1753592165061,04:56:05.061,binance,AERO/USDT:USDT,0.9006,349.7,0.9005,233.5,0.9007,21.0,0.9008,613.0
1753592165406,04:56:05.406,binance,AERO/USDT:USDT,0.9006,349.7,0.9005,233.5,0.9007,20.4,0.9008,599.0
1753592165554,04:56:05.554,binance,AERO/USDT:USDT,0.9006,349.7,0.9005,233.5,0.9007,41.4,0.9008,599.0
1753592165660,04:56:05.660,binance,AERO/USDT:USDT,0.9006,349.7,0.9005,233.5,0.9007,41.4,0.9008,599.0
1753592165808,04:56:05.808,binance,AERO/USDT:USDT,0.9006,349.7,0.9005,233.5,0.9007,41.4,0.9008,599.0
1753592166021,04:56:06.021,binance,AERO/USDT:USDT,0.9006,349.7,0.9005,233.5,0.9007,41.4,0.9008,592.0
1753592166761,04:56:06.761,binance,AERO/USDT:USDT,0.9006,30.2,0.9004,451.7,0.9007,524.2,0.9008,592.0
1753592167161,04:56:07.161,binance,AERO/USDT:USDT,0.9006,30.2,0.9004,451.7,0.9007,524.2,0.9008,592.0
1753592167265,04:56:07.265,binance,AERO/USDT:USDT,0.9006,30.2,0.9004,451.7,0.9007,524.2,0.9008,592.0
1753592167419,04:56:07.419,binance,AERO/USDT:USDT,0.9006,30.2,0.9004,451.7,0.9007,524.2,0.9008,592.0
1753592167809,04:56:07.809,binance,AERO/USDT:USDT,0.9006,30.2,0.9004,451.7,0.9007,524.2,0.9008,592.0
1753592168137,04:56:08.137,binance,AERO/USDT:USDT,0.9006,30.2,0.9004,451.7,0.9007,552.2,0.9008,564.0
1753592168260,04:56:08.260,binance,AERO/USDT:USDT,0.9006,30.2,0.9004,451.7,0.9007,552.2,0.9008,564.0
