timestamp,time,symbol,bid1_price,bid1_volume,bid2_price,bid2_volume,ask1_price,ask1_volume,ask2_price,ask2_volume
1753546953000,16:22:33.000,A/USDT:USDT,0.5751,90.0,0.575,297.0,0.5753,41.0,0.5754,2568.0
1753546955942,16:22:35.942,A/USDT:USDT,0.5752,90.0,0.5751,297.0,0.5753,30.0,0.5754,2568.0
1753546956054,16:22:36.054,A/USDT:USDT,0.5752,90.0,0.5751,297.0,0.5753,49.0,0.5754,2568.0
1753546956830,16:22:36.830,A/USDT:USDT,0.5752,90.0,0.5751,297.0,0.5753,49.0,0.5754,2568.0
1753546956951,16:22:36.951,A/USDT:USDT,0.5752,90.0,0.5751,297.0,0.5753,49.0,0.5754,2568.0
1753546957148,16:22:37.148,A/USDT:USDT,0.5752,90.0,0.5751,297.0,0.5753,49.0,0.5754,2568.0
1753546957229,16:22:37.229,A/USDT:USDT,0.5752,90.0,0.5751,297.0,0.5753,38.0,0.5754,2568.0
1753546957342,16:22:37.342,A/USDT:USDT,0.5752,90.0,0.5751,297.0,0.5753,38.0,0.5754,2568.0
1753546957914,16:22:37.914,A/USDT:USDT,0.5752,90.0,0.5751,297.0,0.5753,49.0,0.5754,2568.0
1753546958633,16:22:38.633,A/USDT:USDT,0.5752,90.0,0.5751,297.0,0.5753,38.0,0.5754,2568.0
1753546958990,16:22:38.990,A/USDT:USDT,0.5752,90.0,0.5751,297.0,0.5753,49.0,0.5754,2568.0
1753546959448,16:22:39.448,A/USDT:USDT,0.5752,90.0,0.5751,297.0,0.5753,49.0,0.5754,2568.0
1753546959612,16:22:39.612,A/USDT:USDT,0.5752,90.0,0.5751,297.0,0.5753,49.0,0.5754,2568.0
1753546959859,16:22:39.859,A/USDT:USDT,0.5752,90.0,0.5751,297.0,0.5753,49.0,0.5754,2568.0
1753546959964,16:22:39.964,A/USDT:USDT,0.5752,90.0,0.5751,297.0,0.5753,38.0,0.5754,360.0
1753546960013,16:22:40.013,A/USDT:USDT,0.5752,90.0,0.5751,297.0,0.5753,49.0,0.5754,2007.0
1753546960172,16:22:40.172,A/USDT:USDT,0.5752,90.0,0.5751,297.0,0.5753,60.0,0.5754,2007.0
1753546960278,16:22:40.278,A/USDT:USDT,0.5752,90.0,0.5751,297.0,0.5753,49.0,0.5754,2007.0
1753546960471,16:22:40.471,A/USDT:USDT,0.5752,90.0,0.5751,297.0,0.5753,49.0,0.5754,2007.0
1753546960514,16:22:40.514,A/USDT:USDT,0.5752,90.0,0.5751,297.0,0.5753,49.0,0.5754,2007.0
1753546960646,16:22:40.646,A/USDT:USDT,0.5752,90.0,0.5751,297.0,0.5753,60.0,0.5754,2007.0
1753546960746,16:22:40.746,A/USDT:USDT,0.5751,90.0,0.5748,261.0,0.5753,60.0,0.5754,2007.0
1753546960822,16:22:40.822,A/USDT:USDT,0.5751,90.0,0.5748,261.0,0.5753,41.0,0.5754,2007.0
1753546960973,16:22:40.973,A/USDT:USDT,0.5751,90.0,0.575,297.0,0.5753,41.0,0.5754,2007.0
1753546961116,16:22:41.116,A/USDT:USDT,0.5751,90.0,0.575,297.0,0.5753,41.0,0.5754,2007.0
1753546961332,16:22:41.332,A/USDT:USDT,0.5751,90.0,0.575,297.0,0.5753,41.0,0.5754,2007.0
1753546961750,16:22:41.750,A/USDT:USDT,0.5751,90.0,0.575,297.0,0.5753,41.0,0.5754,2007.0
1753546962888,16:22:42.888,A/USDT:USDT,0.5751,90.0,0.575,297.0,0.5753,41.0,0.5754,2007.0
1753546965253,16:22:45.253,A/USDT:USDT,0.5752,90.0,0.5751,360.0,0.5753,41.0,0.5754,2007.0
1753546965376,16:22:45.376,A/USDT:USDT,0.5752,90.0,0.5751,360.0,0.5753,60.0,0.5754,2007.0
1753546965609,16:22:45.609,A/USDT:USDT,0.5752,90.0,0.5751,567.0,0.5753,60.0,0.5754,2007.0
1753546965701,16:22:45.701,A/USDT:USDT,0.5752,90.0,0.5751,567.0,0.5753,60.0,0.5754,2007.0
1753546966045,16:22:46.045,A/USDT:USDT,0.5752,90.0,0.5751,567.0,0.5753,49.0,0.5754,2007.0
1753546966551,16:22:46.551,A/USDT:USDT,0.5752,90.0,0.5751,567.0,0.5753,49.0,0.5754,2007.0
1753546966769,16:22:46.769,A/USDT:USDT,0.5752,90.0,0.5751,567.0,0.5753,49.0,0.5754,2007.0
1753546967630,16:22:47.630,A/USDT:USDT,0.5752,90.0,0.5751,297.0,0.5753,49.0,0.5754,2007.0
1753546967807,16:22:47.807,A/USDT:USDT,0.5752,90.0,0.5751,297.0,0.5753,49.0,0.5754,2007.0
1753546968669,16:22:48.669,A/USDT:USDT,0.5752,90.0,0.5751,297.0,0.5753,49.0,0.5754,2007.0
1753546969133,16:22:49.133,A/USDT:USDT,0.5752,90.0,0.5751,297.0,0.5753,49.0,0.5754,2007.0
1753546970289,16:22:50.289,A/USDT:USDT,0.5752,90.0,0.5751,297.0,0.5753,49.0,0.5754,2007.0
1753546971249,16:22:51.249,A/USDT:USDT,0.5752,90.0,0.5751,297.0,0.5753,49.0,0.5754,2007.0
1753546971363,16:22:51.363,A/USDT:USDT,0.5752,90.0,0.5751,297.0,0.5753,49.0,0.5754,2007.0
1753546972374,16:22:52.374,A/USDT:USDT,0.5752,90.0,0.5751,297.0,0.5753,38.0,0.5754,2007.0
1753546972449,16:22:52.449,A/USDT:USDT,0.5752,101.0,0.5751,297.0,0.5753,38.0,0.5754,1652.0
1753546972564,16:22:52.564,A/USDT:USDT,0.5752,90.0,0.5751,297.0,0.5753,38.0,0.5754,1652.0
1753546972606,16:22:52.606,A/USDT:USDT,0.5752,90.0,0.5751,297.0,0.5753,38.0,0.5754,1652.0
1753546973243,16:22:53.243,A/USDT:USDT,0.5752,90.0,0.5751,297.0,0.5753,38.0,0.5754,1652.0
1753546975412,16:22:55.412,A/USDT:USDT,0.5752,90.0,0.5751,297.0,0.5753,38.0,0.5754,1652.0
1753546975531,16:22:55.531,A/USDT:USDT,0.5752,90.0,0.5751,297.0,0.5753,38.0,0.5754,1652.0
1753546976163,16:22:56.163,A/USDT:USDT,0.5752,90.0,0.5751,297.0,0.5753,38.0,0.5754,1652.0
1753546976182,16:22:56.182,A/USDT:USDT,0.5752,90.0,0.5751,297.0,0.5753,38.0,0.5754,1652.0
1753546976747,16:22:56.747,A/USDT:USDT,0.5752,90.0,0.5751,297.0,0.5753,38.0,0.5754,1652.0
1753546977802,16:22:57.802,A/USDT:USDT,0.5752,90.0,0.5751,297.0,0.5753,38.0,0.5754,1652.0
1753546978302,16:22:58.302,A/USDT:USDT,0.5752,90.0,0.5751,297.0,0.5753,38.0,0.5754,1652.0
1753546978588,16:22:58.588,A/USDT:USDT,0.5752,90.0,0.5751,297.0,0.5753,38.0,0.5754,1652.0
1753546979088,16:22:59.088,A/USDT:USDT,0.5752,90.0,0.5751,297.0,0.5753,38.0,0.5754,1652.0
1753546979567,16:22:59.567,A/USDT:USDT,0.5752,90.0,0.5751,297.0,0.5753,38.0,0.5754,1652.0
1753546980123,16:23:00.123,A/USDT:USDT,0.5752,90.0,0.5751,297.0,0.5753,38.0,0.5754,1652.0
1753546980232,16:23:00.232,A/USDT:USDT,0.5752,90.0,0.5751,297.0,0.5753,38.0,0.5754,1652.0
1753546980405,16:23:00.405,A/USDT:USDT,0.5752,90.0,0.5751,297.0,0.5753,38.0,0.5754,1652.0
1753546980553,16:23:00.553,A/USDT:USDT,0.5752,101.0,0.5751,297.0,0.5753,38.0,0.5754,1652.0
1753546980663,16:23:00.663,A/USDT:USDT,0.5752,101.0,0.5751,297.0,0.5753,38.0,0.5754,1652.0
1753546980951,16:23:00.951,A/USDT:USDT,0.5752,101.0,0.5751,297.0,0.5753,38.0,0.5754,1652.0
1753546981054,16:23:01.054,A/USDT:USDT,0.5752,90.0,0.5751,297.0,0.5753,38.0,0.5754,1652.0
1753546981173,16:23:01.173,A/USDT:USDT,0.5752,90.0,0.5751,297.0,0.5753,38.0,0.5754,1652.0
1753546981374,16:23:01.374,A/USDT:USDT,0.5752,90.0,0.5751,297.0,0.5753,38.0,0.5754,1652.0
1753546981636,16:23:01.636,A/USDT:USDT,0.5752,90.0,0.5751,297.0,0.5753,38.0,0.5754,1652.0
1753546981925,16:23:01.925,A/USDT:USDT,0.5752,90.0,0.5751,297.0,0.5753,60.0,0.5754,1652.0
1753546982075,16:23:02.075,A/USDT:USDT,0.5748,875.0,0.5747,1327.0,0.5752,363.0,0.5753,311.0
1753546982174,16:23:02.174,A/USDT:USDT,0.5749,16.0,0.5748,262.0,0.5751,309.0,0.5752,352.0
1753546982227,16:23:02.227,A/USDT:USDT,0.5749,16.0,0.5748,262.0,0.5751,319.0,0.5752,352.0
1753546982359,16:23:02.359,A/USDT:USDT,0.5749,16.0,0.5748,262.0,0.5751,327.0,0.5752,352.0
1753546982466,16:23:02.466,A/USDT:USDT,0.5749,16.0,0.5748,262.0,0.5751,319.0,0.5752,352.0
1753546982574,16:23:02.574,A/USDT:USDT,0.5749,16.0,0.5748,262.0,0.5751,319.0,0.5752,352.0
1753546982633,16:23:02.633,A/USDT:USDT,0.5749,16.0,0.5748,262.0,0.5751,308.0,0.5752,352.0
1753546982692,16:23:02.692,A/USDT:USDT,0.5749,16.0,0.5748,262.0,0.5751,308.0,0.5752,352.0
1753546982804,16:23:02.804,A/USDT:USDT,0.5749,278.0,0.5748,262.0,0.5751,297.0,0.5752,90.0
1753546982901,16:23:02.901,A/USDT:USDT,0.5749,289.0,0.5748,262.0,0.5751,297.0,0.5752,90.0
1753546983074,16:23:03.074,A/USDT:USDT,0.5748,262.0,0.5747,913.0,0.5751,297.0,0.5752,90.0
1753546983102,16:23:03.102,A/USDT:USDT,0.5749,16.0,0.5748,273.0,0.575,20.0,0.5752,90.0
1753546983273,16:23:03.273,A/USDT:USDT,0.575,90.0,0.5749,289.0,0.5752,132.0,0.5753,262.0
1753546983354,16:23:03.354,A/USDT:USDT,0.575,90.0,0.5749,576.0,0.5752,132.0,0.5753,262.0
1753546983917,16:23:03.917,A/USDT:USDT,0.575,90.0,0.5749,314.0,0.5752,132.0,0.5753,262.0
1753546984045,16:23:04.045,A/USDT:USDT,0.575,90.0,0.5749,314.0,0.5752,132.0,0.5753,262.0
1753546984262,16:23:04.262,A/USDT:USDT,0.575,90.0,0.5749,314.0,0.5752,132.0,0.5753,262.0
1753546984879,16:23:04.879,A/USDT:USDT,0.575,90.0,0.5749,314.0,0.5752,132.0,0.5753,262.0
1753546985169,16:23:05.169,A/USDT:USDT,0.575,90.0,0.5749,314.0,0.5752,132.0,0.5753,262.0
1753546985229,16:23:05.229,A/USDT:USDT,0.575,90.0,0.5749,314.0,0.5752,132.0,0.5753,262.0
1753546985762,16:23:05.762,A/USDT:USDT,0.575,90.0,0.5749,314.0,0.5752,132.0,0.5753,262.0
1753546986154,16:23:06.154,A/USDT:USDT,0.575,90.0,0.5749,314.0,0.5752,110.0,0.5753,262.0
1753546986237,16:23:06.237,A/USDT:USDT,0.575,90.0,0.5749,314.0,0.5752,110.0,0.5753,262.0
1753546986355,16:23:06.355,A/USDT:USDT,0.575,90.0,0.5749,314.0,0.5752,121.0,0.5753,262.0
1753546986506,16:23:06.506,A/USDT:USDT,0.575,90.0,0.5749,314.0,0.5752,132.0,0.5753,262.0
1753546986637,16:23:06.637,A/USDT:USDT,0.575,90.0,0.5749,314.0,0.5752,132.0,0.5753,262.0
1753546986798,16:23:06.798,A/USDT:USDT,0.575,90.0,0.5749,314.0,0.5752,20.0,0.5753,262.0
1753546987093,16:23:07.093,A/USDT:USDT,0.575,90.0,0.5749,314.0,0.5752,42.0,0.5753,262.0
1753546987720,16:23:07.720,A/USDT:USDT,0.575,90.0,0.5749,314.0,0.5752,42.0,0.5753,262.0
1753546988342,16:23:08.342,A/USDT:USDT,0.575,90.0,0.5749,314.0,0.5752,42.0,0.5753,262.0
1753546990143,16:23:10.143,A/USDT:USDT,0.575,90.0,0.5749,314.0,0.5752,42.0,0.5753,262.0
1753546990551,16:23:10.551,A/USDT:USDT,0.575,90.0,0.5749,314.0,0.5752,42.0,0.5753,262.0
1753546990849,16:23:10.849,A/USDT:USDT,0.575,101.0,0.5749,314.0,0.5752,20.0,0.5753,262.0
1753546990962,16:23:10.962,A/USDT:USDT,0.575,354.0,0.5749,314.0,0.5752,20.0,0.5754,2007.0
1753546991002,16:23:11.002,A/USDT:USDT,0.575,354.0,0.5749,298.0,0.5753,20.0,0.5754,2007.0
1753546991151,16:23:11.151,A/USDT:USDT,0.5751,16.0,0.575,562.0,0.5753,42.0,0.5754,2007.0
1753546995357,16:23:15.357,A/USDT:USDT,0.5751,16.0,0.575,562.0,0.5753,42.0,0.5754,2007.0
1753546996013,16:23:16.013,A/USDT:USDT,0.5751,16.0,0.575,562.0,0.5753,42.0,0.5754,2007.0
1753546996513,16:23:16.513,A/USDT:USDT,0.5751,16.0,0.575,298.0,0.5753,306.0,0.5754,2007.0
1753546996588,16:23:16.588,A/USDT:USDT,0.5751,16.0,0.575,298.0,0.5753,286.0,0.5754,2007.0
1753546996746,16:23:16.746,A/USDT:USDT,0.5751,16.0,0.575,298.0,0.5753,286.0,0.5754,2007.0
1753546996793,16:23:16.793,A/USDT:USDT,0.5751,16.0,0.575,298.0,0.5753,286.0,0.5754,2007.0
1753546997108,16:23:17.108,A/USDT:USDT,0.5751,16.0,0.575,298.0,0.5753,275.0,0.5754,2007.0
1753546997185,16:23:17.185,A/USDT:USDT,0.5751,16.0,0.575,298.0,0.5753,11.0,0.5754,2007.0
1753546997288,16:23:17.288,A/USDT:USDT,0.5751,16.0,0.575,298.0,0.5753,31.0,0.5754,2007.0
1753546997383,16:23:17.383,A/USDT:USDT,0.5751,16.0,0.575,298.0,0.5753,42.0,0.5754,2007.0
1753546998739,16:23:18.739,A/USDT:USDT,0.5751,16.0,0.575,298.0,0.5753,42.0,0.5754,2007.0
1753547000152,16:23:20.152,A/USDT:USDT,0.5751,16.0,0.575,298.0,0.5753,42.0,0.5754,2007.0
1753547001904,16:23:21.904,A/USDT:USDT,0.5751,16.0,0.575,298.0,0.5753,42.0,0.5754,2007.0
1753547004824,16:23:24.824,A/USDT:USDT,0.5751,16.0,0.575,298.0,0.5753,31.0,0.5754,2007.0
1753547004952,16:23:24.952,A/USDT:USDT,0.5751,16.0,0.575,298.0,0.5753,42.0,0.5754,2007.0
1753547008136,16:23:28.136,A/USDT:USDT,0.5751,16.0,0.575,298.0,0.5753,42.0,0.5754,2007.0
1753547009221,16:23:29.221,A/USDT:USDT,0.5751,16.0,0.575,298.0,0.5753,312.0,0.5754,2007.0
1753547009414,16:23:29.414,A/USDT:USDT,0.5751,16.0,0.575,298.0,0.5753,292.0,0.5754,2007.0
1753547009532,16:23:29.532,A/USDT:USDT,0.5751,16.0,0.575,298.0,0.5753,292.0,0.5754,2007.0
1753547009762,16:23:29.762,A/USDT:USDT,0.5751,16.0,0.575,298.0,0.5753,292.0,0.5754,2007.0
1753547010194,16:23:30.194,A/USDT:USDT,0.5751,16.0,0.575,298.0,0.5753,292.0,0.5754,2007.0
1753547010658,16:23:30.658,A/USDT:USDT,0.5751,16.0,0.575,298.0,0.5752,292.0,0.5753,281.0
1753547010714,16:23:30.714,A/USDT:USDT,0.5751,16.0,0.575,298.0,0.5752,312.0,0.5753,281.0
1753547011532,16:23:31.532,A/USDT:USDT,0.5751,16.0,0.575,298.0,0.5752,42.0,0.5753,281.0
1753547013319,16:23:33.319,A/USDT:USDT,0.5751,16.0,0.575,298.0,0.5752,42.0,0.5753,281.0
1753547013601,16:23:33.601,A/USDT:USDT,0.5751,16.0,0.575,298.0,0.5752,42.0,0.5753,281.0
1753547013911,16:23:33.911,A/USDT:USDT,0.5751,16.0,0.575,298.0,0.5752,42.0,0.5753,281.0
1753547014006,16:23:34.006,A/USDT:USDT,0.5751,16.0,0.575,298.0,0.5752,42.0,0.5753,281.0
1753547014360,16:23:34.360,A/USDT:USDT,0.5751,16.0,0.575,298.0,0.5752,42.0,0.5753,281.0
1753547014552,16:23:34.552,A/USDT:USDT,0.5751,16.0,0.575,298.0,0.5752,42.0,0.5753,281.0
1753547014643,16:23:34.643,A/USDT:USDT,0.5751,16.0,0.575,298.0,0.5752,31.0,0.5753,281.0
1753547014776,16:23:34.776,A/USDT:USDT,0.5751,16.0,0.575,298.0,0.5752,42.0,0.5753,281.0
1753547014869,16:23:34.869,A/USDT:USDT,0.5751,16.0,0.575,298.0,0.5752,42.0,0.5753,281.0
1753547014888,16:23:34.888,A/USDT:USDT,0.5751,16.0,0.575,298.0,0.5752,42.0,0.5753,281.0
1753547014997,16:23:34.997,A/USDT:USDT,0.5751,16.0,0.575,298.0,0.5752,42.0,0.5753,281.0
1753547015487,16:23:35.487,A/USDT:USDT,0.5751,16.0,0.575,298.0,0.5752,42.0,0.5753,281.0
1753547017292,16:23:37.292,A/USDT:USDT,0.5751,16.0,0.575,298.0,0.5752,42.0,0.5753,281.0
1753547017557,16:23:37.557,A/USDT:USDT,0.5751,16.0,0.575,298.0,0.5752,42.0,0.5753,281.0
1753547017585,16:23:37.585,A/USDT:USDT,0.5751,16.0,0.575,298.0,0.5752,42.0,0.5753,281.0
1753547018951,16:23:38.951,A/USDT:USDT,0.5751,16.0,0.575,298.0,0.5752,42.0,0.5753,281.0
1753547020063,16:23:40.063,A/USDT:USDT,0.5751,16.0,0.575,298.0,0.5752,42.0,0.5753,281.0
1753547020216,16:23:40.216,A/USDT:USDT,0.5751,16.0,0.575,298.0,0.5752,42.0,0.5753,281.0
1753547021237,16:23:41.237,A/USDT:USDT,0.5751,16.0,0.575,298.0,0.5752,42.0,0.5753,281.0
1753547021764,16:23:41.764,A/USDT:USDT,0.5751,16.0,0.575,298.0,0.5752,42.0,0.5753,281.0
1753547022177,16:23:42.177,A/USDT:USDT,0.5751,16.0,0.575,298.0,0.5752,31.0,0.5753,281.0
1753547023084,16:23:43.084,A/USDT:USDT,0.5751,16.0,0.575,298.0,0.5752,31.0,0.5753,281.0
1753547023778,16:23:43.778,A/USDT:USDT,0.5751,16.0,0.575,298.0,0.5752,31.0,0.5753,281.0
1753547023782,16:23:43.782,A/USDT:USDT,0.5751,16.0,0.575,298.0,0.5752,42.0,0.5753,281.0
1753547024279,16:23:44.279,A/USDT:USDT,0.5751,16.0,0.575,298.0,0.5752,42.0,0.5753,1165.0
1753547024281,16:23:44.281,A/USDT:USDT,0.5751,16.0,0.575,298.0,0.5752,31.0,0.5753,1165.0
1753547024755,16:23:44.755,A/USDT:USDT,0.5751,16.0,0.575,298.0,0.5752,42.0,0.5753,1165.0
1753547025938,16:23:45.938,A/USDT:USDT,0.5751,16.0,0.575,298.0,0.5752,20.0,0.5753,1154.0
1753547026577,16:23:46.577,A/USDT:USDT,0.5751,16.0,0.575,298.0,0.5752,20.0,0.5753,1154.0
1753547026582,16:23:46.582,A/USDT:USDT,0.5751,16.0,0.575,298.0,0.5752,20.0,0.5753,1154.0
1753547026790,16:23:46.790,A/USDT:USDT,0.5751,16.0,0.575,298.0,0.5752,20.0,0.5753,1154.0
1753547026977,16:23:46.977,A/USDT:USDT,0.5751,16.0,0.575,298.0,0.5752,31.0,0.5753,1154.0
1753547027646,16:23:47.646,A/USDT:USDT,0.5751,16.0,0.575,298.0,0.5752,20.0,0.5753,1154.0
1753547027775,16:23:47.775,A/USDT:USDT,0.5751,16.0,0.575,298.0,0.5752,31.0,0.5753,1154.0
1753547028636,16:23:48.636,A/USDT:USDT,0.5751,16.0,0.575,298.0,0.5752,20.0,0.5753,1154.0
1753547030936,16:23:50.936,A/USDT:USDT,0.5751,16.0,0.575,298.0,0.5752,42.0,0.5753,1154.0
1753547031769,16:23:51.769,A/USDT:USDT,0.5751,16.0,0.575,298.0,0.5752,42.0,0.5753,1154.0
1753547032014,16:23:52.014,A/USDT:USDT,0.5751,16.0,0.575,298.0,0.5752,4377.0,0.5753,1154.0
1753547032638,16:23:52.638,A/USDT:USDT,0.5751,16.0,0.575,298.0,0.5752,4377.0,0.5753,1154.0
1753547036570,16:23:56.570,A/USDT:USDT,0.5751,16.0,0.575,298.0,0.5752,4377.0,0.5753,1154.0
1753547036904,16:23:56.904,A/USDT:USDT,0.5751,16.0,0.575,298.0,0.5752,4377.0,0.5753,1154.0
1753547038789,16:23:58.789,A/USDT:USDT,0.5751,16.0,0.575,298.0,0.5752,4377.0,0.5753,1154.0
1753547038958,16:23:58.958,A/USDT:USDT,0.5751,16.0,0.575,298.0,0.5752,4377.0,0.5753,1154.0
1753547040475,16:24:00.475,A/USDT:USDT,0.5751,16.0,0.575,298.0,0.5752,4377.0,0.5753,1154.0
1753547041372,16:24:01.372,A/USDT:USDT,0.5751,16.0,0.575,298.0,0.5752,4377.0,0.5753,1154.0
1753547043037,16:24:03.037,A/USDT:USDT,0.5751,16.0,0.575,298.0,0.5752,4355.0,0.5753,1154.0
1753547043084,16:24:03.084,A/USDT:USDT,0.5751,16.0,0.575,298.0,0.5752,4366.0,0.5753,1154.0
1753547043496,16:24:03.496,A/USDT:USDT,0.5751,16.0,0.575,298.0,0.5752,4355.0,0.5753,1154.0
1753547043583,16:24:03.583,A/USDT:USDT,0.5751,16.0,0.575,298.0,0.5752,4366.0,0.5753,1154.0
1753547043823,16:24:03.823,A/USDT:USDT,0.5751,16.0,0.575,298.0,0.5752,4366.0,0.5753,1154.0
1753547044061,16:24:04.061,A/USDT:USDT,0.5751,16.0,0.575,298.0,0.5752,4355.0,0.5753,1154.0
1753547044172,16:24:04.172,A/USDT:USDT,0.5751,16.0,0.575,298.0,0.5752,4355.0,0.5753,1154.0
1753547044286,16:24:04.286,A/USDT:USDT,0.5751,16.0,0.575,298.0,0.5752,4355.0,0.5753,1154.0
1753547045706,16:24:05.706,A/USDT:USDT,0.5751,16.0,0.575,298.0,0.5752,4377.0,0.5753,1154.0
1753547046169,16:24:06.169,A/USDT:USDT,0.5751,16.0,0.575,298.0,0.5752,4377.0,0.5753,1154.0
1753547046266,16:24:06.266,A/USDT:USDT,0.5751,16.0,0.575,298.0,0.5752,4355.0,0.5753,1154.0
1753547046319,16:24:06.319,A/USDT:USDT,0.5751,16.0,0.575,298.0,0.5752,4377.0,0.5753,1154.0
1753547047631,16:24:07.631,A/USDT:USDT,0.5751,16.0,0.575,298.0,0.5752,4366.0,0.5753,1154.0
1753547047820,16:24:07.820,A/USDT:USDT,0.5751,16.0,0.575,298.0,0.5752,4355.0,0.5753,1154.0
1753547048157,16:24:08.157,A/USDT:USDT,0.5751,16.0,0.575,298.0,0.5752,4366.0,0.5753,1154.0
1753547048257,16:24:08.257,A/USDT:USDT,0.5751,16.0,0.575,298.0,0.5752,4366.0,0.5753,1154.0
1753547048374,16:24:08.374,A/USDT:USDT,0.5751,16.0,0.575,298.0,0.5752,4377.0,0.5753,1154.0
1753547048827,16:24:08.827,A/USDT:USDT,0.5751,16.0,0.575,298.0,0.5752,4377.0,0.5753,1154.0
1753547048957,16:24:08.957,A/USDT:USDT,0.5751,16.0,0.575,298.0,0.5752,4377.0,0.5753,1154.0
1753547049179,16:24:09.179,A/USDT:USDT,0.5751,16.0,0.575,298.0,0.5752,4377.0,0.5753,1154.0
1753547049190,16:24:09.190,A/USDT:USDT,0.5751,16.0,0.575,298.0,0.5752,4377.0,0.5753,1154.0
1753547049724,16:24:09.724,A/USDT:USDT,0.5751,16.0,0.575,298.0,0.5752,4377.0,0.5753,1154.0
1753547050117,16:24:10.117,A/USDT:USDT,0.5751,16.0,0.575,298.0,0.5752,4377.0,0.5753,1154.0
1753547050599,16:24:10.599,A/USDT:USDT,0.5751,16.0,0.575,298.0,0.5752,4377.0,0.5753,1154.0
1753547050683,16:24:10.683,A/USDT:USDT,0.5751,16.0,0.575,298.0,0.5752,4366.0,0.5753,1154.0
1753547050976,16:24:10.976,A/USDT:USDT,0.5751,16.0,0.575,298.0,0.5752,4377.0,0.5753,1154.0
1753547051063,16:24:11.063,A/USDT:USDT,0.5751,16.0,0.575,298.0,0.5752,4355.0,0.5753,1154.0
1753547051189,16:24:11.189,A/USDT:USDT,0.5751,16.0,0.575,298.0,0.5752,4355.0,0.5753,1154.0
1753547051770,16:24:11.770,A/USDT:USDT,0.5751,16.0,0.575,298.0,0.5752,4377.0,0.5753,1154.0
1753547052419,16:24:12.419,A/USDT:USDT,0.5751,16.0,0.575,298.0,0.5752,4377.0,0.5753,1154.0
1753547052976,16:24:12.976,A/USDT:USDT,0.5751,16.0,0.575,298.0,0.5752,4377.0,0.5753,1154.0
1753547053159,16:24:13.159,A/USDT:USDT,0.5751,16.0,0.575,298.0,0.5752,4377.0,0.5753,1154.0
1753547054908,16:24:14.908,A/USDT:USDT,0.5751,16.0,0.575,298.0,0.5752,4377.0,0.5753,1154.0
1753547055157,16:24:15.157,A/USDT:USDT,0.5751,16.0,0.575,298.0,0.5752,4377.0,0.5753,1154.0
1753547056775,16:24:16.775,A/USDT:USDT,0.5751,16.0,0.575,298.0,0.5752,4377.0,0.5753,1154.0
1753547056803,16:24:16.803,A/USDT:USDT,0.5751,16.0,0.575,298.0,0.5752,4377.0,0.5753,1154.0
1753547056918,16:24:16.918,A/USDT:USDT,0.5751,16.0,0.575,298.0,0.5752,4377.0,0.5753,1154.0
1753547057767,16:24:17.767,A/USDT:USDT,0.5751,16.0,0.575,298.0,0.5752,4366.0,0.5753,1154.0
1753547057837,16:24:17.837,A/USDT:USDT,0.5751,16.0,0.575,298.0,0.5752,4366.0,0.5753,1154.0
1753547058257,16:24:18.257,A/USDT:USDT,0.5751,16.0,0.575,298.0,0.5752,4366.0,0.5753,1154.0
1753547058405,16:24:18.405,A/USDT:USDT,0.5751,16.0,0.575,298.0,0.5752,4355.0,0.5753,1154.0
1753547058880,16:24:18.880,A/USDT:USDT,0.5751,106.0,0.575,298.0,0.5752,4355.0,0.5753,1154.0
1753547058954,16:24:18.954,A/USDT:USDT,0.5751,128.0,0.575,298.0,0.5752,20.0,0.5754,2915.0
1753547059044,16:24:19.044,A/USDT:USDT,0.5751,117.0,0.575,298.0,0.5752,4342.0,0.5754,2915.0
1753547059169,16:24:19.169,A/USDT:USDT,0.5751,117.0,0.575,298.0,0.5753,20.0,0.5754,2915.0
1753547059277,16:24:19.277,A/USDT:USDT,0.5752,90.0,0.5751,326.0,0.5753,4342.0,0.5754,2007.0
1753547059480,16:24:19.480,A/USDT:USDT,0.5752,90.0,0.5751,326.0,0.5753,4342.0,0.5754,2007.0
1753547059977,16:24:19.977,A/USDT:USDT,0.5752,90.0,0.5751,315.0,0.5753,4342.0,0.5754,2007.0
1753547060307,16:24:20.307,A/USDT:USDT,0.5752,90.0,0.5751,315.0,0.5753,4342.0,0.5754,2007.0
1753547060424,16:24:20.424,A/USDT:USDT,0.5752,90.0,0.5751,315.0,0.5753,4342.0,0.5754,2007.0
1753547061161,16:24:21.161,A/USDT:USDT,0.5751,106.0,0.575,298.0,0.5753,4342.0,0.5754,2007.0
1753547061197,16:24:21.197,A/USDT:USDT,0.5751,117.0,0.575,298.0,0.5753,4322.0,0.5754,2007.0
1753547061537,16:24:21.537,A/USDT:USDT,0.5751,106.0,0.575,298.0,0.5753,4322.0,0.5754,2007.0
1753547062894,16:24:22.894,A/USDT:USDT,0.5751,117.0,0.575,298.0,0.5753,4322.0,0.5754,2007.0
1753547062993,16:24:22.993,A/USDT:USDT,0.5751,117.0,0.575,298.0,0.5753,4322.0,0.5754,2007.0
1753547063170,16:24:23.170,A/USDT:USDT,0.5751,117.0,0.575,298.0,0.5753,4322.0,0.5754,2007.0
1753547063494,16:24:23.494,A/USDT:USDT,0.5751,117.0,0.575,298.0,0.5753,4322.0,0.5754,2007.0
1753547065567,16:24:25.567,A/USDT:USDT,0.5751,106.0,0.575,298.0,0.5753,4322.0,0.5754,2007.0
1753547065856,16:24:25.856,A/USDT:USDT,0.5751,117.0,0.575,298.0,0.5753,4322.0,0.5754,2007.0
1753547067970,16:24:27.970,A/USDT:USDT,0.5751,117.0,0.575,298.0,0.5753,4322.0,0.5754,2007.0
1753547068067,16:24:28.067,A/USDT:USDT,0.5751,117.0,0.575,298.0,0.5753,4322.0,0.5754,2007.0
1753547068289,16:24:28.289,A/USDT:USDT,0.5751,117.0,0.575,298.0,0.5753,4322.0,0.5754,2007.0
1753547068392,16:24:28.392,A/USDT:USDT,0.5751,117.0,0.575,298.0,0.5753,4322.0,0.5754,2007.0
1753547068775,16:24:28.775,A/USDT:USDT,0.5751,117.0,0.575,298.0,0.5753,4322.0,0.5754,2007.0
1753547070716,16:24:30.716,A/USDT:USDT,0.5751,106.0,0.575,298.0,0.5753,4322.0,0.5754,2007.0
1753547071078,16:24:31.078,A/USDT:USDT,0.5751,117.0,0.575,298.0,0.5753,4322.0,0.5754,360.0
1753547071847,16:24:31.847,A/USDT:USDT,0.5751,117.0,0.575,298.0,0.5753,4322.0,0.5754,5.0
1753547071894,16:24:31.894,A/USDT:USDT,0.5751,117.0,0.575,298.0,0.5753,4322.0,0.5754,5.0
1753547072175,16:24:32.175,A/USDT:USDT,0.5751,117.0,0.575,298.0,0.5753,4322.0,0.5754,267.0
1753547072771,16:24:32.771,A/USDT:USDT,0.5751,117.0,0.575,298.0,0.5753,4322.0,0.5754,267.0
1753547074019,16:24:34.019,A/USDT:USDT,0.5751,117.0,0.575,298.0,0.5753,4322.0,0.5754,267.0
1753547075214,16:24:35.214,A/USDT:USDT,0.5751,117.0,0.575,298.0,0.5753,4322.0,0.5754,267.0
1753547075474,16:24:35.474,A/USDT:USDT,0.5752,101.0,0.5751,368.0,0.5753,4322.0,0.5754,5.0
1753547075577,16:24:35.577,A/USDT:USDT,0.5752,90.0,0.5751,576.0,0.5753,4322.0,0.5754,25.0
1753547075672,16:24:35.672,A/USDT:USDT,0.5753,90.0,0.5752,298.0,0.5754,25.0,0.5755,818.0
1753547075733,16:24:35.733,A/USDT:USDT,0.5753,16.0,0.5752,298.0,0.5754,4346.0,0.5755,818.0
1753547076022,16:24:36.022,A/USDT:USDT,0.5753,16.0,0.5752,298.0,0.5754,4346.0,0.5755,818.0
1753547076230,16:24:36.230,A/USDT:USDT,0.5753,16.0,0.5752,298.0,0.5754,4346.0,0.5755,818.0
1753547076440,16:24:36.440,A/USDT:USDT,0.5753,16.0,0.5752,298.0,0.5754,4346.0,0.5755,818.0
1753547076661,16:24:36.661,A/USDT:USDT,0.5753,16.0,0.5752,298.0,0.5754,4346.0,0.5755,818.0
1753547077219,16:24:37.219,A/USDT:USDT,0.5753,16.0,0.5752,298.0,0.5754,4346.0,0.5755,818.0
1753547077577,16:24:37.577,A/USDT:USDT,0.5753,16.0,0.5752,298.0,0.5754,4357.0,0.5755,818.0
1753547077754,16:24:37.754,A/USDT:USDT,0.5753,16.0,0.5752,298.0,0.5754,4346.0,0.5755,818.0
1753547078602,16:24:38.602,A/USDT:USDT,0.5753,16.0,0.5752,298.0,0.5754,4346.0,0.5755,818.0
1753547079147,16:24:39.147,A/USDT:USDT,0.5753,16.0,0.5752,298.0,0.5754,4346.0,0.5755,818.0
1753547079427,16:24:39.427,A/USDT:USDT,0.5753,16.0,0.5752,298.0,0.5754,4346.0,0.5755,818.0
1753547080522,16:24:40.522,A/USDT:USDT,0.5753,16.0,0.5752,298.0,0.5754,4346.0,0.5755,818.0
1753547080624,16:24:40.624,A/USDT:USDT,0.5753,16.0,0.5752,298.0,0.5754,4346.0,0.5755,818.0
1753547081024,16:24:41.024,A/USDT:USDT,0.5753,16.0,0.5752,298.0,0.5754,4346.0,0.5755,818.0
1753547081083,16:24:41.083,A/USDT:USDT,0.5753,16.0,0.5752,298.0,0.5754,4346.0,0.5755,818.0
1753547081277,16:24:41.277,A/USDT:USDT,0.5753,300.0,0.5752,298.0,0.5756,1637.0,0.5757,2244.0
1753547081375,16:24:41.375,A/USDT:USDT,0.5754,90.0,0.5753,587.0,0.5755,20.0,0.5756,463.0
1753547081422,16:24:41.422,A/USDT:USDT,0.5754,107.0,0.5753,587.0,0.5755,4339.0,0.5756,3.0
1753547081627,16:24:41.627,A/USDT:USDT,0.5754,107.0,0.5753,587.0,0.5755,19.0,0.5756,4323.0
1753547081683,16:24:41.683,A/USDT:USDT,0.5754,107.0,0.5753,587.0,0.5755,19.0,0.5756,4323.0
1753547081909,16:24:41.909,A/USDT:USDT,0.5754,107.0,0.5753,587.0,0.5755,19.0,0.5756,4323.0
1753547082144,16:24:42.144,A/USDT:USDT,0.5754,107.0,0.5753,587.0,0.5755,19.0,0.5756,4323.0
1753547082370,16:24:42.370,A/USDT:USDT,0.5754,107.0,0.5753,587.0,0.5755,19.0,0.5756,4323.0
1753547082435,16:24:42.435,A/USDT:USDT,0.5754,107.0,0.5753,587.0,0.5755,19.0,0.5756,4323.0
1753547083089,16:24:43.089,A/USDT:USDT,0.5754,107.0,0.5753,587.0,0.5755,19.0,0.5756,4323.0
1753547083740,16:24:43.740,A/USDT:USDT,0.5754,107.0,0.5753,587.0,0.5755,19.0,0.5756,4323.0
1753547083844,16:24:43.844,A/USDT:USDT,0.5754,107.0,0.5753,587.0,0.5755,19.0,0.5756,4323.0
1753547084336,16:24:44.336,A/USDT:USDT,0.5754,107.0,0.5753,587.0,0.5755,19.0,0.5756,4323.0
1753547084635,16:24:44.635,A/USDT:USDT,0.5754,107.0,0.5753,587.0,0.5755,19.0,0.5756,4323.0
1753547084837,16:24:44.837,A/USDT:USDT,0.5754,107.0,0.5753,587.0,0.5755,19.0,0.5756,4323.0
1753547085203,16:24:45.203,A/USDT:USDT,0.5754,107.0,0.5753,587.0,0.5755,19.0,0.5756,4323.0
1753547085341,16:24:45.341,A/USDT:USDT,0.5754,107.0,0.5753,587.0,0.5755,19.0,0.5756,4323.0
1753547085418,16:24:45.418,A/USDT:USDT,0.5754,107.0,0.5753,587.0,0.5755,19.0,0.5756,4323.0
1753547085517,16:24:45.517,A/USDT:USDT,0.5754,107.0,0.5753,587.0,0.5755,19.0,0.5756,4323.0
1753547086820,16:24:46.820,A/USDT:USDT,0.5754,107.0,0.5753,587.0,0.5755,19.0,0.5756,4323.0
1753547086952,16:24:46.952,A/USDT:USDT,0.5754,107.0,0.5753,587.0,0.5755,19.0,0.5756,4323.0
1753547087170,16:24:47.170,A/USDT:USDT,0.5754,107.0,0.5753,587.0,0.5755,19.0,0.5756,4323.0
1753547087658,16:24:47.658,A/USDT:USDT,0.5754,107.0,0.5753,576.0,0.5755,30.0,0.5756,4323.0
1753547087744,16:24:47.744,A/USDT:USDT,0.5754,17.0,0.5753,576.0,0.5755,30.0,0.5756,4323.0
1753547087818,16:24:47.818,A/USDT:USDT,0.5754,17.0,0.5753,576.0,0.5755,30.0,0.5756,4323.0
1753547088004,16:24:48.004,A/USDT:USDT,0.5754,17.0,0.5753,314.0,0.5755,30.0,0.5756,4323.0
1753547088176,16:24:48.176,A/USDT:USDT,0.5754,17.0,0.5753,314.0,0.5755,19.0,0.5756,4323.0
1753547088412,16:24:48.412,A/USDT:USDT,0.5754,17.0,0.5753,314.0,0.5755,19.0,0.5756,4323.0
1753547090602,16:24:50.602,A/USDT:USDT,0.5754,17.0,0.5753,314.0,0.5755,19.0,0.5756,4323.0
1753547090861,16:24:50.861,A/USDT:USDT,0.5754,17.0,0.5753,314.0,0.5755,19.0,0.5756,4323.0
1753547091018,16:24:51.018,A/USDT:USDT,0.5754,17.0,0.5753,314.0,0.5755,19.0,0.5756,4323.0
1753547091135,16:24:51.135,A/USDT:USDT,0.5754,17.0,0.5753,314.0,0.5755,19.0,0.5756,4323.0
1753547091971,16:24:51.971,A/USDT:USDT,0.5754,17.0,0.5753,314.0,0.5755,19.0,0.5756,4323.0
1753547092140,16:24:52.140,A/USDT:USDT,0.5754,17.0,0.5753,314.0,0.5755,19.0,0.5756,4323.0
1753547092289,16:24:52.289,A/USDT:USDT,0.5754,17.0,0.5753,314.0,0.5755,19.0,0.5756,4323.0
1753547092862,16:24:52.862,A/USDT:USDT,0.5754,17.0,0.5753,314.0,0.5755,19.0,0.5756,4323.0
1753547093193,16:24:53.193,A/USDT:USDT,0.5754,17.0,0.5753,314.0,0.5755,19.0,0.5756,4323.0
1753547093447,16:24:53.447,A/USDT:USDT,0.5754,17.0,0.5753,314.0,0.5755,19.0,0.5756,4323.0
1753547093709,16:24:53.709,A/USDT:USDT,0.5754,17.0,0.5753,314.0,0.5755,19.0,0.5756,4323.0
1753547096771,16:24:56.771,A/USDT:USDT,0.5754,17.0,0.5753,314.0,0.5755,19.0,0.5756,4323.0
1753547096782,16:24:56.782,A/USDT:USDT,0.5754,17.0,0.5753,314.0,0.5755,19.0,0.5756,4323.0
1753547096979,16:24:56.979,A/USDT:USDT,0.5754,17.0,0.5753,314.0,0.5755,19.0,0.5756,4323.0
1753547096999,16:24:56.999,A/USDT:USDT,0.5754,17.0,0.5753,314.0,0.5755,19.0,0.5756,4323.0
1753547097083,16:24:57.083,A/USDT:USDT,0.5754,17.0,0.5753,314.0,0.5755,19.0,0.5756,4323.0
1753547098403,16:24:58.403,A/USDT:USDT,0.5754,17.0,0.5753,314.0,0.5755,19.0,0.5756,4323.0
1753547098709,16:24:58.709,A/USDT:USDT,0.5754,17.0,0.5753,314.0,0.5755,19.0,0.5756,4323.0
1753547098962,16:24:58.962,A/USDT:USDT,0.5754,17.0,0.5753,314.0,0.5755,19.0,0.5756,4323.0
1753547100122,16:25:00.122,A/USDT:USDT,0.5754,17.0,0.5753,314.0,0.5755,30.0,0.5756,4323.0
1753547100341,16:25:00.341,A/USDT:USDT,0.5754,17.0,0.5753,16.0,0.5755,306.0,0.5756,4323.0
1753547100444,16:25:00.444,A/USDT:USDT,0.5752,33.0,0.5751,262.0,0.5755,1603.0,0.5756,4323.0
1753547100579,16:25:00.579,A/USDT:USDT,0.5752,33.0,0.5751,560.0,0.5755,1603.0,0.5756,4323.0
1753547100602,16:25:00.602,A/USDT:USDT,0.5752,33.0,0.5751,560.0,0.5755,1603.0,0.5756,4323.0
1753547100769,16:25:00.769,A/USDT:USDT,0.5752,33.0,0.5751,560.0,0.5755,1592.0,0.5756,4323.0
1753547100868,16:25:00.868,A/USDT:USDT,0.5752,33.0,0.5751,560.0,0.5755,1592.0,0.5756,4323.0
1753547100959,16:25:00.959,A/USDT:USDT,0.5752,33.0,0.5751,560.0,0.5755,1582.0,0.5756,4323.0
1753547101077,16:25:01.077,A/USDT:USDT,0.5752,299.0,0.5751,560.0,0.5755,1582.0,0.5756,4323.0
1753547101167,16:25:01.167,A/USDT:USDT,0.5752,299.0,0.5751,560.0,0.5755,1316.0,0.5756,4323.0
1753547101286,16:25:01.286,A/USDT:USDT,0.5752,299.0,0.5751,560.0,0.5755,1316.0,0.5756,4323.0
1753547101576,16:25:01.576,A/USDT:USDT,0.5752,299.0,0.5751,560.0,0.5755,1316.0,0.5756,4323.0
1753547101602,16:25:01.602,A/USDT:USDT,0.5752,299.0,0.5751,560.0,0.5755,1316.0,0.5756,4323.0
1753547101784,16:25:01.784,A/USDT:USDT,0.5752,299.0,0.5751,560.0,0.5755,1316.0,0.5756,4323.0
1753547102673,16:25:02.673,A/USDT:USDT,0.5752,299.0,0.5751,560.0,0.5755,1316.0,0.5756,4323.0
1753547103575,16:25:03.575,A/USDT:USDT,0.5753,276.0,0.5752,299.0,0.5755,1316.0,0.5756,4323.0
1753547103603,16:25:03.603,A/USDT:USDT,0.5753,266.0,0.5752,266.0,0.5755,1297.0,0.5756,4323.0
1753547103754,16:25:03.754,A/USDT:USDT,0.5753,276.0,0.5752,564.0,0.5755,1297.0,0.5756,4323.0
1753547103836,16:25:03.836,A/USDT:USDT,0.5753,266.0,0.5752,564.0,0.5755,1297.0,0.5756,4323.0
1753547104036,16:25:04.036,A/USDT:USDT,0.5753,276.0,0.5752,564.0,0.5755,1297.0,0.5756,4323.0
1753547104082,16:25:04.082,A/USDT:USDT,0.5753,266.0,0.5752,564.0,0.5755,1297.0,0.5756,4323.0
1753547104196,16:25:04.196,A/USDT:USDT,0.5753,276.0,0.5752,564.0,0.5755,1297.0,0.5756,4323.0
1753547104395,16:25:04.395,A/USDT:USDT,0.5753,266.0,0.5752,564.0,0.5755,1297.0,0.5756,4323.0
1753547104522,16:25:04.522,A/USDT:USDT,0.5751,262.0,0.575,653.0,0.5755,1297.0,0.5756,4323.0
1753547104663,16:25:04.663,A/USDT:USDT,0.5753,90.0,0.5752,617.0,0.5754,3.0,0.5755,1297.0
1753547104737,16:25:04.737,A/USDT:USDT,0.5753,90.0,0.5752,617.0,0.5754,3.0,0.5755,1297.0
1753547104839,16:25:04.839,A/USDT:USDT,0.5753,90.0,0.5752,617.0,0.5754,3.0,0.5755,1297.0
1753547105178,16:25:05.178,A/USDT:USDT,0.5753,90.0,0.5752,351.0,0.5754,3.0,0.5755,1297.0
1753547105264,16:25:05.264,A/USDT:USDT,0.5753,90.0,0.5752,331.0,0.5754,13.0,0.5755,1317.0
1753547105311,16:25:05.311,A/USDT:USDT,0.5753,90.0,0.5752,331.0,0.5754,3.0,0.5755,1317.0
1753547105872,16:25:05.872,A/USDT:USDT,0.5753,90.0,0.5752,331.0,0.5754,3.0,0.5755,1317.0
1753547106062,16:25:06.062,A/USDT:USDT,0.5753,90.0,0.5752,331.0,0.5754,13.0,0.5755,1307.0
1753547106134,16:25:06.134,A/USDT:USDT,0.5752,33.0,0.5751,560.0,0.5754,13.0,0.5755,1307.0
1753547106220,16:25:06.220,A/USDT:USDT,0.5752,33.0,0.5751,298.0,0.5754,286.0,0.5755,1297.0
1753547106372,16:25:06.372,A/USDT:USDT,0.5752,33.0,0.5751,298.0,0.5754,286.0,0.5755,1297.0
1753547106422,16:25:06.422,A/USDT:USDT,0.5752,33.0,0.5751,298.0,0.5754,286.0,0.5755,1297.0
1753547106505,16:25:06.505,A/USDT:USDT,0.5752,33.0,0.5751,298.0,0.5754,286.0,0.5755,1297.0
1753547107502,16:25:07.502,A/USDT:USDT,0.5752,33.0,0.5751,298.0,0.5754,286.0,0.5755,1297.0
1753547107769,16:25:07.769,A/USDT:USDT,0.5752,33.0,0.5751,298.0,0.5754,276.0,0.5755,1297.0
1753547108374,16:25:08.374,A/USDT:USDT,0.5752,33.0,0.5751,298.0,0.5754,276.0,0.5755,1297.0
1753547108506,16:25:08.506,A/USDT:USDT,0.5752,33.0,0.5751,298.0,0.5754,286.0,0.5755,1297.0
1753547109217,16:25:09.217,A/USDT:USDT,0.5752,33.0,0.5751,298.0,0.5754,286.0,0.5755,1297.0
1753547109709,16:25:09.709,A/USDT:USDT,0.5752,33.0,0.5751,298.0,0.5754,286.0,0.5755,1297.0
1753547109952,16:25:09.952,A/USDT:USDT,0.5752,33.0,0.5751,298.0,0.5754,286.0,0.5755,1297.0
1753547109982,16:25:09.982,A/USDT:USDT,0.5752,33.0,0.5751,298.0,0.5754,276.0,0.5755,1297.0
1753547110179,16:25:10.179,A/USDT:USDT,0.5752,43.0,0.5751,298.0,0.5754,276.0,0.5755,1297.0
1753547110277,16:25:10.277,A/USDT:USDT,0.575,355.0,0.5749,564.0,0.5754,266.0,0.5755,1297.0
1753547110324,16:25:10.324,A/USDT:USDT,0.5752,90.0,0.5751,351.0,0.5753,3.0,0.5754,266.0
1753547110382,16:25:10.382,A/USDT:USDT,0.5752,90.0,0.5751,351.0,0.5753,3.0,0.5754,266.0
1753547110539,16:25:10.539,A/USDT:USDT,0.5752,90.0,0.5751,351.0,0.5753,3.0,0.5754,266.0
1753547110602,16:25:10.602,A/USDT:USDT,0.5752,90.0,0.5751,351.0,0.5753,3.0,0.5754,266.0
1753547110687,16:25:10.687,A/USDT:USDT,0.5752,90.0,0.5751,351.0,0.5753,3.0,0.5754,266.0
1753547110797,16:25:10.797,A/USDT:USDT,0.5752,90.0,0.5751,341.0,0.5753,3.0,0.5754,266.0
1753547110950,16:25:10.950,A/USDT:USDT,0.5752,90.0,0.5751,341.0,0.5753,3.0,0.5754,266.0
1753547111174,16:25:11.174,A/USDT:USDT,0.5752,90.0,0.5751,341.0,0.5753,3.0,0.5754,276.0
1753547111762,16:25:11.762,A/USDT:USDT,0.5752,90.0,0.5751,351.0,0.5753,3.0,0.5754,276.0
1753547111963,16:25:11.963,A/USDT:USDT,0.5752,90.0,0.5751,351.0,0.5753,3.0,0.5754,276.0
1753547112174,16:25:12.174,A/USDT:USDT,0.5752,90.0,0.5751,351.0,0.5753,3.0,0.5754,276.0
1753547112825,16:25:12.825,A/USDT:USDT,0.5752,90.0,0.5751,331.0,0.5753,13.0,0.5754,276.0
1753547112955,16:25:12.955,A/USDT:USDT,0.5752,90.0,0.5751,331.0,0.5753,3.0,0.5754,276.0
1753547113056,16:25:13.056,A/USDT:USDT,0.5752,90.0,0.5751,331.0,0.5753,3.0,0.5754,276.0
1753547113154,16:25:13.154,A/USDT:USDT,0.5752,90.0,0.5751,331.0,0.5753,3.0,0.5754,276.0
1753547113423,16:25:13.423,A/USDT:USDT,0.5752,90.0,0.5751,331.0,0.5753,3.0,0.5754,276.0
1753547113588,16:25:13.588,A/USDT:USDT,0.5752,90.0,0.5751,331.0,0.5753,3.0,0.5754,276.0
1753547113985,16:25:13.985,A/USDT:USDT,0.5752,90.0,0.5751,331.0,0.5753,3.0,0.5754,276.0
1753547114171,16:25:14.171,A/USDT:USDT,0.5752,90.0,0.5751,331.0,0.5753,3.0,0.5754,276.0
1753547114674,16:25:14.674,A/USDT:USDT,0.5751,43.0,0.575,355.0,0.5753,13.0,0.5754,266.0
1753547114686,16:25:14.686,A/USDT:USDT,0.5751,10.0,0.575,355.0,0.5753,10.0,0.5754,266.0
1753547114866,16:25:14.866,A/USDT:USDT,0.5751,10.0,0.575,652.0,0.5754,266.0,0.5755,1297.0
1753547114903,16:25:14.903,A/USDT:USDT,0.5752,123.0,0.575,652.0,0.5753,13.0,0.5754,276.0
1753547114990,16:25:14.990,A/USDT:USDT,0.5752,90.0,0.5751,33.0,0.5753,3.0,0.5754,276.0
1753547115176,16:25:15.176,A/USDT:USDT,0.5752,90.0,0.5751,330.0,0.5753,3.0,0.5754,286.0
1753547115182,16:25:15.182,A/USDT:USDT,0.5752,90.0,0.5751,330.0,0.5753,13.0,0.5754,286.0
1753547115283,16:25:15.283,A/USDT:USDT,0.5752,90.0,0.5751,330.0,0.5753,3.0,0.5754,286.0
1753547115487,16:25:15.487,A/USDT:USDT,0.5752,90.0,0.5751,330.0,0.5753,3.0,0.5754,286.0
1753547115719,16:25:15.719,A/USDT:USDT,0.5752,90.0,0.5751,330.0,0.5753,23.0,0.5754,286.0
1753547115829,16:25:15.829,A/USDT:USDT,0.5752,199.0,0.5751,330.0,0.5753,23.0,0.5754,286.0
1753547115972,16:25:15.972,A/USDT:USDT,0.5752,199.0,0.5751,330.0,0.5753,23.0,0.5754,286.0
1753547117053,16:25:17.053,A/USDT:USDT,0.5752,199.0,0.5751,330.0,0.5753,3.0,0.5754,276.0
1753547117232,16:25:17.232,A/USDT:USDT,0.5752,199.0,0.5751,330.0,0.5753,3.0,0.5754,276.0
1753547117445,16:25:17.445,A/USDT:USDT,0.5752,199.0,0.5751,330.0,0.5753,3.0,0.5754,276.0
1753547117503,16:25:17.503,A/USDT:USDT,0.5752,199.0,0.5751,330.0,0.5753,3.0,0.5754,276.0
1753547117688,16:25:17.688,A/USDT:USDT,0.5752,199.0,0.5751,330.0,0.5753,3.0,0.5754,276.0
1753547119265,16:25:19.265,A/USDT:USDT,0.5752,199.0,0.5751,330.0,0.5753,3.0,0.5754,276.0
1753547119531,16:25:19.531,A/USDT:USDT,0.5752,199.0,0.5751,330.0,0.5753,3.0,0.5754,276.0
1753547119609,16:25:19.609,A/USDT:USDT,0.5752,199.0,0.5751,330.0,0.5753,3.0,0.5754,276.0
1753547120771,16:25:20.771,A/USDT:USDT,0.5752,199.0,0.5751,330.0,0.5753,3.0,0.5754,276.0
1753547120828,16:25:20.828,A/USDT:USDT,0.5752,90.0,0.5751,330.0,0.5753,3.0,0.5754,276.0
1753547121641,16:25:21.641,A/USDT:USDT,0.5752,90.0,0.5751,330.0,0.5753,3.0,0.5754,276.0
1753547124372,16:25:24.372,A/USDT:USDT,0.5751,33.0,0.575,652.0,0.5753,271.0,0.5754,266.0
1753547124478,16:25:24.478,A/USDT:USDT,0.5751,33.0,0.575,297.0,0.5753,278.0,0.5754,266.0
1753547124513,16:25:24.513,A/USDT:USDT,0.5751,33.0,0.575,297.0,0.5753,278.0,0.5754,266.0
1753547124586,16:25:24.586,A/USDT:USDT,0.5751,33.0,0.575,297.0,0.5753,278.0,0.5754,266.0
1753547124770,16:25:24.770,A/USDT:USDT,0.5751,33.0,0.575,297.0,0.5753,278.0,0.5754,266.0
1753547125573,16:25:25.573,A/USDT:USDT,0.5751,33.0,0.575,297.0,0.5753,278.0,0.5754,266.0
1753547125602,16:25:25.602,A/USDT:USDT,0.5751,33.0,0.575,297.0,0.5753,278.0,0.5754,266.0
1753547126045,16:25:26.045,A/USDT:USDT,0.5751,33.0,0.575,297.0,0.5753,278.0,0.5754,266.0
1753547126156,16:25:26.156,A/USDT:USDT,0.5751,33.0,0.575,297.0,0.5753,278.0,0.5754,266.0
1753547126243,16:25:26.243,A/USDT:USDT,0.5751,33.0,0.575,297.0,0.5753,278.0,0.5754,266.0
1753547126573,16:25:26.573,A/USDT:USDT,0.5751,33.0,0.575,297.0,0.5754,266.0,0.5755,1297.0
1753547126636,16:25:26.636,A/USDT:USDT,0.5751,33.0,0.575,297.0,0.5753,13.0,0.5754,266.0
1753547126685,16:25:26.685,A/USDT:USDT,0.5751,33.0,0.575,297.0,0.5753,10.0,0.5754,266.0
1753547126819,16:25:26.819,A/USDT:USDT,0.5751,33.0,0.575,297.0,0.5753,10.0,0.5754,266.0
1753547127017,16:25:27.017,A/USDT:USDT,0.5751,33.0,0.575,297.0,0.5753,10.0,0.5754,266.0
1753547127547,16:25:27.547,A/USDT:USDT,0.5751,33.0,0.575,297.0,0.5753,10.0,0.5754,266.0
1753547128069,16:25:28.069,A/USDT:USDT,0.5752,90.0,0.5751,312.0,0.5755,1297.0,0.5756,5172.0
1753547128163,16:25:28.163,A/USDT:USDT,0.5753,33.0,0.5752,90.0,0.5754,3.0,0.5755,1297.0
1753547128238,16:25:28.238,A/USDT:USDT,0.5753,33.0,0.5752,90.0,0.5754,13.0,0.5755,1297.0
1753547128322,16:25:28.322,A/USDT:USDT,0.5753,123.0,0.5752,90.0,0.5754,3.0,0.5755,1297.0
1753547128435,16:25:28.435,A/USDT:USDT,0.5753,123.0,0.5752,90.0,0.5754,3.0,0.5755,1307.0
1753547128564,16:25:28.564,A/USDT:USDT,0.5753,123.0,0.5752,297.0,0.5754,3.0,0.5755,1307.0
1753547128637,16:25:28.637,A/USDT:USDT,0.5753,123.0,0.5752,297.0,0.5754,3.0,0.5755,1307.0
1753547128771,16:25:28.771,A/USDT:USDT,0.5753,123.0,0.5752,297.0,0.5754,3.0,0.5755,1307.0
1753547128782,16:25:28.782,A/USDT:USDT,0.5753,123.0,0.5752,297.0,0.5754,3.0,0.5755,1307.0
1753547129362,16:25:29.362,A/USDT:USDT,0.5753,123.0,0.5752,297.0,0.5754,3.0,0.5755,1307.0
1753547129427,16:25:29.427,A/USDT:USDT,0.5753,123.0,0.5752,297.0,0.5754,13.0,0.5755,1307.0
1753547129535,16:25:29.535,A/USDT:USDT,0.5753,123.0,0.5752,297.0,0.5754,23.0,0.5755,1307.0
1753547129665,16:25:29.665,A/USDT:USDT,0.5753,33.0,0.5752,297.0,0.5754,292.0,0.5755,1307.0
1753547129770,16:25:29.770,A/USDT:USDT,0.5753,33.0,0.575,566.0,0.5754,292.0,0.5755,1307.0
1753547129826,16:25:29.826,A/USDT:USDT,0.5751,33.0,0.575,566.0,0.5754,292.0,0.5755,1307.0
1753547130217,16:25:30.217,A/USDT:USDT,0.5751,33.0,0.575,566.0,0.5754,292.0,0.5755,1307.0
1753547130373,16:25:30.373,A/USDT:USDT,0.5751,33.0,0.575,566.0,0.5754,292.0,0.5755,1307.0
1753547130387,16:25:30.387,A/USDT:USDT,0.5751,33.0,0.575,566.0,0.5754,292.0,0.5755,1307.0
1753547130638,16:25:30.638,A/USDT:USDT,0.5751,33.0,0.575,566.0,0.5754,292.0,0.5755,1307.0
1753547130960,16:25:30.960,A/USDT:USDT,0.5751,33.0,0.575,566.0,0.5754,292.0,0.5755,1307.0
1753547131132,16:25:31.132,A/USDT:USDT,0.5751,33.0,0.575,566.0,0.5754,292.0,0.5755,1307.0
1753547133376,16:25:33.376,A/USDT:USDT,0.5751,33.0,0.575,566.0,0.5754,292.0,0.5755,1307.0
1753547134116,16:25:34.116,A/USDT:USDT,0.5751,33.0,0.575,566.0,0.5754,292.0,0.5755,1307.0
1753547134278,16:25:34.278,A/USDT:USDT,0.5751,33.0,0.575,566.0,0.5754,292.0,0.5755,1307.0
1753547134328,16:25:34.328,A/USDT:USDT,0.5751,33.0,0.575,566.0,0.5754,292.0,0.5755,1307.0
1753547135172,16:25:35.172,A/USDT:USDT,0.5751,33.0,0.575,566.0,0.5754,292.0,0.5755,1307.0
1753547135499,16:25:35.499,A/USDT:USDT,0.5751,33.0,0.575,566.0,0.5754,292.0,0.5755,1307.0
1753547135852,16:25:35.852,A/USDT:USDT,0.5752,90.0,0.5751,439.0,0.5754,292.0,0.5755,1307.0
1753547135928,16:25:35.928,A/USDT:USDT,0.5752,90.0,0.5751,406.0,0.5754,289.0,0.5755,1307.0
1753547136537,16:25:36.537,A/USDT:USDT,0.5752,90.0,0.5751,406.0,0.5754,289.0,0.5755,1307.0
1753547136744,16:25:36.744,A/USDT:USDT,0.5752,90.0,0.5751,406.0,0.5754,289.0,0.5755,1307.0
1753547138461,16:25:38.461,A/USDT:USDT,0.5751,109.0,0.575,566.0,0.5753,289.0,0.5754,289.0
1753547138823,16:25:38.823,A/USDT:USDT,0.5751,109.0,0.575,566.0,0.5753,289.0,0.5754,289.0
1753547139972,16:25:39.972,A/USDT:USDT,0.5751,109.0,0.575,566.0,0.5753,289.0,0.5754,289.0
1753547140073,16:25:40.073,A/USDT:USDT,0.5751,109.0,0.575,297.0,0.5752,269.0,0.5753,279.0
1753547140170,16:25:40.170,A/USDT:USDT,0.5751,142.0,0.575,297.0,0.5752,292.0,0.5753,279.0
1753547140182,16:25:40.182,A/USDT:USDT,0.5751,142.0,0.575,297.0,0.5752,282.0,0.5753,279.0
1753547140386,16:25:40.386,A/USDT:USDT,0.5751,142.0,0.575,297.0,0.5752,292.0,0.5753,279.0
1753547140827,16:25:40.827,A/USDT:USDT,0.5751,33.0,0.575,297.0,0.5752,292.0,0.5753,279.0
1753547141080,16:25:41.080,A/USDT:USDT,0.5751,33.0,0.575,297.0,0.5752,292.0,0.5753,279.0
1753547141199,16:25:41.199,A/USDT:USDT,0.5751,33.0,0.575,297.0,0.5752,292.0,0.5753,279.0
1753547141451,16:25:41.451,A/USDT:USDT,0.5751,33.0,0.575,297.0,0.5752,292.0,0.5753,279.0
1753547143019,16:25:43.019,A/USDT:USDT,0.5751,33.0,0.575,297.0,0.5752,292.0,0.5753,279.0
1753547143620,16:25:43.620,A/USDT:USDT,0.5751,33.0,0.575,297.0,0.5752,292.0,0.5753,279.0
1753547144586,16:25:44.586,A/USDT:USDT,0.5751,33.0,0.575,297.0,0.5752,292.0,0.5753,279.0
1753547144772,16:25:44.772,A/USDT:USDT,0.5751,33.0,0.575,297.0,0.5752,292.0,0.5753,279.0
1753547145297,16:25:45.297,A/USDT:USDT,0.5751,33.0,0.575,297.0,0.5752,292.0,0.5753,279.0
1753547145505,16:25:45.505,A/USDT:USDT,0.5751,33.0,0.575,297.0,0.5752,292.0,0.5753,279.0
1753547145906,16:25:45.906,A/USDT:USDT,0.5751,33.0,0.575,297.0,0.5752,292.0,0.5753,279.0
1753547146022,16:25:46.022,A/USDT:USDT,0.5751,33.0,0.575,297.0,0.5752,292.0,0.5753,728.0
1753547146372,16:25:46.372,A/USDT:USDT,0.5751,33.0,0.575,297.0,0.5752,292.0,0.5753,728.0
1753547147178,16:25:47.178,A/USDT:USDT,0.5747,1778.0,0.5746,2370.0,0.5751,260.0,0.5752,282.0
1753547147277,16:25:47.277,A/USDT:USDT,0.5748,272.0,0.5747,1624.0,0.575,33.0,0.5751,260.0
1753547147354,16:25:47.354,A/USDT:USDT,0.5748,270.0,0.5747,1624.0,0.575,33.0,0.5751,260.0
1753547147469,16:25:47.469,A/USDT:USDT,0.5748,270.0,0.5747,1624.0,0.575,33.0,0.5752,269.0
1753547147487,16:25:47.487,A/USDT:USDT,0.5748,270.0,0.5747,1624.0,0.5751,33.0,0.5752,269.0
1753547147665,16:25:47.665,A/USDT:USDT,0.575,90.0,0.5749,2.0,0.5751,33.0,0.5752,269.0
1753547147707,16:25:47.707,A/USDT:USDT,0.575,90.0,0.5749,2.0,0.5751,33.0,0.5752,269.0
1753547147835,16:25:47.835,A/USDT:USDT,0.575,90.0,0.5749,299.0,0.5751,33.0,0.5752,269.0
1753547147888,16:25:47.888,A/USDT:USDT,0.575,90.0,0.5749,299.0,0.5751,33.0,0.5752,269.0
1753547148222,16:25:48.222,A/USDT:USDT,0.575,90.0,0.5749,299.0,0.5751,33.0,0.5752,279.0
1753547148286,16:25:48.286,A/USDT:USDT,0.575,92.0,0.5749,299.0,0.5751,33.0,0.5752,279.0
1753547148542,16:25:48.542,A/USDT:USDT,0.575,92.0,0.5749,299.0,0.5751,33.0,0.5752,279.0
1753547148651,16:25:48.651,A/USDT:USDT,0.575,92.0,0.5749,299.0,0.5751,33.0,0.5752,279.0
1753547148721,16:25:48.721,A/USDT:USDT,0.575,2.0,0.5749,299.0,0.5751,33.0,0.5752,279.0
1753547148835,16:25:48.835,A/USDT:USDT,0.575,2.0,0.5749,299.0,0.5751,33.0,0.5752,279.0
1753547149053,16:25:49.053,A/USDT:USDT,0.575,2.0,0.5749,299.0,0.5751,33.0,0.5752,279.0
1753547149275,16:25:49.275,A/USDT:USDT,0.575,2.0,0.5749,299.0,0.5751,33.0,0.5752,279.0
1753547149374,16:25:49.374,A/USDT:USDT,0.575,2.0,0.5749,299.0,0.5751,33.0,0.5752,279.0
1753547149573,16:25:49.573,A/USDT:USDT,0.575,2.0,0.5749,299.0,0.5751,33.0,0.5752,279.0
1753547149607,16:25:49.607,A/USDT:USDT,0.575,2.0,0.5749,299.0,0.5751,33.0,0.5752,279.0
1753547150122,16:25:50.122,A/USDT:USDT,0.575,2.0,0.5749,299.0,0.5751,33.0,0.5752,279.0
1753547150698,16:25:50.698,A/USDT:USDT,0.575,2.0,0.5749,299.0,0.5751,33.0,0.5752,279.0
1753547151500,16:25:51.500,A/USDT:USDT,0.575,2.0,0.5749,299.0,0.5751,33.0,0.5752,279.0
1753547151870,16:25:51.870,A/USDT:USDT,0.575,2.0,0.5749,299.0,0.5751,33.0,0.5752,279.0
1753547152004,16:25:52.004,A/USDT:USDT,0.575,2.0,0.5749,299.0,0.5751,33.0,0.5752,279.0
1753547152210,16:25:52.210,A/USDT:USDT,0.575,2.0,0.5749,299.0,0.5751,33.0,0.5752,279.0
1753547153895,16:25:53.895,A/USDT:USDT,0.575,2.0,0.5749,299.0,0.5751,53.0,0.5752,269.0
1753547154236,16:25:54.236,A/USDT:USDT,0.575,2.0,0.5749,299.0,0.5751,43.0,0.5752,269.0
1753547154373,16:25:54.373,A/USDT:USDT,0.575,2.0,0.5749,299.0,0.5751,33.0,0.5752,269.0
1753547154383,16:25:54.383,A/USDT:USDT,0.575,92.0,0.5749,299.0,0.5751,33.0,0.5752,269.0
1753547154496,16:25:54.496,A/USDT:USDT,0.575,92.0,0.5749,299.0,0.5751,33.0,0.5752,269.0
1753547155255,16:25:55.255,A/USDT:USDT,0.575,92.0,0.5749,299.0,0.5751,33.0,0.5752,269.0
1753547155440,16:25:55.440,A/USDT:USDT,0.575,92.0,0.5749,299.0,0.5751,33.0,0.5752,269.0
1753547155722,16:25:55.722,A/USDT:USDT,0.575,2.0,0.5749,299.0,0.5751,53.0,0.5752,269.0
1753547155960,16:25:55.960,A/USDT:USDT,0.575,2.0,0.5749,299.0,0.5751,43.0,0.5752,269.0
1753547156376,16:25:56.376,A/USDT:USDT,0.575,2.0,0.5749,299.0,0.5751,43.0,0.5752,269.0
1753547156661,16:25:56.661,A/USDT:USDT,0.575,2.0,0.5749,299.0,0.5751,43.0,0.5752,269.0
1753547156994,16:25:56.994,A/USDT:USDT,0.575,2.0,0.5749,299.0,0.5751,33.0,0.5752,269.0
1753547157331,16:25:57.331,A/USDT:USDT,0.575,2.0,0.5749,299.0,0.5751,43.0,0.5752,269.0
1753547157454,16:25:57.454,A/USDT:USDT,0.575,2.0,0.5749,299.0,0.5751,33.0,0.5752,269.0
1753547158052,16:25:58.052,A/USDT:USDT,0.575,2.0,0.5749,299.0,0.5751,43.0,0.5752,269.0
1753547158434,16:25:58.434,A/USDT:USDT,0.575,2.0,0.5749,299.0,0.5751,33.0,0.5752,269.0
1753547158634,16:25:58.634,A/USDT:USDT,0.575,2.0,0.5749,299.0,0.5751,43.0,0.5752,269.0
1753547159173,16:25:59.173,A/USDT:USDT,0.575,2.0,0.5749,299.0,0.5751,43.0,0.5752,269.0
1753547159367,16:25:59.367,A/USDT:USDT,0.575,2.0,0.5749,299.0,0.5751,43.0,0.5752,269.0
1753547160829,16:26:00.829,A/USDT:USDT,0.575,111.0,0.5749,299.0,0.5751,33.0,0.5752,269.0
1753547161383,16:26:01.383,A/USDT:USDT,0.575,111.0,0.5749,299.0,0.5751,43.0,0.5752,269.0
1753547161776,16:26:01.776,A/USDT:USDT,0.575,111.0,0.5749,299.0,0.5751,53.0,0.5752,269.0
1753547161913,16:26:01.913,A/USDT:USDT,0.575,111.0,0.5749,299.0,0.5751,53.0,0.5752,269.0
1753547161989,16:26:01.989,A/USDT:USDT,0.575,111.0,0.5749,299.0,0.5751,43.0,0.5752,269.0
1753547163080,16:26:03.080,A/USDT:USDT,0.575,111.0,0.5749,299.0,0.5751,43.0,0.5752,269.0
1753547163447,16:26:03.447,A/USDT:USDT,0.575,111.0,0.5749,299.0,0.5751,53.0,0.5752,269.0
1753547163872,16:26:03.872,A/USDT:USDT,0.575,111.0,0.5749,2.0,0.5751,53.0,0.5752,269.0
1753547163976,16:26:03.976,A/USDT:USDT,0.575,109.0,0.5749,4.0,0.5751,53.0,0.5752,269.0
1753547164058,16:26:04.058,A/USDT:USDT,0.5749,4.0,0.5748,297.0,0.5751,53.0,0.5752,269.0
1753547164164,16:26:04.164,A/USDT:USDT,0.5749,4.0,0.5748,297.0,0.5751,53.0,0.5752,269.0
1753547164334,16:26:04.334,A/USDT:USDT,0.5749,4.0,0.5748,297.0,0.5751,53.0,0.5752,269.0
1753547164522,16:26:04.522,A/USDT:USDT,0.5749,4.0,0.5748,297.0,0.5751,53.0,0.5752,269.0
1753547164676,16:26:04.676,A/USDT:USDT,0.5749,4.0,0.5748,297.0,0.5751,53.0,0.5752,269.0
1753547164762,16:26:04.762,A/USDT:USDT,0.5749,4.0,0.5747,261.0,0.5751,53.0,0.5752,269.0
1753547164848,16:26:04.848,A/USDT:USDT,0.5748,4.0,0.5746,259.0,0.575,285.0,0.5751,33.0
1753547164972,16:26:04.972,A/USDT:USDT,0.5747,4.0,0.5746,556.0,0.575,285.0,0.5752,269.0
1753547165055,16:26:05.055,A/USDT:USDT,0.5747,4.0,0.5746,556.0,0.5749,33.0,0.575,275.0
1753547165174,16:26:05.174,A/USDT:USDT,0.5747,4.0,0.5746,556.0,0.5749,33.0,0.575,275.0
1753547165218,16:26:05.218,A/USDT:USDT,0.5747,4.0,0.5746,556.0,0.5749,43.0,0.575,265.0
1753547165374,16:26:05.374,A/USDT:USDT,0.5747,4.0,0.5746,556.0,0.5749,43.0,0.575,265.0
1753547165505,16:26:05.505,A/USDT:USDT,0.5747,4.0,0.5746,556.0,0.5749,33.0,0.575,265.0
1753547165675,16:26:05.675,A/USDT:USDT,0.5747,4.0,0.5746,556.0,0.5749,33.0,0.575,265.0
1753547165846,16:26:05.846,A/USDT:USDT,0.5747,4.0,0.5746,556.0,0.5749,33.0,0.575,265.0
1753547166026,16:26:06.026,A/USDT:USDT,0.5747,4.0,0.5746,556.0,0.5749,43.0,0.575,265.0
1753547166294,16:26:06.294,A/USDT:USDT,0.5747,4.0,0.5746,556.0,0.5749,33.0,0.575,265.0
1753547166384,16:26:06.384,A/USDT:USDT,0.5747,4.0,0.5746,556.0,0.5749,33.0,0.575,265.0
1753547167206,16:26:07.206,A/USDT:USDT,0.5747,14.0,0.5746,556.0,0.5749,33.0,0.575,265.0
1753547167678,16:26:07.678,A/USDT:USDT,0.5747,4.0,0.5746,556.0,0.5749,33.0,0.575,265.0
1753547167902,16:26:07.902,A/USDT:USDT,0.5747,4.0,0.5746,556.0,0.5749,33.0,0.575,265.0
1753547168196,16:26:08.196,A/USDT:USDT,0.5747,4.0,0.5746,556.0,0.5749,33.0,0.575,265.0
1753547168343,16:26:08.343,A/USDT:USDT,0.5747,4.0,0.5746,556.0,0.5749,1023.0,0.575,3265.0
1753547168394,16:26:08.394,A/USDT:USDT,0.5747,4.0,0.5746,556.0,0.5749,990.0,0.575,3265.0
1753547168773,16:26:08.773,A/USDT:USDT,0.5747,4.0,0.5746,556.0,0.5749,990.0,0.575,3265.0
1753547169550,16:26:09.550,A/USDT:USDT,0.5747,271.0,0.5746,556.0,0.5749,990.0,0.575,3265.0
1753547169671,16:26:09.671,A/USDT:USDT,0.5748,90.0,0.5747,564.0,0.575,3285.0,0.5751,1731.0
1753547169809,16:26:09.809,A/USDT:USDT,0.5748,90.0,0.5747,564.0,0.575,3285.0,0.5751,1731.0
1753547169964,16:26:09.964,A/USDT:USDT,0.5748,90.0,0.5747,564.0,0.575,3285.0,0.5751,1731.0
1753547170046,16:26:10.046,A/USDT:USDT,0.5748,90.0,0.5747,564.0,0.575,3391.0,0.5751,2612.0
1753547170108,16:26:10.108,A/USDT:USDT,0.5748,90.0,0.5747,564.0,0.575,3381.0,0.5751,2612.0
1753547170341,16:26:10.341,A/USDT:USDT,0.5748,90.0,0.5747,564.0,0.575,3391.0,0.5751,2612.0
1753547170570,16:26:10.570,A/USDT:USDT,0.5748,90.0,0.5747,564.0,0.575,3391.0,0.5751,2612.0
1753547170888,16:26:10.888,A/USDT:USDT,0.5748,90.0,0.5747,564.0,0.575,3391.0,0.5751,2612.0
1753547171264,16:26:11.264,A/USDT:USDT,0.5748,90.0,0.5747,564.0,0.575,3391.0,0.5751,2612.0
1753547173246,16:26:13.246,A/USDT:USDT,0.5745,259.0,0.5744,5310.0,0.5749,916.0,0.575,3371.0
1753547173367,16:26:13.367,A/USDT:USDT,0.5745,259.0,0.5744,5607.0,0.5749,906.0,0.575,3371.0
1753547173575,16:26:13.575,A/USDT:USDT,0.5745,259.0,0.5744,5607.0,0.5749,906.0,0.575,3371.0
1753547173627,16:26:13.627,A/USDT:USDT,0.5747,90.0,0.5746,301.0,0.5748,33.0,0.5749,916.0
1753547173732,16:26:13.732,A/USDT:USDT,0.5747,90.0,0.5746,301.0,0.5748,33.0,0.5749,916.0
1753547173979,16:26:13.979,A/USDT:USDT,0.5747,367.0,0.5746,311.0,0.5748,33.0,0.5749,900.0
1753547174040,16:26:14.040,A/USDT:USDT,0.5747,357.0,0.5746,321.0,0.5748,33.0,0.5749,900.0
1753547174188,16:26:14.188,A/USDT:USDT,0.5747,357.0,0.5746,321.0,0.5748,33.0,0.5749,900.0
1753547174574,16:26:14.574,A/USDT:USDT,0.5747,367.0,0.5746,321.0,0.5748,33.0,0.5749,900.0
1753547174622,16:26:14.622,A/USDT:USDT,0.5747,357.0,0.5746,321.0,0.5748,33.0,0.5749,900.0
1753547174766,16:26:14.766,A/USDT:USDT,0.5747,357.0,0.5746,321.0,0.5748,33.0,0.5749,900.0
1753547174925,16:26:14.925,A/USDT:USDT,0.5747,357.0,0.5746,321.0,0.5748,33.0,0.5749,900.0
1753547178128,16:26:18.128,A/USDT:USDT,0.5747,357.0,0.5746,321.0,0.5748,33.0,0.5749,900.0
1753547178373,16:26:18.373,A/USDT:USDT,0.5747,357.0,0.5746,321.0,0.5748,33.0,0.5749,900.0
1753547178416,16:26:18.416,A/USDT:USDT,0.5747,357.0,0.5746,311.0,0.5748,33.0,0.5749,900.0
1753547178755,16:26:18.755,A/USDT:USDT,0.5747,357.0,0.5746,311.0,0.5748,33.0,0.5749,900.0
