timestamp,time,exchange,symbol,bid1_price,bid1_volume,bid2_price,bid2_volume,ask1_price,ask1_volume,ask2_price,ask2_volume
1753591897205,04:51:37.205,okx,ACT/USDT:USDT,0.04579,6432.0,0.04578,15185.0,0.0458,2663.0,0.04581,8143.0
1753591897805,04:51:37.805,okx,ACT/USDT:USDT,0.04579,6432.0,0.04578,15214.0,0.0458,2663.0,0.04581,9739.0
1753591898005,04:51:38.005,okx,ACT/USDT:USDT,0.04579,7389.0,0.04578,15214.0,0.0458,2663.0,0.04581,8143.0
1753591898105,04:51:38.105,okx,ACT/USDT:USDT,0.04579,7826.0,0.04578,15214.0,0.0458,2663.0,0.04581,8143.0
1753591899605,04:51:39.605,okx,ACT/USDT:USDT,0.0458,5651.0,0.04579,19355.0,0.04581,8142.0,0.04582,14550.0
1753591899705,04:51:39.705,okx,ACT/USDT:USDT,0.0458,2663.0,0.04579,17176.0,0.04581,6376.0,0.04582,16146.0
1753591899905,04:51:39.905,okx,ACT/USDT:USDT,0.0458,2663.0,0.04579,17176.0,0.04581,6376.0,0.04582,18003.0
1753591900105,04:51:40.105,okx,ACT/USDT:USDT,0.0458,2663.0,0.04579,15580.0,0.04581,6376.0,0.04582,18003.0
1753591900505,04:51:40.505,okx,ACT/USDT:USDT,0.0458,2729.0,0.04579,17176.0,0.04581,6376.0,0.04582,18003.0
1753591900905,04:51:40.905,okx,ACT/USDT:USDT,0.0458,3686.0,0.04579,17176.0,0.04581,6376.0,0.04582,8540.0
1753591901105,04:51:41.105,okx,ACT/USDT:USDT,0.0458,3686.0,0.04579,17176.0,0.04581,6376.0,0.04582,8540.0
1753591901205,04:51:41.205,okx,ACT/USDT:USDT,0.0458,3684.0,0.04579,17176.0,0.04581,6376.0,0.04582,10136.0
1753591901405,04:51:41.405,okx,ACT/USDT:USDT,0.0458,3684.0,0.04579,17176.0,0.04581,6376.0,0.04582,10136.0
1753591901505,04:51:41.505,okx,ACT/USDT:USDT,0.0458,3694.0,0.04579,17176.0,0.04581,6376.0,0.04582,10136.0
1753591902405,04:51:42.405,okx,ACT/USDT:USDT,0.0458,2737.0,0.04579,15580.0,0.04581,6376.0,0.04582,10136.0
1753591902605,04:51:42.605,okx,ACT/USDT:USDT,0.0458,4994.0,0.04579,17176.0,0.04581,6376.0,0.04582,8540.0
1753591902805,04:51:42.805,okx,ACT/USDT:USDT,0.0458,4555.0,0.04579,17176.0,0.04581,6376.0,0.04582,10136.0
1753591902905,04:51:42.905,okx,ACT/USDT:USDT,0.0458,4557.0,0.04579,17176.0,0.04581,6376.0,0.04582,8540.0
1753591903005,04:51:43.005,okx,ACT/USDT:USDT,0.0458,4557.0,0.04579,17176.0,0.04581,6376.0,0.04582,10136.0
1753591904505,04:51:44.505,okx,ACT/USDT:USDT,0.0458,4557.0,0.04579,15580.0,0.04581,6377.0,0.04582,11093.0
1753591904605,04:51:44.605,okx,ACT/USDT:USDT,0.0458,4557.0,0.04579,15580.0,0.04581,6377.0,0.04582,11093.0
1753591905705,04:51:45.705,okx,ACT/USDT:USDT,0.0458,4557.0,0.04579,17176.0,0.04581,6377.0,0.04582,8540.0
1753591905805,04:51:45.805,okx,ACT/USDT:USDT,0.0458,4557.0,0.04579,15580.0,0.04581,6377.0,0.04582,8540.0
1753591905905,04:51:45.905,okx,ACT/USDT:USDT,0.0458,4557.0,0.04579,15580.0,0.04581,6377.0,0.04582,10136.0
1753591906705,04:51:46.705,okx,ACT/USDT:USDT,0.0458,4557.0,0.04579,17176.0,0.04581,6377.0,0.04582,8540.0
1753591907605,04:51:47.605,okx,ACT/USDT:USDT,0.0458,4557.0,0.04579,15580.0,0.04581,6377.0,0.04582,10136.0
1753591907705,04:51:47.705,okx,ACT/USDT:USDT,0.0458,4557.0,0.04579,15580.0,0.04581,6377.0,0.04582,11093.0
1753591907805,04:51:47.805,okx,ACT/USDT:USDT,0.0458,4557.0,0.04579,15143.0,0.04581,6377.0,0.04582,11093.0
1753591907905,04:51:47.905,okx,ACT/USDT:USDT,0.0458,4557.0,0.04579,17176.0,0.04581,6377.0,0.04582,8540.0
1753591908105,04:51:48.105,okx,ACT/USDT:USDT,0.0458,4557.0,0.04579,17176.0,0.04581,6377.0,0.04582,8540.0
1753591908505,04:51:48.505,okx,ACT/USDT:USDT,0.0458,4557.0,0.04579,15143.0,0.04581,6377.0,0.04582,11530.0
1753591908605,04:51:48.605,okx,ACT/USDT:USDT,0.0458,4570.0,0.04579,15580.0,0.04581,6377.0,0.04582,11093.0
1753591909105,04:51:49.105,okx,ACT/USDT:USDT,0.0458,4570.0,0.04579,15143.0,0.04581,6377.0,0.04582,11530.0
1753591910605,04:51:50.605,okx,ACT/USDT:USDT,0.0458,7123.0,0.04579,17176.0,0.04581,6377.0,0.04582,5264.0
1753591911805,04:51:51.805,okx,ACT/USDT:USDT,0.0458,1909.0,0.04579,14186.0,0.04581,8756.0,0.04582,12946.0
1753591911905,04:51:51.905,okx,ACT/USDT:USDT,0.0458,1909.0,0.04579,16739.0,0.04581,8319.0,0.04582,4364.0
1753591912005,04:51:52.005,okx,ACT/USDT:USDT,0.0458,7113.0,0.04579,17176.0,0.04581,6377.0,0.04582,3407.0
1753591912105,04:51:52.105,okx,ACT/USDT:USDT,0.0458,7113.0,0.04579,17176.0,0.04581,6377.0,0.04582,5242.0
1753591914405,04:51:54.405,okx,ACT/USDT:USDT,0.0458,11415.0,0.04579,12118.0,0.04581,2987.0,0.04582,5242.0
1753591915405,04:51:55.405,okx,ACT/USDT:USDT,0.0458,11415.0,0.04579,12118.0,0.04581,2987.0,0.04582,5242.0
1753591915505,04:51:55.505,okx,ACT/USDT:USDT,0.0458,10458.0,0.04579,12118.0,0.04581,2987.0,0.04582,6199.0
1753591917005,04:51:57.005,okx,ACT/USDT:USDT,0.0458,7807.0,0.04579,10522.0,0.04581,2987.0,0.04582,7795.0
1753591917405,04:51:57.405,okx,ACT/USDT:USDT,0.0458,7807.0,0.04579,10522.0,0.04581,2987.0,0.04582,7795.0
1753591917805,04:51:57.805,okx,ACT/USDT:USDT,0.0458,7807.0,0.04579,10085.0,0.04581,2987.0,0.04582,8232.0
1753591918705,04:51:58.705,okx,ACT/USDT:USDT,0.0458,7807.0,0.04579,9128.0,0.04581,5755.0,0.04582,8232.0
1753591920105,04:52:00.105,okx,ACT/USDT:USDT,0.0458,7807.0,0.04579,9128.0,0.04581,7775.0,0.04582,6397.0
1753591920505,04:52:00.505,okx,ACT/USDT:USDT,0.0458,7807.0,0.04579,10085.0,0.04581,5008.0,0.04582,6397.0
1753591920605,04:52:00.605,okx,ACT/USDT:USDT,0.0458,7806.0,0.04579,9128.0,0.04581,7871.0,0.04582,6397.0
1753591921105,04:52:01.105,okx,ACT/USDT:USDT,0.0458,7805.0,0.04579,9128.0,0.04581,7922.0,0.04582,6397.0
1753591921605,04:52:01.605,okx,ACT/USDT:USDT,0.0458,8733.0,0.04579,12087.0,0.04581,3033.0,0.04582,6784.0
1753591921705,04:52:01.705,okx,ACT/USDT:USDT,0.0458,7795.0,0.04579,12087.0,0.04581,3035.0,0.04582,6784.0
1753591922105,04:52:02.105,okx,ACT/USDT:USDT,0.0458,17925.0,0.04579,12087.0,0.04581,384.0,0.04582,5221.0
1753591923405,04:52:03.405,okx,ACT/USDT:USDT,0.0458,13094.0,0.04579,12087.0,0.04581,3045.0,0.04582,6784.0
1753591923505,04:52:03.505,okx,ACT/USDT:USDT,0.0458,13094.0,0.04579,12087.0,0.04581,3035.0,0.04582,5221.0
1753591923705,04:52:03.705,okx,ACT/USDT:USDT,0.0458,13094.0,0.04579,12087.0,0.04581,3035.0,0.04582,6737.0
1753591925005,04:52:05.005,okx,ACT/USDT:USDT,0.0458,13094.0,0.04579,12087.0,0.04581,3035.0,0.04582,6737.0
1753591925105,04:52:05.105,okx,ACT/USDT:USDT,0.0458,13094.0,0.04579,12087.0,0.04581,3035.0,0.04582,6737.0
1753591925405,04:52:05.405,okx,ACT/USDT:USDT,0.0458,13102.0,0.04579,12087.0,0.04581,3035.0,0.04582,6737.0
1753591925505,04:52:05.505,okx,ACT/USDT:USDT,0.0458,3102.0,0.04579,10087.0,0.04581,6693.0,0.04582,5360.0
1753591925605,04:52:05.605,okx,ACT/USDT:USDT,0.0458,2162.0,0.04579,10087.0,0.04581,5222.0,0.04582,6270.0
1753591925705,04:52:05.705,okx,ACT/USDT:USDT,0.0458,2162.0,0.04579,10087.0,0.04581,5222.0,0.04582,6270.0
1753591926105,04:52:06.105,okx,ACT/USDT:USDT,0.0458,3205.0,0.04579,10087.0,0.04581,4787.0,0.04582,6270.0
1753591926205,04:52:06.205,okx,ACT/USDT:USDT,0.0458,1820.0,0.04579,10087.0,0.04581,4787.0,0.04582,6270.0
1753591926305,04:52:06.305,okx,ACT/USDT:USDT,0.0458,2861.0,0.04579,10087.0,0.04581,4787.0,0.04582,5360.0
1753591926405,04:52:06.405,okx,ACT/USDT:USDT,0.0458,2861.0,0.04579,11822.0,0.04581,4787.0,0.04582,3407.0
1753591926505,04:52:06.505,okx,ACT/USDT:USDT,0.0458,2861.0,0.04579,11822.0,0.04581,4787.0,0.04582,9212.0
1753591927005,04:52:07.005,okx,ACT/USDT:USDT,0.0458,2861.0,0.04579,11822.0,0.04581,4787.0,0.04582,7734.0
1753591927505,04:52:07.505,okx,ACT/USDT:USDT,0.0458,2861.0,0.04579,11822.0,0.04581,4787.0,0.04582,9212.0
1753591928205,04:52:08.205,okx,ACT/USDT:USDT,0.0458,2861.0,0.04579,11822.0,0.04581,4787.0,0.04582,7734.0
1753591930405,04:52:10.405,okx,ACT/USDT:USDT,0.0458,5512.0,0.04579,12259.0,0.04581,3034.0,0.04582,5236.0
1753591931105,04:52:11.105,okx,ACT/USDT:USDT,0.0458,7247.0,0.04579,12259.0,0.04581,3034.0,0.04582,5236.0
1753591931205,04:52:11.205,okx,ACT/USDT:USDT,0.0458,7591.0,0.04579,12259.0,0.04581,3034.0,0.04582,5236.0
1753591931705,04:52:11.705,okx,ACT/USDT:USDT,0.0458,8028.0,0.04579,23015.0,0.04581,3032.0,0.04582,3407.0
1753591931805,04:52:11.805,okx,ACT/USDT:USDT,0.0458,6293.0,0.04579,23015.0,0.04581,3034.0,0.04582,5074.0
1753591932505,04:52:12.505,okx,ACT/USDT:USDT,0.0458,8028.0,0.04579,23015.0,0.04581,3034.0,0.04582,5074.0
1753591933305,04:52:13.305,okx,ACT/USDT:USDT,0.0458,8028.0,0.04579,23015.0,0.04581,3034.0,0.04582,5074.0
1753591934805,04:52:14.805,okx,ACT/USDT:USDT,0.0458,8028.0,0.04579,23015.0,0.04581,3034.0,0.04582,5074.0
1753591935905,04:52:15.905,okx,ACT/USDT:USDT,0.0458,7591.0,0.04579,23015.0,0.04581,3034.0,0.04582,5074.0
1753591936005,04:52:16.005,okx,ACT/USDT:USDT,0.0458,7591.0,0.04579,23015.0,0.04581,3034.0,0.04582,5074.0
1753591937105,04:52:17.105,okx,ACT/USDT:USDT,0.0458,7591.0,0.04579,23015.0,0.04581,3034.0,0.04582,5074.0
1753591937405,04:52:17.405,okx,ACT/USDT:USDT,0.0458,7591.0,0.04579,23015.0,0.04581,3034.0,0.04582,5074.0
1753591938405,04:52:18.405,okx,ACT/USDT:USDT,0.0458,7588.0,0.04579,23015.0,0.04581,3034.0,0.04582,5074.0
1753591938505,04:52:18.505,okx,ACT/USDT:USDT,0.0458,7588.0,0.04579,23015.0,0.04581,3034.0,0.04582,5074.0
1753591939805,04:52:19.805,okx,ACT/USDT:USDT,0.0458,5854.0,0.04579,23015.0,0.04581,3034.0,0.04582,5074.0
1753591940405,04:52:20.405,okx,ACT/USDT:USDT,0.0458,8028.0,0.04579,23015.0,0.04581,3034.0,0.04582,5074.0
1753591940705,04:52:20.705,okx,ACT/USDT:USDT,0.0458,8028.0,0.04579,23015.0,0.04581,3034.0,0.04582,5074.0
1753591941005,04:52:21.005,okx,ACT/USDT:USDT,0.0458,8028.0,0.04579,23015.0,0.04581,3034.0,0.04582,5074.0
1753591941105,04:52:21.105,okx,ACT/USDT:USDT,0.0458,12390.0,0.04579,23015.0,0.04581,3034.0,0.04582,5074.0
1753591941205,04:52:21.205,okx,ACT/USDT:USDT,0.0458,12390.0,0.04579,23015.0,0.04581,3034.0,0.04582,5074.0
1753591942205,04:52:22.205,okx,ACT/USDT:USDT,0.0458,16317.0,0.04579,29693.0,0.04581,1801.0,0.04582,5074.0
1753591942405,04:52:22.405,okx,ACT/USDT:USDT,0.0458,16318.0,0.04579,29693.0,0.04581,1800.0,0.04582,5074.0
1753591942605,04:52:22.605,okx,ACT/USDT:USDT,0.0458,16318.0,0.04579,29693.0,0.04581,1800.0,0.04582,5074.0
1753591943005,04:52:23.005,okx,ACT/USDT:USDT,0.0458,18938.0,0.04579,29693.0,0.04581,1800.0,0.04582,5074.0
1753591943205,04:52:23.205,okx,ACT/USDT:USDT,0.04581,18260.0,0.0458,20120.0,0.04582,3408.0,0.04583,3548.0
1753591943305,04:52:23.305,okx,ACT/USDT:USDT,0.04581,16083.0,0.0458,20121.0,0.04582,3408.0,0.04583,5400.0
1753591943605,04:52:23.605,okx,ACT/USDT:USDT,0.04581,16083.0,0.0458,20121.0,0.04582,3408.0,0.04583,5400.0
1753591944205,04:52:24.205,okx,ACT/USDT:USDT,0.04581,11728.0,0.0458,20121.0,0.04582,3408.0,0.04583,5400.0
1753591944305,04:52:24.305,okx,ACT/USDT:USDT,0.04581,12165.0,0.0458,20121.0,0.04582,3408.0,0.04583,5400.0
1753591944505,04:52:24.505,okx,ACT/USDT:USDT,0.04581,9546.0,0.0458,20121.0,0.04582,3408.0,0.04583,5400.0
1753591944705,04:52:24.705,okx,ACT/USDT:USDT,0.04581,11719.0,0.0458,20121.0,0.04582,3408.0,0.04583,5400.0
1753591945505,04:52:25.505,okx,ACT/USDT:USDT,0.04581,11719.0,0.0458,20121.0,0.04582,3408.0,0.04583,5400.0
1753591946005,04:52:26.005,okx,ACT/USDT:USDT,0.04581,9546.0,0.0458,20121.0,0.04582,3408.0,0.04583,7136.0
1753591946105,04:52:26.105,okx,ACT/USDT:USDT,0.04581,9546.0,0.0458,20121.0,0.04582,3408.0,0.04583,5400.0
1753591946305,04:52:26.305,okx,ACT/USDT:USDT,0.04581,11719.0,0.0458,20121.0,0.04582,3408.0,0.04583,5400.0
1753591947205,04:52:27.205,okx,ACT/USDT:USDT,0.04581,9546.0,0.0458,20121.0,0.04582,3408.0,0.04583,5400.0
1753591947305,04:52:27.305,okx,ACT/USDT:USDT,0.04581,11282.0,0.0458,20121.0,0.04582,3408.0,0.04583,5400.0
1753591947505,04:52:27.505,okx,ACT/USDT:USDT,0.04581,11282.0,0.0458,20121.0,0.04582,3408.0,0.04583,5400.0
1753591948405,04:52:28.405,okx,ACT/USDT:USDT,0.04581,2663.0,0.0458,16908.0,0.04582,6506.0,0.04583,8614.0
1753591949205,04:52:29.205,okx,ACT/USDT:USDT,0.04581,2663.0,0.0458,16908.0,0.04582,6069.0,0.04583,8614.0
1753591949805,04:52:29.805,okx,ACT/USDT:USDT,0.04581,2663.0,0.0458,16908.0,0.04582,6069.0,0.04583,8614.0
1753591950005,04:52:30.005,okx,ACT/USDT:USDT,0.0458,5197.0,0.04579,9258.0,0.04581,10638.0,0.04582,10739.0
1753591950105,04:52:30.105,okx,ACT/USDT:USDT,0.0458,5197.0,0.04579,9258.0,0.04581,9169.0,0.04582,10740.0
1753591950905,04:52:30.905,okx,ACT/USDT:USDT,0.0458,5197.0,0.04579,11968.0,0.04581,2663.0,0.04582,10740.0
1753591951205,04:52:31.205,okx,ACT/USDT:USDT,0.0458,7858.0,0.04579,12405.0,0.04581,2663.0,0.04582,7793.0
1753591951405,04:52:31.405,okx,ACT/USDT:USDT,0.0458,5197.0,0.04579,10274.0,0.04581,2663.0,0.04582,10940.0
1753591951605,04:52:31.605,okx,ACT/USDT:USDT,0.0458,5197.0,0.04579,10274.0,0.04581,2663.0,0.04582,10940.0
1753591952205,04:52:32.205,okx,ACT/USDT:USDT,0.0458,5197.0,0.04579,10274.0,0.04581,2663.0,0.04582,10503.0
1753591952405,04:52:32.405,okx,ACT/USDT:USDT,0.0458,5197.0,0.04579,10274.0,0.04581,2663.0,0.04582,10940.0
1753591952805,04:52:32.805,okx,ACT/USDT:USDT,0.0458,5197.0,0.04579,10274.0,0.04581,2663.0,0.04582,10940.0
1753591953005,04:52:33.005,okx,ACT/USDT:USDT,0.0458,5197.0,0.04579,11968.0,0.04581,2663.0,0.04582,10940.0
1753591953505,04:52:33.505,okx,ACT/USDT:USDT,0.0458,5197.0,0.04579,11968.0,0.04581,2663.0,0.04582,10503.0
1753591953605,04:52:33.605,okx,ACT/USDT:USDT,0.0458,5197.0,0.04579,11968.0,0.04581,2663.0,0.04582,10503.0
1753591954205,04:52:34.205,okx,ACT/USDT:USDT,0.0458,5197.0,0.04579,11968.0,0.04581,3292.0,0.04582,10940.0
1753591954405,04:52:34.405,okx,ACT/USDT:USDT,0.0458,5197.0,0.04579,11968.0,0.04581,3292.0,0.04582,10940.0
1753591954705,04:52:34.705,okx,ACT/USDT:USDT,0.0458,5197.0,0.04579,10274.0,0.04581,3292.0,0.04582,10940.0
1753591955405,04:52:35.405,okx,ACT/USDT:USDT,0.0458,5197.0,0.04579,10274.0,0.04581,3292.0,0.04582,10940.0
1753591955505,04:52:35.505,okx,ACT/USDT:USDT,0.0458,5197.0,0.04579,10711.0,0.04581,3292.0,0.04582,10940.0
1753591955705,04:52:35.705,okx,ACT/USDT:USDT,0.0458,6213.0,0.04579,12405.0,0.04581,3292.0,0.04582,10503.0
1753591955905,04:52:35.905,okx,ACT/USDT:USDT,0.0458,9301.0,0.04579,12405.0,0.04581,3292.0,0.04582,7793.0
1753591956105,04:52:36.105,okx,ACT/USDT:USDT,0.0458,9301.0,0.04579,12405.0,0.04581,3292.0,0.04582,7793.0
1753591956305,04:52:36.305,okx,ACT/USDT:USDT,0.0458,6213.0,0.04579,12405.0,0.04581,3292.0,0.04582,10503.0
1753591956605,04:52:36.605,okx,ACT/USDT:USDT,0.0458,6213.0,0.04579,12405.0,0.04581,3292.0,0.04582,10503.0
1753591957305,04:52:37.305,okx,ACT/USDT:USDT,0.0458,5197.0,0.04579,12405.0,0.04581,3292.0,0.04582,10940.0
1753591957705,04:52:37.705,okx,ACT/USDT:USDT,0.0458,7128.0,0.04579,12405.0,0.04581,3292.0,0.04582,7793.0
1753591957905,04:52:37.905,okx,ACT/USDT:USDT,0.0458,6691.0,0.04579,12405.0,0.04581,3292.0,0.04582,7793.0
1753591958205,04:52:38.205,okx,ACT/USDT:USDT,0.0458,5675.0,0.04579,12405.0,0.04581,3292.0,0.04582,10940.0
1753591958305,04:52:38.305,okx,ACT/USDT:USDT,0.0458,5675.0,0.04579,10274.0,0.04581,7027.0,0.04582,9215.0
1753591958405,04:52:38.405,okx,ACT/USDT:USDT,0.0458,5675.0,0.04579,10274.0,0.04581,4994.0,0.04582,9215.0
1753591958505,04:52:38.505,okx,ACT/USDT:USDT,0.0458,5675.0,0.04579,10274.0,0.04581,4994.0,0.04582,9215.0
1753591958605,04:52:38.605,okx,ACT/USDT:USDT,0.0458,5675.0,0.04579,10274.0,0.04581,4994.0,0.04582,9215.0
1753591958705,04:52:38.705,okx,ACT/USDT:USDT,0.0458,5675.0,0.04579,10274.0,0.04581,4994.0,0.04582,9215.0
1753591959705,04:52:39.705,okx,ACT/USDT:USDT,0.0458,11483.0,0.04579,12405.0,0.04581,632.0,0.04582,7984.0
1753591960205,04:52:40.205,okx,ACT/USDT:USDT,0.0458,14007.0,0.04579,23161.0,0.04581,632.0,0.04582,7984.0
1753591960305,04:52:40.305,okx,ACT/USDT:USDT,0.0458,22733.0,0.04579,36256.0,0.04581,2083.0,0.04582,7984.0
1753591960405,04:52:40.405,okx,ACT/USDT:USDT,0.0458,22733.0,0.04579,36256.0,0.04581,2083.0,0.04582,7984.0
1753591960505,04:52:40.505,okx,ACT/USDT:USDT,0.0458,22733.0,0.04579,25500.0,0.04581,2083.0,0.04582,7984.0
1753591961305,04:52:41.305,okx,ACT/USDT:USDT,0.0458,17406.0,0.04579,18954.0,0.04581,4744.0,0.04582,9678.0
1753591961505,04:52:41.505,okx,ACT/USDT:USDT,0.0458,13579.0,0.04579,18517.0,0.04581,4744.0,0.04582,8421.0
1753591961605,04:52:41.605,okx,ACT/USDT:USDT,0.0458,12563.0,0.04579,16335.0,0.04581,4744.0,0.04582,8421.0
1753591962005,04:52:42.005,okx,ACT/USDT:USDT,0.0458,15273.0,0.04579,16772.0,0.04581,4744.0,0.04582,7984.0
1753591962105,04:52:42.105,okx,ACT/USDT:USDT,0.0458,15273.0,0.04579,16772.0,0.04581,4744.0,0.04582,7984.0
1753591962305,04:52:42.305,okx,ACT/USDT:USDT,0.0458,8728.0,0.04579,16772.0,0.04581,4744.0,0.04582,7984.0
1753591962505,04:52:42.505,okx,ACT/USDT:USDT,0.0458,8728.0,0.04579,16772.0,0.04581,4744.0,0.04582,7984.0
1753591963005,04:52:43.005,okx,ACT/USDT:USDT,0.0458,8728.0,0.04579,16335.0,0.04581,4744.0,0.04582,8421.0
1753591963105,04:52:43.105,okx,ACT/USDT:USDT,0.0458,8728.0,0.04579,16772.0,0.04581,4744.0,0.04582,7984.0
1753591963205,04:52:43.205,okx,ACT/USDT:USDT,0.0458,8728.0,0.04579,16772.0,0.04581,4744.0,0.04582,8421.0
1753591963305,04:52:43.305,okx,ACT/USDT:USDT,0.0458,8728.0,0.04579,16772.0,0.04581,4744.0,0.04582,7984.0
1753591963405,04:52:43.405,okx,ACT/USDT:USDT,0.0458,11379.0,0.04579,16772.0,0.04581,2083.0,0.04582,7984.0
1753591965005,04:52:45.005,okx,ACT/USDT:USDT,0.0458,11379.0,0.04579,16772.0,0.04581,2084.0,0.04582,7984.0
1753591965105,04:52:45.105,okx,ACT/USDT:USDT,0.0458,11379.0,0.04579,16772.0,0.04581,2084.0,0.04582,7984.0
1753591965805,04:52:45.805,okx,ACT/USDT:USDT,0.0458,11379.0,0.04579,16772.0,0.04581,2084.0,0.04582,7984.0
1753591966205,04:52:46.205,okx,ACT/USDT:USDT,0.0458,11379.0,0.04579,16772.0,0.04581,2084.0,0.04582,7984.0
1753591966405,04:52:46.405,okx,ACT/USDT:USDT,0.0458,11379.0,0.04579,16772.0,0.04581,2074.0,0.04582,7984.0
1753591966505,04:52:46.505,okx,ACT/USDT:USDT,0.0458,11816.0,0.04579,27528.0,0.04581,2074.0,0.04582,7984.0
1753591966605,04:52:46.605,okx,ACT/USDT:USDT,0.0458,13997.0,0.04579,27528.0,0.04581,2074.0,0.04582,7984.0
1753591966705,04:52:46.705,okx,ACT/USDT:USDT,0.0458,13560.0,0.04579,27528.0,0.04581,2074.0,0.04582,7984.0
1753591966805,04:52:46.805,okx,ACT/USDT:USDT,0.0458,13997.0,0.04579,29711.0,0.04581,2074.0,0.04582,7984.0
1753591966905,04:52:46.905,okx,ACT/USDT:USDT,0.0458,13987.0,0.04579,29711.0,0.04581,2074.0,0.04582,7984.0
1753591967005,04:52:47.005,okx,ACT/USDT:USDT,0.0458,13550.0,0.04579,29711.0,0.04581,2074.0,0.04582,7984.0
1753591967105,04:52:47.105,okx,ACT/USDT:USDT,0.0458,13987.0,0.04579,29711.0,0.04581,2074.0,0.04582,7984.0
1753591967305,04:52:47.305,okx,ACT/USDT:USDT,0.0458,13985.0,0.04579,29711.0,0.04581,2074.0,0.04582,7984.0
1753591967405,04:52:47.405,okx,ACT/USDT:USDT,0.0458,13987.0,0.04579,29711.0,0.04581,2074.0,0.04582,7984.0
1753591967505,04:52:47.505,okx,ACT/USDT:USDT,0.0458,13561.0,0.04579,29711.0,0.04581,2074.0,0.04582,7984.0
1753591967605,04:52:47.605,okx,ACT/USDT:USDT,0.0458,13561.0,0.04579,29711.0,0.04581,2074.0,0.04582,7984.0
1753591967805,04:52:47.805,okx,ACT/USDT:USDT,0.0458,13998.0,0.04579,30723.0,0.04581,2074.0,0.04582,7984.0
1753591967905,04:52:47.905,okx,ACT/USDT:USDT,0.0458,13998.0,0.04579,30723.0,0.04581,2074.0,0.04582,7984.0
1753591968005,04:52:48.005,okx,ACT/USDT:USDT,0.0458,13998.0,0.04579,32906.0,0.04581,2074.0,0.04582,7984.0
1753591968105,04:52:48.105,okx,ACT/USDT:USDT,0.0458,18360.0,0.04579,32906.0,0.04581,2074.0,0.04582,7984.0
1753591968705,04:52:48.705,okx,ACT/USDT:USDT,0.0458,22726.0,0.04579,37271.0,0.04581,2074.0,0.04582,7984.0
1753591968905,04:52:48.905,okx,ACT/USDT:USDT,0.0458,24905.0,0.04579,37271.0,0.04581,2074.0,0.04582,6068.0
1753591969305,04:52:49.305,okx,ACT/USDT:USDT,0.0458,35787.0,0.04579,59542.0,0.04581,2074.0,0.04582,6068.0
1753591970205,04:52:50.205,okx,ACT/USDT:USDT,0.0458,35787.0,0.04579,59542.0,0.04581,2074.0,0.04582,6068.0
1753591970305,04:52:50.305,okx,ACT/USDT:USDT,0.0458,35787.0,0.04579,61725.0,0.04581,2074.0,0.04582,6068.0
1753591970905,04:52:50.905,okx,ACT/USDT:USDT,0.0458,33606.0,0.04579,61725.0,0.04581,2074.0,0.04582,6068.0
1753591971205,04:52:51.205,okx,ACT/USDT:USDT,0.0458,33606.0,0.04579,61725.0,0.04581,2074.0,0.04582,6068.0
1753591972205,04:52:52.205,okx,ACT/USDT:USDT,0.04581,26925.0,0.0458,29982.0,0.04582,3408.0,0.04583,13842.0
1753591972305,04:52:52.305,okx,ACT/USDT:USDT,0.04581,24747.0,0.0458,32164.0,0.04582,3800.0,0.04583,5975.0
1753591972505,04:52:52.505,okx,ACT/USDT:USDT,0.04581,24747.0,0.0458,32164.0,0.04582,3800.0,0.04583,5975.0
1753591972605,04:52:52.605,okx,ACT/USDT:USDT,0.04581,24747.0,0.0458,32164.0,0.04582,3800.0,0.04583,5975.0
1753591972705,04:52:52.705,okx,ACT/USDT:USDT,0.04581,24747.0,0.0458,32164.0,0.04582,3800.0,0.04583,5975.0
1753591972805,04:52:52.805,okx,ACT/USDT:USDT,0.04581,24310.0,0.0458,32164.0,0.04582,3800.0,0.04583,5975.0
1753591972905,04:52:52.905,okx,ACT/USDT:USDT,0.04581,24747.0,0.0458,32164.0,0.04582,3800.0,0.04583,5975.0
1753591973205,04:52:53.205,okx,ACT/USDT:USDT,0.04581,26490.0,0.0458,32164.0,0.04582,3798.0,0.04583,5975.0
1753591973405,04:52:53.405,okx,ACT/USDT:USDT,0.04581,24315.0,0.0458,32164.0,0.04582,3798.0,0.04583,5975.0
1753591974505,04:52:54.505,okx,ACT/USDT:USDT,0.04581,23953.0,0.0458,30357.0,0.04582,3798.0,0.04583,5975.0
1753591974805,04:52:54.805,okx,ACT/USDT:USDT,0.04581,23953.0,0.0458,30357.0,0.04582,3798.0,0.04583,5975.0
1753591976105,04:52:56.105,okx,ACT/USDT:USDT,0.04581,19186.0,0.0458,19010.0,0.04582,6459.0,0.04583,6412.0
1753591976205,04:52:56.205,okx,ACT/USDT:USDT,0.04581,14822.0,0.0458,19010.0,0.04582,6459.0,0.04583,6412.0
1753591976305,04:52:56.305,okx,ACT/USDT:USDT,0.04581,8282.0,0.0458,19010.0,0.04582,6459.0,0.04583,6412.0
1753591976405,04:52:56.405,okx,ACT/USDT:USDT,0.04581,9253.0,0.0458,19010.0,0.04582,6459.0,0.04583,6412.0
1753591976905,04:52:56.905,okx,ACT/USDT:USDT,0.04581,9253.0,0.0458,19447.0,0.04582,6459.0,0.04583,5975.0
1753591978305,04:52:58.305,okx,ACT/USDT:USDT,0.04581,8909.0,0.0458,19447.0,0.04582,6459.0,0.04583,5975.0
1753591978405,04:52:58.405,okx,ACT/USDT:USDT,0.04581,8909.0,0.0458,19447.0,0.04582,6459.0,0.04583,5975.0
1753591979105,04:52:59.105,okx,ACT/USDT:USDT,0.04581,7938.0,0.0458,19010.0,0.04582,6459.0,0.04583,6412.0
1753591979905,04:52:59.905,okx,ACT/USDT:USDT,0.04581,7623.0,0.0458,19325.0,0.04582,392.0,0.04583,5940.0
1753591980205,04:53:00.205,okx,ACT/USDT:USDT,0.04581,5445.0,0.0458,19325.0,0.04582,3055.0,0.04583,5940.0
1753591980705,04:53:00.705,okx,ACT/USDT:USDT,0.04581,9244.0,0.0458,19325.0,0.04582,3055.0,0.04583,5940.0
1753591981605,04:53:01.605,okx,ACT/USDT:USDT,0.04581,5445.0,0.0458,19325.0,0.04582,3057.0,0.04583,5940.0
1753591981905,04:53:01.905,okx,ACT/USDT:USDT,0.04581,2390.0,0.0458,17269.0,0.04582,3494.0,0.04583,8967.0
1753591982805,04:53:02.805,okx,ACT/USDT:USDT,0.04581,3840.0,0.0458,18399.0,0.04582,3057.0,0.04583,5940.0
1753591983805,04:53:03.805,okx,ACT/USDT:USDT,0.04581,2292.0,0.0458,16780.0,0.04582,3494.0,0.04583,8967.0
1753591985105,04:53:05.105,okx,ACT/USDT:USDT,0.04581,2292.0,0.0458,13158.0,0.04582,4995.0,0.04583,6950.0
1753591985505,04:53:05.505,okx,ACT/USDT:USDT,0.04581,481.0,0.0458,13158.0,0.04582,5432.0,0.04583,6950.0
1753591985605,04:53:05.605,okx,ACT/USDT:USDT,0.04581,2302.0,0.0458,14129.0,0.04582,5432.0,0.04583,6950.0
1753591986205,04:53:06.205,okx,ACT/USDT:USDT,0.04581,2302.0,0.0458,14129.0,0.04582,5432.0,0.04583,6950.0
1753591986405,04:53:06.405,okx,ACT/USDT:USDT,0.04581,2302.0,0.0458,14129.0,0.04582,5432.0,0.04583,6951.0
1753591986505,04:53:06.505,okx,ACT/USDT:USDT,0.04581,2302.0,0.0458,13158.0,0.04582,5432.0,0.04583,6951.0
1753591987705,04:53:07.705,okx,ACT/USDT:USDT,0.04581,2302.0,0.0458,14129.0,0.04582,4995.0,0.04583,6951.0
1753591989205,04:53:09.205,okx,ACT/USDT:USDT,0.04581,2302.0,0.0458,7744.0,0.04582,9143.0,0.04583,26589.0
1753591989305,04:53:09.305,okx,ACT/USDT:USDT,0.04581,2302.0,0.0458,7744.0,0.04582,9143.0,0.04583,26589.0
1753591989405,04:53:09.405,okx,ACT/USDT:USDT,0.04581,2302.0,0.0458,7744.0,0.04582,9143.0,0.04583,26589.0
1753591989605,04:53:09.605,okx,ACT/USDT:USDT,0.04581,2302.0,0.0458,7744.0,0.04582,9143.0,0.04583,26589.0
1753591990205,04:53:10.205,okx,ACT/USDT:USDT,0.04581,2302.0,0.0458,7744.0,0.04582,7614.0,0.04583,17861.0
1753591991005,04:53:11.005,okx,ACT/USDT:USDT,0.04581,2309.0,0.0458,8714.0,0.04582,7614.0,0.04583,17861.0
1753591991505,04:53:11.505,okx,ACT/USDT:USDT,0.04581,2309.0,0.0458,8714.0,0.04582,7177.0,0.04583,17861.0
1753591992205,04:53:12.205,okx,ACT/USDT:USDT,0.04581,2309.0,0.0458,7743.0,0.04582,9341.0,0.04583,26589.0
1753591992505,04:53:12.505,okx,ACT/USDT:USDT,0.0458,3376.0,0.04579,9246.0,0.04581,15030.0,0.04582,11762.0
1753591993105,04:53:13.105,okx,ACT/USDT:USDT,0.0458,3376.0,0.04579,9246.0,0.04581,15030.0,0.04582,11564.0
1753591994405,04:53:14.405,okx,ACT/USDT:USDT,0.04579,2663.0,0.04578,12829.0,0.0458,12508.0,0.04581,14410.0
1753591994505,04:53:14.505,okx,ACT/USDT:USDT,0.04579,2663.0,0.04578,12829.0,0.0458,9234.0,0.04581,14410.0
1753591994905,04:53:14.905,okx,ACT/USDT:USDT,0.04579,2663.0,0.04578,12829.0,0.0458,9234.0,0.04581,14410.0
1753591995305,04:53:15.305,okx,ACT/USDT:USDT,0.04579,2665.0,0.04578,13829.0,0.0458,2087.0,0.04581,14410.0
1753591995405,04:53:15.405,okx,ACT/USDT:USDT,0.04579,2665.0,0.04578,12829.0,0.0458,2524.0,0.04581,16068.0
1753591995505,04:53:15.505,okx,ACT/USDT:USDT,0.04579,2665.0,0.04578,12829.0,0.0458,2087.0,0.04581,16068.0
1753591995605,04:53:15.605,okx,ACT/USDT:USDT,0.04579,2665.0,0.04578,12829.0,0.0458,5051.0,0.04581,16068.0
1753591995705,04:53:15.705,okx,ACT/USDT:USDT,0.04579,2665.0,0.04578,12829.0,0.0458,5051.0,0.04581,16068.0
1753591996505,04:53:16.505,okx,ACT/USDT:USDT,0.04579,2664.0,0.04578,12829.0,0.0458,2524.0,0.04581,16068.0
1753591996605,04:53:16.605,okx,ACT/USDT:USDT,0.04579,2664.0,0.04578,14495.0,0.0458,2087.0,0.04581,14539.0
1753591996705,04:53:16.705,okx,ACT/USDT:USDT,0.04579,2664.0,0.04578,14495.0,0.0458,2087.0,0.04581,16205.0
1753591996805,04:53:16.805,okx,ACT/USDT:USDT,0.04579,2664.0,0.04578,12829.0,0.0458,2087.0,0.04581,16205.0
1753591997005,04:53:17.005,okx,ACT/USDT:USDT,0.04579,2664.0,0.04578,13266.0,0.0458,2087.0,0.04581,16205.0
1753591997605,04:53:17.605,okx,ACT/USDT:USDT,0.04579,2664.0,0.04578,12829.0,0.0458,2524.0,0.04581,16205.0
1753592000105,04:53:20.105,okx,ACT/USDT:USDT,0.04579,2664.0,0.04578,15495.0,0.0458,2480.0,0.04581,16205.0
1753592000305,04:53:20.305,okx,ACT/USDT:USDT,0.04579,2664.0,0.04578,15495.0,0.0458,2917.0,0.04581,16205.0
1753592000505,04:53:20.505,okx,ACT/USDT:USDT,0.04579,2664.0,0.04578,13829.0,0.0458,2917.0,0.04581,16205.0
1753592000605,04:53:20.605,okx,ACT/USDT:USDT,0.04579,2664.0,0.04578,15495.0,0.0458,2917.0,0.04581,16205.0
1753592000805,04:53:20.805,okx,ACT/USDT:USDT,0.04579,2664.0,0.04578,15495.0,0.0458,2478.0,0.04581,14539.0
1753592000905,04:53:20.905,okx,ACT/USDT:USDT,0.04579,2664.0,0.04578,15495.0,0.0458,2480.0,0.04581,14539.0
1753592001005,04:53:21.005,okx,ACT/USDT:USDT,0.04579,2664.0,0.04578,15495.0,0.0458,2480.0,0.04581,14539.0
1753592001805,04:53:21.805,okx,ACT/USDT:USDT,0.04579,4330.0,0.04578,15932.0,0.0458,396.0,0.04581,13102.0
1753592002305,04:53:22.305,okx,ACT/USDT:USDT,0.04579,2664.0,0.04578,15932.0,0.0458,3056.0,0.04581,16205.0
1753592002405,04:53:22.405,okx,ACT/USDT:USDT,0.04579,2664.0,0.04578,15495.0,0.0458,3056.0,0.04581,16205.0
1753592003105,04:53:23.105,okx,ACT/USDT:USDT,0.04579,2664.0,0.04578,15932.0,0.0458,3056.0,0.04581,14539.0
1753592003605,04:53:23.605,okx,ACT/USDT:USDT,0.04579,7510.0,0.04578,15932.0,0.0458,395.0,0.04581,7694.0
1753592003905,04:53:23.905,okx,ACT/USDT:USDT,0.04579,7510.0,0.04578,15932.0,0.0458,395.0,0.04581,7694.0
1753592004005,04:53:24.005,okx,ACT/USDT:USDT,0.04579,7510.0,0.04578,15932.0,0.0458,395.0,0.04581,7694.0
1753592004105,04:53:24.105,okx,ACT/USDT:USDT,0.04579,7510.0,0.04578,15932.0,0.0458,395.0,0.04581,7694.0
1753592004205,04:53:24.205,okx,ACT/USDT:USDT,0.04579,7854.0,0.04578,15932.0,0.0458,395.0,0.04581,7694.0
1753592004305,04:53:24.305,okx,ACT/USDT:USDT,0.04579,17019.0,0.04578,27823.0,0.0458,395.0,0.04581,7694.0
1753592004405,04:53:24.405,okx,ACT/USDT:USDT,0.04579,17019.0,0.04578,27823.0,0.0458,395.0,0.04581,7694.0
1753592004905,04:53:24.905,okx,ACT/USDT:USDT,0.04579,17019.0,0.04578,27823.0,0.0458,395.0,0.04581,7694.0
1753592005205,04:53:25.205,okx,ACT/USDT:USDT,0.04579,19201.0,0.04578,32189.0,0.0458,395.0,0.04581,7694.0
1753592005305,04:53:25.305,okx,ACT/USDT:USDT,0.04579,19201.0,0.04578,32189.0,0.0458,395.0,0.04581,7694.0
1753592005405,04:53:25.405,okx,ACT/USDT:USDT,0.04579,19201.0,0.04578,32189.0,0.0458,395.0,0.04581,7694.0
1753592005505,04:53:25.505,okx,ACT/USDT:USDT,0.04579,19201.0,0.04578,34372.0,0.0458,395.0,0.04581,7694.0
1753592005705,04:53:25.705,okx,ACT/USDT:USDT,0.04579,15582.0,0.04578,34372.0,0.0458,395.0,0.04581,7694.0
1753592006205,04:53:26.205,okx,ACT/USDT:USDT,0.04579,19201.0,0.04578,34372.0,0.0458,395.0,0.04581,7694.0
1753592006705,04:53:26.705,okx,ACT/USDT:USDT,0.04579,19191.0,0.04578,38740.0,0.0458,395.0,0.04581,7694.0
1753592006805,04:53:26.805,okx,ACT/USDT:USDT,0.04579,19191.0,0.04578,38740.0,0.0458,395.0,0.04581,7694.0
1753592006905,04:53:26.905,okx,ACT/USDT:USDT,0.04579,21374.0,0.04578,38740.0,0.0458,385.0,0.04581,7694.0
1753592007005,04:53:27.005,okx,ACT/USDT:USDT,0.04579,21374.0,0.04578,38740.0,0.0458,385.0,0.04581,7694.0
1753592007105,04:53:27.105,okx,ACT/USDT:USDT,0.04579,21374.0,0.04578,38740.0,0.0458,385.0,0.04581,7694.0
1753592007305,04:53:27.305,okx,ACT/USDT:USDT,0.04579,25727.0,0.04578,40923.0,0.0458,385.0,0.04581,7694.0
1753592007405,04:53:27.405,okx,ACT/USDT:USDT,0.04579,25727.0,0.04578,43101.0,0.0458,385.0,0.04581,7694.0
1753592007705,04:53:27.705,okx,ACT/USDT:USDT,0.04579,25727.0,0.04578,47467.0,0.0458,385.0,0.04581,7694.0
1753592007905,04:53:27.905,okx,ACT/USDT:USDT,0.04579,25727.0,0.04578,47467.0,0.0458,385.0,0.04581,7694.0
1753592008205,04:53:28.205,okx,ACT/USDT:USDT,0.04579,25727.0,0.04578,47467.0,0.0458,385.0,0.04581,7694.0
1753592008505,04:53:28.505,okx,ACT/USDT:USDT,0.04579,25727.0,0.04578,47467.0,0.0458,385.0,0.04581,7694.0
1753592009405,04:53:29.405,okx,ACT/USDT:USDT,0.04579,21444.0,0.04578,47467.0,0.0458,385.0,0.04581,7694.0
1753592010405,04:53:30.405,okx,ACT/USDT:USDT,0.04579,23464.0,0.04578,47467.0,0.0458,387.0,0.04581,7694.0
1753592010605,04:53:30.605,okx,ACT/USDT:USDT,0.04579,25644.0,0.04578,47467.0,0.0458,387.0,0.04581,7694.0
1753592011205,04:53:31.205,okx,ACT/USDT:USDT,0.04579,25644.0,0.04578,47467.0,0.0458,387.0,0.04581,7694.0
1753592011605,04:53:31.605,okx,ACT/USDT:USDT,0.04579,25644.0,0.04578,47467.0,0.0458,387.0,0.04581,6036.0
1753592012305,04:53:32.305,okx,ACT/USDT:USDT,0.04579,25644.0,0.04578,51815.0,0.0458,387.0,0.04581,6036.0
1753592012505,04:53:32.505,okx,ACT/USDT:USDT,0.0458,22225.0,0.04579,20048.0,0.04581,2665.0,0.04582,9952.0
1753592012605,04:53:32.605,okx,ACT/USDT:USDT,0.0458,24214.0,0.04579,20048.0,0.04581,2665.0,0.04582,8400.0
1753592013005,04:53:33.005,okx,ACT/USDT:USDT,0.0458,22225.0,0.04579,20048.0,0.04581,2665.0,0.04582,9952.0
1753592013105,04:53:33.105,okx,ACT/USDT:USDT,0.0458,23777.0,0.04579,20048.0,0.04581,2665.0,0.04582,8400.0
1753592014105,04:53:34.105,okx,ACT/USDT:USDT,0.0458,6962.0,0.04579,12931.0,0.04581,2666.0,0.04582,13503.0
1753592014505,04:53:34.505,okx,ACT/USDT:USDT,0.0458,6618.0,0.04579,12931.0,0.04581,2666.0,0.04582,12572.0
1753592014905,04:53:34.905,okx,ACT/USDT:USDT,0.0458,6618.0,0.04579,13368.0,0.04581,2666.0,0.04582,12135.0
1753592015205,04:53:35.205,okx,ACT/USDT:USDT,0.0458,8170.0,0.04579,13368.0,0.04581,2666.0,0.04582,8400.0
1753592015605,04:53:35.605,okx,ACT/USDT:USDT,0.0458,13685.0,0.04579,13368.0,0.04581,2666.0,0.04582,8400.0
1753592016005,04:53:36.005,okx,ACT/USDT:USDT,0.0458,13685.0,0.04579,24124.0,0.04581,1.0,0.04582,8400.0
1753592016105,04:53:36.105,okx,ACT/USDT:USDT,0.0458,13685.0,0.04579,24124.0,0.04581,1.0,0.04582,8400.0
1753592016205,04:53:36.205,okx,ACT/USDT:USDT,0.0458,14029.0,0.04579,24124.0,0.04581,1.0,0.04582,8400.0
1753592016905,04:53:36.905,okx,ACT/USDT:USDT,0.0458,18393.0,0.04579,30670.0,0.04581,1.0,0.04582,8400.0
1753592017305,04:53:37.305,okx,ACT/USDT:USDT,0.0458,16404.0,0.04579,26306.0,0.04581,2664.0,0.04582,10883.0
1753592017605,04:53:37.605,okx,ACT/USDT:USDT,0.0458,17956.0,0.04579,28608.0,0.04581,1.0,0.04582,8400.0
1753592017805,04:53:37.805,okx,ACT/USDT:USDT,0.0458,17956.0,0.04579,28608.0,0.04581,1.0,0.04582,8400.0
1753592018205,04:53:38.205,okx,ACT/USDT:USDT,0.0458,15473.0,0.04579,28608.0,0.04581,2484.0,0.04582,10883.0
1753592018405,04:53:38.405,okx,ACT/USDT:USDT,0.0458,17956.0,0.04579,28608.0,0.04581,2484.0,0.04582,8400.0
1753592018705,04:53:38.705,okx,ACT/USDT:USDT,0.0458,12876.0,0.04579,28608.0,0.04581,2484.0,0.04582,8400.0
1753592019005,04:53:39.005,okx,ACT/USDT:USDT,0.0458,12878.0,0.04579,28608.0,0.04581,1.0,0.04582,8400.0
1753592019305,04:53:39.305,okx,ACT/USDT:USDT,0.0458,12878.0,0.04579,28608.0,0.04581,1.0,0.04582,8400.0
1753592020105,04:53:40.105,okx,ACT/USDT:USDT,0.0458,11326.0,0.04579,28608.0,0.04581,1.0,0.04582,8400.0
1753592020405,04:53:40.405,okx,ACT/USDT:USDT,0.04581,7367.0,0.0458,21146.0,0.04582,6174.0,0.04583,12898.0
1753592020505,04:53:40.505,okx,ACT/USDT:USDT,0.04581,7095.0,0.0458,21147.0,0.04582,6174.0,0.04583,14813.0
1753592020705,04:53:40.705,okx,ACT/USDT:USDT,0.04581,7097.0,0.0458,21108.0,0.04582,6174.0,0.04583,14813.0
1753592020805,04:53:40.805,okx,ACT/USDT:USDT,0.04581,7097.0,0.0458,20671.0,0.04582,6174.0,0.04583,14813.0
1753592020905,04:53:40.905,okx,ACT/USDT:USDT,0.04581,7097.0,0.0458,20671.0,0.04582,6174.0,0.04583,15250.0
1753592021005,04:53:41.005,okx,ACT/USDT:USDT,0.04581,7097.0,0.0458,20671.0,0.04582,6174.0,0.04583,15250.0
1753592021605,04:53:41.605,okx,ACT/USDT:USDT,0.04581,2735.0,0.0458,18227.0,0.04582,10144.0,0.04583,14243.0
1753592021705,04:53:41.705,okx,ACT/USDT:USDT,0.04581,2735.0,0.0458,18227.0,0.04582,10144.0,0.04583,14243.0
1753592022405,04:53:42.405,okx,ACT/USDT:USDT,0.04581,2735.0,0.0458,18227.0,0.04582,8320.0,0.04583,14243.0
1753592022605,04:53:42.605,okx,ACT/USDT:USDT,0.04581,74.0,0.0458,18227.0,0.04582,10144.0,0.04583,14243.0
1753592023005,04:53:43.005,okx,ACT/USDT:USDT,0.04581,2735.0,0.0458,18227.0,0.04582,8320.0,0.04583,14243.0
1753592023305,04:53:43.305,okx,ACT/USDT:USDT,0.04581,2735.0,0.0458,20648.0,0.04582,8320.0,0.04583,12293.0
1753592023505,04:53:43.505,okx,ACT/USDT:USDT,0.04581,3643.0,0.0458,21085.0,0.04582,3692.0,0.04583,13118.0
1753592023705,04:53:43.705,okx,ACT/USDT:USDT,0.04581,2735.0,0.0458,20648.0,0.04582,6174.0,0.04583,15976.0
1753592024605,04:53:44.605,okx,ACT/USDT:USDT,0.04581,2735.0,0.0458,20648.0,0.04582,8479.0,0.04583,14243.0
1753592025205,04:53:45.205,okx,ACT/USDT:USDT,0.04581,2735.0,0.0458,20648.0,0.04582,8042.0,0.04583,14243.0
1753592025305,04:53:45.305,okx,ACT/USDT:USDT,0.04581,2735.0,0.0458,20648.0,0.04582,8501.0,0.04583,14243.0
1753592027305,04:53:47.305,okx,ACT/USDT:USDT,0.04581,2735.0,0.0458,20648.0,0.04582,6197.0,0.04583,16201.0
1753592028105,04:53:48.105,okx,ACT/USDT:USDT,0.04581,5821.0,0.0458,20650.0,0.04582,3713.0,0.04583,15293.0
1753592028205,04:53:48.205,okx,ACT/USDT:USDT,0.04581,5823.0,0.0458,20650.0,0.04582,3715.0,0.04583,7426.0
1753592028505,04:53:48.505,okx,ACT/USDT:USDT,0.04581,2735.0,0.0458,20650.0,0.04582,3715.0,0.04583,7897.0
1753592029205,04:53:49.205,okx,ACT/USDT:USDT,0.04581,2735.0,0.0458,20650.0,0.04582,3715.0,0.04583,8334.0
1753592030605,04:53:50.605,okx,ACT/USDT:USDT,0.04581,2735.0,0.0458,20650.0,0.04582,6197.0,0.04583,7897.0
1753592031605,04:53:51.605,okx,ACT/USDT:USDT,0.04581,2740.0,0.0458,20650.0,0.04582,6197.0,0.04583,6989.0
1753592031805,04:53:51.805,okx,ACT/USDT:USDT,0.04581,2740.0,0.0458,20650.0,0.04582,6197.0,0.04583,7897.0
1753592032005,04:53:52.005,okx,ACT/USDT:USDT,0.04581,2740.0,0.0458,20650.0,0.04582,6197.0,0.04583,6989.0
1753592032505,04:53:52.505,okx,ACT/USDT:USDT,0.04581,5161.0,0.0458,21087.0,0.04582,6197.0,0.04583,5476.0
1753592032705,04:53:52.705,okx,ACT/USDT:USDT,0.04581,3648.0,0.0458,20650.0,0.04582,6197.0,0.04583,6989.0
1753592032805,04:53:52.805,okx,ACT/USDT:USDT,0.04581,3648.0,0.0458,20650.0,0.04582,6197.0,0.04583,6989.0
1753592032905,04:53:52.905,okx,ACT/USDT:USDT,0.04581,3648.0,0.0458,20650.0,0.04582,6197.0,0.04583,6989.0
1753592033005,04:53:53.005,okx,ACT/USDT:USDT,0.04581,2740.0,0.0458,20650.0,0.04582,6197.0,0.04583,8334.0
1753592033405,04:53:53.405,okx,ACT/USDT:USDT,0.04581,3648.0,0.0458,20650.0,0.04582,6197.0,0.04583,6989.0
1753592034705,04:53:54.705,okx,ACT/USDT:USDT,0.04581,3648.0,0.0458,20650.0,0.04582,6197.0,0.04583,9608.0
1753592034905,04:53:54.905,okx,ACT/USDT:USDT,0.04581,5161.0,0.0458,21087.0,0.04582,6197.0,0.04583,7658.0
1753592035505,04:53:55.505,okx,ACT/USDT:USDT,0.04581,3648.0,0.0458,20650.0,0.04582,6376.0,0.04583,10516.0
1753592035805,04:53:55.805,okx,ACT/USDT:USDT,0.04581,3648.0,0.0458,20650.0,0.04582,6376.0,0.04583,8566.0
1753592036105,04:53:56.105,okx,ACT/USDT:USDT,0.04581,2740.0,0.0458,20650.0,0.04582,6377.0,0.04583,10516.0
1753592037005,04:53:57.005,okx,ACT/USDT:USDT,0.04581,3648.0,0.0458,20650.0,0.04582,6377.0,0.04583,10079.0
1753592037305,04:53:57.305,okx,ACT/USDT:USDT,0.04581,3648.0,0.0458,20650.0,0.04582,6377.0,0.04583,10079.0
1753592038005,04:53:58.005,okx,ACT/USDT:USDT,0.04581,2740.0,0.0458,20650.0,0.04582,6377.0,0.04583,10516.0
1753592038505,04:53:58.505,okx,ACT/USDT:USDT,0.04581,2740.0,0.0458,20650.0,0.04582,6196.0,0.04583,10516.0
1753592038605,04:53:58.605,okx,ACT/USDT:USDT,0.04581,2740.0,0.0458,20650.0,0.04582,6199.0,0.04583,10516.0
1753592038705,04:53:58.705,okx,ACT/USDT:USDT,0.04581,2740.0,0.0458,20650.0,0.04582,6199.0,0.04583,10079.0
1753592038805,04:53:58.805,okx,ACT/USDT:USDT,0.04581,2740.0,0.0458,21087.0,0.04582,6199.0,0.04583,8566.0
1753592039005,04:53:59.005,okx,ACT/USDT:USDT,0.04581,2740.0,0.0458,20650.0,0.04582,6199.0,0.04583,10079.0
1753592039205,04:53:59.205,okx,ACT/USDT:USDT,0.04581,2740.0,0.0458,21087.0,0.04582,6199.0,0.04583,7658.0
1753592039305,04:53:59.305,okx,ACT/USDT:USDT,0.04581,5161.0,0.0458,21087.0,0.04582,3717.0,0.04583,7658.0
1753592039605,04:53:59.605,okx,ACT/USDT:USDT,0.04581,5161.0,0.0458,21087.0,0.04582,3717.0,0.04583,7658.0
1753592039705,04:53:59.705,okx,ACT/USDT:USDT,0.04581,5161.0,0.0458,21087.0,0.04582,3717.0,0.04583,7658.0
1753592040105,04:54:00.105,okx,ACT/USDT:USDT,0.04581,3648.0,0.0458,19137.0,0.04582,6197.0,0.04583,9608.0
1753592040705,04:54:00.705,okx,ACT/USDT:USDT,0.04581,3648.0,0.0458,21087.0,0.04582,6197.0,0.04583,7658.0
1753592040905,04:54:00.905,okx,ACT/USDT:USDT,0.04581,3648.0,0.0458,21105.0,0.04582,6197.0,0.04583,7658.0
1753592041605,04:54:01.605,okx,ACT/USDT:USDT,0.04581,5161.0,0.0458,21105.0,0.04582,3715.0,0.04583,5476.0
1753592042105,04:54:02.105,okx,ACT/USDT:USDT,0.04581,5161.0,0.0458,21105.0,0.04582,3715.0,0.04583,5476.0
1753592042205,04:54:02.205,okx,ACT/USDT:USDT,0.04581,5161.0,0.0458,21105.0,0.04582,3715.0,0.04583,5476.0
1753592042305,04:54:02.305,okx,ACT/USDT:USDT,0.04581,3648.0,0.0458,21105.0,0.04582,3715.0,0.04583,5476.0
1753592042505,04:54:02.505,okx,ACT/USDT:USDT,0.04581,3992.0,0.0458,21105.0,0.04582,3715.0,0.04583,5476.0
1753592042705,04:54:02.705,okx,ACT/USDT:USDT,0.04581,3992.0,0.0458,21105.0,0.04582,3715.0,0.04583,5476.0
1753592043105,04:54:03.105,okx,ACT/USDT:USDT,0.04581,3992.0,0.0458,20668.0,0.04582,3715.0,0.04583,7426.0
1753592043305,04:54:03.305,okx,ACT/USDT:USDT,0.04581,6173.0,0.0458,20668.0,0.04582,3715.0,0.04583,5913.0
1753592043505,04:54:03.505,okx,ACT/USDT:USDT,0.04581,6173.0,0.0458,23287.0,0.04582,3715.0,0.04583,5476.0
1753592043605,04:54:03.605,okx,ACT/USDT:USDT,0.04581,6173.0,0.0458,23287.0,0.04582,3715.0,0.04583,5476.0
1753592043905,04:54:03.905,okx,ACT/USDT:USDT,0.04581,6173.0,0.0458,22850.0,0.04582,3715.0,0.04583,8334.0
1753592044405,04:54:04.405,okx,ACT/USDT:USDT,0.04584,2663.0,0.04583,20660.0,0.04585,9068.0,0.04586,13559.0
1753592044505,04:54:04.505,okx,ACT/USDT:USDT,0.04584,2663.0,0.04583,20223.0,0.04585,9068.0,0.04586,13559.0
1753592044605,04:54:04.605,okx,ACT/USDT:USDT,0.04584,2663.0,0.04583,20223.0,0.04585,9068.0,0.04586,13559.0
1753592045205,04:54:05.205,okx,ACT/USDT:USDT,0.04584,2663.0,0.04583,20223.0,0.04585,7382.0,0.04586,15414.0
1753592045405,04:54:05.405,okx,ACT/USDT:USDT,0.04584,2675.0,0.04583,20223.0,0.04585,7382.0,0.04586,13226.0
1753592045905,04:54:05.905,okx,ACT/USDT:USDT,0.04584,2675.0,0.04583,20223.0,0.04585,7382.0,0.04586,13226.0
1753592046305,04:54:06.305,okx,ACT/USDT:USDT,0.04584,2678.0,0.04583,20223.0,0.04585,7382.0,0.04586,13226.0
1753592047205,04:54:07.205,okx,ACT/USDT:USDT,0.04584,2678.0,0.04583,20223.0,0.04585,7382.0,0.04586,13226.0
1753592047305,04:54:07.305,okx,ACT/USDT:USDT,0.04584,2678.0,0.04583,20223.0,0.04585,7382.0,0.04586,13226.0
1753592049205,04:54:09.205,okx,ACT/USDT:USDT,0.04584,2678.0,0.04583,20223.0,0.04585,6068.0,0.04586,17292.0
1753592049505,04:54:09.505,okx,ACT/USDT:USDT,0.04584,2678.0,0.04583,14691.0,0.04585,6068.0,0.04586,17292.0
1753592050105,04:54:10.105,okx,ACT/USDT:USDT,0.04584,2678.0,0.04583,15660.0,0.04585,6068.0,0.04586,11606.0
1753592050305,04:54:10.305,okx,ACT/USDT:USDT,0.04584,3647.0,0.04583,16097.0,0.04585,2489.0,0.04586,7373.0
1753592050405,04:54:10.405,okx,ACT/USDT:USDT,0.04584,3647.0,0.04583,14045.0,0.04585,2489.0,0.04586,8988.0
1753592050505,04:54:10.505,okx,ACT/USDT:USDT,0.04584,5262.0,0.04583,16097.0,0.04585,2487.0,0.04586,7373.0
1753592050605,04:54:10.605,okx,ACT/USDT:USDT,0.04584,3647.0,0.04583,15660.0,0.04585,946.0,0.04586,6970.0
1753592051205,04:54:11.205,okx,ACT/USDT:USDT,0.04584,3644.0,0.04583,15656.0,0.04585,936.0,0.04586,5359.0
1753592051805,04:54:11.805,okx,ACT/USDT:USDT,0.04584,3634.0,0.04583,15576.0,0.04585,936.0,0.04586,5359.0
1753592053005,04:54:13.005,okx,ACT/USDT:USDT,0.04584,5165.0,0.04583,16013.0,0.04585,936.0,0.04586,5359.0
1753592053205,04:54:13.205,okx,ACT/USDT:USDT,0.04585,1717.0,0.04584,12842.0,0.04586,8019.0,0.04587,33481.0
1753592053405,04:54:13.405,okx,ACT/USDT:USDT,0.04585,2661.0,0.04584,12796.0,0.04586,8019.0,0.04587,24324.0
1753592053505,04:54:13.505,okx,ACT/USDT:USDT,0.04585,2663.0,0.04584,12794.0,0.04586,8021.0,0.04587,24324.0
1753592053605,04:54:13.605,okx,ACT/USDT:USDT,0.04585,2663.0,0.04584,12795.0,0.04586,8021.0,0.04587,24761.0
1753592053905,04:54:13.905,okx,ACT/USDT:USDT,0.04585,2663.0,0.04584,12795.0,0.04586,8021.0,0.04587,24761.0
1753592054005,04:54:14.005,okx,ACT/USDT:USDT,0.04585,2663.0,0.04584,12795.0,0.04586,8021.0,0.04587,24761.0
1753592054105,04:54:14.105,okx,ACT/USDT:USDT,0.04585,2663.0,0.04584,12795.0,0.04586,8021.0,0.04587,24324.0
1753592054305,04:54:14.305,okx,ACT/USDT:USDT,0.04585,2663.0,0.04584,10346.0,0.04586,8021.0,0.04587,25679.0
1753592054505,04:54:14.505,okx,ACT/USDT:USDT,0.04585,2663.0,0.04584,11264.0,0.04586,8021.0,0.04587,25679.0
1753592054705,04:54:14.705,okx,ACT/USDT:USDT,0.04585,2663.0,0.04584,13232.0,0.04586,8021.0,0.04587,25242.0
1753592054805,04:54:14.805,okx,ACT/USDT:USDT,0.04585,2663.0,0.04584,10346.0,0.04586,8021.0,0.04587,25679.0
1753592055005,04:54:15.005,okx,ACT/USDT:USDT,0.04585,2663.0,0.04584,11264.0,0.04586,8021.0,0.04587,27859.0
1753592055105,04:54:15.105,okx,ACT/USDT:USDT,0.04585,2663.0,0.04584,12795.0,0.04586,8021.0,0.04587,26941.0
1753592055305,04:54:15.305,okx,ACT/USDT:USDT,0.04585,2663.0,0.04584,12795.0,0.04586,8021.0,0.04587,20788.0
1753592055805,04:54:15.805,okx,ACT/USDT:USDT,0.04584,5982.0,0.04583,14948.0,0.04585,5606.0,0.04586,11559.0
1753592055905,04:54:15.905,okx,ACT/USDT:USDT,0.04584,5984.0,0.04583,17397.0,0.04585,6550.0,0.04586,9551.0
1753592056105,04:54:16.105,okx,ACT/USDT:USDT,0.04584,5984.0,0.04583,17397.0,0.04585,6550.0,0.04586,8020.0
1753592058605,04:54:18.605,okx,ACT/USDT:USDT,0.04584,12105.0,0.04583,17834.0,0.04585,5606.0,0.04586,8020.0
1753592058805,04:54:18.805,okx,ACT/USDT:USDT,0.04584,12105.0,0.04583,17834.0,0.04585,5606.0,0.04586,8020.0
1753592058905,04:54:18.905,okx,ACT/USDT:USDT,0.04584,12105.0,0.04583,17834.0,0.04585,5606.0,0.04586,8020.0
1753592061005,04:54:21.005,okx,ACT/USDT:USDT,0.04584,9656.0,0.04583,17397.0,0.04585,5606.0,0.04586,8020.0
1753592061405,04:54:21.405,okx,ACT/USDT:USDT,0.04584,12105.0,0.04583,17834.0,0.04585,5606.0,0.04586,8020.0
1753592062205,04:54:22.205,okx,ACT/USDT:USDT,0.04584,12105.0,0.04583,17834.0,0.04585,5606.0,0.04586,8020.0
1753592062905,04:54:22.905,okx,ACT/USDT:USDT,0.04584,9656.0,0.04583,17397.0,0.04585,8267.0,0.04586,10906.0
1753592063005,04:54:23.005,okx,ACT/USDT:USDT,0.04584,9656.0,0.04583,17397.0,0.04585,8267.0,0.04586,10906.0
1753592063305,04:54:23.305,okx,ACT/USDT:USDT,0.04584,9656.0,0.04583,17397.0,0.04585,5596.0,0.04586,9352.0
1753592063405,04:54:23.405,okx,ACT/USDT:USDT,0.04584,9656.0,0.04583,17397.0,0.04585,5596.0,0.04586,8915.0
1753592063705,04:54:23.705,okx,ACT/USDT:USDT,0.04584,9656.0,0.04583,17397.0,0.04585,6540.0,0.04586,10843.0
1753592063905,04:54:23.905,okx,ACT/USDT:USDT,0.04584,9656.0,0.04583,17397.0,0.04585,6540.0,0.04586,10843.0
1753592064405,04:54:24.405,okx,ACT/USDT:USDT,0.04584,10551.0,0.04583,17397.0,0.04585,5596.0,0.04586,9509.0
1753592064705,04:54:24.705,okx,ACT/USDT:USDT,0.04584,12042.0,0.04583,17834.0,0.04585,5596.0,0.04586,8018.0
1753592064905,04:54:24.905,okx,ACT/USDT:USDT,0.04584,12042.0,0.04583,17834.0,0.04585,5596.0,0.04586,8018.0
1753592065205,04:54:25.205,okx,ACT/USDT:USDT,0.04584,12042.0,0.04583,17834.0,0.04585,5596.0,0.04586,8018.0
1753592065305,04:54:25.305,okx,ACT/USDT:USDT,0.04584,10541.0,0.04583,17834.0,0.04585,2.0,0.04586,8018.0
1753592066005,04:54:26.005,okx,ACT/USDT:USDT,0.04585,1709.0,0.04584,16358.0,0.04586,8236.0,0.04587,22938.0
1753592066105,04:54:26.105,okx,ACT/USDT:USDT,0.04585,1709.0,0.04584,15463.0,0.04586,8871.0,0.04587,22938.0
1753592066305,04:54:26.305,okx,ACT/USDT:USDT,0.04585,1709.0,0.04584,14008.0,0.04586,8871.0,0.04587,22938.0
1753592066505,04:54:26.505,okx,ACT/USDT:USDT,0.04585,1710.0,0.04584,14008.0,0.04586,6579.0,0.04587,24761.0
1753592066605,04:54:26.605,okx,ACT/USDT:USDT,0.04585,1710.0,0.04584,16336.0,0.04586,6579.0,0.04587,24761.0
1753592067005,04:54:27.005,okx,ACT/USDT:USDT,0.04585,1710.0,0.04584,15463.0,0.04586,8817.0,0.04587,22938.0
1753592067305,04:54:27.305,okx,ACT/USDT:USDT,0.04585,1710.0,0.04584,15463.0,0.04586,8182.0,0.04587,22938.0
1753592068905,04:54:28.905,okx,ACT/USDT:USDT,0.04585,1710.0,0.04584,14008.0,0.04586,10799.0,0.04587,22938.0
1753592069305,04:54:29.305,okx,ACT/USDT:USDT,0.04585,1710.0,0.04584,22002.0,0.04586,10362.0,0.04587,21046.0
1753592069705,04:54:29.705,okx,ACT/USDT:USDT,0.04585,1710.0,0.04584,20692.0,0.04586,10362.0,0.04587,22938.0
1753592070205,04:54:30.205,okx,ACT/USDT:USDT,0.04585,1710.0,0.04584,19237.0,0.04586,10799.0,0.04587,22938.0
1753592070705,04:54:30.705,okx,ACT/USDT:USDT,0.04585,1710.0,0.04584,22002.0,0.04586,10362.0,0.04587,21046.0
1753592070805,04:54:30.805,okx,ACT/USDT:USDT,0.04585,1710.0,0.04584,21565.0,0.04586,10362.0,0.04587,21046.0
1753592070905,04:54:30.905,okx,ACT/USDT:USDT,0.04585,1710.0,0.04584,22002.0,0.04586,10362.0,0.04587,21046.0
1753592071005,04:54:31.005,okx,ACT/USDT:USDT,0.04585,1710.0,0.04584,21565.0,0.04586,10362.0,0.04587,22938.0
1753592071505,04:54:31.505,okx,ACT/USDT:USDT,0.04585,1781.0,0.04584,21565.0,0.04586,10362.0,0.04587,21483.0
1753592071905,04:54:31.905,okx,ACT/USDT:USDT,0.04585,1781.0,0.04584,21565.0,0.04586,10362.0,0.04587,16595.0
1753592072005,04:54:32.005,okx,ACT/USDT:USDT,0.04585,1781.0,0.04584,21565.0,0.04586,10362.0,0.04587,17032.0
1753592072105,04:54:32.105,okx,ACT/USDT:USDT,0.04585,1781.0,0.04584,22002.0,0.04586,10362.0,0.04587,16595.0
1753592072405,04:54:32.405,okx,ACT/USDT:USDT,0.04585,1781.0,0.04584,19237.0,0.04586,11672.0,0.04587,18487.0
1753592073405,04:54:33.405,okx,ACT/USDT:USDT,0.04585,1781.0,0.04584,19237.0,0.04586,13127.0,0.04587,18487.0
1753592073605,04:54:33.605,okx,ACT/USDT:USDT,0.04585,1781.0,0.04584,19237.0,0.04586,11235.0,0.04587,18487.0
1753592073905,04:54:33.905,okx,ACT/USDT:USDT,0.04585,1781.0,0.04584,19237.0,0.04586,10362.0,0.04587,18487.0
1753592074205,04:54:34.205,okx,ACT/USDT:USDT,0.04585,1781.0,0.04584,19237.0,0.04586,13127.0,0.04587,18487.0
1753592074305,04:54:34.305,okx,ACT/USDT:USDT,0.04585,1781.0,0.04584,20692.0,0.04586,10362.0,0.04587,18487.0
1753592075205,04:54:35.205,okx,ACT/USDT:USDT,0.04585,1781.0,0.04584,20692.0,0.04586,10799.0,0.04587,18487.0
1753592076705,04:54:36.705,okx,ACT/USDT:USDT,0.04584,7005.0,0.04583,14948.0,0.04585,9536.0,0.04586,17653.0
1753592076905,04:54:36.905,okx,ACT/USDT:USDT,0.04584,7005.0,0.04583,14948.0,0.04585,9536.0,0.04586,19925.0
1753592077005,04:54:37.005,okx,ACT/USDT:USDT,0.04584,7005.0,0.04583,14948.0,0.04585,9536.0,0.04586,19925.0
1753592077105,04:54:37.105,okx,ACT/USDT:USDT,0.04584,7005.0,0.04583,14948.0,0.04585,7677.0,0.04586,19925.0
1753592077505,04:54:37.505,okx,ACT/USDT:USDT,0.04584,7005.0,0.04583,14948.0,0.04585,9099.0,0.04586,19925.0
1753592077705,04:54:37.705,okx,ACT/USDT:USDT,0.04584,7005.0,0.04583,14948.0,0.04585,9099.0,0.04586,17744.0
1753592077805,04:54:37.805,okx,ACT/USDT:USDT,0.04584,7005.0,0.04583,14948.0,0.04585,9099.0,0.04586,17744.0
1753592078005,04:54:38.005,okx,ACT/USDT:USDT,0.04584,7005.0,0.04583,14948.0,0.04585,7677.0,0.04586,8583.0
1753592078105,04:54:38.105,okx,ACT/USDT:USDT,0.04584,7005.0,0.04583,14948.0,0.04585,7677.0,0.04586,9020.0
1753592078605,04:54:38.605,okx,ACT/USDT:USDT,0.04584,7005.0,0.04583,14948.0,0.04585,9536.0,0.04586,9020.0
1753592079205,04:54:39.205,okx,ACT/USDT:USDT,0.04584,7005.0,0.04583,9564.0,0.04585,11373.0,0.04586,24242.0
1753592079705,04:54:39.705,okx,ACT/USDT:USDT,0.04584,7005.0,0.04583,3329.0,0.04585,11373.0,0.04586,35147.0
1753592079905,04:54:39.905,okx,ACT/USDT:USDT,0.04584,7005.0,0.04583,3329.0,0.04585,11373.0,0.04586,35147.0
1753592080505,04:54:40.505,okx,ACT/USDT:USDT,0.04583,3328.0,0.04582,12038.0,0.04584,13442.0,0.04585,28381.0
1753592080705,04:54:40.705,okx,ACT/USDT:USDT,0.04583,3328.0,0.04582,12038.0,0.04584,12040.0,0.04585,19657.0
1753592081005,04:54:41.005,okx,ACT/USDT:USDT,0.04583,3328.0,0.04582,12038.0,0.04584,13502.0,0.04585,19657.0
1753592081205,04:54:41.205,okx,ACT/USDT:USDT,0.04583,3328.0,0.04582,12038.0,0.04584,10203.0,0.04585,19657.0
1753592082105,04:54:42.105,okx,ACT/USDT:USDT,0.04582,3328.0,0.04581,13948.0,0.04583,13580.0,0.04584,11102.0
1753592082205,04:54:42.205,okx,ACT/USDT:USDT,0.04582,3328.0,0.04581,13948.0,0.04583,12163.0,0.04584,11102.0
1753592082405,04:54:42.405,okx,ACT/USDT:USDT,0.04582,3328.0,0.04581,13948.0,0.04583,13583.0,0.04584,11102.0
1753592082805,04:54:42.805,okx,ACT/USDT:USDT,0.04582,3328.0,0.04581,13948.0,0.04583,13583.0,0.04584,19830.0
1753592083305,04:54:43.305,okx,ACT/USDT:USDT,0.04582,3328.0,0.04581,13948.0,0.04583,13583.0,0.04584,22012.0
1753592083405,04:54:43.405,okx,ACT/USDT:USDT,0.04582,3328.0,0.04581,13948.0,0.04583,12166.0,0.04584,22012.0
1753592083705,04:54:43.705,okx,ACT/USDT:USDT,0.04582,3328.0,0.04581,13948.0,0.04583,13583.0,0.04584,13284.0
1753592084005,04:54:44.005,okx,ACT/USDT:USDT,0.04582,3328.0,0.04581,13948.0,0.04583,13583.0,0.04584,13284.0
1753592084305,04:54:44.305,okx,ACT/USDT:USDT,0.04582,3328.0,0.04581,13948.0,0.04583,12166.0,0.04584,11102.0
1753592084405,04:54:44.405,okx,ACT/USDT:USDT,0.04582,3328.0,0.04581,13948.0,0.04583,12165.0,0.04584,11102.0
1753592084705,04:54:44.705,okx,ACT/USDT:USDT,0.04582,3328.0,0.04581,13948.0,0.04583,12165.0,0.04584,11102.0
1753592084905,04:54:44.905,okx,ACT/USDT:USDT,0.04582,3328.0,0.04581,13948.0,0.04583,12165.0,0.04584,11102.0
1753592085305,04:54:45.305,okx,ACT/USDT:USDT,0.04582,3328.0,0.04581,13948.0,0.04583,13582.0,0.04584,16560.0
1753592085405,04:54:45.405,okx,ACT/USDT:USDT,0.04581,5989.0,0.0458,30314.0,0.04582,4282.0,0.04583,10832.0
1753592085605,04:54:45.605,okx,ACT/USDT:USDT,0.04581,5991.0,0.0458,30314.0,0.04582,2100.0,0.04583,17818.0
1753592085805,04:54:45.805,okx,ACT/USDT:USDT,0.04581,5991.0,0.0458,30314.0,0.04582,2537.0,0.04583,17818.0
1753592086205,04:54:46.205,okx,ACT/USDT:USDT,0.04581,5991.0,0.0458,30751.0,0.04582,2100.0,0.04583,15114.0
1753592086405,04:54:46.405,okx,ACT/USDT:USDT,0.04581,5991.0,0.0458,30314.0,0.04582,2100.0,0.04583,15114.0
1753592086605,04:54:46.605,okx,ACT/USDT:USDT,0.04581,5991.0,0.0458,30314.0,0.04582,2100.0,0.04583,16968.0
1753592086705,04:54:46.705,okx,ACT/USDT:USDT,0.04581,5991.0,0.0458,30314.0,0.04582,2100.0,0.04583,15964.0
1753592086805,04:54:46.805,okx,ACT/USDT:USDT,0.04581,5991.0,0.0458,30314.0,0.04582,2100.0,0.04583,17818.0
1753592086905,04:54:46.905,okx,ACT/USDT:USDT,0.04581,5991.0,0.0458,30751.0,0.04582,2100.0,0.04583,15114.0
1753592087105,04:54:47.105,okx,ACT/USDT:USDT,0.04581,5991.0,0.0458,30314.0,0.04582,2100.0,0.04583,15114.0
1753592087205,04:54:47.205,okx,ACT/USDT:USDT,0.04581,5991.0,0.0458,30751.0,0.04582,2100.0,0.04583,15114.0
1753592087305,04:54:47.305,okx,ACT/USDT:USDT,0.04581,5991.0,0.0458,30751.0,0.04582,2100.0,0.04583,15114.0
1753592088005,04:54:48.005,okx,ACT/USDT:USDT,0.04581,5991.0,0.0458,30314.0,0.04582,2100.0,0.04583,19754.0
1753592088205,04:54:48.205,okx,ACT/USDT:USDT,0.04581,5991.0,0.0458,30314.0,0.04582,2100.0,0.04583,18337.0
1753592088405,04:54:48.405,okx,ACT/USDT:USDT,0.04581,5991.0,0.0458,30314.0,0.04582,2100.0,0.04583,18337.0
1753592088805,04:54:48.805,okx,ACT/USDT:USDT,0.04581,5991.0,0.0458,22447.0,0.04582,2100.0,0.04583,19754.0
1753592089505,04:54:49.505,okx,ACT/USDT:USDT,0.04581,5991.0,0.0458,22447.0,0.04582,2100.0,0.04583,17900.0
1753592089605,04:54:49.605,okx,ACT/USDT:USDT,0.04581,5991.0,0.0458,22447.0,0.04582,2100.0,0.04583,18337.0
1753592090105,04:54:50.105,okx,ACT/USDT:USDT,0.04581,5991.0,0.0458,22884.0,0.04582,2100.0,0.04583,17900.0
1753592090305,04:54:50.305,okx,ACT/USDT:USDT,0.04581,5991.0,0.0458,23734.0,0.04582,2100.0,0.04583,17050.0
1753592091205,04:54:51.205,okx,ACT/USDT:USDT,0.04581,6335.0,0.0458,22447.0,0.04582,2100.0,0.04583,18337.0
1753592091405,04:54:51.405,okx,ACT/USDT:USDT,0.04581,6335.0,0.0458,22447.0,0.04582,2100.0,0.04583,23113.0
1753592092205,04:54:52.205,okx,ACT/USDT:USDT,0.04581,6339.0,0.0458,22884.0,0.04582,2100.0,0.04583,17999.0
1753592092805,04:54:52.805,okx,ACT/USDT:USDT,0.04581,6339.0,0.0458,22884.0,0.04582,2100.0,0.04583,18436.0
1753592094005,04:54:54.005,okx,ACT/USDT:USDT,0.04581,6339.0,0.0458,22447.0,0.04582,4759.0,0.04583,19853.0
1753592094205,04:54:54.205,okx,ACT/USDT:USDT,0.04581,5995.0,0.0458,22447.0,0.04582,4759.0,0.04583,19853.0
1753592094805,04:54:54.805,okx,ACT/USDT:USDT,0.04581,5995.0,0.0458,22884.0,0.04582,2100.0,0.04583,17999.0
1753592095205,04:54:55.205,okx,ACT/USDT:USDT,0.04581,5995.0,0.0458,22884.0,0.04582,2100.0,0.04583,17999.0
1753592096505,04:54:56.505,okx,ACT/USDT:USDT,0.04581,5995.0,0.0458,22447.0,0.04582,4761.0,0.04583,19053.0
1753592096805,04:54:56.805,okx,ACT/USDT:USDT,0.04581,5995.0,0.0458,22447.0,0.04582,4761.0,0.04583,19053.0
1753592097405,04:54:57.405,okx,ACT/USDT:USDT,0.04581,5995.0,0.0458,22447.0,0.04582,4761.0,0.04583,16510.0
1753592097705,04:54:57.705,okx,ACT/USDT:USDT,0.04581,5995.0,0.0458,22884.0,0.04582,2876.0,0.04583,14656.0
1753592097805,04:54:57.805,okx,ACT/USDT:USDT,0.04581,5995.0,0.0458,22884.0,0.04582,219.0,0.04583,14656.0
1753592098405,04:54:58.405,okx,ACT/USDT:USDT,0.04581,20277.0,0.0458,33794.0,0.04582,220.0,0.04583,14656.0
1753592099005,04:54:59.005,okx,ACT/USDT:USDT,0.04582,10218.0,0.04581,13065.0,0.04583,6531.0,0.04584,37433.0
1753592099305,04:54:59.305,okx,ACT/USDT:USDT,0.04582,10218.0,0.04581,13065.0,0.04583,6531.0,0.04584,37433.0
1753592100005,04:55:00.005,okx,ACT/USDT:USDT,0.04582,10218.0,0.04581,13065.0,0.04583,6531.0,0.04584,37433.0
1753592100105,04:55:00.105,okx,ACT/USDT:USDT,0.04582,8004.0,0.04581,11778.0,0.04583,6531.0,0.04584,39254.0
1753592100305,04:55:00.305,okx,ACT/USDT:USDT,0.04582,2443.0,0.04581,11778.0,0.04583,9192.0,0.04584,39254.0
1753592101405,04:55:01.405,okx,ACT/USDT:USDT,0.04582,4668.0,0.04581,13045.0,0.04583,838.0,0.04584,15447.0
1753592101505,04:55:01.505,okx,ACT/USDT:USDT,0.04582,4668.0,0.04581,13045.0,0.04583,620.0,0.04584,15447.0
1753592101905,04:55:01.905,okx,ACT/USDT:USDT,0.04582,6848.0,0.04581,13045.0,0.04583,3.0,0.04584,8052.0
1753592102305,04:55:02.305,okx,ACT/USDT:USDT,0.04582,13735.0,0.04581,26478.0,0.04583,3.0,0.04584,8052.0
1753592102405,04:55:02.405,okx,ACT/USDT:USDT,0.04582,13737.0,0.04581,26478.0,0.04583,5.0,0.04584,8052.0
1753592102505,04:55:02.505,okx,ACT/USDT:USDT,0.04582,13737.0,0.04581,26478.0,0.04583,5.0,0.04584,8052.0
1753592103005,04:55:03.005,okx,ACT/USDT:USDT,0.04582,9343.0,0.04581,28660.0,0.04583,5.0,0.04584,9436.0
1753592103205,04:55:03.205,okx,ACT/USDT:USDT,0.04582,7161.0,0.04581,28660.0,0.04583,7.0,0.04584,10266.0
1753592103305,04:55:03.305,okx,ACT/USDT:USDT,0.04582,9375.0,0.04581,19932.0,0.04583,7.0,0.04584,8052.0
1753592104805,04:55:04.805,okx,ACT/USDT:USDT,0.04582,11557.0,0.04581,24296.0,0.04583,7.0,0.04584,8052.0
1753592105205,04:55:05.205,okx,ACT/USDT:USDT,0.04582,18537.0,0.04581,24296.0,0.04583,7.0,0.04584,8052.0
1753592105305,04:55:05.305,okx,ACT/USDT:USDT,0.04583,18300.0,0.04582,15131.0,0.04584,3484.0,0.04585,5982.0
1753592105505,04:55:05.505,okx,ACT/USDT:USDT,0.04583,11769.0,0.04582,12949.0,0.04584,3484.0,0.04585,7743.0
1753592105605,04:55:05.605,okx,ACT/USDT:USDT,0.04583,11769.0,0.04582,12950.0,0.04584,3484.0,0.04585,7743.0
1753592105805,04:55:05.805,okx,ACT/USDT:USDT,0.04583,11769.0,0.04582,12950.0,0.04584,3484.0,0.04585,7743.0
1753592105905,04:55:05.905,okx,ACT/USDT:USDT,0.04583,11769.0,0.04582,12950.0,0.04584,3484.0,0.04585,7743.0
1753592106305,04:55:06.305,okx,ACT/USDT:USDT,0.04583,4884.0,0.04582,12950.0,0.04584,3484.0,0.04585,7743.0
1753592106905,04:55:06.905,okx,ACT/USDT:USDT,0.04583,4884.0,0.04582,12950.0,0.04584,3484.0,0.04585,7743.0
1753592107005,04:55:07.005,okx,ACT/USDT:USDT,0.04583,4884.0,0.04582,12950.0,0.04584,3484.0,0.04585,7743.0
1753592107505,04:55:07.505,okx,ACT/USDT:USDT,0.04583,4884.0,0.04582,12950.0,0.04584,3482.0,0.04585,7907.0
1753592108005,04:55:08.005,okx,ACT/USDT:USDT,0.04583,3479.0,0.04582,12513.0,0.04584,2663.0,0.04585,9153.0
1753592108105,04:55:08.105,okx,ACT/USDT:USDT,0.04583,4827.0,0.04582,12950.0,0.04584,2663.0,0.04585,7907.0
1753592108205,04:55:08.205,okx,ACT/USDT:USDT,0.04583,4827.0,0.04582,12950.0,0.04584,2663.0,0.04585,7907.0
1753592108505,04:55:08.505,okx,ACT/USDT:USDT,0.04583,4831.0,0.04582,12950.0,0.04584,2663.0,0.04585,7907.0
1753592108605,04:55:08.605,okx,ACT/USDT:USDT,0.04583,4831.0,0.04582,12950.0,0.04584,2663.0,0.04585,7907.0
1753592108805,04:55:08.805,okx,ACT/USDT:USDT,0.04584,4602.0,0.04583,13109.0,0.04585,7906.0,0.04586,14383.0
1753592108905,04:55:08.905,okx,ACT/USDT:USDT,0.04584,4602.0,0.04583,13110.0,0.04585,6147.0,0.04586,6516.0
1753592109105,04:55:09.105,okx,ACT/USDT:USDT,0.04584,4592.0,0.04583,12673.0,0.04585,6147.0,0.04586,8227.0
1753592109205,04:55:09.205,okx,ACT/USDT:USDT,0.04584,4592.0,0.04583,13110.0,0.04585,6147.0,0.04586,8227.0
1753592109605,04:55:09.605,okx,ACT/USDT:USDT,0.04584,4592.0,0.04583,13110.0,0.04585,6137.0,0.04586,8227.0
1753592110105,04:55:10.105,okx,ACT/USDT:USDT,0.04584,4592.0,0.04583,13110.0,0.04585,6137.0,0.04586,8227.0
1753592110405,04:55:10.405,okx,ACT/USDT:USDT,0.04584,4485.0,0.04583,13112.0,0.04585,2689.0,0.04586,8333.0
1753592110505,04:55:10.505,okx,ACT/USDT:USDT,0.04584,4485.0,0.04583,13112.0,0.04585,2689.0,0.04586,8333.0
1753592110705,04:55:10.705,okx,ACT/USDT:USDT,0.04584,4485.0,0.04583,13112.0,0.04585,2689.0,0.04586,12231.0
1753592111605,04:55:11.605,okx,ACT/USDT:USDT,0.04583,6152.0,0.04582,12026.0,0.04584,2661.0,0.04585,10345.0
1753592111805,04:55:11.805,okx,ACT/USDT:USDT,0.04583,7435.0,0.04582,14076.0,0.04584,2663.0,0.04585,8628.0
1753592112205,04:55:12.205,okx,ACT/USDT:USDT,0.04583,7435.0,0.04582,14076.0,0.04584,2663.0,0.04585,10765.0
1753592112905,04:55:12.905,okx,ACT/USDT:USDT,0.04583,6154.0,0.04582,13307.0,0.04584,2673.0,0.04585,12046.0
1753592113005,04:55:13.005,okx,ACT/USDT:USDT,0.04583,6154.0,0.04582,14076.0,0.04584,2673.0,0.04585,12046.0
1753592113905,04:55:13.905,okx,ACT/USDT:USDT,0.04583,6154.0,0.04582,14076.0,0.04584,2673.0,0.04585,12046.0
1753592114805,04:55:14.805,okx,ACT/USDT:USDT,0.04583,6155.0,0.04582,14076.0,0.04584,2673.0,0.04585,12046.0
1753592116205,04:55:16.205,okx,ACT/USDT:USDT,0.04583,6155.0,0.04582,14076.0,0.04584,2673.0,0.04585,14066.0
1753592116305,04:55:16.305,okx,ACT/USDT:USDT,0.04583,6155.0,0.04582,14076.0,0.04584,2673.0,0.04585,15902.0
1753592117905,04:55:17.905,okx,ACT/USDT:USDT,0.04583,8205.0,0.04582,14513.0,0.04584,2673.0,0.04585,18134.0
1753592118305,04:55:18.305,okx,ACT/USDT:USDT,0.04583,8204.0,0.04582,14513.0,0.04584,2673.0,0.04585,18134.0
1753592118705,04:55:18.705,okx,ACT/USDT:USDT,0.04583,8204.0,0.04582,14513.0,0.04584,2673.0,0.04585,18571.0
1753592118905,04:55:18.905,okx,ACT/USDT:USDT,0.04583,6154.0,0.04582,14076.0,0.04584,2673.0,0.04585,19852.0
1753592119005,04:55:19.005,okx,ACT/USDT:USDT,0.04583,6923.0,0.04582,14513.0,0.04584,2673.0,0.04585,18571.0
1753592119105,04:55:19.105,okx,ACT/USDT:USDT,0.04583,6923.0,0.04582,14513.0,0.04584,2673.0,0.04585,19852.0
1753592119305,04:55:19.305,okx,ACT/USDT:USDT,0.04583,6923.0,0.04582,14076.0,0.04584,2673.0,0.04585,19852.0
1753592120105,04:55:20.105,okx,ACT/USDT:USDT,0.04583,8204.0,0.04582,14513.0,0.04584,2673.0,0.04585,18134.0
1753592120305,04:55:20.305,okx,ACT/USDT:USDT,0.04583,6923.0,0.04582,14513.0,0.04584,2711.0,0.04585,18966.0
1753592120605,04:55:20.605,okx,ACT/USDT:USDT,0.04583,6923.0,0.04582,14513.0,0.04584,2711.0,0.04585,17248.0
1753592120705,04:55:20.705,okx,ACT/USDT:USDT,0.04583,8204.0,0.04582,14513.0,0.04584,28.0,0.04585,17248.0
1753592121005,04:55:21.005,okx,ACT/USDT:USDT,0.04583,6154.0,0.04582,14513.0,0.04584,28.0,0.04585,18563.0
1753592121105,04:55:21.105,okx,ACT/USDT:USDT,0.04583,6154.0,0.04582,14076.0,0.04584,246.0,0.04585,19000.0
1753592121205,04:55:21.205,okx,ACT/USDT:USDT,0.04583,6154.0,0.04582,14513.0,0.04584,246.0,0.04585,18563.0
1753592121505,04:55:21.505,okx,ACT/USDT:USDT,0.04583,8258.0,0.04582,14513.0,0.04584,28.0,0.04585,17248.0
1753592121605,04:55:21.605,okx,ACT/USDT:USDT,0.04583,6943.0,0.04582,14513.0,0.04584,28.0,0.04585,18563.0
1753592121705,04:55:21.705,okx,ACT/USDT:USDT,0.04583,6154.0,0.04582,14513.0,0.04584,246.0,0.04585,18563.0
1753592121805,04:55:21.805,okx,ACT/USDT:USDT,0.04583,6154.0,0.04582,14076.0,0.04584,246.0,0.04585,19789.0
1753592121905,04:55:21.905,okx,ACT/USDT:USDT,0.04583,6154.0,0.04582,14076.0,0.04584,246.0,0.04585,19789.0
1753592122405,04:55:22.405,okx,ACT/USDT:USDT,0.04583,6154.0,0.04582,14076.0,0.04584,247.0,0.04585,16069.0
1753592122505,04:55:22.505,okx,ACT/USDT:USDT,0.04583,6154.0,0.04582,14076.0,0.04584,247.0,0.04585,16069.0
1753592123305,04:55:23.305,okx,ACT/USDT:USDT,0.04583,2456.0,0.04582,10299.0,0.04584,5615.0,0.04585,14378.0
1753592123605,04:55:23.605,okx,ACT/USDT:USDT,0.04583,13.0,0.04582,10299.0,0.04584,6930.0,0.04585,25285.0
1753592124005,04:55:24.005,okx,ACT/USDT:USDT,0.04583,13.0,0.04582,10299.0,0.04584,6930.0,0.04585,27466.0
1753592124105,04:55:24.105,okx,ACT/USDT:USDT,0.04583,13.0,0.04582,10299.0,0.04584,7128.0,0.04585,25285.0
1753592124205,04:55:24.205,okx,ACT/USDT:USDT,0.04583,13.0,0.04582,10299.0,0.04584,8965.0,0.04585,25285.0
1753592124305,04:55:24.305,okx,ACT/USDT:USDT,0.04583,13.0,0.04582,10299.0,0.04584,8965.0,0.04585,31749.0
1753592125105,04:55:25.105,okx,ACT/USDT:USDT,0.04583,13.0,0.04582,10299.0,0.04584,8767.0,0.04585,31749.0
1753592125305,04:55:25.305,okx,ACT/USDT:USDT,0.04583,13.0,0.04582,10299.0,0.04584,8767.0,0.04585,29647.0
1753592125405,04:55:25.405,okx,ACT/USDT:USDT,0.04583,2674.0,0.04582,10299.0,0.04584,7452.0,0.04585,20923.0
1753592125505,04:55:25.505,okx,ACT/USDT:USDT,0.04583,2674.0,0.04582,10299.0,0.04584,7452.0,0.04585,20923.0
1753592125805,04:55:25.805,okx,ACT/USDT:USDT,0.04583,2674.0,0.04582,10299.0,0.04584,7452.0,0.04585,18742.0
1753592125905,04:55:25.905,okx,ACT/USDT:USDT,0.04583,2674.0,0.04582,10299.0,0.04584,7452.0,0.04585,18742.0
1753592126305,04:55:26.305,okx,ACT/USDT:USDT,0.04583,2456.0,0.04582,10299.0,0.04584,7452.0,0.04585,18375.0
1753592126405,04:55:26.405,okx,ACT/USDT:USDT,0.04583,2456.0,0.04582,10299.0,0.04584,7452.0,0.04585,16194.0
1753592126505,04:55:26.505,okx,ACT/USDT:USDT,0.04583,2456.0,0.04582,10299.0,0.04584,7452.0,0.04585,16194.0
1753592126905,04:55:26.905,okx,ACT/USDT:USDT,0.04583,2456.0,0.04582,10299.0,0.04584,7015.0,0.04585,16194.0
1753592127005,04:55:27.005,okx,ACT/USDT:USDT,0.04583,2456.0,0.04582,10299.0,0.04584,6226.0,0.04585,16194.0
1753592127705,04:55:27.705,okx,ACT/USDT:USDT,0.04583,2456.0,0.04582,10299.0,0.04584,8767.0,0.04585,16194.0
1753592128005,04:55:28.005,okx,ACT/USDT:USDT,0.04583,13.0,0.04582,10299.0,0.04584,8767.0,0.04585,16194.0
1753592128305,04:55:28.305,okx,ACT/USDT:USDT,0.04583,13.0,0.04582,10299.0,0.04584,8767.0,0.04585,18375.0
1753592128505,04:55:28.505,okx,ACT/USDT:USDT,0.04583,32.0,0.04582,10288.0,0.04584,8767.0,0.04585,18375.0
1753592128605,04:55:28.605,okx,ACT/USDT:USDT,0.04583,32.0,0.04582,10288.0,0.04584,7452.0,0.04585,18375.0
1753592129405,04:55:29.405,okx,ACT/USDT:USDT,0.04583,2475.0,0.04582,10288.0,0.04584,7452.0,0.04585,18375.0
1753592129505,04:55:29.505,okx,ACT/USDT:USDT,0.04583,2475.0,0.04582,10288.0,0.04584,7452.0,0.04585,18375.0
1753592129705,04:55:29.705,okx,ACT/USDT:USDT,0.04583,32.0,0.04582,10288.0,0.04584,7452.0,0.04585,18375.0
1753592130205,04:55:30.205,okx,ACT/USDT:USDT,0.04583,2475.0,0.04582,11603.0,0.04584,6226.0,0.04585,17060.0
1753592131205,04:55:31.205,okx,ACT/USDT:USDT,0.04583,2475.0,0.04582,11603.0,0.04584,7452.0,0.04585,18375.0
1753592132205,04:55:32.205,okx,ACT/USDT:USDT,0.04583,2475.0,0.04582,11603.0,0.04584,5178.0,0.04585,16194.0
1753592132305,04:55:32.305,okx,ACT/USDT:USDT,0.04583,2475.0,0.04582,10288.0,0.04584,5178.0,0.04585,16194.0
1753592132505,04:55:32.505,okx,ACT/USDT:USDT,0.04583,2456.0,0.04582,10288.0,0.04584,5219.0,0.04585,13394.0
1753592132605,04:55:32.605,okx,ACT/USDT:USDT,0.04583,2456.0,0.04582,10288.0,0.04584,5656.0,0.04585,13394.0
1753592133005,04:55:33.005,okx,ACT/USDT:USDT,0.04583,2456.0,0.04582,10288.0,0.04584,5219.0,0.04585,13394.0
1753592133205,04:55:33.205,okx,ACT/USDT:USDT,0.04583,2456.0,0.04582,10288.0,0.04584,5219.0,0.04585,13394.0
1753592133405,04:55:33.405,okx,ACT/USDT:USDT,0.04583,2461.0,0.04582,10288.0,0.04584,4430.0,0.04585,13394.0
1753592133705,04:55:33.705,okx,ACT/USDT:USDT,0.04583,2461.0,0.04582,10288.0,0.04584,4430.0,0.04585,13394.0
1753592134205,04:55:34.205,okx,ACT/USDT:USDT,0.04583,2461.0,0.04582,10288.0,0.04584,5657.0,0.04585,13394.0
1753592136305,04:55:36.305,okx,ACT/USDT:USDT,0.04583,2461.0,0.04582,10288.0,0.04584,8809.0,0.04585,24299.0
1753592136805,04:55:36.805,okx,ACT/USDT:USDT,0.04583,18.0,0.04582,10288.0,0.04584,8809.0,0.04585,24299.0
1753592137105,04:55:37.105,okx,ACT/USDT:USDT,0.04583,18.0,0.04582,10288.0,0.04584,9007.0,0.04585,24299.0
1753592137305,04:55:37.305,okx,ACT/USDT:USDT,0.04583,837.0,0.04582,10288.0,0.04584,11188.0,0.04585,28661.0
1753592137405,04:55:37.405,okx,ACT/USDT:USDT,0.04583,837.0,0.04582,10288.0,0.04584,11188.0,0.04585,28661.0
1753592137805,04:55:37.805,okx,ACT/USDT:USDT,0.04583,837.0,0.04582,10288.0,0.04584,11188.0,0.04585,28661.0
1753592138105,04:55:38.105,okx,ACT/USDT:USDT,0.04583,837.0,0.04582,10288.0,0.04584,10990.0,0.04585,28661.0
1753592138305,04:55:38.305,okx,ACT/USDT:USDT,0.04583,837.0,0.04582,10288.0,0.04584,10990.0,0.04585,39566.0
1753592139005,04:55:39.005,okx,ACT/USDT:USDT,0.04583,837.0,0.04582,10288.0,0.04584,9675.0,0.04585,41717.0
1753592139105,04:55:39.105,okx,ACT/USDT:USDT,0.04583,837.0,0.04582,10288.0,0.04584,11188.0,0.04585,41717.0
1753592139505,04:55:39.505,okx,ACT/USDT:USDT,0.04583,837.0,0.04582,10288.0,0.04584,9873.0,0.04585,37276.0
1753592140005,04:55:40.005,okx,ACT/USDT:USDT,0.04583,839.0,0.04582,10288.0,0.04584,11188.0,0.04585,43820.0
1753592140105,04:55:40.105,okx,ACT/USDT:USDT,0.04583,839.0,0.04582,10288.0,0.04584,11188.0,0.04585,43820.0
1753592141005,04:55:41.005,okx,ACT/USDT:USDT,0.04583,870.0,0.04582,11603.0,0.04584,9832.0,0.04585,24221.0
1753592141505,04:55:41.505,okx,ACT/USDT:USDT,0.04583,3531.0,0.04582,10288.0,0.04584,8408.0,0.04585,23694.0
1753592141605,04:55:41.605,okx,ACT/USDT:USDT,0.04583,3531.0,0.04582,12829.0,0.04584,8408.0,0.04585,23694.0
1753592142305,04:55:42.305,okx,ACT/USDT:USDT,0.04583,3531.0,0.04582,12040.0,0.04584,4266.0,0.04585,19513.0
1753592142405,04:55:42.405,okx,ACT/USDT:USDT,0.04583,3531.0,0.04582,12040.0,0.04584,4266.0,0.04585,19513.0
1753592142605,04:55:42.605,okx,ACT/USDT:USDT,0.04583,3531.0,0.04582,12040.0,0.04584,4266.0,0.04585,19513.0
1753592142805,04:55:42.805,okx,ACT/USDT:USDT,0.04583,3531.0,0.04582,12040.0,0.04584,4266.0,0.04585,17332.0
1753592143005,04:55:43.005,okx,ACT/USDT:USDT,0.04583,3531.0,0.04582,10288.0,0.04584,5055.0,0.04585,19084.0
1753592143605,04:55:43.605,okx,ACT/USDT:USDT,0.04583,3531.0,0.04582,12040.0,0.04584,4266.0,0.04585,19084.0
1753592144205,04:55:44.205,okx,ACT/USDT:USDT,0.04583,3531.0,0.04582,12040.0,0.04584,4267.0,0.04585,19084.0
1753592144305,04:55:44.305,okx,ACT/USDT:USDT,0.04583,3531.0,0.04582,12040.0,0.04584,4049.0,0.04585,17332.0
1753592144405,04:55:44.405,okx,ACT/USDT:USDT,0.04583,3531.0,0.04582,12040.0,0.04584,4049.0,0.04585,17769.0
1753592144605,04:55:44.605,okx,ACT/USDT:USDT,0.04583,3531.0,0.04582,10288.0,0.04584,4838.0,0.04585,19084.0
1753592145005,04:55:45.005,okx,ACT/USDT:USDT,0.04583,3531.0,0.04582,10288.0,0.04584,5275.0,0.04585,19084.0
1753592145405,04:55:45.405,okx,ACT/USDT:USDT,0.04583,3530.0,0.04582,11603.0,0.04584,4049.0,0.04585,19084.0
1753592145605,04:55:45.605,okx,ACT/USDT:USDT,0.04583,3530.0,0.04582,11603.0,0.04584,4836.0,0.04585,19084.0
1753592145705,04:55:45.705,okx,ACT/USDT:USDT,0.04583,3530.0,0.04582,11603.0,0.04584,4838.0,0.04585,19084.0
1753592146205,04:55:46.205,okx,ACT/USDT:USDT,0.04583,3530.0,0.04582,12040.0,0.04584,3001.0,0.04585,19084.0
1753592146405,04:55:46.405,okx,ACT/USDT:USDT,0.04583,3528.0,0.04582,12829.0,0.04584,2212.0,0.04585,16543.0
1753592146605,04:55:46.605,okx,ACT/USDT:USDT,0.04583,3526.0,0.04582,12829.0,0.04584,2212.0,0.04585,16543.0
1753592146705,04:55:46.705,okx,ACT/USDT:USDT,0.04583,5632.0,0.04582,12829.0,0.04584,2212.0,0.04585,16543.0
1753592146805,04:55:46.805,okx,ACT/USDT:USDT,0.04583,5632.0,0.04582,12829.0,0.04584,2212.0,0.04585,16543.0
1753592146905,04:55:46.905,okx,ACT/USDT:USDT,0.04583,4317.0,0.04582,12829.0,0.04584,2430.0,0.04585,16543.0
1753592147005,04:55:47.005,okx,ACT/USDT:USDT,0.04583,3528.0,0.04582,12392.0,0.04584,2430.0,0.04585,18295.0
1753592147105,04:55:47.105,okx,ACT/USDT:USDT,0.04583,3528.0,0.04582,12829.0,0.04584,2430.0,0.04585,16980.0
1753592147205,04:55:47.205,okx,ACT/USDT:USDT,0.04583,3528.0,0.04582,12829.0,0.04584,2430.0,0.04585,16543.0
1753592147305,04:55:47.305,okx,ACT/USDT:USDT,0.04583,5632.0,0.04582,12829.0,0.04584,2212.0,0.04585,16543.0
1753592148205,04:55:48.205,okx,ACT/USDT:USDT,0.04583,5632.0,0.04582,12829.0,0.04584,31.0,0.04585,12786.0
1753592148305,04:55:48.305,okx,ACT/USDT:USDT,0.04583,4843.0,0.04582,12829.0,0.04584,249.0,0.04585,12786.0
1753592148405,04:55:48.405,okx,ACT/USDT:USDT,0.04583,4317.0,0.04582,12829.0,0.04584,249.0,0.04585,12786.0
1753592148505,04:55:48.505,okx,ACT/USDT:USDT,0.04583,5632.0,0.04582,12829.0,0.04584,31.0,0.04585,12786.0
1753592148605,04:55:48.605,okx,ACT/USDT:USDT,0.04583,5630.0,0.04582,12829.0,0.04584,249.0,0.04585,12786.0
1753592148705,04:55:48.705,okx,ACT/USDT:USDT,0.04583,4315.0,0.04582,12829.0,0.04584,249.0,0.04585,12786.0
1753592148805,04:55:48.805,okx,ACT/USDT:USDT,0.04583,3528.0,0.04582,11514.0,0.04584,249.0,0.04585,14538.0
1753592149005,04:55:49.005,okx,ACT/USDT:USDT,0.04583,3528.0,0.04582,10288.0,0.04584,249.0,0.04585,15327.0
1753592149105,04:55:49.105,okx,ACT/USDT:USDT,0.04583,3528.0,0.04582,12829.0,0.04584,249.0,0.04585,14101.0
1753592149805,04:55:49.805,okx,ACT/USDT:USDT,0.04583,3528.0,0.04582,11077.0,0.04584,249.0,0.04585,15327.0
1753592150305,04:55:50.305,okx,ACT/USDT:USDT,0.04583,3528.0,0.04582,12829.0,0.04584,239.0,0.04585,12786.0
1753592150405,04:55:50.405,okx,ACT/USDT:USDT,0.04583,3528.0,0.04582,12829.0,0.04584,239.0,0.04585,14835.0
1753592150805,04:55:50.805,okx,ACT/USDT:USDT,0.04583,3518.0,0.04582,10288.0,0.04584,4790.0,0.04585,15272.0
1753592150905,04:55:50.905,okx,ACT/USDT:USDT,0.04583,3518.0,0.04582,10288.0,0.04584,5227.0,0.04585,15272.0
1753592151505,04:55:51.505,okx,ACT/USDT:USDT,0.04583,3518.0,0.04582,10288.0,0.04584,3542.0,0.04585,12690.0
1753592152805,04:55:52.805,okx,ACT/USDT:USDT,0.04583,3518.0,0.04582,10288.0,0.04584,3542.0,0.04585,12690.0
1753592153305,04:55:53.305,okx,ACT/USDT:USDT,0.04583,3518.0,0.04582,11538.0,0.04584,2792.0,0.04585,12690.0
1753592153705,04:55:53.705,okx,ACT/USDT:USDT,0.04583,3518.0,0.04582,10288.0,0.04584,3979.0,0.04585,12690.0
1753592154105,04:55:54.105,okx,ACT/USDT:USDT,0.04583,3518.0,0.04582,11538.0,0.04584,2792.0,0.04585,12690.0
1753592154305,04:55:54.305,okx,ACT/USDT:USDT,0.04583,3518.0,0.04582,11538.0,0.04584,2739.0,0.04585,12690.0
1753592155205,04:55:55.205,okx,ACT/USDT:USDT,0.04583,3518.0,0.04582,11975.0,0.04584,2739.0,0.04585,10553.0
1753592155305,04:55:55.305,okx,ACT/USDT:USDT,0.04583,3518.0,0.04582,11975.0,0.04584,2739.0,0.04585,10116.0
1753592155405,04:55:55.405,okx,ACT/USDT:USDT,0.04583,3518.0,0.04582,11538.0,0.04584,2739.0,0.04585,10553.0
1753592155505,04:55:55.505,okx,ACT/USDT:USDT,0.04584,5416.0,0.04583,5556.0,0.04585,2651.0,0.04586,29457.0
1753592155605,04:55:55.605,okx,ACT/USDT:USDT,0.04586,2661.0,0.04585,12526.0,0.04587,7000.0,0.04588,23932.0
1753592155805,04:55:55.805,okx,ACT/USDT:USDT,0.04586,3632.0,0.04585,25487.0,0.04587,7002.0,0.04588,18933.0
1753592156005,04:55:56.005,okx,ACT/USDT:USDT,0.04586,3632.0,0.04585,18616.0,0.04587,7002.0,0.04588,11066.0
1753592156105,04:55:56.105,okx,ACT/USDT:USDT,0.04586,3632.0,0.04585,18616.0,0.04587,7002.0,0.04588,11066.0
1753592156605,04:55:56.605,okx,ACT/USDT:USDT,0.04586,9718.0,0.04585,19053.0,0.04587,6998.0,0.04588,5649.0
1753592156705,04:55:56.705,okx,ACT/USDT:USDT,0.04586,9718.0,0.04585,18616.0,0.04587,6998.0,0.04588,5649.0
1753592156805,04:55:56.805,okx,ACT/USDT:USDT,0.04586,9718.0,0.04585,18616.0,0.04587,6998.0,0.04588,5649.0
1753592156905,04:55:56.905,okx,ACT/USDT:USDT,0.04586,5811.0,0.04585,18616.0,0.04587,6998.0,0.04588,5649.0
1753592157005,04:55:57.005,okx,ACT/USDT:USDT,0.04586,7538.0,0.04585,18616.0,0.04587,6998.0,0.04588,5649.0
1753592157605,04:55:57.605,okx,ACT/USDT:USDT,0.04586,9718.0,0.04585,24453.0,0.04587,6998.0,0.04588,5649.0
1753592157705,04:55:57.705,okx,ACT/USDT:USDT,0.04586,9718.0,0.04585,24453.0,0.04587,6998.0,0.04588,5649.0
1753592157805,04:55:57.805,okx,ACT/USDT:USDT,0.04586,9718.0,0.04585,24016.0,0.04587,6998.0,0.04588,5649.0
1753592158305,04:55:58.305,okx,ACT/USDT:USDT,0.04587,15575.0,0.04586,18399.0,0.04588,3711.0,0.04589,6759.0
1753592158405,04:55:58.405,okx,ACT/USDT:USDT,0.04587,12962.0,0.04586,24248.0,0.04588,231.0,0.04589,3489.0
1753592158505,04:55:58.505,okx,ACT/USDT:USDT,0.04587,12962.0,0.04586,24248.0,0.04588,229.0,0.04589,3489.0
1753592159305,04:55:59.305,okx,ACT/USDT:USDT,0.04587,15141.0,0.04586,24248.0,0.04588,229.0,0.04589,5572.0
1753592159705,04:55:59.705,okx,ACT/USDT:USDT,0.04587,15141.0,0.04586,24248.0,0.04588,229.0,0.04589,5572.0
1753592159805,04:55:59.805,okx,ACT/USDT:USDT,0.04587,15141.0,0.04586,24248.0,0.04588,229.0,0.04589,5572.0
1753592160105,04:56:00.105,okx,ACT/USDT:USDT,0.04587,15193.0,0.04586,24248.0,0.04588,229.0,0.04589,5572.0
1753592160605,04:56:00.605,okx,ACT/USDT:USDT,0.04587,15193.0,0.04586,20768.0,0.04588,229.0,0.04589,5572.0
1753592161205,04:56:01.205,okx,ACT/USDT:USDT,0.04587,13405.0,0.04586,20768.0,0.04588,284.0,0.04589,5572.0
1753592161305,04:56:01.305,okx,ACT/USDT:USDT,0.04587,15193.0,0.04586,20768.0,0.04588,284.0,0.04589,5572.0
1753592161705,04:56:01.705,okx,ACT/USDT:USDT,0.04587,23208.0,0.04586,14921.0,0.04588,284.0,0.04589,5572.0
1753592162005,04:56:02.005,okx,ACT/USDT:USDT,0.04588,13275.0,0.04587,21467.0,0.04589,3508.0,0.0459,7346.0
1753592162105,04:56:02.105,okx,ACT/USDT:USDT,0.04588,10661.0,0.04587,21468.0,0.04589,3508.0,0.0459,5611.0
1753592162205,04:56:02.205,okx,ACT/USDT:USDT,0.04588,10661.0,0.04587,21032.0,0.04589,3508.0,0.0459,5611.0
1753592162605,04:56:02.605,okx,ACT/USDT:USDT,0.04588,16495.0,0.04587,15196.0,0.04589,3508.0,0.0459,5611.0
1753592162805,04:56:02.805,okx,ACT/USDT:USDT,0.04589,10952.0,0.04588,29410.0,0.0459,3556.0,0.04591,11520.0
1753592163005,04:56:03.005,okx,ACT/USDT:USDT,0.04589,9210.0,0.04588,27233.0,0.0459,3558.0,0.04591,15267.0
1753592163105,04:56:03.105,okx,ACT/USDT:USDT,0.04589,9210.0,0.04588,27233.0,0.0459,3558.0,0.04591,13523.0
1753592163705,04:56:03.705,okx,ACT/USDT:USDT,0.04589,3632.0,0.04588,27233.0,0.0459,2721.0,0.04591,15267.0
1753592164005,04:56:04.005,okx,ACT/USDT:USDT,0.04589,2663.0,0.04588,27242.0,0.0459,2721.0,0.04591,15267.0
1753592164105,04:56:04.105,okx,ACT/USDT:USDT,0.04589,3632.0,0.04588,27242.0,0.0459,2721.0,0.04591,11787.0
1753592164205,04:56:04.205,okx,ACT/USDT:USDT,0.04589,2663.0,0.04588,27242.0,0.0459,2721.0,0.04591,15285.0
1753592164705,04:56:04.705,okx,ACT/USDT:USDT,0.04589,2663.0,0.04588,25498.0,0.0459,2721.0,0.04591,15285.0
1753592164805,04:56:04.805,okx,ACT/USDT:USDT,0.04589,2663.0,0.04588,25498.0,0.0459,4899.0,0.04591,16254.0
1753592164905,04:56:04.905,okx,ACT/USDT:USDT,0.04589,2663.0,0.04588,24529.0,0.0459,6385.0,0.04591,16254.0
1753592165005,04:56:05.005,okx,ACT/USDT:USDT,0.04589,2663.0,0.04588,24529.0,0.0459,8100.0,0.04591,14251.0
1753592165205,04:56:05.205,okx,ACT/USDT:USDT,0.04589,2663.0,0.04588,24529.0,0.0459,9936.0,0.04591,14251.0
1753592165305,04:56:05.305,okx,ACT/USDT:USDT,0.04589,2678.0,0.04588,24529.0,0.0459,8450.0,0.04591,14251.0
1753592165805,04:56:05.805,okx,ACT/USDT:USDT,0.04589,2678.0,0.04588,24529.0,0.0459,8450.0,0.04591,14251.0
1753592166005,04:56:06.005,okx,ACT/USDT:USDT,0.04589,2678.0,0.04588,24529.0,0.0459,8450.0,0.04591,14251.0
1753592166405,04:56:06.405,okx,ACT/USDT:USDT,0.04589,2678.0,0.04588,24529.0,0.0459,8450.0,0.04591,14251.0
1753592166805,04:56:06.805,okx,ACT/USDT:USDT,0.04589,17.0,0.04588,24529.0,0.0459,10905.0,0.04591,14251.0
1753592166905,04:56:06.905,okx,ACT/USDT:USDT,0.04589,2676.0,0.04588,24529.0,0.0459,8450.0,0.04591,14251.0
1753592167205,04:56:07.205,okx,ACT/USDT:USDT,0.04589,2678.0,0.04588,24529.0,0.0459,8450.0,0.04591,14251.0
1753592167405,04:56:07.405,okx,ACT/USDT:USDT,0.04589,2678.0,0.04588,24529.0,0.0459,8450.0,0.04591,14251.0
1753592167505,04:56:07.505,okx,ACT/USDT:USDT,0.04589,2678.0,0.04588,27242.0,0.0459,8450.0,0.04591,14251.0
1753592167905,04:56:07.905,okx,ACT/USDT:USDT,0.04589,17.0,0.04588,25498.0,0.0459,8450.0,0.04591,14251.0
1753592168705,04:56:08.705,okx,ACT/USDT:USDT,0.04589,17.0,0.04588,24529.0,0.0459,9421.0,0.04591,14251.0
1753592168805,04:56:08.805,okx,ACT/USDT:USDT,0.04589,2678.0,0.04588,24529.0,0.0459,8452.0,0.04591,14251.0
1753592169705,04:56:09.705,okx,ACT/USDT:USDT,0.04589,2678.0,0.04588,25498.0,0.0459,8452.0,0.04591,14251.0
1753592169905,04:56:09.905,okx,ACT/USDT:USDT,0.04589,2678.0,0.04588,25498.0,0.0459,8452.0,0.04591,14251.0
1753592170905,04:56:10.905,okx,ACT/USDT:USDT,0.04589,2678.0,0.04588,24529.0,0.0459,9939.0,0.04591,14251.0
1753592171805,04:56:11.805,okx,ACT/USDT:USDT,0.04589,2678.0,0.04588,25498.0,0.0459,8443.0,0.04591,14251.0
1753592172305,04:56:12.305,okx,ACT/USDT:USDT,0.04589,2678.0,0.04588,24529.0,0.0459,9929.0,0.04591,14251.0
1753592172405,04:56:12.405,okx,ACT/USDT:USDT,0.04589,2668.0,0.04588,24529.0,0.0459,9929.0,0.04591,16429.0
1753592172505,04:56:12.505,okx,ACT/USDT:USDT,0.04589,2668.0,0.04588,24529.0,0.0459,9929.0,0.04591,16429.0
1753592172705,04:56:12.705,okx,ACT/USDT:USDT,0.04589,2668.0,0.04588,24529.0,0.0459,9929.0,0.04591,16429.0
1753592172805,04:56:12.805,okx,ACT/USDT:USDT,0.04589,2668.0,0.04588,24529.0,0.0459,4550.0,0.04591,16429.0
1753592172905,04:56:12.905,okx,ACT/USDT:USDT,0.04589,2668.0,0.04588,24529.0,0.0459,6036.0,0.04591,18331.0
1753592173105,04:56:13.105,okx,ACT/USDT:USDT,0.04589,2668.0,0.04588,26186.0,0.0459,2714.0,0.04591,18331.0
1753592173505,04:56:13.505,okx,ACT/USDT:USDT,0.04589,2668.0,0.04588,26186.0,0.0459,4200.0,0.04591,16153.0
1753592174205,04:56:14.205,okx,ACT/USDT:USDT,0.04589,2669.0,0.04588,26186.0,0.0459,4200.0,0.04591,16153.0
1753592174305,04:56:14.305,okx,ACT/USDT:USDT,0.04589,8578.0,0.04588,24819.0,0.0459,2712.0,0.04591,15184.0
1753592174405,04:56:14.405,okx,ACT/USDT:USDT,0.04589,8580.0,0.04588,24819.0,0.0459,2712.0,0.04591,15184.0
1753592174505,04:56:14.505,okx,ACT/USDT:USDT,0.04589,8580.0,0.04588,24819.0,0.0459,2712.0,0.04591,15184.0
1753592174705,04:56:14.705,okx,ACT/USDT:USDT,0.04589,9549.0,0.04588,24819.0,0.0459,2712.0,0.04591,15097.0
1753592174805,04:56:14.805,okx,ACT/USDT:USDT,0.04589,8580.0,0.04588,24819.0,0.0459,2712.0,0.04591,15097.0
1753592175405,04:56:15.405,okx,ACT/USDT:USDT,0.04589,8580.0,0.04588,24819.0,0.0459,2712.0,0.04591,15097.0
1753592175605,04:56:15.605,okx,ACT/USDT:USDT,0.04589,9549.0,0.04588,24819.0,0.0459,2712.0,0.04591,15097.0
1753592178105,04:56:18.105,okx,ACT/USDT:USDT,0.04589,9549.0,0.04588,24819.0,0.0459,2712.0,0.04591,7230.0
1753592178205,04:56:18.205,okx,ACT/USDT:USDT,0.04589,9549.0,0.04588,24819.0,0.0459,2712.0,0.04591,5573.0
1753592178505,04:56:18.505,okx,ACT/USDT:USDT,0.04589,9549.0,0.04588,24819.0,0.0459,2712.0,0.04591,7230.0
1753592179305,04:56:19.305,okx,ACT/USDT:USDT,0.04589,3640.0,0.04588,30632.0,0.0459,2712.0,0.04591,5573.0
1753592180305,04:56:20.305,okx,ACT/USDT:USDT,0.04589,3640.0,0.04588,30632.0,0.0459,50.0,0.04591,5573.0
1753592180705,04:56:20.705,okx,ACT/USDT:USDT,0.04589,2671.0,0.04588,30632.0,0.0459,2711.0,0.04591,8199.0
1753592181105,04:56:21.105,okx,ACT/USDT:USDT,0.04589,2671.0,0.04588,30632.0,0.0459,50.0,0.04591,7230.0
1753592181605,04:56:21.605,okx,ACT/USDT:USDT,0.04589,2671.0,0.04588,30632.0,0.0459,2711.0,0.04591,8199.0
1753592182505,04:56:22.505,okx,ACT/USDT:USDT,0.04589,2671.0,0.04588,30632.0,0.0459,2712.0,0.04591,8199.0
1753592183805,04:56:23.805,okx,ACT/USDT:USDT,0.04589,2671.0,0.04588,30632.0,0.0459,2712.0,0.04591,7230.0
1753592184205,04:56:24.205,okx,ACT/USDT:USDT,0.04589,2671.0,0.04588,30632.0,0.0459,2712.0,0.04591,7230.0
1753592184405,04:56:24.405,okx,ACT/USDT:USDT,0.04589,2671.0,0.04588,30632.0,0.0459,2712.0,0.04591,7230.0
1753592184605,04:56:24.605,okx,ACT/USDT:USDT,0.04589,2671.0,0.04588,30632.0,0.0459,51.0,0.04591,5573.0
1753592184905,04:56:24.905,okx,ACT/USDT:USDT,0.04589,2671.0,0.04588,30632.0,0.0459,2712.0,0.04591,5573.0
1753592185005,04:56:25.005,okx,ACT/USDT:USDT,0.04589,2671.0,0.04588,28006.0,0.0459,2712.0,0.04591,8199.0
1753592185305,04:56:25.305,okx,ACT/USDT:USDT,0.04589,2671.0,0.04588,28975.0,0.0459,2712.0,0.04591,8199.0
1753592186505,04:56:26.505,okx,ACT/USDT:USDT,0.04589,8666.0,0.04588,23164.0,0.0459,2712.0,0.04591,8199.0
1753592186605,04:56:26.605,okx,ACT/USDT:USDT,0.04589,8666.0,0.04588,24821.0,0.0459,2712.0,0.04591,8199.0
1753592187905,04:56:27.905,okx,ACT/USDT:USDT,0.04589,11292.0,0.04588,24821.0,0.0459,51.0,0.04591,5573.0
1753592188105,04:56:28.105,okx,ACT/USDT:USDT,0.04589,11292.0,0.04588,24821.0,0.0459,51.0,0.04591,5573.0
1753592188405,04:56:28.405,okx,ACT/USDT:USDT,0.04589,9635.0,0.04588,24821.0,0.0459,2712.0,0.04591,5573.0
1753592189105,04:56:29.105,okx,ACT/USDT:USDT,0.04589,9635.0,0.04588,24821.0,0.0459,51.0,0.04591,5573.0
1753592189205,04:56:29.205,okx,ACT/USDT:USDT,0.04589,9635.0,0.04588,24821.0,0.0459,51.0,0.04591,5573.0
1753592189305,04:56:29.305,okx,ACT/USDT:USDT,0.04589,9636.0,0.04588,24821.0,0.0459,51.0,0.04591,5573.0
1753592189405,04:56:29.405,okx,ACT/USDT:USDT,0.04589,8667.0,0.04588,24821.0,0.0459,2712.0,0.04591,7230.0
1753592189505,04:56:29.505,okx,ACT/USDT:USDT,0.04589,8667.0,0.04588,23164.0,0.0459,2712.0,0.04591,7230.0
1753592189605,04:56:29.605,okx,ACT/USDT:USDT,0.04589,8667.0,0.04588,24821.0,0.0459,2712.0,0.04591,7230.0
1753592190105,04:56:30.105,okx,ACT/USDT:USDT,0.04589,8667.0,0.04588,24821.0,0.0459,51.0,0.04591,7230.0
1753592190305,04:56:30.305,okx,ACT/USDT:USDT,0.04589,8659.0,0.04588,24821.0,0.0459,51.0,0.04591,7230.0
1753592190405,04:56:30.405,okx,ACT/USDT:USDT,0.04589,8672.0,0.04588,24821.0,0.0459,51.0,0.04591,7230.0
1753592190505,04:56:30.505,okx,ACT/USDT:USDT,0.0459,2612.0,0.04589,14823.0,0.04591,8154.0,0.04592,11786.0
1753592190605,04:56:30.605,okx,ACT/USDT:USDT,0.0459,2612.0,0.04589,17523.0,0.04591,6252.0,0.04592,13390.0
1753592190705,04:56:30.705,okx,ACT/USDT:USDT,0.0459,2612.0,0.04589,16555.0,0.04591,6252.0,0.04592,16062.0
1753592190905,04:56:30.905,okx,ACT/USDT:USDT,0.0459,2612.0,0.04589,16555.0,0.04591,6252.0,0.04592,16062.0
1753592191205,04:56:31.205,okx,ACT/USDT:USDT,0.0459,2612.0,0.04589,16555.0,0.04591,6252.0,0.04592,16062.0
1753592191405,04:56:31.405,okx,ACT/USDT:USDT,0.04589,16554.0,0.04588,30174.0,0.0459,2661.0,0.04591,12742.0
1753592191505,04:56:31.505,okx,ACT/USDT:USDT,0.04589,12198.0,0.04588,22307.0,0.0459,2663.0,0.04591,10562.0
1753592191805,04:56:31.805,okx,ACT/USDT:USDT,0.04589,12198.0,0.04588,22307.0,0.0459,2663.0,0.04591,10563.0
1753592192205,04:56:32.205,okx,ACT/USDT:USDT,0.04589,12198.0,0.04588,22307.0,0.0459,2665.0,0.04591,10563.0
1753592192605,04:56:32.605,okx,ACT/USDT:USDT,0.04589,12198.0,0.04588,22307.0,0.0459,2665.0,0.04591,10563.0
1753592192705,04:56:32.705,okx,ACT/USDT:USDT,0.04589,12198.0,0.04588,22307.0,0.0459,2665.0,0.04591,10563.0
1753592192805,04:56:32.805,okx,ACT/USDT:USDT,0.04589,12198.0,0.04588,24873.0,0.0459,2665.0,0.04591,10563.0
1753592193605,04:56:33.605,okx,ACT/USDT:USDT,0.04589,12198.0,0.04588,24873.0,0.0459,2.0,0.04591,10828.0
1753592194305,04:56:34.305,okx,ACT/USDT:USDT,0.04589,12198.0,0.04588,23269.0,0.0459,2.0,0.04591,10828.0
1753592194505,04:56:34.505,okx,ACT/USDT:USDT,0.0459,2663.0,0.04589,16553.0,0.04591,9865.0,0.04592,17960.0
1753592194605,04:56:34.605,okx,ACT/USDT:USDT,0.0459,2663.0,0.04589,16554.0,0.04591,9867.0,0.04592,17960.0
1753592194705,04:56:34.705,okx,ACT/USDT:USDT,0.0459,2663.0,0.04589,16554.0,0.04591,9867.0,0.04592,17960.0
1753592194805,04:56:34.805,okx,ACT/USDT:USDT,0.0459,2663.0,0.04589,16554.0,0.04591,8263.0,0.04592,19564.0
1753592194905,04:56:34.905,okx,ACT/USDT:USDT,0.0459,2663.0,0.04589,16554.0,0.04591,9605.0,0.04592,19564.0
1753592195105,04:56:35.105,okx,ACT/USDT:USDT,0.0459,2663.0,0.04589,16554.0,0.04591,9605.0,0.04592,19564.0
1753592195305,04:56:35.305,okx,ACT/USDT:USDT,0.04589,12196.0,0.04588,22307.0,0.0459,6178.0,0.04591,10565.0
1753592195405,04:56:35.405,okx,ACT/USDT:USDT,0.04589,12198.0,0.04588,22307.0,0.0459,4841.0,0.04591,10566.0
1753592195505,04:56:35.505,okx,ACT/USDT:USDT,0.04589,12198.0,0.04588,22307.0,0.0459,7142.0,0.04591,10566.0
1753592195805,04:56:35.805,okx,ACT/USDT:USDT,0.04589,12198.0,0.04588,22307.0,0.0459,7142.0,0.04591,10566.0
1753592195905,04:56:35.905,okx,ACT/USDT:USDT,0.04589,12198.0,0.04588,24873.0,0.0459,4841.0,0.04591,10566.0
1753592196105,04:56:36.105,okx,ACT/USDT:USDT,0.04589,12198.0,0.04588,24873.0,0.0459,2180.0,0.04591,10566.0
1753592196205,04:56:36.205,okx,ACT/USDT:USDT,0.0459,2663.0,0.04589,12196.0,0.04591,9603.0,0.04592,17960.0
1753592196305,04:56:36.305,okx,ACT/USDT:USDT,0.0459,2663.0,0.04589,16554.0,0.04591,9605.0,0.04592,17960.0
1753592196505,04:56:36.505,okx,ACT/USDT:USDT,0.0459,2663.0,0.04589,16554.0,0.04591,9605.0,0.04592,17960.0
1753592196605,04:56:36.605,okx,ACT/USDT:USDT,0.0459,2663.0,0.04589,16554.0,0.04591,9605.0,0.04592,17960.0
1753592196805,04:56:36.805,okx,ACT/USDT:USDT,0.0459,2663.0,0.04589,16554.0,0.04591,9605.0,0.04592,17960.0
1753592197105,04:56:37.105,okx,ACT/USDT:USDT,0.0459,2663.0,0.04589,16554.0,0.04591,9605.0,0.04592,17960.0
1753592198505,04:56:38.505,okx,ACT/USDT:USDT,0.0459,2663.0,0.04589,16554.0,0.04591,13619.0,0.04592,17960.0
1753592199005,04:56:39.005,okx,ACT/USDT:USDT,0.0459,2663.0,0.04589,16554.0,0.04591,13619.0,0.04592,17960.0
1753592199405,04:56:39.405,okx,ACT/USDT:USDT,0.0459,11158.0,0.04589,12165.0,0.04591,6767.0,0.04592,9131.0
1753592199505,04:56:39.505,okx,ACT/USDT:USDT,0.0459,13336.0,0.04589,12165.0,0.04591,4589.0,0.04592,10796.0
1753592199905,04:56:39.905,okx,ACT/USDT:USDT,0.0459,11732.0,0.04589,12165.0,0.04591,4589.0,0.04592,10796.0
1753592200605,04:56:40.605,okx,ACT/USDT:USDT,0.0459,9554.0,0.04589,12165.0,0.04591,2753.0,0.04592,10796.0
1753592200705,04:56:40.705,okx,ACT/USDT:USDT,0.0459,9554.0,0.04589,12165.0,0.04591,2753.0,0.04592,10796.0
1753592202905,04:56:42.905,okx,ACT/USDT:USDT,0.0459,9554.0,0.04589,12165.0,0.04591,2753.0,0.04592,10796.0
1753592203305,04:56:43.305,okx,ACT/USDT:USDT,0.0459,11158.0,0.04589,12165.0,0.04591,2753.0,0.04592,10796.0
1753592204005,04:56:44.005,okx,ACT/USDT:USDT,0.0459,13336.0,0.04589,12165.0,0.04591,2753.0,0.04592,10796.0
1753592204205,04:56:44.205,okx,ACT/USDT:USDT,0.0459,13336.0,0.04589,12165.0,0.04591,2754.0,0.04592,10796.0
1753592204505,04:56:44.505,okx,ACT/USDT:USDT,0.0459,13336.0,0.04589,12165.0,0.04591,2754.0,0.04592,10796.0
1753592205305,04:56:45.305,okx,ACT/USDT:USDT,0.04591,13219.0,0.0459,14297.0,0.04592,9132.0,0.04593,14638.0
1753592205905,04:56:45.905,okx,ACT/USDT:USDT,0.04593,5255.0,0.04592,23906.0,0.04594,15286.0,0.04595,18429.0
1753592206005,04:56:46.005,okx,ACT/USDT:USDT,0.04593,5257.0,0.04592,13150.0,0.04594,13112.0,0.04595,5873.0
1753592206605,04:56:46.605,okx,ACT/USDT:USDT,0.04593,3581.0,0.04592,17599.0,0.04594,8416.0,0.04595,9725.0
1753592206905,04:56:46.905,okx,ACT/USDT:USDT,0.04593,2612.0,0.04592,17599.0,0.04594,8416.0,0.04595,9725.0
1753592207005,04:56:47.005,okx,ACT/USDT:USDT,0.04593,3581.0,0.04592,17599.0,0.04594,8416.0,0.04595,9725.0
1753592207405,04:56:47.405,okx,ACT/USDT:USDT,0.04593,8831.0,0.04592,17599.0,0.04594,8416.0,0.04595,10690.0
1753592208205,04:56:48.205,okx,ACT/USDT:USDT,0.04593,8831.0,0.04592,17599.0,0.04594,8416.0,0.04595,8514.0
1753592208405,04:56:48.405,okx,ACT/USDT:USDT,0.04593,8831.0,0.04592,17599.0,0.04594,8416.0,0.04595,8514.0
1753592210105,04:56:50.105,okx,ACT/USDT:USDT,0.04593,5283.0,0.04592,22669.0,0.04594,6581.0,0.04595,5869.0
1753592210405,04:56:50.405,okx,ACT/USDT:USDT,0.04593,5285.0,0.04592,22669.0,0.04594,6581.0,0.04595,5869.0
1753592210505,04:56:50.505,okx,ACT/USDT:USDT,0.04593,3621.0,0.04592,22669.0,0.04594,6581.0,0.04595,5869.0
1753592210605,04:56:50.605,okx,ACT/USDT:USDT,0.04593,3621.0,0.04592,22669.0,0.04594,6581.0,0.04595,7545.0
1753592210805,04:56:50.805,okx,ACT/USDT:USDT,0.04593,5297.0,0.04592,22669.0,0.04594,6581.0,0.04595,5869.0
1753592211405,04:56:51.405,okx,ACT/USDT:USDT,0.04593,5297.0,0.04592,22669.0,0.04594,4405.0,0.04595,5869.0
1753592211505,04:56:51.505,okx,ACT/USDT:USDT,0.04593,3621.0,0.04592,22669.0,0.04594,4405.0,0.04595,7545.0
1753592211905,04:56:51.905,okx,ACT/USDT:USDT,0.04593,5297.0,0.04592,22669.0,0.04594,4405.0,0.04595,5869.0
1753592212805,04:56:52.805,okx,ACT/USDT:USDT,0.04593,5297.0,0.04592,22669.0,0.04594,4405.0,0.04595,5869.0
1753592213605,04:56:53.605,okx,ACT/USDT:USDT,0.04593,2652.0,0.04592,22669.0,0.04594,4405.0,0.04595,5869.0
1753592213705,04:56:53.705,okx,ACT/USDT:USDT,0.04593,4328.0,0.04592,22669.0,0.04594,4405.0,0.04595,5869.0
1753592213805,04:56:53.805,okx,ACT/USDT:USDT,0.04593,5297.0,0.04592,22669.0,0.04594,4405.0,0.04595,5869.0
1753592214105,04:56:54.105,okx,ACT/USDT:USDT,0.04593,3611.0,0.04592,22669.0,0.04594,4405.0,0.04595,7545.0
1753592214205,04:56:54.205,okx,ACT/USDT:USDT,0.04593,2642.0,0.04592,22669.0,0.04594,6581.0,0.04595,7517.0
1753592214305,04:56:54.305,okx,ACT/USDT:USDT,0.04593,2642.0,0.04592,20993.0,0.04594,6581.0,0.04595,8486.0
1753592214405,04:56:54.405,okx,ACT/USDT:USDT,0.04593,2642.0,0.04592,20993.0,0.04594,6581.0,0.04595,8486.0
1753592214505,04:56:54.505,okx,ACT/USDT:USDT,0.04593,2642.0,0.04592,22641.0,0.04594,6581.0,0.04595,8486.0
1753592214705,04:56:54.705,okx,ACT/USDT:USDT,0.04593,2642.0,0.04592,22641.0,0.04594,6581.0,0.04595,8486.0
1753592214905,04:56:54.905,okx,ACT/USDT:USDT,0.04593,2642.0,0.04592,22641.0,0.04594,6581.0,0.04595,17190.0
1753592215205,04:56:55.205,okx,ACT/USDT:USDT,0.04593,2642.0,0.04592,22641.0,0.04594,8416.0,0.04595,17190.0
1753592215405,04:56:55.405,okx,ACT/USDT:USDT,0.04593,2642.0,0.04592,22641.0,0.04594,8416.0,0.04595,19366.0
1753592215505,04:56:55.505,okx,ACT/USDT:USDT,0.04593,2642.0,0.04592,22641.0,0.04594,8416.0,0.04595,19366.0
1753592215705,04:56:55.705,okx,ACT/USDT:USDT,0.04592,7016.0,0.04591,17985.0,0.04593,9430.0,0.04594,19180.0
1753592215805,04:56:55.805,okx,ACT/USDT:USDT,0.04592,2663.0,0.04591,17985.0,0.04593,11738.0,0.04594,10472.0
1753592215905,04:56:55.905,okx,ACT/USDT:USDT,0.04592,2663.0,0.04591,20577.0,0.04593,9430.0,0.04594,10472.0
1753592216205,04:56:56.205,okx,ACT/USDT:USDT,0.04592,2663.0,0.04591,20577.0,0.04593,9430.0,0.04594,10756.0
1753592216905,04:56:56.905,okx,ACT/USDT:USDT,0.04592,2663.0,0.04591,20577.0,0.04593,9434.0,0.04594,10753.0
1753592217205,04:56:57.205,okx,ACT/USDT:USDT,0.04592,2663.0,0.04591,12181.0,0.04593,13758.0,0.04594,28354.0
1753592217505,04:56:57.505,okx,ACT/USDT:USDT,0.04592,2663.0,0.04591,13804.0,0.04593,12419.0,0.04594,19646.0
1753592217605,04:56:57.605,okx,ACT/USDT:USDT,0.04592,2663.0,0.04591,12181.0,0.04593,13758.0,0.04594,19646.0
1753592218305,04:56:58.305,okx,ACT/USDT:USDT,0.04592,2663.0,0.04591,16536.0,0.04593,11742.0,0.04594,21823.0
1753592218405,04:56:58.405,okx,ACT/USDT:USDT,0.04592,2663.0,0.04591,19128.0,0.04593,9433.0,0.04594,10938.0
1753592218605,04:56:58.605,okx,ACT/USDT:USDT,0.04592,2663.0,0.04591,19128.0,0.04593,9433.0,0.04594,12863.0
1753592219105,04:56:59.105,okx,ACT/USDT:USDT,0.04592,2663.0,0.04591,16536.0,0.04593,11741.0,0.04594,19394.0
1753592219405,04:56:59.405,okx,ACT/USDT:USDT,0.04592,2663.0,0.04591,16536.0,0.04593,12161.0,0.04594,21823.0
1753592220105,04:57:00.105,okx,ACT/USDT:USDT,0.04592,4357.0,0.04591,18312.0,0.04593,13728.0,0.04594,32708.0
1753592220405,04:57:00.405,okx,ACT/USDT:USDT,0.04592,4364.0,0.04591,18312.0,0.04593,13728.0,0.04594,34885.0
1753592220605,04:57:00.605,okx,ACT/USDT:USDT,0.04591,6159.0,0.0459,17592.0,0.04592,6673.0,0.04593,11892.0
1753592220905,04:57:00.905,okx,ACT/USDT:USDT,0.04592,2663.0,0.04591,12595.0,0.04593,10652.0,0.04594,25651.0
1753592221505,04:57:01.505,okx,ACT/USDT:USDT,0.04592,2663.0,0.04591,13564.0,0.04593,10652.0,0.04594,25651.0
1753592221705,04:57:01.705,okx,ACT/USDT:USDT,0.04592,2663.0,0.04591,13564.0,0.04593,10652.0,0.04594,25651.0
1753592221905,04:57:01.905,okx,ACT/USDT:USDT,0.04592,2663.0,0.04591,12595.0,0.04593,13191.0,0.04594,27828.0
1753592222105,04:57:02.105,okx,ACT/USDT:USDT,0.04591,12592.0,0.0459,17592.0,0.04592,2661.0,0.04593,13191.0
1753592222205,04:57:02.205,okx,ACT/USDT:USDT,0.04591,3500.0,0.0459,11310.0,0.04592,7238.0,0.04593,22306.0
1753592222705,04:57:02.705,okx,ACT/USDT:USDT,0.04591,3498.0,0.0459,11310.0,0.04592,8251.0,0.04593,33191.0
1753592222905,04:57:02.905,okx,ACT/USDT:USDT,0.04589,6161.0,0.04588,16066.0,0.0459,5202.0,0.04591,12707.0
1753592223005,04:57:03.005,okx,ACT/USDT:USDT,0.04589,6161.0,0.04588,16066.0,0.0459,5202.0,0.04591,10529.0
1753592223105,04:57:03.105,okx,ACT/USDT:USDT,0.04589,6161.0,0.04588,16066.0,0.0459,5202.0,0.04591,14887.0
1753592223305,04:57:03.305,okx,ACT/USDT:USDT,0.04588,5875.0,0.04587,30644.0,0.04589,5202.0,0.0459,17100.0
1753592223605,04:57:03.605,okx,ACT/USDT:USDT,0.04588,5877.0,0.04587,25020.0,0.04589,5202.0,0.0459,10564.0
1753592223705,04:57:03.705,okx,ACT/USDT:USDT,0.04588,5877.0,0.04587,25020.0,0.04589,3630.0,0.0459,10566.0
1753592224005,04:57:04.005,okx,ACT/USDT:USDT,0.04589,2663.0,0.04588,16894.0,0.0459,8026.0,0.04591,27720.0
1753592224105,04:57:04.105,okx,ACT/USDT:USDT,0.04589,2663.0,0.04588,14023.0,0.0459,8028.0,0.04591,27720.0
1753592224605,04:57:04.605,okx,ACT/USDT:USDT,0.04588,5877.0,0.04587,30645.0,0.04589,2663.0,0.0459,10566.0
1753592224805,04:57:04.805,okx,ACT/USDT:USDT,0.04588,5877.0,0.04587,30645.0,0.04589,2663.0,0.0459,8996.0
1753592225105,04:57:05.105,okx,ACT/USDT:USDT,0.04588,14024.0,0.04587,32503.0,0.0459,8026.0,0.04591,18039.0
1753592225205,04:57:05.205,okx,ACT/USDT:USDT,0.04589,2663.0,0.04588,14023.0,0.0459,8026.0,0.04591,19008.0
1753592225305,04:57:05.305,okx,ACT/USDT:USDT,0.04589,2663.0,0.04588,14023.0,0.0459,8028.0,0.04591,19008.0
1753592225505,04:57:05.505,okx,ACT/USDT:USDT,0.04589,2670.0,0.04588,14023.0,0.0459,8047.0,0.04591,19008.0
1753592226005,04:57:06.005,okx,ACT/USDT:USDT,0.04589,2670.0,0.04588,14023.0,0.0459,6152.0,0.04591,19008.0
1753592226205,04:57:06.205,okx,ACT/USDT:USDT,0.04589,2670.0,0.04588,14023.0,0.0459,6152.0,0.04591,20902.0
1753592226405,04:57:06.405,okx,ACT/USDT:USDT,0.04589,2670.0,0.04588,14992.0,0.0459,6152.0,0.04591,18724.0
1753592226505,04:57:06.505,okx,ACT/USDT:USDT,0.04589,2669.0,0.04588,14992.0,0.0459,6152.0,0.04591,18724.0
1753592227105,04:57:07.105,okx,ACT/USDT:USDT,0.04589,2669.0,0.04588,16850.0,0.0459,6152.0,0.04591,16866.0
1753592227205,04:57:07.205,okx,ACT/USDT:USDT,0.04589,2669.0,0.04588,16850.0,0.0459,6152.0,0.04591,18724.0
1753592227605,04:57:07.605,okx,ACT/USDT:USDT,0.04589,2669.0,0.04588,14023.0,0.0459,6152.0,0.04591,18724.0
1753592228605,04:57:08.605,okx,ACT/USDT:USDT,0.04589,8.0,0.04588,19165.0,0.0459,8178.0,0.04591,16830.0
1753592228805,04:57:08.805,okx,ACT/USDT:USDT,0.04589,2669.0,0.04588,19165.0,0.0459,8178.0,0.04591,16830.0
1753592229505,04:57:09.505,okx,ACT/USDT:USDT,0.04589,8.0,0.04588,19165.0,0.0459,8178.0,0.04591,16830.0
1753592230505,04:57:10.505,okx,ACT/USDT:USDT,0.04589,2669.0,0.04588,21992.0,0.0459,8178.0,0.04591,14003.0
1753592230805,04:57:10.805,okx,ACT/USDT:USDT,0.04589,2669.0,0.04588,21992.0,0.0459,6156.0,0.04591,14003.0
1753592230905,04:57:10.905,okx,ACT/USDT:USDT,0.04589,2669.0,0.04588,21992.0,0.0459,6156.0,0.04591,18606.0
1753592231005,04:57:11.005,okx,ACT/USDT:USDT,0.04589,2669.0,0.04588,21992.0,0.0459,6156.0,0.04591,18606.0
1753592231205,04:57:11.205,okx,ACT/USDT:USDT,0.04589,2669.0,0.04588,21992.0,0.0459,6156.0,0.04591,18606.0
1753592231305,04:57:11.305,okx,ACT/USDT:USDT,0.04589,2669.0,0.04588,21992.0,0.0459,6156.0,0.04591,18606.0
1753592231705,04:57:11.705,okx,ACT/USDT:USDT,0.04589,2678.0,0.04588,21992.0,0.0459,6156.0,0.04591,18606.0
1753592232505,04:57:12.505,okx,ACT/USDT:USDT,0.04589,17.0,0.04588,19165.0,0.0459,7846.0,0.04591,16830.0
1753592232605,04:57:12.605,okx,ACT/USDT:USDT,0.04589,17.0,0.04588,19165.0,0.0459,7846.0,0.04591,16830.0
1753592232705,04:57:12.705,okx,ACT/USDT:USDT,0.04589,17.0,0.04588,21992.0,0.0459,7846.0,0.04591,16830.0
1753592232905,04:57:12.905,okx,ACT/USDT:USDT,0.04589,17.0,0.04588,21992.0,0.0459,7846.0,0.04591,16830.0
1753592233005,04:57:13.005,okx,ACT/USDT:USDT,0.04589,17.0,0.04588,19165.0,0.0459,7846.0,0.04591,16830.0
1753592233205,04:57:13.205,okx,ACT/USDT:USDT,0.04589,17.0,0.04588,19165.0,0.0459,7846.0,0.04591,16830.0
1753592233705,04:57:13.705,okx,ACT/USDT:USDT,0.04589,17.0,0.04588,14023.0,0.0459,10385.0,0.04591,38610.0
1753592233805,04:57:13.805,okx,ACT/USDT:USDT,0.04588,3500.0,0.04587,30499.0,0.04589,3613.0,0.0459,25637.0
1753592233905,04:57:13.905,okx,ACT/USDT:USDT,0.04588,3500.0,0.04587,30499.0,0.04589,3615.0,0.0459,10384.0
1753592234005,04:57:14.005,okx,ACT/USDT:USDT,0.04588,3500.0,0.04587,30499.0,0.04589,2646.0,0.0459,10384.0
1753592234205,04:57:14.205,okx,ACT/USDT:USDT,0.04588,6117.0,0.04587,33292.0,0.04589,2646.0,0.0459,10638.0
1753592234305,04:57:14.305,okx,ACT/USDT:USDT,0.04588,6117.0,0.04587,31468.0,0.04589,2646.0,0.0459,10638.0
1753592234405,04:57:14.405,okx,ACT/USDT:USDT,0.04588,6117.0,0.04587,33292.0,0.04589,2646.0,0.0459,10638.0
1753592234805,04:57:14.805,okx,ACT/USDT:USDT,0.04588,14389.0,0.04587,29992.0,0.04589,2646.0,0.0459,7845.0
1753592235505,04:57:15.505,okx,ACT/USDT:USDT,0.04588,11596.0,0.04587,29992.0,0.04589,2646.0,0.0459,7845.0
1753592237605,04:57:17.605,okx,ACT/USDT:USDT,0.04588,12423.0,0.04587,29992.0,0.04589,2646.0,0.0459,7845.0
1753592240005,04:57:20.005,okx,ACT/USDT:USDT,0.04588,13390.0,0.04587,29992.0,0.04589,2647.0,0.0459,7845.0
1753592240405,04:57:20.405,okx,ACT/USDT:USDT,0.04588,15216.0,0.04587,29992.0,0.04589,2653.0,0.0459,7841.0
1753592240605,04:57:20.605,okx,ACT/USDT:USDT,0.04588,15216.0,0.04587,29992.0,0.04589,2653.0,0.0459,7841.0
1753592240805,04:57:20.805,okx,ACT/USDT:USDT,0.04588,13392.0,0.04587,29992.0,0.04589,2653.0,0.0459,7841.0
1753592240905,04:57:20.905,okx,ACT/USDT:USDT,0.04588,15214.0,0.04587,29992.0,0.04589,2653.0,0.0459,7841.0
1753592241005,04:57:21.005,okx,ACT/USDT:USDT,0.04588,15216.0,0.04587,29992.0,0.04589,2653.0,0.0459,7841.0
